symbol,timestamp,datetime,side,price,amount,btc_volume
ADX/BTC,1561309495124,2019-06-23T17:04:55.124Z,buy,1.348e-05,81.0,0.00109188
ADX/BTC,1561309495124,2019-06-23T17:04:55.124Z,buy,1.349e-05,318.0,0.00428982
ADX/BTC,1561309495124,2019-06-23T17:04:55.124Z,buy,1.35e-05,391.0,0.0052785
ADX/BTC,1561309620547,2019-06-23T17:07:00.547Z,buy,1.35e-05,872.0,0.011772
ADX/BTC,1561309704876,2019-06-23T17:08:24.876Z,buy,1.35e-05,826.0,0.011151
ADX/BTC,1561309861184,2019-06-23T17:11:01.184Z,buy,1.35e-05,1106.0,0.014931
ADX/BTC,1561309878288,2019-06-23T17:11:18.288Z,sell,1.349e-05,165.0,0.00222585
ADX/BTC,1561309878288,2019-06-23T17:11:18.288Z,sell,1.345e-05,474.0,0.0063753
ADX/BTC,1561309891486,2019-06-23T17:11:31.486Z,buy,1.349e-05,123.0,0.00165927
ADX/BTC,1561310052456,2019-06-23T17:14:12.456Z,sell,1.349e-05,75.0,0.00101175
ADX/BTC,1561310102477,2019-06-23T17:15:02.477Z,buy,1.349e-05,3460.0,0.0466754
ADX/BTC,1561310104519,2019-06-23T17:15:04.519Z,buy,1.349e-05,3404.0,0.0459199599999999
ADX/BTC,1561310112449,2019-06-23T17:15:12.449Z,sell,1.345e-05,5284.0,0.0710698
ADX/BTC,1561310234481,2019-06-23T17:17:14.481Z,buy,1.348e-05,1744.0,0.0235091199999999
ADX/BTC,1561310234819,2019-06-23T17:17:14.819Z,buy,1.348e-05,717.0,0.0096651599999999
ADX/BTC,1561310236331,2019-06-23T17:17:16.331Z,buy,1.348e-05,188.0,0.00253424
ADX/BTC,1561310237978,2019-06-23T17:17:17.978Z,buy,1.348e-05,380.0,0.0051224
ADX/BTC,1561310239225,2019-06-23T17:17:19.225Z,buy,1.348e-05,445.0,0.0059986
ADX/BTC,1561310239382,2019-06-23T17:17:19.382Z,buy,1.348e-05,135.0,0.0018197999999999
ADX/BTC,1561310239914,2019-06-23T17:17:19.914Z,buy,1.348e-05,602.0,0.00811496
ADX/BTC,1561310242625,2019-06-23T17:17:22.625Z,buy,1.348e-05,390.0,0.0052572
ADX/BTC,1561310242682,2019-06-23T17:17:22.682Z,buy,1.348e-05,511.0,0.00688828
ADX/BTC,1561310242875,2019-06-23T17:17:22.875Z,buy,1.348e-05,174.0,0.00234552
ADX/BTC,1561310243162,2019-06-23T17:17:23.162Z,buy,1.348e-05,225.0,0.003033
ADX/BTC,1561310244161,2019-06-23T17:17:24.161Z,buy,1.348e-05,937.0,0.01263076
ADX/BTC,1561310397797,2019-06-23T17:19:57.797Z,sell,1.346e-05,2389.0,0.03215594
ADX/BTC,1561310397797,2019-06-23T17:19:57.797Z,sell,1.345e-05,611.0,0.00821795
ADX/BTC,1561310513973,2019-06-23T17:21:53.973Z,sell,1.35e-05,425.0,0.0057374999999999
ADX/BTC,1561310556517,2019-06-23T17:22:36.517Z,sell,1.344e-05,3160.0,0.0424704
ADX/BTC,1561310556750,2019-06-23T17:22:36.750Z,buy,1.344e-05,1196.0,0.01607424
ADX/BTC,1561310557572,2019-06-23T17:22:37.572Z,buy,1.344e-05,6551.0,0.08804544
ADX/BTC,1561310590032,2019-06-23T17:23:10.032Z,buy,1.349e-05,438.0,0.00590862
ADX/BTC,1561310590037,2019-06-23T17:23:10.037Z,buy,1.349e-05,2.0,2.698e-05
ADX/BTC,1561310590040,2019-06-23T17:23:10.040Z,buy,1.35e-05,1949.0,0.0263114999999999
ADX/BTC,1561310590040,2019-06-23T17:23:10.040Z,buy,1.354e-05,2121.0,0.02871834
ADX/BTC,1561310590040,2019-06-23T17:23:10.040Z,buy,1.356e-05,440.0,0.0059664
ADX/BTC,1561310590072,2019-06-23T17:23:10.072Z,buy,1.356e-05,374.0,0.00507144
ADX/BTC,1561310590095,2019-06-23T17:23:10.095Z,buy,1.356e-05,1488.0,0.02017728
ADX/BTC,1561310590160,2019-06-23T17:23:10.160Z,buy,1.356e-05,1228.0,0.01665168
ADX/BTC,1561310590948,2019-06-23T17:23:10.948Z,buy,1.356e-05,1481.0,0.02008236
ADX/BTC,1561310591519,2019-06-23T17:23:11.519Z,buy,1.356e-05,343.0,0.00465108
ADX/BTC,1561310592106,2019-06-23T17:23:12.106Z,buy,1.355e-05,643.0,0.00871265
ADX/BTC,1561310592110,2019-06-23T17:23:12.110Z,buy,1.355e-05,1.0,1.355e-05
ADX/BTC,1561310593632,2019-06-23T17:23:13.632Z,buy,1.356e-05,343.0,0.00465108
ADX/BTC,1561310598499,2019-06-23T17:23:18.499Z,buy,1.355e-05,96.0,0.0013008
ADX/BTC,1561310600722,2019-06-23T17:23:20.722Z,buy,1.357e-05,1059.0,0.01437063
ADX/BTC,1561310621509,2019-06-23T17:23:41.509Z,sell,1.357e-05,1819.0,0.02468383
ADX/BTC,1561310622148,2019-06-23T17:23:42.148Z,buy,1.359e-05,437.0,0.00593883
ADX/BTC,1561310622148,2019-06-23T17:23:42.148Z,buy,1.36e-05,16.0,0.0002176
ADX/BTC,1561310635639,2019-06-23T17:23:55.639Z,buy,1.36e-05,230.0,0.003128
ADX/BTC,1561310635639,2019-06-23T17:23:55.639Z,buy,1.363e-05,444.0,0.00605172
ADX/BTC,1561310639050,2019-06-23T17:23:59.050Z,sell,1.358e-05,436.0,0.00592088
ADX/BTC,1561310639050,2019-06-23T17:23:59.050Z,sell,1.357e-05,667.0,0.00905119
ADX/BTC,1561310643831,2019-06-23T17:24:03.831Z,sell,1.36e-05,105.0,0.001428
ADX/BTC,1561310644528,2019-06-23T17:24:04.528Z,buy,1.359e-05,110.0,0.0014949
ADX/BTC,1561310650506,2019-06-23T17:24:10.506Z,sell,1.357e-05,1819.0,0.02468383
ADX/BTC,1561310651349,2019-06-23T17:24:11.349Z,buy,1.359e-05,326.0,0.00443034
ADX/BTC,1561310651349,2019-06-23T17:24:11.349Z,buy,1.36e-05,649.0,0.0088264
ADX/BTC,1561310656516,2019-06-23T17:24:16.516Z,sell,1.356e-05,436.0,0.00591216
ADX/BTC,1561310690506,2019-06-23T17:24:50.506Z,sell,1.356e-05,2443.0,0.03312708
ADX/BTC,1561310759281,2019-06-23T17:25:59.281Z,sell,1.354e-05,107.0,0.00144878
ADX/BTC,1561310784170,2019-06-23T17:26:24.170Z,sell,1.354e-05,1814.0,0.02456156
ADX/BTC,1561310912105,2019-06-23T17:28:32.105Z,sell,1.355e-05,1108.0,0.0150134
ADX/BTC,1561311095799,2019-06-23T17:31:35.799Z,sell,1.356e-05,111.0,0.00150516
ADX/BTC,1561311192162,2019-06-23T17:33:12.162Z,sell,1.357e-05,1107.0,0.01502199
ADX/BTC,1561311194088,2019-06-23T17:33:14.088Z,sell,1.357e-05,498.0,0.00675786
ADX/BTC,1561311194088,2019-06-23T17:33:14.088Z,sell,1.356e-05,240.0,0.0032544
ADX/BTC,1561311236164,2019-06-23T17:33:56.164Z,sell,1.357e-05,737.0,0.01000109
ADX/BTC,1561311252855,2019-06-23T17:34:12.855Z,sell,1.357e-05,590.0,0.0080063
ADX/BTC,1561311254440,2019-06-23T17:34:14.440Z,sell,1.357e-05,1194.0,0.01620258
ADX/BTC,1561311255404,2019-06-23T17:34:15.404Z,sell,1.357e-05,1194.0,0.01620258
ADX/BTC,1561311300612,2019-06-23T17:35:00.612Z,sell,1.357e-05,75.0,0.00101775
ADX/BTC,1561311323409,2019-06-23T17:35:23.409Z,sell,1.357e-05,8090.0,0.1097813
ADX/BTC,1561311328751,2019-06-23T17:35:28.751Z,buy,1.357e-05,738.0,0.01001466
ADX/BTC,1561311365340,2019-06-23T17:36:05.340Z,buy,1.356e-05,436.0,0.00591216
ADX/BTC,1561311561656,2019-06-23T17:39:21.656Z,buy,1.357e-05,891.0,0.01209087
ADX/BTC,1561311902082,2019-06-23T17:45:02.082Z,buy,1.36e-05,74.0,0.0010064
ADX/BTC,1561312008688,2019-06-23T17:46:48.688Z,buy,1.36e-05,368.0,0.0050048
ADX/BTC,1561312008688,2019-06-23T17:46:48.688Z,buy,1.365e-05,95.0,0.00129675
ADX/BTC,1561312008688,2019-06-23T17:46:48.688Z,buy,1.368e-05,9644.0,0.13192992
ADX/BTC,1561312225791,2019-06-23T17:50:25.791Z,buy,1.361e-05,105.0,0.00142905
ADX/BTC,1561312342031,2019-06-23T17:52:22.031Z,buy,1.353e-05,481.0,0.0065079299999999
ADX/BTC,1561312534847,2019-06-23T17:55:34.847Z,buy,1.355e-05,105.0,0.00142275
ADX/BTC,1561312534847,2019-06-23T17:55:34.847Z,buy,1.355e-05,105.0,0.00142275
ADX/BTC,1561312882668,2019-06-23T18:01:22.668Z,sell,1.359e-05,107.0,0.00145413
ADX/BTC,1561313114542,2019-06-23T18:05:14.542Z,buy,1.357e-05,4173.0,0.05662761
ADX/BTC,1561313114542,2019-06-23T18:05:14.542Z,buy,1.358e-05,2507.0,0.03404506
ADX/BTC,1561313114676,2019-06-23T18:05:14.676Z,sell,1.359e-05,782.0,0.01062738
ADX/BTC,1561313115145,2019-06-23T18:05:15.145Z,sell,1.359e-05,1500.0,0.020385
ADX/BTC,1561313115592,2019-06-23T18:05:15.592Z,sell,1.359e-05,1500.0,0.020385
ADX/BTC,1561313119685,2019-06-23T18:05:19.685Z,sell,1.359e-05,735.0,0.00998865
ADX/BTC,1561313228524,2019-06-23T18:07:08.524Z,sell,1.359e-05,74.0,0.00100566
ADX/BTC,1561313507043,2019-06-23T18:11:47.043Z,sell,1.359e-05,294.0,0.00399546
ADX/BTC,1561313777740,2019-06-23T18:16:17.740Z,sell,1.359e-05,1019.0,0.01384821
ADX/BTC,1561313962431,2019-06-23T18:19:22.431Z,sell,1.359e-05,1685.0,0.02289915
ADX/BTC,1561314085708,2019-06-23T18:21:25.708Z,sell,1.359e-05,118.0,0.00160362
ADX/BTC,1561314156368,2019-06-23T18:22:36.368Z,sell,1.359e-05,1997.0,0.02713923
ADX/BTC,1561314781497,2019-06-23T18:33:01.497Z,sell,1.35e-05,289.0,0.0039015
ADX/BTC,1561314965165,2019-06-23T18:36:05.165Z,sell,1.35e-05,81.0,0.0010934999999999
ADX/BTC,1561315075591,2019-06-23T18:37:55.591Z,sell,1.346e-05,97.0,0.00130562
ADX/BTC,1561315081374,2019-06-23T18:38:01.374Z,sell,1.345e-05,251.0,0.00337595
ADX/BTC,1561315083440,2019-06-23T18:38:03.440Z,buy,1.348e-05,251.0,0.00338348
ADX/BTC,1561315184250,2019-06-23T18:39:44.250Z,buy,1.347e-05,75.0,0.00101025
ADX/BTC,1561315219498,2019-06-23T18:40:19.498Z,sell,1.344e-05,2000.0,0.02688
ADX/BTC,1561315219498,2019-06-23T18:40:19.498Z,sell,1.341e-05,436.0,0.00584676
ADX/BTC,1561315219498,2019-06-23T18:40:19.498Z,sell,1.34e-05,4893.0,0.0655662
ADX/BTC,1561315219498,2019-06-23T18:40:19.498Z,sell,1.339e-05,4323.0,0.05788497
ADX/BTC,1561315219498,2019-06-23T18:40:19.498Z,sell,1.338e-05,18000.0,0.24084
ADX/BTC,1561315219518,2019-06-23T18:40:19.518Z,buy,1.338e-05,5461.0,0.07306818
ADX/BTC,1561315219574,2019-06-23T18:40:19.574Z,buy,1.346e-05,1017.0,0.0136888199999999
ADX/BTC,1561315219668,2019-06-23T18:40:19.668Z,sell,1.339e-05,386.0,0.00516854
ADX/BTC,1561315221201,2019-06-23T18:40:21.201Z,sell,1.338e-05,2680.0,0.0358584
ADX/BTC,1561315221201,2019-06-23T18:40:21.201Z,sell,1.337e-05,104.0,0.00139048
ADX/BTC,1561315221201,2019-06-23T18:40:21.201Z,sell,1.336e-05,1016.0,0.01357376
ADX/BTC,1561315250525,2019-06-23T18:40:50.525Z,buy,1.34e-05,181.0,0.0024254
ADX/BTC,1561315266061,2019-06-23T18:41:06.061Z,sell,1.34e-05,75.0,0.001005
ADX/BTC,1561315284497,2019-06-23T18:41:24.497Z,buy,1.339e-05,361.0,0.00483379
ADX/BTC,1561315284497,2019-06-23T18:41:24.497Z,buy,1.34e-05,529.0,0.0070886
ADX/BTC,1561315284875,2019-06-23T18:41:24.875Z,buy,1.34e-05,275.0,0.003685
ADX/BTC,1561315297628,2019-06-23T18:41:37.628Z,buy,1.34e-05,750.0,0.01005
ADX/BTC,1561315301811,2019-06-23T18:41:41.811Z,buy,1.34e-05,152.0,0.0020368
ADX/BTC,1561315310223,2019-06-23T18:41:50.223Z,buy,1.34e-05,1161.0,0.0155574
ADX/BTC,1561315312491,2019-06-23T18:41:52.491Z,buy,1.34e-05,349.0,0.0046766
ADX/BTC,1561315334479,2019-06-23T18:42:14.479Z,buy,1.339e-05,118.0,0.00158002
ADX/BTC,1561315345862,2019-06-23T18:42:25.862Z,buy,1.339e-05,173.0,0.00231647
ADX/BTC,1561315437918,2019-06-23T18:43:57.918Z,sell,1.336e-05,353.0,0.00471608
ADX/BTC,1561315449411,2019-06-23T18:44:09.411Z,sell,1.336e-05,349.0,0.00466264
ADX/BTC,1561315549107,2019-06-23T18:45:49.107Z,sell,1.336e-05,389.0,0.00519704
ADX/BTC,1561315576270,2019-06-23T18:46:16.270Z,buy,1.336e-05,76.0,0.00101536
ADX/BTC,1561315669892,2019-06-23T18:47:49.892Z,buy,1.336e-05,714.0,0.00953904
ADX/BTC,1561315687789,2019-06-23T18:48:07.789Z,sell,1.335e-05,399.0,0.00532665
ADX/BTC,1561315688505,2019-06-23T18:48:08.505Z,buy,1.335e-05,721.0,0.00962535
ADX/BTC,1561315689341,2019-06-23T18:48:09.341Z,buy,1.335e-05,811.0,0.0108268499999999
ADX/BTC,1561315689592,2019-06-23T18:48:09.592Z,buy,1.335e-05,783.0,0.01045305
ADX/BTC,1561315690093,2019-06-23T18:48:10.093Z,buy,1.335e-05,200.0,0.0026699999999999
ADX/BTC,1561315690100,2019-06-23T18:48:10.100Z,buy,1.335e-05,122.0,0.0016286999999999
ADX/BTC,1561315690100,2019-06-23T18:48:10.100Z,buy,1.336e-05,78.0,0.00104208
ADX/BTC,1561315690555,2019-06-23T18:48:10.555Z,buy,1.336e-05,208.0,0.00277888
ADX/BTC,1561315690604,2019-06-23T18:48:10.604Z,buy,1.336e-05,228.0,0.00304608
ADX/BTC,1561315711234,2019-06-23T18:48:31.234Z,sell,1.335e-05,362.0,0.0048327
ADX/BTC,1561315712379,2019-06-23T18:48:32.379Z,buy,1.335e-05,143.0,0.0019090499999999
ADX/BTC,1561315772957,2019-06-23T18:49:32.957Z,buy,1.336e-05,2600.0,0.034736
ADX/BTC,1561315773423,2019-06-23T18:49:33.423Z,buy,1.336e-05,291.0,0.00388776
ADX/BTC,1561315862472,2019-06-23T18:51:02.472Z,buy,1.336e-05,112.0,0.00149632
ADX/BTC,1561315862472,2019-06-23T18:51:02.472Z,buy,1.336e-05,112.0,0.00149632
ADX/BTC,1561316135884,2019-06-23T18:55:35.884Z,buy,1.336e-05,241.0,0.00321976
ADX/BTC,1561316135884,2019-06-23T18:55:35.884Z,buy,1.338e-05,507.0,0.00678366
ADX/BTC,1561316135893,2019-06-23T18:55:35.893Z,buy,1.338e-05,598.0,0.00800124
ADX/BTC,1561316136366,2019-06-23T18:55:36.366Z,buy,1.338e-05,148.0,0.00198024
ADX/BTC,1561316148053,2019-06-23T18:55:48.053Z,buy,1.338e-05,748.0,0.01000824
ADX/BTC,1561316253343,2019-06-23T18:57:33.343Z,sell,1.335e-05,194.0,0.0025899
ADX/BTC,1561316366560,2019-06-23T18:59:26.560Z,sell,1.335e-05,152.0,0.0020292
ADX/BTC,1561316366560,2019-06-23T18:59:26.560Z,sell,1.334e-05,124.0,0.00165416
ADX/BTC,1561316367761,2019-06-23T18:59:27.761Z,buy,1.337e-05,200.0,0.002674
ADX/BTC,1561316367860,2019-06-23T18:59:27.860Z,sell,1.334e-05,1095.0,0.0146072999999999
ADX/BTC,1561316371816,2019-06-23T18:59:31.816Z,buy,1.334e-05,107.0,0.00142738
ADX/BTC,1561316372207,2019-06-23T18:59:32.207Z,sell,1.334e-05,332.0,0.00442888
ADX/BTC,1561316382253,2019-06-23T18:59:42.253Z,sell,1.333e-05,1506.0,0.02007498
ADX/BTC,1561316388687,2019-06-23T18:59:48.687Z,sell,1.333e-05,224.0,0.00298592
ADX/BTC,1561316390904,2019-06-23T18:59:50.904Z,sell,1.333e-05,1203.0,0.01603599
ADX/BTC,1561316392340,2019-06-23T18:59:52.340Z,sell,1.333e-05,950.0,0.0126635
ADX/BTC,1561316400620,2019-06-23T19:00:00.620Z,buy,1.333e-05,76.0,0.00101308
ADX/BTC,1561316470144,2019-06-23T19:01:10.144Z,buy,1.333e-05,1230.0,0.0163958999999999
ADX/BTC,1561316475058,2019-06-23T19:01:15.058Z,sell,1.333e-05,2918.0,0.03889694
ADX/BTC,1561316490526,2019-06-23T19:01:30.526Z,buy,1.333e-05,4148.0,0.0552928399999999
ADX/BTC,1561316498095,2019-06-23T19:01:38.095Z,sell,1.331e-05,1128.0,0.01501368
ADX/BTC,1561316498095,2019-06-23T19:01:38.095Z,sell,1.331e-05,210.0,0.0027951
ADX/BTC,1561316538087,2019-06-23T19:02:18.087Z,sell,1.331e-05,178.0,0.00236918
ADX/BTC,1561316538087,2019-06-23T19:02:18.087Z,sell,1.328e-05,48.0,0.00063744
ADX/BTC,1561316602959,2019-06-23T19:03:22.959Z,sell,1.328e-05,135.0,0.0017928
ADX/BTC,1561316602959,2019-06-23T19:03:22.959Z,sell,1.327e-05,2439.0,0.03236553
ADX/BTC,1561316646196,2019-06-23T19:04:06.196Z,sell,1.327e-05,127.0,0.00168529
ADX/BTC,1561316647356,2019-06-23T19:04:07.356Z,sell,1.326e-05,104.0,0.00137904
ADX/BTC,1561316647552,2019-06-23T19:04:07.552Z,buy,1.327e-05,198.0,0.00262746
ADX/BTC,1561316647753,2019-06-23T19:04:07.753Z,buy,1.327e-05,114.0,0.00151278
ADX/BTC,1561316658500,2019-06-23T19:04:18.500Z,buy,1.327e-05,164.0,0.00217628
ADX/BTC,1561316672035,2019-06-23T19:04:32.035Z,buy,1.327e-05,145.0,0.00192415
ADX/BTC,1561316691532,2019-06-23T19:04:51.532Z,buy,1.327e-05,163.0,0.00216301
ADX/BTC,1561316752891,2019-06-23T19:05:52.891Z,sell,1.326e-05,432.0,0.00572832
ADX/BTC,1561316752948,2019-06-23T19:05:52.948Z,buy,1.326e-05,135.0,0.0017901
ADX/BTC,1561316760567,2019-06-23T19:06:00.567Z,buy,1.326e-05,76.0,0.00100776
ADX/BTC,1561316867040,2019-06-23T19:07:47.040Z,buy,1.326e-05,188.0,0.00249288
ADX/BTC,1561316895470,2019-06-23T19:08:15.470Z,sell,1.324e-05,1460.0,0.0193304
ADX/BTC,1561316895470,2019-06-23T19:08:15.470Z,sell,1.324e-05,129.0,0.00170796
ADX/BTC,1561316950654,2019-06-23T19:09:10.654Z,sell,1.324e-05,100.0,0.001324
ADX/BTC,1561316952596,2019-06-23T19:09:12.596Z,buy,1.326e-05,188.0,0.00249288
ADX/BTC,1561316958993,2019-06-23T19:09:18.993Z,buy,1.326e-05,754.0,0.00999804
ADX/BTC,1561316985383,2019-06-23T19:09:45.383Z,sell,1.324e-05,185.0,0.0024494
ADX/BTC,1561316991435,2019-06-23T19:09:51.435Z,sell,1.324e-05,693.0,0.00917532
ADX/BTC,1561316991729,2019-06-23T19:09:51.729Z,buy,1.324e-05,200.0,0.002648
ADX/BTC,1561316992584,2019-06-23T19:09:52.584Z,buy,1.324e-05,200.0,0.002648
ADX/BTC,1561317003032,2019-06-23T19:10:03.032Z,buy,1.324e-05,317.0,0.00419708
ADX/BTC,1561317009947,2019-06-23T19:10:09.947Z,buy,1.324e-05,300.0,0.003972
ADX/BTC,1561317032778,2019-06-23T19:10:32.778Z,buy,1.322e-05,1836.0,0.02427192
ADX/BTC,1561317033932,2019-06-23T19:10:33.932Z,buy,1.322e-05,2139.0,0.02827758
ADX/BTC,1561317034853,2019-06-23T19:10:34.853Z,buy,1.322e-05,762.0,0.01007364
ADX/BTC,1561317035820,2019-06-23T19:10:35.820Z,buy,1.322e-05,300.0,0.003966
ADX/BTC,1561317072061,2019-06-23T19:11:12.061Z,sell,1.321e-05,1204.0,0.01590484
ADX/BTC,1561317072061,2019-06-23T19:11:12.061Z,sell,1.32e-05,270.0,0.003564
ADX/BTC,1561317072506,2019-06-23T19:11:12.506Z,sell,1.32e-05,144.0,0.0019008
ADX/BTC,1561317072552,2019-06-23T19:11:12.552Z,sell,1.32e-05,55.0,0.000726
ADX/BTC,1561317072552,2019-06-23T19:11:12.552Z,sell,1.318e-05,89.0,0.0011730199999999
ADX/BTC,1561317072596,2019-06-23T19:11:12.596Z,sell,1.318e-05,864.0,0.01138752
ADX/BTC,1561317091804,2019-06-23T19:11:31.804Z,buy,1.32e-05,200.0,0.00264
ADX/BTC,1561317092474,2019-06-23T19:11:32.474Z,buy,1.32e-05,109.0,0.0014388
ADX/BTC,1561317095862,2019-06-23T19:11:35.862Z,buy,1.322e-05,231.0,0.00305382
ADX/BTC,1561317163546,2019-06-23T19:12:43.546Z,sell,1.318e-05,1858.0,0.0244884399999999
ADX/BTC,1561317198584,2019-06-23T19:13:18.584Z,buy,1.319e-05,3346.0,0.04413374
ADX/BTC,1561317203012,2019-06-23T19:13:23.012Z,buy,1.319e-05,300.0,0.003957
ADX/BTC,1561317206081,2019-06-23T19:13:26.081Z,buy,1.319e-05,1935.0,0.02552265
ADX/BTC,1561317230686,2019-06-23T19:13:50.686Z,sell,1.318e-05,372.0,0.00490296
ADX/BTC,1561317277251,2019-06-23T19:14:37.251Z,sell,1.318e-05,140.0,0.0018452
ADX/BTC,1561317282429,2019-06-23T19:14:42.429Z,sell,1.318e-05,1203.0,0.0158555399999999
ADX/BTC,1561317292251,2019-06-23T19:14:52.251Z,sell,1.318e-05,1203.0,0.0158555399999999
ADX/BTC,1561317293950,2019-06-23T19:14:53.950Z,sell,1.318e-05,2621.0,0.03454478
ADX/BTC,1561317306702,2019-06-23T19:15:06.702Z,buy,1.318e-05,236.0,0.0031104799999999
ADX/BTC,1561317323597,2019-06-23T19:15:23.597Z,sell,1.314e-05,7602.0,0.09989028
ADX/BTC,1561317323597,2019-06-23T19:15:23.597Z,sell,1.313e-05,440.0,0.0057772
ADX/BTC,1561317323597,2019-06-23T19:15:23.597Z,sell,1.31e-05,232.0,0.0030392
ADX/BTC,1561317323597,2019-06-23T19:15:23.597Z,sell,1.307e-05,926.0,0.01210282
ADX/BTC,1561317323597,2019-06-23T19:15:23.597Z,sell,1.304e-05,12975.0,0.169194
ADX/BTC,1561317323703,2019-06-23T19:15:23.703Z,sell,1.306e-05,367.0,0.00479302
ADX/BTC,1561317325106,2019-06-23T19:15:25.106Z,buy,1.317e-05,1819.0,0.02395623
ADX/BTC,1561317325718,2019-06-23T19:15:25.718Z,buy,1.316e-05,524.0,0.0068958399999999
ADX/BTC,1561317326488,2019-06-23T19:15:26.488Z,buy,1.316e-05,236.0,0.00310576
ADX/BTC,1561317334879,2019-06-23T19:15:34.879Z,buy,1.317e-05,1257.0,0.01655469
ADX/BTC,1561317337473,2019-06-23T19:15:37.473Z,buy,1.316e-05,760.0,0.0100016
ADX/BTC,1561317344670,2019-06-23T19:15:44.670Z,buy,1.317e-05,509.0,0.0067035299999999
ADX/BTC,1561317359169,2019-06-23T19:15:59.169Z,sell,1.313e-05,679.0,0.00891527
ADX/BTC,1561317365519,2019-06-23T19:16:05.519Z,sell,1.313e-05,1941.0,0.02548533
ADX/BTC,1561317381029,2019-06-23T19:16:21.029Z,sell,1.313e-05,909.0,0.01193517
ADX/BTC,1561317382092,2019-06-23T19:16:22.092Z,sell,1.313e-05,906.0,0.01189578
ADX/BTC,1561317383897,2019-06-23T19:16:23.897Z,buy,1.315e-05,510.0,0.0067065
ADX/BTC,1561317384845,2019-06-23T19:16:24.845Z,buy,1.315e-05,798.0,0.0104937
ADX/BTC,1561317385835,2019-06-23T19:16:25.835Z,buy,1.315e-05,653.0,0.00858695
ADX/BTC,1561317395688,2019-06-23T19:16:35.688Z,buy,1.315e-05,356.0,0.0046814
ADX/BTC,1561317396692,2019-06-23T19:16:36.692Z,buy,1.315e-05,200.0,0.00263
ADX/BTC,1561317399790,2019-06-23T19:16:39.790Z,sell,1.313e-05,439.0,0.00576407
ADX/BTC,1561317443704,2019-06-23T19:17:23.704Z,buy,1.314e-05,1815.0,0.0238490999999999
ADX/BTC,1561317444912,2019-06-23T19:17:24.912Z,sell,1.313e-05,219.0,0.0028754699999999
ADX/BTC,1561317449593,2019-06-23T19:17:29.593Z,sell,1.313e-05,93.0,0.00122109
ADX/BTC,1561317550035,2019-06-23T19:19:10.035Z,buy,1.314e-05,337.0,0.0044281799999999
ADX/BTC,1561317550050,2019-06-23T19:19:10.050Z,sell,1.313e-05,2422.0,0.03180086
ADX/BTC,1561317558775,2019-06-23T19:19:18.775Z,sell,1.308e-05,298.0,0.00389784
ADX/BTC,1561317559281,2019-06-23T19:19:19.281Z,buy,1.313e-05,94.0,0.00123422
ADX/BTC,1561317577746,2019-06-23T19:19:37.746Z,sell,1.31e-05,99.0,0.0012969
ADX/BTC,1561317586993,2019-06-23T19:19:46.993Z,sell,1.31e-05,662.0,0.0086722
ADX/BTC,1561317637836,2019-06-23T19:20:37.836Z,buy,1.312e-05,805.0,0.0105615999999999
ADX/BTC,1561317670103,2019-06-23T19:21:10.103Z,buy,1.312e-05,2279.0,0.02990048
ADX/BTC,1561317686168,2019-06-23T19:21:26.168Z,buy,1.312e-05,1194.0,0.01566528
ADX/BTC,1561317690117,2019-06-23T19:21:30.117Z,buy,1.312e-05,1899.0,0.02491488
ADX/BTC,1561317696656,2019-06-23T19:21:36.656Z,buy,1.312e-05,693.0,0.00909216
ADX/BTC,1561317717252,2019-06-23T19:21:57.252Z,sell,1.31e-05,77.0,0.0010087
ADX/BTC,1561317718951,2019-06-23T19:21:58.951Z,buy,1.31e-05,747.0,0.0097857
ADX/BTC,1561317741633,2019-06-23T19:22:21.633Z,sell,1.308e-05,985.0,0.0128838
ADX/BTC,1561317745403,2019-06-23T19:22:25.403Z,sell,1.308e-05,735.0,0.0096138
ADX/BTC,1561317775627,2019-06-23T19:22:55.627Z,buy,1.31e-05,463.0,0.0060653
ADX/BTC,1561317887017,2019-06-23T19:24:47.017Z,buy,1.31e-05,3333.0,0.0436623
ADX/BTC,1561317892726,2019-06-23T19:24:52.726Z,sell,1.308e-05,295.0,0.0038586
ADX/BTC,1561318016786,2019-06-23T19:26:56.786Z,sell,1.307e-05,293.0,0.00382951
ADX/BTC,1561318092609,2019-06-23T19:28:12.609Z,sell,1.307e-05,285.0,0.00372495
ADX/BTC,1561318092609,2019-06-23T19:28:12.609Z,sell,1.304e-05,97.0,0.00126488
ADX/BTC,1561318092609,2019-06-23T19:28:12.609Z,sell,1.303e-05,442.0,0.00575926
ADX/BTC,1561318092609,2019-06-23T19:28:12.609Z,sell,1.302e-05,19.0,0.00024738
ADX/BTC,1561318124159,2019-06-23T19:28:44.159Z,buy,1.305e-05,442.0,0.0057681
ADX/BTC,1561318124159,2019-06-23T19:28:44.159Z,buy,1.306e-05,322.0,0.00420532
ADX/BTC,1561318128030,2019-06-23T19:28:48.030Z,sell,1.302e-05,768.0,0.00999936
ADX/BTC,1561318132812,2019-06-23T19:28:52.812Z,sell,1.302e-05,4144.0,0.05395488
ADX/BTC,1561318148662,2019-06-23T19:29:08.662Z,sell,1.304e-05,97.0,0.00126488
ADX/BTC,1561318154531,2019-06-23T19:29:14.531Z,sell,1.304e-05,1531.0,0.01996424
ADX/BTC,1561318234110,2019-06-23T19:30:34.110Z,buy,1.306e-05,578.0,0.00754868
ADX/BTC,1561318252571,2019-06-23T19:30:52.571Z,buy,1.307e-05,79.0,0.00103253
ADX/BTC,1561318255493,2019-06-23T19:30:55.493Z,sell,1.307e-05,112.0,0.00146384
ADX/BTC,1561318258106,2019-06-23T19:30:58.106Z,buy,1.307e-05,1906.0,0.02491142
ADX/BTC,1561318263754,2019-06-23T19:31:03.754Z,buy,1.307e-05,682.0,0.00891374
ADX/BTC,1561318359767,2019-06-23T19:32:39.767Z,buy,1.307e-05,2677.0,0.03498839
ADX/BTC,1561318360807,2019-06-23T19:32:40.807Z,buy,1.307e-05,251.0,0.00328057
ADX/BTC,1561318474002,2019-06-23T19:34:34.002Z,sell,1.304e-05,2129.0,0.02776216
ADX/BTC,1561318508462,2019-06-23T19:35:08.462Z,sell,1.304e-05,97.0,0.00126488
ADX/BTC,1561318641388,2019-06-23T19:37:21.388Z,buy,1.31e-05,1565.0,0.0205015
ADX/BTC,1561318641388,2019-06-23T19:37:21.388Z,buy,1.312e-05,166.0,0.00217792
ADX/BTC,1561318641388,2019-06-23T19:37:21.388Z,buy,1.314e-05,2105.0,0.0276597
ADX/BTC,1561318644177,2019-06-23T19:37:24.177Z,buy,1.314e-05,249.0,0.0032718599999999
ADX/BTC,1561318648236,2019-06-23T19:37:28.236Z,sell,1.306e-05,84.0,0.00109704
ADX/BTC,1561318648315,2019-06-23T19:37:28.315Z,sell,1.306e-05,663.0,0.00865878
ADX/BTC,1561318827060,2019-06-23T19:40:27.060Z,buy,1.305e-05,145.0,0.00189225
ADX/BTC,1561318834154,2019-06-23T19:40:34.154Z,sell,1.304e-05,146.0,0.00190384
ADX/BTC,1561318892457,2019-06-23T19:41:32.457Z,buy,1.309e-05,328.0,0.00429352
ADX/BTC,1561319060811,2019-06-23T19:44:20.811Z,buy,1.309e-05,166.0,0.00217294
ADX/BTC,1561319141079,2019-06-23T19:45:41.079Z,buy,1.308e-05,135.0,0.0017658
ADX/BTC,1561319394841,2019-06-23T19:49:54.841Z,sell,1.306e-05,4137.0,0.05402922
ADX/BTC,1561319394841,2019-06-23T19:49:54.841Z,sell,1.305e-05,6202.0,0.0809361
ADX/BTC,1561319394841,2019-06-23T19:49:54.841Z,sell,1.304e-05,444.0,0.00578976
ADX/BTC,1561319394841,2019-06-23T19:49:54.841Z,sell,1.303e-05,5217.0,0.06797751
ADX/BTC,1561319395537,2019-06-23T19:49:55.537Z,sell,1.303e-05,88.0,0.00114664
ADX/BTC,1561319397097,2019-06-23T19:49:57.097Z,sell,1.303e-05,135.0,0.00175905
ADX/BTC,1561319433853,2019-06-23T19:50:33.853Z,sell,1.304e-05,1810.0,0.0236024
ADX/BTC,1561319437663,2019-06-23T19:50:37.663Z,sell,1.304e-05,598.0,0.00779792
ADX/BTC,1561319437663,2019-06-23T19:50:37.663Z,sell,1.304e-05,598.0,0.00779792
ADX/BTC,1561319471767,2019-06-23T19:51:11.767Z,buy,1.306e-05,129.0,0.00168474
ADX/BTC,1561319553309,2019-06-23T19:52:33.309Z,sell,1.303e-05,145.0,0.00188935
ADX/BTC,1561319652189,2019-06-23T19:54:12.189Z,sell,1.303e-05,312.0,0.00406536
ADX/BTC,1561319666007,2019-06-23T19:54:26.007Z,sell,1.303e-05,2677.0,0.03488131
ADX/BTC,1561319674580,2019-06-23T19:54:34.580Z,buy,1.306e-05,6024.0,0.07867344
ADX/BTC,1561319679249,2019-06-23T19:54:39.249Z,buy,1.305e-05,500.0,0.006525
ADX/BTC,1561319689480,2019-06-23T19:54:49.480Z,buy,1.305e-05,296.0,0.0038628
ADX/BTC,1561319765227,2019-06-23T19:56:05.227Z,sell,1.304e-05,6010.0,0.0783704
ADX/BTC,1561320074154,2019-06-23T20:01:14.154Z,sell,1.303e-05,764.0,0.00995492
ADX/BTC,1561320130924,2019-06-23T20:02:10.924Z,sell,1.303e-05,244.0,0.00317932
ADX/BTC,1561320142276,2019-06-23T20:02:22.276Z,sell,1.303e-05,316.0,0.00411748
ADX/BTC,1561320159419,2019-06-23T20:02:39.419Z,sell,1.303e-05,1210.0,0.0157663
ADX/BTC,1561320362212,2019-06-23T20:06:02.212Z,sell,1.303e-05,186.0,0.00242358
ADX/BTC,1561320364786,2019-06-23T20:06:04.786Z,sell,1.303e-05,1210.0,0.0157663
ADX/BTC,1561320365982,2019-06-23T20:06:05.982Z,sell,1.303e-05,1210.0,0.0157663
ADX/BTC,1561320396956,2019-06-23T20:06:36.956Z,sell,1.302e-05,3069.0,0.03995838
ADX/BTC,1561320443506,2019-06-23T20:07:23.506Z,sell,1.302e-05,77.0,0.00100254
ADX/BTC,1561320443506,2019-06-23T20:07:23.506Z,sell,1.3e-05,1395.0,0.018135
ADX/BTC,1561320443506,2019-06-23T20:07:23.506Z,sell,1.3e-05,512.0,0.006656
ADX/BTC,1561320448107,2019-06-23T20:07:28.107Z,sell,1.3e-05,769.0,0.0099969999999999
ADX/BTC,1561320450172,2019-06-23T20:07:30.172Z,sell,1.3e-05,179.0,0.0023269999999999
ADX/BTC,1561320450172,2019-06-23T20:07:30.172Z,sell,1.298e-05,52.0,0.00067496
ADX/BTC,1561320450172,2019-06-23T20:07:30.172Z,sell,1.298e-05,445.0,0.0057761
ADX/BTC,1561320450172,2019-06-23T20:07:30.172Z,sell,1.298e-05,81.0,0.00105138
ADX/BTC,1561320450172,2019-06-23T20:07:30.172Z,sell,1.293e-05,278.0,0.00359454
ADX/BTC,1561320450172,2019-06-23T20:07:30.172Z,sell,1.29e-05,40.0,0.000516
ADX/BTC,1561320450172,2019-06-23T20:07:30.172Z,sell,1.29e-05,730.0,0.009417
ADX/BTC,1561320450172,2019-06-23T20:07:30.172Z,sell,1.29e-05,57.0,0.0007353
ADX/BTC,1561320450172,2019-06-23T20:07:30.172Z,sell,1.284e-05,226.0,0.00290184
ADX/BTC,1561320450172,2019-06-23T20:07:30.172Z,sell,1.284e-05,422.0,0.00541848
ADX/BTC,1561320450172,2019-06-23T20:07:30.172Z,sell,1.284e-05,660.0,0.0084744
ADX/BTC,1561320450172,2019-06-23T20:07:30.172Z,sell,1.281e-05,4720.0,0.0604631999999999
ADX/BTC,1561320450172,2019-06-23T20:07:30.172Z,sell,1.281e-05,822.0,0.0105298199999999
ADX/BTC,1561320450172,2019-06-23T20:07:30.172Z,sell,1.281e-05,3787.0,0.0485114699999999
ADX/BTC,1561320450172,2019-06-23T20:07:30.172Z,sell,1.273e-05,2115.0,0.02692395
ADX/BTC,1561320450172,2019-06-23T20:07:30.172Z,sell,1.272e-05,280.0,0.0035616
ADX/BTC,1561320450172,2019-06-23T20:07:30.172Z,sell,1.269e-05,816.0,0.01035504
ADX/BTC,1561320450172,2019-06-23T20:07:30.172Z,sell,1.269e-05,396.0,0.00502524
ADX/BTC,1561320450201,2019-06-23T20:07:30.201Z,buy,1.27e-05,2531.0,0.0321437
ADX/BTC,1561320450214,2019-06-23T20:07:30.214Z,buy,1.283e-05,178.0,0.00228374
ADX/BTC,1561320450235,2019-06-23T20:07:30.235Z,buy,1.283e-05,916.0,0.01175228
ADX/BTC,1561320450236,2019-06-23T20:07:30.236Z,buy,1.283e-05,909.0,0.01166247
ADX/BTC,1561320450260,2019-06-23T20:07:30.260Z,buy,1.283e-05,757.0,0.00971231
ADX/BTC,1561320450290,2019-06-23T20:07:30.290Z,buy,1.283e-05,1855.0,0.02379965
ADX/BTC,1561320450290,2019-06-23T20:07:30.290Z,buy,1.299e-05,93.0,0.0012080699999999
ADX/BTC,1561320450290,2019-06-23T20:07:30.290Z,buy,1.302e-05,444.0,0.00578088
ADX/BTC,1561320450290,2019-06-23T20:07:30.290Z,buy,1.303e-05,2253.0,0.02935659
ADX/BTC,1561320450296,2019-06-23T20:07:30.296Z,sell,1.284e-05,777.0,0.00997668
ADX/BTC,1561320450296,2019-06-23T20:07:30.296Z,sell,1.277e-05,215.0,0.00274555
ADX/BTC,1561320450296,2019-06-23T20:07:30.296Z,sell,1.274e-05,1605.0,0.0204477
ADX/BTC,1561320450720,2019-06-23T20:07:30.720Z,buy,1.29e-05,381.0,0.0049149
ADX/BTC,1561320450963,2019-06-23T20:07:30.963Z,sell,1.285e-05,280.0,0.003598
ADX/BTC,1561320451086,2019-06-23T20:07:31.086Z,buy,1.288e-05,381.0,0.00490728
ADX/BTC,1561320451348,2019-06-23T20:07:31.348Z,buy,1.288e-05,376.0,0.00484288
ADX/BTC,1561320451348,2019-06-23T20:07:31.348Z,buy,1.29e-05,5.0,6.45e-05
ADX/BTC,1561320451682,2019-06-23T20:07:31.682Z,sell,1.284e-05,110.0,0.0014124
ADX/BTC,1561320451929,2019-06-23T20:07:31.929Z,buy,1.287e-05,858.0,0.01104246
ADX/BTC,1561320452351,2019-06-23T20:07:32.351Z,buy,1.287e-05,801.0,0.01030887
ADX/BTC,1561320452405,2019-06-23T20:07:32.405Z,buy,1.287e-05,200.0,0.002574
ADX/BTC,1561320452433,2019-06-23T20:07:32.433Z,buy,1.287e-05,858.0,0.01104246
ADX/BTC,1561320453630,2019-06-23T20:07:33.630Z,buy,1.287e-05,777.0,0.00999999
ADX/BTC,1561320453713,2019-06-23T20:07:33.713Z,buy,1.287e-05,796.0,0.01024452
ADX/BTC,1561320453798,2019-06-23T20:07:33.798Z,sell,1.284e-05,8000.0,0.10272
ADX/BTC,1561320453919,2019-06-23T20:07:33.919Z,sell,1.284e-05,97.0,0.00124548
ADX/BTC,1561320453972,2019-06-23T20:07:33.972Z,sell,1.284e-05,858.0,0.01101672
ADX/BTC,1561320454185,2019-06-23T20:07:34.185Z,sell,1.284e-05,8000.0,0.10272
ADX/BTC,1561320454315,2019-06-23T20:07:34.315Z,buy,1.287e-05,796.0,0.01024452
ADX/BTC,1561320454405,2019-06-23T20:07:34.405Z,buy,1.287e-05,858.0,0.01104246
ADX/BTC,1561320454691,2019-06-23T20:07:34.691Z,sell,1.284e-05,179.0,0.00229836
ADX/BTC,1561320455003,2019-06-23T20:07:35.003Z,sell,1.285e-05,167.0,0.00214595
ADX/BTC,1561320455003,2019-06-23T20:07:35.003Z,sell,1.284e-05,108.0,0.00138672
ADX/BTC,1561320457028,2019-06-23T20:07:37.028Z,sell,1.284e-05,861.0,0.01105524
ADX/BTC,1561320457464,2019-06-23T20:07:37.464Z,buy,1.287e-05,480.0,0.0061776
ADX/BTC,1561320459284,2019-06-23T20:07:39.284Z,buy,1.287e-05,134.0,0.00172458
ADX/BTC,1561320462999,2019-06-23T20:07:42.999Z,buy,1.287e-05,710.0,0.0091377
ADX/BTC,1561320471404,2019-06-23T20:07:51.404Z,buy,1.287e-05,1751.0,0.02253537
ADX/BTC,1561320471404,2019-06-23T20:07:51.404Z,buy,1.288e-05,355.0,0.0045724
ADX/BTC,1561320477759,2019-06-23T20:07:57.759Z,buy,1.286e-05,501.0,0.00644286
ADX/BTC,1561320477759,2019-06-23T20:07:57.759Z,buy,1.287e-05,738.0,0.00949806
ADX/BTC,1561320478158,2019-06-23T20:07:58.158Z,buy,1.287e-05,19.0,0.00024453
ADX/BTC,1561320478158,2019-06-23T20:07:58.158Z,buy,1.288e-05,756.0,0.00973728
ADX/BTC,1561320480551,2019-06-23T20:08:00.551Z,buy,1.288e-05,78.0,0.00100464
ADX/BTC,1561320483565,2019-06-23T20:08:03.565Z,buy,1.288e-05,310.0,0.0039928
ADX/BTC,1561320500445,2019-06-23T20:08:20.445Z,sell,1.285e-05,108.0,0.0013878
ADX/BTC,1561320500445,2019-06-23T20:08:20.445Z,sell,1.284e-05,122.0,0.00156648
ADX/BTC,1561320519487,2019-06-23T20:08:39.487Z,buy,1.288e-05,3014.0,0.03882032
ADX/BTC,1561320520492,2019-06-23T20:08:40.492Z,buy,1.297e-05,120.0,0.0015563999999999
ADX/BTC,1561320520794,2019-06-23T20:08:40.794Z,buy,1.296e-05,1533.0,0.01986768
ADX/BTC,1561320520794,2019-06-23T20:08:40.794Z,buy,1.297e-05,6087.0,0.07894839
ADX/BTC,1561320521440,2019-06-23T20:08:41.440Z,buy,1.297e-05,668.0,0.00866396
ADX/BTC,1561320528156,2019-06-23T20:08:48.156Z,sell,1.286e-05,354.0,0.00455244
ADX/BTC,1561320528801,2019-06-23T20:08:48.801Z,buy,1.294e-05,116.0,0.00150104
ADX/BTC,1561320530786,2019-06-23T20:08:50.786Z,sell,1.286e-05,207.0,0.00266202
ADX/BTC,1561320531915,2019-06-23T20:08:51.915Z,buy,1.285e-05,445.0,0.00571825
ADX/BTC,1561320531915,2019-06-23T20:08:51.915Z,buy,1.286e-05,456.0,0.00586416
ADX/BTC,1561320531985,2019-06-23T20:08:51.985Z,buy,1.295e-05,1350.0,0.0174824999999999
ADX/BTC,1561320531985,2019-06-23T20:08:51.985Z,buy,1.296e-05,2840.0,0.0368063999999999
ADX/BTC,1561320531985,2019-06-23T20:08:51.985Z,buy,1.297e-05,3435.0,0.04455195
ADX/BTC,1561320540234,2019-06-23T20:09:00.234Z,sell,1.293e-05,443.0,0.00572799
ADX/BTC,1561320544937,2019-06-23T20:09:04.937Z,sell,1.292e-05,440.0,0.0056848
ADX/BTC,1561320745903,2019-06-23T20:12:25.903Z,sell,1.292e-05,98.0,0.00126616
ADX/BTC,1561320747405,2019-06-23T20:12:27.405Z,sell,1.292e-05,169.0,0.00218348
ADX/BTC,1561320755418,2019-06-23T20:12:35.418Z,sell,1.292e-05,147.0,0.00189924
ADX/BTC,1561320765167,2019-06-23T20:12:45.167Z,buy,1.295e-05,27.0,0.00034965
ADX/BTC,1561321019049,2019-06-23T20:16:59.049Z,buy,1.291e-05,365.0,0.00471215
ADX/BTC,1561321109991,2019-06-23T20:18:29.991Z,buy,1.291e-05,78.0,0.00100698
ADX/BTC,1561321115259,2019-06-23T20:18:35.259Z,buy,1.292e-05,192.0,0.00248064
ADX/BTC,1561321115260,2019-06-23T20:18:35.260Z,buy,1.292e-05,65.0,0.0008398
ADX/BTC,1561321115975,2019-06-23T20:18:35.975Z,buy,1.293e-05,179.0,0.00231447
ADX/BTC,1561321121846,2019-06-23T20:18:41.846Z,sell,1.291e-05,120.0,0.0015492
ADX/BTC,1561321208167,2019-06-23T20:20:08.167Z,buy,1.3e-05,27.0,0.0003509999999999
ADX/BTC,1561321452489,2019-06-23T20:24:12.489Z,sell,1.294e-05,310.0,0.0040114
ADX/BTC,1561321640203,2019-06-23T20:27:20.203Z,buy,1.296e-05,278.0,0.0036028799999999
ADX/BTC,1561321844219,2019-06-23T20:30:44.219Z,sell,1.29e-05,135.0,0.0017415
ADX/BTC,1561321854400,2019-06-23T20:30:54.400Z,sell,1.291e-05,140.0,0.0018074
ADX/BTC,1561321854653,2019-06-23T20:30:54.653Z,sell,1.291e-05,1782.0,0.02300562
ADX/BTC,1561321854698,2019-06-23T20:30:54.698Z,buy,1.291e-05,1563.0,0.02017833
ADX/BTC,1561321854702,2019-06-23T20:30:54.702Z,buy,1.291e-05,591.0,0.00762981
ADX/BTC,1561321854703,2019-06-23T20:30:54.703Z,buy,1.291e-05,1604.0,0.02070764
ADX/BTC,1561321855221,2019-06-23T20:30:55.221Z,buy,1.291e-05,365.0,0.00471215
ADX/BTC,1561321860095,2019-06-23T20:31:00.095Z,buy,1.289e-05,1545.0,0.01991505
ADX/BTC,1561321862220,2019-06-23T20:31:02.220Z,sell,1.288e-05,143.0,0.00184184
ADX/BTC,1561321863552,2019-06-23T20:31:03.552Z,buy,1.289e-05,495.0,0.00638055
ADX/BTC,1561321863552,2019-06-23T20:31:03.552Z,buy,1.29e-05,445.0,0.0057405
ADX/BTC,1561321942322,2019-06-23T20:32:22.322Z,buy,1.291e-05,2457.0,0.03171987
ADX/BTC,1561321951875,2019-06-23T20:32:31.875Z,buy,1.291e-05,2875.0,0.03711625
ADX/BTC,1561322498239,2019-06-23T20:41:38.239Z,sell,1.288e-05,103.0,0.00132664
ADX/BTC,1561322658111,2019-06-23T20:44:18.111Z,sell,1.288e-05,300.0,0.003864
ADX/BTC,1561322758587,2019-06-23T20:45:58.587Z,sell,1.287e-05,578.0,0.00743886
ADX/BTC,1561322763974,2019-06-23T20:46:03.974Z,buy,1.284e-05,103.0,0.00132252
ADX/BTC,1561322764107,2019-06-23T20:46:04.107Z,buy,1.285e-05,300.0,0.003855
ADX/BTC,1561322769843,2019-06-23T20:46:09.843Z,sell,1.282e-05,446.0,0.00571772
ADX/BTC,1561322769843,2019-06-23T20:46:09.843Z,sell,1.281e-05,2164.0,0.02772084
ADX/BTC,1561322788829,2019-06-23T20:46:28.829Z,sell,1.281e-05,292.0,0.0037405199999999
ADX/BTC,1561322811915,2019-06-23T20:46:51.915Z,sell,1.279e-05,1437.0,0.01837923
ADX/BTC,1561322811915,2019-06-23T20:46:51.915Z,sell,1.278e-05,182.0,0.0023259599999999
ADX/BTC,1561322811915,2019-06-23T20:46:51.915Z,sell,1.275e-05,2050.0,0.0261375
ADX/BTC,1561322811915,2019-06-23T20:46:51.915Z,sell,1.274e-05,2996.0,0.03816904
ADX/BTC,1561322815218,2019-06-23T20:46:55.218Z,sell,1.275e-05,182.0,0.0023205
ADX/BTC,1561322815218,2019-06-23T20:46:55.218Z,sell,1.274e-05,235.0,0.0029939
ADX/BTC,1561322832084,2019-06-23T20:47:12.084Z,sell,1.276e-05,107.0,0.00136532
ADX/BTC,1561322843231,2019-06-23T20:47:23.231Z,buy,1.278e-05,200.0,0.002556
ADX/BTC,1561322861253,2019-06-23T20:47:41.253Z,buy,1.278e-05,80.0,0.0010224
ADX/BTC,1561322884256,2019-06-23T20:48:04.256Z,sell,1.277e-05,446.0,0.00569542
ADX/BTC,1561322894979,2019-06-23T20:48:14.979Z,sell,1.274e-05,79.0,0.00100646
ADX/BTC,1561322896097,2019-06-23T20:48:16.097Z,buy,1.273e-05,111.0,0.00141303
ADX/BTC,1561322896097,2019-06-23T20:48:16.097Z,buy,1.277e-05,124.0,0.00158348
ADX/BTC,1561322908201,2019-06-23T20:48:28.201Z,buy,1.277e-05,257.0,0.00328189
ADX/BTC,1561322954187,2019-06-23T20:49:14.187Z,buy,1.277e-05,22.0,0.00028094
ADX/BTC,1561322976403,2019-06-23T20:49:36.403Z,sell,1.271e-05,148.0,0.00188108
ADX/BTC,1561322976828,2019-06-23T20:49:36.828Z,sell,1.271e-05,259.0,0.00329189
ADX/BTC,1561322976828,2019-06-23T20:49:36.828Z,sell,1.27e-05,339.0,0.0043053
ADX/BTC,1561322987189,2019-06-23T20:49:47.189Z,sell,1.268e-05,748.0,0.00948464
ADX/BTC,1561323004733,2019-06-23T20:50:04.733Z,buy,1.276e-05,193.0,0.00246268
ADX/BTC,1561323004733,2019-06-23T20:50:04.733Z,buy,1.276e-05,193.0,0.00246268
ADX/BTC,1561323080703,2019-06-23T20:51:20.703Z,buy,1.277e-05,141.0,0.00180057
ADX/BTC,1561323155926,2019-06-23T20:52:35.926Z,buy,1.276e-05,783.0,0.00999108
ADX/BTC,1561323155946,2019-06-23T20:52:35.946Z,buy,1.276e-05,626.0,0.00798776
ADX/BTC,1561323167950,2019-06-23T20:52:47.950Z,buy,1.276e-05,491.0,0.00626516
ADX/BTC,1561323167950,2019-06-23T20:52:47.950Z,buy,1.277e-05,293.0,0.00374161
ADX/BTC,1561323169591,2019-06-23T20:52:49.591Z,sell,1.269e-05,700.0,0.008883
ADX/BTC,1561323184470,2019-06-23T20:53:04.470Z,sell,1.271e-05,451.0,0.00573221
ADX/BTC,1561323187136,2019-06-23T20:53:07.136Z,sell,1.27e-05,193.0,0.0024511
ADX/BTC,1561323255412,2019-06-23T20:54:15.412Z,buy,1.276e-05,86.0,0.00109736
ADX/BTC,1561323319421,2019-06-23T20:55:19.421Z,buy,1.27e-05,2050.0,0.026035
ADX/BTC,1561323319849,2019-06-23T20:55:19.849Z,buy,1.271e-05,7859.0,0.09988789
ADX/BTC,1561323467403,2019-06-23T20:57:47.403Z,buy,1.266e-05,1563.0,0.01978758
ADX/BTC,1561323468032,2019-06-23T20:57:48.032Z,buy,1.267e-05,3400.0,0.043078
ADX/BTC,1561323475606,2019-06-23T20:57:55.606Z,buy,1.268e-05,83.0,0.00105244
ADX/BTC,1561323480413,2019-06-23T20:58:00.413Z,buy,1.277e-05,84.0,0.00107268
ADX/BTC,1561323530397,2019-06-23T20:58:50.397Z,sell,1.266e-05,87.0,0.00110142
ADX/BTC,1561323568423,2019-06-23T20:59:28.423Z,buy,1.267e-05,181.0,0.00229327
ADX/BTC,1561323580360,2019-06-23T20:59:40.360Z,buy,1.267e-05,7703.0,0.09759701
ADX/BTC,1561323638988,2019-06-23T21:00:38.988Z,buy,1.268e-05,2686.0,0.03405848
ADX/BTC,1561323659323,2019-06-23T21:00:59.323Z,buy,1.268e-05,921.0,0.01167828
ADX/BTC,1561323724175,2019-06-23T21:02:04.175Z,buy,1.266e-05,446.0,0.00564636
ADX/BTC,1561323724321,2019-06-23T21:02:04.321Z,buy,1.266e-05,7444.0,0.09424104
ADX/BTC,1561323726726,2019-06-23T21:02:06.726Z,buy,1.276e-05,671.0,0.00856196
ADX/BTC,1561323729408,2019-06-23T21:02:09.408Z,buy,1.266e-05,664.0,0.00840624
ADX/BTC,1561323784559,2019-06-23T21:03:04.559Z,sell,1.268e-05,449.0,0.00569332
ADX/BTC,1561324170467,2019-06-23T21:09:30.467Z,buy,1.27e-05,449.0,0.0057023
ADX/BTC,1561324171592,2019-06-23T21:09:31.592Z,sell,1.27e-05,780.0,0.009906
ADX/BTC,1561324171592,2019-06-23T21:09:31.592Z,sell,1.268e-05,86.0,0.00109048
ADX/BTC,1561324171592,2019-06-23T21:09:31.592Z,sell,1.264e-05,54.0,0.0006825599999999
ADX/BTC,1561324171720,2019-06-23T21:09:31.720Z,buy,1.271e-05,1227.0,0.01559517
ADX/BTC,1561324358443,2019-06-23T21:12:38.443Z,sell,1.263e-05,870.0,0.0109880999999999
ADX/BTC,1561324379882,2019-06-23T21:12:59.882Z,sell,1.263e-05,1371.0,0.0173157299999999
ADX/BTC,1561324381423,2019-06-23T21:13:01.423Z,buy,1.262e-05,80.0,0.0010096
ADX/BTC,1561324434593,2019-06-23T21:13:54.593Z,sell,1.261e-05,4907.0,0.06187727
ADX/BTC,1561324462493,2019-06-23T21:14:22.493Z,sell,1.26e-05,3990.0,0.050274
ADX/BTC,1561324505624,2019-06-23T21:15:05.624Z,buy,1.261e-05,1817.0,0.0229123699999999
ADX/BTC,1561324704266,2019-06-23T21:18:24.266Z,buy,1.269e-05,79.0,0.00100251
ADX/BTC,1561324905369,2019-06-23T21:21:45.369Z,buy,1.263e-05,95.0,0.00119985
ADX/BTC,1561324905862,2019-06-23T21:21:45.862Z,sell,1.262e-05,173.0,0.00218326
ADX/BTC,1561325057517,2019-06-23T21:24:17.517Z,sell,1.262e-05,1232.0,0.0155478399999999
ADX/BTC,1561325151373,2019-06-23T21:25:51.373Z,sell,1.262e-05,95.0,0.0011989
ADX/BTC,1561325370845,2019-06-23T21:29:30.845Z,buy,1.262e-05,180.0,0.0022716
ADX/BTC,1561325373648,2019-06-23T21:29:33.648Z,buy,1.266e-05,180.0,0.0022788
ADX/BTC,1561325447027,2019-06-23T21:30:47.027Z,buy,1.265e-05,99.0,0.00125235
ADX/BTC,1561325456584,2019-06-23T21:30:56.584Z,sell,1.267e-05,194.0,0.00245798
ADX/BTC,1561325666357,2019-06-23T21:34:26.357Z,sell,1.262e-05,177.0,0.00223374
ADX/BTC,1561325666357,2019-06-23T21:34:26.357Z,sell,1.261e-05,73.0,0.0009205299999999
ADX/BTC,1561326039833,2019-06-23T21:40:39.833Z,buy,1.262e-05,288.0,0.00363456
ADX/BTC,1561326039839,2019-06-23T21:40:39.839Z,buy,1.262e-05,97.0,0.0012241399999999
ADX/BTC,1561326065912,2019-06-23T21:41:05.912Z,buy,1.267e-05,334.0,0.00423178
ADX/BTC,1561326065920,2019-06-23T21:41:05.920Z,buy,1.267e-05,112.0,0.00141904
ADX/BTC,1561326065920,2019-06-23T21:41:05.920Z,buy,1.268e-05,222.0,0.00281496
ADX/BTC,1561326066136,2019-06-23T21:41:06.136Z,buy,1.268e-05,908.0,0.01151344
ADX/BTC,1561326066146,2019-06-23T21:41:06.146Z,buy,1.268e-05,396.0,0.00502128
ADX/BTC,1561326066146,2019-06-23T21:41:06.146Z,buy,1.27e-05,582.0,0.0073914
ADX/BTC,1561326066609,2019-06-23T21:41:06.609Z,buy,1.27e-05,353.0,0.0044831
ADX/BTC,1561326069032,2019-06-23T21:41:09.032Z,buy,1.268e-05,952.0,0.01207136
ADX/BTC,1561326069075,2019-06-23T21:41:09.075Z,buy,1.268e-05,1102.0,0.01397336
ADX/BTC,1561326069082,2019-06-23T21:41:09.082Z,buy,1.268e-05,482.0,0.00611176
ADX/BTC,1561326069603,2019-06-23T21:41:09.603Z,buy,1.268e-05,132.0,0.00167376
ADX/BTC,1561326072909,2019-06-23T21:41:12.909Z,sell,1.262e-05,200.0,0.0025239999999999
ADX/BTC,1561326073141,2019-06-23T21:41:13.141Z,sell,1.262e-05,245.0,0.0030919
ADX/BTC,1561326073141,2019-06-23T21:41:13.141Z,sell,1.261e-05,188.0,0.00237068
ADX/BTC,1561326073363,2019-06-23T21:41:13.363Z,sell,1.261e-05,445.0,0.00561145
ADX/BTC,1561326082481,2019-06-23T21:41:22.481Z,buy,1.267e-05,261.0,0.00330687
ADX/BTC,1561326082582,2019-06-23T21:41:22.582Z,buy,1.267e-05,80.0,0.0010136
ADX/BTC,1561326084675,2019-06-23T21:41:24.675Z,buy,1.267e-05,104.0,0.00131768
ADX/BTC,1561326093018,2019-06-23T21:41:33.018Z,buy,1.268e-05,607.0,0.00769676
ADX/BTC,1561326093028,2019-06-23T21:41:33.028Z,buy,1.268e-05,1688.0,0.02140384
ADX/BTC,1561326093060,2019-06-23T21:41:33.060Z,buy,1.268e-05,908.0,0.01151344
ADX/BTC,1561326093091,2019-06-23T21:41:33.091Z,buy,1.268e-05,260.0,0.0032968
ADX/BTC,1561326093103,2019-06-23T21:41:33.103Z,buy,1.268e-05,1688.0,0.02140384
ADX/BTC,1561326093174,2019-06-23T21:41:33.174Z,buy,1.268e-05,908.0,0.01151344
ADX/BTC,1561326093183,2019-06-23T21:41:33.183Z,buy,1.268e-05,968.0,0.01227424
ADX/BTC,1561326094125,2019-06-23T21:41:34.125Z,buy,1.268e-05,780.0,0.0098904
ADX/BTC,1561326095374,2019-06-23T21:41:35.374Z,buy,1.268e-05,425.0,0.005389
ADX/BTC,1561326095915,2019-06-23T21:41:35.915Z,buy,1.268e-05,1984.0,0.02515712
ADX/BTC,1561326101785,2019-06-23T21:41:41.785Z,buy,1.268e-05,531.0,0.00673308
ADX/BTC,1561326101785,2019-06-23T21:41:41.785Z,buy,1.27e-05,203.0,0.0025781
ADX/BTC,1561326108195,2019-06-23T21:41:48.195Z,buy,1.27e-05,515.0,0.0065405
ADX/BTC,1561326108809,2019-06-23T21:41:48.809Z,buy,1.27e-05,102.0,0.0012954
ADX/BTC,1561326111843,2019-06-23T21:41:51.843Z,buy,1.27e-05,10408.0,0.1321816
ADX/BTC,1561326112104,2019-06-23T21:41:52.104Z,buy,1.27e-05,96.0,0.0012192
ADX/BTC,1561326112104,2019-06-23T21:41:52.104Z,buy,1.272e-05,2260.0,0.0287472
ADX/BTC,1561326124224,2019-06-23T21:42:04.224Z,sell,1.265e-05,93.0,0.00117645
ADX/BTC,1561326136158,2019-06-23T21:42:16.158Z,buy,1.272e-05,302.0,0.00384144
ADX/BTC,1561326137159,2019-06-23T21:42:17.159Z,buy,1.272e-05,272.0,0.00345984
ADX/BTC,1561326159459,2019-06-23T21:42:39.459Z,buy,1.272e-05,1056.0,0.01343232
ADX/BTC,1561326209329,2019-06-23T21:43:29.329Z,buy,1.272e-05,10000.0,0.1272
ADX/BTC,1561326226607,2019-06-23T21:43:46.607Z,sell,1.267e-05,1056.0,0.01337952
ADX/BTC,1561326230410,2019-06-23T21:43:50.410Z,sell,1.267e-05,734.0,0.00929978
ADX/BTC,1561326244016,2019-06-23T21:44:04.016Z,buy,1.272e-05,151.0,0.00192072
ADX/BTC,1561326259434,2019-06-23T21:44:19.434Z,buy,1.277e-05,452.0,0.00577204
ADX/BTC,1561326261436,2019-06-23T21:44:21.436Z,buy,1.277e-05,2828.0,0.0361135599999999
ADX/BTC,1561326279428,2019-06-23T21:44:39.428Z,buy,1.275e-05,3134.0,0.0399585
ADX/BTC,1561326280439,2019-06-23T21:44:40.439Z,buy,1.276e-05,1431.0,0.01825956
ADX/BTC,1561326282437,2019-06-23T21:44:42.437Z,buy,1.277e-05,7172.0,0.0915864399999999
ADX/BTC,1561326285436,2019-06-23T21:44:45.436Z,buy,1.278e-05,298.0,0.0038084399999999
ADX/BTC,1561326287433,2019-06-23T21:44:47.433Z,buy,1.283e-05,235.0,0.00301505
ADX/BTC,1561326300442,2019-06-23T21:45:00.442Z,buy,1.281e-05,120.0,0.0015371999999999
ADX/BTC,1561326301425,2019-06-23T21:45:01.425Z,sell,1.267e-05,515.0,0.00652505
ADX/BTC,1561326348207,2019-06-23T21:45:48.207Z,buy,1.281e-05,201.0,0.00257481
ADX/BTC,1561326348207,2019-06-23T21:45:48.207Z,buy,1.283e-05,80.0,0.0010264
ADX/BTC,1561326348207,2019-06-23T21:45:48.207Z,buy,1.29e-05,452.0,0.0058308
ADX/BTC,1561326348207,2019-06-23T21:45:48.207Z,buy,1.291e-05,568.0,0.00733288
ADX/BTC,1561326355663,2019-06-23T21:45:55.663Z,sell,1.274e-05,184.0,0.00234416
ADX/BTC,1561326381118,2019-06-23T21:46:21.118Z,buy,1.289e-05,155.0,0.00199795
ADX/BTC,1561326392200,2019-06-23T21:46:32.200Z,buy,1.289e-05,776.0,0.01000264
ADX/BTC,1561326459694,2019-06-23T21:47:39.694Z,sell,1.28e-05,386.0,0.0049407999999999
ADX/BTC,1561326459810,2019-06-23T21:47:39.810Z,sell,1.28e-05,65.0,0.000832
ADX/BTC,1561326459810,2019-06-23T21:47:39.810Z,sell,1.279e-05,381.0,0.00487299
ADX/BTC,1561326459960,2019-06-23T21:47:39.960Z,sell,1.289e-05,210.0,0.0027069
ADX/BTC,1561326459994,2019-06-23T21:47:39.994Z,sell,1.279e-05,210.0,0.0026858999999999
ADX/BTC,1561326460326,2019-06-23T21:47:40.326Z,sell,1.279e-05,182.0,0.0023277799999999
ADX/BTC,1561326482908,2019-06-23T21:48:02.908Z,sell,1.28e-05,1120.0,0.014336
ADX/BTC,1561326522542,2019-06-23T21:48:42.542Z,sell,1.283e-05,200.0,0.002566
ADX/BTC,1561326533509,2019-06-23T21:48:53.509Z,sell,1.283e-05,132.0,0.00169356
ADX/BTC,1561326535323,2019-06-23T21:48:55.323Z,sell,1.283e-05,284.0,0.00364372
ADX/BTC,1561326535323,2019-06-23T21:48:55.323Z,sell,1.282e-05,16.0,0.00020512
ADX/BTC,1561326540525,2019-06-23T21:49:00.525Z,buy,1.291e-05,175.0,0.00225925
ADX/BTC,1561326553492,2019-06-23T21:49:13.492Z,sell,1.28e-05,326.0,0.0041728
ADX/BTC,1561326554860,2019-06-23T21:49:14.860Z,buy,1.277e-05,271.0,0.00346067
ADX/BTC,1561326554860,2019-06-23T21:49:14.860Z,buy,1.277e-05,271.0,0.00346067
ADX/BTC,1561326630439,2019-06-23T21:50:30.439Z,buy,1.28e-05,451.0,0.0057728
ADX/BTC,1561326631440,2019-06-23T21:50:31.440Z,buy,1.281e-05,271.0,0.0034715099999999
ADX/BTC,1561326633445,2019-06-23T21:50:33.445Z,buy,1.282e-05,771.0,0.0098842199999999
ADX/BTC,1561326644134,2019-06-23T21:50:44.134Z,sell,1.293e-05,144.0,0.00186192
ADX/BTC,1561326646584,2019-06-23T21:50:46.584Z,sell,1.276e-05,409.0,0.00521884
ADX/BTC,1561326690488,2019-06-23T21:51:30.488Z,sell,1.281e-05,83.0,0.0010632299999999
ADX/BTC,1561326704166,2019-06-23T21:51:44.166Z,sell,1.285e-05,500.0,0.006425
ADX/BTC,1561326705447,2019-06-23T21:51:45.447Z,sell,1.285e-05,500.0,0.006425
ADX/BTC,1561326763542,2019-06-23T21:52:43.542Z,sell,1.286e-05,778.0,0.01000508
ADX/BTC,1561326835693,2019-06-23T21:53:55.693Z,sell,1.285e-05,320.0,0.004112
ADX/BTC,1561326920773,2019-06-23T21:55:20.773Z,sell,1.286e-05,83.0,0.00106738
ADX/BTC,1561327009799,2019-06-23T21:56:49.799Z,sell,1.286e-05,778.0,0.01000508
ADX/BTC,1561327009799,2019-06-23T21:56:49.799Z,sell,1.285e-05,2520.0,0.032382
ADX/BTC,1561327010284,2019-06-23T21:56:50.284Z,buy,1.295e-05,409.0,0.00529655
ADX/BTC,1561327010284,2019-06-23T21:56:50.284Z,buy,1.296e-05,772.0,0.01000512
ADX/BTC,1561327010284,2019-06-23T21:56:50.284Z,buy,1.301e-05,200.0,0.002602
ADX/BTC,1561327010284,2019-06-23T21:56:50.284Z,buy,1.305e-05,1943.0,0.02535615
ADX/BTC,1561327014473,2019-06-23T21:56:54.473Z,buy,1.294e-05,1906.0,0.02466364
ADX/BTC,1561327030464,2019-06-23T21:57:10.464Z,buy,1.294e-05,79.0,0.0010222599999999
ADX/BTC,1561327051606,2019-06-23T21:57:31.606Z,buy,1.298e-05,97.0,0.00125906
ADX/BTC,1561327051606,2019-06-23T21:57:31.606Z,buy,1.299e-05,95.0,0.00123405
ADX/BTC,1561327051611,2019-06-23T21:57:31.611Z,sell,1.292e-05,444.0,0.00573648
ADX/BTC,1561327055231,2019-06-23T21:57:35.231Z,sell,1.292e-05,824.0,0.01064608
ADX/BTC,1561327059817,2019-06-23T21:57:39.817Z,sell,1.291e-05,775.0,0.01000525
ADX/BTC,1561327059817,2019-06-23T21:57:39.817Z,sell,1.285e-05,9.0,0.00011565
ADX/BTC,1561327168293,2019-06-23T21:59:28.293Z,buy,1.297e-05,29.0,0.0003761299999999
ADX/BTC,1561327263850,2019-06-23T22:01:03.850Z,buy,1.291e-05,148.0,0.00191068
ADX/BTC,1561327297514,2019-06-23T22:01:37.514Z,sell,1.288e-05,1102.0,0.01419376
ADX/BTC,1561327303467,2019-06-23T22:01:43.467Z,buy,1.289e-05,106.0,0.00136634
ADX/BTC,1561327306456,2019-06-23T22:01:46.456Z,sell,1.286e-05,2163.0,0.02781618
ADX/BTC,1561327312608,2019-06-23T22:01:52.608Z,buy,1.289e-05,687.0,0.00885543
ADX/BTC,1561327312608,2019-06-23T22:01:52.608Z,buy,1.291e-05,137.0,0.00176867
ADX/BTC,1561327312608,2019-06-23T22:01:52.608Z,buy,1.297e-05,415.0,0.00538255
ADX/BTC,1561327312608,2019-06-23T22:01:52.608Z,buy,1.298e-05,2065.0,0.0268037
ADX/BTC,1561327390226,2019-06-23T22:03:10.226Z,sell,1.293e-05,200.0,0.0025859999999999
ADX/BTC,1561327390244,2019-06-23T22:03:10.244Z,sell,1.293e-05,1018.0,0.01316274
ADX/BTC,1561327390383,2019-06-23T22:03:10.383Z,sell,1.292e-05,569.0,0.00735148
ADX/BTC,1561327390872,2019-06-23T22:03:10.872Z,sell,1.292e-05,308.0,0.00397936
ADX/BTC,1561327413578,2019-06-23T22:03:33.578Z,sell,1.285e-05,326.0,0.0041891
ADX/BTC,1561327470540,2019-06-23T22:04:30.540Z,buy,1.286e-05,311.0,0.00399946
ADX/BTC,1561327534101,2019-06-23T22:05:34.101Z,buy,1.286e-05,232.0,0.00298352
ADX/BTC,1561327539603,2019-06-23T22:05:39.603Z,sell,1.28e-05,449.0,0.0057472
ADX/BTC,1561327539603,2019-06-23T22:05:39.603Z,sell,1.279e-05,1142.0,0.01460618
ADX/BTC,1561327575394,2019-06-23T22:06:15.394Z,sell,1.279e-05,5563.0,0.07115077
ADX/BTC,1561327595006,2019-06-23T22:06:35.006Z,buy,1.286e-05,246.0,0.00316356
ADX/BTC,1561327852928,2019-06-23T22:10:52.928Z,sell,1.285e-05,244.0,0.0031354
ADX/BTC,1561327852928,2019-06-23T22:10:52.928Z,sell,1.284e-05,1006.0,0.01291704
ADX/BTC,1561327852928,2019-06-23T22:10:52.928Z,sell,1.283e-05,1155.0,0.01481865
ADX/BTC,1561327928492,2019-06-23T22:12:08.492Z,sell,1.287e-05,82.0,0.00105534
ADX/BTC,1561327994248,2019-06-23T22:13:14.248Z,buy,1.288e-05,388.0,0.00499744
ADX/BTC,1561328338505,2019-06-23T22:18:58.505Z,buy,1.288e-05,59.0,0.00075992
ADX/BTC,1561328421516,2019-06-23T22:20:21.516Z,sell,1.285e-05,418.0,0.0053713
ADX/BTC,1561328528776,2019-06-23T22:22:08.776Z,buy,1.29e-05,350.0,0.004515
ADX/BTC,1561328540255,2019-06-23T22:22:20.255Z,sell,1.287e-05,163.0,0.00209781
ADX/BTC,1561328540273,2019-06-23T22:22:20.273Z,buy,1.29e-05,1042.0,0.0134418
ADX/BTC,1561328552573,2019-06-23T22:22:32.573Z,sell,1.288e-05,450.0,0.005796
ADX/BTC,1561328554562,2019-06-23T22:22:34.562Z,buy,1.29e-05,411.0,0.0053019
ADX/BTC,1561328580664,2019-06-23T22:23:00.664Z,buy,1.293e-05,200.0,0.0025859999999999
ADX/BTC,1561328582573,2019-06-23T22:23:02.573Z,buy,1.301e-05,256.0,0.00333056
ADX/BTC,1561328803518,2019-06-23T22:26:43.518Z,buy,1.298e-05,450.0,0.005841
ADX/BTC,1561328804522,2019-06-23T22:26:44.522Z,buy,1.297e-05,219.0,0.0028404299999999
ADX/BTC,1561328806520,2019-06-23T22:26:46.520Z,buy,1.298e-05,153.0,0.00198594
ADX/BTC,1561328859384,2019-06-23T22:27:39.384Z,sell,1.297e-05,449.0,0.0058235299999999
ADX/BTC,1561328859384,2019-06-23T22:27:39.384Z,sell,1.296e-05,1103.0,0.01429488
ADX/BTC,1561328877274,2019-06-23T22:27:57.274Z,buy,1.301e-05,78.0,0.00101478
ADX/BTC,1561328877274,2019-06-23T22:27:57.274Z,buy,1.305e-05,449.0,0.00585945
ADX/BTC,1561328877274,2019-06-23T22:27:57.274Z,buy,1.306e-05,455.0,0.0059423
ADX/BTC,1561328877274,2019-06-23T22:27:57.274Z,buy,1.317e-05,2268.0,0.02986956
ADX/BTC,1561328878333,2019-06-23T22:27:58.333Z,sell,1.301e-05,451.0,0.00586751
ADX/BTC,1561328878534,2019-06-23T22:27:58.534Z,sell,1.302e-05,768.0,0.00999936
ADX/BTC,1561328879060,2019-06-23T22:27:59.060Z,sell,1.303e-05,692.0,0.00901676
ADX/BTC,1561328879060,2019-06-23T22:27:59.060Z,sell,1.302e-05,768.0,0.00999936
ADX/BTC,1561328879060,2019-06-23T22:27:59.060Z,sell,1.3e-05,2332.0,0.030316
ADX/BTC,1561328879616,2019-06-23T22:27:59.616Z,sell,1.301e-05,2266.0,0.02948066
ADX/BTC,1561328880047,2019-06-23T22:28:00.047Z,sell,1.302e-05,768.0,0.00999936
ADX/BTC,1561328880485,2019-06-23T22:28:00.485Z,sell,1.301e-05,2297.0,0.02988397
ADX/BTC,1561328880888,2019-06-23T22:28:00.888Z,sell,1.298e-05,2037.0,0.02644026
ADX/BTC,1561328881278,2019-06-23T22:28:01.278Z,sell,1.302e-05,405.0,0.0052731
ADX/BTC,1561328881683,2019-06-23T22:28:01.683Z,sell,1.301e-05,769.0,0.01000469
ADX/BTC,1561328882099,2019-06-23T22:28:02.099Z,sell,1.302e-05,406.0,0.00528612
ADX/BTC,1561328882099,2019-06-23T22:28:02.099Z,sell,1.296e-05,406.0,0.00526176
ADX/BTC,1561328909549,2019-06-23T22:28:29.549Z,buy,1.305e-05,451.0,0.00588555
ADX/BTC,1561328924524,2019-06-23T22:28:44.524Z,buy,1.306e-05,1393.0,0.01819258
ADX/BTC,1561328970534,2019-06-23T22:29:30.534Z,buy,1.305e-05,766.0,0.0099963
ADX/BTC,1561328972521,2019-06-23T22:29:32.521Z,buy,1.305e-05,766.0,0.0099963
ADX/BTC,1561329054000,2019-06-23T22:30:54.000Z,buy,1.305e-05,151.0,0.00197055
ADX/BTC,1561329209608,2019-06-23T22:33:29.608Z,sell,1.301e-05,151.0,0.00196451
ADX/BTC,1561329333735,2019-06-23T22:35:33.735Z,sell,1.301e-05,2138.0,0.02781538
ADX/BTC,1561329333735,2019-06-23T22:35:33.735Z,sell,1.3e-05,67.0,0.0008709999999999
ADX/BTC,1561329361583,2019-06-23T22:36:01.583Z,sell,1.3e-05,86.0,0.0011179999999999
ADX/BTC,1561329391471,2019-06-23T22:36:31.471Z,sell,1.3e-05,307.0,0.003991
ADX/BTC,1561329401359,2019-06-23T22:36:41.359Z,sell,1.3e-05,9775.0,0.127075
ADX/BTC,1561329408447,2019-06-23T22:36:48.447Z,sell,1.3e-05,4260.0,0.05538
ADX/BTC,1561329408974,2019-06-23T22:36:48.974Z,sell,1.296e-05,308.0,0.00399168
ADX/BTC,1561329409499,2019-06-23T22:36:49.499Z,sell,1.292e-05,1975.0,0.025517
ADX/BTC,1561329410717,2019-06-23T22:36:50.717Z,buy,1.302e-05,448.0,0.00583296
ADX/BTC,1561329410717,2019-06-23T22:36:50.717Z,buy,1.303e-05,151.0,0.00196753
ADX/BTC,1561329508570,2019-06-23T22:38:28.570Z,buy,1.302e-05,116.0,0.00151032
ADX/BTC,1561329557542,2019-06-23T22:39:17.542Z,buy,1.302e-05,576.0,0.00749952
ADX/BTC,1561329557542,2019-06-23T22:39:17.542Z,buy,1.303e-05,620.0,0.0080786
ADX/BTC,1561329613693,2019-06-23T22:40:13.693Z,buy,1.303e-05,110.0,0.0014333
ADX/BTC,1561329656530,2019-06-23T22:40:56.530Z,buy,1.303e-05,138.0,0.00179814
ADX/BTC,1561329656530,2019-06-23T22:40:56.530Z,buy,1.303e-05,138.0,0.00179814
ADX/BTC,1561330207583,2019-06-23T22:50:07.583Z,sell,1.295e-05,447.0,0.00578865
ADX/BTC,1561330208583,2019-06-23T22:50:08.583Z,sell,1.294e-05,309.0,0.00399846
ADX/BTC,1561330271900,2019-06-23T22:51:11.900Z,buy,1.287e-05,1673.0,0.02153151
ADX/BTC,1561330271904,2019-06-23T22:51:11.904Z,buy,1.287e-05,558.0,0.00718146
ADX/BTC,1561330312167,2019-06-23T22:51:52.167Z,sell,1.287e-05,309.0,0.00397683
ADX/BTC,1561330459934,2019-06-23T22:54:19.934Z,buy,1.293e-05,104.0,0.00134472
ADX/BTC,1561330462019,2019-06-23T22:54:22.019Z,buy,1.294e-05,168.0,0.0021739199999999
ADX/BTC,1561330507875,2019-06-23T22:55:07.875Z,buy,1.294e-05,279.0,0.00361026
ADX/BTC,1561330507875,2019-06-23T22:55:07.875Z,buy,1.295e-05,241.0,0.00312095
ADX/BTC,1561330845660,2019-06-23T23:00:45.660Z,sell,1.288e-05,113.0,0.00145544
ADX/BTC,1561330968014,2019-06-23T23:02:48.014Z,buy,1.294e-05,113.0,0.00146222
ADX/BTC,1561330968014,2019-06-23T23:02:48.014Z,buy,1.295e-05,1387.0,0.01796165
ADX/BTC,1561330971272,2019-06-23T23:02:51.272Z,buy,1.295e-05,85.0,0.00110075
ADX/BTC,1561331258582,2019-06-23T23:07:38.582Z,buy,1.301e-05,284.0,0.00369484
ADX/BTC,1561331263364,2019-06-23T23:07:43.364Z,buy,1.301e-05,284.0,0.00369484
ADX/BTC,1561331291933,2019-06-23T23:08:11.933Z,buy,1.301e-05,818.0,0.01064218
ADX/BTC,1561331291933,2019-06-23T23:08:11.933Z,buy,1.302e-05,337.0,0.00438774
ADX/BTC,1561331304678,2019-06-23T23:08:24.678Z,sell,1.293e-05,1586.0,0.02050698
ADX/BTC,1561331455857,2019-06-23T23:10:55.857Z,buy,1.299e-05,886.0,0.01150914
ADX/BTC,1561331456110,2019-06-23T23:10:56.110Z,buy,1.299e-05,914.0,0.0118728599999999
ADX/BTC,1561331456110,2019-06-23T23:10:56.110Z,buy,1.3e-05,238.0,0.003094
ADX/BTC,1561331458106,2019-06-23T23:10:58.106Z,buy,1.3e-05,312.0,0.004056
ADX/BTC,1561331458961,2019-06-23T23:10:58.961Z,buy,1.3e-05,922.0,0.011986
ADX/BTC,1561331459914,2019-06-23T23:10:59.914Z,buy,1.3e-05,56.0,0.0007279999999999
ADX/BTC,1561331464008,2019-06-23T23:11:04.008Z,sell,1.301e-05,311.0,0.00404611
ADX/BTC,1561331477168,2019-06-23T23:11:17.168Z,buy,1.304e-05,311.0,0.00405544
ADX/BTC,1561331477168,2019-06-23T23:11:17.168Z,buy,1.305e-05,472.0,0.0061596
ADX/BTC,1561331480364,2019-06-23T23:11:20.364Z,sell,1.301e-05,212.0,0.00275812
ADX/BTC,1561331526459,2019-06-23T23:12:06.459Z,sell,1.3e-05,86.0,0.0011179999999999
ADX/BTC,1561331768923,2019-06-23T23:16:08.923Z,buy,1.302e-05,582.0,0.00757764
ADX/BTC,1561331768923,2019-06-23T23:16:08.923Z,buy,1.304e-05,212.0,0.00276448
ADX/BTC,1561331768923,2019-06-23T23:16:08.923Z,buy,1.305e-05,681.0,0.00888705
ADX/BTC,1561331798246,2019-06-23T23:16:38.246Z,sell,1.305e-05,449.0,0.00585945
ADX/BTC,1561331843842,2019-06-23T23:17:23.842Z,sell,1.301e-05,768.0,0.00999168
ADX/BTC,1561331843842,2019-06-23T23:17:23.842Z,sell,1.3e-05,8.0,0.000104
ADX/BTC,1561332067069,2019-06-23T23:21:07.069Z,sell,1.3e-05,1737.0,0.0225809999999999
ADX/BTC,1561332068099,2019-06-23T23:21:08.099Z,buy,1.299e-05,449.0,0.00583251
ADX/BTC,1561332068099,2019-06-23T23:21:08.099Z,buy,1.3e-05,320.0,0.00416
ADX/BTC,1561332070651,2019-06-23T23:21:10.651Z,buy,1.3e-05,4159.0,0.054067
ADX/BTC,1561332072089,2019-06-23T23:21:12.089Z,buy,1.3e-05,230.0,0.0029899999999999
ADX/BTC,1561332183403,2019-06-23T23:23:03.403Z,buy,1.3e-05,307.0,0.003991
ADX/BTC,1561332192053,2019-06-23T23:23:12.053Z,sell,1.296e-05,1981.0,0.02567376
ADX/BTC,1561332192462,2019-06-23T23:23:12.462Z,sell,1.295e-05,453.0,0.00586635
ADX/BTC,1561332193680,2019-06-23T23:23:13.680Z,buy,1.295e-05,1611.0,0.02086245
ADX/BTC,1561332194689,2019-06-23T23:23:14.689Z,buy,1.296e-05,1607.0,0.02082672
ADX/BTC,1561332210682,2019-06-23T23:23:30.682Z,buy,1.299e-05,344.0,0.00446856
ADX/BTC,1561332211681,2019-06-23T23:23:31.681Z,buy,1.299e-05,109.0,0.0014159099999999
ADX/BTC,1561332212690,2019-06-23T23:23:32.690Z,buy,1.3e-05,209.0,0.002717
ADX/BTC,1561332214687,2019-06-23T23:23:34.687Z,buy,1.3e-05,252.0,0.003276
ADX/BTC,1561332219189,2019-06-23T23:23:39.189Z,sell,1.306e-05,307.0,0.00400942
ADX/BTC,1561332318536,2019-06-23T23:25:18.536Z,sell,1.305e-05,110.0,0.0014355
ADX/BTC,1561332328539,2019-06-23T23:25:28.539Z,sell,1.305e-05,1597.0,0.02084085
ADX/BTC,1561332348947,2019-06-23T23:25:48.947Z,buy,1.308e-05,305.0,0.0039894
ADX/BTC,1561332497679,2019-06-23T23:28:17.679Z,sell,1.301e-05,253.0,0.00329153
ADX/BTC,1561332643215,2019-06-23T23:30:43.215Z,buy,1.305e-05,400.0,0.00522
ADX/BTC,1561332643806,2019-06-23T23:30:43.806Z,sell,1.305e-05,495.0,0.00645975
ADX/BTC,1561332648685,2019-06-23T23:30:48.685Z,sell,1.306e-05,305.0,0.0039833
ADX/BTC,1561333188083,2019-06-23T23:39:48.083Z,sell,1.299e-05,123.0,0.0015977699999999
ADX/BTC,1561333188929,2019-06-23T23:39:48.929Z,sell,1.298e-05,103.0,0.00133694
ADX/BTC,1561333188929,2019-06-23T23:39:48.929Z,sell,1.298e-05,103.0,0.00133694
ADX/BTC,1561333983321,2019-06-23T23:53:03.321Z,sell,1.295e-05,724.0,0.0093758
ADX/BTC,1561334408811,2019-06-24T00:00:08.811Z,sell,1.295e-05,124.0,0.0016058
ADX/BTC,1561334430370,2019-06-24T00:00:30.370Z,sell,1.289e-05,79.0,0.00101831
ADX/BTC,1561334485505,2019-06-24T00:01:25.505Z,sell,1.293e-05,858.0,0.01109394
ADX/BTC,1561334485638,2019-06-24T00:01:25.638Z,sell,1.292e-05,86.0,0.00111112
ADX/BTC,1561334485814,2019-06-24T00:01:25.814Z,buy,1.29e-05,339.0,0.0043731
ADX/BTC,1561334486102,2019-06-24T00:01:26.102Z,buy,1.296e-05,339.0,0.00439344
ADX/BTC,1561334503321,2019-06-24T00:01:43.321Z,buy,1.296e-05,89.0,0.00115344
ADX/BTC,1561334503321,2019-06-24T00:01:43.321Z,buy,1.297e-05,1166.0,0.01512302
ADX/BTC,1561334516123,2019-06-24T00:01:56.123Z,buy,1.302e-05,91.0,0.00118482
ADX/BTC,1561334547442,2019-06-24T00:02:27.442Z,sell,1.297e-05,1831.0,0.02374807
ADX/BTC,1561334547442,2019-06-24T00:02:27.442Z,sell,1.296e-05,209.0,0.00270864
ADX/BTC,1561334708444,2019-06-24T00:05:08.444Z,buy,1.303e-05,1743.0,0.02271129
ADX/BTC,1561335066253,2019-06-24T00:11:06.253Z,buy,1.304e-05,1419.0,0.01850376
ADX/BTC,1561335071051,2019-06-24T00:11:11.051Z,buy,1.304e-05,767.0,0.01000168
ADX/BTC,1561335076706,2019-06-24T00:11:16.706Z,buy,1.305e-05,513.0,0.00669465
ADX/BTC,1561335076706,2019-06-24T00:11:16.706Z,buy,1.306e-05,766.0,0.01000396
ADX/BTC,1561335076706,2019-06-24T00:11:16.706Z,buy,1.307e-05,1491.0,0.01948737
ADX/BTC,1561335120854,2019-06-24T00:12:00.854Z,buy,1.307e-05,78.0,0.00101946
ADX/BTC,1561335125908,2019-06-24T00:12:05.908Z,sell,1.304e-05,452.0,0.00589408
ADX/BTC,1561335142198,2019-06-24T00:12:22.198Z,sell,1.302e-05,1225.0,0.0159495
ADX/BTC,1561335373141,2019-06-24T00:16:13.141Z,sell,1.296e-05,549.0,0.0071150399999999
ADX/BTC,1561335420864,2019-06-24T00:17:00.864Z,buy,1.3e-05,175.0,0.0022749999999999
ADX/BTC,1561335435865,2019-06-24T00:17:15.865Z,buy,1.3e-05,106.0,0.0013779999999999
ADX/BTC,1561335570874,2019-06-24T00:19:30.874Z,sell,1.296e-05,930.0,0.0120527999999999
ADX/BTC,1561335571750,2019-06-24T00:19:31.750Z,sell,1.296e-05,930.0,0.0120527999999999
ADX/BTC,1561335574818,2019-06-24T00:19:34.818Z,sell,1.296e-05,930.0,0.0120527999999999
ADX/BTC,1561335576662,2019-06-24T00:19:36.662Z,sell,1.296e-05,930.0,0.0120527999999999
ADX/BTC,1561335577559,2019-06-24T00:19:37.559Z,sell,1.297e-05,841.0,0.0109077699999999
ADX/BTC,1561335577559,2019-06-24T00:19:37.559Z,sell,1.296e-05,89.0,0.00115344
ADX/BTC,1561335579546,2019-06-24T00:19:39.546Z,sell,1.296e-05,929.0,0.01203984
ADX/BTC,1561335581377,2019-06-24T00:19:41.377Z,sell,1.296e-05,928.0,0.01202688
ADX/BTC,1561335584360,2019-06-24T00:19:44.360Z,sell,1.296e-05,929.0,0.01203984
ADX/BTC,1561335586346,2019-06-24T00:19:46.346Z,sell,1.296e-05,928.0,0.01202688
ADX/BTC,1561335589358,2019-06-24T00:19:49.358Z,sell,1.296e-05,929.0,0.01203984
ADX/BTC,1561335591154,2019-06-24T00:19:51.154Z,sell,1.296e-05,929.0,0.01203984
ADX/BTC,1561335641866,2019-06-24T00:20:41.866Z,sell,1.297e-05,198.0,0.00256806
ADX/BTC,1561335643866,2019-06-24T00:20:43.866Z,sell,1.297e-05,466.0,0.00604402
ADX/BTC,1561335649871,2019-06-24T00:20:49.871Z,sell,1.296e-05,2521.0,0.03267216
ADX/BTC,1561335651863,2019-06-24T00:20:51.863Z,sell,1.295e-05,706.0,0.0091427
ADX/BTC,1561335761868,2019-06-24T00:22:41.868Z,sell,1.295e-05,87.0,0.0011266499999999
ADX/BTC,1561335946880,2019-06-24T00:25:46.880Z,sell,1.293e-05,773.0,0.00999489
ADX/BTC,1561335948901,2019-06-24T00:25:48.901Z,buy,1.294e-05,841.0,0.01088254
ADX/BTC,1561335948901,2019-06-24T00:25:48.901Z,buy,1.295e-05,331.0,0.00428645
ADX/BTC,1561336028225,2019-06-24T00:27:08.225Z,buy,1.294e-05,1000.0,0.01294
ADX/BTC,1561336080527,2019-06-24T00:28:00.527Z,buy,1.294e-05,78.0,0.00100932
ADX/BTC,1561336180469,2019-06-24T00:29:40.469Z,sell,1.29e-05,268.0,0.0034572
ADX/BTC,1561336288894,2019-06-24T00:31:28.894Z,sell,1.294e-05,175.0,0.0022645
ADX/BTC,1561336303736,2019-06-24T00:31:43.736Z,buy,1.294e-05,400.0,0.005176
ADX/BTC,1561336379726,2019-06-24T00:32:59.726Z,buy,1.295e-05,183.0,0.0023698499999999
ADX/BTC,1561336530974,2019-06-24T00:35:30.974Z,sell,1.294e-05,166.0,0.00214804
ADX/BTC,1561336546907,2019-06-24T00:35:46.907Z,sell,1.294e-05,143.0,0.00185042
ADX/BTC,1561336549431,2019-06-24T00:35:49.431Z,sell,1.292e-05,169.0,0.00218348
ADX/BTC,1561336550907,2019-06-24T00:35:50.907Z,sell,1.292e-05,291.0,0.00375972
ADX/BTC,1561336550907,2019-06-24T00:35:50.907Z,sell,1.292e-05,291.0,0.00375972
ADX/BTC,1561336941884,2019-06-24T00:42:21.884Z,buy,1.297e-05,98.0,0.0012710599999999
ADX/BTC,1561336955918,2019-06-24T00:42:35.918Z,buy,1.297e-05,779.0,0.0101036299999999
ADX/BTC,1561337403371,2019-06-24T00:50:03.371Z,sell,1.294e-05,10908.0,0.14114952
ADX/BTC,1561337441220,2019-06-24T00:50:41.220Z,buy,1.299e-05,2004.0,0.02603196
ADX/BTC,1561337776599,2019-06-24T00:56:16.599Z,buy,1.299e-05,78.0,0.00101322
ADX/BTC,1561337776599,2019-06-24T00:56:16.599Z,buy,1.3e-05,460.0,0.0059799999999999
ADX/BTC,1561337776599,2019-06-24T00:56:16.599Z,buy,1.301e-05,229.0,0.00297929
ADX/BTC,1561337776664,2019-06-24T00:56:16.664Z,buy,1.301e-05,84.0,0.00109284
ADX/BTC,1561337791971,2019-06-24T00:56:31.971Z,buy,1.301e-05,1258.0,0.01636658
ADX/BTC,1561337795968,2019-06-24T00:56:35.968Z,buy,1.302e-05,268.0,0.00348936
ADX/BTC,1561338010111,2019-06-24T01:00:10.111Z,sell,1.306e-05,455.0,0.0059423
ADX/BTC,1561338010111,2019-06-24T01:00:10.111Z,sell,1.305e-05,1078.0,0.0140679
ADX/BTC,1561338010952,2019-06-24T01:00:10.952Z,buy,1.314e-05,110.0,0.0014454
ADX/BTC,1561338382992,2019-06-24T01:06:22.992Z,buy,1.306e-05,455.0,0.0059423
ADX/BTC,1561338386161,2019-06-24T01:06:26.161Z,buy,1.307e-05,110.0,0.0014377
ADX/BTC,1561338924813,2019-06-24T01:15:24.813Z,sell,1.303e-05,262.0,0.00341386
ADX/BTC,1561339024056,2019-06-24T01:17:04.056Z,buy,1.305e-05,192.0,0.0025056
ADX/BTC,1561339066371,2019-06-24T01:17:46.371Z,buy,1.305e-05,114.0,0.0014877
ADX/BTC,1561339621302,2019-06-24T01:27:01.302Z,sell,1.298e-05,1999.0,0.0259470199999999
ADX/BTC,1561339846454,2019-06-24T01:30:46.454Z,buy,1.305e-05,40.0,0.000522
ADX/BTC,1561339853471,2019-06-24T01:30:53.471Z,buy,1.309e-05,137.0,0.00179333
ADX/BTC,1561339853471,2019-06-24T01:30:53.471Z,buy,1.309e-05,137.0,0.00179333
ADX/BTC,1561340555112,2019-06-24T01:42:35.112Z,sell,1.304e-05,3235.0,0.0421844
ADX/BTC,1561340623091,2019-06-24T01:43:43.091Z,buy,1.31e-05,1569.0,0.0205539
ADX/BTC,1561340623091,2019-06-24T01:43:43.091Z,buy,1.311e-05,313.0,0.00410343
ADX/BTC,1561340623091,2019-06-24T01:43:43.091Z,buy,1.313e-05,1318.0,0.01730534
ADX/BTC,1561340623861,2019-06-24T01:43:43.861Z,buy,1.313e-05,1224.0,0.01607112
ADX/BTC,1561340623992,2019-06-24T01:43:43.992Z,buy,1.313e-05,3949.0,0.05185037
ADX/BTC,1561340623992,2019-06-24T01:43:43.992Z,buy,1.314e-05,2251.0,0.02957814
ADX/BTC,1561340624100,2019-06-24T01:43:44.100Z,buy,1.314e-05,1137.0,0.0149401799999999
ADX/BTC,1561340624748,2019-06-24T01:43:44.748Z,buy,1.314e-05,856.0,0.01124784
ADX/BTC,1561340624772,2019-06-24T01:43:44.772Z,buy,1.314e-05,350.0,0.004599
ADX/BTC,1561340624776,2019-06-24T01:43:44.776Z,buy,1.314e-05,1222.0,0.0160570799999999
ADX/BTC,1561340624784,2019-06-24T01:43:44.784Z,buy,1.314e-05,454.0,0.00596556
ADX/BTC,1561340628270,2019-06-24T01:43:48.270Z,buy,1.314e-05,464.0,0.00609696
ADX/BTC,1561340653170,2019-06-24T01:44:13.170Z,buy,1.314e-05,1214.0,0.01595196
ADX/BTC,1561340653434,2019-06-24T01:44:13.434Z,buy,1.315e-05,532.0,0.0069958
ADX/BTC,1561340653434,2019-06-24T01:44:13.434Z,buy,1.318e-05,967.0,0.0127450599999999
ADX/BTC,1561340653647,2019-06-24T01:44:13.647Z,buy,1.319e-05,523.0,0.00689837
ADX/BTC,1561340653800,2019-06-24T01:44:13.800Z,sell,1.318e-05,599.0,0.00789482
ADX/BTC,1561340654108,2019-06-24T01:44:14.108Z,buy,1.319e-05,183.0,0.00241377
ADX/BTC,1561340654108,2019-06-24T01:44:14.108Z,buy,1.32e-05,578.0,0.0076296
ADX/BTC,1561340654113,2019-06-24T01:44:14.113Z,sell,1.318e-05,615.0,0.0081056999999999
ADX/BTC,1561340654971,2019-06-24T01:44:14.971Z,sell,1.314e-05,116.0,0.00152424
ADX/BTC,1561340658372,2019-06-24T01:44:18.372Z,buy,1.319e-05,183.0,0.00241377
ADX/BTC,1561340658372,2019-06-24T01:44:18.372Z,buy,1.32e-05,10317.0,0.1361844
ADX/BTC,1561340660341,2019-06-24T01:44:20.341Z,buy,1.32e-05,13.0,0.0001716
ADX/BTC,1561340660513,2019-06-24T01:44:20.513Z,sell,1.321e-05,500.0,0.006605
ADX/BTC,1561340660731,2019-06-24T01:44:20.731Z,sell,1.321e-05,204.0,0.00269484
ADX/BTC,1561340661819,2019-06-24T01:44:21.819Z,buy,1.324e-05,1214.0,0.01607336
ADX/BTC,1561340662776,2019-06-24T01:44:22.776Z,buy,1.324e-05,1023.0,0.01354452
ADX/BTC,1561340663123,2019-06-24T01:44:23.123Z,sell,1.324e-05,188.0,0.00248912
ADX/BTC,1561340665080,2019-06-24T01:44:25.080Z,buy,1.325e-05,418.0,0.0055385
ADX/BTC,1561340665080,2019-06-24T01:44:25.080Z,buy,1.326e-05,1696.0,0.02248896
ADX/BTC,1561340665791,2019-06-24T01:44:25.791Z,buy,1.329e-05,950.0,0.0126255
ADX/BTC,1561340666668,2019-06-24T01:44:26.668Z,buy,1.329e-05,45.0,0.00059805
ADX/BTC,1561340666930,2019-06-24T01:44:26.930Z,buy,1.333e-05,2498.0,0.0332983399999999
ADX/BTC,1561340666930,2019-06-24T01:44:26.930Z,buy,1.335e-05,1452.0,0.0193841999999999
ADX/BTC,1561340668852,2019-06-24T01:44:28.852Z,sell,1.331e-05,106.0,0.00141086
ADX/BTC,1561340670025,2019-06-24T01:44:30.025Z,buy,1.334e-05,106.0,0.0014140399999999
ADX/BTC,1561340670025,2019-06-24T01:44:30.025Z,buy,1.335e-05,6.0,8.01e-05
ADX/BTC,1561340671743,2019-06-24T01:44:31.743Z,buy,1.334e-05,309.0,0.0041220599999999
ADX/BTC,1561340673589,2019-06-24T01:44:33.589Z,buy,1.335e-05,978.0,0.0130563
ADX/BTC,1561340673589,2019-06-24T01:44:33.589Z,buy,1.336e-05,1515.0,0.0202404
ADX/BTC,1561340673589,2019-06-24T01:44:33.589Z,buy,1.339e-05,657.0,0.00879723
ADX/BTC,1561340676105,2019-06-24T01:44:36.105Z,buy,1.339e-05,745.0,0.00997555
ADX/BTC,1561340676146,2019-06-24T01:44:36.146Z,buy,1.339e-05,1087.0,0.01455493
ADX/BTC,1561340677034,2019-06-24T01:44:37.034Z,buy,1.339e-05,1081.0,0.01447459
ADX/BTC,1561340677683,2019-06-24T01:44:37.683Z,buy,1.339e-05,1523.0,0.02039297
ADX/BTC,1561340677683,2019-06-24T01:44:37.683Z,buy,1.341e-05,2077.0,0.02785257
ADX/BTC,1561340677901,2019-06-24T01:44:37.901Z,sell,1.339e-05,247.0,0.00330733
ADX/BTC,1561340677911,2019-06-24T01:44:37.911Z,sell,1.339e-05,83.0,0.00111137
ADX/BTC,1561340678102,2019-06-24T01:44:38.102Z,buy,1.341e-05,1121.0,0.01503261
ADX/BTC,1561340678700,2019-06-24T01:44:38.700Z,buy,1.341e-05,899.0,0.01205559
ADX/BTC,1561340680099,2019-06-24T01:44:40.099Z,buy,1.341e-05,353.0,0.00473373
ADX/BTC,1561340680514,2019-06-24T01:44:40.514Z,buy,1.341e-05,420.0,0.0056322
ADX/BTC,1561340682739,2019-06-24T01:44:42.739Z,sell,1.336e-05,155.0,0.0020708
ADX/BTC,1561340687119,2019-06-24T01:44:47.119Z,sell,1.337e-05,1036.0,0.01385132
ADX/BTC,1561340687122,2019-06-24T01:44:47.122Z,sell,1.337e-05,3851.0,0.05148787
ADX/BTC,1561340687474,2019-06-24T01:44:47.474Z,buy,1.339e-05,134.0,0.00179426
ADX/BTC,1561340687474,2019-06-24T01:44:47.474Z,buy,1.341e-05,4984.0,0.06683544
ADX/BTC,1561340692182,2019-06-24T01:44:52.182Z,buy,1.341e-05,2234.0,0.02995794
ADX/BTC,1561340698027,2019-06-24T01:44:58.027Z,buy,1.341e-05,899.0,0.01205559
ADX/BTC,1561340698111,2019-06-24T01:44:58.111Z,buy,1.341e-05,879.0,0.01178739
ADX/BTC,1561340698111,2019-06-24T01:44:58.111Z,buy,1.343e-05,240.0,0.0032232
ADX/BTC,1561340698861,2019-06-24T01:44:58.861Z,buy,1.343e-05,818.0,0.01098574
ADX/BTC,1561340699051,2019-06-24T01:44:59.051Z,buy,1.344e-05,5208.0,0.06999552
ADX/BTC,1561340699666,2019-06-24T01:44:59.666Z,sell,1.345e-05,162.0,0.0021789
ADX/BTC,1561340700461,2019-06-24T01:45:00.461Z,buy,1.353e-05,308.0,0.00416724
ADX/BTC,1561340700461,2019-06-24T01:45:00.461Z,buy,1.361e-05,542.0,0.00737662
ADX/BTC,1561340700632,2019-06-24T01:45:00.632Z,sell,1.347e-05,77.0,0.00103719
ADX/BTC,1561340700781,2019-06-24T01:45:00.781Z,buy,1.36e-05,77.0,0.0010472
ADX/BTC,1561340700781,2019-06-24T01:45:00.781Z,buy,1.361e-05,171.0,0.00232731
ADX/BTC,1561340701165,2019-06-24T01:45:01.165Z,sell,1.348e-05,112.0,0.00150976
ADX/BTC,1561340701467,2019-06-24T01:45:01.467Z,buy,1.36e-05,112.0,0.0015232
ADX/BTC,1561340701467,2019-06-24T01:45:01.467Z,buy,1.361e-05,357.0,0.00485877
ADX/BTC,1561340701467,2019-06-24T01:45:01.467Z,buy,1.363e-05,200.0,0.002726
ADX/BTC,1561340703314,2019-06-24T01:45:03.314Z,buy,1.364e-05,153.0,0.00208692
ADX/BTC,1561340703314,2019-06-24T01:45:03.314Z,buy,1.37e-05,11.0,0.0001507
ADX/BTC,1561340703314,2019-06-24T01:45:03.314Z,buy,1.374e-05,3586.0,0.04927164
ADX/BTC,1561340703730,2019-06-24T01:45:03.730Z,buy,1.374e-05,588.0,0.00807912
ADX/BTC,1561340703730,2019-06-24T01:45:03.730Z,buy,1.377e-05,2000.0,0.02754
ADX/BTC,1561340703730,2019-06-24T01:45:03.730Z,buy,1.378e-05,103.0,0.00141934
ADX/BTC,1561340704116,2019-06-24T01:45:04.116Z,buy,1.378e-05,5490.0,0.0756522
ADX/BTC,1561340705306,2019-06-24T01:45:05.306Z,sell,1.355e-05,440.0,0.005962
ADX/BTC,1561340706784,2019-06-24T01:45:06.784Z,buy,1.376e-05,94.0,0.00129344
ADX/BTC,1561340706784,2019-06-24T01:45:06.784Z,buy,1.377e-05,52.0,0.00071604
ADX/BTC,1561340709740,2019-06-24T01:45:09.740Z,sell,1.363e-05,1168.0,0.01591984
ADX/BTC,1561340710119,2019-06-24T01:45:10.119Z,sell,1.363e-05,948.0,0.01292124
ADX/BTC,1561340710154,2019-06-24T01:45:10.154Z,buy,1.372e-05,106.0,0.00145432
ADX/BTC,1561340710612,2019-06-24T01:45:10.612Z,buy,1.371e-05,435.0,0.00596385
ADX/BTC,1561340710612,2019-06-24T01:45:10.612Z,buy,1.373e-05,184.0,0.00252632
ADX/BTC,1561340710612,2019-06-24T01:45:10.612Z,buy,1.377e-05,804.0,0.01107108
ADX/BTC,1561340710833,2019-06-24T01:45:10.833Z,sell,1.365e-05,1169.0,0.0159568499999999
ADX/BTC,1561340710925,2019-06-24T01:45:10.925Z,sell,1.365e-05,10440.0,0.142506
ADX/BTC,1561340711123,2019-06-24T01:45:11.123Z,sell,1.365e-05,4089.0,0.05581485
ADX/BTC,1561340711240,2019-06-24T01:45:11.240Z,sell,1.364e-05,4905.0,0.0669042
ADX/BTC,1561340711240,2019-06-24T01:45:11.240Z,sell,1.363e-05,548.0,0.00746924
ADX/BTC,1561340711501,2019-06-24T01:45:11.501Z,buy,1.371e-05,109.0,0.00149439
ADX/BTC,1561340712103,2019-06-24T01:45:12.103Z,sell,1.357e-05,2202.0,0.02988114
ADX/BTC,1561340714122,2019-06-24T01:45:14.122Z,sell,1.36e-05,580.0,0.007888
ADX/BTC,1561340716115,2019-06-24T01:45:16.115Z,sell,1.361e-05,12645.0,0.17209845
ADX/BTC,1561340719127,2019-06-24T01:45:19.127Z,sell,1.361e-05,658.0,0.00895538
ADX/BTC,1561340719275,2019-06-24T01:45:19.275Z,buy,1.37e-05,74.0,0.0010138
ADX/BTC,1561340745302,2019-06-24T01:45:45.302Z,sell,1.36e-05,5100.0,0.06936
ADX/BTC,1561340760573,2019-06-24T01:46:00.573Z,sell,1.36e-05,47.0,0.0006392
ADX/BTC,1561340767246,2019-06-24T01:46:07.246Z,sell,1.353e-05,4520.0,0.0611556
ADX/BTC,1561340767246,2019-06-24T01:46:07.246Z,sell,1.352e-05,832.0,0.0112486399999999
ADX/BTC,1561340767246,2019-06-24T01:46:07.246Z,sell,1.35e-05,3298.0,0.044523
ADX/BTC,1561340770402,2019-06-24T01:46:10.402Z,sell,1.352e-05,1423.0,0.01923896
ADX/BTC,1561340770469,2019-06-24T01:46:10.469Z,sell,1.352e-05,188.0,0.0025417599999999
ADX/BTC,1561340770658,2019-06-24T01:46:10.658Z,sell,1.352e-05,85.0,0.0011492
ADX/BTC,1561340772978,2019-06-24T01:46:12.978Z,sell,1.352e-05,187.0,0.0025282399999999
ADX/BTC,1561340775033,2019-06-24T01:46:15.033Z,sell,1.352e-05,90.0,0.0012167999999999
ADX/BTC,1561340777535,2019-06-24T01:46:17.535Z,sell,1.35e-05,165.0,0.0022275
ADX/BTC,1561340777876,2019-06-24T01:46:17.876Z,sell,1.35e-05,1301.0,0.0175635
ADX/BTC,1561340781685,2019-06-24T01:46:21.685Z,buy,1.358e-05,1494.0,0.02028852
ADX/BTC,1561340781685,2019-06-24T01:46:21.685Z,buy,1.359e-05,1084.0,0.01473156
ADX/BTC,1561340781685,2019-06-24T01:46:21.685Z,buy,1.36e-05,1586.0,0.0215696
ADX/BTC,1561340781685,2019-06-24T01:46:21.685Z,buy,1.363e-05,3346.0,0.04560598
ADX/BTC,1561340781685,2019-06-24T01:46:21.685Z,buy,1.366e-05,490.0,0.0066933999999999
ADX/BTC,1561340781707,2019-06-24T01:46:21.707Z,buy,1.366e-05,620.0,0.0084692
ADX/BTC,1561340781707,2019-06-24T01:46:21.707Z,buy,1.368e-05,966.0,0.01321488
ADX/BTC,1561340782157,2019-06-24T01:46:22.157Z,buy,1.37e-05,367.0,0.0050279
ADX/BTC,1561340786152,2019-06-24T01:46:26.152Z,sell,1.358e-05,1183.0,0.01606514
ADX/BTC,1561340786568,2019-06-24T01:46:26.568Z,sell,1.358e-05,1187.0,0.01611946
ADX/BTC,1561340787004,2019-06-24T01:46:27.004Z,sell,1.358e-05,1184.0,0.01607872
ADX/BTC,1561340789951,2019-06-24T01:46:29.951Z,sell,1.359e-05,236.0,0.00320724
ADX/BTC,1561340796386,2019-06-24T01:46:36.386Z,sell,1.359e-05,202.0,0.00274518
ADX/BTC,1561340796386,2019-06-24T01:46:36.386Z,sell,1.358e-05,581.0,0.00788998
ADX/BTC,1561340803800,2019-06-24T01:46:43.800Z,sell,1.358e-05,118.0,0.00160244
ADX/BTC,1561340837123,2019-06-24T01:47:17.123Z,sell,1.356e-05,841.0,0.01140396
ADX/BTC,1561340837824,2019-06-24T01:47:17.824Z,buy,1.358e-05,465.0,0.0063147
ADX/BTC,1561340840541,2019-06-24T01:47:20.541Z,sell,1.358e-05,1189.0,0.01614662
ADX/BTC,1561340841383,2019-06-24T01:47:21.383Z,sell,1.358e-05,1189.0,0.01614662
ADX/BTC,1561340841961,2019-06-24T01:47:21.961Z,sell,1.358e-05,3838.0,0.05212004
ADX/BTC,1561340841961,2019-06-24T01:47:21.961Z,sell,1.356e-05,80.0,0.0010848
ADX/BTC,1561340841961,2019-06-24T01:47:21.961Z,sell,1.355e-05,1651.0,0.02237105
ADX/BTC,1561340842107,2019-06-24T01:47:22.107Z,sell,1.355e-05,2208.0,0.0299184
ADX/BTC,1561340881425,2019-06-24T01:48:01.425Z,sell,1.351e-05,337.0,0.00455287
ADX/BTC,1561340899994,2019-06-24T01:48:19.994Z,sell,1.351e-05,3059.0,0.04132709
ADX/BTC,1561340899994,2019-06-24T01:48:19.994Z,sell,1.35e-05,3924.0,0.052974
ADX/BTC,1561340899994,2019-06-24T01:48:19.994Z,sell,1.348e-05,717.0,0.0096651599999999
ADX/BTC,1561340903272,2019-06-24T01:48:23.272Z,sell,1.349e-05,3417.0,0.04609533
ADX/BTC,1561340927276,2019-06-24T01:48:47.276Z,sell,1.35e-05,388.0,0.005238
ADX/BTC,1561340942075,2019-06-24T01:49:02.075Z,sell,1.35e-05,450.0,0.006075
ADX/BTC,1561340958160,2019-06-24T01:49:18.160Z,buy,1.355e-05,438.0,0.0059349
ADX/BTC,1561340958160,2019-06-24T01:49:18.160Z,buy,1.356e-05,2938.0,0.03983928
ADX/BTC,1561340964822,2019-06-24T01:49:24.822Z,sell,1.351e-05,426.0,0.00575526
ADX/BTC,1561340964856,2019-06-24T01:49:24.856Z,sell,1.351e-05,15.0,0.00020265
ADX/BTC,1561340964856,2019-06-24T01:49:24.856Z,sell,1.35e-05,2557.0,0.0345195
ADX/BTC,1561340964856,2019-06-24T01:49:24.856Z,sell,1.349e-05,507.0,0.00683943
ADX/BTC,1561340964856,2019-06-24T01:49:24.856Z,sell,1.347e-05,5196.0,0.06999012
ADX/BTC,1561340998205,2019-06-24T01:49:58.205Z,buy,1.347e-05,135.0,0.0018184499999999
ADX/BTC,1561340999423,2019-06-24T01:49:59.423Z,buy,1.346e-05,200.0,0.002692
ADX/BTC,1561341001320,2019-06-24T01:50:01.320Z,buy,1.346e-05,99.0,0.00133254
ADX/BTC,1561341011832,2019-06-24T01:50:11.832Z,sell,1.343e-05,113.0,0.00151759
ADX/BTC,1561341011832,2019-06-24T01:50:11.832Z,sell,1.343e-05,106.0,0.00142358
ADX/BTC,1561341027371,2019-06-24T01:50:27.371Z,sell,1.343e-05,1037.0,0.01392691
ADX/BTC,1561341054465,2019-06-24T01:50:54.465Z,buy,1.338e-05,83.0,0.00111054
ADX/BTC,1561341059314,2019-06-24T01:50:59.314Z,sell,1.335e-05,112.0,0.0014952
ADX/BTC,1561341200379,2019-06-24T01:53:20.379Z,sell,1.334e-05,436.0,0.0058162399999999
ADX/BTC,1561341214585,2019-06-24T01:53:34.585Z,sell,1.334e-05,295.0,0.0039353
ADX/BTC,1561341220062,2019-06-24T01:53:40.062Z,sell,1.334e-05,687.0,0.00916458
ADX/BTC,1561341256131,2019-06-24T01:54:16.131Z,sell,1.334e-05,642.0,0.0085642799999999
ADX/BTC,1561341266619,2019-06-24T01:54:26.619Z,sell,1.334e-05,1078.0,0.0143805199999999
ADX/BTC,1561341266620,2019-06-24T01:54:26.620Z,sell,1.334e-05,667.0,0.00889778
ADX/BTC,1561341305218,2019-06-24T01:55:05.218Z,buy,1.334e-05,2600.0,0.034684
ADX/BTC,1561341306847,2019-06-24T01:55:06.847Z,sell,1.333e-05,556.0,0.00741148
ADX/BTC,1561341306847,2019-06-24T01:55:06.847Z,sell,1.333e-05,699.0,0.00931767
ADX/BTC,1561341341256,2019-06-24T01:55:41.256Z,sell,1.333e-05,9579.0,0.12768807
ADX/BTC,1561341410531,2019-06-24T01:56:50.531Z,sell,1.333e-05,125.0,0.00166625
ADX/BTC,1561341446135,2019-06-24T01:57:26.135Z,sell,1.333e-05,169.0,0.00225277
ADX/BTC,1561341446135,2019-06-24T01:57:26.135Z,sell,1.331e-05,275.0,0.00366025
ADX/BTC,1561341446135,2019-06-24T01:57:26.135Z,sell,1.33e-05,1206.0,0.0160398
ADX/BTC,1561341462971,2019-06-24T01:57:42.971Z,sell,1.329e-05,1163.0,0.01545627
ADX/BTC,1561341481903,2019-06-24T01:58:01.903Z,sell,1.325e-05,806.0,0.0106795
ADX/BTC,1561341665868,2019-06-24T02:01:05.868Z,buy,1.329e-05,300.0,0.003987
ADX/BTC,1561341692181,2019-06-24T02:01:32.181Z,buy,1.327e-05,517.0,0.00686059
ADX/BTC,1561341789709,2019-06-24T02:03:09.709Z,buy,1.329e-05,1002.0,0.01331658
ADX/BTC,1561341790100,2019-06-24T02:03:10.100Z,buy,1.329e-05,750.0,0.0099675
ADX/BTC,1561341797595,2019-06-24T02:03:17.595Z,buy,1.329e-05,23.0,0.00030567
ADX/BTC,1561341900601,2019-06-24T02:05:00.601Z,buy,1.325e-05,1195.0,0.01583375
ADX/BTC,1561341902099,2019-06-24T02:05:02.099Z,buy,1.325e-05,16.0,0.000212
ADX/BTC,1561341902099,2019-06-24T02:05:02.099Z,buy,1.328e-05,146.0,0.00193888
ADX/BTC,1561341902099,2019-06-24T02:05:02.099Z,buy,1.329e-05,64.0,0.00085056
ADX/BTC,1561342301923,2019-06-24T02:11:41.923Z,buy,1.33e-05,85.0,0.0011305
ADX/BTC,1561342317836,2019-06-24T02:11:57.836Z,sell,1.33e-05,144.0,0.0019152
ADX/BTC,1561342317836,2019-06-24T02:11:57.836Z,sell,1.33e-05,144.0,0.0019152
ADX/BTC,1561343540944,2019-06-24T02:32:20.944Z,sell,1.329e-05,119.0,0.00158151
ADX/BTC,1561343906819,2019-06-24T02:38:26.819Z,sell,1.329e-05,79.0,0.00104991
ADX/BTC,1561343973878,2019-06-24T02:39:33.878Z,sell,1.329e-05,932.0,0.01238628
ADX/BTC,1561344240527,2019-06-24T02:44:00.527Z,buy,1.329e-05,76.0,0.00101004
ADX/BTC,1561344976190,2019-06-24T02:56:16.190Z,sell,1.323e-05,210.0,0.0027783
ADX/BTC,1561344976190,2019-06-24T02:56:16.190Z,sell,1.323e-05,87.0,0.00115101
ADX/BTC,1561344976190,2019-06-24T02:56:16.190Z,sell,1.322e-05,376.0,0.00497072
ADX/BTC,1561344976190,2019-06-24T02:56:16.190Z,sell,1.322e-05,460.0,0.0060812
ADX/BTC,1561345085019,2019-06-24T02:58:05.019Z,sell,1.322e-05,76.0,0.00100472
ADX/BTC,1561345085019,2019-06-24T02:58:05.019Z,sell,1.321e-05,431.0,0.00569351
ADX/BTC,1561345085364,2019-06-24T02:58:05.364Z,buy,1.321e-05,293.0,0.00387053
ADX/BTC,1561345088296,2019-06-24T02:58:08.296Z,buy,1.327e-05,164.0,0.00217628
ADX/BTC,1561345234493,2019-06-24T03:00:34.493Z,sell,1.32e-05,89.0,0.0011748
ADX/BTC,1561345236340,2019-06-24T03:00:36.340Z,buy,1.325e-05,83.0,0.00109975
ADX/BTC,1561345332484,2019-06-24T03:02:12.484Z,buy,1.325e-05,3389.0,0.04490425
ADX/BTC,1561345332484,2019-06-24T03:02:12.484Z,buy,1.326e-05,381.0,0.00505206
ADX/BTC,1561345461994,2019-06-24T03:04:21.994Z,sell,1.321e-05,2200.0,0.029062
ADX/BTC,1561345535985,2019-06-24T03:05:35.985Z,sell,1.321e-05,1204.0,0.01590484
ADX/BTC,1561345606618,2019-06-24T03:06:46.618Z,sell,1.321e-05,203.0,0.00268163
ADX/BTC,1561345698050,2019-06-24T03:08:18.050Z,sell,1.321e-05,1217.0,0.01607657
ADX/BTC,1561345698105,2019-06-24T03:08:18.105Z,sell,1.321e-05,230.0,0.0030383
ADX/BTC,1561345698105,2019-06-24T03:08:18.105Z,sell,1.32e-05,907.0,0.0119724
ADX/BTC,1561345699269,2019-06-24T03:08:19.269Z,sell,1.32e-05,208.0,0.0027456
ADX/BTC,1561345700647,2019-06-24T03:08:20.647Z,sell,1.319e-05,680.0,0.0089692
ADX/BTC,1561345701602,2019-06-24T03:08:21.602Z,sell,1.319e-05,471.0,0.00621249
ADX/BTC,1561345752786,2019-06-24T03:09:12.786Z,sell,1.318e-05,265.0,0.0034926999999999
ADX/BTC,1561345854269,2019-06-24T03:10:54.269Z,buy,1.325e-05,340.0,0.004505
ADX/BTC,1561345913273,2019-06-24T03:11:53.273Z,sell,1.314e-05,1213.0,0.01593882
ADX/BTC,1561345914139,2019-06-24T03:11:54.139Z,sell,1.314e-05,1213.0,0.01593882
ADX/BTC,1561345915242,2019-06-24T03:11:55.242Z,sell,1.314e-05,953.0,0.01252242
ADX/BTC,1561345916793,2019-06-24T03:11:56.793Z,sell,1.313e-05,99.0,0.00129987
ADX/BTC,1561345916869,2019-06-24T03:11:56.869Z,buy,1.313e-05,1060.0,0.0139178
ADX/BTC,1561345916869,2019-06-24T03:11:56.869Z,buy,1.313e-05,1060.0,0.0139178
ADX/BTC,1561345918406,2019-06-24T03:11:58.406Z,sell,1.312e-05,1057.0,0.01386784
ADX/BTC,1561345929705,2019-06-24T03:12:09.705Z,buy,1.312e-05,155.0,0.0020336
ADX/BTC,1561345931371,2019-06-24T03:12:11.371Z,sell,1.312e-05,1212.0,0.01590144
ADX/BTC,1561345932596,2019-06-24T03:12:12.596Z,sell,1.312e-05,1212.0,0.01590144
ADX/BTC,1561345933684,2019-06-24T03:12:13.684Z,sell,1.312e-05,1212.0,0.01590144
ADX/BTC,1561345934719,2019-06-24T03:12:14.719Z,sell,1.312e-05,1223.0,0.01604576
ADX/BTC,1561345936683,2019-06-24T03:12:16.683Z,sell,1.312e-05,1212.0,0.01590144
ADX/BTC,1561345937884,2019-06-24T03:12:17.884Z,sell,1.312e-05,1212.0,0.01590144
ADX/BTC,1561345942403,2019-06-24T03:12:22.403Z,sell,1.312e-05,1212.0,0.01590144
ADX/BTC,1561345943876,2019-06-24T03:12:23.876Z,sell,1.312e-05,944.0,0.01238528
ADX/BTC,1561345967412,2019-06-24T03:12:47.412Z,buy,1.312e-05,268.0,0.00351616
ADX/BTC,1561347122588,2019-06-24T03:32:02.588Z,buy,1.313e-05,54.0,0.00070902
ADX/BTC,1561347124989,2019-06-24T03:32:04.989Z,sell,1.313e-05,42.0,0.00055146
ADX/BTC,1561347341489,2019-06-24T03:35:41.489Z,buy,1.314e-05,260.0,0.0034164
ADX/BTC,1561347706121,2019-06-24T03:41:46.121Z,sell,1.312e-05,1225.0,0.016072
ADX/BTC,1561347706423,2019-06-24T03:41:46.423Z,sell,1.312e-05,1224.0,0.01605888
ADX/BTC,1561347707293,2019-06-24T03:41:47.293Z,sell,1.312e-05,1225.0,0.016072
ADX/BTC,1561347707389,2019-06-24T03:41:47.389Z,sell,1.312e-05,1198.0,0.01571776
ADX/BTC,1561347708158,2019-06-24T03:41:48.158Z,sell,1.312e-05,1220.0,0.0160064
ADX/BTC,1561347708512,2019-06-24T03:41:48.512Z,sell,1.312e-05,394.0,0.00516928
ADX/BTC,1561347708520,2019-06-24T03:41:48.520Z,sell,1.312e-05,1224.0,0.01605888
ADX/BTC,1561348108045,2019-06-24T03:48:28.045Z,sell,1.313e-05,761.0,0.00999193
ADX/BTC,1561348308707,2019-06-24T03:51:48.707Z,sell,1.317e-05,86.0,0.00113262
ADX/BTC,1561349220763,2019-06-24T04:07:00.763Z,buy,1.313e-05,390.0,0.0051207
ADX/BTC,1561349280519,2019-06-24T04:08:00.519Z,buy,1.313e-05,20.0,0.0002626
ADX/BTC,1561349295611,2019-06-24T04:08:15.611Z,sell,1.313e-05,57.0,0.00074841
ADX/BTC,1561349296632,2019-06-24T04:08:16.632Z,buy,1.312e-05,2241.0,0.0294019199999999
ADX/BTC,1561349461593,2019-06-24T04:11:01.593Z,sell,1.31e-05,339.0,0.0044409
ADX/BTC,1561349461593,2019-06-24T04:11:01.593Z,sell,1.31e-05,339.0,0.0044409
ADX/BTC,1561349554883,2019-06-24T04:12:34.883Z,sell,1.31e-05,382.0,0.0050042
ADX/BTC,1561349556925,2019-06-24T04:12:36.925Z,sell,1.31e-05,3434.0,0.0449854
ADX/BTC,1561349583614,2019-06-24T04:13:03.614Z,buy,1.319e-05,379.0,0.00499901
ADX/BTC,1561349895061,2019-06-24T04:18:15.061Z,sell,1.312e-05,453.0,0.00594336
ADX/BTC,1561349895061,2019-06-24T04:18:15.061Z,sell,1.311e-05,10534.0,0.13810074
ADX/BTC,1561349908310,2019-06-24T04:18:28.310Z,buy,1.312e-05,224.0,0.00293888
ADX/BTC,1561350053064,2019-06-24T04:20:53.064Z,buy,1.314e-05,2843.0,0.03735702
ADX/BTC,1561350206029,2019-06-24T04:23:26.029Z,sell,1.311e-05,1188.0,0.01557468
ADX/BTC,1561350206093,2019-06-24T04:23:26.093Z,sell,1.311e-05,765.0,0.01002915
ADX/BTC,1561350206879,2019-06-24T04:23:26.879Z,sell,1.311e-05,423.0,0.00554553
ADX/BTC,1561350288946,2019-06-24T04:24:48.946Z,sell,1.311e-05,300.0,0.003933
ADX/BTC,1561350840585,2019-06-24T04:34:00.585Z,buy,1.31e-05,118.0,0.0015458
ADX/BTC,1561350841170,2019-06-24T04:34:01.170Z,sell,1.309e-05,117.0,0.00153153
ADX/BTC,1561351165925,2019-06-24T04:39:25.925Z,buy,1.31e-05,135.0,0.0017684999999999
ADX/BTC,1561351232810,2019-06-24T04:40:32.810Z,buy,1.31e-05,284.0,0.0037204
ADX/BTC,1561351233933,2019-06-24T04:40:33.933Z,buy,1.31e-05,921.0,0.0120651
ADX/BTC,1561351258233,2019-06-24T04:40:58.233Z,buy,1.31e-05,130.0,0.001703
ADX/BTC,1561351689980,2019-06-24T04:48:09.980Z,buy,1.309e-05,686.0,0.00897974
ADX/BTC,1561351740520,2019-06-24T04:49:00.520Z,buy,1.309e-05,77.0,0.00100793
ADX/BTC,1561351817366,2019-06-24T04:50:17.366Z,sell,1.306e-05,11305.0,0.1476433
ADX/BTC,1561351865805,2019-06-24T04:51:05.805Z,sell,1.306e-05,86.0,0.00112316
ADX/BTC,1561351950783,2019-06-24T04:52:30.783Z,buy,1.304e-05,476.0,0.00620704
ADX/BTC,1561352054990,2019-06-24T04:54:14.990Z,sell,1.304e-05,77.0,0.00100408
ADX/BTC,1561352180681,2019-06-24T04:56:20.681Z,sell,1.301e-05,100.0,0.001301
ADX/BTC,1561352180971,2019-06-24T04:56:20.971Z,buy,1.301e-05,200.0,0.002602
ADX/BTC,1561352181527,2019-06-24T04:56:21.527Z,buy,1.301e-05,76.0,0.00098876
ADX/BTC,1561352181527,2019-06-24T04:56:21.527Z,buy,1.302e-05,124.0,0.00161448
ADX/BTC,1561352182205,2019-06-24T04:56:22.205Z,sell,1.297e-05,109.0,0.00141373
ADX/BTC,1561352182205,2019-06-24T04:56:22.205Z,sell,1.297e-05,345.0,0.00447465
ADX/BTC,1561352182205,2019-06-24T04:56:22.205Z,sell,1.296e-05,622.0,0.00806112
ADX/BTC,1561352183622,2019-06-24T04:56:23.622Z,buy,1.301e-05,153.0,0.00199053
ADX/BTC,1561352184453,2019-06-24T04:56:24.453Z,buy,1.301e-05,200.0,0.002602
ADX/BTC,1561352221487,2019-06-24T04:57:01.487Z,buy,1.3e-05,1449.0,0.018837
ADX/BTC,1561352222762,2019-06-24T04:57:02.762Z,buy,1.299e-05,101.0,0.0013119899999999
ADX/BTC,1561352222762,2019-06-24T04:57:02.762Z,buy,1.3e-05,1755.0,0.022815
ADX/BTC,1561352237294,2019-06-24T04:57:17.294Z,buy,1.3e-05,28.0,0.0003639999999999
ADX/BTC,1561352380435,2019-06-24T04:59:40.435Z,buy,1.303e-05,342.0,0.00445626
ADX/BTC,1561352632329,2019-06-24T05:03:52.329Z,buy,1.303e-05,1075.0,0.01400725
ADX/BTC,1561353052896,2019-06-24T05:10:52.896Z,sell,1.302e-05,92.0,0.00119784
ADX/BTC,1561353052896,2019-06-24T05:10:52.896Z,sell,1.302e-05,92.0,0.00119784
ADX/BTC,1561353126361,2019-06-24T05:12:06.361Z,buy,1.303e-05,303.0,0.00394809
ADX/BTC,1561353616968,2019-06-24T05:20:16.968Z,sell,1.299e-05,365.0,0.00474135
ADX/BTC,1561353624675,2019-06-24T05:20:24.675Z,buy,1.302e-05,200.0,0.002604
ADX/BTC,1561353634303,2019-06-24T05:20:34.303Z,buy,1.303e-05,107.0,0.00139421
ADX/BTC,1561353859433,2019-06-24T05:24:19.433Z,buy,1.303e-05,713.0,0.00929039
ADX/BTC,1561354390639,2019-06-24T05:33:10.639Z,sell,1.298e-05,324.0,0.00420552
ADX/BTC,1561354391170,2019-06-24T05:33:11.170Z,sell,1.299e-05,324.0,0.00420876
ADX/BTC,1561354391270,2019-06-24T05:33:11.270Z,sell,1.299e-05,129.0,0.00167571
ADX/BTC,1561354409329,2019-06-24T05:33:29.329Z,sell,1.297e-05,953.0,0.0123604099999999
ADX/BTC,1561354544247,2019-06-24T05:35:44.247Z,sell,1.297e-05,356.0,0.0046173199999999
ADX/BTC,1561354749375,2019-06-24T05:39:09.375Z,sell,1.297e-05,1408.0,0.01826176
ADX/BTC,1561354844421,2019-06-24T05:40:44.421Z,sell,1.293e-05,166.0,0.00214638
ADX/BTC,1561354844421,2019-06-24T05:40:44.421Z,sell,1.292e-05,346.0,0.00447032
ADX/BTC,1561354844421,2019-06-24T05:40:44.421Z,sell,1.288e-05,116.0,0.00149408
ADX/BTC,1561354878526,2019-06-24T05:41:18.526Z,buy,1.294e-05,229.0,0.00296326
ADX/BTC,1561354891076,2019-06-24T05:41:31.076Z,buy,1.294e-05,78.0,0.00100932
ADX/BTC,1561354904560,2019-06-24T05:41:44.560Z,buy,1.294e-05,146.0,0.00188924
ADX/BTC,1561354904613,2019-06-24T05:41:44.613Z,sell,1.294e-05,287.0,0.00371378
ADX/BTC,1561354904614,2019-06-24T05:41:44.614Z,sell,1.294e-05,35.0,0.0004529
ADX/BTC,1561354911376,2019-06-24T05:41:51.376Z,sell,1.29e-05,142.0,0.0018318
ADX/BTC,1561354911382,2019-06-24T05:41:51.382Z,sell,1.29e-05,129.0,0.0016641
ADX/BTC,1561355169080,2019-06-24T05:46:09.080Z,sell,1.293e-05,642.0,0.00830106
ADX/BTC,1561355434687,2019-06-24T05:50:34.687Z,buy,1.299e-05,112.0,0.00145488
ADX/BTC,1561356058865,2019-06-24T06:00:58.865Z,sell,1.303e-05,83.0,0.00108149
ADX/BTC,1561356058907,2019-06-24T06:00:58.907Z,sell,1.295e-05,83.0,0.00107485
ADX/BTC,1561356511397,2019-06-24T06:08:31.397Z,buy,1.302e-05,153.0,0.00199206
ADX/BTC,1561356602742,2019-06-24T06:10:02.742Z,sell,1.297e-05,154.0,0.00199738
ADX/BTC,1561356602742,2019-06-24T06:10:02.742Z,sell,1.296e-05,1414.0,0.01832544
ADX/BTC,1561356602742,2019-06-24T06:10:02.742Z,sell,1.295e-05,1272.0,0.0164723999999999
ADX/BTC,1561356602742,2019-06-24T06:10:02.742Z,sell,1.297e-05,154.0,0.00199738
ADX/BTC,1561356602742,2019-06-24T06:10:02.742Z,sell,1.296e-05,1414.0,0.01832544
ADX/BTC,1561356602742,2019-06-24T06:10:02.742Z,sell,1.295e-05,1272.0,0.0164723999999999
ADX/BTC,1561357354836,2019-06-24T06:22:34.836Z,sell,1.295e-05,531.0,0.00687645
ADX/BTC,1561357354962,2019-06-24T06:22:34.962Z,buy,1.303e-05,82.0,0.00106846
ADX/BTC,1561357359098,2019-06-24T06:22:39.098Z,buy,1.303e-05,153.0,0.00199359
ADX/BTC,1561357422119,2019-06-24T06:23:42.119Z,sell,1.296e-05,235.0,0.0030456
ADX/BTC,1561357422119,2019-06-24T06:23:42.119Z,sell,1.295e-05,295.0,0.00382025
ADX/BTC,1561357872500,2019-06-24T06:31:12.500Z,sell,1.3e-05,78.0,0.001014
ADX/BTC,1561358339979,2019-06-24T06:38:59.979Z,buy,1.3e-05,6.0,7.8e-05
ADX/BTC,1561358341690,2019-06-24T06:39:01.690Z,buy,1.303e-05,79.0,0.00102937
ADX/BTC,1561358853249,2019-06-24T06:47:33.249Z,buy,1.303e-05,78.0,0.00101634
ADX/BTC,1561358853249,2019-06-24T06:47:33.249Z,buy,1.304e-05,996.0,0.01298784
ADX/BTC,1561358907406,2019-06-24T06:48:27.406Z,buy,1.303e-05,346.0,0.00450838
ADX/BTC,1561358907406,2019-06-24T06:48:27.406Z,buy,1.304e-05,376.0,0.00490304
ADX/BTC,1561358907406,2019-06-24T06:48:27.406Z,buy,1.305e-05,45.0,0.00058725
ADX/BTC,1561358909480,2019-06-24T06:48:29.480Z,sell,1.303e-05,99.0,0.00128997
ADX/BTC,1561358910266,2019-06-24T06:48:30.266Z,buy,1.305e-05,110.0,0.0014355
ADX/BTC,1561358931908,2019-06-24T06:48:51.908Z,buy,1.305e-05,364.0,0.0047502
ADX/BTC,1561359065151,2019-06-24T06:51:05.151Z,buy,1.3e-05,77.0,0.001001
ADX/BTC,1561359096319,2019-06-24T06:51:36.319Z,buy,1.301e-05,116.0,0.00150916
ADX/BTC,1561359271769,2019-06-24T06:54:31.769Z,buy,1.304e-05,193.0,0.00251672
ADX/BTC,1561359278808,2019-06-24T06:54:38.808Z,buy,1.305e-05,730.0,0.0095265
ADX/BTC,1561359286157,2019-06-24T06:54:46.157Z,buy,1.306e-05,1000.0,0.01306
ADX/BTC,1561359300810,2019-06-24T06:55:00.810Z,buy,1.306e-05,500.0,0.00653
ADX/BTC,1561359300810,2019-06-24T06:55:00.810Z,buy,1.306e-05,500.0,0.00653
ADX/BTC,1561360319544,2019-06-24T07:11:59.544Z,sell,1.298e-05,128.0,0.00166144
ADX/BTC,1561360327283,2019-06-24T07:12:07.283Z,sell,1.298e-05,303.0,0.00393294
ADX/BTC,1561360339383,2019-06-24T07:12:19.383Z,buy,1.296e-05,431.0,0.0055857599999999
ADX/BTC,1561360587828,2019-06-24T07:16:27.828Z,sell,1.297e-05,196.0,0.0025421199999999
ADX/BTC,1561360628378,2019-06-24T07:17:08.378Z,buy,1.302e-05,129.0,0.00167958
ADX/BTC,1561360854441,2019-06-24T07:20:54.441Z,sell,1.301e-05,157.0,0.00204257
ADX/BTC,1561361776790,2019-06-24T07:36:16.790Z,buy,1.301e-05,1210.0,0.0157421
ADX/BTC,1561361780587,2019-06-24T07:36:20.587Z,buy,1.301e-05,3119.0,0.04057819
ADX/BTC,1561361929266,2019-06-24T07:38:49.266Z,buy,1.305e-05,1204.0,0.0157122
ADX/BTC,1561361977929,2019-06-24T07:39:37.929Z,sell,1.303e-05,1896.0,0.02470488
ADX/BTC,1561362091521,2019-06-24T07:41:31.521Z,buy,1.307e-05,153.0,0.00199971
ADX/BTC,1561362112518,2019-06-24T07:41:52.518Z,sell,1.309e-05,132.0,0.00172788
ADX/BTC,1561362541553,2019-06-24T07:49:01.553Z,sell,1.307e-05,234.0,0.00305838
ADX/BTC,1561362541553,2019-06-24T07:49:01.553Z,sell,1.307e-05,234.0,0.00305838
ADX/BTC,1561363628398,2019-06-24T08:07:08.398Z,sell,1.303e-05,99.0,0.00128997
ADX/BTC,1561363772510,2019-06-24T08:09:32.510Z,buy,1.308e-05,99.0,0.00129492
ADX/BTC,1561363772510,2019-06-24T08:09:32.510Z,buy,1.309e-05,223.0,0.00291907
ADX/BTC,1561363850659,2019-06-24T08:10:50.659Z,sell,1.302e-05,451.0,0.00587202
ADX/BTC,1561363858417,2019-06-24T08:10:58.417Z,buy,1.299e-05,108.0,0.00140292
ADX/BTC,1561363858424,2019-06-24T08:10:58.424Z,buy,1.299e-05,37.0,0.0004806299999999
ADX/BTC,1561364053775,2019-06-24T08:14:13.775Z,buy,1.301e-05,210.0,0.0027321
ADX/BTC,1561364122866,2019-06-24T08:15:22.866Z,buy,1.297e-05,428.0,0.0055511599999999
ADX/BTC,1561364127248,2019-06-24T08:15:27.248Z,buy,1.3e-05,110.0,0.0014299999999999
ADX/BTC,1561365745213,2019-06-24T08:42:25.213Z,sell,1.296e-05,1750.0,0.02268
ADX/BTC,1561365745216,2019-06-24T08:42:25.216Z,sell,1.296e-05,535.0,0.0069336
ADX/BTC,1561365745218,2019-06-24T08:42:25.218Z,sell,1.296e-05,49.0,0.00063504
ADX/BTC,1561365745218,2019-06-24T08:42:25.218Z,sell,1.296e-05,49.0,0.00063504
ADX/BTC,1561366201507,2019-06-24T08:50:01.507Z,buy,1.299e-05,1704.0,0.02213496
ADX/BTC,1561366201507,2019-06-24T08:50:01.507Z,buy,1.3e-05,1559.0,0.020267
ADX/BTC,1561366201507,2019-06-24T08:50:01.507Z,buy,1.305e-05,4916.0,0.0641538
ADX/BTC,1561366201507,2019-06-24T08:50:01.507Z,buy,1.306e-05,18000.0,0.23508
ADX/BTC,1561366201542,2019-06-24T08:50:01.542Z,sell,1.306e-05,344.0,0.00449264
ADX/BTC,1561366201560,2019-06-24T08:50:01.560Z,sell,1.306e-05,451.0,0.00589006
ADX/BTC,1561366202238,2019-06-24T08:50:02.238Z,sell,1.306e-05,1092.0,0.01426152
ADX/BTC,1561366202336,2019-06-24T08:50:02.336Z,sell,1.306e-05,1455.0,0.0190023
ADX/BTC,1561366203479,2019-06-24T08:50:03.479Z,buy,1.307e-05,3800.0,0.049666
ADX/BTC,1561366210281,2019-06-24T08:50:10.281Z,sell,1.302e-05,115.0,0.0014973
ADX/BTC,1561366496728,2019-06-24T08:54:56.728Z,sell,1.303e-05,300.0,0.003909
ADX/BTC,1561366498635,2019-06-24T08:54:58.635Z,sell,1.303e-05,343.0,0.00446929
ADX/BTC,1561366548101,2019-06-24T08:55:48.101Z,sell,1.303e-05,1.0,1.303e-05
ADX/BTC,1561366548101,2019-06-24T08:55:48.101Z,sell,1.297e-05,230.0,0.0029831
ADX/BTC,1561366885025,2019-06-24T09:01:25.025Z,buy,1.302e-05,1092.0,0.01421784
ADX/BTC,1561366946123,2019-06-24T09:02:26.123Z,buy,1.302e-05,500.0,0.00651
ADX/BTC,1561366961891,2019-06-24T09:02:41.891Z,sell,1.297e-05,306.0,0.00396882
ADX/BTC,1561368016779,2019-06-24T09:20:16.779Z,buy,1.304e-05,200.0,0.002608
ADX/BTC,1561368170975,2019-06-24T09:22:50.975Z,buy,1.306e-05,500.0,0.00653
ADX/BTC,1561368173462,2019-06-24T09:22:53.462Z,sell,1.305e-05,229.0,0.00298845
ADX/BTC,1561368324857,2019-06-24T09:25:24.857Z,buy,1.309e-05,229.0,0.00299761
ADX/BTC,1561368324857,2019-06-24T09:25:24.857Z,buy,1.31e-05,1561.0,0.0204491
ADX/BTC,1561368324857,2019-06-24T09:25:24.857Z,buy,1.311e-05,11410.0,0.1495851
ADX/BTC,1561368326137,2019-06-24T09:25:26.137Z,buy,1.311e-05,2282.0,0.02991702
ADX/BTC,1561368326876,2019-06-24T09:25:26.876Z,buy,1.311e-05,6300.0,0.082593
ADX/BTC,1561368419995,2019-06-24T09:26:59.995Z,buy,1.314e-05,152.0,0.0019972799999999
ADX/BTC,1561368420987,2019-06-24T09:27:00.987Z,buy,1.314e-05,77.0,0.0010117799999999
ADX/BTC,1561368425645,2019-06-24T09:27:05.645Z,buy,1.316e-05,299.0,0.00393484
ADX/BTC,1561368429195,2019-06-24T09:27:09.195Z,sell,1.313e-05,152.0,0.00199576
ADX/BTC,1561368458682,2019-06-24T09:27:38.682Z,buy,1.316e-05,445.0,0.0058562
ADX/BTC,1561368459613,2019-06-24T09:27:39.613Z,buy,1.316e-05,472.0,0.00621152
ADX/BTC,1561368459880,2019-06-24T09:27:39.880Z,buy,1.316e-05,834.0,0.01097544
ADX/BTC,1561368475235,2019-06-24T09:27:55.235Z,sell,1.314e-05,555.0,0.0072927
ADX/BTC,1561368480018,2019-06-24T09:28:00.018Z,sell,1.314e-05,124.0,0.0016293599999999
ADX/BTC,1561368556999,2019-06-24T09:29:16.999Z,buy,1.315e-05,152.0,0.0019988
ADX/BTC,1561368581754,2019-06-24T09:29:41.754Z,buy,1.317e-05,427.0,0.0056235899999999
ADX/BTC,1561368581754,2019-06-24T09:29:41.754Z,buy,1.318e-05,198.0,0.00260964
ADX/BTC,1561368581754,2019-06-24T09:29:41.754Z,buy,1.321e-05,555.0,0.00733155
ADX/BTC,1561368581754,2019-06-24T09:29:41.754Z,buy,1.322e-05,1818.0,0.02403396
ADX/BTC,1561368581754,2019-06-24T09:29:41.754Z,buy,1.323e-05,1652.0,0.02185596
ADX/BTC,1561368608185,2019-06-24T09:30:08.185Z,sell,1.318e-05,341.0,0.00449438
ADX/BTC,1561368624460,2019-06-24T09:30:24.460Z,sell,1.322e-05,151.0,0.00199622
ADX/BTC,1561368641272,2019-06-24T09:30:41.272Z,sell,1.316e-05,468.0,0.0061588799999999
ADX/BTC,1561368700173,2019-06-24T09:31:40.173Z,buy,1.315e-05,304.0,0.0039976
ADX/BTC,1561368835606,2019-06-24T09:33:55.606Z,sell,1.314e-05,1195.0,0.0157023
ADX/BTC,1561368900026,2019-06-24T09:35:00.026Z,sell,1.313e-05,304.0,0.00399152
ADX/BTC,1561368994026,2019-06-24T09:36:34.026Z,sell,1.311e-05,138.0,0.00180918
ADX/BTC,1561369031620,2019-06-24T09:37:11.620Z,sell,1.311e-05,2239.0,0.02935329
ADX/BTC,1561369032092,2019-06-24T09:37:12.092Z,sell,1.31e-05,99.0,0.0012969
ADX/BTC,1561369032092,2019-06-24T09:37:12.092Z,sell,1.305e-05,229.0,0.00298845
ADX/BTC,1561369032092,2019-06-24T09:37:12.092Z,sell,1.304e-05,1199.0,0.01563496
ADX/BTC,1561369034367,2019-06-24T09:37:14.367Z,sell,1.306e-05,3923.0,0.05123438
ADX/BTC,1561369056039,2019-06-24T09:37:36.039Z,buy,1.305e-05,411.0,0.00536355
ADX/BTC,1561369079018,2019-06-24T09:37:59.018Z,buy,1.306e-05,89.0,0.00116234
ADX/BTC,1561369079018,2019-06-24T09:37:59.018Z,buy,1.306e-05,89.0,0.00116234
ADX/BTC,1561369425662,2019-06-24T09:43:45.662Z,sell,1.298e-05,94.0,0.0012201199999999
ADX/BTC,1561369425662,2019-06-24T09:43:45.662Z,sell,1.297e-05,605.0,0.0078468499999999
ADX/BTC,1561369685481,2019-06-24T09:48:05.481Z,sell,1.298e-05,1950.0,0.025311
ADX/BTC,1561369687440,2019-06-24T09:48:07.440Z,sell,1.298e-05,41.0,0.0005321799999999
ADX/BTC,1561369687440,2019-06-24T09:48:07.440Z,sell,1.297e-05,386.0,0.00500642
ADX/BTC,1561369688103,2019-06-24T09:48:08.103Z,sell,1.295e-05,100.0,0.001295
ADX/BTC,1561369688103,2019-06-24T09:48:08.103Z,sell,1.294e-05,132.0,0.00170808
ADX/BTC,1561369855803,2019-06-24T09:50:55.803Z,sell,1.294e-05,85.0,0.0010999
ADX/BTC,1561369855803,2019-06-24T09:50:55.803Z,sell,1.293e-05,15.0,0.00019395
ADX/BTC,1561369986299,2019-06-24T09:53:06.299Z,sell,1.293e-05,1724.0,0.02229132
ADX/BTC,1561369986337,2019-06-24T09:53:06.337Z,sell,1.292e-05,282.0,0.00364344
ADX/BTC,1561369986337,2019-06-24T09:53:06.337Z,sell,1.287e-05,387.0,0.00498069
ADX/BTC,1561369986337,2019-06-24T09:53:06.337Z,sell,1.286e-05,1681.0,0.02161766
ADX/BTC,1561369986785,2019-06-24T09:53:06.785Z,sell,1.287e-05,209.0,0.00268983
ADX/BTC,1561369991980,2019-06-24T09:53:11.980Z,sell,1.288e-05,3219.0,0.04146072
ADX/BTC,1561369991980,2019-06-24T09:53:11.980Z,sell,1.287e-05,381.0,0.00490347
ADX/BTC,1561370430110,2019-06-24T10:00:30.110Z,buy,1.289e-05,178.0,0.00229442
ADX/BTC,1561370439468,2019-06-24T10:00:39.468Z,buy,1.29e-05,86.0,0.0011094
ADX/BTC,1561370588329,2019-06-24T10:03:08.329Z,buy,1.292e-05,551.0,0.00711892
ADX/BTC,1561370588329,2019-06-24T10:03:08.329Z,buy,1.295e-05,836.0,0.0108262
ADX/BTC,1561370588329,2019-06-24T10:03:08.329Z,buy,1.296e-05,949.0,0.0122990399999999
ADX/BTC,1561370608483,2019-06-24T10:03:28.483Z,sell,1.289e-05,664.0,0.00855896
ADX/BTC,1561370655424,2019-06-24T10:04:15.424Z,sell,1.291e-05,1610.0,0.0207851
