symbol,timestamp,datetime,side,price,amount,btc_volume
ADX/BTC,1563127408768,2019-07-14T18:03:28.768Z,buy,1.018e-05,4.0,4.072e-05
ADX/BTC,1563127486548,2019-07-14T18:04:46.548Z,buy,1.018e-05,3.0,3.054e-05
ADX/BTC,1563127911518,2019-07-14T18:11:51.518Z,buy,1.018e-05,76.0,0.00077368
ADX/BTC,1563128003897,2019-07-14T18:13:23.897Z,sell,1.012e-05,950.0,0.009614
ADX/BTC,1563128344198,2019-07-14T18:19:04.198Z,sell,1.015e-05,900.0,0.0091349999999999
ADX/BTC,1563128344198,2019-07-14T18:19:04.198Z,sell,1.014e-05,981.0,0.0099473399999999
ADX/BTC,1563128344198,2019-07-14T18:19:04.198Z,sell,1.013e-05,3900.0,0.039507
ADX/BTC,1563128344198,2019-07-14T18:19:04.198Z,sell,1.011e-05,7489.0,0.07571379
ADX/BTC,1563128370526,2019-07-14T18:19:30.526Z,buy,1.018e-05,13.0,0.00013234
ADX/BTC,1563128370526,2019-07-14T18:19:30.526Z,buy,1.019e-05,12.0,0.00012228
ADX/BTC,1563128370526,2019-07-14T18:19:30.526Z,buy,1.02e-05,753.0,0.0076806
ADX/BTC,1563128370526,2019-07-14T18:19:30.526Z,buy,1.021e-05,2948.0,0.03009908
ADX/BTC,1563128370526,2019-07-14T18:19:30.526Z,buy,1.022e-05,19782.0,0.20217204
ADX/BTC,1563128370628,2019-07-14T18:19:30.628Z,sell,1.022e-05,538.0,0.00549836
ADX/BTC,1563128370634,2019-07-14T18:19:30.634Z,sell,1.022e-05,284.0,0.00290248
ADX/BTC,1563128370867,2019-07-14T18:19:30.867Z,sell,1.022e-05,2671.0,0.02729762
ADX/BTC,1563128371792,2019-07-14T18:19:31.792Z,sell,1.022e-05,33.0,0.00033726
ADX/BTC,1563128385334,2019-07-14T18:19:45.334Z,buy,1.023e-05,100.0,0.001023
ADX/BTC,1563128408607,2019-07-14T18:20:08.607Z,buy,1.026e-05,150.0,0.001539
ADX/BTC,1563128408607,2019-07-14T18:20:08.607Z,buy,1.027e-05,139.0,0.00142753
ADX/BTC,1563128408607,2019-07-14T18:20:08.607Z,buy,1.028e-05,2191.0,0.02252348
ADX/BTC,1563128408607,2019-07-14T18:20:08.607Z,buy,1.029e-05,8389.0,0.08632281
ADX/BTC,1563128408666,2019-07-14T18:20:08.666Z,sell,1.029e-05,131.0,0.0013479899999999
ADX/BTC,1563128409931,2019-07-14T18:20:09.931Z,buy,1.028e-05,864.0,0.00888192
ADX/BTC,1563128417638,2019-07-14T18:20:17.638Z,buy,1.03e-05,145.0,0.0014935
ADX/BTC,1563128417638,2019-07-14T18:20:17.638Z,buy,1.031e-05,550.0,0.0056704999999999
ADX/BTC,1563128417704,2019-07-14T18:20:17.704Z,sell,1.032e-05,2293.0,0.02366376
ADX/BTC,1563128418884,2019-07-14T18:20:18.884Z,sell,1.032e-05,271.0,0.00279672
ADX/BTC,1563128418902,2019-07-14T18:20:18.902Z,sell,1.032e-05,10.0,0.0001031999999999
ADX/BTC,1563128419933,2019-07-14T18:20:19.933Z,sell,1.032e-05,271.0,0.00279672
ADX/BTC,1563128420054,2019-07-14T18:20:20.054Z,sell,1.032e-05,6826.0,0.0704443199999999
ADX/BTC,1563128420227,2019-07-14T18:20:20.227Z,sell,1.032e-05,145.0,0.0014964
ADX/BTC,1563128420360,2019-07-14T18:20:20.360Z,buy,1.033e-05,938.0,0.00968954
ADX/BTC,1563128420360,2019-07-14T18:20:20.360Z,buy,1.035e-05,8967.0,0.0928084499999999
ADX/BTC,1563128420360,2019-07-14T18:20:20.360Z,buy,1.036e-05,18000.0,0.18648
ADX/BTC,1563128420453,2019-07-14T18:20:20.453Z,sell,1.036e-05,153.0,0.00158508
ADX/BTC,1563128420833,2019-07-14T18:20:20.833Z,sell,1.036e-05,967.0,0.01001812
ADX/BTC,1563128420901,2019-07-14T18:20:20.901Z,sell,1.036e-05,3268.0,0.03385648
ADX/BTC,1563128421197,2019-07-14T18:20:21.197Z,sell,1.036e-05,135.0,0.0013986
ADX/BTC,1563128421898,2019-07-14T18:20:21.898Z,sell,1.036e-05,3362.0,0.03483032
ADX/BTC,1563128422015,2019-07-14T18:20:22.015Z,buy,1.037e-05,296.0,0.00306952
ADX/BTC,1563128422015,2019-07-14T18:20:22.015Z,buy,1.039e-05,100.0,0.001039
ADX/BTC,1563128422015,2019-07-14T18:20:22.015Z,buy,1.04e-05,317.0,0.0032968
ADX/BTC,1563128422015,2019-07-14T18:20:22.015Z,buy,1.041e-05,12.0,0.00012492
ADX/BTC,1563128422015,2019-07-14T18:20:22.015Z,buy,1.042e-05,7275.0,0.0758055
ADX/BTC,1563128423463,2019-07-14T18:20:23.463Z,buy,1.042e-05,982.0,0.01023244
ADX/BTC,1563128423463,2019-07-14T18:20:23.463Z,buy,1.043e-05,12.0,0.00012516
ADX/BTC,1563128423463,2019-07-14T18:20:23.463Z,buy,1.047e-05,270.0,0.0028269
ADX/BTC,1563128423463,2019-07-14T18:20:23.463Z,buy,1.048e-05,628.0,0.00658144
ADX/BTC,1563128423463,2019-07-14T18:20:23.463Z,buy,1.049e-05,4258.0,0.04466642
ADX/BTC,1563128423501,2019-07-14T18:20:23.501Z,buy,1.049e-05,1540.0,0.0161545999999999
ADX/BTC,1563128424012,2019-07-14T18:20:24.012Z,sell,1.038e-05,502.0,0.00521076
ADX/BTC,1563128424537,2019-07-14T18:20:24.537Z,buy,1.048e-05,359.0,0.00376232
ADX/BTC,1563128434029,2019-07-14T18:20:34.029Z,buy,1.047e-05,224.0,0.00234528
ADX/BTC,1563128434029,2019-07-14T18:20:34.029Z,buy,1.048e-05,143.0,0.0014986399999999
ADX/BTC,1563128434029,2019-07-14T18:20:34.029Z,buy,1.049e-05,35.0,0.00036715
ADX/BTC,1563128436805,2019-07-14T18:20:36.805Z,buy,1.049e-05,201.0,0.0021084899999999
ADX/BTC,1563128438873,2019-07-14T18:20:38.873Z,buy,1.049e-05,966.0,0.01013334
ADX/BTC,1563128438873,2019-07-14T18:20:38.873Z,buy,1.051e-05,12.0,0.00012612
ADX/BTC,1563128438873,2019-07-14T18:20:38.873Z,buy,1.053e-05,163.0,0.00171639
ADX/BTC,1563128438887,2019-07-14T18:20:38.887Z,sell,1.053e-05,684.0,0.00720252
ADX/BTC,1563128438926,2019-07-14T18:20:38.926Z,sell,1.053e-05,165.0,0.00173745
ADX/BTC,1563128438978,2019-07-14T18:20:38.978Z,buy,1.055e-05,10.0,0.0001055
ADX/BTC,1563128438978,2019-07-14T18:20:38.978Z,buy,1.056e-05,90.0,0.0009504
ADX/BTC,1563128439646,2019-07-14T18:20:39.646Z,sell,1.053e-05,1104.0,0.01162512
ADX/BTC,1563128439801,2019-07-14T18:20:39.801Z,sell,1.053e-05,2977.0,0.03134781
ADX/BTC,1563128439905,2019-07-14T18:20:39.905Z,sell,1.053e-05,11.0,0.00011583
ADX/BTC,1563128439914,2019-07-14T18:20:39.914Z,sell,1.053e-05,3350.0,0.0352755
ADX/BTC,1563128440422,2019-07-14T18:20:40.422Z,buy,1.055e-05,100.0,0.001055
ADX/BTC,1563128458087,2019-07-14T18:20:58.087Z,sell,1.053e-05,100.0,0.001053
ADX/BTC,1563128462375,2019-07-14T18:21:02.375Z,sell,1.053e-05,123.0,0.00129519
ADX/BTC,1563128462375,2019-07-14T18:21:02.375Z,sell,1.049e-05,196.0,0.00205604
ADX/BTC,1563128465642,2019-07-14T18:21:05.642Z,buy,1.059e-05,150.0,0.0015885
ADX/BTC,1563128465642,2019-07-14T18:21:05.642Z,buy,1.062e-05,39.0,0.00041418
ADX/BTC,1563128466272,2019-07-14T18:21:06.272Z,sell,1.049e-05,78.0,0.0008182199999999
ADX/BTC,1563128466272,2019-07-14T18:21:06.272Z,sell,1.048e-05,334.0,0.00350032
ADX/BTC,1563128468342,2019-07-14T18:21:08.342Z,buy,1.055e-05,274.0,0.0028907
ADX/BTC,1563128468342,2019-07-14T18:21:08.342Z,buy,1.059e-05,128.0,0.00135552
ADX/BTC,1563128471800,2019-07-14T18:21:11.800Z,buy,1.059e-05,22.0,0.00023298
ADX/BTC,1563128471800,2019-07-14T18:21:11.800Z,buy,1.061e-05,175.0,0.00185675
ADX/BTC,1563128473543,2019-07-14T18:21:13.543Z,buy,1.061e-05,9.0,9.549e-05
ADX/BTC,1563128473543,2019-07-14T18:21:13.543Z,buy,1.062e-05,188.0,0.00199656
ADX/BTC,1563128510062,2019-07-14T18:21:50.062Z,sell,1.053e-05,150.0,0.0015795
ADX/BTC,1563128510062,2019-07-14T18:21:50.062Z,sell,1.052e-05,578.0,0.00608056
ADX/BTC,1563128510062,2019-07-14T18:21:50.062Z,sell,1.051e-05,951.0,0.0099950099999999
ADX/BTC,1563128510062,2019-07-14T18:21:50.062Z,sell,1.048e-05,150.0,0.001572
ADX/BTC,1563128513366,2019-07-14T18:21:53.366Z,sell,1.053e-05,150.0,0.0015795
ADX/BTC,1563128515871,2019-07-14T18:21:55.871Z,buy,1.059e-05,135.0,0.00142965
ADX/BTC,1563128520656,2019-07-14T18:22:00.656Z,buy,1.059e-05,15.0,0.00015885
ADX/BTC,1563128520656,2019-07-14T18:22:00.656Z,buy,1.06e-05,271.0,0.0028726
ADX/BTC,1563128522754,2019-07-14T18:22:02.754Z,buy,1.06e-05,286.0,0.0030316
ADX/BTC,1563128527115,2019-07-14T18:22:07.115Z,buy,1.06e-05,21.0,0.0002226
ADX/BTC,1563128527115,2019-07-14T18:22:07.115Z,buy,1.061e-05,188.0,0.00199468
ADX/BTC,1563128535654,2019-07-14T18:22:15.654Z,buy,1.061e-05,763.0,0.00809543
ADX/BTC,1563128535654,2019-07-14T18:22:15.654Z,buy,1.062e-05,155.0,0.0016461
ADX/BTC,1563128535654,2019-07-14T18:22:15.654Z,buy,1.063e-05,509.0,0.00541067
ADX/BTC,1563128535654,2019-07-14T18:22:15.654Z,buy,1.064e-05,723.0,0.00769272
ADX/BTC,1563128535654,2019-07-14T18:22:15.654Z,buy,1.065e-05,2183.0,0.02324895
ADX/BTC,1563128535654,2019-07-14T18:22:15.654Z,buy,1.066e-05,588.0,0.00626808
ADX/BTC,1563128535654,2019-07-14T18:22:15.654Z,buy,1.068e-05,100.0,0.001068
ADX/BTC,1563128535654,2019-07-14T18:22:15.654Z,buy,1.069e-05,5797.0,0.0619699299999999
ADX/BTC,1563128538747,2019-07-14T18:22:18.747Z,buy,1.068e-05,2411.0,0.0257494799999999
ADX/BTC,1563128538747,2019-07-14T18:22:18.747Z,buy,1.07e-05,175.0,0.0018724999999999
ADX/BTC,1563128538747,2019-07-14T18:22:18.747Z,buy,1.071e-05,75.0,0.00080325
ADX/BTC,1563128539441,2019-07-14T18:22:19.441Z,sell,1.064e-05,44.0,0.00046816
ADX/BTC,1563128541048,2019-07-14T18:22:21.048Z,buy,1.067e-05,518.0,0.0055270599999999
ADX/BTC,1563128541048,2019-07-14T18:22:21.048Z,buy,1.071e-05,344.0,0.00368424
ADX/BTC,1563128545319,2019-07-14T18:22:25.319Z,buy,1.071e-05,7.0,7.497000000000001e-05
ADX/BTC,1563128545319,2019-07-14T18:22:25.319Z,buy,1.075e-05,150.0,0.0016125
ADX/BTC,1563128545319,2019-07-14T18:22:25.319Z,buy,1.076e-05,100.0,0.001076
ADX/BTC,1563128545319,2019-07-14T18:22:25.319Z,buy,1.078e-05,185.0,0.0019943
ADX/BTC,1563128548454,2019-07-14T18:22:28.454Z,sell,1.07e-05,150.0,0.0016049999999999
ADX/BTC,1563128549795,2019-07-14T18:22:29.795Z,buy,1.077e-05,399.0,0.00429723
ADX/BTC,1563128549824,2019-07-14T18:22:29.824Z,sell,1.077e-05,3.0,3.231e-05
ADX/BTC,1563128551178,2019-07-14T18:22:31.178Z,sell,1.064e-05,247.0,0.00262808
ADX/BTC,1563128562579,2019-07-14T18:22:42.579Z,buy,1.07e-05,150.0,0.0016049999999999
ADX/BTC,1563128562740,2019-07-14T18:22:42.740Z,sell,1.07e-05,34.0,0.0003637999999999
ADX/BTC,1563128572718,2019-07-14T18:22:52.718Z,sell,1.07e-05,185.0,0.0019795
ADX/BTC,1563128572832,2019-07-14T18:22:52.832Z,sell,1.07e-05,315.0,0.0033705
ADX/BTC,1563128593462,2019-07-14T18:23:13.462Z,sell,1.064e-05,150.0,0.001596
ADX/BTC,1563128593462,2019-07-14T18:23:13.462Z,sell,1.061e-05,574.0,0.00609014
ADX/BTC,1563128593462,2019-07-14T18:23:13.462Z,sell,1.06e-05,489.0,0.0051834
ADX/BTC,1563128593462,2019-07-14T18:23:13.462Z,sell,1.059e-05,150.0,0.0015885
ADX/BTC,1563128593462,2019-07-14T18:23:13.462Z,sell,1.055e-05,10.0,0.0001055
ADX/BTC,1563128593462,2019-07-14T18:23:13.462Z,sell,1.053e-05,150.0,0.0015795
ADX/BTC,1563128593462,2019-07-14T18:23:13.462Z,sell,1.052e-05,950.0,0.009994
ADX/BTC,1563128593462,2019-07-14T18:23:13.462Z,sell,1.051e-05,22418.0,0.2356131799999999
ADX/BTC,1563128593482,2019-07-14T18:23:13.482Z,buy,1.051e-05,399.0,0.0041934899999999
ADX/BTC,1563128593485,2019-07-14T18:23:13.485Z,buy,1.051e-05,1226.0,0.0128852599999999
ADX/BTC,1563128593498,2019-07-14T18:23:13.498Z,buy,1.051e-05,1227.0,0.0128957699999999
ADX/BTC,1563128593508,2019-07-14T18:23:13.508Z,buy,1.051e-05,150.0,0.0015765
ADX/BTC,1563128593525,2019-07-14T18:23:13.525Z,buy,1.051e-05,483.0,0.0050763299999999
ADX/BTC,1563128593570,2019-07-14T18:23:13.570Z,buy,1.051e-05,135.0,0.00141885
ADX/BTC,1563128593570,2019-07-14T18:23:13.570Z,buy,1.051e-05,105.0,0.00110355
ADX/BTC,1563128593588,2019-07-14T18:23:13.588Z,buy,1.051e-05,135.0,0.00141885
ADX/BTC,1563128593607,2019-07-14T18:23:13.607Z,buy,1.051e-05,135.0,0.00141885
ADX/BTC,1563128593654,2019-07-14T18:23:13.654Z,buy,1.051e-05,300.0,0.003153
ADX/BTC,1563128593664,2019-07-14T18:23:13.664Z,buy,1.051e-05,122.0,0.00128222
ADX/BTC,1563128593684,2019-07-14T18:23:13.684Z,buy,1.051e-05,122.0,0.00128222
ADX/BTC,1563128593691,2019-07-14T18:23:13.691Z,buy,1.051e-05,122.0,0.00128222
ADX/BTC,1563128593799,2019-07-14T18:23:13.799Z,buy,1.051e-05,169.0,0.00177619
ADX/BTC,1563128593874,2019-07-14T18:23:13.874Z,buy,1.051e-05,200.0,0.0021019999999999
ADX/BTC,1563128593895,2019-07-14T18:23:13.895Z,buy,1.051e-05,200.0,0.0021019999999999
ADX/BTC,1563128593905,2019-07-14T18:23:13.905Z,buy,1.051e-05,200.0,0.0021019999999999
ADX/BTC,1563128593942,2019-07-14T18:23:13.942Z,buy,1.051e-05,105.0,0.00110355
ADX/BTC,1563128594116,2019-07-14T18:23:14.116Z,buy,1.051e-05,489.0,0.00513939
ADX/BTC,1563128594279,2019-07-14T18:23:14.279Z,buy,1.051e-05,5288.0,0.0555768799999999
ADX/BTC,1563128598061,2019-07-14T18:23:18.061Z,sell,1.051e-05,150.0,0.0015765
ADX/BTC,1563128603914,2019-07-14T18:23:23.914Z,sell,1.051e-05,402.0,0.0042250199999999
ADX/BTC,1563128654588,2019-07-14T18:24:14.588Z,sell,1.051e-05,568.0,0.00596968
ADX/BTC,1563128654588,2019-07-14T18:24:14.588Z,sell,1.048e-05,150.0,0.001572
ADX/BTC,1563128654588,2019-07-14T18:24:14.588Z,sell,1.047e-05,955.0,0.00999885
ADX/BTC,1563128654588,2019-07-14T18:24:14.588Z,sell,1.044e-05,2134.0,0.02227896
ADX/BTC,1563128654588,2019-07-14T18:24:14.588Z,sell,1.043e-05,803.0,0.00837529
ADX/BTC,1563128654588,2019-07-14T18:24:14.588Z,sell,1.042e-05,18250.0,0.190165
ADX/BTC,1563128654609,2019-07-14T18:24:14.609Z,buy,1.042e-05,1989.0,0.02072538
ADX/BTC,1563128654609,2019-07-14T18:24:14.609Z,buy,1.042e-05,538.0,0.00560596
ADX/BTC,1563128654624,2019-07-14T18:24:14.624Z,buy,1.042e-05,1193.0,0.01243106
ADX/BTC,1563128654655,2019-07-14T18:24:14.655Z,buy,1.042e-05,1280.0,0.0133376
ADX/BTC,1563128654668,2019-07-14T18:24:14.668Z,buy,1.042e-05,141.0,0.00146922
ADX/BTC,1563128654669,2019-07-14T18:24:14.669Z,buy,1.042e-05,955.0,0.0099511
ADX/BTC,1563128654688,2019-07-14T18:24:14.688Z,sell,1.041e-05,363.0,0.00377883
ADX/BTC,1563128654695,2019-07-14T18:24:14.695Z,buy,1.042e-05,118.0,0.00122956
ADX/BTC,1563128654707,2019-07-14T18:24:14.707Z,buy,1.042e-05,190.0,0.0019798
ADX/BTC,1563128654774,2019-07-14T18:24:14.774Z,sell,1.04e-05,669.0,0.0069576
ADX/BTC,1563128654795,2019-07-14T18:24:14.795Z,buy,1.041e-05,2009.0,0.02091369
ADX/BTC,1563128654845,2019-07-14T18:24:14.845Z,sell,1.04e-05,141.0,0.0014664
ADX/BTC,1563128655008,2019-07-14T18:24:15.008Z,buy,1.042e-05,1027.0,0.01070134
ADX/BTC,1563128655117,2019-07-14T18:24:15.117Z,buy,1.042e-05,1904.0,0.01983968
ADX/BTC,1563128655177,2019-07-14T18:24:15.177Z,buy,1.041e-05,200.0,0.002082
ADX/BTC,1563128655177,2019-07-14T18:24:15.177Z,buy,1.042e-05,242.0,0.00252164
ADX/BTC,1563128655207,2019-07-14T18:24:15.207Z,buy,1.042e-05,3766.0,0.03924172
ADX/BTC,1563128655496,2019-07-14T18:24:15.496Z,buy,1.046e-05,1493.0,0.01561678
ADX/BTC,1563128655842,2019-07-14T18:24:15.842Z,sell,1.042e-05,784.0,0.00816928
ADX/BTC,1563128655842,2019-07-14T18:24:15.842Z,sell,1.039e-05,416.0,0.00432224
ADX/BTC,1563128667389,2019-07-14T18:24:27.389Z,buy,1.038e-05,574.0,0.00595812
ADX/BTC,1563128667792,2019-07-14T18:24:27.792Z,buy,1.039e-05,22418.0,0.23292302
ADX/BTC,1563128687659,2019-07-14T18:24:47.659Z,buy,1.039e-05,143.0,0.00148577
ADX/BTC,1563128692652,2019-07-14T18:24:52.652Z,buy,1.043e-05,3.0,3.129e-05
ADX/BTC,1563128694131,2019-07-14T18:24:54.131Z,sell,1.042e-05,26.0,0.00027092
ADX/BTC,1563128716337,2019-07-14T18:25:16.337Z,sell,1.04e-05,200.0,0.00208
ADX/BTC,1563128730382,2019-07-14T18:25:30.382Z,buy,1.043e-05,2020.0,0.0210686
ADX/BTC,1563128730382,2019-07-14T18:25:30.382Z,buy,1.044e-05,1973.0,0.02059812
ADX/BTC,1563128731093,2019-07-14T18:25:31.093Z,sell,1.044e-05,7.0,7.308e-05
ADX/BTC,1563128731324,2019-07-14T18:25:31.324Z,buy,1.042e-05,257.0,0.00267794
ADX/BTC,1563128736791,2019-07-14T18:25:36.791Z,buy,1.042e-05,1996.0,0.02079832
ADX/BTC,1563128756146,2019-07-14T18:25:56.146Z,buy,1.047e-05,85.0,0.00088995
ADX/BTC,1563128788579,2019-07-14T18:26:28.579Z,sell,1.041e-05,368.0,0.00383088
ADX/BTC,1563128800218,2019-07-14T18:26:40.218Z,sell,1.041e-05,219.0,0.00227979
ADX/BTC,1563128800627,2019-07-14T18:26:40.627Z,sell,1.04e-05,462.0,0.0048048
ADX/BTC,1563128801079,2019-07-14T18:26:41.079Z,sell,1.038e-05,1404.0,0.01457352
ADX/BTC,1563128804441,2019-07-14T18:26:44.441Z,buy,1.046e-05,587.0,0.0061400199999999
ADX/BTC,1563128846234,2019-07-14T18:27:26.234Z,sell,1.038e-05,500.0,0.00519
ADX/BTC,1563128846635,2019-07-14T18:27:26.635Z,sell,1.037e-05,4815.0,0.04993155
ADX/BTC,1563128847080,2019-07-14T18:27:27.080Z,sell,1.035e-05,2619.0,0.02710665
ADX/BTC,1563128866116,2019-07-14T18:27:46.116Z,sell,1.035e-05,313.0,0.00323955
ADX/BTC,1563128877510,2019-07-14T18:27:57.510Z,buy,1.042e-05,150.0,0.001563
ADX/BTC,1563128893293,2019-07-14T18:28:13.293Z,sell,1.042e-05,2974.0,0.03098908
ADX/BTC,1563128893302,2019-07-14T18:28:13.302Z,sell,1.042e-05,226.0,0.00235492
ADX/BTC,1563128895465,2019-07-14T18:28:15.465Z,sell,1.037e-05,105.0,0.00108885
ADX/BTC,1563128905085,2019-07-14T18:28:25.085Z,buy,1.043e-05,3580.0,0.0373394
ADX/BTC,1563128948127,2019-07-14T18:29:08.127Z,buy,1.043e-05,8.0,8.344e-05
ADX/BTC,1563128950891,2019-07-14T18:29:10.891Z,buy,1.048e-05,257.0,0.00269336
ADX/BTC,1563128957394,2019-07-14T18:29:17.394Z,sell,1.043e-05,576.0,0.00600768
ADX/BTC,1563128957792,2019-07-14T18:29:17.792Z,sell,1.042e-05,2122.0,0.02211124
ADX/BTC,1563128958189,2019-07-14T18:29:18.189Z,sell,1.04e-05,800.0,0.00832
ADX/BTC,1563129023914,2019-07-14T18:30:23.914Z,buy,1.047e-05,584.0,0.00611448
ADX/BTC,1563129025394,2019-07-14T18:30:25.394Z,sell,1.038e-05,3823.0,0.03968274
ADX/BTC,1563129025800,2019-07-14T18:30:25.800Z,sell,1.037e-05,510.0,0.0052887
ADX/BTC,1563129026233,2019-07-14T18:30:26.233Z,sell,1.036e-05,500.0,0.00518
ADX/BTC,1563129049890,2019-07-14T18:30:49.890Z,sell,1.041e-05,28.0,0.00029148
ADX/BTC,1563129050945,2019-07-14T18:30:50.945Z,sell,1.041e-05,2228.0,0.02319348
ADX/BTC,1563129097020,2019-07-14T18:31:37.020Z,buy,1.041e-05,2019.0,0.02101779
ADX/BTC,1563129129397,2019-07-14T18:32:09.397Z,sell,1.035e-05,199.0,0.0020596499999999
ADX/BTC,1563129129828,2019-07-14T18:32:09.828Z,sell,1.031e-05,3302.0,0.03404362
ADX/BTC,1563129133327,2019-07-14T18:32:13.327Z,sell,1.031e-05,594.0,0.00612414
ADX/BTC,1563129134212,2019-07-14T18:32:14.212Z,sell,1.029e-05,547.0,0.00562863
ADX/BTC,1563129138395,2019-07-14T18:32:18.395Z,sell,1.028e-05,27.0,0.00027756
ADX/BTC,1563129139090,2019-07-14T18:32:19.090Z,buy,1.035e-05,27.0,0.00027945
ADX/BTC,1563129139090,2019-07-14T18:32:19.090Z,buy,1.036e-05,567.0,0.00587412
ADX/BTC,1563129139114,2019-07-14T18:32:19.114Z,buy,1.036e-05,27.0,0.00027972
ADX/BTC,1563129170072,2019-07-14T18:32:50.072Z,buy,1.037e-05,697.0,0.00722789
ADX/BTC,1563129182678,2019-07-14T18:33:02.678Z,buy,1.038e-05,2253.0,0.02338614
ADX/BTC,1563129194789,2019-07-14T18:33:14.789Z,buy,1.042e-05,3269.0,0.03406298
ADX/BTC,1563129243111,2019-07-14T18:34:03.111Z,buy,1.043e-05,12.0,0.00012516
ADX/BTC,1563129278805,2019-07-14T18:34:38.805Z,buy,1.044e-05,3.0,3.132e-05
ADX/BTC,1563129316239,2019-07-14T18:35:16.239Z,buy,1.043e-05,347.0,0.00361921
ADX/BTC,1563129339649,2019-07-14T18:35:39.649Z,sell,1.039e-05,136.0,0.00141304
ADX/BTC,1563129389304,2019-07-14T18:36:29.304Z,buy,1.043e-05,978.0,0.01020054
ADX/BTC,1563129462380,2019-07-14T18:37:42.380Z,buy,1.044e-05,3623.0,0.03782412
ADX/BTC,1563129486643,2019-07-14T18:38:06.643Z,sell,1.039e-05,454.0,0.00471706
ADX/BTC,1563129486643,2019-07-14T18:38:06.643Z,sell,1.038e-05,500.0,0.00519
ADX/BTC,1563129486643,2019-07-14T18:38:06.643Z,sell,1.037e-05,150.0,0.0015555
ADX/BTC,1563129486643,2019-07-14T18:38:06.643Z,sell,1.036e-05,262.0,0.00271432
ADX/BTC,1563129486643,2019-07-14T18:38:06.643Z,sell,1.035e-05,12.0,0.0001241999999999
ADX/BTC,1563129486643,2019-07-14T18:38:06.643Z,sell,1.032e-05,598.0,0.00617136
ADX/BTC,1563129486643,2019-07-14T18:38:06.643Z,sell,1.031e-05,150.0,0.0015465
ADX/BTC,1563129486643,2019-07-14T18:38:06.643Z,sell,1.029e-05,12201.0,0.12554829
ADX/BTC,1563129486739,2019-07-14T18:38:06.739Z,sell,1.03e-05,2100.0,0.02163
ADX/BTC,1563129487959,2019-07-14T18:38:07.959Z,sell,1.031e-05,2063.0,0.02126953
ADX/BTC,1563129487959,2019-07-14T18:38:07.959Z,sell,1.03e-05,4487.0,0.0462160999999999
ADX/BTC,1563129496934,2019-07-14T18:38:16.934Z,buy,1.031e-05,10.0,0.0001031
ADX/BTC,1563129497497,2019-07-14T18:38:17.497Z,buy,1.031e-05,83.0,0.00085573
ADX/BTC,1563129497497,2019-07-14T18:38:17.497Z,buy,1.032e-05,590.0,0.0060887999999999
ADX/BTC,1563129497497,2019-07-14T18:38:17.497Z,buy,1.033e-05,294.0,0.0030370199999999
ADX/BTC,1563129515285,2019-07-14T18:38:35.285Z,buy,1.032e-05,3.0,3.096e-05
ADX/BTC,1563129527544,2019-07-14T18:38:47.544Z,sell,1.028e-05,28.0,0.00028784
ADX/BTC,1563129535502,2019-07-14T18:38:55.502Z,buy,1.032e-05,451.0,0.00465432
ADX/BTC,1563129535591,2019-07-14T18:38:55.591Z,buy,1.033e-05,3.0,3.099e-05
ADX/BTC,1563129608527,2019-07-14T18:40:08.527Z,buy,1.032e-05,2064.0,0.02130048
ADX/BTC,1563129614373,2019-07-14T18:40:14.373Z,sell,1.028e-05,465.0,0.0047802
ADX/BTC,1563129617098,2019-07-14T18:40:17.098Z,sell,1.028e-05,638.0,0.00655864
ADX/BTC,1563129617098,2019-07-14T18:40:17.098Z,sell,1.027e-05,161.0,0.00165347
ADX/BTC,1563129648266,2019-07-14T18:40:48.266Z,sell,1.026e-05,150.0,0.001539
ADX/BTC,1563129648266,2019-07-14T18:40:48.266Z,sell,1.025e-05,10.0,0.0001025
ADX/BTC,1563129648266,2019-07-14T18:40:48.266Z,sell,1.024e-05,639.0,0.00654336
ADX/BTC,1563129668863,2019-07-14T18:41:08.863Z,sell,1.027e-05,208.0,0.00213616
ADX/BTC,1563129681639,2019-07-14T18:41:21.639Z,buy,1.03e-05,626.0,0.0064478
ADX/BTC,1563129729528,2019-07-14T18:42:09.528Z,sell,1.024e-05,135.0,0.0013824
ADX/BTC,1563129754698,2019-07-14T18:42:34.698Z,buy,1.031e-05,5241.0,0.05403471
ADX/BTC,1563129763384,2019-07-14T18:42:43.384Z,sell,1.027e-05,600.0,0.006162
ADX/BTC,1563129763384,2019-07-14T18:42:43.384Z,sell,1.026e-05,4013.0,0.04117338
ADX/BTC,1563129805095,2019-07-14T18:43:25.095Z,buy,1.03e-05,256.0,0.0026368
ADX/BTC,1563129827738,2019-07-14T18:43:47.738Z,buy,1.031e-05,150.0,0.0015465
ADX/BTC,1563129900749,2019-07-14T18:45:00.749Z,buy,1.033e-05,85.0,0.0008780499999999
ADX/BTC,1563129930338,2019-07-14T18:45:30.338Z,buy,1.034e-05,344.0,0.0035569599999999
ADX/BTC,1563129930387,2019-07-14T18:45:30.387Z,sell,1.034e-05,55.0,0.0005687
ADX/BTC,1563129945874,2019-07-14T18:45:45.874Z,buy,1.033e-05,55.0,0.00056815
ADX/BTC,1563129975337,2019-07-14T18:46:15.337Z,buy,1.035e-05,12.0,0.0001241999999999
ADX/BTC,1563130041222,2019-07-14T18:47:21.222Z,buy,1.037e-05,150.0,0.0015555
ADX/BTC,1563130041222,2019-07-14T18:47:21.222Z,buy,1.04e-05,10.0,0.000104
ADX/BTC,1563130041222,2019-07-14T18:47:21.222Z,buy,1.041e-05,9.0,9.369e-05
ADX/BTC,1563130048660,2019-07-14T18:47:28.660Z,buy,1.041e-05,155.0,0.00161355
ADX/BTC,1563130121732,2019-07-14T18:48:41.732Z,buy,1.041e-05,28.0,0.00029148
ADX/BTC,1563130181854,2019-07-14T18:49:41.854Z,buy,1.041e-05,220.0,0.0022902
ADX/BTC,1563130181854,2019-07-14T18:49:41.854Z,buy,1.042e-05,150.0,0.001563
ADX/BTC,1563130181854,2019-07-14T18:49:41.854Z,buy,1.043e-05,12.0,0.00012516
ADX/BTC,1563130181854,2019-07-14T18:49:41.854Z,buy,1.048e-05,150.0,0.001572
ADX/BTC,1563130181886,2019-07-14T18:49:41.886Z,sell,1.048e-05,583.0,0.00610984
ADX/BTC,1563130181897,2019-07-14T18:49:41.897Z,sell,1.048e-05,472.0,0.00494656
ADX/BTC,1563130181905,2019-07-14T18:49:41.905Z,sell,1.048e-05,231.0,0.00242088
ADX/BTC,1563130181972,2019-07-14T18:49:41.972Z,sell,1.048e-05,777.0,0.00814296
ADX/BTC,1563130181990,2019-07-14T18:49:41.990Z,sell,1.048e-05,1253.0,0.01313144
ADX/BTC,1563130182145,2019-07-14T18:49:42.145Z,sell,1.048e-05,135.0,0.0014148
ADX/BTC,1563130182238,2019-07-14T18:49:42.238Z,sell,1.048e-05,618.0,0.00647664
ADX/BTC,1563130182422,2019-07-14T18:49:42.422Z,sell,1.048e-05,77.0,0.00080696
ADX/BTC,1563130182554,2019-07-14T18:49:42.554Z,sell,1.048e-05,100.0,0.0010479999999999
ADX/BTC,1563130182732,2019-07-14T18:49:42.732Z,sell,1.048e-05,322.0,0.00337456
ADX/BTC,1563130189528,2019-07-14T18:49:49.528Z,buy,1.046e-05,100.0,0.001046
ADX/BTC,1563130194921,2019-07-14T18:49:54.921Z,buy,1.046e-05,382.0,0.00399572
ADX/BTC,1563130268006,2019-07-14T18:51:08.006Z,buy,1.049e-05,363.0,0.0038078699999999
ADX/BTC,1563130291327,2019-07-14T18:51:31.327Z,buy,1.05e-05,2636.0,0.0276779999999999
ADX/BTC,1563130304307,2019-07-14T18:51:44.307Z,buy,1.05e-05,2358.0,0.024759
ADX/BTC,1563130304307,2019-07-14T18:51:44.307Z,buy,1.051e-05,2636.0,0.0277043599999999
ADX/BTC,1563130305437,2019-07-14T18:51:45.437Z,sell,1.051e-05,6.0,6.306e-05
ADX/BTC,1563130309703,2019-07-14T18:51:49.703Z,sell,1.045e-05,530.0,0.0055385
ADX/BTC,1563130309703,2019-07-14T18:51:49.703Z,sell,1.044e-05,2370.0,0.0247428
ADX/BTC,1563130309703,2019-07-14T18:51:49.703Z,sell,1.043e-05,12.0,0.00012516
ADX/BTC,1563130309703,2019-07-14T18:51:49.703Z,sell,1.042e-05,150.0,0.001563
ADX/BTC,1563130309703,2019-07-14T18:51:49.703Z,sell,1.041e-05,448.0,0.00466368
ADX/BTC,1563130341148,2019-07-14T18:52:21.148Z,buy,1.048e-05,150.0,0.001572
ADX/BTC,1563130353298,2019-07-14T18:52:33.298Z,buy,1.051e-05,595.0,0.00625345
ADX/BTC,1563130363336,2019-07-14T18:52:43.336Z,sell,1.046e-05,581.0,0.00607726
ADX/BTC,1563130363336,2019-07-14T18:52:43.336Z,sell,1.045e-05,981.0,0.01025145
ADX/BTC,1563130363360,2019-07-14T18:52:43.360Z,sell,1.045e-05,295.0,0.00308275
ADX/BTC,1563130363370,2019-07-14T18:52:43.370Z,sell,1.045e-05,123.0,0.00128535
ADX/BTC,1563130370178,2019-07-14T18:52:50.178Z,sell,1.043e-05,12.0,0.00012516
ADX/BTC,1563130370178,2019-07-14T18:52:50.178Z,sell,1.042e-05,394.0,0.00410548
ADX/BTC,1563130414225,2019-07-14T18:53:34.225Z,buy,1.048e-05,150.0,0.001572
ADX/BTC,1563130487331,2019-07-14T18:54:47.331Z,buy,1.049e-05,583.0,0.00611567
ADX/BTC,1563130547867,2019-07-14T18:55:47.867Z,sell,1.042e-05,36.0,0.00037512
ADX/BTC,1563130549130,2019-07-14T18:55:49.130Z,sell,1.042e-05,12.0,0.00012504
ADX/BTC,1563130560356,2019-07-14T18:56:00.356Z,buy,1.049e-05,32.0,0.00033568
ADX/BTC,1563130633515,2019-07-14T18:57:13.515Z,buy,1.05e-05,398.0,0.0041789999999999
ADX/BTC,1563130643393,2019-07-14T18:57:23.393Z,sell,1.042e-05,684.0,0.00712728
ADX/BTC,1563130643393,2019-07-14T18:57:23.393Z,sell,1.041e-05,915.0,0.00952515
ADX/BTC,1563130643393,2019-07-14T18:57:23.393Z,sell,1.04e-05,466.0,0.0048464
ADX/BTC,1563130643393,2019-07-14T18:57:23.393Z,sell,1.039e-05,1375.0,0.01428625
ADX/BTC,1563130706670,2019-07-14T18:58:26.670Z,buy,1.048e-05,150.0,0.001572
ADX/BTC,1563130715442,2019-07-14T18:58:35.442Z,buy,1.049e-05,582.0,0.00610518
ADX/BTC,1563130715442,2019-07-14T18:58:35.442Z,buy,1.05e-05,1218.0,0.012789
ADX/BTC,1563130715442,2019-07-14T18:58:35.442Z,buy,1.049e-05,582.0,0.00610518
ADX/BTC,1563130715442,2019-07-14T18:58:35.442Z,buy,1.05e-05,1218.0,0.012789
ADX/BTC,1563130779772,2019-07-14T18:59:39.772Z,buy,1.051e-05,12.0,0.00012612
ADX/BTC,1563130852799,2019-07-14T19:00:52.799Z,buy,1.052e-05,157.0,0.0016516399999999
ADX/BTC,1563130852799,2019-07-14T19:00:52.799Z,buy,1.053e-05,1840.0,0.0193752
ADX/BTC,1563130857120,2019-07-14T19:00:57.120Z,sell,1.048e-05,150.0,0.001572
ADX/BTC,1563130857120,2019-07-14T19:00:57.120Z,sell,1.045e-05,137.0,0.00143165
ADX/BTC,1563130899286,2019-07-14T19:01:39.286Z,buy,1.053e-05,10.0,0.0001053
ADX/BTC,1563130920146,2019-07-14T19:02:00.146Z,sell,1.044e-05,358.0,0.00373752
ADX/BTC,1563130925830,2019-07-14T19:02:05.830Z,buy,1.053e-05,3312.0,0.03487536
ADX/BTC,1563130928109,2019-07-14T19:02:08.109Z,sell,1.048e-05,150.0,0.001572
ADX/BTC,1563130928109,2019-07-14T19:02:08.109Z,sell,1.044e-05,137.0,0.00143028
ADX/BTC,1563130931115,2019-07-14T19:02:11.115Z,sell,1.045e-05,1555.0,0.01624975
ADX/BTC,1563130933403,2019-07-14T19:02:13.403Z,sell,1.044e-05,3113.0,0.03249972
ADX/BTC,1563130933403,2019-07-14T19:02:13.403Z,sell,1.043e-05,812.0,0.00846916
ADX/BTC,1563130933403,2019-07-14T19:02:13.403Z,sell,1.042e-05,150.0,0.001563
ADX/BTC,1563130933403,2019-07-14T19:02:13.403Z,sell,1.04e-05,315.0,0.003276
ADX/BTC,1563130933403,2019-07-14T19:02:13.403Z,sell,1.039e-05,157.0,0.00163123
ADX/BTC,1563130975546,2019-07-14T19:02:55.546Z,sell,1.04e-05,169.0,0.0017576
ADX/BTC,1563130998832,2019-07-14T19:03:18.832Z,buy,1.047e-05,3598.0,0.03767106
ADX/BTC,1563131003369,2019-07-14T19:03:23.369Z,sell,1.041e-05,900.0,0.009369
ADX/BTC,1563131003369,2019-07-14T19:03:23.369Z,sell,1.039e-05,3610.0,0.0375079
ADX/BTC,1563131071910,2019-07-14T19:04:31.910Z,buy,1.046e-05,157.0,0.00164222
ADX/BTC,1563131145048,2019-07-14T19:05:45.048Z,buy,1.048e-05,150.0,0.001572
ADX/BTC,1563131218186,2019-07-14T19:06:58.186Z,buy,1.05e-05,29.0,0.0003045
ADX/BTC,1563131291306,2019-07-14T19:08:11.306Z,buy,1.051e-05,12.0,0.00012612
ADX/BTC,1563131364341,2019-07-14T19:09:24.341Z,buy,1.05e-05,1402.0,0.014721
ADX/BTC,1563131437490,2019-07-14T19:10:37.490Z,buy,1.052e-05,1193.0,0.0125503599999999
ADX/BTC,1563131486142,2019-07-14T19:11:26.142Z,sell,1.051e-05,679.0,0.0071362899999999
ADX/BTC,1563131487023,2019-07-14T19:11:27.023Z,sell,1.051e-05,100.0,0.0010509999999999
ADX/BTC,1563131487356,2019-07-14T19:11:27.356Z,sell,1.051e-05,679.0,0.0071362899999999
ADX/BTC,1563131487830,2019-07-14T19:11:27.830Z,sell,1.051e-05,143.0,0.00150293
ADX/BTC,1563131488028,2019-07-14T19:11:28.028Z,sell,1.051e-05,100.0,0.0010509999999999
ADX/BTC,1563131495718,2019-07-14T19:11:35.718Z,buy,1.052e-05,99.0,0.00104148
ADX/BTC,1563131510589,2019-07-14T19:11:50.589Z,buy,1.052e-05,1128.0,0.01186656
ADX/BTC,1563131513427,2019-07-14T19:11:53.427Z,sell,1.051e-05,1474.0,0.0154917399999999
ADX/BTC,1563131513427,2019-07-14T19:11:53.427Z,sell,1.048e-05,679.0,0.0071159199999999
ADX/BTC,1563131513427,2019-07-14T19:11:53.427Z,sell,1.043e-05,12.0,0.00012516
ADX/BTC,1563131513427,2019-07-14T19:11:53.427Z,sell,1.042e-05,730.0,0.0076066
ADX/BTC,1563131513427,2019-07-14T19:11:53.427Z,sell,1.041e-05,869.0,0.00904629
ADX/BTC,1563131583719,2019-07-14T19:13:03.719Z,buy,1.048e-05,150.0,0.001572
ADX/BTC,1563131656785,2019-07-14T19:14:16.785Z,buy,1.051e-05,149.0,0.00156599
ADX/BTC,1563131667715,2019-07-14T19:14:27.715Z,buy,1.052e-05,2027.0,0.02132404
ADX/BTC,1563131667715,2019-07-14T19:14:27.715Z,buy,1.053e-05,730.0,0.0076869
ADX/BTC,1563131667715,2019-07-14T19:14:27.715Z,buy,1.054e-05,2576.0,0.02715104
ADX/BTC,1563131729861,2019-07-14T19:15:29.861Z,buy,1.053e-05,482.0,0.00507546
ADX/BTC,1563131802939,2019-07-14T19:16:42.939Z,buy,1.054e-05,1669.0,0.01759126
ADX/BTC,1563131876086,2019-07-14T19:17:56.086Z,buy,1.055e-05,5426.0,0.0572443
ADX/BTC,1563131883378,2019-07-14T19:18:03.378Z,sell,1.049e-05,4534.0,0.04756166
ADX/BTC,1563131936761,2019-07-14T19:18:56.761Z,sell,1.05e-05,342.0,0.003591
ADX/BTC,1563131943393,2019-07-14T19:19:03.393Z,sell,1.05e-05,2951.0,0.0309855
ADX/BTC,1563131949098,2019-07-14T19:19:09.098Z,buy,1.057e-05,591.0,0.00624687
ADX/BTC,1563132022213,2019-07-14T19:20:22.213Z,buy,1.058e-05,342.0,0.00361836
ADX/BTC,1563132062060,2019-07-14T19:21:02.060Z,sell,1.058e-05,91.0,0.00096278
ADX/BTC,1563132095324,2019-07-14T19:21:35.324Z,buy,1.059e-05,177.0,0.00187443
ADX/BTC,1563132168425,2019-07-14T19:22:48.425Z,buy,1.06e-05,385.0,0.004081
ADX/BTC,1563132231674,2019-07-14T19:23:51.674Z,sell,1.055e-05,227.0,0.00239485
ADX/BTC,1563132241480,2019-07-14T19:24:01.480Z,buy,1.061e-05,132.0,0.00140052
ADX/BTC,1563132252731,2019-07-14T19:24:12.731Z,sell,1.061e-05,188.0,0.00199468
ADX/BTC,1563132270482,2019-07-14T19:24:30.482Z,buy,1.06e-05,188.0,0.0019928
ADX/BTC,1563132270482,2019-07-14T19:24:30.482Z,buy,1.062e-05,40.0,0.0004248
ADX/BTC,1563132314497,2019-07-14T19:25:14.497Z,buy,1.062e-05,4589.0,0.04873518
ADX/BTC,1563132323446,2019-07-14T19:25:23.446Z,sell,1.054e-05,863.0,0.00909602
ADX/BTC,1563132323446,2019-07-14T19:25:23.446Z,sell,1.053e-05,569.0,0.00599157
ADX/BTC,1563132323446,2019-07-14T19:25:23.446Z,sell,1.05e-05,2036.0,0.0213779999999999
ADX/BTC,1563132323446,2019-07-14T19:25:23.446Z,sell,1.049e-05,1092.0,0.01145508
ADX/BTC,1563132358877,2019-07-14T19:25:58.877Z,sell,1.049e-05,264.0,0.00276936
ADX/BTC,1563132373783,2019-07-14T19:26:13.783Z,buy,1.052e-05,303.0,0.00318756
ADX/BTC,1563132375939,2019-07-14T19:26:15.939Z,buy,1.052e-05,303.0,0.00318756
ADX/BTC,1563132387699,2019-07-14T19:26:27.699Z,buy,1.052e-05,108.0,0.00113616
ADX/BTC,1563132394656,2019-07-14T19:26:34.656Z,buy,1.057e-05,303.0,0.00320271
ADX/BTC,1563132396886,2019-07-14T19:26:36.886Z,buy,1.057e-05,150.0,0.0015855
ADX/BTC,1563132398377,2019-07-14T19:26:38.377Z,buy,1.057e-05,125.0,0.00132125
ADX/BTC,1563132398377,2019-07-14T19:26:38.377Z,buy,1.058e-05,25.0,0.0002645
ADX/BTC,1563132406233,2019-07-14T19:26:46.233Z,buy,1.059e-05,410.0,0.0043419
ADX/BTC,1563132406233,2019-07-14T19:26:46.233Z,buy,1.062e-05,2300.0,0.024426
ADX/BTC,1563132406233,2019-07-14T19:26:46.233Z,buy,1.063e-05,3294.0,0.03501522
ADX/BTC,1563132406255,2019-07-14T19:26:46.255Z,sell,1.063e-05,1489.0,0.01582807
ADX/BTC,1563132406275,2019-07-14T19:26:46.275Z,sell,1.063e-05,1072.0,0.01139536
ADX/BTC,1563132418761,2019-07-14T19:26:58.761Z,buy,1.064e-05,150.0,0.001596
ADX/BTC,1563132418761,2019-07-14T19:26:58.761Z,buy,1.065e-05,5000.0,0.05325
ADX/BTC,1563132418811,2019-07-14T19:26:58.811Z,sell,1.065e-05,135.0,0.00143775
ADX/BTC,1563132419220,2019-07-14T19:26:59.220Z,sell,1.065e-05,1132.0,0.0120558
ADX/BTC,1563132419793,2019-07-14T19:26:59.793Z,sell,1.061e-05,10.0,0.0001061
ADX/BTC,1563132422384,2019-07-14T19:27:02.384Z,buy,1.066e-05,5000.0,0.0533
ADX/BTC,1563132422384,2019-07-14T19:27:02.384Z,buy,1.07e-05,1528.0,0.0163496
ADX/BTC,1563132422384,2019-07-14T19:27:02.384Z,buy,1.074e-05,3101.0,0.03330474
ADX/BTC,1563132424647,2019-07-14T19:27:04.647Z,buy,1.072e-05,2399.0,0.02571728
ADX/BTC,1563132424647,2019-07-14T19:27:04.647Z,buy,1.073e-05,399.0,0.00428127
ADX/BTC,1563132424647,2019-07-14T19:27:04.647Z,buy,1.074e-05,324.0,0.00347976
ADX/BTC,1563132457528,2019-07-14T19:27:37.528Z,buy,1.075e-05,150.0,0.0016125
ADX/BTC,1563132457528,2019-07-14T19:27:37.528Z,buy,1.076e-05,100.0,0.001076
ADX/BTC,1563132457528,2019-07-14T19:27:37.528Z,buy,1.077e-05,216.0,0.00232632
ADX/BTC,1563132459633,2019-07-14T19:27:39.633Z,buy,1.077e-05,466.0,0.00501882
ADX/BTC,1563132460854,2019-07-14T19:27:40.854Z,buy,1.077e-05,2209.0,0.02379093
ADX/BTC,1563132465719,2019-07-14T19:27:45.719Z,buy,1.077e-05,13.0,0.00014001
ADX/BTC,1563132468407,2019-07-14T19:27:48.407Z,buy,1.077e-05,2637.0,0.02840049
ADX/BTC,1563132468407,2019-07-14T19:27:48.407Z,buy,1.078e-05,487.0,0.00524986
ADX/BTC,1563132469077,2019-07-14T19:27:49.077Z,sell,1.077e-05,153.0,0.00164781
ADX/BTC,1563132469156,2019-07-14T19:27:49.156Z,sell,1.077e-05,135.0,0.00145395
ADX/BTC,1563132469227,2019-07-14T19:27:49.227Z,sell,1.077e-05,4459.0,0.04802343
ADX/BTC,1563132473459,2019-07-14T19:27:53.459Z,sell,1.07e-05,150.0,0.0016049999999999
ADX/BTC,1563132473459,2019-07-14T19:27:53.459Z,sell,1.068e-05,558.0,0.00595944
ADX/BTC,1563132473459,2019-07-14T19:27:53.459Z,sell,1.067e-05,285.0,0.0030409499999999
ADX/BTC,1563132473459,2019-07-14T19:27:53.459Z,sell,1.064e-05,150.0,0.001596
ADX/BTC,1563132473459,2019-07-14T19:27:53.459Z,sell,1.061e-05,3221.0,0.03417481
ADX/BTC,1563132473851,2019-07-14T19:27:53.851Z,buy,1.072e-05,2037.0,0.02183664
ADX/BTC,1563132473851,2019-07-14T19:27:53.851Z,buy,1.073e-05,568.0,0.00609464
ADX/BTC,1563132473851,2019-07-14T19:27:53.851Z,buy,1.074e-05,222.0,0.00238428
ADX/BTC,1563132492108,2019-07-14T19:28:12.108Z,sell,1.063e-05,268.0,0.00284884
ADX/BTC,1563132493139,2019-07-14T19:28:13.139Z,sell,1.065e-05,29.0,0.00030885
ADX/BTC,1563132493571,2019-07-14T19:28:13.571Z,sell,1.065e-05,189.0,0.00201285
ADX/BTC,1563132494370,2019-07-14T19:28:14.370Z,buy,1.07e-05,150.0,0.0016049999999999
ADX/BTC,1563132494370,2019-07-14T19:28:14.370Z,buy,1.071e-05,79.0,0.00084609
ADX/BTC,1563132505109,2019-07-14T19:28:25.109Z,buy,1.072e-05,187.0,0.00200464
ADX/BTC,1563132506122,2019-07-14T19:28:26.122Z,buy,1.072e-05,81.0,0.00086832
ADX/BTC,1563132506122,2019-07-14T19:28:26.122Z,buy,1.073e-05,139.0,0.00149147
ADX/BTC,1563132506122,2019-07-14T19:28:26.122Z,buy,1.074e-05,7.0,7.518000000000001e-05
ADX/BTC,1563132517012,2019-07-14T19:28:37.012Z,buy,1.071e-05,393.0,0.00420903
ADX/BTC,1563132533936,2019-07-14T19:28:53.936Z,buy,1.071e-05,6944.0,0.07437024
ADX/BTC,1563132536623,2019-07-14T19:28:56.623Z,buy,1.075e-05,945.0,0.01015875
ADX/BTC,1563132539857,2019-07-14T19:28:59.857Z,sell,1.072e-05,425.0,0.004556
ADX/BTC,1563132543472,2019-07-14T19:29:03.472Z,sell,1.072e-05,2068.0,0.02216896
ADX/BTC,1563132543472,2019-07-14T19:29:03.472Z,sell,1.071e-05,2490.0,0.0266679
ADX/BTC,1563132607080,2019-07-14T19:30:07.080Z,buy,1.075e-05,2493.0,0.02679975
ADX/BTC,1563132613468,2019-07-14T19:30:13.468Z,sell,1.07e-05,150.0,0.0016049999999999
ADX/BTC,1563132613468,2019-07-14T19:30:13.468Z,sell,1.067e-05,570.0,0.0060818999999999
ADX/BTC,1563132613468,2019-07-14T19:30:13.468Z,sell,1.066e-05,3846.0,0.04099836
ADX/BTC,1563132618528,2019-07-14T19:30:18.528Z,sell,1.067e-05,498.0,0.0053136599999999
ADX/BTC,1563132627448,2019-07-14T19:30:27.448Z,buy,1.073e-05,241.0,0.00258593
ADX/BTC,1563132629537,2019-07-14T19:30:29.537Z,buy,1.073e-05,241.0,0.00258593
ADX/BTC,1563132680142,2019-07-14T19:31:20.142Z,buy,1.071e-05,498.0,0.00533358
ADX/BTC,1563132682433,2019-07-14T19:31:22.433Z,sell,1.068e-05,485.0,0.0051798
ADX/BTC,1563132682433,2019-07-14T19:31:22.433Z,sell,1.066e-05,2002.0,0.02134132
ADX/BTC,1563132686325,2019-07-14T19:31:26.325Z,sell,1.066e-05,944.0,0.0100630399999999
ADX/BTC,1563132694835,2019-07-14T19:31:34.835Z,sell,1.066e-05,393.0,0.0041893799999999
ADX/BTC,1563132750101,2019-07-14T19:32:30.101Z,buy,1.071e-05,13.0,0.00013923
ADX/BTC,1563132753298,2019-07-14T19:32:33.298Z,buy,1.071e-05,560.0,0.0059976
ADX/BTC,1563132775125,2019-07-14T19:32:55.125Z,buy,1.072e-05,458.0,0.00490976
ADX/BTC,1563132788342,2019-07-14T19:33:08.342Z,buy,1.072e-05,178.0,0.00190816
ADX/BTC,1563132826411,2019-07-14T19:33:46.411Z,buy,1.075e-05,150.0,0.0016125
ADX/BTC,1563132836370,2019-07-14T19:33:56.370Z,buy,1.076e-05,670.0,0.0072092
ADX/BTC,1563132844082,2019-07-14T19:34:04.082Z,sell,1.073e-05,54.0,0.00057942
ADX/BTC,1563132849033,2019-07-14T19:34:09.033Z,buy,1.075e-05,23.0,0.00024725
ADX/BTC,1563132894035,2019-07-14T19:34:54.035Z,sell,1.073e-05,30.0,0.0003219
ADX/BTC,1563132894877,2019-07-14T19:34:54.877Z,sell,1.073e-05,79.0,0.00084767
ADX/BTC,1563132899546,2019-07-14T19:34:59.546Z,buy,1.074e-05,747.0,0.00802278
ADX/BTC,1563132923101,2019-07-14T19:35:23.101Z,buy,1.074e-05,668.0,0.00717432
ADX/BTC,1563132972657,2019-07-14T19:36:12.657Z,buy,1.074e-05,9162.0,0.09839988
ADX/BTC,1563132983478,2019-07-14T19:36:23.478Z,sell,1.073e-05,90.0,0.0009657
ADX/BTC,1563132983478,2019-07-14T19:36:23.478Z,sell,1.071e-05,75.0,0.00080325
ADX/BTC,1563132983478,2019-07-14T19:36:23.478Z,sell,1.07e-05,722.0,0.0077253999999999
ADX/BTC,1563132983478,2019-07-14T19:36:23.478Z,sell,1.069e-05,450.0,0.0048105
ADX/BTC,1563132983478,2019-07-14T19:36:23.478Z,sell,1.068e-05,124.0,0.00132432
ADX/BTC,1563132983478,2019-07-14T19:36:23.478Z,sell,1.067e-05,11.0,0.00011737
ADX/BTC,1563132983478,2019-07-14T19:36:23.478Z,sell,1.066e-05,3113.0,0.03318458
ADX/BTC,1563133043516,2019-07-14T19:37:23.516Z,sell,1.069e-05,2083.0,0.02226727
ADX/BTC,1563133043516,2019-07-14T19:37:23.516Z,sell,1.068e-05,2501.0,0.0267106799999999
ADX/BTC,1563133065295,2019-07-14T19:37:45.295Z,buy,1.072e-05,430.0,0.0046096
ADX/BTC,1563133202982,2019-07-14T19:40:02.982Z,buy,1.072e-05,2225.0,0.023852
ADX/BTC,1563133202982,2019-07-14T19:40:02.982Z,buy,1.073e-05,419.0,0.00449587
ADX/BTC,1563133202982,2019-07-14T19:40:02.982Z,buy,1.074e-05,285.0,0.0030609
ADX/BTC,1563133202982,2019-07-14T19:40:02.982Z,buy,1.075e-05,548.0,0.005891
ADX/BTC,1563133202982,2019-07-14T19:40:02.982Z,buy,1.077e-05,3276.0,0.03528252
ADX/BTC,1563133202982,2019-07-14T19:40:02.982Z,buy,1.078e-05,4624.0,0.04984672
ADX/BTC,1563133219121,2019-07-14T19:40:19.121Z,sell,1.075e-05,567.0,0.00609525
ADX/BTC,1563133220150,2019-07-14T19:40:20.150Z,sell,1.074e-05,392.0,0.00421008
ADX/BTC,1563133262214,2019-07-14T19:41:02.214Z,buy,1.075e-05,567.0,0.00609525
ADX/BTC,1563133302731,2019-07-14T19:41:42.731Z,buy,1.078e-05,100.0,0.001078
ADX/BTC,1563133321065,2019-07-14T19:42:01.065Z,buy,1.079e-05,15.0,0.00016185
ADX/BTC,1563133321065,2019-07-14T19:42:01.065Z,buy,1.08e-05,189.0,0.0020412
ADX/BTC,1563133327800,2019-07-14T19:42:07.800Z,buy,1.079e-05,2392.0,0.02580968
ADX/BTC,1563133328216,2019-07-14T19:42:08.216Z,sell,1.079e-05,524.0,0.00565396
ADX/BTC,1563133328294,2019-07-14T19:42:08.294Z,sell,1.079e-05,501.0,0.00540579
ADX/BTC,1563133329275,2019-07-14T19:42:09.275Z,sell,1.079e-05,525.0,0.00566475
ADX/BTC,1563133330026,2019-07-14T19:42:10.026Z,sell,1.079e-05,29.0,0.00031291
ADX/BTC,1563133331798,2019-07-14T19:42:11.798Z,sell,1.079e-05,99.0,0.00106821
ADX/BTC,1563133332831,2019-07-14T19:42:12.831Z,buy,1.08e-05,1724.0,0.0186192
ADX/BTC,1563133380897,2019-07-14T19:43:00.897Z,buy,1.081e-05,339.0,0.00366459
ADX/BTC,1563133381584,2019-07-14T19:43:01.584Z,sell,1.081e-05,10.0,0.0001081
ADX/BTC,1563133389459,2019-07-14T19:43:09.459Z,sell,1.081e-05,642.0,0.00694002
ADX/BTC,1563133402365,2019-07-14T19:43:22.365Z,sell,1.081e-05,8982.0,0.09709542
ADX/BTC,1563133402365,2019-07-14T19:43:22.365Z,sell,1.08e-05,2015.0,0.021762
ADX/BTC,1563133402365,2019-07-14T19:43:22.365Z,sell,1.079e-05,10241.0,0.11050039
ADX/BTC,1563133409431,2019-07-14T19:43:29.431Z,sell,1.079e-05,94.0,0.00101426
ADX/BTC,1563133416881,2019-07-14T19:43:36.881Z,sell,1.079e-05,2824.0,0.03047096
ADX/BTC,1563133560663,2019-07-14T19:46:00.663Z,sell,1.082e-05,697.0,0.00754154
ADX/BTC,1563133581962,2019-07-14T19:46:21.962Z,buy,1.081e-05,4.0,4.324e-05
ADX/BTC,1563133585429,2019-07-14T19:46:25.429Z,sell,1.079e-05,1326.0,0.01430754
ADX/BTC,1563133586726,2019-07-14T19:46:26.726Z,sell,1.075e-05,75.0,0.00080625
ADX/BTC,1563133595578,2019-07-14T19:46:35.578Z,buy,1.08e-05,562.0,0.0060696
ADX/BTC,1563133599397,2019-07-14T19:46:39.397Z,sell,1.08e-05,392.0,0.0042336
ADX/BTC,1563133612579,2019-07-14T19:46:52.579Z,sell,1.08e-05,62.0,0.0006696
ADX/BTC,1563133715624,2019-07-14T19:48:35.624Z,sell,1.075e-05,138.0,0.0014835
ADX/BTC,1563133785455,2019-07-14T19:49:45.455Z,sell,1.074e-05,567.0,0.00608958
ADX/BTC,1563133785976,2019-07-14T19:49:45.976Z,buy,1.074e-05,1470.0,0.0157878
ADX/BTC,1563133924340,2019-07-14T19:52:04.340Z,sell,1.071e-05,280.0,0.0029988
ADX/BTC,1563133924340,2019-07-14T19:52:04.340Z,sell,1.07e-05,150.0,0.0016049999999999
ADX/BTC,1563133924340,2019-07-14T19:52:04.340Z,sell,1.067e-05,821.0,0.00876007
ADX/BTC,1563133924340,2019-07-14T19:52:04.340Z,sell,1.066e-05,10114.0,0.1078152399999999
ADX/BTC,1563133930189,2019-07-14T19:52:10.189Z,buy,1.072e-05,467.0,0.00500624
ADX/BTC,1563133942757,2019-07-14T19:52:22.757Z,sell,1.072e-05,14193.0,0.15214896
ADX/BTC,1563133947385,2019-07-14T19:52:27.385Z,sell,1.064e-05,11.0,0.00011704
ADX/BTC,1563133984311,2019-07-14T19:53:04.311Z,sell,1.065e-05,3200.0,0.03408
ADX/BTC,1563133992262,2019-07-14T19:53:12.262Z,sell,1.064e-05,561.0,0.00596904
ADX/BTC,1563133994463,2019-07-14T19:53:14.463Z,sell,1.059e-05,621.0,0.00657639
ADX/BTC,1563133994463,2019-07-14T19:53:14.463Z,sell,1.057e-05,663.0,0.00700791
ADX/BTC,1563133994463,2019-07-14T19:53:14.463Z,sell,1.055e-05,293.0,0.00309115
ADX/BTC,1563133994463,2019-07-14T19:53:14.463Z,sell,1.054e-05,3339.0,0.03519306
ADX/BTC,1563133995216,2019-07-14T19:53:15.216Z,buy,1.06e-05,67.0,0.0007102
ADX/BTC,1563133995525,2019-07-14T19:53:15.525Z,buy,1.06e-05,10.0,0.000106
ADX/BTC,1563133995555,2019-07-14T19:53:15.555Z,buy,1.06e-05,17.0,0.0001802
ADX/BTC,1563134012391,2019-07-14T19:53:32.391Z,sell,1.06e-05,62.0,0.0006572
ADX/BTC,1563134070151,2019-07-14T19:54:30.151Z,sell,1.06e-05,853.0,0.0090418
ADX/BTC,1563134122136,2019-07-14T19:55:22.136Z,sell,1.056e-05,227.0,0.00239712
ADX/BTC,1563134143600,2019-07-14T19:55:43.600Z,sell,1.054e-05,12.0,0.00012648
ADX/BTC,1563134161190,2019-07-14T19:56:01.190Z,sell,1.059e-05,188.0,0.00199092
ADX/BTC,1563134161292,2019-07-14T19:56:01.292Z,sell,1.059e-05,26.0,0.00027534
ADX/BTC,1563134248489,2019-07-14T19:57:28.489Z,buy,1.058e-05,16.0,0.00016928
ADX/BTC,1563134248489,2019-07-14T19:57:28.489Z,buy,1.059e-05,567.0,0.00600453
ADX/BTC,1563134248489,2019-07-14T19:57:28.489Z,buy,1.06e-05,227.0,0.0024062
ADX/BTC,1563134253216,2019-07-14T19:57:33.216Z,buy,1.06e-05,207.0,0.0021942
ADX/BTC,1563134253216,2019-07-14T19:57:33.216Z,buy,1.06e-05,207.0,0.0021942
ADX/BTC,1563134325739,2019-07-14T19:58:45.739Z,sell,1.054e-05,135.0,0.0014229
ADX/BTC,1563134325739,2019-07-14T19:58:45.739Z,sell,1.053e-05,150.0,0.0015795
ADX/BTC,1563134325739,2019-07-14T19:58:45.739Z,sell,1.052e-05,576.0,0.00605952
ADX/BTC,1563134325739,2019-07-14T19:58:45.739Z,sell,1.051e-05,3809.0,0.04003259
ADX/BTC,1563134325739,2019-07-14T19:58:45.739Z,sell,1.049e-05,8068.0,0.08463332
ADX/BTC,1563134366011,2019-07-14T19:59:26.011Z,buy,1.057e-05,3.0,3.171e-05
ADX/BTC,1563134434466,2019-07-14T20:00:34.466Z,buy,1.056e-05,55.0,0.0005808
ADX/BTC,1563134434520,2019-07-14T20:00:34.520Z,buy,1.056e-05,55.0,0.0005808
ADX/BTC,1563134606419,2019-07-14T20:03:26.419Z,sell,1.048e-05,150.0,0.001572
ADX/BTC,1563134608121,2019-07-14T20:03:28.121Z,buy,1.047e-05,286.0,0.00299442
ADX/BTC,1563134609236,2019-07-14T20:03:29.236Z,buy,1.045e-05,188.0,0.0019646
ADX/BTC,1563134609965,2019-07-14T20:03:29.965Z,buy,1.045e-05,99.0,0.00103455
ADX/BTC,1563134610580,2019-07-14T20:03:30.580Z,buy,1.046e-05,188.0,0.00196648
ADX/BTC,1563134610665,2019-07-14T20:03:30.665Z,buy,1.046e-05,166.0,0.00173636
ADX/BTC,1563134610947,2019-07-14T20:03:30.947Z,sell,1.046e-05,210.0,0.0021966
ADX/BTC,1563134615066,2019-07-14T20:03:35.066Z,buy,1.045e-05,111.0,0.00115995
ADX/BTC,1563134615665,2019-07-14T20:03:35.665Z,sell,1.044e-05,15.0,0.0001566
ADX/BTC,1563134615665,2019-07-14T20:03:35.665Z,sell,1.043e-05,12.0,0.00012516
ADX/BTC,1563134615665,2019-07-14T20:03:35.665Z,sell,1.042e-05,150.0,0.001563
ADX/BTC,1563134615665,2019-07-14T20:03:35.665Z,sell,1.04e-05,10.0,0.000104
ADX/BTC,1563134631632,2019-07-14T20:03:51.632Z,buy,1.048e-05,3.0,3.144e-05
ADX/BTC,1563134637961,2019-07-14T20:03:57.961Z,buy,1.048e-05,147.0,0.0015405599999999
ADX/BTC,1563134639134,2019-07-14T20:03:59.134Z,sell,1.049e-05,579.0,0.0060737099999999
ADX/BTC,1563134641065,2019-07-14T20:04:01.065Z,sell,1.048e-05,1950.0,0.020436
ADX/BTC,1563134694374,2019-07-14T20:04:54.374Z,sell,1.044e-05,4624.0,0.04827456
ADX/BTC,1563134694374,2019-07-14T20:04:54.374Z,sell,1.043e-05,709.0,0.00739487
ADX/BTC,1563134844369,2019-07-14T20:07:24.369Z,sell,1.042e-05,150.0,0.001563
ADX/BTC,1563134844369,2019-07-14T20:07:24.369Z,sell,1.039e-05,38.0,0.00039482
ADX/BTC,1563134850720,2019-07-14T20:07:30.720Z,buy,1.043e-05,135.0,0.00140805
ADX/BTC,1563134854603,2019-07-14T20:07:34.603Z,buy,1.042e-05,78.0,0.00081276
ADX/BTC,1563134854712,2019-07-14T20:07:34.712Z,buy,1.042e-05,278.0,0.00289676
ADX/BTC,1563134854712,2019-07-14T20:07:34.712Z,buy,1.043e-05,444.0,0.00463092
ADX/BTC,1563134855708,2019-07-14T20:07:35.708Z,sell,1.044e-05,582.0,0.00607608
ADX/BTC,1563134943066,2019-07-14T20:09:03.066Z,buy,1.045e-05,582.0,0.0060819
ADX/BTC,1563134997849,2019-07-14T20:09:57.849Z,sell,1.045e-05,585.0,0.00611325
ADX/BTC,1563135012069,2019-07-14T20:10:12.069Z,buy,1.045e-05,136.0,0.0014212
ADX/BTC,1563135164308,2019-07-14T20:12:44.308Z,sell,1.044e-05,9578.0,0.09999432
ADX/BTC,1563135164308,2019-07-14T20:12:44.308Z,sell,1.04e-05,21255.0,0.221052
ADX/BTC,1563135164308,2019-07-14T20:12:44.308Z,sell,1.039e-05,406.0,0.00421834
ADX/BTC,1563135164308,2019-07-14T20:12:44.308Z,sell,1.037e-05,150.0,0.0015555
ADX/BTC,1563135164308,2019-07-14T20:12:44.308Z,sell,1.035e-05,1222.0,0.0126477
ADX/BTC,1563135164308,2019-07-14T20:12:44.308Z,sell,1.034e-05,7655.0,0.0791526999999999
ADX/BTC,1563135164308,2019-07-14T20:12:44.308Z,sell,1.033e-05,443.0,0.00457619
ADX/BTC,1563135164308,2019-07-14T20:12:44.308Z,sell,1.032e-05,4967.0,0.0512594399999999
ADX/BTC,1563135164308,2019-07-14T20:12:44.308Z,sell,1.031e-05,5335.0,0.05500385
ADX/BTC,1563135164308,2019-07-14T20:12:44.308Z,sell,1.03e-05,553.0,0.0056958999999999
ADX/BTC,1563135164308,2019-07-14T20:12:44.308Z,sell,1.029e-05,4445.0,0.0457390499999999
ADX/BTC,1563135164308,2019-07-14T20:12:44.308Z,sell,1.028e-05,24056.0,0.24729568
ADX/BTC,1563135164308,2019-07-14T20:12:44.308Z,sell,1.027e-05,3358.0,0.03448666
ADX/BTC,1563135164308,2019-07-14T20:12:44.308Z,sell,1.026e-05,2255.0,0.0231363
ADX/BTC,1563135164308,2019-07-14T20:12:44.308Z,sell,1.025e-05,4890.0,0.0501225
ADX/BTC,1563135164308,2019-07-14T20:12:44.308Z,sell,1.024e-05,9830.0,0.1006592
ADX/BTC,1563135164852,2019-07-14T20:12:44.852Z,sell,1.037e-05,481.0,0.00498797
ADX/BTC,1563135164852,2019-07-14T20:12:44.852Z,sell,1.032e-05,678.0,0.00699696
ADX/BTC,1563135164897,2019-07-14T20:12:44.897Z,buy,1.038e-05,224.0,0.00232512
ADX/BTC,1563135164918,2019-07-14T20:12:44.918Z,buy,1.038e-05,224.0,0.00232512
ADX/BTC,1563135164928,2019-07-14T20:12:44.928Z,buy,1.037e-05,224.0,0.00232288
ADX/BTC,1563135164950,2019-07-14T20:12:44.950Z,buy,1.037e-05,124.0,0.00128588
ADX/BTC,1563135164950,2019-07-14T20:12:44.950Z,buy,1.038e-05,100.0,0.001038
ADX/BTC,1563135164994,2019-07-14T20:12:44.994Z,sell,1.034e-05,828.0,0.00856152
ADX/BTC,1563135165164,2019-07-14T20:12:45.164Z,buy,1.034e-05,740.0,0.0076516
ADX/BTC,1563135165167,2019-07-14T20:12:45.167Z,sell,1.035e-05,291.0,0.00301185
ADX/BTC,1563135165187,2019-07-14T20:12:45.187Z,sell,1.035e-05,109.0,0.0011281499999999
ADX/BTC,1563135165229,2019-07-14T20:12:45.229Z,sell,1.035e-05,5800.0,0.0600299999999999
ADX/BTC,1563135165244,2019-07-14T20:12:45.244Z,sell,1.035e-05,113.0,0.0011695499999999
ADX/BTC,1563135165264,2019-07-14T20:12:45.264Z,sell,1.035e-05,224.0,0.0023184
ADX/BTC,1563135165487,2019-07-14T20:12:45.487Z,sell,1.032e-05,1687.0,0.01740984
ADX/BTC,1563135165606,2019-07-14T20:12:45.606Z,buy,1.035e-05,13.0,0.00013455
ADX/BTC,1563135165613,2019-07-14T20:12:45.613Z,buy,1.035e-05,1054.0,0.0109089
ADX/BTC,1563135165613,2019-07-14T20:12:45.613Z,buy,1.036e-05,902.0,0.00934472
ADX/BTC,1563135165727,2019-07-14T20:12:45.727Z,buy,1.036e-05,127.0,0.00131572
ADX/BTC,1563135165727,2019-07-14T20:12:45.727Z,buy,1.037e-05,994.0,0.01030778
ADX/BTC,1563135166075,2019-07-14T20:12:46.075Z,buy,1.035e-05,12.0,0.0001241999999999
ADX/BTC,1563135166075,2019-07-14T20:12:46.075Z,buy,1.036e-05,371.0,0.00384356
ADX/BTC,1563135166075,2019-07-14T20:12:46.075Z,buy,1.037e-05,47.0,0.00048739
ADX/BTC,1563135166399,2019-07-14T20:12:46.399Z,sell,1.036e-05,100.0,0.001036
ADX/BTC,1563135166399,2019-07-14T20:12:46.399Z,sell,1.034e-05,588.0,0.00607992
ADX/BTC,1563135166399,2019-07-14T20:12:46.399Z,sell,1.032e-05,983.0,0.0101445599999999
ADX/BTC,1563135166399,2019-07-14T20:12:46.399Z,sell,1.031e-05,4429.0,0.04566299
ADX/BTC,1563135166523,2019-07-14T20:12:46.523Z,buy,1.033e-05,502.0,0.00518566
ADX/BTC,1563135167072,2019-07-14T20:12:47.072Z,buy,1.033e-05,4.0,4.132e-05
ADX/BTC,1563135167260,2019-07-14T20:12:47.260Z,buy,1.033e-05,1010.0,0.0104333
ADX/BTC,1563135167444,2019-07-14T20:12:47.444Z,sell,1.033e-05,4.0,4.132e-05
ADX/BTC,1563135167444,2019-07-14T20:12:47.444Z,sell,1.031e-05,24.0,0.00024744
ADX/BTC,1563135167696,2019-07-14T20:12:47.696Z,sell,1.031e-05,1273.0,0.01312463
ADX/BTC,1563135167834,2019-07-14T20:12:47.834Z,sell,1.032e-05,591.0,0.0060991199999999
ADX/BTC,1563135167834,2019-07-14T20:12:47.834Z,sell,1.031e-05,1759.0,0.01813529
ADX/BTC,1563135167979,2019-07-14T20:12:47.979Z,sell,1.031e-05,150.0,0.0015465
ADX/BTC,1563135169076,2019-07-14T20:12:49.076Z,buy,1.033e-05,283.0,0.0029233899999999
ADX/BTC,1563135169542,2019-07-14T20:12:49.542Z,sell,1.031e-05,828.0,0.00853668
ADX/BTC,1563135171376,2019-07-14T20:12:51.376Z,sell,1.031e-05,37.0,0.0003814699999999
ADX/BTC,1563135171376,2019-07-14T20:12:51.376Z,sell,1.028e-05,145.0,0.0014906
ADX/BTC,1563135171376,2019-07-14T20:12:51.376Z,sell,1.027e-05,383.0,0.00393341
ADX/BTC,1563135175368,2019-07-14T20:12:55.368Z,sell,1.029e-05,499.0,0.00513471
ADX/BTC,1563135184424,2019-07-14T20:13:04.424Z,sell,1.029e-05,105.0,0.00108045
ADX/BTC,1563135187457,2019-07-14T20:13:07.457Z,buy,1.032e-05,372.0,0.0038390399999999
ADX/BTC,1563135187457,2019-07-14T20:13:07.457Z,buy,1.034e-05,591.0,0.00611094
ADX/BTC,1563135187457,2019-07-14T20:13:07.457Z,buy,1.035e-05,1064.0,0.0110123999999999
ADX/BTC,1563135189701,2019-07-14T20:13:09.701Z,buy,1.035e-05,54.0,0.0005589
ADX/BTC,1563135192832,2019-07-14T20:13:12.832Z,buy,1.035e-05,1822.0,0.0188576999999999
ADX/BTC,1563135193683,2019-07-14T20:13:13.683Z,buy,1.035e-05,874.0,0.0090458999999999
ADX/BTC,1563135193977,2019-07-14T20:13:13.977Z,buy,1.035e-05,249.0,0.00257715
ADX/BTC,1563135207790,2019-07-14T20:13:27.790Z,buy,1.035e-05,571.0,0.0059098499999999
ADX/BTC,1563135214111,2019-07-14T20:13:34.111Z,buy,1.035e-05,2000.0,0.0207
ADX/BTC,1563135231077,2019-07-14T20:13:51.077Z,buy,1.033e-05,55.0,0.00056815
ADX/BTC,1563135231078,2019-07-14T20:13:51.078Z,buy,1.034e-05,224.0,0.00231616
ADX/BTC,1563135240629,2019-07-14T20:14:00.629Z,sell,1.032e-05,134.0,0.00138288
ADX/BTC,1563135276076,2019-07-14T20:14:36.076Z,buy,1.033e-05,134.0,0.0013842199999999
ADX/BTC,1563135300318,2019-07-14T20:15:00.318Z,sell,1.032e-05,279.0,0.0028792799999999
ADX/BTC,1563135301073,2019-07-14T20:15:01.073Z,buy,1.032e-05,669.0,0.00690408
ADX/BTC,1563135302074,2019-07-14T20:15:02.074Z,buy,1.032e-05,669.0,0.00690408
ADX/BTC,1563135303075,2019-07-14T20:15:03.075Z,buy,1.032e-05,604.0,0.00623328
ADX/BTC,1563135325483,2019-07-14T20:15:25.483Z,sell,1.032e-05,369.0,0.0038080799999999
ADX/BTC,1563135329077,2019-07-14T20:15:29.077Z,buy,1.033e-05,145.0,0.00149785
ADX/BTC,1563135355727,2019-07-14T20:15:55.727Z,sell,1.032e-05,60.0,0.0006192
ADX/BTC,1563135365726,2019-07-14T20:16:05.726Z,buy,1.032e-05,1076.0,0.0111043199999999
ADX/BTC,1563135395243,2019-07-14T20:16:35.243Z,buy,1.032e-05,107.0,0.00110424
ADX/BTC,1563135411270,2019-07-14T20:16:51.270Z,buy,1.032e-05,680.0,0.0070176
ADX/BTC,1563135519534,2019-07-14T20:18:39.534Z,buy,1.032e-05,56.0,0.00057792
ADX/BTC,1563135549101,2019-07-14T20:19:09.101Z,buy,1.032e-05,140.0,0.0014448
ADX/BTC,1563135572103,2019-07-14T20:19:32.103Z,buy,1.032e-05,97.0,0.00100104
ADX/BTC,1563135595100,2019-07-14T20:19:55.100Z,buy,1.032e-05,216.0,0.00222912
ADX/BTC,1563135630392,2019-07-14T20:20:30.392Z,sell,1.031e-05,54.0,0.00055674
ADX/BTC,1563135701310,2019-07-14T20:21:41.310Z,sell,1.031e-05,511.0,0.0052684099999999
ADX/BTC,1563135710126,2019-07-14T20:21:50.126Z,buy,1.032e-05,290.0,0.0029928
ADX/BTC,1563135722737,2019-07-14T20:22:02.737Z,sell,1.031e-05,967.0,0.00996977
ADX/BTC,1563135722737,2019-07-14T20:22:02.737Z,sell,1.03e-05,853.0,0.0087859
ADX/BTC,1563135725130,2019-07-14T20:22:05.130Z,buy,1.032e-05,290.0,0.0029928
ADX/BTC,1563135727127,2019-07-14T20:22:07.127Z,buy,1.032e-05,118.0,0.00121776
ADX/BTC,1563135736912,2019-07-14T20:22:16.912Z,sell,1.033e-05,172.0,0.0017767599999999
ADX/BTC,1563135736912,2019-07-14T20:22:16.912Z,sell,1.03e-05,6.0,6.18e-05
ADX/BTC,1563135785111,2019-07-14T20:23:05.111Z,sell,1.03e-05,290.0,0.002987
ADX/BTC,1563135846984,2019-07-14T20:24:06.984Z,sell,1.028e-05,38.0,0.00039064
ADX/BTC,1563135857560,2019-07-14T20:24:17.560Z,sell,1.028e-05,717.0,0.00737076
ADX/BTC,1563135871401,2019-07-14T20:24:31.401Z,sell,1.028e-05,517.0,0.00531476
ADX/BTC,1563135877301,2019-07-14T20:24:37.301Z,sell,1.027e-05,12.0,0.00012324
ADX/BTC,1563135877301,2019-07-14T20:24:37.301Z,sell,1.026e-05,469.0,0.00481194
ADX/BTC,1563135878110,2019-07-14T20:24:38.110Z,sell,1.026e-05,168.0,0.00172368
ADX/BTC,1563135878110,2019-07-14T20:24:38.110Z,sell,1.025e-05,550.0,0.0056375
ADX/BTC,1563136071822,2019-07-14T20:27:51.822Z,buy,1.028e-05,88.0,0.00090464
ADX/BTC,1563136072554,2019-07-14T20:27:52.554Z,buy,1.028e-05,94.0,0.00096632
ADX/BTC,1563136155532,2019-07-14T20:29:15.532Z,buy,1.029e-05,188.0,0.00193452
ADX/BTC,1563136197285,2019-07-14T20:29:57.285Z,buy,1.029e-05,732.0,0.00753228
ADX/BTC,1563136207534,2019-07-14T20:30:07.534Z,buy,1.029e-05,1301.0,0.01338729
ADX/BTC,1563136213138,2019-07-14T20:30:13.138Z,buy,1.029e-05,1598.0,0.01644342
ADX/BTC,1563136214135,2019-07-14T20:30:14.135Z,buy,1.029e-05,1110.0,0.0114219
ADX/BTC,1563136216138,2019-07-14T20:30:16.138Z,buy,1.029e-05,764.0,0.00786156
ADX/BTC,1563136218137,2019-07-14T20:30:18.137Z,buy,1.029e-05,526.0,0.0054125399999999
ADX/BTC,1563136220140,2019-07-14T20:30:20.140Z,buy,1.029e-05,362.0,0.0037249799999999
ADX/BTC,1563136222131,2019-07-14T20:30:22.131Z,buy,1.029e-05,250.0,0.0025725
ADX/BTC,1563136223146,2019-07-14T20:30:23.146Z,buy,1.029e-05,173.0,0.00178017
ADX/BTC,1563136223701,2019-07-14T20:30:23.701Z,buy,1.029e-05,28.0,0.00028812
ADX/BTC,1563136225141,2019-07-14T20:30:25.141Z,buy,1.03e-05,139.0,0.0014317
ADX/BTC,1563136226521,2019-07-14T20:30:26.521Z,sell,1.029e-05,35.0,0.00036015
ADX/BTC,1563136226546,2019-07-14T20:30:26.546Z,buy,1.03e-05,120.0,0.001236
ADX/BTC,1563136227091,2019-07-14T20:30:27.091Z,buy,1.03e-05,228.0,0.0023484
ADX/BTC,1563136228134,2019-07-14T20:30:28.134Z,buy,1.031e-05,150.0,0.0015465
ADX/BTC,1563136238136,2019-07-14T20:30:38.136Z,buy,1.031e-05,36.0,0.00037116
ADX/BTC,1563136246135,2019-07-14T20:30:46.135Z,buy,1.032e-05,159.0,0.00164088
ADX/BTC,1563136247146,2019-07-14T20:30:47.146Z,buy,1.032e-05,110.0,0.0011351999999999
ADX/BTC,1563136249556,2019-07-14T20:30:49.556Z,buy,1.032e-05,194.0,0.00200208
ADX/BTC,1563136249586,2019-07-14T20:30:49.586Z,buy,1.032e-05,212.0,0.00218784
ADX/BTC,1563136250382,2019-07-14T20:30:50.382Z,buy,1.032e-05,291.0,0.0030031199999999
ADX/BTC,1563136251141,2019-07-14T20:30:51.141Z,buy,1.032e-05,349.0,0.00360168
ADX/BTC,1563136290571,2019-07-14T20:31:30.571Z,buy,1.032e-05,369.0,0.0038080799999999
ADX/BTC,1563136357904,2019-07-14T20:32:37.904Z,sell,1.031e-05,3298.0,0.03400238
ADX/BTC,1563136457208,2019-07-14T20:34:17.208Z,sell,1.03e-05,911.0,0.0093832999999999
ADX/BTC,1563136708796,2019-07-14T20:38:28.796Z,sell,1.027e-05,291.0,0.00298857
ADX/BTC,1563136711883,2019-07-14T20:38:31.883Z,sell,1.027e-05,194.0,0.00199238
ADX/BTC,1563136729207,2019-07-14T20:38:49.207Z,sell,1.027e-05,510.0,0.0052377
ADX/BTC,1563136729207,2019-07-14T20:38:49.207Z,sell,1.026e-05,504.0,0.00517104
ADX/BTC,1563136801294,2019-07-14T20:40:01.294Z,buy,1.031e-05,150.0,0.0015465
ADX/BTC,1563136801294,2019-07-14T20:40:01.294Z,buy,1.032e-05,44.0,0.00045408
ADX/BTC,1563136803178,2019-07-14T20:40:03.178Z,buy,1.03e-05,192.0,0.0019776
ADX/BTC,1563136859165,2019-07-14T20:40:59.165Z,sell,1.027e-05,272.0,0.00279344
ADX/BTC,1563136863168,2019-07-14T20:41:03.168Z,sell,1.026e-05,470.0,0.0048222
ADX/BTC,1563136863477,2019-07-14T20:41:03.477Z,sell,1.026e-05,69.0,0.00070794
ADX/BTC,1563136864176,2019-07-14T20:41:04.176Z,sell,1.025e-05,375.0,0.00384375
ADX/BTC,1563136866176,2019-07-14T20:41:06.176Z,sell,1.025e-05,258.0,0.0026445
ADX/BTC,1563136867119,2019-07-14T20:41:07.119Z,sell,1.025e-05,364.0,0.003731
ADX/BTC,1563136867166,2019-07-14T20:41:07.166Z,sell,1.025e-05,434.0,0.0044485
ADX/BTC,1563136868086,2019-07-14T20:41:08.086Z,buy,1.026e-05,182.0,0.00186732
ADX/BTC,1563136889439,2019-07-14T20:41:29.439Z,sell,1.025e-05,364.0,0.003731
ADX/BTC,1563137013306,2019-07-14T20:43:33.306Z,sell,1.025e-05,986.0,0.0101065
ADX/BTC,1563137070534,2019-07-14T20:44:30.534Z,buy,1.024e-05,114.0,0.00116736
ADX/BTC,1563137071854,2019-07-14T20:44:31.854Z,buy,1.024e-05,100.0,0.001024
ADX/BTC,1563137075386,2019-07-14T20:44:35.386Z,sell,1.02e-05,150.0,0.00153
ADX/BTC,1563137075386,2019-07-14T20:44:35.386Z,sell,1.019e-05,12.0,0.00012228
ADX/BTC,1563137075457,2019-07-14T20:44:35.457Z,buy,1.019e-05,1021.0,0.01040399
ADX/BTC,1563137075668,2019-07-14T20:44:35.668Z,buy,1.019e-05,195.0,0.00198705
ADX/BTC,1563137075856,2019-07-14T20:44:35.856Z,buy,1.019e-05,100.0,0.001019
ADX/BTC,1563137075881,2019-07-14T20:44:35.881Z,buy,1.019e-05,46.0,0.00046874
ADX/BTC,1563137076396,2019-07-14T20:44:36.396Z,sell,1.017e-05,338.0,0.00343746
ADX/BTC,1563137078170,2019-07-14T20:44:38.170Z,buy,1.02e-05,697.0,0.0071094
ADX/BTC,1563137079172,2019-07-14T20:44:39.172Z,buy,1.021e-05,1290.0,0.0131709
ADX/BTC,1563137090373,2019-07-14T20:44:50.373Z,buy,1.025e-05,458.0,0.0046945
ADX/BTC,1563137092459,2019-07-14T20:44:52.459Z,buy,1.025e-05,88.0,0.000902
ADX/BTC,1563137117612,2019-07-14T20:45:17.612Z,buy,1.026e-05,198.0,0.00203148
ADX/BTC,1563137208255,2019-07-14T20:46:48.255Z,sell,1.024e-05,198.0,0.00202752
ADX/BTC,1563137208512,2019-07-14T20:46:48.512Z,sell,1.024e-05,96.0,0.00098304
ADX/BTC,1563137315184,2019-07-14T20:48:35.184Z,buy,1.024e-05,4.0,4.096e-05
ADX/BTC,1563137362247,2019-07-14T20:49:22.247Z,buy,1.024e-05,3.0,3.0720000000000004e-05
ADX/BTC,1563137553853,2019-07-14T20:52:33.853Z,sell,1.02e-05,56.0,0.0005712
ADX/BTC,1563137748216,2019-07-14T20:55:48.216Z,buy,1.026e-05,22.0,0.00022572
ADX/BTC,1563137748216,2019-07-14T20:55:48.216Z,buy,1.026e-05,22.0,0.00022572
ADX/BTC,1563137864933,2019-07-14T20:57:44.933Z,sell,1.02e-05,13.0,0.0001326
ADX/BTC,1563137872808,2019-07-14T20:57:52.808Z,buy,1.026e-05,652.0,0.00668952
ADX/BTC,1563138051728,2019-07-14T21:00:51.728Z,sell,1.023e-05,34.0,0.00034782
ADX/BTC,1563138107457,2019-07-14T21:01:47.457Z,sell,1.024e-05,2015.0,0.0206336
ADX/BTC,1563138150194,2019-07-14T21:02:30.194Z,buy,1.025e-05,24.0,0.000246
ADX/BTC,1563138290244,2019-07-14T21:04:50.244Z,buy,1.027e-05,3.0,3.081e-05
ADX/BTC,1563138296161,2019-07-14T21:04:56.161Z,sell,1.025e-05,413.0,0.00423325
ADX/BTC,1563138443249,2019-07-14T21:07:23.249Z,sell,1.024e-05,1000.0,0.01024
ADX/BTC,1563138464170,2019-07-14T21:07:44.170Z,sell,1.026e-05,29.0,0.00029754
ADX/BTC,1563138654742,2019-07-14T21:10:54.742Z,buy,1.027e-05,9.0,9.243e-05
ADX/BTC,1563138703133,2019-07-14T21:11:43.133Z,sell,1.027e-05,292.0,0.00299884
ADX/BTC,1563138708350,2019-07-14T21:11:48.350Z,sell,1.028e-05,796.0,0.00818288
ADX/BTC,1563138713162,2019-07-14T21:11:53.162Z,sell,1.028e-05,531.0,0.00545868
ADX/BTC,1563138717428,2019-07-14T21:11:57.428Z,sell,1.027e-05,99.0,0.00101673
ADX/BTC,1563138873069,2019-07-14T21:14:33.069Z,sell,1.027e-05,321.0,0.00329667
ADX/BTC,1563138895645,2019-07-14T21:14:55.645Z,sell,1.027e-05,84.0,0.00086268
ADX/BTC,1563139246847,2019-07-14T21:20:46.847Z,buy,1.029e-05,28.0,0.00028812
ADX/BTC,1563139246847,2019-07-14T21:20:46.847Z,buy,1.031e-05,44.0,0.00045364
ADX/BTC,1563139279120,2019-07-14T21:21:19.120Z,buy,1.03e-05,910.0,0.009373
ADX/BTC,1563139586378,2019-07-14T21:26:26.378Z,buy,1.031e-05,106.0,0.00109286
ADX/BTC,1563139611611,2019-07-14T21:26:51.611Z,buy,1.032e-05,479.0,0.0049432799999999
ADX/BTC,1563139731349,2019-07-14T21:28:51.349Z,buy,1.032e-05,700.0,0.0072239999999999
ADX/BTC,1563139760525,2019-07-14T21:29:20.525Z,buy,1.032e-05,670.0,0.0069143999999999
ADX/BTC,1563139817066,2019-07-14T21:30:17.066Z,sell,1.032e-05,270.0,0.0027863999999999
ADX/BTC,1563140255809,2019-07-14T21:37:35.809Z,buy,1.03e-05,970.0,0.009991
ADX/BTC,1563140255840,2019-07-14T21:37:35.840Z,buy,1.03e-05,699.0,0.0071997
ADX/BTC,1563140255843,2019-07-14T21:37:35.843Z,buy,1.03e-05,193.0,0.0019879
ADX/BTC,1563140255861,2019-07-14T21:37:35.861Z,buy,1.03e-05,239.0,0.0024617
ADX/BTC,1563140255892,2019-07-14T21:37:35.892Z,sell,1.029e-05,193.0,0.00198597
ADX/BTC,1563140256258,2019-07-14T21:37:36.258Z,buy,1.03e-05,193.0,0.0019879
ADX/BTC,1563140259367,2019-07-14T21:37:39.367Z,buy,1.03e-05,1032.0,0.0106296
ADX/BTC,1563140260367,2019-07-14T21:37:40.367Z,buy,1.03e-05,717.0,0.0073850999999999
ADX/BTC,1563140262367,2019-07-14T21:37:42.367Z,buy,1.03e-05,302.0,0.0031106
ADX/BTC,1563140401435,2019-07-14T21:40:01.435Z,sell,1.03e-05,299.0,0.0030797
ADX/BTC,1563140497464,2019-07-14T21:41:37.464Z,buy,1.031e-05,32.0,0.00032992
ADX/BTC,1563140563923,2019-07-14T21:42:43.923Z,buy,1.032e-05,3500.0,0.03612
ADX/BTC,1563140653692,2019-07-14T21:44:13.692Z,buy,1.034e-05,28.0,0.00028952
ADX/BTC,1563140653692,2019-07-14T21:44:13.692Z,buy,1.035e-05,72.0,0.0007451999999999
ADX/BTC,1563140661960,2019-07-14T21:44:21.960Z,buy,1.034e-05,1000.0,0.0103399999999999
ADX/BTC,1563140717796,2019-07-14T21:45:17.796Z,sell,1.032e-05,237.0,0.00244584
ADX/BTC,1563140858216,2019-07-14T21:47:38.216Z,sell,1.033e-05,231.0,0.00238623
ADX/BTC,1563140927974,2019-07-14T21:48:47.974Z,buy,1.035e-05,230.0,0.0023805
ADX/BTC,1563140962638,2019-07-14T21:49:22.638Z,buy,1.035e-05,703.0,0.0072760499999999
ADX/BTC,1563141239470,2019-07-14T21:53:59.470Z,buy,1.035e-05,966.0,0.0099981
ADX/BTC,1563141263764,2019-07-14T21:54:23.764Z,sell,1.033e-05,93.0,0.0009606899999999
ADX/BTC,1563141333512,2019-07-14T21:55:33.512Z,sell,1.033e-05,312.0,0.00322296
ADX/BTC,1563141333512,2019-07-14T21:55:33.512Z,sell,1.033e-05,312.0,0.00322296
ADX/BTC,1563141444128,2019-07-14T21:57:24.128Z,buy,1.035e-05,2000.0,0.0207
ADX/BTC,1563141634359,2019-07-14T22:00:34.359Z,buy,1.034e-05,194.0,0.0020059599999999
ADX/BTC,1563141634359,2019-07-14T22:00:34.359Z,buy,1.035e-05,806.0,0.0083421
ADX/BTC,1563141959364,2019-07-14T22:05:59.364Z,buy,1.035e-05,158.0,0.0016353
ADX/BTC,1563142067880,2019-07-14T22:07:47.880Z,sell,1.033e-05,30.0,0.0003099
ADX/BTC,1563142886682,2019-07-14T22:21:26.682Z,sell,1.03e-05,940.0,0.009682
ADX/BTC,1563142892821,2019-07-14T22:21:32.821Z,sell,1.03e-05,88.0,0.0009063999999999
ADX/BTC,1563142947170,2019-07-14T22:22:27.170Z,buy,1.033e-05,4.0,4.132e-05
ADX/BTC,1563143168277,2019-07-14T22:26:08.277Z,buy,1.033e-05,186.0,0.0019213799999999
ADX/BTC,1563143188798,2019-07-14T22:26:28.798Z,sell,1.03e-05,331.0,0.0034093
ADX/BTC,1563143248498,2019-07-14T22:27:28.498Z,sell,1.03e-05,472.0,0.0048616
ADX/BTC,1563143297122,2019-07-14T22:28:17.122Z,sell,1.03e-05,291.0,0.0029973
ADX/BTC,1563143372473,2019-07-14T22:29:32.473Z,sell,1.03e-05,570.0,0.0058709999999999
ADX/BTC,1563143500699,2019-07-14T22:31:40.699Z,sell,1.03e-05,796.0,0.0081988
ADX/BTC,1563144035157,2019-07-14T22:40:35.157Z,buy,1.034e-05,577.0,0.00596618
ADX/BTC,1563144035157,2019-07-14T22:40:35.157Z,buy,1.035e-05,423.0,0.00437805
ADX/BTC,1563144538150,2019-07-14T22:48:58.150Z,buy,1.033e-05,31.0,0.0003202299999999
ADX/BTC,1563144538150,2019-07-14T22:48:58.150Z,buy,1.034e-05,259.0,0.00267806
ADX/BTC,1563144538150,2019-07-14T22:48:58.150Z,buy,1.033e-05,31.0,0.0003202299999999
ADX/BTC,1563144538150,2019-07-14T22:48:58.150Z,buy,1.034e-05,259.0,0.00267806
ADX/BTC,1563144934981,2019-07-14T22:55:34.981Z,sell,1.03e-05,724.0,0.0074572
ADX/BTC,1563144935182,2019-07-14T22:55:35.182Z,sell,1.029e-05,1264.0,0.01300656
ADX/BTC,1563144935182,2019-07-14T22:55:35.182Z,sell,1.027e-05,195.0,0.00200265
ADX/BTC,1563144999320,2019-07-14T22:56:39.320Z,buy,1.03e-05,185.0,0.0019054999999999
ADX/BTC,1563144999320,2019-07-14T22:56:39.320Z,buy,1.032e-05,73.0,0.00075336
ADX/BTC,1563144999320,2019-07-14T22:56:39.320Z,buy,1.032e-05,258.0,0.00266256
ADX/BTC,1563144999339,2019-07-14T22:56:39.339Z,buy,1.032e-05,259.0,0.00267288
ADX/BTC,1563144999399,2019-07-14T22:56:39.399Z,sell,1.027e-05,258.0,0.00264966
ADX/BTC,1563144999438,2019-07-14T22:56:39.438Z,sell,1.028e-05,258.0,0.00265224
ADX/BTC,1563145003177,2019-07-14T22:56:43.177Z,sell,1.03e-05,270.0,0.002781
ADX/BTC,1563145031759,2019-07-14T22:57:11.759Z,sell,1.028e-05,200.0,0.002056
ADX/BTC,1563145031808,2019-07-14T22:57:11.808Z,sell,1.028e-05,132.0,0.00135696
ADX/BTC,1563145031808,2019-07-14T22:57:11.808Z,sell,1.027e-05,68.0,0.00069836
ADX/BTC,1563145262428,2019-07-14T23:01:02.428Z,buy,1.032e-05,145.0,0.0014964
ADX/BTC,1563145481935,2019-07-14T23:04:41.935Z,buy,1.034e-05,482.0,0.0049838799999999
ADX/BTC,1563145481968,2019-07-14T23:04:41.968Z,buy,1.034e-05,258.0,0.0026677199999999
ADX/BTC,1563145602577,2019-07-14T23:06:42.577Z,sell,1.03e-05,966.0,0.0099498
ADX/BTC,1563145609073,2019-07-14T23:06:49.073Z,sell,1.03e-05,392.0,0.0040376
ADX/BTC,1563145742281,2019-07-14T23:09:02.281Z,buy,1.032e-05,392.0,0.00404544
ADX/BTC,1563145764364,2019-07-14T23:09:24.364Z,sell,1.028e-05,13.0,0.00013364
ADX/BTC,1563145828172,2019-07-14T23:10:28.172Z,buy,1.033e-05,1048.0,0.01082584
ADX/BTC,1563145855902,2019-07-14T23:10:55.902Z,buy,1.033e-05,8313.0,0.0858732899999999
ADX/BTC,1563145855902,2019-07-14T23:10:55.902Z,buy,1.034e-05,3432.0,0.03548688
ADX/BTC,1563145969865,2019-07-14T23:12:49.865Z,buy,1.033e-05,470.0,0.0048550999999999
ADX/BTC,1563146049345,2019-07-14T23:14:09.345Z,buy,1.032e-05,125.0,0.00129
ADX/BTC,1563146436547,2019-07-14T23:20:36.547Z,sell,1.033e-05,91.0,0.0009400299999999
ADX/BTC,1563146436770,2019-07-14T23:20:36.770Z,sell,1.033e-05,325.0,0.00335725
ADX/BTC,1563146441792,2019-07-14T23:20:41.792Z,buy,1.034e-05,372.0,0.0038464799999999
ADX/BTC,1563146442396,2019-07-14T23:20:42.396Z,sell,1.033e-05,3669.0,0.03790077
ADX/BTC,1563146510254,2019-07-14T23:21:50.254Z,buy,1.035e-05,735.0,0.0076072499999999
ADX/BTC,1563146510868,2019-07-14T23:21:50.868Z,buy,1.035e-05,638.0,0.0066032999999999
ADX/BTC,1563146511315,2019-07-14T23:21:51.315Z,buy,1.035e-05,625.0,0.00646875
ADX/BTC,1563146511435,2019-07-14T23:21:51.435Z,buy,1.035e-05,532.0,0.0055061999999999
ADX/BTC,1563146516119,2019-07-14T23:21:56.119Z,buy,1.035e-05,468.0,0.0048438
ADX/BTC,1563146520754,2019-07-14T23:22:00.754Z,buy,1.035e-05,1108.0,0.0114677999999999
ADX/BTC,1563146539227,2019-07-14T23:22:19.227Z,buy,1.035e-05,320.0,0.003312
ADX/BTC,1563146549501,2019-07-14T23:22:29.501Z,buy,1.035e-05,375.0,0.0038812499999999
ADX/BTC,1563146632130,2019-07-14T23:23:52.130Z,buy,1.035e-05,1927.0,0.01994445
ADX/BTC,1563146633122,2019-07-14T23:23:53.122Z,buy,1.035e-05,1927.0,0.01994445
ADX/BTC,1563146633238,2019-07-14T23:23:53.238Z,buy,1.035e-05,5638.0,0.0583533
ADX/BTC,1563146633238,2019-07-14T23:23:53.238Z,buy,1.036e-05,153.0,0.00158508
ADX/BTC,1563146639732,2019-07-14T23:23:59.732Z,sell,1.034e-05,474.0,0.00490116
ADX/BTC,1563146640363,2019-07-14T23:24:00.363Z,sell,1.034e-05,490.0,0.0050665999999999
ADX/BTC,1563146665401,2019-07-14T23:24:25.401Z,sell,1.034e-05,560.0,0.0057903999999999
ADX/BTC,1563146683978,2019-07-14T23:24:43.978Z,sell,1.034e-05,404.0,0.00417736
ADX/BTC,1563146714343,2019-07-14T23:25:14.343Z,sell,1.033e-05,249.0,0.00257217
ADX/BTC,1563146714343,2019-07-14T23:25:14.343Z,sell,1.032e-05,422.0,0.00435504
ADX/BTC,1563146715806,2019-07-14T23:25:15.806Z,buy,1.035e-05,435.0,0.0045022499999999
ADX/BTC,1563146730364,2019-07-14T23:25:30.364Z,sell,1.034e-05,88.0,0.0009099199999999
ADX/BTC,1563146730364,2019-07-14T23:25:30.364Z,sell,1.032e-05,324.0,0.00334368
ADX/BTC,1563146789378,2019-07-14T23:26:29.378Z,sell,1.032e-05,656.0,0.00676992
ADX/BTC,1563146789378,2019-07-14T23:26:29.378Z,sell,1.031e-05,271.0,0.00279401
ADX/BTC,1563146789378,2019-07-14T23:26:29.378Z,sell,1.03e-05,44.0,0.0004531999999999
ADX/BTC,1563146907190,2019-07-14T23:28:27.190Z,sell,1.03e-05,433.0,0.0044599
ADX/BTC,1563146907589,2019-07-14T23:28:27.589Z,sell,1.03e-05,335.0,0.0034505
ADX/BTC,1563147206514,2019-07-14T23:33:26.514Z,buy,1.034e-05,511.0,0.0052837399999999
ADX/BTC,1563147206529,2019-07-14T23:33:26.529Z,sell,1.033e-05,387.0,0.00399771
ADX/BTC,1563147207016,2019-07-14T23:33:27.016Z,buy,1.034e-05,84.0,0.00086856
ADX/BTC,1563147236188,2019-07-14T23:33:56.188Z,sell,1.033e-05,322.0,0.0033262599999999
ADX/BTC,1563147247526,2019-07-14T23:34:07.526Z,buy,1.035e-05,548.0,0.0056717999999999
ADX/BTC,1563147542709,2019-07-14T23:39:02.709Z,sell,1.032e-05,11733.0,0.12108456
ADX/BTC,1563147853991,2019-07-14T23:44:13.991Z,buy,1.035e-05,1080.0,0.0111779999999999
ADX/BTC,1563147859975,2019-07-14T23:44:19.975Z,buy,1.035e-05,6662.0,0.0689516999999999
ADX/BTC,1563147894639,2019-07-14T23:44:54.639Z,buy,1.035e-05,521.0,0.00539235
ADX/BTC,1563147894641,2019-07-14T23:44:54.641Z,buy,1.035e-05,1234.0,0.0127719
ADX/BTC,1563147894891,2019-07-14T23:44:54.891Z,buy,1.035e-05,83.0,0.00085905
ADX/BTC,1563147895503,2019-07-14T23:44:55.503Z,buy,1.036e-05,330.0,0.0034188
ADX/BTC,1563147895503,2019-07-14T23:44:55.503Z,buy,1.037e-05,521.0,0.00540277
ADX/BTC,1563147895778,2019-07-14T23:44:55.778Z,buy,1.038e-05,1863.0,0.01933794
ADX/BTC,1563147896753,2019-07-14T23:44:56.753Z,buy,1.038e-05,588.0,0.00610344
ADX/BTC,1563147896753,2019-07-14T23:44:56.753Z,buy,1.039e-05,280.0,0.0029092
ADX/BTC,1563147898448,2019-07-14T23:44:58.448Z,buy,1.04e-05,685.0,0.007124
ADX/BTC,1563147925784,2019-07-14T23:45:25.784Z,buy,1.04e-05,55.0,0.000572
ADX/BTC,1563147974386,2019-07-14T23:46:14.386Z,sell,1.033e-05,475.0,0.00490675
ADX/BTC,1563147976572,2019-07-14T23:46:16.572Z,sell,1.033e-05,480.0,0.0049584
ADX/BTC,1563147977181,2019-07-14T23:46:17.181Z,sell,1.033e-05,477.0,0.00492741
ADX/BTC,1563147978150,2019-07-14T23:46:18.150Z,sell,1.033e-05,653.0,0.00674549
ADX/BTC,1563147979321,2019-07-14T23:46:19.321Z,sell,1.032e-05,1139.0,0.01175448
ADX/BTC,1563147979554,2019-07-14T23:46:19.554Z,sell,1.032e-05,508.0,0.0052425599999999
ADX/BTC,1563147979922,2019-07-14T23:46:19.922Z,sell,1.032e-05,842.0,0.00868944
ADX/BTC,1563148014986,2019-07-14T23:46:54.986Z,sell,1.032e-05,514.0,0.0053044799999999
ADX/BTC,1563148019881,2019-07-14T23:46:59.881Z,buy,1.032e-05,1163.0,0.01200216
ADX/BTC,1563148053805,2019-07-14T23:47:33.805Z,sell,1.031e-05,25.0,0.00025775
ADX/BTC,1563148066493,2019-07-14T23:47:46.493Z,sell,1.031e-05,351.0,0.0036188099999999
ADX/BTC,1563148066875,2019-07-14T23:47:46.875Z,sell,1.031e-05,1735.0,0.01788785
ADX/BTC,1563148067520,2019-07-14T23:47:47.520Z,sell,1.031e-05,322.0,0.00331982
ADX/BTC,1563148068874,2019-07-14T23:47:48.874Z,sell,1.031e-05,604.0,0.0062272399999999
ADX/BTC,1563148084692,2019-07-14T23:48:04.692Z,sell,1.031e-05,549.0,0.00566019
ADX/BTC,1563148084990,2019-07-14T23:48:04.990Z,sell,1.031e-05,135.0,0.00139185
ADX/BTC,1563148111883,2019-07-14T23:48:31.883Z,sell,1.031e-05,685.0,0.0070623499999999
ADX/BTC,1563148123884,2019-07-14T23:48:43.884Z,sell,1.03e-05,2043.0,0.0210429
ADX/BTC,1563148123884,2019-07-14T23:48:43.884Z,sell,1.03e-05,2043.0,0.0210429
ADX/BTC,1563148230799,2019-07-14T23:50:30.799Z,buy,1.035e-05,134.0,0.0013869
ADX/BTC,1563148237751,2019-07-14T23:50:37.751Z,buy,1.037e-05,73.0,0.00075701
ADX/BTC,1563148239644,2019-07-14T23:50:39.644Z,buy,1.037e-05,147.0,0.00152439
ADX/BTC,1563148240168,2019-07-14T23:50:40.168Z,buy,1.036e-05,127.0,0.00131572
ADX/BTC,1563148240469,2019-07-14T23:50:40.469Z,buy,1.035e-05,152.0,0.0015731999999999
ADX/BTC,1563148240683,2019-07-14T23:50:40.683Z,buy,1.035e-05,151.0,0.00156285
ADX/BTC,1563148240895,2019-07-14T23:50:40.895Z,buy,1.035e-05,99.0,0.00102465
ADX/BTC,1563148242143,2019-07-14T23:50:42.143Z,buy,1.038e-05,111.0,0.00115218
ADX/BTC,1563148247053,2019-07-14T23:50:47.053Z,sell,1.029e-05,561.0,0.00577269
ADX/BTC,1563148247193,2019-07-14T23:50:47.193Z,buy,1.038e-05,149.0,0.00154662
ADX/BTC,1563148249286,2019-07-14T23:50:49.286Z,buy,1.037e-05,147.0,0.00152439
ADX/BTC,1563148249618,2019-07-14T23:50:49.618Z,buy,1.037e-05,103.0,0.00106811
ADX/BTC,1563148249832,2019-07-14T23:50:49.832Z,buy,1.037e-05,145.0,0.00150365
ADX/BTC,1563148250771,2019-07-14T23:50:50.771Z,buy,1.035e-05,105.0,0.0010867499999999
ADX/BTC,1563148250980,2019-07-14T23:50:50.980Z,buy,1.035e-05,61.0,0.0006313499999999
ADX/BTC,1563148251189,2019-07-14T23:50:51.189Z,buy,1.036e-05,101.0,0.00104636
ADX/BTC,1563148251394,2019-07-14T23:50:51.394Z,buy,1.036e-05,85.0,0.0008806
ADX/BTC,1563148265036,2019-07-14T23:51:05.036Z,buy,1.036e-05,604.0,0.00625744
ADX/BTC,1563148265441,2019-07-14T23:51:05.441Z,buy,1.036e-05,201.0,0.00208236
ADX/BTC,1563148339988,2019-07-14T23:52:19.988Z,sell,1.029e-05,117.0,0.00120393
ADX/BTC,1563148342467,2019-07-14T23:52:22.467Z,buy,1.033e-05,117.0,0.00120861
ADX/BTC,1563148343991,2019-07-14T23:52:23.991Z,buy,1.035e-05,568.0,0.0058787999999999
ADX/BTC,1563148344473,2019-07-14T23:52:24.473Z,buy,1.035e-05,392.0,0.0040571999999999
ADX/BTC,1563148344549,2019-07-14T23:52:24.549Z,buy,1.035e-05,703.0,0.0072760499999999
ADX/BTC,1563148345767,2019-07-14T23:52:25.767Z,buy,1.035e-05,456.0,0.0047196
ADX/BTC,1563148411761,2019-07-14T23:53:31.761Z,buy,1.033e-05,613.0,0.00633229
ADX/BTC,1563148530220,2019-07-14T23:55:30.220Z,sell,1.03e-05,12.0,0.0001236
ADX/BTC,1563148665424,2019-07-14T23:57:45.424Z,sell,1.031e-05,141.0,0.00145371
ADX/BTC,1563148676330,2019-07-14T23:57:56.330Z,sell,1.031e-05,543.0,0.0055983299999999
ADX/BTC,1563148677177,2019-07-14T23:57:57.177Z,sell,1.031e-05,60.0,0.0006186
ADX/BTC,1563148779278,2019-07-14T23:59:39.278Z,buy,1.033e-05,606.0,0.0062599799999999
ADX/BTC,1563148779278,2019-07-14T23:59:39.278Z,buy,1.034e-05,2259.0,0.02335806
ADX/BTC,1563148779278,2019-07-14T23:59:39.278Z,buy,1.037e-05,150.0,0.0015555
ADX/BTC,1563148779278,2019-07-14T23:59:39.278Z,buy,1.039e-05,1985.0,0.02062415
ADX/BTC,1563148793186,2019-07-14T23:59:53.186Z,buy,1.038e-05,2173.0,0.02255574
ADX/BTC,1563148793186,2019-07-14T23:59:53.186Z,buy,1.039e-05,2327.0,0.02417753
ADX/BTC,1563148801017,2019-07-15T00:00:01.017Z,buy,1.038e-05,93.0,0.00096534
ADX/BTC,1563148811015,2019-07-15T00:00:11.015Z,buy,1.038e-05,714.0,0.00741132
ADX/BTC,1563148813754,2019-07-15T00:00:13.754Z,buy,1.038e-05,181.0,0.00187878
ADX/BTC,1563148813754,2019-07-15T00:00:13.754Z,buy,1.039e-05,57.0,0.00059223
ADX/BTC,1563148865664,2019-07-15T00:01:05.664Z,buy,1.039e-05,5002.0,0.05197078
ADX/BTC,1563148865664,2019-07-15T00:01:05.664Z,buy,1.04e-05,3846.0,0.0399984
ADX/BTC,1563148865918,2019-07-15T00:01:05.918Z,sell,1.04e-05,1107.0,0.0115128
ADX/BTC,1563148865942,2019-07-15T00:01:05.942Z,sell,1.04e-05,10229.0,0.1063816
ADX/BTC,1563148866014,2019-07-15T00:01:06.014Z,sell,1.04e-05,2620.0,0.027248
ADX/BTC,1563148866124,2019-07-15T00:01:06.124Z,sell,1.04e-05,1922.0,0.0199888
ADX/BTC,1563148867127,2019-07-15T00:01:07.127Z,sell,1.04e-05,1922.0,0.0199888
ADX/BTC,1563148869132,2019-07-15T00:01:09.132Z,sell,1.04e-05,288.0,0.0029952
ADX/BTC,1563148871110,2019-07-15T00:01:11.110Z,sell,1.04e-05,1929.0,0.0200616
ADX/BTC,1563148873129,2019-07-15T00:01:13.129Z,sell,1.04e-05,1439.0,0.0149656
ADX/BTC,1563148874120,2019-07-15T00:01:14.120Z,sell,1.04e-05,1920.0,0.019968
ADX/BTC,1563148875121,2019-07-15T00:01:15.121Z,sell,1.04e-05,1443.0,0.0150072
ADX/BTC,1563148879116,2019-07-15T00:01:19.116Z,sell,1.04e-05,433.0,0.0045032
ADX/BTC,1563148965024,2019-07-15T00:02:45.024Z,sell,1.04e-05,673.0,0.0069992
ADX/BTC,1563148984621,2019-07-15T00:03:04.621Z,sell,1.04e-05,4000.0,0.0416
ADX/BTC,1563148984904,2019-07-15T00:03:04.904Z,sell,1.04e-05,584.0,0.0060736
ADX/BTC,1563148993727,2019-07-15T00:03:13.727Z,sell,1.04e-05,5200.0,0.05408
ADX/BTC,1563149011141,2019-07-15T00:03:31.141Z,sell,1.04e-05,10350.0,0.10764
ADX/BTC,1563149026004,2019-07-15T00:03:46.004Z,buy,1.041e-05,743.0,0.00773463
ADX/BTC,1563149026916,2019-07-15T00:03:46.916Z,buy,1.042e-05,126.0,0.00131292
ADX/BTC,1563149040627,2019-07-15T00:04:00.627Z,sell,1.041e-05,258.0,0.00268578
ADX/BTC,1563149091849,2019-07-15T00:04:51.849Z,buy,1.042e-05,4148.0,0.04322216
ADX/BTC,1563149091924,2019-07-15T00:04:51.924Z,buy,1.043e-05,12.0,0.00012516
ADX/BTC,1563149091924,2019-07-15T00:04:51.924Z,buy,1.044e-05,194.0,0.00202536
ADX/BTC,1563149100580,2019-07-15T00:05:00.580Z,sell,1.042e-05,483.0,0.00503286
ADX/BTC,1563149101823,2019-07-15T00:05:01.823Z,sell,1.042e-05,534.0,0.00556428
ADX/BTC,1563149131880,2019-07-15T00:05:31.880Z,sell,1.042e-05,561.0,0.00584562
ADX/BTC,1563149161554,2019-07-15T00:06:01.554Z,sell,1.042e-05,135.0,0.0014067
ADX/BTC,1563149186558,2019-07-15T00:06:26.558Z,sell,1.042e-05,186.0,0.00193812
ADX/BTC,1563149186743,2019-07-15T00:06:26.743Z,sell,1.042e-05,602.0,0.00627284
ADX/BTC,1563149187292,2019-07-15T00:06:27.292Z,sell,1.042e-05,361.0,0.00376162
ADX/BTC,1563149204583,2019-07-15T00:06:44.583Z,buy,1.044e-05,372.0,0.00388368
ADX/BTC,1563149208399,2019-07-15T00:06:48.399Z,buy,1.044e-05,372.0,0.00388368
ADX/BTC,1563149211247,2019-07-15T00:06:51.247Z,sell,1.042e-05,425.0,0.0044285
ADX/BTC,1563149211922,2019-07-15T00:06:51.922Z,buy,1.044e-05,184.0,0.00192096
ADX/BTC,1563149212873,2019-07-15T00:06:52.873Z,sell,1.042e-05,564.0,0.00587688
ADX/BTC,1563149214738,2019-07-15T00:06:54.738Z,buy,1.044e-05,1094.0,0.01142136
ADX/BTC,1563149214811,2019-07-15T00:06:54.811Z,sell,1.044e-05,484.0,0.00505296
ADX/BTC,1563149242924,2019-07-15T00:07:22.924Z,sell,1.044e-05,396.0,0.00413424
ADX/BTC,1563149265004,2019-07-15T00:07:45.004Z,buy,1.045e-05,514.0,0.0053713
ADX/BTC,1563149278052,2019-07-15T00:07:58.052Z,buy,1.045e-05,944.0,0.0098648
ADX/BTC,1563149278330,2019-07-15T00:07:58.330Z,sell,1.045e-05,10.0,0.0001044999999999
ADX/BTC,1563149314187,2019-07-15T00:08:34.187Z,sell,1.047e-05,473.0,0.00495231
ADX/BTC,1563149316744,2019-07-15T00:08:36.744Z,buy,1.048e-05,150.0,0.001572
ADX/BTC,1563149317030,2019-07-15T00:08:37.030Z,buy,1.049e-05,131.0,0.00137419
ADX/BTC,1563149318275,2019-07-15T00:08:38.275Z,sell,1.048e-05,477.0,0.00499896
ADX/BTC,1563149330109,2019-07-15T00:08:50.109Z,sell,1.048e-05,668.0,0.00700064
ADX/BTC,1563149334823,2019-07-15T00:08:54.823Z,buy,1.049e-05,14.0,0.0001468599999999
ADX/BTC,1563149338875,2019-07-15T00:08:58.875Z,sell,1.049e-05,98.0,0.00102802
ADX/BTC,1563149341174,2019-07-15T00:09:01.174Z,sell,1.049e-05,10131.0,0.1062741899999999
ADX/BTC,1563149341174,2019-07-15T00:09:01.174Z,sell,1.048e-05,751.0,0.00787048
ADX/BTC,1563149341174,2019-07-15T00:09:01.174Z,sell,1.047e-05,1365.0,0.01429155
ADX/BTC,1563149341174,2019-07-15T00:09:01.174Z,sell,1.046e-05,1803.0,0.01885938
ADX/BTC,1563149342973,2019-07-15T00:09:02.973Z,sell,1.048e-05,1023.0,0.01072104
ADX/BTC,1563149356394,2019-07-15T00:09:16.394Z,buy,1.05e-05,604.0,0.0063419999999999
ADX/BTC,1563149356414,2019-07-15T00:09:16.414Z,sell,1.05e-05,887.0,0.0093134999999999
ADX/BTC,1563149356929,2019-07-15T00:09:16.929Z,sell,1.05e-05,1425.0,0.0149624999999999
ADX/BTC,1563149375110,2019-07-15T00:09:35.110Z,buy,1.051e-05,12.0,0.00012612
ADX/BTC,1563149375110,2019-07-15T00:09:35.110Z,buy,1.052e-05,159.0,0.00167268
ADX/BTC,1563149375110,2019-07-15T00:09:35.110Z,buy,1.053e-05,4571.0,0.04813263
ADX/BTC,1563149411536,2019-07-15T00:10:11.536Z,sell,1.051e-05,338.0,0.00355238
ADX/BTC,1563149421881,2019-07-15T00:10:21.881Z,buy,1.053e-05,39.0,0.00041067
ADX/BTC,1563149422229,2019-07-15T00:10:22.229Z,sell,1.052e-05,115.0,0.0012097999999999
ADX/BTC,1563149426692,2019-07-15T00:10:26.692Z,sell,1.052e-05,1101.0,0.0115825199999999
ADX/BTC,1563149441074,2019-07-15T00:10:41.074Z,buy,1.052e-05,498.0,0.00523896
ADX/BTC,1563149455794,2019-07-15T00:10:55.794Z,buy,1.053e-05,950.0,0.0100035
ADX/BTC,1563149478644,2019-07-15T00:11:18.644Z,buy,1.053e-05,136.0,0.00143208
ADX/BTC,1563149484938,2019-07-15T00:11:24.938Z,buy,1.053e-05,2539.0,0.02673567
ADX/BTC,1563149506377,2019-07-15T00:11:46.377Z,sell,1.052e-05,731.0,0.0076901199999999
ADX/BTC,1563149520645,2019-07-15T00:12:00.645Z,sell,1.052e-05,475.0,0.004997
ADX/BTC,1563149579124,2019-07-15T00:12:59.124Z,buy,1.053e-05,28.0,0.00029484
ADX/BTC,1563149624305,2019-07-15T00:13:44.305Z,buy,1.053e-05,979.0,0.01030887
ADX/BTC,1563149635329,2019-07-15T00:13:55.329Z,sell,1.05e-05,299.0,0.0031395
ADX/BTC,1563149636007,2019-07-15T00:13:56.007Z,sell,1.05e-05,246.0,0.002583
ADX/BTC,1563149636007,2019-07-15T00:13:56.007Z,sell,1.048e-05,150.0,0.001572
ADX/BTC,1563149636007,2019-07-15T00:13:56.007Z,sell,1.046e-05,80.0,0.0008368
ADX/BTC,1563149636007,2019-07-15T00:13:56.007Z,sell,1.046e-05,20.0,0.0002092
ADX/BTC,1563149656931,2019-07-15T00:14:16.931Z,sell,1.046e-05,198.0,0.00207108
ADX/BTC,1563149673426,2019-07-15T00:14:33.426Z,sell,1.046e-05,39.0,0.00040794
ADX/BTC,1563149744028,2019-07-15T00:15:44.028Z,buy,1.048e-05,337.0,0.0035317599999999
ADX/BTC,1563149744028,2019-07-15T00:15:44.028Z,buy,1.049e-05,1256.0,0.01317544
ADX/BTC,1563149771187,2019-07-15T00:16:11.187Z,sell,1.045e-05,101.0,0.00105545
ADX/BTC,1563149792008,2019-07-15T00:16:32.008Z,sell,1.045e-05,12.0,0.0001254
ADX/BTC,1563149797910,2019-07-15T00:16:37.910Z,sell,1.045e-05,3240.0,0.033858
ADX/BTC,1563149798336,2019-07-15T00:16:38.336Z,buy,1.053e-05,1250.0,0.0131625
ADX/BTC,1563149799963,2019-07-15T00:16:39.963Z,sell,1.044e-05,690.0,0.0072036
ADX/BTC,1563149800623,2019-07-15T00:16:40.623Z,sell,1.044e-05,922.0,0.00962568
ADX/BTC,1563149802827,2019-07-15T00:16:42.827Z,sell,1.043e-05,520.0,0.0054236
ADX/BTC,1563149808383,2019-07-15T00:16:48.383Z,buy,1.05e-05,608.0,0.006384
ADX/BTC,1563149808383,2019-07-15T00:16:48.383Z,buy,1.051e-05,68.0,0.00071468
ADX/BTC,1563149811146,2019-07-15T00:16:51.146Z,sell,1.044e-05,67.0,0.00069948
ADX/BTC,1563149812643,2019-07-15T00:16:52.643Z,buy,1.051e-05,343.0,0.0036049299999999
ADX/BTC,1563149812643,2019-07-15T00:16:52.643Z,buy,1.053e-05,260.0,0.0027378
ADX/BTC,1563149812643,2019-07-15T00:16:52.643Z,buy,1.054e-05,922.0,0.00971788
ADX/BTC,1563149812643,2019-07-15T00:16:52.643Z,buy,1.055e-05,10.0,0.0001055
ADX/BTC,1563149812643,2019-07-15T00:16:52.643Z,buy,1.056e-05,702.0,0.00741312
ADX/BTC,1563149812643,2019-07-15T00:16:52.643Z,buy,1.059e-05,113.0,0.00119667
ADX/BTC,1563149813617,2019-07-15T00:16:53.617Z,sell,1.055e-05,135.0,0.00142425
ADX/BTC,1563149815245,2019-07-15T00:16:55.245Z,sell,1.055e-05,10.0,0.0001055
ADX/BTC,1563149818138,2019-07-15T00:16:58.138Z,sell,1.055e-05,283.0,0.00298565
ADX/BTC,1563149845763,2019-07-15T00:17:25.763Z,buy,1.055e-05,205.0,0.00216275
ADX/BTC,1563149845763,2019-07-15T00:17:25.763Z,buy,1.059e-05,532.0,0.00563388
ADX/BTC,1563149845763,2019-07-15T00:17:25.763Z,buy,1.06e-05,112.0,0.0011872
ADX/BTC,1563149880432,2019-07-15T00:18:00.432Z,sell,1.048e-05,150.0,0.001572
ADX/BTC,1563149880432,2019-07-15T00:18:00.432Z,sell,1.047e-05,364.0,0.0038110799999999
ADX/BTC,1563149894043,2019-07-15T00:18:14.043Z,buy,1.06e-05,27.0,0.0002862
ADX/BTC,1563149894043,2019-07-15T00:18:14.043Z,buy,1.061e-05,364.0,0.00386204
ADX/BTC,1563149894043,2019-07-15T00:18:14.043Z,buy,1.062e-05,315.0,0.0033453
ADX/BTC,1563149898030,2019-07-15T00:18:18.030Z,buy,1.062e-05,222.0,0.00235764
ADX/BTC,1563149900113,2019-07-15T00:18:20.113Z,sell,1.061e-05,597.0,0.00633417
ADX/BTC,1563149900113,2019-07-15T00:18:20.113Z,sell,1.06e-05,1282.0,0.0135892
ADX/BTC,1563149901136,2019-07-15T00:18:21.136Z,sell,1.06e-05,1878.0,0.0199068
ADX/BTC,1563149901329,2019-07-15T00:18:21.329Z,sell,1.06e-05,1655.0,0.017543
ADX/BTC,1563149901713,2019-07-15T00:18:21.713Z,sell,1.06e-05,14731.0,0.1561486
ADX/BTC,1563149902122,2019-07-15T00:18:22.122Z,sell,1.06e-05,1878.0,0.0199068
ADX/BTC,1563149902241,2019-07-15T00:18:22.241Z,sell,1.06e-05,1388.0,0.0147128
ADX/BTC,1563149903119,2019-07-15T00:18:23.119Z,sell,1.06e-05,282.0,0.0029892
ADX/BTC,1563149918440,2019-07-15T00:18:38.440Z,buy,1.062e-05,118.0,0.00125316
ADX/BTC,1563149932915,2019-07-15T00:18:52.915Z,buy,1.063e-05,14.0,0.00014882
ADX/BTC,1563149932915,2019-07-15T00:18:52.915Z,buy,1.064e-05,506.0,0.00538384
ADX/BTC,1563149935926,2019-07-15T00:18:55.926Z,buy,1.064e-05,241.0,0.0025642399999999
ADX/BTC,1563149935944,2019-07-15T00:18:55.944Z,sell,1.064e-05,149.0,0.00158536
ADX/BTC,1563149935944,2019-07-15T00:18:55.944Z,sell,1.062e-05,590.0,0.0062658
ADX/BTC,1563149938489,2019-07-15T00:18:58.489Z,sell,1.062e-05,149.0,0.00158238
ADX/BTC,1563149938489,2019-07-15T00:18:58.489Z,sell,1.061e-05,1.0,1.061e-05
ADX/BTC,1563149939083,2019-07-15T00:18:59.083Z,buy,1.065e-05,18013.0,0.19183845
ADX/BTC,1563149939109,2019-07-15T00:18:59.109Z,sell,1.065e-05,599.0,0.00637935
ADX/BTC,1563149939277,2019-07-15T00:18:59.277Z,sell,1.065e-05,362.0,0.0038553
ADX/BTC,1563149940119,2019-07-15T00:19:00.119Z,buy,1.067e-05,453.0,0.00483351
ADX/BTC,1563149940119,2019-07-15T00:19:00.119Z,buy,1.07e-05,281.0,0.0030066999999999
ADX/BTC,1563149940119,2019-07-15T00:19:00.119Z,buy,1.071e-05,231.0,0.00247401
ADX/BTC,1563149940119,2019-07-15T00:19:00.119Z,buy,1.072e-05,296.0,0.00317312
ADX/BTC,1563149940311,2019-07-15T00:19:00.311Z,buy,1.072e-05,296.0,0.00317312
ADX/BTC,1563149940498,2019-07-15T00:19:00.498Z,buy,1.072e-05,296.0,0.00317312
ADX/BTC,1563149940681,2019-07-15T00:19:00.681Z,buy,1.073e-05,296.0,0.00317608
ADX/BTC,1563149940709,2019-07-15T00:19:00.709Z,buy,1.075e-05,150.0,0.0016125
ADX/BTC,1563149940709,2019-07-15T00:19:00.709Z,buy,1.076e-05,369.0,0.00397044
ADX/BTC,1563149940709,2019-07-15T00:19:00.709Z,buy,1.078e-05,2531.0,0.02728418
ADX/BTC,1563149941194,2019-07-15T00:19:01.194Z,sell,1.068e-05,10.0,0.0001068
ADX/BTC,1563149942673,2019-07-15T00:19:02.673Z,sell,1.068e-05,28.0,0.00029904
ADX/BTC,1563149945690,2019-07-15T00:19:05.690Z,sell,1.068e-05,102.0,0.00108936
ADX/BTC,1563149946112,2019-07-15T00:19:06.112Z,sell,1.067e-05,122.0,0.00130174
ADX/BTC,1563149946227,2019-07-15T00:19:06.227Z,buy,1.077e-05,539.0,0.00580503
ADX/BTC,1563149946227,2019-07-15T00:19:06.227Z,buy,1.078e-05,7701.0,0.08301678
ADX/BTC,1563149946274,2019-07-15T00:19:06.274Z,sell,1.078e-05,1225.0,0.0132055
ADX/BTC,1563149947186,2019-07-15T00:19:07.186Z,sell,1.079e-05,280.0,0.0030212
ADX/BTC,1563149950962,2019-07-15T00:19:10.962Z,sell,1.079e-05,179.0,0.00193141
ADX/BTC,1563149951196,2019-07-15T00:19:11.196Z,sell,1.077e-05,207.0,0.00222939
ADX/BTC,1563149952757,2019-07-15T00:19:12.757Z,buy,1.081e-05,38.0,0.00041078
ADX/BTC,1563149953278,2019-07-15T00:19:13.278Z,buy,1.081e-05,112.0,0.00121072
ADX/BTC,1563149953397,2019-07-15T00:19:13.397Z,sell,1.081e-05,20.0,0.0002162
ADX/BTC,1563149954265,2019-07-15T00:19:14.265Z,sell,1.081e-05,156.0,0.00168636
ADX/BTC,1563149954329,2019-07-15T00:19:14.329Z,buy,1.083e-05,15.0,0.00016245
ADX/BTC,1563149954329,2019-07-15T00:19:14.329Z,buy,1.084e-05,964.0,0.0104497599999999
ADX/BTC,1563149954329,2019-07-15T00:19:14.329Z,buy,1.085e-05,860.0,0.0093309999999999
ADX/BTC,1563149954329,2019-07-15T00:19:14.329Z,buy,1.086e-05,351.0,0.00381186
ADX/BTC,1563149954329,2019-07-15T00:19:14.329Z,buy,1.09e-05,1110.0,0.012099
ADX/BTC,1563149954387,2019-07-15T00:19:14.387Z,sell,1.09e-05,43.0,0.0004687
ADX/BTC,1563149954519,2019-07-15T00:19:14.519Z,sell,1.091e-05,577.0,0.00629507
ADX/BTC,1563149954519,2019-07-15T00:19:14.519Z,sell,1.09e-05,3537.0,0.0385533
ADX/BTC,1563149954674,2019-07-15T00:19:14.674Z,sell,1.09e-05,10667.0,0.1162703
ADX/BTC,1563149954868,2019-07-15T00:19:14.868Z,sell,1.09e-05,182.0,0.0019838
ADX/BTC,1563149955054,2019-07-15T00:19:15.054Z,sell,1.09e-05,3988.0,0.0434692
ADX/BTC,1563149955063,2019-07-15T00:19:15.063Z,sell,1.09e-05,2755.0,0.0300295
ADX/BTC,1563149955070,2019-07-15T00:19:15.070Z,sell,1.09e-05,1189.0,0.0129601
ADX/BTC,1563149955085,2019-07-15T00:19:15.085Z,sell,1.09e-05,759.0,0.0082731
ADX/BTC,1563149955085,2019-07-15T00:19:15.085Z,sell,1.079e-05,109.0,0.00117611
ADX/BTC,1563149955085,2019-07-15T00:19:15.085Z,sell,1.062e-05,234.0,0.00248508
ADX/BTC,1563149955085,2019-07-15T00:19:15.085Z,sell,1.061e-05,202.0,0.00214322
ADX/BTC,1563149955085,2019-07-15T00:19:15.085Z,sell,1.055e-05,367.0,0.00387185
ADX/BTC,1563149955085,2019-07-15T00:19:15.085Z,sell,1.053e-05,150.0,0.0015795
ADX/BTC,1563149955085,2019-07-15T00:19:15.085Z,sell,1.05e-05,1216.0,0.012768
ADX/BTC,1563149956050,2019-07-15T00:19:16.050Z,buy,1.081e-05,216.0,0.00233496
ADX/BTC,1563149956275,2019-07-15T00:19:16.275Z,buy,1.08e-05,28.0,0.0003024
ADX/BTC,1563149956847,2019-07-15T00:19:16.847Z,buy,1.076e-05,357.0,0.00384132
ADX/BTC,1563149956847,2019-07-15T00:19:16.847Z,buy,1.08e-05,306.0,0.0033048
ADX/BTC,1563149957459,2019-07-15T00:19:17.459Z,buy,1.08e-05,100.0,0.00108
ADX/BTC,1563149958453,2019-07-15T00:19:18.453Z,buy,1.08e-05,143.0,0.0015444
ADX/BTC,1563149958453,2019-07-15T00:19:18.453Z,buy,1.081e-05,100.0,0.001081
ADX/BTC,1563149958583,2019-07-15T00:19:18.583Z,buy,1.081e-05,900.0,0.009729
ADX/BTC,1563149958583,2019-07-15T00:19:18.583Z,buy,1.085e-05,10.0,0.0001085
ADX/BTC,1563149958583,2019-07-15T00:19:18.583Z,buy,1.087e-05,780.0,0.0084786
ADX/BTC,1563149958919,2019-07-15T00:19:18.919Z,buy,1.087e-05,2341.0,0.0254466699999999
ADX/BTC,1563149958919,2019-07-15T00:19:18.919Z,buy,1.09e-05,1657.0,0.0180613
ADX/BTC,1563149958919,2019-07-15T00:19:18.919Z,buy,1.091e-05,1075.0,0.01172825
ADX/BTC,1563149958919,2019-07-15T00:19:18.919Z,buy,1.092e-05,150.0,0.001638
ADX/BTC,1563149958919,2019-07-15T00:19:18.919Z,buy,1.097e-05,150.0,0.0016455
ADX/BTC,1563149958919,2019-07-15T00:19:18.919Z,buy,1.098e-05,120.0,0.0013176
ADX/BTC,1563149958919,2019-07-15T00:19:18.919Z,buy,1.099e-05,1907.0,0.02095793
ADX/BTC,1563149959479,2019-07-15T00:19:19.479Z,sell,1.091e-05,45.0,0.00049095
ADX/BTC,1563149960007,2019-07-15T00:19:20.007Z,sell,1.083e-05,20.0,0.0002166
ADX/BTC,1563149961025,2019-07-15T00:19:21.025Z,buy,1.099e-05,793.0,0.00871507
ADX/BTC,1563149961227,2019-07-15T00:19:21.227Z,sell,1.09e-05,11.0,0.0001199
ADX/BTC,1563149961239,2019-07-15T00:19:21.239Z,sell,1.09e-05,24.0,0.0002616
ADX/BTC,1563149961239,2019-07-15T00:19:21.239Z,sell,1.082e-05,11.0,0.00011902
ADX/BTC,1563149961921,2019-07-15T00:19:21.921Z,sell,1.084e-05,488.0,0.00528992
ADX/BTC,1563149966199,2019-07-15T00:19:26.199Z,buy,1.098e-05,519.0,0.00569862
ADX/BTC,1563149966199,2019-07-15T00:19:26.199Z,buy,1.099e-05,3124.0,0.03433276
ADX/BTC,1563149969487,2019-07-15T00:19:29.487Z,buy,1.099e-05,222.0,0.00243978
ADX/BTC,1563149971019,2019-07-15T00:19:31.019Z,sell,1.087e-05,245.0,0.00266315
ADX/BTC,1563149971517,2019-07-15T00:19:31.517Z,sell,1.087e-05,196.0,0.00213052
ADX/BTC,1563149977093,2019-07-15T00:19:37.093Z,sell,1.086e-05,38.0,0.0004126799999999
ADX/BTC,1563149979407,2019-07-15T00:19:39.407Z,sell,1.086e-05,101.0,0.0010968599999999
ADX/BTC,1563149979407,2019-07-15T00:19:39.407Z,sell,1.085e-05,461.0,0.0050018499999999
ADX/BTC,1563149979433,2019-07-15T00:19:39.433Z,buy,1.098e-05,517.0,0.00567666
ADX/BTC,1563149980341,2019-07-15T00:19:40.341Z,buy,1.098e-05,118.0,0.00129564
ADX/BTC,1563149986204,2019-07-15T00:19:46.204Z,buy,1.09e-05,203.0,0.0022127
ADX/BTC,1563149987709,2019-07-15T00:19:47.709Z,buy,1.088e-05,377.0,0.0041017599999999
ADX/BTC,1563149987709,2019-07-15T00:19:47.709Z,buy,1.098e-05,151.0,0.00165798
ADX/BTC,1563149987709,2019-07-15T00:19:47.709Z,buy,1.099e-05,2559.0,0.0281234099999999
ADX/BTC,1563149988967,2019-07-15T00:19:48.967Z,buy,1.087e-05,461.0,0.0050110699999999
ADX/BTC,1563149991639,2019-07-15T00:19:51.639Z,buy,1.099e-05,1353.0,0.01486947
ADX/BTC,1563149997097,2019-07-15T00:19:57.097Z,sell,1.087e-05,92.0,0.00100004
ADX/BTC,1563150003635,2019-07-15T00:20:03.635Z,buy,1.099e-05,673.0,0.00739627
ADX/BTC,1563150007027,2019-07-15T00:20:07.027Z,sell,1.087e-05,43.0,0.0004674099999999
ADX/BTC,1563150007171,2019-07-15T00:20:07.171Z,buy,1.099e-05,182.0,0.00200018
ADX/BTC,1563150007230,2019-07-15T00:20:07.230Z,sell,1.087e-05,29.0,0.00031523
ADX/BTC,1563150008825,2019-07-15T00:20:08.825Z,buy,1.098e-05,164.0,0.00180072
ADX/BTC,1563150008825,2019-07-15T00:20:08.825Z,buy,1.099e-05,3.0,3.297e-05
ADX/BTC,1563150010537,2019-07-15T00:20:10.537Z,buy,1.099e-05,1796.0,0.01973804
ADX/BTC,1563150010999,2019-07-15T00:20:10.999Z,sell,1.087e-05,38.0,0.00041306
ADX/BTC,1563150010999,2019-07-15T00:20:10.999Z,sell,1.084e-05,580.0,0.0062872
ADX/BTC,1563150010999,2019-07-15T00:20:10.999Z,sell,1.083e-05,1974.0,0.02137842
ADX/BTC,1563150010999,2019-07-15T00:20:10.999Z,sell,1.081e-05,339.0,0.00366459
ADX/BTC,1563150010999,2019-07-15T00:20:10.999Z,sell,1.08e-05,100.0,0.00108
ADX/BTC,1563150010999,2019-07-15T00:20:10.999Z,sell,1.079e-05,944.0,0.01018576
ADX/BTC,1563150012247,2019-07-15T00:20:12.247Z,sell,1.081e-05,45.0,0.00048645
ADX/BTC,1563150016457,2019-07-15T00:20:16.457Z,buy,1.094e-05,580.0,0.0063452
ADX/BTC,1563150016457,2019-07-15T00:20:16.457Z,buy,1.095e-05,1074.0,0.0117603
ADX/BTC,1563150018829,2019-07-15T00:20:18.829Z,sell,1.085e-05,582.0,0.0063146999999999
ADX/BTC,1563150018829,2019-07-15T00:20:18.829Z,sell,1.084e-05,461.0,0.00499724
ADX/BTC,1563150018829,2019-07-15T00:20:18.829Z,sell,1.083e-05,72.0,0.00077976
ADX/BTC,1563150018949,2019-07-15T00:20:18.949Z,buy,1.08e-05,427.0,0.0046115999999999
ADX/BTC,1563150018949,2019-07-15T00:20:18.949Z,buy,1.096e-05,72.0,0.00078912
ADX/BTC,1563150018949,2019-07-15T00:20:18.949Z,buy,1.097e-05,1031.0,0.01131007
ADX/BTC,1563150018949,2019-07-15T00:20:18.949Z,buy,1.098e-05,339.0,0.00372222
ADX/BTC,1563150018949,2019-07-15T00:20:18.949Z,buy,1.099e-05,4696.0,0.05160904
ADX/BTC,1563150020599,2019-07-15T00:20:20.599Z,buy,1.095e-05,582.0,0.0063729
ADX/BTC,1563150020599,2019-07-15T00:20:20.599Z,buy,1.096e-05,461.0,0.00505256
ADX/BTC,1563150020599,2019-07-15T00:20:20.599Z,buy,1.099e-05,1124.0,0.0123527599999999
ADX/BTC,1563150020977,2019-07-15T00:20:20.977Z,buy,1.086e-05,949.0,0.01030614
ADX/BTC,1563150026183,2019-07-15T00:20:26.183Z,buy,1.087e-05,37.0,0.0004021899999999
ADX/BTC,1563150031490,2019-07-15T00:20:31.490Z,sell,1.088e-05,580.0,0.0063104
ADX/BTC,1563150031490,2019-07-15T00:20:31.490Z,sell,1.087e-05,609.0,0.0066198299999999
ADX/BTC,1563150031490,2019-07-15T00:20:31.490Z,sell,1.085e-05,427.0,0.0046329499999999
ADX/BTC,1563150031490,2019-07-15T00:20:31.490Z,sell,1.083e-05,2821.0,0.0305514299999999
ADX/BTC,1563150031490,2019-07-15T00:20:31.490Z,sell,1.082e-05,427.0,0.00462014
ADX/BTC,1563150031536,2019-07-15T00:20:31.536Z,buy,1.081e-05,896.0,0.00968576
ADX/BTC,1563150031537,2019-07-15T00:20:31.537Z,buy,1.081e-05,896.0,0.00968576
ADX/BTC,1563150031617,2019-07-15T00:20:31.617Z,buy,1.081e-05,405.0,0.00437805
ADX/BTC,1563150031838,2019-07-15T00:20:31.838Z,buy,1.081e-05,1896.0,0.02049576
ADX/BTC,1563150031985,2019-07-15T00:20:31.985Z,buy,1.081e-05,5920.0,0.0639952
ADX/BTC,1563150033834,2019-07-15T00:20:33.834Z,sell,1.082e-05,486.0,0.00525852
ADX/BTC,1563150034623,2019-07-15T00:20:34.623Z,buy,1.095e-05,263.0,0.00287985
ADX/BTC,1563150038251,2019-07-15T00:20:38.251Z,buy,1.095e-05,317.0,0.00347115
ADX/BTC,1563150038416,2019-07-15T00:20:38.416Z,sell,1.095e-05,896.0,0.0098112
ADX/BTC,1563150038741,2019-07-15T00:20:38.741Z,sell,1.095e-05,231.0,0.00252945
ADX/BTC,1563150038777,2019-07-15T00:20:38.777Z,sell,1.095e-05,405.0,0.00443475
ADX/BTC,1563150039137,2019-07-15T00:20:39.137Z,sell,1.095e-05,1836.0,0.0201042
ADX/BTC,1563150039179,2019-07-15T00:20:39.179Z,sell,1.095e-05,968.0,0.0105996
ADX/BTC,1563150040120,2019-07-15T00:20:40.120Z,sell,1.095e-05,1834.0,0.0200823
ADX/BTC,1563150040152,2019-07-15T00:20:40.152Z,sell,1.095e-05,967.0,0.01058865
ADX/BTC,1563150040293,2019-07-15T00:20:40.293Z,sell,1.095e-05,968.0,0.0105996
ADX/BTC,1563150040961,2019-07-15T00:20:40.961Z,sell,1.095e-05,1358.0,0.0148701
ADX/BTC,1563150040969,2019-07-15T00:20:40.969Z,sell,1.095e-05,3392.0,0.0371424
ADX/BTC,1563150041080,2019-07-15T00:20:41.080Z,buy,1.096e-05,111.0,0.00121656
ADX/BTC,1563150052980,2019-07-15T00:20:52.980Z,sell,1.091e-05,578.0,0.00630598
ADX/BTC,1563150056290,2019-07-15T00:20:56.290Z,buy,1.095e-05,374.0,0.0040953
ADX/BTC,1563150060537,2019-07-15T00:21:00.537Z,buy,1.095e-05,2361.0,0.02585295
ADX/BTC,1563150064051,2019-07-15T00:21:04.051Z,sell,1.09e-05,88.0,0.0009592
ADX/BTC,1563150074336,2019-07-15T00:21:14.336Z,buy,1.095e-05,288.0,0.0031536
ADX/BTC,1563150077088,2019-07-15T00:21:17.088Z,sell,1.09e-05,719.0,0.0078371
ADX/BTC,1563150078424,2019-07-15T00:21:18.424Z,buy,1.09e-05,68.0,0.0007412
ADX/BTC,1563150081977,2019-07-15T00:21:21.977Z,buy,1.095e-05,231.0,0.00252945
ADX/BTC,1563150091448,2019-07-15T00:21:31.448Z,buy,1.091e-05,12.0,0.00013092
ADX/BTC,1563150092286,2019-07-15T00:21:32.286Z,buy,1.092e-05,152.0,0.00165984
ADX/BTC,1563150093420,2019-07-15T00:21:33.420Z,buy,1.093e-05,43.0,0.00046999
ADX/BTC,1563150094794,2019-07-15T00:21:34.794Z,buy,1.093e-05,100.0,0.001093
ADX/BTC,1563150096329,2019-07-15T00:21:36.329Z,buy,1.093e-05,10.0,0.0001093
ADX/BTC,1563150140953,2019-07-15T00:22:20.953Z,buy,1.092e-05,425.0,0.004641
ADX/BTC,1563150140953,2019-07-15T00:22:20.953Z,buy,1.093e-05,774.0,0.00845982
ADX/BTC,1563150140953,2019-07-15T00:22:20.953Z,buy,1.095e-05,1510.0,0.0165345
ADX/BTC,1563150144281,2019-07-15T00:22:24.281Z,buy,1.095e-05,900.0,0.009855
ADX/BTC,1563150148114,2019-07-15T00:22:28.114Z,buy,1.095e-05,446.0,0.0048837
ADX/BTC,1563150149261,2019-07-15T00:22:29.261Z,buy,1.095e-05,447.0,0.00489465
ADX/BTC,1563150170252,2019-07-15T00:22:50.252Z,buy,1.095e-05,92.0,0.0010074
ADX/BTC,1563150182238,2019-07-15T00:23:02.238Z,sell,1.092e-05,967.0,0.01055964
ADX/BTC,1563150182238,2019-07-15T00:23:02.238Z,sell,1.09e-05,2967.0,0.0323403
ADX/BTC,1563150182238,2019-07-15T00:23:02.238Z,sell,1.087e-05,1026.0,0.0111526199999999
ADX/BTC,1563150182238,2019-07-15T00:23:02.238Z,sell,1.082e-05,2479.0,0.02682278
ADX/BTC,1563150182238,2019-07-15T00:23:02.238Z,sell,1.081e-05,579.0,0.00625899
ADX/BTC,1563150182238,2019-07-15T00:23:02.238Z,sell,1.08e-05,1592.0,0.0171936
ADX/BTC,1563150182238,2019-07-15T00:23:02.238Z,sell,1.079e-05,370.0,0.0039923
ADX/BTC,1563150182661,2019-07-15T00:23:02.661Z,sell,1.087e-05,37.0,0.0004021899999999
ADX/BTC,1563150182661,2019-07-15T00:23:02.661Z,sell,1.079e-05,72.0,0.00077688
ADX/BTC,1563150183777,2019-07-15T00:23:03.777Z,buy,1.085e-05,93.0,0.00100905
ADX/BTC,1563150184193,2019-07-15T00:23:04.193Z,buy,1.085e-05,275.0,0.00298375
ADX/BTC,1563150184558,2019-07-15T00:23:04.558Z,sell,1.08e-05,40.0,0.000432
ADX/BTC,1563150186142,2019-07-15T00:23:06.142Z,buy,1.084e-05,40.0,0.0004335999999999
ADX/BTC,1563150186142,2019-07-15T00:23:06.142Z,buy,1.085e-05,94.0,0.0010199
ADX/BTC,1563150188020,2019-07-15T00:23:08.020Z,sell,1.085e-05,141.0,0.00152985
ADX/BTC,1563150188020,2019-07-15T00:23:08.020Z,sell,1.079e-05,46.0,0.00049634
ADX/BTC,1563150207317,2019-07-15T00:23:27.317Z,buy,1.089e-05,488.0,0.00531432
ADX/BTC,1563150207598,2019-07-15T00:23:27.598Z,sell,1.09e-05,871.0,0.0094939
ADX/BTC,1563150233517,2019-07-15T00:23:53.517Z,buy,1.092e-05,276.0,0.00301392
ADX/BTC,1563150261141,2019-07-15T00:24:21.141Z,sell,1.086e-05,150.0,0.0016289999999999
ADX/BTC,1563150261141,2019-07-15T00:24:21.141Z,sell,1.083e-05,600.0,0.0064979999999999
ADX/BTC,1563150291166,2019-07-15T00:24:51.166Z,sell,1.083e-05,350.0,0.0037905
ADX/BTC,1563150292136,2019-07-15T00:24:52.136Z,buy,1.083e-05,1369.0,0.0148262699999999
ADX/BTC,1563150293304,2019-07-15T00:24:53.304Z,sell,1.082e-05,2367.0,0.02561094
ADX/BTC,1563150293431,2019-07-15T00:24:53.431Z,sell,1.081e-05,150.0,0.0016215
ADX/BTC,1563150293899,2019-07-15T00:24:53.899Z,buy,1.081e-05,434.0,0.00469154
ADX/BTC,1563150293899,2019-07-15T00:24:53.899Z,buy,1.082e-05,1272.0,0.0137630399999999
ADX/BTC,1563150296914,2019-07-15T00:24:56.914Z,buy,1.083e-05,566.0,0.00612978
ADX/BTC,1563150311184,2019-07-15T00:25:11.184Z,buy,1.083e-05,73.0,0.00079059
