symbol,timestamp,datetime,side,price,amount,btc_volume
ADX/BTC,1593101043589,2020-06-25T16:04:03.589Z,buy,1.093e-05,153.0,0.00167229
ADX/BTC,1593101043589,2020-06-25T16:04:03.589Z,buy,1.094e-05,115.0,0.0012581
ADX/BTC,1593101080795,2020-06-25T16:04:40.795Z,buy,1.094e-05,92.0,0.00100648
ADX/BTC,1593101423344,2020-06-25T16:10:23.344Z,buy,1.094e-05,899.0,0.00983506
ADX/BTC,1593101470020,2020-06-25T16:11:10.020Z,buy,1.094e-05,852.0,0.00932088
ADX/BTC,1593101538610,2020-06-25T16:12:18.610Z,buy,1.094e-05,9000.0,0.09846
ADX/BTC,1593101748350,2020-06-25T16:15:48.350Z,buy,1.094e-05,675.0,0.0073845
ADX/BTC,1593102104613,2020-06-25T16:21:44.613Z,buy,1.094e-05,1705.0,0.0186527
ADX/BTC,1593102105195,2020-06-25T16:21:45.195Z,buy,1.094e-05,80.0,0.0008752
ADX/BTC,1593103435854,2020-06-25T16:43:55.854Z,sell,1.091e-05,1757.0,0.01916887
ADX/BTC,1593103435854,2020-06-25T16:43:55.854Z,sell,1.091e-05,1757.0,0.01916887
ADX/BTC,1593104570439,2020-06-25T17:02:50.439Z,buy,1.094e-05,959.0,0.01049146
ADX/BTC,1593104589751,2020-06-25T17:03:09.751Z,sell,1.091e-05,776.0,0.00846616
ADX/BTC,1593104592072,2020-06-25T17:03:12.072Z,sell,1.091e-05,100.0,0.001091
ADX/BTC,1593104739143,2020-06-25T17:05:39.143Z,buy,1.094e-05,110.0,0.0012034
ADX/BTC,1593104868155,2020-06-25T17:07:48.155Z,sell,1.091e-05,16.0,0.00017456
ADX/BTC,1593105219552,2020-06-25T17:13:39.552Z,sell,1.091e-05,58.0,0.00063278
ADX/BTC,1593105288209,2020-06-25T17:14:48.209Z,buy,1.093e-05,1071.0,0.01170603
ADX/BTC,1593105288209,2020-06-25T17:14:48.209Z,buy,1.094e-05,2660.0,0.0291004
ADX/BTC,1593105598142,2020-06-25T17:19:58.142Z,buy,1.094e-05,941.0,0.01029454
ADX/BTC,1593105611234,2020-06-25T17:20:11.234Z,buy,1.094e-05,1828.0,0.01999832
ADX/BTC,1593105614062,2020-06-25T17:20:14.062Z,buy,1.094e-05,9000.0,0.09846
ADX/BTC,1593105643236,2020-06-25T17:20:43.236Z,buy,1.094e-05,2102.0,0.02299588
ADX/BTC,1593105973386,2020-06-25T17:26:13.386Z,buy,1.094e-05,1369.0,0.01497686
ADX/BTC,1593105975666,2020-06-25T17:26:15.666Z,buy,1.094e-05,1143.0,0.01250442
ADX/BTC,1593106636177,2020-06-25T17:37:16.177Z,buy,1.095e-05,11.0,0.00012045
ADX/BTC,1593106636177,2020-06-25T17:37:16.177Z,buy,1.096e-05,965.0,0.0105764
ADX/BTC,1593106990521,2020-06-25T17:43:10.521Z,buy,1.096e-05,104.0,0.00113984
ADX/BTC,1593107018712,2020-06-25T17:43:38.712Z,buy,1.096e-05,9294.0,0.10186224
ADX/BTC,1593107018726,2020-06-25T17:43:38.726Z,sell,1.096e-05,11025.0,0.120834
ADX/BTC,1593107018792,2020-06-25T17:43:38.792Z,sell,1.096e-05,700.0,0.007672
ADX/BTC,1593107019987,2020-06-25T17:43:39.987Z,sell,1.096e-05,100.0,0.001096
ADX/BTC,1593107020101,2020-06-25T17:43:40.101Z,sell,1.096e-05,293.0,0.00321128
ADX/BTC,1593107020979,2020-06-25T17:43:40.979Z,sell,1.096e-05,100.0,0.001096
ADX/BTC,1593107021979,2020-06-25T17:43:41.979Z,sell,1.096e-05,100.0,0.001096
ADX/BTC,1593107022965,2020-06-25T17:43:42.965Z,sell,1.096e-05,100.0,0.001096
ADX/BTC,1593107023973,2020-06-25T17:43:43.973Z,sell,1.096e-05,100.0,0.001096
ADX/BTC,1593107024968,2020-06-25T17:43:44.968Z,sell,1.096e-05,100.0,0.001096
ADX/BTC,1593107025987,2020-06-25T17:43:45.987Z,sell,1.096e-05,100.0,0.001096
ADX/BTC,1593107026994,2020-06-25T17:43:46.994Z,sell,1.096e-05,100.0,0.001096
ADX/BTC,1593107028006,2020-06-25T17:43:48.006Z,sell,1.096e-05,100.0,0.001096
ADX/BTC,1593107029002,2020-06-25T17:43:49.002Z,sell,1.096e-05,100.0,0.001096
ADX/BTC,1593107029993,2020-06-25T17:43:49.993Z,sell,1.096e-05,100.0,0.001096
ADX/BTC,1593107030996,2020-06-25T17:43:50.996Z,sell,1.096e-05,100.0,0.001096
ADX/BTC,1593107030996,2020-06-25T17:43:50.996Z,sell,1.096e-05,100.0,0.001096
ADX/BTC,1593107052989,2020-06-25T17:44:12.989Z,sell,1.096e-05,868.0,0.00951328
ADX/BTC,1593107054158,2020-06-25T17:44:14.158Z,sell,1.096e-05,228.0,0.00249888
ADX/BTC,1593107056189,2020-06-25T17:44:16.189Z,sell,1.096e-05,136.0,0.00149056
ADX/BTC,1593107057877,2020-06-25T17:44:17.877Z,sell,1.096e-05,3481.0,0.03815176
ADX/BTC,1593107211788,2020-06-25T17:46:51.788Z,sell,1.096e-05,69.0,0.00075624
ADX/BTC,1593107256540,2020-06-25T17:47:36.540Z,buy,1.097e-05,624.0,0.00684528
ADX/BTC,1593107329170,2020-06-25T17:48:49.170Z,sell,1.096e-05,819.0,0.00897624
ADX/BTC,1593107400138,2020-06-25T17:50:00.138Z,sell,1.096e-05,3702.0,0.04057392
ADX/BTC,1593107412193,2020-06-25T17:50:12.193Z,sell,1.096e-05,487.0,0.00533752
ADX/BTC,1593107536171,2020-06-25T17:52:16.171Z,sell,1.096e-05,496.0,0.00543616
ADX/BTC,1593107536193,2020-06-25T17:52:16.193Z,sell,1.096e-05,955.0,0.0104668
ADX/BTC,1593107777462,2020-06-25T17:56:17.462Z,buy,1.097e-05,1824.0,0.02000928
ADX/BTC,1593107822861,2020-06-25T17:57:02.861Z,buy,1.097e-05,550.0,0.0060335
ADX/BTC,1593108098521,2020-06-25T18:01:38.521Z,buy,1.097e-05,148.0,0.00162356
ADX/BTC,1593108126687,2020-06-25T18:02:06.687Z,buy,1.097e-05,1835.0,0.02012995
ADX/BTC,1593108275068,2020-06-25T18:04:35.068Z,buy,1.097e-05,1559.0,0.01710223
ADX/BTC,1593108275068,2020-06-25T18:04:35.068Z,buy,1.098e-05,170.0,0.0018666
ADX/BTC,1593108275068,2020-06-25T18:04:35.068Z,buy,1.099e-05,538.0,0.0059126199999999
ADX/BTC,1593108275068,2020-06-25T18:04:35.068Z,buy,1.1e-05,1483.0,0.016313
ADX/BTC,1593108345766,2020-06-25T18:05:45.766Z,buy,1.1e-05,52.0,0.000572
ADX/BTC,1593108441542,2020-06-25T18:07:21.542Z,buy,1.1e-05,13636.0,0.149996
ADX/BTC,1593108457452,2020-06-25T18:07:37.452Z,buy,1.1e-05,149.0,0.001639
ADX/BTC,1593108598364,2020-06-25T18:09:58.364Z,buy,1.1e-05,1111.0,0.012221
ADX/BTC,1593108634600,2020-06-25T18:10:34.600Z,buy,1.1e-05,2795.0,0.0307449999999999
ADX/BTC,1593109130352,2020-06-25T18:18:50.352Z,buy,1.1e-05,5454.0,0.059994
ADX/BTC,1593109261376,2020-06-25T18:21:01.376Z,buy,1.1e-05,11.0,0.000121
ADX/BTC,1593109558033,2020-06-25T18:25:58.033Z,buy,1.1e-05,3014.0,0.0331539999999999
ADX/BTC,1593109640950,2020-06-25T18:27:20.950Z,buy,1.1e-05,9091.0,0.1000009999999999
ADX/BTC,1593109649375,2020-06-25T18:27:29.375Z,sell,1.092e-05,55.0,0.0006006
ADX/BTC,1593109649382,2020-06-25T18:27:29.382Z,sell,1.092e-05,185.0,0.0020202
ADX/BTC,1593109649390,2020-06-25T18:27:29.390Z,sell,1.092e-05,56.0,0.00061152
ADX/BTC,1593109670419,2020-06-25T18:27:50.419Z,buy,1.092e-05,1380.0,0.0150696
ADX/BTC,1593109671203,2020-06-25T18:27:51.203Z,buy,1.092e-05,1185.0,0.0129402
ADX/BTC,1593109671599,2020-06-25T18:27:51.599Z,buy,1.092e-05,195.0,0.0021294
ADX/BTC,1593109685845,2020-06-25T18:28:05.845Z,sell,1.093e-05,18.0,0.00019674
ADX/BTC,1593109719027,2020-06-25T18:28:39.027Z,sell,1.095e-05,10.0,0.0001095
ADX/BTC,1593109719038,2020-06-25T18:28:39.038Z,buy,1.093e-05,87.0,0.00095091
ADX/BTC,1593109725707,2020-06-25T18:28:45.707Z,buy,1.093e-05,97.0,0.00106021
ADX/BTC,1593109727321,2020-06-25T18:28:47.321Z,buy,1.093e-05,97.0,0.00106021
ADX/BTC,1593109753608,2020-06-25T18:29:13.608Z,buy,1.097e-05,11.0,0.00012067
ADX/BTC,1593109898174,2020-06-25T18:31:38.174Z,buy,1.096e-05,11.0,0.00012056
ADX/BTC,1593109900744,2020-06-25T18:31:40.744Z,buy,1.096e-05,373.0,0.00408808
ADX/BTC,1593110041051,2020-06-25T18:34:01.051Z,buy,1.099e-05,114.0,0.00125286
ADX/BTC,1593110041051,2020-06-25T18:34:01.051Z,buy,1.1e-05,15.0,0.000165
ADX/BTC,1593110189406,2020-06-25T18:36:29.406Z,buy,1.1e-05,182.0,0.002002
ADX/BTC,1593110370108,2020-06-25T18:39:30.108Z,buy,1.1e-05,25.0,0.000275
ADX/BTC,1593110477981,2020-06-25T18:41:17.981Z,buy,1.099e-05,200.0,0.002198
ADX/BTC,1593110488885,2020-06-25T18:41:28.885Z,buy,1.099e-05,16368.0,0.17988432
ADX/BTC,1593110488885,2020-06-25T18:41:28.885Z,buy,1.1e-05,15310.0,0.16841
ADX/BTC,1593110488885,2020-06-25T18:41:28.885Z,buy,1.099e-05,16368.0,0.17988432
ADX/BTC,1593110488885,2020-06-25T18:41:28.885Z,buy,1.1e-05,15310.0,0.16841
ADX/BTC,1593110633845,2020-06-25T18:43:53.845Z,buy,1.101e-05,217.0,0.00238917
ADX/BTC,1593110633845,2020-06-25T18:43:53.845Z,buy,1.102e-05,1001.0,0.0110310199999999
ADX/BTC,1593110633845,2020-06-25T18:43:53.845Z,buy,1.103e-05,1887.0,0.02081361
ADX/BTC,1593110780126,2020-06-25T18:46:20.126Z,buy,1.104e-05,10.0,0.0001104
ADX/BTC,1593110937796,2020-06-25T18:48:57.796Z,buy,1.104e-05,2025.0,0.0223559999999999
ADX/BTC,1593110937796,2020-06-25T18:48:57.796Z,buy,1.105e-05,5508.0,0.0608634
ADX/BTC,1593110937796,2020-06-25T18:48:57.796Z,buy,1.106e-05,1176.0,0.01300656
ADX/BTC,1593110937796,2020-06-25T18:48:57.796Z,buy,1.107e-05,67.0,0.00074169
ADX/BTC,1593110937796,2020-06-25T18:48:57.796Z,buy,1.108e-05,2262.0,0.02506296
ADX/BTC,1593110937796,2020-06-25T18:48:57.796Z,buy,1.109e-05,8180.0,0.0907162
ADX/BTC,1593110937796,2020-06-25T18:48:57.796Z,buy,1.11e-05,7512.0,0.0833832
ADX/BTC,1593110939132,2020-06-25T18:48:59.132Z,buy,1.109e-05,4100.0,0.045469
ADX/BTC,1593111190237,2020-06-25T18:53:10.237Z,buy,1.106e-05,14.0,0.00015484
ADX/BTC,1593111205291,2020-06-25T18:53:25.291Z,sell,1.101e-05,62.0,0.00068262
ADX/BTC,1593111205291,2020-06-25T18:53:25.291Z,sell,1.1e-05,35.0,0.000385
ADX/BTC,1593111205291,2020-06-25T18:53:25.291Z,sell,1.1e-05,25.0,0.000275
ADX/BTC,1593111207449,2020-06-25T18:53:27.449Z,sell,1.101e-05,1378.0,0.01517178
ADX/BTC,1593111208522,2020-06-25T18:53:28.522Z,sell,1.101e-05,1378.0,0.01517178
ADX/BTC,1593111209141,2020-06-25T18:53:29.141Z,sell,1.101e-05,1378.0,0.01517178
ADX/BTC,1593111241053,2020-06-25T18:54:01.053Z,buy,1.101e-05,4829.0,0.05316729
ADX/BTC,1593111274444,2020-06-25T18:54:34.444Z,sell,1.101e-05,18.0,0.00019818
ADX/BTC,1593111422223,2020-06-25T18:57:02.223Z,buy,1.107e-05,11.0,0.00012177
ADX/BTC,1593111446485,2020-06-25T18:57:26.485Z,buy,1.107e-05,150.0,0.0016605
ADX/BTC,1593111640609,2020-06-25T19:00:40.609Z,buy,1.107e-05,10.0,0.0001107
ADX/BTC,1593111880457,2020-06-25T19:04:40.457Z,sell,1.102e-05,226.0,0.00249052
ADX/BTC,1593111880457,2020-06-25T19:04:40.457Z,sell,1.102e-05,11.0,0.00012122
ADX/BTC,1593111900779,2020-06-25T19:05:00.779Z,sell,1.102e-05,653.0,0.00719606
ADX/BTC,1593111980945,2020-06-25T19:06:20.945Z,buy,1.103e-05,56.0,0.00061768
ADX/BTC,1593112447286,2020-06-25T19:14:07.286Z,sell,1.103e-05,56.0,0.00061768
ADX/BTC,1593112551354,2020-06-25T19:15:51.354Z,sell,1.103e-05,41.0,0.0004522299999999
ADX/BTC,1593112669941,2020-06-25T19:17:49.941Z,buy,1.108e-05,10.0,0.0001108
ADX/BTC,1593112674479,2020-06-25T19:17:54.479Z,sell,1.106e-05,10.0,0.0001106
ADX/BTC,1593112674479,2020-06-25T19:17:54.479Z,sell,1.103e-05,311.0,0.0034303299999999
ADX/BTC,1593113100477,2020-06-25T19:25:00.477Z,sell,1.103e-05,634.0,0.00699302
ADX/BTC,1593113333636,2020-06-25T19:28:53.636Z,sell,1.103e-05,95.0,0.00104785
ADX/BTC,1593113460640,2020-06-25T19:31:00.640Z,sell,1.104e-05,10.0,0.0001104
ADX/BTC,1593113460650,2020-06-25T19:31:00.650Z,buy,1.104e-05,1779.0,0.01964016
ADX/BTC,1593113479244,2020-06-25T19:31:19.244Z,sell,1.103e-05,696.0,0.00767688
ADX/BTC,1593113753355,2020-06-25T19:35:53.355Z,buy,1.11e-05,11.0,0.0001221
ADX/BTC,1593113812565,2020-06-25T19:36:52.565Z,buy,1.11e-05,899.0,0.0099789
ADX/BTC,1593113996194,2020-06-25T19:39:56.194Z,buy,1.11e-05,4504.0,0.0499944
ADX/BTC,1593114046812,2020-06-25T19:40:46.812Z,buy,1.11e-05,137.0,0.0015207
ADX/BTC,1593114046812,2020-06-25T19:40:46.812Z,buy,1.11e-05,137.0,0.0015207
ADX/BTC,1593114144412,2020-06-25T19:42:24.412Z,buy,1.11e-05,780.0,0.008658
ADX/BTC,1593114144412,2020-06-25T19:42:24.412Z,buy,1.111e-05,1172.0,0.01302092
ADX/BTC,1593114246068,2020-06-25T19:44:06.068Z,buy,1.111e-05,967.0,0.01074337
ADX/BTC,1593114246085,2020-06-25T19:44:06.085Z,sell,1.111e-05,6969.0,0.07742559
ADX/BTC,1593114266934,2020-06-25T19:44:26.934Z,sell,1.111e-05,322.0,0.00357742
ADX/BTC,1593114267879,2020-06-25T19:44:27.879Z,sell,1.111e-05,323.0,0.00358853
ADX/BTC,1593114275528,2020-06-25T19:44:35.528Z,sell,1.111e-05,110.0,0.0012221
ADX/BTC,1593114364894,2020-06-25T19:46:04.894Z,sell,1.111e-05,10.0,0.0001111
ADX/BTC,1593114557313,2020-06-25T19:49:17.313Z,buy,1.112e-05,367.0,0.00408104
ADX/BTC,1593114613896,2020-06-25T19:50:13.896Z,buy,1.112e-05,72.0,0.00080064
ADX/BTC,1593114686425,2020-06-25T19:51:26.425Z,buy,1.112e-05,635.0,0.0070612
ADX/BTC,1593114754135,2020-06-25T19:52:34.135Z,buy,1.112e-05,10118.0,0.11251216
ADX/BTC,1593115040240,2020-06-25T19:57:20.240Z,sell,1.111e-05,19.0,0.00021109
ADX/BTC,1593115191871,2020-06-25T19:59:51.871Z,sell,1.111e-05,4625.0,0.05138375
ADX/BTC,1593115735195,2020-06-25T20:08:55.195Z,sell,1.111e-05,1165.0,0.01294315
ADX/BTC,1593115755118,2020-06-25T20:09:15.118Z,sell,1.111e-05,1165.0,0.01294315
ADX/BTC,1593115760115,2020-06-25T20:09:20.115Z,sell,1.111e-05,1165.0,0.01294315
ADX/BTC,1593115786833,2020-06-25T20:09:46.833Z,buy,1.112e-05,2357.0,0.02620984
ADX/BTC,1593115934586,2020-06-25T20:12:14.586Z,sell,1.111e-05,1707.0,0.01896477
ADX/BTC,1593116006476,2020-06-25T20:13:26.476Z,sell,1.111e-05,461.0,0.00512171
ADX/BTC,1593116034984,2020-06-25T20:13:54.984Z,sell,1.111e-05,234.0,0.00259974
ADX/BTC,1593116717787,2020-06-25T20:25:17.787Z,sell,1.111e-05,10.0,0.0001111
ADX/BTC,1593116901019,2020-06-25T20:28:21.019Z,sell,1.111e-05,100.0,0.001111
ADX/BTC,1593116903019,2020-06-25T20:28:23.019Z,sell,1.111e-05,100.0,0.001111
ADX/BTC,1593116904423,2020-06-25T20:28:24.423Z,sell,1.111e-05,100.0,0.001111
ADX/BTC,1593116905036,2020-06-25T20:28:25.036Z,sell,1.111e-05,100.0,0.001111
ADX/BTC,1593116906578,2020-06-25T20:28:26.578Z,sell,1.111e-05,100.0,0.001111
ADX/BTC,1593116907038,2020-06-25T20:28:27.038Z,sell,1.111e-05,100.0,0.001111
ADX/BTC,1593116952510,2020-06-25T20:29:12.510Z,sell,1.111e-05,2099.0,0.02331989
ADX/BTC,1593117066629,2020-06-25T20:31:06.629Z,buy,1.112e-05,7492.0,0.08331104
ADX/BTC,1593117087319,2020-06-25T20:31:27.319Z,buy,1.112e-05,11.0,0.00012232
ADX/BTC,1593117188353,2020-06-25T20:33:08.353Z,buy,1.112e-05,1348.0,0.01498976
ADX/BTC,1593117430971,2020-06-25T20:37:10.971Z,buy,1.112e-05,917.0,0.01019704
ADX/BTC,1593117430971,2020-06-25T20:37:10.971Z,buy,1.112e-05,917.0,0.01019704
ADX/BTC,1593117786660,2020-06-25T20:43:06.660Z,sell,1.111e-05,8518.0,0.09463498
ADX/BTC,1593117786660,2020-06-25T20:43:06.660Z,sell,1.106e-05,1759.0,0.01945454
ADX/BTC,1593117786660,2020-06-25T20:43:06.660Z,sell,1.105e-05,3993.0,0.04412265
ADX/BTC,1593117786729,2020-06-25T20:43:06.729Z,sell,1.107e-05,3900.0,0.043173
ADX/BTC,1593117793833,2020-06-25T20:43:13.833Z,sell,1.105e-05,138.0,0.0015248999999999
ADX/BTC,1593117908871,2020-06-25T20:45:08.871Z,buy,1.111e-05,1961.0,0.02178671
ADX/BTC,1593117908884,2020-06-25T20:45:08.884Z,sell,1.111e-05,737.0,0.00818807
ADX/BTC,1593117928715,2020-06-25T20:45:28.715Z,buy,1.112e-05,180.0,0.0020016
ADX/BTC,1593117972630,2020-06-25T20:46:12.630Z,buy,1.112e-05,31.0,0.00034472
ADX/BTC,1593117974876,2020-06-25T20:46:14.876Z,sell,1.106e-05,20.0,0.0002212
ADX/BTC,1593117976449,2020-06-25T20:46:16.449Z,buy,1.112e-05,30.0,0.0003336
ADX/BTC,1593117981628,2020-06-25T20:46:21.628Z,buy,1.112e-05,30.0,0.0003336
ADX/BTC,1593117985852,2020-06-25T20:46:25.852Z,buy,1.112e-05,30.0,0.0003336
ADX/BTC,1593117989682,2020-06-25T20:46:29.682Z,buy,1.112e-05,30.0,0.0003336
ADX/BTC,1593117993521,2020-06-25T20:46:33.521Z,buy,1.112e-05,30.0,0.0003336
ADX/BTC,1593117997444,2020-06-25T20:46:37.444Z,buy,1.112e-05,30.0,0.0003336
ADX/BTC,1593118001089,2020-06-25T20:46:41.089Z,buy,1.112e-05,30.0,0.0003336
ADX/BTC,1593118004720,2020-06-25T20:46:44.720Z,buy,1.112e-05,30.0,0.0003336
ADX/BTC,1593118008893,2020-06-25T20:46:48.893Z,buy,1.112e-05,30.0,0.0003336
ADX/BTC,1593118013199,2020-06-25T20:46:53.199Z,buy,1.112e-05,30.0,0.0003336
ADX/BTC,1593118016861,2020-06-25T20:46:56.861Z,buy,1.112e-05,30.0,0.0003336
ADX/BTC,1593118021181,2020-06-25T20:47:01.181Z,buy,1.112e-05,30.0,0.0003336
ADX/BTC,1593118025015,2020-06-25T20:47:05.015Z,buy,1.112e-05,30.0,0.0003336
ADX/BTC,1593118028983,2020-06-25T20:47:08.983Z,buy,1.112e-05,30.0,0.0003336
ADX/BTC,1593118032655,2020-06-25T20:47:12.655Z,buy,1.112e-05,30.0,0.0003336
ADX/BTC,1593118036508,2020-06-25T20:47:16.508Z,buy,1.112e-05,30.0,0.0003336
ADX/BTC,1593118040121,2020-06-25T20:47:20.121Z,buy,1.112e-05,30.0,0.0003336
ADX/BTC,1593118047240,2020-06-25T20:47:27.240Z,buy,1.112e-05,30.0,0.0003336
ADX/BTC,1593118051081,2020-06-25T20:47:31.081Z,buy,1.112e-05,30.0,0.0003336
ADX/BTC,1593118054895,2020-06-25T20:47:34.895Z,buy,1.112e-05,30.0,0.0003336
ADX/BTC,1593118059020,2020-06-25T20:47:39.020Z,buy,1.112e-05,30.0,0.0003336
ADX/BTC,1593118062826,2020-06-25T20:47:42.826Z,buy,1.112e-05,30.0,0.0003336
ADX/BTC,1593118067258,2020-06-25T20:47:47.258Z,buy,1.112e-05,30.0,0.0003336
ADX/BTC,1593118071092,2020-06-25T20:47:51.092Z,buy,1.112e-05,30.0,0.0003336
ADX/BTC,1593118075110,2020-06-25T20:47:55.110Z,buy,1.112e-05,30.0,0.0003336
ADX/BTC,1593118078915,2020-06-25T20:47:58.915Z,buy,1.112e-05,30.0,0.0003336
ADX/BTC,1593118082532,2020-06-25T20:48:02.532Z,buy,1.112e-05,30.0,0.0003336
ADX/BTC,1593118086578,2020-06-25T20:48:06.578Z,buy,1.112e-05,30.0,0.0003336
ADX/BTC,1593118091249,2020-06-25T20:48:11.249Z,buy,1.112e-05,30.0,0.0003336
ADX/BTC,1593118095194,2020-06-25T20:48:15.194Z,buy,1.112e-05,30.0,0.0003336
ADX/BTC,1593118099338,2020-06-25T20:48:19.338Z,buy,1.112e-05,30.0,0.0003336
ADX/BTC,1593118103430,2020-06-25T20:48:23.430Z,buy,1.112e-05,30.0,0.0003336
ADX/BTC,1593118107055,2020-06-25T20:48:27.055Z,buy,1.112e-05,30.0,0.0003336
ADX/BTC,1593118111112,2020-06-25T20:48:31.112Z,buy,1.112e-05,30.0,0.0003336
ADX/BTC,1593118115758,2020-06-25T20:48:35.758Z,buy,1.112e-05,30.0,0.0003336
ADX/BTC,1593118119649,2020-06-25T20:48:39.649Z,buy,1.112e-05,30.0,0.0003336
ADX/BTC,1593118123418,2020-06-25T20:48:43.418Z,buy,1.112e-05,30.0,0.0003336
ADX/BTC,1593118127744,2020-06-25T20:48:47.744Z,buy,1.112e-05,30.0,0.0003336
ADX/BTC,1593118132095,2020-06-25T20:48:52.095Z,buy,1.112e-05,30.0,0.0003336
ADX/BTC,1593118136111,2020-06-25T20:48:56.111Z,buy,1.112e-05,30.0,0.0003336
ADX/BTC,1593118139771,2020-06-25T20:48:59.771Z,buy,1.112e-05,30.0,0.0003336
ADX/BTC,1593118143912,2020-06-25T20:49:03.912Z,buy,1.112e-05,30.0,0.0003336
ADX/BTC,1593118147603,2020-06-25T20:49:07.603Z,buy,1.112e-05,30.0,0.0003336
ADX/BTC,1593118151685,2020-06-25T20:49:11.685Z,buy,1.112e-05,30.0,0.0003336
ADX/BTC,1593118155284,2020-06-25T20:49:15.284Z,buy,1.112e-05,30.0,0.0003336
ADX/BTC,1593118158944,2020-06-25T20:49:18.944Z,buy,1.112e-05,30.0,0.0003336
ADX/BTC,1593118165731,2020-06-25T20:49:25.731Z,buy,1.112e-05,30.0,0.0003336
ADX/BTC,1593118172876,2020-06-25T20:49:32.876Z,buy,1.112e-05,30.0,0.0003336
ADX/BTC,1593118177139,2020-06-25T20:49:37.139Z,buy,1.112e-05,30.0,0.0003336
ADX/BTC,1593118181455,2020-06-25T20:49:41.455Z,buy,1.112e-05,30.0,0.0003336
ADX/BTC,1593118185400,2020-06-25T20:49:45.400Z,buy,1.112e-05,30.0,0.0003336
ADX/BTC,1593118189227,2020-06-25T20:49:49.227Z,buy,1.112e-05,30.0,0.0003336
ADX/BTC,1593118193244,2020-06-25T20:49:53.244Z,buy,1.112e-05,30.0,0.0003336
ADX/BTC,1593118197077,2020-06-25T20:49:57.077Z,buy,1.112e-05,30.0,0.0003336
ADX/BTC,1593118200908,2020-06-25T20:50:00.908Z,buy,1.112e-05,30.0,0.0003336
ADX/BTC,1593118204546,2020-06-25T20:50:04.546Z,buy,1.112e-05,30.0,0.0003336
ADX/BTC,1593118209047,2020-06-25T20:50:09.047Z,buy,1.112e-05,30.0,0.0003336
ADX/BTC,1593118213425,2020-06-25T20:50:13.425Z,buy,1.112e-05,30.0,0.0003336
ADX/BTC,1593118217349,2020-06-25T20:50:17.349Z,buy,1.112e-05,30.0,0.0003336
ADX/BTC,1593118221164,2020-06-25T20:50:21.164Z,buy,1.112e-05,30.0,0.0003336
ADX/BTC,1593118225216,2020-06-25T20:50:25.216Z,buy,1.112e-05,30.0,0.0003336
ADX/BTC,1593118229279,2020-06-25T20:50:29.279Z,buy,1.112e-05,30.0,0.0003336
ADX/BTC,1593118257929,2020-06-25T20:50:57.929Z,buy,1.112e-05,30.0,0.0003336
ADX/BTC,1593118258338,2020-06-25T20:50:58.338Z,buy,1.112e-05,31.0,0.00034472
ADX/BTC,1593118258501,2020-06-25T20:50:58.501Z,buy,1.112e-05,31.0,0.00034472
ADX/BTC,1593118409377,2020-06-25T20:53:29.377Z,buy,1.112e-05,730.0,0.0081176
ADX/BTC,1593118448875,2020-06-25T20:54:08.875Z,buy,1.112e-05,4002.0,0.04450224
ADX/BTC,1593118448875,2020-06-25T20:54:08.875Z,buy,1.113e-05,1230.0,0.0136899
ADX/BTC,1593118448875,2020-06-25T20:54:08.875Z,buy,1.114e-05,34.0,0.00037876
ADX/BTC,1593118448875,2020-06-25T20:54:08.875Z,buy,1.115e-05,4402.0,0.0490823
ADX/BTC,1593118449780,2020-06-25T20:54:09.780Z,buy,1.115e-05,1434.0,0.0159891
ADX/BTC,1593118456213,2020-06-25T20:54:16.213Z,buy,1.115e-05,99.0,0.00110385
ADX/BTC,1593118459741,2020-06-25T20:54:19.741Z,buy,1.115e-05,3.0,3.345e-05
ADX/BTC,1593118550569,2020-06-25T20:55:50.569Z,buy,1.115e-05,9.0,0.00010035
ADX/BTC,1593118677309,2020-06-25T20:57:57.309Z,buy,1.115e-05,11.0,0.00012265
ADX/BTC,1593118742304,2020-06-25T20:59:02.304Z,buy,1.115e-05,180.0,0.002007
ADX/BTC,1593118913428,2020-06-25T21:01:53.428Z,sell,1.108e-05,417.0,0.00462036
ADX/BTC,1593118917386,2020-06-25T21:01:57.386Z,sell,1.108e-05,1362.0,0.01509096
ADX/BTC,1593119090881,2020-06-25T21:04:50.881Z,buy,1.114e-05,88.0,0.00098032
ADX/BTC,1593119470604,2020-06-25T21:11:10.604Z,sell,1.109e-05,4508.0,0.04999372
ADX/BTC,1593119667839,2020-06-25T21:14:27.839Z,sell,1.107e-05,177.0,0.00195939
ADX/BTC,1593119667839,2020-06-25T21:14:27.839Z,sell,1.106e-05,594.0,0.00656964
ADX/BTC,1593119667839,2020-06-25T21:14:27.839Z,sell,1.104e-05,128.0,0.00141312
ADX/BTC,1593119667839,2020-06-25T21:14:27.839Z,sell,1.103e-05,2711.0,0.0299023299999999
ADX/BTC,1593119667839,2020-06-25T21:14:27.839Z,sell,1.102e-05,146.0,0.00160892
ADX/BTC,1593119667846,2020-06-25T21:14:27.846Z,buy,1.102e-05,130.0,0.0014326
ADX/BTC,1593119667846,2020-06-25T21:14:27.846Z,buy,1.102e-05,130.0,0.0014326
ADX/BTC,1593119667846,2020-06-25T21:14:27.846Z,buy,1.102e-05,130.0,0.0014326
ADX/BTC,1593119667846,2020-06-25T21:14:27.846Z,buy,1.102e-05,130.0,0.0014326
ADX/BTC,1593119667846,2020-06-25T21:14:27.846Z,buy,1.102e-05,130.0,0.0014326
ADX/BTC,1593119667846,2020-06-25T21:14:27.846Z,buy,1.102e-05,130.0,0.0014326
ADX/BTC,1593119667846,2020-06-25T21:14:27.846Z,buy,1.102e-05,130.0,0.0014326
ADX/BTC,1593119667846,2020-06-25T21:14:27.846Z,buy,1.102e-05,130.0,0.0014326
ADX/BTC,1593119667847,2020-06-25T21:14:27.847Z,buy,1.102e-05,130.0,0.0014326
ADX/BTC,1593119667847,2020-06-25T21:14:27.847Z,buy,1.102e-05,130.0,0.0014326
ADX/BTC,1593119667847,2020-06-25T21:14:27.847Z,buy,1.102e-05,130.0,0.0014326
ADX/BTC,1593119667847,2020-06-25T21:14:27.847Z,buy,1.102e-05,130.0,0.0014326
ADX/BTC,1593119667848,2020-06-25T21:14:27.848Z,buy,1.102e-05,130.0,0.0014326
ADX/BTC,1593119667848,2020-06-25T21:14:27.848Z,buy,1.102e-05,130.0,0.0014326
ADX/BTC,1593119667848,2020-06-25T21:14:27.848Z,buy,1.102e-05,130.0,0.0014326
ADX/BTC,1593119667848,2020-06-25T21:14:27.848Z,buy,1.102e-05,130.0,0.0014326
ADX/BTC,1593119667849,2020-06-25T21:14:27.849Z,buy,1.102e-05,130.0,0.0014326
ADX/BTC,1593119667849,2020-06-25T21:14:27.849Z,buy,1.102e-05,130.0,0.0014326
ADX/BTC,1593119667849,2020-06-25T21:14:27.849Z,buy,1.102e-05,130.0,0.0014326
ADX/BTC,1593119667850,2020-06-25T21:14:27.850Z,buy,1.102e-05,130.0,0.0014326
ADX/BTC,1593119667850,2020-06-25T21:14:27.850Z,buy,1.102e-05,130.0,0.0014326
ADX/BTC,1593119667850,2020-06-25T21:14:27.850Z,buy,1.102e-05,130.0,0.0014326
ADX/BTC,1593119667850,2020-06-25T21:14:27.850Z,buy,1.102e-05,130.0,0.0014326
ADX/BTC,1593119667850,2020-06-25T21:14:27.850Z,buy,1.102e-05,130.0,0.0014326
ADX/BTC,1593119667850,2020-06-25T21:14:27.850Z,buy,1.102e-05,130.0,0.0014326
ADX/BTC,1593119667851,2020-06-25T21:14:27.851Z,buy,1.102e-05,130.0,0.0014326
ADX/BTC,1593119667851,2020-06-25T21:14:27.851Z,buy,1.102e-05,130.0,0.0014326
ADX/BTC,1593119667851,2020-06-25T21:14:27.851Z,buy,1.102e-05,130.0,0.0014326
ADX/BTC,1593119667851,2020-06-25T21:14:27.851Z,buy,1.102e-05,130.0,0.0014326
ADX/BTC,1593119667852,2020-06-25T21:14:27.852Z,buy,1.102e-05,130.0,0.0014326
ADX/BTC,1593119667853,2020-06-25T21:14:27.853Z,buy,1.102e-05,130.0,0.0014326
ADX/BTC,1593119667853,2020-06-25T21:14:27.853Z,buy,1.102e-05,130.0,0.0014326
ADX/BTC,1593119667853,2020-06-25T21:14:27.853Z,buy,1.102e-05,130.0,0.0014326
ADX/BTC,1593119667853,2020-06-25T21:14:27.853Z,buy,1.102e-05,130.0,0.0014326
ADX/BTC,1593119667853,2020-06-25T21:14:27.853Z,buy,1.102e-05,130.0,0.0014326
ADX/BTC,1593119667853,2020-06-25T21:14:27.853Z,buy,1.102e-05,130.0,0.0014326
ADX/BTC,1593119667853,2020-06-25T21:14:27.853Z,buy,1.102e-05,130.0,0.0014326
ADX/BTC,1593119667853,2020-06-25T21:14:27.853Z,buy,1.102e-05,130.0,0.0014326
ADX/BTC,1593119667854,2020-06-25T21:14:27.854Z,buy,1.102e-05,130.0,0.0014326
ADX/BTC,1593119667855,2020-06-25T21:14:27.855Z,buy,1.102e-05,146.0,0.00160892
ADX/BTC,1593119667855,2020-06-25T21:14:27.855Z,buy,1.102e-05,130.0,0.0014326
ADX/BTC,1593119667856,2020-06-25T21:14:27.856Z,buy,1.102e-05,130.0,0.0014326
ADX/BTC,1593119667856,2020-06-25T21:14:27.856Z,buy,1.102e-05,130.0,0.0014326
ADX/BTC,1593119667856,2020-06-25T21:14:27.856Z,buy,1.102e-05,130.0,0.0014326
ADX/BTC,1593119667856,2020-06-25T21:14:27.856Z,buy,1.102e-05,130.0,0.0014326
ADX/BTC,1593119667858,2020-06-25T21:14:27.858Z,buy,1.102e-05,130.0,0.0014326
ADX/BTC,1593119667932,2020-06-25T21:14:27.932Z,buy,1.102e-05,235.0,0.0025897
ADX/BTC,1593119667958,2020-06-25T21:14:27.958Z,buy,1.102e-05,15187.0,0.1673607399999999
ADX/BTC,1593119681262,2020-06-25T21:14:41.262Z,sell,1.109e-05,613.0,0.00679817
ADX/BTC,1593119802163,2020-06-25T21:16:42.163Z,buy,1.106e-05,3.0,3.3180000000000004e-05
ADX/BTC,1593119809256,2020-06-25T21:16:49.256Z,sell,1.103e-05,381.0,0.00420243
ADX/BTC,1593119809256,2020-06-25T21:16:49.256Z,sell,1.102e-05,351.0,0.00386802
ADX/BTC,1593119809256,2020-06-25T21:16:49.256Z,sell,1.101e-05,267.0,0.0029396699999999
ADX/BTC,1593119809256,2020-06-25T21:16:49.256Z,sell,1.1e-05,364.0,0.004004
ADX/BTC,1593119809256,2020-06-25T21:16:49.256Z,sell,1.099e-05,2393.0,0.02629907
ADX/BTC,1593119809256,2020-06-25T21:16:49.256Z,sell,1.098e-05,6099.0,0.06696702
ADX/BTC,1593119815537,2020-06-25T21:16:55.537Z,buy,1.098e-05,103.0,0.00113094
ADX/BTC,1593119816378,2020-06-25T21:16:56.378Z,buy,1.098e-05,100.0,0.001098
ADX/BTC,1593119817054,2020-06-25T21:16:57.054Z,buy,1.098e-05,99.0,0.00108702
ADX/BTC,1593119820564,2020-06-25T21:17:00.564Z,buy,1.098e-05,60.0,0.0006588
ADX/BTC,1593119825738,2020-06-25T21:17:05.738Z,sell,1.097e-05,178.0,0.00195266
ADX/BTC,1593119852886,2020-06-25T21:17:32.886Z,buy,1.098e-05,44.0,0.0004831199999999
ADX/BTC,1593119888398,2020-06-25T21:18:08.398Z,buy,1.098e-05,10.0,0.0001098
ADX/BTC,1593119931275,2020-06-25T21:18:51.275Z,buy,1.098e-05,84.0,0.00092232
ADX/BTC,1593119993657,2020-06-25T21:19:53.657Z,buy,1.098e-05,15.0,0.0001647
ADX/BTC,1593120048925,2020-06-25T21:20:48.925Z,buy,1.098e-05,40.0,0.0004392
ADX/BTC,1593120498150,2020-06-25T21:28:18.150Z,buy,1.098e-05,1234.0,0.01354932
ADX/BTC,1593120530361,2020-06-25T21:28:50.361Z,buy,1.098e-05,875.0,0.0096075
ADX/BTC,1593120555188,2020-06-25T21:29:15.188Z,buy,1.098e-05,1181.0,0.01296738
ADX/BTC,1593120558171,2020-06-25T21:29:18.171Z,buy,1.098e-05,1181.0,0.01296738
ADX/BTC,1593120559466,2020-06-25T21:29:19.466Z,buy,1.098e-05,4667.0,0.0512436599999999
ADX/BTC,1593120578178,2020-06-25T21:29:38.178Z,buy,1.099e-05,10.0,0.0001099
ADX/BTC,1593120641721,2020-06-25T21:30:41.721Z,buy,1.1e-05,14.0,0.000154
ADX/BTC,1593121005161,2020-06-25T21:36:45.161Z,sell,1.1e-05,14.0,0.000154
ADX/BTC,1593121005161,2020-06-25T21:36:45.161Z,sell,1.1e-05,14.0,0.000154
ADX/BTC,1593121154970,2020-06-25T21:39:14.970Z,sell,1.1e-05,624.0,0.0068639999999999
ADX/BTC,1593121154970,2020-06-25T21:39:14.970Z,sell,1.099e-05,715.0,0.00785785
ADX/BTC,1593122182087,2020-06-25T21:56:22.087Z,buy,1.101e-05,226.0,0.00248826
ADX/BTC,1593122730892,2020-06-25T22:05:30.892Z,sell,1.1e-05,1434.0,0.015774
ADX/BTC,1593122730892,2020-06-25T22:05:30.892Z,sell,1.099e-05,9626.0,0.10578974
ADX/BTC,1593122730892,2020-06-25T22:05:30.892Z,sell,1.098e-05,31.0,0.00034038
ADX/BTC,1593122730892,2020-06-25T22:05:30.892Z,sell,1.097e-05,416.0,0.00456352
ADX/BTC,1593122730892,2020-06-25T22:05:30.892Z,sell,1.096e-05,130.0,0.0014248
ADX/BTC,1593122730892,2020-06-25T22:05:30.892Z,sell,1.095e-05,215.0,0.00235425
ADX/BTC,1593122730892,2020-06-25T22:05:30.892Z,sell,1.094e-05,3820.0,0.0417908
ADX/BTC,1593122730900,2020-06-25T22:05:30.900Z,buy,1.094e-05,288.0,0.00315072
ADX/BTC,1593122730901,2020-06-25T22:05:30.901Z,buy,1.094e-05,288.0,0.00315072
ADX/BTC,1593122730901,2020-06-25T22:05:30.901Z,buy,1.094e-05,288.0,0.00315072
ADX/BTC,1593122730901,2020-06-25T22:05:30.901Z,buy,1.094e-05,288.0,0.00315072
ADX/BTC,1593122730901,2020-06-25T22:05:30.901Z,buy,1.094e-05,288.0,0.00315072
ADX/BTC,1593122730902,2020-06-25T22:05:30.902Z,buy,1.094e-05,288.0,0.00315072
ADX/BTC,1593122730902,2020-06-25T22:05:30.902Z,buy,1.094e-05,288.0,0.00315072
ADX/BTC,1593122730902,2020-06-25T22:05:30.902Z,buy,1.094e-05,288.0,0.00315072
ADX/BTC,1593122730902,2020-06-25T22:05:30.902Z,buy,1.094e-05,288.0,0.00315072
ADX/BTC,1593122730903,2020-06-25T22:05:30.903Z,buy,1.094e-05,288.0,0.00315072
ADX/BTC,1593122730903,2020-06-25T22:05:30.903Z,buy,1.094e-05,288.0,0.00315072
ADX/BTC,1593122730903,2020-06-25T22:05:30.903Z,buy,1.094e-05,288.0,0.00315072
ADX/BTC,1593122730903,2020-06-25T22:05:30.903Z,buy,1.094e-05,288.0,0.00315072
ADX/BTC,1593122730903,2020-06-25T22:05:30.903Z,buy,1.094e-05,288.0,0.00315072
ADX/BTC,1593122730903,2020-06-25T22:05:30.903Z,buy,1.094e-05,288.0,0.00315072
ADX/BTC,1593122730904,2020-06-25T22:05:30.904Z,buy,1.094e-05,288.0,0.00315072
ADX/BTC,1593122730904,2020-06-25T22:05:30.904Z,buy,1.094e-05,288.0,0.00315072
ADX/BTC,1593122730905,2020-06-25T22:05:30.905Z,buy,1.094e-05,288.0,0.00315072
ADX/BTC,1593122730905,2020-06-25T22:05:30.905Z,buy,1.094e-05,288.0,0.00315072
ADX/BTC,1593122730905,2020-06-25T22:05:30.905Z,buy,1.094e-05,9400.0,0.102836
ADX/BTC,1593122730905,2020-06-25T22:05:30.905Z,buy,1.094e-05,288.0,0.00315072
ADX/BTC,1593122730906,2020-06-25T22:05:30.906Z,buy,1.094e-05,288.0,0.00315072
ADX/BTC,1593122730906,2020-06-25T22:05:30.906Z,buy,1.094e-05,288.0,0.00315072
ADX/BTC,1593122730906,2020-06-25T22:05:30.906Z,buy,1.094e-05,288.0,0.00315072
ADX/BTC,1593122730906,2020-06-25T22:05:30.906Z,buy,1.094e-05,288.0,0.00315072
ADX/BTC,1593122730906,2020-06-25T22:05:30.906Z,buy,1.094e-05,288.0,0.00315072
ADX/BTC,1593122730906,2020-06-25T22:05:30.906Z,buy,1.094e-05,288.0,0.00315072
ADX/BTC,1593122730907,2020-06-25T22:05:30.907Z,buy,1.094e-05,288.0,0.00315072
ADX/BTC,1593122730907,2020-06-25T22:05:30.907Z,buy,1.094e-05,288.0,0.00315072
ADX/BTC,1593122730907,2020-06-25T22:05:30.907Z,buy,1.094e-05,288.0,0.00315072
ADX/BTC,1593122730907,2020-06-25T22:05:30.907Z,buy,1.094e-05,288.0,0.00315072
ADX/BTC,1593122730907,2020-06-25T22:05:30.907Z,buy,1.094e-05,288.0,0.00315072
ADX/BTC,1593122730908,2020-06-25T22:05:30.908Z,buy,1.094e-05,288.0,0.00315072
ADX/BTC,1593122730908,2020-06-25T22:05:30.908Z,buy,1.094e-05,288.0,0.00315072
ADX/BTC,1593122730908,2020-06-25T22:05:30.908Z,buy,1.094e-05,288.0,0.00315072
ADX/BTC,1593122730908,2020-06-25T22:05:30.908Z,buy,1.094e-05,288.0,0.00315072
ADX/BTC,1593122730909,2020-06-25T22:05:30.909Z,buy,1.094e-05,37.0,0.00040478
ADX/BTC,1593122730909,2020-06-25T22:05:30.909Z,buy,1.094e-05,288.0,0.00315072
ADX/BTC,1593122730909,2020-06-25T22:05:30.909Z,buy,1.094e-05,288.0,0.00315072
ADX/BTC,1593122730910,2020-06-25T22:05:30.910Z,buy,1.094e-05,288.0,0.00315072
ADX/BTC,1593122730910,2020-06-25T22:05:30.910Z,buy,1.094e-05,288.0,0.00315072
ADX/BTC,1593122730910,2020-06-25T22:05:30.910Z,buy,1.094e-05,288.0,0.00315072
ADX/BTC,1593122730910,2020-06-25T22:05:30.910Z,buy,1.094e-05,984.0,0.01076496
ADX/BTC,1593122730910,2020-06-25T22:05:30.910Z,buy,1.094e-05,288.0,0.00315072
ADX/BTC,1593122730912,2020-06-25T22:05:30.912Z,buy,1.094e-05,288.0,0.00315072
ADX/BTC,1593122730913,2020-06-25T22:05:30.913Z,buy,1.094e-05,288.0,0.00315072
ADX/BTC,1593122730913,2020-06-25T22:05:30.913Z,buy,1.094e-05,288.0,0.00315072
ADX/BTC,1593122730914,2020-06-25T22:05:30.914Z,buy,1.094e-05,288.0,0.00315072
ADX/BTC,1593122730929,2020-06-25T22:05:30.929Z,buy,1.094e-05,3286.0,0.03594884
ADX/BTC,1593122730964,2020-06-25T22:05:30.964Z,sell,1.093e-05,2853.0,0.03118329
ADX/BTC,1593122730964,2020-06-25T22:05:30.964Z,sell,1.092e-05,27.0,0.00029484
ADX/BTC,1593122731105,2020-06-25T22:05:31.105Z,buy,1.094e-05,1182.0,0.01293108
ADX/BTC,1593122731114,2020-06-25T22:05:31.114Z,buy,1.094e-05,19208.0,0.21013552
ADX/BTC,1593122731254,2020-06-25T22:05:31.254Z,buy,1.094e-05,147.0,0.00160818
ADX/BTC,1593122732017,2020-06-25T22:05:32.017Z,buy,1.094e-05,1861.0,0.02035934
ADX/BTC,1593122732024,2020-06-25T22:05:32.024Z,buy,1.094e-05,984.0,0.01076496
ADX/BTC,1593122732144,2020-06-25T22:05:32.144Z,buy,1.094e-05,228.0,0.00249432
ADX/BTC,1593122732191,2020-06-25T22:05:32.191Z,buy,1.094e-05,196.0,0.00214424
ADX/BTC,1593122756574,2020-06-25T22:05:56.574Z,sell,1.092e-05,4633.0,0.05059236
ADX/BTC,1593122763870,2020-06-25T22:06:03.870Z,buy,1.093e-05,399.0,0.00436107
ADX/BTC,1593122763923,2020-06-25T22:06:03.923Z,sell,1.093e-05,2396.0,0.02618828
ADX/BTC,1593122792514,2020-06-25T22:06:32.514Z,buy,1.096e-05,22.0,0.00024112
ADX/BTC,1593122803323,2020-06-25T22:06:43.323Z,buy,1.096e-05,22.0,0.00024112
ADX/BTC,1593122830619,2020-06-25T22:07:10.619Z,sell,1.093e-05,745.0,0.00814285
ADX/BTC,1593122830619,2020-06-25T22:07:10.619Z,sell,1.092e-05,1875.0,0.020475
ADX/BTC,1593122830619,2020-06-25T22:07:10.619Z,sell,1.091e-05,10843.0,0.11829713
ADX/BTC,1593122830642,2020-06-25T22:07:10.642Z,sell,1.09e-05,929.0,0.0101261
ADX/BTC,1593122830642,2020-06-25T22:07:10.642Z,buy,1.091e-05,501.0,0.00546591
ADX/BTC,1593122907915,2020-06-25T22:08:27.915Z,buy,1.095e-05,11.0,0.00012045
ADX/BTC,1593122909370,2020-06-25T22:08:29.370Z,sell,1.09e-05,11986.0,0.1306474
ADX/BTC,1593122909370,2020-06-25T22:08:29.370Z,sell,1.089e-05,9397.0,0.10233333
ADX/BTC,1593122909370,2020-06-25T22:08:29.370Z,sell,1.088e-05,723.0,0.00786624
ADX/BTC,1593122909370,2020-06-25T22:08:29.370Z,sell,1.087e-05,18047.0,0.19617089
ADX/BTC,1593122909423,2020-06-25T22:08:29.423Z,sell,1.086e-05,780.0,0.0084707999999999
ADX/BTC,1593122909423,2020-06-25T22:08:29.423Z,sell,1.085e-05,2820.0,0.030597
ADX/BTC,1593122909541,2020-06-25T22:08:29.541Z,buy,1.087e-05,8436.0,0.0916993199999999
ADX/BTC,1593122910109,2020-06-25T22:08:30.109Z,buy,1.087e-05,1191.0,0.01294617
ADX/BTC,1593122913456,2020-06-25T22:08:33.456Z,sell,1.084e-05,2202.0,0.0238696799999999
ADX/BTC,1593122913505,2020-06-25T22:08:33.505Z,sell,1.084e-05,217.0,0.00235228
ADX/BTC,1593122913505,2020-06-25T22:08:33.505Z,sell,1.083e-05,62.0,0.00067146
ADX/BTC,1593122913505,2020-06-25T22:08:33.505Z,sell,1.082e-05,161.0,0.00174202
ADX/BTC,1593122913577,2020-06-25T22:08:33.577Z,buy,1.087e-05,128.0,0.00139136
ADX/BTC,1593122918689,2020-06-25T22:08:38.689Z,buy,1.087e-05,55.0,0.0005978499999999
ADX/BTC,1593122939182,2020-06-25T22:08:59.182Z,buy,1.087e-05,56.0,0.00060872
ADX/BTC,1593122942041,2020-06-25T22:09:02.041Z,buy,1.086e-05,602.0,0.0065377199999999
ADX/BTC,1593122942041,2020-06-25T22:09:02.041Z,buy,1.087e-05,439.0,0.00477193
ADX/BTC,1593123093471,2020-06-25T22:11:33.471Z,buy,1.089e-05,522.0,0.00568458
ADX/BTC,1593123219544,2020-06-25T22:13:39.544Z,sell,1.086e-05,187.0,0.00203082
ADX/BTC,1593123219544,2020-06-25T22:13:39.544Z,sell,1.085e-05,4480.0,0.048608
ADX/BTC,1593123219544,2020-06-25T22:13:39.544Z,sell,1.084e-05,12598.0,0.13656232
ADX/BTC,1593123237037,2020-06-25T22:13:57.037Z,buy,1.084e-05,24.0,0.00026016
ADX/BTC,1593123251628,2020-06-25T22:14:11.628Z,buy,1.084e-05,2717.0,0.0294522799999999
ADX/BTC,1593123261526,2020-06-25T22:14:21.526Z,buy,1.084e-05,2837.0,0.03075308
ADX/BTC,1593123277644,2020-06-25T22:14:37.644Z,sell,1.082e-05,592.0,0.00640544
ADX/BTC,1593123278418,2020-06-25T22:14:38.418Z,buy,1.082e-05,100.0,0.001082
ADX/BTC,1593123278658,2020-06-25T22:14:38.658Z,buy,1.082e-05,104.0,0.00112528
ADX/BTC,1593123278695,2020-06-25T22:14:38.695Z,buy,1.082e-05,1533.0,0.01658706
ADX/BTC,1593123313569,2020-06-25T22:15:13.569Z,buy,1.082e-05,24.0,0.00025968
ADX/BTC,1593123322024,2020-06-25T22:15:22.024Z,buy,1.082e-05,24.0,0.00025968
ADX/BTC,1593123334665,2020-06-25T22:15:34.665Z,buy,1.082e-05,4624.0,0.05003168
ADX/BTC,1593123341620,2020-06-25T22:15:41.620Z,buy,1.082e-05,554.0,0.00599428
ADX/BTC,1593123342706,2020-06-25T22:15:42.706Z,sell,1.081e-05,7955.0,0.08599355
ADX/BTC,1593123344361,2020-06-25T22:15:44.361Z,buy,1.082e-05,12.0,0.00012984
ADX/BTC,1593123359882,2020-06-25T22:15:59.882Z,buy,1.084e-05,667.0,0.0072302799999999
ADX/BTC,1593123395577,2020-06-25T22:16:35.577Z,buy,1.085e-05,24.0,0.0002604
ADX/BTC,1593123395715,2020-06-25T22:16:35.715Z,sell,1.085e-05,31.0,0.0003363499999999
ADX/BTC,1593123590142,2020-06-25T22:19:50.142Z,sell,1.085e-05,517.0,0.0056094499999999
ADX/BTC,1593123710096,2020-06-25T22:21:50.096Z,buy,1.085e-05,370.0,0.0040145
ADX/BTC,1593123710808,2020-06-25T22:21:50.808Z,buy,1.086e-05,12.0,0.0001303199999999
ADX/BTC,1593123902420,2020-06-25T22:25:02.420Z,sell,1.085e-05,203.0,0.0022025499999999
ADX/BTC,1593123903714,2020-06-25T22:25:03.714Z,sell,1.085e-05,100.0,0.001085
ADX/BTC,1593123926669,2020-06-25T22:25:26.669Z,sell,1.085e-05,184.0,0.0019963999999999
ADX/BTC,1593123994420,2020-06-25T22:26:34.420Z,buy,1.087e-05,12.0,0.00013044
ADX/BTC,1593124125705,2020-06-25T22:28:45.705Z,buy,1.088e-05,12.0,0.00013056
ADX/BTC,1593124125705,2020-06-25T22:28:45.705Z,buy,1.089e-05,24.0,0.00026136
ADX/BTC,1593124125705,2020-06-25T22:28:45.705Z,buy,1.09e-05,4283.0,0.0466847
ADX/BTC,1593124125724,2020-06-25T22:28:45.724Z,sell,1.09e-05,692.0,0.0075428
ADX/BTC,1593124313073,2020-06-25T22:31:53.073Z,buy,1.091e-05,2000.0,0.02182
ADX/BTC,1593124457742,2020-06-25T22:34:17.742Z,buy,1.092e-05,10.0,0.0001092
ADX/BTC,1593124457742,2020-06-25T22:34:17.742Z,buy,1.092e-05,10.0,0.0001092
ADX/BTC,1593124776017,2020-06-25T22:39:36.017Z,sell,1.088e-05,610.0,0.0066367999999999
ADX/BTC,1593124776187,2020-06-25T22:39:36.187Z,sell,1.088e-05,390.0,0.0042432
ADX/BTC,1593124776206,2020-06-25T22:39:36.206Z,buy,1.088e-05,206.0,0.00224128
ADX/BTC,1593124792162,2020-06-25T22:39:52.162Z,sell,1.087e-05,276.0,0.00300012
ADX/BTC,1593124822123,2020-06-25T22:40:22.123Z,sell,1.087e-05,1187.0,0.01290269
ADX/BTC,1593124897618,2020-06-25T22:41:37.618Z,sell,1.087e-05,16559.0,0.1799963299999999
ADX/BTC,1593125100190,2020-06-25T22:45:00.190Z,sell,1.087e-05,1187.0,0.01290269
ADX/BTC,1593125227199,2020-06-25T22:47:07.199Z,sell,1.089e-05,138.0,0.00150282
ADX/BTC,1593125291989,2020-06-25T22:48:11.989Z,sell,1.087e-05,786.0,0.0085438199999999
ADX/BTC,1593125319677,2020-06-25T22:48:39.677Z,sell,1.086e-05,981.0,0.0106536599999999
ADX/BTC,1593125325834,2020-06-25T22:48:45.834Z,sell,1.086e-05,687.0,0.00746082
ADX/BTC,1593125334837,2020-06-25T22:48:54.837Z,buy,1.088e-05,11.0,0.0001196799999999
ADX/BTC,1593125335230,2020-06-25T22:48:55.230Z,sell,1.086e-05,700.0,0.0076019999999999
ADX/BTC,1593125349572,2020-06-25T22:49:09.572Z,sell,1.086e-05,1359.0,0.01475874
ADX/BTC,1593125361242,2020-06-25T22:49:21.242Z,sell,1.086e-05,12982.0,0.14098452
ADX/BTC,1593125752121,2020-06-25T22:55:52.121Z,sell,1.085e-05,208.0,0.0022567999999999
ADX/BTC,1593125752121,2020-06-25T22:55:52.121Z,sell,1.084e-05,22.0,0.0002384799999999
ADX/BTC,1593125752121,2020-06-25T22:55:52.121Z,sell,1.081e-05,12.0,0.00012972
ADX/BTC,1593125938403,2020-06-25T22:58:58.403Z,sell,1.084e-05,95.0,0.0010298
ADX/BTC,1593126345140,2020-06-25T23:05:45.140Z,buy,1.088e-05,10.0,0.0001087999999999
ADX/BTC,1593126365326,2020-06-25T23:06:05.326Z,buy,1.088e-05,10.0,0.0001087999999999
ADX/BTC,1593126373317,2020-06-25T23:06:13.317Z,buy,1.088e-05,14.0,0.0001523199999999
ADX/BTC,1593126391250,2020-06-25T23:06:31.250Z,buy,1.088e-05,20.0,0.0002175999999999
ADX/BTC,1593126405037,2020-06-25T23:06:45.037Z,buy,1.088e-05,5282.0,0.05746816
ADX/BTC,1593126527839,2020-06-25T23:08:47.839Z,buy,1.091e-05,10.0,0.0001091
ADX/BTC,1593126577291,2020-06-25T23:09:37.291Z,buy,1.091e-05,22.0,0.00024002
ADX/BTC,1593126622850,2020-06-25T23:10:22.850Z,buy,1.092e-05,14.0,0.00015288
ADX/BTC,1593126628074,2020-06-25T23:10:28.074Z,sell,1.091e-05,1.0,1.091e-05
ADX/BTC,1593126810905,2020-06-25T23:13:30.905Z,sell,1.088e-05,1003.0,0.01091264
ADX/BTC,1593127171416,2020-06-25T23:19:31.416Z,sell,1.084e-05,976.0,0.01057984
ADX/BTC,1593127509936,2020-06-25T23:25:09.936Z,buy,1.09e-05,16.0,0.0001744
ADX/BTC,1593127509936,2020-06-25T23:25:09.936Z,buy,1.09e-05,16.0,0.0001744
ADX/BTC,1593128138816,2020-06-25T23:35:38.816Z,buy,1.09e-05,10.0,0.000109
ADX/BTC,1593128762136,2020-06-25T23:46:02.136Z,buy,1.09e-05,1188.0,0.0129492
ADX/BTC,1593128763313,2020-06-25T23:46:03.313Z,buy,1.09e-05,512.0,0.0055808
ADX/BTC,1593128763313,2020-06-25T23:46:03.313Z,buy,1.091e-05,3810.0,0.0415671
ADX/BTC,1593128779590,2020-06-25T23:46:19.590Z,buy,1.092e-05,569.0,0.00621348
ADX/BTC,1593128867013,2020-06-25T23:47:47.013Z,buy,1.092e-05,273.0,0.00298116
ADX/BTC,1593128923484,2020-06-25T23:48:43.484Z,buy,1.092e-05,110.0,0.0012012
ADX/BTC,1593129243424,2020-06-25T23:54:03.424Z,sell,1.085e-05,197.0,0.00213745
ADX/BTC,1593129243424,2020-06-25T23:54:03.424Z,sell,1.084e-05,2103.0,0.02279652
ADX/BTC,1593129678602,2020-06-26T00:01:18.602Z,buy,1.091e-05,12.0,0.00013092
ADX/BTC,1593129701121,2020-06-26T00:01:41.121Z,buy,1.091e-05,733.0,0.00799703
ADX/BTC,1593129702540,2020-06-26T00:01:42.540Z,buy,1.091e-05,22.0,0.00024002
ADX/BTC,1593129702540,2020-06-26T00:01:42.540Z,buy,1.093e-05,11.0,0.00012023
ADX/BTC,1593129702540,2020-06-26T00:01:42.540Z,buy,1.094e-05,1984.0,0.02170496
ADX/BTC,1593129702540,2020-06-26T00:01:42.540Z,buy,1.095e-05,26.0,0.0002847
ADX/BTC,1593129702540,2020-06-26T00:01:42.540Z,buy,1.096e-05,152.0,0.00166592
ADX/BTC,1593129702540,2020-06-26T00:01:42.540Z,buy,1.097e-05,791.0,0.00867727
ADX/BTC,1593129702540,2020-06-26T00:01:42.540Z,buy,1.098e-05,2653.0,0.02912994
ADX/BTC,1593129705907,2020-06-26T00:01:45.907Z,sell,1.092e-05,98.0,0.00107016
ADX/BTC,1593129706590,2020-06-26T00:01:46.590Z,buy,1.098e-05,17422.0,0.19129356
ADX/BTC,1593129708896,2020-06-26T00:01:48.896Z,buy,1.099e-05,2191.0,0.02407909
ADX/BTC,1593129710129,2020-06-26T00:01:50.129Z,buy,1.099e-05,14800.0,0.162652
ADX/BTC,1593129710703,2020-06-26T00:01:50.703Z,buy,1.099e-05,14.0,0.00015386
ADX/BTC,1593129710825,2020-06-26T00:01:50.825Z,buy,1.099e-05,6183.0,0.06795117
ADX/BTC,1593129710825,2020-06-26T00:01:50.825Z,buy,1.1e-05,5279.0,0.0580689999999999
ADX/BTC,1593129710825,2020-06-26T00:01:50.825Z,buy,1.101e-05,3338.0,0.03675138
ADX/BTC,1593129711814,2020-06-26T00:01:51.814Z,buy,1.097e-05,2837.0,0.03112189
ADX/BTC,1593129712463,2020-06-26T00:01:52.463Z,sell,1.093e-05,397.0,0.00433921
ADX/BTC,1593129712463,2020-06-26T00:01:52.463Z,sell,1.092e-05,111.0,0.00121212
ADX/BTC,1593129723967,2020-06-26T00:02:03.967Z,sell,1.099e-05,2942.0,0.03233258
ADX/BTC,1593129724178,2020-06-26T00:02:04.178Z,buy,1.098e-05,1047.0,0.01149606
ADX/BTC,1593129725184,2020-06-26T00:02:05.184Z,buy,1.098e-05,683.0,0.00749934
ADX/BTC,1593129731200,2020-06-26T00:02:11.200Z,buy,1.1e-05,40.0,0.0004399999999999
ADX/BTC,1593129731200,2020-06-26T00:02:11.200Z,buy,1.101e-05,775.0,0.00853275
ADX/BTC,1593129731776,2020-06-26T00:02:11.776Z,buy,1.101e-05,561.0,0.00617661
ADX/BTC,1593129740165,2020-06-26T00:02:20.165Z,buy,1.102e-05,408.0,0.00449616
ADX/BTC,1593129740737,2020-06-26T00:02:20.737Z,sell,1.097e-05,745.0,0.00817265
ADX/BTC,1593129808184,2020-06-26T00:03:28.184Z,buy,1.102e-05,1177.0,0.01297054
ADX/BTC,1593129809696,2020-06-26T00:03:29.696Z,buy,1.102e-05,3154.0,0.0347570799999999
ADX/BTC,1593129822793,2020-06-26T00:03:42.793Z,buy,1.103e-05,22.0,0.0002426599999999
ADX/BTC,1593129822793,2020-06-26T00:03:42.793Z,buy,1.104e-05,82.0,0.00090528
ADX/BTC,1593129822793,2020-06-26T00:03:42.793Z,buy,1.105e-05,22.0,0.0002430999999999
ADX/BTC,1593129822793,2020-06-26T00:03:42.793Z,buy,1.106e-05,605.0,0.0066913
ADX/BTC,1593129822793,2020-06-26T00:03:42.793Z,buy,1.107e-05,8633.0,0.09556731
ADX/BTC,1593129822793,2020-06-26T00:03:42.793Z,buy,1.108e-05,152.0,0.00168416
ADX/BTC,1593129822793,2020-06-26T00:03:42.793Z,buy,1.109e-05,11.0,0.00012199
ADX/BTC,1593129822793,2020-06-26T00:03:42.793Z,buy,1.11e-05,1155.0,0.0128205
ADX/BTC,1593129839641,2020-06-26T00:03:59.641Z,buy,1.111e-05,162.0,0.00179982
ADX/BTC,1593129839641,2020-06-26T00:03:59.641Z,buy,1.112e-05,4641.0,0.05160792
ADX/BTC,1593129839641,2020-06-26T00:03:59.641Z,buy,1.113e-05,111.0,0.00123543
ADX/BTC,1593129839641,2020-06-26T00:03:59.641Z,buy,1.114e-05,24.0,0.00026736
ADX/BTC,1593129839641,2020-06-26T00:03:59.641Z,buy,1.115e-05,11570.0,0.1290055
ADX/BTC,1593129839641,2020-06-26T00:03:59.641Z,buy,1.116e-05,9.0,0.00010044
ADX/BTC,1593129839641,2020-06-26T00:03:59.641Z,buy,1.117e-05,9211.0,0.1028868699999999
ADX/BTC,1593129839641,2020-06-26T00:03:59.641Z,buy,1.118e-05,1535.0,0.0171613
ADX/BTC,1593129839641,2020-06-26T00:03:59.641Z,buy,1.119e-05,2037.0,0.02279403
ADX/BTC,1593129842146,2020-06-26T00:04:02.146Z,buy,1.116e-05,628.0,0.00700848
ADX/BTC,1593129842177,2020-06-26T00:04:02.177Z,sell,1.115e-05,186.0,0.0020739
ADX/BTC,1593129842195,2020-06-26T00:04:02.195Z,buy,1.116e-05,10.0,0.0001116
ADX/BTC,1593129842195,2020-06-26T00:04:02.195Z,buy,1.117e-05,18.0,0.00020106
ADX/BTC,1593129842195,2020-06-26T00:04:02.195Z,buy,1.119e-05,3014.0,0.03372666
ADX/BTC,1593129842195,2020-06-26T00:04:02.195Z,buy,1.12e-05,6088.0,0.0681856
ADX/BTC,1593129842195,2020-06-26T00:04:02.195Z,buy,1.121e-05,203.0,0.00227563
ADX/BTC,1593129842206,2020-06-26T00:04:02.206Z,sell,1.121e-05,407.0,0.00456247
ADX/BTC,1593129849957,2020-06-26T00:04:09.957Z,buy,1.12e-05,18.0,0.0002016
ADX/BTC,1593129850194,2020-06-26T00:04:10.194Z,buy,1.12e-05,18.0,0.0002016
ADX/BTC,1593129850198,2020-06-26T00:04:10.198Z,buy,1.12e-05,27.0,0.0003024
ADX/BTC,1593129854621,2020-06-26T00:04:14.621Z,buy,1.12e-05,90.0,0.001008
ADX/BTC,1593129855047,2020-06-26T00:04:15.047Z,buy,1.12e-05,18.0,0.0002016
ADX/BTC,1593129855407,2020-06-26T00:04:15.407Z,buy,1.12e-05,22.0,0.0002463999999999
ADX/BTC,1593129855780,2020-06-26T00:04:15.780Z,sell,1.12e-05,179.0,0.0020047999999999
ADX/BTC,1593129856282,2020-06-26T00:04:16.282Z,sell,1.12e-05,45.0,0.000504
ADX/BTC,1593129857118,2020-06-26T00:04:17.118Z,sell,1.117e-05,43.0,0.00048031
ADX/BTC,1593129857118,2020-06-26T00:04:17.118Z,sell,1.116e-05,43.0,0.00047988
ADX/BTC,1593129857131,2020-06-26T00:04:17.131Z,buy,1.116e-05,138.0,0.0015400799999999
ADX/BTC,1593129857337,2020-06-26T00:04:17.337Z,buy,1.122e-05,268.0,0.00300696
ADX/BTC,1593129857423,2020-06-26T00:04:17.423Z,buy,1.122e-05,90.0,0.0010098
ADX/BTC,1593129857586,2020-06-26T00:04:17.586Z,buy,1.122e-05,54.0,0.0006058799999999
ADX/BTC,1593129857610,2020-06-26T00:04:17.610Z,buy,1.122e-05,18.0,0.00020196
ADX/BTC,1593129857862,2020-06-26T00:04:17.862Z,buy,1.122e-05,54.0,0.0006058799999999
ADX/BTC,1593129858934,2020-06-26T00:04:18.934Z,sell,1.117e-05,54.0,0.00060318
ADX/BTC,1593129858934,2020-06-26T00:04:18.934Z,sell,1.116e-05,90.0,0.0010044
ADX/BTC,1593129858934,2020-06-26T00:04:18.934Z,sell,1.115e-05,108.0,0.0012041999999999
ADX/BTC,1593129859491,2020-06-26T00:04:19.491Z,sell,1.117e-05,54.0,0.00060318
ADX/BTC,1593129859491,2020-06-26T00:04:19.491Z,sell,1.115e-05,144.0,0.0016056
ADX/BTC,1593129859491,2020-06-26T00:04:19.491Z,sell,1.114e-05,79.0,0.00088006
ADX/BTC,1593129859491,2020-06-26T00:04:19.491Z,sell,1.112e-05,179.0,0.00199048
ADX/BTC,1593129859491,2020-06-26T00:04:19.491Z,sell,1.111e-05,22.0,0.00024442
ADX/BTC,1593129859491,2020-06-26T00:04:19.491Z,sell,1.11e-05,62.0,0.0006882
ADX/BTC,1593129859491,2020-06-26T00:04:19.491Z,sell,1.108e-05,130.0,0.0014404
ADX/BTC,1593129859491,2020-06-26T00:04:19.491Z,sell,1.106e-05,693.0,0.00766458
ADX/BTC,1593129859932,2020-06-26T00:04:19.932Z,buy,1.113e-05,43.0,0.00047859
ADX/BTC,1593129859933,2020-06-26T00:04:19.933Z,buy,1.113e-05,23.0,0.00025599
ADX/BTC,1593129860106,2020-06-26T00:04:20.106Z,sell,1.107e-05,92.0,0.00101844
ADX/BTC,1593129860106,2020-06-26T00:04:20.106Z,sell,1.106e-05,1191.0,0.01317246
ADX/BTC,1593129862132,2020-06-26T00:04:22.132Z,buy,1.113e-05,9.0,0.00010017
ADX/BTC,1593129862141,2020-06-26T00:04:22.141Z,buy,1.113e-05,179.0,0.00199227
ADX/BTC,1593129863498,2020-06-26T00:04:23.498Z,sell,1.108e-05,92.0,0.00101936
ADX/BTC,1593129870015,2020-06-26T00:04:30.015Z,buy,1.113e-05,31.0,0.00034503
ADX/BTC,1593129874800,2020-06-26T00:04:34.800Z,sell,1.107e-05,95.0,0.00105165
ADX/BTC,1593129875319,2020-06-26T00:04:35.319Z,sell,1.107e-05,95.0,0.00105165
ADX/BTC,1593129881950,2020-06-26T00:04:41.950Z,buy,1.113e-05,18.0,0.00020034
ADX/BTC,1593129882515,2020-06-26T00:04:42.515Z,sell,1.107e-05,138.0,0.00152766
ADX/BTC,1593129882531,2020-06-26T00:04:42.531Z,buy,1.107e-05,750.0,0.0083025
ADX/BTC,1593129897336,2020-06-26T00:04:57.336Z,sell,1.105e-05,443.0,0.00489515
ADX/BTC,1593129897347,2020-06-26T00:04:57.347Z,buy,1.105e-05,920.0,0.010166
ADX/BTC,1593129910322,2020-06-26T00:05:10.322Z,sell,1.109e-05,2991.0,0.03317019
ADX/BTC,1593129927129,2020-06-26T00:05:27.129Z,sell,1.109e-05,4388.0,0.04866292
ADX/BTC,1593129931194,2020-06-26T00:05:31.194Z,sell,1.109e-05,2459.0,0.02727031
ADX/BTC,1593129947122,2020-06-26T00:05:47.122Z,buy,1.113e-05,180.0,0.0020034
ADX/BTC,1593129947493,2020-06-26T00:05:47.493Z,buy,1.113e-05,8461.0,0.09417093
ADX/BTC,1593129950579,2020-06-26T00:05:50.579Z,buy,1.113e-05,9019.0,0.10038147
ADX/BTC,1593129954759,2020-06-26T00:05:54.759Z,buy,1.113e-05,11745.0,0.13072185
ADX/BTC,1593129959197,2020-06-26T00:05:59.197Z,buy,1.113e-05,833.0,0.00927129
ADX/BTC,1593129959197,2020-06-26T00:05:59.197Z,buy,1.114e-05,324.0,0.00360936
ADX/BTC,1593129962182,2020-06-26T00:06:02.182Z,buy,1.114e-05,4111.0,0.04579654
ADX/BTC,1593129962182,2020-06-26T00:06:02.182Z,buy,1.115e-05,583.0,0.00650045
ADX/BTC,1593129962182,2020-06-26T00:06:02.182Z,buy,1.116e-05,217.0,0.00242172
ADX/BTC,1593129962182,2020-06-26T00:06:02.182Z,buy,1.117e-05,9.0,0.00010053
ADX/BTC,1593129962182,2020-06-26T00:06:02.182Z,buy,1.118e-05,62.0,0.00069316
ADX/BTC,1593129962657,2020-06-26T00:06:02.657Z,sell,1.115e-05,145.0,0.00161675
ADX/BTC,1593129967369,2020-06-26T00:06:07.369Z,buy,1.117e-05,11.0,0.00012287
ADX/BTC,1593129968134,2020-06-26T00:06:08.134Z,buy,1.117e-05,89.0,0.00099413
ADX/BTC,1593129968134,2020-06-26T00:06:08.134Z,buy,1.118e-05,12.0,0.00013416
ADX/BTC,1593129968134,2020-06-26T00:06:08.134Z,buy,1.119e-05,257.0,0.00287583
ADX/BTC,1593129970988,2020-06-26T00:06:10.988Z,buy,1.117e-05,91.0,0.00101647
ADX/BTC,1593129970988,2020-06-26T00:06:10.988Z,buy,1.118e-05,2805.0,0.0313598999999999
ADX/BTC,1593129971378,2020-06-26T00:06:11.378Z,sell,1.116e-05,9.0,0.00010044
ADX/BTC,1593129973115,2020-06-26T00:06:13.115Z,buy,1.118e-05,760.0,0.0084968
ADX/BTC,1593129973544,2020-06-26T00:06:13.544Z,buy,1.118e-05,25.0,0.0002795
ADX/BTC,1593129974707,2020-06-26T00:06:14.707Z,buy,1.118e-05,5354.0,0.0598577199999999
ADX/BTC,1593129974707,2020-06-26T00:06:14.707Z,buy,1.119e-05,31.0,0.00034689
ADX/BTC,1593129974707,2020-06-26T00:06:14.707Z,buy,1.12e-05,173.0,0.0019375999999999
ADX/BTC,1593129974707,2020-06-26T00:06:14.707Z,buy,1.121e-05,232.0,0.00260072
ADX/BTC,1593129974707,2020-06-26T00:06:14.707Z,buy,1.122e-05,8128.0,0.09119616
ADX/BTC,1593129974722,2020-06-26T00:06:14.722Z,sell,1.122e-05,1661.0,0.0186364199999999
ADX/BTC,1593129974722,2020-06-26T00:06:14.722Z,sell,1.122e-05,2186.0,0.0245269199999999
ADX/BTC,1593129974852,2020-06-26T00:06:14.852Z,sell,1.122e-05,3919.0,0.04397118
ADX/BTC,1593129975170,2020-06-26T00:06:15.170Z,sell,1.122e-05,3667.0,0.04114374
ADX/BTC,1593129975285,2020-06-26T00:06:15.285Z,sell,1.122e-05,4604.0,0.0516568799999999
ADX/BTC,1593129975398,2020-06-26T00:06:15.398Z,sell,1.122e-05,152.0,0.00170544
ADX/BTC,1593129976157,2020-06-26T00:06:16.157Z,sell,1.122e-05,962.0,0.01079364
ADX/BTC,1593129976175,2020-06-26T00:06:16.175Z,sell,1.122e-05,962.0,0.01079364
ADX/BTC,1593129976197,2020-06-26T00:06:16.197Z,sell,1.122e-05,963.0,0.01080486
ADX/BTC,1593129976227,2020-06-26T00:06:16.227Z,sell,1.122e-05,1562.0,0.01752564
ADX/BTC,1593129976344,2020-06-26T00:06:16.344Z,sell,1.122e-05,4123.0,0.04626006
ADX/BTC,1593129980876,2020-06-26T00:06:20.876Z,buy,1.123e-05,93.0,0.0010443899999999
ADX/BTC,1593129980876,2020-06-26T00:06:20.876Z,buy,1.124e-05,625.0,0.007025
ADX/BTC,1593129994114,2020-06-26T00:06:34.114Z,buy,1.125e-05,577.0,0.00649125
ADX/BTC,1593129994174,2020-06-26T00:06:34.174Z,buy,1.125e-05,222.0,0.0024975
ADX/BTC,1593129996162,2020-06-26T00:06:36.162Z,buy,1.125e-05,62.0,0.0006975
ADX/BTC,1593129996625,2020-06-26T00:06:36.625Z,buy,1.125e-05,31.0,0.00034875
ADX/BTC,1593129998170,2020-06-26T00:06:38.170Z,buy,1.125e-05,178.0,0.0020025
ADX/BTC,1593129998283,2020-06-26T00:06:38.283Z,buy,1.125e-05,16.0,0.00018
ADX/BTC,1593129998283,2020-06-26T00:06:38.283Z,buy,1.126e-05,4.0,4.504e-05
ADX/BTC,1593130002295,2020-06-26T00:06:42.295Z,buy,1.126e-05,9710.0,0.1093346
ADX/BTC,1593130002295,2020-06-26T00:06:42.295Z,buy,1.127e-05,12725.0,0.14341075
ADX/BTC,1593130005781,2020-06-26T00:06:45.781Z,sell,1.124e-05,762.0,0.00856488
ADX/BTC,1593130009400,2020-06-26T00:06:49.400Z,buy,1.127e-05,2647.0,0.02983169
ADX/BTC,1593130016330,2020-06-26T00:06:56.330Z,buy,1.127e-05,14500.0,0.163415
ADX/BTC,1593130016429,2020-06-26T00:06:56.429Z,buy,1.127e-05,6632.0,0.07474264
ADX/BTC,1593130018150,2020-06-26T00:06:58.150Z,buy,1.128e-05,177.0,0.00199656
ADX/BTC,1593130023737,2020-06-26T00:07:03.737Z,sell,1.127e-05,545.0,0.00614215
ADX/BTC,1593130034856,2020-06-26T00:07:14.856Z,buy,1.128e-05,13.0,0.00014664
ADX/BTC,1593130034856,2020-06-26T00:07:14.856Z,buy,1.129e-05,14387.0,0.16242923
ADX/BTC,1593130035543,2020-06-26T00:07:15.543Z,buy,1.129e-05,14400.0,0.162576
ADX/BTC,1593130035567,2020-06-26T00:07:15.567Z,buy,1.129e-05,4101.0,0.04630029
ADX/BTC,1593130035802,2020-06-26T00:07:15.802Z,buy,1.13e-05,3011.0,0.0340243
ADX/BTC,1593130035914,2020-06-26T00:07:15.914Z,buy,1.13e-05,30.0,0.000339
ADX/BTC,1593130036613,2020-06-26T00:07:16.613Z,buy,1.13e-05,63.0,0.0007119
ADX/BTC,1593130039375,2020-06-26T00:07:19.375Z,sell,1.128e-05,115.0,0.0012972
ADX/BTC,1593130041226,2020-06-26T00:07:21.226Z,buy,1.13e-05,1565.0,0.0176845
ADX/BTC,1593130041226,2020-06-26T00:07:21.226Z,buy,1.131e-05,509.0,0.00575679
ADX/BTC,1593130041226,2020-06-26T00:07:21.226Z,buy,1.132e-05,7275.0,0.082353
ADX/BTC,1593130041226,2020-06-26T00:07:21.226Z,buy,1.133e-05,4004.0,0.04536532
ADX/BTC,1593130041226,2020-06-26T00:07:21.226Z,buy,1.134e-05,947.0,0.01073898
ADX/BTC,1593130041918,2020-06-26T00:07:21.918Z,buy,1.134e-05,14300.0,0.162162
ADX/BTC,1593130042624,2020-06-26T00:07:22.624Z,buy,1.134e-05,14300.0,0.162162
ADX/BTC,1593130045994,2020-06-26T00:07:25.994Z,sell,1.13e-05,42.0,0.0004746
ADX/BTC,1593130045994,2020-06-26T00:07:25.994Z,sell,1.129e-05,42.0,0.00047418
ADX/BTC,1593130045994,2020-06-26T00:07:25.994Z,sell,1.128e-05,42.0,0.00047376
ADX/BTC,1593130045994,2020-06-26T00:07:25.994Z,sell,1.127e-05,1274.0,0.01435798
ADX/BTC,1593130049582,2020-06-26T00:07:29.582Z,sell,1.129e-05,445.0,0.00502405
ADX/BTC,1593130067487,2020-06-26T00:07:47.487Z,buy,1.132e-05,2476.0,0.02802832
ADX/BTC,1593130068383,2020-06-26T00:07:48.383Z,buy,1.132e-05,66.0,0.00074712
ADX/BTC,1593130069746,2020-06-26T00:07:49.746Z,buy,1.132e-05,18.0,0.00020376
ADX/BTC,1593130078199,2020-06-26T00:07:58.199Z,sell,1.13e-05,9.0,0.0001017
ADX/BTC,1593130109145,2020-06-26T00:08:29.145Z,buy,1.132e-05,588.0,0.00665616
ADX/BTC,1593130116246,2020-06-26T00:08:36.246Z,sell,1.13e-05,100.0,0.00113
ADX/BTC,1593130117136,2020-06-26T00:08:37.136Z,sell,1.13e-05,100.0,0.00113
ADX/BTC,1593130122734,2020-06-26T00:08:42.734Z,sell,1.129e-05,100.0,0.001129
ADX/BTC,1593130123724,2020-06-26T00:08:43.724Z,sell,1.129e-05,100.0,0.001129
ADX/BTC,1593130124798,2020-06-26T00:08:44.798Z,sell,1.129e-05,100.0,0.001129
ADX/BTC,1593130125166,2020-06-26T00:08:45.166Z,buy,1.132e-05,219.0,0.00247908
ADX/BTC,1593130125724,2020-06-26T00:08:45.724Z,buy,1.132e-05,948.0,0.01073136
ADX/BTC,1593130129135,2020-06-26T00:08:49.135Z,buy,1.132e-05,132.0,0.00149424
ADX/BTC,1593130130445,2020-06-26T00:08:50.445Z,sell,1.13e-05,100.0,0.00113
ADX/BTC,1593130134175,2020-06-26T00:08:54.175Z,buy,1.132e-05,18.0,0.00020376
ADX/BTC,1593130134175,2020-06-26T00:08:54.175Z,buy,1.133e-05,42.0,0.00047586
ADX/BTC,1593130134175,2020-06-26T00:08:54.175Z,buy,1.134e-05,116.0,0.00131544
ADX/BTC,1593130136029,2020-06-26T00:08:56.029Z,sell,1.13e-05,100.0,0.00113
ADX/BTC,1593130136948,2020-06-26T00:08:56.948Z,buy,1.134e-05,4598.0,0.05214132
ADX/BTC,1593130136948,2020-06-26T00:08:56.948Z,buy,1.135e-05,1158.0,0.0131433
ADX/BTC,1593130136948,2020-06-26T00:08:56.948Z,buy,1.136e-05,60.0,0.0006816
ADX/BTC,1593130136948,2020-06-26T00:08:56.948Z,buy,1.137e-05,22884.0,0.2601910799999999
ADX/BTC,1593130137651,2020-06-26T00:08:57.651Z,buy,1.137e-05,7894.0,0.0897547799999999
ADX/BTC,1593130137651,2020-06-26T00:08:57.651Z,buy,1.138e-05,64.0,0.00072832
ADX/BTC,1593130137651,2020-06-26T00:08:57.651Z,buy,1.139e-05,4147.0,0.04723433
ADX/BTC,1593130137651,2020-06-26T00:08:57.651Z,buy,1.14e-05,2195.0,0.025023
ADX/BTC,1593130145481,2020-06-26T00:09:05.481Z,buy,1.14e-05,22.0,0.0002507999999999
ADX/BTC,1593130145756,2020-06-26T00:09:05.756Z,sell,1.136e-05,10.0,0.0001136
ADX/BTC,1593130146777,2020-06-26T00:09:06.777Z,sell,1.137e-05,9.0,0.0001023299999999
ADX/BTC,1593130148703,2020-06-26T00:09:08.703Z,sell,1.137e-05,100.0,0.001137
ADX/BTC,1593130149543,2020-06-26T00:09:09.543Z,sell,1.137e-05,58.0,0.00065946
ADX/BTC,1593130153337,2020-06-26T00:09:13.337Z,sell,1.137e-05,100.0,0.001137
ADX/BTC,1593130153564,2020-06-26T00:09:13.564Z,sell,1.137e-05,231.0,0.00262647
ADX/BTC,1593130156907,2020-06-26T00:09:16.907Z,sell,1.137e-05,1058.0,0.0120294599999999
ADX/BTC,1593130157619,2020-06-26T00:09:17.619Z,sell,1.138e-05,231.0,0.00262878
ADX/BTC,1593130158925,2020-06-26T00:09:18.925Z,sell,1.138e-05,100.0,0.001138
ADX/BTC,1593130159938,2020-06-26T00:09:19.938Z,sell,1.138e-05,100.0,0.001138
ADX/BTC,1593130161054,2020-06-26T00:09:21.054Z,sell,1.138e-05,100.0,0.001138
ADX/BTC,1593130161490,2020-06-26T00:09:21.490Z,buy,1.14e-05,18.0,0.0002052
ADX/BTC,1593130161581,2020-06-26T00:09:21.581Z,buy,1.14e-05,18.0,0.0002052
ADX/BTC,1593130165585,2020-06-26T00:09:25.585Z,sell,1.137e-05,100.0,0.001137
ADX/BTC,1593130166317,2020-06-26T00:09:26.317Z,sell,1.137e-05,231.0,0.00262647
ADX/BTC,1593130169612,2020-06-26T00:09:29.612Z,sell,1.137e-05,91.0,0.00103467
ADX/BTC,1593130170104,2020-06-26T00:09:30.104Z,buy,1.137e-05,14300.0,0.1625909999999999
ADX/BTC,1593130183489,2020-06-26T00:09:43.489Z,buy,1.137e-05,4.0,4.548e-05
ADX/BTC,1593130184407,2020-06-26T00:09:44.407Z,sell,1.136e-05,32.0,0.00036352
ADX/BTC,1593130184407,2020-06-26T00:09:44.407Z,sell,1.135e-05,42.0,0.0004767
ADX/BTC,1593130185784,2020-06-26T00:09:45.784Z,sell,1.134e-05,42.0,0.00047628
ADX/BTC,1593130185784,2020-06-26T00:09:45.784Z,sell,1.133e-05,42.0,0.00047586
ADX/BTC,1593130185784,2020-06-26T00:09:45.784Z,sell,1.132e-05,42.0,0.00047544
ADX/BTC,1593130185784,2020-06-26T00:09:45.784Z,sell,1.131e-05,64.0,0.00072384
ADX/BTC,1593130185784,2020-06-26T00:09:45.784Z,sell,1.13e-05,250.0,0.002825
ADX/BTC,1593130185784,2020-06-26T00:09:45.784Z,sell,1.13e-05,150.0,0.001695
ADX/BTC,1593130185796,2020-06-26T00:09:45.796Z,sell,1.13e-05,1380.0,0.015594
ADX/BTC,1593130190588,2020-06-26T00:09:50.588Z,sell,1.13e-05,30.0,0.000339
ADX/BTC,1593130196169,2020-06-26T00:09:56.169Z,sell,1.131e-05,55.0,0.00062205
ADX/BTC,1593130197837,2020-06-26T00:09:57.837Z,sell,1.131e-05,1014.0,0.01146834
ADX/BTC,1593130198605,2020-06-26T00:09:58.605Z,buy,1.134e-05,54.0,0.0006123599999999
ADX/BTC,1593130199958,2020-06-26T00:09:59.958Z,sell,1.134e-05,55.0,0.0006237
ADX/BTC,1593130218103,2020-06-26T00:10:18.103Z,buy,1.135e-05,203.0,0.0023040499999999
ADX/BTC,1593130218103,2020-06-26T00:10:18.103Z,buy,1.136e-05,42.0,0.00047712
ADX/BTC,1593130218103,2020-06-26T00:10:18.103Z,buy,1.137e-05,133.0,0.00151221
ADX/BTC,1593130218573,2020-06-26T00:10:18.573Z,sell,1.134e-05,53.0,0.00060102
ADX/BTC,1593130219219,2020-06-26T00:10:19.219Z,sell,1.134e-05,135.0,0.0015309
ADX/BTC,1593130219562,2020-06-26T00:10:19.562Z,sell,1.134e-05,55.0,0.0006237
ADX/BTC,1593130244892,2020-06-26T00:10:44.892Z,buy,1.137e-05,22.0,0.00025014
ADX/BTC,1593130296895,2020-06-26T00:11:36.895Z,buy,1.137e-05,93.0,0.00105741
ADX/BTC,1593130296895,2020-06-26T00:11:36.895Z,buy,1.138e-05,4654.0,0.05296252
ADX/BTC,1593130296895,2020-06-26T00:11:36.895Z,buy,1.139e-05,42.0,0.00047838
ADX/BTC,1593130296895,2020-06-26T00:11:36.895Z,buy,1.14e-05,1432.0,0.0163248
ADX/BTC,1593130296895,2020-06-26T00:11:36.895Z,buy,1.141e-05,5038.0,0.0574835799999999
ADX/BTC,1593130300143,2020-06-26T00:11:40.143Z,sell,1.137e-05,968.0,0.01100616
ADX/BTC,1593130300169,2020-06-26T00:11:40.169Z,sell,1.137e-05,37.0,0.00042069
ADX/BTC,1593130300275,2020-06-26T00:11:40.275Z,buy,1.137e-05,931.0,0.01058547
ADX/BTC,1593130303228,2020-06-26T00:11:43.228Z,sell,1.137e-05,1284.0,0.0145990799999999
ADX/BTC,1593130303228,2020-06-26T00:11:43.228Z,sell,1.136e-05,2330.0,0.0264688
ADX/BTC,1593130306882,2020-06-26T00:11:46.882Z,buy,1.139e-05,8319.0,0.09475341
ADX/BTC,1593130308286,2020-06-26T00:11:48.286Z,sell,1.135e-05,42.0,0.0004767
ADX/BTC,1593130308286,2020-06-26T00:11:48.286Z,sell,1.134e-05,42.0,0.00047628
ADX/BTC,1593130308286,2020-06-26T00:11:48.286Z,sell,1.133e-05,428.0,0.00484924
ADX/BTC,1593130308286,2020-06-26T00:11:48.286Z,sell,1.132e-05,903.0,0.01022196
ADX/BTC,1593130308979,2020-06-26T00:11:48.979Z,sell,1.131e-05,112.0,0.00126672
ADX/BTC,1593130310164,2020-06-26T00:11:50.164Z,sell,1.131e-05,928.0,0.01049568
ADX/BTC,1593130324876,2020-06-26T00:12:04.876Z,sell,1.13e-05,7772.0,0.0878236
ADX/BTC,1593130324891,2020-06-26T00:12:04.891Z,buy,1.13e-05,812.0,0.0091756
ADX/BTC,1593130326112,2020-06-26T00:12:06.112Z,sell,1.129e-05,86.0,0.00097094
ADX/BTC,1593130326112,2020-06-26T00:12:06.112Z,sell,1.128e-05,91.0,0.00102648
ADX/BTC,1593130330118,2020-06-26T00:12:10.118Z,sell,1.128e-05,13.0,0.00014664
ADX/BTC,1593130330118,2020-06-26T00:12:10.118Z,sell,1.127e-05,475.0,0.00535325
ADX/BTC,1593130330158,2020-06-26T00:12:10.158Z,sell,1.127e-05,488.0,0.00549976
ADX/BTC,1593130338152,2020-06-26T00:12:18.152Z,sell,1.128e-05,399.0,0.00450072
ADX/BTC,1593130338161,2020-06-26T00:12:18.161Z,sell,1.128e-05,39.0,0.00043992
ADX/BTC,1593130338233,2020-06-26T00:12:18.233Z,buy,1.128e-05,44.0,0.00049632
ADX/BTC,1593130346688,2020-06-26T00:12:26.688Z,buy,1.128e-05,4698.0,0.05299344
ADX/BTC,1593130346688,2020-06-26T00:12:26.688Z,buy,1.131e-05,386.0,0.00436566
ADX/BTC,1593130346688,2020-06-26T00:12:26.688Z,buy,1.132e-05,1064.0,0.01204448
ADX/BTC,1593130349127,2020-06-26T00:12:29.127Z,sell,1.128e-05,42.0,0.00047376
ADX/BTC,1593130349127,2020-06-26T00:12:29.127Z,sell,1.127e-05,135.0,0.00152145
ADX/BTC,1593130355061,2020-06-26T00:12:35.061Z,buy,1.13e-05,31.0,0.0003503
ADX/BTC,1593130363015,2020-06-26T00:12:43.015Z,buy,1.13e-05,439.0,0.0049607
ADX/BTC,1593130363015,2020-06-26T00:12:43.015Z,buy,1.132e-05,4118.0,0.04661576
ADX/BTC,1593130374159,2020-06-26T00:12:54.159Z,buy,1.132e-05,3375.0,0.038205
ADX/BTC,1593130381114,2020-06-26T00:13:01.114Z,sell,1.128e-05,355.0,0.0040044
ADX/BTC,1593130381615,2020-06-26T00:13:01.615Z,buy,1.132e-05,360.0,0.0040752
ADX/BTC,1593130381615,2020-06-26T00:13:01.615Z,buy,1.133e-05,42.0,0.00047586
ADX/BTC,1593130381615,2020-06-26T00:13:01.615Z,buy,1.134e-05,42.0,0.00047628
ADX/BTC,1593130381615,2020-06-26T00:13:01.615Z,buy,1.135e-05,406.0,0.0046080999999999
ADX/BTC,1593130381615,2020-06-26T00:13:01.615Z,buy,1.136e-05,1650.0,0.018744
ADX/BTC,1593130385144,2020-06-26T00:13:05.144Z,sell,1.132e-05,42.0,0.00047544
ADX/BTC,1593130385144,2020-06-26T00:13:05.144Z,sell,1.131e-05,42.0,0.00047502
ADX/BTC,1593130385155,2020-06-26T00:13:05.155Z,buy,1.131e-05,42.0,0.00047502
ADX/BTC,1593130386148,2020-06-26T00:13:06.148Z,sell,1.13e-05,42.0,0.0004746
ADX/BTC,1593130386148,2020-06-26T00:13:06.148Z,sell,1.129e-05,42.0,0.00047418
ADX/BTC,1593130386163,2020-06-26T00:13:06.163Z,buy,1.129e-05,49.0,0.00055321
ADX/BTC,1593130396096,2020-06-26T00:13:16.096Z,buy,1.133e-05,11.0,0.00012463
ADX/BTC,1593130415737,2020-06-26T00:13:35.737Z,sell,1.128e-05,459.0,0.00517752
ADX/BTC,1593130440704,2020-06-26T00:14:00.704Z,buy,1.132e-05,11.0,0.00012452
ADX/BTC,1593130500397,2020-06-26T00:15:00.397Z,buy,1.132e-05,11.0,0.00012452
ADX/BTC,1593130536350,2020-06-26T00:15:36.350Z,buy,1.132e-05,20.0,0.0002264
ADX/BTC,1593130536350,2020-06-26T00:15:36.350Z,buy,1.133e-05,140.0,0.0015862
ADX/BTC,1593130626882,2020-06-26T00:17:06.882Z,buy,1.132e-05,297.0,0.00336204
ADX/BTC,1593130651908,2020-06-26T00:17:31.908Z,buy,1.133e-05,265.0,0.00300245
ADX/BTC,1593130682116,2020-06-26T00:18:02.116Z,sell,1.129e-05,177.0,0.00199833
ADX/BTC,1593130682146,2020-06-26T00:18:02.146Z,sell,1.129e-05,178.0,0.00200962
ADX/BTC,1593130694115,2020-06-26T00:18:14.115Z,sell,1.129e-05,266.0,0.00300314
ADX/BTC,1593130697167,2020-06-26T00:18:17.167Z,sell,1.129e-05,354.0,0.00399666
ADX/BTC,1593130729187,2020-06-26T00:18:49.187Z,sell,1.129e-05,64.0,0.00072256
ADX/BTC,1593130729187,2020-06-26T00:18:49.187Z,sell,1.128e-05,69.0,0.00077832
ADX/BTC,1593130730148,2020-06-26T00:18:50.148Z,sell,1.128e-05,133.0,0.00150024
ADX/BTC,1593130848254,2020-06-26T00:20:48.254Z,sell,1.128e-05,8921.0,0.10062888
ADX/BTC,1593130848254,2020-06-26T00:20:48.254Z,sell,1.127e-05,5479.0,0.06174833
ADX/BTC,1593130848492,2020-06-26T00:20:48.492Z,sell,1.127e-05,111.0,0.00125097
ADX/BTC,1593130848972,2020-06-26T00:20:48.972Z,sell,1.127e-05,14400.0,0.162288
ADX/BTC,1593130849182,2020-06-26T00:20:49.182Z,sell,1.127e-05,177.0,0.00199479
ADX/BTC,1593130849450,2020-06-26T00:20:49.450Z,buy,1.132e-05,856.0,0.00968992
ADX/BTC,1593130849450,2020-06-26T00:20:49.450Z,buy,1.133e-05,744.0,0.00842952
ADX/BTC,1593130850174,2020-06-26T00:20:50.174Z,sell,1.127e-05,179.0,0.00201733
ADX/BTC,1593130894468,2020-06-26T00:21:34.468Z,sell,1.127e-05,12505.0,0.14093135
ADX/BTC,1593130895017,2020-06-26T00:21:35.017Z,sell,1.126e-05,1817.0,0.02045942
ADX/BTC,1593130897679,2020-06-26T00:21:37.679Z,sell,1.125e-05,8025.0,0.09028125
ADX/BTC,1593130898030,2020-06-26T00:21:38.030Z,sell,1.125e-05,1717.0,0.01931625
ADX/BTC,1593130898030,2020-06-26T00:21:38.030Z,sell,1.124e-05,625.0,0.007025
ADX/BTC,1593130899160,2020-06-26T00:21:39.160Z,sell,1.123e-05,92.0,0.00103316
ADX/BTC,1593130900554,2020-06-26T00:21:40.554Z,sell,1.122e-05,23.0,0.00025806
ADX/BTC,1593130903702,2020-06-26T00:21:43.702Z,buy,1.127e-05,9.0,0.00010143
ADX/BTC,1593130916163,2020-06-26T00:21:56.163Z,sell,1.122e-05,19.0,0.00021318
ADX/BTC,1593130916163,2020-06-26T00:21:56.163Z,sell,1.121e-05,42.0,0.00047082
ADX/BTC,1593130916163,2020-06-26T00:21:56.163Z,sell,1.12e-05,5218.0,0.0584415999999999
ADX/BTC,1593130916174,2020-06-26T00:21:56.174Z,buy,1.12e-05,4648.0,0.0520575999999999
ADX/BTC,1593130924463,2020-06-26T00:22:04.463Z,buy,1.124e-05,18.0,0.00020232
ADX/BTC,1593130941664,2020-06-26T00:22:21.664Z,sell,1.119e-05,14.0,0.0001566599999999
ADX/BTC,1593130977816,2020-06-26T00:22:57.816Z,buy,1.124e-05,24.0,0.00026976
ADX/BTC,1593130977816,2020-06-26T00:22:57.816Z,buy,1.125e-05,870.0,0.0097875
ADX/BTC,1593130982290,2020-06-26T00:23:02.290Z,buy,1.125e-05,9.0,0.00010125
ADX/BTC,1593130982290,2020-06-26T00:23:02.290Z,buy,1.125e-05,9.0,0.00010125
ADX/BTC,1593131341508,2020-06-26T00:29:01.508Z,sell,1.121e-05,42.0,0.00047082
ADX/BTC,1593131341508,2020-06-26T00:29:01.508Z,sell,1.12e-05,3.0,3.36e-05
ADX/BTC,1593131388758,2020-06-26T00:29:48.758Z,buy,1.125e-05,33.0,0.00037125
ADX/BTC,1593131410778,2020-06-26T00:30:10.778Z,buy,1.125e-05,4887.0,0.05497875
ADX/BTC,1593131421395,2020-06-26T00:30:21.395Z,buy,1.126e-05,98.0,0.00110348
ADX/BTC,1593131524872,2020-06-26T00:32:04.872Z,buy,1.125e-05,3.0,3.375e-05
ADX/BTC,1593131635883,2020-06-26T00:33:55.883Z,buy,1.125e-05,230.0,0.0025875
ADX/BTC,1593131671391,2020-06-26T00:34:31.391Z,buy,1.126e-05,9.0,0.00010134
ADX/BTC,1593131798988,2020-06-26T00:36:38.988Z,sell,1.125e-05,294.0,0.0033075
ADX/BTC,1593132021716,2020-06-26T00:40:21.716Z,buy,1.126e-05,4409.0,0.04964534
ADX/BTC,1593132031743,2020-06-26T00:40:31.743Z,buy,1.126e-05,352.0,0.00396352
ADX/BTC,1593132031865,2020-06-26T00:40:31.865Z,buy,1.126e-05,1763.0,0.01985138
ADX/BTC,1593132032095,2020-06-26T00:40:32.095Z,buy,1.126e-05,661.0,0.00744286
ADX/BTC,1593132032175,2020-06-26T00:40:32.175Z,buy,1.126e-05,1102.0,0.01240852
ADX/BTC,1593132032217,2020-06-26T00:40:32.217Z,buy,1.126e-05,913.0,0.01028038
ADX/BTC,1593132032217,2020-06-26T00:40:32.217Z,buy,1.127e-05,850.0,0.0095795
ADX/BTC,1593132033268,2020-06-26T00:40:33.268Z,buy,1.127e-05,4409.0,0.04968943
ADX/BTC,1593132033680,2020-06-26T00:40:33.680Z,buy,1.127e-05,440.0,0.0049588
ADX/BTC,1593132033858,2020-06-26T00:40:33.858Z,buy,1.127e-05,881.0,0.00992887
ADX/BTC,1593132033941,2020-06-26T00:40:33.941Z,buy,1.127e-05,2204.0,0.02483908
ADX/BTC,1593132034048,2020-06-26T00:40:34.048Z,buy,1.127e-05,1322.0,0.01489894
ADX/BTC,1593132034189,2020-06-26T00:40:34.189Z,buy,1.127e-05,881.0,0.00992887
ADX/BTC,1593132034196,2020-06-26T00:40:34.196Z,buy,1.127e-05,881.0,0.00992887
ADX/BTC,1593132034466,2020-06-26T00:40:34.466Z,buy,1.127e-05,1425.0,0.01605975
ADX/BTC,1593132034466,2020-06-26T00:40:34.466Z,buy,1.128e-05,62.0,0.00069936
ADX/BTC,1593132034466,2020-06-26T00:40:34.466Z,buy,1.129e-05,276.0,0.00311604
ADX/BTC,1593132034476,2020-06-26T00:40:34.476Z,buy,1.129e-05,3214.0,0.03628606
ADX/BTC,1593132034476,2020-06-26T00:40:34.476Z,buy,1.13e-05,169.0,0.0019097
ADX/BTC,1593132034476,2020-06-26T00:40:34.476Z,buy,1.131e-05,1851.0,0.02093481
ADX/BTC,1593132034476,2020-06-26T00:40:34.476Z,buy,1.132e-05,3584.0,0.04057088
ADX/BTC,1593132034540,2020-06-26T00:40:34.540Z,buy,1.132e-05,4409.0,0.04990988
ADX/BTC,1593132034799,2020-06-26T00:40:34.799Z,buy,1.132e-05,881.0,0.00997292
ADX/BTC,1593132035072,2020-06-26T00:40:35.072Z,buy,1.132e-05,4409.0,0.04990988
ADX/BTC,1593132035192,2020-06-26T00:40:35.192Z,buy,1.132e-05,531.0,0.00601092
ADX/BTC,1593132035192,2020-06-26T00:40:35.192Z,buy,1.133e-05,870.0,0.0098571
ADX/BTC,1593132035192,2020-06-26T00:40:35.192Z,buy,1.134e-05,352.0,0.00399168
ADX/BTC,1593132035200,2020-06-26T00:40:35.200Z,sell,1.134e-05,1774.0,0.02011716
ADX/BTC,1593132035203,2020-06-26T00:40:35.203Z,sell,1.134e-05,1774.0,0.02011716
ADX/BTC,1593132035205,2020-06-26T00:40:35.205Z,sell,1.134e-05,1774.0,0.02011716
ADX/BTC,1593132035209,2020-06-26T00:40:35.209Z,sell,1.134e-05,256.0,0.00290304
ADX/BTC,1593132035210,2020-06-26T00:40:35.210Z,sell,1.134e-05,605.0,0.0068607
ADX/BTC,1593132035445,2020-06-26T00:40:35.445Z,sell,1.134e-05,956.0,0.01084104
ADX/BTC,1593132035631,2020-06-26T00:40:35.631Z,sell,1.134e-05,1763.0,0.01999242
ADX/BTC,1593132036111,2020-06-26T00:40:36.111Z,sell,1.134e-05,1146.0,0.01299564
ADX/BTC,1593132036155,2020-06-26T00:40:36.155Z,sell,1.134e-05,1323.0,0.01500282
ADX/BTC,1593132036542,2020-06-26T00:40:36.542Z,sell,1.134e-05,100.0,0.001134
ADX/BTC,1593132037121,2020-06-26T00:40:37.121Z,sell,1.134e-05,1146.0,0.01299564
ADX/BTC,1593132037379,2020-06-26T00:40:37.379Z,buy,1.135e-05,62.0,0.0007037
ADX/BTC,1593132037469,2020-06-26T00:40:37.469Z,sell,1.135e-05,323.0,0.00366605
ADX/BTC,1593132038351,2020-06-26T00:40:38.351Z,sell,1.134e-05,10110.0,0.1146474
ADX/BTC,1593132038362,2020-06-26T00:40:38.362Z,sell,1.134e-05,385.0,0.0043659
ADX/BTC,1593132044088,2020-06-26T00:40:44.088Z,sell,1.134e-05,480.0,0.0054432
ADX/BTC,1593132044193,2020-06-26T00:40:44.193Z,sell,1.134e-05,443.0,0.00502362
ADX/BTC,1593132044234,2020-06-26T00:40:44.234Z,sell,1.134e-05,443.0,0.00502362
ADX/BTC,1593132053746,2020-06-26T00:40:53.746Z,buy,1.136e-05,42.0,0.00047712
ADX/BTC,1593132053746,2020-06-26T00:40:53.746Z,buy,1.137e-05,5286.0,0.06010182
ADX/BTC,1593132068174,2020-06-26T00:41:08.174Z,sell,1.134e-05,10.0,0.0001133999999999
ADX/BTC,1593132069192,2020-06-26T00:41:09.192Z,buy,1.138e-05,27.0,0.00030726
ADX/BTC,1593132102611,2020-06-26T00:41:42.611Z,buy,1.138e-05,10.0,0.0001138
ADX/BTC,1593132201712,2020-06-26T00:43:21.712Z,buy,1.137e-05,3952.0,0.04493424
ADX/BTC,1593132201712,2020-06-26T00:43:21.712Z,buy,1.138e-05,4300.0,0.048934
ADX/BTC,1593132201712,2020-06-26T00:43:21.712Z,buy,1.139e-05,42.0,0.00047838
ADX/BTC,1593132201712,2020-06-26T00:43:21.712Z,buy,1.14e-05,89.0,0.0010145999999999
ADX/BTC,1593132201712,2020-06-26T00:43:21.712Z,buy,1.141e-05,293.0,0.0033431299999999
ADX/BTC,1593132201712,2020-06-26T00:43:21.712Z,buy,1.142e-05,19698.0,0.22495116
ADX/BTC,1593132201712,2020-06-26T00:43:21.712Z,buy,1.143e-05,1178.0,0.01346454
ADX/BTC,1593132201712,2020-06-26T00:43:21.712Z,buy,1.144e-05,172.0,0.00196768
ADX/BTC,1593132201712,2020-06-26T00:43:21.712Z,buy,1.145e-05,1724.0,0.0197398
ADX/BTC,1593132201712,2020-06-26T00:43:21.712Z,buy,1.146e-05,359.0,0.00411414
ADX/BTC,1593132201712,2020-06-26T00:43:21.712Z,buy,1.147e-05,3703.0,0.04247341
ADX/BTC,1593132201712,2020-06-26T00:43:21.712Z,buy,1.148e-05,5554.0,0.06375992
ADX/BTC,1593132201712,2020-06-26T00:43:21.712Z,buy,1.149e-05,890.0,0.0102261
ADX/BTC,1593132201712,2020-06-26T00:43:21.712Z,buy,1.15e-05,7533.0,0.0866295
ADX/BTC,1593132201712,2020-06-26T00:43:21.712Z,buy,1.151e-05,6069.0,0.06985419
ADX/BTC,1593132201712,2020-06-26T00:43:21.712Z,buy,1.152e-05,1674.0,0.01928448
ADX/BTC,1593132201712,2020-06-26T00:43:21.712Z,buy,1.153e-05,1050.0,0.0121065
ADX/BTC,1593132201712,2020-06-26T00:43:21.712Z,buy,1.154e-05,3324.0,0.03835896
ADX/BTC,1593132201712,2020-06-26T00:43:21.712Z,buy,1.155e-05,129.0,0.0014899499999999
ADX/BTC,1593132201712,2020-06-26T00:43:21.712Z,buy,1.156e-05,187.0,0.00216172
ADX/BTC,1593132201712,2020-06-26T00:43:21.712Z,buy,1.157e-05,12593.0,0.14570101
ADX/BTC,1593132201712,2020-06-26T00:43:21.712Z,buy,1.158e-05,63.0,0.00072954
ADX/BTC,1593132201712,2020-06-26T00:43:21.712Z,buy,1.159e-05,41.0,0.00047519
ADX/BTC,1593132201712,2020-06-26T00:43:21.712Z,buy,1.16e-05,12637.0,0.1465892
ADX/BTC,1593132201712,2020-06-26T00:43:21.712Z,buy,1.161e-05,3429.0,0.03981069
ADX/BTC,1593132201712,2020-06-26T00:43:21.712Z,buy,1.162e-05,1090.0,0.0126658
ADX/BTC,1593132201712,2020-06-26T00:43:21.712Z,buy,1.163e-05,41.0,0.00047683
ADX/BTC,1593132201712,2020-06-26T00:43:21.712Z,buy,1.164e-05,620.0,0.0072168
ADX/BTC,1593132201712,2020-06-26T00:43:21.712Z,buy,1.165e-05,821.0,0.00956465
ADX/BTC,1593132201712,2020-06-26T00:43:21.712Z,buy,1.158e-05,10.0,0.0001158
ADX/BTC,1593132201712,2020-06-26T00:43:21.712Z,buy,1.165e-05,4274.0,0.0497921
ADX/BTC,1593132201838,2020-06-26T00:43:21.838Z,buy,1.144e-05,376.0,0.00430144
ADX/BTC,1593132201838,2020-06-26T00:43:21.838Z,buy,1.144e-05,377.0,0.00431288
ADX/BTC,1593132201839,2020-06-26T00:43:21.839Z,sell,1.143e-05,377.0,0.00430911
ADX/BTC,1593132201839,2020-06-26T00:43:21.839Z,sell,1.143e-05,377.0,0.00430911
ADX/BTC,1593132201839,2020-06-26T00:43:21.839Z,sell,1.143e-05,377.0,0.00430911
ADX/BTC,1593132201840,2020-06-26T00:43:21.840Z,sell,1.143e-05,377.0,0.00430911
ADX/BTC,1593132201840,2020-06-26T00:43:21.840Z,sell,1.143e-05,377.0,0.00430911
ADX/BTC,1593132201840,2020-06-26T00:43:21.840Z,buy,1.144e-05,377.0,0.00431288
ADX/BTC,1593132201840,2020-06-26T00:43:21.840Z,sell,1.143e-05,238.0,0.00272034
ADX/BTC,1593132201841,2020-06-26T00:43:21.841Z,buy,1.144e-05,377.0,0.00431288
ADX/BTC,1593132201842,2020-06-26T00:43:21.842Z,buy,1.144e-05,377.0,0.00431288
ADX/BTC,1593132201842,2020-06-26T00:43:21.842Z,sell,1.143e-05,377.0,0.00430911
ADX/BTC,1593132201842,2020-06-26T00:43:21.842Z,buy,1.144e-05,377.0,0.00431288
ADX/BTC,1593132201842,2020-06-26T00:43:21.842Z,buy,1.144e-05,376.0,0.00430144
ADX/BTC,1593132201845,2020-06-26T00:43:21.845Z,sell,1.14e-05,231.0,0.0026333999999999
ADX/BTC,1593132201846,2020-06-26T00:43:21.846Z,buy,1.144e-05,51.0,0.00058344
ADX/BTC,1593132201847,2020-06-26T00:43:21.847Z,sell,1.144e-05,326.0,0.00372944
ADX/BTC,1593132201849,2020-06-26T00:43:21.849Z,buy,1.142e-05,377.0,0.00430534
ADX/BTC,1593132201854,2020-06-26T00:43:21.854Z,buy,1.142e-05,475.0,0.0054245
ADX/BTC,1593132201905,2020-06-26T00:43:21.905Z,sell,1.147e-05,656.0,0.00752432
ADX/BTC,1593132201905,2020-06-26T00:43:21.905Z,sell,1.146e-05,43.0,0.00049278
ADX/BTC,1593132201905,2020-06-26T00:43:21.905Z,sell,1.145e-05,171.0,0.00195795
ADX/BTC,1593132201925,2020-06-26T00:43:21.925Z,sell,1.14e-05,171.0,0.0019493999999999
ADX/BTC,1593132201993,2020-06-26T00:43:21.993Z,buy,1.141e-05,461.0,0.00526001
ADX/BTC,1593132202052,2020-06-26T00:43:22.052Z,sell,1.144e-05,314.0,0.00359216
ADX/BTC,1593132202059,2020-06-26T00:43:22.059Z,sell,1.143e-05,43.0,0.00049149
ADX/BTC,1593132202244,2020-06-26T00:43:22.244Z,sell,1.144e-05,436.0,0.00498784
ADX/BTC,1593132202260,2020-06-26T00:43:22.260Z,sell,1.144e-05,156.0,0.00178464
ADX/BTC,1593132202260,2020-06-26T00:43:22.260Z,sell,1.143e-05,724.0,0.00827532
ADX/BTC,1593132202260,2020-06-26T00:43:22.260Z,sell,1.142e-05,2953.0,0.03372326
ADX/BTC,1593132202868,2020-06-26T00:43:22.868Z,sell,1.141e-05,918.0,0.0104743799999999
ADX/BTC,1593132202875,2020-06-26T00:43:22.875Z,sell,1.14e-05,28.0,0.0003191999999999
ADX/BTC,1593132202985,2020-06-26T00:43:22.985Z,sell,1.14e-05,2115.0,0.0241109999999999
ADX/BTC,1593132203091,2020-06-26T00:43:23.091Z,sell,1.14e-05,2115.0,0.0241109999999999
ADX/BTC,1593132204106,2020-06-26T00:43:24.106Z,buy,1.144e-05,41.0,0.00046904
ADX/BTC,1593132204145,2020-06-26T00:43:24.145Z,sell,1.141e-05,1138.0,0.0129845799999999
ADX/BTC,1593132204271,2020-06-26T00:43:24.271Z,sell,1.14e-05,799.0,0.0091086
ADX/BTC,1593132204498,2020-06-26T00:43:24.498Z,buy,1.142e-05,720.0,0.0082224
ADX/BTC,1593132204629,2020-06-26T00:43:24.629Z,buy,1.142e-05,22.0,0.00025124
ADX/BTC,1593132204708,2020-06-26T00:43:24.708Z,buy,1.142e-05,16.0,0.00018272
ADX/BTC,1593132204752,2020-06-26T00:43:24.752Z,buy,1.142e-05,41.0,0.00046822
ADX/BTC,1593132204829,2020-06-26T00:43:24.829Z,buy,1.142e-05,41.0,0.00046822
ADX/BTC,1593132204939,2020-06-26T00:43:24.939Z,buy,1.142e-05,41.0,0.00046822
ADX/BTC,1593132205031,2020-06-26T00:43:25.031Z,buy,1.142e-05,41.0,0.00046822
ADX/BTC,1593132205141,2020-06-26T00:43:25.141Z,buy,1.142e-05,41.0,0.00046822
ADX/BTC,1593132205364,2020-06-26T00:43:25.364Z,buy,1.142e-05,41.0,0.00046822
ADX/BTC,1593132205433,2020-06-26T00:43:25.433Z,buy,1.142e-05,22.0,0.00025124
ADX/BTC,1593132205436,2020-06-26T00:43:25.436Z,buy,1.142e-05,15.0,0.0001713
ADX/BTC,1593132205563,2020-06-26T00:43:25.563Z,buy,1.142e-05,41.0,0.00046822
ADX/BTC,1593132205597,2020-06-26T00:43:25.597Z,buy,1.142e-05,22.0,0.00025124
ADX/BTC,1593132205600,2020-06-26T00:43:25.600Z,buy,1.142e-05,15.0,0.0001713
ADX/BTC,1593132205769,2020-06-26T00:43:25.769Z,buy,1.142e-05,41.0,0.00046822
ADX/BTC,1593132205890,2020-06-26T00:43:25.890Z,buy,1.142e-05,130.0,0.0014846
ADX/BTC,1593132206002,2020-06-26T00:43:26.002Z,buy,1.142e-05,41.0,0.00046822
ADX/BTC,1593132206413,2020-06-26T00:43:26.413Z,buy,1.142e-05,41.0,0.00046822
ADX/BTC,1593132206621,2020-06-26T00:43:26.621Z,buy,1.142e-05,41.0,0.00046822
ADX/BTC,1593132206712,2020-06-26T00:43:26.712Z,buy,1.142e-05,41.0,0.00046822
ADX/BTC,1593132206859,2020-06-26T00:43:26.859Z,buy,1.142e-05,41.0,0.00046822
ADX/BTC,1593132207319,2020-06-26T00:43:27.319Z,buy,1.142e-05,583.0,0.00665786
ADX/BTC,1593132207365,2020-06-26T00:43:27.365Z,buy,1.142e-05,41.0,0.00046822
ADX/BTC,1593132208040,2020-06-26T00:43:28.040Z,buy,1.142e-05,583.0,0.00665786
ADX/BTC,1593132208277,2020-06-26T00:43:28.277Z,buy,1.142e-05,41.0,0.00046822
ADX/BTC,1593132208679,2020-06-26T00:43:28.679Z,buy,1.142e-05,42.0,0.00047964
ADX/BTC,1593132208921,2020-06-26T00:43:28.921Z,buy,1.142e-05,42.0,0.00047964
ADX/BTC,1593132209316,2020-06-26T00:43:29.316Z,buy,1.142e-05,42.0,0.00047964
ADX/BTC,1593132209557,2020-06-26T00:43:29.557Z,buy,1.142e-05,42.0,0.00047964
ADX/BTC,1593132215073,2020-06-26T00:43:35.073Z,sell,1.141e-05,42.0,0.00047922
ADX/BTC,1593132215073,2020-06-26T00:43:35.073Z,sell,1.14e-05,323.0,0.0036821999999999
ADX/BTC,1593132218193,2020-06-26T00:43:38.193Z,buy,1.142e-05,4047.0,0.04621674
ADX/BTC,1593132218303,2020-06-26T00:43:38.303Z,buy,1.142e-05,1303.0,0.01488026
ADX/BTC,1593132220415,2020-06-26T00:43:40.415Z,sell,1.14e-05,603.0,0.0068742
ADX/BTC,1593132224915,2020-06-26T00:43:44.915Z,buy,1.142e-05,88.0,0.00100496
ADX/BTC,1593132229126,2020-06-26T00:43:49.126Z,sell,1.14e-05,324.0,0.0036935999999999
ADX/BTC,1593132230740,2020-06-26T00:43:50.740Z,sell,1.14e-05,325.0,0.003705
ADX/BTC,1593132232737,2020-06-26T00:43:52.737Z,buy,1.142e-05,55.0,0.0006281
ADX/BTC,1593132255067,2020-06-26T00:44:15.067Z,buy,1.142e-05,22.0,0.00025124
ADX/BTC,1593132260152,2020-06-26T00:44:20.152Z,buy,1.142e-05,11.0,0.00012562
ADX/BTC,1593132262476,2020-06-26T00:44:22.476Z,sell,1.139e-05,42.0,0.00047838
ADX/BTC,1593132262476,2020-06-26T00:44:22.476Z,sell,1.138e-05,36.0,0.00040968
ADX/BTC,1593132266554,2020-06-26T00:44:26.554Z,sell,1.138e-05,28.0,0.0003186399999999
ADX/BTC,1593132266554,2020-06-26T00:44:26.554Z,sell,1.137e-05,104.0,0.0011824799999999
ADX/BTC,1593132266554,2020-06-26T00:44:26.554Z,sell,1.136e-05,42.0,0.00047712
ADX/BTC,1593132266625,2020-06-26T00:44:26.625Z,buy,1.136e-05,1907.0,0.02166352
ADX/BTC,1593132281199,2020-06-26T00:44:41.199Z,buy,1.139e-05,11.0,0.00012529
ADX/BTC,1593132290327,2020-06-26T00:44:50.327Z,buy,1.139e-05,11.0,0.00012529
ADX/BTC,1593132301558,2020-06-26T00:45:01.558Z,sell,1.136e-05,377.0,0.00428272
ADX/BTC,1593132317694,2020-06-26T00:45:17.694Z,sell,1.136e-05,1081.0,0.01228016
ADX/BTC,1593132376846,2020-06-26T00:46:16.846Z,buy,1.137e-05,11.0,0.00012507
ADX/BTC,1593132378052,2020-06-26T00:46:18.052Z,buy,1.137e-05,649.0,0.0073791299999999
ADX/BTC,1593132407670,2020-06-26T00:46:47.670Z,sell,1.136e-05,377.0,0.00428272
ADX/BTC,1593132427759,2020-06-26T00:47:07.759Z,sell,1.136e-05,377.0,0.00428272
ADX/BTC,1593132431759,2020-06-26T00:47:11.759Z,sell,1.136e-05,377.0,0.00428272
ADX/BTC,1593132436642,2020-06-26T00:47:16.642Z,sell,1.136e-05,377.0,0.00428272
ADX/BTC,1593132439081,2020-06-26T00:47:19.081Z,sell,1.136e-05,437.0,0.0049643199999999
ADX/BTC,1593132483603,2020-06-26T00:48:03.603Z,sell,1.136e-05,377.0,0.00428272
ADX/BTC,1593132488160,2020-06-26T00:48:08.160Z,sell,1.136e-05,184.0,0.00209024
ADX/BTC,1593132498219,2020-06-26T00:48:18.219Z,sell,1.135e-05,193.0,0.00219055
ADX/BTC,1593132501110,2020-06-26T00:48:21.110Z,buy,1.137e-05,97.0,0.00110289
ADX/BTC,1593132516038,2020-06-26T00:48:36.038Z,buy,1.137e-05,943.0,0.01072191
ADX/BTC,1593132564441,2020-06-26T00:49:24.441Z,buy,1.139e-05,2780.0,0.0316641999999999
ADX/BTC,1593132566565,2020-06-26T00:49:26.565Z,buy,1.14e-05,1448.0,0.0165072
ADX/BTC,1593132569117,2020-06-26T00:49:29.117Z,sell,1.139e-05,1136.0,0.0129390399999999
ADX/BTC,1593132572182,2020-06-26T00:49:32.182Z,sell,1.139e-05,263.0,0.00299557
ADX/BTC,1593132573155,2020-06-26T00:49:33.155Z,buy,1.141e-05,18139.0,0.20696599
ADX/BTC,1593132573232,2020-06-26T00:49:33.232Z,sell,1.141e-05,102.0,0.0011638199999999
ADX/BTC,1593132573635,2020-06-26T00:49:33.635Z,sell,1.141e-05,9367.0,0.1068774699999999
ADX/BTC,1593132574172,2020-06-26T00:49:34.172Z,sell,1.139e-05,659.0,0.00750601
ADX/BTC,1593132576193,2020-06-26T00:49:36.193Z,sell,1.139e-05,439.0,0.00500021
ADX/BTC,1593132576222,2020-06-26T00:49:36.222Z,buy,1.141e-05,97.0,0.00110677
ADX/BTC,1593132584187,2020-06-26T00:49:44.187Z,sell,1.139e-05,1314.0,0.01496646
ADX/BTC,1593132585180,2020-06-26T00:49:45.180Z,sell,1.139e-05,3880.0,0.0441931999999999
ADX/BTC,1593132591111,2020-06-26T00:49:51.111Z,sell,1.139e-05,18512.0,0.2108516799999999
ADX/BTC,1593132592737,2020-06-26T00:49:52.737Z,sell,1.137e-05,42.0,0.00047754
ADX/BTC,1593132592737,2020-06-26T00:49:52.737Z,sell,1.136e-05,42.0,0.00047712
ADX/BTC,1593132598373,2020-06-26T00:49:58.373Z,buy,1.139e-05,910.0,0.0103649
ADX/BTC,1593132658655,2020-06-26T00:50:58.655Z,sell,1.137e-05,1324.0,0.0150538799999999
ADX/BTC,1593132677515,2020-06-26T00:51:17.515Z,sell,1.137e-05,1.0,1.137e-05
ADX/BTC,1593132678627,2020-06-26T00:51:18.627Z,sell,1.135e-05,9.0,0.00010215
ADX/BTC,1593132911653,2020-06-26T00:55:11.653Z,sell,1.135e-05,377.0,0.00427895
ADX/BTC,1593133066770,2020-06-26T00:57:46.770Z,buy,1.138e-05,502.0,0.00571276
ADX/BTC,1593133188170,2020-06-26T00:59:48.170Z,sell,1.135e-05,617.0,0.00700295
ADX/BTC,1593133234145,2020-06-26T01:00:34.145Z,sell,1.137e-05,1138.0,0.0129390599999999
ADX/BTC,1593133236190,2020-06-26T01:00:36.190Z,sell,1.137e-05,1308.0,0.01487196
ADX/BTC,1593133237410,2020-06-26T01:00:37.410Z,buy,1.139e-05,272.0,0.00309808
ADX/BTC,1593133237928,2020-06-26T01:00:37.928Z,sell,1.139e-05,606.0,0.00690234
ADX/BTC,1593133238208,2020-06-26T01:00:38.208Z,sell,1.137e-05,1308.0,0.01487196
ADX/BTC,1593133242182,2020-06-26T01:00:42.182Z,sell,1.137e-05,176.0,0.00200112
ADX/BTC,1593133244810,2020-06-26T01:00:44.810Z,sell,1.137e-05,23.0,0.00026151
ADX/BTC,1593133244810,2020-06-26T01:00:44.810Z,sell,1.136e-05,149.0,0.00169264
ADX/BTC,1593133275017,2020-06-26T01:01:15.017Z,buy,1.139e-05,18.0,0.0002050199999999
ADX/BTC,1593133288736,2020-06-26T01:01:28.736Z,buy,1.139e-05,18883.0,0.21507737
ADX/BTC,1593133289128,2020-06-26T01:01:29.128Z,sell,1.139e-05,1139.0,0.0129732099999999
ADX/BTC,1593133290149,2020-06-26T01:01:30.149Z,sell,1.139e-05,1313.0,0.0149550699999999
ADX/BTC,1593133290691,2020-06-26T01:01:30.691Z,sell,1.139e-05,4153.0,0.04730267
ADX/BTC,1593133324873,2020-06-26T01:02:04.873Z,buy,1.14e-05,42.0,0.0004788
ADX/BTC,1593133324873,2020-06-26T01:02:04.873Z,buy,1.141e-05,42.0,0.00047922
ADX/BTC,1593133324873,2020-06-26T01:02:04.873Z,buy,1.142e-05,143.0,0.00163306
ADX/BTC,1593133325157,2020-06-26T01:02:05.157Z,sell,1.139e-05,9.0,0.0001025099999999
ADX/BTC,1593133357712,2020-06-26T01:02:37.712Z,buy,1.142e-05,613.0,0.00700046
ADX/BTC,1593133395694,2020-06-26T01:03:15.694Z,buy,1.142e-05,18.0,0.00020556
ADX/BTC,1593133486186,2020-06-26T01:04:46.186Z,sell,1.14e-05,1689.0,0.0192546
ADX/BTC,1593133564540,2020-06-26T01:06:04.540Z,buy,1.142e-05,876.0,0.01000392
ADX/BTC,1593133618395,2020-06-26T01:06:58.395Z,buy,1.142e-05,3862.0,0.04410404
ADX/BTC,1593133618395,2020-06-26T01:06:58.395Z,buy,1.143e-05,53.0,0.00060579
ADX/BTC,1593133618395,2020-06-26T01:06:58.395Z,buy,1.144e-05,730.0,0.0083512
ADX/BTC,1593133618395,2020-06-26T01:06:58.395Z,buy,1.145e-05,172.0,0.0019694
ADX/BTC,1593133618395,2020-06-26T01:06:58.395Z,buy,1.146e-05,2275.0,0.0260715
ADX/BTC,1593133618395,2020-06-26T01:06:58.395Z,buy,1.147e-05,53.0,0.00060791
ADX/BTC,1593133618395,2020-06-26T01:06:58.395Z,buy,1.148e-05,817.0,0.00937916
ADX/BTC,1593133620874,2020-06-26T01:07:00.874Z,sell,1.143e-05,42.0,0.00048006
ADX/BTC,1593133621265,2020-06-26T01:07:01.265Z,sell,1.144e-05,42.0,0.00048048
ADX/BTC,1593133622263,2020-06-26T01:07:02.263Z,buy,1.148e-05,96.0,0.00110208
ADX/BTC,1593133622415,2020-06-26T01:07:02.415Z,sell,1.146e-05,26.0,0.00029796
ADX/BTC,1593133638141,2020-06-26T01:07:18.141Z,sell,1.146e-05,12.0,0.00013752
ADX/BTC,1593133638141,2020-06-26T01:07:18.141Z,sell,1.142e-05,42.0,0.00047964
ADX/BTC,1593133638789,2020-06-26T01:07:18.789Z,buy,1.142e-05,42.0,0.00047964
ADX/BTC,1593133638789,2020-06-26T01:07:18.789Z,buy,1.147e-05,13.0,0.00014911
ADX/BTC,1593133640585,2020-06-26T01:07:20.585Z,sell,1.141e-05,42.0,0.00047922
ADX/BTC,1593133640585,2020-06-26T01:07:20.585Z,sell,1.14e-05,278.0,0.0031691999999999
ADX/BTC,1593133640946,2020-06-26T01:07:20.946Z,sell,1.14e-05,320.0,0.0036479999999999
ADX/BTC,1593133646028,2020-06-26T01:07:26.028Z,buy,1.145e-05,42.0,0.0004809
ADX/BTC,1593133646028,2020-06-26T01:07:26.028Z,buy,1.146e-05,42.0,0.00048132
ADX/BTC,1593133646028,2020-06-26T01:07:26.028Z,buy,1.147e-05,29.0,0.00033263
ADX/BTC,1593133646028,2020-06-26T01:07:26.028Z,buy,1.148e-05,1870.0,0.0214676
ADX/BTC,1593133647352,2020-06-26T01:07:27.352Z,sell,1.141e-05,382.0,0.00435862
ADX/BTC,1593133647352,2020-06-26T01:07:27.352Z,sell,1.14e-05,884.0,0.0100775999999999
ADX/BTC,1593133654818,2020-06-26T01:07:34.818Z,buy,1.144e-05,485.0,0.0055484
ADX/BTC,1593133657718,2020-06-26T01:07:37.718Z,buy,1.144e-05,160.0,0.0018304
ADX/BTC,1593133668174,2020-06-26T01:07:48.174Z,sell,1.143e-05,42.0,0.00048006
ADX/BTC,1593133668174,2020-06-26T01:07:48.174Z,sell,1.142e-05,42.0,0.00047964
ADX/BTC,1593133672146,2020-06-26T01:07:52.146Z,sell,1.141e-05,42.0,0.00047922
ADX/BTC,1593133672146,2020-06-26T01:07:52.146Z,sell,1.14e-05,396.0,0.0045144
ADX/BTC,1593133677977,2020-06-26T01:07:57.977Z,buy,1.142e-05,42.0,0.00047964
ADX/BTC,1593133677977,2020-06-26T01:07:57.977Z,buy,1.145e-05,42.0,0.0004809
ADX/BTC,1593133677977,2020-06-26T01:07:57.977Z,buy,1.146e-05,42.0,0.00048132
ADX/BTC,1593133677977,2020-06-26T01:07:57.977Z,buy,1.147e-05,424.0,0.00486328
ADX/BTC,1593133677977,2020-06-26T01:07:57.977Z,buy,1.148e-05,1277.0,0.01465996
ADX/BTC,1593133682193,2020-06-26T01:08:02.193Z,sell,1.144e-05,42.0,0.00048048
ADX/BTC,1593133682193,2020-06-26T01:08:02.193Z,sell,1.143e-05,42.0,0.00048006
ADX/BTC,1593133707072,2020-06-26T01:08:27.072Z,buy,1.143e-05,11.0,0.00012573
ADX/BTC,1593133709234,2020-06-26T01:08:29.234Z,buy,1.143e-05,11.0,0.00012573
ADX/BTC,1593133741436,2020-06-26T01:09:01.436Z,buy,1.143e-05,20.0,0.0002286
ADX/BTC,1593133741436,2020-06-26T01:09:01.436Z,buy,1.146e-05,11.0,0.00012606
ADX/BTC,1593133741436,2020-06-26T01:09:01.436Z,buy,1.147e-05,53.0,0.00060791
ADX/BTC,1593133741436,2020-06-26T01:09:01.436Z,buy,1.148e-05,974.0,0.01118152
ADX/BTC,1593133750181,2020-06-26T01:09:10.181Z,sell,1.144e-05,42.0,0.00048048
ADX/BTC,1593133750181,2020-06-26T01:09:10.181Z,sell,1.143e-05,42.0,0.00048006
ADX/BTC,1593133785488,2020-06-26T01:09:45.488Z,buy,1.143e-05,11.0,0.00012573
ADX/BTC,1593133823733,2020-06-26T01:10:23.733Z,sell,1.142e-05,10.0,0.0001142
ADX/BTC,1593133823733,2020-06-26T01:10:23.733Z,sell,1.142e-05,17.0,0.00019414
ADX/BTC,1593133911885,2020-06-26T01:11:51.885Z,sell,1.142e-05,15.0,0.0001713
ADX/BTC,1593133911885,2020-06-26T01:11:51.885Z,sell,1.141e-05,42.0,0.00047922
ADX/BTC,1593133911885,2020-06-26T01:11:51.885Z,sell,1.14e-05,418.0,0.0047652
ADX/BTC,1593133911885,2020-06-26T01:11:51.885Z,sell,1.139e-05,2632.0,0.02997848
ADX/BTC,1593133914134,2020-06-26T01:11:54.134Z,sell,1.141e-05,175.0,0.00199675
ADX/BTC,1593133917103,2020-06-26T01:11:57.103Z,sell,1.139e-05,57.0,0.00064923
ADX/BTC,1593133917103,2020-06-26T01:11:57.103Z,sell,1.138e-05,206.0,0.00234428
ADX/BTC,1593133924113,2020-06-26T01:12:04.113Z,sell,1.138e-05,33.0,0.00037554
ADX/BTC,1593133924113,2020-06-26T01:12:04.113Z,sell,1.137e-05,187.0,0.00212619
ADX/BTC,1593133939198,2020-06-26T01:12:19.198Z,sell,1.137e-05,5.0,5.685e-05
ADX/BTC,1593133939198,2020-06-26T01:12:19.198Z,sell,1.136e-05,42.0,0.00047712
ADX/BTC,1593133939198,2020-06-26T01:12:19.198Z,sell,1.135e-05,437.0,0.00495995
ADX/BTC,1593133953934,2020-06-26T01:12:33.934Z,buy,1.139e-05,11.0,0.00012529
ADX/BTC,1593134106988,2020-06-26T01:15:06.988Z,buy,1.139e-05,22.0,0.00025058
ADX/BTC,1593134172423,2020-06-26T01:16:12.423Z,buy,1.139e-05,99.0,0.00112761
ADX/BTC,1593134172423,2020-06-26T01:16:12.423Z,buy,1.14e-05,42.0,0.0004788
ADX/BTC,1593134172423,2020-06-26T01:16:12.423Z,buy,1.141e-05,42.0,0.00047922
ADX/BTC,1593134172433,2020-06-26T01:16:12.433Z,sell,1.141e-05,5639.0,0.06434099
ADX/BTC,1593134580108,2020-06-26T01:23:00.108Z,sell,1.137e-05,42.0,0.00047754
ADX/BTC,1593134580108,2020-06-26T01:23:00.108Z,sell,1.136e-05,42.0,0.00047712
ADX/BTC,1593134580108,2020-06-26T01:23:00.108Z,sell,1.135e-05,2177.0,0.02470895
ADX/BTC,1593134580108,2020-06-26T01:23:00.108Z,sell,1.134e-05,8318.0,0.09432612
ADX/BTC,1593134580108,2020-06-26T01:23:00.108Z,sell,1.137e-05,42.0,0.00047754
ADX/BTC,1593134580108,2020-06-26T01:23:00.108Z,sell,1.136e-05,42.0,0.00047712
ADX/BTC,1593134580108,2020-06-26T01:23:00.108Z,sell,1.135e-05,2177.0,0.02470895
ADX/BTC,1593134580108,2020-06-26T01:23:00.108Z,sell,1.134e-05,8318.0,0.09432612
ADX/BTC,1593134628696,2020-06-26T01:23:48.696Z,sell,1.135e-05,29.0,0.00032915
ADX/BTC,1593134628712,2020-06-26T01:23:48.712Z,buy,1.135e-05,880.0,0.009988
ADX/BTC,1593134630448,2020-06-26T01:23:50.448Z,sell,1.134e-05,36.0,0.00040824
ADX/BTC,1593134673015,2020-06-26T01:24:33.015Z,sell,1.134e-05,9967.0,0.1130257799999999
ADX/BTC,1593134673125,2020-06-26T01:24:33.125Z,sell,1.134e-05,1145.0,0.0129842999999999
ADX/BTC,1593134737428,2020-06-26T01:25:37.428Z,sell,1.134e-05,18.0,0.00020412
ADX/BTC,1593134744206,2020-06-26T01:25:44.206Z,sell,1.134e-05,1322.0,0.01499148
ADX/BTC,1593134746232,2020-06-26T01:25:46.232Z,sell,1.134e-05,1145.0,0.0129842999999999
ADX/BTC,1593134750176,2020-06-26T01:25:50.176Z,sell,1.134e-05,708.0,0.00802872
ADX/BTC,1593134756142,2020-06-26T01:25:56.142Z,sell,1.134e-05,1145.0,0.0129842999999999
ADX/BTC,1593134756149,2020-06-26T01:25:56.149Z,sell,1.134e-05,1321.0,0.01498014
ADX/BTC,1593134759181,2020-06-26T01:25:59.181Z,sell,1.134e-05,1145.0,0.0129842999999999
ADX/BTC,1593134760191,2020-06-26T01:26:00.191Z,sell,1.134e-05,310.0,0.0035154
ADX/BTC,1593134762200,2020-06-26T01:26:02.200Z,sell,1.134e-05,1145.0,0.0129842999999999
ADX/BTC,1593134764207,2020-06-26T01:26:04.207Z,sell,1.134e-05,1321.0,0.01498014
ADX/BTC,1593134766137,2020-06-26T01:26:06.137Z,sell,1.134e-05,1017.0,0.01153278
ADX/BTC,1593134770153,2020-06-26T01:26:10.153Z,sell,1.134e-05,1321.0,0.01498014
ADX/BTC,1593134771108,2020-06-26T01:26:11.108Z,sell,1.134e-05,1139.0,0.01291626
ADX/BTC,1593134774170,2020-06-26T01:26:14.170Z,sell,1.134e-05,735.0,0.0083349
ADX/BTC,1593134774253,2020-06-26T01:26:14.253Z,sell,1.134e-05,1314.0,0.0149007599999999
ADX/BTC,1593134776148,2020-06-26T01:26:16.148Z,sell,1.134e-05,1140.0,0.0129276
ADX/BTC,1593134778901,2020-06-26T01:26:18.901Z,sell,1.134e-05,392.0,0.00444528
ADX/BTC,1593134780188,2020-06-26T01:26:20.188Z,sell,1.134e-05,1147.0,0.01300698
ADX/BTC,1593134781471,2020-06-26T01:26:21.471Z,sell,1.134e-05,24.0,0.00027216
ADX/BTC,1593134781471,2020-06-26T01:26:21.471Z,sell,1.133e-05,800.0,0.009064
ADX/BTC,1593134783119,2020-06-26T01:26:23.119Z,sell,1.132e-05,1142.0,0.01292744
ADX/BTC,1593134785188,2020-06-26T01:26:25.188Z,sell,1.132e-05,1142.0,0.01292744
ADX/BTC,1593134788177,2020-06-26T01:26:28.177Z,sell,1.132e-05,1142.0,0.01292744
ADX/BTC,1593134793165,2020-06-26T01:26:33.165Z,sell,1.132e-05,1142.0,0.01292744
ADX/BTC,1593134796273,2020-06-26T01:26:36.273Z,sell,1.132e-05,1317.0,0.01490844
ADX/BTC,1593134798200,2020-06-26T01:26:38.200Z,sell,1.132e-05,1142.0,0.01292744
ADX/BTC,1593134800425,2020-06-26T01:26:40.425Z,buy,1.136e-05,11.0,0.00012496
ADX/BTC,1593134800977,2020-06-26T01:26:40.977Z,sell,1.132e-05,395.0,0.0044714
ADX/BTC,1593134802914,2020-06-26T01:26:42.914Z,sell,1.132e-05,2328.0,0.02635296
ADX/BTC,1593134832063,2020-06-26T01:27:12.063Z,sell,1.132e-05,721.0,0.00816172
ADX/BTC,1593134832560,2020-06-26T01:27:12.560Z,buy,1.136e-05,11.0,0.00012496
ADX/BTC,1593134838578,2020-06-26T01:27:18.578Z,sell,1.131e-05,675.0,0.00763425
ADX/BTC,1593134842203,2020-06-26T01:27:22.203Z,sell,1.13e-05,845.0,0.0095485
ADX/BTC,1593134842203,2020-06-26T01:27:22.203Z,sell,1.129e-05,42.0,0.00047418
ADX/BTC,1593134842203,2020-06-26T01:27:22.203Z,sell,1.128e-05,136.0,0.00153408
ADX/BTC,1593134842203,2020-06-26T01:27:22.203Z,sell,1.127e-05,947.0,0.01067269
ADX/BTC,1593134842209,2020-06-26T01:27:22.209Z,buy,1.127e-05,1078.0,0.01214906
ADX/BTC,1593134844996,2020-06-26T01:27:24.996Z,sell,1.127e-05,43.0,0.00048461
ADX/BTC,1593134845256,2020-06-26T01:27:25.256Z,buy,1.131e-05,11.0,0.00012441
ADX/BTC,1593134878208,2020-06-26T01:27:58.208Z,buy,1.128e-05,22.0,0.00024816
ADX/BTC,1593134879247,2020-06-26T01:27:59.247Z,sell,1.126e-05,17.0,0.00019142
ADX/BTC,1593134891364,2020-06-26T01:28:11.364Z,buy,1.127e-05,29.0,0.00032683
ADX/BTC,1593134932416,2020-06-26T01:28:52.416Z,buy,1.128e-05,4.0,4.512e-05
ADX/BTC,1593134961381,2020-06-26T01:29:21.381Z,sell,1.126e-05,247.0,0.00278122
ADX/BTC,1593134962632,2020-06-26T01:29:22.632Z,sell,1.125e-05,262.0,0.0029475
ADX/BTC,1593134962632,2020-06-26T01:29:22.632Z,sell,1.125e-05,294.0,0.0033075
ADX/BTC,1593134962747,2020-06-26T01:29:22.747Z,sell,1.125e-05,1487.0,0.01672875
ADX/BTC,1593134965154,2020-06-26T01:29:25.154Z,sell,1.125e-05,1439.0,0.01618875
ADX/BTC,1593134965669,2020-06-26T01:29:25.669Z,sell,1.124e-05,490.0,0.0055076
ADX/BTC,1593134968595,2020-06-26T01:29:28.595Z,sell,1.124e-05,135.0,0.0015174
ADX/BTC,1593134968708,2020-06-26T01:29:28.708Z,buy,1.124e-05,40.0,0.0004496
ADX/BTC,1593134971514,2020-06-26T01:29:31.514Z,buy,1.124e-05,100.0,0.001124
ADX/BTC,1593135000453,2020-06-26T01:30:00.453Z,buy,1.124e-05,385.0,0.0043274
ADX/BTC,1593135000453,2020-06-26T01:30:00.453Z,buy,1.125e-05,852.0,0.009585
ADX/BTC,1593135000471,2020-06-26T01:30:00.471Z,sell,1.126e-05,1375.0,0.0154825
ADX/BTC,1593135000528,2020-06-26T01:30:00.528Z,sell,1.126e-05,1284.0,0.01445784
ADX/BTC,1593135000609,2020-06-26T01:30:00.609Z,sell,1.126e-05,11.0,0.00012386
ADX/BTC,1593135001972,2020-06-26T01:30:01.972Z,buy,1.127e-05,101.0,0.00113827
ADX/BTC,1593135043273,2020-06-26T01:30:43.273Z,sell,1.126e-05,4069.0,0.04581694
ADX/BTC,1593135043273,2020-06-26T01:30:43.273Z,sell,1.123e-05,2384.0,0.02677232
ADX/BTC,1593135043273,2020-06-26T01:30:43.273Z,sell,1.122e-05,423.0,0.00474606
ADX/BTC,1593135068597,2020-06-26T01:31:08.597Z,buy,1.126e-05,9.0,0.00010134
ADX/BTC,1593135206989,2020-06-26T01:33:26.989Z,buy,1.126e-05,33.0,0.00037158
ADX/BTC,1593135258413,2020-06-26T01:34:18.413Z,buy,1.127e-05,1275.0,0.01436925
ADX/BTC,1593135318012,2020-06-26T01:35:18.012Z,buy,1.128e-05,42.0,0.00047376
ADX/BTC,1593135365136,2020-06-26T01:36:05.136Z,buy,1.129e-05,51.0,0.00057579
ADX/BTC,1593135386802,2020-06-26T01:36:26.802Z,buy,1.13e-05,42.0,0.0004746
ADX/BTC,1593135386802,2020-06-26T01:36:26.802Z,buy,1.131e-05,317.0,0.00358527
ADX/BTC,1593135436371,2020-06-26T01:37:16.371Z,buy,1.131e-05,2141.0,0.02421471
ADX/BTC,1593135443336,2020-06-26T01:37:23.336Z,buy,1.131e-05,1131.0,0.01279161
ADX/BTC,1593135491656,2020-06-26T01:38:11.656Z,buy,1.131e-05,5615.0,0.06350565
ADX/BTC,1593135497354,2020-06-26T01:38:17.354Z,buy,1.132e-05,62.0,0.00070184
ADX/BTC,1593135497354,2020-06-26T01:38:17.354Z,buy,1.133e-05,640.0,0.0072512
ADX/BTC,1593135497354,2020-06-26T01:38:17.354Z,buy,1.134e-05,58.0,0.00065772
ADX/BTC,1593135497354,2020-06-26T01:38:17.354Z,buy,1.135e-05,259.0,0.00293965
ADX/BTC,1593135497354,2020-06-26T01:38:17.354Z,buy,1.136e-05,7633.0,0.08671088
ADX/BTC,1593135502119,2020-06-26T01:38:22.119Z,sell,1.132e-05,42.0,0.00047544
ADX/BTC,1593135502119,2020-06-26T01:38:22.119Z,sell,1.131e-05,42.0,0.00047502
ADX/BTC,1593135502137,2020-06-26T01:38:22.137Z,buy,1.131e-05,42.0,0.00047502
ADX/BTC,1593135504120,2020-06-26T01:38:24.120Z,sell,1.13e-05,266.0,0.0030058
ADX/BTC,1593135518498,2020-06-26T01:38:38.498Z,buy,1.134e-05,401.0,0.0045473399999999
ADX/BTC,1593135518498,2020-06-26T01:38:38.498Z,buy,1.135e-05,42.0,0.0004767
ADX/BTC,1593135518498,2020-06-26T01:38:38.498Z,buy,1.136e-05,1061.0,0.01205296
ADX/BTC,1593135518498,2020-06-26T01:38:38.498Z,buy,1.137e-05,115.0,0.00130755
ADX/BTC,1593135518498,2020-06-26T01:38:38.498Z,buy,1.138e-05,75.0,0.0008535
ADX/BTC,1593135518498,2020-06-26T01:38:38.498Z,buy,1.139e-05,17435.0,0.19858465
ADX/BTC,1593135535458,2020-06-26T01:38:55.458Z,buy,1.14e-05,3.0,3.42e-05
ADX/BTC,1593135611868,2020-06-26T01:40:11.868Z,buy,1.14e-05,18.0,0.0002052
ADX/BTC,1593135671140,2020-06-26T01:41:11.140Z,sell,1.135e-05,42.0,0.0004767
ADX/BTC,1593135671140,2020-06-26T01:41:11.140Z,sell,1.134e-05,42.0,0.00047628
ADX/BTC,1593135671156,2020-06-26T01:41:11.156Z,buy,1.134e-05,42.0,0.00047628
ADX/BTC,1593135671628,2020-06-26T01:41:11.628Z,sell,1.133e-05,416.0,0.00471328
ADX/BTC,1593135686848,2020-06-26T01:41:26.848Z,buy,1.134e-05,11.0,0.00012474
ADX/BTC,1593135739255,2020-06-26T01:42:19.255Z,buy,1.134e-05,11.0,0.00012474
ADX/BTC,1593135784156,2020-06-26T01:43:04.156Z,sell,1.132e-05,42.0,0.00047544
ADX/BTC,1593135784156,2020-06-26T01:43:04.156Z,sell,1.131e-05,64.0,0.00072384
ADX/BTC,1593135784156,2020-06-26T01:43:04.156Z,sell,1.13e-05,779.0,0.0088027
ADX/BTC,1593135810438,2020-06-26T01:43:30.438Z,buy,1.132e-05,79.0,0.00089428
ADX/BTC,1593135888585,2020-06-26T01:44:48.585Z,buy,1.132e-05,9.0,0.00010188
ADX/BTC,1593136005135,2020-06-26T01:46:45.135Z,sell,1.13e-05,15.0,0.0001695
ADX/BTC,1593136005135,2020-06-26T01:46:45.135Z,sell,1.129e-05,64.0,0.00072256
ADX/BTC,1593136005135,2020-06-26T01:46:45.135Z,sell,1.128e-05,104.0,0.00117312
ADX/BTC,1593136005135,2020-06-26T01:46:45.135Z,sell,1.127e-05,2468.0,0.02781436
ADX/BTC,1593136123518,2020-06-26T01:48:43.518Z,buy,1.131e-05,11.0,0.00012441
ADX/BTC,1593136354133,2020-06-26T01:52:34.133Z,sell,1.128e-05,843.0,0.00950904
ADX/BTC,1593136355469,2020-06-26T01:52:35.469Z,sell,1.128e-05,28.0,0.00031584
ADX/BTC,1593136355469,2020-06-26T01:52:35.469Z,sell,1.127e-05,2342.0,0.02639434
ADX/BTC,1593136356166,2020-06-26T01:52:36.166Z,sell,1.127e-05,1326.0,0.01494402
ADX/BTC,1593136519626,2020-06-26T01:55:19.626Z,buy,1.13e-05,297.0,0.0033561
ADX/BTC,1593136519626,2020-06-26T01:55:19.626Z,buy,1.131e-05,31.0,0.00035061
ADX/BTC,1593136519635,2020-06-26T01:55:19.635Z,sell,1.131e-05,919.0,0.01039389
ADX/BTC,1593136524647,2020-06-26T01:55:24.647Z,buy,1.131e-05,14.0,0.00015834
ADX/BTC,1593136537719,2020-06-26T01:55:37.719Z,buy,1.132e-05,42.0,0.00047544
ADX/BTC,1593136561884,2020-06-26T01:56:01.884Z,buy,1.133e-05,42.0,0.00047586
ADX/BTC,1593136574464,2020-06-26T01:56:14.464Z,sell,1.133e-05,377.0,0.00427141
ADX/BTC,1593136578151,2020-06-26T01:56:18.151Z,sell,1.133e-05,1147.0,0.01299551
ADX/BTC,1593136579109,2020-06-26T01:56:19.109Z,sell,1.133e-05,1147.0,0.01299551
ADX/BTC,1593136590638,2020-06-26T01:56:30.638Z,buy,1.134e-05,42.0,0.00047628
ADX/BTC,1593136591059,2020-06-26T01:56:31.059Z,sell,1.134e-05,7941.0,0.09005094
