symbol,timestamp,datetime,side,price,amount,btc_volume
APPC/BTC,1606320020318,2020-11-25T16:00:20.318Z,sell,1.36e-06,719.0,0.00097784
APPC/BTC,1606320120081,2020-11-25T16:02:00.081Z,buy,1.37e-06,254.0,0.00034798
APPC/BTC,1606320126280,2020-11-25T16:02:06.280Z,buy,1.37e-06,412.0,0.00056444
APPC/BTC,1606320207456,2020-11-25T16:03:27.456Z,sell,1.36e-06,4465.0,0.0060723999999999
APPC/BTC,1606320244467,2020-11-25T16:04:04.467Z,buy,1.37e-06,557.0,0.00076309
APPC/BTC,1606320457228,2020-11-25T16:07:37.228Z,buy,1.37e-06,364.0,0.00049868
APPC/BTC,1606320534269,2020-11-25T16:08:54.269Z,buy,1.37e-06,386.0,0.00052882
APPC/BTC,1606320679642,2020-11-25T16:11:19.642Z,buy,1.37e-06,301.0,0.00041237
APPC/BTC,1606320747031,2020-11-25T16:12:27.031Z,buy,1.37e-06,131.0,0.00017947
APPC/BTC,1606320810835,2020-11-25T16:13:30.835Z,buy,1.37e-06,115.0,0.00015755
APPC/BTC,1606320815377,2020-11-25T16:13:35.377Z,buy,1.37e-06,37686.0,0.05162982
APPC/BTC,1606320856716,2020-11-25T16:14:16.716Z,buy,1.37e-06,254.0,0.00034798
APPC/BTC,1606321065139,2020-11-25T16:17:45.139Z,buy,1.37e-06,742.0,0.00101654
APPC/BTC,1606321077314,2020-11-25T16:17:57.314Z,sell,1.36e-06,9345.0,0.0127091999999999
APPC/BTC,1606321096869,2020-11-25T16:18:16.869Z,sell,1.35e-06,425.0,0.00057375
APPC/BTC,1606321226516,2020-11-25T16:20:26.516Z,buy,1.36e-06,88.0,0.0001196799999999
APPC/BTC,1606321244320,2020-11-25T16:20:44.320Z,sell,1.35e-06,813.0,0.00109755
APPC/BTC,1606321247441,2020-11-25T16:20:47.441Z,buy,1.36e-06,328.0,0.0004460799999999
APPC/BTC,1606321352813,2020-11-25T16:22:32.813Z,buy,1.36e-06,1766.0,0.0024017599999999
APPC/BTC,1606321364136,2020-11-25T16:22:44.136Z,buy,1.37e-06,5663.0,0.00775831
APPC/BTC,1606321514527,2020-11-25T16:25:14.527Z,buy,1.37e-06,43795.0,0.05999915
APPC/BTC,1606321921203,2020-11-25T16:32:01.203Z,buy,1.37e-06,11026.0,0.01510562
APPC/BTC,1606321971259,2020-11-25T16:32:51.259Z,sell,1.36e-06,13819.0,0.01879384
APPC/BTC,1606321972659,2020-11-25T16:32:52.659Z,sell,1.36e-06,27993.0,0.03807048
APPC/BTC,1606322099556,2020-11-25T16:34:59.556Z,buy,1.36e-06,310.0,0.0004215999999999
APPC/BTC,1606322099662,2020-11-25T16:34:59.662Z,sell,1.36e-06,2213.0,0.00300968
APPC/BTC,1606322202775,2020-11-25T16:36:42.775Z,sell,1.35e-06,7286.0,0.0098361
APPC/BTC,1606322202819,2020-11-25T16:36:42.819Z,buy,1.35e-06,2305.0,0.00311175
APPC/BTC,1606322202820,2020-11-25T16:36:42.820Z,buy,1.35e-06,1558.0,0.0021033
APPC/BTC,1606322203046,2020-11-25T16:36:43.046Z,buy,1.35e-06,982.0,0.0013257
APPC/BTC,1606322203745,2020-11-25T16:36:43.745Z,buy,1.35e-06,1839.0,0.00248265
APPC/BTC,1606322227742,2020-11-25T16:37:07.742Z,sell,1.34e-06,1839.0,0.00246426
APPC/BTC,1606322231142,2020-11-25T16:37:11.142Z,buy,1.35e-06,99.0,0.00013365
APPC/BTC,1606322238613,2020-11-25T16:37:18.613Z,buy,1.35e-06,340.0,0.000459
APPC/BTC,1606322247982,2020-11-25T16:37:27.982Z,buy,1.35e-06,5668.0,0.0076518
APPC/BTC,1606322251624,2020-11-25T16:37:31.624Z,buy,1.35e-06,89.0,0.0001201499999999
APPC/BTC,1606322254666,2020-11-25T16:37:34.666Z,buy,1.35e-06,123.0,0.00016605
APPC/BTC,1606322276047,2020-11-25T16:37:56.047Z,buy,1.35e-06,151.0,0.00020385
APPC/BTC,1606322305456,2020-11-25T16:38:25.456Z,buy,1.35e-06,243.0,0.00032805
APPC/BTC,1606322330241,2020-11-25T16:38:50.241Z,buy,1.35e-06,188.0,0.0002538
APPC/BTC,1606322359315,2020-11-25T16:39:19.315Z,buy,1.35e-06,246.0,0.0003321
APPC/BTC,1606322379658,2020-11-25T16:39:39.658Z,buy,1.35e-06,156.0,0.0002106
APPC/BTC,1606322379664,2020-11-25T16:39:39.664Z,buy,1.35e-06,171.0,0.00023085
APPC/BTC,1606322406218,2020-11-25T16:40:06.218Z,buy,1.35e-06,148.0,0.0001998
APPC/BTC,1606322451197,2020-11-25T16:40:51.197Z,buy,1.35e-06,139.0,0.00018765
APPC/BTC,1606322468119,2020-11-25T16:41:08.119Z,buy,1.35e-06,75.0,0.00010125
APPC/BTC,1606322473949,2020-11-25T16:41:13.949Z,buy,1.35e-06,188.0,0.0002538
APPC/BTC,1606322516669,2020-11-25T16:41:56.669Z,buy,1.35e-06,150.0,0.0002025
APPC/BTC,1606322526124,2020-11-25T16:42:06.124Z,buy,1.35e-06,5129.0,0.00692415
APPC/BTC,1606322541205,2020-11-25T16:42:21.205Z,buy,1.35e-06,104.0,0.0001404
APPC/BTC,1606322541426,2020-11-25T16:42:21.426Z,buy,1.35e-06,93.0,0.00012555
APPC/BTC,1606322556570,2020-11-25T16:42:36.570Z,buy,1.35e-06,1042.0,0.0014067
APPC/BTC,1606322568155,2020-11-25T16:42:48.155Z,buy,1.35e-06,131.0,0.00017685
APPC/BTC,1606322582104,2020-11-25T16:43:02.104Z,buy,1.35e-06,8646.0,0.0116721
APPC/BTC,1606322588371,2020-11-25T16:43:08.371Z,buy,1.35e-06,276.0,0.0003726
APPC/BTC,1606322588523,2020-11-25T16:43:08.523Z,buy,1.35e-06,145.0,0.00019575
APPC/BTC,1606322616056,2020-11-25T16:43:36.056Z,buy,1.35e-06,216.0,0.0002916
APPC/BTC,1606322616189,2020-11-25T16:43:36.189Z,buy,1.35e-06,216.0,0.0002916
APPC/BTC,1606322639512,2020-11-25T16:43:59.512Z,buy,1.35e-06,86.0,0.0001161
APPC/BTC,1606322660944,2020-11-25T16:44:20.944Z,buy,1.35e-06,265.0,0.00035775
APPC/BTC,1606322686299,2020-11-25T16:44:46.299Z,buy,1.35e-06,441.0,0.00059535
APPC/BTC,1606322686440,2020-11-25T16:44:46.440Z,buy,1.35e-06,91.0,0.00012285
APPC/BTC,1606322717462,2020-11-25T16:45:17.462Z,buy,1.35e-06,169.0,0.00022815
APPC/BTC,1606322740336,2020-11-25T16:45:40.336Z,buy,1.35e-06,124.0,0.0001674
APPC/BTC,1606322765937,2020-11-25T16:46:05.937Z,buy,1.35e-06,126.0,0.0001701
APPC/BTC,1606322786860,2020-11-25T16:46:26.860Z,buy,1.35e-06,691.0,0.00093285
APPC/BTC,1606322786997,2020-11-25T16:46:26.997Z,buy,1.35e-06,272.0,0.0003672
APPC/BTC,1606322807880,2020-11-25T16:46:47.880Z,buy,1.35e-06,110.0,0.0001485
APPC/BTC,1606322828209,2020-11-25T16:47:08.209Z,buy,1.35e-06,161.0,0.00021735
APPC/BTC,1606322829721,2020-11-25T16:47:09.721Z,sell,1.34e-06,16787.0,0.02249458
APPC/BTC,1606322852556,2020-11-25T16:47:32.556Z,buy,1.35e-06,523.0,0.00070605
APPC/BTC,1606322852698,2020-11-25T16:47:32.698Z,buy,1.35e-06,252.0,0.0003402
APPC/BTC,1606322853804,2020-11-25T16:47:33.804Z,sell,1.34e-06,750.0,0.001005
APPC/BTC,1606322874760,2020-11-25T16:47:54.760Z,buy,1.35e-06,136.0,0.0001836
APPC/BTC,1606322878131,2020-11-25T16:47:58.131Z,buy,1.35e-06,54269.0,0.07326315
APPC/BTC,1606322910647,2020-11-25T16:48:30.647Z,buy,1.36e-06,1151.0,0.0015653599999999
APPC/BTC,1606323074518,2020-11-25T16:51:14.518Z,sell,1.36e-06,10842.0,0.0147451199999999
APPC/BTC,1606323127953,2020-11-25T16:52:07.953Z,sell,1.36e-06,75.0,0.0001019999999999
APPC/BTC,1606323355686,2020-11-25T16:55:55.686Z,sell,1.36e-06,957.0,0.0013015199999999
APPC/BTC,1606323355686,2020-11-25T16:55:55.686Z,sell,1.36e-06,957.0,0.0013015199999999
APPC/BTC,1606323768539,2020-11-25T17:02:48.539Z,sell,1.36e-06,18083.0,0.0245928799999999
APPC/BTC,1606323768539,2020-11-25T17:02:48.539Z,sell,1.35e-06,3643.0,0.00491805
APPC/BTC,1606323768539,2020-11-25T17:02:48.539Z,sell,1.34e-06,2709.0,0.00363006
APPC/BTC,1606323857478,2020-11-25T17:04:17.478Z,buy,1.36e-06,7253.0,0.0098640799999999
APPC/BTC,1606323934583,2020-11-25T17:05:34.583Z,buy,1.36e-06,23166.0,0.03150576
APPC/BTC,1606323957118,2020-11-25T17:05:57.118Z,buy,1.36e-06,369.0,0.0005018399999999
APPC/BTC,1606323957118,2020-11-25T17:05:57.118Z,buy,1.37e-06,589.0,0.00080693
APPC/BTC,1606324957086,2020-11-25T17:22:37.086Z,sell,1.35e-06,167.0,0.00022545
APPC/BTC,1606325050056,2020-11-25T17:24:10.056Z,sell,1.35e-06,477.0,0.00064395
APPC/BTC,1606325391797,2020-11-25T17:29:51.797Z,buy,1.36e-06,173.0,0.0002352799999999
APPC/BTC,1606325435532,2020-11-25T17:30:35.532Z,sell,1.35e-06,173.0,0.00023355
APPC/BTC,1606325435924,2020-11-25T17:30:35.924Z,buy,1.36e-06,2914.0,0.0039630399999999
APPC/BTC,1606325517795,2020-11-25T17:31:57.795Z,buy,1.37e-06,3500.0,0.004795
APPC/BTC,1606325526441,2020-11-25T17:32:06.441Z,buy,1.37e-06,8949.0,0.01226013
APPC/BTC,1606325529085,2020-11-25T17:32:09.085Z,buy,1.37e-06,3524.0,0.00482788
APPC/BTC,1606325543097,2020-11-25T17:32:23.097Z,buy,1.37e-06,27900.0,0.038223
APPC/BTC,1606325568699,2020-11-25T17:32:48.699Z,buy,1.37e-06,1000.0,0.00137
APPC/BTC,1606325583451,2020-11-25T17:33:03.451Z,buy,1.37e-06,2286.0,0.00313182
APPC/BTC,1606325588283,2020-11-25T17:33:08.283Z,buy,1.37e-06,2385.0,0.00326745
APPC/BTC,1606325611250,2020-11-25T17:33:31.250Z,buy,1.37e-06,1250.0,0.0017125
APPC/BTC,1606325649955,2020-11-25T17:34:09.955Z,buy,1.37e-06,650.0,0.0008905
APPC/BTC,1606325694232,2020-11-25T17:34:54.232Z,buy,1.37e-06,4148.0,0.00568276
APPC/BTC,1606325888400,2020-11-25T17:38:08.400Z,sell,1.36e-06,17470.0,0.0237591999999999
APPC/BTC,1606325918023,2020-11-25T17:38:38.023Z,buy,1.36e-06,4010.0,0.0054535999999999
APPC/BTC,1606325978441,2020-11-25T17:39:38.441Z,buy,1.37e-06,1479.0,0.00202623
APPC/BTC,1606326088851,2020-11-25T17:41:28.851Z,buy,1.37e-06,7216.0,0.00988592
APPC/BTC,1606326162515,2020-11-25T17:42:42.515Z,buy,1.37e-06,31098.0,0.04260426
APPC/BTC,1606326181287,2020-11-25T17:43:01.287Z,buy,1.37e-06,4016.0,0.00550192
APPC/BTC,1606326214679,2020-11-25T17:43:34.679Z,buy,1.37e-06,1886.0,0.00258382
APPC/BTC,1606326247136,2020-11-25T17:44:07.136Z,sell,1.36e-06,306.0,0.0004161599999999
APPC/BTC,1606326368561,2020-11-25T17:46:08.561Z,buy,1.37e-06,100.0,0.000137
APPC/BTC,1606326821817,2020-11-25T17:53:41.817Z,sell,1.36e-06,4012.0,0.00545632
APPC/BTC,1606326876751,2020-11-25T17:54:36.751Z,sell,1.36e-06,2383.0,0.00324088
APPC/BTC,1606326912983,2020-11-25T17:55:12.983Z,buy,1.37e-06,30431.0,0.04169047
APPC/BTC,1606326912983,2020-11-25T17:55:12.983Z,buy,1.37e-06,30431.0,0.04169047
APPC/BTC,1606327093526,2020-11-25T17:58:13.526Z,buy,1.37e-06,1824.0,0.00249888
APPC/BTC,1606327160166,2020-11-25T17:59:20.166Z,sell,1.36e-06,229.0,0.0003114399999999
APPC/BTC,1606327309311,2020-11-25T18:01:49.311Z,buy,1.37e-06,4050.0,0.0055485
APPC/BTC,1606327322923,2020-11-25T18:02:02.923Z,buy,1.37e-06,678.0,0.00092886
APPC/BTC,1606327543093,2020-11-25T18:05:43.093Z,sell,1.37e-06,3776.0,0.00517312
APPC/BTC,1606327547106,2020-11-25T18:05:47.106Z,buy,1.38e-06,1400.0,0.001932
APPC/BTC,1606327589768,2020-11-25T18:06:29.768Z,buy,1.38e-06,18845.0,0.0260060999999999
APPC/BTC,1606327589796,2020-11-25T18:06:29.796Z,sell,1.38e-06,913.0,0.00125994
APPC/BTC,1606327621832,2020-11-25T18:07:01.832Z,sell,1.38e-06,120.0,0.0001656
APPC/BTC,1606327662698,2020-11-25T18:07:42.698Z,sell,1.38e-06,142.0,0.00019596
APPC/BTC,1606327698997,2020-11-25T18:08:18.997Z,sell,1.38e-06,115.0,0.0001586999999999
APPC/BTC,1606327746114,2020-11-25T18:09:06.114Z,buy,1.39e-06,371.0,0.00051569
APPC/BTC,1606327758593,2020-11-25T18:09:18.593Z,buy,1.39e-06,43165.0,0.05999935
APPC/BTC,1606327768873,2020-11-25T18:09:28.873Z,sell,1.38e-06,182.0,0.00025116
APPC/BTC,1606327790263,2020-11-25T18:09:50.263Z,sell,1.38e-06,107.0,0.0001476599999999
APPC/BTC,1606327802990,2020-11-25T18:10:02.990Z,buy,1.39e-06,560.0,0.0007784
APPC/BTC,1606327803441,2020-11-25T18:10:03.441Z,buy,1.39e-06,2924.0,0.00406436
APPC/BTC,1606327812567,2020-11-25T18:10:12.567Z,buy,1.39e-06,674.0,0.00093686
APPC/BTC,1606327816264,2020-11-25T18:10:16.264Z,buy,1.39e-06,2280.0,0.0031692
APPC/BTC,1606327816354,2020-11-25T18:10:16.354Z,buy,1.39e-06,1848.0,0.00256872
APPC/BTC,1606327819591,2020-11-25T18:10:19.591Z,buy,1.39e-06,14388.0,0.01999932
APPC/BTC,1606327821355,2020-11-25T18:10:21.355Z,buy,1.39e-06,172.0,0.00023908
APPC/BTC,1606327823426,2020-11-25T18:10:23.426Z,buy,1.4e-06,156999.0,0.2197985999999999
APPC/BTC,1606327823458,2020-11-25T18:10:23.458Z,sell,1.4e-06,3639.0,0.0050945999999999
APPC/BTC,1606327823459,2020-11-25T18:10:23.459Z,sell,1.4e-06,77.0,0.0001077999999999
APPC/BTC,1606327823465,2020-11-25T18:10:23.465Z,sell,1.4e-06,3651.0,0.0051113999999999
APPC/BTC,1606327823494,2020-11-25T18:10:23.494Z,sell,1.4e-06,237.0,0.0003318
APPC/BTC,1606327823502,2020-11-25T18:10:23.502Z,sell,1.4e-06,2814.0,0.0039396
APPC/BTC,1606327823677,2020-11-25T18:10:23.677Z,sell,1.4e-06,90.0,0.000126
APPC/BTC,1606327824837,2020-11-25T18:10:24.837Z,sell,1.4e-06,183.0,0.0002562
APPC/BTC,1606327831584,2020-11-25T18:10:31.584Z,buy,1.41e-06,3463.0,0.00488283
APPC/BTC,1606327837407,2020-11-25T18:10:37.407Z,buy,1.41e-06,1856.0,0.00261696
APPC/BTC,1606327838644,2020-11-25T18:10:38.644Z,buy,1.41e-06,765.0,0.00107865
APPC/BTC,1606327839772,2020-11-25T18:10:39.772Z,buy,1.41e-06,4989.0,0.00703449
APPC/BTC,1606327839772,2020-11-25T18:10:39.772Z,buy,1.42e-06,17173.0,0.02438566
APPC/BTC,1606327841458,2020-11-25T18:10:41.458Z,buy,1.41e-06,718.0,0.00101238
APPC/BTC,1606327841458,2020-11-25T18:10:41.458Z,buy,1.42e-06,1314.0,0.0018658799999999
APPC/BTC,1606327842200,2020-11-25T18:10:42.200Z,buy,1.42e-06,554.0,0.00078668
APPC/BTC,1606327842985,2020-11-25T18:10:42.985Z,buy,1.42e-06,352.0,0.00049984
APPC/BTC,1606327850189,2020-11-25T18:10:50.189Z,buy,1.42e-06,1384.0,0.00196528
APPC/BTC,1606327850445,2020-11-25T18:10:50.445Z,sell,1.42e-06,939.0,0.00133338
APPC/BTC,1606327851263,2020-11-25T18:10:51.263Z,sell,1.42e-06,4524.0,0.0064240799999999
APPC/BTC,1606327864075,2020-11-25T18:11:04.075Z,buy,1.43e-06,3901.0,0.00557843
APPC/BTC,1606327865430,2020-11-25T18:11:05.430Z,buy,1.43e-06,850.0,0.0012155
APPC/BTC,1606327873090,2020-11-25T18:11:13.090Z,buy,1.43e-06,1056.0,0.00151008
APPC/BTC,1606327873616,2020-11-25T18:11:13.616Z,buy,1.43e-06,5690.0,0.0081367
APPC/BTC,1606327875410,2020-11-25T18:11:15.410Z,buy,1.43e-06,5335.0,0.00762905
APPC/BTC,1606327877832,2020-11-25T18:11:17.832Z,buy,1.43e-06,1781.0,0.00254683
APPC/BTC,1606327879916,2020-11-25T18:11:19.916Z,buy,1.43e-06,3496.0,0.00499928
APPC/BTC,1606327886790,2020-11-25T18:11:26.790Z,buy,1.43e-06,704.0,0.00100672
APPC/BTC,1606327897868,2020-11-25T18:11:37.868Z,buy,1.43e-06,3463.0,0.00495209
APPC/BTC,1606327905384,2020-11-25T18:11:45.384Z,sell,1.42e-06,6368.0,0.00904256
APPC/BTC,1606327906048,2020-11-25T18:11:46.048Z,sell,1.42e-06,352.0,0.00049984
APPC/BTC,1606327906077,2020-11-25T18:11:46.077Z,sell,1.42e-06,27476.0,0.0390159199999999
APPC/BTC,1606327906092,2020-11-25T18:11:46.092Z,sell,1.42e-06,4286.0,0.0060861199999999
APPC/BTC,1606327907267,2020-11-25T18:11:47.267Z,buy,1.43e-06,2500.0,0.003575
APPC/BTC,1606327913759,2020-11-25T18:11:53.759Z,buy,1.43e-06,5000.0,0.00715
APPC/BTC,1606327918200,2020-11-25T18:11:58.200Z,buy,1.43e-06,300.0,0.000429
APPC/BTC,1606327941790,2020-11-25T18:12:21.790Z,sell,1.42e-06,2116.0,0.00300472
APPC/BTC,1606327943541,2020-11-25T18:12:23.541Z,buy,1.43e-06,613.0,0.00087659
APPC/BTC,1606327968069,2020-11-25T18:12:48.069Z,buy,1.43e-06,3657.0,0.00522951
APPC/BTC,1606327968175,2020-11-25T18:12:48.175Z,buy,1.43e-06,559.0,0.00079937
APPC/BTC,1606327971964,2020-11-25T18:12:51.964Z,buy,1.43e-06,1204.0,0.00172172
APPC/BTC,1606327976179,2020-11-25T18:12:56.179Z,buy,1.43e-06,6440.0,0.0092092
APPC/BTC,1606327988800,2020-11-25T18:13:08.800Z,buy,1.43e-06,1531.0,0.00218933
APPC/BTC,1606327990780,2020-11-25T18:13:10.780Z,buy,1.43e-06,5503.0,0.00786929
APPC/BTC,1606327998972,2020-11-25T18:13:18.972Z,buy,1.43e-06,5035.0,0.00720005
APPC/BTC,1606328000288,2020-11-25T18:13:20.288Z,buy,1.43e-06,5651.0,0.00808093
APPC/BTC,1606328007419,2020-11-25T18:13:27.419Z,buy,1.43e-06,538.0,0.00076934
APPC/BTC,1606328009930,2020-11-25T18:13:29.930Z,sell,1.42e-06,27474.0,0.03901308
APPC/BTC,1606328010119,2020-11-25T18:13:30.119Z,buy,1.43e-06,1515.0,0.00216645
APPC/BTC,1606328054359,2020-11-25T18:14:14.359Z,buy,1.43e-06,2487.0,0.00355641
APPC/BTC,1606328056053,2020-11-25T18:14:16.053Z,buy,1.43e-06,7318.0,0.01046474
APPC/BTC,1606328064612,2020-11-25T18:14:24.612Z,buy,1.43e-06,4805.0,0.00687115
APPC/BTC,1606328064677,2020-11-25T18:14:24.677Z,buy,1.43e-06,9060.0,0.0129558
APPC/BTC,1606328079010,2020-11-25T18:14:39.010Z,buy,1.43e-06,30218.0,0.04321174
APPC/BTC,1606328085933,2020-11-25T18:14:45.933Z,buy,1.44e-06,7359.0,0.0105969599999999
APPC/BTC,1606328090903,2020-11-25T18:14:50.903Z,buy,1.44e-06,807.0,0.00116208
APPC/BTC,1606328091041,2020-11-25T18:14:51.041Z,buy,1.44e-06,11136.0,0.01603584
APPC/BTC,1606328092569,2020-11-25T18:14:52.569Z,buy,1.44e-06,5515.0,0.0079416
APPC/BTC,1606328102101,2020-11-25T18:15:02.101Z,buy,1.44e-06,217.0,0.00031248
APPC/BTC,1606328103439,2020-11-25T18:15:03.439Z,buy,1.44e-06,8518.0,0.01226592
APPC/BTC,1606328105995,2020-11-25T18:15:05.995Z,buy,1.44e-06,329.0,0.00047376
APPC/BTC,1606328112288,2020-11-25T18:15:12.288Z,buy,1.44e-06,1405.0,0.0020232
APPC/BTC,1606328118025,2020-11-25T18:15:18.025Z,buy,1.44e-06,100.0,0.000144
APPC/BTC,1606328122483,2020-11-25T18:15:22.483Z,buy,1.44e-06,13888.0,0.01999872
APPC/BTC,1606328128421,2020-11-25T18:15:28.421Z,buy,1.44e-06,2694.0,0.00387936
APPC/BTC,1606328132080,2020-11-25T18:15:32.080Z,buy,1.44e-06,9875.0,0.01422
APPC/BTC,1606328139564,2020-11-25T18:15:39.564Z,sell,1.43e-06,4127.0,0.00590161
APPC/BTC,1606328142114,2020-11-25T18:15:42.114Z,buy,1.44e-06,3652.0,0.00525888
APPC/BTC,1606328152021,2020-11-25T18:15:52.021Z,buy,1.44e-06,1000.0,0.0014399999999999
APPC/BTC,1606328154940,2020-11-25T18:15:54.940Z,buy,1.44e-06,19444.0,0.02799936
APPC/BTC,1606328158012,2020-11-25T18:15:58.012Z,sell,1.43e-06,3310.0,0.0047333
APPC/BTC,1606328160621,2020-11-25T18:16:00.621Z,buy,1.44e-06,1445.0,0.0020808
APPC/BTC,1606328171230,2020-11-25T18:16:11.230Z,sell,1.43e-06,361.0,0.00051623
APPC/BTC,1606328176768,2020-11-25T18:16:16.768Z,buy,1.44e-06,6041.0,0.00869904
APPC/BTC,1606328190569,2020-11-25T18:16:30.569Z,buy,1.44e-06,13846.0,0.01993824
APPC/BTC,1606328196984,2020-11-25T18:16:36.984Z,sell,1.43e-06,76.0,0.00010868
APPC/BTC,1606328203751,2020-11-25T18:16:43.751Z,buy,1.44e-06,4099.0,0.00590256
APPC/BTC,1606328220519,2020-11-25T18:17:00.519Z,buy,1.44e-06,2385.0,0.0034343999999999
APPC/BTC,1606328225757,2020-11-25T18:17:05.757Z,buy,1.44e-06,1188.0,0.00171072
APPC/BTC,1606328230154,2020-11-25T18:17:10.154Z,sell,1.43e-06,757.0,0.00108251
APPC/BTC,1606328237451,2020-11-25T18:17:17.451Z,sell,1.43e-06,15000.0,0.02145
APPC/BTC,1606328240873,2020-11-25T18:17:20.873Z,buy,1.44e-06,630.0,0.0009071999999999
APPC/BTC,1606328241251,2020-11-25T18:17:21.251Z,buy,1.44e-06,1460.0,0.0021024
APPC/BTC,1606328242322,2020-11-25T18:17:22.322Z,buy,1.44e-06,1043.0,0.00150192
APPC/BTC,1606328299701,2020-11-25T18:18:19.701Z,buy,1.44e-06,17361.0,0.02499984
APPC/BTC,1606328321751,2020-11-25T18:18:41.751Z,sell,1.43e-06,100.0,0.000143
APPC/BTC,1606328368105,2020-11-25T18:19:28.105Z,buy,1.44e-06,1144.0,0.00164736
APPC/BTC,1606328392240,2020-11-25T18:19:52.240Z,buy,1.44e-06,2432.0,0.00350208
APPC/BTC,1606328402076,2020-11-25T18:20:02.076Z,sell,1.43e-06,1126.0,0.00161018
APPC/BTC,1606328424473,2020-11-25T18:20:24.473Z,buy,1.44e-06,71.0,0.00010224
APPC/BTC,1606328442456,2020-11-25T18:20:42.456Z,sell,1.43e-06,100.0,0.000143
APPC/BTC,1606328443053,2020-11-25T18:20:43.053Z,sell,1.43e-06,100.0,0.000143
APPC/BTC,1606328446090,2020-11-25T18:20:46.090Z,buy,1.44e-06,2384.0,0.00343296
APPC/BTC,1606328464439,2020-11-25T18:21:04.439Z,sell,1.43e-06,100.0,0.000143
APPC/BTC,1606328469885,2020-11-25T18:21:09.885Z,sell,1.43e-06,2737.0,0.00391391
APPC/BTC,1606328509279,2020-11-25T18:21:49.279Z,sell,1.43e-06,5684.0,0.00812812
APPC/BTC,1606328510586,2020-11-25T18:21:50.586Z,buy,1.44e-06,2289.0,0.00329616
APPC/BTC,1606328512128,2020-11-25T18:21:52.128Z,buy,1.44e-06,726.0,0.00104544
APPC/BTC,1606328513080,2020-11-25T18:21:53.080Z,buy,1.44e-06,332.0,0.00047808
APPC/BTC,1606328538591,2020-11-25T18:22:18.591Z,buy,1.44e-06,5226.0,0.0075254399999999
APPC/BTC,1606328586298,2020-11-25T18:23:06.298Z,buy,1.44e-06,1098.0,0.0015811199999999
APPC/BTC,1606328638634,2020-11-25T18:23:58.634Z,buy,1.44e-06,36390.0,0.0524016
APPC/BTC,1606328680291,2020-11-25T18:24:40.291Z,buy,1.44e-06,363.0,0.00052272
APPC/BTC,1606328680754,2020-11-25T18:24:40.754Z,buy,1.44e-06,14631.0,0.02106864
APPC/BTC,1606328829976,2020-11-25T18:27:09.976Z,buy,1.44e-06,1541.0,0.00221904
APPC/BTC,1606328835271,2020-11-25T18:27:15.271Z,buy,1.44e-06,13501.0,0.01944144
APPC/BTC,1606328846670,2020-11-25T18:27:26.670Z,buy,1.44e-06,18161.0,0.02615184
APPC/BTC,1606328858809,2020-11-25T18:27:38.809Z,buy,1.44e-06,6812.0,0.00980928
APPC/BTC,1606328891522,2020-11-25T18:28:11.522Z,buy,1.44e-06,16920.0,0.0243648
APPC/BTC,1606328916308,2020-11-25T18:28:36.308Z,buy,1.44e-06,5416.0,0.00779904
APPC/BTC,1606328937798,2020-11-25T18:28:57.798Z,buy,1.44e-06,2430.0,0.0034992
APPC/BTC,1606328976202,2020-11-25T18:29:36.202Z,buy,1.44e-06,5460.0,0.0078624
APPC/BTC,1606328981557,2020-11-25T18:29:41.557Z,sell,1.43e-06,2385.0,0.00341055
APPC/BTC,1606328991996,2020-11-25T18:29:51.996Z,sell,1.43e-06,1123.0,0.00160589
APPC/BTC,1606329033599,2020-11-25T18:30:33.599Z,sell,1.43e-06,13487.0,0.01928641
APPC/BTC,1606329048342,2020-11-25T18:30:48.342Z,buy,1.44e-06,1639.0,0.00236016
APPC/BTC,1606329060395,2020-11-25T18:31:00.395Z,sell,1.43e-06,88.0,0.00012584
APPC/BTC,1606329088327,2020-11-25T18:31:28.327Z,buy,1.44e-06,3000.0,0.00432
APPC/BTC,1606329088435,2020-11-25T18:31:28.435Z,sell,1.43e-06,807.0,0.00115401
APPC/BTC,1606329110660,2020-11-25T18:31:50.660Z,sell,1.43e-06,1479.0,0.00211497
APPC/BTC,1606329120271,2020-11-25T18:32:00.271Z,buy,1.44e-06,706.0,0.00101664
APPC/BTC,1606329122291,2020-11-25T18:32:02.291Z,buy,1.44e-06,5738.0,0.00826272
APPC/BTC,1606329146626,2020-11-25T18:32:26.626Z,buy,1.44e-06,2000.0,0.0028799999999999
APPC/BTC,1606329159338,2020-11-25T18:32:39.338Z,buy,1.44e-06,2222.0,0.00319968
APPC/BTC,1606329169479,2020-11-25T18:32:49.479Z,buy,1.44e-06,761.0,0.00109584
APPC/BTC,1606329210949,2020-11-25T18:33:30.949Z,buy,1.44e-06,1423.0,0.0020491199999999
APPC/BTC,1606329221619,2020-11-25T18:33:41.619Z,sell,1.43e-06,688.0,0.00098384
APPC/BTC,1606329231546,2020-11-25T18:33:51.546Z,buy,1.44e-06,15058.0,0.02168352
APPC/BTC,1606329231546,2020-11-25T18:33:51.546Z,buy,1.45e-06,68936.0,0.0999572
APPC/BTC,1606329251968,2020-11-25T18:34:11.968Z,buy,1.45e-06,20393.0,0.02956985
APPC/BTC,1606329254856,2020-11-25T18:34:14.856Z,buy,1.45e-06,27380.0,0.039701
APPC/BTC,1606329278452,2020-11-25T18:34:38.452Z,buy,1.45e-06,9699.0,0.01406355
APPC/BTC,1606329280495,2020-11-25T18:34:40.495Z,buy,1.45e-06,1883.0,0.00273035
APPC/BTC,1606329289017,2020-11-25T18:34:49.017Z,buy,1.45e-06,778.0,0.0011281
APPC/BTC,1606329306079,2020-11-25T18:35:06.079Z,buy,1.45e-06,846.0,0.0012267
APPC/BTC,1606329342327,2020-11-25T18:35:42.327Z,buy,1.45e-06,965.0,0.00139925
APPC/BTC,1606329350014,2020-11-25T18:35:50.014Z,buy,1.45e-06,1459.0,0.00211555
APPC/BTC,1606329371777,2020-11-25T18:36:11.777Z,buy,1.45e-06,8275.0,0.01199875
APPC/BTC,1606329383241,2020-11-25T18:36:23.241Z,buy,1.45e-06,8528.0,0.0123656
APPC/BTC,1606329387462,2020-11-25T18:36:27.462Z,sell,1.44e-06,689.0,0.00099216
APPC/BTC,1606329387462,2020-11-25T18:36:27.462Z,sell,1.43e-06,276.0,0.00039468
APPC/BTC,1606329402727,2020-11-25T18:36:42.727Z,sell,1.44e-06,4558.0,0.00656352
APPC/BTC,1606329402727,2020-11-25T18:36:42.727Z,sell,1.43e-06,3961.0,0.00566423
APPC/BTC,1606329492000,2020-11-25T18:38:12.000Z,buy,1.44e-06,83.0,0.00011952
APPC/BTC,1606329544611,2020-11-25T18:39:04.611Z,buy,1.44e-06,28450.0,0.040968
APPC/BTC,1606329548733,2020-11-25T18:39:08.733Z,buy,1.44e-06,5000.0,0.0072
APPC/BTC,1606329633061,2020-11-25T18:40:33.061Z,sell,1.43e-06,100000.0,0.143
APPC/BTC,1606329645458,2020-11-25T18:40:45.458Z,buy,1.44e-06,4241.0,0.00610704
APPC/BTC,1606329679541,2020-11-25T18:41:19.541Z,buy,1.44e-06,3637.0,0.0052372799999999
APPC/BTC,1606329686351,2020-11-25T18:41:26.351Z,buy,1.44e-06,3945.0,0.0056808
APPC/BTC,1606329835318,2020-11-25T18:43:55.318Z,buy,1.44e-06,694.0,0.00099936
APPC/BTC,1606329905474,2020-11-25T18:45:05.474Z,sell,1.43e-06,28421.0,0.04064203
APPC/BTC,1606330046485,2020-11-25T18:47:26.485Z,buy,1.44e-06,119.0,0.0001713599999999
APPC/BTC,1606330135679,2020-11-25T18:48:55.679Z,buy,1.44e-06,1695.0,0.0024408
APPC/BTC,1606330175091,2020-11-25T18:49:35.091Z,sell,1.43e-06,31066.0,0.04442438
APPC/BTC,1606330180403,2020-11-25T18:49:40.403Z,sell,1.43e-06,3256.0,0.00465608
APPC/BTC,1606330199575,2020-11-25T18:49:59.575Z,sell,1.43e-06,25060.0,0.0358358
APPC/BTC,1606330313838,2020-11-25T18:51:53.838Z,buy,1.44e-06,4361.0,0.00627984
APPC/BTC,1606330316760,2020-11-25T18:51:56.760Z,buy,1.44e-06,16237.0,0.02338128
APPC/BTC,1606330324847,2020-11-25T18:52:04.847Z,sell,1.44e-06,38206.0,0.05501664
APPC/BTC,1606330385912,2020-11-25T18:53:05.912Z,buy,1.44e-06,8629.0,0.01242576
APPC/BTC,1606330419421,2020-11-25T18:53:39.421Z,sell,1.44e-06,100.0,0.000144
APPC/BTC,1606330426244,2020-11-25T18:53:46.244Z,buy,1.45e-06,104.0,0.0001508
APPC/BTC,1606330453722,2020-11-25T18:54:13.722Z,buy,1.45e-06,20031.0,0.02904495
APPC/BTC,1606330461463,2020-11-25T18:54:21.463Z,sell,1.44e-06,502.0,0.00072288
APPC/BTC,1606330461463,2020-11-25T18:54:21.463Z,sell,1.44e-06,502.0,0.00072288
APPC/BTC,1606330544466,2020-11-25T18:55:44.466Z,sell,1.44e-06,15696.0,0.02260224
APPC/BTC,1606330575482,2020-11-25T18:56:15.482Z,buy,1.45e-06,8994.0,0.0130413
APPC/BTC,1606330662791,2020-11-25T18:57:42.791Z,buy,1.45e-06,3580.0,0.005191
APPC/BTC,1606330815227,2020-11-25T19:00:15.227Z,buy,1.44e-06,4093.0,0.0058939199999999
APPC/BTC,1606330836088,2020-11-25T19:00:36.088Z,buy,1.44e-06,6425.0,0.009252
APPC/BTC,1606330897016,2020-11-25T19:01:37.016Z,buy,1.44e-06,8609.0,0.01239696
APPC/BTC,1606330922478,2020-11-25T19:02:02.478Z,buy,1.45e-06,6270.0,0.0090915
APPC/BTC,1606330961099,2020-11-25T19:02:41.099Z,buy,1.45e-06,28761.0,0.04170345
APPC/BTC,1606330996457,2020-11-25T19:03:16.457Z,sell,1.44e-06,500.0,0.0007199999999999
APPC/BTC,1606331022648,2020-11-25T19:03:42.648Z,sell,1.44e-06,5925.0,0.008532
APPC/BTC,1606331029276,2020-11-25T19:03:49.276Z,buy,1.44e-06,568.0,0.00081792
APPC/BTC,1606331058792,2020-11-25T19:04:18.792Z,sell,1.44e-06,3070.0,0.0044208
APPC/BTC,1606331070030,2020-11-25T19:04:30.030Z,sell,1.43e-06,580.0,0.0008294
APPC/BTC,1606331071135,2020-11-25T19:04:31.135Z,sell,1.43e-06,113.0,0.00016159
APPC/BTC,1606331123974,2020-11-25T19:05:23.974Z,sell,1.43e-06,14864.0,0.02125552
APPC/BTC,1606331376535,2020-11-25T19:09:36.535Z,buy,1.44e-06,249.0,0.00035856
APPC/BTC,1606331388639,2020-11-25T19:09:48.639Z,buy,1.44e-06,8031.0,0.01156464
APPC/BTC,1606331390157,2020-11-25T19:09:50.157Z,buy,1.44e-06,1040.0,0.0014976
APPC/BTC,1606331390157,2020-11-25T19:09:50.157Z,buy,1.45e-06,968.0,0.0014036
APPC/BTC,1606331391904,2020-11-25T19:09:51.904Z,buy,1.45e-06,497.0,0.00072065
APPC/BTC,1606331397371,2020-11-25T19:09:57.371Z,buy,1.45e-06,121.0,0.00017545
APPC/BTC,1606331418582,2020-11-25T19:10:18.582Z,buy,1.45e-06,1186.0,0.0017197
APPC/BTC,1606331461625,2020-11-25T19:11:01.625Z,sell,1.43e-06,1000.0,0.00143
APPC/BTC,1606331545025,2020-11-25T19:12:25.025Z,buy,1.45e-06,3648.0,0.0052896
APPC/BTC,1606331565236,2020-11-25T19:12:45.236Z,buy,1.45e-06,15841.0,0.02296945
APPC/BTC,1606331565236,2020-11-25T19:12:45.236Z,buy,1.46e-06,11991.0,0.01750686
APPC/BTC,1606331565236,2020-11-25T19:12:45.236Z,buy,1.46e-06,10000.0,0.0146
APPC/BTC,1606331567674,2020-11-25T19:12:47.674Z,buy,1.45e-06,136.0,0.0001972
APPC/BTC,1606331574654,2020-11-25T19:12:54.654Z,buy,1.45e-06,111.0,0.00016095
APPC/BTC,1606331574654,2020-11-25T19:12:54.654Z,buy,1.46e-06,4552.0,0.00664592
APPC/BTC,1606331580383,2020-11-25T19:13:00.383Z,buy,1.46e-06,8349.0,0.01218954
APPC/BTC,1606331584348,2020-11-25T19:13:04.348Z,buy,1.46e-06,2315.0,0.0033799
APPC/BTC,1606331606189,2020-11-25T19:13:26.189Z,sell,1.45e-06,344.0,0.0004988
APPC/BTC,1606331612940,2020-11-25T19:13:32.940Z,sell,1.45e-06,340.0,0.000493
APPC/BTC,1606331626213,2020-11-25T19:13:46.213Z,buy,1.45e-06,93.0,0.00013485
APPC/BTC,1606331679679,2020-11-25T19:14:39.679Z,buy,1.45e-06,344.0,0.0004988
APPC/BTC,1606331706628,2020-11-25T19:15:06.628Z,buy,1.45e-06,137.0,0.00019865
APPC/BTC,1606331722487,2020-11-25T19:15:22.487Z,sell,1.44e-06,100.0,0.000144
APPC/BTC,1606331734048,2020-11-25T19:15:34.048Z,sell,1.44e-06,100.0,0.000144
APPC/BTC,1606331740218,2020-11-25T19:15:40.218Z,buy,1.45e-06,86.0,0.0001247
APPC/BTC,1606331746974,2020-11-25T19:15:46.974Z,buy,1.46e-06,98.0,0.00014308
APPC/BTC,1606331767554,2020-11-25T19:16:07.554Z,buy,1.46e-06,2465.0,0.0035989
APPC/BTC,1606331872292,2020-11-25T19:17:52.292Z,buy,1.46e-06,2465.0,0.0035989
APPC/BTC,1606331900002,2020-11-25T19:18:20.002Z,buy,1.46e-06,159.0,0.00023214
APPC/BTC,1606331969791,2020-11-25T19:19:29.791Z,buy,1.46e-06,10580.0,0.0154468
APPC/BTC,1606332146319,2020-11-25T19:22:26.319Z,sell,1.45e-06,14.0,2.03e-05
APPC/BTC,1606332256425,2020-11-25T19:24:16.425Z,sell,1.44e-06,1000.0,0.0014399999999999
APPC/BTC,1606332339986,2020-11-25T19:25:39.986Z,sell,1.44e-06,34.0,4.896e-05
APPC/BTC,1606332348868,2020-11-25T19:25:48.868Z,sell,1.43e-06,6405.0,0.00915915
APPC/BTC,1606332348868,2020-11-25T19:25:48.868Z,sell,1.43e-06,13274.0,0.01898182
APPC/BTC,1606332431290,2020-11-25T19:27:11.290Z,sell,1.43e-06,1174.0,0.00167882
APPC/BTC,1606332525126,2020-11-25T19:28:45.126Z,buy,1.44e-06,60229.0,0.08672976
APPC/BTC,1606332561658,2020-11-25T19:29:21.658Z,buy,1.44e-06,83.0,0.00011952
APPC/BTC,1606332586568,2020-11-25T19:29:46.568Z,sell,1.43e-06,99.0,0.00014157
APPC/BTC,1606332622529,2020-11-25T19:30:22.529Z,sell,1.43e-06,1856.0,0.00265408
APPC/BTC,1606332897449,2020-11-25T19:34:57.449Z,buy,1.44e-06,1525.0,0.002196
APPC/BTC,1606333049307,2020-11-25T19:37:29.307Z,sell,1.43e-06,6971.0,0.00996853
APPC/BTC,1606333122713,2020-11-25T19:38:42.713Z,sell,1.43e-06,800.0,0.001144
APPC/BTC,1606333570064,2020-11-25T19:46:10.064Z,buy,1.44e-06,757.0,0.00109008
APPC/BTC,1606333621738,2020-11-25T19:47:01.738Z,buy,1.44e-06,3581.0,0.00515664
APPC/BTC,1606333636554,2020-11-25T19:47:16.554Z,buy,1.45e-06,76.0,0.0001102
APPC/BTC,1606333644558,2020-11-25T19:47:24.558Z,sell,1.44e-06,627.0,0.00090288
APPC/BTC,1606333661799,2020-11-25T19:47:41.799Z,sell,1.44e-06,5824.0,0.00838656
APPC/BTC,1606333665319,2020-11-25T19:47:45.319Z,sell,1.44e-06,1512.0,0.0021772799999999
APPC/BTC,1606334023059,2020-11-25T19:53:43.059Z,buy,1.44e-06,7009.0,0.01009296
APPC/BTC,1606334023059,2020-11-25T19:53:43.059Z,buy,1.44e-06,7009.0,0.01009296
APPC/BTC,1606334266654,2020-11-25T19:57:46.654Z,sell,1.44e-06,8496.0,0.01223424
APPC/BTC,1606334452451,2020-11-25T20:00:52.451Z,sell,1.44e-06,1951.0,0.00280944
APPC/BTC,1606334544706,2020-11-25T20:02:24.706Z,sell,1.43e-06,692.0,0.00098956
APPC/BTC,1606334559066,2020-11-25T20:02:39.066Z,sell,1.43e-06,692.0,0.00098956
APPC/BTC,1606334579378,2020-11-25T20:02:59.378Z,sell,1.43e-06,346.0,0.00049478
APPC/BTC,1606334592118,2020-11-25T20:03:12.118Z,sell,1.43e-06,346.0,0.00049478
APPC/BTC,1606334603084,2020-11-25T20:03:23.084Z,sell,1.43e-06,173.0,0.00024739
APPC/BTC,1606334618775,2020-11-25T20:03:38.775Z,sell,1.43e-06,173.0,0.00024739
APPC/BTC,1606334620849,2020-11-25T20:03:40.849Z,sell,1.43e-06,173.0,0.00024739
APPC/BTC,1606334629803,2020-11-25T20:03:49.803Z,sell,1.43e-06,173.0,0.00024739
APPC/BTC,1606334636397,2020-11-25T20:03:56.397Z,sell,1.43e-06,173.0,0.00024739
APPC/BTC,1606334647898,2020-11-25T20:04:07.898Z,sell,1.43e-06,1000.0,0.00143
APPC/BTC,1606334656595,2020-11-25T20:04:16.595Z,buy,1.45e-06,100.0,0.000145
APPC/BTC,1606334668779,2020-11-25T20:04:28.779Z,sell,1.43e-06,173.0,0.00024739
APPC/BTC,1606334671917,2020-11-25T20:04:31.917Z,sell,1.43e-06,173.0,0.00024739
APPC/BTC,1606334683028,2020-11-25T20:04:43.028Z,sell,1.43e-06,173.0,0.00024739
APPC/BTC,1606334687868,2020-11-25T20:04:47.868Z,sell,1.43e-06,173.0,0.00024739
APPC/BTC,1606334697444,2020-11-25T20:04:57.444Z,sell,1.43e-06,173.0,0.00024739
APPC/BTC,1606334715701,2020-11-25T20:05:15.701Z,sell,1.43e-06,173.0,0.00024739
APPC/BTC,1606334724822,2020-11-25T20:05:24.822Z,sell,1.43e-06,692.0,0.00098956
APPC/BTC,1606334741896,2020-11-25T20:05:41.896Z,sell,1.43e-06,173.0,0.00024739
APPC/BTC,1606334777726,2020-11-25T20:06:17.726Z,sell,1.43e-06,346.0,0.00049478
APPC/BTC,1606334781242,2020-11-25T20:06:21.242Z,sell,1.43e-06,346.0,0.00049478
APPC/BTC,1606335196945,2020-11-25T20:13:16.945Z,sell,1.43e-06,72.0,0.00010296
APPC/BTC,1606335197119,2020-11-25T20:13:17.119Z,buy,1.44e-06,100.0,0.000144
APPC/BTC,1606335242689,2020-11-25T20:14:02.689Z,sell,1.43e-06,4405.0,0.00629915
APPC/BTC,1606335318549,2020-11-25T20:15:18.549Z,sell,1.43e-06,159.0,0.00022737
APPC/BTC,1606335397741,2020-11-25T20:16:37.741Z,sell,1.43e-06,39745.0,0.05683535
APPC/BTC,1606335495017,2020-11-25T20:18:15.017Z,sell,1.43e-06,6346.0,0.00907478
APPC/BTC,1606335502095,2020-11-25T20:18:22.095Z,buy,1.44e-06,4140.0,0.0059616
APPC/BTC,1606335502385,2020-11-25T20:18:22.385Z,sell,1.44e-06,85.0,0.0001224
APPC/BTC,1606335544738,2020-11-25T20:19:04.738Z,buy,1.45e-06,540.0,0.000783
APPC/BTC,1606335550827,2020-11-25T20:19:10.827Z,sell,1.44e-06,2198.0,0.00316512
APPC/BTC,1606335576107,2020-11-25T20:19:36.107Z,sell,1.44e-06,188.0,0.00027072
APPC/BTC,1606335600007,2020-11-25T20:20:00.007Z,sell,1.44e-06,501.0,0.00072144
APPC/BTC,1606335616574,2020-11-25T20:20:16.574Z,sell,1.43e-06,86.0,0.00012298
APPC/BTC,1606335630436,2020-11-25T20:20:30.436Z,sell,1.43e-06,173.0,0.00024739
APPC/BTC,1606335651358,2020-11-25T20:20:51.358Z,sell,1.43e-06,173.0,0.00024739
APPC/BTC,1606335659306,2020-11-25T20:20:59.306Z,sell,1.43e-06,86.0,0.00012298
APPC/BTC,1606335681699,2020-11-25T20:21:21.699Z,sell,1.43e-06,86.0,0.00012298
APPC/BTC,1606335684018,2020-11-25T20:21:24.018Z,sell,1.43e-06,86.0,0.00012298
APPC/BTC,1606335718071,2020-11-25T20:21:58.071Z,sell,1.43e-06,173.0,0.00024739
APPC/BTC,1606335727628,2020-11-25T20:22:07.628Z,sell,1.43e-06,86.0,0.00012298
APPC/BTC,1606335734262,2020-11-25T20:22:14.262Z,sell,1.43e-06,86.0,0.00012298
APPC/BTC,1606335735267,2020-11-25T20:22:15.267Z,sell,1.43e-06,86.0,0.00012298
APPC/BTC,1606335756866,2020-11-25T20:22:36.866Z,sell,1.43e-06,173.0,0.00024739
APPC/BTC,1606335760215,2020-11-25T20:22:40.215Z,sell,1.43e-06,86.0,0.00012298
APPC/BTC,1606335767666,2020-11-25T20:22:47.666Z,sell,1.43e-06,173.0,0.00024739
APPC/BTC,1606335767915,2020-11-25T20:22:47.915Z,sell,1.43e-06,86.0,0.00012298
APPC/BTC,1606335790712,2020-11-25T20:23:10.712Z,sell,1.43e-06,86.0,0.00012298
APPC/BTC,1606335790734,2020-11-25T20:23:10.734Z,buy,1.44e-06,5934.0,0.0085449599999999
APPC/BTC,1606335798719,2020-11-25T20:23:18.719Z,buy,1.44e-06,7022.0,0.01011168
APPC/BTC,1606335843096,2020-11-25T20:24:03.096Z,buy,1.44e-06,400.0,0.000576
APPC/BTC,1606335871481,2020-11-25T20:24:31.481Z,sell,1.43e-06,100.0,0.000143
APPC/BTC,1606336161114,2020-11-25T20:29:21.114Z,sell,1.43e-06,1245.0,0.00178035
APPC/BTC,1606336219368,2020-11-25T20:30:19.368Z,buy,1.44e-06,927.0,0.0013348799999999
APPC/BTC,1606336277907,2020-11-25T20:31:17.907Z,sell,1.43e-06,2479.0,0.00354497
APPC/BTC,1606336336550,2020-11-25T20:32:16.550Z,sell,1.43e-06,3644.0,0.00521092
APPC/BTC,1606336365758,2020-11-25T20:32:45.758Z,buy,1.44e-06,1378.0,0.00198432
APPC/BTC,1606336405855,2020-11-25T20:33:25.855Z,buy,1.44e-06,427.0,0.0006148799999999
APPC/BTC,1606336857241,2020-11-25T20:40:57.241Z,sell,1.43e-06,9658.0,0.01381094
APPC/BTC,1606336901644,2020-11-25T20:41:41.644Z,sell,1.43e-06,14616.0,0.02090088
APPC/BTC,1606337083894,2020-11-25T20:44:43.894Z,sell,1.43e-06,7421.0,0.01061203
APPC/BTC,1606337136616,2020-11-25T20:45:36.616Z,sell,1.43e-06,733.0,0.00104819
APPC/BTC,1606337616024,2020-11-25T20:53:36.024Z,sell,1.43e-06,125.0,0.00017875
APPC/BTC,1606337616024,2020-11-25T20:53:36.024Z,sell,1.43e-06,125.0,0.00017875
APPC/BTC,1606337826361,2020-11-25T20:57:06.361Z,sell,1.43e-06,11125.0,0.01590875
APPC/BTC,1606338045947,2020-11-25T21:00:45.947Z,sell,1.43e-06,9222.0,0.01318746
APPC/BTC,1606338071234,2020-11-25T21:01:11.234Z,sell,1.43e-06,1150.0,0.0016445
APPC/BTC,1606338210614,2020-11-25T21:03:30.614Z,sell,1.43e-06,6007.0,0.00859001
APPC/BTC,1606338262025,2020-11-25T21:04:22.025Z,sell,1.43e-06,29204.0,0.04176172
APPC/BTC,1606338289921,2020-11-25T21:04:49.921Z,sell,1.42e-06,15812.0,0.02245304
APPC/BTC,1606338305975,2020-11-25T21:05:05.975Z,sell,1.42e-06,15811.0,0.02245162
APPC/BTC,1606338325469,2020-11-25T21:05:25.469Z,sell,1.42e-06,1846.0,0.00262132
APPC/BTC,1606338390063,2020-11-25T21:06:30.063Z,sell,1.42e-06,88.0,0.00012496
APPC/BTC,1606338390063,2020-11-25T21:06:30.063Z,sell,1.41e-06,512.0,0.00072192
APPC/BTC,1606338427784,2020-11-25T21:07:07.784Z,sell,1.41e-06,4238.0,0.00597558
APPC/BTC,1606338486895,2020-11-25T21:08:06.895Z,buy,1.42e-06,168.0,0.00023856
APPC/BTC,1606338560332,2020-11-25T21:09:20.332Z,sell,1.41e-06,6906.0,0.00973746
APPC/BTC,1606338564331,2020-11-25T21:09:24.331Z,sell,1.41e-06,416.0,0.00058656
APPC/BTC,1606338566083,2020-11-25T21:09:26.083Z,sell,1.41e-06,875.0,0.00123375
APPC/BTC,1606338566083,2020-11-25T21:09:26.083Z,sell,1.4e-06,4625.0,0.006475
APPC/BTC,1606338629162,2020-11-25T21:10:29.162Z,sell,1.4e-06,1459.0,0.0020426
APPC/BTC,1606338665090,2020-11-25T21:11:05.090Z,sell,1.4e-06,15000.0,0.0209999999999999
APPC/BTC,1606338724049,2020-11-25T21:12:04.049Z,buy,1.41e-06,2000.0,0.00282
APPC/BTC,1606338743648,2020-11-25T21:12:23.648Z,sell,1.4e-06,125.0,0.000175
APPC/BTC,1606338778267,2020-11-25T21:12:58.267Z,buy,1.41e-06,11901.0,0.01678041
APPC/BTC,1606338821576,2020-11-25T21:13:41.576Z,buy,1.41e-06,98.0,0.00013818
APPC/BTC,1606338823694,2020-11-25T21:13:43.694Z,buy,1.41e-06,1044.0,0.00147204
APPC/BTC,1606338824839,2020-11-25T21:13:44.839Z,buy,1.41e-06,9372.0,0.01321452
APPC/BTC,1606338900245,2020-11-25T21:15:00.245Z,buy,1.41e-06,137.0,0.00019317
APPC/BTC,1606338916047,2020-11-25T21:15:16.047Z,buy,1.41e-06,1926.0,0.00271566
APPC/BTC,1606338929001,2020-11-25T21:15:29.001Z,buy,1.41e-06,645.0,0.00090945
APPC/BTC,1606339096084,2020-11-25T21:18:16.084Z,buy,1.41e-06,3352.0,0.00472632
APPC/BTC,1606339142801,2020-11-25T21:19:02.801Z,buy,1.42e-06,2630.0,0.0037346
APPC/BTC,1606339208931,2020-11-25T21:20:08.931Z,sell,1.41e-06,56589.0,0.07979049
APPC/BTC,1606339475730,2020-11-25T21:24:35.730Z,sell,1.41e-06,1190.0,0.0016779
APPC/BTC,1606339542487,2020-11-25T21:25:42.487Z,sell,1.41e-06,4294.0,0.00605454
APPC/BTC,1606339580079,2020-11-25T21:26:20.079Z,buy,1.42e-06,1000.0,0.00142
APPC/BTC,1606339589553,2020-11-25T21:26:29.553Z,sell,1.41e-06,1227.0,0.00173007
APPC/BTC,1606339591414,2020-11-25T21:26:31.414Z,sell,1.41e-06,99.0,0.00013959
APPC/BTC,1606339681797,2020-11-25T21:28:01.797Z,buy,1.42e-06,100.0,0.0001419999999999
APPC/BTC,1606339838156,2020-11-25T21:30:38.156Z,buy,1.42e-06,75.0,0.0001065
APPC/BTC,1606339900958,2020-11-25T21:31:40.958Z,buy,1.42e-06,8173.0,0.01160566
APPC/BTC,1606339922230,2020-11-25T21:32:02.230Z,sell,1.42e-06,708.0,0.00100536
APPC/BTC,1606340005690,2020-11-25T21:33:25.690Z,sell,1.41e-06,5268.0,0.00742788
APPC/BTC,1606340118262,2020-11-25T21:35:18.262Z,sell,1.42e-06,31184.0,0.04428128
APPC/BTC,1606340162568,2020-11-25T21:36:02.568Z,sell,1.41e-06,877.0,0.00123657
APPC/BTC,1606340177786,2020-11-25T21:36:17.786Z,buy,1.42e-06,22431.0,0.03185202
APPC/BTC,1606340205998,2020-11-25T21:36:45.998Z,sell,1.42e-06,9569.0,0.01358798
APPC/BTC,1606340205998,2020-11-25T21:36:45.998Z,sell,1.41e-06,50599.0,0.07134459
APPC/BTC,1606340215147,2020-11-25T21:36:55.147Z,sell,1.42e-06,704.0,0.00099968
APPC/BTC,1606340322747,2020-11-25T21:38:42.747Z,buy,1.42e-06,1078.0,0.00153076
APPC/BTC,1606340556000,2020-11-25T21:42:36.000Z,buy,1.43e-06,19797.0,0.02830971
APPC/BTC,1606340642777,2020-11-25T21:44:02.777Z,sell,1.42e-06,1693.0,0.00240406
APPC/BTC,1606340786680,2020-11-25T21:46:26.680Z,buy,1.43e-06,9447.0,0.01350921
APPC/BTC,1606340786680,2020-11-25T21:46:26.680Z,buy,1.43e-06,9447.0,0.01350921
APPC/BTC,1606341216792,2020-11-25T21:53:36.792Z,buy,1.43e-06,2890.0,0.0041327
APPC/BTC,1606341228443,2020-11-25T21:53:48.443Z,buy,1.43e-06,722.0,0.00103246
APPC/BTC,1606341233538,2020-11-25T21:53:53.538Z,buy,1.43e-06,181.0,0.00025883
APPC/BTC,1606341464391,2020-11-25T21:57:44.391Z,sell,1.42e-06,704.0,0.00099968
APPC/BTC,1606341503149,2020-11-25T21:58:23.149Z,sell,1.42e-06,774.0,0.00109908
APPC/BTC,1606341779641,2020-11-25T22:02:59.641Z,sell,1.42e-06,1144.0,0.00162448
APPC/BTC,1606341790002,2020-11-25T22:03:10.002Z,buy,1.43e-06,370.0,0.0005291
APPC/BTC,1606341818836,2020-11-25T22:03:38.836Z,buy,1.43e-06,467.0,0.00066781
APPC/BTC,1606341818836,2020-11-25T22:03:38.836Z,buy,1.44e-06,2833.0,0.00407952
APPC/BTC,1606341828758,2020-11-25T22:03:48.758Z,sell,1.43e-06,831.0,0.00118833
APPC/BTC,1606341993358,2020-11-25T22:06:33.358Z,buy,1.43e-06,71.0,0.00010153
APPC/BTC,1606342283448,2020-11-25T22:11:23.448Z,sell,1.42e-06,837.0,0.0011885399999999
APPC/BTC,1606342376348,2020-11-25T22:12:56.348Z,buy,1.42e-06,3521.0,0.0049998199999999
APPC/BTC,1606342376348,2020-11-25T22:12:56.348Z,buy,1.43e-06,837.0,0.00119691
APPC/BTC,1606342376348,2020-11-25T22:12:56.348Z,buy,1.44e-06,9513.0,0.01369872
APPC/BTC,1606342389719,2020-11-25T22:13:09.719Z,sell,1.43e-06,137.0,0.00019591
APPC/BTC,1606342492444,2020-11-25T22:14:52.444Z,buy,1.43e-06,84.0,0.00012012
APPC/BTC,1606342973798,2020-11-25T22:22:53.798Z,sell,1.42e-06,300.0,0.000426
APPC/BTC,1606342974159,2020-11-25T22:22:54.159Z,sell,1.42e-06,1257.0,0.00178494
APPC/BTC,1606342974159,2020-11-25T22:22:54.159Z,sell,1.41e-06,27987.0,0.03946167
APPC/BTC,1606342989143,2020-11-25T22:23:09.143Z,sell,1.42e-06,704.0,0.00099968
APPC/BTC,1606342994923,2020-11-25T22:23:14.923Z,sell,1.42e-06,255.0,0.0003620999999999
APPC/BTC,1606343001611,2020-11-25T22:23:21.611Z,sell,1.41e-06,720.0,0.0010152
APPC/BTC,1606343109250,2020-11-25T22:25:09.250Z,sell,1.42e-06,2317.0,0.00329014
APPC/BTC,1606343170295,2020-11-25T22:26:10.295Z,sell,1.41e-06,706.0,0.00099546
APPC/BTC,1606343209307,2020-11-25T22:26:49.307Z,sell,1.41e-06,94.0,0.00013254
APPC/BTC,1606343535403,2020-11-25T22:32:15.403Z,sell,1.41e-06,1161.0,0.00163701
APPC/BTC,1606343930418,2020-11-25T22:38:50.418Z,buy,1.43e-06,21785.0,0.03115255
APPC/BTC,1606343930418,2020-11-25T22:38:50.418Z,buy,1.44e-06,6666.0,0.00959904
APPC/BTC,1606343930418,2020-11-25T22:38:50.418Z,buy,1.45e-06,40515.0,0.05874675
APPC/BTC,1606343939270,2020-11-25T22:38:59.270Z,buy,1.44e-06,689.0,0.00099216
APPC/BTC,1606343950477,2020-11-25T22:39:10.477Z,sell,1.43e-06,831.0,0.00118833
APPC/BTC,1606343966443,2020-11-25T22:39:26.443Z,buy,1.43e-06,7439.0,0.01063777
APPC/BTC,1606343969602,2020-11-25T22:39:29.602Z,sell,1.43e-06,2817.0,0.00402831
APPC/BTC,1606343988920,2020-11-25T22:39:48.920Z,sell,1.43e-06,747.0,0.00106821
APPC/BTC,1606343990794,2020-11-25T22:39:50.794Z,buy,1.43e-06,1711.0,0.00244673
APPC/BTC,1606343992819,2020-11-25T22:39:52.819Z,sell,1.42e-06,1711.0,0.00242962
APPC/BTC,1606343993801,2020-11-25T22:39:53.801Z,buy,1.43e-06,1687.0,0.00241241
APPC/BTC,1606343995826,2020-11-25T22:39:55.826Z,sell,1.42e-06,1687.0,0.00239554
APPC/BTC,1606343996800,2020-11-25T22:39:56.800Z,buy,1.43e-06,1663.0,0.00237809
APPC/BTC,1606344018825,2020-11-25T22:40:18.825Z,sell,1.42e-06,1663.0,0.00236146
APPC/BTC,1606344019803,2020-11-25T22:40:19.803Z,buy,1.43e-06,1639.0,0.00234377
APPC/BTC,1606344021828,2020-11-25T22:40:21.828Z,sell,1.42e-06,1639.0,0.00232738
APPC/BTC,1606344022801,2020-11-25T22:40:22.801Z,buy,1.43e-06,1616.0,0.00231088
APPC/BTC,1606344024826,2020-11-25T22:40:24.826Z,sell,1.42e-06,1616.0,0.00229472
APPC/BTC,1606344025804,2020-11-25T22:40:25.804Z,buy,1.43e-06,1593.0,0.00227799
APPC/BTC,1606344026827,2020-11-25T22:40:26.827Z,sell,1.42e-06,1593.0,0.0022620599999999
APPC/BTC,1606344036799,2020-11-25T22:40:36.799Z,buy,1.43e-06,1570.0,0.0022451
APPC/BTC,1606344040830,2020-11-25T22:40:40.830Z,sell,1.42e-06,1570.0,0.0022294
APPC/BTC,1606344041799,2020-11-25T22:40:41.799Z,buy,1.43e-06,1547.0,0.00221221
APPC/BTC,1606344046819,2020-11-25T22:40:46.819Z,sell,1.42e-06,1547.0,0.00219674
APPC/BTC,1606344047806,2020-11-25T22:40:47.806Z,buy,1.43e-06,1525.0,0.00218075
APPC/BTC,1606344051827,2020-11-25T22:40:51.827Z,sell,1.42e-06,1525.0,0.0021655
APPC/BTC,1606344052802,2020-11-25T22:40:52.802Z,buy,1.43e-06,1502.0,0.00214786
APPC/BTC,1606344069830,2020-11-25T22:41:09.830Z,sell,1.42e-06,1502.0,0.00213284
APPC/BTC,1606344070803,2020-11-25T22:41:10.803Z,buy,1.43e-06,1480.0,0.0021164
APPC/BTC,1606344084838,2020-11-25T22:41:24.838Z,sell,1.42e-06,1480.0,0.0021016
APPC/BTC,1606344085859,2020-11-25T22:41:25.859Z,buy,1.43e-06,1459.0,0.00208637
APPC/BTC,1606344091830,2020-11-25T22:41:31.830Z,sell,1.42e-06,1459.0,0.00207178
APPC/BTC,1606344092802,2020-11-25T22:41:32.802Z,buy,1.43e-06,1437.0,0.00205491
APPC/BTC,1606344100825,2020-11-25T22:41:40.825Z,sell,1.42e-06,1437.0,0.00204054
APPC/BTC,1606344101806,2020-11-25T22:41:41.806Z,buy,1.43e-06,1416.0,0.00202488
APPC/BTC,1606344103832,2020-11-25T22:41:43.832Z,sell,1.42e-06,1416.0,0.00201072
APPC/BTC,1606344104807,2020-11-25T22:41:44.807Z,buy,1.43e-06,1395.0,0.00199485
APPC/BTC,1606344107831,2020-11-25T22:41:47.831Z,sell,1.42e-06,1395.0,0.0019809
APPC/BTC,1606344120804,2020-11-25T22:42:00.804Z,buy,1.43e-06,1374.0,0.00196482
APPC/BTC,1606344126856,2020-11-25T22:42:06.856Z,sell,1.42e-06,1374.0,0.00195108
APPC/BTC,1606344127808,2020-11-25T22:42:07.808Z,buy,1.43e-06,1353.0,0.00193479
APPC/BTC,1606344139841,2020-11-25T22:42:19.841Z,sell,1.42e-06,1353.0,0.00192126
APPC/BTC,1606344140815,2020-11-25T22:42:20.815Z,buy,1.43e-06,1332.0,0.00190476
APPC/BTC,1606344145861,2020-11-25T22:42:25.861Z,sell,1.42e-06,1332.0,0.0018914399999999
APPC/BTC,1606344146813,2020-11-25T22:42:26.813Z,buy,1.43e-06,976.0,0.00139568
APPC/BTC,1606344151457,2020-11-25T22:42:31.457Z,sell,1.42e-06,9675.0,0.0137384999999999
APPC/BTC,1606344152812,2020-11-25T22:42:32.812Z,buy,1.43e-06,343.0,0.00049049
APPC/BTC,1606344157831,2020-11-25T22:42:37.831Z,buy,1.43e-06,337.0,0.00048191
APPC/BTC,1606344163809,2020-11-25T22:42:43.809Z,buy,1.43e-06,331.0,0.00047333
APPC/BTC,1606344165813,2020-11-25T22:42:45.813Z,buy,1.43e-06,325.0,0.00046475
APPC/BTC,1606344172813,2020-11-25T22:42:52.813Z,buy,1.43e-06,237.0,0.00033891
APPC/BTC,1606344184312,2020-11-25T22:43:04.312Z,sell,1.42e-06,5305.0,0.0075331
APPC/BTC,1606344198315,2020-11-25T22:43:18.315Z,sell,1.42e-06,677.0,0.00096134
APPC/BTC,1606344198315,2020-11-25T22:43:18.315Z,sell,1.41e-06,26501.0,0.03736641
APPC/BTC,1606344362394,2020-11-25T22:46:02.394Z,sell,1.41e-06,9974.0,0.01406334
APPC/BTC,1606344362394,2020-11-25T22:46:02.394Z,sell,1.41e-06,9974.0,0.01406334
APPC/BTC,1606344416575,2020-11-25T22:46:56.575Z,sell,1.4e-06,28775.0,0.040285
APPC/BTC,1606344650662,2020-11-25T22:50:50.662Z,buy,1.42e-06,251.0,0.00035642
APPC/BTC,1606344854573,2020-11-25T22:54:14.573Z,sell,1.41e-06,5319.0,0.00749979
APPC/BTC,1606344872452,2020-11-25T22:54:32.452Z,buy,1.41e-06,39.0,5.499e-05
APPC/BTC,1606344879448,2020-11-25T22:54:39.448Z,sell,1.41e-06,151.0,0.00021291
APPC/BTC,1606344952161,2020-11-25T22:55:52.161Z,buy,1.42e-06,1688.0,0.00239696
APPC/BTC,1606344983097,2020-11-25T22:56:23.097Z,sell,1.41e-06,721.0,0.00101661
APPC/BTC,1606345069897,2020-11-25T22:57:49.897Z,sell,1.41e-06,656.0,0.00092496
APPC/BTC,1606345333435,2020-11-25T23:02:13.435Z,sell,1.41e-06,3703.0,0.00522123
APPC/BTC,1606345552714,2020-11-25T23:05:52.714Z,sell,1.41e-06,48702.0,0.06866982
APPC/BTC,1606345552714,2020-11-25T23:05:52.714Z,sell,1.4e-06,5741.0,0.0080374
APPC/BTC,1606345568202,2020-11-25T23:06:08.202Z,sell,1.4e-06,848.0,0.0011872
APPC/BTC,1606345921787,2020-11-25T23:12:01.787Z,sell,1.4e-06,2381.0,0.0033334
APPC/BTC,1606346088206,2020-11-25T23:14:48.206Z,sell,1.4e-06,1632.0,0.0022848
APPC/BTC,1606346107968,2020-11-25T23:15:07.968Z,sell,1.4e-06,85.0,0.0001189999999999
APPC/BTC,1606346184899,2020-11-25T23:16:24.899Z,sell,1.4e-06,90.0,0.000126
APPC/BTC,1606346193978,2020-11-25T23:16:33.978Z,sell,1.4e-06,45997.0,0.0643958
APPC/BTC,1606346356949,2020-11-25T23:19:16.949Z,sell,1.4e-06,9287.0,0.0130017999999999
APPC/BTC,1606346357184,2020-11-25T23:19:17.184Z,sell,1.4e-06,1000.0,0.0014
APPC/BTC,1606346469964,2020-11-25T23:21:09.964Z,sell,1.4e-06,237.0,0.0003318
APPC/BTC,1606346470920,2020-11-25T23:21:10.920Z,sell,1.4e-06,320.0,0.000448
APPC/BTC,1606347006565,2020-11-25T23:30:06.565Z,buy,1.41e-06,98.0,0.00013818
APPC/BTC,1606347231869,2020-11-25T23:33:51.869Z,sell,1.4e-06,18526.0,0.0259364
APPC/BTC,1606347315192,2020-11-25T23:35:15.192Z,buy,1.41e-06,69102.0,0.09743382
APPC/BTC,1606347315192,2020-11-25T23:35:15.192Z,buy,1.42e-06,4947.0,0.00702474
APPC/BTC,1606347315192,2020-11-25T23:35:15.192Z,buy,1.43e-06,1234.0,0.00176462
APPC/BTC,1606347315192,2020-11-25T23:35:15.192Z,buy,1.44e-06,915.0,0.0013176
APPC/BTC,1606347316430,2020-11-25T23:35:16.430Z,sell,1.44e-06,77.0,0.00011088
APPC/BTC,1606347320326,2020-11-25T23:35:20.326Z,buy,1.45e-06,100.0,0.000145
APPC/BTC,1606347332882,2020-11-25T23:35:32.882Z,sell,1.43e-06,831.0,0.00118833
APPC/BTC,1606347372860,2020-11-25T23:36:12.860Z,sell,1.42e-06,837.0,0.0011885399999999
APPC/BTC,1606347382893,2020-11-25T23:36:22.893Z,buy,1.42e-06,168.0,0.00023856
APPC/BTC,1606347922486,2020-11-25T23:45:22.486Z,buy,1.42e-06,671.0,0.00095282
APPC/BTC,1606347922486,2020-11-25T23:45:22.486Z,buy,1.42e-06,671.0,0.00095282
APPC/BTC,1606348208927,2020-11-25T23:50:08.927Z,buy,1.42e-06,45304.0,0.06433168
APPC/BTC,1606348243225,2020-11-25T23:50:43.225Z,sell,1.41e-06,704.0,0.00099264
APPC/BTC,1606348243225,2020-11-25T23:50:43.225Z,sell,1.4e-06,15081.0,0.0211133999999999
APPC/BTC,1606348287249,2020-11-25T23:51:27.249Z,sell,1.4e-06,200.0,0.00028
APPC/BTC,1606348287496,2020-11-25T23:51:27.496Z,buy,1.42e-06,79.0,0.00011218
APPC/BTC,1606348329441,2020-11-25T23:52:09.441Z,buy,1.42e-06,12900.0,0.018318
APPC/BTC,1606348653356,2020-11-25T23:57:33.356Z,sell,1.41e-06,6375.0,0.00898875
APPC/BTC,1606348739361,2020-11-25T23:58:59.361Z,buy,1.42e-06,187.0,0.00026554
APPC/BTC,1606348844647,2020-11-26T00:00:44.647Z,sell,1.41e-06,55.0,7.755e-05
APPC/BTC,1606348862745,2020-11-26T00:01:02.745Z,buy,1.41e-06,959.0,0.00135219
APPC/BTC,1606349045002,2020-11-26T00:04:05.002Z,buy,1.41e-06,6445.0,0.00908745
APPC/BTC,1606349300934,2020-11-26T00:08:20.934Z,buy,1.41e-06,963.0,0.00135783
APPC/BTC,1606349300934,2020-11-26T00:08:20.934Z,buy,1.42e-06,895.0,0.0012709
APPC/BTC,1606349300934,2020-11-26T00:08:20.934Z,buy,1.43e-06,2784.0,0.00398112
APPC/BTC,1606349321143,2020-11-26T00:08:41.143Z,sell,1.42e-06,837.0,0.0011885399999999
APPC/BTC,1606349321143,2020-11-26T00:08:41.143Z,sell,1.41e-06,1406.0,0.00198246
APPC/BTC,1606349321143,2020-11-26T00:08:41.143Z,sell,1.4e-06,17757.0,0.0248597999999999
APPC/BTC,1606349344709,2020-11-26T00:09:04.709Z,buy,1.42e-06,90.0,0.0001278
APPC/BTC,1606349413729,2020-11-26T00:10:13.729Z,buy,1.42e-06,84.0,0.00011928
APPC/BTC,1606349457091,2020-11-26T00:10:57.091Z,buy,1.42e-06,920.0,0.0013063999999999
APPC/BTC,1606349475166,2020-11-26T00:11:15.166Z,buy,1.43e-06,2215.0,0.00316745
APPC/BTC,1606349475166,2020-11-26T00:11:15.166Z,buy,1.44e-06,1617.0,0.00232848
APPC/BTC,1606349475166,2020-11-26T00:11:15.166Z,buy,1.45e-06,6168.0,0.0089436
APPC/BTC,1606349486947,2020-11-26T00:11:26.947Z,sell,1.43e-06,137.0,0.00019591
APPC/BTC,1606349486947,2020-11-26T00:11:26.947Z,sell,1.42e-06,3652.0,0.00518584
APPC/BTC,1606349486947,2020-11-26T00:11:26.947Z,sell,1.41e-06,211.0,0.00029751
APPC/BTC,1606349492336,2020-11-26T00:11:32.336Z,buy,1.43e-06,138.0,0.00019734
APPC/BTC,1606349492336,2020-11-26T00:11:32.336Z,buy,1.44e-06,137.0,0.00019728
APPC/BTC,1606349516917,2020-11-26T00:11:56.917Z,buy,1.45e-06,70.0,0.0001015
APPC/BTC,1606349521912,2020-11-26T00:12:01.912Z,sell,1.44e-06,414.0,0.00059616
APPC/BTC,1606349527549,2020-11-26T00:12:07.549Z,sell,1.43e-06,2056.0,0.00294008
APPC/BTC,1606349588087,2020-11-26T00:13:08.087Z,sell,1.42e-06,1085.0,0.0015406999999999
APPC/BTC,1606349608755,2020-11-26T00:13:28.755Z,buy,1.43e-06,167.0,0.00023881
APPC/BTC,1606349686188,2020-11-26T00:14:46.188Z,buy,1.43e-06,7880.0,0.0112684
APPC/BTC,1606349779890,2020-11-26T00:16:19.890Z,sell,1.42e-06,186.0,0.00026412
APPC/BTC,1606349887348,2020-11-26T00:18:07.348Z,buy,1.43e-06,607.0,0.00086801
APPC/BTC,1606349919931,2020-11-26T00:18:39.931Z,sell,1.42e-06,697.0,0.00098974
APPC/BTC,1606350094428,2020-11-26T00:21:34.428Z,sell,1.42e-06,7600.0,0.010792
APPC/BTC,1606350102514,2020-11-26T00:21:42.514Z,sell,1.42e-06,2800.0,0.0039759999999999
APPC/BTC,1606350387851,2020-11-26T00:26:27.851Z,buy,1.43e-06,13350.0,0.0190905
APPC/BTC,1606350553087,2020-11-26T00:29:13.087Z,sell,1.42e-06,88.0,0.00012496
APPC/BTC,1606350581332,2020-11-26T00:29:41.332Z,sell,1.42e-06,2460.0,0.0034931999999999
APPC/BTC,1606350595181,2020-11-26T00:29:55.181Z,buy,1.42e-06,3707.0,0.00526394
APPC/BTC,1606350643193,2020-11-26T00:30:43.193Z,buy,1.42e-06,84.0,0.00011928
APPC/BTC,1606350848408,2020-11-26T00:34:08.408Z,sell,1.41e-06,1512.0,0.00213192
APPC/BTC,1606350851734,2020-11-26T00:34:11.734Z,buy,1.42e-06,1501.0,0.0021314199999999
APPC/BTC,1606351233073,2020-11-26T00:40:33.073Z,buy,1.42e-06,72.0,0.00010224
APPC/BTC,1606351411967,2020-11-26T00:43:31.967Z,buy,1.42e-06,173.0,0.00024566
APPC/BTC,1606351411967,2020-11-26T00:43:31.967Z,buy,1.42e-06,173.0,0.00024566
APPC/BTC,1606351639554,2020-11-26T00:47:19.554Z,buy,1.42e-06,3704.0,0.00525968
APPC/BTC,1606351743030,2020-11-26T00:49:03.030Z,sell,1.41e-06,245.0,0.00034545
APPC/BTC,1606351845398,2020-11-26T00:50:45.398Z,sell,1.41e-06,132.0,0.00018612
APPC/BTC,1606352263742,2020-11-26T00:57:43.742Z,sell,1.41e-06,6439.0,0.00907899
APPC/BTC,1606352443176,2020-11-26T01:00:43.176Z,buy,1.42e-06,89193.0,0.1266540599999999
APPC/BTC,1606352545182,2020-11-26T01:02:25.182Z,buy,1.43e-06,992.0,0.00141856
APPC/BTC,1606352545182,2020-11-26T01:02:25.182Z,buy,1.44e-06,1347.0,0.00193968
APPC/BTC,1606352545182,2020-11-26T01:02:25.182Z,buy,1.45e-06,161.0,0.00023345
APPC/BTC,1606352555396,2020-11-26T01:02:35.396Z,sell,1.44e-06,3642.0,0.00524448
APPC/BTC,1606352556475,2020-11-26T01:02:36.475Z,buy,1.45e-06,172289.0,0.24981905
APPC/BTC,1606352559288,2020-11-26T01:02:39.288Z,buy,1.46e-06,136253.0,0.19892938
APPC/BTC,1606352560925,2020-11-26T01:02:40.925Z,sell,1.44e-06,687.0,0.00098928
APPC/BTC,1606352561439,2020-11-26T01:02:41.439Z,buy,1.45e-06,2817.0,0.00408465
APPC/BTC,1606352561439,2020-11-26T01:02:41.439Z,buy,1.46e-06,23043.0,0.03364278
APPC/BTC,1606352561495,2020-11-26T01:02:41.495Z,sell,1.46e-06,3593.0,0.00524578
APPC/BTC,1606352561674,2020-11-26T01:02:41.674Z,sell,1.46e-06,5126.0,0.00748396
APPC/BTC,1606352562991,2020-11-26T01:02:42.991Z,sell,1.46e-06,8233.0,0.01202018
APPC/BTC,1606352563531,2020-11-26T01:02:43.531Z,buy,1.47e-06,149993.0,0.2204897099999999
APPC/BTC,1606352564380,2020-11-26T01:02:44.380Z,sell,1.47e-06,85.0,0.00012495
APPC/BTC,1606352565429,2020-11-26T01:02:45.429Z,buy,1.48e-06,259.0,0.00038332
APPC/BTC,1606352565735,2020-11-26T01:02:45.735Z,sell,1.47e-06,97.0,0.00014259
APPC/BTC,1606352566073,2020-11-26T01:02:46.073Z,sell,1.47e-06,17543.0,0.02578821
APPC/BTC,1606352567257,2020-11-26T01:02:47.257Z,buy,1.48e-06,5645.0,0.0083546
APPC/BTC,1606352567268,2020-11-26T01:02:47.268Z,sell,1.48e-06,409.0,0.00060532
APPC/BTC,1606352568900,2020-11-26T01:02:48.900Z,buy,1.49e-06,115121.0,0.17153029
APPC/BTC,1606352569930,2020-11-26T01:02:49.930Z,sell,1.47e-06,134.0,0.0001969799999999
APPC/BTC,1606352569930,2020-11-26T01:02:49.930Z,sell,1.46e-06,5652.0,0.00825192
APPC/BTC,1606352569930,2020-11-26T01:02:49.930Z,sell,1.45e-06,136.0,0.0001972
APPC/BTC,1606352569930,2020-11-26T01:02:49.930Z,sell,1.44e-06,689.0,0.00099216
APPC/BTC,1606352569930,2020-11-26T01:02:49.930Z,sell,1.43e-06,127.0,0.00018161
APPC/BTC,1606352569930,2020-11-26T01:02:49.930Z,sell,1.43e-06,237.0,0.00033891
APPC/BTC,1606352571325,2020-11-26T01:02:51.325Z,buy,1.45e-06,332.0,0.0004814
APPC/BTC,1606352577235,2020-11-26T01:02:57.235Z,buy,1.44e-06,137.0,0.00019728
APPC/BTC,1606352577235,2020-11-26T01:02:57.235Z,buy,1.45e-06,413.0,0.00059885
APPC/BTC,1606352578434,2020-11-26T01:02:58.434Z,buy,1.45e-06,128.0,0.0001856
APPC/BTC,1606352579583,2020-11-26T01:02:59.583Z,buy,1.45e-06,129.0,0.00018705
APPC/BTC,1606352581053,2020-11-26T01:03:01.053Z,buy,1.45e-06,684.0,0.0009918
APPC/BTC,1606352593822,2020-11-26T01:03:13.822Z,buy,1.44e-06,71.0,0.00010224
APPC/BTC,1606352601701,2020-11-26T01:03:21.701Z,buy,1.44e-06,435.0,0.0006263999999999
APPC/BTC,1606352610992,2020-11-26T01:03:30.992Z,buy,1.44e-06,41035.0,0.0590904
APPC/BTC,1606352641150,2020-11-26T01:04:01.150Z,sell,1.44e-06,1060.0,0.0015264
APPC/BTC,1606352678800,2020-11-26T01:04:38.800Z,buy,1.44e-06,3597.0,0.00517968
APPC/BTC,1606352693189,2020-11-26T01:04:53.189Z,buy,1.44e-06,3943.0,0.0056779199999999
APPC/BTC,1606352724186,2020-11-26T01:05:24.186Z,sell,1.43e-06,3085.0,0.00441155
APPC/BTC,1606352773141,2020-11-26T01:06:13.141Z,sell,1.43e-06,1113.0,0.00159159
APPC/BTC,1606352860748,2020-11-26T01:07:40.748Z,buy,1.44e-06,831.0,0.00119664
APPC/BTC,1606352861173,2020-11-26T01:07:41.173Z,sell,1.44e-06,1389.0,0.00200016
APPC/BTC,1606352961759,2020-11-26T01:09:21.759Z,sell,1.44e-06,366.0,0.00052704
APPC/BTC,1606352965846,2020-11-26T01:09:25.846Z,sell,1.43e-06,321.0,0.00045903
APPC/BTC,1606353002177,2020-11-26T01:10:02.177Z,sell,1.44e-06,1190.0,0.0017136
APPC/BTC,1606353033902,2020-11-26T01:10:33.902Z,buy,1.45e-06,9687.0,0.01404615
APPC/BTC,1606353036970,2020-11-26T01:10:36.970Z,buy,1.46e-06,100.0,0.000146
APPC/BTC,1606353039339,2020-11-26T01:10:39.339Z,buy,1.46e-06,70.0,0.0001022
APPC/BTC,1606353051172,2020-11-26T01:10:51.172Z,buy,1.46e-06,727.0,0.00106142
APPC/BTC,1606353051374,2020-11-26T01:10:51.374Z,sell,1.46e-06,5432.0,0.00793072
APPC/BTC,1606353052153,2020-11-26T01:10:52.153Z,sell,1.46e-06,1117.0,0.00163082
APPC/BTC,1606353052750,2020-11-26T01:10:52.750Z,sell,1.46e-06,753.0,0.00109938
APPC/BTC,1606353055183,2020-11-26T01:10:55.183Z,sell,1.46e-06,1754.0,0.00256084
APPC/BTC,1606353057160,2020-11-26T01:10:57.160Z,buy,1.47e-06,747.0,0.00109809
APPC/BTC,1606353059129,2020-11-26T01:10:59.129Z,sell,1.47e-06,930.0,0.0013671
APPC/BTC,1606353060227,2020-11-26T01:11:00.227Z,sell,1.47e-06,1060.0,0.0015581999999999
APPC/BTC,1606353061405,2020-11-26T01:11:01.405Z,buy,1.48e-06,69.0,0.00010212
APPC/BTC,1606353062153,2020-11-26T01:11:02.153Z,buy,1.48e-06,2483.0,0.00367484
APPC/BTC,1606353062315,2020-11-26T01:11:02.315Z,sell,1.48e-06,2540.0,0.0037592
APPC/BTC,1606353072085,2020-11-26T01:11:12.085Z,buy,1.49e-06,66996.0,0.0998240399999999
APPC/BTC,1606353072107,2020-11-26T01:11:12.107Z,buy,1.49e-06,9451.0,0.0140819899999999
APPC/BTC,1606353079120,2020-11-26T01:11:19.120Z,buy,1.5e-06,12926.0,0.019389
APPC/BTC,1606353084528,2020-11-26T01:11:24.528Z,buy,1.51e-06,67.0,0.00010117
APPC/BTC,1606353088396,2020-11-26T01:11:28.396Z,sell,1.5e-06,2817.0,0.0042255
APPC/BTC,1606353089084,2020-11-26T01:11:29.084Z,buy,1.51e-06,66109.0,0.0998245899999999
APPC/BTC,1606353091426,2020-11-26T01:11:31.426Z,buy,1.51e-06,3067.0,0.0046311699999999
APPC/BTC,1606353092812,2020-11-26T01:11:32.812Z,sell,1.51e-06,114.0,0.00017214
APPC/BTC,1606353097198,2020-11-26T01:11:37.198Z,buy,1.52e-06,442.0,0.00067184
APPC/BTC,1606353098559,2020-11-26T01:11:38.559Z,sell,1.51e-06,2817.0,0.00425367
APPC/BTC,1606353101061,2020-11-26T01:11:41.061Z,sell,1.51e-06,16616.0,0.02509016
APPC/BTC,1606353101472,2020-11-26T01:11:41.472Z,buy,1.52e-06,65674.0,0.09982448
APPC/BTC,1606353102085,2020-11-26T01:11:42.085Z,sell,1.51e-06,100.0,0.0001509999999999
APPC/BTC,1606353102895,2020-11-26T01:11:42.895Z,sell,1.51e-06,76.0,0.0001147599999999
APPC/BTC,1606353105628,2020-11-26T01:11:45.628Z,buy,1.52e-06,65674.0,0.09982448
APPC/BTC,1606353108478,2020-11-26T01:11:48.478Z,buy,1.52e-06,67.0,0.00010184
APPC/BTC,1606353109168,2020-11-26T01:11:49.168Z,sell,1.51e-06,2797.0,0.00422347
APPC/BTC,1606353109210,2020-11-26T01:11:49.210Z,buy,1.52e-06,65674.0,0.09982448
APPC/BTC,1606353110799,2020-11-26T01:11:50.799Z,buy,1.52e-06,65674.0,0.09982448
APPC/BTC,1606353112798,2020-11-26T01:11:52.798Z,buy,1.52e-06,65674.0,0.09982448
APPC/BTC,1606353114372,2020-11-26T01:11:54.372Z,buy,1.52e-06,2342.0,0.00355984
APPC/BTC,1606353122672,2020-11-26T01:12:02.672Z,buy,1.52e-06,55883.0,0.08494216
APPC/BTC,1606353122958,2020-11-26T01:12:02.958Z,sell,1.51e-06,70.0,0.0001057
APPC/BTC,1606353127376,2020-11-26T01:12:07.376Z,buy,1.52e-06,57859.0,0.08794568
APPC/BTC,1606353130189,2020-11-26T01:12:10.189Z,sell,1.51e-06,2837.0,0.0042838699999999
APPC/BTC,1606353130910,2020-11-26T01:12:10.910Z,buy,1.52e-06,62482.0,0.09497264
APPC/BTC,1606353132216,2020-11-26T01:12:12.216Z,sell,1.51e-06,3675.0,0.0055492499999999
APPC/BTC,1606353134608,2020-11-26T01:12:14.608Z,buy,1.52e-06,1086.0,0.00165072
APPC/BTC,1606353135950,2020-11-26T01:12:15.950Z,buy,1.52e-06,60237.0,0.09156024
APPC/BTC,1606353136789,2020-11-26T01:12:16.789Z,sell,1.51e-06,6255.0,0.00944505
APPC/BTC,1606353139610,2020-11-26T01:12:19.610Z,buy,1.52e-06,65131.0,0.09899912
APPC/BTC,1606353141642,2020-11-26T01:12:21.642Z,buy,1.52e-06,36749.0,0.05585848
APPC/BTC,1606353141642,2020-11-26T01:12:21.642Z,buy,1.53e-06,22285.0,0.0340960499999999
APPC/BTC,1606353145475,2020-11-26T01:12:25.475Z,buy,1.53e-06,132.0,0.00020196
APPC/BTC,1606353146702,2020-11-26T01:12:26.702Z,sell,1.52e-06,2837.0,0.00431224
APPC/BTC,1606353147744,2020-11-26T01:12:27.744Z,sell,1.52e-06,2837.0,0.00431224
APPC/BTC,1606353149477,2020-11-26T01:12:29.477Z,sell,1.52e-06,82.0,0.00012464
APPC/BTC,1606353152732,2020-11-26T01:12:32.732Z,sell,1.52e-06,129.0,0.00019608
APPC/BTC,1606353153405,2020-11-26T01:12:33.405Z,buy,1.52e-06,366.0,0.00055632
APPC/BTC,1606353158746,2020-11-26T01:12:38.746Z,sell,1.51e-06,171.0,0.00025821
APPC/BTC,1606353158746,2020-11-26T01:12:38.746Z,sell,1.5e-06,2110.0,0.003165
APPC/BTC,1606353158746,2020-11-26T01:12:38.746Z,sell,1.49e-06,594.0,0.0008850599999999
APPC/BTC,1606353158746,2020-11-26T01:12:38.746Z,sell,1.48e-06,550.0,0.000814
APPC/BTC,1606353158746,2020-11-26T01:12:38.746Z,sell,1.47e-06,262.0,0.0003851399999999
APPC/BTC,1606353158746,2020-11-26T01:12:38.746Z,sell,1.46e-06,264.0,0.00038544
APPC/BTC,1606353158746,2020-11-26T01:12:38.746Z,sell,1.45e-06,1502.0,0.0021779
APPC/BTC,1606353158746,2020-11-26T01:12:38.746Z,sell,1.44e-06,24947.0,0.03592368
APPC/BTC,1606353159259,2020-11-26T01:12:39.259Z,buy,1.46e-06,682.0,0.00099572
APPC/BTC,1606353159361,2020-11-26T01:12:39.361Z,sell,1.46e-06,394.0,0.00057524
APPC/BTC,1606353159361,2020-11-26T01:12:39.361Z,sell,1.45e-06,387.0,0.00056115
APPC/BTC,1606353160361,2020-11-26T01:12:40.361Z,sell,1.45e-06,132.0,0.0001914
APPC/BTC,1606353161778,2020-11-26T01:12:41.778Z,sell,1.48e-06,135.0,0.0001998
APPC/BTC,1606353162204,2020-11-26T01:12:42.204Z,sell,1.48e-06,9.0,1.332e-05
APPC/BTC,1606353162204,2020-11-26T01:12:42.204Z,sell,1.46e-06,127.0,0.00018542
APPC/BTC,1606353169814,2020-11-26T01:12:49.814Z,buy,1.48e-06,134.0,0.00019832
APPC/BTC,1606353180522,2020-11-26T01:13:00.522Z,sell,1.48e-06,128.0,0.00018944
APPC/BTC,1606353180701,2020-11-26T01:13:00.701Z,sell,1.48e-06,1204.0,0.00178192
APPC/BTC,1606353181560,2020-11-26T01:13:01.560Z,sell,1.47e-06,129.0,0.0001896299999999
APPC/BTC,1606353182572,2020-11-26T01:13:02.572Z,sell,1.47e-06,684.0,0.00100548
APPC/BTC,1606353183597,2020-11-26T01:13:03.597Z,sell,1.48e-06,689.0,0.00101972
APPC/BTC,1606353185572,2020-11-26T01:13:05.572Z,sell,1.48e-06,1132.0,0.00167536
APPC/BTC,1606353185572,2020-11-26T01:13:05.572Z,sell,1.47e-06,3863.0,0.00567861
APPC/BTC,1606353199164,2020-11-26T01:13:19.164Z,buy,1.49e-06,1241.0,0.0018490899999999
APPC/BTC,1606353201616,2020-11-26T01:13:21.616Z,sell,1.49e-06,50664.0,0.0754893599999999
APPC/BTC,1606353209679,2020-11-26T01:13:29.679Z,sell,1.49e-06,127.0,0.00018923
APPC/BTC,1606353210333,2020-11-26T01:13:30.333Z,sell,1.49e-06,2778.0,0.00413922
APPC/BTC,1606353210608,2020-11-26T01:13:30.608Z,buy,1.5e-06,594.0,0.000891
APPC/BTC,1606353210608,2020-11-26T01:13:30.608Z,buy,1.51e-06,2364.0,0.00356964
APPC/BTC,1606353210608,2020-11-26T01:13:30.608Z,buy,1.52e-06,69772.0,0.10605344
APPC/BTC,1606353212361,2020-11-26T01:13:32.361Z,buy,1.51e-06,3150.0,0.0047564999999999
APPC/BTC,1606353212361,2020-11-26T01:13:32.361Z,buy,1.52e-06,65302.0,0.09925904
APPC/BTC,1606353213691,2020-11-26T01:13:33.691Z,buy,1.52e-06,61239.0,0.09308328
APPC/BTC,1606353215042,2020-11-26T01:13:35.042Z,buy,1.52e-06,61239.0,0.09308328
APPC/BTC,1606353215184,2020-11-26T01:13:35.184Z,buy,1.52e-06,3215.0,0.0048868
APPC/BTC,1606353216186,2020-11-26T01:13:36.186Z,buy,1.52e-06,64383.0,0.09786216
APPC/BTC,1606353216382,2020-11-26T01:13:36.382Z,sell,1.5e-06,131.0,0.0001965
APPC/BTC,1606353216382,2020-11-26T01:13:36.382Z,sell,1.49e-06,13.0,1.937e-05
APPC/BTC,1606353217712,2020-11-26T01:13:37.712Z,buy,1.52e-06,64383.0,0.09786216
APPC/BTC,1606353219062,2020-11-26T01:13:39.062Z,buy,1.52e-06,67.0,0.00010184
APPC/BTC,1606353219096,2020-11-26T01:13:39.096Z,buy,1.52e-06,64383.0,0.09786216
APPC/BTC,1606353220265,2020-11-26T01:13:40.265Z,buy,1.51e-06,131.0,0.00019781
APPC/BTC,1606353220265,2020-11-26T01:13:40.265Z,buy,1.52e-06,64318.0,0.09776336
APPC/BTC,1606353221488,2020-11-26T01:13:41.488Z,buy,1.52e-06,64322.0,0.09776944
APPC/BTC,1606353223266,2020-11-26T01:13:43.266Z,buy,1.52e-06,64322.0,0.09776944
APPC/BTC,1606353224583,2020-11-26T01:13:44.583Z,buy,1.52e-06,64322.0,0.09776944
APPC/BTC,1606353225867,2020-11-26T01:13:45.867Z,buy,1.52e-06,64322.0,0.09776944
APPC/BTC,1606353225886,2020-11-26T01:13:45.886Z,sell,1.51e-06,171.0,0.00025821
APPC/BTC,1606353225886,2020-11-26T01:13:45.886Z,sell,1.5e-06,2028.0,0.003042
APPC/BTC,1606353225886,2020-11-26T01:13:45.886Z,sell,1.49e-06,6899.0,0.0102795099999999
APPC/BTC,1606353225989,2020-11-26T01:13:45.989Z,buy,1.49e-06,6579.0,0.00980271
APPC/BTC,1606353226188,2020-11-26T01:13:46.188Z,sell,1.48e-06,1080.0,0.0015984
APPC/BTC,1606353226188,2020-11-26T01:13:46.188Z,sell,1.47e-06,608.0,0.00089376
APPC/BTC,1606353226612,2020-11-26T01:13:46.612Z,buy,1.49e-06,462.0,0.0006883799999999
APPC/BTC,1606353233147,2020-11-26T01:13:53.147Z,buy,1.49e-06,1526.0,0.00227374
APPC/BTC,1606353233147,2020-11-26T01:13:53.147Z,buy,1.5e-06,132.0,0.000198
APPC/BTC,1606353233147,2020-11-26T01:13:53.147Z,buy,1.51e-06,131.0,0.00019781
APPC/BTC,1606353233147,2020-11-26T01:13:53.147Z,buy,1.52e-06,1301.0,0.00197752
APPC/BTC,1606353233147,2020-11-26T01:13:53.147Z,buy,1.53e-06,61232.0,0.09368496
APPC/BTC,1606353235686,2020-11-26T01:13:55.686Z,buy,1.53e-06,67.0,0.0001025099999999
APPC/BTC,1606353236825,2020-11-26T01:13:56.825Z,buy,1.53e-06,131.0,0.00020043
APPC/BTC,1606353240733,2020-11-26T01:14:00.733Z,sell,1.51e-06,133.0,0.0002008299999999
APPC/BTC,1606353241754,2020-11-26T01:14:01.754Z,sell,1.5e-06,131.0,0.0001965
APPC/BTC,1606353242797,2020-11-26T01:14:02.797Z,sell,1.49e-06,132.0,0.00019668
APPC/BTC,1606353246736,2020-11-26T01:14:06.736Z,buy,1.49e-06,143.0,0.00021307
APPC/BTC,1606353249982,2020-11-26T01:14:09.982Z,buy,1.49e-06,149.0,0.00022201
APPC/BTC,1606353327853,2020-11-26T01:15:27.853Z,sell,1.48e-06,4425.0,0.006549
APPC/BTC,1606353327853,2020-11-26T01:15:27.853Z,sell,1.47e-06,8643.0,0.01270521
APPC/BTC,1606353327853,2020-11-26T01:15:27.853Z,sell,1.46e-06,1166.0,0.00170236
APPC/BTC,1606353327853,2020-11-26T01:15:27.853Z,sell,1.45e-06,2595.0,0.00376275
APPC/BTC,1606353327853,2020-11-26T01:15:27.853Z,sell,1.44e-06,261770.0,0.3769488
APPC/BTC,1606353327853,2020-11-26T01:15:27.853Z,sell,1.43e-06,154549.0,0.22100507
APPC/BTC,1606353327893,2020-11-26T01:15:27.893Z,buy,1.43e-06,365.0,0.00052195
APPC/BTC,1606353327894,2020-11-26T01:15:27.894Z,buy,1.43e-06,2516.0,0.00359788
APPC/BTC,1606353328059,2020-11-26T01:15:28.059Z,buy,1.43e-06,28621.0,0.04092803
APPC/BTC,1606353328074,2020-11-26T01:15:28.074Z,buy,1.43e-06,692.0,0.00098956
APPC/BTC,1606353328075,2020-11-26T01:15:28.075Z,buy,1.43e-06,82557.0,0.11805651
APPC/BTC,1606353328177,2020-11-26T01:15:28.177Z,buy,1.43e-06,56125.0,0.08025875
APPC/BTC,1606353328279,2020-11-26T01:15:28.279Z,buy,1.43e-06,85438.0,0.12217634
APPC/BTC,1606353328386,2020-11-26T01:15:28.386Z,buy,1.43e-06,85438.0,0.12217634
APPC/BTC,1606353328680,2020-11-26T01:15:28.680Z,buy,1.43e-06,79478.0,0.11365354
APPC/BTC,1606353328776,2020-11-26T01:15:28.776Z,buy,1.44e-06,78.0,0.00011232
APPC/BTC,1606353329966,2020-11-26T01:15:29.966Z,buy,1.44e-06,167.0,0.00024048
APPC/BTC,1606353330083,2020-11-26T01:15:30.083Z,buy,1.44e-06,5960.0,0.0085824
APPC/BTC,1606353330127,2020-11-26T01:15:30.127Z,sell,1.43e-06,124.0,0.00017732
APPC/BTC,1606353330127,2020-11-26T01:15:30.127Z,sell,1.42e-06,7.0,9.94e-06
APPC/BTC,1606353331481,2020-11-26T01:15:31.481Z,buy,1.44e-06,137.0,0.00019728
APPC/BTC,1606353331481,2020-11-26T01:15:31.481Z,buy,1.45e-06,27.0,3.915e-05
APPC/BTC,1606353371219,2020-11-26T01:16:11.219Z,sell,1.43e-06,79.0,0.00011297
APPC/BTC,1606353377357,2020-11-26T01:16:17.357Z,buy,1.44e-06,158.0,0.00022752
APPC/BTC,1606353387132,2020-11-26T01:16:27.132Z,buy,1.44e-06,536.0,0.00077184
APPC/BTC,1606353408680,2020-11-26T01:16:48.680Z,sell,1.43e-06,660.0,0.0009438
APPC/BTC,1606353429892,2020-11-26T01:17:09.892Z,buy,1.44e-06,4515.0,0.0065016
APPC/BTC,1606353433839,2020-11-26T01:17:13.839Z,buy,1.45e-06,4567.0,0.00662215
APPC/BTC,1606353436274,2020-11-26T01:17:16.274Z,buy,1.45e-06,4204.0,0.0060958
APPC/BTC,1606353444378,2020-11-26T01:17:24.378Z,buy,1.45e-06,1397.0,0.00202565
APPC/BTC,1606353447246,2020-11-26T01:17:27.246Z,buy,1.45e-06,4568.0,0.0066236
APPC/BTC,1606353454192,2020-11-26T01:17:34.192Z,buy,1.45e-06,689.0,0.00099905
APPC/BTC,1606353457986,2020-11-26T01:17:37.986Z,buy,1.45e-06,70.0,0.0001015
APPC/BTC,1606353462225,2020-11-26T01:17:42.225Z,buy,1.45e-06,34483.0,0.05000035
APPC/BTC,1606353467916,2020-11-26T01:17:47.916Z,sell,1.44e-06,82.0,0.00011808
APPC/BTC,1606353472754,2020-11-26T01:17:52.754Z,buy,1.45e-06,60756.0,0.0880962
APPC/BTC,1606353496197,2020-11-26T01:18:16.197Z,buy,1.46e-06,2117.0,0.00309082
APPC/BTC,1606353501762,2020-11-26T01:18:21.762Z,buy,1.46e-06,7181.0,0.01048426
APPC/BTC,1606353507770,2020-11-26T01:18:27.770Z,buy,1.46e-06,36877.0,0.05384042
APPC/BTC,1606353510255,2020-11-26T01:18:30.255Z,buy,1.46e-06,16104.0,0.02351184
APPC/BTC,1606353511105,2020-11-26T01:18:31.105Z,sell,1.46e-06,164.0,0.00023944
APPC/BTC,1606353514510,2020-11-26T01:18:34.510Z,sell,1.46e-06,59034.0,0.08618964
APPC/BTC,1606353558962,2020-11-26T01:19:18.962Z,sell,1.46e-06,132.0,0.00019272
APPC/BTC,1606353578239,2020-11-26T01:19:38.239Z,sell,1.46e-06,110.0,0.0001606
APPC/BTC,1606353601803,2020-11-26T01:20:01.803Z,sell,1.46e-06,126.0,0.00018396
APPC/BTC,1606353624336,2020-11-26T01:20:24.336Z,sell,1.46e-06,174.0,0.00025404
APPC/BTC,1606353628272,2020-11-26T01:20:28.272Z,sell,1.46e-06,50769.0,0.07412274
APPC/BTC,1606353634935,2020-11-26T01:20:34.935Z,buy,1.47e-06,100.0,0.000147
APPC/BTC,1606353635512,2020-11-26T01:20:35.512Z,buy,1.47e-06,100.0,0.000147
APPC/BTC,1606353662296,2020-11-26T01:21:02.296Z,sell,1.46e-06,116.0,0.00016936
APPC/BTC,1606353701931,2020-11-26T01:21:41.931Z,sell,1.46e-06,118.0,0.00017228
APPC/BTC,1606353714287,2020-11-26T01:21:54.287Z,sell,1.46e-06,1084.0,0.00158264
APPC/BTC,1606353720097,2020-11-26T01:22:00.097Z,buy,1.47e-06,5346.0,0.00785862
APPC/BTC,1606353720355,2020-11-26T01:22:00.355Z,sell,1.47e-06,80.0,0.0001175999999999
APPC/BTC,1606353721608,2020-11-26T01:22:01.608Z,sell,1.47e-06,167.0,0.00024549
APPC/BTC,1606353724400,2020-11-26T01:22:04.400Z,sell,1.47e-06,1790.0,0.0026312999999999
APPC/BTC,1606353724554,2020-11-26T01:22:04.554Z,sell,1.47e-06,90.0,0.0001323
APPC/BTC,1606353784337,2020-11-26T01:23:04.337Z,buy,1.48e-06,900.0,0.001332
APPC/BTC,1606353788554,2020-11-26T01:23:08.554Z,buy,1.48e-06,1253.0,0.00185444
APPC/BTC,1606353811137,2020-11-26T01:23:31.137Z,buy,1.49e-06,7169.0,0.01068181
APPC/BTC,1606353843259,2020-11-26T01:24:03.259Z,buy,1.49e-06,96752.0,0.1441604799999999
APPC/BTC,1606353844198,2020-11-26T01:24:04.198Z,buy,1.49e-06,400.0,0.000596
APPC/BTC,1606353844516,2020-11-26T01:24:04.516Z,buy,1.49e-06,11680.0,0.0174032
APPC/BTC,1606353845934,2020-11-26T01:24:05.934Z,sell,1.49e-06,4592.0,0.0068420799999999
APPC/BTC,1606353850582,2020-11-26T01:24:10.582Z,buy,1.5e-06,68.0,0.000102
APPC/BTC,1606353867616,2020-11-26T01:24:27.616Z,buy,1.5e-06,475.0,0.0007125
APPC/BTC,1606353879262,2020-11-26T01:24:39.262Z,sell,1.5e-06,68.0,0.000102
APPC/BTC,1606353892007,2020-11-26T01:24:52.007Z,sell,1.5e-06,5181.0,0.0077715
APPC/BTC,1606353907990,2020-11-26T01:25:07.990Z,sell,1.5e-06,70.0,0.000105
APPC/BTC,1606353919533,2020-11-26T01:25:19.533Z,sell,1.5e-06,8882.0,0.013323
APPC/BTC,1606353919533,2020-11-26T01:25:19.533Z,sell,1.49e-06,1252.0,0.0018654799999999
APPC/BTC,1606353919942,2020-11-26T01:25:19.942Z,sell,1.49e-06,10134.0,0.0150996599999999
APPC/BTC,1606353920436,2020-11-26T01:25:20.436Z,sell,1.49e-06,10123.0,0.01508327
APPC/BTC,1606353926393,2020-11-26T01:25:26.393Z,buy,1.51e-06,2424.0,0.00366024
APPC/BTC,1606353926393,2020-11-26T01:25:26.393Z,buy,1.52e-06,3488.0,0.00530176
APPC/BTC,1606353926393,2020-11-26T01:25:26.393Z,buy,1.53e-06,9441.0,0.01444473
APPC/BTC,1606353929079,2020-11-26T01:25:29.079Z,buy,1.53e-06,67.0,0.0001025099999999
APPC/BTC,1606353930377,2020-11-26T01:25:30.377Z,sell,1.51e-06,788.0,0.00118988
APPC/BTC,1606353952754,2020-11-26T01:25:52.754Z,buy,1.52e-06,3092.0,0.00469984
APPC/BTC,1606353952754,2020-11-26T01:25:52.754Z,buy,1.53e-06,55611.0,0.08508483
APPC/BTC,1606353956593,2020-11-26T01:25:56.593Z,sell,1.52e-06,73.0,0.00011096
APPC/BTC,1606353963028,2020-11-26T01:26:03.028Z,buy,1.53e-06,13280.0,0.0203184
APPC/BTC,1606353963028,2020-11-26T01:26:03.028Z,buy,1.54e-06,102187.0,0.15736798
APPC/BTC,1606353968597,2020-11-26T01:26:08.597Z,sell,1.53e-06,2173.0,0.00332469
APPC/BTC,1606353987076,2020-11-26T01:26:27.076Z,buy,1.54e-06,66.0,0.00010164
APPC/BTC,1606354002415,2020-11-26T01:26:42.415Z,sell,1.53e-06,8226.0,0.01258578
APPC/BTC,1606354003849,2020-11-26T01:26:43.849Z,buy,1.54e-06,4940.0,0.0076076
APPC/BTC,1606354007795,2020-11-26T01:26:47.795Z,buy,1.54e-06,7081.0,0.01090474
APPC/BTC,1606354008054,2020-11-26T01:26:48.054Z,buy,1.54e-06,7239.0,0.01114806
APPC/BTC,1606354009994,2020-11-26T01:26:49.994Z,buy,1.54e-06,1762.0,0.00271348
APPC/BTC,1606354011893,2020-11-26T01:26:51.893Z,buy,1.54e-06,441.0,0.00067914
APPC/BTC,1606354014637,2020-11-26T01:26:54.637Z,buy,1.54e-06,147.0,0.00022638
APPC/BTC,1606354024317,2020-11-26T01:27:04.317Z,sell,1.52e-06,554.0,0.00084208
APPC/BTC,1606354039625,2020-11-26T01:27:19.625Z,sell,1.51e-06,538.0,0.0008123799999999
APPC/BTC,1606354051263,2020-11-26T01:27:31.263Z,buy,1.52e-06,79.0,0.00012008
APPC/BTC,1606354058402,2020-11-26T01:27:38.402Z,buy,1.52e-06,5172.0,0.00786144
APPC/BTC,1606354058438,2020-11-26T01:27:38.438Z,sell,1.51e-06,367.0,0.00055417
APPC/BTC,1606354062293,2020-11-26T01:27:42.293Z,buy,1.52e-06,408.0,0.00062016
APPC/BTC,1606354066440,2020-11-26T01:27:46.440Z,sell,1.51e-06,775.0,0.0011702499999999
APPC/BTC,1606354073432,2020-11-26T01:27:53.432Z,buy,1.52e-06,665.0,0.0010108
APPC/BTC,1606354078303,2020-11-26T01:27:58.303Z,sell,1.51e-06,665.0,0.0010041499999999
APPC/BTC,1606354079276,2020-11-26T01:27:59.276Z,buy,1.52e-06,1057.0,0.00160664
APPC/BTC,1606354083307,2020-11-26T01:28:03.307Z,sell,1.51e-06,1057.0,0.00159607
APPC/BTC,1606354084276,2020-11-26T01:28:04.276Z,buy,1.52e-06,1040.0,0.0015808
APPC/BTC,1606354088277,2020-11-26T01:28:08.277Z,sell,1.51e-06,1040.0,0.0015704
APPC/BTC,1606354091432,2020-11-26T01:28:11.432Z,sell,1.51e-06,1265.0,0.00191015
APPC/BTC,1606354103286,2020-11-26T01:28:23.286Z,buy,1.52e-06,1024.0,0.00155648
APPC/BTC,1606354127165,2020-11-26T01:28:47.165Z,buy,1.52e-06,860.0,0.0013072
APPC/BTC,1606354127284,2020-11-26T01:28:47.284Z,sell,1.52e-06,4617.0,0.00701784
APPC/BTC,1606354144991,2020-11-26T01:29:04.991Z,sell,1.52e-06,1756.0,0.00266912
APPC/BTC,1606354186309,2020-11-26T01:29:46.309Z,sell,1.52e-06,1024.0,0.00155648
APPC/BTC,1606354216545,2020-11-26T01:30:16.545Z,buy,1.53e-06,1559.0,0.00238527
APPC/BTC,1606354218521,2020-11-26T01:30:18.521Z,buy,1.53e-06,650.0,0.0009945
APPC/BTC,1606354218521,2020-11-26T01:30:18.521Z,buy,1.54e-06,1167.0,0.00179718
APPC/BTC,1606354237222,2020-11-26T01:30:37.222Z,sell,1.53e-06,100.0,0.000153
APPC/BTC,1606354237777,2020-11-26T01:30:37.777Z,sell,1.53e-06,100.0,0.000153
APPC/BTC,1606354283168,2020-11-26T01:31:23.168Z,sell,1.53e-06,5471.0,0.00837063
APPC/BTC,1606354296309,2020-11-26T01:31:36.309Z,buy,1.54e-06,8895.0,0.0136983
APPC/BTC,1606354296379,2020-11-26T01:31:36.379Z,sell,1.54e-06,17205.0,0.0264957
APPC/BTC,1606354296566,2020-11-26T01:31:36.566Z,sell,1.54e-06,8590.0,0.0132286
APPC/BTC,1606354296663,2020-11-26T01:31:36.663Z,sell,1.54e-06,3979.0,0.00612766
APPC/BTC,1606354299075,2020-11-26T01:31:39.075Z,sell,1.54e-06,2257.0,0.00347578
APPC/BTC,1606354299267,2020-11-26T01:31:39.267Z,sell,1.54e-06,1127.0,0.00173558
APPC/BTC,1606354299929,2020-11-26T01:31:39.929Z,buy,1.55e-06,66.0,0.0001022999999999
APPC/BTC,1606354323616,2020-11-26T01:32:03.616Z,sell,1.54e-06,4593.0,0.00707322
APPC/BTC,1606354323655,2020-11-26T01:32:03.655Z,sell,1.54e-06,1185.0,0.0018249
APPC/BTC,1606354323784,2020-11-26T01:32:03.784Z,sell,1.54e-06,2189.0,0.00337106
APPC/BTC,1606354323876,2020-11-26T01:32:03.876Z,sell,1.54e-06,1094.0,0.00168476
APPC/BTC,1606354323928,2020-11-26T01:32:03.928Z,sell,1.54e-06,69.0,0.00010626
APPC/BTC,1606354347891,2020-11-26T01:32:27.891Z,sell,1.54e-06,71.0,0.00010934
APPC/BTC,1606354388086,2020-11-26T01:33:08.086Z,sell,1.54e-06,68.0,0.00010472
APPC/BTC,1606354396053,2020-11-26T01:33:16.053Z,buy,1.55e-06,7557.0,0.0117133499999999
APPC/BTC,1606354420188,2020-11-26T01:33:40.188Z,buy,1.55e-06,51731.0,0.08018305
APPC/BTC,1606354420364,2020-11-26T01:33:40.364Z,sell,1.55e-06,2006.0,0.0031093
APPC/BTC,1606354431133,2020-11-26T01:33:51.133Z,buy,1.56e-06,2786.0,0.00434616
APPC/BTC,1606354431226,2020-11-26T01:33:51.226Z,sell,1.56e-06,29000.0,0.04524
APPC/BTC,1606354431328,2020-11-26T01:33:51.328Z,sell,1.56e-06,14489.0,0.02260284
APPC/BTC,1606354431527,2020-11-26T01:33:51.527Z,sell,1.56e-06,6923.0,0.01079988
APPC/BTC,1606354433934,2020-11-26T01:33:53.934Z,sell,1.56e-06,3697.0,0.00576732
APPC/BTC,1606354434169,2020-11-26T01:33:54.169Z,sell,1.56e-06,1845.0,0.0028782
APPC/BTC,1606354434329,2020-11-26T01:33:54.329Z,sell,1.56e-06,922.0,0.00143832
APPC/BTC,1606354439800,2020-11-26T01:33:59.800Z,sell,1.56e-06,119.0,0.00018564
APPC/BTC,1606354447997,2020-11-26T01:34:07.997Z,sell,1.56e-06,68.0,0.00010608
APPC/BTC,1606354450491,2020-11-26T01:34:10.491Z,buy,1.57e-06,65.0,0.00010205
APPC/BTC,1606354475329,2020-11-26T01:34:35.329Z,buy,1.57e-06,22472.0,0.03528104
APPC/BTC,1606354475344,2020-11-26T01:34:35.344Z,sell,1.57e-06,750.0,0.0011775
APPC/BTC,1606354475446,2020-11-26T01:34:35.446Z,sell,1.57e-06,11276.0,0.01770332
APPC/BTC,1606354475552,2020-11-26T01:34:35.552Z,sell,1.57e-06,5634.0,0.00884538
APPC/BTC,1606354476228,2020-11-26T01:34:36.228Z,sell,1.57e-06,2801.0,0.00439757
APPC/BTC,1606354477192,2020-11-26T01:34:37.192Z,sell,1.57e-06,1394.0,0.00218858
APPC/BTC,1606354477244,2020-11-26T01:34:37.244Z,sell,1.57e-06,2086.0,0.00327502
APPC/BTC,1606354477351,2020-11-26T01:34:37.351Z,sell,1.57e-06,1043.0,0.00163751
APPC/BTC,1606354491553,2020-11-26T01:34:51.553Z,sell,1.57e-06,208333.0,0.32708281
APPC/BTC,1606354491569,2020-11-26T01:34:51.569Z,sell,1.57e-06,58808.0,0.09232856
APPC/BTC,1606354493104,2020-11-26T01:34:53.104Z,buy,1.58e-06,1804.0,0.00285032
APPC/BTC,1606354493558,2020-11-26T01:34:53.558Z,buy,1.58e-06,1834.0,0.00289772
APPC/BTC,1606354504670,2020-11-26T01:35:04.670Z,buy,1.58e-06,3676.0,0.0058080799999999
APPC/BTC,1606354504702,2020-11-26T01:35:04.702Z,buy,1.58e-06,442.0,0.00069836
APPC/BTC,1606354510496,2020-11-26T01:35:10.496Z,buy,1.57e-06,67.0,0.00010519
APPC/BTC,1606354510496,2020-11-26T01:35:10.496Z,buy,1.58e-06,41.0,6.478e-05
APPC/BTC,1606354518006,2020-11-26T01:35:18.006Z,buy,1.58e-06,1000.0,0.0015799999999999
APPC/BTC,1606354528287,2020-11-26T01:35:28.287Z,buy,1.58e-06,33624.0,0.05312592
APPC/BTC,1606354536369,2020-11-26T01:35:36.369Z,buy,1.58e-06,24657.0,0.0389580599999999
APPC/BTC,1606354536487,2020-11-26T01:35:36.487Z,sell,1.58e-06,8428.0,0.01331624
APPC/BTC,1606354536617,2020-11-26T01:35:36.617Z,sell,1.57e-06,81.0,0.00012717
APPC/BTC,1606354545537,2020-11-26T01:35:45.537Z,sell,1.57e-06,928.0,0.00145696
APPC/BTC,1606354556943,2020-11-26T01:35:56.943Z,buy,1.57e-06,7290.0,0.0114453
APPC/BTC,1606354556943,2020-11-26T01:35:56.943Z,buy,1.58e-06,5784.0,0.00913872
APPC/BTC,1606354556943,2020-11-26T01:35:56.943Z,buy,1.59e-06,36798.0,0.05850882
APPC/BTC,1606354562440,2020-11-26T01:36:02.440Z,sell,1.58e-06,124.0,0.0001959199999999
APPC/BTC,1606354568896,2020-11-26T01:36:08.896Z,buy,1.58e-06,64.0,0.00010112
APPC/BTC,1606354572842,2020-11-26T01:36:12.842Z,buy,1.58e-06,258.0,0.0004076399999999
APPC/BTC,1606354572842,2020-11-26T01:36:12.842Z,buy,1.59e-06,484.0,0.00076956
APPC/BTC,1606354585593,2020-11-26T01:36:25.593Z,sell,1.58e-06,64.0,0.00010112
APPC/BTC,1606354587355,2020-11-26T01:36:27.355Z,sell,1.57e-06,879.0,0.00138003
APPC/BTC,1606354587397,2020-11-26T01:36:27.397Z,buy,1.58e-06,8095.0,0.0127900999999999
APPC/BTC,1606354587397,2020-11-26T01:36:27.397Z,buy,1.59e-06,542.0,0.00086178
APPC/BTC,1606354589895,2020-11-26T01:36:29.895Z,sell,1.57e-06,986.0,0.00154802
APPC/BTC,1606354589895,2020-11-26T01:36:29.895Z,sell,1.56e-06,1938.0,0.00302328
APPC/BTC,1606354593129,2020-11-26T01:36:33.129Z,sell,1.56e-06,602.0,0.00093912
APPC/BTC,1606354595424,2020-11-26T01:36:35.424Z,buy,1.57e-06,75.0,0.00011775
APPC/BTC,1606354597259,2020-11-26T01:36:37.259Z,sell,1.56e-06,45719.0,0.07132164
APPC/BTC,1606354600665,2020-11-26T01:36:40.665Z,buy,1.56e-06,47159.0,0.07356804
APPC/BTC,1606354600665,2020-11-26T01:36:40.665Z,buy,1.57e-06,464.0,0.00072848
APPC/BTC,1606354600665,2020-11-26T01:36:40.665Z,buy,1.58e-06,1178.0,0.00186124
APPC/BTC,1606354600665,2020-11-26T01:36:40.665Z,buy,1.59e-06,37923.0,0.06029757
APPC/BTC,1606354600718,2020-11-26T01:36:40.718Z,sell,1.59e-06,75908.0,0.12069372
APPC/BTC,1606354601866,2020-11-26T01:36:41.866Z,sell,1.55e-06,5784.0,0.0089652
APPC/BTC,1606354603819,2020-11-26T01:36:43.819Z,buy,1.58e-06,124.0,0.0001959199999999
APPC/BTC,1606354606453,2020-11-26T01:36:46.453Z,sell,1.56e-06,126.0,0.00019656
APPC/BTC,1606354606453,2020-11-26T01:36:46.453Z,sell,1.55e-06,5389.0,0.00835295
APPC/BTC,1606354615481,2020-11-26T01:36:55.481Z,buy,1.56e-06,64.0,9.984e-05
APPC/BTC,1606354649324,2020-11-26T01:37:29.324Z,buy,1.56e-06,63.0,9.828e-05
APPC/BTC,1606354665025,2020-11-26T01:37:45.025Z,sell,1.55e-06,2459.0,0.00381145
APPC/BTC,1606354667396,2020-11-26T01:37:47.396Z,sell,1.55e-06,2442.0,0.0037851
APPC/BTC,1606354668296,2020-11-26T01:37:48.296Z,buy,1.56e-06,373.0,0.00058188
APPC/BTC,1606354670072,2020-11-26T01:37:50.072Z,buy,1.56e-06,677.0,0.00105612
APPC/BTC,1606354675063,2020-11-26T01:37:55.063Z,sell,1.55e-06,2442.0,0.0037851
APPC/BTC,1606354680137,2020-11-26T01:38:00.137Z,sell,1.55e-06,2442.0,0.0037851
APPC/BTC,1606354687422,2020-11-26T01:38:07.422Z,buy,1.56e-06,1549.0,0.00241644
APPC/BTC,1606354690273,2020-11-26T01:38:10.273Z,sell,1.55e-06,1542.0,0.0023901
APPC/BTC,1606354690273,2020-11-26T01:38:10.273Z,sell,1.54e-06,900.0,0.001386
APPC/BTC,1606354696606,2020-11-26T01:38:16.606Z,sell,1.54e-06,2442.0,0.00376068
APPC/BTC,1606354703639,2020-11-26T01:38:23.639Z,buy,1.55e-06,197.0,0.00030535
APPC/BTC,1606354706983,2020-11-26T01:38:26.983Z,sell,1.55e-06,2442.0,0.0037851
APPC/BTC,1606354707443,2020-11-26T01:38:27.443Z,sell,1.55e-06,1875.0,0.00290625
APPC/BTC,1606354712057,2020-11-26T01:38:32.057Z,sell,1.55e-06,2442.0,0.0037851
APPC/BTC,1606354714162,2020-11-26T01:38:34.162Z,sell,1.55e-06,2442.0,0.0037851
APPC/BTC,1606354749268,2020-11-26T01:39:09.268Z,sell,1.55e-06,2442.0,0.0037851
APPC/BTC,1606354762862,2020-11-26T01:39:22.862Z,sell,1.55e-06,2442.0,0.0037851
APPC/BTC,1606354771518,2020-11-26T01:39:31.518Z,sell,1.55e-06,2442.0,0.0037851
APPC/BTC,1606354782792,2020-11-26T01:39:42.792Z,buy,1.56e-06,2142.0,0.00334152
APPC/BTC,1606354795705,2020-11-26T01:39:55.705Z,sell,1.55e-06,548.0,0.0008493999999999
APPC/BTC,1606354798127,2020-11-26T01:39:58.127Z,buy,1.56e-06,229.0,0.00035724
APPC/BTC,1606354826545,2020-11-26T01:40:26.545Z,buy,1.56e-06,1948.0,0.00303888
APPC/BTC,1606354865523,2020-11-26T01:41:05.523Z,sell,1.56e-06,8628.0,0.01345968
APPC/BTC,1606354890355,2020-11-26T01:41:30.355Z,buy,1.57e-06,340.0,0.0005338
APPC/BTC,1606354900988,2020-11-26T01:41:40.988Z,sell,1.56e-06,2062.0,0.00321672
APPC/BTC,1606354904825,2020-11-26T01:41:44.825Z,buy,1.56e-06,2758.0,0.00430248
APPC/BTC,1606354963090,2020-11-26T01:42:43.090Z,buy,1.56e-06,3500.0,0.00546
APPC/BTC,1606354981137,2020-11-26T01:43:01.137Z,buy,1.56e-06,3801.0,0.00592956
APPC/BTC,1606354990892,2020-11-26T01:43:10.892Z,buy,1.56e-06,2879.0,0.00449124
APPC/BTC,1606355009822,2020-11-26T01:43:29.822Z,buy,1.57e-06,578.0,0.00090746
APPC/BTC,1606355009822,2020-11-26T01:43:29.822Z,buy,1.58e-06,7620.0,0.0120396
APPC/BTC,1606355010303,2020-11-26T01:43:30.303Z,sell,1.56e-06,755.0,0.0011778
APPC/BTC,1606355010303,2020-11-26T01:43:30.303Z,sell,1.56e-06,755.0,0.0011778
APPC/BTC,1606355012106,2020-11-26T01:43:32.106Z,buy,1.56e-06,2206.0,0.00344136
APPC/BTC,1606355012106,2020-11-26T01:43:32.106Z,buy,1.58e-06,649.0,0.00102542
APPC/BTC,1606355048457,2020-11-26T01:44:08.457Z,sell,1.57e-06,66.0,0.00010362
APPC/BTC,1606355108946,2020-11-26T01:45:08.946Z,sell,1.57e-06,1580.0,0.0024806
APPC/BTC,1606355108946,2020-11-26T01:45:08.946Z,sell,1.56e-06,2049.0,0.00319644
APPC/BTC,1606355108946,2020-11-26T01:45:08.946Z,sell,1.55e-06,96371.0,0.14937505
APPC/BTC,1606355113259,2020-11-26T01:45:13.259Z,buy,1.56e-06,65.0,0.0001014
APPC/BTC,1606355119873,2020-11-26T01:45:19.873Z,sell,1.54e-06,33352.0,0.05136208
APPC/BTC,1606355119873,2020-11-26T01:45:19.873Z,sell,1.53e-06,1695.0,0.00259335
APPC/BTC,1606355176629,2020-11-26T01:46:16.629Z,buy,1.54e-06,673.0,0.00103642
APPC/BTC,1606355176629,2020-11-26T01:46:16.629Z,buy,1.55e-06,197.0,0.00030535
APPC/BTC,1606355176629,2020-11-26T01:46:16.629Z,buy,1.56e-06,832.0,0.00129792
APPC/BTC,1606355194694,2020-11-26T01:46:34.694Z,sell,1.55e-06,414.0,0.0006417
APPC/BTC,1606355284488,2020-11-26T01:48:04.488Z,sell,1.54e-06,197.0,0.00030338
APPC/BTC,1606355288212,2020-11-26T01:48:08.212Z,sell,1.53e-06,634.0,0.0009700199999999
APPC/BTC,1606355296275,2020-11-26T01:48:16.275Z,sell,1.53e-06,11907.0,0.0182177099999999
APPC/BTC,1606355305441,2020-11-26T01:48:25.441Z,buy,1.54e-06,3451.0,0.00531454
APPC/BTC,1606355325854,2020-11-26T01:48:45.854Z,sell,1.53e-06,1832.0,0.0028029599999999
APPC/BTC,1606355341035,2020-11-26T01:49:01.035Z,sell,1.53e-06,6784.0,0.01037952
APPC/BTC,1606355380722,2020-11-26T01:49:40.722Z,buy,1.54e-06,80.0,0.0001232
APPC/BTC,1606355386199,2020-11-26T01:49:46.199Z,sell,1.53e-06,20136.0,0.0308080799999999
APPC/BTC,1606355392635,2020-11-26T01:49:52.635Z,buy,1.53e-06,307.0,0.00046971
APPC/BTC,1606355396474,2020-11-26T01:49:56.474Z,buy,1.53e-06,4279.0,0.00654687
APPC/BTC,1606355460545,2020-11-26T01:51:00.545Z,sell,1.52e-06,14978.0,0.02276656
APPC/BTC,1606355467544,2020-11-26T01:51:07.544Z,sell,1.52e-06,11816.0,0.01796032
APPC/BTC,1606355469179,2020-11-26T01:51:09.179Z,sell,1.51e-06,643.0,0.00097093
APPC/BTC,1606355469463,2020-11-26T01:51:09.463Z,buy,1.51e-06,2149.0,0.0032449899999999
APPC/BTC,1606355470187,2020-11-26T01:51:10.187Z,buy,1.51e-06,1418.0,0.00214118
APPC/BTC,1606355473217,2020-11-26T01:51:13.217Z,sell,1.5e-06,7230.0,0.010845
APPC/BTC,1606355474725,2020-11-26T01:51:14.725Z,sell,1.49e-06,70.0,0.0001043
APPC/BTC,1606355474726,2020-11-26T01:51:14.726Z,sell,1.49e-06,958.0,0.00142742
APPC/BTC,1606355477157,2020-11-26T01:51:17.157Z,sell,1.49e-06,6263.0,0.0093318699999999
APPC/BTC,1606355477270,2020-11-26T01:51:17.270Z,sell,1.49e-06,10785.0,0.0160696499999999
APPC/BTC,1606355477308,2020-11-26T01:51:17.308Z,buy,1.49e-06,1311.0,0.0019533899999999
APPC/BTC,1606355478022,2020-11-26T01:51:18.022Z,buy,1.49e-06,471.0,0.00070179
APPC/BTC,1606355479442,2020-11-26T01:51:19.442Z,sell,1.48e-06,1197.0,0.00177156
APPC/BTC,1606355481306,2020-11-26T01:51:21.306Z,sell,1.48e-06,7928.0,0.01173344
APPC/BTC,1606355481879,2020-11-26T01:51:21.879Z,sell,1.48e-06,1573.0,0.00232804
APPC/BTC,1606355482068,2020-11-26T01:51:22.068Z,buy,1.48e-06,743.0,0.00109964
APPC/BTC,1606355485946,2020-11-26T01:51:25.946Z,sell,1.47e-06,29619.0,0.04353993
APPC/BTC,1606355487099,2020-11-26T01:51:27.099Z,buy,1.48e-06,1348.0,0.00199504
APPC/BTC,1606355487356,2020-11-26T01:51:27.356Z,buy,1.48e-06,1618.0,0.00239464
APPC/BTC,1606355492189,2020-11-26T01:51:32.189Z,buy,1.48e-06,384.0,0.00056832
APPC/BTC,1606355499681,2020-11-26T01:51:39.681Z,buy,1.48e-06,11904.0,0.01761792
APPC/BTC,1606355502026,2020-11-26T01:51:42.026Z,sell,1.48e-06,1395.0,0.0020646
APPC/BTC,1606355505808,2020-11-26T01:51:45.808Z,sell,1.48e-06,128.0,0.00018944
APPC/BTC,1606355507611,2020-11-26T01:51:47.611Z,buy,1.49e-06,550.0,0.0008194999999999
APPC/BTC,1606355507611,2020-11-26T01:51:47.611Z,buy,1.5e-06,674.0,0.001011
APPC/BTC,1606355507611,2020-11-26T01:51:47.611Z,buy,1.51e-06,4920.0,0.0074291999999999
APPC/BTC,1606355507611,2020-11-26T01:51:47.611Z,buy,1.52e-06,1675.0,0.002546
APPC/BTC,1606355507611,2020-11-26T01:51:47.611Z,buy,1.53e-06,4058.0,0.00620874
APPC/BTC,1606355582716,2020-11-26T01:53:02.716Z,sell,1.51e-06,1547.0,0.0023359699999999
APPC/BTC,1606355610856,2020-11-26T01:53:30.856Z,sell,1.51e-06,147.0,0.00022197
APPC/BTC,1606355675340,2020-11-26T01:54:35.340Z,sell,1.51e-06,143.0,0.00021593
APPC/BTC,1606355719871,2020-11-26T01:55:19.871Z,sell,1.51e-06,1815.0,0.00274065
APPC/BTC,1606355736513,2020-11-26T01:55:36.513Z,buy,1.52e-06,290.0,0.0004408
APPC/BTC,1606355736513,2020-11-26T01:55:36.513Z,buy,1.53e-06,232.0,0.00035496
APPC/BTC,1606355776088,2020-11-26T01:56:16.088Z,sell,1.51e-06,8409.0,0.01269759
APPC/BTC,1606355780419,2020-11-26T01:56:20.419Z,sell,1.51e-06,135.0,0.00020385
APPC/BTC,1606355800529,2020-11-26T01:56:40.529Z,sell,1.51e-06,1366.0,0.00206266
APPC/BTC,1606355853571,2020-11-26T01:57:33.571Z,sell,1.5e-06,2609.0,0.0039135
APPC/BTC,1606355900419,2020-11-26T01:58:20.419Z,sell,1.5e-06,1265.0,0.0018975
APPC/BTC,1606355933082,2020-11-26T01:58:53.082Z,buy,1.51e-06,79.0,0.0001192899999999
APPC/BTC,1606356015870,2020-11-26T02:00:15.870Z,buy,1.51e-06,487.0,0.00073537
APPC/BTC,1606356021251,2020-11-26T02:00:21.251Z,sell,1.5e-06,33051.0,0.0495765
APPC/BTC,1606356034789,2020-11-26T02:00:34.789Z,buy,1.51e-06,327.0,0.0004937699999999
APPC/BTC,1606356058797,2020-11-26T02:00:58.797Z,buy,1.52e-06,168.0,0.00025536
APPC/BTC,1606356107371,2020-11-26T02:01:47.371Z,sell,1.51e-06,189.0,0.00028539
APPC/BTC,1606356116233,2020-11-26T02:01:56.233Z,sell,1.51e-06,5166.0,0.00780066
APPC/BTC,1606356144308,2020-11-26T02:02:24.308Z,sell,1.51e-06,103.0,0.00015553
APPC/BTC,1606356170006,2020-11-26T02:02:50.006Z,sell,1.51e-06,133.0,0.0002008299999999
APPC/BTC,1606356201355,2020-11-26T02:03:21.355Z,sell,1.51e-06,655.0,0.00098905
APPC/BTC,1606356209603,2020-11-26T02:03:29.603Z,sell,1.51e-06,198.0,0.00029898
APPC/BTC,1606356290444,2020-11-26T02:04:50.444Z,sell,1.51e-06,86.0,0.00012986
APPC/BTC,1606356320083,2020-11-26T02:05:20.083Z,sell,1.51e-06,742.0,0.00112042
APPC/BTC,1606356327669,2020-11-26T02:05:27.669Z,sell,1.51e-06,103.0,0.00015553
APPC/BTC,1606356345638,2020-11-26T02:05:45.638Z,sell,1.51e-06,2117.0,0.00319667
APPC/BTC,1606356435757,2020-11-26T02:07:15.757Z,buy,1.52e-06,1159.0,0.00176168
APPC/BTC,1606356480450,2020-11-26T02:08:00.450Z,sell,1.51e-06,140.0,0.0002114
APPC/BTC,1606356486856,2020-11-26T02:08:06.856Z,buy,1.52e-06,4766.0,0.00724432
APPC/BTC,1606356502712,2020-11-26T02:08:22.712Z,buy,1.53e-06,674.0,0.00103122
APPC/BTC,1606356502712,2020-11-26T02:08:22.712Z,buy,1.54e-06,81.0,0.00012474
APPC/BTC,1606356505365,2020-11-26T02:08:25.365Z,sell,1.53e-06,734.0,0.00112302
APPC/BTC,1606356513338,2020-11-26T02:08:33.338Z,sell,1.52e-06,15750.0,0.02394
APPC/BTC,1606356514064,2020-11-26T02:08:34.064Z,buy,1.52e-06,366.0,0.00055632
APPC/BTC,1606356518022,2020-11-26T02:08:38.022Z,buy,1.52e-06,27311.0,0.04151272
APPC/BTC,1606356520000,2020-11-26T02:08:40.000Z,buy,1.53e-06,129.0,0.00019737
APPC/BTC,1606356523467,2020-11-26T02:08:43.467Z,sell,1.53e-06,147.0,0.0002249099999999
APPC/BTC,1606356525215,2020-11-26T02:08:45.215Z,sell,1.53e-06,10439.0,0.01597167
APPC/BTC,1606356526677,2020-11-26T02:08:46.677Z,sell,1.53e-06,366.0,0.00055998
APPC/BTC,1606356527168,2020-11-26T02:08:47.168Z,buy,1.54e-06,2058.0,0.00316932
APPC/BTC,1606356527168,2020-11-26T02:08:47.168Z,buy,1.55e-06,23204.0,0.0359662
APPC/BTC,1606356527224,2020-11-26T02:08:47.224Z,sell,1.55e-06,197.0,0.00030535
APPC/BTC,1606356527614,2020-11-26T02:08:47.614Z,sell,1.55e-06,2194.0,0.0034007
APPC/BTC,1606356527673,2020-11-26T02:08:47.673Z,sell,1.55e-06,31460.0,0.048763
APPC/BTC,1606356527819,2020-11-26T02:08:47.819Z,sell,1.55e-06,1054.0,0.0016337
APPC/BTC,1606356527833,2020-11-26T02:08:47.833Z,sell,1.55e-06,16238.0,0.0251689
APPC/BTC,1606356527971,2020-11-26T02:08:47.971Z,sell,1.55e-06,8110.0,0.0125705
APPC/BTC,1606356528188,2020-11-26T02:08:48.188Z,sell,1.55e-06,4048.0,0.0062744
APPC/BTC,1606356528391,2020-11-26T02:08:48.391Z,sell,1.55e-06,2021.0,0.00313255
APPC/BTC,1606356528677,2020-11-26T02:08:48.677Z,sell,1.55e-06,1008.0,0.0015624
APPC/BTC,1606356534735,2020-11-26T02:08:54.735Z,buy,1.56e-06,2049.0,0.00319644
APPC/BTC,1606356550160,2020-11-26T02:09:10.160Z,buy,1.56e-06,65.0,0.0001014
APPC/BTC,1606356551254,2020-11-26T02:09:11.254Z,sell,1.55e-06,1158.0,0.0017948999999999
APPC/BTC,1606356554354,2020-11-26T02:09:14.354Z,buy,1.56e-06,65.0,0.0001014
APPC/BTC,1606356560715,2020-11-26T02:09:20.715Z,buy,1.56e-06,4101.0,0.00639756
APPC/BTC,1606356560795,2020-11-26T02:09:20.795Z,sell,1.56e-06,3855.0,0.0060138
APPC/BTC,1606356560999,2020-11-26T02:09:20.999Z,sell,1.56e-06,1924.0,0.00300144
APPC/BTC,1606356561201,2020-11-26T02:09:21.201Z,sell,1.56e-06,961.0,0.00149916
APPC/BTC,1606356561410,2020-11-26T02:09:21.410Z,sell,1.56e-06,697.0,0.00108732
APPC/BTC,1606356566852,2020-11-26T02:09:26.852Z,buy,1.56e-06,3538.0,0.00551928
APPC/BTC,1606356566852,2020-11-26T02:09:26.852Z,buy,1.57e-06,5379.0,0.00844503
APPC/BTC,1606356566852,2020-11-26T02:09:26.852Z,buy,1.58e-06,33879.0,0.05352882
APPC/BTC,1606356566852,2020-11-26T02:09:26.852Z,buy,1.59e-06,112284.0,0.17853156
APPC/BTC,1606356566898,2020-11-26T02:09:26.898Z,sell,1.59e-06,33129.0,0.05267511
APPC/BTC,1606356567610,2020-11-26T02:09:27.610Z,sell,1.59e-06,105.0,0.00016695
APPC/BTC,1606356578322,2020-11-26T02:09:38.322Z,buy,1.6e-06,64.0,0.0001024
APPC/BTC,1606356581009,2020-11-26T02:09:41.009Z,buy,1.6e-06,14045.0,0.022472
APPC/BTC,1606356588139,2020-11-26T02:09:48.139Z,sell,1.59e-06,3863.0,0.00614217
APPC/BTC,1606356588139,2020-11-26T02:09:48.139Z,sell,1.59e-06,649.0,0.00103191
APPC/BTC,1606356588139,2020-11-26T02:09:48.139Z,sell,1.59e-06,987.0,0.00156933
APPC/BTC,1606356599862,2020-11-26T02:09:59.862Z,buy,1.6e-06,29876.0,0.0478016
APPC/BTC,1606356602679,2020-11-26T02:10:02.679Z,buy,1.6e-06,1840.0,0.002944
APPC/BTC,1606356603558,2020-11-26T02:10:03.558Z,sell,1.59e-06,3864.0,0.00614376
APPC/BTC,1606356604432,2020-11-26T02:10:04.432Z,buy,1.6e-06,685.0,0.001096
APPC/BTC,1606356605164,2020-11-26T02:10:05.164Z,buy,1.6e-06,26063.0,0.0417007999999999
APPC/BTC,1606356606644,2020-11-26T02:10:06.644Z,buy,1.6e-06,3534.0,0.0056543999999999
APPC/BTC,1606356607113,2020-11-26T02:10:07.113Z,buy,1.61e-06,6892.0,0.01109612
APPC/BTC,1606356607113,2020-11-26T02:10:07.113Z,buy,1.62e-06,2140.0,0.0034668
APPC/BTC,1606356607113,2020-11-26T02:10:07.113Z,buy,1.63e-06,10469.0,0.01706447
APPC/BTC,1606356610514,2020-11-26T02:10:10.514Z,buy,1.63e-06,42100.0,0.068623
APPC/BTC,1606356610514,2020-11-26T02:10:10.514Z,buy,1.64e-06,16982.0,0.02785048
APPC/BTC,1606356610514,2020-11-26T02:10:10.514Z,buy,1.65e-06,42682.0,0.0704253
APPC/BTC,1606356612361,2020-11-26T02:10:12.361Z,buy,1.65e-06,62.0,0.0001023
APPC/BTC,1606356613995,2020-11-26T02:10:13.995Z,buy,1.65e-06,384.0,0.0006336
APPC/BTC,1606356614626,2020-11-26T02:10:14.626Z,buy,1.65e-06,172533.0,0.28467945
APPC/BTC,1606356615083,2020-11-26T02:10:15.083Z,buy,1.66e-06,426.0,0.00070716
APPC/BTC,1606356615664,2020-11-26T02:10:15.664Z,sell,1.65e-06,73.0,0.00012045
APPC/BTC,1606356615923,2020-11-26T02:10:15.923Z,buy,1.66e-06,941.0,0.0015620599999999
APPC/BTC,1606356615923,2020-11-26T02:10:15.923Z,buy,1.67e-06,6799.0,0.01135433
APPC/BTC,1606356616416,2020-11-26T02:10:16.416Z,sell,1.65e-06,3573.0,0.00589545
APPC/BTC,1606356617032,2020-11-26T02:10:17.032Z,buy,1.67e-06,1183.0,0.00197561
APPC/BTC,1606356618052,2020-11-26T02:10:18.052Z,buy,1.67e-06,581.0,0.00097027
APPC/BTC,1606356618938,2020-11-26T02:10:18.938Z,buy,1.67e-06,575.0,0.00096025
APPC/BTC,1606356619134,2020-11-26T02:10:19.134Z,buy,1.67e-06,61.0,0.00010187
APPC/BTC,1606356621567,2020-11-26T02:10:21.567Z,sell,1.66e-06,2600.0,0.004316
APPC/BTC,1606356623165,2020-11-26T02:10:23.165Z,buy,1.67e-06,3666.0,0.00612222
APPC/BTC,1606356624762,2020-11-26T02:10:24.762Z,sell,1.67e-06,118.0,0.00019706
APPC/BTC,1606356627734,2020-11-26T02:10:27.734Z,buy,1.68e-06,1057.0,0.00177576
APPC/BTC,1606356629347,2020-11-26T02:10:29.347Z,sell,1.67e-06,278.0,0.00046426
APPC/BTC,1606356630370,2020-11-26T02:10:30.370Z,buy,1.67e-06,137.0,0.00022879
APPC/BTC,1606356631723,2020-11-26T02:10:31.723Z,buy,1.67e-06,61.0,0.00010187
APPC/BTC,1606356631935,2020-11-26T02:10:31.935Z,buy,1.67e-06,5034.0,0.00840678
APPC/BTC,1606356633017,2020-11-26T02:10:33.017Z,buy,1.67e-06,2517.0,0.00420339
APPC/BTC,1606356634871,2020-11-26T02:10:34.871Z,buy,1.67e-06,3499.0,0.00584333
APPC/BTC,1606356635002,2020-11-26T02:10:35.002Z,sell,1.67e-06,658.0,0.00109886
APPC/BTC,1606356635830,2020-11-26T02:10:35.830Z,sell,1.67e-06,4991.0,0.00833497
APPC/BTC,1606356644051,2020-11-26T02:10:44.051Z,buy,1.68e-06,16256.0,0.02731008
APPC/BTC,1606356647334,2020-11-26T02:10:47.334Z,buy,1.69e-06,60.0,0.0001014
APPC/BTC,1606356647345,2020-11-26T02:10:47.345Z,buy,1.69e-06,60.0,0.0001014
APPC/BTC,1606356650197,2020-11-26T02:10:50.197Z,buy,1.69e-06,1251.0,0.0021141899999999
APPC/BTC,1606356651233,2020-11-26T02:10:51.233Z,buy,1.69e-06,622.0,0.0010511799999999
APPC/BTC,1606356652504,2020-11-26T02:10:52.504Z,buy,1.69e-06,687.0,0.00116103
APPC/BTC,1606356654643,2020-11-26T02:10:54.643Z,buy,1.7e-06,307.0,0.0005219
APPC/BTC,1606356655739,2020-11-26T02:10:55.739Z,buy,1.7e-06,11267.0,0.0191539
APPC/BTC,1606356666433,2020-11-26T02:11:06.433Z,buy,1.7e-06,36086.0,0.0613462
APPC/BTC,1606356666899,2020-11-26T02:11:06.899Z,sell,1.69e-06,13503.0,0.0228200699999999
APPC/BTC,1606356666899,2020-11-26T02:11:06.899Z,sell,1.68e-06,9044.0,0.01519392
APPC/BTC,1606356667397,2020-11-26T02:11:07.397Z,buy,1.69e-06,423.0,0.0007148699999999
APPC/BTC,1606356670917,2020-11-26T02:11:10.917Z,buy,1.7e-06,15015.0,0.0255255
APPC/BTC,1606356670917,2020-11-26T02:11:10.917Z,buy,1.71e-06,1150.0,0.0019665
APPC/BTC,1606356670917,2020-11-26T02:11:10.917Z,buy,1.72e-06,2662.0,0.00457864
APPC/BTC,1606356675004,2020-11-26T02:11:15.004Z,buy,1.72e-06,59.0,0.00010148
APPC/BTC,1606356676298,2020-11-26T02:11:16.298Z,buy,1.72e-06,21503.0,0.03698516
APPC/BTC,1606356676440,2020-11-26T02:11:16.440Z,buy,1.72e-06,59.0,0.00010148
APPC/BTC,1606356677950,2020-11-26T02:11:17.950Z,sell,1.7e-06,118.0,0.0002006
APPC/BTC,1606356678483,2020-11-26T02:11:18.483Z,buy,1.7e-06,118.0,0.0002006
APPC/BTC,1606356678829,2020-11-26T02:11:18.829Z,buy,1.7e-06,352.0,0.0005984
APPC/BTC,1606356678829,2020-11-26T02:11:18.829Z,buy,1.71e-06,2049.0,0.0035037899999999
APPC/BTC,1606356678829,2020-11-26T02:11:18.829Z,buy,1.72e-06,8312.0,0.01429664
APPC/BTC,1606356680028,2020-11-26T02:11:20.028Z,buy,1.72e-06,775.0,0.001333
APPC/BTC,1606356680028,2020-11-26T02:11:20.028Z,buy,1.73e-06,21538.0,0.03726074
APPC/BTC,1606356680262,2020-11-26T02:11:20.262Z,sell,1.69e-06,1051.0,0.00177619
APPC/BTC,1606356683735,2020-11-26T02:11:23.735Z,buy,1.69e-06,115.0,0.0001943499999999
APPC/BTC,1606356686804,2020-11-26T02:11:26.804Z,buy,1.69e-06,326.0,0.00055094
APPC/BTC,1606356687096,2020-11-26T02:11:27.096Z,buy,1.69e-06,1175.0,0.00198575
APPC/BTC,1606356687096,2020-11-26T02:11:27.096Z,buy,1.71e-06,116.0,0.00019836
APPC/BTC,1606356687096,2020-11-26T02:11:27.096Z,buy,1.72e-06,1111.0,0.00191092
APPC/BTC,1606356687096,2020-11-26T02:11:27.096Z,buy,1.73e-06,4289.0,0.00741997
APPC/BTC,1606356688441,2020-11-26T02:11:28.441Z,sell,1.71e-06,1527.0,0.00261117
APPC/BTC,1606356688441,2020-11-26T02:11:28.441Z,sell,1.7e-06,2724.0,0.0046308
APPC/BTC,1606356688478,2020-11-26T02:11:28.478Z,sell,1.7e-06,70.0,0.000119
APPC/BTC,1606356688638,2020-11-26T02:11:28.638Z,sell,1.7e-06,3932.0,0.0066844
APPC/BTC,1606356689612,2020-11-26T02:11:29.612Z,sell,1.7e-06,417.0,0.0007089
APPC/BTC,1606356691658,2020-11-26T02:11:31.658Z,buy,1.71e-06,318.0,0.00054378
APPC/BTC,1606356692809,2020-11-26T02:11:32.809Z,buy,1.71e-06,59.0,0.0001008899999999
APPC/BTC,1606356693177,2020-11-26T02:11:33.177Z,sell,1.7e-06,61.0,0.0001037
APPC/BTC,1606356693925,2020-11-26T02:11:33.925Z,sell,1.7e-06,350.0,0.000595
APPC/BTC,1606356693925,2020-11-26T02:11:33.925Z,sell,1.69e-06,1833.0,0.0030977699999999
APPC/BTC,1606356697647,2020-11-26T02:11:37.647Z,sell,1.69e-06,2581.0,0.0043618899999999
APPC/BTC,1606356697712,2020-11-26T02:11:37.712Z,sell,1.69e-06,632.0,0.00106808
APPC/BTC,1606356699335,2020-11-26T02:11:39.335Z,buy,1.69e-06,9114.0,0.0154026599999999
APPC/BTC,1606356699703,2020-11-26T02:11:39.703Z,sell,1.7e-06,77.0,0.0001309
APPC/BTC,1606356700829,2020-11-26T02:11:40.829Z,sell,1.7e-06,2581.0,0.0043877
APPC/BTC,1606356703481,2020-11-26T02:11:43.481Z,buy,1.71e-06,862.0,0.00147402
APPC/BTC,1606356703481,2020-11-26T02:11:43.481Z,buy,1.72e-06,233.0,0.00040076
APPC/BTC,1606356704804,2020-11-26T02:11:44.804Z,buy,1.72e-06,537.0,0.00092364
APPC/BTC,1606356706174,2020-11-26T02:11:46.174Z,buy,1.72e-06,578.0,0.00099416
