symbol,timestamp,datetime,side,price,amount,btc_volume
APPC/BTC,1604686027169,2020-11-06T18:07:07.169Z,buy,1.81e-06,360.0,0.0006516
APPC/BTC,1604686223491,2020-11-06T18:10:23.491Z,sell,1.8e-06,94.0,0.0001692
APPC/BTC,1604686652470,2020-11-06T18:17:32.470Z,sell,1.8e-06,146.0,0.0002628
APPC/BTC,1604686677776,2020-11-06T18:17:57.776Z,sell,1.8e-06,91.0,0.0001638
APPC/BTC,1604686705756,2020-11-06T18:18:25.756Z,sell,1.8e-06,306.0,0.0005507999999999
APPC/BTC,1604686705756,2020-11-06T18:18:25.756Z,sell,1.79e-06,5839.0,0.01045181
APPC/BTC,1604686705756,2020-11-06T18:18:25.756Z,sell,1.78e-06,20055.0,0.0356979
APPC/BTC,1604686705756,2020-11-06T18:18:25.756Z,sell,1.77e-06,96154.0,0.17019258
APPC/BTC,1604686870239,2020-11-06T18:21:10.239Z,buy,1.79e-06,104.0,0.00018616
APPC/BTC,1604686938047,2020-11-06T18:22:18.047Z,sell,1.78e-06,107.0,0.00019046
APPC/BTC,1604687324004,2020-11-06T18:28:44.004Z,sell,1.79e-06,661.0,0.00118319
APPC/BTC,1604688257299,2020-11-06T18:44:17.299Z,sell,1.79e-06,1242.0,0.00222318
APPC/BTC,1604688595433,2020-11-06T18:49:55.433Z,sell,1.79e-06,176.0,0.00031504
APPC/BTC,1604688687920,2020-11-06T18:51:27.920Z,sell,1.79e-06,3237.0,0.00579423
APPC/BTC,1604688721787,2020-11-06T18:52:01.787Z,buy,1.79e-06,342.0,0.00061218
APPC/BTC,1604688756770,2020-11-06T18:52:36.770Z,sell,1.78e-06,133.0,0.00023674
APPC/BTC,1604688876192,2020-11-06T18:54:36.192Z,sell,1.78e-06,1028.0,0.00182984
APPC/BTC,1604688876192,2020-11-06T18:54:36.192Z,sell,1.77e-06,17355.0,0.03071835
APPC/BTC,1604688876871,2020-11-06T18:54:36.871Z,buy,1.77e-06,64.0,0.00011328
APPC/BTC,1604688877219,2020-11-06T18:54:37.219Z,sell,1.76e-06,4991.0,0.00878416
APPC/BTC,1604688885585,2020-11-06T18:54:45.585Z,buy,1.77e-06,5066.0,0.00896682
APPC/BTC,1604688892384,2020-11-06T18:54:52.384Z,buy,1.77e-06,6185.0,0.01094745
APPC/BTC,1604688893243,2020-11-06T18:54:53.243Z,sell,1.76e-06,17668.0,0.03109568
APPC/BTC,1604688905528,2020-11-06T18:55:05.528Z,buy,1.77e-06,11826.0,0.02093202
APPC/BTC,1604688919393,2020-11-06T18:55:19.393Z,buy,1.77e-06,299.0,0.00052923
APPC/BTC,1604688947880,2020-11-06T18:55:47.880Z,sell,1.76e-06,634.0,0.00111584
APPC/BTC,1604688948210,2020-11-06T18:55:48.210Z,sell,1.76e-06,1462.0,0.00257312
APPC/BTC,1604688948718,2020-11-06T18:55:48.718Z,sell,1.76e-06,744.0,0.00130944
APPC/BTC,1604688948802,2020-11-06T18:55:48.802Z,sell,1.76e-06,5659.0,0.00995984
APPC/BTC,1604688948813,2020-11-06T18:55:48.813Z,sell,1.76e-06,11914.0,0.02096864
APPC/BTC,1604688949830,2020-11-06T18:55:49.830Z,buy,1.77e-06,67.0,0.00011859
APPC/BTC,1604689027386,2020-11-06T18:57:07.386Z,sell,1.76e-06,145.0,0.0002552
APPC/BTC,1604689078840,2020-11-06T18:57:58.840Z,sell,1.76e-06,16548.0,0.02912448
APPC/BTC,1604689128343,2020-11-06T18:58:48.343Z,sell,1.76e-06,180.0,0.0003168
APPC/BTC,1604689184461,2020-11-06T18:59:44.461Z,sell,1.76e-06,363.0,0.00063888
APPC/BTC,1604689184461,2020-11-06T18:59:44.461Z,sell,1.76e-06,363.0,0.00063888
APPC/BTC,1604689319858,2020-11-06T19:01:59.858Z,buy,1.77e-06,332.0,0.00058764
APPC/BTC,1604690097993,2020-11-06T19:14:57.993Z,buy,1.78e-06,2599.0,0.0046262199999999
APPC/BTC,1604690152521,2020-11-06T19:15:52.521Z,buy,1.78e-06,5000.0,0.0089
APPC/BTC,1604691442816,2020-11-06T19:37:22.816Z,buy,1.78e-06,2248.0,0.00400144
APPC/BTC,1604691443536,2020-11-06T19:37:23.536Z,buy,1.78e-06,141.0,0.00025098
APPC/BTC,1604691444904,2020-11-06T19:37:24.904Z,buy,1.78e-06,85.0,0.0001513
APPC/BTC,1604691444964,2020-11-06T19:37:24.964Z,buy,1.78e-06,562.0,0.00100036
APPC/BTC,1604691445186,2020-11-06T19:37:25.186Z,buy,1.78e-06,113.0,0.00020114
APPC/BTC,1604691446250,2020-11-06T19:37:26.250Z,buy,1.78e-06,280.0,0.0004984
APPC/BTC,1604691448792,2020-11-06T19:37:28.792Z,buy,1.78e-06,842.0,0.00149876
APPC/BTC,1604691455048,2020-11-06T19:37:35.048Z,buy,1.78e-06,625.0,0.0011125
APPC/BTC,1604691826896,2020-11-06T19:43:46.896Z,buy,1.78e-06,232.0,0.00041296
APPC/BTC,1604691871174,2020-11-06T19:44:31.174Z,buy,1.79e-06,1167.0,0.00208893
APPC/BTC,1604691871174,2020-11-06T19:44:31.174Z,buy,1.79e-06,1167.0,0.00208893
APPC/BTC,1604692801248,2020-11-06T20:00:01.248Z,buy,1.79e-06,89.0,0.00015931
APPC/BTC,1604692805594,2020-11-06T20:00:05.594Z,sell,1.78e-06,565.0,0.0010057
APPC/BTC,1604692877893,2020-11-06T20:01:17.893Z,sell,1.78e-06,6297.0,0.0112086599999999
APPC/BTC,1604692969132,2020-11-06T20:02:49.132Z,sell,1.78e-06,197.0,0.00035066
APPC/BTC,1604693112264,2020-11-06T20:05:12.264Z,sell,1.78e-06,115.0,0.0002047
APPC/BTC,1604693137229,2020-11-06T20:05:37.229Z,sell,1.78e-06,1009.0,0.00179602
APPC/BTC,1604693163352,2020-11-06T20:06:03.352Z,buy,1.79e-06,784.0,0.00140336
APPC/BTC,1604693163352,2020-11-06T20:06:03.352Z,buy,1.8e-06,40664.0,0.0731952
APPC/BTC,1604693163352,2020-11-06T20:06:03.352Z,buy,1.81e-06,102404.0,0.18535124
APPC/BTC,1604693163377,2020-11-06T20:06:03.377Z,sell,1.81e-06,3486.0,0.00630966
APPC/BTC,1604693163477,2020-11-06T20:06:03.477Z,sell,1.81e-06,607.0,0.00109867
APPC/BTC,1604693164424,2020-11-06T20:06:04.424Z,sell,1.81e-06,607.0,0.00109867
APPC/BTC,1604693173124,2020-11-06T20:06:13.124Z,sell,1.81e-06,3477.0,0.00629337
APPC/BTC,1604693179543,2020-11-06T20:06:19.543Z,sell,1.81e-06,1484.0,0.00268604
APPC/BTC,1604693218424,2020-11-06T20:06:58.424Z,sell,1.8e-06,102.0,0.0001836
APPC/BTC,1604693286106,2020-11-06T20:08:06.106Z,buy,1.8e-06,333.0,0.0005993999999999
APPC/BTC,1604693534731,2020-11-06T20:12:14.731Z,buy,1.8e-06,686.0,0.0012347999999999
APPC/BTC,1604693609581,2020-11-06T20:13:29.581Z,buy,1.8e-06,12719.0,0.0228942
APPC/BTC,1604693618925,2020-11-06T20:13:38.925Z,sell,1.8e-06,3596.0,0.0064728
APPC/BTC,1604693770081,2020-11-06T20:16:10.081Z,sell,1.79e-06,19042.0,0.03408518
APPC/BTC,1604693825564,2020-11-06T20:17:05.564Z,sell,1.79e-06,197.0,0.00035263
APPC/BTC,1604693843164,2020-11-06T20:17:23.164Z,sell,1.79e-06,874.0,0.00156446
APPC/BTC,1604694095769,2020-11-06T20:21:35.769Z,sell,1.79e-06,29696.0,0.05315584
APPC/BTC,1604694140940,2020-11-06T20:22:20.940Z,sell,1.78e-06,16585.0,0.0295212999999999
APPC/BTC,1604694266926,2020-11-06T20:24:26.926Z,buy,1.79e-06,334.0,0.00059786
APPC/BTC,1604694460048,2020-11-06T20:27:40.048Z,buy,1.79e-06,4545.0,0.00813555
APPC/BTC,1604694820189,2020-11-06T20:33:40.189Z,buy,1.8e-06,556.0,0.0010008
APPC/BTC,1604694946490,2020-11-06T20:35:46.490Z,sell,1.79e-06,4753.0,0.00850787
APPC/BTC,1604694950424,2020-11-06T20:35:50.424Z,sell,1.79e-06,282.0,0.00050478
APPC/BTC,1604694950424,2020-11-06T20:35:50.424Z,sell,1.78e-06,1787.0,0.0031808599999999
APPC/BTC,1604694950424,2020-11-06T20:35:50.424Z,sell,1.77e-06,308.0,0.00054516
APPC/BTC,1604694950424,2020-11-06T20:35:50.424Z,sell,1.77e-06,1165.0,0.00206205
APPC/BTC,1604694953699,2020-11-06T20:35:53.699Z,sell,1.77e-06,1188.0,0.00210276
APPC/BTC,1604694956019,2020-11-06T20:35:56.019Z,sell,1.77e-06,1188.0,0.00210276
APPC/BTC,1604694992762,2020-11-06T20:36:32.762Z,buy,1.78e-06,104.0,0.00018512
APPC/BTC,1604695101303,2020-11-06T20:38:21.303Z,sell,1.78e-06,99.0,0.00017622
APPC/BTC,1604695384011,2020-11-06T20:43:04.011Z,buy,1.79e-06,104.0,0.00018616
APPC/BTC,1604695385960,2020-11-06T20:43:05.960Z,sell,1.79e-06,1121.0,0.00200659
APPC/BTC,1604695401993,2020-11-06T20:43:21.993Z,buy,1.8e-06,18836.0,0.0339048
APPC/BTC,1604695401993,2020-11-06T20:43:21.993Z,buy,1.8e-06,18836.0,0.0339048
APPC/BTC,1604695770009,2020-11-06T20:49:30.009Z,sell,1.78e-06,5415.0,0.0096387
APPC/BTC,1604696124115,2020-11-06T20:55:24.115Z,sell,1.78e-06,3265.0,0.0058116999999999
APPC/BTC,1604696145325,2020-11-06T20:55:45.325Z,buy,1.79e-06,334.0,0.00059786
APPC/BTC,1604696472451,2020-11-06T21:01:12.451Z,sell,1.78e-06,171.0,0.00030438
APPC/BTC,1604696491676,2020-11-06T21:01:31.676Z,sell,1.78e-06,3057.0,0.0054414599999999
APPC/BTC,1604696519549,2020-11-06T21:01:59.549Z,sell,1.77e-06,82.0,0.00014514
APPC/BTC,1604696520662,2020-11-06T21:02:00.662Z,sell,1.77e-06,99.0,0.00017523
APPC/BTC,1604696532804,2020-11-06T21:02:12.804Z,sell,1.77e-06,8867.0,0.01569459
APPC/BTC,1604696532964,2020-11-06T21:02:12.964Z,sell,1.77e-06,1211.0,0.00214347
APPC/BTC,1604696568624,2020-11-06T21:02:48.624Z,sell,1.77e-06,5005.0,0.00885885
APPC/BTC,1604696589336,2020-11-06T21:03:09.336Z,sell,1.77e-06,913.0,0.00161601
APPC/BTC,1604696593428,2020-11-06T21:03:13.428Z,sell,1.76e-06,758.0,0.00133408
APPC/BTC,1604696666287,2020-11-06T21:04:26.287Z,buy,1.78e-06,67.0,0.0001192599999999
APPC/BTC,1604696670203,2020-11-06T21:04:30.203Z,buy,1.78e-06,37.0,6.586e-05
APPC/BTC,1604696672968,2020-11-06T21:04:32.968Z,sell,1.77e-06,104.0,0.0001840799999999
APPC/BTC,1604696674074,2020-11-06T21:04:34.074Z,sell,1.77e-06,10689.0,0.01891953
APPC/BTC,1604696705427,2020-11-06T21:05:05.427Z,sell,1.76e-06,338.0,0.00059488
APPC/BTC,1604696821253,2020-11-06T21:07:01.253Z,buy,1.78e-06,104.0,0.00018512
APPC/BTC,1604696892125,2020-11-06T21:08:12.125Z,sell,1.77e-06,200.0,0.000354
APPC/BTC,1604696972604,2020-11-06T21:09:32.604Z,sell,1.77e-06,696.0,0.00123192
APPC/BTC,1604696985602,2020-11-06T21:09:45.602Z,sell,1.77e-06,124.0,0.00021948
APPC/BTC,1604697363728,2020-11-06T21:16:03.728Z,sell,1.78e-06,6155.0,0.0109559
APPC/BTC,1604697363741,2020-11-06T21:16:03.741Z,sell,1.78e-06,11563.0,0.02058214
APPC/BTC,1604697364696,2020-11-06T21:16:04.696Z,sell,1.78e-06,83.0,0.00014774
APPC/BTC,1604697396250,2020-11-06T21:16:36.250Z,sell,1.78e-06,113.0,0.00020114
APPC/BTC,1604697422333,2020-11-06T21:17:02.333Z,sell,1.78e-06,184.0,0.00032752
APPC/BTC,1604697469637,2020-11-06T21:17:49.637Z,sell,1.78e-06,105.0,0.0001869
APPC/BTC,1604697501782,2020-11-06T21:18:21.782Z,sell,1.78e-06,99.0,0.00017622
APPC/BTC,1604697591748,2020-11-06T21:19:51.748Z,sell,1.78e-06,117.0,0.00020826
APPC/BTC,1604697608424,2020-11-06T21:20:08.424Z,sell,1.78e-06,57.0,0.00010146
APPC/BTC,1604697653803,2020-11-06T21:20:53.803Z,sell,1.78e-06,83.0,0.00014774
APPC/BTC,1604697714470,2020-11-06T21:21:54.470Z,sell,1.78e-06,540.0,0.0009611999999999
APPC/BTC,1604697714667,2020-11-06T21:21:54.667Z,sell,1.78e-06,3235.0,0.0057583
APPC/BTC,1604697716319,2020-11-06T21:21:56.319Z,sell,1.78e-06,919.0,0.0016358199999999
APPC/BTC,1604697897459,2020-11-06T21:24:57.459Z,buy,1.79e-06,140.0,0.0002506
APPC/BTC,1604697898865,2020-11-06T21:24:58.865Z,buy,1.79e-06,84.0,0.00015036
APPC/BTC,1604697898923,2020-11-06T21:24:58.923Z,buy,1.79e-06,559.0,0.00100061
APPC/BTC,1604697902620,2020-11-06T21:25:02.620Z,buy,1.79e-06,837.0,0.00149823
APPC/BTC,1604697967319,2020-11-06T21:26:07.319Z,sell,1.78e-06,1334.0,0.0023745199999999
APPC/BTC,1604698072131,2020-11-06T21:27:52.131Z,sell,1.78e-06,5442.0,0.0096867599999999
APPC/BTC,1604698129725,2020-11-06T21:28:49.725Z,sell,1.77e-06,27913.0,0.04940601
APPC/BTC,1604698156009,2020-11-06T21:29:16.009Z,buy,1.78e-06,104.0,0.00018512
APPC/BTC,1604698259887,2020-11-06T21:30:59.887Z,sell,1.77e-06,4673.0,0.00827121
APPC/BTC,1604698329136,2020-11-06T21:32:09.136Z,buy,1.79e-06,1744.0,0.00312176
APPC/BTC,1604698329136,2020-11-06T21:32:09.136Z,buy,1.79e-06,1744.0,0.00312176
APPC/BTC,1604699214938,2020-11-06T21:46:54.938Z,buy,1.79e-06,22849.0,0.04089971
APPC/BTC,1604699905470,2020-11-06T21:58:25.470Z,sell,1.78e-06,1656.0,0.00294768
APPC/BTC,1604699905470,2020-11-06T21:58:25.470Z,sell,1.77e-06,14431.0,0.02554287
APPC/BTC,1604699905470,2020-11-06T21:58:25.470Z,sell,1.76e-06,6762.0,0.01190112
APPC/BTC,1604699974009,2020-11-06T21:59:34.009Z,buy,1.78e-06,86.0,0.00015308
APPC/BTC,1604700101225,2020-11-06T22:01:41.225Z,buy,1.78e-06,141.0,0.00025098
APPC/BTC,1604700117772,2020-11-06T22:01:57.772Z,buy,1.79e-06,5230.0,0.0093617
APPC/BTC,1604700117772,2020-11-06T22:01:57.772Z,buy,1.8e-06,21077.0,0.0379385999999999
APPC/BTC,1604700249316,2020-11-06T22:04:09.316Z,sell,1.79e-06,2234.0,0.00399886
APPC/BTC,1604700402607,2020-11-06T22:06:42.607Z,sell,1.78e-06,63.0,0.00011214
APPC/BTC,1604700513930,2020-11-06T22:08:33.930Z,sell,1.78e-06,1688.0,0.00300464
APPC/BTC,1604701347692,2020-11-06T22:22:27.692Z,buy,1.79e-06,4555.0,0.00815345
APPC/BTC,1604701843578,2020-11-06T22:30:43.578Z,buy,1.79e-06,5237.0,0.00937423
APPC/BTC,1604701869789,2020-11-06T22:31:09.789Z,buy,1.79e-06,5238.0,0.00937602
APPC/BTC,1604701869789,2020-11-06T22:31:09.789Z,buy,1.79e-06,5238.0,0.00937602
APPC/BTC,1604702368692,2020-11-06T22:39:28.692Z,sell,1.78e-06,10475.0,0.0186455
APPC/BTC,1604703227852,2020-11-06T22:53:47.852Z,sell,1.78e-06,467.0,0.0008312599999999
APPC/BTC,1604704839709,2020-11-06T23:20:39.709Z,sell,1.78e-06,41035.0,0.0730422999999999
APPC/BTC,1604704897030,2020-11-06T23:21:37.030Z,buy,1.78e-06,336.0,0.00059808
APPC/BTC,1604704897030,2020-11-06T23:21:37.030Z,buy,1.78e-06,336.0,0.00059808
APPC/BTC,1604706401729,2020-11-06T23:46:41.729Z,buy,1.78e-06,102.0,0.00018156
APPC/BTC,1604706402848,2020-11-06T23:46:42.848Z,buy,1.78e-06,131.0,0.00023318
APPC/BTC,1604706581278,2020-11-06T23:49:41.278Z,buy,1.78e-06,141.0,0.00025098
APPC/BTC,1604706915202,2020-11-06T23:55:15.202Z,sell,1.77e-06,1527.0,0.00270279
APPC/BTC,1604706920678,2020-11-06T23:55:20.678Z,sell,1.77e-06,16930.0,0.0299661
APPC/BTC,1604706920678,2020-11-06T23:55:20.678Z,sell,1.76e-06,111751.0,0.19668176
APPC/BTC,1604706920678,2020-11-06T23:55:20.678Z,sell,1.75e-06,101631.0,0.17785425
APPC/BTC,1604707070117,2020-11-06T23:57:50.117Z,buy,1.77e-06,338.0,0.00059826
APPC/BTC,1604707079764,2020-11-06T23:57:59.764Z,buy,1.77e-06,2233.0,0.00395241
APPC/BTC,1604707081203,2020-11-06T23:58:01.203Z,buy,1.77e-06,6550.0,0.0115935
APPC/BTC,1604707229175,2020-11-07T00:00:29.175Z,sell,1.77e-06,82.0,0.00014514
APPC/BTC,1604707386056,2020-11-07T00:03:06.056Z,sell,1.77e-06,90.0,0.0001593
APPC/BTC,1604707390633,2020-11-07T00:03:10.633Z,buy,1.78e-06,2800.0,0.004984
APPC/BTC,1604707470366,2020-11-07T00:04:30.366Z,sell,1.77e-06,71.0,0.00012567
APPC/BTC,1604707865813,2020-11-07T00:11:05.813Z,buy,1.78e-06,211.0,0.00037558
APPC/BTC,1604707869018,2020-11-07T00:11:09.018Z,sell,1.77e-06,6740.0,0.0119298
APPC/BTC,1604708066112,2020-11-07T00:14:26.112Z,sell,1.77e-06,21740.0,0.0384798
APPC/BTC,1604708227499,2020-11-07T00:17:07.499Z,buy,1.78e-06,4227.0,0.00752406
APPC/BTC,1604708422822,2020-11-07T00:20:22.822Z,buy,1.78e-06,38903.0,0.0692473399999999
APPC/BTC,1604708489048,2020-11-07T00:21:29.048Z,sell,1.78e-06,213.0,0.00037914
APPC/BTC,1604708489308,2020-11-07T00:21:29.308Z,sell,1.78e-06,8148.0,0.01450344
APPC/BTC,1604708489308,2020-11-07T00:21:29.308Z,sell,1.78e-06,8148.0,0.01450344
APPC/BTC,1604708529283,2020-11-07T00:22:09.283Z,sell,1.78e-06,1373.0,0.00244394
APPC/BTC,1604709082560,2020-11-07T00:31:22.560Z,sell,1.78e-06,8708.0,0.0155002399999999
APPC/BTC,1604709368780,2020-11-07T00:36:08.780Z,buy,1.79e-06,4422.0,0.00791538
APPC/BTC,1604709488385,2020-11-07T00:38:08.385Z,sell,1.79e-06,57.0,0.00010203
APPC/BTC,1604709756032,2020-11-07T00:42:36.032Z,sell,1.79e-06,80.0,0.0001432
APPC/BTC,1604709761325,2020-11-07T00:42:41.325Z,sell,1.79e-06,170.0,0.0003043
APPC/BTC,1604709767096,2020-11-07T00:42:47.096Z,sell,1.79e-06,389.0,0.00069631
APPC/BTC,1604709780404,2020-11-07T00:43:00.404Z,sell,1.79e-06,198.0,0.00035442
APPC/BTC,1604709792676,2020-11-07T00:43:12.676Z,sell,1.79e-06,149.0,0.00026671
APPC/BTC,1604709828308,2020-11-07T00:43:48.308Z,sell,1.79e-06,1600.0,0.002864
APPC/BTC,1604709843280,2020-11-07T00:44:03.280Z,sell,1.79e-06,128.0,0.00022912
APPC/BTC,1604709852799,2020-11-07T00:44:12.799Z,sell,1.79e-06,8000.0,0.01432
APPC/BTC,1604709858163,2020-11-07T00:44:18.163Z,sell,1.79e-06,5000.0,0.00895
APPC/BTC,1604709900936,2020-11-07T00:45:00.936Z,sell,1.79e-06,103.0,0.00018437
APPC/BTC,1604709909082,2020-11-07T00:45:09.082Z,sell,1.79e-06,2599.0,0.00465221
APPC/BTC,1604709919729,2020-11-07T00:45:19.729Z,buy,1.8e-06,669.0,0.0012041999999999
APPC/BTC,1604709923915,2020-11-07T00:45:23.915Z,sell,1.79e-06,167.0,0.00029893
APPC/BTC,1604709944334,2020-11-07T00:45:44.334Z,sell,1.79e-06,3481.0,0.00623099
APPC/BTC,1604709969899,2020-11-07T00:46:09.899Z,sell,1.79e-06,9068.0,0.01623172
APPC/BTC,1604709978509,2020-11-07T00:46:18.509Z,sell,1.79e-06,2247.0,0.00402213
APPC/BTC,1604709984187,2020-11-07T00:46:24.187Z,sell,1.79e-06,2247.0,0.00402213
APPC/BTC,1604709986818,2020-11-07T00:46:26.818Z,sell,1.79e-06,2247.0,0.00402213
APPC/BTC,1604709990361,2020-11-07T00:46:30.361Z,sell,1.79e-06,2631.0,0.00470949
APPC/BTC,1604710127175,2020-11-07T00:48:47.175Z,sell,1.79e-06,122.0,0.00021838
APPC/BTC,1604710191763,2020-11-07T00:49:51.763Z,sell,1.79e-06,21199.0,0.03794621
APPC/BTC,1604711153346,2020-11-07T01:05:53.346Z,buy,1.8e-06,1057.0,0.0019026
APPC/BTC,1604711514375,2020-11-07T01:11:54.375Z,buy,1.8e-06,96.0,0.0001728
APPC/BTC,1604711514551,2020-11-07T01:11:54.551Z,buy,1.8e-06,97.0,0.0001746
APPC/BTC,1604711515478,2020-11-07T01:11:55.478Z,buy,1.8e-06,99.0,0.0001782
APPC/BTC,1604711691671,2020-11-07T01:14:51.671Z,buy,1.8e-06,127.0,0.0002286
APPC/BTC,1604711735727,2020-11-07T01:15:35.727Z,buy,1.8e-06,16666.0,0.0299988
APPC/BTC,1604711735740,2020-11-07T01:15:35.740Z,buy,1.8e-06,8404.0,0.0151271999999999
APPC/BTC,1604711816702,2020-11-07T01:16:56.702Z,sell,1.79e-06,96.0,0.00017184
APPC/BTC,1604711816702,2020-11-07T01:16:56.702Z,sell,1.79e-06,96.0,0.00017184
APPC/BTC,1604712191618,2020-11-07T01:23:11.618Z,buy,1.8e-06,65.0,0.000117
APPC/BTC,1604712192779,2020-11-07T01:23:12.779Z,buy,1.8e-06,65.0,0.000117
APPC/BTC,1604712241590,2020-11-07T01:24:01.590Z,sell,1.79e-06,300.0,0.000537
APPC/BTC,1604712283866,2020-11-07T01:24:43.866Z,buy,1.8e-06,58.0,0.0001043999999999
APPC/BTC,1604712285150,2020-11-07T01:24:45.150Z,buy,1.8e-06,82.0,0.0001475999999999
APPC/BTC,1604712370709,2020-11-07T01:26:10.709Z,buy,1.8e-06,144.0,0.0002592
APPC/BTC,1604712430507,2020-11-07T01:27:10.507Z,sell,1.79e-06,2890.0,0.0051731
APPC/BTC,1604712529711,2020-11-07T01:28:49.711Z,buy,1.8e-06,126.0,0.0002267999999999
APPC/BTC,1604712635156,2020-11-07T01:30:35.156Z,buy,1.8e-06,16666.0,0.0299988
APPC/BTC,1604712639201,2020-11-07T01:30:39.201Z,buy,1.8e-06,16666.0,0.0299988
APPC/BTC,1604712785185,2020-11-07T01:33:05.185Z,buy,1.8e-06,106.0,0.0001908
APPC/BTC,1604712810471,2020-11-07T01:33:30.471Z,buy,1.8e-06,72.0,0.0001296
APPC/BTC,1604712817717,2020-11-07T01:33:37.717Z,sell,1.79e-06,6050.0,0.0108295
APPC/BTC,1604712820598,2020-11-07T01:33:40.598Z,buy,1.8e-06,125.0,0.000225
APPC/BTC,1604712875984,2020-11-07T01:34:35.984Z,buy,1.8e-06,84.0,0.0001512
APPC/BTC,1604712895220,2020-11-07T01:34:55.220Z,buy,1.8e-06,108.0,0.0001943999999999
APPC/BTC,1604712896488,2020-11-07T01:34:56.488Z,buy,1.8e-06,102.0,0.0001836
APPC/BTC,1604712946069,2020-11-07T01:35:46.069Z,buy,1.8e-06,158.0,0.0002844
APPC/BTC,1604713016671,2020-11-07T01:36:56.671Z,buy,1.8e-06,122.0,0.0002196
APPC/BTC,1604713017719,2020-11-07T01:36:57.719Z,buy,1.8e-06,99.0,0.0001782
APPC/BTC,1604713040916,2020-11-07T01:37:20.916Z,buy,1.8e-06,111.0,0.0001997999999999
APPC/BTC,1604713107571,2020-11-07T01:38:27.571Z,buy,1.8e-06,1740.0,0.003132
APPC/BTC,1604713107743,2020-11-07T01:38:27.743Z,buy,1.8e-06,113.0,0.0002033999999999
APPC/BTC,1604713263589,2020-11-07T01:41:03.589Z,buy,1.8e-06,56.0,0.0001008
APPC/BTC,1604713302703,2020-11-07T01:41:42.703Z,buy,1.8e-06,125.0,0.000225
APPC/BTC,1604713533463,2020-11-07T01:45:33.463Z,buy,1.8e-06,16666.0,0.0299988
APPC/BTC,1604713538585,2020-11-07T01:45:38.585Z,buy,1.8e-06,11676.0,0.0210168
APPC/BTC,1604713595898,2020-11-07T01:46:35.898Z,sell,1.79e-06,3426.0,0.00613254
APPC/BTC,1604713734107,2020-11-07T01:48:54.107Z,sell,1.79e-06,17447.0,0.03123013
APPC/BTC,1604713785700,2020-11-07T01:49:45.700Z,buy,1.8e-06,95.0,0.0001709999999999
APPC/BTC,1604713805858,2020-11-07T01:50:05.858Z,buy,1.8e-06,133.0,0.0002394
APPC/BTC,1604713806689,2020-11-07T01:50:06.689Z,sell,1.79e-06,28242.0,0.05055318
APPC/BTC,1604713823050,2020-11-07T01:50:23.050Z,buy,1.8e-06,72.0,0.0001296
APPC/BTC,1604713874444,2020-11-07T01:51:14.444Z,sell,1.79e-06,2234.0,0.00399886
APPC/BTC,1604713879883,2020-11-07T01:51:19.883Z,sell,1.79e-06,2234.0,0.00399886
APPC/BTC,1604713883571,2020-11-07T01:51:23.571Z,buy,1.8e-06,118.0,0.0002123999999999
APPC/BTC,1604713974476,2020-11-07T01:52:54.476Z,buy,1.8e-06,128.0,0.0002304
APPC/BTC,1604714009401,2020-11-07T01:53:29.401Z,buy,1.8e-06,170.0,0.000306
APPC/BTC,1604714063534,2020-11-07T01:54:23.534Z,buy,1.8e-06,3019.0,0.0054342
APPC/BTC,1604714067219,2020-11-07T01:54:27.219Z,buy,1.8e-06,1464.0,0.0026352
APPC/BTC,1604714068617,2020-11-07T01:54:28.617Z,buy,1.8e-06,724.0,0.0013032
APPC/BTC,1604714075271,2020-11-07T01:54:35.271Z,buy,1.8e-06,9163.0,0.0164934
APPC/BTC,1604714075288,2020-11-07T01:54:35.288Z,buy,1.8e-06,1484.0,0.0026712
APPC/BTC,1604714080750,2020-11-07T01:54:40.750Z,buy,1.8e-06,7458.0,0.0134244
APPC/BTC,1604714080784,2020-11-07T01:54:40.784Z,buy,1.8e-06,7303.0,0.0131454
APPC/BTC,1604714080823,2020-11-07T01:54:40.823Z,buy,1.8e-06,11371.0,0.0204677999999999
APPC/BTC,1604714080838,2020-11-07T01:54:40.838Z,buy,1.8e-06,14143.0,0.0254573999999999
APPC/BTC,1604714080881,2020-11-07T01:54:40.881Z,buy,1.81e-06,7012.0,0.01269172
APPC/BTC,1604714083717,2020-11-07T01:54:43.717Z,buy,1.81e-06,15880.0,0.0287428
APPC/BTC,1604714084621,2020-11-07T01:54:44.621Z,buy,1.81e-06,5010.0,0.0090681
APPC/BTC,1604714090306,2020-11-07T01:54:50.306Z,sell,1.8e-06,1740.0,0.003132
APPC/BTC,1604714094335,2020-11-07T01:54:54.335Z,sell,1.8e-06,1472.0,0.0026496
APPC/BTC,1604714128806,2020-11-07T01:55:28.806Z,buy,1.81e-06,102.0,0.00018462
APPC/BTC,1604714128966,2020-11-07T01:55:28.966Z,buy,1.82e-06,1355.0,0.0024660999999999
APPC/BTC,1604714129949,2020-11-07T01:55:29.949Z,buy,1.82e-06,721.0,0.00131222
APPC/BTC,1604714130185,2020-11-07T01:55:30.185Z,buy,1.82e-06,795.0,0.0014468999999999
APPC/BTC,1604714130690,2020-11-07T01:55:30.690Z,buy,1.82e-06,786.0,0.00143052
APPC/BTC,1604714137240,2020-11-07T01:55:37.240Z,buy,1.82e-06,27748.0,0.0505013599999999
APPC/BTC,1604714176554,2020-11-07T01:56:16.554Z,buy,1.82e-06,143.0,0.00026026
APPC/BTC,1604714191457,2020-11-07T01:56:31.457Z,buy,1.82e-06,1277.0,0.0023241399999999
APPC/BTC,1604714191547,2020-11-07T01:56:31.547Z,buy,1.83e-06,473.0,0.00086559
APPC/BTC,1604714191631,2020-11-07T01:56:31.631Z,buy,1.83e-06,493.0,0.00090219
APPC/BTC,1604714191855,2020-11-07T01:56:31.855Z,buy,1.83e-06,165.0,0.00030195
APPC/BTC,1604714207232,2020-11-07T01:56:47.232Z,sell,1.82e-06,1208.0,0.00219856
APPC/BTC,1604714214563,2020-11-07T01:56:54.563Z,buy,1.83e-06,636.0,0.00116388
APPC/BTC,1604714214659,2020-11-07T01:56:54.659Z,buy,1.83e-06,2435.0,0.00445605
APPC/BTC,1604714227553,2020-11-07T01:57:07.553Z,sell,1.82e-06,113.0,0.00020566
APPC/BTC,1604714242463,2020-11-07T01:57:22.463Z,buy,1.83e-06,165.0,0.00030195
APPC/BTC,1604714242653,2020-11-07T01:57:22.653Z,buy,1.83e-06,167.0,0.00030561
APPC/BTC,1604714438113,2020-11-07T02:00:38.113Z,buy,1.83e-06,16393.0,0.02999919
APPC/BTC,1604714463976,2020-11-07T02:01:03.976Z,sell,1.82e-06,913.0,0.00166166
APPC/BTC,1604714520707,2020-11-07T02:02:00.707Z,sell,1.82e-06,3281.0,0.00597142
APPC/BTC,1604714545250,2020-11-07T02:02:25.250Z,buy,1.83e-06,172.0,0.00031476
APPC/BTC,1604714545294,2020-11-07T02:02:25.294Z,buy,1.83e-06,169.0,0.00030927
APPC/BTC,1604714615639,2020-11-07T02:03:35.639Z,sell,1.82e-06,94.0,0.00017108
APPC/BTC,1604714713269,2020-11-07T02:05:13.269Z,sell,1.82e-06,220.0,0.0004004
APPC/BTC,1604714713433,2020-11-07T02:05:13.433Z,sell,1.82e-06,124.0,0.00022568
APPC/BTC,1604714929039,2020-11-07T02:08:49.039Z,sell,1.82e-06,73.0,0.00013286
APPC/BTC,1604714942596,2020-11-07T02:09:02.596Z,buy,1.83e-06,223.0,0.00040809
APPC/BTC,1604714983835,2020-11-07T02:09:43.835Z,sell,1.82e-06,332.0,0.00060424
APPC/BTC,1604715107996,2020-11-07T02:11:47.996Z,buy,1.83e-06,17215.0,0.03150345
APPC/BTC,1604715107996,2020-11-07T02:11:47.996Z,buy,1.84e-06,5404.0,0.00994336
APPC/BTC,1604715107996,2020-11-07T02:11:47.996Z,buy,1.85e-06,29908.0,0.0553298
APPC/BTC,1604715108428,2020-11-07T02:11:48.428Z,sell,1.85e-06,7302.0,0.0135087
APPC/BTC,1604715110665,2020-11-07T02:11:50.665Z,sell,1.84e-06,958.0,0.00176272
APPC/BTC,1604715110665,2020-11-07T02:11:50.665Z,sell,1.83e-06,5404.0,0.00988932
APPC/BTC,1604715163298,2020-11-07T02:12:43.298Z,sell,1.84e-06,100.0,0.000184
APPC/BTC,1604715223804,2020-11-07T02:13:43.804Z,sell,1.83e-06,2197.0,0.00402051
APPC/BTC,1604715235999,2020-11-07T02:13:55.999Z,buy,1.84e-06,163.0,0.00029992
APPC/BTC,1604715335758,2020-11-07T02:15:35.758Z,buy,1.84e-06,795.0,0.0014628
APPC/BTC,1604715384428,2020-11-07T02:16:24.428Z,sell,1.84e-06,108.0,0.00019872
APPC/BTC,1604715384596,2020-11-07T02:16:24.596Z,sell,1.84e-06,108.0,0.00019872
APPC/BTC,1604715399708,2020-11-07T02:16:39.708Z,sell,1.84e-06,2234.0,0.00411056
APPC/BTC,1604715399708,2020-11-07T02:16:39.708Z,sell,1.84e-06,2234.0,0.00411056
APPC/BTC,1604715454867,2020-11-07T02:17:34.867Z,sell,1.84e-06,2564.0,0.00471776
APPC/BTC,1604715592638,2020-11-07T02:19:52.638Z,buy,1.85e-06,580.0,0.001073
APPC/BTC,1604715628879,2020-11-07T02:20:28.879Z,sell,1.84e-06,2197.0,0.00404248
APPC/BTC,1604715661215,2020-11-07T02:21:01.215Z,sell,1.84e-06,611.0,0.0011242399999999
APPC/BTC,1604715780466,2020-11-07T02:23:00.466Z,sell,1.84e-06,2658.0,0.00489072
APPC/BTC,1604715870742,2020-11-07T02:24:30.742Z,sell,1.84e-06,2435.0,0.0044804
APPC/BTC,1604716046894,2020-11-07T02:27:26.894Z,buy,1.85e-06,163.0,0.00030155
APPC/BTC,1604716086860,2020-11-07T02:28:06.860Z,buy,1.86e-06,2531.0,0.00470766
APPC/BTC,1604716086878,2020-11-07T02:28:06.878Z,sell,1.85e-06,648.0,0.0011988
APPC/BTC,1604716735838,2020-11-07T02:38:55.838Z,sell,1.84e-06,100.0,0.000184
APPC/BTC,1604716804527,2020-11-07T02:40:04.527Z,sell,1.84e-06,55.0,0.0001012
APPC/BTC,1604716954319,2020-11-07T02:42:34.319Z,sell,1.83e-06,12072.0,0.02209176
APPC/BTC,1604716980738,2020-11-07T02:43:00.738Z,buy,1.84e-06,266.0,0.00048944
APPC/BTC,1604717118825,2020-11-07T02:45:18.825Z,sell,1.81e-06,99.0,0.00017919
APPC/BTC,1604717219137,2020-11-07T02:46:59.137Z,buy,1.82e-06,65.0,0.0001183
APPC/BTC,1604717277545,2020-11-07T02:47:57.545Z,buy,1.82e-06,483.0,0.00087906
APPC/BTC,1604717414732,2020-11-07T02:50:14.732Z,sell,1.81e-06,1886.0,0.00341366
APPC/BTC,1604717414747,2020-11-07T02:50:14.747Z,sell,1.81e-06,672.0,0.00121632
APPC/BTC,1604717414869,2020-11-07T02:50:14.869Z,sell,1.81e-06,827.0,0.00149687
APPC/BTC,1604717586347,2020-11-07T02:53:06.347Z,sell,1.81e-06,113.0,0.00020453
APPC/BTC,1604718444834,2020-11-07T03:07:24.834Z,buy,1.82e-06,88.0,0.0001601599999999
APPC/BTC,1604718444991,2020-11-07T03:07:24.991Z,buy,1.82e-06,14.0,2.548e-05
APPC/BTC,1604718445877,2020-11-07T03:07:25.877Z,buy,1.83e-06,82.0,0.00015006
APPC/BTC,1604718446073,2020-11-07T03:07:26.073Z,buy,1.83e-06,547.0,0.00100101
APPC/BTC,1604718446179,2020-11-07T03:07:26.179Z,buy,1.83e-06,547.0,0.00100101
APPC/BTC,1604718446490,2020-11-07T03:07:26.490Z,buy,1.83e-06,110.0,0.0002013
APPC/BTC,1604718446535,2020-11-07T03:07:26.535Z,buy,1.83e-06,492.0,0.00090036
APPC/BTC,1604718446933,2020-11-07T03:07:26.933Z,buy,1.83e-06,547.0,0.00100101
APPC/BTC,1604718448482,2020-11-07T03:07:28.482Z,buy,1.83e-06,274.0,0.00050142
APPC/BTC,1604718449246,2020-11-07T03:07:29.246Z,buy,1.83e-06,819.0,0.00149877
APPC/BTC,1604718455675,2020-11-07T03:07:35.675Z,buy,1.83e-06,607.0,0.00111081
APPC/BTC,1604718455823,2020-11-07T03:07:35.823Z,buy,1.83e-06,928.0,0.00169824
APPC/BTC,1604718462498,2020-11-07T03:07:42.498Z,buy,1.83e-06,60.0,0.0001098
APPC/BTC,1604718481772,2020-11-07T03:08:01.772Z,buy,1.83e-06,131.0,0.00023973
APPC/BTC,1604718487570,2020-11-07T03:08:07.570Z,buy,1.83e-06,123.0,0.00022509
APPC/BTC,1604718796472,2020-11-07T03:13:16.472Z,buy,1.84e-06,72.0,0.00013248
APPC/BTC,1604718796472,2020-11-07T03:13:16.472Z,buy,1.84e-06,72.0,0.00013248
APPC/BTC,1604719024639,2020-11-07T03:17:04.639Z,sell,1.82e-06,545.0,0.0009919
APPC/BTC,1604719985023,2020-11-07T03:33:05.023Z,sell,1.82e-06,4974.0,0.00905268
APPC/BTC,1604720249623,2020-11-07T03:37:29.623Z,sell,1.82e-06,11564.0,0.02104648
APPC/BTC,1604720249623,2020-11-07T03:37:29.623Z,sell,1.81e-06,10612.0,0.01920772
APPC/BTC,1604720249623,2020-11-07T03:37:29.623Z,sell,1.8e-06,18600.0,0.0334799999999999
APPC/BTC,1604720285179,2020-11-07T03:38:05.179Z,buy,1.81e-06,102.0,0.00018462
APPC/BTC,1604720309578,2020-11-07T03:38:29.578Z,buy,1.82e-06,167.0,0.00030394
APPC/BTC,1604721808979,2020-11-07T04:03:28.979Z,sell,1.8e-06,679.0,0.0012222
APPC/BTC,1604721842776,2020-11-07T04:04:02.776Z,sell,1.8e-06,84.0,0.0001512
APPC/BTC,1604722153415,2020-11-07T04:09:13.415Z,buy,1.82e-06,549.0,0.00099918
APPC/BTC,1604722274269,2020-11-07T04:11:14.269Z,sell,1.8e-06,207.0,0.0003726
APPC/BTC,1604722274404,2020-11-07T04:11:14.404Z,sell,1.8e-06,123.0,0.0002214
APPC/BTC,1604722275544,2020-11-07T04:11:15.544Z,sell,1.8e-06,153.0,0.0002753999999999
APPC/BTC,1604722275705,2020-11-07T04:11:15.705Z,sell,1.8e-06,152.0,0.0002736
APPC/BTC,1604722391268,2020-11-07T04:13:11.268Z,sell,1.8e-06,99.0,0.0001782
APPC/BTC,1604722391268,2020-11-07T04:13:11.268Z,sell,1.8e-06,99.0,0.0001782
APPC/BTC,1604722470231,2020-11-07T04:14:30.231Z,sell,1.8e-06,144.0,0.0002592
APPC/BTC,1604722517449,2020-11-07T04:15:17.449Z,sell,1.8e-06,162.0,0.0002916
APPC/BTC,1604722628427,2020-11-07T04:17:08.427Z,sell,1.8e-06,68.0,0.0001224
APPC/BTC,1604722650224,2020-11-07T04:17:30.224Z,sell,1.8e-06,104.0,0.0001872
APPC/BTC,1604722724640,2020-11-07T04:18:44.640Z,sell,1.8e-06,114.0,0.0002052
APPC/BTC,1604723281994,2020-11-07T04:28:01.994Z,sell,1.8e-06,4799.0,0.0086382
APPC/BTC,1604723416750,2020-11-07T04:30:16.750Z,buy,1.82e-06,11325.0,0.0206114999999999
APPC/BTC,1604723444709,2020-11-07T04:30:44.709Z,buy,1.82e-06,550.0,0.001001
APPC/BTC,1604723460895,2020-11-07T04:31:00.895Z,sell,1.81e-06,89.0,0.00016109
APPC/BTC,1604723461032,2020-11-07T04:31:01.032Z,sell,1.81e-06,13.0,2.353e-05
APPC/BTC,1604723461032,2020-11-07T04:31:01.032Z,sell,1.8e-06,76.0,0.0001368
APPC/BTC,1604723687915,2020-11-07T04:34:47.915Z,sell,1.8e-06,11313.0,0.0203634
APPC/BTC,1604723740462,2020-11-07T04:35:40.462Z,buy,1.81e-06,216.0,0.00039096
APPC/BTC,1604724215544,2020-11-07T04:43:35.544Z,sell,1.8e-06,3992.0,0.0071855999999999
APPC/BTC,1604724761129,2020-11-07T04:52:41.129Z,buy,1.81e-06,5844.0,0.01057764
APPC/BTC,1604724935198,2020-11-07T04:55:35.198Z,sell,1.81e-06,20162.0,0.03649322
APPC/BTC,1604725066513,2020-11-07T04:57:46.513Z,sell,1.81e-06,117.0,0.00021177
APPC/BTC,1604725066928,2020-11-07T04:57:46.928Z,sell,1.81e-06,118.0,0.00021358
APPC/BTC,1604725497839,2020-11-07T05:04:57.839Z,sell,1.81e-06,118.0,0.00021358
APPC/BTC,1604725497990,2020-11-07T05:04:57.990Z,sell,1.81e-06,119.0,0.00021539
APPC/BTC,1604725502092,2020-11-07T05:05:02.092Z,buy,1.82e-06,118.0,0.0002147599999999
APPC/BTC,1604725502092,2020-11-07T05:05:02.092Z,buy,1.82e-06,118.0,0.0002147599999999
APPC/BTC,1604726218120,2020-11-07T05:16:58.120Z,sell,1.81e-06,132.0,0.00023892
APPC/BTC,1604726921813,2020-11-07T05:28:41.813Z,sell,1.81e-06,136.0,0.00024616
APPC/BTC,1604726951603,2020-11-07T05:29:11.603Z,sell,1.81e-06,1320.0,0.0023892
APPC/BTC,1604726951603,2020-11-07T05:29:11.603Z,sell,1.8e-06,26003.0,0.0468054
APPC/BTC,1604726953004,2020-11-07T05:29:13.004Z,buy,1.8e-06,588.0,0.0010584
APPC/BTC,1604726953089,2020-11-07T05:29:13.089Z,sell,1.81e-06,2844.0,0.00514764
APPC/BTC,1604728412467,2020-11-07T05:53:32.467Z,sell,1.8e-06,297.0,0.0005346
APPC/BTC,1604728504343,2020-11-07T05:55:04.343Z,buy,1.81e-06,102.0,0.00018462
APPC/BTC,1604728504343,2020-11-07T05:55:04.343Z,buy,1.81e-06,102.0,0.00018462
APPC/BTC,1604729530818,2020-11-07T06:12:10.818Z,buy,1.81e-06,78.0,0.00014118
APPC/BTC,1604729530964,2020-11-07T06:12:10.964Z,buy,1.81e-06,79.0,0.00014299
APPC/BTC,1604729543930,2020-11-07T06:12:23.930Z,buy,1.81e-06,122.0,0.00022082
APPC/BTC,1604729557414,2020-11-07T06:12:37.414Z,sell,1.8e-06,102.0,0.0001836
APPC/BTC,1604729568183,2020-11-07T06:12:48.183Z,sell,1.79e-06,2461.0,0.00440519
APPC/BTC,1604729590742,2020-11-07T06:13:10.742Z,sell,1.78e-06,72.0,0.00012816
APPC/BTC,1604729658444,2020-11-07T06:14:18.444Z,sell,1.79e-06,72.0,0.00012888
APPC/BTC,1604729838992,2020-11-07T06:17:18.992Z,buy,1.81e-06,7190.0,0.0130139
APPC/BTC,1604729838992,2020-11-07T06:17:18.992Z,buy,1.82e-06,47755.0,0.0869141
APPC/BTC,1604729861329,2020-11-07T06:17:41.329Z,sell,1.81e-06,102.0,0.00018462
APPC/BTC,1604729948881,2020-11-07T06:19:08.881Z,buy,1.82e-06,2256.0,0.00410592
APPC/BTC,1604730140894,2020-11-07T06:22:20.894Z,sell,1.81e-06,158.0,0.00028598
APPC/BTC,1604730207488,2020-11-07T06:23:27.488Z,buy,1.82e-06,102.0,0.00018564
APPC/BTC,1604730320032,2020-11-07T06:25:20.032Z,buy,1.83e-06,42086.0,0.07701738
APPC/BTC,1604730361087,2020-11-07T06:26:01.087Z,sell,1.83e-06,108.0,0.00019764
APPC/BTC,1604730413312,2020-11-07T06:26:53.312Z,buy,1.84e-06,6114.0,0.01124976
APPC/BTC,1604730474512,2020-11-07T06:27:54.512Z,sell,1.83e-06,330.0,0.0006039
APPC/BTC,1604730476752,2020-11-07T06:27:56.752Z,buy,1.84e-06,572.0,0.00105248
APPC/BTC,1604730476798,2020-11-07T06:27:56.798Z,sell,1.84e-06,6680.0,0.0122912
APPC/BTC,1604730806157,2020-11-07T06:33:26.157Z,sell,1.83e-06,91.0,0.00016653
APPC/BTC,1604731045468,2020-11-07T06:37:25.468Z,sell,1.83e-06,122.0,0.00022326
APPC/BTC,1604731108037,2020-11-07T06:38:28.037Z,sell,1.83e-06,189.0,0.00034587
APPC/BTC,1604731234361,2020-11-07T06:40:34.361Z,buy,1.84e-06,3241.0,0.0059634399999999
APPC/BTC,1604732039308,2020-11-07T06:53:59.308Z,buy,1.84e-06,5412.0,0.00995808
APPC/BTC,1604732039308,2020-11-07T06:53:59.308Z,buy,1.84e-06,5412.0,0.00995808
APPC/BTC,1604732177560,2020-11-07T06:56:17.560Z,sell,1.83e-06,1554.0,0.00284382
APPC/BTC,1604732185643,2020-11-07T06:56:25.643Z,sell,1.82e-06,17834.0,0.03245788
APPC/BTC,1604732214247,2020-11-07T06:56:54.247Z,buy,1.82e-06,214.0,0.00038948
APPC/BTC,1604732228650,2020-11-07T06:57:08.650Z,buy,1.82e-06,55.0,0.0001001
APPC/BTC,1604732258558,2020-11-07T06:57:38.558Z,buy,1.82e-06,269.0,0.00048958
APPC/BTC,1604732299676,2020-11-07T06:58:19.676Z,sell,1.81e-06,82.0,0.00014842
APPC/BTC,1604732676665,2020-11-07T07:04:36.665Z,buy,1.82e-06,3526.0,0.00641732
APPC/BTC,1604732853346,2020-11-07T07:07:33.346Z,sell,1.81e-06,1382.0,0.00250142
APPC/BTC,1604732855776,2020-11-07T07:07:35.776Z,sell,1.81e-06,1313.0,0.00237653
APPC/BTC,1604733555437,2020-11-07T07:19:15.437Z,sell,1.81e-06,105.0,0.00019005
APPC/BTC,1604733555653,2020-11-07T07:19:15.653Z,sell,1.81e-06,105.0,0.00019005
APPC/BTC,1604733676815,2020-11-07T07:21:16.815Z,buy,1.82e-06,102.0,0.00018564
APPC/BTC,1604733930383,2020-11-07T07:25:30.383Z,buy,1.82e-06,60.0,0.0001092
APPC/BTC,1604734063252,2020-11-07T07:27:43.252Z,buy,1.82e-06,6836.0,0.01244152
APPC/BTC,1604734086874,2020-11-07T07:28:06.874Z,sell,1.82e-06,116.0,0.00021112
APPC/BTC,1604734548461,2020-11-07T07:35:48.461Z,sell,1.82e-06,58.0,0.00010556
APPC/BTC,1604734550042,2020-11-07T07:35:50.042Z,sell,1.82e-06,71332.0,0.12982424
APPC/BTC,1604734550042,2020-11-07T07:35:50.042Z,sell,1.82e-06,71332.0,0.12982424
APPC/BTC,1604735849030,2020-11-07T07:57:29.030Z,buy,1.82e-06,184.0,0.0003348799999999
APPC/BTC,1604735857984,2020-11-07T07:57:37.984Z,buy,1.82e-06,86.0,0.00015652
APPC/BTC,1604735962140,2020-11-07T07:59:22.140Z,sell,1.82e-06,914.0,0.00166348
APPC/BTC,1604736016831,2020-11-07T08:00:16.831Z,buy,1.82e-06,91.0,0.00016562
APPC/BTC,1604736354883,2020-11-07T08:05:54.883Z,sell,1.81e-06,119.0,0.00021539
APPC/BTC,1604736553891,2020-11-07T08:09:13.891Z,buy,1.82e-06,143.0,0.00026026
APPC/BTC,1604736647930,2020-11-07T08:10:47.930Z,sell,1.81e-06,155.0,0.00028055
APPC/BTC,1604736767178,2020-11-07T08:12:47.178Z,sell,1.81e-06,134.0,0.00024254
APPC/BTC,1604737069008,2020-11-07T08:17:49.008Z,sell,1.81e-06,146.0,0.00026426
APPC/BTC,1604737413576,2020-11-07T08:23:33.576Z,sell,1.81e-06,121.0,0.00021901
APPC/BTC,1604737752613,2020-11-07T08:29:12.613Z,buy,1.82e-06,124.0,0.00022568
APPC/BTC,1604737938638,2020-11-07T08:32:18.638Z,sell,1.81e-06,17610.0,0.0318741
APPC/BTC,1604737942633,2020-11-07T08:32:22.633Z,sell,1.8e-06,925.0,0.001665
APPC/BTC,1604737946721,2020-11-07T08:32:26.721Z,sell,1.8e-06,752.0,0.0013536
APPC/BTC,1604737967980,2020-11-07T08:32:47.980Z,buy,1.8e-06,491.0,0.0008837999999999
APPC/BTC,1604737973280,2020-11-07T08:32:53.280Z,buy,1.8e-06,66.0,0.0001188
APPC/BTC,1604738023079,2020-11-07T08:33:43.079Z,buy,1.8e-06,107.0,0.0001926
APPC/BTC,1604738051158,2020-11-07T08:34:11.158Z,buy,1.8e-06,101.0,0.0001818
APPC/BTC,1604738100594,2020-11-07T08:35:00.594Z,buy,1.8e-06,171.0,0.0003078
APPC/BTC,1604738127739,2020-11-07T08:35:27.739Z,buy,1.8e-06,114.0,0.0002052
APPC/BTC,1604738127739,2020-11-07T08:35:27.739Z,buy,1.8e-06,114.0,0.0002052
APPC/BTC,1604738156861,2020-11-07T08:35:56.861Z,buy,1.8e-06,75.0,0.000135
APPC/BTC,1604738199026,2020-11-07T08:36:39.026Z,buy,1.8e-06,153.0,0.0002753999999999
APPC/BTC,1604738228289,2020-11-07T08:37:08.289Z,buy,1.8e-06,155.0,0.000279
APPC/BTC,1604738228442,2020-11-07T08:37:08.442Z,buy,1.8e-06,12.0,2.16e-05
APPC/BTC,1604738228442,2020-11-07T08:37:08.442Z,buy,1.81e-06,144.0,0.00026064
APPC/BTC,1604738646382,2020-11-07T08:44:06.382Z,buy,1.81e-06,5000.0,0.00905
APPC/BTC,1604739071225,2020-11-07T08:51:11.225Z,buy,1.81e-06,109.0,0.00019729
APPC/BTC,1604739071368,2020-11-07T08:51:11.368Z,buy,1.81e-06,110.0,0.0001991
APPC/BTC,1604739101654,2020-11-07T08:51:41.654Z,sell,1.8e-06,10012.0,0.0180216
APPC/BTC,1604739212914,2020-11-07T08:53:32.914Z,buy,1.81e-06,617.0,0.00111677
APPC/BTC,1604739220255,2020-11-07T08:53:40.255Z,buy,1.81e-06,60.0,0.0001086
APPC/BTC,1604739225713,2020-11-07T08:53:45.713Z,buy,1.81e-06,60.0,0.0001086
APPC/BTC,1604739275309,2020-11-07T08:54:35.309Z,buy,1.81e-06,160.0,0.0002896
APPC/BTC,1604739313631,2020-11-07T08:55:13.631Z,buy,1.81e-06,145.0,0.00026245
APPC/BTC,1604739343438,2020-11-07T08:55:43.438Z,buy,1.81e-06,94.0,0.00017014
APPC/BTC,1604739348563,2020-11-07T08:55:48.563Z,buy,1.81e-06,150.0,0.0002715
APPC/BTC,1604739372456,2020-11-07T08:56:12.456Z,buy,1.81e-06,161.0,0.00029141
APPC/BTC,1604739533651,2020-11-07T08:58:53.651Z,buy,1.81e-06,135.0,0.00024435
APPC/BTC,1604739639652,2020-11-07T09:00:39.652Z,buy,1.81e-06,2373.0,0.00429513
APPC/BTC,1604739887116,2020-11-07T09:04:47.116Z,buy,1.82e-06,164.0,0.00029848
APPC/BTC,1604740043782,2020-11-07T09:07:23.782Z,buy,1.82e-06,168.0,0.0003057599999999
APPC/BTC,1604740043955,2020-11-07T09:07:23.955Z,buy,1.82e-06,164.0,0.00029848
APPC/BTC,1604740107143,2020-11-07T09:08:27.143Z,buy,1.82e-06,174.0,0.00031668
APPC/BTC,1604740107483,2020-11-07T09:08:27.483Z,buy,1.82e-06,174.0,0.00031668
APPC/BTC,1604740139974,2020-11-07T09:08:59.974Z,buy,1.82e-06,3646.0,0.0066357199999999
APPC/BTC,1604740139986,2020-11-07T09:08:59.986Z,buy,1.82e-06,2060.0,0.0037492
APPC/BTC,1604740140084,2020-11-07T09:09:00.084Z,buy,1.82e-06,1029.0,0.0018727799999999
APPC/BTC,1604740152862,2020-11-07T09:09:12.862Z,buy,1.82e-06,2198.0,0.00400036
APPC/BTC,1604740158966,2020-11-07T09:09:18.966Z,buy,1.82e-06,18804.0,0.03422328
APPC/BTC,1604740158978,2020-11-07T09:09:18.978Z,buy,1.82e-06,706.0,0.00128492
APPC/BTC,1604740257789,2020-11-07T09:10:57.789Z,buy,1.82e-06,56.0,0.00010192
APPC/BTC,1604740281777,2020-11-07T09:11:21.777Z,buy,1.83e-06,1745.0,0.00319335
APPC/BTC,1604740281915,2020-11-07T09:11:21.915Z,buy,1.83e-06,6385.0,0.01168455
APPC/BTC,1604740286561,2020-11-07T09:11:26.561Z,buy,1.83e-06,3665.0,0.00670695
APPC/BTC,1604740526981,2020-11-07T09:15:26.981Z,buy,1.83e-06,500.0,0.000915
APPC/BTC,1604740578265,2020-11-07T09:16:18.265Z,buy,1.83e-06,820.0,0.0015006
APPC/BTC,1604740839471,2020-11-07T09:20:39.471Z,buy,1.83e-06,167.0,0.00030561
APPC/BTC,1604740869007,2020-11-07T09:21:09.007Z,sell,1.82e-06,23262.0,0.04233684
APPC/BTC,1604740896875,2020-11-07T09:21:36.875Z,buy,1.82e-06,13591.0,0.02473562
APPC/BTC,1604740899380,2020-11-07T09:21:39.380Z,buy,1.82e-06,7959.0,0.0144853799999999
APPC/BTC,1604741585284,2020-11-07T09:33:05.284Z,sell,1.82e-06,2197.0,0.00399854
APPC/BTC,1604741605377,2020-11-07T09:33:25.377Z,sell,1.82e-06,244.0,0.0004440799999999
APPC/BTC,1604741607651,2020-11-07T09:33:27.651Z,sell,1.81e-06,2197.0,0.00397657
APPC/BTC,1604741627080,2020-11-07T09:33:47.080Z,buy,1.82e-06,65.0,0.0001183
APPC/BTC,1604741653183,2020-11-07T09:34:13.183Z,buy,1.82e-06,204.0,0.00037128
APPC/BTC,1604741720210,2020-11-07T09:35:20.210Z,buy,1.82e-06,94.0,0.00017108
APPC/BTC,1604741720210,2020-11-07T09:35:20.210Z,buy,1.82e-06,94.0,0.00017108
APPC/BTC,1604741768816,2020-11-07T09:36:08.816Z,buy,1.82e-06,271.0,0.0004932199999999
APPC/BTC,1604741778425,2020-11-07T09:36:18.425Z,buy,1.82e-06,99.0,0.00018018
APPC/BTC,1604741795967,2020-11-07T09:36:35.967Z,buy,1.82e-06,104.0,0.00018928
APPC/BTC,1604742820003,2020-11-07T09:53:40.003Z,buy,1.82e-06,159.0,0.00028938
APPC/BTC,1604742833108,2020-11-07T09:53:53.108Z,buy,1.82e-06,2264.0,0.00412048
APPC/BTC,1604742833116,2020-11-07T09:53:53.116Z,buy,1.82e-06,1203.0,0.00218946
APPC/BTC,1604742833442,2020-11-07T09:53:53.442Z,buy,1.82e-06,600.0,0.0010919999999999
APPC/BTC,1604742917969,2020-11-07T09:55:17.969Z,buy,1.82e-06,107.0,0.00019474
APPC/BTC,1604743001992,2020-11-07T09:56:41.992Z,buy,1.82e-06,124.0,0.00022568
APPC/BTC,1604743006877,2020-11-07T09:56:46.877Z,buy,1.82e-06,108.0,0.00019656
APPC/BTC,1604743036075,2020-11-07T09:57:16.075Z,buy,1.82e-06,553.0,0.00100646
APPC/BTC,1604743036210,2020-11-07T09:57:16.210Z,buy,1.82e-06,178.0,0.00032396
APPC/BTC,1604743108582,2020-11-07T09:58:28.582Z,sell,1.81e-06,8970.0,0.0162357
APPC/BTC,1604743129681,2020-11-07T09:58:49.681Z,buy,1.82e-06,63.0,0.0001146599999999
APPC/BTC,1604743174339,2020-11-07T09:59:34.339Z,buy,1.82e-06,16522.0,0.03007004
APPC/BTC,1604743178377,2020-11-07T09:59:38.377Z,sell,1.82e-06,551.0,0.00100282
APPC/BTC,1604743209822,2020-11-07T10:00:09.822Z,sell,1.82e-06,2097.0,0.0038165399999999
APPC/BTC,1604743218595,2020-11-07T10:00:18.595Z,buy,1.83e-06,208.0,0.00038064
APPC/BTC,1604743256906,2020-11-07T10:00:56.906Z,buy,1.83e-06,218.0,0.00039894
APPC/BTC,1604743337751,2020-11-07T10:02:17.751Z,buy,1.83e-06,18838.0,0.03447354
APPC/BTC,1604743488215,2020-11-07T10:04:48.215Z,buy,1.83e-06,55.0,0.00010065
APPC/BTC,1604743500220,2020-11-07T10:05:00.220Z,buy,1.84e-06,20457.0,0.03764088
APPC/BTC,1604743500220,2020-11-07T10:05:00.220Z,buy,1.85e-06,3508.0,0.0064898
APPC/BTC,1604743529130,2020-11-07T10:05:29.130Z,buy,1.85e-06,5406.0,0.0100011
APPC/BTC,1604743566997,2020-11-07T10:06:06.997Z,sell,1.84e-06,100.0,0.000184
APPC/BTC,1604743580816,2020-11-07T10:06:20.816Z,sell,1.83e-06,2784.0,0.00509472
APPC/BTC,1604743580816,2020-11-07T10:06:20.816Z,sell,1.82e-06,514.0,0.0009354799999999
APPC/BTC,1604743580863,2020-11-07T10:06:20.863Z,sell,1.82e-06,1106.0,0.00201292
APPC/BTC,1604743580942,2020-11-07T10:06:20.942Z,sell,1.82e-06,1647.0,0.00299754
APPC/BTC,1604743586967,2020-11-07T10:06:26.967Z,buy,1.84e-06,266.0,0.00048944
APPC/BTC,1604743665955,2020-11-07T10:07:45.955Z,sell,1.83e-06,2185.0,0.00399855
APPC/BTC,1604743720779,2020-11-07T10:08:40.779Z,sell,1.82e-06,98.0,0.00017836
APPC/BTC,1604743765157,2020-11-07T10:09:25.157Z,sell,1.82e-06,110.0,0.0002002
APPC/BTC,1604743767161,2020-11-07T10:09:27.161Z,buy,1.83e-06,65.0,0.00011895
APPC/BTC,1604743783681,2020-11-07T10:09:43.681Z,buy,1.83e-06,214.0,0.00039162
APPC/BTC,1604743806395,2020-11-07T10:10:06.395Z,sell,1.82e-06,174.0,0.00031668
APPC/BTC,1604743809467,2020-11-07T10:10:09.467Z,buy,1.83e-06,8611.0,0.01575813
APPC/BTC,1604743823885,2020-11-07T10:10:23.885Z,sell,1.82e-06,122.0,0.0002220399999999
APPC/BTC,1604743911450,2020-11-07T10:11:51.450Z,buy,1.83e-06,4918.0,0.00899994
APPC/BTC,1604743926611,2020-11-07T10:12:06.611Z,buy,1.83e-06,204.0,0.00037332
APPC/BTC,1604743935362,2020-11-07T10:12:15.362Z,sell,1.83e-06,80.0,0.0001464
APPC/BTC,1604744171899,2020-11-07T10:16:11.899Z,sell,1.82e-06,99.0,0.00018018
APPC/BTC,1604744196016,2020-11-07T10:16:36.016Z,sell,1.82e-06,165.0,0.0003003
APPC/BTC,1604744229680,2020-11-07T10:17:09.680Z,buy,1.83e-06,284.0,0.00051972
APPC/BTC,1604744318263,2020-11-07T10:18:38.263Z,sell,1.83e-06,2024.0,0.00370392
APPC/BTC,1604744339354,2020-11-07T10:18:59.354Z,sell,1.83e-06,1000.0,0.00183
APPC/BTC,1604744357287,2020-11-07T10:19:17.287Z,sell,1.83e-06,3990.0,0.0073017
APPC/BTC,1604744527861,2020-11-07T10:22:07.861Z,sell,1.83e-06,2216.0,0.00405528
APPC/BTC,1604744533504,2020-11-07T10:22:13.504Z,sell,1.83e-06,3416.0,0.00625128
APPC/BTC,1604744539101,2020-11-07T10:22:19.101Z,sell,1.83e-06,2197.0,0.00402051
APPC/BTC,1604744540167,2020-11-07T10:22:20.167Z,sell,1.83e-06,2197.0,0.00402051
APPC/BTC,1604744540209,2020-11-07T10:22:20.209Z,sell,1.83e-06,2197.0,0.00402051
APPC/BTC,1604744542099,2020-11-07T10:22:22.099Z,sell,1.83e-06,4953.0,0.00906399
APPC/BTC,1604744542181,2020-11-07T10:22:22.181Z,sell,1.83e-06,2399.0,0.00439017
APPC/BTC,1604744654845,2020-11-07T10:24:14.845Z,sell,1.82e-06,2185.0,0.0039767
APPC/BTC,1604744883141,2020-11-07T10:28:03.141Z,buy,1.83e-06,13102.0,0.02397666
APPC/BTC,1604745033952,2020-11-07T10:30:33.952Z,sell,1.82e-06,74.0,0.00013468
APPC/BTC,1604745067202,2020-11-07T10:31:07.202Z,sell,1.82e-06,76.0,0.00013832
APPC/BTC,1604745075504,2020-11-07T10:31:15.504Z,sell,1.82e-06,79.0,0.0001437799999999
APPC/BTC,1604745165534,2020-11-07T10:32:45.534Z,sell,1.82e-06,67.0,0.00012194
APPC/BTC,1604745313052,2020-11-07T10:35:13.052Z,sell,1.82e-06,154.0,0.00028028
APPC/BTC,1604745313052,2020-11-07T10:35:13.052Z,sell,1.82e-06,154.0,0.00028028
APPC/BTC,1604745330134,2020-11-07T10:35:30.134Z,sell,1.82e-06,56.0,0.00010192
APPC/BTC,1604745388845,2020-11-07T10:36:28.845Z,sell,1.82e-06,80.0,0.0001456
APPC/BTC,1604745413972,2020-11-07T10:36:53.972Z,sell,1.82e-06,135.0,0.0002457
APPC/BTC,1604745428259,2020-11-07T10:37:08.259Z,sell,1.82e-06,57.0,0.0001037399999999
APPC/BTC,1604745541356,2020-11-07T10:39:01.356Z,sell,1.82e-06,132.0,0.00024024
APPC/BTC,1604745574592,2020-11-07T10:39:34.592Z,sell,1.82e-06,68.0,0.00012376
APPC/BTC,1604746228046,2020-11-07T10:50:28.046Z,sell,1.82e-06,114.0,0.0002074799999999
APPC/BTC,1604746307827,2020-11-07T10:51:47.827Z,sell,1.82e-06,203.0,0.00036946
APPC/BTC,1604746849047,2020-11-07T11:00:49.047Z,sell,1.82e-06,98110.0,0.1785602
APPC/BTC,1604746866372,2020-11-07T11:01:06.372Z,buy,1.82e-06,724.0,0.00131768
APPC/BTC,1604746895027,2020-11-07T11:01:35.027Z,sell,1.81e-06,75000.0,0.13575
APPC/BTC,1604746902895,2020-11-07T11:01:42.895Z,buy,1.82e-06,269.0,0.00048958
APPC/BTC,1604746933879,2020-11-07T11:02:13.879Z,sell,1.81e-06,2197.0,0.00397657
APPC/BTC,1604747031477,2020-11-07T11:03:51.477Z,buy,1.82e-06,154.0,0.00028028
APPC/BTC,1604747040790,2020-11-07T11:04:00.790Z,buy,1.82e-06,611.0,0.00111202
APPC/BTC,1604747139446,2020-11-07T11:05:39.446Z,sell,1.81e-06,2000.0,0.00362
APPC/BTC,1604747181795,2020-11-07T11:06:21.795Z,buy,1.82e-06,11559.0,0.0210373799999999
APPC/BTC,1604747397022,2020-11-07T11:09:57.022Z,sell,1.81e-06,1584.0,0.00286704
APPC/BTC,1604748134425,2020-11-07T11:22:14.425Z,sell,1.81e-06,317.0,0.00057377
APPC/BTC,1604748634010,2020-11-07T11:30:34.010Z,buy,1.82e-06,141.0,0.00025662
APPC/BTC,1604748634112,2020-11-07T11:30:34.112Z,sell,1.81e-06,1618.0,0.00292858
APPC/BTC,1604748634112,2020-11-07T11:30:34.112Z,sell,1.81e-06,1618.0,0.00292858
APPC/BTC,1604748937180,2020-11-07T11:35:37.180Z,sell,1.81e-06,48813.0,0.08835153
APPC/BTC,1604749229133,2020-11-07T11:40:29.133Z,sell,1.81e-06,140.0,0.0002534
APPC/BTC,1604750079644,2020-11-07T11:54:39.644Z,buy,1.82e-06,955.0,0.0017381
APPC/BTC,1604750451143,2020-11-07T12:00:51.143Z,buy,1.82e-06,790.0,0.0014378
APPC/BTC,1604751171259,2020-11-07T12:12:51.259Z,buy,1.82e-06,6265.0,0.0114022999999999
APPC/BTC,1604751171272,2020-11-07T12:12:51.272Z,buy,1.82e-06,2410.0,0.0043862
APPC/BTC,1604751171533,2020-11-07T12:12:51.533Z,buy,1.82e-06,1924.0,0.00350168
APPC/BTC,1604751171638,2020-11-07T12:12:51.638Z,buy,1.82e-06,961.0,0.00174902
APPC/BTC,1604751277727,2020-11-07T12:14:37.727Z,buy,1.82e-06,117.0,0.00021294
APPC/BTC,1604751278983,2020-11-07T12:14:38.983Z,buy,1.82e-06,112.0,0.00020384
APPC/BTC,1604751340363,2020-11-07T12:15:40.363Z,buy,1.82e-06,153.0,0.00027846
APPC/BTC,1604751349530,2020-11-07T12:15:49.530Z,buy,1.82e-06,116.0,0.00021112
APPC/BTC,1604751380509,2020-11-07T12:16:20.509Z,buy,1.82e-06,1173.0,0.00213486
APPC/BTC,1604751659299,2020-11-07T12:20:59.299Z,buy,1.83e-06,166.0,0.00030378
APPC/BTC,1604751673270,2020-11-07T12:21:13.270Z,buy,1.83e-06,228.0,0.00041724
APPC/BTC,1604751790064,2020-11-07T12:23:10.064Z,buy,1.83e-06,291.0,0.00053253
APPC/BTC,1604751905762,2020-11-07T12:25:05.762Z,buy,1.83e-06,131.0,0.00023973
APPC/BTC,1604752214259,2020-11-07T12:30:14.259Z,buy,1.83e-06,820.0,0.0015006
APPC/BTC,1604752214259,2020-11-07T12:30:14.259Z,buy,1.83e-06,820.0,0.0015006
APPC/BTC,1604752237795,2020-11-07T12:30:37.795Z,buy,1.83e-06,5098.0,0.00932934
APPC/BTC,1604752333785,2020-11-07T12:32:13.785Z,buy,1.84e-06,816.0,0.00150144
APPC/BTC,1604753121436,2020-11-07T12:45:21.436Z,sell,1.83e-06,139.0,0.00025437
APPC/BTC,1604753126184,2020-11-07T12:45:26.184Z,buy,1.84e-06,9153.0,0.01684152
APPC/BTC,1604753126184,2020-11-07T12:45:26.184Z,buy,1.85e-06,10010.0,0.0185185
APPC/BTC,1604753216030,2020-11-07T12:46:56.030Z,sell,1.84e-06,2481.0,0.00456504
APPC/BTC,1604753249460,2020-11-07T12:47:29.460Z,buy,1.85e-06,2400.0,0.00444
APPC/BTC,1604753355161,2020-11-07T12:49:15.161Z,buy,1.85e-06,595.0,0.00110075
APPC/BTC,1604753405973,2020-11-07T12:50:05.973Z,sell,1.84e-06,2565.0,0.0047196
APPC/BTC,1604753434580,2020-11-07T12:50:34.580Z,sell,1.84e-06,2587.0,0.00476008
APPC/BTC,1604753442039,2020-11-07T12:50:42.039Z,sell,1.84e-06,4992.0,0.00918528
APPC/BTC,1604753448146,2020-11-07T12:50:48.146Z,sell,1.84e-06,2197.0,0.00404248
APPC/BTC,1604753498564,2020-11-07T12:51:38.564Z,buy,1.86e-06,14086.0,0.02619996
APPC/BTC,1604753498564,2020-11-07T12:51:38.564Z,buy,1.87e-06,39381.0,0.07364247
APPC/BTC,1604753498564,2020-11-07T12:51:38.564Z,buy,1.88e-06,297.0,0.00055836
APPC/BTC,1604753502839,2020-11-07T12:51:42.839Z,sell,1.87e-06,99.0,0.00018513
APPC/BTC,1604753504666,2020-11-07T12:51:44.666Z,sell,1.86e-06,88.0,0.00016368
APPC/BTC,1604753504983,2020-11-07T12:51:44.983Z,sell,1.86e-06,11.0,2.046e-05
APPC/BTC,1604753504983,2020-11-07T12:51:44.983Z,sell,1.84e-06,808.0,0.00148672
APPC/BTC,1604753506305,2020-11-07T12:51:46.305Z,sell,1.84e-06,1671.0,0.00307464
APPC/BTC,1604753528932,2020-11-07T12:52:08.932Z,sell,1.84e-06,109.0,0.00020056
APPC/BTC,1604753571212,2020-11-07T12:52:51.212Z,sell,1.84e-06,3296.0,0.00606464
APPC/BTC,1604753597305,2020-11-07T12:53:17.305Z,sell,1.85e-06,4980.0,0.009213
APPC/BTC,1604753621207,2020-11-07T12:53:41.207Z,sell,1.85e-06,1736.0,0.0032116
APPC/BTC,1604753624112,2020-11-07T12:53:44.112Z,buy,1.85e-06,449.0,0.00083065
APPC/BTC,1604753624291,2020-11-07T12:53:44.291Z,sell,1.85e-06,491.0,0.00090835
APPC/BTC,1604753666797,2020-11-07T12:54:26.797Z,sell,1.84e-06,2197.0,0.00404248
APPC/BTC,1604753669157,2020-11-07T12:54:29.157Z,sell,1.84e-06,449.0,0.0008261599999999
APPC/BTC,1604753670117,2020-11-07T12:54:30.117Z,buy,1.85e-06,439.0,0.00081215
APPC/BTC,1604753671143,2020-11-07T12:54:31.143Z,sell,1.84e-06,491.0,0.0009034399999999
APPC/BTC,1604753673156,2020-11-07T12:54:33.156Z,sell,1.84e-06,439.0,0.00080776
APPC/BTC,1604753679098,2020-11-07T12:54:39.098Z,buy,1.85e-06,5761.0,0.01065785
APPC/BTC,1604753719739,2020-11-07T12:55:19.739Z,sell,1.85e-06,815.0,0.00150775
APPC/BTC,1604753728561,2020-11-07T12:55:28.561Z,buy,1.86e-06,224.0,0.00041664
APPC/BTC,1604753755107,2020-11-07T12:55:55.107Z,buy,1.86e-06,212.0,0.00039432
APPC/BTC,1604753828209,2020-11-07T12:57:08.209Z,sell,1.85e-06,2209.0,0.00408665
APPC/BTC,1604753830351,2020-11-07T12:57:10.351Z,sell,1.85e-06,9068.0,0.0167758
APPC/BTC,1604753831153,2020-11-07T12:57:11.153Z,sell,1.85e-06,2209.0,0.00408665
APPC/BTC,1604753843962,2020-11-07T12:57:23.962Z,sell,1.85e-06,4148.0,0.0076738
APPC/BTC,1604753846657,2020-11-07T12:57:26.657Z,sell,1.85e-06,4907.0,0.00907795
APPC/BTC,1604753852276,2020-11-07T12:57:32.276Z,sell,1.85e-06,4057.0,0.00750545
APPC/BTC,1604753853597,2020-11-07T12:57:33.597Z,sell,1.85e-06,7268.0,0.0134458
APPC/BTC,1604754034322,2020-11-07T13:00:34.322Z,sell,1.85e-06,500.0,0.000925
APPC/BTC,1604754158463,2020-11-07T13:02:38.463Z,sell,1.85e-06,5163.0,0.00955155
APPC/BTC,1604754390632,2020-11-07T13:06:30.632Z,sell,1.85e-06,5104.0,0.0094424
APPC/BTC,1604754714003,2020-11-07T13:11:54.003Z,sell,1.85e-06,118.0,0.0002183
APPC/BTC,1604754772109,2020-11-07T13:12:52.109Z,sell,1.85e-06,69.0,0.00012765
APPC/BTC,1604754802113,2020-11-07T13:13:22.113Z,sell,1.85e-06,2751.0,0.00508935
APPC/BTC,1604755056556,2020-11-07T13:17:36.556Z,sell,1.85e-06,2110.0,0.0039035
APPC/BTC,1604755058089,2020-11-07T13:17:38.089Z,sell,1.85e-06,2209.0,0.00408665
APPC/BTC,1604755061427,2020-11-07T13:17:41.427Z,sell,1.85e-06,5067.0,0.00937395
APPC/BTC,1604755146910,2020-11-07T13:19:06.910Z,sell,1.85e-06,99.0,0.00018315
APPC/BTC,1604755265539,2020-11-07T13:21:05.539Z,buy,1.86e-06,538.0,0.0010006799999999
APPC/BTC,1604755336110,2020-11-07T13:22:16.110Z,sell,1.85e-06,74.0,0.0001369
APPC/BTC,1604755342630,2020-11-07T13:22:22.630Z,buy,1.86e-06,1972.0,0.00366792
APPC/BTC,1604755418305,2020-11-07T13:23:38.305Z,buy,1.87e-06,803.0,0.00150161
APPC/BTC,1604755503581,2020-11-07T13:25:03.581Z,sell,1.86e-06,127.0,0.0002362199999999
APPC/BTC,1604755645010,2020-11-07T13:27:25.010Z,sell,1.86e-06,134.0,0.00024924
APPC/BTC,1604755735896,2020-11-07T13:28:55.896Z,sell,1.86e-06,5454.0,0.01014444
APPC/BTC,1604755736276,2020-11-07T13:28:56.276Z,sell,1.85e-06,2851.0,0.00527435
APPC/BTC,1604755736382,2020-11-07T13:28:56.382Z,sell,1.85e-06,1424.0,0.0026344
APPC/BTC,1604755736775,2020-11-07T13:28:56.775Z,sell,1.85e-06,710.0,0.0013135
APPC/BTC,1604755787765,2020-11-07T13:29:47.765Z,sell,1.85e-06,11722.0,0.0216857
APPC/BTC,1604755787773,2020-11-07T13:29:47.773Z,sell,1.85e-06,3386.0,0.0062641
APPC/BTC,1604755788005,2020-11-07T13:29:48.005Z,sell,1.85e-06,4392.0,0.0081252
APPC/BTC,1604755788101,2020-11-07T13:29:48.101Z,sell,1.85e-06,2194.0,0.0040589
APPC/BTC,1604755788200,2020-11-07T13:29:48.200Z,sell,1.85e-06,1097.0,0.00202945
APPC/BTC,1604755789697,2020-11-07T13:29:49.697Z,sell,1.85e-06,541.0,0.00100085
APPC/BTC,1604755792052,2020-11-07T13:29:52.052Z,sell,1.85e-06,8428.0,0.0155918
APPC/BTC,1604755792066,2020-11-07T13:29:52.066Z,sell,1.85e-06,1286.0,0.0023791
APPC/BTC,1604755805255,2020-11-07T13:30:05.255Z,sell,1.85e-06,692.0,0.0012802
APPC/BTC,1604755805255,2020-11-07T13:30:05.255Z,sell,1.85e-06,692.0,0.0012802
APPC/BTC,1604755818324,2020-11-07T13:30:18.324Z,sell,1.84e-06,362.0,0.00066608
APPC/BTC,1604755868551,2020-11-07T13:31:08.551Z,buy,1.85e-06,1000.0,0.00185
APPC/BTC,1604755893082,2020-11-07T13:31:33.082Z,buy,1.85e-06,1000.0,0.00185
APPC/BTC,1604755922180,2020-11-07T13:32:02.180Z,buy,1.85e-06,423.0,0.00078255
APPC/BTC,1604755949669,2020-11-07T13:32:29.669Z,sell,1.84e-06,175.0,0.0003219999999999
APPC/BTC,1604755955172,2020-11-07T13:32:35.172Z,sell,1.84e-06,1000.0,0.00184
APPC/BTC,1604755955248,2020-11-07T13:32:35.248Z,sell,1.84e-06,2228.0,0.00409952
APPC/BTC,1604755979494,2020-11-07T13:32:59.494Z,sell,1.84e-06,910.0,0.0016744
APPC/BTC,1604755986625,2020-11-07T13:33:06.625Z,buy,1.85e-06,65.0,0.00012025
APPC/BTC,1604756030637,2020-11-07T13:33:50.637Z,sell,1.84e-06,2859.0,0.00526056
APPC/BTC,1604756030654,2020-11-07T13:33:50.654Z,sell,1.84e-06,444.0,0.0008169599999999
APPC/BTC,1604756037930,2020-11-07T13:33:57.930Z,sell,1.83e-06,1437.0,0.00262971
APPC/BTC,1604756038029,2020-11-07T13:33:58.029Z,sell,1.83e-06,718.0,0.00131394
APPC/BTC,1604756099622,2020-11-07T13:34:59.622Z,sell,1.83e-06,311.0,0.00056913
APPC/BTC,1604756163056,2020-11-07T13:36:03.056Z,buy,1.82e-06,91.0,0.00016562
APPC/BTC,1604756173224,2020-11-07T13:36:13.224Z,buy,1.82e-06,549.0,0.00099918
APPC/BTC,1604756179853,2020-11-07T13:36:19.853Z,sell,1.81e-06,131.0,0.00023711
APPC/BTC,1604756197380,2020-11-07T13:36:37.380Z,sell,1.81e-06,936.0,0.00169416
APPC/BTC,1604756226329,2020-11-07T13:37:06.329Z,sell,1.8e-06,8613.0,0.0155033999999999
APPC/BTC,1604756226329,2020-11-07T13:37:06.329Z,sell,1.8e-06,17445.0,0.031401
APPC/BTC,1604756226483,2020-11-07T13:37:06.483Z,sell,1.8e-06,8312.0,0.0149615999999999
APPC/BTC,1604756226496,2020-11-07T13:37:06.496Z,sell,1.8e-06,10528.0,0.0189504
APPC/BTC,1604756226648,2020-11-07T13:37:06.648Z,buy,1.81e-06,56.0,0.00010136
APPC/BTC,1604756226921,2020-11-07T13:37:06.921Z,sell,1.8e-06,2222.0,0.0039996
APPC/BTC,1604756258459,2020-11-07T13:37:38.459Z,sell,1.8e-06,8695.0,0.0156509999999999
APPC/BTC,1604756261090,2020-11-07T13:37:41.090Z,sell,1.8e-06,57.0,0.0001026
APPC/BTC,1604756261234,2020-11-07T13:37:41.234Z,sell,1.8e-06,160.0,0.000288
APPC/BTC,1604756261640,2020-11-07T13:37:41.640Z,sell,1.8e-06,120.0,0.000216
APPC/BTC,1604756278502,2020-11-07T13:37:58.502Z,sell,1.8e-06,8855.0,0.015939
APPC/BTC,1604756287861,2020-11-07T13:38:07.861Z,sell,1.8e-06,7514.0,0.0135252
APPC/BTC,1604756339397,2020-11-07T13:38:59.397Z,buy,1.81e-06,65.0,0.00011765
APPC/BTC,1604756581742,2020-11-07T13:43:01.742Z,buy,1.81e-06,37.0,6.697e-05
APPC/BTC,1604756612986,2020-11-07T13:43:32.986Z,buy,1.82e-06,662.0,0.00120484
APPC/BTC,1604756623665,2020-11-07T13:43:43.665Z,sell,1.81e-06,90.0,0.0001629
APPC/BTC,1604756796659,2020-11-07T13:46:36.659Z,sell,1.81e-06,3344.0,0.00605264
APPC/BTC,1604756807535,2020-11-07T13:46:47.535Z,sell,1.81e-06,2222.0,0.00402182
APPC/BTC,1604756809864,2020-11-07T13:46:49.864Z,sell,1.81e-06,3354.0,0.00607074
APPC/BTC,1604756842009,2020-11-07T13:47:22.009Z,buy,1.82e-06,138.0,0.00025116
APPC/BTC,1604756842390,2020-11-07T13:47:22.390Z,buy,1.82e-06,2198.0,0.00400036
APPC/BTC,1604756848454,2020-11-07T13:47:28.454Z,buy,1.83e-06,82.0,0.00015006
APPC/BTC,1604756849183,2020-11-07T13:47:29.183Z,buy,1.83e-06,547.0,0.00100101
APPC/BTC,1604756849937,2020-11-07T13:47:29.937Z,buy,1.83e-06,611.0,0.00111813
APPC/BTC,1604756850084,2020-11-07T13:47:30.084Z,buy,1.83e-06,547.0,0.00100101
APPC/BTC,1604756852089,2020-11-07T13:47:32.089Z,buy,1.83e-06,219.0,0.00040077
APPC/BTC,1604756852479,2020-11-07T13:47:32.479Z,buy,1.83e-06,154.0,0.00028182
APPC/BTC,1604756858817,2020-11-07T13:47:38.817Z,buy,1.83e-06,3398.0,0.00621834
APPC/BTC,1604756892696,2020-11-07T13:48:12.696Z,sell,1.81e-06,2222.0,0.00402182
APPC/BTC,1604756932947,2020-11-07T13:48:52.947Z,sell,1.82e-06,827.0,0.0015051399999999
APPC/BTC,1604756948688,2020-11-07T13:49:08.688Z,sell,1.82e-06,1261.0,0.00229502
APPC/BTC,1604757034964,2020-11-07T13:50:34.964Z,buy,1.82e-06,58.0,0.00010556
APPC/BTC,1604757844345,2020-11-07T14:04:04.345Z,buy,1.82e-06,2714.0,0.0049394799999999
APPC/BTC,1604757950486,2020-11-07T14:05:50.486Z,sell,1.81e-06,555.0,0.00100455
APPC/BTC,1604758393160,2020-11-07T14:13:13.160Z,sell,1.81e-06,3965.0,0.00717665
APPC/BTC,1604758628338,2020-11-07T14:17:08.338Z,sell,1.8e-06,2134.0,0.0038412
APPC/BTC,1604758628400,2020-11-07T14:17:08.400Z,sell,1.8e-06,916.0,0.0016488
APPC/BTC,1604758628641,2020-11-07T14:17:08.641Z,sell,1.8e-06,889.0,0.0016002
APPC/BTC,1604758646912,2020-11-07T14:17:26.912Z,sell,1.8e-06,125.0,0.000225
APPC/BTC,1604758647918,2020-11-07T14:17:27.918Z,sell,1.8e-06,82.0,0.0001475999999999
APPC/BTC,1604758744768,2020-11-07T14:19:04.768Z,buy,1.81e-06,216.0,0.00039096
APPC/BTC,1604758896114,2020-11-07T14:21:36.114Z,sell,1.8e-06,8855.0,0.015939
APPC/BTC,1604758896129,2020-11-07T14:21:36.129Z,sell,1.8e-06,2275.0,0.004095
APPC/BTC,1604758896498,2020-11-07T14:21:36.498Z,sell,1.8e-06,3372.0,0.0060696
APPC/BTC,1604758953636,2020-11-07T14:22:33.636Z,sell,1.8e-06,33000.0,0.0593999999999999
APPC/BTC,1604759052671,2020-11-07T14:24:12.671Z,sell,1.8e-06,169.0,0.0003041999999999
APPC/BTC,1604759144681,2020-11-07T14:25:44.681Z,sell,1.8e-06,136.0,0.0002448
APPC/BTC,1604759173839,2020-11-07T14:26:13.839Z,sell,1.8e-06,621.0,0.0011178
APPC/BTC,1604759182006,2020-11-07T14:26:22.006Z,sell,1.79e-06,2222.0,0.00397738
APPC/BTC,1604759293345,2020-11-07T14:28:13.345Z,buy,1.8e-06,66.0,0.0001188
APPC/BTC,1604759293345,2020-11-07T14:28:13.345Z,buy,1.8e-06,66.0,0.0001188
APPC/BTC,1604759477481,2020-11-07T14:31:17.481Z,sell,1.78e-06,1535.0,0.0027323
APPC/BTC,1604759477481,2020-11-07T14:31:17.481Z,sell,1.78e-06,1070.0,0.0019045999999999
APPC/BTC,1604759670982,2020-11-07T14:34:30.982Z,buy,1.79e-06,291.0,0.00052089
APPC/BTC,1604759763353,2020-11-07T14:36:03.353Z,buy,1.79e-06,198.0,0.00035442
APPC/BTC,1604759874189,2020-11-07T14:37:54.189Z,sell,1.78e-06,180.0,0.0003204
APPC/BTC,1604759913977,2020-11-07T14:38:33.977Z,buy,1.79e-06,11250.0,0.0201375
APPC/BTC,1604760006730,2020-11-07T14:40:06.730Z,sell,1.78e-06,6243.0,0.0111125399999999
APPC/BTC,1604760046606,2020-11-07T14:40:46.606Z,sell,1.78e-06,10268.0,0.0182770399999999
APPC/BTC,1604760084686,2020-11-07T14:41:24.686Z,sell,1.78e-06,8293.0,0.0147615399999999
APPC/BTC,1604760307828,2020-11-07T14:45:07.828Z,sell,1.78e-06,130.0,0.0002314
APPC/BTC,1604760347583,2020-11-07T14:45:47.583Z,sell,1.78e-06,12034.0,0.02142052
APPC/BTC,1604760938728,2020-11-07T14:55:38.728Z,sell,1.77e-06,6988.0,0.01236876
APPC/BTC,1604761029198,2020-11-07T14:57:09.198Z,sell,1.77e-06,60.0,0.0001062
APPC/BTC,1604761088723,2020-11-07T14:58:08.723Z,sell,1.77e-06,71.0,0.00012567
APPC/BTC,1604761088892,2020-11-07T14:58:08.892Z,sell,1.77e-06,72.0,0.0001274399999999
APPC/BTC,1604761093114,2020-11-07T14:58:13.114Z,buy,1.78e-06,121.0,0.00021538
APPC/BTC,1604761326835,2020-11-07T15:02:06.835Z,sell,1.77e-06,4717.0,0.00834909
APPC/BTC,1604761451262,2020-11-07T15:04:11.262Z,sell,1.77e-06,105.0,0.00018585
APPC/BTC,1604761786245,2020-11-07T15:09:46.245Z,sell,1.77e-06,1002.0,0.00177354
APPC/BTC,1604761871650,2020-11-07T15:11:11.650Z,sell,1.77e-06,8602.0,0.01522554
APPC/BTC,1604762147568,2020-11-07T15:15:47.568Z,sell,1.77e-06,5933.0,0.01050141
APPC/BTC,1604762276291,2020-11-07T15:17:56.291Z,buy,1.77e-06,617.0,0.00109209
APPC/BTC,1604762309678,2020-11-07T15:18:29.678Z,sell,1.76e-06,105.0,0.0001848
APPC/BTC,1604762309678,2020-11-07T15:18:29.678Z,sell,1.75e-06,2808.0,0.004914
APPC/BTC,1604762309678,2020-11-07T15:18:29.678Z,sell,1.74e-06,1920.0,0.0033408
APPC/BTC,1604762309678,2020-11-07T15:18:29.678Z,sell,1.74e-06,27323.0,0.04754202
APPC/BTC,1604762331186,2020-11-07T15:18:51.186Z,sell,1.74e-06,14000.0,0.02436
APPC/BTC,1604762343107,2020-11-07T15:19:03.107Z,sell,1.74e-06,947.0,0.00164778
APPC/BTC,1604762350397,2020-11-07T15:19:10.397Z,sell,1.74e-06,14368.0,0.02500032
APPC/BTC,1604762375948,2020-11-07T15:19:35.948Z,sell,1.73e-06,4894.0,0.00846662
APPC/BTC,1604762375948,2020-11-07T15:19:35.948Z,sell,1.72e-06,71170.0,0.1224124
APPC/BTC,1604762385460,2020-11-07T15:19:45.460Z,sell,1.72e-06,23105.0,0.0397406
APPC/BTC,1604762386278,2020-11-07T15:19:46.278Z,buy,1.72e-06,2325.0,0.003999
APPC/BTC,1604762396595,2020-11-07T15:19:56.595Z,sell,1.71e-06,104974.0,0.17950554
APPC/BTC,1604762408048,2020-11-07T15:20:08.048Z,buy,1.72e-06,59.0,0.00010148
APPC/BTC,1604762496652,2020-11-07T15:21:36.652Z,sell,1.71e-06,43505.0,0.07439355
APPC/BTC,1604762496652,2020-11-07T15:21:36.652Z,sell,1.7e-06,14253.0,0.0242301
APPC/BTC,1604762496652,2020-11-07T15:21:36.652Z,sell,1.7e-06,2666.0,0.0045322
APPC/BTC,1604762613525,2020-11-07T15:23:33.525Z,sell,1.7e-06,1998.0,0.0033966
APPC/BTC,1604762637625,2020-11-07T15:23:57.625Z,sell,1.7e-06,4974.0,0.0084558
APPC/BTC,1604762637625,2020-11-07T15:23:57.625Z,sell,1.69e-06,39422.0,0.0666231799999999
APPC/BTC,1604762637625,2020-11-07T15:23:57.625Z,sell,1.68e-06,8777.0,0.01474536
APPC/BTC,1604762637677,2020-11-07T15:23:57.677Z,buy,1.69e-06,295.0,0.00049855
APPC/BTC,1604762637892,2020-11-07T15:23:57.892Z,buy,1.69e-06,4779.0,0.00807651
APPC/BTC,1604762637893,2020-11-07T15:23:57.893Z,buy,1.69e-06,4733.0,0.0079987699999999
APPC/BTC,1604762637896,2020-11-07T15:23:57.896Z,buy,1.69e-06,1521.0,0.00257049
APPC/BTC,1604762637896,2020-11-07T15:23:57.896Z,buy,1.69e-06,2317.0,0.00391573
APPC/BTC,1604762645627,2020-11-07T15:24:05.627Z,buy,1.7e-06,2448.0,0.0041616
APPC/BTC,1604762693957,2020-11-07T15:24:53.957Z,buy,1.71e-06,2067.0,0.00353457
APPC/BTC,1604762694028,2020-11-07T15:24:54.028Z,buy,1.71e-06,3274.0,0.00559854
APPC/BTC,1604762732657,2020-11-07T15:25:32.657Z,sell,1.7e-06,954.0,0.0016218
APPC/BTC,1604762763830,2020-11-07T15:26:03.830Z,sell,1.7e-06,970.0,0.001649
APPC/BTC,1604762764806,2020-11-07T15:26:04.806Z,sell,1.7e-06,600.0,0.00102
APPC/BTC,1604762801606,2020-11-07T15:26:41.606Z,sell,1.7e-06,2723.0,0.0046291
APPC/BTC,1604762808417,2020-11-07T15:26:48.417Z,sell,1.7e-06,1578.0,0.0026826
APPC/BTC,1604762822222,2020-11-07T15:27:02.222Z,sell,1.7e-06,835.0,0.0014195
APPC/BTC,1604762841125,2020-11-07T15:27:21.125Z,buy,1.7e-06,77.0,0.0001309
APPC/BTC,1604762841279,2020-11-07T15:27:21.279Z,buy,1.7e-06,78.0,0.0001326
APPC/BTC,1604762889664,2020-11-07T15:28:09.664Z,buy,1.7e-06,1898.0,0.0032266
APPC/BTC,1604762889664,2020-11-07T15:28:09.664Z,buy,1.7e-06,1898.0,0.0032266
APPC/BTC,1604762918694,2020-11-07T15:28:38.694Z,buy,1.7e-06,61.0,0.0001037
APPC/BTC,1604762918949,2020-11-07T15:28:38.949Z,buy,1.7e-06,5428.0,0.0092276
APPC/BTC,1604763008050,2020-11-07T15:30:08.050Z,buy,1.7e-06,59.0,0.0001003
APPC/BTC,1604763035602,2020-11-07T15:30:35.602Z,buy,1.7e-06,6698.0,0.0113866
APPC/BTC,1604763038133,2020-11-07T15:30:38.133Z,buy,1.71e-06,585.0,0.00100035
APPC/BTC,1604763173786,2020-11-07T15:32:53.786Z,buy,1.71e-06,27910.0,0.0477261
APPC/BTC,1604763173800,2020-11-07T15:32:53.800Z,buy,1.71e-06,349.0,0.0005967899999999
APPC/BTC,1604763245283,2020-11-07T15:34:05.283Z,buy,1.71e-06,987.0,0.00168777
APPC/BTC,1604763283391,2020-11-07T15:34:43.391Z,buy,1.71e-06,1833.0,0.0031344299999999
APPC/BTC,1604763298682,2020-11-07T15:34:58.682Z,buy,1.71e-06,582.0,0.00099522
APPC/BTC,1604763322846,2020-11-07T15:35:22.846Z,buy,1.71e-06,1567.0,0.00267957
APPC/BTC,1604763334466,2020-11-07T15:35:34.466Z,buy,1.71e-06,65.0,0.0001111499999999
APPC/BTC,1604763411502,2020-11-07T15:36:51.502Z,sell,1.7e-06,52209.0,0.0887553
APPC/BTC,1604763421236,2020-11-07T15:37:01.236Z,buy,1.71e-06,9090.0,0.0155439
APPC/BTC,1604763482929,2020-11-07T15:38:02.929Z,buy,1.72e-06,204.0,0.00035088
APPC/BTC,1604763488472,2020-11-07T15:38:08.472Z,buy,1.72e-06,140.0,0.0002408
APPC/BTC,1604763607963,2020-11-07T15:40:07.963Z,sell,1.72e-06,59.0,0.00010148
APPC/BTC,1604763654510,2020-11-07T15:40:54.510Z,sell,1.72e-06,50000.0,0.086
APPC/BTC,1604763655041,2020-11-07T15:40:55.041Z,buy,1.73e-06,101.0,0.00017473
APPC/BTC,1604763772083,2020-11-07T15:42:52.083Z,buy,1.73e-06,1534.0,0.00265382
APPC/BTC,1604763793030,2020-11-07T15:43:13.030Z,sell,1.73e-06,2705.0,0.00467965
APPC/BTC,1604763805584,2020-11-07T15:43:25.584Z,sell,1.73e-06,2339.0,0.00404647
APPC/BTC,1604763808452,2020-11-07T15:43:28.452Z,sell,1.73e-06,2393.0,0.00413989
APPC/BTC,1604763937701,2020-11-07T15:45:37.701Z,buy,1.73e-06,107.0,0.00018511
APPC/BTC,1604764015512,2020-11-07T15:46:55.512Z,buy,1.73e-06,109.0,0.00018857
APPC/BTC,1604764219227,2020-11-07T15:50:19.227Z,sell,1.72e-06,170.0,0.0002924
APPC/BTC,1604764219366,2020-11-07T15:50:19.366Z,sell,1.72e-06,171.0,0.00029412
APPC/BTC,1604764339867,2020-11-07T15:52:19.867Z,buy,1.73e-06,130.0,0.0002249
APPC/BTC,1604764424187,2020-11-07T15:53:44.187Z,buy,1.73e-06,121.0,0.00020933
APPC/BTC,1604764526902,2020-11-07T15:55:26.902Z,buy,1.73e-06,112.0,0.00019376
APPC/BTC,1604764527321,2020-11-07T15:55:27.321Z,buy,1.73e-06,3083.0,0.00533359
APPC/BTC,1604764600925,2020-11-07T15:56:40.925Z,sell,1.73e-06,5280.0,0.0091343999999999
APPC/BTC,1604764947934,2020-11-07T16:02:27.934Z,sell,1.73e-06,131.0,0.00022663
APPC/BTC,1604764987441,2020-11-07T16:03:07.441Z,buy,1.74e-06,8571.0,0.01491354
APPC/BTC,1604764987452,2020-11-07T16:03:07.452Z,buy,1.74e-06,4474.0,0.00778476
APPC/BTC,1604764987650,2020-11-07T16:03:07.650Z,buy,1.74e-06,2233.0,0.00388542
APPC/BTC,1604764992374,2020-11-07T16:03:12.374Z,sell,1.73e-06,142.0,0.00024566
APPC/BTC,1604765013416,2020-11-07T16:03:33.416Z,buy,1.74e-06,4023.0,0.00700002
APPC/BTC,1604765018842,2020-11-07T16:03:38.842Z,buy,1.74e-06,1510.0,0.0026274
APPC/BTC,1604765075338,2020-11-07T16:04:35.338Z,sell,1.74e-06,2325.0,0.0040455
APPC/BTC,1604765085626,2020-11-07T16:04:45.626Z,buy,1.75e-06,149.0,0.00026075
APPC/BTC,1604765086932,2020-11-07T16:04:46.932Z,sell,1.74e-06,2352.0,0.00409248
APPC/BTC,1604765087750,2020-11-07T16:04:47.750Z,sell,1.74e-06,1498.0,0.00260652
APPC/BTC,1604765088532,2020-11-07T16:04:48.532Z,buy,1.74e-06,106.0,0.00018444
APPC/BTC,1604765089951,2020-11-07T16:04:49.951Z,buy,1.74e-06,3274.0,0.00569676
APPC/BTC,1604765114902,2020-11-07T16:05:14.902Z,sell,1.74e-06,4429.0,0.00770646
APPC/BTC,1604765125689,2020-11-07T16:05:25.689Z,sell,1.74e-06,2043.0,0.00355482
APPC/BTC,1604765131846,2020-11-07T16:05:31.846Z,buy,1.75e-06,1113.0,0.00194775
APPC/BTC,1604765204041,2020-11-07T16:06:44.041Z,buy,1.75e-06,171.0,0.00029925
APPC/BTC,1604765211792,2020-11-07T16:06:51.792Z,buy,1.75e-06,175.0,0.00030625
APPC/BTC,1604765236259,2020-11-07T16:07:16.259Z,buy,1.75e-06,11971.0,0.02094925
APPC/BTC,1604765239111,2020-11-07T16:07:19.111Z,buy,1.75e-06,8711.0,0.0152442499999999
APPC/BTC,1604765240702,2020-11-07T16:07:20.702Z,buy,1.75e-06,4187.0,0.0073272499999999
APPC/BTC,1604765280998,2020-11-07T16:08:00.998Z,buy,1.75e-06,174.0,0.0003045
APPC/BTC,1604765310008,2020-11-07T16:08:30.008Z,buy,1.75e-06,9992.0,0.0174859999999999
APPC/BTC,1604765321184,2020-11-07T16:08:41.184Z,buy,1.75e-06,9830.0,0.0172025
APPC/BTC,1604765350157,2020-11-07T16:09:10.157Z,buy,1.76e-06,7835.0,0.0137896
APPC/BTC,1604765352897,2020-11-07T16:09:12.897Z,sell,1.75e-06,276.0,0.000483
APPC/BTC,1604765379415,2020-11-07T16:09:39.415Z,buy,1.75e-06,4523.0,0.00791525
APPC/BTC,1604765412573,2020-11-07T16:10:12.573Z,sell,1.75e-06,104.0,0.000182
APPC/BTC,1604765674364,2020-11-07T16:14:34.364Z,buy,1.76e-06,327.0,0.00057552
APPC/BTC,1604765718998,2020-11-07T16:15:18.998Z,sell,1.75e-06,95.0,0.00016625
APPC/BTC,1604765729513,2020-11-07T16:15:29.513Z,sell,1.75e-06,278.0,0.0004865
APPC/BTC,1604765729644,2020-11-07T16:15:29.644Z,sell,1.74e-06,1129.0,0.00196446
APPC/BTC,1604765741885,2020-11-07T16:15:41.885Z,sell,1.73e-06,24568.0,0.04250264
APPC/BTC,1604765768073,2020-11-07T16:16:08.073Z,buy,1.73e-06,58.0,0.0001003399999999
APPC/BTC,1604765827525,2020-11-07T16:17:07.525Z,sell,1.72e-06,971.0,0.00167012
APPC/BTC,1604765827887,2020-11-07T16:17:07.887Z,sell,1.72e-06,1936.0,0.00332992
APPC/BTC,1604765828004,2020-11-07T16:17:08.004Z,sell,1.72e-06,7135.0,0.0122722
APPC/BTC,1604765828344,2020-11-07T16:17:08.344Z,sell,1.72e-06,1242.0,0.00213624
APPC/BTC,1604765888800,2020-11-07T16:18:08.800Z,buy,1.74e-06,107.0,0.00018618
APPC/BTC,1604765890780,2020-11-07T16:18:10.780Z,sell,1.74e-06,367.0,0.00063858
APPC/BTC,1604765890909,2020-11-07T16:18:10.909Z,buy,1.74e-06,155.0,0.0002697
APPC/BTC,1604765917032,2020-11-07T16:18:37.032Z,sell,1.73e-06,104.0,0.00017992
APPC/BTC,1604765955520,2020-11-07T16:19:15.520Z,sell,1.73e-06,3.0,5.19e-06
APPC/BTC,1604765955520,2020-11-07T16:19:15.520Z,sell,1.72e-06,88.0,0.00015136
APPC/BTC,1604765979706,2020-11-07T16:19:39.706Z,sell,1.73e-06,127.0,0.00021971
APPC/BTC,1604765980040,2020-11-07T16:19:40.040Z,sell,1.73e-06,228.0,0.0003944399999999
APPC/BTC,1604765981035,2020-11-07T16:19:41.035Z,sell,1.72e-06,383.0,0.00065876
APPC/BTC,1604765981035,2020-11-07T16:19:41.035Z,sell,1.71e-06,5456.0,0.00932976
APPC/BTC,1604765981035,2020-11-07T16:19:41.035Z,sell,1.7e-06,7983.0,0.0135711
APPC/BTC,1604765997920,2020-11-07T16:19:57.920Z,sell,1.7e-06,21536.0,0.0366112
APPC/BTC,1604765998353,2020-11-07T16:19:58.353Z,buy,1.7e-06,111.0,0.0001887
APPC/BTC,1604766001400,2020-11-07T16:20:01.400Z,buy,1.7e-06,11764.0,0.0199988
APPC/BTC,1604766001478,2020-11-07T16:20:01.478Z,buy,1.7e-06,40869.0,0.0694773
APPC/BTC,1604766036689,2020-11-07T16:20:36.689Z,buy,1.71e-06,108.0,0.00018468
APPC/BTC,1604766082304,2020-11-07T16:21:22.304Z,buy,1.72e-06,216.0,0.00037152
APPC/BTC,1604766082356,2020-11-07T16:21:22.356Z,sell,1.72e-06,5263.0,0.00905236
APPC/BTC,1604766194877,2020-11-07T16:23:14.877Z,sell,1.71e-06,291.0,0.00049761
APPC/BTC,1604766201521,2020-11-07T16:23:21.521Z,sell,1.7e-06,57282.0,0.0973794
APPC/BTC,1604766214326,2020-11-07T16:23:34.326Z,sell,1.7e-06,57282.0,0.0973794
APPC/BTC,1604766216162,2020-11-07T16:23:36.162Z,sell,1.7e-06,5079.0,0.0086343
APPC/BTC,1604766248162,2020-11-07T16:24:08.162Z,buy,1.7e-06,59.0,0.0001003
APPC/BTC,1604766255269,2020-11-07T16:24:15.269Z,sell,1.69e-06,12218.0,0.02064842
APPC/BTC,1604766380582,2020-11-07T16:26:20.582Z,sell,1.69e-06,13821.0,0.0233574899999999
APPC/BTC,1604766391802,2020-11-07T16:26:31.802Z,buy,1.7e-06,74.0,0.0001258
APPC/BTC,1604766393412,2020-11-07T16:26:33.412Z,buy,1.7e-06,109.0,0.0001853
APPC/BTC,1604766393412,2020-11-07T16:26:33.412Z,buy,1.7e-06,109.0,0.0001853
APPC/BTC,1604766541426,2020-11-07T16:29:01.426Z,sell,1.69e-06,57758.0,0.0976110199999999
APPC/BTC,1604766542741,2020-11-07T16:29:02.741Z,buy,1.69e-06,150.0,0.0002535
APPC/BTC,1604766603164,2020-11-07T16:30:03.164Z,buy,1.69e-06,102.0,0.00017238
APPC/BTC,1604766625249,2020-11-07T16:30:25.249Z,buy,1.69e-06,145.0,0.0002450499999999
APPC/BTC,1604766625262,2020-11-07T16:30:25.262Z,buy,1.69e-06,6695.0,0.01131455
APPC/BTC,1604766640875,2020-11-07T16:30:40.875Z,sell,1.68e-06,60.0,0.0001008
APPC/BTC,1604766653946,2020-11-07T16:30:53.946Z,sell,1.68e-06,2517.0,0.00422856
APPC/BTC,1604766869903,2020-11-07T16:34:29.903Z,buy,1.69e-06,148.0,0.00025012
APPC/BTC,1604766881145,2020-11-07T16:34:41.145Z,buy,1.69e-06,18217.0,0.0307867299999999
APPC/BTC,1604766881241,2020-11-07T16:34:41.241Z,buy,1.69e-06,11867.0,0.02005523
APPC/BTC,1604766881337,2020-11-07T16:34:41.337Z,buy,1.69e-06,5930.0,0.0100217
APPC/BTC,1604766881443,2020-11-07T16:34:41.443Z,buy,1.69e-06,2962.0,0.00500578
APPC/BTC,1604766881611,2020-11-07T16:34:41.611Z,buy,1.69e-06,1686.0,0.0028493399999999
APPC/BTC,1604766936581,2020-11-07T16:35:36.581Z,buy,1.7e-06,70.0,0.000119
APPC/BTC,1604767003908,2020-11-07T16:36:43.908Z,buy,1.7e-06,39.0,6.63e-05
APPC/BTC,1604767005613,2020-11-07T16:36:45.613Z,buy,1.71e-06,108.0,0.00018468
APPC/BTC,1604767005613,2020-11-07T16:36:45.613Z,buy,1.72e-06,108.0,0.00018576
APPC/BTC,1604767005613,2020-11-07T16:36:45.613Z,buy,1.73e-06,3859.0,0.00667607
APPC/BTC,1604767018370,2020-11-07T16:36:58.370Z,sell,1.71e-06,61.0,0.00010431
APPC/BTC,1604767029449,2020-11-07T16:37:09.449Z,sell,1.71e-06,600.0,0.001026
APPC/BTC,1604767148877,2020-11-07T16:39:08.877Z,sell,1.71e-06,400.0,0.0006839999999999
APPC/BTC,1604767236126,2020-11-07T16:40:36.126Z,sell,1.71e-06,61.0,0.00010431
APPC/BTC,1604767508112,2020-11-07T16:45:08.112Z,sell,1.71e-06,59.0,0.0001008899999999
APPC/BTC,1604767567655,2020-11-07T16:46:07.655Z,sell,1.71e-06,191.0,0.0003266099999999
APPC/BTC,1604767625523,2020-11-07T16:47:05.523Z,buy,1.72e-06,4969.0,0.00854668
APPC/BTC,1604767759942,2020-11-07T16:49:19.942Z,buy,1.73e-06,70.0,0.0001211
APPC/BTC,1604767774151,2020-11-07T16:49:34.151Z,buy,1.74e-06,5364.0,0.00933336
APPC/BTC,1604767865552,2020-11-07T16:51:05.552Z,buy,1.74e-06,451.0,0.00078474
APPC/BTC,1604767884004,2020-11-07T16:51:24.004Z,sell,1.73e-06,107.0,0.00018511
APPC/BTC,1604768189541,2020-11-07T16:56:29.541Z,buy,1.74e-06,28736.0,0.05000064
APPC/BTC,1604768201494,2020-11-07T16:56:41.494Z,sell,1.73e-06,134.0,0.0002318199999999
APPC/BTC,1604768308997,2020-11-07T16:58:28.997Z,sell,1.73e-06,107.0,0.00018511
APPC/BTC,1604768318443,2020-11-07T16:58:38.443Z,sell,1.72e-06,34981.0,0.06016732
APPC/BTC,1604769103989,2020-11-07T17:11:43.989Z,sell,1.72e-06,3069.0,0.00527868
APPC/BTC,1604769103989,2020-11-07T17:11:43.989Z,sell,1.72e-06,3069.0,0.00527868
APPC/BTC,1604770074106,2020-11-07T17:27:54.106Z,sell,1.72e-06,142.0,0.00024424
APPC/BTC,1604770074106,2020-11-07T17:27:54.106Z,sell,1.71e-06,1144.0,0.0019562399999999
APPC/BTC,1604770337822,2020-11-07T17:32:17.822Z,sell,1.71e-06,142.0,0.0002428199999999
APPC/BTC,1604770411908,2020-11-07T17:33:31.908Z,buy,1.72e-06,75.0,0.000129
APPC/BTC,1604770591327,2020-11-07T17:36:31.327Z,sell,1.71e-06,2251.0,0.00384921
APPC/BTC,1604770795247,2020-11-07T17:39:55.247Z,buy,1.72e-06,33.0,5.676e-05
APPC/BTC,1604770826638,2020-11-07T17:40:26.638Z,buy,1.73e-06,165.0,0.0002854499999999
APPC/BTC,1604771334456,2020-11-07T17:48:54.456Z,buy,1.73e-06,34114.0,0.0590172199999999
APPC/BTC,1604771334529,2020-11-07T17:48:54.529Z,sell,1.73e-06,13955.0,0.0241421499999999
APPC/BTC,1604771389958,2020-11-07T17:49:49.958Z,sell,1.71e-06,34377.0,0.05878467
APPC/BTC,1604771400248,2020-11-07T17:50:00.248Z,sell,1.7e-06,13644.0,0.0231948
APPC/BTC,1604771963882,2020-11-07T17:59:23.882Z,buy,1.71e-06,108.0,0.00018468
APPC/BTC,1604771974545,2020-11-07T17:59:34.545Z,sell,1.7e-06,47700.0,0.08109
APPC/BTC,1604772172150,2020-11-07T18:02:52.150Z,sell,1.7e-06,1253.0,0.0021301
APPC/BTC,1604772172158,2020-11-07T18:02:52.158Z,buy,1.71e-06,113.0,0.00019323
APPC/BTC,1604772173278,2020-11-07T18:02:53.278Z,buy,1.71e-06,162.0,0.00027702
APPC/BTC,1604772195449,2020-11-07T18:03:15.449Z,buy,1.71e-06,59.0,0.0001008899999999
APPC/BTC,1604772326531,2020-11-07T18:05:26.531Z,buy,1.71e-06,136.0,0.0002325599999999
APPC/BTC,1604772461372,2020-11-07T18:07:41.372Z,buy,1.71e-06,141.0,0.00024111
APPC/BTC,1604772525628,2020-11-07T18:08:45.628Z,buy,1.71e-06,242.0,0.0004138199999999
APPC/BTC,1604772584098,2020-11-07T18:09:44.098Z,buy,1.71e-06,132.0,0.00022572
APPC/BTC,1604772658779,2020-11-07T18:10:58.779Z,buy,1.71e-06,174.0,0.00029754
APPC/BTC,1604772658779,2020-11-07T18:10:58.779Z,buy,1.71e-06,174.0,0.00029754
APPC/BTC,1604772931272,2020-11-07T18:15:31.272Z,sell,1.7e-06,4624.0,0.0078608
APPC/BTC,1604772932070,2020-11-07T18:15:32.070Z,sell,1.69e-06,1628.0,0.00275132
APPC/BTC,1604772932147,2020-11-07T18:15:32.147Z,sell,1.69e-06,1640.0,0.0027716
APPC/BTC,1604772932283,2020-11-07T18:15:32.283Z,sell,1.69e-06,3639.0,0.00614991
APPC/BTC,1604772933094,2020-11-07T18:15:33.094Z,sell,1.69e-06,2576.0,0.00435344
APPC/BTC,1604772960522,2020-11-07T18:16:00.522Z,sell,1.68e-06,522.0,0.00087696
APPC/BTC,1604773024413,2020-11-07T18:17:04.413Z,sell,1.68e-06,91.0,0.00015288
APPC/BTC,1604773024685,2020-11-07T18:17:04.685Z,buy,1.68e-06,60.0,0.0001008
APPC/BTC,1604773205322,2020-11-07T18:20:05.322Z,buy,1.68e-06,158.0,0.00026544
APPC/BTC,1604773205445,2020-11-07T18:20:05.445Z,buy,1.68e-06,158.0,0.00026544
APPC/BTC,1604773299778,2020-11-07T18:21:39.778Z,sell,1.67e-06,4525.0,0.00755675
APPC/BTC,1604773303152,2020-11-07T18:21:43.152Z,buy,1.68e-06,186.0,0.00031248
APPC/BTC,1604773303296,2020-11-07T18:21:43.296Z,buy,1.68e-06,185.0,0.0003108
APPC/BTC,1604773318714,2020-11-07T18:21:58.714Z,sell,1.67e-06,791.0,0.00132097
APPC/BTC,1604773328697,2020-11-07T18:22:08.697Z,sell,1.67e-06,600.0,0.001002
APPC/BTC,1604773370690,2020-11-07T18:22:50.690Z,sell,1.67e-06,3316.0,0.00553772
APPC/BTC,1604773370762,2020-11-07T18:22:50.762Z,buy,1.67e-06,906.0,0.00151302
APPC/BTC,1604773693954,2020-11-07T18:28:13.954Z,sell,1.67e-06,341.0,0.00056947
APPC/BTC,1604774130631,2020-11-07T18:35:30.631Z,buy,1.68e-06,8645.0,0.0145236
APPC/BTC,1604774185518,2020-11-07T18:36:25.518Z,sell,1.67e-06,3984.0,0.00665328
APPC/BTC,1604774460499,2020-11-07T18:41:00.499Z,sell,1.67e-06,6828.0,0.01140276
APPC/BTC,1604774485160,2020-11-07T18:41:25.160Z,sell,1.67e-06,5844.0,0.00975948
APPC/BTC,1604774623798,2020-11-07T18:43:43.798Z,sell,1.67e-06,1622.0,0.00270874
APPC/BTC,1604774623807,2020-11-07T18:43:43.807Z,sell,1.67e-06,2729.0,0.00455743
APPC/BTC,1604774627000,2020-11-07T18:43:47.000Z,sell,1.67e-06,1329.0,0.00221943
APPC/BTC,1604774627123,2020-11-07T18:43:47.123Z,sell,1.67e-06,664.0,0.00110888
APPC/BTC,1604774641558,2020-11-07T18:44:01.558Z,buy,1.68e-06,10000.0,0.0168
APPC/BTC,1604774658896,2020-11-07T18:44:18.896Z,sell,1.67e-06,12105.0,0.02021535
APPC/BTC,1604774658905,2020-11-07T18:44:18.905Z,sell,1.67e-06,3061.0,0.00511187
APPC/BTC,1604774662371,2020-11-07T18:44:22.371Z,buy,1.68e-06,40000.0,0.0672
APPC/BTC,1604774682364,2020-11-07T18:44:42.364Z,sell,1.67e-06,7711.0,0.01287737
APPC/BTC,1604774716306,2020-11-07T18:45:16.306Z,buy,1.67e-06,88.0,0.00014696
APPC/BTC,1604775407379,2020-11-07T18:56:47.379Z,sell,1.66e-06,5659.0,0.00939394
APPC/BTC,1604775409514,2020-11-07T18:56:49.514Z,sell,1.66e-06,3341.0,0.00554606
APPC/BTC,1604775446943,2020-11-07T18:57:26.943Z,sell,1.66e-06,27882.0,0.04628412
APPC/BTC,1604775561993,2020-11-07T18:59:21.993Z,sell,1.66e-06,8924.0,0.01481384
APPC/BTC,1604775576422,2020-11-07T18:59:36.422Z,sell,1.66e-06,3695.0,0.0061337
APPC/BTC,1604775588149,2020-11-07T18:59:48.149Z,sell,1.66e-06,9066.0,0.01504956
APPC/BTC,1604775645948,2020-11-07T19:00:45.948Z,buy,1.67e-06,137.0,0.00022879
APPC/BTC,1604775652729,2020-11-07T19:00:52.729Z,sell,1.66e-06,11764.0,0.01952824
APPC/BTC,1604775661415,2020-11-07T19:01:01.415Z,sell,1.66e-06,20110.0,0.0333826
APPC/BTC,1604775665807,2020-11-07T19:01:05.807Z,sell,1.66e-06,970.0,0.0016102
APPC/BTC,1604775686938,2020-11-07T19:01:26.938Z,sell,1.66e-06,2409.0,0.00399894
APPC/BTC,1604775724489,2020-11-07T19:02:04.489Z,sell,1.66e-06,2409.0,0.00399894
APPC/BTC,1604775766529,2020-11-07T19:02:46.529Z,sell,1.66e-06,1225.0,0.0020335
APPC/BTC,1604775871723,2020-11-07T19:04:31.723Z,sell,1.66e-06,180.0,0.0002988
APPC/BTC,1604775977784,2020-11-07T19:06:17.784Z,sell,1.66e-06,180.0,0.0002988
APPC/BTC,1604776125077,2020-11-07T19:08:45.077Z,sell,1.66e-06,2158.0,0.00358228
APPC/BTC,1604776226841,2020-11-07T19:10:26.841Z,sell,1.66e-06,81.0,0.00013446
APPC/BTC,1604776226841,2020-11-07T19:10:26.841Z,sell,1.66e-06,81.0,0.00013446
APPC/BTC,1604776269738,2020-11-07T19:11:09.738Z,buy,1.67e-06,72.0,0.00012024
APPC/BTC,1604776355075,2020-11-07T19:12:35.075Z,sell,1.66e-06,139.0,0.00023074
APPC/BTC,1604776462161,2020-11-07T19:14:22.161Z,sell,1.66e-06,111.0,0.00018426
APPC/BTC,1604776505933,2020-11-07T19:15:05.933Z,sell,1.66e-06,1478.0,0.00245348
APPC/BTC,1604776646394,2020-11-07T19:17:26.394Z,buy,1.67e-06,16736.0,0.02794912
APPC/BTC,1604776652575,2020-11-07T19:17:32.575Z,sell,1.66e-06,101.0,0.00016766
APPC/BTC,1604776975637,2020-11-07T19:22:55.637Z,sell,1.66e-06,10.0,1.66e-05
APPC/BTC,1604776975637,2020-11-07T19:22:55.637Z,sell,1.65e-06,9883.0,0.01630695
APPC/BTC,1604777108168,2020-11-07T19:25:08.168Z,buy,1.65e-06,61.0,0.00010065
APPC/BTC,1604777143469,2020-11-07T19:25:43.469Z,sell,1.64e-06,3812.0,0.00625168
APPC/BTC,1604777160631,2020-11-07T19:26:00.631Z,sell,1.64e-06,1239.0,0.0020319599999999
APPC/BTC,1604777267999,2020-11-07T19:27:47.999Z,buy,1.65e-06,11000.0,0.01815
APPC/BTC,1604777286525,2020-11-07T19:28:06.525Z,sell,1.64e-06,970.0,0.0015908
APPC/BTC,1604777385755,2020-11-07T19:29:45.755Z,buy,1.65e-06,11000.0,0.01815
APPC/BTC,1604777391635,2020-11-07T19:29:51.635Z,buy,1.65e-06,9214.0,0.0152031
APPC/BTC,1604777391778,2020-11-07T19:29:51.778Z,buy,1.65e-06,9224.0,0.0152196
APPC/BTC,1604777408600,2020-11-07T19:30:08.600Z,sell,1.64e-06,600.0,0.000984
APPC/BTC,1604777418301,2020-11-07T19:30:18.301Z,buy,1.65e-06,9193.0,0.01516845
APPC/BTC,1604777434550,2020-11-07T19:30:34.550Z,buy,1.65e-06,855.0,0.00141075
APPC/BTC,1604777547656,2020-11-07T19:32:27.656Z,buy,1.65e-06,1100.0,0.001815
APPC/BTC,1604777784954,2020-11-07T19:36:24.954Z,buy,1.66e-06,509.0,0.00084494
APPC/BTC,1604777784954,2020-11-07T19:36:24.954Z,buy,1.67e-06,8583.0,0.01433361
APPC/BTC,1604777790153,2020-11-07T19:36:30.153Z,buy,1.67e-06,925.0,0.00154475
APPC/BTC,1604778249417,2020-11-07T19:44:09.417Z,sell,1.66e-06,400.0,0.000664
APPC/BTC,1604778335402,2020-11-07T19:45:35.402Z,sell,1.66e-06,5695.0,0.0094537
APPC/BTC,1604778352911,2020-11-07T19:45:52.911Z,sell,1.66e-06,1893.0,0.00314238
APPC/BTC,1604778486921,2020-11-07T19:48:06.921Z,sell,1.65e-06,450.0,0.0007425
APPC/BTC,1604778510628,2020-11-07T19:48:30.628Z,sell,1.65e-06,17336.0,0.0286044
APPC/BTC,1604779287988,2020-11-07T20:01:27.988Z,sell,1.65e-06,193.0,0.00031845
APPC/BTC,1604779410856,2020-11-07T20:03:30.856Z,sell,1.65e-06,21952.0,0.0362208
APPC/BTC,1604779410856,2020-11-07T20:03:30.856Z,sell,1.64e-06,24692.0,0.04049488
APPC/BTC,1604779469896,2020-11-07T20:04:29.896Z,buy,1.65e-06,97.0,0.00016005
APPC/BTC,1604779471799,2020-11-07T20:04:31.799Z,buy,1.65e-06,149.0,0.00024585
APPC/BTC,1604779615378,2020-11-07T20:06:55.378Z,buy,1.65e-06,63.0,0.00010395
APPC/BTC,1604779641893,2020-11-07T20:07:21.893Z,buy,1.65e-06,3020.0,0.004983
APPC/BTC,1604779823792,2020-11-07T20:10:23.792Z,sell,1.64e-06,2085.0,0.0034194
APPC/BTC,1604779823792,2020-11-07T20:10:23.792Z,sell,1.64e-06,2085.0,0.0034194
APPC/BTC,1604779846740,2020-11-07T20:10:46.740Z,buy,1.65e-06,222.0,0.0003663
APPC/BTC,1604779847248,2020-11-07T20:10:47.248Z,buy,1.65e-06,168.0,0.0002772
APPC/BTC,1604779847546,2020-11-07T20:10:47.546Z,buy,1.65e-06,183.0,0.00030195
APPC/BTC,1604779847789,2020-11-07T20:10:47.789Z,buy,1.65e-06,175.0,0.00028875
APPC/BTC,1604779894740,2020-11-07T20:11:34.740Z,buy,1.65e-06,497.0,0.00082005
APPC/BTC,1604780170097,2020-11-07T20:16:10.097Z,buy,1.65e-06,97656.0,0.1611324
APPC/BTC,1604780205099,2020-11-07T20:16:45.099Z,sell,1.65e-06,114.0,0.0001881
APPC/BTC,1604780205242,2020-11-07T20:16:45.242Z,sell,1.65e-06,114.0,0.0001881
APPC/BTC,1604780207861,2020-11-07T20:16:47.861Z,buy,1.66e-06,128.0,0.00021248
APPC/BTC,1604780304379,2020-11-07T20:18:24.379Z,sell,1.65e-06,2597.0,0.00428505
APPC/BTC,1604780390693,2020-11-07T20:19:50.693Z,buy,1.66e-06,2325.0,0.0038595
APPC/BTC,1604780494504,2020-11-07T20:21:34.504Z,buy,1.67e-06,115.0,0.00019205
APPC/BTC,1604780596367,2020-11-07T20:23:16.367Z,sell,1.66e-06,88.0,0.00014608
APPC/BTC,1604780890031,2020-11-07T20:28:10.031Z,buy,1.67e-06,400.0,0.000668
APPC/BTC,1604781014308,2020-11-07T20:30:14.308Z,buy,1.67e-06,2812.0,0.00469604
APPC/BTC,1604781298653,2020-11-07T20:34:58.653Z,sell,1.66e-06,22319.0,0.03704954
APPC/BTC,1604781314100,2020-11-07T20:35:14.100Z,buy,1.67e-06,1371.0,0.00228957
APPC/BTC,1604781422761,2020-11-07T20:37:02.761Z,buy,1.67e-06,24913.0,0.04160471
APPC/BTC,1604781584089,2020-11-07T20:39:44.089Z,buy,1.68e-06,9003.0,0.01512504
APPC/BTC,1604781608180,2020-11-07T20:40:08.180Z,sell,1.68e-06,61.0,0.00010248
APPC/BTC,1604781627916,2020-11-07T20:40:27.916Z,buy,1.69e-06,9895.0,0.01672255
APPC/BTC,1604781668538,2020-11-07T20:41:08.538Z,sell,1.69e-06,61.0,0.0001030899999999
APPC/BTC,1604781717382,2020-11-07T20:41:57.382Z,sell,1.69e-06,9055.0,0.01530295
APPC/BTC,1604781728204,2020-11-07T20:42:08.204Z,sell,1.69e-06,60.0,0.0001014
APPC/BTC,1604781794849,2020-11-07T20:43:14.849Z,sell,1.69e-06,2794.0,0.00472186
APPC/BTC,1604781800355,2020-11-07T20:43:20.355Z,sell,1.69e-06,2409.0,0.00407121
APPC/BTC,1604781804838,2020-11-07T20:43:24.838Z,sell,1.69e-06,2409.0,0.00407121
APPC/BTC,1604781813588,2020-11-07T20:43:33.588Z,sell,1.69e-06,2424.0,0.00409656
APPC/BTC,1604781815822,2020-11-07T20:43:35.822Z,sell,1.69e-06,295.0,0.00049855
APPC/BTC,1604781821765,2020-11-07T20:43:41.765Z,sell,1.69e-06,1448.0,0.0024471199999999
APPC/BTC,1604782123620,2020-11-07T20:48:43.620Z,sell,1.68e-06,435.0,0.0007308
APPC/BTC,1604782709647,2020-11-07T20:58:29.647Z,buy,1.69e-06,1021.0,0.0017254899999999
APPC/BTC,1604782776391,2020-11-07T20:59:36.391Z,sell,1.69e-06,135.0,0.00022815
APPC/BTC,1604782776522,2020-11-07T20:59:36.522Z,sell,1.69e-06,136.0,0.0002298399999999
APPC/BTC,1604782865837,2020-11-07T21:01:05.837Z,sell,1.69e-06,74.0,0.00012506
APPC/BTC,1604782921662,2020-11-07T21:02:01.662Z,sell,1.69e-06,93.0,0.00015717
APPC/BTC,1604782941602,2020-11-07T21:02:21.602Z,sell,1.69e-06,659.0,0.00111371
APPC/BTC,1604782954683,2020-11-07T21:02:34.683Z,sell,1.69e-06,105.0,0.00017745
APPC/BTC,1604783088470,2020-11-07T21:04:48.470Z,sell,1.69e-06,65.0,0.00010985
APPC/BTC,1604783174257,2020-11-07T21:06:14.257Z,sell,1.69e-06,2462.0,0.00416078
APPC/BTC,1604783236762,2020-11-07T21:07:16.762Z,buy,1.69e-06,4679.0,0.00790751
APPC/BTC,1604783236762,2020-11-07T21:07:16.762Z,buy,1.69e-06,4679.0,0.00790751
APPC/BTC,1604783463372,2020-11-07T21:11:03.372Z,buy,1.69e-06,6504.0,0.01099176
APPC/BTC,1604784585431,2020-11-07T21:29:45.431Z,sell,1.68e-06,10000.0,0.0168
APPC/BTC,1604784608213,2020-11-07T21:30:08.213Z,buy,1.68e-06,60.0,0.0001008
APPC/BTC,1604784756821,2020-11-07T21:32:36.821Z,sell,1.67e-06,2988.0,0.00498996
APPC/BTC,1604784848667,2020-11-07T21:34:08.667Z,buy,1.68e-06,76.0,0.00012768
APPC/BTC,1604784905358,2020-11-07T21:35:05.358Z,sell,1.67e-06,988.0,0.00164996
APPC/BTC,1604785029152,2020-11-07T21:37:09.152Z,buy,1.68e-06,94.0,0.00015792
APPC/BTC,1604785234270,2020-11-07T21:40:34.270Z,buy,1.68e-06,72.0,0.00012096
APPC/BTC,1604785236346,2020-11-07T21:40:36.346Z,buy,1.68e-06,152.0,0.00025536
APPC/BTC,1604785415816,2020-11-07T21:43:35.816Z,buy,1.68e-06,3748.0,0.00629664
APPC/BTC,1604785519399,2020-11-07T21:45:19.399Z,buy,1.68e-06,1746.0,0.00293328
APPC/BTC,1604785591319,2020-11-07T21:46:31.319Z,buy,1.68e-06,93.0,0.00015624
APPC/BTC,1604785808232,2020-11-07T21:50:08.232Z,buy,1.68e-06,102.0,0.00017136
APPC/BTC,1604786176143,2020-11-07T21:56:16.143Z,buy,1.68e-06,167.0,0.00028056
APPC/BTC,1604786252899,2020-11-07T21:57:32.899Z,buy,1.68e-06,3169.0,0.00532392
APPC/BTC,1604786421554,2020-11-07T22:00:21.554Z,sell,1.67e-06,157.0,0.00026219
APPC/BTC,1604786586908,2020-11-07T22:03:06.908Z,buy,1.68e-06,112.0,0.00018816
APPC/BTC,1604786631131,2020-11-07T22:03:51.131Z,buy,1.68e-06,189.0,0.00031752
APPC/BTC,1604786632275,2020-11-07T22:03:52.275Z,buy,1.68e-06,165.0,0.0002772
APPC/BTC,1604786632275,2020-11-07T22:03:52.275Z,buy,1.68e-06,165.0,0.0002772
APPC/BTC,1604786900723,2020-11-07T22:08:20.723Z,sell,1.67e-06,9884.0,0.01650628
APPC/BTC,1604786958662,2020-11-07T22:09:18.662Z,sell,1.67e-06,113.0,0.00018871
APPC/BTC,1604787042042,2020-11-07T22:10:42.042Z,sell,1.67e-06,184.0,0.00030728
APPC/BTC,1604787174412,2020-11-07T22:12:54.412Z,sell,1.67e-06,85.0,0.00014195
APPC/BTC,1604787174412,2020-11-07T22:12:54.412Z,sell,1.67e-06,85.0,0.00014195
APPC/BTC,1604790558482,2020-11-07T23:09:18.482Z,buy,1.68e-06,1988.0,0.00333984
APPC/BTC,1604790558482,2020-11-07T23:09:18.482Z,buy,1.68e-06,1988.0,0.00333984
APPC/BTC,1604791912837,2020-11-07T23:31:52.837Z,buy,1.68e-06,2257.0,0.00379176
APPC/BTC,1604793836385,2020-11-08T00:03:56.385Z,buy,1.68e-06,298.0,0.00050064
APPC/BTC,1604793853110,2020-11-08T00:04:13.110Z,buy,1.68e-06,1190.0,0.0019992
APPC/BTC,1604793989768,2020-11-08T00:06:29.768Z,buy,1.68e-06,2959.0,0.00497112
APPC/BTC,1604793989768,2020-11-08T00:06:29.768Z,buy,1.68e-06,2959.0,0.00497112
APPC/BTC,1604794183913,2020-11-08T00:09:43.913Z,sell,1.67e-06,5427.0,0.00906309
APPC/BTC,1604795887399,2020-11-08T00:38:07.399Z,buy,1.68e-06,10221.0,0.01717128
APPC/BTC,1604797113780,2020-11-08T00:58:33.780Z,buy,1.68e-06,183.0,0.00030744
APPC/BTC,1604797114481,2020-11-08T00:58:34.481Z,buy,1.68e-06,183.0,0.00030744
APPC/BTC,1604797114481,2020-11-08T00:58:34.481Z,buy,1.68e-06,183.0,0.00030744
APPC/BTC,1604797814346,2020-11-08T01:10:14.346Z,buy,1.68e-06,186.0,0.00031248
APPC/BTC,1604797814597,2020-11-08T01:10:14.597Z,buy,1.68e-06,185.0,0.0003108
APPC/BTC,1604798312241,2020-11-08T01:18:32.241Z,sell,1.66e-06,1807.0,0.00299962
APPC/BTC,1604798623626,2020-11-08T01:23:43.626Z,buy,1.68e-06,303.0,0.00050904
APPC/BTC,1604798702676,2020-11-08T01:25:02.676Z,buy,1.68e-06,1626.0,0.00273168
APPC/BTC,1604798760918,2020-11-08T01:26:00.918Z,sell,1.67e-06,1000.0,0.00167
APPC/BTC,1604799084933,2020-11-08T01:31:24.933Z,buy,1.68e-06,94.0,0.00015792
APPC/BTC,1604799090072,2020-11-08T01:31:30.072Z,buy,1.68e-06,65.0,0.0001092
APPC/BTC,1604799245161,2020-11-08T01:34:05.161Z,buy,1.68e-06,98.0,0.00016464
APPC/BTC,1604799548422,2020-11-08T01:39:08.422Z,sell,1.67e-06,1092.0,0.00182364
APPC/BTC,1604800373989,2020-11-08T01:52:53.989Z,buy,1.68e-06,1308.0,0.00219744
APPC/BTC,1604800373989,2020-11-08T01:52:53.989Z,buy,1.68e-06,1308.0,0.00219744
APPC/BTC,1604800799586,2020-11-08T01:59:59.586Z,sell,1.67e-06,13630.0,0.0227621
APPC/BTC,1604800887648,2020-11-08T02:01:27.648Z,sell,1.67e-06,208.0,0.00034736
APPC/BTC,1604801315032,2020-11-08T02:08:35.032Z,sell,1.67e-06,4010.0,0.0066967
APPC/BTC,1604801516697,2020-11-08T02:11:56.697Z,sell,1.67e-06,99.0,0.00016533
APPC/BTC,1604802955813,2020-11-08T02:35:55.813Z,sell,1.67e-06,35032.0,0.05850344
APPC/BTC,1604802955813,2020-11-08T02:35:55.813Z,sell,1.67e-06,35032.0,0.05850344
APPC/BTC,1604803977343,2020-11-08T02:52:57.343Z,sell,1.66e-06,710.0,0.0011786
APPC/BTC,1604805023282,2020-11-08T03:10:23.282Z,buy,1.67e-06,1096.0,0.00183032
APPC/BTC,1604805030491,2020-11-08T03:10:30.491Z,buy,1.67e-06,1090.0,0.0018203
APPC/BTC,1604805034931,2020-11-08T03:10:34.931Z,buy,1.67e-06,19575.0,0.03269025
APPC/BTC,1604805037121,2020-11-08T03:10:37.121Z,buy,1.67e-06,1090.0,0.0018203
APPC/BTC,1604805042480,2020-11-08T03:10:42.480Z,buy,1.67e-06,1090.0,0.0018203
APPC/BTC,1604805048143,2020-11-08T03:10:48.143Z,buy,1.67e-06,1090.0,0.0018203
APPC/BTC,1604805053574,2020-11-08T03:10:53.574Z,buy,1.67e-06,1090.0,0.0018203
APPC/BTC,1604805059870,2020-11-08T03:10:59.870Z,buy,1.67e-06,1090.0,0.0018203
APPC/BTC,1604805065763,2020-11-08T03:11:05.763Z,buy,1.67e-06,1090.0,0.0018203
APPC/BTC,1604805070796,2020-11-08T03:11:10.796Z,buy,1.67e-06,1090.0,0.0018203
APPC/BTC,1604805076453,2020-11-08T03:11:16.453Z,buy,1.67e-06,1090.0,0.0018203
APPC/BTC,1604805082080,2020-11-08T03:11:22.080Z,buy,1.67e-06,1090.0,0.0018203
APPC/BTC,1604805088488,2020-11-08T03:11:28.488Z,buy,1.67e-06,1090.0,0.0018203
APPC/BTC,1604805088488,2020-11-08T03:11:28.488Z,buy,1.67e-06,1090.0,0.0018203
APPC/BTC,1604806868118,2020-11-08T03:41:08.118Z,buy,1.67e-06,2547.0,0.00425349
APPC/BTC,1604807616309,2020-11-08T03:53:36.309Z,sell,1.66e-06,661.0,0.00109726
APPC/BTC,1604807851770,2020-11-08T03:57:31.770Z,sell,1.66e-06,17090.0,0.0283694
APPC/BTC,1604807851770,2020-11-08T03:57:31.770Z,sell,1.66e-06,17090.0,0.0283694
APPC/BTC,1604809316055,2020-11-08T04:21:56.055Z,sell,1.66e-06,360.0,0.0005976
APPC/BTC,1604809328804,2020-11-08T04:22:08.804Z,sell,1.66e-06,181.0,0.00030046
APPC/BTC,1604809521775,2020-11-08T04:25:21.775Z,buy,1.66e-06,5561.0,0.00923126
APPC/BTC,1604809521839,2020-11-08T04:25:21.839Z,buy,1.66e-06,1227.0,0.00203682
APPC/BTC,1604809832033,2020-11-08T04:30:32.033Z,buy,1.66e-06,634.0,0.00105244
APPC/BTC,1604809877981,2020-11-08T04:31:17.981Z,buy,1.66e-06,112.0,0.00018592
APPC/BTC,1604809903160,2020-11-08T04:31:43.160Z,sell,1.65e-06,16609.0,0.02740485
APPC/BTC,1604809925252,2020-11-08T04:32:05.252Z,buy,1.66e-06,205.0,0.0003403
APPC/BTC,1604810013037,2020-11-08T04:33:33.037Z,buy,1.66e-06,190.0,0.0003154
APPC/BTC,1604810096076,2020-11-08T04:34:56.076Z,buy,1.66e-06,162.0,0.00026892
APPC/BTC,1604810610555,2020-11-08T04:43:30.555Z,buy,1.66e-06,6799.0,0.01128634
APPC/BTC,1604810627512,2020-11-08T04:43:47.512Z,buy,1.66e-06,17288.0,0.02869808
APPC/BTC,1604810716744,2020-11-08T04:45:16.744Z,sell,1.65e-06,24314.0,0.0401181
APPC/BTC,1604810726125,2020-11-08T04:45:26.125Z,sell,1.64e-06,3326.0,0.00545464
APPC/BTC,1604810726619,2020-11-08T04:45:26.619Z,sell,1.64e-06,17755.0,0.0291182
APPC/BTC,1604810727194,2020-11-08T04:45:27.194Z,sell,1.64e-06,670.0,0.0010988
APPC/BTC,1604810727219,2020-11-08T04:45:27.219Z,sell,1.64e-06,2614.0,0.00428696
APPC/BTC,1604810727222,2020-11-08T04:45:27.222Z,sell,1.64e-06,2614.0,0.00428696
APPC/BTC,1604810727560,2020-11-08T04:45:27.560Z,sell,1.64e-06,611.0,0.00100204
APPC/BTC,1604811204102,2020-11-08T04:53:24.102Z,buy,1.65e-06,307.0,0.00050655
APPC/BTC,1604811248593,2020-11-08T04:54:08.593Z,buy,1.65e-06,2843.0,0.00469095
APPC/BTC,1604811259947,2020-11-08T04:54:19.947Z,buy,1.66e-06,9618.0,0.01596588
APPC/BTC,1604811260347,2020-11-08T04:54:20.347Z,buy,1.66e-06,295.0,0.0004897
APPC/BTC,1604811328823,2020-11-08T04:55:28.823Z,sell,1.65e-06,99.0,0.00016335
APPC/BTC,1604811328823,2020-11-08T04:55:28.823Z,sell,1.65e-06,99.0,0.00016335
APPC/BTC,1604811635390,2020-11-08T05:00:35.390Z,sell,1.65e-06,134.0,0.0002211
APPC/BTC,1604811717575,2020-11-08T05:01:57.575Z,buy,1.66e-06,5403.0,0.00896898
APPC/BTC,1604811845593,2020-11-08T05:04:05.593Z,sell,1.65e-06,125.0,0.00020625
APPC/BTC,1604811845769,2020-11-08T05:04:05.769Z,sell,1.65e-06,126.0,0.0002079
APPC/BTC,1604812393304,2020-11-08T05:13:13.304Z,buy,1.66e-06,9414.0,0.01562724
APPC/BTC,1604812393612,2020-11-08T05:13:13.612Z,sell,1.66e-06,959.0,0.00159194
APPC/BTC,1604812394406,2020-11-08T05:13:14.406Z,sell,1.66e-06,61.0,0.00010126
APPC/BTC,1604813106947,2020-11-08T05:25:06.947Z,buy,1.66e-06,2695.0,0.0044737
APPC/BTC,1604813106947,2020-11-08T05:25:06.947Z,buy,1.67e-06,20141.0,0.03363547
APPC/BTC,1604813106947,2020-11-08T05:25:06.947Z,buy,1.68e-06,57345.0,0.0963396
APPC/BTC,1604813135327,2020-11-08T05:25:35.327Z,buy,1.68e-06,596.0,0.00100128
APPC/BTC,1604813137379,2020-11-08T05:25:37.379Z,buy,1.68e-06,596.0,0.00100128
APPC/BTC,1604813137390,2020-11-08T05:25:37.390Z,buy,1.68e-06,596.0,0.00100128
APPC/BTC,1604813137803,2020-11-08T05:25:37.803Z,buy,1.68e-06,596.0,0.00100128
APPC/BTC,1604813137832,2020-11-08T05:25:37.832Z,buy,1.68e-06,596.0,0.00100128
APPC/BTC,1604813137875,2020-11-08T05:25:37.875Z,buy,1.68e-06,596.0,0.00100128
APPC/BTC,1604813137901,2020-11-08T05:25:37.901Z,buy,1.68e-06,596.0,0.00100128
APPC/BTC,1604813138639,2020-11-08T05:25:38.639Z,buy,1.68e-06,596.0,0.00100128
APPC/BTC,1604813167119,2020-11-08T05:26:07.119Z,sell,1.68e-06,596.0,0.00100128
APPC/BTC,1604813281380,2020-11-08T05:28:01.380Z,sell,1.67e-06,147.0,0.00024549
APPC/BTC,1604813411717,2020-11-08T05:30:11.717Z,buy,1.68e-06,1012.0,0.00170016
APPC/BTC,1604813436332,2020-11-08T05:30:36.332Z,sell,1.67e-06,110.0,0.0001837
APPC/BTC,1604813456282,2020-11-08T05:30:56.282Z,buy,1.67e-06,188.0,0.00031396
APPC/BTC,1604813968324,2020-11-08T05:39:28.324Z,buy,1.67e-06,203.0,0.00033901
APPC/BTC,1604814068428,2020-11-08T05:41:08.428Z,sell,1.66e-06,103.0,0.00017098
APPC/BTC,1604814068428,2020-11-08T05:41:08.428Z,sell,1.66e-06,103.0,0.00017098
APPC/BTC,1604815002634,2020-11-08T05:56:42.634Z,sell,1.66e-06,2649.0,0.00439734
APPC/BTC,1604815029606,2020-11-08T05:57:09.606Z,buy,1.67e-06,3295.0,0.00550265
APPC/BTC,1604815190594,2020-11-08T05:59:50.594Z,sell,1.66e-06,3295.0,0.0054697
APPC/BTC,1604815339196,2020-11-08T06:02:19.196Z,buy,1.67e-06,118.0,0.00019706
APPC/BTC,1604815628385,2020-11-08T06:07:08.385Z,buy,1.67e-06,70.0,0.0001169
APPC/BTC,1604816139906,2020-11-08T06:15:39.906Z,buy,1.67e-06,5131.0,0.00856877
APPC/BTC,1604816164526,2020-11-08T06:16:04.526Z,sell,1.66e-06,13568.0,0.02252288
APPC/BTC,1604816251240,2020-11-08T06:17:31.240Z,buy,1.67e-06,170.0,0.0002839
APPC/BTC,1604816251397,2020-11-08T06:17:31.397Z,buy,1.67e-06,170.0,0.0002839
APPC/BTC,1604816479234,2020-11-08T06:21:19.234Z,buy,1.67e-06,191.0,0.00031897
APPC/BTC,1604817315185,2020-11-08T06:35:15.185Z,buy,1.67e-06,343.0,0.00057281
APPC/BTC,1604817315185,2020-11-08T06:35:15.185Z,buy,1.68e-06,797.0,0.00133896
APPC/BTC,1604817344534,2020-11-08T06:35:44.534Z,sell,1.67e-06,110.0,0.0001837
APPC/BTC,1604817344534,2020-11-08T06:35:44.534Z,sell,1.67e-06,110.0,0.0001837
APPC/BTC,1604817829091,2020-11-08T06:43:49.091Z,buy,1.68e-06,67.0,0.00011256
APPC/BTC,1604817970366,2020-11-08T06:46:10.366Z,buy,1.68e-06,26506.0,0.04453008
APPC/BTC,1604818924098,2020-11-08T07:02:04.098Z,sell,1.67e-06,160.0,0.0002672
APPC/BTC,1604819079774,2020-11-08T07:04:39.774Z,sell,1.67e-06,3744.0,0.00625248
APPC/BTC,1604819410797,2020-11-08T07:10:10.797Z,sell,1.67e-06,2151.0,0.00359217
APPC/BTC,1604819526278,2020-11-08T07:12:06.278Z,buy,1.67e-06,244.0,0.00040748
APPC/BTC,1604819526278,2020-11-08T07:12:06.278Z,buy,1.67e-06,244.0,0.00040748
APPC/BTC,1604821585135,2020-11-08T07:46:25.135Z,sell,1.66e-06,1832.0,0.00304112
APPC/BTC,1604821737112,2020-11-08T07:48:57.112Z,buy,1.67e-06,139.0,0.00023213
APPC/BTC,1604822162765,2020-11-08T07:56:02.765Z,buy,1.67e-06,500.0,0.000835
APPC/BTC,1604822162765,2020-11-08T07:56:02.765Z,buy,1.67e-06,500.0,0.000835
APPC/BTC,1604824828653,2020-11-08T08:40:28.653Z,sell,1.66e-06,2417.0,0.00401222
APPC/BTC,1604824850460,2020-11-08T08:40:50.460Z,sell,1.66e-06,204.0,0.00033864
APPC/BTC,1604824862957,2020-11-08T08:41:02.957Z,sell,1.66e-06,528.0,0.00087648
APPC/BTC,1604824986217,2020-11-08T08:43:06.217Z,sell,1.66e-06,107.0,0.00017762
APPC/BTC,1604825016797,2020-11-08T08:43:36.797Z,buy,1.67e-06,305.0,0.00050935
APPC/BTC,1604825048620,2020-11-08T08:44:08.620Z,sell,1.66e-06,114.0,0.00018924
APPC/BTC,1604825156389,2020-11-08T08:45:56.389Z,sell,1.66e-06,117.0,0.00019422
APPC/BTC,1604825201753,2020-11-08T08:46:41.753Z,sell,1.66e-06,150.0,0.000249
APPC/BTC,1604825256096,2020-11-08T08:47:36.096Z,sell,1.66e-06,220.0,0.0003652
APPC/BTC,1604825288245,2020-11-08T08:48:08.245Z,sell,1.66e-06,98.0,0.00016268
APPC/BTC,1604825351860,2020-11-08T08:49:11.860Z,sell,1.66e-06,122.0,0.00020252
APPC/BTC,1604825370976,2020-11-08T08:49:30.976Z,sell,1.66e-06,11866.0,0.01969756
APPC/BTC,1604825407615,2020-11-08T08:50:07.615Z,sell,1.66e-06,2409.0,0.00399894
APPC/BTC,1604825416849,2020-11-08T08:50:16.849Z,buy,1.66e-06,1973.0,0.00327518
APPC/BTC,1604825417297,2020-11-08T08:50:17.297Z,sell,1.66e-06,2536.0,0.00420976
APPC/BTC,1604825421977,2020-11-08T08:50:21.977Z,sell,1.66e-06,5578.0,0.00925948
APPC/BTC,1604825611587,2020-11-08T08:53:31.587Z,sell,1.65e-06,184.0,0.0003036
APPC/BTC,1604825611834,2020-11-08T08:53:31.834Z,sell,1.65e-06,185.0,0.00030525
APPC/BTC,1604825674090,2020-11-08T08:54:34.090Z,buy,1.66e-06,449.0,0.00074534
APPC/BTC,1604825728192,2020-11-08T08:55:28.192Z,sell,1.65e-06,149.0,0.00024585
APPC/BTC,1604825728192,2020-11-08T08:55:28.192Z,sell,1.65e-06,149.0,0.00024585
APPC/BTC,1604825784440,2020-11-08T08:56:24.440Z,sell,1.65e-06,92.0,0.0001518
APPC/BTC,1604825853875,2020-11-08T08:57:33.875Z,sell,1.65e-06,119.0,0.00019635
