symbol,timestamp,datetime,side,price,amount,btc_volume
APPC/BTC,1609534817768,2021-01-01T21:00:17.768Z,buy,9.4e-07,152.0,0.00014288
APPC/BTC,1609534818259,2021-01-01T21:00:18.259Z,buy,9.4e-07,2747.0,0.00258218
APPC/BTC,1609534830431,2021-01-01T21:00:30.431Z,buy,9.4e-07,21737.0,0.02043278
APPC/BTC,1609534830431,2021-01-01T21:00:30.431Z,buy,9.5e-07,98850.0,0.0939075
APPC/BTC,1609534830431,2021-01-01T21:00:30.431Z,buy,9.6e-07,40036.0,0.03843456
APPC/BTC,1609534830431,2021-01-01T21:00:30.431Z,buy,9.7e-07,98922.0,0.09595434
APPC/BTC,1609534830438,2021-01-01T21:00:30.438Z,buy,9.7e-07,77835.0,0.07549995
APPC/BTC,1609534830438,2021-01-01T21:00:30.438Z,buy,9.8e-07,44971.0,0.04407158
APPC/BTC,1609534830438,2021-01-01T21:00:30.438Z,buy,9.9e-07,24488.0,0.02424312
APPC/BTC,1609534830972,2021-01-01T21:00:30.972Z,buy,1e-06,15000.0,0.015
APPC/BTC,1609534831358,2021-01-01T21:00:31.358Z,buy,1e-06,135534.0,0.135534
APPC/BTC,1609534831358,2021-01-01T21:00:31.358Z,buy,1.01e-06,10872.0,0.01098072
APPC/BTC,1609534831358,2021-01-01T21:00:31.358Z,buy,1.02e-06,66359.0,0.06768618
APPC/BTC,1609534831996,2021-01-01T21:00:31.996Z,buy,1.02e-06,548.0,0.00055896
APPC/BTC,1609534832580,2021-01-01T21:00:32.580Z,buy,1.02e-06,37046.0,0.03778692
APPC/BTC,1609534832670,2021-01-01T21:00:32.670Z,buy,1.02e-06,34319.0,0.03500538
APPC/BTC,1609534832870,2021-01-01T21:00:32.870Z,buy,1.02e-06,51960.0,0.0529991999999999
APPC/BTC,1609534832881,2021-01-01T21:00:32.881Z,sell,9.9e-07,1338.0,0.00132462
APPC/BTC,1609534833105,2021-01-01T21:00:33.105Z,sell,9.9e-07,1134.0,0.00112266
APPC/BTC,1609534833272,2021-01-01T21:00:33.272Z,buy,1.02e-06,36105.0,0.0368271
APPC/BTC,1609534833272,2021-01-01T21:00:33.272Z,buy,1.03e-06,1248.0,0.00128544
APPC/BTC,1609534833272,2021-01-01T21:00:33.272Z,buy,1.04e-06,226806.0,0.23587824
APPC/BTC,1609534833674,2021-01-01T21:00:33.674Z,buy,1.04e-06,146.0,0.00015184
APPC/BTC,1609534834304,2021-01-01T21:00:34.304Z,buy,1.05e-06,6507.0,0.0068323499999999
APPC/BTC,1609534834410,2021-01-01T21:00:34.410Z,buy,1.05e-06,9989.0,0.01048845
APPC/BTC,1609534834550,2021-01-01T21:00:34.550Z,buy,1.05e-06,2939.0,0.0030859499999999
APPC/BTC,1609534834677,2021-01-01T21:00:34.677Z,buy,1.05e-06,6089.0,0.0063934499999999
APPC/BTC,1609534834708,2021-01-01T21:00:34.708Z,buy,1.05e-06,13333.0,0.0139996499999999
APPC/BTC,1609534834882,2021-01-01T21:00:34.882Z,buy,1.05e-06,19047.0,0.01999935
APPC/BTC,1609534835050,2021-01-01T21:00:35.050Z,buy,1.05e-06,1697.0,0.0017818499999999
APPC/BTC,1609534835269,2021-01-01T21:00:35.269Z,buy,1.05e-06,2702.0,0.0028370999999999
APPC/BTC,1609534835796,2021-01-01T21:00:35.796Z,buy,1.05e-06,15037.0,0.01578885
APPC/BTC,1609534836128,2021-01-01T21:00:36.128Z,buy,1.05e-06,10221.0,0.0107320499999999
APPC/BTC,1609534836325,2021-01-01T21:00:36.325Z,buy,1.05e-06,1617.0,0.0016978499999999
APPC/BTC,1609534836427,2021-01-01T21:00:36.427Z,buy,1.05e-06,77033.0,0.0808846499999999
APPC/BTC,1609534836434,2021-01-01T21:00:36.434Z,buy,1.05e-06,3580.0,0.0037589999999999
APPC/BTC,1609534836458,2021-01-01T21:00:36.458Z,sell,1.01e-06,3238.0,0.00327038
APPC/BTC,1609534836876,2021-01-01T21:00:36.876Z,buy,1.05e-06,358.0,0.0003759
APPC/BTC,1609534837041,2021-01-01T21:00:37.041Z,buy,1.05e-06,30204.0,0.0317142
APPC/BTC,1609534837339,2021-01-01T21:00:37.339Z,buy,1.05e-06,6221.0,0.0065320499999999
APPC/BTC,1609534837364,2021-01-01T21:00:37.364Z,buy,1.05e-06,562.0,0.0005901
APPC/BTC,1609534837403,2021-01-01T21:00:37.403Z,buy,1.05e-06,112.0,0.0001175999999999
APPC/BTC,1609534837450,2021-01-01T21:00:37.450Z,buy,1.05e-06,112.0,0.0001175999999999
APPC/BTC,1609534837450,2021-01-01T21:00:37.450Z,buy,1.05e-06,225.0,0.0002362499999999
APPC/BTC,1609534837459,2021-01-01T21:00:37.459Z,buy,1.05e-06,112.0,0.0001175999999999
APPC/BTC,1609534837497,2021-01-01T21:00:37.497Z,buy,1.05e-06,1686.0,0.0017702999999999
APPC/BTC,1609534837673,2021-01-01T21:00:37.673Z,buy,1.05e-06,2297.0,0.0024118499999999
APPC/BTC,1609534837722,2021-01-01T21:00:37.722Z,sell,1.04e-06,20017.0,0.02081768
APPC/BTC,1609534837835,2021-01-01T21:00:37.835Z,buy,1.05e-06,24730.0,0.0259664999999999
APPC/BTC,1609534838091,2021-01-01T21:00:38.091Z,buy,1.05e-06,83692.0,0.0878765999999999
APPC/BTC,1609534838099,2021-01-01T21:00:38.099Z,buy,1.05e-06,3594.0,0.0037736999999999
APPC/BTC,1609534838476,2021-01-01T21:00:38.476Z,buy,1.05e-06,9123.0,0.00957915
APPC/BTC,1609534838488,2021-01-01T21:00:38.488Z,buy,1.05e-06,14299.0,0.0150139499999999
APPC/BTC,1609534838513,2021-01-01T21:00:38.513Z,buy,1.05e-06,3109.0,0.00326445
APPC/BTC,1609534838761,2021-01-01T21:00:38.761Z,buy,1.05e-06,5190.0,0.0054494999999999
APPC/BTC,1609534838847,2021-01-01T21:00:38.847Z,buy,1.05e-06,100369.0,0.10538745
APPC/BTC,1609534838864,2021-01-01T21:00:38.864Z,buy,1.05e-06,7103.0,0.0074581499999999
APPC/BTC,1609534838893,2021-01-01T21:00:38.893Z,buy,1.05e-06,1914.0,0.0020096999999999
APPC/BTC,1609534838907,2021-01-01T21:00:38.907Z,buy,1.05e-06,12440.0,0.0130619999999999
APPC/BTC,1609534838997,2021-01-01T21:00:38.997Z,buy,1.05e-06,677.0,0.00071085
APPC/BTC,1609534839025,2021-01-01T21:00:39.025Z,buy,1.05e-06,9123.0,0.00957915
APPC/BTC,1609534839032,2021-01-01T21:00:39.032Z,buy,1.05e-06,5319.0,0.0055849499999999
APPC/BTC,1609534839125,2021-01-01T21:00:39.125Z,buy,1.05e-06,9123.0,0.00957915
APPC/BTC,1609534839145,2021-01-01T21:00:39.145Z,buy,1.05e-06,9900.0,0.010395
APPC/BTC,1609534839266,2021-01-01T21:00:39.266Z,buy,1.05e-06,18697.0,0.01963185
APPC/BTC,1609534839271,2021-01-01T21:00:39.271Z,buy,1.05e-06,8400.0,0.00882
APPC/BTC,1609534839312,2021-01-01T21:00:39.312Z,buy,1.05e-06,1373.0,0.0014416499999999
APPC/BTC,1609534839355,2021-01-01T21:00:39.355Z,buy,1.05e-06,9123.0,0.00957915
APPC/BTC,1609534839622,2021-01-01T21:00:39.622Z,buy,1.05e-06,2277.0,0.00239085
APPC/BTC,1609534839691,2021-01-01T21:00:39.691Z,buy,1.05e-06,32722.0,0.0343580999999999
APPC/BTC,1609534839713,2021-01-01T21:00:39.713Z,buy,1.05e-06,1157.0,0.00121485
APPC/BTC,1609534839729,2021-01-01T21:00:39.729Z,buy,1.05e-06,646.0,0.0006783
APPC/BTC,1609534839773,2021-01-01T21:00:39.773Z,buy,1.05e-06,1690.0,0.0017744999999999
APPC/BTC,1609534839791,2021-01-01T21:00:39.791Z,buy,1.05e-06,355.0,0.00037275
APPC/BTC,1609534839828,2021-01-01T21:00:39.828Z,buy,1.05e-06,20126.0,0.0211323
APPC/BTC,1609534839911,2021-01-01T21:00:39.911Z,buy,1.05e-06,2440.0,0.0025619999999999
APPC/BTC,1609534840011,2021-01-01T21:00:40.011Z,buy,1.05e-06,1245.0,0.0013072499999999
APPC/BTC,1609534840322,2021-01-01T21:00:40.322Z,buy,1.05e-06,3968.0,0.0041664
APPC/BTC,1609534840504,2021-01-01T21:00:40.504Z,buy,1.05e-06,19025.0,0.0199762499999999
APPC/BTC,1609534840698,2021-01-01T21:00:40.698Z,buy,1.05e-06,347.0,0.0003643499999999
APPC/BTC,1609534840741,2021-01-01T21:00:40.741Z,buy,1.05e-06,26834.0,0.0281756999999999
APPC/BTC,1609534840778,2021-01-01T21:00:40.778Z,buy,1.05e-06,33317.0,0.0349828499999999
APPC/BTC,1609534840980,2021-01-01T21:00:40.980Z,buy,1.06e-06,7714.0,0.00817684
APPC/BTC,1609534841223,2021-01-01T21:00:41.223Z,buy,1.06e-06,451.0,0.00047806
APPC/BTC,1609534841416,2021-01-01T21:00:41.416Z,buy,1.06e-06,825.0,0.0008745
APPC/BTC,1609534841499,2021-01-01T21:00:41.499Z,buy,1.06e-06,223.0,0.00023638
APPC/BTC,1609534841529,2021-01-01T21:00:41.529Z,sell,1.05e-06,970.0,0.0010184999999999
APPC/BTC,1609534841529,2021-01-01T21:00:41.529Z,sell,1.04e-06,179.0,0.00018616
APPC/BTC,1609534841529,2021-01-01T21:00:41.529Z,sell,1.03e-06,180.0,0.0001854
APPC/BTC,1609534841529,2021-01-01T21:00:41.529Z,sell,1.02e-06,13881.0,0.01415862
APPC/BTC,1609534841529,2021-01-01T21:00:41.529Z,sell,1.01e-06,5708.0,0.00576508
APPC/BTC,1609534841529,2021-01-01T21:00:41.529Z,sell,1e-06,10851.0,0.010851
APPC/BTC,1609534841573,2021-01-01T21:00:41.573Z,buy,1.06e-06,6712.0,0.00711472
APPC/BTC,1609534841603,2021-01-01T21:00:41.603Z,buy,1.06e-06,17939.0,0.01901534
APPC/BTC,1609534841643,2021-01-01T21:00:41.643Z,buy,1.06e-06,31616.0,0.03351296
APPC/BTC,1609534841774,2021-01-01T21:00:41.774Z,buy,1.06e-06,799.0,0.00084694
APPC/BTC,1609534842039,2021-01-01T21:00:42.039Z,buy,1.06e-06,5969.0,0.00632714
APPC/BTC,1609534842142,2021-01-01T21:00:42.142Z,buy,1.06e-06,880.0,0.0009328
APPC/BTC,1609534842260,2021-01-01T21:00:42.260Z,buy,1.06e-06,8165.0,0.0086549
APPC/BTC,1609534842339,2021-01-01T21:00:42.339Z,buy,1.06e-06,7720.0,0.0081832
APPC/BTC,1609534842468,2021-01-01T21:00:42.468Z,buy,1.06e-06,3142.0,0.00333052
APPC/BTC,1609534842710,2021-01-01T21:00:42.710Z,buy,1.06e-06,3136.0,0.00332416
APPC/BTC,1609534842795,2021-01-01T21:00:42.795Z,buy,1.06e-06,2295.0,0.0024327
APPC/BTC,1609534842798,2021-01-01T21:00:42.798Z,buy,1.06e-06,331.0,0.00035086
APPC/BTC,1609534843045,2021-01-01T21:00:43.045Z,buy,1.06e-06,1787.0,0.00189422
APPC/BTC,1609534843104,2021-01-01T21:00:43.104Z,buy,1.06e-06,18992.0,0.02013152
APPC/BTC,1609534843104,2021-01-01T21:00:43.104Z,buy,1.07e-06,19629.0,0.02100303
APPC/BTC,1609534843421,2021-01-01T21:00:43.421Z,buy,1.07e-06,494.0,0.00052858
APPC/BTC,1609534843600,2021-01-01T21:00:43.600Z,buy,1.07e-06,449.0,0.0004804299999999
APPC/BTC,1609534843725,2021-01-01T21:00:43.725Z,buy,1.07e-06,3350.0,0.0035844999999999
APPC/BTC,1609534843916,2021-01-01T21:00:43.916Z,buy,1.07e-06,12948.0,0.01385436
APPC/BTC,1609534843916,2021-01-01T21:00:43.916Z,buy,1.08e-06,130.0,0.0001404
APPC/BTC,1609534843917,2021-01-01T21:00:43.917Z,buy,1.08e-06,789.0,0.00085212
APPC/BTC,1609534844017,2021-01-01T21:00:44.017Z,buy,1.08e-06,389.0,0.00042012
APPC/BTC,1609534844070,2021-01-01T21:00:44.070Z,buy,1.08e-06,16481.0,0.01779948
APPC/BTC,1609534844250,2021-01-01T21:00:44.250Z,buy,1.08e-06,3099.0,0.00334692
APPC/BTC,1609534844267,2021-01-01T21:00:44.267Z,buy,1.08e-06,2093.0,0.00226044
APPC/BTC,1609534844472,2021-01-01T21:00:44.472Z,buy,1.08e-06,13491.0,0.01457028
APPC/BTC,1609534844503,2021-01-01T21:00:44.503Z,sell,1.06e-06,888.0,0.00094128
APPC/BTC,1609534844572,2021-01-01T21:00:44.572Z,buy,1.06e-06,3114.0,0.00330084
APPC/BTC,1609534844582,2021-01-01T21:00:44.582Z,buy,1.06e-06,889.0,0.00094234
APPC/BTC,1609534844738,2021-01-01T21:00:44.738Z,buy,1.06e-06,109.0,0.00011554
APPC/BTC,1609534844738,2021-01-01T21:00:44.738Z,buy,1.08e-06,7586.0,0.00819288
APPC/BTC,1609534844948,2021-01-01T21:00:44.948Z,buy,1.08e-06,1585.0,0.0017118
APPC/BTC,1609534844990,2021-01-01T21:00:44.990Z,sell,1.05e-06,179.0,0.00018795
APPC/BTC,1609534845052,2021-01-01T21:00:45.052Z,buy,1.08e-06,9321.0,0.01006668
APPC/BTC,1609534845238,2021-01-01T21:00:45.238Z,buy,1.08e-06,609.0,0.00065772
APPC/BTC,1609534845288,2021-01-01T21:00:45.288Z,sell,1.05e-06,180.0,0.0001889999999999
APPC/BTC,1609534845438,2021-01-01T21:00:45.438Z,sell,1.06e-06,182.0,0.00019292
APPC/BTC,1609534845469,2021-01-01T21:00:45.469Z,buy,1.08e-06,3906.0,0.00421848
APPC/BTC,1609534845497,2021-01-01T21:00:45.497Z,buy,1.08e-06,23743.0,0.02564244
APPC/BTC,1609534845505,2021-01-01T21:00:45.505Z,buy,1.08e-06,2831.0,0.00305748
APPC/BTC,1609534845505,2021-01-01T21:00:45.505Z,buy,1.09e-06,125.0,0.00013625
APPC/BTC,1609534845617,2021-01-01T21:00:45.617Z,buy,1.09e-06,6193.0,0.0067503699999999
APPC/BTC,1609534845617,2021-01-01T21:00:45.617Z,buy,1.1e-06,6248.0,0.0068728
APPC/BTC,1609534845740,2021-01-01T21:00:45.740Z,sell,1.07e-06,184.0,0.0001968799999999
APPC/BTC,1609534845743,2021-01-01T21:00:45.743Z,buy,1.1e-06,19326.0,0.0212586
APPC/BTC,1609534845919,2021-01-01T21:00:45.919Z,sell,1.07e-06,220.0,0.0002353999999999
APPC/BTC,1609534845954,2021-01-01T21:00:45.954Z,buy,1.09e-06,404.0,0.00044036
APPC/BTC,1609534845954,2021-01-01T21:00:45.954Z,buy,1.1e-06,2649.0,0.0029139
APPC/BTC,1609534845985,2021-01-01T21:00:45.985Z,buy,1.1e-06,1555.0,0.0017105
APPC/BTC,1609534846043,2021-01-01T21:00:46.043Z,buy,1.1e-06,2514.0,0.0027654
APPC/BTC,1609534846046,2021-01-01T21:00:46.046Z,buy,1.1e-06,12445.0,0.0136895
APPC/BTC,1609534846065,2021-01-01T21:00:46.065Z,buy,1.1e-06,5529.0,0.0060819
APPC/BTC,1609534846108,2021-01-01T21:00:46.108Z,sell,1.07e-06,186.0,0.0001990199999999
APPC/BTC,1609534846115,2021-01-01T21:00:46.115Z,buy,1.1e-06,1475.0,0.0016225
APPC/BTC,1609534846288,2021-01-01T21:00:46.288Z,buy,1.1e-06,886.0,0.0009746
APPC/BTC,1609534846711,2021-01-01T21:00:46.711Z,buy,1.1e-06,46923.0,0.0516153
APPC/BTC,1609534846711,2021-01-01T21:00:46.711Z,buy,1.11e-06,4736.0,0.00525696
APPC/BTC,1609534846775,2021-01-01T21:00:46.775Z,buy,1.11e-06,1903.0,0.00211233
APPC/BTC,1609534847202,2021-01-01T21:00:47.202Z,buy,1.11e-06,39209.0,0.0435219899999999
APPC/BTC,1609534847317,2021-01-01T21:00:47.317Z,buy,1.11e-06,3490.0,0.0038739
APPC/BTC,1609534847362,2021-01-01T21:00:47.362Z,buy,1.11e-06,25112.0,0.0278743199999999
APPC/BTC,1609534847626,2021-01-01T21:00:47.626Z,buy,1.11e-06,1783.0,0.00197913
APPC/BTC,1609534847653,2021-01-01T21:00:47.653Z,buy,1.11e-06,4911.0,0.00545121
APPC/BTC,1609534848026,2021-01-01T21:00:48.026Z,buy,1.11e-06,9123.0,0.01012653
APPC/BTC,1609534849271,2021-01-01T21:00:49.271Z,sell,1.09e-06,9233.0,0.01006397
APPC/BTC,1609534849498,2021-01-01T21:00:49.498Z,buy,1.11e-06,3454.0,0.0038339399999999
APPC/BTC,1609534849628,2021-01-01T21:00:49.628Z,buy,1.11e-06,2605.0,0.00289155
APPC/BTC,1609534849628,2021-01-01T21:00:49.628Z,buy,1.12e-06,3419.0,0.00382928
APPC/BTC,1609534849802,2021-01-01T21:00:49.802Z,buy,1.12e-06,12620.0,0.0141344
APPC/BTC,1609534849802,2021-01-01T21:00:49.802Z,buy,1.13e-06,36372.0,0.04110036
APPC/BTC,1609534849820,2021-01-01T21:00:49.820Z,buy,1.13e-06,7077.0,0.00799701
APPC/BTC,1609534849856,2021-01-01T21:00:49.856Z,buy,1.13e-06,397.0,0.00044861
APPC/BTC,1609534850173,2021-01-01T21:00:50.173Z,buy,1.13e-06,385.0,0.00043505
APPC/BTC,1609534850266,2021-01-01T21:00:50.266Z,sell,1.12e-06,6767.0,0.00757904
APPC/BTC,1609534851363,2021-01-01T21:00:51.363Z,buy,1.13e-06,2749.0,0.00310637
APPC/BTC,1609534851662,2021-01-01T21:00:51.662Z,buy,1.13e-06,4682.0,0.00529066
APPC/BTC,1609534851850,2021-01-01T21:00:51.850Z,buy,1.13e-06,663.0,0.00074919
APPC/BTC,1609534851884,2021-01-01T21:00:51.884Z,buy,1.13e-06,1769.0,0.00199897
APPC/BTC,1609534851907,2021-01-01T21:00:51.907Z,buy,1.13e-06,17368.0,0.01962584
APPC/BTC,1609534851970,2021-01-01T21:00:51.970Z,sell,1.12e-06,17379.0,0.01946448
APPC/BTC,1609534851970,2021-01-01T21:00:51.970Z,sell,1.1e-06,169.0,0.0001859
APPC/BTC,1609534851970,2021-01-01T21:00:51.970Z,sell,1.09e-06,12625.0,0.01376125
APPC/BTC,1609534852187,2021-01-01T21:00:52.187Z,buy,1.13e-06,47699.0,0.05389987
APPC/BTC,1609534852634,2021-01-01T21:00:52.634Z,buy,1.13e-06,8669.0,0.00979597
APPC/BTC,1609534852646,2021-01-01T21:00:52.646Z,buy,1.13e-06,1008.0,0.00113904
APPC/BTC,1609534852781,2021-01-01T21:00:52.781Z,buy,1.12e-06,9123.0,0.01021776
APPC/BTC,1609534852781,2021-01-01T21:00:52.781Z,buy,1.13e-06,24990.0,0.0282387
APPC/BTC,1609534852898,2021-01-01T21:00:52.898Z,buy,1.13e-06,121.0,0.00013673
APPC/BTC,1609534853329,2021-01-01T21:00:53.329Z,buy,1.12e-06,166.0,0.00018592
APPC/BTC,1609534853407,2021-01-01T21:00:53.407Z,buy,1.12e-06,120.0,0.0001344
APPC/BTC,1609534853411,2021-01-01T21:00:53.411Z,buy,1.12e-06,5448.0,0.00610176
APPC/BTC,1609534853546,2021-01-01T21:00:53.546Z,buy,1.12e-06,1734.0,0.00194208
APPC/BTC,1609534853639,2021-01-01T21:00:53.639Z,sell,1.11e-06,4799.0,0.00532689
APPC/BTC,1609534853639,2021-01-01T21:00:53.639Z,sell,1.1e-06,578.0,0.0006358
APPC/BTC,1609534853768,2021-01-01T21:00:53.768Z,buy,1.12e-06,859.0,0.00096208
APPC/BTC,1609534853781,2021-01-01T21:00:53.781Z,buy,1.12e-06,7925.0,0.008876
APPC/BTC,1609534854318,2021-01-01T21:00:54.318Z,buy,1.12e-06,5992.0,0.00671104
APPC/BTC,1609534854594,2021-01-01T21:00:54.594Z,buy,1.11e-06,13199.0,0.01465089
APPC/BTC,1609534854622,2021-01-01T21:00:54.622Z,buy,1.11e-06,347.0,0.00038517
APPC/BTC,1609534854643,2021-01-01T21:00:54.643Z,sell,1.1e-06,139.0,0.0001529
APPC/BTC,1609534854669,2021-01-01T21:00:54.669Z,buy,1.11e-06,3239.0,0.0035952899999999
APPC/BTC,1609534854785,2021-01-01T21:00:54.785Z,sell,1.1e-06,508.0,0.0005588
APPC/BTC,1609534854785,2021-01-01T21:00:54.785Z,sell,1.09e-06,3087.0,0.0033648299999999
APPC/BTC,1609534854785,2021-01-01T21:00:54.785Z,sell,1.08e-06,1589.0,0.00171612
APPC/BTC,1609534854805,2021-01-01T21:00:54.805Z,buy,1.11e-06,11188.0,0.01241868
APPC/BTC,1609534854836,2021-01-01T21:00:54.836Z,sell,1.11e-06,9123.0,0.01012653
APPC/BTC,1609534854924,2021-01-01T21:00:54.924Z,sell,1.11e-06,7720.0,0.0085691999999999
APPC/BTC,1609534855042,2021-01-01T21:00:55.042Z,buy,1.12e-06,15423.0,0.01727376
APPC/BTC,1609534855170,2021-01-01T21:00:55.170Z,buy,1.12e-06,8589.0,0.00961968
APPC/BTC,1609534855177,2021-01-01T21:00:55.177Z,buy,1.12e-06,796.0,0.00089152
APPC/BTC,1609534855311,2021-01-01T21:00:55.311Z,sell,1.11e-06,169.0,0.0001875899999999
APPC/BTC,1609534855333,2021-01-01T21:00:55.333Z,buy,1.12e-06,4708.0,0.00527296
APPC/BTC,1609534855394,2021-01-01T21:00:55.394Z,buy,1.12e-06,6356.0,0.00711872
APPC/BTC,1609534855588,2021-01-01T21:00:55.588Z,buy,1.12e-06,10159.0,0.01137808
APPC/BTC,1609534855606,2021-01-01T21:00:55.606Z,sell,1.11e-06,14284.0,0.01585524
APPC/BTC,1609534855869,2021-01-01T21:00:55.869Z,buy,1.12e-06,1770.0,0.0019824
APPC/BTC,1609534855911,2021-01-01T21:00:55.911Z,buy,1.12e-06,11484.0,0.01286208
APPC/BTC,1609534856364,2021-01-01T21:00:56.364Z,buy,1.12e-06,24853.0,0.02783536
APPC/BTC,1609534856364,2021-01-01T21:00:56.364Z,buy,1.13e-06,1502.0,0.00169726
APPC/BTC,1609534856375,2021-01-01T21:00:56.375Z,buy,1.13e-06,442.0,0.00049946
APPC/BTC,1609534856429,2021-01-01T21:00:56.429Z,buy,1.12e-06,7825.0,0.008764
APPC/BTC,1609534856630,2021-01-01T21:00:56.630Z,buy,1.12e-06,13890.0,0.0155568
APPC/BTC,1609534856630,2021-01-01T21:00:56.630Z,buy,1.13e-06,161.0,0.00018193
APPC/BTC,1609534856630,2021-01-01T21:00:56.630Z,buy,1.14e-06,2902.0,0.00330828
APPC/BTC,1609534856741,2021-01-01T21:00:56.741Z,buy,1.14e-06,1906.0,0.00217284
APPC/BTC,1609534856741,2021-01-01T21:00:56.741Z,buy,1.15e-06,12508.0,0.0143842
APPC/BTC,1609534856835,2021-01-01T21:00:56.835Z,buy,1.14e-06,12537.0,0.01429218
APPC/BTC,1609534857035,2021-01-01T21:00:57.035Z,buy,1.14e-06,10893.0,0.01241802
APPC/BTC,1609534857122,2021-01-01T21:00:57.122Z,sell,1.12e-06,1697.0,0.00190064
APPC/BTC,1609534857242,2021-01-01T21:00:57.242Z,buy,1.14e-06,6925.0,0.0078945
APPC/BTC,1609534857308,2021-01-01T21:00:57.308Z,sell,1.12e-06,2000.0,0.00224
APPC/BTC,1609534857471,2021-01-01T21:00:57.471Z,sell,1.12e-06,167.0,0.00018704
APPC/BTC,1609534857541,2021-01-01T21:00:57.541Z,buy,1.13e-06,166.0,0.00018758
APPC/BTC,1609534857579,2021-01-01T21:00:57.579Z,buy,1.14e-06,7982.0,0.00909948
APPC/BTC,1609534857775,2021-01-01T21:00:57.775Z,buy,1.14e-06,13286.0,0.01514604
APPC/BTC,1609534857860,2021-01-01T21:00:57.860Z,sell,1.13e-06,170.0,0.0001921
APPC/BTC,1609534857980,2021-01-01T21:00:57.980Z,buy,1.14e-06,10773.0,0.01228122
APPC/BTC,1609534858133,2021-01-01T21:00:58.133Z,buy,1.15e-06,9123.0,0.01049145
APPC/BTC,1609534858181,2021-01-01T21:00:58.181Z,buy,1.14e-06,14828.0,0.01690392
APPC/BTC,1609534858377,2021-01-01T21:00:58.377Z,buy,1.14e-06,13993.0,0.01595202
APPC/BTC,1609534858377,2021-01-01T21:00:58.377Z,buy,1.15e-06,7902.0,0.0090873
APPC/BTC,1609534858449,2021-01-01T21:00:58.449Z,buy,1.15e-06,3401.0,0.00391115
APPC/BTC,1609534858665,2021-01-01T21:00:58.665Z,buy,1.15e-06,798.0,0.0009177
APPC/BTC,1609534859040,2021-01-01T21:00:59.040Z,buy,1.15e-06,4691.0,0.00539465
APPC/BTC,1609534859044,2021-01-01T21:00:59.044Z,sell,1.12e-06,5313.0,0.00595056
APPC/BTC,1609534859288,2021-01-01T21:00:59.288Z,buy,1.15e-06,4573.0,0.00525895
APPC/BTC,1609534859449,2021-01-01T21:00:59.449Z,sell,1.13e-06,349.0,0.00039437
APPC/BTC,1609534859774,2021-01-01T21:00:59.774Z,buy,1.15e-06,2993.0,0.00344195
APPC/BTC,1609534860282,2021-01-01T21:01:00.282Z,sell,1.13e-06,4551.0,0.00514263
APPC/BTC,1609534860361,2021-01-01T21:01:00.361Z,buy,1.15e-06,15347.0,0.01764905
APPC/BTC,1609534860545,2021-01-01T21:01:00.545Z,buy,1.15e-06,8571.0,0.00985665
APPC/BTC,1609534860545,2021-01-01T21:01:00.545Z,buy,1.16e-06,6043.0,0.00700988
APPC/BTC,1609534861053,2021-01-01T21:01:01.053Z,sell,1.15e-06,4643.0,0.00533945
APPC/BTC,1609534861604,2021-01-01T21:01:01.604Z,buy,1.15e-06,3048.0,0.0035052
APPC/BTC,1609534861606,2021-01-01T21:01:01.606Z,buy,1.15e-06,1129.0,0.00129835
APPC/BTC,1609534861606,2021-01-01T21:01:01.606Z,buy,1.16e-06,1090.0,0.0012644
APPC/BTC,1609534861944,2021-01-01T21:01:01.944Z,sell,1.15e-06,3906.0,0.0044919
APPC/BTC,1609534862061,2021-01-01T21:01:02.061Z,buy,1.16e-06,16529.0,0.01917364
APPC/BTC,1609534862061,2021-01-01T21:01:02.061Z,buy,1.17e-06,23715.0,0.02774655
APPC/BTC,1609534862425,2021-01-01T21:01:02.425Z,sell,1.15e-06,9763.0,0.01122745
APPC/BTC,1609534862539,2021-01-01T21:01:02.539Z,buy,1.17e-06,3123.0,0.00365391
APPC/BTC,1609534863149,2021-01-01T21:01:03.149Z,sell,1.15e-06,6425.0,0.00738875
APPC/BTC,1609534863149,2021-01-01T21:01:03.149Z,sell,1.14e-06,313.0,0.00035682
APPC/BTC,1609534863149,2021-01-01T21:01:03.149Z,sell,1.13e-06,6447.0,0.00728511
APPC/BTC,1609534863659,2021-01-01T21:01:03.659Z,sell,1.14e-06,9242.0,0.01053588
APPC/BTC,1609534863659,2021-01-01T21:01:03.659Z,sell,1.13e-06,50881.0,0.0574955299999999
APPC/BTC,1609534863659,2021-01-01T21:01:03.659Z,sell,1.12e-06,122386.0,0.13707232
APPC/BTC,1609534863675,2021-01-01T21:01:03.675Z,buy,1.16e-06,316.0,0.00036656
APPC/BTC,1609534863675,2021-01-01T21:01:03.675Z,buy,1.17e-06,10664.0,0.01247688
APPC/BTC,1609534863853,2021-01-01T21:01:03.853Z,buy,1.17e-06,65983.0,0.07720011
APPC/BTC,1609534863874,2021-01-01T21:01:03.874Z,buy,1.17e-06,30956.0,0.03621852
APPC/BTC,1609534863895,2021-01-01T21:01:03.895Z,buy,1.17e-06,1367.0,0.00159939
APPC/BTC,1609534863895,2021-01-01T21:01:03.895Z,buy,1.18e-06,52497.0,0.0619464599999999
APPC/BTC,1609534863965,2021-01-01T21:01:03.965Z,sell,1.15e-06,161.0,0.00018515
APPC/BTC,1609534863965,2021-01-01T21:01:03.965Z,sell,1.13e-06,2892.0,0.00326796
APPC/BTC,1609534864126,2021-01-01T21:01:04.126Z,sell,1.13e-06,325.0,0.00036725
APPC/BTC,1609534864132,2021-01-01T21:01:04.132Z,buy,1.17e-06,1508.0,0.00176436
APPC/BTC,1609534864297,2021-01-01T21:01:04.297Z,buy,1.17e-06,1709.0,0.00199953
APPC/BTC,1609534864297,2021-01-01T21:01:04.297Z,buy,1.18e-06,457.0,0.00053926
APPC/BTC,1609534864431,2021-01-01T21:01:04.431Z,sell,1.15e-06,2565.0,0.00294975
APPC/BTC,1609534864576,2021-01-01T21:01:04.576Z,buy,1.15e-06,944.0,0.0010856
APPC/BTC,1609534864646,2021-01-01T21:01:04.646Z,buy,1.15e-06,14866.0,0.0170959
APPC/BTC,1609534864666,2021-01-01T21:01:04.666Z,buy,1.15e-06,22631.0,0.02602565
APPC/BTC,1609534864939,2021-01-01T21:01:04.939Z,buy,1.15e-06,27948.0,0.0321402
APPC/BTC,1609534865140,2021-01-01T21:01:05.140Z,buy,1.15e-06,7133.0,0.00820295
APPC/BTC,1609534865146,2021-01-01T21:01:05.146Z,buy,1.15e-06,9123.0,0.01049145
APPC/BTC,1609534865242,2021-01-01T21:01:05.242Z,sell,1.14e-06,13514.0,0.01540596
APPC/BTC,1609534865242,2021-01-01T21:01:05.242Z,sell,1.12e-06,89422.0,0.10015264
APPC/BTC,1609534865290,2021-01-01T21:01:05.290Z,buy,1.15e-06,160.0,0.000184
APPC/BTC,1609534866032,2021-01-01T21:01:06.032Z,buy,1.15e-06,3539.0,0.00406985
APPC/BTC,1609534866106,2021-01-01T21:01:06.106Z,buy,1.15e-06,2762.0,0.0031763
APPC/BTC,1609534866238,2021-01-01T21:01:06.238Z,buy,1.15e-06,310.0,0.0003565
APPC/BTC,1609534866293,2021-01-01T21:01:06.293Z,sell,1.12e-06,3261.0,0.00365232
APPC/BTC,1609534866293,2021-01-01T21:01:06.293Z,sell,1.11e-06,2744.0,0.0030458399999999
APPC/BTC,1609534866335,2021-01-01T21:01:06.335Z,buy,1.15e-06,59957.0,0.06895055
APPC/BTC,1609534866404,2021-01-01T21:01:06.404Z,sell,1.12e-06,9755.0,0.0109256
APPC/BTC,1609534866404,2021-01-01T21:01:06.404Z,sell,1.11e-06,23528.0,0.02611608
APPC/BTC,1609534866515,2021-01-01T21:01:06.515Z,sell,1.12e-06,3088.0,0.00345856
APPC/BTC,1609534866628,2021-01-01T21:01:06.628Z,sell,1.12e-06,5075.0,0.005684
APPC/BTC,1609534866628,2021-01-01T21:01:06.628Z,sell,1.11e-06,2247.0,0.00249417
APPC/BTC,1609534867026,2021-01-01T21:01:07.026Z,buy,1.14e-06,164.0,0.00018696
APPC/BTC,1609534867026,2021-01-01T21:01:07.026Z,buy,1.15e-06,1466.0,0.0016859
APPC/BTC,1609534867110,2021-01-01T21:01:07.110Z,buy,1.15e-06,453.0,0.00052095
APPC/BTC,1609534867165,2021-01-01T21:01:07.165Z,buy,1.15e-06,159.0,0.00018285
APPC/BTC,1609534867272,2021-01-01T21:01:07.272Z,buy,1.15e-06,196.0,0.0002254
APPC/BTC,1609534867448,2021-01-01T21:01:07.448Z,sell,1.14e-06,2000.0,0.00228
APPC/BTC,1609534867448,2021-01-01T21:01:07.448Z,sell,1.12e-06,39.0,4.368e-05
APPC/BTC,1609534867508,2021-01-01T21:01:07.508Z,sell,1.12e-06,3346.0,0.00374752
APPC/BTC,1609534867578,2021-01-01T21:01:07.578Z,buy,1.15e-06,423.0,0.00048645
APPC/BTC,1609534867701,2021-01-01T21:01:07.701Z,sell,1.12e-06,2198.0,0.00246176
APPC/BTC,1609534867971,2021-01-01T21:01:07.971Z,buy,1.15e-06,4445.0,0.00511175
APPC/BTC,1609534868172,2021-01-01T21:01:08.172Z,buy,1.15e-06,4604.0,0.0052946
APPC/BTC,1609534868233,2021-01-01T21:01:08.233Z,sell,1.12e-06,4484.0,0.00502208
APPC/BTC,1609534868233,2021-01-01T21:01:08.233Z,sell,1.11e-06,11905.0,0.01321455
APPC/BTC,1609534868726,2021-01-01T21:01:08.726Z,buy,1.15e-06,3658.0,0.0042067
APPC/BTC,1609534868806,2021-01-01T21:01:08.806Z,buy,1.15e-06,2854.0,0.0032821
APPC/BTC,1609534868963,2021-01-01T21:01:08.963Z,buy,1.15e-06,5024.0,0.0057776
APPC/BTC,1609534869051,2021-01-01T21:01:09.051Z,buy,1.13e-06,166.0,0.00018758
APPC/BTC,1609534869075,2021-01-01T21:01:09.075Z,sell,1.14e-06,9123.0,0.01040022
APPC/BTC,1609534869196,2021-01-01T21:01:09.196Z,buy,1.15e-06,1050.0,0.0012075
APPC/BTC,1609534869245,2021-01-01T21:01:09.245Z,sell,1.14e-06,223.0,0.00025422
APPC/BTC,1609534869273,2021-01-01T21:01:09.273Z,buy,1.15e-06,59466.0,0.0683859
APPC/BTC,1609534869273,2021-01-01T21:01:09.273Z,buy,1.16e-06,1109.0,0.0012864399999999
APPC/BTC,1609534869273,2021-01-01T21:01:09.273Z,buy,1.17e-06,160.0,0.0001872
APPC/BTC,1609534869273,2021-01-01T21:01:09.273Z,buy,1.18e-06,15759.0,0.01859562
APPC/BTC,1609534869374,2021-01-01T21:01:09.374Z,sell,1.15e-06,3312.0,0.0038088
APPC/BTC,1609534869436,2021-01-01T21:01:09.436Z,sell,1.15e-06,6565.0,0.00754975
APPC/BTC,1609534869436,2021-01-01T21:01:09.436Z,sell,1.14e-06,2558.0,0.00291612
APPC/BTC,1609534869563,2021-01-01T21:01:09.563Z,sell,1.15e-06,8304.0,0.0095496
APPC/BTC,1609534870011,2021-01-01T21:01:10.011Z,sell,1.14e-06,12432.0,0.01417248
APPC/BTC,1609534870178,2021-01-01T21:01:10.178Z,buy,1.15e-06,10301.0,0.01184615
APPC/BTC,1609534870464,2021-01-01T21:01:10.464Z,sell,1.17e-06,598.0,0.00069966
APPC/BTC,1609534870479,2021-01-01T21:01:10.479Z,sell,1.17e-06,5431.0,0.00635427
APPC/BTC,1609534870546,2021-01-01T21:01:10.546Z,buy,1.17e-06,580.0,0.0006786
APPC/BTC,1609534870678,2021-01-01T21:01:10.678Z,buy,1.17e-06,249.0,0.00029133
APPC/BTC,1609534870805,2021-01-01T21:01:10.805Z,sell,1.14e-06,32566.0,0.03712524
APPC/BTC,1609534871429,2021-01-01T21:01:11.429Z,sell,1.15e-06,9123.0,0.01049145
APPC/BTC,1609534871429,2021-01-01T21:01:11.429Z,sell,1.14e-06,11858.0,0.01351812
APPC/BTC,1609534871465,2021-01-01T21:01:11.465Z,buy,1.17e-06,850.0,0.0009945
APPC/BTC,1609534871529,2021-01-01T21:01:11.529Z,buy,1.17e-06,700.0,0.000819
APPC/BTC,1609534871645,2021-01-01T21:01:11.645Z,sell,1.15e-06,9123.0,0.01049145
APPC/BTC,1609534871645,2021-01-01T21:01:11.645Z,sell,1.14e-06,17038.0,0.01942332
APPC/BTC,1609534871645,2021-01-01T21:01:11.645Z,sell,1.13e-06,9427.0,0.01065251
APPC/BTC,1609534871645,2021-01-01T21:01:11.645Z,sell,1.12e-06,35565.0,0.0398328
APPC/BTC,1609534871645,2021-01-01T21:01:11.645Z,sell,1.11e-06,39262.0,0.04358082
APPC/BTC,1609534871870,2021-01-01T21:01:11.870Z,sell,1.14e-06,1333.0,0.00151962
APPC/BTC,1609534872364,2021-01-01T21:01:12.364Z,buy,1.16e-06,1891.0,0.0021935599999999
APPC/BTC,1609534872509,2021-01-01T21:01:12.509Z,sell,1.15e-06,618.0,0.0007107
APPC/BTC,1609534872701,2021-01-01T21:01:12.701Z,buy,1.16e-06,7216.0,0.0083705599999999
APPC/BTC,1609534872701,2021-01-01T21:01:12.701Z,buy,1.17e-06,1910.0,0.0022347
APPC/BTC,1609534872764,2021-01-01T21:01:12.764Z,sell,1.15e-06,2000.0,0.0023
APPC/BTC,1609534872985,2021-01-01T21:01:12.985Z,sell,1.15e-06,1210.0,0.0013915
APPC/BTC,1609534873465,2021-01-01T21:01:13.465Z,buy,1.15e-06,160.0,0.000184
APPC/BTC,1609534873516,2021-01-01T21:01:13.516Z,buy,1.15e-06,10000.0,0.0115
APPC/BTC,1609534873604,2021-01-01T21:01:13.604Z,buy,1.15e-06,161.0,0.00018515
APPC/BTC,1609534873653,2021-01-01T21:01:13.653Z,buy,1.15e-06,1023.0,0.00117645
APPC/BTC,1609534873975,2021-01-01T21:01:13.975Z,buy,1.15e-06,1196.0,0.0013754
APPC/BTC,1609534874155,2021-01-01T21:01:14.155Z,sell,1.14e-06,163.0,0.00018582
APPC/BTC,1609534874155,2021-01-01T21:01:14.155Z,sell,1.13e-06,1910.0,0.0021583
APPC/BTC,1609534874155,2021-01-01T21:01:14.155Z,sell,1.12e-06,166.0,0.00018592
APPC/BTC,1609534874155,2021-01-01T21:01:14.155Z,sell,1.11e-06,2131.0,0.00236541
APPC/BTC,1609534874157,2021-01-01T21:01:14.157Z,sell,1.11e-06,12429.0,0.01379619
APPC/BTC,1609534874549,2021-01-01T21:01:14.549Z,buy,1.15e-06,6476.0,0.0074474
APPC/BTC,1609534874887,2021-01-01T21:01:14.887Z,buy,1.15e-06,49513.0,0.05693995
APPC/BTC,1609534874887,2021-01-01T21:01:14.887Z,buy,1.16e-06,18246.0,0.0211653599999999
APPC/BTC,1609534874887,2021-01-01T21:01:14.887Z,buy,1.17e-06,31575.0,0.03694275
APPC/BTC,1609534874887,2021-01-01T21:01:14.887Z,buy,1.18e-06,220230.0,0.2598714
APPC/BTC,1609534874887,2021-01-01T21:01:14.887Z,buy,1.19e-06,5832.0,0.00694008
APPC/BTC,1609534874887,2021-01-01T21:01:14.887Z,buy,1.2e-06,42038.0,0.0504456
APPC/BTC,1609534874973,2021-01-01T21:01:14.973Z,sell,1.16e-06,175.0,0.0002029999999999
APPC/BTC,1609534875003,2021-01-01T21:01:15.003Z,buy,1.2e-06,3157.0,0.0037884
APPC/BTC,1609534875404,2021-01-01T21:01:15.404Z,sell,1.16e-06,1774.0,0.00205784
APPC/BTC,1609534875436,2021-01-01T21:01:15.436Z,buy,1.2e-06,4674.0,0.0056088
APPC/BTC,1609534875753,2021-01-01T21:01:15.753Z,buy,1.2e-06,27687.0,0.0332244
APPC/BTC,1609534876151,2021-01-01T21:01:16.151Z,sell,1.17e-06,150.0,0.0001755
APPC/BTC,1609534876189,2021-01-01T21:01:16.189Z,sell,1.17e-06,6135.0,0.00717795
APPC/BTC,1609534876194,2021-01-01T21:01:16.194Z,sell,1.17e-06,3360.0,0.0039312
APPC/BTC,1609534876194,2021-01-01T21:01:16.194Z,sell,1.16e-06,15229.0,0.01766564
APPC/BTC,1609534876194,2021-01-01T21:01:16.194Z,sell,1.14e-06,438.0,0.00049932
APPC/BTC,1609534876265,2021-01-01T21:01:16.265Z,sell,1.15e-06,1540.0,0.001771
APPC/BTC,1609534876545,2021-01-01T21:01:16.545Z,buy,1.18e-06,1166.0,0.00137588
APPC/BTC,1609534876635,2021-01-01T21:01:16.635Z,sell,1.15e-06,125.0,0.00014375
APPC/BTC,1609534876956,2021-01-01T21:01:16.956Z,sell,1.15e-06,3486.0,0.0040089
APPC/BTC,1609534877046,2021-01-01T21:01:17.046Z,sell,1.15e-06,207.0,0.00023805
APPC/BTC,1609534877316,2021-01-01T21:01:17.316Z,buy,1.16e-06,161.0,0.0001867599999999
APPC/BTC,1609534877316,2021-01-01T21:01:17.316Z,buy,1.17e-06,598.0,0.00069966
APPC/BTC,1609534877316,2021-01-01T21:01:17.316Z,buy,1.18e-06,1741.0,0.0020543799999999
APPC/BTC,1609534877430,2021-01-01T21:01:17.430Z,sell,1.15e-06,4490.0,0.0051635
APPC/BTC,1609534877430,2021-01-01T21:01:17.430Z,sell,1.14e-06,21840.0,0.0248976
APPC/BTC,1609534877727,2021-01-01T21:01:17.727Z,sell,1.15e-06,163.0,0.00018745
APPC/BTC,1609534877997,2021-01-01T21:01:17.997Z,sell,1.15e-06,164.0,0.0001886
APPC/BTC,1609534878208,2021-01-01T21:01:18.208Z,sell,1.15e-06,166.0,0.0001909
APPC/BTC,1609534878677,2021-01-01T21:01:18.677Z,sell,1.17e-06,159.0,0.00018603
APPC/BTC,1609534878677,2021-01-01T21:01:18.677Z,sell,1.15e-06,8025.0,0.00922875
APPC/BTC,1609534878677,2021-01-01T21:01:18.677Z,sell,1.14e-06,22495.0,0.0256443
APPC/BTC,1609534878687,2021-01-01T21:01:18.687Z,buy,1.18e-06,157.0,0.00018526
APPC/BTC,1609534878822,2021-01-01T21:01:18.822Z,buy,1.17e-06,156.0,0.00018252
APPC/BTC,1609534878887,2021-01-01T21:01:18.887Z,buy,1.17e-06,1692.0,0.00197964
APPC/BTC,1609534879047,2021-01-01T21:01:19.047Z,sell,1.15e-06,319.0,0.00036685
APPC/BTC,1609534879218,2021-01-01T21:01:19.218Z,buy,1.17e-06,2000.0,0.00234
APPC/BTC,1609534879273,2021-01-01T21:01:19.273Z,buy,1.17e-06,974.0,0.00113958
APPC/BTC,1609534879588,2021-01-01T21:01:19.588Z,buy,1.17e-06,3458.0,0.00404586
APPC/BTC,1609534879629,2021-01-01T21:01:19.629Z,buy,1.17e-06,430.0,0.0005031
APPC/BTC,1609534879749,2021-01-01T21:01:19.749Z,buy,1.17e-06,337.0,0.00039429
APPC/BTC,1609534879749,2021-01-01T21:01:19.749Z,buy,1.18e-06,15.0,1.77e-05
APPC/BTC,1609534879988,2021-01-01T21:01:19.988Z,buy,1.18e-06,340.0,0.0004012
APPC/BTC,1609534880227,2021-01-01T21:01:20.227Z,sell,1.15e-06,612.0,0.0007038
APPC/BTC,1609534880423,2021-01-01T21:01:20.423Z,sell,1.15e-06,7035.0,0.00809025
APPC/BTC,1609534880500,2021-01-01T21:01:20.500Z,sell,1.15e-06,22303.0,0.02564845
APPC/BTC,1609534880500,2021-01-01T21:01:20.500Z,sell,1.14e-06,2783.0,0.00317262
APPC/BTC,1609534880550,2021-01-01T21:01:20.550Z,sell,1.14e-06,2090.0,0.0023826
APPC/BTC,1609534880760,2021-01-01T21:01:20.760Z,buy,1.17e-06,1127.0,0.00131859
APPC/BTC,1609534880968,2021-01-01T21:01:20.968Z,buy,1.17e-06,340.0,0.0003978
APPC/BTC,1609534880973,2021-01-01T21:01:20.973Z,buy,1.17e-06,2015.0,0.00235755
APPC/BTC,1609534880973,2021-01-01T21:01:20.973Z,buy,1.18e-06,50.0,5.9e-05
APPC/BTC,1609534881614,2021-01-01T21:01:21.614Z,buy,1.18e-06,44121.0,0.0520627799999999
APPC/BTC,1609534881614,2021-01-01T21:01:21.614Z,buy,1.19e-06,9955.0,0.01184645
APPC/BTC,1609534881614,2021-01-01T21:01:21.614Z,buy,1.2e-06,198798.0,0.2385575999999999
APPC/BTC,1609534881617,2021-01-01T21:01:21.617Z,buy,1.2e-06,11287.0,0.0135444
APPC/BTC,1609534881701,2021-01-01T21:01:21.701Z,sell,1.17e-06,1086.0,0.00127062
APPC/BTC,1609534882096,2021-01-01T21:01:22.096Z,buy,1.2e-06,29116.0,0.0349392
APPC/BTC,1609534882244,2021-01-01T21:01:22.244Z,buy,1.18e-06,159.0,0.00018762
APPC/BTC,1609534882244,2021-01-01T21:01:22.244Z,buy,1.19e-06,157.0,0.00018683
APPC/BTC,1609534882244,2021-01-01T21:01:22.244Z,buy,1.2e-06,55248.0,0.0662976
APPC/BTC,1609534882490,2021-01-01T21:01:22.490Z,sell,1.17e-06,319.0,0.00037323
APPC/BTC,1609534882642,2021-01-01T21:01:22.642Z,buy,1.2e-06,846.0,0.0010152
APPC/BTC,1609534882829,2021-01-01T21:01:22.829Z,sell,1.17e-06,25.0,2.925e-05
APPC/BTC,1609534882829,2021-01-01T21:01:22.829Z,sell,1.16e-06,160.0,0.0001855999999999
APPC/BTC,1609534882829,2021-01-01T21:01:22.829Z,sell,1.15e-06,5285.0,0.00607775
APPC/BTC,1609534882829,2021-01-01T21:01:22.829Z,sell,1.14e-06,2447.0,0.00278958
APPC/BTC,1609534882914,2021-01-01T21:01:22.914Z,sell,1.15e-06,6501.0,0.00747615
APPC/BTC,1609534883145,2021-01-01T21:01:23.145Z,buy,1.18e-06,205.0,0.0002419
APPC/BTC,1609534883387,2021-01-01T21:01:23.387Z,buy,1.18e-06,11918.0,0.01406324
APPC/BTC,1609534883811,2021-01-01T21:01:23.811Z,sell,1.16e-06,1407.0,0.00163212
APPC/BTC,1609534883909,2021-01-01T21:01:23.909Z,buy,1.18e-06,625.0,0.0007375
APPC/BTC,1609534884286,2021-01-01T21:01:24.286Z,sell,1.16e-06,1589.0,0.00184324
APPC/BTC,1609534884379,2021-01-01T21:01:24.379Z,buy,1.18e-06,1571.0,0.00185378
APPC/BTC,1609534884519,2021-01-01T21:01:24.519Z,buy,1.19e-06,14214.0,0.01691466
APPC/BTC,1609534884519,2021-01-01T21:01:24.519Z,buy,1.2e-06,34225.0,0.0410699999999999
APPC/BTC,1609534884678,2021-01-01T21:01:24.678Z,buy,1.2e-06,503.0,0.0006035999999999
APPC/BTC,1609534884985,2021-01-01T21:01:24.985Z,sell,1.18e-06,1912.0,0.0022561599999999
APPC/BTC,1609534885164,2021-01-01T21:01:25.164Z,buy,1.19e-06,695.0,0.00082705
APPC/BTC,1609534885987,2021-01-01T21:01:25.987Z,buy,1.19e-06,399.0,0.00047481
APPC/BTC,1609534886255,2021-01-01T21:01:26.255Z,sell,1.18e-06,160.0,0.0001887999999999
APPC/BTC,1609534886295,2021-01-01T21:01:26.295Z,buy,1.19e-06,2114.0,0.00251566
APPC/BTC,1609534886485,2021-01-01T21:01:26.485Z,sell,1.18e-06,328.0,0.0003870399999999
APPC/BTC,1609534886521,2021-01-01T21:01:26.521Z,sell,1.18e-06,161.0,0.00018998
APPC/BTC,1609534886670,2021-01-01T21:01:26.670Z,buy,1.19e-06,14488.0,0.01724072
APPC/BTC,1609534886670,2021-01-01T21:01:26.670Z,buy,1.2e-06,53259.0,0.0639108
APPC/BTC,1609534886794,2021-01-01T21:01:26.794Z,sell,1.18e-06,789.0,0.00093102
APPC/BTC,1609534886908,2021-01-01T21:01:26.908Z,buy,1.2e-06,4190.0,0.0050279999999999
APPC/BTC,1609534886994,2021-01-01T21:01:26.994Z,sell,1.18e-06,778.0,0.00091804
APPC/BTC,1609534887053,2021-01-01T21:01:27.053Z,sell,1.18e-06,14866.0,0.01754188
APPC/BTC,1609534887362,2021-01-01T21:01:27.362Z,sell,1.18e-06,28549.0,0.03368782
APPC/BTC,1609534887533,2021-01-01T21:01:27.533Z,sell,1.18e-06,109.0,0.00012862
APPC/BTC,1609534888025,2021-01-01T21:01:28.025Z,buy,1.19e-06,4638.0,0.00551922
APPC/BTC,1609534888025,2021-01-01T21:01:28.025Z,buy,1.2e-06,7075.0,0.00849
APPC/BTC,1609534888219,2021-01-01T21:01:28.219Z,buy,1.2e-06,774.0,0.0009287999999999
APPC/BTC,1609534888415,2021-01-01T21:01:28.415Z,sell,1.18e-06,7095.0,0.0083720999999999
APPC/BTC,1609534888506,2021-01-01T21:01:28.506Z,buy,1.2e-06,13312.0,0.0159744
APPC/BTC,1609534888590,2021-01-01T21:01:28.590Z,sell,1.18e-06,22211.0,0.02620898
APPC/BTC,1609534888590,2021-01-01T21:01:28.590Z,sell,1.17e-06,159.0,0.00018603
APPC/BTC,1609534888590,2021-01-01T21:01:28.590Z,sell,1.16e-06,5550.0,0.0064379999999999
APPC/BTC,1609534888813,2021-01-01T21:01:28.813Z,sell,1.17e-06,1914.0,0.00223938
APPC/BTC,1609534888846,2021-01-01T21:01:28.846Z,buy,1.2e-06,2908.0,0.0034896
APPC/BTC,1609534889261,2021-01-01T21:01:29.261Z,sell,1.17e-06,7282.0,0.00851994
APPC/BTC,1609534889261,2021-01-01T21:01:29.261Z,sell,1.16e-06,2697.0,0.0031285199999999
APPC/BTC,1609534889633,2021-01-01T21:01:29.633Z,sell,1.16e-06,814.0,0.0009442399999999
APPC/BTC,1609534890162,2021-01-01T21:01:30.162Z,buy,1.18e-06,150.0,0.000177
APPC/BTC,1609534890289,2021-01-01T21:01:30.289Z,buy,1.18e-06,398.0,0.0004696399999999
APPC/BTC,1609534890289,2021-01-01T21:01:30.289Z,buy,1.19e-06,4824.0,0.00574056
APPC/BTC,1609534890289,2021-01-01T21:01:30.289Z,buy,1.2e-06,95519.0,0.1146228
APPC/BTC,1609534891012,2021-01-01T21:01:31.012Z,sell,1.17e-06,5026.0,0.00588042
APPC/BTC,1609534891085,2021-01-01T21:01:31.085Z,buy,1.2e-06,1120.0,0.001344
APPC/BTC,1609534891444,2021-01-01T21:01:31.444Z,sell,1.17e-06,2967.0,0.00347139
APPC/BTC,1609534891444,2021-01-01T21:01:31.444Z,sell,1.16e-06,15955.0,0.0185077999999999
APPC/BTC,1609534891444,2021-01-01T21:01:31.444Z,sell,1.15e-06,25822.0,0.0296953
APPC/BTC,1609534891444,2021-01-01T21:01:31.444Z,sell,1.14e-06,7798.0,0.00888972
APPC/BTC,1609534891444,2021-01-01T21:01:31.444Z,sell,1.13e-06,3022.0,0.00341486
APPC/BTC,1609534891491,2021-01-01T21:01:31.491Z,sell,1.14e-06,10770.0,0.0122778
APPC/BTC,1609534891751,2021-01-01T21:01:31.751Z,sell,1.14e-06,5153.0,0.00587442
APPC/BTC,1609534891853,2021-01-01T21:01:31.853Z,sell,1.14e-06,195.0,0.0002223
APPC/BTC,1609534891854,2021-01-01T21:01:31.854Z,sell,1.14e-06,3590.0,0.0040926
APPC/BTC,1609534891859,2021-01-01T21:01:31.859Z,buy,1.19e-06,5942.0,0.00707098
APPC/BTC,1609534892032,2021-01-01T21:01:32.032Z,sell,1.14e-06,11841.0,0.01349874
APPC/BTC,1609534892032,2021-01-01T21:01:32.032Z,sell,1.13e-06,8155.0,0.00921515
APPC/BTC,1609534892094,2021-01-01T21:01:32.094Z,buy,1.18e-06,1075.0,0.0012684999999999
APPC/BTC,1609534892174,2021-01-01T21:01:32.174Z,buy,1.18e-06,114.0,0.0001345199999999
APPC/BTC,1609534892174,2021-01-01T21:01:32.174Z,buy,1.19e-06,537.0,0.00063903
APPC/BTC,1609534892902,2021-01-01T21:01:32.902Z,sell,1.14e-06,1434.0,0.00163476
APPC/BTC,1609534893209,2021-01-01T21:01:33.209Z,buy,1.17e-06,593.0,0.00069381
APPC/BTC,1609534893704,2021-01-01T21:01:33.704Z,buy,1.17e-06,841.0,0.00098397
APPC/BTC,1609534893704,2021-01-01T21:01:33.704Z,buy,1.18e-06,181.0,0.00021358
APPC/BTC,1609534893710,2021-01-01T21:01:33.710Z,buy,1.18e-06,6832.0,0.00806176
APPC/BTC,1609534893934,2021-01-01T21:01:33.934Z,sell,1.15e-06,843.0,0.00096945
APPC/BTC,1609534894014,2021-01-01T21:01:34.014Z,buy,1.18e-06,156.0,0.0001840799999999
APPC/BTC,1609534894761,2021-01-01T21:01:34.761Z,sell,1.14e-06,2565.0,0.0029241
APPC/BTC,1609534894761,2021-01-01T21:01:34.761Z,sell,1.13e-06,9497.0,0.0107316099999999
APPC/BTC,1609534894995,2021-01-01T21:01:34.995Z,sell,1.13e-06,17083.0,0.01930379
APPC/BTC,1609534894995,2021-01-01T21:01:34.995Z,sell,1.12e-06,128738.0,0.14418656
APPC/BTC,1609534894995,2021-01-01T21:01:34.995Z,sell,1.11e-06,118073.0,0.13106103
APPC/BTC,1609534895280,2021-01-01T21:01:35.280Z,buy,1.15e-06,1428.0,0.0016422
APPC/BTC,1609534896294,2021-01-01T21:01:36.294Z,buy,1.14e-06,366.0,0.00041724
APPC/BTC,1609534896477,2021-01-01T21:01:36.477Z,sell,1.11e-06,748.0,0.00083028
APPC/BTC,1609534896799,2021-01-01T21:01:36.799Z,buy,1.14e-06,539.0,0.00061446
APPC/BTC,1609534897179,2021-01-01T21:01:37.179Z,buy,1.14e-06,391.0,0.00044574
APPC/BTC,1609534897320,2021-01-01T21:01:37.320Z,sell,1.14e-06,2703.0,0.00308142
APPC/BTC,1609534897320,2021-01-01T21:01:37.320Z,sell,1.12e-06,2034.0,0.00227808
APPC/BTC,1609534897320,2021-01-01T21:01:37.320Z,sell,1.14e-06,2703.0,0.00308142
APPC/BTC,1609534897320,2021-01-01T21:01:37.320Z,sell,1.12e-06,2034.0,0.00227808
APPC/BTC,1609534897488,2021-01-01T21:01:37.488Z,buy,1.15e-06,2127.0,0.00244605
APPC/BTC,1609534897765,2021-01-01T21:01:37.765Z,sell,1.12e-06,7660.0,0.0085792
APPC/BTC,1609534898040,2021-01-01T21:01:38.040Z,sell,1.11e-06,13509.0,0.01499499
APPC/BTC,1609534898346,2021-01-01T21:01:38.346Z,sell,1.11e-06,9915.0,0.0110056499999999
APPC/BTC,1609534898416,2021-01-01T21:01:38.416Z,sell,1.11e-06,3748.0,0.00416028
APPC/BTC,1609534898595,2021-01-01T21:01:38.595Z,sell,1.11e-06,6214.0,0.00689754
APPC/BTC,1609534898842,2021-01-01T21:01:38.842Z,buy,1.13e-06,164.0,0.00018532
APPC/BTC,1609534899020,2021-01-01T21:01:39.020Z,buy,1.13e-06,2.0,2.26e-06
APPC/BTC,1609534899020,2021-01-01T21:01:39.020Z,buy,1.14e-06,2000.0,0.00228
APPC/BTC,1609534899020,2021-01-01T21:01:39.020Z,buy,1.15e-06,898.0,0.0010327
APPC/BTC,1609534899065,2021-01-01T21:01:39.065Z,sell,1.12e-06,3132.0,0.00350784
APPC/BTC,1609534899406,2021-01-01T21:01:39.406Z,buy,1.14e-06,6719.0,0.00765966
APPC/BTC,1609534899456,2021-01-01T21:01:39.456Z,sell,1.11e-06,870.0,0.0009657
APPC/BTC,1609534899522,2021-01-01T21:01:39.522Z,buy,1.14e-06,4896.0,0.00558144
APPC/BTC,1609534899742,2021-01-01T21:01:39.742Z,sell,1.11e-06,1222.0,0.0013564199999999
APPC/BTC,1609534899809,2021-01-01T21:01:39.809Z,buy,1.14e-06,821.0,0.00093594
APPC/BTC,1609534899809,2021-01-01T21:01:39.809Z,buy,1.15e-06,16256.0,0.0186944
APPC/BTC,1609534899809,2021-01-01T21:01:39.809Z,buy,1.16e-06,30044.0,0.03485104
APPC/BTC,1609534899878,2021-01-01T21:01:39.878Z,buy,1.16e-06,105.0,0.0001217999999999
APPC/BTC,1609534899949,2021-01-01T21:01:39.949Z,sell,1.12e-06,593.0,0.00066416
APPC/BTC,1609534900037,2021-01-01T21:01:40.037Z,buy,1.15e-06,593.0,0.00068195
APPC/BTC,1609534900037,2021-01-01T21:01:40.037Z,buy,1.16e-06,2386.0,0.0027677599999999
APPC/BTC,1609534900878,2021-01-01T21:01:40.878Z,sell,1.12e-06,19142.0,0.02143904
APPC/BTC,1609534900878,2021-01-01T21:01:40.878Z,sell,1.11e-06,4217.0,0.00468087
APPC/BTC,1609534901011,2021-01-01T21:01:41.011Z,buy,1.15e-06,247.0,0.00028405
APPC/BTC,1609534901113,2021-01-01T21:01:41.113Z,sell,1.13e-06,1820.0,0.0020566
APPC/BTC,1609534901308,2021-01-01T21:01:41.308Z,sell,1.13e-06,7303.0,0.00825239
APPC/BTC,1609534901308,2021-01-01T21:01:41.308Z,sell,1.12e-06,7827.0,0.00876624
APPC/BTC,1609534901868,2021-01-01T21:01:41.868Z,sell,1.13e-06,8829.0,0.00997677
APPC/BTC,1609534901868,2021-01-01T21:01:41.868Z,sell,1.12e-06,1381.0,0.00154672
APPC/BTC,1609534901881,2021-01-01T21:01:41.881Z,buy,1.15e-06,28103.0,0.03231845
APPC/BTC,1609534901881,2021-01-01T21:01:41.881Z,buy,1.16e-06,14918.0,0.0173048799999999
APPC/BTC,1609534901881,2021-01-01T21:01:41.881Z,buy,1.17e-06,17901.0,0.02094417
APPC/BTC,1609534901881,2021-01-01T21:01:41.881Z,buy,1.18e-06,45720.0,0.0539495999999999
APPC/BTC,1609534901881,2021-01-01T21:01:41.881Z,buy,1.19e-06,31077.0,0.03698163
APPC/BTC,1609534901881,2021-01-01T21:01:41.881Z,buy,1.2e-06,52142.0,0.0625704
APPC/BTC,1609534901919,2021-01-01T21:01:41.919Z,buy,1.14e-06,1865.0,0.0021261
APPC/BTC,1609534901948,2021-01-01T21:01:41.948Z,sell,1.15e-06,2563.0,0.00294745
APPC/BTC,1609534901949,2021-01-01T21:01:41.949Z,sell,1.15e-06,164.0,0.0001886
APPC/BTC,1609534902330,2021-01-01T21:01:42.330Z,sell,1.16e-06,200.0,0.0002319999999999
APPC/BTC,1609534902908,2021-01-01T21:01:42.908Z,sell,1.17e-06,418.0,0.00048906
APPC/BTC,1609534903033,2021-01-01T21:01:43.033Z,sell,1.17e-06,195.0,0.00022815
APPC/BTC,1609534903033,2021-01-01T21:01:43.033Z,sell,1.15e-06,4088.0,0.0047012
APPC/BTC,1609534903033,2021-01-01T21:01:43.033Z,sell,1.12e-06,2983.0,0.00334096
APPC/BTC,1609534903064,2021-01-01T21:01:43.064Z,sell,1.12e-06,3769.0,0.00422128
APPC/BTC,1609534903408,2021-01-01T21:01:43.408Z,sell,1.15e-06,4677.0,0.00537855
APPC/BTC,1609534904019,2021-01-01T21:01:44.019Z,sell,1.15e-06,161.0,0.00018515
APPC/BTC,1609534904019,2021-01-01T21:01:44.019Z,sell,1.14e-06,9039.0,0.01030446
APPC/BTC,1609534904270,2021-01-01T21:01:44.270Z,buy,1.17e-06,2383.0,0.00278811
APPC/BTC,1609534904271,2021-01-01T21:01:44.271Z,buy,1.17e-06,721.0,0.00084357
APPC/BTC,1609534904282,2021-01-01T21:01:44.282Z,sell,1.14e-06,247.0,0.00028158
APPC/BTC,1609534904282,2021-01-01T21:01:44.282Z,sell,1.13e-06,5086.0,0.00574718
APPC/BTC,1609534904328,2021-01-01T21:01:44.328Z,sell,1.14e-06,3227.0,0.00367878
APPC/BTC,1609534904552,2021-01-01T21:01:44.552Z,buy,1.16e-06,150.0,0.0001739999999999
APPC/BTC,1609534904552,2021-01-01T21:01:44.552Z,buy,1.17e-06,3543.0,0.00414531
APPC/BTC,1609534904587,2021-01-01T21:01:44.587Z,sell,1.14e-06,4658.0,0.00531012
APPC/BTC,1609534904587,2021-01-01T21:01:44.587Z,sell,1.13e-06,12288.0,0.0138854399999999
APPC/BTC,1609534905123,2021-01-01T21:01:45.123Z,buy,1.17e-06,157.0,0.00018369
APPC/BTC,1609534905439,2021-01-01T21:01:45.439Z,buy,1.17e-06,159.0,0.00018603
APPC/BTC,1609534905739,2021-01-01T21:01:45.739Z,sell,1.16e-06,160.0,0.0001855999999999
APPC/BTC,1609534905773,2021-01-01T21:01:45.773Z,sell,1.13e-06,15037.0,0.01699181
APPC/BTC,1609534906594,2021-01-01T21:01:46.594Z,buy,1.16e-06,2701.0,0.00313316
APPC/BTC,1609534906594,2021-01-01T21:01:46.594Z,buy,1.17e-06,3291.0,0.00385047
APPC/BTC,1609534906617,2021-01-01T21:01:46.617Z,sell,1.14e-06,2017.0,0.00229938
APPC/BTC,1609534907189,2021-01-01T21:01:47.189Z,sell,1.14e-06,495.0,0.0005643
APPC/BTC,1609534907222,2021-01-01T21:01:47.222Z,sell,1.14e-06,3142.0,0.00358188
APPC/BTC,1609534907314,2021-01-01T21:01:47.314Z,sell,1.14e-06,2827.0,0.00322278
APPC/BTC,1609534908091,2021-01-01T21:01:48.091Z,buy,1.15e-06,163.0,0.00018745
APPC/BTC,1609534908091,2021-01-01T21:01:48.091Z,buy,1.16e-06,1775.0,0.0020589999999999
APPC/BTC,1609534908103,2021-01-01T21:01:48.103Z,sell,1.14e-06,150.0,0.000171
APPC/BTC,1609534908103,2021-01-01T21:01:48.103Z,sell,1.13e-06,2272.0,0.00256736
APPC/BTC,1609534908537,2021-01-01T21:01:48.537Z,buy,1.16e-06,150.0,0.0001739999999999
APPC/BTC,1609534908558,2021-01-01T21:01:48.558Z,sell,1.13e-06,442.0,0.00049946
APPC/BTC,1609534908726,2021-01-01T21:01:48.726Z,buy,1.16e-06,3325.0,0.0038569999999999
APPC/BTC,1609534908822,2021-01-01T21:01:48.822Z,buy,1.16e-06,6332.0,0.0073451199999999
APPC/BTC,1609534909156,2021-01-01T21:01:49.156Z,buy,1.16e-06,7398.0,0.00858168
APPC/BTC,1609534909156,2021-01-01T21:01:49.156Z,buy,1.17e-06,1005.0,0.00117585
APPC/BTC,1609534909498,2021-01-01T21:01:49.498Z,sell,1.14e-06,613.0,0.00069882
APPC/BTC,1609534909586,2021-01-01T21:01:49.586Z,buy,1.15e-06,9123.0,0.01049145
APPC/BTC,1609534909586,2021-01-01T21:01:49.586Z,buy,1.17e-06,67600.0,0.079092
APPC/BTC,1609534910247,2021-01-01T21:01:50.247Z,sell,1.15e-06,161.0,0.00018515
APPC/BTC,1609534910247,2021-01-01T21:01:50.247Z,sell,1.14e-06,377.0,0.00042978
APPC/BTC,1609534910815,2021-01-01T21:01:50.815Z,buy,1.16e-06,6128.0,0.0071084799999999
APPC/BTC,1609534911003,2021-01-01T21:01:51.003Z,sell,1.14e-06,6717.0,0.00765738
APPC/BTC,1609534911216,2021-01-01T21:01:51.216Z,sell,1.14e-06,1119.0,0.00127566
APPC/BTC,1609534912320,2021-01-01T21:01:52.320Z,buy,1.15e-06,11896.0,0.0136804
APPC/BTC,1609534912624,2021-01-01T21:01:52.624Z,buy,1.15e-06,1377.0,0.00158355
APPC/BTC,1609534912908,2021-01-01T21:01:52.908Z,buy,1.15e-06,160.0,0.000184
APPC/BTC,1609534913243,2021-01-01T21:01:53.243Z,sell,1.14e-06,335.0,0.0003819
APPC/BTC,1609534913422,2021-01-01T21:01:53.422Z,sell,1.14e-06,220.0,0.0002508
APPC/BTC,1609534913428,2021-01-01T21:01:53.428Z,buy,1.16e-06,2000.0,0.00232
APPC/BTC,1609534913512,2021-01-01T21:01:53.512Z,sell,1.14e-06,12569.0,0.01432866
APPC/BTC,1609534913652,2021-01-01T21:01:53.652Z,buy,1.16e-06,93.0,0.0001078799999999
APPC/BTC,1609534913727,2021-01-01T21:01:53.727Z,buy,1.16e-06,925.0,0.001073
APPC/BTC,1609534913864,2021-01-01T21:01:53.864Z,buy,1.16e-06,6105.0,0.0070817999999999
APPC/BTC,1609534913864,2021-01-01T21:01:53.864Z,buy,1.17e-06,26327.0,0.03080259
APPC/BTC,1609534913927,2021-01-01T21:01:53.927Z,sell,1.15e-06,154.0,0.0001771
APPC/BTC,1609534914214,2021-01-01T21:01:54.214Z,sell,1.15e-06,5299.0,0.00609385
APPC/BTC,1609534916872,2021-01-01T21:01:56.872Z,sell,1.15e-06,5986.0,0.0068839
APPC/BTC,1609534917871,2021-01-01T21:01:57.871Z,buy,1.16e-06,161.0,0.0001867599999999
APPC/BTC,1609534917871,2021-01-01T21:01:57.871Z,buy,1.17e-06,38.0,4.446e-05
APPC/BTC,1609534918465,2021-01-01T21:01:58.465Z,sell,1.16e-06,1076.0,0.00124816
APPC/BTC,1609534918948,2021-01-01T21:01:58.948Z,sell,1.16e-06,2749.0,0.0031888399999999
APPC/BTC,1609534919403,2021-01-01T21:01:59.403Z,buy,1.17e-06,448.0,0.00052416
APPC/BTC,1609534919905,2021-01-01T21:01:59.905Z,sell,1.16e-06,150.0,0.0001739999999999
APPC/BTC,1609534920177,2021-01-01T21:02:00.177Z,sell,1.16e-06,179.0,0.0002076399999999
APPC/BTC,1609534920452,2021-01-01T21:02:00.452Z,sell,1.16e-06,104.0,0.0001206399999999
APPC/BTC,1609534921256,2021-01-01T21:02:01.256Z,sell,1.16e-06,2196.0,0.00254736
APPC/BTC,1609534922391,2021-01-01T21:02:02.391Z,sell,1.16e-06,3553.0,0.0041214799999999
APPC/BTC,1609534923259,2021-01-01T21:02:03.259Z,buy,1.17e-06,1069.0,0.00125073
APPC/BTC,1609534923267,2021-01-01T21:02:03.267Z,sell,1.16e-06,1811.0,0.0021007599999999
APPC/BTC,1609534923267,2021-01-01T21:02:03.267Z,sell,1.15e-06,3002.0,0.0034523
APPC/BTC,1609534924162,2021-01-01T21:02:04.162Z,sell,1.15e-06,504.0,0.0005796
APPC/BTC,1609534924630,2021-01-01T21:02:04.630Z,buy,1.16e-06,533.0,0.0006182799999999
APPC/BTC,1609534924833,2021-01-01T21:02:04.833Z,buy,1.16e-06,335.0,0.0003885999999999
APPC/BTC,1609534924833,2021-01-01T21:02:04.833Z,buy,1.17e-06,340.0,0.0003978
APPC/BTC,1609534924836,2021-01-01T21:02:04.836Z,sell,1.15e-06,2995.0,0.00344425
APPC/BTC,1609534924934,2021-01-01T21:02:04.934Z,buy,1.17e-06,113.0,0.00013221
APPC/BTC,1609534926166,2021-01-01T21:02:06.166Z,buy,1.17e-06,2364.0,0.00276588
APPC/BTC,1609534927178,2021-01-01T21:02:07.178Z,sell,1.16e-06,161.0,0.0001867599999999
APPC/BTC,1609534927683,2021-01-01T21:02:07.683Z,buy,1.17e-06,1461.0,0.00170937
APPC/BTC,1609534927846,2021-01-01T21:02:07.846Z,sell,1.16e-06,5732.0,0.00664912
APPC/BTC,1609534928106,2021-01-01T21:02:08.106Z,buy,1.16e-06,440.0,0.0005103999999999
APPC/BTC,1609534928428,2021-01-01T21:02:08.428Z,buy,1.17e-06,2000.0,0.00234
APPC/BTC,1609534929704,2021-01-01T21:02:09.704Z,buy,1.17e-06,336.0,0.00039312
APPC/BTC,1609534930853,2021-01-01T21:02:10.853Z,buy,1.17e-06,1607.0,0.00188019
APPC/BTC,1609534931512,2021-01-01T21:02:11.512Z,buy,1.17e-06,9244.0,0.01081548
APPC/BTC,1609534931830,2021-01-01T21:02:11.830Z,sell,1.16e-06,5228.0,0.00606448
APPC/BTC,1609534932168,2021-01-01T21:02:12.168Z,buy,1.16e-06,1148.0,0.0013316799999999
APPC/BTC,1609534932616,2021-01-01T21:02:12.616Z,sell,1.15e-06,5333.0,0.00613295
APPC/BTC,1609534932728,2021-01-01T21:02:12.728Z,sell,1.15e-06,168.0,0.0001932
APPC/BTC,1609534933522,2021-01-01T21:02:13.522Z,sell,1.15e-06,368.0,0.0004232
APPC/BTC,1609534933653,2021-01-01T21:02:13.653Z,buy,1.16e-06,31311.0,0.0363207599999999
APPC/BTC,1609534933913,2021-01-01T21:02:13.913Z,buy,1.16e-06,1130.0,0.0013108
APPC/BTC,1609534933931,2021-01-01T21:02:13.931Z,buy,1.16e-06,113.0,0.00013108
APPC/BTC,1609534934194,2021-01-01T21:02:14.194Z,buy,1.16e-06,5000.0,0.0058
APPC/BTC,1609534935332,2021-01-01T21:02:15.332Z,buy,1.16e-06,54320.0,0.0630111999999999
APPC/BTC,1609534936045,2021-01-01T21:02:16.045Z,buy,1.16e-06,314.0,0.00036424
APPC/BTC,1609534936718,2021-01-01T21:02:16.718Z,buy,1.16e-06,2799.0,0.0032468399999999
APPC/BTC,1609534938294,2021-01-01T21:02:18.294Z,buy,1.16e-06,729.0,0.0008456399999999
APPC/BTC,1609534938450,2021-01-01T21:02:18.450Z,sell,1.15e-06,6297.0,0.00724155
APPC/BTC,1609534938903,2021-01-01T21:02:18.903Z,buy,1.16e-06,1671.0,0.0019383599999999
APPC/BTC,1609534939046,2021-01-01T21:02:19.046Z,sell,1.15e-06,352.0,0.0004048
APPC/BTC,1609534939119,2021-01-01T21:02:19.119Z,sell,1.15e-06,879.0,0.00101085
APPC/BTC,1609534939119,2021-01-01T21:02:19.119Z,sell,1.14e-06,3085.0,0.0035169
APPC/BTC,1609534939164,2021-01-01T21:02:19.164Z,sell,1.14e-06,812.0,0.00092568
APPC/BTC,1609534939531,2021-01-01T21:02:19.531Z,sell,1.14e-06,356.0,0.00040584
APPC/BTC,1609534940025,2021-01-01T21:02:20.025Z,sell,1.14e-06,720.0,0.0008208
APPC/BTC,1609534941112,2021-01-01T21:02:21.112Z,buy,1.15e-06,1014.0,0.0011661
APPC/BTC,1609534941299,2021-01-01T21:02:21.299Z,buy,1.15e-06,150.0,0.0001725
APPC/BTC,1609534941779,2021-01-01T21:02:21.779Z,buy,1.16e-06,361.0,0.0004187599999999
APPC/BTC,1609534941926,2021-01-01T21:02:21.926Z,buy,1.16e-06,1096.0,0.0012713599999999
APPC/BTC,1609534942368,2021-01-01T21:02:22.368Z,sell,1.15e-06,163.0,0.00018745
APPC/BTC,1609534942694,2021-01-01T21:02:22.694Z,sell,1.15e-06,392.0,0.0004508
APPC/BTC,1609534942694,2021-01-01T21:02:22.694Z,sell,1.14e-06,2584.0,0.00294576
APPC/BTC,1609534943313,2021-01-01T21:02:23.313Z,buy,1.16e-06,200.0,0.0002319999999999
APPC/BTC,1609534943413,2021-01-01T21:02:23.413Z,sell,1.14e-06,31508.0,0.03591912
APPC/BTC,1609534943741,2021-01-01T21:02:23.741Z,sell,1.14e-06,384.0,0.00043776
APPC/BTC,1609534946029,2021-01-01T21:02:26.029Z,sell,1.14e-06,3925.0,0.0044745
APPC/BTC,1609534946841,2021-01-01T21:02:26.841Z,sell,1.14e-06,120.0,0.0001368
APPC/BTC,1609534948306,2021-01-01T21:02:28.306Z,buy,1.15e-06,664.0,0.0007636
APPC/BTC,1609534948409,2021-01-01T21:02:28.409Z,sell,1.14e-06,104.0,0.00011856
APPC/BTC,1609534948470,2021-01-01T21:02:28.470Z,sell,1.14e-06,21386.0,0.02438004
APPC/BTC,1609534949259,2021-01-01T21:02:29.259Z,sell,1.14e-06,4568.0,0.00520752
APPC/BTC,1609534949340,2021-01-01T21:02:29.340Z,sell,1.14e-06,2297.0,0.00261858
APPC/BTC,1609534950521,2021-01-01T21:02:30.521Z,sell,1.14e-06,10571.0,0.01205094
APPC/BTC,1609534950786,2021-01-01T21:02:30.786Z,buy,1.14e-06,7286.0,0.00830604
APPC/BTC,1609534951185,2021-01-01T21:02:31.185Z,buy,1.14e-06,1478.0,0.00168492
APPC/BTC,1609534952713,2021-01-01T21:02:32.713Z,sell,1.13e-06,2566.0,0.00289958
APPC/BTC,1609534952713,2021-01-01T21:02:32.713Z,sell,1.12e-06,536.0,0.00060032
APPC/BTC,1609534954134,2021-01-01T21:02:34.134Z,sell,1.12e-06,7133.0,0.00798896
APPC/BTC,1609534954384,2021-01-01T21:02:34.384Z,sell,1.12e-06,3220.0,0.0036064
APPC/BTC,1609534954881,2021-01-01T21:02:34.881Z,sell,1.12e-06,8483.0,0.00950096
APPC/BTC,1609534956230,2021-01-01T21:02:36.230Z,sell,1.12e-06,6873.0,0.00769776
APPC/BTC,1609534956230,2021-01-01T21:02:36.230Z,sell,1.11e-06,32970.0,0.0365966999999999
APPC/BTC,1609534956460,2021-01-01T21:02:36.460Z,sell,1.11e-06,1074.0,0.00119214
APPC/BTC,1609534957255,2021-01-01T21:02:37.255Z,buy,1.13e-06,124.0,0.00014012
APPC/BTC,1609534958389,2021-01-01T21:02:38.389Z,sell,1.11e-06,9234.0,0.01024974
APPC/BTC,1609534958485,2021-01-01T21:02:38.485Z,buy,1.12e-06,887.0,0.00099344
APPC/BTC,1609534958485,2021-01-01T21:02:38.485Z,buy,1.13e-06,2551.0,0.0028826299999999
APPC/BTC,1609534958485,2021-01-01T21:02:38.485Z,buy,1.14e-06,5807.0,0.00661998
APPC/BTC,1609534958702,2021-01-01T21:02:38.702Z,sell,1.11e-06,849.0,0.00094239
APPC/BTC,1609534959568,2021-01-01T21:02:39.568Z,buy,1.12e-06,24869.0,0.02785328
APPC/BTC,1609534960284,2021-01-01T21:02:40.284Z,sell,1.12e-06,19695.0,0.0220584
APPC/BTC,1609534960284,2021-01-01T21:02:40.284Z,sell,1.11e-06,2178.0,0.00241758
APPC/BTC,1609534960413,2021-01-01T21:02:40.413Z,buy,1.13e-06,166.0,0.00018758
APPC/BTC,1609534960413,2021-01-01T21:02:40.413Z,buy,1.14e-06,25.0,2.85e-05
APPC/BTC,1609534960811,2021-01-01T21:02:40.811Z,sell,1.12e-06,150.0,0.000168
APPC/BTC,1609534960811,2021-01-01T21:02:40.811Z,sell,1.11e-06,945.0,0.0010489499999999
APPC/BTC,1609534962426,2021-01-01T21:02:42.426Z,sell,1.11e-06,100594.0,0.11165934
APPC/BTC,1609534962502,2021-01-01T21:02:42.502Z,buy,1.14e-06,33333.0,0.03799962
APPC/BTC,1609534963504,2021-01-01T21:02:43.504Z,sell,1.11e-06,66985.0,0.07435335
APPC/BTC,1609534964093,2021-01-01T21:02:44.093Z,buy,1.13e-06,12231.0,0.01382103
APPC/BTC,1609534964137,2021-01-01T21:02:44.137Z,buy,1.13e-06,590.0,0.0006667
APPC/BTC,1609534964239,2021-01-01T21:02:44.239Z,sell,1.12e-06,166.0,0.00018592
APPC/BTC,1609534964239,2021-01-01T21:02:44.239Z,sell,1.11e-06,11306.0,0.0125496599999999
APPC/BTC,1609534964264,2021-01-01T21:02:44.264Z,sell,1.11e-06,350.0,0.0003885
APPC/BTC,1609534964568,2021-01-01T21:02:44.568Z,buy,1.12e-06,7912.0,0.00886144
APPC/BTC,1609534964570,2021-01-01T21:02:44.570Z,buy,1.12e-06,7517.0,0.00841904
APPC/BTC,1609534964592,2021-01-01T21:02:44.592Z,sell,1.11e-06,8810.0,0.0097790999999999
APPC/BTC,1609534964702,2021-01-01T21:02:44.702Z,sell,1.11e-06,4584.0,0.00508824
APPC/BTC,1609534964769,2021-01-01T21:02:44.769Z,buy,1.12e-06,9925.0,0.011116
APPC/BTC,1609534964777,2021-01-01T21:02:44.777Z,buy,1.12e-06,6759.0,0.00757008
APPC/BTC,1609534964975,2021-01-01T21:02:44.975Z,buy,1.12e-06,7171.0,0.00803152
APPC/BTC,1609534964976,2021-01-01T21:02:44.976Z,buy,1.12e-06,9572.0,0.01072064
APPC/BTC,1609534965175,2021-01-01T21:02:45.175Z,buy,1.12e-06,10827.0,0.01212624
APPC/BTC,1609534965180,2021-01-01T21:02:45.180Z,buy,1.12e-06,9244.0,0.01035328
APPC/BTC,1609534965375,2021-01-01T21:02:45.375Z,buy,1.12e-06,7810.0,0.0087472
APPC/BTC,1609534965376,2021-01-01T21:02:45.376Z,buy,1.12e-06,8948.0,0.01002176
APPC/BTC,1609534965562,2021-01-01T21:02:45.562Z,sell,1.11e-06,2439.0,0.00270729
APPC/BTC,1609534965566,2021-01-01T21:02:45.566Z,buy,1.12e-06,10983.0,0.01230096
APPC/BTC,1609534965572,2021-01-01T21:02:45.572Z,buy,1.12e-06,11560.0,0.0129472
APPC/BTC,1609534965768,2021-01-01T21:02:45.768Z,buy,1.12e-06,9502.0,0.01064224
APPC/BTC,1609534965778,2021-01-01T21:02:45.778Z,buy,1.12e-06,9648.0,0.01080576
APPC/BTC,1609534965964,2021-01-01T21:02:45.964Z,buy,1.12e-06,10906.0,0.01221472
APPC/BTC,1609534965977,2021-01-01T21:02:45.977Z,buy,1.12e-06,9473.0,0.01060976
APPC/BTC,1609534966168,2021-01-01T21:02:46.168Z,buy,1.12e-06,10146.0,0.01136352
APPC/BTC,1609534966359,2021-01-01T21:02:46.359Z,buy,1.12e-06,13021.0,0.01458352
APPC/BTC,1609534966555,2021-01-01T21:02:46.555Z,buy,1.12e-06,13923.0,0.01559376
APPC/BTC,1609534966588,2021-01-01T21:02:46.588Z,buy,1.12e-06,10001.0,0.01120112
APPC/BTC,1609534966755,2021-01-01T21:02:46.755Z,buy,1.12e-06,13214.0,0.01479968
APPC/BTC,1609534966800,2021-01-01T21:02:46.800Z,buy,1.12e-06,7379.0,0.00826448
APPC/BTC,1609534966948,2021-01-01T21:02:46.948Z,buy,1.12e-06,7071.0,0.00791952
APPC/BTC,1609534967002,2021-01-01T21:02:47.002Z,buy,1.12e-06,8692.0,0.00973504
APPC/BTC,1609534967154,2021-01-01T21:02:47.154Z,buy,1.12e-06,13837.0,0.01549744
APPC/BTC,1609534967203,2021-01-01T21:02:47.203Z,buy,1.12e-06,9077.0,0.01016624
APPC/BTC,1609534967216,2021-01-01T21:02:47.216Z,buy,1.13e-06,140.0,0.0001582
APPC/BTC,1609534967356,2021-01-01T21:02:47.356Z,buy,1.12e-06,8576.0,0.00960512
APPC/BTC,1609534967403,2021-01-01T21:02:47.403Z,buy,1.12e-06,10750.0,0.01204
APPC/BTC,1609534967553,2021-01-01T21:02:47.553Z,buy,1.12e-06,10783.0,0.01207696
APPC/BTC,1609534967598,2021-01-01T21:02:47.598Z,buy,1.12e-06,11898.0,0.01332576
APPC/BTC,1609534967751,2021-01-01T21:02:47.751Z,buy,1.12e-06,9288.0,0.01040256
APPC/BTC,1609534967793,2021-01-01T21:02:47.793Z,buy,1.12e-06,12722.0,0.01424864
APPC/BTC,1609534967957,2021-01-01T21:02:47.957Z,buy,1.12e-06,12509.0,0.01401008
APPC/BTC,1609534967998,2021-01-01T21:02:47.998Z,buy,1.12e-06,9049.0,0.01013488
APPC/BTC,1609534968069,2021-01-01T21:02:48.069Z,buy,1.13e-06,31603.0,0.03571139
APPC/BTC,1609534968069,2021-01-01T21:02:48.069Z,buy,1.14e-06,19839.0,0.02261646
APPC/BTC,1609534968315,2021-01-01T21:02:48.315Z,sell,1.14e-06,166.0,0.00018924
APPC/BTC,1609534968546,2021-01-01T21:02:48.546Z,sell,1.14e-06,5768.0,0.00657552
APPC/BTC,1609534969519,2021-01-01T21:02:49.519Z,buy,1.15e-06,304.0,0.0003496
APPC/BTC,1609534969623,2021-01-01T21:02:49.623Z,sell,1.14e-06,54118.0,0.06169452
APPC/BTC,1609534969878,2021-01-01T21:02:49.878Z,buy,1.13e-06,704.0,0.00079552
APPC/BTC,1609534970176,2021-01-01T21:02:50.176Z,buy,1.13e-06,67621.0,0.07641173
APPC/BTC,1609534970852,2021-01-01T21:02:50.852Z,buy,1.13e-06,712.0,0.00080456
APPC/BTC,1609534971327,2021-01-01T21:02:51.327Z,buy,1.13e-06,164.0,0.00018532
APPC/BTC,1609534971374,2021-01-01T21:02:51.374Z,sell,1.12e-06,7057.0,0.00790384
APPC/BTC,1609534973118,2021-01-01T21:02:53.118Z,buy,1.13e-06,163.0,0.00018419
APPC/BTC,1609534973548,2021-01-01T21:02:53.548Z,sell,1.12e-06,27659.0,0.03097808
APPC/BTC,1609534973856,2021-01-01T21:02:53.856Z,buy,1.13e-06,742.0,0.00083846
APPC/BTC,1609534974283,2021-01-01T21:02:54.283Z,sell,1.12e-06,113.0,0.00012656
APPC/BTC,1609534974778,2021-01-01T21:02:54.778Z,sell,1.12e-06,494.0,0.00055328
APPC/BTC,1609534975666,2021-01-01T21:02:55.666Z,buy,1.13e-06,1647.0,0.00186111
APPC/BTC,1609534976004,2021-01-01T21:02:56.004Z,buy,1.13e-06,4441.0,0.00501833
APPC/BTC,1609534976481,2021-01-01T21:02:56.481Z,buy,1.13e-06,1320.0,0.0014916
APPC/BTC,1609534977794,2021-01-01T21:02:57.794Z,buy,1.13e-06,530.0,0.0005989
APPC/BTC,1609534977860,2021-01-01T21:02:57.860Z,buy,1.13e-06,24831.0,0.02805903
APPC/BTC,1609534979615,2021-01-01T21:02:59.615Z,buy,1.13e-06,3990.0,0.0045087
APPC/BTC,1609534979706,2021-01-01T21:02:59.706Z,sell,1.12e-06,31584.0,0.03537408
APPC/BTC,1609534979777,2021-01-01T21:02:59.777Z,buy,1.13e-06,309.0,0.00034917
APPC/BTC,1609534980737,2021-01-01T21:03:00.737Z,buy,1.13e-06,4176.0,0.00471888
APPC/BTC,1609534980948,2021-01-01T21:03:00.948Z,buy,1.13e-06,259.0,0.00029267
APPC/BTC,1609534982469,2021-01-01T21:03:02.469Z,buy,1.13e-06,530.0,0.0005989
APPC/BTC,1609534983650,2021-01-01T21:03:03.650Z,buy,1.13e-06,481.0,0.00054353
APPC/BTC,1609534983847,2021-01-01T21:03:03.847Z,buy,1.13e-06,2314.0,0.00261482
APPC/BTC,1609534984179,2021-01-01T21:03:04.179Z,buy,1.13e-06,307.0,0.0003469099999999
APPC/BTC,1609534985246,2021-01-01T21:03:05.246Z,buy,1.13e-06,30954.0,0.03497802
APPC/BTC,1609534985822,2021-01-01T21:03:05.822Z,buy,1.13e-06,2554.0,0.00288602
APPC/BTC,1609534986362,2021-01-01T21:03:06.362Z,sell,1.12e-06,8391.0,0.00939792
APPC/BTC,1609534987847,2021-01-01T21:03:07.847Z,buy,1.13e-06,1206.0,0.00136278
APPC/BTC,1609534988723,2021-01-01T21:03:08.723Z,sell,1.12e-06,7286.0,0.00816032
APPC/BTC,1609534989628,2021-01-01T21:03:09.628Z,buy,1.13e-06,1327.0,0.00149951
APPC/BTC,1609534990018,2021-01-01T21:03:10.018Z,sell,1.12e-06,29637.0,0.03319344
APPC/BTC,1609534990018,2021-01-01T21:03:10.018Z,sell,1.11e-06,2501.0,0.00277611
APPC/BTC,1609534990060,2021-01-01T21:03:10.060Z,buy,1.12e-06,8042.0,0.00900704
APPC/BTC,1609534990261,2021-01-01T21:03:10.261Z,buy,1.12e-06,11827.0,0.01324624
APPC/BTC,1609534990457,2021-01-01T21:03:10.457Z,buy,1.12e-06,7614.0,0.00852768
APPC/BTC,1609534990656,2021-01-01T21:03:10.656Z,buy,1.12e-06,14932.0,0.01672384
APPC/BTC,1609534990741,2021-01-01T21:03:10.741Z,sell,1.11e-06,4627.0,0.00513597
APPC/BTC,1609534990863,2021-01-01T21:03:10.863Z,buy,1.12e-06,11899.0,0.01332688
APPC/BTC,1609534991064,2021-01-01T21:03:11.064Z,buy,1.12e-06,13192.0,0.01477504
APPC/BTC,1609534991271,2021-01-01T21:03:11.271Z,buy,1.12e-06,10216.0,0.01144192
APPC/BTC,1609534991480,2021-01-01T21:03:11.480Z,buy,1.12e-06,11255.0,0.0126056
APPC/BTC,1609534991679,2021-01-01T21:03:11.679Z,buy,1.12e-06,10734.0,0.01202208
APPC/BTC,1609534991859,2021-01-01T21:03:11.859Z,buy,1.13e-06,22412.0,0.02532556
APPC/BTC,1609534991878,2021-01-01T21:03:11.878Z,buy,1.12e-06,10274.0,0.01150688
APPC/BTC,1609534992087,2021-01-01T21:03:12.087Z,buy,1.12e-06,13709.0,0.01535408
APPC/BTC,1609534992292,2021-01-01T21:03:12.292Z,buy,1.12e-06,13176.0,0.01475712
APPC/BTC,1609534992497,2021-01-01T21:03:12.497Z,buy,1.12e-06,7613.0,0.00852656
APPC/BTC,1609534992705,2021-01-01T21:03:12.705Z,buy,1.12e-06,14586.0,0.01633632
APPC/BTC,1609534992907,2021-01-01T21:03:12.907Z,buy,1.12e-06,11651.0,0.01304912
APPC/BTC,1609534993109,2021-01-01T21:03:13.109Z,buy,1.12e-06,12319.0,0.01379728
APPC/BTC,1609534993312,2021-01-01T21:03:13.312Z,buy,1.12e-06,9258.0,0.01036896
APPC/BTC,1609534993502,2021-01-01T21:03:13.502Z,buy,1.12e-06,10123.0,0.01133776
APPC/BTC,1609534993703,2021-01-01T21:03:13.703Z,buy,1.12e-06,12033.0,0.01347696
APPC/BTC,1609534993895,2021-01-01T21:03:13.895Z,buy,1.12e-06,8558.0,0.00958496
APPC/BTC,1609534994096,2021-01-01T21:03:14.096Z,buy,1.12e-06,14181.0,0.01588272
APPC/BTC,1609534994287,2021-01-01T21:03:14.287Z,buy,1.12e-06,11021.0,0.01234352
APPC/BTC,1609534994446,2021-01-01T21:03:14.446Z,buy,1.13e-06,5000.0,0.00565
APPC/BTC,1609534994491,2021-01-01T21:03:14.491Z,buy,1.12e-06,8100.0,0.009072
APPC/BTC,1609534994691,2021-01-01T21:03:14.691Z,buy,1.12e-06,10443.0,0.01169616
APPC/BTC,1609534994887,2021-01-01T21:03:14.887Z,buy,1.12e-06,12592.0,0.01410304
APPC/BTC,1609534995095,2021-01-01T21:03:15.095Z,buy,1.12e-06,8250.0,0.00924
APPC/BTC,1609534995293,2021-01-01T21:03:15.293Z,buy,1.12e-06,8748.0,0.00979776
APPC/BTC,1609534997593,2021-01-01T21:03:17.593Z,sell,1.12e-06,282.0,0.00031584
APPC/BTC,1609534998382,2021-01-01T21:03:18.382Z,sell,1.12e-06,9247.0,0.01035664
APPC/BTC,1609534998567,2021-01-01T21:03:18.567Z,buy,1.12e-06,545.0,0.0006104
APPC/BTC,1609534999691,2021-01-01T21:03:19.691Z,buy,1.12e-06,774.0,0.00086688
APPC/BTC,1609535000210,2021-01-01T21:03:20.210Z,sell,1.11e-06,22389.0,0.02485179
APPC/BTC,1609535000414,2021-01-01T21:03:20.414Z,sell,1.11e-06,5942.0,0.00659562
APPC/BTC,1609535005532,2021-01-01T21:03:25.532Z,buy,1.12e-06,1397.0,0.00156464
APPC/BTC,1609535006096,2021-01-01T21:03:26.096Z,buy,1.12e-06,5000.0,0.0056
APPC/BTC,1609535006373,2021-01-01T21:03:26.373Z,sell,1.11e-06,2497.0,0.00277167
APPC/BTC,1609535006667,2021-01-01T21:03:26.667Z,sell,1.11e-06,634.0,0.00070374
APPC/BTC,1609535006841,2021-01-01T21:03:26.841Z,sell,1.11e-06,6717.0,0.00745587
APPC/BTC,1609535008338,2021-01-01T21:03:28.338Z,buy,1.12e-06,345.0,0.0003864
APPC/BTC,1609535009445,2021-01-01T21:03:29.445Z,sell,1.11e-06,3312.0,0.00367632
APPC/BTC,1609535009942,2021-01-01T21:03:29.942Z,sell,1.11e-06,1000.0,0.0011099999999999
APPC/BTC,1609535010892,2021-01-01T21:03:30.892Z,sell,1.11e-06,1121.0,0.00124431
APPC/BTC,1609535011059,2021-01-01T21:03:31.059Z,buy,1.12e-06,12101.0,0.01355312
APPC/BTC,1609535013311,2021-01-01T21:03:33.311Z,sell,1.11e-06,5785.0,0.00642135
APPC/BTC,1609535015579,2021-01-01T21:03:35.579Z,sell,1.11e-06,1315.0,0.00145965
APPC/BTC,1609535015824,2021-01-01T21:03:35.824Z,sell,1.11e-06,447.0,0.00049617
APPC/BTC,1609535015964,2021-01-01T21:03:35.964Z,sell,1.11e-06,2365.0,0.0026251499999999
APPC/BTC,1609535018528,2021-01-01T21:03:38.528Z,sell,1.11e-06,2332.0,0.00258852
APPC/BTC,1609535018854,2021-01-01T21:03:38.854Z,buy,1.12e-06,1912.0,0.00214144
APPC/BTC,1609535021121,2021-01-01T21:03:41.121Z,sell,1.11e-06,109.0,0.0001209899999999
APPC/BTC,1609535024237,2021-01-01T21:03:44.237Z,sell,1.11e-06,122.0,0.00013542
APPC/BTC,1609535028929,2021-01-01T21:03:48.929Z,buy,1.12e-06,1002.0,0.00112224
APPC/BTC,1609535034877,2021-01-01T21:03:54.877Z,sell,1.11e-06,846.0,0.0009390599999999
APPC/BTC,1609535039754,2021-01-01T21:03:59.754Z,sell,1.11e-06,250.0,0.0002774999999999
APPC/BTC,1609535041930,2021-01-01T21:04:01.930Z,buy,1.12e-06,10337.0,0.01157744
APPC/BTC,1609535041930,2021-01-01T21:04:01.930Z,buy,1.13e-06,3755.0,0.00424315
APPC/BTC,1609535044571,2021-01-01T21:04:04.571Z,buy,1.13e-06,129.0,0.00014577
APPC/BTC,1609535044643,2021-01-01T21:04:04.643Z,buy,1.13e-06,126.0,0.00014238
APPC/BTC,1609535044710,2021-01-01T21:04:04.710Z,buy,1.13e-06,115.0,0.00012995
APPC/BTC,1609535044782,2021-01-01T21:04:04.782Z,buy,1.13e-06,125.0,0.00014125
APPC/BTC,1609535044850,2021-01-01T21:04:04.850Z,buy,1.13e-06,116.0,0.00013108
APPC/BTC,1609535044922,2021-01-01T21:04:04.922Z,buy,1.13e-06,119.0,0.00013447
APPC/BTC,1609535044990,2021-01-01T21:04:04.990Z,buy,1.13e-06,98.0,0.00011074
APPC/BTC,1609535045058,2021-01-01T21:04:05.058Z,buy,1.13e-06,98.0,0.00011074
APPC/BTC,1609535045133,2021-01-01T21:04:05.133Z,buy,1.13e-06,127.0,0.0001435099999999
APPC/BTC,1609535045201,2021-01-01T21:04:05.201Z,buy,1.13e-06,115.0,0.00012995
APPC/BTC,1609535045268,2021-01-01T21:04:05.268Z,buy,1.13e-06,109.0,0.00012317
APPC/BTC,1609535045337,2021-01-01T21:04:05.337Z,buy,1.13e-06,97.0,0.00010961
APPC/BTC,1609535045405,2021-01-01T21:04:05.405Z,buy,1.13e-06,104.0,0.00011752
APPC/BTC,1609535045477,2021-01-01T21:04:05.477Z,buy,1.13e-06,105.0,0.00011865
APPC/BTC,1609535045550,2021-01-01T21:04:05.550Z,buy,1.13e-06,106.0,0.00011978
APPC/BTC,1609535045622,2021-01-01T21:04:05.622Z,buy,1.13e-06,129.0,0.00014577
APPC/BTC,1609535045690,2021-01-01T21:04:05.690Z,buy,1.13e-06,113.0,0.00012769
APPC/BTC,1609535045758,2021-01-01T21:04:05.758Z,buy,1.13e-06,104.0,0.00011752
APPC/BTC,1609535045830,2021-01-01T21:04:05.830Z,buy,1.13e-06,127.0,0.0001435099999999
APPC/BTC,1609535045903,2021-01-01T21:04:05.903Z,buy,1.13e-06,118.0,0.00013334
APPC/BTC,1609535045975,2021-01-01T21:04:05.975Z,buy,1.13e-06,97.0,0.00010961
APPC/BTC,1609535046053,2021-01-01T21:04:06.053Z,buy,1.13e-06,119.0,0.00013447
APPC/BTC,1609535046120,2021-01-01T21:04:06.120Z,buy,1.13e-06,106.0,0.00011978
APPC/BTC,1609535046187,2021-01-01T21:04:06.187Z,buy,1.13e-06,109.0,0.00012317
APPC/BTC,1609535046254,2021-01-01T21:04:06.254Z,buy,1.13e-06,120.0,0.0001356
APPC/BTC,1609535046326,2021-01-01T21:04:06.326Z,buy,1.13e-06,102.0,0.00011526
APPC/BTC,1609535046399,2021-01-01T21:04:06.399Z,buy,1.13e-06,101.0,0.0001141299999999
APPC/BTC,1609535046468,2021-01-01T21:04:06.468Z,buy,1.13e-06,129.0,0.00014577
APPC/BTC,1609535046540,2021-01-01T21:04:06.540Z,buy,1.13e-06,119.0,0.00013447
APPC/BTC,1609535046608,2021-01-01T21:04:06.608Z,buy,1.13e-06,114.0,0.00012882
APPC/BTC,1609535046676,2021-01-01T21:04:06.676Z,buy,1.13e-06,110.0,0.0001242999999999
APPC/BTC,1609535046721,2021-01-01T21:04:06.721Z,sell,1.12e-06,5000.0,0.0056
APPC/BTC,1609535046721,2021-01-01T21:04:06.721Z,sell,1.11e-06,2488.0,0.00276168
APPC/BTC,1609535046744,2021-01-01T21:04:06.744Z,buy,1.13e-06,103.0,0.00011639
APPC/BTC,1609535046816,2021-01-01T21:04:06.816Z,buy,1.13e-06,125.0,0.00014125
APPC/BTC,1609535046888,2021-01-01T21:04:06.888Z,buy,1.13e-06,127.0,0.0001435099999999
APPC/BTC,1609535046961,2021-01-01T21:04:06.961Z,buy,1.13e-06,109.0,0.00012317
APPC/BTC,1609535047028,2021-01-01T21:04:07.028Z,buy,1.13e-06,103.0,0.00011639
APPC/BTC,1609535047100,2021-01-01T21:04:07.100Z,buy,1.13e-06,113.0,0.00012769
APPC/BTC,1609535047168,2021-01-01T21:04:07.168Z,buy,1.13e-06,132.0,0.00014916
APPC/BTC,1609535047236,2021-01-01T21:04:07.236Z,buy,1.13e-06,125.0,0.00014125
APPC/BTC,1609535047304,2021-01-01T21:04:07.304Z,buy,1.13e-06,97.0,0.00010961
APPC/BTC,1609535047372,2021-01-01T21:04:07.372Z,buy,1.13e-06,126.0,0.00014238
APPC/BTC,1609535047383,2021-01-01T21:04:07.383Z,buy,1.13e-06,4830.0,0.0054579
APPC/BTC,1609535047440,2021-01-01T21:04:07.440Z,buy,1.13e-06,106.0,0.00011978
APPC/BTC,1609535047513,2021-01-01T21:04:07.513Z,buy,1.13e-06,112.0,0.00012656
APPC/BTC,1609535047587,2021-01-01T21:04:07.587Z,buy,1.13e-06,106.0,0.00011978
APPC/BTC,1609535047656,2021-01-01T21:04:07.656Z,buy,1.13e-06,119.0,0.00013447
APPC/BTC,1609535047724,2021-01-01T21:04:07.724Z,buy,1.13e-06,131.0,0.00014803
APPC/BTC,1609535047792,2021-01-01T21:04:07.792Z,buy,1.13e-06,115.0,0.00012995
APPC/BTC,1609535049948,2021-01-01T21:04:09.948Z,buy,1.12e-06,106.0,0.00011872
APPC/BTC,1609535050003,2021-01-01T21:04:10.003Z,buy,1.12e-06,21312.0,0.02386944
APPC/BTC,1609535050187,2021-01-01T21:04:10.187Z,buy,1.12e-06,123.0,0.00013776
APPC/BTC,1609535050263,2021-01-01T21:04:10.263Z,buy,1.12e-06,15256.0,0.01708672
APPC/BTC,1609535050426,2021-01-01T21:04:10.426Z,buy,1.12e-06,101.0,0.00011312
APPC/BTC,1609535050666,2021-01-01T21:04:10.666Z,buy,1.12e-06,126.0,0.00014112
APPC/BTC,1609535050904,2021-01-01T21:04:10.904Z,buy,1.12e-06,124.0,0.00013888
APPC/BTC,1609535051148,2021-01-01T21:04:11.148Z,buy,1.12e-06,101.0,0.00011312
APPC/BTC,1609535051389,2021-01-01T21:04:11.389Z,buy,1.12e-06,105.0,0.0001176
APPC/BTC,1609535051628,2021-01-01T21:04:11.628Z,buy,1.12e-06,107.0,0.00011984
APPC/BTC,1609535051867,2021-01-01T21:04:11.867Z,buy,1.12e-06,129.0,0.00014448
APPC/BTC,1609535052107,2021-01-01T21:04:12.107Z,buy,1.12e-06,112.0,0.00012544
APPC/BTC,1609535052349,2021-01-01T21:04:12.349Z,buy,1.12e-06,107.0,0.00011984
APPC/BTC,1609535052585,2021-01-01T21:04:12.585Z,buy,1.12e-06,128.0,0.00014336
APPC/BTC,1609535052721,2021-01-01T21:04:12.721Z,buy,1.12e-06,1052.0,0.00117824
APPC/BTC,1609535052831,2021-01-01T21:04:12.831Z,buy,1.12e-06,127.0,0.00014224
APPC/BTC,1609535053070,2021-01-01T21:04:13.070Z,buy,1.12e-06,100.0,0.000112
APPC/BTC,1609535053308,2021-01-01T21:04:13.308Z,buy,1.12e-06,105.0,0.0001176
APPC/BTC,1609535053374,2021-01-01T21:04:13.374Z,buy,1.12e-06,10722.0,0.01200864
APPC/BTC,1609535053547,2021-01-01T21:04:13.547Z,buy,1.13e-06,128.0,0.00014464
APPC/BTC,1609535053782,2021-01-01T21:04:13.782Z,buy,1.13e-06,102.0,0.00011526
APPC/BTC,1609535054021,2021-01-01T21:04:14.021Z,buy,1.13e-06,100.0,0.000113
APPC/BTC,1609535054256,2021-01-01T21:04:14.256Z,buy,1.13e-06,127.0,0.0001435099999999
APPC/BTC,1609535054496,2021-01-01T21:04:14.496Z,buy,1.13e-06,129.0,0.00014577
APPC/BTC,1609535054729,2021-01-01T21:04:14.729Z,sell,1.12e-06,741.0,0.00082992
APPC/BTC,1609535054729,2021-01-01T21:04:14.729Z,sell,1.11e-06,71.0,7.881e-05
APPC/BTC,1609535054730,2021-01-01T21:04:14.730Z,buy,1.13e-06,131.0,0.00014803
APPC/BTC,1609535054969,2021-01-01T21:04:14.969Z,buy,1.13e-06,99.0,0.00011187
APPC/BTC,1609535055204,2021-01-01T21:04:15.204Z,buy,1.13e-06,119.0,0.00013447
APPC/BTC,1609535055438,2021-01-01T21:04:15.438Z,buy,1.13e-06,126.0,0.00014238
APPC/BTC,1609535055674,2021-01-01T21:04:15.674Z,buy,1.13e-06,102.0,0.00011526
APPC/BTC,1609535055908,2021-01-01T21:04:15.908Z,buy,1.13e-06,104.0,0.00011752
APPC/BTC,1609535056147,2021-01-01T21:04:16.147Z,buy,1.13e-06,102.0,0.00011526
APPC/BTC,1609535056383,2021-01-01T21:04:16.383Z,buy,1.13e-06,117.0,0.00013221
APPC/BTC,1609535056618,2021-01-01T21:04:16.618Z,buy,1.13e-06,115.0,0.00012995
APPC/BTC,1609535056857,2021-01-01T21:04:16.857Z,buy,1.13e-06,113.0,0.00012769
APPC/BTC,1609535057096,2021-01-01T21:04:17.096Z,buy,1.13e-06,130.0,0.0001469
APPC/BTC,1609535057331,2021-01-01T21:04:17.331Z,buy,1.13e-06,122.0,0.0001378599999999
APPC/BTC,1609535057565,2021-01-01T21:04:17.565Z,buy,1.13e-06,112.0,0.00012656
APPC/BTC,1609535057801,2021-01-01T21:04:17.801Z,buy,1.13e-06,113.0,0.00012769
APPC/BTC,1609535057990,2021-01-01T21:04:17.990Z,sell,1.12e-06,3539.0,0.00396368
APPC/BTC,1609535058042,2021-01-01T21:04:18.042Z,buy,1.13e-06,110.0,0.0001242999999999
APPC/BTC,1609535058281,2021-01-01T21:04:18.281Z,buy,1.13e-06,100.0,0.000113
APPC/BTC,1609535058520,2021-01-01T21:04:18.520Z,buy,1.13e-06,115.0,0.00012995
APPC/BTC,1609535058760,2021-01-01T21:04:18.760Z,buy,1.13e-06,116.0,0.00013108
APPC/BTC,1609535058999,2021-01-01T21:04:18.999Z,buy,1.13e-06,113.0,0.00012769
APPC/BTC,1609535059238,2021-01-01T21:04:19.238Z,buy,1.13e-06,132.0,0.00014916
APPC/BTC,1609535059307,2021-01-01T21:04:19.307Z,sell,1.12e-06,6422.0,0.00719264
APPC/BTC,1609535059403,2021-01-01T21:04:19.403Z,buy,1.13e-06,156.0,0.0001762799999999
APPC/BTC,1609535059473,2021-01-01T21:04:19.473Z,buy,1.13e-06,121.0,0.00013673
APPC/BTC,1609535059712,2021-01-01T21:04:19.712Z,buy,1.13e-06,104.0,0.00011752
APPC/BTC,1609535059950,2021-01-01T21:04:19.950Z,buy,1.13e-06,4420.0,0.0049946
APPC/BTC,1609535059951,2021-01-01T21:04:19.951Z,buy,1.13e-06,121.0,0.00013673
APPC/BTC,1609535060186,2021-01-01T21:04:20.186Z,buy,1.13e-06,119.0,0.00013447
APPC/BTC,1609535060420,2021-01-01T21:04:20.420Z,buy,1.13e-06,118.0,0.00013334
APPC/BTC,1609535060654,2021-01-01T21:04:20.654Z,buy,1.13e-06,108.0,0.00012204
APPC/BTC,1609535060889,2021-01-01T21:04:20.889Z,buy,1.13e-06,128.0,0.00014464
APPC/BTC,1609535061123,2021-01-01T21:04:21.123Z,buy,1.13e-06,111.0,0.00012543
APPC/BTC,1609535061357,2021-01-01T21:04:21.357Z,buy,1.13e-06,114.0,0.00012882
APPC/BTC,1609535061597,2021-01-01T21:04:21.597Z,buy,1.13e-06,121.0,0.00013673
APPC/BTC,1609535061831,2021-01-01T21:04:21.831Z,buy,1.13e-06,127.0,0.0001435099999999
APPC/BTC,1609535062070,2021-01-01T21:04:22.070Z,buy,1.13e-06,99.0,0.00011187
APPC/BTC,1609535062157,2021-01-01T21:04:22.157Z,buy,1.13e-06,4096.0,0.00462848
APPC/BTC,1609535062304,2021-01-01T21:04:22.304Z,buy,1.13e-06,101.0,0.0001141299999999
APPC/BTC,1609535062543,2021-01-01T21:04:22.543Z,buy,1.13e-06,113.0,0.00012769
APPC/BTC,1609535062778,2021-01-01T21:04:22.778Z,buy,1.13e-06,122.0,0.0001378599999999
APPC/BTC,1609535063017,2021-01-01T21:04:23.017Z,buy,1.13e-06,102.0,0.00011526
APPC/BTC,1609535063252,2021-01-01T21:04:23.252Z,buy,1.13e-06,126.0,0.00014238
APPC/BTC,1609535063487,2021-01-01T21:04:23.487Z,buy,1.13e-06,98.0,0.00011074
APPC/BTC,1609535063526,2021-01-01T21:04:23.526Z,sell,1.12e-06,5615.0,0.0062888
APPC/BTC,1609535063725,2021-01-01T21:04:23.725Z,buy,1.13e-06,110.0,0.0001242999999999
APPC/BTC,1609535063960,2021-01-01T21:04:23.960Z,buy,1.13e-06,107.0,0.0001209099999999
APPC/BTC,1609535064199,2021-01-01T21:04:24.199Z,buy,1.13e-06,122.0,0.0001378599999999
APPC/BTC,1609535064443,2021-01-01T21:04:24.443Z,buy,1.13e-06,111.0,0.00012543
APPC/BTC,1609535064678,2021-01-01T21:04:24.678Z,buy,1.13e-06,114.0,0.00012882
APPC/BTC,1609535064917,2021-01-01T21:04:24.917Z,buy,1.13e-06,102.0,0.00011526
APPC/BTC,1609535065156,2021-01-01T21:04:25.156Z,buy,1.13e-06,105.0,0.00011865
APPC/BTC,1609535065395,2021-01-01T21:04:25.395Z,buy,1.13e-06,107.0,0.0001209099999999
APPC/BTC,1609535065608,2021-01-01T21:04:25.608Z,sell,1.12e-06,2061.0,0.00230832
APPC/BTC,1609535065608,2021-01-01T21:04:25.608Z,sell,1.11e-06,3462.0,0.00384282
APPC/BTC,1609535065629,2021-01-01T21:04:25.629Z,buy,1.13e-06,102.0,0.00011526
APPC/BTC,1609535065863,2021-01-01T21:04:25.863Z,buy,1.13e-06,101.0,0.0001141299999999
APPC/BTC,1609535066102,2021-01-01T21:04:26.102Z,buy,1.13e-06,112.0,0.00012656
APPC/BTC,1609535066341,2021-01-01T21:04:26.341Z,buy,1.13e-06,127.0,0.0001435099999999
APPC/BTC,1609535066580,2021-01-01T21:04:26.580Z,buy,1.13e-06,100.0,0.000113
APPC/BTC,1609535066815,2021-01-01T21:04:26.815Z,buy,1.13e-06,109.0,0.00012317
APPC/BTC,1609535066985,2021-01-01T21:04:26.985Z,sell,1.11e-06,2125.0,0.0023587499999999
APPC/BTC,1609535067050,2021-01-01T21:04:27.050Z,buy,1.13e-06,109.0,0.00012317
APPC/BTC,1609535067289,2021-01-01T21:04:27.289Z,buy,1.13e-06,118.0,0.00013334
APPC/BTC,1609535067528,2021-01-01T21:04:27.528Z,buy,1.13e-06,130.0,0.0001469
APPC/BTC,1609535067767,2021-01-01T21:04:27.767Z,buy,1.13e-06,113.0,0.00012769
APPC/BTC,1609535068008,2021-01-01T21:04:28.008Z,buy,1.13e-06,101.0,0.0001141299999999
APPC/BTC,1609535068242,2021-01-01T21:04:28.242Z,buy,1.13e-06,123.0,0.00013899
APPC/BTC,1609535068481,2021-01-01T21:04:28.481Z,buy,1.13e-06,130.0,0.0001469
APPC/BTC,1609535068720,2021-01-01T21:04:28.720Z,buy,1.13e-06,117.0,0.00013221
APPC/BTC,1609535068960,2021-01-01T21:04:28.960Z,buy,1.13e-06,98.0,0.00011074
APPC/BTC,1609535068984,2021-01-01T21:04:28.984Z,buy,1.13e-06,961.0,0.00108593
APPC/BTC,1609535069019,2021-01-01T21:04:29.019Z,buy,1.13e-06,1250.0,0.0014125
APPC/BTC,1609535069195,2021-01-01T21:04:29.195Z,buy,1.13e-06,113.0,0.00012769
APPC/BTC,1609535069434,2021-01-01T21:04:29.434Z,buy,1.13e-06,125.0,0.00014125
APPC/BTC,1609535069673,2021-01-01T21:04:29.673Z,buy,1.13e-06,117.0,0.00013221
APPC/BTC,1609535069907,2021-01-01T21:04:29.907Z,buy,1.13e-06,109.0,0.00012317
APPC/BTC,1609535070145,2021-01-01T21:04:30.145Z,buy,1.13e-06,118.0,0.00013334
APPC/BTC,1609535070389,2021-01-01T21:04:30.389Z,buy,1.13e-06,108.0,0.00012204
APPC/BTC,1609535070629,2021-01-01T21:04:30.629Z,buy,1.13e-06,122.0,0.0001378599999999
APPC/BTC,1609535070868,2021-01-01T21:04:30.868Z,buy,1.13e-06,113.0,0.00012769
APPC/BTC,1609535071102,2021-01-01T21:04:31.102Z,buy,1.13e-06,131.0,0.00014803
APPC/BTC,1609535071342,2021-01-01T21:04:31.342Z,buy,1.13e-06,97.0,0.00010961
APPC/BTC,1609535071581,2021-01-01T21:04:31.581Z,buy,1.13e-06,103.0,0.00011639
APPC/BTC,1609535071815,2021-01-01T21:04:31.815Z,buy,1.13e-06,128.0,0.00014464
APPC/BTC,1609535071913,2021-01-01T21:04:31.913Z,sell,1.12e-06,2341.0,0.00262192
APPC/BTC,1609535071913,2021-01-01T21:04:31.913Z,sell,1.11e-06,2074.0,0.00230214
APPC/BTC,1609535072050,2021-01-01T21:04:32.050Z,buy,1.13e-06,128.0,0.00014464
APPC/BTC,1609535072295,2021-01-01T21:04:32.295Z,buy,1.13e-06,97.0,0.00010961
APPC/BTC,1609535072535,2021-01-01T21:04:32.535Z,buy,1.13e-06,97.0,0.00010961
APPC/BTC,1609535072769,2021-01-01T21:04:32.769Z,buy,1.13e-06,113.0,0.00012769
APPC/BTC,1609535072769,2021-01-01T21:04:32.769Z,buy,1.13e-06,113.0,0.00012769
APPC/BTC,1609535073003,2021-01-01T21:04:33.003Z,buy,1.13e-06,105.0,0.00011865
APPC/BTC,1609535073242,2021-01-01T21:04:33.242Z,buy,1.13e-06,101.0,0.0001141299999999
APPC/BTC,1609535073483,2021-01-01T21:04:33.483Z,buy,1.13e-06,97.0,0.00010961
APPC/BTC,1609535073721,2021-01-01T21:04:33.721Z,buy,1.13e-06,128.0,0.00014464
APPC/BTC,1609535073960,2021-01-01T21:04:33.960Z,buy,1.13e-06,114.0,0.00012882
APPC/BTC,1609535074045,2021-01-01T21:04:34.045Z,sell,1.12e-06,1872.0,0.00209664
APPC/BTC,1609535074194,2021-01-01T21:04:34.194Z,buy,1.13e-06,122.0,0.0001378599999999
APPC/BTC,1609535074432,2021-01-01T21:04:34.432Z,buy,1.13e-06,110.0,0.0001242999999999
APPC/BTC,1609535074675,2021-01-01T21:04:34.675Z,buy,1.13e-06,108.0,0.00012204
APPC/BTC,1609535074914,2021-01-01T21:04:34.914Z,buy,1.13e-06,104.0,0.00011752
APPC/BTC,1609535075148,2021-01-01T21:04:35.148Z,buy,1.13e-06,112.0,0.00012656
APPC/BTC,1609535075382,2021-01-01T21:04:35.382Z,buy,1.13e-06,106.0,0.00011978
APPC/BTC,1609535075621,2021-01-01T21:04:35.621Z,buy,1.13e-06,105.0,0.00011865
APPC/BTC,1609535075856,2021-01-01T21:04:35.856Z,buy,1.13e-06,132.0,0.00014916
APPC/BTC,1609535076091,2021-01-01T21:04:36.091Z,buy,1.13e-06,124.0,0.00014012
APPC/BTC,1609535076330,2021-01-01T21:04:36.330Z,buy,1.13e-06,126.0,0.00014238
APPC/BTC,1609535076564,2021-01-01T21:04:36.564Z,buy,1.13e-06,126.0,0.00014238
APPC/BTC,1609535076798,2021-01-01T21:04:36.798Z,buy,1.13e-06,116.0,0.00013108
APPC/BTC,1609535077037,2021-01-01T21:04:37.037Z,buy,1.13e-06,131.0,0.00014803
APPC/BTC,1609535077271,2021-01-01T21:04:37.271Z,buy,1.13e-06,131.0,0.00014803
APPC/BTC,1609535077507,2021-01-01T21:04:37.507Z,buy,1.13e-06,108.0,0.00012204
APPC/BTC,1609535077568,2021-01-01T21:04:37.568Z,sell,1.12e-06,695.0,0.0007784
APPC/BTC,1609535077745,2021-01-01T21:04:37.745Z,buy,1.13e-06,120.0,0.0001356
APPC/BTC,1609535077980,2021-01-01T21:04:37.980Z,buy,1.13e-06,115.0,0.00012995
APPC/BTC,1609535078214,2021-01-01T21:04:38.214Z,buy,1.13e-06,110.0,0.0001242999999999
APPC/BTC,1609535078453,2021-01-01T21:04:38.453Z,buy,1.13e-06,122.0,0.0001378599999999
APPC/BTC,1609535078687,2021-01-01T21:04:38.687Z,buy,1.13e-06,103.0,0.00011639
APPC/BTC,1609535078923,2021-01-01T21:04:38.923Z,buy,1.13e-06,110.0,0.0001242999999999
APPC/BTC,1609535079163,2021-01-01T21:04:39.163Z,buy,1.13e-06,104.0,0.00011752
APPC/BTC,1609535079402,2021-01-01T21:04:39.402Z,buy,1.13e-06,117.0,0.00013221
APPC/BTC,1609535081220,2021-01-01T21:04:41.220Z,buy,1.13e-06,123.0,0.00013899
APPC/BTC,1609535081892,2021-01-01T21:04:41.892Z,buy,1.13e-06,1788.0,0.00202044
APPC/BTC,1609535081898,2021-01-01T21:04:41.898Z,buy,1.13e-06,119.0,0.00013447
APPC/BTC,1609535082389,2021-01-01T21:04:42.389Z,buy,1.13e-06,408.0,0.00046104
APPC/BTC,1609535082581,2021-01-01T21:04:42.581Z,buy,1.13e-06,103.0,0.00011639
APPC/BTC,1609535083259,2021-01-01T21:04:43.259Z,buy,1.13e-06,104.0,0.00011752
APPC/BTC,1609535083944,2021-01-01T21:04:43.944Z,buy,1.13e-06,108.0,0.00012204
APPC/BTC,1609535084627,2021-01-01T21:04:44.627Z,buy,1.13e-06,120.0,0.0001356
APPC/BTC,1609535085310,2021-01-01T21:04:45.310Z,buy,1.13e-06,123.0,0.00013899
APPC/BTC,1609535085990,2021-01-01T21:04:45.990Z,buy,1.13e-06,118.0,0.00013334
APPC/BTC,1609535086404,2021-01-01T21:04:46.404Z,sell,1.12e-06,265.0,0.0002968
APPC/BTC,1609535086668,2021-01-01T21:04:46.668Z,buy,1.13e-06,108.0,0.00012204
APPC/BTC,1609535086670,2021-01-01T21:04:46.670Z,buy,1.13e-06,88.0,9.944e-05
APPC/BTC,1609535087346,2021-01-01T21:04:47.346Z,buy,1.13e-06,120.0,0.0001356
APPC/BTC,1609535088026,2021-01-01T21:04:48.026Z,buy,1.13e-06,112.0,0.00012656
APPC/BTC,1609535088555,2021-01-01T21:04:48.555Z,buy,1.13e-06,413.0,0.0004666899999999
APPC/BTC,1609535088704,2021-01-01T21:04:48.704Z,buy,1.13e-06,107.0,0.0001209099999999
APPC/BTC,1609535089387,2021-01-01T21:04:49.387Z,buy,1.13e-06,114.0,0.00012882
APPC/BTC,1609535095106,2021-01-01T21:04:55.106Z,buy,1.13e-06,141.0,0.00015933
APPC/BTC,1609535099197,2021-01-01T21:04:59.197Z,sell,1.12e-06,347.0,0.00038864
APPC/BTC,1609535099197,2021-01-01T21:04:59.197Z,sell,1.12e-06,1628.0,0.00182336
APPC/BTC,1609535101117,2021-01-01T21:05:01.117Z,buy,1.13e-06,114.0,0.00012882
APPC/BTC,1609535101231,2021-01-01T21:05:01.231Z,buy,1.13e-06,116.0,0.00013108
APPC/BTC,1609535101397,2021-01-01T21:05:01.397Z,sell,1.12e-06,103.0,0.00011536
APPC/BTC,1609535101800,2021-01-01T21:05:01.800Z,buy,1.13e-06,102.0,0.00011526
APPC/BTC,1609535102340,2021-01-01T21:05:02.340Z,sell,1.12e-06,98.0,0.00010976
APPC/BTC,1609535102484,2021-01-01T21:05:02.484Z,buy,1.13e-06,132.0,0.00014916
APPC/BTC,1609535103164,2021-01-01T21:05:03.164Z,buy,1.13e-06,128.0,0.00014464
APPC/BTC,1609535103406,2021-01-01T21:05:03.406Z,sell,1.12e-06,5280.0,0.0059136
APPC/BTC,1609535103728,2021-01-01T21:05:03.728Z,sell,1.12e-06,30614.0,0.03428768
APPC/BTC,1609535103728,2021-01-01T21:05:03.728Z,sell,1.11e-06,36939.0,0.04100229
APPC/BTC,1609535103849,2021-01-01T21:05:03.849Z,buy,1.13e-06,128.0,0.00014464
APPC/BTC,1609535104529,2021-01-01T21:05:04.529Z,buy,1.13e-06,125.0,0.00014125
APPC/BTC,1609535104776,2021-01-01T21:05:04.776Z,sell,1.11e-06,16399.0,0.01820289
APPC/BTC,1609535105213,2021-01-01T21:05:05.213Z,buy,1.13e-06,103.0,0.00011639
APPC/BTC,1609535105302,2021-01-01T21:05:05.302Z,sell,1.11e-06,777.0,0.00086247
APPC/BTC,1609535105892,2021-01-01T21:05:05.892Z,buy,1.13e-06,104.0,0.00011752
APPC/BTC,1609535106572,2021-01-01T21:05:06.572Z,buy,1.13e-06,130.0,0.0001469
APPC/BTC,1609535107260,2021-01-01T21:05:07.260Z,buy,1.13e-06,129.0,0.00014577
APPC/BTC,1609535107408,2021-01-01T21:05:07.408Z,sell,1.11e-06,349.0,0.00038739
APPC/BTC,1609535107944,2021-01-01T21:05:07.944Z,buy,1.13e-06,100.0,0.000113
APPC/BTC,1609535108347,2021-01-01T21:05:08.347Z,sell,1.11e-06,22321.0,0.02477631
APPC/BTC,1609535108622,2021-01-01T21:05:08.622Z,buy,1.13e-06,99.0,0.00011187
APPC/BTC,1609535108879,2021-01-01T21:05:08.879Z,sell,1.11e-06,127299.0,0.1413018899999999
APPC/BTC,1609535109302,2021-01-01T21:05:09.302Z,buy,1.13e-06,120.0,0.0001356
APPC/BTC,1609535109959,2021-01-01T21:05:09.959Z,buy,1.13e-06,248.0,0.00028024
APPC/BTC,1609535109980,2021-01-01T21:05:09.980Z,buy,1.13e-06,124.0,0.00014012
APPC/BTC,1609535110661,2021-01-01T21:05:10.661Z,buy,1.13e-06,111.0,0.00012543
APPC/BTC,1609535111340,2021-01-01T21:05:11.340Z,buy,1.13e-06,116.0,0.00013108
APPC/BTC,1609535112019,2021-01-01T21:05:12.019Z,buy,1.13e-06,113.0,0.00012769
APPC/BTC,1609535112612,2021-01-01T21:05:12.612Z,sell,1.11e-06,340.0,0.0003774
APPC/BTC,1609535112704,2021-01-01T21:05:12.704Z,buy,1.13e-06,114.0,0.00012882
APPC/BTC,1609535112830,2021-01-01T21:05:12.830Z,buy,1.13e-06,739.0,0.00083507
APPC/BTC,1609535113387,2021-01-01T21:05:13.387Z,buy,1.13e-06,98.0,0.00011074
APPC/BTC,1609535114066,2021-01-01T21:05:14.066Z,buy,1.12e-06,111.0,0.00012432
APPC/BTC,1609535114744,2021-01-01T21:05:14.744Z,buy,1.12e-06,126.0,0.00014112
APPC/BTC,1609535115423,2021-01-01T21:05:15.423Z,buy,1.12e-06,105.0,0.0001176
APPC/BTC,1609535116102,2021-01-01T21:05:16.102Z,buy,1.12e-06,116.0,0.00012992
APPC/BTC,1609535116786,2021-01-01T21:05:16.786Z,buy,1.12e-06,111.0,0.00012432
APPC/BTC,1609535117470,2021-01-01T21:05:17.470Z,buy,1.12e-06,124.0,0.00013888
APPC/BTC,1609535117475,2021-01-01T21:05:17.475Z,sell,1.11e-06,1245.0,0.0013819499999999
APPC/BTC,1609535118148,2021-01-01T21:05:18.148Z,buy,1.12e-06,131.0,0.00014672
APPC/BTC,1609535118545,2021-01-01T21:05:18.545Z,sell,1.11e-06,1164.0,0.00129204
APPC/BTC,1609535118831,2021-01-01T21:05:18.831Z,buy,1.12e-06,120.0,0.0001344
APPC/BTC,1609535118923,2021-01-01T21:05:18.923Z,sell,1.11e-06,2110.0,0.0023420999999999
APPC/BTC,1609535118990,2021-01-01T21:05:18.990Z,sell,1.11e-06,10605.0,0.01177155
APPC/BTC,1609535119514,2021-01-01T21:05:19.514Z,buy,1.12e-06,108.0,0.00012096
APPC/BTC,1609535119568,2021-01-01T21:05:19.568Z,sell,1.11e-06,33635.0,0.0373348499999999
APPC/BTC,1609535119654,2021-01-01T21:05:19.654Z,sell,1.11e-06,19306.0,0.02142966
APPC/BTC,1609535119791,2021-01-01T21:05:19.791Z,sell,1.11e-06,1704.0,0.0018914399999999
APPC/BTC,1609535120197,2021-01-01T21:05:20.197Z,buy,1.12e-06,131.0,0.00014672
APPC/BTC,1609535120205,2021-01-01T21:05:20.205Z,sell,1.11e-06,1221.0,0.00135531
APPC/BTC,1609535120880,2021-01-01T21:05:20.880Z,buy,1.12e-06,129.0,0.00014448
APPC/BTC,1609535121558,2021-01-01T21:05:21.558Z,buy,1.12e-06,105.0,0.0001176
APPC/BTC,1609535121665,2021-01-01T21:05:21.665Z,sell,1.11e-06,51607.0,0.05728377
APPC/BTC,1609535121927,2021-01-01T21:05:21.927Z,sell,1.11e-06,3454.0,0.0038339399999999
APPC/BTC,1609535122006,2021-01-01T21:05:22.006Z,sell,1.11e-06,6577.0,0.00730047
APPC/BTC,1609535122241,2021-01-01T21:05:22.241Z,buy,1.12e-06,129.0,0.00014448
APPC/BTC,1609535122435,2021-01-01T21:05:22.435Z,sell,1.11e-06,7829.0,0.00869019
APPC/BTC,1609535122668,2021-01-01T21:05:22.668Z,sell,1.11e-06,23719.0,0.02632809
APPC/BTC,1609535122839,2021-01-01T21:05:22.839Z,sell,1.11e-06,354.0,0.00039294
APPC/BTC,1609535122919,2021-01-01T21:05:22.919Z,buy,1.12e-06,126.0,0.00014112
APPC/BTC,1609535122965,2021-01-01T21:05:22.965Z,sell,1.11e-06,67679.0,0.0751236899999999
APPC/BTC,1609535123566,2021-01-01T21:05:23.566Z,sell,1.11e-06,1659.0,0.0018414899999999
APPC/BTC,1609535123598,2021-01-01T21:05:23.598Z,buy,1.12e-06,111.0,0.00012432
APPC/BTC,1609535124281,2021-01-01T21:05:24.281Z,buy,1.12e-06,104.0,0.00011648
APPC/BTC,1609535124957,2021-01-01T21:05:24.957Z,sell,1.11e-06,3044.0,0.0033788399999999
APPC/BTC,1609535124959,2021-01-01T21:05:24.959Z,buy,1.12e-06,129.0,0.00014448
APPC/BTC,1609535125014,2021-01-01T21:05:25.014Z,sell,1.11e-06,400.0,0.000444
APPC/BTC,1609535125292,2021-01-01T21:05:25.292Z,sell,1.11e-06,2130.0,0.0023642999999999
APPC/BTC,1609535125477,2021-01-01T21:05:25.477Z,sell,1.11e-06,2762.0,0.00306582
APPC/BTC,1609535125650,2021-01-01T21:05:25.650Z,buy,1.12e-06,110.0,0.0001232
APPC/BTC,1609535125968,2021-01-01T21:05:25.968Z,sell,1.11e-06,5963.0,0.0066189299999999
APPC/BTC,1609535126013,2021-01-01T21:05:26.013Z,sell,1.11e-06,728.0,0.00080808
APPC/BTC,1609535126030,2021-01-01T21:05:26.030Z,sell,1.11e-06,10148.0,0.01126428
APPC/BTC,1609535126217,2021-01-01T21:05:26.217Z,sell,1.11e-06,6714.0,0.00745254
APPC/BTC,1609535126328,2021-01-01T21:05:26.328Z,buy,1.12e-06,110.0,0.0001232
APPC/BTC,1609535126534,2021-01-01T21:05:26.534Z,sell,1.11e-06,134.0,0.00014874
APPC/BTC,1609535126546,2021-01-01T21:05:26.546Z,sell,1.11e-06,1079.0,0.00119769
APPC/BTC,1609535127006,2021-01-01T21:05:27.006Z,buy,1.12e-06,104.0,0.00011648
APPC/BTC,1609535127598,2021-01-01T21:05:27.598Z,sell,1.11e-06,1690.0,0.0018759
APPC/BTC,1609535127626,2021-01-01T21:05:27.626Z,sell,1.11e-06,1374.0,0.00152514
APPC/BTC,1609535127699,2021-01-01T21:05:27.699Z,sell,1.11e-06,98719.0,0.10957809
APPC/BTC,1609535127700,2021-01-01T21:05:27.700Z,sell,1.11e-06,14890.0,0.0165278999999999
APPC/BTC,1609535127935,2021-01-01T21:05:27.935Z,sell,1.11e-06,10969.0,0.01217559
APPC/BTC,1609535127998,2021-01-01T21:05:27.998Z,sell,1.11e-06,4091.0,0.00454101
APPC/BTC,1609535128180,2021-01-01T21:05:28.180Z,sell,1.11e-06,2361.0,0.00262071
APPC/BTC,1609535128207,2021-01-01T21:05:28.207Z,sell,1.11e-06,391.0,0.00043401
APPC/BTC,1609535128595,2021-01-01T21:05:28.595Z,sell,1.11e-06,4686.0,0.00520146
APPC/BTC,1609535128912,2021-01-01T21:05:28.912Z,sell,1.11e-06,2436.0,0.00270396
APPC/BTC,1609535128945,2021-01-01T21:05:28.945Z,sell,1.11e-06,1732.0,0.0019225199999999
APPC/BTC,1609535128968,2021-01-01T21:05:28.968Z,sell,1.11e-06,5206.0,0.00577866
APPC/BTC,1609535129000,2021-01-01T21:05:29.000Z,sell,1.11e-06,2111.0,0.00234321
APPC/BTC,1609535129092,2021-01-01T21:05:29.092Z,sell,1.11e-06,1339.0,0.00148629
APPC/BTC,1609535129165,2021-01-01T21:05:29.165Z,buy,1.12e-06,109.0,0.00012208
APPC/BTC,1609535129201,2021-01-01T21:05:29.201Z,buy,1.12e-06,120.0,0.0001344
APPC/BTC,1609535129236,2021-01-01T21:05:29.236Z,buy,1.12e-06,123.0,0.00013776
APPC/BTC,1609535129271,2021-01-01T21:05:29.271Z,buy,1.12e-06,129.0,0.00014448
APPC/BTC,1609535129306,2021-01-01T21:05:29.306Z,buy,1.12e-06,97.0,0.00010864
APPC/BTC,1609535129345,2021-01-01T21:05:29.345Z,buy,1.12e-06,111.0,0.00012432
APPC/BTC,1609535129376,2021-01-01T21:05:29.376Z,sell,1.11e-06,178069.0,0.19765659
APPC/BTC,1609535129376,2021-01-01T21:05:29.376Z,sell,1.1e-06,24270.0,0.026697
APPC/BTC,1609535129376,2021-01-01T21:05:29.376Z,sell,1.1e-06,35817.0,0.0393987
APPC/BTC,1609535129376,2021-01-01T21:05:29.376Z,sell,1.09e-06,3192.0,0.00347928
APPC/BTC,1609535129376,2021-01-01T21:05:29.376Z,sell,1.08e-06,2069.0,0.00223452
APPC/BTC,1609535129376,2021-01-01T21:05:29.376Z,sell,1.07e-06,3962.0,0.0042393399999999
APPC/BTC,1609535129376,2021-01-01T21:05:29.376Z,sell,1.07e-06,37190.0,0.0397933
APPC/BTC,1609535129380,2021-01-01T21:05:29.380Z,buy,1.12e-06,106.0,0.00011872
APPC/BTC,1609535129423,2021-01-01T21:05:29.423Z,buy,1.12e-06,127.0,0.00014224
APPC/BTC,1609535129457,2021-01-01T21:05:29.457Z,buy,1.11e-06,107.0,0.0001187699999999
APPC/BTC,1609535129497,2021-01-01T21:05:29.497Z,buy,1.11e-06,106.0,0.00011766
APPC/BTC,1609535129532,2021-01-01T21:05:29.532Z,buy,1.11e-06,132.0,0.00014652
APPC/BTC,1609535129571,2021-01-01T21:05:29.571Z,buy,1.11e-06,130.0,0.0001442999999999
APPC/BTC,1609535129610,2021-01-01T21:05:29.610Z,buy,1.11e-06,128.0,0.00014208
APPC/BTC,1609535129645,2021-01-01T21:05:29.645Z,buy,1.11e-06,116.0,0.00012876
APPC/BTC,1609535129689,2021-01-01T21:05:29.689Z,buy,1.11e-06,108.0,0.00011988
APPC/BTC,1609535129732,2021-01-01T21:05:29.732Z,buy,1.11e-06,123.0,0.00013653
APPC/BTC,1609535129766,2021-01-01T21:05:29.766Z,buy,1.11e-06,104.0,0.0001154399999999
APPC/BTC,1609535129805,2021-01-01T21:05:29.805Z,buy,1.11e-06,132.0,0.00014652
APPC/BTC,1609535129845,2021-01-01T21:05:29.845Z,buy,1.11e-06,109.0,0.0001209899999999
APPC/BTC,1609535129881,2021-01-01T21:05:29.881Z,buy,1.11e-06,108.0,0.00011988
APPC/BTC,1609535129917,2021-01-01T21:05:29.917Z,sell,1.09e-06,120.0,0.0001307999999999
APPC/BTC,1609535129917,2021-01-01T21:05:29.917Z,sell,1.07e-06,6741.0,0.00721287
APPC/BTC,1609535129921,2021-01-01T21:05:29.921Z,buy,1.11e-06,127.0,0.00014097
APPC/BTC,1609535129968,2021-01-01T21:05:29.968Z,buy,1.1e-06,120.0,0.000132
APPC/BTC,1609535129996,2021-01-01T21:05:29.996Z,buy,1.1e-06,120.0,0.000132
APPC/BTC,1609535130031,2021-01-01T21:05:30.031Z,buy,1.1e-06,127.0,0.0001397
APPC/BTC,1609535130071,2021-01-01T21:05:30.071Z,buy,1.1e-06,118.0,0.0001298
APPC/BTC,1609535130106,2021-01-01T21:05:30.106Z,buy,1.1e-06,132.0,0.0001452
APPC/BTC,1609535130146,2021-01-01T21:05:30.146Z,buy,1.1e-06,124.0,0.0001364
APPC/BTC,1609535130180,2021-01-01T21:05:30.180Z,buy,1.1e-06,111.0,0.0001221
APPC/BTC,1609535130220,2021-01-01T21:05:30.220Z,buy,1.1e-06,129.0,0.0001419
APPC/BTC,1609535130259,2021-01-01T21:05:30.259Z,buy,1.1e-06,132.0,0.0001452
APPC/BTC,1609535130293,2021-01-01T21:05:30.293Z,buy,1.1e-06,132.0,0.0001452
APPC/BTC,1609535130330,2021-01-01T21:05:30.330Z,buy,1.1e-06,10.0,1.1e-05
APPC/BTC,1609535130330,2021-01-01T21:05:30.330Z,buy,1.11e-06,97.0,0.0001076699999999
APPC/BTC,1609535130370,2021-01-01T21:05:30.370Z,buy,1.11e-06,105.0,0.00011655
APPC/BTC,1609535130410,2021-01-01T21:05:30.410Z,buy,1.11e-06,128.0,0.00014208
APPC/BTC,1609535130444,2021-01-01T21:05:30.444Z,buy,1.11e-06,125.0,0.0001387499999999
APPC/BTC,1609535130462,2021-01-01T21:05:30.462Z,sell,1.07e-06,2935.0,0.00314045
APPC/BTC,1609535130483,2021-01-01T21:05:30.483Z,buy,1.11e-06,97.0,0.0001076699999999
APPC/BTC,1609535130519,2021-01-01T21:05:30.519Z,buy,1.11e-06,101.0,0.00011211
APPC/BTC,1609535130556,2021-01-01T21:05:30.556Z,buy,1.11e-06,120.0,0.0001331999999999
APPC/BTC,1609535130559,2021-01-01T21:05:30.559Z,buy,1.11e-06,111.0,0.00012321
APPC/BTC,1609535130562,2021-01-01T21:05:30.562Z,sell,1.08e-06,1265.0,0.0013662
APPC/BTC,1609535130562,2021-01-01T21:05:30.562Z,sell,1.07e-06,2132.0,0.00228124
APPC/BTC,1609535130595,2021-01-01T21:05:30.595Z,buy,1.11e-06,120.0,0.0001331999999999
APPC/BTC,1609535130632,2021-01-01T21:05:30.632Z,buy,1.11e-06,131.0,0.00014541
APPC/BTC,1609535130667,2021-01-01T21:05:30.667Z,buy,1.11e-06,128.0,0.00014208
APPC/BTC,1609535130706,2021-01-01T21:05:30.706Z,buy,1.11e-06,128.0,0.00014208
APPC/BTC,1609535130746,2021-01-01T21:05:30.746Z,buy,1.1e-06,119.0,0.0001309
APPC/BTC,1609535130785,2021-01-01T21:05:30.785Z,buy,1.1e-06,110.0,0.000121
APPC/BTC,1609535130820,2021-01-01T21:05:30.820Z,buy,1.1e-06,101.0,0.0001111
APPC/BTC,1609535130859,2021-01-01T21:05:30.859Z,buy,1.1e-06,98.0,0.0001078
APPC/BTC,1609535130899,2021-01-01T21:05:30.899Z,buy,1.1e-06,123.0,0.0001353
APPC/BTC,1609535130940,2021-01-01T21:05:30.940Z,buy,1.1e-06,124.0,0.0001364
APPC/BTC,1609535130979,2021-01-01T21:05:30.979Z,buy,1.1e-06,111.0,0.0001221
APPC/BTC,1609535131018,2021-01-01T21:05:31.018Z,buy,1.1e-06,107.0,0.0001177
APPC/BTC,1609535131052,2021-01-01T21:05:31.052Z,buy,1.1e-06,126.0,0.0001386
APPC/BTC,1609535131089,2021-01-01T21:05:31.089Z,buy,1.1e-06,129.0,0.0001419
APPC/BTC,1609535131120,2021-01-01T21:05:31.120Z,buy,1.1e-06,117.0,0.0001287
APPC/BTC,1609535131120,2021-01-01T21:05:31.120Z,buy,1.11e-06,3.0,3.33e-06
APPC/BTC,1609535131123,2021-01-01T21:05:31.123Z,buy,1.11e-06,131.0,0.00014541
APPC/BTC,1609535131162,2021-01-01T21:05:31.162Z,buy,1.11e-06,107.0,0.0001187699999999
APPC/BTC,1609535131205,2021-01-01T21:05:31.205Z,buy,1.11e-06,125.0,0.0001387499999999
APPC/BTC,1609535131244,2021-01-01T21:05:31.244Z,buy,1.11e-06,106.0,0.00011766
APPC/BTC,1609535131279,2021-01-01T21:05:31.279Z,buy,1.11e-06,106.0,0.00011766
APPC/BTC,1609535131316,2021-01-01T21:05:31.316Z,buy,1.11e-06,115.0,0.0001276499999999
APPC/BTC,1609535131351,2021-01-01T21:05:31.351Z,buy,1.11e-06,127.0,0.00014097
APPC/BTC,1609535131391,2021-01-01T21:05:31.391Z,buy,1.11e-06,120.0,0.0001331999999999
APPC/BTC,1609535131426,2021-01-01T21:05:31.426Z,buy,1.11e-06,132.0,0.00014652
APPC/BTC,1609535131463,2021-01-01T21:05:31.463Z,buy,1.11e-06,1331.0,0.00147741
APPC/BTC,1609535131465,2021-01-01T21:05:31.465Z,buy,1.11e-06,123.0,0.00013653
APPC/BTC,1609535131476,2021-01-01T21:05:31.476Z,sell,1.08e-06,146.0,0.00015768
APPC/BTC,1609535131476,2021-01-01T21:05:31.476Z,sell,1.07e-06,2192.0,0.00234544
APPC/BTC,1609535131504,2021-01-01T21:05:31.504Z,buy,1.11e-06,100.0,0.000111
APPC/BTC,1609535131538,2021-01-01T21:05:31.538Z,buy,1.11e-06,118.0,0.00013098
APPC/BTC,1609535131573,2021-01-01T21:05:31.573Z,buy,1.11e-06,98.0,0.00010878
APPC/BTC,1609535131613,2021-01-01T21:05:31.613Z,buy,1.11e-06,122.0,0.00013542
APPC/BTC,1609535131652,2021-01-01T21:05:31.652Z,buy,1.11e-06,114.0,0.00012654
APPC/BTC,1609535131687,2021-01-01T21:05:31.687Z,buy,1.11e-06,125.0,0.0001387499999999
APPC/BTC,1609535131688,2021-01-01T21:05:31.688Z,buy,1.11e-06,120.0,0.0001331999999999
APPC/BTC,1609535131726,2021-01-01T21:05:31.726Z,buy,1.11e-06,125.0,0.0001387499999999
APPC/BTC,1609535131736,2021-01-01T21:05:31.736Z,sell,1.07e-06,885.0,0.0009469499999999
APPC/BTC,1609535131761,2021-01-01T21:05:31.761Z,buy,1.11e-06,106.0,0.00011766
APPC/BTC,1609535131796,2021-01-01T21:05:31.796Z,sell,1.07e-06,4576.0,0.00489632
APPC/BTC,1609535131801,2021-01-01T21:05:31.801Z,buy,1.11e-06,130.0,0.0001442999999999
APPC/BTC,1609535131839,2021-01-01T21:05:31.839Z,buy,1.11e-06,99.0,0.0001098899999999
APPC/BTC,1609535131874,2021-01-01T21:05:31.874Z,buy,1.11e-06,107.0,0.0001187699999999
APPC/BTC,1609535131909,2021-01-01T21:05:31.909Z,buy,1.11e-06,124.0,0.00013764
APPC/BTC,1609535131949,2021-01-01T21:05:31.949Z,buy,1.1e-06,104.0,0.0001144
APPC/BTC,1609535131989,2021-01-01T21:05:31.989Z,buy,1.1e-06,103.0,0.0001133
APPC/BTC,1609535132023,2021-01-01T21:05:32.023Z,buy,1.1e-06,130.0,0.000143
APPC/BTC,1609535132058,2021-01-01T21:05:32.058Z,buy,1.1e-06,97.0,0.0001067
APPC/BTC,1609535132073,2021-01-01T21:05:32.073Z,sell,1.07e-06,774.0,0.00082818
APPC/BTC,1609535132093,2021-01-01T21:05:32.093Z,buy,1.1e-06,113.0,0.0001243
APPC/BTC,1609535132132,2021-01-01T21:05:32.132Z,buy,1.1e-06,106.0,0.0001166
APPC/BTC,1609535132172,2021-01-01T21:05:32.172Z,buy,1.1e-06,131.0,0.0001441
APPC/BTC,1609535132273,2021-01-01T21:05:32.273Z,buy,1.1e-06,120.0,0.000132
