symbol,timestamp,datetime,side,price,amount,btc_volume
APPC/BTC,1603472409370,2020-10-23T17:00:09.370Z,sell,2.46e-06,575.0,0.0014145
APPC/BTC,1603472470391,2020-10-23T17:01:10.391Z,buy,2.47e-06,405.0,0.00100035
APPC/BTC,1603472471401,2020-10-23T17:01:11.401Z,sell,2.46e-06,81.0,0.00019926
APPC/BTC,1603472473587,2020-10-23T17:01:13.587Z,sell,2.46e-06,237.0,0.00058302
APPC/BTC,1603472581720,2020-10-23T17:03:01.720Z,sell,2.46e-06,512.0,0.00125952
APPC/BTC,1603472581747,2020-10-23T17:03:01.747Z,sell,2.46e-06,447.0,0.00109962
APPC/BTC,1603472788751,2020-10-23T17:06:28.751Z,sell,2.46e-06,109.0,0.00026814
APPC/BTC,1603472880894,2020-10-23T17:08:00.894Z,sell,2.46e-06,384.0,0.00094464
APPC/BTC,1603472993960,2020-10-23T17:09:53.960Z,sell,2.45e-06,107.0,0.00026215
APPC/BTC,1603473184370,2020-10-23T17:13:04.370Z,sell,2.45e-06,63.0,0.0001543499999999
APPC/BTC,1603473184482,2020-10-23T17:13:04.482Z,sell,2.45e-06,64.0,0.0001568
APPC/BTC,1603473243827,2020-10-23T17:14:03.827Z,sell,2.45e-06,68.0,0.0001665999999999
APPC/BTC,1603474263099,2020-10-23T17:31:03.099Z,sell,2.45e-06,45.0,0.00011025
APPC/BTC,1603474347605,2020-10-23T17:32:27.605Z,sell,2.45e-06,62.0,0.0001518999999999
APPC/BTC,1603474403041,2020-10-23T17:33:23.041Z,sell,2.45e-06,112.0,0.0002744
APPC/BTC,1603474474321,2020-10-23T17:34:34.321Z,sell,2.45e-06,93.0,0.0002278499999999
APPC/BTC,1603474538972,2020-10-23T17:35:38.972Z,sell,2.45e-06,74.0,0.0001813
APPC/BTC,1603474612067,2020-10-23T17:36:52.067Z,sell,2.45e-06,93.0,0.0002278499999999
APPC/BTC,1603474695746,2020-10-23T17:38:15.746Z,sell,2.45e-06,92.0,0.0002253999999999
APPC/BTC,1603474784952,2020-10-23T17:39:44.952Z,sell,2.45e-06,78.0,0.0001910999999999
APPC/BTC,1603474861454,2020-10-23T17:41:01.454Z,sell,2.45e-06,97.0,0.0002376499999999
APPC/BTC,1603474918721,2020-10-23T17:41:58.721Z,sell,2.45e-06,70.0,0.0001715
APPC/BTC,1603474969196,2020-10-23T17:42:49.196Z,sell,2.45e-06,75.0,0.00018375
APPC/BTC,1603475024579,2020-10-23T17:43:44.579Z,sell,2.45e-06,87.0,0.0002131499999999
APPC/BTC,1603475054799,2020-10-23T17:44:14.799Z,sell,2.45e-06,114.0,0.0002792999999999
APPC/BTC,1603475177694,2020-10-23T17:46:17.694Z,sell,2.45e-06,67.0,0.0001641499999999
APPC/BTC,1603475214923,2020-10-23T17:46:54.923Z,sell,2.45e-06,111.0,0.0002719499999999
APPC/BTC,1603475305367,2020-10-23T17:48:25.367Z,sell,2.45e-06,1380.0,0.003381
APPC/BTC,1603475305506,2020-10-23T17:48:25.506Z,sell,2.45e-06,154.0,0.0003772999999999
APPC/BTC,1603475386807,2020-10-23T17:49:46.807Z,sell,2.45e-06,79.0,0.00019355
APPC/BTC,1603475458276,2020-10-23T17:50:58.276Z,sell,2.45e-06,54.0,0.0001323
APPC/BTC,1603475514665,2020-10-23T17:51:54.665Z,sell,2.45e-06,104.0,0.0002547999999999
APPC/BTC,1603475514665,2020-10-23T17:51:54.665Z,sell,2.45e-06,104.0,0.0002547999999999
APPC/BTC,1603477512373,2020-10-23T18:25:12.373Z,buy,2.46e-06,84.0,0.00020664
APPC/BTC,1603478049290,2020-10-23T18:34:09.290Z,sell,2.45e-06,5429.0,0.0133010499999999
APPC/BTC,1603478051705,2020-10-23T18:34:11.705Z,sell,2.45e-06,887.0,0.00217315
APPC/BTC,1603478052556,2020-10-23T18:34:12.556Z,sell,2.45e-06,116.0,0.0002841999999999
APPC/BTC,1603478055121,2020-10-23T18:34:15.121Z,sell,2.44e-06,1208.0,0.00294752
APPC/BTC,1603478064008,2020-10-23T18:34:24.008Z,sell,2.45e-06,1554.0,0.0038072999999999
APPC/BTC,1603478085511,2020-10-23T18:34:45.511Z,sell,2.45e-06,86.0,0.0002107
APPC/BTC,1603478107173,2020-10-23T18:35:07.173Z,buy,2.46e-06,640.0,0.0015744
APPC/BTC,1603478152930,2020-10-23T18:35:52.930Z,sell,2.44e-06,70.0,0.0001708
APPC/BTC,1603478180321,2020-10-23T18:36:20.321Z,sell,2.45e-06,204.0,0.0004998
APPC/BTC,1603478214419,2020-10-23T18:36:54.419Z,sell,2.45e-06,60.0,0.000147
APPC/BTC,1603478236029,2020-10-23T18:37:16.029Z,sell,2.45e-06,1564.0,0.0038318
APPC/BTC,1603478237133,2020-10-23T18:37:17.133Z,sell,2.45e-06,5201.0,0.0127424499999999
APPC/BTC,1603478238122,2020-10-23T18:37:18.122Z,sell,2.45e-06,726.0,0.0017786999999999
APPC/BTC,1603478251968,2020-10-23T18:37:31.968Z,sell,2.45e-06,448.0,0.0010976
APPC/BTC,1603478935081,2020-10-23T18:48:55.081Z,sell,2.45e-06,708.0,0.0017346
APPC/BTC,1603478935237,2020-10-23T18:48:55.237Z,sell,2.45e-06,496.0,0.0012151999999999
APPC/BTC,1603478935237,2020-10-23T18:48:55.237Z,sell,2.45e-06,496.0,0.0012151999999999
APPC/BTC,1603479250807,2020-10-23T18:54:10.807Z,sell,2.45e-06,134.0,0.0003282999999999
APPC/BTC,1603479277222,2020-10-23T18:54:37.222Z,buy,2.46e-06,3147.0,0.00774162
APPC/BTC,1603479603463,2020-10-23T19:00:03.463Z,sell,2.45e-06,575.0,0.0014087499999999
APPC/BTC,1603479721775,2020-10-23T19:02:01.775Z,buy,2.45e-06,59.0,0.00014455
APPC/BTC,1603480080789,2020-10-23T19:08:00.789Z,buy,2.46e-06,1175.0,0.0028905
APPC/BTC,1603480081677,2020-10-23T19:08:01.677Z,buy,2.46e-06,587.0,0.00144402
APPC/BTC,1603481796064,2020-10-23T19:36:36.064Z,sell,2.45e-06,30.0,7.35e-05
APPC/BTC,1603481850431,2020-10-23T19:37:30.431Z,sell,2.44e-06,706.0,0.00172264
APPC/BTC,1603482429562,2020-10-23T19:47:09.562Z,sell,2.45e-06,575.0,0.0014087499999999
APPC/BTC,1603482429562,2020-10-23T19:47:09.562Z,sell,2.45e-06,575.0,0.0014087499999999
APPC/BTC,1603483185113,2020-10-23T19:59:45.113Z,buy,2.46e-06,15063.0,0.03705498
APPC/BTC,1603483191732,2020-10-23T19:59:51.732Z,buy,2.47e-06,464.0,0.00114608
APPC/BTC,1603483226634,2020-10-23T20:00:26.634Z,sell,2.45e-06,72.0,0.0001763999999999
APPC/BTC,1603483226642,2020-10-23T20:00:26.642Z,buy,2.45e-06,128.0,0.0003136
APPC/BTC,1603483417939,2020-10-23T20:03:37.939Z,sell,2.45e-06,999.0,0.0024475499999999
APPC/BTC,1603484173577,2020-10-23T20:16:13.577Z,buy,2.46e-06,200.0,0.000492
APPC/BTC,1603484173701,2020-10-23T20:16:13.701Z,buy,2.46e-06,1342.0,0.00330132
APPC/BTC,1603484716065,2020-10-23T20:25:16.065Z,sell,2.45e-06,73.0,0.0001788499999999
APPC/BTC,1603484916017,2020-10-23T20:28:36.017Z,sell,2.45e-06,82.0,0.0002008999999999
APPC/BTC,1603484916017,2020-10-23T20:28:36.017Z,sell,2.44e-06,1910.0,0.0046603999999999
APPC/BTC,1603484916017,2020-10-23T20:28:36.017Z,sell,2.45e-06,82.0,0.0002008999999999
APPC/BTC,1603484916017,2020-10-23T20:28:36.017Z,sell,2.44e-06,1910.0,0.0046603999999999
APPC/BTC,1603489106320,2020-10-23T21:38:26.320Z,buy,2.46e-06,500.0,0.00123
APPC/BTC,1603489106320,2020-10-23T21:38:26.320Z,buy,2.46e-06,500.0,0.00123
APPC/BTC,1603494544395,2020-10-23T23:09:04.395Z,buy,2.46e-06,3015.0,0.0074169
APPC/BTC,1603494545676,2020-10-23T23:09:05.676Z,buy,2.46e-06,1865.0,0.0045879
APPC/BTC,1603494590223,2020-10-23T23:09:50.223Z,buy,2.46e-06,74.0,0.00018204
APPC/BTC,1603494590223,2020-10-23T23:09:50.223Z,buy,2.46e-06,74.0,0.00018204
APPC/BTC,1603495586752,2020-10-23T23:26:26.752Z,buy,2.46e-06,7442.0,0.01830732
APPC/BTC,1603496756089,2020-10-23T23:45:56.089Z,buy,2.46e-06,1935.0,0.0047601
APPC/BTC,1603497633335,2020-10-24T00:00:33.335Z,buy,2.46e-06,8847.0,0.02176362
APPC/BTC,1603497741341,2020-10-24T00:02:21.341Z,sell,2.46e-06,445.0,0.0010947
APPC/BTC,1603497741341,2020-10-24T00:02:21.341Z,sell,2.46e-06,445.0,0.0010947
APPC/BTC,1603498358067,2020-10-24T00:12:38.067Z,buy,2.47e-06,768.0,0.00189696
APPC/BTC,1603498358129,2020-10-24T00:12:38.129Z,buy,2.47e-06,1679.0,0.00414713
APPC/BTC,1603498359185,2020-10-24T00:12:39.185Z,buy,2.47e-06,875.0,0.00216125
APPC/BTC,1603498359196,2020-10-24T00:12:39.196Z,buy,2.47e-06,768.0,0.00189696
APPC/BTC,1603498359648,2020-10-24T00:12:39.648Z,buy,2.47e-06,1029.0,0.00254163
APPC/BTC,1603498359974,2020-10-24T00:12:39.974Z,buy,2.47e-06,4254.0,0.01050738
APPC/BTC,1603498359974,2020-10-24T00:12:39.974Z,buy,2.48e-06,204.0,0.00050592
APPC/BTC,1603498359989,2020-10-24T00:12:39.989Z,buy,2.47e-06,3737.0,0.00923039
APPC/BTC,1603498359992,2020-10-24T00:12:39.992Z,buy,2.47e-06,2406.0,0.00594282
APPC/BTC,1603498359992,2020-10-24T00:12:39.992Z,buy,2.47e-06,2026.0,0.00500422
APPC/BTC,1603498360066,2020-10-24T00:12:40.066Z,buy,2.48e-06,1078.0,0.00267344
APPC/BTC,1603498360071,2020-10-24T00:12:40.071Z,buy,2.48e-06,2672.0,0.00662656
APPC/BTC,1603498368519,2020-10-24T00:12:48.519Z,buy,2.47e-06,437.0,0.00107939
APPC/BTC,1603498372239,2020-10-24T00:12:52.239Z,buy,2.47e-06,848.0,0.00209456
APPC/BTC,1603498373102,2020-10-24T00:12:53.102Z,buy,2.48e-06,938.0,0.00232624
APPC/BTC,1603498377311,2020-10-24T00:12:57.311Z,buy,2.47e-06,140.0,0.0003458
APPC/BTC,1603498379103,2020-10-24T00:12:59.103Z,buy,2.47e-06,64.0,0.00015808
APPC/BTC,1603498384277,2020-10-24T00:13:04.277Z,buy,2.47e-06,125.0,0.00030875
APPC/BTC,1603498389974,2020-10-24T00:13:09.974Z,buy,2.47e-06,1062.0,0.00262314
APPC/BTC,1603498485206,2020-10-24T00:14:45.206Z,buy,2.47e-06,3036.0,0.00749892
APPC/BTC,1603498945343,2020-10-24T00:22:25.343Z,buy,2.47e-06,81.0,0.00020007
APPC/BTC,1603499001700,2020-10-24T00:23:21.700Z,buy,2.47e-06,687.0,0.00169689
APPC/BTC,1603499002439,2020-10-24T00:23:22.439Z,buy,2.47e-06,96.0,0.00023712
APPC/BTC,1603499003745,2020-10-24T00:23:23.745Z,buy,2.47e-06,149.0,0.00036803
APPC/BTC,1603499123612,2020-10-24T00:25:23.612Z,buy,2.48e-06,333.0,0.00082584
APPC/BTC,1603499176064,2020-10-24T00:26:16.064Z,buy,2.47e-06,933.0,0.00230451
APPC/BTC,1603499177407,2020-10-24T00:26:17.407Z,buy,2.47e-06,573.0,0.00141531
APPC/BTC,1603499177419,2020-10-24T00:26:17.419Z,buy,2.47e-06,80.0,0.0001976
APPC/BTC,1603499187695,2020-10-24T00:26:27.695Z,buy,2.48e-06,98.0,0.00024304
APPC/BTC,1603499191115,2020-10-24T00:26:31.115Z,buy,2.47e-06,280.0,0.0006916
APPC/BTC,1603499262621,2020-10-24T00:27:42.621Z,buy,2.48e-06,77.0,0.00019096
APPC/BTC,1603499444219,2020-10-24T00:30:44.219Z,sell,2.46e-06,3562.0,0.00876252
APPC/BTC,1603499444219,2020-10-24T00:30:44.219Z,sell,2.45e-06,9118.0,0.0223390999999999
APPC/BTC,1603499445004,2020-10-24T00:30:45.004Z,sell,2.46e-06,7318.0,0.01800228
APPC/BTC,1603499451865,2020-10-24T00:30:51.865Z,buy,2.46e-06,510.0,0.0012546
APPC/BTC,1603499452237,2020-10-24T00:30:52.237Z,buy,2.46e-06,525.0,0.0012915
APPC/BTC,1603499479378,2020-10-24T00:31:19.378Z,buy,2.46e-06,5000.0,0.0123
APPC/BTC,1603499479389,2020-10-24T00:31:19.389Z,buy,2.46e-06,1464.0,0.00360144
APPC/BTC,1603499542794,2020-10-24T00:32:22.794Z,sell,2.46e-06,1671.0,0.00411066
APPC/BTC,1603499542926,2020-10-24T00:32:22.926Z,sell,2.46e-06,233.0,0.00057318
APPC/BTC,1603499543779,2020-10-24T00:32:23.779Z,sell,2.45e-06,617.0,0.0015116499999999
APPC/BTC,1603499548651,2020-10-24T00:32:28.651Z,sell,2.45e-06,1341.0,0.0032854499999999
APPC/BTC,1603499614451,2020-10-24T00:33:34.451Z,buy,2.46e-06,70.0,0.0001722
APPC/BTC,1603499639680,2020-10-24T00:33:59.680Z,sell,2.45e-06,769.0,0.00188405
APPC/BTC,1603499639680,2020-10-24T00:33:59.680Z,sell,2.45e-06,769.0,0.00188405
APPC/BTC,1603501496105,2020-10-24T01:04:56.105Z,buy,2.47e-06,551.0,0.00136097
APPC/BTC,1603501496213,2020-10-24T01:04:56.213Z,buy,2.47e-06,77.0,0.00019019
APPC/BTC,1603502004356,2020-10-24T01:13:24.356Z,sell,2.45e-06,46.0,0.0001126999999999
APPC/BTC,1603502004356,2020-10-24T01:13:24.356Z,sell,2.45e-06,46.0,0.0001126999999999
APPC/BTC,1603503398008,2020-10-24T01:36:38.008Z,buy,2.47e-06,63.0,0.00015561
APPC/BTC,1603503787311,2020-10-24T01:43:07.311Z,buy,2.47e-06,113.0,0.00027911
APPC/BTC,1603503890973,2020-10-24T01:44:50.973Z,buy,2.47e-06,67.0,0.00016549
APPC/BTC,1603504381358,2020-10-24T01:53:01.358Z,buy,2.47e-06,55.0,0.00013585
APPC/BTC,1603504925777,2020-10-24T02:02:05.777Z,buy,2.47e-06,60.0,0.0001482
APPC/BTC,1603504925925,2020-10-24T02:02:05.925Z,buy,2.47e-06,61.0,0.00015067
APPC/BTC,1603505007200,2020-10-24T02:03:27.200Z,buy,2.47e-06,882.0,0.00217854
APPC/BTC,1603505037361,2020-10-24T02:03:57.361Z,buy,2.47e-06,86.0,0.00021242
APPC/BTC,1603505037489,2020-10-24T02:03:57.489Z,buy,2.47e-06,87.0,0.00021489
APPC/BTC,1603505037489,2020-10-24T02:03:57.489Z,buy,2.47e-06,87.0,0.00021489
APPC/BTC,1603506341861,2020-10-24T02:25:41.861Z,buy,2.47e-06,340.0,0.0008398
APPC/BTC,1603506818229,2020-10-24T02:33:38.229Z,sell,2.45e-06,102.0,0.0002499
APPC/BTC,1603506996016,2020-10-24T02:36:36.016Z,buy,2.47e-06,149.0,0.00036803
APPC/BTC,1603506996220,2020-10-24T02:36:36.220Z,buy,2.47e-06,150.0,0.0003705
APPC/BTC,1603506999505,2020-10-24T02:36:39.505Z,sell,2.45e-06,148.0,0.0003626
APPC/BTC,1603507666288,2020-10-24T02:47:46.288Z,buy,2.47e-06,70.0,0.0001729
APPC/BTC,1603507718973,2020-10-24T02:48:38.973Z,buy,2.47e-06,78.0,0.00019266
APPC/BTC,1603507718973,2020-10-24T02:48:38.973Z,buy,2.47e-06,78.0,0.00019266
APPC/BTC,1603509700427,2020-10-24T03:21:40.427Z,buy,2.47e-06,19619.0,0.04845893
APPC/BTC,1603510989355,2020-10-24T03:43:09.355Z,buy,2.48e-06,1904.0,0.00472192
APPC/BTC,1603510989355,2020-10-24T03:43:09.355Z,buy,2.49e-06,18176.0,0.04525824
APPC/BTC,1603511126339,2020-10-24T03:45:26.339Z,buy,2.49e-06,2173.0,0.00541077
APPC/BTC,1603511126339,2020-10-24T03:45:26.339Z,buy,2.49e-06,2173.0,0.00541077
APPC/BTC,1603511413327,2020-10-24T03:50:13.327Z,buy,2.49e-06,41.0,0.00010209
APPC/BTC,1603511500867,2020-10-24T03:51:40.867Z,buy,2.49e-06,41.0,0.00010209
APPC/BTC,1603511652759,2020-10-24T03:54:12.759Z,buy,2.49e-06,41.0,0.00010209
APPC/BTC,1603511919363,2020-10-24T03:58:39.363Z,buy,2.49e-06,41.0,0.00010209
APPC/BTC,1603511987097,2020-10-24T03:59:47.097Z,sell,2.47e-06,4134.0,0.01021098
APPC/BTC,1603512983127,2020-10-24T04:16:23.127Z,sell,2.47e-06,49.0,0.00012103
APPC/BTC,1603513131859,2020-10-24T04:18:51.859Z,sell,2.47e-06,614.0,0.00151658
APPC/BTC,1603513187654,2020-10-24T04:19:47.654Z,buy,2.49e-06,9667.0,0.0240708299999999
APPC/BTC,1603513208509,2020-10-24T04:20:08.509Z,sell,2.49e-06,81.0,0.00020169
APPC/BTC,1603513448495,2020-10-24T04:24:08.495Z,sell,2.49e-06,81.0,0.00020169
APPC/BTC,1603514022174,2020-10-24T04:33:42.174Z,sell,2.49e-06,66.0,0.00016434
APPC/BTC,1603514319581,2020-10-24T04:38:39.581Z,buy,2.5e-06,41.0,0.0001025
APPC/BTC,1603514538016,2020-10-24T04:42:18.016Z,buy,2.5e-06,41.0,0.0001025
APPC/BTC,1603514604430,2020-10-24T04:43:24.430Z,buy,2.5e-06,2830.0,0.007075
APPC/BTC,1603514604430,2020-10-24T04:43:24.430Z,buy,2.5e-06,2830.0,0.007075
APPC/BTC,1603514941455,2020-10-24T04:49:01.455Z,sell,2.5e-06,619.0,0.0015475
APPC/BTC,1603514941686,2020-10-24T04:49:01.686Z,sell,2.5e-06,610.0,0.001525
APPC/BTC,1603515649239,2020-10-24T05:00:49.239Z,sell,2.5e-06,7792.0,0.01948
APPC/BTC,1603515738904,2020-10-24T05:02:18.904Z,buy,2.49e-06,135.0,0.0003361499999999
APPC/BTC,1603516595396,2020-10-24T05:16:35.396Z,buy,2.5e-06,67.0,0.0001675
APPC/BTC,1603516596222,2020-10-24T05:16:36.222Z,buy,2.5e-06,654.0,0.001635
APPC/BTC,1603516596383,2020-10-24T05:16:36.383Z,buy,2.5e-06,90.0,0.000225
APPC/BTC,1603516628935,2020-10-24T05:17:08.935Z,buy,2.49e-06,45.0,0.00011205
APPC/BTC,1603516637198,2020-10-24T05:17:17.198Z,buy,2.49e-06,137.0,0.00034113
APPC/BTC,1603516653253,2020-10-24T05:17:33.253Z,buy,2.49e-06,152.0,0.00037848
APPC/BTC,1603516663486,2020-10-24T05:17:43.486Z,buy,2.49e-06,157.0,0.00039093
APPC/BTC,1603516701784,2020-10-24T05:18:21.784Z,buy,2.49e-06,78.0,0.00019422
APPC/BTC,1603516741705,2020-10-24T05:19:01.705Z,buy,2.49e-06,223.0,0.00055527
APPC/BTC,1603516786807,2020-10-24T05:19:46.807Z,buy,2.49e-06,66.0,0.00016434
APPC/BTC,1603516858424,2020-10-24T05:20:58.424Z,buy,2.5e-06,143.0,0.0003575
APPC/BTC,1603517329935,2020-10-24T05:28:49.935Z,buy,2.49e-06,53.0,0.00013197
APPC/BTC,1603517362868,2020-10-24T05:29:22.868Z,buy,2.49e-06,58.0,0.00014442
APPC/BTC,1603517398122,2020-10-24T05:29:58.122Z,buy,2.49e-06,70.0,0.0001742999999999
APPC/BTC,1603517433308,2020-10-24T05:30:33.308Z,buy,2.49e-06,42.0,0.0001045799999999
APPC/BTC,1603517470510,2020-10-24T05:31:10.510Z,buy,2.49e-06,82.0,0.00020418
APPC/BTC,1603517495702,2020-10-24T05:31:35.702Z,buy,2.49e-06,72.0,0.0001792799999999
APPC/BTC,1603517496011,2020-10-24T05:31:36.011Z,buy,2.49e-06,73.0,0.00018177
APPC/BTC,1603517496011,2020-10-24T05:31:36.011Z,buy,2.49e-06,73.0,0.00018177
APPC/BTC,1603518244709,2020-10-24T05:44:04.709Z,buy,2.5e-06,82.0,0.000205
APPC/BTC,1603518252760,2020-10-24T05:44:12.760Z,buy,2.5e-06,58.0,0.000145
APPC/BTC,1603518252971,2020-10-24T05:44:12.971Z,buy,2.5e-06,50.0,0.000125
APPC/BTC,1603518252971,2020-10-24T05:44:12.971Z,buy,2.51e-06,8.0,2.008e-05
APPC/BTC,1603518252971,2020-10-24T05:44:12.971Z,buy,2.5e-06,50.0,0.000125
APPC/BTC,1603518252971,2020-10-24T05:44:12.971Z,buy,2.51e-06,8.0,2.008e-05
APPC/BTC,1603521226051,2020-10-24T06:33:46.051Z,sell,2.49e-06,51.0,0.00012699
APPC/BTC,1603521597393,2020-10-24T06:39:57.393Z,sell,2.49e-06,366.0,0.00091134
APPC/BTC,1603521601182,2020-10-24T06:40:01.182Z,sell,2.49e-06,80.0,0.0001992
APPC/BTC,1603521601182,2020-10-24T06:40:01.182Z,sell,2.48e-06,3765.0,0.0093372
APPC/BTC,1603521630192,2020-10-24T06:40:30.192Z,buy,2.5e-06,97.0,0.0002425
APPC/BTC,1603521630192,2020-10-24T06:40:30.192Z,buy,2.5e-06,97.0,0.0002425
APPC/BTC,1603523262492,2020-10-24T07:07:42.492Z,buy,2.49e-06,144.0,0.0003585599999999
APPC/BTC,1603524011813,2020-10-24T07:20:11.813Z,buy,2.49e-06,129.0,0.00032121
APPC/BTC,1603524012030,2020-10-24T07:20:12.030Z,buy,2.49e-06,129.0,0.00032121
APPC/BTC,1603524081261,2020-10-24T07:21:21.261Z,buy,2.49e-06,101.0,0.00025149
APPC/BTC,1603524104512,2020-10-24T07:21:44.512Z,buy,2.49e-06,53.0,0.00013197
APPC/BTC,1603524104648,2020-10-24T07:21:44.648Z,buy,2.49e-06,54.0,0.0001344599999999
APPC/BTC,1603524151641,2020-10-24T07:22:31.641Z,buy,2.49e-06,90.0,0.0002241
APPC/BTC,1603524151765,2020-10-24T07:22:31.765Z,buy,2.49e-06,91.0,0.0002265899999999
APPC/BTC,1603524154250,2020-10-24T07:22:34.250Z,buy,2.49e-06,1363.0,0.00339387
APPC/BTC,1603524154283,2020-10-24T07:22:34.283Z,buy,2.49e-06,579.0,0.00144171
APPC/BTC,1603524155374,2020-10-24T07:22:35.374Z,buy,2.49e-06,216.0,0.0005378399999999
APPC/BTC,1603524329720,2020-10-24T07:25:29.720Z,buy,2.5e-06,348.0,0.00087
APPC/BTC,1603524343765,2020-10-24T07:25:43.765Z,buy,2.5e-06,427.0,0.0010675
APPC/BTC,1603524343906,2020-10-24T07:25:43.906Z,buy,2.5e-06,490.0,0.001225
APPC/BTC,1603524344017,2020-10-24T07:25:44.017Z,buy,2.5e-06,67.0,0.0001675
APPC/BTC,1603524428537,2020-10-24T07:27:08.537Z,sell,2.5e-06,80.0,0.0002
APPC/BTC,1603524712441,2020-10-24T07:31:52.441Z,buy,2.5e-06,1546.0,0.003865
APPC/BTC,1603524921061,2020-10-24T07:35:21.061Z,sell,2.49e-06,57.0,0.00014193
APPC/BTC,1603524935354,2020-10-24T07:35:35.354Z,buy,2.49e-06,101.0,0.00025149
APPC/BTC,1603524957439,2020-10-24T07:35:57.439Z,buy,2.49e-06,100.0,0.000249
APPC/BTC,1603524979550,2020-10-24T07:36:19.550Z,buy,2.49e-06,122.0,0.0003037799999999
APPC/BTC,1603524979563,2020-10-24T07:36:19.563Z,buy,2.49e-06,39.0,9.711e-05
APPC/BTC,1603524979739,2020-10-24T07:36:19.739Z,buy,2.51e-06,122.0,0.00030622
APPC/BTC,1603525104186,2020-10-24T07:38:24.186Z,buy,2.5e-06,60.0,0.00015
APPC/BTC,1603525104186,2020-10-24T07:38:24.186Z,buy,2.5e-06,60.0,0.00015
APPC/BTC,1603526298503,2020-10-24T07:58:18.503Z,sell,2.49e-06,9500.0,0.023655
APPC/BTC,1603527285404,2020-10-24T08:14:45.404Z,sell,2.49e-06,153.0,0.00038097
APPC/BTC,1603527285404,2020-10-24T08:14:45.404Z,sell,2.48e-06,1677.0,0.00415896
APPC/BTC,1603527306388,2020-10-24T08:15:06.388Z,sell,2.48e-06,8586.0,0.02129328
APPC/BTC,1603528337134,2020-10-24T08:32:17.134Z,sell,2.48e-06,12480.0,0.0309504
APPC/BTC,1603528356624,2020-10-24T08:32:36.624Z,buy,2.49e-06,52.0,0.00012948
APPC/BTC,1603528356775,2020-10-24T08:32:36.775Z,buy,2.49e-06,52.0,0.00012948
APPC/BTC,1603528430060,2020-10-24T08:33:50.060Z,buy,2.49e-06,77.0,0.0001917299999999
APPC/BTC,1603528590266,2020-10-24T08:36:30.266Z,buy,2.49e-06,7210.0,0.0179529
APPC/BTC,1603528615512,2020-10-24T08:36:55.512Z,buy,2.49e-06,3646.0,0.00907854
APPC/BTC,1603528663124,2020-10-24T08:37:43.124Z,buy,2.5e-06,8079.0,0.0201975
APPC/BTC,1603528663124,2020-10-24T08:37:43.124Z,buy,2.5e-06,8079.0,0.0201975
APPC/BTC,1603528736136,2020-10-24T08:38:56.136Z,buy,2.5e-06,1753.0,0.0043825
APPC/BTC,1603528757842,2020-10-24T08:39:17.842Z,buy,2.5e-06,386.0,0.000965
APPC/BTC,1603528847534,2020-10-24T08:40:47.534Z,sell,2.5e-06,1221.0,0.0030525
APPC/BTC,1603528905886,2020-10-24T08:41:45.886Z,sell,2.48e-06,1654.0,0.00410192
APPC/BTC,1603528926093,2020-10-24T08:42:06.093Z,sell,2.48e-06,302.0,0.00074896
APPC/BTC,1603528926555,2020-10-24T08:42:06.555Z,sell,2.48e-06,1740.0,0.0043152
APPC/BTC,1603528926555,2020-10-24T08:42:06.555Z,sell,2.47e-06,15580.0,0.0384826
APPC/BTC,1603528927344,2020-10-24T08:42:07.344Z,sell,2.48e-06,5537.0,0.0137317599999999
APPC/BTC,1603528929167,2020-10-24T08:42:09.167Z,buy,2.49e-06,83.0,0.00020667
APPC/BTC,1603528929278,2020-10-24T08:42:09.278Z,buy,2.49e-06,84.0,0.0002091599999999
APPC/BTC,1603528932141,2020-10-24T08:42:12.141Z,sell,2.48e-06,11000.0,0.02728
APPC/BTC,1603528959247,2020-10-24T08:42:39.247Z,buy,2.49e-06,101.0,0.00025149
APPC/BTC,1603528999569,2020-10-24T08:43:19.569Z,buy,2.49e-06,60.0,0.0001494
APPC/BTC,1603529020706,2020-10-24T08:43:40.706Z,buy,2.49e-06,132.0,0.00032868
APPC/BTC,1603529041830,2020-10-24T08:44:01.830Z,sell,2.47e-06,1747.0,0.00431509
APPC/BTC,1603529042123,2020-10-24T08:44:02.123Z,buy,2.48e-06,3559.0,0.00882632
APPC/BTC,1603529042238,2020-10-24T08:44:02.238Z,buy,2.48e-06,491.0,0.00121768
APPC/BTC,1603529557926,2020-10-24T08:52:37.926Z,buy,2.49e-06,102.0,0.00025398
APPC/BTC,1603529668480,2020-10-24T08:54:28.480Z,buy,2.49e-06,86.0,0.0002141399999999
APPC/BTC,1603529731677,2020-10-24T08:55:31.677Z,buy,2.49e-06,59.0,0.00014691
APPC/BTC,1603529775611,2020-10-24T08:56:15.611Z,buy,2.49e-06,830.0,0.0020667
APPC/BTC,1603530503507,2020-10-24T09:08:23.507Z,buy,2.49e-06,2186.0,0.00544314
APPC/BTC,1603530551004,2020-10-24T09:09:11.004Z,buy,2.48e-06,143.0,0.00035464
APPC/BTC,1603530571100,2020-10-24T09:09:31.100Z,buy,2.48e-06,155.0,0.0003844
APPC/BTC,1603530572197,2020-10-24T09:09:32.197Z,buy,2.48e-06,64.0,0.00015872
APPC/BTC,1603530607378,2020-10-24T09:10:07.378Z,buy,2.48e-06,85.0,0.0002108
APPC/BTC,1603530629628,2020-10-24T09:10:29.628Z,buy,2.48e-06,77.0,0.00019096
APPC/BTC,1603530634334,2020-10-24T09:10:34.334Z,buy,2.48e-06,1089.0,0.0027007199999999
APPC/BTC,1603530713970,2020-10-24T09:11:53.970Z,buy,2.48e-06,124.0,0.00030752
APPC/BTC,1603530739088,2020-10-24T09:12:19.088Z,buy,2.48e-06,99.0,0.00024552
APPC/BTC,1603530760224,2020-10-24T09:12:40.224Z,buy,2.48e-06,57.0,0.00014136
APPC/BTC,1603530798444,2020-10-24T09:13:18.444Z,buy,2.48e-06,134.0,0.00033232
APPC/BTC,1603530823550,2020-10-24T09:13:43.550Z,buy,2.48e-06,66.0,0.00016368
APPC/BTC,1603530857647,2020-10-24T09:14:17.647Z,buy,2.48e-06,123.0,0.00030504
APPC/BTC,1603530857767,2020-10-24T09:14:17.767Z,buy,2.48e-06,123.0,0.00030504
APPC/BTC,1603530886862,2020-10-24T09:14:46.862Z,buy,2.48e-06,86.0,0.00021328
APPC/BTC,1603530886985,2020-10-24T09:14:46.985Z,buy,2.48e-06,87.0,0.00021576
APPC/BTC,1603530928983,2020-10-24T09:15:28.983Z,buy,2.48e-06,98.0,0.00024304
APPC/BTC,1603531128813,2020-10-24T09:18:48.813Z,buy,2.48e-06,78.0,0.00019344
APPC/BTC,1603531374705,2020-10-24T09:22:54.705Z,buy,2.48e-06,53.0,0.00013144
APPC/BTC,1603531382641,2020-10-24T09:23:02.641Z,buy,2.48e-06,407.0,0.00100936
APPC/BTC,1603531386687,2020-10-24T09:23:06.687Z,buy,2.48e-06,1635.0,0.0040548
APPC/BTC,1603531457427,2020-10-24T09:24:17.427Z,sell,2.47e-06,71.0,0.00017537
APPC/BTC,1603531457883,2020-10-24T09:24:17.883Z,buy,2.48e-06,352.0,0.00087296
APPC/BTC,1603531476175,2020-10-24T09:24:36.175Z,sell,2.46e-06,6700.0,0.016482
APPC/BTC,1603531486433,2020-10-24T09:24:46.433Z,sell,2.45e-06,42624.0,0.1044287999999999
APPC/BTC,1603531486688,2020-10-24T09:24:46.688Z,buy,2.45e-06,13158.0,0.0322371
APPC/BTC,1603531487263,2020-10-24T09:24:47.263Z,buy,2.47e-06,10703.0,0.02643641
APPC/BTC,1603531487355,2020-10-24T09:24:47.355Z,buy,2.47e-06,1037.0,0.00256139
APPC/BTC,1603531487916,2020-10-24T09:24:47.916Z,buy,2.47e-06,4983.0,0.01230801
APPC/BTC,1603531488134,2020-10-24T09:24:48.134Z,buy,2.47e-06,552.0,0.00136344
APPC/BTC,1603531488178,2020-10-24T09:24:48.178Z,buy,2.47e-06,4645.0,0.01147315
APPC/BTC,1603531488227,2020-10-24T09:24:48.227Z,buy,2.47e-06,3817.0,0.00942799
APPC/BTC,1603531489966,2020-10-24T09:24:49.966Z,buy,2.47e-06,72.0,0.00017784
APPC/BTC,1603531489968,2020-10-24T09:24:49.968Z,buy,2.48e-06,3035.0,0.0075268
APPC/BTC,1603531519237,2020-10-24T09:25:19.237Z,buy,2.48e-06,1037.0,0.0025717599999999
APPC/BTC,1603531737201,2020-10-24T09:28:57.201Z,buy,2.48e-06,41.0,0.00010168
APPC/BTC,1603531747675,2020-10-24T09:29:07.675Z,buy,2.48e-06,81.0,0.00020088
APPC/BTC,1603531750737,2020-10-24T09:29:10.737Z,buy,2.48e-06,52.0,0.00012896
APPC/BTC,1603531756236,2020-10-24T09:29:16.236Z,buy,2.48e-06,127.0,0.00031496
APPC/BTC,1603531760440,2020-10-24T09:29:20.440Z,buy,2.48e-06,47.0,0.00011656
APPC/BTC,1603531767440,2020-10-24T09:29:27.440Z,buy,2.48e-06,213.0,0.00052824
APPC/BTC,1603531778452,2020-10-24T09:29:38.452Z,buy,2.48e-06,454.0,0.00112592
APPC/BTC,1603531826617,2020-10-24T09:30:26.617Z,buy,2.48e-06,86.0,0.00021328
APPC/BTC,1603531835270,2020-10-24T09:30:35.270Z,buy,2.49e-06,1754.0,0.00436746
APPC/BTC,1603531856278,2020-10-24T09:30:56.278Z,buy,2.48e-06,443.0,0.00109864
APPC/BTC,1603531860838,2020-10-24T09:31:00.838Z,buy,2.48e-06,602.0,0.00149296
APPC/BTC,1603532115894,2020-10-24T09:35:15.894Z,sell,2.46e-06,17461.0,0.04295406
APPC/BTC,1603532120621,2020-10-24T09:35:20.621Z,sell,2.45e-06,72.0,0.0001763999999999
APPC/BTC,1603532120621,2020-10-24T09:35:20.621Z,sell,2.44e-06,19565.0,0.0477386
APPC/BTC,1603532120740,2020-10-24T09:35:20.740Z,buy,2.44e-06,2509.0,0.00612196
APPC/BTC,1603532120902,2020-10-24T09:35:20.902Z,buy,2.44e-06,1124.0,0.00274256
APPC/BTC,1603532123346,2020-10-24T09:35:23.346Z,buy,2.44e-06,39486.0,0.09634584
APPC/BTC,1603532137054,2020-10-24T09:35:37.054Z,buy,2.45e-06,511.0,0.00125195
APPC/BTC,1603532137072,2020-10-24T09:35:37.072Z,buy,2.45e-06,5088.0,0.0124655999999999
APPC/BTC,1603532137082,2020-10-24T09:35:37.082Z,buy,2.45e-06,2515.0,0.00616175
APPC/BTC,1603532140325,2020-10-24T09:35:40.325Z,sell,2.45e-06,42.0,0.0001029
APPC/BTC,1603532207652,2020-10-24T09:36:47.652Z,sell,2.45e-06,3068.0,0.0075165999999999
APPC/BTC,1603532227277,2020-10-24T09:37:07.277Z,sell,2.45e-06,575.0,0.0014087499999999
APPC/BTC,1603532227277,2020-10-24T09:37:07.277Z,sell,2.45e-06,575.0,0.0014087499999999
APPC/BTC,1603532285372,2020-10-24T09:38:05.372Z,sell,2.45e-06,1150.0,0.0028174999999999
APPC/BTC,1603532495907,2020-10-24T09:41:35.907Z,buy,2.46e-06,583.0,0.00143418
APPC/BTC,1603532495907,2020-10-24T09:41:35.907Z,buy,2.47e-06,517.0,0.00127699
APPC/BTC,1603532495907,2020-10-24T09:41:35.907Z,buy,2.48e-06,577.0,0.00143096
APPC/BTC,1603532524140,2020-10-24T09:42:04.140Z,buy,2.47e-06,1256.0,0.00310232
APPC/BTC,1603532590192,2020-10-24T09:43:10.192Z,sell,2.45e-06,204.0,0.0004998
APPC/BTC,1603532617983,2020-10-24T09:43:37.983Z,buy,2.46e-06,280.0,0.0006888
APPC/BTC,1603532733839,2020-10-24T09:45:33.839Z,buy,2.46e-06,168.0,0.00041328
APPC/BTC,1603533025477,2020-10-24T09:50:25.477Z,sell,2.46e-06,14088.0,0.03465648
APPC/BTC,1603533043438,2020-10-24T09:50:43.438Z,sell,2.45e-06,61.0,0.00014945
APPC/BTC,1603533161816,2020-10-24T09:52:41.816Z,sell,2.45e-06,15012.0,0.0367794
APPC/BTC,1603533185074,2020-10-24T09:53:05.074Z,sell,2.46e-06,6478.0,0.01593588
APPC/BTC,1603533185113,2020-10-24T09:53:05.113Z,sell,2.46e-06,6073.0,0.01493958
APPC/BTC,1603533455552,2020-10-24T09:57:35.552Z,buy,2.47e-06,90.0,0.0002223
APPC/BTC,1603533455676,2020-10-24T09:57:35.676Z,buy,2.47e-06,91.0,0.00022477
APPC/BTC,1603533485181,2020-10-24T09:58:05.181Z,buy,2.46e-06,1933.0,0.00475518
APPC/BTC,1603533486172,2020-10-24T09:58:06.172Z,buy,2.46e-06,716.0,0.00176136
APPC/BTC,1603533487218,2020-10-24T09:58:07.218Z,buy,2.46e-06,358.0,0.00088068
APPC/BTC,1603533636855,2020-10-24T10:00:36.855Z,buy,2.46e-06,12195.0,0.0299997
APPC/BTC,1603533972669,2020-10-24T10:06:12.669Z,buy,2.47e-06,80.0,0.0001976
APPC/BTC,1603533994844,2020-10-24T10:06:34.844Z,buy,2.47e-06,59.0,0.00014573
APPC/BTC,1603534017908,2020-10-24T10:06:57.908Z,buy,2.47e-06,122.0,0.00030134
APPC/BTC,1603534043772,2020-10-24T10:07:23.772Z,buy,2.47e-06,1585.0,0.00391495
APPC/BTC,1603534050001,2020-10-24T10:07:30.001Z,buy,2.47e-06,246.0,0.00060762
APPC/BTC,1603534050254,2020-10-24T10:07:30.254Z,buy,2.47e-06,65.0,0.00016055
APPC/BTC,1603534065416,2020-10-24T10:07:45.416Z,sell,2.46e-06,321.0,0.00078966
APPC/BTC,1603534066288,2020-10-24T10:07:46.288Z,buy,2.46e-06,700.0,0.001722
APPC/BTC,1603534066385,2020-10-24T10:07:46.385Z,buy,2.46e-06,98.0,0.00024108
APPC/BTC,1603534066385,2020-10-24T10:07:46.385Z,buy,2.47e-06,700.0,0.001729
APPC/BTC,1603534201309,2020-10-24T10:10:01.309Z,buy,2.46e-06,79.0,0.00019434
APPC/BTC,1603534353083,2020-10-24T10:12:33.083Z,sell,2.46e-06,81.0,0.00019926
APPC/BTC,1603534353083,2020-10-24T10:12:33.083Z,sell,2.45e-06,1173.0,0.00287385
APPC/BTC,1603534825422,2020-10-24T10:20:25.422Z,buy,2.47e-06,72.0,0.00017784
APPC/BTC,1603535646868,2020-10-24T10:34:06.868Z,buy,2.47e-06,51.0,0.00012597
APPC/BTC,1603535646875,2020-10-24T10:34:06.875Z,buy,2.47e-06,136.0,0.00033592
APPC/BTC,1603535646875,2020-10-24T10:34:06.875Z,buy,2.47e-06,136.0,0.00033592
APPC/BTC,1603536309261,2020-10-24T10:45:09.261Z,sell,2.47e-06,17442.0,0.04308174
APPC/BTC,1603536649297,2020-10-24T10:50:49.297Z,sell,2.46e-06,8919.0,0.02194074
APPC/BTC,1603537241034,2020-10-24T11:00:41.034Z,sell,2.46e-06,14508.0,0.03568968
APPC/BTC,1603537246074,2020-10-24T11:00:46.074Z,sell,2.46e-06,10881.0,0.02676726
APPC/BTC,1603538569892,2020-10-24T11:22:49.892Z,sell,2.46e-06,279.0,0.00068634
APPC/BTC,1603538569892,2020-10-24T11:22:49.892Z,sell,2.46e-06,279.0,0.00068634
APPC/BTC,1603539283844,2020-10-24T11:34:43.844Z,buy,2.48e-06,1568.0,0.00388864
APPC/BTC,1603539283844,2020-10-24T11:34:43.844Z,buy,2.49e-06,3439.0,0.0085631099999999
APPC/BTC,1603539283871,2020-10-24T11:34:43.871Z,buy,2.48e-06,1378.0,0.00341744
APPC/BTC,1603539283943,2020-10-24T11:34:43.943Z,buy,2.48e-06,1568.0,0.00388864
APPC/BTC,1603539285053,2020-10-24T11:34:45.053Z,buy,2.48e-06,603.0,0.00149544
APPC/BTC,1603539285110,2020-10-24T11:34:45.110Z,buy,2.48e-06,22881.0,0.05674488
APPC/BTC,1603539285110,2020-10-24T11:34:45.110Z,buy,2.49e-06,603.0,0.00150147
APPC/BTC,1603539286001,2020-10-24T11:34:46.001Z,buy,2.49e-06,3516.0,0.00875484
APPC/BTC,1603539286001,2020-10-24T11:34:46.001Z,buy,2.5e-06,10425.0,0.0260625
APPC/BTC,1603540572291,2020-10-24T11:56:12.291Z,buy,2.49e-06,41.0,0.00010209
APPC/BTC,1603541728687,2020-10-24T12:15:28.687Z,buy,2.49e-06,73.0,0.00018177
APPC/BTC,1603541728829,2020-10-24T12:15:28.829Z,buy,2.49e-06,73.0,0.00018177
APPC/BTC,1603541728829,2020-10-24T12:15:28.829Z,buy,2.49e-06,73.0,0.00018177
APPC/BTC,1603542172643,2020-10-24T12:22:52.643Z,buy,2.49e-06,73.0,0.00018177
APPC/BTC,1603542186744,2020-10-24T12:23:06.744Z,buy,2.49e-06,62.0,0.00015438
APPC/BTC,1603542186895,2020-10-24T12:23:06.895Z,buy,2.49e-06,63.0,0.0001568699999999
APPC/BTC,1603542186914,2020-10-24T12:23:06.914Z,buy,2.49e-06,45.0,0.00011205
APPC/BTC,1603542187602,2020-10-24T12:23:07.602Z,sell,2.49e-06,61.0,0.0001518899999999
APPC/BTC,1603542508615,2020-10-24T12:28:28.615Z,sell,2.48e-06,200.0,0.000496
APPC/BTC,1603544021460,2020-10-24T12:53:41.460Z,buy,2.5e-06,600.0,0.0015
APPC/BTC,1603544461601,2020-10-24T13:01:01.601Z,buy,2.49e-06,41.0,0.00010209
APPC/BTC,1603545073633,2020-10-24T13:11:13.633Z,buy,2.49e-06,41.0,0.00010209
APPC/BTC,1603545073633,2020-10-24T13:11:13.633Z,buy,2.49e-06,41.0,0.00010209
APPC/BTC,1603545911753,2020-10-24T13:25:11.753Z,buy,2.49e-06,55.0,0.00013695
APPC/BTC,1603545939965,2020-10-24T13:25:39.965Z,buy,2.49e-06,79.0,0.0001967099999999
APPC/BTC,1603545941141,2020-10-24T13:25:41.141Z,buy,2.49e-06,41.0,0.00010209
APPC/BTC,1603546049742,2020-10-24T13:27:29.742Z,buy,2.49e-06,134.0,0.00033366
APPC/BTC,1603546049851,2020-10-24T13:27:29.851Z,buy,2.49e-06,135.0,0.0003361499999999
APPC/BTC,1603546122158,2020-10-24T13:28:42.158Z,buy,2.49e-06,109.0,0.00027141
APPC/BTC,1603546196466,2020-10-24T13:29:56.466Z,sell,2.49e-06,809.0,0.00201441
APPC/BTC,1603546873958,2020-10-24T13:41:13.958Z,buy,2.5e-06,41.0,0.0001025
APPC/BTC,1603547068182,2020-10-24T13:44:28.182Z,buy,2.5e-06,41.0,0.0001025
APPC/BTC,1603547379068,2020-10-24T13:49:39.068Z,sell,2.48e-06,58.0,0.00014384
APPC/BTC,1603547410215,2020-10-24T13:50:10.215Z,buy,2.5e-06,85.0,0.0002125
APPC/BTC,1603547410215,2020-10-24T13:50:10.215Z,buy,2.5e-06,85.0,0.0002125
APPC/BTC,1603548744958,2020-10-24T14:12:24.958Z,buy,2.5e-06,41.0,0.0001025
APPC/BTC,1603548785514,2020-10-24T14:13:05.514Z,sell,2.49e-06,1092.0,0.00271908
APPC/BTC,1603548836664,2020-10-24T14:13:56.664Z,sell,2.48e-06,13923.0,0.03452904
APPC/BTC,1603548865772,2020-10-24T14:14:25.772Z,sell,2.48e-06,1935.0,0.0047988
APPC/BTC,1603548903308,2020-10-24T14:15:03.308Z,buy,2.49e-06,191.0,0.0004755899999999
APPC/BTC,1603548927277,2020-10-24T14:15:27.277Z,sell,2.47e-06,15063.0,0.03720561
APPC/BTC,1603549006080,2020-10-24T14:16:46.080Z,sell,2.47e-06,49434.0,0.12210198
APPC/BTC,1603549006532,2020-10-24T14:16:46.532Z,buy,2.48e-06,1007.0,0.00249736
APPC/BTC,1603549006796,2020-10-24T14:16:46.796Z,sell,2.47e-06,4981.0,0.01230307
APPC/BTC,1603549007636,2020-10-24T14:16:47.636Z,buy,2.48e-06,596.0,0.0014780799999999
APPC/BTC,1603549244289,2020-10-24T14:20:44.289Z,buy,2.48e-06,404.0,0.00100192
APPC/BTC,1603549293167,2020-10-24T14:21:33.167Z,buy,2.48e-06,75.0,0.000186
APPC/BTC,1603549760074,2020-10-24T14:29:20.074Z,buy,2.47e-06,95.0,0.00023465
APPC/BTC,1603549808712,2020-10-24T14:30:08.712Z,buy,2.47e-06,81.0,0.00020007
APPC/BTC,1603549832951,2020-10-24T14:30:32.951Z,buy,2.47e-06,1868.0,0.00461396
APPC/BTC,1603550385744,2020-10-24T14:39:45.744Z,sell,2.47e-06,1202.0,0.00296894
APPC/BTC,1603550385971,2020-10-24T14:39:45.971Z,sell,2.47e-06,1439.0,0.00355433
APPC/BTC,1603550539820,2020-10-24T14:42:19.820Z,buy,2.48e-06,65.0,0.0001612
APPC/BTC,1603550729549,2020-10-24T14:45:29.549Z,sell,2.46e-06,2058.0,0.00506268
APPC/BTC,1603550751214,2020-10-24T14:45:51.214Z,sell,2.45e-06,2893.0,0.00708785
APPC/BTC,1603550779833,2020-10-24T14:46:19.833Z,buy,2.47e-06,72.0,0.00017784
APPC/BTC,1603550813088,2020-10-24T14:46:53.088Z,buy,2.47e-06,141.0,0.00034827
APPC/BTC,1603550828720,2020-10-24T14:47:08.720Z,buy,2.47e-06,64.0,0.00015808
APPC/BTC,1603550828720,2020-10-24T14:47:08.720Z,buy,2.47e-06,64.0,0.00015808
APPC/BTC,1603551629537,2020-10-24T15:00:29.537Z,buy,2.47e-06,74.0,0.00018278
APPC/BTC,1603551900592,2020-10-24T15:05:00.592Z,sell,2.45e-06,72.0,0.0001763999999999
APPC/BTC,1603551900889,2020-10-24T15:05:00.889Z,buy,2.45e-06,1155.0,0.00282975
APPC/BTC,1603551968686,2020-10-24T15:06:08.686Z,buy,2.45e-06,82.0,0.0002008999999999
APPC/BTC,1603552008748,2020-10-24T15:06:48.748Z,sell,2.44e-06,969.0,0.00236436
APPC/BTC,1603552008748,2020-10-24T15:06:48.748Z,sell,2.43e-06,3495.0,0.00849285
APPC/BTC,1603552008748,2020-10-24T15:06:48.748Z,sell,2.42e-06,26729.0,0.06468418
APPC/BTC,1603552008748,2020-10-24T15:06:48.748Z,sell,2.41e-06,12186.0,0.0293682599999999
APPC/BTC,1603552011082,2020-10-24T15:06:51.082Z,buy,2.43e-06,352.0,0.00085536
APPC/BTC,1603552012221,2020-10-24T15:06:52.221Z,buy,2.43e-06,238.0,0.00057834
APPC/BTC,1603552033785,2020-10-24T15:07:13.785Z,sell,2.42e-06,69.0,0.00016698
APPC/BTC,1603552033785,2020-10-24T15:07:13.785Z,sell,2.41e-06,3947.0,0.00951227
APPC/BTC,1603552039664,2020-10-24T15:07:19.664Z,sell,2.41e-06,20080.0,0.0483927999999999
APPC/BTC,1603552125305,2020-10-24T15:08:45.305Z,sell,2.42e-06,100.0,0.000242
APPC/BTC,1603552283830,2020-10-24T15:11:23.830Z,buy,2.43e-06,3517.0,0.00854631
APPC/BTC,1603552817994,2020-10-24T15:20:17.994Z,sell,2.42e-06,1000.0,0.00242
APPC/BTC,1603553025194,2020-10-24T15:23:45.194Z,sell,2.42e-06,7200.0,0.017424
APPC/BTC,1603553063624,2020-10-24T15:24:23.624Z,buy,2.44e-06,1677.0,0.00409188
APPC/BTC,1603553085913,2020-10-24T15:24:45.913Z,buy,2.44e-06,10349.0,0.02525156
APPC/BTC,1603553091951,2020-10-24T15:24:51.951Z,buy,2.44e-06,109.0,0.00026596
APPC/BTC,1603553113717,2020-10-24T15:25:13.717Z,sell,2.44e-06,205.0,0.0005002
APPC/BTC,1603553168729,2020-10-24T15:26:08.729Z,sell,2.44e-06,83.0,0.00020252
APPC/BTC,1603553765139,2020-10-24T15:36:05.139Z,sell,2.44e-06,642.0,0.0015664799999999
APPC/BTC,1603553921174,2020-10-24T15:38:41.174Z,sell,2.44e-06,3563.0,0.00869372
APPC/BTC,1603553921174,2020-10-24T15:38:41.174Z,sell,2.44e-06,3563.0,0.00869372
APPC/BTC,1603554801949,2020-10-24T15:53:21.949Z,sell,2.44e-06,893.0,0.00217892
APPC/BTC,1603554828735,2020-10-24T15:53:48.735Z,sell,2.44e-06,1474.0,0.00359656
APPC/BTC,1603554839799,2020-10-24T15:53:59.799Z,sell,2.44e-06,617.0,0.00150548
APPC/BTC,1603554839818,2020-10-24T15:53:59.818Z,sell,2.44e-06,605.0,0.0014762
APPC/BTC,1603555358629,2020-10-24T16:02:38.629Z,buy,2.45e-06,64.0,0.0001568
APPC/BTC,1603555493957,2020-10-24T16:04:53.957Z,buy,2.45e-06,212.0,0.0005193999999999
APPC/BTC,1603556013582,2020-10-24T16:13:33.582Z,buy,2.45e-06,51.0,0.00012495
APPC/BTC,1603556386301,2020-10-24T16:19:46.301Z,buy,2.45e-06,77.0,0.0001886499999999
APPC/BTC,1603556386435,2020-10-24T16:19:46.435Z,buy,2.45e-06,77.0,0.0001886499999999
APPC/BTC,1603556386435,2020-10-24T16:19:46.435Z,buy,2.45e-06,77.0,0.0001886499999999
APPC/BTC,1603557916845,2020-10-24T16:45:16.845Z,sell,2.44e-06,575.0,0.001403
APPC/BTC,1603559435203,2020-10-24T17:10:35.203Z,sell,2.44e-06,418.0,0.00101992
APPC/BTC,1603559435203,2020-10-24T17:10:35.203Z,sell,2.44e-06,418.0,0.00101992
APPC/BTC,1603560163240,2020-10-24T17:22:43.240Z,sell,2.44e-06,1123.0,0.00274012
APPC/BTC,1603560227055,2020-10-24T17:23:47.055Z,sell,2.44e-06,278.0,0.0006783199999999
APPC/BTC,1603561601743,2020-10-24T17:46:41.743Z,sell,2.44e-06,119.0,0.00029036
APPC/BTC,1603561686676,2020-10-24T17:48:06.676Z,buy,2.45e-06,185.0,0.00045325
APPC/BTC,1603561763727,2020-10-24T17:49:23.727Z,buy,2.44e-06,215.0,0.0005246
APPC/BTC,1603561786135,2020-10-24T17:49:46.135Z,buy,2.44e-06,81.0,0.0001976399999999
APPC/BTC,1603561808292,2020-10-24T17:50:08.292Z,buy,2.44e-06,146.0,0.0003562399999999
APPC/BTC,1603561814652,2020-10-24T17:50:14.652Z,buy,2.44e-06,835.0,0.0020374
APPC/BTC,1603561857433,2020-10-24T17:50:57.433Z,buy,2.44e-06,94.0,0.0002293599999999
APPC/BTC,1603561857573,2020-10-24T17:50:57.573Z,buy,2.44e-06,95.0,0.0002318
APPC/BTC,1603561896609,2020-10-24T17:51:36.609Z,buy,2.44e-06,66.0,0.00016104
APPC/BTC,1603561947934,2020-10-24T17:52:27.934Z,buy,2.44e-06,73.0,0.0001781199999999
APPC/BTC,1603561947934,2020-10-24T17:52:27.934Z,buy,2.44e-06,73.0,0.0001781199999999
APPC/BTC,1603564626668,2020-10-24T18:37:06.668Z,buy,2.45e-06,64.0,0.0001568
APPC/BTC,1603565238540,2020-10-24T18:47:18.540Z,sell,2.44e-06,2683.0,0.00654652
APPC/BTC,1603565238540,2020-10-24T18:47:18.540Z,sell,2.44e-06,2683.0,0.00654652
APPC/BTC,1603565893780,2020-10-24T18:58:13.780Z,buy,2.45e-06,294.0,0.0007203
APPC/BTC,1603565903652,2020-10-24T18:58:23.652Z,sell,2.44e-06,1324.0,0.00323056
APPC/BTC,1603565957847,2020-10-24T18:59:17.847Z,buy,2.45e-06,10229.0,0.0250610499999999
APPC/BTC,1603565958876,2020-10-24T18:59:18.876Z,buy,2.45e-06,3312.0,0.0081143999999999
APPC/BTC,1603566019565,2020-10-24T19:00:19.565Z,buy,2.45e-06,187.0,0.00045815
APPC/BTC,1603566063893,2020-10-24T19:01:03.893Z,buy,2.45e-06,56.0,0.0001372
APPC/BTC,1603566064154,2020-10-24T19:01:04.154Z,buy,2.45e-06,18.0,4.41e-05
APPC/BTC,1603566064154,2020-10-24T19:01:04.154Z,buy,2.46e-06,39.0,9.594e-05
APPC/BTC,1603566295390,2020-10-24T19:04:55.390Z,buy,2.45e-06,46.0,0.0001126999999999
APPC/BTC,1603566328591,2020-10-24T19:05:28.591Z,buy,2.45e-06,92.0,0.0002253999999999
APPC/BTC,1603566349960,2020-10-24T19:05:49.960Z,buy,2.45e-06,72.0,0.0001763999999999
APPC/BTC,1603566392979,2020-10-24T19:06:32.979Z,buy,2.45e-06,68.0,0.0001665999999999
APPC/BTC,1603566430247,2020-10-24T19:07:10.247Z,buy,2.45e-06,62.0,0.0001518999999999
APPC/BTC,1603566921870,2020-10-24T19:15:21.870Z,buy,2.46e-06,97.0,0.00023862
APPC/BTC,1603566935656,2020-10-24T19:15:35.656Z,buy,2.46e-06,407.0,0.00100122
APPC/BTC,1603567210161,2020-10-24T19:20:10.161Z,sell,2.45e-06,117.0,0.00028665
APPC/BTC,1603568036929,2020-10-24T19:33:56.929Z,buy,2.45e-06,102.0,0.0002499
APPC/BTC,1603568405057,2020-10-24T19:40:05.057Z,buy,2.45e-06,91.0,0.00022295
APPC/BTC,1603568405214,2020-10-24T19:40:05.214Z,buy,2.45e-06,91.0,0.00022295
APPC/BTC,1603568457259,2020-10-24T19:40:57.259Z,buy,2.45e-06,81.0,0.00019845
APPC/BTC,1603568458398,2020-10-24T19:40:58.398Z,buy,2.45e-06,56.0,0.0001372
APPC/BTC,1603568494457,2020-10-24T19:41:34.457Z,buy,2.45e-06,111.0,0.0002719499999999
APPC/BTC,1603568495575,2020-10-24T19:41:35.575Z,buy,2.45e-06,104.0,0.0002547999999999
APPC/BTC,1603568529744,2020-10-24T19:42:09.744Z,buy,2.45e-06,129.0,0.0003160499999999
APPC/BTC,1603568569088,2020-10-24T19:42:49.088Z,buy,2.45e-06,68.0,0.0001665999999999
APPC/BTC,1603568592387,2020-10-24T19:43:12.387Z,buy,2.45e-06,43.0,0.00010535
APPC/BTC,1603568614743,2020-10-24T19:43:34.743Z,buy,2.45e-06,63.0,0.0001543499999999
APPC/BTC,1603568635892,2020-10-24T19:43:55.892Z,buy,2.45e-06,71.0,0.00017395
APPC/BTC,1603568635892,2020-10-24T19:43:55.892Z,buy,2.45e-06,71.0,0.00017395
APPC/BTC,1603569290088,2020-10-24T19:54:50.088Z,sell,2.44e-06,896.0,0.00218624
APPC/BTC,1603569987061,2020-10-24T20:06:27.061Z,buy,2.45e-06,9.0,2.205e-05
APPC/BTC,1603569987061,2020-10-24T20:06:27.061Z,buy,2.46e-06,85.0,0.0002091
APPC/BTC,1603570864543,2020-10-24T20:21:04.543Z,buy,2.46e-06,686.0,0.00168756
APPC/BTC,1603570991510,2020-10-24T20:23:11.510Z,buy,2.46e-06,145.0,0.0003567
APPC/BTC,1603571001501,2020-10-24T20:23:21.501Z,buy,2.46e-06,1220.0,0.0030012
APPC/BTC,1603571368197,2020-10-24T20:29:28.197Z,buy,2.45e-06,96.0,0.0002351999999999
APPC/BTC,1603571443357,2020-10-24T20:30:43.357Z,sell,2.45e-06,82.0,0.0002008999999999
APPC/BTC,1603571443357,2020-10-24T20:30:43.357Z,sell,2.44e-06,463.0,0.00112972
APPC/BTC,1603571725580,2020-10-24T20:35:25.580Z,buy,2.46e-06,108.0,0.00026568
APPC/BTC,1603571725580,2020-10-24T20:35:25.580Z,buy,2.46e-06,108.0,0.00026568
APPC/BTC,1603573530375,2020-10-24T21:05:30.375Z,sell,2.45e-06,41.0,0.0001004499999999
APPC/BTC,1603573530375,2020-10-24T21:05:30.375Z,sell,2.44e-06,33.0,8.052e-05
APPC/BTC,1603573724897,2020-10-24T21:08:44.897Z,sell,2.44e-06,877.0,0.00213988
APPC/BTC,1603573724897,2020-10-24T21:08:44.897Z,sell,2.43e-06,30870.0,0.0750141
APPC/BTC,1603573725802,2020-10-24T21:08:45.802Z,sell,2.44e-06,8216.0,0.02004704
APPC/BTC,1603573776737,2020-10-24T21:09:36.737Z,sell,2.44e-06,544.0,0.0013273599999999
APPC/BTC,1603574241951,2020-10-24T21:17:21.951Z,buy,2.45e-06,3094.0,0.0075803
APPC/BTC,1603574749483,2020-10-24T21:25:49.483Z,sell,2.44e-06,280.0,0.0006832
APPC/BTC,1603574749483,2020-10-24T21:25:49.483Z,sell,2.43e-06,3075.0,0.00747225
APPC/BTC,1603574915494,2020-10-24T21:28:35.494Z,sell,2.43e-06,945.0,0.00229635
APPC/BTC,1603575041288,2020-10-24T21:30:41.288Z,buy,2.45e-06,84.0,0.0002058
APPC/BTC,1603575101059,2020-10-24T21:31:41.059Z,buy,2.45e-06,1751.0,0.00428995
APPC/BTC,1603575101059,2020-10-24T21:31:41.059Z,buy,2.46e-06,282.0,0.00069372
APPC/BTC,1603575116741,2020-10-24T21:31:56.741Z,buy,2.45e-06,505.0,0.0012372499999999
APPC/BTC,1603575119205,2020-10-24T21:31:59.205Z,buy,2.46e-06,128.0,0.00031488
APPC/BTC,1603575125723,2020-10-24T21:32:05.723Z,buy,2.45e-06,43.0,0.00010535
APPC/BTC,1603575125723,2020-10-24T21:32:05.723Z,buy,2.45e-06,43.0,0.00010535
APPC/BTC,1603575994823,2020-10-24T21:46:34.823Z,buy,2.45e-06,105.0,0.00025725
APPC/BTC,1603576016055,2020-10-24T21:46:56.055Z,buy,2.45e-06,145.0,0.00035525
APPC/BTC,1603576044063,2020-10-24T21:47:24.063Z,buy,2.45e-06,75.0,0.00018375
APPC/BTC,1603576111492,2020-10-24T21:48:31.492Z,buy,2.45e-06,90.0,0.0002205
APPC/BTC,1603576146790,2020-10-24T21:49:06.790Z,buy,2.45e-06,76.0,0.0001862
APPC/BTC,1603576187411,2020-10-24T21:49:47.411Z,sell,2.44e-06,404.0,0.00098576
APPC/BTC,1603576187694,2020-10-24T21:49:47.694Z,buy,2.44e-06,171.0,0.00041724
APPC/BTC,1603576188519,2020-10-24T21:49:48.519Z,buy,2.44e-06,625.0,0.0015249999999999
APPC/BTC,1603576392083,2020-10-24T21:53:12.083Z,buy,2.45e-06,1103.0,0.0027023499999999
APPC/BTC,1603576880008,2020-10-24T22:01:20.008Z,buy,2.44e-06,100.0,0.000244
APPC/BTC,1603576909174,2020-10-24T22:01:49.174Z,buy,2.44e-06,67.0,0.00016348
APPC/BTC,1603576930248,2020-10-24T22:02:10.248Z,buy,2.44e-06,76.0,0.0001854399999999
APPC/BTC,1603576930351,2020-10-24T22:02:10.351Z,buy,2.44e-06,11.0,2.684e-05
APPC/BTC,1603576930351,2020-10-24T22:02:10.351Z,buy,2.45e-06,66.0,0.0001617
APPC/BTC,1603576983782,2020-10-24T22:03:03.782Z,buy,2.44e-06,466.0,0.00113704
APPC/BTC,1603576983782,2020-10-24T22:03:03.782Z,buy,2.44e-06,466.0,0.00113704
APPC/BTC,1603585336380,2020-10-25T00:22:16.380Z,sell,2.44e-06,77.0,0.00018788
APPC/BTC,1603585336380,2020-10-25T00:22:16.380Z,sell,2.44e-06,77.0,0.00018788
APPC/BTC,1603585858926,2020-10-25T00:30:58.926Z,sell,2.44e-06,106.0,0.00025864
APPC/BTC,1603586020670,2020-10-25T00:33:40.670Z,sell,2.44e-06,162.0,0.0003952799999999
APPC/BTC,1603586020670,2020-10-25T00:33:40.670Z,sell,2.44e-06,162.0,0.0003952799999999
APPC/BTC,1603589093569,2020-10-25T01:24:53.569Z,buy,2.44e-06,487.0,0.00118828
APPC/BTC,1603589611561,2020-10-25T01:33:31.561Z,buy,2.44e-06,67.0,0.00016348
APPC/BTC,1603589611561,2020-10-25T01:33:31.561Z,buy,2.44e-06,67.0,0.00016348
APPC/BTC,1603590643882,2020-10-25T01:50:43.882Z,sell,2.43e-06,123.0,0.00029889
APPC/BTC,1603590709928,2020-10-25T01:51:49.928Z,sell,2.43e-06,968.0,0.00235224
APPC/BTC,1603590948759,2020-10-25T01:55:48.759Z,sell,2.43e-06,123.0,0.00029889
APPC/BTC,1603592023618,2020-10-25T02:13:43.618Z,sell,2.43e-06,520.0,0.0012636
APPC/BTC,1603592023618,2020-10-25T02:13:43.618Z,sell,2.43e-06,520.0,0.0012636
APPC/BTC,1603593908852,2020-10-25T02:45:08.852Z,buy,2.45e-06,5275.0,0.01292375
APPC/BTC,1603593908852,2020-10-25T02:45:08.852Z,buy,2.46e-06,14904.0,0.03666384
APPC/BTC,1603593908852,2020-10-25T02:45:08.852Z,buy,2.47e-06,5987.0,0.01478789
APPC/BTC,1603593908852,2020-10-25T02:45:08.852Z,buy,2.48e-06,26249.0,0.06509752
APPC/BTC,1603593908852,2020-10-25T02:45:08.852Z,buy,2.49e-06,11807.0,0.0293994299999999
APPC/BTC,1603593908867,2020-10-25T02:45:08.867Z,buy,2.45e-06,3864.0,0.0094668
APPC/BTC,1603593912672,2020-10-25T02:45:12.672Z,sell,2.47e-06,71.0,0.00017537
APPC/BTC,1603593914297,2020-10-25T02:45:14.297Z,sell,2.46e-06,676.0,0.00166296
APPC/BTC,1603593914401,2020-10-25T02:45:14.401Z,sell,2.46e-06,94.0,0.00023124
APPC/BTC,1603594034401,2020-10-25T02:47:14.401Z,buy,2.48e-06,43201.0,0.10713848
APPC/BTC,1603594034401,2020-10-25T02:47:14.401Z,buy,2.49e-06,19813.0,0.0493343699999999
APPC/BTC,1603595107362,2020-10-25T03:05:07.362Z,sell,2.46e-06,575.0,0.0014145
APPC/BTC,1603595130346,2020-10-25T03:05:30.346Z,sell,2.46e-06,74.0,0.00018204
APPC/BTC,1603595424305,2020-10-25T03:10:24.305Z,sell,2.46e-06,246.0,0.00060516
APPC/BTC,1603595424305,2020-10-25T03:10:24.305Z,sell,2.46e-06,246.0,0.00060516
APPC/BTC,1603595764595,2020-10-25T03:16:04.595Z,buy,2.48e-06,41.0,0.00010168
APPC/BTC,1603596730554,2020-10-25T03:32:10.554Z,sell,2.46e-06,174.0,0.00042804
APPC/BTC,1603596915821,2020-10-25T03:35:15.821Z,sell,2.46e-06,61.0,0.00015006
APPC/BTC,1603596915953,2020-10-25T03:35:15.953Z,sell,2.46e-06,62.0,0.00015252
APPC/BTC,1603596916070,2020-10-25T03:35:16.070Z,sell,2.46e-06,1969.0,0.00484374
APPC/BTC,1603596916275,2020-10-25T03:35:16.275Z,sell,2.45e-06,1062.0,0.0026019
APPC/BTC,1603598652348,2020-10-25T04:04:12.348Z,sell,2.45e-06,98.0,0.0002400999999999
APPC/BTC,1603598652348,2020-10-25T04:04:12.348Z,sell,2.45e-06,98.0,0.0002400999999999
APPC/BTC,1603599116745,2020-10-25T04:11:56.745Z,sell,2.45e-06,371.0,0.00090895
APPC/BTC,1603599116745,2020-10-25T04:11:56.745Z,sell,2.44e-06,11874.0,0.0289725599999999
APPC/BTC,1603599116859,2020-10-25T04:11:56.859Z,sell,2.44e-06,2802.0,0.00683688
APPC/BTC,1603599144260,2020-10-25T04:12:24.260Z,sell,2.44e-06,124.0,0.00030256
APPC/BTC,1603601700110,2020-10-25T04:55:00.110Z,buy,2.45e-06,14899.0,0.0365025499999999
APPC/BTC,1603601700110,2020-10-25T04:55:00.110Z,buy,2.46e-06,11043.0,0.02716578
APPC/BTC,1603601700110,2020-10-25T04:55:00.110Z,buy,2.47e-06,72.0,0.00017784
APPC/BTC,1603601700110,2020-10-25T04:55:00.110Z,buy,2.48e-06,31589.0,0.07834072
APPC/BTC,1603601707910,2020-10-25T04:55:07.910Z,sell,2.45e-06,72.0,0.0001763999999999
APPC/BTC,1603601707930,2020-10-25T04:55:07.930Z,sell,2.45e-06,509.0,0.00124705
APPC/BTC,1603601708698,2020-10-25T04:55:08.698Z,sell,2.45e-06,448.0,0.0010976
APPC/BTC,1603601708891,2020-10-25T04:55:08.891Z,sell,2.45e-06,582.0,0.0014259
APPC/BTC,1603601740808,2020-10-25T04:55:40.808Z,buy,2.46e-06,448.0,0.00110208
APPC/BTC,1603601778021,2020-10-25T04:56:18.021Z,sell,2.44e-06,68.0,0.0001659199999999
APPC/BTC,1603601778124,2020-10-25T04:56:18.124Z,sell,2.44e-06,68.0,0.0001659199999999
APPC/BTC,1603601824918,2020-10-25T04:57:04.918Z,sell,2.44e-06,64.0,0.00015616
APPC/BTC,1603601824918,2020-10-25T04:57:04.918Z,sell,2.44e-06,64.0,0.00015616
APPC/BTC,1603603726883,2020-10-25T05:28:46.883Z,sell,2.45e-06,110.0,0.0002695
APPC/BTC,1603603947047,2020-10-25T05:32:27.047Z,buy,2.45e-06,189.0,0.0004630499999999
APPC/BTC,1603604192225,2020-10-25T05:36:32.225Z,sell,2.43e-06,4270.0,0.0103761
APPC/BTC,1603604226396,2020-10-25T05:37:06.396Z,buy,2.44e-06,513.0,0.00125172
APPC/BTC,1603604226396,2020-10-25T05:37:06.396Z,buy,2.45e-06,1690.0,0.0041405
APPC/BTC,1603604236203,2020-10-25T05:37:16.203Z,buy,2.44e-06,2504.0,0.00610976
APPC/BTC,1603604236308,2020-10-25T05:37:16.308Z,buy,2.44e-06,1251.0,0.00305244
APPC/BTC,1603604244256,2020-10-25T05:37:24.256Z,sell,2.43e-06,14800.0,0.035964
APPC/BTC,1603604301210,2020-10-25T05:38:21.210Z,sell,2.42e-06,206.0,0.00049852
APPC/BTC,1603604372904,2020-10-25T05:39:32.904Z,sell,2.42e-06,42.0,0.00010164
APPC/BTC,1603604372905,2020-10-25T05:39:32.905Z,sell,2.42e-06,160.0,0.0003872
APPC/BTC,1603604372913,2020-10-25T05:39:32.913Z,sell,2.42e-06,120.0,0.0002904
APPC/BTC,1603604745347,2020-10-25T05:45:45.347Z,buy,2.43e-06,5022.0,0.01220346
APPC/BTC,1603604745471,2020-10-25T05:45:45.471Z,buy,2.43e-06,2643.0,0.00642249
APPC/BTC,1603604745688,2020-10-25T05:45:45.688Z,buy,2.43e-06,1320.0,0.0032076
APPC/BTC,1603604745749,2020-10-25T05:45:45.749Z,buy,2.43e-06,1813.0,0.00440559
APPC/BTC,1603604746188,2020-10-25T05:45:46.188Z,buy,2.44e-06,1563.0,0.00381372
APPC/BTC,1603604746482,2020-10-25T05:45:46.482Z,buy,2.44e-06,781.0,0.00190564
APPC/BTC,1603604746829,2020-10-25T05:45:46.829Z,buy,2.44e-06,1169.0,0.00285236
APPC/BTC,1603604747492,2020-10-25T05:45:47.492Z,buy,2.44e-06,1744.0,0.00425536
APPC/BTC,1603604747685,2020-10-25T05:45:47.685Z,buy,2.44e-06,872.0,0.00212768
APPC/BTC,1603604748192,2020-10-25T05:45:48.192Z,buy,2.44e-06,434.0,0.00105896
APPC/BTC,1603604757831,2020-10-25T05:45:57.831Z,buy,2.44e-06,1239.0,0.00302316
APPC/BTC,1603604758292,2020-10-25T05:45:58.292Z,buy,2.45e-06,560.0,0.001372
APPC/BTC,1603604758297,2020-10-25T05:45:58.297Z,sell,2.44e-06,548.0,0.00133712
APPC/BTC,1603604758577,2020-10-25T05:45:58.577Z,buy,2.45e-06,2000.0,0.0049
APPC/BTC,1603604758582,2020-10-25T05:45:58.582Z,buy,2.45e-06,4000.0,0.0098
APPC/BTC,1603604758587,2020-10-25T05:45:58.587Z,buy,2.45e-06,1519.0,0.0037215499999999
APPC/BTC,1603604759565,2020-10-25T05:45:59.565Z,sell,2.45e-06,1873.0,0.0045888499999999
APPC/BTC,1603604759906,2020-10-25T05:45:59.906Z,buy,2.46e-06,4942.0,0.01215732
APPC/BTC,1603604760341,2020-10-25T05:46:00.341Z,sell,2.45e-06,1838.0,0.0045030999999999
APPC/BTC,1603604760346,2020-10-25T05:46:00.346Z,sell,2.45e-06,3114.0,0.0076292999999999
APPC/BTC,1603604761404,2020-10-25T05:46:01.404Z,buy,2.44e-06,3150.0,0.007686
APPC/BTC,1603604761691,2020-10-25T05:46:01.691Z,buy,2.44e-06,1873.0,0.0045701199999999
APPC/BTC,1603604762592,2020-10-25T05:46:02.592Z,buy,2.45e-06,448.0,0.0010976
APPC/BTC,1603604768476,2020-10-25T05:46:08.476Z,sell,2.45e-06,2659.0,0.0065145499999999
APPC/BTC,1603604768701,2020-10-25T05:46:08.701Z,sell,2.45e-06,380.0,0.000931
APPC/BTC,1603604770707,2020-10-25T05:46:10.707Z,buy,2.45e-06,768.0,0.0018815999999999
APPC/BTC,1603604787456,2020-10-25T05:46:27.456Z,sell,2.44e-06,560.0,0.0013664
APPC/BTC,1603604787840,2020-10-25T05:46:27.840Z,sell,2.44e-06,79.0,0.00019276
APPC/BTC,1603604798107,2020-10-25T05:46:38.107Z,sell,2.45e-06,237.0,0.0005806499999999
APPC/BTC,1603605087612,2020-10-25T05:51:27.612Z,buy,2.45e-06,82.0,0.0002008999999999
APPC/BTC,1603605087612,2020-10-25T05:51:27.612Z,buy,2.45e-06,82.0,0.0002008999999999
APPC/BTC,1603605793430,2020-10-25T06:03:13.430Z,sell,2.44e-06,803.0,0.00195932
APPC/BTC,1603605968323,2020-10-25T06:06:08.323Z,buy,2.44e-06,82.0,0.00020008
APPC/BTC,1603606312671,2020-10-25T06:11:52.671Z,buy,2.44e-06,208.0,0.00050752
APPC/BTC,1603606505498,2020-10-25T06:15:05.498Z,sell,2.43e-06,1110.0,0.0026973
APPC/BTC,1603606516007,2020-10-25T06:15:16.007Z,sell,2.42e-06,1080.0,0.0026136
APPC/BTC,1603606525032,2020-10-25T06:15:25.032Z,buy,2.42e-06,1139.0,0.00275638
APPC/BTC,1603606568694,2020-10-25T06:16:08.694Z,buy,2.42e-06,83.0,0.00020086
APPC/BTC,1603606653873,2020-10-25T06:17:33.873Z,sell,2.41e-06,2147.0,0.00517427
APPC/BTC,1603606741702,2020-10-25T06:19:01.702Z,sell,2.41e-06,1093.0,0.0026341299999999
APPC/BTC,1603607524591,2020-10-25T06:32:04.591Z,buy,2.42e-06,2232.0,0.00540144
APPC/BTC,1603607524896,2020-10-25T06:32:04.896Z,buy,2.42e-06,3605.0,0.0087241
APPC/BTC,1603607528179,2020-10-25T06:32:08.179Z,buy,2.43e-06,514.0,0.00124902
APPC/BTC,1603607532022,2020-10-25T06:32:12.022Z,buy,2.43e-06,12.0,2.916e-05
APPC/BTC,1603607532022,2020-10-25T06:32:12.022Z,buy,2.44e-06,1667.0,0.00406748
APPC/BTC,1603607532022,2020-10-25T06:32:12.022Z,buy,2.45e-06,18.0,4.41e-05
APPC/BTC,1603607534625,2020-10-25T06:32:14.625Z,buy,2.43e-06,78.0,0.00018954
APPC/BTC,1603607535176,2020-10-25T06:32:15.176Z,buy,2.43e-06,245.0,0.00059535
APPC/BTC,1603607573695,2020-10-25T06:32:53.695Z,buy,2.43e-06,73.0,0.00017739
APPC/BTC,1603607580278,2020-10-25T06:33:00.278Z,buy,2.43e-06,118.0,0.00028674
APPC/BTC,1603607581019,2020-10-25T06:33:01.019Z,buy,2.44e-06,290.0,0.0007076
APPC/BTC,1603607581428,2020-10-25T06:33:01.428Z,buy,2.44e-06,1010.0,0.0024644
APPC/BTC,1603607582069,2020-10-25T06:33:02.069Z,buy,2.44e-06,650.0,0.001586
APPC/BTC,1603607583045,2020-10-25T06:33:03.045Z,buy,2.44e-06,325.0,0.000793
APPC/BTC,1603607584027,2020-10-25T06:33:04.027Z,buy,2.44e-06,325.0,0.000793
APPC/BTC,1603607603362,2020-10-25T06:33:23.362Z,sell,2.43e-06,205.0,0.00049815
APPC/BTC,1603607603554,2020-10-25T06:33:23.554Z,buy,2.43e-06,2072.0,0.00503496
APPC/BTC,1603607603557,2020-10-25T06:33:23.557Z,buy,2.43e-06,2104.0,0.00511272
APPC/BTC,1603608128334,2020-10-25T06:42:08.334Z,sell,2.43e-06,83.0,0.00020169
APPC/BTC,1603608128334,2020-10-25T06:42:08.334Z,sell,2.43e-06,83.0,0.00020169
APPC/BTC,1603608788690,2020-10-25T06:53:08.690Z,buy,2.44e-06,78.0,0.00019032
APPC/BTC,1603608855995,2020-10-25T06:54:15.995Z,buy,2.44e-06,88.0,0.00021472
APPC/BTC,1603609168073,2020-10-25T06:59:28.073Z,buy,2.44e-06,43.0,0.0001049199999999
APPC/BTC,1603609170248,2020-10-25T06:59:30.248Z,buy,2.44e-06,77.0,0.00018788
APPC/BTC,1603609194515,2020-10-25T06:59:54.515Z,buy,2.44e-06,80.0,0.0001952
APPC/BTC,1603609226688,2020-10-25T07:00:26.688Z,buy,2.44e-06,85.0,0.0002074
APPC/BTC,1603609382817,2020-10-25T07:03:02.817Z,sell,2.43e-06,575.0,0.00139725
APPC/BTC,1603611509571,2020-10-25T07:38:29.571Z,buy,2.45e-06,4456.0,0.0109171999999999
APPC/BTC,1603611648594,2020-10-25T07:40:48.594Z,sell,2.43e-06,270.0,0.0006561
APPC/BTC,1603611658748,2020-10-25T07:40:58.748Z,buy,2.44e-06,43.0,0.0001049199999999
APPC/BTC,1603611690757,2020-10-25T07:41:30.757Z,buy,2.44e-06,125.0,0.000305
APPC/BTC,1603611714982,2020-10-25T07:41:54.982Z,buy,2.44e-06,77.0,0.00018788
APPC/BTC,1603611714982,2020-10-25T07:41:54.982Z,buy,2.44e-06,77.0,0.00018788
APPC/BTC,1603611735379,2020-10-25T07:42:15.379Z,buy,2.44e-06,94.0,0.0002293599999999
APPC/BTC,1603611766411,2020-10-25T07:42:46.411Z,buy,2.44e-06,101.0,0.00024644
APPC/BTC,1603611782413,2020-10-25T07:43:02.413Z,buy,2.44e-06,509.0,0.00124196
APPC/BTC,1603611791585,2020-10-25T07:43:11.585Z,buy,2.44e-06,125.0,0.000305
APPC/BTC,1603611821819,2020-10-25T07:43:41.819Z,buy,2.44e-06,74.0,0.00018056
APPC/BTC,1603612600478,2020-10-25T07:56:40.478Z,sell,2.43e-06,509.0,0.00123687
APPC/BTC,1603613636041,2020-10-25T08:13:56.041Z,sell,2.43e-06,803.0,0.00195129
APPC/BTC,1603613652869,2020-10-25T08:14:12.869Z,buy,2.43e-06,1145.0,0.00278235
APPC/BTC,1603614277938,2020-10-25T08:24:37.938Z,sell,2.42e-06,519.0,0.00125598
APPC/BTC,1603614701650,2020-10-25T08:31:41.650Z,sell,2.42e-06,1925.0,0.0046585
APPC/BTC,1603614879492,2020-10-25T08:34:39.492Z,buy,2.43e-06,376.0,0.00091368
APPC/BTC,1603614959959,2020-10-25T08:35:59.959Z,sell,2.43e-06,2324.0,0.00564732
APPC/BTC,1603614959959,2020-10-25T08:35:59.959Z,sell,2.43e-06,2324.0,0.00564732
APPC/BTC,1603615320309,2020-10-25T08:42:00.309Z,buy,2.44e-06,751.0,0.0018324399999999
APPC/BTC,1603615340410,2020-10-25T08:42:20.410Z,buy,2.45e-06,3399.0,0.00832755
APPC/BTC,1603615340424,2020-10-25T08:42:20.424Z,sell,2.45e-06,4094.0,0.0100302999999999
APPC/BTC,1603617987874,2020-10-25T09:26:27.874Z,sell,2.44e-06,575.0,0.001403
APPC/BTC,1603617987874,2020-10-25T09:26:27.874Z,sell,2.44e-06,575.0,0.001403
APPC/BTC,1603619610046,2020-10-25T09:53:30.046Z,sell,2.44e-06,56.0,0.00013664
APPC/BTC,1603620152146,2020-10-25T10:02:32.146Z,sell,2.44e-06,3033.0,0.00740052
APPC/BTC,1603620152180,2020-10-25T10:02:32.180Z,sell,2.44e-06,1917.0,0.0046774799999999
APPC/BTC,1603620152180,2020-10-25T10:02:32.180Z,sell,2.43e-06,1172.0,0.00284796
APPC/BTC,1603620152182,2020-10-25T10:02:32.182Z,sell,2.43e-06,72.0,0.00017496
APPC/BTC,1603620152204,2020-10-25T10:02:32.204Z,sell,2.43e-06,625.0,0.00151875
APPC/BTC,1603620152249,2020-10-25T10:02:32.249Z,sell,2.43e-06,137.0,0.00033291
APPC/BTC,1603620153004,2020-10-25T10:02:33.004Z,sell,2.43e-06,630.0,0.0015309
APPC/BTC,1603620153365,2020-10-25T10:02:33.365Z,sell,2.43e-06,953.0,0.00231579
APPC/BTC,1603620153365,2020-10-25T10:02:33.365Z,sell,2.42e-06,9583.0,0.02319086
APPC/BTC,1603620153365,2020-10-25T10:02:33.365Z,sell,2.41e-06,3272.0,0.00788552
APPC/BTC,1603620153392,2020-10-25T10:02:33.392Z,sell,2.41e-06,456.0,0.00109896
APPC/BTC,1603620153445,2020-10-25T10:02:33.445Z,sell,2.41e-06,6323.0,0.0152384299999999
APPC/BTC,1603620153468,2020-10-25T10:02:33.468Z,buy,2.41e-06,2073.0,0.00499593
APPC/BTC,1603620153742,2020-10-25T10:02:33.742Z,sell,2.41e-06,1789.0,0.0043114899999999
APPC/BTC,1603620154295,2020-10-25T10:02:34.295Z,sell,2.41e-06,1041.0,0.0025088099999999
APPC/BTC,1603620154710,2020-10-25T10:02:34.710Z,sell,2.41e-06,29045.0,0.0699984499999999
APPC/BTC,1603620155418,2020-10-25T10:02:35.418Z,sell,2.41e-06,7762.0,0.0187064199999999
APPC/BTC,1603620155482,2020-10-25T10:02:35.482Z,sell,2.41e-06,4556.0,0.0109799599999999
APPC/BTC,1603620155814,2020-10-25T10:02:35.814Z,sell,2.41e-06,9061.0,0.0218370099999999
APPC/BTC,1603620156094,2020-10-25T10:02:36.094Z,sell,2.41e-06,4472.0,0.0107775199999999
APPC/BTC,1603620156736,2020-10-25T10:02:36.736Z,sell,2.41e-06,6224.0,0.0149998399999999
APPC/BTC,1603620158821,2020-10-25T10:02:38.821Z,sell,2.41e-06,3987.0,0.00960867
APPC/BTC,1603620172365,2020-10-25T10:02:52.365Z,buy,2.43e-06,2354.0,0.00572022
APPC/BTC,1603620172365,2020-10-25T10:02:52.365Z,buy,2.44e-06,2328.0,0.00568032
APPC/BTC,1603620204925,2020-10-25T10:03:24.925Z,sell,2.43e-06,144.0,0.00034992
APPC/BTC,1603620231366,2020-10-25T10:03:51.366Z,sell,2.43e-06,3068.0,0.00745524
APPC/BTC,1603620243130,2020-10-25T10:04:03.130Z,sell,2.43e-06,698.0,0.00169614
APPC/BTC,1603621111823,2020-10-25T10:18:31.823Z,sell,2.43e-06,1169.0,0.00284067
APPC/BTC,1603621202425,2020-10-25T10:20:02.425Z,sell,2.43e-06,94.0,0.00022842
APPC/BTC,1603621202545,2020-10-25T10:20:02.545Z,sell,2.43e-06,28.0,6.804e-05
APPC/BTC,1603621202545,2020-10-25T10:20:02.545Z,sell,2.42e-06,66.0,0.00015972
APPC/BTC,1603621480461,2020-10-25T10:24:40.461Z,sell,2.42e-06,575.0,0.0013915
APPC/BTC,1603621495155,2020-10-25T10:24:55.155Z,sell,2.42e-06,120.0,0.0002904
APPC/BTC,1603621495155,2020-10-25T10:24:55.155Z,sell,2.42e-06,120.0,0.0002904
APPC/BTC,1603621645497,2020-10-25T10:27:25.497Z,buy,2.43e-06,2160.0,0.0052488
APPC/BTC,1603621645964,2020-10-25T10:27:25.964Z,sell,2.43e-06,108.0,0.00026244
APPC/BTC,1603621683244,2020-10-25T10:28:03.244Z,sell,2.42e-06,900.0,0.002178
APPC/BTC,1603622200017,2020-10-25T10:36:40.017Z,sell,2.42e-06,20.0,4.84e-05
APPC/BTC,1603622200017,2020-10-25T10:36:40.017Z,sell,2.41e-06,30.0,7.23e-05
APPC/BTC,1603622340112,2020-10-25T10:39:00.112Z,sell,2.41e-06,66.0,0.0001590599999999
APPC/BTC,1603622387116,2020-10-25T10:39:47.116Z,sell,2.41e-06,339.0,0.00081699
APPC/BTC,1603622792081,2020-10-25T10:46:32.081Z,sell,2.41e-06,128.0,0.00030848
APPC/BTC,1603622807166,2020-10-25T10:46:47.166Z,sell,2.42e-06,53.0,0.00012826
APPC/BTC,1603622847470,2020-10-25T10:47:27.470Z,sell,2.41e-06,1093.0,0.0026341299999999
APPC/BTC,1603622847485,2020-10-25T10:47:27.485Z,sell,2.41e-06,610.0,0.0014700999999999
APPC/BTC,1603623115108,2020-10-25T10:51:55.108Z,sell,2.41e-06,245.0,0.00059045
APPC/BTC,1603623146050,2020-10-25T10:52:26.050Z,sell,2.41e-06,575.0,0.0013857499999999
APPC/BTC,1603623841282,2020-10-25T11:04:01.282Z,buy,2.43e-06,28306.0,0.06878358
APPC/BTC,1603623841282,2020-10-25T11:04:01.282Z,buy,2.43e-06,28306.0,0.06878358
APPC/BTC,1603626482113,2020-10-25T11:48:02.113Z,sell,2.41e-06,42.0,0.00010122
APPC/BTC,1603627156895,2020-10-25T11:59:16.895Z,buy,2.43e-06,18576.0,0.04513968
APPC/BTC,1603627189776,2020-10-25T11:59:49.776Z,buy,2.43e-06,31697.0,0.07702371
APPC/BTC,1603627189776,2020-10-25T11:59:49.776Z,buy,2.43e-06,31697.0,0.07702371
APPC/BTC,1603628065073,2020-10-25T12:14:25.073Z,sell,2.42e-06,97.0,0.00023474
APPC/BTC,1603628065206,2020-10-25T12:14:25.206Z,sell,2.42e-06,98.0,0.00023716
APPC/BTC,1603628171197,2020-10-25T12:16:11.197Z,sell,2.42e-06,1338.0,0.00323796
APPC/BTC,1603628334097,2020-10-25T12:18:54.097Z,buy,2.43e-06,180.0,0.0004374
APPC/BTC,1603628343413,2020-10-25T12:19:03.413Z,buy,2.43e-06,7000.0,0.01701
APPC/BTC,1603628347925,2020-10-25T12:19:07.925Z,buy,2.43e-06,2926.0,0.00711018
APPC/BTC,1603628363318,2020-10-25T12:19:23.318Z,buy,2.43e-06,755.0,0.00183465
APPC/BTC,1603628368783,2020-10-25T12:19:28.783Z,buy,2.43e-06,755.0,0.00183465
APPC/BTC,1603628370821,2020-10-25T12:19:30.821Z,buy,2.43e-06,145.0,0.00035235
APPC/BTC,1603628370850,2020-10-25T12:19:30.850Z,sell,2.43e-06,610.0,0.0014823
APPC/BTC,1603628376248,2020-10-25T12:19:36.248Z,buy,2.43e-06,486.0,0.00118098
APPC/BTC,1603628381582,2020-10-25T12:19:41.582Z,sell,2.42e-06,82.0,0.00019844
APPC/BTC,1603628404331,2020-10-25T12:20:04.331Z,buy,2.43e-06,299.0,0.00072657
APPC/BTC,1603628616207,2020-10-25T12:23:36.207Z,sell,2.43e-06,86.0,0.00020898
APPC/BTC,1603628657029,2020-10-25T12:24:17.029Z,sell,2.43e-06,875.0,0.00212625
APPC/BTC,1603628657036,2020-10-25T12:24:17.036Z,sell,2.43e-06,117.0,0.00028431
APPC/BTC,1603628752386,2020-10-25T12:25:52.386Z,buy,2.44e-06,8564.0,0.02089616
APPC/BTC,1603628753399,2020-10-25T12:25:53.399Z,sell,2.44e-06,456.0,0.00111264
APPC/BTC,1603628754361,2020-10-25T12:25:54.361Z,sell,2.43e-06,942.0,0.00228906
APPC/BTC,1603628755383,2020-10-25T12:25:55.383Z,sell,2.43e-06,364.0,0.00088452
APPC/BTC,1603628760352,2020-10-25T12:26:00.352Z,buy,2.44e-06,1285.0,0.0031354
APPC/BTC,1603628760366,2020-10-25T12:26:00.366Z,sell,2.44e-06,5842.0,0.01425448
APPC/BTC,1603628760671,2020-10-25T12:26:00.671Z,sell,2.44e-06,788.0,0.00192272
APPC/BTC,1603628762542,2020-10-25T12:26:02.542Z,sell,2.43e-06,364.0,0.00088452
APPC/BTC,1603628762809,2020-10-25T12:26:02.809Z,buy,2.44e-06,1416.0,0.00345504
APPC/BTC,1603628762871,2020-10-25T12:26:02.871Z,sell,2.44e-06,3363.0,0.00820572
APPC/BTC,1603628762969,2020-10-25T12:26:02.969Z,sell,2.44e-06,1680.0,0.0040992
APPC/BTC,1603628763069,2020-10-25T12:26:03.069Z,sell,2.44e-06,840.0,0.0020496
APPC/BTC,1603628763566,2020-10-25T12:26:03.566Z,sell,2.44e-06,418.0,0.00101992
APPC/BTC,1603628785687,2020-10-25T12:26:25.687Z,buy,2.44e-06,322.0,0.00078568
APPC/BTC,1603628793501,2020-10-25T12:26:33.501Z,buy,2.44e-06,304.0,0.0007417599999999
APPC/BTC,1603628793593,2020-10-25T12:26:33.593Z,sell,2.44e-06,465.0,0.0011346
APPC/BTC,1603629339753,2020-10-25T12:35:39.753Z,sell,2.42e-06,373.0,0.00090266
APPC/BTC,1603629363490,2020-10-25T12:36:03.490Z,buy,2.44e-06,317.0,0.00077348
APPC/BTC,1603630735919,2020-10-25T12:58:55.919Z,buy,2.45e-06,1142.0,0.0027979
APPC/BTC,1603630735919,2020-10-25T12:58:55.919Z,buy,2.45e-06,1142.0,0.0027979
APPC/BTC,1603631502932,2020-10-25T13:11:42.932Z,buy,2.45e-06,1670.0,0.0040915
APPC/BTC,1603631503198,2020-10-25T13:11:43.198Z,sell,2.45e-06,1736.0,0.0042531999999999
APPC/BTC,1603631536689,2020-10-25T13:12:16.689Z,buy,2.46e-06,17583.0,0.04325418
APPC/BTC,1603631537001,2020-10-25T13:12:17.001Z,sell,2.46e-06,962.0,0.00236652
APPC/BTC,1603631546443,2020-10-25T13:12:26.443Z,sell,2.46e-06,343.0,0.00084378
APPC/BTC,1603631546462,2020-10-25T13:12:26.462Z,sell,2.46e-06,4934.0,0.01213764
APPC/BTC,1603631546472,2020-10-25T13:12:26.472Z,sell,2.46e-06,5933.0,0.01459518
APPC/BTC,1603632143158,2020-10-25T13:22:23.158Z,buy,2.45e-06,76.0,0.0001862
APPC/BTC,1603632251847,2020-10-25T13:24:11.847Z,buy,2.46e-06,20942.0,0.05151732
APPC/BTC,1603632927538,2020-10-25T13:35:27.538Z,sell,2.44e-06,336.0,0.00081984
APPC/BTC,1603633709561,2020-10-25T13:48:29.561Z,buy,2.46e-06,1496.0,0.00368016
APPC/BTC,1603633709561,2020-10-25T13:48:29.561Z,buy,2.47e-06,25518.0,0.06302946
APPC/BTC,1603633709838,2020-10-25T13:48:29.838Z,sell,2.47e-06,392.0,0.00096824
APPC/BTC,1603633776136,2020-10-25T13:49:36.136Z,sell,2.47e-06,92.0,0.00022724
APPC/BTC,1603633802384,2020-10-25T13:50:02.384Z,sell,2.47e-06,75.0,0.00018525
APPC/BTC,1603633802677,2020-10-25T13:50:02.677Z,sell,2.47e-06,82.0,0.00020254
APPC/BTC,1603633820770,2020-10-25T13:50:20.770Z,buy,2.48e-06,6672.0,0.01654656
APPC/BTC,1603634192397,2020-10-25T13:56:32.397Z,buy,2.48e-06,15149.0,0.03756952
APPC/BTC,1603634320508,2020-10-25T13:58:40.508Z,sell,2.47e-06,187.0,0.00046189
APPC/BTC,1603634322009,2020-10-25T13:58:42.009Z,sell,2.47e-06,333.0,0.00082251
APPC/BTC,1603634322009,2020-10-25T13:58:42.009Z,sell,2.47e-06,333.0,0.00082251
APPC/BTC,1603634396176,2020-10-25T13:59:56.176Z,sell,2.47e-06,100.0,0.000247
APPC/BTC,1603634400369,2020-10-25T14:00:00.369Z,buy,2.48e-06,81.0,0.00020088
APPC/BTC,1603634400369,2020-10-25T14:00:00.369Z,buy,2.49e-06,18.0,4.482e-05
APPC/BTC,1603634618182,2020-10-25T14:03:38.182Z,sell,2.47e-06,620.0,0.0015314
APPC/BTC,1603635120981,2020-10-25T14:12:00.981Z,buy,2.47e-06,620.0,0.0015314
APPC/BTC,1603635120981,2020-10-25T14:12:00.981Z,buy,2.48e-06,14667.0,0.03637416
APPC/BTC,1603635120981,2020-10-25T14:12:00.981Z,buy,2.49e-06,8866.0,0.02207634
APPC/BTC,1603635120981,2020-10-25T14:12:00.981Z,buy,2.5e-06,4291.0,0.0107275
APPC/BTC,1603635120981,2020-10-25T14:12:00.981Z,buy,2.51e-06,11838.0,0.02971338
APPC/BTC,1603635123521,2020-10-25T14:12:03.521Z,buy,2.5e-06,1630.0,0.004075
APPC/BTC,1603635132255,2020-10-25T14:12:12.255Z,sell,2.49e-06,70.0,0.0001742999999999
APPC/BTC,1603635132255,2020-10-25T14:12:12.255Z,sell,2.48e-06,872.0,0.00216256
APPC/BTC,1603635132388,2020-10-25T14:12:12.388Z,sell,2.47e-06,1454.0,0.00359138
APPC/BTC,1603635142634,2020-10-25T14:12:22.634Z,buy,2.49e-06,71.0,0.00017679
APPC/BTC,1603635180069,2020-10-25T14:13:00.069Z,sell,2.49e-06,90.0,0.0002241
APPC/BTC,1603635187659,2020-10-25T14:13:07.659Z,sell,2.49e-06,241.0,0.00060009
APPC/BTC,1603635222457,2020-10-25T14:13:42.457Z,buy,2.49e-06,472.0,0.00117528
APPC/BTC,1603635233605,2020-10-25T14:13:53.605Z,buy,2.49e-06,400.0,0.000996
APPC/BTC,1603635233618,2020-10-25T14:13:53.618Z,sell,2.5e-06,1043.0,0.0026075
APPC/BTC,1603635233628,2020-10-25T14:13:53.628Z,sell,2.5e-06,472.0,0.00118
APPC/BTC,1603635233772,2020-10-25T14:13:53.772Z,sell,2.5e-06,3081.0,0.0077025
APPC/BTC,1603635234365,2020-10-25T14:13:54.365Z,sell,2.5e-06,739.0,0.0018475
APPC/BTC,1603635234481,2020-10-25T14:13:54.481Z,sell,2.5e-06,234.0,0.000585
APPC/BTC,1603635246145,2020-10-25T14:14:06.145Z,buy,2.51e-06,15233.0,0.03823483
APPC/BTC,1603635274511,2020-10-25T14:14:34.511Z,buy,2.5e-06,6215.0,0.0155375
APPC/BTC,1603635306774,2020-10-25T14:15:06.774Z,sell,2.49e-06,78.0,0.00019422
APPC/BTC,1603635312174,2020-10-25T14:15:12.174Z,sell,2.49e-06,1267.0,0.00315483
APPC/BTC,1603635473602,2020-10-25T14:17:53.602Z,buy,2.49e-06,8719.0,0.02171031
APPC/BTC,1603635473602,2020-10-25T14:17:53.602Z,buy,2.5e-06,22028.0,0.05507
APPC/BTC,1603635473602,2020-10-25T14:17:53.602Z,buy,2.51e-06,75779.0,0.19020529
APPC/BTC,1603635482971,2020-10-25T14:18:02.971Z,buy,2.49e-06,462.0,0.00115038
APPC/BTC,1603635544986,2020-10-25T14:19:04.986Z,sell,2.48e-06,1622.0,0.00402256
APPC/BTC,1603635575380,2020-10-25T14:19:35.380Z,sell,2.5e-06,158.0,0.000395
APPC/BTC,1603635660109,2020-10-25T14:21:00.109Z,sell,2.48e-06,1102.0,0.00273296
APPC/BTC,1603635760483,2020-10-25T14:22:40.483Z,sell,2.48e-06,500.0,0.00124
APPC/BTC,1603635814252,2020-10-25T14:23:34.252Z,buy,2.49e-06,1931.0,0.0048081899999999
APPC/BTC,1603635849731,2020-10-25T14:24:09.731Z,sell,2.49e-06,399.0,0.00099351
APPC/BTC,1603635888005,2020-10-25T14:24:48.005Z,sell,2.49e-06,1024.0,0.00254976
APPC/BTC,1603635972751,2020-10-25T14:26:12.751Z,sell,2.49e-06,462.0,0.00115038
APPC/BTC,1603636075858,2020-10-25T14:27:55.858Z,buy,2.5e-06,242.0,0.000605
APPC/BTC,1603636087444,2020-10-25T14:28:07.444Z,sell,2.48e-06,858.0,0.0021278399999999
APPC/BTC,1603636182014,2020-10-25T14:29:42.014Z,buy,2.5e-06,335.0,0.0008375
APPC/BTC,1603636215523,2020-10-25T14:30:15.523Z,sell,2.48e-06,2438.0,0.00604624
APPC/BTC,1603636240607,2020-10-25T14:30:40.607Z,sell,2.49e-06,400.0,0.000996
APPC/BTC,1603636287284,2020-10-25T14:31:27.284Z,buy,2.49e-06,4949.0,0.0123230099999999
APPC/BTC,1603636298130,2020-10-25T14:31:38.130Z,buy,2.5e-06,2096.0,0.00524
APPC/BTC,1603636398773,2020-10-25T14:33:18.773Z,sell,2.49e-06,1640.0,0.0040836
APPC/BTC,1603636430389,2020-10-25T14:33:50.389Z,buy,2.49e-06,736.0,0.00183264
APPC/BTC,1603636804010,2020-10-25T14:40:04.010Z,sell,2.48e-06,57.0,0.00014136
APPC/BTC,1603636852477,2020-10-25T14:40:52.477Z,sell,2.49e-06,86.0,0.0002141399999999
APPC/BTC,1603636852617,2020-10-25T14:40:52.617Z,sell,2.49e-06,87.0,0.00021663
APPC/BTC,1603636979199,2020-10-25T14:42:59.199Z,sell,2.49e-06,75.0,0.0001867499999999
APPC/BTC,1603636979323,2020-10-25T14:42:59.323Z,sell,2.49e-06,76.0,0.00018924
APPC/BTC,1603637736987,2020-10-25T14:55:36.987Z,buy,2.51e-06,3349.0,0.00840599
APPC/BTC,1603637776946,2020-10-25T14:56:16.946Z,sell,2.49e-06,274.0,0.00068226
APPC/BTC,1603637863881,2020-10-25T14:57:43.881Z,buy,2.51e-06,184.0,0.00046184
APPC/BTC,1603637864144,2020-10-25T14:57:44.144Z,sell,2.51e-06,116.0,0.00029116
APPC/BTC,1603637880618,2020-10-25T14:58:00.618Z,buy,2.52e-06,43.0,0.00010836
APPC/BTC,1603637880643,2020-10-25T14:58:00.643Z,buy,2.52e-06,420.0,0.0010584
APPC/BTC,1603637908733,2020-10-25T14:58:28.733Z,buy,2.52e-06,1300.0,0.003276
APPC/BTC,1603637912019,2020-10-25T14:58:32.019Z,sell,2.51e-06,467.0,0.00117217
APPC/BTC,1603637912019,2020-10-25T14:58:32.019Z,sell,2.51e-06,467.0,0.00117217
APPC/BTC,1603637937830,2020-10-25T14:58:57.830Z,sell,2.51e-06,67.0,0.00016817
APPC/BTC,1603637947612,2020-10-25T14:59:07.612Z,buy,2.52e-06,1985.0,0.0050022
APPC/BTC,1603637947767,2020-10-25T14:59:07.767Z,buy,2.52e-06,794.0,0.00200088
APPC/BTC,1603637947915,2020-10-25T14:59:07.915Z,buy,2.52e-06,635.0,0.0016002
APPC/BTC,1603637950888,2020-10-25T14:59:10.888Z,buy,2.52e-06,469.0,0.00118188
APPC/BTC,1603637950891,2020-10-25T14:59:10.891Z,buy,2.52e-06,596.0,0.00150192
APPC/BTC,1603637963380,2020-10-25T14:59:23.380Z,buy,2.53e-06,311.0,0.00078683
APPC/BTC,1603637965848,2020-10-25T14:59:25.848Z,buy,2.53e-06,788.0,0.00199364
APPC/BTC,1603637965848,2020-10-25T14:59:25.848Z,buy,2.54e-06,799.0,0.00202946
APPC/BTC,1603637968413,2020-10-25T14:59:28.413Z,buy,2.54e-06,341.0,0.0008661399999999
APPC/BTC,1603637989214,2020-10-25T14:59:49.214Z,buy,2.54e-06,396.0,0.00100584
APPC/BTC,1603637999284,2020-10-25T14:59:59.284Z,sell,2.52e-06,93.0,0.00023436
APPC/BTC,1603638002248,2020-10-25T15:00:02.248Z,sell,2.52e-06,822.0,0.00207144
APPC/BTC,1603638013041,2020-10-25T15:00:13.041Z,sell,2.52e-06,557.0,0.00140364
APPC/BTC,1603638110393,2020-10-25T15:01:50.393Z,buy,2.54e-06,214.0,0.00054356
APPC/BTC,1603638260709,2020-10-25T15:04:20.709Z,buy,2.54e-06,332.0,0.00084328
APPC/BTC,1603638498828,2020-10-25T15:08:18.828Z,sell,2.52e-06,331.0,0.00083412
APPC/BTC,1603638716363,2020-10-25T15:11:56.363Z,sell,2.53e-06,89.0,0.00022517
APPC/BTC,1603638800344,2020-10-25T15:13:20.344Z,buy,2.54e-06,1653.0,0.00419862
APPC/BTC,1603638803373,2020-10-25T15:13:23.373Z,buy,2.55e-06,393.0,0.00100215
APPC/BTC,1603638990943,2020-10-25T15:16:30.943Z,sell,2.53e-06,241.0,0.00060973
APPC/BTC,1603638990943,2020-10-25T15:16:30.943Z,sell,2.52e-06,1320.0,0.0033264
APPC/BTC,1603638992632,2020-10-25T15:16:32.632Z,sell,2.52e-06,3013.0,0.00759276
APPC/BTC,1603639738893,2020-10-25T15:28:58.893Z,sell,2.52e-06,39136.0,0.09862272
APPC/BTC,1603639822347,2020-10-25T15:30:22.347Z,sell,2.51e-06,103.0,0.00025853
APPC/BTC,1603639852256,2020-10-25T15:30:52.256Z,sell,2.51e-06,382.0,0.00095882
APPC/BTC,1603639913127,2020-10-25T15:31:53.127Z,sell,2.51e-06,266.0,0.00066766
APPC/BTC,1603639996525,2020-10-25T15:33:16.525Z,sell,2.51e-06,358.0,0.00089858
APPC/BTC,1603640040875,2020-10-25T15:34:00.875Z,sell,2.5e-06,14553.0,0.0363825
APPC/BTC,1603640071261,2020-10-25T15:34:31.261Z,buy,2.51e-06,89.0,0.00022339
APPC/BTC,1603640369404,2020-10-25T15:39:29.404Z,buy,2.51e-06,90.0,0.0002259
APPC/BTC,1603640590007,2020-10-25T15:43:10.007Z,buy,2.51e-06,71.0,0.00017821
APPC/BTC,1603640591131,2020-10-25T15:43:11.131Z,buy,2.51e-06,1215.0,0.00304965
APPC/BTC,1603640591383,2020-10-25T15:43:11.383Z,buy,2.51e-06,165.0,0.00041415
APPC/BTC,1603640591383,2020-10-25T15:43:11.383Z,buy,2.52e-06,89.0,0.00022428
APPC/BTC,1603641026622,2020-10-25T15:50:26.622Z,sell,2.51e-06,59.0,0.00014809
APPC/BTC,1603641027267,2020-10-25T15:50:27.267Z,sell,2.51e-06,251.0,0.00063001
APPC/BTC,1603641065977,2020-10-25T15:51:05.977Z,buy,2.51e-06,451.0,0.00113201
APPC/BTC,1603641073252,2020-10-25T15:51:13.252Z,sell,2.51e-06,880.0,0.0022088
APPC/BTC,1603641074425,2020-10-25T15:51:14.425Z,sell,2.51e-06,120.0,0.0003012
APPC/BTC,1603641141304,2020-10-25T15:52:21.304Z,sell,2.51e-06,82.0,0.00020582
APPC/BTC,1603641153622,2020-10-25T15:52:33.622Z,sell,2.51e-06,440.0,0.0011044
APPC/BTC,1603641153992,2020-10-25T15:52:33.992Z,sell,2.51e-06,60.0,0.0001506
APPC/BTC,1603641284491,2020-10-25T15:54:44.491Z,sell,2.51e-06,48.0,0.00012048
APPC/BTC,1603641306295,2020-10-25T15:55:06.295Z,sell,2.51e-06,309.0,0.00077559
APPC/BTC,1603641313960,2020-10-25T15:55:13.960Z,sell,2.51e-06,130.0,0.0003263
APPC/BTC,1603641313960,2020-10-25T15:55:13.960Z,sell,2.51e-06,130.0,0.0003263
APPC/BTC,1603641823000,2020-10-25T16:03:43.000Z,sell,2.51e-06,84.0,0.00021084
APPC/BTC,1603641999759,2020-10-25T16:06:39.759Z,sell,2.51e-06,937.0,0.00235187
APPC/BTC,1603641999759,2020-10-25T16:06:39.759Z,sell,2.5e-06,2408.0,0.00602
APPC/BTC,1603642753541,2020-10-25T16:19:13.541Z,buy,2.51e-06,399.0,0.00100149
APPC/BTC,1603642782846,2020-10-25T16:19:42.846Z,buy,2.51e-06,54.0,0.00013554
APPC/BTC,1603643123885,2020-10-25T16:25:23.885Z,buy,2.51e-06,1106.0,0.00277606
APPC/BTC,1603643125012,2020-10-25T16:25:25.012Z,buy,2.51e-06,151.0,0.00037901
APPC/BTC,1603643172550,2020-10-25T16:26:12.550Z,sell,2.5e-06,1630.0,0.004075
APPC/BTC,1603643172550,2020-10-25T16:26:12.550Z,sell,2.49e-06,1165.0,0.00290085
APPC/BTC,1603643200573,2020-10-25T16:26:40.573Z,sell,2.49e-06,2791.0,0.0069495899999999
APPC/BTC,1603644807366,2020-10-25T16:53:27.366Z,buy,2.5e-06,90.0,0.000225
APPC/BTC,1603644807366,2020-10-25T16:53:27.366Z,buy,2.5e-06,90.0,0.000225
APPC/BTC,1603645139896,2020-10-25T16:58:59.896Z,buy,2.5e-06,68.0,0.00017
APPC/BTC,1603645140026,2020-10-25T16:59:00.026Z,buy,2.5e-06,69.0,0.0001725
APPC/BTC,1603645268826,2020-10-25T17:01:08.826Z,sell,2.49e-06,551.0,0.00137199
APPC/BTC,1603645326311,2020-10-25T17:02:06.311Z,buy,2.51e-06,64.0,0.00016064
APPC/BTC,1603645326449,2020-10-25T17:02:06.449Z,buy,2.51e-06,65.0,0.00016315
APPC/BTC,1603645807416,2020-10-25T17:10:07.416Z,buy,2.51e-06,64.0,0.00016064
APPC/BTC,1603646644373,2020-10-25T17:24:04.373Z,sell,2.5e-06,1600.0,0.004
APPC/BTC,1603646696666,2020-10-25T17:24:56.666Z,sell,2.49e-06,197.0,0.00049053
APPC/BTC,1603647591337,2020-10-25T17:39:51.337Z,buy,2.51e-06,120.0,0.0003012
APPC/BTC,1603647947924,2020-10-25T17:45:47.924Z,sell,2.49e-06,143.0,0.00035607
APPC/BTC,1603647947924,2020-10-25T17:45:47.924Z,sell,2.49e-06,143.0,0.00035607
APPC/BTC,1603649270553,2020-10-25T18:07:50.553Z,sell,2.49e-06,2933.0,0.0073031699999999
APPC/BTC,1603649273505,2020-10-25T18:07:53.505Z,sell,2.49e-06,600.0,0.0014939999999999
APPC/BTC,1603649273505,2020-10-25T18:07:53.505Z,sell,2.49e-06,600.0,0.0014939999999999
APPC/BTC,1603652082488,2020-10-25T18:54:42.488Z,sell,2.49e-06,2778.0,0.00691722
APPC/BTC,1603652576601,2020-10-25T19:02:56.601Z,sell,2.49e-06,45.0,0.00011205
APPC/BTC,1603652576601,2020-10-25T19:02:56.601Z,sell,2.49e-06,45.0,0.00011205
APPC/BTC,1603653882934,2020-10-25T19:24:42.934Z,sell,2.48e-06,45.0,0.0001116
APPC/BTC,1603654404349,2020-10-25T19:33:24.349Z,sell,2.49e-06,45.0,0.00011205
APPC/BTC,1603654404514,2020-10-25T19:33:24.514Z,sell,2.49e-06,46.0,0.00011454
APPC/BTC,1603654458659,2020-10-25T19:34:18.659Z,sell,2.49e-06,103.0,0.0002564699999999
APPC/BTC,1603654489988,2020-10-25T19:34:49.988Z,sell,2.49e-06,225.0,0.00056025
APPC/BTC,1603654490147,2020-10-25T19:34:50.147Z,sell,2.49e-06,122.0,0.0003037799999999
APPC/BTC,1603654519269,2020-10-25T19:35:19.269Z,sell,2.49e-06,134.0,0.00033366
APPC/BTC,1603654524445,2020-10-25T19:35:24.445Z,sell,2.49e-06,47.0,0.00011703
APPC/BTC,1603654559608,2020-10-25T19:35:59.608Z,sell,2.49e-06,81.0,0.00020169
APPC/BTC,1603654587725,2020-10-25T19:36:27.725Z,sell,2.49e-06,108.0,0.0002689199999999
APPC/BTC,1603655265660,2020-10-25T19:47:45.660Z,sell,2.49e-06,106.0,0.00026394
APPC/BTC,1603655431794,2020-10-25T19:50:31.794Z,buy,2.5e-06,43.0,0.0001075
APPC/BTC,1603655435947,2020-10-25T19:50:35.947Z,buy,2.5e-06,42.0,0.000105
APPC/BTC,1603655439767,2020-10-25T19:50:39.767Z,buy,2.5e-06,42.0,0.000105
APPC/BTC,1603655444148,2020-10-25T19:50:44.148Z,buy,2.5e-06,42.0,0.000105
APPC/BTC,1603655447957,2020-10-25T19:50:47.957Z,buy,2.5e-06,42.0,0.000105
APPC/BTC,1603655452512,2020-10-25T19:50:52.512Z,buy,2.5e-06,42.0,0.000105
APPC/BTC,1603655456117,2020-10-25T19:50:56.117Z,buy,2.5e-06,42.0,0.000105
APPC/BTC,1603655460850,2020-10-25T19:51:00.850Z,buy,2.5e-06,42.0,0.000105
APPC/BTC,1603655464591,2020-10-25T19:51:04.591Z,buy,2.5e-06,42.0,0.000105
APPC/BTC,1603655468509,2020-10-25T19:51:08.509Z,buy,2.5e-06,42.0,0.000105
APPC/BTC,1603655471525,2020-10-25T19:51:11.525Z,sell,2.49e-06,45.0,0.00011205
APPC/BTC,1603655472274,2020-10-25T19:51:12.274Z,buy,2.5e-06,42.0,0.000105
APPC/BTC,1603655476168,2020-10-25T19:51:16.168Z,buy,2.5e-06,42.0,0.000105
APPC/BTC,1603655484163,2020-10-25T19:51:24.163Z,buy,2.5e-06,42.0,0.000105
APPC/BTC,1603655861809,2020-10-25T19:57:41.809Z,sell,2.49e-06,486.0,0.00121014
APPC/BTC,1603655861809,2020-10-25T19:57:41.809Z,sell,2.49e-06,486.0,0.00121014
APPC/BTC,1603658748719,2020-10-25T20:45:48.719Z,sell,2.48e-06,5661.0,0.01403928
APPC/BTC,1603659230911,2020-10-25T20:53:50.911Z,sell,2.48e-06,13229.0,0.03280792
APPC/BTC,1603659230911,2020-10-25T20:53:50.911Z,sell,2.48e-06,13229.0,0.03280792
APPC/BTC,1603659579710,2020-10-25T20:59:39.710Z,sell,2.48e-06,144.0,0.00035712
APPC/BTC,1603659598228,2020-10-25T20:59:58.228Z,sell,2.47e-06,64.0,0.00015808
APPC/BTC,1603659751203,2020-10-25T21:02:31.203Z,buy,2.48e-06,843.0,0.00209064
APPC/BTC,1603660420409,2020-10-25T21:13:40.409Z,sell,2.47e-06,4886.0,0.01206842
APPC/BTC,1603660425562,2020-10-25T21:13:45.562Z,sell,2.47e-06,381.0,0.00094107
APPC/BTC,1603660905069,2020-10-25T21:21:45.069Z,sell,2.47e-06,59.0,0.00014573
APPC/BTC,1603661099787,2020-10-25T21:24:59.787Z,buy,2.48e-06,14013.0,0.03475224
APPC/BTC,1603661214229,2020-10-25T21:26:54.229Z,buy,2.49e-06,2671.0,0.0066507899999999
APPC/BTC,1603661404826,2020-10-25T21:30:04.826Z,sell,2.5e-06,273.0,0.0006825
APPC/BTC,1603661469606,2020-10-25T21:31:09.606Z,buy,2.5e-06,4530.0,0.011325
APPC/BTC,1603661469606,2020-10-25T21:31:09.606Z,buy,2.5e-06,4530.0,0.011325
APPC/BTC,1603664012746,2020-10-25T22:13:32.746Z,sell,2.49e-06,45.0,0.00011205
APPC/BTC,1603664070107,2020-10-25T22:14:30.107Z,sell,2.49e-06,109.0,0.00027141
APPC/BTC,1603664590510,2020-10-25T22:23:10.510Z,buy,2.5e-06,32280.0,0.0807
APPC/BTC,1603664590510,2020-10-25T22:23:10.510Z,buy,2.5e-06,32280.0,0.0807
APPC/BTC,1603665374084,2020-10-25T22:36:14.084Z,sell,2.48e-06,419.0,0.00103912
APPC/BTC,1603665497419,2020-10-25T22:38:17.419Z,sell,2.49e-06,2000.0,0.00498
APPC/BTC,1603667497795,2020-10-25T23:11:37.795Z,sell,2.49e-06,167.0,0.0004158299999999
APPC/BTC,1603668132955,2020-10-25T23:22:12.955Z,sell,2.49e-06,15329.0,0.0381692099999999
APPC/BTC,1603668160162,2020-10-25T23:22:40.162Z,sell,2.48e-06,79.0,0.00019592
APPC/BTC,1603668177991,2020-10-25T23:22:57.991Z,sell,2.48e-06,6136.0,0.01521728
APPC/BTC,1603668177991,2020-10-25T23:22:57.991Z,sell,2.48e-06,6136.0,0.01521728
APPC/BTC,1603668677522,2020-10-25T23:31:17.522Z,sell,2.5e-06,325.0,0.0008125
APPC/BTC,1603668729186,2020-10-25T23:32:09.186Z,sell,2.5e-06,81.0,0.0002025
APPC/BTC,1603668751442,2020-10-25T23:32:31.442Z,buy,2.51e-06,1122.0,0.00281622
APPC/BTC,1603669644346,2020-10-25T23:47:24.346Z,buy,2.51e-06,1759.0,0.00441509
APPC/BTC,1603669648385,2020-10-25T23:47:28.385Z,sell,2.5e-06,314.0,0.000785
APPC/BTC,1603669778633,2020-10-25T23:49:38.633Z,buy,2.51e-06,366.0,0.00091866
APPC/BTC,1603669987353,2020-10-25T23:53:07.353Z,buy,2.51e-06,90.0,0.0002259
APPC/BTC,1603670165638,2020-10-25T23:56:05.638Z,sell,2.5e-06,1316.0,0.00329
APPC/BTC,1603670185155,2020-10-25T23:56:25.155Z,buy,2.5e-06,290.0,0.000725
APPC/BTC,1603670232137,2020-10-25T23:57:12.137Z,buy,2.51e-06,309.0,0.00077559
APPC/BTC,1603670328076,2020-10-25T23:58:48.076Z,buy,2.51e-06,1677.0,0.00420927
APPC/BTC,1603670328076,2020-10-25T23:58:48.076Z,buy,2.52e-06,1271.0,0.00320292
APPC/BTC,1603670330459,2020-10-25T23:58:50.459Z,buy,2.5e-06,1630.0,0.004075
APPC/BTC,1603670330459,2020-10-25T23:58:50.459Z,buy,2.5e-06,1630.0,0.004075
APPC/BTC,1603674331510,2020-10-26T01:05:31.510Z,buy,2.5e-06,84.0,0.00021
APPC/BTC,1603674333619,2020-10-26T01:05:33.619Z,buy,2.5e-06,400.0,0.001
APPC/BTC,1603674333619,2020-10-26T01:05:33.619Z,buy,2.5e-06,400.0,0.001
APPC/BTC,1603674597456,2020-10-26T01:09:57.456Z,buy,2.5e-06,105.0,0.0002625
APPC/BTC,1603674758469,2020-10-26T01:12:38.469Z,buy,2.5e-06,75.0,0.0001875
APPC/BTC,1603675337636,2020-10-26T01:22:17.636Z,sell,2.49e-06,70.0,0.0001742999999999
APPC/BTC,1603675386106,2020-10-26T01:23:06.106Z,buy,2.5e-06,48.0,0.00012
APPC/BTC,1603675581037,2020-10-26T01:26:21.037Z,sell,2.49e-06,80.0,0.0001992
APPC/BTC,1603675668828,2020-10-26T01:27:48.828Z,sell,2.48e-06,73.0,0.00018104
APPC/BTC,1603676019118,2020-10-26T01:33:39.118Z,sell,2.5e-06,88.0,0.00022
APPC/BTC,1603676323180,2020-10-26T01:38:43.180Z,sell,2.5e-06,114.0,0.000285
APPC/BTC,1603676408797,2020-10-26T01:40:08.797Z,sell,2.5e-06,80.0,0.0002
APPC/BTC,1603676774601,2020-10-26T01:46:14.601Z,sell,2.5e-06,508.0,0.00127
APPC/BTC,1603677237811,2020-10-26T01:53:57.811Z,buy,2.51e-06,598.0,0.00150098
APPC/BTC,1603677436414,2020-10-26T01:57:16.414Z,buy,2.51e-06,79.0,0.00019829
APPC/BTC,1603677436414,2020-10-26T01:57:16.414Z,buy,2.51e-06,79.0,0.00019829
APPC/BTC,1603678355806,2020-10-26T02:12:35.806Z,buy,2.51e-06,67.0,0.00016817
APPC/BTC,1603678703756,2020-10-26T02:18:23.756Z,sell,2.49e-06,3254.0,0.0081024599999999
APPC/BTC,1603678703756,2020-10-26T02:18:23.756Z,sell,2.48e-06,7770.0,0.0192696
APPC/BTC,1603678945404,2020-10-26T02:22:25.404Z,buy,2.49e-06,95.0,0.0002365499999999
APPC/BTC,1603678946557,2020-10-26T02:22:26.557Z,buy,2.49e-06,104.0,0.00025896
APPC/BTC,1603679437764,2020-10-26T02:30:37.764Z,buy,2.49e-06,2794.0,0.0069570599999999
APPC/BTC,1603680313492,2020-10-26T02:45:13.492Z,sell,2.49e-06,991.0,0.00246759
APPC/BTC,1603680313492,2020-10-26T02:45:13.492Z,sell,2.49e-06,991.0,0.00246759
APPC/BTC,1603682433949,2020-10-26T03:20:33.949Z,sell,2.49e-06,3000.0,0.0074699999999999
APPC/BTC,1603682634623,2020-10-26T03:23:54.623Z,buy,2.51e-06,82.0,0.00020582
APPC/BTC,1603682686140,2020-10-26T03:24:46.140Z,buy,2.51e-06,2042.0,0.00512542
APPC/BTC,1603682710054,2020-10-26T03:25:10.054Z,sell,2.51e-06,852.0,0.00213852
APPC/BTC,1603682711936,2020-10-26T03:25:11.936Z,sell,2.5e-06,1202.0,0.003005
APPC/BTC,1603682715898,2020-10-26T03:25:15.898Z,sell,2.5e-06,52.0,0.00013
APPC/BTC,1603682765516,2020-10-26T03:26:05.516Z,buy,2.51e-06,44.0,0.00011044
APPC/BTC,1603683232014,2020-10-26T03:33:52.014Z,sell,2.5e-06,73.0,0.0001825
APPC/BTC,1603683246688,2020-10-26T03:34:06.688Z,sell,2.5e-06,79.0,0.0001975
APPC/BTC,1603683349297,2020-10-26T03:35:49.297Z,sell,2.5e-06,73.0,0.0001825
APPC/BTC,1603683370448,2020-10-26T03:36:10.448Z,sell,2.5e-06,90.0,0.000225
APPC/BTC,1603683433778,2020-10-26T03:37:13.778Z,sell,2.5e-06,61.0,0.0001525
APPC/BTC,1603683433778,2020-10-26T03:37:13.778Z,sell,2.5e-06,61.0,0.0001525
APPC/BTC,1603684115629,2020-10-26T03:48:35.629Z,sell,2.5e-06,144.0,0.00036
APPC/BTC,1603685391006,2020-10-26T04:09:51.006Z,sell,2.5e-06,181.0,0.0004525
APPC/BTC,1603686979105,2020-10-26T04:36:19.105Z,sell,2.5e-06,104.0,0.00026
APPC/BTC,1603686979350,2020-10-26T04:36:19.350Z,sell,2.5e-06,105.0,0.0002625
APPC/BTC,1603686980859,2020-10-26T04:36:20.859Z,buy,2.51e-06,93.0,0.00023343
APPC/BTC,1603686980859,2020-10-26T04:36:20.859Z,buy,2.51e-06,93.0,0.00023343
APPC/BTC,1603688482084,2020-10-26T05:01:22.084Z,buy,2.51e-06,92.0,0.00023092
APPC/BTC,1603688621400,2020-10-26T05:03:41.400Z,buy,2.51e-06,92.0,0.00023092
APPC/BTC,1603688621400,2020-10-26T05:03:41.400Z,buy,2.51e-06,92.0,0.00023092
APPC/BTC,1603690595213,2020-10-26T05:36:35.213Z,buy,2.51e-06,6066.0,0.01522566
APPC/BTC,1603690595213,2020-10-26T05:36:35.213Z,buy,2.52e-06,8934.0,0.02251368
APPC/BTC,1603690633913,2020-10-26T05:37:13.913Z,buy,2.52e-06,3894.0,0.00981288
APPC/BTC,1603690634161,2020-10-26T05:37:14.161Z,sell,2.52e-06,44.0,0.00011088
APPC/BTC,1603690635923,2020-10-26T05:37:15.923Z,sell,2.52e-06,430.0,0.0010836
APPC/BTC,1603690636324,2020-10-26T05:37:16.324Z,sell,2.52e-06,364.0,0.00091728
APPC/BTC,1603690640540,2020-10-26T05:37:20.540Z,sell,2.51e-06,1201.0,0.00301451
APPC/BTC,1603690643075,2020-10-26T05:37:23.075Z,buy,2.52e-06,100.0,0.000252
APPC/BTC,1603690643075,2020-10-26T05:37:23.075Z,buy,2.53e-06,1711.0,0.00432883
APPC/BTC,1603690643341,2020-10-26T05:37:23.341Z,sell,2.53e-06,430.0,0.0010879
APPC/BTC,1603690664631,2020-10-26T05:37:44.631Z,buy,2.53e-06,2139.0,0.0054116699999999
APPC/BTC,1603690674725,2020-10-26T05:37:54.725Z,buy,2.53e-06,1665.0,0.0042124499999999
APPC/BTC,1603690689112,2020-10-26T05:38:09.112Z,buy,2.53e-06,1043.0,0.00263879
APPC/BTC,1603690756252,2020-10-26T05:39:16.252Z,sell,2.51e-06,89.0,0.00022339
APPC/BTC,1603691015042,2020-10-26T05:43:35.042Z,sell,2.51e-06,5517.0,0.01384767
APPC/BTC,1603691015730,2020-10-26T05:43:35.730Z,buy,2.51e-06,6291.0,0.01579041
APPC/BTC,1603691156948,2020-10-26T05:45:56.948Z,buy,2.52e-06,44.0,0.00011088
APPC/BTC,1603691157066,2020-10-26T05:45:57.066Z,buy,2.52e-06,44.0,0.00011088
APPC/BTC,1603691399102,2020-10-26T05:49:59.102Z,sell,2.51e-06,2177.0,0.00546427
APPC/BTC,1603691880907,2020-10-26T05:58:00.907Z,sell,2.51e-06,627.0,0.00157377
APPC/BTC,1603691890666,2020-10-26T05:58:10.666Z,sell,2.5e-06,1405.0,0.0035125
APPC/BTC,1603691902633,2020-10-26T05:58:22.633Z,sell,2.5e-06,661.0,0.0016525
APPC/BTC,1603691959536,2020-10-26T05:59:19.536Z,buy,2.51e-06,63.0,0.00015813
APPC/BTC,1603691959536,2020-10-26T05:59:19.536Z,buy,2.51e-06,63.0,0.00015813
APPC/BTC,1603692336514,2020-10-26T06:05:36.514Z,sell,2.5e-06,2500.0,0.00625
APPC/BTC,1603692375892,2020-10-26T06:06:15.892Z,sell,2.5e-06,338.0,0.000845
APPC/BTC,1603692450557,2020-10-26T06:07:30.557Z,buy,2.51e-06,1252.0,0.00314252
APPC/BTC,1603692452031,2020-10-26T06:07:32.031Z,buy,2.51e-06,315.0,0.00079065
APPC/BTC,1603692492557,2020-10-26T06:08:12.557Z,sell,2.5e-06,300.0,0.00075
APPC/BTC,1603692689808,2020-10-26T06:11:29.808Z,buy,2.51e-06,89.0,0.00022339
APPC/BTC,1603692714998,2020-10-26T06:11:54.998Z,buy,2.51e-06,417.0,0.00104667
APPC/BTC,1603692791251,2020-10-26T06:13:11.251Z,buy,2.51e-06,104.0,0.00026104
APPC/BTC,1603694100353,2020-10-26T06:35:00.353Z,buy,2.51e-06,73.0,0.00018323
APPC/BTC,1603694982287,2020-10-26T06:49:42.287Z,buy,2.51e-06,62.0,0.00015562
APPC/BTC,1603694983187,2020-10-26T06:49:43.187Z,buy,2.51e-06,130.0,0.0003263
APPC/BTC,1603694983311,2020-10-26T06:49:43.311Z,buy,2.51e-06,131.0,0.00032881
APPC/BTC,1603695157470,2020-10-26T06:52:37.470Z,buy,2.51e-06,1270.0,0.0031877
APPC/BTC,1603695233594,2020-10-26T06:53:53.594Z,buy,2.52e-06,2068.0,0.00521136
APPC/BTC,1603695233609,2020-10-26T06:53:53.609Z,sell,2.52e-06,95.0,0.0002394
APPC/BTC,1603695424410,2020-10-26T06:57:04.410Z,sell,2.51e-06,417.0,0.00104667
APPC/BTC,1603695424410,2020-10-26T06:57:04.410Z,sell,2.51e-06,417.0,0.00104667
APPC/BTC,1603695649298,2020-10-26T07:00:49.298Z,sell,2.52e-06,88.0,0.00022176
APPC/BTC,1603695785437,2020-10-26T07:03:05.437Z,sell,2.52e-06,89.0,0.00022428
APPC/BTC,1603695803689,2020-10-26T07:03:23.689Z,sell,2.52e-06,129.0,0.00032508
APPC/BTC,1603696659121,2020-10-26T07:17:39.121Z,sell,2.52e-06,1916.0,0.00482832
APPC/BTC,1603696666824,2020-10-26T07:17:46.824Z,buy,2.52e-06,85.0,0.0002142
APPC/BTC,1603696704020,2020-10-26T07:18:24.020Z,buy,2.52e-06,84.0,0.00021168
APPC/BTC,1603696710228,2020-10-26T07:18:30.228Z,buy,2.52e-06,75.0,0.000189
APPC/BTC,1603696725126,2020-10-26T07:18:45.126Z,buy,2.53e-06,80.0,0.0002024
APPC/BTC,1603696725126,2020-10-26T07:18:45.126Z,buy,2.54e-06,2490.0,0.0063246
APPC/BTC,1603696874636,2020-10-26T07:21:14.636Z,sell,2.52e-06,85592.0,0.21569184
APPC/BTC,1603696874636,2020-10-26T07:21:14.636Z,sell,2.51e-06,25100.0,0.063001
APPC/BTC,1603696913656,2020-10-26T07:21:53.656Z,sell,2.51e-06,2501.0,0.00627751
APPC/BTC,1603697895967,2020-10-26T07:38:15.967Z,buy,2.52e-06,63.0,0.00015876
APPC/BTC,1603697897089,2020-10-26T07:38:17.089Z,buy,2.52e-06,67.0,0.00016884
APPC/BTC,1603698702819,2020-10-26T07:51:42.819Z,buy,2.52e-06,1937.0,0.00488124
APPC/BTC,1603698702819,2020-10-26T07:51:42.819Z,buy,2.52e-06,1937.0,0.00488124
APPC/BTC,1603699501310,2020-10-26T08:05:01.310Z,sell,2.52e-06,89.0,0.00022428
APPC/BTC,1603700187729,2020-10-26T08:16:27.729Z,sell,2.52e-06,191.0,0.00048132
APPC/BTC,1603701216355,2020-10-26T08:33:36.355Z,buy,2.52e-06,89.0,0.00022428
APPC/BTC,1603701692922,2020-10-26T08:41:32.922Z,sell,2.51e-06,2215.0,0.00555965
APPC/BTC,1603701795845,2020-10-26T08:43:15.845Z,sell,2.51e-06,619.0,0.00155369
APPC/BTC,1603702084288,2020-10-26T08:48:04.288Z,sell,2.51e-06,20000.0,0.0502
APPC/BTC,1603702084288,2020-10-26T08:48:04.288Z,sell,2.51e-06,20000.0,0.0502
APPC/BTC,1603703027274,2020-10-26T09:03:47.274Z,sell,2.51e-06,439.0,0.00110189
APPC/BTC,1603703337046,2020-10-26T09:08:57.046Z,buy,2.52e-06,1684.0,0.00424368
APPC/BTC,1603703337046,2020-10-26T09:08:57.046Z,buy,2.54e-06,9428.0,0.02394712
APPC/BTC,1603703405833,2020-10-26T09:10:05.833Z,buy,2.54e-06,64.0,0.00016256
APPC/BTC,1603703462845,2020-10-26T09:11:02.845Z,buy,2.54e-06,2398.0,0.00609092
APPC/BTC,1603703462845,2020-10-26T09:11:02.845Z,buy,2.55e-06,16528.0,0.0421464
APPC/BTC,1603703717667,2020-10-26T09:15:17.667Z,sell,2.52e-06,2828.0,0.00712656
APPC/BTC,1603703728002,2020-10-26T09:15:28.002Z,sell,2.51e-06,2676.0,0.00671676
APPC/BTC,1603703739180,2020-10-26T09:15:39.180Z,sell,2.5e-06,13403.0,0.0335075
APPC/BTC,1603703741587,2020-10-26T09:15:41.587Z,sell,2.51e-06,1630.0,0.0040913
APPC/BTC,1603703786983,2020-10-26T09:16:26.983Z,buy,2.52e-06,1694.0,0.00426888
APPC/BTC,1603703786983,2020-10-26T09:16:26.983Z,buy,2.53e-06,2458.0,0.0062187399999999
APPC/BTC,1603703786983,2020-10-26T09:16:26.983Z,buy,2.54e-06,3203.0,0.00813562
APPC/BTC,1603703786983,2020-10-26T09:16:26.983Z,buy,2.55e-06,13954.0,0.0355827
APPC/BTC,1603703787497,2020-10-26T09:16:27.497Z,sell,2.55e-06,431.0,0.00109905
APPC/BTC,1603703789525,2020-10-26T09:16:29.525Z,sell,2.55e-06,88.0,0.0002244
APPC/BTC,1603703814381,2020-10-26T09:16:54.381Z,buy,2.55e-06,1145.0,0.00291975
APPC/BTC,1603703814381,2020-10-26T09:16:54.381Z,buy,2.56e-06,1784.0,0.00456704
APPC/BTC,1603703814381,2020-10-26T09:16:54.381Z,buy,2.57e-06,6591.0,0.0169388699999999
APPC/BTC,1603703815808,2020-10-26T09:16:55.808Z,sell,2.54e-06,3571.0,0.00907034
APPC/BTC,1603703818821,2020-10-26T09:16:58.821Z,sell,2.55e-06,69.0,0.00017595
APPC/BTC,1603703843514,2020-10-26T09:17:23.514Z,sell,2.54e-06,688.0,0.0017475199999999
APPC/BTC,1603704008073,2020-10-26T09:20:08.073Z,sell,2.54e-06,88.0,0.0002235199999999
APPC/BTC,1603704274987,2020-10-26T09:24:34.987Z,sell,2.54e-06,99.0,0.00025146
APPC/BTC,1603704448609,2020-10-26T09:27:28.609Z,sell,2.54e-06,1212.0,0.0030784799999999
APPC/BTC,1603704448609,2020-10-26T09:27:28.609Z,sell,2.53e-06,3521.0,0.00890813
APPC/BTC,1603705026762,2020-10-26T09:37:06.762Z,sell,2.53e-06,1567.0,0.00396451
APPC/BTC,1603705026762,2020-10-26T09:37:06.762Z,sell,2.52e-06,2901.0,0.00731052
APPC/BTC,1603705026762,2020-10-26T09:37:06.762Z,sell,2.51e-06,16519.0,0.04146269
APPC/BTC,1603705026762,2020-10-26T09:37:06.762Z,sell,2.5e-06,10361.0,0.0259025
APPC/BTC,1603705026762,2020-10-26T09:37:06.762Z,sell,2.5e-06,312.0,0.00078
APPC/BTC,1603705026762,2020-10-26T09:37:06.762Z,sell,2.5e-06,360.0,0.0009
APPC/BTC,1603705026762,2020-10-26T09:37:06.762Z,sell,2.5e-06,363.0,0.0009075
APPC/BTC,1603705047517,2020-10-26T09:37:27.517Z,buy,2.51e-06,51.0,0.00012801
APPC/BTC,1603705047636,2020-10-26T09:37:27.636Z,buy,2.51e-06,52.0,0.00013052
APPC/BTC,1603705053147,2020-10-26T09:37:33.147Z,buy,2.5e-06,1520.0,0.0038
APPC/BTC,1603705053253,2020-10-26T09:37:33.253Z,buy,2.5e-06,480.0,0.0012
APPC/BTC,1603705142297,2020-10-26T09:39:02.297Z,buy,2.51e-06,470.0,0.0011797
APPC/BTC,1603705462668,2020-10-26T09:44:22.668Z,buy,2.51e-06,176.0,0.00044176
APPC/BTC,1603705530771,2020-10-26T09:45:30.771Z,buy,2.51e-06,79.0,0.00019829
APPC/BTC,1603705530771,2020-10-26T09:45:30.771Z,buy,2.51e-06,79.0,0.00019829
APPC/BTC,1603706006890,2020-10-26T09:53:26.890Z,buy,2.51e-06,99.0,0.00024849
APPC/BTC,1603706087705,2020-10-26T09:54:47.705Z,buy,2.51e-06,2900.0,0.007279
APPC/BTC,1603706329052,2020-10-26T09:58:49.052Z,sell,2.5e-06,1214.0,0.003035
APPC/BTC,1603706375920,2020-10-26T09:59:35.920Z,sell,2.5e-06,496.0,0.00124
APPC/BTC,1603706441597,2020-10-26T10:00:41.597Z,buy,2.5e-06,4248.0,0.01062
APPC/BTC,1603706528696,2020-10-26T10:02:08.696Z,sell,2.5e-06,47.0,0.0001175
APPC/BTC,1603706560778,2020-10-26T10:02:40.778Z,buy,2.51e-06,83.0,0.00020833
APPC/BTC,1603706560908,2020-10-26T10:02:40.908Z,buy,2.51e-06,83.0,0.00020833
APPC/BTC,1603706563784,2020-10-26T10:02:43.784Z,sell,2.5e-06,122.0,0.000305
APPC/BTC,1603706572665,2020-10-26T10:02:52.665Z,buy,2.51e-06,404.0,0.00101404
APPC/BTC,1603706627375,2020-10-26T10:03:47.375Z,buy,2.51e-06,1060.0,0.0026606
APPC/BTC,1603706627375,2020-10-26T10:03:47.375Z,buy,2.52e-06,708.0,0.00178416
APPC/BTC,1603707066986,2020-10-26T10:11:06.986Z,buy,2.51e-06,64.0,0.00016064
APPC/BTC,1603707194989,2020-10-26T10:13:14.989Z,sell,2.5e-06,800.0,0.002
APPC/BTC,1603707194989,2020-10-26T10:13:14.989Z,sell,2.5e-06,935.0,0.0023375
APPC/BTC,1603707236645,2020-10-26T10:13:56.645Z,buy,2.51e-06,97.0,0.00024347
APPC/BTC,1603707356775,2020-10-26T10:15:56.775Z,buy,2.51e-06,56.0,0.00014056
APPC/BTC,1603708295454,2020-10-26T10:31:35.454Z,sell,2.5e-06,1700.0,0.00425
APPC/BTC,1603708872032,2020-10-26T10:41:12.032Z,sell,2.49e-06,120.0,0.0002988
APPC/BTC,1603709006723,2020-10-26T10:43:26.723Z,sell,2.49e-06,1204.0,0.00299796
APPC/BTC,1603709046318,2020-10-26T10:44:06.318Z,buy,2.49e-06,90.0,0.0002241
APPC/BTC,1603709046626,2020-10-26T10:44:06.626Z,buy,2.49e-06,80.0,0.0001992
APPC/BTC,1603709046626,2020-10-26T10:44:06.626Z,buy,2.49e-06,80.0,0.0001992
APPC/BTC,1603709238998,2020-10-26T10:47:18.998Z,buy,2.49e-06,1427.0,0.0035532299999999
APPC/BTC,1603709280890,2020-10-26T10:48:00.890Z,sell,2.48e-06,1294.0,0.0032091199999999
APPC/BTC,1603709746666,2020-10-26T10:55:46.666Z,buy,2.49e-06,90.0,0.0002241
APPC/BTC,1603710666321,2020-10-26T11:11:06.321Z,sell,2.48e-06,3363.0,0.00834024
APPC/BTC,1603710802792,2020-10-26T11:13:22.792Z,sell,2.47e-06,50000.0,0.1235
APPC/BTC,1603711321784,2020-10-26T11:22:01.784Z,sell,2.47e-06,2917.0,0.00720499
APPC/BTC,1603711321784,2020-10-26T11:22:01.784Z,sell,2.46e-06,1771.0,0.00435666
APPC/BTC,1603711321784,2020-10-26T11:22:01.784Z,sell,2.47e-06,2917.0,0.00720499
APPC/BTC,1603711321784,2020-10-26T11:22:01.784Z,sell,2.46e-06,1771.0,0.00435666
APPC/BTC,1603713251654,2020-10-26T11:54:11.654Z,buy,2.48e-06,701.0,0.00173848
APPC/BTC,1603713698041,2020-10-26T12:01:38.041Z,buy,2.47e-06,91.0,0.00022477
APPC/BTC,1603713909058,2020-10-26T12:05:09.058Z,buy,2.47e-06,81.0,0.00020007
APPC/BTC,1603713966927,2020-10-26T12:06:06.927Z,sell,2.45e-06,575.0,0.0014087499999999
APPC/BTC,1603713966927,2020-10-26T12:06:06.927Z,sell,2.45e-06,575.0,0.0014087499999999
APPC/BTC,1603715653910,2020-10-26T12:34:13.910Z,buy,2.47e-06,788.0,0.00194636
APPC/BTC,1603716787379,2020-10-26T12:53:07.379Z,sell,2.46e-06,41559.0,0.10223514
APPC/BTC,1603717443056,2020-10-26T13:04:03.056Z,sell,2.46e-06,65.0,0.0001599
APPC/BTC,1603717443056,2020-10-26T13:04:03.056Z,sell,2.46e-06,65.0,0.0001599
APPC/BTC,1603717931891,2020-10-26T13:12:11.891Z,sell,2.46e-06,16.0,3.936e-05
APPC/BTC,1603718742336,2020-10-26T13:25:42.336Z,buy,2.46e-06,117.0,0.00028782
APPC/BTC,1603718742489,2020-10-26T13:25:42.489Z,buy,2.46e-06,117.0,0.00028782
APPC/BTC,1603718743380,2020-10-26T13:25:43.380Z,sell,2.45e-06,117.0,0.00028665
APPC/BTC,1603719169754,2020-10-26T13:32:49.754Z,sell,2.45e-06,895.0,0.00219275
APPC/BTC,1603719296788,2020-10-26T13:34:56.788Z,sell,2.45e-06,602.0,0.0014749
APPC/BTC,1603719296788,2020-10-26T13:34:56.788Z,sell,2.44e-06,1832.0,0.0044700799999999
APPC/BTC,1603719296788,2020-10-26T13:34:56.788Z,sell,2.43e-06,466.0,0.00113238
APPC/BTC,1603719296788,2020-10-26T13:34:56.788Z,sell,2.43e-06,78.0,0.00018954
APPC/BTC,1603719296788,2020-10-26T13:34:56.788Z,sell,2.43e-06,701.0,0.00170343
APPC/BTC,1603719364996,2020-10-26T13:36:04.996Z,sell,2.43e-06,42.0,0.00010206
APPC/BTC,1603719473413,2020-10-26T13:37:53.413Z,sell,2.43e-06,56.0,0.00013608
APPC/BTC,1603719716160,2020-10-26T13:41:56.160Z,sell,2.44e-06,318.0,0.0007759199999999
APPC/BTC,1603719755749,2020-10-26T13:42:35.749Z,sell,2.43e-06,352.0,0.00085536
APPC/BTC,1603720387221,2020-10-26T13:53:07.221Z,buy,2.45e-06,4133.0,0.0101258499999999
APPC/BTC,1603720461061,2020-10-26T13:54:21.061Z,sell,2.43e-06,205.0,0.00049815
APPC/BTC,1603720592963,2020-10-26T13:56:32.963Z,sell,2.43e-06,8362.0,0.02031966
APPC/BTC,1603720776251,2020-10-26T13:59:36.251Z,buy,2.44e-06,72.0,0.00017568
APPC/BTC,1603720996880,2020-10-26T14:03:16.880Z,buy,2.44e-06,74.0,0.00018056
APPC/BTC,1603721010946,2020-10-26T14:03:30.946Z,buy,2.44e-06,113.0,0.0002757199999999
APPC/BTC,1603721010946,2020-10-26T14:03:30.946Z,buy,2.44e-06,113.0,0.0002757199999999
APPC/BTC,1603721046438,2020-10-26T14:04:06.438Z,buy,2.44e-06,111.0,0.00027084
APPC/BTC,1603721630628,2020-10-26T14:13:50.628Z,sell,2.43e-06,42.0,0.00010206
APPC/BTC,1603721773369,2020-10-26T14:16:13.369Z,sell,2.43e-06,3405.0,0.00827415
APPC/BTC,1603721808504,2020-10-26T14:16:48.504Z,buy,2.44e-06,81.0,0.0001976399999999
APPC/BTC,1603721808504,2020-10-26T14:16:48.504Z,buy,2.45e-06,11.0,2.695e-05
APPC/BTC,1603722089346,2020-10-26T14:21:29.346Z,sell,2.44e-06,575.0,0.001403
APPC/BTC,1603722098972,2020-10-26T14:21:38.972Z,sell,2.44e-06,1766.0,0.00430904
APPC/BTC,1603722466642,2020-10-26T14:27:46.642Z,sell,2.44e-06,51.0,0.00012444
APPC/BTC,1603722466851,2020-10-26T14:27:46.851Z,sell,2.44e-06,51.0,0.00012444
APPC/BTC,1603722501959,2020-10-26T14:28:21.959Z,sell,2.44e-06,45.0,0.0001098
APPC/BTC,1603722756641,2020-10-26T14:32:36.641Z,sell,2.43e-06,445.0,0.00108135
APPC/BTC,1603723887073,2020-10-26T14:51:27.073Z,sell,2.43e-06,126.0,0.00030618
APPC/BTC,1603723887073,2020-10-26T14:51:27.073Z,sell,2.43e-06,126.0,0.00030618
APPC/BTC,1603724761242,2020-10-26T15:06:01.242Z,sell,2.43e-06,102.0,0.00024786
APPC/BTC,1603724881464,2020-10-26T15:08:01.464Z,sell,2.43e-06,81.0,0.00019683
APPC/BTC,1603724903823,2020-10-26T15:08:23.823Z,sell,2.43e-06,66.0,0.00016038
APPC/BTC,1603725052106,2020-10-26T15:10:52.106Z,sell,2.43e-06,81.0,0.00019683
APPC/BTC,1603725762378,2020-10-26T15:22:42.378Z,sell,2.43e-06,110.0,0.0002673
APPC/BTC,1603725982228,2020-10-26T15:26:22.228Z,sell,2.43e-06,65.0,0.00015795
APPC/BTC,1603725983243,2020-10-26T15:26:23.243Z,sell,2.43e-06,196.0,0.00047628
APPC/BTC,1603726027775,2020-10-26T15:27:07.775Z,sell,2.42e-06,483.0,0.00116886
APPC/BTC,1603726149001,2020-10-26T15:29:09.001Z,buy,2.42e-06,83.0,0.00020086
APPC/BTC,1603726428689,2020-10-26T15:33:48.689Z,sell,2.41e-06,946.0,0.00227986
APPC/BTC,1603727080700,2020-10-26T15:44:40.700Z,sell,2.41e-06,1759.0,0.0042391899999999
APPC/BTC,1603727082247,2020-10-26T15:44:42.247Z,sell,2.41e-06,1170.0,0.0028196999999999
APPC/BTC,1603727239699,2020-10-26T15:47:19.699Z,sell,2.4e-06,58.0,0.0001392
APPC/BTC,1603727239699,2020-10-26T15:47:19.699Z,sell,2.4e-06,148.0,0.0003551999999999
