symbol,timestamp,datetime,side,price,amount,btc_volume
APPC/BTC,1605463202930,2020-11-15T18:00:02.930Z,buy,1.45e-06,1065.0,0.00154425
APPC/BTC,1605463264435,2020-11-15T18:01:04.435Z,sell,1.44e-06,129.0,0.00018576
APPC/BTC,1605463293310,2020-11-15T18:01:33.310Z,sell,1.44e-06,2797.0,0.00402768
APPC/BTC,1605463299250,2020-11-15T18:01:39.250Z,sell,1.44e-06,2797.0,0.00402768
APPC/BTC,1605463300789,2020-11-15T18:01:40.789Z,sell,1.44e-06,2797.0,0.00402768
APPC/BTC,1605463313259,2020-11-15T18:01:53.259Z,sell,1.44e-06,2742.0,0.00394848
APPC/BTC,1605463342955,2020-11-15T18:02:22.955Z,sell,1.44e-06,2649.0,0.00381456
APPC/BTC,1605463345258,2020-11-15T18:02:25.258Z,sell,1.44e-06,2797.0,0.00402768
APPC/BTC,1605463355523,2020-11-15T18:02:35.523Z,sell,1.44e-06,2797.0,0.00402768
APPC/BTC,1605463357503,2020-11-15T18:02:37.503Z,sell,1.44e-06,2797.0,0.00402768
APPC/BTC,1605463367479,2020-11-15T18:02:47.479Z,sell,1.44e-06,103.0,0.00014832
APPC/BTC,1605463467649,2020-11-15T18:04:27.649Z,sell,1.44e-06,2777.0,0.00399888
APPC/BTC,1605463467662,2020-11-15T18:04:27.662Z,sell,1.44e-06,5016.0,0.00722304
APPC/BTC,1605463467762,2020-11-15T18:04:27.762Z,sell,1.44e-06,2506.0,0.0036086399999999
APPC/BTC,1605463467867,2020-11-15T18:04:27.867Z,sell,1.44e-06,1252.0,0.00180288
APPC/BTC,1605463556148,2020-11-15T18:05:56.148Z,sell,1.44e-06,118.0,0.00016992
APPC/BTC,1605463646884,2020-11-15T18:07:26.884Z,buy,1.45e-06,759.0,0.00110055
APPC/BTC,1605463713595,2020-11-15T18:08:33.595Z,buy,1.45e-06,1175.0,0.00170375
APPC/BTC,1605463719592,2020-11-15T18:08:39.592Z,sell,1.44e-06,857.0,0.00123408
APPC/BTC,1605463732638,2020-11-15T18:08:52.638Z,sell,1.44e-06,4253.0,0.00612432
APPC/BTC,1605463732646,2020-11-15T18:08:52.646Z,sell,1.44e-06,2511.0,0.00361584
APPC/BTC,1605463765776,2020-11-15T18:09:25.776Z,sell,1.44e-06,160.0,0.0002304
APPC/BTC,1605463777046,2020-11-15T18:09:37.046Z,sell,1.44e-06,150.0,0.000216
APPC/BTC,1605463777809,2020-11-15T18:09:37.809Z,sell,1.44e-06,10894.0,0.01568736
APPC/BTC,1605463811347,2020-11-15T18:10:11.347Z,buy,1.44e-06,1324.0,0.00190656
APPC/BTC,1605463811586,2020-11-15T18:10:11.586Z,buy,1.44e-06,7000.0,0.01008
APPC/BTC,1605463873552,2020-11-15T18:11:13.552Z,sell,1.43e-06,2777.0,0.00397111
APPC/BTC,1605463877974,2020-11-15T18:11:17.974Z,sell,1.43e-06,2777.0,0.00397111
APPC/BTC,1605463972245,2020-11-15T18:12:52.245Z,sell,1.43e-06,1247.0,0.00178321
APPC/BTC,1605464096912,2020-11-15T18:14:56.912Z,sell,1.43e-06,2315.0,0.00331045
APPC/BTC,1605464405095,2020-11-15T18:20:05.095Z,sell,1.43e-06,213.0,0.00030459
APPC/BTC,1605464431743,2020-11-15T18:20:31.743Z,sell,1.43e-06,85.0,0.00012155
APPC/BTC,1605464469215,2020-11-15T18:21:09.215Z,sell,1.43e-06,109.0,0.00015587
APPC/BTC,1605464500304,2020-11-15T18:21:40.304Z,sell,1.43e-06,218.0,0.00031174
APPC/BTC,1605464531223,2020-11-15T18:22:11.223Z,buy,1.44e-06,66448.0,0.09568512
APPC/BTC,1605464531223,2020-11-15T18:22:11.223Z,buy,1.45e-06,10801.0,0.01566145
APPC/BTC,1605464531382,2020-11-15T18:22:11.382Z,sell,1.45e-06,997.0,0.00144565
APPC/BTC,1605464590146,2020-11-15T18:23:10.146Z,sell,1.45e-06,70.0,0.0001015
APPC/BTC,1605464614957,2020-11-15T18:23:34.957Z,sell,1.45e-06,107.0,0.00015515
APPC/BTC,1605464635618,2020-11-15T18:23:55.618Z,sell,1.45e-06,1403.0,0.00203435
APPC/BTC,1605464722837,2020-11-15T18:25:22.837Z,sell,1.45e-06,908.0,0.0013166
APPC/BTC,1605464849336,2020-11-15T18:27:29.336Z,buy,1.46e-06,1785.0,0.0026061
APPC/BTC,1605464891583,2020-11-15T18:28:11.583Z,buy,1.46e-06,18839.0,0.02750494
APPC/BTC,1605465449213,2020-11-15T18:37:29.213Z,sell,1.45e-06,15367.0,0.02228215
APPC/BTC,1605466698433,2020-11-15T18:58:18.433Z,sell,1.45e-06,6182.0,0.0089639
APPC/BTC,1605466698433,2020-11-15T18:58:18.433Z,sell,1.45e-06,6182.0,0.0089639
APPC/BTC,1605467860280,2020-11-15T19:17:40.280Z,buy,1.46e-06,7748.0,0.01131208
APPC/BTC,1605467890915,2020-11-15T19:18:10.915Z,buy,1.46e-06,770.0,0.0011242
APPC/BTC,1605467916790,2020-11-15T19:18:36.790Z,sell,1.45e-06,343.0,0.00049735
APPC/BTC,1605468303018,2020-11-15T19:25:03.018Z,sell,1.45e-06,2614.0,0.0037903
APPC/BTC,1605468684748,2020-11-15T19:31:24.748Z,buy,1.46e-06,4315.0,0.0062999
APPC/BTC,1605468753527,2020-11-15T19:32:33.527Z,buy,1.46e-06,14337.0,0.02093202
APPC/BTC,1605468898211,2020-11-15T19:34:58.211Z,sell,1.45e-06,1401.0,0.00203145
APPC/BTC,1605469028264,2020-11-15T19:37:08.264Z,buy,1.46e-06,535.0,0.0007811
APPC/BTC,1605469028264,2020-11-15T19:37:08.264Z,buy,1.46e-06,535.0,0.0007811
APPC/BTC,1605471077636,2020-11-15T20:11:17.636Z,buy,1.46e-06,5925.0,0.0086505
APPC/BTC,1605471078359,2020-11-15T20:11:18.359Z,sell,1.46e-06,1853.0,0.00270538
APPC/BTC,1605471502135,2020-11-15T20:18:22.135Z,sell,1.46e-06,7742.0,0.01130332
APPC/BTC,1605471520178,2020-11-15T20:18:40.178Z,sell,1.46e-06,271.0,0.00039566
APPC/BTC,1605471576291,2020-11-15T20:19:36.291Z,buy,1.47e-06,9718.0,0.01428546
APPC/BTC,1605471752816,2020-11-15T20:22:32.816Z,buy,1.47e-06,1552.0,0.00228144
APPC/BTC,1605471753322,2020-11-15T20:22:33.322Z,sell,1.46e-06,3168.0,0.00462528
APPC/BTC,1605471757268,2020-11-15T20:22:37.268Z,sell,1.46e-06,8898.0,0.01299108
APPC/BTC,1605471787686,2020-11-15T20:23:07.686Z,sell,1.46e-06,3108.0,0.00453768
APPC/BTC,1605471858496,2020-11-15T20:24:18.496Z,sell,1.46e-06,11352.0,0.01657392
APPC/BTC,1605471860720,2020-11-15T20:24:20.720Z,sell,1.46e-06,8358.0,0.01220268
APPC/BTC,1605472072039,2020-11-15T20:27:52.039Z,sell,1.46e-06,170.0,0.0002482
APPC/BTC,1605472254348,2020-11-15T20:30:54.348Z,sell,1.46e-06,7757.0,0.01132522
APPC/BTC,1605472254348,2020-11-15T20:30:54.348Z,sell,1.46e-06,7757.0,0.01132522
APPC/BTC,1605472966452,2020-11-15T20:42:46.452Z,buy,1.47e-06,27568.0,0.04052496
APPC/BTC,1605473530513,2020-11-15T20:52:10.513Z,sell,1.46e-06,27568.0,0.04024928
APPC/BTC,1605473583714,2020-11-15T20:53:03.714Z,sell,1.46e-06,7535.0,0.0110011
APPC/BTC,1605473651522,2020-11-15T20:54:11.522Z,buy,1.47e-06,4291.0,0.00630777
APPC/BTC,1605473651522,2020-11-15T20:54:11.522Z,buy,1.48e-06,119422.0,0.17674456
APPC/BTC,1605473651654,2020-11-15T20:54:11.654Z,sell,1.48e-06,6762.0,0.01000776
APPC/BTC,1605473651683,2020-11-15T20:54:11.683Z,sell,1.48e-06,1953.0,0.00289044
APPC/BTC,1605473652611,2020-11-15T20:54:12.611Z,sell,1.48e-06,2742.0,0.00405816
APPC/BTC,1605473654249,2020-11-15T20:54:14.249Z,sell,1.48e-06,1861.0,0.00275428
APPC/BTC,1605473654918,2020-11-15T20:54:14.918Z,sell,1.48e-06,1062.0,0.00157176
APPC/BTC,1605473661366,2020-11-15T20:54:21.366Z,sell,1.48e-06,1968.0,0.00291264
APPC/BTC,1605473700828,2020-11-15T20:55:00.828Z,sell,1.48e-06,14382.0,0.02128536
APPC/BTC,1605473701888,2020-11-15T20:55:01.888Z,sell,1.48e-06,1852.0,0.00274096
APPC/BTC,1605474317337,2020-11-15T21:05:17.337Z,buy,1.49e-06,27013.0,0.04024937
APPC/BTC,1605474607917,2020-11-15T21:10:07.917Z,buy,1.49e-06,3355.0,0.0049989499999999
APPC/BTC,1605474607917,2020-11-15T21:10:07.917Z,buy,1.49e-06,3355.0,0.0049989499999999
APPC/BTC,1605475942620,2020-11-15T21:32:22.620Z,sell,1.48e-06,3756.0,0.00555888
APPC/BTC,1605475981032,2020-11-15T21:33:01.032Z,sell,1.48e-06,515.0,0.0007622
APPC/BTC,1605476041204,2020-11-15T21:34:01.204Z,sell,1.48e-06,130.0,0.0001924
APPC/BTC,1605476262419,2020-11-15T21:37:42.419Z,sell,1.48e-06,250605.0,0.3708954
APPC/BTC,1605476305168,2020-11-15T21:38:25.168Z,sell,1.47e-06,4012.0,0.00589764
APPC/BTC,1605476308568,2020-11-15T21:38:28.568Z,sell,1.47e-06,4137.0,0.00608139
APPC/BTC,1605476346083,2020-11-15T21:39:06.083Z,sell,1.47e-06,2702.0,0.0039719399999999
APPC/BTC,1605476363821,2020-11-15T21:39:23.821Z,sell,1.47e-06,2702.0,0.0039719399999999
APPC/BTC,1605476364589,2020-11-15T21:39:24.589Z,sell,1.47e-06,829.0,0.0012186299999999
APPC/BTC,1605476410315,2020-11-15T21:40:10.315Z,buy,1.47e-06,69.0,0.00010143
APPC/BTC,1605476414014,2020-11-15T21:40:14.014Z,buy,1.47e-06,456.0,0.00067032
APPC/BTC,1605477229339,2020-11-15T21:53:49.339Z,sell,1.46e-06,948.0,0.00138408
APPC/BTC,1605477229339,2020-11-15T21:53:49.339Z,sell,1.45e-06,2407.0,0.00349015
APPC/BTC,1605477310914,2020-11-15T21:55:10.914Z,buy,1.46e-06,203.0,0.00029638
APPC/BTC,1605477364569,2020-11-15T21:56:04.569Z,buy,1.46e-06,1492.0,0.00217832
APPC/BTC,1605477628087,2020-11-15T22:00:28.087Z,buy,1.46e-06,98.0,0.00014308
APPC/BTC,1605477628087,2020-11-15T22:00:28.087Z,buy,1.46e-06,98.0,0.00014308
APPC/BTC,1605478574289,2020-11-15T22:16:14.289Z,sell,1.45e-06,8089.0,0.01172905
APPC/BTC,1605481001754,2020-11-15T22:56:41.754Z,buy,1.46e-06,7741.0,0.01130186
APPC/BTC,1605481186324,2020-11-15T22:59:46.324Z,buy,1.46e-06,3761.0,0.00549106
APPC/BTC,1605481227013,2020-11-15T23:00:27.013Z,sell,1.46e-06,98.0,0.00014308
APPC/BTC,1605481227013,2020-11-15T23:00:27.013Z,sell,1.46e-06,98.0,0.00014308
APPC/BTC,1605483494784,2020-11-15T23:38:14.784Z,sell,1.46e-06,10959.0,0.01600014
APPC/BTC,1605483494784,2020-11-15T23:38:14.784Z,sell,1.46e-06,10959.0,0.01600014
APPC/BTC,1605485224494,2020-11-16T00:07:04.494Z,sell,1.46e-06,2500.0,0.00365
APPC/BTC,1605485284303,2020-11-16T00:08:04.303Z,sell,1.46e-06,6128.0,0.00894688
APPC/BTC,1605485299920,2020-11-16T00:08:19.920Z,sell,1.46e-06,4596.0,0.00671016
APPC/BTC,1605485332731,2020-11-16T00:08:52.731Z,sell,1.46e-06,3208.0,0.00468368
APPC/BTC,1605485497279,2020-11-16T00:11:37.279Z,sell,1.45e-06,10581.0,0.01534245
APPC/BTC,1605485902908,2020-11-16T00:18:22.908Z,buy,1.46e-06,8706.0,0.01271076
APPC/BTC,1605486010270,2020-11-16T00:20:10.270Z,sell,1.46e-06,69.0,0.00010074
APPC/BTC,1605486126935,2020-11-16T00:22:06.935Z,sell,1.46e-06,8150.0,0.011899
APPC/BTC,1605486169023,2020-11-16T00:22:49.023Z,sell,1.46e-06,7543.0,0.01101278
APPC/BTC,1605486811627,2020-11-16T00:33:31.627Z,sell,1.46e-06,3859.0,0.00563414
APPC/BTC,1605486811627,2020-11-16T00:33:31.627Z,sell,1.46e-06,3859.0,0.00563414
APPC/BTC,1605487572301,2020-11-16T00:46:12.301Z,sell,1.46e-06,7820.0,0.0114172
APPC/BTC,1605487572301,2020-11-16T00:46:12.301Z,sell,1.45e-06,35967.0,0.05215215
APPC/BTC,1605487577862,2020-11-16T00:46:17.862Z,sell,1.45e-06,29036.0,0.0421022
APPC/BTC,1605487579256,2020-11-16T00:46:19.256Z,sell,1.45e-06,9718.0,0.0140911
APPC/BTC,1605488233129,2020-11-16T00:57:13.129Z,sell,1.45e-06,260.0,0.000377
APPC/BTC,1605488261565,2020-11-16T00:57:41.565Z,buy,1.45e-06,119.0,0.00017255
APPC/BTC,1605488288782,2020-11-16T00:58:08.782Z,buy,1.45e-06,146.0,0.0002117
APPC/BTC,1605488339084,2020-11-16T00:58:59.084Z,buy,1.45e-06,225.0,0.00032625
APPC/BTC,1605488349085,2020-11-16T00:59:09.085Z,buy,1.45e-06,95.0,0.00013775
APPC/BTC,1605488357677,2020-11-16T00:59:17.677Z,buy,1.45e-06,220.0,0.000319
APPC/BTC,1605488368633,2020-11-16T00:59:28.633Z,buy,1.45e-06,265.0,0.00038425
APPC/BTC,1605488375954,2020-11-16T00:59:35.954Z,buy,1.45e-06,436.0,0.0006322
APPC/BTC,1605488376155,2020-11-16T00:59:36.155Z,buy,1.45e-06,77.0,0.00011165
APPC/BTC,1605488401638,2020-11-16T01:00:01.638Z,buy,1.45e-06,126.0,0.0001827
APPC/BTC,1605488401854,2020-11-16T01:00:01.854Z,buy,1.45e-06,126.0,0.0001827
APPC/BTC,1605488427933,2020-11-16T01:00:27.933Z,buy,1.45e-06,99.0,0.00014355
APPC/BTC,1605488428092,2020-11-16T01:00:28.092Z,buy,1.45e-06,101.0,0.00014645
APPC/BTC,1605488465447,2020-11-16T01:01:05.447Z,buy,1.45e-06,79.0,0.00011455
APPC/BTC,1605488490818,2020-11-16T01:01:30.818Z,buy,1.45e-06,160.0,0.000232
APPC/BTC,1605488517124,2020-11-16T01:01:57.124Z,buy,1.45e-06,94.0,0.0001363
APPC/BTC,1605488517362,2020-11-16T01:01:57.362Z,buy,1.45e-06,11000.0,0.01595
APPC/BTC,1605488517362,2020-11-16T01:01:57.362Z,buy,1.45e-06,7000.0,0.01015
APPC/BTC,1605488569193,2020-11-16T01:02:49.193Z,buy,1.45e-06,96.0,0.0001392
APPC/BTC,1605488602352,2020-11-16T01:03:22.352Z,buy,1.45e-06,713.0,0.00103385
APPC/BTC,1605488602483,2020-11-16T01:03:22.483Z,buy,1.45e-06,184.0,0.0002668
APPC/BTC,1605488646052,2020-11-16T01:04:06.052Z,buy,1.45e-06,143.0,0.00020735
APPC/BTC,1605488669468,2020-11-16T01:04:29.468Z,buy,1.45e-06,102.0,0.0001479
APPC/BTC,1605488703814,2020-11-16T01:05:03.814Z,buy,1.45e-06,145.0,0.00021025
APPC/BTC,1605488724168,2020-11-16T01:05:24.168Z,buy,1.45e-06,557.0,0.00080765
APPC/BTC,1605488724288,2020-11-16T01:05:24.288Z,buy,1.45e-06,167.0,0.00024215
APPC/BTC,1605488759921,2020-11-16T01:05:59.921Z,buy,1.45e-06,105.0,0.00015225
APPC/BTC,1605488761775,2020-11-16T01:06:01.775Z,buy,1.45e-06,95.0,0.00013775
APPC/BTC,1605488788452,2020-11-16T01:06:28.452Z,buy,1.45e-06,222.0,0.0003219
APPC/BTC,1605488788706,2020-11-16T01:06:28.706Z,buy,1.45e-06,117.0,0.00016965
APPC/BTC,1605488838897,2020-11-16T01:07:18.897Z,buy,1.45e-06,140.0,0.000203
APPC/BTC,1605488865050,2020-11-16T01:07:45.050Z,buy,1.45e-06,365.0,0.00052925
APPC/BTC,1605488865188,2020-11-16T01:07:45.188Z,buy,1.45e-06,227.0,0.00032915
APPC/BTC,1605488943844,2020-11-16T01:09:03.844Z,sell,1.44e-06,160.0,0.0002304
APPC/BTC,1605488943982,2020-11-16T01:09:03.982Z,sell,1.44e-06,71.0,0.00010224
APPC/BTC,1605488944173,2020-11-16T01:09:04.173Z,sell,1.44e-06,120.0,0.0001728
APPC/BTC,1605489243408,2020-11-16T01:14:03.408Z,sell,1.44e-06,36110.0,0.0519984
APPC/BTC,1605490109823,2020-11-16T01:28:29.823Z,sell,1.44e-06,5744.0,0.00827136
APPC/BTC,1605490170972,2020-11-16T01:29:30.972Z,sell,1.44e-06,100.0,0.000144
APPC/BTC,1605490170972,2020-11-16T01:29:30.972Z,sell,1.44e-06,100.0,0.000144
APPC/BTC,1605492242709,2020-11-16T02:04:02.709Z,sell,1.44e-06,4827.0,0.0069508799999999
APPC/BTC,1605493606945,2020-11-16T02:26:46.945Z,buy,1.44e-06,203.0,0.00029232
APPC/BTC,1605493724391,2020-11-16T02:28:44.391Z,buy,1.44e-06,84.0,0.00012096
APPC/BTC,1605493724550,2020-11-16T02:28:44.550Z,buy,1.44e-06,84.0,0.00012096
APPC/BTC,1605493759463,2020-11-16T02:29:19.463Z,buy,1.44e-06,138.0,0.00019872
APPC/BTC,1605493759463,2020-11-16T02:29:19.463Z,buy,1.44e-06,138.0,0.00019872
APPC/BTC,1605493926501,2020-11-16T02:32:06.501Z,buy,1.44e-06,261.0,0.00037584
APPC/BTC,1605493926634,2020-11-16T02:32:06.634Z,buy,1.44e-06,123.0,0.0001771199999999
APPC/BTC,1605493956924,2020-11-16T02:32:36.924Z,buy,1.44e-06,169.0,0.00024336
APPC/BTC,1605493957084,2020-11-16T02:32:37.084Z,buy,1.44e-06,169.0,0.00024336
APPC/BTC,1605494069841,2020-11-16T02:34:29.841Z,buy,1.44e-06,84.0,0.00012096
APPC/BTC,1605494069986,2020-11-16T02:34:29.986Z,buy,1.44e-06,85.0,0.0001224
APPC/BTC,1605494102366,2020-11-16T02:35:02.366Z,buy,1.44e-06,75.0,0.000108
APPC/BTC,1605494102507,2020-11-16T02:35:02.507Z,buy,1.44e-06,76.0,0.00010944
APPC/BTC,1605494122918,2020-11-16T02:35:22.918Z,buy,1.44e-06,149.0,0.00021456
APPC/BTC,1605494123051,2020-11-16T02:35:23.051Z,buy,1.44e-06,150.0,0.000216
APPC/BTC,1605494180212,2020-11-16T02:36:20.212Z,buy,1.44e-06,74.0,0.00010656
APPC/BTC,1605494180349,2020-11-16T02:36:20.349Z,buy,1.44e-06,73.0,0.00010512
APPC/BTC,1605494231977,2020-11-16T02:37:11.977Z,buy,1.44e-06,241.0,0.00034704
APPC/BTC,1605494232209,2020-11-16T02:37:12.209Z,buy,1.44e-06,1000.0,0.0014399999999999
APPC/BTC,1605494232210,2020-11-16T02:37:12.210Z,buy,1.44e-06,1000.0,0.0014399999999999
APPC/BTC,1605494358064,2020-11-16T02:39:18.064Z,buy,1.44e-06,118.0,0.00016992
APPC/BTC,1605494415487,2020-11-16T02:40:15.487Z,buy,1.44e-06,495.0,0.0007128
APPC/BTC,1605494415607,2020-11-16T02:40:15.607Z,buy,1.44e-06,137.0,0.00019728
APPC/BTC,1605494478069,2020-11-16T02:41:18.069Z,buy,1.44e-06,138.0,0.00019872
APPC/BTC,1605494513456,2020-11-16T02:41:53.456Z,buy,1.44e-06,143.0,0.00020592
APPC/BTC,1605494514780,2020-11-16T02:41:54.780Z,sell,1.43e-06,102509.0,0.14658787
APPC/BTC,1605494514823,2020-11-16T02:41:54.823Z,buy,1.43e-06,367.0,0.00052481
APPC/BTC,1605494524432,2020-11-16T02:42:04.432Z,sell,1.42e-06,32653.0,0.04636726
APPC/BTC,1605494524432,2020-11-16T02:42:04.432Z,sell,1.42e-06,3351.0,0.00475842
APPC/BTC,1605494524784,2020-11-16T02:42:04.784Z,buy,1.43e-06,70.0,0.0001001
APPC/BTC,1605494536140,2020-11-16T02:42:16.140Z,buy,1.43e-06,80.0,0.0001144
APPC/BTC,1605494569897,2020-11-16T02:42:49.897Z,buy,1.43e-06,202.0,0.00028886
APPC/BTC,1605494585367,2020-11-16T02:43:05.367Z,buy,1.43e-06,132.0,0.00018876
APPC/BTC,1605494612523,2020-11-16T02:43:32.523Z,buy,1.43e-06,98.0,0.00014014
APPC/BTC,1605494637239,2020-11-16T02:43:57.239Z,buy,1.43e-06,106.0,0.00015158
APPC/BTC,1605494644902,2020-11-16T02:44:04.902Z,sell,1.42e-06,970.0,0.0013774
APPC/BTC,1605494701849,2020-11-16T02:45:01.849Z,buy,1.43e-06,131.0,0.00018733
APPC/BTC,1605494702971,2020-11-16T02:45:02.971Z,buy,1.43e-06,162.0,0.00023166
APPC/BTC,1605494869808,2020-11-16T02:47:49.808Z,buy,1.43e-06,125.0,0.00017875
APPC/BTC,1605494905268,2020-11-16T02:48:25.268Z,buy,1.43e-06,121.0,0.00017303
APPC/BTC,1605494950491,2020-11-16T02:49:10.491Z,buy,1.43e-06,136.0,0.00019448
APPC/BTC,1605494951995,2020-11-16T02:49:11.995Z,buy,1.43e-06,205.0,0.00029315
APPC/BTC,1605495119060,2020-11-16T02:51:59.060Z,buy,1.43e-06,111.0,0.00015873
APPC/BTC,1605495120238,2020-11-16T02:52:00.238Z,buy,1.43e-06,107.0,0.00015301
APPC/BTC,1605495206164,2020-11-16T02:53:26.164Z,buy,1.43e-06,204.0,0.00029172
APPC/BTC,1605495370688,2020-11-16T02:56:10.688Z,buy,1.43e-06,236.0,0.00033748
APPC/BTC,1605495414918,2020-11-16T02:56:54.918Z,buy,1.43e-06,203.0,0.00029029
APPC/BTC,1605495435465,2020-11-16T02:57:15.465Z,buy,1.43e-06,73.0,0.00010439
APPC/BTC,1605495474689,2020-11-16T02:57:54.689Z,buy,1.43e-06,151.0,0.00021593
APPC/BTC,1605495503845,2020-11-16T02:58:23.845Z,buy,1.43e-06,190.0,0.0002717
APPC/BTC,1605495537360,2020-11-16T02:58:57.360Z,buy,1.43e-06,136.0,0.00019448
APPC/BTC,1605495572647,2020-11-16T02:59:32.647Z,buy,1.43e-06,177.0,0.00025311
APPC/BTC,1605495622937,2020-11-16T03:00:22.937Z,buy,1.43e-06,209.0,0.00029887
APPC/BTC,1605495661572,2020-11-16T03:01:01.572Z,buy,1.43e-06,160.0,0.0002288
APPC/BTC,1605495662614,2020-11-16T03:01:02.614Z,buy,1.43e-06,356.0,0.00050908
APPC/BTC,1605495713110,2020-11-16T03:01:53.110Z,buy,1.43e-06,124.0,0.00017732
APPC/BTC,1605495742597,2020-11-16T03:02:22.597Z,buy,1.43e-06,146.0,0.00020878
APPC/BTC,1605495762994,2020-11-16T03:02:42.994Z,buy,1.43e-06,89.0,0.00012727
APPC/BTC,1605495763253,2020-11-16T03:02:43.253Z,buy,1.43e-06,1000.0,0.00143
APPC/BTC,1605495787005,2020-11-16T03:03:07.005Z,buy,1.43e-06,301.0,0.00043043
APPC/BTC,1605495803355,2020-11-16T03:03:23.355Z,buy,1.43e-06,125.0,0.00017875
APPC/BTC,1605495833651,2020-11-16T03:03:53.651Z,buy,1.43e-06,120.0,0.0001716
APPC/BTC,1605495841892,2020-11-16T03:04:01.892Z,buy,1.43e-06,83583.0,0.11952369
APPC/BTC,1605495861765,2020-11-16T03:04:21.765Z,buy,1.44e-06,1087.0,0.00156528
APPC/BTC,1605497050001,2020-11-16T03:24:10.001Z,sell,1.43e-06,545.0,0.00077935
APPC/BTC,1605497050001,2020-11-16T03:24:10.001Z,sell,1.43e-06,545.0,0.00077935
APPC/BTC,1605497631641,2020-11-16T03:33:51.641Z,buy,1.44e-06,98.0,0.00014112
APPC/BTC,1605497632982,2020-11-16T03:33:52.982Z,buy,1.44e-06,94.0,0.00013536
APPC/BTC,1605497683444,2020-11-16T03:34:43.444Z,buy,1.44e-06,179.0,0.00025776
APPC/BTC,1605497899503,2020-11-16T03:38:19.503Z,buy,1.44e-06,93.0,0.00013392
APPC/BTC,1605497924780,2020-11-16T03:38:44.780Z,buy,1.44e-06,126.0,0.00018144
APPC/BTC,1605497974254,2020-11-16T03:39:34.254Z,buy,1.44e-06,185.0,0.0002663999999999
APPC/BTC,1605498036911,2020-11-16T03:40:36.911Z,buy,1.44e-06,212.0,0.00030528
APPC/BTC,1605498150446,2020-11-16T03:42:30.446Z,buy,1.44e-06,80.0,0.0001152
APPC/BTC,1605498172943,2020-11-16T03:42:52.943Z,buy,1.44e-06,158.0,0.00022752
APPC/BTC,1605498232438,2020-11-16T03:43:52.438Z,buy,1.44e-06,111.0,0.00015984
APPC/BTC,1605498259549,2020-11-16T03:44:19.549Z,buy,1.44e-06,91.0,0.00013104
APPC/BTC,1605500073485,2020-11-16T04:14:33.485Z,buy,1.44e-06,95.0,0.0001368
APPC/BTC,1605500073720,2020-11-16T04:14:33.720Z,buy,1.44e-06,1000.0,0.0014399999999999
APPC/BTC,1605500253664,2020-11-16T04:17:33.664Z,buy,1.44e-06,116.0,0.00016704
APPC/BTC,1605500364201,2020-11-16T04:19:24.201Z,buy,1.44e-06,117.0,0.0001684799999999
APPC/BTC,1605500400672,2020-11-16T04:20:00.672Z,sell,1.43e-06,2113.0,0.00302159
APPC/BTC,1605500441090,2020-11-16T04:20:41.090Z,buy,1.43e-06,126.0,0.00018018
APPC/BTC,1605500441220,2020-11-16T04:20:41.220Z,buy,1.43e-06,126.0,0.00018018
APPC/BTC,1605500459686,2020-11-16T04:20:59.686Z,buy,1.43e-06,202.0,0.00028886
APPC/BTC,1605500462361,2020-11-16T04:21:02.361Z,buy,1.43e-06,1400.0,0.002002
APPC/BTC,1605500462712,2020-11-16T04:21:02.712Z,buy,1.43e-06,70.0,0.0001001
APPC/BTC,1605500503727,2020-11-16T04:21:43.727Z,buy,1.43e-06,184.0,0.00026312
APPC/BTC,1605500503745,2020-11-16T04:21:43.745Z,buy,1.43e-06,779.0,0.00111397
APPC/BTC,1605500503745,2020-11-16T04:21:43.745Z,buy,1.43e-06,779.0,0.00111397
APPC/BTC,1605501865435,2020-11-16T04:44:25.435Z,buy,1.44e-06,156.0,0.00022464
APPC/BTC,1605501866732,2020-11-16T04:44:26.732Z,buy,1.44e-06,130.0,0.0001872
APPC/BTC,1605502011240,2020-11-16T04:46:51.240Z,sell,1.43e-06,1454.0,0.00207922
APPC/BTC,1605502074295,2020-11-16T04:47:54.295Z,buy,1.44e-06,125.0,0.0001799999999999
APPC/BTC,1605502496946,2020-11-16T04:54:56.946Z,buy,1.44e-06,88.0,0.00012672
APPC/BTC,1605502521084,2020-11-16T04:55:21.084Z,buy,1.44e-06,113.0,0.00016272
APPC/BTC,1605502606781,2020-11-16T04:56:46.781Z,buy,1.44e-06,136.0,0.00019584
APPC/BTC,1605502670526,2020-11-16T04:57:50.526Z,buy,1.44e-06,100.0,0.000144
APPC/BTC,1605502681980,2020-11-16T04:58:01.980Z,buy,1.44e-06,121.0,0.0001742399999999
APPC/BTC,1605502685108,2020-11-16T04:58:05.108Z,buy,1.44e-06,157.0,0.00022608
APPC/BTC,1605502732251,2020-11-16T04:58:52.251Z,buy,1.44e-06,136.0,0.00019584
APPC/BTC,1605502883838,2020-11-16T05:01:23.838Z,buy,1.44e-06,103.0,0.00014832
APPC/BTC,1605502941422,2020-11-16T05:02:21.422Z,buy,1.44e-06,125.0,0.0001799999999999
APPC/BTC,1605502941598,2020-11-16T05:02:21.598Z,buy,1.44e-06,125.0,0.0001799999999999
APPC/BTC,1605502942630,2020-11-16T05:02:22.630Z,buy,1.44e-06,19.0,2.736e-05
APPC/BTC,1605502942630,2020-11-16T05:02:22.630Z,buy,1.45e-06,143.0,0.00020735
APPC/BTC,1605503154097,2020-11-16T05:05:54.097Z,buy,1.45e-06,52187.0,0.07567115
APPC/BTC,1605503237432,2020-11-16T05:07:17.432Z,buy,1.45e-06,104.0,0.0001508
APPC/BTC,1605503379265,2020-11-16T05:09:39.265Z,buy,1.45e-06,163.0,0.00023635
APPC/BTC,1605503395426,2020-11-16T05:09:55.426Z,buy,1.45e-06,205.0,0.00029725
APPC/BTC,1605503494472,2020-11-16T05:11:34.472Z,buy,1.45e-06,190.0,0.0002755
APPC/BTC,1605503654949,2020-11-16T05:14:14.949Z,buy,1.45e-06,167.0,0.00024215
APPC/BTC,1605503685260,2020-11-16T05:14:45.260Z,buy,1.45e-06,144.0,0.0002088
APPC/BTC,1605503766218,2020-11-16T05:16:06.218Z,buy,1.45e-06,141.0,0.00020445
APPC/BTC,1605503818433,2020-11-16T05:16:58.433Z,buy,1.45e-06,114.0,0.0001653
APPC/BTC,1605503942903,2020-11-16T05:19:02.903Z,buy,1.45e-06,200.0,0.00029
APPC/BTC,1605503944197,2020-11-16T05:19:04.197Z,buy,1.45e-06,119.0,0.00017255
APPC/BTC,1605503944197,2020-11-16T05:19:04.197Z,buy,1.45e-06,119.0,0.00017255
APPC/BTC,1605504164238,2020-11-16T05:22:44.238Z,sell,1.44e-06,1440.0,0.0020736
APPC/BTC,1605504192579,2020-11-16T05:23:12.579Z,sell,1.44e-06,216.0,0.00031104
APPC/BTC,1605504527064,2020-11-16T05:28:47.064Z,buy,1.45e-06,126.0,0.0001827
APPC/BTC,1605504578146,2020-11-16T05:29:38.146Z,buy,1.45e-06,148.0,0.0002146
APPC/BTC,1605504591830,2020-11-16T05:29:51.830Z,buy,1.45e-06,186.0,0.0002697
APPC/BTC,1605504621073,2020-11-16T05:30:21.073Z,buy,1.45e-06,86.0,0.0001247
APPC/BTC,1605504622308,2020-11-16T05:30:22.308Z,buy,1.45e-06,188.0,0.0002726
APPC/BTC,1605504669945,2020-11-16T05:31:09.945Z,buy,1.45e-06,173.0,0.00025085
APPC/BTC,1605505122535,2020-11-16T05:38:42.535Z,buy,1.45e-06,92.0,0.0001334
APPC/BTC,1605505200797,2020-11-16T05:40:00.797Z,buy,1.45e-06,99.0,0.00014355
APPC/BTC,1605505867312,2020-11-16T05:51:07.312Z,buy,1.45e-06,86.0,0.0001247
APPC/BTC,1605505910795,2020-11-16T05:51:50.795Z,buy,1.45e-06,144.0,0.0002088
APPC/BTC,1605505978525,2020-11-16T05:52:58.525Z,buy,1.45e-06,150.0,0.0002175
APPC/BTC,1605506004844,2020-11-16T05:53:24.844Z,buy,1.45e-06,193.0,0.00027985
APPC/BTC,1605506089391,2020-11-16T05:54:49.391Z,buy,1.45e-06,103.0,0.00014935
APPC/BTC,1605506112480,2020-11-16T05:55:12.480Z,buy,1.45e-06,95.0,0.00013775
APPC/BTC,1605506363716,2020-11-16T05:59:23.716Z,buy,1.45e-06,83.0,0.00012035
APPC/BTC,1605506365046,2020-11-16T05:59:25.046Z,buy,1.45e-06,128.0,0.0001856
APPC/BTC,1605506368158,2020-11-16T05:59:28.158Z,buy,1.45e-06,150.0,0.0002175
APPC/BTC,1605506426292,2020-11-16T06:00:26.292Z,buy,1.45e-06,107.0,0.00015515
APPC/BTC,1605506442019,2020-11-16T06:00:42.019Z,buy,1.45e-06,14783.0,0.02143535
APPC/BTC,1605506492194,2020-11-16T06:01:32.194Z,buy,1.45e-06,163.0,0.00023635
APPC/BTC,1605506597654,2020-11-16T06:03:17.654Z,buy,1.45e-06,25008.0,0.0362616
APPC/BTC,1605506637653,2020-11-16T06:03:57.653Z,buy,1.45e-06,34990.0,0.0507355
APPC/BTC,1605506637653,2020-11-16T06:03:57.653Z,buy,1.45e-06,34990.0,0.0507355
APPC/BTC,1605507871112,2020-11-16T06:24:31.112Z,buy,1.45e-06,493.0,0.00071485
APPC/BTC,1605507871112,2020-11-16T06:24:31.112Z,buy,1.45e-06,493.0,0.00071485
APPC/BTC,1605510256473,2020-11-16T07:04:16.473Z,sell,1.44e-06,135.0,0.0001944
APPC/BTC,1605510279285,2020-11-16T07:04:39.285Z,sell,1.44e-06,12826.0,0.01846944
APPC/BTC,1605510761592,2020-11-16T07:12:41.592Z,sell,1.44e-06,555.0,0.0007992
APPC/BTC,1605511019605,2020-11-16T07:16:59.605Z,sell,1.44e-06,70.0,0.0001008
APPC/BTC,1605511019605,2020-11-16T07:16:59.605Z,sell,1.43e-06,14267.0,0.02040181
APPC/BTC,1605511063663,2020-11-16T07:17:43.663Z,buy,1.44e-06,201.0,0.00028944
APPC/BTC,1605511066852,2020-11-16T07:17:46.852Z,sell,1.43e-06,71.0,0.00010153
APPC/BTC,1605511066852,2020-11-16T07:17:46.852Z,sell,1.43e-06,71.0,0.00010153
APPC/BTC,1605512206591,2020-11-16T07:36:46.591Z,buy,1.44e-06,10000.0,0.0144
APPC/BTC,1605512873953,2020-11-16T07:47:53.953Z,sell,1.43e-06,71.0,0.00010153
APPC/BTC,1605513013789,2020-11-16T07:50:13.789Z,buy,1.44e-06,207.0,0.00029808
APPC/BTC,1605513038459,2020-11-16T07:50:38.459Z,buy,1.44e-06,101.0,0.00014544
APPC/BTC,1605513085972,2020-11-16T07:51:25.972Z,buy,1.44e-06,180.0,0.0002592
APPC/BTC,1605513184961,2020-11-16T07:53:04.961Z,buy,1.44e-06,191.0,0.00027504
APPC/BTC,1605513295717,2020-11-16T07:54:55.717Z,buy,1.44e-06,212.0,0.00030528
APPC/BTC,1605513681168,2020-11-16T08:01:21.168Z,buy,1.44e-06,450.0,0.000648
APPC/BTC,1605514265305,2020-11-16T08:11:05.305Z,sell,1.44e-06,375.0,0.00054
APPC/BTC,1605514265305,2020-11-16T08:11:05.305Z,sell,1.44e-06,375.0,0.00054
APPC/BTC,1605515380841,2020-11-16T08:29:40.841Z,sell,1.44e-06,966.0,0.00139104
APPC/BTC,1605515386057,2020-11-16T08:29:46.057Z,sell,1.44e-06,5603.0,0.00806832
APPC/BTC,1605515405787,2020-11-16T08:30:05.787Z,buy,1.44e-06,202.0,0.00029088
APPC/BTC,1605515440166,2020-11-16T08:30:40.166Z,buy,1.44e-06,93.0,0.00013392
APPC/BTC,1605515649354,2020-11-16T08:34:09.354Z,buy,1.44e-06,140.0,0.0002016
APPC/BTC,1605515649518,2020-11-16T08:34:09.518Z,buy,1.44e-06,140.0,0.0002016
APPC/BTC,1605516015210,2020-11-16T08:40:15.210Z,buy,1.44e-06,97.0,0.00013968
APPC/BTC,1605516325778,2020-11-16T08:45:25.778Z,buy,1.44e-06,184.0,0.00026496
APPC/BTC,1605516380281,2020-11-16T08:46:20.281Z,buy,1.44e-06,140.0,0.0002016
APPC/BTC,1605516649461,2020-11-16T08:50:49.461Z,buy,1.44e-06,186.0,0.00026784
APPC/BTC,1605516684699,2020-11-16T08:51:24.699Z,buy,1.44e-06,679.0,0.00097776
APPC/BTC,1605516758170,2020-11-16T08:52:38.170Z,buy,1.44e-06,77.0,0.00011088
APPC/BTC,1605516803716,2020-11-16T08:53:23.716Z,buy,1.44e-06,185.0,0.0002663999999999
APPC/BTC,1605516892119,2020-11-16T08:54:52.119Z,buy,1.44e-06,209.0,0.00030096
APPC/BTC,1605516926278,2020-11-16T08:55:26.278Z,buy,1.44e-06,103.0,0.00014832
APPC/BTC,1605516941681,2020-11-16T08:55:41.681Z,buy,1.44e-06,2903.0,0.0041803199999999
APPC/BTC,1605517538750,2020-11-16T09:05:38.750Z,buy,1.45e-06,82.0,0.0001189
APPC/BTC,1605517538750,2020-11-16T09:05:38.750Z,buy,1.45e-06,82.0,0.0001189
APPC/BTC,1605521540419,2020-11-16T10:12:20.419Z,sell,1.44e-06,1004.0,0.00144576
APPC/BTC,1605521540419,2020-11-16T10:12:20.419Z,sell,1.44e-06,1004.0,0.00144576
APPC/BTC,1605522825587,2020-11-16T10:33:45.587Z,sell,1.44e-06,14453.0,0.02081232
APPC/BTC,1605522826011,2020-11-16T10:33:46.011Z,sell,1.44e-06,2903.0,0.0041803199999999
APPC/BTC,1605522884819,2020-11-16T10:34:44.819Z,sell,1.44e-06,16070.0,0.0231408
APPC/BTC,1605522968167,2020-11-16T10:36:08.167Z,sell,1.44e-06,2777.0,0.00399888
APPC/BTC,1605524298682,2020-11-16T10:58:18.682Z,sell,1.44e-06,10892.0,0.01568448
APPC/BTC,1605524299513,2020-11-16T10:58:19.513Z,sell,1.44e-06,10914.0,0.01571616
APPC/BTC,1605524358396,2020-11-16T10:59:18.396Z,sell,1.44e-06,2777.0,0.00399888
APPC/BTC,1605524466823,2020-11-16T11:01:06.823Z,sell,1.44e-06,14298.0,0.02058912
APPC/BTC,1605524742562,2020-11-16T11:05:42.562Z,sell,1.44e-06,101.0,0.00014544
APPC/BTC,1605524881244,2020-11-16T11:08:01.244Z,sell,1.44e-06,1064.0,0.00153216
APPC/BTC,1605524881244,2020-11-16T11:08:01.244Z,sell,1.44e-06,1064.0,0.00153216
APPC/BTC,1605525445923,2020-11-16T11:17:25.923Z,sell,1.43e-06,2226.0,0.00318318
APPC/BTC,1605525619180,2020-11-16T11:20:19.180Z,sell,1.43e-06,1076.0,0.00153868
APPC/BTC,1605525928527,2020-11-16T11:25:28.527Z,sell,1.43e-06,500.0,0.000715
APPC/BTC,1605526029400,2020-11-16T11:27:09.400Z,sell,1.43e-06,33897.0,0.04847271
APPC/BTC,1605526029400,2020-11-16T11:27:09.400Z,sell,1.42e-06,18290.0,0.0259718
APPC/BTC,1605526084589,2020-11-16T11:28:04.589Z,buy,1.43e-06,114.0,0.00016302
APPC/BTC,1605526089060,2020-11-16T11:28:09.060Z,sell,1.42e-06,72.0,0.00010224
APPC/BTC,1605526160282,2020-11-16T11:29:20.282Z,buy,1.43e-06,203.0,0.00029029
APPC/BTC,1605526520527,2020-11-16T11:35:20.527Z,buy,1.43e-06,189.0,0.00027027
APPC/BTC,1605526854459,2020-11-16T11:40:54.459Z,buy,1.43e-06,112.0,0.00016016
APPC/BTC,1605526999333,2020-11-16T11:43:19.333Z,buy,1.43e-06,213.0,0.00030459
APPC/BTC,1605527208692,2020-11-16T11:46:48.692Z,buy,1.43e-06,14229.0,0.02034747
APPC/BTC,1605527411505,2020-11-16T11:50:11.505Z,buy,1.43e-06,11056.0,0.01581008
APPC/BTC,1605528007789,2020-11-16T12:00:07.789Z,buy,1.43e-06,291.0,0.00041613
APPC/BTC,1605528039135,2020-11-16T12:00:39.135Z,buy,1.43e-06,20979.0,0.02999997
APPC/BTC,1605528039135,2020-11-16T12:00:39.135Z,buy,1.43e-06,20979.0,0.02999997
APPC/BTC,1605529793930,2020-11-16T12:29:53.930Z,buy,1.43e-06,15862.0,0.02268266
APPC/BTC,1605529802760,2020-11-16T12:30:02.760Z,buy,1.43e-06,3928.0,0.00561704
APPC/BTC,1605530280983,2020-11-16T12:38:00.983Z,buy,1.44e-06,23898.0,0.03441312
APPC/BTC,1605530280999,2020-11-16T12:38:00.999Z,buy,1.44e-06,7978.0,0.01148832
APPC/BTC,1605530281115,2020-11-16T12:38:01.115Z,buy,1.44e-06,8126.0,0.01170144
APPC/BTC,1605530281217,2020-11-16T12:38:01.217Z,buy,1.44e-06,4060.0,0.0058464
APPC/BTC,1605530281334,2020-11-16T12:38:01.334Z,buy,1.44e-06,1385.0,0.0019944
APPC/BTC,1605531081128,2020-11-16T12:51:21.128Z,sell,1.43e-06,20111.0,0.02875873
APPC/BTC,1605531604260,2020-11-16T13:00:04.260Z,sell,1.43e-06,2934.0,0.00419562
APPC/BTC,1605531604260,2020-11-16T13:00:04.260Z,sell,1.43e-06,2934.0,0.00419562
APPC/BTC,1605533379772,2020-11-16T13:29:39.772Z,sell,1.43e-06,1531.0,0.00218933
APPC/BTC,1605533461277,2020-11-16T13:31:01.277Z,sell,1.43e-06,2000.0,0.00286
APPC/BTC,1605534068724,2020-11-16T13:41:08.724Z,buy,1.44e-06,1960.0,0.0028224
APPC/BTC,1605534068724,2020-11-16T13:41:08.724Z,buy,1.45e-06,4388.0,0.0063626
APPC/BTC,1605534068724,2020-11-16T13:41:08.724Z,buy,1.44e-06,1960.0,0.0028224
APPC/BTC,1605534068724,2020-11-16T13:41:08.724Z,buy,1.45e-06,4388.0,0.0063626
APPC/BTC,1605537184190,2020-11-16T14:33:04.190Z,sell,1.44e-06,689.0,0.00099216
APPC/BTC,1605537405800,2020-11-16T14:36:45.800Z,buy,1.44e-06,201.0,0.00028944
APPC/BTC,1605537405800,2020-11-16T14:36:45.800Z,buy,1.44e-06,201.0,0.00028944
APPC/BTC,1605537773988,2020-11-16T14:42:53.988Z,sell,1.43e-06,1879.0,0.00268697
APPC/BTC,1605537790350,2020-11-16T14:43:10.350Z,buy,1.43e-06,70.0,0.0001001
APPC/BTC,1605537871071,2020-11-16T14:44:31.071Z,buy,1.43e-06,4257.0,0.00608751
APPC/BTC,1605537960746,2020-11-16T14:46:00.746Z,buy,1.43e-06,203.0,0.00029029
APPC/BTC,1605538384385,2020-11-16T14:53:04.385Z,sell,1.42e-06,3724.0,0.00528808
APPC/BTC,1605538447250,2020-11-16T14:54:07.250Z,sell,1.42e-06,5161.0,0.00732862
APPC/BTC,1605538797061,2020-11-16T14:59:57.061Z,sell,1.42e-06,99154.0,0.14079868
APPC/BTC,1605538797162,2020-11-16T14:59:57.162Z,sell,1.42e-06,22229.0,0.03156518
APPC/BTC,1605538928938,2020-11-16T15:02:08.938Z,buy,1.43e-06,4797.0,0.00685971
APPC/BTC,1605539126297,2020-11-16T15:05:26.297Z,sell,1.42e-06,11070.0,0.0157193999999999
APPC/BTC,1605539147684,2020-11-16T15:05:47.684Z,buy,1.43e-06,71.0,0.00010153
APPC/BTC,1605539633460,2020-11-16T15:13:53.460Z,buy,1.44e-06,14089.0,0.02028816
APPC/BTC,1605540096705,2020-11-16T15:21:36.705Z,sell,1.43e-06,547.0,0.00078221
APPC/BTC,1605540096705,2020-11-16T15:21:36.705Z,sell,1.43e-06,547.0,0.00078221
APPC/BTC,1605541262044,2020-11-16T15:41:02.044Z,sell,1.43e-06,81.0,0.00011583
APPC/BTC,1605541286536,2020-11-16T15:41:26.536Z,buy,1.44e-06,979.0,0.00140976
APPC/BTC,1605541727216,2020-11-16T15:48:47.216Z,sell,1.43e-06,100.0,0.000143
APPC/BTC,1605542369730,2020-11-16T15:59:29.730Z,sell,1.43e-06,1862.0,0.00266266
APPC/BTC,1605542425907,2020-11-16T16:00:25.907Z,buy,1.43e-06,20046.0,0.02866578
APPC/BTC,1605542565910,2020-11-16T16:02:45.910Z,sell,1.43e-06,9201.0,0.01315743
APPC/BTC,1605542780962,2020-11-16T16:06:20.962Z,sell,1.42e-06,6661.0,0.00945862
APPC/BTC,1605542789977,2020-11-16T16:06:29.977Z,sell,1.42e-06,1452.0,0.00206184
APPC/BTC,1605542790096,2020-11-16T16:06:30.096Z,buy,1.42e-06,1308.0,0.00185736
APPC/BTC,1605542825612,2020-11-16T16:07:05.612Z,buy,1.42e-06,169.0,0.00023998
APPC/BTC,1605542825795,2020-11-16T16:07:05.795Z,buy,1.42e-06,169.0,0.00023998
APPC/BTC,1605542826544,2020-11-16T16:07:06.544Z,sell,1.41e-06,10235.0,0.01443135
APPC/BTC,1605542828378,2020-11-16T16:07:08.378Z,buy,1.41e-06,7667.0,0.01081047
APPC/BTC,1605542828382,2020-11-16T16:07:08.382Z,buy,1.41e-06,3846.0,0.00542286
APPC/BTC,1605542856147,2020-11-16T16:07:36.147Z,sell,1.41e-06,11386.0,0.01605426
APPC/BTC,1605542878926,2020-11-16T16:07:58.926Z,sell,1.41e-06,11384.0,0.01605144
APPC/BTC,1605542886616,2020-11-16T16:08:06.616Z,sell,1.41e-06,970.0,0.0013677
APPC/BTC,1605542886847,2020-11-16T16:08:06.847Z,sell,1.41e-06,7000.0,0.00987
APPC/BTC,1605542896083,2020-11-16T16:08:16.083Z,sell,1.41e-06,7947.0,0.01120527
APPC/BTC,1605542963465,2020-11-16T16:09:23.465Z,sell,1.41e-06,212.0,0.00029892
APPC/BTC,1605543162680,2020-11-16T16:12:42.680Z,buy,1.42e-06,271.0,0.0003848199999999
APPC/BTC,1605543216140,2020-11-16T16:13:36.140Z,sell,1.41e-06,600.0,0.000846
APPC/BTC,1605543338736,2020-11-16T16:15:38.736Z,sell,1.41e-06,1551.0,0.00218691
APPC/BTC,1605543434181,2020-11-16T16:17:14.181Z,buy,1.42e-06,77.0,0.00010934
APPC/BTC,1605543501215,2020-11-16T16:18:21.215Z,sell,1.41e-06,1318.0,0.00185838
APPC/BTC,1605543516673,2020-11-16T16:18:36.673Z,sell,1.41e-06,52053.0,0.07339473
APPC/BTC,1605543642189,2020-11-16T16:20:42.189Z,sell,1.4e-06,2214.0,0.0030995999999999
APPC/BTC,1605543642189,2020-11-16T16:20:42.189Z,sell,1.4e-06,2214.0,0.0030995999999999
APPC/BTC,1605543732296,2020-11-16T16:22:12.296Z,sell,1.4e-06,2836.0,0.0039704
APPC/BTC,1605543805871,2020-11-16T16:23:25.871Z,sell,1.4e-06,2836.0,0.0039704
APPC/BTC,1605543806061,2020-11-16T16:23:26.061Z,sell,1.4e-06,828.0,0.0011592
APPC/BTC,1605543903977,2020-11-16T16:25:03.977Z,sell,1.4e-06,12000.0,0.0168
APPC/BTC,1605543962261,2020-11-16T16:26:02.261Z,sell,1.4e-06,12133.0,0.0169862
APPC/BTC,1605543962730,2020-11-16T16:26:02.730Z,buy,1.4e-06,362.0,0.0005068
APPC/BTC,1605543987940,2020-11-16T16:26:27.940Z,sell,1.39e-06,15399.0,0.02140461
APPC/BTC,1605543988192,2020-11-16T16:26:28.192Z,buy,1.39e-06,1000.0,0.00139
APPC/BTC,1605544006882,2020-11-16T16:26:46.882Z,sell,1.38e-06,25166.0,0.0347290799999999
APPC/BTC,1605544008722,2020-11-16T16:26:48.722Z,buy,1.39e-06,137.0,0.00019043
APPC/BTC,1605544025505,2020-11-16T16:27:05.505Z,sell,1.38e-06,970.0,0.0013386
APPC/BTC,1605544083532,2020-11-16T16:28:03.532Z,sell,1.38e-06,450.0,0.0006209999999999
APPC/BTC,1605544304152,2020-11-16T16:31:44.152Z,sell,1.38e-06,142.0,0.00019596
APPC/BTC,1605544356110,2020-11-16T16:32:36.110Z,sell,1.38e-06,600.0,0.000828
APPC/BTC,1605545435815,2020-11-16T16:50:35.815Z,buy,1.39e-06,987.0,0.00137193
APPC/BTC,1605545952820,2020-11-16T16:59:12.820Z,buy,1.39e-06,37532.0,0.05216948
APPC/BTC,1605545952837,2020-11-16T16:59:12.837Z,buy,1.39e-06,1759.0,0.00244501
APPC/BTC,1605546518679,2020-11-16T17:08:38.679Z,sell,1.39e-06,9998.0,0.01389722
APPC/BTC,1605546860420,2020-11-16T17:14:20.420Z,sell,1.39e-06,563.0,0.00078257
APPC/BTC,1605546860420,2020-11-16T17:14:20.420Z,sell,1.39e-06,563.0,0.00078257
APPC/BTC,1605547352419,2020-11-16T17:22:32.419Z,sell,1.39e-06,5911.0,0.00821629
APPC/BTC,1605547367113,2020-11-16T17:22:47.113Z,sell,1.39e-06,15641.0,0.02174099
APPC/BTC,1605547725511,2020-11-16T17:28:45.511Z,sell,1.39e-06,235.0,0.00032665
APPC/BTC,1605547989346,2020-11-16T17:33:09.346Z,sell,1.39e-06,33417.0,0.04644963
APPC/BTC,1605548050631,2020-11-16T17:34:10.631Z,sell,1.38e-06,2877.0,0.00397026
APPC/BTC,1605548056078,2020-11-16T17:34:16.078Z,sell,1.38e-06,2877.0,0.00397026
APPC/BTC,1605548094883,2020-11-16T17:34:54.883Z,sell,1.38e-06,22055.0,0.0304359
APPC/BTC,1605548110521,2020-11-16T17:35:10.521Z,buy,1.38e-06,73.0,0.0001007399999999
APPC/BTC,1605548120375,2020-11-16T17:35:20.375Z,buy,1.38e-06,194.0,0.00026772
APPC/BTC,1605548139557,2020-11-16T17:35:39.557Z,sell,1.37e-06,135178.0,0.18519386
APPC/BTC,1605548139885,2020-11-16T17:35:39.885Z,buy,1.37e-06,2434.0,0.00333458
APPC/BTC,1605548165127,2020-11-16T17:36:05.127Z,buy,1.38e-06,138.0,0.00019044
APPC/BTC,1605548178809,2020-11-16T17:36:18.809Z,sell,1.36e-06,119023.0,0.1618712799999999
APPC/BTC,1605548178809,2020-11-16T17:36:18.809Z,sell,1.35e-06,1227.0,0.00165645
APPC/BTC,1605548178809,2020-11-16T17:36:18.809Z,sell,1.34e-06,988.0,0.00132392
APPC/BTC,1605548178809,2020-11-16T17:36:18.809Z,sell,1.33e-06,1090.0,0.0014497
APPC/BTC,1605548178809,2020-11-16T17:36:18.809Z,sell,1.32e-06,689.0,0.00090948
APPC/BTC,1605548178809,2020-11-16T17:36:18.809Z,sell,1.31e-06,294.0,0.0003851399999999
APPC/BTC,1605548178809,2020-11-16T17:36:18.809Z,sell,1.3e-06,8693.0,0.0113009
APPC/BTC,1605548178809,2020-11-16T17:36:18.809Z,sell,1.29e-06,12857.0,0.0165855299999999
APPC/BTC,1605548178809,2020-11-16T17:36:18.809Z,sell,1.28e-06,154.0,0.00019712
APPC/BTC,1605548178809,2020-11-16T17:36:18.809Z,sell,1.27e-06,4288.0,0.00544576
APPC/BTC,1605548178809,2020-11-16T17:36:18.809Z,sell,1.26e-06,4246.0,0.00534996
APPC/BTC,1605548178840,2020-11-16T17:36:18.840Z,buy,1.28e-06,223.0,0.00028544
APPC/BTC,1605548178840,2020-11-16T17:36:18.840Z,buy,1.29e-06,146.0,0.00018834
APPC/BTC,1605548178845,2020-11-16T17:36:18.845Z,buy,1.29e-06,369.0,0.0004760099999999
APPC/BTC,1605548178851,2020-11-16T17:36:18.851Z,buy,1.29e-06,369.0,0.0004760099999999
APPC/BTC,1605548178862,2020-11-16T17:36:18.862Z,buy,1.29e-06,369.0,0.0004760099999999
APPC/BTC,1605548178883,2020-11-16T17:36:18.883Z,buy,1.29e-06,3337.0,0.00430473
APPC/BTC,1605548178979,2020-11-16T17:36:18.979Z,buy,1.3e-06,7282.0,0.0094666
APPC/BTC,1605548178987,2020-11-16T17:36:18.987Z,buy,1.31e-06,369.0,0.00048339
APPC/BTC,1605548179018,2020-11-16T17:36:19.018Z,buy,1.31e-06,6423.0,0.0084141299999999
APPC/BTC,1605548179061,2020-11-16T17:36:19.061Z,buy,1.33e-06,254.0,0.00033782
APPC/BTC,1605548179201,2020-11-16T17:36:19.201Z,buy,1.33e-06,4500.0,0.005985
APPC/BTC,1605548179201,2020-11-16T17:36:19.201Z,buy,1.34e-06,2631.0,0.00352554
APPC/BTC,1605548179201,2020-11-16T17:36:19.201Z,buy,1.35e-06,151.0,0.00020385
APPC/BTC,1605548179318,2020-11-16T17:36:19.318Z,buy,1.34e-06,1992.0,0.00266928
APPC/BTC,1605548179377,2020-11-16T17:36:19.377Z,buy,1.34e-06,3091.0,0.00414194
APPC/BTC,1605548179392,2020-11-16T17:36:19.392Z,buy,1.34e-06,808.0,0.00108272
APPC/BTC,1605548179448,2020-11-16T17:36:19.448Z,buy,1.34e-06,808.0,0.00108272
APPC/BTC,1605548179452,2020-11-16T17:36:19.452Z,buy,1.34e-06,1805.0,0.0024187
APPC/BTC,1605548179653,2020-11-16T17:36:19.653Z,buy,1.34e-06,1151.0,0.00154234
APPC/BTC,1605548179702,2020-11-16T17:36:19.702Z,sell,1.31e-06,663.0,0.00086853
APPC/BTC,1605548180065,2020-11-16T17:36:20.065Z,sell,1.31e-06,91.0,0.0001192099999999
APPC/BTC,1605548180383,2020-11-16T17:36:20.383Z,buy,1.34e-06,1276.0,0.00170984
APPC/BTC,1605548180509,2020-11-16T17:36:20.509Z,buy,1.34e-06,1276.0,0.00170984
APPC/BTC,1605548180521,2020-11-16T17:36:20.521Z,buy,1.34e-06,1276.0,0.00170984
APPC/BTC,1605548181808,2020-11-16T17:36:21.808Z,buy,1.32e-06,566.0,0.00074712
APPC/BTC,1605548181896,2020-11-16T17:36:21.896Z,sell,1.31e-06,151.0,0.00019781
APPC/BTC,1605548182031,2020-11-16T17:36:22.031Z,sell,1.31e-06,154.0,0.00020174
APPC/BTC,1605548182235,2020-11-16T17:36:22.235Z,sell,1.31e-06,155.0,0.00020305
APPC/BTC,1605548182536,2020-11-16T17:36:22.536Z,sell,1.31e-06,156.0,0.00020436
APPC/BTC,1605548183536,2020-11-16T17:36:23.536Z,buy,1.32e-06,150.0,0.000198
APPC/BTC,1605548186479,2020-11-16T17:36:26.479Z,buy,1.33e-06,74.0,9.842e-05
APPC/BTC,1605548187990,2020-11-16T17:36:27.990Z,buy,1.33e-06,75.0,9.975e-05
APPC/BTC,1605548189033,2020-11-16T17:36:29.033Z,buy,1.34e-06,75.0,0.0001005
APPC/BTC,1605548219731,2020-11-16T17:36:59.731Z,sell,1.33e-06,734.0,0.00097622
APPC/BTC,1605548242817,2020-11-16T17:37:22.817Z,buy,1.34e-06,2853.0,0.00382302
APPC/BTC,1605548268738,2020-11-16T17:37:48.738Z,buy,1.34e-06,3524.0,0.00472216
APPC/BTC,1605548295184,2020-11-16T17:38:15.184Z,sell,1.34e-06,866.0,0.00116044
APPC/BTC,1605548301528,2020-11-16T17:38:21.528Z,buy,1.35e-06,629.0,0.00084915
APPC/BTC,1605548315065,2020-11-16T17:38:35.065Z,buy,1.35e-06,1012.0,0.0013662
APPC/BTC,1605548341345,2020-11-16T17:39:01.345Z,sell,1.34e-06,128.0,0.00017152
APPC/BTC,1605548342833,2020-11-16T17:39:02.833Z,buy,1.35e-06,978.0,0.0013203
APPC/BTC,1605548440118,2020-11-16T17:40:40.118Z,buy,1.35e-06,11111.0,0.01499985
APPC/BTC,1605548471719,2020-11-16T17:41:11.719Z,buy,1.36e-06,1466.0,0.00199376
APPC/BTC,1605548478559,2020-11-16T17:41:18.559Z,buy,1.36e-06,668.0,0.0009084799999999
APPC/BTC,1605548484534,2020-11-16T17:41:24.534Z,buy,1.36e-06,925.0,0.001258
APPC/BTC,1605548556927,2020-11-16T17:42:36.927Z,sell,1.35e-06,600.0,0.00081
APPC/BTC,1605548589839,2020-11-16T17:43:09.839Z,buy,1.36e-06,531.0,0.0007221599999999
APPC/BTC,1605548634884,2020-11-16T17:43:54.884Z,buy,1.36e-06,303.0,0.0004120799999999
APPC/BTC,1605548637768,2020-11-16T17:43:57.768Z,buy,1.36e-06,353.0,0.0004800799999999
APPC/BTC,1605548638447,2020-11-16T17:43:58.447Z,buy,1.36e-06,326.0,0.0004433599999999
APPC/BTC,1605548649081,2020-11-16T17:44:09.081Z,sell,1.35e-06,400.0,0.00054
APPC/BTC,1605548731468,2020-11-16T17:45:31.468Z,buy,1.36e-06,16817.0,0.0228711199999999
APPC/BTC,1605548733054,2020-11-16T17:45:33.054Z,buy,1.36e-06,270.0,0.0003672
APPC/BTC,1605548733247,2020-11-16T17:45:33.247Z,buy,1.36e-06,190.0,0.0002584
APPC/BTC,1605548873337,2020-11-16T17:47:53.337Z,buy,1.36e-06,21205.0,0.0288387999999999
APPC/BTC,1605549079665,2020-11-16T17:51:19.665Z,sell,1.35e-06,7793.0,0.01052055
APPC/BTC,1605549173514,2020-11-16T17:52:53.514Z,buy,1.36e-06,245.0,0.0003331999999999
APPC/BTC,1605549495313,2020-11-16T17:58:15.313Z,buy,1.36e-06,248.0,0.0003372799999999
APPC/BTC,1605549866174,2020-11-16T18:04:26.174Z,buy,1.36e-06,335.0,0.0004555999999999
APPC/BTC,1605549866487,2020-11-16T18:04:26.487Z,buy,1.36e-06,2000.0,0.0027199999999999
APPC/BTC,1605549866493,2020-11-16T18:04:26.493Z,buy,1.36e-06,1000.0,0.0013599999999999
APPC/BTC,1605549866503,2020-11-16T18:04:26.503Z,buy,1.36e-06,1000.0,0.0013599999999999
APPC/BTC,1605549866503,2020-11-16T18:04:26.503Z,buy,1.36e-06,1000.0,0.0013599999999999
APPC/BTC,1605551353358,2020-11-16T18:29:13.358Z,buy,1.36e-06,692.0,0.0009411199999999
APPC/BTC,1605551424312,2020-11-16T18:30:24.312Z,sell,1.35e-06,3143.0,0.00424305
APPC/BTC,1605551971491,2020-11-16T18:39:31.491Z,buy,1.36e-06,103.0,0.00014008
APPC/BTC,1605552853599,2020-11-16T18:54:13.599Z,buy,1.36e-06,36997.0,0.0503159199999999
APPC/BTC,1605552853836,2020-11-16T18:54:13.836Z,buy,1.36e-06,1310.0,0.0017816
APPC/BTC,1605552853836,2020-11-16T18:54:13.836Z,buy,1.36e-06,1310.0,0.0017816
APPC/BTC,1605554043343,2020-11-16T19:14:03.343Z,sell,1.36e-06,81.0,0.0001101599999999
APPC/BTC,1605554714142,2020-11-16T19:25:14.142Z,sell,1.35e-06,7752.0,0.0104652
APPC/BTC,1605554737540,2020-11-16T19:25:37.540Z,buy,1.35e-06,4344.0,0.0058644
APPC/BTC,1605554948525,2020-11-16T19:29:08.525Z,sell,1.34e-06,91.0,0.00012194
APPC/BTC,1605554974812,2020-11-16T19:29:34.812Z,buy,1.35e-06,101.0,0.00013635
APPC/BTC,1605554988370,2020-11-16T19:29:48.370Z,buy,1.35e-06,138.0,0.0001863
APPC/BTC,1605555599887,2020-11-16T19:39:59.887Z,buy,1.35e-06,25629.0,0.03459915
APPC/BTC,1605555605076,2020-11-16T19:40:05.076Z,sell,1.35e-06,2331.0,0.00314685
APPC/BTC,1605555726743,2020-11-16T19:42:06.743Z,sell,1.35e-06,1711.0,0.00230985
APPC/BTC,1605555726743,2020-11-16T19:42:06.743Z,sell,1.35e-06,1711.0,0.00230985
APPC/BTC,1605557129299,2020-11-16T20:05:29.299Z,sell,1.35e-06,611.0,0.00082485
APPC/BTC,1605557220086,2020-11-16T20:07:00.086Z,sell,1.35e-06,55.0,7.425e-05
APPC/BTC,1605557253379,2020-11-16T20:07:33.379Z,sell,1.34e-06,20312.0,0.02721808
APPC/BTC,1605557254327,2020-11-16T20:07:34.327Z,buy,1.34e-06,1289.0,0.00172726
APPC/BTC,1605557254345,2020-11-16T20:07:34.345Z,buy,1.34e-06,1281.0,0.00171654
APPC/BTC,1605557254462,2020-11-16T20:07:34.462Z,buy,1.34e-06,1040.0,0.0013936
APPC/BTC,1605557258411,2020-11-16T20:07:38.411Z,buy,1.34e-06,6965.0,0.0093331
APPC/BTC,1605557258411,2020-11-16T20:07:38.411Z,buy,1.35e-06,147.0,0.00019845
APPC/BTC,1605557258411,2020-11-16T20:07:38.411Z,buy,1.36e-06,614.0,0.0008350399999999
APPC/BTC,1605557259459,2020-11-16T20:07:39.459Z,sell,1.34e-06,712.0,0.00095408
APPC/BTC,1605557259698,2020-11-16T20:07:39.698Z,sell,1.33e-06,712.0,0.00094696
APPC/BTC,1605557261524,2020-11-16T20:07:41.524Z,buy,1.34e-06,147.0,0.00019698
APPC/BTC,1605557320688,2020-11-16T20:08:40.688Z,buy,1.34e-06,139.0,0.00018626
APPC/BTC,1605557572400,2020-11-16T20:12:52.400Z,buy,1.34e-06,12947.0,0.01734898
APPC/BTC,1605558370094,2020-11-16T20:26:10.094Z,buy,1.35e-06,97.0,0.00013095
APPC/BTC,1605558404252,2020-11-16T20:26:44.252Z,sell,1.34e-06,14186.0,0.01900924
APPC/BTC,1605558452089,2020-11-16T20:27:32.089Z,buy,1.35e-06,10706.0,0.0144531
APPC/BTC,1605558539075,2020-11-16T20:28:59.075Z,sell,1.34e-06,115.0,0.0001541
APPC/BTC,1605558570154,2020-11-16T20:29:30.154Z,sell,1.34e-06,123.0,0.00016482
APPC/BTC,1605558604791,2020-11-16T20:30:04.791Z,sell,1.34e-06,141.0,0.00018894
APPC/BTC,1605559060802,2020-11-16T20:37:40.802Z,sell,1.34e-06,105.0,0.0001407
APPC/BTC,1605559089587,2020-11-16T20:38:09.587Z,sell,1.34e-06,234.0,0.00031356
APPC/BTC,1605559239345,2020-11-16T20:40:39.345Z,sell,1.34e-06,177.0,0.00023718
APPC/BTC,1605559239345,2020-11-16T20:40:39.345Z,sell,1.34e-06,177.0,0.00023718
APPC/BTC,1605559388167,2020-11-16T20:43:08.167Z,sell,1.34e-06,213.0,0.00028542
APPC/BTC,1605559418530,2020-11-16T20:43:38.530Z,sell,1.34e-06,96.0,0.00012864
APPC/BTC,1605559419713,2020-11-16T20:43:39.713Z,sell,1.34e-06,116.0,0.00015544
APPC/BTC,1605559565915,2020-11-16T20:46:05.915Z,sell,1.34e-06,205.0,0.0002747
APPC/BTC,1605559696693,2020-11-16T20:48:16.693Z,buy,1.35e-06,445.0,0.00060075
APPC/BTC,1605559712303,2020-11-16T20:48:32.303Z,sell,1.34e-06,97.0,0.00012998
APPC/BTC,1605559722417,2020-11-16T20:48:42.417Z,buy,1.35e-06,8807.0,0.01188945
APPC/BTC,1605560319879,2020-11-16T20:58:39.879Z,sell,1.35e-06,220.0,0.000297
APPC/BTC,1605560420196,2020-11-16T21:00:20.196Z,sell,1.35e-06,101.0,0.00013635
APPC/BTC,1605560448585,2020-11-16T21:00:48.585Z,sell,1.35e-06,134.0,0.0001809
APPC/BTC,1605560523661,2020-11-16T21:02:03.661Z,buy,1.36e-06,3543.0,0.00481848
APPC/BTC,1605560533768,2020-11-16T21:02:13.768Z,sell,1.35e-06,205.0,0.00027675
APPC/BTC,1605560659762,2020-11-16T21:04:19.762Z,sell,1.35e-06,141.0,0.00019035
APPC/BTC,1605560693105,2020-11-16T21:04:53.105Z,sell,1.35e-06,197.0,0.00026595
APPC/BTC,1605560812780,2020-11-16T21:06:52.780Z,sell,1.35e-06,155.0,0.00020925
APPC/BTC,1605561231878,2020-11-16T21:13:51.878Z,sell,1.35e-06,1642.0,0.0022167
APPC/BTC,1605561275668,2020-11-16T21:14:35.668Z,buy,1.35e-06,138.0,0.0001863
APPC/BTC,1605561555624,2020-11-16T21:19:15.624Z,sell,1.34e-06,431.0,0.00057754
APPC/BTC,1605561679035,2020-11-16T21:21:19.035Z,buy,1.35e-06,84.0,0.0001134
APPC/BTC,1605561846678,2020-11-16T21:24:06.678Z,sell,1.34e-06,87.0,0.00011658
APPC/BTC,1605561892521,2020-11-16T21:24:52.521Z,buy,1.35e-06,94.0,0.0001269
APPC/BTC,1605562125533,2020-11-16T21:28:45.533Z,buy,1.35e-06,1338.0,0.0018063
APPC/BTC,1605562173182,2020-11-16T21:29:33.182Z,sell,1.34e-06,90.0,0.0001206
APPC/BTC,1605562184886,2020-11-16T21:29:44.886Z,buy,1.35e-06,94.0,0.0001269
APPC/BTC,1605562184886,2020-11-16T21:29:44.886Z,buy,1.35e-06,94.0,0.0001269
APPC/BTC,1605563099762,2020-11-16T21:44:59.762Z,buy,1.35e-06,10745.0,0.01450575
APPC/BTC,1605563165129,2020-11-16T21:46:05.129Z,buy,1.36e-06,25839.0,0.03514104
APPC/BTC,1605563395081,2020-11-16T21:49:55.081Z,buy,1.36e-06,1486.0,0.00202096
APPC/BTC,1605563411129,2020-11-16T21:50:11.129Z,sell,1.36e-06,75.0,0.0001019999999999
APPC/BTC,1605563469846,2020-11-16T21:51:09.846Z,sell,1.36e-06,5279.0,0.00717944
APPC/BTC,1605563556505,2020-11-16T21:52:36.505Z,sell,1.35e-06,365.0,0.00049275
APPC/BTC,1605563556505,2020-11-16T21:52:36.505Z,sell,1.35e-06,365.0,0.00049275
APPC/BTC,1605566704358,2020-11-16T22:45:04.358Z,sell,1.35e-06,213.0,0.00028755
APPC/BTC,1605566785680,2020-11-16T22:46:25.680Z,sell,1.35e-06,91.0,0.00012285
APPC/BTC,1605566785680,2020-11-16T22:46:25.680Z,sell,1.35e-06,91.0,0.00012285
APPC/BTC,1605567562073,2020-11-16T22:59:22.073Z,buy,1.36e-06,2201.0,0.0029933599999999
APPC/BTC,1605567769507,2020-11-16T23:02:49.507Z,buy,1.36e-06,2195.0,0.0029852
APPC/BTC,1605567927151,2020-11-16T23:05:27.151Z,sell,1.35e-06,14211.0,0.01918485
APPC/BTC,1605567927263,2020-11-16T23:05:27.263Z,sell,1.35e-06,7446.0,0.0100521
APPC/BTC,1605570235658,2020-11-16T23:43:55.658Z,buy,1.36e-06,14092.0,0.0191651199999999
APPC/BTC,1605570235658,2020-11-16T23:43:55.658Z,buy,1.36e-06,14092.0,0.0191651199999999
APPC/BTC,1605570868970,2020-11-16T23:54:28.970Z,buy,1.36e-06,199.0,0.00027064
APPC/BTC,1605570972042,2020-11-16T23:56:12.042Z,buy,1.36e-06,242.0,0.0003291199999999
APPC/BTC,1605571094479,2020-11-16T23:58:14.479Z,buy,1.36e-06,175.0,0.0002379999999999
APPC/BTC,1605571156847,2020-11-16T23:59:16.847Z,buy,1.36e-06,136.0,0.00018496
APPC/BTC,1605571229468,2020-11-17T00:00:29.468Z,buy,1.36e-06,209.0,0.00028424
APPC/BTC,1605571256478,2020-11-17T00:00:56.478Z,buy,1.36e-06,1447.0,0.0019679199999999
APPC/BTC,1605571350636,2020-11-17T00:02:30.636Z,buy,1.36e-06,997.0,0.0013559199999999
APPC/BTC,1605571393211,2020-11-17T00:03:13.211Z,buy,1.36e-06,374.0,0.00050864
APPC/BTC,1605571463536,2020-11-17T00:04:23.536Z,buy,1.36e-06,128.0,0.00017408
APPC/BTC,1605571475785,2020-11-17T00:04:35.785Z,buy,1.36e-06,278.0,0.00037808
APPC/BTC,1605571477045,2020-11-17T00:04:37.045Z,buy,1.36e-06,146.0,0.00019856
APPC/BTC,1605571616741,2020-11-17T00:06:56.741Z,buy,1.36e-06,106.0,0.00014416
APPC/BTC,1605571617836,2020-11-17T00:06:57.836Z,buy,1.36e-06,144.0,0.00019584
APPC/BTC,1605571736343,2020-11-17T00:08:56.343Z,buy,1.36e-06,184.0,0.00025024
APPC/BTC,1605571877455,2020-11-17T00:11:17.455Z,buy,1.36e-06,222.0,0.0003019199999999
APPC/BTC,1605571878995,2020-11-17T00:11:18.995Z,buy,1.36e-06,92.0,0.00012512
APPC/BTC,1605572073908,2020-11-17T00:14:33.908Z,buy,1.36e-06,103.0,0.00014008
APPC/BTC,1605572075045,2020-11-17T00:14:35.045Z,buy,1.36e-06,123.0,0.0001672799999999
APPC/BTC,1605572133548,2020-11-17T00:15:33.548Z,buy,1.36e-06,213.0,0.00028968
APPC/BTC,1605572139417,2020-11-17T00:15:39.417Z,buy,1.36e-06,21673.0,0.0294752799999999
APPC/BTC,1605572153995,2020-11-17T00:15:53.995Z,sell,1.36e-06,385.0,0.0005235999999999
APPC/BTC,1605572153995,2020-11-17T00:15:53.995Z,sell,1.35e-06,875.0,0.00118125
APPC/BTC,1605572719829,2020-11-17T00:25:19.829Z,sell,1.35e-06,316.0,0.0004266
APPC/BTC,1605572874050,2020-11-17T00:27:54.050Z,sell,1.35e-06,299.0,0.0004036499999999
APPC/BTC,1605572874050,2020-11-17T00:27:54.050Z,sell,1.35e-06,299.0,0.0004036499999999
APPC/BTC,1605574052079,2020-11-17T00:47:32.079Z,buy,1.36e-06,2967.0,0.00403512
APPC/BTC,1605574261922,2020-11-17T00:51:01.922Z,buy,1.37e-06,1460.0,0.0020002
APPC/BTC,1605574266764,2020-11-17T00:51:06.764Z,buy,1.37e-06,145.0,0.00019865
APPC/BTC,1605575121404,2020-11-17T01:05:21.404Z,sell,1.36e-06,142.0,0.00019312
APPC/BTC,1605576090701,2020-11-17T01:21:30.701Z,sell,1.36e-06,244.0,0.0003318399999999
APPC/BTC,1605576155947,2020-11-17T01:22:35.947Z,sell,1.35e-06,545.0,0.00073575
APPC/BTC,1605576220559,2020-11-17T01:23:40.559Z,buy,1.36e-06,137.0,0.00018632
APPC/BTC,1605576453631,2020-11-17T01:27:33.631Z,buy,1.36e-06,382.0,0.00051952
APPC/BTC,1605576466370,2020-11-17T01:27:46.370Z,buy,1.36e-06,144.0,0.00019584
APPC/BTC,1605576466370,2020-11-17T01:27:46.370Z,buy,1.36e-06,144.0,0.00019584
APPC/BTC,1605576530948,2020-11-17T01:28:50.948Z,buy,1.36e-06,83.0,0.0001128799999999
APPC/BTC,1605576808584,2020-11-17T01:33:28.584Z,buy,1.36e-06,2380.0,0.0032367999999999
APPC/BTC,1605578068075,2020-11-17T01:54:28.075Z,buy,1.36e-06,97.0,0.00013192
APPC/BTC,1605578217280,2020-11-17T01:56:57.280Z,buy,1.36e-06,299.0,0.0004066399999999
APPC/BTC,1605579464602,2020-11-17T02:17:44.602Z,buy,1.36e-06,1485.0,0.0020196
APPC/BTC,1605579723505,2020-11-17T02:22:03.505Z,buy,1.36e-06,100.0,0.000136
APPC/BTC,1605579723505,2020-11-17T02:22:03.505Z,buy,1.36e-06,100.0,0.000136
APPC/BTC,1605580304453,2020-11-17T02:31:44.453Z,buy,1.36e-06,2081.0,0.00283016
APPC/BTC,1605581400734,2020-11-17T02:50:00.734Z,buy,1.36e-06,387.0,0.0005263199999999
APPC/BTC,1605581470522,2020-11-17T02:51:10.522Z,buy,1.36e-06,300.0,0.0004079999999999
APPC/BTC,1605581889728,2020-11-17T02:58:09.728Z,sell,1.35e-06,165.0,0.00022275
APPC/BTC,1605582918234,2020-11-17T03:15:18.234Z,buy,1.36e-06,34300.0,0.0466479999999999
APPC/BTC,1605582918234,2020-11-17T03:15:18.234Z,buy,1.37e-06,38013.0,0.05207781
APPC/BTC,1605582925883,2020-11-17T03:15:25.883Z,buy,1.37e-06,17466.0,0.02392842
APPC/BTC,1605582929559,2020-11-17T03:15:29.559Z,buy,1.37e-06,5482.0,0.00751034
APPC/BTC,1605583035066,2020-11-17T03:17:15.066Z,sell,1.36e-06,219.0,0.0002978399999999
APPC/BTC,1605583035066,2020-11-17T03:17:15.066Z,sell,1.35e-06,62.0,8.37e-05
APPC/BTC,1605583212838,2020-11-17T03:20:12.838Z,sell,1.35e-06,95165.0,0.12847275
APPC/BTC,1605583212838,2020-11-17T03:20:12.838Z,sell,1.35e-06,95165.0,0.12847275
APPC/BTC,1605583355832,2020-11-17T03:22:35.832Z,buy,1.36e-06,137.0,0.00018632
APPC/BTC,1605585622890,2020-11-17T04:00:22.890Z,buy,1.36e-06,84.0,0.0001142399999999
APPC/BTC,1605585732539,2020-11-17T04:02:12.539Z,sell,1.35e-06,5412.0,0.0073062
APPC/BTC,1605585732539,2020-11-17T04:02:12.539Z,sell,1.35e-06,5412.0,0.0073062
APPC/BTC,1605587213202,2020-11-17T04:26:53.202Z,sell,1.35e-06,35050.0,0.0473175
APPC/BTC,1605587317205,2020-11-17T04:28:37.205Z,buy,1.36e-06,221.0,0.0003005599999999
APPC/BTC,1605587317205,2020-11-17T04:28:37.205Z,buy,1.37e-06,7470.0,0.0102339
APPC/BTC,1605588602766,2020-11-17T04:50:02.766Z,buy,1.37e-06,5423.0,0.00742951
APPC/BTC,1605588866391,2020-11-17T04:54:26.391Z,sell,1.36e-06,219.0,0.0002978399999999
APPC/BTC,1605588886943,2020-11-17T04:54:46.943Z,sell,1.35e-06,159363.0,0.21514005
APPC/BTC,1605588903693,2020-11-17T04:55:03.693Z,buy,1.35e-06,178.0,0.0002402999999999
APPC/BTC,1605588939785,2020-11-17T04:55:39.785Z,buy,1.35e-06,276.0,0.0003726
APPC/BTC,1605589039702,2020-11-17T04:57:19.702Z,buy,1.35e-06,111.0,0.00014985
APPC/BTC,1605589064497,2020-11-17T04:57:44.497Z,buy,1.35e-06,995.0,0.00134325
APPC/BTC,1605589110431,2020-11-17T04:58:30.431Z,buy,1.35e-06,135.0,0.00018225
APPC/BTC,1605589251823,2020-11-17T05:00:51.823Z,buy,1.35e-06,113.0,0.00015255
APPC/BTC,1605589326490,2020-11-17T05:02:06.490Z,buy,1.35e-06,181.0,0.00024435
APPC/BTC,1605589326490,2020-11-17T05:02:06.490Z,buy,1.35e-06,181.0,0.00024435
APPC/BTC,1605589362879,2020-11-17T05:02:42.879Z,buy,1.35e-06,481.0,0.00064935
APPC/BTC,1605589425295,2020-11-17T05:03:45.295Z,buy,1.35e-06,6337.0,0.00855495
APPC/BTC,1605589428923,2020-11-17T05:03:48.923Z,buy,1.35e-06,105.0,0.00014175
APPC/BTC,1605589519849,2020-11-17T05:05:19.849Z,buy,1.35e-06,164.0,0.0002214
APPC/BTC,1605589538921,2020-11-17T05:05:38.921Z,sell,1.34e-06,12564.0,0.01683576
APPC/BTC,1605589595828,2020-11-17T05:06:35.828Z,buy,1.35e-06,213.0,0.00028755
APPC/BTC,1605589646442,2020-11-17T05:07:26.442Z,buy,1.35e-06,108.0,0.0001458
APPC/BTC,1605589737593,2020-11-17T05:08:57.593Z,buy,1.35e-06,179.0,0.00024165
APPC/BTC,1605589752844,2020-11-17T05:09:12.844Z,buy,1.35e-06,120.0,0.000162
APPC/BTC,1605589818764,2020-11-17T05:10:18.764Z,buy,1.35e-06,118.0,0.0001593
APPC/BTC,1605589854717,2020-11-17T05:10:54.717Z,buy,1.35e-06,107.0,0.00014445
APPC/BTC,1605589882798,2020-11-17T05:11:22.798Z,buy,1.35e-06,115.0,0.00015525
APPC/BTC,1605591405679,2020-11-17T05:36:45.679Z,sell,1.35e-06,6356.0,0.0085806
APPC/BTC,1605592326066,2020-11-17T05:52:06.066Z,sell,1.35e-06,34965.0,0.04720275
APPC/BTC,1605592639622,2020-11-17T05:57:19.622Z,buy,1.36e-06,196.0,0.00026656
APPC/BTC,1605592639622,2020-11-17T05:57:19.622Z,buy,1.36e-06,196.0,0.00026656
APPC/BTC,1605593819844,2020-11-17T06:16:59.844Z,buy,1.36e-06,53129.0,0.0722554399999999
APPC/BTC,1605593819844,2020-11-17T06:16:59.844Z,buy,1.37e-06,101082.0,0.13848234
APPC/BTC,1605593821063,2020-11-17T06:17:01.063Z,sell,1.37e-06,1490.0,0.0020413
APPC/BTC,1605593856809,2020-11-17T06:17:36.809Z,buy,1.38e-06,17489.0,0.0241348199999999
APPC/BTC,1605593862904,2020-11-17T06:17:42.904Z,buy,1.37e-06,2230.0,0.0030551
APPC/BTC,1605593891281,2020-11-17T06:18:11.281Z,sell,1.37e-06,75.0,0.00010275
APPC/BTC,1605593932256,2020-11-17T06:18:52.256Z,sell,1.37e-06,90.0,0.0001233
APPC/BTC,1605594006527,2020-11-17T06:20:06.527Z,buy,1.38e-06,239.0,0.00032982
APPC/BTC,1605594006835,2020-11-17T06:20:06.835Z,sell,1.37e-06,74.0,0.00010138
APPC/BTC,1605594047485,2020-11-17T06:20:47.485Z,sell,1.37e-06,163.0,0.00022331
APPC/BTC,1605594124114,2020-11-17T06:22:04.114Z,sell,1.37e-06,154.0,0.00021098
APPC/BTC,1605594167281,2020-11-17T06:22:47.281Z,sell,1.37e-06,162.0,0.00022194
APPC/BTC,1605594309966,2020-11-17T06:25:09.966Z,sell,1.37e-06,105.0,0.00014385
APPC/BTC,1605594899760,2020-11-17T06:34:59.760Z,sell,1.37e-06,483.0,0.00066171
APPC/BTC,1605594899760,2020-11-17T06:34:59.760Z,sell,1.37e-06,483.0,0.00066171
APPC/BTC,1605597087969,2020-11-17T07:11:27.969Z,buy,1.38e-06,1340.0,0.0018491999999999
APPC/BTC,1605597089943,2020-11-17T07:11:29.943Z,sell,1.38e-06,5097.0,0.0070338599999999
APPC/BTC,1605597242841,2020-11-17T07:14:02.841Z,sell,1.38e-06,4695.0,0.0064791
APPC/BTC,1605597447628,2020-11-17T07:17:27.628Z,sell,1.37e-06,4385.0,0.00600745
APPC/BTC,1605597455754,2020-11-17T07:17:35.754Z,buy,1.37e-06,151.0,0.00020687
APPC/BTC,1605597484907,2020-11-17T07:18:04.907Z,buy,1.37e-06,130.0,0.0001781
APPC/BTC,1605597518185,2020-11-17T07:18:38.185Z,buy,1.37e-06,201.0,0.00027537
APPC/BTC,1605597540593,2020-11-17T07:19:00.593Z,buy,1.37e-06,101.0,0.00013837
APPC/BTC,1605597541199,2020-11-17T07:19:01.199Z,buy,1.37e-06,73.0,0.00010001
APPC/BTC,1605597560728,2020-11-17T07:19:20.728Z,buy,1.37e-06,97.0,0.00013289
APPC/BTC,1605597576596,2020-11-17T07:19:36.596Z,buy,1.37e-06,204.0,0.00027948
APPC/BTC,1605597597170,2020-11-17T07:19:57.170Z,buy,1.37e-06,123.0,0.00016851
APPC/BTC,1605597605514,2020-11-17T07:20:05.514Z,buy,1.37e-06,4729.0,0.00647873
APPC/BTC,1605597617621,2020-11-17T07:20:17.621Z,buy,1.37e-06,86.0,0.00011782
APPC/BTC,1605597641896,2020-11-17T07:20:41.896Z,buy,1.37e-06,87.0,0.00011919
APPC/BTC,1605597691416,2020-11-17T07:21:31.416Z,buy,1.37e-06,249.0,0.00034113
APPC/BTC,1605597722617,2020-11-17T07:22:02.617Z,buy,1.37e-06,123.0,0.00016851
APPC/BTC,1605597723849,2020-11-17T07:22:03.849Z,buy,1.37e-06,96.0,0.00013152
APPC/BTC,1605597730946,2020-11-17T07:22:10.946Z,buy,1.37e-06,539.0,0.00073843
APPC/BTC,1605597755875,2020-11-17T07:22:35.875Z,sell,1.37e-06,420.0,0.0005754
APPC/BTC,1605597755875,2020-11-17T07:22:35.875Z,sell,1.36e-06,23267.0,0.03164312
APPC/BTC,1605597755875,2020-11-17T07:22:35.875Z,sell,1.35e-06,100782.0,0.1360557
APPC/BTC,1605597755910,2020-11-17T07:22:35.910Z,buy,1.35e-06,3407.0,0.00459945
APPC/BTC,1605597755993,2020-11-17T07:22:35.993Z,buy,1.35e-06,3954.0,0.0053379
APPC/BTC,1605597756085,2020-11-17T07:22:36.085Z,buy,1.35e-06,3954.0,0.0053379
APPC/BTC,1605597756206,2020-11-17T07:22:36.206Z,buy,1.35e-06,1331.0,0.00179685
APPC/BTC,1605597756517,2020-11-17T07:22:36.517Z,buy,1.35e-06,739.0,0.00099765
APPC/BTC,1605597771006,2020-11-17T07:22:51.006Z,buy,1.35e-06,15262.0,0.0206037
APPC/BTC,1605597782626,2020-11-17T07:23:02.626Z,buy,1.35e-06,1863.0,0.00251505
APPC/BTC,1605597793869,2020-11-17T07:23:13.869Z,buy,1.35e-06,276.0,0.0003726
APPC/BTC,1605597836386,2020-11-17T07:23:56.386Z,sell,1.34e-06,17762.0,0.02380108
APPC/BTC,1605597876112,2020-11-17T07:24:36.112Z,buy,1.35e-06,222.0,0.0002997
APPC/BTC,1605597879538,2020-11-17T07:24:39.538Z,sell,1.35e-06,160.0,0.000216
APPC/BTC,1605597879587,2020-11-17T07:24:39.587Z,sell,1.35e-06,120.0,0.000162
APPC/BTC,1605597880345,2020-11-17T07:24:40.345Z,sell,1.35e-06,75.0,0.00010125
APPC/BTC,1605597936889,2020-11-17T07:25:36.889Z,sell,1.35e-06,1331.0,0.00179685
APPC/BTC,1605598172946,2020-11-17T07:29:32.946Z,sell,1.35e-06,727.0,0.00098145
APPC/BTC,1605598172946,2020-11-17T07:29:32.946Z,sell,1.35e-06,727.0,0.00098145
APPC/BTC,1605598523917,2020-11-17T07:35:23.917Z,sell,1.34e-06,2941.0,0.00394094
APPC/BTC,1605598527585,2020-11-17T07:35:27.585Z,buy,1.35e-06,383.0,0.00051705
APPC/BTC,1605598750312,2020-11-17T07:39:10.312Z,buy,1.35e-06,78.0,0.0001053
APPC/BTC,1605598775755,2020-11-17T07:39:35.755Z,buy,1.35e-06,135.0,0.00018225
APPC/BTC,1605598836421,2020-11-17T07:40:36.421Z,buy,1.35e-06,182.0,0.0002457
APPC/BTC,1605598892086,2020-11-17T07:41:32.086Z,buy,1.35e-06,119.0,0.00016065
APPC/BTC,1605598932542,2020-11-17T07:42:12.542Z,buy,1.35e-06,238.0,0.0003213
APPC/BTC,1605599199825,2020-11-17T07:46:39.825Z,buy,1.35e-06,198.0,0.0002673
APPC/BTC,1605599371814,2020-11-17T07:49:31.814Z,buy,1.35e-06,111.0,0.00014985
APPC/BTC,1605599558742,2020-11-17T07:52:38.742Z,buy,1.35e-06,181.0,0.00024435
APPC/BTC,1605599649744,2020-11-17T07:54:09.744Z,buy,1.35e-06,189.0,0.00025515
APPC/BTC,1605599917118,2020-11-17T07:58:37.118Z,buy,1.35e-06,97.0,0.00013095
APPC/BTC,1605600030495,2020-11-17T08:00:30.495Z,buy,1.35e-06,100.0,0.000135
APPC/BTC,1605600134081,2020-11-17T08:02:14.081Z,buy,1.35e-06,161.0,0.00021735
APPC/BTC,1605600765507,2020-11-17T08:12:45.507Z,buy,1.35e-06,172.0,0.0002322
APPC/BTC,1605600765635,2020-11-17T08:12:45.635Z,buy,1.35e-06,173.0,0.00023355
APPC/BTC,1605600961456,2020-11-17T08:16:01.456Z,buy,1.35e-06,246.0,0.0003321
APPC/BTC,1605600961542,2020-11-17T08:16:01.542Z,buy,1.35e-06,243.0,0.00032805
APPC/BTC,1605600961738,2020-11-17T08:16:01.738Z,buy,1.35e-06,250.0,0.0003375
APPC/BTC,1605600969435,2020-11-17T08:16:09.435Z,buy,1.35e-06,6243.0,0.00842805
APPC/BTC,1605601339538,2020-11-17T08:22:19.538Z,buy,1.35e-06,216.0,0.0002916
APPC/BTC,1605601389486,2020-11-17T08:23:09.486Z,buy,1.35e-06,225.0,0.00030375
APPC/BTC,1605601513604,2020-11-17T08:25:13.604Z,buy,1.35e-06,142.0,0.0001917
APPC/BTC,1605601567456,2020-11-17T08:26:07.456Z,sell,1.34e-06,5000.0,0.0067
APPC/BTC,1605601704164,2020-11-17T08:28:24.164Z,buy,1.35e-06,90.0,0.0001215
APPC/BTC,1605601718620,2020-11-17T08:28:38.620Z,buy,1.35e-06,1111.0,0.00149985
APPC/BTC,1605601718620,2020-11-17T08:28:38.620Z,buy,1.35e-06,1111.0,0.00149985
APPC/BTC,1605601938510,2020-11-17T08:32:18.510Z,buy,1.35e-06,9600.0,0.01296
APPC/BTC,1605602963541,2020-11-17T08:49:23.541Z,buy,1.36e-06,11811.0,0.0160629599999999
APPC/BTC,1605603010999,2020-11-17T08:50:10.999Z,sell,1.36e-06,75.0,0.0001019999999999
APPC/BTC,1605604382999,2020-11-17T09:13:02.999Z,buy,1.36e-06,86.0,0.0001169599999999
APPC/BTC,1605604382999,2020-11-17T09:13:02.999Z,buy,1.36e-06,86.0,0.0001169599999999
APPC/BTC,1605605397548,2020-11-17T09:29:57.548Z,buy,1.36e-06,4017.0,0.0054631199999999
APPC/BTC,1605605397548,2020-11-17T09:29:57.548Z,buy,1.37e-06,54377.0,0.07449649
APPC/BTC,1605606126111,2020-11-17T09:42:06.111Z,sell,1.36e-06,944.0,0.0012838399999999
APPC/BTC,1605606263503,2020-11-17T09:44:23.503Z,sell,1.36e-06,74.0,0.00010064
APPC/BTC,1605606483619,2020-11-17T09:48:03.619Z,buy,1.36e-06,138.0,0.00018768
APPC/BTC,1605606648273,2020-11-17T09:50:48.273Z,buy,1.36e-06,15050.0,0.020468
APPC/BTC,1605606684824,2020-11-17T09:51:24.824Z,sell,1.36e-06,10088.0,0.01371968
APPC/BTC,1605606753201,2020-11-17T09:52:33.201Z,buy,1.37e-06,4502.0,0.00616774
APPC/BTC,1605606973748,2020-11-17T09:56:13.748Z,buy,1.37e-06,16769.0,0.02297353
APPC/BTC,1605607014259,2020-11-17T09:56:54.259Z,sell,1.36e-06,220.0,0.0002991999999999
APPC/BTC,1605607945596,2020-11-17T10:12:25.596Z,sell,1.36e-06,136.0,0.00018496
APPC/BTC,1605607953742,2020-11-17T10:12:33.742Z,sell,1.36e-06,196.0,0.00026656
APPC/BTC,1605607953742,2020-11-17T10:12:33.742Z,sell,1.36e-06,196.0,0.00026656
APPC/BTC,1605608045279,2020-11-17T10:14:05.279Z,sell,1.36e-06,127.0,0.0001727199999999
APPC/BTC,1605608116928,2020-11-17T10:15:16.928Z,sell,1.36e-06,188.0,0.00025568
APPC/BTC,1605608174966,2020-11-17T10:16:14.966Z,sell,1.36e-06,94.0,0.00012784
APPC/BTC,1605608176243,2020-11-17T10:16:16.243Z,sell,1.36e-06,174.0,0.0002366399999999
APPC/BTC,1605608212443,2020-11-17T10:16:52.443Z,sell,1.36e-06,113.0,0.0001536799999999
APPC/BTC,1605608322500,2020-11-17T10:18:42.500Z,sell,1.36e-06,93.0,0.00012648
APPC/BTC,1605608333814,2020-11-17T10:18:53.814Z,sell,1.36e-06,150.0,0.0002039999999999
APPC/BTC,1605608588009,2020-11-17T10:23:08.009Z,sell,1.36e-06,147.0,0.00019992
APPC/BTC,1605608630489,2020-11-17T10:23:50.489Z,sell,1.36e-06,135.0,0.0001836
APPC/BTC,1605608657393,2020-11-17T10:24:17.393Z,sell,1.36e-06,201.0,0.00027336
APPC/BTC,1605608844145,2020-11-17T10:27:24.145Z,sell,1.36e-06,145.0,0.0001972
APPC/BTC,1605608879402,2020-11-17T10:27:59.402Z,sell,1.36e-06,200.0,0.000272
APPC/BTC,1605608936733,2020-11-17T10:28:56.733Z,sell,1.36e-06,241.0,0.0003277599999999
APPC/BTC,1605609003228,2020-11-17T10:30:03.228Z,sell,1.36e-06,137.0,0.00018632
APPC/BTC,1605609277506,2020-11-17T10:34:37.506Z,sell,1.36e-06,155.0,0.0002107999999999
APPC/BTC,1605609344100,2020-11-17T10:35:44.100Z,sell,1.36e-06,232.0,0.0003155199999999
APPC/BTC,1605609380096,2020-11-17T10:36:20.096Z,sell,1.36e-06,180.0,0.0002448
APPC/BTC,1605609397598,2020-11-17T10:36:37.598Z,sell,1.36e-06,117.0,0.0001591199999999
APPC/BTC,1605609421624,2020-11-17T10:37:01.624Z,sell,1.36e-06,600.0,0.0008159999999999
APPC/BTC,1605609784347,2020-11-17T10:43:04.347Z,sell,1.36e-06,394.0,0.00053584
APPC/BTC,1605609966550,2020-11-17T10:46:06.550Z,sell,1.36e-06,9211.0,0.0125269599999999
APPC/BTC,1605609979308,2020-11-17T10:46:19.308Z,buy,1.36e-06,198.0,0.00026928
APPC/BTC,1605610001818,2020-11-17T10:46:41.818Z,buy,1.36e-06,120.0,0.0001631999999999
APPC/BTC,1605610001944,2020-11-17T10:46:41.944Z,buy,1.36e-06,120.0,0.0001631999999999
APPC/BTC,1605610402891,2020-11-17T10:53:22.891Z,buy,1.36e-06,159.0,0.0002162399999999
APPC/BTC,1605610519206,2020-11-17T10:55:19.206Z,buy,1.36e-06,315.0,0.0004283999999999
APPC/BTC,1605610574418,2020-11-17T10:56:14.418Z,buy,1.36e-06,111.0,0.0001509599999999
APPC/BTC,1605610715673,2020-11-17T10:58:35.673Z,buy,1.36e-06,103.0,0.00014008
APPC/BTC,1605610942505,2020-11-17T11:02:22.505Z,buy,1.36e-06,92.0,0.00012512
APPC/BTC,1605610942505,2020-11-17T11:02:22.505Z,buy,1.36e-06,92.0,0.00012512
APPC/BTC,1605612073409,2020-11-17T11:21:13.409Z,buy,1.36e-06,44.0,5.984e-05
APPC/BTC,1605612118844,2020-11-17T11:21:58.844Z,buy,1.36e-06,3399.0,0.00462264
APPC/BTC,1605612162494,2020-11-17T11:22:42.494Z,buy,1.36e-06,1922.0,0.0026139199999999
APPC/BTC,1605612273956,2020-11-17T11:24:33.956Z,sell,1.35e-06,1595.0,0.0021532499999999
APPC/BTC,1605612299813,2020-11-17T11:24:59.813Z,sell,1.35e-06,11990.0,0.0161865
APPC/BTC,1605612366244,2020-11-17T11:26:06.244Z,sell,1.35e-06,75.0,0.00010125
APPC/BTC,1605612399576,2020-11-17T11:26:39.576Z,buy,1.36e-06,1409.0,0.0019162399999999
APPC/BTC,1605612624438,2020-11-17T11:30:24.438Z,sell,1.35e-06,211.0,0.00028485
APPC/BTC,1605612647868,2020-11-17T11:30:47.868Z,sell,1.35e-06,9761.0,0.01317735
APPC/BTC,1605612683508,2020-11-17T11:31:23.508Z,buy,1.35e-06,138.0,0.0001863
APPC/BTC,1605612770997,2020-11-17T11:32:50.997Z,sell,1.34e-06,14144.0,0.01895296
APPC/BTC,1605612771024,2020-11-17T11:32:51.024Z,sell,1.34e-06,4535.0,0.0060769
APPC/BTC,1605612787826,2020-11-17T11:33:07.826Z,sell,1.33e-06,3314.0,0.00440762
APPC/BTC,1605612787866,2020-11-17T11:33:07.866Z,buy,1.33e-06,2239.0,0.00297787
APPC/BTC,1605612818799,2020-11-17T11:33:38.799Z,buy,1.33e-06,104.0,0.00013832
APPC/BTC,1605612821157,2020-11-17T11:33:41.157Z,buy,1.33e-06,526.0,0.00069958
APPC/BTC,1605612824772,2020-11-17T11:33:44.772Z,buy,1.33e-06,7503.0,0.00997899
APPC/BTC,1605612839382,2020-11-17T11:33:59.382Z,buy,1.33e-06,283.0,0.00037639
APPC/BTC,1605612851343,2020-11-17T11:34:11.343Z,buy,1.33e-06,76.0,0.00010108
APPC/BTC,1605612859727,2020-11-17T11:34:19.727Z,buy,1.33e-06,283.0,0.00037639
APPC/BTC,1605612866712,2020-11-17T11:34:26.712Z,buy,1.33e-06,138.0,0.00018354
APPC/BTC,1605612895078,2020-11-17T11:34:55.078Z,buy,1.33e-06,122.0,0.00016226
APPC/BTC,1605612927309,2020-11-17T11:35:27.309Z,buy,1.33e-06,118.0,0.00015694
APPC/BTC,1605612937889,2020-11-17T11:35:37.889Z,buy,1.33e-06,78.0,0.0001037399999999
APPC/BTC,1605612984605,2020-11-17T11:36:24.605Z,buy,1.33e-06,188.0,0.00025004
APPC/BTC,1605613010939,2020-11-17T11:36:50.939Z,buy,1.33e-06,93.0,0.00012369
APPC/BTC,1605613042284,2020-11-17T11:37:22.284Z,buy,1.33e-06,392.0,0.00052136
APPC/BTC,1605613171653,2020-11-17T11:39:31.653Z,buy,1.33e-06,634.0,0.00084322
APPC/BTC,1605613176394,2020-11-17T11:39:36.394Z,sell,1.32e-06,600.0,0.000792
APPC/BTC,1605613176584,2020-11-17T11:39:36.584Z,sell,1.32e-06,26503.0,0.03498396
APPC/BTC,1605613200799,2020-11-17T11:40:00.799Z,sell,1.32e-06,6922.0,0.00913704
APPC/BTC,1605613216807,2020-11-17T11:40:16.807Z,sell,1.32e-06,11504.0,0.01518528
APPC/BTC,1605613279789,2020-11-17T11:41:19.789Z,buy,1.33e-06,225.0,0.00029925
APPC/BTC,1605613279789,2020-11-17T11:41:19.789Z,buy,1.34e-06,1915.0,0.0025661
APPC/BTC,1605613353240,2020-11-17T11:42:33.240Z,sell,1.33e-06,76.0,0.00010108
APPC/BTC,1605613353240,2020-11-17T11:42:33.240Z,sell,1.32e-06,1924.0,0.00253968
APPC/BTC,1605613409158,2020-11-17T11:43:29.158Z,sell,1.32e-06,6901.0,0.00910932
APPC/BTC,1605613617295,2020-11-17T11:46:57.295Z,sell,1.32e-06,4422.0,0.00583704
APPC/BTC,1605613829309,2020-11-17T11:50:29.309Z,buy,1.34e-06,7447.0,0.00997898
APPC/BTC,1605614430522,2020-11-17T12:00:30.522Z,buy,1.34e-06,101.0,0.00013534
APPC/BTC,1605614430522,2020-11-17T12:00:30.522Z,buy,1.34e-06,101.0,0.00013534
APPC/BTC,1605615241248,2020-11-17T12:14:01.248Z,sell,1.33e-06,178.0,0.00023674
APPC/BTC,1605615580651,2020-11-17T12:19:40.651Z,sell,1.33e-06,1289.0,0.00171437
APPC/BTC,1605615684826,2020-11-17T12:21:24.826Z,buy,1.33e-06,140.0,0.0001862
APPC/BTC,1605615685068,2020-11-17T12:21:25.068Z,buy,1.33e-06,1302.0,0.0017316599999999
APPC/BTC,1605615740726,2020-11-17T12:22:20.726Z,buy,1.34e-06,1163.0,0.00155842
APPC/BTC,1605615856219,2020-11-17T12:24:16.219Z,sell,1.33e-06,1726.0,0.0022955799999999
APPC/BTC,1605615879615,2020-11-17T12:24:39.615Z,sell,1.33e-06,771.0,0.00102543
APPC/BTC,1605615934160,2020-11-17T12:25:34.160Z,buy,1.34e-06,746.0,0.00099964
APPC/BTC,1605616348455,2020-11-17T12:32:28.455Z,buy,1.34e-06,23580.0,0.0315972
APPC/BTC,1605616359522,2020-11-17T12:32:39.522Z,sell,1.34e-06,4453.0,0.00596702
APPC/BTC,1605616391517,2020-11-17T12:33:11.517Z,sell,1.34e-06,9206.0,0.01233604
APPC/BTC,1605616984770,2020-11-17T12:43:04.770Z,sell,1.33e-06,14145.0,0.01881285
APPC/BTC,1605617747594,2020-11-17T12:55:47.594Z,buy,1.34e-06,514.0,0.00068876
APPC/BTC,1605617747594,2020-11-17T12:55:47.594Z,buy,1.34e-06,514.0,0.00068876
APPC/BTC,1605618125183,2020-11-17T13:02:05.183Z,sell,1.33e-06,970.0,0.0012901
APPC/BTC,1605618731574,2020-11-17T13:12:11.574Z,sell,1.33e-06,3931.0,0.0052282299999999
APPC/BTC,1605618734532,2020-11-17T13:12:14.532Z,buy,1.33e-06,1069.0,0.00142177
APPC/BTC,1605619466020,2020-11-17T13:24:26.020Z,buy,1.34e-06,16373.0,0.02193982
APPC/BTC,1605619682802,2020-11-17T13:28:02.802Z,buy,1.34e-06,8729.0,0.01169686
APPC/BTC,1605619764256,2020-11-17T13:29:24.256Z,sell,1.34e-06,131.0,0.00017554
APPC/BTC,1605619780195,2020-11-17T13:29:40.195Z,sell,1.34e-06,399.0,0.00053466
APPC/BTC,1605619824140,2020-11-17T13:30:24.140Z,sell,1.34e-06,199.0,0.00026666
APPC/BTC,1605619885986,2020-11-17T13:31:25.986Z,sell,1.34e-06,1108.0,0.00148472
APPC/BTC,1605620304716,2020-11-17T13:38:24.716Z,sell,1.33e-06,85.0,0.00011305
APPC/BTC,1605620556331,2020-11-17T13:42:36.331Z,buy,1.34e-06,2347.0,0.00314498
APPC/BTC,1605620775276,2020-11-17T13:46:15.276Z,sell,1.33e-06,14192.0,0.01887536
APPC/BTC,1605620965473,2020-11-17T13:49:25.473Z,sell,1.33e-06,3329.0,0.00442757
APPC/BTC,1605621151409,2020-11-17T13:52:31.409Z,sell,1.32e-06,2031.0,0.00268092
APPC/BTC,1605621215934,2020-11-17T13:53:35.934Z,buy,1.33e-06,140.0,0.0001862
APPC/BTC,1605621215934,2020-11-17T13:53:35.934Z,buy,1.33e-06,140.0,0.0001862
APPC/BTC,1605621638257,2020-11-17T14:00:38.257Z,buy,1.33e-06,85.0,0.00011305
APPC/BTC,1605622446922,2020-11-17T14:14:06.922Z,sell,1.33e-06,90.0,0.0001197
APPC/BTC,1605622499704,2020-11-17T14:14:59.704Z,sell,1.33e-06,6236.0,0.00829388
APPC/BTC,1605622577308,2020-11-17T14:16:17.308Z,sell,1.33e-06,981.0,0.00130473
APPC/BTC,1605622884411,2020-11-17T14:21:24.411Z,sell,1.33e-06,652.0,0.00086716
APPC/BTC,1605623205833,2020-11-17T14:26:45.833Z,sell,1.33e-06,1500.0,0.001995
APPC/BTC,1605623397062,2020-11-17T14:29:57.062Z,sell,1.33e-06,16373.0,0.0217760899999999
APPC/BTC,1605623441673,2020-11-17T14:30:41.673Z,sell,1.33e-06,673.0,0.00089509
APPC/BTC,1605623441673,2020-11-17T14:30:41.673Z,sell,1.32e-06,23230.0,0.0306636
APPC/BTC,1605623585213,2020-11-17T14:33:05.213Z,sell,1.32e-06,970.0,0.0012804
APPC/BTC,1605624628102,2020-11-17T14:50:28.102Z,sell,1.32e-06,3007.0,0.00396924
APPC/BTC,1605624628102,2020-11-17T14:50:28.102Z,sell,1.32e-06,3007.0,0.00396924
APPC/BTC,1605624950841,2020-11-17T14:55:50.841Z,sell,1.32e-06,573.0,0.00075636
APPC/BTC,1605624952965,2020-11-17T14:55:52.965Z,sell,1.31e-06,4402.0,0.00576662
APPC/BTC,1605624952965,2020-11-17T14:55:52.965Z,sell,1.31e-06,1753.0,0.00229643
APPC/BTC,1605624954144,2020-11-17T14:55:54.144Z,buy,1.32e-06,3898.0,0.00514536
APPC/BTC,1605624992631,2020-11-17T14:56:32.631Z,buy,1.32e-06,203.0,0.00026796
APPC/BTC,1605625281970,2020-11-17T15:01:21.970Z,sell,1.31e-06,250.0,0.0003275
APPC/BTC,1605625322144,2020-11-17T15:02:02.144Z,sell,1.31e-06,8352.0,0.01094112
APPC/BTC,1605625322492,2020-11-17T15:02:02.492Z,buy,1.31e-06,133.0,0.00017423
APPC/BTC,1605625352108,2020-11-17T15:02:32.108Z,buy,1.31e-06,125.0,0.00016375
APPC/BTC,1605625368996,2020-11-17T15:02:48.996Z,sell,1.3e-06,10000.0,0.013
APPC/BTC,1605625368996,2020-11-17T15:02:48.996Z,sell,1.3e-06,1468.0,0.0019084
APPC/BTC,1605625374425,2020-11-17T15:02:54.425Z,buy,1.31e-06,275.0,0.00036025
APPC/BTC,1605625387726,2020-11-17T15:03:07.726Z,sell,1.3e-06,970.0,0.001261
APPC/BTC,1605625479976,2020-11-17T15:04:39.976Z,sell,1.3e-06,287.0,0.0003731
APPC/BTC,1605625486715,2020-11-17T15:04:46.715Z,sell,1.3e-06,23680.0,0.030784
APPC/BTC,1605625749283,2020-11-17T15:09:09.283Z,sell,1.3e-06,600.0,0.00078
APPC/BTC,1605625967911,2020-11-17T15:12:47.911Z,buy,1.31e-06,181.0,0.0002371099999999
APPC/BTC,1605626037876,2020-11-17T15:13:57.876Z,buy,1.31e-06,233.0,0.00030523
APPC/BTC,1605626112905,2020-11-17T15:15:12.905Z,buy,1.31e-06,608.0,0.00079648
APPC/BTC,1605626113077,2020-11-17T15:15:13.077Z,buy,1.31e-06,193.0,0.00025283
APPC/BTC,1605626213115,2020-11-17T15:16:53.115Z,buy,1.31e-06,129.0,0.00016899
APPC/BTC,1605626213438,2020-11-17T15:16:53.438Z,buy,1.31e-06,130.0,0.0001703
APPC/BTC,1605626266547,2020-11-17T15:17:46.547Z,buy,1.31e-06,208.0,0.0002724799999999
APPC/BTC,1605626266784,2020-11-17T15:17:46.784Z,buy,1.31e-06,207.0,0.00027117
APPC/BTC,1605626271964,2020-11-17T15:17:51.964Z,buy,1.31e-06,221.0,0.00028951
APPC/BTC,1605626357629,2020-11-17T15:19:17.629Z,buy,1.31e-06,453.0,0.0005934299999999
APPC/BTC,1605626357770,2020-11-17T15:19:17.770Z,buy,1.31e-06,231.0,0.00030261
APPC/BTC,1605626464719,2020-11-17T15:21:04.719Z,buy,1.31e-06,87.0,0.00011397
APPC/BTC,1605626485075,2020-11-17T15:21:25.075Z,buy,1.31e-06,138.0,0.00018078
APPC/BTC,1605626552152,2020-11-17T15:22:32.152Z,buy,1.31e-06,428.0,0.00056068
APPC/BTC,1605626552336,2020-11-17T15:22:32.336Z,buy,1.31e-06,202.0,0.0002646199999999
APPC/BTC,1605626572502,2020-11-17T15:22:52.502Z,sell,1.3e-06,306.0,0.0003978
APPC/BTC,1605626601660,2020-11-17T15:23:21.660Z,sell,1.29e-06,14857.0,0.01916553
APPC/BTC,1605626608528,2020-11-17T15:23:28.528Z,buy,1.3e-06,78.0,0.0001014
APPC/BTC,1605626646364,2020-11-17T15:24:06.364Z,buy,1.3e-06,846.0,0.0010998
APPC/BTC,1605626646793,2020-11-17T15:24:06.793Z,buy,1.3e-06,124.0,0.0001612
APPC/BTC,1605626646952,2020-11-17T15:24:06.952Z,buy,1.31e-06,124.0,0.00016244
APPC/BTC,1605626646969,2020-11-17T15:24:06.969Z,sell,1.3e-06,722.0,0.0009386
APPC/BTC,1605626647225,2020-11-17T15:24:07.225Z,buy,1.3e-06,3814.0,0.0049582
APPC/BTC,1605626647502,2020-11-17T15:24:07.502Z,buy,1.3e-06,880.0,0.001144
APPC/BTC,1605626647802,2020-11-17T15:24:07.802Z,buy,1.3e-06,265.0,0.0003445
APPC/BTC,1605626647802,2020-11-17T15:24:07.802Z,buy,1.31e-06,880.0,0.0011528
APPC/BTC,1605626649680,2020-11-17T15:24:09.680Z,buy,1.31e-06,970.0,0.0012707
APPC/BTC,1605626707273,2020-11-17T15:25:07.273Z,buy,1.3e-06,1598.0,0.0020774
APPC/BTC,1605626707434,2020-11-17T15:25:07.434Z,buy,1.3e-06,480.0,0.000624
APPC/BTC,1605626707434,2020-11-17T15:25:07.434Z,buy,1.31e-06,1598.0,0.0020933799999999
APPC/BTC,1605626730938,2020-11-17T15:25:30.938Z,buy,1.31e-06,1598.0,0.0020933799999999
APPC/BTC,1605627124050,2020-11-17T15:32:04.050Z,buy,1.3e-06,450.0,0.000585
APPC/BTC,1605627397075,2020-11-17T15:36:37.075Z,buy,1.31e-06,179064.0,0.2345738399999999
APPC/BTC,1605627397075,2020-11-17T15:36:37.075Z,buy,1.32e-06,8637.0,0.01140084
APPC/BTC,1605627397075,2020-11-17T15:36:37.075Z,buy,1.33e-06,86428.0,0.11494924
APPC/BTC,1605627397075,2020-11-17T15:36:37.075Z,buy,1.34e-06,92630.0,0.1241242
APPC/BTC,1605627397075,2020-11-17T15:36:37.075Z,buy,1.35e-06,1210.0,0.0016335
APPC/BTC,1605627397075,2020-11-17T15:36:37.075Z,buy,1.36e-06,7641.0,0.01039176
APPC/BTC,1605627397075,2020-11-17T15:36:37.075Z,buy,1.37e-06,390.0,0.0005343
APPC/BTC,1605627397314,2020-11-17T15:36:37.314Z,sell,1.32e-06,3781.0,0.00499092
APPC/BTC,1605627397453,2020-11-17T15:36:37.453Z,sell,1.29e-06,1864.0,0.00240456
APPC/BTC,1605627399809,2020-11-17T15:36:39.809Z,buy,1.31e-06,146.0,0.0001912599999999
APPC/BTC,1605627400038,2020-11-17T15:36:40.038Z,buy,1.31e-06,145.0,0.0001899499999999
APPC/BTC,1605627400252,2020-11-17T15:36:40.252Z,buy,1.31e-06,147.0,0.0001925699999999
APPC/BTC,1605627400369,2020-11-17T15:36:40.369Z,buy,1.31e-06,150.0,0.0001965
APPC/BTC,1605627400622,2020-11-17T15:36:40.622Z,buy,1.31e-06,149.0,0.0001951899999999
APPC/BTC,1605627402644,2020-11-17T15:36:42.644Z,sell,1.3e-06,1917.0,0.0024921
APPC/BTC,1605627403486,2020-11-17T15:36:43.486Z,buy,1.31e-06,565.0,0.00074015
APPC/BTC,1605627403486,2020-11-17T15:36:43.486Z,buy,1.32e-06,19331.0,0.02551692
APPC/BTC,1605627403595,2020-11-17T15:36:43.595Z,buy,1.32e-06,75.0,9.9e-05
APPC/BTC,1605627405492,2020-11-17T15:36:45.492Z,buy,1.32e-06,79.0,0.00010428
APPC/BTC,1605627407389,2020-11-17T15:36:47.389Z,buy,1.31e-06,75.0,9.825e-05
APPC/BTC,1605627408406,2020-11-17T15:36:48.406Z,buy,1.31e-06,76.0,9.956e-05
APPC/BTC,1605627409647,2020-11-17T15:36:49.647Z,buy,1.32e-06,95.0,0.0001254
APPC/BTC,1605627423313,2020-11-17T15:37:03.313Z,sell,1.31e-06,816.0,0.0010689599999999
APPC/BTC,1605627424919,2020-11-17T15:37:04.919Z,buy,1.32e-06,154.0,0.00020328
APPC/BTC,1605627425390,2020-11-17T15:37:05.390Z,sell,1.31e-06,78.0,0.00010218
APPC/BTC,1605627434925,2020-11-17T15:37:14.925Z,sell,1.31e-06,77.0,0.00010087
APPC/BTC,1605627472959,2020-11-17T15:37:52.959Z,buy,1.32e-06,98959.0,0.13062588
APPC/BTC,1605627473361,2020-11-17T15:37:53.361Z,sell,1.32e-06,833.0,0.00109956
APPC/BTC,1605627473404,2020-11-17T15:37:53.404Z,sell,1.32e-06,208.0,0.00027456
APPC/BTC,1605627485699,2020-11-17T15:38:05.699Z,sell,1.31e-06,2781.0,0.0036431099999999
APPC/BTC,1605627485699,2020-11-17T15:38:05.699Z,sell,1.3e-06,229.0,0.0002977
APPC/BTC,1605627485699,2020-11-17T15:38:05.699Z,sell,1.29e-06,2493.0,0.00321597
APPC/BTC,1605627485699,2020-11-17T15:38:05.699Z,sell,1.28e-06,497.0,0.00063616
APPC/BTC,1605627485699,2020-11-17T15:38:05.699Z,sell,1.28e-06,1012.0,0.00129536
APPC/BTC,1605627489748,2020-11-17T15:38:09.748Z,sell,1.29e-06,154.0,0.00019866
APPC/BTC,1605627490468,2020-11-17T15:38:10.468Z,buy,1.29e-06,3099.0,0.00399771
APPC/BTC,1605627494253,2020-11-17T15:38:14.253Z,sell,1.28e-06,682.0,0.00087296
APPC/BTC,1605627495440,2020-11-17T15:38:15.440Z,buy,1.31e-06,77.0,0.00010087
APPC/BTC,1605627498516,2020-11-17T15:38:18.516Z,sell,1.29e-06,79.0,0.0001019099999999
APPC/BTC,1605627506058,2020-11-17T15:38:26.058Z,sell,1.29e-06,132.0,0.00017028
APPC/BTC,1605627506058,2020-11-17T15:38:26.058Z,sell,1.28e-06,7285.0,0.0093248
APPC/BTC,1605627509687,2020-11-17T15:38:29.687Z,buy,1.29e-06,545.0,0.00070305
APPC/BTC,1605627545787,2020-11-17T15:39:05.787Z,sell,1.29e-06,970.0,0.0012513
APPC/BTC,1605627876268,2020-11-17T15:44:36.268Z,sell,1.29e-06,600.0,0.000774
APPC/BTC,1605627921829,2020-11-17T15:45:21.829Z,buy,1.3e-06,914.0,0.0011882
APPC/BTC,1605627928385,2020-11-17T15:45:28.385Z,buy,1.31e-06,10800.0,0.0141479999999999
APPC/BTC,1605627945480,2020-11-17T15:45:45.480Z,sell,1.3e-06,120.0,0.000156
APPC/BTC,1605627971795,2020-11-17T15:46:11.795Z,sell,1.3e-06,1004.0,0.0013052
APPC/BTC,1605628136506,2020-11-17T15:48:56.506Z,sell,1.3e-06,100.0,0.00013
APPC/BTC,1605628139998,2020-11-17T15:48:59.998Z,sell,1.3e-06,51.0,6.63e-05
APPC/BTC,1605628139998,2020-11-17T15:48:59.998Z,sell,1.29e-06,73.0,9.417e-05
APPC/BTC,1605628142600,2020-11-17T15:49:02.600Z,sell,1.29e-06,122.0,0.00015738
APPC/BTC,1605628145143,2020-11-17T15:49:05.143Z,sell,1.29e-06,124.0,0.0001599599999999
APPC/BTC,1605628145253,2020-11-17T15:49:05.253Z,sell,1.29e-06,124.0,0.0001599599999999
APPC/BTC,1605628151190,2020-11-17T15:49:11.190Z,sell,1.29e-06,100.0,0.000129
APPC/BTC,1605628154298,2020-11-17T15:49:14.298Z,sell,1.29e-06,100.0,0.000129
APPC/BTC,1605628154871,2020-11-17T15:49:14.871Z,sell,1.29e-06,100.0,0.000129
APPC/BTC,1605628157786,2020-11-17T15:49:17.786Z,sell,1.29e-06,124.0,0.0001599599999999
APPC/BTC,1605628162140,2020-11-17T15:49:22.140Z,sell,1.29e-06,134.0,0.00017286
APPC/BTC,1605628166879,2020-11-17T15:49:26.879Z,sell,1.29e-06,145.0,0.00018705
APPC/BTC,1605628173550,2020-11-17T15:49:33.550Z,sell,1.29e-06,124.0,0.0001599599999999
APPC/BTC,1605628176508,2020-11-17T15:49:36.508Z,sell,1.29e-06,134.0,0.00017286
APPC/BTC,1605628179193,2020-11-17T15:49:39.193Z,sell,1.29e-06,154.0,0.00019866
APPC/BTC,1605628179340,2020-11-17T15:49:39.340Z,sell,1.29e-06,154.0,0.00019866
APPC/BTC,1605628181648,2020-11-17T15:49:41.648Z,sell,1.29e-06,124.0,0.0001599599999999
APPC/BTC,1605628184025,2020-11-17T15:49:44.025Z,sell,1.29e-06,137.0,0.00017673
APPC/BTC,1605628186772,2020-11-17T15:49:46.772Z,sell,1.29e-06,127.0,0.0001638299999999
APPC/BTC,1605628186936,2020-11-17T15:49:46.936Z,sell,1.29e-06,127.0,0.0001638299999999
APPC/BTC,1605628189239,2020-11-17T15:49:49.239Z,sell,1.29e-06,137.0,0.00017673
APPC/BTC,1605628193405,2020-11-17T15:49:53.405Z,sell,1.29e-06,127.0,0.0001638299999999
APPC/BTC,1605628196065,2020-11-17T15:49:56.065Z,sell,1.29e-06,127.0,0.0001638299999999
APPC/BTC,1605628198805,2020-11-17T15:49:58.805Z,sell,1.29e-06,127.0,0.0001638299999999
APPC/BTC,1605628201476,2020-11-17T15:50:01.476Z,sell,1.29e-06,127.0,0.0001638299999999
APPC/BTC,1605628203997,2020-11-17T15:50:03.997Z,sell,1.29e-06,127.0,0.0001638299999999
APPC/BTC,1605628204050,2020-11-17T15:50:04.050Z,sell,1.29e-06,127.0,0.0001638299999999
APPC/BTC,1605628207397,2020-11-17T15:50:07.397Z,sell,1.29e-06,127.0,0.0001638299999999
APPC/BTC,1605628207546,2020-11-17T15:50:07.546Z,sell,1.29e-06,127.0,0.0001638299999999
APPC/BTC,1605628209898,2020-11-17T15:50:09.898Z,sell,1.29e-06,127.0,0.0001638299999999
APPC/BTC,1605628210022,2020-11-17T15:50:10.022Z,sell,1.29e-06,127.0,0.0001638299999999
APPC/BTC,1605628213180,2020-11-17T15:50:13.180Z,sell,1.29e-06,124.0,0.0001599599999999
APPC/BTC,1605628215806,2020-11-17T15:50:15.806Z,sell,1.29e-06,126.0,0.00016254
APPC/BTC,1605628219644,2020-11-17T15:50:19.644Z,sell,1.29e-06,124.0,0.0001599599999999
APPC/BTC,1605628222443,2020-11-17T15:50:22.443Z,sell,1.29e-06,124.0,0.0001599599999999
APPC/BTC,1605628225361,2020-11-17T15:50:25.361Z,sell,1.29e-06,124.0,0.0001599599999999
APPC/BTC,1605628225361,2020-11-17T15:50:25.361Z,sell,1.29e-06,124.0,0.0001599599999999
APPC/BTC,1605628322213,2020-11-17T15:52:02.213Z,sell,1.3e-06,80.0,0.000104
APPC/BTC,1605628577512,2020-11-17T15:56:17.512Z,buy,1.31e-06,5172.0,0.00677532
APPC/BTC,1605628585020,2020-11-17T15:56:25.020Z,sell,1.31e-06,2624.0,0.00343744
APPC/BTC,1605628598845,2020-11-17T15:56:38.845Z,sell,1.3e-06,7343.0,0.0095459
APPC/BTC,1605628612669,2020-11-17T15:56:52.669Z,sell,1.29e-06,14469.0,0.01866501
APPC/BTC,1605628799062,2020-11-17T15:59:59.062Z,buy,1.3e-06,78.0,0.0001014
APPC/BTC,1605628799062,2020-11-17T15:59:59.062Z,buy,1.31e-06,6107.0,0.00800017
APPC/BTC,1605628910025,2020-11-17T16:01:50.025Z,sell,1.31e-06,4487.0,0.00587797
APPC/BTC,1605629009190,2020-11-17T16:03:29.190Z,sell,1.3e-06,1159.0,0.0015067
APPC/BTC,1605629290827,2020-11-17T16:08:10.827Z,sell,1.3e-06,611.0,0.0007943
APPC/BTC,1605630446614,2020-11-17T16:27:26.614Z,buy,1.31e-06,7989.0,0.01046559
APPC/BTC,1605630455831,2020-11-17T16:27:35.831Z,buy,1.31e-06,1997.0,0.00261607
APPC/BTC,1605630461094,2020-11-17T16:27:41.094Z,buy,1.31e-06,1498.0,0.00196238
APPC/BTC,1605630488047,2020-11-17T16:28:08.047Z,sell,1.31e-06,77.0,0.00010087
APPC/BTC,1605630518207,2020-11-17T16:28:38.207Z,sell,1.31e-06,5769.0,0.00755739
APPC/BTC,1605630545340,2020-11-17T16:29:05.340Z,sell,1.31e-06,171.0,0.00022401
APPC/BTC,1605630549304,2020-11-17T16:29:09.304Z,sell,1.31e-06,1542.0,0.00202002
APPC/BTC,1605630941996,2020-11-17T16:35:41.996Z,sell,1.3e-06,111.0,0.0001443
APPC/BTC,1605630988497,2020-11-17T16:36:28.497Z,sell,1.3e-06,103.0,0.0001339
APPC/BTC,1605631052796,2020-11-17T16:37:32.796Z,sell,1.3e-06,237.0,0.0003081
APPC/BTC,1605631166900,2020-11-17T16:39:26.900Z,sell,1.3e-06,137.0,0.0001781
APPC/BTC,1605631185562,2020-11-17T16:39:45.562Z,sell,1.3e-06,531.0,0.0006903
APPC/BTC,1605631238527,2020-11-17T16:40:38.527Z,sell,1.3e-06,113.0,0.0001469
APPC/BTC,1605631239787,2020-11-17T16:40:39.787Z,sell,1.3e-06,199.0,0.0002587
APPC/BTC,1605631278993,2020-11-17T16:41:18.993Z,sell,1.3e-06,7473.0,0.0097149
APPC/BTC,1605631454418,2020-11-17T16:44:14.418Z,sell,1.3e-06,120.0,0.000156
APPC/BTC,1605631493691,2020-11-17T16:44:53.691Z,sell,1.3e-06,147.0,0.0001911
APPC/BTC,1605631516910,2020-11-17T16:45:16.910Z,sell,1.3e-06,6140.0,0.007982
APPC/BTC,1605631516910,2020-11-17T16:45:16.910Z,sell,1.3e-06,6140.0,0.007982
APPC/BTC,1605632017489,2020-11-17T16:53:37.489Z,buy,1.31e-06,173.0,0.00022663
APPC/BTC,1605632216704,2020-11-17T16:56:56.704Z,sell,1.3e-06,534.0,0.0006942
APPC/BTC,1605632575776,2020-11-17T17:02:55.776Z,sell,1.3e-06,23078.0,0.0300014
APPC/BTC,1605632753416,2020-11-17T17:05:53.416Z,sell,1.29e-06,78.0,0.00010062
APPC/BTC,1605632762441,2020-11-17T17:06:02.441Z,buy,1.29e-06,32184.0,0.0415173599999999
APPC/BTC,1605632762734,2020-11-17T17:06:02.734Z,buy,1.29e-06,78.0,0.00010062
APPC/BTC,1605632765072,2020-11-17T17:06:05.072Z,buy,1.29e-06,24255.0,0.0312889499999999
APPC/BTC,1605632771616,2020-11-17T17:06:11.616Z,buy,1.29e-06,22644.0,0.02921076
APPC/BTC,1605632775553,2020-11-17T17:06:15.553Z,buy,1.29e-06,16170.0,0.0208592999999999
APPC/BTC,1605632779726,2020-11-17T17:06:19.726Z,buy,1.29e-06,20989.0,0.02707581
APPC/BTC,1605632884324,2020-11-17T17:08:04.324Z,buy,1.3e-06,2347.0,0.0030511
APPC/BTC,1605632890973,2020-11-17T17:08:10.973Z,buy,1.3e-06,3587.0,0.0046631
APPC/BTC,1605632895541,2020-11-17T17:08:15.541Z,sell,1.29e-06,329.0,0.0004244099999999
APPC/BTC,1605633041140,2020-11-17T17:10:41.140Z,buy,1.3e-06,6199.0,0.0080587
APPC/BTC,1605633455901,2020-11-17T17:17:35.901Z,sell,1.29e-06,1620.0,0.0020897999999999
APPC/BTC,1605633625610,2020-11-17T17:20:25.610Z,buy,1.3e-06,5486.0,0.0071318
APPC/BTC,1605633625610,2020-11-17T17:20:25.610Z,buy,1.31e-06,43695.0,0.05724045
APPC/BTC,1605633625697,2020-11-17T17:20:25.697Z,sell,1.31e-06,2837.0,0.00371647
APPC/BTC,1605633625766,2020-11-17T17:20:25.766Z,sell,1.31e-06,1999.0,0.00261869
APPC/BTC,1605633625800,2020-11-17T17:20:25.800Z,sell,1.31e-06,1691.0,0.00221521
APPC/BTC,1605633731790,2020-11-17T17:22:11.790Z,buy,1.31e-06,344.0,0.00045064
APPC/BTC,1605633897073,2020-11-17T17:24:57.073Z,buy,1.32e-06,1287.0,0.00169884
APPC/BTC,1605634021999,2020-11-17T17:27:01.999Z,sell,1.31e-06,143.0,0.0001873299999999
APPC/BTC,1605634055895,2020-11-17T17:27:35.895Z,sell,1.31e-06,379.0,0.0004964899999999
APPC/BTC,1605634104269,2020-11-17T17:28:24.269Z,sell,1.31e-06,773.0,0.00101263
APPC/BTC,1605634181634,2020-11-17T17:29:41.634Z,sell,1.3e-06,157.0,0.0002041
APPC/BTC,1605634231405,2020-11-17T17:30:31.405Z,sell,1.3e-06,203.0,0.0002639
APPC/BTC,1605634332289,2020-11-17T17:32:12.289Z,sell,1.3e-06,91.0,0.0001183
APPC/BTC,1605634339543,2020-11-17T17:32:19.543Z,sell,1.3e-06,1300.0,0.00169
APPC/BTC,1605634440765,2020-11-17T17:34:00.765Z,sell,1.3e-06,7019.0,0.0091247
APPC/BTC,1605634501874,2020-11-17T17:35:01.874Z,sell,1.3e-06,635.0,0.0008255
APPC/BTC,1605634551475,2020-11-17T17:35:51.475Z,buy,1.31e-06,152.0,0.00019912
APPC/BTC,1605634577191,2020-11-17T17:36:17.191Z,buy,1.31e-06,152.0,0.00019912
APPC/BTC,1605634577191,2020-11-17T17:36:17.191Z,buy,1.31e-06,152.0,0.00019912
APPC/BTC,1605635298327,2020-11-17T17:48:18.327Z,buy,1.31e-06,13129.0,0.01719899
APPC/BTC,1605635330476,2020-11-17T17:48:50.476Z,buy,1.31e-06,33444.0,0.04381164
APPC/BTC,1605635450521,2020-11-17T17:50:50.521Z,sell,1.3e-06,31341.0,0.0407433
APPC/BTC,1605635505131,2020-11-17T17:51:45.131Z,buy,1.31e-06,31941.0,0.04184271
APPC/BTC,1605635511804,2020-11-17T17:51:51.804Z,sell,1.3e-06,222.0,0.0002886
APPC/BTC,1605635608789,2020-11-17T17:53:28.789Z,sell,1.3e-06,3771.0,0.0049023
APPC/BTC,1605635639087,2020-11-17T17:53:59.087Z,sell,1.29e-06,1740.0,0.0022446
APPC/BTC,1605635645952,2020-11-17T17:54:05.952Z,buy,1.29e-06,277.0,0.00035733
APPC/BTC,1605635661321,2020-11-17T17:54:21.321Z,sell,1.29e-06,163.0,0.0002102699999999
APPC/BTC,1605635662979,2020-11-17T17:54:22.979Z,sell,1.29e-06,3034.0,0.00391386
APPC/BTC,1605635662979,2020-11-17T17:54:22.979Z,sell,1.28e-06,19046.0,0.02437888
APPC/BTC,1605635674814,2020-11-17T17:54:34.814Z,sell,1.28e-06,13595.0,0.0174016
APPC/BTC,1605635828409,2020-11-17T17:57:08.409Z,sell,1.28e-06,972.0,0.00124416
APPC/BTC,1605636308784,2020-11-17T18:05:08.784Z,sell,1.28e-06,4126.0,0.00528128
APPC/BTC,1605636553807,2020-11-17T18:09:13.807Z,buy,1.29e-06,41425.0,0.05343825
APPC/BTC,1605636558415,2020-11-17T18:09:18.415Z,buy,1.29e-06,12253.0,0.01580637
APPC/BTC,1605636583171,2020-11-17T18:09:43.171Z,sell,1.29e-06,220.0,0.0002837999999999
APPC/BTC,1605636676913,2020-11-17T18:11:16.913Z,sell,1.29e-06,185.0,0.00023865
APPC/BTC,1605636677074,2020-11-17T18:11:17.074Z,sell,1.29e-06,186.0,0.0002399399999999
APPC/BTC,1605636715482,2020-11-17T18:11:55.482Z,sell,1.29e-06,157.0,0.00020253
APPC/BTC,1605636832277,2020-11-17T18:13:52.277Z,buy,1.3e-06,1501.0,0.0019513
APPC/BTC,1605636866287,2020-11-17T18:14:26.287Z,buy,1.31e-06,925.0,0.00121175
APPC/BTC,1605637027364,2020-11-17T18:17:07.364Z,sell,1.3e-06,400.0,0.00052
APPC/BTC,1605637035793,2020-11-17T18:17:15.793Z,sell,1.3e-06,844.0,0.0010972
APPC/BTC,1605637050213,2020-11-17T18:17:30.213Z,buy,1.31e-06,559.0,0.00073229
APPC/BTC,1605637663614,2020-11-17T18:27:43.614Z,sell,1.3e-06,1349.0,0.0017537
APPC/BTC,1605637737795,2020-11-17T18:28:57.795Z,sell,1.3e-06,5243.0,0.0068159
APPC/BTC,1605637737795,2020-11-17T18:28:57.795Z,sell,1.3e-06,5243.0,0.0068159
APPC/BTC,1605638793579,2020-11-17T18:46:33.579Z,sell,1.3e-06,608.0,0.0007904
APPC/BTC,1605638834234,2020-11-17T18:47:14.234Z,sell,1.3e-06,146.0,0.0001898
APPC/BTC,1605638863819,2020-11-17T18:47:43.819Z,sell,1.3e-06,123.0,0.0001599
APPC/BTC,1605638876146,2020-11-17T18:47:56.146Z,sell,1.3e-06,208.0,0.0002704
APPC/BTC,1605638934404,2020-11-17T18:48:54.404Z,sell,1.3e-06,184.0,0.0002392
APPC/BTC,1605639076253,2020-11-17T18:51:16.253Z,sell,1.3e-06,247.0,0.0003211
APPC/BTC,1605639101865,2020-11-17T18:51:41.865Z,sell,1.3e-06,149.0,0.0001937
APPC/BTC,1605639629541,2020-11-17T19:00:29.541Z,sell,1.3e-06,101.0,0.0001313
APPC/BTC,1605639934492,2020-11-17T19:05:34.492Z,sell,1.3e-06,220.0,0.000286
APPC/BTC,1605639934505,2020-11-17T19:05:34.505Z,buy,1.31e-06,8633.0,0.01130923
APPC/BTC,1605640237148,2020-11-17T19:10:37.148Z,buy,1.31e-06,11149.0,0.0146051899999999
APPC/BTC,1605640237998,2020-11-17T19:10:37.998Z,buy,1.31e-06,11602.0,0.01519862
APPC/BTC,1605640238359,2020-11-17T19:10:38.359Z,buy,1.31e-06,4416.0,0.00578496
APPC/BTC,1605640345741,2020-11-17T19:12:25.741Z,buy,1.32e-06,204.0,0.00026928
APPC/BTC,1605640393657,2020-11-17T19:13:13.657Z,buy,1.32e-06,227.0,0.00029964
APPC/BTC,1605640396355,2020-11-17T19:13:16.355Z,buy,1.32e-06,2535.0,0.0033462
APPC/BTC,1605640398167,2020-11-17T19:13:18.167Z,sell,1.32e-06,1722.0,0.00227304
APPC/BTC,1605640585851,2020-11-17T19:16:25.851Z,buy,1.33e-06,3076.0,0.0040910799999999
APPC/BTC,1605640784944,2020-11-17T19:19:44.944Z,buy,1.33e-06,62000.0,0.0824599999999999
APPC/BTC,1605640813615,2020-11-17T19:20:13.615Z,sell,1.32e-06,6305.0,0.0083226
APPC/BTC,1605640828684,2020-11-17T19:20:28.684Z,buy,1.32e-06,73593.0,0.09714276
APPC/BTC,1605640835101,2020-11-17T19:20:35.101Z,buy,1.32e-06,4468.0,0.00589776
APPC/BTC,1605641121379,2020-11-17T19:25:21.379Z,sell,1.32e-06,11602.0,0.01531464
APPC/BTC,1605641121917,2020-11-17T19:25:21.917Z,sell,1.32e-06,3327.0,0.00439164
APPC/BTC,1605641205473,2020-11-17T19:26:45.473Z,buy,1.32e-06,8253.0,0.01089396
APPC/BTC,1605641221362,2020-11-17T19:27:01.362Z,buy,1.33e-06,2734.0,0.00363622
APPC/BTC,1605641221362,2020-11-17T19:27:01.362Z,buy,1.33e-06,2734.0,0.00363622
APPC/BTC,1605641707864,2020-11-17T19:35:07.864Z,buy,1.33e-06,1503.0,0.00199899
APPC/BTC,1605642168647,2020-11-17T19:42:48.647Z,buy,1.33e-06,8396.0,0.01116668
APPC/BTC,1605642198118,2020-11-17T19:43:18.118Z,sell,1.33e-06,5334.0,0.00709422
APPC/BTC,1605642204041,2020-11-17T19:43:24.041Z,buy,1.34e-06,2415.0,0.0032361
APPC/BTC,1605642205584,2020-11-17T19:43:25.584Z,sell,1.34e-06,812.0,0.00108808
APPC/BTC,1605642208548,2020-11-17T19:43:28.548Z,buy,1.35e-06,1267.0,0.00171045
APPC/BTC,1605642208841,2020-11-17T19:43:28.841Z,sell,1.33e-06,1503.0,0.00199899
APPC/BTC,1605642212154,2020-11-17T19:43:32.154Z,sell,1.34e-06,147.0,0.00019698
APPC/BTC,1605642214301,2020-11-17T19:43:34.301Z,sell,1.34e-06,820.0,0.0010988
APPC/BTC,1605642214350,2020-11-17T19:43:34.350Z,sell,1.34e-06,88.0,0.00011792
APPC/BTC,1605642214502,2020-11-17T19:43:34.502Z,sell,1.33e-06,655.0,0.00087115
APPC/BTC,1605642224800,2020-11-17T19:43:44.800Z,sell,1.34e-06,79.0,0.00010586
APPC/BTC,1605642224800,2020-11-17T19:43:44.800Z,sell,1.33e-06,9825.0,0.0130672499999999
APPC/BTC,1605642224800,2020-11-17T19:43:44.800Z,sell,1.32e-06,5672.0,0.00748704
APPC/BTC,1605642261452,2020-11-17T19:44:21.452Z,sell,1.33e-06,172.0,0.00022876
APPC/BTC,1605642408033,2020-11-17T19:46:48.033Z,buy,1.34e-06,142.0,0.00019028
APPC/BTC,1605642580474,2020-11-17T19:49:40.474Z,sell,1.33e-06,744.0,0.00098952
APPC/BTC,1605642777993,2020-11-17T19:52:57.993Z,sell,1.33e-06,25991.0,0.03456803
APPC/BTC,1605643033320,2020-11-17T19:57:13.320Z,sell,1.33e-06,3076.0,0.0040910799999999
APPC/BTC,1605643035129,2020-11-17T19:57:15.129Z,sell,1.33e-06,1364.0,0.00181412
APPC/BTC,1605643051070,2020-11-17T19:57:31.070Z,sell,1.33e-06,4487.0,0.00596771
APPC/BTC,1605643064563,2020-11-17T19:57:44.563Z,sell,1.33e-06,2354.0,0.00313082
APPC/BTC,1605643172756,2020-11-17T19:59:32.756Z,buy,1.33e-06,842.0,0.00111986
APPC/BTC,1605643196701,2020-11-17T19:59:56.701Z,buy,1.33e-06,138.0,0.00018354
APPC/BTC,1605643239753,2020-11-17T20:00:39.753Z,buy,1.33e-06,16918.0,0.02250094
APPC/BTC,1605643325858,2020-11-17T20:02:05.858Z,buy,1.34e-06,91.0,0.00012194
APPC/BTC,1605643503375,2020-11-17T20:05:03.375Z,sell,1.33e-06,5638.0,0.00749854
APPC/BTC,1605643557351,2020-11-17T20:05:57.351Z,buy,1.33e-06,1195.0,0.00158935
APPC/BTC,1605643680122,2020-11-17T20:08:00.122Z,sell,1.33e-06,76.0,0.00010108
APPC/BTC,1605643733514,2020-11-17T20:08:53.514Z,sell,1.33e-06,98.0,0.00013034
APPC/BTC,1605643785301,2020-11-17T20:09:45.301Z,sell,1.33e-06,125.0,0.00016625
APPC/BTC,1605643790345,2020-11-17T20:09:50.345Z,sell,1.33e-06,160.0,0.0002128
APPC/BTC,1605643819313,2020-11-17T20:10:19.313Z,sell,1.33e-06,224.0,0.00029792
APPC/BTC,1605643859673,2020-11-17T20:10:59.673Z,sell,1.33e-06,114.0,0.00015162
APPC/BTC,1605643867881,2020-11-17T20:11:07.881Z,sell,1.33e-06,118.0,0.00015694
APPC/BTC,1605643944951,2020-11-17T20:12:24.951Z,sell,1.33e-06,187.0,0.0002487099999999
APPC/BTC,1605643976469,2020-11-17T20:12:56.469Z,sell,1.33e-06,260.0,0.0003458
APPC/BTC,1605643976469,2020-11-17T20:12:56.469Z,sell,1.33e-06,260.0,0.0003458
APPC/BTC,1605645085061,2020-11-17T20:31:25.061Z,sell,1.33e-06,23879.0,0.03175907
APPC/BTC,1605645956212,2020-11-17T20:45:56.212Z,sell,1.33e-06,187.0,0.0002487099999999
APPC/BTC,1605646181399,2020-11-17T20:49:41.399Z,sell,1.33e-06,147.0,0.00019551
APPC/BTC,1605646181523,2020-11-17T20:49:41.523Z,sell,1.33e-06,147.0,0.00019551
APPC/BTC,1605646265583,2020-11-17T20:51:05.583Z,sell,1.33e-06,109.0,0.00014497
APPC/BTC,1605646370350,2020-11-17T20:52:50.350Z,sell,1.33e-06,218.0,0.00028994
APPC/BTC,1605646370475,2020-11-17T20:52:50.475Z,sell,1.33e-06,108.0,0.00014364
APPC/BTC,1605646396642,2020-11-17T20:53:16.642Z,sell,1.33e-06,258.0,0.0003431399999999
APPC/BTC,1605646594452,2020-11-17T20:56:34.452Z,sell,1.33e-06,183.0,0.0002433899999999
APPC/BTC,1605646630254,2020-11-17T20:57:10.254Z,sell,1.33e-06,126.0,0.00016758
APPC/BTC,1605646649901,2020-11-17T20:57:29.901Z,sell,1.33e-06,174.0,0.00023142
APPC/BTC,1605646723277,2020-11-17T20:58:43.277Z,sell,1.33e-06,126.0,0.00016758
APPC/BTC,1605646732646,2020-11-17T20:58:52.646Z,sell,1.33e-06,260.0,0.0003458
APPC/BTC,1605646732646,2020-11-17T20:58:52.646Z,sell,1.33e-06,260.0,0.0003458
APPC/BTC,1605647765265,2020-11-17T21:16:05.265Z,buy,1.34e-06,214.0,0.00028676
APPC/BTC,1605647776632,2020-11-17T21:16:16.632Z,sell,1.34e-06,98.0,0.00013132
APPC/BTC,1605647828142,2020-11-17T21:17:08.142Z,sell,1.34e-06,76.0,0.00010184
APPC/BTC,1605647838840,2020-11-17T21:17:18.840Z,sell,1.34e-06,245.0,0.0003283
APPC/BTC,1605647907070,2020-11-17T21:18:27.070Z,sell,1.34e-06,747.0,0.00100098
APPC/BTC,1605647924906,2020-11-17T21:18:44.906Z,sell,1.34e-06,236.0,0.00031624
APPC/BTC,1605647986872,2020-11-17T21:19:46.872Z,sell,1.34e-06,120.0,0.0001608
APPC/BTC,1605648070534,2020-11-17T21:21:10.534Z,sell,1.34e-06,205.0,0.0002747
APPC/BTC,1605648138512,2020-11-17T21:22:18.512Z,sell,1.34e-06,1000.0,0.00134
APPC/BTC,1605648157470,2020-11-17T21:22:37.470Z,sell,1.34e-06,122.0,0.00016348
APPC/BTC,1605648198303,2020-11-17T21:23:18.303Z,sell,1.34e-06,89.0,0.00011926
APPC/BTC,1605648236519,2020-11-17T21:23:56.519Z,sell,1.34e-06,227.0,0.00030418
APPC/BTC,1605648510164,2020-11-17T21:28:30.164Z,buy,1.35e-06,6202.0,0.0083727
APPC/BTC,1605648510195,2020-11-17T21:28:30.195Z,sell,1.35e-06,916.0,0.0012366
APPC/BTC,1605648510348,2020-11-17T21:28:30.348Z,sell,1.35e-06,3346.0,0.0045171
APPC/BTC,1605648510502,2020-11-17T21:28:30.502Z,sell,1.35e-06,1009.0,0.00136215
APPC/BTC,1605648550534,2020-11-17T21:29:10.534Z,sell,1.35e-06,753.0,0.00101655
APPC/BTC,1605648651774,2020-11-17T21:30:51.774Z,sell,1.34e-06,226.0,0.00030284
APPC/BTC,1605648745517,2020-11-17T21:32:25.517Z,buy,1.34e-06,142.0,0.00019028
APPC/BTC,1605649318926,2020-11-17T21:41:58.926Z,sell,1.33e-06,473.0,0.00062909
APPC/BTC,1605649319329,2020-11-17T21:41:59.329Z,buy,1.33e-06,100.0,0.000133
APPC/BTC,1605649328201,2020-11-17T21:42:08.201Z,buy,1.33e-06,76.0,0.00010108
APPC/BTC,1605649336331,2020-11-17T21:42:16.331Z,buy,1.33e-06,259.0,0.00034447
APPC/BTC,1605650098367,2020-11-17T21:54:58.367Z,sell,1.33e-06,3794.0,0.00504602
APPC/BTC,1605650098367,2020-11-17T21:54:58.367Z,sell,1.33e-06,3794.0,0.00504602
APPC/BTC,1605650443775,2020-11-17T22:00:43.775Z,buy,1.34e-06,5169.0,0.00692646
APPC/BTC,1605650460656,2020-11-17T22:01:00.656Z,sell,1.34e-06,98.0,0.00013132
APPC/BTC,1605650460942,2020-11-17T22:01:00.942Z,sell,1.34e-06,76.0,0.00010184
APPC/BTC,1605650496670,2020-11-17T22:01:36.670Z,sell,1.34e-06,196.0,0.00026264
APPC/BTC,1605650550136,2020-11-17T22:02:30.136Z,sell,1.34e-06,106.0,0.00014204
APPC/BTC,1605650589542,2020-11-17T22:03:09.542Z,buy,1.35e-06,1002.0,0.0013527
