symbol,timestamp,datetime,side,price,amount,btc_volume
AST/BTC,1588003232819,2020-04-27T16:00:32.819Z,sell,1.89e-06,39984.0,0.07556976
AST/BTC,1588003349252,2020-04-27T16:02:29.252Z,sell,1.88e-06,1547.0,0.00290836
AST/BTC,1588003609274,2020-04-27T16:06:49.274Z,sell,1.88e-06,1209.0,0.00227292
AST/BTC,1588003814305,2020-04-27T16:10:14.305Z,sell,1.88e-06,2029.0,0.00381452
AST/BTC,1588004154320,2020-04-27T16:15:54.320Z,sell,1.88e-06,1558.0,0.00292904
AST/BTC,1588004419395,2020-04-27T16:20:19.395Z,sell,1.89e-06,1260.0,0.0023813999999999
AST/BTC,1588004456378,2020-04-27T16:20:56.378Z,buy,1.9e-06,1500.0,0.00285
AST/BTC,1588004532842,2020-04-27T16:22:12.842Z,buy,1.9e-06,211.0,0.0004009
AST/BTC,1588004639434,2020-04-27T16:23:59.434Z,sell,1.89e-06,1469.0,0.00277641
AST/BTC,1588004713224,2020-04-27T16:25:13.224Z,sell,1.89e-06,71.0,0.00013419
AST/BTC,1588004884479,2020-04-27T16:28:04.479Z,sell,1.89e-06,777.0,0.00146853
AST/BTC,1588004884479,2020-04-27T16:28:04.479Z,sell,1.88e-06,1846.0,0.00347048
AST/BTC,1588005329520,2020-04-27T16:35:29.520Z,sell,1.88e-06,1770.0,0.0033276
AST/BTC,1588005629540,2020-04-27T16:40:29.540Z,sell,1.88e-06,975.0,0.001833
AST/BTC,1588005654920,2020-04-27T16:40:54.920Z,sell,1.88e-06,73348.0,0.13789424
AST/BTC,1588005755402,2020-04-27T16:42:35.402Z,sell,1.88e-06,73705.0,0.1385654
AST/BTC,1588005794565,2020-04-27T16:43:14.565Z,sell,1.88e-06,1133.0,0.00213004
AST/BTC,1588005984600,2020-04-27T16:46:24.600Z,sell,1.88e-06,2294.0,0.00431272
AST/BTC,1588006357988,2020-04-27T16:52:37.988Z,buy,1.9e-06,526.0,0.0009994
AST/BTC,1588006434666,2020-04-27T16:53:54.666Z,sell,1.89e-06,894.0,0.00168966
AST/BTC,1588006434666,2020-04-27T16:53:54.666Z,sell,1.88e-06,490.0,0.0009212
AST/BTC,1588006458000,2020-04-27T16:54:18.000Z,buy,1.9e-06,53.0,0.0001007
AST/BTC,1588006669701,2020-04-27T16:57:49.701Z,sell,1.88e-06,1374.0,0.00258312
AST/BTC,1588006797319,2020-04-27T16:59:57.319Z,sell,1.88e-06,774.0,0.00145512
AST/BTC,1588006797319,2020-04-27T16:59:57.319Z,sell,1.88e-06,774.0,0.00145512
AST/BTC,1588006899750,2020-04-27T17:01:39.750Z,sell,1.88e-06,923.0,0.00173524
AST/BTC,1588007053282,2020-04-27T17:04:13.282Z,sell,1.88e-06,67.0,0.00012596
AST/BTC,1588007054757,2020-04-27T17:04:14.757Z,sell,1.88e-06,1976.0,0.00371488
AST/BTC,1588007389812,2020-04-27T17:09:49.812Z,sell,1.88e-06,1086.0,0.00204168
AST/BTC,1588007574836,2020-04-27T17:12:54.836Z,sell,1.88e-06,2340.0,0.0043992
AST/BTC,1588007964871,2020-04-27T17:19:24.871Z,sell,1.88e-06,1400.0,0.002632
AST/BTC,1588008204911,2020-04-27T17:23:24.911Z,sell,1.88e-06,2211.0,0.00415668
AST/BTC,1588008574987,2020-04-27T17:29:34.987Z,sell,1.88e-06,2564.0,0.00482032
AST/BTC,1588008983895,2020-04-27T17:36:23.895Z,sell,1.88e-06,471.0,0.00088548
AST/BTC,1588009010027,2020-04-27T17:36:50.027Z,sell,1.88e-06,2333.0,0.00438604
AST/BTC,1588009395075,2020-04-27T17:43:15.075Z,buy,1.89e-06,3726.0,0.00704214
AST/BTC,1588009405098,2020-04-27T17:43:25.098Z,sell,1.88e-06,2235.0,0.0042018
AST/BTC,1588009408308,2020-04-27T17:43:28.308Z,buy,1.89e-06,3726.0,0.00704214
AST/BTC,1588009622243,2020-04-27T17:47:02.243Z,sell,1.88e-06,7545.0,0.0141846
AST/BTC,1588009702692,2020-04-27T17:48:22.692Z,buy,1.89e-06,6720.0,0.0127008
AST/BTC,1588009702712,2020-04-27T17:48:22.712Z,sell,1.89e-06,4265.0,0.00806085
AST/BTC,1588009780129,2020-04-27T17:49:40.129Z,sell,1.89e-06,960.0,0.0018143999999999
AST/BTC,1588009911317,2020-04-27T17:51:51.317Z,sell,1.89e-06,6390.0,0.0120770999999999
AST/BTC,1588009940166,2020-04-27T17:52:20.166Z,sell,1.88e-06,2106.0,0.00395928
AST/BTC,1588010295208,2020-04-27T17:58:15.208Z,sell,1.88e-06,1210.0,0.0022748
AST/BTC,1588010295208,2020-04-27T17:58:15.208Z,sell,1.88e-06,1210.0,0.0022748
AST/BTC,1588010500233,2020-04-27T18:01:40.233Z,sell,1.88e-06,2551.0,0.00479588
AST/BTC,1588010530989,2020-04-27T18:02:10.989Z,buy,1.89e-06,27039.0,0.05110371
AST/BTC,1588010559903,2020-04-27T18:02:39.903Z,buy,1.89e-06,9766.0,0.01845774
AST/BTC,1588010559903,2020-04-27T18:02:39.903Z,buy,1.9e-06,51643.0,0.0981217
AST/BTC,1588010684513,2020-04-27T18:04:44.513Z,buy,1.91e-06,35531.0,0.06786421
AST/BTC,1588010688002,2020-04-27T18:04:48.002Z,sell,1.9e-06,425.0,0.0008075
AST/BTC,1588010688324,2020-04-27T18:04:48.324Z,buy,1.9e-06,628.0,0.0011932
AST/BTC,1588010688599,2020-04-27T18:04:48.599Z,sell,1.9e-06,54.0,0.0001026
AST/BTC,1588010688599,2020-04-27T18:04:48.599Z,sell,1.89e-06,5697.0,0.01076733
AST/BTC,1588010688599,2020-04-27T18:04:48.599Z,sell,1.88e-06,276.0,0.00051888
AST/BTC,1588010690196,2020-04-27T18:04:50.196Z,sell,1.9e-06,100.0,0.00019
AST/BTC,1588010691484,2020-04-27T18:04:51.484Z,sell,1.9e-06,1217.0,0.0023123
AST/BTC,1588010691484,2020-04-27T18:04:51.484Z,sell,1.88e-06,8018.0,0.01507384
AST/BTC,1588010939963,2020-04-27T18:08:59.963Z,sell,1.89e-06,100.0,0.0001889999999999
AST/BTC,1588011070328,2020-04-27T18:11:10.328Z,sell,1.88e-06,2317.0,0.00435596
AST/BTC,1588011174930,2020-04-27T18:12:54.930Z,sell,1.88e-06,39860.0,0.0749368
AST/BTC,1588011465378,2020-04-27T18:17:45.378Z,sell,1.88e-06,1509.0,0.00283692
AST/BTC,1588011465663,2020-04-27T18:17:45.663Z,buy,1.89e-06,8145.0,0.01539405
AST/BTC,1588011482943,2020-04-27T18:18:02.943Z,sell,1.88e-06,312703.0,0.58788164
AST/BTC,1588011482943,2020-04-27T18:18:02.943Z,sell,1.87e-06,98188.0,0.18361156
AST/BTC,1588011482956,2020-04-27T18:18:02.956Z,buy,1.87e-06,17707.0,0.03311209
AST/BTC,1588011482962,2020-04-27T18:18:02.962Z,buy,1.87e-06,6972.0,0.01303764
AST/BTC,1588011482974,2020-04-27T18:18:02.974Z,sell,1.86e-06,17397.0,0.03235842
AST/BTC,1588011482974,2020-04-27T18:18:02.974Z,sell,1.86e-06,3122.0,0.00580692
AST/BTC,1588011482974,2020-04-27T18:18:02.974Z,sell,1.86e-06,5305.0,0.0098673
AST/BTC,1588011483194,2020-04-27T18:18:03.194Z,buy,1.87e-06,14000.0,0.02618
AST/BTC,1588011483200,2020-04-27T18:18:03.200Z,buy,1.87e-06,14000.0,0.02618
AST/BTC,1588011483249,2020-04-27T18:18:03.249Z,buy,1.87e-06,14000.0,0.02618
AST/BTC,1588011483586,2020-04-27T18:18:03.586Z,buy,1.87e-06,733.0,0.00137071
AST/BTC,1588011485984,2020-04-27T18:18:05.984Z,buy,1.87e-06,107.0,0.00020009
AST/BTC,1588011491679,2020-04-27T18:18:11.679Z,buy,1.87e-06,1753.0,0.00327811
AST/BTC,1588011491923,2020-04-27T18:18:11.923Z,buy,1.87e-06,12675.0,0.02370225
AST/BTC,1588011493468,2020-04-27T18:18:13.468Z,sell,1.87e-06,1325.0,0.00247775
AST/BTC,1588011493468,2020-04-27T18:18:13.468Z,sell,1.86e-06,7220.0,0.0134292
AST/BTC,1588011514809,2020-04-27T18:18:34.809Z,buy,1.88e-06,773.0,0.00145324
AST/BTC,1588011515402,2020-04-27T18:18:35.402Z,sell,1.87e-06,120.0,0.0002244
AST/BTC,1588011515402,2020-04-27T18:18:35.402Z,sell,1.86e-06,7704.0,0.01432944
AST/BTC,1588011553739,2020-04-27T18:19:13.739Z,buy,1.88e-06,107.0,0.00020116
AST/BTC,1588011815444,2020-04-27T18:23:35.444Z,sell,1.87e-06,955.0,0.00178585
AST/BTC,1588011949623,2020-04-27T18:25:49.623Z,buy,1.88e-06,596.0,0.00112048
AST/BTC,1588011975454,2020-04-27T18:26:15.454Z,sell,1.87e-06,2464.0,0.00460768
AST/BTC,1588012189526,2020-04-27T18:29:49.526Z,buy,1.88e-06,357.0,0.00067116
AST/BTC,1588012205582,2020-04-27T18:30:05.582Z,buy,1.88e-06,1118.0,0.00210184
AST/BTC,1588012390527,2020-04-27T18:33:10.527Z,sell,1.88e-06,1546.0,0.00290648
AST/BTC,1588012423263,2020-04-27T18:33:43.263Z,buy,1.89e-06,232.0,0.00043848
AST/BTC,1588012485615,2020-04-27T18:34:45.615Z,sell,1.88e-06,953.0,0.00179164
AST/BTC,1588012650562,2020-04-27T18:37:30.562Z,sell,1.88e-06,2588.0,0.00486544
AST/BTC,1588012792476,2020-04-27T18:39:52.476Z,buy,1.89e-06,22326.0,0.04219614
AST/BTC,1588013090616,2020-04-27T18:44:50.616Z,sell,1.88e-06,2410.0,0.0045308
AST/BTC,1588013176653,2020-04-27T18:46:16.653Z,buy,1.89e-06,65.0,0.00012285
AST/BTC,1588013321422,2020-04-27T18:48:41.422Z,sell,1.88e-06,69459.0,0.13058292
AST/BTC,1588013495666,2020-04-27T18:51:35.666Z,sell,1.87e-06,2475.0,0.00462825
AST/BTC,1588013563456,2020-04-27T18:52:43.456Z,sell,1.87e-06,3850.0,0.0071995
AST/BTC,1588013613396,2020-04-27T18:53:33.396Z,sell,1.87e-06,20442.0,0.03822654
AST/BTC,1588013684365,2020-04-27T18:54:44.365Z,sell,1.87e-06,2107.0,0.00394009
AST/BTC,1588013684365,2020-04-27T18:54:44.365Z,sell,1.87e-06,2107.0,0.00394009
AST/BTC,1588013915730,2020-04-27T18:58:35.730Z,sell,1.87e-06,1391.0,0.00260117
AST/BTC,1588014099916,2020-04-27T19:01:39.916Z,sell,1.87e-06,4522.0,0.00845614
AST/BTC,1588014099916,2020-04-27T19:01:39.916Z,sell,1.86e-06,13440.0,0.0249984
AST/BTC,1588014122819,2020-04-27T19:02:02.819Z,buy,1.88e-06,35946.0,0.06757848
AST/BTC,1588014145770,2020-04-27T19:02:25.770Z,sell,1.88e-06,2451.0,0.00460788
AST/BTC,1588014560831,2020-04-27T19:09:20.831Z,sell,1.87e-06,949.0,0.00177463
AST/BTC,1588014720850,2020-04-27T19:12:00.850Z,sell,1.87e-06,2437.0,0.00455719
AST/BTC,1588015003996,2020-04-27T19:16:43.996Z,buy,1.88e-06,836.0,0.00157168
AST/BTC,1588015130894,2020-04-27T19:18:50.894Z,sell,1.88e-06,942.0,0.00177096
AST/BTC,1588015173985,2020-04-27T19:19:33.985Z,sell,1.88e-06,28105.0,0.0528374
AST/BTC,1588015290920,2020-04-27T19:21:30.920Z,sell,1.87e-06,1062.0,0.00198594
AST/BTC,1588015470948,2020-04-27T19:24:30.948Z,sell,1.87e-06,1931.0,0.00361097
AST/BTC,1588015776729,2020-04-27T19:29:36.729Z,sell,1.87e-06,21543.0,0.04028541
AST/BTC,1588015796021,2020-04-27T19:29:56.021Z,sell,1.87e-06,1810.0,0.0033847
AST/BTC,1588016101055,2020-04-27T19:35:01.055Z,sell,1.87e-06,2306.0,0.00431222
AST/BTC,1588016491112,2020-04-27T19:41:31.112Z,sell,1.87e-06,2127.0,0.00397749
AST/BTC,1588016851158,2020-04-27T19:47:31.158Z,sell,1.87e-06,1247.0,0.00233189
AST/BTC,1588017061204,2020-04-27T19:51:01.204Z,sell,1.87e-06,1744.0,0.00326128
AST/BTC,1588017061204,2020-04-27T19:51:01.204Z,sell,1.87e-06,1744.0,0.00326128
AST/BTC,1588017356225,2020-04-27T19:55:56.225Z,sell,1.87e-06,1547.0,0.00289289
AST/BTC,1588017616270,2020-04-27T20:00:16.270Z,sell,1.87e-06,2359.0,0.00441133
AST/BTC,1588017996025,2020-04-27T20:06:36.025Z,buy,1.88e-06,5799.0,0.01090212
AST/BTC,1588018016331,2020-04-27T20:06:56.331Z,sell,1.87e-06,2131.0,0.00398497
AST/BTC,1588018376364,2020-04-27T20:12:56.364Z,sell,1.87e-06,1899.0,0.00355113
AST/BTC,1588018696416,2020-04-27T20:18:16.416Z,sell,1.87e-06,1738.0,0.00325006
AST/BTC,1588018974940,2020-04-27T20:22:54.940Z,sell,1.87e-06,5000.0,0.00935
AST/BTC,1588018986431,2020-04-27T20:23:06.431Z,sell,1.87e-06,2544.0,0.00475728
AST/BTC,1588019178553,2020-04-27T20:26:18.553Z,buy,1.88e-06,54.0,0.00010152
AST/BTC,1588019416512,2020-04-27T20:30:16.512Z,sell,1.87e-06,2486.0,0.00464882
AST/BTC,1588019454039,2020-04-27T20:30:54.039Z,sell,1.87e-06,237.0,0.00044319
AST/BTC,1588019589457,2020-04-27T20:33:09.457Z,sell,1.87e-06,10284.0,0.01923108
AST/BTC,1588019836583,2020-04-27T20:37:16.583Z,sell,1.87e-06,1384.0,0.00258808
AST/BTC,1588020071614,2020-04-27T20:41:11.614Z,sell,1.87e-06,1113.0,0.00208131
AST/BTC,1588020256661,2020-04-27T20:44:16.661Z,sell,1.87e-06,1116.0,0.00208692
AST/BTC,1588020446678,2020-04-27T20:47:26.678Z,sell,1.87e-06,2131.0,0.00398497
AST/BTC,1588020446678,2020-04-27T20:47:26.678Z,sell,1.87e-06,2131.0,0.00398497
AST/BTC,1588020675612,2020-04-27T20:51:15.612Z,sell,1.87e-06,14552.0,0.02721224
AST/BTC,1588020754141,2020-04-27T20:52:34.141Z,buy,1.88e-06,3471.0,0.00652548
AST/BTC,1588020803899,2020-04-27T20:53:23.899Z,sell,1.87e-06,1904.0,0.00356048
AST/BTC,1588020806756,2020-04-27T20:53:26.756Z,sell,1.87e-06,2057.0,0.00384659
AST/BTC,1588021151792,2020-04-27T20:59:11.792Z,sell,1.87e-06,2277.0,0.00425799
AST/BTC,1588021536834,2020-04-27T21:05:36.834Z,sell,1.87e-06,1061.0,0.00198407
AST/BTC,1588021716849,2020-04-27T21:08:36.849Z,sell,1.87e-06,2264.0,0.00423368
AST/BTC,1588022096909,2020-04-27T21:14:56.909Z,sell,1.87e-06,2288.0,0.00427856
AST/BTC,1588022214897,2020-04-27T21:16:54.897Z,buy,1.89e-06,828.0,0.00156492
AST/BTC,1588022481966,2020-04-27T21:21:21.966Z,sell,1.87e-06,1804.0,0.00337348
AST/BTC,1588022787021,2020-04-27T21:26:27.021Z,sell,1.87e-06,2577.0,0.00481899
AST/BTC,1588022815386,2020-04-27T21:26:55.386Z,sell,1.87e-06,1984.0,0.00371008
AST/BTC,1588023222072,2020-04-27T21:33:42.072Z,sell,1.87e-06,1409.0,0.00263483
AST/BTC,1588023462088,2020-04-27T21:37:42.088Z,sell,1.87e-06,2445.0,0.00457215
AST/BTC,1588023566160,2020-04-27T21:39:26.160Z,sell,1.87e-06,539.0,0.00100793
AST/BTC,1588023872155,2020-04-27T21:44:32.155Z,sell,1.87e-06,1137.0,0.00212619
AST/BTC,1588024043417,2020-04-27T21:47:23.417Z,sell,1.87e-06,16752.0,0.03132624
AST/BTC,1588024043417,2020-04-27T21:47:23.417Z,sell,1.87e-06,16752.0,0.03132624
AST/BTC,1588024067174,2020-04-27T21:47:47.174Z,sell,1.87e-06,1472.0,0.00275264
AST/BTC,1588024067174,2020-04-27T21:47:47.174Z,sell,1.86e-06,126.0,0.00023436
AST/BTC,1588024079944,2020-04-27T21:47:59.944Z,sell,1.86e-06,441.0,0.00082026
AST/BTC,1588024086450,2020-04-27T21:48:06.450Z,sell,1.86e-06,395.0,0.0007347
AST/BTC,1588024101512,2020-04-27T21:48:21.512Z,buy,1.88e-06,371.0,0.00069748
AST/BTC,1588024337234,2020-04-27T21:52:17.234Z,sell,1.86e-06,903.0,0.00167958
AST/BTC,1588024402681,2020-04-27T21:53:22.681Z,sell,1.86e-06,5965.0,0.0110949
AST/BTC,1588024487244,2020-04-27T21:54:47.244Z,sell,1.86e-06,1174.0,0.00218364
AST/BTC,1588024669056,2020-04-27T21:57:49.056Z,buy,1.88e-06,1376.0,0.00258688
AST/BTC,1588024676257,2020-04-27T21:57:56.257Z,buy,1.88e-06,4255.0,0.0079994
AST/BTC,1588024687265,2020-04-27T21:58:07.265Z,sell,1.86e-06,1476.0,0.00274536
AST/BTC,1588024932321,2020-04-27T22:02:12.321Z,sell,1.86e-06,2254.0,0.0041924399999999
AST/BTC,1588025317380,2020-04-27T22:08:37.380Z,sell,1.87e-06,1807.0,0.00337909
AST/BTC,1588025622431,2020-04-27T22:13:42.431Z,sell,1.87e-06,1092.0,0.00204204
AST/BTC,1588025802447,2020-04-27T22:16:42.447Z,sell,1.87e-06,2361.0,0.00441507
AST/BTC,1588026202510,2020-04-27T22:23:22.510Z,sell,1.87e-06,2243.0,0.00419441
AST/BTC,1588026582547,2020-04-27T22:29:42.547Z,sell,1.87e-06,2646.0,0.00494802
AST/BTC,1588026912162,2020-04-27T22:35:12.162Z,buy,1.88e-06,2607.0,0.00490116
AST/BTC,1588027027634,2020-04-27T22:37:07.634Z,sell,1.88e-06,893.0,0.00167884
AST/BTC,1588027027634,2020-04-27T22:37:07.634Z,sell,1.87e-06,258.0,0.00048246
AST/BTC,1588027112441,2020-04-27T22:38:32.441Z,buy,1.89e-06,60.0,0.0001133999999999
AST/BTC,1588027139760,2020-04-27T22:38:59.760Z,buy,1.89e-06,65.0,0.00012285
AST/BTC,1588027222660,2020-04-27T22:40:22.660Z,sell,1.88e-06,125.0,0.000235
AST/BTC,1588027222660,2020-04-27T22:40:22.660Z,sell,1.87e-06,2199.0,0.00411213
AST/BTC,1588027584217,2020-04-27T22:46:24.217Z,sell,1.87e-06,60.0,0.0001122
AST/BTC,1588027612728,2020-04-27T22:46:52.728Z,sell,1.87e-06,2168.0,0.00405416
AST/BTC,1588027612728,2020-04-27T22:46:52.728Z,sell,1.87e-06,2168.0,0.00405416
AST/BTC,1588027977784,2020-04-27T22:52:57.784Z,sell,1.87e-06,1133.0,0.00211871
AST/BTC,1588028172803,2020-04-27T22:56:12.803Z,sell,1.87e-06,1023.0,0.00191301
AST/BTC,1588028342803,2020-04-27T22:59:02.803Z,sell,1.87e-06,978.0,0.00182886
AST/BTC,1588028452885,2020-04-27T23:00:52.885Z,sell,1.87e-06,16502.0,0.03085874
AST/BTC,1588028452889,2020-04-27T23:00:52.889Z,sell,1.87e-06,551.0,0.00103037
AST/BTC,1588028507831,2020-04-27T23:01:47.831Z,sell,1.87e-06,1023.0,0.00191301
AST/BTC,1588028682864,2020-04-27T23:04:42.864Z,sell,1.87e-06,2347.0,0.00438889
AST/BTC,1588029077944,2020-04-27T23:11:17.944Z,sell,1.87e-06,1075.0,0.00201025
AST/BTC,1588029257989,2020-04-27T23:14:17.989Z,sell,1.87e-06,1168.0,0.00218416
AST/BTC,1588029458003,2020-04-27T23:17:38.003Z,sell,1.87e-06,1350.0,0.0025245
AST/BTC,1588029683026,2020-04-27T23:21:23.026Z,sell,1.87e-06,1783.0,0.00333421
AST/BTC,1588029720770,2020-04-27T23:22:00.770Z,sell,1.87e-06,150.0,0.0002805
AST/BTC,1588029983059,2020-04-27T23:26:23.059Z,sell,1.87e-06,1713.0,0.00320331
AST/BTC,1588030273105,2020-04-27T23:31:13.105Z,sell,1.87e-06,2350.0,0.0043945
AST/BTC,1588030668186,2020-04-27T23:37:48.186Z,sell,1.88e-06,62.0,0.00011656
AST/BTC,1588030668186,2020-04-27T23:37:48.186Z,sell,1.87e-06,2421.0,0.00452727
AST/BTC,1588030853046,2020-04-27T23:40:53.046Z,buy,1.89e-06,845.0,0.0015970499999999
AST/BTC,1588031088243,2020-04-27T23:44:48.243Z,sell,1.88e-06,1499.0,0.00281812
AST/BTC,1588031088243,2020-04-27T23:44:48.243Z,sell,1.88e-06,1499.0,0.00281812
AST/BTC,1588031328138,2020-04-27T23:48:48.138Z,buy,1.89e-06,212.0,0.00040068
AST/BTC,1588031343296,2020-04-27T23:49:03.296Z,sell,1.88e-06,1579.0,0.00296852
AST/BTC,1588031608326,2020-04-27T23:53:28.326Z,sell,1.88e-06,2108.0,0.00396304
AST/BTC,1588031963392,2020-04-27T23:59:23.392Z,sell,1.88e-06,2519.0,0.00473572
AST/BTC,1588032388409,2020-04-28T00:06:28.409Z,sell,1.88e-06,1635.0,0.0030738
AST/BTC,1588032663461,2020-04-28T00:11:03.461Z,sell,1.88e-06,1090.0,0.0020492
AST/BTC,1588032848503,2020-04-28T00:14:08.503Z,sell,1.88e-06,2584.0,0.00485792
AST/BTC,1588033283553,2020-04-28T00:21:23.553Z,sell,1.88e-06,1364.0,0.00256432
AST/BTC,1588033513600,2020-04-28T00:25:13.600Z,sell,1.87e-06,1314.0,0.00245718
AST/BTC,1588033738639,2020-04-28T00:28:58.639Z,sell,1.87e-06,1802.0,0.00336974
AST/BTC,1588034038687,2020-04-28T00:33:58.687Z,sell,1.87e-06,1100.0,0.002057
AST/BTC,1588034162005,2020-04-28T00:36:02.005Z,buy,1.88e-06,5316.0,0.00999408
AST/BTC,1588034162102,2020-04-28T00:36:02.102Z,sell,1.88e-06,8807.0,0.01655716
AST/BTC,1588034228685,2020-04-28T00:37:08.685Z,sell,1.87e-06,2111.0,0.00394757
AST/BTC,1588034541172,2020-04-28T00:42:21.172Z,sell,1.88e-06,499.0,0.00093812
AST/BTC,1588034583754,2020-04-28T00:43:03.754Z,sell,1.88e-06,2318.0,0.00435784
AST/BTC,1588034583754,2020-04-28T00:43:03.754Z,sell,1.88e-06,2318.0,0.00435784
AST/BTC,1588034708263,2020-04-28T00:45:08.263Z,sell,1.88e-06,54.0,0.00010152
AST/BTC,1588034973834,2020-04-28T00:49:33.834Z,sell,1.87e-06,1570.0,0.0029359
AST/BTC,1588035238851,2020-04-28T00:53:58.851Z,sell,1.87e-06,2623.0,0.00490501
AST/BTC,1588035678935,2020-04-28T01:01:18.935Z,sell,1.87e-06,1664.0,0.00311168
AST/BTC,1588035963979,2020-04-28T01:06:03.979Z,sell,1.87e-06,2112.0,0.00394944
AST/BTC,1588036319010,2020-04-28T01:11:59.010Z,sell,1.88e-06,2270.0,0.0042676
AST/BTC,1588036704080,2020-04-28T01:18:24.080Z,sell,1.87e-06,2163.0,0.00404481
AST/BTC,1588037064127,2020-04-28T01:24:24.127Z,sell,1.87e-06,995.0,0.00186065
AST/BTC,1588037234167,2020-04-28T01:27:14.167Z,sell,1.87e-06,1750.0,0.0032725
AST/BTC,1588037529195,2020-04-28T01:32:09.195Z,sell,1.87e-06,1307.0,0.00244409
AST/BTC,1588037749233,2020-04-28T01:35:49.233Z,sell,1.87e-06,1346.0,0.00251702
AST/BTC,1588037979243,2020-04-28T01:39:39.243Z,sell,1.87e-06,2460.0,0.0046002
AST/BTC,1588037979243,2020-04-28T01:39:39.243Z,sell,1.87e-06,2460.0,0.0046002
AST/BTC,1588038223741,2020-04-28T01:43:43.741Z,sell,1.87e-06,45584.0,0.08524208
AST/BTC,1588038394321,2020-04-28T01:46:34.321Z,sell,1.87e-06,2361.0,0.00441507
AST/BTC,1588038789387,2020-04-28T01:53:09.387Z,sell,1.87e-06,1602.0,0.00299574
AST/BTC,1588039059415,2020-04-28T01:57:39.415Z,sell,1.87e-06,1890.0,0.0035343
AST/BTC,1588039379446,2020-04-28T02:02:59.446Z,sell,1.87e-06,1179.0,0.00220473
AST/BTC,1588039579493,2020-04-28T02:06:19.493Z,sell,1.87e-06,1436.0,0.00268532
AST/BTC,1588039682996,2020-04-28T02:08:02.996Z,buy,1.88e-06,20406.0,0.03836328
AST/BTC,1588039801756,2020-04-28T02:10:01.756Z,sell,1.87e-06,8466.0,0.01583142
AST/BTC,1588039819547,2020-04-28T02:10:19.547Z,sell,1.87e-06,2291.0,0.00428417
AST/BTC,1588040120338,2020-04-28T02:15:20.338Z,sell,1.87e-06,22459.0,0.04199833
AST/BTC,1588040209564,2020-04-28T02:16:49.564Z,sell,1.87e-06,2135.0,0.00399245
AST/BTC,1588040312852,2020-04-28T02:18:32.852Z,buy,1.88e-06,131.0,0.00024628
AST/BTC,1588040569636,2020-04-28T02:22:49.636Z,sell,1.87e-06,1013.0,0.00189431
AST/BTC,1588040739674,2020-04-28T02:25:39.674Z,sell,1.87e-06,2213.0,0.00413831
AST/BTC,1588041114726,2020-04-28T02:31:54.726Z,sell,1.87e-06,1971.0,0.00368577
AST/BTC,1588041444762,2020-04-28T02:37:24.762Z,sell,1.87e-06,2480.0,0.0046376
AST/BTC,1588041577297,2020-04-28T02:39:37.297Z,sell,1.87e-06,1451.0,0.00271337
AST/BTC,1588041577297,2020-04-28T02:39:37.297Z,sell,1.87e-06,1451.0,0.00271337
AST/BTC,1588041721395,2020-04-28T02:42:01.395Z,buy,1.88e-06,62367.0,0.11724996
AST/BTC,1588041864816,2020-04-28T02:44:24.816Z,sell,1.87e-06,1168.0,0.00218416
AST/BTC,1588042059856,2020-04-28T02:47:39.856Z,sell,1.87e-06,2667.0,0.00498729
AST/BTC,1588042509941,2020-04-28T02:55:09.941Z,sell,1.87e-06,1976.0,0.00369512
AST/BTC,1588042844983,2020-04-28T03:00:44.983Z,sell,1.87e-06,2552.0,0.00477224
AST/BTC,1588043275022,2020-04-28T03:07:55.022Z,sell,1.87e-06,1190.0,0.0022253
AST/BTC,1588043475053,2020-04-28T03:11:15.053Z,sell,1.87e-06,2381.0,0.00445247
AST/BTC,1588043475927,2020-04-28T03:11:15.927Z,sell,1.87e-06,8510.0,0.0159137
AST/BTC,1588043739358,2020-04-28T03:15:39.358Z,sell,1.87e-06,29060.0,0.0543422
AST/BTC,1588043739358,2020-04-28T03:15:39.358Z,sell,1.86e-06,96305.0,0.1791273
AST/BTC,1588043743010,2020-04-28T03:15:43.010Z,buy,1.87e-06,107.0,0.00020009
AST/BTC,1588043744594,2020-04-28T03:15:44.594Z,buy,1.87e-06,1196.0,0.00223652
AST/BTC,1588044025123,2020-04-28T03:20:25.123Z,sell,1.86e-06,1286.0,0.00239196
AST/BTC,1588044240169,2020-04-28T03:24:00.169Z,sell,1.86e-06,2067.0,0.00384462
AST/BTC,1588044246755,2020-04-28T03:24:06.755Z,sell,1.86e-06,68211.0,0.12687246
AST/BTC,1588044590211,2020-04-28T03:29:50.211Z,sell,1.86e-06,1721.0,0.00320106
AST/BTC,1588044880264,2020-04-28T03:34:40.264Z,sell,1.86e-06,1914.0,0.00356004
AST/BTC,1588044880264,2020-04-28T03:34:40.264Z,sell,1.86e-06,1914.0,0.00356004
AST/BTC,1588045205310,2020-04-28T03:40:05.310Z,sell,1.86e-06,2460.0,0.0045756
AST/BTC,1588045620368,2020-04-28T03:47:00.368Z,sell,1.86e-06,1915.0,0.0035619
AST/BTC,1588045837974,2020-04-28T03:50:37.974Z,buy,1.87e-06,694.0,0.00129778
AST/BTC,1588045945409,2020-04-28T03:52:25.409Z,sell,1.86e-06,1339.0,0.00249054
AST/BTC,1588046170417,2020-04-28T03:56:10.417Z,sell,1.86e-06,1800.0,0.003348
AST/BTC,1588046470485,2020-04-28T04:01:10.485Z,sell,1.86e-06,2297.0,0.00427242
AST/BTC,1588046860543,2020-04-28T04:07:40.543Z,sell,1.86e-06,934.0,0.00173724
AST/BTC,1588046990726,2020-04-28T04:09:50.726Z,buy,1.87e-06,1865.0,0.00348755
AST/BTC,1588046990726,2020-04-28T04:09:50.726Z,buy,1.88e-06,1031.0,0.00193828
AST/BTC,1588047155586,2020-04-28T04:12:35.586Z,sell,1.87e-06,1214.0,0.00227018
AST/BTC,1588047360617,2020-04-28T04:16:00.617Z,sell,1.86e-06,1896.0,0.0035265599999999
AST/BTC,1588047680674,2020-04-28T04:21:20.674Z,sell,1.86e-06,1397.0,0.00259842
AST/BTC,1588047915698,2020-04-28T04:25:15.698Z,sell,1.86e-06,2663.0,0.00495318
AST/BTC,1588048365776,2020-04-28T04:32:45.776Z,sell,1.86e-06,1947.0,0.0036214199999999
AST/BTC,1588048365776,2020-04-28T04:32:45.776Z,sell,1.86e-06,1947.0,0.0036214199999999
AST/BTC,1588048695816,2020-04-28T04:38:15.816Z,sell,1.86e-06,1465.0,0.0027249
AST/BTC,1588048940818,2020-04-28T04:42:20.818Z,sell,1.86e-06,2131.0,0.00396366
AST/BTC,1588049012021,2020-04-28T04:43:32.021Z,buy,1.88e-06,2000.0,0.00376
AST/BTC,1588049300888,2020-04-28T04:48:20.888Z,sell,1.87e-06,889.0,0.00166243
AST/BTC,1588049450918,2020-04-28T04:50:50.918Z,sell,1.87e-06,2060.0,0.0038522
AST/BTC,1588049795967,2020-04-28T04:56:35.967Z,sell,1.86e-06,1861.0,0.00346146
AST/BTC,1588050111000,2020-04-28T05:01:51.000Z,sell,1.86e-06,1522.0,0.00283092
AST/BTC,1588050132824,2020-04-28T05:02:12.824Z,sell,1.86e-06,700.0,0.001302
AST/BTC,1588050371047,2020-04-28T05:06:11.047Z,sell,1.86e-06,1588.0,0.0029536799999999
AST/BTC,1588050636092,2020-04-28T05:10:36.092Z,sell,1.86e-06,2433.0,0.00452538
AST/BTC,1588051046114,2020-04-28T05:17:26.114Z,sell,1.86e-06,2145.0,0.0039897
AST/BTC,1588051411161,2020-04-28T05:23:31.161Z,sell,1.86e-06,1189.0,0.00221154
AST/BTC,1588051611203,2020-04-28T05:26:51.203Z,sell,1.86e-06,1305.0,0.0024273
AST/BTC,1588051831237,2020-04-28T05:30:31.237Z,sell,1.86e-06,1213.0,0.00225618
AST/BTC,1588051831237,2020-04-28T05:30:31.237Z,sell,1.86e-06,1213.0,0.00225618
AST/BTC,1588052036261,2020-04-28T05:33:56.261Z,sell,1.86e-06,1799.0,0.00334614
AST/BTC,1588052336314,2020-04-28T05:38:56.314Z,sell,1.86e-06,1211.0,0.00225246
AST/BTC,1588052541329,2020-04-28T05:42:21.329Z,sell,1.86e-06,1984.0,0.00369024
AST/BTC,1588052876399,2020-04-28T05:47:56.399Z,sell,1.86e-06,1688.0,0.00313968
AST/BTC,1588053161419,2020-04-28T05:52:41.419Z,sell,1.86e-06,1978.0,0.00367908
AST/BTC,1588053496487,2020-04-28T05:58:16.487Z,sell,1.86e-06,2014.0,0.00374604
AST/BTC,1588053836514,2020-04-28T06:03:56.514Z,sell,1.86e-06,1487.0,0.00276582
AST/BTC,1588054086558,2020-04-28T06:08:06.558Z,sell,1.86e-06,1166.0,0.00216876
AST/BTC,1588054281560,2020-04-28T06:11:21.560Z,sell,1.86e-06,1450.0,0.002697
AST/BTC,1588054526601,2020-04-28T06:15:26.601Z,sell,1.86e-06,1063.0,0.00197718
AST/BTC,1588054706617,2020-04-28T06:18:26.617Z,sell,1.86e-06,1731.0,0.00321966
AST/BTC,1588055001668,2020-04-28T06:23:21.668Z,sell,1.86e-06,2185.0,0.0040641
AST/BTC,1588055366730,2020-04-28T06:29:26.730Z,sell,1.86e-06,2023.0,0.00376278
AST/BTC,1588055366730,2020-04-28T06:29:26.730Z,sell,1.86e-06,2023.0,0.00376278
AST/BTC,1588055711779,2020-04-28T06:35:11.779Z,sell,1.86e-06,1426.0,0.00265236
AST/BTC,1588055951820,2020-04-28T06:39:11.820Z,sell,1.86e-06,2141.0,0.00398226
AST/BTC,1588055959629,2020-04-28T06:39:19.629Z,buy,1.87e-06,3315.0,0.00619905
AST/BTC,1588056230261,2020-04-28T06:43:50.261Z,buy,1.87e-06,624.0,0.00116688
AST/BTC,1588056237032,2020-04-28T06:43:57.032Z,buy,1.88e-06,263.0,0.00049444
AST/BTC,1588056536891,2020-04-28T06:48:56.891Z,sell,1.87e-06,1159.0,0.00216733
AST/BTC,1588056731924,2020-04-28T06:52:11.924Z,sell,1.87e-06,2438.0,0.00455906
AST/BTC,1588057003979,2020-04-28T06:56:43.979Z,sell,1.87e-06,13239.0,0.02475693
AST/BTC,1588057058547,2020-04-28T06:57:38.547Z,sell,1.87e-06,78.0,0.00014586
AST/BTC,1588057146992,2020-04-28T06:59:06.992Z,sell,1.87e-06,2452.0,0.00458524
AST/BTC,1588057557037,2020-04-28T07:05:57.037Z,sell,1.87e-06,2631.0,0.00491997
AST/BTC,1588057954917,2020-04-28T07:12:34.917Z,buy,1.88e-06,2448.0,0.00460224
AST/BTC,1588057954922,2020-04-28T07:12:34.922Z,buy,1.88e-06,2127.0,0.00399876
AST/BTC,1588057955456,2020-04-28T07:12:35.456Z,buy,1.88e-06,1332.0,0.00250416
AST/BTC,1588058002108,2020-04-28T07:13:22.108Z,sell,1.87e-06,2348.0,0.00439076
AST/BTC,1588058397163,2020-04-28T07:19:57.163Z,sell,1.87e-06,499.0,0.00093313
AST/BTC,1588058397163,2020-04-28T07:19:57.163Z,sell,1.86e-06,1775.0,0.0033014999999999
AST/BTC,1588058782206,2020-04-28T07:26:22.206Z,sell,1.86e-06,1789.0,0.00332754
AST/BTC,1588058782206,2020-04-28T07:26:22.206Z,sell,1.86e-06,1789.0,0.00332754
AST/BTC,1588059082249,2020-04-28T07:31:22.249Z,sell,1.86e-06,2290.0,0.0042594
AST/BTC,1588059472320,2020-04-28T07:37:52.320Z,sell,1.86e-06,2164.0,0.00402504
AST/BTC,1588059837361,2020-04-28T07:43:57.361Z,sell,1.86e-06,1497.0,0.00278442
AST/BTC,1588060087389,2020-04-28T07:48:07.389Z,sell,1.86e-06,1280.0,0.0023807999999999
AST/BTC,1588062229860,2020-04-28T08:23:49.860Z,buy,1.87e-06,13424.0,0.02510288
AST/BTC,1588062229860,2020-04-28T08:23:49.860Z,buy,1.87e-06,13424.0,0.02510288
AST/BTC,1588062986241,2020-04-28T08:36:26.241Z,sell,1.86e-06,13848.0,0.02575728
AST/BTC,1588063047491,2020-04-28T08:37:27.491Z,sell,1.86e-06,2374.0,0.00441564
AST/BTC,1588063445374,2020-04-28T08:44:05.374Z,buy,1.88e-06,1000.0,0.00188
AST/BTC,1588064814086,2020-04-28T09:06:54.086Z,sell,1.87e-06,707.0,0.00132209
AST/BTC,1588065765264,2020-04-28T09:22:45.264Z,buy,1.88e-06,161.0,0.00030268
AST/BTC,1588065765264,2020-04-28T09:22:45.264Z,buy,1.88e-06,161.0,0.00030268
AST/BTC,1588068018227,2020-04-28T10:00:18.227Z,buy,1.88e-06,12594.0,0.02367672
AST/BTC,1588068018227,2020-04-28T10:00:18.227Z,buy,1.88e-06,12594.0,0.02367672
AST/BTC,1588070030527,2020-04-28T10:33:50.527Z,buy,1.88e-06,54.0,0.00010152
AST/BTC,1588070144724,2020-04-28T10:35:44.724Z,buy,1.88e-06,147048.0,0.27645024
AST/BTC,1588070144724,2020-04-28T10:35:44.724Z,buy,1.89e-06,97413.0,0.18411057
AST/BTC,1588070163213,2020-04-28T10:36:03.213Z,sell,1.88e-06,2266.0,0.00426008
AST/BTC,1588070164341,2020-04-28T10:36:04.341Z,sell,1.87e-06,414.0,0.00077418
AST/BTC,1588070710893,2020-04-28T10:45:10.893Z,sell,1.87e-06,1753.0,0.00327811
AST/BTC,1588070710893,2020-04-28T10:45:10.893Z,sell,1.87e-06,1753.0,0.00327811
AST/BTC,1588072056251,2020-04-28T11:07:36.251Z,buy,1.88e-06,95.0,0.0001786
AST/BTC,1588072072616,2020-04-28T11:07:52.616Z,sell,1.88e-06,1783.0,0.00335204
AST/BTC,1588072111037,2020-04-28T11:08:31.037Z,buy,1.89e-06,4976.0,0.0094046399999999
AST/BTC,1588072604280,2020-04-28T11:16:44.280Z,buy,1.89e-06,43227.0,0.0816990299999999
AST/BTC,1588072632535,2020-04-28T11:17:12.535Z,buy,1.89e-06,2883.0,0.00544887
AST/BTC,1588072878281,2020-04-28T11:21:18.281Z,buy,1.9e-06,14729.0,0.0279851
AST/BTC,1588073754560,2020-04-28T11:35:54.560Z,buy,1.9e-06,151387.0,0.2876353
AST/BTC,1588073860363,2020-04-28T11:37:40.363Z,buy,1.91e-06,954.0,0.0018221399999999
AST/BTC,1588074082998,2020-04-28T11:41:22.998Z,buy,1.91e-06,147381.0,0.28149771
AST/BTC,1588074083146,2020-04-28T11:41:23.146Z,sell,1.91e-06,3207.0,0.00612537
AST/BTC,1588074084124,2020-04-28T11:41:24.124Z,sell,1.91e-06,70.0,0.0001337
AST/BTC,1588074084478,2020-04-28T11:41:24.478Z,sell,1.91e-06,964.0,0.0018412399999999
AST/BTC,1588074084674,2020-04-28T11:41:24.674Z,sell,1.91e-06,1029.0,0.00196539
AST/BTC,1588074084825,2020-04-28T11:41:24.825Z,sell,1.91e-06,1061.0,0.00202651
AST/BTC,1588074085078,2020-04-28T11:41:25.078Z,sell,1.91e-06,1044.0,0.00199404
AST/BTC,1588074113539,2020-04-28T11:41:53.539Z,buy,1.92e-06,964.0,0.0018508799999999
AST/BTC,1588074114884,2020-04-28T11:41:54.884Z,sell,1.91e-06,252.0,0.00048132
AST/BTC,1588074199046,2020-04-28T11:43:19.046Z,sell,1.9e-06,5799.0,0.0110181
AST/BTC,1588074200277,2020-04-28T11:43:20.277Z,sell,1.9e-06,2995.0,0.0056905
AST/BTC,1588074201487,2020-04-28T11:43:21.487Z,sell,1.89e-06,263.0,0.00049707
AST/BTC,1588074201487,2020-04-28T11:43:21.487Z,sell,1.89e-06,263.0,0.00049707
AST/BTC,1588074339634,2020-04-28T11:45:39.634Z,buy,1.9e-06,4686.0,0.0089034
AST/BTC,1588074339634,2020-04-28T11:45:39.634Z,buy,1.91e-06,19290.0,0.0368439
AST/BTC,1588074339634,2020-04-28T11:45:39.634Z,buy,1.92e-06,60024.0,0.1152460799999999
AST/BTC,1588074341400,2020-04-28T11:45:41.400Z,buy,1.91e-06,54.0,0.0001031399999999
AST/BTC,1588074346915,2020-04-28T11:45:46.915Z,buy,1.91e-06,1128.0,0.00215448
AST/BTC,1588074721972,2020-04-28T11:52:01.972Z,buy,1.91e-06,523.0,0.0009989299999999
AST/BTC,1588075265761,2020-04-28T12:01:05.761Z,sell,1.9e-06,2260.0,0.004294
AST/BTC,1588075265761,2020-04-28T12:01:05.761Z,sell,1.89e-06,85083.0,0.16080687
AST/BTC,1588075265761,2020-04-28T12:01:05.761Z,sell,1.88e-06,154149.0,0.28980012
AST/BTC,1588075269357,2020-04-28T12:01:09.357Z,buy,1.89e-06,357.0,0.00067473
AST/BTC,1588075286695,2020-04-28T12:01:26.695Z,buy,1.89e-06,1913.0,0.00361557
AST/BTC,1588075834133,2020-04-28T12:10:34.133Z,buy,1.9e-06,2089.0,0.0039691
AST/BTC,1588076218501,2020-04-28T12:16:58.501Z,sell,1.89e-06,882.0,0.00166698
AST/BTC,1588076228336,2020-04-28T12:17:08.336Z,buy,1.89e-06,53.0,0.00010017
AST/BTC,1588076770115,2020-04-28T12:26:10.115Z,buy,1.89e-06,105.0,0.00019845
AST/BTC,1588077198293,2020-04-28T12:33:18.293Z,sell,1.88e-06,74006.0,0.13913128
AST/BTC,1588077198293,2020-04-28T12:33:18.293Z,sell,1.87e-06,46740.0,0.0874038
AST/BTC,1588077198556,2020-04-28T12:33:18.556Z,buy,1.88e-06,745.0,0.0014006
AST/BTC,1588077201495,2020-04-28T12:33:21.495Z,sell,1.88e-06,205.0,0.0003854
AST/BTC,1588077202335,2020-04-28T12:33:22.335Z,sell,1.88e-06,2218.0,0.00416984
AST/BTC,1588077202745,2020-04-28T12:33:22.745Z,sell,1.88e-06,220.0,0.0004136
AST/BTC,1588077204696,2020-04-28T12:33:24.696Z,sell,1.88e-06,1873.0,0.00352124
AST/BTC,1588077350095,2020-04-28T12:35:50.095Z,buy,1.89e-06,7716.0,0.0145832399999999
AST/BTC,1588077428799,2020-04-28T12:37:08.799Z,sell,1.88e-06,120747.0,0.22700436
AST/BTC,1588077428799,2020-04-28T12:37:08.799Z,sell,1.88e-06,120747.0,0.22700436
AST/BTC,1588077916172,2020-04-28T12:45:16.172Z,sell,1.88e-06,363.0,0.00068244
AST/BTC,1588078272893,2020-04-28T12:51:12.893Z,sell,1.88e-06,7716.0,0.01450608
AST/BTC,1588078287135,2020-04-28T12:51:27.135Z,buy,1.89e-06,2737.0,0.00517293
AST/BTC,1588078290412,2020-04-28T12:51:30.412Z,sell,1.89e-06,3410.0,0.0064449
AST/BTC,1588078388274,2020-04-28T12:53:08.274Z,sell,1.89e-06,54.0,0.00010206
AST/BTC,1588078833997,2020-04-28T13:00:33.997Z,sell,1.89e-06,33799.0,0.0638801099999999
AST/BTC,1588078833997,2020-04-28T13:00:33.997Z,sell,1.88e-06,9384.0,0.01764192
AST/BTC,1588079886398,2020-04-28T13:18:06.398Z,buy,1.9e-06,1044.0,0.0019836
AST/BTC,1588079886398,2020-04-28T13:18:06.398Z,buy,1.9e-06,1044.0,0.0019836
AST/BTC,1588081188930,2020-04-28T13:39:48.930Z,buy,1.9e-06,211.0,0.0004009
AST/BTC,1588081795433,2020-04-28T13:49:55.433Z,buy,1.9e-06,233.0,0.0004427
AST/BTC,1588081998561,2020-04-28T13:53:18.561Z,sell,1.89e-06,232.0,0.00043848
AST/BTC,1588082037517,2020-04-28T13:53:57.517Z,sell,1.89e-06,11867.0,0.0224286299999999
AST/BTC,1588082040314,2020-04-28T13:54:00.314Z,buy,1.89e-06,106.0,0.00020034
AST/BTC,1588082952738,2020-04-28T14:09:12.738Z,sell,1.89e-06,63.0,0.00011907
AST/BTC,1588082952842,2020-04-28T14:09:12.842Z,buy,1.89e-06,12198.0,0.02305422
AST/BTC,1588083171593,2020-04-28T14:12:51.593Z,sell,1.88e-06,5266.0,0.00990008
AST/BTC,1588083171593,2020-04-28T14:12:51.593Z,sell,1.88e-06,5266.0,0.00990008
AST/BTC,1588083586099,2020-04-28T14:19:46.099Z,sell,1.88e-06,2729.0,0.00513052
AST/BTC,1588083589101,2020-04-28T14:19:49.101Z,buy,1.88e-06,107.0,0.00020116
AST/BTC,1588085080746,2020-04-28T14:44:40.746Z,sell,1.87e-06,900.0,0.001683
AST/BTC,1588085179186,2020-04-28T14:46:19.186Z,buy,1.89e-06,2105.0,0.00397845
AST/BTC,1588085179194,2020-04-28T14:46:19.194Z,buy,1.89e-06,2105.0,0.00397845
AST/BTC,1588085601161,2020-04-28T14:53:21.161Z,buy,1.89e-06,714.0,0.00134946
AST/BTC,1588086482868,2020-04-28T15:08:02.868Z,buy,1.89e-06,54.0,0.00010206
AST/BTC,1588086763394,2020-04-28T15:12:43.394Z,buy,1.89e-06,5351.0,0.01011339
AST/BTC,1588086763394,2020-04-28T15:12:43.394Z,buy,1.89e-06,5351.0,0.01011339
AST/BTC,1588086906673,2020-04-28T15:15:06.673Z,buy,1.89e-06,3103.0,0.00586467
AST/BTC,1588087276923,2020-04-28T15:21:16.923Z,buy,1.89e-06,13858.0,0.02619162
AST/BTC,1588087574145,2020-04-28T15:26:14.145Z,sell,1.88e-06,41023.0,0.07712324
AST/BTC,1588087578292,2020-04-28T15:26:18.292Z,buy,1.89e-06,54.0,0.00010206
AST/BTC,1588087691510,2020-04-28T15:28:11.510Z,sell,1.88e-06,34608.0,0.06506304
AST/BTC,1588087760315,2020-04-28T15:29:20.315Z,buy,1.89e-06,17898.0,0.03382722
AST/BTC,1588089162892,2020-04-28T15:52:42.892Z,buy,1.9e-06,25000.0,0.0475
AST/BTC,1588089219944,2020-04-28T15:53:39.944Z,sell,1.89e-06,54.0,0.00010206
AST/BTC,1588089219944,2020-04-28T15:53:39.944Z,sell,1.89e-06,54.0,0.00010206
AST/BTC,1588091475240,2020-04-28T16:31:15.240Z,sell,1.89e-06,11158.0,0.02108862
AST/BTC,1588091534498,2020-04-28T16:32:14.498Z,buy,1.9e-06,1000.0,0.0019
AST/BTC,1588091649869,2020-04-28T16:34:09.869Z,sell,1.89e-06,11042.0,0.02086938
AST/BTC,1588091683244,2020-04-28T16:34:43.244Z,sell,1.89e-06,5060.0,0.0095634
AST/BTC,1588091683663,2020-04-28T16:34:43.663Z,buy,1.89e-06,7064.0,0.0133509599999999
AST/BTC,1588091683727,2020-04-28T16:34:43.727Z,buy,1.89e-06,1121.0,0.00211869
AST/BTC,1588091728705,2020-04-28T16:35:28.705Z,buy,1.89e-06,3100.0,0.005859
AST/BTC,1588092407378,2020-04-28T16:46:47.378Z,buy,1.89e-06,23655.0,0.0447079499999999
AST/BTC,1588092407378,2020-04-28T16:46:47.378Z,buy,1.89e-06,23655.0,0.0447079499999999
AST/BTC,1588093435735,2020-04-28T17:03:55.735Z,sell,1.89e-06,1998.0,0.00377622
AST/BTC,1588094106447,2020-04-28T17:15:06.447Z,buy,1.9e-06,3853.0,0.0073207
AST/BTC,1588094376184,2020-04-28T17:19:36.184Z,buy,1.9e-06,54.0,0.0001026
AST/BTC,1588094409665,2020-04-28T17:20:09.665Z,buy,1.9e-06,3868.0,0.0073492
AST/BTC,1588094556736,2020-04-28T17:22:36.736Z,buy,1.9e-06,139.0,0.0002641
AST/BTC,1588094882982,2020-04-28T17:28:02.982Z,buy,1.9e-06,3181.0,0.0060439
AST/BTC,1588094990135,2020-04-28T17:29:50.135Z,buy,1.9e-06,312.0,0.0005928
AST/BTC,1588095443859,2020-04-28T17:37:23.859Z,buy,1.9e-06,3835.0,0.0072865
AST/BTC,1588095919542,2020-04-28T17:45:19.542Z,buy,1.9e-06,1066.0,0.0020254
AST/BTC,1588095980850,2020-04-28T17:46:20.850Z,buy,1.9e-06,1061.0,0.0020159
AST/BTC,1588095980858,2020-04-28T17:46:20.858Z,buy,1.9e-06,108.0,0.0002052
AST/BTC,1588095980858,2020-04-28T17:46:20.858Z,buy,1.9e-06,108.0,0.0002052
AST/BTC,1588096390408,2020-04-28T17:53:10.408Z,buy,1.9e-06,503.0,0.0009557
AST/BTC,1588096561497,2020-04-28T17:56:01.497Z,buy,1.9e-06,3115.0,0.0059185
AST/BTC,1588096561497,2020-04-28T17:56:01.497Z,buy,1.91e-06,739.0,0.0014114899999999
AST/BTC,1588096782047,2020-04-28T17:59:42.047Z,sell,1.9e-06,139.0,0.0002641
AST/BTC,1588096782047,2020-04-28T17:59:42.047Z,sell,1.9e-06,120.0,0.000228
AST/BTC,1588096806624,2020-04-28T18:00:06.624Z,buy,1.9e-06,3842.0,0.0072998
AST/BTC,1588096817476,2020-04-28T18:00:17.476Z,buy,1.9e-06,7203.0,0.0136857
AST/BTC,1588096933819,2020-04-28T18:02:13.819Z,sell,1.89e-06,37999.0,0.0718181099999999
AST/BTC,1588097295785,2020-04-28T18:08:15.785Z,sell,1.89e-06,57.0,0.00010773
AST/BTC,1588097303297,2020-04-28T18:08:23.297Z,buy,1.9e-06,70.0,0.000133
AST/BTC,1588097331880,2020-04-28T18:08:51.880Z,buy,1.9e-06,6370.0,0.012103
AST/BTC,1588097417178,2020-04-28T18:10:17.178Z,buy,1.9e-06,9579.0,0.0182001
AST/BTC,1588097967738,2020-04-28T18:19:27.738Z,buy,1.9e-06,16482.0,0.0313158
AST/BTC,1588098322576,2020-04-28T18:25:22.576Z,sell,1.88e-06,2942.0,0.00553096
AST/BTC,1588098480550,2020-04-28T18:28:00.550Z,sell,1.88e-06,3948.0,0.00742224
AST/BTC,1588099373600,2020-04-28T18:42:53.600Z,buy,1.9e-06,929.0,0.0017651
AST/BTC,1588099373600,2020-04-28T18:42:53.600Z,buy,1.9e-06,929.0,0.0017651
AST/BTC,1588100033602,2020-04-28T18:53:53.602Z,sell,1.88e-06,898.0,0.00168824
AST/BTC,1588100854550,2020-04-28T19:07:34.550Z,buy,1.9e-06,9589.0,0.0182191
AST/BTC,1588100854571,2020-04-28T19:07:34.571Z,buy,1.9e-06,157.0,0.0002983
AST/BTC,1588101870951,2020-04-28T19:24:30.951Z,buy,1.9e-06,90.0,0.000171
AST/BTC,1588102105537,2020-04-28T19:28:25.537Z,buy,1.9e-06,3729.0,0.0070851
AST/BTC,1588102105630,2020-04-28T19:28:25.630Z,buy,1.9e-06,976.0,0.0018544
AST/BTC,1588102125641,2020-04-28T19:28:45.641Z,buy,1.9e-06,90.0,0.000171
AST/BTC,1588102165572,2020-04-28T19:29:25.572Z,buy,1.9e-06,9600.0,0.01824
AST/BTC,1588102165584,2020-04-28T19:29:25.584Z,buy,1.9e-06,375.0,0.0007125
AST/BTC,1588102187380,2020-04-28T19:29:47.380Z,buy,1.9e-06,804.0,0.0015276
AST/BTC,1588102595827,2020-04-28T19:36:35.827Z,buy,1.9e-06,54.0,0.0001026
AST/BTC,1588102757031,2020-04-28T19:39:17.031Z,buy,1.9e-06,90.0,0.000171
AST/BTC,1588102757031,2020-04-28T19:39:17.031Z,buy,1.9e-06,90.0,0.000171
AST/BTC,1588104564014,2020-04-28T20:09:24.014Z,sell,1.89e-06,320.0,0.0006048
AST/BTC,1588104565329,2020-04-28T20:09:25.329Z,buy,1.89e-06,1244.0,0.0023511599999999
AST/BTC,1588104567557,2020-04-28T20:09:27.557Z,buy,1.89e-06,53.0,0.00010017
AST/BTC,1588104608529,2020-04-28T20:10:08.529Z,buy,1.89e-06,53.0,0.00010017
AST/BTC,1588104651820,2020-04-28T20:10:51.820Z,buy,1.89e-06,497.0,0.0009393299999999
AST/BTC,1588105151117,2020-04-28T20:19:11.117Z,sell,1.89e-06,89.0,0.00016821
AST/BTC,1588105151117,2020-04-28T20:19:11.117Z,sell,1.89e-06,89.0,0.00016821
AST/BTC,1588106420191,2020-04-28T20:40:20.191Z,sell,1.89e-06,1000.0,0.00189
AST/BTC,1588108271559,2020-04-28T21:11:11.559Z,sell,1.89e-06,6122.0,0.0115705799999999
AST/BTC,1588108686807,2020-04-28T21:18:06.807Z,buy,1.9e-06,100.0,0.00019
AST/BTC,1588108686807,2020-04-28T21:18:06.807Z,buy,1.9e-06,100.0,0.00019
AST/BTC,1588112253418,2020-04-28T22:17:33.418Z,buy,1.9e-06,1056.0,0.0020064
AST/BTC,1588112253430,2020-04-28T22:17:33.430Z,buy,1.9e-06,521.0,0.0009899
AST/BTC,1588112253430,2020-04-28T22:17:33.430Z,buy,1.9e-06,521.0,0.0009899
AST/BTC,1588113116818,2020-04-28T22:31:56.818Z,sell,1.89e-06,13404.0,0.0253335599999999
AST/BTC,1588113918488,2020-04-28T22:45:18.488Z,sell,1.89e-06,6796.0,0.0128444399999999
AST/BTC,1588113918554,2020-04-28T22:45:18.554Z,buy,1.89e-06,2092.0,0.00395388
AST/BTC,1588113961624,2020-04-28T22:46:01.624Z,sell,1.88e-06,88.0,0.00016544
AST/BTC,1588115493478,2020-04-28T23:11:33.478Z,buy,1.9e-06,98.0,0.0001862
AST/BTC,1588115493478,2020-04-28T23:11:33.478Z,buy,1.9e-06,98.0,0.0001862
AST/BTC,1588117022017,2020-04-28T23:37:02.017Z,sell,1.89e-06,4780.0,0.0090342
AST/BTC,1588117022229,2020-04-28T23:37:02.229Z,sell,1.89e-06,13532.0,0.0255754799999999
AST/BTC,1588117092353,2020-04-28T23:38:12.353Z,sell,1.89e-06,5603.0,0.0105896699999999
AST/BTC,1588117092353,2020-04-28T23:38:12.353Z,sell,1.89e-06,5603.0,0.0105896699999999
AST/BTC,1588121446998,2020-04-29T00:50:46.998Z,buy,1.9e-06,452.0,0.0008588
AST/BTC,1588121446998,2020-04-29T00:50:46.998Z,buy,1.9e-06,452.0,0.0008588
AST/BTC,1588123079456,2020-04-29T01:17:59.456Z,buy,1.9e-06,5116.0,0.0097204
AST/BTC,1588123920018,2020-04-29T01:32:00.018Z,buy,1.9e-06,700.0,0.00133
AST/BTC,1588124066303,2020-04-29T01:34:26.303Z,buy,1.9e-06,74665.0,0.1418635
AST/BTC,1588124072543,2020-04-29T01:34:32.543Z,buy,1.9e-06,22407.0,0.0425733
AST/BTC,1588124238194,2020-04-29T01:37:18.194Z,buy,1.91e-06,53.0,0.0001012299999999
AST/BTC,1588124738729,2020-04-29T01:45:38.729Z,buy,1.91e-06,210.0,0.0004011
AST/BTC,1588124738729,2020-04-29T01:45:38.729Z,buy,1.91e-06,210.0,0.0004011
AST/BTC,1588126051981,2020-04-29T02:07:31.981Z,sell,1.9e-06,4697.0,0.0089243
AST/BTC,1588126056131,2020-04-29T02:07:36.131Z,buy,1.9e-06,106.0,0.0002014
AST/BTC,1588126087963,2020-04-29T02:08:07.963Z,buy,1.9e-06,53.0,0.0001007
AST/BTC,1588126153445,2020-04-29T02:09:13.445Z,sell,1.89e-06,5154.0,0.00974106
AST/BTC,1588126363585,2020-04-29T02:12:43.585Z,sell,1.89e-06,106.0,0.00020034
AST/BTC,1588126363585,2020-04-29T02:12:43.585Z,sell,1.88e-06,265.0,0.0004982
AST/BTC,1588126367286,2020-04-29T02:12:47.286Z,sell,1.89e-06,220.0,0.0004157999999999
AST/BTC,1588127043501,2020-04-29T02:24:03.501Z,sell,1.89e-06,159.0,0.00030051
AST/BTC,1588127047512,2020-04-29T02:24:07.512Z,buy,1.89e-06,106.0,0.00020034
AST/BTC,1588127719134,2020-04-29T02:35:19.134Z,buy,1.89e-06,56.0,0.0001058399999999
AST/BTC,1588127719134,2020-04-29T02:35:19.134Z,buy,1.89e-06,56.0,0.0001058399999999
AST/BTC,1588131043153,2020-04-29T03:30:43.153Z,buy,1.89e-06,3468.0,0.0065545199999999
AST/BTC,1588131043165,2020-04-29T03:30:43.165Z,sell,1.89e-06,10277.0,0.0194235299999999
AST/BTC,1588131043174,2020-04-29T03:30:43.174Z,sell,1.89e-06,1196.0,0.00226044
AST/BTC,1588131043174,2020-04-29T03:30:43.174Z,sell,1.89e-06,1196.0,0.00226044
AST/BTC,1588132456316,2020-04-29T03:54:16.316Z,buy,1.9e-06,53.0,0.0001007
AST/BTC,1588132881722,2020-04-29T04:01:21.722Z,buy,1.9e-06,211.0,0.0004009
AST/BTC,1588133888209,2020-04-29T04:18:08.209Z,sell,1.89e-06,1657.0,0.0031317299999999
AST/BTC,1588134005541,2020-04-29T04:20:05.541Z,sell,1.89e-06,24774.0,0.04682286
AST/BTC,1588134010022,2020-04-29T04:20:10.022Z,buy,1.89e-06,106.0,0.00020034
AST/BTC,1588134010022,2020-04-29T04:20:10.022Z,buy,1.89e-06,106.0,0.00020034
AST/BTC,1588135675355,2020-04-29T04:47:55.355Z,sell,1.89e-06,53.0,0.00010017
AST/BTC,1588135696193,2020-04-29T04:48:16.193Z,buy,1.89e-06,12017.0,0.02271213
AST/BTC,1588135696193,2020-04-29T04:48:16.193Z,buy,1.89e-06,12017.0,0.02271213
AST/BTC,1588137633191,2020-04-29T05:20:33.191Z,buy,1.9e-06,60.0,0.000114
AST/BTC,1588138481264,2020-04-29T05:34:41.264Z,buy,1.9e-06,3905.0,0.0074195
AST/BTC,1588138513454,2020-04-29T05:35:13.454Z,sell,1.9e-06,78.0,0.0001482
AST/BTC,1588139144151,2020-04-29T05:45:44.151Z,sell,1.9e-06,52787.0,0.1002953
AST/BTC,1588139144151,2020-04-29T05:45:44.151Z,sell,1.9e-06,52787.0,0.1002953
AST/BTC,1588140512639,2020-04-29T06:08:32.639Z,sell,1.9e-06,8731.0,0.0165889
AST/BTC,1588142092009,2020-04-29T06:34:52.009Z,sell,1.89e-06,2326.0,0.00439614
AST/BTC,1588142092009,2020-04-29T06:34:52.009Z,sell,1.89e-06,2326.0,0.00439614
AST/BTC,1588142841238,2020-04-29T06:47:21.238Z,sell,1.89e-06,25146.0,0.0475259399999999
AST/BTC,1588142843309,2020-04-29T06:47:23.309Z,sell,1.89e-06,20762.0,0.03924018
AST/BTC,1588142930235,2020-04-29T06:48:50.235Z,sell,1.89e-06,6115.0,0.01155735
AST/BTC,1588145047699,2020-04-29T07:24:07.699Z,sell,1.89e-06,1265.0,0.00239085
AST/BTC,1588145047699,2020-04-29T07:24:07.699Z,sell,1.89e-06,1265.0,0.00239085
AST/BTC,1588146446021,2020-04-29T07:47:26.021Z,buy,1.9e-06,36941.0,0.0701879
AST/BTC,1588146563846,2020-04-29T07:49:23.846Z,sell,1.89e-06,9001.0,0.0170118899999999
AST/BTC,1588146594660,2020-04-29T07:49:54.660Z,sell,1.89e-06,72326.0,0.13669614
AST/BTC,1588146643979,2020-04-29T07:50:43.979Z,sell,1.89e-06,11939.0,0.0225647099999999
AST/BTC,1588148209626,2020-04-29T08:16:49.626Z,sell,1.88e-06,51668.0,0.09713584
AST/BTC,1588148217679,2020-04-29T08:16:57.679Z,buy,1.89e-06,53.0,0.00010017
AST/BTC,1588148217679,2020-04-29T08:16:57.679Z,buy,1.89e-06,53.0,0.00010017
AST/BTC,1588149970628,2020-04-29T08:46:10.628Z,buy,1.89e-06,529.0,0.0009998099999999
AST/BTC,1588151679791,2020-04-29T09:14:39.791Z,sell,1.88e-06,10870.0,0.0204356
AST/BTC,1588151679791,2020-04-29T09:14:39.791Z,sell,1.88e-06,10870.0,0.0204356
AST/BTC,1588151857928,2020-04-29T09:17:37.928Z,sell,1.88e-06,17594.0,0.03307672
AST/BTC,1588152091395,2020-04-29T09:21:31.395Z,sell,1.88e-06,5110.0,0.0096068
AST/BTC,1588153198953,2020-04-29T09:39:58.953Z,buy,1.89e-06,6339.0,0.0119807099999999
AST/BTC,1588153275668,2020-04-29T09:41:15.668Z,buy,1.9e-06,5257.0,0.0099883
AST/BTC,1588154266910,2020-04-29T09:57:46.910Z,buy,1.89e-06,2631.0,0.00497259
AST/BTC,1588154348302,2020-04-29T09:59:08.302Z,buy,1.89e-06,53.0,0.00010017
AST/BTC,1588155003396,2020-04-29T10:10:03.396Z,sell,1.88e-06,9321.0,0.01752348
AST/BTC,1588155027468,2020-04-29T10:10:27.468Z,sell,1.88e-06,13858.0,0.02605304
AST/BTC,1588155027468,2020-04-29T10:10:27.468Z,sell,1.88e-06,13858.0,0.02605304
AST/BTC,1588155368914,2020-04-29T10:16:08.914Z,sell,1.88e-06,29551.0,0.05555588
AST/BTC,1588155372625,2020-04-29T10:16:12.625Z,sell,1.88e-06,4118.0,0.00774184
AST/BTC,1588155388309,2020-04-29T10:16:28.309Z,sell,1.88e-06,41634.0,0.07827192
AST/BTC,1588155476599,2020-04-29T10:17:56.599Z,sell,1.88e-06,5882.0,0.01105816
AST/BTC,1588155691738,2020-04-29T10:21:31.738Z,buy,1.9e-06,4180.0,0.007942
AST/BTC,1588156230811,2020-04-29T10:30:30.811Z,sell,1.88e-06,400.0,0.000752
AST/BTC,1588156243197,2020-04-29T10:30:43.197Z,sell,1.88e-06,2873.0,0.00540124
AST/BTC,1588156247620,2020-04-29T10:30:47.620Z,buy,1.88e-06,107.0,0.00020116
AST/BTC,1588156247798,2020-04-29T10:30:47.798Z,buy,1.88e-06,54.0,0.00010152
AST/BTC,1588156282097,2020-04-29T10:31:22.097Z,sell,1.87e-06,6554.0,0.01225598
AST/BTC,1588156282374,2020-04-29T10:31:22.374Z,buy,1.88e-06,107.0,0.00020116
AST/BTC,1588156451922,2020-04-29T10:34:11.922Z,buy,1.88e-06,19685.0,0.0370078
AST/BTC,1588156514501,2020-04-29T10:35:14.501Z,sell,1.87e-06,71.0,0.00013277
AST/BTC,1588156545921,2020-04-29T10:35:45.921Z,buy,1.89e-06,11763.0,0.02223207
AST/BTC,1588156554227,2020-04-29T10:35:54.227Z,buy,1.89e-06,9626.0,0.01819314
AST/BTC,1588156574586,2020-04-29T10:36:14.586Z,sell,1.88e-06,929.0,0.00174652
AST/BTC,1588156576614,2020-04-29T10:36:16.614Z,sell,1.88e-06,1230.0,0.0023124
AST/BTC,1588156607365,2020-04-29T10:36:47.365Z,buy,1.89e-06,5569.0,0.0105254099999999
AST/BTC,1588156614397,2020-04-29T10:36:54.397Z,buy,1.9e-06,9641.0,0.0183179
AST/BTC,1588156669317,2020-04-29T10:37:49.317Z,buy,1.89e-06,9641.0,0.01822149
AST/BTC,1588156675967,2020-04-29T10:37:55.967Z,buy,1.89e-06,9664.0,0.01826496
AST/BTC,1588156693690,2020-04-29T10:38:13.690Z,buy,1.89e-06,13030.0,0.0246266999999999
AST/BTC,1588156700457,2020-04-29T10:38:20.457Z,buy,1.9e-06,9676.0,0.0183844
AST/BTC,1588156843211,2020-04-29T10:40:43.211Z,sell,1.88e-06,1005.0,0.0018894
AST/BTC,1588157450727,2020-04-29T10:50:50.727Z,sell,1.88e-06,220.0,0.0004136
AST/BTC,1588157465246,2020-04-29T10:51:05.246Z,sell,1.88e-06,89.0,0.00016732
AST/BTC,1588157474299,2020-04-29T10:51:14.299Z,buy,1.88e-06,116.0,0.00021808
AST/BTC,1588157474299,2020-04-29T10:51:14.299Z,buy,1.88e-06,116.0,0.00021808
AST/BTC,1588159778284,2020-04-29T11:29:38.284Z,sell,1.87e-06,1174.0,0.00219538
AST/BTC,1588159895682,2020-04-29T11:31:35.682Z,sell,1.87e-06,5259.0,0.00983433
AST/BTC,1588159906574,2020-04-29T11:31:46.574Z,buy,1.87e-06,107.0,0.00020009
AST/BTC,1588160102698,2020-04-29T11:35:02.698Z,buy,1.88e-06,773.0,0.00145324
AST/BTC,1588160104383,2020-04-29T11:35:04.383Z,sell,1.86e-06,22835.0,0.0424731
AST/BTC,1588160104383,2020-04-29T11:35:04.383Z,sell,1.86e-06,107.0,0.00019902
AST/BTC,1588160108846,2020-04-29T11:35:08.846Z,sell,1.87e-06,357.0,0.00066759
AST/BTC,1588160267107,2020-04-29T11:37:47.107Z,buy,1.87e-06,3784.0,0.00707608
AST/BTC,1588160273397,2020-04-29T11:37:53.397Z,buy,1.87e-06,600.0,0.001122
AST/BTC,1588160273397,2020-04-29T11:37:53.397Z,buy,1.88e-06,3226.0,0.00606488
AST/BTC,1588160273754,2020-04-29T11:37:53.754Z,buy,1.88e-06,532.0,0.00100016
AST/BTC,1588160288348,2020-04-29T11:38:08.348Z,buy,1.88e-06,3860.0,0.0072568
AST/BTC,1588160295132,2020-04-29T11:38:15.132Z,buy,1.88e-06,3862.0,0.00726056
AST/BTC,1588160310779,2020-04-29T11:38:30.779Z,buy,1.88e-06,3910.0,0.0073508
AST/BTC,1588160311977,2020-04-29T11:38:31.977Z,buy,1.88e-06,654.0,0.00122952
AST/BTC,1588160317869,2020-04-29T11:38:37.869Z,buy,1.88e-06,3912.0,0.00735456
AST/BTC,1588160455269,2020-04-29T11:40:55.269Z,sell,1.87e-06,2075.0,0.00388025
AST/BTC,1588160941660,2020-04-29T11:49:01.660Z,sell,1.86e-06,2993.0,0.00556698
AST/BTC,1588160941660,2020-04-29T11:49:01.660Z,sell,1.85e-06,22007.0,0.04071295
AST/BTC,1588160941660,2020-04-29T11:49:01.660Z,sell,1.86e-06,2993.0,0.00556698
AST/BTC,1588160941660,2020-04-29T11:49:01.660Z,sell,1.85e-06,22007.0,0.04071295
AST/BTC,1588161201756,2020-04-29T11:53:21.756Z,sell,1.86e-06,3186.0,0.00592596
AST/BTC,1588161314983,2020-04-29T11:55:14.983Z,sell,1.86e-06,5000.0,0.0093
AST/BTC,1588161673516,2020-04-29T12:01:13.516Z,sell,1.86e-06,2087.0,0.00388182
AST/BTC,1588161694117,2020-04-29T12:01:34.117Z,sell,1.86e-06,220.0,0.0004091999999999
AST/BTC,1588161694439,2020-04-29T12:01:34.439Z,sell,1.86e-06,205.0,0.0003813
AST/BTC,1588161776277,2020-04-29T12:02:56.277Z,sell,1.86e-06,2410.0,0.0044826
AST/BTC,1588162524668,2020-04-29T12:15:24.668Z,buy,1.87e-06,5179.0,0.00968473
AST/BTC,1588162530514,2020-04-29T12:15:30.514Z,buy,1.87e-06,1473.0,0.00275451
AST/BTC,1588162530514,2020-04-29T12:15:30.514Z,buy,1.88e-06,1184.0,0.00222592
AST/BTC,1588162532865,2020-04-29T12:15:32.865Z,buy,1.88e-06,772.0,0.00145136
AST/BTC,1588162613060,2020-04-29T12:16:53.060Z,buy,1.88e-06,1052.0,0.00197776
AST/BTC,1588162613706,2020-04-29T12:16:53.706Z,sell,1.86e-06,152.0,0.00028272
AST/BTC,1588163040399,2020-04-29T12:24:00.399Z,sell,1.86e-06,532.0,0.00098952
AST/BTC,1588163637276,2020-04-29T12:33:57.276Z,sell,1.87e-06,54.0,0.00010098
AST/BTC,1588163644583,2020-04-29T12:34:04.583Z,buy,1.88e-06,772.0,0.00145136
AST/BTC,1588164131000,2020-04-29T12:42:11.000Z,sell,1.86e-06,212.0,0.00039432
AST/BTC,1588164461721,2020-04-29T12:47:41.721Z,sell,1.86e-06,2986.0,0.00555396
AST/BTC,1588164461721,2020-04-29T12:47:41.721Z,sell,1.86e-06,2986.0,0.00555396
AST/BTC,1588164989677,2020-04-29T12:56:29.677Z,buy,1.87e-06,2713.0,0.00507331
AST/BTC,1588164989691,2020-04-29T12:56:29.691Z,sell,1.87e-06,1065.0,0.00199155
AST/BTC,1588164989706,2020-04-29T12:56:29.706Z,sell,1.87e-06,1061.0,0.00198407
AST/BTC,1588164989719,2020-04-29T12:56:29.719Z,sell,1.87e-06,1049.0,0.00196163
AST/BTC,1588164989728,2020-04-29T12:56:29.728Z,sell,1.87e-06,912.0,0.00170544
AST/BTC,1588165232262,2020-04-29T13:00:32.262Z,sell,1.86e-06,3741.0,0.00695826
AST/BTC,1588165244032,2020-04-29T13:00:44.032Z,buy,1.87e-06,4528.0,0.00846736
AST/BTC,1588165314528,2020-04-29T13:01:54.528Z,sell,1.86e-06,1103.0,0.00205158
AST/BTC,1588165314528,2020-04-29T13:01:54.528Z,sell,1.85e-06,17.0,3.145e-05
AST/BTC,1588165420234,2020-04-29T13:03:40.234Z,sell,1.85e-06,382.0,0.0007067
AST/BTC,1588165495825,2020-04-29T13:04:55.825Z,sell,1.85e-06,115843.0,0.21430955
AST/BTC,1588165498351,2020-04-29T13:04:58.351Z,sell,1.84e-06,1626.0,0.00299184
AST/BTC,1588165498351,2020-04-29T13:04:58.351Z,sell,1.84e-06,1200.0,0.002208
AST/BTC,1588165498351,2020-04-29T13:04:58.351Z,sell,1.84e-06,1200.0,0.002208
AST/BTC,1588165498351,2020-04-29T13:04:58.351Z,sell,1.84e-06,523.0,0.00096232
AST/BTC,1588165498854,2020-04-29T13:04:58.854Z,sell,1.84e-06,13844.0,0.02547296
AST/BTC,1588165499309,2020-04-29T13:04:59.309Z,sell,1.84e-06,828.0,0.00152352
AST/BTC,1588165501008,2020-04-29T13:05:01.008Z,buy,1.85e-06,109.0,0.00020165
AST/BTC,1588165501301,2020-04-29T13:05:01.301Z,sell,1.84e-06,541.0,0.00099544
AST/BTC,1588165502244,2020-04-29T13:05:02.244Z,buy,1.85e-06,109.0,0.00020165
AST/BTC,1588165506253,2020-04-29T13:05:06.253Z,buy,1.85e-06,109.0,0.00020165
AST/BTC,1588165511878,2020-04-29T13:05:11.878Z,buy,1.85e-06,2675.0,0.00494875
AST/BTC,1588166303007,2020-04-29T13:18:23.007Z,buy,1.85e-06,357.0,0.00066045
AST/BTC,1588166384545,2020-04-29T13:19:44.545Z,buy,1.85e-06,4686.0,0.0086691
AST/BTC,1588166527224,2020-04-29T13:22:07.224Z,sell,1.84e-06,5096.0,0.00937664
AST/BTC,1588166549052,2020-04-29T13:22:29.052Z,sell,1.84e-06,519.0,0.00095496
AST/BTC,1588166614556,2020-04-29T13:23:34.556Z,buy,1.85e-06,10595.0,0.01960075
AST/BTC,1588166621106,2020-04-29T13:23:41.106Z,buy,1.85e-06,9704.0,0.0179524
AST/BTC,1588166878798,2020-04-29T13:27:58.798Z,buy,1.85e-06,2203.0,0.00407555
AST/BTC,1588166895973,2020-04-29T13:28:15.973Z,sell,1.84e-06,1203.0,0.00221352
AST/BTC,1588167044149,2020-04-29T13:30:44.149Z,sell,1.84e-06,384.0,0.00070656
AST/BTC,1588167071644,2020-04-29T13:31:11.644Z,sell,1.84e-06,1041.0,0.00191544
AST/BTC,1588167135718,2020-04-29T13:32:15.718Z,sell,1.84e-06,40562.0,0.0746340799999999
AST/BTC,1588167187612,2020-04-29T13:33:07.612Z,buy,1.85e-06,271.0,0.00050135
AST/BTC,1588167736159,2020-04-29T13:42:16.159Z,buy,1.85e-06,27364.0,0.0506234
AST/BTC,1588167797257,2020-04-29T13:43:17.257Z,sell,1.85e-06,651.0,0.00120435
AST/BTC,1588167916502,2020-04-29T13:45:16.502Z,sell,1.85e-06,657.0,0.00121545
AST/BTC,1588168055406,2020-04-29T13:47:35.406Z,sell,1.85e-06,21108.0,0.0390498
AST/BTC,1588168055406,2020-04-29T13:47:35.406Z,sell,1.85e-06,21108.0,0.0390498
AST/BTC,1588168432270,2020-04-29T13:53:52.270Z,buy,1.85e-06,3892.0,0.0072002
AST/BTC,1588168438828,2020-04-29T13:53:58.828Z,buy,1.85e-06,3894.0,0.0072039
AST/BTC,1588168453155,2020-04-29T13:54:13.155Z,buy,1.85e-06,9704.0,0.0179524
AST/BTC,1588168460549,2020-04-29T13:54:20.549Z,buy,1.85e-06,9734.0,0.0180079
AST/BTC,1588168475282,2020-04-29T13:54:35.282Z,buy,1.85e-06,3925.0,0.00726125
AST/BTC,1588168602865,2020-04-29T13:56:42.865Z,buy,1.85e-06,5228.0,0.0096718
AST/BTC,1588169174390,2020-04-29T14:06:14.390Z,sell,1.84e-06,534.0,0.00098256
AST/BTC,1588169230302,2020-04-29T14:07:10.302Z,sell,1.84e-06,534.0,0.00098256
AST/BTC,1588169296277,2020-04-29T14:08:16.277Z,sell,1.84e-06,534.0,0.00098256
AST/BTC,1588169484171,2020-04-29T14:11:24.171Z,buy,1.85e-06,477.0,0.00088245
AST/BTC,1588169718135,2020-04-29T14:15:18.135Z,sell,1.84e-06,32531.0,0.05985704
AST/BTC,1588169718145,2020-04-29T14:15:18.145Z,sell,1.84e-06,12516.0,0.0230294399999999
AST/BTC,1588170018775,2020-04-29T14:20:18.775Z,sell,1.85e-06,107.0,0.00019795
AST/BTC,1588170018775,2020-04-29T14:20:18.775Z,sell,1.84e-06,3196.0,0.0058806399999999
AST/BTC,1588170372488,2020-04-29T14:26:12.488Z,buy,1.86e-06,38000.0,0.0706799999999999
AST/BTC,1588170519116,2020-04-29T14:28:39.116Z,sell,1.85e-06,299.0,0.00055315
AST/BTC,1588170568449,2020-04-29T14:29:28.449Z,buy,1.86e-06,3803.0,0.00707358
AST/BTC,1588170588116,2020-04-29T14:29:48.116Z,buy,1.86e-06,25064.0,0.04661904
AST/BTC,1588171507124,2020-04-29T14:45:07.124Z,sell,1.85e-06,1012.0,0.0018722
AST/BTC,1588171611605,2020-04-29T14:46:51.605Z,buy,1.86e-06,6442.0,0.01198212
AST/BTC,1588171611605,2020-04-29T14:46:51.605Z,buy,1.86e-06,6442.0,0.01198212
AST/BTC,1588171943856,2020-04-29T14:52:23.856Z,sell,1.85e-06,18873.0,0.03491505
AST/BTC,1588171988161,2020-04-29T14:53:08.161Z,buy,1.85e-06,55.0,0.00010175
AST/BTC,1588172614368,2020-04-29T15:03:34.368Z,sell,1.84e-06,21427.0,0.03942568
AST/BTC,1588172835073,2020-04-29T15:07:15.073Z,buy,1.85e-06,18531.0,0.03428235
AST/BTC,1588172835073,2020-04-29T15:07:15.073Z,buy,1.86e-06,16237.0,0.03020082
AST/BTC,1588173095778,2020-04-29T15:11:35.778Z,sell,1.85e-06,477.0,0.00088245
AST/BTC,1588174956799,2020-04-29T15:42:36.799Z,sell,1.85e-06,3334.0,0.0061679
AST/BTC,1588174959535,2020-04-29T15:42:39.535Z,buy,1.85e-06,220.0,0.000407
AST/BTC,1588174960545,2020-04-29T15:42:40.545Z,buy,1.85e-06,205.0,0.00037925
AST/BTC,1588175121793,2020-04-29T15:45:21.793Z,sell,1.84e-06,39640.0,0.0729376
AST/BTC,1588175121793,2020-04-29T15:45:21.793Z,sell,1.84e-06,39640.0,0.0729376
AST/BTC,1588175525979,2020-04-29T15:52:05.979Z,buy,1.85e-06,6406.0,0.0118511
AST/BTC,1588175525979,2020-04-29T15:52:05.979Z,buy,1.86e-06,1594.0,0.00296484
AST/BTC,1588175525979,2020-04-29T15:52:05.979Z,buy,1.87e-06,51869.0,0.09699503
AST/BTC,1588175525992,2020-04-29T15:52:05.992Z,sell,1.87e-06,1975.0,0.00369325
AST/BTC,1588175525993,2020-04-29T15:52:05.993Z,sell,1.87e-06,1975.0,0.00369325
AST/BTC,1588175526003,2020-04-29T15:52:06.003Z,sell,1.87e-06,4130.0,0.0077231
AST/BTC,1588175530348,2020-04-29T15:52:10.348Z,buy,1.87e-06,4608.0,0.00861696
AST/BTC,1588175530358,2020-04-29T15:52:10.358Z,sell,1.87e-06,2148.0,0.00401676
AST/BTC,1588175530455,2020-04-29T15:52:10.455Z,sell,1.87e-06,1466.0,0.00274142
AST/BTC,1588175596456,2020-04-29T15:53:16.456Z,sell,1.87e-06,80.0,0.0001496
AST/BTC,1588175648251,2020-04-29T15:54:08.251Z,sell,1.87e-06,55.0,0.00010285
AST/BTC,1588175972947,2020-04-29T15:59:32.947Z,sell,1.86e-06,2906.0,0.00540516
AST/BTC,1588175972947,2020-04-29T15:59:32.947Z,sell,1.85e-06,4095.0,0.00757575
AST/BTC,1588175972969,2020-04-29T15:59:32.969Z,buy,1.85e-06,6491.0,0.01200835
AST/BTC,1588175973199,2020-04-29T15:59:33.199Z,buy,1.85e-06,1141.0,0.00211085
AST/BTC,1588175978719,2020-04-29T15:59:38.719Z,buy,1.85e-06,1019.0,0.00188515
AST/BTC,1588175991660,2020-04-29T15:59:51.660Z,sell,1.85e-06,2915.0,0.00539275
AST/BTC,1588175991660,2020-04-29T15:59:51.660Z,sell,1.84e-06,71143.0,0.1309031199999999
AST/BTC,1588175991671,2020-04-29T15:59:51.671Z,buy,1.84e-06,1554.0,0.00285936
AST/BTC,1588175993544,2020-04-29T15:59:53.544Z,sell,1.85e-06,69.0,0.00012765
AST/BTC,1588175997907,2020-04-29T15:59:57.907Z,sell,1.84e-06,107.0,0.00019688
AST/BTC,1588176003216,2020-04-29T16:00:03.216Z,buy,1.85e-06,97.0,0.00017945
AST/BTC,1588176003220,2020-04-29T16:00:03.220Z,buy,1.85e-06,119.0,0.00022015
AST/BTC,1588176003432,2020-04-29T16:00:03.432Z,buy,1.85e-06,90.0,0.0001665
AST/BTC,1588176046311,2020-04-29T16:00:46.311Z,buy,1.85e-06,357.0,0.00066045
AST/BTC,1588176078993,2020-04-29T16:01:18.993Z,buy,1.85e-06,1063.0,0.00196655
AST/BTC,1588176265096,2020-04-29T16:04:25.096Z,buy,1.85e-06,54.0,9.99e-05
AST/BTC,1588176266627,2020-04-29T16:04:26.627Z,buy,1.85e-06,581.0,0.00107485
AST/BTC,1588176266627,2020-04-29T16:04:26.627Z,buy,1.86e-06,1974.0,0.00367164
AST/BTC,1588176267482,2020-04-29T16:04:27.482Z,buy,1.86e-06,1789.0,0.00332754
AST/BTC,1588176267964,2020-04-29T16:04:27.964Z,buy,1.86e-06,345.0,0.0006417
AST/BTC,1588176370780,2020-04-29T16:06:10.780Z,buy,1.86e-06,514.0,0.00095604
AST/BTC,1588176493104,2020-04-29T16:08:13.104Z,buy,1.86e-06,16324.0,0.03036264
AST/BTC,1588176855798,2020-04-29T16:14:15.798Z,buy,1.86e-06,3636.0,0.00676296
AST/BTC,1588176855847,2020-04-29T16:14:15.847Z,buy,1.86e-06,1180.0,0.0021948
AST/BTC,1588178081829,2020-04-29T16:34:41.829Z,sell,1.85e-06,75.0,0.00013875
AST/BTC,1588178156579,2020-04-29T16:35:56.579Z,sell,1.85e-06,89.0,0.00016465
AST/BTC,1588178167069,2020-04-29T16:36:07.069Z,buy,1.86e-06,200.0,0.000372
AST/BTC,1588178167069,2020-04-29T16:36:07.069Z,buy,1.86e-06,200.0,0.000372
AST/BTC,1588178733008,2020-04-29T16:45:33.008Z,sell,1.85e-06,1486.0,0.0027491
AST/BTC,1588178738526,2020-04-29T16:45:38.526Z,sell,1.84e-06,1001.0,0.00184184
AST/BTC,1588178740129,2020-04-29T16:45:40.129Z,sell,1.84e-06,694.0,0.00127696
AST/BTC,1588178757628,2020-04-29T16:45:57.628Z,buy,1.85e-06,123.0,0.00022755
AST/BTC,1588178810244,2020-04-29T16:46:50.244Z,buy,1.85e-06,805.0,0.00148925
AST/BTC,1588178863607,2020-04-29T16:47:43.607Z,buy,1.85e-06,1000.0,0.00185
AST/BTC,1588178935194,2020-04-29T16:48:55.194Z,sell,1.84e-06,5797.0,0.0106664799999999
AST/BTC,1588178935194,2020-04-29T16:48:55.194Z,sell,1.83e-06,19662.0,0.03598146
AST/BTC,1588178935194,2020-04-29T16:48:55.194Z,sell,1.83e-06,2000.0,0.00366
AST/BTC,1588178935194,2020-04-29T16:48:55.194Z,sell,1.83e-06,3000.0,0.00549
AST/BTC,1588178935194,2020-04-29T16:48:55.194Z,sell,1.83e-06,12000.0,0.02196
AST/BTC,1588178935194,2020-04-29T16:48:55.194Z,sell,1.83e-06,4175.0,0.00764025
AST/BTC,1588178966286,2020-04-29T16:49:26.286Z,sell,1.83e-06,2532.0,0.00463356
AST/BTC,1588178975156,2020-04-29T16:49:35.156Z,sell,1.82e-06,1908.0,0.00347256
AST/BTC,1588178975156,2020-04-29T16:49:35.156Z,sell,1.82e-06,12284.0,0.02235688
AST/BTC,1588178975156,2020-04-29T16:49:35.156Z,sell,1.82e-06,2000.0,0.00364
AST/BTC,1588178975156,2020-04-29T16:49:35.156Z,sell,1.82e-06,5180.0,0.0094276
AST/BTC,1588178975474,2020-04-29T16:49:35.474Z,sell,1.82e-06,2193.0,0.00399126
AST/BTC,1588178980870,2020-04-29T16:49:40.870Z,sell,1.82e-06,7632.0,0.01389024
AST/BTC,1588178980870,2020-04-29T16:49:40.870Z,sell,1.81e-06,391.0,0.00070771
AST/BTC,1588178981276,2020-04-29T16:49:41.276Z,sell,1.81e-06,8344.0,0.01510264
AST/BTC,1588178987788,2020-04-29T16:49:47.788Z,sell,1.81e-06,4533.0,0.00820473
AST/BTC,1588178988328,2020-04-29T16:49:48.328Z,sell,1.81e-06,1308.0,0.00236748
AST/BTC,1588178989928,2020-04-29T16:49:49.928Z,buy,1.82e-06,1263.0,0.00229866
AST/BTC,1588178990035,2020-04-29T16:49:50.035Z,buy,1.82e-06,3474.0,0.00632268
AST/BTC,1588179016650,2020-04-29T16:50:16.650Z,sell,1.81e-06,1314.0,0.00237834
AST/BTC,1588179018225,2020-04-29T16:50:18.225Z,sell,1.81e-06,456.0,0.00082536
AST/BTC,1588179025857,2020-04-29T16:50:25.857Z,sell,1.81e-06,9635.0,0.01743935
AST/BTC,1588179032126,2020-04-29T16:50:32.126Z,sell,1.81e-06,10340.0,0.0187154
AST/BTC,1588179221811,2020-04-29T16:53:41.811Z,sell,1.81e-06,99.0,0.00017919
AST/BTC,1588179239066,2020-04-29T16:53:59.066Z,buy,1.82e-06,531.0,0.00096642
AST/BTC,1588179249437,2020-04-29T16:54:09.437Z,sell,1.81e-06,11412.0,0.02065572
AST/BTC,1588179321836,2020-04-29T16:55:21.836Z,sell,1.81e-06,8076.0,0.01461756
AST/BTC,1588179329696,2020-04-29T16:55:29.696Z,buy,1.82e-06,1200.0,0.0021839999999999
AST/BTC,1588179599895,2020-04-29T16:59:59.895Z,buy,1.82e-06,1491.0,0.00271362
AST/BTC,1588179660404,2020-04-29T17:01:00.404Z,buy,1.82e-06,110.0,0.0002002
AST/BTC,1588179666213,2020-04-29T17:01:06.213Z,buy,1.82e-06,110.0,0.0002002
AST/BTC,1588179671760,2020-04-29T17:01:11.760Z,buy,1.82e-06,110.0,0.0002002
AST/BTC,1588179682737,2020-04-29T17:01:22.737Z,buy,1.82e-06,110.0,0.0002002
AST/BTC,1588179690610,2020-04-29T17:01:30.610Z,sell,1.81e-06,550.0,0.0009955
AST/BTC,1588179747554,2020-04-29T17:02:27.554Z,buy,1.82e-06,110.0,0.0002002
AST/BTC,1588179753625,2020-04-29T17:02:33.625Z,buy,1.82e-06,110.0,0.0002002
AST/BTC,1588179799335,2020-04-29T17:03:19.335Z,buy,1.82e-06,110.0,0.0002002
AST/BTC,1588179857173,2020-04-29T17:04:17.173Z,buy,1.82e-06,110.0,0.0002002
AST/BTC,1588180059590,2020-04-29T17:07:39.590Z,sell,1.81e-06,10580.0,0.0191498
AST/BTC,1588180113943,2020-04-29T17:08:33.943Z,sell,1.81e-06,607.0,0.00109867
AST/BTC,1588180350306,2020-04-29T17:12:30.306Z,sell,1.81e-06,500.0,0.000905
AST/BTC,1588180858797,2020-04-29T17:20:58.797Z,sell,1.81e-06,760.0,0.0013756
AST/BTC,1588181240744,2020-04-29T17:27:20.744Z,sell,1.81e-06,118578.0,0.21462618
AST/BTC,1588181499099,2020-04-29T17:31:39.099Z,sell,1.81e-06,2446.0,0.00442726
AST/BTC,1588181499099,2020-04-29T17:31:39.099Z,sell,1.8e-06,2704.0,0.0048671999999999
AST/BTC,1588181499099,2020-04-29T17:31:39.099Z,sell,1.8e-06,60.0,0.000108
AST/BTC,1588181499099,2020-04-29T17:31:39.099Z,sell,1.8e-06,57699.0,0.1038582
AST/BTC,1588181499099,2020-04-29T17:31:39.099Z,sell,1.8e-06,18133.0,0.0326394
AST/BTC,1588181499099,2020-04-29T17:31:39.099Z,sell,1.79e-06,7961.0,0.01425019
AST/BTC,1588181499099,2020-04-29T17:31:39.099Z,sell,1.79e-06,388.0,0.00069452
AST/BTC,1588181499099,2020-04-29T17:31:39.099Z,sell,1.79e-06,291.0,0.00052089
AST/BTC,1588181499099,2020-04-29T17:31:39.099Z,sell,1.79e-06,437.0,0.00078223
AST/BTC,1588181499099,2020-04-29T17:31:39.099Z,sell,1.79e-06,438.0,0.00078402
AST/BTC,1588181499099,2020-04-29T17:31:39.099Z,sell,1.79e-06,27058.0,0.04843382
AST/BTC,1588181499099,2020-04-29T17:31:39.099Z,sell,1.79e-06,3000.0,0.00537
AST/BTC,1588181499519,2020-04-29T17:31:39.519Z,buy,1.8e-06,2000.0,0.0036
AST/BTC,1588181500637,2020-04-29T17:31:40.637Z,sell,1.79e-06,16883.0,0.03022057
AST/BTC,1588181501264,2020-04-29T17:31:41.264Z,sell,1.79e-06,9804.0,0.01754916
AST/BTC,1588181501312,2020-04-29T17:31:41.312Z,sell,1.79e-06,1070.0,0.0019153
AST/BTC,1588181501580,2020-04-29T17:31:41.580Z,sell,1.79e-06,600.0,0.001074
AST/BTC,1588181501630,2020-04-29T17:31:41.630Z,sell,1.79e-06,1000.0,0.00179
AST/BTC,1588181501635,2020-04-29T17:31:41.635Z,sell,1.79e-06,700.0,0.001253
AST/BTC,1588181501636,2020-04-29T17:31:41.636Z,sell,1.79e-06,1000.0,0.00179
AST/BTC,1588181501636,2020-04-29T17:31:41.636Z,sell,1.79e-06,1000.0,0.00179
AST/BTC,1588181501641,2020-04-29T17:31:41.641Z,sell,1.79e-06,700.0,0.001253
AST/BTC,1588181501645,2020-04-29T17:31:41.645Z,sell,1.79e-06,1000.0,0.00179
AST/BTC,1588181501655,2020-04-29T17:31:41.655Z,sell,1.79e-06,1000.0,0.00179
AST/BTC,1588181503829,2020-04-29T17:31:43.829Z,sell,1.79e-06,8126.0,0.01454554
AST/BTC,1588181506613,2020-04-29T17:31:46.613Z,buy,1.8e-06,1235.0,0.0022229999999999
AST/BTC,1588181506613,2020-04-29T17:31:46.613Z,buy,1.8e-06,22717.0,0.0408906
AST/BTC,1588181508411,2020-04-29T17:31:48.411Z,sell,1.78e-06,5249.0,0.00934322
AST/BTC,1588181508411,2020-04-29T17:31:48.411Z,sell,1.78e-06,466.0,0.00082948
AST/BTC,1588181508411,2020-04-29T17:31:48.411Z,sell,1.78e-06,1000.0,0.00178
AST/BTC,1588181508411,2020-04-29T17:31:48.411Z,sell,1.78e-06,999.0,0.0017782199999999
AST/BTC,1588181508411,2020-04-29T17:31:48.411Z,sell,1.78e-06,700.0,0.001246
AST/BTC,1588181508411,2020-04-29T17:31:48.411Z,sell,1.78e-06,700.0,0.001246
AST/BTC,1588181511725,2020-04-29T17:31:51.725Z,sell,1.78e-06,47416.0,0.08440048
AST/BTC,1588181512148,2020-04-29T17:31:52.148Z,sell,1.78e-06,245.0,0.0004361
AST/BTC,1588181512346,2020-04-29T17:31:52.346Z,sell,1.78e-06,700.0,0.001246
AST/BTC,1588181514929,2020-04-29T17:31:54.929Z,buy,1.79e-06,131.0,0.00023449
AST/BTC,1588181515595,2020-04-29T17:31:55.595Z,sell,1.78e-06,2064.0,0.00367392
AST/BTC,1588181515664,2020-04-29T17:31:55.664Z,sell,1.78e-06,204.0,0.00036312
AST/BTC,1588181515725,2020-04-29T17:31:55.725Z,sell,1.78e-06,1031.0,0.0018351799999999
AST/BTC,1588181515767,2020-04-29T17:31:55.767Z,sell,1.78e-06,205.0,0.0003649
AST/BTC,1588181515795,2020-04-29T17:31:55.795Z,sell,1.78e-06,3076.0,0.00547528
AST/BTC,1588181515850,2020-04-29T17:31:55.850Z,sell,1.78e-06,597.0,0.00106266
AST/BTC,1588181515899,2020-04-29T17:31:55.899Z,sell,1.78e-06,309.0,0.00055002
AST/BTC,1588181515917,2020-04-29T17:31:55.917Z,sell,1.78e-06,2073.0,0.0036899399999999
AST/BTC,1588181516033,2020-04-29T17:31:56.033Z,sell,1.78e-06,5162.0,0.00918836
AST/BTC,1588181516208,2020-04-29T17:31:56.208Z,sell,1.78e-06,217.0,0.00038626
AST/BTC,1588181516292,2020-04-29T17:31:56.292Z,sell,1.78e-06,41069.0,0.07310282
AST/BTC,1588181516389,2020-04-29T17:31:56.389Z,sell,1.78e-06,2780.0,0.0049483999999999
AST/BTC,1588181516543,2020-04-29T17:31:56.543Z,sell,1.78e-06,732.0,0.00130296
AST/BTC,1588181516589,2020-04-29T17:31:56.589Z,sell,1.78e-06,802.0,0.00142756
AST/BTC,1588181516597,2020-04-29T17:31:56.597Z,sell,1.78e-06,466.0,0.00082948
AST/BTC,1588181516640,2020-04-29T17:31:56.640Z,sell,1.78e-06,1907.0,0.0033944599999999
AST/BTC,1588181517089,2020-04-29T17:31:57.089Z,sell,1.78e-06,738.0,0.00131364
AST/BTC,1588181520823,2020-04-29T17:32:00.823Z,buy,1.79e-06,308.0,0.00055132
AST/BTC,1588181526116,2020-04-29T17:32:06.116Z,buy,1.8e-06,388.0,0.0006984
AST/BTC,1588181542115,2020-04-29T17:32:22.115Z,sell,1.79e-06,395.0,0.00070705
AST/BTC,1588181555529,2020-04-29T17:32:35.529Z,buy,1.79e-06,1200.0,0.002148
AST/BTC,1588181557580,2020-04-29T17:32:37.580Z,buy,1.79e-06,761.0,0.00136219
AST/BTC,1588181588053,2020-04-29T17:33:08.053Z,buy,1.79e-06,1679.0,0.00300541
AST/BTC,1588181588935,2020-04-29T17:33:08.935Z,sell,1.79e-06,3321.0,0.00594459
AST/BTC,1588181684743,2020-04-29T17:34:44.743Z,buy,1.8e-06,64.0,0.0001152
AST/BTC,1588181697982,2020-04-29T17:34:57.982Z,buy,1.8e-06,2107.0,0.0037925999999999
AST/BTC,1588181722465,2020-04-29T17:35:22.465Z,sell,1.78e-06,652.0,0.00116056
AST/BTC,1588181722465,2020-04-29T17:35:22.465Z,sell,1.77e-06,18468.0,0.03268836
AST/BTC,1588181722465,2020-04-29T17:35:22.465Z,sell,1.77e-06,3500.0,0.006195
AST/BTC,1588181722465,2020-04-29T17:35:22.465Z,sell,1.77e-06,12574.0,0.02225598
AST/BTC,1588181722465,2020-04-29T17:35:22.465Z,sell,1.77e-06,500.0,0.000885
AST/BTC,1588181722465,2020-04-29T17:35:22.465Z,sell,1.77e-06,500.0,0.000885
AST/BTC,1588181722465,2020-04-29T17:35:22.465Z,sell,1.77e-06,14388.0,0.02546676
AST/BTC,1588181722465,2020-04-29T17:35:22.465Z,sell,1.77e-06,5076.0,0.00898452
AST/BTC,1588181722465,2020-04-29T17:35:22.465Z,sell,1.77e-06,2338.0,0.00413826
AST/BTC,1588181722465,2020-04-29T17:35:22.465Z,sell,1.77e-06,897.0,0.0015876899999999
AST/BTC,1588181722975,2020-04-29T17:35:22.975Z,sell,1.78e-06,1079.0,0.0019206199999999
AST/BTC,1588181722975,2020-04-29T17:35:22.975Z,sell,1.77e-06,1699.0,0.00300723
AST/BTC,1588181722978,2020-04-29T17:35:22.978Z,sell,1.77e-06,471.0,0.00083367
AST/BTC,1588181723072,2020-04-29T17:35:23.072Z,buy,1.77e-06,238.0,0.00042126
AST/BTC,1588181723177,2020-04-29T17:35:23.177Z,buy,1.77e-06,182.0,0.00032214
AST/BTC,1588181723215,2020-04-29T17:35:23.215Z,buy,1.77e-06,1946.0,0.00344442
AST/BTC,1588181723309,2020-04-29T17:35:23.309Z,buy,1.77e-06,1946.0,0.00344442
AST/BTC,1588181723985,2020-04-29T17:35:23.985Z,buy,1.77e-06,1491.0,0.00263907
AST/BTC,1588181723986,2020-04-29T17:35:23.986Z,buy,1.77e-06,2191.0,0.00387807
AST/BTC,1588181723988,2020-04-29T17:35:23.988Z,buy,1.77e-06,2191.0,0.00387807
AST/BTC,1588181724859,2020-04-29T17:35:24.859Z,buy,1.77e-06,2433.0,0.00430641
AST/BTC,1588181728816,2020-04-29T17:35:28.816Z,sell,1.76e-06,845.0,0.0014872
AST/BTC,1588181728816,2020-04-29T17:35:28.816Z,sell,1.76e-06,514.0,0.00090464
AST/BTC,1588181728816,2020-04-29T17:35:28.816Z,sell,1.76e-06,257.0,0.00045232
AST/BTC,1588181728816,2020-04-29T17:35:28.816Z,sell,1.76e-06,257.0,0.00045232
AST/BTC,1588181728816,2020-04-29T17:35:28.816Z,sell,1.76e-06,8359.0,0.01471184
AST/BTC,1588181728816,2020-04-29T17:35:28.816Z,sell,1.76e-06,8359.0,0.01471184
AST/BTC,1588181728816,2020-04-29T17:35:28.816Z,sell,1.76e-06,1532.0,0.00269632
AST/BTC,1588181728816,2020-04-29T17:35:28.816Z,sell,1.76e-06,766.0,0.00134816
AST/BTC,1588181728816,2020-04-29T17:35:28.816Z,sell,1.76e-06,767.0,0.00134992
AST/BTC,1588181728816,2020-04-29T17:35:28.816Z,sell,1.76e-06,918.0,0.00161568
AST/BTC,1588181728816,2020-04-29T17:35:28.816Z,sell,1.76e-06,5094.0,0.00896544
AST/BTC,1588181728816,2020-04-29T17:35:28.816Z,sell,1.76e-06,1709.0,0.00300784
AST/BTC,1588181729081,2020-04-29T17:35:29.081Z,sell,1.76e-06,2926.0,0.00514976
AST/BTC,1588181729082,2020-04-29T17:35:29.082Z,sell,1.76e-06,13651.0,0.02402576
AST/BTC,1588181730329,2020-04-29T17:35:30.329Z,buy,1.77e-06,790.0,0.0013982999999999
AST/BTC,1588181731407,2020-04-29T17:35:31.407Z,buy,1.77e-06,65.0,0.00011505
AST/BTC,1588181731419,2020-04-29T17:35:31.419Z,sell,1.76e-06,146.0,0.00025696
AST/BTC,1588181735263,2020-04-29T17:35:35.263Z,buy,1.77e-06,1107.0,0.00195939
AST/BTC,1588181738636,2020-04-29T17:35:38.636Z,sell,1.76e-06,460.0,0.0008096
AST/BTC,1588181738636,2020-04-29T17:35:38.636Z,sell,1.76e-06,460.0,0.0008096
AST/BTC,1588181780449,2020-04-29T17:36:20.449Z,buy,1.77e-06,15385.0,0.02723145
AST/BTC,1588181818156,2020-04-29T17:36:58.156Z,buy,1.77e-06,14377.0,0.02544729
AST/BTC,1588181840704,2020-04-29T17:37:20.704Z,buy,1.77e-06,476.0,0.00084252
AST/BTC,1588181888212,2020-04-29T17:38:08.212Z,buy,1.77e-06,57.0,0.00010089
AST/BTC,1588181911052,2020-04-29T17:38:31.052Z,buy,1.77e-06,17285.0,0.03059445
AST/BTC,1588181919820,2020-04-29T17:38:39.820Z,buy,1.77e-06,12897.0,0.02282769
AST/BTC,1588181944347,2020-04-29T17:39:04.347Z,sell,1.76e-06,32810.0,0.0577456
AST/BTC,1588182007387,2020-04-29T17:40:07.387Z,sell,1.76e-06,2997.0,0.00527472
AST/BTC,1588182099666,2020-04-29T17:41:39.666Z,sell,1.76e-06,8076.0,0.01421376
AST/BTC,1588182102541,2020-04-29T17:41:42.541Z,sell,1.75e-06,513.0,0.00089775
AST/BTC,1588182102541,2020-04-29T17:41:42.541Z,sell,1.75e-06,10355.0,0.01812125
AST/BTC,1588182102541,2020-04-29T17:41:42.541Z,sell,1.75e-06,10094.0,0.0176645
AST/BTC,1588182102541,2020-04-29T17:41:42.541Z,sell,1.75e-06,7426.0,0.0129955
AST/BTC,1588182107332,2020-04-29T17:41:47.332Z,buy,1.76e-06,9003.0,0.01584528
AST/BTC,1588182109060,2020-04-29T17:41:49.060Z,sell,1.75e-06,569.0,0.0009957499999999
AST/BTC,1588182112539,2020-04-29T17:41:52.539Z,sell,1.75e-06,1433.0,0.00250775
AST/BTC,1588182141441,2020-04-29T17:42:21.441Z,sell,1.75e-06,29644.0,0.051877
AST/BTC,1588182146815,2020-04-29T17:42:26.815Z,sell,1.75e-06,16370.0,0.0286475
AST/BTC,1588182208444,2020-04-29T17:43:28.444Z,sell,1.75e-06,9687.0,0.01695225
AST/BTC,1588182209724,2020-04-29T17:43:29.724Z,sell,1.74e-06,9734.0,0.01693716
AST/BTC,1588182209724,2020-04-29T17:43:29.724Z,sell,1.74e-06,1702.0,0.00296148
AST/BTC,1588182209724,2020-04-29T17:43:29.724Z,sell,1.74e-06,1632.0,0.00283968
AST/BTC,1588182209724,2020-04-29T17:43:29.724Z,sell,1.74e-06,336.0,0.00058464
AST/BTC,1588182220866,2020-04-29T17:43:40.866Z,buy,1.75e-06,251.0,0.0004392499999999
AST/BTC,1588182235255,2020-04-29T17:43:55.255Z,buy,1.75e-06,9372.0,0.016401
AST/BTC,1588182332505,2020-04-29T17:45:32.505Z,buy,1.75e-06,3364.0,0.005887
AST/BTC,1588182352598,2020-04-29T17:45:52.598Z,buy,1.75e-06,64.0,0.000112
AST/BTC,1588182361630,2020-04-29T17:46:01.630Z,buy,1.75e-06,111.0,0.00019425
AST/BTC,1588182361936,2020-04-29T17:46:01.936Z,buy,1.75e-06,58.0,0.0001015
AST/BTC,1588182362016,2020-04-29T17:46:02.016Z,buy,1.75e-06,112.0,0.000196
AST/BTC,1588182362842,2020-04-29T17:46:02.842Z,buy,1.75e-06,57.0,9.975e-05
AST/BTC,1588182365111,2020-04-29T17:46:05.111Z,buy,1.75e-06,112.0,0.000196
AST/BTC,1588182384055,2020-04-29T17:46:24.055Z,buy,1.75e-06,57.0,9.975e-05
AST/BTC,1588182384149,2020-04-29T17:46:24.149Z,buy,1.75e-06,112.0,0.000196
AST/BTC,1588182385349,2020-04-29T17:46:25.349Z,buy,1.75e-06,1532.0,0.002681
AST/BTC,1588182412325,2020-04-29T17:46:52.325Z,sell,1.74e-06,8280.0,0.0144072
AST/BTC,1588182419644,2020-04-29T17:46:59.644Z,sell,1.73e-06,19486.0,0.0337107799999999
AST/BTC,1588182419644,2020-04-29T17:46:59.644Z,sell,1.72e-06,1128.0,0.00194016
AST/BTC,1588182419644,2020-04-29T17:46:59.644Z,sell,1.72e-06,406.0,0.00069832
AST/BTC,1588182428945,2020-04-29T17:47:08.945Z,sell,1.73e-06,900.0,0.001557
AST/BTC,1588182430516,2020-04-29T17:47:10.516Z,sell,1.73e-06,1134.0,0.00196182
AST/BTC,1588182430558,2020-04-29T17:47:10.558Z,buy,1.73e-06,1367.0,0.00236491
AST/BTC,1588182430796,2020-04-29T17:47:10.796Z,buy,1.73e-06,1638.0,0.00283374
AST/BTC,1588182433366,2020-04-29T17:47:13.366Z,buy,1.73e-06,996.0,0.0017230799999999
AST/BTC,1588182440348,2020-04-29T17:47:20.348Z,buy,1.73e-06,58.0,0.0001003399999999
AST/BTC,1588182440958,2020-04-29T17:47:20.958Z,buy,1.73e-06,870.0,0.0015050999999999
AST/BTC,1588182455351,2020-04-29T17:47:35.351Z,buy,1.73e-06,3646.0,0.00630758
AST/BTC,1588182455362,2020-04-29T17:47:35.362Z,buy,1.73e-06,3592.0,0.00621416
AST/BTC,1588182465152,2020-04-29T17:47:45.152Z,buy,1.74e-06,1017.0,0.00176958
AST/BTC,1588182466133,2020-04-29T17:47:46.133Z,buy,1.75e-06,9051.0,0.01583925
AST/BTC,1588182580227,2020-04-29T17:49:40.227Z,sell,1.74e-06,132.0,0.00022968
AST/BTC,1588182582776,2020-04-29T17:49:42.776Z,sell,1.73e-06,9259.0,0.01601807
AST/BTC,1588182707116,2020-04-29T17:51:47.116Z,buy,1.74e-06,7762.0,0.01350588
AST/BTC,1588182720852,2020-04-29T17:52:00.852Z,buy,1.75e-06,1200.0,0.0021
AST/BTC,1588182722678,2020-04-29T17:52:02.678Z,buy,1.75e-06,1146.0,0.0020055
AST/BTC,1588182732163,2020-04-29T17:52:12.163Z,buy,1.75e-06,11977.0,0.02095975
AST/BTC,1588182734496,2020-04-29T17:52:14.496Z,buy,1.75e-06,1096.0,0.001918
AST/BTC,1588182735849,2020-04-29T17:52:15.849Z,buy,1.75e-06,9057.0,0.01584975
AST/BTC,1588182737279,2020-04-29T17:52:17.279Z,buy,1.75e-06,9256.0,0.016198
AST/BTC,1588182747670,2020-04-29T17:52:27.670Z,buy,1.76e-06,30973.0,0.05451248
AST/BTC,1588182747670,2020-04-29T17:52:27.670Z,buy,1.77e-06,107388.0,0.19007676
AST/BTC,1588182747670,2020-04-29T17:52:27.670Z,buy,1.78e-06,12325.0,0.0219385
AST/BTC,1588182748934,2020-04-29T17:52:28.934Z,buy,1.78e-06,562.0,0.00100036
AST/BTC,1588182750285,2020-04-29T17:52:30.285Z,buy,1.78e-06,2800.0,0.004984
AST/BTC,1588182751373,2020-04-29T17:52:31.373Z,buy,1.76e-06,690.0,0.0012144
AST/BTC,1588182818351,2020-04-29T17:53:38.351Z,sell,1.76e-06,100.0,0.000176
AST/BTC,1588182842740,2020-04-29T17:54:02.740Z,buy,1.76e-06,1046.0,0.00184096
AST/BTC,1588182885555,2020-04-29T17:54:45.555Z,buy,1.77e-06,1200.0,0.002124
AST/BTC,1588182892791,2020-04-29T17:54:52.791Z,sell,1.76e-06,271.0,0.00047696
AST/BTC,1588182892791,2020-04-29T17:54:52.791Z,sell,1.75e-06,3001.0,0.00525175
AST/BTC,1588182894180,2020-04-29T17:54:54.180Z,sell,1.75e-06,562.0,0.0009835
AST/BTC,1588182904847,2020-04-29T17:55:04.847Z,buy,1.77e-06,100.0,0.000177
AST/BTC,1588182904847,2020-04-29T17:55:04.847Z,buy,1.78e-06,79.0,0.00014062
AST/BTC,1588183054655,2020-04-29T17:57:34.655Z,sell,1.77e-06,651.0,0.00115227
AST/BTC,1588183054667,2020-04-29T17:57:34.667Z,sell,1.77e-06,3469.0,0.00614013
AST/BTC,1588183210906,2020-04-29T18:00:10.906Z,buy,1.78e-06,526.0,0.00093628
AST/BTC,1588183244038,2020-04-29T18:00:44.038Z,sell,1.76e-06,9486.0,0.01669536
AST/BTC,1588183267723,2020-04-29T18:01:07.723Z,buy,1.77e-06,523.0,0.0009257099999999
AST/BTC,1588183267723,2020-04-29T18:01:07.723Z,buy,1.78e-06,558.0,0.0009932399999999
AST/BTC,1588183355932,2020-04-29T18:02:35.932Z,sell,1.76e-06,320.0,0.0005632
AST/BTC,1588183381012,2020-04-29T18:03:01.012Z,sell,1.76e-06,427.0,0.00075152
AST/BTC,1588183559930,2020-04-29T18:05:59.930Z,buy,1.78e-06,96.0,0.00017088
AST/BTC,1588184702378,2020-04-29T18:25:02.378Z,buy,1.78e-06,15000.0,0.0266999999999999
AST/BTC,1588184710883,2020-04-29T18:25:10.883Z,buy,1.78e-06,15000.0,0.0266999999999999
AST/BTC,1588184725801,2020-04-29T18:25:25.801Z,buy,1.78e-06,5653.0,0.01006234
AST/BTC,1588184725801,2020-04-29T18:25:25.801Z,buy,1.79e-06,1165.0,0.00208535
AST/BTC,1588184725801,2020-04-29T18:25:25.801Z,buy,1.8e-06,8182.0,0.0147275999999999
AST/BTC,1588184732593,2020-04-29T18:25:32.593Z,buy,1.79e-06,761.0,0.00136219
AST/BTC,1588184732593,2020-04-29T18:25:32.593Z,buy,1.79e-06,761.0,0.00136219
AST/BTC,1588185422873,2020-04-29T18:37:02.873Z,sell,1.78e-06,573.0,0.00101994
AST/BTC,1588186143639,2020-04-29T18:49:03.639Z,sell,1.78e-06,61.0,0.00010858
AST/BTC,1588186143896,2020-04-29T18:49:03.896Z,buy,1.78e-06,1627.0,0.0028960599999999
AST/BTC,1588186192401,2020-04-29T18:49:52.401Z,sell,1.78e-06,373.0,0.00066394
AST/BTC,1588186202421,2020-04-29T18:50:02.421Z,sell,1.77e-06,1147.0,0.00203019
AST/BTC,1588186386239,2020-04-29T18:53:06.239Z,sell,1.77e-06,837.0,0.00148149
AST/BTC,1588186432371,2020-04-29T18:53:52.371Z,buy,1.78e-06,881.0,0.00156818
AST/BTC,1588186462725,2020-04-29T18:54:22.725Z,sell,1.77e-06,881.0,0.00155937
AST/BTC,1588186616909,2020-04-29T18:56:56.909Z,sell,1.77e-06,588.0,0.00104076
AST/BTC,1588187140546,2020-04-29T19:05:40.546Z,buy,1.78e-06,436.0,0.00077608
AST/BTC,1588187482318,2020-04-29T19:11:22.318Z,sell,1.77e-06,7755.0,0.01372635
AST/BTC,1588187966426,2020-04-29T19:19:26.426Z,sell,1.77e-06,18031.0,0.03191487
AST/BTC,1588188282969,2020-04-29T19:24:42.969Z,sell,1.77e-06,7891.0,0.01396707
AST/BTC,1588188282969,2020-04-29T19:24:42.969Z,sell,1.77e-06,7891.0,0.01396707
AST/BTC,1588188855646,2020-04-29T19:34:15.646Z,buy,1.78e-06,1404.0,0.0024991199999999
AST/BTC,1588188914554,2020-04-29T19:35:14.554Z,buy,1.78e-06,81.0,0.00014418
AST/BTC,1588189002990,2020-04-29T19:36:42.990Z,sell,1.77e-06,19701.0,0.03487077
AST/BTC,1588189002990,2020-04-29T19:36:42.990Z,sell,1.76e-06,21002.0,0.03696352
AST/BTC,1588189218033,2020-04-29T19:40:18.033Z,buy,1.77e-06,523.0,0.0009257099999999
AST/BTC,1588189218033,2020-04-29T19:40:18.033Z,buy,1.78e-06,877.0,0.00156106
AST/BTC,1588189543704,2020-04-29T19:45:43.704Z,buy,1.78e-06,1404.0,0.0024991199999999
AST/BTC,1588190097371,2020-04-29T19:54:57.371Z,sell,1.76e-06,750.0,0.00132
AST/BTC,1588190264485,2020-04-29T19:57:44.485Z,sell,1.76e-06,4355.0,0.0076648
AST/BTC,1588190564668,2020-04-29T20:02:44.668Z,sell,1.77e-06,968.0,0.00171336
AST/BTC,1588190564668,2020-04-29T20:02:44.668Z,sell,1.76e-06,6413.0,0.01128688
AST/BTC,1588190654497,2020-04-29T20:04:14.497Z,sell,1.76e-06,2193.0,0.00385968
AST/BTC,1588191527537,2020-04-29T20:18:47.537Z,sell,1.76e-06,595.0,0.0010472
AST/BTC,1588191552225,2020-04-29T20:19:12.225Z,sell,1.76e-06,3005.0,0.0052888
AST/BTC,1588191552238,2020-04-29T20:19:12.238Z,sell,1.76e-06,2859.0,0.00503184
AST/BTC,1588191552297,2020-04-29T20:19:12.297Z,sell,1.76e-06,69.0,0.00012144
AST/BTC,1588191552848,2020-04-29T20:19:12.848Z,sell,1.76e-06,657.0,0.00115632
AST/BTC,1588191557463,2020-04-29T20:19:17.463Z,sell,1.76e-06,2000.0,0.00352
AST/BTC,1588191560968,2020-04-29T20:19:20.968Z,sell,1.76e-06,2382.0,0.00419232
AST/BTC,1588191561001,2020-04-29T20:19:21.001Z,sell,1.76e-06,490.0,0.0008624
AST/BTC,1588191587867,2020-04-29T20:19:47.867Z,sell,1.75e-06,5841.0,0.01022175
AST/BTC,1588191588133,2020-04-29T20:19:48.133Z,sell,1.75e-06,3096.0,0.005418
AST/BTC,1588191588651,2020-04-29T20:19:48.651Z,sell,1.75e-06,11387.0,0.01992725
AST/BTC,1588191590305,2020-04-29T20:19:50.305Z,sell,1.75e-06,5388.0,0.009429
AST/BTC,1588191590842,2020-04-29T20:19:50.842Z,sell,1.75e-06,5178.0,0.0090615
AST/BTC,1588191592182,2020-04-29T20:19:52.182Z,sell,1.75e-06,1814.0,0.0031745
AST/BTC,1588191592182,2020-04-29T20:19:52.182Z,sell,1.75e-06,1814.0,0.0031745
AST/BTC,1588191921134,2020-04-29T20:25:21.134Z,buy,1.76e-06,254.0,0.00044704
AST/BTC,1588191921319,2020-04-29T20:25:21.319Z,sell,1.76e-06,144.0,0.00025344
AST/BTC,1588191921319,2020-04-29T20:25:21.319Z,sell,1.75e-06,504.0,0.000882
AST/BTC,1588191921480,2020-04-29T20:25:21.480Z,sell,1.76e-06,10000.0,0.0176
AST/BTC,1588191922852,2020-04-29T20:25:22.852Z,sell,1.75e-06,792.0,0.001386
AST/BTC,1588191924080,2020-04-29T20:25:24.080Z,sell,1.75e-06,1051.0,0.00183925
AST/BTC,1588191925975,2020-04-29T20:25:25.975Z,sell,1.76e-06,3053.0,0.00537328
AST/BTC,1588192476920,2020-04-29T20:34:36.920Z,buy,1.76e-06,58.0,0.00010208
AST/BTC,1588192514700,2020-04-29T20:35:14.700Z,sell,1.76e-06,6996.0,0.01231296
AST/BTC,1588192937218,2020-04-29T20:42:17.218Z,sell,1.75e-06,5000.0,0.0087499999999999
AST/BTC,1588193034450,2020-04-29T20:43:54.450Z,sell,1.75e-06,6816.0,0.011928
AST/BTC,1588193063929,2020-04-29T20:44:23.929Z,sell,1.75e-06,2000.0,0.0035
AST/BTC,1588193064053,2020-04-29T20:44:24.053Z,sell,1.75e-06,2566.0,0.0044905
AST/BTC,1588193190803,2020-04-29T20:46:30.803Z,sell,1.75e-06,10000.0,0.0174999999999999
AST/BTC,1588193429601,2020-04-29T20:50:29.601Z,sell,1.75e-06,8364.0,0.0146369999999999
AST/BTC,1588193698742,2020-04-29T20:54:58.742Z,sell,1.74e-06,15942.0,0.02773908
AST/BTC,1588193698742,2020-04-29T20:54:58.742Z,sell,1.74e-06,529.0,0.00092046
AST/BTC,1588193703052,2020-04-29T20:55:03.052Z,sell,1.74e-06,996.0,0.00173304
AST/BTC,1588193725475,2020-04-29T20:55:25.475Z,sell,1.74e-06,11956.0,0.02080344
AST/BTC,1588193764654,2020-04-29T20:56:04.654Z,sell,1.74e-06,58.0,0.00010092
AST/BTC,1588194029074,2020-04-29T21:00:29.074Z,sell,1.73e-06,3324.0,0.0057505199999999
AST/BTC,1588194380461,2020-04-29T21:06:20.461Z,buy,1.74e-06,1200.0,0.002088
AST/BTC,1588194380461,2020-04-29T21:06:20.461Z,buy,1.75e-06,2643.0,0.00462525
AST/BTC,1588194437202,2020-04-29T21:07:17.202Z,buy,1.75e-06,2383.0,0.00417025
AST/BTC,1588194437202,2020-04-29T21:07:17.202Z,buy,1.75e-06,2383.0,0.00417025
AST/BTC,1588195523051,2020-04-29T21:25:23.051Z,sell,1.73e-06,4841.0,0.00837493
AST/BTC,1588195525738,2020-04-29T21:25:25.738Z,sell,1.73e-06,572.0,0.00098956
AST/BTC,1588195742146,2020-04-29T21:29:02.146Z,sell,1.74e-06,536.0,0.00093264
AST/BTC,1588195826341,2020-04-29T21:30:26.341Z,sell,1.74e-06,100.0,0.000174
AST/BTC,1588196741113,2020-04-29T21:45:41.113Z,sell,1.74e-06,17241.0,0.02999934
AST/BTC,1588196868298,2020-04-29T21:47:48.298Z,buy,1.74e-06,1700.0,0.002958
AST/BTC,1588196914868,2020-04-29T21:48:34.868Z,sell,1.73e-06,19794.0,0.03424362
AST/BTC,1588196914868,2020-04-29T21:48:34.868Z,sell,1.72e-06,30008.0,0.05161376
AST/BTC,1588196914868,2020-04-29T21:48:34.868Z,sell,1.71e-06,255792.0,0.4374043199999999
AST/BTC,1588196914868,2020-04-29T21:48:34.868Z,sell,1.71e-06,6362.0,0.01087902
AST/BTC,1588196914868,2020-04-29T21:48:34.868Z,sell,1.71e-06,2107.0,0.00360297
AST/BTC,1588196918036,2020-04-29T21:48:38.036Z,buy,1.72e-06,401.0,0.00068972
AST/BTC,1588196987206,2020-04-29T21:49:47.206Z,sell,1.71e-06,184199.0,0.31498029
AST/BTC,1588196987216,2020-04-29T21:49:47.216Z,buy,1.71e-06,2216.0,0.00378936
AST/BTC,1588196987224,2020-04-29T21:49:47.224Z,buy,1.71e-06,17178.0,0.02937438
AST/BTC,1588197001247,2020-04-29T21:50:01.247Z,buy,1.72e-06,1180.0,0.0020296
AST/BTC,1588197002258,2020-04-29T21:50:02.258Z,sell,1.71e-06,32372.0,0.0553561199999999
AST/BTC,1588197029768,2020-04-29T21:50:29.768Z,buy,1.72e-06,120.0,0.0002064
AST/BTC,1588197186826,2020-04-29T21:53:06.826Z,buy,1.73e-06,920.0,0.0015915999999999
AST/BTC,1588197410840,2020-04-29T21:56:50.840Z,sell,1.72e-06,1449.0,0.00249228
AST/BTC,1588197410840,2020-04-29T21:56:50.840Z,sell,1.71e-06,38011.0,0.06499881
AST/BTC,1588197513705,2020-04-29T21:58:33.705Z,sell,1.72e-06,3129.0,0.00538188
AST/BTC,1588198009923,2020-04-29T22:06:49.923Z,buy,1.73e-06,169.0,0.0002923699999999
AST/BTC,1588198010167,2020-04-29T22:06:50.167Z,buy,1.73e-06,1000.0,0.00173
AST/BTC,1588198010173,2020-04-29T22:06:50.173Z,buy,1.73e-06,1000.0,0.00173
AST/BTC,1588198010179,2020-04-29T22:06:50.179Z,buy,1.73e-06,1000.0,0.00173
AST/BTC,1588198010183,2020-04-29T22:06:50.183Z,buy,1.73e-06,1000.0,0.00173
AST/BTC,1588198022694,2020-04-29T22:07:02.694Z,buy,1.73e-06,39593.0,0.06849589
AST/BTC,1588198022694,2020-04-29T22:07:02.694Z,buy,1.73e-06,39593.0,0.06849589
AST/BTC,1588198084846,2020-04-29T22:08:04.846Z,sell,1.72e-06,142.0,0.00024424
AST/BTC,1588198170093,2020-04-29T22:09:30.093Z,buy,1.73e-06,7930.0,0.0137189
AST/BTC,1588198226026,2020-04-29T22:10:26.026Z,buy,1.74e-06,24851.0,0.04324074
AST/BTC,1588198229350,2020-04-29T22:10:29.350Z,buy,1.74e-06,146613.0,0.25510662
AST/BTC,1588198291844,2020-04-29T22:11:31.844Z,buy,1.75e-06,30591.0,0.05353425
AST/BTC,1588198294213,2020-04-29T22:11:34.213Z,buy,1.75e-06,571.0,0.00099925
AST/BTC,1588198296273,2020-04-29T22:11:36.273Z,buy,1.75e-06,571.0,0.00099925
AST/BTC,1588198804814,2020-04-29T22:20:04.814Z,buy,1.75e-06,100.0,0.000175
AST/BTC,1588198922909,2020-04-29T22:22:02.909Z,sell,1.74e-06,199.0,0.00034626
AST/BTC,1588199155577,2020-04-29T22:25:55.577Z,buy,1.75e-06,21.0,3.675e-05
AST/BTC,1588199284623,2020-04-29T22:28:04.623Z,sell,1.73e-06,512.0,0.00088576
AST/BTC,1588199461444,2020-04-29T22:31:01.444Z,buy,1.74e-06,21.0,3.654e-05
AST/BTC,1588199466736,2020-04-29T22:31:06.736Z,buy,1.74e-06,19.0,3.306e-05
AST/BTC,1588199720395,2020-04-29T22:35:20.395Z,buy,1.74e-06,92.0,0.00016008
AST/BTC,1588199823573,2020-04-29T22:37:03.573Z,sell,1.73e-06,5780.0,0.0099994
AST/BTC,1588199823707,2020-04-29T22:37:03.707Z,sell,1.73e-06,66.0,0.00011418
AST/BTC,1588200499072,2020-04-29T22:48:19.072Z,buy,1.74e-06,20.0,3.48e-05
AST/BTC,1588200897017,2020-04-29T22:54:57.017Z,sell,1.73e-06,228.0,0.0003944399999999
AST/BTC,1588201241262,2020-04-29T23:00:41.262Z,sell,1.73e-06,34402.0,0.05951546
AST/BTC,1588201241262,2020-04-29T23:00:41.262Z,sell,1.73e-06,34402.0,0.05951546
AST/BTC,1588201680457,2020-04-29T23:08:00.457Z,sell,1.73e-06,3802.0,0.00657746
AST/BTC,1588202131901,2020-04-29T23:15:31.901Z,sell,1.73e-06,436.0,0.00075428
AST/BTC,1588202612838,2020-04-29T23:23:32.838Z,sell,1.73e-06,1129.0,0.0019531699999999
AST/BTC,1588202694922,2020-04-29T23:24:54.922Z,buy,1.74e-06,2221.0,0.00386454
AST/BTC,1588202695185,2020-04-29T23:24:55.185Z,buy,1.74e-06,144.0,0.00025056
AST/BTC,1588202708024,2020-04-29T23:25:08.024Z,sell,1.74e-06,58.0,0.00010092
AST/BTC,1588204474652,2020-04-29T23:54:34.652Z,sell,1.74e-06,1798.0,0.00312852
AST/BTC,1588204474652,2020-04-29T23:54:34.652Z,sell,1.73e-06,242.0,0.00041866
AST/BTC,1588204479350,2020-04-29T23:54:39.350Z,sell,1.73e-06,2000.0,0.00346
AST/BTC,1588204479350,2020-04-29T23:54:39.350Z,sell,1.73e-06,2000.0,0.00346
AST/BTC,1588204928495,2020-04-30T00:02:08.495Z,buy,1.75e-06,3179.0,0.00556325
AST/BTC,1588204931554,2020-04-30T00:02:11.554Z,buy,1.75e-06,867.0,0.00151725
AST/BTC,1588204932932,2020-04-30T00:02:12.932Z,buy,1.75e-06,1429.0,0.00250075
AST/BTC,1588204935149,2020-04-30T00:02:15.149Z,sell,1.74e-06,216.0,0.00037584
AST/BTC,1588204935149,2020-04-30T00:02:15.149Z,sell,1.73e-06,2753.0,0.00476269
AST/BTC,1588204948438,2020-04-30T00:02:28.438Z,buy,1.75e-06,867.0,0.00151725
AST/BTC,1588204953323,2020-04-30T00:02:33.323Z,buy,1.75e-06,628.0,0.001099
AST/BTC,1588204986809,2020-04-30T00:03:06.809Z,buy,1.75e-06,1063.0,0.00186025
AST/BTC,1588205011371,2020-04-30T00:03:31.371Z,buy,1.75e-06,583.0,0.0010202499999999
AST/BTC,1588205022770,2020-04-30T00:03:42.770Z,buy,1.75e-06,215.0,0.00037625
AST/BTC,1588205032780,2020-04-30T00:03:52.780Z,buy,1.75e-06,58.0,0.0001015
AST/BTC,1588205034430,2020-04-30T00:03:54.430Z,buy,1.75e-06,572.0,0.001001
AST/BTC,1588205043303,2020-04-30T00:04:03.303Z,buy,1.75e-06,58.0,0.0001015
AST/BTC,1588205051631,2020-04-30T00:04:11.631Z,buy,1.75e-06,286.0,0.0005005
AST/BTC,1588205054638,2020-04-30T00:04:14.638Z,buy,1.75e-06,286.0,0.0005005
AST/BTC,1588206600955,2020-04-30T00:30:00.955Z,buy,1.75e-06,274.0,0.0004795
AST/BTC,1588207029620,2020-04-30T00:37:09.620Z,sell,1.75e-06,5714.0,0.0099995
AST/BTC,1588207248722,2020-04-30T00:40:48.722Z,sell,1.75e-06,224.0,0.000392
AST/BTC,1588207248722,2020-04-30T00:40:48.722Z,sell,1.75e-06,224.0,0.000392
AST/BTC,1588208831113,2020-04-30T01:07:11.113Z,buy,1.76e-06,101.0,0.00017776
AST/BTC,1588209923379,2020-04-30T01:25:23.379Z,sell,1.74e-06,22136.0,0.03851664
AST/BTC,1588210086021,2020-04-30T01:28:06.021Z,buy,1.74e-06,1828.0,0.00318072
AST/BTC,1588210087489,2020-04-30T01:28:07.489Z,buy,1.74e-06,1439.0,0.00250386
AST/BTC,1588210240130,2020-04-30T01:30:40.130Z,sell,1.74e-06,3916.0,0.00681384
AST/BTC,1588210240130,2020-04-30T01:30:40.130Z,sell,1.74e-06,3916.0,0.00681384
AST/BTC,1588211947084,2020-04-30T01:59:07.084Z,buy,1.75e-06,234.0,0.0004095
AST/BTC,1588211947084,2020-04-30T01:59:07.084Z,buy,1.76e-06,1194.0,0.00210144
AST/BTC,1588212272296,2020-04-30T02:04:32.296Z,sell,1.75e-06,269.0,0.00047075
AST/BTC,1588212752354,2020-04-30T02:12:32.354Z,sell,1.74e-06,182.0,0.00031668
AST/BTC,1588212830221,2020-04-30T02:13:50.221Z,sell,1.74e-06,622.0,0.00108228
AST/BTC,1588212848011,2020-04-30T02:14:08.011Z,buy,1.74e-06,58.0,0.00010092
AST/BTC,1588212932504,2020-04-30T02:15:32.504Z,buy,1.74e-06,897.0,0.00156078
AST/BTC,1588212932504,2020-04-30T02:15:32.504Z,buy,1.74e-06,897.0,0.00156078
AST/BTC,1588215226780,2020-04-30T02:53:46.780Z,sell,1.74e-06,7500.0,0.01305
AST/BTC,1588215439053,2020-04-30T02:57:19.053Z,sell,1.74e-06,1681.0,0.00292494
AST/BTC,1588216442047,2020-04-30T03:14:02.047Z,buy,1.74e-06,811.0,0.00141114
AST/BTC,1588216442047,2020-04-30T03:14:02.047Z,buy,1.75e-06,64189.0,0.11233075
AST/BTC,1588216442047,2020-04-30T03:14:02.047Z,buy,1.74e-06,811.0,0.00141114
AST/BTC,1588216442047,2020-04-30T03:14:02.047Z,buy,1.75e-06,64189.0,0.11233075
AST/BTC,1588216803946,2020-04-30T03:20:03.946Z,sell,1.74e-06,263.0,0.00045762
AST/BTC,1588217264512,2020-04-30T03:27:44.512Z,sell,1.74e-06,7682.0,0.01336668
AST/BTC,1588217545983,2020-04-30T03:32:25.983Z,sell,1.74e-06,4995.0,0.0086913
AST/BTC,1588217712496,2020-04-30T03:35:12.496Z,sell,1.74e-06,81.0,0.00014094
AST/BTC,1588217712742,2020-04-30T03:35:12.742Z,sell,1.74e-06,12077.0,0.02101398
AST/BTC,1588217729397,2020-04-30T03:35:29.397Z,sell,1.73e-06,2826.0,0.00488898
AST/BTC,1588217736205,2020-04-30T03:35:36.205Z,sell,1.73e-06,2911.0,0.0050360299999999
AST/BTC,1588217751025,2020-04-30T03:35:51.025Z,sell,1.73e-06,4061.0,0.0070255299999999
AST/BTC,1588217895092,2020-04-30T03:38:15.092Z,sell,1.73e-06,510.0,0.0008822999999999
AST/BTC,1588217895092,2020-04-30T03:38:15.092Z,sell,1.72e-06,1375.0,0.002365
AST/BTC,1588217899545,2020-04-30T03:38:19.545Z,buy,1.72e-06,22925.0,0.039431
AST/BTC,1588217909518,2020-04-30T03:38:29.518Z,sell,1.71e-06,2874.0,0.00491454
AST/BTC,1588217944911,2020-04-30T03:39:04.911Z,sell,1.71e-06,16821.0,0.02876391
AST/BTC,1588217944911,2020-04-30T03:39:04.911Z,sell,1.7e-06,5875.0,0.0099875
AST/BTC,1588217944911,2020-04-30T03:39:04.911Z,sell,1.7e-06,574.0,0.0009758
AST/BTC,1588217944911,2020-04-30T03:39:04.911Z,sell,1.7e-06,1000.0,0.0017
AST/BTC,1588217944911,2020-04-30T03:39:04.911Z,sell,1.7e-06,52395.0,0.0890715
AST/BTC,1588217944911,2020-04-30T03:39:04.911Z,sell,1.69e-06,6995.0,0.01182155
AST/BTC,1588217944926,2020-04-30T03:39:04.926Z,buy,1.7e-06,3787.0,0.0064379
AST/BTC,1588217944927,2020-04-30T03:39:04.927Z,buy,1.7e-06,3307.0,0.0056219
AST/BTC,1588217945028,2020-04-30T03:39:05.028Z,buy,1.7e-06,317.0,0.0005389
AST/BTC,1588217946819,2020-04-30T03:39:06.819Z,sell,1.69e-06,30000.0,0.0506999999999999
AST/BTC,1588217952100,2020-04-30T03:39:12.100Z,sell,1.69e-06,572.0,0.0009666799999999
AST/BTC,1588217956197,2020-04-30T03:39:16.197Z,sell,1.69e-06,2338.0,0.00395122
AST/BTC,1588217966996,2020-04-30T03:39:26.996Z,sell,1.69e-06,594.0,0.0010038599999999
AST/BTC,1588217993259,2020-04-30T03:39:53.259Z,buy,1.7e-06,5045.0,0.0085765
AST/BTC,1588218008038,2020-04-30T03:40:08.038Z,buy,1.7e-06,59.0,0.0001003
AST/BTC,1588218196656,2020-04-30T03:43:16.656Z,buy,1.7e-06,323.0,0.0005491
AST/BTC,1588218239038,2020-04-30T03:43:59.038Z,buy,1.7e-06,3106.0,0.0052802
AST/BTC,1588218300747,2020-04-30T03:45:00.747Z,buy,1.7e-06,18409.0,0.0312953
AST/BTC,1588218652413,2020-04-30T03:50:52.413Z,sell,1.69e-06,4040.0,0.0068276
AST/BTC,1588218707767,2020-04-30T03:51:47.767Z,sell,1.69e-06,1523.0,0.00257387
AST/BTC,1588218781204,2020-04-30T03:53:01.204Z,sell,1.69e-06,5373.0,0.0090803699999999
AST/BTC,1588218781204,2020-04-30T03:53:01.204Z,sell,1.68e-06,13017.0,0.02186856
AST/BTC,1588218786654,2020-04-30T03:53:06.654Z,sell,1.68e-06,51343.0,0.08625624
AST/BTC,1588218791384,2020-04-30T03:53:11.384Z,sell,1.68e-06,592.0,0.00099456
AST/BTC,1588218900318,2020-04-30T03:55:00.318Z,sell,1.68e-06,499.0,0.00083832
AST/BTC,1588218967609,2020-04-30T03:56:07.609Z,sell,1.68e-06,17552.0,0.02948736
AST/BTC,1588219173823,2020-04-30T03:59:33.823Z,sell,1.68e-06,27789.0,0.04668552
AST/BTC,1588219173823,2020-04-30T03:59:33.823Z,sell,1.67e-06,447.0,0.00074649
AST/BTC,1588219173823,2020-04-30T03:59:33.823Z,sell,1.67e-06,549.0,0.00091683
AST/BTC,1588219181320,2020-04-30T03:59:41.320Z,sell,1.67e-06,7522.0,0.01256174
AST/BTC,1588219186540,2020-04-30T03:59:46.540Z,sell,1.67e-06,6758.0,0.01128586
AST/BTC,1588219197595,2020-04-30T03:59:57.595Z,buy,1.69e-06,1183.0,0.00199927
AST/BTC,1588219200811,2020-04-30T04:00:00.811Z,sell,1.67e-06,16096.0,0.02688032
AST/BTC,1588219200811,2020-04-30T04:00:00.811Z,sell,1.66e-06,12885.0,0.0213891
AST/BTC,1588219200811,2020-04-30T04:00:00.811Z,sell,1.65e-06,64093.0,0.10575345
AST/BTC,1588219200811,2020-04-30T04:00:00.811Z,sell,1.64e-06,790.0,0.0012956
AST/BTC,1588219200811,2020-04-30T04:00:00.811Z,sell,1.64e-06,1107.0,0.00181548
AST/BTC,1588219200811,2020-04-30T04:00:00.811Z,sell,1.64e-06,15385.0,0.0252314
AST/BTC,1588219200811,2020-04-30T04:00:00.811Z,sell,1.64e-06,529.0,0.00086756
AST/BTC,1588219200811,2020-04-30T04:00:00.811Z,sell,1.64e-06,14257.0,0.02338148
AST/BTC,1588219200811,2020-04-30T04:00:00.811Z,sell,1.63e-06,1731.0,0.00282153
AST/BTC,1588219200832,2020-04-30T04:00:00.832Z,buy,1.63e-06,7691.0,0.01253633
AST/BTC,1588219200836,2020-04-30T04:00:00.836Z,buy,1.63e-06,7475.0,0.01218425
AST/BTC,1588219202580,2020-04-30T04:00:02.580Z,sell,1.62e-06,433.0,0.00070146
AST/BTC,1588219202985,2020-04-30T04:00:02.985Z,buy,1.63e-06,100.0,0.000163
AST/BTC,1588219204663,2020-04-30T04:00:04.663Z,buy,1.63e-06,62.0,0.00010106
AST/BTC,1588219206104,2020-04-30T04:00:06.104Z,buy,1.63e-06,709.0,0.00115567
AST/BTC,1588219206658,2020-04-30T04:00:06.658Z,buy,1.63e-06,1605.0,0.00261615
AST/BTC,1588219206667,2020-04-30T04:00:06.667Z,buy,1.63e-06,1907.0,0.00310841
AST/BTC,1588219206683,2020-04-30T04:00:06.683Z,buy,1.63e-06,1251.0,0.00203913
AST/BTC,1588219206831,2020-04-30T04:00:06.831Z,buy,1.63e-06,1125.0,0.00183375
AST/BTC,1588219206840,2020-04-30T04:00:06.840Z,buy,1.63e-06,1408.0,0.00229504
AST/BTC,1588219206844,2020-04-30T04:00:06.844Z,buy,1.63e-06,1299.0,0.00211737
AST/BTC,1588219206858,2020-04-30T04:00:06.858Z,buy,1.63e-06,5166.0,0.00842058
AST/BTC,1588219206859,2020-04-30T04:00:06.859Z,buy,1.63e-06,1706.0,0.00278078
AST/BTC,1588219206860,2020-04-30T04:00:06.860Z,buy,1.63e-06,7727.0,0.01259501
AST/BTC,1588219206863,2020-04-30T04:00:06.863Z,buy,1.63e-06,5166.0,0.00842058
AST/BTC,1588219206869,2020-04-30T04:00:06.869Z,buy,1.63e-06,1066.0,0.00173758
AST/BTC,1588219206869,2020-04-30T04:00:06.869Z,buy,1.63e-06,957.0,0.00155991
AST/BTC,1588219206869,2020-04-30T04:00:06.869Z,buy,1.63e-06,1265.0,0.00206195
AST/BTC,1588219206879,2020-04-30T04:00:06.879Z,buy,1.63e-06,25830.0,0.0421029
AST/BTC,1588219206904,2020-04-30T04:00:06.904Z,buy,1.63e-06,228.0,0.00037164
AST/BTC,1588219206904,2020-04-30T04:00:06.904Z,buy,1.63e-06,3622.0,0.00590386
AST/BTC,1588219206907,2020-04-30T04:00:06.907Z,buy,1.63e-06,3209.0,0.00523067
AST/BTC,1588219206911,2020-04-30T04:00:06.911Z,buy,1.63e-06,2090.0,0.0034067
AST/BTC,1588219206911,2020-04-30T04:00:06.911Z,buy,1.63e-06,2275.0,0.00370825
AST/BTC,1588219206911,2020-04-30T04:00:06.911Z,buy,1.63e-06,5166.0,0.00842058
AST/BTC,1588219206926,2020-04-30T04:00:06.926Z,buy,1.63e-06,1954.0,0.00318502
AST/BTC,1588219206926,2020-04-30T04:00:06.926Z,buy,1.63e-06,5166.0,0.00842058
AST/BTC,1588219206930,2020-04-30T04:00:06.930Z,buy,1.63e-06,1022.0,0.00166586
AST/BTC,1588219206942,2020-04-30T04:00:06.942Z,buy,1.63e-06,21604.0,0.03521452
AST/BTC,1588219206948,2020-04-30T04:00:06.948Z,buy,1.63e-06,2004.0,0.00326652
AST/BTC,1588219206949,2020-04-30T04:00:06.949Z,buy,1.63e-06,2070.0,0.0033741
AST/BTC,1588219206951,2020-04-30T04:00:06.951Z,buy,1.63e-06,1213.0,0.00197719
AST/BTC,1588219206955,2020-04-30T04:00:06.955Z,buy,1.63e-06,3345.0,0.00545235
AST/BTC,1588219206956,2020-04-30T04:00:06.956Z,buy,1.63e-06,5166.0,0.00842058
AST/BTC,1588219206957,2020-04-30T04:00:06.957Z,buy,1.63e-06,1049.0,0.00170987
AST/BTC,1588219208117,2020-04-30T04:00:08.117Z,sell,1.63e-06,10000.0,0.0163
AST/BTC,1588219208320,2020-04-30T04:00:08.320Z,sell,1.63e-06,7468.0,0.01217284
AST/BTC,1588219208357,2020-04-30T04:00:08.357Z,sell,1.63e-06,10000.0,0.0163
AST/BTC,1588219208873,2020-04-30T04:00:08.873Z,buy,1.64e-06,2562.0,0.00420168
AST/BTC,1588219208873,2020-04-30T04:00:08.873Z,buy,1.65e-06,12019.0,0.01983135
AST/BTC,1588219209229,2020-04-30T04:00:09.229Z,sell,1.64e-06,3983.0,0.00653212
AST/BTC,1588219209229,2020-04-30T04:00:09.229Z,sell,1.63e-06,14761.0,0.02406043
AST/BTC,1588219212695,2020-04-30T04:00:12.695Z,sell,1.64e-06,988.0,0.00162032
AST/BTC,1588219212974,2020-04-30T04:00:12.974Z,sell,1.64e-06,607.0,0.00099548
AST/BTC,1588219217276,2020-04-30T04:00:17.276Z,buy,1.65e-06,1191.0,0.00196515
AST/BTC,1588219217580,2020-04-30T04:00:17.580Z,sell,1.64e-06,151.0,0.00024764
AST/BTC,1588219217580,2020-04-30T04:00:17.580Z,sell,1.63e-06,825.0,0.00134475
AST/BTC,1588219230176,2020-04-30T04:00:30.176Z,buy,1.65e-06,3327.0,0.00548955
AST/BTC,1588219232086,2020-04-30T04:00:32.086Z,buy,1.65e-06,249.0,0.00041085
AST/BTC,1588219233514,2020-04-30T04:00:33.514Z,buy,1.65e-06,2236.0,0.0036894
AST/BTC,1588219250983,2020-04-30T04:00:50.983Z,buy,1.65e-06,1553.0,0.00256245
AST/BTC,1588219256567,2020-04-30T04:00:56.567Z,buy,1.65e-06,4856.0,0.0080124
AST/BTC,1588219257682,2020-04-30T04:00:57.682Z,buy,1.65e-06,18072.0,0.0298188
AST/BTC,1588219259202,2020-04-30T04:00:59.202Z,sell,1.64e-06,805.0,0.0013201999999999
AST/BTC,1588219354138,2020-04-30T04:02:34.138Z,buy,1.65e-06,17693.0,0.02919345
AST/BTC,1588219457895,2020-04-30T04:04:17.895Z,buy,1.66e-06,7125.0,0.0118275
AST/BTC,1588219526520,2020-04-30T04:05:26.520Z,buy,1.66e-06,1156.0,0.00191896
AST/BTC,1588219526520,2020-04-30T04:05:26.520Z,buy,1.67e-06,37330.0,0.0623411
AST/BTC,1588219529741,2020-04-30T04:05:29.741Z,buy,1.67e-06,9760.0,0.0162992
AST/BTC,1588219741120,2020-04-30T04:09:01.120Z,sell,1.66e-06,899.0,0.00149234
AST/BTC,1588219761973,2020-04-30T04:09:21.973Z,buy,1.66e-06,3217.0,0.00534022
AST/BTC,1588220006491,2020-04-30T04:13:26.491Z,sell,1.66e-06,2577.0,0.00427782
