symbol,timestamp,datetime,side,price,amount,btc_volume
BCD/BTC,1572454829821,2019-10-30T17:00:29.821Z,buy,5.529e-05,2.0,0.00011058
BCD/BTC,1572454831004,2019-10-30T17:00:31.004Z,sell,5.52e-05,227.0,0.0125304
BCD/BTC,1572454924118,2019-10-30T17:02:04.118Z,sell,5.52e-05,14.0,0.0007728
BCD/BTC,1572455588144,2019-10-30T17:13:08.144Z,sell,5.52e-05,7.0,0.0003864
BCD/BTC,1572455588512,2019-10-30T17:13:08.512Z,buy,5.521e-05,522.0,0.02881962
BCD/BTC,1572455593428,2019-10-30T17:13:13.428Z,buy,5.521e-05,48.0,0.00265008
BCD/BTC,1572455593428,2019-10-30T17:13:13.428Z,buy,5.528e-05,12.0,0.00066336
BCD/BTC,1572455593428,2019-10-30T17:13:13.428Z,buy,5.529e-05,75.0,0.00414675
BCD/BTC,1572455596592,2019-10-30T17:13:16.592Z,buy,5.532e-05,483.0,0.02671956
BCD/BTC,1572455596592,2019-10-30T17:13:16.592Z,buy,5.534e-05,3.0,0.00016602
BCD/BTC,1572455599679,2019-10-30T17:13:19.679Z,buy,5.537e-05,17.0,0.00094129
BCD/BTC,1572455599679,2019-10-30T17:13:19.679Z,buy,5.538e-05,233.0,0.01290354
BCD/BTC,1572456273972,2019-10-30T17:24:33.972Z,sell,5.525e-05,72.0,0.003978
BCD/BTC,1572456336261,2019-10-30T17:25:36.261Z,sell,5.526e-05,83.0,0.00458658
BCD/BTC,1572457368379,2019-10-30T17:42:48.379Z,buy,5.537e-05,4.0,0.00022148
BCD/BTC,1572457368379,2019-10-30T17:42:48.379Z,buy,5.537e-05,4.0,0.00022148
BCD/BTC,1572458402838,2019-10-30T18:00:02.838Z,buy,5.537e-05,2.0,0.00011074
BCD/BTC,1572458402838,2019-10-30T18:00:02.838Z,buy,5.539e-05,17.0,0.00094163
BCD/BTC,1572458602066,2019-10-30T18:03:22.066Z,sell,5.537e-05,30.0,0.0016611
BCD/BTC,1572458603241,2019-10-30T18:03:23.241Z,sell,5.537e-05,9.0,0.00049833
BCD/BTC,1572458626914,2019-10-30T18:03:46.914Z,sell,5.538e-05,210.0,0.0116298
BCD/BTC,1572458627432,2019-10-30T18:03:47.432Z,buy,5.538e-05,390.0,0.0215982
BCD/BTC,1572459131660,2019-10-30T18:12:11.660Z,sell,5.538e-05,342.0,0.01893996
BCD/BTC,1572459131686,2019-10-30T18:12:11.686Z,sell,5.538e-05,288.0,0.01594944
BCD/BTC,1572459318387,2019-10-30T18:15:18.387Z,buy,5.532e-05,18.0,0.00099576
BCD/BTC,1572459321764,2019-10-30T18:15:21.764Z,buy,5.532e-05,74.0,0.00409368
BCD/BTC,1572459443082,2019-10-30T18:17:23.082Z,sell,5.532e-05,619.0,0.03424308
BCD/BTC,1572459714056,2019-10-30T18:21:54.056Z,buy,5.538e-05,2.0,0.00011076
BCD/BTC,1572459884506,2019-10-30T18:24:44.506Z,sell,5.538e-05,750.0,0.041535
BCD/BTC,1572459959359,2019-10-30T18:25:59.359Z,buy,5.538e-05,5.0,0.0002769
BCD/BTC,1572460036715,2019-10-30T18:27:16.715Z,buy,5.538e-05,40.0,0.0022152
BCD/BTC,1572460333207,2019-10-30T18:32:13.207Z,buy,5.537e-05,9.0,0.00049833
BCD/BTC,1572460333207,2019-10-30T18:32:13.207Z,buy,5.537e-05,9.0,0.00049833
BCD/BTC,1572461513419,2019-10-30T18:51:53.419Z,buy,5.535e-05,4.0,0.0002214
BCD/BTC,1572461856234,2019-10-30T18:57:36.234Z,buy,5.536e-05,361.0,0.01998496
BCD/BTC,1572461856234,2019-10-30T18:57:36.234Z,buy,5.537e-05,189.0,0.01046493
BCD/BTC,1572461856234,2019-10-30T18:57:36.234Z,buy,5.543e-05,5.0,0.00027715
BCD/BTC,1572461856234,2019-10-30T18:57:36.234Z,buy,5.552e-05,39.0,0.00216528
BCD/BTC,1572461856234,2019-10-30T18:57:36.234Z,buy,5.553e-05,41.0,0.00227673
BCD/BTC,1572462159249,2019-10-30T19:02:39.249Z,sell,5.535e-05,4.0,0.0002214
BCD/BTC,1572462159249,2019-10-30T19:02:39.249Z,sell,5.522e-05,42.0,0.00231924
BCD/BTC,1572462159661,2019-10-30T19:02:39.661Z,sell,5.523e-05,319.0,0.0176183699999999
BCD/BTC,1572462159661,2019-10-30T19:02:39.661Z,sell,5.522e-05,10.0,0.0005522
BCD/BTC,1572462160178,2019-10-30T19:02:40.178Z,sell,5.535e-05,99.0,0.00547965
BCD/BTC,1572462165702,2019-10-30T19:02:45.702Z,buy,5.529e-05,3.0,0.00016587
BCD/BTC,1572462192500,2019-10-30T19:03:12.500Z,sell,5.522e-05,27.0,0.00149094
BCD/BTC,1572462420464,2019-10-30T19:07:00.464Z,sell,5.521e-05,72.0,0.00397512
BCD/BTC,1572463088092,2019-10-30T19:18:08.092Z,buy,5.52e-05,2.0,0.0001104
BCD/BTC,1572463090577,2019-10-30T19:18:10.577Z,buy,5.52e-05,18.0,0.0009936
BCD/BTC,1572463288629,2019-10-30T19:21:28.629Z,sell,5.511e-05,12.0,0.00066132
BCD/BTC,1572463288629,2019-10-30T19:21:28.629Z,sell,5.505e-05,13.0,0.00071565
BCD/BTC,1572463290192,2019-10-30T19:21:30.192Z,sell,5.505e-05,25.0,0.00137625
BCD/BTC,1572463291519,2019-10-30T19:21:31.519Z,sell,5.505e-05,3.0,0.00016515
BCD/BTC,1572463291519,2019-10-30T19:21:31.519Z,sell,5.499e-05,22.0,0.00120978
BCD/BTC,1572463293031,2019-10-30T19:21:33.031Z,sell,5.499e-05,2.0,0.00010998
BCD/BTC,1572463293031,2019-10-30T19:21:33.031Z,sell,5.496e-05,17.0,0.00093432
BCD/BTC,1572463293031,2019-10-30T19:21:33.031Z,sell,5.495e-05,5.0,0.00027475
BCD/BTC,1572463293031,2019-10-30T19:21:33.031Z,sell,5.493e-05,1.0,5.493e-05
BCD/BTC,1572463451329,2019-10-30T19:24:11.329Z,sell,5.493e-05,14.0,0.0007690199999999
BCD/BTC,1572463451424,2019-10-30T19:24:11.424Z,buy,5.493e-05,15.0,0.0008239499999999
BCD/BTC,1572463456619,2019-10-30T19:24:16.619Z,buy,5.493e-05,43.0,0.00236199
BCD/BTC,1572463457244,2019-10-30T19:24:17.244Z,buy,5.493e-05,15.0,0.0008239499999999
BCD/BTC,1572463458220,2019-10-30T19:24:18.220Z,buy,5.493e-05,15.0,0.0008239499999999
BCD/BTC,1572463473197,2019-10-30T19:24:33.197Z,buy,5.493e-05,49.0,0.00269157
BCD/BTC,1572463473197,2019-10-30T19:24:33.197Z,buy,5.493e-05,49.0,0.00269157
BCD/BTC,1572464058245,2019-10-30T19:34:18.245Z,buy,5.493e-05,129.0,0.00708597
BCD/BTC,1572464477734,2019-10-30T19:41:17.734Z,buy,5.493e-05,13.0,0.00071409
BCD/BTC,1572464892608,2019-10-30T19:48:12.608Z,buy,5.493e-05,68.0,0.00373524
BCD/BTC,1572464893197,2019-10-30T19:48:13.197Z,buy,5.493e-05,3.0,0.00016479
BCD/BTC,1572464952444,2019-10-30T19:49:12.444Z,sell,5.492e-05,130.0,0.0071396
BCD/BTC,1572465097801,2019-10-30T19:51:37.801Z,sell,5.492e-05,126.0,0.00691992
BCD/BTC,1572465474941,2019-10-30T19:57:54.941Z,buy,5.492e-05,144.0,0.00790848
BCD/BTC,1572465629260,2019-10-30T20:00:29.260Z,buy,5.512e-05,4.0,0.00022048
BCD/BTC,1572465629260,2019-10-30T20:00:29.260Z,buy,5.512e-05,4.0,0.00022048
BCD/BTC,1572467698160,2019-10-30T20:34:58.160Z,buy,5.504e-05,99.0,0.00544896
BCD/BTC,1572467813241,2019-10-30T20:36:53.241Z,buy,5.511e-05,27.0,0.00148797
BCD/BTC,1572468102262,2019-10-30T20:41:42.262Z,buy,5.508e-05,277.0,0.01525716
BCD/BTC,1572468102876,2019-10-30T20:41:42.876Z,buy,5.509e-05,13.0,0.00071617
BCD/BTC,1572468593225,2019-10-30T20:49:53.225Z,buy,5.508e-05,90.0,0.0049572
BCD/BTC,1572468593225,2019-10-30T20:49:53.225Z,buy,5.509e-05,162.0,0.00892458
BCD/BTC,1572468593225,2019-10-30T20:49:53.225Z,buy,5.512e-05,190.0,0.0104728
BCD/BTC,1572468593225,2019-10-30T20:49:53.225Z,buy,5.518e-05,12.0,0.00066216
BCD/BTC,1572468593225,2019-10-30T20:49:53.225Z,buy,5.527e-05,182.0,0.01005914
BCD/BTC,1572468593225,2019-10-30T20:49:53.225Z,buy,5.508e-05,90.0,0.0049572
BCD/BTC,1572468593225,2019-10-30T20:49:53.225Z,buy,5.509e-05,162.0,0.00892458
BCD/BTC,1572468593225,2019-10-30T20:49:53.225Z,buy,5.512e-05,190.0,0.0104728
BCD/BTC,1572468593225,2019-10-30T20:49:53.225Z,buy,5.518e-05,12.0,0.00066216
BCD/BTC,1572468593225,2019-10-30T20:49:53.225Z,buy,5.527e-05,182.0,0.01005914
BCD/BTC,1572469527474,2019-10-30T21:05:27.474Z,sell,5.496e-05,258.0,0.01417968
BCD/BTC,1572470499899,2019-10-30T21:21:39.899Z,buy,5.525e-05,19.0,0.00104975
BCD/BTC,1572470656388,2019-10-30T21:24:16.388Z,buy,5.525e-05,710.0,0.0392275
BCD/BTC,1572470676393,2019-10-30T21:24:36.393Z,sell,5.525e-05,217.0,0.01198925
BCD/BTC,1572470723765,2019-10-30T21:25:23.765Z,buy,5.526e-05,109.0,0.00602334
BCD/BTC,1572471158290,2019-10-30T21:32:38.290Z,sell,5.496e-05,12.0,0.00065952
BCD/BTC,1572471158290,2019-10-30T21:32:38.290Z,sell,5.493e-05,44.0,0.00241692
BCD/BTC,1572471209701,2019-10-30T21:33:29.701Z,sell,5.498e-05,30.0,0.0016493999999999
BCD/BTC,1572471243287,2019-10-30T21:34:03.287Z,sell,5.497e-05,10.0,0.0005497
BCD/BTC,1572471924266,2019-10-30T21:45:24.266Z,buy,5.517e-05,25.0,0.00137925
BCD/BTC,1572472017305,2019-10-30T21:46:57.305Z,sell,5.497e-05,15.0,0.00082455
BCD/BTC,1572472017305,2019-10-30T21:46:57.305Z,sell,5.492e-05,319.0,0.01751948
BCD/BTC,1572472017305,2019-10-30T21:46:57.305Z,sell,5.491e-05,186.0,0.01021326
BCD/BTC,1572472056293,2019-10-30T21:47:36.293Z,buy,5.491e-05,15.0,0.00082365
BCD/BTC,1572472056304,2019-10-30T21:47:36.304Z,buy,5.491e-05,30.0,0.0016473
BCD/BTC,1572472056401,2019-10-30T21:47:36.401Z,buy,5.491e-05,9.0,0.00049419
BCD/BTC,1572472058060,2019-10-30T21:47:38.060Z,buy,5.491e-05,10.0,0.0005491
BCD/BTC,1572472103278,2019-10-30T21:48:23.278Z,buy,5.491e-05,2.0,0.00010982
BCD/BTC,1572472103278,2019-10-30T21:48:23.278Z,buy,5.491e-05,2.0,0.00010982
BCD/BTC,1572472337843,2019-10-30T21:52:17.843Z,buy,5.491e-05,6.0,0.00032946
BCD/BTC,1572472337843,2019-10-30T21:52:17.843Z,buy,5.51e-05,19.0,0.0010469
BCD/BTC,1572472338342,2019-10-30T21:52:18.342Z,buy,5.509e-05,146.0,0.00804314
BCD/BTC,1572472338957,2019-10-30T21:52:18.957Z,buy,5.509e-05,25.0,0.00137725
BCD/BTC,1572472340125,2019-10-30T21:52:20.125Z,buy,5.508e-05,25.0,0.001377
BCD/BTC,1572473128436,2019-10-30T22:05:28.436Z,buy,5.526e-05,244.0,0.01348344
BCD/BTC,1572473128436,2019-10-30T22:05:28.436Z,buy,5.527e-05,256.0,0.01414912
BCD/BTC,1572473128477,2019-10-30T22:05:28.477Z,sell,5.527e-05,246.0,0.01359642
BCD/BTC,1572473182636,2019-10-30T22:06:22.636Z,buy,5.527e-05,10.0,0.0005526999999999
BCD/BTC,1572473371835,2019-10-30T22:09:31.835Z,buy,5.527e-05,2.0,0.00011054
BCD/BTC,1572473408584,2019-10-30T22:10:08.584Z,sell,5.501e-05,77.0,0.00423577
BCD/BTC,1572474384915,2019-10-30T22:26:24.915Z,sell,5.501e-05,32.0,0.00176032
BCD/BTC,1572474725987,2019-10-30T22:32:05.987Z,sell,5.5e-05,129.0,0.007095
BCD/BTC,1572474948193,2019-10-30T22:35:48.193Z,buy,5.501e-05,30.0,0.0016503
BCD/BTC,1572474948297,2019-10-30T22:35:48.297Z,buy,5.501e-05,63.0,0.00346563
BCD/BTC,1572474954991,2019-10-30T22:35:54.991Z,buy,5.501e-05,36.0,0.00198036
BCD/BTC,1572474955079,2019-10-30T22:35:55.079Z,buy,5.501e-05,9.0,0.00049509
BCD/BTC,1572474956233,2019-10-30T22:35:56.233Z,buy,5.501e-05,31.0,0.0017053099999999
BCD/BTC,1572474956333,2019-10-30T22:35:56.333Z,buy,5.501e-05,9.0,0.00049509
BCD/BTC,1572475109412,2019-10-30T22:38:29.412Z,buy,5.501e-05,8.0,0.00044008
BCD/BTC,1572475109412,2019-10-30T22:38:29.412Z,buy,5.508e-05,2.0,0.00011016
BCD/BTC,1572475109421,2019-10-30T22:38:29.421Z,buy,5.508e-05,14.0,0.00077112
BCD/BTC,1572475109421,2019-10-30T22:38:29.421Z,buy,5.509e-05,226.0,0.01245034
BCD/BTC,1572475110467,2019-10-30T22:38:30.467Z,buy,5.509e-05,315.0,0.01735335
BCD/BTC,1572475110566,2019-10-30T22:38:30.566Z,buy,5.509e-05,79.0,0.00435211
BCD/BTC,1572475113164,2019-10-30T22:38:33.164Z,buy,5.509e-05,52.0,0.00286468
BCD/BTC,1572475113173,2019-10-30T22:38:33.173Z,buy,5.509e-05,20.0,0.0011018
BCD/BTC,1572475134202,2019-10-30T22:38:54.202Z,buy,5.525e-05,34.0,0.0018785
BCD/BTC,1572475400574,2019-10-30T22:43:20.574Z,buy,5.517e-05,2.0,0.00011034
BCD/BTC,1572475400574,2019-10-30T22:43:20.574Z,buy,5.525e-05,7.0,0.00038675
BCD/BTC,1572475450477,2019-10-30T22:44:10.477Z,sell,5.501e-05,51.0,0.0028055099999999
BCD/BTC,1572475450477,2019-10-30T22:44:10.477Z,sell,5.501e-05,51.0,0.0028055099999999
BCD/BTC,1572475951282,2019-10-30T22:52:31.282Z,sell,5.502e-05,51.0,0.0028060199999999
BCD/BTC,1572475971007,2019-10-30T22:52:51.007Z,buy,5.52e-05,8.0,0.0004416
BCD/BTC,1572475971007,2019-10-30T22:52:51.007Z,buy,5.521e-05,51.0,0.00281571
BCD/BTC,1572475971007,2019-10-30T22:52:51.007Z,buy,5.522e-05,71.0,0.00392062
BCD/BTC,1572475971007,2019-10-30T22:52:51.007Z,buy,5.523e-05,181.0,0.00999663
BCD/BTC,1572475971007,2019-10-30T22:52:51.007Z,buy,5.524e-05,144.0,0.00795456
BCD/BTC,1572475971007,2019-10-30T22:52:51.007Z,buy,5.525e-05,375.0,0.02071875
BCD/BTC,1572475973495,2019-10-30T22:52:53.495Z,buy,5.525e-05,69.0,0.00381225
BCD/BTC,1572476554388,2019-10-30T23:02:34.388Z,buy,5.524e-05,6.0,0.00033144
BCD/BTC,1572476554388,2019-10-30T23:02:34.388Z,buy,5.525e-05,303.0,0.01674075
BCD/BTC,1572476554682,2019-10-30T23:02:34.682Z,buy,5.525e-05,315.0,0.01740375
BCD/BTC,1572476555145,2019-10-30T23:02:35.145Z,sell,5.502e-05,143.0,0.0078678599999999
BCD/BTC,1572477201277,2019-10-30T23:13:21.277Z,buy,5.524e-05,4.0,0.00022096
BCD/BTC,1572477201332,2019-10-30T23:13:21.332Z,sell,5.524e-05,44.0,0.00243056
BCD/BTC,1572477203413,2019-10-30T23:13:23.413Z,buy,5.525e-05,50.0,0.0027625
BCD/BTC,1572477966403,2019-10-30T23:26:06.403Z,buy,5.523e-05,2.0,0.00011046
BCD/BTC,1572477966403,2019-10-30T23:26:06.403Z,buy,5.524e-05,181.0,0.00999844
BCD/BTC,1572477966422,2019-10-30T23:26:06.422Z,sell,5.524e-05,204.0,0.01126896
BCD/BTC,1572477966529,2019-10-30T23:26:06.529Z,sell,5.524e-05,331.0,0.01828444
BCD/BTC,1572478012313,2019-10-30T23:26:52.313Z,buy,5.525e-05,103.0,0.00569075
BCD/BTC,1572478014186,2019-10-30T23:26:54.186Z,buy,5.525e-05,25.0,0.00138125
BCD/BTC,1572478928253,2019-10-30T23:42:08.253Z,buy,5.519e-05,3.0,0.00016557
BCD/BTC,1572478928253,2019-10-30T23:42:08.253Z,buy,5.52e-05,433.0,0.0239016
BCD/BTC,1572478928257,2019-10-30T23:42:08.257Z,buy,5.52e-05,254.0,0.0140208
BCD/BTC,1572478934035,2019-10-30T23:42:14.035Z,buy,5.52e-05,93.0,0.0051336
BCD/BTC,1572478935072,2019-10-30T23:42:15.072Z,buy,5.52e-05,126.0,0.0069552
BCD/BTC,1572478935143,2019-10-30T23:42:15.143Z,buy,5.52e-05,41.0,0.0022632
BCD/BTC,1572478935233,2019-10-30T23:42:15.233Z,buy,5.52e-05,13.0,0.0007176
BCD/BTC,1572478947164,2019-10-30T23:42:27.164Z,buy,5.52e-05,5.0,0.000276
BCD/BTC,1572478947164,2019-10-30T23:42:27.164Z,buy,5.525e-05,934.0,0.0516035
BCD/BTC,1572478949921,2019-10-30T23:42:29.921Z,buy,5.525e-05,208.0,0.011492
BCD/BTC,1572478998001,2019-10-30T23:43:18.001Z,buy,5.525e-05,29.0,0.00160225
BCD/BTC,1572478998354,2019-10-30T23:43:18.354Z,buy,5.525e-05,30.0,0.0016575
BCD/BTC,1572478998354,2019-10-30T23:43:18.354Z,buy,5.525e-05,30.0,0.0016575
BCD/BTC,1572479089380,2019-10-30T23:44:49.380Z,buy,5.525e-05,200.0,0.01105
BCD/BTC,1572481165167,2019-10-31T00:19:25.167Z,sell,5.503e-05,183.0,0.01007049
BCD/BTC,1572481165167,2019-10-31T00:19:25.167Z,sell,5.502e-05,4.0,0.00022008
BCD/BTC,1572481165167,2019-10-31T00:19:25.167Z,sell,5.5e-05,2.0,0.00011
BCD/BTC,1572481165167,2019-10-31T00:19:25.167Z,sell,5.493e-05,363.0,0.01993959
BCD/BTC,1572481165167,2019-10-31T00:19:25.167Z,sell,5.492e-05,2.0,0.00010984
BCD/BTC,1572481165167,2019-10-31T00:19:25.167Z,sell,5.482e-05,3.0,0.00016446
BCD/BTC,1572481165167,2019-10-31T00:19:25.167Z,sell,5.476e-05,361.0,0.01976836
BCD/BTC,1572481217983,2019-10-31T00:20:17.983Z,buy,5.52e-05,4.0,0.0002208
BCD/BTC,1572481433404,2019-10-31T00:23:53.404Z,buy,5.522e-05,2.0,0.00011044
BCD/BTC,1572481433404,2019-10-31T00:23:53.404Z,buy,5.523e-05,85.0,0.00469455
BCD/BTC,1572481433411,2019-10-31T00:23:53.411Z,buy,5.523e-05,30.0,0.0016569
BCD/BTC,1572481433519,2019-10-31T00:23:53.519Z,buy,5.523e-05,109.0,0.00602007
BCD/BTC,1572481434915,2019-10-31T00:23:54.915Z,buy,5.524e-05,444.0,0.02452656
BCD/BTC,1572481435149,2019-10-31T00:23:55.149Z,buy,5.524e-05,384.0,0.02121216
BCD/BTC,1572481453775,2019-10-31T00:24:13.775Z,buy,5.524e-05,30.0,0.0016572
BCD/BTC,1572481655662,2019-10-31T00:27:35.662Z,buy,5.523e-05,2.0,0.00011046
BCD/BTC,1572481655745,2019-10-31T00:27:35.745Z,buy,5.524e-05,20.0,0.0011048
BCD/BTC,1572481662064,2019-10-31T00:27:42.064Z,sell,5.523e-05,86.0,0.0047497799999999
BCD/BTC,1572482294777,2019-10-31T00:38:14.777Z,buy,5.525e-05,1.0,5.525e-05
BCD/BTC,1572482532711,2019-10-31T00:42:12.711Z,buy,5.524e-05,115.0,0.0063526
BCD/BTC,1572482532711,2019-10-31T00:42:12.711Z,buy,5.525e-05,887.0,0.04900675
BCD/BTC,1572482532712,2019-10-31T00:42:12.712Z,buy,5.525e-05,399.0,0.02204475
BCD/BTC,1572482532741,2019-10-31T00:42:12.741Z,buy,5.525e-05,22.0,0.0012155
BCD/BTC,1572482532959,2019-10-31T00:42:12.959Z,buy,5.525e-05,30.0,0.0016575
BCD/BTC,1572482532967,2019-10-31T00:42:12.967Z,buy,5.525e-05,30.0,0.0016575
BCD/BTC,1572482532967,2019-10-31T00:42:12.967Z,buy,5.525e-05,30.0,0.0016575
BCD/BTC,1572482922965,2019-10-31T00:48:42.965Z,buy,5.525e-05,1.0,5.525e-05
BCD/BTC,1572482985723,2019-10-31T00:49:45.723Z,sell,5.506e-05,30.0,0.0016518
BCD/BTC,1572483001578,2019-10-31T00:50:01.578Z,sell,5.505e-05,30.0,0.0016515
BCD/BTC,1572483003042,2019-10-31T00:50:03.042Z,sell,5.505e-05,30.0,0.0016515
BCD/BTC,1572483007794,2019-10-31T00:50:07.794Z,buy,5.524e-05,1.0,5.524e-05
BCD/BTC,1572483080633,2019-10-31T00:51:20.633Z,buy,5.524e-05,1.0,5.524e-05
BCD/BTC,1572483164139,2019-10-31T00:52:44.139Z,buy,5.525e-05,1.0,5.525e-05
BCD/BTC,1572483403507,2019-10-31T00:56:43.507Z,buy,5.505e-05,669.0,0.03682845
BCD/BTC,1572483403581,2019-10-31T00:56:43.581Z,buy,5.525e-05,25.0,0.00138125
BCD/BTC,1572483439191,2019-10-31T00:57:19.191Z,buy,5.524e-05,3.0,0.00016572
BCD/BTC,1572483439191,2019-10-31T00:57:19.191Z,buy,5.525e-05,472.0,0.026078
BCD/BTC,1572483446104,2019-10-31T00:57:26.104Z,buy,5.525e-05,944.0,0.052156
BCD/BTC,1572483727627,2019-10-31T01:02:07.627Z,buy,5.529e-05,1.0,5.529e-05
BCD/BTC,1572484100581,2019-10-31T01:08:20.581Z,buy,5.528e-05,200.0,0.011056
BCD/BTC,1572484132159,2019-10-31T01:08:52.159Z,buy,5.529e-05,1.0,5.529e-05
BCD/BTC,1572484176736,2019-10-31T01:09:36.736Z,buy,5.529e-05,3.0,0.00016587
BCD/BTC,1572484176736,2019-10-31T01:09:36.736Z,buy,5.534e-05,3.0,0.00016602
BCD/BTC,1572484176736,2019-10-31T01:09:36.736Z,buy,5.537e-05,23.0,0.00127351
BCD/BTC,1572484176736,2019-10-31T01:09:36.736Z,buy,5.538e-05,233.0,0.01290354
BCD/BTC,1572484412312,2019-10-31T01:13:32.312Z,buy,5.538e-05,2.0,0.00011076
BCD/BTC,1572484412312,2019-10-31T01:13:32.312Z,buy,5.539e-05,13.0,0.00072007
BCD/BTC,1572484412312,2019-10-31T01:13:32.312Z,buy,5.551e-05,12.0,0.00066612
BCD/BTC,1572484412312,2019-10-31T01:13:32.312Z,buy,5.554e-05,33.0,0.00183282
BCD/BTC,1572484412312,2019-10-31T01:13:32.312Z,buy,5.559e-05,39.0,0.00216801
BCD/BTC,1572484412312,2019-10-31T01:13:32.312Z,buy,5.561e-05,260.0,0.0144586
BCD/BTC,1572484654372,2019-10-31T01:17:34.372Z,buy,5.56e-05,264.0,0.0146784
BCD/BTC,1572484654372,2019-10-31T01:17:34.372Z,buy,5.561e-05,16.0,0.00088976
BCD/BTC,1572485140641,2019-10-31T01:25:40.641Z,sell,5.528e-05,604.0,0.03338912
BCD/BTC,1572485140641,2019-10-31T01:25:40.641Z,sell,5.527e-05,2.0,0.00011054
BCD/BTC,1572485140641,2019-10-31T01:25:40.641Z,sell,5.526e-05,72.0,0.00397872
BCD/BTC,1572485140641,2019-10-31T01:25:40.641Z,sell,5.505e-05,41.0,0.00225705
BCD/BTC,1572485140673,2019-10-31T01:25:40.673Z,buy,5.5e-05,398.0,0.02189
BCD/BTC,1572485140677,2019-10-31T01:25:40.677Z,buy,5.5e-05,36.0,0.00198
BCD/BTC,1572485140685,2019-10-31T01:25:40.685Z,buy,5.5e-05,9.0,0.000495
BCD/BTC,1572485140797,2019-10-31T01:25:40.797Z,buy,5.5e-05,3000.0,0.165
BCD/BTC,1572485140819,2019-10-31T01:25:40.819Z,buy,5.5e-05,194.0,0.01067
BCD/BTC,1572485141166,2019-10-31T01:25:41.166Z,buy,5.514e-05,74.0,0.00408036
BCD/BTC,1572485141166,2019-10-31T01:25:41.166Z,buy,5.536e-05,135.0,0.0074735999999999
BCD/BTC,1572485141166,2019-10-31T01:25:41.166Z,buy,5.561e-05,512.0,0.02847232
BCD/BTC,1572485141166,2019-10-31T01:25:41.166Z,buy,5.562e-05,180.0,0.0100116
BCD/BTC,1572485141166,2019-10-31T01:25:41.166Z,buy,5.563e-05,5.0,0.00027815
BCD/BTC,1572485141166,2019-10-31T01:25:41.166Z,buy,5.569e-05,351.0,0.01954719
BCD/BTC,1572485141166,2019-10-31T01:25:41.166Z,buy,5.571e-05,69.0,0.00384399
BCD/BTC,1572485141166,2019-10-31T01:25:41.166Z,buy,5.572e-05,23.0,0.00128156
BCD/BTC,1572485141166,2019-10-31T01:25:41.166Z,buy,5.578e-05,17.0,0.0009482599999999
BCD/BTC,1572485141166,2019-10-31T01:25:41.166Z,buy,5.581e-05,18.0,0.00100458
BCD/BTC,1572485141166,2019-10-31T01:25:41.166Z,buy,5.582e-05,2.0,0.00011164
BCD/BTC,1572485141166,2019-10-31T01:25:41.166Z,buy,5.585e-05,19.0,0.00106115
BCD/BTC,1572485141166,2019-10-31T01:25:41.166Z,buy,5.586e-05,13.0,0.00072618
BCD/BTC,1572485141166,2019-10-31T01:25:41.166Z,buy,5.589e-05,59.0,0.00329751
BCD/BTC,1572485141166,2019-10-31T01:25:41.166Z,buy,5.59e-05,24.0,0.0013415999999999
BCD/BTC,1572485141166,2019-10-31T01:25:41.166Z,buy,5.597e-05,35.0,0.00195895
BCD/BTC,1572485141166,2019-10-31T01:25:41.166Z,buy,5.6e-05,373.0,0.020888
BCD/BTC,1572485141166,2019-10-31T01:25:41.166Z,buy,5.603e-05,3.0,0.00016809
BCD/BTC,1572485141166,2019-10-31T01:25:41.166Z,buy,5.605e-05,41.0,0.00229805
BCD/BTC,1572485141166,2019-10-31T01:25:41.166Z,buy,5.619e-05,507.0,0.02848833
BCD/BTC,1572485141463,2019-10-31T01:25:41.463Z,buy,5.619e-05,25.0,0.00140475
BCD/BTC,1572485141477,2019-10-31T01:25:41.477Z,sell,5.529e-05,452.0,0.02499108
BCD/BTC,1572485141481,2019-10-31T01:25:41.481Z,sell,5.529e-05,341.0,0.01885389
BCD/BTC,1572485141654,2019-10-31T01:25:41.654Z,sell,5.529e-05,76.0,0.00420204
BCD/BTC,1572485141687,2019-10-31T01:25:41.687Z,sell,5.53e-05,111.0,0.0061383
BCD/BTC,1572485141688,2019-10-31T01:25:41.688Z,sell,5.53e-05,51.0,0.0028203
BCD/BTC,1572485141688,2019-10-31T01:25:41.688Z,sell,5.529e-05,18.0,0.00099522
BCD/BTC,1572485142524,2019-10-31T01:25:42.524Z,buy,5.538e-05,41.0,0.00227058
BCD/BTC,1572485142839,2019-10-31T01:25:42.839Z,sell,5.571e-05,41.0,0.00228411
BCD/BTC,1572485142858,2019-10-31T01:25:42.858Z,sell,5.569e-05,3.0,0.0001670699999999
BCD/BTC,1572485142858,2019-10-31T01:25:42.858Z,sell,5.563e-05,5.0,0.00027815
BCD/BTC,1572485142971,2019-10-31T01:25:42.971Z,sell,5.539e-05,41.0,0.00227099
BCD/BTC,1572485143138,2019-10-31T01:25:43.138Z,buy,5.557e-05,5.0,0.00027785
BCD/BTC,1572485150455,2019-10-31T01:25:50.455Z,sell,5.539e-05,31.0,0.00171709
BCD/BTC,1572485151255,2019-10-31T01:25:51.255Z,sell,5.539e-05,38.0,0.00210482
BCD/BTC,1572485154359,2019-10-31T01:25:54.359Z,sell,5.539e-05,11.0,0.00060929
BCD/BTC,1572485154359,2019-10-31T01:25:54.359Z,sell,5.537e-05,17.0,0.00094129
BCD/BTC,1572485154359,2019-10-31T01:25:54.359Z,sell,5.535e-05,2.0,0.0001107
BCD/BTC,1572485154426,2019-10-31T01:25:54.426Z,sell,5.535e-05,30.0,0.0016604999999999
BCD/BTC,1572485160187,2019-10-31T01:26:00.187Z,sell,5.535e-05,40.0,0.002214
BCD/BTC,1572485160187,2019-10-31T01:26:00.187Z,sell,5.534e-05,3.0,0.00016602
BCD/BTC,1572485160187,2019-10-31T01:26:00.187Z,sell,5.529e-05,3.0,0.00016587
BCD/BTC,1572485172939,2019-10-31T01:26:12.939Z,sell,5.53e-05,30.0,0.001659
BCD/BTC,1572485174821,2019-10-31T01:26:14.821Z,sell,5.53e-05,31.0,0.0017143
BCD/BTC,1572485175096,2019-10-31T01:26:15.096Z,sell,5.53e-05,46.0,0.0025438
BCD/BTC,1572485175444,2019-10-31T01:26:15.444Z,sell,5.53e-05,30.0,0.001659
BCD/BTC,1572485176278,2019-10-31T01:26:16.278Z,sell,5.53e-05,7.0,0.0003871
BCD/BTC,1572485176278,2019-10-31T01:26:16.278Z,sell,5.529e-05,4.0,0.00022116
BCD/BTC,1572485184496,2019-10-31T01:26:24.496Z,sell,5.529e-05,20.0,0.0011058
BCD/BTC,1572485428954,2019-10-31T01:30:28.954Z,buy,5.553e-05,164.0,0.00910692
BCD/BTC,1572485514741,2019-10-31T01:31:54.741Z,sell,5.533e-05,46.0,0.00254518
BCD/BTC,1572485514741,2019-10-31T01:31:54.741Z,sell,5.533e-05,46.0,0.00254518
BCD/BTC,1572486169682,2019-10-31T01:42:49.682Z,sell,5.532e-05,72.0,0.00398304
BCD/BTC,1572488237501,2019-10-31T02:17:17.501Z,sell,5.509e-05,75.0,0.00413175
BCD/BTC,1572488283317,2019-10-31T02:18:03.317Z,sell,5.51e-05,25.0,0.0013775
BCD/BTC,1572488287238,2019-10-31T02:18:07.238Z,sell,5.51e-05,71.0,0.0039121
BCD/BTC,1572488287666,2019-10-31T02:18:07.666Z,sell,5.511e-05,41.0,0.00225951
BCD/BTC,1572488288381,2019-10-31T02:18:08.381Z,sell,5.511e-05,27.0,0.00148797
BCD/BTC,1572488292071,2019-10-31T02:18:12.071Z,sell,5.512e-05,41.0,0.00225992
BCD/BTC,1572488296582,2019-10-31T02:18:16.582Z,sell,5.513e-05,9.0,0.00049617
BCD/BTC,1572488300247,2019-10-31T02:18:20.247Z,sell,5.514e-05,9.0,0.00049626
BCD/BTC,1572488476083,2019-10-31T02:21:16.083Z,buy,5.544e-05,422.0,0.02339568
BCD/BTC,1572488530682,2019-10-31T02:22:10.682Z,sell,5.519e-05,81.0,0.00447039
BCD/BTC,1572488530682,2019-10-31T02:22:10.682Z,sell,5.516e-05,245.0,0.0135142
BCD/BTC,1572488742497,2019-10-31T02:25:42.497Z,buy,5.543e-05,32.0,0.00177376
BCD/BTC,1572488910332,2019-10-31T02:28:30.332Z,sell,5.52e-05,72.0,0.0039744
BCD/BTC,1572488910332,2019-10-31T02:28:30.332Z,sell,5.519e-05,65.0,0.00358735
BCD/BTC,1572489060379,2019-10-31T02:31:00.379Z,sell,5.511e-05,151.0,0.00832161
BCD/BTC,1572489060379,2019-10-31T02:31:00.379Z,sell,5.511e-05,151.0,0.00832161
BCD/BTC,1572489361262,2019-10-31T02:36:01.262Z,sell,5.509e-05,47.0,0.00258923
BCD/BTC,1572489361262,2019-10-31T02:36:01.262Z,sell,5.506e-05,88.0,0.0048452799999999
BCD/BTC,1572489361264,2019-10-31T02:36:01.264Z,sell,5.506e-05,41.0,0.0022574599999999
BCD/BTC,1572489361264,2019-10-31T02:36:01.264Z,sell,5.505e-05,41.0,0.00225705
BCD/BTC,1572489361264,2019-10-31T02:36:01.264Z,sell,5.499e-05,3.0,0.00016497
BCD/BTC,1572489361264,2019-10-31T02:36:01.264Z,sell,5.498e-05,148.0,0.00813704
BCD/BTC,1572489361264,2019-10-31T02:36:01.264Z,sell,5.497e-05,891.0,0.04897827
BCD/BTC,1572489361264,2019-10-31T02:36:01.264Z,sell,5.496e-05,153.0,0.00840888
BCD/BTC,1572489361264,2019-10-31T02:36:01.264Z,sell,5.496e-05,11.0,0.00060456
BCD/BTC,1572489361270,2019-10-31T02:36:01.270Z,sell,5.496e-05,384.0,0.02110464
BCD/BTC,1572489361368,2019-10-31T02:36:01.368Z,sell,5.496e-05,499.0,0.02742504
BCD/BTC,1572489361403,2019-10-31T02:36:01.403Z,sell,5.496e-05,217.0,0.01192632
BCD/BTC,1572489361435,2019-10-31T02:36:01.435Z,sell,5.496e-05,22.0,0.00120912
BCD/BTC,1572489361435,2019-10-31T02:36:01.435Z,sell,5.495e-05,5.0,0.00027475
BCD/BTC,1572489361435,2019-10-31T02:36:01.435Z,sell,5.493e-05,13.0,0.00071409
BCD/BTC,1572489361487,2019-10-31T02:36:01.487Z,sell,5.488e-05,43.0,0.00235984
BCD/BTC,1572489361501,2019-10-31T02:36:01.501Z,sell,5.488e-05,36.0,0.00197568
BCD/BTC,1572489361680,2019-10-31T02:36:01.680Z,buy,5.488e-05,572.0,0.03139136
BCD/BTC,1572489361788,2019-10-31T02:36:01.788Z,buy,5.488e-05,104.0,0.00570752
BCD/BTC,1572489362429,2019-10-31T02:36:02.429Z,buy,5.488e-05,25.0,0.001372
BCD/BTC,1572489364148,2019-10-31T02:36:04.148Z,sell,5.483e-05,30.0,0.0016449
BCD/BTC,1572489364273,2019-10-31T02:36:04.273Z,buy,5.488e-05,25.0,0.001372
BCD/BTC,1572489369372,2019-10-31T02:36:09.372Z,sell,5.482e-05,6.0,0.00032892
BCD/BTC,1572489369372,2019-10-31T02:36:09.372Z,sell,5.472e-05,41.0,0.0022435199999999
BCD/BTC,1572489369372,2019-10-31T02:36:09.372Z,sell,5.465e-05,4.0,0.0002186
BCD/BTC,1572489369372,2019-10-31T02:36:09.372Z,sell,5.464e-05,76.0,0.00415264
BCD/BTC,1572489369372,2019-10-31T02:36:09.372Z,sell,5.462e-05,5.0,0.0002731
BCD/BTC,1572489369372,2019-10-31T02:36:09.372Z,sell,5.457e-05,168.0,0.00916776
BCD/BTC,1572489369563,2019-10-31T02:36:09.563Z,sell,5.457e-05,158.0,0.00862206
BCD/BTC,1572489372028,2019-10-31T02:36:12.028Z,sell,5.473e-05,14.0,0.00076622
BCD/BTC,1572489372028,2019-10-31T02:36:12.028Z,sell,5.457e-05,16.0,0.00087312
BCD/BTC,1572489392913,2019-10-31T02:36:32.913Z,sell,5.457e-05,36.0,0.00196452
BCD/BTC,1572489395298,2019-10-31T02:36:35.298Z,sell,5.457e-05,157.0,0.00856749
BCD/BTC,1572489401399,2019-10-31T02:36:41.399Z,sell,5.457e-05,8.0,0.00043656
BCD/BTC,1572489493894,2019-10-31T02:38:13.894Z,sell,5.46e-05,104.0,0.0056784
BCD/BTC,1572489604934,2019-10-31T02:40:04.934Z,buy,5.493e-05,4.0,0.00021972
BCD/BTC,1572489651344,2019-10-31T02:40:51.344Z,sell,5.482e-05,174.0,0.00953868
BCD/BTC,1572489651552,2019-10-31T02:40:51.552Z,sell,5.482e-05,43.0,0.00235726
BCD/BTC,1572489652717,2019-10-31T02:40:52.717Z,buy,5.477e-05,136.0,0.00744872
BCD/BTC,1572489652717,2019-10-31T02:40:52.717Z,buy,5.487e-05,45.0,0.00246915
BCD/BTC,1572489693662,2019-10-31T02:41:33.662Z,buy,5.485e-05,76.0,0.0041686
BCD/BTC,1572489735549,2019-10-31T02:42:15.549Z,sell,5.467e-05,60.0,0.0032801999999999
BCD/BTC,1572489780451,2019-10-31T02:43:00.451Z,sell,5.469e-05,40.0,0.0021876
BCD/BTC,1572489848317,2019-10-31T02:44:08.317Z,sell,5.47e-05,10.0,0.000547
BCD/BTC,1572489938959,2019-10-31T02:45:38.959Z,buy,5.493e-05,4.0,0.00021972
BCD/BTC,1572489979069,2019-10-31T02:46:19.069Z,sell,5.465e-05,92.0,0.0050278
BCD/BTC,1572489979922,2019-10-31T02:46:19.922Z,sell,5.465e-05,6.0,0.0003279
BCD/BTC,1572489979922,2019-10-31T02:46:19.922Z,sell,5.463e-05,19.0,0.00103797
BCD/BTC,1572489980893,2019-10-31T02:46:20.893Z,sell,5.463e-05,25.0,0.00136575
BCD/BTC,1572490100305,2019-10-31T02:48:20.305Z,sell,5.49e-05,177.0,0.0097173
BCD/BTC,1572490117137,2019-10-31T02:48:37.137Z,sell,5.463e-05,3.0,0.0001638899999999
BCD/BTC,1572490117137,2019-10-31T02:48:37.137Z,sell,5.461e-05,34.0,0.00185674
BCD/BTC,1572490117137,2019-10-31T02:48:37.137Z,sell,5.46e-05,73.0,0.0039858
BCD/BTC,1572490117137,2019-10-31T02:48:37.137Z,sell,5.459e-05,49.0,0.00267491
BCD/BTC,1572490303634,2019-10-31T02:51:43.634Z,sell,5.459e-05,133.0,0.00726047
BCD/BTC,1572490303634,2019-10-31T02:51:43.634Z,sell,5.457e-05,2.0,0.00010914
BCD/BTC,1572490303634,2019-10-31T02:51:43.634Z,sell,5.456e-05,275.0,0.015004
BCD/BTC,1572490303634,2019-10-31T02:51:43.634Z,sell,5.455e-05,17.0,0.00092735
BCD/BTC,1572490303634,2019-10-31T02:51:43.634Z,sell,5.451e-05,536.0,0.0292173599999999
BCD/BTC,1572490303634,2019-10-31T02:51:43.634Z,sell,5.45e-05,1226.0,0.066817
BCD/BTC,1572490303634,2019-10-31T02:51:43.634Z,sell,5.45e-05,8.0,0.000436
BCD/BTC,1572490319767,2019-10-31T02:51:59.767Z,sell,5.451e-05,112.0,0.0061051199999999
BCD/BTC,1572490328997,2019-10-31T02:52:08.997Z,sell,5.452e-05,5.0,0.0002726
BCD/BTC,1572490336671,2019-10-31T02:52:16.671Z,buy,5.48e-05,3.0,0.0001643999999999
BCD/BTC,1572490384649,2019-10-31T02:53:04.649Z,sell,5.453e-05,265.0,0.01445045
BCD/BTC,1572490384649,2019-10-31T02:53:04.649Z,sell,5.451e-05,806.0,0.04393506
BCD/BTC,1572490384649,2019-10-31T02:53:04.649Z,sell,5.45e-05,1954.0,0.106493
BCD/BTC,1572490389498,2019-10-31T02:53:09.498Z,buy,5.483e-05,5.0,0.00027415
BCD/BTC,1572490714118,2019-10-31T02:58:34.118Z,sell,5.457e-05,453.0,0.02472021
BCD/BTC,1572490714118,2019-10-31T02:58:34.118Z,sell,5.456e-05,1256.0,0.06852736
BCD/BTC,1572490729266,2019-10-31T02:58:49.266Z,sell,5.456e-05,100.0,0.005456
BCD/BTC,1572490761298,2019-10-31T02:59:21.298Z,sell,5.451e-05,50.0,0.0027255
BCD/BTC,1572490761298,2019-10-31T02:59:21.298Z,sell,5.449e-05,467.0,0.02544683
BCD/BTC,1572490761508,2019-10-31T02:59:21.508Z,sell,5.449e-05,50.0,0.0027245
BCD/BTC,1572490761508,2019-10-31T02:59:21.508Z,sell,5.446e-05,30.0,0.0016338
BCD/BTC,1572490761548,2019-10-31T02:59:21.548Z,buy,5.447e-05,27.0,0.00147069
BCD/BTC,1572490761602,2019-10-31T02:59:21.602Z,buy,5.447e-05,116.0,0.00631852
BCD/BTC,1572490761641,2019-10-31T02:59:21.641Z,buy,5.447e-05,28.0,0.00152516
BCD/BTC,1572490761641,2019-10-31T02:59:21.641Z,buy,5.447e-05,9.0,0.00049023
BCD/BTC,1572491435910,2019-10-31T03:10:35.910Z,sell,5.447e-05,10.0,0.0005447
BCD/BTC,1572491445842,2019-10-31T03:10:45.842Z,buy,5.468e-05,20.0,0.0010936
BCD/BTC,1572491448625,2019-10-31T03:10:48.625Z,buy,5.468e-05,12.0,0.00065616
BCD/BTC,1572491457567,2019-10-31T03:10:57.567Z,buy,5.468e-05,23.0,0.00125764
BCD/BTC,1572491594211,2019-10-31T03:13:14.211Z,buy,5.451e-05,64.0,0.00348864
BCD/BTC,1572491608294,2019-10-31T03:13:28.294Z,sell,5.447e-05,691.0,0.03763877
BCD/BTC,1572491608317,2019-10-31T03:13:28.317Z,sell,5.447e-05,34.0,0.00185198
BCD/BTC,1572491608335,2019-10-31T03:13:28.335Z,sell,5.447e-05,1592.0,0.08671624
BCD/BTC,1572491608353,2019-10-31T03:13:28.353Z,sell,5.447e-05,311.0,0.01694017
BCD/BTC,1572491608397,2019-10-31T03:13:28.397Z,sell,5.447e-05,327.0,0.0178116899999999
BCD/BTC,1572491608397,2019-10-31T03:13:28.397Z,sell,5.446e-05,173.0,0.0094215799999999
BCD/BTC,1572491608475,2019-10-31T03:13:28.475Z,sell,5.446e-05,539.0,0.02935394
BCD/BTC,1572491608487,2019-10-31T03:13:28.487Z,sell,5.446e-05,50.0,0.0027229999999999
BCD/BTC,1572491652034,2019-10-31T03:14:12.034Z,sell,5.446e-05,3159.0,0.1720391399999999
BCD/BTC,1572491665811,2019-10-31T03:14:25.811Z,buy,5.45e-05,28.0,0.001526
BCD/BTC,1572491768677,2019-10-31T03:16:08.677Z,buy,5.448e-05,73.0,0.00397704
BCD/BTC,1572491768761,2019-10-31T03:16:08.761Z,buy,5.448e-05,78.0,0.00424944
BCD/BTC,1572491863012,2019-10-31T03:17:43.012Z,sell,5.446e-05,1142.0,0.0621933199999999
BCD/BTC,1572491937986,2019-10-31T03:18:57.986Z,sell,5.446e-05,79.0,0.00430234
BCD/BTC,1572491974013,2019-10-31T03:19:34.013Z,sell,5.446e-05,563.0,0.0306609799999999
BCD/BTC,1572491998058,2019-10-31T03:19:58.058Z,sell,5.446e-05,1437.0,0.07825902
BCD/BTC,1572491998058,2019-10-31T03:19:58.058Z,sell,5.445e-05,309.0,0.01682505
BCD/BTC,1572491998864,2019-10-31T03:19:58.864Z,sell,5.439e-05,32.0,0.00174048
BCD/BTC,1572491999447,2019-10-31T03:19:59.447Z,sell,5.439e-05,9.0,0.00048951
BCD/BTC,1572491999447,2019-10-31T03:19:59.447Z,sell,5.436e-05,25.0,0.001359
BCD/BTC,1572491999447,2019-10-31T03:19:59.447Z,sell,5.43e-05,41.0,0.0022263
BCD/BTC,1572491999447,2019-10-31T03:19:59.447Z,sell,5.429e-05,8.0,0.00043432
BCD/BTC,1572491999447,2019-10-31T03:19:59.447Z,sell,5.427e-05,299.0,0.01622673
BCD/BTC,1572492167545,2019-10-31T03:22:47.545Z,sell,5.427e-05,200.0,0.010854
BCD/BTC,1572492215684,2019-10-31T03:23:35.684Z,sell,5.427e-05,1249.0,0.06778323
BCD/BTC,1572492215684,2019-10-31T03:23:35.684Z,sell,5.424e-05,209.0,0.01133616
BCD/BTC,1572492219089,2019-10-31T03:23:39.089Z,buy,5.454e-05,366.0,0.01996164
BCD/BTC,1572492219089,2019-10-31T03:23:39.089Z,buy,5.455e-05,243.0,0.0132556499999999
BCD/BTC,1572492219089,2019-10-31T03:23:39.089Z,buy,5.457e-05,186.0,0.01015002
BCD/BTC,1572492219089,2019-10-31T03:23:39.089Z,buy,5.462e-05,4.0,0.00021848
BCD/BTC,1572492220595,2019-10-31T03:23:40.595Z,sell,5.426e-05,17.0,0.00092242
BCD/BTC,1572492233896,2019-10-31T03:23:53.896Z,buy,5.46e-05,4.0,0.0002184
BCD/BTC,1572492452973,2019-10-31T03:27:32.973Z,buy,5.462e-05,1.0,5.462e-05
BCD/BTC,1572492452973,2019-10-31T03:27:32.973Z,buy,5.462e-05,1.0,5.462e-05
BCD/BTC,1572492950863,2019-10-31T03:35:50.863Z,sell,5.462e-05,18.0,0.00098316
BCD/BTC,1572493001652,2019-10-31T03:36:41.652Z,buy,5.462e-05,62.0,0.00338644
BCD/BTC,1572493191946,2019-10-31T03:39:51.946Z,buy,5.457e-05,47.0,0.00256479
BCD/BTC,1572493321584,2019-10-31T03:42:01.584Z,buy,5.454e-05,126.0,0.00687204
BCD/BTC,1572493339922,2019-10-31T03:42:19.922Z,buy,5.454e-05,12.0,0.00065448
BCD/BTC,1572493832543,2019-10-31T03:50:32.543Z,buy,5.464e-05,3.0,0.00016392
BCD/BTC,1572493832543,2019-10-31T03:50:32.543Z,buy,5.468e-05,385.0,0.0210518
BCD/BTC,1572493832543,2019-10-31T03:50:32.543Z,buy,5.472e-05,41.0,0.0022435199999999
BCD/BTC,1572493836914,2019-10-31T03:50:36.914Z,buy,5.482e-05,189.0,0.01036098
BCD/BTC,1572493865316,2019-10-31T03:51:05.316Z,buy,5.482e-05,197.0,0.01079954
BCD/BTC,1572493865542,2019-10-31T03:51:05.542Z,buy,5.482e-05,79.0,0.00433078
BCD/BTC,1572493865542,2019-10-31T03:51:05.542Z,buy,5.484e-05,86.0,0.00471624
BCD/BTC,1572493905206,2019-10-31T03:51:45.206Z,buy,5.476e-05,159.0,0.00870684
BCD/BTC,1572493905219,2019-10-31T03:51:45.219Z,buy,5.476e-05,28.0,0.00153328
BCD/BTC,1572493940735,2019-10-31T03:52:20.735Z,buy,5.482e-05,30.0,0.0016446
BCD/BTC,1572493940755,2019-10-31T03:52:20.755Z,buy,5.482e-05,9.0,0.00049338
BCD/BTC,1572493940905,2019-10-31T03:52:20.905Z,buy,5.482e-05,37.0,0.00202834
BCD/BTC,1572493940947,2019-10-31T03:52:20.947Z,buy,5.482e-05,30.0,0.0016446
BCD/BTC,1572493940954,2019-10-31T03:52:20.954Z,buy,5.482e-05,9.0,0.00049338
BCD/BTC,1572493941737,2019-10-31T03:52:21.737Z,buy,5.482e-05,52.0,0.00285064
BCD/BTC,1572493959818,2019-10-31T03:52:39.818Z,buy,5.482e-05,35.0,0.0019187
BCD/BTC,1572493959818,2019-10-31T03:52:39.818Z,buy,5.484e-05,34.0,0.00186456
BCD/BTC,1572493959821,2019-10-31T03:52:39.821Z,buy,5.484e-05,75.0,0.0041129999999999
BCD/BTC,1572493967884,2019-10-31T03:52:47.884Z,buy,5.484e-05,3.0,0.0001645199999999
BCD/BTC,1572493967884,2019-10-31T03:52:47.884Z,buy,5.487e-05,119.0,0.00652953
BCD/BTC,1572493967884,2019-10-31T03:52:47.884Z,buy,5.487e-05,68.0,0.00373116
BCD/BTC,1572493967976,2019-10-31T03:52:47.976Z,sell,5.488e-05,60.0,0.0032928
BCD/BTC,1572493970487,2019-10-31T03:52:50.487Z,buy,5.49e-05,205.0,0.0112545
BCD/BTC,1572493970487,2019-10-31T03:52:50.487Z,buy,5.492e-05,40.0,0.0021968
BCD/BTC,1572493971128,2019-10-31T03:52:51.128Z,buy,5.492e-05,9.0,0.00049428
BCD/BTC,1572494061067,2019-10-31T03:54:21.067Z,buy,5.488e-05,166.0,0.00911008
BCD/BTC,1572494061067,2019-10-31T03:54:21.067Z,buy,5.489e-05,12.0,0.00065868
BCD/BTC,1572494063500,2019-10-31T03:54:23.500Z,buy,5.489e-05,138.0,0.0075748199999999
BCD/BTC,1572494072055,2019-10-31T03:54:32.055Z,buy,5.488e-05,11.0,0.00060368
BCD/BTC,1572494092211,2019-10-31T03:54:52.211Z,buy,5.488e-05,33.0,0.00181104
BCD/BTC,1572494094118,2019-10-31T03:54:54.118Z,buy,5.489e-05,31.0,0.00170159
BCD/BTC,1572494095078,2019-10-31T03:54:55.078Z,buy,5.488e-05,34.0,0.00186592
BCD/BTC,1572494096215,2019-10-31T03:54:56.215Z,buy,5.488e-05,10.0,0.0005488
BCD/BTC,1572494132636,2019-10-31T03:55:32.636Z,buy,5.486e-05,2.0,0.00010972
BCD/BTC,1572494132636,2019-10-31T03:55:32.636Z,buy,5.487e-05,51.0,0.00279837
BCD/BTC,1572494165348,2019-10-31T03:56:05.348Z,buy,5.489e-05,17.0,0.00093313
BCD/BTC,1572494165348,2019-10-31T03:56:05.348Z,buy,5.492e-05,110.0,0.0060412
BCD/BTC,1572494181959,2019-10-31T03:56:21.959Z,buy,5.492e-05,128.0,0.00702976
BCD/BTC,1572494181959,2019-10-31T03:56:21.959Z,buy,5.493e-05,73.0,0.0040098899999999
BCD/BTC,1572494182632,2019-10-31T03:56:22.632Z,buy,5.492e-05,138.0,0.00757896
BCD/BTC,1572494242493,2019-10-31T03:57:22.493Z,sell,5.482e-05,115.0,0.0063043
BCD/BTC,1572494634796,2019-10-31T04:03:54.796Z,sell,5.487e-05,279.0,0.01530873
BCD/BTC,1572494708459,2019-10-31T04:05:08.459Z,buy,5.493e-05,142.0,0.0078000599999999
BCD/BTC,1572494716024,2019-10-31T04:05:16.024Z,buy,5.493e-05,302.0,0.01658886
BCD/BTC,1572494717192,2019-10-31T04:05:17.192Z,buy,5.493e-05,4.0,0.00021972
BCD/BTC,1572494916318,2019-10-31T04:08:36.318Z,buy,5.493e-05,394.0,0.02164242
BCD/BTC,1572494916382,2019-10-31T04:08:36.382Z,buy,5.493e-05,131.0,0.0071958299999999
BCD/BTC,1572494916382,2019-10-31T04:08:36.382Z,buy,5.494e-05,29.0,0.00159326
BCD/BTC,1572494916508,2019-10-31T04:08:36.508Z,buy,5.494e-05,36.0,0.00197784
BCD/BTC,1572494989889,2019-10-31T04:09:49.889Z,buy,5.494e-05,7.0,0.00038458
BCD/BTC,1572494989889,2019-10-31T04:09:49.889Z,buy,5.495e-05,2.0,0.0001099
BCD/BTC,1572495006563,2019-10-31T04:10:06.563Z,buy,5.495e-05,3.0,0.00016485
BCD/BTC,1572495006563,2019-10-31T04:10:06.563Z,buy,5.496e-05,11.0,0.00060456
BCD/BTC,1572495456359,2019-10-31T04:17:36.359Z,buy,5.496e-05,6.0,0.00032976
BCD/BTC,1572495456359,2019-10-31T04:17:36.359Z,buy,5.499e-05,3.0,0.00016497
BCD/BTC,1572496015339,2019-10-31T04:26:55.339Z,sell,5.482e-05,364.0,0.01995448
BCD/BTC,1572496015339,2019-10-31T04:26:55.339Z,sell,5.481e-05,72.0,0.00394632
BCD/BTC,1572496015339,2019-10-31T04:26:55.339Z,sell,5.482e-05,364.0,0.01995448
BCD/BTC,1572496015339,2019-10-31T04:26:55.339Z,sell,5.481e-05,72.0,0.00394632
BCD/BTC,1572496504656,2019-10-31T04:35:04.656Z,sell,5.481e-05,2.0,0.00010962
BCD/BTC,1572496504656,2019-10-31T04:35:04.656Z,sell,5.47e-05,29.0,0.0015863
BCD/BTC,1572497386579,2019-10-31T04:49:46.579Z,sell,5.471e-05,233.0,0.01274743
BCD/BTC,1572497386579,2019-10-31T04:49:46.579Z,sell,5.47e-05,65.0,0.0035555
BCD/BTC,1572497546671,2019-10-31T04:52:26.671Z,buy,5.491e-05,36.0,0.00197676
BCD/BTC,1572497546750,2019-10-31T04:52:26.750Z,buy,5.491e-05,67.0,0.00367897
BCD/BTC,1572497546853,2019-10-31T04:52:26.853Z,buy,5.491e-05,51.0,0.00280041
BCD/BTC,1572497547782,2019-10-31T04:52:27.782Z,buy,5.491e-05,210.0,0.0115311
BCD/BTC,1572497552285,2019-10-31T04:52:32.285Z,buy,5.492e-05,61.0,0.00335012
BCD/BTC,1572497646563,2019-10-31T04:54:06.563Z,sell,5.477e-05,178.0,0.00974906
BCD/BTC,1572497646563,2019-10-31T04:54:06.563Z,sell,5.476e-05,365.0,0.0199874
BCD/BTC,1572497646563,2019-10-31T04:54:06.563Z,sell,5.475e-05,517.0,0.02830575
BCD/BTC,1572497648699,2019-10-31T04:54:08.699Z,sell,5.477e-05,116.0,0.00635332
BCD/BTC,1572497714488,2019-10-31T04:55:14.488Z,buy,5.493e-05,122.0,0.0067014599999999
BCD/BTC,1572497714573,2019-10-31T04:55:14.573Z,buy,5.493e-05,98.0,0.00538314
BCD/BTC,1572497714681,2019-10-31T04:55:14.681Z,buy,5.493e-05,59.0,0.00324087
BCD/BTC,1572497715709,2019-10-31T04:55:15.709Z,buy,5.493e-05,61.0,0.0033507299999999
BCD/BTC,1572497731899,2019-10-31T04:55:31.899Z,sell,5.474e-05,340.0,0.0186116
BCD/BTC,1572497790482,2019-10-31T04:56:30.482Z,buy,5.492e-05,67.0,0.00367964
BCD/BTC,1572497790513,2019-10-31T04:56:30.513Z,buy,5.492e-05,84.0,0.00461328
BCD/BTC,1572497949996,2019-10-31T04:59:09.996Z,buy,5.495e-05,125.0,0.00686875
BCD/BTC,1572497950223,2019-10-31T04:59:10.223Z,buy,5.495e-05,30.0,0.0016485
BCD/BTC,1572497950280,2019-10-31T04:59:10.280Z,buy,5.495e-05,47.0,0.00258265
BCD/BTC,1572497952323,2019-10-31T04:59:12.323Z,buy,5.495e-05,163.0,0.00895685
BCD/BTC,1572497952323,2019-10-31T04:59:12.323Z,buy,5.496e-05,17.0,0.00093432
BCD/BTC,1572497952353,2019-10-31T04:59:12.353Z,buy,5.496e-05,34.0,0.00186864
BCD/BTC,1572497952504,2019-10-31T04:59:12.504Z,buy,5.496e-05,81.0,0.00445176
BCD/BTC,1572497952690,2019-10-31T04:59:12.690Z,buy,5.496e-05,51.0,0.00280296
BCD/BTC,1572497956935,2019-10-31T04:59:16.935Z,buy,5.496e-05,38.0,0.00208848
BCD/BTC,1572497956935,2019-10-31T04:59:16.935Z,buy,5.498e-05,26.0,0.00142948
BCD/BTC,1572497990701,2019-10-31T04:59:50.701Z,sell,5.48e-05,127.0,0.0069596
BCD/BTC,1572498049096,2019-10-31T05:00:49.096Z,sell,5.479e-05,96.0,0.00525984
BCD/BTC,1572498051587,2019-10-31T05:00:51.587Z,sell,5.478e-05,257.0,0.01407846
BCD/BTC,1572498336521,2019-10-31T05:05:36.521Z,buy,5.491e-05,87.0,0.00477717
BCD/BTC,1572498336742,2019-10-31T05:05:36.742Z,buy,5.491e-05,30.0,0.0016473
BCD/BTC,1572498337629,2019-10-31T05:05:37.629Z,buy,5.492e-05,103.0,0.00565676
BCD/BTC,1572498400851,2019-10-31T05:06:40.851Z,buy,5.493e-05,45.0,0.00247185
BCD/BTC,1572498403133,2019-10-31T05:06:43.133Z,buy,5.493e-05,57.0,0.00313101
BCD/BTC,1572498404138,2019-10-31T05:06:44.138Z,buy,5.493e-05,23.0,0.0012633899999999
BCD/BTC,1572498433832,2019-10-31T05:07:13.832Z,buy,5.494e-05,31.0,0.00170314
BCD/BTC,1572498433853,2019-10-31T05:07:13.853Z,buy,5.494e-05,32.0,0.00175808
BCD/BTC,1572498977912,2019-10-31T05:16:17.912Z,sell,5.475e-05,9.0,0.00049275
BCD/BTC,1572498988705,2019-10-31T05:16:28.705Z,sell,5.477e-05,341.0,0.01867657
BCD/BTC,1572498988705,2019-10-31T05:16:28.705Z,sell,5.476e-05,88.0,0.0048188799999999
BCD/BTC,1572499001746,2019-10-31T05:16:41.746Z,sell,5.475e-05,62.0,0.0033945
BCD/BTC,1572499001746,2019-10-31T05:16:41.746Z,sell,5.475e-05,62.0,0.0033945
BCD/BTC,1572500174234,2019-10-31T05:36:14.234Z,sell,5.47e-05,289.0,0.0158083
BCD/BTC,1572500338349,2019-10-31T05:38:58.349Z,buy,5.465e-05,37.0,0.00202205
BCD/BTC,1572500338415,2019-10-31T05:38:58.415Z,buy,5.465e-05,19.0,0.00103835
BCD/BTC,1572500338537,2019-10-31T05:38:58.537Z,buy,5.465e-05,19.0,0.00103835
BCD/BTC,1572500338791,2019-10-31T05:38:58.791Z,buy,5.465e-05,66.0,0.0036069
BCD/BTC,1572500338911,2019-10-31T05:38:58.911Z,buy,5.465e-05,92.0,0.0050278
BCD/BTC,1572500348160,2019-10-31T05:39:08.160Z,buy,5.465e-05,2.0,0.0001093
BCD/BTC,1572500403160,2019-10-31T05:40:03.160Z,buy,5.465e-05,91.0,0.00497315
BCD/BTC,1572500403227,2019-10-31T05:40:03.227Z,buy,5.465e-05,10.0,0.0005465
BCD/BTC,1572500403277,2019-10-31T05:40:03.277Z,buy,5.465e-05,4.0,0.0002186
BCD/BTC,1572500403526,2019-10-31T05:40:03.526Z,buy,5.465e-05,15.0,0.00081975
BCD/BTC,1572500403668,2019-10-31T05:40:03.668Z,buy,5.465e-05,69.0,0.00377085
BCD/BTC,1572500403739,2019-10-31T05:40:03.739Z,buy,5.465e-05,39.0,0.00213135
BCD/BTC,1572500403777,2019-10-31T05:40:03.777Z,buy,5.465e-05,18.0,0.0009837
BCD/BTC,1572500404172,2019-10-31T05:40:04.172Z,buy,5.465e-05,29.0,0.00158485
BCD/BTC,1572500404458,2019-10-31T05:40:04.458Z,buy,5.465e-05,70.0,0.0038255
BCD/BTC,1572500404458,2019-10-31T05:40:04.458Z,buy,5.465e-05,27.0,0.00147555
BCD/BTC,1572500404614,2019-10-31T05:40:04.614Z,buy,5.472e-05,122.0,0.00667584
BCD/BTC,1572500404614,2019-10-31T05:40:04.614Z,buy,5.473e-05,71.0,0.00388583
BCD/BTC,1572500404614,2019-10-31T05:40:04.614Z,buy,5.483e-05,183.0,0.01003389
BCD/BTC,1572500404614,2019-10-31T05:40:04.614Z,buy,5.489e-05,72.0,0.00395208
BCD/BTC,1572500404614,2019-10-31T05:40:04.614Z,buy,5.498e-05,52.0,0.00285896
BCD/BTC,1572500404680,2019-10-31T05:40:04.680Z,buy,5.482e-05,55.0,0.0030151
BCD/BTC,1572500404838,2019-10-31T05:40:04.838Z,buy,5.482e-05,26.0,0.00142532
BCD/BTC,1572500404838,2019-10-31T05:40:04.838Z,buy,5.498e-05,155.0,0.0085219
BCD/BTC,1572500404864,2019-10-31T05:40:04.864Z,buy,5.482e-05,54.0,0.00296028
BCD/BTC,1572500404864,2019-10-31T05:40:04.864Z,buy,5.498e-05,168.0,0.0092366399999999
BCD/BTC,1572500404864,2019-10-31T05:40:04.864Z,buy,5.499e-05,395.0,0.02172105
BCD/BTC,1572500404864,2019-10-31T05:40:04.864Z,buy,5.504e-05,194.0,0.01067776
BCD/BTC,1572500404864,2019-10-31T05:40:04.864Z,buy,5.505e-05,41.0,0.00225705
BCD/BTC,1572500404892,2019-10-31T05:40:04.892Z,sell,5.506e-05,129.0,0.00710274
BCD/BTC,1572500404908,2019-10-31T05:40:04.908Z,sell,5.506e-05,100.0,0.005506
BCD/BTC,1572500404912,2019-10-31T05:40:04.912Z,sell,5.506e-05,65.0,0.0035789
BCD/BTC,1572500404953,2019-10-31T05:40:04.953Z,sell,5.506e-05,73.0,0.0040193799999999
BCD/BTC,1572500405001,2019-10-31T05:40:05.001Z,sell,5.506e-05,76.0,0.0041845599999999
BCD/BTC,1572500405002,2019-10-31T05:40:05.002Z,sell,5.506e-05,76.0,0.0041845599999999
BCD/BTC,1572500405106,2019-10-31T05:40:05.106Z,sell,5.506e-05,81.0,0.0044598599999999
BCD/BTC,1572500405345,2019-10-31T05:40:05.345Z,sell,5.506e-05,33.0,0.00181698
BCD/BTC,1572500405723,2019-10-31T05:40:05.723Z,sell,5.506e-05,94.0,0.00517564
BCD/BTC,1572500405857,2019-10-31T05:40:05.857Z,buy,5.51e-05,40.0,0.002204
BCD/BTC,1572500406728,2019-10-31T05:40:06.728Z,sell,5.506e-05,25.0,0.0013765
BCD/BTC,1572500407793,2019-10-31T05:40:07.793Z,sell,5.506e-05,25.0,0.0013765
BCD/BTC,1572500407989,2019-10-31T05:40:07.989Z,buy,5.51e-05,14.0,0.0007714
BCD/BTC,1572500407989,2019-10-31T05:40:07.989Z,buy,5.51e-05,28.0,0.0015428
BCD/BTC,1572500408309,2019-10-31T05:40:08.309Z,buy,5.51e-05,116.0,0.0063916
BCD/BTC,1572500408309,2019-10-31T05:40:08.309Z,buy,5.516e-05,223.0,0.01230068
BCD/BTC,1572500408309,2019-10-31T05:40:08.309Z,buy,5.519e-05,298.0,0.01644662
BCD/BTC,1572500408309,2019-10-31T05:40:08.309Z,buy,5.52e-05,449.0,0.0247848
BCD/BTC,1572500408338,2019-10-31T05:40:08.338Z,buy,5.52e-05,14.0,0.0007728
BCD/BTC,1572500408422,2019-10-31T05:40:08.422Z,buy,5.52e-05,361.0,0.0199272
BCD/BTC,1572500408612,2019-10-31T05:40:08.612Z,buy,5.52e-05,73.0,0.0040296
BCD/BTC,1572500408662,2019-10-31T05:40:08.662Z,buy,5.52e-05,22.0,0.0012144
BCD/BTC,1572500408662,2019-10-31T05:40:08.662Z,buy,5.521e-05,14.0,0.00077294
BCD/BTC,1572500408665,2019-10-31T05:40:08.665Z,buy,5.521e-05,271.0,0.01496191
BCD/BTC,1572500409778,2019-10-31T05:40:09.778Z,buy,5.521e-05,54.0,0.00298134
BCD/BTC,1572500409793,2019-10-31T05:40:09.793Z,buy,5.521e-05,13.0,0.00071773
BCD/BTC,1572500409932,2019-10-31T05:40:09.932Z,buy,5.521e-05,50.0,0.0027605
BCD/BTC,1572500410119,2019-10-31T05:40:10.119Z,buy,5.521e-05,14.0,0.00077294
BCD/BTC,1572500410214,2019-10-31T05:40:10.214Z,buy,5.521e-05,36.0,0.00198756
BCD/BTC,1572500410895,2019-10-31T05:40:10.895Z,buy,5.521e-05,21.0,0.00115941
BCD/BTC,1572500412745,2019-10-31T05:40:12.745Z,buy,5.521e-05,21.0,0.00115941
BCD/BTC,1572500412895,2019-10-31T05:40:12.895Z,buy,5.521e-05,71.0,0.00391991
BCD/BTC,1572500413094,2019-10-31T05:40:13.094Z,buy,5.521e-05,17.0,0.00093857
BCD/BTC,1572500413323,2019-10-31T05:40:13.323Z,buy,5.521e-05,14.0,0.00077294
BCD/BTC,1572500413339,2019-10-31T05:40:13.339Z,buy,5.521e-05,21.0,0.00115941
BCD/BTC,1572500413468,2019-10-31T05:40:13.468Z,buy,5.521e-05,12.0,0.00066252
BCD/BTC,1572500413512,2019-10-31T05:40:13.512Z,buy,5.521e-05,28.0,0.00154588
BCD/BTC,1572500413717,2019-10-31T05:40:13.717Z,buy,5.521e-05,35.0,0.00193235
BCD/BTC,1572500414013,2019-10-31T05:40:14.013Z,buy,5.521e-05,53.0,0.00292613
BCD/BTC,1572500414477,2019-10-31T05:40:14.477Z,sell,5.506e-05,23.0,0.00126638
BCD/BTC,1572500414677,2019-10-31T05:40:14.677Z,buy,5.521e-05,8.0,0.00044168
BCD/BTC,1572500414753,2019-10-31T05:40:14.753Z,buy,5.521e-05,35.0,0.00193235
BCD/BTC,1572500414805,2019-10-31T05:40:14.805Z,buy,5.521e-05,22.0,0.00121462
BCD/BTC,1572500414999,2019-10-31T05:40:14.999Z,buy,5.521e-05,7.0,0.00038647
BCD/BTC,1572500415000,2019-10-31T05:40:15.000Z,buy,5.521e-05,89.0,0.00491369
BCD/BTC,1572500415238,2019-10-31T05:40:15.238Z,buy,5.521e-05,14.0,0.00077294
BCD/BTC,1572500415375,2019-10-31T05:40:15.375Z,sell,5.506e-05,47.0,0.00258782
BCD/BTC,1572500415449,2019-10-31T05:40:15.449Z,buy,5.521e-05,19.0,0.00104899
BCD/BTC,1572500416601,2019-10-31T05:40:16.601Z,buy,5.521e-05,3.0,0.00016563
BCD/BTC,1572500416645,2019-10-31T05:40:16.645Z,buy,5.521e-05,179.0,0.00988259
BCD/BTC,1572500417724,2019-10-31T05:40:17.724Z,sell,5.506e-05,19.0,0.0010461399999999
BCD/BTC,1572500425591,2019-10-31T05:40:25.591Z,buy,5.518e-05,217.0,0.01197406
BCD/BTC,1572500425591,2019-10-31T05:40:25.591Z,buy,5.521e-05,150.0,0.0082815
BCD/BTC,1572500468118,2019-10-31T05:41:08.118Z,sell,5.506e-05,2.0,0.00011012
BCD/BTC,1572500531205,2019-10-31T05:42:11.205Z,buy,5.52e-05,71.0,0.0039192
BCD/BTC,1572500531677,2019-10-31T05:42:11.677Z,buy,5.521e-05,37.0,0.00204277
BCD/BTC,1572500549163,2019-10-31T05:42:29.163Z,sell,5.52e-05,111.0,0.0061272
BCD/BTC,1572501648263,2019-10-31T06:00:48.263Z,sell,5.506e-05,80.0,0.0044047999999999
BCD/BTC,1572501738388,2019-10-31T06:02:18.388Z,sell,5.506e-05,38.0,0.0020922799999999
BCD/BTC,1572501739143,2019-10-31T06:02:19.143Z,sell,5.506e-05,24.0,0.00132144
BCD/BTC,1572501740117,2019-10-31T06:02:20.117Z,sell,5.506e-05,123.0,0.00677238
BCD/BTC,1572501740139,2019-10-31T06:02:20.139Z,sell,5.506e-05,45.0,0.0024776999999999
BCD/BTC,1572501806215,2019-10-31T06:03:26.215Z,sell,5.506e-05,249.0,0.01370994
BCD/BTC,1572502014878,2019-10-31T06:06:54.878Z,buy,5.506e-05,142.0,0.0078185199999999
BCD/BTC,1572502015384,2019-10-31T06:06:55.384Z,buy,5.506e-05,887.0,0.04883822
BCD/BTC,1572502015386,2019-10-31T06:06:55.386Z,buy,5.506e-05,323.0,0.01778438
BCD/BTC,1572502016884,2019-10-31T06:06:56.884Z,buy,5.506e-05,32.0,0.00176192
BCD/BTC,1572502018996,2019-10-31T06:06:58.996Z,sell,5.485e-05,2.0,0.0001097
BCD/BTC,1572502127937,2019-10-31T06:08:47.937Z,buy,5.505e-05,774.0,0.0426087
BCD/BTC,1572502127937,2019-10-31T06:08:47.937Z,buy,5.506e-05,4783.0,0.26335198
BCD/BTC,1572502490053,2019-10-31T06:14:50.053Z,buy,5.503e-05,474.0,0.02608422
BCD/BTC,1572502490053,2019-10-31T06:14:50.053Z,buy,5.504e-05,434.0,0.02388736
BCD/BTC,1572502490053,2019-10-31T06:14:50.053Z,buy,5.503e-05,474.0,0.02608422
BCD/BTC,1572502490053,2019-10-31T06:14:50.053Z,buy,5.504e-05,434.0,0.02388736
BCD/BTC,1572502669992,2019-10-31T06:17:49.992Z,buy,5.51e-05,950.0,0.0523449999999999
BCD/BTC,1572502670068,2019-10-31T06:17:50.068Z,buy,5.512e-05,305.0,0.0168116
BCD/BTC,1572502670068,2019-10-31T06:17:50.068Z,buy,5.524e-05,95.0,0.0052478
BCD/BTC,1572502670142,2019-10-31T06:17:50.142Z,sell,5.518e-05,318.0,0.01754724
BCD/BTC,1572502670148,2019-10-31T06:17:50.148Z,buy,5.511e-05,157.0,0.00865227
BCD/BTC,1572502670148,2019-10-31T06:17:50.148Z,buy,5.524e-05,186.0,0.01027464
BCD/BTC,1572502670148,2019-10-31T06:17:50.148Z,buy,5.529e-05,464.0,0.02565456
BCD/BTC,1572502670175,2019-10-31T06:17:50.175Z,sell,5.482e-05,56.0,0.00306992
BCD/BTC,1572502670201,2019-10-31T06:17:50.201Z,buy,5.529e-05,550.0,0.0304095
BCD/BTC,1572502670201,2019-10-31T06:17:50.201Z,buy,5.533e-05,282.0,0.01560306
BCD/BTC,1572502670201,2019-10-31T06:17:50.201Z,buy,5.534e-05,3.0,0.00016602
BCD/BTC,1572502670217,2019-10-31T06:17:50.217Z,sell,5.535e-05,12.0,0.0006642
BCD/BTC,1572502670220,2019-10-31T06:17:50.220Z,sell,5.535e-05,1.0,5.535e-05
BCD/BTC,1572502671521,2019-10-31T06:17:51.521Z,buy,5.535e-05,56.0,0.0030995999999999
BCD/BTC,1572502671521,2019-10-31T06:17:51.521Z,buy,5.536e-05,7.0,0.00038752
BCD/BTC,1572502671521,2019-10-31T06:17:51.521Z,buy,5.537e-05,317.0,0.01755229
BCD/BTC,1572502671521,2019-10-31T06:17:51.521Z,buy,5.538e-05,41.0,0.00227058
BCD/BTC,1572502671521,2019-10-31T06:17:51.521Z,buy,5.539e-05,87.0,0.00481893
BCD/BTC,1572502671521,2019-10-31T06:17:51.521Z,buy,5.54e-05,12.0,0.0006648
BCD/BTC,1572502703694,2019-10-31T06:18:23.694Z,buy,5.521e-05,4.0,0.00022084
BCD/BTC,1572502703711,2019-10-31T06:18:23.711Z,buy,5.521e-05,4.0,0.00022084
BCD/BTC,1572502703922,2019-10-31T06:18:23.922Z,buy,5.521e-05,3.0,0.00016563
BCD/BTC,1572502703922,2019-10-31T06:18:23.922Z,buy,5.54e-05,916.0,0.0507464
BCD/BTC,1572502704004,2019-10-31T06:18:24.004Z,buy,5.54e-05,58.0,0.0032132
BCD/BTC,1572502704016,2019-10-31T06:18:24.016Z,buy,5.54e-05,464.0,0.0257056
BCD/BTC,1572502704016,2019-10-31T06:18:24.016Z,buy,5.543e-05,3.0,0.00016629
BCD/BTC,1572502704181,2019-10-31T06:18:24.181Z,buy,5.543e-05,212.0,0.01175116
BCD/BTC,1572502704181,2019-10-31T06:18:24.181Z,buy,5.548e-05,57.0,0.00316236
BCD/BTC,1572502704183,2019-10-31T06:18:24.183Z,buy,5.548e-05,160.0,0.0088767999999999
BCD/BTC,1572502704300,2019-10-31T06:18:24.300Z,buy,5.55e-05,295.0,0.0163725
BCD/BTC,1572502704362,2019-10-31T06:18:24.362Z,buy,5.55e-05,116.0,0.006438
BCD/BTC,1572502704362,2019-10-31T06:18:24.362Z,buy,5.551e-05,225.0,0.01248975
BCD/BTC,1572502704377,2019-10-31T06:18:24.377Z,buy,5.551e-05,58.0,0.00321958
BCD/BTC,1572502704377,2019-10-31T06:18:24.377Z,buy,5.557e-05,25.0,0.0013892499999999
BCD/BTC,1572502704457,2019-10-31T06:18:24.457Z,sell,5.557e-05,285.0,0.01583745
BCD/BTC,1572502707200,2019-10-31T06:18:27.200Z,sell,5.557e-05,23.0,0.00127811
BCD/BTC,1572502710523,2019-10-31T06:18:30.523Z,sell,5.557e-05,20.0,0.0011114
BCD/BTC,1572502716390,2019-10-31T06:18:36.390Z,sell,5.557e-05,66.0,0.00366762
BCD/BTC,1572502717589,2019-10-31T06:18:37.589Z,sell,5.557e-05,388.0,0.02156116
BCD/BTC,1572502736217,2019-10-31T06:18:56.217Z,sell,5.549e-05,405.0,0.02247345
BCD/BTC,1572502780095,2019-10-31T06:19:40.095Z,sell,5.538e-05,242.0,0.01340196
BCD/BTC,1572502798144,2019-10-31T06:19:58.144Z,sell,5.532e-05,162.0,0.00896184
BCD/BTC,1572502829342,2019-10-31T06:20:29.342Z,buy,5.549e-05,2.0,0.00011098
BCD/BTC,1572502829342,2019-10-31T06:20:29.342Z,buy,5.562e-05,121.0,0.00673002
BCD/BTC,1572502829342,2019-10-31T06:20:29.342Z,buy,5.563e-05,134.0,0.00745442
BCD/BTC,1572502829385,2019-10-31T06:20:29.385Z,buy,5.562e-05,94.0,0.00522828
BCD/BTC,1572502829385,2019-10-31T06:20:29.385Z,buy,5.563e-05,51.0,0.00283713
BCD/BTC,1572502829385,2019-10-31T06:20:29.385Z,buy,5.564e-05,141.0,0.00784524
BCD/BTC,1572502829400,2019-10-31T06:20:29.400Z,buy,5.564e-05,87.0,0.00484068
BCD/BTC,1572502829400,2019-10-31T06:20:29.400Z,buy,5.569e-05,3.0,0.0001670699999999
BCD/BTC,1572502829832,2019-10-31T06:20:29.832Z,buy,5.571e-05,41.0,0.00228411
BCD/BTC,1572502829952,2019-10-31T06:20:29.952Z,buy,5.574e-05,12.0,0.00066888
BCD/BTC,1572502832060,2019-10-31T06:20:32.060Z,sell,5.541e-05,25.0,0.00138525
BCD/BTC,1572502832397,2019-10-31T06:20:32.397Z,buy,5.574e-05,310.0,0.0172794
BCD/BTC,1572502851406,2019-10-31T06:20:51.406Z,buy,5.573e-05,30.0,0.0016718999999999
BCD/BTC,1572502852889,2019-10-31T06:20:52.889Z,buy,5.573e-05,30.0,0.0016718999999999
BCD/BTC,1572502859748,2019-10-31T06:20:59.748Z,buy,5.573e-05,11.0,0.00061303
BCD/BTC,1572502884356,2019-10-31T06:21:24.356Z,sell,5.573e-05,35.0,0.00195055
BCD/BTC,1572502893888,2019-10-31T06:21:33.888Z,sell,5.573e-05,30.0,0.0016718999999999
BCD/BTC,1572502894609,2019-10-31T06:21:34.609Z,sell,5.573e-05,278.0,0.0154929399999999
BCD/BTC,1572502895086,2019-10-31T06:21:35.086Z,buy,5.572e-05,143.0,0.00796796
BCD/BTC,1572502895086,2019-10-31T06:21:35.086Z,buy,5.573e-05,232.0,0.0129293599999999
BCD/BTC,1572502895113,2019-10-31T06:21:35.113Z,buy,5.573e-05,37.0,0.00206201
BCD/BTC,1572502897260,2019-10-31T06:21:37.260Z,buy,5.573e-05,252.0,0.01404396
BCD/BTC,1572502899461,2019-10-31T06:21:39.461Z,buy,5.573e-05,121.0,0.00674333
BCD/BTC,1572502939682,2019-10-31T06:22:19.682Z,buy,5.573e-05,566.0,0.03154318
BCD/BTC,1572502939682,2019-10-31T06:22:19.682Z,buy,5.574e-05,198.0,0.01103652
BCD/BTC,1572502939682,2019-10-31T06:22:19.682Z,buy,5.575e-05,101.0,0.00563075
BCD/BTC,1572502939682,2019-10-31T06:22:19.682Z,buy,5.578e-05,17.0,0.0009482599999999
BCD/BTC,1572502939682,2019-10-31T06:22:19.682Z,buy,5.58e-05,257.0,0.0143406
BCD/BTC,1572502939682,2019-10-31T06:22:19.682Z,buy,5.582e-05,19.0,0.00106058
BCD/BTC,1572502939682,2019-10-31T06:22:19.682Z,buy,5.585e-05,62.0,0.0034627
BCD/BTC,1572503042062,2019-10-31T06:24:02.062Z,sell,5.554e-05,2.0,0.00011108
BCD/BTC,1572503046321,2019-10-31T06:24:06.321Z,sell,5.557e-05,3.0,0.0001667099999999
BCD/BTC,1572503050010,2019-10-31T06:24:10.010Z,sell,5.558e-05,3.0,0.00016674
BCD/BTC,1572503053742,2019-10-31T06:24:13.742Z,buy,5.561e-05,19.0,0.00105659
BCD/BTC,1572503054036,2019-10-31T06:24:14.036Z,sell,5.567e-05,3.0,0.00016701
BCD/BTC,1572503061180,2019-10-31T06:24:21.180Z,sell,5.567e-05,3.0,0.00016701
BCD/BTC,1572503061394,2019-10-31T06:24:21.394Z,sell,5.567e-05,4.0,0.00022268
BCD/BTC,1572503061675,2019-10-31T06:24:21.675Z,sell,5.567e-05,4.0,0.00022268
BCD/BTC,1572503062173,2019-10-31T06:24:22.173Z,sell,5.567e-05,4.0,0.00022268
BCD/BTC,1572503062354,2019-10-31T06:24:22.354Z,sell,5.567e-05,1.0,5.567e-05
BCD/BTC,1572503062354,2019-10-31T06:24:22.354Z,sell,5.56e-05,3.0,0.0001668
BCD/BTC,1572503062672,2019-10-31T06:24:22.672Z,sell,5.56e-05,4.0,0.0002224
BCD/BTC,1572503062852,2019-10-31T06:24:22.852Z,sell,5.56e-05,4.0,0.0002224
BCD/BTC,1572503063171,2019-10-31T06:24:23.171Z,sell,5.56e-05,4.0,0.0002224
BCD/BTC,1572503098142,2019-10-31T06:24:58.142Z,buy,5.585e-05,30.0,0.0016755
BCD/BTC,1572503117661,2019-10-31T06:25:17.661Z,buy,5.585e-05,36.0,0.0020106
BCD/BTC,1572503117957,2019-10-31T06:25:17.957Z,buy,5.585e-05,35.0,0.00195475
BCD/BTC,1572503184730,2019-10-31T06:26:24.730Z,buy,5.585e-05,30.0,0.0016755
BCD/BTC,1572503184880,2019-10-31T06:26:24.880Z,buy,5.585e-05,9.0,0.00050265
BCD/BTC,1572503185142,2019-10-31T06:26:25.142Z,buy,5.585e-05,14.0,0.0007819
BCD/BTC,1572503185142,2019-10-31T06:26:25.142Z,buy,5.586e-05,19.0,0.00106134
BCD/BTC,1572503185761,2019-10-31T06:26:25.761Z,buy,5.586e-05,37.0,0.00206682
BCD/BTC,1572503185761,2019-10-31T06:26:25.761Z,buy,5.589e-05,77.0,0.00430353
BCD/BTC,1572503185761,2019-10-31T06:26:25.761Z,buy,5.59e-05,4.0,0.0002236
BCD/BTC,1572503185761,2019-10-31T06:26:25.761Z,buy,5.591e-05,28.0,0.00156548
BCD/BTC,1572503209249,2019-10-31T06:26:49.249Z,buy,5.591e-05,18.0,0.0010063799999999
BCD/BTC,1572503307831,2019-10-31T06:28:27.831Z,buy,5.591e-05,642.0,0.03589422
BCD/BTC,1572503308163,2019-10-31T06:28:28.163Z,buy,5.591e-05,233.0,0.01302703
BCD/BTC,1572503308163,2019-10-31T06:28:28.163Z,buy,5.592e-05,55.0,0.0030756
BCD/BTC,1572503308163,2019-10-31T06:28:28.163Z,buy,5.597e-05,10.0,0.0005597
BCD/BTC,1572503309255,2019-10-31T06:28:29.255Z,sell,5.598e-05,167.0,0.00934866
BCD/BTC,1572503585544,2019-10-31T06:33:05.544Z,sell,5.579e-05,106.0,0.00591374
BCD/BTC,1572503979904,2019-10-31T06:39:39.904Z,buy,5.599e-05,49.0,0.00274351
BCD/BTC,1572503983336,2019-10-31T06:39:43.336Z,buy,5.599e-05,23.0,0.00128777
BCD/BTC,1572503983336,2019-10-31T06:39:43.336Z,buy,5.6e-05,7.0,0.000392
BCD/BTC,1572503983656,2019-10-31T06:39:43.656Z,buy,5.6e-05,2.0,0.000112
BCD/BTC,1572503983656,2019-10-31T06:39:43.656Z,buy,5.603e-05,3.0,0.00016809
BCD/BTC,1572503983656,2019-10-31T06:39:43.656Z,buy,5.605e-05,4.0,0.0002242
BCD/BTC,1572503999260,2019-10-31T06:39:59.260Z,buy,5.599e-05,29.0,0.00162371
BCD/BTC,1572503999323,2019-10-31T06:39:59.323Z,buy,5.599e-05,20.0,0.0011198
BCD/BTC,1572503999596,2019-10-31T06:39:59.596Z,buy,5.599e-05,13.0,0.0007278699999999
BCD/BTC,1572503999596,2019-10-31T06:39:59.596Z,buy,5.604e-05,32.0,0.00179328
BCD/BTC,1572504028105,2019-10-31T06:40:28.105Z,buy,5.604e-05,5.0,0.0002802
BCD/BTC,1572504028105,2019-10-31T06:40:28.105Z,buy,5.605e-05,82.0,0.0045961
BCD/BTC,1572504029498,2019-10-31T06:40:29.498Z,buy,5.605e-05,35.0,0.00196175
BCD/BTC,1572504331413,2019-10-31T06:45:31.413Z,sell,5.604e-05,6.0,0.00033624
BCD/BTC,1572504515794,2019-10-31T06:48:35.794Z,buy,5.605e-05,22.0,0.0012331
BCD/BTC,1572504515794,2019-10-31T06:48:35.794Z,buy,5.606e-05,159.0,0.00891354
BCD/BTC,1572504664723,2019-10-31T06:51:04.723Z,buy,5.604e-05,15.0,0.0008405999999999
BCD/BTC,1572504678291,2019-10-31T06:51:18.291Z,sell,5.604e-05,7.0,0.00039228
BCD/BTC,1572504678291,2019-10-31T06:51:18.291Z,sell,5.581e-05,358.0,0.01997998
BCD/BTC,1572504678322,2019-10-31T06:51:18.322Z,buy,5.581e-05,267.0,0.01490127
BCD/BTC,1572504688405,2019-10-31T06:51:28.405Z,buy,5.606e-05,22.0,0.00123332
BCD/BTC,1572504688405,2019-10-31T06:51:28.405Z,buy,5.612e-05,25.0,0.001403
BCD/BTC,1572504697636,2019-10-31T06:51:37.636Z,buy,5.612e-05,209.0,0.01172908
BCD/BTC,1572504728192,2019-10-31T06:52:08.192Z,buy,5.612e-05,81.0,0.00454572
BCD/BTC,1572504728374,2019-10-31T06:52:08.374Z,buy,5.612e-05,43.0,0.00241316
BCD/BTC,1572504728374,2019-10-31T06:52:08.374Z,buy,5.613e-05,140.0,0.0078582
BCD/BTC,1572504728436,2019-10-31T06:52:08.436Z,buy,5.613e-05,384.0,0.02155392
BCD/BTC,1572504728449,2019-10-31T06:52:08.449Z,buy,5.613e-05,71.0,0.00398523
BCD/BTC,1572504729460,2019-10-31T06:52:09.460Z,buy,5.613e-05,122.0,0.00684786
BCD/BTC,1572504729758,2019-10-31T06:52:09.758Z,buy,5.613e-05,183.0,0.01027179
BCD/BTC,1572504729887,2019-10-31T06:52:09.887Z,buy,5.613e-05,411.0,0.02306943
BCD/BTC,1572504732004,2019-10-31T06:52:12.004Z,buy,5.613e-05,33.0,0.00185229
BCD/BTC,1572504732313,2019-10-31T06:52:12.313Z,buy,5.613e-05,44.0,0.00246972
BCD/BTC,1572504732484,2019-10-31T06:52:12.484Z,buy,5.613e-05,269.0,0.01509897
BCD/BTC,1572504777507,2019-10-31T06:52:57.507Z,buy,5.612e-05,2.0,0.00011224
BCD/BTC,1572504777507,2019-10-31T06:52:57.507Z,buy,5.613e-05,495.0,0.02778435
BCD/BTC,1572504777507,2019-10-31T06:52:57.507Z,buy,5.616e-05,685.0,0.0384696
BCD/BTC,1572504843802,2019-10-31T06:54:03.802Z,buy,5.616e-05,53.0,0.0029764799999999
BCD/BTC,1572504843821,2019-10-31T06:54:03.821Z,sell,5.619e-05,214.0,0.01202466
BCD/BTC,1572505251369,2019-10-31T07:00:51.369Z,sell,5.599e-05,357.0,0.0199884299999999
BCD/BTC,1572505251369,2019-10-31T07:00:51.369Z,sell,5.598e-05,71.0,0.00397458
BCD/BTC,1572505251369,2019-10-31T07:00:51.369Z,sell,5.574e-05,236.0,0.01315464
BCD/BTC,1572505251369,2019-10-31T07:00:51.369Z,sell,5.573e-05,18.0,0.00100314
BCD/BTC,1572505251369,2019-10-31T07:00:51.369Z,sell,5.571e-05,112.0,0.00623952
BCD/BTC,1572505251369,2019-10-31T07:00:51.369Z,sell,5.569e-05,81.0,0.00451089
BCD/BTC,1572505251385,2019-10-31T07:00:51.385Z,buy,5.568e-05,172.0,0.00957696
BCD/BTC,1572505251387,2019-10-31T07:00:51.387Z,buy,5.568e-05,172.0,0.00957696
BCD/BTC,1572505251389,2019-10-31T07:00:51.389Z,buy,5.568e-05,172.0,0.00957696
BCD/BTC,1572505251401,2019-10-31T07:00:51.401Z,buy,5.568e-05,251.0,0.01397568
BCD/BTC,1572505251404,2019-10-31T07:00:51.404Z,buy,5.568e-05,103.0,0.00573504
BCD/BTC,1572505251405,2019-10-31T07:00:51.405Z,buy,5.568e-05,60.0,0.0033408
BCD/BTC,1572505251753,2019-10-31T07:00:51.753Z,sell,5.599e-05,174.0,0.0097422599999999
BCD/BTC,1572505251801,2019-10-31T07:00:51.801Z,sell,5.599e-05,14.0,0.0007838599999999
BCD/BTC,1572505258795,2019-10-31T07:00:58.795Z,buy,5.602e-05,78.0,0.00436956
BCD/BTC,1572505258795,2019-10-31T07:00:58.795Z,buy,5.603e-05,3.0,0.00016809
BCD/BTC,1572505258795,2019-10-31T07:00:58.795Z,buy,5.604e-05,71.0,0.00397884
BCD/BTC,1572505258795,2019-10-31T07:00:58.795Z,buy,5.605e-05,41.0,0.00229805
BCD/BTC,1572505258795,2019-10-31T07:00:58.795Z,buy,5.617e-05,68.0,0.00381956
BCD/BTC,1572505258795,2019-10-31T07:00:58.795Z,buy,5.618e-05,357.0,0.02005626
BCD/BTC,1572505258795,2019-10-31T07:00:58.795Z,buy,5.62e-05,42.0,0.0023604
BCD/BTC,1572505258795,2019-10-31T07:00:58.795Z,buy,5.624e-05,21.0,0.00118104
BCD/BTC,1572505258795,2019-10-31T07:00:58.795Z,buy,5.628e-05,249.0,0.01401372
BCD/BTC,1572505259063,2019-10-31T07:00:59.063Z,buy,5.617e-05,62.0,0.00348254
BCD/BTC,1572505259063,2019-10-31T07:00:59.063Z,buy,5.628e-05,837.0,0.04710636
BCD/BTC,1572505259063,2019-10-31T07:00:59.063Z,buy,5.63e-05,31.0,0.0017453
BCD/BTC,1572505262695,2019-10-31T07:01:02.695Z,buy,5.63e-05,412.0,0.0231956
BCD/BTC,1572505262774,2019-10-31T07:01:02.774Z,buy,5.63e-05,40.0,0.002252
BCD/BTC,1572505262774,2019-10-31T07:01:02.774Z,buy,5.631e-05,60.0,0.0033786
BCD/BTC,1572505267880,2019-10-31T07:01:07.880Z,buy,5.631e-05,500.0,0.028155
BCD/BTC,1572505282503,2019-10-31T07:01:22.503Z,buy,5.61e-05,351.0,0.0196911
BCD/BTC,1572505283397,2019-10-31T07:01:23.397Z,buy,5.631e-05,550.0,0.0309705
BCD/BTC,1572505283397,2019-10-31T07:01:23.397Z,buy,5.633e-05,13.0,0.00073229
BCD/BTC,1572505283397,2019-10-31T07:01:23.397Z,buy,5.638e-05,44.0,0.00248072
BCD/BTC,1572505283397,2019-10-31T07:01:23.397Z,buy,5.639e-05,192.0,0.01082688
BCD/BTC,1572505283397,2019-10-31T07:01:23.397Z,buy,5.641e-05,25.0,0.0014102499999999
BCD/BTC,1572505283397,2019-10-31T07:01:23.397Z,buy,5.645e-05,43.0,0.00242735
BCD/BTC,1572505283817,2019-10-31T07:01:23.817Z,buy,5.645e-05,70.0,0.0039515
BCD/BTC,1572505283817,2019-10-31T07:01:23.817Z,buy,5.649e-05,326.0,0.01841574
BCD/BTC,1572505315001,2019-10-31T07:01:55.001Z,sell,5.614e-05,25.0,0.0014035
BCD/BTC,1572505317581,2019-10-31T07:01:57.581Z,buy,5.643e-05,61.0,0.00344223
BCD/BTC,1572505317581,2019-10-31T07:01:57.581Z,buy,5.649e-05,4.0,0.00022596
BCD/BTC,1572505317594,2019-10-31T07:01:57.594Z,sell,5.651e-05,18.0,0.00101718
BCD/BTC,1572505317595,2019-10-31T07:01:57.595Z,sell,5.651e-05,1.0,5.651e-05
BCD/BTC,1572505321825,2019-10-31T07:02:01.825Z,sell,5.615e-05,25.0,0.00140375
BCD/BTC,1572505322133,2019-10-31T07:02:02.133Z,sell,5.616e-05,25.0,0.0014039999999999
BCD/BTC,1572505323202,2019-10-31T07:02:03.202Z,buy,5.649e-05,18.0,0.00101682
BCD/BTC,1572505539396,2019-10-31T07:05:39.396Z,buy,5.649e-05,2.0,0.00011298
BCD/BTC,1572505539396,2019-10-31T07:05:39.396Z,buy,5.65e-05,10.0,0.000565
BCD/BTC,1572505539396,2019-10-31T07:05:39.396Z,buy,5.651e-05,19.0,0.00107369
BCD/BTC,1572505539396,2019-10-31T07:05:39.396Z,buy,5.652e-05,51.0,0.00288252
BCD/BTC,1572505539396,2019-10-31T07:05:39.396Z,buy,5.653e-05,25.0,0.00141325
BCD/BTC,1572505539396,2019-10-31T07:05:39.396Z,buy,5.654e-05,244.0,0.0137957599999999
BCD/BTC,1572505539425,2019-10-31T07:05:39.425Z,buy,5.654e-05,569.0,0.03217126
BCD/BTC,1572505539500,2019-10-31T07:05:39.500Z,buy,5.652e-05,51.0,0.00288252
BCD/BTC,1572505539500,2019-10-31T07:05:39.500Z,buy,5.654e-05,105.0,0.0059367
BCD/BTC,1572505539531,2019-10-31T07:05:39.531Z,buy,5.654e-05,90.0,0.0050885999999999
BCD/BTC,1572505539559,2019-10-31T07:05:39.559Z,buy,5.654e-05,370.0,0.0209198
BCD/BTC,1572505539559,2019-10-31T07:05:39.559Z,buy,5.654e-05,30.0,0.0016962
BCD/BTC,1572505539587,2019-10-31T07:05:39.587Z,buy,5.652e-05,51.0,0.00288252
BCD/BTC,1572505539587,2019-10-31T07:05:39.587Z,buy,5.654e-05,16.0,0.00090464
BCD/BTC,1572505539587,2019-10-31T07:05:39.587Z,buy,5.659e-05,3.0,0.00016977
BCD/BTC,1572505539616,2019-10-31T07:05:39.616Z,sell,5.66e-05,86.0,0.0048676
BCD/BTC,1572505539643,2019-10-31T07:05:39.643Z,sell,5.66e-05,33.0,0.0018678
BCD/BTC,1572505539645,2019-10-31T07:05:39.645Z,sell,5.66e-05,34.0,0.0019244
BCD/BTC,1572505539785,2019-10-31T07:05:39.785Z,buy,5.662e-05,17.0,0.0009625399999999
BCD/BTC,1572505539785,2019-10-31T07:05:39.785Z,buy,5.665e-05,5.0,0.00028325
BCD/BTC,1572505539785,2019-10-31T07:05:39.785Z,buy,5.667e-05,267.0,0.01513089
BCD/BTC,1572505539785,2019-10-31T07:05:39.785Z,buy,5.672e-05,124.0,0.00703328
BCD/BTC,1572505539785,2019-10-31T07:05:39.785Z,buy,5.673e-05,5.0,0.00028365
BCD/BTC,1572505539799,2019-10-31T07:05:39.799Z,sell,5.673e-05,2.0,0.00011346
BCD/BTC,1572505539804,2019-10-31T07:05:39.804Z,sell,5.673e-05,80.0,0.0045384
BCD/BTC,1572505539804,2019-10-31T07:05:39.804Z,sell,5.66e-05,474.0,0.0268284
BCD/BTC,1572505540149,2019-10-31T07:05:40.149Z,sell,5.673e-05,138.0,0.00782874
BCD/BTC,1572505540643,2019-10-31T07:05:40.643Z,sell,5.673e-05,10.0,0.0005673
BCD/BTC,1572505540643,2019-10-31T07:05:40.643Z,sell,5.66e-05,15.0,0.000849
BCD/BTC,1572505541623,2019-10-31T07:05:41.623Z,sell,5.66e-05,18.0,0.0010188
BCD/BTC,1572505541623,2019-10-31T07:05:41.623Z,sell,5.658e-05,7.0,0.00039606
BCD/BTC,1572505542637,2019-10-31T07:05:42.637Z,sell,5.66e-05,25.0,0.001415
BCD/BTC,1572505551223,2019-10-31T07:05:51.223Z,buy,5.677e-05,30.0,0.0017031
BCD/BTC,1572505568056,2019-10-31T07:06:08.056Z,sell,5.668e-05,2.0,0.00011336
BCD/BTC,1572505569116,2019-10-31T07:06:09.116Z,sell,5.668e-05,14.0,0.00079352
BCD/BTC,1572505569393,2019-10-31T07:06:09.393Z,buy,5.677e-05,20.0,0.0011354
BCD/BTC,1572505569393,2019-10-31T07:06:09.393Z,buy,5.679e-05,3.0,0.0001703699999999
BCD/BTC,1572505570468,2019-10-31T07:06:10.468Z,buy,5.679e-05,10.0,0.0005679
BCD/BTC,1572505573739,2019-10-31T07:06:13.739Z,sell,5.648e-05,40.0,0.0022592
BCD/BTC,1572505579549,2019-10-31T07:06:19.549Z,buy,5.653e-05,19.0,0.00107407
BCD/BTC,1572505591065,2019-10-31T07:06:31.065Z,buy,5.682e-05,4.0,0.00022728
BCD/BTC,1572505591466,2019-10-31T07:06:31.466Z,sell,5.659e-05,7.0,0.0003961299999999
BCD/BTC,1572505591471,2019-10-31T07:06:31.471Z,sell,5.659e-05,7.0,0.0003961299999999
BCD/BTC,1572505597315,2019-10-31T07:06:37.315Z,sell,5.659e-05,10.0,0.0005659
BCD/BTC,1572505597406,2019-10-31T07:06:37.406Z,buy,5.659e-05,308.0,0.01742972
BCD/BTC,1572505597517,2019-10-31T07:06:37.517Z,buy,5.659e-05,40.0,0.0022636
BCD/BTC,1572505597567,2019-10-31T07:06:37.567Z,buy,5.659e-05,9.0,0.00050931
BCD/BTC,1572505597774,2019-10-31T07:06:37.774Z,sell,5.665e-05,53.0,0.00300245
BCD/BTC,1572505599885,2019-10-31T07:06:39.885Z,sell,5.665e-05,53.0,0.00300245
BCD/BTC,1572505606448,2019-10-31T07:06:46.448Z,buy,5.682e-05,14.0,0.00079548
BCD/BTC,1572505606448,2019-10-31T07:06:46.448Z,buy,5.688e-05,28.0,0.00159264
BCD/BTC,1572505606448,2019-10-31T07:06:46.448Z,buy,5.694e-05,16.0,0.00091104
BCD/BTC,1572505606448,2019-10-31T07:06:46.448Z,buy,5.695e-05,81.0,0.00461295
BCD/BTC,1572505614573,2019-10-31T07:06:54.573Z,buy,5.695e-05,40.0,0.002278
BCD/BTC,1572505614573,2019-10-31T07:06:54.573Z,buy,5.696e-05,317.0,0.01805632
BCD/BTC,1572505621984,2019-10-31T07:07:01.984Z,buy,5.696e-05,18.0,0.00102528
BCD/BTC,1572505624154,2019-10-31T07:07:04.154Z,buy,5.696e-05,264.0,0.01503744
BCD/BTC,1572505666888,2019-10-31T07:07:46.888Z,sell,5.666e-05,86.0,0.00487276
BCD/BTC,1572505669044,2019-10-31T07:07:49.044Z,sell,5.666e-05,110.0,0.0062326
BCD/BTC,1572505671723,2019-10-31T07:07:51.723Z,sell,5.666e-05,71.0,0.00402286
BCD/BTC,1572505693472,2019-10-31T07:08:13.472Z,sell,5.666e-05,105.0,0.0059493
BCD/BTC,1572505695735,2019-10-31T07:08:15.735Z,sell,5.666e-05,117.0,0.00662922
BCD/BTC,1572505705026,2019-10-31T07:08:25.026Z,sell,5.666e-05,58.0,0.00328628
BCD/BTC,1572505747121,2019-10-31T07:09:07.121Z,sell,5.666e-05,62.0,0.00351292
BCD/BTC,1572505896486,2019-10-31T07:11:36.486Z,buy,5.694e-05,11.0,0.00062634
BCD/BTC,1572505923787,2019-10-31T07:12:03.787Z,sell,5.661e-05,102.0,0.00577422
BCD/BTC,1572505923790,2019-10-31T07:12:03.790Z,sell,5.661e-05,13.0,0.00073593
BCD/BTC,1572505923790,2019-10-31T07:12:03.790Z,sell,5.66e-05,18.0,0.0010188
BCD/BTC,1572505923790,2019-10-31T07:12:03.790Z,sell,5.659e-05,3.0,0.00016977
BCD/BTC,1572505925875,2019-10-31T07:12:05.875Z,buy,5.653e-05,45.0,0.00254385
BCD/BTC,1572505927325,2019-10-31T07:12:07.325Z,buy,5.658e-05,51.0,0.00288558
BCD/BTC,1572505927325,2019-10-31T07:12:07.325Z,buy,5.693e-05,195.0,0.01110135
BCD/BTC,1572505929854,2019-10-31T07:12:09.854Z,sell,5.645e-05,56.0,0.0031612
BCD/BTC,1572505932093,2019-10-31T07:12:12.093Z,sell,5.648e-05,4.0,0.00022592
BCD/BTC,1572505932490,2019-10-31T07:12:12.490Z,sell,5.649e-05,35.0,0.00197715
BCD/BTC,1572505953415,2019-10-31T07:12:33.415Z,buy,5.685e-05,70.0,0.0039795
BCD/BTC,1572505953419,2019-10-31T07:12:33.419Z,buy,5.685e-05,56.0,0.0031836
BCD/BTC,1572505953569,2019-10-31T07:12:33.569Z,buy,5.685e-05,49.0,0.0027856499999999
BCD/BTC,1572505953569,2019-10-31T07:12:33.569Z,buy,5.686e-05,91.0,0.00517426
BCD/BTC,1572505953569,2019-10-31T07:12:33.569Z,buy,5.687e-05,53.0,0.00301411
BCD/BTC,1572505953856,2019-10-31T07:12:33.856Z,sell,5.693e-05,221.0,0.01258153
BCD/BTC,1572506055098,2019-10-31T07:14:15.098Z,sell,5.66e-05,4.0,0.0002264
BCD/BTC,1572506055098,2019-10-31T07:14:15.098Z,sell,5.66e-05,4.0,0.0002264
BCD/BTC,1572506191591,2019-10-31T07:16:31.591Z,buy,5.693e-05,18.0,0.00102474
BCD/BTC,1572506516684,2019-10-31T07:21:56.684Z,buy,5.692e-05,18.0,0.0010245599999999
BCD/BTC,1572506977656,2019-10-31T07:29:37.656Z,sell,5.676e-05,426.0,0.0241797599999999
BCD/BTC,1572506983726,2019-10-31T07:29:43.726Z,buy,5.682e-05,1.0,5.682e-05
BCD/BTC,1572507217872,2019-10-31T07:33:37.872Z,sell,5.657e-05,18.0,0.00101826
BCD/BTC,1572507246620,2019-10-31T07:34:06.620Z,buy,5.657e-05,7.0,0.00039599
BCD/BTC,1572507377055,2019-10-31T07:36:17.055Z,sell,5.654e-05,300.0,0.0169619999999999
BCD/BTC,1572507433176,2019-10-31T07:37:13.176Z,sell,5.654e-05,23.0,0.00130042
BCD/BTC,1572507449208,2019-10-31T07:37:29.208Z,sell,5.647e-05,25.0,0.00141175
BCD/BTC,1572507449241,2019-10-31T07:37:29.241Z,buy,5.647e-05,10.0,0.0005647
BCD/BTC,1572507481580,2019-10-31T07:38:01.580Z,buy,5.668e-05,2.0,0.00011336
BCD/BTC,1572507481580,2019-10-31T07:38:01.580Z,buy,5.671e-05,7.0,0.0003969699999999
BCD/BTC,1572507482516,2019-10-31T07:38:02.516Z,buy,5.672e-05,9.0,0.00051048
BCD/BTC,1572507584636,2019-10-31T07:39:44.636Z,sell,5.647e-05,35.0,0.00197645
BCD/BTC,1572507591218,2019-10-31T07:39:51.218Z,sell,5.647e-05,2.0,0.00011294
BCD/BTC,1572507591218,2019-10-31T07:39:51.218Z,sell,5.646e-05,149.0,0.00841254
BCD/BTC,1572507613205,2019-10-31T07:40:13.205Z,sell,5.644e-05,76.0,0.00428944
BCD/BTC,1572507615268,2019-10-31T07:40:15.268Z,sell,5.644e-05,76.0,0.00428944
BCD/BTC,1572507617319,2019-10-31T07:40:17.319Z,buy,5.644e-05,59.0,0.00332996
BCD/BTC,1572507617457,2019-10-31T07:40:17.457Z,buy,5.644e-05,79.0,0.00445876
BCD/BTC,1572507617669,2019-10-31T07:40:17.669Z,buy,5.644e-05,91.0,0.00513604
BCD/BTC,1572507617770,2019-10-31T07:40:17.770Z,buy,5.644e-05,104.0,0.00586976
BCD/BTC,1572507618172,2019-10-31T07:40:18.172Z,buy,5.644e-05,54.0,0.00304776
BCD/BTC,1572507618715,2019-10-31T07:40:18.715Z,buy,5.644e-05,26.0,0.00146744
BCD/BTC,1572507619019,2019-10-31T07:40:19.019Z,buy,5.644e-05,9.0,0.00050796
BCD/BTC,1572507636531,2019-10-31T07:40:36.531Z,buy,5.644e-05,1.0,5.644e-05
BCD/BTC,1572507676729,2019-10-31T07:41:16.729Z,buy,5.674e-05,1.0,5.674e-05
BCD/BTC,1572507769842,2019-10-31T07:42:49.842Z,sell,5.642e-05,80.0,0.0045135999999999
BCD/BTC,1572507769842,2019-10-31T07:42:49.842Z,sell,5.641e-05,11.0,0.00062051
BCD/BTC,1572507769842,2019-10-31T07:42:49.842Z,sell,5.638e-05,44.0,0.00248072
BCD/BTC,1572507769842,2019-10-31T07:42:49.842Z,sell,5.634e-05,51.0,0.00287334
BCD/BTC,1572507769842,2019-10-31T07:42:49.842Z,sell,5.633e-05,13.0,0.00073229
BCD/BTC,1572507769842,2019-10-31T07:42:49.842Z,sell,5.631e-05,5.0,0.00028155
BCD/BTC,1572507769842,2019-10-31T07:42:49.842Z,sell,5.624e-05,3.0,0.00016872
BCD/BTC,1572507769842,2019-10-31T07:42:49.842Z,sell,5.621e-05,71.0,0.00399091
BCD/BTC,1572507769842,2019-10-31T07:42:49.842Z,sell,5.62e-05,17.0,0.0009553999999999
BCD/BTC,1572507769842,2019-10-31T07:42:49.842Z,sell,5.615e-05,19.0,0.00106685
BCD/BTC,1572507769842,2019-10-31T07:42:49.842Z,sell,5.612e-05,19.0,0.00106628
BCD/BTC,1572507769842,2019-10-31T07:42:49.842Z,sell,5.61e-05,36.0,0.0020196
BCD/BTC,1572507769842,2019-10-31T07:42:49.842Z,sell,5.606e-05,237.0,0.01328622
BCD/BTC,1572507769842,2019-10-31T07:42:49.842Z,sell,5.605e-05,41.0,0.00229805
BCD/BTC,1572507769842,2019-10-31T07:42:49.842Z,sell,5.604e-05,152.0,0.0085180799999999
BCD/BTC,1572507775041,2019-10-31T07:42:55.041Z,sell,5.608e-05,4.0,0.00022432
BCD/BTC,1572507775041,2019-10-31T07:42:55.041Z,sell,5.607e-05,59.0,0.00330813
BCD/BTC,1572507777254,2019-10-31T07:42:57.254Z,sell,5.608e-05,101.0,0.00566408
BCD/BTC,1572507777254,2019-10-31T07:42:57.254Z,sell,5.607e-05,80.0,0.0044855999999999
BCD/BTC,1572507785841,2019-10-31T07:43:05.841Z,buy,5.633e-05,3.0,0.00016899
BCD/BTC,1572507814567,2019-10-31T07:43:34.567Z,buy,5.625e-05,24.0,0.00135
BCD/BTC,1572507845089,2019-10-31T07:44:05.089Z,buy,5.637e-05,162.0,0.00913194
BCD/BTC,1572507925053,2019-10-31T07:45:25.053Z,sell,5.614e-05,54.0,0.00303156
BCD/BTC,1572507925053,2019-10-31T07:45:25.053Z,sell,5.613e-05,576.0,0.03233088
BCD/BTC,1572507925053,2019-10-31T07:45:25.053Z,sell,5.607e-05,2.0,0.00011214
BCD/BTC,1572507925053,2019-10-31T07:45:25.053Z,sell,5.603e-05,3.0,0.00016809
BCD/BTC,1572507925053,2019-10-31T07:45:25.053Z,sell,5.597e-05,5.0,0.00027985
BCD/BTC,1572507925053,2019-10-31T07:45:25.053Z,sell,5.592e-05,149.0,0.00833208
BCD/BTC,1572507927210,2019-10-31T07:45:27.210Z,sell,5.614e-05,107.0,0.00600698
BCD/BTC,1572507927875,2019-10-31T07:45:27.875Z,sell,5.614e-05,1.0,5.614e-05
BCD/BTC,1572507927875,2019-10-31T07:45:27.875Z,sell,5.59e-05,3.0,0.0001676999999999
BCD/BTC,1572507927875,2019-10-31T07:45:27.875Z,sell,5.586e-05,13.0,0.00072618
BCD/BTC,1572507927875,2019-10-31T07:45:27.875Z,sell,5.576e-05,8.0,0.00044608
BCD/BTC,1572507931226,2019-10-31T07:45:31.226Z,sell,5.577e-05,32.0,0.00178464
BCD/BTC,1572507937741,2019-10-31T07:45:37.741Z,buy,5.615e-05,148.0,0.0083102
BCD/BTC,1572507937741,2019-10-31T07:45:37.741Z,buy,5.616e-05,244.0,0.01370304
BCD/BTC,1572507937741,2019-10-31T07:45:37.741Z,buy,5.618e-05,239.0,0.01342702
BCD/BTC,1572507937741,2019-10-31T07:45:37.741Z,buy,5.622e-05,33.0,0.00185526
BCD/BTC,1572507937741,2019-10-31T07:45:37.741Z,buy,5.624e-05,3.0,0.00016872
BCD/BTC,1572507937741,2019-10-31T07:45:37.741Z,buy,5.631e-05,5.0,0.00028155
BCD/BTC,1572507937741,2019-10-31T07:45:37.741Z,buy,5.632e-05,55.0,0.0030976
BCD/BTC,1572507941322,2019-10-31T07:45:41.322Z,sell,5.6e-05,201.0,0.011256
BCD/BTC,1572507941322,2019-10-31T07:45:41.322Z,sell,5.599e-05,56.0,0.0031354399999999
BCD/BTC,1572507943961,2019-10-31T07:45:43.961Z,sell,5.598e-05,201.0,0.01125198
BCD/BTC,1572507946152,2019-10-31T07:45:46.152Z,sell,5.598e-05,81.0,0.00453438
BCD/BTC,1572507980405,2019-10-31T07:46:20.405Z,buy,5.619e-05,357.0,0.02005983
BCD/BTC,1572507980405,2019-10-31T07:46:20.405Z,buy,5.62e-05,212.0,0.0119143999999999
BCD/BTC,1572507980405,2019-10-31T07:46:20.405Z,buy,5.632e-05,240.0,0.0135168
BCD/BTC,1572507980424,2019-10-31T07:46:20.424Z,sell,5.632e-05,121.0,0.00681472
BCD/BTC,1572507980876,2019-10-31T07:46:20.876Z,buy,5.619e-05,26.0,0.00146094
BCD/BTC,1572507980878,2019-10-31T07:46:20.878Z,buy,5.619e-05,32.0,0.00179808
BCD/BTC,1572507984186,2019-10-31T07:46:24.186Z,sell,5.597e-05,5.0,0.00027985
BCD/BTC,1572507984186,2019-10-31T07:46:24.186Z,sell,5.592e-05,99.0,0.00553608
BCD/BTC,1572507984186,2019-10-31T07:46:24.186Z,sell,5.591e-05,190.0,0.0106229
BCD/BTC,1572508058771,2019-10-31T07:47:38.771Z,sell,5.592e-05,94.0,0.00525648
BCD/BTC,1572508058774,2019-10-31T07:47:38.774Z,sell,5.592e-05,187.0,0.01045704
BCD/BTC,1572508058792,2019-10-31T07:47:38.792Z,sell,5.592e-05,92.0,0.00514464
BCD/BTC,1572508120473,2019-10-31T07:48:40.473Z,sell,5.607e-05,35.0,0.0019624499999999
BCD/BTC,1572508121421,2019-10-31T07:48:41.421Z,sell,5.607e-05,53.0,0.00297171
BCD/BTC,1572508124355,2019-10-31T07:48:44.355Z,sell,5.607e-05,35.0,0.0019624499999999
BCD/BTC,1572508126685,2019-10-31T07:48:46.685Z,sell,5.607e-05,18.0,0.0010092599999999
BCD/BTC,1572508558030,2019-10-31T07:55:58.030Z,sell,5.591e-05,192.0,0.01073472
BCD/BTC,1572508568001,2019-10-31T07:56:08.001Z,buy,5.591e-05,2.0,0.00011182
BCD/BTC,1572508582112,2019-10-31T07:56:22.112Z,buy,5.591e-05,52.0,0.0029073199999999
BCD/BTC,1572508612636,2019-10-31T07:56:52.636Z,sell,5.59e-05,3.0,0.0001676999999999
BCD/BTC,1572508933680,2019-10-31T08:02:13.680Z,buy,5.585e-05,536.0,0.0299356
BCD/BTC,1572508937251,2019-10-31T08:02:17.251Z,sell,5.591e-05,35.0,0.00195685
BCD/BTC,1572508937257,2019-10-31T08:02:17.257Z,sell,5.591e-05,42.0,0.00234822
BCD/BTC,1572508937278,2019-10-31T08:02:17.278Z,sell,5.591e-05,12.0,0.00067092
BCD/BTC,1572509036846,2019-10-31T08:03:56.846Z,buy,5.596e-05,38.0,0.00212648
BCD/BTC,1572509414668,2019-10-31T08:10:14.668Z,sell,5.591e-05,48.0,0.00268368
BCD/BTC,1572509510408,2019-10-31T08:11:50.408Z,buy,5.588e-05,2.0,0.00011176
BCD/BTC,1572509572831,2019-10-31T08:12:52.831Z,buy,5.588e-05,99.0,0.00553212
BCD/BTC,1572509572831,2019-10-31T08:12:52.831Z,buy,5.602e-05,234.0,0.01310868
BCD/BTC,1572509572831,2019-10-31T08:12:52.831Z,buy,5.588e-05,99.0,0.00553212
BCD/BTC,1572509572831,2019-10-31T08:12:52.831Z,buy,5.602e-05,234.0,0.01310868
BCD/BTC,1572509855609,2019-10-31T08:17:35.609Z,buy,5.606e-05,4.0,0.00022424
BCD/BTC,1572509881634,2019-10-31T08:18:01.634Z,sell,5.583e-05,277.0,0.01546491
BCD/BTC,1572509881634,2019-10-31T08:18:01.634Z,sell,5.582e-05,133.0,0.00742406
BCD/BTC,1572509881634,2019-10-31T08:18:01.634Z,sell,5.58e-05,178.0,0.0099324
BCD/BTC,1572509881634,2019-10-31T08:18:01.634Z,sell,5.577e-05,331.0,0.01845987
BCD/BTC,1572509881634,2019-10-31T08:18:01.634Z,sell,5.576e-05,1081.0,0.06027656
BCD/BTC,1572510107009,2019-10-31T08:21:47.009Z,buy,5.591e-05,358.0,0.02001578
BCD/BTC,1572510107009,2019-10-31T08:21:47.009Z,buy,5.592e-05,237.0,0.01325304
BCD/BTC,1572510367520,2019-10-31T08:26:07.520Z,sell,5.595e-05,79.0,0.00442005
BCD/BTC,1572510392219,2019-10-31T08:26:32.219Z,sell,5.589e-05,5.0,0.00027945
BCD/BTC,1572510459122,2019-10-31T08:27:39.122Z,sell,5.589e-05,47.0,0.00262683
BCD/BTC,1572510703168,2019-10-31T08:31:43.168Z,sell,5.588e-05,17.0,0.00094996
BCD/BTC,1572510750951,2019-10-31T08:32:30.951Z,sell,5.596e-05,106.0,0.00593176
BCD/BTC,1572510806492,2019-10-31T08:33:26.492Z,buy,5.607e-05,70.0,0.0039248999999999
BCD/BTC,1572510806492,2019-10-31T08:33:26.492Z,buy,5.616e-05,17.0,0.0009547199999999
BCD/BTC,1572510806492,2019-10-31T08:33:26.492Z,buy,5.617e-05,242.0,0.01359314
BCD/BTC,1572510806492,2019-10-31T08:33:26.492Z,buy,5.62e-05,71.0,0.0039902
BCD/BTC,1572510827397,2019-10-31T08:33:47.397Z,sell,5.597e-05,40.0,0.0022388
BCD/BTC,1572511108278,2019-10-31T08:38:28.278Z,buy,5.618e-05,1.0,5.618e-05
BCD/BTC,1572511195413,2019-10-31T08:39:55.413Z,sell,5.587e-05,245.0,0.01368815
BCD/BTC,1572511233570,2019-10-31T08:40:33.570Z,sell,5.572e-05,57.0,0.00317604
BCD/BTC,1572511237693,2019-10-31T08:40:37.693Z,sell,5.575e-05,216.0,0.012042
BCD/BTC,1572511257660,2019-10-31T08:40:57.660Z,sell,5.581e-05,78.0,0.00435318
BCD/BTC,1572511257660,2019-10-31T08:40:57.660Z,sell,5.58e-05,114.0,0.0063612
BCD/BTC,1572511277115,2019-10-31T08:41:17.115Z,sell,5.581e-05,142.0,0.00792502
BCD/BTC,1572511290494,2019-10-31T08:41:30.494Z,sell,5.58e-05,64.0,0.0035712
BCD/BTC,1572511292970,2019-10-31T08:41:32.970Z,sell,5.575e-05,142.0,0.0079165
BCD/BTC,1572511366700,2019-10-31T08:42:46.700Z,sell,5.573e-05,13.0,0.0007244899999999
BCD/BTC,1572511366700,2019-10-31T08:42:46.700Z,sell,5.571e-05,146.0,0.00813366
BCD/BTC,1572511366700,2019-10-31T08:42:46.700Z,sell,5.569e-05,3.0,0.0001670699999999
BCD/BTC,1572511366705,2019-10-31T08:42:46.705Z,buy,5.574e-05,134.0,0.00746916
BCD/BTC,1572511366715,2019-10-31T08:42:46.715Z,buy,5.574e-05,26.0,0.0014492399999999
BCD/BTC,1572511366741,2019-10-31T08:42:46.741Z,buy,5.574e-05,48.0,0.00267552
BCD/BTC,1572511366795,2019-10-31T08:42:46.795Z,buy,5.574e-05,93.0,0.00518382
BCD/BTC,1572511444834,2019-10-31T08:44:04.834Z,sell,5.564e-05,90.0,0.0050076
BCD/BTC,1572511444834,2019-10-31T08:44:04.834Z,sell,5.563e-05,10.0,0.0005563
BCD/BTC,1572511504764,2019-10-31T08:45:04.764Z,sell,5.562e-05,19.0,0.00105678
BCD/BTC,1572511504764,2019-10-31T08:45:04.764Z,sell,5.561e-05,17.0,0.00094537
BCD/BTC,1572511537559,2019-10-31T08:45:37.559Z,buy,5.575e-05,1.0,5.575e-05
BCD/BTC,1572512167012,2019-10-31T08:56:07.012Z,buy,5.568e-05,135.0,0.0075168
BCD/BTC,1572512294881,2019-10-31T08:58:14.881Z,sell,5.568e-05,2.0,0.00011136
BCD/BTC,1572512294881,2019-10-31T08:58:14.881Z,sell,5.562e-05,126.0,0.00700812
BCD/BTC,1572512294884,2019-10-31T08:58:14.884Z,sell,5.562e-05,9.0,0.00050058
BCD/BTC,1572512294884,2019-10-31T08:58:14.884Z,sell,5.561e-05,2.0,0.00011122
BCD/BTC,1572512294884,2019-10-31T08:58:14.884Z,sell,5.555e-05,3.0,0.00016665
BCD/BTC,1572512314645,2019-10-31T08:58:34.645Z,buy,5.568e-05,2.0,0.00011136
BCD/BTC,1572512315529,2019-10-31T08:58:35.529Z,sell,5.568e-05,463.0,0.02577984
BCD/BTC,1572512343727,2019-10-31T08:59:03.727Z,buy,5.568e-05,13.0,0.00072384
BCD/BTC,1572512486763,2019-10-31T09:01:26.763Z,buy,5.565e-05,137.0,0.0076240499999999
BCD/BTC,1572512486787,2019-10-31T09:01:26.787Z,sell,5.567e-05,246.0,0.01369482
BCD/BTC,1572512486888,2019-10-31T09:01:26.888Z,sell,5.567e-05,46.0,0.00256082
BCD/BTC,1572512782856,2019-10-31T09:06:22.856Z,sell,5.545e-05,181.0,0.01003645
BCD/BTC,1572512783715,2019-10-31T09:06:23.715Z,sell,5.545e-05,4.0,0.0002218
BCD/BTC,1572512783715,2019-10-31T09:06:23.715Z,sell,5.542e-05,21.0,0.00116382
BCD/BTC,1572512805857,2019-10-31T09:06:45.857Z,buy,5.556e-05,4.0,0.00022224
BCD/BTC,1572512973204,2019-10-31T09:09:33.204Z,buy,5.55e-05,5.0,0.0002775
BCD/BTC,1572513068287,2019-10-31T09:11:08.287Z,buy,5.546e-05,2.0,0.00011092
BCD/BTC,1572513068287,2019-10-31T09:11:08.287Z,buy,5.546e-05,2.0,0.00011092
BCD/BTC,1572513699342,2019-10-31T09:21:39.342Z,buy,5.544e-05,18.0,0.00099792
BCD/BTC,1572514021842,2019-10-31T09:27:01.842Z,buy,5.543e-05,557.0,0.03087451
BCD/BTC,1572514028892,2019-10-31T09:27:08.892Z,buy,5.546e-05,4.0,0.00022184
BCD/BTC,1572514204296,2019-10-31T09:30:04.296Z,buy,5.546e-05,6.0,0.00033276
BCD/BTC,1572514204296,2019-10-31T09:30:04.296Z,buy,5.566e-05,8.0,0.00044528
BCD/BTC,1572514998031,2019-10-31T09:43:18.031Z,buy,5.566e-05,2.0,0.00011132
BCD/BTC,1572514998031,2019-10-31T09:43:18.031Z,buy,5.573e-05,28.0,0.00156044
BCD/BTC,1572514998976,2019-10-31T09:43:18.976Z,buy,5.572e-05,47.0,0.00261884
BCD/BTC,1572514999208,2019-10-31T09:43:19.208Z,buy,5.572e-05,50.0,0.002786
BCD/BTC,1572515000833,2019-10-31T09:43:20.833Z,buy,5.572e-05,18.0,0.00100296
BCD/BTC,1572515000833,2019-10-31T09:43:20.833Z,buy,5.573e-05,24.0,0.00133752
BCD/BTC,1572515000854,2019-10-31T09:43:20.854Z,buy,5.573e-05,63.0,0.00351099
BCD/BTC,1572515000948,2019-10-31T09:43:20.948Z,buy,5.573e-05,19.0,0.00105887
BCD/BTC,1572515000948,2019-10-31T09:43:20.948Z,buy,5.574e-05,13.0,0.0007246199999999
BCD/BTC,1572515002332,2019-10-31T09:43:22.332Z,sell,5.572e-05,63.0,0.00351036
BCD/BTC,1572515005517,2019-10-31T09:43:25.517Z,buy,5.574e-05,21.0,0.0011705399999999
BCD/BTC,1572515007666,2019-10-31T09:43:27.666Z,buy,5.574e-05,14.0,0.00078036
BCD/BTC,1572515170734,2019-10-31T09:46:10.734Z,buy,5.578e-05,9.0,0.0005020199999999
BCD/BTC,1572515308583,2019-10-31T09:48:28.583Z,sell,5.55e-05,18.0,0.000999
BCD/BTC,1572515840417,2019-10-31T09:57:20.417Z,sell,5.552e-05,32.0,0.00177664
BCD/BTC,1572515850892,2019-10-31T09:57:30.892Z,sell,5.552e-05,28.0,0.00155456
BCD/BTC,1572515850892,2019-10-31T09:57:30.892Z,sell,5.551e-05,342.0,0.01898442
BCD/BTC,1572515850892,2019-10-31T09:57:30.892Z,sell,5.55e-05,150.0,0.008325
BCD/BTC,1572516078780,2019-10-31T10:01:18.780Z,buy,5.568e-05,360.0,0.0200448
BCD/BTC,1572516078780,2019-10-31T10:01:18.780Z,buy,5.569e-05,26.0,0.00144794
BCD/BTC,1572516078867,2019-10-31T10:01:18.867Z,buy,5.569e-05,153.0,0.00852057
BCD/BTC,1572516079695,2019-10-31T10:01:19.695Z,buy,5.589e-05,219.0,0.01223991
BCD/BTC,1572516079695,2019-10-31T10:01:19.695Z,buy,5.59e-05,3.0,0.0001676999999999
BCD/BTC,1572516079695,2019-10-31T10:01:19.695Z,buy,5.594e-05,18.0,0.00100692
BCD/BTC,1572516079695,2019-10-31T10:01:19.695Z,buy,5.597e-05,10.0,0.0005597
BCD/BTC,1572516079695,2019-10-31T10:01:19.695Z,buy,5.603e-05,3.0,0.00016809
BCD/BTC,1572516079695,2019-10-31T10:01:19.695Z,buy,5.605e-05,41.0,0.00229805
BCD/BTC,1572516079695,2019-10-31T10:01:19.695Z,buy,5.624e-05,3.0,0.00016872
BCD/BTC,1572516079695,2019-10-31T10:01:19.695Z,buy,5.629e-05,502.0,0.0282575799999999
BCD/BTC,1572516084400,2019-10-31T10:01:24.400Z,sell,5.576e-05,28.0,0.00156128
BCD/BTC,1572516109894,2019-10-31T10:01:49.894Z,buy,5.624e-05,28.0,0.00157472
BCD/BTC,1572516111961,2019-10-31T10:01:51.961Z,buy,5.623e-05,125.0,0.00702875
BCD/BTC,1572516120307,2019-10-31T10:02:00.307Z,buy,5.622e-05,25.0,0.0014055
BCD/BTC,1572516120307,2019-10-31T10:02:00.307Z,buy,5.623e-05,30.0,0.0016869
BCD/BTC,1572516125243,2019-10-31T10:02:05.243Z,buy,5.623e-05,37.0,0.00208051
BCD/BTC,1572516303380,2019-10-31T10:05:03.380Z,buy,5.619e-05,2.0,0.00011238
BCD/BTC,1572516536701,2019-10-31T10:08:56.701Z,sell,5.59e-05,3.0,0.0001676999999999
BCD/BTC,1572516536701,2019-10-31T10:08:56.701Z,sell,5.581e-05,357.0,0.01992417
BCD/BTC,1572516536701,2019-10-31T10:08:56.701Z,sell,5.58e-05,87.0,0.0048546
BCD/BTC,1572516536701,2019-10-31T10:08:56.701Z,sell,5.571e-05,41.0,0.00228411
BCD/BTC,1572516536701,2019-10-31T10:08:56.701Z,sell,5.569e-05,3.0,0.0001670699999999
BCD/BTC,1572516536701,2019-10-31T10:08:56.701Z,sell,5.563e-05,10.0,0.0005563
BCD/BTC,1572516536701,2019-10-31T10:08:56.701Z,sell,5.555e-05,3.0,0.00016665
BCD/BTC,1572516536701,2019-10-31T10:08:56.701Z,sell,5.552e-05,16.0,0.00088832
BCD/BTC,1572516634770,2019-10-31T10:10:34.770Z,sell,5.553e-05,18.0,0.00099954
BCD/BTC,1572516634770,2019-10-31T10:10:34.770Z,sell,5.553e-05,18.0,0.00099954
BCD/BTC,1572516680849,2019-10-31T10:11:20.849Z,sell,5.553e-05,40.0,0.0022212
BCD/BTC,1572516690469,2019-10-31T10:11:30.469Z,sell,5.553e-05,116.0,0.0064414799999999
BCD/BTC,1572516706664,2019-10-31T10:11:46.664Z,sell,5.551e-05,72.0,0.00399672
BCD/BTC,1572516727643,2019-10-31T10:12:07.643Z,sell,5.55e-05,215.0,0.0119325
BCD/BTC,1572516782297,2019-10-31T10:13:02.297Z,buy,5.581e-05,67.0,0.00373927
BCD/BTC,1572516929440,2019-10-31T10:15:29.440Z,sell,5.554e-05,4.0,0.00022216
BCD/BTC,1572516929470,2019-10-31T10:15:29.470Z,buy,5.554e-05,113.0,0.00627602
BCD/BTC,1572517348612,2019-10-31T10:22:28.612Z,sell,5.551e-05,13.0,0.00072163
BCD/BTC,1572517666851,2019-10-31T10:27:46.851Z,sell,5.55e-05,22.0,0.001221
BCD/BTC,1572517667116,2019-10-31T10:27:47.116Z,sell,5.55e-05,77.0,0.0042735
BCD/BTC,1572517667264,2019-10-31T10:27:47.264Z,sell,5.55e-05,34.0,0.001887
BCD/BTC,1572517667914,2019-10-31T10:27:47.914Z,sell,5.55e-05,31.0,0.0017205
BCD/BTC,1572517668088,2019-10-31T10:27:48.088Z,sell,5.55e-05,11.0,0.0006105
BCD/BTC,1572517668680,2019-10-31T10:27:48.680Z,buy,5.559e-05,26.0,0.00144534
BCD/BTC,1572517668740,2019-10-31T10:27:48.740Z,buy,5.559e-05,26.0,0.00144534
BCD/BTC,1572517668982,2019-10-31T10:27:48.982Z,sell,5.55e-05,9.0,0.0004995
BCD/BTC,1572517669078,2019-10-31T10:27:49.078Z,sell,5.544e-05,203.0,0.01125432
BCD/BTC,1572517669516,2019-10-31T10:27:49.516Z,sell,5.544e-05,130.0,0.0072071999999999
BCD/BTC,1572517669896,2019-10-31T10:27:49.896Z,sell,5.544e-05,40.0,0.0022176
BCD/BTC,1572517671088,2019-10-31T10:27:51.088Z,sell,5.544e-05,21.0,0.00116424
BCD/BTC,1572517694006,2019-10-31T10:28:14.006Z,sell,5.544e-05,1.0,5.544e-05
BCD/BTC,1572517694006,2019-10-31T10:28:14.006Z,sell,5.542e-05,4.0,0.00022168
BCD/BTC,1572517694006,2019-10-31T10:28:14.006Z,sell,5.539e-05,13.0,0.00072007
BCD/BTC,1572517694006,2019-10-31T10:28:14.006Z,sell,5.538e-05,12.0,0.00066456
BCD/BTC,1572517694100,2019-10-31T10:28:14.100Z,sell,5.538e-05,29.0,0.00160602
BCD/BTC,1572517694100,2019-10-31T10:28:14.100Z,sell,5.537e-05,1.0,5.537e-05
BCD/BTC,1572517694104,2019-10-31T10:28:14.104Z,sell,5.537e-05,16.0,0.00088592
BCD/BTC,1572517698483,2019-10-31T10:28:18.483Z,buy,5.556e-05,38.0,0.00211128
BCD/BTC,1572517755952,2019-10-31T10:29:15.952Z,buy,5.547e-05,22.0,0.00122034
BCD/BTC,1572517777498,2019-10-31T10:29:37.498Z,sell,5.534e-05,3.0,0.00016602
BCD/BTC,1572517777498,2019-10-31T10:29:37.498Z,sell,5.529e-05,5.0,0.00027645
BCD/BTC,1572517777980,2019-10-31T10:29:37.980Z,buy,5.525e-05,425.0,0.02348125
BCD/BTC,1572517780064,2019-10-31T10:29:40.064Z,buy,5.525e-05,4.0,0.000221
BCD/BTC,1572517955428,2019-10-31T10:32:35.428Z,buy,5.546e-05,23.0,0.00127558
BCD/BTC,1572517983071,2019-10-31T10:33:03.071Z,buy,5.546e-05,48.0,0.00266208
BCD/BTC,1572518041075,2019-10-31T10:34:01.075Z,buy,5.547e-05,264.0,0.01464408
BCD/BTC,1572518041118,2019-10-31T10:34:01.118Z,sell,5.547e-05,79.0,0.00438213
BCD/BTC,1572518041188,2019-10-31T10:34:01.188Z,sell,5.547e-05,26.0,0.00144222
BCD/BTC,1572518056836,2019-10-31T10:34:16.836Z,sell,5.525e-05,2.0,0.0001105
BCD/BTC,1572518056836,2019-10-31T10:34:16.836Z,sell,5.52e-05,3.0,0.0001656
BCD/BTC,1572518056836,2019-10-31T10:34:16.836Z,sell,5.506e-05,29.0,0.00159674
BCD/BTC,1572518076451,2019-10-31T10:34:36.451Z,sell,5.508e-05,7.0,0.00038556
BCD/BTC,1572518147575,2019-10-31T10:35:47.575Z,sell,5.51e-05,34.0,0.0018734
BCD/BTC,1572518147575,2019-10-31T10:35:47.575Z,sell,5.509e-05,346.0,0.01906114
BCD/BTC,1572518147575,2019-10-31T10:35:47.575Z,sell,5.508e-05,250.0,0.01377
BCD/BTC,1572518147576,2019-10-31T10:35:47.576Z,sell,5.508e-05,77.0,0.00424116
BCD/BTC,1572518147714,2019-10-31T10:35:47.714Z,sell,5.509e-05,54.0,0.00297486
BCD/BTC,1572518147714,2019-10-31T10:35:47.714Z,sell,5.508e-05,20.0,0.0011016
BCD/BTC,1572518147714,2019-10-31T10:35:47.714Z,sell,5.507e-05,26.0,0.0014318199999999
BCD/BTC,1572518774426,2019-10-31T10:46:14.426Z,buy,5.52e-05,4.0,0.0002208
BCD/BTC,1572519059029,2019-10-31T10:50:59.029Z,sell,5.508e-05,72.0,0.00396576
BCD/BTC,1572519210606,2019-10-31T10:53:30.606Z,buy,5.524e-05,4.0,0.00022096
BCD/BTC,1572519582882,2019-10-31T10:59:42.882Z,sell,5.513e-05,30.0,0.0016539
BCD/BTC,1572519583002,2019-10-31T10:59:43.002Z,sell,5.513e-05,22.0,0.00121286
BCD/BTC,1572519583892,2019-10-31T10:59:43.892Z,sell,5.513e-05,30.0,0.0016539
BCD/BTC,1572519663675,2019-10-31T11:01:03.675Z,sell,5.513e-05,5.0,0.00027565
BCD/BTC,1572519663675,2019-10-31T11:01:03.675Z,sell,5.507e-05,2.0,0.00011014
BCD/BTC,1572519663675,2019-10-31T11:01:03.675Z,sell,5.505e-05,43.0,0.00236715
BCD/BTC,1572519663675,2019-10-31T11:01:03.675Z,sell,5.504e-05,20.0,0.0011008
BCD/BTC,1572519663675,2019-10-31T11:01:03.675Z,sell,5.499e-05,40.0,0.0021996
BCD/BTC,1572519663675,2019-10-31T11:01:03.675Z,sell,5.496e-05,17.0,0.00093432
BCD/BTC,1572519663710,2019-10-31T11:01:03.710Z,buy,5.496e-05,80.0,0.0043968
BCD/BTC,1572519667832,2019-10-31T11:01:07.832Z,sell,5.495e-05,5.0,0.00027475
BCD/BTC,1572519667832,2019-10-31T11:01:07.832Z,sell,5.493e-05,13.0,0.00071409
BCD/BTC,1572519667832,2019-10-31T11:01:07.832Z,sell,5.489e-05,25.0,0.00137225
BCD/BTC,1572519672229,2019-10-31T11:01:12.229Z,sell,5.486e-05,3.0,0.00016458
BCD/BTC,1572519681928,2019-10-31T11:01:21.928Z,buy,5.483e-05,462.0,0.02533146
BCD/BTC,1572519727078,2019-10-31T11:02:07.078Z,buy,5.51e-05,4.0,0.0002204
BCD/BTC,1572519869254,2019-10-31T11:04:29.254Z,buy,5.516e-05,364.0,0.02007824
BCD/BTC,1572519869254,2019-10-31T11:04:29.254Z,buy,5.517e-05,186.0,0.01026162
BCD/BTC,1572520029963,2019-10-31T11:07:09.963Z,sell,5.498e-05,30.0,0.0016493999999999
BCD/BTC,1572520034256,2019-10-31T11:07:14.256Z,sell,5.498e-05,30.0,0.0016493999999999
BCD/BTC,1572520034434,2019-10-31T11:07:14.434Z,sell,5.498e-05,3.0,0.00016494
BCD/BTC,1572520034434,2019-10-31T11:07:14.434Z,sell,5.497e-05,22.0,0.00120934
BCD/BTC,1572520034434,2019-10-31T11:07:14.434Z,sell,5.496e-05,5.0,0.0002748
BCD/BTC,1572520034574,2019-10-31T11:07:14.574Z,sell,5.496e-05,9.0,0.00049464
BCD/BTC,1572520034574,2019-10-31T11:07:14.574Z,sell,5.496e-05,30.0,0.0016488
BCD/BTC,1572520034648,2019-10-31T11:07:14.648Z,sell,5.498e-05,95.0,0.0052231
BCD/BTC,1572520034956,2019-10-31T11:07:14.956Z,sell,5.498e-05,32.0,0.00175936
BCD/BTC,1572520034956,2019-10-31T11:07:14.956Z,sell,5.496e-05,6.0,0.00032976
BCD/BTC,1572520038008,2019-10-31T11:07:18.008Z,sell,5.496e-05,86.0,0.00472656
BCD/BTC,1572520038011,2019-10-31T11:07:18.011Z,sell,5.496e-05,45.0,0.0024732
BCD/BTC,1572520055921,2019-10-31T11:07:35.921Z,sell,5.472e-05,52.0,0.00284544
BCD/BTC,1572520055921,2019-10-31T11:07:35.921Z,sell,5.472e-05,52.0,0.00284544
BCD/BTC,1572520473799,2019-10-31T11:14:33.799Z,buy,5.52e-05,3.0,0.0001656
BCD/BTC,1572520477980,2019-10-31T11:14:37.980Z,sell,5.528e-05,762.0,0.04212336
BCD/BTC,1572520551270,2019-10-31T11:15:51.270Z,buy,5.529e-05,5.0,0.00027645
BCD/BTC,1572520551270,2019-10-31T11:15:51.270Z,buy,5.534e-05,3.0,0.00016602
BCD/BTC,1572520551270,2019-10-31T11:15:51.270Z,buy,5.537e-05,17.0,0.00094129
BCD/BTC,1572520551270,2019-10-31T11:15:51.270Z,buy,5.538e-05,41.0,0.00227058
BCD/BTC,1572520551270,2019-10-31T11:15:51.270Z,buy,5.539e-05,8.0,0.00044312
BCD/BTC,1572520551286,2019-10-31T11:15:51.286Z,buy,5.539e-05,5.0,0.00027695
BCD/BTC,1572520551464,2019-10-31T11:15:51.464Z,buy,5.549e-05,104.0,0.00577096
BCD/BTC,1572520551668,2019-10-31T11:15:51.668Z,sell,5.545e-05,4.0,0.0002218
BCD/BTC,1572520551787,2019-10-31T11:15:51.787Z,sell,5.545e-05,106.0,0.0058777
BCD/BTC,1572520553074,2019-10-31T11:15:53.074Z,buy,5.548e-05,90.0,0.0049932
BCD/BTC,1572520554293,2019-10-31T11:15:54.293Z,buy,5.548e-05,115.0,0.0063802
BCD/BTC,1572520556670,2019-10-31T11:15:56.670Z,buy,5.548e-05,15.0,0.0008322
BCD/BTC,1572520556741,2019-10-31T11:15:56.741Z,buy,5.548e-05,22.0,0.0012205599999999
BCD/BTC,1572520556741,2019-10-31T11:15:56.741Z,buy,5.549e-05,87.0,0.00482763
BCD/BTC,1572520557303,2019-10-31T11:15:57.303Z,buy,5.548e-05,84.0,0.00466032
BCD/BTC,1572520558973,2019-10-31T11:15:58.973Z,buy,5.548e-05,45.0,0.0024966
BCD/BTC,1572520560468,2019-10-31T11:16:00.468Z,buy,5.548e-05,32.0,0.00177536
BCD/BTC,1572520560468,2019-10-31T11:16:00.468Z,buy,5.549e-05,22.0,0.0012207799999999
BCD/BTC,1572520561339,2019-10-31T11:16:01.339Z,buy,5.548e-05,55.0,0.0030513999999999
BCD/BTC,1572520561443,2019-10-31T11:16:01.443Z,buy,5.548e-05,37.0,0.00205276
BCD/BTC,1572520588846,2019-10-31T11:16:28.846Z,buy,5.549e-05,52.0,0.00288548
BCD/BTC,1572520589471,2019-10-31T11:16:29.471Z,buy,5.549e-05,30.0,0.0016646999999999
BCD/BTC,1572520604150,2019-10-31T11:16:44.150Z,buy,5.55e-05,14.0,0.000777
BCD/BTC,1572520614113,2019-10-31T11:16:54.113Z,buy,5.55e-05,9.0,0.0004995
BCD/BTC,1572520708773,2019-10-31T11:18:28.773Z,buy,5.55e-05,69.0,0.0038295
BCD/BTC,1572520708790,2019-10-31T11:18:28.790Z,buy,5.55e-05,8.0,0.000444
BCD/BTC,1572520709012,2019-10-31T11:18:29.012Z,buy,5.555e-05,3.0,0.00016665
BCD/BTC,1572520711007,2019-10-31T11:18:31.007Z,sell,5.56e-05,76.0,0.0042256
BCD/BTC,1572520719606,2019-10-31T11:18:39.606Z,buy,5.561e-05,76.0,0.00422636
BCD/BTC,1572520719607,2019-10-31T11:18:39.607Z,buy,5.561e-05,1.0,5.561e-05
BCD/BTC,1572520719622,2019-10-31T11:18:39.622Z,buy,5.563e-05,5.0,0.00027815
BCD/BTC,1572520719693,2019-10-31T11:18:39.693Z,sell,5.567e-05,30.0,0.0016701
BCD/BTC,1572520719693,2019-10-31T11:18:39.693Z,sell,5.564e-05,32.0,0.00178048
BCD/BTC,1572520719693,2019-10-31T11:18:39.693Z,sell,5.562e-05,76.0,0.00422712
BCD/BTC,1572520720205,2019-10-31T11:18:40.205Z,sell,5.567e-05,65.0,0.00361855
BCD/BTC,1572520728894,2019-10-31T11:18:48.894Z,buy,5.565e-05,9.0,0.00050085
BCD/BTC,1572520728972,2019-10-31T11:18:48.972Z,buy,5.565e-05,38.0,0.0021146999999999
BCD/BTC,1572520729082,2019-10-31T11:18:49.082Z,buy,5.565e-05,26.0,0.0014468999999999
BCD/BTC,1572520729082,2019-10-31T11:18:49.082Z,buy,5.568e-05,12.0,0.00066816
BCD/BTC,1572520729168,2019-10-31T11:18:49.168Z,buy,5.564e-05,18.0,0.00100152
BCD/BTC,1572520729285,2019-10-31T11:18:49.285Z,buy,5.564e-05,92.0,0.00511888
BCD/BTC,1572520729295,2019-10-31T11:18:49.295Z,buy,5.564e-05,40.0,0.0022256
BCD/BTC,1572520729295,2019-10-31T11:18:49.295Z,buy,5.568e-05,11.0,0.00061248
BCD/BTC,1572520729523,2019-10-31T11:18:49.523Z,buy,5.568e-05,11.0,0.00061248
BCD/BTC,1572520729523,2019-10-31T11:18:49.523Z,buy,5.569e-05,3.0,0.0001670699999999
BCD/BTC,1572520730285,2019-10-31T11:18:50.285Z,sell,5.57e-05,52.0,0.0028964
BCD/BTC,1572520731374,2019-10-31T11:18:51.374Z,buy,5.571e-05,37.0,0.00206127
BCD/BTC,1572520789358,2019-10-31T11:19:49.358Z,sell,5.55e-05,360.0,0.01998
BCD/BTC,1572520790113,2019-10-31T11:19:50.113Z,sell,5.549e-05,242.0,0.0134285799999999
BCD/BTC,1572520803814,2019-10-31T11:20:03.814Z,sell,5.535e-05,161.0,0.00891135
BCD/BTC,1572520819769,2019-10-31T11:20:19.769Z,sell,5.535e-05,108.0,0.0059777999999999
BCD/BTC,1572520851364,2019-10-31T11:20:51.364Z,sell,5.535e-05,59.0,0.0032656499999999
BCD/BTC,1572520928024,2019-10-31T11:22:08.024Z,buy,5.557e-05,123.0,0.00683511
BCD/BTC,1572520934171,2019-10-31T11:22:14.171Z,buy,5.548e-05,765.0,0.0424422
BCD/BTC,1572520960059,2019-10-31T11:22:40.059Z,buy,5.56e-05,237.0,0.0131772
BCD/BTC,1572520960059,2019-10-31T11:22:40.059Z,buy,5.561e-05,190.0,0.0105659
BCD/BTC,1572520962688,2019-10-31T11:22:42.688Z,buy,5.561e-05,74.0,0.00411514
BCD/BTC,1572521079705,2019-10-31T11:24:39.705Z,sell,5.541e-05,25.0,0.00138525
BCD/BTC,1572521080430,2019-10-31T11:24:40.430Z,sell,5.541e-05,335.0,0.01856235
BCD/BTC,1572521080939,2019-10-31T11:24:40.939Z,sell,5.542e-05,25.0,0.0013855
BCD/BTC,1572521081791,2019-10-31T11:24:41.791Z,buy,5.562e-05,2.0,0.00011124
BCD/BTC,1572521081791,2019-10-31T11:24:41.791Z,buy,5.568e-05,18.0,0.00100224
BCD/BTC,1572521082690,2019-10-31T11:24:42.690Z,sell,5.542e-05,25.0,0.0013855
BCD/BTC,1572521083824,2019-10-31T11:24:43.824Z,sell,5.542e-05,25.0,0.0013855
BCD/BTC,1572521499352,2019-10-31T11:31:39.352Z,buy,5.565e-05,180.0,0.010017
BCD/BTC,1572522047114,2019-10-31T11:40:47.114Z,sell,5.538e-05,98.0,0.00542724
BCD/BTC,1572522055079,2019-10-31T11:40:55.079Z,sell,5.536e-05,30.0,0.0016608
BCD/BTC,1572522055881,2019-10-31T11:40:55.881Z,sell,5.535e-05,43.0,0.00238005
BCD/BTC,1572522091909,2019-10-31T11:41:31.909Z,sell,5.536e-05,23.0,0.00127328
BCD/BTC,1572522094839,2019-10-31T11:41:34.839Z,sell,5.535e-05,52.0,0.0028782
BCD/BTC,1572522117402,2019-10-31T11:41:57.402Z,sell,5.535e-05,19.0,0.00105165
BCD/BTC,1572522455019,2019-10-31T11:47:35.019Z,buy,5.553e-05,23.0,0.0012771899999999
BCD/BTC,1572522455019,2019-10-31T11:47:35.019Z,buy,5.56e-05,143.0,0.0079508
BCD/BTC,1572522547577,2019-10-31T11:49:07.577Z,buy,5.564e-05,108.0,0.00600912
BCD/BTC,1572522549875,2019-10-31T11:49:09.875Z,buy,5.564e-05,108.0,0.00600912
