symbol,timestamp,datetime,side,price,amount,btc_volume
BCD/BTC,1528297250096,2018-06-06T15:00:50.096Z,buy,0.002518,1.0,0.002518
BCD/BTC,1528297296174,2018-06-06T15:01:36.174Z,buy,0.002515,2.384,0.0059957599999999
BCD/BTC,1528297324971,2018-06-06T15:02:04.971Z,sell,0.002513,1.343,0.003374959
BCD/BTC,1528297324971,2018-06-06T15:02:04.971Z,sell,0.002511,8.782,0.022051602
BCD/BTC,1528297384039,2018-06-06T15:03:04.039Z,sell,0.002512,12.519,0.031447728
BCD/BTC,1528297783885,2018-06-06T15:09:43.885Z,sell,0.002512,0.8,0.0020096
BCD/BTC,1528297804770,2018-06-06T15:10:04.770Z,sell,0.002512,12.5,0.0314
BCD/BTC,1528297818216,2018-06-06T15:10:18.216Z,buy,0.002518,0.99,0.0024928199999999
BCD/BTC,1528297818363,2018-06-06T15:10:18.363Z,buy,0.002518,1.58,0.00397844
BCD/BTC,1528297820039,2018-06-06T15:10:20.039Z,buy,0.002518,5.223,0.013151514
BCD/BTC,1528297820039,2018-06-06T15:10:20.039Z,buy,0.002521,2.707,0.0068243469999999
BCD/BTC,1528297821435,2018-06-06T15:10:21.435Z,buy,0.002521,1.58,0.00398318
BCD/BTC,1528297821457,2018-06-06T15:10:21.457Z,buy,0.002521,11.9,0.0299999
BCD/BTC,1528297823412,2018-06-06T15:10:23.412Z,buy,0.002521,3.96,0.00998316
BCD/BTC,1528297823979,2018-06-06T15:10:23.979Z,buy,0.002521,7.597,0.019152037
BCD/BTC,1528297824192,2018-06-06T15:10:24.192Z,sell,0.002521,4.301,0.0108428209999999
BCD/BTC,1528297835076,2018-06-06T15:10:35.076Z,sell,0.002521,5.799,0.014619279
BCD/BTC,1528297858395,2018-06-06T15:10:58.395Z,buy,0.002522,10.119,0.0255201179999999
BCD/BTC,1528297873878,2018-06-06T15:11:13.878Z,buy,0.002522,4.917,0.0124006739999999
BCD/BTC,1528297889428,2018-06-06T15:11:29.428Z,buy,0.002522,9.971,0.025146862
BCD/BTC,1528297904922,2018-06-06T15:11:44.922Z,buy,0.002522,9.516,0.0239993519999999
BCD/BTC,1528298163997,2018-06-06T15:16:03.997Z,sell,0.002515,3.714,0.0093407099999999
BCD/BTC,1528298163997,2018-06-06T15:16:03.997Z,sell,0.002514,5.114,0.012856596
BCD/BTC,1528298163997,2018-06-06T15:16:03.997Z,sell,0.002512,3.667,0.0092115039999999
BCD/BTC,1528298350791,2018-06-06T15:19:10.791Z,buy,0.002517,0.439,0.001104963
BCD/BTC,1528298372738,2018-06-06T15:19:32.738Z,sell,0.002512,1.0,0.002512
BCD/BTC,1528298489355,2018-06-06T15:21:29.355Z,sell,0.002513,2.152,0.005407976
BCD/BTC,1528298583186,2018-06-06T15:23:03.186Z,sell,0.002513,17.135,0.043060255
BCD/BTC,1528299227989,2018-06-06T15:33:47.989Z,sell,0.002514,4.5,0.011313
BCD/BTC,1528299275115,2018-06-06T15:34:35.115Z,buy,0.002517,0.795,0.002001015
BCD/BTC,1528299276429,2018-06-06T15:34:36.429Z,buy,0.002517,2.383,0.005998011
BCD/BTC,1528299288854,2018-06-06T15:34:48.854Z,buy,0.002517,0.795,0.002001015
BCD/BTC,1528299293620,2018-06-06T15:34:53.620Z,buy,0.002517,0.702,0.001766934
BCD/BTC,1528299293620,2018-06-06T15:34:53.620Z,buy,0.002521,3.714,0.009362994
BCD/BTC,1528299293620,2018-06-06T15:34:53.620Z,buy,0.002522,1.55,0.0039091
BCD/BTC,1528299294037,2018-06-06T15:34:54.037Z,buy,0.002522,0.675,0.00170235
BCD/BTC,1528299304046,2018-06-06T15:35:04.046Z,buy,0.002522,27.722,0.069914884
BCD/BTC,1528299304668,2018-06-06T15:35:04.668Z,buy,0.002522,0.738,0.0018612359999999
BCD/BTC,1528299310858,2018-06-06T15:35:10.858Z,buy,0.002522,0.397,0.001001234
BCD/BTC,1528299327400,2018-06-06T15:35:27.400Z,buy,0.002522,0.793,0.001999946
BCD/BTC,1528299340900,2018-06-06T15:35:40.900Z,sell,0.002515,1.0,0.002515
BCD/BTC,1528299722791,2018-06-06T15:42:02.791Z,buy,0.002519,1.0,0.002519
BCD/BTC,1528299722791,2018-06-06T15:42:02.791Z,buy,0.00252,0.592,0.00149184
BCD/BTC,1528299722791,2018-06-06T15:42:02.791Z,buy,0.002522,2.377,0.0059947939999999
BCD/BTC,1528299803273,2018-06-06T15:43:23.273Z,sell,0.002517,0.551,0.001386867
BCD/BTC,1528299963050,2018-06-06T15:46:03.050Z,sell,0.002517,1.068,0.002688156
BCD/BTC,1528300346458,2018-06-06T15:52:26.458Z,buy,0.002522,38.348,0.096713656
BCD/BTC,1528300346458,2018-06-06T15:52:26.458Z,buy,0.002523,64.234,0.162062382
BCD/BTC,1528300404174,2018-06-06T15:53:24.174Z,sell,0.002519,3.0,0.0075569999999999
BCD/BTC,1528300404174,2018-06-06T15:53:24.174Z,sell,0.002517,66.649,0.167755533
BCD/BTC,1528300404174,2018-06-06T15:53:24.174Z,sell,0.002516,3.686,0.009273976
BCD/BTC,1528300404174,2018-06-06T15:53:24.174Z,sell,0.002515,24.6,0.061869
BCD/BTC,1528300404174,2018-06-06T15:53:24.174Z,sell,0.002514,94.357,0.237213498
BCD/BTC,1528300508721,2018-06-06T15:55:08.721Z,buy,0.002523,3.963,0.009998649
BCD/BTC,1528300599608,2018-06-06T15:56:39.608Z,buy,0.002523,3.963,0.009998649
BCD/BTC,1528300603149,2018-06-06T15:56:43.149Z,buy,0.002523,3.963,0.009998649
BCD/BTC,1528300674726,2018-06-06T15:57:54.726Z,buy,0.002523,111.811,0.282099153
BCD/BTC,1528300674726,2018-06-06T15:57:54.726Z,buy,0.002523,111.811,0.282099153
BCD/BTC,1528300807541,2018-06-06T16:00:07.541Z,buy,0.002523,3.963,0.009998649
BCD/BTC,1528300826849,2018-06-06T16:00:26.849Z,buy,0.002523,3.963,0.009998649
BCD/BTC,1528300835723,2018-06-06T16:00:35.723Z,buy,0.002523,0.594,0.001498662
BCD/BTC,1528300890291,2018-06-06T16:01:30.291Z,buy,0.002523,7.899,0.019929177
BCD/BTC,1528300931979,2018-06-06T16:02:11.979Z,buy,0.002524,6.191,0.015626084
BCD/BTC,1528301311240,2018-06-06T16:08:31.240Z,buy,0.002524,3.961,0.009997564
BCD/BTC,1528301341310,2018-06-06T16:09:01.310Z,buy,0.002524,2.287,0.005772388
BCD/BTC,1528301691196,2018-06-06T16:14:51.196Z,sell,0.002519,5.937,0.014955303
BCD/BTC,1528301719081,2018-06-06T16:15:19.081Z,sell,0.002519,2.004,0.005048076
BCD/BTC,1528301890796,2018-06-06T16:18:10.796Z,buy,0.002524,3.961,0.009997564
BCD/BTC,1528302096600,2018-06-06T16:21:36.600Z,sell,0.002519,0.001,2.519e-06
BCD/BTC,1528302096600,2018-06-06T16:21:36.600Z,sell,0.002515,4.828,0.01214242
BCD/BTC,1528302097075,2018-06-06T16:21:37.075Z,sell,0.002514,20.14,0.05063196
BCD/BTC,1528302145523,2018-06-06T16:22:25.523Z,sell,0.002514,1.12,0.00281568
BCD/BTC,1528302188575,2018-06-06T16:23:08.575Z,buy,0.00252,3.68,0.0092736
BCD/BTC,1528302188575,2018-06-06T16:23:08.575Z,buy,0.002523,0.288,0.0007266239999999
BCD/BTC,1528302300577,2018-06-06T16:25:00.577Z,buy,0.002523,1.183,0.002984709
BCD/BTC,1528302300577,2018-06-06T16:25:00.577Z,buy,0.002524,2.78,0.00701672
BCD/BTC,1528302304189,2018-06-06T16:25:04.189Z,buy,0.002524,3.963,0.010002612
BCD/BTC,1528302546429,2018-06-06T16:29:06.429Z,sell,0.002515,2.284,0.0057442599999999
BCD/BTC,1528302610922,2018-06-06T16:30:10.922Z,sell,0.002514,40.324,0.101374536
BCD/BTC,1528302666508,2018-06-06T16:31:06.508Z,sell,0.002514,7.163,0.018007782
BCD/BTC,1528302686331,2018-06-06T16:31:26.331Z,sell,0.002513,5.115,0.012853995
BCD/BTC,1528302686674,2018-06-06T16:31:26.674Z,sell,0.002512,0.67,0.00168304
BCD/BTC,1528302687013,2018-06-06T16:31:27.013Z,sell,0.002511,21.025,0.052793775
BCD/BTC,1528302742505,2018-06-06T16:32:22.505Z,sell,0.002511,1.39,0.00349029
BCD/BTC,1528302837144,2018-06-06T16:33:57.144Z,sell,0.002511,2.0,0.005022
BCD/BTC,1528302861971,2018-06-06T16:34:21.971Z,sell,0.002511,41.282,0.103659102
BCD/BTC,1528302942492,2018-06-06T16:35:42.492Z,sell,0.002511,1.005,0.002523555
BCD/BTC,1528302942492,2018-06-06T16:35:42.492Z,sell,0.00251,24.373,0.06117623
BCD/BTC,1528303084663,2018-06-06T16:38:04.663Z,sell,0.00251,7.726,0.01939226
BCD/BTC,1528303086581,2018-06-06T16:38:06.581Z,sell,0.00251,3.837,0.00963087
BCD/BTC,1528303210138,2018-06-06T16:40:10.138Z,sell,0.00251,5.708,0.01432708
BCD/BTC,1528303248246,2018-06-06T16:40:48.246Z,buy,0.002513,2.284,0.0057396919999999
BCD/BTC,1528303251163,2018-06-06T16:40:51.163Z,buy,0.002517,3.979,0.010015143
BCD/BTC,1528303540385,2018-06-06T16:45:40.385Z,sell,0.002513,4.5,0.0113085
BCD/BTC,1528303633960,2018-06-06T16:47:13.960Z,sell,0.002513,1.621,0.004073573
BCD/BTC,1528303768958,2018-06-06T16:49:28.958Z,sell,0.00251,7.422,0.01862922
BCD/BTC,1528303813209,2018-06-06T16:50:13.209Z,buy,0.002512,3.98,0.00999776
BCD/BTC,1528303871471,2018-06-06T16:51:11.471Z,sell,0.00251,16.513,0.04144763
BCD/BTC,1528303872199,2018-06-06T16:51:12.199Z,sell,0.00251,4.671,0.01172421
BCD/BTC,1528303872283,2018-06-06T16:51:12.283Z,sell,0.002508,4.448,0.011155584
BCD/BTC,1528303890929,2018-06-06T16:51:30.929Z,sell,0.002508,0.067,0.000168036
BCD/BTC,1528303890929,2018-06-06T16:51:30.929Z,sell,0.002506,0.914,0.002290484
BCD/BTC,1528304075406,2018-06-06T16:54:35.406Z,sell,0.002505,19.494,0.0488324699999999
BCD/BTC,1528304105059,2018-06-06T16:55:05.059Z,buy,0.002506,8.479,0.0212483739999999
BCD/BTC,1528304156595,2018-06-06T16:55:56.595Z,buy,0.002512,28.637,0.071936144
BCD/BTC,1528304166580,2018-06-06T16:56:06.580Z,sell,0.002512,24.57,0.06171984
BCD/BTC,1528304166580,2018-06-06T16:56:06.580Z,sell,0.002512,24.57,0.06171984
BCD/BTC,1528304315895,2018-06-06T16:58:35.895Z,sell,0.002507,0.402,0.001007814
BCD/BTC,1528304330042,2018-06-06T16:58:50.042Z,sell,0.002506,1.19,0.00298214
BCD/BTC,1528304331992,2018-06-06T16:58:51.992Z,buy,0.002506,11.625,0.02913225
BCD/BTC,1528304496893,2018-06-06T17:01:36.893Z,buy,0.002516,3.974,0.009998584
BCD/BTC,1528304578165,2018-06-06T17:02:58.165Z,sell,0.002507,3.591,0.009002637
BCD/BTC,1528304578165,2018-06-06T17:02:58.165Z,sell,0.002506,3.7,0.0092722
BCD/BTC,1528304578165,2018-06-06T17:02:58.165Z,sell,0.002505,30.459,0.0762997949999999
BCD/BTC,1528304578165,2018-06-06T17:02:58.165Z,sell,0.002503,41.415,0.103661745
BCD/BTC,1528304602313,2018-06-06T17:03:22.313Z,sell,0.002503,10.812,0.027062436
BCD/BTC,1528304627330,2018-06-06T17:03:47.330Z,buy,0.002515,0.004,1.006e-05
BCD/BTC,1528304907517,2018-06-06T17:08:27.517Z,buy,0.002515,3.587,0.009021305
BCD/BTC,1528304907517,2018-06-06T17:08:27.517Z,buy,0.002516,0.114,0.000286824
BCD/BTC,1528304907517,2018-06-06T17:08:27.517Z,buy,0.002517,4.336,0.010913712
BCD/BTC,1528304909538,2018-06-06T17:08:29.538Z,buy,0.002517,2.674,0.006730458
BCD/BTC,1528305070636,2018-06-06T17:11:10.636Z,sell,0.00251,2.0,0.00502
BCD/BTC,1528305311757,2018-06-06T17:15:11.757Z,buy,0.002516,0.442,0.001112072
BCD/BTC,1528305554625,2018-06-06T17:19:14.625Z,buy,0.002516,3.228,0.008121648
BCD/BTC,1528305898975,2018-06-06T17:24:58.975Z,sell,0.002516,1.772,0.004458352
BCD/BTC,1528305898975,2018-06-06T17:24:58.975Z,sell,0.002512,2.548,0.006400576
BCD/BTC,1528305898975,2018-06-06T17:24:58.975Z,sell,0.002511,3.335,0.008374185
BCD/BTC,1528305898975,2018-06-06T17:24:58.975Z,sell,0.00251,3.115,0.00781865
BCD/BTC,1528305898975,2018-06-06T17:24:58.975Z,sell,0.002506,38.992,0.0977139519999999
BCD/BTC,1528305898975,2018-06-06T17:24:58.975Z,sell,0.002502,11.924,0.0298338479999999
BCD/BTC,1528305970709,2018-06-06T17:26:10.709Z,sell,0.002504,1.265,0.00316756
BCD/BTC,1528305971805,2018-06-06T17:26:11.805Z,buy,0.002504,1.268,0.003175072
BCD/BTC,1528305972215,2018-06-06T17:26:12.215Z,buy,0.002504,1.967,0.004925368
BCD/BTC,1528305972219,2018-06-06T17:26:12.219Z,buy,0.002518,1.967,0.004952906
BCD/BTC,1528306013200,2018-06-06T17:26:53.200Z,sell,0.002502,1.967,0.004921434
BCD/BTC,1528306066802,2018-06-06T17:27:46.802Z,buy,0.002509,3.682,0.009238138
BCD/BTC,1528306195087,2018-06-06T17:29:55.087Z,buy,0.002507,0.422,0.001057954
BCD/BTC,1528306195087,2018-06-06T17:29:55.087Z,buy,0.00251,2.54,0.0063754
BCD/BTC,1528306195087,2018-06-06T17:29:55.087Z,buy,0.002515,1.026,0.00258039
BCD/BTC,1528306202019,2018-06-06T17:30:02.019Z,buy,0.002515,2.089,0.0052538349999999
BCD/BTC,1528306202019,2018-06-06T17:30:02.019Z,buy,0.002521,41.415,0.1044072149999999
BCD/BTC,1528306202019,2018-06-06T17:30:02.019Z,buy,0.002522,79.28,0.19994416
BCD/BTC,1528306202019,2018-06-06T17:30:02.019Z,buy,0.002523,1.189,0.002999847
BCD/BTC,1528306202019,2018-06-06T17:30:02.019Z,buy,0.002524,54.353,0.137186972
BCD/BTC,1528306202019,2018-06-06T17:30:02.019Z,buy,0.002544,1.236,0.0031443839999999
BCD/BTC,1528306202019,2018-06-06T17:30:02.019Z,buy,0.002546,1.372,0.003493112
BCD/BTC,1528306202019,2018-06-06T17:30:02.019Z,buy,0.002547,0.987,0.0025138889999999
BCD/BTC,1528306202019,2018-06-06T17:30:02.019Z,buy,0.002552,32.873,0.083891896
BCD/BTC,1528306202019,2018-06-06T17:30:02.019Z,buy,0.002554,4.995,0.01275723
BCD/BTC,1528306202019,2018-06-06T17:30:02.019Z,buy,0.002556,0.211,0.000539316
BCD/BTC,1528306203060,2018-06-06T17:30:03.060Z,sell,0.002522,2.11,0.0053214199999999
BCD/BTC,1528306203060,2018-06-06T17:30:03.060Z,sell,0.00252,2.112,0.00532224
BCD/BTC,1528306203103,2018-06-06T17:30:03.103Z,buy,0.00252,2.075,0.005229
BCD/BTC,1528306212130,2018-06-06T17:30:12.130Z,sell,0.002523,1.784,0.004501032
BCD/BTC,1528306212196,2018-06-06T17:30:12.196Z,sell,0.002523,13.909,0.035092407
BCD/BTC,1528306392478,2018-06-06T17:33:12.478Z,buy,0.002523,0.822,0.002073906
BCD/BTC,1528306539111,2018-06-06T17:35:39.111Z,buy,0.002523,3.963,0.009998649
BCD/BTC,1528306553840,2018-06-06T17:35:53.840Z,buy,0.002523,3.963,0.009998649
BCD/BTC,1528306820537,2018-06-06T17:40:20.537Z,sell,0.002516,1.356,0.003411696
BCD/BTC,1528306827096,2018-06-06T17:40:27.096Z,sell,0.002516,2.11,0.00530876
BCD/BTC,1528306981807,2018-06-06T17:43:01.807Z,sell,0.002517,0.662,0.001666254
BCD/BTC,1528307098523,2018-06-06T17:44:58.523Z,buy,0.002532,3.466,0.008775912
BCD/BTC,1528307098523,2018-06-06T17:44:58.523Z,buy,0.002533,0.483,0.001223439
BCD/BTC,1528307098523,2018-06-06T17:44:58.523Z,buy,0.002532,3.466,0.008775912
BCD/BTC,1528307098523,2018-06-06T17:44:58.523Z,buy,0.002533,0.483,0.001223439
BCD/BTC,1528307825291,2018-06-06T17:57:05.291Z,sell,0.002521,3.142,0.0079209819999999
BCD/BTC,1528307833724,2018-06-06T17:57:13.724Z,buy,0.002532,0.662,0.001676184
BCD/BTC,1528307833807,2018-06-06T17:57:13.807Z,sell,0.002532,4.241,0.0107382119999999
BCD/BTC,1528307834335,2018-06-06T17:57:14.335Z,sell,0.002532,9.646,0.024423672
BCD/BTC,1528307863672,2018-06-06T17:57:43.672Z,sell,0.002532,3.142,0.007955544
BCD/BTC,1528307938060,2018-06-06T17:58:58.060Z,sell,0.002532,30.0,0.07596
BCD/BTC,1528308022078,2018-06-06T18:00:22.078Z,sell,0.002532,1.379,0.003491628
BCD/BTC,1528308114186,2018-06-06T18:01:54.186Z,sell,0.002532,2.979,0.007542828
BCD/BTC,1528308298464,2018-06-06T18:04:58.464Z,buy,0.002533,3.947,0.009997751
BCD/BTC,1528308441493,2018-06-06T18:07:21.493Z,sell,0.002532,0.001,2.532e-06
BCD/BTC,1528308545735,2018-06-06T18:09:05.735Z,buy,0.002533,15.844,0.040132852
BCD/BTC,1528308545735,2018-06-06T18:09:05.735Z,buy,0.002548,4.292,0.010936016
BCD/BTC,1528308568786,2018-06-06T18:09:28.786Z,sell,0.002535,2.087,0.005290545
BCD/BTC,1528308578281,2018-06-06T18:09:38.281Z,sell,0.002534,0.401,0.001016134
BCD/BTC,1528308701154,2018-06-06T18:11:41.154Z,sell,0.002535,0.872,0.00221052
BCD/BTC,1528308949929,2018-06-06T18:15:49.929Z,buy,0.002545,3.0,0.0076349999999999
BCD/BTC,1528309058089,2018-06-06T18:17:38.089Z,buy,0.002545,0.36,0.0009161999999999
BCD/BTC,1528309058089,2018-06-06T18:17:38.089Z,buy,0.002546,3.569,0.009086674
BCD/BTC,1528309153266,2018-06-06T18:19:13.266Z,sell,0.002534,1.289,0.0032663259999999
BCD/BTC,1528309455065,2018-06-06T18:24:15.065Z,buy,0.002545,1.289,0.0032805049999999
BCD/BTC,1528309455065,2018-06-06T18:24:15.065Z,buy,0.002546,2.64,0.00672144
BCD/BTC,1528310186370,2018-06-06T18:36:26.370Z,sell,0.002533,5.906,0.014959898
BCD/BTC,1528310186370,2018-06-06T18:36:26.370Z,sell,0.002532,10.107,0.0255909239999999
BCD/BTC,1528310186370,2018-06-06T18:36:26.370Z,sell,0.002519,32.373,0.0815475869999999
BCD/BTC,1528310186370,2018-06-06T18:36:26.370Z,sell,0.002518,5.614,0.014136052
BCD/BTC,1528310205164,2018-06-06T18:36:45.164Z,buy,0.002545,1.0,0.002545
BCD/BTC,1528310208039,2018-06-06T18:36:48.039Z,sell,0.002523,5.0,0.012615
BCD/BTC,1528310245551,2018-06-06T18:37:25.551Z,buy,0.002535,1.0,0.002535
BCD/BTC,1528310246372,2018-06-06T18:37:26.372Z,sell,0.00252,1.0,0.00252
BCD/BTC,1528310249011,2018-06-06T18:37:29.011Z,buy,0.002534,1.0,0.002534
BCD/BTC,1528310251933,2018-06-06T18:37:31.933Z,buy,0.002534,1.0,0.002534
BCD/BTC,1528310253846,2018-06-06T18:37:33.846Z,buy,0.002534,1.0,0.002534
BCD/BTC,1528310257252,2018-06-06T18:37:37.252Z,buy,0.002534,1.0,0.002534
BCD/BTC,1528310511983,2018-06-06T18:41:51.983Z,sell,0.00252,1.0,0.00252
BCD/BTC,1528310512353,2018-06-06T18:41:52.353Z,buy,0.002523,3.174,0.008008002
BCD/BTC,1528310534436,2018-06-06T18:42:14.436Z,sell,0.00252,12.724,0.03206448
BCD/BTC,1528310536290,2018-06-06T18:42:16.290Z,sell,0.002519,1.389,0.003498891
BCD/BTC,1528310553460,2018-06-06T18:42:33.460Z,sell,0.002518,5.042,0.0126957559999999
BCD/BTC,1528310555901,2018-06-06T18:42:35.901Z,sell,0.002517,0.4,0.0010068
BCD/BTC,1528310559174,2018-06-06T18:42:39.174Z,buy,0.002515,1.262,0.0031739299999999
BCD/BTC,1528310613100,2018-06-06T18:43:33.100Z,buy,0.002515,1.262,0.0031739299999999
BCD/BTC,1528310633068,2018-06-06T18:43:53.068Z,sell,0.002514,1.262,0.003172668
BCD/BTC,1528310633068,2018-06-06T18:43:53.068Z,sell,0.002514,1.262,0.003172668
BCD/BTC,1528310722944,2018-06-06T18:45:22.944Z,sell,0.002514,0.853,0.002144442
BCD/BTC,1528310722944,2018-06-06T18:45:22.944Z,sell,0.00251,2.147,0.00538897
BCD/BTC,1528310723962,2018-06-06T18:45:23.962Z,sell,0.00251,1.0,0.00251
BCD/BTC,1528310804375,2018-06-06T18:46:44.375Z,sell,0.00251,0.909,0.00228159
BCD/BTC,1528310818757,2018-06-06T18:46:58.757Z,sell,0.002509,5.0,0.012545
BCD/BTC,1528310896693,2018-06-06T18:48:16.693Z,buy,0.002515,23.886,0.0600732899999999
BCD/BTC,1528310902647,2018-06-06T18:48:22.647Z,buy,0.002518,26.876,0.067673768
BCD/BTC,1528310953880,2018-06-06T18:49:13.880Z,sell,0.002509,2.061,0.005171049
BCD/BTC,1528310953880,2018-06-06T18:49:13.880Z,sell,0.002505,8.007,0.0200575349999999
BCD/BTC,1528310961247,2018-06-06T18:49:21.247Z,buy,0.002517,3.019,0.007598823
BCD/BTC,1528310962773,2018-06-06T18:49:22.773Z,buy,0.002517,0.562,0.001414554
BCD/BTC,1528310993928,2018-06-06T18:49:53.928Z,buy,0.002517,1.0,0.002517
BCD/BTC,1528311018581,2018-06-06T18:50:18.581Z,buy,0.002517,2.426,0.006106242
BCD/BTC,1528311046821,2018-06-06T18:50:46.821Z,buy,0.002518,1.0,0.002518
BCD/BTC,1528311276215,2018-06-06T18:54:36.215Z,sell,0.002507,0.91,0.00228137
BCD/BTC,1528311365796,2018-06-06T18:56:05.796Z,buy,0.002517,0.91,0.00229047
BCD/BTC,1528311365796,2018-06-06T18:56:05.796Z,buy,0.002518,19.08,0.0480434399999999
BCD/BTC,1528311365796,2018-06-06T18:56:05.796Z,buy,0.002522,0.01,2.522e-05
BCD/BTC,1528311649980,2018-06-06T19:00:49.980Z,buy,0.002522,1.0,0.002522
BCD/BTC,1528311947474,2018-06-06T19:05:47.474Z,sell,0.002522,1.849,0.004663178
BCD/BTC,1528312050147,2018-06-06T19:07:30.147Z,sell,0.002514,3.613,0.009083082
BCD/BTC,1528312057665,2018-06-06T19:07:37.665Z,sell,0.002511,18.645,0.046817595
BCD/BTC,1528312391235,2018-06-06T19:13:11.235Z,sell,0.002512,15.786,0.0396544319999999
BCD/BTC,1528312391235,2018-06-06T19:13:11.235Z,sell,0.002511,1.0,0.002511
BCD/BTC,1528312442287,2018-06-06T19:14:02.287Z,sell,0.00251,0.61,0.0015311
BCD/BTC,1528312442287,2018-06-06T19:14:02.287Z,sell,0.002505,17.115,0.042873075
BCD/BTC,1528312442287,2018-06-06T19:14:02.287Z,sell,0.002504,54.872,0.137399488
BCD/BTC,1528312442287,2018-06-06T19:14:02.287Z,sell,0.002502,7.984,0.019975968
BCD/BTC,1528312442287,2018-06-06T19:14:02.287Z,sell,0.002501,25.894,0.064760894
BCD/BTC,1528312533558,2018-06-06T19:15:33.558Z,sell,0.002503,0.421,0.0010537629999999
BCD/BTC,1528312533558,2018-06-06T19:15:33.558Z,sell,0.002501,62.607,0.156580107
BCD/BTC,1528312738278,2018-06-06T19:18:58.278Z,buy,0.002514,1.411,0.003547254
BCD/BTC,1528312780479,2018-06-06T19:19:40.479Z,buy,0.002514,0.288,0.000724032
BCD/BTC,1528312783835,2018-06-06T19:19:43.835Z,buy,0.002523,0.964,0.002432172
BCD/BTC,1528312946484,2018-06-06T19:22:26.484Z,sell,0.002505,1.699,0.004255995
BCD/BTC,1528312946484,2018-06-06T19:22:26.484Z,sell,0.002502,7.594,0.019000188
BCD/BTC,1528312946484,2018-06-06T19:22:26.484Z,sell,0.002501,2.707,0.006770207
BCD/BTC,1528313264714,2018-06-06T19:27:44.714Z,sell,0.002502,1.142,0.0028572839999999
BCD/BTC,1528313298584,2018-06-06T19:28:18.584Z,sell,0.002503,0.8,0.0020024
BCD/BTC,1528313298934,2018-06-06T19:28:18.934Z,buy,0.002503,7.662,0.019177986
BCD/BTC,1528313665683,2018-06-06T19:34:25.683Z,sell,0.002503,0.8,0.0020024
BCD/BTC,1528313665683,2018-06-06T19:34:25.683Z,sell,0.002502,0.395,0.00098829
BCD/BTC,1528313799667,2018-06-06T19:36:39.667Z,buy,0.002511,1.458,0.003661038
BCD/BTC,1528314153533,2018-06-06T19:42:33.533Z,buy,0.002511,1.742,0.004374162
BCD/BTC,1528314172035,2018-06-06T19:42:52.035Z,buy,0.002513,1.699,0.004269587
BCD/BTC,1528314192655,2018-06-06T19:43:12.655Z,buy,0.002521,2.649,0.006678129
BCD/BTC,1528314205530,2018-06-06T19:43:25.530Z,buy,0.002522,2.484,0.0062646479999999
BCD/BTC,1528314205530,2018-06-06T19:43:25.530Z,buy,0.002527,6.856,0.017325112
BCD/BTC,1528314219509,2018-06-06T19:43:39.509Z,buy,0.002527,10.417,0.026323759
BCD/BTC,1528314219509,2018-06-06T19:43:39.509Z,buy,0.002527,10.417,0.026323759
BCD/BTC,1528314309778,2018-06-06T19:45:09.778Z,sell,0.002507,8.308,0.020828156
BCD/BTC,1528315118200,2018-06-06T19:58:38.200Z,buy,0.00251,2.276,0.00571276
BCD/BTC,1528315340936,2018-06-06T20:02:20.936Z,buy,0.00251,5.0,0.01255
BCD/BTC,1528315342744,2018-06-06T20:02:22.744Z,buy,0.00251,0.4,0.001004
BCD/BTC,1528315383651,2018-06-06T20:03:03.651Z,buy,0.002518,1.0,0.002518
BCD/BTC,1528315455484,2018-06-06T20:04:15.484Z,buy,0.00251,5.0,0.01255
BCD/BTC,1528315574384,2018-06-06T20:06:14.384Z,sell,0.002514,0.969,0.002436066
BCD/BTC,1528315584019,2018-06-06T20:06:24.019Z,buy,0.00251,2.0,0.00502
BCD/BTC,1528315600500,2018-06-06T20:06:40.500Z,buy,0.00251,1.0,0.00251
BCD/BTC,1528315631576,2018-06-06T20:07:11.576Z,sell,0.002504,3.101,0.007764904
BCD/BTC,1528316411088,2018-06-06T20:20:11.088Z,sell,0.002505,27.435,0.068724675
BCD/BTC,1528316557610,2018-06-06T20:22:37.610Z,buy,0.002517,0.4,0.0010068
BCD/BTC,1528316570141,2018-06-06T20:22:50.141Z,sell,0.002506,1.276,0.003197656
BCD/BTC,1528316598313,2018-06-06T20:23:18.313Z,buy,0.002517,3.2,0.0080544
BCD/BTC,1528316605590,2018-06-06T20:23:25.590Z,sell,0.002507,20.0,0.05014
BCD/BTC,1528316605590,2018-06-06T20:23:25.590Z,sell,0.002506,18.724,0.046922344
BCD/BTC,1528316605590,2018-06-06T20:23:25.590Z,sell,0.002505,13.2,0.033066
BCD/BTC,1528316605590,2018-06-06T20:23:25.590Z,sell,0.002504,25.798,0.064598192
BCD/BTC,1528316605590,2018-06-06T20:23:25.590Z,sell,0.002502,29.263,0.073216026
BCD/BTC,1528316605590,2018-06-06T20:23:25.590Z,sell,0.002501,18.648,0.046638648
BCD/BTC,1528316718257,2018-06-06T20:25:18.257Z,sell,0.002502,2.902,0.007260804
BCD/BTC,1528317202487,2018-06-06T20:33:22.487Z,sell,0.002509,2.036,0.005108324
BCD/BTC,1528317202487,2018-06-06T20:33:22.487Z,sell,0.002507,2.082,0.005219574
BCD/BTC,1528317324165,2018-06-06T20:35:24.165Z,buy,0.002515,7.809,0.019639635
BCD/BTC,1528317343219,2018-06-06T20:35:43.219Z,buy,0.002516,1.637,0.004118692
BCD/BTC,1528317346064,2018-06-06T20:35:46.064Z,buy,0.002516,0.445,0.00111962
BCD/BTC,1528317746920,2018-06-06T20:42:26.920Z,sell,0.002515,1.173,0.002950095
BCD/BTC,1528317747159,2018-06-06T20:42:27.159Z,buy,0.002515,4.439,0.0111640849999999
BCD/BTC,1528317751226,2018-06-06T20:42:31.226Z,buy,0.002515,1.175,0.002955125
BCD/BTC,1528317751226,2018-06-06T20:42:31.226Z,buy,0.002515,1.175,0.002955125
BCD/BTC,1528318414986,2018-06-06T20:53:34.986Z,buy,0.002528,4.5,0.0113759999999999
BCD/BTC,1528318800228,2018-06-06T21:00:00.228Z,buy,0.002528,0.945,0.00238896
BCD/BTC,1528318806158,2018-06-06T21:00:06.158Z,sell,0.002511,1.345,0.003377295
BCD/BTC,1528318813585,2018-06-06T21:00:13.585Z,buy,0.002527,0.092,0.000232484
BCD/BTC,1528319680599,2018-06-06T21:14:40.599Z,buy,0.002527,1.791,0.004525857
BCD/BTC,1528319840764,2018-06-06T21:17:20.764Z,buy,0.002527,2.105,0.005319335
BCD/BTC,1528320054903,2018-06-06T21:20:54.903Z,buy,0.002527,7.736,0.019548872
BCD/BTC,1528320055004,2018-06-06T21:20:55.004Z,sell,0.002527,1.0,0.002527
BCD/BTC,1528320055625,2018-06-06T21:20:55.625Z,sell,0.002527,4.331,0.010944437
BCD/BTC,1528320092686,2018-06-06T21:21:32.686Z,sell,0.00251,0.669,0.00167919
BCD/BTC,1528320396324,2018-06-06T21:26:36.324Z,buy,0.002527,0.669,0.001690563
BCD/BTC,1528320396324,2018-06-06T21:26:36.324Z,buy,0.002528,2.414,0.006102592
BCD/BTC,1528320396324,2018-06-06T21:26:36.324Z,buy,0.002533,0.717,0.001816161
BCD/BTC,1528320409089,2018-06-06T21:26:49.089Z,sell,0.002521,2.016,0.005082336
BCD/BTC,1528320410450,2018-06-06T21:26:50.450Z,buy,0.00253,2.016,0.00510048
BCD/BTC,1528320410681,2018-06-06T21:26:50.681Z,sell,0.002533,1.263,0.003199179
BCD/BTC,1528320410699,2018-06-06T21:26:50.699Z,sell,0.002533,0.001,2.533e-06
BCD/BTC,1528320410721,2018-06-06T21:26:50.721Z,sell,0.002533,1.264,0.003201712
BCD/BTC,1528320412363,2018-06-06T21:26:52.363Z,sell,0.002533,2.0,0.005066
BCD/BTC,1528320414914,2018-06-06T21:26:54.914Z,sell,0.002533,1.0,0.002533
BCD/BTC,1528320416482,2018-06-06T21:26:56.482Z,sell,0.002533,1.0,0.002533
BCD/BTC,1528320428924,2018-06-06T21:27:08.924Z,sell,0.002533,5.0,0.012665
BCD/BTC,1528320503165,2018-06-06T21:28:23.165Z,sell,0.002533,11.0,0.027863
BCD/BTC,1528320517668,2018-06-06T21:28:37.668Z,sell,0.002514,4.42,0.01111188
BCD/BTC,1528320517668,2018-06-06T21:28:37.668Z,sell,0.002511,6.121,0.015369831
BCD/BTC,1528320517668,2018-06-06T21:28:37.668Z,sell,0.00251,1.988,0.00498988
BCD/BTC,1528320517668,2018-06-06T21:28:37.668Z,sell,0.002509,8.325,0.0208874249999999
BCD/BTC,1528320521463,2018-06-06T21:28:41.463Z,buy,0.002509,0.476,0.0011942839999999
BCD/BTC,1528320528089,2018-06-06T21:28:48.089Z,sell,0.002506,0.8,0.0020048
BCD/BTC,1528320528089,2018-06-06T21:28:48.089Z,sell,0.002505,29.458,0.07379229
BCD/BTC,1528320542222,2018-06-06T21:29:02.222Z,sell,0.002502,0.8,0.0020016
BCD/BTC,1528320542222,2018-06-06T21:29:02.222Z,sell,0.002501,0.704,0.001760704
BCD/BTC,1528320702362,2018-06-06T21:31:42.362Z,sell,0.002506,3.46,0.00867076
BCD/BTC,1528320702362,2018-06-06T21:31:42.362Z,sell,0.002505,0.998,0.0024999899999999
BCD/BTC,1528320702362,2018-06-06T21:31:42.362Z,sell,0.002503,1.499,0.003751997
BCD/BTC,1528320702362,2018-06-06T21:31:42.362Z,sell,0.002502,4.111,0.0102857219999999
BCD/BTC,1528321129745,2018-06-06T21:38:49.745Z,sell,0.002502,2.531,0.006332562
BCD/BTC,1528321170359,2018-06-06T21:39:30.359Z,sell,0.002502,2.019,0.005051538
BCD/BTC,1528321211406,2018-06-06T21:40:11.406Z,buy,0.002508,2.617,0.006563436
BCD/BTC,1528321211406,2018-06-06T21:40:11.406Z,buy,0.002508,2.617,0.006563436
BCD/BTC,1528321451133,2018-06-06T21:44:11.133Z,buy,0.002508,16.417,0.041173836
BCD/BTC,1528321889410,2018-06-06T21:51:29.410Z,buy,0.002508,11.0,0.0275879999999999
BCD/BTC,1528321893536,2018-06-06T21:51:33.536Z,buy,0.002508,1.281,0.0032127479999999
BCD/BTC,1528322355364,2018-06-06T21:59:15.364Z,sell,0.002503,5.224,0.013075672
BCD/BTC,1528322355364,2018-06-06T21:59:15.364Z,sell,0.002502,5.71,0.01428642
BCD/BTC,1528322411757,2018-06-06T22:00:11.757Z,buy,0.002503,9.613,0.0240613389999999
BCD/BTC,1528322417395,2018-06-06T22:00:17.395Z,buy,0.002504,9.614,0.024073456
BCD/BTC,1528322417395,2018-06-06T22:00:17.395Z,buy,0.002514,1.184,0.002976576
BCD/BTC,1528322891877,2018-06-06T22:08:11.877Z,buy,0.00251,2.276,0.00571276
BCD/BTC,1528322891877,2018-06-06T22:08:11.877Z,buy,0.002514,2.074,0.005214036
BCD/BTC,1528322891877,2018-06-06T22:08:11.877Z,buy,0.002515,1.988,0.0049998199999999
BCD/BTC,1528322891877,2018-06-06T22:08:11.877Z,buy,0.002516,0.497,0.001250452
BCD/BTC,1528322895577,2018-06-06T22:08:15.577Z,buy,0.002516,5.147,0.012949852
BCD/BTC,1528322895577,2018-06-06T22:08:15.577Z,buy,0.002517,1.683,0.004236111
BCD/BTC,1528322899256,2018-06-06T22:08:19.256Z,buy,0.002517,6.0,0.015102
BCD/BTC,1528322902420,2018-06-06T22:08:22.420Z,buy,0.002517,2.174,0.005471958
BCD/BTC,1528322902945,2018-06-06T22:08:22.945Z,buy,0.002517,3.219,0.008102223
BCD/BTC,1528322902971,2018-06-06T22:08:22.971Z,sell,0.002517,3.616,0.009101472
BCD/BTC,1528322902972,2018-06-06T22:08:22.972Z,sell,0.002505,3.616,0.00905808
BCD/BTC,1528322906625,2018-06-06T22:08:26.625Z,buy,0.002516,3.616,0.009097856
BCD/BTC,1528322906625,2018-06-06T22:08:26.625Z,buy,0.002517,1.608,0.004047336
BCD/BTC,1528322906657,2018-06-06T22:08:26.657Z,sell,0.002517,0.803,0.002021151
BCD/BTC,1528322917057,2018-06-06T22:08:37.057Z,sell,0.002517,0.803,0.002021151
BCD/BTC,1528323250128,2018-06-06T22:14:10.128Z,buy,0.002517,0.948,0.002386116
BCD/BTC,1528323250128,2018-06-06T22:14:10.128Z,buy,0.00252,1.052,0.00265104
BCD/BTC,1528324012082,2018-06-06T22:26:52.082Z,buy,0.00252,0.221,0.00055692
BCD/BTC,1528324017041,2018-06-06T22:26:57.041Z,buy,0.002521,4.5,0.0113444999999999
BCD/BTC,1528324017141,2018-06-06T22:26:57.141Z,sell,0.002521,1.588,0.0040033479999999
BCD/BTC,1528324181227,2018-06-06T22:29:41.227Z,sell,0.002524,0.47,0.00118628
BCD/BTC,1528324213867,2018-06-06T22:30:13.867Z,buy,0.002526,1.976,0.004991376
BCD/BTC,1528324276707,2018-06-06T22:31:16.707Z,buy,0.002533,0.798,0.002021334
BCD/BTC,1528324276707,2018-06-06T22:31:16.707Z,buy,0.00254,1.791,0.00454914
BCD/BTC,1528324276707,2018-06-06T22:31:16.707Z,buy,0.002544,0.787,0.002002128
BCD/BTC,1528324276707,2018-06-06T22:31:16.707Z,buy,0.002545,5.906,0.0150307699999999
BCD/BTC,1528324276707,2018-06-06T22:31:16.707Z,buy,0.002547,62.317,0.1587213989999999
BCD/BTC,1528324276707,2018-06-06T22:31:16.707Z,buy,0.002548,17.482,0.044544136
BCD/BTC,1528324276707,2018-06-06T22:31:16.707Z,buy,0.002549,46.162,0.117666938
BCD/BTC,1528324277013,2018-06-06T22:31:17.013Z,buy,0.00254,0.592,0.00150368
BCD/BTC,1528324277723,2018-06-06T22:31:17.723Z,sell,0.002533,3.103,0.007859899
BCD/BTC,1528324278690,2018-06-06T22:31:18.690Z,buy,0.002533,0.005,1.2665000000000002e-05
BCD/BTC,1528324278708,2018-06-06T22:31:18.708Z,sell,0.002535,0.783,0.001984905
BCD/BTC,1528324278720,2018-06-06T22:31:18.720Z,sell,0.002529,0.783,0.001980207
BCD/BTC,1528324299174,2018-06-06T22:31:39.174Z,sell,0.002531,0.79,0.00199949
BCD/BTC,1528324300260,2018-06-06T22:31:40.260Z,sell,0.002527,0.788,0.001991276
BCD/BTC,1528324312208,2018-06-06T22:31:52.208Z,sell,0.002528,6.208,0.015693824
BCD/BTC,1528324313054,2018-06-06T22:31:53.054Z,sell,0.002527,0.79,0.00199633
BCD/BTC,1528324317232,2018-06-06T22:31:57.232Z,sell,0.002528,2.379,0.0060141119999999
BCD/BTC,1528324331096,2018-06-06T22:32:11.096Z,sell,0.002529,0.719,0.001818351
BCD/BTC,1528324332170,2018-06-06T22:32:12.170Z,sell,0.002529,0.732,0.001851228
BCD/BTC,1528324372051,2018-06-06T22:32:52.051Z,buy,0.002533,2.379,0.006026007
BCD/BTC,1528324386232,2018-06-06T22:33:06.232Z,sell,0.002533,2.0,0.005066
BCD/BTC,1528324398172,2018-06-06T22:33:18.172Z,sell,0.002537,2.403,0.006096411
BCD/BTC,1528324400943,2018-06-06T22:33:20.943Z,buy,0.002538,0.788,0.001999944
BCD/BTC,1528324401231,2018-06-06T22:33:21.231Z,sell,0.002538,0.716,0.0018172079999999
BCD/BTC,1528324690228,2018-06-06T22:38:10.228Z,sell,0.002538,0.251,0.0006370379999999
BCD/BTC,1528324693221,2018-06-06T22:38:13.221Z,sell,0.002537,0.621,0.001575477
BCD/BTC,1528324702239,2018-06-06T22:38:22.239Z,sell,0.002537,3.279,0.008318823
BCD/BTC,1528324771931,2018-06-06T22:39:31.931Z,sell,0.002537,1.262,0.003201694
BCD/BTC,1528324785052,2018-06-06T22:39:45.052Z,buy,0.002539,3.938,0.009998582
BCD/BTC,1528324785052,2018-06-06T22:39:45.052Z,buy,0.002539,3.938,0.009998582
BCD/BTC,1528324819391,2018-06-06T22:40:19.391Z,sell,0.002537,3.0,0.007611
BCD/BTC,1528324857067,2018-06-06T22:40:57.067Z,buy,0.002539,2.682,0.006809598
BCD/BTC,1528324881033,2018-06-06T22:41:21.033Z,buy,0.00254,2.582,0.00655828
BCD/BTC,1528324881033,2018-06-06T22:41:21.033Z,buy,0.002547,0.783,0.001994301
BCD/BTC,1528324881033,2018-06-06T22:41:21.033Z,buy,0.002549,0.572,0.0014580279999999
BCD/BTC,1528324914559,2018-06-06T22:41:54.559Z,buy,0.002549,0.431,0.001098619
BCD/BTC,1528325044917,2018-06-06T22:44:04.917Z,buy,0.002548,11.157,0.028428036
BCD/BTC,1528325096365,2018-06-06T22:44:56.365Z,sell,0.002539,0.37,0.00093943
BCD/BTC,1528325096365,2018-06-06T22:44:56.365Z,sell,0.002538,0.066,0.000167508
BCD/BTC,1528325125392,2018-06-06T22:45:25.392Z,sell,0.002538,0.477,0.0012106259999999
BCD/BTC,1528325269077,2018-06-06T22:47:49.077Z,buy,0.002547,0.543,0.001383021
BCD/BTC,1528325269077,2018-06-06T22:47:49.077Z,buy,0.002548,1.047,0.002667756
BCD/BTC,1528325471062,2018-06-06T22:51:11.062Z,buy,0.002548,0.395,0.00100646
BCD/BTC,1528325471062,2018-06-06T22:51:11.062Z,buy,0.002549,6.963,0.017748687
BCD/BTC,1528325471062,2018-06-06T22:51:11.062Z,buy,0.00255,10.395,0.02650725
BCD/BTC,1528325471062,2018-06-06T22:51:11.062Z,buy,0.002552,16.938,0.043225776
BCD/BTC,1528325499513,2018-06-06T22:51:39.513Z,sell,0.002552,0.001,2.552e-06
BCD/BTC,1528325502754,2018-06-06T22:51:42.754Z,sell,0.002539,2.617,0.006644563
BCD/BTC,1528325504914,2018-06-06T22:51:44.914Z,sell,0.00254,0.479,0.00121666
BCD/BTC,1528325523464,2018-06-06T22:52:03.464Z,sell,0.002541,2.818,0.007160538
BCD/BTC,1528325533040,2018-06-06T22:52:13.040Z,buy,0.002544,13.467,0.034260048
BCD/BTC,1528325533040,2018-06-06T22:52:13.040Z,buy,0.002553,5.435,0.013875555
BCD/BTC,1528325533040,2018-06-06T22:52:13.040Z,buy,0.002554,92.931,0.2373457739999999
BCD/BTC,1528325545717,2018-06-06T22:52:25.717Z,sell,0.002554,4.022,0.010272188
BCD/BTC,1528325554465,2018-06-06T22:52:34.465Z,sell,0.002554,1.648,0.004208992
BCD/BTC,1528325563502,2018-06-06T22:52:43.502Z,buy,0.002554,0.986,0.0025182439999999
BCD/BTC,1528325563502,2018-06-06T22:52:43.502Z,buy,0.002555,2.929,0.0074835949999999
BCD/BTC,1528325564578,2018-06-06T22:52:44.578Z,buy,0.002555,3.915,0.010002825
BCD/BTC,1528325829975,2018-06-06T22:57:09.975Z,sell,0.002547,1.998,0.005088906
BCD/BTC,1528325838792,2018-06-06T22:57:18.792Z,buy,0.002554,0.196,0.000500584
BCD/BTC,1528325860081,2018-06-06T22:57:40.081Z,buy,0.002554,0.283,0.0007227819999999
BCD/BTC,1528325860081,2018-06-06T22:57:40.081Z,buy,0.002555,3.632,0.00927976
BCD/BTC,1528326111190,2018-06-06T23:01:51.190Z,sell,0.002545,1.777,0.004522465
BCD/BTC,1528326315499,2018-06-06T23:05:15.499Z,sell,0.002545,0.327,0.000832215
BCD/BTC,1528326345710,2018-06-06T23:05:45.710Z,buy,0.002554,3.915,0.00999891
BCD/BTC,1528326763379,2018-06-06T23:12:43.379Z,sell,0.002545,6.196,0.01576882
BCD/BTC,1528326763379,2018-06-06T23:12:43.379Z,sell,0.002544,9.41,0.0239390399999999
BCD/BTC,1528326763422,2018-06-06T23:12:43.422Z,sell,0.002544,3.834,0.009753696
BCD/BTC,1528326834458,2018-06-06T23:13:54.458Z,sell,0.002544,1.756,0.0044672639999999
BCD/BTC,1528327419290,2018-06-06T23:23:39.290Z,sell,0.00254,0.442,0.00112268
BCD/BTC,1528327685229,2018-06-06T23:28:05.229Z,sell,0.00254,1.547,0.00392938
BCD/BTC,1528328024623,2018-06-06T23:33:44.623Z,sell,0.00254,1.949,0.00495046
BCD/BTC,1528328024623,2018-06-06T23:33:44.623Z,sell,0.002538,2.906,0.007375428
BCD/BTC,1528328024623,2018-06-06T23:33:44.623Z,sell,0.002537,47.261,0.119901157
BCD/BTC,1528328030471,2018-06-06T23:33:50.471Z,sell,0.002525,0.596,0.0015048999999999
BCD/BTC,1528328039049,2018-06-06T23:33:59.049Z,sell,0.002525,0.474,0.00119685
BCD/BTC,1528328105816,2018-06-06T23:35:05.816Z,buy,0.002525,3.96,0.009999
BCD/BTC,1528328113837,2018-06-06T23:35:13.837Z,buy,0.002525,8.281,0.020909525
BCD/BTC,1528328206198,2018-06-06T23:36:46.198Z,buy,0.002534,1.07,0.0027113799999999
BCD/BTC,1528328206198,2018-06-06T23:36:46.198Z,buy,0.002537,2.876,0.007296412
BCD/BTC,1528328206198,2018-06-06T23:36:46.198Z,buy,0.002534,1.07,0.0027113799999999
BCD/BTC,1528328206198,2018-06-06T23:36:46.198Z,buy,0.002537,2.876,0.007296412
BCD/BTC,1528328388132,2018-06-06T23:39:48.132Z,buy,0.002537,2.991,0.007588167
BCD/BTC,1528328997968,2018-06-06T23:49:57.968Z,sell,0.00253,1.015,0.00256795
BCD/BTC,1528329606573,2018-06-07T00:00:06.573Z,sell,0.002533,4.16,0.01053728
BCD/BTC,1528329606573,2018-06-07T00:00:06.573Z,sell,0.002532,5.079,0.0128600279999999
BCD/BTC,1528329606573,2018-06-07T00:00:06.573Z,sell,0.002525,1.558,0.00393395
BCD/BTC,1528330968447,2018-06-07T00:22:48.447Z,buy,0.002535,0.563,0.0014272049999999
BCD/BTC,1528331001107,2018-06-07T00:23:21.107Z,sell,0.002525,3.29,0.00830725
BCD/BTC,1528331149045,2018-06-07T00:25:49.045Z,buy,0.002534,1.0,0.002534
BCD/BTC,1528331537537,2018-06-07T00:32:17.537Z,buy,0.002534,0.742,0.0018802279999999
BCD/BTC,1528331537537,2018-06-07T00:32:17.537Z,buy,0.002534,0.742,0.0018802279999999
BCD/BTC,1528332111160,2018-06-07T00:41:51.160Z,buy,0.002527,1.09,0.00275443
BCD/BTC,1528332785254,2018-06-07T00:53:05.254Z,buy,0.002531,1.548,0.003917988
BCD/BTC,1528332849752,2018-06-07T00:54:09.752Z,sell,0.002526,3.606,0.0091087559999999
BCD/BTC,1528332849752,2018-06-07T00:54:09.752Z,sell,0.002524,2.0,0.005048
BCD/BTC,1528332849752,2018-06-07T00:54:09.752Z,sell,0.002521,2.912,0.0073411519999999
BCD/BTC,1528332849752,2018-06-07T00:54:09.752Z,sell,0.00252,13.213,0.03329676
BCD/BTC,1528332918152,2018-06-07T00:55:18.152Z,buy,0.00253,1.256,0.00317768
BCD/BTC,1528332957840,2018-06-07T00:55:57.840Z,buy,0.00253,3.823,0.00967219
BCD/BTC,1528333597651,2018-06-07T01:06:37.651Z,buy,0.002534,2.958,0.007495572
BCD/BTC,1528333597651,2018-06-07T01:06:37.651Z,buy,0.002542,0.5,0.001271
BCD/BTC,1528333597651,2018-06-07T01:06:37.651Z,buy,0.002543,0.488,0.001240984
BCD/BTC,1528334340506,2018-06-07T01:19:00.506Z,buy,0.002544,1.191,0.003029904
BCD/BTC,1528334528176,2018-06-07T01:22:08.176Z,buy,0.002544,0.412,0.001048128
BCD/BTC,1528335134347,2018-06-07T01:32:14.347Z,buy,0.002544,0.397,0.001009968
BCD/BTC,1528335135953,2018-06-07T01:32:15.953Z,buy,0.002544,0.397,0.001009968
BCD/BTC,1528335135953,2018-06-07T01:32:15.953Z,buy,0.002544,0.397,0.001009968
BCD/BTC,1528335171087,2018-06-07T01:32:51.087Z,buy,0.002544,3.93,0.00999792
BCD/BTC,1528335175545,2018-06-07T01:32:55.545Z,buy,0.002544,3.93,0.00999792
BCD/BTC,1528335383764,2018-06-07T01:36:23.764Z,buy,0.002544,3.93,0.00999792
BCD/BTC,1528335769972,2018-06-07T01:42:49.972Z,buy,0.002544,3.93,0.00999792
BCD/BTC,1528336381157,2018-06-07T01:53:01.157Z,buy,0.002536,3.943,0.009999448
BCD/BTC,1528336513265,2018-06-07T01:55:13.265Z,sell,0.00253,0.786,0.00198858
BCD/BTC,1528336550572,2018-06-07T01:55:50.572Z,buy,0.00253,2.266,0.00573298
BCD/BTC,1528337478564,2018-06-07T02:11:18.564Z,buy,0.002536,1.232,0.003124352
BCD/BTC,1528337478564,2018-06-07T02:11:18.564Z,buy,0.002544,2.711,0.0068967839999999
BCD/BTC,1528337492556,2018-06-07T02:11:32.556Z,buy,0.002544,3.93,0.00999792
BCD/BTC,1528337535391,2018-06-07T02:12:15.391Z,buy,0.002544,1.0,0.002544
BCD/BTC,1528337535590,2018-06-07T02:12:15.590Z,buy,0.002544,3.0,0.007632
BCD/BTC,1528337721506,2018-06-07T02:15:21.506Z,sell,0.002527,1.0,0.002527
BCD/BTC,1528337722006,2018-06-07T02:15:22.006Z,sell,0.002527,3.0,0.007581
BCD/BTC,1528337733158,2018-06-07T02:15:33.158Z,buy,0.002542,1.0,0.002542
BCD/BTC,1528337733655,2018-06-07T02:15:33.655Z,buy,0.002542,3.0,0.007626
BCD/BTC,1528337933296,2018-06-07T02:18:53.296Z,sell,0.002527,1.069,0.002701363
BCD/BTC,1528338492165,2018-06-07T02:28:12.165Z,buy,0.002542,1.069,0.0027173979999999
BCD/BTC,1528338492165,2018-06-07T02:28:12.165Z,buy,0.002542,1.069,0.0027173979999999
BCD/BTC,1528339041943,2018-06-07T02:37:21.943Z,sell,0.002542,4.0,0.010168
BCD/BTC,1528339056159,2018-06-07T02:37:36.159Z,sell,0.002542,1.331,0.0033834019999999
BCD/BTC,1528339326908,2018-06-07T02:42:06.908Z,sell,0.002532,3.653,0.009249396
BCD/BTC,1528339326908,2018-06-07T02:42:06.908Z,sell,0.002527,34.395,0.086916165
BCD/BTC,1528339327099,2018-06-07T02:42:07.099Z,buy,0.002527,2.693,0.006805211
BCD/BTC,1528339352296,2018-06-07T02:42:32.296Z,sell,0.002525,5.09,0.0128522499999999
BCD/BTC,1528339352296,2018-06-07T02:42:32.296Z,sell,0.002524,2.0,0.005048
BCD/BTC,1528339352296,2018-06-07T02:42:32.296Z,sell,0.002523,80.588,0.2033235239999999
BCD/BTC,1528339352296,2018-06-07T02:42:32.296Z,sell,0.002522,43.923,0.110773806
BCD/BTC,1528339352317,2018-06-07T02:42:32.317Z,buy,0.002522,3.149,0.007941778
BCD/BTC,1528339352317,2018-06-07T02:42:32.317Z,buy,0.002522,3.143,0.0079266459999999
BCD/BTC,1528339352343,2018-06-07T02:42:32.343Z,buy,0.002522,3.143,0.0079266459999999
BCD/BTC,1528339370824,2018-06-07T02:42:50.824Z,buy,0.002522,26.861,0.067743442
BCD/BTC,1528339370827,2018-06-07T02:42:50.827Z,buy,0.002522,7.534,0.0190007479999999
BCD/BTC,1528339370827,2018-06-07T02:42:50.827Z,buy,0.002538,5.09,0.01291842
BCD/BTC,1528339370827,2018-06-07T02:42:50.827Z,buy,0.002543,5.387,0.013699141
BCD/BTC,1528339370827,2018-06-07T02:42:50.827Z,buy,0.002544,8.85,0.0225143999999999
BCD/BTC,1528339370889,2018-06-07T02:42:50.889Z,sell,0.002521,9.576,0.024141096
BCD/BTC,1528339370960,2018-06-07T02:42:50.960Z,sell,0.002521,9.594,0.0241864739999999
BCD/BTC,1528339384376,2018-06-07T02:43:04.376Z,sell,0.002525,1.685,0.004254625
BCD/BTC,1528339384376,2018-06-07T02:43:04.376Z,sell,0.002522,34.256,0.086393632
BCD/BTC,1528339384376,2018-06-07T02:43:04.376Z,sell,0.002521,50.547,0.127428987
BCD/BTC,1528339857341,2018-06-07T02:50:57.341Z,sell,0.002531,1.256,0.003178936
BCD/BTC,1528339866839,2018-06-07T02:51:06.839Z,sell,0.002531,0.001,2.531e-06
BCD/BTC,1528339944356,2018-06-07T02:52:24.356Z,sell,0.002531,3.814,0.009653234
BCD/BTC,1528340152485,2018-06-07T02:55:52.485Z,buy,0.002532,3.653,0.009249396
BCD/BTC,1528340155238,2018-06-07T02:55:55.238Z,buy,0.002533,1.685,0.004268105
BCD/BTC,1528340613317,2018-06-07T03:03:33.317Z,sell,0.002528,0.863,0.002181664
BCD/BTC,1528340613317,2018-06-07T03:03:33.317Z,sell,0.002522,3.137,0.007911514
BCD/BTC,1528340947626,2018-06-07T03:09:07.626Z,buy,0.002536,0.788,0.001998368
BCD/BTC,1528341372318,2018-06-07T03:16:12.318Z,buy,0.002536,0.468,0.001186848
BCD/BTC,1528341372318,2018-06-07T03:16:12.318Z,buy,0.002539,17.658,0.044833662
BCD/BTC,1528341426026,2018-06-07T03:17:06.026Z,buy,0.002533,1.914,0.004848162
BCD/BTC,1528341710102,2018-06-07T03:21:50.102Z,sell,0.002523,0.863,0.002177349
BCD/BTC,1528341710102,2018-06-07T03:21:50.102Z,sell,0.002522,5.929,0.014952938
BCD/BTC,1528341710102,2018-06-07T03:21:50.102Z,sell,0.002521,54.174,0.136572654
BCD/BTC,1528341821635,2018-06-07T03:23:41.635Z,sell,0.002522,3.611,0.009106942
BCD/BTC,1528341821635,2018-06-07T03:23:41.635Z,sell,0.002521,24.969,0.062946849
BCD/BTC,1528341823505,2018-06-07T03:23:43.505Z,sell,0.00252,19.735,0.0497322
BCD/BTC,1528341827440,2018-06-07T03:23:47.440Z,buy,0.002521,3.947,0.009950387
BCD/BTC,1528341829239,2018-06-07T03:23:49.239Z,buy,0.002521,20.0,0.0504199999999999
BCD/BTC,1528341833822,2018-06-07T03:23:53.822Z,buy,0.002521,20.0,0.0504199999999999
BCD/BTC,1528341843508,2018-06-07T03:24:03.508Z,buy,0.002521,10.0,0.0252099999999999
BCD/BTC,1528341878922,2018-06-07T03:24:38.922Z,buy,0.002521,1.0,0.002521
BCD/BTC,1528341910955,2018-06-07T03:25:10.955Z,sell,0.00252,0.71,0.0017892
BCD/BTC,1528341910955,2018-06-07T03:25:10.955Z,sell,0.00252,0.71,0.0017892
BCD/BTC,1528342133404,2018-06-07T03:28:53.404Z,buy,0.002521,0.793,0.001999153
BCD/BTC,1528342190390,2018-06-07T03:29:50.390Z,buy,0.002528,3.611,0.009128608
BCD/BTC,1528342190390,2018-06-07T03:29:50.390Z,buy,0.002529,5.929,0.014994441
BCD/BTC,1528342246181,2018-06-07T03:30:46.181Z,buy,0.002533,0.005,1.2665000000000002e-05
BCD/BTC,1528342369794,2018-06-07T03:32:49.794Z,buy,0.002533,1.896,0.004802568
BCD/BTC,1528342369794,2018-06-07T03:32:49.794Z,buy,0.002541,18.821,0.047824161
BCD/BTC,1528342369794,2018-06-07T03:32:49.794Z,buy,0.002543,1.189,0.003023627
BCD/BTC,1528342369794,2018-06-07T03:32:49.794Z,buy,0.002544,35.661,0.090721584
BCD/BTC,1528342398144,2018-06-07T03:33:18.144Z,buy,0.002544,0.397,0.001009968
BCD/BTC,1528342418388,2018-06-07T03:33:38.388Z,sell,0.002526,0.892,0.002253192
BCD/BTC,1528342756848,2018-06-07T03:39:16.848Z,sell,0.002527,1.389,0.003510003
BCD/BTC,1528342756848,2018-06-07T03:39:16.848Z,sell,0.002526,5.921,0.014956446
BCD/BTC,1528342756848,2018-06-07T03:39:16.848Z,sell,0.002523,5.088,0.012837024
BCD/BTC,1528343181402,2018-06-07T03:46:21.402Z,buy,0.002531,0.571,0.0014452009999999
BCD/BTC,1528343224304,2018-06-07T03:47:04.304Z,buy,0.002531,4.144,0.010488464
BCD/BTC,1528343599451,2018-06-07T03:53:19.451Z,sell,0.002525,0.497,0.001254925
BCD/BTC,1528343648577,2018-06-07T03:54:08.577Z,sell,0.002525,0.453,0.001143825
BCD/BTC,1528344320067,2018-06-07T04:05:20.067Z,buy,0.002526,2.5,0.006315
BCD/BTC,1528344560559,2018-06-07T04:09:20.559Z,buy,0.002526,3.958,0.009997908
BCD/BTC,1528345231685,2018-06-07T04:20:31.685Z,buy,0.002525,1.303,0.0032900749999999
BCD/BTC,1528345231685,2018-06-07T04:20:31.685Z,buy,0.002525,1.303,0.0032900749999999
BCD/BTC,1528345638142,2018-06-07T04:27:18.142Z,buy,0.002525,0.124,0.0003130999999999
BCD/BTC,1528346297440,2018-06-07T04:38:17.440Z,buy,0.002526,5.636,0.014236536
BCD/BTC,1528346452359,2018-06-07T04:40:52.359Z,buy,0.002531,0.773,0.001956463
BCD/BTC,1528346695547,2018-06-07T04:44:55.547Z,buy,0.002531,0.867,0.002194377
BCD/BTC,1528347007188,2018-06-07T04:50:07.188Z,sell,0.00253,0.818,0.00206954
BCD/BTC,1528347309355,2018-06-07T04:55:09.355Z,sell,0.00253,3.946,0.00998338
BCD/BTC,1528347600932,2018-06-07T05:00:00.932Z,buy,0.002531,16.193,0.040984483
BCD/BTC,1528347609545,2018-06-07T05:00:09.545Z,sell,0.00254,0.343,0.00087122
BCD/BTC,1528347610288,2018-06-07T05:00:10.288Z,sell,0.00254,2.31,0.0058674
BCD/BTC,1528348007318,2018-06-07T05:06:47.318Z,buy,0.002531,0.833,0.0021083229999999
BCD/BTC,1528348007318,2018-06-07T05:06:47.318Z,buy,0.002532,3.104,0.007859328
BCD/BTC,1528348270479,2018-06-07T05:11:10.479Z,buy,0.002532,2.712,0.006866784
BCD/BTC,1528348271876,2018-06-07T05:11:11.876Z,sell,0.00254,0.52,0.0013208
BCD/BTC,1528348294259,2018-06-07T05:11:34.259Z,sell,0.00254,1.107,0.00281178
BCD/BTC,1528348503353,2018-06-07T05:15:03.353Z,buy,0.002538,3.22,0.00817236
BCD/BTC,1528348503353,2018-06-07T05:15:03.353Z,buy,0.002539,2.817,0.007152363
BCD/BTC,1528348503353,2018-06-07T05:15:03.353Z,buy,0.00254,8.874,0.02253996
BCD/BTC,1528348503353,2018-06-07T05:15:03.353Z,buy,0.002541,1.881,0.0047796209999999
BCD/BTC,1528348503353,2018-06-07T05:15:03.353Z,buy,0.002542,4.0,0.010168
BCD/BTC,1528348503353,2018-06-07T05:15:03.353Z,buy,0.002543,4.0,0.010172
BCD/BTC,1528348503353,2018-06-07T05:15:03.353Z,buy,0.002544,27.759,0.070618896
BCD/BTC,1528348519244,2018-06-07T05:15:19.244Z,buy,0.002552,3.618,0.009233136
BCD/BTC,1528348519244,2018-06-07T05:15:19.244Z,buy,0.002553,8.0,0.020424
BCD/BTC,1528348519244,2018-06-07T05:15:19.244Z,buy,0.002555,36.31,0.09277205
BCD/BTC,1528348519470,2018-06-07T05:15:19.470Z,sell,0.002555,0.628,0.00160454
BCD/BTC,1528348519490,2018-06-07T05:15:19.490Z,sell,0.002555,5.684,0.01452262
BCD/BTC,1528348529142,2018-06-07T05:15:29.142Z,buy,0.002556,145.608,0.372174048
BCD/BTC,1528348529142,2018-06-07T05:15:29.142Z,buy,0.00256,25.532,0.06536192
BCD/BTC,1528348529249,2018-06-07T05:15:29.249Z,sell,0.00256,0.618,0.00158208
BCD/BTC,1528348529867,2018-06-07T05:15:29.867Z,sell,0.00256,2.078,0.00531968
BCD/BTC,1528348541685,2018-06-07T05:15:41.685Z,buy,0.002562,0.395,0.00101199
BCD/BTC,1528348602912,2018-06-07T05:16:42.912Z,sell,0.002547,0.792,0.0020172239999999
BCD/BTC,1528348620064,2018-06-07T05:17:00.064Z,buy,0.002561,0.395,0.001011595
BCD/BTC,1528348639744,2018-06-07T05:17:19.744Z,sell,0.002559,1.954,0.005000286
BCD/BTC,1528348678044,2018-06-07T05:17:58.044Z,sell,0.002553,1.131,0.002887443
BCD/BTC,1528348678044,2018-06-07T05:17:58.044Z,sell,0.002553,1.131,0.002887443
BCD/BTC,1528348849153,2018-06-07T05:20:49.153Z,buy,0.002561,0.395,0.001011595
BCD/BTC,1528348997898,2018-06-07T05:23:17.898Z,buy,0.002561,0.002,5.122e-06
BCD/BTC,1528348997898,2018-06-07T05:23:17.898Z,buy,0.002562,0.393,0.001006866
BCD/BTC,1528349091934,2018-06-07T05:24:51.934Z,buy,0.002562,0.707,0.001811334
BCD/BTC,1528349151454,2018-06-07T05:25:51.454Z,buy,0.002562,0.434,0.001111908
BCD/BTC,1528349646131,2018-06-07T05:34:06.131Z,buy,0.002562,0.395,0.00101199
BCD/BTC,1528349866093,2018-06-07T05:37:46.093Z,sell,0.002557,1.108,0.002833156
BCD/BTC,1528350079754,2018-06-07T05:41:19.754Z,sell,0.002557,1.936,0.004950352
BCD/BTC,1528350195130,2018-06-07T05:43:15.130Z,buy,0.002562,0.023,5.8926e-05
BCD/BTC,1528350195130,2018-06-07T05:43:15.130Z,buy,0.002563,0.481,0.001232803
BCD/BTC,1528350198942,2018-06-07T05:43:18.942Z,buy,0.002563,0.125,0.000320375
BCD/BTC,1528350201821,2018-06-07T05:43:21.821Z,sell,0.002557,0.036,9.2052e-05
BCD/BTC,1528350202377,2018-06-07T05:43:22.377Z,buy,0.002563,0.031,7.9453e-05
BCD/BTC,1528350205919,2018-06-07T05:43:25.919Z,buy,0.002563,0.008,2.0504e-05
BCD/BTC,1528350209305,2018-06-07T05:43:29.305Z,buy,0.002563,0.454,0.001163602
BCD/BTC,1528350209305,2018-06-07T05:43:29.305Z,buy,0.002564,3.439,0.008817596
BCD/BTC,1528350209305,2018-06-07T05:43:29.305Z,buy,0.002565,2.707,0.0069434549999999
BCD/BTC,1528350210272,2018-06-07T05:43:30.272Z,buy,0.002565,0.002,5.13e-06
BCD/BTC,1528350210916,2018-06-07T05:43:30.916Z,buy,0.002565,0.035,8.977500000000001e-05
BCD/BTC,1528350213939,2018-06-07T05:43:33.939Z,buy,0.002565,0.001,2.565e-06
BCD/BTC,1528350235643,2018-06-07T05:43:55.643Z,sell,0.002558,0.036,9.2088e-05
BCD/BTC,1528350332031,2018-06-07T05:45:32.031Z,sell,0.002558,5.794,0.014821052
BCD/BTC,1528350361540,2018-06-07T05:46:01.540Z,buy,0.002558,1.549,0.003962342
BCD/BTC,1528350376299,2018-06-07T05:46:16.299Z,sell,0.002557,12.764,0.0326375479999999
BCD/BTC,1528350513417,2018-06-07T05:48:33.417Z,buy,0.002557,7.166,0.018323462
BCD/BTC,1528350592080,2018-06-07T05:49:52.080Z,sell,0.002557,0.933,0.0023856809999999
BCD/BTC,1528350865465,2018-06-07T05:54:25.465Z,buy,0.002564,1.349,0.003458836
BCD/BTC,1528350899088,2018-06-07T05:54:59.088Z,sell,0.002557,2.032,0.005195824
BCD/BTC,1528350976145,2018-06-07T05:56:16.145Z,sell,0.002557,0.437,0.001117409
BCD/BTC,1528351102295,2018-06-07T05:58:22.295Z,sell,0.002557,11.456,0.0292929919999999
BCD/BTC,1528351255226,2018-06-07T06:00:55.226Z,buy,0.002557,2.234,0.005712338
BCD/BTC,1528351311651,2018-06-07T06:01:51.651Z,sell,0.002553,0.707,0.001804971
BCD/BTC,1528351555413,2018-06-07T06:05:55.413Z,sell,0.002553,0.121,0.000308913
BCD/BTC,1528351555413,2018-06-07T06:05:55.413Z,sell,0.002552,0.588,0.001500576
BCD/BTC,1528351555413,2018-06-07T06:05:55.413Z,sell,0.002548,0.417,0.001062516
BCD/BTC,1528351559322,2018-06-07T06:05:59.322Z,sell,0.002548,1.546,0.003939208
BCD/BTC,1528351573244,2018-06-07T06:06:13.244Z,sell,0.002547,0.397,0.001011159
BCD/BTC,1528351580357,2018-06-07T06:06:20.357Z,sell,0.002547,0.055,0.000140085
BCD/BTC,1528351689426,2018-06-07T06:08:09.426Z,sell,0.002546,0.496,0.001262816
BCD/BTC,1528351842129,2018-06-07T06:10:42.129Z,buy,0.002547,4.033,0.010272051
BCD/BTC,1528351964457,2018-06-07T06:12:44.457Z,sell,0.002546,0.094,0.000239324
BCD/BTC,1528351964457,2018-06-07T06:12:44.457Z,sell,0.002543,1.967,0.005002081
BCD/BTC,1528351964457,2018-06-07T06:12:44.457Z,sell,0.002542,0.866,0.002201372
BCD/BTC,1528351964457,2018-06-07T06:12:44.457Z,sell,0.002541,0.591,0.0015017309999999
BCD/BTC,1528351964457,2018-06-07T06:12:44.457Z,sell,0.002539,0.12,0.00030468
BCD/BTC,1528351966149,2018-06-07T06:12:46.149Z,buy,0.002542,0.02,5.084e-05
BCD/BTC,1528352003151,2018-06-07T06:13:23.151Z,sell,0.002539,0.274,0.000695686
BCD/BTC,1528352124087,2018-06-07T06:15:24.087Z,sell,0.002537,1.971,0.005000427
BCD/BTC,1528352124369,2018-06-07T06:15:24.369Z,sell,0.002536,0.57,0.0014455199999999
BCD/BTC,1528352168601,2018-06-07T06:16:08.601Z,buy,0.002537,0.626,0.001588162
BCD/BTC,1528352198779,2018-06-07T06:16:38.779Z,sell,0.002537,2.133,0.005411421
BCD/BTC,1528352202322,2018-06-07T06:16:42.322Z,sell,0.002535,1.0,0.002535
BCD/BTC,1528352205333,2018-06-07T06:16:45.333Z,sell,0.002533,14.022,0.035517726
BCD/BTC,1528352208346,2018-06-07T06:16:48.346Z,sell,0.002532,3.951,0.010003932
BCD/BTC,1528352208346,2018-06-07T06:16:48.346Z,sell,0.002532,3.951,0.010003932
BCD/BTC,1528352338221,2018-06-07T06:18:58.221Z,buy,0.002539,3.938,0.009998582
BCD/BTC,1528352577053,2018-06-07T06:22:57.053Z,sell,0.002532,7.576,0.019182432
BCD/BTC,1528352599286,2018-06-07T06:23:19.286Z,buy,0.002539,2.479,0.006294181
BCD/BTC,1528352599286,2018-06-07T06:23:19.286Z,buy,0.002544,1.459,0.003711696
BCD/BTC,1528352633229,2018-06-07T06:23:53.229Z,sell,0.002532,1.556,0.003939792
BCD/BTC,1528353799155,2018-06-07T06:43:19.155Z,sell,0.002538,43.942,0.111524796
BCD/BTC,1528353801172,2018-06-07T06:43:21.172Z,buy,0.002542,0.684,0.001738728
BCD/BTC,1528353991663,2018-06-07T06:46:31.663Z,sell,0.002538,43.661,0.110811618
BCD/BTC,1528354017462,2018-06-07T06:46:57.462Z,sell,0.002537,15.839,0.040183543
BCD/BTC,1528354031711,2018-06-07T06:47:11.711Z,sell,0.002537,8.703,0.022079511
BCD/BTC,1528354047411,2018-06-07T06:47:27.411Z,sell,0.002537,8.703,0.022079511
BCD/BTC,1528354056324,2018-06-07T06:47:36.324Z,buy,0.002542,5.46,0.01387932
BCD/BTC,1528354063138,2018-06-07T06:47:43.138Z,sell,0.002542,7.246,0.018419332
BCD/BTC,1528354159546,2018-06-07T06:49:19.546Z,sell,0.002537,8.703,0.022079511
BCD/BTC,1528354175461,2018-06-07T06:49:35.461Z,sell,0.002537,1.457,0.003696409
BCD/BTC,1528354710168,2018-06-07T06:58:30.168Z,sell,0.002542,4.875,0.01239225
BCD/BTC,1528354710168,2018-06-07T06:58:30.168Z,sell,0.002538,1.76,0.0044668799999999
BCD/BTC,1528355434193,2018-06-07T07:10:34.193Z,buy,0.002547,1.771,0.0045107369999999
BCD/BTC,1528355434193,2018-06-07T07:10:34.193Z,buy,0.002548,2.155,0.00549094
BCD/BTC,1528355496874,2018-06-07T07:11:36.874Z,buy,0.002548,0.397,0.001011556
BCD/BTC,1528355536632,2018-06-07T07:12:16.632Z,buy,0.002548,3.924,0.009998352
BCD/BTC,1528355567109,2018-06-07T07:12:47.109Z,sell,0.002542,2.427,0.006169434
BCD/BTC,1528355567109,2018-06-07T07:12:47.109Z,sell,0.00254,1.779,0.00451866
BCD/BTC,1528355567109,2018-06-07T07:12:47.109Z,sell,0.002539,4.123,0.010468297
BCD/BTC,1528355567109,2018-06-07T07:12:47.109Z,sell,0.002538,15.104,0.038333952
BCD/BTC,1528355662597,2018-06-07T07:14:22.597Z,sell,0.002539,1.205,0.003059495
BCD/BTC,1528355734926,2018-06-07T07:15:34.926Z,buy,0.002547,0.001,2.547e-06
BCD/BTC,1528355734926,2018-06-07T07:15:34.926Z,buy,0.002547,0.001,2.547e-06
BCD/BTC,1528356251025,2018-06-07T07:24:11.025Z,buy,0.002545,0.397,0.001010365
BCD/BTC,1528356956867,2018-06-07T07:35:56.867Z,buy,0.002545,2.9,0.0073805
BCD/BTC,1528357086502,2018-06-07T07:38:06.502Z,buy,0.002545,0.729,0.001855305
BCD/BTC,1528357086502,2018-06-07T07:38:06.502Z,buy,0.002546,1.986,0.005056356
BCD/BTC,1528357086502,2018-06-07T07:38:06.502Z,buy,0.00255,1.214,0.0030957
BCD/BTC,1528357090277,2018-06-07T07:38:10.277Z,buy,0.002549,3.623,0.009235027
BCD/BTC,1528357090277,2018-06-07T07:38:10.277Z,buy,0.00255,0.3,0.000765
BCD/BTC,1528357323028,2018-06-07T07:42:03.028Z,buy,0.002545,2.471,0.006288695
BCD/BTC,1528357323028,2018-06-07T07:42:03.028Z,buy,0.002549,4.388,0.011185012
BCD/BTC,1528357323028,2018-06-07T07:42:03.028Z,buy,0.00255,19.047,0.04856985
BCD/BTC,1528357554671,2018-06-07T07:45:54.671Z,buy,0.002539,2.471,0.006273869
BCD/BTC,1528357631530,2018-06-07T07:47:11.530Z,sell,0.002538,1.279,0.003246102
BCD/BTC,1528357648856,2018-06-07T07:47:28.856Z,sell,0.002538,1.913,0.004855194
BCD/BTC,1528357914490,2018-06-07T07:51:54.490Z,sell,0.002538,27.809,0.070579242
BCD/BTC,1528357926446,2018-06-07T07:52:06.446Z,sell,0.002537,0.807,0.002047359
BCD/BTC,1528357926615,2018-06-07T07:52:06.615Z,buy,0.002538,1.452,0.0036851759999999
BCD/BTC,1528358011101,2018-06-07T07:53:31.101Z,sell,0.002538,29.248,0.074231424
BCD/BTC,1528358241629,2018-06-07T07:57:21.629Z,sell,0.002537,30.554,0.077515498
BCD/BTC,1528358302937,2018-06-07T07:58:22.937Z,buy,0.002542,0.568,0.0014438559999999
BCD/BTC,1528358534768,2018-06-07T08:02:14.768Z,buy,0.002542,3.933,0.0099976859999999
BCD/BTC,1528358777084,2018-06-07T08:06:17.084Z,buy,0.002542,0.49,0.00124558
BCD/BTC,1528358841335,2018-06-07T08:07:21.335Z,sell,0.002538,5.0,0.01269
BCD/BTC,1528358848497,2018-06-07T08:07:28.497Z,buy,0.002542,0.626,0.001591292
BCD/BTC,1528358848497,2018-06-07T08:07:28.497Z,buy,0.002544,3.307,0.008413008
BCD/BTC,1528358879216,2018-06-07T08:07:59.216Z,sell,0.002538,2.013,0.0051089939999999
BCD/BTC,1528358920707,2018-06-07T08:08:40.707Z,sell,0.002539,1.311,0.003328629
BCD/BTC,1528358920707,2018-06-07T08:08:40.707Z,sell,0.002538,0.703,0.001784214
BCD/BTC,1528358953984,2018-06-07T08:09:13.984Z,buy,0.002544,2.59,0.0065889599999999
BCD/BTC,1528358953984,2018-06-07T08:09:13.984Z,buy,0.002545,1.34,0.0034103
BCD/BTC,1528359145855,2018-06-07T08:12:25.855Z,sell,0.002539,1.0,0.002539
BCD/BTC,1528359224958,2018-06-07T08:13:44.958Z,buy,0.002545,2.289,0.005825505
BCD/BTC,1528359224958,2018-06-07T08:13:44.958Z,buy,0.002549,1.0,0.002549
BCD/BTC,1528359224958,2018-06-07T08:13:44.958Z,buy,0.00255,0.64,0.001632
BCD/BTC,1528359253887,2018-06-07T08:14:13.887Z,buy,0.00255,1.188,0.0030294
BCD/BTC,1528359253887,2018-06-07T08:14:13.887Z,buy,0.00255,1.188,0.0030294
BCD/BTC,1528359810293,2018-06-07T08:23:30.293Z,buy,0.00255,3.921,0.00999855
BCD/BTC,1528359891356,2018-06-07T08:24:51.356Z,sell,0.002543,0.708,0.001800444
BCD/BTC,1528359938141,2018-06-07T08:25:38.141Z,buy,0.002549,0.002,5.098e-06
BCD/BTC,1528359950173,2018-06-07T08:25:50.173Z,buy,0.002553,0.03,7.659e-05
BCD/BTC,1528360219336,2018-06-07T08:30:19.336Z,buy,0.002553,1.536,0.003921408
BCD/BTC,1528360235389,2018-06-07T08:30:35.389Z,buy,0.002553,0.676,0.001725828
BCD/BTC,1528360308697,2018-06-07T08:31:48.697Z,buy,0.002554,3.915,0.00999891
BCD/BTC,1528360457103,2018-06-07T08:34:17.103Z,sell,0.002553,2.6,0.0066378
BCD/BTC,1528360485024,2018-06-07T08:34:45.024Z,sell,0.002553,0.915,0.002335995
BCD/BTC,1528360500643,2018-06-07T08:35:00.643Z,sell,0.002553,0.915,0.002335995
BCD/BTC,1528360516962,2018-06-07T08:35:16.962Z,sell,0.002553,0.915,0.002335995
BCD/BTC,1528360518536,2018-06-07T08:35:18.536Z,sell,0.002553,27.148,0.069308844
BCD/BTC,1528360741410,2018-06-07T08:39:01.410Z,buy,0.002551,0.901,0.002298451
BCD/BTC,1528360741410,2018-06-07T08:39:01.410Z,buy,0.002553,12.8,0.0326784
BCD/BTC,1528360741410,2018-06-07T08:39:01.410Z,buy,0.002554,3.558,0.009087132
BCD/BTC,1528360741410,2018-06-07T08:39:01.410Z,buy,0.002555,27.152,0.06937336
BCD/BTC,1528360741410,2018-06-07T08:39:01.410Z,buy,0.002556,2.092,0.005347152
BCD/BTC,1528360741410,2018-06-07T08:39:01.410Z,buy,0.002558,1.188,0.003038904
BCD/BTC,1528360741410,2018-06-07T08:39:01.410Z,buy,0.002559,2.751,0.007039809
BCD/BTC,1528360741410,2018-06-07T08:39:01.410Z,buy,0.002562,1.788,0.004580856
BCD/BTC,1528360741410,2018-06-07T08:39:01.410Z,buy,0.002563,5.0,0.012815
BCD/BTC,1528360741410,2018-06-07T08:39:01.410Z,buy,0.002565,1.65,0.00423225
BCD/BTC,1528360741410,2018-06-07T08:39:01.410Z,buy,0.002566,3.977,0.010204982
BCD/BTC,1528360741410,2018-06-07T08:39:01.410Z,buy,0.002567,12.395,0.031817965
BCD/BTC,1528360741410,2018-06-07T08:39:01.410Z,buy,0.002569,0.79,0.00202951
BCD/BTC,1528360741410,2018-06-07T08:39:01.410Z,buy,0.00257,1.597,0.00410429
BCD/BTC,1528360741410,2018-06-07T08:39:01.410Z,buy,0.002572,2.376,0.0061110719999999
BCD/BTC,1528360741410,2018-06-07T08:39:01.410Z,buy,0.002575,5.39,0.01387925
BCD/BTC,1528360741410,2018-06-07T08:39:01.410Z,buy,0.002577,51.334,0.132287718
BCD/BTC,1528360757778,2018-06-07T08:39:17.778Z,sell,0.002565,1.993,0.005112045
BCD/BTC,1528360769224,2018-06-07T08:39:29.224Z,buy,0.002575,1.993,0.005131975
BCD/BTC,1528360769224,2018-06-07T08:39:29.224Z,buy,0.002577,2.5,0.0064424999999999
BCD/BTC,1528360769224,2018-06-07T08:39:29.224Z,buy,0.002578,0.584,0.0015055519999999
BCD/BTC,1528360769224,2018-06-07T08:39:29.224Z,buy,0.00258,10.175,0.0262515
BCD/BTC,1528360769224,2018-06-07T08:39:29.224Z,buy,0.002581,15.984,0.0412547039999999
BCD/BTC,1528360769224,2018-06-07T08:39:29.224Z,buy,0.002583,1.309,0.0033811469999999
BCD/BTC,1528360769224,2018-06-07T08:39:29.224Z,buy,0.002584,0.944,0.0024392959999999
BCD/BTC,1528360773704,2018-06-07T08:39:33.704Z,buy,0.002583,4.033,0.010417239
BCD/BTC,1528360773704,2018-06-07T08:39:33.704Z,buy,0.002584,3.003,0.007759752
BCD/BTC,1528360773704,2018-06-07T08:39:33.704Z,buy,0.002585,1.128,0.0029158799999999
BCD/BTC,1528360775659,2018-06-07T08:39:35.659Z,buy,0.002585,2.721,0.007033785
BCD/BTC,1528360782152,2018-06-07T08:39:42.152Z,sell,0.002574,3.588,0.009235512
BCD/BTC,1528360784079,2018-06-07T08:39:44.079Z,sell,0.002575,5.804,0.0149453
BCD/BTC,1528360786644,2018-06-07T08:39:46.644Z,buy,0.002584,0.391,0.001010344
BCD/BTC,1528360787078,2018-06-07T08:39:47.078Z,buy,0.002584,0.391,0.001010344
BCD/BTC,1528360787260,2018-06-07T08:39:47.260Z,buy,0.002584,0.391,0.001010344
BCD/BTC,1528360787990,2018-06-07T08:39:47.990Z,sell,0.002573,0.786,0.002022378
BCD/BTC,1528360800986,2018-06-07T08:40:00.986Z,sell,0.002573,0.389,0.001000897
BCD/BTC,1528360804876,2018-06-07T08:40:04.876Z,sell,0.002569,1.717,0.004410973
BCD/BTC,1528360806306,2018-06-07T08:40:06.306Z,sell,0.002569,1.878,0.004824582
BCD/BTC,1528360806306,2018-06-07T08:40:06.306Z,sell,0.002566,1.659,0.004256994
BCD/BTC,1528360806306,2018-06-07T08:40:06.306Z,sell,0.002565,0.467,0.001197855
BCD/BTC,1528360806306,2018-06-07T08:40:06.306Z,sell,0.002561,0.208,0.0005326879999999
BCD/BTC,1528360810422,2018-06-07T08:40:10.422Z,sell,0.002562,0.509,0.001304058
BCD/BTC,1528360810422,2018-06-07T08:40:10.422Z,sell,0.002561,0.183,0.0004686629999999
BCD/BTC,1528360810422,2018-06-07T08:40:10.422Z,sell,0.002556,1.482,0.003787992
BCD/BTC,1528360812502,2018-06-07T08:40:12.502Z,sell,0.002555,0.545,0.001392475
BCD/BTC,1528360812662,2018-06-07T08:40:12.662Z,sell,0.002554,0.545,0.00139193
BCD/BTC,1528360814252,2018-06-07T08:40:14.252Z,buy,0.002555,1.838,0.00469609
BCD/BTC,1528360814655,2018-06-07T08:40:14.655Z,sell,0.002556,0.99,0.00253044
BCD/BTC,1528360814730,2018-06-07T08:40:14.730Z,sell,0.002556,3.705,0.00946998
BCD/BTC,1528360814730,2018-06-07T08:40:14.730Z,sell,0.002555,0.255,0.000651525
BCD/BTC,1528360814762,2018-06-07T08:40:14.762Z,sell,0.002555,1.583,0.004044565
BCD/BTC,1528360814762,2018-06-07T08:40:14.762Z,sell,0.002554,2.469,0.006305826
BCD/BTC,1528360814762,2018-06-07T08:40:14.762Z,sell,0.002553,2.567,0.006553551
BCD/BTC,1528360814762,2018-06-07T08:40:14.762Z,sell,0.002552,5.281,0.013477112
BCD/BTC,1528360814782,2018-06-07T08:40:14.782Z,sell,0.002552,1.397,0.003565144
BCD/BTC,1528360814782,2018-06-07T08:40:14.782Z,sell,0.002551,0.183,0.000466833
BCD/BTC,1528360814810,2018-06-07T08:40:14.810Z,sell,0.00256,2.852,0.00730112
BCD/BTC,1528360814810,2018-06-07T08:40:14.810Z,sell,0.002551,0.286,0.000729586
BCD/BTC,1528360814810,2018-06-07T08:40:14.810Z,sell,0.00255,4.792,0.0122196
BCD/BTC,1528360814854,2018-06-07T08:40:14.854Z,sell,0.00255,1.256,0.0032028
BCD/BTC,1528360814854,2018-06-07T08:40:14.854Z,sell,0.002549,0.324,0.000825876
BCD/BTC,1528360815335,2018-06-07T08:40:15.335Z,buy,0.002561,0.391,0.001001351
BCD/BTC,1528360820117,2018-06-07T08:40:20.117Z,sell,0.002549,2.785,0.007098965
BCD/BTC,1528360820336,2018-06-07T08:40:20.336Z,sell,0.002549,0.001,2.549e-06
BCD/BTC,1528360861675,2018-06-07T08:41:01.675Z,sell,0.002549,0.393,0.001001757
BCD/BTC,1528360861675,2018-06-07T08:41:01.675Z,sell,0.002547,0.865,0.0022031549999999
BCD/BTC,1528360882570,2018-06-07T08:41:22.570Z,buy,0.00255,0.795,0.00202725
BCD/BTC,1528360882570,2018-06-07T08:41:22.570Z,buy,0.00256,0.786,0.00201216
BCD/BTC,1528360882570,2018-06-07T08:41:22.570Z,buy,0.002561,0.508,0.0013009879999999
BCD/BTC,1528360882570,2018-06-07T08:41:22.570Z,buy,0.002562,1.832,0.004693584
BCD/BTC,1528360944358,2018-06-07T08:42:24.358Z,sell,0.002545,0.467,0.001188515
BCD/BTC,1528360945906,2018-06-07T08:42:25.906Z,sell,0.002545,0.85,0.00216325
BCD/BTC,1528360954272,2018-06-07T08:42:34.272Z,sell,0.002539,0.809,0.002054051
BCD/BTC,1528360994711,2018-06-07T08:43:14.711Z,buy,0.002556,1.55,0.0039618
BCD/BTC,1528360996068,2018-06-07T08:43:16.068Z,sell,0.002556,2.028,0.005183568
BCD/BTC,1528360996079,2018-06-07T08:43:16.079Z,sell,0.002556,2.01,0.0051375599999999
BCD/BTC,1528360997721,2018-06-07T08:43:17.721Z,sell,0.002556,2.01,0.0051375599999999
BCD/BTC,1528361007269,2018-06-07T08:43:27.269Z,buy,0.002555,1.081,0.002761955
BCD/BTC,1528361007269,2018-06-07T08:43:27.269Z,buy,0.002557,5.778,0.0147743459999999
BCD/BTC,1528361082292,2018-06-07T08:44:42.292Z,sell,0.002557,1.298,0.003318986
BCD/BTC,1528361086773,2018-06-07T08:44:46.773Z,sell,0.002557,42.061,0.1075499769999999
BCD/BTC,1528361089815,2018-06-07T08:44:49.815Z,buy,0.002557,6.74,0.0172341799999999
BCD/BTC,1528361090038,2018-06-07T08:44:50.038Z,sell,0.002557,1.196,0.0030581719999999
BCD/BTC,1528361193338,2018-06-07T08:46:33.338Z,sell,0.002557,0.587,0.0015009589999999
BCD/BTC,1528361194072,2018-06-07T08:46:34.072Z,sell,0.002557,0.545,0.001393565
BCD/BTC,1528361368956,2018-06-07T08:49:28.956Z,buy,0.002549,0.589,0.0015013609999999
BCD/BTC,1528361531916,2018-06-07T08:52:11.916Z,sell,0.00255,10.0,0.0255
BCD/BTC,1528361785003,2018-06-07T08:56:25.003Z,sell,0.00255,8.9,0.022695
BCD/BTC,1528361794253,2018-06-07T08:56:34.253Z,sell,0.00255,27.284,0.0695742
BCD/BTC,1528361873449,2018-06-07T08:57:53.449Z,sell,0.00255,9.227,0.02352885
BCD/BTC,1528361873449,2018-06-07T08:57:53.449Z,sell,0.002546,3.628,0.009236888
BCD/BTC,1528361873449,2018-06-07T08:57:53.449Z,sell,0.002539,79.141,0.200938999
BCD/BTC,1528361873449,2018-06-07T08:57:53.449Z,sell,0.002538,73.614,0.186832332
BCD/BTC,1528361873449,2018-06-07T08:57:53.449Z,sell,0.002537,2.44,0.00619028
BCD/BTC,1528361873449,2018-06-07T08:57:53.449Z,sell,0.002536,12.881,0.032666216
BCD/BTC,1528361874750,2018-06-07T08:57:54.750Z,buy,0.002547,1.117,0.0028449989999999
BCD/BTC,1528361896696,2018-06-07T08:58:16.696Z,sell,0.002539,1.0,0.002539
BCD/BTC,1528361896886,2018-06-07T08:58:16.886Z,sell,0.002537,3.0,0.007611
BCD/BTC,1528361928625,2018-06-07T08:58:48.625Z,buy,0.002543,0.404,0.001027372
BCD/BTC,1528362119015,2018-06-07T09:01:59.015Z,sell,0.002539,0.4,0.0010156
BCD/BTC,1528362119015,2018-06-07T09:01:59.015Z,sell,0.002537,4.661,0.011824957
BCD/BTC,1528362119015,2018-06-07T09:01:59.015Z,sell,0.002536,48.233,0.122318888
BCD/BTC,1528362119015,2018-06-07T09:01:59.015Z,sell,0.002535,60.842,0.1542344699999999
BCD/BTC,1528362119015,2018-06-07T09:01:59.015Z,sell,0.002534,59.469,0.1506944459999999
BCD/BTC,1528362119015,2018-06-07T09:01:59.015Z,sell,0.002532,15.786,0.0399701519999999
BCD/BTC,1528362119015,2018-06-07T09:01:59.015Z,sell,0.002531,131.984,0.334051504
BCD/BTC,1528362124355,2018-06-07T09:02:04.355Z,sell,0.002533,3.645,0.009232785
BCD/BTC,1528362124355,2018-06-07T09:02:04.355Z,sell,0.002532,3.648,0.009236736
BCD/BTC,1528362124355,2018-06-07T09:02:04.355Z,sell,0.002531,1.188,0.0030068279999999
BCD/BTC,1528362124355,2018-06-07T09:02:04.355Z,sell,0.00253,3.953,0.01000109
BCD/BTC,1528362124355,2018-06-07T09:02:04.355Z,sell,0.002523,12.754,0.032178342
BCD/BTC,1528362124355,2018-06-07T09:02:04.355Z,sell,0.002521,1.584,0.003993264
BCD/BTC,1528362124355,2018-06-07T09:02:04.355Z,sell,0.00252,49.927,0.12581604
BCD/BTC,1528362124355,2018-06-07T09:02:04.355Z,sell,0.002518,17.759,0.044717162
BCD/BTC,1528362124355,2018-06-07T09:02:04.355Z,sell,0.002515,17.862,0.0449229299999999
BCD/BTC,1528362128046,2018-06-07T09:02:08.046Z,buy,0.002524,0.472,0.001191328
BCD/BTC,1528362128046,2018-06-07T09:02:08.046Z,buy,0.002527,1.239,0.003130953
BCD/BTC,1528362128718,2018-06-07T09:02:08.718Z,sell,0.00252,0.019,4.788e-05
BCD/BTC,1528362128792,2018-06-07T09:02:08.792Z,sell,0.00252,27.758,0.06995016
BCD/BTC,1528362128792,2018-06-07T09:02:08.792Z,sell,0.002516,0.437,0.001099492
BCD/BTC,1528362128792,2018-06-07T09:02:08.792Z,sell,0.002512,8.264,0.0207591679999999
BCD/BTC,1528362128792,2018-06-07T09:02:08.792Z,sell,0.002511,106.636,0.267762996
BCD/BTC,1528362128792,2018-06-07T09:02:08.792Z,sell,0.00251,4.134,0.01037634
BCD/BTC,1528362128792,2018-06-07T09:02:08.792Z,sell,0.002507,134.562,0.337346934
BCD/BTC,1528362128792,2018-06-07T09:02:08.792Z,sell,0.002506,1.996,0.005001976
BCD/BTC,1528362128792,2018-06-07T09:02:08.792Z,sell,0.002505,2.394,0.00599697
BCD/BTC,1528362128792,2018-06-07T09:02:08.792Z,sell,0.002503,20.784,0.052022352
BCD/BTC,1528362128792,2018-06-07T09:02:08.792Z,sell,0.002502,2.568,0.006425136
BCD/BTC,1528362129857,2018-06-07T09:02:09.857Z,buy,0.002522,0.996,0.002511912
BCD/BTC,1528362129966,2018-06-07T09:02:09.966Z,sell,0.002522,0.785,0.00197977
BCD/BTC,1528362129966,2018-06-07T09:02:09.966Z,sell,0.002512,0.856,0.002150272
BCD/BTC,1528362130098,2018-06-07T09:02:10.098Z,sell,0.002512,0.793,0.001992016
BCD/BTC,1528362131456,2018-06-07T09:02:11.456Z,buy,0.002521,0.855,0.0021554549999999
BCD/BTC,1528362131791,2018-06-07T09:02:11.791Z,buy,0.002521,1.141,0.002876461
BCD/BTC,1528362131925,2018-06-07T09:02:11.925Z,buy,0.002521,0.41,0.00103361
BCD/BTC,1528362131925,2018-06-07T09:02:11.925Z,buy,0.002522,2.156,0.005437432
BCD/BTC,1528362133075,2018-06-07T09:02:13.075Z,buy,0.002522,1.711,0.004315142
BCD/BTC,1528362137154,2018-06-07T09:02:17.154Z,buy,0.002513,2.074,0.005211962
BCD/BTC,1528362139796,2018-06-07T09:02:19.796Z,buy,0.002517,1.901,0.004784817
BCD/BTC,1528362145605,2018-06-07T09:02:25.605Z,buy,0.002517,0.167,0.000420339
BCD/BTC,1528362145605,2018-06-07T09:02:25.605Z,buy,0.002522,0.34,0.00085748
BCD/BTC,1528362153805,2018-06-07T09:02:33.805Z,buy,0.002521,0.659,0.001661339
BCD/BTC,1528362182178,2018-06-07T09:03:02.178Z,buy,0.00252,1.752,0.00441504
BCD/BTC,1528362239579,2018-06-07T09:03:59.579Z,buy,0.002523,2.179,0.005497617
BCD/BTC,1528362253787,2018-06-07T09:04:13.787Z,buy,0.002522,4.758,0.0119996759999999
BCD/BTC,1528362375140,2018-06-07T09:06:15.140Z,buy,0.002523,2.037,0.005139351
BCD/BTC,1528362427613,2018-06-07T09:07:07.613Z,sell,0.002523,0.38,0.00095874
BCD/BTC,1528362438936,2018-06-07T09:07:18.936Z,buy,0.002523,9.161,0.023113203
BCD/BTC,1528362649234,2018-06-07T09:10:49.234Z,sell,0.00252,2.066,0.0052063199999999
BCD/BTC,1528362649337,2018-06-07T09:10:49.337Z,sell,0.00252,5.088,0.01282176
BCD/BTC,1528362668505,2018-06-07T09:11:08.505Z,sell,0.002515,3.672,0.00923508
BCD/BTC,1528362668846,2018-06-07T09:11:08.846Z,buy,0.002515,4.632,0.0116494799999999
BCD/BTC,1528362671065,2018-06-07T09:11:11.065Z,buy,0.002515,1.254,0.00315381
BCD/BTC,1528362671944,2018-06-07T09:11:11.944Z,buy,0.002515,3.78,0.0095067
BCD/BTC,1528362674781,2018-06-07T09:11:14.781Z,buy,0.002515,1.863,0.004685445
BCD/BTC,1528362675486,2018-06-07T09:11:15.486Z,buy,0.002515,0.927,0.002331405
BCD/BTC,1528362676705,2018-06-07T09:11:16.705Z,buy,0.002515,1.711,0.004303165
BCD/BTC,1528362679944,2018-06-07T09:11:19.944Z,buy,0.002515,0.798,0.00200697
BCD/BTC,1528362691153,2018-06-07T09:11:31.153Z,sell,0.002509,0.399,0.001001091
BCD/BTC,1528362691153,2018-06-07T09:11:31.153Z,sell,0.002505,0.509,0.001275045
BCD/BTC,1528362695684,2018-06-07T09:11:35.684Z,buy,0.002515,0.034,8.551e-05
BCD/BTC,1528362703056,2018-06-07T09:11:43.056Z,buy,0.002513,0.509,0.001279117
BCD/BTC,1528362737071,2018-06-07T09:12:17.071Z,buy,0.002514,2.628,0.006606792
BCD/BTC,1528362737071,2018-06-07T09:12:17.071Z,buy,0.002514,2.628,0.006606792
BCD/BTC,1528362910762,2018-06-07T09:15:10.762Z,buy,0.002514,0.556,0.001397784
BCD/BTC,1528362960667,2018-06-07T09:16:00.667Z,buy,0.002514,1.324,0.003328536
BCD/BTC,1528362960667,2018-06-07T09:16:00.667Z,buy,0.002517,3.669,0.009234873
BCD/BTC,1528362960667,2018-06-07T09:16:00.667Z,buy,0.002525,0.057,0.000143925
BCD/BTC,1528362963318,2018-06-07T09:16:03.318Z,buy,0.002523,0.691,0.001743393
BCD/BTC,1528362963588,2018-06-07T09:16:03.588Z,buy,0.002523,0.005,1.2615e-05
BCD/BTC,1528362993877,2018-06-07T09:16:33.877Z,buy,0.002523,0.832,0.002099136
BCD/BTC,1528363019841,2018-06-07T09:16:59.841Z,buy,0.002523,2.133,0.005381559
BCD/BTC,1528363019841,2018-06-07T09:16:59.841Z,buy,0.002525,0.412,0.0010402999999999
BCD/BTC,1528363019841,2018-06-07T09:16:59.841Z,buy,0.002528,1.455,0.00367824
BCD/BTC,1528363039465,2018-06-07T09:17:19.465Z,sell,0.002517,3.333,0.008389161
BCD/BTC,1528363062356,2018-06-07T09:17:42.356Z,sell,0.002516,3.671,0.009236236
BCD/BTC,1528363062356,2018-06-07T09:17:42.356Z,sell,0.00251,0.261,0.00065511
BCD/BTC,1528363069359,2018-06-07T09:17:49.359Z,sell,0.002511,3.678,0.009235458
BCD/BTC,1528363069359,2018-06-07T09:17:49.359Z,sell,0.00251,0.262,0.00065762
BCD/BTC,1528363109462,2018-06-07T09:18:29.462Z,sell,0.00251,3.376,0.00847376
BCD/BTC,1528363112572,2018-06-07T09:18:32.572Z,sell,0.002504,1.584,0.003966336
BCD/BTC,1528363126704,2018-06-07T09:18:46.704Z,sell,0.002504,2.9,0.0072616
BCD/BTC,1528363131552,2018-06-07T09:18:51.552Z,buy,0.002513,1.3,0.0032669
BCD/BTC,1528363197190,2018-06-07T09:19:57.190Z,buy,0.002517,1.05,0.00264285
BCD/BTC,1528363818346,2018-06-07T09:30:18.346Z,sell,0.00251,3.933,0.00987183
BCD/BTC,1528363837363,2018-06-07T09:30:37.363Z,sell,0.00251,4.205,0.01055455
BCD/BTC,1528363838084,2018-06-07T09:30:38.084Z,buy,0.00251,1.258,0.00315758
BCD/BTC,1528363863864,2018-06-07T09:31:03.864Z,sell,0.002503,7.34,0.01837202
BCD/BTC,1528363863864,2018-06-07T09:31:03.864Z,sell,0.002502,25.829,0.064624158
BCD/BTC,1528363864946,2018-06-07T09:31:04.946Z,sell,0.002502,8.669,0.021689838
BCD/BTC,1528363865497,2018-06-07T09:31:05.497Z,buy,0.002502,4.085,0.01022067
BCD/BTC,1528363866396,2018-06-07T09:31:06.396Z,sell,0.002501,0.002,5.0020000000000006e-06
BCD/BTC,1528363866490,2018-06-07T09:31:06.490Z,buy,0.002502,7.309,0.0182871179999999
BCD/BTC,1528363869561,2018-06-07T09:31:09.561Z,sell,0.002501,6.959,0.017404459
BCD/BTC,1528363876715,2018-06-07T09:31:16.715Z,buy,0.002507,0.934,0.002341538
BCD/BTC,1528363877917,2018-06-07T09:31:17.917Z,buy,0.002507,0.834,0.002090838
BCD/BTC,1528363951766,2018-06-07T09:32:31.766Z,sell,0.002502,1.349,0.003375198
BCD/BTC,1528364070411,2018-06-07T09:34:30.411Z,sell,0.002504,0.437,0.001094248
BCD/BTC,1528364075311,2018-06-07T09:34:35.311Z,buy,0.00251,0.41,0.0010291
BCD/BTC,1528364076532,2018-06-07T09:34:36.532Z,buy,0.00251,1.497,0.00375747
BCD/BTC,1528364076587,2018-06-07T09:34:36.587Z,buy,0.00251,1.035,0.00259785
BCD/BTC,1528364076587,2018-06-07T09:34:36.587Z,buy,0.002511,1.099,0.002759589
BCD/BTC,1528364203134,2018-06-07T09:36:43.134Z,buy,0.00251,1.637,0.00410887
BCD/BTC,1528364408546,2018-06-07T09:40:08.546Z,sell,0.002503,3.69,0.00923607
BCD/BTC,1528364408546,2018-06-07T09:40:08.546Z,sell,0.002502,8.21,0.02054142
BCD/BTC,1528364454578,2018-06-07T09:40:54.578Z,buy,0.002507,1.696,0.004251872
BCD/BTC,1528364454578,2018-06-07T09:40:54.578Z,buy,0.002508,90.909,0.227999772
BCD/BTC,1528364629137,2018-06-07T09:43:49.137Z,sell,0.002509,4.152,0.010417368
BCD/BTC,1528364629137,2018-06-07T09:43:49.137Z,sell,0.002508,0.067,0.000168036
BCD/BTC,1528364801034,2018-06-07T09:46:41.034Z,sell,0.002508,1.497,0.003754476
BCD/BTC,1528364899842,2018-06-07T09:48:19.842Z,sell,0.002508,0.708,0.0017756639999999
BCD/BTC,1528365127476,2018-06-07T09:52:07.476Z,buy,0.002514,1.349,0.003391386
BCD/BTC,1528365127476,2018-06-07T09:52:07.476Z,buy,0.002515,2.667,0.0067075049999999
BCD/BTC,1528365476852,2018-06-07T09:57:56.852Z,buy,0.002515,1.453,0.003654295
BCD/BTC,1528366170951,2018-06-07T10:09:30.951Z,buy,0.002515,5.523,0.0138903449999999
BCD/BTC,1528366170951,2018-06-07T10:09:30.951Z,buy,0.002515,5.523,0.0138903449999999
BCD/BTC,1528366721160,2018-06-07T10:18:41.160Z,buy,0.002514,0.437,0.001098618
BCD/BTC,1528366816104,2018-06-07T10:20:16.104Z,sell,0.002511,0.67,0.00168237
BCD/BTC,1528366868873,2018-06-07T10:21:08.873Z,buy,0.002514,4.047,0.0101741579999999
BCD/BTC,1528366929902,2018-06-07T10:22:09.902Z,buy,0.002515,3.976,0.0099996399999999
BCD/BTC,1528366957811,2018-06-07T10:22:37.811Z,buy,0.002515,3.307,0.008317105
BCD/BTC,1528366968150,2018-06-07T10:22:48.150Z,buy,0.002515,8.0,0.02012
BCD/BTC,1528367001658,2018-06-07T10:23:21.658Z,sell,0.002514,1.071,0.002692494
BCD/BTC,1528367181305,2018-06-07T10:26:21.305Z,sell,0.002511,17.324,0.043500564
BCD/BTC,1528367601268,2018-06-07T10:33:21.268Z,sell,0.002512,1.915,0.00481048
BCD/BTC,1528367637448,2018-06-07T10:33:57.448Z,sell,0.002512,0.5,0.001256
BCD/BTC,1528368104405,2018-06-07T10:41:44.405Z,sell,0.002511,3.977,0.009986247
BCD/BTC,1528368314701,2018-06-07T10:45:14.701Z,sell,0.002511,0.463,0.001162593
BCD/BTC,1528368315281,2018-06-07T10:45:15.281Z,sell,0.002511,0.431,0.001082241
BCD/BTC,1528368371483,2018-06-07T10:46:11.483Z,sell,0.002511,0.478,0.001200258
BCD/BTC,1528368371916,2018-06-07T10:46:11.916Z,sell,0.002511,0.478,0.001200258
BCD/BTC,1528368372272,2018-06-07T10:46:12.272Z,sell,0.002511,0.478,0.001200258
BCD/BTC,1528368372618,2018-06-07T10:46:12.618Z,sell,0.002511,0.478,0.001200258
BCD/BTC,1528368372922,2018-06-07T10:46:12.922Z,sell,0.002511,0.478,0.001200258
BCD/BTC,1528368488635,2018-06-07T10:48:08.635Z,sell,0.002511,2.187,0.005491557
BCD/BTC,1528368548762,2018-06-07T10:49:08.762Z,sell,0.002511,0.407,0.001021977
BCD/BTC,1528368549061,2018-06-07T10:49:09.061Z,sell,0.002511,0.407,0.001021977
BCD/BTC,1528368571170,2018-06-07T10:49:31.170Z,buy,0.002513,4.136,0.010393768
BCD/BTC,1528368733489,2018-06-07T10:52:13.489Z,buy,0.002513,2.98,0.00748874
BCD/BTC,1528368879235,2018-06-07T10:54:39.235Z,buy,0.002513,3.979,0.009999227
BCD/BTC,1528368883597,2018-06-07T10:54:43.597Z,sell,0.002511,0.407,0.001021977
BCD/BTC,1528368883929,2018-06-07T10:54:43.929Z,sell,0.002511,0.407,0.001021977
BCD/BTC,1528368884288,2018-06-07T10:54:44.288Z,sell,0.002511,0.407,0.001021977
BCD/BTC,1528368884611,2018-06-07T10:54:44.611Z,sell,0.002511,0.407,0.001021977
BCD/BTC,1528368885360,2018-06-07T10:54:45.360Z,buy,0.002513,3.979,0.009999227
BCD/BTC,1528369430180,2018-06-07T11:03:50.180Z,sell,0.002511,2.618,0.006573798
BCD/BTC,1528369576626,2018-06-07T11:06:16.626Z,sell,0.002511,2.977,0.007475247
BCD/BTC,1528369605928,2018-06-07T11:06:45.928Z,sell,0.002511,8.371,0.021019581
BCD/BTC,1528369722007,2018-06-07T11:08:42.007Z,sell,0.002511,3.676,0.009230436
BCD/BTC,1528369722007,2018-06-07T11:08:42.007Z,sell,0.00251,1.161,0.00291411
BCD/BTC,1528369761928,2018-06-07T11:09:21.928Z,buy,0.002513,3.979,0.009999227
BCD/BTC,1528369761928,2018-06-07T11:09:21.928Z,buy,0.002513,3.979,0.009999227
BCD/BTC,1528370109396,2018-06-07T11:15:09.396Z,buy,0.002513,3.131,0.0078682029999999
BCD/BTC,1528370109396,2018-06-07T11:15:09.396Z,buy,0.002513,3.138,0.007885794
BCD/BTC,1528370109477,2018-06-07T11:15:09.477Z,sell,0.002511,2.314,0.005810454
BCD/BTC,1528370109578,2018-06-07T11:15:09.578Z,sell,0.00251,0.817,0.00205067
BCD/BTC,1528370221059,2018-06-07T11:17:01.059Z,buy,0.002513,2.449,0.0061543369999999
BCD/BTC,1528370410922,2018-06-07T11:20:10.922Z,sell,0.002513,1.781,0.004475653
BCD/BTC,1528370663587,2018-06-07T11:24:23.587Z,sell,0.002513,9.881,0.024830953
BCD/BTC,1528370986211,2018-06-07T11:29:46.211Z,sell,0.002513,7.728,0.019420464
BCD/BTC,1528371068952,2018-06-07T11:31:08.952Z,sell,0.002513,5.879,0.014773927
BCD/BTC,1528371247633,2018-06-07T11:34:07.633Z,buy,0.002513,0.416,0.001045408
BCD/BTC,1528371529316,2018-06-07T11:38:49.316Z,sell,0.00251,1.633,0.00409883
BCD/BTC,1528371770801,2018-06-07T11:42:50.801Z,sell,0.00251,4.183,0.01049933
BCD/BTC,1528371803103,2018-06-07T11:43:23.103Z,sell,0.00251,0.42,0.0010542
BCD/BTC,1528372300018,2018-06-07T11:51:40.018Z,sell,0.00251,3.935,0.00987685
BCD/BTC,1528372334560,2018-06-07T11:52:14.560Z,sell,0.00251,1.302,0.00326802
BCD/BTC,1528372755301,2018-06-07T11:59:15.301Z,sell,0.00251,1.244,0.00312244
BCD/BTC,1528373231164,2018-06-07T12:07:11.164Z,buy,0.002514,5.0,0.01257
BCD/BTC,1528373231164,2018-06-07T12:07:11.164Z,buy,0.002515,2.067,0.005198505
BCD/BTC,1528373231164,2018-06-07T12:07:11.164Z,buy,0.002516,3.671,0.009236236
BCD/BTC,1528373231164,2018-06-07T12:07:11.164Z,buy,0.002517,0.262,0.000659454
BCD/BTC,1528373231164,2018-06-07T12:07:11.164Z,buy,0.002514,5.0,0.01257
BCD/BTC,1528373231164,2018-06-07T12:07:11.164Z,buy,0.002515,2.067,0.005198505
BCD/BTC,1528373231164,2018-06-07T12:07:11.164Z,buy,0.002516,3.671,0.009236236
BCD/BTC,1528373231164,2018-06-07T12:07:11.164Z,buy,0.002517,0.262,0.000659454
BCD/BTC,1528373879091,2018-06-07T12:17:59.091Z,buy,0.002517,2.003,0.005041551
BCD/BTC,1528373879091,2018-06-07T12:17:59.091Z,buy,0.002518,1.969,0.004957942
BCD/BTC,1528374166923,2018-06-07T12:22:46.923Z,buy,0.002518,4.038,0.010167684
BCD/BTC,1528374558701,2018-06-07T12:29:18.701Z,buy,0.002518,2.131,0.0053658579999999
BCD/BTC,1528374558701,2018-06-07T12:29:18.701Z,buy,0.00252,1.84,0.0046368
BCD/BTC,1528374617703,2018-06-07T12:30:17.703Z,buy,0.00252,2.0,0.00504
BCD/BTC,1528374658858,2018-06-07T12:30:58.858Z,buy,0.00252,2.825,0.007119
BCD/BTC,1528374855605,2018-06-07T12:34:15.605Z,buy,0.002521,3.966,0.009998286
BCD/BTC,1528375025857,2018-06-07T12:37:05.857Z,buy,0.002521,12.828,0.032339388
BCD/BTC,1528375025889,2018-06-07T12:37:05.889Z,sell,0.002521,3.689,0.009299969
BCD/BTC,1528375026387,2018-06-07T12:37:06.387Z,sell,0.002521,1.966,0.004956286
BCD/BTC,1528375077198,2018-06-07T12:37:57.198Z,sell,0.002521,1.066,0.002687386
BCD/BTC,1528375077248,2018-06-07T12:37:57.248Z,sell,0.002521,20.123,0.050730083
BCD/BTC,1528375230752,2018-06-07T12:40:30.752Z,sell,0.002521,0.001,2.521e-06
BCD/BTC,1528375230752,2018-06-07T12:40:30.752Z,sell,0.002514,2.577,0.006478578
BCD/BTC,1528375816294,2018-06-07T12:50:16.294Z,sell,0.002511,1.745,0.004381695
BCD/BTC,1528375889338,2018-06-07T12:51:29.338Z,sell,0.002511,1.458,0.003661038
BCD/BTC,1528375889580,2018-06-07T12:51:29.580Z,sell,0.002511,0.659,0.001654749
BCD/BTC,1528376549325,2018-06-07T13:02:29.325Z,sell,0.00251,1.369,0.00343619
BCD/BTC,1528376562520,2018-06-07T13:02:42.520Z,sell,0.002509,5.118,0.012841062
BCD/BTC,1528376575484,2018-06-07T13:02:55.484Z,sell,0.002504,10.079,0.025237816
BCD/BTC,1528376588163,2018-06-07T13:03:08.163Z,sell,0.002503,16.849,0.042173047
BCD/BTC,1528376609420,2018-06-07T13:03:29.420Z,sell,0.002502,6.571,0.016440642
BCD/BTC,1528376637300,2018-06-07T13:03:57.300Z,buy,0.002503,2.0,0.005006
BCD/BTC,1528376637868,2018-06-07T13:03:57.868Z,sell,0.002502,2.0,0.005004
BCD/BTC,1528376760523,2018-06-07T13:06:00.523Z,sell,0.002502,22.653,0.056677806
BCD/BTC,1528376769038,2018-06-07T13:06:09.038Z,buy,0.002503,0.276,0.000690828
BCD/BTC,1528376769038,2018-06-07T13:06:09.038Z,buy,0.002503,0.276,0.000690828
BCD/BTC,1528376839364,2018-06-07T13:07:19.364Z,sell,0.002502,0.276,0.000690552
BCD/BTC,1528376862092,2018-06-07T13:07:42.092Z,buy,0.002509,0.719,0.001803971
BCD/BTC,1528376986578,2018-06-07T13:09:46.578Z,sell,0.002509,1.615,0.004052035
BCD/BTC,1528377153760,2018-06-07T13:12:33.760Z,sell,0.002506,1.635,0.00409731
BCD/BTC,1528377257458,2018-06-07T13:14:17.458Z,sell,0.002506,0.766,0.001919596
BCD/BTC,1528377646457,2018-06-07T13:20:46.457Z,sell,0.002506,13.079,0.032775974
BCD/BTC,1528377646457,2018-06-07T13:20:46.457Z,sell,0.002505,11.553,0.028940265
BCD/BTC,1528377646457,2018-06-07T13:20:46.457Z,sell,0.002504,11.98,0.02999792
BCD/BTC,1528377646457,2018-06-07T13:20:46.457Z,sell,0.002503,59.928,0.149999784
BCD/BTC,1528377646457,2018-06-07T13:20:46.457Z,sell,0.002502,51.165,0.12801483
BCD/BTC,1528377877931,2018-06-07T13:24:37.931Z,sell,0.002504,1.173,0.002937192
BCD/BTC,1528377989094,2018-06-07T13:26:29.094Z,sell,0.002504,21.98,0.05503792
BCD/BTC,1528377989094,2018-06-07T13:26:29.094Z,sell,0.002503,52.472,0.131337416
BCD/BTC,1528378366653,2018-06-07T13:32:46.653Z,buy,0.002511,1.4,0.0035154
BCD/BTC,1528378712327,2018-06-07T13:38:32.327Z,sell,0.002504,11.98,0.02999792
BCD/BTC,1528378712327,2018-06-07T13:38:32.327Z,sell,0.002503,20.8,0.0520624
BCD/BTC,1528379204498,2018-06-07T13:46:44.498Z,sell,0.002507,3.187,0.007989809
BCD/BTC,1528379204498,2018-06-07T13:46:44.498Z,sell,0.002503,0.675,0.001689525
BCD/BTC,1528379240137,2018-06-07T13:47:20.137Z,sell,0.002503,1.008,0.002523024
BCD/BTC,1528379371850,2018-06-07T13:49:31.850Z,sell,0.002503,54.785,0.137126855
BCD/BTC,1528379472486,2018-06-07T13:51:12.486Z,sell,0.002502,83.621,0.209219742
BCD/BTC,1528379481887,2018-06-07T13:51:21.887Z,sell,0.002502,9.161,0.0229208219999999
BCD/BTC,1528379671949,2018-06-07T13:54:31.949Z,sell,0.002502,0.001,2.502e-06
BCD/BTC,1528379752472,2018-06-07T13:55:52.472Z,sell,0.002502,0.027,6.7554e-05
BCD/BTC,1528379807907,2018-06-07T13:56:47.907Z,buy,0.002503,19.245,0.048170235
BCD/BTC,1528379925806,2018-06-07T13:58:45.806Z,buy,0.002503,1.598,0.003999794
BCD/BTC,1528379962907,2018-06-07T13:59:22.907Z,buy,0.002503,45.939,0.114985317
BCD/BTC,1528379962907,2018-06-07T13:59:22.907Z,buy,0.002506,27.777,0.069609162
BCD/BTC,1528379962907,2018-06-07T13:59:22.907Z,buy,0.002507,5.804,0.014550628
BCD/BTC,1528379962907,2018-06-07T13:59:22.907Z,buy,0.002509,6.88,0.01726192
BCD/BTC,1528379967857,2018-06-07T13:59:27.857Z,buy,0.002509,1.034,0.002594306
BCD/BTC,1528380047698,2018-06-07T14:00:47.698Z,buy,0.002509,1.406,0.003527654
BCD/BTC,1528380047698,2018-06-07T14:00:47.698Z,buy,0.002509,1.406,0.003527654
BCD/BTC,1528380668899,2018-06-07T14:11:08.899Z,buy,0.002509,2.105,0.005281445
BCD/BTC,1528380668899,2018-06-07T14:11:08.899Z,buy,0.00251,1.594,0.00400094
BCD/BTC,1528380888108,2018-06-07T14:14:48.108Z,sell,0.002502,19.225,0.04810095
BCD/BTC,1528380893795,2018-06-07T14:14:53.795Z,buy,0.002509,13.551,0.033999459
BCD/BTC,1528380893795,2018-06-07T14:14:53.795Z,buy,0.00251,10.479,0.02630229
BCD/BTC,1528380894183,2018-06-07T14:14:54.183Z,sell,0.00251,0.968,0.00242968
BCD/BTC,1528380912114,2018-06-07T14:15:12.114Z,sell,0.00251,0.002,5.02e-06
BCD/BTC,1528380981343,2018-06-07T14:16:21.343Z,sell,0.002502,53.058,0.132751116
BCD/BTC,1528380981343,2018-06-07T14:16:21.343Z,sell,0.002501,34.698,0.086779698
BCD/BTC,1528381181234,2018-06-07T14:19:41.234Z,sell,0.002507,0.978,0.002451846
BCD/BTC,1528381598071,2018-06-07T14:26:38.071Z,sell,0.002507,0.613,0.001536791
BCD/BTC,1528381697443,2018-06-07T14:28:17.443Z,sell,0.002507,0.002,5.014000000000001e-06
BCD/BTC,1528381709068,2018-06-07T14:28:29.068Z,sell,0.002501,3.29,0.00822829
BCD/BTC,1528381744082,2018-06-07T14:29:04.082Z,buy,0.002506,13.567,0.033998902
BCD/BTC,1528381793724,2018-06-07T14:29:53.724Z,buy,0.002507,1.423,0.003567461
BCD/BTC,1528381793724,2018-06-07T14:29:53.724Z,buy,0.00251,12.398,0.03111898
BCD/BTC,1528381939292,2018-06-07T14:32:19.292Z,sell,0.002502,3.649,0.009129798
BCD/BTC,1528381939292,2018-06-07T14:32:19.292Z,sell,0.002501,23.304,0.058283304
BCD/BTC,1528381970756,2018-06-07T14:32:50.756Z,sell,0.002501,19.638,0.049114638
BCD/BTC,1528382122497,2018-06-07T14:35:22.497Z,buy,0.002507,3.649,0.009148043
BCD/BTC,1528382122497,2018-06-07T14:35:22.497Z,buy,0.002511,0.341,0.000856251
BCD/BTC,1528382226693,2018-06-07T14:37:06.693Z,buy,0.002509,3.985,0.0099983649999999
BCD/BTC,1528382709931,2018-06-07T14:45:09.931Z,buy,0.002509,3.985,0.0099983649999999
BCD/BTC,1528382792730,2018-06-07T14:46:32.730Z,buy,0.002509,2.184,0.005479656
BCD/BTC,1528382811013,2018-06-07T14:46:51.013Z,buy,0.00251,3.985,0.01000235
BCD/BTC,1528383018976,2018-06-07T14:50:18.976Z,sell,0.002501,4.598,0.011499598
BCD/BTC,1528383018976,2018-06-07T14:50:18.976Z,sell,0.002501,4.598,0.011499598
BCD/BTC,1528384104859,2018-06-07T15:08:24.859Z,buy,0.002502,13.589,0.033999678
BCD/BTC,1528384117278,2018-06-07T15:08:37.278Z,sell,0.002502,10.885,0.0272342699999999
BCD/BTC,1528384130230,2018-06-07T15:08:50.230Z,sell,0.002502,0.001,2.502e-06
BCD/BTC,1528384316518,2018-06-07T15:11:56.518Z,sell,0.002502,1.1,0.0027522
BCD/BTC,1528384316518,2018-06-07T15:11:56.518Z,sell,0.002501,0.2,0.0005002
BCD/BTC,1528384394542,2018-06-07T15:13:14.542Z,sell,0.002502,3.406,0.008521812
BCD/BTC,1528384394542,2018-06-07T15:13:14.542Z,sell,0.002501,0.914,0.002285914
BCD/BTC,1528384441112,2018-06-07T15:14:01.112Z,sell,0.002501,5.523,0.013813023
BCD/BTC,1528384618535,2018-06-07T15:16:58.535Z,buy,0.002502,3.406,0.008521812
BCD/BTC,1528384958709,2018-06-07T15:22:38.709Z,sell,0.002501,80.882,0.202285882
BCD/BTC,1528384972480,2018-06-07T15:22:52.480Z,buy,0.002502,2.902,0.007260804
BCD/BTC,1528384972480,2018-06-07T15:22:52.480Z,buy,0.002503,3.057,0.007651671
BCD/BTC,1528384972480,2018-06-07T15:22:52.480Z,buy,0.002504,4.041,0.010118664
BCD/BTC,1528385061293,2018-06-07T15:24:21.293Z,buy,0.002504,10.192,0.025520768
BCD/BTC,1528385061293,2018-06-07T15:24:21.293Z,buy,0.00251,0.776,0.00194776
BCD/BTC,1528385061293,2018-06-07T15:24:21.293Z,buy,0.002512,13.469,0.033834128
BCD/BTC,1528385252032,2018-06-07T15:27:32.032Z,sell,0.002505,0.727,0.0018211349999999
BCD/BTC,1528385457150,2018-06-07T15:30:57.150Z,buy,0.00251,0.948,0.00237948
BCD/BTC,1528385491695,2018-06-07T15:31:31.695Z,buy,0.00251,0.403,0.00101153
BCD/BTC,1528385554741,2018-06-07T15:32:34.741Z,sell,0.002505,3.012,0.0075450599999999
BCD/BTC,1528385722187,2018-06-07T15:35:22.187Z,sell,0.002504,1.38,0.00345552
BCD/BTC,1528385722187,2018-06-07T15:35:22.187Z,sell,0.002503,0.98,0.00245294
BCD/BTC,1528385722187,2018-06-07T15:35:22.187Z,sell,0.002501,15.851,0.039643351
BCD/BTC,1528386291676,2018-06-07T15:44:51.676Z,buy,0.002511,2.055,0.005160105
BCD/BTC,1528386291676,2018-06-07T15:44:51.676Z,buy,0.002512,58.692,0.147434304
BCD/BTC,1528386291676,2018-06-07T15:44:51.676Z,buy,0.002511,2.055,0.005160105
BCD/BTC,1528386291676,2018-06-07T15:44:51.676Z,buy,0.002512,58.692,0.147434304
BCD/BTC,1528386988263,2018-06-07T15:56:28.263Z,buy,0.002512,46.339,0.116403568
BCD/BTC,1528387241947,2018-06-07T16:00:41.947Z,buy,0.002513,3.528,0.008865864
BCD/BTC,1528387294101,2018-06-07T16:01:34.101Z,buy,0.002513,2.394,0.006016122
BCD/BTC,1528387323990,2018-06-07T16:02:03.990Z,buy,0.002514,1.18,0.00296652
BCD/BTC,1528387335171,2018-06-07T16:02:15.171Z,sell,0.002515,0.52,0.0013078
BCD/BTC,1528387366881,2018-06-07T16:02:46.881Z,buy,0.00252,0.401,0.00101052
BCD/BTC,1528387395674,2018-06-07T16:03:15.674Z,buy,0.00252,0.7,0.001764
BCD/BTC,1528387419892,2018-06-07T16:03:39.892Z,buy,0.002522,6.0,0.015132
BCD/BTC,1528387419892,2018-06-07T16:03:39.892Z,buy,0.002523,5.0,0.012615
BCD/BTC,1528387422471,2018-06-07T16:03:42.471Z,buy,0.002523,0.642,0.001619766
BCD/BTC,1528387483983,2018-06-07T16:04:43.983Z,sell,0.002521,0.599,0.001510079
BCD/BTC,1528387527457,2018-06-07T16:05:27.457Z,buy,0.002523,4.0,0.010092
BCD/BTC,1528387659242,2018-06-07T16:07:39.242Z,sell,0.002521,0.32,0.0008067199999999
BCD/BTC,1528387801629,2018-06-07T16:10:01.629Z,buy,0.002523,3.966,0.010006218
BCD/BTC,1528387976518,2018-06-07T16:12:56.518Z,sell,0.002521,8.722,0.021988162
BCD/BTC,1528388223412,2018-06-07T16:17:03.412Z,buy,0.002523,15.043,0.037953489
BCD/BTC,1528388260904,2018-06-07T16:17:40.904Z,buy,0.002525,2.399,0.006057475
BCD/BTC,1528388365209,2018-06-07T16:19:25.209Z,sell,0.002515,3.578,0.0089986699999999
BCD/BTC,1528388365209,2018-06-07T16:19:25.209Z,sell,0.002514,4.045,0.01016913
BCD/BTC,1528388365209,2018-06-07T16:19:25.209Z,sell,0.002505,23.622,0.0591731099999999
BCD/BTC,1528389054680,2018-06-07T16:30:54.680Z,buy,0.002516,7.915,0.01991414
BCD/BTC,1528389274839,2018-06-07T16:34:34.839Z,buy,0.002516,3.974,0.009998584
BCD/BTC,1528389484423,2018-06-07T16:38:04.423Z,buy,0.002516,3.974,0.009998584
BCD/BTC,1528389740870,2018-06-07T16:42:20.870Z,sell,0.00251,0.469,0.00117719
BCD/BTC,1528389740870,2018-06-07T16:42:20.870Z,sell,0.002508,1.531,0.0038397479999999
BCD/BTC,1528389740870,2018-06-07T16:42:20.870Z,sell,0.00251,0.469,0.00117719
BCD/BTC,1528389740870,2018-06-07T16:42:20.870Z,sell,0.002508,1.531,0.0038397479999999
BCD/BTC,1528389990029,2018-06-07T16:46:30.029Z,sell,0.002508,2.493,0.0062524439999999
BCD/BTC,1528389990029,2018-06-07T16:46:30.029Z,sell,0.002502,5.198,0.013005396
BCD/BTC,1528389990029,2018-06-07T16:46:30.029Z,sell,0.002501,0.398,0.000995398
BCD/BTC,1528390265175,2018-06-07T16:51:05.175Z,sell,0.002503,5.16,0.01291548
BCD/BTC,1528390265199,2018-06-07T16:51:05.199Z,buy,0.002503,12.264,0.0306967919999999
BCD/BTC,1528390498098,2018-06-07T16:54:58.098Z,buy,0.002509,4.094,0.010271846
BCD/BTC,1528390635915,2018-06-07T16:57:15.915Z,buy,0.002509,1.0,0.002509
BCD/BTC,1528390782092,2018-06-07T16:59:42.092Z,buy,0.002509,1.0,0.002509
BCD/BTC,1528390799812,2018-06-07T16:59:59.812Z,buy,0.002509,0.743,0.001864187
BCD/BTC,1528390799812,2018-06-07T16:59:59.812Z,buy,0.00251,0.257,0.00064507
BCD/BTC,1528390800183,2018-06-07T17:00:00.183Z,buy,0.00251,3.321,0.00833571
BCD/BTC,1528390863576,2018-06-07T17:01:03.576Z,buy,0.002515,0.53,0.00133295
BCD/BTC,1528391362270,2018-06-07T17:09:22.270Z,buy,0.002515,1.068,0.00268602
BCD/BTC,1528391362270,2018-06-07T17:09:22.270Z,buy,0.002516,0.002,5.032e-06
BCD/BTC,1528391424404,2018-06-07T17:10:24.404Z,buy,0.002516,0.398,0.001001368
BCD/BTC,1528391471384,2018-06-07T17:11:11.384Z,buy,0.002524,0.001,2.5240000000000003e-06
BCD/BTC,1528391602121,2018-06-07T17:13:22.121Z,sell,0.002515,3.588,0.00902382
BCD/BTC,1528391798318,2018-06-07T17:16:38.318Z,sell,0.002514,0.402,0.001010628
BCD/BTC,1528391798318,2018-06-07T17:16:38.318Z,sell,0.002512,3.126,0.0078525119999999
BCD/BTC,1528391965128,2018-06-07T17:19:25.128Z,sell,0.002511,3.652,0.009170172
BCD/BTC,1528391965128,2018-06-07T17:19:25.128Z,sell,0.00251,0.399,0.00100149
BCD/BTC,1528391965151,2018-06-07T17:19:25.151Z,buy,0.00251,35.891,0.0900864099999999
BCD/BTC,1528391965174,2018-06-07T17:19:25.174Z,buy,0.00251,0.058,0.00014558
BCD/BTC,1528392218256,2018-06-07T17:23:38.256Z,buy,0.002517,3.588,0.009030996
BCD/BTC,1528392218256,2018-06-07T17:23:38.256Z,buy,0.002519,0.384,0.000967296
BCD/BTC,1528392282995,2018-06-07T17:24:42.995Z,buy,0.002519,0.414,0.001042866
BCD/BTC,1528392282995,2018-06-07T17:24:42.995Z,buy,0.00252,3.594,0.00905688
BCD/BTC,1528392288062,2018-06-07T17:24:48.062Z,buy,0.002518,1.0,0.002518
BCD/BTC,1528392331375,2018-06-07T17:25:31.375Z,buy,0.002523,0.401,0.001011723
BCD/BTC,1528392370142,2018-06-07T17:26:10.142Z,sell,0.002518,0.986,0.002482748
BCD/BTC,1528392370142,2018-06-07T17:26:10.142Z,sell,0.002517,0.398,0.001001766
BCD/BTC,1528392370142,2018-06-07T17:26:10.142Z,sell,0.002512,1.991,0.005001392
BCD/BTC,1528392370142,2018-06-07T17:26:10.142Z,sell,0.002511,3.544,0.008898984
BCD/BTC,1528393285330,2018-06-07T17:41:25.330Z,buy,0.002521,3.637,0.0091688769999999
BCD/BTC,1528393285330,2018-06-07T17:41:25.330Z,buy,0.002523,0.329,0.000830067
BCD/BTC,1528393285330,2018-06-07T17:41:25.330Z,buy,0.002521,3.637,0.0091688769999999
BCD/BTC,1528393285330,2018-06-07T17:41:25.330Z,buy,0.002523,0.329,0.000830067
BCD/BTC,1528393397684,2018-06-07T17:43:17.684Z,sell,0.002512,3.627,0.0091110239999999
BCD/BTC,1528393397684,2018-06-07T17:43:17.684Z,sell,0.002511,8.373,0.021024603
BCD/BTC,1528393413743,2018-06-07T17:43:33.743Z,buy,0.002522,3.627,0.0091472939999999
BCD/BTC,1528393413743,2018-06-07T17:43:33.743Z,buy,0.002523,3.301,0.008328423
BCD/BTC,1528393413743,2018-06-07T17:43:33.743Z,buy,0.002524,1.132,0.0028571679999999
BCD/BTC,1528393413743,2018-06-07T17:43:33.743Z,buy,0.002525,0.832,0.0021008
BCD/BTC,1528393415227,2018-06-07T17:43:35.227Z,sell,0.002523,0.964,0.002432172
BCD/BTC,1528393642516,2018-06-07T17:47:22.516Z,buy,0.002522,0.234,0.000590148
BCD/BTC,1528393675771,2018-06-07T17:47:55.771Z,sell,0.002523,1.768,0.004460664
BCD/BTC,1528394171530,2018-06-07T17:56:11.530Z,buy,0.002523,0.398,0.001004154
BCD/BTC,1528394171530,2018-06-07T17:56:11.530Z,buy,0.002524,0.394,0.000994456
BCD/BTC,1528394306276,2018-06-07T17:58:26.276Z,sell,0.002514,0.522,0.001312308
BCD/BTC,1528394971969,2018-06-07T18:09:31.969Z,sell,0.002514,3.756,0.009442584
BCD/BTC,1528394982452,2018-06-07T18:09:42.452Z,sell,0.002513,0.522,0.001311786
BCD/BTC,1528395004795,2018-06-07T18:10:04.795Z,sell,0.002513,3.227,0.008109451
BCD/BTC,1528395041279,2018-06-07T18:10:41.279Z,sell,0.002511,1.9,0.0047709
BCD/BTC,1528395471393,2018-06-07T18:17:51.393Z,buy,0.002524,0.073,0.000184252
BCD/BTC,1528395509622,2018-06-07T18:18:29.622Z,buy,0.002524,0.401,0.001012124
BCD/BTC,1528395871090,2018-06-07T18:24:31.090Z,buy,0.002524,4.4,0.0111056
BCD/BTC,1528396685210,2018-06-07T18:38:05.210Z,buy,0.002524,3.961,0.009997564
BCD/BTC,1528396766808,2018-06-07T18:39:26.808Z,sell,0.002518,0.398,0.001002164
BCD/BTC,1528396766808,2018-06-07T18:39:26.808Z,sell,0.002513,3.649,0.009169937
BCD/BTC,1528396766808,2018-06-07T18:39:26.808Z,sell,0.002511,3.471,0.008715681
BCD/BTC,1528396766808,2018-06-07T18:39:26.808Z,sell,0.00251,5.127,0.01286877
BCD/BTC,1528396766808,2018-06-07T18:39:26.808Z,sell,0.002508,1.001,0.0025105079999999
BCD/BTC,1528396766808,2018-06-07T18:39:26.808Z,sell,0.002507,1.995,0.005001465
BCD/BTC,1528396766808,2018-06-07T18:39:26.808Z,sell,0.002502,45.157,0.1129828139999999
BCD/BTC,1528396766808,2018-06-07T18:39:26.808Z,sell,0.002501,19.469,0.048691969
BCD/BTC,1528396787081,2018-06-07T18:39:47.081Z,buy,0.002517,3.966,0.009982422
BCD/BTC,1528396787081,2018-06-07T18:39:47.081Z,buy,0.002517,3.966,0.009982422
BCD/BTC,1528397114093,2018-06-07T18:45:14.093Z,sell,0.002512,0.799,0.002007088
BCD/BTC,1528397189757,2018-06-07T18:46:29.757Z,buy,0.002517,0.002,5.034e-06
BCD/BTC,1528397221138,2018-06-07T18:47:01.138Z,buy,0.002517,1.0,0.002517
BCD/BTC,1528397462032,2018-06-07T18:51:02.032Z,sell,0.002511,0.001,2.511e-06
BCD/BTC,1528397615933,2018-06-07T18:53:35.933Z,buy,0.002517,0.159,0.000400203
BCD/BTC,1528397615933,2018-06-07T18:53:35.933Z,buy,0.002521,3.637,0.0091688769999999
BCD/BTC,1528397615933,2018-06-07T18:53:35.933Z,buy,0.002523,5.125,0.012930375
BCD/BTC,1528397615933,2018-06-07T18:53:35.933Z,buy,0.002524,7.813,0.019720012
BCD/BTC,1528397615933,2018-06-07T18:53:35.933Z,buy,0.002526,2.0,0.005052
BCD/BTC,1528397615933,2018-06-07T18:53:35.933Z,buy,0.00253,11.967,0.03027651
BCD/BTC,1528397615933,2018-06-07T18:53:35.933Z,buy,0.002537,28.853,0.073200061
BCD/BTC,1528397615933,2018-06-07T18:53:35.933Z,buy,0.002538,2.418,0.006136884
BCD/BTC,1528397615957,2018-06-07T18:53:35.957Z,sell,0.002538,2.48,0.0062942399999999
BCD/BTC,1528397615962,2018-06-07T18:53:35.962Z,sell,0.002538,1.221,0.003098898
BCD/BTC,1528397615973,2018-06-07T18:53:35.973Z,sell,0.002538,1.221,0.003098898
BCD/BTC,1528397615982,2018-06-07T18:53:35.982Z,sell,0.002538,1.221,0.003098898
BCD/BTC,1528397616005,2018-06-07T18:53:36.005Z,sell,0.002538,0.5,0.001269
BCD/BTC,1528397616237,2018-06-07T18:53:36.237Z,sell,0.002538,10.17,0.0258114599999999
BCD/BTC,1528397650665,2018-06-07T18:54:10.665Z,buy,0.002533,1.993,0.005048269
BCD/BTC,1528397653229,2018-06-07T18:54:13.229Z,sell,0.002531,0.986,0.002495566
BCD/BTC,1528397660055,2018-06-07T18:54:20.055Z,sell,0.002531,0.002,5.062e-06
BCD/BTC,1528397686900,2018-06-07T18:54:46.900Z,buy,0.002528,0.4,0.0010112
BCD/BTC,1528397702378,2018-06-07T18:55:02.378Z,sell,0.002525,0.991,0.002502275
BCD/BTC,1528397702378,2018-06-07T18:55:02.378Z,sell,0.002522,0.009,2.2698e-05
BCD/BTC,1528397702593,2018-06-07T18:55:02.593Z,sell,0.002522,2.998,0.007560956
BCD/BTC,1528397849271,2018-06-07T18:57:29.271Z,buy,0.002528,0.037,9.3536e-05
BCD/BTC,1528397849271,2018-06-07T18:57:29.271Z,buy,0.002532,3.918,0.009920376
BCD/BTC,1528398039577,2018-06-07T19:00:39.577Z,buy,0.002534,0.399,0.001011066
BCD/BTC,1528398516863,2018-06-07T19:08:36.863Z,sell,0.002529,0.396,0.001001484
BCD/BTC,1528398516863,2018-06-07T19:08:36.863Z,sell,0.002524,0.397,0.001002028
BCD/BTC,1528398516863,2018-06-07T19:08:36.863Z,sell,0.002522,2.956,0.0074550319999999
BCD/BTC,1528398664941,2018-06-07T19:11:04.941Z,sell,0.002523,2.718,0.006857514
BCD/BTC,1528398687040,2018-06-07T19:11:27.040Z,sell,0.00252,0.993,0.00250236
BCD/BTC,1528398687040,2018-06-07T19:11:27.040Z,sell,0.002519,0.397,0.001000043
BCD/BTC,1528398687040,2018-06-07T19:11:27.040Z,sell,0.002516,0.398,0.001001368
BCD/BTC,1528398687040,2018-06-07T19:11:27.040Z,sell,0.002515,0.995,0.002502425
BCD/BTC,1528398687040,2018-06-07T19:11:27.040Z,sell,0.002513,0.398,0.001000174
BCD/BTC,1528398687040,2018-06-07T19:11:27.040Z,sell,0.002511,5.123,0.012863853
BCD/BTC,1528398687040,2018-06-07T19:11:27.040Z,sell,0.00251,2.696,0.00676696
BCD/BTC,1528398784109,2018-06-07T19:13:04.109Z,sell,0.002511,2.54,0.00637794
BCD/BTC,1528399111874,2018-06-07T19:18:31.874Z,buy,0.00252,2.718,0.00684936
BCD/BTC,1528399111874,2018-06-07T19:18:31.874Z,buy,0.002521,1.25,0.0031512499999999
BCD/BTC,1528399382526,2018-06-07T19:23:02.526Z,buy,0.002521,3.874,0.009766354
BCD/BTC,1528399382526,2018-06-07T19:23:02.526Z,buy,0.002524,0.226,0.000570424
BCD/BTC,1528399736387,2018-06-07T19:28:56.387Z,buy,0.002524,2.0,0.005048
BCD/BTC,1528399736387,2018-06-07T19:28:56.387Z,buy,0.002526,2.54,0.00641604
BCD/BTC,1528399736387,2018-06-07T19:28:56.387Z,buy,0.002527,1.195,0.003019765
BCD/BTC,1528399736387,2018-06-07T19:28:56.387Z,buy,0.002528,2.451,0.0061961279999999
BCD/BTC,1528399789163,2018-06-07T19:29:49.163Z,buy,0.002527,0.4,0.0010108
BCD/BTC,1528399996775,2018-06-07T19:33:16.775Z,sell,0.002521,0.397,0.0010008369999999
BCD/BTC,1528399996775,2018-06-07T19:33:16.775Z,sell,0.002521,0.397,0.0010008369999999
BCD/BTC,1528400675545,2018-06-07T19:44:35.545Z,sell,0.002518,3.606,0.009079908
BCD/BTC,1528400675545,2018-06-07T19:44:35.545Z,sell,0.002515,1.588,0.00399382
BCD/BTC,1528401016632,2018-06-07T19:50:16.632Z,sell,0.002515,2.456,0.0061768399999999
BCD/BTC,1528401466065,2018-06-07T19:57:46.065Z,sell,0.002514,0.597,0.001500858
BCD/BTC,1528401481731,2018-06-07T19:58:01.731Z,sell,0.002514,0.424,0.001065936
BCD/BTC,1528402428405,2018-06-07T20:13:48.405Z,buy,0.002521,3.606,0.0090907259999999
BCD/BTC,1528402428405,2018-06-07T20:13:48.405Z,buy,0.002522,0.36,0.00090792
BCD/BTC,1528402447769,2018-06-07T20:14:07.769Z,buy,0.002522,0.784,0.001977248
BCD/BTC,1528402447769,2018-06-07T20:14:07.769Z,buy,0.002523,1.216,0.003067968
BCD/BTC,1528402547369,2018-06-07T20:15:47.369Z,buy,0.002523,1.0,0.002523
BCD/BTC,1528403135254,2018-06-07T20:25:35.254Z,sell,0.002514,0.948,0.002383272
BCD/BTC,1528403225783,2018-06-07T20:27:05.783Z,sell,0.002515,3.327,0.008367405
BCD/BTC,1528403225783,2018-06-07T20:27:05.783Z,sell,0.002514,6.296,0.015828144
BCD/BTC,1528403225783,2018-06-07T20:27:05.783Z,sell,0.002513,5.122,0.0128715859999999
