symbol,timestamp,datetime,side,price,amount,btc_volume
BCPT/BTC,1609160780570,2020-12-28T13:06:20.570Z,sell,7.6e-07,1775.0,0.001349
BCPT/BTC,1609160871200,2020-12-28T13:07:51.200Z,buy,7.6e-07,355.0,0.0002698
BCPT/BTC,1609161193481,2020-12-28T13:13:13.481Z,sell,7.5e-07,1384.0,0.001038
BCPT/BTC,1609162748743,2020-12-28T13:39:08.743Z,sell,7.5e-07,1044.0,0.000783
BCPT/BTC,1609162981313,2020-12-28T13:43:01.313Z,sell,7.5e-07,6810.0,0.0051075
BCPT/BTC,1609163151681,2020-12-28T13:45:51.681Z,sell,7.5e-07,6697.0,0.00502275
BCPT/BTC,1609163209598,2020-12-28T13:46:49.598Z,buy,7.6e-07,336.0,0.00025536
BCPT/BTC,1609163935758,2020-12-28T13:58:55.758Z,buy,7.6e-07,400.0,0.000304
BCPT/BTC,1609163935758,2020-12-28T13:58:55.758Z,buy,7.6e-07,400.0,0.000304
BCPT/BTC,1609164040958,2020-12-28T14:00:40.958Z,buy,7.6e-07,133.0,0.00010108
BCPT/BTC,1609164055222,2020-12-28T14:00:55.222Z,sell,7.5e-07,235.0,0.00017625
BCPT/BTC,1609164139232,2020-12-28T14:02:19.232Z,sell,7.5e-07,1112.0,0.000834
BCPT/BTC,1609166626835,2020-12-28T14:43:46.835Z,sell,7.5e-07,250.0,0.0001875
BCPT/BTC,1609167212401,2020-12-28T14:53:32.401Z,sell,7.5e-07,9056.0,0.006792
BCPT/BTC,1609167212401,2020-12-28T14:53:32.401Z,sell,7.5e-07,9056.0,0.006792
BCPT/BTC,1609168014295,2020-12-28T15:06:54.295Z,buy,7.6e-07,20889.0,0.01587564
BCPT/BTC,1609168026801,2020-12-28T15:07:06.801Z,buy,7.6e-07,3494.0,0.00265544
BCPT/BTC,1609168516069,2020-12-28T15:15:16.069Z,buy,7.6e-07,1184.0,0.00089984
BCPT/BTC,1609168629862,2020-12-28T15:17:09.862Z,buy,7.6e-07,535.0,0.0004066
BCPT/BTC,1609168629862,2020-12-28T15:17:09.862Z,buy,7.7e-07,1294.0,0.00099638
BCPT/BTC,1609169067864,2020-12-28T15:24:27.864Z,sell,7.6e-07,3997.0,0.00303772
BCPT/BTC,1609169104304,2020-12-28T15:25:04.304Z,sell,7.6e-07,2081.0,0.00158156
BCPT/BTC,1609169780471,2020-12-28T15:36:20.471Z,buy,7.7e-07,444.0,0.00034188
BCPT/BTC,1609170733299,2020-12-28T15:52:13.299Z,buy,7.7e-07,5000.0,0.00385
BCPT/BTC,1609170733299,2020-12-28T15:52:13.299Z,buy,7.7e-07,5000.0,0.00385
BCPT/BTC,1609171333688,2020-12-28T16:02:13.688Z,sell,7.6e-07,426.0,0.00032376
BCPT/BTC,1609171381549,2020-12-28T16:03:01.549Z,sell,7.6e-07,313.0,0.00023788
BCPT/BTC,1609171580431,2020-12-28T16:06:20.431Z,buy,7.7e-07,158.0,0.00012166
BCPT/BTC,1609171600942,2020-12-28T16:06:40.942Z,buy,7.7e-07,226.0,0.00017402
BCPT/BTC,1609173368073,2020-12-28T16:36:08.073Z,buy,7.7e-07,128753.0,0.09913981
BCPT/BTC,1609173497976,2020-12-28T16:38:17.976Z,buy,7.7e-07,18986.0,0.01461922
BCPT/BTC,1609173925089,2020-12-28T16:45:25.089Z,sell,7.7e-07,3881.0,0.00298837
BCPT/BTC,1609174001773,2020-12-28T16:46:41.773Z,buy,7.7e-07,142.0,0.00010934
BCPT/BTC,1609174209092,2020-12-28T16:50:09.092Z,buy,7.7e-07,13506.0,0.01039962
BCPT/BTC,1609174221567,2020-12-28T16:50:21.567Z,buy,7.7e-07,2814.0,0.00216678
BCPT/BTC,1609174221567,2020-12-28T16:50:21.567Z,buy,7.7e-07,2814.0,0.00216678
BCPT/BTC,1609176251052,2020-12-28T17:24:11.052Z,sell,7.6e-07,3719.0,0.00282644
BCPT/BTC,1609176494734,2020-12-28T17:28:14.734Z,buy,7.7e-07,179.0,0.00013783
BCPT/BTC,1609176730838,2020-12-28T17:32:10.838Z,sell,7.6e-07,2166.0,0.00164616
BCPT/BTC,1609176867546,2020-12-28T17:34:27.546Z,buy,7.7e-07,8121.0,0.00625317
BCPT/BTC,1609176867546,2020-12-28T17:34:27.546Z,buy,7.7e-07,8121.0,0.00625317
BCPT/BTC,1609177830351,2020-12-28T17:50:30.351Z,buy,7.7e-07,11363.0,0.00874951
BCPT/BTC,1609177847334,2020-12-28T17:50:47.334Z,sell,7.7e-07,2558.0,0.00196966
BCPT/BTC,1609177933367,2020-12-28T17:52:13.367Z,buy,7.8e-07,129.0,0.00010062
BCPT/BTC,1609178219088,2020-12-28T17:56:59.088Z,sell,7.7e-07,80000.0,0.0616
BCPT/BTC,1609178316778,2020-12-28T17:58:36.778Z,sell,7.7e-07,266.0,0.00020482
BCPT/BTC,1609178316778,2020-12-28T17:58:36.778Z,sell,7.6e-07,428826.0,0.32590776
BCPT/BTC,1609178484342,2020-12-28T18:01:24.342Z,sell,7.6e-07,86283.0,0.06557508
BCPT/BTC,1609178543576,2020-12-28T18:02:23.576Z,sell,7.6e-07,5000.0,0.0038
BCPT/BTC,1609178620399,2020-12-28T18:03:40.399Z,sell,7.6e-07,987.0,0.00075012
BCPT/BTC,1609178636471,2020-12-28T18:03:56.471Z,sell,7.5e-07,90192.0,0.067644
BCPT/BTC,1609178639228,2020-12-28T18:03:59.228Z,buy,7.6e-07,325.0,0.000247
BCPT/BTC,1609178641625,2020-12-28T18:04:01.625Z,sell,7.6e-07,1315.0,0.0009994
BCPT/BTC,1609178862127,2020-12-28T18:07:42.127Z,sell,7.6e-07,18986.0,0.01442936
BCPT/BTC,1609179359943,2020-12-28T18:15:59.943Z,sell,7.6e-07,29846.0,0.02268296
BCPT/BTC,1609179421587,2020-12-28T18:17:01.587Z,buy,7.6e-07,359.0,0.00027284
BCPT/BTC,1609179433605,2020-12-28T18:17:13.605Z,buy,7.6e-07,271.0,0.00020596
BCPT/BTC,1609180352386,2020-12-28T18:32:32.386Z,buy,7.6e-07,220.0,0.0001672
BCPT/BTC,1609180352386,2020-12-28T18:32:32.386Z,buy,7.6e-07,220.0,0.0001672
BCPT/BTC,1609181609443,2020-12-28T18:53:29.443Z,buy,7.6e-07,12023.0,0.00913748
BCPT/BTC,1609181707584,2020-12-28T18:55:07.584Z,sell,7.5e-07,3490.0,0.0026175
BCPT/BTC,1609182924631,2020-12-28T19:15:24.631Z,sell,7.5e-07,23192.0,0.017394
BCPT/BTC,1609183033437,2020-12-28T19:17:13.437Z,sell,7.5e-07,8372.0,0.006279
BCPT/BTC,1609183604517,2020-12-28T19:26:44.517Z,sell,7.5e-07,2646.0,0.0019845
BCPT/BTC,1609183604517,2020-12-28T19:26:44.517Z,sell,7.5e-07,2646.0,0.0019845
BCPT/BTC,1609183967231,2020-12-28T19:32:47.231Z,buy,7.6e-07,16617.0,0.01262892
BCPT/BTC,1609184104510,2020-12-28T19:35:04.510Z,sell,7.5e-07,641.0,0.00048075
BCPT/BTC,1609184300297,2020-12-28T19:38:20.297Z,buy,7.6e-07,606.0,0.00046056
BCPT/BTC,1609184463159,2020-12-28T19:41:03.159Z,buy,7.6e-07,1800.0,0.001368
BCPT/BTC,1609185309418,2020-12-28T19:55:09.418Z,sell,7.5e-07,5002.0,0.0037515
BCPT/BTC,1609185587741,2020-12-28T19:59:47.741Z,buy,7.6e-07,46588.0,0.03540688
BCPT/BTC,1609186104391,2020-12-28T20:08:24.391Z,sell,7.6e-07,791.0,0.00060116
BCPT/BTC,1609186293555,2020-12-28T20:11:33.555Z,sell,7.6e-07,345.0,0.0002622
BCPT/BTC,1609186479154,2020-12-28T20:14:39.154Z,sell,7.6e-07,8661.0,0.00658236
BCPT/BTC,1609186569712,2020-12-28T20:16:09.712Z,sell,7.6e-07,8113.0,0.00616588
BCPT/BTC,1609186920267,2020-12-28T20:22:00.267Z,sell,7.6e-07,123078.0,0.09353928
BCPT/BTC,1609187036937,2020-12-28T20:23:56.937Z,sell,7.6e-07,3158.0,0.00240008
BCPT/BTC,1609187036937,2020-12-28T20:23:56.937Z,sell,7.6e-07,3158.0,0.00240008
BCPT/BTC,1609187302614,2020-12-28T20:28:22.614Z,buy,7.6e-07,1863.0,0.00141588
BCPT/BTC,1609187409732,2020-12-28T20:30:09.732Z,sell,7.6e-07,28086.0,0.02134536
BCPT/BTC,1609187558312,2020-12-28T20:32:38.312Z,buy,7.6e-07,7463.0,0.00567188
BCPT/BTC,1609187581535,2020-12-28T20:33:01.535Z,sell,7.6e-07,446.0,0.00033896
BCPT/BTC,1609187740104,2020-12-28T20:35:40.104Z,buy,7.7e-07,10020.0,0.0077154
BCPT/BTC,1609187917717,2020-12-28T20:38:37.717Z,buy,7.7e-07,664.0,0.00051128
BCPT/BTC,1609187964783,2020-12-28T20:39:24.783Z,sell,7.6e-07,35549.0,0.02701724
BCPT/BTC,1609188197159,2020-12-28T20:43:17.159Z,sell,7.6e-07,48848.0,0.03712448
BCPT/BTC,1609188412273,2020-12-28T20:46:52.273Z,sell,7.5e-07,148.0,0.000111
BCPT/BTC,1609188502970,2020-12-28T20:48:22.970Z,buy,7.6e-07,178.0,0.00013528
BCPT/BTC,1609188817793,2020-12-28T20:53:37.793Z,sell,7.5e-07,196.0,0.000147
BCPT/BTC,1609189048596,2020-12-28T20:57:28.596Z,sell,7.5e-07,17563.0,0.01317225
BCPT/BTC,1609189432663,2020-12-28T21:03:52.663Z,buy,7.6e-07,10921.0,0.00829996
BCPT/BTC,1609189447932,2020-12-28T21:04:07.932Z,sell,7.6e-07,134.0,0.00010184
BCPT/BTC,1609189497818,2020-12-28T21:04:57.818Z,sell,7.6e-07,1600.0,0.001216
BCPT/BTC,1609189509991,2020-12-28T21:05:09.991Z,sell,7.6e-07,1600.0,0.001216
BCPT/BTC,1609189529700,2020-12-28T21:05:29.700Z,sell,7.6e-07,3969.0,0.00301644
BCPT/BTC,1609189619998,2020-12-28T21:06:59.998Z,sell,7.6e-07,1600.0,0.001216
BCPT/BTC,1609189643261,2020-12-28T21:07:23.261Z,sell,7.6e-07,1600.0,0.001216
BCPT/BTC,1609189805556,2020-12-28T21:10:05.556Z,sell,7.6e-07,16600.0,0.012616
BCPT/BTC,1609190165330,2020-12-28T21:16:05.330Z,sell,7.6e-07,49329.0,0.03749004
BCPT/BTC,1609190246453,2020-12-28T21:17:26.453Z,buy,7.6e-07,1645.0,0.0012502
BCPT/BTC,1609190246453,2020-12-28T21:17:26.453Z,buy,7.6e-07,1645.0,0.0012502
BCPT/BTC,1609190882231,2020-12-28T21:28:02.231Z,sell,7.6e-07,6880.0,0.0052288
BCPT/BTC,1609192625841,2020-12-28T21:57:05.841Z,buy,7.7e-07,178.0,0.00013706
BCPT/BTC,1609192818511,2020-12-28T22:00:18.511Z,buy,7.7e-07,132.0,0.00010164
BCPT/BTC,1609192961793,2020-12-28T22:02:41.793Z,sell,7.6e-07,12241.0,0.00930316
BCPT/BTC,1609193061931,2020-12-28T22:04:21.931Z,buy,7.7e-07,953.0,0.00073381
BCPT/BTC,1609193140317,2020-12-28T22:05:40.317Z,buy,7.7e-07,5005.0,0.00385385
BCPT/BTC,1609193166234,2020-12-28T22:06:06.234Z,buy,7.7e-07,1005.0,0.00077385
BCPT/BTC,1609193581444,2020-12-28T22:13:01.444Z,buy,7.7e-07,9087.0,0.00699699
BCPT/BTC,1609193769534,2020-12-28T22:16:09.534Z,sell,7.7e-07,9648.0,0.00742896
BCPT/BTC,1609193769534,2020-12-28T22:16:09.534Z,sell,7.7e-07,9648.0,0.00742896
BCPT/BTC,1609194311460,2020-12-28T22:25:11.460Z,sell,7.7e-07,14488.0,0.01115576
BCPT/BTC,1609194312394,2020-12-28T22:25:12.394Z,sell,7.6e-07,490.0,0.0003724
BCPT/BTC,1609194380070,2020-12-28T22:26:20.070Z,buy,7.7e-07,6258.0,0.00481866
BCPT/BTC,1609194422284,2020-12-28T22:27:02.284Z,sell,7.7e-07,489.0,0.00037653
BCPT/BTC,1609194544740,2020-12-28T22:29:04.740Z,sell,7.7e-07,1579.0,0.00121583
BCPT/BTC,1609194894375,2020-12-28T22:34:54.375Z,sell,7.7e-07,365.0,0.00028105
BCPT/BTC,1609195010595,2020-12-28T22:36:50.595Z,sell,7.7e-07,6993.0,0.00538461
BCPT/BTC,1609195444783,2020-12-28T22:44:04.783Z,sell,7.7e-07,2271.0,0.00174867
BCPT/BTC,1609195506927,2020-12-28T22:45:06.927Z,sell,7.7e-07,3687.0,0.00283899
BCPT/BTC,1609195665758,2020-12-28T22:47:45.758Z,sell,7.7e-07,4468.0,0.00344036
BCPT/BTC,1609196140285,2020-12-28T22:55:40.285Z,sell,7.6e-07,2573.0,0.00195548
BCPT/BTC,1609196196370,2020-12-28T22:56:36.370Z,buy,7.6e-07,357.0,0.00027132
BCPT/BTC,1609196196370,2020-12-28T22:56:36.370Z,buy,7.6e-07,357.0,0.00027132
BCPT/BTC,1609197623231,2020-12-28T23:20:23.231Z,sell,7.5e-07,300.0,0.000225
BCPT/BTC,1609197954481,2020-12-28T23:25:54.481Z,sell,7.5e-07,4671.0,0.00350325
BCPT/BTC,1609198222240,2020-12-28T23:30:22.240Z,buy,7.6e-07,7661.0,0.00582236
BCPT/BTC,1609198943087,2020-12-28T23:42:23.087Z,buy,7.6e-07,1350.0,0.001026
BCPT/BTC,1609199306548,2020-12-28T23:48:26.548Z,sell,7.5e-07,1000.0,0.00075
BCPT/BTC,1609199673000,2020-12-28T23:54:33.000Z,buy,7.6e-07,17051.0,0.01295876
BCPT/BTC,1609199715265,2020-12-28T23:55:15.265Z,buy,7.6e-07,140.0,0.0001064
BCPT/BTC,1609199715265,2020-12-28T23:55:15.265Z,buy,7.6e-07,140.0,0.0001064
BCPT/BTC,1609199855998,2020-12-28T23:57:35.998Z,sell,7.5e-07,2134.0,0.0016005
BCPT/BTC,1609200071936,2020-12-29T00:01:11.936Z,sell,7.5e-07,103672.0,0.077754
BCPT/BTC,1609200337889,2020-12-29T00:05:37.889Z,buy,7.6e-07,59096.0,0.04491296
BCPT/BTC,1609200820682,2020-12-29T00:13:40.682Z,sell,7.5e-07,2597.0,0.00194775
BCPT/BTC,1609201429024,2020-12-29T00:23:49.024Z,sell,7.6e-07,3090.0,0.0023484
BCPT/BTC,1609202742739,2020-12-29T00:45:42.739Z,buy,7.7e-07,2647.0,0.00203819
BCPT/BTC,1609202742739,2020-12-29T00:45:42.739Z,buy,7.7e-07,2647.0,0.00203819
BCPT/BTC,1609203923400,2020-12-29T01:05:23.400Z,sell,7.6e-07,3753.0,0.00285228
BCPT/BTC,1609203948754,2020-12-29T01:05:48.754Z,buy,7.6e-07,356.0,0.00027056
BCPT/BTC,1609204038891,2020-12-29T01:07:18.891Z,sell,7.5e-07,1175.0,0.00088125
BCPT/BTC,1609204566849,2020-12-29T01:16:06.849Z,sell,7.5e-07,472.0,0.000354
BCPT/BTC,1609205118673,2020-12-29T01:25:18.673Z,sell,7.5e-07,9708.0,0.007281
BCPT/BTC,1609205701705,2020-12-29T01:35:01.705Z,sell,7.5e-07,6060.0,0.004545
BCPT/BTC,1609205701705,2020-12-29T01:35:01.705Z,sell,7.5e-07,6060.0,0.004545
BCPT/BTC,1609206347421,2020-12-29T01:45:47.421Z,sell,7.5e-07,1582.0,0.0011865
BCPT/BTC,1609207197911,2020-12-29T01:59:57.911Z,sell,7.5e-07,29083.0,0.02181225
BCPT/BTC,1609207622740,2020-12-29T02:07:02.740Z,sell,7.5e-07,2876.0,0.002157
BCPT/BTC,1609207812427,2020-12-29T02:10:12.427Z,sell,7.5e-07,14068.0,0.010551
BCPT/BTC,1609208971902,2020-12-29T02:29:31.902Z,sell,7.5e-07,16303.0,0.01222725
BCPT/BTC,1609208971902,2020-12-29T02:29:31.902Z,sell,7.5e-07,16303.0,0.01222725
BCPT/BTC,1609210086016,2020-12-29T02:48:06.016Z,buy,7.6e-07,207969.0,0.15805644
BCPT/BTC,1609210114899,2020-12-29T02:48:34.899Z,buy,7.6e-07,6340.0,0.0048184
BCPT/BTC,1609210406780,2020-12-29T02:53:26.780Z,buy,7.6e-07,24523.0,0.01863748
BCPT/BTC,1609210653344,2020-12-29T02:57:33.344Z,buy,7.6e-07,132.0,0.00010032
BCPT/BTC,1609210856407,2020-12-29T03:00:56.407Z,buy,7.6e-07,270.0,0.0002052
BCPT/BTC,1609211785624,2020-12-29T03:16:25.624Z,buy,7.6e-07,5150.0,0.003914
BCPT/BTC,1609211785624,2020-12-29T03:16:25.624Z,buy,7.6e-07,5150.0,0.003914
BCPT/BTC,1609214221315,2020-12-29T03:57:01.315Z,sell,7.5e-07,8845.0,0.00663375
BCPT/BTC,1609214402285,2020-12-29T04:00:02.285Z,sell,7.5e-07,6666.0,0.0049995
BCPT/BTC,1609214855256,2020-12-29T04:07:35.256Z,sell,7.5e-07,8641.0,0.00648075
BCPT/BTC,1609214910728,2020-12-29T04:08:30.728Z,sell,7.5e-07,3000.0,0.00225
BCPT/BTC,1609214910728,2020-12-29T04:08:30.728Z,sell,7.5e-07,3000.0,0.00225
BCPT/BTC,1609215992544,2020-12-29T04:26:32.544Z,sell,7.5e-07,841.0,0.00063075
BCPT/BTC,1609216541858,2020-12-29T04:35:41.858Z,sell,7.5e-07,26084.0,0.019563
BCPT/BTC,1609216546991,2020-12-29T04:35:46.991Z,sell,7.5e-07,654.0,0.0004905
BCPT/BTC,1609216824627,2020-12-29T04:40:24.627Z,sell,7.5e-07,6334.0,0.0047505
BCPT/BTC,1609217019180,2020-12-29T04:43:39.180Z,sell,7.5e-07,36070.0,0.0270525
BCPT/BTC,1609217019180,2020-12-29T04:43:39.180Z,sell,7.4e-07,263190.0,0.1947606
BCPT/BTC,1609217293987,2020-12-29T04:48:13.987Z,sell,7.4e-07,6307.0,0.00466718
BCPT/BTC,1609217306206,2020-12-29T04:48:26.206Z,buy,7.5e-07,433.0,0.00032475
BCPT/BTC,1609218127251,2020-12-29T05:02:07.251Z,sell,7.4e-07,13398.0,0.00991452
BCPT/BTC,1609218134902,2020-12-29T05:02:14.902Z,sell,7.3e-07,53843.0,0.03930539
BCPT/BTC,1609218134902,2020-12-29T05:02:14.902Z,sell,7.3e-07,28605.0,0.02088165
BCPT/BTC,1609218134902,2020-12-29T05:02:14.902Z,sell,7.3e-07,191.0,0.00013943
BCPT/BTC,1609218135084,2020-12-29T05:02:15.084Z,sell,7.3e-07,2598.0,0.00189654
BCPT/BTC,1609218135093,2020-12-29T05:02:15.093Z,sell,7.3e-07,4806.0,0.00350838
BCPT/BTC,1609218158800,2020-12-29T05:02:38.800Z,buy,7.4e-07,495.0,0.0003663
BCPT/BTC,1609218326572,2020-12-29T05:05:26.572Z,sell,7.3e-07,57218.0,0.04176914
BCPT/BTC,1609218433870,2020-12-29T05:07:13.870Z,sell,7.3e-07,664.0,0.00048472
BCPT/BTC,1609218446320,2020-12-29T05:07:26.320Z,buy,7.4e-07,381.0,0.00028194
BCPT/BTC,1609218446320,2020-12-29T05:07:26.320Z,buy,7.4e-07,381.0,0.00028194
BCPT/BTC,1609218743061,2020-12-29T05:12:23.061Z,buy,7.4e-07,798.0,0.00059052
BCPT/BTC,1609219022550,2020-12-29T05:17:02.550Z,buy,7.4e-07,6207.0,0.00459318
BCPT/BTC,1609219068060,2020-12-29T05:17:48.060Z,buy,7.4e-07,962.0,0.00071188
BCPT/BTC,1609219147061,2020-12-29T05:19:07.061Z,buy,7.4e-07,516.0,0.00038184
BCPT/BTC,1609219331744,2020-12-29T05:22:11.744Z,buy,7.4e-07,9003.0,0.00666222
BCPT/BTC,1609219512467,2020-12-29T05:25:12.467Z,buy,7.4e-07,529.0,0.00039146
BCPT/BTC,1609220315246,2020-12-29T05:38:35.246Z,sell,7.3e-07,2019.0,0.00147387
BCPT/BTC,1609220667568,2020-12-29T05:44:27.568Z,sell,7.3e-07,4028.0,0.00294044
BCPT/BTC,1609220769000,2020-12-29T05:46:09.000Z,sell,7.3e-07,9729.0,0.00710217
BCPT/BTC,1609221098674,2020-12-29T05:51:38.674Z,sell,7.3e-07,9338.0,0.00681674
BCPT/BTC,1609221111331,2020-12-29T05:51:51.331Z,sell,7.3e-07,519.0,0.00037887
BCPT/BTC,1609221145937,2020-12-29T05:52:25.937Z,sell,7.3e-07,3113.0,0.00227249
BCPT/BTC,1609221415644,2020-12-29T05:56:55.644Z,buy,7.4e-07,206839.0,0.15306086
BCPT/BTC,1609221689545,2020-12-29T06:01:29.545Z,sell,7.3e-07,6718.0,0.00490414
BCPT/BTC,1609221858654,2020-12-29T06:04:18.654Z,sell,7.3e-07,5632.0,0.00411136
BCPT/BTC,1609221858654,2020-12-29T06:04:18.654Z,sell,7.3e-07,5632.0,0.00411136
BCPT/BTC,1609222276502,2020-12-29T06:11:16.502Z,sell,7.3e-07,28267.0,0.02063491
BCPT/BTC,1609222375174,2020-12-29T06:12:55.174Z,buy,7.4e-07,27887.0,0.02063638
BCPT/BTC,1609222455555,2020-12-29T06:14:15.555Z,buy,7.4e-07,6943.0,0.00513782
BCPT/BTC,1609223248111,2020-12-29T06:27:28.111Z,buy,7.5e-07,286.0,0.0002145
BCPT/BTC,1609223598858,2020-12-29T06:33:18.858Z,sell,7.4e-07,1045.0,0.0007733
BCPT/BTC,1609223673744,2020-12-29T06:34:33.744Z,sell,7.4e-07,25287.0,0.01871238
BCPT/BTC,1609223731573,2020-12-29T06:35:31.573Z,sell,7.3e-07,19381.0,0.01414813
BCPT/BTC,1609225313065,2020-12-29T07:01:53.065Z,buy,7.4e-07,257.0,0.00019018
BCPT/BTC,1609225416504,2020-12-29T07:03:36.504Z,sell,7.3e-07,10451.0,0.00762923
BCPT/BTC,1609225416504,2020-12-29T07:03:36.504Z,sell,7.3e-07,10451.0,0.00762923
BCPT/BTC,1609225486801,2020-12-29T07:04:46.801Z,sell,7.3e-07,1875.0,0.00136875
BCPT/BTC,1609226227325,2020-12-29T07:17:07.325Z,sell,7.3e-07,15311.0,0.01117703
BCPT/BTC,1609226443241,2020-12-29T07:20:43.241Z,sell,7.3e-07,1682.0,0.00122786
BCPT/BTC,1609226524706,2020-12-29T07:22:04.706Z,sell,7.3e-07,4886.0,0.00356678
BCPT/BTC,1609226718226,2020-12-29T07:25:18.226Z,buy,7.4e-07,515.0,0.0003811
BCPT/BTC,1609226724278,2020-12-29T07:25:24.278Z,sell,7.3e-07,15311.0,0.01117703
BCPT/BTC,1609226946710,2020-12-29T07:29:06.710Z,buy,7.4e-07,700.0,0.000518
BCPT/BTC,1609227101501,2020-12-29T07:31:41.501Z,buy,7.4e-07,525.0,0.0003885
BCPT/BTC,1609227461951,2020-12-29T07:37:41.951Z,buy,7.4e-07,8357.0,0.00618418
BCPT/BTC,1609227687734,2020-12-29T07:41:27.734Z,buy,7.4e-07,9950.0,0.007363
BCPT/BTC,1609227818898,2020-12-29T07:43:38.898Z,sell,7.3e-07,6802.0,0.00496546
BCPT/BTC,1609227823793,2020-12-29T07:43:43.793Z,sell,7.3e-07,27176.0,0.01983848
BCPT/BTC,1609228408776,2020-12-29T07:53:28.776Z,sell,7.3e-07,2379.0,0.00173667
BCPT/BTC,1609228778680,2020-12-29T07:59:38.680Z,buy,7.4e-07,9094.0,0.00672956
BCPT/BTC,1609229002398,2020-12-29T08:03:22.398Z,buy,7.4e-07,47835.0,0.0353979
BCPT/BTC,1609229002398,2020-12-29T08:03:22.398Z,buy,7.4e-07,47835.0,0.0353979
BCPT/BTC,1609229188636,2020-12-29T08:06:28.636Z,sell,7.3e-07,18288.0,0.01335024
BCPT/BTC,1609229822100,2020-12-29T08:17:02.100Z,sell,7.3e-07,20889.0,0.01524897
BCPT/BTC,1609229866131,2020-12-29T08:17:46.131Z,buy,7.4e-07,150.0,0.000111
BCPT/BTC,1609230082977,2020-12-29T08:21:22.977Z,buy,7.4e-07,18021.0,0.01333554
BCPT/BTC,1609230784447,2020-12-29T08:33:04.447Z,sell,7.3e-07,3224.0,0.00235352
BCPT/BTC,1609231499352,2020-12-29T08:44:59.352Z,sell,7.3e-07,2691.0,0.00196443
BCPT/BTC,1609232425923,2020-12-29T09:00:25.923Z,sell,7.3e-07,32179.0,0.02349067
BCPT/BTC,1609232425923,2020-12-29T09:00:25.923Z,sell,7.3e-07,32179.0,0.02349067
BCPT/BTC,1609232755458,2020-12-29T09:05:55.458Z,sell,7.3e-07,478.0,0.00034894
BCPT/BTC,1609233756393,2020-12-29T09:22:36.393Z,sell,7.3e-07,207.0,0.00015111
BCPT/BTC,1609234367032,2020-12-29T09:32:47.032Z,sell,7.3e-07,722.0,0.00052706
BCPT/BTC,1609234367032,2020-12-29T09:32:47.032Z,sell,7.3e-07,722.0,0.00052706
BCPT/BTC,1609237206384,2020-12-29T10:20:06.384Z,sell,7.3e-07,3215.0,0.00234695
BCPT/BTC,1609237206384,2020-12-29T10:20:06.384Z,sell,7.3e-07,3215.0,0.00234695
BCPT/BTC,1609238551582,2020-12-29T10:42:31.582Z,buy,7.4e-07,530.0,0.0003922
BCPT/BTC,1609238592797,2020-12-29T10:43:12.797Z,sell,7.3e-07,17345.0,0.01266185
BCPT/BTC,1609238755577,2020-12-29T10:45:55.577Z,buy,7.4e-07,548.0,0.00040552
BCPT/BTC,1609238994103,2020-12-29T10:49:54.103Z,buy,7.4e-07,554.0,0.00040996
BCPT/BTC,1609240332650,2020-12-29T11:12:12.650Z,buy,7.4e-07,561.0,0.00041514
BCPT/BTC,1609240390443,2020-12-29T11:13:10.443Z,sell,7.3e-07,7679.0,0.00560567
BCPT/BTC,1609240591629,2020-12-29T11:16:31.629Z,sell,7.2e-07,4474.0,0.00322128
BCPT/BTC,1609240591629,2020-12-29T11:16:31.629Z,sell,7.2e-07,12055.0,0.0086795999999999
BCPT/BTC,1609240600003,2020-12-29T11:16:40.003Z,buy,7.2e-07,139.0,0.00010008
BCPT/BTC,1609240621808,2020-12-29T11:17:01.808Z,buy,7.2e-07,7705.0,0.0055476
BCPT/BTC,1609240698420,2020-12-29T11:18:18.420Z,buy,7.2e-07,616.0,0.00044352
BCPT/BTC,1609240738762,2020-12-29T11:18:58.762Z,buy,7.2e-07,832.0,0.00059904
BCPT/BTC,1609240738762,2020-12-29T11:18:58.762Z,buy,7.2e-07,832.0,0.00059904
BCPT/BTC,1609240881610,2020-12-29T11:21:21.610Z,buy,7.2e-07,139250.0,0.10026
BCPT/BTC,1609241037380,2020-12-29T11:23:57.380Z,buy,7.2e-07,3000.0,0.00216
BCPT/BTC,1609241071984,2020-12-29T11:24:31.984Z,sell,7.1e-07,162989.0,0.11572219
BCPT/BTC,1609241099086,2020-12-29T11:24:59.086Z,buy,7.2e-07,8433.0,0.00607176
BCPT/BTC,1609241649391,2020-12-29T11:34:09.391Z,sell,7.1e-07,16250.0,0.0115375
BCPT/BTC,1609241684200,2020-12-29T11:34:44.200Z,sell,7e-07,11409.0,0.0079863
BCPT/BTC,1609241737484,2020-12-29T11:35:37.484Z,buy,7.2e-07,2633.0,0.00189576
BCPT/BTC,1609241782489,2020-12-29T11:36:22.489Z,sell,7.1e-07,1389.0,0.00098619
BCPT/BTC,1609241929670,2020-12-29T11:38:49.670Z,buy,7.2e-07,936.0,0.0006739199999999
BCPT/BTC,1609242103171,2020-12-29T11:41:43.171Z,sell,7.1e-07,1971.0,0.00139941
BCPT/BTC,1609242184997,2020-12-29T11:43:04.997Z,buy,7.1e-07,30538.0,0.02168198
BCPT/BTC,1609242200294,2020-12-29T11:43:20.294Z,buy,7.1e-07,200.0,0.0001419999999999
BCPT/BTC,1609242292038,2020-12-29T11:44:52.038Z,sell,7e-07,36554.0,0.0255877999999999
BCPT/BTC,1609242369490,2020-12-29T11:46:09.490Z,sell,7e-07,240.0,0.000168
BCPT/BTC,1609242375824,2020-12-29T11:46:15.824Z,buy,7.1e-07,459.0,0.00032589
BCPT/BTC,1609242522986,2020-12-29T11:48:42.986Z,buy,7.1e-07,5580.0,0.0039618
BCPT/BTC,1609242676633,2020-12-29T11:51:16.633Z,buy,7.1e-07,600.0,0.000426
BCPT/BTC,1609242852978,2020-12-29T11:54:12.978Z,buy,7.1e-07,14466.0,0.01027086
BCPT/BTC,1609242871048,2020-12-29T11:54:31.048Z,sell,7e-07,29897.0,0.0209279
BCPT/BTC,1609242980621,2020-12-29T11:56:20.621Z,sell,7e-07,20000.0,0.0139999999999999
BCPT/BTC,1609242988984,2020-12-29T11:56:28.984Z,sell,7e-07,90000.0,0.063
BCPT/BTC,1609243034439,2020-12-29T11:57:14.439Z,sell,7e-07,150000.0,0.105
BCPT/BTC,1609243195221,2020-12-29T11:59:55.221Z,buy,7.1e-07,154100.0,0.109411
BCPT/BTC,1609243222482,2020-12-29T12:00:22.482Z,buy,7.1e-07,2960.0,0.0021016
BCPT/BTC,1609243267903,2020-12-29T12:01:07.903Z,sell,7.1e-07,143.0,0.00010153
BCPT/BTC,1609243624816,2020-12-29T12:07:04.816Z,buy,7.2e-07,12146.0,0.00874512
BCPT/BTC,1609243982628,2020-12-29T12:13:02.628Z,sell,7.2e-07,7093.0,0.00510696
BCPT/BTC,1609244195443,2020-12-29T12:16:35.443Z,sell,7.2e-07,3100.0,0.002232
BCPT/BTC,1609244195443,2020-12-29T12:16:35.443Z,sell,7.2e-07,3100.0,0.002232
BCPT/BTC,1609245306749,2020-12-29T12:35:06.749Z,sell,7.2e-07,15028.0,0.01082016
BCPT/BTC,1609246686064,2020-12-29T12:58:06.064Z,buy,7.2e-07,900.0,0.000648
BCPT/BTC,1609246689850,2020-12-29T12:58:09.850Z,sell,7.1e-07,841.0,0.00059711
BCPT/BTC,1609246742933,2020-12-29T12:59:02.933Z,buy,7.1e-07,58.0,4.118e-05
BCPT/BTC,1609246954726,2020-12-29T13:02:34.726Z,sell,7.1e-07,350.0,0.0002484999999999
BCPT/BTC,1609247176394,2020-12-29T13:06:16.394Z,sell,7.1e-07,7817.0,0.00555007
BCPT/BTC,1609247188088,2020-12-29T13:06:28.088Z,sell,7e-07,45533.0,0.0318731
BCPT/BTC,1609247193357,2020-12-29T13:06:33.357Z,buy,7.1e-07,457.0,0.00032447
BCPT/BTC,1609247271188,2020-12-29T13:07:51.188Z,sell,7e-07,14451.0,0.0101157
BCPT/BTC,1609247454022,2020-12-29T13:10:54.022Z,buy,7.1e-07,440.0,0.0003124
BCPT/BTC,1609247454022,2020-12-29T13:10:54.022Z,buy,7.2e-07,25365.0,0.0182628
BCPT/BTC,1609247701369,2020-12-29T13:15:01.369Z,buy,7.2e-07,1541.0,0.00110952
BCPT/BTC,1609247701369,2020-12-29T13:15:01.369Z,buy,7.2e-07,1541.0,0.00110952
BCPT/BTC,1609248347498,2020-12-29T13:25:47.498Z,sell,7e-07,10000.0,0.0069999999999999
BCPT/BTC,1609249160239,2020-12-29T13:39:20.239Z,buy,7.2e-07,2587.0,0.00186264
BCPT/BTC,1609249913930,2020-12-29T13:51:53.930Z,buy,7.2e-07,1315.0,0.0009468
BCPT/BTC,1609250337750,2020-12-29T13:58:57.750Z,buy,7.2e-07,65434.0,0.04711248
BCPT/BTC,1609250512376,2020-12-29T14:01:52.376Z,buy,7.2e-07,450.0,0.000324
BCPT/BTC,1609250512376,2020-12-29T14:01:52.376Z,buy,7.2e-07,450.0,0.000324
BCPT/BTC,1609251654249,2020-12-29T14:20:54.249Z,sell,7.1e-07,3510.0,0.0024921
BCPT/BTC,1609251676884,2020-12-29T14:21:16.884Z,buy,7.1e-07,459.0,0.00032589
BCPT/BTC,1609251704650,2020-12-29T14:21:44.650Z,buy,7.1e-07,5250.0,0.0037275
BCPT/BTC,1609251793144,2020-12-29T14:23:13.144Z,buy,7.1e-07,54833.0,0.0389314299999999
BCPT/BTC,1609252124171,2020-12-29T14:28:44.171Z,sell,7.1e-07,54778.0,0.03889238
BCPT/BTC,1609252794661,2020-12-29T14:39:54.661Z,sell,7e-07,2427.0,0.0016989
BCPT/BTC,1609253653509,2020-12-29T14:54:13.509Z,buy,7.1e-07,843.0,0.00059853
BCPT/BTC,1609253776772,2020-12-29T14:56:16.772Z,buy,7.2e-07,66233.0,0.04768776
BCPT/BTC,1609253776772,2020-12-29T14:56:16.772Z,buy,7.2e-07,66233.0,0.04768776
BCPT/BTC,1609254188223,2020-12-29T15:03:08.223Z,buy,7.2e-07,22537.0,0.01622664
BCPT/BTC,1609254264578,2020-12-29T15:04:24.578Z,sell,7.2e-07,2373.0,0.00170856
BCPT/BTC,1609255210850,2020-12-29T15:20:10.850Z,buy,7.2e-07,5215.0,0.0037548
BCPT/BTC,1609255956260,2020-12-29T15:32:36.260Z,sell,7.1e-07,199740.0,0.1418154
BCPT/BTC,1609256227299,2020-12-29T15:37:07.299Z,sell,7.1e-07,16539.0,0.01174269
BCPT/BTC,1609256452387,2020-12-29T15:40:52.387Z,sell,7.1e-07,1848.0,0.00131208
BCPT/BTC,1609256828358,2020-12-29T15:47:08.358Z,sell,7.1e-07,26238.0,0.01862898
BCPT/BTC,1609256908619,2020-12-29T15:48:28.619Z,buy,7.1e-07,465.0,0.00033015
BCPT/BTC,1609257032890,2020-12-29T15:50:32.890Z,buy,7.1e-07,150.0,0.0001065
BCPT/BTC,1609257032890,2020-12-29T15:50:32.890Z,buy,7.1e-07,150.0,0.0001065
BCPT/BTC,1609257397113,2020-12-29T15:56:37.113Z,buy,7.1e-07,2000.0,0.00142
BCPT/BTC,1609257556107,2020-12-29T15:59:16.107Z,buy,7.1e-07,1393.0,0.00098903
BCPT/BTC,1609258466767,2020-12-29T16:14:26.767Z,buy,7.1e-07,359.0,0.0002548899999999
BCPT/BTC,1609259085759,2020-12-29T16:24:45.759Z,buy,7.1e-07,262.0,0.0001860199999999
BCPT/BTC,1609259704492,2020-12-29T16:35:04.492Z,sell,7e-07,39110.0,0.027377
BCPT/BTC,1609260153105,2020-12-29T16:42:33.105Z,sell,7e-07,1849.0,0.0012943
BCPT/BTC,1609260200811,2020-12-29T16:43:20.811Z,sell,7e-07,25000.0,0.0174999999999999
BCPT/BTC,1609260595211,2020-12-29T16:49:55.211Z,sell,7e-07,31461.0,0.0220227
BCPT/BTC,1609260619969,2020-12-29T16:50:19.969Z,sell,7e-07,25000.0,0.0174999999999999
BCPT/BTC,1609260619969,2020-12-29T16:50:19.969Z,sell,7e-07,25000.0,0.0174999999999999
BCPT/BTC,1609260862333,2020-12-29T16:54:22.333Z,buy,7e-07,10139.0,0.0070973
BCPT/BTC,1609260940584,2020-12-29T16:55:40.584Z,sell,6.9e-07,13000.0,0.0089699999999999
BCPT/BTC,1609260940584,2020-12-29T16:55:40.584Z,sell,6.9e-07,3765.0,0.0025978499999999
BCPT/BTC,1609260940584,2020-12-29T16:55:40.584Z,sell,6.9e-07,61607.0,0.04250883
BCPT/BTC,1609260967882,2020-12-29T16:56:07.882Z,buy,6.9e-07,145.0,0.0001000499999999
BCPT/BTC,1609260979498,2020-12-29T16:56:19.498Z,buy,6.9e-07,7714.0,0.00532266
BCPT/BTC,1609260987665,2020-12-29T16:56:27.665Z,buy,6.9e-07,4518.0,0.0031174199999999
BCPT/BTC,1609261023336,2020-12-29T16:57:03.336Z,buy,6.9e-07,7995.0,0.0055165499999999
BCPT/BTC,1609261071199,2020-12-29T16:57:51.199Z,buy,6.9e-07,7619.0,0.00525711
BCPT/BTC,1609261085751,2020-12-29T16:58:05.751Z,buy,6.9e-07,5996.0,0.0041372399999999
BCPT/BTC,1609261132999,2020-12-29T16:58:52.999Z,buy,6.9e-07,145.0,0.0001000499999999
BCPT/BTC,1609261148810,2020-12-29T16:59:08.810Z,sell,6.8e-07,10247.0,0.00696796
BCPT/BTC,1609261148810,2020-12-29T16:59:08.810Z,sell,6.8e-07,7073.0,0.00480964
BCPT/BTC,1609261148810,2020-12-29T16:59:08.810Z,sell,6.8e-07,270.0,0.0001836
BCPT/BTC,1609261157692,2020-12-29T16:59:17.692Z,sell,6.8e-07,15919.0,0.01082492
BCPT/BTC,1609261164856,2020-12-29T16:59:24.856Z,buy,6.9e-07,290.0,0.0002000999999999
BCPT/BTC,1609261218578,2020-12-29T17:00:18.578Z,sell,6.8e-07,16233.0,0.0110384399999999
BCPT/BTC,1609261218596,2020-12-29T17:00:18.596Z,sell,6.8e-07,2564.0,0.00174352
BCPT/BTC,1609261373921,2020-12-29T17:02:53.921Z,buy,6.9e-07,200.0,0.000138
BCPT/BTC,1609261454933,2020-12-29T17:04:14.933Z,buy,6.9e-07,35300.0,0.024357
BCPT/BTC,1609262236667,2020-12-29T17:17:16.667Z,buy,6.9e-07,5454.0,0.0037632599999999
BCPT/BTC,1609262255636,2020-12-29T17:17:35.636Z,buy,6.9e-07,1510.0,0.0010419
BCPT/BTC,1609262377483,2020-12-29T17:19:37.483Z,buy,6.9e-07,1032.0,0.0007120799999999
BCPT/BTC,1609262405663,2020-12-29T17:20:05.663Z,sell,6.8e-07,4304.0,0.00292672
BCPT/BTC,1609262462841,2020-12-29T17:21:02.841Z,buy,6.9e-07,42393.0,0.02925117
BCPT/BTC,1609262723276,2020-12-29T17:25:23.276Z,sell,6.8e-07,234.0,0.0001591199999999
BCPT/BTC,1609263198548,2020-12-29T17:33:18.548Z,sell,6.8e-07,38100.0,0.0259079999999999
BCPT/BTC,1609263483539,2020-12-29T17:38:03.539Z,sell,6.8e-07,28923.0,0.01966764
BCPT/BTC,1609263584842,2020-12-29T17:39:44.842Z,buy,6.9e-07,3412.0,0.00235428
BCPT/BTC,1609263696993,2020-12-29T17:41:36.993Z,buy,6.9e-07,94240.0,0.0650256
BCPT/BTC,1609263992383,2020-12-29T17:46:32.383Z,sell,6.8e-07,1000.0,0.0006799999999999
BCPT/BTC,1609264088789,2020-12-29T17:48:08.789Z,buy,6.9e-07,2000.0,0.00138
BCPT/BTC,1609264141601,2020-12-29T17:49:01.601Z,buy,6.9e-07,25362.0,0.01749978
BCPT/BTC,1609264141601,2020-12-29T17:49:01.601Z,buy,6.9e-07,25362.0,0.01749978
BCPT/BTC,1609264652439,2020-12-29T17:57:32.439Z,sell,6.8e-07,8306.0,0.00564808
BCPT/BTC,1609264687983,2020-12-29T17:58:07.983Z,buy,6.9e-07,16727.0,0.0115416299999999
BCPT/BTC,1609264702858,2020-12-29T17:58:22.858Z,buy,7e-07,1389.0,0.0009722999999999
BCPT/BTC,1609264738906,2020-12-29T17:58:58.906Z,buy,7e-07,57279.0,0.0400953
BCPT/BTC,1609264757927,2020-12-29T17:59:17.927Z,sell,6.9e-07,1429.0,0.0009860099999999
BCPT/BTC,1609264760345,2020-12-29T17:59:20.345Z,buy,7e-07,9140.0,0.006398
BCPT/BTC,1609264852788,2020-12-29T18:00:52.788Z,buy,7e-07,285.0,0.0001995
BCPT/BTC,1609264989054,2020-12-29T18:03:09.054Z,buy,7e-07,600.0,0.0004199999999999
BCPT/BTC,1609265179769,2020-12-29T18:06:19.769Z,buy,7e-07,337.0,0.0002359
BCPT/BTC,1609265488217,2020-12-29T18:11:28.217Z,buy,7e-07,1352.0,0.0009463999999999
BCPT/BTC,1609267040819,2020-12-29T18:37:20.819Z,buy,7e-07,900.0,0.0006299999999999
BCPT/BTC,1609267300828,2020-12-29T18:41:40.828Z,sell,6.9e-07,145.0,0.0001000499999999
BCPT/BTC,1609267328215,2020-12-29T18:42:08.215Z,buy,6.9e-07,145.0,0.0001000499999999
BCPT/BTC,1609267361824,2020-12-29T18:42:41.824Z,buy,6.9e-07,291.0,0.0002007899999999
BCPT/BTC,1609267413595,2020-12-29T18:43:33.595Z,buy,6.9e-07,34557.0,0.0238443299999999
BCPT/BTC,1609267451043,2020-12-29T18:44:11.043Z,buy,6.9e-07,15840.0,0.0109296
BCPT/BTC,1609267451477,2020-12-29T18:44:11.477Z,buy,6.9e-07,18031.0,0.01244139
BCPT/BTC,1609267486456,2020-12-29T18:44:46.456Z,buy,7e-07,180.0,0.000126
BCPT/BTC,1609267486456,2020-12-29T18:44:46.456Z,buy,7e-07,180.0,0.000126
BCPT/BTC,1609267949036,2020-12-29T18:52:29.036Z,buy,7e-07,5323.0,0.0037261
BCPT/BTC,1609268170098,2020-12-29T18:56:10.098Z,buy,7e-07,1072.0,0.0007503999999999
BCPT/BTC,1609268906914,2020-12-29T19:08:26.914Z,buy,7e-07,13930.0,0.009751
BCPT/BTC,1609269026443,2020-12-29T19:10:26.443Z,buy,7e-07,2005.0,0.0014035
BCPT/BTC,1609269229498,2020-12-29T19:13:49.498Z,buy,7e-07,1499.0,0.0010493
BCPT/BTC,1609269234979,2020-12-29T19:13:54.979Z,buy,7e-07,1000.0,0.0007
BCPT/BTC,1609269425481,2020-12-29T19:17:05.481Z,sell,6.9e-07,8424.0,0.00581256
BCPT/BTC,1609269619540,2020-12-29T19:20:19.540Z,buy,7e-07,4472.0,0.0031303999999999
BCPT/BTC,1609269798319,2020-12-29T19:23:18.319Z,buy,7e-07,854.0,0.0005978
BCPT/BTC,1609269859757,2020-12-29T19:24:19.757Z,sell,6.9e-07,9998.0,0.0068986199999999
BCPT/BTC,1609269943206,2020-12-29T19:25:43.206Z,sell,6.9e-07,94145.0,0.0649600499999999
BCPT/BTC,1609270452376,2020-12-29T19:34:12.376Z,buy,7e-07,2343.0,0.0016401
BCPT/BTC,1609270679557,2020-12-29T19:37:59.557Z,buy,7e-07,187.0,0.0001308999999999
BCPT/BTC,1609270679557,2020-12-29T19:37:59.557Z,buy,7e-07,187.0,0.0001308999999999
BCPT/BTC,1609271195062,2020-12-29T19:46:35.062Z,buy,7e-07,143.0,0.0001001
BCPT/BTC,1609271640049,2020-12-29T19:54:00.049Z,sell,6.9e-07,1828.0,0.00126132
BCPT/BTC,1609271758522,2020-12-29T19:55:58.522Z,sell,6.9e-07,2340.0,0.0016145999999999
BCPT/BTC,1609272361872,2020-12-29T20:06:01.872Z,sell,6.9e-07,50000.0,0.0344999999999999
BCPT/BTC,1609272368596,2020-12-29T20:06:08.596Z,sell,6.9e-07,6521.0,0.00449949
BCPT/BTC,1609272394146,2020-12-29T20:06:34.146Z,buy,6.9e-07,10000.0,0.0069
BCPT/BTC,1609272400230,2020-12-29T20:06:40.230Z,buy,6.9e-07,544.0,0.00037536
BCPT/BTC,1609272411426,2020-12-29T20:06:51.426Z,buy,6.9e-07,291.0,0.0002007899999999
BCPT/BTC,1609272813710,2020-12-29T20:13:33.710Z,buy,6.9e-07,235300.0,0.162357
BCPT/BTC,1609272851642,2020-12-29T20:14:11.642Z,sell,6.9e-07,4518.0,0.0031174199999999
BCPT/BTC,1609273131828,2020-12-29T20:18:51.828Z,sell,6.9e-07,588.0,0.00040572
BCPT/BTC,1609273340697,2020-12-29T20:22:20.697Z,sell,6.9e-07,4352.0,0.00300288
BCPT/BTC,1609273552239,2020-12-29T20:25:52.239Z,sell,6.9e-07,599.0,0.0004133099999999
BCPT/BTC,1609273552239,2020-12-29T20:25:52.239Z,sell,6.9e-07,599.0,0.0004133099999999
BCPT/BTC,1609274618572,2020-12-29T20:43:38.572Z,sell,6.9e-07,34557.0,0.0238443299999999
BCPT/BTC,1609274976541,2020-12-29T20:49:36.541Z,sell,6.9e-07,4995.0,0.0034465499999999
BCPT/BTC,1609275992149,2020-12-29T21:06:32.149Z,sell,6.9e-07,50000.0,0.0344999999999999
BCPT/BTC,1609276837020,2020-12-29T21:20:37.020Z,sell,6.9e-07,1818.0,0.00125442
BCPT/BTC,1609276837020,2020-12-29T21:20:37.020Z,sell,6.9e-07,1818.0,0.00125442
BCPT/BTC,1609277920604,2020-12-29T21:38:40.604Z,buy,7e-07,4500.0,0.00315
BCPT/BTC,1609277920604,2020-12-29T21:38:40.604Z,buy,7e-07,4500.0,0.00315
BCPT/BTC,1609280472626,2020-12-29T22:21:12.626Z,buy,7e-07,1747.0,0.0012228999999999
BCPT/BTC,1609280617856,2020-12-29T22:23:37.856Z,buy,7e-07,1500.0,0.00105
BCPT/BTC,1609280651823,2020-12-29T22:24:11.823Z,buy,7e-07,133045.0,0.0931314999999999
BCPT/BTC,1609280838891,2020-12-29T22:27:18.891Z,sell,6.9e-07,7758.0,0.00535302
BCPT/BTC,1609280838891,2020-12-29T22:27:18.891Z,sell,6.9e-07,7758.0,0.00535302
BCPT/BTC,1609283589388,2020-12-29T23:13:09.388Z,buy,7e-07,111520.0,0.078064
BCPT/BTC,1609283854754,2020-12-29T23:17:34.754Z,buy,7e-07,150.0,0.0001049999999999
BCPT/BTC,1609283854754,2020-12-29T23:17:34.754Z,buy,7e-07,150.0,0.0001049999999999
BCPT/BTC,1609285386828,2020-12-29T23:43:06.828Z,sell,6.9e-07,9999.0,0.00689931
BCPT/BTC,1609285767111,2020-12-29T23:49:27.111Z,buy,7e-07,226.0,0.0001582
BCPT/BTC,1609286040984,2020-12-29T23:54:00.984Z,sell,7e-07,3830.0,0.002681
BCPT/BTC,1609286475232,2020-12-30T00:01:15.232Z,sell,6.9e-07,153978.0,0.1062448199999999
BCPT/BTC,1609286796075,2020-12-30T00:06:36.075Z,sell,6.9e-07,9038.0,0.00623622
BCPT/BTC,1609287319582,2020-12-30T00:15:19.582Z,sell,6.9e-07,7446.0,0.00513774
BCPT/BTC,1609287319582,2020-12-30T00:15:19.582Z,sell,6.9e-07,7446.0,0.00513774
BCPT/BTC,1609287944899,2020-12-30T00:25:44.899Z,sell,6.8e-07,128610.0,0.0874548
BCPT/BTC,1609287944899,2020-12-30T00:25:44.899Z,sell,6.7e-07,94283.0,0.06316961
BCPT/BTC,1609287944899,2020-12-30T00:25:44.899Z,sell,6.6e-07,46662.0,0.03079692
BCPT/BTC,1609287944899,2020-12-30T00:25:44.899Z,sell,6.5e-07,61715.0,0.04011475
BCPT/BTC,1609287944899,2020-12-30T00:25:44.899Z,sell,6.4e-07,32980.0,0.0211072
BCPT/BTC,1609287944899,2020-12-30T00:25:44.899Z,sell,6.3e-07,206811.0,0.13029093
BCPT/BTC,1609287944899,2020-12-30T00:25:44.899Z,sell,6.2e-07,186322.0,0.1155196399999999
BCPT/BTC,1609287944899,2020-12-30T00:25:44.899Z,sell,6.1e-07,39867.0,0.02431887
BCPT/BTC,1609287944899,2020-12-30T00:25:44.899Z,sell,6e-07,9237.0,0.0055422
BCPT/BTC,1609287944899,2020-12-30T00:25:44.899Z,sell,5.9e-07,3924.0,0.0023151599999999
BCPT/BTC,1609287944899,2020-12-30T00:25:44.899Z,sell,5.8e-07,891.0,0.00051678
BCPT/BTC,1609287944899,2020-12-30T00:25:44.899Z,sell,5.7e-07,776.0,0.00044232
BCPT/BTC,1609287944899,2020-12-30T00:25:44.899Z,sell,5.6e-07,7001.0,0.00392056
BCPT/BTC,1609287944899,2020-12-30T00:25:44.899Z,sell,5.5e-07,18805.0,0.01034275
BCPT/BTC,1609287945000,2020-12-30T00:25:45.000Z,buy,6.2e-07,2932.0,0.00181784
BCPT/BTC,1609287945022,2020-12-30T00:25:45.022Z,buy,6.3e-07,2869.0,0.00180747
BCPT/BTC,1609287945022,2020-12-30T00:25:45.022Z,buy,6.4e-07,50988.0,0.03263232
BCPT/BTC,1609287945022,2020-12-30T00:25:45.022Z,buy,6.5e-07,23331.0,0.01516515
BCPT/BTC,1609287945626,2020-12-30T00:25:45.626Z,sell,6.7e-07,18331.0,0.01228177
BCPT/BTC,1609287945626,2020-12-30T00:25:45.626Z,sell,6.6e-07,21585.0,0.0142461
BCPT/BTC,1609287946263,2020-12-30T00:25:46.263Z,buy,6.6e-07,536.0,0.00035376
BCPT/BTC,1609287947157,2020-12-30T00:25:47.157Z,sell,6.5e-07,1489.0,0.00096785
BCPT/BTC,1609287947623,2020-12-30T00:25:47.623Z,sell,6.5e-07,1312.0,0.0008528
BCPT/BTC,1609287948608,2020-12-30T00:25:48.608Z,sell,6.5e-07,8939.0,0.00581035
BCPT/BTC,1609287949931,2020-12-30T00:25:49.931Z,buy,6.6e-07,80627.0,0.05321382
BCPT/BTC,1609287952440,2020-12-30T00:25:52.440Z,buy,6.6e-07,150.0,9.9e-05
BCPT/BTC,1609287953728,2020-12-30T00:25:53.728Z,buy,6.6e-07,152.0,0.00010032
BCPT/BTC,1609288037551,2020-12-30T00:27:17.551Z,buy,6.6e-07,9470.0,0.0062502
BCPT/BTC,1609288065408,2020-12-30T00:27:45.408Z,sell,6.5e-07,79291.0,0.05153915
BCPT/BTC,1609288065408,2020-12-30T00:27:45.408Z,sell,6.4e-07,63566.0,0.04068224
BCPT/BTC,1609288083230,2020-12-30T00:28:03.230Z,sell,6.4e-07,388.0,0.00024832
BCPT/BTC,1609288093511,2020-12-30T00:28:13.511Z,sell,6.4e-07,60647.0,0.03881408
BCPT/BTC,1609288110961,2020-12-30T00:28:30.961Z,buy,6.5e-07,300.0,0.000195
BCPT/BTC,1609288114969,2020-12-30T00:28:34.969Z,buy,6.5e-07,2574.0,0.0016731
BCPT/BTC,1609288116269,2020-12-30T00:28:36.269Z,buy,6.5e-07,162.0,0.0001053
BCPT/BTC,1609288127683,2020-12-30T00:28:47.683Z,buy,6.5e-07,5148.0,0.0033462
BCPT/BTC,1609288242687,2020-12-30T00:30:42.687Z,buy,6.5e-07,56450.0,0.0366925
BCPT/BTC,1609288267898,2020-12-30T00:31:07.898Z,buy,6.5e-07,154.0,0.0001001
BCPT/BTC,1609288290204,2020-12-30T00:31:30.204Z,buy,6.5e-07,30156.0,0.0196014
BCPT/BTC,1609288411875,2020-12-30T00:33:31.875Z,buy,6.5e-07,270.0,0.0001755
BCPT/BTC,1609288497641,2020-12-30T00:34:57.641Z,buy,6.5e-07,57283.0,0.03723395
BCPT/BTC,1609288513365,2020-12-30T00:35:13.365Z,buy,6.6e-07,1429.0,0.00094314
BCPT/BTC,1609288514288,2020-12-30T00:35:14.288Z,buy,6.6e-07,3928.0,0.00259248
BCPT/BTC,1609288581226,2020-12-30T00:36:21.226Z,sell,6.5e-07,1493.0,0.00097045
BCPT/BTC,1609288636473,2020-12-30T00:37:16.473Z,buy,6.7e-07,120218.0,0.08054606
BCPT/BTC,1609288732401,2020-12-30T00:38:52.401Z,sell,6.6e-07,7985.0,0.0052701
BCPT/BTC,1609288747355,2020-12-30T00:39:07.355Z,sell,6.6e-07,61150.0,0.040359
BCPT/BTC,1609288844290,2020-12-30T00:40:44.290Z,sell,6.5e-07,13104.0,0.0085176
BCPT/BTC,1609289253278,2020-12-30T00:47:33.278Z,buy,6.6e-07,326.0,0.00021516
BCPT/BTC,1609289351773,2020-12-30T00:49:11.773Z,buy,6.7e-07,3307.0,0.00221569
BCPT/BTC,1609289563843,2020-12-30T00:52:43.843Z,buy,6.7e-07,3483.0,0.00233361
BCPT/BTC,1609289824489,2020-12-30T00:57:04.489Z,sell,6.7e-07,735.0,0.00049245
BCPT/BTC,1609289824995,2020-12-30T00:57:04.995Z,sell,6.7e-07,3467.0,0.00232289
BCPT/BTC,1609290065163,2020-12-30T01:01:05.163Z,buy,6.8e-07,58824.0,0.04000032
BCPT/BTC,1609290203420,2020-12-30T01:03:23.420Z,buy,6.8e-07,800.0,0.000544
BCPT/BTC,1609290712938,2020-12-30T01:11:52.938Z,buy,6.8e-07,486.0,0.0003304799999999
BCPT/BTC,1609290767060,2020-12-30T01:12:47.060Z,sell,6.7e-07,350.0,0.0002345
BCPT/BTC,1609290767060,2020-12-30T01:12:47.060Z,sell,6.7e-07,6625.0,0.00443875
BCPT/BTC,1609290767317,2020-12-30T01:12:47.317Z,sell,6.7e-07,11740.0,0.0078658
BCPT/BTC,1609290767317,2020-12-30T01:12:47.317Z,sell,6.7e-07,11740.0,0.0078658
BCPT/BTC,1609291317912,2020-12-30T01:21:57.912Z,sell,6.7e-07,28000.0,0.01876
BCPT/BTC,1609292291291,2020-12-30T01:38:11.291Z,sell,6.7e-07,4052.0,0.00271484
BCPT/BTC,1609294015633,2020-12-30T02:06:55.633Z,sell,6.7e-07,2305.0,0.00154435
BCPT/BTC,1609294015633,2020-12-30T02:06:55.633Z,sell,6.6e-07,10021.0,0.00661386
BCPT/BTC,1609294045431,2020-12-30T02:07:25.431Z,buy,6.7e-07,298.0,0.00019966
BCPT/BTC,1609294045431,2020-12-30T02:07:25.431Z,buy,6.7e-07,298.0,0.00019966
BCPT/BTC,1609294829500,2020-12-30T02:20:29.500Z,sell,6.6e-07,200.0,0.000132
BCPT/BTC,1609296076311,2020-12-30T02:41:16.311Z,sell,6.6e-07,200.0,0.000132
BCPT/BTC,1609296296827,2020-12-30T02:44:56.827Z,sell,6.6e-07,34708.0,0.02290728
BCPT/BTC,1609296296827,2020-12-30T02:44:56.827Z,sell,6.5e-07,72284.0,0.0469846
BCPT/BTC,1609296296827,2020-12-30T02:44:56.827Z,sell,6.4e-07,9635.0,0.0061664
BCPT/BTC,1609296296827,2020-12-30T02:44:56.827Z,sell,6.3e-07,12044.0,0.00758772
BCPT/BTC,1609296307960,2020-12-30T02:45:07.960Z,buy,6.4e-07,157.0,0.00010048
BCPT/BTC,1609296314933,2020-12-30T02:45:14.933Z,buy,6.4e-07,7848.0,0.00502272
BCPT/BTC,1609296516275,2020-12-30T02:48:36.275Z,buy,6.4e-07,24696.0,0.01580544
BCPT/BTC,1609296829889,2020-12-30T02:53:49.889Z,buy,6.4e-07,7540.0,0.0048256
BCPT/BTC,1609297074820,2020-12-30T02:57:54.820Z,buy,6.4e-07,7987.0,0.00511168
BCPT/BTC,1609297286516,2020-12-30T03:01:26.516Z,buy,6.4e-07,550.0,0.000352
BCPT/BTC,1609297310006,2020-12-30T03:01:50.006Z,buy,6.4e-07,6121.0,0.00391744
BCPT/BTC,1609297541955,2020-12-30T03:05:41.955Z,buy,6.4e-07,147005.0,0.0940832
BCPT/BTC,1609297617452,2020-12-30T03:06:57.452Z,buy,6.5e-07,2964.0,0.0019266
BCPT/BTC,1609297640055,2020-12-30T03:07:20.055Z,sell,6.4e-07,1539.0,0.00098496
BCPT/BTC,1609297640055,2020-12-30T03:07:20.055Z,sell,6.4e-07,1539.0,0.00098496
BCPT/BTC,1609297763783,2020-12-30T03:09:23.783Z,sell,6.4e-07,29275.0,0.018736
BCPT/BTC,1609297831210,2020-12-30T03:10:31.210Z,sell,6.3e-07,9029.0,0.00568827
BCPT/BTC,1609297894379,2020-12-30T03:11:34.379Z,buy,6.3e-07,17040.0,0.0107352
BCPT/BTC,1609298163345,2020-12-30T03:16:03.345Z,buy,6.3e-07,300.0,0.000189
BCPT/BTC,1609298369069,2020-12-30T03:19:29.069Z,buy,6.3e-07,36840.0,0.0232092
BCPT/BTC,1609298402153,2020-12-30T03:20:02.153Z,buy,6.3e-07,103369.0,0.06512247
BCPT/BTC,1609298491182,2020-12-30T03:21:31.182Z,buy,6.3e-07,4920.0,0.0030996
BCPT/BTC,1609298509554,2020-12-30T03:21:49.554Z,buy,6.3e-07,1630.0,0.0010269
BCPT/BTC,1609298662301,2020-12-30T03:24:22.301Z,buy,6.3e-07,39598.0,0.02494674
BCPT/BTC,1609298672177,2020-12-30T03:24:32.177Z,buy,6.3e-07,36864.0,0.02322432
BCPT/BTC,1609298693412,2020-12-30T03:24:53.412Z,sell,6.2e-07,243.0,0.00015066
BCPT/BTC,1609298694128,2020-12-30T03:24:54.128Z,sell,6.2e-07,243.0,0.00015066
BCPT/BTC,1609298826391,2020-12-30T03:27:06.391Z,buy,6.3e-07,7745.0,0.00487935
BCPT/BTC,1609298827271,2020-12-30T03:27:07.271Z,sell,6.2e-07,139107.0,0.08624634
BCPT/BTC,1609299066594,2020-12-30T03:31:06.594Z,buy,6.3e-07,4017.0,0.00253071
BCPT/BTC,1609299066594,2020-12-30T03:31:06.594Z,buy,6.4e-07,131953.0,0.08444992
BCPT/BTC,1609299146320,2020-12-30T03:32:26.320Z,buy,6.4e-07,159.0,0.00010176
BCPT/BTC,1609299467492,2020-12-30T03:37:47.492Z,sell,6.4e-07,796.0,0.00050944
BCPT/BTC,1609299809069,2020-12-30T03:43:29.069Z,sell,6.4e-07,1052.0,0.00067328
BCPT/BTC,1609300800425,2020-12-30T04:00:00.425Z,sell,6.4e-07,39598.0,0.02534272
BCPT/BTC,1609300800425,2020-12-30T04:00:00.425Z,sell,6.4e-07,39598.0,0.02534272
BCPT/BTC,1609301248359,2020-12-30T04:07:28.359Z,sell,6.4e-07,6016.0,0.00385024
BCPT/BTC,1609301490472,2020-12-30T04:11:30.472Z,buy,6.4e-07,344.0,0.00022016
BCPT/BTC,1609301625955,2020-12-30T04:13:45.955Z,buy,6.4e-07,2182.0,0.00139648
BCPT/BTC,1609301625955,2020-12-30T04:13:45.955Z,buy,6.4e-07,2182.0,0.00139648
BCPT/BTC,1609307324209,2020-12-30T05:48:44.209Z,sell,6.3e-07,1763.0,0.00111069
BCPT/BTC,1609307324209,2020-12-30T05:48:44.209Z,sell,6.2e-07,23573.0,0.01461526
BCPT/BTC,1609307540437,2020-12-30T05:52:20.437Z,sell,6.2e-07,1086.0,0.00067332
BCPT/BTC,1609307541457,2020-12-30T05:52:21.457Z,sell,6.1e-07,5204.0,0.0031744399999999
BCPT/BTC,1609307541457,2020-12-30T05:52:21.457Z,sell,6.1e-07,4526.0,0.00276086
BCPT/BTC,1609307541457,2020-12-30T05:52:21.457Z,sell,6.1e-07,5204.0,0.0031744399999999
BCPT/BTC,1609307541457,2020-12-30T05:52:21.457Z,sell,6.1e-07,4526.0,0.00276086
BCPT/BTC,1609307649144,2020-12-30T05:54:09.144Z,sell,6.1e-07,80188.0,0.04891468
BCPT/BTC,1609307649566,2020-12-30T05:54:09.566Z,buy,6.1e-07,819.0,0.00049959
BCPT/BTC,1609307650056,2020-12-30T05:54:10.056Z,buy,6.1e-07,25940.0,0.0158233999999999
BCPT/BTC,1609307650086,2020-12-30T05:54:10.086Z,buy,6.1e-07,3442.0,0.00209962
BCPT/BTC,1609307650292,2020-12-30T05:54:10.292Z,buy,6.1e-07,7386.0,0.00450546
BCPT/BTC,1609308024401,2020-12-30T06:00:24.401Z,buy,6.2e-07,1935.0,0.0011997
BCPT/BTC,1609308047481,2020-12-30T06:00:47.481Z,buy,6.2e-07,45835.0,0.0284177
BCPT/BTC,1609308164973,2020-12-30T06:02:44.973Z,buy,6.2e-07,38274.0,0.02372988
BCPT/BTC,1609308316990,2020-12-30T06:05:16.990Z,buy,6.2e-07,63257.0,0.03921934
BCPT/BTC,1609308387607,2020-12-30T06:06:27.607Z,buy,6.3e-07,1539.0,0.00096957
BCPT/BTC,1609308432157,2020-12-30T06:07:12.157Z,buy,6.3e-07,27846.0,0.01754298
BCPT/BTC,1609308434232,2020-12-30T06:07:14.232Z,sell,6.2e-07,1588.0,0.00098456
BCPT/BTC,1609308485686,2020-12-30T06:08:05.686Z,buy,6.3e-07,37669.0,0.02373147
BCPT/BTC,1609308917365,2020-12-30T06:15:17.365Z,buy,6.3e-07,51689.0,0.03256407
BCPT/BTC,1609309587568,2020-12-30T06:26:27.568Z,sell,6.2e-07,1816.0,0.00112592
BCPT/BTC,1609309656476,2020-12-30T06:27:36.476Z,sell,6.2e-07,4656.0,0.00288672
BCPT/BTC,1609309906627,2020-12-30T06:31:46.627Z,sell,6.2e-07,2997.0,0.0018581399999999
BCPT/BTC,1609309991316,2020-12-30T06:33:11.316Z,buy,6.3e-07,4822.0,0.00303786
BCPT/BTC,1609310029666,2020-12-30T06:33:49.666Z,sell,6.2e-07,5673.0,0.00351726
BCPT/BTC,1609310591127,2020-12-30T06:43:11.127Z,buy,6.3e-07,3968.0,0.00249984
BCPT/BTC,1609310704563,2020-12-30T06:45:04.563Z,sell,6.2e-07,18578.0,0.01151836
BCPT/BTC,1609310709835,2020-12-30T06:45:09.835Z,sell,6.2e-07,21387.0,0.01325994
BCPT/BTC,1609311104352,2020-12-30T06:51:44.352Z,sell,6.2e-07,30333.0,0.01880646
BCPT/BTC,1609311104352,2020-12-30T06:51:44.352Z,sell,6.2e-07,30333.0,0.01880646
BCPT/BTC,1609311659594,2020-12-30T07:00:59.594Z,sell,6.2e-07,27777.0,0.01722174
BCPT/BTC,1609311853371,2020-12-30T07:04:13.371Z,sell,6.2e-07,126.0,7.812e-05
BCPT/BTC,1609311853371,2020-12-30T07:04:13.371Z,sell,6.1e-07,85253.0,0.05200433
BCPT/BTC,1609311853371,2020-12-30T07:04:13.371Z,sell,6e-07,72747.0,0.0436482
BCPT/BTC,1609311853371,2020-12-30T07:04:13.371Z,sell,5.9e-07,55238.0,0.0325904199999999
BCPT/BTC,1609311855503,2020-12-30T07:04:15.503Z,sell,5.9e-07,1622.0,0.00095698
BCPT/BTC,1609311890815,2020-12-30T07:04:50.815Z,buy,6e-07,13106.0,0.0078636
BCPT/BTC,1609311912573,2020-12-30T07:05:12.573Z,buy,6.1e-07,867.0,0.00052887
BCPT/BTC,1609311912573,2020-12-30T07:05:12.573Z,buy,6.2e-07,721.0,0.00044702
BCPT/BTC,1609311936157,2020-12-30T07:05:36.157Z,sell,6e-07,10096.0,0.0060576
BCPT/BTC,1609311986296,2020-12-30T07:06:26.296Z,sell,6e-07,1640.0,0.0009839999999999
BCPT/BTC,1609312059804,2020-12-30T07:07:39.804Z,buy,6.1e-07,17363.0,0.0105914299999999
BCPT/BTC,1609312116458,2020-12-30T07:08:36.458Z,sell,6e-07,289732.0,0.1738392
BCPT/BTC,1609312202956,2020-12-30T07:10:02.956Z,buy,6e-07,8834.0,0.0053003999999999
BCPT/BTC,1609312893484,2020-12-30T07:21:33.484Z,buy,6e-07,41525.0,0.024915
BCPT/BTC,1609312901149,2020-12-30T07:21:41.149Z,buy,6e-07,6993.0,0.0041957999999999
BCPT/BTC,1609312934820,2020-12-30T07:22:14.820Z,buy,6e-07,6868.0,0.0041208
BCPT/BTC,1609312973121,2020-12-30T07:22:53.121Z,buy,6e-07,73680.0,0.044208
BCPT/BTC,1609312985169,2020-12-30T07:23:05.169Z,buy,6.1e-07,200.0,0.000122
BCPT/BTC,1609313014896,2020-12-30T07:23:34.896Z,buy,6.1e-07,874.0,0.00053314
BCPT/BTC,1609313256989,2020-12-30T07:27:36.989Z,buy,6.1e-07,242.0,0.00014762
BCPT/BTC,1609313260305,2020-12-30T07:27:40.305Z,buy,6.1e-07,1829.0,0.00111569
BCPT/BTC,1609313369138,2020-12-30T07:29:29.138Z,buy,6.1e-07,164.0,0.00010004
BCPT/BTC,1609313406555,2020-12-30T07:30:06.555Z,buy,6.1e-07,751.0,0.0004581099999999
BCPT/BTC,1609313676685,2020-12-30T07:34:36.685Z,buy,6.1e-07,249.0,0.0001518899999999
BCPT/BTC,1609313753614,2020-12-30T07:35:53.614Z,sell,6e-07,2368.0,0.0014207999999999
BCPT/BTC,1609314291666,2020-12-30T07:44:51.666Z,buy,6.1e-07,223.0,0.0001360299999999
BCPT/BTC,1609314303157,2020-12-30T07:45:03.157Z,sell,6e-07,223.0,0.0001338
BCPT/BTC,1609314303157,2020-12-30T07:45:03.157Z,sell,6e-07,223.0,0.0001338
BCPT/BTC,1609314774518,2020-12-30T07:52:54.518Z,sell,6e-07,13526.0,0.0081155999999999
BCPT/BTC,1609315189686,2020-12-30T07:59:49.686Z,buy,6.1e-07,17448.0,0.01064328
BCPT/BTC,1609315306617,2020-12-30T08:01:46.617Z,buy,6.1e-07,4914.0,0.00299754
BCPT/BTC,1609315363644,2020-12-30T08:02:43.644Z,buy,6.1e-07,29553.0,0.01802733
BCPT/BTC,1609315633486,2020-12-30T08:07:13.486Z,buy,6.1e-07,15739.0,0.00960079
BCPT/BTC,1609315673284,2020-12-30T08:07:53.284Z,sell,6e-07,1817.0,0.0010902
BCPT/BTC,1609315739475,2020-12-30T08:08:59.475Z,sell,6e-07,348.0,0.0002087999999999
BCPT/BTC,1609316111459,2020-12-30T08:15:11.459Z,buy,6.1e-07,15436.0,0.00941596
BCPT/BTC,1609316442439,2020-12-30T08:20:42.439Z,buy,6.2e-07,250.0,0.000155
BCPT/BTC,1609316900052,2020-12-30T08:28:20.052Z,buy,6.2e-07,200.0,0.000124
BCPT/BTC,1609317137129,2020-12-30T08:32:17.129Z,sell,6.1e-07,200.0,0.000122
BCPT/BTC,1609317239593,2020-12-30T08:33:59.593Z,buy,6.2e-07,197.0,0.00012214
BCPT/BTC,1609317239593,2020-12-30T08:33:59.593Z,buy,6.2e-07,197.0,0.00012214
BCPT/BTC,1609318395066,2020-12-30T08:53:15.066Z,buy,6.2e-07,500.0,0.00031
BCPT/BTC,1609319059866,2020-12-30T09:04:19.866Z,buy,6.2e-07,230.0,0.0001426
BCPT/BTC,1609319687574,2020-12-30T09:14:47.574Z,buy,6.2e-07,60000.0,0.0372
BCPT/BTC,1609319733388,2020-12-30T09:15:33.388Z,buy,6.2e-07,4000.0,0.00248
BCPT/BTC,1609319856227,2020-12-30T09:17:36.227Z,buy,6.2e-07,4105.0,0.0025451
BCPT/BTC,1609320264935,2020-12-30T09:24:24.935Z,buy,6.2e-07,754.0,0.00046748
BCPT/BTC,1609320310217,2020-12-30T09:25:10.217Z,sell,6.1e-07,36205.0,0.02208505
BCPT/BTC,1609320338015,2020-12-30T09:25:38.015Z,buy,6.2e-07,346.0,0.00021452
BCPT/BTC,1609320836970,2020-12-30T09:33:56.970Z,buy,6.2e-07,3735.0,0.0023157
BCPT/BTC,1609320836970,2020-12-30T09:33:56.970Z,buy,6.2e-07,3735.0,0.0023157
BCPT/BTC,1609322336702,2020-12-30T09:58:56.702Z,buy,6.2e-07,202.0,0.00012524
BCPT/BTC,1609322432741,2020-12-30T10:00:32.741Z,sell,6.1e-07,2321.0,0.00141581
BCPT/BTC,1609322621324,2020-12-30T10:03:41.324Z,buy,6.2e-07,17465.0,0.0108282999999999
BCPT/BTC,1609323689647,2020-12-30T10:21:29.647Z,sell,6.1e-07,28540.0,0.0174094
BCPT/BTC,1609323719380,2020-12-30T10:21:59.380Z,sell,6.1e-07,2701.0,0.0016476099999999
BCPT/BTC,1609323766136,2020-12-30T10:22:46.136Z,sell,6.1e-07,13399.0,0.0081733899999999
BCPT/BTC,1609323777716,2020-12-30T10:22:57.716Z,sell,6.1e-07,28963.0,0.0176674299999999
BCPT/BTC,1609323811416,2020-12-30T10:23:31.416Z,sell,6.1e-07,31022.0,0.01892342
BCPT/BTC,1609323811416,2020-12-30T10:23:31.416Z,sell,6e-07,29155.0,0.0174929999999999
BCPT/BTC,1609323811416,2020-12-30T10:23:31.416Z,sell,5.9e-07,3692.0,0.00217828
BCPT/BTC,1609323838521,2020-12-30T10:23:58.521Z,buy,6e-07,170.0,0.000102
BCPT/BTC,1609323838521,2020-12-30T10:23:58.521Z,buy,6e-07,170.0,0.000102
BCPT/BTC,1609325024620,2020-12-30T10:43:44.620Z,buy,6.1e-07,867.0,0.00052887
BCPT/BTC,1609325024620,2020-12-30T10:43:44.620Z,buy,6.2e-07,93870.0,0.0581994
BCPT/BTC,1609325038352,2020-12-30T10:43:58.352Z,buy,6.3e-07,53714.0,0.03383982
BCPT/BTC,1609325039719,2020-12-30T10:43:59.719Z,buy,6.3e-07,65874.0,0.04150062
BCPT/BTC,1609325040107,2020-12-30T10:44:00.107Z,buy,6.3e-07,96032.0,0.06050016
BCPT/BTC,1609325040144,2020-12-30T10:44:00.144Z,buy,6.3e-07,4604.0,0.00290052
BCPT/BTC,1609325040154,2020-12-30T10:44:00.154Z,buy,6.3e-07,5874.0,0.00370062
BCPT/BTC,1609325040426,2020-12-30T10:44:00.426Z,buy,6.3e-07,3175.0,0.00200025
BCPT/BTC,1609325560286,2020-12-30T10:52:40.286Z,sell,6.2e-07,737.0,0.0004569399999999
BCPT/BTC,1609325560286,2020-12-30T10:52:40.286Z,sell,6.1e-07,7172.0,0.00437492
BCPT/BTC,1609325603070,2020-12-30T10:53:23.070Z,sell,6.1e-07,29839.0,0.01820179
BCPT/BTC,1609325722365,2020-12-30T10:55:22.365Z,sell,6.1e-07,15824.0,0.00965264
BCPT/BTC,1609325829983,2020-12-30T10:57:09.983Z,buy,6.3e-07,106240.0,0.0669312
BCPT/BTC,1609325856797,2020-12-30T10:57:36.797Z,buy,6.4e-07,5146.0,0.00329344
BCPT/BTC,1609325878608,2020-12-30T10:57:58.608Z,buy,6.4e-07,16941.0,0.01084224
BCPT/BTC,1609325880142,2020-12-30T10:58:00.142Z,sell,6.4e-07,25590.0,0.0163776
BCPT/BTC,1609325880372,2020-12-30T10:58:00.372Z,sell,6.4e-07,7220.0,0.0046208
BCPT/BTC,1609325880419,2020-12-30T10:58:00.419Z,sell,6.4e-07,164.0,0.00010496
BCPT/BTC,1609325885663,2020-12-30T10:58:05.663Z,sell,6.4e-07,60196.0,0.03852544
BCPT/BTC,1609325963989,2020-12-30T10:59:23.989Z,buy,6.4e-07,39140.0,0.0250496
BCPT/BTC,1609326701842,2020-12-30T11:11:41.842Z,sell,6.3e-07,662.0,0.00041706
BCPT/BTC,1609327107496,2020-12-30T11:18:27.496Z,buy,6.4e-07,1000.0,0.00064
BCPT/BTC,1609327233987,2020-12-30T11:20:33.987Z,buy,6.4e-07,560.0,0.0003584
BCPT/BTC,1609327273872,2020-12-30T11:21:13.872Z,buy,6.4e-07,1000.0,0.00064
BCPT/BTC,1609327290191,2020-12-30T11:21:30.191Z,buy,6.4e-07,8218.0,0.00525952
BCPT/BTC,1609327290191,2020-12-30T11:21:30.191Z,buy,6.4e-07,8218.0,0.00525952
BCPT/BTC,1609327753045,2020-12-30T11:29:13.045Z,sell,6.3e-07,152602.0,0.09613926
BCPT/BTC,1609327829658,2020-12-30T11:30:29.658Z,sell,6.3e-07,46817.0,0.02949471
BCPT/BTC,1609327886281,2020-12-30T11:31:26.281Z,buy,6.3e-07,281.0,0.00017703
BCPT/BTC,1609328765185,2020-12-30T11:46:05.185Z,buy,6.3e-07,2500.0,0.001575
BCPT/BTC,1609328783842,2020-12-30T11:46:23.842Z,sell,6.2e-07,263.0,0.00016306
BCPT/BTC,1609328978052,2020-12-30T11:49:38.052Z,sell,6.2e-07,190.0,0.0001178
BCPT/BTC,1609329767860,2020-12-30T12:02:47.860Z,sell,6.2e-07,21229.0,0.01316198
BCPT/BTC,1609329817140,2020-12-30T12:03:37.140Z,buy,6.2e-07,221.0,0.0001370199999999
BCPT/BTC,1609330055266,2020-12-30T12:07:35.266Z,buy,6.2e-07,5425.0,0.0033635
BCPT/BTC,1609330265535,2020-12-30T12:11:05.535Z,buy,6.2e-07,166.0,0.00010292
BCPT/BTC,1609330265535,2020-12-30T12:11:05.535Z,buy,6.2e-07,166.0,0.00010292
BCPT/BTC,1609331738683,2020-12-30T12:35:38.683Z,buy,6.2e-07,5810.0,0.0036022
BCPT/BTC,1609331852528,2020-12-30T12:37:32.528Z,buy,6.2e-07,4746.0,0.00294252
BCPT/BTC,1609332573359,2020-12-30T12:49:33.359Z,buy,6.2e-07,32906.0,0.0204017199999999
BCPT/BTC,1609332779655,2020-12-30T12:52:59.655Z,buy,6.2e-07,204206.0,0.12660772
BCPT/BTC,1609333195102,2020-12-30T12:59:55.102Z,sell,6.1e-07,2179.0,0.00132919
BCPT/BTC,1609333785364,2020-12-30T13:09:45.364Z,buy,6.2e-07,15608.0,0.00967696
BCPT/BTC,1609333785364,2020-12-30T13:09:45.364Z,buy,6.2e-07,15608.0,0.00967696
BCPT/BTC,1609334410172,2020-12-30T13:20:10.172Z,buy,6.2e-07,100000.0,0.062
BCPT/BTC,1609334585919,2020-12-30T13:23:05.919Z,buy,6.2e-07,491.0,0.00030442
BCPT/BTC,1609334765783,2020-12-30T13:26:05.783Z,buy,6.2e-07,332.0,0.00020584
BCPT/BTC,1609335060769,2020-12-30T13:31:00.769Z,buy,6.2e-07,78994.0,0.04897628
BCPT/BTC,1609335481953,2020-12-30T13:38:01.953Z,sell,6.2e-07,170.0,0.0001054
BCPT/BTC,1609335490570,2020-12-30T13:38:10.570Z,buy,6.3e-07,167.0,0.00010521
BCPT/BTC,1609336678637,2020-12-30T13:57:58.637Z,sell,6.2e-07,20636.0,0.01279432
BCPT/BTC,1609336921522,2020-12-30T14:02:01.522Z,sell,6.2e-07,6245.0,0.0038719
BCPT/BTC,1609337135654,2020-12-30T14:05:35.654Z,sell,6.2e-07,170.0,0.0001054
BCPT/BTC,1609337140059,2020-12-30T14:05:40.059Z,sell,6.2e-07,5265.0,0.0032643
BCPT/BTC,1609337142906,2020-12-30T14:05:42.906Z,buy,6.3e-07,167.0,0.00010521
BCPT/BTC,1609337142906,2020-12-30T14:05:42.906Z,buy,6.3e-07,167.0,0.00010521
BCPT/BTC,1609337461243,2020-12-30T14:11:01.243Z,buy,6.3e-07,150000.0,0.0945
BCPT/BTC,1609337557863,2020-12-30T14:12:37.863Z,sell,6.2e-07,16434.0,0.01018908
BCPT/BTC,1609337592389,2020-12-30T14:13:12.389Z,sell,6.2e-07,744.0,0.00046128
BCPT/BTC,1609337603835,2020-12-30T14:13:23.835Z,buy,6.3e-07,75000.0,0.04725
BCPT/BTC,1609337615061,2020-12-30T14:13:35.061Z,sell,6.2e-07,276349.0,0.17133638
BCPT/BTC,1609337629392,2020-12-30T14:13:49.392Z,buy,6.2e-07,224.0,0.00013888
BCPT/BTC,1609337635088,2020-12-30T14:13:55.088Z,buy,6.2e-07,355239.0,0.22024818
BCPT/BTC,1609338243032,2020-12-30T14:24:03.032Z,sell,6.1e-07,78456.0,0.04785816
BCPT/BTC,1609338880367,2020-12-30T14:34:40.367Z,buy,6.2e-07,164.0,0.00010168
BCPT/BTC,1609338880367,2020-12-30T14:34:40.367Z,buy,6.3e-07,3994.0,0.00251622
BCPT/BTC,1609339148136,2020-12-30T14:39:08.136Z,buy,6.3e-07,180903.0,0.11396889
BCPT/BTC,1609339332774,2020-12-30T14:42:12.774Z,buy,6.3e-07,33527.0,0.02112201
BCPT/BTC,1609339563747,2020-12-30T14:46:03.747Z,sell,6.3e-07,165.0,0.00010395
BCPT/BTC,1609339572654,2020-12-30T14:46:12.654Z,buy,6.4e-07,163.0,0.00010432
BCPT/BTC,1609339572654,2020-12-30T14:46:12.654Z,buy,6.4e-07,163.0,0.00010432
BCPT/BTC,1609341343931,2020-12-30T15:15:43.931Z,sell,6.3e-07,563.0,0.00035469
BCPT/BTC,1609341343931,2020-12-30T15:15:43.931Z,sell,6.2e-07,436.0,0.00027032
BCPT/BTC,1609341454414,2020-12-30T15:17:34.414Z,sell,6.2e-07,64927.0,0.04025474
BCPT/BTC,1609341591730,2020-12-30T15:19:51.730Z,buy,6.3e-07,162.0,0.00010206
BCPT/BTC,1609341591730,2020-12-30T15:19:51.730Z,buy,6.3e-07,162.0,0.00010206
BCPT/BTC,1609344106218,2020-12-30T16:01:46.218Z,buy,6.3e-07,2174.0,0.00136962
BCPT/BTC,1609344847482,2020-12-30T16:14:07.482Z,sell,6.2e-07,300.0,0.000186
BCPT/BTC,1609344847482,2020-12-30T16:14:07.482Z,sell,6.2e-07,300.0,0.000186
BCPT/BTC,1609345222176,2020-12-30T16:20:22.176Z,sell,6.2e-07,68804.0,0.04265848
BCPT/BTC,1609345814382,2020-12-30T16:30:14.382Z,sell,6.2e-07,300.0,0.000186
BCPT/BTC,1609345823233,2020-12-30T16:30:23.233Z,buy,6.3e-07,285.0,0.00017955
BCPT/BTC,1609345823233,2020-12-30T16:30:23.233Z,buy,6.4e-07,5.0,3.2e-06
BCPT/BTC,1609345861937,2020-12-30T16:31:01.937Z,buy,6.4e-07,15200.0,0.009728
BCPT/BTC,1609345861937,2020-12-30T16:31:01.937Z,buy,6.4e-07,15200.0,0.009728
BCPT/BTC,1609350106683,2020-12-30T17:41:46.683Z,buy,6.3e-07,1399.0,0.00088137
BCPT/BTC,1609350132977,2020-12-30T17:42:12.977Z,buy,6.3e-07,285.0,0.00017955
BCPT/BTC,1609350132977,2020-12-30T17:42:12.977Z,buy,6.3e-07,285.0,0.00017955
BCPT/BTC,1609350666245,2020-12-30T17:51:06.245Z,buy,6.3e-07,700.0,0.000441
BCPT/BTC,1609350803394,2020-12-30T17:53:23.394Z,buy,6.3e-07,1500.0,0.000945
BCPT/BTC,1609351118015,2020-12-30T17:58:38.015Z,buy,6.3e-07,1029.0,0.00064827
BCPT/BTC,1609351118015,2020-12-30T17:58:38.015Z,buy,6.4e-07,1601.0,0.00102464
BCPT/BTC,1609351324810,2020-12-30T18:02:04.810Z,buy,6.4e-07,1563.0,0.00100032
BCPT/BTC,1609351324859,2020-12-30T18:02:04.859Z,buy,6.4e-07,625.0,0.0004
BCPT/BTC,1609351630366,2020-12-30T18:07:10.366Z,sell,6.3e-07,3651.0,0.00230013
BCPT/BTC,1609353027711,2020-12-30T18:30:27.711Z,sell,6.2e-07,3640.0,0.0022567999999999
BCPT/BTC,1609353503441,2020-12-30T18:38:23.441Z,sell,6.2e-07,465.0,0.0002883
BCPT/BTC,1609353503441,2020-12-30T18:38:23.441Z,sell,6.2e-07,465.0,0.0002883
BCPT/BTC,1609354921194,2020-12-30T19:02:01.194Z,sell,6.2e-07,37924.0,0.02351288
BCPT/BTC,1609354986082,2020-12-30T19:03:06.082Z,sell,6.2e-07,37924.0,0.02351288
BCPT/BTC,1609355585795,2020-12-30T19:13:05.795Z,sell,6.1e-07,10845.0,0.00661545
BCPT/BTC,1609356456667,2020-12-30T19:27:36.667Z,sell,6.1e-07,537.0,0.00032757
BCPT/BTC,1609356713566,2020-12-30T19:31:53.566Z,sell,6.1e-07,2000.0,0.00122
BCPT/BTC,1609356713566,2020-12-30T19:31:53.566Z,sell,6.1e-07,2000.0,0.00122
BCPT/BTC,1609357217139,2020-12-30T19:40:17.139Z,sell,6.1e-07,928.0,0.00056608
BCPT/BTC,1609357259707,2020-12-30T19:40:59.707Z,sell,6.1e-07,1041.0,0.00063501
BCPT/BTC,1609357278693,2020-12-30T19:41:18.693Z,sell,6.1e-07,3982.0,0.00242902
BCPT/BTC,1609357889314,2020-12-30T19:51:29.314Z,sell,6.1e-07,19353.0,0.01180533
BCPT/BTC,1609357889314,2020-12-30T19:51:29.314Z,sell,6e-07,90647.0,0.0543882
BCPT/BTC,1609357889314,2020-12-30T19:51:29.314Z,sell,6e-07,19075.0,0.011445
BCPT/BTC,1609357889369,2020-12-30T19:51:29.369Z,buy,6e-07,266.0,0.0001596
BCPT/BTC,1609359093346,2020-12-30T20:11:33.346Z,sell,6e-07,200.0,0.0001199999999999
BCPT/BTC,1609359608390,2020-12-30T20:20:08.390Z,sell,6e-07,4766.0,0.0028596
BCPT/BTC,1609360120489,2020-12-30T20:28:40.489Z,buy,6.1e-07,9171.0,0.00559431
BCPT/BTC,1609360156109,2020-12-30T20:29:16.109Z,buy,6.1e-07,696.0,0.00042456
BCPT/BTC,1609360156109,2020-12-30T20:29:16.109Z,buy,6.1e-07,696.0,0.00042456
BCPT/BTC,1609361841047,2020-12-30T20:57:21.047Z,sell,6e-07,10000.0,0.006
BCPT/BTC,1609362520368,2020-12-30T21:08:40.368Z,buy,6.1e-07,4347.0,0.00265167
BCPT/BTC,1609363119287,2020-12-30T21:18:39.287Z,sell,6e-07,2357.0,0.0014142
BCPT/BTC,1609363121094,2020-12-30T21:18:41.094Z,sell,6e-07,3717.0,0.0022302
BCPT/BTC,1609363121094,2020-12-30T21:18:41.094Z,sell,6e-07,3717.0,0.0022302
BCPT/BTC,1609364227834,2020-12-30T21:37:07.834Z,buy,6.1e-07,232.0,0.00014152
BCPT/BTC,1609365643443,2020-12-30T22:00:43.443Z,buy,6.1e-07,90730.0,0.0553453
BCPT/BTC,1609365740689,2020-12-30T22:02:20.689Z,buy,6.1e-07,4918.0,0.0029999799999999
BCPT/BTC,1609365842715,2020-12-30T22:04:02.715Z,buy,6.1e-07,2159.0,0.0013169899999999
BCPT/BTC,1609366269219,2020-12-30T22:11:09.219Z,buy,6.1e-07,2194.0,0.00133834
BCPT/BTC,1609366645497,2020-12-30T22:17:25.497Z,buy,6.1e-07,170.0,0.0001037
BCPT/BTC,1609366645497,2020-12-30T22:17:25.497Z,buy,6.1e-07,170.0,0.0001037
BCPT/BTC,1609367140379,2020-12-30T22:25:40.379Z,buy,6.1e-07,691.0,0.00042151
BCPT/BTC,1609367404943,2020-12-30T22:30:04.943Z,buy,6.1e-07,253.0,0.00015433
BCPT/BTC,1609367404943,2020-12-30T22:30:04.943Z,buy,6.1e-07,253.0,0.00015433
BCPT/BTC,1609370338894,2020-12-30T23:18:58.894Z,buy,6.1e-07,23362.0,0.0142508199999999
BCPT/BTC,1609370657091,2020-12-30T23:24:17.091Z,sell,6e-07,7868.0,0.0047208
BCPT/BTC,1609370657091,2020-12-30T23:24:17.091Z,sell,5.9e-07,58858.0,0.0347262199999999
BCPT/BTC,1609370657091,2020-12-30T23:24:17.091Z,sell,6e-07,7868.0,0.0047208
BCPT/BTC,1609370657091,2020-12-30T23:24:17.091Z,sell,5.9e-07,58858.0,0.0347262199999999
BCPT/BTC,1609371035286,2020-12-30T23:30:35.286Z,sell,5.9e-07,1810.0,0.0010678999999999
BCPT/BTC,1609371259622,2020-12-30T23:34:19.622Z,buy,5.9e-07,1730.0,0.0010207
BCPT/BTC,1609371314360,2020-12-30T23:35:14.360Z,buy,5.9e-07,200.0,0.000118
BCPT/BTC,1609371751088,2020-12-30T23:42:31.088Z,buy,5.9e-07,11269.0,0.0066487099999999
BCPT/BTC,1609371804611,2020-12-30T23:43:24.611Z,buy,6e-07,3228.0,0.0019367999999999
BCPT/BTC,1609371855529,2020-12-30T23:44:15.529Z,sell,5.9e-07,1667.0,0.00098353
BCPT/BTC,1609372507958,2020-12-30T23:55:07.958Z,sell,5.9e-07,23338.0,0.01376942
BCPT/BTC,1609374231926,2020-12-31T00:23:51.926Z,sell,5.8e-07,15832.0,0.00918256
BCPT/BTC,1609374231926,2020-12-31T00:23:51.926Z,sell,5.7e-07,77006.0,0.04389342
BCPT/BTC,1609374236641,2020-12-31T00:23:56.641Z,buy,5.9e-07,1724.0,0.00101716
BCPT/BTC,1609374236641,2020-12-31T00:23:56.641Z,buy,5.9e-07,1724.0,0.00101716
BCPT/BTC,1609374526061,2020-12-31T00:28:46.061Z,buy,5.8e-07,2065.0,0.0011977
BCPT/BTC,1609374656573,2020-12-31T00:30:56.573Z,buy,5.8e-07,358.0,0.0002076399999999
BCPT/BTC,1609375730318,2020-12-31T00:48:50.318Z,sell,5.7e-07,35638.0,0.02031366
BCPT/BTC,1609375751442,2020-12-31T00:49:11.442Z,buy,5.7e-07,7935.0,0.00452295
BCPT/BTC,1609375780177,2020-12-31T00:49:40.177Z,buy,5.7e-07,11204.0,0.00638628
BCPT/BTC,1609375807927,2020-12-31T00:50:07.927Z,buy,5.7e-07,176.0,0.00010032
BCPT/BTC,1609375981402,2020-12-31T00:53:01.402Z,buy,5.7e-07,232.0,0.00013224
BCPT/BTC,1609376334291,2020-12-31T00:58:54.291Z,buy,5.7e-07,176.0,0.00010032
BCPT/BTC,1609376431421,2020-12-31T01:00:31.421Z,buy,5.7e-07,47521.0,0.02708697
BCPT/BTC,1609376610436,2020-12-31T01:03:30.436Z,buy,5.8e-07,1667.0,0.0009668599999999
BCPT/BTC,1609376654969,2020-12-31T01:04:14.969Z,sell,5.6e-07,1725.0,0.000966
BCPT/BTC,1609376700839,2020-12-31T01:05:00.839Z,sell,5.6e-07,842.0,0.00047152
BCPT/BTC,1609377226981,2020-12-31T01:13:46.981Z,buy,5.7e-07,179.0,0.00010203
BCPT/BTC,1609377698075,2020-12-31T01:21:38.075Z,sell,5.7e-07,43458.0,0.02477106
BCPT/BTC,1609377698075,2020-12-31T01:21:38.075Z,sell,5.7e-07,43458.0,0.02477106
BCPT/BTC,1609379034273,2020-12-31T01:43:54.273Z,buy,5.8e-07,11556.0,0.0067024799999999
BCPT/BTC,1609379249720,2020-12-31T01:47:29.720Z,buy,5.8e-07,6912.0,0.00400896
BCPT/BTC,1609379347322,2020-12-31T01:49:07.322Z,buy,5.9e-07,9979.0,0.00588761
BCPT/BTC,1609379347322,2020-12-31T01:49:07.322Z,buy,5.9e-07,9979.0,0.00588761
BCPT/BTC,1609381859103,2020-12-31T02:30:59.103Z,sell,5.8e-07,15793.0,0.00915994
BCPT/BTC,1609381905410,2020-12-31T02:31:45.410Z,sell,5.8e-07,15792.0,0.00915936
BCPT/BTC,1609381905410,2020-12-31T02:31:45.410Z,sell,5.8e-07,15792.0,0.00915936
BCPT/BTC,1609384633945,2020-12-31T03:17:13.945Z,sell,5.8e-07,1600.0,0.0009279999999999
BCPT/BTC,1609384634332,2020-12-31T03:17:14.332Z,sell,5.8e-07,5448.0,0.0031598399999999
BCPT/BTC,1609384634332,2020-12-31T03:17:14.332Z,sell,5.8e-07,5448.0,0.0031598399999999
BCPT/BTC,1609385534334,2020-12-31T03:32:14.334Z,sell,5.8e-07,348.0,0.0002018399999999
BCPT/BTC,1609386418834,2020-12-31T03:46:58.834Z,buy,5.9e-07,170.0,0.0001003
BCPT/BTC,1609387222287,2020-12-31T04:00:22.287Z,buy,5.9e-07,16949.0,0.0099999099999999
BCPT/BTC,1609387300688,2020-12-31T04:01:40.688Z,buy,5.9e-07,781.0,0.00046079
BCPT/BTC,1609387968361,2020-12-31T04:12:48.361Z,buy,5.9e-07,188.0,0.0001109199999999
BCPT/BTC,1609387968361,2020-12-31T04:12:48.361Z,buy,5.9e-07,188.0,0.0001109199999999
BCPT/BTC,1609389590679,2020-12-31T04:39:50.679Z,sell,5.8e-07,2063.0,0.0011965399999999
BCPT/BTC,1609390371270,2020-12-31T04:52:51.270Z,buy,5.9e-07,41429.0,0.0244431099999999
BCPT/BTC,1609391448227,2020-12-31T05:10:48.227Z,sell,5.8e-07,194526.0,0.11282508
BCPT/BTC,1609391536259,2020-12-31T05:12:16.259Z,sell,5.8e-07,25068.0,0.0145394399999999
BCPT/BTC,1609391536259,2020-12-31T05:12:16.259Z,sell,5.8e-07,25068.0,0.0145394399999999
BCPT/BTC,1609392739128,2020-12-31T05:32:19.128Z,buy,5.9e-07,833.0,0.0004914699999999
BCPT/BTC,1609393007983,2020-12-31T05:36:47.983Z,buy,5.9e-07,10000.0,0.0059
BCPT/BTC,1609393164229,2020-12-31T05:39:24.229Z,buy,5.9e-07,5452.0,0.00321668
BCPT/BTC,1609394811353,2020-12-31T06:06:51.353Z,buy,5.9e-07,172.0,0.00010148
BCPT/BTC,1609394811353,2020-12-31T06:06:51.353Z,buy,5.9e-07,172.0,0.00010148
BCPT/BTC,1609396205364,2020-12-31T06:30:05.364Z,buy,5.9e-07,16475.0,0.00972025
BCPT/BTC,1609398120631,2020-12-31T07:02:00.631Z,buy,5.9e-07,200.0,0.000118
BCPT/BTC,1609398120631,2020-12-31T07:02:00.631Z,buy,5.9e-07,200.0,0.000118
BCPT/BTC,1609398641567,2020-12-31T07:10:41.567Z,buy,5.9e-07,16992.0,0.01002528
BCPT/BTC,1609398689535,2020-12-31T07:11:29.535Z,sell,5.9e-07,99900.0,0.0589409999999999
BCPT/BTC,1609400036708,2020-12-31T07:33:56.708Z,sell,5.9e-07,287.0,0.0001693299999999
BCPT/BTC,1609400223409,2020-12-31T07:37:03.409Z,buy,6e-07,74755.0,0.044853
BCPT/BTC,1609401154811,2020-12-31T07:52:34.811Z,buy,6e-07,222.0,0.0001331999999999
BCPT/BTC,1609401390407,2020-12-31T07:56:30.407Z,buy,6e-07,21029.0,0.0126173999999999
BCPT/BTC,1609401390407,2020-12-31T07:56:30.407Z,buy,6e-07,21029.0,0.0126173999999999
BCPT/BTC,1609401917939,2020-12-31T08:05:17.939Z,sell,6e-07,4222.0,0.0025331999999999
BCPT/BTC,1609403057349,2020-12-31T08:24:17.349Z,buy,6.1e-07,3114.0,0.00189954
BCPT/BTC,1609404155954,2020-12-31T08:42:35.954Z,sell,6e-07,730.0,0.0004379999999999
BCPT/BTC,1609404205002,2020-12-31T08:43:25.002Z,buy,6.1e-07,1883.0,0.0011486299999999
BCPT/BTC,1609404557194,2020-12-31T08:49:17.194Z,buy,6.1e-07,6381.0,0.00389241
BCPT/BTC,1609404879381,2020-12-31T08:54:39.381Z,sell,6e-07,1125.0,0.0006749999999999
BCPT/BTC,1609404879381,2020-12-31T08:54:39.381Z,sell,6e-07,1125.0,0.0006749999999999
BCPT/BTC,1609407287435,2020-12-31T09:34:47.435Z,sell,6e-07,252.0,0.0001512
BCPT/BTC,1609407287435,2020-12-31T09:34:47.435Z,sell,6e-07,252.0,0.0001512
BCPT/BTC,1609409391151,2020-12-31T10:09:51.151Z,sell,6e-07,13182.0,0.0079092
BCPT/BTC,1609410412163,2020-12-31T10:26:52.163Z,buy,6.1e-07,6927.0,0.00422547
BCPT/BTC,1609410412163,2020-12-31T10:26:52.163Z,buy,6.1e-07,6927.0,0.00422547
BCPT/BTC,1609410937913,2020-12-31T10:35:37.913Z,buy,6.1e-07,1060.0,0.0006466
BCPT/BTC,1609410990931,2020-12-31T10:36:30.931Z,sell,6.1e-07,38556.0,0.02351916
BCPT/BTC,1609411260404,2020-12-31T10:41:00.404Z,sell,6.1e-07,109351.0,0.06670411
BCPT/BTC,1609411281951,2020-12-31T10:41:21.951Z,sell,6e-07,11891.0,0.0071346
BCPT/BTC,1609412064608,2020-12-31T10:54:24.608Z,buy,6.1e-07,120827.0,0.07370447
BCPT/BTC,1609412239434,2020-12-31T10:57:19.434Z,sell,6.1e-07,1498.0,0.00091378
BCPT/BTC,1609412472863,2020-12-31T11:01:12.863Z,sell,6.1e-07,1500.0,0.000915
BCPT/BTC,1609412524142,2020-12-31T11:02:04.142Z,buy,6.2e-07,67763.0,0.04201306
BCPT/BTC,1609412724297,2020-12-31T11:05:24.297Z,buy,6.2e-07,12495.0,0.0077469
BCPT/BTC,1609413477039,2020-12-31T11:17:57.039Z,buy,6.2e-07,1126.0,0.00069812
BCPT/BTC,1609413477039,2020-12-31T11:17:57.039Z,buy,6.2e-07,1126.0,0.00069812
BCPT/BTC,1609414123686,2020-12-31T11:28:43.686Z,sell,6.1e-07,1124.0,0.00068564
BCPT/BTC,1609414321371,2020-12-31T11:32:01.371Z,sell,6.1e-07,651.0,0.00039711
BCPT/BTC,1609415291478,2020-12-31T11:48:11.478Z,sell,6.1e-07,2678.0,0.00163358
BCPT/BTC,1609415443708,2020-12-31T11:50:43.708Z,buy,6.2e-07,41153.0,0.02551486
BCPT/BTC,1609416829076,2020-12-31T12:13:49.076Z,sell,6.1e-07,160000.0,0.0975999999999999
BCPT/BTC,1609416839143,2020-12-31T12:13:59.143Z,sell,6.1e-07,182.0,0.0001110199999999
BCPT/BTC,1609416839143,2020-12-31T12:13:59.143Z,sell,6.1e-07,182.0,0.0001110199999999
BCPT/BTC,1609417109981,2020-12-31T12:18:29.981Z,buy,6.1e-07,3464.0,0.00211304
BCPT/BTC,1609417183276,2020-12-31T12:19:43.276Z,buy,6.1e-07,1640.0,0.0010004
BCPT/BTC,1609417183676,2020-12-31T12:19:43.676Z,buy,6.1e-07,166.0,0.00010126
BCPT/BTC,1609417184235,2020-12-31T12:19:44.235Z,buy,6.1e-07,312.0,0.00019032
BCPT/BTC,1609417481283,2020-12-31T12:24:41.283Z,sell,6e-07,3375.0,0.002025
BCPT/BTC,1609417726690,2020-12-31T12:28:46.690Z,sell,6e-07,1652.0,0.0009912
BCPT/BTC,1609417913504,2020-12-31T12:31:53.504Z,sell,6e-07,4252.0,0.0025512
BCPT/BTC,1609418164218,2020-12-31T12:36:04.218Z,buy,6e-07,1260.0,0.0007559999999999
BCPT/BTC,1609418493557,2020-12-31T12:41:33.557Z,sell,5.9e-07,829.0,0.00048911
BCPT/BTC,1609419369699,2020-12-31T12:56:09.699Z,sell,5.9e-07,4064.0,0.0023977599999999
BCPT/BTC,1609419626265,2020-12-31T13:00:26.265Z,sell,5.9e-07,16875.0,0.00995625
BCPT/BTC,1609420230958,2020-12-31T13:10:30.958Z,buy,6e-07,2406.0,0.0014436
BCPT/BTC,1609420241265,2020-12-31T13:10:41.265Z,buy,6e-07,10296.0,0.0061776
BCPT/BTC,1609420241265,2020-12-31T13:10:41.265Z,buy,6e-07,10296.0,0.0061776
BCPT/BTC,1609420660913,2020-12-31T13:17:40.913Z,sell,5.9e-07,353.0,0.0002082699999999
BCPT/BTC,1609421112699,2020-12-31T13:25:12.699Z,sell,5.9e-07,18318.0,0.0108076199999999
BCPT/BTC,1609421455628,2020-12-31T13:30:55.628Z,buy,6e-07,5143.0,0.0030857999999999
BCPT/BTC,1609421492878,2020-12-31T13:31:32.878Z,buy,6e-07,18228.0,0.0109368
BCPT/BTC,1609421509225,2020-12-31T13:31:49.225Z,buy,6.1e-07,202600.0,0.123586
BCPT/BTC,1609421542223,2020-12-31T13:32:22.223Z,buy,6.1e-07,117727.0,0.07181347
BCPT/BTC,1609421696146,2020-12-31T13:34:56.146Z,buy,6.2e-07,6306.0,0.00390972
BCPT/BTC,1609421696918,2020-12-31T13:34:56.918Z,buy,6.2e-07,807.0,0.0005003399999999
BCPT/BTC,1609421696920,2020-12-31T13:34:56.920Z,buy,6.2e-07,5968.0,0.00370016
BCPT/BTC,1609421696934,2020-12-31T13:34:56.934Z,buy,6.2e-07,82098.0,0.0509007599999999
BCPT/BTC,1609421726448,2020-12-31T13:35:26.448Z,sell,6.2e-07,38678.0,0.02398036
BCPT/BTC,1609421728713,2020-12-31T13:35:28.713Z,buy,6.3e-07,43047.0,0.02711961
BCPT/BTC,1609421745088,2020-12-31T13:35:45.088Z,buy,6.3e-07,3175.0,0.00200025
BCPT/BTC,1609421746346,2020-12-31T13:35:46.346Z,buy,6.3e-07,4604.0,0.00290052
BCPT/BTC,1609422495465,2020-12-31T13:48:15.465Z,buy,6.3e-07,159.0,0.00010017
BCPT/BTC,1609422528820,2020-12-31T13:48:48.820Z,buy,6.3e-07,74054.0,0.04665402
BCPT/BTC,1609422547937,2020-12-31T13:49:07.937Z,sell,6.3e-07,162.0,0.00010206
BCPT/BTC,1609422609983,2020-12-31T13:50:09.983Z,sell,6.3e-07,5137.0,0.00323631
BCPT/BTC,1609423088272,2020-12-31T13:58:08.272Z,buy,6.4e-07,2268.0,0.00145152
BCPT/BTC,1609423157995,2020-12-31T13:59:17.995Z,buy,6.4e-07,4075.0,0.002608
BCPT/BTC,1609423158276,2020-12-31T13:59:18.276Z,buy,6.4e-07,4252.0,0.00272128
BCPT/BTC,1609423158336,2020-12-31T13:59:18.336Z,buy,6.4e-07,1396.0,0.00089344
BCPT/BTC,1609423158336,2020-12-31T13:59:18.336Z,buy,6.5e-07,13755.0,0.00894075
BCPT/BTC,1609423160776,2020-12-31T13:59:20.776Z,buy,6.5e-07,39634.0,0.0257621
BCPT/BTC,1609423160920,2020-12-31T13:59:20.920Z,buy,6.5e-07,14705.0,0.00955825
BCPT/BTC,1609423160930,2020-12-31T13:59:20.930Z,buy,6.5e-07,1588.0,0.0010322
BCPT/BTC,1609423162071,2020-12-31T13:59:22.071Z,buy,6.5e-07,2210.0,0.0014365
BCPT/BTC,1609423162388,2020-12-31T13:59:22.388Z,buy,6.5e-07,6960.0,0.004524
BCPT/BTC,1609423163072,2020-12-31T13:59:23.072Z,buy,6.5e-07,9268.0,0.0060242
BCPT/BTC,1609423164505,2020-12-31T13:59:24.505Z,buy,6.5e-07,9969.0,0.00647985
BCPT/BTC,1609423180171,2020-12-31T13:59:40.171Z,buy,6.5e-07,4018.0,0.0026117
BCPT/BTC,1609423200226,2020-12-31T14:00:00.226Z,sell,6.4e-07,157.0,0.00010048
BCPT/BTC,1609423211178,2020-12-31T14:00:11.178Z,sell,6.3e-07,3182.0,0.00200466
BCPT/BTC,1609423211178,2020-12-31T14:00:11.178Z,sell,6.3e-07,14690.0,0.0092547
BCPT/BTC,1609423211178,2020-12-31T14:00:11.178Z,sell,6.3e-07,2210.0,0.0013923
BCPT/BTC,1609423211757,2020-12-31T14:00:11.757Z,sell,6.3e-07,166.0,0.00010458
BCPT/BTC,1609423215265,2020-12-31T14:00:15.265Z,buy,6.4e-07,4629.0,0.00296256
BCPT/BTC,1609423232798,2020-12-31T14:00:32.798Z,buy,6.4e-07,1537.0,0.00098368
BCPT/BTC,1609423296203,2020-12-31T14:01:36.203Z,sell,6.3e-07,260.0,0.0001638
BCPT/BTC,1609423316862,2020-12-31T14:01:56.862Z,buy,6.4e-07,234.0,0.00014976
BCPT/BTC,1609423318215,2020-12-31T14:01:58.215Z,buy,6.5e-07,2095.0,0.00136175
BCPT/BTC,1609423328582,2020-12-31T14:02:08.582Z,sell,6.4e-07,161.0,0.00010304
BCPT/BTC,1609423329028,2020-12-31T14:02:09.028Z,buy,6.5e-07,640.0,0.000416
BCPT/BTC,1609423329178,2020-12-31T14:02:09.178Z,buy,6.5e-07,36371.0,0.02364115
BCPT/BTC,1609423356137,2020-12-31T14:02:36.137Z,buy,6.5e-07,588.0,0.0003822
BCPT/BTC,1609423363666,2020-12-31T14:02:43.666Z,buy,6.5e-07,30769.0,0.01999985
BCPT/BTC,1609423381559,2020-12-31T14:03:01.559Z,buy,6.5e-07,858.0,0.0005577
BCPT/BTC,1609423384251,2020-12-31T14:03:04.251Z,buy,6.5e-07,16909.0,0.01099085
BCPT/BTC,1609423419912,2020-12-31T14:03:39.912Z,buy,6.6e-07,1000.0,0.00066
BCPT/BTC,1609423429936,2020-12-31T14:03:49.936Z,buy,6.6e-07,1329.0,0.00087714
BCPT/BTC,1609423453325,2020-12-31T14:04:13.325Z,sell,6.6e-07,3471.0,0.00229086
BCPT/BTC,1609423456204,2020-12-31T14:04:16.204Z,sell,6.6e-07,250.0,0.000165
BCPT/BTC,1609423461047,2020-12-31T14:04:21.047Z,buy,6.7e-07,3068.0,0.00205556
BCPT/BTC,1609423461047,2020-12-31T14:04:21.047Z,buy,6.7e-07,1338.0,0.00089646
BCPT/BTC,1609423462302,2020-12-31T14:04:22.302Z,sell,6.6e-07,2856.0,0.00188496
BCPT/BTC,1609423462302,2020-12-31T14:04:22.302Z,sell,6.5e-07,2755.0,0.00179075
BCPT/BTC,1609423462332,2020-12-31T14:04:22.332Z,sell,6.5e-07,3033.0,0.00197145
BCPT/BTC,1609423462356,2020-12-31T14:04:22.356Z,sell,6.5e-07,4206.0,0.0027339
BCPT/BTC,1609423462356,2020-12-31T14:04:22.356Z,sell,6.4e-07,189.0,0.00012096
BCPT/BTC,1609423462786,2020-12-31T14:04:22.786Z,sell,6.4e-07,62880.0,0.0402432
BCPT/BTC,1609423462809,2020-12-31T14:04:22.809Z,sell,6.4e-07,759.0,0.00048576
BCPT/BTC,1609423462811,2020-12-31T14:04:22.811Z,sell,6.4e-07,30269.0,0.01937216
BCPT/BTC,1609423462811,2020-12-31T14:04:22.811Z,sell,6.3e-07,61467.0,0.03872421
BCPT/BTC,1609423463334,2020-12-31T14:04:23.334Z,sell,6.5e-07,700.0,0.000455
BCPT/BTC,1609423463334,2020-12-31T14:04:23.334Z,sell,6.4e-07,1266.0,0.00081024
BCPT/BTC,1609423463362,2020-12-31T14:04:23.362Z,sell,6.4e-07,3777.0,0.00241728
BCPT/BTC,1609423463712,2020-12-31T14:04:23.712Z,buy,6.6e-07,3000.0,0.00198
BCPT/BTC,1609423470297,2020-12-31T14:04:30.297Z,sell,6.3e-07,24662.0,0.01553706
BCPT/BTC,1609423472791,2020-12-31T14:04:32.791Z,buy,6.4e-07,500.0,0.00032
BCPT/BTC,1609423473401,2020-12-31T14:04:33.401Z,sell,6.3e-07,2268.0,0.00142884
BCPT/BTC,1609423474005,2020-12-31T14:04:34.005Z,buy,6.4e-07,652.0,0.00041728
BCPT/BTC,1609423493827,2020-12-31T14:04:53.827Z,buy,6.4e-07,152.0,9.728e-05
BCPT/BTC,1609423494242,2020-12-31T14:04:54.242Z,buy,6.4e-07,34.0,2.176e-05
BCPT/BTC,1609423503184,2020-12-31T14:05:03.184Z,sell,6.4e-07,23203.0,0.01484992
BCPT/BTC,1609423517353,2020-12-31T14:05:17.353Z,buy,6.5e-07,625.0,0.00040625
BCPT/BTC,1609423519616,2020-12-31T14:05:19.616Z,buy,6.5e-07,234.0,0.0001521
BCPT/BTC,1609423522765,2020-12-31T14:05:22.765Z,buy,6.6e-07,5609.0,0.00370194
BCPT/BTC,1609423522765,2020-12-31T14:05:22.765Z,buy,6.7e-07,44744.0,0.02997848
BCPT/BTC,1609423525620,2020-12-31T14:05:25.620Z,sell,6.7e-07,152.0,0.00010184
BCPT/BTC,1609423531135,2020-12-31T14:05:31.135Z,sell,6.7e-07,4239.0,0.00284013
BCPT/BTC,1609423531416,2020-12-31T14:05:31.416Z,buy,6.7e-07,1986.0,0.00133062
BCPT/BTC,1609423549329,2020-12-31T14:05:49.329Z,buy,6.6e-07,500.0,0.00033
BCPT/BTC,1609423549329,2020-12-31T14:05:49.329Z,sell,6.7e-07,444.0,0.00029748
BCPT/BTC,1609423549329,2020-12-31T14:05:49.329Z,sell,6.5e-07,39150.0,0.0254475
BCPT/BTC,1609423563514,2020-12-31T14:06:03.514Z,sell,6.6e-07,500.0,0.00033
BCPT/BTC,1609423569299,2020-12-31T14:06:09.299Z,sell,6.6e-07,25851.0,0.01706166
BCPT/BTC,1609423572032,2020-12-31T14:06:12.032Z,sell,6.5e-07,11870.0,0.0077155
BCPT/BTC,1609423582418,2020-12-31T14:06:22.418Z,sell,6.6e-07,1093.0,0.00072138
BCPT/BTC,1609423596028,2020-12-31T14:06:36.028Z,buy,6.6e-07,156.0,0.00010296
BCPT/BTC,1609423598644,2020-12-31T14:06:38.644Z,buy,6.7e-07,164.0,0.00010988
BCPT/BTC,1609423601066,2020-12-31T14:06:41.066Z,sell,6.6e-07,47858.0,0.03158628
BCPT/BTC,1609423607812,2020-12-31T14:06:47.812Z,buy,6.7e-07,690.0,0.0004623
BCPT/BTC,1609423626860,2020-12-31T14:07:06.860Z,buy,6.8e-07,159846.0,0.1086952799999999
BCPT/BTC,1609423629324,2020-12-31T14:07:09.324Z,buy,6.9e-07,1696.0,0.00117024
BCPT/BTC,1609423633271,2020-12-31T14:07:13.271Z,sell,6.8e-07,23201.0,0.0157766799999999
BCPT/BTC,1609423634541,2020-12-31T14:07:14.541Z,buy,6.8e-07,759.0,0.00051612
BCPT/BTC,1609423638432,2020-12-31T14:07:18.432Z,buy,6.8e-07,272.0,0.00018496
BCPT/BTC,1609423641244,2020-12-31T14:07:21.244Z,buy,6.8e-07,4972.0,0.0033809599999999
BCPT/BTC,1609423644813,2020-12-31T14:07:24.813Z,buy,6.8e-07,1029.0,0.0006997199999999
BCPT/BTC,1609423647101,2020-12-31T14:07:27.101Z,buy,6.8e-07,148.0,0.00010064
BCPT/BTC,1609423649467,2020-12-31T14:07:29.467Z,buy,6.8e-07,1730.0,0.0011764
BCPT/BTC,1609423651220,2020-12-31T14:07:31.220Z,buy,6.8e-07,1586.0,0.00107848
BCPT/BTC,1609423658674,2020-12-31T14:07:38.674Z,sell,6.7e-07,370.0,0.0002479
BCPT/BTC,1609423659110,2020-12-31T14:07:39.110Z,buy,6.8e-07,148.0,0.00010064
BCPT/BTC,1609423661545,2020-12-31T14:07:41.545Z,sell,6.7e-07,946.0,0.00063382
BCPT/BTC,1609423696853,2020-12-31T14:08:16.853Z,sell,6.7e-07,22300.0,0.014941
BCPT/BTC,1609423699316,2020-12-31T14:08:19.316Z,buy,6.8e-07,1556.0,0.0010580799999999
BCPT/BTC,1609423715507,2020-12-31T14:08:35.507Z,sell,6.7e-07,7979.0,0.00534593
BCPT/BTC,1609423725701,2020-12-31T14:08:45.701Z,sell,6.7e-07,7768.0,0.00520456
BCPT/BTC,1609423746494,2020-12-31T14:09:06.494Z,buy,6.8e-07,390.0,0.0002652
BCPT/BTC,1609423758535,2020-12-31T14:09:18.535Z,buy,6.8e-07,529.0,0.0003597199999999
BCPT/BTC,1609423774251,2020-12-31T14:09:34.251Z,buy,6.8e-07,530.0,0.0003604
BCPT/BTC,1609423774293,2020-12-31T14:09:34.293Z,buy,6.8e-07,3915.0,0.0026622
BCPT/BTC,1609423781856,2020-12-31T14:09:41.856Z,buy,6.8e-07,8081.0,0.0054950799999999
BCPT/BTC,1609423803836,2020-12-31T14:10:03.836Z,buy,6.8e-07,1031.0,0.00070108
BCPT/BTC,1609423808456,2020-12-31T14:10:08.456Z,sell,6.7e-07,6955.0,0.00465985
BCPT/BTC,1609423809274,2020-12-31T14:10:09.274Z,buy,6.8e-07,781.0,0.00053108
BCPT/BTC,1609423815629,2020-12-31T14:10:15.629Z,buy,6.8e-07,2139.0,0.00145452
BCPT/BTC,1609423829611,2020-12-31T14:10:29.611Z,buy,6.8e-07,3032.0,0.0020617599999999
BCPT/BTC,1609423838018,2020-12-31T14:10:38.018Z,buy,6.8e-07,4203.0,0.0028580399999999
BCPT/BTC,1609423838018,2020-12-31T14:10:38.018Z,buy,6.8e-07,4203.0,0.0028580399999999
BCPT/BTC,1609423857994,2020-12-31T14:10:57.994Z,buy,6.8e-07,147.0,9.996e-05
BCPT/BTC,1609423860862,2020-12-31T14:11:00.862Z,buy,6.8e-07,21399.0,0.01455132
BCPT/BTC,1609423862020,2020-12-31T14:11:02.020Z,buy,6.8e-07,931.0,0.00063308
BCPT/BTC,1609423862805,2020-12-31T14:11:02.805Z,buy,6.8e-07,1031.0,0.00070108
BCPT/BTC,1609423879060,2020-12-31T14:11:19.060Z,buy,6.8e-07,228.0,0.0001550399999999
BCPT/BTC,1609423886283,2020-12-31T14:11:26.283Z,buy,6.8e-07,783.0,0.0005324399999999
BCPT/BTC,1609423919385,2020-12-31T14:11:59.385Z,buy,6.8e-07,9575.0,0.0065109999999999
BCPT/BTC,1609423924147,2020-12-31T14:12:04.147Z,buy,6.8e-07,19852.0,0.0134993599999999
BCPT/BTC,1609423924420,2020-12-31T14:12:04.420Z,sell,6.8e-07,157.0,0.0001067599999999
BCPT/BTC,1609423939663,2020-12-31T14:12:19.663Z,buy,6.9e-07,1426.0,0.00098394
BCPT/BTC,1609423941188,2020-12-31T14:12:21.188Z,buy,6.9e-07,27945.0,0.01928205
BCPT/BTC,1609423953304,2020-12-31T14:12:33.304Z,buy,6.9e-07,1000.0,0.00069
BCPT/BTC,1609423959262,2020-12-31T14:12:39.262Z,sell,6.8e-07,19557.0,0.01329876
BCPT/BTC,1609423959262,2020-12-31T14:12:39.262Z,sell,6.7e-07,19060.0,0.0127702
BCPT/BTC,1609423960291,2020-12-31T14:12:40.291Z,buy,6.7e-07,152.0,0.00010184
BCPT/BTC,1609423960803,2020-12-31T14:12:40.803Z,buy,6.9e-07,13140.0,0.0090666
BCPT/BTC,1609423976740,2020-12-31T14:12:56.740Z,buy,6.8e-07,700.0,0.0004759999999999
BCPT/BTC,1609423982302,2020-12-31T14:13:02.302Z,buy,6.9e-07,3129.0,0.00215901
BCPT/BTC,1609423985132,2020-12-31T14:13:05.132Z,sell,6.8e-07,9620.0,0.0065416
BCPT/BTC,1609423988082,2020-12-31T14:13:08.082Z,buy,6.8e-07,647.0,0.00043996
BCPT/BTC,1609423988082,2020-12-31T14:13:08.082Z,buy,6.9e-07,4048.0,0.0027931199999999
BCPT/BTC,1609423990700,2020-12-31T14:13:10.700Z,sell,6.8e-07,152.0,0.0001033599999999
BCPT/BTC,1609423998446,2020-12-31T14:13:18.446Z,buy,6.9e-07,2450.0,0.0016905
BCPT/BTC,1609424001609,2020-12-31T14:13:21.609Z,sell,6.8e-07,78049.0,0.0530733199999999
BCPT/BTC,1609424002631,2020-12-31T14:13:22.631Z,buy,6.9e-07,3748.0,0.00258612
BCPT/BTC,1609424003702,2020-12-31T14:13:23.702Z,sell,6.8e-07,1728.0,0.0011750399999999
BCPT/BTC,1609424008755,2020-12-31T14:13:28.755Z,sell,6.8e-07,2505.0,0.0017033999999999
BCPT/BTC,1609424008784,2020-12-31T14:13:28.784Z,sell,6.8e-07,73038.0,0.0496658399999999
BCPT/BTC,1609424018978,2020-12-31T14:13:38.978Z,sell,6.7e-07,51578.0,0.03455726
BCPT/BTC,1609424034330,2020-12-31T14:13:54.330Z,buy,6.8e-07,481.0,0.00032708
BCPT/BTC,1609424040778,2020-12-31T14:14:00.778Z,sell,6.7e-07,13662.0,0.00915354
BCPT/BTC,1609424042742,2020-12-31T14:14:02.742Z,sell,6.7e-07,18266.0,0.01223822
BCPT/BTC,1609424043867,2020-12-31T14:14:03.867Z,buy,6.7e-07,200.0,0.000134
BCPT/BTC,1609424078069,2020-12-31T14:14:38.069Z,sell,6.6e-07,50000.0,0.033
BCPT/BTC,1609424109877,2020-12-31T14:15:09.877Z,sell,6.7e-07,156.0,0.00010452
BCPT/BTC,1609424117918,2020-12-31T14:15:17.918Z,buy,6.8e-07,522.0,0.00035496
BCPT/BTC,1609424131334,2020-12-31T14:15:31.334Z,buy,6.8e-07,539.0,0.0003665199999999
BCPT/BTC,1609424133981,2020-12-31T14:15:33.981Z,buy,6.8e-07,1000.0,0.0006799999999999
BCPT/BTC,1609424138720,2020-12-31T14:15:38.720Z,buy,6.8e-07,4709.0,0.0032021199999999
BCPT/BTC,1609424139037,2020-12-31T14:15:39.037Z,buy,6.8e-07,1003.0,0.00068204
BCPT/BTC,1609424140623,2020-12-31T14:15:40.623Z,buy,6.8e-07,85876.0,0.05839568
BCPT/BTC,1609424149055,2020-12-31T14:15:49.055Z,sell,6.8e-07,18281.0,0.0124310799999999
BCPT/BTC,1609424151158,2020-12-31T14:15:51.158Z,buy,6.9e-07,26724.0,0.0184395599999999
BCPT/BTC,1609424164518,2020-12-31T14:16:04.518Z,buy,6.9e-07,800.0,0.000552
BCPT/BTC,1609424165050,2020-12-31T14:16:05.050Z,buy,6.9e-07,386.0,0.00026634
BCPT/BTC,1609424167451,2020-12-31T14:16:07.451Z,buy,6.9e-07,558.0,0.0003850199999999
BCPT/BTC,1609424170040,2020-12-31T14:16:10.040Z,buy,6.9e-07,14421.0,0.00995049
BCPT/BTC,1609424170868,2020-12-31T14:16:10.868Z,buy,6.9e-07,1021.0,0.00070449
BCPT/BTC,1609424171670,2020-12-31T14:16:11.670Z,buy,6.9e-07,7211.0,0.0049755899999999
BCPT/BTC,1609424182429,2020-12-31T14:16:22.429Z,buy,6.9e-07,2514.0,0.0017346599999999
BCPT/BTC,1609424185224,2020-12-31T14:16:25.224Z,buy,6.9e-07,5463.0,0.0037694699999999
BCPT/BTC,1609424187388,2020-12-31T14:16:27.388Z,buy,6.9e-07,50300.0,0.0347069999999999
BCPT/BTC,1609424189294,2020-12-31T14:16:29.294Z,buy,7e-07,3605.0,0.0025234999999999
BCPT/BTC,1609424189404,2020-12-31T14:16:29.404Z,sell,6.9e-07,2139.0,0.00147591
BCPT/BTC,1609424194257,2020-12-31T14:16:34.257Z,buy,7e-07,1802.0,0.0012614
BCPT/BTC,1609424198398,2020-12-31T14:16:38.398Z,buy,7e-07,875.0,0.0006125
BCPT/BTC,1609424200329,2020-12-31T14:16:40.329Z,buy,7e-07,413.0,0.0002891
BCPT/BTC,1609424201819,2020-12-31T14:16:41.819Z,buy,7e-07,413.0,0.0002891
BCPT/BTC,1609424204259,2020-12-31T14:16:44.259Z,buy,7e-07,186.0,0.0001302
BCPT/BTC,1609424206871,2020-12-31T14:16:46.871Z,sell,6.9e-07,1000.0,0.00069
BCPT/BTC,1609424206871,2020-12-31T14:16:46.871Z,sell,6.9e-07,1043.0,0.0007196699999999
BCPT/BTC,1609424206871,2020-12-31T14:16:46.871Z,sell,6.8e-07,14108.0,0.00959344
BCPT/BTC,1609424208938,2020-12-31T14:16:48.938Z,buy,7e-07,201.0,0.0001407
BCPT/BTC,1609424220328,2020-12-31T14:17:00.328Z,buy,7e-07,971.0,0.0006797
BCPT/BTC,1609424225517,2020-12-31T14:17:05.517Z,buy,7e-07,8035.0,0.0056245
BCPT/BTC,1609424226816,2020-12-31T14:17:06.816Z,buy,7e-07,4018.0,0.0028125999999999
BCPT/BTC,1609424228138,2020-12-31T14:17:08.138Z,buy,7e-07,4018.0,0.0028125999999999
BCPT/BTC,1609424228186,2020-12-31T14:17:08.186Z,buy,7e-07,797.0,0.0005579
BCPT/BTC,1609424236569,2020-12-31T14:17:16.569Z,buy,7e-07,8800.0,0.00616
BCPT/BTC,1609424246143,2020-12-31T14:17:26.143Z,sell,7e-07,6950.0,0.0048649999999999
BCPT/BTC,1609424246677,2020-12-31T14:17:26.677Z,sell,6.9e-07,7623.0,0.00525987
BCPT/BTC,1609424247082,2020-12-31T14:17:27.082Z,buy,7e-07,24008.0,0.0168056
BCPT/BTC,1609424248674,2020-12-31T14:17:28.674Z,buy,7e-07,4001.0,0.0028006999999999
BCPT/BTC,1609424250158,2020-12-31T14:17:30.158Z,sell,6.9e-07,3946.0,0.00272274
BCPT/BTC,1609424250563,2020-12-31T14:17:30.563Z,buy,7e-07,2000.0,0.0014
BCPT/BTC,1609424252006,2020-12-31T14:17:32.006Z,buy,7e-07,2000.0,0.0014
BCPT/BTC,1609424256294,2020-12-31T14:17:36.294Z,buy,7e-07,2394.0,0.0016757999999999
BCPT/BTC,1609424256844,2020-12-31T14:17:36.844Z,sell,7e-07,30769.0,0.0215383
BCPT/BTC,1609424259035,2020-12-31T14:17:39.035Z,sell,7e-07,7840.0,0.005488
BCPT/BTC,1609424270212,2020-12-31T14:17:50.212Z,sell,7e-07,48713.0,0.0340991
BCPT/BTC,1609424272583,2020-12-31T14:17:52.583Z,sell,7e-07,8068.0,0.0056476
BCPT/BTC,1609424273547,2020-12-31T14:17:53.547Z,sell,6.9e-07,20592.0,0.0142084799999999
BCPT/BTC,1609424290399,2020-12-31T14:18:10.399Z,buy,7e-07,526.0,0.0003682
BCPT/BTC,1609424296477,2020-12-31T14:18:16.477Z,buy,7e-07,253.0,0.0001771
BCPT/BTC,1609424296477,2020-12-31T14:18:16.477Z,buy,7.1e-07,3244.0,0.00230324
BCPT/BTC,1609424297966,2020-12-31T14:18:17.966Z,buy,7.1e-07,1699.0,0.00120629
BCPT/BTC,1609424303724,2020-12-31T14:18:23.724Z,buy,7.1e-07,38780.0,0.0275338
BCPT/BTC,1609424304768,2020-12-31T14:18:24.768Z,buy,7.1e-07,802.0,0.00056942
BCPT/BTC,1609424306296,2020-12-31T14:18:26.296Z,buy,7.1e-07,401.0,0.00028471
BCPT/BTC,1609424308185,2020-12-31T14:18:28.185Z,buy,7.1e-07,401.0,0.00028471
BCPT/BTC,1609424315217,2020-12-31T14:18:35.217Z,sell,7e-07,37542.0,0.0262793999999999
BCPT/BTC,1609424316342,2020-12-31T14:18:36.342Z,buy,7e-07,204.0,0.0001428
BCPT/BTC,1609424321512,2020-12-31T14:18:41.512Z,sell,6.9e-07,25000.0,0.0172499999999999
BCPT/BTC,1609424321524,2020-12-31T14:18:41.524Z,buy,7e-07,590.0,0.0004129999999999
BCPT/BTC,1609424325424,2020-12-31T14:18:45.424Z,buy,7e-07,6774.0,0.0047418
BCPT/BTC,1609424329177,2020-12-31T14:18:49.177Z,buy,7e-07,25432.0,0.0178024
BCPT/BTC,1609424330628,2020-12-31T14:18:50.628Z,buy,7e-07,143.0,0.0001001
BCPT/BTC,1609424333360,2020-12-31T14:18:53.360Z,buy,7e-07,16340.0,0.011438
BCPT/BTC,1609424337911,2020-12-31T14:18:57.911Z,sell,6.9e-07,59242.0,0.04087698
BCPT/BTC,1609424339573,2020-12-31T14:18:59.573Z,buy,6.9e-07,520.0,0.0003588
BCPT/BTC,1609424364096,2020-12-31T14:19:24.096Z,sell,6.9e-07,88082.0,0.06077658
BCPT/BTC,1609424393812,2020-12-31T14:19:53.812Z,sell,6.9e-07,48714.0,0.0336126599999999
BCPT/BTC,1609424404440,2020-12-31T14:20:04.440Z,sell,6.9e-07,4779.0,0.0032975099999999
BCPT/BTC,1609424410591,2020-12-31T14:20:10.591Z,sell,6.9e-07,3998.0,0.00275862
BCPT/BTC,1609424414643,2020-12-31T14:20:14.643Z,sell,6.9e-07,15734.0,0.01085646
BCPT/BTC,1609424426978,2020-12-31T14:20:26.978Z,sell,6.9e-07,13362.0,0.0092197799999999
BCPT/BTC,1609424439376,2020-12-31T14:20:39.376Z,sell,6.9e-07,73185.0,0.05049765
BCPT/BTC,1609424451742,2020-12-31T14:20:51.742Z,buy,6.9e-07,2039.0,0.00140691
BCPT/BTC,1609424472475,2020-12-31T14:21:12.475Z,buy,6.9e-07,434.0,0.00029946
BCPT/BTC,1609424472568,2020-12-31T14:21:12.568Z,sell,6.8e-07,16390.0,0.0111452
BCPT/BTC,1609424496170,2020-12-31T14:21:36.170Z,sell,6.8e-07,11792.0,0.00801856
BCPT/BTC,1609424496942,2020-12-31T14:21:36.942Z,sell,6.8e-07,793.0,0.00053924
BCPT/BTC,1609424525803,2020-12-31T14:22:05.803Z,sell,6.8e-07,4778.0,0.00324904
BCPT/BTC,1609424579352,2020-12-31T14:22:59.352Z,sell,6.8e-07,750.0,0.0005099999999999
BCPT/BTC,1609424581622,2020-12-31T14:23:01.622Z,buy,6.9e-07,1027.0,0.0007086299999999
BCPT/BTC,1609424590548,2020-12-31T14:23:10.548Z,buy,6.9e-07,5485.0,0.0037846499999999
BCPT/BTC,1609424596308,2020-12-31T14:23:16.308Z,buy,6.9e-07,13050.0,0.0090044999999999
BCPT/BTC,1609424596421,2020-12-31T14:23:16.421Z,buy,6.9e-07,1156.0,0.00079764
BCPT/BTC,1609424616174,2020-12-31T14:23:36.174Z,buy,6.9e-07,1229.0,0.00084801
BCPT/BTC,1609424619534,2020-12-31T14:23:39.534Z,buy,6.9e-07,35028.0,0.0241693199999999
BCPT/BTC,1609424622245,2020-12-31T14:23:42.245Z,buy,6.9e-07,2727.0,0.0018816299999999
BCPT/BTC,1609424633914,2020-12-31T14:23:53.914Z,sell,6.8e-07,5829.0,0.00396372
BCPT/BTC,1609424670639,2020-12-31T14:24:30.639Z,sell,6.8e-07,6306.0,0.00428808
BCPT/BTC,1609424688912,2020-12-31T14:24:48.912Z,sell,6.8e-07,15506.0,0.0105440799999999
BCPT/BTC,1609424747123,2020-12-31T14:25:47.123Z,sell,6.8e-07,4029.0,0.0027397199999999
BCPT/BTC,1609424747123,2020-12-31T14:25:47.123Z,sell,6.7e-07,26227.0,0.01757209
BCPT/BTC,1609424747123,2020-12-31T14:25:47.123Z,sell,6.6e-07,8485.0,0.0056001
BCPT/BTC,1609424747123,2020-12-31T14:25:47.123Z,sell,6.6e-07,28285.0,0.0186681
BCPT/BTC,1609424759954,2020-12-31T14:25:59.954Z,buy,6.8e-07,259.0,0.00017612
BCPT/BTC,1609424766125,2020-12-31T14:26:06.125Z,sell,6.6e-07,77903.0,0.05141598
BCPT/BTC,1609424786202,2020-12-31T14:26:26.202Z,sell,6.6e-07,1468.0,0.00096888
BCPT/BTC,1609424786903,2020-12-31T14:26:26.903Z,sell,6.5e-07,24717.0,0.01606605
BCPT/BTC,1609424789072,2020-12-31T14:26:29.072Z,sell,6.5e-07,2039.0,0.00132535
BCPT/BTC,1609424795017,2020-12-31T14:26:35.017Z,sell,6.5e-07,3989.0,0.00259285
BCPT/BTC,1609424802660,2020-12-31T14:26:42.660Z,sell,6.6e-07,964.0,0.00063624
BCPT/BTC,1609424858397,2020-12-31T14:27:38.397Z,buy,6.6e-07,1219.0,0.00080454
BCPT/BTC,1609424947643,2020-12-31T14:29:07.643Z,buy,6.7e-07,858.0,0.00057486
BCPT/BTC,1609424967192,2020-12-31T14:29:27.192Z,buy,6.8e-07,187.0,0.00012716
BCPT/BTC,1609424980327,2020-12-31T14:29:40.327Z,buy,6.8e-07,700.0,0.0004759999999999
BCPT/BTC,1609425014125,2020-12-31T14:30:14.125Z,buy,6.8e-07,18973.0,0.0129016399999999
BCPT/BTC,1609425055028,2020-12-31T14:30:55.028Z,buy,6.9e-07,2898.0,0.0019996199999999
BCPT/BTC,1609425073357,2020-12-31T14:31:13.357Z,buy,6.9e-07,565.0,0.0003898499999999
BCPT/BTC,1609425076819,2020-12-31T14:31:16.819Z,buy,6.9e-07,5254.0,0.00362526
BCPT/BTC,1609425151969,2020-12-31T14:32:31.969Z,buy,6.9e-07,159.0,0.0001097099999999
BCPT/BTC,1609425155471,2020-12-31T14:32:35.471Z,buy,6.9e-07,6552.0,0.00452088
BCPT/BTC,1609425164655,2020-12-31T14:32:44.655Z,buy,6.9e-07,7141.0,0.00492729
BCPT/BTC,1609425172783,2020-12-31T14:32:52.783Z,buy,6.9e-07,26714.0,0.01843266
BCPT/BTC,1609425203561,2020-12-31T14:33:23.561Z,buy,6.8e-07,9329.0,0.00634372
BCPT/BTC,1609425213098,2020-12-31T14:33:33.098Z,buy,6.8e-07,905.0,0.0006154
BCPT/BTC,1609425237760,2020-12-31T14:33:57.760Z,buy,6.8e-07,7020.0,0.0047735999999999
BCPT/BTC,1609425245271,2020-12-31T14:34:05.271Z,buy,6.8e-07,616.0,0.0004188799999999
BCPT/BTC,1609425245608,2020-12-31T14:34:05.608Z,buy,6.8e-07,5109.0,0.00347412
BCPT/BTC,1609425245608,2020-12-31T14:34:05.608Z,buy,6.9e-07,3485.0,0.00240465
BCPT/BTC,1609425339298,2020-12-31T14:35:39.298Z,buy,6.9e-07,1200.0,0.000828
BCPT/BTC,1609425439679,2020-12-31T14:37:19.679Z,sell,6.8e-07,2500.0,0.0017
BCPT/BTC,1609425450726,2020-12-31T14:37:30.726Z,buy,6.9e-07,1537.0,0.0010605299999999
BCPT/BTC,1609425467358,2020-12-31T14:37:47.358Z,buy,6.9e-07,4989.0,0.00344241
BCPT/BTC,1609425470129,2020-12-31T14:37:50.129Z,sell,6.8e-07,456.0,0.0003100799999999
BCPT/BTC,1609425566108,2020-12-31T14:39:26.108Z,buy,6.8e-07,152.0,0.0001033599999999
BCPT/BTC,1609425569892,2020-12-31T14:39:29.892Z,buy,6.8e-07,5073.0,0.00344964
BCPT/BTC,1609425588249,2020-12-31T14:39:48.249Z,buy,6.8e-07,259.0,0.00017612
BCPT/BTC,1609425627369,2020-12-31T14:40:27.369Z,buy,6.8e-07,2513.0,0.0017088399999999
BCPT/BTC,1609425688736,2020-12-31T14:41:28.736Z,buy,6.8e-07,792.0,0.00053856
BCPT/BTC,1609425720983,2020-12-31T14:42:00.983Z,sell,6.7e-07,1219.0,0.00081673
BCPT/BTC,1609425752309,2020-12-31T14:42:32.309Z,sell,6.7e-07,33357.0,0.02234919
BCPT/BTC,1609425785496,2020-12-31T14:43:05.496Z,buy,6.7e-07,1000.0,0.00067
BCPT/BTC,1609425873852,2020-12-31T14:44:33.852Z,buy,6.7e-07,13533.0,0.00906711
BCPT/BTC,1609425948305,2020-12-31T14:45:48.305Z,buy,6.7e-07,656.0,0.00043952
BCPT/BTC,1609426015261,2020-12-31T14:46:55.261Z,buy,6.7e-07,1911.0,0.00128037
BCPT/BTC,1609426016654,2020-12-31T14:46:56.654Z,sell,6.6e-07,8585.0,0.0056661
BCPT/BTC,1609426040905,2020-12-31T14:47:20.905Z,sell,6.6e-07,8161.0,0.00538626
BCPT/BTC,1609426058475,2020-12-31T14:47:38.475Z,sell,6.6e-07,49727.0,0.03281982
BCPT/BTC,1609426147931,2020-12-31T14:49:07.931Z,buy,6.6e-07,152.0,0.00010032
BCPT/BTC,1609426159414,2020-12-31T14:49:19.414Z,sell,6.5e-07,999.0,0.00064935
BCPT/BTC,1609426215770,2020-12-31T14:50:15.770Z,sell,6.5e-07,42944.0,0.0279136
BCPT/BTC,1609426219840,2020-12-31T14:50:19.840Z,buy,6.5e-07,1000.0,0.00065
BCPT/BTC,1609426253705,2020-12-31T14:50:53.705Z,buy,6.5e-07,17302.0,0.0112463
BCPT/BTC,1609426261308,2020-12-31T14:51:01.308Z,buy,6.6e-07,508.0,0.00033528
BCPT/BTC,1609426261308,2020-12-31T14:51:01.308Z,buy,6.7e-07,2568.0,0.00172056
BCPT/BTC,1609426277299,2020-12-31T14:51:17.299Z,buy,6.6e-07,2985.0,0.0019701
BCPT/BTC,1609426279621,2020-12-31T14:51:19.621Z,buy,6.6e-07,91.0,6.006e-05
BCPT/BTC,1609426315363,2020-12-31T14:51:55.363Z,sell,6.6e-07,75.0,4.95e-05
BCPT/BTC,1609426315546,2020-12-31T14:51:55.546Z,buy,6.6e-07,925.0,0.0006105
BCPT/BTC,1609426367781,2020-12-31T14:52:47.781Z,sell,6.6e-07,2876.0,0.00189816
BCPT/BTC,1609426373938,2020-12-31T14:52:53.938Z,sell,6.5e-07,17079.0,0.01110135
BCPT/BTC,1609426483109,2020-12-31T14:54:43.109Z,sell,6.4e-07,3065.0,0.0019616
BCPT/BTC,1609426483109,2020-12-31T14:54:43.109Z,sell,6.4e-07,778.0,0.00049792
BCPT/BTC,1609426483109,2020-12-31T14:54:43.109Z,sell,6.4e-07,778.0,0.00049792
BCPT/BTC,1609426483109,2020-12-31T14:54:43.109Z,sell,6.4e-07,520.0,0.0003328
BCPT/BTC,1609426483109,2020-12-31T14:54:43.109Z,sell,6.4e-07,526.0,0.00033664
BCPT/BTC,1609426487954,2020-12-31T14:54:47.954Z,buy,6.5e-07,700.0,0.000455
BCPT/BTC,1609426541719,2020-12-31T14:55:41.719Z,sell,6.4e-07,19440.0,0.0124416
BCPT/BTC,1609426564509,2020-12-31T14:56:04.509Z,sell,6.4e-07,7012.0,0.00448768
BCPT/BTC,1609426567597,2020-12-31T14:56:07.597Z,buy,6.5e-07,169.0,0.00010985
BCPT/BTC,1609426576692,2020-12-31T14:56:16.692Z,sell,6.4e-07,165.0,0.0001056
BCPT/BTC,1609426584622,2020-12-31T14:56:24.622Z,buy,6.5e-07,1692.0,0.0010998
BCPT/BTC,1609426690427,2020-12-31T14:58:10.427Z,buy,6.5e-07,501.0,0.00032565
BCPT/BTC,1609426710394,2020-12-31T14:58:30.394Z,buy,6.5e-07,17530.0,0.0113945
BCPT/BTC,1609426713463,2020-12-31T14:58:33.463Z,buy,6.5e-07,738.0,0.0004797
BCPT/BTC,1609426787427,2020-12-31T14:59:47.427Z,buy,6.5e-07,9360.0,0.006084
BCPT/BTC,1609426905868,2020-12-31T15:01:45.868Z,buy,6.5e-07,587.0,0.00038155
BCPT/BTC,1609426933706,2020-12-31T15:02:13.706Z,buy,6.5e-07,6273.0,0.00407745
BCPT/BTC,1609426999357,2020-12-31T15:03:19.357Z,buy,6.5e-07,674.0,0.0004381
BCPT/BTC,1609427046890,2020-12-31T15:04:06.890Z,buy,6.5e-07,11000.0,0.00715
BCPT/BTC,1609427058911,2020-12-31T15:04:18.911Z,buy,6.5e-07,2163.0,0.00140595
BCPT/BTC,1609427168693,2020-12-31T15:06:08.693Z,buy,6.5e-07,220.0,0.000143
BCPT/BTC,1609427183586,2020-12-31T15:06:23.586Z,buy,6.5e-07,1848.0,0.0012012
BCPT/BTC,1609427277982,2020-12-31T15:07:57.982Z,sell,6.4e-07,28113.0,0.01799232
BCPT/BTC,1609427287979,2020-12-31T15:08:07.979Z,buy,6.4e-07,157.0,0.00010048
BCPT/BTC,1609427334778,2020-12-31T15:08:54.778Z,buy,6.4e-07,2000.0,0.00128
BCPT/BTC,1609427364054,2020-12-31T15:09:24.054Z,buy,6.4e-07,2756.0,0.00176384
BCPT/BTC,1609427364054,2020-12-31T15:09:24.054Z,buy,6.4e-07,2756.0,0.00176384
BCPT/BTC,1609427526444,2020-12-31T15:12:06.444Z,sell,6.3e-07,5511.0,0.00347193
BCPT/BTC,1609427526444,2020-12-31T15:12:06.444Z,sell,6.3e-07,427.0,0.00026901
BCPT/BTC,1609427526444,2020-12-31T15:12:06.444Z,sell,6.3e-07,8162.0,0.00514206
BCPT/BTC,1609427548100,2020-12-31T15:12:28.100Z,sell,6.3e-07,10515.0,0.00662445
BCPT/BTC,1609427565425,2020-12-31T15:12:45.425Z,sell,6.3e-07,4013.0,0.00252819
BCPT/BTC,1609427569260,2020-12-31T15:12:49.260Z,sell,6.3e-07,5254.0,0.00331002
BCPT/BTC,1609427595204,2020-12-31T15:13:15.204Z,sell,6.3e-07,2898.0,0.00182574
BCPT/BTC,1609427607415,2020-12-31T15:13:27.415Z,sell,6.3e-07,2908.0,0.00183204
BCPT/BTC,1609427624292,2020-12-31T15:13:44.292Z,buy,6.4e-07,64446.0,0.04124544
BCPT/BTC,1609427642114,2020-12-31T15:14:02.114Z,sell,6.4e-07,17224.0,0.01102336
BCPT/BTC,1609427683215,2020-12-31T15:14:43.215Z,sell,6.4e-07,480.0,0.0003072
BCPT/BTC,1609427713326,2020-12-31T15:15:13.326Z,buy,6.5e-07,585.0,0.00038025
BCPT/BTC,1609427742093,2020-12-31T15:15:42.093Z,buy,6.5e-07,1404.0,0.0009126
BCPT/BTC,1609427756563,2020-12-31T15:15:56.563Z,sell,6.4e-07,530.0,0.0003392
BCPT/BTC,1609427759968,2020-12-31T15:15:59.968Z,buy,6.5e-07,3317.0,0.00215605
BCPT/BTC,1609427809181,2020-12-31T15:16:49.181Z,buy,6.5e-07,8818.0,0.0057317
BCPT/BTC,1609427860519,2020-12-31T15:17:40.519Z,sell,6.4e-07,584.0,0.00037376
BCPT/BTC,1609427872779,2020-12-31T15:17:52.779Z,sell,6.4e-07,4822.0,0.00308608
BCPT/BTC,1609427887325,2020-12-31T15:18:07.325Z,sell,6.4e-07,1349.0,0.00086336
BCPT/BTC,1609427894696,2020-12-31T15:18:14.696Z,buy,6.5e-07,5000.0,0.00325
BCPT/BTC,1609427944731,2020-12-31T15:19:04.731Z,buy,6.5e-07,7604.0,0.0049426
BCPT/BTC,1609427991078,2020-12-31T15:19:51.078Z,sell,6.4e-07,4795.0,0.0030688
BCPT/BTC,1609428024338,2020-12-31T15:20:24.338Z,sell,6.4e-07,5479.0,0.00350656
BCPT/BTC,1609428078891,2020-12-31T15:21:18.891Z,sell,6.4e-07,355.0,0.0002272
BCPT/BTC,1609428121282,2020-12-31T15:22:01.282Z,buy,6.5e-07,35986.0,0.0233909
BCPT/BTC,1609428188644,2020-12-31T15:23:08.644Z,buy,6.5e-07,2105.0,0.00136825
BCPT/BTC,1609428309554,2020-12-31T15:25:09.554Z,buy,6.5e-07,3157.0,0.00205205
BCPT/BTC,1609428422927,2020-12-31T15:27:02.927Z,sell,6.5e-07,1875.0,0.00121875
BCPT/BTC,1609428444044,2020-12-31T15:27:24.044Z,buy,6.6e-07,253.0,0.00016698
BCPT/BTC,1609428580329,2020-12-31T15:29:40.329Z,buy,6.6e-07,649.0,0.00042834
BCPT/BTC,1609428620745,2020-12-31T15:30:20.745Z,buy,6.6e-07,33285.0,0.0219681
BCPT/BTC,1609428638478,2020-12-31T15:30:38.478Z,sell,6.5e-07,1703.0,0.00110695
BCPT/BTC,1609428678783,2020-12-31T15:31:18.783Z,sell,6.5e-07,22371.0,0.01454115
BCPT/BTC,1609428704535,2020-12-31T15:31:44.535Z,sell,6.5e-07,8764.0,0.0056966
BCPT/BTC,1609428724153,2020-12-31T15:32:04.153Z,sell,6.5e-07,211.0,0.00013715
BCPT/BTC,1609428751114,2020-12-31T15:32:31.114Z,sell,6.4e-07,800.0,0.000512
BCPT/BTC,1609428811144,2020-12-31T15:33:31.144Z,sell,6.4e-07,3317.0,0.00212288
BCPT/BTC,1609428863295,2020-12-31T15:34:23.295Z,sell,6.4e-07,3754.0,0.00240256
BCPT/BTC,1609429043489,2020-12-31T15:37:23.489Z,sell,6.4e-07,978.0,0.00062592
BCPT/BTC,1609429065310,2020-12-31T15:37:45.310Z,sell,6.4e-07,1031.0,0.00065984
BCPT/BTC,1609429132601,2020-12-31T15:38:52.601Z,sell,6.4e-07,84154.0,0.05385856
BCPT/BTC,1609429168120,2020-12-31T15:39:28.120Z,buy,6.4e-07,4912.0,0.00314368
BCPT/BTC,1609429204266,2020-12-31T15:40:04.266Z,buy,6.4e-07,143.0,9.152e-05
BCPT/BTC,1609429226494,2020-12-31T15:40:26.494Z,sell,6.3e-07,83536.0,0.05262768
BCPT/BTC,1609429254138,2020-12-31T15:40:54.138Z,sell,6.3e-07,1984.0,0.00124992
BCPT/BTC,1609429268703,2020-12-31T15:41:08.703Z,sell,6.3e-07,8726.0,0.00549738
BCPT/BTC,1609429285775,2020-12-31T15:41:25.775Z,buy,6.3e-07,83.0,5.229e-05
BCPT/BTC,1609429502014,2020-12-31T15:45:02.014Z,sell,6.3e-07,1535.0,0.00096705
BCPT/BTC,1609429546067,2020-12-31T15:45:46.067Z,sell,6.3e-07,1156.0,0.00072828
BCPT/BTC,1609429617375,2020-12-31T15:46:57.375Z,buy,6.4e-07,500.0,0.00032
BCPT/BTC,1609429646480,2020-12-31T15:47:26.480Z,buy,6.4e-07,250.0,0.00016
BCPT/BTC,1609429751986,2020-12-31T15:49:11.986Z,sell,6.3e-07,6078.0,0.00382914
BCPT/BTC,1609429751986,2020-12-31T15:49:11.986Z,sell,6.2e-07,3061.0,0.00189782
BCPT/BTC,1609429751986,2020-12-31T15:49:11.986Z,sell,6.2e-07,4075.0,0.0025265
BCPT/BTC,1609429768013,2020-12-31T15:49:28.013Z,sell,6.2e-07,1029.0,0.00063798
