symbol,timestamp,datetime,side,price,amount,btc_volume
BCPT/BTC,1604340058266,2020-11-02T18:00:58.266Z,sell,1.16e-06,537.0,0.0006229199999999
BCPT/BTC,1604340087000,2020-11-02T18:01:27.000Z,sell,1.16e-06,250.0,0.00029
BCPT/BTC,1604340291407,2020-11-02T18:04:51.407Z,sell,1.16e-06,42137.0,0.04887892
BCPT/BTC,1604340431275,2020-11-02T18:07:11.275Z,sell,1.15e-06,428.0,0.0004922
BCPT/BTC,1604340537796,2020-11-02T18:08:57.796Z,sell,1.15e-06,2234.0,0.0025691
BCPT/BTC,1604340570343,2020-11-02T18:09:30.343Z,sell,1.15e-06,1621.0,0.00186415
BCPT/BTC,1604340778882,2020-11-02T18:12:58.882Z,buy,1.16e-06,1781.0,0.00206596
BCPT/BTC,1604340890585,2020-11-02T18:14:50.585Z,buy,1.16e-06,13337.0,0.0154709199999999
BCPT/BTC,1604340890585,2020-11-02T18:14:50.585Z,buy,1.17e-06,17149.0,0.02006433
BCPT/BTC,1604340928493,2020-11-02T18:15:28.493Z,buy,1.17e-06,3789.0,0.00443313
BCPT/BTC,1604340943960,2020-11-02T18:15:43.960Z,buy,1.17e-06,1943.0,0.00227331
BCPT/BTC,1604340945610,2020-11-02T18:15:45.610Z,buy,1.17e-06,972.0,0.00113724
BCPT/BTC,1604340946874,2020-11-02T18:15:46.874Z,buy,1.17e-06,486.0,0.00056862
BCPT/BTC,1604340948474,2020-11-02T18:15:48.474Z,buy,1.17e-06,486.0,0.00056862
BCPT/BTC,1604340955084,2020-11-02T18:15:55.084Z,buy,1.17e-06,228.0,0.00026676
BCPT/BTC,1604341038753,2020-11-02T18:17:18.753Z,sell,1.16e-06,100.0,0.0001159999999999
BCPT/BTC,1604341088342,2020-11-02T18:18:08.342Z,sell,1.16e-06,4.0,4.64e-06
BCPT/BTC,1604341088342,2020-11-02T18:18:08.342Z,sell,1.15e-06,2110.0,0.0024265
BCPT/BTC,1604341201623,2020-11-02T18:20:01.623Z,sell,1.15e-06,3895.0,0.00447925
BCPT/BTC,1604341224055,2020-11-02T18:20:24.055Z,sell,1.15e-06,8695.0,0.00999925
BCPT/BTC,1604341233375,2020-11-02T18:20:33.375Z,sell,1.14e-06,6617.0,0.00754338
BCPT/BTC,1604341233375,2020-11-02T18:20:33.375Z,sell,1.13e-06,33343.0,0.03767759
BCPT/BTC,1604341258071,2020-11-02T18:20:58.071Z,buy,1.15e-06,235.0,0.00027025
BCPT/BTC,1604341262900,2020-11-02T18:21:02.900Z,sell,1.15e-06,2125.0,0.00244375
BCPT/BTC,1604341295438,2020-11-02T18:21:35.438Z,sell,1.14e-06,243.0,0.00027702
BCPT/BTC,1604341296794,2020-11-02T18:21:36.794Z,sell,1.13e-06,27662.0,0.03125806
BCPT/BTC,1604341421074,2020-11-02T18:23:41.074Z,sell,1.13e-06,3883.0,0.00438779
BCPT/BTC,1604341831069,2020-11-02T18:30:31.069Z,sell,1.13e-06,1163.0,0.00131419
BCPT/BTC,1604341931758,2020-11-02T18:32:11.758Z,buy,1.15e-06,527.0,0.00060605
BCPT/BTC,1604341970097,2020-11-02T18:32:50.097Z,buy,1.15e-06,1838.0,0.0021137
BCPT/BTC,1604342041808,2020-11-02T18:34:01.808Z,sell,1.14e-06,250.0,0.000285
BCPT/BTC,1604342043968,2020-11-02T18:34:03.968Z,sell,1.13e-06,6463.0,0.00730319
BCPT/BTC,1604342045744,2020-11-02T18:34:05.744Z,sell,1.13e-06,1471.0,0.00166223
BCPT/BTC,1604342883834,2020-11-02T18:48:03.834Z,sell,1.13e-06,1836.0,0.0020746799999999
BCPT/BTC,1604343558430,2020-11-02T18:59:18.430Z,sell,1.13e-06,25644.0,0.02897772
BCPT/BTC,1604343576122,2020-11-02T18:59:36.122Z,sell,1.12e-06,4812.0,0.00538944
BCPT/BTC,1604343583750,2020-11-02T18:59:43.750Z,sell,1.12e-06,4115.0,0.0046088
BCPT/BTC,1604343583750,2020-11-02T18:59:43.750Z,sell,1.12e-06,4115.0,0.0046088
BCPT/BTC,1604343887222,2020-11-02T19:04:47.222Z,sell,1.12e-06,136.0,0.00015232
BCPT/BTC,1604344216182,2020-11-02T19:10:16.182Z,buy,1.13e-06,533.0,0.00060229
BCPT/BTC,1604344242953,2020-11-02T19:10:42.953Z,buy,1.13e-06,2335.0,0.00263855
BCPT/BTC,1604344248957,2020-11-02T19:10:48.957Z,buy,1.14e-06,234.0,0.00026676
BCPT/BTC,1604344318178,2020-11-02T19:11:58.178Z,sell,1.14e-06,2332.0,0.00265848
BCPT/BTC,1604345427995,2020-11-02T19:30:27.995Z,sell,1.14e-06,3895.0,0.0044403
BCPT/BTC,1604345434391,2020-11-02T19:30:34.391Z,buy,1.14e-06,3895.0,0.0044403
BCPT/BTC,1604345495229,2020-11-02T19:31:35.229Z,sell,1.14e-06,5304.0,0.00604656
BCPT/BTC,1604345497347,2020-11-02T19:31:37.347Z,sell,1.14e-06,3380.0,0.0038532
BCPT/BTC,1604345499754,2020-11-02T19:31:39.754Z,sell,1.13e-06,1919.0,0.00216847
BCPT/BTC,1604345528148,2020-11-02T19:32:08.148Z,buy,1.13e-06,177.0,0.00020001
BCPT/BTC,1604346916431,2020-11-02T19:55:16.431Z,sell,1.13e-06,4687.0,0.00529631
BCPT/BTC,1604346916431,2020-11-02T19:55:16.431Z,sell,1.13e-06,4687.0,0.00529631
BCPT/BTC,1604348009940,2020-11-02T20:13:29.940Z,sell,1.13e-06,2104.0,0.00237752
BCPT/BTC,1604348009940,2020-11-02T20:13:29.940Z,sell,1.13e-06,2104.0,0.00237752
BCPT/BTC,1604351948532,2020-11-02T21:19:08.532Z,buy,1.13e-06,627.0,0.00070851
BCPT/BTC,1604352101210,2020-11-02T21:21:41.210Z,buy,1.13e-06,3998.0,0.00451774
BCPT/BTC,1604352119806,2020-11-02T21:21:59.806Z,buy,1.14e-06,240.0,0.0002736
BCPT/BTC,1604352119806,2020-11-02T21:21:59.806Z,buy,1.14e-06,240.0,0.0002736
BCPT/BTC,1604352216167,2020-11-02T21:23:36.167Z,buy,1.14e-06,89.0,0.00010146
BCPT/BTC,1604352273054,2020-11-02T21:24:33.054Z,buy,1.14e-06,88.0,0.00010032
BCPT/BTC,1604352377140,2020-11-02T21:26:17.140Z,buy,1.15e-06,100.0,0.000115
BCPT/BTC,1604352389094,2020-11-02T21:26:29.094Z,buy,1.15e-06,384.0,0.0004416
BCPT/BTC,1604352413749,2020-11-02T21:26:53.749Z,buy,1.15e-06,100.0,0.000115
BCPT/BTC,1604352668646,2020-11-02T21:31:08.646Z,buy,1.15e-06,100.0,0.000115
BCPT/BTC,1604352882872,2020-11-02T21:34:42.872Z,sell,1.14e-06,250.0,0.000285
BCPT/BTC,1604352885632,2020-11-02T21:34:45.632Z,sell,1.13e-06,6616.0,0.0074760799999999
BCPT/BTC,1604352889755,2020-11-02T21:34:49.755Z,sell,1.13e-06,11764.0,0.0132933199999999
BCPT/BTC,1604354604754,2020-11-02T22:03:24.754Z,sell,1.13e-06,176.0,0.00019888
BCPT/BTC,1604354695706,2020-11-02T22:04:55.706Z,sell,1.13e-06,1619.0,0.00182947
BCPT/BTC,1604354971765,2020-11-02T22:09:31.765Z,buy,1.14e-06,1500.0,0.00171
BCPT/BTC,1604355087398,2020-11-02T22:11:27.398Z,buy,1.14e-06,3294.0,0.00375516
BCPT/BTC,1604355087398,2020-11-02T22:11:27.398Z,buy,1.14e-06,3294.0,0.00375516
BCPT/BTC,1604355745911,2020-11-02T22:22:25.911Z,buy,1.14e-06,2834.0,0.00323076
BCPT/BTC,1604356393843,2020-11-02T22:33:13.843Z,sell,1.13e-06,146.0,0.00016498
BCPT/BTC,1604356394713,2020-11-02T22:33:14.713Z,sell,1.13e-06,143.0,0.00016159
BCPT/BTC,1604356405331,2020-11-02T22:33:25.331Z,sell,1.13e-06,1000.0,0.00113
BCPT/BTC,1604356866581,2020-11-02T22:41:06.581Z,buy,1.14e-06,245.0,0.0002793
BCPT/BTC,1604356873951,2020-11-02T22:41:13.951Z,sell,1.14e-06,4175.0,0.0047595
BCPT/BTC,1604357396863,2020-11-02T22:49:56.863Z,buy,1.14e-06,117.0,0.00013338
BCPT/BTC,1604357429935,2020-11-02T22:50:29.935Z,sell,1.13e-06,2831.0,0.00319903
BCPT/BTC,1604357774120,2020-11-02T22:56:14.120Z,sell,1.13e-06,94.0,0.00010622
BCPT/BTC,1604358344731,2020-11-02T23:05:44.731Z,sell,1.13e-06,10916.0,0.01233508
BCPT/BTC,1604358344731,2020-11-02T23:05:44.731Z,sell,1.12e-06,97892.0,0.10963904
BCPT/BTC,1604358623799,2020-11-02T23:10:23.799Z,sell,1.13e-06,3979.0,0.00449627
BCPT/BTC,1604358623799,2020-11-02T23:10:23.799Z,sell,1.13e-06,3979.0,0.00449627
BCPT/BTC,1604360003433,2020-11-02T23:33:23.433Z,buy,1.14e-06,505.0,0.0005757
BCPT/BTC,1604360008424,2020-11-02T23:33:28.424Z,buy,1.14e-06,538.0,0.00061332
BCPT/BTC,1604360047836,2020-11-02T23:34:07.836Z,buy,1.14e-06,1316.0,0.00150024
BCPT/BTC,1604360087020,2020-11-02T23:34:47.020Z,sell,1.12e-06,665.0,0.0007448
BCPT/BTC,1604360808150,2020-11-02T23:46:48.150Z,sell,1.12e-06,1143.0,0.00128016
BCPT/BTC,1604360974664,2020-11-02T23:49:34.664Z,buy,1.14e-06,11869.0,0.01353066
BCPT/BTC,1604361995623,2020-11-03T00:06:35.623Z,buy,1.14e-06,89.0,0.00010146
BCPT/BTC,1604361997932,2020-11-03T00:06:37.932Z,sell,1.13e-06,233.0,0.00026329
BCPT/BTC,1604361997932,2020-11-03T00:06:37.932Z,sell,1.13e-06,233.0,0.00026329
BCPT/BTC,1604362609484,2020-11-03T00:16:49.484Z,sell,1.13e-06,1000.0,0.00113
BCPT/BTC,1604362726131,2020-11-03T00:18:46.131Z,sell,1.13e-06,62564.0,0.07069732
BCPT/BTC,1604363452176,2020-11-03T00:30:52.176Z,sell,1.12e-06,89.0,9.968e-05
BCPT/BTC,1604363500872,2020-11-03T00:31:40.872Z,sell,1.12e-06,74054.0,0.08294048
BCPT/BTC,1604364496870,2020-11-03T00:48:16.870Z,sell,1.11e-06,268.0,0.00029748
BCPT/BTC,1604364496870,2020-11-03T00:48:16.870Z,sell,1.11e-06,1500.0,0.001665
BCPT/BTC,1604365100987,2020-11-03T00:58:20.987Z,buy,1.12e-06,5307.0,0.00594384
BCPT/BTC,1604365238452,2020-11-03T01:00:38.452Z,sell,1.12e-06,183.0,0.00020496
BCPT/BTC,1604365260020,2020-11-03T01:01:00.020Z,sell,1.12e-06,4893.0,0.00548016
BCPT/BTC,1604365411989,2020-11-03T01:03:31.989Z,buy,1.12e-06,3267.0,0.00365904
BCPT/BTC,1604365412125,2020-11-03T01:03:32.125Z,buy,1.12e-06,2232.0,0.00249984
BCPT/BTC,1604365412247,2020-11-03T01:03:32.247Z,buy,1.12e-06,4585.0,0.0051352
BCPT/BTC,1604365433415,2020-11-03T01:03:53.415Z,buy,1.12e-06,129.0,0.00014448
BCPT/BTC,1604365433415,2020-11-03T01:03:53.415Z,buy,1.12e-06,129.0,0.00014448
BCPT/BTC,1604368120251,2020-11-03T01:48:40.251Z,sell,1.11e-06,14838.0,0.01647018
BCPT/BTC,1604368130073,2020-11-03T01:48:50.073Z,sell,1.11e-06,2246.0,0.00249306
BCPT/BTC,1604368786934,2020-11-03T01:59:46.934Z,buy,1.12e-06,100.0,0.000112
BCPT/BTC,1604368838976,2020-11-03T02:00:38.976Z,buy,1.12e-06,183.0,0.00020496
BCPT/BTC,1604368838976,2020-11-03T02:00:38.976Z,buy,1.12e-06,183.0,0.00020496
BCPT/BTC,1604369606387,2020-11-03T02:13:26.387Z,sell,1.11e-06,22734.0,0.02523474
BCPT/BTC,1604369791569,2020-11-03T02:16:31.569Z,buy,1.12e-06,1679.0,0.00188048
BCPT/BTC,1604370477258,2020-11-03T02:27:57.258Z,sell,1.11e-06,4456.0,0.00494616
BCPT/BTC,1604370477258,2020-11-03T02:27:57.258Z,sell,1.11e-06,4456.0,0.00494616
BCPT/BTC,1604373171912,2020-11-03T03:12:51.912Z,sell,1.11e-06,12377.0,0.01373847
BCPT/BTC,1604373173249,2020-11-03T03:12:53.249Z,sell,1.11e-06,2232.0,0.00247752
BCPT/BTC,1604373177806,2020-11-03T03:12:57.806Z,sell,1.11e-06,3982.0,0.00442002
BCPT/BTC,1604373286779,2020-11-03T03:14:46.779Z,sell,1.11e-06,1682.0,0.0018670199999999
BCPT/BTC,1604373312747,2020-11-03T03:15:12.747Z,sell,1.11e-06,3267.0,0.00362637
BCPT/BTC,1604373394716,2020-11-03T03:16:34.716Z,sell,1.11e-06,9984.0,0.01108224
BCPT/BTC,1604373628293,2020-11-03T03:20:28.293Z,buy,1.12e-06,162.0,0.00018144
BCPT/BTC,1604373664789,2020-11-03T03:21:04.789Z,buy,1.12e-06,1.0,1.12e-06
BCPT/BTC,1604373664789,2020-11-03T03:21:04.789Z,buy,1.13e-06,625.0,0.00070625
BCPT/BTC,1604373676665,2020-11-03T03:21:16.665Z,buy,1.12e-06,179.0,0.00020048
BCPT/BTC,1604373676665,2020-11-03T03:21:16.665Z,buy,1.12e-06,179.0,0.00020048
BCPT/BTC,1604374086163,2020-11-03T03:28:06.163Z,buy,1.12e-06,1.0,1.12e-06
BCPT/BTC,1604374324930,2020-11-03T03:32:04.930Z,sell,1.12e-06,2402.0,0.00269024
BCPT/BTC,1604374341211,2020-11-03T03:32:21.211Z,sell,1.12e-06,2511.0,0.00281232
BCPT/BTC,1604374360914,2020-11-03T03:32:40.914Z,sell,1.12e-06,938.0,0.00105056
BCPT/BTC,1604374384066,2020-11-03T03:33:04.066Z,sell,1.12e-06,1869.0,0.00209328
BCPT/BTC,1604374913803,2020-11-03T03:41:53.803Z,buy,1.13e-06,182.0,0.00020566
BCPT/BTC,1604374991640,2020-11-03T03:43:11.640Z,buy,1.13e-06,1328.0,0.00150064
BCPT/BTC,1604374992883,2020-11-03T03:43:12.883Z,buy,1.13e-06,1328.0,0.00150064
BCPT/BTC,1604375021171,2020-11-03T03:43:41.171Z,sell,1.12e-06,300.0,0.000336
BCPT/BTC,1604375095783,2020-11-03T03:44:55.783Z,sell,1.12e-06,13898.0,0.01556576
BCPT/BTC,1604375545347,2020-11-03T03:52:25.347Z,sell,1.12e-06,15461.0,0.01731632
BCPT/BTC,1604375831351,2020-11-03T03:57:11.351Z,sell,1.12e-06,832.0,0.00093184
BCPT/BTC,1604376010689,2020-11-03T04:00:10.689Z,buy,1.13e-06,300.0,0.000339
BCPT/BTC,1604376104237,2020-11-03T04:01:44.237Z,sell,1.12e-06,400.0,0.000448
BCPT/BTC,1604376299105,2020-11-03T04:04:59.105Z,sell,1.12e-06,3290.0,0.0036848
BCPT/BTC,1604376321803,2020-11-03T04:05:21.803Z,sell,1.12e-06,749.0,0.00083888
BCPT/BTC,1604376514619,2020-11-03T04:08:34.619Z,buy,1.13e-06,216.0,0.00024408
BCPT/BTC,1604376956172,2020-11-03T04:15:56.172Z,buy,1.13e-06,2300.0,0.0025989999999999
BCPT/BTC,1604377044957,2020-11-03T04:17:24.957Z,buy,1.13e-06,2500.0,0.002825
BCPT/BTC,1604377044957,2020-11-03T04:17:24.957Z,buy,1.13e-06,2500.0,0.002825
BCPT/BTC,1604378384761,2020-11-03T04:39:44.761Z,sell,1.11e-06,112088.0,0.1244176799999999
BCPT/BTC,1604378385778,2020-11-03T04:39:45.778Z,sell,1.1e-06,1667.0,0.0018337
BCPT/BTC,1604378385778,2020-11-03T04:39:45.778Z,sell,1.1e-06,599.0,0.0006589
BCPT/BTC,1604378387858,2020-11-03T04:39:47.858Z,sell,1.1e-06,7036.0,0.0077396
BCPT/BTC,1604378397985,2020-11-03T04:39:57.985Z,sell,1.1e-06,18697.0,0.0205667
BCPT/BTC,1604378408167,2020-11-03T04:40:08.167Z,buy,1.1e-06,182.0,0.0002002
BCPT/BTC,1604378479349,2020-11-03T04:41:19.349Z,sell,1.09e-06,30923.0,0.03370607
BCPT/BTC,1604379277052,2020-11-03T04:54:37.052Z,sell,1.09e-06,1201.0,0.00130909
BCPT/BTC,1604379525617,2020-11-03T04:58:45.617Z,sell,1.09e-06,18862.0,0.0205595799999999
BCPT/BTC,1604379639524,2020-11-03T05:00:39.524Z,buy,1.09e-06,190.0,0.0002071
BCPT/BTC,1604379918372,2020-11-03T05:05:18.372Z,buy,1.09e-06,540.0,0.0005886
BCPT/BTC,1604379950609,2020-11-03T05:05:50.609Z,buy,1.09e-06,938.0,0.00102242
BCPT/BTC,1604380026562,2020-11-03T05:07:06.562Z,buy,1.09e-06,228.0,0.00024852
BCPT/BTC,1604380027591,2020-11-03T05:07:07.591Z,buy,1.09e-06,165.0,0.0001798499999999
BCPT/BTC,1604380292747,2020-11-03T05:11:32.747Z,sell,1.08e-06,1766.0,0.00190728
BCPT/BTC,1604380292747,2020-11-03T05:11:32.747Z,sell,1.08e-06,1766.0,0.00190728
BCPT/BTC,1604381091205,2020-11-03T05:24:51.205Z,sell,1.08e-06,5874.0,0.00634392
BCPT/BTC,1604381366706,2020-11-03T05:29:26.706Z,sell,1.08e-06,228.0,0.00024624
BCPT/BTC,1604382704502,2020-11-03T05:51:44.502Z,sell,1.08e-06,45222.0,0.04883976
BCPT/BTC,1604383787916,2020-11-03T06:09:47.916Z,sell,1.08e-06,4631.0,0.00500148
BCPT/BTC,1604383787916,2020-11-03T06:09:47.916Z,sell,1.08e-06,4631.0,0.00500148
BCPT/BTC,1604384703342,2020-11-03T06:25:03.342Z,buy,1.09e-06,13739.0,0.01497551
BCPT/BTC,1604387212088,2020-11-03T07:06:52.088Z,buy,1.09e-06,484.0,0.0005275599999999
BCPT/BTC,1604387212088,2020-11-03T07:06:52.088Z,buy,1.09e-06,484.0,0.0005275599999999
BCPT/BTC,1604389435171,2020-11-03T07:43:55.171Z,buy,1.09e-06,5005.0,0.00545545
BCPT/BTC,1604389927146,2020-11-03T07:52:07.146Z,sell,1.08e-06,31770.0,0.0343116
BCPT/BTC,1604389927146,2020-11-03T07:52:07.146Z,sell,1.07e-06,53824.0,0.0575916799999999
BCPT/BTC,1604389927146,2020-11-03T07:52:07.146Z,sell,1.07e-06,2997.0,0.0032067899999999
BCPT/BTC,1604389933656,2020-11-03T07:52:13.656Z,sell,1.07e-06,132.0,0.00014124
BCPT/BTC,1604390157036,2020-11-03T07:55:57.036Z,sell,1.07e-06,6612.0,0.00707484
BCPT/BTC,1604390376808,2020-11-03T07:59:36.808Z,sell,1.07e-06,600.0,0.000642
BCPT/BTC,1604390558272,2020-11-03T08:02:38.272Z,sell,1.07e-06,95553.0,0.1022417099999999
BCPT/BTC,1604390558272,2020-11-03T08:02:38.272Z,sell,1.07e-06,95553.0,0.1022417099999999
BCPT/BTC,1604391229226,2020-11-03T08:13:49.226Z,sell,1.07e-06,18830.0,0.0201481
BCPT/BTC,1604392879819,2020-11-03T08:41:19.819Z,sell,1.07e-06,216.0,0.0002311199999999
BCPT/BTC,1604393128830,2020-11-03T08:45:28.830Z,sell,1.07e-06,10585.0,0.01132595
BCPT/BTC,1604393132105,2020-11-03T08:45:32.105Z,buy,1.07e-06,107.0,0.00011449
BCPT/BTC,1604393260734,2020-11-03T08:47:40.734Z,buy,1.06e-06,95.0,0.0001007
BCPT/BTC,1604393260734,2020-11-03T08:47:40.734Z,sell,1.05e-06,5000.0,0.0052499999999999
BCPT/BTC,1604393260960,2020-11-03T08:47:40.960Z,buy,1.06e-06,7957.0,0.00843442
BCPT/BTC,1604393268780,2020-11-03T08:47:48.780Z,buy,1.07e-06,546.0,0.00058422
BCPT/BTC,1604393357630,2020-11-03T08:49:17.630Z,sell,1.06e-06,7087.0,0.00751222
BCPT/BTC,1604393663391,2020-11-03T08:54:23.391Z,buy,1.07e-06,17722.0,0.01896254
BCPT/BTC,1604393663391,2020-11-03T08:54:23.391Z,buy,1.07e-06,17722.0,0.01896254
BCPT/BTC,1604396292722,2020-11-03T09:38:12.722Z,sell,1.06e-06,64113.0,0.06795978
BCPT/BTC,1604396871455,2020-11-03T09:47:51.455Z,sell,1.06e-06,7948.0,0.00842488
BCPT/BTC,1604397188412,2020-11-03T09:53:08.412Z,sell,1.05e-06,6909.0,0.0072544499999999
BCPT/BTC,1604397188412,2020-11-03T09:53:08.412Z,sell,1.05e-06,6909.0,0.0072544499999999
BCPT/BTC,1604397509300,2020-11-03T09:58:29.300Z,sell,1.05e-06,3111.0,0.0032665499999999
BCPT/BTC,1604397636161,2020-11-03T10:00:36.161Z,buy,1.07e-06,115.0,0.0001230499999999
BCPT/BTC,1604399754326,2020-11-03T10:35:54.326Z,buy,1.06e-06,551.0,0.00058406
BCPT/BTC,1604399768621,2020-11-03T10:36:08.621Z,buy,1.06e-06,189.0,0.00020034
BCPT/BTC,1604400712294,2020-11-03T10:51:52.294Z,buy,1.06e-06,7799.0,0.00826694
BCPT/BTC,1604400712294,2020-11-03T10:51:52.294Z,buy,1.06e-06,7799.0,0.00826694
BCPT/BTC,1604401687736,2020-11-03T11:08:07.736Z,buy,1.06e-06,49885.0,0.0528781
BCPT/BTC,1604401730987,2020-11-03T11:08:50.987Z,buy,1.06e-06,453.0,0.00048018
BCPT/BTC,1604401945864,2020-11-03T11:12:25.864Z,buy,1.06e-06,1350.0,0.001431
BCPT/BTC,1604402557840,2020-11-03T11:22:37.840Z,buy,1.06e-06,22162.0,0.02349172
BCPT/BTC,1604403002898,2020-11-03T11:30:02.898Z,buy,1.06e-06,161.0,0.00017066
BCPT/BTC,1604403003155,2020-11-03T11:30:03.155Z,buy,1.06e-06,3000.0,0.00318
BCPT/BTC,1604403003157,2020-11-03T11:30:03.157Z,buy,1.06e-06,12000.0,0.01272
BCPT/BTC,1604404043639,2020-11-03T11:47:23.639Z,buy,1.06e-06,2248.0,0.00238288
BCPT/BTC,1604404043639,2020-11-03T11:47:23.639Z,buy,1.06e-06,2248.0,0.00238288
BCPT/BTC,1604404345426,2020-11-03T11:52:25.426Z,sell,1.05e-06,1941.0,0.00203805
BCPT/BTC,1604404388210,2020-11-03T11:53:08.210Z,buy,1.05e-06,190.0,0.0001994999999999
BCPT/BTC,1604404477340,2020-11-03T11:54:37.340Z,buy,1.05e-06,953.0,0.0010006499999999
BCPT/BTC,1604404893566,2020-11-03T12:01:33.566Z,buy,1.05e-06,557.0,0.0005848499999999
BCPT/BTC,1604405360387,2020-11-03T12:09:20.387Z,buy,1.05e-06,189.0,0.0001984499999999
BCPT/BTC,1604405774481,2020-11-03T12:16:14.481Z,sell,1.04e-06,439.0,0.00045656
BCPT/BTC,1604405779872,2020-11-03T12:16:19.872Z,sell,1.04e-06,132.0,0.00013728
BCPT/BTC,1604405786139,2020-11-03T12:16:26.139Z,sell,1.04e-06,6022.0,0.00626288
BCPT/BTC,1604405961865,2020-11-03T12:19:21.865Z,buy,1.05e-06,19048.0,0.0200003999999999
BCPT/BTC,1604406010979,2020-11-03T12:20:10.979Z,buy,1.05e-06,1905.0,0.00200025
BCPT/BTC,1604406099019,2020-11-03T12:21:39.019Z,buy,1.05e-06,476.0,0.0004998
BCPT/BTC,1604406881197,2020-11-03T12:34:41.197Z,buy,1.05e-06,97275.0,0.1021387499999999
BCPT/BTC,1604406881197,2020-11-03T12:34:41.197Z,buy,1.05e-06,97275.0,0.1021387499999999
BCPT/BTC,1604407805768,2020-11-03T12:50:05.768Z,buy,1.05e-06,607.0,0.00063735
BCPT/BTC,1604408429004,2020-11-03T13:00:29.004Z,buy,1.05e-06,11750.0,0.0123375
BCPT/BTC,1604409115529,2020-11-03T13:11:55.529Z,sell,1.04e-06,303.0,0.00031512
BCPT/BTC,1604409648400,2020-11-03T13:20:48.400Z,sell,1.04e-06,1924.0,0.00200096
BCPT/BTC,1604409719912,2020-11-03T13:21:59.912Z,sell,1.03e-06,14000.0,0.01442
BCPT/BTC,1604409730494,2020-11-03T13:22:10.494Z,sell,1.03e-06,962.0,0.00099086
BCPT/BTC,1604409731634,2020-11-03T13:22:11.634Z,buy,1.04e-06,1344.0,0.00139776
BCPT/BTC,1604409731634,2020-11-03T13:22:11.634Z,buy,1.04e-06,1344.0,0.00139776
BCPT/BTC,1604410650301,2020-11-03T13:37:30.301Z,sell,1.03e-06,2246.0,0.00231338
BCPT/BTC,1604411551168,2020-11-03T13:52:31.168Z,buy,1.04e-06,2000.0,0.00208
BCPT/BTC,1604412573808,2020-11-03T14:09:33.808Z,buy,1.04e-06,2286.0,0.00237744
BCPT/BTC,1604412620526,2020-11-03T14:10:20.526Z,buy,1.04e-06,356.0,0.00037024
BCPT/BTC,1604413100025,2020-11-03T14:18:20.025Z,buy,1.04e-06,46479.0,0.04833816
BCPT/BTC,1604413129794,2020-11-03T14:18:49.794Z,buy,1.04e-06,46480.0,0.0483392
BCPT/BTC,1604413129794,2020-11-03T14:18:49.794Z,buy,1.04e-06,46480.0,0.0483392
BCPT/BTC,1604414299118,2020-11-03T14:38:19.118Z,buy,1.04e-06,51089.0,0.05313256
BCPT/BTC,1604414817430,2020-11-03T14:46:57.430Z,buy,1.04e-06,100.0,0.000104
BCPT/BTC,1604415277763,2020-11-03T14:54:37.763Z,buy,1.04e-06,368.0,0.00038272
BCPT/BTC,1604415377324,2020-11-03T14:56:17.324Z,sell,1.03e-06,556.0,0.00057268
BCPT/BTC,1604415377324,2020-11-03T14:56:17.324Z,sell,1.02e-06,2606.0,0.00265812
BCPT/BTC,1604415377324,2020-11-03T14:56:17.324Z,sell,1.02e-06,4795.0,0.0048909
BCPT/BTC,1604416357003,2020-11-03T15:12:37.003Z,sell,1.03e-06,51037.0,0.05256811
BCPT/BTC,1604416534420,2020-11-03T15:15:34.420Z,buy,1.04e-06,228.0,0.00023712
BCPT/BTC,1604416587040,2020-11-03T15:16:27.040Z,buy,1.04e-06,983.0,0.00102232
BCPT/BTC,1604416587040,2020-11-03T15:16:27.040Z,buy,1.04e-06,983.0,0.00102232
BCPT/BTC,1604417263907,2020-11-03T15:27:43.907Z,sell,1.03e-06,5000.0,0.00515
BCPT/BTC,1604417303496,2020-11-03T15:28:23.496Z,sell,1.03e-06,6260.0,0.0064478
BCPT/BTC,1604418058736,2020-11-03T15:40:58.736Z,buy,1.04e-06,2885.0,0.0030004
BCPT/BTC,1604418506183,2020-11-03T15:48:26.183Z,buy,1.04e-06,222222.0,0.23111088
BCPT/BTC,1604418583054,2020-11-03T15:49:43.054Z,buy,1.04e-06,1139.0,0.00118456
BCPT/BTC,1604418600213,2020-11-03T15:50:00.213Z,sell,1.03e-06,160.0,0.0001648
BCPT/BTC,1604418718323,2020-11-03T15:51:58.323Z,buy,1.04e-06,505.0,0.0005252
BCPT/BTC,1604418805711,2020-11-03T15:53:25.711Z,sell,1.03e-06,22162.0,0.02282686
BCPT/BTC,1604419881293,2020-11-03T16:11:21.293Z,sell,1.03e-06,128.0,0.00013184
BCPT/BTC,1604419881293,2020-11-03T16:11:21.293Z,sell,1.03e-06,128.0,0.00013184
BCPT/BTC,1604420685873,2020-11-03T16:24:45.873Z,sell,1.03e-06,3191.0,0.00328673
BCPT/BTC,1604420705659,2020-11-03T16:25:05.659Z,buy,1.03e-06,6128.0,0.00631184
BCPT/BTC,1604420736935,2020-11-03T16:25:36.935Z,sell,1.02e-06,3202.0,0.00326604
BCPT/BTC,1604420831153,2020-11-03T16:27:11.153Z,sell,1.02e-06,39990.0,0.0407898
BCPT/BTC,1604420838041,2020-11-03T16:27:18.041Z,sell,1.02e-06,133.0,0.0001356599999999
BCPT/BTC,1604422529794,2020-11-03T16:55:29.794Z,sell,1.02e-06,3939.0,0.00401778
BCPT/BTC,1604423335857,2020-11-03T17:08:55.857Z,sell,1.01e-06,4020.0,0.0040602
BCPT/BTC,1604423368229,2020-11-03T17:09:28.229Z,buy,1.02e-06,17103.0,0.01744506
BCPT/BTC,1604423368229,2020-11-03T17:09:28.229Z,buy,1.02e-06,17103.0,0.01744506
BCPT/BTC,1604423947095,2020-11-03T17:19:07.095Z,buy,1.03e-06,24697.0,0.02543791
BCPT/BTC,1604424983102,2020-11-03T17:36:23.102Z,sell,1.02e-06,1522.0,0.00155244
BCPT/BTC,1604425015119,2020-11-03T17:36:55.119Z,sell,1.02e-06,6594.0,0.00672588
BCPT/BTC,1604425017674,2020-11-03T17:36:57.674Z,sell,1.02e-06,5237.0,0.00534174
BCPT/BTC,1604425156498,2020-11-03T17:39:16.498Z,buy,1.03e-06,5202.0,0.00535806
BCPT/BTC,1604425174452,2020-11-03T17:39:34.452Z,sell,1.02e-06,8371.0,0.00853842
BCPT/BTC,1604425180071,2020-11-03T17:39:40.071Z,buy,1.03e-06,1734.0,0.00178602
BCPT/BTC,1604425352371,2020-11-03T17:42:32.371Z,sell,1.02e-06,407.0,0.00041514
BCPT/BTC,1604425460342,2020-11-03T17:44:20.342Z,buy,1.03e-06,402.0,0.00041406
BCPT/BTC,1604425614423,2020-11-03T17:46:54.423Z,sell,1.02e-06,983.0,0.00100266
BCPT/BTC,1604426960315,2020-11-03T18:09:20.315Z,buy,1.03e-06,622.0,0.00064066
BCPT/BTC,1604426960315,2020-11-03T18:09:20.315Z,buy,1.03e-06,622.0,0.00064066
BCPT/BTC,1604427736219,2020-11-03T18:22:16.219Z,buy,1.03e-06,143.0,0.00014729
BCPT/BTC,1604427829048,2020-11-03T18:23:49.048Z,buy,1.03e-06,29128.0,0.03000184
BCPT/BTC,1604429364024,2020-11-03T18:49:24.024Z,buy,1.03e-06,636.0,0.00065508
BCPT/BTC,1604429900637,2020-11-03T18:58:20.637Z,sell,1.02e-06,10000.0,0.0101999999999999
BCPT/BTC,1604430013653,2020-11-03T19:00:13.653Z,sell,1.02e-06,1238.0,0.00126276
BCPT/BTC,1604430217616,2020-11-03T19:03:37.616Z,buy,1.03e-06,922.0,0.00094966
BCPT/BTC,1604430329933,2020-11-03T19:05:29.933Z,sell,1.02e-06,25000.0,0.0255
BCPT/BTC,1604430391460,2020-11-03T19:06:31.460Z,sell,1.02e-06,8470.0,0.0086394
BCPT/BTC,1604430407172,2020-11-03T19:06:47.172Z,sell,1.02e-06,14070.0,0.0143514
BCPT/BTC,1604430407172,2020-11-03T19:06:47.172Z,sell,1.02e-06,14070.0,0.0143514
BCPT/BTC,1604430624938,2020-11-03T19:10:24.938Z,sell,1.02e-06,4033.0,0.00411366
BCPT/BTC,1604430694665,2020-11-03T19:11:34.665Z,sell,1.02e-06,104.0,0.00010608
BCPT/BTC,1604430770777,2020-11-03T19:12:50.777Z,sell,1.02e-06,30000.0,0.0306
BCPT/BTC,1604433202065,2020-11-03T19:53:22.065Z,buy,1.03e-06,320.0,0.0003296
BCPT/BTC,1604433202065,2020-11-03T19:53:22.065Z,buy,1.03e-06,320.0,0.0003296
BCPT/BTC,1604434403228,2020-11-03T20:13:23.228Z,buy,1.03e-06,372.0,0.00038316
BCPT/BTC,1604434489609,2020-11-03T20:14:49.609Z,buy,1.03e-06,70422.0,0.07253466
BCPT/BTC,1604434495384,2020-11-03T20:14:55.384Z,buy,1.03e-06,23475.0,0.02417925
BCPT/BTC,1604435050061,2020-11-03T20:24:10.061Z,sell,1.02e-06,1280.0,0.0013056
BCPT/BTC,1604435240404,2020-11-03T20:27:20.404Z,sell,1.02e-06,117.0,0.0001193399999999
BCPT/BTC,1604435240404,2020-11-03T20:27:20.404Z,sell,1.02e-06,117.0,0.0001193399999999
BCPT/BTC,1604436812376,2020-11-03T20:53:32.376Z,sell,1.02e-06,6739.0,0.0068737799999999
BCPT/BTC,1604437216569,2020-11-03T21:00:16.569Z,buy,1.03e-06,898.0,0.00092494
BCPT/BTC,1604438067950,2020-11-03T21:14:27.950Z,buy,1.03e-06,1240.0,0.0012772
BCPT/BTC,1604438067950,2020-11-03T21:14:27.950Z,buy,1.03e-06,1240.0,0.0012772
BCPT/BTC,1604439589708,2020-11-03T21:39:49.708Z,buy,1.03e-06,150170.0,0.1546751
BCPT/BTC,1604439675820,2020-11-03T21:41:15.820Z,buy,1.03e-06,2916.0,0.00300348
BCPT/BTC,1604439675820,2020-11-03T21:41:15.820Z,buy,1.03e-06,2916.0,0.00300348
BCPT/BTC,1604443505109,2020-11-03T22:45:05.109Z,sell,1.02e-06,7679.0,0.00783258
BCPT/BTC,1604443505109,2020-11-03T22:45:05.109Z,sell,1.02e-06,7679.0,0.00783258
BCPT/BTC,1604443936310,2020-11-03T22:52:16.310Z,buy,1.03e-06,2707.0,0.00278821
BCPT/BTC,1604445306164,2020-11-03T23:15:06.164Z,sell,1.02e-06,2383.0,0.00243066
BCPT/BTC,1604445307346,2020-11-03T23:15:07.346Z,sell,1.02e-06,4913.0,0.00501126
BCPT/BTC,1604445307356,2020-11-03T23:15:07.356Z,sell,1.02e-06,3563.0,0.00363426
BCPT/BTC,1604445361480,2020-11-03T23:16:01.480Z,sell,1.02e-06,5549.0,0.00565998
BCPT/BTC,1604445603329,2020-11-03T23:20:03.329Z,sell,1.02e-06,1795.0,0.0018308999999999
BCPT/BTC,1604445605604,2020-11-03T23:20:05.604Z,sell,1.02e-06,1866.0,0.00190332
BCPT/BTC,1604445611785,2020-11-03T23:20:11.785Z,sell,1.02e-06,19561.0,0.01995222
BCPT/BTC,1604445623363,2020-11-03T23:20:23.363Z,sell,1.02e-06,8092.0,0.00825384
BCPT/BTC,1604445701099,2020-11-03T23:21:41.099Z,sell,1.02e-06,27306.0,0.02785212
BCPT/BTC,1604445701099,2020-11-03T23:21:41.099Z,sell,1.01e-06,70707.0,0.07141407
BCPT/BTC,1604445703578,2020-11-03T23:21:43.578Z,sell,1e-06,2971.0,0.0029709999999999
BCPT/BTC,1604445704083,2020-11-03T23:21:44.083Z,sell,1e-06,991.0,0.000991
BCPT/BTC,1604445713720,2020-11-03T23:21:53.720Z,buy,1.01e-06,2238.0,0.00226038
BCPT/BTC,1604445714117,2020-11-03T23:21:54.117Z,sell,1e-06,44010.0,0.04401
BCPT/BTC,1604445721472,2020-11-03T23:22:01.472Z,sell,9.9e-07,133.0,0.00013167
BCPT/BTC,1604445721472,2020-11-03T23:22:01.472Z,sell,9.9e-07,500.0,0.000495
BCPT/BTC,1604445721472,2020-11-03T23:22:01.472Z,sell,9.9e-07,1000.0,0.00099
BCPT/BTC,1604445721597,2020-11-03T23:22:01.597Z,buy,1e-06,13711.0,0.013711
BCPT/BTC,1604445722626,2020-11-03T23:22:02.626Z,buy,1e-06,176.0,0.000176
BCPT/BTC,1604445723767,2020-11-03T23:22:03.767Z,sell,9.9e-07,3676.0,0.00363924
BCPT/BTC,1604445760105,2020-11-03T23:22:40.105Z,buy,1e-06,8011.0,0.0080109999999999
BCPT/BTC,1604445777570,2020-11-03T23:22:57.570Z,buy,1e-06,124.0,0.000124
BCPT/BTC,1604445788472,2020-11-03T23:23:08.472Z,buy,1e-06,200.0,0.0001999999999999
BCPT/BTC,1604445843485,2020-11-03T23:24:03.485Z,buy,1e-06,70289.0,0.0702889999999999
BCPT/BTC,1604445847858,2020-11-03T23:24:07.858Z,buy,1e-06,70289.0,0.0702889999999999
BCPT/BTC,1604445851282,2020-11-03T23:24:11.282Z,buy,1e-06,66032.0,0.066032
BCPT/BTC,1604445855927,2020-11-03T23:24:15.927Z,buy,1e-06,79494.0,0.079494
BCPT/BTC,1604445975862,2020-11-03T23:26:15.862Z,sell,1e-06,12110.0,0.01211
BCPT/BTC,1604445976108,2020-11-03T23:26:16.108Z,sell,1e-06,13000.0,0.013
BCPT/BTC,1604446058712,2020-11-03T23:27:38.712Z,sell,1e-06,52681.0,0.052681
BCPT/BTC,1604446407104,2020-11-03T23:33:27.104Z,buy,1.01e-06,2964.0,0.00299364
BCPT/BTC,1604446407104,2020-11-03T23:33:27.104Z,buy,1.01e-06,2964.0,0.00299364
BCPT/BTC,1604448036654,2020-11-04T00:00:36.654Z,buy,1.01e-06,194.0,0.00019594
BCPT/BTC,1604448064287,2020-11-04T00:01:04.287Z,sell,1e-06,517.0,0.000517
BCPT/BTC,1604448106212,2020-11-04T00:01:46.212Z,sell,9.9e-07,1469.0,0.00145431
BCPT/BTC,1604448349883,2020-11-04T00:05:49.883Z,buy,1.01e-06,202.0,0.00020402
BCPT/BTC,1604448923127,2020-11-04T00:15:23.127Z,buy,1.01e-06,417.0,0.00042117
BCPT/BTC,1604449170578,2020-11-04T00:19:30.578Z,buy,1.01e-06,4555.0,0.00460055
BCPT/BTC,1604449170578,2020-11-04T00:19:30.578Z,buy,1.01e-06,4555.0,0.00460055
BCPT/BTC,1604452552516,2020-11-04T01:15:52.516Z,buy,1.01e-06,131.0,0.00013231
BCPT/BTC,1604452552516,2020-11-04T01:15:52.516Z,buy,1.01e-06,131.0,0.00013231
BCPT/BTC,1604455159880,2020-11-04T01:59:19.880Z,buy,1.01e-06,182.0,0.00018382
BCPT/BTC,1604455194855,2020-11-04T01:59:54.855Z,sell,1e-06,474.0,0.000474
BCPT/BTC,1604455603985,2020-11-04T02:06:43.985Z,sell,1e-06,30605.0,0.030605
BCPT/BTC,1604455699206,2020-11-04T02:08:19.206Z,buy,1e-06,129.0,0.000129
BCPT/BTC,1604455699206,2020-11-04T02:08:19.206Z,buy,1e-06,129.0,0.000129
BCPT/BTC,1604456183639,2020-11-04T02:16:23.639Z,buy,1e-06,262.0,0.0002619999999999
BCPT/BTC,1604456511310,2020-11-04T02:21:51.310Z,buy,1e-06,1926.0,0.001926
BCPT/BTC,1604457014127,2020-11-04T02:30:14.127Z,buy,1e-06,9000.0,0.009
BCPT/BTC,1604458275990,2020-11-04T02:51:15.990Z,buy,1e-06,862.0,0.0008619999999999
BCPT/BTC,1604458412427,2020-11-04T02:53:32.427Z,sell,9.9e-07,102.0,0.00010098
BCPT/BTC,1604458873304,2020-11-04T03:01:13.304Z,buy,1e-06,46567.0,0.046567
BCPT/BTC,1604458873304,2020-11-04T03:01:13.304Z,buy,1.01e-06,37788.0,0.03816588
BCPT/BTC,1604458880016,2020-11-04T03:01:20.016Z,buy,1.01e-06,14090.0,0.0142309
BCPT/BTC,1604458880016,2020-11-04T03:01:20.016Z,buy,1.01e-06,14090.0,0.0142309
BCPT/BTC,1604461997226,2020-11-04T03:53:17.226Z,sell,1e-06,5516.0,0.005516
BCPT/BTC,1604461997226,2020-11-04T03:53:17.226Z,sell,1e-06,5516.0,0.005516
BCPT/BTC,1604462535085,2020-11-04T04:02:15.085Z,buy,1e-06,209.0,0.0002089999999999
BCPT/BTC,1604463825114,2020-11-04T04:23:45.114Z,sell,9.9e-07,3766.0,0.00372834
BCPT/BTC,1604464183882,2020-11-04T04:29:43.882Z,buy,1e-06,5368.0,0.0053679999999999
BCPT/BTC,1604464188155,2020-11-04T04:29:48.155Z,buy,1e-06,2500.0,0.0025
BCPT/BTC,1604464283033,2020-11-04T04:31:23.033Z,buy,1e-06,6756.0,0.006756
BCPT/BTC,1604465518063,2020-11-04T04:51:58.063Z,buy,1e-06,5476.0,0.005476
BCPT/BTC,1604465518063,2020-11-04T04:51:58.063Z,buy,1e-06,5476.0,0.005476
BCPT/BTC,1604469669496,2020-11-04T06:01:09.496Z,sell,1e-06,13711.0,0.013711
BCPT/BTC,1604469669496,2020-11-04T06:01:09.496Z,sell,1e-06,13711.0,0.013711
BCPT/BTC,1604471742126,2020-11-04T06:35:42.126Z,buy,1.01e-06,4494.0,0.00453894
BCPT/BTC,1604471742126,2020-11-04T06:35:42.126Z,buy,1.01e-06,4494.0,0.00453894
BCPT/BTC,1604476365699,2020-11-04T07:52:45.699Z,sell,1e-06,11000.0,0.011
BCPT/BTC,1604476365699,2020-11-04T07:52:45.699Z,sell,1e-06,11000.0,0.011
BCPT/BTC,1604478768872,2020-11-04T08:32:48.872Z,sell,1e-06,486.0,0.000486
BCPT/BTC,1604478881688,2020-11-04T08:34:41.688Z,sell,1e-06,486.0,0.000486
BCPT/BTC,1604479369226,2020-11-04T08:42:49.226Z,sell,1e-06,6344.0,0.006344
BCPT/BTC,1604479652378,2020-11-04T08:47:32.378Z,sell,1e-06,7878.0,0.007878
BCPT/BTC,1604479691393,2020-11-04T08:48:11.393Z,buy,1e-06,3706.0,0.0037059999999999
BCPT/BTC,1604479873550,2020-11-04T08:51:13.550Z,sell,9.9e-07,27107.0,0.02683593
BCPT/BTC,1604479873550,2020-11-04T08:51:13.550Z,sell,9.9e-07,27107.0,0.02683593
BCPT/BTC,1604480006868,2020-11-04T08:53:26.868Z,buy,1e-06,102.0,0.000102
BCPT/BTC,1604480006868,2020-11-04T08:53:26.868Z,buy,1.01e-06,198.0,0.00019998
BCPT/BTC,1604482125501,2020-11-04T09:28:45.501Z,buy,1.01e-06,2838.0,0.00286638
BCPT/BTC,1604483435600,2020-11-04T09:50:35.600Z,buy,1.01e-06,25000.0,0.02525
BCPT/BTC,1604483435600,2020-11-04T09:50:35.600Z,buy,1.01e-06,25000.0,0.02525
BCPT/BTC,1604484205441,2020-11-04T10:03:25.441Z,buy,1.01e-06,73745.0,0.07448245
BCPT/BTC,1604484273595,2020-11-04T10:04:33.595Z,sell,1e-06,274.0,0.000274
BCPT/BTC,1604484273595,2020-11-04T10:04:33.595Z,sell,9.9e-07,30029.0,0.02972871
BCPT/BTC,1604485019520,2020-11-04T10:16:59.520Z,buy,1.01e-06,90788.0,0.09169588
BCPT/BTC,1604485029702,2020-11-04T10:17:09.702Z,buy,1.02e-06,44267.0,0.04515234
BCPT/BTC,1604485036764,2020-11-04T10:17:16.764Z,buy,1.03e-06,57195.0,0.05891085
BCPT/BTC,1604485062770,2020-11-04T10:17:42.770Z,buy,1.04e-06,24456.0,0.02543424
BCPT/BTC,1604485080494,2020-11-04T10:18:00.494Z,sell,1.04e-06,254.0,0.00026416
BCPT/BTC,1604485081133,2020-11-04T10:18:01.133Z,sell,1.04e-06,1923.0,0.00199992
BCPT/BTC,1604485089188,2020-11-04T10:18:09.188Z,sell,1.03e-06,2343.0,0.00241329
BCPT/BTC,1604485231507,2020-11-04T10:20:31.507Z,sell,1.03e-06,766.0,0.00078898
BCPT/BTC,1604485263872,2020-11-04T10:21:03.872Z,buy,1.04e-06,4140.0,0.0043056
BCPT/BTC,1604485263872,2020-11-04T10:21:03.872Z,buy,1.05e-06,11433.0,0.0120046499999999
BCPT/BTC,1604485263872,2020-11-04T10:21:03.872Z,buy,1.06e-06,42250.0,0.044785
BCPT/BTC,1604485263872,2020-11-04T10:21:03.872Z,buy,1.07e-06,123869.0,0.13253983
BCPT/BTC,1604485263872,2020-11-04T10:21:03.872Z,buy,1.08e-06,795.0,0.0008586
BCPT/BTC,1604485263872,2020-11-04T10:21:03.872Z,buy,1.09e-06,10253.0,0.01117577
BCPT/BTC,1604485263872,2020-11-04T10:21:03.872Z,buy,1.1e-06,8353.0,0.0091883
BCPT/BTC,1604485263872,2020-11-04T10:21:03.872Z,buy,1.11e-06,50298.0,0.0558307799999999
BCPT/BTC,1604485263872,2020-11-04T10:21:03.872Z,buy,1.12e-06,20211.0,0.02263632
BCPT/BTC,1604485263872,2020-11-04T10:21:03.872Z,buy,1.13e-06,854.0,0.00096502
BCPT/BTC,1604485263872,2020-11-04T10:21:03.872Z,buy,1.14e-06,6339.0,0.00722646
BCPT/BTC,1604485267003,2020-11-04T10:21:07.003Z,sell,1.11e-06,205.0,0.00022755
BCPT/BTC,1604485268008,2020-11-04T10:21:08.008Z,buy,1.13e-06,170.0,0.0001921
BCPT/BTC,1604485269418,2020-11-04T10:21:09.418Z,buy,1.13e-06,272.0,0.00030736
BCPT/BTC,1604485271001,2020-11-04T10:21:11.001Z,sell,1.12e-06,193.0,0.00021616
BCPT/BTC,1604485271471,2020-11-04T10:21:11.471Z,sell,1.12e-06,58.0,6.496e-05
BCPT/BTC,1604485271671,2020-11-04T10:21:11.671Z,buy,1.08e-06,187.0,0.00020196
BCPT/BTC,1604485272005,2020-11-04T10:21:12.005Z,buy,1.08e-06,117.0,0.00012636
BCPT/BTC,1604485272703,2020-11-04T10:21:12.703Z,buy,1.08e-06,49.0,5.292e-05
BCPT/BTC,1604485272703,2020-11-04T10:21:12.703Z,buy,1.09e-06,92.0,0.00010028
BCPT/BTC,1604485272703,2020-11-04T10:21:12.703Z,buy,1.1e-06,45.0,4.95e-05
BCPT/BTC,1604485277370,2020-11-04T10:21:17.370Z,buy,1.1e-06,46.0,5.06e-05
BCPT/BTC,1604485291694,2020-11-04T10:21:31.694Z,sell,1.1e-06,7524.0,0.0082764
BCPT/BTC,1604485294104,2020-11-04T10:21:34.104Z,sell,1.1e-06,2355.0,0.0025905
BCPT/BTC,1604485298737,2020-11-04T10:21:38.737Z,sell,1.09e-06,124.0,0.00013516
BCPT/BTC,1604485328387,2020-11-04T10:22:08.387Z,sell,1.08e-06,113.0,0.00012204
BCPT/BTC,1604485328387,2020-11-04T10:22:08.387Z,sell,1.07e-06,114.0,0.00012198
BCPT/BTC,1604485328387,2020-11-04T10:22:08.387Z,sell,1.06e-06,708.0,0.00075048
BCPT/BTC,1604485337911,2020-11-04T10:22:17.911Z,sell,1.07e-06,128.0,0.00013696
BCPT/BTC,1604485383781,2020-11-04T10:23:03.781Z,buy,1.07e-06,23.0,2.461e-05
BCPT/BTC,1604485391794,2020-11-04T10:23:11.794Z,sell,1.07e-06,228.0,0.00024396
BCPT/BTC,1604485393934,2020-11-04T10:23:13.934Z,buy,1.07e-06,100.0,0.000107
BCPT/BTC,1604485402698,2020-11-04T10:23:22.698Z,sell,1.06e-06,127.0,0.00013462
BCPT/BTC,1604485408842,2020-11-04T10:23:28.842Z,sell,1.06e-06,925.0,0.0009805
BCPT/BTC,1604485412370,2020-11-04T10:23:32.370Z,sell,1.06e-06,210.0,0.0002226
BCPT/BTC,1604485481692,2020-11-04T10:24:41.692Z,buy,1.07e-06,51392.0,0.0549894399999999
BCPT/BTC,1604485503816,2020-11-04T10:25:03.816Z,sell,1.06e-06,169.0,0.00017914
BCPT/BTC,1604485515004,2020-11-04T10:25:15.004Z,buy,1.06e-06,4367.0,0.00462902
BCPT/BTC,1604485766810,2020-11-04T10:29:26.810Z,sell,1.06e-06,205.0,0.0002173
BCPT/BTC,1604485917167,2020-11-04T10:31:57.167Z,buy,1.07e-06,23509.0,0.0251546299999999
BCPT/BTC,1604485917167,2020-11-04T10:31:57.167Z,buy,1.08e-06,114.0,0.00012312
BCPT/BTC,1604485917167,2020-11-04T10:31:57.167Z,buy,1.09e-06,1056.0,0.0011510399999999
BCPT/BTC,1604485917167,2020-11-04T10:31:57.167Z,buy,1.1e-06,124.0,0.0001364
BCPT/BTC,1604485917167,2020-11-04T10:31:57.167Z,buy,1.11e-06,9631.0,0.01069041
BCPT/BTC,1604485918564,2020-11-04T10:31:58.564Z,buy,1.11e-06,235.0,0.0002608499999999
BCPT/BTC,1604485923155,2020-11-04T10:32:03.155Z,sell,1.09e-06,1347.0,0.0014682299999999
BCPT/BTC,1604485924309,2020-11-04T10:32:04.309Z,buy,1.1e-06,196.0,0.0002156
BCPT/BTC,1604485963805,2020-11-04T10:32:43.805Z,sell,1.1e-06,9.0,9.9e-06
BCPT/BTC,1604485963805,2020-11-04T10:32:43.805Z,sell,1.09e-06,143.0,0.0001558699999999
BCPT/BTC,1604485963805,2020-11-04T10:32:43.805Z,sell,1.08e-06,131.0,0.00014148
BCPT/BTC,1604485963805,2020-11-04T10:32:43.805Z,sell,1.07e-06,1396.0,0.0014937199999999
BCPT/BTC,1604485978315,2020-11-04T10:32:58.315Z,buy,1.08e-06,132.0,0.00014256
BCPT/BTC,1604486051014,2020-11-04T10:34:11.014Z,buy,1.09e-06,131.0,0.0001427899999999
BCPT/BTC,1604486056541,2020-11-04T10:34:16.541Z,sell,1.09e-06,1067.0,0.00116303
BCPT/BTC,1604486062404,2020-11-04T10:34:22.404Z,sell,1.09e-06,1763.0,0.0019216699999999
BCPT/BTC,1604486218184,2020-11-04T10:36:58.184Z,sell,1.08e-06,200.0,0.000216
BCPT/BTC,1604486419577,2020-11-04T10:40:19.577Z,sell,1.08e-06,147.0,0.00015876
BCPT/BTC,1604486442043,2020-11-04T10:40:42.043Z,buy,1.08e-06,1117.0,0.00120636
BCPT/BTC,1604486518200,2020-11-04T10:41:58.200Z,sell,1.08e-06,2183.0,0.00235764
BCPT/BTC,1604486518200,2020-11-04T10:41:58.200Z,sell,1.08e-06,2183.0,0.00235764
BCPT/BTC,1604487155574,2020-11-04T10:52:35.574Z,sell,1.07e-06,681.0,0.00072867
BCPT/BTC,1604487155574,2020-11-04T10:52:35.574Z,sell,1.06e-06,14502.0,0.01537212
BCPT/BTC,1604487158168,2020-11-04T10:52:38.168Z,sell,1.05e-06,115.0,0.00012075
BCPT/BTC,1604487162295,2020-11-04T10:52:42.295Z,sell,1.04e-06,115.0,0.0001196
BCPT/BTC,1604487166295,2020-11-04T10:52:46.295Z,sell,1.03e-06,232.0,0.00023896
BCPT/BTC,1604487166842,2020-11-04T10:52:46.842Z,buy,1.03e-06,121.0,0.00012463
BCPT/BTC,1604487168367,2020-11-04T10:52:48.367Z,buy,1.03e-06,764.0,0.00078692
BCPT/BTC,1604487177044,2020-11-04T10:52:57.044Z,sell,1.04e-06,118.0,0.00012272
BCPT/BTC,1604487177751,2020-11-04T10:52:57.751Z,buy,1.05e-06,115.0,0.00012075
BCPT/BTC,1604487703698,2020-11-04T11:01:43.698Z,sell,1.05e-06,9823.0,0.01031415
BCPT/BTC,1604487703698,2020-11-04T11:01:43.698Z,sell,1.04e-06,4078.0,0.00424112
BCPT/BTC,1604488344438,2020-11-04T11:12:24.438Z,buy,1.04e-06,3417.0,0.00355368
BCPT/BTC,1604488344438,2020-11-04T11:12:24.438Z,buy,1.05e-06,293.0,0.0003076499999999
BCPT/BTC,1604488349534,2020-11-04T11:12:29.534Z,buy,1.04e-06,147.0,0.0001528799999999
BCPT/BTC,1604489420024,2020-11-04T11:30:20.024Z,sell,1.03e-06,532.0,0.00054796
BCPT/BTC,1604489444105,2020-11-04T11:30:44.105Z,sell,1.02e-06,959.0,0.00097818
BCPT/BTC,1604489450033,2020-11-04T11:30:50.033Z,buy,1.03e-06,172.0,0.00017716
BCPT/BTC,1604489450033,2020-11-04T11:30:50.033Z,buy,1.03e-06,172.0,0.00017716
BCPT/BTC,1604490400638,2020-11-04T11:46:40.638Z,sell,1.03e-06,9927.0,0.01022481
BCPT/BTC,1604490481212,2020-11-04T11:48:01.212Z,sell,1.03e-06,462.0,0.00047586
BCPT/BTC,1604490801313,2020-11-04T11:53:21.313Z,sell,1.03e-06,764.0,0.00078692
BCPT/BTC,1604490815333,2020-11-04T11:53:35.333Z,buy,1.04e-06,2410.0,0.0025063999999999
BCPT/BTC,1604490848720,2020-11-04T11:54:08.720Z,sell,1.04e-06,194.0,0.00020176
BCPT/BTC,1604491855894,2020-11-04T12:10:55.894Z,buy,1.05e-06,1122.0,0.0011780999999999
BCPT/BTC,1604491871819,2020-11-04T12:11:11.819Z,buy,1.05e-06,192.0,0.0002015999999999
BCPT/BTC,1604491885848,2020-11-04T12:11:25.848Z,buy,1.05e-06,172.0,0.0001805999999999
BCPT/BTC,1604491901572,2020-11-04T12:11:41.572Z,buy,1.06e-06,246.0,0.00026076
BCPT/BTC,1604492714246,2020-11-04T12:25:14.246Z,buy,1.06e-06,29484.0,0.03125304
BCPT/BTC,1604492870210,2020-11-04T12:27:50.210Z,buy,1.06e-06,35969.0,0.03812714
BCPT/BTC,1604492870210,2020-11-04T12:27:50.210Z,buy,1.06e-06,35969.0,0.03812714
BCPT/BTC,1604494570076,2020-11-04T12:56:10.076Z,sell,1.05e-06,128.0,0.0001344
BCPT/BTC,1604495504902,2020-11-04T13:11:44.902Z,buy,1.05e-06,1785.0,0.0018742499999999
BCPT/BTC,1604496091245,2020-11-04T13:21:31.245Z,buy,1.05e-06,21736.0,0.0228227999999999
BCPT/BTC,1604496091245,2020-11-04T13:21:31.245Z,buy,1.06e-06,705.0,0.0007473
BCPT/BTC,1604496091245,2020-11-04T13:21:31.245Z,buy,1.07e-06,14102.0,0.01508914
BCPT/BTC,1604496091245,2020-11-04T13:21:31.245Z,buy,1.08e-06,2744.0,0.00296352
BCPT/BTC,1604496091245,2020-11-04T13:21:31.245Z,buy,1.09e-06,4895.0,0.00533555
BCPT/BTC,1604496091505,2020-11-04T13:21:31.505Z,sell,1.09e-06,202.0,0.00022018
BCPT/BTC,1604496113332,2020-11-04T13:21:53.332Z,sell,1.09e-06,2580.0,0.0028122
BCPT/BTC,1604496121999,2020-11-04T13:22:01.999Z,sell,1.09e-06,1230.0,0.0013407
BCPT/BTC,1604496122293,2020-11-04T13:22:02.293Z,sell,1.09e-06,190.0,0.0002071
BCPT/BTC,1604496153678,2020-11-04T13:22:33.678Z,sell,1.09e-06,5330.0,0.0058097
BCPT/BTC,1604496159150,2020-11-04T13:22:39.150Z,sell,1.09e-06,1331.0,0.00145079
BCPT/BTC,1604496159150,2020-11-04T13:22:39.150Z,sell,1.09e-06,1331.0,0.00145079
BCPT/BTC,1604496518080,2020-11-04T13:28:38.080Z,buy,1.09e-06,47367.0,0.05163003
BCPT/BTC,1604496548920,2020-11-04T13:29:08.920Z,sell,1.09e-06,185.0,0.00020165
BCPT/BTC,1604496585713,2020-11-04T13:29:45.713Z,sell,1.09e-06,469.0,0.00051121
BCPT/BTC,1604496597253,2020-11-04T13:29:57.253Z,buy,1.1e-06,11910.0,0.013101
BCPT/BTC,1604496645010,2020-11-04T13:30:45.010Z,sell,1.09e-06,150.0,0.0001635
BCPT/BTC,1604496954350,2020-11-04T13:35:54.350Z,buy,1.09e-06,4003.0,0.00436327
BCPT/BTC,1604497155026,2020-11-04T13:39:15.026Z,sell,1.08e-06,157.0,0.00016956
BCPT/BTC,1604497155026,2020-11-04T13:39:15.026Z,sell,1.07e-06,2009.0,0.00214963
BCPT/BTC,1604497155026,2020-11-04T13:39:15.026Z,sell,1.06e-06,57705.0,0.0611673
BCPT/BTC,1604497433716,2020-11-04T13:43:53.716Z,sell,1.06e-06,1139.0,0.00120734
BCPT/BTC,1604497892168,2020-11-04T13:51:32.168Z,sell,1.06e-06,10085.0,0.0106901
BCPT/BTC,1604498056905,2020-11-04T13:54:16.905Z,sell,1.06e-06,1850.0,0.001961
BCPT/BTC,1604498069790,2020-11-04T13:54:29.790Z,buy,1.07e-06,195.0,0.0002086499999999
BCPT/BTC,1604498108677,2020-11-04T13:55:08.677Z,sell,1.07e-06,189.0,0.00020223
BCPT/BTC,1604498513774,2020-11-04T14:01:53.774Z,sell,1.07e-06,9616.0,0.0102891199999999
BCPT/BTC,1604498513774,2020-11-04T14:01:53.774Z,sell,1.06e-06,75813.0,0.08036178
BCPT/BTC,1604498528670,2020-11-04T14:02:08.670Z,buy,1.06e-06,189.0,0.00020034
BCPT/BTC,1604498674321,2020-11-04T14:04:34.321Z,sell,1.05e-06,1883.0,0.00197715
BCPT/BTC,1604498870055,2020-11-04T14:07:50.055Z,buy,1.06e-06,200.0,0.000212
BCPT/BTC,1604499131033,2020-11-04T14:12:11.033Z,sell,1.05e-06,3253.0,0.0034156499999999
BCPT/BTC,1604499131033,2020-11-04T14:12:11.033Z,sell,1.04e-06,32680.0,0.0339872
BCPT/BTC,1604499131033,2020-11-04T14:12:11.033Z,sell,1.04e-06,3998.0,0.00415792
BCPT/BTC,1604499132018,2020-11-04T14:12:12.018Z,buy,1.06e-06,113.0,0.00011978
BCPT/BTC,1604499137873,2020-11-04T14:12:17.873Z,buy,1.05e-06,161.0,0.00016905
BCPT/BTC,1604499164517,2020-11-04T14:12:44.517Z,sell,1.04e-06,1511.0,0.00157144
BCPT/BTC,1604499164537,2020-11-04T14:12:44.537Z,buy,1.04e-06,408.0,0.00042432
BCPT/BTC,1604499639388,2020-11-04T14:20:39.388Z,buy,1.05e-06,100.0,0.0001049999999999
BCPT/BTC,1604499752260,2020-11-04T14:22:32.260Z,buy,1.05e-06,1220.0,0.0012809999999999
BCPT/BTC,1604499752260,2020-11-04T14:22:32.260Z,buy,1.05e-06,1220.0,0.0012809999999999
BCPT/BTC,1604499759572,2020-11-04T14:22:39.572Z,sell,1.04e-06,1783.0,0.00185432
BCPT/BTC,1604502469873,2020-11-04T15:07:49.873Z,sell,1.04e-06,6509.0,0.00676936
BCPT/BTC,1604502469873,2020-11-04T15:07:49.873Z,sell,1.03e-06,49873.0,0.05136919
BCPT/BTC,1604502469873,2020-11-04T15:07:49.873Z,sell,1.02e-06,57930.0,0.0590886
BCPT/BTC,1604502469873,2020-11-04T15:07:49.873Z,sell,1.01e-06,45483.0,0.04593783
BCPT/BTC,1604502473824,2020-11-04T15:07:53.824Z,sell,1.02e-06,135.0,0.0001376999999999
BCPT/BTC,1604502477947,2020-11-04T15:07:57.947Z,sell,1.02e-06,122.0,0.00012444
BCPT/BTC,1604502931458,2020-11-04T15:15:31.458Z,sell,1.02e-06,5230.0,0.0053346
BCPT/BTC,1604502931458,2020-11-04T15:15:31.458Z,sell,1.01e-06,66140.0,0.0668014
BCPT/BTC,1604502931458,2020-11-04T15:15:31.458Z,sell,1e-06,48476.0,0.048476
BCPT/BTC,1604502936464,2020-11-04T15:15:36.464Z,sell,1e-06,408.0,0.000408
BCPT/BTC,1604502937014,2020-11-04T15:15:37.014Z,sell,1e-06,991.0,0.000991
BCPT/BTC,1604502937227,2020-11-04T15:15:37.227Z,sell,1e-06,135.0,0.000135
BCPT/BTC,1604502941938,2020-11-04T15:15:41.938Z,sell,1e-06,10221.0,0.010221
BCPT/BTC,1604502991264,2020-11-04T15:16:31.264Z,buy,1.01e-06,1583.0,0.00159883
BCPT/BTC,1604502991264,2020-11-04T15:16:31.264Z,buy,1.01e-06,1583.0,0.00159883
BCPT/BTC,1604503382621,2020-11-04T15:23:02.621Z,buy,1.01e-06,1180.0,0.0011918
BCPT/BTC,1604503447532,2020-11-04T15:24:07.532Z,sell,1e-06,16832.0,0.016832
BCPT/BTC,1604503447532,2020-11-04T15:24:07.532Z,sell,9.9e-07,64996.0,0.06434604
BCPT/BTC,1604503447532,2020-11-04T15:24:07.532Z,sell,9.8e-07,31798.0,0.03116204
BCPT/BTC,1604503447532,2020-11-04T15:24:07.532Z,sell,9.7e-07,82122.0,0.07965834
BCPT/BTC,1604503447532,2020-11-04T15:24:07.532Z,sell,9.6e-07,1168.0,0.0011212799999999
BCPT/BTC,1604503447532,2020-11-04T15:24:07.532Z,sell,9.5e-07,19064.0,0.0181108
BCPT/BTC,1604503447532,2020-11-04T15:24:07.532Z,sell,9.4e-07,564.0,0.00053016
BCPT/BTC,1604503447532,2020-11-04T15:24:07.532Z,sell,9.3e-07,518.0,0.00048174
BCPT/BTC,1604503447532,2020-11-04T15:24:07.532Z,sell,9.2e-07,2407.0,0.00221444
BCPT/BTC,1604503447532,2020-11-04T15:24:07.532Z,sell,9.1e-07,59326.0,0.05398666
BCPT/BTC,1604503447559,2020-11-04T15:24:07.559Z,buy,9.4e-07,2835.0,0.0026649
BCPT/BTC,1604503447747,2020-11-04T15:24:07.747Z,buy,9.5e-07,9442.0,0.0089699
BCPT/BTC,1604503447774,2020-11-04T15:24:07.774Z,buy,9.5e-07,9000.0,0.00855
BCPT/BTC,1604503447784,2020-11-04T15:24:07.784Z,buy,9.5e-07,15992.0,0.0151924
BCPT/BTC,1604503447784,2020-11-04T15:24:07.784Z,buy,9.6e-07,8.0,7.68e-06
BCPT/BTC,1604503447787,2020-11-04T15:24:07.787Z,buy,9.6e-07,5244.0,0.00503424
BCPT/BTC,1604503447850,2020-11-04T15:24:07.850Z,sell,9.7e-07,2964.0,0.00287508
BCPT/BTC,1604503448042,2020-11-04T15:24:08.042Z,sell,9.7e-07,9442.0,0.00915874
BCPT/BTC,1604503448643,2020-11-04T15:24:08.643Z,buy,9.8e-07,161.0,0.00015778
BCPT/BTC,1604503448654,2020-11-04T15:24:08.654Z,sell,9.7e-07,14947.0,0.01449859
BCPT/BTC,1604503450136,2020-11-04T15:24:10.136Z,sell,9.7e-07,403.0,0.00039091
BCPT/BTC,1604503452693,2020-11-04T15:24:12.693Z,sell,9.5e-07,3047.0,0.00289465
BCPT/BTC,1604503454217,2020-11-04T15:24:14.217Z,sell,9.5e-07,2506.0,0.0023807
BCPT/BTC,1604503454501,2020-11-04T15:24:14.501Z,buy,9.5e-07,1618.0,0.0015371
BCPT/BTC,1604503457910,2020-11-04T15:24:17.910Z,buy,9.5e-07,135.0,0.00012825
BCPT/BTC,1604503462891,2020-11-04T15:24:22.891Z,buy,9.6e-07,5650.0,0.0054239999999999
BCPT/BTC,1604503467713,2020-11-04T15:24:27.713Z,buy,9.6e-07,12.0,1.1519999999999998e-05
BCPT/BTC,1604503467713,2020-11-04T15:24:27.713Z,buy,9.7e-07,982.0,0.00095254
BCPT/BTC,1604503486324,2020-11-04T15:24:46.324Z,buy,9.7e-07,637.0,0.00061789
BCPT/BTC,1604503533228,2020-11-04T15:25:33.228Z,buy,9.7e-07,106.0,0.00010282
BCPT/BTC,1604503554456,2020-11-04T15:25:54.456Z,sell,9.6e-07,2016.0,0.00193536
BCPT/BTC,1604503569275,2020-11-04T15:26:09.275Z,buy,9.7e-07,1469.0,0.00142493
BCPT/BTC,1604503629721,2020-11-04T15:27:09.721Z,buy,9.7e-07,3.0,2.91e-06
BCPT/BTC,1604503686453,2020-11-04T15:28:06.453Z,buy,9.8e-07,4818.0,0.00472164
BCPT/BTC,1604503699368,2020-11-04T15:28:19.368Z,buy,9.8e-07,3373.0,0.0033055399999999
BCPT/BTC,1604503702058,2020-11-04T15:28:22.058Z,buy,9.8e-07,7.0,6.86e-06
BCPT/BTC,1604503753146,2020-11-04T15:29:13.146Z,sell,9.8e-07,217.0,0.00021266
BCPT/BTC,1604503795032,2020-11-04T15:29:55.032Z,sell,9.8e-07,14534.0,0.0142433199999999
BCPT/BTC,1604503875029,2020-11-04T15:31:15.029Z,sell,9.8e-07,1880.0,0.0018424
BCPT/BTC,1604503915382,2020-11-04T15:31:55.382Z,sell,9.8e-07,388.0,0.0003802399999999
BCPT/BTC,1604503916314,2020-11-04T15:31:56.314Z,sell,9.8e-07,614.0,0.0006017199999999
BCPT/BTC,1604503968375,2020-11-04T15:32:48.375Z,buy,9.9e-07,3056.0,0.00302544
BCPT/BTC,1604503980895,2020-11-04T15:33:00.895Z,buy,1e-06,68384.0,0.068384
BCPT/BTC,1604504197201,2020-11-04T15:36:37.201Z,buy,1e-06,9000.0,0.009
BCPT/BTC,1604504224461,2020-11-04T15:37:04.461Z,buy,1.01e-06,9000.0,0.00909
BCPT/BTC,1604504231671,2020-11-04T15:37:11.671Z,buy,1.01e-06,9000.0,0.00909
BCPT/BTC,1604504237251,2020-11-04T15:37:17.251Z,buy,1.01e-06,7125.0,0.00719625
BCPT/BTC,1604504237502,2020-11-04T15:37:17.502Z,sell,1.01e-06,115.0,0.00011615
BCPT/BTC,1604504449302,2020-11-04T15:40:49.302Z,sell,1.01e-06,55539.0,0.05609439
BCPT/BTC,1604504497318,2020-11-04T15:41:37.318Z,buy,1.02e-06,100.0,0.000102
BCPT/BTC,1604504729379,2020-11-04T15:45:29.379Z,sell,1.01e-06,169.0,0.00017069
BCPT/BTC,1604504730399,2020-11-04T15:45:30.399Z,sell,1.01e-06,132.0,0.00013332
BCPT/BTC,1604505034435,2020-11-04T15:50:34.435Z,sell,1e-06,588.0,0.000588
BCPT/BTC,1604505454547,2020-11-04T15:57:34.547Z,sell,1e-06,588.0,0.000588
BCPT/BTC,1604505637118,2020-11-04T16:00:37.118Z,sell,1e-06,188.0,0.000188
BCPT/BTC,1604506071147,2020-11-04T16:07:51.147Z,sell,1e-06,25385.0,0.0253849999999999
BCPT/BTC,1604506360494,2020-11-04T16:12:40.494Z,sell,9.9e-07,58825.0,0.05823675
BCPT/BTC,1604506360790,2020-11-04T16:12:40.790Z,buy,9.9e-07,16000.0,0.01584
BCPT/BTC,1604506360802,2020-11-04T16:12:40.802Z,buy,9.9e-07,9000.0,0.00891
BCPT/BTC,1604506388738,2020-11-04T16:13:08.738Z,buy,9.9e-07,202.0,0.00019998
BCPT/BTC,1604506441055,2020-11-04T16:14:01.055Z,buy,9.9e-07,5500.0,0.005445
BCPT/BTC,1604506483921,2020-11-04T16:14:43.921Z,sell,9.8e-07,994.0,0.00097412
BCPT/BTC,1604506483921,2020-11-04T16:14:43.921Z,sell,9.8e-07,994.0,0.00097412
BCPT/BTC,1604506626478,2020-11-04T16:17:06.478Z,sell,9.8e-07,1468.0,0.00143864
BCPT/BTC,1604506800805,2020-11-04T16:20:00.805Z,sell,9.8e-07,1781.0,0.00174538
BCPT/BTC,1604507433701,2020-11-04T16:30:33.701Z,sell,9.8e-07,1406.0,0.00137788
BCPT/BTC,1604507457052,2020-11-04T16:30:57.052Z,buy,9.9e-07,36987.0,0.03661713
BCPT/BTC,1604507522322,2020-11-04T16:32:02.322Z,buy,1e-06,11535.0,0.011535
BCPT/BTC,1604507562796,2020-11-04T16:32:42.796Z,buy,1e-06,3000.0,0.003
BCPT/BTC,1604507591427,2020-11-04T16:33:11.427Z,buy,1e-06,6074.0,0.0060739999999999
BCPT/BTC,1604507708582,2020-11-04T16:35:08.582Z,sell,1e-06,202.0,0.000202
BCPT/BTC,1604508134929,2020-11-04T16:42:14.929Z,sell,1e-06,23128.0,0.023128
BCPT/BTC,1604508464918,2020-11-04T16:47:44.918Z,sell,1e-06,11535.0,0.011535
BCPT/BTC,1604508848824,2020-11-04T16:54:08.824Z,sell,1e-06,43470.0,0.0434699999999999
BCPT/BTC,1604508848824,2020-11-04T16:54:08.824Z,sell,9.9e-07,64362.0,0.06371838
BCPT/BTC,1604508932710,2020-11-04T16:55:32.710Z,buy,1e-06,219.0,0.0002189999999999
BCPT/BTC,1604508964840,2020-11-04T16:56:04.840Z,buy,1e-06,1.0,1e-06
BCPT/BTC,1604508964840,2020-11-04T16:56:04.840Z,buy,1.01e-06,5683.0,0.00573983
BCPT/BTC,1604508964840,2020-11-04T16:56:04.840Z,buy,1.02e-06,58808.0,0.05998416
BCPT/BTC,1604508969030,2020-11-04T16:56:09.030Z,buy,1.01e-06,150.0,0.0001515
BCPT/BTC,1604508997893,2020-11-04T16:56:37.893Z,buy,1.01e-06,1598.0,0.00161398
BCPT/BTC,1604508997893,2020-11-04T16:56:37.893Z,buy,1.02e-06,66875.0,0.0682125
BCPT/BTC,1604509151881,2020-11-04T16:59:11.881Z,buy,1.02e-06,6923.0,0.0070614599999999
BCPT/BTC,1604509151881,2020-11-04T16:59:11.881Z,buy,1.03e-06,51556.0,0.05310268
BCPT/BTC,1604509192839,2020-11-04T16:59:52.839Z,buy,1.03e-06,100.0,0.000103
BCPT/BTC,1604509300398,2020-11-04T17:01:40.398Z,sell,1.02e-06,212.0,0.00021624
BCPT/BTC,1604509300398,2020-11-04T17:01:40.398Z,sell,1.01e-06,17675.0,0.01785175
BCPT/BTC,1604509300398,2020-11-04T17:01:40.398Z,sell,1e-06,114945.0,0.1149449999999999
BCPT/BTC,1604509300398,2020-11-04T17:01:40.398Z,sell,1e-06,58479.0,0.0584789999999999
BCPT/BTC,1604509442955,2020-11-04T17:04:02.955Z,sell,1e-06,10802.0,0.0108019999999999
BCPT/BTC,1604509478395,2020-11-04T17:04:38.395Z,sell,1e-06,18655.0,0.0186549999999999
BCPT/BTC,1604509641960,2020-11-04T17:07:21.960Z,sell,1e-06,1960.0,0.00196
BCPT/BTC,1604509652982,2020-11-04T17:07:32.982Z,sell,1e-06,278.0,0.000278
BCPT/BTC,1604510019371,2020-11-04T17:13:39.371Z,buy,1.01e-06,5205.0,0.00525705
BCPT/BTC,1604510019371,2020-11-04T17:13:39.371Z,buy,1.01e-06,5205.0,0.00525705
BCPT/BTC,1604510219892,2020-11-04T17:16:59.892Z,buy,1.01e-06,1590.0,0.0016059
BCPT/BTC,1604510311706,2020-11-04T17:18:31.706Z,buy,1.01e-06,2803.0,0.00283103
BCPT/BTC,1604510427789,2020-11-04T17:20:27.789Z,buy,1.01e-06,550.0,0.0005555
BCPT/BTC,1604510643434,2020-11-04T17:24:03.434Z,buy,1.01e-06,547.0,0.00055247
BCPT/BTC,1604510684351,2020-11-04T17:24:44.351Z,sell,1e-06,5494.0,0.005494
BCPT/BTC,1604510789809,2020-11-04T17:26:29.809Z,sell,1e-06,6070.0,0.00607
BCPT/BTC,1604511059511,2020-11-04T17:30:59.511Z,buy,1.01e-06,220.0,0.0002222
BCPT/BTC,1604512263168,2020-11-04T17:51:03.168Z,buy,1.01e-06,1159.0,0.00117059
BCPT/BTC,1604512345153,2020-11-04T17:52:25.153Z,buy,1.01e-06,1160.0,0.0011716
BCPT/BTC,1604513345037,2020-11-04T18:09:05.037Z,sell,1e-06,36353.0,0.0363529999999999
BCPT/BTC,1604513408384,2020-11-04T18:10:08.384Z,buy,1e-06,101.0,0.000101
BCPT/BTC,1604513408384,2020-11-04T18:10:08.384Z,buy,1e-06,101.0,0.000101
BCPT/BTC,1604514269116,2020-11-04T18:24:29.116Z,buy,1e-06,226.0,0.000226
BCPT/BTC,1604514295059,2020-11-04T18:24:55.059Z,sell,9.9e-07,24737.0,0.02448963
BCPT/BTC,1604514591744,2020-11-04T18:29:51.744Z,buy,1e-06,120.0,0.0001199999999999
BCPT/BTC,1604514646026,2020-11-04T18:30:46.026Z,buy,1e-06,5907.0,0.005907
BCPT/BTC,1604515245020,2020-11-04T18:40:45.020Z,buy,1e-06,3858.0,0.003858
BCPT/BTC,1604515654462,2020-11-04T18:47:34.462Z,sell,1e-06,68673.0,0.068673
BCPT/BTC,1604515857285,2020-11-04T18:50:57.285Z,buy,1e-06,151348.0,0.1513479999999999
BCPT/BTC,1604515905779,2020-11-04T18:51:45.779Z,buy,1e-06,2848.0,0.002848
BCPT/BTC,1604515920802,2020-11-04T18:52:00.802Z,buy,1e-06,20354.0,0.020354
BCPT/BTC,1604516439548,2020-11-04T19:00:39.548Z,buy,1e-06,198.0,0.000198
BCPT/BTC,1604516514197,2020-11-04T19:01:54.197Z,buy,1e-06,6426.0,0.0064259999999999
BCPT/BTC,1604516624728,2020-11-04T19:03:44.728Z,buy,1e-06,7833.0,0.007833
BCPT/BTC,1604516722327,2020-11-04T19:05:22.327Z,buy,1e-06,4995.0,0.0049949999999999
BCPT/BTC,1604516722327,2020-11-04T19:05:22.327Z,buy,1e-06,4995.0,0.0049949999999999
BCPT/BTC,1604517594406,2020-11-04T19:19:54.406Z,buy,1e-06,448.0,0.000448
BCPT/BTC,1604519429447,2020-11-04T19:50:29.447Z,buy,1.01e-06,6490.0,0.0065549
BCPT/BTC,1604520121450,2020-11-04T20:02:01.450Z,sell,1e-06,2261.0,0.002261
BCPT/BTC,1604520138701,2020-11-04T20:02:18.701Z,sell,1e-06,4933.0,0.004933
BCPT/BTC,1604520171003,2020-11-04T20:02:51.003Z,sell,1e-06,3893.0,0.0038929999999999
BCPT/BTC,1604520234815,2020-11-04T20:03:54.815Z,sell,1e-06,2440.0,0.00244
BCPT/BTC,1604520234815,2020-11-04T20:03:54.815Z,sell,1e-06,2440.0,0.00244
BCPT/BTC,1604520645341,2020-11-04T20:10:45.341Z,sell,1e-06,10802.0,0.0108019999999999
BCPT/BTC,1604520677873,2020-11-04T20:11:17.873Z,sell,9.9e-07,36860.0,0.0364914
BCPT/BTC,1604520782252,2020-11-04T20:13:02.252Z,sell,9.9e-07,14440.0,0.0142956
BCPT/BTC,1604521807003,2020-11-04T20:30:07.003Z,buy,1e-06,27228.0,0.027228
BCPT/BTC,1604522749574,2020-11-04T20:45:49.574Z,sell,9.9e-07,100.0,9.9e-05
BCPT/BTC,1604522807496,2020-11-04T20:46:47.496Z,sell,9.9e-07,965.0,0.00095535
BCPT/BTC,1604523536670,2020-11-04T20:58:56.670Z,buy,1e-06,20401.0,0.020401
BCPT/BTC,1604523706786,2020-11-04T21:01:46.786Z,sell,9.9e-07,29052.0,0.02876148
BCPT/BTC,1604523708088,2020-11-04T21:01:48.088Z,buy,9.9e-07,120.0,0.0001188
BCPT/BTC,1604523708769,2020-11-04T21:01:48.769Z,sell,9.8e-07,686.0,0.0006722799999999
BCPT/BTC,1604523718840,2020-11-04T21:01:58.840Z,sell,9.8e-07,10863.0,0.0106457399999999
BCPT/BTC,1604523721224,2020-11-04T21:02:01.224Z,buy,9.8e-07,18093.0,0.01773114
BCPT/BTC,1604523722656,2020-11-04T21:02:02.656Z,buy,9.8e-07,216.0,0.0002116799999999
BCPT/BTC,1604523759668,2020-11-04T21:02:39.668Z,buy,9.8e-07,3187.0,0.0031232599999999
BCPT/BTC,1604523759668,2020-11-04T21:02:39.668Z,buy,9.8e-07,3187.0,0.0031232599999999
BCPT/BTC,1604523884943,2020-11-04T21:04:44.943Z,buy,9.8e-07,1932.0,0.00189336
BCPT/BTC,1604523907967,2020-11-04T21:05:07.967Z,buy,9.8e-07,103.0,0.0001009399999999
BCPT/BTC,1604524064646,2020-11-04T21:07:44.646Z,buy,9.8e-07,47852.0,0.04689496
BCPT/BTC,1604524152097,2020-11-04T21:09:12.097Z,buy,9.8e-07,924.0,0.0009055199999999
BCPT/BTC,1604524188915,2020-11-04T21:09:48.915Z,buy,9.8e-07,548.0,0.0005370399999999
BCPT/BTC,1604524375583,2020-11-04T21:12:55.583Z,buy,9.8e-07,418.0,0.0004096399999999
BCPT/BTC,1604524468707,2020-11-04T21:14:28.707Z,buy,9.8e-07,983.0,0.0009633399999999
BCPT/BTC,1604524488985,2020-11-04T21:14:48.985Z,buy,9.8e-07,3503.0,0.0034329399999999
BCPT/BTC,1604524551915,2020-11-04T21:15:51.915Z,buy,9.9e-07,134.0,0.00013266
BCPT/BTC,1604524551915,2020-11-04T21:15:51.915Z,buy,1e-06,79.0,7.9e-05
BCPT/BTC,1604525056863,2020-11-04T21:24:16.863Z,buy,1e-06,31527.0,0.031527
BCPT/BTC,1604525107942,2020-11-04T21:25:07.942Z,sell,1e-06,102.0,0.000102
BCPT/BTC,1604525161513,2020-11-04T21:26:01.513Z,sell,1e-06,575.0,0.000575
BCPT/BTC,1604525420777,2020-11-04T21:30:20.777Z,sell,1e-06,200.0,0.0001999999999999
BCPT/BTC,1604525420777,2020-11-04T21:30:20.777Z,sell,9.9e-07,1516.0,0.00150084
BCPT/BTC,1604525420777,2020-11-04T21:30:20.777Z,sell,1e-06,200.0,0.0001999999999999
BCPT/BTC,1604525420777,2020-11-04T21:30:20.777Z,sell,9.9e-07,1516.0,0.00150084
BCPT/BTC,1604529134958,2020-11-04T22:32:14.958Z,buy,1e-06,1865.0,0.001865
BCPT/BTC,1604529246920,2020-11-04T22:34:06.920Z,buy,1e-06,171.0,0.0001709999999999
BCPT/BTC,1604529247155,2020-11-04T22:34:07.155Z,buy,1e-06,1000.0,0.001
BCPT/BTC,1604529247157,2020-11-04T22:34:07.157Z,buy,1e-06,1000.0,0.001
BCPT/BTC,1604529480978,2020-11-04T22:38:00.978Z,buy,1e-06,279.0,0.000279
BCPT/BTC,1604529480978,2020-11-04T22:38:00.978Z,buy,1e-06,279.0,0.000279
BCPT/BTC,1604531195641,2020-11-04T23:06:35.641Z,sell,9.9e-07,2326.0,0.00230274
BCPT/BTC,1604531205899,2020-11-04T23:06:45.899Z,sell,9.9e-07,2483.0,0.00245817
BCPT/BTC,1604531233768,2020-11-04T23:07:13.768Z,sell,9.9e-07,4139.0,0.00409761
BCPT/BTC,1604532380604,2020-11-04T23:26:20.604Z,buy,9.9e-07,1015.0,0.00100485
BCPT/BTC,1604532380604,2020-11-04T23:26:20.604Z,buy,9.9e-07,1015.0,0.00100485
BCPT/BTC,1604533658711,2020-11-04T23:47:38.711Z,buy,9.9e-07,2232.0,0.00220968
BCPT/BTC,1604533658955,2020-11-04T23:47:38.955Z,buy,9.9e-07,1000.0,0.00099
BCPT/BTC,1604534884551,2020-11-05T00:08:04.551Z,buy,9.9e-07,1355.0,0.00134145
BCPT/BTC,1604535139785,2020-11-05T00:12:19.785Z,buy,9.9e-07,434.0,0.00042966
BCPT/BTC,1604535139785,2020-11-05T00:12:19.785Z,buy,9.9e-07,434.0,0.00042966
BCPT/BTC,1604536378071,2020-11-05T00:32:58.071Z,sell,9.9e-07,2500.0,0.002475
BCPT/BTC,1604538536191,2020-11-05T01:08:56.191Z,buy,1e-06,2575.0,0.002575
BCPT/BTC,1604538536191,2020-11-05T01:08:56.191Z,buy,1e-06,2575.0,0.002575
BCPT/BTC,1604539727510,2020-11-05T01:28:47.510Z,buy,1e-06,1845.0,0.0018449999999999
BCPT/BTC,1604540968359,2020-11-05T01:49:28.359Z,buy,1e-06,15850.0,0.01585
BCPT/BTC,1604541402268,2020-11-05T01:56:42.268Z,sell,9.9e-07,384.0,0.00038016
BCPT/BTC,1604541402268,2020-11-05T01:56:42.268Z,sell,9.9e-07,384.0,0.00038016
BCPT/BTC,1604544465454,2020-11-05T02:47:45.454Z,sell,9.9e-07,1295.0,0.00128205
BCPT/BTC,1604544469450,2020-11-05T02:47:49.450Z,sell,9.9e-07,630.0,0.0006237
BCPT/BTC,1604544529680,2020-11-05T02:48:49.680Z,buy,1e-06,1500.0,0.0015
BCPT/BTC,1604544529680,2020-11-05T02:48:49.680Z,buy,1e-06,1500.0,0.0015
BCPT/BTC,1604547812549,2020-11-05T03:43:32.549Z,sell,9.9e-07,125.0,0.00012375
BCPT/BTC,1604547855752,2020-11-05T03:44:15.752Z,sell,9.9e-07,659.0,0.00065241
BCPT/BTC,1604548097596,2020-11-05T03:48:17.596Z,sell,9.9e-07,418.0,0.00041382
BCPT/BTC,1604548097596,2020-11-05T03:48:17.596Z,sell,9.9e-07,418.0,0.00041382
BCPT/BTC,1604548260981,2020-11-05T03:51:00.981Z,sell,9.9e-07,185.0,0.00018315
BCPT/BTC,1604548743310,2020-11-05T03:59:03.310Z,sell,9.9e-07,110.0,0.0001089
BCPT/BTC,1604549277429,2020-11-05T04:07:57.429Z,buy,1e-06,300.0,0.0003
BCPT/BTC,1604549672987,2020-11-05T04:14:32.987Z,buy,1e-06,384.0,0.000384
BCPT/BTC,1604549679679,2020-11-05T04:14:39.679Z,sell,9.9e-07,13846.0,0.01370754
BCPT/BTC,1604549679679,2020-11-05T04:14:39.679Z,sell,9.8e-07,21247.0,0.02082206
BCPT/BTC,1604549679679,2020-11-05T04:14:39.679Z,sell,9.7e-07,5828.0,0.00565316
BCPT/BTC,1604549679679,2020-11-05T04:14:39.679Z,sell,9.6e-07,56287.0,0.05403552
BCPT/BTC,1604549679679,2020-11-05T04:14:39.679Z,sell,9.5e-07,7781.0,0.00739195
BCPT/BTC,1604549679679,2020-11-05T04:14:39.679Z,sell,9.4e-07,22799.0,0.02143106
BCPT/BTC,1604549679679,2020-11-05T04:14:39.679Z,sell,9.3e-07,28157.0,0.02618601
BCPT/BTC,1604549679841,2020-11-05T04:14:39.841Z,sell,9.4e-07,759.0,0.00071346
BCPT/BTC,1604549679891,2020-11-05T04:14:39.891Z,buy,9.4e-07,17701.0,0.01663894
BCPT/BTC,1604549679928,2020-11-05T04:14:39.928Z,buy,9.7e-07,17000.0,0.01649
BCPT/BTC,1604549679986,2020-11-05T04:14:39.986Z,buy,9.7e-07,134.0,0.00012998
BCPT/BTC,1604549681143,2020-11-05T04:14:41.143Z,sell,9.5e-07,3093.0,0.00293835
BCPT/BTC,1604549681494,2020-11-05T04:14:41.494Z,sell,9.5e-07,1031.0,0.00097945
BCPT/BTC,1604549681513,2020-11-05T04:14:41.513Z,buy,9.7e-07,509.0,0.00049373
BCPT/BTC,1604549681527,2020-11-05T04:14:41.527Z,buy,9.7e-07,9316.0,0.00903652
BCPT/BTC,1604549682182,2020-11-05T04:14:42.182Z,sell,9.6e-07,1038.0,0.00099648
BCPT/BTC,1604549691040,2020-11-05T04:14:51.040Z,sell,9.5e-07,107.0,0.00010165
BCPT/BTC,1604549691825,2020-11-05T04:14:51.825Z,sell,9.5e-07,108.0,0.0001026
BCPT/BTC,1604549696210,2020-11-05T04:14:56.210Z,buy,9.6e-07,1004.0,0.0009638399999999
BCPT/BTC,1604549698995,2020-11-05T04:14:58.995Z,buy,9.6e-07,2593.0,0.00248928
BCPT/BTC,1604549720087,2020-11-05T04:15:20.087Z,sell,9.5e-07,136.0,0.0001292
BCPT/BTC,1604549721433,2020-11-05T04:15:21.433Z,buy,9.6e-07,2399.0,0.0023030399999999
BCPT/BTC,1604549721433,2020-11-05T04:15:21.433Z,buy,9.7e-07,3100.0,0.003007
BCPT/BTC,1604549721522,2020-11-05T04:15:21.522Z,buy,9.7e-07,5957.0,0.00577829
BCPT/BTC,1604549722133,2020-11-05T04:15:22.133Z,sell,9.7e-07,122.0,0.00011834
BCPT/BTC,1604549722142,2020-11-05T04:15:22.142Z,sell,9.7e-07,104.0,0.00010088
BCPT/BTC,1604549745165,2020-11-05T04:15:45.165Z,buy,9.8e-07,2182.0,0.0021383599999999
BCPT/BTC,1604549841726,2020-11-05T04:17:21.726Z,buy,9.8e-07,300.0,0.000294
BCPT/BTC,1604549907110,2020-11-05T04:18:27.110Z,sell,9.7e-07,107.0,0.00010379
BCPT/BTC,1604550045238,2020-11-05T04:20:45.238Z,buy,9.8e-07,206.0,0.0002018799999999
BCPT/BTC,1604550179283,2020-11-05T04:22:59.283Z,buy,9.8e-07,112.0,0.0001097599999999
BCPT/BTC,1604550575132,2020-11-05T04:29:35.132Z,buy,9.8e-07,576.0,0.00056448
BCPT/BTC,1604550580319,2020-11-05T04:29:40.319Z,sell,9.7e-07,21905.0,0.02124785
BCPT/BTC,1604550793575,2020-11-05T04:33:13.575Z,sell,9.7e-07,4603.0,0.00446491
BCPT/BTC,1604550793575,2020-11-05T04:33:13.575Z,sell,9.7e-07,4603.0,0.00446491
BCPT/BTC,1604553011876,2020-11-05T05:10:11.876Z,sell,9.7e-07,548.0,0.00053156
BCPT/BTC,1604554194935,2020-11-05T05:29:54.935Z,sell,9.7e-07,3503.0,0.00339791
BCPT/BTC,1604554194935,2020-11-05T05:29:54.935Z,sell,9.7e-07,3503.0,0.00339791
BCPT/BTC,1604554957048,2020-11-05T05:42:37.048Z,sell,9.7e-07,2384.0,0.00231248
BCPT/BTC,1604555359641,2020-11-05T05:49:19.641Z,sell,9.7e-07,10999.0,0.01066903
BCPT/BTC,1604556130853,2020-11-05T06:02:10.853Z,buy,9.8e-07,7301.0,0.0071549799999999
BCPT/BTC,1604556130853,2020-11-05T06:02:10.853Z,buy,9.8e-07,7301.0,0.0071549799999999
BCPT/BTC,1604558544668,2020-11-05T06:42:24.668Z,sell,9.7e-07,2831.0,0.00274607
BCPT/BTC,1604558545767,2020-11-05T06:42:25.767Z,sell,9.6e-07,21063.0,0.02022048
BCPT/BTC,1604558810476,2020-11-05T06:46:50.476Z,sell,9.6e-07,2433.0,0.0023356799999999
BCPT/BTC,1604559651262,2020-11-05T07:00:51.262Z,sell,9.6e-07,786.0,0.0007545599999999
BCPT/BTC,1604559651262,2020-11-05T07:00:51.262Z,sell,9.6e-07,786.0,0.0007545599999999
BCPT/BTC,1604559845789,2020-11-05T07:04:05.789Z,sell,9.6e-07,6782.0,0.0065107199999999
BCPT/BTC,1604560410394,2020-11-05T07:13:30.394Z,sell,9.6e-07,500.0,0.0004799999999999
BCPT/BTC,1604560861419,2020-11-05T07:21:01.419Z,buy,9.6e-07,15595.0,0.0149711999999999
BCPT/BTC,1604561466032,2020-11-05T07:31:06.032Z,buy,9.6e-07,430.0,0.0004127999999999
BCPT/BTC,1604562142958,2020-11-05T07:42:22.958Z,sell,9.5e-07,7221.0,0.00685995
BCPT/BTC,1604562144722,2020-11-05T07:42:24.722Z,sell,9.5e-07,1042.0,0.0009899
BCPT/BTC,1604562181731,2020-11-05T07:43:01.731Z,sell,9.5e-07,2912.0,0.0027664
BCPT/BTC,1604562232073,2020-11-05T07:43:52.073Z,sell,9.5e-07,1626.0,0.0015447
BCPT/BTC,1604562246986,2020-11-05T07:44:06.986Z,sell,9.5e-07,3718.0,0.0035321
BCPT/BTC,1604562251377,2020-11-05T07:44:11.377Z,sell,9.5e-07,3718.0,0.0035321
BCPT/BTC,1604562255340,2020-11-05T07:44:15.340Z,sell,9.5e-07,1458.0,0.0013851
BCPT/BTC,1604562782554,2020-11-05T07:53:02.554Z,sell,9.4e-07,3819.0,0.00358986
BCPT/BTC,1604562789919,2020-11-05T07:53:09.919Z,sell,9.4e-07,137.0,0.00012878
BCPT/BTC,1604563034880,2020-11-05T07:57:14.880Z,buy,9.5e-07,9477.0,0.00900315
BCPT/BTC,1604563048325,2020-11-05T07:57:28.325Z,buy,9.6e-07,28917.0,0.0277603199999999
BCPT/BTC,1604563091562,2020-11-05T07:58:11.562Z,buy,9.6e-07,38295.0,0.0367631999999999
BCPT/BTC,1604563123664,2020-11-05T07:58:43.664Z,buy,9.6e-07,34646.0,0.03326016
BCPT/BTC,1604563142299,2020-11-05T07:59:02.299Z,sell,9.6e-07,3649.0,0.00350304
BCPT/BTC,1604563184627,2020-11-05T07:59:44.627Z,buy,9.7e-07,18571.0,0.01801387
BCPT/BTC,1604563220732,2020-11-05T08:00:20.732Z,buy,9.7e-07,28425.0,0.02757225
BCPT/BTC,1604563220732,2020-11-05T08:00:20.732Z,buy,9.7e-07,28425.0,0.02757225
BCPT/BTC,1604563299433,2020-11-05T08:01:39.433Z,buy,9.7e-07,805.0,0.00078085
BCPT/BTC,1604563330526,2020-11-05T08:02:10.526Z,buy,9.7e-07,10961.0,0.01063217
BCPT/BTC,1604563383855,2020-11-05T08:03:03.855Z,buy,9.7e-07,38253.0,0.03710541
BCPT/BTC,1604563384150,2020-11-05T08:03:04.150Z,sell,9.7e-07,105.0,0.00010185
BCPT/BTC,1604563402620,2020-11-05T08:03:22.620Z,buy,9.8e-07,40172.0,0.03936856
BCPT/BTC,1604563458153,2020-11-05T08:04:18.153Z,buy,9.8e-07,40707.0,0.0398928599999999
BCPT/BTC,1604563470910,2020-11-05T08:04:30.910Z,buy,9.9e-07,23140.0,0.0229086
BCPT/BTC,1604563494229,2020-11-05T08:04:54.229Z,sell,9.9e-07,7119.0,0.00704781
BCPT/BTC,1604563494245,2020-11-05T08:04:54.245Z,sell,9.9e-07,10934.0,0.01082466
BCPT/BTC,1604563595600,2020-11-05T08:06:35.600Z,buy,9.9e-07,46071.0,0.04561029
BCPT/BTC,1604563604528,2020-11-05T08:06:44.528Z,sell,9.9e-07,600.0,0.000594
BCPT/BTC,1604563647605,2020-11-05T08:07:27.605Z,buy,1e-06,51435.0,0.0514349999999999
BCPT/BTC,1604563648506,2020-11-05T08:07:28.506Z,sell,1e-06,135.0,0.000135
BCPT/BTC,1604563748104,2020-11-05T08:09:08.104Z,buy,1.01e-06,45681.0,0.04613781
BCPT/BTC,1604563756919,2020-11-05T08:09:16.919Z,sell,1.01e-06,300.0,0.000303
BCPT/BTC,1604563807390,2020-11-05T08:10:07.390Z,sell,1.01e-06,696.0,0.00070296
BCPT/BTC,1604563807668,2020-11-05T08:10:07.668Z,sell,1.01e-06,102.0,0.00010302
BCPT/BTC,1604563881660,2020-11-05T08:11:21.660Z,sell,1.01e-06,100.0,0.000101
BCPT/BTC,1604563903401,2020-11-05T08:11:43.401Z,sell,1.01e-06,18620.0,0.0188062
BCPT/BTC,1604563940406,2020-11-05T08:12:20.406Z,sell,1.01e-06,700.0,0.000707
BCPT/BTC,1604563973160,2020-11-05T08:12:53.160Z,buy,1.02e-06,9825.0,0.0100215
BCPT/BTC,1604563973160,2020-11-05T08:12:53.160Z,buy,1.03e-06,30310.0,0.0312193
BCPT/BTC,1604564005929,2020-11-05T08:13:25.929Z,sell,1.03e-06,300.0,0.000309
BCPT/BTC,1604564048139,2020-11-05T08:14:08.139Z,sell,1.03e-06,101.0,0.00010403
BCPT/BTC,1604564188189,2020-11-05T08:16:28.189Z,sell,1.03e-06,500.0,0.000515
BCPT/BTC,1604564191413,2020-11-05T08:16:31.413Z,sell,1.03e-06,1583.0,0.00163049
BCPT/BTC,1604564288212,2020-11-05T08:18:08.212Z,sell,1.03e-06,196.0,0.00020188
BCPT/BTC,1604564335210,2020-11-05T08:18:55.210Z,sell,1.03e-06,19400.0,0.019982
BCPT/BTC,1604564350233,2020-11-05T08:19:10.233Z,buy,1.04e-06,2092.0,0.00217568
BCPT/BTC,1604564350233,2020-11-05T08:19:10.233Z,buy,1.05e-06,583.0,0.0006121499999999
BCPT/BTC,1604564505246,2020-11-05T08:21:45.246Z,buy,1.05e-06,76164.0,0.0799722
BCPT/BTC,1604564505833,2020-11-05T08:21:45.833Z,sell,1.05e-06,128.0,0.0001344
BCPT/BTC,1604564508350,2020-11-05T08:21:48.350Z,sell,1.05e-06,300.0,0.0003149999999999
BCPT/BTC,1604564526020,2020-11-05T08:22:06.020Z,sell,1.05e-06,283.0,0.00029715
BCPT/BTC,1604564534719,2020-11-05T08:22:14.719Z,sell,1.05e-06,11299.0,0.0118639499999999
BCPT/BTC,1604564535919,2020-11-05T08:22:15.919Z,buy,1.06e-06,1000.0,0.00106
BCPT/BTC,1604564541545,2020-11-05T08:22:21.545Z,sell,1.05e-06,1000.0,0.00105
BCPT/BTC,1604564571102,2020-11-05T08:22:51.102Z,sell,1.05e-06,500.0,0.000525
BCPT/BTC,1604564588068,2020-11-05T08:23:08.068Z,sell,1.05e-06,107798.0,0.1131879
BCPT/BTC,1604564602790,2020-11-05T08:23:22.790Z,sell,1.04e-06,167.0,0.00017368
BCPT/BTC,1604564602790,2020-11-05T08:23:22.790Z,sell,1.03e-06,148.0,0.00015244
BCPT/BTC,1604564602790,2020-11-05T08:23:22.790Z,sell,1.02e-06,212.0,0.00021624
BCPT/BTC,1604564602790,2020-11-05T08:23:22.790Z,sell,1.01e-06,2913.0,0.00294213
BCPT/BTC,1604564602790,2020-11-05T08:23:22.790Z,sell,1e-06,181.0,0.0001809999999999
BCPT/BTC,1604564603054,2020-11-05T08:23:23.054Z,buy,1e-06,155.0,0.000155
BCPT/BTC,1604564619644,2020-11-05T08:23:39.644Z,buy,1e-06,2618.0,0.0026179999999999
BCPT/BTC,1604564647563,2020-11-05T08:24:07.563Z,buy,1e-06,54757.0,0.054757
BCPT/BTC,1604564648734,2020-11-05T08:24:08.734Z,buy,1.01e-06,181.0,0.00018281
BCPT/BTC,1604564651358,2020-11-05T08:24:11.358Z,buy,1.02e-06,2913.0,0.00297126
BCPT/BTC,1604564657929,2020-11-05T08:24:17.929Z,sell,1e-06,874.0,0.000874
BCPT/BTC,1604564666287,2020-11-05T08:24:26.287Z,sell,1.01e-06,176.0,0.00017776
BCPT/BTC,1604564683375,2020-11-05T08:24:43.375Z,sell,1e-06,1004.0,0.001004
BCPT/BTC,1604564833019,2020-11-05T08:27:13.019Z,buy,1.01e-06,5.0,5.050000000000001e-06
BCPT/BTC,1604564884679,2020-11-05T08:28:04.679Z,buy,1.02e-06,100.0,0.000102
BCPT/BTC,1604564892031,2020-11-05T08:28:12.031Z,buy,1.02e-06,769.0,0.00078438
BCPT/BTC,1604564896872,2020-11-05T08:28:16.872Z,buy,1.03e-06,212.0,0.00021836
BCPT/BTC,1604564897174,2020-11-05T08:28:17.174Z,sell,1.03e-06,109.0,0.00011227
BCPT/BTC,1604564919436,2020-11-05T08:28:39.436Z,buy,1.04e-06,148.0,0.00015392
BCPT/BTC,1604564919436,2020-11-05T08:28:39.436Z,buy,1.05e-06,3408.0,0.0035784
BCPT/BTC,1604564923814,2020-11-05T08:28:43.814Z,sell,1.05e-06,91571.0,0.0961495499999999
BCPT/BTC,1604564943377,2020-11-05T08:29:03.377Z,buy,1.06e-06,22322.0,0.02366132
BCPT/BTC,1604564947993,2020-11-05T08:29:07.993Z,sell,1.06e-06,100.0,0.000106
BCPT/BTC,1604564954928,2020-11-05T08:29:14.928Z,sell,1.06e-06,62428.0,0.06617368
BCPT/BTC,1604564966792,2020-11-05T08:29:26.792Z,buy,1.07e-06,25295.0,0.0270656499999999
BCPT/BTC,1604564978312,2020-11-05T08:29:38.312Z,sell,1.07e-06,25000.0,0.02675
BCPT/BTC,1604564984051,2020-11-05T08:29:44.051Z,sell,1.07e-06,105.0,0.00011235
BCPT/BTC,1604564995645,2020-11-05T08:29:55.645Z,sell,1.07e-06,250.0,0.0002675
BCPT/BTC,1604565010976,2020-11-05T08:30:10.976Z,sell,1.07e-06,33071.0,0.0353859699999999
BCPT/BTC,1604565035024,2020-11-05T08:30:35.024Z,sell,1.07e-06,926.0,0.00099082
BCPT/BTC,1604565049555,2020-11-05T08:30:49.555Z,sell,1.07e-06,750.0,0.0008024999999999
BCPT/BTC,1604565050282,2020-11-05T08:30:50.282Z,sell,1.07e-06,37206.0,0.03981042
BCPT/BTC,1604565075834,2020-11-05T08:31:15.834Z,buy,1.07e-06,1185.0,0.00126795
BCPT/BTC,1604565079212,2020-11-05T08:31:19.212Z,sell,1.07e-06,1922.0,0.00205654
BCPT/BTC,1604565096923,2020-11-05T08:31:36.923Z,sell,1.06e-06,201.0,0.00021306
BCPT/BTC,1604565096923,2020-11-05T08:31:36.923Z,sell,1.05e-06,136.0,0.0001427999999999
BCPT/BTC,1604565096923,2020-11-05T08:31:36.923Z,sell,1.04e-06,167.0,0.00017368
BCPT/BTC,1604565096923,2020-11-05T08:31:36.923Z,sell,1.03e-06,148.0,0.00015244
BCPT/BTC,1604565096923,2020-11-05T08:31:36.923Z,sell,1.02e-06,212.0,0.00021624
BCPT/BTC,1604565096923,2020-11-05T08:31:36.923Z,sell,1.01e-06,2390.0,0.0024139
BCPT/BTC,1604565101369,2020-11-05T08:31:41.369Z,buy,1.02e-06,101.0,0.00010302
BCPT/BTC,1604565105384,2020-11-05T08:31:45.384Z,sell,1.02e-06,176.0,0.00017952
BCPT/BTC,1604565110599,2020-11-05T08:31:50.599Z,buy,1.03e-06,212.0,0.00021836
BCPT/BTC,1604565128926,2020-11-05T08:32:08.926Z,buy,1.04e-06,148.0,0.00015392
BCPT/BTC,1604565131572,2020-11-05T08:32:11.572Z,sell,1.03e-06,300.0,0.000309
BCPT/BTC,1604565137376,2020-11-05T08:32:17.376Z,buy,1.05e-06,926.0,0.0009722999999999
BCPT/BTC,1604565144904,2020-11-05T08:32:24.904Z,buy,1.05e-06,1469.0,0.00154245
BCPT/BTC,1604565152882,2020-11-05T08:32:32.882Z,sell,1.05e-06,5285.0,0.0055492499999999
BCPT/BTC,1604565157137,2020-11-05T08:32:37.137Z,sell,1.05e-06,55424.0,0.0581951999999999
BCPT/BTC,1604565414730,2020-11-05T08:36:54.730Z,sell,1.04e-06,167.0,0.00017368
BCPT/BTC,1604565425108,2020-11-05T08:37:05.108Z,sell,1.03e-06,44211.0,0.04553733
BCPT/BTC,1604565428391,2020-11-05T08:37:08.391Z,sell,1.03e-06,12556.0,0.01293268
BCPT/BTC,1604565437226,2020-11-05T08:37:17.226Z,sell,1.02e-06,3220.0,0.0032844
BCPT/BTC,1604565542262,2020-11-05T08:39:02.262Z,sell,1.02e-06,5200.0,0.005304
BCPT/BTC,1604565560970,2020-11-05T08:39:20.970Z,buy,1.03e-06,533.0,0.00054899
BCPT/BTC,1604565790488,2020-11-05T08:43:10.488Z,buy,1.03e-06,533.0,0.00054899
BCPT/BTC,1604566000035,2020-11-05T08:46:40.035Z,sell,1.02e-06,2226.0,0.00227052
BCPT/BTC,1604566028139,2020-11-05T08:47:08.139Z,buy,1.02e-06,99.0,0.00010098
BCPT/BTC,1604566115962,2020-11-05T08:48:35.962Z,sell,1.01e-06,981.0,0.00099081
BCPT/BTC,1604566122465,2020-11-05T08:48:42.465Z,sell,1.01e-06,10335.0,0.01043835
BCPT/BTC,1604566157658,2020-11-05T08:49:17.658Z,sell,1.01e-06,35155.0,0.03550655
BCPT/BTC,1604566339113,2020-11-05T08:52:19.113Z,buy,1.02e-06,484.0,0.00049368
BCPT/BTC,1604566666915,2020-11-05T08:57:46.915Z,buy,1.02e-06,538.0,0.00054876
BCPT/BTC,1604566666915,2020-11-05T08:57:46.915Z,buy,1.02e-06,538.0,0.00054876
BCPT/BTC,1604567574346,2020-11-05T09:12:54.346Z,buy,1.02e-06,6486.0,0.0066157199999999
BCPT/BTC,1604567685129,2020-11-05T09:14:45.129Z,sell,1.01e-06,3107.0,0.00313807
BCPT/BTC,1604568056059,2020-11-05T09:20:56.059Z,sell,1.01e-06,3281.0,0.00331381
BCPT/BTC,1604568266438,2020-11-05T09:24:26.438Z,sell,1.01e-06,9309.0,0.00940209
BCPT/BTC,1604568266438,2020-11-05T09:24:26.438Z,sell,1e-06,3686.0,0.003686
BCPT/BTC,1604568543733,2020-11-05T09:29:03.733Z,sell,1e-06,3732.0,0.0037319999999999
BCPT/BTC,1604568544437,2020-11-05T09:29:04.437Z,sell,9.9e-07,8697.0,0.00861003
BCPT/BTC,1604568560098,2020-11-05T09:29:20.098Z,sell,9.9e-07,25431.0,0.02517669
BCPT/BTC,1604568560976,2020-11-05T09:29:20.976Z,buy,9.9e-07,127.0,0.00012573
BCPT/BTC,1604568564315,2020-11-05T09:29:24.315Z,sell,9.8e-07,484.0,0.0004743199999999
BCPT/BTC,1604568599333,2020-11-05T09:29:59.333Z,buy,9.9e-07,554.0,0.00054846
BCPT/BTC,1604568772351,2020-11-05T09:32:52.351Z,buy,9.9e-07,554.0,0.00054846
BCPT/BTC,1604568788178,2020-11-05T09:33:08.178Z,buy,9.9e-07,102.0,0.00010098
BCPT/BTC,1604568811266,2020-11-05T09:33:31.266Z,sell,9.8e-07,47518.0,0.0465676399999999
BCPT/BTC,1604568817746,2020-11-05T09:33:37.746Z,sell,9.7e-07,138.0,0.00013386
BCPT/BTC,1604568838997,2020-11-05T09:33:58.997Z,sell,9.7e-07,2780.0,0.0026966
BCPT/BTC,1604568839017,2020-11-05T09:33:59.017Z,buy,9.7e-07,514.0,0.00049858
BCPT/BTC,1604568843018,2020-11-05T09:34:03.018Z,buy,9.7e-07,20515.0,0.01989955
BCPT/BTC,1604568905593,2020-11-05T09:35:05.593Z,buy,9.7e-07,113.0,0.00010961
BCPT/BTC,1604568911102,2020-11-05T09:35:11.102Z,buy,9.8e-07,1020.0,0.0009996
BCPT/BTC,1604568924496,2020-11-05T09:35:24.496Z,buy,9.8e-07,1200.0,0.001176
BCPT/BTC,1604568954981,2020-11-05T09:35:54.981Z,buy,9.8e-07,560.0,0.0005488
BCPT/BTC,1604568966932,2020-11-05T09:36:06.932Z,buy,9.8e-07,14112.0,0.0138297599999999
BCPT/BTC,1604569110809,2020-11-05T09:38:30.809Z,sell,9.7e-07,14097.0,0.01367409
BCPT/BTC,1604569129882,2020-11-05T09:38:49.882Z,buy,9.8e-07,18663.0,0.01828974
BCPT/BTC,1604569374553,2020-11-05T09:42:54.553Z,sell,9.8e-07,300.0,0.000294
BCPT/BTC,1604569641317,2020-11-05T09:47:21.317Z,buy,9.9e-07,34870.0,0.0345213
BCPT/BTC,1604569641317,2020-11-05T09:47:21.317Z,buy,1e-06,333.0,0.0003329999999999
BCPT/BTC,1604569688179,2020-11-05T09:48:08.179Z,sell,1e-06,104.0,0.000104
BCPT/BTC,1604569868246,2020-11-05T09:51:08.246Z,sell,1e-06,102.0,0.000102
BCPT/BTC,1604569975742,2020-11-05T09:52:55.742Z,buy,1.01e-06,1383.0,0.00139683
BCPT/BTC,1604570000737,2020-11-05T09:53:20.737Z,sell,1e-06,300.0,0.0003
BCPT/BTC,1604570000737,2020-11-05T09:53:20.737Z,sell,1e-06,300.0,0.0003
BCPT/BTC,1604570340044,2020-11-05T09:59:00.044Z,sell,1e-06,2629.0,0.002629
BCPT/BTC,1604570382267,2020-11-05T09:59:42.267Z,buy,1.01e-06,5822.0,0.00588022
BCPT/BTC,1604570468167,2020-11-05T10:01:08.167Z,sell,1.01e-06,101.0,0.00010201
BCPT/BTC,1604570570223,2020-11-05T10:02:50.223Z,sell,1.01e-06,300.0,0.000303
BCPT/BTC,1604570581999,2020-11-05T10:03:01.999Z,buy,1.02e-06,543.0,0.00055386
BCPT/BTC,1604570593154,2020-11-05T10:03:13.154Z,sell,1.01e-06,14421.0,0.01456521
BCPT/BTC,1604570601817,2020-11-05T10:03:21.817Z,sell,1e-06,390.0,0.00039
BCPT/BTC,1604571031718,2020-11-05T10:10:31.718Z,sell,1e-06,12598.0,0.012598
BCPT/BTC,1604571043958,2020-11-05T10:10:43.958Z,sell,1e-06,536.0,0.000536
BCPT/BTC,1604571184225,2020-11-05T10:13:04.225Z,buy,1.01e-06,699.0,0.00070599
BCPT/BTC,1604571410542,2020-11-05T10:16:50.542Z,buy,1.01e-06,597.0,0.00060297
BCPT/BTC,1604572162541,2020-11-05T10:29:22.541Z,buy,1.01e-06,593.0,0.00059893
BCPT/BTC,1604573100541,2020-11-05T10:45:00.541Z,sell,1e-06,2067.0,0.002067
BCPT/BTC,1604573378817,2020-11-05T10:49:38.817Z,buy,1.01e-06,285.0,0.00028785
BCPT/BTC,1604573378833,2020-11-05T10:49:38.833Z,buy,1.01e-06,5323.0,0.00537623
BCPT/BTC,1604573574000,2020-11-05T10:52:54.000Z,sell,1e-06,8000.0,0.008
BCPT/BTC,1604573574000,2020-11-05T10:52:54.000Z,sell,1e-06,8000.0,0.008
BCPT/BTC,1604573870750,2020-11-05T10:57:50.750Z,sell,1e-06,7865.0,0.007865
BCPT/BTC,1604573914399,2020-11-05T10:58:34.399Z,buy,1.01e-06,990.0,0.0009999
BCPT/BTC,1604573917422,2020-11-05T10:58:37.422Z,sell,1e-06,242226.0,0.242226
BCPT/BTC,1604573967904,2020-11-05T10:59:27.904Z,sell,1e-06,491650.0,0.49165
BCPT/BTC,1604574074204,2020-11-05T11:01:14.204Z,sell,1e-06,12598.0,0.012598
BCPT/BTC,1604574144791,2020-11-05T11:02:24.791Z,sell,1e-06,190022.0,0.190022
BCPT/BTC,1604574196117,2020-11-05T11:03:16.117Z,buy,1e-06,2739.0,0.0027389999999999
BCPT/BTC,1604575658238,2020-11-05T11:27:38.238Z,sell,9.9e-07,493.0,0.00048807
BCPT/BTC,1604575988236,2020-11-05T11:33:08.236Z,sell,9.9e-07,399.0,0.00039501
BCPT/BTC,1604576394029,2020-11-05T11:39:54.029Z,sell,9.9e-07,2374.0,0.00235026
BCPT/BTC,1604576926941,2020-11-05T11:48:46.941Z,buy,9.9e-07,300.0,0.000297
BCPT/BTC,1604576926941,2020-11-05T11:48:46.941Z,buy,9.9e-07,300.0,0.000297
BCPT/BTC,1604577229124,2020-11-05T11:53:49.124Z,sell,9.8e-07,263.0,0.00025774
BCPT/BTC,1604577248665,2020-11-05T11:54:08.665Z,buy,9.8e-07,103.0,0.0001009399999999
BCPT/BTC,1604577347473,2020-11-05T11:55:47.473Z,sell,9.7e-07,482.0,0.00046754
BCPT/BTC,1604577347473,2020-11-05T11:55:47.473Z,sell,9.6e-07,16205.0,0.0155567999999999
BCPT/BTC,1604577348294,2020-11-05T11:55:48.294Z,buy,9.6e-07,3801.0,0.0036489599999999
BCPT/BTC,1604577348389,2020-11-05T11:55:48.389Z,buy,9.6e-07,4512.0,0.0043315199999999
BCPT/BTC,1604577354078,2020-11-05T11:55:54.078Z,sell,9.6e-07,138.0,0.0001324799999999
BCPT/BTC,1604577370983,2020-11-05T11:56:10.983Z,sell,9.6e-07,3228.0,0.0030988799999999
BCPT/BTC,1604577370983,2020-11-05T11:56:10.983Z,sell,9.5e-07,343.0,0.00032585
BCPT/BTC,1604577629369,2020-11-05T12:00:29.369Z,buy,9.7e-07,1648.0,0.00159856
BCPT/BTC,1604578056833,2020-11-05T12:07:36.833Z,buy,9.7e-07,1288.0,0.00124936
BCPT/BTC,1604578667342,2020-11-05T12:17:47.342Z,buy,9.8e-07,12886.0,0.0126282799999999
BCPT/BTC,1604578688301,2020-11-05T12:18:08.301Z,buy,9.8e-07,56589.0,0.0554572199999999
BCPT/BTC,1604578691071,2020-11-05T12:18:11.071Z,buy,9.9e-07,6230.0,0.0061677
BCPT/BTC,1604578868187,2020-11-05T12:21:08.187Z,sell,9.9e-07,103.0,0.00010197
BCPT/BTC,1604579223207,2020-11-05T12:27:03.207Z,sell,9.9e-07,3632.0,0.00359568
BCPT/BTC,1604579346026,2020-11-05T12:29:06.026Z,sell,9.9e-07,10471.0,0.01036629
BCPT/BTC,1604579346026,2020-11-05T12:29:06.026Z,sell,9.8e-07,64504.0,0.0632139199999999
BCPT/BTC,1604579424345,2020-11-05T12:30:24.345Z,sell,9.9e-07,483.0,0.00047817
BCPT/BTC,1604579616944,2020-11-05T12:33:36.944Z,sell,9.9e-07,428.0,0.00042372
BCPT/BTC,1604579780510,2020-11-05T12:36:20.510Z,sell,9.9e-07,1286.0,0.00127314
BCPT/BTC,1604579968114,2020-11-05T12:39:28.114Z,sell,9.9e-07,2046.0,0.00202554
BCPT/BTC,1604579977725,2020-11-05T12:39:37.725Z,buy,1e-06,2023.0,0.002023
BCPT/BTC,1604580081019,2020-11-05T12:41:21.019Z,sell,9.8e-07,21000.0,0.0205799999999999
BCPT/BTC,1604580089463,2020-11-05T12:41:29.463Z,buy,1e-06,20075.0,0.020075
BCPT/BTC,1604580089463,2020-11-05T12:41:29.463Z,buy,1.01e-06,281.0,0.00028381
BCPT/BTC,1604580285245,2020-11-05T12:44:45.245Z,buy,1.01e-06,137.0,0.00013837
BCPT/BTC,1604580354889,2020-11-05T12:45:54.889Z,sell,9.9e-07,11823.0,0.01170477
BCPT/BTC,1604580354889,2020-11-05T12:45:54.889Z,sell,9.8e-07,174656.0,0.17116288
BCPT/BTC,1604580375859,2020-11-05T12:46:15.859Z,buy,1e-06,118.0,0.000118
BCPT/BTC,1604580376851,2020-11-05T12:46:16.851Z,sell,9.9e-07,354.0,0.00035046
BCPT/BTC,1604580376910,2020-11-05T12:46:16.910Z,buy,9.9e-07,289.0,0.00028611
BCPT/BTC,1604580410802,2020-11-05T12:46:50.802Z,sell,9.8e-07,300.0,0.000294
BCPT/BTC,1604580418684,2020-11-05T12:46:58.684Z,sell,9.9e-07,269.0,0.00026631
BCPT/BTC,1604580418684,2020-11-05T12:46:58.684Z,sell,9.8e-07,3302.0,0.00323596
BCPT/BTC,1604580447416,2020-11-05T12:47:27.416Z,sell,9.9e-07,269.0,0.00026631
BCPT/BTC,1604580465617,2020-11-05T12:47:45.617Z,sell,9.9e-07,145.0,0.00014355
BCPT/BTC,1604580478367,2020-11-05T12:47:58.367Z,sell,9.9e-07,113.0,0.00011187
BCPT/BTC,1604580485640,2020-11-05T12:48:05.640Z,sell,9.9e-07,703.0,0.00069597
BCPT/BTC,1604580507440,2020-11-05T12:48:27.440Z,sell,9.9e-07,751.0,0.00074349
BCPT/BTC,1604580507440,2020-11-05T12:48:27.440Z,sell,9.9e-07,751.0,0.00074349
BCPT/BTC,1604580577093,2020-11-05T12:49:37.093Z,sell,9.9e-07,339.0,0.00033561
BCPT/BTC,1604580752973,2020-11-05T12:52:32.973Z,sell,9.9e-07,521.0,0.00051579
BCPT/BTC,1604580861359,2020-11-05T12:54:21.359Z,sell,9.8e-07,136.0,0.00013328
BCPT/BTC,1604580969456,2020-11-05T12:56:09.456Z,sell,9.8e-07,127.0,0.0001244599999999
BCPT/BTC,1604581088220,2020-11-05T12:58:08.220Z,buy,9.8e-07,103.0,0.0001009399999999
BCPT/BTC,1604581352854,2020-11-05T13:02:32.854Z,sell,9.7e-07,915.0,0.00088755
BCPT/BTC,1604581395970,2020-11-05T13:03:15.970Z,sell,9.6e-07,138.0,0.0001324799999999
BCPT/BTC,1604581429979,2020-11-05T13:03:49.979Z,sell,9.6e-07,711.0,0.0006825599999999
BCPT/BTC,1604581508808,2020-11-05T13:05:08.808Z,sell,9.6e-07,224.0,0.0002150399999999
BCPT/BTC,1604581562141,2020-11-05T13:06:02.141Z,sell,9.6e-07,119.0,0.0001142399999999
BCPT/BTC,1604581886395,2020-11-05T13:11:26.395Z,buy,9.7e-07,202.0,0.00019594
BCPT/BTC,1604581983390,2020-11-05T13:13:03.390Z,buy,9.7e-07,260.0,0.0002522
BCPT/BTC,1604582566763,2020-11-05T13:22:46.763Z,sell,9.6e-07,369.0,0.0003542399999999
BCPT/BTC,1604582628700,2020-11-05T13:23:48.700Z,sell,9.6e-07,314.0,0.00030144
BCPT/BTC,1604582628700,2020-11-05T13:23:48.700Z,sell,9.5e-07,238.0,0.0002261
BCPT/BTC,1604583852876,2020-11-05T13:44:12.876Z,sell,9.6e-07,1431.0,0.00137376
BCPT/BTC,1604584003141,2020-11-05T13:46:43.141Z,buy,9.7e-07,311.0,0.00030167
BCPT/BTC,1604584003141,2020-11-05T13:46:43.141Z,buy,9.8e-07,670.0,0.0006565999999999
BCPT/BTC,1604584003141,2020-11-05T13:46:43.141Z,buy,9.7e-07,311.0,0.00030167
BCPT/BTC,1604584003141,2020-11-05T13:46:43.141Z,buy,9.8e-07,670.0,0.0006565999999999
BCPT/BTC,1604584770430,2020-11-05T13:59:30.430Z,buy,9.8e-07,1856.0,0.00181888
BCPT/BTC,1604585590222,2020-11-05T14:13:10.222Z,buy,9.8e-07,303.0,0.00029694
BCPT/BTC,1604585697463,2020-11-05T14:14:57.463Z,buy,9.8e-07,3732.0,0.0036573599999999
BCPT/BTC,1604585697484,2020-11-05T14:14:57.484Z,buy,9.8e-07,4575.0,0.0044835
BCPT/BTC,1604586083552,2020-11-05T14:21:23.552Z,buy,9.9e-07,2223.0,0.00220077
BCPT/BTC,1604586096663,2020-11-05T14:21:36.663Z,sell,9.9e-07,2259.0,0.00223641
BCPT/BTC,1604586127940,2020-11-05T14:22:07.940Z,sell,9.9e-07,103.0,0.00010197
BCPT/BTC,1604586302920,2020-11-05T14:25:02.920Z,sell,9.9e-07,33749.0,0.03341151
BCPT/BTC,1604586417216,2020-11-05T14:26:57.216Z,sell,9.9e-07,1827.0,0.00180873
BCPT/BTC,1604586417898,2020-11-05T14:26:57.898Z,sell,9.9e-07,4093.0,0.00405207
BCPT/BTC,1604586560105,2020-11-05T14:29:20.105Z,buy,1e-06,725.0,0.000725
BCPT/BTC,1604586783726,2020-11-05T14:33:03.726Z,buy,1e-06,167.0,0.000167
BCPT/BTC,1604586848022,2020-11-05T14:34:08.022Z,sell,1e-06,3208.0,0.003208
BCPT/BTC,1604586953223,2020-11-05T14:35:53.223Z,sell,1e-06,198.0,0.000198
BCPT/BTC,1604587184005,2020-11-05T14:39:44.005Z,sell,1e-06,9000.0,0.009
BCPT/BTC,1604587184005,2020-11-05T14:39:44.005Z,sell,1e-06,9000.0,0.009
BCPT/BTC,1604587900319,2020-11-05T14:51:40.319Z,buy,1.01e-06,3590.0,0.0036259
BCPT/BTC,1604588118559,2020-11-05T14:55:18.559Z,buy,1.01e-06,8053.0,0.00813353
BCPT/BTC,1604588994775,2020-11-05T15:09:54.775Z,sell,1.01e-06,396.0,0.00039996
BCPT/BTC,1604589011639,2020-11-05T15:10:11.639Z,buy,1.02e-06,385.0,0.0003927
BCPT/BTC,1604589542734,2020-11-05T15:19:02.734Z,buy,1.02e-06,7490.0,0.0076397999999999
BCPT/BTC,1604589656773,2020-11-05T15:20:56.773Z,sell,1.02e-06,24236.0,0.0247207199999999
BCPT/BTC,1604589692101,2020-11-05T15:21:32.101Z,sell,1.01e-06,22012.0,0.02223212
BCPT/BTC,1604589829626,2020-11-05T15:23:49.626Z,sell,1.01e-06,9527.0,0.00962227
BCPT/BTC,1604590387876,2020-11-05T15:33:07.876Z,sell,1e-06,1469.0,0.001469
BCPT/BTC,1604590474987,2020-11-05T15:34:34.987Z,buy,1.01e-06,891.0,0.00089991
BCPT/BTC,1604590520455,2020-11-05T15:35:20.455Z,buy,1.01e-06,7641.0,0.00771741
BCPT/BTC,1604590545261,2020-11-05T15:35:45.261Z,buy,1.01e-06,991.0,0.00100091
BCPT/BTC,1604590579436,2020-11-05T15:36:19.436Z,buy,1.01e-06,3439.0,0.00347339
BCPT/BTC,1604590579436,2020-11-05T15:36:19.436Z,buy,1.01e-06,3439.0,0.00347339
BCPT/BTC,1604591483797,2020-11-05T15:51:23.797Z,sell,1e-06,178503.0,0.178503
BCPT/BTC,1604591484912,2020-11-05T15:51:24.912Z,buy,1e-06,1752.0,0.0017519999999999
BCPT/BTC,1604592044454,2020-11-05T16:00:44.454Z,buy,1e-06,8410.0,0.0084099999999999
BCPT/BTC,1604592116609,2020-11-05T16:01:56.609Z,buy,1e-06,200.0,0.0001999999999999
BCPT/BTC,1604592208757,2020-11-05T16:03:28.757Z,sell,9.9e-07,20800.0,0.020592
BCPT/BTC,1604592228806,2020-11-05T16:03:48.806Z,sell,9.9e-07,1752.0,0.00173448
BCPT/BTC,1604592255525,2020-11-05T16:04:15.525Z,buy,1e-06,100.0,0.0001
BCPT/BTC,1604592258269,2020-11-05T16:04:18.269Z,sell,9.9e-07,2430.0,0.0024057
BCPT/BTC,1604592258771,2020-11-05T16:04:18.771Z,sell,9.9e-07,4994.0,0.00494406
BCPT/BTC,1604592258825,2020-11-05T16:04:18.825Z,sell,9.9e-07,3633.0,0.00359667
BCPT/BTC,1604592553662,2020-11-05T16:09:13.662Z,sell,9.9e-07,286.0,0.00028314
BCPT/BTC,1604592693177,2020-11-05T16:11:33.177Z,sell,9.9e-07,1864.0,0.00184536
BCPT/BTC,1604592693511,2020-11-05T16:11:33.511Z,sell,9.9e-07,1828.0,0.00180972
BCPT/BTC,1604592734478,2020-11-05T16:12:14.478Z,sell,9.9e-07,3167.0,0.00313533
BCPT/BTC,1604592986817,2020-11-05T16:16:26.817Z,sell,9.9e-07,563.0,0.00055737
BCPT/BTC,1604593160334,2020-11-05T16:19:20.334Z,sell,9.9e-07,14861.0,0.01471239
BCPT/BTC,1604594137665,2020-11-05T16:35:37.665Z,buy,9.9e-07,554.0,0.00054846
BCPT/BTC,1604594137665,2020-11-05T16:35:37.665Z,buy,9.9e-07,554.0,0.00054846
BCPT/BTC,1604597557904,2020-11-05T17:32:37.904Z,buy,9.9e-07,5086.0,0.00503514
BCPT/BTC,1604597558106,2020-11-05T17:32:38.106Z,buy,9.9e-07,3697.0,0.00366003
BCPT/BTC,1604597558682,2020-11-05T17:32:38.682Z,buy,9.9e-07,2475.0,0.00245025
BCPT/BTC,1604597585459,2020-11-05T17:33:05.459Z,buy,9.9e-07,1856.0,0.00183744
BCPT/BTC,1604597585689,2020-11-05T17:33:05.689Z,buy,9.9e-07,9000.0,0.00891
BCPT/BTC,1604597610333,2020-11-05T17:33:30.333Z,buy,9.9e-07,6671.0,0.00660429
BCPT/BTC,1604597610892,2020-11-05T17:33:30.892Z,buy,9.9e-07,1890.0,0.0018711
BCPT/BTC,1604597612486,2020-11-05T17:33:32.486Z,buy,9.9e-07,16000.0,0.01584
BCPT/BTC,1604597613886,2020-11-05T17:33:33.886Z,buy,9.9e-07,5403.0,0.00534897
BCPT/BTC,1604597633369,2020-11-05T17:33:53.369Z,buy,9.9e-07,2527.0,0.00250173
BCPT/BTC,1604597665544,2020-11-05T17:34:25.544Z,sell,9.8e-07,320.0,0.0003136
BCPT/BTC,1604597665544,2020-11-05T17:34:25.544Z,sell,9.8e-07,320.0,0.0003136
BCPT/BTC,1604597786744,2020-11-05T17:36:26.744Z,buy,9.9e-07,267.0,0.00026433
BCPT/BTC,1604598221097,2020-11-05T17:43:41.097Z,sell,9.9e-07,204.0,0.00020196
BCPT/BTC,1604598523473,2020-11-05T17:48:43.473Z,sell,9.9e-07,12506.0,0.01238094
BCPT/BTC,1604598668182,2020-11-05T17:51:08.182Z,sell,9.9e-07,707.0,0.00069993
BCPT/BTC,1604598676826,2020-11-05T17:51:16.826Z,buy,1e-06,67827.0,0.067827
BCPT/BTC,1604598904122,2020-11-05T17:55:04.122Z,sell,9.9e-07,317.0,0.00031383
BCPT/BTC,1604600724280,2020-11-05T18:25:24.280Z,sell,9.9e-07,384.0,0.00038016
BCPT/BTC,1604600724280,2020-11-05T18:25:24.280Z,sell,9.9e-07,384.0,0.00038016
BCPT/BTC,1604602316711,2020-11-05T18:51:56.711Z,buy,1e-06,3541.0,0.003541
BCPT/BTC,1604603116182,2020-11-05T19:05:16.182Z,sell,1e-06,8812.0,0.008812
BCPT/BTC,1604603201907,2020-11-05T19:06:41.907Z,sell,1e-06,4712.0,0.004712
BCPT/BTC,1604603297189,2020-11-05T19:08:17.189Z,sell,9.9e-07,1680.0,0.0016632
BCPT/BTC,1604603307730,2020-11-05T19:08:27.730Z,sell,9.9e-07,30000.0,0.0297
BCPT/BTC,1604603423441,2020-11-05T19:10:23.441Z,sell,9.9e-07,2372.0,0.00234828
BCPT/BTC,1604603444065,2020-11-05T19:10:44.065Z,sell,9.9e-07,1655.0,0.00163845
BCPT/BTC,1604603816496,2020-11-05T19:16:56.496Z,sell,9.9e-07,102.0,0.00010098
BCPT/BTC,1604603831370,2020-11-05T19:17:11.370Z,sell,9.9e-07,14433.0,0.01428867
BCPT/BTC,1604603831370,2020-11-05T19:17:11.370Z,sell,9.9e-07,14433.0,0.01428867
BCPT/BTC,1604604486880,2020-11-05T19:28:06.880Z,buy,1e-06,114.0,0.0001139999999999
BCPT/BTC,1604604934348,2020-11-05T19:35:34.348Z,buy,1e-06,111.0,0.000111
BCPT/BTC,1604605197930,2020-11-05T19:39:57.930Z,sell,9.8e-07,111.0,0.00010878
BCPT/BTC,1604605376652,2020-11-05T19:42:56.652Z,buy,1e-06,3318.0,0.0033179999999999
BCPT/BTC,1604605533603,2020-11-05T19:45:33.603Z,buy,1e-06,2154.0,0.002154
BCPT/BTC,1604605583237,2020-11-05T19:46:23.237Z,buy,1e-06,883.0,0.000883
BCPT/BTC,1604605741633,2020-11-05T19:49:01.633Z,sell,9.9e-07,300.0,0.000297
BCPT/BTC,1604605748481,2020-11-05T19:49:08.481Z,buy,1e-06,291.0,0.0002909999999999
BCPT/BTC,1604605754756,2020-11-05T19:49:14.756Z,buy,1.01e-06,29936.0,0.03023536
BCPT/BTC,1604605759991,2020-11-05T19:49:19.991Z,sell,1.01e-06,3851.0,0.00388951
BCPT/BTC,1604605779887,2020-11-05T19:49:39.887Z,sell,1e-06,45990.0,0.0459899999999999
BCPT/BTC,1604605827273,2020-11-05T19:50:27.273Z,sell,9.9e-07,5152.0,0.00510048
BCPT/BTC,1604605845975,2020-11-05T19:50:45.975Z,buy,9.9e-07,2433.0,0.00240867
BCPT/BTC,1604605847831,2020-11-05T19:50:47.831Z,sell,9.9e-07,14406.0,0.01426194
BCPT/BTC,1604605855548,2020-11-05T19:50:55.548Z,buy,1e-06,297.0,0.000297
BCPT/BTC,1604606035751,2020-11-05T19:53:55.751Z,buy,1e-06,703.0,0.000703
BCPT/BTC,1604606099979,2020-11-05T19:54:59.979Z,sell,1e-06,2019.0,0.002019
BCPT/BTC,1604606357720,2020-11-05T19:59:17.720Z,sell,1e-06,277.0,0.000277
BCPT/BTC,1604606783695,2020-11-05T20:06:23.695Z,sell,1e-06,6578.0,0.006578
BCPT/BTC,1604606783695,2020-11-05T20:06:23.695Z,sell,1e-06,6578.0,0.006578
BCPT/BTC,1604608016530,2020-11-05T20:26:56.530Z,buy,1.01e-06,24253.0,0.02449553
BCPT/BTC,1604608016530,2020-11-05T20:26:56.530Z,buy,1.02e-06,27177.0,0.02772054
BCPT/BTC,1604608016530,2020-11-05T20:26:56.530Z,buy,1.03e-06,75879.0,0.07815537
BCPT/BTC,1604608016530,2020-11-05T20:26:56.530Z,buy,1.04e-06,12691.0,0.01319864
BCPT/BTC,1604608031288,2020-11-05T20:27:11.288Z,buy,1.03e-06,609.0,0.00062727
BCPT/BTC,1604608032587,2020-11-05T20:27:12.587Z,sell,1.02e-06,109.0,0.00011118
BCPT/BTC,1604608078795,2020-11-05T20:27:58.795Z,sell,1.02e-06,1000.0,0.00102
BCPT/BTC,1604608246888,2020-11-05T20:30:46.888Z,buy,1.03e-06,736.0,0.00075808
BCPT/BTC,1604608286524,2020-11-05T20:31:26.524Z,buy,1.03e-06,504.0,0.00051912
BCPT/BTC,1604608340864,2020-11-05T20:32:20.864Z,buy,1.03e-06,187.0,0.00019261
BCPT/BTC,1604608366308,2020-11-05T20:32:46.308Z,sell,1.03e-06,200.0,0.000206
BCPT/BTC,1604608366308,2020-11-05T20:32:46.308Z,sell,1.02e-06,3072.0,0.00313344
BCPT/BTC,1604608374879,2020-11-05T20:32:54.879Z,sell,1.02e-06,300.0,0.000306
BCPT/BTC,1604608399030,2020-11-05T20:33:19.030Z,sell,1.02e-06,991.0,0.00101082
BCPT/BTC,1604608588322,2020-11-05T20:36:28.322Z,buy,1.03e-06,2000.0,0.00206
BCPT/BTC,1604608660236,2020-11-05T20:37:40.236Z,sell,1.03e-06,1050.0,0.0010815
BCPT/BTC,1604608667332,2020-11-05T20:37:47.332Z,sell,1.03e-06,512.0,0.00052736
BCPT/BTC,1604608808119,2020-11-05T20:40:08.119Z,sell,1.03e-06,99.0,0.00010197
BCPT/BTC,1604608840958,2020-11-05T20:40:40.958Z,sell,1.03e-06,136.0,0.00014008
BCPT/BTC,1604608935253,2020-11-05T20:42:15.253Z,sell,1.03e-06,1000.0,0.00103
BCPT/BTC,1604608988947,2020-11-05T20:43:08.947Z,sell,1.03e-06,168.0,0.00017304
BCPT/BTC,1604608994722,2020-11-05T20:43:14.722Z,sell,1.03e-06,200.0,0.000206
BCPT/BTC,1604609019896,2020-11-05T20:43:39.896Z,sell,1.03e-06,1000.0,0.00103
BCPT/BTC,1604609706819,2020-11-05T20:55:06.819Z,sell,1.03e-06,308.0,0.00031724
BCPT/BTC,1604609862322,2020-11-05T20:57:42.322Z,sell,1.02e-06,1000.0,0.00102
BCPT/BTC,1604609862322,2020-11-05T20:57:42.322Z,sell,1.02e-06,1000.0,0.00102
BCPT/BTC,1604610457652,2020-11-05T21:07:37.652Z,sell,1.02e-06,150.0,0.000153
BCPT/BTC,1604610648072,2020-11-05T21:10:48.072Z,buy,1.03e-06,853.0,0.00087859
BCPT/BTC,1604610648072,2020-11-05T21:10:48.072Z,buy,1.04e-06,147.0,0.0001528799999999
BCPT/BTC,1604610797326,2020-11-05T21:13:17.326Z,sell,1.02e-06,510.0,0.0005202
BCPT/BTC,1604610808186,2020-11-05T21:13:28.186Z,sell,1.02e-06,102472.0,0.10452144
BCPT/BTC,1604610905374,2020-11-05T21:15:05.374Z,sell,1.01e-06,28896.0,0.02918496
BCPT/BTC,1604610909751,2020-11-05T21:15:09.751Z,sell,1.01e-06,9632.0,0.00972832
BCPT/BTC,1604610943476,2020-11-05T21:15:43.476Z,sell,1.01e-06,4722.0,0.00476922
BCPT/BTC,1604611559856,2020-11-05T21:25:59.856Z,sell,1.01e-06,100.0,0.000101
BCPT/BTC,1604611985387,2020-11-05T21:33:05.387Z,sell,1.01e-06,3960.0,0.0039996
BCPT/BTC,1604612148455,2020-11-05T21:35:48.455Z,buy,1.01e-06,11889.0,0.01200789
BCPT/BTC,1604612156720,2020-11-05T21:35:56.720Z,sell,1e-06,17613.0,0.017613
BCPT/BTC,1604612431407,2020-11-05T21:40:31.407Z,buy,1.01e-06,1022.0,0.00103222
BCPT/BTC,1604612765911,2020-11-05T21:46:05.911Z,sell,1e-06,989.0,0.0009889999999999
BCPT/BTC,1604613032265,2020-11-05T21:50:32.265Z,sell,1e-06,27537.0,0.027537
BCPT/BTC,1604613183160,2020-11-05T21:53:03.160Z,sell,1e-06,911.0,0.0009109999999999
BCPT/BTC,1604613213927,2020-11-05T21:53:33.927Z,buy,1.01e-06,34644.0,0.03499044
BCPT/BTC,1604613376642,2020-11-05T21:56:16.642Z,sell,1.01e-06,5285.0,0.00533785
BCPT/BTC,1604613377027,2020-11-05T21:56:17.027Z,sell,1.01e-06,4929.0,0.00497829
BCPT/BTC,1604613377048,2020-11-05T21:56:17.048Z,sell,1.01e-06,2402.0,0.00242602
BCPT/BTC,1604613377048,2020-11-05T21:56:17.048Z,sell,1.01e-06,2402.0,0.00242602
BCPT/BTC,1604613587585,2020-11-05T21:59:47.585Z,sell,1.01e-06,3583.0,0.00361883
BCPT/BTC,1604613668785,2020-11-05T22:01:08.785Z,sell,1.01e-06,4003.0,0.00404303
BCPT/BTC,1604613734359,2020-11-05T22:02:14.359Z,sell,1.01e-06,516.0,0.00052116
BCPT/BTC,1604613741690,2020-11-05T22:02:21.690Z,sell,1.01e-06,32528.0,0.03285328
BCPT/BTC,1604614385793,2020-11-05T22:13:05.793Z,sell,1.01e-06,1838.0,0.00185638
BCPT/BTC,1604614386339,2020-11-05T22:13:06.339Z,sell,1.01e-06,1801.0,0.00181901
BCPT/BTC,1604615060823,2020-11-05T22:24:20.823Z,sell,1.01e-06,132.0,0.00013332
BCPT/BTC,1604615117689,2020-11-05T22:25:17.689Z,sell,1.01e-06,2816.0,0.00284416
BCPT/BTC,1604615171781,2020-11-05T22:26:11.781Z,sell,1.01e-06,132.0,0.00013332
BCPT/BTC,1604615229529,2020-11-05T22:27:09.529Z,sell,1.01e-06,507.0,0.00051207
BCPT/BTC,1604615280581,2020-11-05T22:28:00.581Z,sell,1.01e-06,9006.0,0.00909606
BCPT/BTC,1604615953954,2020-11-05T22:39:13.954Z,sell,1.01e-06,4708.0,0.00475508
BCPT/BTC,1604616083940,2020-11-05T22:41:23.940Z,buy,1.01e-06,13698.0,0.01383498
BCPT/BTC,1604616083940,2020-11-05T22:41:23.940Z,buy,1.01e-06,13698.0,0.01383498
BCPT/BTC,1604617952185,2020-11-05T23:12:32.185Z,sell,1e-06,503.0,0.000503
BCPT/BTC,1604618076909,2020-11-05T23:14:36.909Z,sell,1e-06,71240.0,0.07124
BCPT/BTC,1604618247539,2020-11-05T23:17:27.539Z,sell,1e-06,4316.0,0.0043159999999999
BCPT/BTC,1604618297629,2020-11-05T23:18:17.629Z,sell,1e-06,166857.0,0.166857
BCPT/BTC,1604618686614,2020-11-05T23:24:46.614Z,sell,1e-06,111126.0,0.1111259999999999
BCPT/BTC,1604618686614,2020-11-05T23:24:46.614Z,sell,1e-06,111126.0,0.1111259999999999
BCPT/BTC,1604620632479,2020-11-05T23:57:12.479Z,sell,1e-06,29437.0,0.0294369999999999
BCPT/BTC,1604621118427,2020-11-06T00:05:18.427Z,sell,1e-06,8902.0,0.008902
BCPT/BTC,1604622070184,2020-11-06T00:21:10.184Z,buy,1.01e-06,4950.0,0.0049995
BCPT/BTC,1604622070184,2020-11-06T00:21:10.184Z,buy,1.02e-06,27260.0,0.0278052
BCPT/BTC,1604622220527,2020-11-06T00:23:40.527Z,sell,1.01e-06,498.0,0.00050298
BCPT/BTC,1604622220527,2020-11-06T00:23:40.527Z,sell,1.01e-06,498.0,0.00050298
BCPT/BTC,1604622385637,2020-11-06T00:26:25.637Z,sell,1.01e-06,154.0,0.00015554
BCPT/BTC,1604622386981,2020-11-06T00:26:26.981Z,sell,1.01e-06,154.0,0.00015554
BCPT/BTC,1604622387896,2020-11-06T00:26:27.896Z,sell,1e-06,154.0,0.000154
BCPT/BTC,1604624503186,2020-11-06T01:01:43.186Z,sell,1e-06,148624.0,0.148624
BCPT/BTC,1604624946000,2020-11-06T01:09:06.000Z,buy,1e-06,734.0,0.000734
BCPT/BTC,1604625278945,2020-11-06T01:14:38.945Z,sell,9.9e-07,3986.0,0.00394614
BCPT/BTC,1604625377333,2020-11-06T01:16:17.333Z,sell,9.9e-07,474.0,0.00046926
BCPT/BTC,1604625676643,2020-11-06T01:21:16.643Z,buy,9.9e-07,250.0,0.0002475
BCPT/BTC,1604625799707,2020-11-06T01:23:19.707Z,sell,9.8e-07,1524.0,0.00149352
BCPT/BTC,1604625799707,2020-11-06T01:23:19.707Z,sell,9.8e-07,1524.0,0.00149352
BCPT/BTC,1604626358690,2020-11-06T01:32:38.690Z,buy,9.9e-07,8914.0,0.00882486
BCPT/BTC,1604627648817,2020-11-06T01:54:08.817Z,buy,1e-06,2448.0,0.002448
BCPT/BTC,1604627648858,2020-11-06T01:54:08.858Z,buy,1e-06,3658.0,0.003658
BCPT/BTC,1604627649041,2020-11-06T01:54:09.041Z,buy,1e-06,5032.0,0.005032
BCPT/BTC,1604627693316,2020-11-06T01:54:53.316Z,buy,1e-06,1836.0,0.001836
BCPT/BTC,1604627699420,2020-11-06T01:54:59.420Z,buy,1e-06,5363.0,0.005363
BCPT/BTC,1604627990820,2020-11-06T01:59:50.820Z,buy,1e-06,1871.0,0.0018709999999999
BCPT/BTC,1604628005442,2020-11-06T02:00:05.442Z,sell,9.9e-07,8905.0,0.00881595
BCPT/BTC,1604628007510,2020-11-06T02:00:07.510Z,buy,1e-06,6596.0,0.0065959999999999
BCPT/BTC,1604628045046,2020-11-06T02:00:45.046Z,buy,1e-06,2519.0,0.002519
BCPT/BTC,1604628115114,2020-11-06T02:01:55.114Z,buy,1e-06,112.0,0.000112
BCPT/BTC,1604628630745,2020-11-06T02:10:30.745Z,buy,1e-06,4642.0,0.0046419999999999
BCPT/BTC,1604628941263,2020-11-06T02:15:41.263Z,buy,1e-06,561.0,0.000561
BCPT/BTC,1604629054940,2020-11-06T02:17:34.940Z,buy,1e-06,349.0,0.0003489999999999
BCPT/BTC,1604629258399,2020-11-06T02:20:58.399Z,buy,1e-06,1084.0,0.001084
BCPT/BTC,1604629258399,2020-11-06T02:20:58.399Z,buy,1e-06,1084.0,0.001084
BCPT/BTC,1604629404856,2020-11-06T02:23:24.856Z,buy,1e-06,119816.0,0.1198159999999999
BCPT/BTC,1604629432635,2020-11-06T02:23:52.635Z,sell,1e-06,232.0,0.000232
BCPT/BTC,1604630074227,2020-11-06T02:34:34.227Z,buy,1.01e-06,1258.0,0.00127058
BCPT/BTC,1604630219871,2020-11-06T02:36:59.871Z,buy,1.01e-06,180.0,0.0001818
BCPT/BTC,1604631178224,2020-11-06T02:52:58.224Z,buy,1.01e-06,1.0,1.01e-06
BCPT/BTC,1604632286122,2020-11-06T03:11:26.122Z,buy,1.02e-06,4901.0,0.00499902
BCPT/BTC,1604632286122,2020-11-06T03:11:26.122Z,buy,1.02e-06,4901.0,0.00499902
BCPT/BTC,1604633241654,2020-11-06T03:27:21.654Z,buy,1.02e-06,213.0,0.00021726
BCPT/BTC,1604633245193,2020-11-06T03:27:25.193Z,sell,1.02e-06,655.0,0.0006681
BCPT/BTC,1604633431676,2020-11-06T03:30:31.676Z,buy,1.02e-06,5223.0,0.00532746
BCPT/BTC,1604633991463,2020-11-06T03:39:51.463Z,sell,1.01e-06,213.0,0.00021513
BCPT/BTC,1604634076843,2020-11-06T03:41:16.843Z,sell,1.01e-06,234.0,0.00023634
BCPT/BTC,1604634702319,2020-11-06T03:51:42.319Z,sell,1.01e-06,386.0,0.00038986
BCPT/BTC,1604635375664,2020-11-06T04:02:55.664Z,sell,1.01e-06,1980.0,0.0019998
BCPT/BTC,1604635375664,2020-11-06T04:02:55.664Z,sell,1.01e-06,1980.0,0.0019998
BCPT/BTC,1604637958444,2020-11-06T04:45:58.444Z,sell,1.01e-06,6067.0,0.00612767
BCPT/BTC,1604638166929,2020-11-06T04:49:26.929Z,sell,1.01e-06,1980.0,0.0019998
BCPT/BTC,1604638778561,2020-11-06T04:59:38.561Z,buy,1.02e-06,1571.0,0.00160242
BCPT/BTC,1604638934716,2020-11-06T05:02:14.716Z,buy,1.02e-06,243.0,0.00024786
BCPT/BTC,1604638934716,2020-11-06T05:02:14.716Z,buy,1.02e-06,243.0,0.00024786
BCPT/BTC,1604639002275,2020-11-06T05:03:22.275Z,buy,1.02e-06,12975.0,0.0132345
BCPT/BTC,1604639228830,2020-11-06T05:07:08.830Z,buy,1.03e-06,6031.0,0.00621193
BCPT/BTC,1604639412059,2020-11-06T05:10:12.059Z,buy,1.03e-06,7011.0,0.00722133
