symbol,timestamp,datetime,side,price,amount,btc_volume
BLZ/BTC,1567699239318,2019-09-05T16:00:39.318Z,sell,2.85e-06,1403.0,0.00399855
BLZ/BTC,1567699333931,2019-09-05T16:02:13.931Z,sell,2.85e-06,3313.0,0.0094420499999999
BLZ/BTC,1567699353674,2019-09-05T16:02:33.674Z,sell,2.85e-06,3159.0,0.00900315
BLZ/BTC,1567699355572,2019-09-05T16:02:35.572Z,buy,2.87e-06,1664.0,0.00477568
BLZ/BTC,1567699381391,2019-09-05T16:03:01.391Z,sell,2.85e-06,17996.0,0.0512886
BLZ/BTC,1567699403768,2019-09-05T16:03:23.768Z,sell,2.86e-06,1696.0,0.00485056
BLZ/BTC,1567699403794,2019-09-05T16:03:23.794Z,sell,2.86e-06,411.0,0.00117546
BLZ/BTC,1567699403879,2019-09-05T16:03:23.879Z,sell,2.86e-06,2124.0,0.00607464
BLZ/BTC,1567699403881,2019-09-05T16:03:23.881Z,sell,2.86e-06,839.0,0.00239954
BLZ/BTC,1567699415687,2019-09-05T16:03:35.687Z,sell,2.86e-06,69.0,0.00019734
BLZ/BTC,1567699518746,2019-09-05T16:05:18.746Z,buy,2.86e-06,137.0,0.00039182
BLZ/BTC,1567699521202,2019-09-05T16:05:21.202Z,buy,2.86e-06,102.0,0.00029172
BLZ/BTC,1567699521614,2019-09-05T16:05:21.614Z,buy,2.86e-06,117.0,0.00033462
BLZ/BTC,1567699522093,2019-09-05T16:05:22.093Z,buy,2.86e-06,718.0,0.00205348
BLZ/BTC,1567699522374,2019-09-05T16:05:22.374Z,buy,2.86e-06,141.0,0.00040326
BLZ/BTC,1567699523352,2019-09-05T16:05:23.352Z,buy,2.86e-06,99.0,0.00028314
BLZ/BTC,1567699524982,2019-09-05T16:05:24.982Z,buy,2.86e-06,682.0,0.00195052
BLZ/BTC,1567699525092,2019-09-05T16:05:25.092Z,buy,2.86e-06,103.0,0.00029458
BLZ/BTC,1567699526526,2019-09-05T16:05:26.526Z,buy,2.86e-06,142.0,0.00040612
BLZ/BTC,1567699530491,2019-09-05T16:05:30.491Z,buy,2.86e-06,399.0,0.00114114
BLZ/BTC,1567699531081,2019-09-05T16:05:31.081Z,buy,2.86e-06,171.0,0.00048906
BLZ/BTC,1567699532092,2019-09-05T16:05:32.092Z,buy,2.86e-06,221.0,0.00063206
BLZ/BTC,1567699537109,2019-09-05T16:05:37.109Z,buy,2.86e-06,306.0,0.00087516
BLZ/BTC,1567699537308,2019-09-05T16:05:37.308Z,buy,2.86e-06,1025.0,0.0029315
BLZ/BTC,1567699538407,2019-09-05T16:05:38.407Z,buy,2.86e-06,771.0,0.00220506
BLZ/BTC,1567699538407,2019-09-05T16:05:38.407Z,buy,2.87e-06,133.0,0.00038171
BLZ/BTC,1567699538573,2019-09-05T16:05:38.573Z,buy,2.87e-06,236.0,0.00067732
BLZ/BTC,1567699538662,2019-09-05T16:05:38.662Z,buy,2.87e-06,782.0,0.00224434
BLZ/BTC,1567699542470,2019-09-05T16:05:42.470Z,buy,2.87e-06,98.0,0.00028126
BLZ/BTC,1567699620725,2019-09-05T16:07:00.725Z,buy,2.87e-06,529.0,0.00151823
BLZ/BTC,1567699780332,2019-09-05T16:09:40.332Z,buy,2.87e-06,723.0,0.00207501
BLZ/BTC,1567699811056,2019-09-05T16:10:11.056Z,sell,2.85e-06,200.0,0.00057
BLZ/BTC,1567700048362,2019-09-05T16:14:08.362Z,buy,2.87e-06,91.0,0.00026117
BLZ/BTC,1567700225902,2019-09-05T16:17:05.902Z,buy,2.87e-06,299.0,0.00085813
BLZ/BTC,1567700314865,2019-09-05T16:18:34.865Z,sell,2.85e-06,299.0,0.00085215
BLZ/BTC,1567700326706,2019-09-05T16:18:46.706Z,buy,2.87e-06,1036.0,0.00297332
BLZ/BTC,1567700326718,2019-09-05T16:18:46.718Z,buy,2.87e-06,1315.0,0.00377405
BLZ/BTC,1567700377512,2019-09-05T16:19:37.512Z,buy,2.87e-06,35.0,0.00010045
BLZ/BTC,1567700420382,2019-09-05T16:20:20.382Z,buy,2.87e-06,1369.0,0.00392903
BLZ/BTC,1567700428523,2019-09-05T16:20:28.523Z,buy,2.87e-06,996.0,0.00285852
BLZ/BTC,1567700428722,2019-09-05T16:20:28.722Z,buy,2.87e-06,101.0,0.00028987
BLZ/BTC,1567700428843,2019-09-05T16:20:28.843Z,buy,2.87e-06,901.0,0.00258587
BLZ/BTC,1567700428873,2019-09-05T16:20:28.873Z,buy,2.87e-06,858.0,0.00246246
BLZ/BTC,1567700428882,2019-09-05T16:20:28.882Z,buy,2.87e-06,901.0,0.00258587
BLZ/BTC,1567700435924,2019-09-05T16:20:35.924Z,buy,2.86e-06,69.0,0.00019734
BLZ/BTC,1567700470519,2019-09-05T16:21:10.519Z,buy,2.86e-06,314.0,0.00089804
BLZ/BTC,1567700476990,2019-09-05T16:21:16.990Z,buy,2.87e-06,69.0,0.00019803
BLZ/BTC,1567700635049,2019-09-05T16:23:55.049Z,sell,2.84e-06,60.0,0.0001704
BLZ/BTC,1567701414838,2019-09-05T16:36:54.838Z,buy,2.86e-06,70.0,0.0002002
BLZ/BTC,1567701414838,2019-09-05T16:36:54.838Z,buy,2.87e-06,1453.0,0.00417011
BLZ/BTC,1567701414855,2019-09-05T16:36:54.855Z,buy,2.87e-06,1493.0,0.00428491
BLZ/BTC,1567701539732,2019-09-05T16:38:59.732Z,buy,2.87e-06,1605.0,0.00460635
BLZ/BTC,1567701539771,2019-09-05T16:38:59.771Z,buy,2.87e-06,535.0,0.00153545
BLZ/BTC,1567702337436,2019-09-05T16:52:17.436Z,sell,2.86e-06,1493.0,0.00426998
BLZ/BTC,1567702675701,2019-09-05T16:57:55.701Z,buy,2.87e-06,518.0,0.00148666
BLZ/BTC,1567702675701,2019-09-05T16:57:55.701Z,buy,2.87e-06,518.0,0.00148666
BLZ/BTC,1567702858262,2019-09-05T17:00:58.262Z,sell,2.86e-06,2042.0,0.00584012
BLZ/BTC,1567702887584,2019-09-05T17:01:27.584Z,sell,2.85e-06,9569.0,0.0272716499999999
BLZ/BTC,1567702888152,2019-09-05T17:01:28.152Z,buy,2.87e-06,70.0,0.0002009
BLZ/BTC,1567702896835,2019-09-05T17:01:36.835Z,sell,2.85e-06,3822.0,0.0108927
BLZ/BTC,1567702896835,2019-09-05T17:01:36.835Z,sell,2.84e-06,5748.0,0.01632432
BLZ/BTC,1567703549734,2019-09-05T17:12:29.734Z,sell,2.84e-06,71.0,0.00020164
BLZ/BTC,1567703561271,2019-09-05T17:12:41.271Z,buy,2.85e-06,325.0,0.00092625
BLZ/BTC,1567703563469,2019-09-05T17:12:43.469Z,buy,2.85e-06,1853.0,0.00528105
BLZ/BTC,1567703577597,2019-09-05T17:12:57.597Z,sell,2.84e-06,1957.0,0.0055578799999999
BLZ/BTC,1567703579368,2019-09-05T17:12:59.368Z,sell,2.84e-06,110.0,0.0003124
BLZ/BTC,1567703739664,2019-09-05T17:15:39.664Z,buy,2.86e-06,35.0,0.0001001
BLZ/BTC,1567704716534,2019-09-05T17:31:56.534Z,buy,2.86e-06,120.0,0.0003432
BLZ/BTC,1567705015710,2019-09-05T17:36:55.710Z,buy,2.86e-06,1661.0,0.00475046
BLZ/BTC,1567705017695,2019-09-05T17:36:57.695Z,buy,2.86e-06,70.0,0.0002002
BLZ/BTC,1567705021579,2019-09-05T17:37:01.579Z,buy,2.86e-06,1661.0,0.00475046
BLZ/BTC,1567705021696,2019-09-05T17:37:01.696Z,buy,2.86e-06,945.0,0.0027027
BLZ/BTC,1567705058703,2019-09-05T17:37:38.703Z,buy,2.86e-06,1756.0,0.00502216
BLZ/BTC,1567705058703,2019-09-05T17:37:38.703Z,buy,2.86e-06,1756.0,0.00502216
BLZ/BTC,1567706931678,2019-09-05T18:08:51.678Z,buy,2.86e-06,70.0,0.0002002
BLZ/BTC,1567708532501,2019-09-05T18:35:32.501Z,sell,2.84e-06,10063.0,0.02857892
BLZ/BTC,1567708532541,2019-09-05T18:35:32.541Z,buy,2.84e-06,6115.0,0.0173666
BLZ/BTC,1567708536633,2019-09-05T18:35:36.633Z,sell,2.84e-06,46.0,0.00013064
BLZ/BTC,1567708536633,2019-09-05T18:35:36.633Z,sell,2.84e-06,46.0,0.00013064
BLZ/BTC,1567708812236,2019-09-05T18:40:12.236Z,sell,2.84e-06,1408.0,0.00399872
BLZ/BTC,1567709012199,2019-09-05T18:43:32.199Z,buy,2.85e-06,50.0,0.0001425
BLZ/BTC,1567709014212,2019-09-05T18:43:34.212Z,buy,2.86e-06,69.0,0.00019734
BLZ/BTC,1567709014506,2019-09-05T18:43:34.506Z,buy,2.86e-06,45.0,0.0001287
BLZ/BTC,1567709015127,2019-09-05T18:43:35.127Z,buy,2.86e-06,72.0,0.00020592
BLZ/BTC,1567709403221,2019-09-05T18:50:03.221Z,buy,2.86e-06,150.0,0.000429
BLZ/BTC,1567709884287,2019-09-05T18:58:04.287Z,buy,2.85e-06,12121.0,0.0345448499999999
BLZ/BTC,1567709947629,2019-09-05T18:59:07.629Z,buy,2.85e-06,4760.0,0.013566
BLZ/BTC,1567709947654,2019-09-05T18:59:07.654Z,buy,2.85e-06,4760.0,0.013566
BLZ/BTC,1567709947674,2019-09-05T18:59:07.674Z,buy,2.85e-06,4760.0,0.013566
BLZ/BTC,1567709947708,2019-09-05T18:59:07.708Z,buy,2.85e-06,1667.0,0.0047509499999999
BLZ/BTC,1567709947731,2019-09-05T18:59:07.731Z,buy,2.85e-06,1806.0,0.0051471
BLZ/BTC,1567712107573,2019-09-05T19:35:07.573Z,sell,2.85e-06,1098.0,0.0031293
BLZ/BTC,1567712122073,2019-09-05T19:35:22.073Z,sell,2.85e-06,2841.0,0.00809685
BLZ/BTC,1567712122073,2019-09-05T19:35:22.073Z,sell,2.85e-06,2841.0,0.00809685
BLZ/BTC,1567712372205,2019-09-05T19:39:32.205Z,sell,2.85e-06,511.0,0.00145635
BLZ/BTC,1567713087866,2019-09-05T19:51:27.866Z,buy,2.86e-06,4623.0,0.01322178
BLZ/BTC,1567713445031,2019-09-05T19:57:25.031Z,buy,2.86e-06,25030.0,0.0715858
BLZ/BTC,1567713445173,2019-09-05T19:57:25.173Z,sell,2.86e-06,55.0,0.0001573
BLZ/BTC,1567714076944,2019-09-05T20:07:56.944Z,sell,2.85e-06,2603.0,0.0074185499999999
BLZ/BTC,1567714088885,2019-09-05T20:08:08.885Z,buy,2.85e-06,36.0,0.0001026
BLZ/BTC,1567714114450,2019-09-05T20:08:34.450Z,sell,2.84e-06,466.0,0.00132344
BLZ/BTC,1567714371971,2019-09-05T20:12:51.971Z,sell,2.84e-06,2225.0,0.006319
BLZ/BTC,1567714371971,2019-09-05T20:12:51.971Z,sell,2.84e-06,2225.0,0.006319
BLZ/BTC,1567716208227,2019-09-05T20:43:28.227Z,sell,2.84e-06,40.0,0.0001136
BLZ/BTC,1567716216435,2019-09-05T20:43:36.435Z,sell,2.84e-06,796.0,0.00226064
BLZ/BTC,1567716216460,2019-09-05T20:43:36.460Z,buy,2.84e-06,6623.0,0.01880932
BLZ/BTC,1567716222540,2019-09-05T20:43:42.540Z,buy,2.86e-06,172.0,0.00049192
BLZ/BTC,1567716222611,2019-09-05T20:43:42.611Z,buy,2.86e-06,200.0,0.000572
BLZ/BTC,1567716511153,2019-09-05T20:48:31.153Z,buy,2.86e-06,1004.0,0.00287144
BLZ/BTC,1567717014243,2019-09-05T20:56:54.243Z,sell,2.84e-06,3103.0,0.0088125199999999
BLZ/BTC,1567717017439,2019-09-05T20:56:57.439Z,sell,2.84e-06,2188.0,0.0062139199999999
BLZ/BTC,1567717313548,2019-09-05T21:01:53.548Z,sell,2.83e-06,708.0,0.00200364
BLZ/BTC,1567717313548,2019-09-05T21:01:53.548Z,sell,2.83e-06,84.0,0.00023772
BLZ/BTC,1567717313548,2019-09-05T21:01:53.548Z,sell,2.83e-06,5000.0,0.01415
BLZ/BTC,1567717436198,2019-09-05T21:03:56.198Z,sell,2.83e-06,621.0,0.00175743
BLZ/BTC,1567717436198,2019-09-05T21:03:56.198Z,sell,2.83e-06,621.0,0.00175743
BLZ/BTC,1567717979347,2019-09-05T21:12:59.347Z,buy,2.85e-06,79.0,0.00022515
BLZ/BTC,1567718713838,2019-09-05T21:25:13.838Z,sell,2.83e-06,664.0,0.00187912
BLZ/BTC,1567718745378,2019-09-05T21:25:45.378Z,sell,2.83e-06,69.0,0.00019527
BLZ/BTC,1567718745913,2019-09-05T21:25:45.913Z,sell,2.83e-06,69.0,0.00019527
BLZ/BTC,1567719094831,2019-09-05T21:31:34.831Z,buy,2.85e-06,176.0,0.0005015999999999
BLZ/BTC,1567719246713,2019-09-05T21:34:06.713Z,buy,2.85e-06,242.0,0.0006896999999999
BLZ/BTC,1567719410160,2019-09-05T21:36:50.160Z,sell,2.83e-06,77.0,0.00021791
BLZ/BTC,1567719587182,2019-09-05T21:39:47.182Z,buy,2.85e-06,911.0,0.00259635
BLZ/BTC,1567719812268,2019-09-05T21:43:32.268Z,buy,2.86e-06,41.0,0.00011726
BLZ/BTC,1567719897975,2019-09-05T21:44:57.975Z,buy,2.86e-06,1765.0,0.0050479
BLZ/BTC,1567720047248,2019-09-05T21:47:27.248Z,buy,2.86e-06,400.0,0.001144
BLZ/BTC,1567720110938,2019-09-05T21:48:30.938Z,buy,2.86e-06,2745.0,0.0078507
BLZ/BTC,1567720863406,2019-09-05T22:01:03.406Z,buy,2.86e-06,85.0,0.0002431
BLZ/BTC,1567720863616,2019-09-05T22:01:03.616Z,buy,2.86e-06,351.0,0.00100386
BLZ/BTC,1567720863737,2019-09-05T22:01:03.737Z,buy,2.86e-06,828.0,0.00236808
BLZ/BTC,1567720864295,2019-09-05T22:01:04.295Z,buy,2.86e-06,2279.0,0.00651794
BLZ/BTC,1567720871698,2019-09-05T22:01:11.698Z,buy,2.87e-06,501.0,0.00143787
BLZ/BTC,1567720871805,2019-09-05T22:01:11.805Z,buy,2.87e-06,1937.0,0.00555919
BLZ/BTC,1567720872757,2019-09-05T22:01:12.757Z,buy,2.87e-06,693.0,0.00198891
BLZ/BTC,1567720894478,2019-09-05T22:01:34.478Z,buy,2.87e-06,1564.0,0.00448868
BLZ/BTC,1567720895277,2019-09-05T22:01:35.277Z,buy,2.87e-06,305.0,0.00087535
BLZ/BTC,1567720924735,2019-09-05T22:02:04.735Z,sell,2.84e-06,2137.0,0.00606908
BLZ/BTC,1567720949428,2019-09-05T22:02:29.428Z,sell,2.84e-06,996.0,0.00282864
BLZ/BTC,1567720949432,2019-09-05T22:02:29.432Z,sell,2.84e-06,986.0,0.00280024
BLZ/BTC,1567720949434,2019-09-05T22:02:29.434Z,sell,2.84e-06,754.0,0.00214136
BLZ/BTC,1567720949686,2019-09-05T22:02:29.686Z,buy,2.84e-06,435.0,0.0012354
BLZ/BTC,1567720949799,2019-09-05T22:02:29.799Z,buy,2.84e-06,556.0,0.0015790399999999
BLZ/BTC,1567720950261,2019-09-05T22:02:30.261Z,buy,2.84e-06,583.0,0.0016557199999999
BLZ/BTC,1567720950410,2019-09-05T22:02:30.410Z,buy,2.84e-06,408.0,0.00115872
BLZ/BTC,1567720953167,2019-09-05T22:02:33.167Z,sell,2.84e-06,70.0,0.0001988
BLZ/BTC,1567720953363,2019-09-05T22:02:33.363Z,sell,2.84e-06,70.0,0.0001988
BLZ/BTC,1567720957771,2019-09-05T22:02:37.771Z,buy,2.85e-06,91.0,0.00025935
BLZ/BTC,1567720970335,2019-09-05T22:02:50.335Z,buy,2.84e-06,200.0,0.0005679999999999
BLZ/BTC,1567720970493,2019-09-05T22:02:50.493Z,buy,2.84e-06,181.0,0.00051404
BLZ/BTC,1567720970493,2019-09-05T22:02:50.493Z,buy,2.84e-06,181.0,0.00051404
BLZ/BTC,1567721048838,2019-09-05T22:04:08.838Z,buy,2.84e-06,36.0,0.00010224
BLZ/BTC,1567721178806,2019-09-05T22:06:18.806Z,sell,2.83e-06,417.0,0.00118011
BLZ/BTC,1567721238510,2019-09-05T22:07:18.510Z,buy,2.84e-06,177.0,0.00050268
BLZ/BTC,1567721327139,2019-09-05T22:08:47.139Z,buy,2.84e-06,238.0,0.00067592
BLZ/BTC,1567721932689,2019-09-05T22:18:52.689Z,buy,2.84e-06,721.0,0.00204764
BLZ/BTC,1567722612507,2019-09-05T22:30:12.507Z,buy,2.84e-06,80.0,0.0002272
BLZ/BTC,1567722631789,2019-09-05T22:30:31.789Z,sell,2.83e-06,414.0,0.00117162
BLZ/BTC,1567722802568,2019-09-05T22:33:22.568Z,buy,2.84e-06,70.0,0.0001988
BLZ/BTC,1567723524710,2019-09-05T22:45:24.710Z,buy,2.84e-06,86.0,0.00024424
BLZ/BTC,1567723524739,2019-09-05T22:45:24.739Z,buy,2.84e-06,86.0,0.00024424
BLZ/BTC,1567724180312,2019-09-05T22:56:20.312Z,buy,2.84e-06,807.0,0.00229188
BLZ/BTC,1567724321765,2019-09-05T22:58:41.765Z,sell,2.84e-06,37.0,0.0001050799999999
BLZ/BTC,1567724321874,2019-09-05T22:58:41.874Z,sell,2.84e-06,43.0,0.00012212
BLZ/BTC,1567724369277,2019-09-05T22:59:29.277Z,buy,2.85e-06,2686.0,0.0076551
BLZ/BTC,1567724369299,2019-09-05T22:59:29.299Z,buy,2.85e-06,704.0,0.0020063999999999
BLZ/BTC,1567724369299,2019-09-05T22:59:29.299Z,buy,2.85e-06,704.0,0.0020063999999999
BLZ/BTC,1567726316802,2019-09-05T23:31:56.802Z,sell,2.83e-06,877.0,0.00248191
BLZ/BTC,1567727009181,2019-09-05T23:43:29.181Z,buy,2.85e-06,48.0,0.0001368
BLZ/BTC,1567727013415,2019-09-05T23:43:33.415Z,buy,2.85e-06,3.0,8.55e-06
BLZ/BTC,1567727518748,2019-09-05T23:51:58.748Z,sell,2.84e-06,709.0,0.0020135599999999
BLZ/BTC,1567727680304,2019-09-05T23:54:40.304Z,sell,2.83e-06,291.0,0.00082353
BLZ/BTC,1567727680304,2019-09-05T23:54:40.304Z,sell,2.83e-06,291.0,0.00082353
BLZ/BTC,1567728594962,2019-09-06T00:09:54.962Z,sell,2.84e-06,4272.0,0.01213248
BLZ/BTC,1567728650531,2019-09-06T00:10:50.531Z,sell,2.84e-06,385.0,0.0010934
BLZ/BTC,1567728659319,2019-09-06T00:10:59.319Z,sell,2.84e-06,1437.0,0.00408108
BLZ/BTC,1567730612554,2019-09-06T00:43:32.554Z,buy,2.84e-06,43.0,0.00012212
BLZ/BTC,1567730998873,2019-09-06T00:49:58.873Z,buy,2.84e-06,29.0,8.235999999999999e-05
BLZ/BTC,1567731194669,2019-09-06T00:53:14.669Z,sell,2.84e-06,266.0,0.00075544
BLZ/BTC,1567731194669,2019-09-06T00:53:14.669Z,sell,2.84e-06,266.0,0.00075544
BLZ/BTC,1567732765601,2019-09-06T01:19:25.601Z,buy,2.85e-06,58.0,0.0001652999999999
BLZ/BTC,1567732765601,2019-09-06T01:19:25.601Z,buy,2.86e-06,2432.0,0.00695552
BLZ/BTC,1567733514340,2019-09-06T01:31:54.340Z,sell,2.84e-06,633.0,0.00179772
BLZ/BTC,1567734206183,2019-09-06T01:43:26.183Z,sell,2.84e-06,51.0,0.00014484
BLZ/BTC,1567734207176,2019-09-06T01:43:27.176Z,sell,2.84e-06,48.0,0.00013632
BLZ/BTC,1567734207176,2019-09-06T01:43:27.176Z,sell,2.84e-06,48.0,0.00013632
BLZ/BTC,1567736567622,2019-09-06T02:22:47.622Z,sell,2.84e-06,3279.0,0.00931236
BLZ/BTC,1567737114320,2019-09-06T02:31:54.320Z,sell,2.84e-06,80.0,0.0002272
BLZ/BTC,1567737114320,2019-09-06T02:31:54.320Z,sell,2.84e-06,80.0,0.0002272
BLZ/BTC,1567737910815,2019-09-06T02:45:10.815Z,buy,2.86e-06,4041.0,0.01155726
BLZ/BTC,1567737921234,2019-09-06T02:45:21.234Z,buy,2.86e-06,3541.0,0.01012726
BLZ/BTC,1567738241801,2019-09-06T02:50:41.801Z,sell,2.85e-06,1659.0,0.0047281499999999
BLZ/BTC,1567738247601,2019-09-06T02:50:47.601Z,buy,2.85e-06,689.0,0.00196365
BLZ/BTC,1567738247854,2019-09-06T02:50:47.854Z,sell,2.85e-06,683.0,0.0019465499999999
BLZ/BTC,1567738387304,2019-09-06T02:53:07.304Z,sell,2.84e-06,12637.0,0.03588908
BLZ/BTC,1567738387363,2019-09-06T02:53:07.363Z,sell,2.84e-06,25811.0,0.0733032399999999
BLZ/BTC,1567738387374,2019-09-06T02:53:07.374Z,sell,2.84e-06,25804.0,0.0732833599999999
BLZ/BTC,1567738431081,2019-09-06T02:53:51.081Z,buy,2.85e-06,7301.0,0.02080785
BLZ/BTC,1567738600852,2019-09-06T02:56:40.852Z,buy,2.85e-06,1618.0,0.0046113
BLZ/BTC,1567738823529,2019-09-06T03:00:23.529Z,sell,2.84e-06,26071.0,0.0740416399999999
BLZ/BTC,1567738986183,2019-09-06T03:03:06.183Z,sell,2.84e-06,113.0,0.00032092
BLZ/BTC,1567739769749,2019-09-06T03:16:09.749Z,buy,2.85e-06,718.0,0.0020463
BLZ/BTC,1567739805093,2019-09-06T03:16:45.093Z,sell,2.84e-06,810.0,0.0023003999999999
BLZ/BTC,1567739806240,2019-09-06T03:16:46.240Z,sell,2.84e-06,382.0,0.0010848799999999
BLZ/BTC,1567739806434,2019-09-06T03:16:46.434Z,sell,2.84e-06,165.0,0.0004686
BLZ/BTC,1567739814340,2019-09-06T03:16:54.340Z,sell,2.84e-06,379.0,0.00107636
BLZ/BTC,1567739819320,2019-09-06T03:16:59.320Z,sell,2.84e-06,164.0,0.0004657599999999
BLZ/BTC,1567739830417,2019-09-06T03:17:10.417Z,sell,2.84e-06,200.0,0.0005679999999999
BLZ/BTC,1567739837108,2019-09-06T03:17:17.108Z,sell,2.84e-06,1793.0,0.0050921199999999
BLZ/BTC,1567739897292,2019-09-06T03:18:17.292Z,sell,2.84e-06,1563.0,0.00443892
BLZ/BTC,1567739897292,2019-09-06T03:18:17.292Z,sell,2.84e-06,1563.0,0.00443892
BLZ/BTC,1567741361429,2019-09-06T03:42:41.429Z,sell,2.84e-06,718.0,0.0020391199999999
BLZ/BTC,1567741407202,2019-09-06T03:43:27.202Z,sell,2.84e-06,47.0,0.00013348
BLZ/BTC,1567741531577,2019-09-06T03:45:31.577Z,buy,2.85e-06,1401.0,0.00399285
BLZ/BTC,1567741720837,2019-09-06T03:48:40.837Z,buy,2.85e-06,36.0,0.0001026
BLZ/BTC,1567741753737,2019-09-06T03:49:13.737Z,sell,2.85e-06,812.0,0.0023141999999999
BLZ/BTC,1567741753740,2019-09-06T03:49:13.740Z,sell,2.85e-06,812.0,0.0023141999999999
BLZ/BTC,1567741753744,2019-09-06T03:49:13.744Z,sell,2.85e-06,812.0,0.0023141999999999
BLZ/BTC,1567741754024,2019-09-06T03:49:14.024Z,sell,2.85e-06,262.0,0.0007467
BLZ/BTC,1567741754061,2019-09-06T03:49:14.061Z,sell,2.85e-06,700.0,0.001995
BLZ/BTC,1567741754279,2019-09-06T03:49:14.279Z,sell,2.85e-06,1865.0,0.00531525
BLZ/BTC,1567741759694,2019-09-06T03:49:19.694Z,buy,2.85e-06,812.0,0.0023141999999999
BLZ/BTC,1567741813311,2019-09-06T03:50:13.311Z,buy,2.85e-06,3508.0,0.0099978
BLZ/BTC,1567741902904,2019-09-06T03:51:42.904Z,buy,2.85e-06,8815.0,0.02512275
BLZ/BTC,1567741902904,2019-09-06T03:51:42.904Z,buy,2.86e-06,3190.0,0.0091234
BLZ/BTC,1567742421017,2019-09-06T04:00:21.017Z,sell,2.84e-06,6094.0,0.01730696
BLZ/BTC,1567742983110,2019-09-06T04:09:43.110Z,buy,2.87e-06,3325.0,0.00954275
BLZ/BTC,1567742983170,2019-09-06T04:09:43.170Z,buy,2.87e-06,1635.0,0.00469245
BLZ/BTC,1567742983186,2019-09-06T04:09:43.186Z,buy,2.87e-06,6614.0,0.01898218
BLZ/BTC,1567742983194,2019-09-06T04:09:43.194Z,buy,2.87e-06,3286.0,0.00943082
BLZ/BTC,1567742983276,2019-09-06T04:09:43.276Z,buy,2.87e-06,1635.0,0.00469245
BLZ/BTC,1567743026330,2019-09-06T04:10:26.330Z,sell,2.85e-06,510.0,0.0014535
BLZ/BTC,1567743026330,2019-09-06T04:10:26.330Z,sell,2.85e-06,510.0,0.0014535
BLZ/BTC,1567743509217,2019-09-06T04:18:29.217Z,sell,2.85e-06,54.0,0.0001539
BLZ/BTC,1567744087389,2019-09-06T04:28:07.389Z,buy,2.87e-06,410.0,0.0011767
BLZ/BTC,1567744569546,2019-09-06T04:36:09.546Z,sell,2.87e-06,35.0,0.00010045
BLZ/BTC,1567744636849,2019-09-06T04:37:16.849Z,buy,2.88e-06,135.0,0.0003888
BLZ/BTC,1567745227055,2019-09-06T04:47:07.055Z,buy,2.88e-06,35.0,0.0001008
BLZ/BTC,1567745227160,2019-09-06T04:47:07.160Z,sell,2.88e-06,643.0,0.00185184
BLZ/BTC,1567745227192,2019-09-06T04:47:07.192Z,sell,2.88e-06,514.0,0.00148032
BLZ/BTC,1567745227266,2019-09-06T04:47:07.266Z,sell,2.88e-06,820.0,0.0023616
BLZ/BTC,1567745227774,2019-09-06T04:47:07.774Z,sell,2.88e-06,2009.0,0.00578592
BLZ/BTC,1567745227911,2019-09-06T04:47:07.911Z,sell,2.88e-06,1740.0,0.0050111999999999
BLZ/BTC,1567745228013,2019-09-06T04:47:08.013Z,sell,2.88e-06,2254.0,0.00649152
BLZ/BTC,1567745235702,2019-09-06T04:47:15.702Z,buy,2.9e-06,144.0,0.0004176
BLZ/BTC,1567745239527,2019-09-06T04:47:19.527Z,sell,2.88e-06,1845.0,0.0053136
BLZ/BTC,1567745241018,2019-09-06T04:47:21.018Z,sell,2.88e-06,325.0,0.000936
BLZ/BTC,1567745352387,2019-09-06T04:49:12.387Z,sell,2.88e-06,80.0,0.0002304
BLZ/BTC,1567745421002,2019-09-06T04:50:21.002Z,sell,2.88e-06,38.0,0.00010944
BLZ/BTC,1567745673307,2019-09-06T04:54:33.307Z,buy,2.89e-06,37.0,0.00010693
BLZ/BTC,1567745673343,2019-09-06T04:54:33.343Z,sell,2.89e-06,2197.0,0.0063493299999999
BLZ/BTC,1567745673347,2019-09-06T04:54:33.347Z,sell,2.89e-06,1255.0,0.00362695
BLZ/BTC,1567745679783,2019-09-06T04:54:39.783Z,sell,2.89e-06,147.0,0.0004248299999999
BLZ/BTC,1567745680641,2019-09-06T04:54:40.641Z,sell,2.88e-06,1089.0,0.00313632
BLZ/BTC,1567745698922,2019-09-06T04:54:58.922Z,sell,2.88e-06,400.0,0.001152
BLZ/BTC,1567746058066,2019-09-06T05:00:58.066Z,buy,2.9e-06,1400.0,0.00406
BLZ/BTC,1567746062855,2019-09-06T05:01:02.855Z,buy,2.9e-06,172.0,0.0004988
BLZ/BTC,1567746063346,2019-09-06T05:01:03.346Z,buy,2.9e-06,1724.0,0.0049996
BLZ/BTC,1567746063898,2019-09-06T05:01:03.898Z,buy,2.9e-06,172.0,0.0004988
BLZ/BTC,1567746063901,2019-09-06T05:01:03.901Z,buy,2.9e-06,139.0,0.0004031
BLZ/BTC,1567746063901,2019-09-06T05:01:03.901Z,buy,2.91e-06,206.0,0.00059946
BLZ/BTC,1567746064359,2019-09-06T05:01:04.359Z,buy,2.91e-06,216.0,0.00062856
BLZ/BTC,1567746064359,2019-09-06T05:01:04.359Z,buy,2.92e-06,558.0,0.00162936
BLZ/BTC,1567746064359,2019-09-06T05:01:04.359Z,buy,2.93e-06,950.0,0.0027835
BLZ/BTC,1567746064373,2019-09-06T05:01:04.373Z,buy,2.93e-06,345.0,0.00101085
BLZ/BTC,1567746064878,2019-09-06T05:01:04.878Z,sell,2.88e-06,52.0,0.00014976
BLZ/BTC,1567746064883,2019-09-06T05:01:04.883Z,buy,2.93e-06,172.0,0.00050396
BLZ/BTC,1567746064892,2019-09-06T05:01:04.892Z,buy,2.93e-06,690.0,0.0020217
BLZ/BTC,1567746065686,2019-09-06T05:01:05.686Z,sell,2.9e-06,70.0,0.000203
BLZ/BTC,1567746066497,2019-09-06T05:01:06.497Z,sell,2.9e-06,100.0,0.00029
BLZ/BTC,1567746087716,2019-09-06T05:01:27.716Z,buy,2.91e-06,300.0,0.000873
BLZ/BTC,1567746247230,2019-09-06T05:04:07.230Z,sell,2.9e-06,6430.0,0.018647
BLZ/BTC,1567746247232,2019-09-06T05:04:07.232Z,sell,2.9e-06,6430.0,0.018647
BLZ/BTC,1567746247244,2019-09-06T05:04:07.244Z,sell,2.9e-06,1533.0,0.0044457
BLZ/BTC,1567746309576,2019-09-06T05:05:09.576Z,sell,2.88e-06,1328.0,0.00382464
BLZ/BTC,1567746418773,2019-09-06T05:06:58.773Z,sell,2.88e-06,1210.0,0.0034848
BLZ/BTC,1567746474890,2019-09-06T05:07:54.890Z,sell,2.88e-06,1311.0,0.00377568
BLZ/BTC,1567746483274,2019-09-06T05:08:03.274Z,sell,2.88e-06,993.0,0.0028598399999999
BLZ/BTC,1567746564490,2019-09-06T05:09:24.490Z,sell,2.88e-06,1013.0,0.00291744
BLZ/BTC,1567746623244,2019-09-06T05:10:23.244Z,sell,2.87e-06,363.0,0.00104181
BLZ/BTC,1567746623281,2019-09-06T05:10:23.281Z,sell,2.87e-06,9417.0,0.02702679
BLZ/BTC,1567746623281,2019-09-06T05:10:23.281Z,sell,2.86e-06,10583.0,0.03026738
BLZ/BTC,1567746623540,2019-09-06T05:10:23.540Z,sell,2.86e-06,7062.0,0.02019732
BLZ/BTC,1567746623635,2019-09-06T05:10:23.635Z,sell,2.85e-06,3049.0,0.00868965
BLZ/BTC,1567746623833,2019-09-06T05:10:23.833Z,sell,2.85e-06,1582.0,0.0045087
BLZ/BTC,1567746624290,2019-09-06T05:10:24.290Z,buy,2.86e-06,1241.0,0.00354926
BLZ/BTC,1567746624290,2019-09-06T05:10:24.290Z,buy,2.86e-06,1241.0,0.00354926
BLZ/BTC,1567746628824,2019-09-06T05:10:28.824Z,buy,2.86e-06,219.0,0.00062634
BLZ/BTC,1567746630407,2019-09-06T05:10:30.407Z,sell,2.85e-06,1854.0,0.0052838999999999
BLZ/BTC,1567746634002,2019-09-06T05:10:34.002Z,sell,2.84e-06,10285.0,0.0292094
BLZ/BTC,1567746655065,2019-09-06T05:10:55.065Z,buy,2.86e-06,362.0,0.00103532
BLZ/BTC,1567746655078,2019-09-06T05:10:55.078Z,buy,2.86e-06,4003.0,0.01144858
BLZ/BTC,1567746655078,2019-09-06T05:10:55.078Z,buy,2.88e-06,170.0,0.0004896
BLZ/BTC,1567746655078,2019-09-06T05:10:55.078Z,buy,2.89e-06,873.0,0.00252297
BLZ/BTC,1567746682790,2019-09-06T05:11:22.790Z,sell,2.86e-06,70.0,0.0002002
BLZ/BTC,1567746682834,2019-09-06T05:11:22.834Z,buy,2.86e-06,70.0,0.0002002
BLZ/BTC,1567746734593,2019-09-06T05:12:14.593Z,sell,2.85e-06,78.0,0.0002222999999999
BLZ/BTC,1567746736247,2019-09-06T05:12:16.247Z,sell,2.85e-06,22.0,6.269999999999999e-05
BLZ/BTC,1567746739640,2019-09-06T05:12:19.640Z,sell,2.84e-06,70.0,0.0001988
BLZ/BTC,1567746744364,2019-09-06T05:12:24.364Z,sell,2.84e-06,56.0,0.00015904
BLZ/BTC,1567746744580,2019-09-06T05:12:24.580Z,sell,2.84e-06,70.0,0.0001988
BLZ/BTC,1567746744580,2019-09-06T05:12:24.580Z,sell,2.83e-06,38.0,0.00010754
BLZ/BTC,1567746767190,2019-09-06T05:12:47.190Z,sell,2.83e-06,2695.0,0.00762685
BLZ/BTC,1567746776797,2019-09-06T05:12:56.797Z,sell,2.83e-06,1348.0,0.00381484
BLZ/BTC,1567746789288,2019-09-06T05:13:09.288Z,sell,2.84e-06,36.0,0.00010224
BLZ/BTC,1567746789288,2019-09-06T05:13:09.288Z,sell,2.83e-06,638.0,0.00180554
BLZ/BTC,1567746803880,2019-09-06T05:13:23.880Z,sell,2.83e-06,674.0,0.00190742
BLZ/BTC,1567746868181,2019-09-06T05:14:28.181Z,buy,2.85e-06,56.0,0.0001595999999999
BLZ/BTC,1567746878410,2019-09-06T05:14:38.410Z,sell,2.85e-06,307.0,0.00087495
BLZ/BTC,1567746925253,2019-09-06T05:15:25.253Z,buy,2.86e-06,1634.0,0.00467324
BLZ/BTC,1567747065295,2019-09-06T05:17:45.295Z,sell,2.85e-06,3538.0,0.0100833
BLZ/BTC,1567747070078,2019-09-06T05:17:50.078Z,buy,2.87e-06,539.0,0.00154693
BLZ/BTC,1567747070132,2019-09-06T05:17:50.132Z,sell,2.87e-06,808.0,0.00231896
BLZ/BTC,1567747085106,2019-09-06T05:18:05.106Z,sell,2.87e-06,653.0,0.00187411
BLZ/BTC,1567747086276,2019-09-06T05:18:06.276Z,sell,2.85e-06,230.0,0.0006554999999999
BLZ/BTC,1567747209152,2019-09-06T05:20:09.152Z,buy,2.85e-06,70.0,0.0001995
BLZ/BTC,1567747210738,2019-09-06T05:20:10.738Z,sell,2.84e-06,282.0,0.00080088
BLZ/BTC,1567747482937,2019-09-06T05:24:42.937Z,sell,2.84e-06,3279.0,0.00931236
BLZ/BTC,1567748944641,2019-09-06T05:49:04.641Z,buy,2.86e-06,650.0,0.001859
BLZ/BTC,1567749009234,2019-09-06T05:50:09.234Z,sell,2.86e-06,36.0,0.00010296
BLZ/BTC,1567749163220,2019-09-06T05:52:43.220Z,buy,2.88e-06,430.0,0.0012384
BLZ/BTC,1567749163220,2019-09-06T05:52:43.220Z,buy,2.89e-06,409.0,0.00118201
BLZ/BTC,1567749192465,2019-09-06T05:53:12.465Z,sell,2.88e-06,477.0,0.00137376
BLZ/BTC,1567749192649,2019-09-06T05:53:12.649Z,sell,2.88e-06,200.0,0.000576
BLZ/BTC,1567749192951,2019-09-06T05:53:12.951Z,sell,2.88e-06,100.0,0.000288
BLZ/BTC,1567749193278,2019-09-06T05:53:13.278Z,sell,2.88e-06,78.0,0.00022464
BLZ/BTC,1567749198455,2019-09-06T05:53:18.455Z,sell,2.86e-06,105.0,0.0003003
BLZ/BTC,1567749470426,2019-09-06T05:57:50.426Z,sell,2.86e-06,346.0,0.00098956
BLZ/BTC,1567750206550,2019-09-06T06:10:06.550Z,buy,2.89e-06,3119.0,0.00901391
BLZ/BTC,1567750212757,2019-09-06T06:10:12.757Z,buy,2.9e-06,939.0,0.0027231
BLZ/BTC,1567750212787,2019-09-06T06:10:12.787Z,sell,2.9e-06,1074.0,0.0031146
BLZ/BTC,1567750212787,2019-09-06T06:10:12.787Z,sell,2.9e-06,501.0,0.0014529
BLZ/BTC,1567750212799,2019-09-06T06:10:12.799Z,sell,2.87e-06,394.0,0.00113078
BLZ/BTC,1567750212799,2019-09-06T06:10:12.799Z,sell,2.86e-06,78.0,0.00022308
BLZ/BTC,1567750219800,2019-09-06T06:10:19.800Z,sell,2.88e-06,100.0,0.000288
BLZ/BTC,1567750219800,2019-09-06T06:10:19.800Z,sell,2.87e-06,237.0,0.00068019
BLZ/BTC,1567750219800,2019-09-06T06:10:19.800Z,sell,2.88e-06,100.0,0.000288
BLZ/BTC,1567750219800,2019-09-06T06:10:19.800Z,sell,2.87e-06,237.0,0.00068019
BLZ/BTC,1567750237259,2019-09-06T06:10:37.259Z,buy,2.9e-06,1854.0,0.0053766
BLZ/BTC,1567750238191,2019-09-06T06:10:38.191Z,sell,2.88e-06,70.0,0.0002016
BLZ/BTC,1567750245584,2019-09-06T06:10:45.584Z,buy,2.91e-06,188.0,0.00054708
BLZ/BTC,1567750249572,2019-09-06T06:10:49.572Z,buy,2.9e-06,379.0,0.0010991
BLZ/BTC,1567750249606,2019-09-06T06:10:49.606Z,sell,2.9e-06,1501.0,0.0043529
BLZ/BTC,1567750249607,2019-09-06T06:10:49.607Z,sell,2.9e-06,644.0,0.0018676
BLZ/BTC,1567750259700,2019-09-06T06:10:59.700Z,buy,2.9e-06,405.0,0.0011745
BLZ/BTC,1567750259729,2019-09-06T06:10:59.729Z,sell,2.9e-06,146.0,0.0004234
BLZ/BTC,1567750259730,2019-09-06T06:10:59.730Z,sell,2.9e-06,63.0,0.0001827
BLZ/BTC,1567750266559,2019-09-06T06:11:06.559Z,buy,2.92e-06,70.0,0.0002044
BLZ/BTC,1567750267542,2019-09-06T06:11:07.542Z,sell,2.9e-06,70.0,0.000203
BLZ/BTC,1567750271525,2019-09-06T06:11:11.525Z,buy,2.92e-06,999.0,0.00291708
BLZ/BTC,1567750305748,2019-09-06T06:11:45.748Z,buy,2.92e-06,70.0,0.0002044
BLZ/BTC,1567750308949,2019-09-06T06:11:48.949Z,sell,2.9e-06,70.0,0.000203
BLZ/BTC,1567750312322,2019-09-06T06:11:52.322Z,buy,2.92e-06,999.0,0.00291708
BLZ/BTC,1567750319210,2019-09-06T06:11:59.210Z,sell,2.88e-06,39.0,0.00011232
BLZ/BTC,1567750319391,2019-09-06T06:11:59.391Z,buy,2.92e-06,70.0,0.0002044
BLZ/BTC,1567750320669,2019-09-06T06:12:00.669Z,sell,2.88e-06,51.0,0.00014688
BLZ/BTC,1567750322496,2019-09-06T06:12:02.496Z,buy,2.9e-06,70.0,0.000203
BLZ/BTC,1567750324578,2019-09-06T06:12:04.578Z,sell,2.88e-06,144.0,0.00041472
BLZ/BTC,1567750324602,2019-09-06T06:12:04.602Z,buy,2.88e-06,134.0,0.00038592
BLZ/BTC,1567750367196,2019-09-06T06:12:47.196Z,buy,2.88e-06,116.0,0.00033408
BLZ/BTC,1567750373146,2019-09-06T06:12:53.146Z,buy,2.9e-06,100.0,0.00029
BLZ/BTC,1567750380183,2019-09-06T06:13:00.183Z,buy,2.92e-06,70.0,0.0002044
BLZ/BTC,1567750393611,2019-09-06T06:13:13.611Z,buy,2.92e-06,134.0,0.00039128
BLZ/BTC,1567750405467,2019-09-06T06:13:25.467Z,sell,2.9e-06,748.0,0.0021692
BLZ/BTC,1567750405470,2019-09-06T06:13:25.470Z,sell,2.9e-06,740.0,0.002146
BLZ/BTC,1567750405470,2019-09-06T06:13:25.470Z,sell,2.9e-06,750.0,0.002175
BLZ/BTC,1567750405508,2019-09-06T06:13:25.508Z,sell,2.9e-06,30.0,8.7e-05
BLZ/BTC,1567750414307,2019-09-06T06:13:34.307Z,sell,2.88e-06,170.0,0.0004896
BLZ/BTC,1567750414307,2019-09-06T06:13:34.307Z,sell,2.87e-06,246.0,0.00070602
BLZ/BTC,1567750469972,2019-09-06T06:14:29.972Z,buy,2.9e-06,170.0,0.000493
BLZ/BTC,1567750469972,2019-09-06T06:14:29.972Z,buy,2.91e-06,13596.0,0.03956436
BLZ/BTC,1567750470010,2019-09-06T06:14:30.010Z,sell,2.91e-06,140.0,0.0004074
BLZ/BTC,1567750470100,2019-09-06T06:14:30.100Z,sell,2.91e-06,9163.0,0.02666433
BLZ/BTC,1567750470104,2019-09-06T06:14:30.104Z,sell,2.91e-06,7801.0,0.02270091
BLZ/BTC,1567750470104,2019-09-06T06:14:30.104Z,sell,2.91e-06,6652.0,0.01935732
BLZ/BTC,1567750638055,2019-09-06T06:17:18.055Z,sell,2.88e-06,2522.0,0.00726336
BLZ/BTC,1567750690359,2019-09-06T06:18:10.359Z,buy,2.92e-06,70.0,0.0002044
BLZ/BTC,1567750690382,2019-09-06T06:18:10.382Z,sell,2.92e-06,3595.0,0.0104974
BLZ/BTC,1567750690389,2019-09-06T06:18:10.389Z,sell,2.92e-06,1696.0,0.00495232
BLZ/BTC,1567750690393,2019-09-06T06:18:10.393Z,sell,2.92e-06,943.0,0.00275356
BLZ/BTC,1567750690396,2019-09-06T06:18:10.396Z,sell,2.92e-06,3595.0,0.0104974
BLZ/BTC,1567750690396,2019-09-06T06:18:10.396Z,sell,2.92e-06,1876.0,0.00547792
BLZ/BTC,1567750690405,2019-09-06T06:18:10.405Z,sell,2.92e-06,2863.0,0.00835996
BLZ/BTC,1567750690411,2019-09-06T06:18:10.411Z,sell,2.92e-06,1540.0,0.0044968
BLZ/BTC,1567750690428,2019-09-06T06:18:10.428Z,sell,2.92e-06,64.0,0.00018688
BLZ/BTC,1567750690484,2019-09-06T06:18:10.484Z,sell,2.92e-06,2529.0,0.00738468
BLZ/BTC,1567750690537,2019-09-06T06:18:10.537Z,sell,2.92e-06,90.0,0.0002628
BLZ/BTC,1567750690612,2019-09-06T06:18:10.612Z,sell,2.92e-06,337.0,0.00098404
BLZ/BTC,1567750691209,2019-09-06T06:18:11.209Z,sell,2.92e-06,3725.0,0.010877
BLZ/BTC,1567750701257,2019-09-06T06:18:21.257Z,buy,2.93e-06,1812.0,0.0053091599999999
BLZ/BTC,1567750701257,2019-09-06T06:18:21.257Z,buy,2.94e-06,1783.0,0.00524202
BLZ/BTC,1567750705046,2019-09-06T06:18:25.046Z,buy,2.94e-06,2029.0,0.00596526
BLZ/BTC,1567750705147,2019-09-06T06:18:25.147Z,sell,2.94e-06,126.0,0.00037044
BLZ/BTC,1567750705147,2019-09-06T06:18:25.147Z,sell,2.94e-06,111.0,0.00032634
BLZ/BTC,1567750707876,2019-09-06T06:18:27.876Z,sell,2.92e-06,70.0,0.0002044
BLZ/BTC,1567750707876,2019-09-06T06:18:27.876Z,sell,2.91e-06,413.0,0.00120183
BLZ/BTC,1567750710552,2019-09-06T06:18:30.552Z,sell,2.91e-06,101.0,0.00029391
BLZ/BTC,1567751061416,2019-09-06T06:24:21.416Z,sell,2.91e-06,600.0,0.001746
BLZ/BTC,1567751224427,2019-09-06T06:27:04.427Z,sell,2.91e-06,36.0,0.00010476
BLZ/BTC,1567751244720,2019-09-06T06:27:24.720Z,sell,2.91e-06,738.0,0.00214758
BLZ/BTC,1567751244720,2019-09-06T06:27:24.720Z,sell,2.9e-06,1781.0,0.0051649
BLZ/BTC,1567751347442,2019-09-06T06:29:07.442Z,buy,2.92e-06,171.0,0.00049932
BLZ/BTC,1567751678597,2019-09-06T06:34:38.597Z,sell,2.92e-06,109.0,0.00031828
BLZ/BTC,1567751797688,2019-09-06T06:36:37.688Z,sell,2.92e-06,201.0,0.00058692
BLZ/BTC,1567751797688,2019-09-06T06:36:37.688Z,sell,2.9e-06,184.0,0.0005336
BLZ/BTC,1567752292393,2019-09-06T06:44:52.393Z,sell,2.9e-06,3119.0,0.0090451
BLZ/BTC,1567752868511,2019-09-06T06:54:28.511Z,sell,2.9e-06,285.0,0.0008265
BLZ/BTC,1567752935329,2019-09-06T06:55:35.329Z,sell,2.9e-06,39.0,0.0001131
BLZ/BTC,1567753162041,2019-09-06T06:59:22.041Z,sell,2.9e-06,267.0,0.0007743
BLZ/BTC,1567753629655,2019-09-06T07:07:09.655Z,sell,2.9e-06,8988.0,0.0260652
BLZ/BTC,1567753691411,2019-09-06T07:08:11.411Z,sell,2.9e-06,57.0,0.0001653
BLZ/BTC,1567753691411,2019-09-06T07:08:11.411Z,sell,2.9e-06,57.0,0.0001653
BLZ/BTC,1567753919650,2019-09-06T07:11:59.650Z,sell,2.9e-06,41.0,0.0001189
BLZ/BTC,1567753975668,2019-09-06T07:12:55.668Z,sell,2.9e-06,1552.0,0.0045008
BLZ/BTC,1567754124873,2019-09-06T07:15:24.873Z,buy,2.9e-06,12.0,3.4800000000000006e-05
BLZ/BTC,1567754648265,2019-09-06T07:24:08.265Z,buy,2.9e-06,35093.0,0.1017697
BLZ/BTC,1567754648265,2019-09-06T07:24:08.265Z,buy,2.91e-06,1847.0,0.00537477
BLZ/BTC,1567755100975,2019-09-06T07:31:40.975Z,sell,2.9e-06,3448.0,0.0099992
BLZ/BTC,1567755100975,2019-09-06T07:31:40.975Z,sell,2.89e-06,13661.0,0.03948029
BLZ/BTC,1567755100975,2019-09-06T07:31:40.975Z,sell,2.88e-06,34514.0,0.09940032
BLZ/BTC,1567755100975,2019-09-06T07:31:40.975Z,sell,2.87e-06,13716.0,0.03936492
BLZ/BTC,1567755100975,2019-09-06T07:31:40.975Z,sell,2.86e-06,15493.0,0.04430998
BLZ/BTC,1567755100975,2019-09-06T07:31:40.975Z,sell,2.85e-06,144036.0,0.4105026
BLZ/BTC,1567755100995,2019-09-06T07:31:40.995Z,buy,2.85e-06,17318.0,0.0493563
BLZ/BTC,1567755100999,2019-09-06T07:31:40.999Z,buy,2.85e-06,25284.0,0.0720594
BLZ/BTC,1567755101001,2019-09-06T07:31:41.001Z,buy,2.85e-06,23237.0,0.0662254499999999
BLZ/BTC,1567755101002,2019-09-06T07:31:41.002Z,buy,2.85e-06,12102.0,0.0344907
BLZ/BTC,1567755101025,2019-09-06T07:31:41.025Z,sell,2.86e-06,2674.0,0.00764764
BLZ/BTC,1567755101025,2019-09-06T07:31:41.025Z,sell,2.85e-06,5066.0,0.0144380999999999
BLZ/BTC,1567755102318,2019-09-06T07:31:42.318Z,buy,2.87e-06,258.0,0.00074046
BLZ/BTC,1567755102910,2019-09-06T07:31:42.910Z,sell,2.86e-06,3448.0,0.00986128
BLZ/BTC,1567755106142,2019-09-06T07:31:46.142Z,buy,2.87e-06,12.0,3.444e-05
BLZ/BTC,1567755107324,2019-09-06T07:31:47.324Z,buy,2.86e-06,2463.0,0.00704418
BLZ/BTC,1567755107423,2019-09-06T07:31:47.423Z,buy,2.86e-06,3692.0,0.01055912
BLZ/BTC,1567755107453,2019-09-06T07:31:47.453Z,buy,2.86e-06,244.0,0.00069784
BLZ/BTC,1567755111101,2019-09-06T07:31:51.101Z,sell,2.85e-06,5948.0,0.0169518
BLZ/BTC,1567755111143,2019-09-06T07:31:51.143Z,buy,2.85e-06,1418.0,0.0040412999999999
BLZ/BTC,1567755111159,2019-09-06T07:31:51.159Z,buy,2.85e-06,1048.0,0.0029868
BLZ/BTC,1567755111160,2019-09-06T07:31:51.160Z,buy,2.85e-06,1418.0,0.0040412999999999
BLZ/BTC,1567755111163,2019-09-06T07:31:51.163Z,buy,2.85e-06,878.0,0.0025023
BLZ/BTC,1567755111163,2019-09-06T07:31:51.163Z,buy,2.85e-06,70.0,0.0001995
BLZ/BTC,1567755111269,2019-09-06T07:31:51.269Z,buy,2.85e-06,85.0,0.0002422499999999
BLZ/BTC,1567755111366,2019-09-06T07:31:51.366Z,buy,2.85e-06,282.0,0.0008037
BLZ/BTC,1567755113178,2019-09-06T07:31:53.178Z,sell,2.84e-06,849.0,0.00241116
BLZ/BTC,1567755114319,2019-09-06T07:31:54.319Z,sell,2.84e-06,2030.0,0.0057652
BLZ/BTC,1567755115164,2019-09-06T07:31:55.164Z,sell,2.84e-06,13357.0,0.0379338799999999
BLZ/BTC,1567755218157,2019-09-06T07:33:38.157Z,buy,2.86e-06,1482.0,0.00423852
BLZ/BTC,1567755218319,2019-09-06T07:33:38.319Z,buy,2.86e-06,749.0,0.00214214
BLZ/BTC,1567755223764,2019-09-06T07:33:43.764Z,sell,2.85e-06,1321.0,0.0037648499999999
BLZ/BTC,1567755554586,2019-09-06T07:39:14.586Z,sell,2.85e-06,3016.0,0.0085956
BLZ/BTC,1567755583926,2019-09-06T07:39:43.926Z,sell,2.85e-06,3972.0,0.0113201999999999
BLZ/BTC,1567755868200,2019-09-06T07:44:28.200Z,sell,2.84e-06,70.0,0.0001988
BLZ/BTC,1567755868200,2019-09-06T07:44:28.200Z,sell,2.83e-06,13675.0,0.03870025
BLZ/BTC,1567755868416,2019-09-06T07:44:28.416Z,buy,2.85e-06,10.0,2.85e-05
BLZ/BTC,1567755869079,2019-09-06T07:44:29.079Z,sell,2.83e-06,120.0,0.0003396
BLZ/BTC,1567755870421,2019-09-06T07:44:30.421Z,sell,2.82e-06,25284.0,0.07130088
BLZ/BTC,1567755870421,2019-09-06T07:44:30.421Z,sell,2.82e-06,1700.0,0.004794
BLZ/BTC,1567755870849,2019-09-06T07:44:30.849Z,buy,2.84e-06,73.0,0.00020732
BLZ/BTC,1567755874852,2019-09-06T07:44:34.852Z,sell,2.83e-06,75.0,0.00021225
BLZ/BTC,1567755874874,2019-09-06T07:44:34.874Z,buy,2.83e-06,216.0,0.00061128
BLZ/BTC,1567755874906,2019-09-06T07:44:34.906Z,buy,2.83e-06,146.0,0.00041318
BLZ/BTC,1567755874926,2019-09-06T07:44:34.926Z,buy,2.83e-06,1138.0,0.00322054
BLZ/BTC,1567755875009,2019-09-06T07:44:35.009Z,buy,2.83e-06,229.0,0.00064807
BLZ/BTC,1567755875099,2019-09-06T07:44:35.099Z,buy,2.83e-06,459.0,0.00129897
BLZ/BTC,1567755875108,2019-09-06T07:44:35.108Z,buy,2.83e-06,79.0,0.00022357
BLZ/BTC,1567755875262,2019-09-06T07:44:35.262Z,buy,2.83e-06,498.0,0.00140934
BLZ/BTC,1567755875490,2019-09-06T07:44:35.490Z,buy,2.83e-06,601.0,0.00170083
BLZ/BTC,1567755875490,2019-09-06T07:44:35.490Z,buy,2.83e-06,278.0,0.00078674
BLZ/BTC,1567755875968,2019-09-06T07:44:35.968Z,sell,2.82e-06,5066.0,0.01428612
BLZ/BTC,1567755876010,2019-09-06T07:44:36.010Z,buy,2.83e-06,499.0,0.00141217
BLZ/BTC,1567755876257,2019-09-06T07:44:36.257Z,buy,2.83e-06,361.0,0.00102163
BLZ/BTC,1567755876257,2019-09-06T07:44:36.257Z,buy,2.83e-06,126.0,0.00035658
BLZ/BTC,1567755878736,2019-09-06T07:44:38.736Z,sell,2.82e-06,4157.0,0.01172274
BLZ/BTC,1567755878764,2019-09-06T07:44:38.764Z,buy,2.82e-06,584.0,0.00164688
BLZ/BTC,1567755878791,2019-09-06T07:44:38.791Z,buy,2.82e-06,159.0,0.00044838
BLZ/BTC,1567755879038,2019-09-06T07:44:39.038Z,buy,2.82e-06,237.0,0.00066834
BLZ/BTC,1567755879060,2019-09-06T07:44:39.060Z,buy,2.82e-06,237.0,0.00066834
BLZ/BTC,1567755879469,2019-09-06T07:44:39.469Z,buy,2.82e-06,1892.0,0.00533544
BLZ/BTC,1567755879471,2019-09-06T07:44:39.471Z,buy,2.82e-06,531.0,0.00149742
BLZ/BTC,1567755879812,2019-09-06T07:44:39.812Z,buy,2.83e-06,1581.0,0.00447423
BLZ/BTC,1567755879827,2019-09-06T07:44:39.827Z,buy,2.83e-06,1581.0,0.00447423
BLZ/BTC,1567755879876,2019-09-06T07:44:39.876Z,buy,2.83e-06,669.0,0.00189327
BLZ/BTC,1567755881664,2019-09-06T07:44:41.664Z,buy,2.82e-06,2184.0,0.00615888
BLZ/BTC,1567755881767,2019-09-06T07:44:41.767Z,buy,2.82e-06,876.0,0.00247032
BLZ/BTC,1567755882240,2019-09-06T07:44:42.240Z,buy,2.82e-06,234.0,0.00065988
BLZ/BTC,1567755884266,2019-09-06T07:44:44.266Z,buy,2.82e-06,200.0,0.000564
BLZ/BTC,1567755884412,2019-09-06T07:44:44.412Z,buy,2.82e-06,141.0,0.00039762
BLZ/BTC,1567755885732,2019-09-06T07:44:45.732Z,sell,2.81e-06,10531.0,0.02959211
BLZ/BTC,1567755906508,2019-09-06T07:45:06.508Z,sell,2.82e-06,601.0,0.00169482
BLZ/BTC,1567755910316,2019-09-06T07:45:10.316Z,sell,2.82e-06,1233.0,0.00347706
BLZ/BTC,1567756090155,2019-09-06T07:48:10.155Z,sell,2.82e-06,45.0,0.0001269
BLZ/BTC,1567756152123,2019-09-06T07:49:12.123Z,sell,2.82e-06,1327.0,0.00374214
BLZ/BTC,1567756287302,2019-09-06T07:51:27.302Z,sell,2.82e-06,460.0,0.0012972
BLZ/BTC,1567756287302,2019-09-06T07:51:27.302Z,sell,2.8e-06,326.0,0.0009128
BLZ/BTC,1567756287302,2019-09-06T07:51:27.302Z,sell,2.8e-06,2974.0,0.0083272
BLZ/BTC,1567756287302,2019-09-06T07:51:27.302Z,sell,2.8e-06,344.0,0.0009632
BLZ/BTC,1567756288869,2019-09-06T07:51:28.869Z,sell,2.81e-06,120.0,0.0003372
BLZ/BTC,1567756478609,2019-09-06T07:54:38.609Z,sell,2.82e-06,278.0,0.00078396
BLZ/BTC,1567756624016,2019-09-06T07:57:04.016Z,buy,2.83e-06,7162.0,0.02026846
BLZ/BTC,1567757227923,2019-09-06T08:07:07.923Z,buy,2.83e-06,3601.0,0.01019083
BLZ/BTC,1567757232243,2019-09-06T08:07:12.243Z,buy,2.84e-06,993.0,0.0028201199999999
BLZ/BTC,1567757232243,2019-09-06T08:07:12.243Z,buy,2.84e-06,993.0,0.0028201199999999
BLZ/BTC,1567757449182,2019-09-06T08:10:49.182Z,sell,2.82e-06,709.0,0.00199938
BLZ/BTC,1567757449182,2019-09-06T08:10:49.182Z,sell,2.81e-06,923.0,0.00259363
BLZ/BTC,1567757451386,2019-09-06T08:10:51.386Z,sell,2.8e-06,2208.0,0.0061823999999999
BLZ/BTC,1567757451834,2019-09-06T08:10:51.834Z,buy,2.84e-06,221.0,0.00062764
BLZ/BTC,1567757521188,2019-09-06T08:12:01.188Z,buy,2.84e-06,65.0,0.0001846
BLZ/BTC,1567757521579,2019-09-06T08:12:01.579Z,buy,2.84e-06,100.0,0.0002839999999999
BLZ/BTC,1567757850744,2019-09-06T08:17:30.744Z,buy,2.84e-06,4623.0,0.01312932
BLZ/BTC,1567757914596,2019-09-06T08:18:34.596Z,buy,2.84e-06,54.0,0.00015336
BLZ/BTC,1567758076076,2019-09-06T08:21:16.076Z,sell,2.82e-06,3385.0,0.0095457
BLZ/BTC,1567758077396,2019-09-06T08:21:17.396Z,buy,2.82e-06,8652.0,0.02439864
BLZ/BTC,1567758087545,2019-09-06T08:21:27.545Z,buy,2.82e-06,3475.0,0.0097995
BLZ/BTC,1567758119320,2019-09-06T08:21:59.320Z,buy,2.82e-06,230.0,0.0006486
BLZ/BTC,1567758119326,2019-09-06T08:21:59.326Z,buy,2.82e-06,97.0,0.00027354
BLZ/BTC,1567758127986,2019-09-06T08:22:07.986Z,buy,2.82e-06,36.0,0.00010152
BLZ/BTC,1567758172401,2019-09-06T08:22:52.401Z,sell,2.81e-06,1288.0,0.00361928
BLZ/BTC,1567758172401,2019-09-06T08:22:52.401Z,sell,2.8e-06,20357.0,0.0569996
BLZ/BTC,1567758173859,2019-09-06T08:22:53.859Z,buy,2.81e-06,105.0,0.00029505
BLZ/BTC,1567758174222,2019-09-06T08:22:54.222Z,buy,2.81e-06,1425.0,0.00400425
BLZ/BTC,1567758174224,2019-09-06T08:22:54.224Z,buy,2.81e-06,252.0,0.00070812
BLZ/BTC,1567758174776,2019-09-06T08:22:54.776Z,sell,2.81e-06,1500.0,0.004215
BLZ/BTC,1567758178046,2019-09-06T08:22:58.046Z,buy,2.82e-06,79.0,0.00022278
BLZ/BTC,1567758358329,2019-09-06T08:25:58.329Z,buy,2.83e-06,101.0,0.00028583
BLZ/BTC,1567758542216,2019-09-06T08:29:02.216Z,sell,2.81e-06,3043.0,0.00855083
BLZ/BTC,1567758542216,2019-09-06T08:29:02.216Z,sell,2.8e-06,3156.0,0.0088367999999999
BLZ/BTC,1567758542216,2019-09-06T08:29:02.216Z,sell,2.79e-06,1679.0,0.00468441
BLZ/BTC,1567758553327,2019-09-06T08:29:13.327Z,sell,2.8e-06,66.0,0.0001848
BLZ/BTC,1567758559619,2019-09-06T08:29:19.619Z,buy,2.82e-06,355.0,0.0010011
BLZ/BTC,1567758560590,2019-09-06T08:29:20.590Z,buy,2.82e-06,200.0,0.000564
BLZ/BTC,1567758561407,2019-09-06T08:29:21.407Z,buy,2.82e-06,200.0,0.000564
BLZ/BTC,1567758564091,2019-09-06T08:29:24.091Z,sell,2.8e-06,136.0,0.0003808
BLZ/BTC,1567758680168,2019-09-06T08:31:20.168Z,buy,2.81e-06,108.0,0.00030348
BLZ/BTC,1567758680170,2019-09-06T08:31:20.170Z,buy,2.81e-06,20.0,5.62e-05
BLZ/BTC,1567758680591,2019-09-06T08:31:20.591Z,buy,2.83e-06,106.0,0.00029998
BLZ/BTC,1567758687479,2019-09-06T08:31:27.479Z,buy,2.83e-06,108.0,0.00030564
BLZ/BTC,1567758926859,2019-09-06T08:35:26.859Z,sell,2.81e-06,36.0,0.00010116
BLZ/BTC,1567758989300,2019-09-06T08:36:29.300Z,sell,2.81e-06,137.0,0.00038497
BLZ/BTC,1567758993047,2019-09-06T08:36:33.047Z,buy,2.83e-06,10.0,2.83e-05
BLZ/BTC,1567759073947,2019-09-06T08:37:53.947Z,sell,2.81e-06,962.0,0.00270322
BLZ/BTC,1567759074251,2019-09-06T08:37:54.251Z,sell,2.8e-06,36.0,0.0001008
BLZ/BTC,1567759074257,2019-09-06T08:37:54.257Z,buy,2.84e-06,11.0,3.124e-05
BLZ/BTC,1567759665882,2019-09-06T08:47:45.882Z,sell,2.8e-06,1670.0,0.004676
BLZ/BTC,1567759665882,2019-09-06T08:47:45.882Z,sell,2.79e-06,11525.0,0.03215475
BLZ/BTC,1567759665882,2019-09-06T08:47:45.882Z,sell,2.78e-06,2867.0,0.00797026
BLZ/BTC,1567759665882,2019-09-06T08:47:45.882Z,sell,2.78e-06,3480.0,0.0096744
BLZ/BTC,1567759667260,2019-09-06T08:47:47.260Z,buy,2.8e-06,115.0,0.0003219999999999
BLZ/BTC,1567759667425,2019-09-06T08:47:47.425Z,buy,2.81e-06,425.0,0.00119425
BLZ/BTC,1567759667454,2019-09-06T08:47:47.454Z,buy,2.81e-06,75.0,0.00021075
BLZ/BTC,1567759669888,2019-09-06T08:47:49.888Z,buy,2.82e-06,170.0,0.0004794
BLZ/BTC,1567759669888,2019-09-06T08:47:49.888Z,buy,2.83e-06,177.0,0.00050091
BLZ/BTC,1567759676344,2019-09-06T08:47:56.344Z,buy,2.83e-06,425.0,0.00120275
BLZ/BTC,1567759676349,2019-09-06T08:47:56.349Z,buy,2.83e-06,260.0,0.0007358
BLZ/BTC,1567759677435,2019-09-06T08:47:57.435Z,buy,2.83e-06,447.0,0.00126501
BLZ/BTC,1567759782985,2019-09-06T08:49:42.985Z,buy,2.83e-06,200.0,0.000566
BLZ/BTC,1567759873307,2019-09-06T08:51:13.307Z,sell,2.8e-06,354.0,0.0009912
BLZ/BTC,1567759873469,2019-09-06T08:51:13.469Z,buy,2.81e-06,200.0,0.000562
BLZ/BTC,1567759875368,2019-09-06T08:51:15.368Z,sell,2.79e-06,84.0,0.00023436
BLZ/BTC,1567759876296,2019-09-06T08:51:16.296Z,buy,2.81e-06,2862.0,0.00804222
BLZ/BTC,1567759876469,2019-09-06T08:51:16.469Z,buy,2.81e-06,6665.0,0.01872865
BLZ/BTC,1567759876469,2019-09-06T08:51:16.469Z,buy,2.81e-06,543.0,0.00152583
BLZ/BTC,1567759876485,2019-09-06T08:51:16.485Z,buy,2.81e-06,9901.0,0.02782181
BLZ/BTC,1567759881030,2019-09-06T08:51:21.030Z,buy,2.82e-06,70.0,0.0001974
BLZ/BTC,1567759888490,2019-09-06T08:51:28.490Z,buy,2.83e-06,6417.0,0.01816011
BLZ/BTC,1567759909314,2019-09-06T08:51:49.314Z,buy,2.83e-06,2908.0,0.00822964
BLZ/BTC,1567759937578,2019-09-06T08:52:17.578Z,buy,2.83e-06,1052.0,0.00297716
BLZ/BTC,1567760369753,2019-09-06T08:59:29.753Z,buy,2.82e-06,11.0,3.102e-05
BLZ/BTC,1567760467297,2019-09-06T09:01:07.297Z,sell,2.8e-06,1724.0,0.0048271999999999
BLZ/BTC,1567760467774,2019-09-06T09:01:07.774Z,sell,2.8e-06,345.0,0.000966
BLZ/BTC,1567760468329,2019-09-06T09:01:08.329Z,sell,2.8e-06,172.0,0.0004816
BLZ/BTC,1567760468335,2019-09-06T09:01:08.335Z,sell,2.8e-06,1724.0,0.0048271999999999
BLZ/BTC,1567760468812,2019-09-06T09:01:08.812Z,sell,2.8e-06,345.0,0.000966
BLZ/BTC,1567760468828,2019-09-06T09:01:08.828Z,sell,2.8e-06,172.0,0.0004816
BLZ/BTC,1567760469313,2019-09-06T09:01:09.313Z,sell,2.8e-06,690.0,0.001932
BLZ/BTC,1567760606662,2019-09-06T09:03:26.662Z,buy,2.81e-06,43.0,0.00012083
BLZ/BTC,1567760608674,2019-09-06T09:03:28.674Z,buy,2.82e-06,982.0,0.00276924
BLZ/BTC,1567760610996,2019-09-06T09:03:30.996Z,buy,2.83e-06,4773.0,0.01350759
BLZ/BTC,1567760610996,2019-09-06T09:03:30.996Z,buy,2.83e-06,4773.0,0.01350759
BLZ/BTC,1567760885365,2019-09-06T09:08:05.365Z,buy,2.84e-06,10.0,2.84e-05
BLZ/BTC,1567761122300,2019-09-06T09:12:02.300Z,buy,2.84e-06,54.0,0.00015336
BLZ/BTC,1567761127521,2019-09-06T09:12:07.521Z,buy,2.84e-06,48.0,0.00013632
BLZ/BTC,1567761266084,2019-09-06T09:14:26.084Z,sell,2.82e-06,70.0,0.0001974
BLZ/BTC,1567761266116,2019-09-06T09:14:26.116Z,buy,2.82e-06,11.0,3.102e-05
BLZ/BTC,1567761274197,2019-09-06T09:14:34.197Z,sell,2.8e-06,692.0,0.0019375999999999
BLZ/BTC,1567761443380,2019-09-06T09:17:23.380Z,buy,2.82e-06,11.0,3.102e-05
BLZ/BTC,1567761514579,2019-09-06T09:18:34.579Z,buy,2.82e-06,44.0,0.00012408
BLZ/BTC,1567761603981,2019-09-06T09:20:03.981Z,sell,2.8e-06,4707.0,0.0131796
BLZ/BTC,1567763548070,2019-09-06T09:52:28.070Z,sell,2.81e-06,804.0,0.00225924
BLZ/BTC,1567763548070,2019-09-06T09:52:28.070Z,sell,2.81e-06,804.0,0.00225924
BLZ/BTC,1567764242213,2019-09-06T10:04:02.213Z,buy,2.82e-06,44.0,0.00012408
BLZ/BTC,1567764313552,2019-09-06T10:05:13.552Z,buy,2.82e-06,125.0,0.0003525
BLZ/BTC,1567764569715,2019-09-06T10:09:29.715Z,buy,2.82e-06,9.0,2.538e-05
BLZ/BTC,1567764720216,2019-09-06T10:12:00.216Z,buy,2.82e-06,37.0,0.00010434
BLZ/BTC,1567764844377,2019-09-06T10:14:04.377Z,buy,2.82e-06,514.0,0.00144948
BLZ/BTC,1567764922712,2019-09-06T10:15:22.712Z,buy,2.82e-06,2550.0,0.007191
BLZ/BTC,1567765079478,2019-09-06T10:17:59.478Z,buy,2.82e-06,11.0,3.102e-05
BLZ/BTC,1567765111106,2019-09-06T10:18:31.106Z,buy,2.82e-06,6700.0,0.018894
BLZ/BTC,1567765208177,2019-09-06T10:20:08.177Z,buy,2.82e-06,85.0,0.0002397
BLZ/BTC,1567765276541,2019-09-06T10:21:16.541Z,buy,2.82e-06,75.0,0.0002115
BLZ/BTC,1567765303097,2019-09-06T10:21:43.097Z,buy,2.82e-06,870.0,0.0024534
BLZ/BTC,1567765397004,2019-09-06T10:23:17.004Z,buy,2.82e-06,6004.0,0.01693128
BLZ/BTC,1567765397006,2019-09-06T10:23:17.006Z,buy,2.82e-06,11.0,3.102e-05
BLZ/BTC,1567765397006,2019-09-06T10:23:17.006Z,buy,2.83e-06,13976.0,0.03955208
BLZ/BTC,1567765397006,2019-09-06T10:23:17.006Z,buy,2.84e-06,120437.0,0.34204108
BLZ/BTC,1567765397024,2019-09-06T10:23:17.024Z,buy,2.84e-06,8372.0,0.02377648
BLZ/BTC,1567765397088,2019-09-06T10:23:17.088Z,buy,2.83e-06,1647.0,0.00466101
BLZ/BTC,1567765398659,2019-09-06T10:23:18.659Z,sell,2.82e-06,70.0,0.0001974
BLZ/BTC,1567765454122,2019-09-06T10:24:14.122Z,sell,2.81e-06,1871.0,0.00525751
BLZ/BTC,1567765454123,2019-09-06T10:24:14.123Z,sell,2.81e-06,5.0,1.405e-05
BLZ/BTC,1567765454123,2019-09-06T10:24:14.123Z,sell,2.8e-06,2500.0,0.0069999999999999
BLZ/BTC,1567765454128,2019-09-06T10:24:14.128Z,sell,2.79e-06,1871.0,0.00522009
BLZ/BTC,1567765454131,2019-09-06T10:24:14.131Z,sell,2.79e-06,8650.0,0.0241335
BLZ/BTC,1567765454137,2019-09-06T10:24:14.137Z,buy,2.8e-06,1658.0,0.0046424
BLZ/BTC,1567765454148,2019-09-06T10:24:14.148Z,buy,2.8e-06,213.0,0.0005964
BLZ/BTC,1567765454170,2019-09-06T10:24:14.170Z,sell,2.79e-06,26376.0,0.07358904
BLZ/BTC,1567765454170,2019-09-06T10:24:14.170Z,sell,2.78e-06,25462.0,0.07078436
BLZ/BTC,1567765454170,2019-09-06T10:24:14.170Z,sell,2.77e-06,51875.0,0.14369375
BLZ/BTC,1567765454170,2019-09-06T10:24:14.170Z,sell,2.76e-06,9141.0,0.0252291599999999
BLZ/BTC,1567765454238,2019-09-06T10:24:14.238Z,sell,2.77e-06,1329.0,0.00368133
BLZ/BTC,1567765454371,2019-09-06T10:24:14.371Z,sell,2.77e-06,7696.0,0.02131792
BLZ/BTC,1567765454371,2019-09-06T10:24:14.371Z,sell,2.76e-06,1088.0,0.00300288
BLZ/BTC,1567765454410,2019-09-06T10:24:14.410Z,sell,2.79e-06,11000.0,0.03069
BLZ/BTC,1567765454426,2019-09-06T10:24:14.426Z,buy,2.77e-06,163.0,0.00045151
BLZ/BTC,1567765454434,2019-09-06T10:24:14.434Z,buy,2.77e-06,163.0,0.00045151
BLZ/BTC,1567765454459,2019-09-06T10:24:14.459Z,buy,2.77e-06,3644.0,0.01009388
BLZ/BTC,1567765454461,2019-09-06T10:24:14.461Z,buy,2.77e-06,814.0,0.00225478
BLZ/BTC,1567765454465,2019-09-06T10:24:14.465Z,buy,2.77e-06,586.0,0.00162322
BLZ/BTC,1567765456705,2019-09-06T10:24:16.705Z,buy,2.79e-06,100.0,0.000279
BLZ/BTC,1567765456802,2019-09-06T10:24:16.802Z,sell,2.78e-06,70.0,0.0001946
BLZ/BTC,1567765458339,2019-09-06T10:24:18.339Z,sell,2.78e-06,1500.0,0.00417
BLZ/BTC,1567765461827,2019-09-06T10:24:21.827Z,buy,2.8e-06,70.0,0.000196
BLZ/BTC,1567765461827,2019-09-06T10:24:21.827Z,buy,2.81e-06,668.0,0.00187708
BLZ/BTC,1567765480939,2019-09-06T10:24:40.939Z,buy,2.79e-06,226.0,0.00063054
BLZ/BTC,1567765481062,2019-09-06T10:24:41.062Z,buy,2.79e-06,1340.0,0.0037386
BLZ/BTC,1567765481110,2019-09-06T10:24:41.110Z,buy,2.79e-06,133.0,0.00037107
BLZ/BTC,1567765494040,2019-09-06T10:24:54.040Z,sell,2.78e-06,3385.0,0.0094103
BLZ/BTC,1567765494584,2019-09-06T10:24:54.584Z,sell,2.78e-06,46.0,0.00012788
BLZ/BTC,1567765503463,2019-09-06T10:25:03.463Z,sell,2.78e-06,1902.0,0.00528756
BLZ/BTC,1567765515583,2019-09-06T10:25:15.583Z,sell,2.78e-06,47.0,0.00013066
BLZ/BTC,1567765565064,2019-09-06T10:26:05.064Z,sell,2.78e-06,167.0,0.00046426
BLZ/BTC,1567765865030,2019-09-06T10:31:05.030Z,buy,2.79e-06,10.0,2.79e-05
BLZ/BTC,1567765885553,2019-09-06T10:31:25.553Z,buy,2.79e-06,200.0,0.000558
BLZ/BTC,1567765925450,2019-09-06T10:32:05.450Z,sell,2.78e-06,1305.0,0.0036279
BLZ/BTC,1567765966673,2019-09-06T10:32:46.673Z,sell,2.78e-06,2455.0,0.0068249
BLZ/BTC,1567766284535,2019-09-06T10:38:04.535Z,buy,2.77e-06,265.0,0.00073405
BLZ/BTC,1567766284608,2019-09-06T10:38:04.608Z,buy,2.77e-06,750.0,0.0020775
BLZ/BTC,1567766284608,2019-09-06T10:38:04.608Z,buy,2.77e-06,11226.0,0.03109602
BLZ/BTC,1567766284701,2019-09-06T10:38:04.701Z,buy,2.77e-06,5505.0,0.01524885
BLZ/BTC,1567766284706,2019-09-06T10:38:04.706Z,buy,2.77e-06,243.0,0.00067311
BLZ/BTC,1567766284754,2019-09-06T10:38:04.754Z,buy,2.77e-06,13508.0,0.03741716
BLZ/BTC,1567766285096,2019-09-06T10:38:05.096Z,sell,2.77e-06,1000.0,0.00277
BLZ/BTC,1567766285129,2019-09-06T10:38:05.129Z,buy,2.77e-06,5393.0,0.01493861
BLZ/BTC,1567766287657,2019-09-06T10:38:07.657Z,sell,2.77e-06,200.0,0.000554
BLZ/BTC,1567766288613,2019-09-06T10:38:08.613Z,buy,2.77e-06,2010.0,0.0055677
BLZ/BTC,1567766291721,2019-09-06T10:38:11.721Z,sell,2.76e-06,1292.0,0.0035659199999999
BLZ/BTC,1567766442161,2019-09-06T10:40:42.161Z,buy,2.78e-06,72.0,0.00020016
BLZ/BTC,1567766543032,2019-09-06T10:42:23.032Z,buy,2.79e-06,72.0,0.00020088
BLZ/BTC,1567766543032,2019-09-06T10:42:23.032Z,buy,2.79e-06,72.0,0.00020088
BLZ/BTC,1567767840252,2019-09-06T11:04:00.252Z,buy,2.78e-06,66.0,0.00018348
BLZ/BTC,1567767995528,2019-09-06T11:06:35.528Z,sell,2.76e-06,363.0,0.00100188
BLZ/BTC,1567768026362,2019-09-06T11:07:06.362Z,buy,2.77e-06,544.0,0.00150688
BLZ/BTC,1567768026439,2019-09-06T11:07:06.439Z,buy,2.77e-06,70.0,0.0001939
BLZ/BTC,1567768026541,2019-09-06T11:07:06.541Z,buy,2.77e-06,96.0,0.00026592
BLZ/BTC,1567768034098,2019-09-06T11:07:14.098Z,buy,2.77e-06,290.0,0.0008033
BLZ/BTC,1567768035818,2019-09-06T11:07:15.818Z,buy,2.77e-06,327.0,0.00090579
BLZ/BTC,1567768037412,2019-09-06T11:07:17.412Z,buy,2.77e-06,241.0,0.00066757
BLZ/BTC,1567768089525,2019-09-06T11:08:09.525Z,buy,2.77e-06,118.0,0.00032686
BLZ/BTC,1567768090729,2019-09-06T11:08:10.729Z,buy,2.77e-06,386.0,0.00106922
BLZ/BTC,1567768290607,2019-09-06T11:11:30.607Z,buy,2.77e-06,490.0,0.0013573
BLZ/BTC,1567768320522,2019-09-06T11:12:00.522Z,buy,2.78e-06,74.0,0.00020572
BLZ/BTC,1567768320522,2019-09-06T11:12:00.522Z,buy,2.78e-06,52.0,0.00014456
BLZ/BTC,1567768321510,2019-09-06T11:12:01.510Z,buy,2.78e-06,98.0,0.00027244
BLZ/BTC,1567768542193,2019-09-06T11:15:42.193Z,buy,2.78e-06,36.0,0.00010008
BLZ/BTC,1567768636870,2019-09-06T11:17:16.870Z,buy,2.77e-06,13.0,3.601e-05
BLZ/BTC,1567768726125,2019-09-06T11:18:46.125Z,sell,2.75e-06,839.0,0.00230725
BLZ/BTC,1567768726125,2019-09-06T11:18:46.125Z,sell,2.75e-06,2443.0,0.0067182499999999
BLZ/BTC,1567768857673,2019-09-06T11:20:57.673Z,buy,2.76e-06,200.0,0.000552
BLZ/BTC,1567768857831,2019-09-06T11:20:57.831Z,buy,2.76e-06,680.0,0.0018767999999999
BLZ/BTC,1567768860908,2019-09-06T11:21:00.908Z,buy,2.76e-06,92.0,0.00025392
BLZ/BTC,1567768976674,2019-09-06T11:22:56.674Z,buy,2.77e-06,13.0,3.601e-05
BLZ/BTC,1567769224392,2019-09-06T11:27:04.392Z,buy,2.76e-06,81.0,0.0002235599999999
BLZ/BTC,1567769311312,2019-09-06T11:28:31.312Z,sell,2.75e-06,6877.0,0.0189117499999999
BLZ/BTC,1567769313033,2019-09-06T11:28:33.033Z,sell,2.75e-06,11638.0,0.0320045
BLZ/BTC,1567769348634,2019-09-06T11:29:08.634Z,sell,2.75e-06,2773.0,0.00762575
BLZ/BTC,1567769348670,2019-09-06T11:29:08.670Z,buy,2.75e-06,691.0,0.00190025
BLZ/BTC,1567769348830,2019-09-06T11:29:08.830Z,buy,2.75e-06,200.0,0.00055
BLZ/BTC,1567769348907,2019-09-06T11:29:08.907Z,buy,2.75e-06,691.0,0.00190025
BLZ/BTC,1567769349202,2019-09-06T11:29:09.202Z,buy,2.75e-06,146.0,0.0004015
BLZ/BTC,1567769355726,2019-09-06T11:29:15.726Z,buy,2.75e-06,402.0,0.0011055
BLZ/BTC,1567769430197,2019-09-06T11:30:30.197Z,buy,2.75e-06,14.0,3.85e-05
BLZ/BTC,1567769441764,2019-09-06T11:30:41.764Z,sell,2.74e-06,2273.0,0.00622802
BLZ/BTC,1567769494133,2019-09-06T11:31:34.133Z,buy,2.75e-06,1926.0,0.0052965
BLZ/BTC,1567769511553,2019-09-06T11:31:51.553Z,sell,2.74e-06,9104.0,0.02494496
BLZ/BTC,1567769511568,2019-09-06T11:31:51.568Z,buy,2.74e-06,107.0,0.00029318
BLZ/BTC,1567769511616,2019-09-06T11:31:51.616Z,buy,2.74e-06,107.0,0.00029318
BLZ/BTC,1567769511648,2019-09-06T11:31:51.648Z,buy,2.74e-06,415.0,0.0011371
BLZ/BTC,1567769511691,2019-09-06T11:31:51.691Z,buy,2.74e-06,70.0,0.0001918
BLZ/BTC,1567769511784,2019-09-06T11:31:51.784Z,buy,2.74e-06,200.0,0.000548
BLZ/BTC,1567769512473,2019-09-06T11:31:52.473Z,buy,2.74e-06,13657.0,0.03742018
BLZ/BTC,1567769512527,2019-09-06T11:31:52.527Z,buy,2.74e-06,2016.0,0.00552384
BLZ/BTC,1567769512635,2019-09-06T11:31:52.635Z,buy,2.74e-06,125.0,0.0003425
BLZ/BTC,1567769512673,2019-09-06T11:31:52.673Z,buy,2.74e-06,147.0,0.00040278
BLZ/BTC,1567769512716,2019-09-06T11:31:52.716Z,buy,2.74e-06,111.0,0.00030414
BLZ/BTC,1567769524312,2019-09-06T11:32:04.312Z,buy,2.74e-06,394.0,0.00107956
BLZ/BTC,1567769564609,2019-09-06T11:32:44.609Z,sell,2.73e-06,6398.0,0.01746654
BLZ/BTC,1567769564667,2019-09-06T11:32:44.667Z,buy,2.74e-06,735.0,0.0020139
BLZ/BTC,1567769564784,2019-09-06T11:32:44.784Z,buy,2.74e-06,96.0,0.00026304
BLZ/BTC,1567769570595,2019-09-06T11:32:50.595Z,sell,2.73e-06,5345.0,0.01459185
BLZ/BTC,1567769570643,2019-09-06T11:32:50.643Z,buy,2.73e-06,9396.0,0.02565108
BLZ/BTC,1567769570724,2019-09-06T11:32:50.724Z,buy,2.73e-06,1137.0,0.00310401
BLZ/BTC,1567769570788,2019-09-06T11:32:50.788Z,buy,2.73e-06,7022.0,0.01917006
BLZ/BTC,1567769573947,2019-09-06T11:32:53.947Z,sell,2.73e-06,1500.0,0.004095
BLZ/BTC,1567769575670,2019-09-06T11:32:55.670Z,buy,2.74e-06,90.0,0.0002466
BLZ/BTC,1567769576674,2019-09-06T11:32:56.674Z,buy,2.74e-06,1478.0,0.00404972
BLZ/BTC,1567769580124,2019-09-06T11:33:00.124Z,buy,2.74e-06,382.0,0.00104668
BLZ/BTC,1567769580124,2019-09-06T11:33:00.124Z,buy,2.75e-06,3618.0,0.0099495
BLZ/BTC,1567769602973,2019-09-06T11:33:22.973Z,buy,2.74e-06,152.0,0.00041648
BLZ/BTC,1567769602973,2019-09-06T11:33:22.973Z,buy,2.75e-06,789.0,0.00216975
BLZ/BTC,1567769605109,2019-09-06T11:33:25.109Z,buy,2.76e-06,72.0,0.00019872
BLZ/BTC,1567769611837,2019-09-06T11:33:31.837Z,sell,2.73e-06,37.0,0.00010101
BLZ/BTC,1567769959481,2019-09-06T11:39:19.481Z,sell,2.73e-06,380.0,0.0010374
BLZ/BTC,1567769990676,2019-09-06T11:39:50.676Z,sell,2.73e-06,86.0,0.00023478
BLZ/BTC,1567770052484,2019-09-06T11:40:52.484Z,sell,2.72e-06,325.0,0.0008839999999999
BLZ/BTC,1567770052484,2019-09-06T11:40:52.484Z,sell,2.72e-06,3662.0,0.00996064
BLZ/BTC,1567770052484,2019-09-06T11:40:52.484Z,sell,2.72e-06,325.0,0.0008839999999999
BLZ/BTC,1567770052484,2019-09-06T11:40:52.484Z,sell,2.72e-06,3662.0,0.00996064
BLZ/BTC,1567770507494,2019-09-06T11:48:27.494Z,buy,2.73e-06,14.0,3.822e-05
BLZ/BTC,1567770508470,2019-09-06T11:48:28.470Z,sell,2.72e-06,328.0,0.0008921599999999
BLZ/BTC,1567770530499,2019-09-06T11:48:50.499Z,sell,2.72e-06,1189.0,0.00323408
BLZ/BTC,1567770531499,2019-09-06T11:48:51.499Z,sell,2.72e-06,4515.0,0.0122808
BLZ/BTC,1567770590164,2019-09-06T11:49:50.164Z,buy,2.73e-06,56.0,0.00015288
BLZ/BTC,1567770590164,2019-09-06T11:49:50.164Z,buy,2.74e-06,8093.0,0.02217482
BLZ/BTC,1567770592217,2019-09-06T11:49:52.217Z,buy,2.75e-06,354.0,0.0009735
BLZ/BTC,1567770595903,2019-09-06T11:49:55.903Z,buy,2.75e-06,6001.0,0.01650275
BLZ/BTC,1567770598307,2019-09-06T11:49:58.307Z,buy,2.75e-06,2001.0,0.00550275
BLZ/BTC,1567770614396,2019-09-06T11:50:14.396Z,sell,2.73e-06,3624.0,0.00989352
BLZ/BTC,1567770622920,2019-09-06T11:50:22.920Z,buy,2.74e-06,480.0,0.0013152
BLZ/BTC,1567770623446,2019-09-06T11:50:23.446Z,buy,2.75e-06,1094.0,0.0030085
BLZ/BTC,1567770626955,2019-09-06T11:50:26.955Z,sell,2.74e-06,364.0,0.00099736
BLZ/BTC,1567770627472,2019-09-06T11:50:27.472Z,sell,2.74e-06,952.0,0.00260848
BLZ/BTC,1567770631544,2019-09-06T11:50:31.544Z,buy,2.74e-06,6775.0,0.0185635
BLZ/BTC,1567770650668,2019-09-06T11:50:50.668Z,sell,2.74e-06,7298.0,0.01999652
BLZ/BTC,1567770650668,2019-09-06T11:50:50.668Z,sell,2.73e-06,3972.0,0.01084356
BLZ/BTC,1567770653791,2019-09-06T11:50:53.791Z,buy,2.74e-06,2603.0,0.00713222
BLZ/BTC,1567770653991,2019-09-06T11:50:53.991Z,buy,2.74e-06,3180.0,0.0087132
BLZ/BTC,1567770705388,2019-09-06T11:51:45.388Z,sell,2.73e-06,4387.0,0.01197651
BLZ/BTC,1567770706325,2019-09-06T11:51:46.325Z,buy,2.73e-06,545.0,0.00148785
BLZ/BTC,1567770706420,2019-09-06T11:51:46.420Z,buy,2.73e-06,200.0,0.000546
BLZ/BTC,1567770706448,2019-09-06T11:51:46.448Z,buy,2.73e-06,173.0,0.00047229
BLZ/BTC,1567770712382,2019-09-06T11:51:52.382Z,buy,2.75e-06,607.0,0.00166925
BLZ/BTC,1567771317971,2019-09-06T12:01:57.971Z,buy,2.74e-06,149.0,0.00040826
BLZ/BTC,1567771426639,2019-09-06T12:03:46.639Z,sell,2.72e-06,70.0,0.0001904
BLZ/BTC,1567771426639,2019-09-06T12:03:46.639Z,sell,2.71e-06,494.0,0.00133874
BLZ/BTC,1567771426639,2019-09-06T12:03:46.639Z,sell,2.71e-06,462.0,0.00125202
BLZ/BTC,1567771454217,2019-09-06T12:04:14.217Z,buy,2.74e-06,7615.0,0.0208651
BLZ/BTC,1567771454258,2019-09-06T12:04:14.258Z,buy,2.74e-06,2285.0,0.0062609
BLZ/BTC,1567771454267,2019-09-06T12:04:14.267Z,buy,2.74e-06,9349.0,0.02561626
BLZ/BTC,1567771454340,2019-09-06T12:04:14.340Z,buy,2.74e-06,2537.0,0.00695138
BLZ/BTC,1567771454473,2019-09-06T12:04:14.473Z,sell,2.74e-06,1152.0,0.00315648
BLZ/BTC,1567771462355,2019-09-06T12:04:22.355Z,buy,2.75e-06,5575.0,0.01533125
BLZ/BTC,1567771479502,2019-09-06T12:04:39.502Z,buy,2.75e-06,311.0,0.00085525
BLZ/BTC,1567771481951,2019-09-06T12:04:41.951Z,sell,2.74e-06,8982.0,0.02461068
BLZ/BTC,1567771567585,2019-09-06T12:06:07.585Z,buy,2.75e-06,487.0,0.00133925
BLZ/BTC,1567771568131,2019-09-06T12:06:08.131Z,buy,2.75e-06,1028.0,0.002827
BLZ/BTC,1567771569843,2019-09-06T12:06:09.843Z,buy,2.75e-06,1235.0,0.00339625
BLZ/BTC,1567771573845,2019-09-06T12:06:13.845Z,buy,2.75e-06,929.0,0.0025547499999999
BLZ/BTC,1567771574464,2019-09-06T12:06:14.464Z,buy,2.75e-06,200.0,0.00055
BLZ/BTC,1567771580706,2019-09-06T12:06:20.706Z,buy,2.75e-06,2792.0,0.007678
BLZ/BTC,1567771581932,2019-09-06T12:06:21.932Z,buy,2.75e-06,426.0,0.0011715
BLZ/BTC,1567771596159,2019-09-06T12:06:36.159Z,buy,2.75e-06,283.0,0.00077825
BLZ/BTC,1567771597422,2019-09-06T12:06:37.422Z,buy,2.75e-06,303.0,0.00083325
BLZ/BTC,1567771903335,2019-09-06T12:11:43.335Z,buy,2.75e-06,7389.0,0.02031975
BLZ/BTC,1567771940718,2019-09-06T12:12:20.718Z,sell,2.75e-06,996.0,0.002739
BLZ/BTC,1567772008540,2019-09-06T12:13:28.540Z,sell,2.74e-06,16481.0,0.04515794
BLZ/BTC,1567772020470,2019-09-06T12:13:40.470Z,buy,2.75e-06,388.0,0.001067
BLZ/BTC,1567772020493,2019-09-06T12:13:40.493Z,buy,2.75e-06,92.0,0.0002529999999999
BLZ/BTC,1567772075564,2019-09-06T12:14:35.564Z,buy,2.74e-06,370.0,0.0010138
BLZ/BTC,1567772079780,2019-09-06T12:14:39.780Z,buy,2.74e-06,593.0,0.00162482
BLZ/BTC,1567772079849,2019-09-06T12:14:39.849Z,buy,2.74e-06,294.0,0.00080556
BLZ/BTC,1567772079918,2019-09-06T12:14:39.918Z,buy,2.74e-06,1529.0,0.00418946
BLZ/BTC,1567772080768,2019-09-06T12:14:40.768Z,buy,2.74e-06,2561.0,0.00701714
BLZ/BTC,1567772081355,2019-09-06T12:14:41.355Z,buy,2.74e-06,619.0,0.00169606
BLZ/BTC,1567772082407,2019-09-06T12:14:42.407Z,buy,2.74e-06,795.0,0.0021783
BLZ/BTC,1567772082442,2019-09-06T12:14:42.442Z,buy,2.74e-06,2605.0,0.0071377
BLZ/BTC,1567772083384,2019-09-06T12:14:43.384Z,buy,2.74e-06,791.0,0.00216734
BLZ/BTC,1567772083474,2019-09-06T12:14:43.474Z,buy,2.74e-06,1430.0,0.0039182
BLZ/BTC,1567772083771,2019-09-06T12:14:43.771Z,buy,2.74e-06,404.0,0.00110696
BLZ/BTC,1567772083783,2019-09-06T12:14:43.783Z,buy,2.74e-06,368.0,0.00100832
BLZ/BTC,1567772302410,2019-09-06T12:18:22.410Z,sell,2.72e-06,587.0,0.0015966399999999
BLZ/BTC,1567772322555,2019-09-06T12:18:42.555Z,buy,2.73e-06,55.0,0.00015015
BLZ/BTC,1567772480025,2019-09-06T12:21:20.025Z,sell,2.72e-06,12000.0,0.0326399999999999
BLZ/BTC,1567772480025,2019-09-06T12:21:20.025Z,sell,2.71e-06,4217.0,0.01142807
BLZ/BTC,1567772494612,2019-09-06T12:21:34.612Z,sell,2.71e-06,4051.0,0.01097821
BLZ/BTC,1567772588358,2019-09-06T12:23:08.358Z,sell,2.71e-06,2589.0,0.0070161899999999
BLZ/BTC,1567772818063,2019-09-06T12:26:58.063Z,buy,2.74e-06,11.0,3.014e-05
BLZ/BTC,1567772972852,2019-09-06T12:29:32.852Z,sell,2.71e-06,72.0,0.00019512
BLZ/BTC,1567773014505,2019-09-06T12:30:14.505Z,buy,2.73e-06,200.0,0.000546
BLZ/BTC,1567773015292,2019-09-06T12:30:15.292Z,buy,2.73e-06,348.0,0.00095004
BLZ/BTC,1567773015395,2019-09-06T12:30:15.395Z,buy,2.73e-06,221.0,0.00060333
BLZ/BTC,1567773025106,2019-09-06T12:30:25.106Z,buy,2.73e-06,187.0,0.00051051
BLZ/BTC,1567773118609,2019-09-06T12:31:58.609Z,buy,2.73e-06,90.0,0.0002457
BLZ/BTC,1567773451729,2019-09-06T12:37:31.729Z,buy,2.73e-06,940.0,0.0025662
BLZ/BTC,1567773481270,2019-09-06T12:38:01.270Z,buy,2.73e-06,455.0,0.00124215
BLZ/BTC,1567773484533,2019-09-06T12:38:04.533Z,buy,2.73e-06,836.0,0.00228228
BLZ/BTC,1567773515037,2019-09-06T12:38:35.037Z,buy,2.73e-06,959.0,0.00261807
BLZ/BTC,1567773515524,2019-09-06T12:38:35.524Z,buy,2.73e-06,1495.0,0.00408135
BLZ/BTC,1567773516502,2019-09-06T12:38:36.502Z,buy,2.73e-06,563.0,0.00153699
BLZ/BTC,1567773517406,2019-09-06T12:38:37.406Z,buy,2.73e-06,741.0,0.00202293
BLZ/BTC,1567773518553,2019-09-06T12:38:38.553Z,buy,2.73e-06,200.0,0.000546
BLZ/BTC,1567773554887,2019-09-06T12:39:14.887Z,sell,2.71e-06,14073.0,0.03813783
BLZ/BTC,1567773554887,2019-09-06T12:39:14.887Z,sell,2.71e-06,14073.0,0.03813783
BLZ/BTC,1567773932014,2019-09-06T12:45:32.014Z,sell,2.71e-06,1256.0,0.00340376
BLZ/BTC,1567774336459,2019-09-06T12:52:16.459Z,buy,2.73e-06,77.0,0.00021021
BLZ/BTC,1567774959372,2019-09-06T13:02:39.372Z,sell,2.72e-06,1763.0,0.0047953599999999
BLZ/BTC,1567775727238,2019-09-06T13:15:27.238Z,sell,2.72e-06,4443.0,0.0120849599999999
BLZ/BTC,1567775727263,2019-09-06T13:15:27.263Z,buy,2.72e-06,146.0,0.00039712
BLZ/BTC,1567775727282,2019-09-06T13:15:27.282Z,buy,2.72e-06,2391.0,0.00650352
BLZ/BTC,1567775727289,2019-09-06T13:15:27.289Z,buy,2.72e-06,129.0,0.00035088
BLZ/BTC,1567775727291,2019-09-06T13:15:27.291Z,buy,2.72e-06,4868.0,0.01324096
BLZ/BTC,1567775727409,2019-09-06T13:15:27.409Z,buy,2.72e-06,466.0,0.0012675199999999
BLZ/BTC,1567775728024,2019-09-06T13:15:28.024Z,buy,2.72e-06,1403.0,0.00381616
BLZ/BTC,1567775728124,2019-09-06T13:15:28.124Z,buy,2.72e-06,211.0,0.00057392
BLZ/BTC,1567775728230,2019-09-06T13:15:28.230Z,buy,2.72e-06,271.0,0.00073712
BLZ/BTC,1567775728374,2019-09-06T13:15:28.374Z,buy,2.72e-06,120.0,0.0003263999999999
BLZ/BTC,1567775728374,2019-09-06T13:15:28.374Z,buy,2.73e-06,58.0,0.00015834
BLZ/BTC,1567775733716,2019-09-06T13:15:33.716Z,buy,2.74e-06,108.0,0.00029592
BLZ/BTC,1567775736646,2019-09-06T13:15:36.646Z,buy,2.74e-06,100.0,0.000274
BLZ/BTC,1567775789130,2019-09-06T13:16:29.130Z,buy,2.74e-06,314.0,0.00086036
BLZ/BTC,1567775869683,2019-09-06T13:17:49.683Z,sell,2.73e-06,43.0,0.00011739
BLZ/BTC,1567775871828,2019-09-06T13:17:51.828Z,buy,2.74e-06,6638.0,0.01818812
BLZ/BTC,1567776105658,2019-09-06T13:21:45.658Z,buy,2.75e-06,124.0,0.000341
BLZ/BTC,1567776105658,2019-09-06T13:21:45.658Z,buy,2.75e-06,124.0,0.000341
BLZ/BTC,1567777610887,2019-09-06T13:46:50.887Z,buy,2.73e-06,8863.0,0.02419599
BLZ/BTC,1567777610888,2019-09-06T13:46:50.888Z,buy,2.73e-06,93.0,0.00025389
BLZ/BTC,1567777611011,2019-09-06T13:46:51.011Z,buy,2.73e-06,10837.0,0.02958501
BLZ/BTC,1567777611850,2019-09-06T13:46:51.850Z,buy,2.73e-06,70.0,0.0001911
BLZ/BTC,1567777612314,2019-09-06T13:46:52.314Z,buy,2.73e-06,4406.0,0.01202838
BLZ/BTC,1567777612546,2019-09-06T13:46:52.546Z,buy,2.73e-06,621.0,0.00169533
BLZ/BTC,1567777612616,2019-09-06T13:46:52.616Z,buy,2.73e-06,1268.0,0.00346164
BLZ/BTC,1567777680205,2019-09-06T13:48:00.205Z,buy,2.75e-06,1290.0,0.0035475
BLZ/BTC,1567778643202,2019-09-06T14:04:03.202Z,buy,2.75e-06,81.0,0.00022275
BLZ/BTC,1567778651235,2019-09-06T14:04:11.235Z,buy,2.75e-06,404.0,0.001111
BLZ/BTC,1567778866256,2019-09-06T14:07:46.256Z,sell,2.73e-06,1174.0,0.00320502
BLZ/BTC,1567778917472,2019-09-06T14:08:37.472Z,sell,2.73e-06,4000.0,0.01092
BLZ/BTC,1567779133331,2019-09-06T14:12:13.331Z,buy,2.75e-06,43.0,0.00011825
BLZ/BTC,1567779134550,2019-09-06T14:12:14.550Z,buy,2.75e-06,82.0,0.0002255
BLZ/BTC,1567779135192,2019-09-06T14:12:15.192Z,buy,2.75e-06,63.0,0.0001732499999999
BLZ/BTC,1567779526716,2019-09-06T14:18:46.716Z,buy,2.75e-06,1615.0,0.00444125
BLZ/BTC,1567779526742,2019-09-06T14:18:46.742Z,sell,2.75e-06,4973.0,0.01367575
BLZ/BTC,1567779526742,2019-09-06T14:18:46.742Z,sell,2.75e-06,4973.0,0.01367575
BLZ/BTC,1567782925007,2019-09-06T15:15:25.007Z,buy,2.76e-06,271.0,0.00074796
BLZ/BTC,1567783015352,2019-09-06T15:16:55.352Z,buy,2.76e-06,48.0,0.0001324799999999
BLZ/BTC,1567783015352,2019-09-06T15:16:55.352Z,buy,2.76e-06,48.0,0.0001324799999999
BLZ/BTC,1567783224797,2019-09-06T15:20:24.797Z,sell,2.75e-06,300.0,0.000825
BLZ/BTC,1567783280021,2019-09-06T15:21:20.021Z,sell,2.74e-06,170.0,0.0004658
BLZ/BTC,1567783698294,2019-09-06T15:28:18.294Z,sell,2.73e-06,3645.0,0.00995085
BLZ/BTC,1567783698294,2019-09-06T15:28:18.294Z,sell,2.72e-06,15172.0,0.04126784
BLZ/BTC,1567783713666,2019-09-06T15:28:33.666Z,sell,2.72e-06,230.0,0.0006255999999999
BLZ/BTC,1567783836019,2019-09-06T15:30:36.019Z,buy,2.74e-06,298.0,0.00081652
BLZ/BTC,1567784664402,2019-09-06T15:44:24.402Z,sell,2.72e-06,2611.0,0.0071019199999999
BLZ/BTC,1567784664405,2019-09-06T15:44:24.405Z,sell,2.72e-06,1120.0,0.0030464
BLZ/BTC,1567784664479,2019-09-06T15:44:24.479Z,sell,2.71e-06,12963.0,0.03512973
BLZ/BTC,1567784664484,2019-09-06T15:44:24.484Z,buy,2.72e-06,4102.0,0.01115744
BLZ/BTC,1567784664495,2019-09-06T15:44:24.495Z,sell,2.71e-06,13222.0,0.03583162
BLZ/BTC,1567784664519,2019-09-06T15:44:24.519Z,sell,2.71e-06,2070.0,0.0056097
BLZ/BTC,1567784664684,2019-09-06T15:44:24.684Z,sell,2.71e-06,12963.0,0.03512973
BLZ/BTC,1567784665963,2019-09-06T15:44:25.963Z,buy,2.72e-06,600.0,0.0016319999999999
BLZ/BTC,1567784697383,2019-09-06T15:44:57.383Z,sell,2.7e-06,1454.0,0.0039258
BLZ/BTC,1567785844536,2019-09-06T16:04:04.536Z,buy,2.72e-06,46.0,0.00012512
BLZ/BTC,1567785924883,2019-09-06T16:05:24.883Z,buy,2.72e-06,166.0,0.0004515199999999
BLZ/BTC,1567786335239,2019-09-06T16:12:15.239Z,buy,2.72e-06,47.0,0.00012784
BLZ/BTC,1567786338268,2019-09-06T16:12:18.268Z,buy,2.72e-06,55.0,0.0001495999999999
BLZ/BTC,1567786338268,2019-09-06T16:12:18.268Z,buy,2.72e-06,55.0,0.0001495999999999
BLZ/BTC,1567786837770,2019-09-06T16:20:37.770Z,sell,2.7e-06,1779.0,0.0048033
BLZ/BTC,1567787259972,2019-09-06T16:27:39.972Z,buy,2.71e-06,82.0,0.00022222
BLZ/BTC,1567787259972,2019-09-06T16:27:39.972Z,buy,2.72e-06,720.0,0.0019584
BLZ/BTC,1567787485818,2019-09-06T16:31:25.818Z,sell,2.7e-06,265.0,0.0007155
BLZ/BTC,1567787548995,2019-09-06T16:32:28.995Z,buy,2.72e-06,1871.0,0.00508912
BLZ/BTC,1567787598087,2019-09-06T16:33:18.087Z,sell,2.71e-06,2198.0,0.0059565799999999
BLZ/BTC,1567787773143,2019-09-06T16:36:13.143Z,buy,2.73e-06,38.0,0.00010374
BLZ/BTC,1567787869789,2019-09-06T16:37:49.789Z,sell,2.71e-06,3637.0,0.00985627
BLZ/BTC,1567787871806,2019-09-06T16:37:51.806Z,sell,2.7e-06,4968.0,0.0134136
BLZ/BTC,1567788139973,2019-09-06T16:42:19.973Z,buy,2.71e-06,76.0,0.0002059599999999
BLZ/BTC,1567789738173,2019-09-06T17:08:58.173Z,sell,2.72e-06,5378.0,0.01462816
BLZ/BTC,1567789742944,2019-09-06T17:09:02.944Z,sell,2.72e-06,4033.0,0.0109697599999999
BLZ/BTC,1567789749111,2019-09-06T17:09:09.111Z,sell,2.72e-06,12102.0,0.03291744
BLZ/BTC,1567789767942,2019-09-06T17:09:27.942Z,sell,2.72e-06,2063.0,0.0056113599999999
BLZ/BTC,1567789831634,2019-09-06T17:10:31.634Z,buy,2.73e-06,3888.0,0.01061424
BLZ/BTC,1567789889710,2019-09-06T17:11:29.710Z,sell,2.73e-06,141.0,0.00038493
BLZ/BTC,1567789889898,2019-09-06T17:11:29.898Z,sell,2.73e-06,51.0,0.00013923
BLZ/BTC,1567789889898,2019-09-06T17:11:29.898Z,sell,2.73e-06,51.0,0.00013923
BLZ/BTC,1567790120106,2019-09-06T17:15:20.106Z,buy,2.73e-06,974.0,0.00265902
BLZ/BTC,1567791139220,2019-09-06T17:32:19.220Z,buy,2.73e-06,236.0,0.00064428
BLZ/BTC,1567791253930,2019-09-06T17:34:13.930Z,buy,2.73e-06,1227.0,0.00334971
BLZ/BTC,1567791379355,2019-09-06T17:36:19.355Z,buy,2.74e-06,406.0,0.00111244
BLZ/BTC,1567791456125,2019-09-06T17:37:36.125Z,buy,2.75e-06,1422.0,0.0039105
BLZ/BTC,1567791625116,2019-09-06T17:40:25.116Z,buy,2.75e-06,3342.0,0.0091904999999999
BLZ/BTC,1567791625143,2019-09-06T17:40:25.143Z,buy,2.75e-06,1955.0,0.00537625
BLZ/BTC,1567791626995,2019-09-06T17:40:26.995Z,buy,2.75e-06,1258.0,0.0034595
BLZ/BTC,1567791627134,2019-09-06T17:40:27.134Z,buy,2.75e-06,594.0,0.0016335
BLZ/BTC,1567791629141,2019-09-06T17:40:29.141Z,buy,2.76e-06,3609.0,0.0099608399999999
BLZ/BTC,1567791632079,2019-09-06T17:40:32.079Z,buy,2.76e-06,1011.0,0.00279036
BLZ/BTC,1567791634065,2019-09-06T17:40:34.065Z,buy,2.76e-06,335.0,0.0009245999999999
BLZ/BTC,1567791634130,2019-09-06T17:40:34.130Z,buy,2.76e-06,246.0,0.0006789599999999
BLZ/BTC,1567791639373,2019-09-06T17:40:39.373Z,buy,2.77e-06,14898.0,0.04126746
BLZ/BTC,1567791645971,2019-09-06T17:40:45.971Z,buy,2.78e-06,70.0,0.0001946
BLZ/BTC,1567791645999,2019-09-06T17:40:45.999Z,sell,2.78e-06,565.0,0.0015707
BLZ/BTC,1567791646008,2019-09-06T17:40:46.008Z,sell,2.78e-06,565.0,0.0015707
BLZ/BTC,1567791646385,2019-09-06T17:40:46.385Z,buy,2.79e-06,16425.0,0.04582575
BLZ/BTC,1567791646847,2019-09-06T17:40:46.847Z,sell,2.78e-06,375.0,0.0010425
BLZ/BTC,1567791647180,2019-09-06T17:40:47.180Z,sell,2.78e-06,540.0,0.0015012
BLZ/BTC,1567791651373,2019-09-06T17:40:51.373Z,buy,2.79e-06,392.0,0.00109368
BLZ/BTC,1567791651727,2019-09-06T17:40:51.727Z,sell,2.78e-06,83.0,0.00023074
BLZ/BTC,1567791654927,2019-09-06T17:40:54.927Z,buy,2.8e-06,147.0,0.0004116
BLZ/BTC,1567791658004,2019-09-06T17:40:58.004Z,sell,2.78e-06,70.0,0.0001946
BLZ/BTC,1567791668210,2019-09-06T17:41:08.210Z,sell,2.78e-06,37.0,0.00010286
BLZ/BTC,1567791669744,2019-09-06T17:41:09.744Z,sell,2.78e-06,1094.0,0.00304132
BLZ/BTC,1567791676376,2019-09-06T17:41:16.376Z,buy,2.8e-06,132.0,0.0003696
BLZ/BTC,1567791681222,2019-09-06T17:41:21.222Z,buy,2.8e-06,37.0,0.0001036
BLZ/BTC,1567791681468,2019-09-06T17:41:21.468Z,buy,2.8e-06,263.0,0.0007364
BLZ/BTC,1567791681544,2019-09-06T17:41:21.544Z,sell,2.8e-06,78.0,0.0002184
BLZ/BTC,1567791744787,2019-09-06T17:42:24.787Z,sell,2.78e-06,298.0,0.00082844
BLZ/BTC,1567791750679,2019-09-06T17:42:30.679Z,sell,2.78e-06,1794.0,0.00498732
BLZ/BTC,1567791808667,2019-09-06T17:43:28.667Z,buy,2.78e-06,810.0,0.0022518
BLZ/BTC,1567791862767,2019-09-06T17:44:22.767Z,buy,2.8e-06,2092.0,0.0058576
BLZ/BTC,1567791957568,2019-09-06T17:45:57.568Z,buy,2.79e-06,1879.0,0.00524241
BLZ/BTC,1567792043247,2019-09-06T17:47:23.247Z,buy,2.8e-06,274.0,0.0007672
BLZ/BTC,1567792044742,2019-09-06T17:47:24.742Z,buy,2.8e-06,100.0,0.00028
BLZ/BTC,1567792044801,2019-09-06T17:47:24.801Z,buy,2.8e-06,18.0,5.04e-05
BLZ/BTC,1567792044802,2019-09-06T17:47:24.802Z,buy,2.81e-06,249.0,0.00069969
BLZ/BTC,1567792045795,2019-09-06T17:47:25.795Z,buy,2.81e-06,4000.0,0.01124
BLZ/BTC,1567792046684,2019-09-06T17:47:26.684Z,buy,2.81e-06,3728.0,0.01047568
BLZ/BTC,1567792054483,2019-09-06T17:47:34.483Z,buy,2.82e-06,100.0,0.000282
BLZ/BTC,1567792057385,2019-09-06T17:47:37.385Z,buy,2.82e-06,411.0,0.00115902
BLZ/BTC,1567792060390,2019-09-06T17:47:40.390Z,buy,2.83e-06,13966.0,0.03952378
BLZ/BTC,1567792065384,2019-09-06T17:47:45.384Z,buy,2.84e-06,621.0,0.00176364
BLZ/BTC,1567792067212,2019-09-06T17:47:47.212Z,sell,2.82e-06,737.0,0.00207834
BLZ/BTC,1567792081446,2019-09-06T17:48:01.446Z,buy,2.85e-06,3000.0,0.00855
BLZ/BTC,1567792081806,2019-09-06T17:48:01.806Z,sell,2.82e-06,37.0,0.00010434
BLZ/BTC,1567792082884,2019-09-06T17:48:02.884Z,buy,2.85e-06,100.0,0.000285
BLZ/BTC,1567792082884,2019-09-06T17:48:02.884Z,buy,2.86e-06,1313.0,0.00375518
BLZ/BTC,1567792082923,2019-09-06T17:48:02.923Z,buy,2.86e-06,7455.0,0.0213213
BLZ/BTC,1567792082923,2019-09-06T17:48:02.923Z,buy,2.87e-06,10213.0,0.02931131
BLZ/BTC,1567792083334,2019-09-06T17:48:03.334Z,buy,2.87e-06,1787.0,0.00512869
BLZ/BTC,1567792083334,2019-09-06T17:48:03.334Z,buy,2.88e-06,15881.0,0.04573728
BLZ/BTC,1567792083911,2019-09-06T17:48:03.911Z,buy,2.88e-06,166.0,0.00047808
BLZ/BTC,1567792084173,2019-09-06T17:48:04.173Z,buy,2.88e-06,1449.0,0.00417312
BLZ/BTC,1567792084173,2019-09-06T17:48:04.173Z,buy,2.89e-06,2085.0,0.00602565
BLZ/BTC,1567792084194,2019-09-06T17:48:04.194Z,buy,2.89e-06,1413.0,0.00408357
BLZ/BTC,1567792084470,2019-09-06T17:48:04.470Z,buy,2.89e-06,3534.0,0.01021326
BLZ/BTC,1567792084821,2019-09-06T17:48:04.821Z,buy,2.88e-06,1767.0,0.00508896
BLZ/BTC,1567792085240,2019-09-06T17:48:05.240Z,buy,2.88e-06,343.0,0.00098784
BLZ/BTC,1567792085506,2019-09-06T17:48:05.506Z,buy,2.88e-06,353.0,0.00101664
BLZ/BTC,1567792085668,2019-09-06T17:48:05.668Z,buy,2.88e-06,2091.0,0.00602208
BLZ/BTC,1567792085668,2019-09-06T17:48:05.668Z,buy,2.89e-06,1443.0,0.00417027
BLZ/BTC,1567792099585,2019-09-06T17:48:19.585Z,buy,2.88e-06,424.0,0.00122112
BLZ/BTC,1567792100348,2019-09-06T17:48:20.348Z,sell,2.85e-06,96.0,0.0002736
BLZ/BTC,1567792104721,2019-09-06T17:48:24.721Z,buy,2.88e-06,381.0,0.00109728
BLZ/BTC,1567792113729,2019-09-06T17:48:33.729Z,buy,2.89e-06,1413.0,0.00408357
BLZ/BTC,1567792145742,2019-09-06T17:49:05.742Z,sell,2.85e-06,541.0,0.00154185
BLZ/BTC,1567792155797,2019-09-06T17:49:15.797Z,buy,2.87e-06,36.0,0.00010332
BLZ/BTC,1567792157524,2019-09-06T17:49:17.524Z,sell,2.85e-06,993.0,0.0028300499999999
BLZ/BTC,1567792160809,2019-09-06T17:49:20.809Z,sell,2.86e-06,70.0,0.0002002
BLZ/BTC,1567792165665,2019-09-06T17:49:25.665Z,buy,2.87e-06,1530.0,0.0043911
BLZ/BTC,1567792165683,2019-09-06T17:49:25.683Z,sell,2.87e-06,307.0,0.00088109
BLZ/BTC,1567792172501,2019-09-06T17:49:32.501Z,sell,2.84e-06,200.0,0.0005679999999999
BLZ/BTC,1567792200198,2019-09-06T17:50:00.198Z,sell,2.84e-06,2130.0,0.0060492
BLZ/BTC,1567792201320,2019-09-06T17:50:01.320Z,sell,2.84e-06,200.0,0.0005679999999999
BLZ/BTC,1567792311947,2019-09-06T17:51:51.947Z,sell,2.85e-06,1409.0,0.00401565
BLZ/BTC,1567792313219,2019-09-06T17:51:53.219Z,buy,2.86e-06,377.0,0.00107822
BLZ/BTC,1567792575647,2019-09-06T17:56:15.647Z,sell,2.85e-06,40.0,0.0001139999999999
BLZ/BTC,1567792680878,2019-09-06T17:58:00.878Z,sell,2.84e-06,147.0,0.0004174799999999
BLZ/BTC,1567792824245,2019-09-06T18:00:24.245Z,sell,2.84e-06,99.0,0.0002811599999999
BLZ/BTC,1567792872374,2019-09-06T18:01:12.374Z,sell,2.84e-06,559.0,0.00158756
BLZ/BTC,1567792900109,2019-09-06T18:01:40.109Z,buy,2.85e-06,2460.0,0.007011
BLZ/BTC,1567792913993,2019-09-06T18:01:53.993Z,sell,2.84e-06,3266.0,0.00927544
BLZ/BTC,1567793039208,2019-09-06T18:03:59.208Z,sell,2.84e-06,189.0,0.00053676
BLZ/BTC,1567793291232,2019-09-06T18:08:11.232Z,sell,2.84e-06,5791.0,0.01644644
BLZ/BTC,1567793373293,2019-09-06T18:09:33.293Z,sell,2.85e-06,1458.0,0.0041553
BLZ/BTC,1567793373293,2019-09-06T18:09:33.293Z,sell,2.84e-06,9833.0,0.0279257199999999
BLZ/BTC,1567793373300,2019-09-06T18:09:33.300Z,sell,2.84e-06,5841.0,0.01658844
BLZ/BTC,1567793373320,2019-09-06T18:09:33.320Z,sell,2.84e-06,746.0,0.0021186399999999
BLZ/BTC,1567793373321,2019-09-06T18:09:33.321Z,sell,2.84e-06,3858.0,0.01095672
BLZ/BTC,1567793373323,2019-09-06T18:09:33.323Z,sell,2.84e-06,1308.0,0.00371472
BLZ/BTC,1567793373347,2019-09-06T18:09:33.347Z,sell,2.83e-06,3525.0,0.00997575
BLZ/BTC,1567793373620,2019-09-06T18:09:33.620Z,sell,2.84e-06,1235.0,0.0035074
BLZ/BTC,1567793373638,2019-09-06T18:09:33.638Z,sell,2.84e-06,6118.0,0.01737512
BLZ/BTC,1567793373649,2019-09-06T18:09:33.649Z,sell,2.84e-06,1387.0,0.00393908
BLZ/BTC,1567793375185,2019-09-06T18:09:35.185Z,sell,2.83e-06,1767.0,0.00500061
BLZ/BTC,1567793410313,2019-09-06T18:10:10.313Z,sell,2.83e-06,666.0,0.00188478
BLZ/BTC,1567793410320,2019-09-06T18:10:10.320Z,sell,2.83e-06,414.0,0.00117162
BLZ/BTC,1567793410321,2019-09-06T18:10:10.321Z,sell,2.83e-06,968.0,0.00273944
BLZ/BTC,1567793410376,2019-09-06T18:10:10.376Z,sell,2.83e-06,968.0,0.00273944
BLZ/BTC,1567793410376,2019-09-06T18:10:10.376Z,sell,2.83e-06,968.0,0.00273944
BLZ/BTC,1567793411339,2019-09-06T18:10:11.339Z,sell,2.83e-06,1383.0,0.00391389
BLZ/BTC,1567793419297,2019-09-06T18:10:19.297Z,buy,2.86e-06,666.0,0.00190476
BLZ/BTC,1567793420853,2019-09-06T18:10:20.853Z,buy,2.86e-06,968.0,0.00276848
BLZ/BTC,1567793423684,2019-09-06T18:10:23.684Z,buy,2.86e-06,968.0,0.00276848
BLZ/BTC,1567793424589,2019-09-06T18:10:24.589Z,buy,2.86e-06,968.0,0.00276848
BLZ/BTC,1567793464466,2019-09-06T18:11:04.466Z,sell,2.84e-06,70.0,0.0001988
BLZ/BTC,1567793464466,2019-09-06T18:11:04.466Z,sell,2.84e-06,70.0,0.0001988
BLZ/BTC,1567793507809,2019-09-06T18:11:47.809Z,sell,2.84e-06,156.0,0.00044304
BLZ/BTC,1567793507870,2019-09-06T18:11:47.870Z,sell,2.84e-06,193.0,0.00054812
BLZ/BTC,1567793586898,2019-09-06T18:13:06.898Z,buy,2.86e-06,70.0,0.0002002
BLZ/BTC,1567793586898,2019-09-06T18:13:06.898Z,buy,2.87e-06,3629.0,0.01041523
BLZ/BTC,1567793593149,2019-09-06T18:13:13.149Z,buy,2.87e-06,70.0,0.0002009
BLZ/BTC,1567793593170,2019-09-06T18:13:13.170Z,sell,2.87e-06,856.0,0.00245672
BLZ/BTC,1567793593177,2019-09-06T18:13:13.177Z,sell,2.87e-06,292.0,0.00083804
BLZ/BTC,1567793593181,2019-09-06T18:13:13.181Z,sell,2.87e-06,4683.0,0.01344021
BLZ/BTC,1567793593199,2019-09-06T18:13:13.199Z,sell,2.87e-06,1799.0,0.00516313
BLZ/BTC,1567793593227,2019-09-06T18:13:13.227Z,sell,2.87e-06,4666.0,0.01339142
BLZ/BTC,1567793593245,2019-09-06T18:13:13.245Z,sell,2.87e-06,757.0,0.00217259
BLZ/BTC,1567793593294,2019-09-06T18:13:13.294Z,sell,2.87e-06,65.0,0.00018655
BLZ/BTC,1567793593334,2019-09-06T18:13:13.334Z,sell,2.87e-06,757.0,0.00217259
BLZ/BTC,1567793593367,2019-09-06T18:13:13.367Z,sell,2.87e-06,757.0,0.00217259
BLZ/BTC,1567793593378,2019-09-06T18:13:13.378Z,sell,2.87e-06,292.0,0.00083804
BLZ/BTC,1567793593448,2019-09-06T18:13:13.448Z,sell,2.87e-06,697.0,0.00200039
BLZ/BTC,1567793593467,2019-09-06T18:13:13.467Z,sell,2.87e-06,663.0,0.00190281
BLZ/BTC,1567793593467,2019-09-06T18:13:13.467Z,sell,2.87e-06,8857.0,0.02541959
BLZ/BTC,1567793593499,2019-09-06T18:13:13.499Z,sell,2.84e-06,438.0,0.00124392
BLZ/BTC,1567793671172,2019-09-06T18:14:31.172Z,sell,2.84e-06,1075.0,0.0030529999999999
BLZ/BTC,1567793785476,2019-09-06T18:16:25.476Z,buy,2.86e-06,70.0,0.0002002
BLZ/BTC,1567793785476,2019-09-06T18:16:25.476Z,buy,2.88e-06,327.0,0.00094176
BLZ/BTC,1567793890835,2019-09-06T18:18:10.835Z,sell,2.86e-06,39.0,0.00011154
BLZ/BTC,1567793911770,2019-09-06T18:18:31.770Z,sell,2.86e-06,31.0,8.866000000000001e-05
BLZ/BTC,1567793913813,2019-09-06T18:18:33.813Z,sell,2.85e-06,41.0,0.00011685
BLZ/BTC,1567793957341,2019-09-06T18:19:17.341Z,buy,2.87e-06,36.0,0.00010332
BLZ/BTC,1567793957390,2019-09-06T18:19:17.390Z,sell,2.87e-06,252.0,0.00072324
BLZ/BTC,1567793957453,2019-09-06T18:19:17.453Z,sell,2.87e-06,541.0,0.00155267
BLZ/BTC,1567794136505,2019-09-06T18:22:16.505Z,sell,2.87e-06,731.0,0.00209797
BLZ/BTC,1567794755206,2019-09-06T18:32:35.206Z,sell,2.87e-06,584.0,0.00167608
BLZ/BTC,1567794755213,2019-09-06T18:32:35.213Z,sell,2.87e-06,443.0,0.00127141
BLZ/BTC,1567794952098,2019-09-06T18:35:52.098Z,sell,2.87e-06,84.0,0.00024108
BLZ/BTC,1567794952231,2019-09-06T18:35:52.231Z,sell,2.87e-06,438.0,0.00125706
BLZ/BTC,1567794952318,2019-09-06T18:35:52.318Z,sell,2.87e-06,70.0,0.0002009
BLZ/BTC,1567795010187,2019-09-06T18:36:50.187Z,sell,2.87e-06,826.0,0.00237062
BLZ/BTC,1567795013861,2019-09-06T18:36:53.861Z,sell,2.87e-06,128.0,0.00036736
BLZ/BTC,1567795013862,2019-09-06T18:36:53.862Z,sell,2.87e-06,148.0,0.00042476
BLZ/BTC,1567795028710,2019-09-06T18:37:08.710Z,sell,2.87e-06,105.0,0.00030135
BLZ/BTC,1567795028714,2019-09-06T18:37:08.714Z,sell,2.87e-06,46.0,0.00013202
BLZ/BTC,1567796468131,2019-09-06T19:01:08.131Z,buy,2.87e-06,174.0,0.00049938
BLZ/BTC,1567796468583,2019-09-06T19:01:08.583Z,buy,2.87e-06,198.0,0.00056826
BLZ/BTC,1567796468583,2019-09-06T19:01:08.583Z,buy,2.88e-06,1544.0,0.00444672
BLZ/BTC,1567796469041,2019-09-06T19:01:09.041Z,buy,2.88e-06,348.0,0.00100224
BLZ/BTC,1567796469079,2019-09-06T19:01:09.079Z,buy,2.88e-06,348.0,0.00100224
BLZ/BTC,1567796469536,2019-09-06T19:01:09.536Z,buy,2.88e-06,174.0,0.00050112
BLZ/BTC,1567796469588,2019-09-06T19:01:09.588Z,buy,2.88e-06,348.0,0.00100224
BLZ/BTC,1567796640525,2019-09-06T19:04:00.525Z,sell,2.86e-06,50.0,0.000143
BLZ/BTC,1567796640525,2019-09-06T19:04:00.525Z,sell,2.86e-06,50.0,0.000143
BLZ/BTC,1567797110786,2019-09-06T19:11:50.786Z,sell,2.86e-06,68.0,0.00019448
BLZ/BTC,1567797110863,2019-09-06T19:11:50.863Z,sell,2.86e-06,48.0,0.00013728
BLZ/BTC,1567797111100,2019-09-06T19:11:51.100Z,sell,2.86e-06,62.0,0.00017732
BLZ/BTC,1567797933930,2019-09-06T19:25:33.930Z,sell,2.86e-06,161.0,0.00046046
BLZ/BTC,1567797933930,2019-09-06T19:25:33.930Z,sell,2.85e-06,16473.0,0.04694805
BLZ/BTC,1567797940997,2019-09-06T19:25:40.997Z,sell,2.84e-06,6232.0,0.01769888
BLZ/BTC,1567798076730,2019-09-06T19:27:56.730Z,sell,2.85e-06,514.0,0.0014648999999999
BLZ/BTC,1567798386594,2019-09-06T19:33:06.594Z,sell,2.85e-06,1243.0,0.0035425499999999
BLZ/BTC,1567798431806,2019-09-06T19:33:51.806Z,sell,2.84e-06,3529.0,0.01002236
BLZ/BTC,1567798431806,2019-09-06T19:33:51.806Z,sell,2.83e-06,13219.0,0.03740977
BLZ/BTC,1567798832084,2019-09-06T19:40:32.084Z,buy,2.85e-06,500.0,0.0014249999999999
BLZ/BTC,1567798832130,2019-09-06T19:40:32.130Z,buy,2.85e-06,682.0,0.0019436999999999
BLZ/BTC,1567798839566,2019-09-06T19:40:39.566Z,sell,2.83e-06,279.0,0.00078957
BLZ/BTC,1567798843212,2019-09-06T19:40:43.212Z,sell,2.83e-06,225.0,0.00063675
BLZ/BTC,1567798862772,2019-09-06T19:41:02.772Z,sell,2.83e-06,425.0,0.00120275
BLZ/BTC,1567799259289,2019-09-06T19:47:39.289Z,sell,2.83e-06,23668.0,0.06698044
BLZ/BTC,1567799292628,2019-09-06T19:48:12.628Z,sell,2.84e-06,160.0,0.0004544
BLZ/BTC,1567799306381,2019-09-06T19:48:26.381Z,sell,2.84e-06,260.0,0.0007384
BLZ/BTC,1567799458750,2019-09-06T19:50:58.750Z,sell,2.83e-06,4893.0,0.01384719
BLZ/BTC,1567799875777,2019-09-06T19:57:55.777Z,sell,2.82e-06,8394.0,0.02367108
BLZ/BTC,1567799875777,2019-09-06T19:57:55.777Z,sell,2.82e-06,8394.0,0.02367108
BLZ/BTC,1567800243253,2019-09-06T20:04:03.253Z,buy,2.85e-06,38.0,0.0001082999999999
BLZ/BTC,1567800441433,2019-09-06T20:07:21.433Z,sell,2.84e-06,2676.0,0.00759984
BLZ/BTC,1567800618872,2019-09-06T20:10:18.872Z,sell,2.83e-06,5321.0,0.01505843
BLZ/BTC,1567800618872,2019-09-06T20:10:18.872Z,sell,2.82e-06,37600.0,0.106032
BLZ/BTC,1567800618872,2019-09-06T20:10:18.872Z,sell,2.81e-06,33989.0,0.09550909
BLZ/BTC,1567800618872,2019-09-06T20:10:18.872Z,sell,2.8e-06,31593.0,0.0884604
BLZ/BTC,1567800618872,2019-09-06T20:10:18.872Z,sell,2.79e-06,131385.0,0.36656415
BLZ/BTC,1567800618872,2019-09-06T20:10:18.872Z,sell,2.78e-06,15883.0,0.04415474
BLZ/BTC,1567800619479,2019-09-06T20:10:19.479Z,sell,2.82e-06,9080.0,0.0256056
BLZ/BTC,1567800619757,2019-09-06T20:10:19.757Z,sell,2.82e-06,1389.0,0.00391698
BLZ/BTC,1567800620009,2019-09-06T20:10:20.009Z,sell,2.82e-06,11531.0,0.03251742
BLZ/BTC,1567800620118,2019-09-06T20:10:20.118Z,buy,2.82e-06,402.0,0.00113364
BLZ/BTC,1567800620138,2019-09-06T20:10:20.138Z,buy,2.82e-06,968.0,0.00272976
BLZ/BTC,1567800620139,2019-09-06T20:10:20.139Z,buy,2.82e-06,14.0,3.948e-05
BLZ/BTC,1567800620658,2019-09-06T20:10:20.658Z,sell,2.82e-06,1384.0,0.00390288
BLZ/BTC,1567800621008,2019-09-06T20:10:21.008Z,sell,2.82e-06,2993.0,0.00844026
BLZ/BTC,1567800621343,2019-09-06T20:10:21.343Z,buy,2.82e-06,100.0,0.000282
BLZ/BTC,1567800621754,2019-09-06T20:10:21.754Z,sell,2.81e-06,70.0,0.0001967
BLZ/BTC,1567800622121,2019-09-06T20:10:22.121Z,buy,2.82e-06,70.0,0.0001974
BLZ/BTC,1567800623511,2019-09-06T20:10:23.511Z,buy,2.82e-06,562.0,0.00158484
BLZ/BTC,1567800623512,2019-09-06T20:10:23.512Z,buy,2.82e-06,876.0,0.00247032
BLZ/BTC,1567800624000,2019-09-06T20:10:24.000Z,sell,2.82e-06,2142.0,0.00604044
BLZ/BTC,1567800682151,2019-09-06T20:11:22.151Z,sell,2.81e-06,2205.0,0.00619605
BLZ/BTC,1567800693155,2019-09-06T20:11:33.155Z,buy,2.83e-06,3029.0,0.00857207
BLZ/BTC,1567800693167,2019-09-06T20:11:33.167Z,buy,2.83e-06,14793.0,0.04186419
BLZ/BTC,1567800693242,2019-09-06T20:11:33.242Z,buy,2.83e-06,5407.0,0.01530181
BLZ/BTC,1567800693472,2019-09-06T20:11:33.472Z,buy,2.83e-06,253.0,0.00071599
BLZ/BTC,1567800695879,2019-09-06T20:11:35.879Z,buy,2.82e-06,8373.0,0.02361186
BLZ/BTC,1567800695879,2019-09-06T20:11:35.879Z,buy,2.82e-06,3589.0,0.01012098
BLZ/BTC,1567800703355,2019-09-06T20:11:43.355Z,buy,2.83e-06,695.0,0.00196685
BLZ/BTC,1567800704355,2019-09-06T20:11:44.355Z,buy,2.83e-06,4784.0,0.01353872
BLZ/BTC,1567800706119,2019-09-06T20:11:46.119Z,buy,2.83e-06,7880.0,0.0223004
BLZ/BTC,1567800711425,2019-09-06T20:11:51.425Z,buy,2.83e-06,51.0,0.00014433
BLZ/BTC,1567800711699,2019-09-06T20:11:51.699Z,buy,2.83e-06,82.0,0.00023206
BLZ/BTC,1567800735877,2019-09-06T20:12:15.877Z,sell,2.82e-06,426.0,0.00120132
BLZ/BTC,1567800737304,2019-09-06T20:12:17.304Z,sell,2.82e-06,70.0,0.0001974
BLZ/BTC,1567800739514,2019-09-06T20:12:19.514Z,sell,2.82e-06,70.0,0.0001974
BLZ/BTC,1567800752950,2019-09-06T20:12:32.950Z,buy,2.83e-06,1312.0,0.00371296
BLZ/BTC,1567800753025,2019-09-06T20:12:33.025Z,buy,2.83e-06,4000.0,0.01132
BLZ/BTC,1567800753959,2019-09-06T20:12:33.959Z,buy,2.83e-06,4000.0,0.01132
BLZ/BTC,1567800753993,2019-09-06T20:12:33.993Z,buy,2.83e-06,1107.0,0.00313281
BLZ/BTC,1567800754946,2019-09-06T20:12:34.946Z,buy,2.83e-06,498.0,0.00140934
BLZ/BTC,1567800755012,2019-09-06T20:12:35.012Z,buy,2.83e-06,1158.0,0.00327714
BLZ/BTC,1567800979839,2019-09-06T20:16:19.839Z,sell,2.83e-06,146.0,0.00041318
BLZ/BTC,1567800983667,2019-09-06T20:16:23.667Z,sell,2.81e-06,120.0,0.0003372
BLZ/BTC,1567801090215,2019-09-06T20:18:10.215Z,buy,2.83e-06,59.0,0.00016697
BLZ/BTC,1567801340079,2019-09-06T20:22:20.079Z,sell,2.82e-06,709.0,0.00199938
BLZ/BTC,1567801340079,2019-09-06T20:22:20.079Z,sell,2.81e-06,6572.0,0.01846732
BLZ/BTC,1567801787508,2019-09-06T20:29:47.508Z,sell,2.82e-06,1541.0,0.00434562
BLZ/BTC,1567802370110,2019-09-06T20:39:30.110Z,sell,2.82e-06,311.0,0.00087702
BLZ/BTC,1567803154281,2019-09-06T20:52:34.281Z,buy,2.82e-06,43.0,0.00012126
BLZ/BTC,1567803160926,2019-09-06T20:52:40.926Z,buy,2.84e-06,6154.0,0.01747736
BLZ/BTC,1567803210684,2019-09-06T20:53:30.684Z,buy,2.84e-06,7098.0,0.02015832
BLZ/BTC,1567803259785,2019-09-06T20:54:19.785Z,buy,2.84e-06,1947.0,0.00552948
BLZ/BTC,1567803302340,2019-09-06T20:55:02.340Z,buy,2.84e-06,4447.0,0.01262948
BLZ/BTC,1567803327883,2019-09-06T20:55:27.883Z,buy,2.84e-06,10.0,2.84e-05
BLZ/BTC,1567803348096,2019-09-06T20:55:48.096Z,buy,2.84e-06,704.0,0.00199936
BLZ/BTC,1567803353895,2019-09-06T20:55:53.895Z,buy,2.84e-06,188.0,0.00053392
BLZ/BTC,1567803468045,2019-09-06T20:57:48.045Z,buy,2.84e-06,11.0,3.124e-05
BLZ/BTC,1567803468045,2019-09-06T20:57:48.045Z,buy,2.84e-06,11.0,3.124e-05
BLZ/BTC,1567803937621,2019-09-06T21:05:37.621Z,buy,2.84e-06,12.0,3.408e-05
BLZ/BTC,1567804207329,2019-09-06T21:10:07.329Z,buy,2.84e-06,10.0,2.84e-05
BLZ/BTC,1567804318382,2019-09-06T21:11:58.382Z,sell,2.83e-06,45.0,0.00012735
BLZ/BTC,1567804615140,2019-09-06T21:16:55.140Z,sell,2.83e-06,655.0,0.00185365
BLZ/BTC,1567804651073,2019-09-06T21:17:31.073Z,sell,2.81e-06,845.0,0.00237445
BLZ/BTC,1567804681522,2019-09-06T21:18:01.522Z,buy,2.83e-06,100.0,0.000283
BLZ/BTC,1567804681533,2019-09-06T21:18:01.533Z,buy,2.83e-06,102.0,0.00028866
BLZ/BTC,1567804683731,2019-09-06T21:18:03.731Z,buy,2.82e-06,10965.0,0.0309213
BLZ/BTC,1567804683792,2019-09-06T21:18:03.792Z,buy,2.82e-06,3289.0,0.00927498
BLZ/BTC,1567804683845,2019-09-06T21:18:03.845Z,buy,2.82e-06,3449.0,0.00972618
BLZ/BTC,1567804684014,2019-09-06T21:18:04.014Z,buy,2.82e-06,5815.0,0.0163983
BLZ/BTC,1567804684696,2019-09-06T21:18:04.696Z,buy,2.82e-06,1500.0,0.00423
BLZ/BTC,1567804689017,2019-09-06T21:18:09.017Z,buy,2.82e-06,4132.0,0.01165224
BLZ/BTC,1567804689017,2019-09-06T21:18:09.017Z,buy,2.83e-06,3384.0,0.00957672
BLZ/BTC,1567804714670,2019-09-06T21:18:34.670Z,sell,2.81e-06,5815.0,0.01634015
BLZ/BTC,1567804774144,2019-09-06T21:19:34.144Z,buy,2.83e-06,188.0,0.00053204
BLZ/BTC,1567805018451,2019-09-06T21:23:38.451Z,sell,2.8e-06,72.0,0.0002016
BLZ/BTC,1567805018451,2019-09-06T21:23:38.451Z,sell,2.8e-06,72.0,0.0002016
BLZ/BTC,1567807441288,2019-09-06T22:04:01.288Z,buy,2.82e-06,41.0,0.00011562
BLZ/BTC,1567807911238,2019-09-06T22:11:51.238Z,buy,2.82e-06,49.0,0.00013818
BLZ/BTC,1567808102958,2019-09-06T22:15:02.958Z,buy,2.82e-06,159.0,0.00044838
BLZ/BTC,1567808298777,2019-09-06T22:18:18.777Z,buy,2.82e-06,10.0,2.82e-05
BLZ/BTC,1567808298777,2019-09-06T22:18:18.777Z,buy,2.82e-06,10.0,2.82e-05
BLZ/BTC,1567808679390,2019-09-06T22:24:39.390Z,buy,2.82e-06,805.0,0.0022701
BLZ/BTC,1567808679414,2019-09-06T22:24:39.414Z,buy,2.82e-06,805.0,0.0022701
BLZ/BTC,1567808679428,2019-09-06T22:24:39.428Z,buy,2.82e-06,369.0,0.00104058
BLZ/BTC,1567808890381,2019-09-06T22:28:10.381Z,buy,2.82e-06,10.0,2.82e-05
BLZ/BTC,1567809879430,2019-09-06T22:44:39.430Z,sell,2.8e-06,369.0,0.0010332
BLZ/BTC,1567809924182,2019-09-06T22:45:24.182Z,buy,2.81e-06,1246.0,0.00350126
BLZ/BTC,1567809924666,2019-09-06T22:45:24.666Z,buy,2.81e-06,167.0,0.00046927
BLZ/BTC,1567809924666,2019-09-06T22:45:24.666Z,buy,2.82e-06,2680.0,0.0075576
BLZ/BTC,1567809949228,2019-09-06T22:45:49.228Z,buy,2.82e-06,397.0,0.00111954
BLZ/BTC,1567810668112,2019-09-06T22:57:48.112Z,buy,2.81e-06,70.0,0.0001967
BLZ/BTC,1567810808147,2019-09-06T23:00:08.147Z,buy,2.81e-06,36.0,0.00010116
BLZ/BTC,1567810958142,2019-09-06T23:02:38.142Z,sell,2.8e-06,7290.0,0.020412
BLZ/BTC,1567810958142,2019-09-06T23:02:38.142Z,sell,2.79e-06,22520.0,0.0628308
BLZ/BTC,1567810958142,2019-09-06T23:02:38.142Z,sell,2.78e-06,57360.0,0.1594608
BLZ/BTC,1567810958163,2019-09-06T23:02:38.163Z,buy,2.78e-06,3616.0,0.01005248
BLZ/BTC,1567810958191,2019-09-06T23:02:38.191Z,sell,2.79e-06,1370.0,0.0038223
BLZ/BTC,1567810958199,2019-09-06T23:02:38.199Z,buy,2.79e-06,1084.0,0.00302436
BLZ/BTC,1567810958265,2019-09-06T23:02:38.265Z,buy,2.79e-06,439.0,0.00122481
BLZ/BTC,1567810958281,2019-09-06T23:02:38.281Z,buy,2.79e-06,223.0,0.00062217
BLZ/BTC,1567810958371,2019-09-06T23:02:38.371Z,buy,2.79e-06,1587.0,0.00442773
BLZ/BTC,1567810958471,2019-09-06T23:02:38.471Z,buy,2.79e-06,580.0,0.0016182
BLZ/BTC,1567810958477,2019-09-06T23:02:38.477Z,buy,2.79e-06,249.0,0.00069471
BLZ/BTC,1567810958504,2019-09-06T23:02:38.504Z,sell,2.8e-06,938.0,0.0026264
BLZ/BTC,1567810958530,2019-09-06T23:02:38.530Z,sell,2.8e-06,1159.0,0.0032451999999999
BLZ/BTC,1567810958699,2019-09-06T23:02:38.699Z,sell,2.8e-06,66.0,0.0001848
BLZ/BTC,1567810958699,2019-09-06T23:02:38.699Z,sell,2.8e-06,40.0,0.000112
BLZ/BTC,1567810958817,2019-09-06T23:02:38.817Z,sell,2.8e-06,4548.0,0.0127344
BLZ/BTC,1567810964444,2019-09-06T23:02:44.444Z,buy,2.8e-06,476.0,0.0013327999999999
BLZ/BTC,1567810964598,2019-09-06T23:02:44.598Z,buy,2.8e-06,81.0,0.0002267999999999
BLZ/BTC,1567810990880,2019-09-06T23:03:10.880Z,buy,2.8e-06,1995.0,0.005586
BLZ/BTC,1567810998893,2019-09-06T23:03:18.893Z,buy,2.8e-06,439.0,0.0012292
BLZ/BTC,1567811265618,2019-09-06T23:07:45.618Z,buy,2.8e-06,374.0,0.0010471999999999
BLZ/BTC,1567811519342,2019-09-06T23:11:59.342Z,buy,2.8e-06,52.0,0.0001456
BLZ/BTC,1567811639322,2019-09-06T23:13:59.322Z,buy,2.8e-06,70.0,0.000196
BLZ/BTC,1567811649088,2019-09-06T23:14:09.088Z,buy,2.8e-06,36.0,0.0001008
BLZ/BTC,1567811885484,2019-09-06T23:18:05.484Z,buy,2.8e-06,39.0,0.0001092
BLZ/BTC,1567811885484,2019-09-06T23:18:05.484Z,buy,2.8e-06,39.0,0.0001092
BLZ/BTC,1567812486083,2019-09-06T23:28:06.083Z,buy,2.8e-06,151.0,0.0004228
BLZ/BTC,1567812644432,2019-09-06T23:30:44.432Z,buy,2.8e-06,148.0,0.0004144
BLZ/BTC,1567812647571,2019-09-06T23:30:47.571Z,buy,2.8e-06,147.0,0.0004116
BLZ/BTC,1567812685721,2019-09-06T23:31:25.721Z,buy,2.8e-06,236.0,0.0006608
BLZ/BTC,1567812817441,2019-09-06T23:33:37.441Z,sell,2.79e-06,2872.0,0.00801288
BLZ/BTC,1567812817541,2019-09-06T23:33:37.541Z,sell,2.79e-06,3634.0,0.01013886
BLZ/BTC,1567812817588,2019-09-06T23:33:37.588Z,sell,2.79e-06,3069.0,0.00856251
BLZ/BTC,1567812819518,2019-09-06T23:33:39.518Z,buy,2.79e-06,70.0,0.0001953
BLZ/BTC,1567812823805,2019-09-06T23:33:43.805Z,buy,2.79e-06,1115.0,0.00311085
BLZ/BTC,1567812823805,2019-09-06T23:33:43.805Z,buy,2.8e-06,8126.0,0.0227528
BLZ/BTC,1567812824892,2019-09-06T23:33:44.892Z,sell,2.78e-06,3235.0,0.0089933
BLZ/BTC,1567812826446,2019-09-06T23:33:46.446Z,sell,2.78e-06,1413.0,0.00392814
BLZ/BTC,1567812835204,2019-09-06T23:33:55.204Z,sell,2.78e-06,1286.0,0.00357508
BLZ/BTC,1567812912141,2019-09-06T23:35:12.141Z,buy,2.8e-06,3262.0,0.0091336
BLZ/BTC,1567812915025,2019-09-06T23:35:15.025Z,buy,2.8e-06,12.0,3.36e-05
BLZ/BTC,1567812972393,2019-09-06T23:36:12.393Z,buy,2.8e-06,993.0,0.0027803999999999
BLZ/BTC,1567813394996,2019-09-06T23:43:14.996Z,buy,2.8e-06,10.0,2.8e-05
BLZ/BTC,1567813407946,2019-09-06T23:43:27.946Z,sell,2.78e-06,10087.0,0.02804186
BLZ/BTC,1567813522380,2019-09-06T23:45:22.380Z,buy,2.79e-06,7272.0,0.02028888
BLZ/BTC,1567813523465,2019-09-06T23:45:23.465Z,buy,2.79e-06,5728.0,0.01598112
BLZ/BTC,1567813708809,2019-09-06T23:48:28.809Z,sell,2.79e-06,26810.0,0.0747999
BLZ/BTC,1567814301078,2019-09-06T23:58:21.078Z,buy,2.79e-06,144.0,0.00040176
BLZ/BTC,1567814395497,2019-09-06T23:59:55.497Z,buy,2.79e-06,846.0,0.00236034
BLZ/BTC,1567814407143,2019-09-07T00:00:07.143Z,buy,2.79e-06,1629.0,0.00454491
BLZ/BTC,1567814407145,2019-09-07T00:00:07.145Z,buy,2.79e-06,5677.0,0.0158388299999999
BLZ/BTC,1567814407384,2019-09-07T00:00:07.384Z,buy,2.79e-06,1323.0,0.00369117
BLZ/BTC,1567814407400,2019-09-07T00:00:07.400Z,buy,2.79e-06,2000.0,0.00558
BLZ/BTC,1567814640224,2019-09-07T00:04:00.224Z,buy,2.79e-06,68.0,0.00018972
BLZ/BTC,1567815107994,2019-09-07T00:11:47.994Z,buy,2.79e-06,38.0,0.00010602
BLZ/BTC,1567815109270,2019-09-07T00:11:49.270Z,buy,2.79e-06,55.0,0.00015345
BLZ/BTC,1567815217148,2019-09-07T00:13:37.148Z,buy,2.79e-06,342.0,0.00095418
BLZ/BTC,1567815483890,2019-09-07T00:18:03.890Z,sell,2.78e-06,39718.0,0.11041604
BLZ/BTC,1567815483890,2019-09-07T00:18:03.890Z,sell,2.78e-06,39718.0,0.11041604
BLZ/BTC,1567815485887,2019-09-07T00:18:05.887Z,sell,2.77e-06,1084.0,0.00300268
BLZ/BTC,1567815485887,2019-09-07T00:18:05.887Z,sell,2.76e-06,5103.0,0.01408428
BLZ/BTC,1567815486319,2019-09-07T00:18:06.319Z,sell,2.76e-06,174.0,0.00048024
BLZ/BTC,1567815494505,2019-09-07T00:18:14.505Z,buy,2.77e-06,123.0,0.00034071
BLZ/BTC,1567815541038,2019-09-07T00:19:01.038Z,buy,2.77e-06,15720.0,0.0435444
BLZ/BTC,1567815541419,2019-09-07T00:19:01.419Z,buy,2.77e-06,37.0,0.00010249
BLZ/BTC,1567816220283,2019-09-07T00:30:20.283Z,buy,2.77e-06,431.0,0.00119387
BLZ/BTC,1567816412230,2019-09-07T00:33:32.230Z,sell,2.76e-06,705.0,0.0019458
BLZ/BTC,1567816437552,2019-09-07T00:33:57.552Z,sell,2.76e-06,421.0,0.0011619599999999
BLZ/BTC,1567816471282,2019-09-07T00:34:31.282Z,buy,2.77e-06,395.0,0.00109415
BLZ/BTC,1567816594156,2019-09-07T00:36:34.156Z,buy,2.77e-06,541.0,0.00149857
BLZ/BTC,1567817124469,2019-09-07T00:45:24.469Z,buy,2.77e-06,99.0,0.00027423
BLZ/BTC,1567817187125,2019-09-07T00:46:27.125Z,buy,2.77e-06,715.0,0.00198055
BLZ/BTC,1567817187245,2019-09-07T00:46:27.245Z,buy,2.77e-06,788.0,0.00218276
BLZ/BTC,1567817187283,2019-09-07T00:46:27.283Z,buy,2.77e-06,445.0,0.00123265
BLZ/BTC,1567817187340,2019-09-07T00:46:27.340Z,buy,2.77e-06,2005.0,0.00555385
BLZ/BTC,1567817187453,2019-09-07T00:46:27.453Z,buy,2.77e-06,600.0,0.001662
BLZ/BTC,1567817187699,2019-09-07T00:46:27.699Z,buy,2.77e-06,153.0,0.00042381
BLZ/BTC,1567817187765,2019-09-07T00:46:27.765Z,buy,2.77e-06,375.0,0.00103875
BLZ/BTC,1567817188297,2019-09-07T00:46:28.297Z,buy,2.77e-06,1357.0,0.00375889
BLZ/BTC,1567817188364,2019-09-07T00:46:28.364Z,buy,2.77e-06,1739.0,0.00481703
BLZ/BTC,1567817196104,2019-09-07T00:46:36.104Z,buy,2.77e-06,870.0,0.0024099
BLZ/BTC,1567817196153,2019-09-07T00:46:36.153Z,buy,2.77e-06,1624.0,0.00449848
BLZ/BTC,1567817196160,2019-09-07T00:46:36.160Z,buy,2.77e-06,697.0,0.00193069
BLZ/BTC,1567817197441,2019-09-07T00:46:37.441Z,buy,2.78e-06,70.0,0.0001946
BLZ/BTC,1567817201411,2019-09-07T00:46:41.411Z,sell,2.78e-06,1057.0,0.00293846
BLZ/BTC,1567817201698,2019-09-07T00:46:41.698Z,buy,2.79e-06,1624.0,0.00453096
BLZ/BTC,1567817212850,2019-09-07T00:46:52.850Z,buy,2.79e-06,1222.0,0.00340938
BLZ/BTC,1567817219476,2019-09-07T00:46:59.476Z,buy,2.79e-06,772.0,0.00215388
BLZ/BTC,1567817222351,2019-09-07T00:47:02.351Z,buy,2.79e-06,1405.0,0.00391995
BLZ/BTC,1567817222388,2019-09-07T00:47:02.388Z,buy,2.79e-06,603.0,0.00168237
BLZ/BTC,1567817222565,2019-09-07T00:47:02.565Z,buy,2.8e-06,2000.0,0.0056
BLZ/BTC,1567817224460,2019-09-07T00:47:04.460Z,buy,2.8e-06,318.0,0.0008904
BLZ/BTC,1567817226494,2019-09-07T00:47:06.494Z,buy,2.8e-06,1405.0,0.003934
BLZ/BTC,1567817227210,2019-09-07T00:47:07.210Z,buy,2.8e-06,1117.0,0.0031276
BLZ/BTC,1567817227420,2019-09-07T00:47:07.420Z,buy,2.8e-06,1237.0,0.0034636
BLZ/BTC,1567817231910,2019-09-07T00:47:11.910Z,buy,2.8e-06,87.0,0.0002435999999999
BLZ/BTC,1567817244808,2019-09-07T00:47:24.808Z,sell,2.79e-06,70.0,0.0001953
BLZ/BTC,1567817274027,2019-09-07T00:47:54.027Z,buy,2.8e-06,200.0,0.00056
BLZ/BTC,1567817278581,2019-09-07T00:47:58.581Z,buy,2.8e-06,1478.0,0.0041383999999999
BLZ/BTC,1567817278840,2019-09-07T00:47:58.840Z,buy,2.8e-06,2123.0,0.0059444
BLZ/BTC,1567817280467,2019-09-07T00:48:00.467Z,buy,2.8e-06,532.0,0.0014896
BLZ/BTC,1567817306495,2019-09-07T00:48:26.495Z,buy,2.8e-06,560.0,0.001568
BLZ/BTC,1567817307066,2019-09-07T00:48:27.066Z,buy,2.8e-06,532.0,0.0014896
BLZ/BTC,1567817314675,2019-09-07T00:48:34.675Z,buy,2.8e-06,3648.0,0.0102144
BLZ/BTC,1567817315123,2019-09-07T00:48:35.123Z,buy,2.8e-06,3417.0,0.0095675999999999
BLZ/BTC,1567817353457,2019-09-07T00:49:13.457Z,buy,2.8e-06,493.0,0.0013804
BLZ/BTC,1567817374450,2019-09-07T00:49:34.450Z,buy,2.8e-06,1335.0,0.003738
BLZ/BTC,1567817587297,2019-09-07T00:53:07.297Z,buy,2.8e-06,11656.0,0.0326368
BLZ/BTC,1567817587528,2019-09-07T00:53:07.528Z,buy,2.8e-06,8419.0,0.0235732
BLZ/BTC,1567817612959,2019-09-07T00:53:32.959Z,buy,2.8e-06,495.0,0.0013859999999999
BLZ/BTC,1567817617640,2019-09-07T00:53:37.640Z,buy,2.8e-06,200.0,0.00056
BLZ/BTC,1567817617690,2019-09-07T00:53:37.690Z,buy,2.8e-06,2104.0,0.0058912
BLZ/BTC,1567817617698,2019-09-07T00:53:37.698Z,buy,2.8e-06,200.0,0.00056
BLZ/BTC,1567817617700,2019-09-07T00:53:37.700Z,buy,2.8e-06,702.0,0.0019656
BLZ/BTC,1567817619716,2019-09-07T00:53:39.716Z,buy,2.81e-06,733.0,0.00205973
BLZ/BTC,1567817620602,2019-09-07T00:53:40.602Z,buy,2.81e-06,688.0,0.00193328
BLZ/BTC,1567817620680,2019-09-07T00:53:40.680Z,buy,2.81e-06,635.0,0.00178435
BLZ/BTC,1567817623068,2019-09-07T00:53:43.068Z,buy,2.81e-06,1402.0,0.00393962
