symbol,timestamp,datetime,side,price,amount,btc_volume
BLZ/BTC,1568476832428,2019-09-14T16:00:32.428Z,buy,3.28e-06,61.0,0.00020008
BLZ/BTC,1568476870561,2019-09-14T16:01:10.561Z,buy,3.28e-06,61.0,0.00020008
BLZ/BTC,1568477031215,2019-09-14T16:03:51.215Z,buy,3.28e-06,988.0,0.00324064
BLZ/BTC,1568478802372,2019-09-14T16:33:22.372Z,sell,3.27e-06,315.0,0.00103005
BLZ/BTC,1568478802459,2019-09-14T16:33:22.459Z,sell,3.27e-06,8373.0,0.02737971
BLZ/BTC,1568478802490,2019-09-14T16:33:22.490Z,sell,3.27e-06,2500.0,0.008175
BLZ/BTC,1568478802532,2019-09-14T16:33:22.532Z,sell,3.27e-06,352.0,0.00115104
BLZ/BTC,1568478802645,2019-09-14T16:33:22.645Z,sell,3.27e-06,2000.0,0.00654
BLZ/BTC,1568478802670,2019-09-14T16:33:22.670Z,sell,3.27e-06,3384.0,0.01106568
BLZ/BTC,1568478802689,2019-09-14T16:33:22.689Z,buy,3.27e-06,2000.0,0.00654
BLZ/BTC,1568478802706,2019-09-14T16:33:22.706Z,sell,3.26e-06,19780.0,0.0644828
BLZ/BTC,1568478802706,2019-09-14T16:33:22.706Z,sell,3.25e-06,30220.0,0.098215
BLZ/BTC,1568478802768,2019-09-14T16:33:22.768Z,sell,3.26e-06,1321.0,0.00430646
BLZ/BTC,1568478802786,2019-09-14T16:33:22.786Z,sell,3.26e-06,3000.0,0.00978
BLZ/BTC,1568478802844,2019-09-14T16:33:22.844Z,sell,3.26e-06,7374.0,0.02403924
BLZ/BTC,1568478802925,2019-09-14T16:33:22.925Z,sell,3.26e-06,6133.0,0.01999358
BLZ/BTC,1568478802925,2019-09-14T16:33:22.925Z,sell,3.25e-06,19555.0,0.0635537499999999
BLZ/BTC,1568478802934,2019-09-14T16:33:22.934Z,sell,3.25e-06,4787.0,0.0155577499999999
BLZ/BTC,1568478802949,2019-09-14T16:33:22.949Z,sell,3.25e-06,12347.0,0.04012775
BLZ/BTC,1568478803026,2019-09-14T16:33:23.026Z,sell,3.26e-06,1799.0,0.00586474
BLZ/BTC,1568478803191,2019-09-14T16:33:23.191Z,buy,3.27e-06,8270.0,0.0270429
BLZ/BTC,1568478803219,2019-09-14T16:33:23.219Z,buy,3.27e-06,6003.0,0.01962981
BLZ/BTC,1568478803224,2019-09-14T16:33:23.224Z,sell,3.25e-06,15085.0,0.04902625
BLZ/BTC,1568478803224,2019-09-14T16:33:23.224Z,sell,3.24e-06,3944.0,0.01277856
BLZ/BTC,1568478803252,2019-09-14T16:33:23.252Z,buy,3.27e-06,98.0,0.00032046
BLZ/BTC,1568478803750,2019-09-14T16:33:23.750Z,sell,3.27e-06,1380.0,0.0045126
BLZ/BTC,1568478803779,2019-09-14T16:33:23.779Z,buy,3.26e-06,120.0,0.0003912
BLZ/BTC,1568478804490,2019-09-14T16:33:24.490Z,buy,3.28e-06,571.0,0.00187288
BLZ/BTC,1568478805297,2019-09-14T16:33:25.297Z,buy,3.27e-06,100.0,0.000327
BLZ/BTC,1568478805453,2019-09-14T16:33:25.453Z,sell,3.27e-06,1699.0,0.00555573
BLZ/BTC,1568478805620,2019-09-14T16:33:25.620Z,buy,3.27e-06,1324.0,0.00432948
BLZ/BTC,1568478807062,2019-09-14T16:33:27.062Z,sell,3.25e-06,10829.0,0.0351942499999999
BLZ/BTC,1568478808269,2019-09-14T16:33:28.269Z,buy,3.26e-06,35.0,0.0001141
BLZ/BTC,1568478808331,2019-09-14T16:33:28.331Z,buy,3.26e-06,35.0,0.0001141
BLZ/BTC,1568478808331,2019-09-14T16:33:28.331Z,buy,3.27e-06,12312.0,0.04026024
BLZ/BTC,1568478832179,2019-09-14T16:33:52.179Z,buy,3.26e-06,40.0,0.0001304
BLZ/BTC,1568478832179,2019-09-14T16:33:52.179Z,buy,3.27e-06,6407.0,0.02095089
BLZ/BTC,1568478832179,2019-09-14T16:33:52.179Z,buy,3.28e-06,168.0,0.00055104
BLZ/BTC,1568478834310,2019-09-14T16:33:54.310Z,buy,3.28e-06,20775.0,0.068142
BLZ/BTC,1568478834310,2019-09-14T16:33:54.310Z,buy,3.29e-06,4913.0,0.01616377
BLZ/BTC,1568478835091,2019-09-14T16:33:55.091Z,sell,3.25e-06,1101.0,0.00357825
BLZ/BTC,1568478916775,2019-09-14T16:35:16.775Z,sell,3.27e-06,40.0,0.0001308
BLZ/BTC,1568479056187,2019-09-14T16:37:36.187Z,sell,3.26e-06,763.0,0.00248738
BLZ/BTC,1568479079359,2019-09-14T16:37:59.359Z,sell,3.26e-06,451.0,0.00147026
BLZ/BTC,1568479210461,2019-09-14T16:40:10.461Z,sell,3.26e-06,497.0,0.00162022
BLZ/BTC,1568479499414,2019-09-14T16:44:59.414Z,sell,3.26e-06,6802.0,0.02217452
BLZ/BTC,1568479499414,2019-09-14T16:44:59.414Z,sell,3.26e-06,6802.0,0.02217452
BLZ/BTC,1568480384320,2019-09-14T16:59:44.320Z,buy,3.26e-06,70.0,0.0002282
BLZ/BTC,1568480417093,2019-09-14T17:00:17.093Z,buy,3.26e-06,6674.0,0.02175724
BLZ/BTC,1568480418251,2019-09-14T17:00:18.251Z,buy,3.26e-06,71.0,0.00023146
BLZ/BTC,1568480473196,2019-09-14T17:01:13.196Z,sell,3.25e-06,10431.0,0.03390075
BLZ/BTC,1568480473261,2019-09-14T17:01:13.261Z,buy,3.25e-06,64.0,0.000208
BLZ/BTC,1568480528011,2019-09-14T17:02:08.011Z,buy,3.25e-06,31.0,0.00010075
BLZ/BTC,1568480538127,2019-09-14T17:02:18.127Z,sell,3.24e-06,14841.0,0.04808484
BLZ/BTC,1568480723667,2019-09-14T17:05:23.667Z,buy,3.25e-06,31.0,0.00010075
BLZ/BTC,1568480724821,2019-09-14T17:05:24.821Z,buy,3.25e-06,42.0,0.0001364999999999
BLZ/BTC,1568480725334,2019-09-14T17:05:25.334Z,buy,3.25e-06,33.0,0.0001072499999999
BLZ/BTC,1568480797821,2019-09-14T17:06:37.821Z,buy,3.25e-06,32.0,0.000104
BLZ/BTC,1568480930552,2019-09-14T17:08:50.552Z,buy,3.25e-06,70.0,0.0002274999999999
BLZ/BTC,1568481065220,2019-09-14T17:11:05.220Z,buy,3.25e-06,15384.0,0.0499979999999999
BLZ/BTC,1568481125605,2019-09-14T17:12:05.605Z,buy,3.25e-06,5532.0,0.017979
BLZ/BTC,1568481125718,2019-09-14T17:12:05.718Z,sell,3.25e-06,908.0,0.0029509999999999
BLZ/BTC,1568481620865,2019-09-14T17:20:20.865Z,sell,3.25e-06,597.0,0.00194025
BLZ/BTC,1568481620870,2019-09-14T17:20:20.870Z,sell,3.25e-06,200.0,0.00065
BLZ/BTC,1568481620882,2019-09-14T17:20:20.882Z,sell,3.25e-06,597.0,0.00194025
BLZ/BTC,1568481620962,2019-09-14T17:20:20.962Z,buy,3.26e-06,6207.0,0.02023482
BLZ/BTC,1568481621044,2019-09-14T17:20:21.044Z,sell,3.25e-06,256.0,0.000832
BLZ/BTC,1568481691515,2019-09-14T17:21:31.515Z,sell,3.25e-06,3082.0,0.0100165
BLZ/BTC,1568481785308,2019-09-14T17:23:05.308Z,sell,3.25e-06,10669.0,0.03467425
BLZ/BTC,1568481996738,2019-09-14T17:26:36.738Z,buy,3.26e-06,4634.0,0.01510684
BLZ/BTC,1568482010413,2019-09-14T17:26:50.413Z,sell,3.26e-06,100.0,0.000326
BLZ/BTC,1568482010556,2019-09-14T17:26:50.556Z,sell,3.26e-06,131.0,0.00042706
BLZ/BTC,1568482198215,2019-09-14T17:29:58.215Z,sell,3.26e-06,719.0,0.00234394
BLZ/BTC,1568482198229,2019-09-14T17:29:58.229Z,sell,3.25e-06,7672.0,0.0249339999999999
BLZ/BTC,1568482201537,2019-09-14T17:30:01.537Z,sell,3.25e-06,70.0,0.0002274999999999
BLZ/BTC,1568482201753,2019-09-14T17:30:01.753Z,sell,3.25e-06,70.0,0.0002274999999999
BLZ/BTC,1568482279488,2019-09-14T17:31:19.488Z,sell,3.26e-06,1332.0,0.00434232
BLZ/BTC,1568482279597,2019-09-14T17:31:19.597Z,sell,3.26e-06,1332.0,0.00434232
BLZ/BTC,1568482279709,2019-09-14T17:31:19.709Z,sell,3.26e-06,64.0,0.00020864
BLZ/BTC,1568482281052,2019-09-14T17:31:21.052Z,sell,3.26e-06,3628.0,0.01182728
BLZ/BTC,1568482389422,2019-09-14T17:33:09.422Z,buy,3.27e-06,440.0,0.0014388
BLZ/BTC,1568482407070,2019-09-14T17:33:27.070Z,sell,3.26e-06,465.0,0.0015159
BLZ/BTC,1568482457509,2019-09-14T17:34:17.509Z,sell,3.26e-06,2325.0,0.0075795
BLZ/BTC,1568482509367,2019-09-14T17:35:09.367Z,sell,3.26e-06,105.0,0.0003423
BLZ/BTC,1568482621988,2019-09-14T17:37:01.988Z,buy,3.26e-06,5263.0,0.01715738
BLZ/BTC,1568482658424,2019-09-14T17:37:38.424Z,buy,3.26e-06,654.0,0.00213204
BLZ/BTC,1568482708490,2019-09-14T17:38:28.490Z,buy,3.26e-06,217.0,0.00070742
BLZ/BTC,1568482866616,2019-09-14T17:41:06.616Z,sell,3.26e-06,84.0,0.00027384
BLZ/BTC,1568482949316,2019-09-14T17:42:29.316Z,sell,3.26e-06,6973.0,0.02273198
BLZ/BTC,1568482972899,2019-09-14T17:42:52.899Z,sell,3.25e-06,2232.0,0.0072539999999999
BLZ/BTC,1568482972899,2019-09-14T17:42:52.899Z,sell,3.25e-06,2232.0,0.0072539999999999
BLZ/BTC,1568483164507,2019-09-14T17:46:04.507Z,sell,3.25e-06,4476.0,0.014547
BLZ/BTC,1568483164639,2019-09-14T17:46:04.639Z,sell,3.25e-06,2454.0,0.0079755
BLZ/BTC,1568483164822,2019-09-14T17:46:04.822Z,sell,3.25e-06,838.0,0.0027235
BLZ/BTC,1568483164944,2019-09-14T17:46:04.944Z,sell,3.25e-06,477.0,0.00155025
BLZ/BTC,1568483165553,2019-09-14T17:46:05.553Z,sell,3.25e-06,4608.0,0.014976
BLZ/BTC,1568483165641,2019-09-14T17:46:05.641Z,sell,3.25e-06,4354.0,0.0141505
BLZ/BTC,1568483392141,2019-09-14T17:49:52.141Z,buy,3.26e-06,119.0,0.00038794
BLZ/BTC,1568483392525,2019-09-14T17:49:52.525Z,buy,3.26e-06,102.0,0.00033252
BLZ/BTC,1568483440436,2019-09-14T17:50:40.436Z,buy,3.26e-06,5063.0,0.01650538
BLZ/BTC,1568483529380,2019-09-14T17:52:09.380Z,buy,3.26e-06,440.0,0.0014344
BLZ/BTC,1568483807743,2019-09-14T17:56:47.743Z,buy,3.26e-06,7196.0,0.02345896
BLZ/BTC,1568483935396,2019-09-14T17:58:55.396Z,buy,3.26e-06,31.0,0.00010106
BLZ/BTC,1568484294020,2019-09-14T18:04:54.020Z,sell,3.25e-06,8498.0,0.0276184999999999
BLZ/BTC,1568484300406,2019-09-14T18:05:00.406Z,sell,3.25e-06,4885.0,0.0158762499999999
BLZ/BTC,1568484325899,2019-09-14T18:05:25.899Z,buy,3.26e-06,38.0,0.00012388
BLZ/BTC,1568484398559,2019-09-14T18:06:38.559Z,buy,3.26e-06,43.0,0.00014018
BLZ/BTC,1568484448447,2019-09-14T18:07:28.447Z,sell,3.25e-06,2031.0,0.00660075
BLZ/BTC,1568484448534,2019-09-14T18:07:28.534Z,sell,3.25e-06,2415.0,0.00784875
BLZ/BTC,1568484448952,2019-09-14T18:07:28.952Z,sell,3.25e-06,2052.0,0.006669
BLZ/BTC,1568484449487,2019-09-14T18:07:29.487Z,sell,3.25e-06,264.0,0.0008579999999999
BLZ/BTC,1568484512393,2019-09-14T18:08:32.393Z,sell,3.25e-06,4152.0,0.0134939999999999
BLZ/BTC,1568484523485,2019-09-14T18:08:43.485Z,sell,3.25e-06,2591.0,0.00842075
BLZ/BTC,1568485036213,2019-09-14T18:17:16.213Z,buy,3.25e-06,107.0,0.0003477499999999
BLZ/BTC,1568485036963,2019-09-14T18:17:16.963Z,buy,3.25e-06,112.0,0.0003639999999999
BLZ/BTC,1568485039192,2019-09-14T18:17:19.192Z,sell,3.24e-06,3297.0,0.0106822799999999
BLZ/BTC,1568485039197,2019-09-14T18:17:19.197Z,sell,3.24e-06,3317.0,0.01074708
BLZ/BTC,1568485039216,2019-09-14T18:17:19.216Z,buy,3.24e-06,1032.0,0.00334368
BLZ/BTC,1568485039228,2019-09-14T18:17:19.228Z,buy,3.24e-06,107.0,0.00034668
BLZ/BTC,1568485039229,2019-09-14T18:17:19.229Z,sell,3.23e-06,1984.0,0.00640832
BLZ/BTC,1568485039229,2019-09-14T18:17:19.229Z,sell,3.23e-06,2783.0,0.00898909
BLZ/BTC,1568485039249,2019-09-14T18:17:19.249Z,buy,3.24e-06,1479.0,0.00479196
BLZ/BTC,1568485039480,2019-09-14T18:17:19.480Z,buy,3.24e-06,70.0,0.0002267999999999
BLZ/BTC,1568485039738,2019-09-14T18:17:19.738Z,buy,3.24e-06,107.0,0.00034668
BLZ/BTC,1568485040632,2019-09-14T18:17:20.632Z,sell,3.23e-06,1500.0,0.004845
BLZ/BTC,1568485046213,2019-09-14T18:17:26.213Z,sell,3.23e-06,3354.0,0.01083342
BLZ/BTC,1568485070447,2019-09-14T18:17:50.447Z,sell,3.23e-06,773.0,0.00249679
BLZ/BTC,1568485070963,2019-09-14T18:17:50.963Z,sell,3.23e-06,2038.0,0.00658274
BLZ/BTC,1568485071593,2019-09-14T18:17:51.593Z,sell,3.23e-06,2246.0,0.00725458
BLZ/BTC,1568485076518,2019-09-14T18:17:56.518Z,sell,3.24e-06,4575.0,0.014823
BLZ/BTC,1568485076523,2019-09-14T18:17:56.523Z,sell,3.24e-06,2116.0,0.00685584
BLZ/BTC,1568485076532,2019-09-14T18:17:56.532Z,sell,3.24e-06,137.0,0.00044388
BLZ/BTC,1568485081021,2019-09-14T18:18:01.021Z,buy,3.24e-06,31.0,0.00010044
BLZ/BTC,1568485086169,2019-09-14T18:18:06.169Z,sell,3.23e-06,2839.0,0.00916997
BLZ/BTC,1568485098282,2019-09-14T18:18:18.282Z,sell,3.23e-06,7579.0,0.02448017
BLZ/BTC,1568485098284,2019-09-14T18:18:18.284Z,sell,3.23e-06,3248.0,0.01049104
BLZ/BTC,1568485098497,2019-09-14T18:18:18.497Z,buy,3.23e-06,70.0,0.0002261
BLZ/BTC,1568485099416,2019-09-14T18:18:19.416Z,buy,3.23e-06,1548.0,0.00500004
BLZ/BTC,1568485099628,2019-09-14T18:18:19.628Z,sell,3.22e-06,1500.0,0.00483
BLZ/BTC,1568485099628,2019-09-14T18:18:19.628Z,sell,3.22e-06,758.0,0.00244076
BLZ/BTC,1568485099628,2019-09-14T18:18:19.628Z,sell,3.22e-06,1138.0,0.00366436
BLZ/BTC,1568485099628,2019-09-14T18:18:19.628Z,sell,3.22e-06,569.0,0.00183218
BLZ/BTC,1568485099628,2019-09-14T18:18:19.628Z,sell,3.22e-06,570.0,0.0018354
BLZ/BTC,1568485099628,2019-09-14T18:18:19.628Z,sell,3.22e-06,2004.0,0.00645288
BLZ/BTC,1568485099628,2019-09-14T18:18:19.628Z,sell,3.22e-06,134.0,0.00043148
BLZ/BTC,1568485099628,2019-09-14T18:18:19.628Z,sell,3.22e-06,134.0,0.00043148
BLZ/BTC,1568485099628,2019-09-14T18:18:19.628Z,sell,3.22e-06,613.0,0.00197386
BLZ/BTC,1568485099628,2019-09-14T18:18:19.628Z,sell,3.22e-06,1527.0,0.00491694
BLZ/BTC,1568485099628,2019-09-14T18:18:19.628Z,sell,3.22e-06,2320.0,0.0074704
BLZ/BTC,1568485101463,2019-09-14T18:18:21.463Z,sell,3.22e-06,1069.0,0.00344218
BLZ/BTC,1568485101817,2019-09-14T18:18:21.817Z,sell,3.22e-06,1022.0,0.00329084
BLZ/BTC,1568485101832,2019-09-14T18:18:21.832Z,sell,3.22e-06,991.0,0.00319102
BLZ/BTC,1568485101832,2019-09-14T18:18:21.832Z,sell,3.21e-06,11791.0,0.03784911
BLZ/BTC,1568485101832,2019-09-14T18:18:21.832Z,sell,3.21e-06,344.0,0.00110424
BLZ/BTC,1568485101832,2019-09-14T18:18:21.832Z,sell,3.21e-06,1032.0,0.00331272
BLZ/BTC,1568485103375,2019-09-14T18:18:23.375Z,sell,3.22e-06,1159.0,0.00373198
BLZ/BTC,1568485130126,2019-09-14T18:18:50.126Z,sell,3.22e-06,3739.0,0.01203958
BLZ/BTC,1568485130535,2019-09-14T18:18:50.535Z,sell,3.22e-06,6751.0,0.02173822
BLZ/BTC,1568485135488,2019-09-14T18:18:55.488Z,sell,3.23e-06,2343.0,0.00756789
BLZ/BTC,1568485189962,2019-09-14T18:19:49.962Z,buy,3.24e-06,244.0,0.0007905599999999
BLZ/BTC,1568485190234,2019-09-14T18:19:50.234Z,buy,3.24e-06,5966.0,0.01932984
BLZ/BTC,1568485190320,2019-09-14T18:19:50.320Z,sell,3.24e-06,70.0,0.0002267999999999
BLZ/BTC,1568485191130,2019-09-14T18:19:51.130Z,sell,3.24e-06,5699.0,0.01846476
BLZ/BTC,1568485248857,2019-09-14T18:20:48.857Z,sell,3.24e-06,40.0,0.0001296
BLZ/BTC,1568485250081,2019-09-14T18:20:50.081Z,sell,3.23e-06,40.0,0.0001292
BLZ/BTC,1568485330486,2019-09-14T18:22:10.486Z,buy,3.25e-06,286.0,0.0009295
BLZ/BTC,1568485338692,2019-09-14T18:22:18.692Z,sell,3.23e-06,5178.0,0.01672494
BLZ/BTC,1568485338746,2019-09-14T18:22:18.746Z,buy,3.23e-06,5195.0,0.01677985
BLZ/BTC,1568485492680,2019-09-14T18:24:52.680Z,buy,3.24e-06,133.0,0.00043092
BLZ/BTC,1568485492727,2019-09-14T18:24:52.727Z,buy,3.24e-06,145.0,0.0004698
BLZ/BTC,1568485787706,2019-09-14T18:29:47.706Z,buy,3.24e-06,2769.0,0.00897156
BLZ/BTC,1568485891926,2019-09-14T18:31:31.926Z,sell,3.23e-06,4866.0,0.01571718
BLZ/BTC,1568486136852,2019-09-14T18:35:36.852Z,buy,3.25e-06,286.0,0.0009295
BLZ/BTC,1568486136852,2019-09-14T18:35:36.852Z,buy,3.25e-06,286.0,0.0009295
BLZ/BTC,1568487712160,2019-09-14T19:01:52.160Z,sell,3.24e-06,7068.0,0.02290032
BLZ/BTC,1568487895878,2019-09-14T19:04:55.878Z,sell,3.24e-06,646.0,0.00209304
BLZ/BTC,1568488242757,2019-09-14T19:10:42.757Z,sell,3.23e-06,1163.0,0.00375649
BLZ/BTC,1568488358391,2019-09-14T19:12:38.391Z,buy,3.24e-06,135.0,0.0004374
BLZ/BTC,1568488642899,2019-09-14T19:17:22.899Z,buy,3.24e-06,9100.0,0.029484
BLZ/BTC,1568488642913,2019-09-14T19:17:22.913Z,sell,3.24e-06,12884.0,0.0417441599999999
BLZ/BTC,1568488650585,2019-09-14T19:17:30.585Z,sell,3.22e-06,213.0,0.00068586
BLZ/BTC,1568489119055,2019-09-14T19:25:19.055Z,buy,3.24e-06,4826.0,0.01563624
BLZ/BTC,1568489120178,2019-09-14T19:25:20.178Z,buy,3.24e-06,4043.0,0.01309932
BLZ/BTC,1568489234207,2019-09-14T19:27:14.207Z,sell,3.23e-06,21962.0,0.07093726
BLZ/BTC,1568489293410,2019-09-14T19:28:13.410Z,buy,3.24e-06,4184.0,0.01355616
BLZ/BTC,1568489416742,2019-09-14T19:30:16.742Z,buy,3.24e-06,2041.0,0.00661284
BLZ/BTC,1568489417051,2019-09-14T19:30:17.051Z,buy,3.24e-06,2417.0,0.0078310799999999
BLZ/BTC,1568489553825,2019-09-14T19:32:33.825Z,sell,3.24e-06,206.0,0.0006674399999999
BLZ/BTC,1568489553825,2019-09-14T19:32:33.825Z,sell,3.24e-06,206.0,0.0006674399999999
BLZ/BTC,1568489829471,2019-09-14T19:37:09.471Z,sell,3.23e-06,5122.0,0.01654406
BLZ/BTC,1568491743629,2019-09-14T20:09:03.629Z,buy,3.24e-06,3086.0,0.00999864
BLZ/BTC,1568491743629,2019-09-14T20:09:03.629Z,buy,3.24e-06,3086.0,0.00999864
BLZ/BTC,1568493583132,2019-09-14T20:39:43.132Z,buy,3.24e-06,4457.0,0.01444068
BLZ/BTC,1568493846809,2019-09-14T20:44:06.809Z,buy,3.24e-06,370.0,0.0011987999999999
BLZ/BTC,1568494437161,2019-09-14T20:53:57.161Z,buy,3.25e-06,4946.0,0.0160745
BLZ/BTC,1568494440235,2019-09-14T20:54:00.235Z,buy,3.25e-06,739.0,0.00240175
BLZ/BTC,1568494440450,2019-09-14T20:54:00.450Z,buy,3.25e-06,3648.0,0.0118559999999999
BLZ/BTC,1568494440863,2019-09-14T20:54:00.863Z,buy,3.25e-06,1418.0,0.0046085
BLZ/BTC,1568494498918,2019-09-14T20:54:58.918Z,buy,3.25e-06,1290.0,0.0041925
BLZ/BTC,1568494499852,2019-09-14T20:54:59.852Z,buy,3.25e-06,3888.0,0.012636
BLZ/BTC,1568494502472,2019-09-14T20:55:02.472Z,buy,3.25e-06,5246.0,0.0170495
BLZ/BTC,1568494528642,2019-09-14T20:55:28.642Z,buy,3.25e-06,5186.0,0.0168544999999999
BLZ/BTC,1568494711745,2019-09-14T20:58:31.745Z,buy,3.25e-06,340.0,0.0011049999999999
BLZ/BTC,1568494769956,2019-09-14T20:59:29.956Z,buy,3.25e-06,1848.0,0.006006
BLZ/BTC,1568494769956,2019-09-14T20:59:29.956Z,buy,3.25e-06,1848.0,0.006006
BLZ/BTC,1568496241367,2019-09-14T21:24:01.367Z,buy,3.26e-06,4136.0,0.01348336
BLZ/BTC,1568496286091,2019-09-14T21:24:46.091Z,buy,3.26e-06,4940.0,0.0161044
BLZ/BTC,1568496287230,2019-09-14T21:24:47.230Z,buy,3.26e-06,6947.0,0.02264722
BLZ/BTC,1568496702145,2019-09-14T21:31:42.145Z,buy,3.26e-06,2301.0,0.00750126
BLZ/BTC,1568496702233,2019-09-14T21:31:42.233Z,sell,3.26e-06,2306.0,0.00751756
BLZ/BTC,1568496817786,2019-09-14T21:33:37.786Z,buy,3.26e-06,3071.0,0.01001146
BLZ/BTC,1568496817786,2019-09-14T21:33:37.786Z,buy,3.27e-06,179.0,0.00058533
BLZ/BTC,1568496969682,2019-09-14T21:36:09.682Z,buy,3.27e-06,37.0,0.00012099
BLZ/BTC,1568496995521,2019-09-14T21:36:35.521Z,buy,3.26e-06,2972.0,0.00968872
BLZ/BTC,1568496997425,2019-09-14T21:36:37.425Z,buy,3.26e-06,1613.0,0.00525838
BLZ/BTC,1568496997425,2019-09-14T21:36:37.425Z,buy,3.26e-06,1613.0,0.00525838
BLZ/BTC,1568499293483,2019-09-14T22:14:53.483Z,buy,3.26e-06,200.0,0.000652
BLZ/BTC,1568499371862,2019-09-14T22:16:11.862Z,sell,3.25e-06,37.0,0.00012025
BLZ/BTC,1568499545842,2019-09-14T22:19:05.842Z,buy,3.26e-06,70.0,0.0002282
BLZ/BTC,1568500487188,2019-09-14T22:34:47.188Z,buy,3.26e-06,270.0,0.0008802
BLZ/BTC,1568500571172,2019-09-14T22:36:11.172Z,buy,3.27e-06,36.0,0.00011772
BLZ/BTC,1568500571172,2019-09-14T22:36:11.172Z,buy,3.27e-06,36.0,0.00011772
BLZ/BTC,1568500621408,2019-09-14T22:37:01.408Z,buy,3.27e-06,10571.0,0.03456717
BLZ/BTC,1568500868573,2019-09-14T22:41:08.573Z,buy,3.27e-06,366.0,0.00119682
BLZ/BTC,1568501076603,2019-09-14T22:44:36.603Z,buy,3.27e-06,6051.0,0.01978677
BLZ/BTC,1568501465020,2019-09-14T22:51:05.020Z,buy,3.27e-06,34.0,0.00011118
BLZ/BTC,1568501674257,2019-09-14T22:54:34.257Z,buy,3.27e-06,3058.0,0.00999966
BLZ/BTC,1568501882361,2019-09-14T22:58:02.361Z,sell,3.27e-06,499.0,0.00163173
BLZ/BTC,1568501882410,2019-09-14T22:58:02.410Z,sell,3.27e-06,1159.0,0.00378993
BLZ/BTC,1568501882457,2019-09-14T22:58:02.457Z,sell,3.27e-06,1475.0,0.00482325
BLZ/BTC,1568501882459,2019-09-14T22:58:02.459Z,sell,3.27e-06,1712.0,0.00559824
BLZ/BTC,1568501882466,2019-09-14T22:58:02.466Z,sell,3.27e-06,1030.0,0.0033681
BLZ/BTC,1568502130138,2019-09-14T23:02:10.138Z,sell,3.25e-06,657.0,0.00213525
BLZ/BTC,1568502373201,2019-09-14T23:06:13.201Z,sell,3.26e-06,36.0,0.00011736
BLZ/BTC,1568502788814,2019-09-14T23:13:08.814Z,buy,3.27e-06,36.0,0.00011772
BLZ/BTC,1568503937630,2019-09-14T23:32:17.630Z,buy,3.27e-06,4990.0,0.0163173
BLZ/BTC,1568504099969,2019-09-14T23:34:59.969Z,buy,3.27e-06,6996.0,0.02287692
BLZ/BTC,1568504099969,2019-09-14T23:34:59.969Z,buy,3.27e-06,6996.0,0.02287692
BLZ/BTC,1568504585255,2019-09-14T23:43:05.255Z,sell,3.26e-06,36.0,0.00011736
BLZ/BTC,1568504955738,2019-09-14T23:49:15.738Z,buy,3.27e-06,36.0,0.00011772
BLZ/BTC,1568505702304,2019-09-15T00:01:42.304Z,buy,3.27e-06,70.0,0.0002289
BLZ/BTC,1568505812469,2019-09-15T00:03:32.469Z,sell,3.26e-06,5226.0,0.01703676
BLZ/BTC,1568505812501,2019-09-15T00:03:32.501Z,sell,3.26e-06,3669.0,0.01196094
BLZ/BTC,1568505812525,2019-09-15T00:03:32.525Z,sell,3.26e-06,1573.0,0.00512798
BLZ/BTC,1568505812533,2019-09-15T00:03:32.533Z,sell,3.25e-06,7119.0,0.0231367499999999
BLZ/BTC,1568505812681,2019-09-15T00:03:32.681Z,sell,3.25e-06,8087.0,0.0262827499999999
BLZ/BTC,1568505812695,2019-09-15T00:03:32.695Z,buy,3.26e-06,80.0,0.0002608
BLZ/BTC,1568505812797,2019-09-15T00:03:32.797Z,sell,3.25e-06,1252.0,0.004069
BLZ/BTC,1568505812819,2019-09-15T00:03:32.819Z,sell,3.25e-06,6132.0,0.019929
BLZ/BTC,1568505812911,2019-09-15T00:03:32.911Z,sell,3.25e-06,768.0,0.002496
BLZ/BTC,1568505821598,2019-09-15T00:03:41.598Z,buy,3.26e-06,113.0,0.00036838
BLZ/BTC,1568505823923,2019-09-15T00:03:43.923Z,buy,3.26e-06,5049.0,0.01645974
BLZ/BTC,1568505823923,2019-09-15T00:03:43.923Z,buy,3.27e-06,1083.0,0.00354141
BLZ/BTC,1568506660442,2019-09-15T00:17:40.442Z,buy,3.26e-06,70.0,0.0002282
BLZ/BTC,1568506801965,2019-09-15T00:20:01.965Z,sell,3.25e-06,9251.0,0.03006575
BLZ/BTC,1568506802590,2019-09-15T00:20:02.590Z,sell,3.25e-06,106.0,0.0003444999999999
BLZ/BTC,1568506802791,2019-09-15T00:20:02.791Z,sell,3.25e-06,129.0,0.0004192499999999
BLZ/BTC,1568507135174,2019-09-15T00:25:35.174Z,sell,3.24e-06,612.0,0.00198288
BLZ/BTC,1568507239606,2019-09-15T00:27:19.606Z,buy,3.26e-06,2300.0,0.007498
BLZ/BTC,1568507351764,2019-09-15T00:29:11.764Z,sell,3.24e-06,35.0,0.0001133999999999
BLZ/BTC,1568507616426,2019-09-15T00:33:36.426Z,buy,3.26e-06,226.0,0.00073676
BLZ/BTC,1568507616426,2019-09-15T00:33:36.426Z,buy,3.26e-06,226.0,0.00073676
BLZ/BTC,1568507992272,2019-09-15T00:39:52.272Z,sell,3.25e-06,5621.0,0.01826825
BLZ/BTC,1568507992898,2019-09-15T00:39:52.898Z,sell,3.25e-06,2024.0,0.006578
BLZ/BTC,1568508948827,2019-09-15T00:55:48.827Z,buy,3.25e-06,363.0,0.00117975
BLZ/BTC,1568509113359,2019-09-15T00:58:33.359Z,sell,3.25e-06,6391.0,0.0207707499999999
BLZ/BTC,1568509524013,2019-09-15T01:05:24.013Z,buy,3.25e-06,44.0,0.0001429999999999
BLZ/BTC,1568509526353,2019-09-15T01:05:26.353Z,buy,3.25e-06,40.0,0.00013
BLZ/BTC,1568509590422,2019-09-15T01:06:30.422Z,buy,3.25e-06,58.0,0.0001885
BLZ/BTC,1568509590422,2019-09-15T01:06:30.422Z,buy,3.25e-06,58.0,0.0001885
BLZ/BTC,1568513120496,2019-09-15T02:05:20.496Z,buy,3.25e-06,38.0,0.0001235
BLZ/BTC,1568513120540,2019-09-15T02:05:20.540Z,buy,3.25e-06,42.0,0.0001364999999999
BLZ/BTC,1568513121808,2019-09-15T02:05:21.808Z,buy,3.25e-06,84.0,0.0002729999999999
BLZ/BTC,1568513123841,2019-09-15T02:05:23.841Z,buy,3.25e-06,46.0,0.0001495
BLZ/BTC,1568513141843,2019-09-15T02:05:41.843Z,buy,3.25e-06,552.0,0.0017939999999999
BLZ/BTC,1568513141860,2019-09-15T02:05:41.860Z,buy,3.25e-06,510.0,0.0016575
BLZ/BTC,1568513141923,2019-09-15T02:05:41.923Z,buy,3.25e-06,279.0,0.0009067499999999
BLZ/BTC,1568513141923,2019-09-15T02:05:41.923Z,buy,3.25e-06,279.0,0.0009067499999999
BLZ/BTC,1568513200054,2019-09-15T02:06:40.054Z,buy,3.25e-06,73.0,0.00023725
BLZ/BTC,1568513542326,2019-09-15T02:12:22.326Z,sell,3.24e-06,7025.0,0.022761
BLZ/BTC,1568513574065,2019-09-15T02:12:54.065Z,sell,3.23e-06,11169.0,0.03607587
BLZ/BTC,1568513603826,2019-09-15T02:13:23.826Z,buy,3.24e-06,627.0,0.00203148
BLZ/BTC,1568514514315,2019-09-15T02:28:34.315Z,sell,3.23e-06,5692.0,0.01838516
BLZ/BTC,1568514733363,2019-09-15T02:32:13.363Z,sell,3.23e-06,7960.0,0.0257108
BLZ/BTC,1568514752881,2019-09-15T02:32:32.881Z,sell,3.23e-06,924.0,0.00298452
BLZ/BTC,1568515015127,2019-09-15T02:36:55.127Z,sell,3.23e-06,3025.0,0.00977075
BLZ/BTC,1568515015226,2019-09-15T02:36:55.226Z,sell,3.23e-06,1104.0,0.00356592
BLZ/BTC,1568515015336,2019-09-15T02:36:55.336Z,sell,3.23e-06,614.0,0.00198322
BLZ/BTC,1568515018757,2019-09-15T02:36:58.757Z,sell,3.23e-06,1191.0,0.00384693
BLZ/BTC,1568515253090,2019-09-15T02:40:53.090Z,sell,3.23e-06,614.0,0.00198322
BLZ/BTC,1568515253306,2019-09-15T02:40:53.306Z,sell,3.23e-06,1132.0,0.00365636
BLZ/BTC,1568515262045,2019-09-15T02:41:02.045Z,sell,3.23e-06,3735.0,0.01206405
BLZ/BTC,1568515506541,2019-09-15T02:45:06.541Z,sell,3.23e-06,6855.0,0.02214165
BLZ/BTC,1568515756850,2019-09-15T02:49:16.850Z,sell,3.23e-06,3389.0,0.01094647
BLZ/BTC,1568515756894,2019-09-15T02:49:16.894Z,sell,3.23e-06,2573.0,0.00831079
BLZ/BTC,1568515756919,2019-09-15T02:49:16.919Z,sell,3.22e-06,749.0,0.00241178
BLZ/BTC,1568515756919,2019-09-15T02:49:16.919Z,sell,3.22e-06,1361.0,0.00438242
BLZ/BTC,1568515756919,2019-09-15T02:49:16.919Z,sell,3.21e-06,3242.0,0.01040682
BLZ/BTC,1568515913591,2019-09-15T02:51:53.591Z,sell,3.21e-06,29328.0,0.09414288
BLZ/BTC,1568516165792,2019-09-15T02:56:05.792Z,sell,3.22e-06,6640.0,0.0213808
BLZ/BTC,1568516165855,2019-09-15T02:56:05.855Z,buy,3.22e-06,496.0,0.00159712
BLZ/BTC,1568516289989,2019-09-15T02:58:09.989Z,buy,3.22e-06,992.0,0.00319424
BLZ/BTC,1568516290508,2019-09-15T02:58:10.508Z,buy,3.22e-06,1673.0,0.00538706
BLZ/BTC,1568516291622,2019-09-15T02:58:11.622Z,buy,3.22e-06,1789.0,0.00576058
BLZ/BTC,1568516293642,2019-09-15T02:58:13.642Z,buy,3.22e-06,1200.0,0.003864
BLZ/BTC,1568516295929,2019-09-15T02:58:15.929Z,buy,3.22e-06,608.0,0.00195776
BLZ/BTC,1568516297699,2019-09-15T02:58:17.699Z,buy,3.22e-06,307.0,0.00098854
BLZ/BTC,1568516298041,2019-09-15T02:58:18.041Z,buy,3.22e-06,307.0,0.00098854
BLZ/BTC,1568516720492,2019-09-15T03:05:20.492Z,buy,3.23e-06,56.0,0.00018088
BLZ/BTC,1568516723885,2019-09-15T03:05:23.885Z,buy,3.23e-06,31.0,0.00010013
BLZ/BTC,1568516723885,2019-09-15T03:05:23.885Z,buy,3.23e-06,31.0,0.00010013
BLZ/BTC,1568516987411,2019-09-15T03:09:47.411Z,buy,3.23e-06,401.0,0.00129523
BLZ/BTC,1568517403509,2019-09-15T03:16:43.509Z,sell,3.22e-06,8732.0,0.02811704
BLZ/BTC,1568517403668,2019-09-15T03:16:43.668Z,sell,3.22e-06,10730.0,0.0345506
BLZ/BTC,1568517404095,2019-09-15T03:16:44.095Z,sell,3.22e-06,77.0,0.00024794
BLZ/BTC,1568517404734,2019-09-15T03:16:44.734Z,sell,3.22e-06,4732.0,0.01523704
BLZ/BTC,1568517480247,2019-09-15T03:18:00.247Z,buy,3.23e-06,37.0,0.00011951
BLZ/BTC,1568518526164,2019-09-15T03:35:26.164Z,sell,3.21e-06,2418.0,0.00776178
BLZ/BTC,1568518975763,2019-09-15T03:42:55.763Z,sell,3.21e-06,29247.0,0.09388287
BLZ/BTC,1568518975812,2019-09-15T03:42:55.812Z,sell,3.21e-06,5376.0,0.01725696
BLZ/BTC,1568518975842,2019-09-15T03:42:55.842Z,sell,3.21e-06,4368.0,0.01402128
BLZ/BTC,1568519131719,2019-09-15T03:45:31.719Z,sell,3.2e-06,53.0,0.0001696
BLZ/BTC,1568519131719,2019-09-15T03:45:31.719Z,sell,3.2e-06,1454.0,0.0046527999999999
BLZ/BTC,1568520157086,2019-09-15T04:02:37.086Z,buy,3.22e-06,1086.0,0.00349692
BLZ/BTC,1568520174895,2019-09-15T04:02:54.895Z,buy,3.22e-06,78.0,0.00025116
BLZ/BTC,1568520174895,2019-09-15T04:02:54.895Z,buy,3.22e-06,78.0,0.00025116
BLZ/BTC,1568520366876,2019-09-15T04:06:06.876Z,sell,3.21e-06,2710.0,0.0086991
BLZ/BTC,1568520399540,2019-09-15T04:06:39.540Z,buy,3.22e-06,33.0,0.00010626
BLZ/BTC,1568520531533,2019-09-15T04:08:51.533Z,sell,3.21e-06,399.0,0.00128079
BLZ/BTC,1568520637780,2019-09-15T04:10:37.780Z,buy,3.21e-06,1950.0,0.0062595
BLZ/BTC,1568520638307,2019-09-15T04:10:38.307Z,buy,3.21e-06,4509.0,0.01447389
BLZ/BTC,1568520817421,2019-09-15T04:13:37.421Z,buy,3.21e-06,729.0,0.00234009
BLZ/BTC,1568521709292,2019-09-15T04:28:29.292Z,buy,3.21e-06,2117.0,0.00679557
BLZ/BTC,1568521714291,2019-09-15T04:28:34.291Z,buy,3.21e-06,5033.0,0.01615593
BLZ/BTC,1568521721224,2019-09-15T04:28:41.224Z,buy,3.21e-06,4817.0,0.01546257
BLZ/BTC,1568521873909,2019-09-15T04:31:13.909Z,buy,3.22e-06,677.0,0.00217994
BLZ/BTC,1568521873940,2019-09-15T04:31:13.940Z,sell,3.22e-06,2330.0,0.0075026
BLZ/BTC,1568521873962,2019-09-15T04:31:13.962Z,sell,3.22e-06,998.0,0.00321356
BLZ/BTC,1568521874191,2019-09-15T04:31:14.191Z,sell,3.22e-06,1161.0,0.00373842
BLZ/BTC,1568521874203,2019-09-15T04:31:14.203Z,sell,3.22e-06,86.0,0.00027692
BLZ/BTC,1568521874358,2019-09-15T04:31:14.358Z,sell,3.22e-06,120.0,0.0003864
BLZ/BTC,1568521874947,2019-09-15T04:31:14.947Z,buy,3.22e-06,2444.0,0.00786968
BLZ/BTC,1568521891280,2019-09-15T04:31:31.280Z,buy,3.23e-06,1331.0,0.00429913
BLZ/BTC,1568522130184,2019-09-15T04:35:30.184Z,buy,3.23e-06,11.0,3.553e-05
BLZ/BTC,1568522141567,2019-09-15T04:35:41.567Z,buy,3.23e-06,155.0,0.0005006499999999
BLZ/BTC,1568522826837,2019-09-15T04:47:06.837Z,sell,3.22e-06,619.0,0.00199318
BLZ/BTC,1568522831874,2019-09-15T04:47:11.874Z,buy,3.23e-06,80.0,0.0002584
BLZ/BTC,1568522831874,2019-09-15T04:47:11.874Z,buy,3.23e-06,80.0,0.0002584
BLZ/BTC,1568524839515,2019-09-15T05:20:39.515Z,sell,3.22e-06,5054.0,0.01627388
BLZ/BTC,1568524839550,2019-09-15T05:20:39.550Z,sell,3.22e-06,1051.0,0.00338422
BLZ/BTC,1568524839550,2019-09-15T05:20:39.550Z,sell,3.22e-06,1540.0,0.0049588
BLZ/BTC,1568524839550,2019-09-15T05:20:39.550Z,sell,3.21e-06,4276.0,0.01372596
BLZ/BTC,1568524839565,2019-09-15T05:20:39.565Z,sell,3.21e-06,2818.0,0.00904578
BLZ/BTC,1568524839913,2019-09-15T05:20:39.913Z,sell,3.22e-06,1500.0,0.00483
BLZ/BTC,1568524840225,2019-09-15T05:20:40.225Z,sell,3.22e-06,9396.0,0.03025512
BLZ/BTC,1568524840311,2019-09-15T05:20:40.311Z,sell,3.22e-06,4662.0,0.01501164
BLZ/BTC,1568524840797,2019-09-15T05:20:40.797Z,sell,3.22e-06,1553.0,0.00500066
BLZ/BTC,1568524841422,2019-09-15T05:20:41.422Z,buy,3.23e-06,1500.0,0.004845
BLZ/BTC,1568524844373,2019-09-15T05:20:44.373Z,buy,3.23e-06,1553.0,0.00501619
BLZ/BTC,1568524845498,2019-09-15T05:20:45.498Z,sell,3.22e-06,889.0,0.00286258
BLZ/BTC,1568524845498,2019-09-15T05:20:45.498Z,sell,3.21e-06,677.0,0.00217317
BLZ/BTC,1568524856825,2019-09-15T05:20:56.825Z,buy,3.23e-06,5816.0,0.01878568
BLZ/BTC,1568524870565,2019-09-15T05:21:10.565Z,buy,3.23e-06,1051.0,0.00339473
BLZ/BTC,1568524870850,2019-09-15T05:21:10.850Z,buy,3.23e-06,4662.0,0.01505826
BLZ/BTC,1568524870850,2019-09-15T05:21:10.850Z,buy,3.23e-06,4662.0,0.01505826
BLZ/BTC,1568527424049,2019-09-15T06:03:44.049Z,buy,3.23e-06,6033.0,0.01948659
BLZ/BTC,1568527448050,2019-09-15T06:04:08.050Z,buy,3.23e-06,3807.0,0.01229661
BLZ/BTC,1568527553552,2019-09-15T06:05:53.552Z,buy,3.23e-06,6479.0,0.02092717
BLZ/BTC,1568527553660,2019-09-15T06:05:53.660Z,buy,3.23e-06,1973.0,0.00637279
BLZ/BTC,1568527553660,2019-09-15T06:05:53.660Z,buy,3.23e-06,1973.0,0.00637279
BLZ/BTC,1568528566386,2019-09-15T06:22:46.386Z,sell,3.23e-06,7371.0,0.02380833
BLZ/BTC,1568528566456,2019-09-15T06:22:46.456Z,buy,3.23e-06,678.0,0.00218994
BLZ/BTC,1568528900903,2019-09-15T06:28:20.903Z,sell,3.23e-06,500.0,0.001615
BLZ/BTC,1568529082300,2019-09-15T06:31:22.300Z,sell,3.23e-06,1334.0,0.00430882
BLZ/BTC,1568529382278,2019-09-15T06:36:22.278Z,sell,3.22e-06,7813.0,0.02515786
BLZ/BTC,1568529485435,2019-09-15T06:38:05.435Z,sell,3.22e-06,32.0,0.00010304
BLZ/BTC,1568529963740,2019-09-15T06:46:03.740Z,buy,3.22e-06,8015.0,0.0258083
BLZ/BTC,1568529991371,2019-09-15T06:46:31.371Z,buy,3.22e-06,2424.0,0.00780528
BLZ/BTC,1568529994394,2019-09-15T06:46:34.394Z,buy,3.24e-06,601.0,0.00194724
BLZ/BTC,1568530019038,2019-09-15T06:46:59.038Z,sell,3.22e-06,70.0,0.0002254
BLZ/BTC,1568530157109,2019-09-15T06:49:17.109Z,sell,3.22e-06,389.0,0.00125258
BLZ/BTC,1568530178263,2019-09-15T06:49:38.263Z,sell,3.22e-06,21.0,6.762e-05
BLZ/BTC,1568530341986,2019-09-15T06:52:21.986Z,buy,3.22e-06,34.0,0.00010948
BLZ/BTC,1568530424229,2019-09-15T06:53:44.229Z,sell,3.21e-06,771.0,0.00247491
BLZ/BTC,1568530525790,2019-09-15T06:55:25.790Z,buy,3.22e-06,6832.0,0.02199904
BLZ/BTC,1568530528734,2019-09-15T06:55:28.734Z,buy,3.22e-06,3969.0,0.01278018
BLZ/BTC,1568530528734,2019-09-15T06:55:28.734Z,buy,3.22e-06,3969.0,0.01278018
BLZ/BTC,1568531198544,2019-09-15T07:06:38.544Z,buy,3.23e-06,61.0,0.00019703
BLZ/BTC,1568531614195,2019-09-15T07:13:34.195Z,buy,3.23e-06,1145.0,0.00369835
BLZ/BTC,1568532484834,2019-09-15T07:28:04.834Z,sell,3.22e-06,200.0,0.000644
BLZ/BTC,1568532484834,2019-09-15T07:28:04.834Z,sell,3.22e-06,200.0,0.000644
BLZ/BTC,1568534468349,2019-09-15T08:01:08.349Z,sell,3.22e-06,322.0,0.00103684
BLZ/BTC,1568534723838,2019-09-15T08:05:23.838Z,buy,3.22e-06,47.0,0.00015134
BLZ/BTC,1568535385945,2019-09-15T08:16:25.945Z,sell,3.22e-06,9628.0,0.03100216
BLZ/BTC,1568535386020,2019-09-15T08:16:26.020Z,buy,3.22e-06,1411.0,0.00454342
BLZ/BTC,1568535386020,2019-09-15T08:16:26.020Z,buy,3.22e-06,1411.0,0.00454342
BLZ/BTC,1568540419097,2019-09-15T09:40:19.097Z,sell,3.22e-06,1198.0,0.00385756
BLZ/BTC,1568540659516,2019-09-15T09:44:19.516Z,sell,3.22e-06,638.0,0.00205436
BLZ/BTC,1568540659516,2019-09-15T09:44:19.516Z,sell,3.22e-06,638.0,0.00205436
BLZ/BTC,1568541067279,2019-09-15T09:51:07.279Z,sell,3.21e-06,7277.0,0.02335917
BLZ/BTC,1568541193862,2019-09-15T09:53:13.862Z,buy,3.22e-06,248.0,0.00079856
BLZ/BTC,1568541251512,2019-09-15T09:54:11.512Z,buy,3.22e-06,989.0,0.00318458
BLZ/BTC,1568541277456,2019-09-15T09:54:37.456Z,buy,3.22e-06,6237.0,0.02008314
BLZ/BTC,1568541277713,2019-09-15T09:54:37.713Z,buy,3.22e-06,1000.0,0.00322
BLZ/BTC,1568541407994,2019-09-15T09:56:47.994Z,sell,3.22e-06,3400.0,0.010948
BLZ/BTC,1568541408038,2019-09-15T09:56:48.038Z,sell,3.22e-06,3289.0,0.01059058
BLZ/BTC,1568541408056,2019-09-15T09:56:48.056Z,sell,3.22e-06,70.0,0.0002254
BLZ/BTC,1568541428807,2019-09-15T09:57:08.807Z,buy,3.23e-06,10303.0,0.03327869
BLZ/BTC,1568541428836,2019-09-15T09:57:08.836Z,sell,3.23e-06,3389.0,0.01094647
BLZ/BTC,1568541428852,2019-09-15T09:57:08.852Z,sell,3.23e-06,6215.0,0.02007445
BLZ/BTC,1568541428915,2019-09-15T09:57:08.915Z,sell,3.23e-06,2166.0,0.00699618
BLZ/BTC,1568541428918,2019-09-15T09:57:08.918Z,sell,3.23e-06,4544.0,0.01467712
BLZ/BTC,1568541428966,2019-09-15T09:57:08.966Z,sell,3.22e-06,692.0,0.00222824
BLZ/BTC,1568541683484,2019-09-15T10:01:23.484Z,buy,3.22e-06,7495.0,0.0241339
BLZ/BTC,1568542045018,2019-09-15T10:07:25.018Z,buy,3.23e-06,371.0,0.00119833
BLZ/BTC,1568542045275,2019-09-15T10:07:25.275Z,buy,3.23e-06,8000.0,0.02584
BLZ/BTC,1568542334310,2019-09-15T10:12:14.310Z,buy,3.23e-06,1224.0,0.00395352
BLZ/BTC,1568542769001,2019-09-15T10:19:29.001Z,buy,3.24e-06,19469.0,0.0630795599999999
BLZ/BTC,1568542861766,2019-09-15T10:21:01.766Z,sell,3.23e-06,200.0,0.000646
BLZ/BTC,1568542862778,2019-09-15T10:21:02.778Z,sell,3.23e-06,200.0,0.000646
BLZ/BTC,1568542862962,2019-09-15T10:21:02.962Z,sell,3.23e-06,90.0,0.0002907
BLZ/BTC,1568542862962,2019-09-15T10:21:02.962Z,sell,3.23e-06,90.0,0.0002907
BLZ/BTC,1568544339753,2019-09-15T10:45:39.753Z,buy,3.24e-06,113.0,0.00036612
BLZ/BTC,1568544345278,2019-09-15T10:45:45.278Z,buy,3.24e-06,113.0,0.00036612
BLZ/BTC,1568545015861,2019-09-15T10:56:55.861Z,sell,3.23e-06,68.0,0.00021964
BLZ/BTC,1568545347824,2019-09-15T11:02:27.824Z,buy,3.24e-06,51.0,0.0001652399999999
BLZ/BTC,1568545741816,2019-09-15T11:09:01.816Z,sell,3.22e-06,1983.0,0.00638526
BLZ/BTC,1568545870876,2019-09-15T11:11:10.876Z,buy,3.23e-06,1270.0,0.0041021
BLZ/BTC,1568546059455,2019-09-15T11:14:19.455Z,sell,3.22e-06,245.0,0.0007889
BLZ/BTC,1568546059457,2019-09-15T11:14:19.457Z,sell,3.22e-06,1518.0,0.00488796
BLZ/BTC,1568546059498,2019-09-15T11:14:19.498Z,sell,3.22e-06,3577.0,0.01151794
BLZ/BTC,1568546059502,2019-09-15T11:14:19.502Z,sell,3.22e-06,137.0,0.00044114
BLZ/BTC,1568546059508,2019-09-15T11:14:19.508Z,sell,3.22e-06,1990.0,0.0064078
BLZ/BTC,1568546059549,2019-09-15T11:14:19.549Z,sell,3.22e-06,350.0,0.001127
BLZ/BTC,1568546059790,2019-09-15T11:14:19.790Z,sell,3.22e-06,103.0,0.00033166
BLZ/BTC,1568546061441,2019-09-15T11:14:21.441Z,sell,3.21e-06,126.0,0.00040446
BLZ/BTC,1568546061464,2019-09-15T11:14:21.464Z,sell,3.21e-06,205.0,0.00065805
BLZ/BTC,1568546061471,2019-09-15T11:14:21.471Z,sell,3.21e-06,4619.0,0.01482699
BLZ/BTC,1568546061484,2019-09-15T11:14:21.484Z,sell,3.21e-06,88.0,0.00028248
BLZ/BTC,1568546061498,2019-09-15T11:14:21.498Z,sell,3.21e-06,1042.0,0.00334482
BLZ/BTC,1568546061506,2019-09-15T11:14:21.506Z,sell,3.21e-06,234.0,0.00075114
BLZ/BTC,1568546061510,2019-09-15T11:14:21.510Z,sell,3.21e-06,61.0,0.00019581
BLZ/BTC,1568546061524,2019-09-15T11:14:21.524Z,sell,3.21e-06,1655.0,0.00531255
BLZ/BTC,1568546061753,2019-09-15T11:14:21.753Z,sell,3.21e-06,748.0,0.00240108
BLZ/BTC,1568546061778,2019-09-15T11:14:21.778Z,sell,3.21e-06,270.0,0.0008667
BLZ/BTC,1568546061811,2019-09-15T11:14:21.811Z,sell,3.21e-06,84.0,0.00026964
BLZ/BTC,1568546061823,2019-09-15T11:14:21.823Z,sell,3.21e-06,158.0,0.00050718
BLZ/BTC,1568546062481,2019-09-15T11:14:22.481Z,sell,3.21e-06,69.0,0.00022149
BLZ/BTC,1568546152107,2019-09-15T11:15:52.107Z,sell,3.21e-06,400.0,0.001284
BLZ/BTC,1568546158437,2019-09-15T11:15:58.437Z,sell,3.21e-06,2076.0,0.00666396
BLZ/BTC,1568546158437,2019-09-15T11:15:58.437Z,sell,3.21e-06,2076.0,0.00666396
BLZ/BTC,1568547170071,2019-09-15T11:32:50.071Z,sell,3.21e-06,64.0,0.00020544
BLZ/BTC,1568547170071,2019-09-15T11:32:50.071Z,sell,3.21e-06,428.0,0.00137388
BLZ/BTC,1568547170071,2019-09-15T11:32:50.071Z,sell,3.2e-06,64.0,0.0002048
BLZ/BTC,1568547357721,2019-09-15T11:35:57.721Z,sell,3.2e-06,221.0,0.0007072
BLZ/BTC,1568547521670,2019-09-15T11:38:41.670Z,sell,3.2e-06,1971.0,0.0063072
BLZ/BTC,1568547526101,2019-09-15T11:38:46.101Z,sell,3.2e-06,622.0,0.0019904
BLZ/BTC,1568547526291,2019-09-15T11:38:46.291Z,sell,3.2e-06,622.0,0.0019904
BLZ/BTC,1568547546993,2019-09-15T11:39:06.993Z,sell,3.2e-06,4063.0,0.0130015999999999
BLZ/BTC,1568547548359,2019-09-15T11:39:08.359Z,sell,3.2e-06,432.0,0.0013824
BLZ/BTC,1568547661681,2019-09-15T11:41:01.681Z,buy,3.21e-06,9446.0,0.03032166
BLZ/BTC,1568547661681,2019-09-15T11:41:01.681Z,buy,3.22e-06,23803.0,0.07664566
BLZ/BTC,1568547664148,2019-09-15T11:41:04.148Z,buy,3.23e-06,44648.0,0.14421304
BLZ/BTC,1568547670109,2019-09-15T11:41:10.109Z,buy,3.23e-06,33286.0,0.10751378
BLZ/BTC,1568547673052,2019-09-15T11:41:13.052Z,buy,3.23e-06,22328.0,0.0721194399999999
BLZ/BTC,1568547673052,2019-09-15T11:41:13.052Z,buy,3.24e-06,10218.0,0.03310632
BLZ/BTC,1568547674620,2019-09-15T11:41:14.620Z,sell,3.22e-06,70.0,0.0002254
BLZ/BTC,1568547680215,2019-09-15T11:41:20.215Z,buy,3.24e-06,7934.0,0.02570616
BLZ/BTC,1568547684351,2019-09-15T11:41:24.351Z,sell,3.22e-06,58.0,0.00018676
BLZ/BTC,1568547703773,2019-09-15T11:41:43.773Z,buy,3.24e-06,4620.0,0.0149687999999999
BLZ/BTC,1568547707049,2019-09-15T11:41:47.049Z,buy,3.24e-06,4620.0,0.0149687999999999
BLZ/BTC,1568547710094,2019-09-15T11:41:50.094Z,buy,3.24e-06,4620.0,0.0149687999999999
BLZ/BTC,1568547713525,2019-09-15T11:41:53.525Z,sell,3.22e-06,12.0,3.864e-05
BLZ/BTC,1568547720681,2019-09-15T11:42:00.681Z,buy,3.22e-06,11651.0,0.03751622
BLZ/BTC,1568547732426,2019-09-15T11:42:12.426Z,buy,3.23e-06,8200.0,0.026486
BLZ/BTC,1568547742517,2019-09-15T11:42:22.517Z,buy,3.23e-06,1510.0,0.0048773
BLZ/BTC,1568547742543,2019-09-15T11:42:22.543Z,sell,3.23e-06,44214.0,0.14281122
BLZ/BTC,1568547742580,2019-09-15T11:42:22.580Z,sell,3.23e-06,120.0,0.0003876
BLZ/BTC,1568547742602,2019-09-15T11:42:22.602Z,sell,3.23e-06,1636.0,0.00528428
BLZ/BTC,1568547742681,2019-09-15T11:42:22.681Z,sell,3.23e-06,64.0,0.00020672
BLZ/BTC,1568547742803,2019-09-15T11:42:22.803Z,sell,3.23e-06,70.0,0.0002261
BLZ/BTC,1568547970594,2019-09-15T11:46:10.594Z,buy,3.23e-06,72.0,0.00023256
BLZ/BTC,1568547970594,2019-09-15T11:46:10.594Z,buy,3.24e-06,528.0,0.00171072
BLZ/BTC,1568547972153,2019-09-15T11:46:12.153Z,sell,3.22e-06,110.0,0.0003542
BLZ/BTC,1568547972169,2019-09-15T11:46:12.169Z,buy,3.22e-06,1359.0,0.00437598
BLZ/BTC,1568547972185,2019-09-15T11:46:12.185Z,buy,3.22e-06,619.0,0.00199318
BLZ/BTC,1568547972216,2019-09-15T11:46:12.216Z,buy,3.22e-06,1542.0,0.00496524
BLZ/BTC,1568548032763,2019-09-15T11:47:12.763Z,buy,3.22e-06,870.0,0.0028014
BLZ/BTC,1568548032864,2019-09-15T11:47:12.864Z,buy,3.22e-06,4850.0,0.015617
BLZ/BTC,1568548041091,2019-09-15T11:47:21.091Z,buy,3.22e-06,689.0,0.00221858
BLZ/BTC,1568548050494,2019-09-15T11:47:30.494Z,buy,3.23e-06,451.0,0.00145673
BLZ/BTC,1568548862715,2019-09-15T12:01:02.715Z,buy,3.23e-06,1393.0,0.00449939
BLZ/BTC,1568549167556,2019-09-15T12:06:07.556Z,buy,3.23e-06,345.0,0.00111435
BLZ/BTC,1568549363047,2019-09-15T12:09:23.047Z,sell,3.22e-06,1101.0,0.00354522
BLZ/BTC,1568549363372,2019-09-15T12:09:23.372Z,sell,3.22e-06,6432.0,0.02071104
BLZ/BTC,1568549363372,2019-09-15T12:09:23.372Z,sell,3.22e-06,6432.0,0.02071104
BLZ/BTC,1568550121498,2019-09-15T12:22:01.498Z,sell,3.22e-06,1410.0,0.0045402
BLZ/BTC,1568550238807,2019-09-15T12:23:58.807Z,buy,3.23e-06,11254.0,0.03635042
BLZ/BTC,1568550238852,2019-09-15T12:23:58.852Z,sell,3.23e-06,862.0,0.00278426
BLZ/BTC,1568550238961,2019-09-15T12:23:58.961Z,sell,3.23e-06,1008.0,0.00325584
BLZ/BTC,1568550239131,2019-09-15T12:23:59.131Z,sell,3.23e-06,790.0,0.0025517
BLZ/BTC,1568550239174,2019-09-15T12:23:59.174Z,sell,3.23e-06,392.0,0.00126616
BLZ/BTC,1568550239609,2019-09-15T12:23:59.609Z,sell,3.23e-06,200.0,0.000646
BLZ/BTC,1568550239874,2019-09-15T12:23:59.874Z,sell,3.23e-06,200.0,0.000646
BLZ/BTC,1568550249557,2019-09-15T12:24:09.557Z,sell,3.23e-06,100.0,0.000323
BLZ/BTC,1568550322617,2019-09-15T12:25:22.617Z,buy,3.24e-06,3278.0,0.01062072
BLZ/BTC,1568550967504,2019-09-15T12:36:07.504Z,sell,3.23e-06,26.0,8.398e-05
BLZ/BTC,1568550969505,2019-09-15T12:36:09.505Z,sell,3.22e-06,488.0,0.00157136
BLZ/BTC,1568551358811,2019-09-15T12:42:38.811Z,buy,3.23e-06,8567.0,0.02767141
BLZ/BTC,1568551395902,2019-09-15T12:43:15.902Z,buy,3.23e-06,310.0,0.0010012999999999
BLZ/BTC,1568551395902,2019-09-15T12:43:15.902Z,buy,3.23e-06,310.0,0.0010012999999999
BLZ/BTC,1568553313033,2019-09-15T13:15:13.033Z,buy,3.23e-06,3498.0,0.01129854
BLZ/BTC,1568553313033,2019-09-15T13:15:13.033Z,buy,3.23e-06,3498.0,0.01129854
BLZ/BTC,1568555313123,2019-09-15T13:48:33.123Z,sell,3.22e-06,6223.0,0.02003806
BLZ/BTC,1568555449262,2019-09-15T13:50:49.262Z,sell,3.21e-06,26937.0,0.08646777
BLZ/BTC,1568555449262,2019-09-15T13:50:49.262Z,sell,3.2e-06,26845.0,0.085904
BLZ/BTC,1568555672327,2019-09-15T13:54:32.327Z,buy,3.22e-06,10.0,3.2200000000000003e-05
BLZ/BTC,1568555672327,2019-09-15T13:54:32.327Z,buy,3.22e-06,10.0,3.2200000000000003e-05
BLZ/BTC,1568557162957,2019-09-15T14:19:22.957Z,sell,3.21e-06,795.0,0.00255195
BLZ/BTC,1568557388526,2019-09-15T14:23:08.526Z,buy,3.21e-06,32.0,0.00010272
BLZ/BTC,1568557775895,2019-09-15T14:29:35.895Z,sell,3.2e-06,214.0,0.0006848
BLZ/BTC,1568557836396,2019-09-15T14:30:36.396Z,sell,3.2e-06,40.0,0.000128
BLZ/BTC,1568558824934,2019-09-15T14:47:04.934Z,buy,3.21e-06,1362.0,0.00437202
BLZ/BTC,1568559002084,2019-09-15T14:50:02.084Z,sell,3.2e-06,621.0,0.0019871999999999
BLZ/BTC,1568559002187,2019-09-15T14:50:02.187Z,sell,3.2e-06,5036.0,0.0161152
BLZ/BTC,1568559002187,2019-09-15T14:50:02.187Z,sell,3.2e-06,5036.0,0.0161152
BLZ/BTC,1568559658272,2019-09-15T15:00:58.272Z,buy,3.21e-06,12967.0,0.04162407
BLZ/BTC,1568560120180,2019-09-15T15:08:40.180Z,buy,3.21e-06,8.0,2.568e-05
BLZ/BTC,1568560350967,2019-09-15T15:12:30.967Z,buy,3.21e-06,100.0,0.000321
BLZ/BTC,1568560648515,2019-09-15T15:17:28.515Z,buy,3.21e-06,119.0,0.00038199
BLZ/BTC,1568560650516,2019-09-15T15:17:30.516Z,buy,3.21e-06,89.0,0.00028569
BLZ/BTC,1568560676728,2019-09-15T15:17:56.728Z,buy,3.21e-06,40.0,0.0001284
BLZ/BTC,1568560677004,2019-09-15T15:17:57.004Z,buy,3.21e-06,7000.0,0.02247
BLZ/BTC,1568560732615,2019-09-15T15:18:52.615Z,buy,3.21e-06,9.0,2.8890000000000003e-05
BLZ/BTC,1568561346055,2019-09-15T15:29:06.055Z,buy,3.21e-06,139.0,0.00044619
BLZ/BTC,1568561422255,2019-09-15T15:30:22.255Z,buy,3.21e-06,110.0,0.0003531
BLZ/BTC,1568561438034,2019-09-15T15:30:38.034Z,buy,3.21e-06,312.0,0.00100152
BLZ/BTC,1568561438034,2019-09-15T15:30:38.034Z,buy,3.21e-06,312.0,0.00100152
BLZ/BTC,1568563006081,2019-09-15T15:56:46.081Z,sell,3.2e-06,6509.0,0.0208287999999999
BLZ/BTC,1568563006081,2019-09-15T15:56:46.081Z,sell,3.19e-06,33491.0,0.10683629
BLZ/BTC,1568563006081,2019-09-15T15:56:46.081Z,sell,3.19e-06,4968.0,0.01584792
BLZ/BTC,1568563006081,2019-09-15T15:56:46.081Z,sell,3.18e-06,4860.0,0.0154548
BLZ/BTC,1568563006081,2019-09-15T15:56:46.081Z,sell,3.18e-06,348.0,0.00110664
BLZ/BTC,1568563006081,2019-09-15T15:56:46.081Z,sell,3.18e-06,1045.0,0.0033231
BLZ/BTC,1568563006121,2019-09-15T15:56:46.121Z,buy,3.19e-06,134.0,0.00042746
BLZ/BTC,1568563006148,2019-09-15T15:56:46.148Z,buy,3.19e-06,139.0,0.00044341
BLZ/BTC,1568563006181,2019-09-15T15:56:46.181Z,buy,3.19e-06,665.0,0.00212135
BLZ/BTC,1568563009852,2019-09-15T15:56:49.852Z,buy,3.2e-06,70.0,0.000224
BLZ/BTC,1568563019575,2019-09-15T15:56:59.575Z,sell,3.18e-06,5731.0,0.01822458
BLZ/BTC,1568563019575,2019-09-15T15:56:59.575Z,sell,3.17e-06,24712.0,0.07833704
BLZ/BTC,1568563019575,2019-09-15T15:56:59.575Z,sell,3.16e-06,4297.0,0.0135785199999999
BLZ/BTC,1568563020106,2019-09-15T15:57:00.106Z,buy,3.19e-06,200.0,0.000638
BLZ/BTC,1568563020111,2019-09-15T15:57:00.111Z,buy,3.19e-06,600.0,0.001914
BLZ/BTC,1568563020531,2019-09-15T15:57:00.531Z,buy,3.19e-06,297.0,0.00094743
BLZ/BTC,1568563020750,2019-09-15T15:57:00.750Z,buy,3.19e-06,128.0,0.00040832
BLZ/BTC,1568563020889,2019-09-15T15:57:00.889Z,sell,3.19e-06,100.0,0.000319
BLZ/BTC,1568563022748,2019-09-15T15:57:02.748Z,sell,3.19e-06,70.0,0.0002233
BLZ/BTC,1568563052129,2019-09-15T15:57:32.129Z,buy,3.2e-06,219.0,0.0007008
BLZ/BTC,1568563052272,2019-09-15T15:57:32.272Z,buy,3.2e-06,200.0,0.0006399999999999
BLZ/BTC,1568563087853,2019-09-15T15:58:07.853Z,sell,3.19e-06,40.0,0.0001276
BLZ/BTC,1568563089538,2019-09-15T15:58:09.538Z,sell,3.19e-06,40.0,0.0001276
BLZ/BTC,1568563113263,2019-09-15T15:58:33.263Z,sell,3.19e-06,2001.0,0.0063831899999999
BLZ/BTC,1568563185171,2019-09-15T15:59:45.171Z,sell,3.19e-06,12109.0,0.03862771
BLZ/BTC,1568563185893,2019-09-15T15:59:45.893Z,sell,3.19e-06,2576.0,0.00821744
BLZ/BTC,1568563185934,2019-09-15T15:59:45.934Z,sell,3.18e-06,2576.0,0.00819168
BLZ/BTC,1568563186250,2019-09-15T15:59:46.250Z,buy,3.19e-06,814.0,0.0025966599999999
BLZ/BTC,1568563186318,2019-09-15T15:59:46.318Z,buy,3.19e-06,485.0,0.00154715
BLZ/BTC,1568563186959,2019-09-15T15:59:46.959Z,buy,3.19e-06,177.0,0.00056463
BLZ/BTC,1568563277227,2019-09-15T16:01:17.227Z,sell,3.18e-06,655.0,0.0020829
BLZ/BTC,1568563553887,2019-09-15T16:05:53.887Z,sell,3.18e-06,336.0,0.00106848
BLZ/BTC,1568563587741,2019-09-15T16:06:27.741Z,buy,3.19e-06,65.0,0.00020735
BLZ/BTC,1568564057939,2019-09-15T16:14:17.939Z,buy,3.2e-06,115.0,0.000368
BLZ/BTC,1568564058448,2019-09-15T16:14:18.448Z,buy,3.2e-06,116.0,0.0003711999999999
BLZ/BTC,1568564064761,2019-09-15T16:14:24.761Z,buy,3.2e-06,34.0,0.0001087999999999
BLZ/BTC,1568564064809,2019-09-15T16:14:24.809Z,buy,3.2e-06,36.0,0.0001152
BLZ/BTC,1568564064809,2019-09-15T16:14:24.809Z,buy,3.2e-06,36.0,0.0001152
BLZ/BTC,1568565665412,2019-09-15T16:41:05.412Z,sell,3.19e-06,61.0,0.00019459
BLZ/BTC,1568565665759,2019-09-15T16:41:05.759Z,sell,3.19e-06,61.0,0.00019459
BLZ/BTC,1568565855225,2019-09-15T16:44:15.225Z,buy,3.2e-06,1093.0,0.0034976
BLZ/BTC,1568565855225,2019-09-15T16:44:15.225Z,buy,3.2e-06,1093.0,0.0034976
BLZ/BTC,1568570021547,2019-09-15T17:53:41.547Z,sell,3.18e-06,71.0,0.00022578
BLZ/BTC,1568570021547,2019-09-15T17:53:41.547Z,sell,3.18e-06,71.0,0.00022578
BLZ/BTC,1568570127271,2019-09-15T17:55:27.271Z,buy,3.2e-06,115.0,0.000368
BLZ/BTC,1568570128016,2019-09-15T17:55:28.016Z,buy,3.2e-06,115.0,0.000368
BLZ/BTC,1568570216138,2019-09-15T17:56:56.138Z,sell,3.18e-06,595.0,0.0018921
BLZ/BTC,1568570320306,2019-09-15T17:58:40.306Z,buy,3.2e-06,985.0,0.003152
BLZ/BTC,1568571484834,2019-09-15T18:18:04.834Z,buy,3.19e-06,56.0,0.0001786399999999
BLZ/BTC,1568572069919,2019-09-15T18:27:49.919Z,buy,3.19e-06,278.0,0.00088682
BLZ/BTC,1568572101748,2019-09-15T18:28:21.748Z,buy,3.19e-06,7792.0,0.02485648
BLZ/BTC,1568572137787,2019-09-15T18:28:57.787Z,buy,3.19e-06,5753.0,0.0183520699999999
BLZ/BTC,1568572138228,2019-09-15T18:28:58.228Z,buy,3.19e-06,1449.0,0.00462231
BLZ/BTC,1568572393905,2019-09-15T18:33:13.905Z,buy,3.2e-06,46.0,0.0001472
BLZ/BTC,1568573126999,2019-09-15T18:45:26.999Z,sell,3.18e-06,1486.0,0.00472548
BLZ/BTC,1568573126999,2019-09-15T18:45:26.999Z,sell,3.18e-06,1486.0,0.00472548
BLZ/BTC,1568575395693,2019-09-15T19:23:15.693Z,sell,3.18e-06,400.0,0.001272
BLZ/BTC,1568575395838,2019-09-15T19:23:15.838Z,buy,3.18e-06,2888.0,0.00918384
BLZ/BTC,1568575749835,2019-09-15T19:29:09.835Z,buy,3.18e-06,69.0,0.00021942
BLZ/BTC,1568575749941,2019-09-15T19:29:09.941Z,buy,3.18e-06,2989.0,0.00950502
BLZ/BTC,1568576714711,2019-09-15T19:45:14.711Z,buy,3.19e-06,158.0,0.00050402
BLZ/BTC,1568576714977,2019-09-15T19:45:14.977Z,buy,3.19e-06,11089.0,0.03537391
BLZ/BTC,1568576715036,2019-09-15T19:45:15.036Z,sell,3.19e-06,3431.0,0.01094489
BLZ/BTC,1568576715103,2019-09-15T19:45:15.103Z,sell,3.19e-06,480.0,0.0015312
BLZ/BTC,1568576715103,2019-09-15T19:45:15.103Z,sell,3.19e-06,480.0,0.0015312
BLZ/BTC,1568576835928,2019-09-15T19:47:15.928Z,sell,3.18e-06,158.0,0.00050244
BLZ/BTC,1568577396500,2019-09-15T19:56:36.500Z,sell,3.18e-06,6740.0,0.0214332
BLZ/BTC,1568577501241,2019-09-15T19:58:21.241Z,buy,3.19e-06,32.0,0.00010208
BLZ/BTC,1568578126287,2019-09-15T20:08:46.287Z,buy,3.19e-06,142.0,0.00045298
BLZ/BTC,1568578126491,2019-09-15T20:08:46.491Z,buy,3.19e-06,170.0,0.0005423
BLZ/BTC,1568578127112,2019-09-15T20:08:47.112Z,buy,3.19e-06,139.0,0.00044341
BLZ/BTC,1568578128278,2019-09-15T20:08:48.278Z,buy,3.19e-06,87.0,0.00027753
BLZ/BTC,1568578129201,2019-09-15T20:08:49.201Z,buy,3.19e-06,64.0,0.00020416
BLZ/BTC,1568578129409,2019-09-15T20:08:49.409Z,buy,3.19e-06,8747.0,0.02790293
BLZ/BTC,1568578129951,2019-09-15T20:08:49.951Z,buy,3.19e-06,1143.0,0.00364617
BLZ/BTC,1568578189567,2019-09-15T20:09:49.567Z,buy,3.2e-06,38000.0,0.1216
BLZ/BTC,1568578190804,2019-09-15T20:09:50.804Z,buy,3.2e-06,155.0,0.000496
BLZ/BTC,1568578464649,2019-09-15T20:14:24.649Z,buy,3.2e-06,349.0,0.0011168
BLZ/BTC,1568578490807,2019-09-15T20:14:50.807Z,buy,3.2e-06,9510.0,0.0304319999999999
BLZ/BTC,1568578512793,2019-09-15T20:15:12.793Z,sell,3.19e-06,3494.0,0.01114586
BLZ/BTC,1568579150849,2019-09-15T20:25:50.849Z,sell,3.19e-06,8185.0,0.02611015
BLZ/BTC,1568579815158,2019-09-15T20:36:55.158Z,buy,3.19e-06,903.0,0.00288057
BLZ/BTC,1568579815158,2019-09-15T20:36:55.158Z,buy,3.19e-06,903.0,0.00288057
BLZ/BTC,1568581287054,2019-09-15T21:01:27.054Z,buy,3.2e-06,99.0,0.0003168
BLZ/BTC,1568581820416,2019-09-15T21:10:20.416Z,sell,3.2e-06,3086.0,0.0098751999999999
BLZ/BTC,1568581820416,2019-09-15T21:10:20.416Z,sell,3.2e-06,3086.0,0.0098751999999999
BLZ/BTC,1568583954996,2019-09-15T21:45:54.996Z,buy,3.21e-06,4816.0,0.01545936
BLZ/BTC,1568583955002,2019-09-15T21:45:55.002Z,buy,3.21e-06,4816.0,0.01545936
BLZ/BTC,1568583955101,2019-09-15T21:45:55.101Z,buy,3.21e-06,6244.0,0.02004324
BLZ/BTC,1568583955109,2019-09-15T21:45:55.109Z,buy,3.21e-06,5744.0,0.01843824
BLZ/BTC,1568583955203,2019-09-15T21:45:55.203Z,buy,3.21e-06,5608.0,0.01800168
BLZ/BTC,1568583955619,2019-09-15T21:45:55.619Z,sell,3.21e-06,2617.0,0.00840057
BLZ/BTC,1568583959739,2019-09-15T21:45:59.739Z,sell,3.2e-06,5634.0,0.0180287999999999
BLZ/BTC,1568584031953,2019-09-15T21:47:11.953Z,sell,3.2e-06,115.0,0.000368
BLZ/BTC,1568584211010,2019-09-15T21:50:11.010Z,buy,3.21e-06,6655.0,0.02136255
BLZ/BTC,1568584529081,2019-09-15T21:55:29.081Z,sell,3.2e-06,286.0,0.0009151999999999
BLZ/BTC,1568584548242,2019-09-15T21:55:48.242Z,sell,3.2e-06,285.0,0.0009119999999999
BLZ/BTC,1568584548242,2019-09-15T21:55:48.242Z,sell,3.2e-06,285.0,0.0009119999999999
BLZ/BTC,1568585421388,2019-09-15T22:10:21.388Z,buy,3.21e-06,3116.0,0.01000236
BLZ/BTC,1568585658614,2019-09-15T22:14:18.614Z,sell,3.2e-06,34.0,0.0001087999999999
BLZ/BTC,1568587073699,2019-09-15T22:37:53.699Z,buy,3.2e-06,11348.0,0.0363136
BLZ/BTC,1568587205173,2019-09-15T22:40:05.173Z,sell,3.19e-06,4659.0,0.0148622099999999
BLZ/BTC,1568587205502,2019-09-15T22:40:05.502Z,sell,3.19e-06,1939.0,0.00618541
BLZ/BTC,1568587205502,2019-09-15T22:40:05.502Z,sell,3.19e-06,1939.0,0.00618541
BLZ/BTC,1568588191068,2019-09-15T22:56:31.068Z,sell,3.19e-06,1864.0,0.00594616
BLZ/BTC,1568588191282,2019-09-15T22:56:31.282Z,sell,3.19e-06,1806.0,0.00576114
BLZ/BTC,1568588191590,2019-09-15T22:56:31.590Z,sell,3.19e-06,1634.0,0.0052124599999999
BLZ/BTC,1568588191699,2019-09-15T22:56:31.699Z,sell,3.19e-06,625.0,0.00199375
BLZ/BTC,1568588191809,2019-09-15T22:56:31.809Z,sell,3.19e-06,1242.0,0.00396198
BLZ/BTC,1568590535331,2019-09-15T23:35:35.331Z,buy,3.2e-06,8881.0,0.0284192
BLZ/BTC,1568590538388,2019-09-15T23:35:38.388Z,buy,3.2e-06,1682.0,0.0053824
BLZ/BTC,1568590731727,2019-09-15T23:38:51.727Z,sell,3.19e-06,999.0,0.00318681
BLZ/BTC,1568590731727,2019-09-15T23:38:51.727Z,sell,3.19e-06,999.0,0.00318681
BLZ/BTC,1568591398227,2019-09-15T23:49:58.227Z,sell,3.19e-06,356.0,0.00113564
BLZ/BTC,1568592110133,2019-09-16T00:01:50.133Z,sell,3.19e-06,17092.0,0.05452348
BLZ/BTC,1568592193156,2019-09-16T00:03:13.156Z,buy,3.2e-06,1869.0,0.0059808
BLZ/BTC,1568592193259,2019-09-16T00:03:13.259Z,buy,3.2e-06,6691.0,0.0214112
BLZ/BTC,1568592344709,2019-09-16T00:05:44.709Z,buy,3.2e-06,6515.0,0.020848
BLZ/BTC,1568592430024,2019-09-16T00:07:10.024Z,buy,3.2e-06,450.0,0.0014399999999999
BLZ/BTC,1568592456472,2019-09-16T00:07:36.472Z,buy,3.2e-06,70.0,0.000224
BLZ/BTC,1568592458676,2019-09-16T00:07:38.676Z,buy,3.2e-06,4568.0,0.0146176
BLZ/BTC,1568592505090,2019-09-16T00:08:25.090Z,buy,3.21e-06,4389.0,0.01408869
BLZ/BTC,1568592505554,2019-09-16T00:08:25.554Z,buy,3.21e-06,6469.0,0.02076549
BLZ/BTC,1568592505763,2019-09-16T00:08:25.763Z,buy,3.21e-06,6731.0,0.02160651
BLZ/BTC,1568592545704,2019-09-16T00:09:05.704Z,buy,3.22e-06,1613.0,0.00519386
BLZ/BTC,1568592574867,2019-09-16T00:09:34.867Z,buy,3.22e-06,139.0,0.00044758
BLZ/BTC,1568592575095,2019-09-16T00:09:35.095Z,buy,3.22e-06,96.0,0.00030912
BLZ/BTC,1568592575519,2019-09-16T00:09:35.519Z,buy,3.22e-06,64.0,0.00020608
BLZ/BTC,1568592596920,2019-09-16T00:09:56.920Z,buy,3.22e-06,1023.0,0.00329406
BLZ/BTC,1568593073836,2019-09-16T00:17:53.836Z,sell,3.21e-06,48.0,0.00015408
BLZ/BTC,1568593083975,2019-09-16T00:18:03.975Z,sell,3.21e-06,349.0,0.00112029
BLZ/BTC,1568593516043,2019-09-16T00:25:16.043Z,sell,3.21e-06,1494.0,0.00479574
BLZ/BTC,1568593516043,2019-09-16T00:25:16.043Z,sell,3.21e-06,1494.0,0.00479574
BLZ/BTC,1568595143693,2019-09-16T00:52:23.693Z,buy,3.22e-06,70.0,0.0002254
BLZ/BTC,1568595148783,2019-09-16T00:52:28.783Z,buy,3.22e-06,69.0,0.00022218
BLZ/BTC,1568595149081,2019-09-16T00:52:29.081Z,buy,3.22e-06,561.0,0.00180642
BLZ/BTC,1568595349968,2019-09-16T00:55:49.968Z,buy,3.22e-06,121.0,0.00038962
BLZ/BTC,1568595375357,2019-09-16T00:56:15.357Z,buy,3.22e-06,102.0,0.00032844
BLZ/BTC,1568595725519,2019-09-16T01:02:05.519Z,buy,3.22e-06,139.0,0.00044758
BLZ/BTC,1568596174983,2019-09-16T01:09:34.983Z,buy,3.22e-06,70.0,0.0002254
BLZ/BTC,1568596182277,2019-09-16T01:09:42.277Z,buy,3.22e-06,4473.0,0.01440306
BLZ/BTC,1568596225078,2019-09-16T01:10:25.078Z,buy,3.22e-06,198.0,0.00063756
BLZ/BTC,1568596225473,2019-09-16T01:10:25.473Z,buy,3.22e-06,523.0,0.00168406
BLZ/BTC,1568596225487,2019-09-16T01:10:25.487Z,buy,3.22e-06,184.0,0.00059248
BLZ/BTC,1568596225497,2019-09-16T01:10:25.497Z,buy,3.22e-06,394.0,0.00126868
BLZ/BTC,1568596225513,2019-09-16T01:10:25.513Z,buy,3.22e-06,524.0,0.00168728
BLZ/BTC,1568596225514,2019-09-16T01:10:25.514Z,buy,3.22e-06,524.0,0.00168728
BLZ/BTC,1568596225709,2019-09-16T01:10:25.709Z,buy,3.22e-06,523.0,0.00168406
BLZ/BTC,1568596225714,2019-09-16T01:10:25.714Z,buy,3.22e-06,523.0,0.00168406
BLZ/BTC,1568596225770,2019-09-16T01:10:25.770Z,buy,3.22e-06,452.0,0.00145544
BLZ/BTC,1568596225775,2019-09-16T01:10:25.775Z,buy,3.22e-06,444.0,0.00142968
BLZ/BTC,1568596226135,2019-09-16T01:10:26.135Z,buy,3.22e-06,524.0,0.00168728
BLZ/BTC,1568596226281,2019-09-16T01:10:26.281Z,buy,3.22e-06,128.0,0.00041216
BLZ/BTC,1568596226284,2019-09-16T01:10:26.284Z,buy,3.22e-06,128.0,0.00041216
BLZ/BTC,1568596226544,2019-09-16T01:10:26.544Z,buy,3.22e-06,524.0,0.00168728
BLZ/BTC,1568596226548,2019-09-16T01:10:26.548Z,buy,3.22e-06,524.0,0.00168728
BLZ/BTC,1568596227792,2019-09-16T01:10:27.792Z,buy,3.22e-06,524.0,0.00168728
BLZ/BTC,1568596227971,2019-09-16T01:10:27.971Z,buy,3.22e-06,70.0,0.0002254
BLZ/BTC,1568596228105,2019-09-16T01:10:28.105Z,buy,3.22e-06,139.0,0.00044758
BLZ/BTC,1568596228648,2019-09-16T01:10:28.648Z,buy,3.22e-06,162.0,0.00052164
BLZ/BTC,1568596229474,2019-09-16T01:10:29.474Z,buy,3.22e-06,804.0,0.00258888
BLZ/BTC,1568596646529,2019-09-16T01:17:26.529Z,sell,3.21e-06,523.0,0.00167883
BLZ/BTC,1568596782166,2019-09-16T01:19:42.166Z,sell,3.21e-06,909.0,0.00291789
BLZ/BTC,1568596827126,2019-09-16T01:20:27.126Z,sell,3.21e-06,523.0,0.00167883
BLZ/BTC,1568596827126,2019-09-16T01:20:27.126Z,sell,3.21e-06,523.0,0.00167883
BLZ/BTC,1568598586923,2019-09-16T01:49:46.923Z,sell,3.21e-06,618.0,0.00198378
BLZ/BTC,1568598586923,2019-09-16T01:49:46.923Z,sell,3.21e-06,618.0,0.00198378
BLZ/BTC,1568600949465,2019-09-16T02:29:09.465Z,buy,3.22e-06,64.0,0.00020608
BLZ/BTC,1568601110995,2019-09-16T02:31:50.995Z,buy,3.22e-06,70.0,0.0002254
BLZ/BTC,1568601114579,2019-09-16T02:31:54.579Z,buy,3.22e-06,257.0,0.00082754
BLZ/BTC,1568601115108,2019-09-16T02:31:55.108Z,buy,3.22e-06,257.0,0.00082754
BLZ/BTC,1568602085238,2019-09-16T02:48:05.238Z,sell,3.21e-06,200.0,0.000642
BLZ/BTC,1568602141645,2019-09-16T02:49:01.645Z,sell,3.21e-06,547.0,0.00175587
BLZ/BTC,1568602141901,2019-09-16T02:49:01.901Z,sell,3.21e-06,400.0,0.001284
BLZ/BTC,1568602143208,2019-09-16T02:49:03.208Z,sell,3.21e-06,257.0,0.00082497
BLZ/BTC,1568602179021,2019-09-16T02:49:39.021Z,sell,3.21e-06,235.0,0.00075435
BLZ/BTC,1568602179049,2019-09-16T02:49:39.049Z,sell,3.21e-06,304.0,0.00097584
BLZ/BTC,1568602179049,2019-09-16T02:49:39.049Z,sell,3.21e-06,304.0,0.00097584
BLZ/BTC,1568602196567,2019-09-16T02:49:56.567Z,sell,3.21e-06,238.0,0.00076398
BLZ/BTC,1568602447025,2019-09-16T02:54:07.025Z,sell,3.21e-06,200.0,0.000642
BLZ/BTC,1568602447067,2019-09-16T02:54:07.067Z,sell,3.21e-06,156.0,0.00050076
BLZ/BTC,1568602447155,2019-09-16T02:54:07.155Z,sell,3.21e-06,218.0,0.00069978
BLZ/BTC,1568602447217,2019-09-16T02:54:07.217Z,sell,3.21e-06,85.0,0.00027285
BLZ/BTC,1568602490066,2019-09-16T02:54:50.066Z,sell,3.21e-06,182.0,0.00058422
BLZ/BTC,1568602490073,2019-09-16T02:54:50.073Z,sell,3.21e-06,236.0,0.00075756
BLZ/BTC,1568602490081,2019-09-16T02:54:50.081Z,sell,3.21e-06,281.0,0.00090201
BLZ/BTC,1568602547963,2019-09-16T02:55:47.963Z,sell,3.21e-06,716.0,0.00229836
BLZ/BTC,1568602547978,2019-09-16T02:55:47.978Z,sell,3.21e-06,436.0,0.00139956
BLZ/BTC,1568602547983,2019-09-16T02:55:47.983Z,sell,3.21e-06,328.0,0.00105288
BLZ/BTC,1568602547984,2019-09-16T02:55:47.984Z,sell,3.21e-06,1696.0,0.00544416
BLZ/BTC,1568602547984,2019-09-16T02:55:47.984Z,sell,3.21e-06,472.0,0.00151512
BLZ/BTC,1568602547988,2019-09-16T02:55:47.988Z,sell,3.21e-06,328.0,0.00105288
BLZ/BTC,1568602548005,2019-09-16T02:55:48.005Z,sell,3.21e-06,160.0,0.0005136
BLZ/BTC,1568602548006,2019-09-16T02:55:48.006Z,sell,3.21e-06,356.0,0.00114276
BLZ/BTC,1568602548006,2019-09-16T02:55:48.006Z,sell,3.21e-06,432.0,0.00138672
BLZ/BTC,1568602548012,2019-09-16T02:55:48.012Z,sell,3.21e-06,515.0,0.00165315
BLZ/BTC,1568602548020,2019-09-16T02:55:48.020Z,sell,3.21e-06,388.0,0.00124548
BLZ/BTC,1568602548025,2019-09-16T02:55:48.025Z,sell,3.21e-06,724.0,0.00232404
BLZ/BTC,1568602548040,2019-09-16T02:55:48.040Z,sell,3.21e-06,415.0,0.00133215
BLZ/BTC,1568602548438,2019-09-16T02:55:48.438Z,sell,3.21e-06,308.0,0.00098868
BLZ/BTC,1568602548440,2019-09-16T02:55:48.440Z,sell,3.21e-06,308.0,0.00098868
BLZ/BTC,1568602548457,2019-09-16T02:55:48.457Z,sell,3.21e-06,320.0,0.0010272
BLZ/BTC,1568602549873,2019-09-16T02:55:49.873Z,sell,3.21e-06,222.0,0.00071262
BLZ/BTC,1568602600305,2019-09-16T02:56:40.305Z,sell,3.21e-06,372.0,0.00119412
BLZ/BTC,1568602600332,2019-09-16T02:56:40.332Z,sell,3.21e-06,375.0,0.00120375
BLZ/BTC,1568602641809,2019-09-16T02:57:21.809Z,sell,3.21e-06,456.0,0.00146376
BLZ/BTC,1568602641831,2019-09-16T02:57:21.831Z,sell,3.21e-06,346.0,0.00111066
BLZ/BTC,1568602642011,2019-09-16T02:57:22.011Z,sell,3.21e-06,82.0,0.00026322
BLZ/BTC,1568602670840,2019-09-16T02:57:50.840Z,sell,3.21e-06,224.0,0.00071904
BLZ/BTC,1568602704079,2019-09-16T02:58:24.079Z,sell,3.21e-06,3425.0,0.01099425
BLZ/BTC,1568602704079,2019-09-16T02:58:24.079Z,sell,3.2e-06,8342.0,0.0266944
BLZ/BTC,1568602704182,2019-09-16T02:58:24.182Z,buy,3.2e-06,233.0,0.0007456
BLZ/BTC,1568603063486,2019-09-16T03:04:23.486Z,sell,3.2e-06,32.0,0.0001024
BLZ/BTC,1568603063486,2019-09-16T03:04:23.486Z,sell,3.19e-06,542.0,0.00172898
BLZ/BTC,1568603067225,2019-09-16T03:04:27.225Z,sell,3.19e-06,562.0,0.00179278
BLZ/BTC,1568603067241,2019-09-16T03:04:27.241Z,sell,3.19e-06,135.0,0.00043065
BLZ/BTC,1568603067250,2019-09-16T03:04:27.250Z,sell,3.19e-06,234.0,0.00074646
BLZ/BTC,1568604662794,2019-09-16T03:31:02.794Z,buy,3.2e-06,7270.0,0.023264
BLZ/BTC,1568604662794,2019-09-16T03:31:02.794Z,buy,3.2e-06,7270.0,0.023264
BLZ/BTC,1568607855837,2019-09-16T04:24:15.837Z,buy,3.2e-06,8722.0,0.0279104
BLZ/BTC,1568607855837,2019-09-16T04:24:15.837Z,buy,3.2e-06,8722.0,0.0279104
BLZ/BTC,1568610475523,2019-09-16T05:07:55.523Z,buy,3.2e-06,624.0,0.0019968
BLZ/BTC,1568610475952,2019-09-16T05:07:55.952Z,buy,3.2e-06,8242.0,0.0263744
BLZ/BTC,1568610476057,2019-09-16T05:07:56.057Z,buy,3.2e-06,6405.0,0.020496
BLZ/BTC,1568610476607,2019-09-16T05:07:56.607Z,buy,3.2e-06,8209.0,0.0262688
BLZ/BTC,1568610477018,2019-09-16T05:07:57.018Z,buy,3.2e-06,619.0,0.0019808
BLZ/BTC,1568610477314,2019-09-16T05:07:57.314Z,buy,3.2e-06,6356.0,0.0203391999999999
BLZ/BTC,1568610477519,2019-09-16T05:07:57.519Z,buy,3.2e-06,495.0,0.001584
BLZ/BTC,1568610477627,2019-09-16T05:07:57.627Z,buy,3.2e-06,1324.0,0.0042368
BLZ/BTC,1568610477627,2019-09-16T05:07:57.627Z,buy,3.2e-06,1324.0,0.0042368
BLZ/BTC,1568612468304,2019-09-16T05:41:08.304Z,sell,3.19e-06,1347.0,0.00429693
BLZ/BTC,1568612528986,2019-09-16T05:42:08.986Z,buy,3.19e-06,32.0,0.00010208
BLZ/BTC,1568612676054,2019-09-16T05:44:36.054Z,buy,3.19e-06,722.0,0.00230318
BLZ/BTC,1568613018253,2019-09-16T05:50:18.253Z,buy,3.19e-06,106.0,0.00033814
BLZ/BTC,1568613018861,2019-09-16T05:50:18.861Z,buy,3.19e-06,70.0,0.0002233
BLZ/BTC,1568613019071,2019-09-16T05:50:19.071Z,buy,3.19e-06,139.0,0.00044341
BLZ/BTC,1568613019071,2019-09-16T05:50:19.071Z,buy,3.19e-06,139.0,0.00044341
BLZ/BTC,1568614277444,2019-09-16T06:11:17.444Z,sell,3.18e-06,3125.0,0.0099375
BLZ/BTC,1568614754805,2019-09-16T06:19:14.805Z,sell,3.19e-06,79.0,0.00025201
BLZ/BTC,1568614784015,2019-09-16T06:19:44.015Z,sell,3.19e-06,3112.0,0.00992728
BLZ/BTC,1568614948513,2019-09-16T06:22:28.513Z,sell,3.19e-06,100.0,0.000319
BLZ/BTC,1568616000781,2019-09-16T06:40:00.781Z,sell,3.19e-06,3014.0,0.00961466
BLZ/BTC,1568616000894,2019-09-16T06:40:00.894Z,buy,3.19e-06,217.0,0.00069223
BLZ/BTC,1568616000894,2019-09-16T06:40:00.894Z,buy,3.19e-06,217.0,0.00069223
BLZ/BTC,1568617670822,2019-09-16T07:07:50.822Z,sell,3.18e-06,13163.0,0.04185834
BLZ/BTC,1568619422746,2019-09-16T07:37:02.746Z,buy,3.19e-06,498.0,0.00158862
BLZ/BTC,1568619422862,2019-09-16T07:37:02.862Z,buy,3.19e-06,206.0,0.00065714
BLZ/BTC,1568619422862,2019-09-16T07:37:02.862Z,buy,3.19e-06,206.0,0.00065714
BLZ/BTC,1568619857833,2019-09-16T07:44:17.833Z,buy,3.2e-06,5389.0,0.0172447999999999
BLZ/BTC,1568619857893,2019-09-16T07:44:17.893Z,sell,3.2e-06,73.0,0.0002335999999999
BLZ/BTC,1568619869953,2019-09-16T07:44:29.953Z,sell,3.2e-06,70.0,0.000224
BLZ/BTC,1568619871410,2019-09-16T07:44:31.410Z,sell,3.2e-06,139.0,0.0004447999999999
BLZ/BTC,1568620088916,2019-09-16T07:48:08.916Z,sell,3.2e-06,32.0,0.0001024
BLZ/BTC,1568620230718,2019-09-16T07:50:30.718Z,sell,3.19e-06,721.0,0.00229999
BLZ/BTC,1568620237473,2019-09-16T07:50:37.473Z,sell,3.19e-06,3796.0,0.01210924
BLZ/BTC,1568620729764,2019-09-16T07:58:49.764Z,sell,3.19e-06,200.0,0.000638
BLZ/BTC,1568620820716,2019-09-16T08:00:20.716Z,buy,3.2e-06,10159.0,0.0325088
BLZ/BTC,1568620820770,2019-09-16T08:00:20.770Z,sell,3.2e-06,3420.0,0.0109439999999999
BLZ/BTC,1568620820850,2019-09-16T08:00:20.850Z,sell,3.2e-06,1574.0,0.0050368
BLZ/BTC,1568620820911,2019-09-16T08:00:20.911Z,sell,3.2e-06,11773.0,0.0376736
BLZ/BTC,1568620821013,2019-09-16T08:00:21.013Z,sell,3.2e-06,200.0,0.0006399999999999
BLZ/BTC,1568620821118,2019-09-16T08:00:21.118Z,sell,3.2e-06,665.0,0.002128
BLZ/BTC,1568620821225,2019-09-16T08:00:21.225Z,sell,3.2e-06,1247.0,0.0039904
BLZ/BTC,1568620821434,2019-09-16T08:00:21.434Z,sell,3.2e-06,5508.0,0.0176255999999999
BLZ/BTC,1568620822887,2019-09-16T08:00:22.887Z,sell,3.2e-06,10227.0,0.0327263999999999
BLZ/BTC,1568620872436,2019-09-16T08:01:12.436Z,buy,3.21e-06,26449.0,0.08490129
BLZ/BTC,1568620874276,2019-09-16T08:01:14.276Z,buy,3.21e-06,385.0,0.00123585
BLZ/BTC,1568620933831,2019-09-16T08:02:13.831Z,buy,3.21e-06,11.0,3.531e-05
BLZ/BTC,1568621040998,2019-09-16T08:04:00.998Z,buy,3.21e-06,347.0,0.00111387
BLZ/BTC,1568621185871,2019-09-16T08:06:25.871Z,buy,3.21e-06,982.0,0.00315222
BLZ/BTC,1568621220945,2019-09-16T08:07:00.945Z,sell,3.2e-06,89.0,0.0002848
BLZ/BTC,1568621657807,2019-09-16T08:14:17.807Z,sell,3.2e-06,42.0,0.0001344
BLZ/BTC,1568622621766,2019-09-16T08:30:21.766Z,buy,3.21e-06,6862.0,0.02202702
BLZ/BTC,1568622621767,2019-09-16T08:30:21.767Z,buy,3.21e-06,6862.0,0.02202702
BLZ/BTC,1568622621971,2019-09-16T08:30:21.971Z,buy,3.21e-06,1349.0,0.00433029
BLZ/BTC,1568622621992,2019-09-16T08:30:21.992Z,buy,3.21e-06,1349.0,0.00433029
BLZ/BTC,1568622622013,2019-09-16T08:30:22.013Z,buy,3.21e-06,1573.0,0.00504933
BLZ/BTC,1568622637038,2019-09-16T08:30:37.038Z,buy,3.21e-06,62.0,0.00019902
BLZ/BTC,1568622693158,2019-09-16T08:31:33.158Z,buy,3.21e-06,18039.0,0.05790519
BLZ/BTC,1568622693247,2019-09-16T08:31:33.247Z,buy,3.21e-06,62.0,0.00019902
BLZ/BTC,1568622798405,2019-09-16T08:33:18.405Z,buy,3.21e-06,32.0,0.00010272
BLZ/BTC,1568622798529,2019-09-16T08:33:18.529Z,sell,3.21e-06,6862.0,0.02202702
BLZ/BTC,1568622798678,2019-09-16T08:33:18.678Z,sell,3.21e-06,1349.0,0.00433029
BLZ/BTC,1568622942772,2019-09-16T08:35:42.772Z,buy,3.22e-06,9809.0,0.03158498
BLZ/BTC,1568622942772,2019-09-16T08:35:42.772Z,buy,3.22e-06,9809.0,0.03158498
BLZ/BTC,1568623153261,2019-09-16T08:39:13.261Z,buy,3.22e-06,3609.0,0.01162098
BLZ/BTC,1568623153290,2019-09-16T08:39:13.290Z,sell,3.22e-06,323.0,0.00104006
BLZ/BTC,1568623153316,2019-09-16T08:39:13.316Z,sell,3.22e-06,323.0,0.00104006
BLZ/BTC,1568623153457,2019-09-16T08:39:13.457Z,sell,3.22e-06,139.0,0.00044758
BLZ/BTC,1568623167498,2019-09-16T08:39:27.498Z,sell,3.22e-06,100.0,0.000322
BLZ/BTC,1568623167520,2019-09-16T08:39:27.520Z,sell,3.22e-06,86.0,0.00027692
BLZ/BTC,1568623268060,2019-09-16T08:41:08.060Z,sell,3.22e-06,32.0,0.00010304
BLZ/BTC,1568623534392,2019-09-16T08:45:34.392Z,buy,3.23e-06,1547.0,0.00499681
BLZ/BTC,1568623535863,2019-09-16T08:45:35.863Z,buy,3.23e-06,619.0,0.00199937
BLZ/BTC,1568623556691,2019-09-16T08:45:56.691Z,buy,3.23e-06,1084.0,0.00350132
BLZ/BTC,1568623815342,2019-09-16T08:50:15.342Z,sell,3.22e-06,8934.0,0.02876748
BLZ/BTC,1568623816990,2019-09-16T08:50:16.990Z,sell,3.22e-06,429.0,0.00138138
BLZ/BTC,1568623824323,2019-09-16T08:50:24.323Z,buy,3.23e-06,13927.0,0.04498421
BLZ/BTC,1568623824339,2019-09-16T08:50:24.339Z,sell,3.23e-06,40981.0,0.13236863
BLZ/BTC,1568623824404,2019-09-16T08:50:24.404Z,sell,3.23e-06,1576.0,0.00509048
BLZ/BTC,1568623827912,2019-09-16T08:50:27.912Z,sell,3.23e-06,3680.0,0.0118864
BLZ/BTC,1568623881792,2019-09-16T08:51:21.792Z,buy,3.24e-06,30557.0,0.09900468
BLZ/BTC,1568623881863,2019-09-16T08:51:21.863Z,sell,3.24e-06,6510.0,0.0210924
BLZ/BTC,1568623881910,2019-09-16T08:51:21.910Z,sell,3.24e-06,1626.0,0.0052682399999999
BLZ/BTC,1568623881925,2019-09-16T08:51:21.925Z,sell,3.24e-06,139.0,0.0004503599999999
BLZ/BTC,1568623881941,2019-09-16T08:51:21.941Z,sell,3.24e-06,477.0,0.00154548
BLZ/BTC,1568623882224,2019-09-16T08:51:22.224Z,sell,3.24e-06,1260.0,0.0040824
BLZ/BTC,1568623882267,2019-09-16T08:51:22.267Z,sell,3.24e-06,1619.0,0.00524556
BLZ/BTC,1568623882325,2019-09-16T08:51:22.325Z,sell,3.24e-06,1260.0,0.0040824
BLZ/BTC,1568623882461,2019-09-16T08:51:22.461Z,sell,3.24e-06,1646.0,0.00533304
BLZ/BTC,1568623883211,2019-09-16T08:51:23.211Z,sell,3.24e-06,410.0,0.0013284
BLZ/BTC,1568623883773,2019-09-16T08:51:23.773Z,buy,3.25e-06,1008.0,0.003276
BLZ/BTC,1568623886681,2019-09-16T08:51:26.681Z,sell,3.24e-06,2575.0,0.008343
BLZ/BTC,1568623896102,2019-09-16T08:51:36.102Z,sell,3.24e-06,9869.0,0.03197556
BLZ/BTC,1568623902768,2019-09-16T08:51:42.768Z,sell,3.24e-06,3312.0,0.01073088
BLZ/BTC,1568623902977,2019-09-16T08:51:42.977Z,sell,3.24e-06,5978.0,0.01936872
BLZ/BTC,1568623911652,2019-09-16T08:51:51.652Z,sell,3.24e-06,5364.0,0.01737936
BLZ/BTC,1568623915557,2019-09-16T08:51:55.557Z,sell,3.24e-06,4394.0,0.0142365599999999
BLZ/BTC,1568623915805,2019-09-16T08:51:55.805Z,sell,3.24e-06,18000.0,0.05832
BLZ/BTC,1568624052864,2019-09-16T08:54:12.864Z,sell,3.23e-06,40.0,0.0001292
BLZ/BTC,1568624056019,2019-09-16T08:54:16.019Z,sell,3.22e-06,110.0,0.0003542
BLZ/BTC,1568624056098,2019-09-16T08:54:16.098Z,buy,3.22e-06,618.0,0.00198996
BLZ/BTC,1568624056206,2019-09-16T08:54:16.206Z,buy,3.22e-06,1272.0,0.00409584
BLZ/BTC,1568624066233,2019-09-16T08:54:26.233Z,buy,3.22e-06,347.0,0.00111734
BLZ/BTC,1568624068024,2019-09-16T08:54:28.024Z,buy,3.22e-06,618.0,0.00198996
BLZ/BTC,1568624068129,2019-09-16T08:54:28.129Z,buy,3.22e-06,2373.0,0.00764106
BLZ/BTC,1568624069912,2019-09-16T08:54:29.912Z,buy,3.22e-06,139.0,0.00044758
BLZ/BTC,1568624126221,2019-09-16T08:55:26.221Z,buy,3.22e-06,23092.0,0.07435624
BLZ/BTC,1568624169552,2019-09-16T08:56:09.552Z,buy,3.23e-06,949.0,0.00306527
BLZ/BTC,1568624169800,2019-09-16T08:56:09.800Z,sell,3.23e-06,8917.0,0.02880191
BLZ/BTC,1568624169967,2019-09-16T08:56:09.967Z,buy,3.23e-06,4231.0,0.01366613
BLZ/BTC,1568624169970,2019-09-16T08:56:09.970Z,buy,3.23e-06,4231.0,0.01366613
BLZ/BTC,1568624170063,2019-09-16T08:56:10.063Z,buy,3.23e-06,8322.0,0.02688006
BLZ/BTC,1568624170083,2019-09-16T08:56:10.083Z,buy,3.23e-06,1938.0,0.00625974
BLZ/BTC,1568624170085,2019-09-16T08:56:10.085Z,buy,3.23e-06,3361.0,0.01085603
BLZ/BTC,1568624363653,2019-09-16T08:59:23.653Z,buy,3.24e-06,3110.0,0.0100764
BLZ/BTC,1568624363766,2019-09-16T08:59:23.766Z,sell,3.24e-06,6384.0,0.02068416
BLZ/BTC,1568624364172,2019-09-16T08:59:24.172Z,sell,3.24e-06,1938.0,0.00627912
BLZ/BTC,1568624364223,2019-09-16T08:59:24.223Z,sell,3.24e-06,4231.0,0.0137084399999999
BLZ/BTC,1568624364427,2019-09-16T08:59:24.427Z,sell,3.24e-06,10962.0,0.03551688
BLZ/BTC,1568624451631,2019-09-16T09:00:51.631Z,buy,3.25e-06,14943.0,0.04856475
BLZ/BTC,1568624465255,2019-09-16T09:01:05.255Z,sell,3.24e-06,384.0,0.00124416
BLZ/BTC,1568624468823,2019-09-16T09:01:08.823Z,sell,3.24e-06,788.0,0.00255312
BLZ/BTC,1568624485050,2019-09-16T09:01:25.050Z,buy,3.24e-06,1557.0,0.00504468
BLZ/BTC,1568624485050,2019-09-16T09:01:25.050Z,buy,3.25e-06,16150.0,0.0524875
BLZ/BTC,1568624485091,2019-09-16T09:01:25.091Z,sell,3.25e-06,150.0,0.0004875
BLZ/BTC,1568624485188,2019-09-16T09:01:25.188Z,sell,3.25e-06,282.0,0.0009165
BLZ/BTC,1568624485233,2019-09-16T09:01:25.233Z,sell,3.25e-06,79.0,0.00025675
BLZ/BTC,1568624485698,2019-09-16T09:01:25.698Z,sell,3.25e-06,967.0,0.0031427499999999
BLZ/BTC,1568624489756,2019-09-16T09:01:29.756Z,sell,3.25e-06,163.0,0.00052975
BLZ/BTC,1568624505178,2019-09-16T09:01:45.178Z,sell,3.25e-06,1546.0,0.0050244999999999
BLZ/BTC,1568624511371,2019-09-16T09:01:51.371Z,sell,3.25e-06,100.0,0.000325
BLZ/BTC,1568624511622,2019-09-16T09:01:51.622Z,sell,3.25e-06,67.0,0.0002177499999999
BLZ/BTC,1568624583215,2019-09-16T09:03:03.215Z,buy,3.26e-06,7809.0,0.02545734
BLZ/BTC,1568624779351,2019-09-16T09:06:19.351Z,sell,3.24e-06,11770.0,0.0381347999999999
BLZ/BTC,1568624782258,2019-09-16T09:06:22.258Z,sell,3.24e-06,3426.0,0.0111002399999999
BLZ/BTC,1568624864486,2019-09-16T09:07:44.486Z,buy,3.25e-06,3152.0,0.010244
BLZ/BTC,1568624866921,2019-09-16T09:07:46.921Z,sell,3.25e-06,204.0,0.000663
BLZ/BTC,1568624868286,2019-09-16T09:07:48.286Z,sell,3.25e-06,211.0,0.0006857499999999
BLZ/BTC,1568624944188,2019-09-16T09:09:04.188Z,buy,3.26e-06,11.0,3.586e-05
BLZ/BTC,1568625125402,2019-09-16T09:12:05.402Z,buy,3.25e-06,32.0,0.000104
BLZ/BTC,1568625251970,2019-09-16T09:14:11.970Z,sell,3.24e-06,55.0,0.0001782
BLZ/BTC,1568625251982,2019-09-16T09:14:11.982Z,sell,3.24e-06,54.0,0.00017496
BLZ/BTC,1568625251986,2019-09-16T09:14:11.986Z,sell,3.24e-06,42.0,0.0001360799999999
BLZ/BTC,1568625251995,2019-09-16T09:14:11.995Z,sell,3.24e-06,74.0,0.00023976
BLZ/BTC,1568625252008,2019-09-16T09:14:12.008Z,sell,3.24e-06,129.0,0.00041796
BLZ/BTC,1568625259327,2019-09-16T09:14:19.327Z,sell,3.24e-06,174.0,0.00056376
BLZ/BTC,1568625263928,2019-09-16T09:14:23.928Z,sell,3.24e-06,662.0,0.00214488
BLZ/BTC,1568625398888,2019-09-16T09:16:38.888Z,buy,3.24e-06,70.0,0.0002267999999999
BLZ/BTC,1568625535139,2019-09-16T09:18:55.139Z,sell,3.24e-06,241.0,0.00078084
BLZ/BTC,1568625535152,2019-09-16T09:18:55.152Z,sell,3.24e-06,512.0,0.00165888
BLZ/BTC,1568626391849,2019-09-16T09:33:11.849Z,buy,3.25e-06,615.0,0.00199875
BLZ/BTC,1568626392136,2019-09-16T09:33:12.136Z,buy,3.25e-06,425.0,0.0013812499999999
BLZ/BTC,1568626392136,2019-09-16T09:33:12.136Z,buy,3.25e-06,425.0,0.0013812499999999
BLZ/BTC,1568629040974,2019-09-16T10:17:20.974Z,sell,3.24e-06,10029.0,0.03249396
BLZ/BTC,1568629063730,2019-09-16T10:17:43.730Z,buy,3.24e-06,3000.0,0.00972
BLZ/BTC,1568629085524,2019-09-16T10:18:05.524Z,sell,3.23e-06,31.0,0.00010013
BLZ/BTC,1568629085847,2019-09-16T10:18:05.847Z,buy,3.24e-06,31.0,0.00010044
BLZ/BTC,1568629219856,2019-09-16T10:20:19.856Z,sell,3.23e-06,9869.0,0.03187687
BLZ/BTC,1568629219887,2019-09-16T10:20:19.887Z,buy,3.23e-06,8250.0,0.0266475
BLZ/BTC,1568629219896,2019-09-16T10:20:19.896Z,buy,3.23e-06,1860.0,0.0060078
BLZ/BTC,1568629219903,2019-09-16T10:20:19.903Z,buy,3.23e-06,6377.0,0.0205977099999999
BLZ/BTC,1568629219908,2019-09-16T10:20:19.908Z,buy,3.23e-06,6377.0,0.0205977099999999
BLZ/BTC,1568629219924,2019-09-16T10:20:19.924Z,buy,3.23e-06,1358.0,0.00438634
BLZ/BTC,1568629219956,2019-09-16T10:20:19.956Z,buy,3.23e-06,1358.0,0.00438634
BLZ/BTC,1568629219982,2019-09-16T10:20:19.982Z,buy,3.23e-06,1822.0,0.00588506
BLZ/BTC,1568629219987,2019-09-16T10:20:19.987Z,buy,3.23e-06,20916.0,0.06755868
BLZ/BTC,1568629220522,2019-09-16T10:20:20.522Z,sell,3.23e-06,1563.0,0.00504849
BLZ/BTC,1568629250264,2019-09-16T10:20:50.264Z,sell,3.22e-06,1358.0,0.00437276
BLZ/BTC,1568629401570,2019-09-16T10:23:21.570Z,buy,3.23e-06,6687.0,0.02159901
BLZ/BTC,1568629864563,2019-09-16T10:31:04.563Z,sell,3.23e-06,62.0,0.00020026
BLZ/BTC,1568629865962,2019-09-16T10:31:05.962Z,sell,3.23e-06,62.0,0.00020026
BLZ/BTC,1568629881373,2019-09-16T10:31:21.373Z,buy,3.24e-06,104.0,0.0003369599999999
BLZ/BTC,1568629967709,2019-09-16T10:32:47.709Z,buy,3.24e-06,3169.0,0.01026756
BLZ/BTC,1568629967771,2019-09-16T10:32:47.771Z,sell,3.24e-06,71.0,0.0002300399999999
BLZ/BTC,1568629967771,2019-09-16T10:32:47.771Z,sell,3.24e-06,71.0,0.0002300399999999
BLZ/BTC,1568630812946,2019-09-16T10:46:52.946Z,buy,3.25e-06,7882.0,0.0256164999999999
BLZ/BTC,1568630812982,2019-09-16T10:46:52.982Z,buy,3.25e-06,3378.0,0.0109784999999999
BLZ/BTC,1568630812982,2019-09-16T10:46:52.982Z,buy,3.26e-06,7493.0,0.02442718
BLZ/BTC,1568630813002,2019-09-16T10:46:53.002Z,buy,3.26e-06,10462.0,0.03410612
BLZ/BTC,1568630813150,2019-09-16T10:46:53.150Z,buy,3.26e-06,5375.0,0.0175225
BLZ/BTC,1568630813177,2019-09-16T10:46:53.177Z,sell,3.26e-06,2199.0,0.00716874
BLZ/BTC,1568631136161,2019-09-16T10:52:16.161Z,sell,3.25e-06,4682.0,0.0152164999999999
BLZ/BTC,1568631951988,2019-09-16T11:05:51.988Z,sell,3.24e-06,1083.0,0.00350892
BLZ/BTC,1568631961389,2019-09-16T11:06:01.389Z,buy,3.25e-06,5667.0,0.01841775
BLZ/BTC,1568631992301,2019-09-16T11:06:32.301Z,buy,3.25e-06,1042.0,0.0033864999999999
BLZ/BTC,1568631996169,2019-09-16T11:06:36.169Z,buy,3.25e-06,3947.0,0.0128277499999999
BLZ/BTC,1568632458477,2019-09-16T11:14:18.477Z,sell,3.25e-06,31.0,0.00010075
BLZ/BTC,1568632458820,2019-09-16T11:14:18.820Z,sell,3.25e-06,33.0,0.0001072499999999
BLZ/BTC,1568632466844,2019-09-16T11:14:26.844Z,sell,3.25e-06,42.0,0.0001364999999999
BLZ/BTC,1568633176658,2019-09-16T11:26:16.658Z,sell,3.25e-06,797.0,0.0025902499999999
BLZ/BTC,1568633176658,2019-09-16T11:26:16.658Z,sell,3.25e-06,797.0,0.0025902499999999
BLZ/BTC,1568633651907,2019-09-16T11:34:11.907Z,sell,3.25e-06,1172.0,0.003809
BLZ/BTC,1568633742393,2019-09-16T11:35:42.393Z,buy,3.26e-06,7377.0,0.02404902
BLZ/BTC,1568633742460,2019-09-16T11:35:42.460Z,sell,3.26e-06,224.0,0.00073024
BLZ/BTC,1568633742467,2019-09-16T11:35:42.467Z,sell,3.25e-06,224.0,0.0007279999999999
BLZ/BTC,1568636040894,2019-09-16T12:14:00.894Z,sell,3.25e-06,124.0,0.000403
BLZ/BTC,1568636201029,2019-09-16T12:16:41.029Z,sell,3.25e-06,138.0,0.0004484999999999
BLZ/BTC,1568636701871,2019-09-16T12:25:01.871Z,sell,3.25e-06,3417.0,0.0111052499999999
BLZ/BTC,1568636701972,2019-09-16T12:25:01.972Z,sell,3.25e-06,5154.0,0.0167504999999999
BLZ/BTC,1568636741762,2019-09-16T12:25:41.762Z,sell,3.25e-06,2639.0,0.00857675
BLZ/BTC,1568636741855,2019-09-16T12:25:41.855Z,sell,3.25e-06,1918.0,0.0062334999999999
BLZ/BTC,1568636741934,2019-09-16T12:25:41.934Z,sell,3.25e-06,1310.0,0.0042575
BLZ/BTC,1568636742076,2019-09-16T12:25:42.076Z,sell,3.25e-06,740.0,0.002405
BLZ/BTC,1568636743157,2019-09-16T12:25:43.157Z,sell,3.25e-06,855.0,0.00277875
BLZ/BTC,1568636743933,2019-09-16T12:25:43.933Z,sell,3.25e-06,540.0,0.0017549999999999
BLZ/BTC,1568636744029,2019-09-16T12:25:44.029Z,sell,3.25e-06,147.0,0.00047775
BLZ/BTC,1568636747540,2019-09-16T12:25:47.540Z,sell,3.25e-06,5584.0,0.0181479999999999
BLZ/BTC,1568636747645,2019-09-16T12:25:47.645Z,sell,3.25e-06,2393.0,0.0077772499999999
BLZ/BTC,1568636747645,2019-09-16T12:25:47.645Z,sell,3.25e-06,2393.0,0.0077772499999999
BLZ/BTC,1568637022978,2019-09-16T12:30:22.978Z,buy,3.25e-06,61.0,0.00019825
BLZ/BTC,1568637053884,2019-09-16T12:30:53.884Z,buy,3.25e-06,61.0,0.00019825
BLZ/BTC,1568637085579,2019-09-16T12:31:25.579Z,buy,3.25e-06,8776.0,0.028522
BLZ/BTC,1568637085611,2019-09-16T12:31:25.611Z,sell,3.25e-06,4111.0,0.01336075
BLZ/BTC,1568637085624,2019-09-16T12:31:25.624Z,sell,3.25e-06,6365.0,0.02068625
BLZ/BTC,1568637085635,2019-09-16T12:31:25.635Z,sell,3.25e-06,1564.0,0.005083
BLZ/BTC,1568637085644,2019-09-16T12:31:25.644Z,sell,3.25e-06,4084.0,0.0132729999999999
BLZ/BTC,1568637085696,2019-09-16T12:31:25.696Z,sell,3.25e-06,6364.0,0.020683
BLZ/BTC,1568637085726,2019-09-16T12:31:25.726Z,sell,3.25e-06,1554.0,0.0050504999999999
BLZ/BTC,1568637085995,2019-09-16T12:31:25.995Z,sell,3.25e-06,4084.0,0.0132729999999999
BLZ/BTC,1568637088739,2019-09-16T12:31:28.739Z,buy,3.26e-06,5143.0,0.01676618
BLZ/BTC,1568637091805,2019-09-16T12:31:31.805Z,buy,3.26e-06,2194.0,0.00715244
BLZ/BTC,1568637273769,2019-09-16T12:34:33.769Z,sell,3.25e-06,10798.0,0.0350935
BLZ/BTC,1568637274509,2019-09-16T12:34:34.509Z,sell,3.25e-06,4218.0,0.0137084999999999
BLZ/BTC,1568637274535,2019-09-16T12:34:34.535Z,sell,3.25e-06,3556.0,0.011557
BLZ/BTC,1568637274612,2019-09-16T12:34:34.612Z,sell,3.25e-06,9791.0,0.0318207499999999
BLZ/BTC,1568637274815,2019-09-16T12:34:34.815Z,sell,3.25e-06,4134.0,0.0134355
BLZ/BTC,1568637274841,2019-09-16T12:34:34.841Z,sell,3.25e-06,6362.0,0.0206765
BLZ/BTC,1568637275027,2019-09-16T12:34:35.027Z,sell,3.25e-06,4163.0,0.0135297499999999
BLZ/BTC,1568637275052,2019-09-16T12:34:35.052Z,sell,3.25e-06,766.0,0.0024895
BLZ/BTC,1568637275059,2019-09-16T12:34:35.059Z,sell,3.25e-06,463.0,0.00150475
BLZ/BTC,1568637275070,2019-09-16T12:34:35.070Z,sell,3.25e-06,5221.0,0.0169682499999999
BLZ/BTC,1568637276022,2019-09-16T12:34:36.022Z,sell,3.25e-06,6896.0,0.0224119999999999
BLZ/BTC,1568637410106,2019-09-16T12:36:50.106Z,sell,3.25e-06,237.0,0.00077025
BLZ/BTC,1568637410132,2019-09-16T12:36:50.132Z,sell,3.25e-06,381.0,0.00123825
BLZ/BTC,1568637423262,2019-09-16T12:37:03.262Z,sell,3.25e-06,576.0,0.001872
BLZ/BTC,1568637523783,2019-09-16T12:38:43.783Z,sell,3.25e-06,9879.0,0.0321067499999999
BLZ/BTC,1568637524017,2019-09-16T12:38:44.017Z,sell,3.25e-06,4240.0,0.0137799999999999
BLZ/BTC,1568637524034,2019-09-16T12:38:44.034Z,sell,3.25e-06,1604.0,0.005213
BLZ/BTC,1568637524051,2019-09-16T12:38:44.051Z,sell,3.25e-06,1948.0,0.006331
BLZ/BTC,1568637524205,2019-09-16T12:38:44.205Z,sell,3.25e-06,10221.0,0.03321825
BLZ/BTC,1568637527955,2019-09-16T12:38:47.955Z,sell,3.25e-06,1910.0,0.0062074999999999
BLZ/BTC,1568637529605,2019-09-16T12:38:49.605Z,sell,3.24e-06,3518.0,0.01139832
BLZ/BTC,1568637529700,2019-09-16T12:38:49.700Z,sell,3.24e-06,1140.0,0.0036936
BLZ/BTC,1568637531475,2019-09-16T12:38:51.475Z,sell,3.24e-06,2395.0,0.0077598
BLZ/BTC,1568637534877,2019-09-16T12:38:54.877Z,sell,3.24e-06,1471.0,0.00476604
BLZ/BTC,1568637534893,2019-09-16T12:38:54.893Z,sell,3.24e-06,812.0,0.00263088
BLZ/BTC,1568637629663,2019-09-16T12:40:29.663Z,sell,3.24e-06,249.0,0.00080676
BLZ/BTC,1568637629663,2019-09-16T12:40:29.663Z,sell,3.23e-06,3065.0,0.00989995
BLZ/BTC,1568637629696,2019-09-16T12:40:29.696Z,sell,3.23e-06,4801.0,0.01550723
BLZ/BTC,1568637629739,2019-09-16T12:40:29.739Z,sell,3.23e-06,456.0,0.00147288
BLZ/BTC,1568637629739,2019-09-16T12:40:29.739Z,sell,3.23e-06,11381.0,0.03676063
BLZ/BTC,1568637629776,2019-09-16T12:40:29.776Z,sell,3.23e-06,2190.0,0.0070737
BLZ/BTC,1568637629937,2019-09-16T12:40:29.937Z,sell,3.23e-06,182.0,0.0005878599999999
BLZ/BTC,1568637630044,2019-09-16T12:40:30.044Z,sell,3.22e-06,4563.0,0.01469286
BLZ/BTC,1568637631255,2019-09-16T12:40:31.255Z,sell,3.22e-06,521.0,0.00167762
BLZ/BTC,1568637631271,2019-09-16T12:40:31.271Z,sell,3.22e-06,343.0,0.00110446
BLZ/BTC,1568637631285,2019-09-16T12:40:31.285Z,sell,3.22e-06,1216.0,0.00391552
BLZ/BTC,1568637631289,2019-09-16T12:40:31.289Z,sell,3.22e-06,1216.0,0.00391552
BLZ/BTC,1568637631310,2019-09-16T12:40:31.310Z,sell,3.22e-06,1216.0,0.00391552
BLZ/BTC,1568637632007,2019-09-16T12:40:32.007Z,sell,3.22e-06,739.0,0.00237958
BLZ/BTC,1568637632030,2019-09-16T12:40:32.030Z,buy,3.22e-06,621.0,0.00199962
BLZ/BTC,1568637632087,2019-09-16T12:40:32.087Z,sell,3.21e-06,1216.0,0.00390336
BLZ/BTC,1568637632593,2019-09-16T12:40:32.593Z,buy,3.23e-06,301.0,0.00097223
BLZ/BTC,1568637633836,2019-09-16T12:40:33.836Z,buy,3.23e-06,343.0,0.00110789
BLZ/BTC,1568637635194,2019-09-16T12:40:35.194Z,sell,3.21e-06,1145.0,0.00367545
BLZ/BTC,1568637635200,2019-09-16T12:40:35.200Z,sell,3.21e-06,788.0,0.00252948
BLZ/BTC,1568637635205,2019-09-16T12:40:35.205Z,sell,3.21e-06,2673.0,0.00858033
BLZ/BTC,1568637635238,2019-09-16T12:40:35.238Z,sell,3.21e-06,2633.0,0.00845193
BLZ/BTC,1568637635999,2019-09-16T12:40:35.999Z,sell,3.21e-06,5788.0,0.01857948
BLZ/BTC,1568637637235,2019-09-16T12:40:37.235Z,buy,3.23e-06,699.0,0.00225777
BLZ/BTC,1568637637235,2019-09-16T12:40:37.235Z,buy,3.24e-06,517.0,0.00167508
BLZ/BTC,1568637641510,2019-09-16T12:40:41.510Z,buy,3.23e-06,1343.0,0.00433789
BLZ/BTC,1568637641802,2019-09-16T12:40:41.802Z,buy,3.24e-06,2673.0,0.00866052
BLZ/BTC,1568637643445,2019-09-16T12:40:43.445Z,buy,3.24e-06,130.0,0.0004212
BLZ/BTC,1568637645459,2019-09-16T12:40:45.459Z,sell,3.23e-06,100.0,0.000323
BLZ/BTC,1568637648371,2019-09-16T12:40:48.371Z,buy,3.24e-06,393.0,0.0012733199999999
BLZ/BTC,1568637648371,2019-09-16T12:40:48.371Z,buy,3.25e-06,1995.0,0.00648375
BLZ/BTC,1568637663084,2019-09-16T12:41:03.084Z,sell,3.22e-06,246.0,0.00079212
BLZ/BTC,1568637663099,2019-09-16T12:41:03.099Z,sell,3.22e-06,201.0,0.00064722
BLZ/BTC,1568637663264,2019-09-16T12:41:03.264Z,sell,3.23e-06,151.0,0.00048773
BLZ/BTC,1568637663285,2019-09-16T12:41:03.285Z,sell,3.23e-06,515.0,0.00166345
BLZ/BTC,1568637663339,2019-09-16T12:41:03.339Z,sell,3.23e-06,677.0,0.00218671
BLZ/BTC,1568637663483,2019-09-16T12:41:03.483Z,buy,3.23e-06,2131.0,0.00688313
BLZ/BTC,1568637664230,2019-09-16T12:41:04.230Z,sell,3.22e-06,212.0,0.00068264
BLZ/BTC,1568637664599,2019-09-16T12:41:04.599Z,buy,3.23e-06,940.0,0.0030362
BLZ/BTC,1568637664599,2019-09-16T12:41:04.599Z,buy,3.25e-06,276.0,0.0008969999999999
BLZ/BTC,1568637693061,2019-09-16T12:41:33.061Z,buy,3.24e-06,309.0,0.00100116
BLZ/BTC,1568637695470,2019-09-16T12:41:35.470Z,buy,3.24e-06,788.0,0.00255312
BLZ/BTC,1568637796926,2019-09-16T12:43:16.926Z,sell,3.23e-06,10527.0,0.03400221
BLZ/BTC,1568638061758,2019-09-16T12:47:41.758Z,buy,3.24e-06,9668.0,0.0313243199999999
BLZ/BTC,1568638095486,2019-09-16T12:48:15.486Z,buy,3.25e-06,1674.0,0.0054405
BLZ/BTC,1568638096299,2019-09-16T12:48:16.299Z,sell,3.24e-06,207.0,0.00067068
BLZ/BTC,1568638096304,2019-09-16T12:48:16.304Z,sell,3.24e-06,734.0,0.00237816
BLZ/BTC,1568638096386,2019-09-16T12:48:16.386Z,sell,3.24e-06,200.0,0.000648
BLZ/BTC,1568638096477,2019-09-16T12:48:16.477Z,sell,3.24e-06,100.0,0.000324
BLZ/BTC,1568638096572,2019-09-16T12:48:16.572Z,sell,3.24e-06,102.0,0.0003304799999999
BLZ/BTC,1568638129302,2019-09-16T12:48:49.302Z,sell,3.23e-06,173.0,0.00055879
BLZ/BTC,1568638330429,2019-09-16T12:52:10.429Z,sell,3.23e-06,7096.0,0.02292008
BLZ/BTC,1568638333454,2019-09-16T12:52:13.454Z,sell,3.23e-06,2762.0,0.00892126
BLZ/BTC,1568638342892,2019-09-16T12:52:22.892Z,sell,3.22e-06,14759.0,0.04752398
BLZ/BTC,1568638345919,2019-09-16T12:52:25.919Z,sell,3.22e-06,1671.0,0.00538062
BLZ/BTC,1568638348434,2019-09-16T12:52:28.434Z,sell,3.22e-06,1671.0,0.00538062
BLZ/BTC,1568638349288,2019-09-16T12:52:29.288Z,buy,3.23e-06,1216.0,0.00392768
BLZ/BTC,1568638349324,2019-09-16T12:52:29.324Z,sell,3.22e-06,1671.0,0.00538062
BLZ/BTC,1568638356971,2019-09-16T12:52:36.971Z,buy,3.23e-06,1342.0,0.00433466
BLZ/BTC,1568638844434,2019-09-16T13:00:44.434Z,sell,3.22e-06,808.0,0.00260176
BLZ/BTC,1568638844637,2019-09-16T13:00:44.637Z,sell,3.22e-06,9912.0,0.03191664
BLZ/BTC,1568638892169,2019-09-16T13:01:32.169Z,buy,3.22e-06,2633.0,0.00847826
BLZ/BTC,1568638943066,2019-09-16T13:02:23.066Z,sell,3.21e-06,5207.0,0.01671447
BLZ/BTC,1568639113008,2019-09-16T13:05:13.008Z,buy,3.22e-06,3509.0,0.01129898
BLZ/BTC,1568639357158,2019-09-16T13:09:17.158Z,buy,3.22e-06,2500.0,0.00805
BLZ/BTC,1568639559775,2019-09-16T13:12:39.775Z,sell,3.22e-06,585.0,0.0018837
BLZ/BTC,1568639587782,2019-09-16T13:13:07.782Z,buy,3.23e-06,9023.0,0.02914429
BLZ/BTC,1568639635860,2019-09-16T13:13:55.860Z,buy,3.24e-06,9.0,2.916e-05
BLZ/BTC,1568639635860,2019-09-16T13:13:55.860Z,buy,3.24e-06,9.0,2.916e-05
BLZ/BTC,1568640444770,2019-09-16T13:27:24.770Z,buy,3.24e-06,101.0,0.0003272399999999
BLZ/BTC,1568640698869,2019-09-16T13:31:38.869Z,sell,3.23e-06,496.0,0.00160208
BLZ/BTC,1568640699310,2019-09-16T13:31:39.310Z,sell,3.23e-06,7147.0,0.02308481
BLZ/BTC,1568640699397,2019-09-16T13:31:39.397Z,sell,3.23e-06,2100.0,0.006783
BLZ/BTC,1568640985980,2019-09-16T13:36:25.980Z,sell,3.23e-06,31.0,0.00010013
BLZ/BTC,1568641025585,2019-09-16T13:37:05.585Z,sell,3.22e-06,256.0,0.00082432
BLZ/BTC,1568641025669,2019-09-16T13:37:05.669Z,sell,3.22e-06,334.0,0.00107548
BLZ/BTC,1568641377703,2019-09-16T13:42:57.703Z,sell,3.22e-06,5939.0,0.01912358
BLZ/BTC,1568641607451,2019-09-16T13:46:47.451Z,sell,3.22e-06,32.0,0.00010304
BLZ/BTC,1568642167613,2019-09-16T13:56:07.613Z,buy,3.22e-06,4225.0,0.0136045
BLZ/BTC,1568642167613,2019-09-16T13:56:07.613Z,buy,3.22e-06,4225.0,0.0136045
BLZ/BTC,1568643258977,2019-09-16T14:14:18.977Z,buy,3.23e-06,31.0,0.00010013
BLZ/BTC,1568643304312,2019-09-16T14:15:04.312Z,buy,3.23e-06,619.0,0.00199937
BLZ/BTC,1568643663895,2019-09-16T14:21:03.895Z,sell,3.22e-06,61.0,0.00019642
BLZ/BTC,1568643664282,2019-09-16T14:21:04.282Z,sell,3.22e-06,61.0,0.00019642
BLZ/BTC,1568643899539,2019-09-16T14:24:59.539Z,buy,3.23e-06,11.0,3.553e-05
BLZ/BTC,1568643904424,2019-09-16T14:25:04.424Z,buy,3.23e-06,9.0,2.907e-05
BLZ/BTC,1568643904892,2019-09-16T14:25:04.892Z,buy,3.23e-06,10.0,3.23e-05
BLZ/BTC,1568643914205,2019-09-16T14:25:14.205Z,buy,3.23e-06,2.0,6.46e-06
BLZ/BTC,1568643914205,2019-09-16T14:25:14.205Z,buy,3.24e-06,7.0,2.268e-05
BLZ/BTC,1568644024990,2019-09-16T14:27:04.990Z,buy,3.24e-06,1543.0,0.00499932
BLZ/BTC,1568644154739,2019-09-16T14:29:14.739Z,sell,3.24e-06,81.0,0.00026244
BLZ/BTC,1568644154843,2019-09-16T14:29:14.843Z,sell,3.24e-06,6046.0,0.01958904
BLZ/BTC,1568644473663,2019-09-16T14:34:33.663Z,sell,3.23e-06,9291.0,0.03000993
BLZ/BTC,1568644763350,2019-09-16T14:39:23.350Z,sell,3.23e-06,687.0,0.00221901
BLZ/BTC,1568644763363,2019-09-16T14:39:23.363Z,sell,3.23e-06,687.0,0.00221901
BLZ/BTC,1568644763370,2019-09-16T14:39:23.370Z,sell,3.23e-06,687.0,0.00221901
BLZ/BTC,1568644763370,2019-09-16T14:39:23.370Z,sell,3.23e-06,687.0,0.00221901
BLZ/BTC,1568644763529,2019-09-16T14:39:23.529Z,sell,3.23e-06,296.0,0.00095608
BLZ/BTC,1568645644563,2019-09-16T14:54:04.563Z,sell,3.23e-06,345.0,0.00111435
BLZ/BTC,1568645644563,2019-09-16T14:54:04.563Z,sell,3.23e-06,345.0,0.00111435
BLZ/BTC,1568646664000,2019-09-16T15:11:04.000Z,buy,3.24e-06,61.0,0.0001976399999999
BLZ/BTC,1568646668616,2019-09-16T15:11:08.616Z,buy,3.24e-06,61.0,0.0001976399999999
BLZ/BTC,1568646762513,2019-09-16T15:12:42.513Z,buy,3.24e-06,5411.0,0.01753164
BLZ/BTC,1568646821705,2019-09-16T15:13:41.705Z,buy,3.24e-06,111.0,0.00035964
BLZ/BTC,1568647052786,2019-09-16T15:17:32.786Z,buy,3.24e-06,31.0,0.00010044
BLZ/BTC,1568647052786,2019-09-16T15:17:32.786Z,buy,3.25e-06,313.0,0.00101725
BLZ/BTC,1568647083718,2019-09-16T15:18:03.718Z,buy,3.25e-06,1384.0,0.0044979999999999
BLZ/BTC,1568647179314,2019-09-16T15:19:39.314Z,sell,3.24e-06,613.0,0.00198612
BLZ/BTC,1568647179419,2019-09-16T15:19:39.419Z,sell,3.24e-06,1559.0,0.00505116
BLZ/BTC,1568647853058,2019-09-16T15:30:53.058Z,sell,3.24e-06,6537.0,0.0211798799999999
BLZ/BTC,1568648272413,2019-09-16T15:37:52.413Z,buy,3.25e-06,2031.0,0.00660075
BLZ/BTC,1568648272432,2019-09-16T15:37:52.432Z,sell,3.25e-06,2668.0,0.008671
BLZ/BTC,1568648272433,2019-09-16T15:37:52.433Z,sell,3.25e-06,185.0,0.00060125
BLZ/BTC,1568648272443,2019-09-16T15:37:52.443Z,sell,3.25e-06,2668.0,0.008671
BLZ/BTC,1568648272450,2019-09-16T15:37:52.450Z,sell,3.25e-06,768.0,0.002496
BLZ/BTC,1568648272456,2019-09-16T15:37:52.456Z,sell,3.25e-06,1143.0,0.0037147499999999
BLZ/BTC,1568648272457,2019-09-16T15:37:52.457Z,sell,3.25e-06,671.0,0.00218075
BLZ/BTC,1568648273440,2019-09-16T15:37:53.440Z,buy,3.25e-06,1554.0,0.0050504999999999
BLZ/BTC,1568648278518,2019-09-16T15:37:58.518Z,buy,3.26e-06,544.0,0.00177344
BLZ/BTC,1568648302509,2019-09-16T15:38:22.509Z,buy,3.26e-06,671.0,0.00218746
BLZ/BTC,1568648302982,2019-09-16T15:38:22.982Z,buy,3.26e-06,383.0,0.00124858
BLZ/BTC,1568648410682,2019-09-16T15:40:10.682Z,buy,3.26e-06,31.0,0.00010106
BLZ/BTC,1568648420471,2019-09-16T15:40:20.471Z,sell,3.26e-06,383.0,0.00124858
BLZ/BTC,1568648640280,2019-09-16T15:44:00.280Z,buy,3.27e-06,2110.0,0.0068997
BLZ/BTC,1568648672158,2019-09-16T15:44:32.158Z,buy,3.27e-06,12689.0,0.04149303
BLZ/BTC,1568648681724,2019-09-16T15:44:41.724Z,buy,3.27e-06,1102.0,0.00360354
BLZ/BTC,1568648681724,2019-09-16T15:44:41.724Z,buy,3.28e-06,17933.0,0.0588202399999999
BLZ/BTC,1568648694396,2019-09-16T15:44:54.396Z,buy,3.28e-06,8649.0,0.02836872
BLZ/BTC,1568648694396,2019-09-16T15:44:54.396Z,buy,3.29e-06,812.0,0.00267148
BLZ/BTC,1568648704098,2019-09-16T15:45:04.098Z,sell,3.27e-06,1323.0,0.00432621
BLZ/BTC,1568648706938,2019-09-16T15:45:06.938Z,buy,3.27e-06,464.0,0.00151728
BLZ/BTC,1568648706938,2019-09-16T15:45:06.938Z,buy,3.28e-06,6652.0,0.02181856
BLZ/BTC,1568648712202,2019-09-16T15:45:12.202Z,sell,3.27e-06,1323.0,0.00432621
BLZ/BTC,1568648712204,2019-09-16T15:45:12.204Z,sell,3.26e-06,1323.0,0.00431298
BLZ/BTC,1568648713086,2019-09-16T15:45:13.086Z,buy,3.27e-06,2344.0,0.00766488
BLZ/BTC,1568648715352,2019-09-16T15:45:15.352Z,sell,3.26e-06,376.0,0.00122576
BLZ/BTC,1568648730058,2019-09-16T15:45:30.058Z,buy,3.27e-06,206.0,0.00067362
BLZ/BTC,1568648733065,2019-09-16T15:45:33.065Z,buy,3.27e-06,1300.0,0.004251
BLZ/BTC,1568648733108,2019-09-16T15:45:33.108Z,sell,3.27e-06,6316.0,0.02065332
BLZ/BTC,1568648733118,2019-09-16T15:45:33.118Z,sell,3.27e-06,2577.0,0.00842679
BLZ/BTC,1568648733148,2019-09-16T15:45:33.148Z,sell,3.26e-06,406.0,0.00132356
BLZ/BTC,1568648753608,2019-09-16T15:45:53.608Z,buy,3.28e-06,70.0,0.0002296
BLZ/BTC,1568648753608,2019-09-16T15:45:53.608Z,buy,3.29e-06,649.0,0.00213521
BLZ/BTC,1568648754853,2019-09-16T15:45:54.853Z,sell,3.27e-06,618.0,0.00202086
BLZ/BTC,1568648793539,2019-09-16T15:46:33.539Z,sell,3.27e-06,8768.0,0.02867136
BLZ/BTC,1568648809925,2019-09-16T15:46:49.925Z,sell,3.27e-06,309.0,0.00101043
BLZ/BTC,1568648821295,2019-09-16T15:47:01.295Z,buy,3.28e-06,6116.0,0.02006048
BLZ/BTC,1568648837623,2019-09-16T15:47:17.623Z,buy,3.28e-06,1451.0,0.00475928
BLZ/BTC,1568648837643,2019-09-16T15:47:17.643Z,sell,3.28e-06,4039.0,0.01324792
BLZ/BTC,1568648837654,2019-09-16T15:47:17.654Z,sell,3.28e-06,564.0,0.00184992
BLZ/BTC,1568648837678,2019-09-16T15:47:17.678Z,sell,3.28e-06,231.0,0.0007576799999999
BLZ/BTC,1568648837680,2019-09-16T15:47:17.680Z,sell,3.28e-06,748.0,0.00245344
BLZ/BTC,1568648837684,2019-09-16T15:47:17.684Z,sell,3.28e-06,1288.0,0.00422464
BLZ/BTC,1568648837716,2019-09-16T15:47:17.716Z,sell,3.28e-06,1571.0,0.00515288
BLZ/BTC,1568648837754,2019-09-16T15:47:17.754Z,sell,3.28e-06,564.0,0.00184992
BLZ/BTC,1568648846142,2019-09-16T15:47:26.142Z,sell,3.28e-06,251.0,0.00082328
BLZ/BTC,1568648848653,2019-09-16T15:47:28.653Z,sell,3.28e-06,200.0,0.000656
BLZ/BTC,1568648854618,2019-09-16T15:47:34.618Z,buy,3.29e-06,9148.0,0.03009692
BLZ/BTC,1568648872267,2019-09-16T15:47:52.267Z,sell,3.28e-06,78.0,0.00025584
BLZ/BTC,1568648873607,2019-09-16T15:47:53.607Z,sell,3.28e-06,370.0,0.0012136
BLZ/BTC,1568648880886,2019-09-16T15:48:00.886Z,sell,3.28e-06,1093.0,0.00358504
BLZ/BTC,1568649066857,2019-09-16T15:51:06.857Z,sell,3.28e-06,8772.0,0.0287721599999999
BLZ/BTC,1568649067889,2019-09-16T15:51:07.889Z,sell,3.28e-06,730.0,0.0023944
BLZ/BTC,1568649105539,2019-09-16T15:51:45.539Z,sell,3.28e-06,3322.0,0.01089616
BLZ/BTC,1568649105937,2019-09-16T15:51:45.937Z,sell,3.28e-06,8315.0,0.0272732
BLZ/BTC,1568649106039,2019-09-16T15:51:46.039Z,sell,3.28e-06,2877.0,0.00943656
BLZ/BTC,1568649124713,2019-09-16T15:52:04.713Z,sell,3.28e-06,1316.0,0.00431648
BLZ/BTC,1568649158418,2019-09-16T15:52:38.418Z,sell,3.28e-06,3730.0,0.0122344
BLZ/BTC,1568649158526,2019-09-16T15:52:38.526Z,sell,3.28e-06,8022.0,0.02631216
BLZ/BTC,1568649158850,2019-09-16T15:52:38.850Z,sell,3.28e-06,1405.0,0.0046084
BLZ/BTC,1568649158850,2019-09-16T15:52:38.850Z,sell,3.28e-06,1405.0,0.0046084
BLZ/BTC,1568649284635,2019-09-16T15:54:44.635Z,sell,3.28e-06,8437.0,0.02767336
BLZ/BTC,1568649318168,2019-09-16T15:55:18.168Z,sell,3.28e-06,9470.0,0.0310615999999999
BLZ/BTC,1568649318592,2019-09-16T15:55:18.592Z,sell,3.28e-06,3337.0,0.01094536
BLZ/BTC,1568649318615,2019-09-16T15:55:18.615Z,sell,3.28e-06,5121.0,0.01679688
BLZ/BTC,1568649318693,2019-09-16T15:55:18.693Z,sell,3.28e-06,3337.0,0.01094536
BLZ/BTC,1568649318913,2019-09-16T15:55:18.913Z,sell,3.28e-06,606.0,0.00198768
BLZ/BTC,1568649318933,2019-09-16T15:55:18.933Z,sell,3.28e-06,3336.0,0.01094208
BLZ/BTC,1568649318980,2019-09-16T15:55:18.980Z,sell,3.28e-06,3025.0,0.009922
BLZ/BTC,1568649319020,2019-09-16T15:55:19.020Z,sell,3.27e-06,3025.0,0.00989175
BLZ/BTC,1568649344516,2019-09-16T15:55:44.516Z,sell,3.27e-06,70.0,0.0002289
BLZ/BTC,1568649501162,2019-09-16T15:58:21.162Z,buy,3.28e-06,1835.0,0.0060187999999999
BLZ/BTC,1568649501162,2019-09-16T15:58:21.162Z,buy,3.29e-06,1213.0,0.0039907699999999
BLZ/BTC,1568649746087,2019-09-16T16:02:26.087Z,buy,3.28e-06,1654.0,0.00542512
BLZ/BTC,1568649834003,2019-09-16T16:03:54.003Z,buy,3.28e-06,1524.0,0.00499872
BLZ/BTC,1568649845076,2019-09-16T16:04:05.076Z,buy,3.28e-06,10693.0,0.03507304
BLZ/BTC,1568649845105,2019-09-16T16:04:05.105Z,sell,3.28e-06,3269.0,0.01072232
BLZ/BTC,1568650111982,2019-09-16T16:08:31.982Z,sell,3.27e-06,1789.0,0.00585003
BLZ/BTC,1568650213808,2019-09-16T16:10:13.808Z,sell,3.27e-06,40.0,0.0001308
BLZ/BTC,1568650452441,2019-09-16T16:14:12.441Z,sell,3.27e-06,47.0,0.00015369
BLZ/BTC,1568650452771,2019-09-16T16:14:12.771Z,sell,3.27e-06,36.0,0.00011772
BLZ/BTC,1568650452781,2019-09-16T16:14:12.781Z,sell,3.27e-06,112.0,0.00036624
BLZ/BTC,1568650452791,2019-09-16T16:14:12.791Z,sell,3.27e-06,63.0,0.00020601
BLZ/BTC,1568650452839,2019-09-16T16:14:12.839Z,sell,3.27e-06,55.0,0.00017985
BLZ/BTC,1568650465833,2019-09-16T16:14:25.833Z,sell,3.27e-06,112.0,0.00036624
BLZ/BTC,1568650481582,2019-09-16T16:14:41.582Z,buy,3.28e-06,8247.0,0.02705016
BLZ/BTC,1568650484818,2019-09-16T16:14:44.818Z,buy,3.28e-06,532.0,0.00174496
BLZ/BTC,1568650610080,2019-09-16T16:16:50.080Z,buy,3.28e-06,1500.0,0.00492
BLZ/BTC,1568650674255,2019-09-16T16:17:54.255Z,sell,3.27e-06,34.0,0.00011118
BLZ/BTC,1568650858046,2019-09-16T16:20:58.046Z,sell,3.27e-06,10183.0,0.03329841
BLZ/BTC,1568650913871,2019-09-16T16:21:53.871Z,sell,3.26e-06,46.0,0.00014996
BLZ/BTC,1568650987410,2019-09-16T16:23:07.410Z,sell,3.27e-06,1652.0,0.00540204
BLZ/BTC,1568651013909,2019-09-16T16:23:33.909Z,sell,3.27e-06,12954.0,0.04235958
BLZ/BTC,1568651780051,2019-09-16T16:36:20.051Z,buy,3.27e-06,2169.0,0.00709263
BLZ/BTC,1568651780051,2019-09-16T16:36:20.051Z,buy,3.27e-06,2169.0,0.00709263
BLZ/BTC,1568653226411,2019-09-16T17:00:26.411Z,sell,3.26e-06,25777.0,0.08403302
BLZ/BTC,1568653226431,2019-09-16T17:00:26.431Z,buy,3.26e-06,3452.0,0.01125352
BLZ/BTC,1568653233596,2019-09-16T17:00:33.596Z,buy,3.27e-06,436.0,0.00142572
BLZ/BTC,1568653262310,2019-09-16T17:01:02.310Z,buy,3.27e-06,578.0,0.00189006
BLZ/BTC,1568653409889,2019-09-16T17:03:29.889Z,buy,3.27e-06,811.0,0.00265197
BLZ/BTC,1568653604885,2019-09-16T17:06:44.885Z,sell,3.26e-06,4000.0,0.01304
BLZ/BTC,1568653890532,2019-09-16T17:11:30.532Z,sell,3.26e-06,39.0,0.00012714
BLZ/BTC,1568654274581,2019-09-16T17:17:54.581Z,buy,3.27e-06,139.0,0.00045453
BLZ/BTC,1568654857822,2019-09-16T17:27:37.822Z,buy,3.27e-06,2848.0,0.00931296
BLZ/BTC,1568654857822,2019-09-16T17:27:37.822Z,buy,3.27e-06,2848.0,0.00931296
BLZ/BTC,1568655823892,2019-09-16T17:43:43.892Z,buy,3.28e-06,968.0,0.00317504
BLZ/BTC,1568655909881,2019-09-16T17:45:09.881Z,buy,3.28e-06,448.0,0.00146944
BLZ/BTC,1568655950854,2019-09-16T17:45:50.854Z,buy,3.28e-06,31.0,0.00010168
BLZ/BTC,1568656497512,2019-09-16T17:54:57.512Z,sell,3.27e-06,2108.0,0.00689316
BLZ/BTC,1568656628924,2019-09-16T17:57:08.924Z,sell,3.27e-06,1400.0,0.004578
BLZ/BTC,1568657485619,2019-09-16T18:11:25.619Z,buy,3.28e-06,31.0,0.00010168
BLZ/BTC,1568657663870,2019-09-16T18:14:23.870Z,buy,3.29e-06,36.0,0.00011844
BLZ/BTC,1568657664920,2019-09-16T18:14:24.920Z,buy,3.29e-06,35.0,0.00011515
BLZ/BTC,1568657674475,2019-09-16T18:14:34.475Z,buy,3.29e-06,37.0,0.0001217299999999
BLZ/BTC,1568657770070,2019-09-16T18:16:10.070Z,sell,3.28e-06,1403.0,0.00460184
BLZ/BTC,1568658283722,2019-09-16T18:24:43.722Z,sell,3.27e-06,8590.0,0.0280893
BLZ/BTC,1568658283722,2019-09-16T18:24:43.722Z,sell,3.27e-06,8590.0,0.0280893
BLZ/BTC,1568658641449,2019-09-16T18:30:41.449Z,sell,3.27e-06,5194.0,0.01698438
BLZ/BTC,1568658641563,2019-09-16T18:30:41.563Z,sell,3.27e-06,5308.0,0.01735716
BLZ/BTC,1568658648374,2019-09-16T18:30:48.374Z,sell,3.27e-06,335.0,0.00109545
BLZ/BTC,1568658648488,2019-09-16T18:30:48.488Z,sell,3.27e-06,335.0,0.00109545
BLZ/BTC,1568658648600,2019-09-16T18:30:48.600Z,sell,3.27e-06,3098.0,0.01013046
BLZ/BTC,1568658678529,2019-09-16T18:31:18.529Z,sell,3.27e-06,31.0,0.00010137
BLZ/BTC,1568658678529,2019-09-16T18:31:18.529Z,sell,3.26e-06,4510.0,0.0147026
BLZ/BTC,1568658678752,2019-09-16T18:31:18.752Z,sell,3.26e-06,6319.0,0.02059994
BLZ/BTC,1568658679848,2019-09-16T18:31:19.848Z,sell,3.26e-06,3191.0,0.01040266
BLZ/BTC,1568658695511,2019-09-16T18:31:35.511Z,sell,3.26e-06,3322.0,0.01082972
BLZ/BTC,1568658721115,2019-09-16T18:32:01.115Z,sell,3.25e-06,619.0,0.00201175
BLZ/BTC,1568658730728,2019-09-16T18:32:10.728Z,sell,3.26e-06,2274.0,0.00741324
BLZ/BTC,1568658730728,2019-09-16T18:32:10.728Z,sell,3.25e-06,1525.0,0.00495625
BLZ/BTC,1568660917468,2019-09-16T19:08:37.468Z,sell,3.26e-06,206.0,0.00067156
BLZ/BTC,1568661256369,2019-09-16T19:14:16.369Z,buy,3.27e-06,37.0,0.00012099
BLZ/BTC,1568661256418,2019-09-16T19:14:16.418Z,buy,3.27e-06,42.0,0.00013734
BLZ/BTC,1568661256728,2019-09-16T19:14:16.728Z,buy,3.27e-06,39.0,0.00012753
BLZ/BTC,1568661257728,2019-09-16T19:14:17.728Z,buy,3.27e-06,44.0,0.00014388
BLZ/BTC,1568661261774,2019-09-16T19:14:21.774Z,buy,3.27e-06,2110.0,0.0068997
BLZ/BTC,1568661709591,2019-09-16T19:21:49.591Z,sell,3.26e-06,3202.0,0.01043852
BLZ/BTC,1568661709591,2019-09-16T19:21:49.591Z,sell,3.26e-06,3202.0,0.01043852
BLZ/BTC,1568662007707,2019-09-16T19:26:47.707Z,sell,3.26e-06,1311.0,0.00427386
BLZ/BTC,1568663006386,2019-09-16T19:43:26.386Z,sell,3.25e-06,83.0,0.0002697499999999
BLZ/BTC,1568663006386,2019-09-16T19:43:26.386Z,sell,3.25e-06,83.0,0.0002697499999999
BLZ/BTC,1568665319231,2019-09-16T20:21:59.231Z,buy,3.27e-06,4818.0,0.01575486
BLZ/BTC,1568665319454,2019-09-16T20:21:59.454Z,buy,3.27e-06,2529.0,0.00826983
BLZ/BTC,1568665328425,2019-09-16T20:22:08.425Z,buy,3.27e-06,70.0,0.0002289
BLZ/BTC,1568665328542,2019-09-16T20:22:08.542Z,buy,3.27e-06,504.0,0.00164808
BLZ/BTC,1568666028831,2019-09-16T20:33:48.831Z,buy,3.28e-06,343.0,0.00112504
BLZ/BTC,1568666151489,2019-09-16T20:35:51.489Z,buy,3.28e-06,1500.0,0.00492
BLZ/BTC,1568666458357,2019-09-16T20:40:58.357Z,buy,3.29e-06,6240.0,0.0205296
BLZ/BTC,1568666458365,2019-09-16T20:40:58.365Z,buy,3.29e-06,2081.0,0.0068464899999999
BLZ/BTC,1568666458365,2019-09-16T20:40:58.365Z,buy,3.29e-06,2081.0,0.0068464899999999
BLZ/BTC,1568666775452,2019-09-16T20:46:15.452Z,buy,3.3e-06,4888.0,0.0161304
BLZ/BTC,1568666775460,2019-09-16T20:46:15.460Z,buy,3.3e-06,4888.0,0.0161304
BLZ/BTC,1568666775514,2019-09-16T20:46:15.514Z,buy,3.3e-06,1552.0,0.0051216
BLZ/BTC,1568666775675,2019-09-16T20:46:15.675Z,buy,3.3e-06,2851.0,0.0094083
BLZ/BTC,1568666776091,2019-09-16T20:46:16.091Z,buy,3.3e-06,274.0,0.0009042
BLZ/BTC,1568666776303,2019-09-16T20:46:16.303Z,buy,3.3e-06,1313.0,0.0043329
BLZ/BTC,1568666830524,2019-09-16T20:47:10.524Z,buy,3.31e-06,1067.0,0.00353177
