symbol,timestamp,datetime,side,price,amount,btc_volume
BNT/BTC,1586707494969,2020-04-12T16:04:54.969Z,sell,2.624e-05,8.0,0.00020992
BNT/BTC,1586708080642,2020-04-12T16:14:40.642Z,sell,2.623e-05,103.0,0.00270169
BNT/BTC,1586708213369,2020-04-12T16:16:53.369Z,sell,2.623e-05,242.0,0.00634766
BNT/BTC,1586708290363,2020-04-12T16:18:10.363Z,sell,2.623e-05,443.0,0.01161989
BNT/BTC,1586708309819,2020-04-12T16:18:29.819Z,sell,2.623e-05,85.0,0.00222955
BNT/BTC,1586708442739,2020-04-12T16:20:42.739Z,sell,2.623e-05,13.0,0.00034099
BNT/BTC,1586708445004,2020-04-12T16:20:45.004Z,sell,2.623e-05,919.0,0.02410537
BNT/BTC,1586708453243,2020-04-12T16:20:53.243Z,sell,2.623e-05,274.0,0.00718702
BNT/BTC,1586708523998,2020-04-12T16:22:03.998Z,buy,2.632e-05,1.0,2.632e-05
BNT/BTC,1586709127924,2020-04-12T16:32:07.924Z,sell,2.623e-05,182.0,0.00477386
BNT/BTC,1586709202551,2020-04-12T16:33:22.551Z,sell,2.623e-05,2739.0,0.07184397
BNT/BTC,1586709202551,2020-04-12T16:33:22.551Z,sell,2.622e-05,368.0,0.00964896
BNT/BTC,1586709214332,2020-04-12T16:33:34.332Z,sell,2.616e-05,36.0,0.00094176
BNT/BTC,1586709214332,2020-04-12T16:33:34.332Z,sell,2.615e-05,533.0,0.01393795
BNT/BTC,1586709256453,2020-04-12T16:34:16.453Z,sell,2.612e-05,6.0,0.00015672
BNT/BTC,1586709256453,2020-04-12T16:34:16.453Z,sell,2.61e-05,8.0,0.0002088
BNT/BTC,1586709256453,2020-04-12T16:34:16.453Z,sell,2.609e-05,1078.0,0.02812502
BNT/BTC,1586709256453,2020-04-12T16:34:16.453Z,sell,2.608e-05,4.0,0.00010432
BNT/BTC,1586709256453,2020-04-12T16:34:16.453Z,sell,2.605e-05,96.0,0.0025008
BNT/BTC,1586709256453,2020-04-12T16:34:16.453Z,sell,2.602e-05,657.0,0.01709514
BNT/BTC,1586709256453,2020-04-12T16:34:16.453Z,sell,2.601e-05,5.0,0.00013005
BNT/BTC,1586709256462,2020-04-12T16:34:16.462Z,sell,2.6e-05,27.0,0.0007019999999999
BNT/BTC,1586709256462,2020-04-12T16:34:16.462Z,sell,2.598e-05,37.0,0.0009612599999999
BNT/BTC,1586709256462,2020-04-12T16:34:16.462Z,sell,2.597e-05,172.0,0.00446684
BNT/BTC,1586709256517,2020-04-12T16:34:16.517Z,sell,2.597e-05,124.0,0.00322028
BNT/BTC,1586709257747,2020-04-12T16:34:17.747Z,buy,2.6e-05,100.0,0.0026
BNT/BTC,1586709259090,2020-04-12T16:34:19.090Z,buy,2.6e-05,19.0,0.000494
BNT/BTC,1586709259661,2020-04-12T16:34:19.661Z,buy,2.6e-05,4.0,0.000104
BNT/BTC,1586709265469,2020-04-12T16:34:25.469Z,sell,2.597e-05,857.0,0.02225629
BNT/BTC,1586709265475,2020-04-12T16:34:25.475Z,sell,2.596e-05,329.0,0.00854084
BNT/BTC,1586709265475,2020-04-12T16:34:25.475Z,sell,2.596e-05,7.0,0.00018172
BNT/BTC,1586709266696,2020-04-12T16:34:26.696Z,sell,2.597e-05,200.0,0.005194
BNT/BTC,1586709267767,2020-04-12T16:34:27.767Z,buy,2.599e-05,5.0,0.00012995
BNT/BTC,1586709270812,2020-04-12T16:34:30.812Z,sell,2.598e-05,200.0,0.005196
BNT/BTC,1586709293457,2020-04-12T16:34:53.457Z,sell,2.599e-05,16.0,0.00041584
BNT/BTC,1586709306276,2020-04-12T16:35:06.276Z,sell,2.599e-05,41.0,0.00106559
BNT/BTC,1586709306303,2020-04-12T16:35:06.303Z,sell,2.598e-05,857.0,0.0222648599999999
BNT/BTC,1586709306303,2020-04-12T16:35:06.303Z,sell,2.597e-05,205.0,0.00532385
BNT/BTC,1586709306315,2020-04-12T16:35:06.315Z,sell,2.597e-05,857.0,0.02225629
BNT/BTC,1586709309481,2020-04-12T16:35:09.481Z,sell,2.596e-05,5654.0,0.14677784
BNT/BTC,1586709332338,2020-04-12T16:35:32.338Z,sell,2.597e-05,13.0,0.00033761
BNT/BTC,1586709343744,2020-04-12T16:35:43.744Z,sell,2.597e-05,4.0,0.00010388
BNT/BTC,1586709401100,2020-04-12T16:36:41.100Z,buy,2.6e-05,8.0,0.000208
BNT/BTC,1586709420043,2020-04-12T16:37:00.043Z,buy,2.599e-05,90.0,0.0023391
BNT/BTC,1586709502457,2020-04-12T16:38:22.457Z,buy,2.6e-05,115.0,0.0029899999999999
BNT/BTC,1586709617906,2020-04-12T16:40:17.906Z,buy,2.599e-05,21.0,0.00054579
BNT/BTC,1586709617906,2020-04-12T16:40:17.906Z,buy,2.6e-05,176.0,0.0045759999999999
BNT/BTC,1586709624444,2020-04-12T16:40:24.444Z,buy,2.6e-05,18.0,0.000468
BNT/BTC,1586709673269,2020-04-12T16:41:13.269Z,sell,2.597e-05,17.0,0.00044149
BNT/BTC,1586709800572,2020-04-12T16:43:20.572Z,buy,2.6e-05,115.0,0.0029899999999999
BNT/BTC,1586709897359,2020-04-12T16:44:57.359Z,sell,2.597e-05,5.0,0.00012985
BNT/BTC,1586709925057,2020-04-12T16:45:25.057Z,buy,2.6e-05,196.0,0.005096
BNT/BTC,1586710101104,2020-04-12T16:48:21.104Z,buy,2.6e-05,32.0,0.000832
BNT/BTC,1586710215380,2020-04-12T16:50:15.380Z,sell,2.597e-05,206.0,0.00534982
BNT/BTC,1586710275026,2020-04-12T16:51:15.026Z,buy,2.6e-05,76.0,0.001976
BNT/BTC,1586710635979,2020-04-12T16:57:15.979Z,sell,2.598e-05,8.0,0.00020784
BNT/BTC,1586710635979,2020-04-12T16:57:15.979Z,sell,2.597e-05,4.0,0.00010388
BNT/BTC,1586710635979,2020-04-12T16:57:15.979Z,sell,2.596e-05,1056.0,0.02741376
BNT/BTC,1586710635993,2020-04-12T16:57:15.993Z,sell,2.596e-05,547.0,0.01420012
BNT/BTC,1586710635993,2020-04-12T16:57:15.993Z,sell,2.596e-05,547.0,0.01420012
BNT/BTC,1586710801026,2020-04-12T17:00:01.026Z,sell,2.596e-05,59.0,0.00153164
BNT/BTC,1586710803138,2020-04-12T17:00:03.138Z,sell,2.596e-05,90.0,0.0023363999999999
BNT/BTC,1586710804333,2020-04-12T17:00:04.333Z,sell,2.596e-05,139.0,0.0036084399999999
BNT/BTC,1586710804338,2020-04-12T17:00:04.338Z,sell,2.596e-05,33.0,0.00085668
BNT/BTC,1586710804349,2020-04-12T17:00:04.349Z,sell,2.594e-05,59.0,0.00153046
BNT/BTC,1586710804349,2020-04-12T17:00:04.349Z,sell,2.594e-05,6.0,0.00015564
BNT/BTC,1586710804610,2020-04-12T17:00:04.610Z,buy,2.59e-05,120.0,0.003108
BNT/BTC,1586710804610,2020-04-12T17:00:04.610Z,sell,2.589e-05,66.0,0.00170874
BNT/BTC,1586710804610,2020-04-12T17:00:04.610Z,sell,2.587e-05,1038.0,0.02685306
BNT/BTC,1586710804619,2020-04-12T17:00:04.619Z,buy,2.587e-05,1648.0,0.04263376
BNT/BTC,1586710805559,2020-04-12T17:00:05.559Z,buy,2.594e-05,23.0,0.00059662
BNT/BTC,1586710806689,2020-04-12T17:00:06.689Z,buy,2.595e-05,24.0,0.0006228
BNT/BTC,1586710806689,2020-04-12T17:00:06.689Z,buy,2.596e-05,164.0,0.0042574399999999
BNT/BTC,1586710806689,2020-04-12T17:00:06.689Z,buy,2.6e-05,23.0,0.000598
BNT/BTC,1586710807199,2020-04-12T17:00:07.199Z,buy,2.6e-05,108.0,0.0028079999999999
BNT/BTC,1586711071103,2020-04-12T17:04:31.103Z,buy,2.6e-05,9.0,0.000234
BNT/BTC,1586711071103,2020-04-12T17:04:31.103Z,buy,2.607e-05,3.0,7.821e-05
BNT/BTC,1586711085236,2020-04-12T17:04:45.236Z,buy,2.611e-05,45.0,0.00117495
BNT/BTC,1586711267594,2020-04-12T17:07:47.594Z,sell,2.596e-05,4.0,0.00010384
BNT/BTC,1586711267594,2020-04-12T17:07:47.594Z,sell,2.591e-05,103.0,0.00266873
BNT/BTC,1586711474377,2020-04-12T17:11:14.377Z,sell,2.591e-05,19.0,0.00049229
BNT/BTC,1586711572737,2020-04-12T17:12:52.737Z,sell,2.593e-05,1897.0,0.04918921
BNT/BTC,1586712104876,2020-04-12T17:21:44.876Z,sell,2.593e-05,464.0,0.01203152
BNT/BTC,1586712104878,2020-04-12T17:21:44.878Z,sell,2.591e-05,4.0,0.00010364
BNT/BTC,1586712104878,2020-04-12T17:21:44.878Z,sell,2.59e-05,120.0,0.003108
BNT/BTC,1586712104886,2020-04-12T17:21:44.886Z,sell,2.59e-05,13.0,0.0003367
BNT/BTC,1586712104886,2020-04-12T17:21:44.886Z,sell,2.588e-05,48.0,0.00124224
BNT/BTC,1586712104886,2020-04-12T17:21:44.886Z,sell,2.587e-05,141.0,0.00364767
BNT/BTC,1586712110046,2020-04-12T17:21:50.046Z,buy,2.605e-05,188.0,0.0048974
BNT/BTC,1586712110099,2020-04-12T17:21:50.099Z,sell,2.605e-05,196.0,0.0051058
BNT/BTC,1586712132283,2020-04-12T17:22:12.283Z,buy,2.605e-05,7102.0,0.1850071
BNT/BTC,1586712135512,2020-04-12T17:22:15.512Z,buy,2.608e-05,4506.0,0.11751648
BNT/BTC,1586712138716,2020-04-12T17:22:18.716Z,buy,2.609e-05,815.0,0.02126335
BNT/BTC,1586712238801,2020-04-12T17:23:58.801Z,sell,2.605e-05,3842.0,0.1000841
BNT/BTC,1586712423512,2020-04-12T17:27:03.512Z,sell,2.605e-05,17.0,0.00044285
BNT/BTC,1586712609748,2020-04-12T17:30:09.748Z,buy,2.615e-05,1.0,2.615e-05
BNT/BTC,1586712648914,2020-04-12T17:30:48.914Z,buy,2.612e-05,1.0,2.612e-05
BNT/BTC,1586713026802,2020-04-12T17:37:06.802Z,sell,2.596e-05,54.0,0.00140184
BNT/BTC,1586713026802,2020-04-12T17:37:06.802Z,sell,2.595e-05,163.0,0.00422985
BNT/BTC,1586713040722,2020-04-12T17:37:20.722Z,sell,2.595e-05,23.0,0.00059685
BNT/BTC,1586713053638,2020-04-12T17:37:33.638Z,sell,2.59e-05,40.0,0.001036
BNT/BTC,1586713208601,2020-04-12T17:40:08.601Z,buy,2.607e-05,19.0,0.00049533
BNT/BTC,1586713208703,2020-04-12T17:40:08.703Z,buy,2.61e-05,94.0,0.0024534
BNT/BTC,1586713208797,2020-04-12T17:40:08.797Z,buy,2.611e-05,778.0,0.0203135799999999
BNT/BTC,1586713405891,2020-04-12T17:43:25.891Z,buy,2.615e-05,144.0,0.0037656
BNT/BTC,1586713405942,2020-04-12T17:43:25.942Z,buy,2.615e-05,164.0,0.0042886
BNT/BTC,1586713405976,2020-04-12T17:43:25.976Z,buy,2.615e-05,18.0,0.0004707
BNT/BTC,1586713577151,2020-04-12T17:46:17.151Z,buy,2.611e-05,16.0,0.00041776
BNT/BTC,1586713577151,2020-04-12T17:46:17.151Z,buy,2.612e-05,3.0,7.836e-05
BNT/BTC,1586713750209,2020-04-12T17:49:10.209Z,buy,2.612e-05,1.0,2.612e-05
BNT/BTC,1586714159851,2020-04-12T17:55:59.851Z,sell,2.598e-05,11.0,0.0002857799999999
BNT/BTC,1586714159851,2020-04-12T17:55:59.851Z,sell,2.598e-05,11.0,0.0002857799999999
BNT/BTC,1586714333923,2020-04-12T17:58:53.923Z,buy,2.6e-05,1.0,2.6e-05
BNT/BTC,1586714473254,2020-04-12T18:01:13.254Z,sell,2.587e-05,19.0,0.00049153
BNT/BTC,1586714715810,2020-04-12T18:05:15.810Z,buy,2.595e-05,40.0,0.001038
BNT/BTC,1586715498868,2020-04-12T18:18:18.868Z,sell,2.59e-05,465.0,0.0120435
BNT/BTC,1586715698419,2020-04-12T18:21:38.419Z,sell,2.589e-05,18.0,0.00046602
BNT/BTC,1586715777279,2020-04-12T18:22:57.279Z,buy,2.602e-05,1.0,2.602e-05
BNT/BTC,1586715784372,2020-04-12T18:23:04.372Z,buy,2.593e-05,1.0,2.593e-05
BNT/BTC,1586715836000,2020-04-12T18:23:56.000Z,sell,2.589e-05,4.0,0.00010356
BNT/BTC,1586715840710,2020-04-12T18:24:00.710Z,sell,2.587e-05,24.0,0.00062088
BNT/BTC,1586715873709,2020-04-12T18:24:33.709Z,buy,2.603e-05,19.0,0.00049457
BNT/BTC,1586715925414,2020-04-12T18:25:25.414Z,buy,2.603e-05,15.0,0.00039045
BNT/BTC,1586715925696,2020-04-12T18:25:25.696Z,buy,2.603e-05,163.0,0.00424289
BNT/BTC,1586715970546,2020-04-12T18:26:10.546Z,sell,2.603e-05,163.0,0.00424289
BNT/BTC,1586715979484,2020-04-12T18:26:19.484Z,buy,2.602e-05,163.0,0.00424126
BNT/BTC,1586715998714,2020-04-12T18:26:38.714Z,buy,2.604e-05,182.0,0.00473928
BNT/BTC,1586715998714,2020-04-12T18:26:38.714Z,buy,2.606e-05,216.0,0.00562896
BNT/BTC,1586715999364,2020-04-12T18:26:39.364Z,buy,2.606e-05,19.0,0.00049514
BNT/BTC,1586716253812,2020-04-12T18:30:53.812Z,buy,2.605e-05,23.0,0.00059915
BNT/BTC,1586716253812,2020-04-12T18:30:53.812Z,buy,2.606e-05,32.0,0.00083392
BNT/BTC,1586716253812,2020-04-12T18:30:53.812Z,buy,2.607e-05,945.0,0.02463615
BNT/BTC,1586716269720,2020-04-12T18:31:09.720Z,buy,2.607e-05,55.0,0.00143385
BNT/BTC,1586717378809,2020-04-12T18:49:38.809Z,sell,2.59e-05,43.0,0.0011137
BNT/BTC,1586717378809,2020-04-12T18:49:38.809Z,sell,2.587e-05,3.0,7.761000000000001e-05
BNT/BTC,1586717378809,2020-04-12T18:49:38.809Z,sell,2.586e-05,256.0,0.00662016
BNT/BTC,1586717661309,2020-04-12T18:54:21.309Z,sell,2.586e-05,4.0,0.00010344
BNT/BTC,1586717661748,2020-04-12T18:54:21.748Z,sell,2.585e-05,19.0,0.00049115
BNT/BTC,1586717662070,2020-04-12T18:54:22.070Z,sell,2.585e-05,19.0,0.00049115
BNT/BTC,1586717662070,2020-04-12T18:54:22.070Z,sell,2.585e-05,19.0,0.00049115
BNT/BTC,1586717973181,2020-04-12T18:59:33.181Z,buy,2.594e-05,1.0,2.594e-05
BNT/BTC,1586717973181,2020-04-12T18:59:33.181Z,sell,2.585e-05,654.0,0.0169059
BNT/BTC,1586717973183,2020-04-12T18:59:33.183Z,sell,2.585e-05,440.0,0.011374
BNT/BTC,1586718484239,2020-04-12T19:08:04.239Z,sell,2.587e-05,1234.0,0.03192358
BNT/BTC,1586718484239,2020-04-12T19:08:04.239Z,sell,2.586e-05,2240.0,0.0579264
BNT/BTC,1586718503950,2020-04-12T19:08:23.950Z,sell,2.585e-05,72.0,0.0018612
BNT/BTC,1586718515496,2020-04-12T19:08:35.496Z,sell,2.586e-05,57.0,0.00147402
BNT/BTC,1586719374129,2020-04-12T19:22:54.129Z,buy,2.591e-05,38.0,0.00098458
BNT/BTC,1586719374129,2020-04-12T19:22:54.129Z,buy,2.597e-05,22.0,0.00057134
BNT/BTC,1586720099269,2020-04-12T19:34:59.269Z,buy,2.596e-05,9.0,0.00023364
BNT/BTC,1586720099269,2020-04-12T19:34:59.269Z,buy,2.597e-05,4.0,0.00010388
BNT/BTC,1586720099269,2020-04-12T19:34:59.269Z,buy,2.598e-05,27.0,0.00070146
BNT/BTC,1586720241548,2020-04-12T19:37:21.548Z,sell,2.589e-05,40.0,0.0010356
BNT/BTC,1586720241548,2020-04-12T19:37:21.548Z,sell,2.588e-05,16.0,0.00041408
BNT/BTC,1586720241548,2020-04-12T19:37:21.548Z,sell,2.586e-05,97.0,0.00250842
BNT/BTC,1586720415625,2020-04-12T19:40:15.625Z,buy,2.594e-05,5.0,0.0001297
BNT/BTC,1586720415625,2020-04-12T19:40:15.625Z,buy,2.597e-05,6.0,0.00015582
BNT/BTC,1586720415625,2020-04-12T19:40:15.625Z,buy,2.598e-05,34.0,0.0008833199999999
BNT/BTC,1586720415625,2020-04-12T19:40:15.625Z,buy,2.6e-05,35.0,0.0009099999999999
BNT/BTC,1586720415625,2020-04-12T19:40:15.625Z,buy,2.594e-05,5.0,0.0001297
BNT/BTC,1586720415625,2020-04-12T19:40:15.625Z,buy,2.597e-05,6.0,0.00015582
BNT/BTC,1586720415625,2020-04-12T19:40:15.625Z,buy,2.598e-05,34.0,0.0008833199999999
BNT/BTC,1586720415625,2020-04-12T19:40:15.625Z,buy,2.6e-05,35.0,0.0009099999999999
BNT/BTC,1586722229408,2020-04-12T20:10:29.408Z,sell,2.59e-05,9.0,0.0002331
BNT/BTC,1586722390326,2020-04-12T20:13:10.326Z,buy,2.598e-05,19.0,0.00049362
BNT/BTC,1586722469779,2020-04-12T20:14:29.779Z,buy,2.598e-05,16.0,0.00041568
BNT/BTC,1586722469779,2020-04-12T20:14:29.779Z,buy,2.6e-05,126.0,0.003276
BNT/BTC,1586722959077,2020-04-12T20:22:39.077Z,buy,2.597e-05,1.0,2.597e-05
BNT/BTC,1586723162177,2020-04-12T20:26:02.177Z,buy,2.598e-05,22.0,0.0005715599999999
BNT/BTC,1586723162178,2020-04-12T20:26:02.178Z,buy,2.6e-05,139.0,0.0036139999999999
BNT/BTC,1586723162178,2020-04-12T20:26:02.178Z,buy,2.602e-05,25.0,0.0006505
BNT/BTC,1586723162178,2020-04-12T20:26:02.178Z,buy,2.603e-05,1431.0,0.03724893
BNT/BTC,1586723165934,2020-04-12T20:26:05.934Z,buy,2.611e-05,38.0,0.00099218
BNT/BTC,1586723168483,2020-04-12T20:26:08.483Z,buy,2.611e-05,74.0,0.00193214
BNT/BTC,1586723172886,2020-04-12T20:26:12.886Z,buy,2.611e-05,38.0,0.00099218
BNT/BTC,1586723177216,2020-04-12T20:26:17.216Z,buy,2.611e-05,38.0,0.00099218
BNT/BTC,1586723215936,2020-04-12T20:26:55.936Z,sell,2.596e-05,253.0,0.00656788
BNT/BTC,1586723408787,2020-04-12T20:30:08.787Z,buy,2.611e-05,23.0,0.0006005299999999
BNT/BTC,1586723692524,2020-04-12T20:34:52.524Z,buy,2.611e-05,14.0,0.00036554
BNT/BTC,1586723984814,2020-04-12T20:39:44.814Z,sell,2.596e-05,136.0,0.00353056
BNT/BTC,1586723984814,2020-04-12T20:39:44.814Z,sell,2.595e-05,857.0,0.02223915
BNT/BTC,1586723984814,2020-04-12T20:39:44.814Z,sell,2.594e-05,1007.0,0.02612158
BNT/BTC,1586723984814,2020-04-12T20:39:44.814Z,sell,2.592e-05,69.0,0.0017884799999999
BNT/BTC,1586724015444,2020-04-12T20:40:15.444Z,sell,2.591e-05,847.0,0.02194577
BNT/BTC,1586724015444,2020-04-12T20:40:15.444Z,sell,2.591e-05,847.0,0.02194577
BNT/BTC,1586724034998,2020-04-12T20:40:34.998Z,sell,2.592e-05,275.0,0.007128
BNT/BTC,1586724131568,2020-04-12T20:42:11.568Z,buy,2.594e-05,6.0,0.00015564
BNT/BTC,1586724551155,2020-04-12T20:49:11.155Z,sell,2.591e-05,1457.0,0.03775087
BNT/BTC,1586724679443,2020-04-12T20:51:19.443Z,buy,2.6e-05,54.0,0.0014039999999999
BNT/BTC,1586724680295,2020-04-12T20:51:20.295Z,buy,2.6e-05,270.0,0.0070199999999999
BNT/BTC,1586724690772,2020-04-12T20:51:30.772Z,buy,2.603e-05,37.0,0.00096311
BNT/BTC,1586724804643,2020-04-12T20:53:24.643Z,buy,2.603e-05,1.0,2.603e-05
BNT/BTC,1586725087921,2020-04-12T20:58:07.921Z,sell,2.595e-05,755.0,0.01959225
BNT/BTC,1586725169337,2020-04-12T20:59:29.337Z,sell,2.594e-05,15.0,0.0003890999999999
BNT/BTC,1586725530999,2020-04-12T21:05:30.999Z,buy,2.601e-05,41.0,0.00106641
BNT/BTC,1586725530999,2020-04-12T21:05:30.999Z,buy,2.605e-05,39.0,0.00101595
BNT/BTC,1586725530999,2020-04-12T21:05:30.999Z,buy,2.606e-05,20.0,0.0005212
BNT/BTC,1586726257001,2020-04-12T21:17:37.001Z,buy,2.6e-05,25.0,0.00065
BNT/BTC,1586726257001,2020-04-12T21:17:37.001Z,buy,2.606e-05,4.0,0.00010424
BNT/BTC,1586726257001,2020-04-12T21:17:37.001Z,buy,2.607e-05,1878.0,0.0489594599999999
BNT/BTC,1586726257001,2020-04-12T21:17:37.001Z,buy,2.613e-05,16.0,0.00041808
BNT/BTC,1586726467968,2020-04-12T21:21:07.968Z,sell,2.597e-05,47.0,0.00122059
BNT/BTC,1586726467968,2020-04-12T21:21:07.968Z,sell,2.596e-05,89.0,0.00231044
BNT/BTC,1586726705990,2020-04-12T21:25:05.990Z,sell,2.597e-05,31.0,0.00080507
BNT/BTC,1586726705990,2020-04-12T21:25:05.990Z,sell,2.596e-05,6.0,0.0001557599999999
BNT/BTC,1586727573865,2020-04-12T21:39:33.865Z,buy,2.607e-05,27.0,0.00070389
BNT/BTC,1586727573865,2020-04-12T21:39:33.865Z,buy,2.608e-05,742.0,0.01935136
BNT/BTC,1586727573865,2020-04-12T21:39:33.865Z,buy,2.607e-05,27.0,0.00070389
BNT/BTC,1586727573865,2020-04-12T21:39:33.865Z,buy,2.608e-05,742.0,0.01935136
BNT/BTC,1586728243025,2020-04-12T21:50:43.025Z,sell,2.597e-05,21.0,0.00054537
BNT/BTC,1586728268614,2020-04-12T21:51:08.614Z,buy,2.597e-05,4.0,0.00010388
BNT/BTC,1586728330192,2020-04-12T21:52:10.192Z,sell,2.596e-05,15.0,0.0003894
BNT/BTC,1586728346776,2020-04-12T21:52:26.776Z,buy,2.596e-05,11.0,0.0002855599999999
BNT/BTC,1586728445697,2020-04-12T21:54:05.697Z,sell,2.594e-05,300.0,0.007782
BNT/BTC,1586728482894,2020-04-12T21:54:42.894Z,sell,2.589e-05,5185.0,0.13423965
BNT/BTC,1586728483324,2020-04-12T21:54:43.324Z,buy,2.6e-05,300.0,0.0078
BNT/BTC,1586728483324,2020-04-12T21:54:43.324Z,buy,2.601e-05,107.0,0.00278307
BNT/BTC,1586729100581,2020-04-12T22:05:00.581Z,buy,2.606e-05,1.0,2.606e-05
BNT/BTC,1586729471543,2020-04-12T22:11:11.543Z,sell,2.596e-05,13.0,0.00033748
BNT/BTC,1586729471543,2020-04-12T22:11:11.543Z,sell,2.595e-05,857.0,0.02223915
BNT/BTC,1586729471543,2020-04-12T22:11:11.543Z,sell,2.594e-05,1061.0,0.02752234
BNT/BTC,1586729502769,2020-04-12T22:11:42.769Z,sell,2.593e-05,9.0,0.00023337
BNT/BTC,1586729502769,2020-04-12T22:11:42.769Z,sell,2.592e-05,1292.0,0.03348864
BNT/BTC,1586729502769,2020-04-12T22:11:42.769Z,sell,2.591e-05,435.0,0.01127085
BNT/BTC,1586729502769,2020-04-12T22:11:42.769Z,sell,2.59e-05,5543.0,0.1435637
BNT/BTC,1586729771788,2020-04-12T22:16:11.788Z,buy,2.604e-05,32.0,0.00083328
BNT/BTC,1586729771788,2020-04-12T22:16:11.788Z,buy,2.605e-05,28.0,0.0007294
BNT/BTC,1586729797658,2020-04-12T22:16:37.658Z,sell,2.594e-05,322.0,0.00835268
BNT/BTC,1586729817519,2020-04-12T22:16:57.519Z,buy,2.605e-05,1.0,2.605e-05
BNT/BTC,1586729981865,2020-04-12T22:19:41.865Z,buy,2.606e-05,205.0,0.0053423
BNT/BTC,1586729981924,2020-04-12T22:19:41.924Z,buy,2.606e-05,183.0,0.00476898
BNT/BTC,1586729982156,2020-04-12T22:19:42.156Z,buy,2.606e-05,2030.0,0.0529018
BNT/BTC,1586729982262,2020-04-12T22:19:42.262Z,buy,2.606e-05,117.0,0.00304902
BNT/BTC,1586730033605,2020-04-12T22:20:33.605Z,buy,2.606e-05,12.0,0.00031272
BNT/BTC,1586730042112,2020-04-12T22:20:42.112Z,sell,2.599e-05,8.0,0.00020792
BNT/BTC,1586730046684,2020-04-12T22:20:46.684Z,sell,2.596e-05,55.0,0.0014278
BNT/BTC,1586730046684,2020-04-12T22:20:46.684Z,sell,2.595e-05,15.0,0.00038925
BNT/BTC,1586730062863,2020-04-12T22:21:02.863Z,sell,2.588e-05,857.0,0.02217916
BNT/BTC,1586730062863,2020-04-12T22:21:02.863Z,sell,2.587e-05,8538.0,0.22087806
BNT/BTC,1586730062863,2020-04-12T22:21:02.863Z,sell,2.586e-05,349.0,0.00902514
BNT/BTC,1586730171514,2020-04-12T22:22:51.514Z,buy,2.605e-05,275.0,0.00716375
BNT/BTC,1586730279479,2020-04-12T22:24:39.479Z,buy,2.605e-05,15.0,0.00039075
BNT/BTC,1586730284220,2020-04-12T22:24:44.220Z,sell,2.592e-05,4.0,0.00010368
BNT/BTC,1586730286407,2020-04-12T22:24:46.407Z,buy,2.605e-05,1.0,2.605e-05
BNT/BTC,1586730312533,2020-04-12T22:25:12.533Z,sell,2.592e-05,5.0,0.0001296
BNT/BTC,1586730508166,2020-04-12T22:28:28.166Z,buy,2.603e-05,198.0,0.00515394
BNT/BTC,1586730768359,2020-04-12T22:32:48.359Z,sell,2.594e-05,7.0,0.0001815799999999
BNT/BTC,1586730783807,2020-04-12T22:33:03.807Z,sell,2.589e-05,292.0,0.00755988
BNT/BTC,1586730783807,2020-04-12T22:33:03.807Z,sell,2.588e-05,6201.0,0.16048188
BNT/BTC,1586730783807,2020-04-12T22:33:03.807Z,sell,2.586e-05,1148.0,0.02968728
BNT/BTC,1586730783807,2020-04-12T22:33:03.807Z,sell,2.585e-05,502.0,0.0129767
BNT/BTC,1586730785530,2020-04-12T22:33:05.530Z,buy,2.601e-05,19.0,0.00049419
BNT/BTC,1586730905039,2020-04-12T22:35:05.039Z,buy,2.601e-05,1.0,2.601e-05
BNT/BTC,1586730921929,2020-04-12T22:35:21.929Z,buy,2.601e-05,139.0,0.00361539
BNT/BTC,1586730921930,2020-04-12T22:35:21.930Z,buy,2.601e-05,632.0,0.01643832
BNT/BTC,1586730921937,2020-04-12T22:35:21.937Z,buy,2.601e-05,355.0,0.00923355
BNT/BTC,1586730921953,2020-04-12T22:35:21.953Z,buy,2.601e-05,60.0,0.0015606
BNT/BTC,1586731104589,2020-04-12T22:38:24.589Z,buy,2.603e-05,736.0,0.01915808
BNT/BTC,1586731104589,2020-04-12T22:38:24.589Z,buy,2.603e-05,736.0,0.01915808
BNT/BTC,1586731331539,2020-04-12T22:42:11.539Z,buy,2.604e-05,1.0,2.604e-05
BNT/BTC,1586731514750,2020-04-12T22:45:14.750Z,buy,2.604e-05,1000.0,0.02604
BNT/BTC,1586731688307,2020-04-12T22:48:08.307Z,sell,2.595e-05,850.0,0.0220575
BNT/BTC,1586731849253,2020-04-12T22:50:49.253Z,sell,2.595e-05,857.0,0.02223915
BNT/BTC,1586731849253,2020-04-12T22:50:49.253Z,sell,2.594e-05,918.0,0.0238129199999999
BNT/BTC,1586731880318,2020-04-12T22:51:20.318Z,sell,2.593e-05,220.0,0.0057046
BNT/BTC,1586731880318,2020-04-12T22:51:20.318Z,sell,2.591e-05,220.0,0.0057002
BNT/BTC,1586731880318,2020-04-12T22:51:20.318Z,sell,2.589e-05,389.0,0.01007121
BNT/BTC,1586732005713,2020-04-12T22:53:25.713Z,buy,2.6e-05,1.0,2.6e-05
BNT/BTC,1586732915557,2020-04-12T23:08:35.557Z,buy,2.598e-05,1.0,2.598e-05
BNT/BTC,1586733031180,2020-04-12T23:10:31.180Z,buy,2.598e-05,12.0,0.00031176
BNT/BTC,1586733124760,2020-04-12T23:12:04.760Z,sell,2.586e-05,9.0,0.00023274
BNT/BTC,1586733521365,2020-04-12T23:18:41.365Z,buy,2.598e-05,1.0,2.598e-05
BNT/BTC,1586733548909,2020-04-12T23:19:08.909Z,buy,2.598e-05,6.0,0.00015588
BNT/BTC,1586733560551,2020-04-12T23:19:20.551Z,sell,2.591e-05,6.0,0.00015546
BNT/BTC,1586734053643,2020-04-12T23:27:33.643Z,buy,2.6e-05,69.0,0.0017939999999999
BNT/BTC,1586734053643,2020-04-12T23:27:33.643Z,buy,2.604e-05,116.0,0.00302064
BNT/BTC,1586734053643,2020-04-12T23:27:33.643Z,buy,2.605e-05,1474.0,0.0383977
BNT/BTC,1586734053643,2020-04-12T23:27:33.643Z,buy,2.606e-05,1783.0,0.04646498
BNT/BTC,1586734062136,2020-04-12T23:27:42.136Z,sell,2.595e-05,742.0,0.0192549
BNT/BTC,1586734066315,2020-04-12T23:27:46.315Z,buy,2.609e-05,1.0,2.609e-05
BNT/BTC,1586734067601,2020-04-12T23:27:47.601Z,sell,2.593e-05,5.0,0.00012965
BNT/BTC,1586734113025,2020-04-12T23:28:33.025Z,buy,2.603e-05,60.0,0.0015618
BNT/BTC,1586734113025,2020-04-12T23:28:33.025Z,buy,2.604e-05,2753.0,0.07168812
BNT/BTC,1586734125372,2020-04-12T23:28:45.372Z,sell,2.596e-05,35.0,0.0009086
BNT/BTC,1586734125372,2020-04-12T23:28:45.372Z,sell,2.595e-05,633.0,0.01642635
BNT/BTC,1586734170420,2020-04-12T23:29:30.420Z,buy,2.608e-05,42.0,0.00109536
BNT/BTC,1586734170420,2020-04-12T23:29:30.420Z,buy,2.611e-05,211.0,0.00550921
BNT/BTC,1586734173809,2020-04-12T23:29:33.809Z,buy,2.611e-05,19.0,0.00049609
BNT/BTC,1586734209211,2020-04-12T23:30:09.211Z,sell,2.611e-05,365.0,0.00953015
BNT/BTC,1586734273156,2020-04-12T23:31:13.156Z,sell,2.611e-05,100.0,0.002611
BNT/BTC,1586734289158,2020-04-12T23:31:29.158Z,buy,2.611e-05,5.0,0.00013055
BNT/BTC,1586734316772,2020-04-12T23:31:56.772Z,buy,2.611e-05,7.0,0.00018277
BNT/BTC,1586734322329,2020-04-12T23:32:02.329Z,buy,2.612e-05,406.0,0.01060472
BNT/BTC,1586734327420,2020-04-12T23:32:07.420Z,buy,2.613e-05,5.0,0.00013065
BNT/BTC,1586734335219,2020-04-12T23:32:15.219Z,buy,2.614e-05,3288.0,0.08594832
BNT/BTC,1586734341101,2020-04-12T23:32:21.101Z,buy,2.616e-05,8.0,0.00020928
BNT/BTC,1586734348087,2020-04-12T23:32:28.087Z,buy,2.617e-05,1142.0,0.02988614
BNT/BTC,1586734353263,2020-04-12T23:32:33.263Z,buy,2.62e-05,6.0,0.0001572
BNT/BTC,1586734359142,2020-04-12T23:32:39.142Z,sell,2.622e-05,355.0,0.0093081
BNT/BTC,1586734359145,2020-04-12T23:32:39.145Z,sell,2.622e-05,13.0,0.00034086
BNT/BTC,1586734359146,2020-04-12T23:32:39.146Z,sell,2.622e-05,132.0,0.00346104
BNT/BTC,1586734361305,2020-04-12T23:32:41.305Z,sell,2.608e-05,602.0,0.01570016
BNT/BTC,1586734363906,2020-04-12T23:32:43.906Z,buy,2.622e-05,20.0,0.0005244
BNT/BTC,1586734369640,2020-04-12T23:32:49.640Z,buy,2.621e-05,25.0,0.00065525
BNT/BTC,1586734374688,2020-04-12T23:32:54.688Z,buy,2.622e-05,32.0,0.00083904
BNT/BTC,1586734383123,2020-04-12T23:33:03.123Z,buy,2.621e-05,16.0,0.00041936
BNT/BTC,1586734383215,2020-04-12T23:33:03.215Z,sell,2.622e-05,3100.0,0.081282
BNT/BTC,1586734403253,2020-04-12T23:33:23.253Z,sell,2.621e-05,5.0,0.00013105
BNT/BTC,1586734404141,2020-04-12T23:33:24.141Z,buy,2.623e-05,52.0,0.00136396
BNT/BTC,1586734409276,2020-04-12T23:33:29.276Z,sell,2.61e-05,197.0,0.0051417
BNT/BTC,1586734413201,2020-04-12T23:33:33.201Z,sell,2.61e-05,196.0,0.0051156
BNT/BTC,1586734431365,2020-04-12T23:33:51.365Z,sell,2.611e-05,312.0,0.00814632
BNT/BTC,1586734431365,2020-04-12T23:33:51.365Z,sell,2.61e-05,230.0,0.006003
BNT/BTC,1586734431859,2020-04-12T23:33:51.859Z,sell,2.61e-05,159.0,0.0041499
BNT/BTC,1586734534281,2020-04-12T23:35:34.281Z,sell,2.621e-05,21.0,0.00055041
BNT/BTC,1586734539869,2020-04-12T23:35:39.869Z,sell,2.611e-05,191.0,0.00498701
BNT/BTC,1586734539869,2020-04-12T23:35:39.869Z,sell,2.61e-05,296.0,0.0077256
BNT/BTC,1586734552997,2020-04-12T23:35:52.997Z,buy,2.622e-05,21.0,0.00055062
BNT/BTC,1586734593038,2020-04-12T23:36:33.038Z,buy,2.621e-05,500.0,0.013105
BNT/BTC,1586734593038,2020-04-12T23:36:33.038Z,buy,2.621e-05,500.0,0.013105
BNT/BTC,1586734962125,2020-04-12T23:42:42.125Z,buy,2.62e-05,17.0,0.0004454
BNT/BTC,1586735271820,2020-04-12T23:47:51.820Z,sell,2.62e-05,34.0,0.0008908
BNT/BTC,1586735331292,2020-04-12T23:48:51.292Z,buy,2.619e-05,5.0,0.00013095
BNT/BTC,1586735419436,2020-04-12T23:50:19.436Z,sell,2.617e-05,5.0,0.0001308499999999
BNT/BTC,1586735424577,2020-04-12T23:50:24.577Z,sell,2.616e-05,20.0,0.0005232
BNT/BTC,1586735456861,2020-04-12T23:50:56.861Z,sell,2.614e-05,12.0,0.00031368
BNT/BTC,1586735464444,2020-04-12T23:51:04.444Z,sell,2.611e-05,288.0,0.00751968
BNT/BTC,1586735655994,2020-04-12T23:54:15.994Z,sell,2.611e-05,17.0,0.0004438699999999
BNT/BTC,1586735655994,2020-04-12T23:54:15.994Z,sell,2.61e-05,953.0,0.0248733
BNT/BTC,1586735828924,2020-04-12T23:57:08.924Z,sell,2.61e-05,334.0,0.0087174
BNT/BTC,1586735828926,2020-04-12T23:57:08.926Z,sell,2.61e-05,711.0,0.0185571
BNT/BTC,1586736081121,2020-04-13T00:01:21.121Z,sell,2.61e-05,5.0,0.0001305
BNT/BTC,1586736087483,2020-04-13T00:01:27.483Z,buy,2.624e-05,5.0,0.0001312
BNT/BTC,1586736115301,2020-04-13T00:01:55.301Z,sell,2.61e-05,6.0,0.0001566
BNT/BTC,1586736132213,2020-04-13T00:02:12.213Z,sell,2.61e-05,873.0,0.0227853
BNT/BTC,1586736165425,2020-04-13T00:02:45.425Z,sell,2.61e-05,786.0,0.0205146
BNT/BTC,1586736192686,2020-04-13T00:03:12.686Z,sell,2.61e-05,704.0,0.0183744
BNT/BTC,1586736220083,2020-04-13T00:03:40.083Z,sell,2.61e-05,631.0,0.0164691
BNT/BTC,1586736245073,2020-04-13T00:04:05.073Z,buy,2.616e-05,8.0,0.00020928
BNT/BTC,1586736245417,2020-04-13T00:04:05.417Z,buy,2.617e-05,57.0,0.00149169
BNT/BTC,1586736265083,2020-04-13T00:04:25.083Z,buy,2.624e-05,169.0,0.00443456
BNT/BTC,1586736276456,2020-04-13T00:04:36.456Z,sell,2.612e-05,373.0,0.00974276
BNT/BTC,1586736276456,2020-04-13T00:04:36.456Z,sell,2.611e-05,191.0,0.00498701
BNT/BTC,1586736289930,2020-04-13T00:04:49.930Z,sell,2.61e-05,182.0,0.0047502
BNT/BTC,1586736364153,2020-04-13T00:06:04.153Z,sell,2.61e-05,84.0,0.0021924
BNT/BTC,1586737679403,2020-04-13T00:27:59.403Z,buy,2.625e-05,354.0,0.0092925
BNT/BTC,1586737700047,2020-04-13T00:28:20.047Z,buy,2.625e-05,1.0,2.625e-05
BNT/BTC,1586737766473,2020-04-13T00:29:26.473Z,buy,2.625e-05,1.0,2.625e-05
BNT/BTC,1586737767243,2020-04-13T00:29:27.243Z,buy,2.625e-05,2.0,5.25e-05
BNT/BTC,1586737767985,2020-04-13T00:29:27.985Z,buy,2.626e-05,19.0,0.00049894
BNT/BTC,1586737767985,2020-04-13T00:29:27.985Z,buy,2.627e-05,307.0,0.00806489
BNT/BTC,1586737767985,2020-04-13T00:29:27.985Z,buy,2.628e-05,26.0,0.00068328
BNT/BTC,1586737767985,2020-04-13T00:29:27.985Z,buy,2.629e-05,50.0,0.0013145
BNT/BTC,1586737768005,2020-04-13T00:29:28.005Z,buy,2.629e-05,83.0,0.00218207
BNT/BTC,1586737768489,2020-04-13T00:29:28.489Z,buy,2.629e-05,810.0,0.0212949
BNT/BTC,1586737769198,2020-04-13T00:29:29.198Z,buy,2.63e-05,89.0,0.0023407
BNT/BTC,1586737769712,2020-04-13T00:29:29.712Z,buy,2.63e-05,89.0,0.0023407
BNT/BTC,1586737772348,2020-04-13T00:29:32.348Z,sell,2.629e-05,8.0,0.00021032
BNT/BTC,1586737772692,2020-04-13T00:29:32.692Z,buy,2.63e-05,186.0,0.0048918
BNT/BTC,1586737777072,2020-04-13T00:29:37.072Z,buy,2.63e-05,186.0,0.0048918
BNT/BTC,1586737777102,2020-04-13T00:29:37.102Z,buy,2.63e-05,166.0,0.0043657999999999
BNT/BTC,1586737778408,2020-04-13T00:29:38.408Z,buy,2.63e-05,85.0,0.0022355
BNT/BTC,1586737786633,2020-04-13T00:29:46.633Z,buy,2.63e-05,76.0,0.0019988
BNT/BTC,1586737786689,2020-04-13T00:29:46.689Z,buy,2.63e-05,119.0,0.0031297
BNT/BTC,1586737787231,2020-04-13T00:29:47.231Z,buy,2.63e-05,76.0,0.0019988
BNT/BTC,1586737789027,2020-04-13T00:29:49.027Z,buy,2.63e-05,76.0,0.0019988
BNT/BTC,1586737794282,2020-04-13T00:29:54.282Z,buy,2.63e-05,60.0,0.001578
BNT/BTC,1586737797639,2020-04-13T00:29:57.639Z,buy,2.631e-05,2068.0,0.05440908
BNT/BTC,1586737803402,2020-04-13T00:30:03.402Z,buy,2.631e-05,17.0,0.00044727
BNT/BTC,1586737803402,2020-04-13T00:30:03.402Z,buy,2.633e-05,919.0,0.02419727
BNT/BTC,1586737803516,2020-04-13T00:30:03.516Z,buy,2.633e-05,5.0,0.00013165
BNT/BTC,1586737803516,2020-04-13T00:30:03.516Z,buy,2.637e-05,411.0,0.01083807
BNT/BTC,1586737803516,2020-04-13T00:30:03.516Z,buy,2.638e-05,517.0,0.01363846
BNT/BTC,1586737804425,2020-04-13T00:30:04.425Z,sell,2.629e-05,81.0,0.00212949
BNT/BTC,1586737822419,2020-04-13T00:30:22.419Z,sell,2.614e-05,288.0,0.00752832
BNT/BTC,1586737822419,2020-04-13T00:30:22.419Z,sell,2.613e-05,8.0,0.00020904
BNT/BTC,1586737822419,2020-04-13T00:30:22.419Z,sell,2.612e-05,76.0,0.00198512
BNT/BTC,1586737822419,2020-04-13T00:30:22.419Z,sell,2.611e-05,260.0,0.0067886
BNT/BTC,1586737822419,2020-04-13T00:30:22.419Z,sell,2.61e-05,356.0,0.0092916
BNT/BTC,1586737829661,2020-04-13T00:30:29.661Z,sell,2.611e-05,180.0,0.0046998
BNT/BTC,1586737829661,2020-04-13T00:30:29.661Z,sell,2.61e-05,6820.0,0.178002
BNT/BTC,1586737829798,2020-04-13T00:30:29.798Z,buy,2.61e-05,188.0,0.0049068
BNT/BTC,1586737829904,2020-04-13T00:30:29.904Z,buy,2.61e-05,188.0,0.0049068
BNT/BTC,1586737829940,2020-04-13T00:30:29.940Z,buy,2.61e-05,508.0,0.0132588
BNT/BTC,1586737830923,2020-04-13T00:30:30.923Z,buy,2.61e-05,584.0,0.0152424
BNT/BTC,1586737835585,2020-04-13T00:30:35.585Z,sell,2.606e-05,151.0,0.00393506
BNT/BTC,1586737835585,2020-04-13T00:30:35.585Z,sell,2.603e-05,49.0,0.00127547
BNT/BTC,1586737848690,2020-04-13T00:30:48.690Z,buy,2.605e-05,39.0,0.00101595
BNT/BTC,1586737848690,2020-04-13T00:30:48.690Z,buy,2.606e-05,16.0,0.00041696
BNT/BTC,1586737848701,2020-04-13T00:30:48.701Z,sell,2.606e-05,85.0,0.0022151
BNT/BTC,1586737848702,2020-04-13T00:30:48.702Z,sell,2.606e-05,88.0,0.00229328
BNT/BTC,1586737848903,2020-04-13T00:30:48.903Z,sell,2.603e-05,27.0,0.00070281
BNT/BTC,1586737848903,2020-04-13T00:30:48.903Z,sell,2.6e-05,4.0,0.000104
BNT/BTC,1586737862833,2020-04-13T00:31:02.833Z,sell,2.594e-05,892.0,0.02313848
BNT/BTC,1586737891095,2020-04-13T00:31:31.095Z,sell,2.593e-05,200.0,0.005186
BNT/BTC,1586737904268,2020-04-13T00:31:44.268Z,sell,2.593e-05,147.0,0.00381171
BNT/BTC,1586737904268,2020-04-13T00:31:44.268Z,sell,2.591e-05,53.0,0.00137323
BNT/BTC,1586737905504,2020-04-13T00:31:45.504Z,sell,2.591e-05,228.0,0.00590748
BNT/BTC,1586737908436,2020-04-13T00:31:48.436Z,sell,2.591e-05,200.0,0.005182
BNT/BTC,1586737909523,2020-04-13T00:31:49.523Z,sell,2.591e-05,200.0,0.005182
BNT/BTC,1586737947552,2020-04-13T00:32:27.552Z,sell,2.592e-05,174.0,0.00451008
BNT/BTC,1586737969888,2020-04-13T00:32:49.888Z,sell,2.592e-05,75.0,0.001944
BNT/BTC,1586737970787,2020-04-13T00:32:50.787Z,sell,2.592e-05,796.0,0.02063232
BNT/BTC,1586737971655,2020-04-13T00:32:51.655Z,sell,2.592e-05,126.0,0.00326592
BNT/BTC,1586738003484,2020-04-13T00:33:23.484Z,sell,2.592e-05,4.0,0.00010368
BNT/BTC,1586738046457,2020-04-13T00:34:06.457Z,buy,2.59e-05,73.0,0.0018907
BNT/BTC,1586738096185,2020-04-13T00:34:56.185Z,sell,2.586e-05,4.0,0.00010344
BNT/BTC,1586738105042,2020-04-13T00:35:05.042Z,sell,2.586e-05,54.0,0.00139644
BNT/BTC,1586738105056,2020-04-13T00:35:05.056Z,sell,2.586e-05,54.0,0.00139644
BNT/BTC,1586738105072,2020-04-13T00:35:05.072Z,sell,2.586e-05,54.0,0.00139644
BNT/BTC,1586738105175,2020-04-13T00:35:05.175Z,sell,2.586e-05,54.0,0.00139644
BNT/BTC,1586738117707,2020-04-13T00:35:17.707Z,buy,2.59e-05,18.0,0.0004662
BNT/BTC,1586738154025,2020-04-13T00:35:54.025Z,buy,2.595e-05,24.0,0.0006228
BNT/BTC,1586738154025,2020-04-13T00:35:54.025Z,buy,2.599e-05,76.0,0.00197524
BNT/BTC,1586738154025,2020-04-13T00:35:54.025Z,buy,2.601e-05,790.0,0.0205479
BNT/BTC,1586738154041,2020-04-13T00:35:54.041Z,buy,2.601e-05,645.0,0.01677645
BNT/BTC,1586738154043,2020-04-13T00:35:54.043Z,buy,2.601e-05,20.0,0.0005202
BNT/BTC,1586738154043,2020-04-13T00:35:54.043Z,buy,2.601e-05,20.0,0.0005202
BNT/BTC,1586738222531,2020-04-13T00:37:02.531Z,sell,2.599e-05,645.0,0.01676355
BNT/BTC,1586738473625,2020-04-13T00:41:13.625Z,sell,2.605e-05,17.0,0.00044285
BNT/BTC,1586738983125,2020-04-13T00:49:43.125Z,sell,2.605e-05,104.0,0.0027092
BNT/BTC,1586739021950,2020-04-13T00:50:21.950Z,sell,2.599e-05,69.0,0.00179331
BNT/BTC,1586739027621,2020-04-13T00:50:27.621Z,buy,2.609e-05,1.0,2.609e-05
BNT/BTC,1586739141264,2020-04-13T00:52:21.264Z,buy,2.603e-05,1.0,2.603e-05
BNT/BTC,1586739148028,2020-04-13T00:52:28.028Z,sell,2.597e-05,18.0,0.00046746
BNT/BTC,1586739160936,2020-04-13T00:52:40.936Z,buy,2.601e-05,1.0,2.601e-05
BNT/BTC,1586739171322,2020-04-13T00:52:51.322Z,sell,2.593e-05,74.0,0.00191882
BNT/BTC,1586739446302,2020-04-13T00:57:26.302Z,sell,2.588e-05,21.0,0.0005434799999999
BNT/BTC,1586739446304,2020-04-13T00:57:26.304Z,sell,2.588e-05,125.0,0.003235
BNT/BTC,1586739446304,2020-04-13T00:57:26.304Z,sell,2.587e-05,21.0,0.00054327
BNT/BTC,1586739446304,2020-04-13T00:57:26.304Z,sell,2.587e-05,188.0,0.00486356
BNT/BTC,1586739446304,2020-04-13T00:57:26.304Z,sell,2.586e-05,857.0,0.02216202
BNT/BTC,1586739446305,2020-04-13T00:57:26.305Z,sell,2.585e-05,1796.0,0.0464266
BNT/BTC,1586739446305,2020-04-13T00:57:26.305Z,sell,2.585e-05,139.0,0.00359315
BNT/BTC,1586739446345,2020-04-13T00:57:26.345Z,buy,2.587e-05,230.0,0.0059501
BNT/BTC,1586739446358,2020-04-13T00:57:26.358Z,buy,2.587e-05,271.0,0.00701077
BNT/BTC,1586739446358,2020-04-13T00:57:26.358Z,buy,2.601e-05,187.0,0.00486387
BNT/BTC,1586739446358,2020-04-13T00:57:26.358Z,buy,2.605e-05,288.0,0.0075024
BNT/BTC,1586739446358,2020-04-13T00:57:26.358Z,buy,2.606e-05,593.0,0.01545358
BNT/BTC,1586739446492,2020-04-13T00:57:26.492Z,buy,2.602e-05,1.0,2.602e-05
BNT/BTC,1586739685867,2020-04-13T01:01:25.867Z,sell,2.588e-05,291.0,0.00753108
BNT/BTC,1586739685867,2020-04-13T01:01:25.867Z,sell,2.586e-05,2375.0,0.0614175
BNT/BTC,1586739685867,2020-04-13T01:01:25.867Z,sell,2.585e-05,1745.0,0.04510825
BNT/BTC,1586739685867,2020-04-13T01:01:25.867Z,sell,2.581e-05,225.0,0.00580725
BNT/BTC,1586739685867,2020-04-13T01:01:25.867Z,sell,2.579e-05,4.0,0.00010316
BNT/BTC,1586739685867,2020-04-13T01:01:25.867Z,sell,2.577e-05,340.0,0.0087618
BNT/BTC,1586739685867,2020-04-13T01:01:25.867Z,sell,2.575e-05,388.0,0.009991
BNT/BTC,1586739685867,2020-04-13T01:01:25.867Z,sell,2.574e-05,103.0,0.00265122
BNT/BTC,1586739685867,2020-04-13T01:01:25.867Z,sell,2.573e-05,247.0,0.0063553099999999
BNT/BTC,1586739685867,2020-04-13T01:01:25.867Z,sell,2.572e-05,9.0,0.00023148
BNT/BTC,1586739685867,2020-04-13T01:01:25.867Z,sell,2.571e-05,344.0,0.00884424
BNT/BTC,1586739685867,2020-04-13T01:01:25.867Z,sell,2.57e-05,140.0,0.003598
BNT/BTC,1586739685867,2020-04-13T01:01:25.867Z,sell,2.569e-05,235.0,0.00603715
BNT/BTC,1586739685867,2020-04-13T01:01:25.867Z,sell,2.568e-05,458.0,0.01176144
BNT/BTC,1586739687649,2020-04-13T01:01:27.649Z,sell,2.572e-05,321.0,0.00825612
BNT/BTC,1586739687649,2020-04-13T01:01:27.649Z,sell,2.571e-05,385.0,0.00989835
BNT/BTC,1586739687649,2020-04-13T01:01:27.649Z,sell,2.569e-05,391.0,0.01004479
BNT/BTC,1586739722250,2020-04-13T01:02:02.250Z,buy,2.578e-05,20.0,0.0005156
BNT/BTC,1586739722924,2020-04-13T01:02:02.924Z,buy,2.579e-05,17.0,0.0004384299999999
BNT/BTC,1586739753901,2020-04-13T01:02:33.901Z,sell,2.579e-05,13.0,0.00033527
BNT/BTC,1586739770412,2020-04-13T01:02:50.412Z,buy,2.591e-05,1.0,2.591e-05
BNT/BTC,1586739918611,2020-04-13T01:05:18.611Z,sell,2.581e-05,90.0,0.0023228999999999
BNT/BTC,1586740197547,2020-04-13T01:09:57.547Z,buy,2.59e-05,385.0,0.0099715
BNT/BTC,1586740197547,2020-04-13T01:09:57.547Z,buy,2.591e-05,642.0,0.01663422
BNT/BTC,1586740197547,2020-04-13T01:09:57.547Z,buy,2.596e-05,154.0,0.00399784
BNT/BTC,1586740197547,2020-04-13T01:09:57.547Z,buy,2.597e-05,1369.0,0.03555293
BNT/BTC,1586740197547,2020-04-13T01:09:57.547Z,buy,2.602e-05,69.0,0.00179538
BNT/BTC,1586740197547,2020-04-13T01:09:57.547Z,buy,2.605e-05,97.0,0.0025268499999999
BNT/BTC,1586740197547,2020-04-13T01:09:57.547Z,buy,2.612e-05,1451.0,0.03790012
BNT/BTC,1586740197547,2020-04-13T01:09:57.547Z,buy,2.613e-05,688.0,0.01797744
BNT/BTC,1586740197547,2020-04-13T01:09:57.547Z,buy,2.614e-05,136.0,0.00355504
BNT/BTC,1586740197547,2020-04-13T01:09:57.547Z,buy,2.617e-05,172.0,0.00450124
BNT/BTC,1586740197547,2020-04-13T01:09:57.547Z,buy,2.619e-05,31.0,0.00081189
BNT/BTC,1586740296566,2020-04-13T01:11:36.566Z,sell,2.593e-05,503.0,0.01304279
BNT/BTC,1586740549869,2020-04-13T01:15:49.869Z,buy,2.61e-05,1.0,2.61e-05
BNT/BTC,1586740563125,2020-04-13T01:16:03.125Z,buy,2.61e-05,1.0,2.61e-05
BNT/BTC,1586740638540,2020-04-13T01:17:18.540Z,buy,2.592e-05,20.0,0.0005184
BNT/BTC,1586740638540,2020-04-13T01:17:18.540Z,buy,2.593e-05,265.0,0.00687145
BNT/BTC,1586741048682,2020-04-13T01:24:08.682Z,buy,2.592e-05,8.0,0.00020736
BNT/BTC,1586741048682,2020-04-13T01:24:08.682Z,buy,2.593e-05,10.0,0.0002593
BNT/BTC,1586741112700,2020-04-13T01:25:12.700Z,sell,2.587e-05,17.0,0.00043979
BNT/BTC,1586741112700,2020-04-13T01:25:12.700Z,sell,2.587e-05,17.0,0.00043979
BNT/BTC,1586742376680,2020-04-13T01:46:16.680Z,buy,2.593e-05,1.0,2.593e-05
BNT/BTC,1586742936646,2020-04-13T01:55:36.646Z,buy,2.592e-05,1.0,2.592e-05
BNT/BTC,1586742987733,2020-04-13T01:56:27.733Z,buy,2.592e-05,7.0,0.00018144
BNT/BTC,1586743174897,2020-04-13T01:59:34.897Z,buy,2.593e-05,2.0,5.186e-05
BNT/BTC,1586743174897,2020-04-13T01:59:34.897Z,buy,2.594e-05,199.0,0.0051620599999999
BNT/BTC,1586743571512,2020-04-13T02:06:11.512Z,buy,2.61e-05,1.0,2.61e-05
BNT/BTC,1586743628280,2020-04-13T02:07:08.280Z,buy,2.61e-05,1.0,2.61e-05
BNT/BTC,1586743763928,2020-04-13T02:09:23.928Z,buy,2.61e-05,1.0,2.61e-05
BNT/BTC,1586743931262,2020-04-13T02:12:11.262Z,buy,2.61e-05,12.0,0.0003132
BNT/BTC,1586744207168,2020-04-13T02:16:47.168Z,sell,2.599e-05,16.0,0.00041584
BNT/BTC,1586744208261,2020-04-13T02:16:48.261Z,sell,2.598e-05,22.0,0.0005715599999999
BNT/BTC,1586744208261,2020-04-13T02:16:48.261Z,sell,2.598e-05,22.0,0.0005715599999999
BNT/BTC,1586745282699,2020-04-13T02:34:42.699Z,buy,2.6e-05,27.0,0.0007019999999999
BNT/BTC,1586745308057,2020-04-13T02:35:08.057Z,sell,2.6e-05,4.0,0.000104
BNT/BTC,1586745473670,2020-04-13T02:37:53.670Z,buy,2.601e-05,3449.0,0.08970849
BNT/BTC,1586745473670,2020-04-13T02:37:53.670Z,buy,2.606e-05,3836.0,0.09996616
BNT/BTC,1586745473670,2020-04-13T02:37:53.670Z,buy,2.607e-05,8.0,0.00020856
BNT/BTC,1586745473670,2020-04-13T02:37:53.670Z,buy,2.608e-05,291.0,0.00758928
BNT/BTC,1586745473670,2020-04-13T02:37:53.670Z,buy,2.61e-05,1029.0,0.0268569
BNT/BTC,1586745495306,2020-04-13T02:38:15.306Z,sell,2.61e-05,2468.0,0.0644148
BNT/BTC,1586745752423,2020-04-13T02:42:32.423Z,sell,2.61e-05,25.0,0.0006525
BNT/BTC,1586745883648,2020-04-13T02:44:43.648Z,sell,2.61e-05,5.0,0.0001305
BNT/BTC,1586745888705,2020-04-13T02:44:48.705Z,buy,2.612e-05,5.0,0.0001306
BNT/BTC,1586745977922,2020-04-13T02:46:17.922Z,sell,2.61e-05,8119.0,0.2119059
BNT/BTC,1586745981722,2020-04-13T02:46:21.722Z,sell,2.602e-05,1459.0,0.03796318
BNT/BTC,1586745985791,2020-04-13T02:46:25.791Z,buy,2.602e-05,41.0,0.00106682
BNT/BTC,1586746101311,2020-04-13T02:48:21.311Z,sell,2.605e-05,4.0,0.0001042
BNT/BTC,1586746125396,2020-04-13T02:48:45.396Z,sell,2.598e-05,5.0,0.0001298999999999
BNT/BTC,1586746130872,2020-04-13T02:48:50.872Z,buy,2.611e-05,5.0,0.00013055
BNT/BTC,1586746702351,2020-04-13T02:58:22.351Z,sell,2.597e-05,8.0,0.00020776
BNT/BTC,1586746702351,2020-04-13T02:58:22.351Z,sell,2.596e-05,492.0,0.01277232
BNT/BTC,1586746865291,2020-04-13T03:01:05.291Z,sell,2.597e-05,57.0,0.00148029
BNT/BTC,1586746865291,2020-04-13T03:01:05.291Z,sell,2.594e-05,39.0,0.00101166
BNT/BTC,1586746868317,2020-04-13T03:01:08.317Z,buy,2.609e-05,5.0,0.00013045
BNT/BTC,1586746887795,2020-04-13T03:01:27.795Z,buy,2.6e-05,30.0,0.00078
BNT/BTC,1586747803702,2020-04-13T03:16:43.702Z,buy,2.593e-05,1.0,2.593e-05
BNT/BTC,1586747803702,2020-04-13T03:16:43.702Z,buy,2.593e-05,1.0,2.593e-05
BNT/BTC,1586747828098,2020-04-13T03:17:08.098Z,buy,2.593e-05,4.0,0.00010372
BNT/BTC,1586747829633,2020-04-13T03:17:09.633Z,buy,2.593e-05,66.0,0.00171138
BNT/BTC,1586750086955,2020-04-13T03:54:46.955Z,buy,2.601e-05,1.0,2.601e-05
BNT/BTC,1586750127280,2020-04-13T03:55:27.280Z,buy,2.601e-05,1.0,2.601e-05
BNT/BTC,1586750534373,2020-04-13T04:02:14.373Z,buy,2.601e-05,18.0,0.00046818
BNT/BTC,1586750800384,2020-04-13T04:06:40.384Z,sell,2.593e-05,979.0,0.02538547
BNT/BTC,1586750805827,2020-04-13T04:06:45.827Z,sell,2.593e-05,41.0,0.00106313
BNT/BTC,1586750806599,2020-04-13T04:06:46.599Z,sell,2.593e-05,38.0,0.00098534
BNT/BTC,1586750806599,2020-04-13T04:06:46.599Z,sell,2.593e-05,38.0,0.00098534
BNT/BTC,1586751570923,2020-04-13T04:19:30.923Z,buy,2.594e-05,19.0,0.00049286
BNT/BTC,1586752856122,2020-04-13T04:40:56.122Z,sell,2.595e-05,238.0,0.0061761
BNT/BTC,1586753579387,2020-04-13T04:52:59.387Z,sell,2.594e-05,292.0,0.00757448
BNT/BTC,1586753579387,2020-04-13T04:52:59.387Z,sell,2.593e-05,208.0,0.00539344
BNT/BTC,1586754122715,2020-04-13T05:02:02.715Z,sell,2.593e-05,71.0,0.00184103
BNT/BTC,1586754122989,2020-04-13T05:02:02.989Z,sell,2.594e-05,71.0,0.00184174
BNT/BTC,1586754122989,2020-04-13T05:02:02.989Z,sell,2.594e-05,71.0,0.00184174
BNT/BTC,1586754808280,2020-04-13T05:13:28.280Z,sell,2.593e-05,21.0,0.00054453
BNT/BTC,1586755001579,2020-04-13T05:16:41.579Z,buy,2.594e-05,35.0,0.0009079
BNT/BTC,1586755008839,2020-04-13T05:16:48.839Z,sell,2.593e-05,34.0,0.00088162
BNT/BTC,1586755102507,2020-04-13T05:18:22.507Z,sell,2.593e-05,21.0,0.00054453
BNT/BTC,1586755522917,2020-04-13T05:25:22.917Z,sell,2.593e-05,7.0,0.00018151
BNT/BTC,1586757155470,2020-04-13T05:52:35.470Z,sell,2.593e-05,22.0,0.00057046
BNT/BTC,1586757272659,2020-04-13T05:54:32.659Z,buy,2.594e-05,16.0,0.00041504
BNT/BTC,1586757272659,2020-04-13T05:54:32.659Z,buy,2.594e-05,16.0,0.00041504
BNT/BTC,1586758827289,2020-04-13T06:20:27.289Z,buy,2.598e-05,1.0,2.598e-05
BNT/BTC,1586760180639,2020-04-13T06:43:00.639Z,buy,2.598e-05,44.0,0.0011431199999999
BNT/BTC,1586760287120,2020-04-13T06:44:47.120Z,buy,2.599e-05,8.0,0.00020792
BNT/BTC,1586760501506,2020-04-13T06:48:21.506Z,buy,2.6e-05,8.0,0.000208
BNT/BTC,1586760869171,2020-04-13T06:54:29.171Z,sell,2.601e-05,13.0,0.00033813
BNT/BTC,1586760869171,2020-04-13T06:54:29.171Z,sell,2.599e-05,8.0,0.00020792
BNT/BTC,1586760869171,2020-04-13T06:54:29.171Z,sell,2.598e-05,401.0,0.01041798
BNT/BTC,1586760869171,2020-04-13T06:54:29.171Z,sell,2.597e-05,25.0,0.00064925
BNT/BTC,1586760869171,2020-04-13T06:54:29.171Z,sell,2.601e-05,13.0,0.00033813
BNT/BTC,1586760869171,2020-04-13T06:54:29.171Z,sell,2.599e-05,8.0,0.00020792
BNT/BTC,1586760869171,2020-04-13T06:54:29.171Z,sell,2.598e-05,401.0,0.01041798
BNT/BTC,1586760869171,2020-04-13T06:54:29.171Z,sell,2.597e-05,25.0,0.00064925
BNT/BTC,1586762551200,2020-04-13T07:22:31.200Z,sell,2.597e-05,4.0,0.00010388
BNT/BTC,1586762551200,2020-04-13T07:22:31.200Z,sell,2.594e-05,1071.0,0.02778174
BNT/BTC,1586762880950,2020-04-13T07:28:00.950Z,sell,2.596e-05,50.0,0.001298
BNT/BTC,1586763260309,2020-04-13T07:34:20.309Z,sell,2.594e-05,602.0,0.0156158799999999
BNT/BTC,1586763260309,2020-04-13T07:34:20.309Z,sell,2.593e-05,57.0,0.00147801
BNT/BTC,1586763893910,2020-04-13T07:44:53.910Z,sell,2.594e-05,50.0,0.001297
BNT/BTC,1586764250795,2020-04-13T07:50:50.795Z,buy,2.602e-05,8.0,0.00020816
BNT/BTC,1586764250795,2020-04-13T07:50:50.795Z,buy,2.604e-05,1454.0,0.03786216
BNT/BTC,1586764262378,2020-04-13T07:51:02.378Z,sell,2.605e-05,1279.0,0.03331795
BNT/BTC,1586764273569,2020-04-13T07:51:13.569Z,sell,2.606e-05,200.0,0.005212
BNT/BTC,1586764273569,2020-04-13T07:51:13.569Z,sell,2.605e-05,392.0,0.0102116
BNT/BTC,1586764278256,2020-04-13T07:51:18.256Z,sell,2.605e-05,14.0,0.0003647
BNT/BTC,1586764297075,2020-04-13T07:51:37.075Z,buy,2.607e-05,16.0,0.00041712
BNT/BTC,1586764297075,2020-04-13T07:51:37.075Z,buy,2.608e-05,15.0,0.0003912
BNT/BTC,1586764297075,2020-04-13T07:51:37.075Z,buy,2.611e-05,27.0,0.00070497
BNT/BTC,1586764297075,2020-04-13T07:51:37.075Z,buy,2.613e-05,312.0,0.00815256
BNT/BTC,1586764297075,2020-04-13T07:51:37.075Z,buy,2.614e-05,953.0,0.02491142
BNT/BTC,1586764297075,2020-04-13T07:51:37.075Z,buy,2.615e-05,1631.0,0.04265065
BNT/BTC,1586764297075,2020-04-13T07:51:37.075Z,buy,2.616e-05,773.0,0.02022168
BNT/BTC,1586764297075,2020-04-13T07:51:37.075Z,buy,2.617e-05,2115.0,0.05534955
BNT/BTC,1586764297085,2020-04-13T07:51:37.085Z,sell,2.617e-05,360.0,0.0094212
BNT/BTC,1586764297093,2020-04-13T07:51:37.093Z,sell,2.617e-05,206.0,0.00539102
BNT/BTC,1586764297096,2020-04-13T07:51:37.096Z,sell,2.617e-05,4832.0,0.12645344
BNT/BTC,1586764303422,2020-04-13T07:51:43.422Z,buy,2.619e-05,8044.0,0.21067236
BNT/BTC,1586764306134,2020-04-13T07:51:46.134Z,buy,2.619e-05,966.0,0.02529954
BNT/BTC,1586764306134,2020-04-13T07:51:46.134Z,buy,2.62e-05,6420.0,0.168204
BNT/BTC,1586764306134,2020-04-13T07:51:46.134Z,buy,2.623e-05,462.0,0.01211826
BNT/BTC,1586764306371,2020-04-13T07:51:46.371Z,sell,2.609e-05,1467.0,0.03827403
BNT/BTC,1586764306371,2020-04-13T07:51:46.371Z,sell,2.606e-05,808.0,0.02105648
BNT/BTC,1586764306371,2020-04-13T07:51:46.371Z,sell,2.605e-05,393.0,0.01023765
BNT/BTC,1586764307973,2020-04-13T07:51:47.973Z,buy,2.619e-05,4.0,0.00010476
BNT/BTC,1586764307973,2020-04-13T07:51:47.973Z,buy,2.619e-05,4.0,0.00010476
BNT/BTC,1586764491807,2020-04-13T07:54:51.807Z,sell,2.6e-05,115.0,0.0029899999999999
BNT/BTC,1586764492283,2020-04-13T07:54:52.283Z,sell,2.6e-05,32.0,0.000832
BNT/BTC,1586764494237,2020-04-13T07:54:54.237Z,sell,2.6e-05,115.0,0.0029899999999999
BNT/BTC,1586764661259,2020-04-13T07:57:41.259Z,buy,2.607e-05,14.0,0.00036498
BNT/BTC,1586764720333,2020-04-13T07:58:40.333Z,buy,2.607e-05,101.0,0.00263307
BNT/BTC,1586764720338,2020-04-13T07:58:40.338Z,buy,2.607e-05,177.0,0.0046143899999999
BNT/BTC,1586764720351,2020-04-13T07:58:40.351Z,sell,2.609e-05,82.0,0.0021393799999999
BNT/BTC,1586765483450,2020-04-13T08:11:23.450Z,buy,2.609e-05,8.0,0.00020872
BNT/BTC,1586765483450,2020-04-13T08:11:23.450Z,buy,2.61e-05,50.0,0.001305
BNT/BTC,1586765483450,2020-04-13T08:11:23.450Z,buy,2.612e-05,943.0,0.02463116
BNT/BTC,1586765483450,2020-04-13T08:11:23.450Z,buy,2.613e-05,219.0,0.0057224699999999
BNT/BTC,1586766430892,2020-04-13T08:27:10.892Z,sell,2.596e-05,2078.0,0.05394488
BNT/BTC,1586767494106,2020-04-13T08:44:54.106Z,buy,2.604e-05,1.0,2.604e-05
BNT/BTC,1586767496357,2020-04-13T08:44:56.357Z,buy,2.604e-05,4.0,0.00010416
BNT/BTC,1586767496357,2020-04-13T08:44:56.357Z,buy,2.604e-05,4.0,0.00010416
BNT/BTC,1586768738610,2020-04-13T09:05:38.610Z,buy,2.6e-05,8.0,0.000208
BNT/BTC,1586768738610,2020-04-13T09:05:38.610Z,buy,2.601e-05,13.0,0.00033813
BNT/BTC,1586768738610,2020-04-13T09:05:38.610Z,buy,2.602e-05,8.0,0.00020816
BNT/BTC,1586768738610,2020-04-13T09:05:38.610Z,buy,2.604e-05,4.0,0.00010416
BNT/BTC,1586768738610,2020-04-13T09:05:38.610Z,buy,2.605e-05,25.0,0.00065125
BNT/BTC,1586768738610,2020-04-13T09:05:38.610Z,buy,2.606e-05,194.0,0.00505564
BNT/BTC,1586768750653,2020-04-13T09:05:50.653Z,buy,2.611e-05,197.0,0.0051436699999999
BNT/BTC,1586768758674,2020-04-13T09:05:58.674Z,buy,2.609e-05,210.0,0.0054789
BNT/BTC,1586769491395,2020-04-13T09:18:11.395Z,buy,2.608e-05,206.0,0.00537248
BNT/BTC,1586769495328,2020-04-13T09:18:15.328Z,buy,2.61e-05,198.0,0.0051678
BNT/BTC,1586769503425,2020-04-13T09:18:23.425Z,buy,2.609e-05,204.0,0.00532236
BNT/BTC,1586769507511,2020-04-13T09:18:27.511Z,buy,2.611e-05,198.0,0.00516978
BNT/BTC,1586769515549,2020-04-13T09:18:35.549Z,buy,2.611e-05,209.0,0.00545699
BNT/BTC,1586769657886,2020-04-13T09:20:57.886Z,buy,2.61e-05,98.0,0.0025578
BNT/BTC,1586769658232,2020-04-13T09:20:58.232Z,buy,2.611e-05,190.0,0.0049609
BNT/BTC,1586769735645,2020-04-13T09:22:15.645Z,buy,2.609e-05,1.0,2.609e-05
BNT/BTC,1586770328778,2020-04-13T09:32:08.778Z,buy,2.607e-05,46.0,0.00119922
BNT/BTC,1586770338341,2020-04-13T09:32:18.341Z,buy,2.608e-05,8.0,0.00020864
BNT/BTC,1586770559232,2020-04-13T09:35:59.232Z,buy,2.612e-05,943.0,0.02463116
BNT/BTC,1586771034668,2020-04-13T09:43:54.668Z,sell,2.608e-05,126.0,0.00328608
BNT/BTC,1586771034668,2020-04-13T09:43:54.668Z,sell,2.608e-05,126.0,0.00328608
BNT/BTC,1586771141784,2020-04-13T09:45:41.784Z,sell,2.602e-05,250.0,0.006505
BNT/BTC,1586771146181,2020-04-13T09:45:46.181Z,buy,2.611e-05,1.0,2.611e-05
BNT/BTC,1586772022705,2020-04-13T10:00:22.705Z,buy,2.603e-05,23.0,0.00059869
BNT/BTC,1586772027637,2020-04-13T10:00:27.637Z,buy,2.603e-05,23.0,0.00059869
BNT/BTC,1586772034866,2020-04-13T10:00:34.866Z,buy,2.603e-05,19.0,0.00049457
BNT/BTC,1586772057570,2020-04-13T10:00:57.570Z,buy,2.603e-05,19.0,0.00049457
BNT/BTC,1586772182579,2020-04-13T10:03:02.579Z,sell,2.596e-05,97.0,0.00251812
BNT/BTC,1586772335411,2020-04-13T10:05:35.411Z,sell,2.594e-05,100.0,0.002594
BNT/BTC,1586772551085,2020-04-13T10:09:11.085Z,sell,2.594e-05,57.0,0.00147858
BNT/BTC,1586772580398,2020-04-13T10:09:40.398Z,sell,2.594e-05,22.0,0.00057068
BNT/BTC,1586772580413,2020-04-13T10:09:40.413Z,sell,2.593e-05,1340.0,0.0347462
BNT/BTC,1586772580413,2020-04-13T10:09:40.413Z,sell,2.593e-05,108.0,0.00280044
BNT/BTC,1586772580432,2020-04-13T10:09:40.432Z,sell,2.593e-05,108.0,0.00280044
BNT/BTC,1586772580448,2020-04-13T10:09:40.448Z,sell,2.593e-05,108.0,0.00280044
BNT/BTC,1586772580480,2020-04-13T10:09:40.480Z,sell,2.593e-05,197.0,0.00510821
BNT/BTC,1586772580523,2020-04-13T10:09:40.523Z,sell,2.593e-05,35.0,0.00090755
BNT/BTC,1586772581230,2020-04-13T10:09:41.230Z,sell,2.593e-05,613.0,0.01589509
BNT/BTC,1586772582215,2020-04-13T10:09:42.215Z,buy,2.601e-05,4.0,0.00010404
BNT/BTC,1586772686321,2020-04-13T10:11:26.321Z,buy,2.595e-05,127.0,0.00329565
BNT/BTC,1586772686321,2020-04-13T10:11:26.321Z,buy,2.595e-05,127.0,0.00329565
BNT/BTC,1586775645903,2020-04-13T11:00:45.903Z,buy,2.595e-05,53.0,0.00137535
BNT/BTC,1586775645903,2020-04-13T11:00:45.903Z,buy,2.595e-05,53.0,0.00137535
BNT/BTC,1586777043011,2020-04-13T11:24:03.011Z,sell,2.594e-05,4.0,0.00010376
BNT/BTC,1586777770205,2020-04-13T11:36:10.205Z,buy,2.605e-05,40.0,0.001042
BNT/BTC,1586777803801,2020-04-13T11:36:43.801Z,sell,2.599e-05,99.0,0.00257301
BNT/BTC,1586777806211,2020-04-13T11:36:46.211Z,buy,2.606e-05,10.0,0.0002606
BNT/BTC,1586778717505,2020-04-13T11:51:57.505Z,buy,2.606e-05,4.0,0.00010424
BNT/BTC,1586778717528,2020-04-13T11:51:57.528Z,sell,2.606e-05,86.0,0.00224116
BNT/BTC,1586779074112,2020-04-13T11:57:54.112Z,sell,2.606e-05,93.0,0.00242358
BNT/BTC,1586779074112,2020-04-13T11:57:54.112Z,sell,2.606e-05,93.0,0.00242358
BNT/BTC,1586779260444,2020-04-13T12:01:00.444Z,buy,2.621e-05,75.0,0.00196575
BNT/BTC,1586779261178,2020-04-13T12:01:01.178Z,buy,2.621e-05,8.0,0.00020968
BNT/BTC,1586779267025,2020-04-13T12:01:07.025Z,buy,2.62e-05,8.0,0.0002096
BNT/BTC,1586779275748,2020-04-13T12:01:15.748Z,buy,2.621e-05,1.0,2.621e-05
BNT/BTC,1586779275748,2020-04-13T12:01:15.748Z,buy,2.622e-05,5.0,0.0001311
BNT/BTC,1586779285748,2020-04-13T12:01:25.748Z,sell,2.611e-05,70.0,0.0018277
BNT/BTC,1586779285748,2020-04-13T12:01:25.748Z,sell,2.61e-05,187.0,0.0048807
BNT/BTC,1586779286178,2020-04-13T12:01:26.178Z,sell,2.606e-05,857.0,0.02233342
BNT/BTC,1586779286605,2020-04-13T12:01:26.605Z,sell,2.606e-05,822.0,0.02142132
BNT/BTC,1586779287032,2020-04-13T12:01:27.032Z,sell,2.605e-05,2236.0,0.0582478
BNT/BTC,1586779287882,2020-04-13T12:01:27.882Z,sell,2.604e-05,2835.0,0.0738234
BNT/BTC,1586779287882,2020-04-13T12:01:27.882Z,sell,2.603e-05,1037.0,0.02699311
BNT/BTC,1586779301471,2020-04-13T12:01:41.471Z,sell,2.604e-05,200.0,0.005208
BNT/BTC,1586779691342,2020-04-13T12:08:11.342Z,buy,2.619e-05,1785.0,0.04674915
BNT/BTC,1586779785192,2020-04-13T12:09:45.192Z,sell,2.605e-05,65.0,0.0016932499999999
BNT/BTC,1586780770898,2020-04-13T12:26:10.898Z,buy,2.62e-05,4.0,0.0001048
BNT/BTC,1586780770898,2020-04-13T12:26:10.898Z,buy,2.621e-05,62.0,0.00162502
BNT/BTC,1586780867466,2020-04-13T12:27:47.466Z,buy,2.619e-05,8.0,0.00020952
BNT/BTC,1586780867482,2020-04-13T12:27:47.482Z,sell,2.619e-05,162.0,0.00424278
BNT/BTC,1586780867493,2020-04-13T12:27:47.493Z,sell,2.619e-05,108.0,0.00282852
BNT/BTC,1586780870045,2020-04-13T12:27:50.045Z,sell,2.619e-05,218.0,0.00570942
BNT/BTC,1586780877909,2020-04-13T12:27:57.909Z,sell,2.619e-05,965.0,0.02527335
BNT/BTC,1586780880658,2020-04-13T12:28:00.658Z,sell,2.619e-05,158.0,0.00413802
BNT/BTC,1586780880761,2020-04-13T12:28:00.761Z,sell,2.619e-05,785.0,0.02055915
BNT/BTC,1586780887469,2020-04-13T12:28:07.469Z,sell,2.619e-05,343.0,0.00898317
BNT/BTC,1586780887593,2020-04-13T12:28:07.593Z,sell,2.619e-05,179.0,0.00468801
BNT/BTC,1586781181439,2020-04-13T12:33:01.439Z,sell,2.619e-05,1237.0,0.03239703
BNT/BTC,1586781181439,2020-04-13T12:33:01.439Z,sell,2.614e-05,148.0,0.00386872
BNT/BTC,1586781181439,2020-04-13T12:33:01.439Z,sell,2.612e-05,256.0,0.00668672
BNT/BTC,1586781181439,2020-04-13T12:33:01.439Z,sell,2.61e-05,1840.0,0.048024
BNT/BTC,1586781181439,2020-04-13T12:33:01.439Z,sell,2.606e-05,289.0,0.00753134
BNT/BTC,1586781254031,2020-04-13T12:34:14.031Z,buy,2.62e-05,329.0,0.0086198
BNT/BTC,1586781254031,2020-04-13T12:34:14.031Z,buy,2.621e-05,192.0,0.00503232
BNT/BTC,1586781254031,2020-04-13T12:34:14.031Z,buy,2.622e-05,279.0,0.00731538
BNT/BTC,1586781380617,2020-04-13T12:36:20.617Z,buy,2.622e-05,1.0,2.622e-05
BNT/BTC,1586781507541,2020-04-13T12:38:27.541Z,sell,2.606e-05,1454.0,0.03789124
BNT/BTC,1586781511629,2020-04-13T12:38:31.629Z,sell,2.605e-05,129.0,0.00336045
BNT/BTC,1586781515796,2020-04-13T12:38:35.796Z,buy,2.605e-05,202.0,0.0052621
BNT/BTC,1586781617269,2020-04-13T12:40:17.269Z,buy,2.62e-05,800.0,0.02096
BNT/BTC,1586781617698,2020-04-13T12:40:17.698Z,buy,2.62e-05,800.0,0.02096
BNT/BTC,1586781620132,2020-04-13T12:40:20.132Z,buy,2.62e-05,225.0,0.005895
BNT/BTC,1586781712310,2020-04-13T12:41:52.310Z,buy,2.62e-05,575.0,0.015065
BNT/BTC,1586781712315,2020-04-13T12:41:52.315Z,buy,2.62e-05,800.0,0.02096
BNT/BTC,1586781725324,2020-04-13T12:42:05.324Z,buy,2.62e-05,800.0,0.02096
BNT/BTC,1586781734463,2020-04-13T12:42:14.463Z,buy,2.621e-05,1.0,2.621e-05
BNT/BTC,1586782082768,2020-04-13T12:48:02.768Z,buy,2.623e-05,75.0,0.00196725
BNT/BTC,1586782098402,2020-04-13T12:48:18.402Z,buy,2.623e-05,77.0,0.00201971
BNT/BTC,1586782102133,2020-04-13T12:48:22.133Z,buy,2.623e-05,23.0,0.00060329
BNT/BTC,1586782104536,2020-04-13T12:48:24.536Z,buy,2.623e-05,497.0,0.01303631
BNT/BTC,1586782104556,2020-04-13T12:48:24.556Z,buy,2.623e-05,191.0,0.00500993
BNT/BTC,1586782105919,2020-04-13T12:48:25.919Z,buy,2.623e-05,47.0,0.00123281
BNT/BTC,1586782110137,2020-04-13T12:48:30.137Z,buy,2.623e-05,23.0,0.00060329
BNT/BTC,1586782114251,2020-04-13T12:48:34.251Z,buy,2.623e-05,27.0,0.00070821
BNT/BTC,1586782118001,2020-04-13T12:48:38.001Z,buy,2.623e-05,39.0,0.00102297
BNT/BTC,1586782121940,2020-04-13T12:48:41.940Z,buy,2.623e-05,72.0,0.00188856
BNT/BTC,1586782126168,2020-04-13T12:48:46.168Z,buy,2.623e-05,55.0,0.00144265
BNT/BTC,1586782145568,2020-04-13T12:49:05.568Z,buy,2.63e-05,480.0,0.012624
BNT/BTC,1586782145820,2020-04-13T12:49:05.820Z,buy,2.63e-05,463.0,0.0121769
BNT/BTC,1586782145870,2020-04-13T12:49:05.870Z,sell,2.629e-05,4.0,0.00010516
BNT/BTC,1586782158070,2020-04-13T12:49:18.070Z,buy,2.63e-05,450.0,0.011835
BNT/BTC,1586782166359,2020-04-13T12:49:26.359Z,buy,2.63e-05,306.0,0.0080477999999999
BNT/BTC,1586782193439,2020-04-13T12:49:53.439Z,sell,2.629e-05,213.0,0.00559977
BNT/BTC,1586782496125,2020-04-13T12:54:56.125Z,buy,2.625e-05,1.0,2.625e-05
BNT/BTC,1586782554752,2020-04-13T12:55:54.752Z,buy,2.625e-05,1515.0,0.03976875
BNT/BTC,1586782573248,2020-04-13T12:56:13.248Z,buy,2.625e-05,237.0,0.00622125
BNT/BTC,1586782599339,2020-04-13T12:56:39.339Z,buy,2.625e-05,412.0,0.010815
BNT/BTC,1586782606418,2020-04-13T12:56:46.418Z,buy,2.625e-05,371.0,0.00973875
BNT/BTC,1586782619300,2020-04-13T12:56:59.300Z,buy,2.626e-05,118.0,0.00309868
BNT/BTC,1586782619300,2020-04-13T12:56:59.300Z,buy,2.627e-05,514.0,0.01350278
BNT/BTC,1586782629765,2020-04-13T12:57:09.765Z,buy,2.627e-05,5.0,0.00013135
BNT/BTC,1586782629765,2020-04-13T12:57:09.765Z,buy,2.628e-05,358.0,0.00940824
BNT/BTC,1586782635636,2020-04-13T12:57:15.636Z,buy,2.631e-05,327.0,0.00860337
BNT/BTC,1586782635636,2020-04-13T12:57:15.636Z,buy,2.631e-05,327.0,0.00860337
BNT/BTC,1586782809925,2020-04-13T13:00:09.925Z,buy,2.631e-05,22.0,0.00057882
BNT/BTC,1586782820522,2020-04-13T13:00:20.522Z,buy,2.631e-05,800.0,0.021048
BNT/BTC,1586782820563,2020-04-13T13:00:20.563Z,buy,2.631e-05,800.0,0.021048
BNT/BTC,1586782968591,2020-04-13T13:02:48.591Z,sell,2.614e-05,47.0,0.00122858
BNT/BTC,1586782968622,2020-04-13T13:02:48.622Z,buy,2.63e-05,6.0,0.0001578
BNT/BTC,1586782968622,2020-04-13T13:02:48.622Z,buy,2.631e-05,1.0,2.631e-05
BNT/BTC,1586782968622,2020-04-13T13:02:48.622Z,buy,2.632e-05,793.0,0.02087176
BNT/BTC,1586782974802,2020-04-13T13:02:54.802Z,buy,2.632e-05,78.0,0.00205296
BNT/BTC,1586783012414,2020-04-13T13:03:32.414Z,sell,2.62e-05,150.0,0.00393
BNT/BTC,1586783012414,2020-04-13T13:03:32.414Z,sell,2.616e-05,1368.0,0.03578688
BNT/BTC,1586783013221,2020-04-13T13:03:33.221Z,sell,2.614e-05,267.0,0.00697938
BNT/BTC,1586783013221,2020-04-13T13:03:33.221Z,sell,2.613e-05,1449.0,0.03786237
BNT/BTC,1586783013221,2020-04-13T13:03:33.221Z,sell,2.606e-05,181.0,0.00471686
BNT/BTC,1586783038029,2020-04-13T13:03:58.029Z,sell,2.613e-05,828.0,0.0216356399999999
BNT/BTC,1586783038029,2020-04-13T13:03:58.029Z,sell,2.612e-05,1071.0,0.02797452
BNT/BTC,1586783112403,2020-04-13T13:05:12.403Z,buy,2.626e-05,1.0,2.626e-05
BNT/BTC,1586783180379,2020-04-13T13:06:20.379Z,sell,2.61e-05,8.0,0.0002088
BNT/BTC,1586783181349,2020-04-13T13:06:21.349Z,sell,2.61e-05,6.0,0.0001566
BNT/BTC,1586783187325,2020-04-13T13:06:27.325Z,sell,2.61e-05,8.0,0.0002088
BNT/BTC,1586783504320,2020-04-13T13:11:44.320Z,buy,2.623e-05,1.0,2.623e-05
BNT/BTC,1586783621052,2020-04-13T13:13:41.052Z,buy,2.623e-05,72.0,0.00188856
BNT/BTC,1586783625072,2020-04-13T13:13:45.072Z,buy,2.623e-05,72.0,0.00188856
BNT/BTC,1586783629026,2020-04-13T13:13:49.026Z,buy,2.623e-05,72.0,0.00188856
BNT/BTC,1586783632684,2020-04-13T13:13:52.684Z,buy,2.623e-05,74.0,0.00194102
BNT/BTC,1586783637147,2020-04-13T13:13:57.147Z,buy,2.623e-05,74.0,0.00194102
BNT/BTC,1586783640475,2020-04-13T13:14:00.475Z,buy,2.623e-05,1.0,2.623e-05
BNT/BTC,1586783641217,2020-04-13T13:14:01.217Z,buy,2.623e-05,72.0,0.00188856
BNT/BTC,1586783645143,2020-04-13T13:14:05.143Z,buy,2.623e-05,72.0,0.00188856
BNT/BTC,1586783649027,2020-04-13T13:14:09.027Z,buy,2.623e-05,74.0,0.00194102
BNT/BTC,1586783758871,2020-04-13T13:15:58.871Z,buy,2.623e-05,284.0,0.00744932
BNT/BTC,1586783758871,2020-04-13T13:15:58.871Z,buy,2.625e-05,516.0,0.013545
BNT/BTC,1586783758910,2020-04-13T13:15:58.910Z,buy,2.627e-05,314.0,0.00824878
BNT/BTC,1586783758910,2020-04-13T13:15:58.910Z,buy,2.631e-05,486.0,0.01278666
BNT/BTC,1586783759353,2020-04-13T13:15:59.353Z,buy,2.631e-05,197.0,0.00518307
BNT/BTC,1586783759353,2020-04-13T13:15:59.353Z,buy,2.632e-05,767.0,0.0201874399999999
BNT/BTC,1586783761650,2020-04-13T13:16:01.650Z,buy,2.632e-05,73.0,0.00192136
BNT/BTC,1586783762586,2020-04-13T13:16:02.586Z,buy,2.631e-05,943.0,0.02481033
BNT/BTC,1586783762586,2020-04-13T13:16:02.586Z,buy,2.632e-05,1024.0,0.02695168
BNT/BTC,1586783762586,2020-04-13T13:16:02.586Z,buy,2.637e-05,4.0,0.00010548
BNT/BTC,1586783762586,2020-04-13T13:16:02.586Z,buy,2.64e-05,173.0,0.0045672
BNT/BTC,1586783762586,2020-04-13T13:16:02.586Z,buy,2.641e-05,2012.0,0.05313692
BNT/BTC,1586783765458,2020-04-13T13:16:05.458Z,buy,2.641e-05,378.0,0.00998298
BNT/BTC,1586783765518,2020-04-13T13:16:05.518Z,buy,2.641e-05,73.0,0.00192793
BNT/BTC,1586783767620,2020-04-13T13:16:07.620Z,buy,2.641e-05,1863.0,0.04920183
BNT/BTC,1586783767620,2020-04-13T13:16:07.620Z,buy,2.642e-05,2960.0,0.0782032
BNT/BTC,1586783767629,2020-04-13T13:16:07.629Z,sell,2.642e-05,484.0,0.01278728
BNT/BTC,1586783767630,2020-04-13T13:16:07.630Z,sell,2.642e-05,4519.0,0.11939198
BNT/BTC,1586783767631,2020-04-13T13:16:07.631Z,sell,2.642e-05,1530.0,0.0404226
BNT/BTC,1586783769649,2020-04-13T13:16:09.649Z,buy,2.635e-05,73.0,0.00192355
BNT/BTC,1586783771402,2020-04-13T13:16:11.402Z,buy,2.635e-05,4.0,0.0001054
BNT/BTC,1586783781450,2020-04-13T13:16:21.450Z,sell,2.621e-05,38.0,0.00099598
BNT/BTC,1586783784548,2020-04-13T13:16:24.548Z,sell,2.622e-05,74.0,0.00194028
BNT/BTC,1586783788389,2020-04-13T13:16:28.389Z,sell,2.621e-05,59.0,0.00154639
BNT/BTC,1586783788389,2020-04-13T13:16:28.389Z,sell,2.618e-05,792.0,0.02073456
BNT/BTC,1586783788858,2020-04-13T13:16:28.858Z,sell,2.616e-05,38.0,0.00099408
BNT/BTC,1586783792598,2020-04-13T13:16:32.598Z,sell,2.616e-05,38.0,0.00099408
BNT/BTC,1586783809724,2020-04-13T13:16:49.724Z,buy,2.635e-05,58.0,0.0015283
BNT/BTC,1586783813745,2020-04-13T13:16:53.745Z,buy,2.636e-05,72.0,0.00189792
BNT/BTC,1586783817760,2020-04-13T13:16:57.760Z,buy,2.636e-05,72.0,0.00189792
BNT/BTC,1586783821593,2020-04-13T13:17:01.593Z,buy,2.636e-05,72.0,0.00189792
BNT/BTC,1586783825708,2020-04-13T13:17:05.708Z,buy,2.636e-05,72.0,0.00189792
BNT/BTC,1586783829726,2020-04-13T13:17:09.726Z,buy,2.636e-05,72.0,0.00189792
BNT/BTC,1586783833656,2020-04-13T13:17:13.656Z,buy,2.636e-05,72.0,0.00189792
BNT/BTC,1586783837638,2020-04-13T13:17:17.638Z,buy,2.636e-05,71.0,0.00187156
BNT/BTC,1586783841635,2020-04-13T13:17:21.635Z,buy,2.636e-05,396.0,0.01043856
BNT/BTC,1586783841810,2020-04-13T13:17:21.810Z,buy,2.636e-05,44.0,0.0011598399999999
BNT/BTC,1586783845796,2020-04-13T13:17:25.796Z,buy,2.639e-05,71.0,0.00187369
BNT/BTC,1586783846126,2020-04-13T13:17:26.126Z,sell,2.636e-05,8.0,0.00021088
BNT/BTC,1586783847852,2020-04-13T13:17:27.852Z,buy,2.638e-05,471.0,0.01242498
BNT/BTC,1586783849811,2020-04-13T13:17:29.811Z,buy,2.638e-05,71.0,0.00187298
BNT/BTC,1586783853910,2020-04-13T13:17:33.910Z,buy,2.638e-05,27.0,0.00071226
BNT/BTC,1586783856111,2020-04-13T13:17:36.111Z,sell,2.636e-05,19.0,0.00050084
BNT/BTC,1586783856682,2020-04-13T13:17:36.682Z,buy,2.638e-05,458.0,0.01208204
BNT/BTC,1586783857915,2020-04-13T13:17:37.915Z,buy,2.638e-05,71.0,0.00187298
BNT/BTC,1586783861763,2020-04-13T13:17:41.763Z,buy,2.638e-05,74.0,0.00195212
BNT/BTC,1586783862327,2020-04-13T13:17:42.327Z,buy,2.638e-05,434.0,0.01144892
BNT/BTC,1586783867139,2020-04-13T13:17:47.139Z,buy,2.638e-05,74.0,0.00195212
BNT/BTC,1586784090641,2020-04-13T13:21:30.641Z,buy,2.635e-05,125.0,0.00329375
BNT/BTC,1586784090641,2020-04-13T13:21:30.641Z,buy,2.636e-05,1983.0,0.05227188
BNT/BTC,1586784090657,2020-04-13T13:21:30.657Z,sell,2.619e-05,314.0,0.00822366
BNT/BTC,1586784090670,2020-04-13T13:21:30.670Z,buy,2.619e-05,450.0,0.0117855
BNT/BTC,1586784098550,2020-04-13T13:21:38.550Z,buy,2.619e-05,1.0,2.619e-05
BNT/BTC,1586784144323,2020-04-13T13:22:24.323Z,sell,2.618e-05,55.0,0.0014399
BNT/BTC,1586784197515,2020-04-13T13:23:17.515Z,buy,2.638e-05,352.0,0.00928576
BNT/BTC,1586784220128,2020-04-13T13:23:40.128Z,buy,2.638e-05,391.0,0.01031458
BNT/BTC,1586784381592,2020-04-13T13:26:21.592Z,buy,2.638e-05,267.0,0.00704346
BNT/BTC,1586784437765,2020-04-13T13:27:17.765Z,buy,2.638e-05,144.0,0.00379872
BNT/BTC,1586784446180,2020-04-13T13:27:26.180Z,buy,2.638e-05,800.0,0.021104
BNT/BTC,1586784451391,2020-04-13T13:27:31.391Z,buy,2.638e-05,143.0,0.00377234
BNT/BTC,1586784451391,2020-04-13T13:27:31.391Z,buy,2.639e-05,409.0,0.01079351
BNT/BTC,1586784451391,2020-04-13T13:27:31.391Z,buy,2.641e-05,42.0,0.00110922
BNT/BTC,1586784475242,2020-04-13T13:27:55.242Z,buy,2.643e-05,314.0,0.0082990199999999
BNT/BTC,1586784475242,2020-04-13T13:27:55.242Z,buy,2.644e-05,186.0,0.00491784
BNT/BTC,1586784475242,2020-04-13T13:27:55.242Z,buy,2.645e-05,1537.0,0.04065365
BNT/BTC,1586784502957,2020-04-13T13:28:22.957Z,buy,2.646e-05,506.0,0.01338876
BNT/BTC,1586784513557,2020-04-13T13:28:33.557Z,buy,2.646e-05,840.0,0.0222264
BNT/BTC,1586784517059,2020-04-13T13:28:37.059Z,buy,2.646e-05,855.0,0.0226233
BNT/BTC,1586784520603,2020-04-13T13:28:40.603Z,buy,2.646e-05,371.0,0.00981666
BNT/BTC,1586784520603,2020-04-13T13:28:40.603Z,buy,2.647e-05,484.0,0.01281148
BNT/BTC,1586784592711,2020-04-13T13:29:52.711Z,sell,2.64e-05,5.0,0.000132
BNT/BTC,1586784600603,2020-04-13T13:30:00.603Z,sell,2.64e-05,57.0,0.0015048
BNT/BTC,1586784600950,2020-04-13T13:30:00.950Z,sell,2.635e-05,20.0,0.000527
BNT/BTC,1586784605199,2020-04-13T13:30:05.199Z,sell,2.633e-05,758.0,0.01995814
BNT/BTC,1586784784823,2020-04-13T13:33:04.823Z,buy,2.636e-05,189.0,0.00498204
BNT/BTC,1586784857437,2020-04-13T13:34:17.437Z,sell,2.634e-05,103.0,0.00271302
BNT/BTC,1586784857437,2020-04-13T13:34:17.437Z,sell,2.632e-05,312.0,0.00821184
BNT/BTC,1586784857452,2020-04-13T13:34:17.452Z,buy,2.632e-05,2887.0,0.07598584
BNT/BTC,1586784929012,2020-04-13T13:35:29.012Z,buy,2.637e-05,1.0,2.637e-05
BNT/BTC,1586784994466,2020-04-13T13:36:34.466Z,buy,2.63e-05,249.0,0.0065486999999999
BNT/BTC,1586785108211,2020-04-13T13:38:28.211Z,buy,2.631e-05,23.0,0.00060513
BNT/BTC,1586785109895,2020-04-13T13:38:29.895Z,buy,2.635e-05,847.0,0.02231845
BNT/BTC,1586785109898,2020-04-13T13:38:29.898Z,buy,2.635e-05,96.0,0.0025296
BNT/BTC,1586785109901,2020-04-13T13:38:29.901Z,buy,2.636e-05,378.0,0.00996408
BNT/BTC,1586785122326,2020-04-13T13:38:42.326Z,buy,2.64e-05,943.0,0.0248952
BNT/BTC,1586785122548,2020-04-13T13:38:42.548Z,sell,2.64e-05,378.0,0.0099792
BNT/BTC,1586785122649,2020-04-13T13:38:42.649Z,buy,2.641e-05,681.0,0.0179852099999999
BNT/BTC,1586785123343,2020-04-13T13:38:43.343Z,sell,2.64e-05,453.0,0.0119592
BNT/BTC,1586785126881,2020-04-13T13:38:46.881Z,buy,2.645e-05,66.0,0.0017457
BNT/BTC,1586785131140,2020-04-13T13:38:51.140Z,buy,2.645e-05,55.0,0.0014547499999999
BNT/BTC,1586785158526,2020-04-13T13:39:18.526Z,buy,2.645e-05,29.0,0.00076705
BNT/BTC,1586785158526,2020-04-13T13:39:18.526Z,buy,2.65e-05,451.0,0.0119515
BNT/BTC,1586785165145,2020-04-13T13:39:25.145Z,buy,2.65e-05,2734.0,0.072451
BNT/BTC,1586785166588,2020-04-13T13:39:26.588Z,buy,2.65e-05,1832.0,0.048548
BNT/BTC,1586785166588,2020-04-13T13:39:26.588Z,buy,2.653e-05,4.0,0.00010612
BNT/BTC,1586785166588,2020-04-13T13:39:26.588Z,buy,2.655e-05,1164.0,0.0309042
BNT/BTC,1586785167557,2020-04-13T13:39:27.557Z,buy,2.656e-05,495.0,0.0131472
BNT/BTC,1586785168502,2020-04-13T13:39:28.502Z,buy,2.656e-05,1584.0,0.04207104
BNT/BTC,1586785171100,2020-04-13T13:39:31.100Z,buy,2.656e-05,4.0,0.00010624
BNT/BTC,1586785176144,2020-04-13T13:39:36.144Z,buy,2.655e-05,82.0,0.0021771
BNT/BTC,1586785179953,2020-04-13T13:39:39.953Z,buy,2.655e-05,65.0,0.00172575
BNT/BTC,1586785180117,2020-04-13T13:39:40.117Z,buy,2.655e-05,172.0,0.0045666
BNT/BTC,1586785183335,2020-04-13T13:39:43.335Z,buy,2.655e-05,75.0,0.00199125
BNT/BTC,1586785183335,2020-04-13T13:39:43.335Z,buy,2.656e-05,91.0,0.00241696
BNT/BTC,1586785183945,2020-04-13T13:39:43.945Z,sell,2.655e-05,55.0,0.00146025
BNT/BTC,1586785229929,2020-04-13T13:40:29.929Z,sell,2.65e-05,20.0,0.00053
BNT/BTC,1586785229929,2020-04-13T13:40:29.929Z,sell,2.642e-05,213.0,0.00562746
BNT/BTC,1586785229945,2020-04-13T13:40:29.945Z,sell,2.642e-05,219.0,0.00578598
BNT/BTC,1586785238841,2020-04-13T13:40:38.841Z,buy,2.652e-05,436.0,0.01156272
BNT/BTC,1586785238841,2020-04-13T13:40:38.841Z,buy,2.653e-05,428.0,0.01135484
BNT/BTC,1586785238846,2020-04-13T13:40:38.846Z,buy,2.653e-05,37.0,0.00098161
BNT/BTC,1586785238865,2020-04-13T13:40:38.865Z,sell,2.653e-05,399.0,0.01058547
BNT/BTC,1586785252731,2020-04-13T13:40:52.731Z,sell,2.637e-05,961.0,0.02534157
BNT/BTC,1586785252731,2020-04-13T13:40:52.731Z,sell,2.635e-05,145.0,0.00382075
BNT/BTC,1586785257109,2020-04-13T13:40:57.109Z,sell,2.635e-05,55.0,0.00144925
BNT/BTC,1586785265233,2020-04-13T13:41:05.233Z,sell,2.634e-05,37.0,0.00097458
BNT/BTC,1586785265233,2020-04-13T13:41:05.233Z,sell,2.632e-05,77.0,0.0020266399999999
BNT/BTC,1586785268410,2020-04-13T13:41:08.410Z,buy,2.635e-05,72.0,0.0018972
BNT/BTC,1586785270235,2020-04-13T13:41:10.235Z,sell,2.626e-05,28.0,0.0007352799999999
BNT/BTC,1586785270244,2020-04-13T13:41:10.244Z,buy,2.626e-05,21.0,0.00055146
BNT/BTC,1586785270245,2020-04-13T13:41:10.245Z,buy,2.626e-05,79.0,0.00207454
BNT/BTC,1586785272442,2020-04-13T13:41:12.442Z,buy,2.635e-05,72.0,0.0018972
BNT/BTC,1586785276439,2020-04-13T13:41:16.439Z,buy,2.635e-05,72.0,0.0018972
BNT/BTC,1586785279962,2020-04-13T13:41:19.962Z,buy,2.635e-05,72.0,0.0018972
BNT/BTC,1586785284422,2020-04-13T13:41:24.422Z,buy,2.635e-05,75.0,0.00197625
BNT/BTC,1586785286104,2020-04-13T13:41:26.104Z,buy,2.635e-05,875.0,0.02305625
BNT/BTC,1586785286112,2020-04-13T13:41:26.112Z,buy,2.635e-05,237.0,0.00624495
BNT/BTC,1586785286385,2020-04-13T13:41:26.385Z,buy,2.635e-05,723.0,0.01905105
BNT/BTC,1586785286776,2020-04-13T13:41:26.776Z,buy,2.635e-05,78.0,0.0020553
BNT/BTC,1586785287940,2020-04-13T13:41:27.940Z,buy,2.635e-05,211.0,0.00555985
BNT/BTC,1586785287940,2020-04-13T13:41:27.940Z,buy,2.635e-05,211.0,0.00555985
BNT/BTC,1586785287940,2020-04-13T13:41:27.940Z,buy,2.635e-05,75.0,0.00197625
BNT/BTC,1586785287944,2020-04-13T13:41:27.944Z,buy,2.643e-05,29.0,0.00076647
BNT/BTC,1586785299926,2020-04-13T13:41:39.926Z,buy,2.644e-05,6.0,0.00015864
BNT/BTC,1586785299926,2020-04-13T13:41:39.926Z,buy,2.645e-05,28.0,0.0007406
BNT/BTC,1586785299926,2020-04-13T13:41:39.926Z,buy,2.646e-05,41.0,0.00108486
BNT/BTC,1586785303996,2020-04-13T13:41:43.996Z,buy,2.646e-05,75.0,0.0019845
BNT/BTC,1586785314733,2020-04-13T13:41:54.733Z,buy,2.642e-05,720.0,0.0190224
BNT/BTC,1586785314740,2020-04-13T13:41:54.740Z,buy,2.642e-05,43.0,0.00113606
BNT/BTC,1586785314742,2020-04-13T13:41:54.742Z,buy,2.643e-05,183.0,0.00483669
BNT/BTC,1586785314743,2020-04-13T13:41:54.743Z,buy,2.643e-05,43.0,0.00113649
BNT/BTC,1586785314743,2020-04-13T13:41:54.743Z,buy,2.643e-05,43.0,0.00113649
BNT/BTC,1586785314743,2020-04-13T13:41:54.743Z,buy,2.643e-05,43.0,0.00113649
BNT/BTC,1586785314744,2020-04-13T13:41:54.744Z,buy,2.643e-05,43.0,0.00113649
BNT/BTC,1586785314746,2020-04-13T13:41:54.746Z,buy,2.643e-05,43.0,0.00113649
BNT/BTC,1586785314746,2020-04-13T13:41:54.746Z,buy,2.643e-05,43.0,0.00113649
BNT/BTC,1586785314746,2020-04-13T13:41:54.746Z,buy,2.643e-05,43.0,0.00113649
BNT/BTC,1586785314747,2020-04-13T13:41:54.747Z,buy,2.643e-05,43.0,0.00113649
BNT/BTC,1586785314747,2020-04-13T13:41:54.747Z,buy,2.643e-05,43.0,0.00113649
BNT/BTC,1586785314747,2020-04-13T13:41:54.747Z,buy,2.643e-05,43.0,0.00113649
BNT/BTC,1586785314747,2020-04-13T13:41:54.747Z,buy,2.643e-05,43.0,0.00113649
BNT/BTC,1586785314747,2020-04-13T13:41:54.747Z,buy,2.643e-05,43.0,0.00113649
BNT/BTC,1586785314747,2020-04-13T13:41:54.747Z,buy,2.643e-05,43.0,0.00113649
BNT/BTC,1586785314748,2020-04-13T13:41:54.748Z,buy,2.643e-05,43.0,0.00113649
BNT/BTC,1586785327118,2020-04-13T13:42:07.118Z,buy,2.644e-05,37.0,0.00097828
BNT/BTC,1586785327118,2020-04-13T13:42:07.118Z,buy,2.649e-05,200.0,0.005298
BNT/BTC,1586785328509,2020-04-13T13:42:08.509Z,buy,2.649e-05,75.0,0.00198675
BNT/BTC,1586785329429,2020-04-13T13:42:09.429Z,buy,2.649e-05,404.0,0.01070196
BNT/BTC,1586785329429,2020-04-13T13:42:09.429Z,buy,2.651e-05,77.0,0.00204127
BNT/BTC,1586785329429,2020-04-13T13:42:09.429Z,buy,2.653e-05,564.0,0.01496292
BNT/BTC,1586785330747,2020-04-13T13:42:10.747Z,buy,2.654e-05,11.0,0.00029194
BNT/BTC,1586785330747,2020-04-13T13:42:10.747Z,buy,2.656e-05,1118.0,0.02969408
BNT/BTC,1586785332021,2020-04-13T13:42:12.021Z,buy,2.656e-05,10.0,0.0002656
BNT/BTC,1586785332569,2020-04-13T13:42:12.569Z,buy,2.656e-05,25.0,0.000664
BNT/BTC,1586785333233,2020-04-13T13:42:13.233Z,buy,2.659e-05,488.0,0.01297592
BNT/BTC,1586785333660,2020-04-13T13:42:13.660Z,buy,2.66e-05,4558.0,0.1212428
BNT/BTC,1586785334080,2020-04-13T13:42:14.080Z,buy,2.662e-05,20.0,0.0005323999999999
BNT/BTC,1586785334637,2020-04-13T13:42:14.637Z,sell,2.656e-05,10.0,0.0002656
BNT/BTC,1586785334637,2020-04-13T13:42:14.637Z,sell,2.648e-05,364.0,0.00963872
BNT/BTC,1586785336075,2020-04-13T13:42:16.075Z,buy,2.662e-05,75.0,0.0019965
BNT/BTC,1586785336848,2020-04-13T13:42:16.848Z,sell,2.64e-05,384.0,0.0101376
BNT/BTC,1586785340639,2020-04-13T13:42:20.639Z,buy,2.662e-05,75.0,0.0019965
BNT/BTC,1586785344837,2020-04-13T13:42:24.837Z,buy,2.662e-05,75.0,0.0019965
BNT/BTC,1586785348497,2020-04-13T13:42:28.497Z,buy,2.662e-05,75.0,0.0019965
BNT/BTC,1586785352156,2020-04-13T13:42:32.156Z,buy,2.662e-05,75.0,0.0019965
BNT/BTC,1586785356660,2020-04-13T13:42:36.660Z,buy,2.662e-05,75.0,0.0019965
BNT/BTC,1586785358582,2020-04-13T13:42:38.582Z,buy,2.662e-05,298.0,0.00793276
BNT/BTC,1586785360252,2020-04-13T13:42:40.252Z,buy,2.662e-05,8.0,0.00021296
BNT/BTC,1586785360739,2020-04-13T13:42:40.739Z,buy,2.663e-05,75.0,0.00199725
BNT/BTC,1586785364671,2020-04-13T13:42:44.671Z,buy,2.663e-05,75.0,0.00199725
BNT/BTC,1586785368702,2020-04-13T13:42:48.702Z,buy,2.663e-05,69.0,0.00183747
BNT/BTC,1586785372585,2020-04-13T13:42:52.585Z,buy,2.663e-05,59.0,0.00157117
BNT/BTC,1586785376223,2020-04-13T13:42:56.223Z,buy,2.663e-05,3694.0,0.09837122
BNT/BTC,1586785377266,2020-04-13T13:42:57.266Z,buy,2.664e-05,675.0,0.0179819999999999
BNT/BTC,1586785377689,2020-04-13T13:42:57.689Z,buy,2.665e-05,16.0,0.0004264
BNT/BTC,1586785377858,2020-04-13T13:42:57.858Z,sell,2.663e-05,8.0,0.00021304
BNT/BTC,1586785378119,2020-04-13T13:42:58.119Z,buy,2.667e-05,5.0,0.00013335
BNT/BTC,1586785378541,2020-04-13T13:42:58.541Z,buy,2.668e-05,168.0,0.00448224
BNT/BTC,1586785381068,2020-04-13T13:43:01.068Z,buy,2.67e-05,4.0,0.0001068
BNT/BTC,1586785381068,2020-04-13T13:43:01.068Z,buy,2.672e-05,16.0,0.00042752
BNT/BTC,1586785381068,2020-04-13T13:43:01.068Z,buy,2.674e-05,4.0,0.00010696
BNT/BTC,1586785381663,2020-04-13T13:43:01.663Z,sell,2.663e-05,19.0,0.00050597
BNT/BTC,1586785384769,2020-04-13T13:43:04.769Z,buy,2.673e-05,73.0,0.00195129
BNT/BTC,1586785385196,2020-04-13T13:43:05.196Z,sell,2.663e-05,46.0,0.00122498
BNT/BTC,1586785385196,2020-04-13T13:43:05.196Z,sell,2.658e-05,153.0,0.00406674
BNT/BTC,1586785388817,2020-04-13T13:43:08.817Z,buy,2.674e-05,73.0,0.00195202
BNT/BTC,1586785392270,2020-04-13T13:43:12.270Z,buy,2.672e-05,73.0,0.00195056
BNT/BTC,1586785393583,2020-04-13T13:43:13.583Z,buy,2.672e-05,4.0,0.00010688
BNT/BTC,1586785394160,2020-04-13T13:43:14.160Z,buy,2.672e-05,4.0,0.00010688
BNT/BTC,1586785395377,2020-04-13T13:43:15.377Z,buy,2.672e-05,164.0,0.00438208
BNT/BTC,1586785396750,2020-04-13T13:43:16.750Z,buy,2.675e-05,73.0,0.00195275
BNT/BTC,1586785399088,2020-04-13T13:43:19.088Z,sell,2.668e-05,18.0,0.00048024
BNT/BTC,1586785403257,2020-04-13T13:43:23.257Z,buy,2.674e-05,856.0,0.02288944
BNT/BTC,1586785409370,2020-04-13T13:43:29.370Z,buy,2.674e-05,856.0,0.02288944
BNT/BTC,1586785427854,2020-04-13T13:43:47.854Z,buy,2.677e-05,4.0,0.00010708
BNT/BTC,1586785497633,2020-04-13T13:44:57.633Z,buy,2.677e-05,595.0,0.01592815
BNT/BTC,1586785505166,2020-04-13T13:45:05.166Z,buy,2.676e-05,22.0,0.00058872
BNT/BTC,1586785505166,2020-04-13T13:45:05.166Z,buy,2.677e-05,66.0,0.00176682
BNT/BTC,1586785505166,2020-04-13T13:45:05.166Z,buy,2.68e-05,352.0,0.0094336
BNT/BTC,1586785512492,2020-04-13T13:45:12.492Z,buy,2.68e-05,396.0,0.0106128
BNT/BTC,1586785518550,2020-04-13T13:45:18.550Z,buy,2.68e-05,44.0,0.0011792
BNT/BTC,1586785518550,2020-04-13T13:45:18.550Z,buy,2.681e-05,13.0,0.00034853
BNT/BTC,1586785518550,2020-04-13T13:45:18.550Z,buy,2.682e-05,174.0,0.00466668
BNT/BTC,1586785518550,2020-04-13T13:45:18.550Z,buy,2.683e-05,28.0,0.00075124
BNT/BTC,1586785524713,2020-04-13T13:45:24.713Z,buy,2.685e-05,471.0,0.0126463499999999
BNT/BTC,1586785525006,2020-04-13T13:45:25.006Z,buy,2.685e-05,472.0,0.0126731999999999
BNT/BTC,1586785525279,2020-04-13T13:45:25.279Z,sell,2.685e-05,23.0,0.00061755
BNT/BTC,1586785525903,2020-04-13T13:45:25.903Z,sell,2.685e-05,5.0,0.0001342499999999
BNT/BTC,1586785526952,2020-04-13T13:45:26.952Z,sell,2.685e-05,35.0,0.0009397499999999
BNT/BTC,1586785526952,2020-04-13T13:45:26.952Z,sell,2.674e-05,93.0,0.00248682
BNT/BTC,1586785530354,2020-04-13T13:45:30.354Z,buy,2.686e-05,356.0,0.00956216
BNT/BTC,1586785531940,2020-04-13T13:45:31.940Z,sell,2.67e-05,20.0,0.000534
BNT/BTC,1586785536006,2020-04-13T13:45:36.006Z,buy,2.686e-05,40.0,0.0010744
BNT/BTC,1586785536006,2020-04-13T13:45:36.006Z,buy,2.687e-05,56.0,0.00150472
BNT/BTC,1586785536006,2020-04-13T13:45:36.006Z,buy,2.688e-05,8.0,0.00021504
BNT/BTC,1586785536006,2020-04-13T13:45:36.006Z,buy,2.689e-05,232.0,0.0062384799999999
BNT/BTC,1586785543162,2020-04-13T13:45:43.162Z,sell,2.674e-05,20.0,0.0005348
BNT/BTC,1586785543162,2020-04-13T13:45:43.162Z,sell,2.673e-05,307.0,0.0082061099999999
BNT/BTC,1586785543162,2020-04-13T13:45:43.162Z,sell,2.671e-05,18.0,0.00048078
BNT/BTC,1586785579017,2020-04-13T13:46:19.017Z,buy,2.68e-05,20.0,0.000536
BNT/BTC,1586785579017,2020-04-13T13:46:19.017Z,buy,2.686e-05,20.0,0.0005372
BNT/BTC,1586785579017,2020-04-13T13:46:19.017Z,buy,2.688e-05,255.0,0.0068544
BNT/BTC,1586785579017,2020-04-13T13:46:19.017Z,buy,2.69e-05,304.0,0.0081776
BNT/BTC,1586785589192,2020-04-13T13:46:29.192Z,buy,2.69e-05,29.0,0.0007801
BNT/BTC,1586785589192,2020-04-13T13:46:29.192Z,buy,2.691e-05,20.0,0.0005382
BNT/BTC,1586785589192,2020-04-13T13:46:29.192Z,buy,2.692e-05,408.0,0.01098336
BNT/BTC,1586785589192,2020-04-13T13:46:29.192Z,buy,2.693e-05,265.0,0.00713645
BNT/BTC,1586785592494,2020-04-13T13:46:32.494Z,buy,2.693e-05,8.0,0.00021544
BNT/BTC,1586785592494,2020-04-13T13:46:32.494Z,buy,2.694e-05,5.0,0.0001347
BNT/BTC,1586785592984,2020-04-13T13:46:32.984Z,sell,2.694e-05,159.0,0.00428346
BNT/BTC,1586785593345,2020-04-13T13:46:33.345Z,sell,2.694e-05,68.0,0.00183192
BNT/BTC,1586785593845,2020-04-13T13:46:33.845Z,sell,2.694e-05,26.0,0.00070044
BNT/BTC,1586785596090,2020-04-13T13:46:36.090Z,sell,2.694e-05,114.0,0.00307116
BNT/BTC,1586785596340,2020-04-13T13:46:36.340Z,buy,2.695e-05,4.0,0.0001078
BNT/BTC,1586785598501,2020-04-13T13:46:38.501Z,buy,2.695e-05,160.0,0.004312
BNT/BTC,1586785601391,2020-04-13T13:46:41.391Z,sell,2.695e-05,20.0,0.000539
BNT/BTC,1586785603439,2020-04-13T13:46:43.439Z,sell,2.695e-05,20.0,0.000539
BNT/BTC,1586785605108,2020-04-13T13:46:45.108Z,sell,2.696e-05,48.0,0.00129408
BNT/BTC,1586785609993,2020-04-13T13:46:49.993Z,buy,2.697e-05,78.0,0.00210366
BNT/BTC,1586785609993,2020-04-13T13:46:49.993Z,buy,2.698e-05,17.0,0.00045866
BNT/BTC,1586785610839,2020-04-13T13:46:50.839Z,sell,2.698e-05,85.0,0.0022933
BNT/BTC,1586785611226,2020-04-13T13:46:51.226Z,buy,2.699e-05,406.0,0.01095794
BNT/BTC,1586785611439,2020-04-13T13:46:51.439Z,buy,2.7e-05,331.0,0.008937
BNT/BTC,1586785614496,2020-04-13T13:46:54.496Z,buy,2.702e-05,74.0,0.00199948
BNT/BTC,1586785614496,2020-04-13T13:46:54.496Z,buy,2.703e-05,1469.0,0.03970707
BNT/BTC,1586785615570,2020-04-13T13:46:55.570Z,sell,2.701e-05,59.0,0.00159359
BNT/BTC,1586785618186,2020-04-13T13:46:58.186Z,buy,2.704e-05,20.0,0.0005407999999999
BNT/BTC,1586785618186,2020-04-13T13:46:58.186Z,buy,2.705e-05,11.0,0.00029755
BNT/BTC,1586785618186,2020-04-13T13:46:58.186Z,buy,2.706e-05,1323.0,0.03580038
BNT/BTC,1586785620154,2020-04-13T13:47:00.154Z,sell,2.703e-05,51.0,0.00137853
BNT/BTC,1586785620469,2020-04-13T13:47:00.469Z,sell,2.703e-05,4.0,0.00010812
BNT/BTC,1586785623600,2020-04-13T13:47:03.600Z,sell,2.703e-05,99.0,0.00267597
BNT/BTC,1586785636285,2020-04-13T13:47:16.285Z,buy,2.707e-05,9.0,0.00024363
BNT/BTC,1586785636285,2020-04-13T13:47:16.285Z,buy,2.708e-05,148.0,0.00400784
BNT/BTC,1586785636285,2020-04-13T13:47:16.285Z,buy,2.71e-05,663.0,0.0179673
BNT/BTC,1586785638663,2020-04-13T13:47:18.663Z,buy,2.71e-05,3028.0,0.0820588
BNT/BTC,1586785643352,2020-04-13T13:47:23.352Z,buy,2.711e-05,31.0,0.00084041
BNT/BTC,1586785643352,2020-04-13T13:47:23.352Z,buy,2.712e-05,20.0,0.0005424
BNT/BTC,1586785643352,2020-04-13T13:47:23.352Z,buy,2.714e-05,109.0,0.00295826
BNT/BTC,1586785643352,2020-04-13T13:47:23.352Z,buy,2.715e-05,76.0,0.0020634
BNT/BTC,1586785647509,2020-04-13T13:47:27.509Z,buy,2.715e-05,4.0,0.0001086
BNT/BTC,1586785647523,2020-04-13T13:47:27.523Z,buy,2.715e-05,46.0,0.0012489
BNT/BTC,1586785647523,2020-04-13T13:47:27.523Z,buy,2.717e-05,20.0,0.0005434
BNT/BTC,1586785647920,2020-04-13T13:47:27.920Z,sell,2.717e-05,269.0,0.0073087299999999
BNT/BTC,1586785648948,2020-04-13T13:47:28.948Z,sell,2.717e-05,5.0,0.00013585
BNT/BTC,1586785655493,2020-04-13T13:47:35.493Z,buy,2.719e-05,53.0,0.00144107
BNT/BTC,1586785661931,2020-04-13T13:47:41.931Z,sell,2.717e-05,168.0,0.00456456
BNT/BTC,1586785661931,2020-04-13T13:47:41.931Z,sell,2.711e-05,20.0,0.0005422
BNT/BTC,1586785661931,2020-04-13T13:47:41.931Z,sell,2.707e-05,865.0,0.02341555
BNT/BTC,1586785661931,2020-04-13T13:47:41.931Z,sell,2.706e-05,1447.0,0.03915582
BNT/BTC,1586785662073,2020-04-13T13:47:42.073Z,buy,2.718e-05,1.0,2.718e-05
BNT/BTC,1586785662504,2020-04-13T13:47:42.504Z,sell,2.705e-05,305.0,0.00825025
BNT/BTC,1586785662504,2020-04-13T13:47:42.504Z,sell,2.704e-05,178.0,0.00481312
BNT/BTC,1586785662936,2020-04-13T13:47:42.936Z,sell,2.698e-05,20.0,0.0005396
BNT/BTC,1586785662936,2020-04-13T13:47:42.936Z,sell,2.695e-05,20.0,0.000539
BNT/BTC,1586785662949,2020-04-13T13:47:42.949Z,buy,2.717e-05,1.0,2.717e-05
BNT/BTC,1586785663027,2020-04-13T13:47:43.027Z,sell,2.696e-05,240.0,0.0064703999999999
BNT/BTC,1586785663027,2020-04-13T13:47:43.027Z,sell,2.695e-05,1369.0,0.03689455
BNT/BTC,1586785663489,2020-04-13T13:47:43.489Z,sell,2.692e-05,20.0,0.0005384
BNT/BTC,1586785663489,2020-04-13T13:47:43.489Z,sell,2.691e-05,32.0,0.00086112
BNT/BTC,1586785663564,2020-04-13T13:47:43.564Z,buy,2.716e-05,8.0,0.00021728
BNT/BTC,1586785663650,2020-04-13T13:47:43.650Z,buy,2.716e-05,369.0,0.01002204
BNT/BTC,1586785666545,2020-04-13T13:47:46.545Z,sell,2.692e-05,158.0,0.00425336
BNT/BTC,1586785667030,2020-04-13T13:47:47.030Z,sell,2.692e-05,62.0,0.0016690399999999
BNT/BTC,1586785668987,2020-04-13T13:47:48.987Z,sell,2.692e-05,140.0,0.0037688
BNT/BTC,1586785668987,2020-04-13T13:47:48.987Z,sell,2.69e-05,409.0,0.0110021
BNT/BTC,1586785668987,2020-04-13T13:47:48.987Z,sell,2.689e-05,1651.0,0.04439539
BNT/BTC,1586785668987,2020-04-13T13:47:48.987Z,sell,2.686e-05,20.0,0.0005372
BNT/BTC,1586785668987,2020-04-13T13:47:48.987Z,sell,2.682e-05,18.0,0.00048276
BNT/BTC,1586785668987,2020-04-13T13:47:48.987Z,sell,2.681e-05,184.0,0.00493304
BNT/BTC,1586785668987,2020-04-13T13:47:48.987Z,sell,2.68e-05,78.0,0.0020904
BNT/BTC,1586785669105,2020-04-13T13:47:49.105Z,buy,2.71e-05,220.0,0.005962
BNT/BTC,1586785669105,2020-04-13T13:47:49.105Z,buy,2.711e-05,599.0,0.01623889
BNT/BTC,1586785671786,2020-04-13T13:47:51.786Z,buy,2.688e-05,63.0,0.00169344
BNT/BTC,1586785672089,2020-04-13T13:47:52.089Z,buy,2.687e-05,148.0,0.00397676
BNT/BTC,1586785677506,2020-04-13T13:47:57.506Z,buy,2.684e-05,9.0,0.00024156
BNT/BTC,1586785678208,2020-04-13T13:47:58.208Z,buy,2.687e-05,311.0,0.0083565699999999
BNT/BTC,1586785680911,2020-04-13T13:48:00.911Z,buy,2.686e-05,310.0,0.0083266
BNT/BTC,1586785680911,2020-04-13T13:48:00.911Z,buy,2.687e-05,30.0,0.0008060999999999
BNT/BTC,1586785681472,2020-04-13T13:48:01.472Z,buy,2.686e-05,237.0,0.00636582
BNT/BTC,1586785681494,2020-04-13T13:48:01.494Z,buy,2.686e-05,6694.0,0.17980084
BNT/BTC,1586785683055,2020-04-13T13:48:03.055Z,sell,2.683e-05,856.0,0.0229664799999999
BNT/BTC,1586785683055,2020-04-13T13:48:03.055Z,sell,2.68e-05,1644.0,0.0440592
BNT/BTC,1586785683420,2020-04-13T13:48:03.420Z,buy,2.682e-05,18.0,0.00048276
BNT/BTC,1586785683959,2020-04-13T13:48:03.959Z,buy,2.693e-05,21.0,0.00056553
BNT/BTC,1586785688795,2020-04-13T13:48:08.795Z,sell,2.681e-05,53.0,0.00142093
BNT/BTC,1586785690145,2020-04-13T13:48:10.145Z,buy,2.691e-05,17.0,0.00045747
BNT/BTC,1586785692743,2020-04-13T13:48:12.743Z,sell,2.682e-05,856.0,0.02295792
BNT/BTC,1586785692743,2020-04-13T13:48:12.743Z,sell,2.677e-05,228.0,0.00610356
BNT/BTC,1586785692743,2020-04-13T13:48:12.743Z,sell,2.674e-05,30.0,0.0008022
BNT/BTC,1586785710887,2020-04-13T13:48:30.887Z,buy,2.68e-05,95.0,0.002546
BNT/BTC,1586785714505,2020-04-13T13:48:34.505Z,sell,2.679e-05,857.0,0.02295903
BNT/BTC,1586785714505,2020-04-13T13:48:34.505Z,sell,2.678e-05,749.0,0.02005822
BNT/BTC,1586785714513,2020-04-13T13:48:34.513Z,sell,2.671e-05,99.0,0.00264429
BNT/BTC,1586785719742,2020-04-13T13:48:39.742Z,sell,2.668e-05,4.0,0.00010672
BNT/BTC,1586785726734,2020-04-13T13:48:46.734Z,sell,2.667e-05,37.0,0.00098679
BNT/BTC,1586785726734,2020-04-13T13:48:46.734Z,sell,2.666e-05,163.0,0.00434558
BNT/BTC,1586785726740,2020-04-13T13:48:46.740Z,sell,2.666e-05,67.0,0.0017862199999999
BNT/BTC,1586785729937,2020-04-13T13:48:49.937Z,buy,2.672e-05,5.0,0.0001336
BNT/BTC,1586785734839,2020-04-13T13:48:54.839Z,sell,2.668e-05,200.0,0.005336
BNT/BTC,1586785735527,2020-04-13T13:48:55.527Z,buy,2.671e-05,300.0,0.008013
BNT/BTC,1586785742872,2020-04-13T13:49:02.872Z,sell,2.669e-05,200.0,0.005338
BNT/BTC,1586785746885,2020-04-13T13:49:06.885Z,sell,2.668e-05,200.0,0.005336
BNT/BTC,1586785750896,2020-04-13T13:49:10.896Z,sell,2.668e-05,200.0,0.005336
BNT/BTC,1586785754960,2020-04-13T13:49:14.960Z,sell,2.668e-05,200.0,0.005336
BNT/BTC,1586785758978,2020-04-13T13:49:18.978Z,sell,2.668e-05,200.0,0.005336
BNT/BTC,1586785761991,2020-04-13T13:49:21.991Z,buy,2.677e-05,511.0,0.0136794699999999
BNT/BTC,1586785762281,2020-04-13T13:49:22.281Z,buy,2.68e-05,20.0,0.000536
BNT/BTC,1586785762281,2020-04-13T13:49:22.281Z,buy,2.686e-05,20.0,0.0005372
BNT/BTC,1586785762281,2020-04-13T13:49:22.281Z,buy,2.687e-05,71.0,0.0019077699999999
BNT/BTC,1586785762488,2020-04-13T13:49:22.488Z,buy,2.687e-05,187.0,0.00502469
BNT/BTC,1586785762632,2020-04-13T13:49:22.632Z,buy,2.692e-05,34.0,0.00091528
BNT/BTC,1586785762632,2020-04-13T13:49:22.632Z,buy,2.698e-05,20.0,0.0005396
BNT/BTC,1586785762632,2020-04-13T13:49:22.632Z,buy,2.703e-05,179.0,0.00483837
BNT/BTC,1586785762989,2020-04-13T13:49:22.989Z,sell,2.677e-05,200.0,0.005354
BNT/BTC,1586785763232,2020-04-13T13:49:23.232Z,buy,2.702e-05,5.0,0.0001351
BNT/BTC,1586785763427,2020-04-13T13:49:23.427Z,buy,2.702e-05,4.0,0.00010808
BNT/BTC,1586785767066,2020-04-13T13:49:27.066Z,sell,2.694e-05,5.0,0.0001347
BNT/BTC,1586785767066,2020-04-13T13:49:27.066Z,sell,2.685e-05,5.0,0.0001342499999999
BNT/BTC,1586785767066,2020-04-13T13:49:27.066Z,sell,2.684e-05,190.0,0.0050996
BNT/BTC,1586785771103,2020-04-13T13:49:31.103Z,sell,2.676e-05,5.0,0.0001338
BNT/BTC,1586785771103,2020-04-13T13:49:31.103Z,sell,2.673e-05,195.0,0.00521235
BNT/BTC,1586785775120,2020-04-13T13:49:35.120Z,sell,2.67e-05,143.0,0.0038180999999999
BNT/BTC,1586785782843,2020-04-13T13:49:42.843Z,buy,2.687e-05,20.0,0.0005373999999999
BNT/BTC,1586785788204,2020-04-13T13:49:48.204Z,sell,2.686e-05,20.0,0.0005372
BNT/BTC,1586785792864,2020-04-13T13:49:52.864Z,buy,2.683e-05,27.0,0.00072441
BNT/BTC,1586785816124,2020-04-13T13:50:16.124Z,buy,2.682e-05,25.0,0.0006705
BNT/BTC,1586785816124,2020-04-13T13:50:16.124Z,buy,2.683e-05,102.0,0.0027366599999999
BNT/BTC,1586785816124,2020-04-13T13:50:16.124Z,buy,2.684e-05,17.0,0.00045628
BNT/BTC,1586785816124,2020-04-13T13:50:16.124Z,buy,2.694e-05,96.0,0.00258624
BNT/BTC,1586785816124,2020-04-13T13:50:16.124Z,buy,2.695e-05,434.0,0.0116963
BNT/BTC,1586785847378,2020-04-13T13:50:47.378Z,sell,2.68e-05,20.0,0.000536
BNT/BTC,1586785864055,2020-04-13T13:51:04.055Z,sell,2.674e-05,20.0,0.0005348
BNT/BTC,1586785864055,2020-04-13T13:51:04.055Z,sell,2.671e-05,308.0,0.00822668
BNT/BTC,1586785873876,2020-04-13T13:51:13.876Z,buy,2.68e-05,20.0,0.000536
BNT/BTC,1586785873876,2020-04-13T13:51:13.876Z,buy,2.685e-05,7.0,0.00018795
BNT/BTC,1586785895512,2020-04-13T13:51:35.512Z,sell,2.668e-05,28.0,0.0007470399999999
BNT/BTC,1586785895512,2020-04-13T13:51:35.512Z,sell,2.667e-05,5.0,0.00013335
BNT/BTC,1586785895512,2020-04-13T13:51:35.512Z,sell,2.666e-05,857.0,0.02284762
BNT/BTC,1586785895512,2020-04-13T13:51:35.512Z,sell,2.665e-05,32.0,0.0008528
BNT/BTC,1586785910775,2020-04-13T13:51:50.775Z,sell,2.668e-05,6.0,0.00016008
BNT/BTC,1586786024963,2020-04-13T13:53:44.963Z,sell,2.668e-05,14.0,0.0003735199999999
BNT/BTC,1586786024963,2020-04-13T13:53:44.963Z,sell,2.665e-05,342.0,0.0091143
BNT/BTC,1586786024963,2020-04-13T13:53:44.963Z,sell,2.664e-05,468.0,0.01246752
BNT/BTC,1586786121623,2020-04-13T13:55:21.623Z,sell,2.664e-05,1000.0,0.02664
BNT/BTC,1586786151381,2020-04-13T13:55:51.381Z,sell,2.664e-05,22.0,0.00058608
BNT/BTC,1586786151381,2020-04-13T13:55:51.381Z,sell,2.664e-05,22.0,0.00058608
BNT/BTC,1586786282899,2020-04-13T13:58:02.899Z,sell,2.665e-05,265.0,0.00706225
BNT/BTC,1586786282899,2020-04-13T13:58:02.899Z,sell,2.664e-05,735.0,0.0195803999999999
BNT/BTC,1586786283702,2020-04-13T13:58:03.702Z,sell,2.664e-05,1000.0,0.02664
BNT/BTC,1586786284101,2020-04-13T13:58:04.101Z,buy,2.669e-05,5.0,0.00013345
BNT/BTC,1586786284101,2020-04-13T13:58:04.101Z,buy,2.674e-05,20.0,0.0005348
BNT/BTC,1586786284101,2020-04-13T13:58:04.101Z,buy,2.68e-05,2081.0,0.0557708
BNT/BTC,1586786284104,2020-04-13T13:58:04.104Z,buy,2.68e-05,1241.0,0.0332588
BNT/BTC,1586786284104,2020-04-13T13:58:04.104Z,buy,2.681e-05,865.0,0.02319065
BNT/BTC,1586786336445,2020-04-13T13:58:56.445Z,sell,2.68e-05,95.0,0.002546
BNT/BTC,1586786336941,2020-04-13T13:58:56.941Z,buy,2.68e-05,89.0,0.0023852
BNT/BTC,1586786341250,2020-04-13T13:59:01.250Z,buy,2.68e-05,1.0,2.68e-05
BNT/BTC,1586786341250,2020-04-13T13:59:01.250Z,buy,2.685e-05,5.0,0.0001342499999999
BNT/BTC,1586786341386,2020-04-13T13:59:01.386Z,buy,2.685e-05,254.0,0.0068198999999999
BNT/BTC,1586786354542,2020-04-13T13:59:14.542Z,buy,2.686e-05,1.0,2.686e-05
BNT/BTC,1586786371331,2020-04-13T13:59:31.331Z,buy,2.678e-05,57.0,0.00152646
BNT/BTC,1586786371362,2020-04-13T13:59:31.362Z,sell,2.677e-05,57.0,0.00152589
BNT/BTC,1586786371782,2020-04-13T13:59:31.782Z,sell,2.674e-05,20.0,0.0005348
BNT/BTC,1586786372246,2020-04-13T13:59:32.246Z,sell,2.67e-05,705.0,0.0188235
BNT/BTC,1586786372246,2020-04-13T13:59:32.246Z,sell,2.669e-05,649.0,0.01732181
BNT/BTC,1586786372675,2020-04-13T13:59:32.675Z,sell,2.67e-05,57.0,0.0015218999999999
BNT/BTC,1586786373112,2020-04-13T13:59:33.112Z,sell,2.668e-05,20.0,0.0005336
BNT/BTC,1586786373990,2020-04-13T13:59:33.990Z,sell,2.664e-05,3469.0,0.09241416
BNT/BTC,1586786374150,2020-04-13T13:59:34.150Z,buy,2.678e-05,1.0,2.678e-05
BNT/BTC,1586786374421,2020-04-13T13:59:34.421Z,sell,2.663e-05,118.0,0.00314234
BNT/BTC,1586786374851,2020-04-13T13:59:34.851Z,sell,2.662e-05,20.0,0.0005323999999999
BNT/BTC,1586786375268,2020-04-13T13:59:35.268Z,sell,2.66e-05,414.0,0.0110124
BNT/BTC,1586786375918,2020-04-13T13:59:35.918Z,sell,2.659e-05,5.0,0.00013295
BNT/BTC,1586786376340,2020-04-13T13:59:36.340Z,sell,2.656e-05,20.0,0.0005312
BNT/BTC,1586786376762,2020-04-13T13:59:36.762Z,sell,2.655e-05,316.0,0.0083898
BNT/BTC,1586786376762,2020-04-13T13:59:36.762Z,sell,2.654e-05,5588.0,0.14830552
BNT/BTC,1586786377188,2020-04-13T13:59:37.188Z,sell,2.654e-05,348.0,0.00923592
BNT/BTC,1586786388040,2020-04-13T13:59:48.040Z,buy,2.661e-05,6.0,0.00015966
BNT/BTC,1586786391765,2020-04-13T13:59:51.765Z,buy,2.661e-05,2118.0,0.05635998
BNT/BTC,1586786391765,2020-04-13T13:59:51.765Z,buy,2.662e-05,20.0,0.0005323999999999
BNT/BTC,1586786396730,2020-04-13T13:59:56.730Z,sell,2.659e-05,135.0,0.00358965
BNT/BTC,1586786396732,2020-04-13T13:59:56.732Z,sell,2.659e-05,135.0,0.00358965
BNT/BTC,1586786396735,2020-04-13T13:59:56.735Z,sell,2.659e-05,28.0,0.00074452
BNT/BTC,1586786397254,2020-04-13T13:59:57.254Z,buy,2.658e-05,208.0,0.00552864
BNT/BTC,1586786400830,2020-04-13T14:00:00.830Z,buy,2.658e-05,62.0,0.00164796
BNT/BTC,1586786407978,2020-04-13T14:00:07.978Z,buy,2.662e-05,1.0,2.662e-05
BNT/BTC,1586786418491,2020-04-13T14:00:18.491Z,buy,2.66e-05,37.0,0.0009842
BNT/BTC,1586786421388,2020-04-13T14:00:21.388Z,buy,2.667e-05,51.0,0.00136017
BNT/BTC,1586786444031,2020-04-13T14:00:44.031Z,buy,2.659e-05,100.0,0.002659
BNT/BTC,1586786451556,2020-04-13T14:00:51.556Z,buy,2.658e-05,200.0,0.0053159999999999
BNT/BTC,1586786453575,2020-04-13T14:00:53.575Z,sell,2.656e-05,17.0,0.00045152
BNT/BTC,1586786454832,2020-04-13T14:00:54.832Z,buy,2.657e-05,857.0,0.02277049
BNT/BTC,1586786487233,2020-04-13T14:01:27.233Z,sell,2.656e-05,3.0,7.968e-05
BNT/BTC,1586786495106,2020-04-13T14:01:35.106Z,sell,2.651e-05,4.0,0.00010604
BNT/BTC,1586786530818,2020-04-13T14:02:10.818Z,sell,2.653e-05,57.0,0.00151221
BNT/BTC,1586786610413,2020-04-13T14:03:30.413Z,sell,2.658e-05,84.0,0.00223272
BNT/BTC,1586786629738,2020-04-13T14:03:49.738Z,sell,2.659e-05,64.0,0.00170176
BNT/BTC,1586786629741,2020-04-13T14:03:49.741Z,sell,2.659e-05,201.0,0.00534459
BNT/BTC,1586786629753,2020-04-13T14:03:49.753Z,sell,2.659e-05,91.0,0.00241969
BNT/BTC,1586786630084,2020-04-13T14:03:50.084Z,sell,2.659e-05,501.0,0.01332159
BNT/BTC,1586786636979,2020-04-13T14:03:56.979Z,sell,2.656e-05,57.0,0.00151392
BNT/BTC,1586786636997,2020-04-13T14:03:56.997Z,sell,2.656e-05,57.0,0.00151392
BNT/BTC,1586786637517,2020-04-13T14:03:57.517Z,sell,2.656e-05,56.0,0.00148736
BNT/BTC,1586786637580,2020-04-13T14:03:57.580Z,sell,2.656e-05,57.0,0.00151392
BNT/BTC,1586786640947,2020-04-13T14:04:00.947Z,sell,2.656e-05,89.0,0.00236384
BNT/BTC,1586786641909,2020-04-13T14:04:01.909Z,sell,2.656e-05,113.0,0.00300128
BNT/BTC,1586786642094,2020-04-13T14:04:02.094Z,sell,2.656e-05,126.0,0.00334656
BNT/BTC,1586786643074,2020-04-13T14:04:03.074Z,buy,2.657e-05,599.0,0.01591543
BNT/BTC,1586786706300,2020-04-13T14:05:06.300Z,sell,2.657e-05,6.0,0.00015942
BNT/BTC,1586786738324,2020-04-13T14:05:38.324Z,buy,2.657e-05,22.0,0.00058454
BNT/BTC,1586786738432,2020-04-13T14:05:38.432Z,buy,2.658e-05,18.0,0.00047844
BNT/BTC,1586786902334,2020-04-13T14:08:22.334Z,sell,2.658e-05,4.0,0.00010632
BNT/BTC,1586786905275,2020-04-13T14:08:25.275Z,sell,2.651e-05,1.0,2.651e-05
BNT/BTC,1586786905392,2020-04-13T14:08:25.392Z,buy,2.651e-05,100.0,0.0026509999999999
BNT/BTC,1586786906919,2020-04-13T14:08:26.919Z,sell,2.65e-05,25.0,0.0006625
BNT/BTC,1586786906919,2020-04-13T14:08:26.919Z,sell,2.645e-05,7.0,0.00018515
BNT/BTC,1586786908523,2020-04-13T14:08:28.523Z,sell,2.646e-05,642.0,0.01698732
BNT/BTC,1586786911878,2020-04-13T14:08:31.878Z,buy,2.65e-05,24.0,0.000636
BNT/BTC,1586786920502,2020-04-13T14:08:40.502Z,buy,2.653e-05,186.0,0.00493458
BNT/BTC,1586786941097,2020-04-13T14:09:01.097Z,sell,2.651e-05,506.0,0.0134140599999999
BNT/BTC,1586787083644,2020-04-13T14:11:23.644Z,sell,2.65e-05,240.0,0.00636
BNT/BTC,1586787084806,2020-04-13T14:11:24.806Z,sell,2.65e-05,1070.0,0.028355
BNT/BTC,1586787132615,2020-04-13T14:12:12.615Z,sell,2.648e-05,659.0,0.01745032
BNT/BTC,1586787134060,2020-04-13T14:12:14.060Z,sell,2.648e-05,4948.0,0.13102304
BNT/BTC,1586787134120,2020-04-13T14:12:14.120Z,sell,2.648e-05,365.0,0.0096652
BNT/BTC,1586787147836,2020-04-13T14:12:27.836Z,sell,2.645e-05,80.0,0.002116
BNT/BTC,1586787147836,2020-04-13T14:12:27.836Z,sell,2.643e-05,779.0,0.0205889699999999
BNT/BTC,1586787147957,2020-04-13T14:12:27.957Z,buy,2.643e-05,207.0,0.00547101
BNT/BTC,1586787153755,2020-04-13T14:12:33.755Z,sell,2.639e-05,184.0,0.00485576
BNT/BTC,1586787212521,2020-04-13T14:13:32.521Z,buy,2.638e-05,5.0,0.0001319
BNT/BTC,1586787212626,2020-04-13T14:13:32.626Z,buy,2.638e-05,8.0,0.00021104
BNT/BTC,1586787217705,2020-04-13T14:13:37.705Z,buy,2.65e-05,53.0,0.0014045
BNT/BTC,1586787234390,2020-04-13T14:13:54.390Z,buy,2.65e-05,139.0,0.0036835
BNT/BTC,1586787306870,2020-04-13T14:15:06.870Z,sell,2.65e-05,1199.0,0.0317735
BNT/BTC,1586787310244,2020-04-13T14:15:10.244Z,sell,2.65e-05,90.0,0.002385
BNT/BTC,1586787318381,2020-04-13T14:15:18.381Z,sell,2.65e-05,600.0,0.0159
BNT/BTC,1586787327622,2020-04-13T14:15:27.622Z,sell,2.651e-05,269.0,0.00713119
BNT/BTC,1586787333064,2020-04-13T14:15:33.064Z,sell,2.65e-05,331.0,0.0087715
BNT/BTC,1586787338611,2020-04-13T14:15:38.611Z,sell,2.65e-05,604.0,0.016006
BNT/BTC,1586787339066,2020-04-13T14:15:39.066Z,sell,2.65e-05,228.0,0.006042
BNT/BTC,1586787341648,2020-04-13T14:15:41.648Z,sell,2.65e-05,604.0,0.016006
BNT/BTC,1586787489918,2020-04-13T14:18:09.918Z,sell,2.65e-05,267.0,0.0070755
BNT/BTC,1586787517476,2020-04-13T14:18:37.476Z,buy,2.655e-05,5.0,0.00013275
BNT/BTC,1586787589765,2020-04-13T14:19:49.765Z,sell,2.65e-05,2874.0,0.076161
BNT/BTC,1586787610241,2020-04-13T14:20:10.241Z,sell,2.65e-05,17480.0,0.46322
BNT/BTC,1586787611762,2020-04-13T14:20:11.762Z,sell,2.65e-05,21.0,0.0005565
BNT/BTC,1586787686381,2020-04-13T14:21:26.381Z,buy,2.651e-05,15.0,0.00039765
BNT/BTC,1586787703411,2020-04-13T14:21:43.411Z,sell,2.65e-05,464.0,0.012296
BNT/BTC,1586787748468,2020-04-13T14:22:28.468Z,sell,2.65e-05,302.0,0.008003
BNT/BTC,1586787769217,2020-04-13T14:22:49.217Z,sell,2.65e-05,296.0,0.007844
BNT/BTC,1586787853916,2020-04-13T14:24:13.916Z,sell,2.65e-05,14.0,0.000371
BNT/BTC,1586788389225,2020-04-13T14:33:09.225Z,buy,2.649e-05,18.0,0.00047682
BNT/BTC,1586788427169,2020-04-13T14:33:47.169Z,sell,2.637e-05,17.0,0.00044829
BNT/BTC,1586788650332,2020-04-13T14:37:30.332Z,sell,2.638e-05,534.0,0.01408692
BNT/BTC,1586788701578,2020-04-13T14:38:21.578Z,sell,2.638e-05,64.0,0.00168832
BNT/BTC,1586789015037,2020-04-13T14:43:35.037Z,sell,2.638e-05,232.0,0.00612016
BNT/BTC,1586789015037,2020-04-13T14:43:35.037Z,sell,2.637e-05,909.0,0.02397033
BNT/BTC,1586789081038,2020-04-13T14:44:41.038Z,buy,2.64e-05,252.0,0.0066528
BNT/BTC,1586789178644,2020-04-13T14:46:18.644Z,buy,2.639e-05,24.0,0.00063336
BNT/BTC,1586789178644,2020-04-13T14:46:18.644Z,buy,2.64e-05,17.0,0.0004488
BNT/BTC,1586789373753,2020-04-13T14:49:33.753Z,sell,2.641e-05,112.0,0.00295792
BNT/BTC,1586789373753,2020-04-13T14:49:33.753Z,sell,2.641e-05,112.0,0.00295792
BNT/BTC,1586790092804,2020-04-13T15:01:32.804Z,buy,2.642e-05,17.0,0.00044914
BNT/BTC,1586790589025,2020-04-13T15:09:49.025Z,sell,2.641e-05,240.0,0.0063384
BNT/BTC,1586791199217,2020-04-13T15:19:59.217Z,buy,2.642e-05,8.0,0.00021136
BNT/BTC,1586791199217,2020-04-13T15:19:59.217Z,buy,2.649e-05,238.0,0.0063046199999999
BNT/BTC,1586791199831,2020-04-13T15:19:59.831Z,buy,2.649e-05,11.0,0.00029139
BNT/BTC,1586792012077,2020-04-13T15:33:32.077Z,buy,2.648e-05,8.0,0.00021184
BNT/BTC,1586792012077,2020-04-13T15:33:32.077Z,buy,2.649e-05,45.0,0.00119205
BNT/BTC,1586792297613,2020-04-13T15:38:17.613Z,buy,2.649e-05,4.0,0.00010596
BNT/BTC,1586792470506,2020-04-13T15:41:10.506Z,buy,2.649e-05,7.0,0.00018543
BNT/BTC,1586792815701,2020-04-13T15:46:55.701Z,sell,2.642e-05,8.0,0.00021136
BNT/BTC,1586792815701,2020-04-13T15:46:55.701Z,sell,2.638e-05,66.0,0.00174108
BNT/BTC,1586792815779,2020-04-13T15:46:55.779Z,sell,2.638e-05,75.0,0.0019785
BNT/BTC,1586792815993,2020-04-13T15:46:55.993Z,sell,2.638e-05,119.0,0.00313922
BNT/BTC,1586792833242,2020-04-13T15:47:13.242Z,sell,2.638e-05,108.0,0.00284904
BNT/BTC,1586792833242,2020-04-13T15:47:13.242Z,sell,2.638e-05,108.0,0.00284904
BNT/BTC,1586793353721,2020-04-13T15:55:53.721Z,buy,2.643e-05,1.0,2.643e-05
BNT/BTC,1586793378850,2020-04-13T15:56:18.850Z,buy,2.648e-05,1.0,2.648e-05
BNT/BTC,1586793476733,2020-04-13T15:57:56.733Z,sell,2.64e-05,4.0,0.0001056
BNT/BTC,1586793480981,2020-04-13T15:58:00.981Z,sell,2.639e-05,7.0,0.00018473
BNT/BTC,1586793508807,2020-04-13T15:58:28.807Z,sell,2.639e-05,1.0,2.639e-05
BNT/BTC,1586793508807,2020-04-13T15:58:28.807Z,sell,2.637e-05,341.0,0.00899217
BNT/BTC,1586793687048,2020-04-13T16:01:27.048Z,sell,2.638e-05,264.0,0.00696432
BNT/BTC,1586793687048,2020-04-13T16:01:27.048Z,sell,2.637e-05,136.0,0.00358632
BNT/BTC,1586793708929,2020-04-13T16:01:48.929Z,sell,2.637e-05,258.0,0.00680346
BNT/BTC,1586793711150,2020-04-13T16:01:51.150Z,buy,2.646e-05,22.0,0.00058212
BNT/BTC,1586793711235,2020-04-13T16:01:51.235Z,sell,2.646e-05,21.0,0.00055566
BNT/BTC,1586793719382,2020-04-13T16:01:59.382Z,buy,2.647e-05,8.0,0.00021176
BNT/BTC,1586793721984,2020-04-13T16:02:01.984Z,buy,2.648e-05,31.0,0.00082088
BNT/BTC,1586793722818,2020-04-13T16:02:02.818Z,buy,2.648e-05,31.0,0.00082088
BNT/BTC,1586793724990,2020-04-13T16:02:04.990Z,sell,2.647e-05,23.0,0.00060881
BNT/BTC,1586793724990,2020-04-13T16:02:04.990Z,sell,2.638e-05,377.0,0.00994526
BNT/BTC,1586793725214,2020-04-13T16:02:05.214Z,buy,2.648e-05,318.0,0.00842064
BNT/BTC,1586793726252,2020-04-13T16:02:06.252Z,buy,2.648e-05,318.0,0.00842064
BNT/BTC,1586793727172,2020-04-13T16:02:07.172Z,buy,2.648e-05,265.0,0.0070172
BNT/BTC,1586793728167,2020-04-13T16:02:08.167Z,sell,2.648e-05,53.0,0.00140344
BNT/BTC,1586793730288,2020-04-13T16:02:10.288Z,buy,2.647e-05,107.0,0.00283229
