symbol,timestamp,datetime,side,price,amount,btc_volume
BNT/BTC,1545772265681,2018-12-25T21:11:05.681Z,sell,0.00016301,20.0,0.0032602
BNT/BTC,1545772265738,2018-12-25T21:11:05.738Z,buy,0.00016301,17.0,0.00277117
BNT/BTC,1545772265738,2018-12-25T21:11:05.738Z,buy,0.00016343,50.0,0.0081715
BNT/BTC,1545772265738,2018-12-25T21:11:05.738Z,buy,0.00016358,91.0,0.01488578
BNT/BTC,1545772266524,2018-12-25T21:11:06.524Z,buy,0.00016342,10.0,0.0016342
BNT/BTC,1545772349656,2018-12-25T21:12:29.656Z,sell,0.00016301,30.0,0.0048903
BNT/BTC,1545772382754,2018-12-25T21:13:02.754Z,sell,0.0001624,7.0,0.0011367999999999
BNT/BTC,1545772807202,2018-12-25T21:20:07.202Z,sell,0.00016272,20.0,0.0032543999999999
BNT/BTC,1545773042631,2018-12-25T21:24:02.631Z,sell,0.0001624,6.0,0.0009743999999999
BNT/BTC,1545773042631,2018-12-25T21:24:02.631Z,sell,0.00016232,7.0,0.00113624
BNT/BTC,1545773042631,2018-12-25T21:24:02.631Z,sell,0.0001621,7.0,0.0011347
BNT/BTC,1545773042631,2018-12-25T21:24:02.631Z,sell,0.00016175,107.0,0.01730725
BNT/BTC,1545773042631,2018-12-25T21:24:02.631Z,sell,0.00016174,93.0,0.01504182
BNT/BTC,1545773042631,2018-12-25T21:24:02.631Z,sell,0.00016172,15.0,0.0024257999999999
BNT/BTC,1545773042631,2018-12-25T21:24:02.631Z,sell,0.00016169,30.0,0.0048507
BNT/BTC,1545773042631,2018-12-25T21:24:02.631Z,sell,0.00016129,66.0,0.0106451399999999
BNT/BTC,1545773042631,2018-12-25T21:24:02.631Z,sell,0.00016124,45.0,0.0072558
BNT/BTC,1545773056235,2018-12-25T21:24:16.235Z,sell,0.00016175,13.0,0.00210275
BNT/BTC,1545773075170,2018-12-25T21:24:35.170Z,buy,0.00016218,10.0,0.0016218
BNT/BTC,1545773408247,2018-12-25T21:30:08.247Z,buy,0.00016217,7.0,0.00113519
BNT/BTC,1545773698469,2018-12-25T21:34:58.469Z,sell,0.00016091,9.0,0.00144819
BNT/BTC,1545773704566,2018-12-25T21:35:04.566Z,sell,0.00016123,62.0,0.00999626
BNT/BTC,1545773755406,2018-12-25T21:35:55.406Z,buy,0.00016214,7.0,0.0011349799999999
BNT/BTC,1545773770294,2018-12-25T21:36:10.294Z,sell,0.00016213,23.0,0.0037289899999999
BNT/BTC,1545773942115,2018-12-25T21:39:02.115Z,buy,0.00016214,95.0,0.0154032999999999
BNT/BTC,1545774172977,2018-12-25T21:42:52.977Z,buy,0.00016218,7.0,0.00113526
BNT/BTC,1545774173077,2018-12-25T21:42:53.077Z,buy,0.00016218,7.0,0.00113526
BNT/BTC,1545774173186,2018-12-25T21:42:53.186Z,buy,0.00016218,7.0,0.00113526
BNT/BTC,1545774173269,2018-12-25T21:42:53.269Z,buy,0.00016218,7.0,0.00113526
BNT/BTC,1545774173381,2018-12-25T21:42:53.381Z,buy,0.00016218,7.0,0.00113526
BNT/BTC,1545774173496,2018-12-25T21:42:53.496Z,buy,0.00016218,7.0,0.00113526
BNT/BTC,1545774325060,2018-12-25T21:45:25.060Z,buy,0.00016218,7.0,0.00113526
BNT/BTC,1545774325281,2018-12-25T21:45:25.281Z,buy,0.00016218,7.0,0.00113526
BNT/BTC,1545774421965,2018-12-25T21:47:01.965Z,buy,0.00016218,3.0,0.00048654
BNT/BTC,1545774421965,2018-12-25T21:47:01.965Z,buy,0.0001625,6.0,0.000975
BNT/BTC,1545774421997,2018-12-25T21:47:01.997Z,buy,0.0001625,10.0,0.001625
BNT/BTC,1545774442366,2018-12-25T21:47:22.366Z,buy,0.00016246,14.0,0.00227444
BNT/BTC,1545774442366,2018-12-25T21:47:22.366Z,buy,0.0001625,6.0,0.000975
BNT/BTC,1545775003690,2018-12-25T21:56:43.690Z,sell,0.00016157,115.0,0.01858055
BNT/BTC,1545775181885,2018-12-25T21:59:41.885Z,buy,0.0001625,8.0,0.0013
BNT/BTC,1545775184335,2018-12-25T21:59:44.335Z,buy,0.00016256,7.0,0.00113792
BNT/BTC,1545775184335,2018-12-25T21:59:44.335Z,buy,0.00016256,7.0,0.00113792
BNT/BTC,1545775290607,2018-12-25T22:01:30.607Z,buy,0.00016256,21.0,0.0034137599999999
BNT/BTC,1545775358055,2018-12-25T22:02:38.055Z,buy,0.00016256,9.0,0.0014630399999999
BNT/BTC,1545775561225,2018-12-25T22:06:01.225Z,buy,0.00016256,8.0,0.00130048
BNT/BTC,1545775561225,2018-12-25T22:06:01.225Z,buy,0.00016276,2.0,0.00032552
BNT/BTC,1545775585405,2018-12-25T22:06:25.405Z,buy,0.00016276,13.0,0.00211588
BNT/BTC,1545775585405,2018-12-25T22:06:25.405Z,buy,0.00016294,7.0,0.00114058
BNT/BTC,1545775727281,2018-12-25T22:08:47.281Z,buy,0.00016279,39.0,0.00634881
BNT/BTC,1545775786343,2018-12-25T22:09:46.343Z,sell,0.00016201,835.0,0.13527835
BNT/BTC,1545776359975,2018-12-25T22:19:19.975Z,sell,0.00016203,11.0,0.00178233
BNT/BTC,1545776360043,2018-12-25T22:19:20.043Z,buy,0.000162,11.0,0.001782
BNT/BTC,1545776360156,2018-12-25T22:19:20.156Z,buy,0.000162,101.0,0.016362
BNT/BTC,1545776360692,2018-12-25T22:19:20.692Z,buy,0.000162,32.0,0.005184
BNT/BTC,1545776397414,2018-12-25T22:19:57.414Z,buy,0.00016257,18.0,0.00292626
BNT/BTC,1545776493675,2018-12-25T22:21:33.675Z,buy,0.00016276,9.0,0.00146484
BNT/BTC,1545776587629,2018-12-25T22:23:07.629Z,buy,0.00016276,39.0,0.00634764
BNT/BTC,1545776640999,2018-12-25T22:24:00.999Z,buy,0.0001624,10.0,0.001624
BNT/BTC,1545776665058,2018-12-25T22:24:25.058Z,buy,0.0001624,20.0,0.003248
BNT/BTC,1545776755251,2018-12-25T22:25:55.251Z,buy,0.00016276,32.0,0.00520832
BNT/BTC,1545776760115,2018-12-25T22:26:00.115Z,buy,0.00016241,39.0,0.00633399
BNT/BTC,1545776760663,2018-12-25T22:26:00.663Z,buy,0.00016277,10.0,0.0016277
BNT/BTC,1545776763991,2018-12-25T22:26:03.991Z,buy,0.00016277,21.0,0.00341817
BNT/BTC,1545776764013,2018-12-25T22:26:04.013Z,buy,0.00016277,21.0,0.00341817
BNT/BTC,1545776782886,2018-12-25T22:26:22.886Z,buy,0.00016277,20.0,0.0032554
BNT/BTC,1545776811366,2018-12-25T22:26:51.366Z,buy,0.00016275,10.0,0.0016275
BNT/BTC,1545776817080,2018-12-25T22:26:57.080Z,buy,0.00016241,30.0,0.0048723
BNT/BTC,1545776819617,2018-12-25T22:26:59.617Z,buy,0.00016241,8.0,0.00129928
BNT/BTC,1545776819727,2018-12-25T22:26:59.727Z,buy,0.00016275,17.0,0.00276675
BNT/BTC,1545776876216,2018-12-25T22:27:56.216Z,buy,0.00016242,35.0,0.0056847
BNT/BTC,1545776938394,2018-12-25T22:28:58.394Z,buy,0.00016277,48.0,0.0078129599999999
BNT/BTC,1545776938417,2018-12-25T22:28:58.417Z,buy,0.00016277,41.0,0.0066735699999999
BNT/BTC,1545776938422,2018-12-25T22:28:58.422Z,buy,0.00016277,9.0,0.00146493
BNT/BTC,1545776995409,2018-12-25T22:29:55.409Z,buy,0.00016277,31.0,0.00504587
BNT/BTC,1545777014714,2018-12-25T22:30:14.714Z,buy,0.00016277,10.0,0.0016277
BNT/BTC,1545777023870,2018-12-25T22:30:23.870Z,buy,0.00016277,453.0,0.07373481
BNT/BTC,1545777036590,2018-12-25T22:30:36.590Z,buy,0.0001632,20.0,0.003264
BNT/BTC,1545777146102,2018-12-25T22:32:26.102Z,buy,0.00016323,11.0,0.00179553
BNT/BTC,1545777149256,2018-12-25T22:32:29.256Z,sell,0.00016274,9.0,0.00146466
BNT/BTC,1545777305061,2018-12-25T22:35:05.061Z,sell,0.00016291,19.0,0.00309529
BNT/BTC,1545777305111,2018-12-25T22:35:05.111Z,buy,0.00016291,20.0,0.0032582
BNT/BTC,1545777305245,2018-12-25T22:35:05.245Z,buy,0.00016291,11.0,0.00179201
BNT/BTC,1545777374267,2018-12-25T22:36:14.267Z,sell,0.00016279,17.0,0.00276743
BNT/BTC,1545777374382,2018-12-25T22:36:14.382Z,buy,0.00016279,20.0,0.0032558
BNT/BTC,1545777376786,2018-12-25T22:36:16.786Z,sell,0.00016278,39.0,0.00634842
BNT/BTC,1545777854127,2018-12-25T22:44:14.127Z,buy,0.0001632,13.0,0.0021216
BNT/BTC,1545777873321,2018-12-25T22:44:33.321Z,buy,0.00016315,20.0,0.003263
BNT/BTC,1545778007748,2018-12-25T22:46:47.748Z,buy,0.00016394,70.0,0.0114758
BNT/BTC,1545778664829,2018-12-25T22:57:44.829Z,sell,0.00016286,16.0,0.00260576
BNT/BTC,1545778719250,2018-12-25T22:58:39.250Z,sell,0.00016243,20.0,0.0032486
BNT/BTC,1545778744799,2018-12-25T22:59:04.799Z,sell,0.00016243,12.0,0.00194916
BNT/BTC,1545778744799,2018-12-25T22:59:04.799Z,sell,0.00016243,12.0,0.00194916
BNT/BTC,1545778800446,2018-12-25T23:00:00.446Z,sell,0.00016251,15.0,0.00243765
BNT/BTC,1545778815986,2018-12-25T23:00:15.986Z,sell,0.00016249,25.0,0.00406225
BNT/BTC,1545779247737,2018-12-25T23:07:27.737Z,buy,0.00016264,20.0,0.0032528
BNT/BTC,1545779247737,2018-12-25T23:07:27.737Z,buy,0.00016346,16.0,0.00261536
BNT/BTC,1545779247737,2018-12-25T23:07:27.737Z,buy,0.00016349,16.0,0.00261584
BNT/BTC,1545779247756,2018-12-25T23:07:27.756Z,sell,0.0001635,138.0,0.022563
BNT/BTC,1545779247829,2018-12-25T23:07:27.829Z,sell,0.0001635,10.0,0.001635
BNT/BTC,1545779481283,2018-12-25T23:11:21.283Z,buy,0.00016267,9.0,0.00146403
BNT/BTC,1545779481853,2018-12-25T23:11:21.853Z,sell,0.00016267,390.0,0.0634413
BNT/BTC,1545779744870,2018-12-25T23:15:44.870Z,sell,0.00016209,20.0,0.0032417999999999
BNT/BTC,1545779748879,2018-12-25T23:15:48.879Z,sell,0.00016203,20.0,0.0032405999999999
BNT/BTC,1545779773379,2018-12-25T23:16:13.379Z,sell,0.00016248,7.0,0.00113736
BNT/BTC,1545779865115,2018-12-25T23:17:45.115Z,buy,0.00016211,47.0,0.00761917
BNT/BTC,1545780024976,2018-12-25T23:20:24.976Z,sell,0.00016089,9.0,0.00144801
BNT/BTC,1545780154800,2018-12-25T23:22:34.800Z,buy,0.00016224,79.0,0.0128169599999999
BNT/BTC,1545780154817,2018-12-25T23:22:34.817Z,sell,0.00016225,87.0,0.0141157499999999
BNT/BTC,1545780154857,2018-12-25T23:22:34.857Z,sell,0.00016225,362.0,0.0587344999999999
BNT/BTC,1545780182420,2018-12-25T23:23:02.420Z,sell,0.00016107,10.0,0.0016107
BNT/BTC,1545780309473,2018-12-25T23:25:09.473Z,sell,0.00016108,9.0,0.00144972
BNT/BTC,1545780330149,2018-12-25T23:25:30.149Z,sell,0.00016108,16.0,0.00257728
BNT/BTC,1545780420666,2018-12-25T23:27:00.666Z,sell,0.00016108,7.0,0.0011275599999999
BNT/BTC,1545780420748,2018-12-25T23:27:00.748Z,sell,0.00016108,158.0,0.02545064
BNT/BTC,1545780485954,2018-12-25T23:28:05.954Z,sell,0.00016176,84.0,0.01358784
BNT/BTC,1545780594688,2018-12-25T23:29:54.688Z,buy,0.00016222,12.0,0.00194664
BNT/BTC,1545780666643,2018-12-25T23:31:06.643Z,sell,0.00016133,105.0,0.01693965
BNT/BTC,1545780667195,2018-12-25T23:31:07.195Z,buy,0.00016132,12.0,0.00193584
BNT/BTC,1545780668382,2018-12-25T23:31:08.382Z,buy,0.00016132,10.0,0.0016132
BNT/BTC,1545780669522,2018-12-25T23:31:09.522Z,buy,0.00016132,12.0,0.00193584
BNT/BTC,1545780674345,2018-12-25T23:31:14.345Z,buy,0.00016132,7.0,0.00112924
BNT/BTC,1545780696148,2018-12-25T23:31:36.148Z,buy,0.00016132,7.0,0.00112924
BNT/BTC,1545780697860,2018-12-25T23:31:37.860Z,buy,0.00016132,7.0,0.00112924
BNT/BTC,1545780700076,2018-12-25T23:31:40.076Z,buy,0.00016132,9.0,0.00145188
BNT/BTC,1545780700098,2018-12-25T23:31:40.098Z,sell,0.00016081,41.0,0.00659321
BNT/BTC,1545780700098,2018-12-25T23:31:40.098Z,sell,0.00016076,14.0,0.00225064
BNT/BTC,1545780700098,2018-12-25T23:31:40.098Z,sell,0.00016051,106.0,0.0170140599999999
BNT/BTC,1545780700098,2018-12-25T23:31:40.098Z,sell,0.0001605,16.0,0.002568
BNT/BTC,1545780700098,2018-12-25T23:31:40.098Z,sell,0.00016048,16.0,0.00256768
BNT/BTC,1545780700098,2018-12-25T23:31:40.098Z,sell,0.00016046,7.0,0.0011232199999999
BNT/BTC,1545780706201,2018-12-25T23:31:46.201Z,sell,0.00016034,29.0,0.00464986
BNT/BTC,1545780706591,2018-12-25T23:31:46.591Z,buy,0.0001613,8.0,0.0012904
BNT/BTC,1545780707097,2018-12-25T23:31:47.097Z,buy,0.0001613,7.0,0.0011290999999999
BNT/BTC,1545780707432,2018-12-25T23:31:47.432Z,buy,0.0001613,85.0,0.0137104999999999
BNT/BTC,1545780707432,2018-12-25T23:31:47.432Z,buy,0.00016131,88.0,0.01419528
BNT/BTC,1545780707509,2018-12-25T23:31:47.509Z,buy,0.00016131,15.0,0.00241965
BNT/BTC,1545780707547,2018-12-25T23:31:47.547Z,buy,0.00016131,15.0,0.00241965
BNT/BTC,1545780710935,2018-12-25T23:31:50.935Z,buy,0.00016131,7.0,0.00112917
BNT/BTC,1545780728413,2018-12-25T23:32:08.413Z,buy,0.00016131,54.0,0.00871074
BNT/BTC,1545780728987,2018-12-25T23:32:08.987Z,sell,0.00016131,142.0,0.02290602
BNT/BTC,1545780743988,2018-12-25T23:32:23.988Z,sell,0.00016123,20.0,0.0032246
BNT/BTC,1545780753163,2018-12-25T23:32:33.163Z,buy,0.00016132,7.0,0.00112924
BNT/BTC,1545780807992,2018-12-25T23:33:27.992Z,sell,0.00016123,20.0,0.0032246
BNT/BTC,1545780923319,2018-12-25T23:35:23.319Z,buy,0.00016132,7.0,0.00112924
BNT/BTC,1545780931572,2018-12-25T23:35:31.572Z,buy,0.00016132,76.0,0.01226032
BNT/BTC,1545780995328,2018-12-25T23:36:35.328Z,buy,0.00016132,50.0,0.008066
BNT/BTC,1545781206337,2018-12-25T23:40:06.337Z,buy,0.00016132,33.0,0.00532356
BNT/BTC,1545781323140,2018-12-25T23:42:03.140Z,buy,0.00016132,27.0,0.00435564
BNT/BTC,1545781332774,2018-12-25T23:42:12.774Z,buy,0.00016132,9.0,0.00145188
BNT/BTC,1545781383729,2018-12-25T23:43:03.729Z,buy,0.00016132,17.0,0.00274244
BNT/BTC,1545781385342,2018-12-25T23:43:05.342Z,buy,0.00016132,37.0,0.00596884
BNT/BTC,1545781386201,2018-12-25T23:43:06.201Z,buy,0.00016132,37.0,0.00596884
BNT/BTC,1545781386202,2018-12-25T23:43:06.202Z,buy,0.00016132,37.0,0.00596884
BNT/BTC,1545781388014,2018-12-25T23:43:08.014Z,buy,0.00016132,6.0,0.00096792
BNT/BTC,1545781443915,2018-12-25T23:44:03.915Z,buy,0.00016195,18.0,0.0029151
BNT/BTC,1545782180364,2018-12-25T23:56:20.364Z,buy,0.00016164,9.0,0.00145476
BNT/BTC,1545782180364,2018-12-25T23:56:20.364Z,buy,0.00016164,9.0,0.00145476
BNT/BTC,1545782461812,2018-12-26T00:01:01.812Z,sell,0.00016134,63.0,0.01016442
BNT/BTC,1545783276887,2018-12-26T00:14:36.887Z,sell,0.00016102,39.0,0.00627978
BNT/BTC,1545783368200,2018-12-26T00:16:08.200Z,sell,0.000161,15.0,0.002415
BNT/BTC,1545783911999,2018-12-26T00:25:11.999Z,buy,0.000161,15.0,0.002415
BNT/BTC,1545783971620,2018-12-26T00:26:11.620Z,buy,0.00016101,12.0,0.00193212
BNT/BTC,1545784088601,2018-12-26T00:28:08.601Z,buy,0.00016101,11.0,0.00177111
BNT/BTC,1545784266696,2018-12-26T00:31:06.696Z,buy,0.00016132,9.0,0.00145188
BNT/BTC,1545784412916,2018-12-26T00:33:32.916Z,buy,0.00016132,7.0,0.00112924
BNT/BTC,1545784729393,2018-12-26T00:38:49.393Z,buy,0.00016116,10.0,0.0016116
BNT/BTC,1545784729393,2018-12-26T00:38:49.393Z,buy,0.00016173,2.0,0.00032346
BNT/BTC,1545784807974,2018-12-26T00:40:07.974Z,buy,0.00016112,10.0,0.0016112
BNT/BTC,1545784811621,2018-12-26T00:40:11.621Z,sell,0.00016169,25.0,0.00404225
BNT/BTC,1545784864441,2018-12-26T00:41:04.441Z,sell,0.00016072,12.0,0.00192864
BNT/BTC,1545784895023,2018-12-26T00:41:35.023Z,buy,0.0001618,9.0,0.0014562
BNT/BTC,1545784895206,2018-12-26T00:41:35.206Z,buy,0.0001618,18.0,0.0029124
BNT/BTC,1545784897612,2018-12-26T00:41:37.612Z,buy,0.0001618,12.0,0.0019416
BNT/BTC,1545784901020,2018-12-26T00:41:41.020Z,buy,0.00016224,10.0,0.0016224
BNT/BTC,1545784924569,2018-12-26T00:42:04.569Z,buy,0.00016232,58.0,0.00941456
BNT/BTC,1545784924871,2018-12-26T00:42:04.871Z,buy,0.00016235,8.0,0.0012988
BNT/BTC,1545784925181,2018-12-26T00:42:05.181Z,buy,0.00016232,55.0,0.0089276
BNT/BTC,1545784967881,2018-12-26T00:42:47.881Z,sell,0.00016232,105.0,0.0170436
BNT/BTC,1545784967881,2018-12-26T00:42:47.881Z,sell,0.00016231,12.0,0.00194772
BNT/BTC,1545784972566,2018-12-26T00:42:52.566Z,buy,0.00016299,21.0,0.00342279
BNT/BTC,1545784985241,2018-12-26T00:43:05.241Z,sell,0.00016297,10.0,0.0016297
BNT/BTC,1545785029352,2018-12-26T00:43:49.352Z,sell,0.00016297,13.0,0.00211861
BNT/BTC,1545785037538,2018-12-26T00:43:57.538Z,buy,0.00016299,84.0,0.01369116
BNT/BTC,1545785037538,2018-12-26T00:43:57.538Z,buy,0.000163,144.0,0.023472
BNT/BTC,1545785053523,2018-12-26T00:44:13.523Z,sell,0.000163,37.0,0.006031
BNT/BTC,1545785053654,2018-12-26T00:44:13.654Z,sell,0.000163,22.0,0.003586
BNT/BTC,1545785080163,2018-12-26T00:44:40.163Z,buy,0.00016299,13.0,0.00211887
BNT/BTC,1545785094957,2018-12-26T00:44:54.957Z,buy,0.00016299,42.0,0.00684558
BNT/BTC,1545785094965,2018-12-26T00:44:54.965Z,buy,0.00016299,37.0,0.00603063
BNT/BTC,1545785094965,2018-12-26T00:44:54.965Z,buy,0.000163,15.0,0.002445
BNT/BTC,1545785094965,2018-12-26T00:44:54.965Z,buy,0.00016302,62.0,0.01010724
BNT/BTC,1545785094965,2018-12-26T00:44:54.965Z,buy,0.00016346,84.0,0.01373064
BNT/BTC,1545785094965,2018-12-26T00:44:54.965Z,buy,0.00016356,18.0,0.00294408
BNT/BTC,1545785094965,2018-12-26T00:44:54.965Z,buy,0.00016358,26.0,0.00425308
BNT/BTC,1545785094965,2018-12-26T00:44:54.965Z,buy,0.000164,40.0,0.00656
BNT/BTC,1545785094965,2018-12-26T00:44:54.965Z,buy,0.000164,10.0,0.00164
BNT/BTC,1545785094965,2018-12-26T00:44:54.965Z,buy,0.00016431,2.0,0.00032862
BNT/BTC,1545785170218,2018-12-26T00:46:10.218Z,buy,0.00016379,21.0,0.00343959
BNT/BTC,1545785170728,2018-12-26T00:46:10.728Z,sell,0.00016287,15.0,0.00244305
BNT/BTC,1545785170728,2018-12-26T00:46:10.728Z,sell,0.00016278,80.0,0.0130224
BNT/BTC,1545785170728,2018-12-26T00:46:10.728Z,sell,0.00016277,16.0,0.00260432
BNT/BTC,1545785170728,2018-12-26T00:46:10.728Z,sell,0.00016273,16.0,0.00260368
BNT/BTC,1545785170728,2018-12-26T00:46:10.728Z,sell,0.00016267,7.0,0.00113869
BNT/BTC,1545785170728,2018-12-26T00:46:10.728Z,sell,0.000162,39.0,0.006318
BNT/BTC,1545785176046,2018-12-26T00:46:16.046Z,sell,0.00016278,12.0,0.00195336
BNT/BTC,1545785268611,2018-12-26T00:47:48.611Z,buy,0.00016282,15.0,0.0024422999999999
BNT/BTC,1545785315882,2018-12-26T00:48:35.882Z,buy,0.00016282,8.0,0.00130256
BNT/BTC,1545785316989,2018-12-26T00:48:36.989Z,buy,0.00016282,8.0,0.00130256
BNT/BTC,1545785321042,2018-12-26T00:48:41.042Z,buy,0.00016282,9.0,0.0014653799999999
BNT/BTC,1545785321133,2018-12-26T00:48:41.133Z,buy,0.00016282,2.0,0.00032564
BNT/BTC,1545785332380,2018-12-26T00:48:52.380Z,buy,0.00016285,39.0,0.00635115
BNT/BTC,1545785379501,2018-12-26T00:49:39.501Z,sell,0.00016301,7.0,0.00114107
BNT/BTC,1545785381643,2018-12-26T00:49:41.643Z,sell,0.00016301,7.0,0.00114107
BNT/BTC,1545785384280,2018-12-26T00:49:44.280Z,sell,0.000163,7.0,0.001141
BNT/BTC,1545785386505,2018-12-26T00:49:46.505Z,sell,0.000163,7.0,0.001141
BNT/BTC,1545785388826,2018-12-26T00:49:48.826Z,sell,0.00016301,7.0,0.00114107
BNT/BTC,1545785391660,2018-12-26T00:49:51.660Z,sell,0.00016301,7.0,0.00114107
BNT/BTC,1545785470869,2018-12-26T00:51:10.869Z,buy,0.00016368,23.0,0.00376464
BNT/BTC,1545785470892,2018-12-26T00:51:10.892Z,buy,0.00016368,5.0,0.0008184
BNT/BTC,1545785470892,2018-12-26T00:51:10.892Z,buy,0.00016369,15.0,0.00245535
BNT/BTC,1545785477774,2018-12-26T00:51:17.774Z,buy,0.00016378,30.0,0.0049134
BNT/BTC,1545785482524,2018-12-26T00:51:22.524Z,buy,0.00016378,56.0,0.00917168
BNT/BTC,1545785482719,2018-12-26T00:51:22.719Z,sell,0.00016378,5.0,0.0008189
BNT/BTC,1545785523001,2018-12-26T00:52:03.001Z,sell,0.00016286,19.0,0.00309434
BNT/BTC,1545785543659,2018-12-26T00:52:23.659Z,buy,0.00016389,16.0,0.00262224
BNT/BTC,1545785551519,2018-12-26T00:52:31.519Z,sell,0.00016307,8.0,0.00130456
BNT/BTC,1545785591797,2018-12-26T00:53:11.797Z,buy,0.0001639,7.0,0.0011473
BNT/BTC,1545785762126,2018-12-26T00:56:02.126Z,buy,0.00016405,122.0,0.0200141
BNT/BTC,1545785762127,2018-12-26T00:56:02.127Z,buy,0.00016405,18.0,0.0029529
BNT/BTC,1545785762180,2018-12-26T00:56:02.180Z,buy,0.00016405,10.0,0.0016405
BNT/BTC,1545785762180,2018-12-26T00:56:02.180Z,buy,0.00016406,8.0,0.00131248
BNT/BTC,1545785762181,2018-12-26T00:56:02.181Z,buy,0.00016406,12.0,0.00196872
BNT/BTC,1545785762188,2018-12-26T00:56:02.188Z,buy,0.00016406,10.0,0.0016405999999999
BNT/BTC,1545785762188,2018-12-26T00:56:02.188Z,buy,0.00016423,18.0,0.00295614
BNT/BTC,1545785762188,2018-12-26T00:56:02.188Z,buy,0.00016465,23.0,0.00378695
BNT/BTC,1545785762188,2018-12-26T00:56:02.188Z,buy,0.00016483,40.0,0.0065932
BNT/BTC,1545785762191,2018-12-26T00:56:02.191Z,buy,0.00016483,280.0,0.0461524
BNT/BTC,1545785762191,2018-12-26T00:56:02.191Z,buy,0.00016483,61.0,0.01005463
BNT/BTC,1545785762196,2018-12-26T00:56:02.196Z,buy,0.00016483,42.0,0.00692286
BNT/BTC,1545785762196,2018-12-26T00:56:02.196Z,buy,0.00016483,42.0,0.00692286
BNT/BTC,1545785797095,2018-12-26T00:56:37.095Z,buy,0.0001639,7.0,0.0011473
BNT/BTC,1545786011548,2018-12-26T01:00:11.548Z,sell,0.00016376,20.0,0.0032752
BNT/BTC,1545786011601,2018-12-26T01:00:11.601Z,sell,0.00016376,129.0,0.0211250399999999
BNT/BTC,1545786110818,2018-12-26T01:01:50.818Z,sell,0.00016321,60.0,0.0097926
BNT/BTC,1545786110818,2018-12-26T01:01:50.818Z,sell,0.00016306,38.0,0.00619628
BNT/BTC,1545786129510,2018-12-26T01:02:09.510Z,sell,0.00016306,76.0,0.01239256
BNT/BTC,1545786129584,2018-12-26T01:02:09.584Z,buy,0.00016306,9.0,0.00146754
BNT/BTC,1545786130163,2018-12-26T01:02:10.163Z,buy,0.00016306,106.0,0.01728436
BNT/BTC,1545786133163,2018-12-26T01:02:13.163Z,buy,0.00016306,5.0,0.0008153
BNT/BTC,1545786371786,2018-12-26T01:06:11.786Z,buy,0.0001634,132.0,0.0215688
BNT/BTC,1545786447154,2018-12-26T01:07:27.154Z,buy,0.00016366,9.0,0.0014729399999999
BNT/BTC,1545786466872,2018-12-26T01:07:46.872Z,buy,0.00016388,133.0,0.02179604
BNT/BTC,1545786466872,2018-12-26T01:07:46.872Z,buy,0.0001639,86.0,0.0140954
BNT/BTC,1545786470783,2018-12-26T01:07:50.783Z,buy,0.00016428,97.0,0.01593516
BNT/BTC,1545786471913,2018-12-26T01:07:51.913Z,buy,0.00016429,382.0,0.06275878
BNT/BTC,1545786472126,2018-12-26T01:07:52.126Z,buy,0.0001643,47.0,0.0077221
BNT/BTC,1545786472754,2018-12-26T01:07:52.754Z,buy,0.0001643,26.0,0.0042718
BNT/BTC,1545786474963,2018-12-26T01:07:54.963Z,buy,0.00016431,201.0,0.03302631
BNT/BTC,1545786477487,2018-12-26T01:07:57.487Z,buy,0.00016431,239.0,0.03927009
BNT/BTC,1545786477892,2018-12-26T01:07:57.892Z,buy,0.00016431,88.0,0.01445928
BNT/BTC,1545786491734,2018-12-26T01:08:11.734Z,buy,0.00016464,30.0,0.0049391999999999
BNT/BTC,1545786493127,2018-12-26T01:08:13.127Z,buy,0.00016472,9.0,0.00148248
BNT/BTC,1545786506443,2018-12-26T01:08:26.443Z,buy,0.00016471,108.0,0.0177886799999999
BNT/BTC,1545786506632,2018-12-26T01:08:26.632Z,buy,0.00016472,81.0,0.01334232
BNT/BTC,1545786507655,2018-12-26T01:08:27.655Z,buy,0.00016472,81.0,0.01334232
BNT/BTC,1545786508918,2018-12-26T01:08:28.918Z,buy,0.00016472,55.0,0.0090596
BNT/BTC,1545786508941,2018-12-26T01:08:28.941Z,buy,0.00016472,1.0,0.00016472
BNT/BTC,1545786523858,2018-12-26T01:08:43.858Z,buy,0.000165,226.0,0.03729
BNT/BTC,1545786524061,2018-12-26T01:08:44.061Z,buy,0.00016511,351.0,0.0579536099999999
BNT/BTC,1545786524254,2018-12-26T01:08:44.254Z,buy,0.00016511,47.0,0.00776017
BNT/BTC,1545786526910,2018-12-26T01:08:46.910Z,sell,0.00016443,104.0,0.01710072
BNT/BTC,1545786527594,2018-12-26T01:08:47.594Z,sell,0.00016454,14.0,0.00230356
BNT/BTC,1545786531330,2018-12-26T01:08:51.330Z,buy,0.00016525,13.0,0.00214825
BNT/BTC,1545786545428,2018-12-26T01:09:05.428Z,buy,0.00016572,19.0,0.00314868
BNT/BTC,1545786546267,2018-12-26T01:09:06.267Z,buy,0.00016525,7.0,0.00115675
BNT/BTC,1545786556428,2018-12-26T01:09:16.428Z,buy,0.00016564,32.0,0.00530048
BNT/BTC,1545786557184,2018-12-26T01:09:17.184Z,buy,0.00016572,2.0,0.00033144
BNT/BTC,1545786557184,2018-12-26T01:09:17.184Z,buy,0.00016574,7.0,0.00116018
BNT/BTC,1545786558421,2018-12-26T01:09:18.421Z,sell,0.00016564,8.0,0.00132512
BNT/BTC,1545786571645,2018-12-26T01:09:31.645Z,buy,0.00016574,7.0,0.00116018
BNT/BTC,1545786578528,2018-12-26T01:09:38.528Z,buy,0.00016574,294.0,0.0487275599999999
BNT/BTC,1545786595814,2018-12-26T01:09:55.814Z,buy,0.00016574,1.0,0.00016574
BNT/BTC,1545786595949,2018-12-26T01:09:55.949Z,buy,0.00016579,7.0,0.00116053
BNT/BTC,1545786596074,2018-12-26T01:09:56.074Z,buy,0.00016596,81.0,0.01344276
BNT/BTC,1545786596147,2018-12-26T01:09:56.147Z,buy,0.00016596,21.0,0.0034851599999999
BNT/BTC,1545786596346,2018-12-26T01:09:56.346Z,buy,0.000166,41.0,0.0068059999999999
BNT/BTC,1545786596461,2018-12-26T01:09:56.461Z,buy,0.00016613,13.0,0.00215969
BNT/BTC,1545786599512,2018-12-26T01:09:59.512Z,buy,0.00016619,24.0,0.00398856
BNT/BTC,1545786600138,2018-12-26T01:10:00.138Z,buy,0.00016619,7.0,0.00116333
BNT/BTC,1545786600340,2018-12-26T01:10:00.340Z,buy,0.00016619,7.0,0.00116333
BNT/BTC,1545786600446,2018-12-26T01:10:00.446Z,buy,0.00016619,7.0,0.00116333
BNT/BTC,1545786600541,2018-12-26T01:10:00.541Z,buy,0.00016619,7.0,0.00116333
BNT/BTC,1545786600650,2018-12-26T01:10:00.650Z,buy,0.00016619,7.0,0.00116333
BNT/BTC,1545786603133,2018-12-26T01:10:03.133Z,sell,0.00016574,226.0,0.0374572399999999
BNT/BTC,1545786607098,2018-12-26T01:10:07.098Z,sell,0.00016545,7.0,0.00115815
BNT/BTC,1545786626415,2018-12-26T01:10:26.415Z,buy,0.00016619,6.0,0.00099714
BNT/BTC,1545786626461,2018-12-26T01:10:26.461Z,buy,0.0001663,13.0,0.0021619
BNT/BTC,1545786626525,2018-12-26T01:10:26.525Z,buy,0.00016633,16.0,0.00266128
BNT/BTC,1545786626569,2018-12-26T01:10:26.569Z,buy,0.00016633,182.0,0.0302720599999999
BNT/BTC,1545786627187,2018-12-26T01:10:27.187Z,buy,0.00016644,9.0,0.00149796
BNT/BTC,1545786630447,2018-12-26T01:10:30.447Z,buy,0.00016644,52.0,0.00865488
BNT/BTC,1545786633161,2018-12-26T01:10:33.161Z,sell,0.00016642,7.0,0.00116494
BNT/BTC,1545786633161,2018-12-26T01:10:33.161Z,sell,0.00016625,4.0,0.000665
BNT/BTC,1545786640380,2018-12-26T01:10:40.380Z,buy,0.00016644,21.0,0.00349524
BNT/BTC,1545786653876,2018-12-26T01:10:53.876Z,buy,0.00016644,43.0,0.00715692
BNT/BTC,1545786653876,2018-12-26T01:10:53.876Z,buy,0.00016652,60.0,0.0099912
BNT/BTC,1545786653876,2018-12-26T01:10:53.876Z,buy,0.00016655,13.0,0.00216515
BNT/BTC,1545786653876,2018-12-26T01:10:53.876Z,buy,0.00016668,7.0,0.00116676
BNT/BTC,1545786653876,2018-12-26T01:10:53.876Z,buy,0.00016683,16.0,0.00266928
BNT/BTC,1545786653876,2018-12-26T01:10:53.876Z,buy,0.00016706,7.0,0.00116942
BNT/BTC,1545786653876,2018-12-26T01:10:53.876Z,buy,0.00016728,10.0,0.0016728
BNT/BTC,1545786653876,2018-12-26T01:10:53.876Z,buy,0.0001676,13.0,0.0021788
BNT/BTC,1545786653876,2018-12-26T01:10:53.876Z,buy,0.00016767,18.0,0.00301806
BNT/BTC,1545786653876,2018-12-26T01:10:53.876Z,buy,0.0001677,12.0,0.0020124
BNT/BTC,1545786658507,2018-12-26T01:10:58.507Z,sell,0.00016631,9.0,0.00149679
BNT/BTC,1545786665509,2018-12-26T01:11:05.509Z,buy,0.00016768,9.0,0.0015091199999999
BNT/BTC,1545786665509,2018-12-26T01:11:05.509Z,buy,0.00016769,57.0,0.0095583299999999
BNT/BTC,1545786670948,2018-12-26T01:11:10.948Z,sell,0.00016644,7.0,0.00116508
BNT/BTC,1545786699909,2018-12-26T01:11:39.909Z,buy,0.00016752,7.0,0.00117264
BNT/BTC,1545786715063,2018-12-26T01:11:55.063Z,sell,0.00016661,98.0,0.01632778
BNT/BTC,1545786715063,2018-12-26T01:11:55.063Z,sell,0.0001666,140.0,0.023324
BNT/BTC,1545786715063,2018-12-26T01:11:55.063Z,sell,0.00016653,7.0,0.00116571
BNT/BTC,1545786715063,2018-12-26T01:11:55.063Z,sell,0.00016651,7.0,0.00116557
BNT/BTC,1545786715063,2018-12-26T01:11:55.063Z,sell,0.0001664,7.0,0.0011648
BNT/BTC,1545786715063,2018-12-26T01:11:55.063Z,sell,0.00016584,7.0,0.00116088
BNT/BTC,1545786715063,2018-12-26T01:11:55.063Z,sell,0.00016582,125.0,0.0207275
BNT/BTC,1545786715063,2018-12-26T01:11:55.063Z,sell,0.00016568,72.0,0.01192896
BNT/BTC,1545786715063,2018-12-26T01:11:55.063Z,sell,0.00016567,98.0,0.01623566
BNT/BTC,1545786715063,2018-12-26T01:11:55.063Z,sell,0.00016567,24.0,0.00397608
BNT/BTC,1545786715535,2018-12-26T01:11:55.535Z,sell,0.00016569,84.0,0.01391796
BNT/BTC,1545786719997,2018-12-26T01:11:59.997Z,sell,0.00016578,7.0,0.00116046
BNT/BTC,1545786719997,2018-12-26T01:11:59.997Z,sell,0.0001657,35.0,0.0057995
BNT/BTC,1545786719997,2018-12-26T01:11:59.997Z,sell,0.00016569,8.0,0.00132552
BNT/BTC,1545786723403,2018-12-26T01:12:03.403Z,sell,0.00016569,12.0,0.00198828
BNT/BTC,1545786728549,2018-12-26T01:12:08.549Z,sell,0.00016523,62.0,0.01024426
BNT/BTC,1545786730540,2018-12-26T01:12:10.540Z,sell,0.00016531,7.0,0.00115717
BNT/BTC,1545786730540,2018-12-26T01:12:10.540Z,sell,0.00016524,21.0,0.00347004
BNT/BTC,1545786730540,2018-12-26T01:12:10.540Z,sell,0.00016523,33.0,0.0054525899999999
BNT/BTC,1545786737117,2018-12-26T01:12:17.117Z,sell,0.00016531,7.0,0.00115717
BNT/BTC,1545786737117,2018-12-26T01:12:17.117Z,sell,0.00016523,20.0,0.0033045999999999
BNT/BTC,1545786737117,2018-12-26T01:12:17.117Z,sell,0.00016463,34.0,0.00559742
BNT/BTC,1545786737630,2018-12-26T01:12:17.630Z,buy,0.00016569,12.0,0.00198828
BNT/BTC,1545786737630,2018-12-26T01:12:17.630Z,buy,0.00016639,35.0,0.00582365
BNT/BTC,1545786739805,2018-12-26T01:12:19.805Z,buy,0.00016637,48.0,0.00798576
BNT/BTC,1545786742437,2018-12-26T01:12:22.437Z,sell,0.00016494,14.0,0.00230916
BNT/BTC,1545786743030,2018-12-26T01:12:23.030Z,sell,0.00016494,20.0,0.0032988
BNT/BTC,1545786743030,2018-12-26T01:12:23.030Z,sell,0.00016484,42.0,0.00692328
BNT/BTC,1545786743344,2018-12-26T01:12:23.344Z,sell,0.00016485,61.0,0.01005585
BNT/BTC,1545786744397,2018-12-26T01:12:24.397Z,sell,0.00016493,58.0,0.00956594
BNT/BTC,1545786749548,2018-12-26T01:12:29.548Z,buy,0.0001663,16.0,0.0026608
BNT/BTC,1545786749857,2018-12-26T01:12:29.857Z,buy,0.0001663,18.0,0.0029934
BNT/BTC,1545786749889,2018-12-26T01:12:29.889Z,buy,0.0001663,59.0,0.0098117
BNT/BTC,1545786749896,2018-12-26T01:12:29.896Z,buy,0.0001663,12.0,0.0019956
BNT/BTC,1545786749896,2018-12-26T01:12:29.896Z,buy,0.00016633,101.0,0.0167993299999999
BNT/BTC,1545786749991,2018-12-26T01:12:29.991Z,buy,0.00016629,17.0,0.00282693
BNT/BTC,1545786762821,2018-12-26T01:12:42.821Z,buy,0.00016625,77.0,0.01280125
BNT/BTC,1545786767016,2018-12-26T01:12:47.016Z,buy,0.00016552,7.0,0.00115864
BNT/BTC,1545786787669,2018-12-26T01:13:07.669Z,buy,0.00016552,27.0,0.00446904
BNT/BTC,1545786801435,2018-12-26T01:13:21.435Z,sell,0.00016557,7.0,0.00115899
BNT/BTC,1545786883786,2018-12-26T01:14:43.786Z,buy,0.00016639,7.0,0.00116473
BNT/BTC,1545786883786,2018-12-26T01:14:43.786Z,buy,0.00016672,1.0,0.00016672
BNT/BTC,1545786899622,2018-12-26T01:14:59.622Z,sell,0.00016516,9.0,0.00148644
BNT/BTC,1545786905599,2018-12-26T01:15:05.599Z,buy,0.00016664,9.0,0.00149976
BNT/BTC,1545786970629,2018-12-26T01:16:10.629Z,buy,0.00016643,20.0,0.0033285999999999
BNT/BTC,1545786970629,2018-12-26T01:16:10.629Z,buy,0.00016672,28.0,0.00466816
BNT/BTC,1545787050898,2018-12-26T01:17:30.898Z,sell,0.00016587,15.0,0.00248805
BNT/BTC,1545787097095,2018-12-26T01:18:17.095Z,sell,0.0001659,7.0,0.0011612999999999
BNT/BTC,1545787097095,2018-12-26T01:18:17.095Z,sell,0.00016588,3.0,0.00049764
BNT/BTC,1545787156799,2018-12-26T01:19:16.799Z,sell,0.00016588,4.0,0.00066352
BNT/BTC,1545787156799,2018-12-26T01:19:16.799Z,sell,0.00016529,118.0,0.01950422
BNT/BTC,1545787156799,2018-12-26T01:19:16.799Z,sell,0.00016528,7.0,0.0011569599999999
BNT/BTC,1545787156799,2018-12-26T01:19:16.799Z,sell,0.000165,7.0,0.001155
BNT/BTC,1545787156799,2018-12-26T01:19:16.799Z,sell,0.00016493,7.0,0.00115451
BNT/BTC,1545787156799,2018-12-26T01:19:16.799Z,sell,0.00016474,122.0,0.02009828
BNT/BTC,1545787202310,2018-12-26T01:20:02.310Z,sell,0.00016495,13.0,0.00214435
BNT/BTC,1545787835324,2018-12-26T01:30:35.324Z,sell,0.00016543,7.0,0.00115801
BNT/BTC,1545788106942,2018-12-26T01:35:06.942Z,buy,0.00016596,30.0,0.0049787999999999
BNT/BTC,1545788106942,2018-12-26T01:35:06.942Z,buy,0.00016646,30.0,0.0049938
BNT/BTC,1545788320657,2018-12-26T01:38:40.657Z,sell,0.00016552,92.0,0.01522784
BNT/BTC,1545788320680,2018-12-26T01:38:40.680Z,sell,0.00016552,253.0,0.04187656
BNT/BTC,1545788321564,2018-12-26T01:38:41.564Z,sell,0.00016553,149.0,0.02466397
BNT/BTC,1545788321564,2018-12-26T01:38:41.564Z,sell,0.00016552,72.0,0.01191744
BNT/BTC,1545788322580,2018-12-26T01:38:42.580Z,sell,0.00016552,7.0,0.00115864
BNT/BTC,1545788448118,2018-12-26T01:40:48.118Z,sell,0.00016557,7.0,0.00115899
BNT/BTC,1545788448118,2018-12-26T01:40:48.118Z,sell,0.00016556,7.0,0.00115892
BNT/BTC,1545788448183,2018-12-26T01:40:48.183Z,sell,0.00016555,7.0,0.00115885
BNT/BTC,1545788448284,2018-12-26T01:40:48.284Z,sell,0.00016554,7.0,0.0011587799999999
BNT/BTC,1545788563101,2018-12-26T01:42:43.101Z,sell,0.00016495,135.0,0.02226825
BNT/BTC,1545788563342,2018-12-26T01:42:43.342Z,sell,0.00016495,372.0,0.0613613999999999
BNT/BTC,1545788563594,2018-12-26T01:42:43.594Z,sell,0.00016493,7.0,0.00115451
BNT/BTC,1545788564640,2018-12-26T01:42:44.640Z,sell,0.00016477,7.0,0.00115339
BNT/BTC,1545788566635,2018-12-26T01:42:46.635Z,sell,0.00016475,7.0,0.00115325
BNT/BTC,1545788592999,2018-12-26T01:43:12.999Z,sell,0.00016446,7.0,0.00115122
BNT/BTC,1545788596633,2018-12-26T01:43:16.633Z,sell,0.00016461,20.0,0.0032922
BNT/BTC,1545788598066,2018-12-26T01:43:18.066Z,buy,0.00016472,33.0,0.00543576
BNT/BTC,1545788598322,2018-12-26T01:43:18.322Z,buy,0.00016472,1.0,0.00016472
BNT/BTC,1545788598322,2018-12-26T01:43:18.322Z,buy,0.00016473,6.0,0.00098838
BNT/BTC,1545788599802,2018-12-26T01:43:19.802Z,buy,0.00016473,14.0,0.00230622
BNT/BTC,1545788599930,2018-12-26T01:43:19.930Z,buy,0.00016473,12.0,0.00197676
BNT/BTC,1545788604805,2018-12-26T01:43:24.805Z,buy,0.00016473,1.0,0.00016473
BNT/BTC,1545788610221,2018-12-26T01:43:30.221Z,buy,0.00016506,7.0,0.0011554199999999
BNT/BTC,1545788669040,2018-12-26T01:44:29.040Z,sell,0.00016473,7.0,0.00115311
BNT/BTC,1545788695456,2018-12-26T01:44:55.456Z,sell,0.00016444,7.0,0.0011510799999999
BNT/BTC,1545788758648,2018-12-26T01:45:58.648Z,sell,0.00016444,7.0,0.0011510799999999
BNT/BTC,1545788789745,2018-12-26T01:46:29.745Z,sell,0.00016444,55.0,0.0090441999999999
BNT/BTC,1545788837810,2018-12-26T01:47:17.810Z,sell,0.00016445,28.0,0.0046046
BNT/BTC,1545788914366,2018-12-26T01:48:34.366Z,sell,0.00016446,21.0,0.00345366
BNT/BTC,1545788923754,2018-12-26T01:48:43.754Z,sell,0.00016445,11.0,0.00180895
BNT/BTC,1545788964602,2018-12-26T01:49:24.602Z,sell,0.00016446,13.0,0.00213798
BNT/BTC,1545789031591,2018-12-26T01:50:31.591Z,sell,0.00016447,10.0,0.0016447
BNT/BTC,1545789153543,2018-12-26T01:52:33.543Z,sell,0.00016455,10.0,0.0016454999999999
BNT/BTC,1545789153543,2018-12-26T01:52:33.543Z,sell,0.00016455,10.0,0.0016454999999999
BNT/BTC,1545789891519,2018-12-26T02:04:51.519Z,sell,0.00016514,83.0,0.01370662
BNT/BTC,1545789891554,2018-12-26T02:04:51.554Z,sell,0.00016514,185.0,0.0305509
BNT/BTC,1545789891565,2018-12-26T02:04:51.565Z,sell,0.00016448,228.0,0.03750144
BNT/BTC,1545789891565,2018-12-26T02:04:51.565Z,sell,0.00016447,39.0,0.00641433
BNT/BTC,1545789891565,2018-12-26T02:04:51.565Z,sell,0.00016445,1.0,0.00016445
BNT/BTC,1545789893043,2018-12-26T02:04:53.043Z,buy,0.00016495,20.0,0.003299
BNT/BTC,1545789894288,2018-12-26T02:04:54.288Z,buy,0.00016495,1.0,0.00016495
BNT/BTC,1545789894288,2018-12-26T02:04:54.288Z,buy,0.00016496,57.0,0.00940272
BNT/BTC,1545789899545,2018-12-26T02:04:59.545Z,buy,0.00016497,46.0,0.0075886199999999
BNT/BTC,1545789902089,2018-12-26T02:05:02.089Z,buy,0.00016498,165.0,0.0272217
BNT/BTC,1545789919462,2018-12-26T02:05:19.462Z,sell,0.00016495,8.0,0.0013196
BNT/BTC,1545789919751,2018-12-26T02:05:19.751Z,sell,0.00016495,4.0,0.0006598
BNT/BTC,1545789933804,2018-12-26T02:05:33.804Z,buy,0.00016504,40.0,0.0066016
BNT/BTC,1545790106707,2018-12-26T02:08:26.707Z,sell,0.000165,80.0,0.0132
BNT/BTC,1545790128860,2018-12-26T02:08:48.860Z,sell,0.00016478,137.0,0.02257486
BNT/BTC,1545790181157,2018-12-26T02:09:41.157Z,sell,0.00016472,12.0,0.00197664
BNT/BTC,1545790182875,2018-12-26T02:09:42.875Z,sell,0.00016472,52.0,0.00856544
BNT/BTC,1545790182977,2018-12-26T02:09:42.977Z,sell,0.00016472,67.0,0.01103624
BNT/BTC,1545790183086,2018-12-26T02:09:43.086Z,sell,0.00016471,137.0,0.02256527
BNT/BTC,1545790366349,2018-12-26T02:12:46.349Z,buy,0.00016518,7.0,0.0011562599999999
BNT/BTC,1545791078227,2018-12-26T02:24:38.227Z,buy,0.00016555,20.0,0.003311
BNT/BTC,1545791079227,2018-12-26T02:24:39.227Z,buy,0.00016557,7.0,0.00115899
BNT/BTC,1545791081636,2018-12-26T02:24:41.636Z,buy,0.0001656,7.0,0.0011592
BNT/BTC,1545791124786,2018-12-26T02:25:24.786Z,buy,0.00016571,7.0,0.00115997
BNT/BTC,1545791436121,2018-12-26T02:30:36.121Z,buy,0.00016615,32.0,0.0053168
BNT/BTC,1545791679830,2018-12-26T02:34:39.830Z,buy,0.0001659,12.0,0.0019908
BNT/BTC,1545791680146,2018-12-26T02:34:40.146Z,buy,0.0001659,8.0,0.0013272
BNT/BTC,1545791793346,2018-12-26T02:36:33.346Z,sell,0.00016574,7.0,0.00116018
BNT/BTC,1545791793880,2018-12-26T02:36:33.880Z,buy,0.00016574,23.0,0.0038120199999999
BNT/BTC,1545791798333,2018-12-26T02:36:38.333Z,sell,0.00016574,61.0,0.01011014
BNT/BTC,1545791853893,2018-12-26T02:37:33.893Z,buy,0.00016616,7.0,0.00116312
BNT/BTC,1545791853943,2018-12-26T02:37:33.943Z,buy,0.00016617,17.0,0.00282489
BNT/BTC,1545791853971,2018-12-26T02:37:33.971Z,buy,0.00016617,17.0,0.00282489
BNT/BTC,1545791854902,2018-12-26T02:37:34.902Z,buy,0.00016617,85.0,0.0141244499999999
BNT/BTC,1545791855884,2018-12-26T02:37:35.884Z,buy,0.00016617,10.0,0.0016617
BNT/BTC,1545791857884,2018-12-26T02:37:37.884Z,buy,0.00016618,7.0,0.00116326
BNT/BTC,1545791859892,2018-12-26T02:37:39.892Z,buy,0.00016619,7.0,0.00116333
BNT/BTC,1545791865008,2018-12-26T02:37:45.008Z,buy,0.0001662,7.0,0.0011634
BNT/BTC,1545791865008,2018-12-26T02:37:45.008Z,buy,0.00016622,7.0,0.00116354
BNT/BTC,1545791872884,2018-12-26T02:37:52.884Z,buy,0.0001664,7.0,0.0011648
BNT/BTC,1545791875883,2018-12-26T02:37:55.883Z,buy,0.00016649,7.0,0.0011654299999999
BNT/BTC,1545791889886,2018-12-26T02:38:09.886Z,buy,0.00016651,7.0,0.00116557
BNT/BTC,1545791891892,2018-12-26T02:38:11.892Z,buy,0.00016653,7.0,0.00116571
BNT/BTC,1545791904649,2018-12-26T02:38:24.649Z,buy,0.00016655,7.0,0.00116585
BNT/BTC,1545791906989,2018-12-26T02:38:26.989Z,buy,0.00016672,20.0,0.0033344
BNT/BTC,1545791907009,2018-12-26T02:38:27.009Z,buy,0.00016672,21.0,0.00350112
BNT/BTC,1545791908643,2018-12-26T02:38:28.643Z,buy,0.00016672,55.0,0.0091696
BNT/BTC,1545791912711,2018-12-26T02:38:32.711Z,buy,0.00016676,7.0,0.00116732
BNT/BTC,1545791916212,2018-12-26T02:38:36.212Z,buy,0.00016681,7.0,0.00116767
BNT/BTC,1545791937018,2018-12-26T02:38:57.018Z,sell,0.000167,7.0,0.001169
BNT/BTC,1545791951851,2018-12-26T02:39:11.851Z,sell,0.00016709,12.0,0.00200508
BNT/BTC,1545791961563,2018-12-26T02:39:21.563Z,buy,0.00016689,10.0,0.0016689
BNT/BTC,1545791962154,2018-12-26T02:39:22.154Z,buy,0.00016718,7.0,0.00117026
BNT/BTC,1545791963281,2018-12-26T02:39:23.281Z,buy,0.00016723,7.0,0.00117061
BNT/BTC,1545791974501,2018-12-26T02:39:34.501Z,sell,0.00016649,15.0,0.0024973499999999
BNT/BTC,1545791974501,2018-12-26T02:39:34.501Z,sell,0.00016648,7.0,0.0011653599999999
BNT/BTC,1545791974501,2018-12-26T02:39:34.501Z,sell,0.00016617,13.0,0.00216021
BNT/BTC,1545791974501,2018-12-26T02:39:34.501Z,sell,0.0001661,4.0,0.0006644
BNT/BTC,1545791978755,2018-12-26T02:39:38.755Z,sell,0.00016691,13.0,0.00216983
BNT/BTC,1545791979430,2018-12-26T02:39:39.430Z,sell,0.00016691,7.0,0.00116837
BNT/BTC,1545791984138,2018-12-26T02:39:44.138Z,sell,0.00016691,9.0,0.00150219
BNT/BTC,1545791984951,2018-12-26T02:39:44.951Z,buy,0.00016694,7.0,0.00116858
BNT/BTC,1545791985971,2018-12-26T02:39:45.971Z,buy,0.00016694,7.0,0.00116858
BNT/BTC,1545791986280,2018-12-26T02:39:46.280Z,buy,0.00016694,2.0,0.00033388
BNT/BTC,1545791998020,2018-12-26T02:39:58.020Z,sell,0.00016709,16.0,0.00267344
BNT/BTC,1545792003174,2018-12-26T02:40:03.174Z,sell,0.00016712,10.0,0.0016712
BNT/BTC,1545792003496,2018-12-26T02:40:03.496Z,sell,0.00016712,7.0,0.00116984
BNT/BTC,1545792013881,2018-12-26T02:40:13.881Z,sell,0.00016713,7.0,0.00116991
BNT/BTC,1545792150690,2018-12-26T02:42:30.690Z,buy,0.00016763,7.0,0.00117341
BNT/BTC,1545792170156,2018-12-26T02:42:50.156Z,buy,0.00016744,6.0,0.00100464
BNT/BTC,1545792179916,2018-12-26T02:42:59.916Z,sell,0.0001671,7.0,0.0011697
BNT/BTC,1545792180914,2018-12-26T02:43:00.914Z,sell,0.00016708,7.0,0.00116956
BNT/BTC,1545792181914,2018-12-26T02:43:01.914Z,sell,0.00016695,7.0,0.00116865
BNT/BTC,1545792183913,2018-12-26T02:43:03.913Z,sell,0.00016693,7.0,0.00116851
BNT/BTC,1545792184919,2018-12-26T02:43:04.919Z,sell,0.00016691,11.0,0.00183601
BNT/BTC,1545792215924,2018-12-26T02:43:35.924Z,sell,0.00016677,7.0,0.00116739
BNT/BTC,1545792229917,2018-12-26T02:43:49.917Z,sell,0.0001664,60.0,0.009984
BNT/BTC,1545792234924,2018-12-26T02:43:54.924Z,sell,0.00016638,7.0,0.0011646599999999
BNT/BTC,1545792261653,2018-12-26T02:44:21.653Z,sell,0.0001661,8.0,0.0013288
BNT/BTC,1545792261653,2018-12-26T02:44:21.653Z,sell,0.00016607,7.0,0.00116249
BNT/BTC,1545792261653,2018-12-26T02:44:21.653Z,sell,0.00016588,46.0,0.00763048
BNT/BTC,1545792338191,2018-12-26T02:45:38.191Z,buy,0.00016678,59.0,0.00984002
BNT/BTC,1545792715189,2018-12-26T02:51:55.189Z,buy,0.00016677,6.0,0.00100062
BNT/BTC,1545792715189,2018-12-26T02:51:55.189Z,buy,0.00016677,6.0,0.00100062
BNT/BTC,1545793018097,2018-12-26T02:56:58.097Z,buy,0.00016678,9.0,0.00150102
BNT/BTC,1545793018097,2018-12-26T02:56:58.097Z,buy,0.00016681,50.0,0.0083405
BNT/BTC,1545793136758,2018-12-26T02:58:56.758Z,sell,0.000166,30.0,0.00498
BNT/BTC,1545793160358,2018-12-26T02:59:20.358Z,buy,0.00016679,18.0,0.00300222
BNT/BTC,1545793314426,2018-12-26T03:01:54.426Z,sell,0.00016604,15.0,0.0024906
BNT/BTC,1545793321896,2018-12-26T03:02:01.896Z,sell,0.00016604,30.0,0.0049812
BNT/BTC,1545793323294,2018-12-26T03:02:03.294Z,sell,0.00016606,7.0,0.00116242
BNT/BTC,1545793323399,2018-12-26T03:02:03.399Z,sell,0.00016603,7.0,0.00116221
BNT/BTC,1545793323584,2018-12-26T03:02:03.584Z,sell,0.00016601,7.0,0.0011620699999999
BNT/BTC,1545793323792,2018-12-26T03:02:03.792Z,sell,0.000166,7.0,0.001162
BNT/BTC,1545793354108,2018-12-26T03:02:34.108Z,sell,0.00016594,19.0,0.00315286
BNT/BTC,1545793429987,2018-12-26T03:03:49.987Z,sell,0.00016608,9.0,0.00149472
BNT/BTC,1545793864475,2018-12-26T03:11:04.475Z,buy,0.00016652,60.0,0.0099912
BNT/BTC,1545793995901,2018-12-26T03:13:15.901Z,sell,0.00016598,13.0,0.00215774
BNT/BTC,1545794029564,2018-12-26T03:13:49.564Z,sell,0.00016593,7.0,0.00116151
BNT/BTC,1545794034026,2018-12-26T03:13:54.026Z,buy,0.00016611,10.0,0.0016611
BNT/BTC,1545794038068,2018-12-26T03:13:58.068Z,buy,0.00016618,7.0,0.00116326
BNT/BTC,1545794166483,2018-12-26T03:16:06.483Z,sell,0.00016574,9.0,0.00149166
BNT/BTC,1545794223085,2018-12-26T03:17:03.085Z,sell,0.00016574,131.0,0.02171194
BNT/BTC,1545794229580,2018-12-26T03:17:09.580Z,sell,0.00016573,23.0,0.00381179
BNT/BTC,1545794239666,2018-12-26T03:17:19.666Z,sell,0.00016565,7.0,0.0011595499999999
BNT/BTC,1545794383332,2018-12-26T03:19:43.332Z,buy,0.00016574,20.0,0.0033147999999999
BNT/BTC,1545794383374,2018-12-26T03:19:43.374Z,sell,0.00016574,239.0,0.03961186
BNT/BTC,1545794384107,2018-12-26T03:19:44.107Z,sell,0.00016574,108.0,0.01789992
BNT/BTC,1545794392254,2018-12-26T03:19:52.254Z,sell,0.00016574,555.0,0.0919857
BNT/BTC,1545794398753,2018-12-26T03:19:58.753Z,sell,0.00016574,79.0,0.01309346
BNT/BTC,1545794995946,2018-12-26T03:29:55.946Z,sell,0.00016521,15.0,0.00247815
BNT/BTC,1545794995946,2018-12-26T03:29:55.946Z,sell,0.0001652,84.0,0.0138768
BNT/BTC,1545796209535,2018-12-26T03:50:09.535Z,sell,0.0001653,30.0,0.004959
BNT/BTC,1545796209602,2018-12-26T03:50:09.602Z,sell,0.00016522,7.0,0.00115654
BNT/BTC,1545796209602,2018-12-26T03:50:09.602Z,sell,0.0001652,7.0,0.0011564
BNT/BTC,1545796209602,2018-12-26T03:50:09.602Z,sell,0.00016514,2.0,0.00033028
BNT/BTC,1545796215385,2018-12-26T03:50:15.385Z,sell,0.00016514,64.0,0.01056896
BNT/BTC,1545796232255,2018-12-26T03:50:32.255Z,sell,0.00016514,17.0,0.00280738
BNT/BTC,1545796232255,2018-12-26T03:50:32.255Z,sell,0.00016507,164.0,0.02707148
BNT/BTC,1545796232255,2018-12-26T03:50:32.255Z,sell,0.00016506,12.0,0.00198072
BNT/BTC,1545796232255,2018-12-26T03:50:32.255Z,sell,0.00016496,25.0,0.004124
BNT/BTC,1545796232256,2018-12-26T03:50:32.256Z,sell,0.00016446,51.0,0.00838746
BNT/BTC,1545796232256,2018-12-26T03:50:32.256Z,sell,0.00016445,39.0,0.00641355
BNT/BTC,1545796232256,2018-12-26T03:50:32.256Z,sell,0.00016446,51.0,0.00838746
BNT/BTC,1545796232256,2018-12-26T03:50:32.256Z,sell,0.00016445,39.0,0.00641355
BNT/BTC,1545796657697,2018-12-26T03:57:37.697Z,buy,0.00016561,10.0,0.0016561
BNT/BTC,1545796660310,2018-12-26T03:57:40.310Z,buy,0.00016561,12.0,0.00198732
BNT/BTC,1545796666046,2018-12-26T03:57:46.046Z,buy,0.00016561,132.0,0.02186052
BNT/BTC,1545796666230,2018-12-26T03:57:46.230Z,buy,0.00016561,77.0,0.01275197
BNT/BTC,1545796666230,2018-12-26T03:57:46.230Z,buy,0.00016562,139.0,0.02302118
BNT/BTC,1545796666230,2018-12-26T03:57:46.230Z,buy,0.00016565,7.0,0.0011595499999999
BNT/BTC,1545796666230,2018-12-26T03:57:46.230Z,buy,0.00016566,7.0,0.00115962
BNT/BTC,1545796666230,2018-12-26T03:57:46.230Z,buy,0.00016572,55.0,0.0091146
BNT/BTC,1545796668608,2018-12-26T03:57:48.608Z,buy,0.00016571,166.0,0.02750786
BNT/BTC,1545796675261,2018-12-26T03:57:55.261Z,buy,0.00016571,23.0,0.00381133
BNT/BTC,1545796675290,2018-12-26T03:57:55.290Z,buy,0.00016571,59.0,0.00977689
BNT/BTC,1545796683227,2018-12-26T03:58:03.227Z,buy,0.00016577,128.0,0.02121856
BNT/BTC,1545796683391,2018-12-26T03:58:03.391Z,sell,0.00016594,61.0,0.01012234
BNT/BTC,1545796683448,2018-12-26T03:58:03.448Z,sell,0.00016594,67.0,0.01111798
BNT/BTC,1545796683494,2018-12-26T03:58:03.494Z,sell,0.00016477,67.0,0.01103959
BNT/BTC,1545796715794,2018-12-26T03:58:35.794Z,buy,0.00016602,60.0,0.0099612
BNT/BTC,1545796732331,2018-12-26T03:58:52.331Z,buy,0.00016602,20.0,0.0033204
BNT/BTC,1545796812313,2018-12-26T04:00:12.313Z,sell,0.00016577,7.0,0.00116039
BNT/BTC,1545796819119,2018-12-26T04:00:19.119Z,buy,0.00016635,60.0,0.009981
BNT/BTC,1545796833803,2018-12-26T04:00:33.803Z,sell,0.00016577,7.0,0.00116039
BNT/BTC,1545796843298,2018-12-26T04:00:43.298Z,sell,0.00016577,11.0,0.00182347
BNT/BTC,1545796843298,2018-12-26T04:00:43.298Z,sell,0.00016576,7.0,0.00116032
BNT/BTC,1545796843405,2018-12-26T04:00:43.405Z,sell,0.00016574,7.0,0.00116018
BNT/BTC,1545796961392,2018-12-26T04:02:41.392Z,sell,0.00016535,41.0,0.00677935
BNT/BTC,1545796961687,2018-12-26T04:02:41.687Z,sell,0.00016535,115.0,0.01901525
BNT/BTC,1545796961747,2018-12-26T04:02:41.747Z,sell,0.00016535,78.0,0.0128973
BNT/BTC,1545796961804,2018-12-26T04:02:41.804Z,sell,0.00016534,15.0,0.0024801
BNT/BTC,1545796961846,2018-12-26T04:02:41.846Z,sell,0.00016533,7.0,0.00115731
BNT/BTC,1545796961846,2018-12-26T04:02:41.846Z,sell,0.00016526,14.0,0.00231364
BNT/BTC,1545796961846,2018-12-26T04:02:41.846Z,sell,0.00016489,7.0,0.00115423
BNT/BTC,1545796961846,2018-12-26T04:02:41.846Z,sell,0.00016487,7.0,0.00115409
BNT/BTC,1545796961846,2018-12-26T04:02:41.846Z,sell,0.0001645,7.0,0.0011515
BNT/BTC,1545796961846,2018-12-26T04:02:41.846Z,sell,0.00016448,7.0,0.00115136
BNT/BTC,1545796961846,2018-12-26T04:02:41.846Z,sell,0.00016447,29.0,0.00476963
BNT/BTC,1545797034186,2018-12-26T04:03:54.186Z,sell,0.00016453,79.0,0.01299787
BNT/BTC,1545797038434,2018-12-26T04:03:58.434Z,sell,0.00016455,7.0,0.0011518499999999
BNT/BTC,1545797038434,2018-12-26T04:03:58.434Z,sell,0.00016452,7.0,0.00115164
BNT/BTC,1545797038434,2018-12-26T04:03:58.434Z,sell,0.0001645,7.0,0.0011515
BNT/BTC,1545797038434,2018-12-26T04:03:58.434Z,sell,0.00016444,283.0,0.04653652
BNT/BTC,1545797042688,2018-12-26T04:04:02.688Z,sell,0.00016444,53.0,0.00871532
BNT/BTC,1545797886727,2018-12-26T04:18:06.727Z,buy,0.00016536,13.0,0.00214968
BNT/BTC,1545798753589,2018-12-26T04:32:33.589Z,buy,0.00016535,7.0,0.00115745
BNT/BTC,1545798753685,2018-12-26T04:32:33.685Z,buy,0.00016536,16.0,0.00264576
BNT/BTC,1545798753800,2018-12-26T04:32:33.800Z,buy,0.00016537,7.0,0.00115759
BNT/BTC,1545798961392,2018-12-26T04:36:01.392Z,buy,0.00016569,1.0,0.00016569
BNT/BTC,1545799247029,2018-12-26T04:40:47.029Z,buy,0.00016564,60.0,0.0099384
BNT/BTC,1545799734867,2018-12-26T04:48:54.867Z,buy,0.00016573,60.0,0.0099438
BNT/BTC,1545799734867,2018-12-26T04:48:54.867Z,buy,0.00016573,60.0,0.0099438
BNT/BTC,1545799949895,2018-12-26T04:52:29.895Z,sell,0.00016524,7.0,0.00115668
BNT/BTC,1545800001470,2018-12-26T04:53:21.470Z,buy,0.00016574,7.0,0.00116018
BNT/BTC,1545800001588,2018-12-26T04:53:21.588Z,buy,0.00016575,7.0,0.0011602499999999
BNT/BTC,1545800071129,2018-12-26T04:54:31.129Z,buy,0.00016577,7.0,0.00116039
BNT/BTC,1545800081719,2018-12-26T04:54:41.719Z,buy,0.00016579,7.0,0.00116053
BNT/BTC,1545800094531,2018-12-26T04:54:54.531Z,buy,0.00016581,7.0,0.00116067
BNT/BTC,1545800343014,2018-12-26T04:59:03.014Z,sell,0.00016536,50.0,0.008268
BNT/BTC,1545800702173,2018-12-26T05:05:02.173Z,sell,0.00016536,7.0,0.00115752
BNT/BTC,1545800702173,2018-12-26T05:05:02.173Z,sell,0.00016534,7.0,0.00115738
BNT/BTC,1545800702173,2018-12-26T05:05:02.173Z,sell,0.00016519,7.0,0.00115633
BNT/BTC,1545800702173,2018-12-26T05:05:02.173Z,sell,0.00016518,7.0,0.0011562599999999
BNT/BTC,1545800702173,2018-12-26T05:05:02.173Z,sell,0.00016444,65.0,0.0106886
BNT/BTC,1545800702562,2018-12-26T05:05:02.562Z,sell,0.0001645,7.0,0.0011515
BNT/BTC,1545800702923,2018-12-26T05:05:02.923Z,sell,0.0001645,8.0,0.001316
BNT/BTC,1545800702923,2018-12-26T05:05:02.923Z,sell,0.00016449,132.0,0.0217126799999999
BNT/BTC,1545800702923,2018-12-26T05:05:02.923Z,sell,0.00016444,47.0,0.00772868
BNT/BTC,1545800702929,2018-12-26T05:05:02.929Z,sell,0.00016444,180.0,0.0295992
BNT/BTC,1545800703166,2018-12-26T05:05:03.166Z,sell,0.00016451,7.0,0.00115157
BNT/BTC,1545800703166,2018-12-26T05:05:03.166Z,sell,0.0001645,93.0,0.0152985
BNT/BTC,1545800704761,2018-12-26T05:05:04.761Z,sell,0.00016459,302.0,0.0497061799999999
BNT/BTC,1545800870056,2018-12-26T05:07:50.056Z,buy,0.00016525,21.0,0.00347025
BNT/BTC,1545800973567,2018-12-26T05:09:33.567Z,buy,0.00016525,18.0,0.0029745
BNT/BTC,1545801091283,2018-12-26T05:11:31.283Z,buy,0.00016525,15.0,0.00247875
BNT/BTC,1545801467220,2018-12-26T05:17:47.220Z,buy,0.00016509,12.0,0.00198108
BNT/BTC,1545801559768,2018-12-26T05:19:19.768Z,buy,0.00016476,7.0,0.00115332
BNT/BTC,1545801561745,2018-12-26T05:19:21.745Z,buy,0.00016476,7.0,0.00115332
BNT/BTC,1545801567447,2018-12-26T05:19:27.447Z,buy,0.00016476,7.0,0.00115332
BNT/BTC,1545801581630,2018-12-26T05:19:41.630Z,buy,0.00016476,7.0,0.00115332
BNT/BTC,1545801604084,2018-12-26T05:20:04.084Z,sell,0.00016475,7.0,0.00115325
BNT/BTC,1545801664736,2018-12-26T05:21:04.736Z,buy,0.00016474,7.0,0.00115318
BNT/BTC,1545801671359,2018-12-26T05:21:11.359Z,buy,0.00016474,15.0,0.0024711
BNT/BTC,1545801685514,2018-12-26T05:21:25.514Z,buy,0.00016474,63.0,0.01037862
BNT/BTC,1545801695562,2018-12-26T05:21:35.562Z,buy,0.00016551,7.0,0.00115857
BNT/BTC,1545801840750,2018-12-26T05:24:00.750Z,buy,0.00016551,20.0,0.0033102
BNT/BTC,1545802075261,2018-12-26T05:27:55.261Z,sell,0.0001648,19.0,0.0031311999999999
BNT/BTC,1545802717623,2018-12-26T05:38:37.623Z,buy,0.00016553,1.0,0.00016553
BNT/BTC,1545802785468,2018-12-26T05:39:45.468Z,buy,0.00016544,12.0,0.00198528
BNT/BTC,1545802786068,2018-12-26T05:39:46.068Z,buy,0.00016544,26.0,0.00430144
BNT/BTC,1545802786068,2018-12-26T05:39:46.068Z,buy,0.00016544,27.0,0.0044668799999999
BNT/BTC,1545802786258,2018-12-26T05:39:46.258Z,buy,0.00016544,9.0,0.00148896
BNT/BTC,1545802786494,2018-12-26T05:39:46.494Z,buy,0.00016544,63.0,0.01042272
BNT/BTC,1545802786509,2018-12-26T05:39:46.509Z,buy,0.00016544,63.0,0.01042272
BNT/BTC,1545803020318,2018-12-26T05:43:40.318Z,buy,0.00016542,12.0,0.00198504
BNT/BTC,1545803020423,2018-12-26T05:43:40.423Z,buy,0.00016542,46.0,0.00760932
BNT/BTC,1545803020423,2018-12-26T05:43:40.423Z,buy,0.00016542,46.0,0.00760932
BNT/BTC,1545803345760,2018-12-26T05:49:05.760Z,sell,0.00016505,30.0,0.0049515
BNT/BTC,1545803347273,2018-12-26T05:49:07.273Z,buy,0.00016505,7.0,0.00115535
BNT/BTC,1545803349581,2018-12-26T05:49:09.581Z,buy,0.00016505,7.0,0.00115535
BNT/BTC,1545803409352,2018-12-26T05:50:09.352Z,sell,0.00016495,7.0,0.00115465
BNT/BTC,1545803463668,2018-12-26T05:51:03.668Z,sell,0.00016492,7.0,0.00115444
BNT/BTC,1545803463668,2018-12-26T05:51:03.668Z,sell,0.00016481,7.0,0.0011536699999999
BNT/BTC,1545803463668,2018-12-26T05:51:03.668Z,sell,0.00016479,6.0,0.00098874
BNT/BTC,1545803773650,2018-12-26T05:56:13.650Z,buy,0.00016542,9.0,0.0014887799999999
BNT/BTC,1545803815667,2018-12-26T05:56:55.667Z,buy,0.00016542,9.0,0.0014887799999999
BNT/BTC,1545804139684,2018-12-26T06:02:19.684Z,buy,0.00016545,9.0,0.00148905
BNT/BTC,1545804919095,2018-12-26T06:15:19.095Z,buy,0.00016534,7.0,0.00115738
BNT/BTC,1545805088629,2018-12-26T06:18:08.629Z,sell,0.00016482,13.0,0.00214266
BNT/BTC,1545805624466,2018-12-26T06:27:04.466Z,buy,0.00016546,9.0,0.00148914
BNT/BTC,1545805624466,2018-12-26T06:27:04.466Z,buy,0.00016546,9.0,0.00148914
BNT/BTC,1545807874931,2018-12-26T07:04:34.931Z,sell,0.00016482,7.0,0.00115374
BNT/BTC,1545807886887,2018-12-26T07:04:46.887Z,sell,0.0001648,7.0,0.0011535999999999
BNT/BTC,1545808002443,2018-12-26T07:06:42.443Z,sell,0.00016479,1.0,0.00016479
BNT/BTC,1545808002443,2018-12-26T07:06:42.443Z,sell,0.00016468,7.0,0.00115276
BNT/BTC,1545808008900,2018-12-26T07:06:48.900Z,sell,0.00016466,7.0,0.00115262
BNT/BTC,1545808009104,2018-12-26T07:06:49.104Z,sell,0.00016462,7.0,0.00115234
BNT/BTC,1545808009209,2018-12-26T07:06:49.209Z,sell,0.0001646,7.0,0.0011522
BNT/BTC,1545808028136,2018-12-26T07:07:08.136Z,sell,0.0001646,7.0,0.0011522
BNT/BTC,1545808043992,2018-12-26T07:07:23.992Z,sell,0.00016444,49.0,0.00805756
BNT/BTC,1545808058767,2018-12-26T07:07:38.767Z,sell,0.00016444,9.0,0.00147996
BNT/BTC,1545808152526,2018-12-26T07:09:12.526Z,sell,0.00016444,50.0,0.008222
BNT/BTC,1545808241562,2018-12-26T07:10:41.562Z,sell,0.00016457,43.0,0.00707651
BNT/BTC,1545808245528,2018-12-26T07:10:45.528Z,sell,0.00016457,39.0,0.00641823
BNT/BTC,1545808424083,2018-12-26T07:13:44.083Z,sell,0.00016457,1.0,0.00016457
BNT/BTC,1545808424083,2018-12-26T07:13:44.083Z,sell,0.00016444,25.0,0.004111
BNT/BTC,1545808432735,2018-12-26T07:13:52.735Z,sell,0.00016444,54.0,0.0088797599999999
BNT/BTC,1545808499580,2018-12-26T07:14:59.580Z,sell,0.00016444,7.0,0.0011510799999999
BNT/BTC,1545808573846,2018-12-26T07:16:13.846Z,sell,0.00016444,18.0,0.00295992
BNT/BTC,1545808581028,2018-12-26T07:16:21.028Z,sell,0.00016444,8.0,0.00131552
BNT/BTC,1545808818828,2018-12-26T07:20:18.828Z,sell,0.00016444,14.0,0.0023021599999999
BNT/BTC,1545809145373,2018-12-26T07:25:45.373Z,sell,0.00016444,12.0,0.00197328
BNT/BTC,1545809145373,2018-12-26T07:25:45.373Z,sell,0.00016444,12.0,0.00197328
BNT/BTC,1545809334055,2018-12-26T07:28:54.055Z,sell,0.00016444,8.0,0.00131552
BNT/BTC,1545809404393,2018-12-26T07:30:04.393Z,sell,0.00016444,49.0,0.00805756
BNT/BTC,1545809405080,2018-12-26T07:30:05.080Z,sell,0.00016444,34.0,0.00559096
BNT/BTC,1545809407380,2018-12-26T07:30:07.380Z,sell,0.00016444,2.0,0.00032888
BNT/BTC,1545809407380,2018-12-26T07:30:07.380Z,sell,0.00016433,7.0,0.0011503099999999
BNT/BTC,1545809407380,2018-12-26T07:30:07.380Z,sell,0.00016431,7.0,0.00115017
BNT/BTC,1545809414862,2018-12-26T07:30:14.862Z,sell,0.0001641,54.0,0.0088614
BNT/BTC,1545810065777,2018-12-26T07:41:05.777Z,buy,0.00016493,34.0,0.00560762
BNT/BTC,1545811267445,2018-12-26T08:01:07.445Z,buy,0.00016493,60.0,0.0098958
BNT/BTC,1545811566874,2018-12-26T08:06:06.874Z,buy,0.00016494,29.0,0.00478326
BNT/BTC,1545811603155,2018-12-26T08:06:43.155Z,buy,0.00016495,7.0,0.00115465
BNT/BTC,1545811603155,2018-12-26T08:06:43.155Z,buy,0.00016497,7.0,0.00115479
BNT/BTC,1545811603155,2018-12-26T08:06:43.155Z,buy,0.00016498,46.0,0.00758908
BNT/BTC,1545812072330,2018-12-26T08:14:32.330Z,buy,0.00016495,11.0,0.00181445
BNT/BTC,1545812072330,2018-12-26T08:14:32.330Z,buy,0.00016495,11.0,0.00181445
BNT/BTC,1545813077028,2018-12-26T08:31:17.028Z,buy,0.00016412,7.0,0.00114884
BNT/BTC,1545813082803,2018-12-26T08:31:22.803Z,sell,0.00016391,258.0,0.04228878
BNT/BTC,1545813083978,2018-12-26T08:31:23.978Z,sell,0.00016384,13.0,0.00212992
BNT/BTC,1545813085778,2018-12-26T08:31:25.778Z,buy,0.00016371,7.0,0.0011459699999999
BNT/BTC,1545813103239,2018-12-26T08:31:43.239Z,sell,0.00016387,12.0,0.00196644
BNT/BTC,1545813251175,2018-12-26T08:34:11.175Z,buy,0.00016382,30.0,0.0049146
BNT/BTC,1545813252193,2018-12-26T08:34:12.193Z,buy,0.00016382,171.0,0.02801322
BNT/BTC,1545813271354,2018-12-26T08:34:31.354Z,buy,0.00016387,20.0,0.0032773999999999
BNT/BTC,1545813309396,2018-12-26T08:35:09.396Z,sell,0.00016378,15.0,0.0024567
BNT/BTC,1545813309396,2018-12-26T08:35:09.396Z,sell,0.00016364,15.0,0.0024546
BNT/BTC,1545813309839,2018-12-26T08:35:09.839Z,buy,0.00016433,171.0,0.02810043
BNT/BTC,1545813338978,2018-12-26T08:35:38.978Z,sell,0.00016433,13.0,0.00213629
BNT/BTC,1545813339068,2018-12-26T08:35:39.068Z,sell,0.00016433,12.0,0.00197196
BNT/BTC,1545813339175,2018-12-26T08:35:39.175Z,buy,0.00016426,12.0,0.00197112
BNT/BTC,1545813339199,2018-12-26T08:35:39.199Z,sell,0.00016433,170.0,0.0279361
BNT/BTC,1545813339221,2018-12-26T08:35:39.221Z,sell,0.00016433,66.0,0.01084578
BNT/BTC,1545813339276,2018-12-26T08:35:39.276Z,buy,0.00016436,26.0,0.00427336
BNT/BTC,1545813339293,2018-12-26T08:35:39.293Z,sell,0.00016433,60.0,0.0098598
BNT/BTC,1545813339400,2018-12-26T08:35:39.400Z,sell,0.00016433,45.0,0.00739485
BNT/BTC,1545813339531,2018-12-26T08:35:39.531Z,buy,0.00016434,45.0,0.0073953
BNT/BTC,1545813339531,2018-12-26T08:35:39.531Z,buy,0.00016435,60.0,0.009861
BNT/BTC,1545813339531,2018-12-26T08:35:39.531Z,buy,0.00016436,78.0,0.01282008
BNT/BTC,1545813339531,2018-12-26T08:35:39.531Z,buy,0.00016437,631.0,0.10371747
BNT/BTC,1545813339531,2018-12-26T08:35:39.531Z,buy,0.00016438,84.0,0.01380792
BNT/BTC,1545813339531,2018-12-26T08:35:39.531Z,buy,0.00016453,7.0,0.00115171
BNT/BTC,1545813339531,2018-12-26T08:35:39.531Z,buy,0.00016495,13.0,0.00214435
BNT/BTC,1545813339646,2018-12-26T08:35:39.646Z,buy,0.00016436,60.0,0.0098616
BNT/BTC,1545813340332,2018-12-26T08:35:40.332Z,sell,0.00016433,90.0,0.0147897
BNT/BTC,1545813340371,2018-12-26T08:35:40.371Z,sell,0.00016434,34.0,0.0055875599999999
BNT/BTC,1545813340394,2018-12-26T08:35:40.394Z,sell,0.00016434,8.0,0.00131472
BNT/BTC,1545813340404,2018-12-26T08:35:40.404Z,sell,0.00016434,29.0,0.0047658599999999
BNT/BTC,1545813340427,2018-12-26T08:35:40.427Z,sell,0.00016434,20.0,0.0032868
BNT/BTC,1545813340427,2018-12-26T08:35:40.427Z,sell,0.00016433,9.0,0.00147897
BNT/BTC,1545813340430,2018-12-26T08:35:40.430Z,sell,0.00016433,20.0,0.0032865999999999
BNT/BTC,1545813523818,2018-12-26T08:38:43.818Z,sell,0.00016383,36.0,0.00589788
BNT/BTC,1545813542486,2018-12-26T08:39:02.486Z,sell,0.00016374,15.0,0.0024561
BNT/BTC,1545813543672,2018-12-26T08:39:03.672Z,sell,0.00016374,7.0,0.00114618
BNT/BTC,1545813548229,2018-12-26T08:39:08.229Z,sell,0.00016364,11.0,0.00180004
BNT/BTC,1545814083640,2018-12-26T08:48:03.640Z,sell,0.0001626,178.0,0.0289427999999999
BNT/BTC,1545814145790,2018-12-26T08:49:05.790Z,buy,0.00016362,47.0,0.00769014
BNT/BTC,1545814145823,2018-12-26T08:49:05.823Z,sell,0.00016362,32.0,0.00523584
BNT/BTC,1545814146062,2018-12-26T08:49:06.062Z,sell,0.0001626,18.0,0.0029268
BNT/BTC,1545814147611,2018-12-26T08:49:07.611Z,sell,0.0001626,21.0,0.0034146
BNT/BTC,1545814149255,2018-12-26T08:49:09.255Z,buy,0.0001636,25.0,0.00409
BNT/BTC,1545814149255,2018-12-26T08:49:09.255Z,buy,0.0001636,25.0,0.00409
BNT/BTC,1545815747167,2018-12-26T09:15:47.167Z,buy,0.000163,115.0,0.018745
BNT/BTC,1545815952450,2018-12-26T09:19:12.450Z,sell,0.00016316,18.0,0.00293688
BNT/BTC,1545816045667,2018-12-26T09:20:45.667Z,sell,0.00016316,15.0,0.0024474
BNT/BTC,1545816110467,2018-12-26T09:21:50.467Z,sell,0.00016317,13.0,0.00212121
BNT/BTC,1545816162860,2018-12-26T09:22:42.860Z,sell,0.00016323,408.0,0.0665978399999999
BNT/BTC,1545816166491,2018-12-26T09:22:46.491Z,sell,0.00016323,401.0,0.06545523
BNT/BTC,1545816167951,2018-12-26T09:22:47.951Z,sell,0.00016316,11.0,0.00179476
BNT/BTC,1545816168168,2018-12-26T09:22:48.168Z,sell,0.00016316,82.0,0.01337912
BNT/BTC,1545816169756,2018-12-26T09:22:49.756Z,sell,0.00016315,364.0,0.0593866
BNT/BTC,1545816195470,2018-12-26T09:23:15.470Z,sell,0.00016311,13.0,0.00212043
BNT/BTC,1545816195470,2018-12-26T09:23:15.470Z,sell,0.000163,7.0,0.001141
BNT/BTC,1545816195470,2018-12-26T09:23:15.470Z,sell,0.0001625,71.0,0.0115375
BNT/BTC,1545816242450,2018-12-26T09:24:02.450Z,sell,0.0001625,9.0,0.0014624999999999
BNT/BTC,1545816244242,2018-12-26T09:24:04.242Z,sell,0.0001625,48.0,0.0078
BNT/BTC,1545816296095,2018-12-26T09:24:56.095Z,sell,0.0001625,7.0,0.0011375
BNT/BTC,1545816737165,2018-12-26T09:32:17.165Z,sell,0.0001625,67.0,0.0108875
BNT/BTC,1545816738899,2018-12-26T09:32:18.899Z,sell,0.0001625,57.0,0.0092625
BNT/BTC,1545816739110,2018-12-26T09:32:19.110Z,sell,0.0001625,539.0,0.0875875
BNT/BTC,1545816739230,2018-12-26T09:32:19.230Z,sell,0.0001625,342.0,0.055575
BNT/BTC,1545817432188,2018-12-26T09:43:52.188Z,buy,0.00016283,30.0,0.0048849
BNT/BTC,1545817436361,2018-12-26T09:43:56.361Z,buy,0.00016283,7.0,0.00113981
BNT/BTC,1545817468304,2018-12-26T09:44:28.304Z,sell,0.00016283,70.0,0.0113981
BNT/BTC,1545817608874,2018-12-26T09:46:48.874Z,sell,0.00016248,30.0,0.0048744
BNT/BTC,1545817677488,2018-12-26T09:47:57.488Z,sell,0.00016248,40.0,0.0064992
BNT/BTC,1545817677488,2018-12-26T09:47:57.488Z,sell,0.00016248,40.0,0.0064992
BNT/BTC,1545817832353,2018-12-26T09:50:32.353Z,buy,0.00016248,44.0,0.00714912
BNT/BTC,1545817832395,2018-12-26T09:50:32.395Z,sell,0.00016248,56.0,0.00909888
BNT/BTC,1545818172716,2018-12-26T09:56:12.716Z,buy,0.00016291,12.0,0.0019549199999999
BNT/BTC,1545818446447,2018-12-26T10:00:46.447Z,sell,0.00016186,13.0,0.0021041799999999
BNT/BTC,1545818446549,2018-12-26T10:00:46.549Z,sell,0.00016185,15.0,0.00242775
BNT/BTC,1545818446681,2018-12-26T10:00:46.681Z,sell,0.00016181,20.0,0.0032362
BNT/BTC,1545818447177,2018-12-26T10:00:47.177Z,sell,0.00016176,81.0,0.01310256
BNT/BTC,1545818447185,2018-12-26T10:00:47.185Z,sell,0.00016176,57.0,0.00922032
BNT/BTC,1545818447446,2018-12-26T10:00:47.446Z,sell,0.00016171,41.0,0.00663011
BNT/BTC,1545818447487,2018-12-26T10:00:47.487Z,sell,0.00016102,41.0,0.0066018199999999
BNT/BTC,1545818449029,2018-12-26T10:00:49.029Z,sell,0.00016106,47.0,0.00756982
BNT/BTC,1545818449278,2018-12-26T10:00:49.278Z,sell,0.00016106,18.0,0.00289908
BNT/BTC,1545818449452,2018-12-26T10:00:49.452Z,sell,0.00016107,17.0,0.00273819
BNT/BTC,1545818450178,2018-12-26T10:00:50.178Z,sell,0.00016107,59.0,0.00950313
BNT/BTC,1545818450915,2018-12-26T10:00:50.915Z,sell,0.00016174,113.0,0.01827662
BNT/BTC,1545818450992,2018-12-26T10:00:50.992Z,sell,0.00016174,16.0,0.00258784
BNT/BTC,1545818458092,2018-12-26T10:00:58.092Z,sell,0.00016174,35.0,0.0056609
BNT/BTC,1545819038322,2018-12-26T10:10:38.322Z,sell,0.00016103,10.0,0.0016102999999999
BNT/BTC,1545819038545,2018-12-26T10:10:38.545Z,buy,0.00016177,33.0,0.00533841
BNT/BTC,1545819068826,2018-12-26T10:11:08.826Z,buy,0.00016176,15.0,0.0024264
BNT/BTC,1545819509991,2018-12-26T10:18:29.991Z,buy,0.00016168,14.0,0.00226352
BNT/BTC,1545819516832,2018-12-26T10:18:36.832Z,buy,0.00016168,14.0,0.00226352
BNT/BTC,1545819548233,2018-12-26T10:19:08.233Z,buy,0.00016168,4.0,0.00064672
BNT/BTC,1545819872528,2018-12-26T10:24:32.528Z,sell,0.00016168,3.0,0.00048504
BNT/BTC,1545819872528,2018-12-26T10:24:32.528Z,sell,0.00016103,1.0,0.00016103
BNT/BTC,1545819872528,2018-12-26T10:24:32.528Z,sell,0.00016044,17.0,0.00272748
BNT/BTC,1545819888600,2018-12-26T10:24:48.600Z,sell,0.0001608,119.0,0.0191352
BNT/BTC,1545819894491,2018-12-26T10:24:54.491Z,sell,0.00016082,13.0,0.00209066
BNT/BTC,1545819898781,2018-12-26T10:24:58.781Z,sell,0.00016082,13.0,0.00209066
BNT/BTC,1545820208591,2018-12-26T10:30:08.591Z,buy,0.00016234,26.0,0.00422084
BNT/BTC,1545820208591,2018-12-26T10:30:08.591Z,buy,0.00016235,7.0,0.00113645
BNT/BTC,1545820483586,2018-12-26T10:34:43.586Z,buy,0.00016202,34.0,0.00550868
BNT/BTC,1545820603314,2018-12-26T10:36:43.314Z,sell,0.00016078,31.0,0.0049841799999999
BNT/BTC,1545820781360,2018-12-26T10:39:41.360Z,sell,0.00016066,31.0,0.00498046
BNT/BTC,1545821130131,2018-12-26T10:45:30.131Z,buy,0.00016173,1.0,0.00016173
BNT/BTC,1545821130131,2018-12-26T10:45:30.131Z,buy,0.00016173,1.0,0.00016173
BNT/BTC,1545821550263,2018-12-26T10:52:30.263Z,buy,0.00016169,1.0,0.00016169
BNT/BTC,1545821778075,2018-12-26T10:56:18.075Z,buy,0.00016155,13.0,0.00210015
BNT/BTC,1545821780371,2018-12-26T10:56:20.371Z,buy,0.00016153,143.0,0.02309879
BNT/BTC,1545821780429,2018-12-26T10:56:20.429Z,buy,0.00016155,123.0,0.01987065
BNT/BTC,1545821780472,2018-12-26T10:56:20.472Z,buy,0.00016155,32.0,0.0051696
BNT/BTC,1545821782732,2018-12-26T10:56:22.732Z,buy,0.00016154,10.0,0.0016154
BNT/BTC,1545821792462,2018-12-26T10:56:32.462Z,buy,0.00016154,22.0,0.00355388
BNT/BTC,1545821792875,2018-12-26T10:56:32.875Z,buy,0.00016154,21.0,0.00339234
BNT/BTC,1545821798460,2018-12-26T10:56:38.460Z,buy,0.00016154,17.0,0.00274618
BNT/BTC,1545821808978,2018-12-26T10:56:48.978Z,buy,0.00016167,91.0,0.01471197
BNT/BTC,1545821809147,2018-12-26T10:56:49.147Z,buy,0.00016168,71.0,0.01147928
BNT/BTC,1545821843063,2018-12-26T10:57:23.063Z,buy,0.00016168,25.0,0.004042
BNT/BTC,1545821846713,2018-12-26T10:57:26.713Z,buy,0.00016168,26.0,0.00420368
BNT/BTC,1545822768254,2018-12-26T11:12:48.254Z,buy,0.00016166,24.0,0.00387984
BNT/BTC,1545822768477,2018-12-26T11:12:48.477Z,sell,0.00016166,8.0,0.00129328
BNT/BTC,1545822768790,2018-12-26T11:12:48.790Z,sell,0.00016166,75.0,0.0121245
BNT/BTC,1545822768877,2018-12-26T11:12:48.877Z,buy,0.00016166,6.0,0.00096996
BNT/BTC,1545822881175,2018-12-26T11:14:41.175Z,sell,0.00016166,23.0,0.0037181799999999
BNT/BTC,1545823510172,2018-12-26T11:25:10.172Z,buy,0.00016165,7.0,0.00113155
BNT/BTC,1545823534919,2018-12-26T11:25:34.919Z,sell,0.00016165,54.0,0.0087291
BNT/BTC,1545823537176,2018-12-26T11:25:37.176Z,buy,0.00016165,119.0,0.01923635
BNT/BTC,1545823571136,2018-12-26T11:26:11.136Z,buy,0.00016165,61.0,0.00986065
BNT/BTC,1545823737566,2018-12-26T11:28:57.566Z,buy,0.00016165,7.0,0.00113155
BNT/BTC,1545824193593,2018-12-26T11:36:33.593Z,buy,0.00016162,7.0,0.00113134
BNT/BTC,1545824303746,2018-12-26T11:38:23.746Z,buy,0.00016162,61.0,0.0098588199999999
BNT/BTC,1545824303746,2018-12-26T11:38:23.746Z,buy,0.00016162,61.0,0.0098588199999999
BNT/BTC,1545825661501,2018-12-26T12:01:01.501Z,sell,0.00016066,12.0,0.00192792
BNT/BTC,1545825661501,2018-12-26T12:01:01.501Z,sell,0.00016044,107.0,0.01716708
BNT/BTC,1545825847318,2018-12-26T12:04:07.318Z,buy,0.00016152,12.0,0.00193824
BNT/BTC,1545826763334,2018-12-26T12:19:23.334Z,sell,0.00016044,26.0,0.00417144
BNT/BTC,1545826763334,2018-12-26T12:19:23.334Z,sell,0.00016009,12.0,0.00192108
BNT/BTC,1545826928648,2018-12-26T12:22:08.648Z,sell,0.00016045,74.0,0.0118733
BNT/BTC,1545826928648,2018-12-26T12:22:08.648Z,sell,0.00016044,190.0,0.0304836
BNT/BTC,1545826928648,2018-12-26T12:22:08.648Z,sell,0.00016042,122.0,0.01957124
BNT/BTC,1545827234211,2018-12-26T12:27:14.211Z,buy,0.00016127,1.0,0.00016127
BNT/BTC,1545827365931,2018-12-26T12:29:25.931Z,buy,0.00016126,8.0,0.00129008
BNT/BTC,1545827715142,2018-12-26T12:35:15.142Z,buy,0.00016107,61.0,0.00982527
BNT/BTC,1545827834670,2018-12-26T12:37:14.670Z,buy,0.00016126,8.0,0.00129008
BNT/BTC,1545827888538,2018-12-26T12:38:08.538Z,buy,0.00016126,35.0,0.0056441
BNT/BTC,1545827888538,2018-12-26T12:38:08.538Z,buy,0.00016126,35.0,0.0056441
BNT/BTC,1545827908885,2018-12-26T12:38:28.885Z,buy,0.00016126,245.0,0.0395087
BNT/BTC,1545827908973,2018-12-26T12:38:28.973Z,buy,0.00016128,135.0,0.0217728
BNT/BTC,1545828262508,2018-12-26T12:44:22.508Z,sell,0.00016163,9.0,0.00145467
BNT/BTC,1545828291140,2018-12-26T12:44:51.140Z,sell,0.00016163,52.0,0.00840476
BNT/BTC,1545828291140,2018-12-26T12:44:51.140Z,sell,0.00016162,61.0,0.0098588199999999
BNT/BTC,1545828442945,2018-12-26T12:47:22.945Z,buy,0.00016159,40.0,0.0064636
BNT/BTC,1545828852042,2018-12-26T12:54:12.042Z,buy,0.00016164,40.0,0.0064656
BNT/BTC,1545829873322,2018-12-26T13:11:13.322Z,buy,0.00016126,8.0,0.00129008
BNT/BTC,1545830219480,2018-12-26T13:16:59.480Z,buy,0.00016139,61.0,0.0098447899999999
BNT/BTC,1545830220106,2018-12-26T13:17:00.106Z,buy,0.00016148,48.0,0.00775104
BNT/BTC,1545830224462,2018-12-26T13:17:04.462Z,buy,0.00016148,49.0,0.00791252
BNT/BTC,1545830225560,2018-12-26T13:17:05.560Z,buy,0.00016148,37.0,0.00597476
BNT/BTC,1545830225951,2018-12-26T13:17:05.951Z,buy,0.00016148,49.0,0.00791252
BNT/BTC,1545830225994,2018-12-26T13:17:05.994Z,buy,0.00016148,37.0,0.00597476
BNT/BTC,1545830226170,2018-12-26T13:17:06.170Z,buy,0.00016148,8.0,0.00129184
BNT/BTC,1545830232748,2018-12-26T13:17:12.748Z,buy,0.00016239,69.0,0.01120491
BNT/BTC,1545830232772,2018-12-26T13:17:12.772Z,buy,0.00016239,61.0,0.00990579
BNT/BTC,1545830232884,2018-12-26T13:17:12.884Z,buy,0.00016239,4.0,0.00064956
BNT/BTC,1545830232884,2018-12-26T13:17:12.884Z,buy,0.0001624,14.0,0.0022735999999999
BNT/BTC,1545830245906,2018-12-26T13:17:25.906Z,buy,0.0001624,58.0,0.0094191999999999
BNT/BTC,1545830245947,2018-12-26T13:17:25.947Z,sell,0.0001624,34.0,0.0055216
BNT/BTC,1545830245963,2018-12-26T13:17:25.963Z,sell,0.0001624,28.0,0.0045471999999999
BNT/BTC,1545830272491,2018-12-26T13:17:52.491Z,buy,0.00016243,11.0,0.00178673
BNT/BTC,1545830272491,2018-12-26T13:17:52.491Z,buy,0.00016248,60.0,0.0097488
BNT/BTC,1545830272491,2018-12-26T13:17:52.491Z,buy,0.00016283,41.0,0.00667603
BNT/BTC,1545830272491,2018-12-26T13:17:52.491Z,buy,0.00016292,49.0,0.00798308
BNT/BTC,1545830272491,2018-12-26T13:17:52.491Z,buy,0.00016304,11.0,0.00179344
BNT/BTC,1545830272491,2018-12-26T13:17:52.491Z,buy,0.00016349,40.0,0.0065396
BNT/BTC,1545830272491,2018-12-26T13:17:52.491Z,buy,0.0001636,7.0,0.0011451999999999
BNT/BTC,1545830272491,2018-12-26T13:17:52.491Z,buy,0.00016403,793.0,0.13007579
BNT/BTC,1545830272491,2018-12-26T13:17:52.491Z,buy,0.00016404,71.0,0.01164684
BNT/BTC,1545830272520,2018-12-26T13:17:52.520Z,sell,0.00016405,1454.0,0.2385287
BNT/BTC,1545830272569,2018-12-26T13:17:52.569Z,sell,0.00016405,510.0,0.0836655
BNT/BTC,1545830272609,2018-12-26T13:17:52.609Z,sell,0.00016405,54.0,0.0088587
BNT/BTC,1545830282914,2018-12-26T13:18:02.914Z,buy,0.00016372,18.0,0.00294696
BNT/BTC,1545830284279,2018-12-26T13:18:04.279Z,buy,0.0001624,54.0,0.0087695999999999
BNT/BTC,1545830326499,2018-12-26T13:18:46.499Z,buy,0.00016272,20.0,0.0032543999999999
BNT/BTC,1545830338333,2018-12-26T13:18:58.333Z,sell,0.00016267,12.0,0.00195204
BNT/BTC,1545830346486,2018-12-26T13:19:06.486Z,buy,0.00016272,30.0,0.0048816
BNT/BTC,1545830348107,2018-12-26T13:19:08.107Z,buy,0.00016272,9.0,0.0014644799999999
BNT/BTC,1545830349843,2018-12-26T13:19:09.843Z,buy,0.00016272,9.0,0.0014644799999999
BNT/BTC,1545830362078,2018-12-26T13:19:22.078Z,buy,0.00016272,39.0,0.00634608
BNT/BTC,1545830366488,2018-12-26T13:19:26.488Z,buy,0.0001634,12.0,0.0019608
BNT/BTC,1545830383205,2018-12-26T13:19:43.205Z,sell,0.00016281,40.0,0.0065124
BNT/BTC,1545830387308,2018-12-26T13:19:47.308Z,sell,0.00016282,85.0,0.0138397
BNT/BTC,1545830394025,2018-12-26T13:19:54.025Z,sell,0.00016286,12.0,0.00195432
BNT/BTC,1545830533745,2018-12-26T13:22:13.745Z,sell,0.00016284,26.0,0.00423384
BNT/BTC,1545830534143,2018-12-26T13:22:14.143Z,sell,0.00016284,35.0,0.0056994
BNT/BTC,1545830801174,2018-12-26T13:26:41.174Z,buy,0.00016283,61.0,0.00993263
BNT/BTC,1545831192098,2018-12-26T13:33:12.098Z,sell,0.00016283,53.0,0.00862999
BNT/BTC,1545831192568,2018-12-26T13:33:12.568Z,sell,0.00016283,111.0,0.01807413
BNT/BTC,1545831241486,2018-12-26T13:34:01.486Z,sell,0.00016283,1.0,0.00016283
BNT/BTC,1545831241486,2018-12-26T13:34:01.486Z,sell,0.00016212,58.0,0.00940296
BNT/BTC,1545831314953,2018-12-26T13:35:14.953Z,buy,0.00016288,61.0,0.00993568
BNT/BTC,1545831468741,2018-12-26T13:37:48.741Z,buy,0.00016288,126.0,0.02052288
BNT/BTC,1545831468741,2018-12-26T13:37:48.741Z,buy,0.00016288,126.0,0.02052288
BNT/BTC,1545831510829,2018-12-26T13:38:30.829Z,buy,0.00016289,61.0,0.00993629
BNT/BTC,1545831510829,2018-12-26T13:38:30.829Z,buy,0.0001629,61.0,0.0099369
BNT/BTC,1545831510829,2018-12-26T13:38:30.829Z,buy,0.00016291,107.0,0.0174313699999999
BNT/BTC,1545831510829,2018-12-26T13:38:30.829Z,buy,0.00016305,9.0,0.00146745
BNT/BTC,1545831510829,2018-12-26T13:38:30.829Z,buy,0.00016329,9.0,0.0014696099999999
BNT/BTC,1545831510829,2018-12-26T13:38:30.829Z,buy,0.0001633,20.0,0.003266
BNT/BTC,1545831510829,2018-12-26T13:38:30.829Z,buy,0.00016339,12.0,0.00196068
BNT/BTC,1545831510829,2018-12-26T13:38:30.829Z,buy,0.00016364,68.0,0.01112752
BNT/BTC,1545831510873,2018-12-26T13:38:30.873Z,sell,0.00016364,12.0,0.0019636799999999
BNT/BTC,1545831511343,2018-12-26T13:38:31.343Z,sell,0.00016365,10.0,0.0016365
BNT/BTC,1545831545333,2018-12-26T13:39:05.333Z,buy,0.00016373,30.0,0.0049119
BNT/BTC,1545831545333,2018-12-26T13:39:05.333Z,buy,0.00016393,97.0,0.01590121
BNT/BTC,1545831545333,2018-12-26T13:39:05.333Z,buy,0.00016394,20.0,0.0032788
BNT/BTC,1545831545333,2018-12-26T13:39:05.333Z,buy,0.00016396,51.0,0.00836196
BNT/BTC,1545831545333,2018-12-26T13:39:05.333Z,buy,0.00016397,66.0,0.01082202
BNT/BTC,1545831545333,2018-12-26T13:39:05.333Z,buy,0.000164,2000.0,0.328
BNT/BTC,1545831545663,2018-12-26T13:39:05.663Z,sell,0.000164,7.0,0.001148
BNT/BTC,1545831593142,2018-12-26T13:39:53.142Z,buy,0.00016415,36.0,0.0059094
BNT/BTC,1545831593142,2018-12-26T13:39:53.142Z,buy,0.00016427,15.0,0.0024640499999999
BNT/BTC,1545831593142,2018-12-26T13:39:53.142Z,buy,0.00016439,48.0,0.00789072
BNT/BTC,1545831593142,2018-12-26T13:39:53.142Z,buy,0.00016456,7.0,0.00115192
BNT/BTC,1545831593142,2018-12-26T13:39:53.142Z,buy,0.00016473,13.0,0.00214149
BNT/BTC,1545831593142,2018-12-26T13:39:53.142Z,buy,0.00016483,10.0,0.0016483
BNT/BTC,1545831593142,2018-12-26T13:39:53.142Z,buy,0.00016493,13.0,0.00214409
BNT/BTC,1545831593142,2018-12-26T13:39:53.142Z,buy,0.00016499,7.0,0.00115493
BNT/BTC,1545831593168,2018-12-26T13:39:53.168Z,sell,0.00016499,264.0,0.04355736
BNT/BTC,1545831593168,2018-12-26T13:39:53.168Z,sell,0.00016499,2617.0,0.43177883
BNT/BTC,1545831593179,2018-12-26T13:39:53.179Z,sell,0.00016401,91.0,0.01492491
BNT/BTC,1545831593179,2018-12-26T13:39:53.179Z,sell,0.000164,173.0,0.028372
BNT/BTC,1545831597649,2018-12-26T13:39:57.649Z,sell,0.00016403,24.0,0.00393672
BNT/BTC,1545831611994,2018-12-26T13:40:11.994Z,sell,0.00016407,17.0,0.00278919
BNT/BTC,1545831639456,2018-12-26T13:40:39.456Z,buy,0.00016495,132.0,0.0217734
BNT/BTC,1545831639456,2018-12-26T13:40:39.456Z,buy,0.00016499,1071.0,0.17670429
BNT/BTC,1545831639480,2018-12-26T13:40:39.480Z,sell,0.00016499,1740.0,0.2870826
BNT/BTC,1545831639522,2018-12-26T13:40:39.522Z,sell,0.00016499,90.0,0.0148491
BNT/BTC,1545831640106,2018-12-26T13:40:40.106Z,sell,0.00016499,7.0,0.00115493
BNT/BTC,1545831641783,2018-12-26T13:40:41.783Z,sell,0.00016499,17.0,0.00280483
BNT/BTC,1545831642980,2018-12-26T13:40:42.980Z,sell,0.00016499,12.0,0.00197988
BNT/BTC,1545831643376,2018-12-26T13:40:43.376Z,sell,0.00016499,15.0,0.00247485
BNT/BTC,1545831668008,2018-12-26T13:41:08.008Z,sell,0.00016499,7.0,0.00115493
BNT/BTC,1545831698096,2018-12-26T13:41:38.096Z,buy,0.000165,21.0,0.003465
BNT/BTC,1545831699392,2018-12-26T13:41:39.392Z,buy,0.000165,8.0,0.00132
BNT/BTC,1545831700001,2018-12-26T13:41:40.001Z,buy,0.000165,9.0,0.001485
BNT/BTC,1545831734582,2018-12-26T13:42:14.582Z,buy,0.000165,48.0,0.00792
BNT/BTC,1545831761754,2018-12-26T13:42:41.754Z,sell,0.00016499,554.0,0.09140446
BNT/BTC,1545831762132,2018-12-26T13:42:42.132Z,sell,0.00016499,254.0,0.04190746
BNT/BTC,1545831762179,2018-12-26T13:42:42.179Z,sell,0.00016499,1414.0,0.23329586
BNT/BTC,1545831762184,2018-12-26T13:42:42.184Z,sell,0.00016499,254.0,0.04190746
BNT/BTC,1545831762255,2018-12-26T13:42:42.255Z,sell,0.00016499,254.0,0.04190746
BNT/BTC,1545831762315,2018-12-26T13:42:42.315Z,sell,0.00016499,254.0,0.04190746
BNT/BTC,1545831762381,2018-12-26T13:42:42.381Z,sell,0.00016499,254.0,0.04190746
BNT/BTC,1545831762518,2018-12-26T13:42:42.518Z,sell,0.00016499,254.0,0.04190746
BNT/BTC,1545831762562,2018-12-26T13:42:42.562Z,sell,0.00016499,254.0,0.04190746
BNT/BTC,1545831763032,2018-12-26T13:42:43.032Z,sell,0.00016499,254.0,0.04190746
BNT/BTC,1545831765805,2018-12-26T13:42:45.805Z,sell,0.00016499,254.0,0.04190746
BNT/BTC,1545831765870,2018-12-26T13:42:45.870Z,sell,0.00016499,254.0,0.04190746
BNT/BTC,1545831765928,2018-12-26T13:42:45.928Z,sell,0.00016499,76.0,0.01253924
BNT/BTC,1545831765939,2018-12-26T13:42:45.939Z,sell,0.00016499,254.0,0.04190746
BNT/BTC,1545831765994,2018-12-26T13:42:45.994Z,sell,0.00016499,254.0,0.04190746
BNT/BTC,1545831766039,2018-12-26T13:42:46.039Z,sell,0.00016499,289.0,0.04768211
BNT/BTC,1545831766046,2018-12-26T13:42:46.046Z,sell,0.00016499,254.0,0.04190746
BNT/BTC,1545831766097,2018-12-26T13:42:46.097Z,sell,0.00016499,254.0,0.04190746
BNT/BTC,1545831766174,2018-12-26T13:42:46.174Z,sell,0.00016499,254.0,0.04190746
BNT/BTC,1545831766241,2018-12-26T13:42:46.241Z,sell,0.00016499,79.0,0.01303421
BNT/BTC,1545831766472,2018-12-26T13:42:46.472Z,sell,0.00016499,444.0,0.07325556
BNT/BTC,1545831769441,2018-12-26T13:42:49.441Z,sell,0.00016499,254.0,0.04190746
BNT/BTC,1545831769498,2018-12-26T13:42:49.498Z,sell,0.00016499,254.0,0.04190746
BNT/BTC,1545831769514,2018-12-26T13:42:49.514Z,sell,0.00016499,35.0,0.00577465
BNT/BTC,1545831769560,2018-12-26T13:42:49.560Z,sell,0.00016499,254.0,0.04190746
BNT/BTC,1545831769627,2018-12-26T13:42:49.627Z,sell,0.00016499,254.0,0.04190746
BNT/BTC,1545831769673,2018-12-26T13:42:49.673Z,sell,0.00016499,254.0,0.04190746
BNT/BTC,1545831769726,2018-12-26T13:42:49.726Z,sell,0.00016499,118.0,0.01946882
BNT/BTC,1545831769737,2018-12-26T13:42:49.737Z,sell,0.00016499,254.0,0.04190746
BNT/BTC,1545831769816,2018-12-26T13:42:49.816Z,sell,0.00016499,118.0,0.01946882
BNT/BTC,1545831769944,2018-12-26T13:42:49.944Z,sell,0.00016499,427.0,0.07045073
BNT/BTC,1545831773373,2018-12-26T13:42:53.373Z,sell,0.00016499,1067.0,0.17604433
BNT/BTC,1545831775719,2018-12-26T13:42:55.719Z,sell,0.00016499,663.0,0.10938837
BNT/BTC,1545831777821,2018-12-26T13:42:57.821Z,sell,0.00016499,2220.0,0.3662778
BNT/BTC,1545831777869,2018-12-26T13:42:57.869Z,sell,0.00016499,14.0,0.00230986
BNT/BTC,1545831856048,2018-12-26T13:44:16.048Z,buy,0.000165,157.0,0.025905
BNT/BTC,1545831918543,2018-12-26T13:45:18.543Z,sell,0.00016416,102.0,0.01674432
BNT/BTC,1545831919531,2018-12-26T13:45:19.531Z,buy,0.00016383,18.0,0.00294894
BNT/BTC,1545831927833,2018-12-26T13:45:27.833Z,sell,0.00016337,54.0,0.00882198
BNT/BTC,1545832051980,2018-12-26T13:47:31.980Z,buy,0.00016477,60.0,0.0098862
BNT/BTC,1545832140135,2018-12-26T13:49:00.135Z,sell,0.00016366,144.0,0.0235670399999999
BNT/BTC,1545832140135,2018-12-26T13:49:00.135Z,sell,0.00016365,8.0,0.0013092
BNT/BTC,1545832140135,2018-12-26T13:49:00.135Z,sell,0.00016349,30.0,0.0049047
BNT/BTC,1545832140135,2018-12-26T13:49:00.135Z,sell,0.00016341,54.0,0.00882414
BNT/BTC,1545832140135,2018-12-26T13:49:00.135Z,sell,0.00016339,60.0,0.0098034
BNT/BTC,1545832140135,2018-12-26T13:49:00.135Z,sell,0.00016324,60.0,0.0097944
BNT/BTC,1545832140135,2018-12-26T13:49:00.135Z,sell,0.0001632,50.0,0.00816
BNT/BTC,1545832140135,2018-12-26T13:49:00.135Z,sell,0.00016312,7.0,0.0011418399999999
BNT/BTC,1545832140135,2018-12-26T13:49:00.135Z,sell,0.00016308,107.0,0.01744956
BNT/BTC,1545832140265,2018-12-26T13:49:00.265Z,buy,0.00016308,84.0,0.01369872
BNT/BTC,1545832140812,2018-12-26T13:49:00.812Z,buy,0.00016308,16.0,0.00260928
BNT/BTC,1545832141308,2018-12-26T13:49:01.308Z,sell,0.000163,42.0,0.006846
BNT/BTC,1545832144299,2018-12-26T13:49:04.299Z,buy,0.00016307,907.0,0.14790449
BNT/BTC,1545832146100,2018-12-26T13:49:06.100Z,buy,0.00016307,84.0,0.0136978799999999
BNT/BTC,1545832152234,2018-12-26T13:49:12.234Z,sell,0.00016238,9.0,0.00146142
BNT/BTC,1545832152328,2018-12-26T13:49:12.328Z,sell,0.00016238,177.0,0.02874126
BNT/BTC,1545832152328,2018-12-26T13:49:12.328Z,sell,0.00016233,331.0,0.05373123
BNT/BTC,1545832152328,2018-12-26T13:49:12.328Z,sell,0.00016232,36.0,0.00584352
BNT/BTC,1545832152333,2018-12-26T13:49:12.333Z,buy,0.00016232,23.0,0.00373336
BNT/BTC,1545832152343,2018-12-26T13:49:12.343Z,buy,0.00016232,313.0,0.05080616
BNT/BTC,1545832152353,2018-12-26T13:49:12.353Z,buy,0.00016232,199.0,0.03230168
BNT/BTC,1545832152355,2018-12-26T13:49:12.355Z,buy,0.00016232,313.0,0.05080616
BNT/BTC,1545832152364,2018-12-26T13:49:12.364Z,buy,0.00016232,45.0,0.0073044
BNT/BTC,1545832152364,2018-12-26T13:49:12.364Z,buy,0.00016232,22.0,0.00357104
BNT/BTC,1545832152390,2018-12-26T13:49:12.390Z,buy,0.00016232,23.0,0.00373336
BNT/BTC,1545832153405,2018-12-26T13:49:13.405Z,sell,0.0001623,23.0,0.0037329
BNT/BTC,1545832153882,2018-12-26T13:49:13.882Z,sell,0.0001623,61.0,0.0099002999999999
BNT/BTC,1545832153882,2018-12-26T13:49:13.882Z,sell,0.00016215,123.0,0.01994445
BNT/BTC,1545832153882,2018-12-26T13:49:13.882Z,sell,0.00016213,15.0,0.00243195
BNT/BTC,1545832157034,2018-12-26T13:49:17.034Z,sell,0.00016211,9.0,0.00145899
BNT/BTC,1545832157034,2018-12-26T13:49:17.034Z,sell,0.00016195,58.0,0.0093931
BNT/BTC,1545832163032,2018-12-26T13:49:23.032Z,sell,0.00016176,12.0,0.00194112
BNT/BTC,1545832169072,2018-12-26T13:49:29.072Z,sell,0.00016176,1.0,0.00016176
BNT/BTC,1545832170685,2018-12-26T13:49:30.685Z,buy,0.00016176,29.0,0.00469104
BNT/BTC,1545832171988,2018-12-26T13:49:31.988Z,sell,0.00016178,120.0,0.0194136
BNT/BTC,1545832199319,2018-12-26T13:49:59.319Z,buy,0.00016231,48.0,0.00779088
BNT/BTC,1545832226544,2018-12-26T13:50:26.544Z,sell,0.00016231,7.0,0.00113617
BNT/BTC,1545832226544,2018-12-26T13:50:26.544Z,sell,0.00016169,145.0,0.02344505
BNT/BTC,1545832226544,2018-12-26T13:50:26.544Z,sell,0.00016168,72.0,0.01164096
BNT/BTC,1545832226544,2018-12-26T13:50:26.544Z,sell,0.00016152,60.0,0.0096912
BNT/BTC,1545832226544,2018-12-26T13:50:26.544Z,sell,0.00016135,74.0,0.0119399
BNT/BTC,1545832226544,2018-12-26T13:50:26.544Z,sell,0.00016134,30.0,0.0048402
BNT/BTC,1545832226544,2018-12-26T13:50:26.544Z,sell,0.000161,29.0,0.004669
BNT/BTC,1545832226544,2018-12-26T13:50:26.544Z,sell,0.00016099,41.0,0.00660059
BNT/BTC,1545832226544,2018-12-26T13:50:26.544Z,sell,0.00016096,109.0,0.01754464
BNT/BTC,1545832226574,2018-12-26T13:50:26.574Z,buy,0.00016096,197.0,0.03170912
BNT/BTC,1545832226575,2018-12-26T13:50:26.575Z,buy,0.00016096,371.0,0.05971616
BNT/BTC,1545832226577,2018-12-26T13:50:26.577Z,buy,0.00016096,883.0,0.14212768
BNT/BTC,1545832226590,2018-12-26T13:50:26.590Z,buy,0.00016096,50.0,0.008048
BNT/BTC,1545832226590,2018-12-26T13:50:26.590Z,buy,0.00016096,16.0,0.00257536
BNT/BTC,1545832226594,2018-12-26T13:50:26.594Z,buy,0.00016096,435.0,0.0700176
BNT/BTC,1545832226640,2018-12-26T13:50:26.640Z,buy,0.00016096,36.0,0.00579456
BNT/BTC,1545832226640,2018-12-26T13:50:26.640Z,buy,0.00016096,450.0,0.072432
BNT/BTC,1545832226649,2018-12-26T13:50:26.649Z,buy,0.00016096,7.0,0.00112672
BNT/BTC,1545832226670,2018-12-26T13:50:26.670Z,buy,0.00016096,555.0,0.0893328
BNT/BTC,1545832226674,2018-12-26T13:50:26.674Z,buy,0.00016096,84.0,0.01352064
BNT/BTC,1545832226684,2018-12-26T13:50:26.684Z,buy,0.00016096,555.0,0.0893328
BNT/BTC,1545832226688,2018-12-26T13:50:26.688Z,buy,0.00016096,1522.0,0.24498112
BNT/BTC,1545832226783,2018-12-26T13:50:26.783Z,buy,0.00016215,14.0,0.0022701
BNT/BTC,1545832228107,2018-12-26T13:50:28.107Z,buy,0.00016176,9.0,0.00145584
BNT/BTC,1545832228519,2018-12-26T13:50:28.519Z,buy,0.00016176,22.0,0.00355872
BNT/BTC,1545832228519,2018-12-26T13:50:28.519Z,buy,0.00016215,59.0,0.00956685
BNT/BTC,1545832228635,2018-12-26T13:50:28.635Z,sell,0.00016176,47.0,0.0076027199999999
BNT/BTC,1545832228992,2018-12-26T13:50:28.992Z,sell,0.00016176,23.0,0.00372048
BNT/BTC,1545832230676,2018-12-26T13:50:30.676Z,buy,0.00016168,13.0,0.00210184
BNT/BTC,1545832236694,2018-12-26T13:50:36.694Z,sell,0.00016168,16.0,0.00258688
BNT/BTC,1545832331861,2018-12-26T13:52:11.861Z,sell,0.00016168,6.0,0.00097008
BNT/BTC,1545832331861,2018-12-26T13:52:11.861Z,sell,0.00016129,107.0,0.01725803
BNT/BTC,1545832331861,2018-12-26T13:52:11.861Z,sell,0.00016128,7.0,0.00112896
BNT/BTC,1545832331861,2018-12-26T13:52:11.861Z,sell,0.00016113,35.0,0.00563955
BNT/BTC,1545832331861,2018-12-26T13:52:11.861Z,sell,0.00016095,58.0,0.0093351
BNT/BTC,1545832331861,2018-12-26T13:52:11.861Z,sell,0.00016089,74.0,0.01190586
BNT/BTC,1545832331861,2018-12-26T13:52:11.861Z,sell,0.00016088,555.0,0.0892883999999999
BNT/BTC,1545832331861,2018-12-26T13:52:11.861Z,sell,0.00016087,247.0,0.03973489
BNT/BTC,1545832331861,2018-12-26T13:52:11.861Z,sell,0.0001608,66.0,0.0106128
BNT/BTC,1545832331884,2018-12-26T13:52:11.884Z,buy,0.0001608,1577.0,0.2535816
BNT/BTC,1545832331900,2018-12-26T13:52:11.900Z,buy,0.0001608,1564.0,0.2514912
BNT/BTC,1545832344409,2018-12-26T13:52:24.409Z,sell,0.00016096,37.0,0.00595552
BNT/BTC,1545832344409,2018-12-26T13:52:24.409Z,sell,0.00016095,84.0,0.0135198
BNT/BTC,1545832344409,2018-12-26T13:52:24.409Z,sell,0.00016075,77.0,0.01237775
BNT/BTC,1545832344409,2018-12-26T13:52:24.409Z,sell,0.00016074,387.0,0.06220638
BNT/BTC,1545832344409,2018-12-26T13:52:24.409Z,sell,0.00016071,401.0,0.06444471
BNT/BTC,1545832344409,2018-12-26T13:52:24.409Z,sell,0.00016066,55.0,0.0088363
BNT/BTC,1545832344409,2018-12-26T13:52:24.409Z,sell,0.00016061,12.0,0.00192732
BNT/BTC,1545832344409,2018-12-26T13:52:24.409Z,sell,0.00016055,494.0,0.0793117
BNT/BTC,1545832344431,2018-12-26T13:52:24.431Z,buy,0.00016054,1675.0,0.2689045
BNT/BTC,1545832344439,2018-12-26T13:52:24.439Z,buy,0.00016197,1.0,0.00016197
BNT/BTC,1545832346031,2018-12-26T13:52:26.031Z,buy,0.00016151,8.0,0.00129208
BNT/BTC,1545832347985,2018-12-26T13:52:27.985Z,buy,0.0001615,23.0,0.0037145
BNT/BTC,1545832348175,2018-12-26T13:52:28.175Z,buy,0.0001615,23.0,0.0037145
BNT/BTC,1545832348529,2018-12-26T13:52:28.529Z,buy,0.0001615,14.0,0.002261
BNT/BTC,1545832348682,2018-12-26T13:52:28.682Z,buy,0.0001615,17.0,0.0027455
BNT/BTC,1545832348682,2018-12-26T13:52:28.682Z,buy,0.00016151,6.0,0.0009690599999999
BNT/BTC,1545832348806,2018-12-26T13:52:28.806Z,buy,0.00016151,16.0,0.00258416
BNT/BTC,1545832352025,2018-12-26T13:52:32.025Z,buy,0.00016151,1.0,0.00016151
BNT/BTC,1545832366757,2018-12-26T13:52:46.757Z,sell,0.00016113,16.0,0.00257808
BNT/BTC,1545832372896,2018-12-26T13:52:52.896Z,buy,0.00016189,21.0,0.00339969
BNT/BTC,1545832377284,2018-12-26T13:52:57.284Z,sell,0.00016114,59.0,0.00950726
BNT/BTC,1545832377284,2018-12-26T13:52:57.284Z,sell,0.00016113,181.0,0.02916453
BNT/BTC,1545832377284,2018-12-26T13:52:57.284Z,sell,0.00016063,7.0,0.00112441
BNT/BTC,1545832377284,2018-12-26T13:52:57.284Z,sell,0.00016048,274.0,0.04397152
BNT/BTC,1545832377284,2018-12-26T13:52:57.284Z,sell,0.00016046,353.0,0.05664238
BNT/BTC,1545832377284,2018-12-26T13:52:57.284Z,sell,0.00016045,37.0,0.00593665
BNT/BTC,1545832377284,2018-12-26T13:52:57.284Z,sell,0.00016042,52.0,0.00834184
BNT/BTC,1545832377284,2018-12-26T13:52:57.284Z,sell,0.0001604,51.0,0.0081803999999999
BNT/BTC,1545832377284,2018-12-26T13:52:57.284Z,sell,0.00016038,31.0,0.00497178
BNT/BTC,1545832377302,2018-12-26T13:52:57.302Z,buy,0.00016038,1372.0,0.22004136
BNT/BTC,1545832377868,2018-12-26T13:52:57.868Z,sell,0.00016062,9.0,0.00144558
BNT/BTC,1545832378032,2018-12-26T13:52:58.032Z,buy,0.00016125,7.0,0.00112875
BNT/BTC,1545832378142,2018-12-26T13:52:58.142Z,buy,0.00016125,7.0,0.00112875
BNT/BTC,1545832378251,2018-12-26T13:52:58.251Z,buy,0.00016118,7.0,0.00112826
BNT/BTC,1545832378261,2018-12-26T13:52:58.261Z,buy,0.00016118,24.0,0.0038683199999999
BNT/BTC,1545832378379,2018-12-26T13:52:58.379Z,buy,0.00016125,7.0,0.00112875
BNT/BTC,1545832378457,2018-12-26T13:52:58.457Z,buy,0.00016125,7.0,0.00112875
BNT/BTC,1545832378565,2018-12-26T13:52:58.565Z,buy,0.00016125,7.0,0.00112875
BNT/BTC,1545832378931,2018-12-26T13:52:58.931Z,buy,0.00016125,2.0,0.0003225
BNT/BTC,1545832378931,2018-12-26T13:52:58.931Z,buy,0.00016126,24.0,0.00387024
BNT/BTC,1545832378931,2018-12-26T13:52:58.931Z,buy,0.00016134,33.0,0.00532422
BNT/BTC,1545832378986,2018-12-26T13:52:58.986Z,buy,0.00016134,17.0,0.00274278
BNT/BTC,1545832379100,2018-12-26T13:52:59.100Z,buy,0.00016136,7.0,0.00112952
BNT/BTC,1545832379204,2018-12-26T13:52:59.204Z,buy,0.00016136,7.0,0.00112952
BNT/BTC,1545832379303,2018-12-26T13:52:59.303Z,buy,0.00016136,7.0,0.00112952
BNT/BTC,1545832379416,2018-12-26T13:52:59.416Z,buy,0.00016125,7.0,0.00112875
BNT/BTC,1545832379418,2018-12-26T13:52:59.418Z,buy,0.00016125,15.0,0.00241875
BNT/BTC,1545832379514,2018-12-26T13:52:59.514Z,buy,0.00016136,7.0,0.00112952
BNT/BTC,1545832379586,2018-12-26T13:52:59.586Z,buy,0.00016109,54.0,0.00869886
BNT/BTC,1545832379624,2018-12-26T13:52:59.624Z,buy,0.00016136,7.0,0.00112952
BNT/BTC,1545832379718,2018-12-26T13:52:59.718Z,buy,0.00016136,7.0,0.00112952
BNT/BTC,1545832379823,2018-12-26T13:52:59.823Z,buy,0.00016136,7.0,0.00112952
BNT/BTC,1545832381684,2018-12-26T13:53:01.684Z,buy,0.00016136,2.0,0.00032272
BNT/BTC,1545832388977,2018-12-26T13:53:08.977Z,buy,0.00016178,61.0,0.00986858
BNT/BTC,1545832390884,2018-12-26T13:53:10.884Z,sell,0.00016136,8.0,0.00129088
BNT/BTC,1545832390884,2018-12-26T13:53:10.884Z,sell,0.00016115,54.0,0.0087020999999999
BNT/BTC,1545832390884,2018-12-26T13:53:10.884Z,sell,0.00016088,76.0,0.0122268799999999
BNT/BTC,1545832390884,2018-12-26T13:53:10.884Z,sell,0.00016087,1674.0,0.26929638
BNT/BTC,1545832391510,2018-12-26T13:53:11.510Z,buy,0.00016178,49.0,0.00792722
BNT/BTC,1545832393733,2018-12-26T13:53:13.733Z,buy,0.00016177,24.0,0.00388248
BNT/BTC,1545832394000,2018-12-26T13:53:14.000Z,buy,0.00016177,37.0,0.0059854899999999
BNT/BTC,1545832402386,2018-12-26T13:53:22.386Z,sell,0.00016109,555.0,0.08940495
BNT/BTC,1545832402386,2018-12-26T13:53:22.386Z,sell,0.00016108,248.0,0.03994784
BNT/BTC,1545832402386,2018-12-26T13:53:22.386Z,sell,0.00016098,555.0,0.0893438999999999
BNT/BTC,1545832402386,2018-12-26T13:53:22.386Z,sell,0.00016097,962.0,0.15485314
BNT/BTC,1545832402386,2018-12-26T13:53:22.386Z,sell,0.00016082,1072.0,0.17239904
BNT/BTC,1545832402386,2018-12-26T13:53:22.386Z,sell,0.00016081,197.0,0.03167957
BNT/BTC,1545832402386,2018-12-26T13:53:22.386Z,sell,0.0001608,279.0,0.0448632
BNT/BTC,1545832402386,2018-12-26T13:53:22.386Z,sell,0.00016055,247.0,0.03965585
BNT/BTC,1545832402386,2018-12-26T13:53:22.386Z,sell,0.00016039,381.0,0.06110859
BNT/BTC,1545832402386,2018-12-26T13:53:22.386Z,sell,0.00016033,14.0,0.00224462
BNT/BTC,1545832402386,2018-12-26T13:53:22.386Z,sell,0.00016029,8.0,0.00128232
BNT/BTC,1545832402409,2018-12-26T13:53:22.409Z,buy,0.00016029,921.0,0.14762709
BNT/BTC,1545832402642,2018-12-26T13:53:22.642Z,buy,0.00016125,8.0,0.00129
BNT/BTC,1545832403379,2018-12-26T13:53:23.379Z,buy,0.00016113,8.0,0.00128904
BNT/BTC,1545832403819,2018-12-26T13:53:23.819Z,buy,0.00016113,6.0,0.00096678
BNT/BTC,1545832406638,2018-12-26T13:53:26.638Z,buy,0.00016151,1.0,0.00016151
BNT/BTC,1545832410794,2018-12-26T13:53:30.794Z,buy,0.00016143,9.0,0.00145287
BNT/BTC,1545832443495,2018-12-26T13:54:03.495Z,buy,0.0001617,18.0,0.0029106
BNT/BTC,1545832449783,2018-12-26T13:54:09.783Z,buy,0.00016169,1.0,0.00016169
BNT/BTC,1545832488883,2018-12-26T13:54:48.883Z,buy,0.00016154,10.0,0.0016154
BNT/BTC,1545832501584,2018-12-26T13:55:01.584Z,buy,0.00016162,15.0,0.0024243
BNT/BTC,1545832502329,2018-12-26T13:55:02.329Z,buy,0.00016162,15.0,0.0024243
BNT/BTC,1545832502525,2018-12-26T13:55:02.525Z,buy,0.00016162,15.0,0.0024243
BNT/BTC,1545832544686,2018-12-26T13:55:44.686Z,buy,0.00016162,38.0,0.00614156
BNT/BTC,1545832544768,2018-12-26T13:55:44.768Z,buy,0.00016162,7.0,0.00113134
BNT/BTC,1545832544877,2018-12-26T13:55:44.877Z,buy,0.00016162,7.0,0.00113134
BNT/BTC,1545832544981,2018-12-26T13:55:44.981Z,buy,0.00016162,7.0,0.00113134
BNT/BTC,1545832545091,2018-12-26T13:55:45.091Z,buy,0.00016162,7.0,0.00113134
BNT/BTC,1545832545196,2018-12-26T13:55:45.196Z,buy,0.00016162,7.0,0.00113134
BNT/BTC,1545832545296,2018-12-26T13:55:45.296Z,buy,0.00016162,7.0,0.00113134
BNT/BTC,1545832556622,2018-12-26T13:55:56.622Z,buy,0.00016162,6.0,0.0009697199999999
BNT/BTC,1545832556622,2018-12-26T13:55:56.622Z,buy,0.0001617,73.0,0.0118041
BNT/BTC,1545832556994,2018-12-26T13:55:56.994Z,buy,0.0001619,28.0,0.0045332
BNT/BTC,1545832557107,2018-12-26T13:55:57.107Z,buy,0.0001619,28.0,0.0045332
BNT/BTC,1545832557212,2018-12-26T13:55:57.212Z,buy,0.0001619,28.0,0.0045332
BNT/BTC,1545832557307,2018-12-26T13:55:57.307Z,buy,0.0001619,28.0,0.0045332
BNT/BTC,1545832557413,2018-12-26T13:55:57.413Z,buy,0.0001619,23.0,0.0037237
BNT/BTC,1545832571689,2018-12-26T13:56:11.689Z,buy,0.0001619,1.0,0.0001619
BNT/BTC,1545832598094,2018-12-26T13:56:38.094Z,buy,0.0001619,143.0,0.0231517
BNT/BTC,1545832598714,2018-12-26T13:56:38.714Z,buy,0.00016192,35.0,0.0056672
BNT/BTC,1545832600710,2018-12-26T13:56:40.710Z,buy,0.00016192,23.0,0.00372416
BNT/BTC,1545832609157,2018-12-26T13:56:49.157Z,buy,0.00016202,30.0,0.0048606
BNT/BTC,1545832668325,2018-12-26T13:57:48.325Z,buy,0.00016214,60.0,0.0097284
BNT/BTC,1545832668722,2018-12-26T13:57:48.722Z,buy,0.00016215,127.0,0.02059305
BNT/BTC,1545832669736,2018-12-26T13:57:49.736Z,buy,0.00016216,190.0,0.0308104
BNT/BTC,1545832671726,2018-12-26T13:57:51.726Z,buy,0.00016216,181.0,0.02935096
BNT/BTC,1545832673726,2018-12-26T13:57:53.726Z,buy,0.00016228,65.0,0.0105482
BNT/BTC,1545832678938,2018-12-26T13:57:58.938Z,buy,0.0001624,278.0,0.0451472
BNT/BTC,1545832678966,2018-12-26T13:57:58.966Z,sell,0.0001624,236.0,0.0383264
BNT/BTC,1545832678993,2018-12-26T13:57:58.993Z,sell,0.0001624,12.0,0.0019487999999999
BNT/BTC,1545832679045,2018-12-26T13:57:59.045Z,sell,0.0001624,53.0,0.0086071999999999
BNT/BTC,1545832708198,2018-12-26T13:58:28.198Z,buy,0.00016257,82.0,0.01333074
BNT/BTC,1545832712035,2018-12-26T13:58:32.035Z,sell,0.00016257,138.0,0.02243466
BNT/BTC,1545832716828,2018-12-26T13:58:36.828Z,sell,0.00016257,23.0,0.00373911
BNT/BTC,1545832736742,2018-12-26T13:58:56.742Z,sell,0.00016257,137.0,0.02227209
BNT/BTC,1545832738734,2018-12-26T13:58:58.734Z,sell,0.00016258,422.0,0.06860876
BNT/BTC,1545832742056,2018-12-26T13:59:02.056Z,buy,0.00016261,1.0,0.00016261
BNT/BTC,1545832754734,2018-12-26T13:59:14.734Z,sell,0.00016258,423.0,0.06877134
BNT/BTC,1545833370991,2018-12-26T14:09:30.991Z,sell,0.00016142,67.0,0.01081514
BNT/BTC,1545833387810,2018-12-26T14:09:47.810Z,sell,0.00016108,20.0,0.0032216
BNT/BTC,1545833391882,2018-12-26T14:09:51.882Z,buy,0.0001606,8.0,0.0012848
BNT/BTC,1545833392050,2018-12-26T14:09:52.050Z,buy,0.0001606,8.0,0.0012848
BNT/BTC,1545833392146,2018-12-26T14:09:52.146Z,buy,0.0001606,8.0,0.0012848
BNT/BTC,1545833393402,2018-12-26T14:09:53.402Z,buy,0.00016044,53.0,0.00850332
BNT/BTC,1545833393663,2018-12-26T14:09:53.663Z,sell,0.00016029,8.0,0.00128232
BNT/BTC,1545833394130,2018-12-26T14:09:54.130Z,buy,0.00016036,8.0,0.00128288
BNT/BTC,1545833394638,2018-12-26T14:09:54.638Z,buy,0.00016036,1.0,0.00016036
BNT/BTC,1545833394798,2018-12-26T14:09:54.798Z,sell,0.00016059,19.0,0.00305121
BNT/BTC,1545833395592,2018-12-26T14:09:55.592Z,buy,0.00016044,14.0,0.00224616
BNT/BTC,1545833396058,2018-12-26T14:09:56.058Z,buy,0.00016044,14.0,0.00224616
BNT/BTC,1545833397635,2018-12-26T14:09:57.635Z,buy,0.00016044,11.0,0.00176484
BNT/BTC,1545833397762,2018-12-26T14:09:57.762Z,sell,0.00016029,8.0,0.00128232
BNT/BTC,1545833400159,2018-12-26T14:10:00.159Z,buy,0.00016028,8.0,0.00128224
BNT/BTC,1545833400553,2018-12-26T14:10:00.553Z,buy,0.00016028,7.0,0.00112196
BNT/BTC,1545833400624,2018-12-26T14:10:00.624Z,buy,0.00016028,7.0,0.00112196
BNT/BTC,1545833401931,2018-12-26T14:10:01.931Z,buy,0.00016012,7.0,0.00112084
BNT/BTC,1545833402035,2018-12-26T14:10:02.035Z,buy,0.00016012,7.0,0.00112084
BNT/BTC,1545833402090,2018-12-26T14:10:02.090Z,sell,0.00016009,111.0,0.01776999
BNT/BTC,1545833402090,2018-12-26T14:10:02.090Z,sell,0.00016008,12.0,0.00192096
BNT/BTC,1545833402130,2018-12-26T14:10:02.130Z,buy,0.00016012,7.0,0.00112084
BNT/BTC,1545833402248,2018-12-26T14:10:02.248Z,buy,0.00016012,7.0,0.00112084
BNT/BTC,1545833402437,2018-12-26T14:10:02.437Z,buy,0.00016012,7.0,0.00112084
BNT/BTC,1545833402585,2018-12-26T14:10:02.585Z,buy,0.00016012,5.0,0.0008006
BNT/BTC,1545833403294,2018-12-26T14:10:03.294Z,sell,0.00016013,7.0,0.00112091
BNT/BTC,1545833404570,2018-12-26T14:10:04.570Z,buy,0.00016108,7.0,0.0011275599999999
BNT/BTC,1545833404570,2018-12-26T14:10:04.570Z,buy,0.00016109,3.0,0.0004832699999999
BNT/BTC,1545833407864,2018-12-26T14:10:07.864Z,sell,0.00016013,13.0,0.00208169
BNT/BTC,1545833427203,2018-12-26T14:10:27.203Z,sell,0.00016013,17.0,0.00272221
BNT/BTC,1545833427250,2018-12-26T14:10:27.250Z,buy,0.00016013,143.0,0.02289859
BNT/BTC,1545833427357,2018-12-26T14:10:27.357Z,buy,0.00016013,49.0,0.00784637
BNT/BTC,1545833427466,2018-12-26T14:10:27.466Z,buy,0.00016013,46.0,0.00736598
BNT/BTC,1545833427566,2018-12-26T14:10:27.566Z,buy,0.00016013,202.0,0.03234626
BNT/BTC,1545833427797,2018-12-26T14:10:27.797Z,buy,0.00016013,646.0,0.10344398
BNT/BTC,1545833468235,2018-12-26T14:11:08.235Z,buy,0.00016107,17.0,0.00273819
BNT/BTC,1545833469801,2018-12-26T14:11:09.801Z,buy,0.00016108,13.0,0.00209404
BNT/BTC,1545833471310,2018-12-26T14:11:11.310Z,sell,0.00016107,9.0,0.00144963
BNT/BTC,1545833473954,2018-12-26T14:11:13.954Z,buy,0.00016107,37.0,0.00595959
BNT/BTC,1545833474350,2018-12-26T14:11:14.350Z,buy,0.00016107,37.0,0.00595959
BNT/BTC,1545833476033,2018-12-26T14:11:16.033Z,buy,0.00016107,15.0,0.00241605
BNT/BTC,1545833476335,2018-12-26T14:11:16.335Z,sell,0.00016107,9.0,0.00144963
BNT/BTC,1545833497645,2018-12-26T14:11:37.645Z,sell,0.00016019,69.0,0.01105311
BNT/BTC,1545833508184,2018-12-26T14:11:48.184Z,buy,0.00016107,1.0,0.00016107
BNT/BTC,1545833526881,2018-12-26T14:12:06.881Z,sell,0.0001603,14.0,0.0022442
BNT/BTC,1545834313585,2018-12-26T14:25:13.585Z,buy,0.00016134,25.0,0.0040335
BNT/BTC,1545834565926,2018-12-26T14:29:25.926Z,buy,0.00016105,1.0,0.00016105
BNT/BTC,1545834565926,2018-12-26T14:29:25.926Z,buy,0.00016105,1.0,0.00016105
BNT/BTC,1545835289723,2018-12-26T14:41:29.723Z,buy,0.00016061,9.0,0.00144549
BNT/BTC,1545835309988,2018-12-26T14:41:49.988Z,sell,0.00016008,25.0,0.004002
BNT/BTC,1545835311981,2018-12-26T14:41:51.981Z,sell,0.00015986,17.0,0.00271762
BNT/BTC,1545835312316,2018-12-26T14:41:52.316Z,sell,0.00015941,8.0,0.00127528
BNT/BTC,1545835330990,2018-12-26T14:42:10.990Z,sell,0.00015944,195.0,0.0310908
BNT/BTC,1545835332341,2018-12-26T14:42:12.341Z,buy,0.00015986,14.0,0.00223804
BNT/BTC,1545835332426,2018-12-26T14:42:12.426Z,buy,0.00015986,1.0,0.00015986
BNT/BTC,1545835332538,2018-12-26T14:42:12.538Z,sell,0.00015986,13.0,0.00207818
BNT/BTC,1545835337805,2018-12-26T14:42:17.805Z,buy,0.00015986,31.0,0.00495566
BNT/BTC,1545835342466,2018-12-26T14:42:22.466Z,sell,0.00015884,181.0,0.0287500399999999
BNT/BTC,1545835346763,2018-12-26T14:42:26.763Z,buy,0.00016017,20.0,0.0032034
BNT/BTC,1545835353508,2018-12-26T14:42:33.508Z,buy,0.00016017,49.0,0.00784833
BNT/BTC,1545835368702,2018-12-26T14:42:48.702Z,buy,0.00016021,25.0,0.00400525
BNT/BTC,1545835409668,2018-12-26T14:43:29.668Z,sell,0.00015992,37.0,0.00591704
BNT/BTC,1545835411987,2018-12-26T14:43:31.987Z,sell,0.00015987,41.0,0.00655467
BNT/BTC,1545835415915,2018-12-26T14:43:35.915Z,buy,0.00015992,2.0,0.00031984
BNT/BTC,1545835417956,2018-12-26T14:43:37.956Z,sell,0.00015992,37.0,0.00591704
BNT/BTC,1545835419178,2018-12-26T14:43:39.178Z,sell,0.00015992,11.0,0.00175912
BNT/BTC,1545835428782,2018-12-26T14:43:48.782Z,buy,0.00015991,31.0,0.00495721
BNT/BTC,1545835444975,2018-12-26T14:44:04.975Z,sell,0.00015985,8.0,0.0012788
BNT/BTC,1545835448041,2018-12-26T14:44:08.041Z,buy,0.00015979,8.0,0.00127832
BNT/BTC,1545835449974,2018-12-26T14:44:09.974Z,buy,0.00015979,11.0,0.00175769
BNT/BTC,1545835457349,2018-12-26T14:44:17.349Z,sell,0.00015885,26.0,0.0041301
BNT/BTC,1545835513120,2018-12-26T14:45:13.120Z,sell,0.00015887,9.0,0.00142983
BNT/BTC,1545835515952,2018-12-26T14:45:15.952Z,buy,0.00015977,31.0,0.00495287
BNT/BTC,1545835609256,2018-12-26T14:46:49.256Z,buy,0.00015979,31.0,0.00495349
BNT/BTC,1545835631992,2018-12-26T14:47:11.992Z,sell,0.00015975,69.0,0.01102275
BNT/BTC,1545835659247,2018-12-26T14:47:39.247Z,sell,0.00015888,31.0,0.00492528
BNT/BTC,1545835659627,2018-12-26T14:47:39.627Z,buy,0.00015979,6.0,0.00095874
BNT/BTC,1545835659627,2018-12-26T14:47:39.627Z,buy,0.00016029,69.0,0.01106001
BNT/BTC,1545835751161,2018-12-26T14:49:11.161Z,sell,0.00015973,31.0,0.0049516299999999
BNT/BTC,1545835753893,2018-12-26T14:49:13.893Z,sell,0.00015973,7.0,0.0011181099999999
BNT/BTC,1545835779388,2018-12-26T14:49:39.388Z,sell,0.00015971,24.0,0.00383304
BNT/BTC,1545835784984,2018-12-26T14:49:44.984Z,sell,0.00015973,8.0,0.00127784
BNT/BTC,1545835798527,2018-12-26T14:49:58.527Z,sell,0.00015971,46.0,0.00734666
BNT/BTC,1545835801631,2018-12-26T14:50:01.631Z,buy,0.00016001,28.0,0.00448028
BNT/BTC,1545835868031,2018-12-26T14:51:08.031Z,sell,0.00015969,30.0,0.0047907
BNT/BTC,1545835900399,2018-12-26T14:51:40.399Z,sell,0.00015885,7.0,0.00111195
BNT/BTC,1545835901013,2018-12-26T14:51:41.013Z,sell,0.00015882,8.0,0.00127056
BNT/BTC,1545835902195,2018-12-26T14:51:42.195Z,buy,0.00015885,54.0,0.0085779
BNT/BTC,1545835902195,2018-12-26T14:51:42.195Z,buy,0.00015962,60.0,0.0095772
BNT/BTC,1545835902195,2018-12-26T14:51:42.195Z,buy,0.00015965,11.0,0.00175615
BNT/BTC,1545835902247,2018-12-26T14:51:42.247Z,sell,0.00015815,10.0,0.0015815
BNT/BTC,1545835905111,2018-12-26T14:51:45.111Z,sell,0.00015819,15.0,0.00237285
BNT/BTC,1545835905111,2018-12-26T14:51:45.111Z,sell,0.00015818,39.0,0.00616902
BNT/BTC,1545835917383,2018-12-26T14:51:57.383Z,buy,0.00015886,8.0,0.00127088
BNT/BTC,1545835918733,2018-12-26T14:51:58.733Z,buy,0.00015868,14.0,0.00222152
BNT/BTC,1545835919695,2018-12-26T14:51:59.695Z,buy,0.00015868,13.0,0.00206284
BNT/BTC,1545835922968,2018-12-26T14:52:02.968Z,buy,0.00015868,51.0,0.00809268
BNT/BTC,1545835923286,2018-12-26T14:52:03.286Z,buy,0.00015868,5.0,0.0007934
BNT/BTC,1545835923286,2018-12-26T14:52:03.286Z,buy,0.00015886,26.0,0.00413036
BNT/BTC,1545835927295,2018-12-26T14:52:07.295Z,buy,0.00015886,10.0,0.0015886
BNT/BTC,1545835929227,2018-12-26T14:52:09.227Z,buy,0.00015886,15.0,0.0023829
BNT/BTC,1545835930032,2018-12-26T14:52:10.032Z,buy,0.00015886,40.0,0.0063544
BNT/BTC,1545835930086,2018-12-26T14:52:10.086Z,buy,0.00015886,13.0,0.00206518
BNT/BTC,1545835930131,2018-12-26T14:52:10.131Z,buy,0.00015886,33.0,0.00524238
BNT/BTC,1545835930271,2018-12-26T14:52:10.271Z,buy,0.00015886,17.0,0.00270062
BNT/BTC,1545835930281,2018-12-26T14:52:10.281Z,buy,0.00015886,77.0,0.01223222
BNT/BTC,1545835931618,2018-12-26T14:52:11.618Z,buy,0.00015886,33.0,0.00524238
