symbol,timestamp,datetime,side,price,amount,btc_volume
BNT/BTC,1583424011423,2020-03-05T16:00:11.423Z,sell,3.199e-05,1338.0,0.0428026199999999
BNT/BTC,1583424011423,2020-03-05T16:00:11.423Z,sell,3.197e-05,178.0,0.00569066
BNT/BTC,1583424011423,2020-03-05T16:00:11.423Z,sell,3.194e-05,180.0,0.0057492
BNT/BTC,1583424011423,2020-03-05T16:00:11.423Z,sell,3.193e-05,177.0,0.00565161
BNT/BTC,1583424034091,2020-03-05T16:00:34.091Z,sell,3.193e-05,195.0,0.00622635
BNT/BTC,1583424034091,2020-03-05T16:00:34.091Z,sell,3.192e-05,376.0,0.01200192
BNT/BTC,1583424034091,2020-03-05T16:00:34.091Z,sell,3.188e-05,214.0,0.00682232
BNT/BTC,1583424034195,2020-03-05T16:00:34.195Z,buy,3.188e-05,39.0,0.00124332
BNT/BTC,1583424035478,2020-03-05T16:00:35.478Z,buy,3.188e-05,5.0,0.0001594
BNT/BTC,1583424057252,2020-03-05T16:00:57.252Z,sell,3.188e-05,682.0,0.02174216
BNT/BTC,1583424057252,2020-03-05T16:00:57.252Z,sell,3.184e-05,7.0,0.00022288
BNT/BTC,1583424057252,2020-03-05T16:00:57.252Z,sell,3.183e-05,28.0,0.00089124
BNT/BTC,1583424057252,2020-03-05T16:00:57.252Z,sell,3.18e-05,646.0,0.0205428
BNT/BTC,1583424061974,2020-03-05T16:01:01.974Z,sell,3.181e-05,304.0,0.00967024
BNT/BTC,1583424129857,2020-03-05T16:02:09.857Z,buy,3.191e-05,47.0,0.0014997699999999
BNT/BTC,1583424170308,2020-03-05T16:02:50.308Z,buy,3.19e-05,31.0,0.0009889
BNT/BTC,1583424872546,2020-03-05T16:14:32.546Z,buy,3.193e-05,1.0,3.193e-05
BNT/BTC,1583425026183,2020-03-05T16:17:06.183Z,buy,3.192e-05,12.0,0.0003830399999999
BNT/BTC,1583425026183,2020-03-05T16:17:06.183Z,buy,3.193e-05,5.0,0.00015965
BNT/BTC,1583425070210,2020-03-05T16:17:50.210Z,buy,3.197e-05,4.0,0.00012788
BNT/BTC,1583426353371,2020-03-05T16:39:13.371Z,sell,3.184e-05,857.0,0.02728688
BNT/BTC,1583426353371,2020-03-05T16:39:13.371Z,sell,3.183e-05,533.0,0.01696539
BNT/BTC,1583426353371,2020-03-05T16:39:13.371Z,sell,3.18e-05,1945.0,0.061851
BNT/BTC,1583426353371,2020-03-05T16:39:13.371Z,sell,3.179e-05,318.0,0.01010922
BNT/BTC,1583426353371,2020-03-05T16:39:13.371Z,sell,3.178e-05,2531.0,0.08043518
BNT/BTC,1583426503685,2020-03-05T16:41:43.685Z,sell,3.183e-05,187.0,0.0059522099999999
BNT/BTC,1583426503685,2020-03-05T16:41:43.685Z,sell,3.182e-05,783.0,0.02491506
BNT/BTC,1583426508428,2020-03-05T16:41:48.428Z,sell,3.182e-05,115.0,0.0036592999999999
BNT/BTC,1583426541997,2020-03-05T16:42:21.997Z,buy,3.193e-05,6.0,0.00019158
BNT/BTC,1583426541997,2020-03-05T16:42:21.997Z,buy,3.201e-05,306.0,0.00979506
BNT/BTC,1583426542002,2020-03-05T16:42:22.002Z,buy,3.201e-05,1.0,3.201e-05
BNT/BTC,1583426542007,2020-03-05T16:42:22.007Z,buy,3.201e-05,31.0,0.00099231
BNT/BTC,1583426542007,2020-03-05T16:42:22.007Z,buy,3.201e-05,31.0,0.00099231
BNT/BTC,1583427873887,2020-03-05T17:04:33.887Z,buy,3.204e-05,4.0,0.00012816
BNT/BTC,1583428104781,2020-03-05T17:08:24.781Z,buy,3.204e-05,24.0,0.00076896
BNT/BTC,1583428104781,2020-03-05T17:08:24.781Z,buy,3.212e-05,560.0,0.0179872
BNT/BTC,1583428104781,2020-03-05T17:08:24.781Z,buy,3.213e-05,578.0,0.01857114
BNT/BTC,1583428104781,2020-03-05T17:08:24.781Z,buy,3.214e-05,159.0,0.00511026
BNT/BTC,1583428104781,2020-03-05T17:08:24.781Z,buy,3.215e-05,46.0,0.0014789
BNT/BTC,1583428187278,2020-03-05T17:09:47.278Z,buy,3.217e-05,6.0,0.00019302
BNT/BTC,1583428192910,2020-03-05T17:09:52.910Z,buy,3.217e-05,35.0,0.00112595
BNT/BTC,1583428192910,2020-03-05T17:09:52.910Z,buy,3.219e-05,19.0,0.00061161
BNT/BTC,1583428192910,2020-03-05T17:09:52.910Z,buy,3.221e-05,11.0,0.00035431
BNT/BTC,1583428192910,2020-03-05T17:09:52.910Z,buy,3.224e-05,193.0,0.00622232
BNT/BTC,1583428192910,2020-03-05T17:09:52.910Z,buy,3.225e-05,762.0,0.0245745
BNT/BTC,1583428197918,2020-03-05T17:09:57.918Z,buy,3.224e-05,4.0,0.00012896
BNT/BTC,1583428219864,2020-03-05T17:10:19.864Z,sell,3.214e-05,6.0,0.00019284
BNT/BTC,1583428223762,2020-03-05T17:10:23.762Z,buy,3.224e-05,4.0,0.00012896
BNT/BTC,1583428237827,2020-03-05T17:10:37.827Z,sell,3.207e-05,5.0,0.00016035
BNT/BTC,1583428359619,2020-03-05T17:12:39.619Z,buy,3.222e-05,986.0,0.03176892
BNT/BTC,1583428359619,2020-03-05T17:12:39.619Z,buy,3.224e-05,6.0,0.00019344
BNT/BTC,1583428359619,2020-03-05T17:12:39.619Z,buy,3.226e-05,22.0,0.00070972
BNT/BTC,1583428359619,2020-03-05T17:12:39.619Z,buy,3.227e-05,457.0,0.01474739
BNT/BTC,1583428359619,2020-03-05T17:12:39.619Z,buy,3.233e-05,6.0,0.0001939799999999
BNT/BTC,1583428359619,2020-03-05T17:12:39.619Z,buy,3.234e-05,278.0,0.00899052
BNT/BTC,1583428359619,2020-03-05T17:12:39.619Z,buy,3.235e-05,563.0,0.01821305
BNT/BTC,1583428363984,2020-03-05T17:12:43.984Z,sell,3.224e-05,6.0,0.00019344
BNT/BTC,1583428364176,2020-03-05T17:12:44.176Z,buy,3.216e-05,80.0,0.0025727999999999
BNT/BTC,1583428364176,2020-03-05T17:12:44.176Z,buy,3.229e-05,104.0,0.00335816
BNT/BTC,1583428364176,2020-03-05T17:12:44.176Z,buy,3.234e-05,567.0,0.01833678
BNT/BTC,1583428376723,2020-03-05T17:12:56.723Z,sell,3.218e-05,5.0,0.0001609
BNT/BTC,1583428759429,2020-03-05T17:19:19.429Z,buy,3.218e-05,120.0,0.0038616
BNT/BTC,1583429218953,2020-03-05T17:26:58.953Z,buy,3.218e-05,42.0,0.00135156
BNT/BTC,1583429381345,2020-03-05T17:29:41.345Z,buy,3.217e-05,92.0,0.00295964
BNT/BTC,1583429514200,2020-03-05T17:31:54.200Z,buy,3.217e-05,4.0,0.00012868
BNT/BTC,1583429614376,2020-03-05T17:33:34.376Z,buy,3.217e-05,703.0,0.02261551
BNT/BTC,1583429658575,2020-03-05T17:34:18.575Z,buy,3.217e-05,6.0,0.00019302
BNT/BTC,1583429658575,2020-03-05T17:34:18.575Z,buy,3.217e-05,6.0,0.00019302
BNT/BTC,1583430365800,2020-03-05T17:46:05.800Z,buy,3.217e-05,756.0,0.0243205199999999
BNT/BTC,1583430444168,2020-03-05T17:47:24.168Z,sell,3.22e-05,15.0,0.0004829999999999
BNT/BTC,1583430488101,2020-03-05T17:48:08.101Z,sell,3.22e-05,4.0,0.0001288
BNT/BTC,1583430619255,2020-03-05T17:50:19.255Z,buy,3.232e-05,4.0,0.00012928
BNT/BTC,1583430625565,2020-03-05T17:50:25.565Z,sell,3.227e-05,4.0,0.00012908
BNT/BTC,1583430625565,2020-03-05T17:50:25.565Z,sell,3.217e-05,21.0,0.00067557
BNT/BTC,1583430625565,2020-03-05T17:50:25.565Z,sell,3.216e-05,22.0,0.0007075199999999
BNT/BTC,1583431291641,2020-03-05T18:01:31.641Z,sell,3.221e-05,4.0,0.00012884
BNT/BTC,1583431293767,2020-03-05T18:01:33.767Z,sell,3.22e-05,4.0,0.0001288
BNT/BTC,1583431332881,2020-03-05T18:02:12.881Z,buy,3.23e-05,6.0,0.0001938
BNT/BTC,1583431372880,2020-03-05T18:02:52.880Z,buy,3.227e-05,243.0,0.00784161
BNT/BTC,1583431372906,2020-03-05T18:02:52.906Z,sell,3.227e-05,222.0,0.00716394
BNT/BTC,1583431553300,2020-03-05T18:05:53.300Z,sell,3.219e-05,111.0,0.00357309
BNT/BTC,1583431554415,2020-03-05T18:05:54.415Z,sell,3.219e-05,31.0,0.00099789
BNT/BTC,1583431706806,2020-03-05T18:08:26.806Z,buy,3.229e-05,8.0,0.00025832
BNT/BTC,1583431706806,2020-03-05T18:08:26.806Z,buy,3.23e-05,1.0,3.23e-05
BNT/BTC,1583431706806,2020-03-05T18:08:26.806Z,buy,3.233e-05,157.0,0.0050758099999999
BNT/BTC,1583431706806,2020-03-05T18:08:26.806Z,buy,3.234e-05,18.0,0.00058212
BNT/BTC,1583431706806,2020-03-05T18:08:26.806Z,buy,3.235e-05,87.0,0.00281445
BNT/BTC,1583431730935,2020-03-05T18:08:50.935Z,sell,3.224e-05,6.0,0.00019344
BNT/BTC,1583431738348,2020-03-05T18:08:58.348Z,buy,3.234e-05,6.0,0.0001940399999999
BNT/BTC,1583431760083,2020-03-05T18:09:20.083Z,sell,3.219e-05,64.0,0.00206016
BNT/BTC,1583431760083,2020-03-05T18:09:20.083Z,sell,3.218e-05,37.0,0.00119066
BNT/BTC,1583431762077,2020-03-05T18:09:22.077Z,sell,3.217e-05,56.0,0.00180152
BNT/BTC,1583431806182,2020-03-05T18:10:06.182Z,sell,3.217e-05,45.0,0.00144765
BNT/BTC,1583431874098,2020-03-05T18:11:14.098Z,buy,3.229e-05,70.0,0.0022603
BNT/BTC,1583431874259,2020-03-05T18:11:14.259Z,buy,3.229e-05,30.0,0.0009687
BNT/BTC,1583431880234,2020-03-05T18:11:20.234Z,sell,3.223e-05,47.0,0.00151481
BNT/BTC,1583431880262,2020-03-05T18:11:20.262Z,buy,3.229e-05,9.0,0.0002906099999999
BNT/BTC,1583431891303,2020-03-05T18:11:31.303Z,buy,3.231e-05,129.0,0.00416799
BNT/BTC,1583431895953,2020-03-05T18:11:35.953Z,sell,3.225e-05,126.0,0.0040634999999999
BNT/BTC,1583432220606,2020-03-05T18:17:00.606Z,sell,3.225e-05,185.0,0.0059662499999999
BNT/BTC,1583432220610,2020-03-05T18:17:00.610Z,sell,3.224e-05,56.0,0.00180544
BNT/BTC,1583432524619,2020-03-05T18:22:04.619Z,sell,3.217e-05,75.0,0.00241275
BNT/BTC,1583432524619,2020-03-05T18:22:04.619Z,sell,3.216e-05,22.0,0.0007075199999999
BNT/BTC,1583433032089,2020-03-05T18:30:32.089Z,sell,3.216e-05,78.0,0.0025084799999999
BNT/BTC,1583433032089,2020-03-05T18:30:32.089Z,sell,3.214e-05,6.0,0.00019284
BNT/BTC,1583433032089,2020-03-05T18:30:32.089Z,sell,3.208e-05,55.0,0.0017644
BNT/BTC,1583433032089,2020-03-05T18:30:32.089Z,sell,3.207e-05,464.0,0.01488048
BNT/BTC,1583433032089,2020-03-05T18:30:32.089Z,sell,3.216e-05,78.0,0.0025084799999999
BNT/BTC,1583433032089,2020-03-05T18:30:32.089Z,sell,3.214e-05,6.0,0.00019284
BNT/BTC,1583433032089,2020-03-05T18:30:32.089Z,sell,3.208e-05,55.0,0.0017644
BNT/BTC,1583433032089,2020-03-05T18:30:32.089Z,sell,3.207e-05,464.0,0.01488048
BNT/BTC,1583433771932,2020-03-05T18:42:51.932Z,sell,3.207e-05,4.0,0.00012828
BNT/BTC,1583434290984,2020-03-05T18:51:30.984Z,sell,3.204e-05,28.0,0.00089712
BNT/BTC,1583434290984,2020-03-05T18:51:30.984Z,sell,3.202e-05,62.0,0.00198524
BNT/BTC,1583434290984,2020-03-05T18:51:30.984Z,sell,3.2e-05,171.0,0.0054719999999999
BNT/BTC,1583434290984,2020-03-05T18:51:30.984Z,sell,3.197e-05,561.0,0.01793517
BNT/BTC,1583434290984,2020-03-05T18:51:30.984Z,sell,3.196e-05,1423.0,0.04547908
BNT/BTC,1583434290984,2020-03-05T18:51:30.984Z,sell,3.193e-05,6.0,0.00019158
BNT/BTC,1583434290984,2020-03-05T18:51:30.984Z,sell,3.192e-05,115.0,0.0036708
BNT/BTC,1583434290984,2020-03-05T18:51:30.984Z,sell,3.191e-05,114.0,0.0036377399999999
BNT/BTC,1583434290984,2020-03-05T18:51:30.984Z,sell,3.19e-05,287.0,0.0091553
BNT/BTC,1583434305591,2020-03-05T18:51:45.591Z,buy,3.203e-05,5.0,0.00016015
BNT/BTC,1583434347745,2020-03-05T18:52:27.745Z,buy,3.199e-05,156.0,0.00499044
BNT/BTC,1583434928249,2020-03-05T19:02:08.249Z,buy,3.199e-05,4.0,0.00012796
BNT/BTC,1583435511190,2020-03-05T19:11:51.190Z,buy,3.203e-05,624.0,0.01998672
BNT/BTC,1583436491279,2020-03-05T19:28:11.279Z,sell,3.194e-05,79.0,0.00252326
BNT/BTC,1583436491279,2020-03-05T19:28:11.279Z,sell,3.194e-05,79.0,0.00252326
BNT/BTC,1583437017239,2020-03-05T19:36:57.239Z,sell,3.194e-05,304.0,0.00970976
BNT/BTC,1583437046949,2020-03-05T19:37:26.949Z,sell,3.194e-05,6.0,0.00019164
BNT/BTC,1583437483076,2020-03-05T19:44:43.076Z,sell,3.195e-05,39.0,0.0012460499999999
BNT/BTC,1583437904357,2020-03-05T19:51:44.357Z,sell,3.195e-05,6.0,0.0001917
BNT/BTC,1583437908997,2020-03-05T19:51:48.997Z,buy,3.201e-05,7.0,0.00022407
BNT/BTC,1583438379713,2020-03-05T19:59:39.713Z,sell,3.194e-05,42.0,0.00134148
BNT/BTC,1583438507983,2020-03-05T20:01:47.983Z,sell,3.194e-05,637.0,0.02034578
BNT/BTC,1583438694175,2020-03-05T20:04:54.175Z,buy,3.2e-05,1.0,3.2e-05
BNT/BTC,1583439015013,2020-03-05T20:10:15.013Z,buy,3.2e-05,4.0,0.000128
BNT/BTC,1583439098182,2020-03-05T20:11:38.182Z,sell,3.194e-05,27.0,0.00086238
BNT/BTC,1583439607317,2020-03-05T20:20:07.317Z,sell,3.194e-05,79.0,0.00252326
BNT/BTC,1583439916065,2020-03-05T20:25:16.065Z,buy,3.2e-05,102.0,0.003264
BNT/BTC,1583439916065,2020-03-05T20:25:16.065Z,buy,3.2e-05,102.0,0.003264
BNT/BTC,1583440320820,2020-03-05T20:32:00.820Z,buy,3.203e-05,328.0,0.01050584
BNT/BTC,1583440320937,2020-03-05T20:32:00.937Z,buy,3.204e-05,778.0,0.0249271199999999
BNT/BTC,1583440321072,2020-03-05T20:32:01.072Z,buy,3.209e-05,15.0,0.0004813499999999
BNT/BTC,1583440321072,2020-03-05T20:32:01.072Z,buy,3.21e-05,546.0,0.0175266
BNT/BTC,1583440321180,2020-03-05T20:32:01.180Z,buy,3.21e-05,15.0,0.0004815
BNT/BTC,1583440321180,2020-03-05T20:32:01.180Z,buy,3.213e-05,1073.0,0.03447549
BNT/BTC,1583440321297,2020-03-05T20:32:01.297Z,buy,3.213e-05,15.0,0.00048195
BNT/BTC,1583440321297,2020-03-05T20:32:01.297Z,buy,3.214e-05,6.0,0.00019284
BNT/BTC,1583440321528,2020-03-05T20:32:01.528Z,buy,3.222e-05,175.0,0.0056385
BNT/BTC,1583440321529,2020-03-05T20:32:01.529Z,sell,3.216e-05,15.0,0.0004823999999999
BNT/BTC,1583440321663,2020-03-05T20:32:01.663Z,buy,3.222e-05,747.0,0.02406834
BNT/BTC,1583440321669,2020-03-05T20:32:01.669Z,sell,3.223e-05,279.0,0.00899217
BNT/BTC,1583440323195,2020-03-05T20:32:03.195Z,sell,3.215e-05,3.0,9.645e-05
BNT/BTC,1583440323195,2020-03-05T20:32:03.195Z,sell,3.204e-05,69.0,0.00221076
BNT/BTC,1583440323782,2020-03-05T20:32:03.782Z,buy,3.22e-05,28.0,0.0009015999999999
BNT/BTC,1583440323887,2020-03-05T20:32:03.887Z,buy,3.22e-05,19.0,0.0006117999999999
BNT/BTC,1583440323887,2020-03-05T20:32:03.887Z,buy,3.223e-05,13.0,0.00041899
BNT/BTC,1583440323887,2020-03-05T20:32:03.887Z,buy,3.224e-05,6.0,0.00019344
BNT/BTC,1583440323887,2020-03-05T20:32:03.887Z,buy,3.226e-05,22.0,0.00070972
BNT/BTC,1583440323887,2020-03-05T20:32:03.887Z,buy,3.228e-05,574.0,0.01852872
BNT/BTC,1583440371881,2020-03-05T20:32:51.881Z,buy,3.221e-05,10.0,0.0003220999999999
BNT/BTC,1583440393206,2020-03-05T20:33:13.206Z,buy,3.22e-05,538.0,0.0173235999999999
BNT/BTC,1583440395117,2020-03-05T20:33:15.117Z,buy,3.22e-05,405.0,0.0130409999999999
BNT/BTC,1583440395117,2020-03-05T20:33:15.117Z,buy,3.221e-05,107.0,0.0034464699999999
BNT/BTC,1583440461962,2020-03-05T20:34:21.962Z,sell,3.214e-05,156.0,0.00501384
BNT/BTC,1583440646886,2020-03-05T20:37:26.886Z,buy,3.207e-05,5.0,0.00016035
BNT/BTC,1583440646886,2020-03-05T20:37:26.886Z,buy,3.209e-05,67.0,0.00215003
BNT/BTC,1583440727347,2020-03-05T20:38:47.347Z,buy,3.209e-05,4.0,0.00012836
BNT/BTC,1583441459769,2020-03-05T20:50:59.769Z,buy,3.206e-05,10.0,0.0003206
BNT/BTC,1583441568373,2020-03-05T20:52:48.373Z,buy,3.209e-05,55.0,0.00176495
BNT/BTC,1583441865115,2020-03-05T20:57:45.115Z,sell,3.205e-05,4.0,0.0001282
BNT/BTC,1583441924164,2020-03-05T20:58:44.164Z,sell,3.204e-05,28.0,0.00089712
BNT/BTC,1583442154586,2020-03-05T21:02:34.586Z,buy,3.203e-05,323.0,0.01034569
BNT/BTC,1583442341461,2020-03-05T21:05:41.461Z,sell,3.204e-05,75.0,0.0024029999999999
BNT/BTC,1583442341461,2020-03-05T21:05:41.461Z,sell,3.203e-05,33.0,0.00105699
BNT/BTC,1583443205215,2020-03-05T21:20:05.215Z,buy,3.211e-05,1.0,3.211e-05
BNT/BTC,1583443205215,2020-03-05T21:20:05.215Z,buy,3.211e-05,1.0,3.211e-05
BNT/BTC,1583444569334,2020-03-05T21:42:49.334Z,sell,3.203e-05,200.0,0.006406
BNT/BTC,1583445054897,2020-03-05T21:50:54.897Z,buy,3.207e-05,68.0,0.00218076
BNT/BTC,1583445228887,2020-03-05T21:53:48.887Z,sell,3.203e-05,193.0,0.00618179
BNT/BTC,1583445229664,2020-03-05T21:53:49.664Z,sell,3.203e-05,201.0,0.00643803
BNT/BTC,1583445232767,2020-03-05T21:53:52.767Z,sell,3.203e-05,175.0,0.00560525
BNT/BTC,1583445233400,2020-03-05T21:53:53.400Z,sell,3.203e-05,125.0,0.00400375
BNT/BTC,1583445620552,2020-03-05T22:00:20.552Z,sell,3.205e-05,6.0,0.0001923
BNT/BTC,1583446618903,2020-03-05T22:16:58.903Z,sell,3.206e-05,68.0,0.00218008
BNT/BTC,1583446640319,2020-03-05T22:17:20.319Z,sell,3.205e-05,55.0,0.00176275
BNT/BTC,1583446640482,2020-03-05T22:17:20.482Z,sell,3.205e-05,55.0,0.00176275
BNT/BTC,1583446671223,2020-03-05T22:17:51.223Z,sell,3.205e-05,183.0,0.0058651499999999
BNT/BTC,1583446685357,2020-03-05T22:18:05.357Z,sell,3.205e-05,16.0,0.0005128
BNT/BTC,1583446685357,2020-03-05T22:18:05.357Z,sell,3.205e-05,16.0,0.0005128
BNT/BTC,1583446828698,2020-03-05T22:20:28.698Z,sell,3.205e-05,14.0,0.0004487
BNT/BTC,1583446988501,2020-03-05T22:23:08.501Z,buy,3.208e-05,1856.0,0.0595404799999999
BNT/BTC,1583447004389,2020-03-05T22:23:24.389Z,sell,3.205e-05,101.0,0.00323705
BNT/BTC,1583447078955,2020-03-05T22:24:38.955Z,sell,3.201e-05,5.0,0.00016005
BNT/BTC,1583447172692,2020-03-05T22:26:12.692Z,buy,3.208e-05,1644.0,0.05273952
BNT/BTC,1583447172692,2020-03-05T22:26:12.692Z,buy,3.209e-05,749.0,0.02403541
BNT/BTC,1583447172692,2020-03-05T22:26:12.692Z,buy,3.214e-05,6.0,0.00019284
BNT/BTC,1583447172692,2020-03-05T22:26:12.692Z,buy,3.215e-05,180.0,0.005787
BNT/BTC,1583447172692,2020-03-05T22:26:12.692Z,buy,3.216e-05,326.0,0.01048416
BNT/BTC,1583447172712,2020-03-05T22:26:12.712Z,buy,3.219e-05,5469.0,0.17604711
BNT/BTC,1583447337042,2020-03-05T22:28:57.042Z,buy,3.218e-05,643.0,0.02069174
BNT/BTC,1583447337136,2020-03-05T22:28:57.136Z,buy,3.218e-05,123.0,0.00395814
BNT/BTC,1583447341386,2020-03-05T22:29:01.386Z,buy,3.219e-05,728.0,0.02343432
BNT/BTC,1583447341799,2020-03-05T22:29:01.799Z,buy,3.219e-05,755.0,0.02430345
BNT/BTC,1583447364601,2020-03-05T22:29:24.601Z,buy,3.219e-05,1458.0,0.04693302
BNT/BTC,1583447365146,2020-03-05T22:29:25.146Z,buy,3.219e-05,839.0,0.02700741
BNT/BTC,1583447499494,2020-03-05T22:31:39.494Z,buy,3.222e-05,1916.0,0.06173352
BNT/BTC,1583447499497,2020-03-05T22:31:39.497Z,buy,3.222e-05,484.0,0.0155944799999999
BNT/BTC,1583447499497,2020-03-05T22:31:39.497Z,buy,3.222e-05,1100.0,0.035442
BNT/BTC,1583447499504,2020-03-05T22:31:39.504Z,buy,3.224e-05,6.0,0.00019344
BNT/BTC,1583447499504,2020-03-05T22:31:39.504Z,buy,3.226e-05,22.0,0.00070972
BNT/BTC,1583447499504,2020-03-05T22:31:39.504Z,buy,3.228e-05,240.0,0.0077472
BNT/BTC,1583447637345,2020-03-05T22:33:57.345Z,sell,3.218e-05,5.0,0.0001609
BNT/BTC,1583447728762,2020-03-05T22:35:28.762Z,buy,3.224e-05,1660.0,0.0535184
BNT/BTC,1583447728968,2020-03-05T22:35:28.968Z,buy,3.224e-05,1600.0,0.051584
BNT/BTC,1583447729076,2020-03-05T22:35:29.076Z,buy,3.224e-05,240.0,0.0077376
BNT/BTC,1583447979477,2020-03-05T22:39:39.477Z,buy,3.228e-05,1674.0,0.05403672
BNT/BTC,1583447979581,2020-03-05T22:39:39.581Z,buy,3.228e-05,1423.0,0.04593444
BNT/BTC,1583447979699,2020-03-05T22:39:39.699Z,buy,3.228e-05,403.0,0.01300884
BNT/BTC,1583448022951,2020-03-05T22:40:22.951Z,buy,3.228e-05,947.0,0.03056916
BNT/BTC,1583448023775,2020-03-05T22:40:23.775Z,buy,3.228e-05,943.0,0.03044004
BNT/BTC,1583448029956,2020-03-05T22:40:29.956Z,buy,3.228e-05,943.0,0.03044004
BNT/BTC,1583448044550,2020-03-05T22:40:44.550Z,buy,3.228e-05,943.0,0.03044004
BNT/BTC,1583448050801,2020-03-05T22:40:50.801Z,buy,3.228e-05,943.0,0.03044004
BNT/BTC,1583448059992,2020-03-05T22:40:59.992Z,buy,3.228e-05,943.0,0.03044004
BNT/BTC,1583448065989,2020-03-05T22:41:05.989Z,buy,3.228e-05,943.0,0.03044004
BNT/BTC,1583448069377,2020-03-05T22:41:09.377Z,buy,3.228e-05,943.0,0.03044004
BNT/BTC,1583448075329,2020-03-05T22:41:15.329Z,buy,3.228e-05,943.0,0.03044004
BNT/BTC,1583448084315,2020-03-05T22:41:24.315Z,buy,3.228e-05,943.0,0.03044004
BNT/BTC,1583448358539,2020-03-05T22:45:58.539Z,buy,3.229e-05,1668.0,0.0538597199999999
BNT/BTC,1583448358660,2020-03-05T22:45:58.660Z,buy,3.229e-05,1153.0,0.03723037
BNT/BTC,1583448449241,2020-03-05T22:47:29.241Z,sell,3.228e-05,768.0,0.02479104
BNT/BTC,1583448449241,2020-03-05T22:47:29.241Z,sell,3.227e-05,34.0,0.00109718
BNT/BTC,1583448498823,2020-03-05T22:48:18.823Z,buy,3.233e-05,59.0,0.0019074699999999
BNT/BTC,1583448795755,2020-03-05T22:53:15.755Z,buy,3.231e-05,134.0,0.00432954
BNT/BTC,1583448894900,2020-03-05T22:54:54.900Z,buy,3.231e-05,209.0,0.00675279
BNT/BTC,1583448894900,2020-03-05T22:54:54.900Z,buy,3.232e-05,403.0,0.01302496
BNT/BTC,1583448943790,2020-03-05T22:55:43.790Z,sell,3.229e-05,5.0,0.00016145
BNT/BTC,1583448995703,2020-03-05T22:56:35.703Z,sell,3.229e-05,31.0,0.00100099
BNT/BTC,1583449010332,2020-03-05T22:56:50.332Z,buy,3.232e-05,235.0,0.0075952
BNT/BTC,1583449178176,2020-03-05T22:59:38.176Z,sell,3.228e-05,642.0,0.02072376
BNT/BTC,1583449178176,2020-03-05T22:59:38.176Z,sell,3.227e-05,160.0,0.0051632
BNT/BTC,1583449310061,2020-03-05T23:01:50.061Z,buy,3.232e-05,9.0,0.00029088
BNT/BTC,1583449816997,2020-03-05T23:10:16.997Z,sell,3.217e-05,4.0,0.00012868
BNT/BTC,1583449933835,2020-03-05T23:12:13.835Z,buy,3.216e-05,5.0,0.0001607999999999
BNT/BTC,1583450067828,2020-03-05T23:14:27.828Z,buy,3.216e-05,230.0,0.0073967999999999
BNT/BTC,1583450112215,2020-03-05T23:15:12.215Z,sell,3.214e-05,68.0,0.00218552
BNT/BTC,1583450177364,2020-03-05T23:16:17.364Z,buy,3.215e-05,75.0,0.00241125
BNT/BTC,1583450177364,2020-03-05T23:16:17.364Z,buy,3.215e-05,75.0,0.00241125
BNT/BTC,1583451253208,2020-03-05T23:34:13.208Z,buy,3.21e-05,63.0,0.0020223
BNT/BTC,1583451310447,2020-03-05T23:35:10.447Z,sell,3.21e-05,4.0,0.0001284
BNT/BTC,1583451319521,2020-03-05T23:35:19.521Z,buy,3.211e-05,156.0,0.00500916
BNT/BTC,1583451426903,2020-03-05T23:37:06.903Z,sell,3.208e-05,7.0,0.0002245599999999
BNT/BTC,1583452105721,2020-03-05T23:48:25.721Z,sell,3.204e-05,28.0,0.00089712
BNT/BTC,1583452105721,2020-03-05T23:48:25.721Z,sell,3.201e-05,34.0,0.00108834
BNT/BTC,1583453139712,2020-03-06T00:05:39.712Z,sell,3.201e-05,5.0,0.00016005
BNT/BTC,1583453139712,2020-03-06T00:05:39.712Z,sell,3.201e-05,5.0,0.00016005
BNT/BTC,1583454027989,2020-03-06T00:20:27.989Z,buy,3.214e-05,6.0,0.00019284
BNT/BTC,1583454103090,2020-03-06T00:21:43.090Z,buy,3.218e-05,22.0,0.00070796
BNT/BTC,1583454106411,2020-03-06T00:21:46.411Z,buy,3.221e-05,422.0,0.01359262
BNT/BTC,1583454443896,2020-03-06T00:27:23.896Z,buy,3.221e-05,4.0,0.00012884
BNT/BTC,1583454623269,2020-03-06T00:30:23.269Z,sell,3.207e-05,1780.0,0.0570846
BNT/BTC,1583454623312,2020-03-06T00:30:23.312Z,sell,3.207e-05,75.0,0.00240525
BNT/BTC,1583454700468,2020-03-06T00:31:40.468Z,buy,3.22e-05,13.0,0.0004186
BNT/BTC,1583454720079,2020-03-06T00:32:00.079Z,buy,3.223e-05,339.0,0.01092597
BNT/BTC,1583456042501,2020-03-06T00:54:02.501Z,buy,3.219e-05,74.0,0.00238206
BNT/BTC,1583456042501,2020-03-06T00:54:02.501Z,buy,3.22e-05,131.0,0.0042181999999999
BNT/BTC,1583456042501,2020-03-06T00:54:02.501Z,buy,3.219e-05,74.0,0.00238206
BNT/BTC,1583456042501,2020-03-06T00:54:02.501Z,buy,3.22e-05,131.0,0.0042181999999999
BNT/BTC,1583457666015,2020-03-06T01:21:06.015Z,sell,3.204e-05,37.0,0.00118548
BNT/BTC,1583457666016,2020-03-06T01:21:06.016Z,sell,3.202e-05,36.0,0.00115272
BNT/BTC,1583457666086,2020-03-06T01:21:06.086Z,sell,3.202e-05,250.0,0.008005
BNT/BTC,1583457666086,2020-03-06T01:21:06.086Z,sell,3.201e-05,13.0,0.00041613
BNT/BTC,1583457667659,2020-03-06T01:21:07.659Z,sell,3.201e-05,39.0,0.00124839
BNT/BTC,1583458095932,2020-03-06T01:28:15.932Z,buy,3.211e-05,12.0,0.00038532
BNT/BTC,1583458270585,2020-03-06T01:31:10.585Z,sell,3.2e-05,76.0,0.0024319999999999
BNT/BTC,1583458496327,2020-03-06T01:34:56.327Z,buy,3.205e-05,5.0,0.00016025
BNT/BTC,1583458496759,2020-03-06T01:34:56.759Z,buy,3.204e-05,11.0,0.00035244
BNT/BTC,1583458555476,2020-03-06T01:35:55.476Z,buy,3.205e-05,8.0,0.0002564
BNT/BTC,1583458555476,2020-03-06T01:35:55.476Z,buy,3.205e-05,8.0,0.0002564
BNT/BTC,1583460186546,2020-03-06T02:03:06.546Z,sell,3.202e-05,566.0,0.01812332
BNT/BTC,1583460647616,2020-03-06T02:10:47.616Z,buy,3.211e-05,13.0,0.00041743
BNT/BTC,1583460647616,2020-03-06T02:10:47.616Z,buy,3.214e-05,6.0,0.00019284
BNT/BTC,1583460647616,2020-03-06T02:10:47.616Z,buy,3.22e-05,36.0,0.0011592
BNT/BTC,1583460647991,2020-03-06T02:10:47.991Z,buy,3.219e-05,56.0,0.00180264
BNT/BTC,1583460690225,2020-03-06T02:11:30.225Z,buy,3.215e-05,613.0,0.01970795
BNT/BTC,1583460690225,2020-03-06T02:11:30.225Z,buy,3.224e-05,359.0,0.01157416
BNT/BTC,1583460691696,2020-03-06T02:11:31.696Z,buy,3.223e-05,1433.0,0.04618559
BNT/BTC,1583460691720,2020-03-06T02:11:31.720Z,sell,3.223e-05,1262.0,0.04067426
BNT/BTC,1583460692127,2020-03-06T02:11:32.127Z,buy,3.22e-05,251.0,0.0080822
BNT/BTC,1583460692127,2020-03-06T02:11:32.127Z,buy,3.222e-05,736.0,0.02371392
BNT/BTC,1583460692127,2020-03-06T02:11:32.127Z,buy,3.225e-05,4.0,0.000129
BNT/BTC,1583460692127,2020-03-06T02:11:32.127Z,buy,3.226e-05,22.0,0.00070972
BNT/BTC,1583460692127,2020-03-06T02:11:32.127Z,buy,3.228e-05,359.0,0.01158852
BNT/BTC,1583460692127,2020-03-06T02:11:32.127Z,buy,3.233e-05,92.0,0.0029743599999999
BNT/BTC,1583460692127,2020-03-06T02:11:32.127Z,buy,3.234e-05,6.0,0.0001940399999999
BNT/BTC,1583460692127,2020-03-06T02:11:32.127Z,buy,3.235e-05,319.0,0.01031965
BNT/BTC,1583460692127,2020-03-06T02:11:32.127Z,buy,3.236e-05,225.0,0.007281
BNT/BTC,1583460692570,2020-03-06T02:11:32.570Z,buy,3.236e-05,261.0,0.00844596
BNT/BTC,1583460692570,2020-03-06T02:11:32.570Z,buy,3.237e-05,4.0,0.00012948
BNT/BTC,1583460692570,2020-03-06T02:11:32.570Z,buy,3.239e-05,4.0,0.00012956
BNT/BTC,1583460692570,2020-03-06T02:11:32.570Z,buy,3.24e-05,4.0,0.0001296
BNT/BTC,1583460692579,2020-03-06T02:11:32.579Z,sell,3.24e-05,79.0,0.0025596
BNT/BTC,1583460692905,2020-03-06T02:11:32.905Z,buy,3.23e-05,38.0,0.0012274
BNT/BTC,1583460693864,2020-03-06T02:11:33.864Z,sell,3.22e-05,5.0,0.0001609999999999
BNT/BTC,1583460695720,2020-03-06T02:11:35.720Z,buy,3.23e-05,68.0,0.0021964
BNT/BTC,1583460695738,2020-03-06T02:11:35.738Z,sell,3.234e-05,45.0,0.0014552999999999
BNT/BTC,1583460697947,2020-03-06T02:11:37.947Z,sell,3.221e-05,62.0,0.00199702
BNT/BTC,1583460711603,2020-03-06T02:11:51.603Z,buy,3.24e-05,20.0,0.000648
BNT/BTC,1583460745894,2020-03-06T02:12:25.894Z,sell,3.227e-05,156.0,0.00503412
BNT/BTC,1583460788895,2020-03-06T02:13:08.895Z,buy,3.241e-05,67.0,0.00217147
BNT/BTC,1583460819882,2020-03-06T02:13:39.882Z,sell,3.229e-05,5.0,0.00016145
BNT/BTC,1583462090655,2020-03-06T02:34:50.655Z,buy,3.228e-05,4.0,0.00012912
BNT/BTC,1583462090655,2020-03-06T02:34:50.655Z,buy,3.228e-05,4.0,0.00012912
BNT/BTC,1583462304757,2020-03-06T02:38:24.757Z,sell,3.224e-05,12.0,0.00038688
BNT/BTC,1583462304757,2020-03-06T02:38:24.757Z,sell,3.222e-05,54.0,0.00173988
BNT/BTC,1583462304757,2020-03-06T02:38:24.757Z,sell,3.221e-05,9.0,0.00028989
BNT/BTC,1583463193511,2020-03-06T02:53:13.511Z,buy,3.232e-05,1.0,3.232e-05
BNT/BTC,1583463712496,2020-03-06T03:01:52.496Z,buy,3.23e-05,9.0,0.0002906999999999
BNT/BTC,1583463925702,2020-03-06T03:05:25.702Z,sell,3.221e-05,191.0,0.00615211
BNT/BTC,1583463925702,2020-03-06T03:05:25.702Z,sell,3.22e-05,48.0,0.0015455999999999
BNT/BTC,1583463925702,2020-03-06T03:05:25.702Z,sell,3.221e-05,191.0,0.00615211
BNT/BTC,1583463925702,2020-03-06T03:05:25.702Z,sell,3.22e-05,48.0,0.0015455999999999
BNT/BTC,1583465838872,2020-03-06T03:37:18.872Z,sell,3.22e-05,4.0,0.0001288
BNT/BTC,1583466100417,2020-03-06T03:41:40.417Z,buy,3.228e-05,1.0,3.228e-05
BNT/BTC,1583466375645,2020-03-06T03:46:15.645Z,buy,3.228e-05,3.0,9.684e-05
BNT/BTC,1583466375645,2020-03-06T03:46:15.645Z,buy,3.23e-05,1.0,3.23e-05
BNT/BTC,1583466780313,2020-03-06T03:53:00.313Z,sell,3.22e-05,4.0,0.0001288
BNT/BTC,1583467225600,2020-03-06T04:00:25.600Z,sell,3.22e-05,5.0,0.0001609999999999
BNT/BTC,1583467349290,2020-03-06T04:02:29.290Z,buy,3.227e-05,9.0,0.00029043
BNT/BTC,1583467349290,2020-03-06T04:02:29.290Z,buy,3.229e-05,24.0,0.0007749599999999
BNT/BTC,1583467349756,2020-03-06T04:02:29.756Z,buy,3.229e-05,29.0,0.0009364099999999
BNT/BTC,1583467349756,2020-03-06T04:02:29.756Z,buy,3.234e-05,1.0,3.234e-05
BNT/BTC,1583467351022,2020-03-06T04:02:31.022Z,buy,3.233e-05,6.0,0.0001939799999999
BNT/BTC,1583467351834,2020-03-06T04:02:31.834Z,buy,3.233e-05,30.0,0.0009698999999999
BNT/BTC,1583467352214,2020-03-06T04:02:32.214Z,buy,3.233e-05,12.0,0.0003879599999999
BNT/BTC,1583467355706,2020-03-06T04:02:35.706Z,buy,3.233e-05,444.0,0.0143545199999999
BNT/BTC,1583467355706,2020-03-06T04:02:35.706Z,buy,3.234e-05,5.0,0.0001617
BNT/BTC,1583467355706,2020-03-06T04:02:35.706Z,buy,3.239e-05,171.0,0.00553869
BNT/BTC,1583467355706,2020-03-06T04:02:35.706Z,buy,3.241e-05,269.0,0.00871829
BNT/BTC,1583467355706,2020-03-06T04:02:35.706Z,buy,3.242e-05,32.0,0.00103744
BNT/BTC,1583467357000,2020-03-06T04:02:37.000Z,buy,3.234e-05,61.0,0.0019727399999999
BNT/BTC,1583467358379,2020-03-06T04:02:38.379Z,buy,3.234e-05,92.0,0.00297528
BNT/BTC,1583467358835,2020-03-06T04:02:38.835Z,buy,3.234e-05,92.0,0.00297528
BNT/BTC,1583467358966,2020-03-06T04:02:38.966Z,buy,3.234e-05,6.0,0.0001940399999999
BNT/BTC,1583467359150,2020-03-06T04:02:39.150Z,buy,3.234e-05,90.0,0.0029105999999999
BNT/BTC,1583467360575,2020-03-06T04:02:40.575Z,buy,3.233e-05,30.0,0.0009698999999999
BNT/BTC,1583467365215,2020-03-06T04:02:45.215Z,buy,3.241e-05,61.0,0.00197701
BNT/BTC,1583467367576,2020-03-06T04:02:47.576Z,buy,3.241e-05,122.0,0.00395402
BNT/BTC,1583467368149,2020-03-06T04:02:48.149Z,buy,3.241e-05,6.0,0.00019446
BNT/BTC,1583467368593,2020-03-06T04:02:48.593Z,buy,3.241e-05,5.0,0.00016205
BNT/BTC,1583467368875,2020-03-06T04:02:48.875Z,buy,3.241e-05,30.0,0.0009723
BNT/BTC,1583467369223,2020-03-06T04:02:49.223Z,buy,3.241e-05,6.0,0.00019446
BNT/BTC,1583467369293,2020-03-06T04:02:49.293Z,buy,3.241e-05,18.0,0.00058338
BNT/BTC,1583467369765,2020-03-06T04:02:49.765Z,buy,3.241e-05,306.0,0.00991746
BNT/BTC,1583467370053,2020-03-06T04:02:50.053Z,buy,3.241e-05,12.0,0.00038892
BNT/BTC,1583467370178,2020-03-06T04:02:50.178Z,buy,3.241e-05,7.0,0.00022687
BNT/BTC,1583467370334,2020-03-06T04:02:50.334Z,buy,3.241e-05,116.0,0.00375956
BNT/BTC,1583467370843,2020-03-06T04:02:50.843Z,buy,3.241e-05,8.0,0.00025928
BNT/BTC,1583467371531,2020-03-06T04:02:51.531Z,buy,3.241e-05,6.0,0.00019446
BNT/BTC,1583467372201,2020-03-06T04:02:52.201Z,buy,3.241e-05,38.0,0.00123158
BNT/BTC,1583467372251,2020-03-06T04:02:52.251Z,buy,3.241e-05,6.0,0.00019446
BNT/BTC,1583467372691,2020-03-06T04:02:52.691Z,buy,3.241e-05,122.0,0.00395402
BNT/BTC,1583467372756,2020-03-06T04:02:52.756Z,buy,3.241e-05,6.0,0.00019446
BNT/BTC,1583467372756,2020-03-06T04:02:52.756Z,buy,3.241e-05,6.0,0.00019446
BNT/BTC,1583467372880,2020-03-06T04:02:52.880Z,buy,3.241e-05,172.0,0.00557452
BNT/BTC,1583467373109,2020-03-06T04:02:53.109Z,buy,3.241e-05,79.0,0.00256039
BNT/BTC,1583467373109,2020-03-06T04:02:53.109Z,buy,3.242e-05,130.0,0.0042146
BNT/BTC,1583467373500,2020-03-06T04:02:53.500Z,buy,3.242e-05,6.0,0.00019452
BNT/BTC,1583467373500,2020-03-06T04:02:53.500Z,buy,3.242e-05,6.0,0.00019452
BNT/BTC,1583467732164,2020-03-06T04:08:52.164Z,buy,3.238e-05,151.0,0.00488938
BNT/BTC,1583467732222,2020-03-06T04:08:52.222Z,buy,3.238e-05,64.0,0.00207232
BNT/BTC,1583467732222,2020-03-06T04:08:52.222Z,buy,3.241e-05,71.0,0.00230111
BNT/BTC,1583467732632,2020-03-06T04:08:52.632Z,buy,3.241e-05,336.0,0.01088976
BNT/BTC,1583467733216,2020-03-06T04:08:53.216Z,buy,3.241e-05,45.0,0.00145845
BNT/BTC,1583467733262,2020-03-06T04:08:53.262Z,buy,3.241e-05,156.0,0.00505596
BNT/BTC,1583467733654,2020-03-06T04:08:53.654Z,buy,3.241e-05,48.0,0.00155568
BNT/BTC,1583467735196,2020-03-06T04:08:55.196Z,buy,3.241e-05,48.0,0.00155568
BNT/BTC,1583467735551,2020-03-06T04:08:55.551Z,buy,3.241e-05,24.0,0.00077784
BNT/BTC,1583467737277,2020-03-06T04:08:57.277Z,buy,3.24e-05,61.0,0.0019764
BNT/BTC,1583467737970,2020-03-06T04:08:57.970Z,buy,3.24e-05,61.0,0.0019764
BNT/BTC,1583467738092,2020-03-06T04:08:58.092Z,buy,3.24e-05,49.0,0.0015876
BNT/BTC,1583467739084,2020-03-06T04:08:59.084Z,buy,3.24e-05,20.0,0.000648
BNT/BTC,1583467739084,2020-03-06T04:08:59.084Z,buy,3.241e-05,4.0,0.00012964
BNT/BTC,1583467739119,2020-03-06T04:08:59.119Z,buy,3.241e-05,113.0,0.00366233
BNT/BTC,1583467739223,2020-03-06T04:08:59.223Z,buy,3.242e-05,61.0,0.00197762
BNT/BTC,1583467739392,2020-03-06T04:08:59.392Z,buy,3.241e-05,168.0,0.00544488
BNT/BTC,1583467742657,2020-03-06T04:09:02.657Z,buy,3.241e-05,61.0,0.00197701
BNT/BTC,1583467743509,2020-03-06T04:09:03.509Z,buy,3.241e-05,61.0,0.00197701
BNT/BTC,1583467743745,2020-03-06T04:09:03.745Z,buy,3.241e-05,61.0,0.00197701
BNT/BTC,1583467743892,2020-03-06T04:09:03.892Z,buy,3.241e-05,61.0,0.00197701
BNT/BTC,1583467744038,2020-03-06T04:09:04.038Z,buy,3.241e-05,6.0,0.00019446
BNT/BTC,1583467744366,2020-03-06T04:09:04.366Z,buy,3.241e-05,245.0,0.00794045
BNT/BTC,1583467744491,2020-03-06T04:09:04.491Z,buy,3.241e-05,143.0,0.00463463
BNT/BTC,1583468021426,2020-03-06T04:13:41.426Z,buy,3.24e-05,68.0,0.0022032
BNT/BTC,1583468433976,2020-03-06T04:20:33.976Z,sell,3.224e-05,6.0,0.00019344
BNT/BTC,1583468433976,2020-03-06T04:20:33.976Z,sell,3.222e-05,98.0,0.00315756
BNT/BTC,1583468433976,2020-03-06T04:20:33.976Z,sell,3.221e-05,639.0,0.02058219
BNT/BTC,1583468445605,2020-03-06T04:20:45.605Z,sell,3.222e-05,41.0,0.00132102
BNT/BTC,1583468445605,2020-03-06T04:20:45.605Z,sell,3.22e-05,486.0,0.0156492
BNT/BTC,1583468445605,2020-03-06T04:20:45.605Z,sell,3.215e-05,267.0,0.00858405
BNT/BTC,1583468445605,2020-03-06T04:20:45.605Z,sell,3.214e-05,1168.0,0.03753952
BNT/BTC,1583468455876,2020-03-06T04:20:55.876Z,sell,3.218e-05,68.0,0.00218824
BNT/BTC,1583468979832,2020-03-06T04:29:39.832Z,buy,3.224e-05,37.0,0.00119288
BNT/BTC,1583469003460,2020-03-06T04:30:03.460Z,sell,3.221e-05,68.0,0.0021902799999999
BNT/BTC,1583469503966,2020-03-06T04:38:23.966Z,sell,3.224e-05,68.0,0.00219232
BNT/BTC,1583469887559,2020-03-06T04:44:47.559Z,buy,3.23e-05,4.0,0.0001292
BNT/BTC,1583470060859,2020-03-06T04:47:40.859Z,buy,3.231e-05,33.0,0.00106623
BNT/BTC,1583470060859,2020-03-06T04:47:40.859Z,buy,3.234e-05,6.0,0.0001940399999999
BNT/BTC,1583470060859,2020-03-06T04:47:40.859Z,buy,3.235e-05,692.0,0.0223862
BNT/BTC,1583470060859,2020-03-06T04:47:40.859Z,buy,3.236e-05,173.0,0.00559828
BNT/BTC,1583470060872,2020-03-06T04:47:40.872Z,buy,3.238e-05,345.0,0.0111711
BNT/BTC,1583470060897,2020-03-06T04:47:40.897Z,buy,3.238e-05,135.0,0.0043713
BNT/BTC,1583470060914,2020-03-06T04:47:40.914Z,buy,3.238e-05,407.0,0.01317866
BNT/BTC,1583470066690,2020-03-06T04:47:46.690Z,buy,3.24e-05,195.0,0.006318
BNT/BTC,1583470066690,2020-03-06T04:47:46.690Z,buy,3.242e-05,290.0,0.0094018
BNT/BTC,1583470066690,2020-03-06T04:47:46.690Z,buy,3.24e-05,195.0,0.006318
BNT/BTC,1583470066690,2020-03-06T04:47:46.690Z,buy,3.242e-05,290.0,0.0094018
BNT/BTC,1583471433361,2020-03-06T05:10:33.361Z,sell,3.224e-05,6.0,0.00019344
BNT/BTC,1583471433361,2020-03-06T05:10:33.361Z,sell,3.222e-05,11.0,0.00035442
BNT/BTC,1583472128866,2020-03-06T05:22:08.866Z,buy,3.234e-05,1.0,3.234e-05
BNT/BTC,1583472137411,2020-03-06T05:22:17.411Z,buy,3.234e-05,4.0,0.00012936
BNT/BTC,1583472140234,2020-03-06T05:22:20.234Z,sell,3.23e-05,4.0,0.0001292
BNT/BTC,1583472140244,2020-03-06T05:22:20.244Z,buy,3.23e-05,151.0,0.0048773
BNT/BTC,1583472148618,2020-03-06T05:22:28.618Z,buy,3.233e-05,13.0,0.00042029
BNT/BTC,1583472153497,2020-03-06T05:22:33.497Z,buy,3.234e-05,4.0,0.00012936
BNT/BTC,1583472663533,2020-03-06T05:31:03.533Z,buy,3.233e-05,7.0,0.0002263099999999
BNT/BTC,1583472663733,2020-03-06T05:31:03.733Z,buy,3.233e-05,13.0,0.00042029
BNT/BTC,1583472663904,2020-03-06T05:31:03.904Z,buy,3.234e-05,4.0,0.00012936
BNT/BTC,1583473043592,2020-03-06T05:37:23.592Z,buy,3.24e-05,4.0,0.0001296
BNT/BTC,1583473106868,2020-03-06T05:38:26.868Z,sell,3.229e-05,4.0,0.00012916
BNT/BTC,1583473106949,2020-03-06T05:38:26.949Z,buy,3.229e-05,27.0,0.00087183
BNT/BTC,1583473108048,2020-03-06T05:38:28.048Z,sell,3.228e-05,20.0,0.0006456
BNT/BTC,1583473108048,2020-03-06T05:38:28.048Z,sell,3.224e-05,6.0,0.00019344
BNT/BTC,1583473108048,2020-03-06T05:38:28.048Z,sell,3.223e-05,4.0,0.00012892
BNT/BTC,1583473108048,2020-03-06T05:38:28.048Z,sell,3.222e-05,129.0,0.00415638
BNT/BTC,1583473110284,2020-03-06T05:38:30.284Z,sell,3.222e-05,158.0,0.00509076
BNT/BTC,1583473110284,2020-03-06T05:38:30.284Z,sell,3.222e-05,158.0,0.00509076
BNT/BTC,1583473721384,2020-03-06T05:48:41.384Z,sell,3.224e-05,4.0,0.00012896
BNT/BTC,1583473958200,2020-03-06T05:52:38.200Z,sell,3.222e-05,4.0,0.00012888
BNT/BTC,1583473958200,2020-03-06T05:52:38.200Z,sell,3.215e-05,16.0,0.0005144
BNT/BTC,1583473958200,2020-03-06T05:52:38.200Z,sell,3.214e-05,95.0,0.0030533
BNT/BTC,1583474330090,2020-03-06T05:58:50.090Z,sell,3.214e-05,89.0,0.00286046
BNT/BTC,1583474330101,2020-03-06T05:58:50.101Z,buy,3.214e-05,67.0,0.00215338
BNT/BTC,1583474595363,2020-03-06T06:03:15.363Z,buy,3.223e-05,11.0,0.00035453
BNT/BTC,1583474844154,2020-03-06T06:07:24.154Z,buy,3.223e-05,10.0,0.0003223
BNT/BTC,1583475073852,2020-03-06T06:11:13.852Z,buy,3.223e-05,4.0,0.00012892
BNT/BTC,1583475073852,2020-03-06T06:11:13.852Z,buy,3.224e-05,6.0,0.00019344
BNT/BTC,1583475073852,2020-03-06T06:11:13.852Z,buy,3.229e-05,39.0,0.0012593099999999
BNT/BTC,1583475154436,2020-03-06T06:12:34.436Z,buy,3.229e-05,7.0,0.0002260299999999
BNT/BTC,1583475154914,2020-03-06T06:12:34.914Z,buy,3.23e-05,13.0,0.0004198999999999
BNT/BTC,1583475160937,2020-03-06T06:12:40.937Z,buy,3.23e-05,43.0,0.0013889
BNT/BTC,1583475162487,2020-03-06T06:12:42.487Z,sell,3.23e-05,5.0,0.0001615
BNT/BTC,1583475677305,2020-03-06T06:21:17.305Z,buy,3.234e-05,6.0,0.0001940399999999
BNT/BTC,1583475677305,2020-03-06T06:21:17.305Z,buy,3.236e-05,12.0,0.00038832
BNT/BTC,1583475677305,2020-03-06T06:21:17.305Z,buy,3.238e-05,11.0,0.00035618
BNT/BTC,1583475677305,2020-03-06T06:21:17.305Z,buy,3.243e-05,7.0,0.0002270099999999
BNT/BTC,1583475677305,2020-03-06T06:21:17.305Z,buy,3.244e-05,653.0,0.02118332
BNT/BTC,1583475687564,2020-03-06T06:21:27.564Z,buy,3.244e-05,36.0,0.00116784
BNT/BTC,1583475744476,2020-03-06T06:22:24.476Z,buy,3.241e-05,4.0,0.00012964
BNT/BTC,1583475744476,2020-03-06T06:22:24.476Z,buy,3.245e-05,1325.0,0.04299625
BNT/BTC,1583475744476,2020-03-06T06:22:24.476Z,buy,3.246e-05,1063.0,0.03450498
BNT/BTC,1583475745688,2020-03-06T06:22:25.688Z,sell,3.246e-05,10.0,0.0003246
BNT/BTC,1583475747614,2020-03-06T06:22:27.614Z,sell,3.246e-05,86.0,0.00279156
BNT/BTC,1583475748148,2020-03-06T06:22:28.148Z,sell,3.246e-05,12.0,0.0003895199999999
BNT/BTC,1583475748148,2020-03-06T06:22:28.148Z,sell,3.234e-05,6.0,0.0001940399999999
BNT/BTC,1583475748148,2020-03-06T06:22:28.148Z,sell,3.233e-05,288.0,0.00931104
BNT/BTC,1583475750256,2020-03-06T06:22:30.256Z,buy,3.247e-05,4.0,0.00012988
BNT/BTC,1583475846507,2020-03-06T06:24:06.507Z,buy,3.244e-05,6.0,0.00019464
BNT/BTC,1583475846507,2020-03-06T06:24:06.507Z,buy,3.247e-05,241.0,0.00782527
BNT/BTC,1583475857432,2020-03-06T06:24:17.432Z,buy,3.247e-05,6.0,0.00019482
BNT/BTC,1583475870059,2020-03-06T06:24:30.059Z,buy,3.248e-05,22.0,0.00071456
BNT/BTC,1583475899337,2020-03-06T06:24:59.337Z,sell,3.238e-05,141.0,0.00456558
BNT/BTC,1583476156751,2020-03-06T06:29:16.751Z,buy,3.249e-05,288.0,0.00935712
BNT/BTC,1583476156751,2020-03-06T06:29:16.751Z,buy,3.249e-05,288.0,0.00935712
BNT/BTC,1583476971398,2020-03-06T06:42:51.398Z,buy,3.25e-05,26.0,0.0008449999999999
BNT/BTC,1583476971398,2020-03-06T06:42:51.398Z,buy,3.251e-05,6.0,0.00019506
BNT/BTC,1583477322121,2020-03-06T06:48:42.121Z,buy,3.252e-05,4.0,0.00013008
BNT/BTC,1583477540030,2020-03-06T06:52:20.030Z,sell,3.241e-05,74.0,0.00239834
BNT/BTC,1583477540030,2020-03-06T06:52:20.030Z,sell,3.24e-05,74.0,0.0023976
BNT/BTC,1583477549994,2020-03-06T06:52:29.994Z,sell,3.235e-05,68.0,0.0021998
BNT/BTC,1583477569237,2020-03-06T06:52:49.237Z,sell,3.236e-05,31.0,0.00100316
BNT/BTC,1583477835512,2020-03-06T06:57:15.512Z,sell,3.234e-05,6.0,0.0001940399999999
BNT/BTC,1583477841414,2020-03-06T06:57:21.414Z,sell,3.226e-05,6.0,0.00019356
BNT/BTC,1583477841418,2020-03-06T06:57:21.418Z,buy,3.227e-05,1.0,3.227e-05
BNT/BTC,1583477842088,2020-03-06T06:57:22.088Z,buy,3.227e-05,5.0,0.00016135
BNT/BTC,1583477904904,2020-03-06T06:58:24.904Z,buy,3.235e-05,1.0,3.235e-05
BNT/BTC,1583477908633,2020-03-06T06:58:28.633Z,sell,3.229e-05,4.0,0.00012916
BNT/BTC,1583478357410,2020-03-06T07:05:57.410Z,buy,3.23e-05,13.0,0.0004198999999999
BNT/BTC,1583478382053,2020-03-06T07:06:22.053Z,buy,3.239e-05,147.0,0.00476133
BNT/BTC,1583478382067,2020-03-06T07:06:22.067Z,sell,3.239e-05,219.0,0.00709341
BNT/BTC,1583478458095,2020-03-06T07:07:38.095Z,sell,3.229e-05,42.0,0.0013561799999999
BNT/BTC,1583478477757,2020-03-06T07:07:57.757Z,sell,3.227e-05,336.0,0.01084272
BNT/BTC,1583479509092,2020-03-06T07:25:09.092Z,buy,3.239e-05,42.0,0.00136038
BNT/BTC,1583479509092,2020-03-06T07:25:09.092Z,buy,3.24e-05,57.0,0.0018468
BNT/BTC,1583479509092,2020-03-06T07:25:09.092Z,buy,3.244e-05,6.0,0.00019464
BNT/BTC,1583479509092,2020-03-06T07:25:09.092Z,buy,3.247e-05,172.0,0.00558484
BNT/BTC,1583479509092,2020-03-06T07:25:09.092Z,buy,3.249e-05,492.0,0.01598508
BNT/BTC,1583479509100,2020-03-06T07:25:09.100Z,sell,3.249e-05,272.0,0.00883728
BNT/BTC,1583479509104,2020-03-06T07:25:09.104Z,sell,3.249e-05,49.0,0.00159201
BNT/BTC,1583479509106,2020-03-06T07:25:09.106Z,sell,3.249e-05,110.0,0.0035739
BNT/BTC,1583479509794,2020-03-06T07:25:09.794Z,sell,3.251e-05,138.0,0.00448638
BNT/BTC,1583479512554,2020-03-06T07:25:12.554Z,sell,3.239e-05,5.0,0.00016195
BNT/BTC,1583479545166,2020-03-06T07:25:45.166Z,sell,3.241e-05,104.0,0.00337064
BNT/BTC,1583479549163,2020-03-06T07:25:49.163Z,sell,3.238e-05,93.0,0.00301134
BNT/BTC,1583479551542,2020-03-06T07:25:51.542Z,sell,3.238e-05,40.0,0.0012951999999999
BNT/BTC,1583479551542,2020-03-06T07:25:51.542Z,sell,3.238e-05,40.0,0.0012951999999999
BNT/BTC,1583479764715,2020-03-06T07:29:24.715Z,sell,3.241e-05,1082.0,0.03506762
BNT/BTC,1583479765939,2020-03-06T07:29:25.939Z,sell,3.241e-05,216.0,0.00700056
BNT/BTC,1583479766051,2020-03-06T07:29:26.051Z,sell,3.241e-05,9.0,0.00029169
BNT/BTC,1583479766218,2020-03-06T07:29:26.218Z,sell,3.241e-05,137.0,0.00444017
BNT/BTC,1583479770251,2020-03-06T07:29:30.251Z,sell,3.241e-05,40.0,0.0012964
BNT/BTC,1583479791455,2020-03-06T07:29:51.455Z,sell,3.241e-05,42.0,0.00136122
BNT/BTC,1583479791856,2020-03-06T07:29:51.856Z,sell,3.241e-05,252.0,0.00816732
BNT/BTC,1583479793767,2020-03-06T07:29:53.767Z,sell,3.241e-05,326.0,0.01056566
BNT/BTC,1583479819392,2020-03-06T07:30:19.392Z,sell,3.241e-05,327.0,0.01059807
BNT/BTC,1583479826547,2020-03-06T07:30:26.547Z,sell,3.241e-05,613.0,0.01986733
BNT/BTC,1583479830470,2020-03-06T07:30:30.470Z,buy,3.242e-05,11.0,0.00035662
BNT/BTC,1583479842518,2020-03-06T07:30:42.518Z,sell,3.242e-05,55.0,0.0017831
BNT/BTC,1583479842518,2020-03-06T07:30:42.518Z,sell,3.241e-05,19.0,0.00061579
BNT/BTC,1583479901617,2020-03-06T07:31:41.617Z,sell,3.243e-05,53.0,0.00171879
BNT/BTC,1583479914537,2020-03-06T07:31:54.537Z,sell,3.243e-05,94.0,0.00304842
BNT/BTC,1583479914578,2020-03-06T07:31:54.578Z,sell,3.243e-05,94.0,0.00304842
BNT/BTC,1583479914616,2020-03-06T07:31:54.616Z,sell,3.243e-05,94.0,0.00304842
BNT/BTC,1583479914754,2020-03-06T07:31:54.754Z,sell,3.243e-05,58.0,0.00188094
BNT/BTC,1583479928219,2020-03-06T07:32:08.219Z,sell,3.243e-05,4.0,0.00012972
BNT/BTC,1583480012686,2020-03-06T07:33:32.686Z,sell,3.243e-05,413.0,0.01339359
BNT/BTC,1583480017269,2020-03-06T07:33:37.269Z,sell,3.243e-05,281.0,0.00911283
BNT/BTC,1583480017279,2020-03-06T07:33:37.279Z,sell,3.243e-05,145.0,0.00470235
BNT/BTC,1583480017280,2020-03-06T07:33:37.280Z,sell,3.243e-05,74.0,0.00239982
BNT/BTC,1583480869960,2020-03-06T07:47:49.960Z,buy,3.251e-05,4.0,0.00013004
BNT/BTC,1583481389710,2020-03-06T07:56:29.710Z,buy,3.25e-05,12.0,0.0003899999999999
BNT/BTC,1583481389710,2020-03-06T07:56:29.710Z,buy,3.251e-05,295.0,0.00959045
BNT/BTC,1583481606056,2020-03-06T08:00:06.056Z,buy,3.251e-05,4.0,0.00013004
BNT/BTC,1583481606056,2020-03-06T08:00:06.056Z,buy,3.252e-05,303.0,0.00985356
BNT/BTC,1583482151683,2020-03-06T08:09:11.683Z,buy,3.252e-05,6.0,0.00019512
BNT/BTC,1583482167119,2020-03-06T08:09:27.119Z,sell,3.243e-05,153.0,0.00496179
BNT/BTC,1583482167119,2020-03-06T08:09:27.119Z,sell,3.241e-05,5.0,0.00016205
BNT/BTC,1583482168442,2020-03-06T08:09:28.442Z,sell,3.241e-05,6.0,0.00019446
BNT/BTC,1583482272695,2020-03-06T08:11:12.695Z,sell,3.239e-05,857.0,0.02775823
BNT/BTC,1583482272695,2020-03-06T08:11:12.695Z,sell,3.238e-05,169.0,0.00547222
BNT/BTC,1583482684116,2020-03-06T08:18:04.116Z,buy,3.25e-05,5.0,0.0001625
BNT/BTC,1583482821813,2020-03-06T08:20:21.813Z,buy,3.25e-05,5.0,0.0001625
BNT/BTC,1583482838123,2020-03-06T08:20:38.123Z,buy,3.249e-05,151.0,0.00490599
BNT/BTC,1583482838135,2020-03-06T08:20:38.135Z,buy,3.249e-05,109.0,0.00354141
BNT/BTC,1583482840445,2020-03-06T08:20:40.445Z,sell,3.244e-05,5.0,0.0001622
BNT/BTC,1583482876105,2020-03-06T08:21:16.105Z,sell,3.234e-05,6.0,0.0001940399999999
BNT/BTC,1583482885363,2020-03-06T08:21:25.363Z,buy,3.244e-05,1.0,3.244e-05
BNT/BTC,1583482895153,2020-03-06T08:21:35.153Z,sell,3.228e-05,373.0,0.01204044
BNT/BTC,1583482895829,2020-03-06T08:21:35.829Z,sell,3.228e-05,369.0,0.01191132
BNT/BTC,1583482895829,2020-03-06T08:21:35.829Z,sell,3.228e-05,369.0,0.01191132
BNT/BTC,1583483169138,2020-03-06T08:26:09.138Z,sell,3.228e-05,4.0,0.00012912
BNT/BTC,1583483241184,2020-03-06T08:27:21.184Z,sell,3.226e-05,16.0,0.00051616
BNT/BTC,1583483243882,2020-03-06T08:27:23.882Z,sell,3.224e-05,6.0,0.00019344
BNT/BTC,1583483257176,2020-03-06T08:27:37.176Z,sell,3.221e-05,341.0,0.01098361
BNT/BTC,1583483411623,2020-03-06T08:30:11.623Z,buy,3.225e-05,5.0,0.00016125
BNT/BTC,1583483442435,2020-03-06T08:30:42.435Z,buy,3.225e-05,1.0,3.225e-05
BNT/BTC,1583483550991,2020-03-06T08:32:30.991Z,sell,3.225e-05,480.0,0.0154799999999999
BNT/BTC,1583483551006,2020-03-06T08:32:31.006Z,sell,3.225e-05,75.0,0.00241875
BNT/BTC,1583483551726,2020-03-06T08:32:31.726Z,sell,3.225e-05,302.0,0.0097395
BNT/BTC,1583483596937,2020-03-06T08:33:16.937Z,sell,3.225e-05,355.0,0.0114487499999999
BNT/BTC,1583483596961,2020-03-06T08:33:16.961Z,sell,3.225e-05,217.0,0.0069982499999999
BNT/BTC,1583483597562,2020-03-06T08:33:17.562Z,sell,3.225e-05,285.0,0.00919125
BNT/BTC,1583483597582,2020-03-06T08:33:17.582Z,sell,3.224e-05,203.0,0.00654472
BNT/BTC,1583483603005,2020-03-06T08:33:23.005Z,sell,3.226e-05,72.0,0.00232272
BNT/BTC,1583483603005,2020-03-06T08:33:23.005Z,sell,3.225e-05,106.0,0.0034184999999999
BNT/BTC,1583483683932,2020-03-06T08:34:43.932Z,sell,3.225e-05,75.0,0.00241875
BNT/BTC,1583483745171,2020-03-06T08:35:45.171Z,sell,3.225e-05,857.0,0.02763825
BNT/BTC,1583483751219,2020-03-06T08:35:51.219Z,buy,3.225e-05,497.0,0.0160282499999999
BNT/BTC,1583483884270,2020-03-06T08:38:04.270Z,sell,3.226e-05,7.0,0.00022582
BNT/BTC,1583483885268,2020-03-06T08:38:05.268Z,sell,3.226e-05,5.0,0.0001613
BNT/BTC,1583483958259,2020-03-06T08:39:18.259Z,sell,3.226e-05,20.0,0.0006452
BNT/BTC,1583484699967,2020-03-06T08:51:39.967Z,sell,3.225e-05,15.0,0.0004837499999999
BNT/BTC,1583484803220,2020-03-06T08:53:23.220Z,sell,3.225e-05,19.0,0.00061275
BNT/BTC,1583484803220,2020-03-06T08:53:23.220Z,sell,3.224e-05,48.0,0.00154752
BNT/BTC,1583485092520,2020-03-06T08:58:12.520Z,buy,3.232e-05,15.0,0.0004848
BNT/BTC,1583485093034,2020-03-06T08:58:13.034Z,sell,3.232e-05,598.0,0.01932736
BNT/BTC,1583485115869,2020-03-06T08:58:35.869Z,buy,3.233e-05,14.0,0.0004526199999999
BNT/BTC,1583485162356,2020-03-06T08:59:22.356Z,buy,3.234e-05,6.0,0.0001940399999999
BNT/BTC,1583485171191,2020-03-06T08:59:31.191Z,sell,3.235e-05,857.0,0.02772395
BNT/BTC,1583485171191,2020-03-06T08:59:31.191Z,sell,3.234e-05,97.0,0.0031369799999999
BNT/BTC,1583485171202,2020-03-06T08:59:31.202Z,sell,3.234e-05,176.0,0.00569184
BNT/BTC,1583485171873,2020-03-06T08:59:31.873Z,sell,3.234e-05,954.0,0.03085236
BNT/BTC,1583485172481,2020-03-06T08:59:32.481Z,sell,3.234e-05,172.0,0.00556248
BNT/BTC,1583485174602,2020-03-06T08:59:34.602Z,sell,3.234e-05,176.0,0.00569184
BNT/BTC,1583485175130,2020-03-06T08:59:35.130Z,sell,3.234e-05,175.0,0.0056595
BNT/BTC,1583485176340,2020-03-06T08:59:36.340Z,sell,3.234e-05,179.0,0.00578886
BNT/BTC,1583485176985,2020-03-06T08:59:36.985Z,sell,3.234e-05,177.0,0.00572418
BNT/BTC,1583485199326,2020-03-06T08:59:59.326Z,sell,3.236e-05,39.0,0.00126204
BNT/BTC,1583485214765,2020-03-06T09:00:14.765Z,sell,3.235e-05,857.0,0.02772395
BNT/BTC,1583485214765,2020-03-06T09:00:14.765Z,sell,3.234e-05,516.0,0.0166874399999999
BNT/BTC,1583485214765,2020-03-06T09:00:14.765Z,sell,3.23e-05,175.0,0.0056524999999999
BNT/BTC,1583485214765,2020-03-06T09:00:14.765Z,sell,3.229e-05,5543.0,0.1789834699999999
BNT/BTC,1583485214765,2020-03-06T09:00:14.765Z,sell,3.226e-05,350.0,0.0112909999999999
BNT/BTC,1583485214765,2020-03-06T09:00:14.765Z,sell,3.224e-05,1390.0,0.0448136
BNT/BTC,1583485214765,2020-03-06T09:00:14.765Z,sell,3.222e-05,421.0,0.01356462
BNT/BTC,1583485247341,2020-03-06T09:00:47.341Z,sell,3.234e-05,6.0,0.0001940399999999
BNT/BTC,1583485264065,2020-03-06T09:01:04.065Z,sell,3.239e-05,160.0,0.0051824
BNT/BTC,1583485264940,2020-03-06T09:01:04.940Z,sell,3.239e-05,5.0,0.00016195
BNT/BTC,1583485265479,2020-03-06T09:01:05.479Z,sell,3.239e-05,390.0,0.0126321
BNT/BTC,1583485265595,2020-03-06T09:01:05.595Z,sell,3.239e-05,302.0,0.00978178
BNT/BTC,1583485265832,2020-03-06T09:01:05.832Z,sell,3.24e-05,469.0,0.0151956
BNT/BTC,1583485337338,2020-03-06T09:02:17.338Z,buy,3.239e-05,4.0,0.00012956
BNT/BTC,1583485358156,2020-03-06T09:02:38.156Z,sell,3.234e-05,4.0,0.00012936
BNT/BTC,1583485358156,2020-03-06T09:02:38.156Z,sell,3.224e-05,5129.0,0.16535896
BNT/BTC,1583485693702,2020-03-06T09:08:13.702Z,buy,3.234e-05,4.0,0.00012936
BNT/BTC,1583485693702,2020-03-06T09:08:13.702Z,buy,3.239e-05,2.0,6.478e-05
BNT/BTC,1583486115704,2020-03-06T09:15:15.704Z,buy,3.234e-05,5.0,0.0001617
BNT/BTC,1583486115704,2020-03-06T09:15:15.704Z,buy,3.234e-05,5.0,0.0001617
BNT/BTC,1583487348637,2020-03-06T09:35:48.637Z,sell,3.224e-05,6.0,0.00019344
BNT/BTC,1583487348637,2020-03-06T09:35:48.637Z,sell,3.218e-05,94.0,0.00302492
BNT/BTC,1583487348637,2020-03-06T09:35:48.637Z,sell,3.217e-05,5.0,0.0001608499999999
BNT/BTC,1583487350069,2020-03-06T09:35:50.069Z,sell,3.218e-05,72.0,0.00231696
BNT/BTC,1583487363948,2020-03-06T09:36:03.948Z,buy,3.23e-05,7.0,0.0002261
BNT/BTC,1583487363948,2020-03-06T09:36:03.948Z,buy,3.231e-05,172.0,0.00555732
BNT/BTC,1583487363956,2020-03-06T09:36:03.956Z,sell,3.232e-05,131.0,0.00423392
BNT/BTC,1583487373726,2020-03-06T09:36:13.726Z,buy,3.227e-05,5.0,0.00016135
BNT/BTC,1583487582254,2020-03-06T09:39:42.254Z,buy,3.231e-05,150.0,0.0048465
BNT/BTC,1583487740592,2020-03-06T09:42:20.592Z,buy,3.233e-05,620.0,0.0200446
BNT/BTC,1583487740592,2020-03-06T09:42:20.592Z,buy,3.234e-05,17.0,0.0005497799999999
BNT/BTC,1583487740592,2020-03-06T09:42:20.592Z,buy,3.237e-05,10.0,0.0003236999999999
BNT/BTC,1583487740592,2020-03-06T09:42:20.592Z,buy,3.239e-05,138.0,0.00446982
BNT/BTC,1583487740698,2020-03-06T09:42:20.698Z,buy,3.238e-05,41.0,0.0013275799999999
BNT/BTC,1583487740708,2020-03-06T09:42:20.708Z,buy,3.238e-05,31.0,0.00100378
BNT/BTC,1583487740708,2020-03-06T09:42:20.708Z,buy,3.239e-05,31.0,0.00100409
BNT/BTC,1583487740709,2020-03-06T09:42:20.709Z,buy,3.239e-05,31.0,0.00100409
BNT/BTC,1583487740709,2020-03-06T09:42:20.709Z,buy,3.239e-05,31.0,0.00100409
BNT/BTC,1583487740709,2020-03-06T09:42:20.709Z,buy,3.239e-05,31.0,0.00100409
BNT/BTC,1583487740709,2020-03-06T09:42:20.709Z,buy,3.239e-05,31.0,0.00100409
BNT/BTC,1583487740709,2020-03-06T09:42:20.709Z,buy,3.239e-05,31.0,0.00100409
BNT/BTC,1583487740711,2020-03-06T09:42:20.711Z,buy,3.239e-05,31.0,0.00100409
BNT/BTC,1583487740711,2020-03-06T09:42:20.711Z,buy,3.239e-05,31.0,0.00100409
BNT/BTC,1583487740711,2020-03-06T09:42:20.711Z,buy,3.239e-05,31.0,0.00100409
BNT/BTC,1583487740711,2020-03-06T09:42:20.711Z,buy,3.239e-05,31.0,0.00100409
BNT/BTC,1583487740711,2020-03-06T09:42:20.711Z,buy,3.239e-05,31.0,0.00100409
BNT/BTC,1583487740712,2020-03-06T09:42:20.712Z,buy,3.239e-05,31.0,0.00100409
BNT/BTC,1583487740713,2020-03-06T09:42:20.713Z,buy,3.239e-05,31.0,0.00100409
BNT/BTC,1583487740714,2020-03-06T09:42:20.714Z,buy,3.239e-05,14.0,0.00045346
BNT/BTC,1583487767554,2020-03-06T09:42:47.554Z,sell,3.227e-05,8.0,0.00025816
BNT/BTC,1583487775229,2020-03-06T09:42:55.229Z,sell,3.228e-05,61.0,0.00196908
BNT/BTC,1583487775234,2020-03-06T09:42:55.234Z,buy,3.244e-05,1.0,3.244e-05
BNT/BTC,1583489075260,2020-03-06T10:04:35.260Z,buy,3.244e-05,16.0,0.00051904
BNT/BTC,1583489075260,2020-03-06T10:04:35.260Z,buy,3.246e-05,50.0,0.0016229999999999
BNT/BTC,1583489075260,2020-03-06T10:04:35.260Z,buy,3.248e-05,35.0,0.0011368
BNT/BTC,1583489075260,2020-03-06T10:04:35.260Z,buy,3.251e-05,691.0,0.02246441
BNT/BTC,1583489075260,2020-03-06T10:04:35.260Z,buy,3.244e-05,16.0,0.00051904
BNT/BTC,1583489075260,2020-03-06T10:04:35.260Z,buy,3.246e-05,50.0,0.0016229999999999
BNT/BTC,1583489075260,2020-03-06T10:04:35.260Z,buy,3.248e-05,35.0,0.0011368
BNT/BTC,1583489075260,2020-03-06T10:04:35.260Z,buy,3.251e-05,691.0,0.02246441
BNT/BTC,1583489720532,2020-03-06T10:15:20.532Z,sell,3.234e-05,19.0,0.0006144599999999
BNT/BTC,1583489900300,2020-03-06T10:18:20.300Z,sell,3.232e-05,92.0,0.00297344
BNT/BTC,1583489948326,2020-03-06T10:19:08.326Z,buy,3.232e-05,4.0,0.00012928
BNT/BTC,1583490020347,2020-03-06T10:20:20.347Z,sell,3.232e-05,5.0,0.0001616
BNT/BTC,1583490045222,2020-03-06T10:20:45.222Z,buy,3.232e-05,10.0,0.0003232
BNT/BTC,1583490069010,2020-03-06T10:21:09.010Z,buy,3.232e-05,10.0,0.0003232
BNT/BTC,1583490081197,2020-03-06T10:21:21.197Z,buy,3.232e-05,10.0,0.0003232
BNT/BTC,1583490093006,2020-03-06T10:21:33.006Z,buy,3.232e-05,10.0,0.0003232
BNT/BTC,1583490105145,2020-03-06T10:21:45.145Z,buy,3.232e-05,10.0,0.0003232
BNT/BTC,1583490376312,2020-03-06T10:26:16.312Z,sell,3.226e-05,22.0,0.00070972
BNT/BTC,1583490376312,2020-03-06T10:26:16.312Z,sell,3.224e-05,6.0,0.00019344
BNT/BTC,1583490376312,2020-03-06T10:26:16.312Z,sell,3.222e-05,22.0,0.00070884
BNT/BTC,1583490500348,2020-03-06T10:28:20.348Z,sell,3.224e-05,857.0,0.02762968
BNT/BTC,1583490500363,2020-03-06T10:28:20.363Z,buy,3.224e-05,985.0,0.0317564
BNT/BTC,1583490925231,2020-03-06T10:35:25.231Z,sell,3.228e-05,36.0,0.00116208
BNT/BTC,1583491112900,2020-03-06T10:38:32.900Z,sell,3.228e-05,60.0,0.0019368
BNT/BTC,1583491113124,2020-03-06T10:38:33.124Z,sell,3.227e-05,12.0,0.00038724
BNT/BTC,1583491201643,2020-03-06T10:40:01.643Z,sell,3.227e-05,156.0,0.00503412
BNT/BTC,1583491271467,2020-03-06T10:41:11.467Z,sell,3.228e-05,22.0,0.00071016
BNT/BTC,1583491271467,2020-03-06T10:41:11.467Z,sell,3.227e-05,805.0,0.02597735
BNT/BTC,1583492034092,2020-03-06T10:53:54.092Z,buy,3.234e-05,6.0,0.0001940399999999
BNT/BTC,1583492446980,2020-03-06T11:00:46.980Z,sell,3.239e-05,5.0,0.00016195
BNT/BTC,1583492554234,2020-03-06T11:02:34.234Z,sell,3.243e-05,471.0,0.01527453
BNT/BTC,1583492554238,2020-03-06T11:02:34.238Z,sell,3.243e-05,75.0,0.00243225
BNT/BTC,1583492554238,2020-03-06T11:02:34.238Z,sell,3.243e-05,5854.0,0.18984522
BNT/BTC,1583492554238,2020-03-06T11:02:34.238Z,sell,3.24e-05,71.0,0.0023004
BNT/BTC,1583492554244,2020-03-06T11:02:34.244Z,sell,3.239e-05,7438.0,0.24091682
BNT/BTC,1583492554303,2020-03-06T11:02:34.303Z,sell,3.234e-05,67.0,0.00216678
BNT/BTC,1583492554303,2020-03-06T11:02:34.303Z,sell,3.228e-05,42.0,0.00135576
BNT/BTC,1583492554380,2020-03-06T11:02:34.380Z,sell,3.228e-05,1023.0,0.03302244
BNT/BTC,1583492557271,2020-03-06T11:02:37.271Z,sell,3.227e-05,557.0,0.01797439
BNT/BTC,1583492557271,2020-03-06T11:02:37.271Z,sell,3.224e-05,314.0,0.01012336
BNT/BTC,1583492560675,2020-03-06T11:02:40.675Z,sell,3.228e-05,2542.0,0.08205576
BNT/BTC,1583492563706,2020-03-06T11:02:43.706Z,sell,3.228e-05,254.0,0.00819912
BNT/BTC,1583492602870,2020-03-06T11:03:22.870Z,buy,3.233e-05,547.0,0.0176845099999999
BNT/BTC,1583492626864,2020-03-06T11:03:46.864Z,sell,3.233e-05,1484.0,0.0479777199999999
BNT/BTC,1583492627079,2020-03-06T11:03:47.079Z,sell,3.233e-05,1600.0,0.0517279999999999
BNT/BTC,1583492627269,2020-03-06T11:03:47.269Z,sell,3.233e-05,1422.0,0.0459732599999999
BNT/BTC,1583492627520,2020-03-06T11:03:47.520Z,sell,3.233e-05,490.0,0.0158417
BNT/BTC,1583492627668,2020-03-06T11:03:47.668Z,buy,3.234e-05,6.0,0.0001940399999999
BNT/BTC,1583492627790,2020-03-06T11:03:47.790Z,sell,3.234e-05,1547.0,0.0500299799999999
BNT/BTC,1583492627969,2020-03-06T11:03:47.969Z,sell,3.234e-05,1604.0,0.05187336
BNT/BTC,1583492628189,2020-03-06T11:03:48.189Z,sell,3.234e-05,1681.0,0.0543635399999999
BNT/BTC,1583492628408,2020-03-06T11:03:48.408Z,sell,3.234e-05,1562.0,0.05051508
BNT/BTC,1583492628408,2020-03-06T11:03:48.408Z,sell,3.234e-05,1562.0,0.05051508
BNT/BTC,1583492821804,2020-03-06T11:07:01.804Z,buy,3.241e-05,772.0,0.02502052
BNT/BTC,1583492849965,2020-03-06T11:07:29.965Z,sell,3.238e-05,771.0,0.0249649799999999
BNT/BTC,1583492850325,2020-03-06T11:07:30.325Z,sell,3.237e-05,296.0,0.00958152
BNT/BTC,1583492937342,2020-03-06T11:08:57.342Z,sell,3.229e-05,4.0,0.00012916
BNT/BTC,1583492961572,2020-03-06T11:09:21.572Z,buy,3.241e-05,779.0,0.02524739
BNT/BTC,1583493022155,2020-03-06T11:10:22.155Z,sell,3.24e-05,762.0,0.0246888
BNT/BTC,1583493043149,2020-03-06T11:10:43.149Z,buy,3.24e-05,286.0,0.0092664
BNT/BTC,1583493043276,2020-03-06T11:10:43.276Z,sell,3.24e-05,55.0,0.001782
BNT/BTC,1583493043388,2020-03-06T11:10:43.388Z,sell,3.24e-05,341.0,0.0110484
BNT/BTC,1583493043411,2020-03-06T11:10:43.411Z,sell,3.234e-05,341.0,0.01102794
BNT/BTC,1583493049347,2020-03-06T11:10:49.347Z,buy,3.24e-05,196.0,0.0063504
BNT/BTC,1583493072460,2020-03-06T11:11:12.460Z,sell,3.24e-05,865.0,0.028026
BNT/BTC,1583493072519,2020-03-06T11:11:12.519Z,sell,3.24e-05,341.0,0.0110484
BNT/BTC,1583493072534,2020-03-06T11:11:12.534Z,sell,3.24e-05,177.0,0.0057348
BNT/BTC,1583493072573,2020-03-06T11:11:12.573Z,sell,3.234e-05,177.0,0.00572418
BNT/BTC,1583493102708,2020-03-06T11:11:42.708Z,buy,3.24e-05,557.0,0.0180468
BNT/BTC,1583493107705,2020-03-06T11:11:47.705Z,sell,3.234e-05,1579.0,0.05106486
BNT/BTC,1583493107891,2020-03-06T11:11:47.891Z,sell,3.234e-05,1623.0,0.05248782
BNT/BTC,1583493107980,2020-03-06T11:11:47.980Z,sell,3.234e-05,1444.0,0.04669896
BNT/BTC,1583493108095,2020-03-06T11:11:48.095Z,sell,3.234e-05,379.0,0.01225686
BNT/BTC,1583493148527,2020-03-06T11:12:28.527Z,sell,3.229e-05,338.0,0.01091402
BNT/BTC,1583493148532,2020-03-06T11:12:28.532Z,sell,3.229e-05,417.0,0.0134649299999999
BNT/BTC,1583493275486,2020-03-06T11:14:35.486Z,sell,3.227e-05,3107.0,0.10026289
BNT/BTC,1583493275497,2020-03-06T11:14:35.497Z,sell,3.227e-05,471.0,0.01519917
BNT/BTC,1583493275499,2020-03-06T11:14:35.499Z,sell,3.227e-05,66.0,0.00212982
BNT/BTC,1583493290661,2020-03-06T11:14:50.661Z,buy,3.237e-05,5.0,0.0001618499999999
BNT/BTC,1583493290678,2020-03-06T11:14:50.678Z,sell,3.237e-05,26.0,0.00084162
BNT/BTC,1583494509178,2020-03-06T11:35:09.178Z,buy,3.234e-05,11.0,0.00035574
BNT/BTC,1583494509178,2020-03-06T11:35:09.178Z,buy,3.241e-05,39.0,0.00126399
BNT/BTC,1583494580013,2020-03-06T11:36:20.013Z,buy,3.243e-05,799.0,0.02591157
BNT/BTC,1583494580013,2020-03-06T11:36:20.013Z,buy,3.244e-05,563.0,0.01826372
BNT/BTC,1583494580013,2020-03-06T11:36:20.013Z,buy,3.248e-05,22.0,0.00071456
BNT/BTC,1583494580013,2020-03-06T11:36:20.013Z,buy,3.249e-05,813.0,0.02641437
BNT/BTC,1583494618250,2020-03-06T11:36:58.250Z,buy,3.249e-05,4.0,0.00012996
BNT/BTC,1583494818938,2020-03-06T11:40:18.938Z,sell,3.234e-05,241.0,0.00779394
BNT/BTC,1583494876332,2020-03-06T11:41:16.332Z,sell,3.234e-05,857.0,0.0277153799999999
BNT/BTC,1583494886875,2020-03-06T11:41:26.875Z,sell,3.235e-05,102.0,0.0032997
BNT/BTC,1583494898573,2020-03-06T11:41:38.573Z,sell,3.234e-05,857.0,0.0277153799999999
BNT/BTC,1583494900329,2020-03-06T11:41:40.329Z,sell,3.234e-05,93.0,0.00300762
BNT/BTC,1583494901102,2020-03-06T11:41:41.102Z,sell,3.234e-05,857.0,0.0277153799999999
BNT/BTC,1583495024030,2020-03-06T11:43:44.030Z,sell,3.233e-05,152.0,0.00491416
BNT/BTC,1583495024149,2020-03-06T11:43:44.149Z,sell,3.233e-05,705.0,0.0227926499999999
BNT/BTC,1583495201663,2020-03-06T11:46:41.663Z,sell,3.232e-05,38.0,0.00122816
BNT/BTC,1583495201666,2020-03-06T11:46:41.666Z,sell,3.231e-05,102.0,0.00329562
BNT/BTC,1583495201671,2020-03-06T11:46:41.671Z,sell,3.231e-05,566.0,0.01828746
BNT/BTC,1583495203814,2020-03-06T11:46:43.814Z,sell,3.231e-05,72.0,0.00232632
BNT/BTC,1583495414956,2020-03-06T11:50:14.956Z,sell,3.234e-05,13.0,0.0004204199999999
BNT/BTC,1583495418687,2020-03-06T11:50:18.687Z,sell,3.234e-05,13.0,0.0004204199999999
BNT/BTC,1583495426584,2020-03-06T11:50:26.584Z,sell,3.234e-05,816.0,0.02638944
BNT/BTC,1583495426732,2020-03-06T11:50:26.732Z,sell,3.234e-05,1436.0,0.04644024
BNT/BTC,1583495426842,2020-03-06T11:50:26.842Z,sell,3.234e-05,1545.0,0.0499653
BNT/BTC,1583495426935,2020-03-06T11:50:26.935Z,sell,3.234e-05,1499.0,0.04847766
BNT/BTC,1583495427034,2020-03-06T11:50:27.034Z,sell,3.234e-05,221.0,0.00714714
BNT/BTC,1583495638444,2020-03-06T11:53:58.444Z,sell,3.234e-05,1017.0,0.03288978
BNT/BTC,1583495640235,2020-03-06T11:54:00.235Z,sell,3.234e-05,857.0,0.0277153799999999
BNT/BTC,1583495640337,2020-03-06T11:54:00.337Z,sell,3.233e-05,672.0,0.0217257599999999
BNT/BTC,1583495658068,2020-03-06T11:54:18.068Z,sell,3.232e-05,145.0,0.0046864
BNT/BTC,1583495662254,2020-03-06T11:54:22.254Z,sell,3.232e-05,857.0,0.02769824
BNT/BTC,1583495669043,2020-03-06T11:54:29.043Z,sell,3.232e-05,145.0,0.0046864
BNT/BTC,1583495671165,2020-03-06T11:54:31.165Z,sell,3.232e-05,807.0,0.02608224
BNT/BTC,1583495671387,2020-03-06T11:54:31.387Z,sell,3.232e-05,11.0,0.00035552
BNT/BTC,1583495672665,2020-03-06T11:54:32.665Z,sell,3.232e-05,39.0,0.00126048
BNT/BTC,1583495678307,2020-03-06T11:54:38.307Z,sell,3.232e-05,857.0,0.02769824
BNT/BTC,1583495730198,2020-03-06T11:55:30.198Z,sell,3.229e-05,857.0,0.0276725299999999
BNT/BTC,1583495732320,2020-03-06T11:55:32.320Z,sell,3.229e-05,857.0,0.0276725299999999
BNT/BTC,1583495760343,2020-03-06T11:56:00.343Z,sell,3.229e-05,857.0,0.0276725299999999
BNT/BTC,1583495765296,2020-03-06T11:56:05.296Z,sell,3.229e-05,857.0,0.0276725299999999
BNT/BTC,1583495771480,2020-03-06T11:56:11.480Z,sell,3.229e-05,857.0,0.0276725299999999
BNT/BTC,1583495774812,2020-03-06T11:56:14.812Z,sell,3.228e-05,1495.0,0.0482586
BNT/BTC,1583495774925,2020-03-06T11:56:14.925Z,sell,3.228e-05,212.0,0.00684336
BNT/BTC,1583495777241,2020-03-06T11:56:17.241Z,sell,3.227e-05,1466.0,0.04730782
BNT/BTC,1583495777443,2020-03-06T11:56:17.443Z,sell,3.227e-05,1495.0,0.04824365
BNT/BTC,1583495777542,2020-03-06T11:56:17.542Z,sell,3.227e-05,1543.0,0.04979261
BNT/BTC,1583495777650,2020-03-06T11:56:17.650Z,sell,3.227e-05,1039.0,0.03352853
BNT/BTC,1583495777650,2020-03-06T11:56:17.650Z,sell,3.227e-05,1039.0,0.03352853
BNT/BTC,1583497019381,2020-03-06T12:16:59.381Z,buy,3.237e-05,1.0,3.237e-05
BNT/BTC,1583497030468,2020-03-06T12:17:10.468Z,buy,3.231e-05,4.0,0.00012924
BNT/BTC,1583497187610,2020-03-06T12:19:47.610Z,buy,3.229e-05,6.0,0.0001937399999999
BNT/BTC,1583497196503,2020-03-06T12:19:56.503Z,buy,3.238e-05,7.0,0.00022666
BNT/BTC,1583497349146,2020-03-06T12:22:29.146Z,buy,3.239e-05,1.0,3.239e-05
BNT/BTC,1583497775220,2020-03-06T12:29:35.220Z,buy,3.239e-05,3.0,9.717e-05
BNT/BTC,1583497775220,2020-03-06T12:29:35.220Z,buy,3.244e-05,6.0,0.00019464
BNT/BTC,1583497775220,2020-03-06T12:29:35.220Z,buy,3.246e-05,6.0,0.0001947599999999
BNT/BTC,1583497983970,2020-03-06T12:33:03.970Z,sell,3.234e-05,6.0,0.0001940399999999
BNT/BTC,1583498270130,2020-03-06T12:37:50.130Z,buy,3.234e-05,16.0,0.00051744
BNT/BTC,1583498270130,2020-03-06T12:37:50.130Z,buy,3.244e-05,162.0,0.00525528
BNT/BTC,1583499020799,2020-03-06T12:50:20.799Z,buy,3.244e-05,10.0,0.0003244
BNT/BTC,1583499035865,2020-03-06T12:50:35.865Z,buy,3.251e-05,534.0,0.01736034
BNT/BTC,1583499215415,2020-03-06T12:53:35.415Z,sell,3.234e-05,6.0,0.0001940399999999
BNT/BTC,1583499215415,2020-03-06T12:53:35.415Z,sell,3.229e-05,538.0,0.01737202
BNT/BTC,1583499215415,2020-03-06T12:53:35.415Z,sell,3.234e-05,6.0,0.0001940399999999
BNT/BTC,1583499215415,2020-03-06T12:53:35.415Z,sell,3.229e-05,538.0,0.01737202
BNT/BTC,1583499961464,2020-03-06T13:06:01.464Z,sell,3.229e-05,4.0,0.00012916
BNT/BTC,1583499962560,2020-03-06T13:06:02.560Z,buy,3.228e-05,28.0,0.00090384
BNT/BTC,1583499983454,2020-03-06T13:06:23.454Z,buy,3.234e-05,1.0,3.234e-05
BNT/BTC,1583500031278,2020-03-06T13:07:11.278Z,sell,3.226e-05,22.0,0.00070972
BNT/BTC,1583500031278,2020-03-06T13:07:11.278Z,sell,3.224e-05,6.0,0.00019344
BNT/BTC,1583500031278,2020-03-06T13:07:11.278Z,sell,3.219e-05,81.0,0.00260739
BNT/BTC,1583500031278,2020-03-06T13:07:11.278Z,sell,3.218e-05,2376.0,0.07645968
BNT/BTC,1583500041025,2020-03-06T13:07:21.025Z,buy,3.225e-05,5.0,0.00016125
BNT/BTC,1583500673511,2020-03-06T13:17:53.511Z,buy,3.226e-05,12.0,0.00038712
BNT/BTC,1583500687700,2020-03-06T13:18:07.700Z,buy,3.226e-05,1.0,3.226e-05
BNT/BTC,1583500687700,2020-03-06T13:18:07.700Z,buy,3.234e-05,6.0,0.0001940399999999
BNT/BTC,1583500687700,2020-03-06T13:18:07.700Z,buy,3.236e-05,7.0,0.00022652
BNT/BTC,1583500701555,2020-03-06T13:18:21.555Z,buy,3.244e-05,1.0,3.244e-05
BNT/BTC,1583501597951,2020-03-06T13:33:17.951Z,buy,3.239e-05,93.0,0.00301227
BNT/BTC,1583501632989,2020-03-06T13:33:52.989Z,buy,3.244e-05,9.0,0.00029196
BNT/BTC,1583501632989,2020-03-06T13:33:52.989Z,buy,3.248e-05,5.0,0.0001624
BNT/BTC,1583501887803,2020-03-06T13:38:07.803Z,sell,3.239e-05,15.0,0.00048585
BNT/BTC,1583501890829,2020-03-06T13:38:10.829Z,sell,3.239e-05,8.0,0.00025912
BNT/BTC,1583501890829,2020-03-06T13:38:10.829Z,sell,3.234e-05,4.0,0.00012936
BNT/BTC,1583502402380,2020-03-06T13:46:42.380Z,buy,3.247e-05,208.0,0.00675376
BNT/BTC,1583502402380,2020-03-06T13:46:42.380Z,buy,3.248e-05,17.0,0.00055216
BNT/BTC,1583502402380,2020-03-06T13:46:42.380Z,buy,3.249e-05,134.0,0.00435366
BNT/BTC,1583502402380,2020-03-06T13:46:42.380Z,buy,3.25e-05,949.0,0.0308425
BNT/BTC,1583502402380,2020-03-06T13:46:42.380Z,buy,3.251e-05,691.0,0.02246441
BNT/BTC,1583502402380,2020-03-06T13:46:42.380Z,buy,3.252e-05,1814.0,0.05899128
BNT/BTC,1583502402380,2020-03-06T13:46:42.380Z,buy,3.253e-05,44.0,0.00143132
BNT/BTC,1583502743891,2020-03-06T13:52:23.891Z,buy,3.252e-05,943.0,0.03066636
BNT/BTC,1583502743900,2020-03-06T13:52:23.900Z,sell,3.252e-05,31.0,0.00100812
BNT/BTC,1583502743929,2020-03-06T13:52:23.929Z,sell,3.252e-05,563.0,0.01830876
BNT/BTC,1583502743929,2020-03-06T13:52:23.929Z,sell,3.252e-05,563.0,0.01830876
BNT/BTC,1583502861014,2020-03-06T13:54:21.014Z,sell,3.239e-05,5.0,0.00016195
BNT/BTC,1583502976328,2020-03-06T13:56:16.328Z,sell,3.238e-05,515.0,0.0166756999999999
BNT/BTC,1583503008826,2020-03-06T13:56:48.826Z,buy,3.237e-05,72.0,0.0023306399999999
BNT/BTC,1583503017137,2020-03-06T13:56:57.137Z,buy,3.237e-05,92.0,0.0029780399999999
BNT/BTC,1583503388381,2020-03-06T14:03:08.381Z,buy,3.237e-05,4.0,0.00012948
BNT/BTC,1583504256939,2020-03-06T14:17:36.939Z,buy,3.237e-05,352.0,0.0113942399999999
BNT/BTC,1583504257123,2020-03-06T14:17:37.123Z,sell,3.237e-05,8.0,0.00025896
BNT/BTC,1583504566063,2020-03-06T14:22:46.063Z,buy,3.238e-05,149.0,0.00482462
BNT/BTC,1583504566063,2020-03-06T14:22:46.063Z,buy,3.238e-05,149.0,0.00482462
BNT/BTC,1583506577917,2020-03-06T14:56:17.917Z,buy,3.238e-05,154.0,0.0049865199999999
BNT/BTC,1583506655156,2020-03-06T14:57:35.156Z,buy,3.238e-05,4.0,0.00012952
BNT/BTC,1583507152175,2020-03-06T15:05:52.175Z,buy,3.238e-05,11.0,0.00035618
BNT/BTC,1583507260854,2020-03-06T15:07:40.854Z,sell,3.237e-05,103.0,0.0033341099999999
BNT/BTC,1583507260854,2020-03-06T15:07:40.854Z,sell,3.236e-05,125.0,0.004045
BNT/BTC,1583507260854,2020-03-06T15:07:40.854Z,sell,3.234e-05,315.0,0.0101871
BNT/BTC,1583507260854,2020-03-06T15:07:40.854Z,sell,3.233e-05,4.0,0.00012932
BNT/BTC,1583507260854,2020-03-06T15:07:40.854Z,sell,3.23e-05,166.0,0.0053618
BNT/BTC,1583508131597,2020-03-06T15:22:11.597Z,sell,3.23e-05,4.0,0.0001292
BNT/BTC,1583508131597,2020-03-06T15:22:11.597Z,sell,3.229e-05,95.0,0.0030675499999999
BNT/BTC,1583508131597,2020-03-06T15:22:11.597Z,sell,3.226e-05,17.0,0.00054842
BNT/BTC,1583508131597,2020-03-06T15:22:11.597Z,sell,3.23e-05,4.0,0.0001292
BNT/BTC,1583508131597,2020-03-06T15:22:11.597Z,sell,3.229e-05,95.0,0.0030675499999999
BNT/BTC,1583508131597,2020-03-06T15:22:11.597Z,sell,3.226e-05,17.0,0.00054842
BNT/BTC,1583508344247,2020-03-06T15:25:44.247Z,sell,3.227e-05,5.0,0.00016135
BNT/BTC,1583509323997,2020-03-06T15:42:03.997Z,sell,3.227e-05,34.0,0.00109718
BNT/BTC,1583509323997,2020-03-06T15:42:03.997Z,sell,3.226e-05,9.0,0.00029034
BNT/BTC,1583509323997,2020-03-06T15:42:03.997Z,sell,3.224e-05,6.0,0.00019344
BNT/BTC,1583509323997,2020-03-06T15:42:03.997Z,sell,3.221e-05,25.0,0.00080525
BNT/BTC,1583509389920,2020-03-06T15:43:09.920Z,sell,3.222e-05,202.0,0.00650844
BNT/BTC,1583509389920,2020-03-06T15:43:09.920Z,sell,3.219e-05,62.0,0.00199578
BNT/BTC,1583509389920,2020-03-06T15:43:09.920Z,sell,3.217e-05,48.0,0.00154416
BNT/BTC,1583509390125,2020-03-06T15:43:10.125Z,buy,3.233e-05,73.0,0.0023600899999999
BNT/BTC,1583509425690,2020-03-06T15:43:45.690Z,buy,3.232e-05,104.0,0.00336128
BNT/BTC,1583509519568,2020-03-06T15:45:19.568Z,buy,3.226e-05,9308.0,0.30027608
BNT/BTC,1583509525127,2020-03-06T15:45:25.127Z,sell,3.229e-05,65.0,0.0020988499999999
BNT/BTC,1583510157309,2020-03-06T15:55:57.309Z,buy,3.234e-05,1.0,3.234e-05
BNT/BTC,1583510429241,2020-03-06T16:00:29.241Z,buy,3.234e-05,5.0,0.0001617
BNT/BTC,1583510467856,2020-03-06T16:01:07.856Z,buy,3.233e-05,203.0,0.0065629899999999
BNT/BTC,1583511048171,2020-03-06T16:10:48.171Z,sell,3.224e-05,6.0,0.00019344
BNT/BTC,1583511048171,2020-03-06T16:10:48.171Z,sell,3.223e-05,43.0,0.00138589
BNT/BTC,1583511333200,2020-03-06T16:15:33.200Z,sell,3.225e-05,208.0,0.0067079999999999
BNT/BTC,1583511341635,2020-03-06T16:15:41.635Z,sell,3.227e-05,527.0,0.01700629
BNT/BTC,1583511341635,2020-03-06T16:15:41.635Z,sell,3.227e-05,527.0,0.01700629
BNT/BTC,1583512660439,2020-03-06T16:37:40.439Z,buy,3.234e-05,6.0,0.0001940399999999
BNT/BTC,1583512660439,2020-03-06T16:37:40.439Z,buy,3.24e-05,12.0,0.0003888
BNT/BTC,1583512660450,2020-03-06T16:37:40.450Z,sell,3.24e-05,4.0,0.0001296
BNT/BTC,1583512870604,2020-03-06T16:41:10.604Z,sell,3.228e-05,26.0,0.00083928
BNT/BTC,1583512870604,2020-03-06T16:41:10.604Z,sell,3.227e-05,15.0,0.00048405
BNT/BTC,1583513600949,2020-03-06T16:53:20.949Z,buy,3.227e-05,5.0,0.00016135
BNT/BTC,1583514099817,2020-03-06T17:01:39.817Z,buy,3.226e-05,75.0,0.0024194999999999
BNT/BTC,1583514099823,2020-03-06T17:01:39.823Z,buy,3.226e-05,25.0,0.0008065
BNT/BTC,1583514099823,2020-03-06T17:01:39.823Z,buy,3.226e-05,25.0,0.0008065
BNT/BTC,1583515925975,2020-03-06T17:32:05.975Z,buy,3.227e-05,85.0,0.00274295
BNT/BTC,1583516202654,2020-03-06T17:36:42.654Z,buy,3.242e-05,4.0,0.00012968
BNT/BTC,1583516312306,2020-03-06T17:38:32.306Z,sell,3.23e-05,77.0,0.0024871
BNT/BTC,1583516312306,2020-03-06T17:38:32.306Z,sell,3.229e-05,349.0,0.0112692099999999
BNT/BTC,1583516312306,2020-03-06T17:38:32.306Z,sell,3.228e-05,6.0,0.00019368
BNT/BTC,1583516464903,2020-03-06T17:41:04.903Z,sell,3.229e-05,65.0,0.0020988499999999
BNT/BTC,1583516464903,2020-03-06T17:41:04.903Z,sell,3.228e-05,14.0,0.00045192
BNT/BTC,1583516464903,2020-03-06T17:41:04.903Z,sell,3.229e-05,65.0,0.0020988499999999
BNT/BTC,1583516464903,2020-03-06T17:41:04.903Z,sell,3.228e-05,14.0,0.00045192
BNT/BTC,1583517890134,2020-03-06T18:04:50.134Z,buy,3.238e-05,42.0,0.00135996
BNT/BTC,1583518161989,2020-03-06T18:09:21.989Z,buy,3.242e-05,1.0,3.242e-05
BNT/BTC,1583518335869,2020-03-06T18:12:15.869Z,buy,3.242e-05,1.0,3.242e-05
BNT/BTC,1583518488954,2020-03-06T18:14:48.954Z,sell,3.23e-05,500.0,0.01615
BNT/BTC,1583518742640,2020-03-06T18:19:02.640Z,buy,3.242e-05,110.0,0.0035662
BNT/BTC,1583519510671,2020-03-06T18:31:50.671Z,buy,3.242e-05,44.0,0.00142648
BNT/BTC,1583519511556,2020-03-06T18:31:51.556Z,sell,3.242e-05,5.0,0.0001620999999999
BNT/BTC,1583519593514,2020-03-06T18:33:13.514Z,buy,3.243e-05,60.0,0.0019458
BNT/BTC,1583519593514,2020-03-06T18:33:13.514Z,buy,3.243e-05,60.0,0.0019458
BNT/BTC,1583520489169,2020-03-06T18:48:09.169Z,buy,3.243e-05,531.0,0.01722033
BNT/BTC,1583520490834,2020-03-06T18:48:10.834Z,buy,3.244e-05,6.0,0.00019464
BNT/BTC,1583520608739,2020-03-06T18:50:08.739Z,sell,3.244e-05,4.0,0.00012976
BNT/BTC,1583520763545,2020-03-06T18:52:43.545Z,buy,3.248e-05,22.0,0.00071456
BNT/BTC,1583520763560,2020-03-06T18:52:43.560Z,sell,3.248e-05,204.0,0.00662592
BNT/BTC,1583520764793,2020-03-06T18:52:44.793Z,sell,3.236e-05,19.0,0.00061484
BNT/BTC,1583520793785,2020-03-06T18:53:13.785Z,buy,3.251e-05,6.0,0.00019506
BNT/BTC,1583520793785,2020-03-06T18:53:13.785Z,buy,3.252e-05,221.0,0.00718692
BNT/BTC,1583520820101,2020-03-06T18:53:40.101Z,sell,3.237e-05,279.0,0.00903123
BNT/BTC,1583520820101,2020-03-06T18:53:40.101Z,sell,3.236e-05,721.0,0.02333156
BNT/BTC,1583521010240,2020-03-06T18:56:50.240Z,sell,3.237e-05,31.0,0.0010034699999999
BNT/BTC,1583521012110,2020-03-06T18:56:52.110Z,sell,3.237e-05,28.0,0.0009063599999999
BNT/BTC,1583521234188,2020-03-06T19:00:34.188Z,sell,3.236e-05,78.0,0.00252408
BNT/BTC,1583521552507,2020-03-06T19:05:52.507Z,sell,3.236e-05,4.0,0.00012944
BNT/BTC,1583521552507,2020-03-06T19:05:52.507Z,sell,3.235e-05,463.0,0.01497805
BNT/BTC,1583521552507,2020-03-06T19:05:52.507Z,sell,3.234e-05,6.0,0.0001940399999999
BNT/BTC,1583521552507,2020-03-06T19:05:52.507Z,sell,3.228e-05,25.0,0.000807
BNT/BTC,1583522986681,2020-03-06T19:29:46.681Z,sell,3.236e-05,857.0,0.02773252
BNT/BTC,1583523017792,2020-03-06T19:30:17.792Z,sell,3.236e-05,47.0,0.00152092
BNT/BTC,1583523017792,2020-03-06T19:30:17.792Z,sell,3.235e-05,998.0,0.0322853
BNT/BTC,1583523107399,2020-03-06T19:31:47.399Z,sell,3.229e-05,1581.0,0.05105049
BNT/BTC,1583523107399,2020-03-06T19:31:47.399Z,sell,3.229e-05,1581.0,0.05105049
BNT/BTC,1583523640509,2020-03-06T19:40:40.509Z,buy,3.237e-05,34.0,0.0011005799999999
BNT/BTC,1583523640509,2020-03-06T19:40:40.509Z,buy,3.244e-05,54.0,0.00175176
BNT/BTC,1583523645643,2020-03-06T19:40:45.643Z,sell,3.23e-05,61.0,0.0019703
BNT/BTC,1583523778907,2020-03-06T19:42:58.907Z,sell,3.234e-05,18.0,0.00058212
BNT/BTC,1583523778907,2020-03-06T19:42:58.907Z,sell,3.234e-05,18.0,0.00058212
BNT/BTC,1583527637634,2020-03-06T20:47:17.634Z,sell,3.23e-05,30.0,0.000969
BNT/BTC,1583527937714,2020-03-06T20:52:17.714Z,sell,3.231e-05,15.0,0.00048465
BNT/BTC,1583527937714,2020-03-06T20:52:17.714Z,sell,3.231e-05,15.0,0.00048465
BNT/BTC,1583529694132,2020-03-06T21:21:34.132Z,buy,3.243e-05,6.0,0.00019458
BNT/BTC,1583529695625,2020-03-06T21:21:35.625Z,buy,3.244e-05,6.0,0.00019464
BNT/BTC,1583529696449,2020-03-06T21:21:36.449Z,buy,3.247e-05,79.0,0.00256513
BNT/BTC,1583530307794,2020-03-06T21:31:47.794Z,buy,3.247e-05,4.0,0.00012988
BNT/BTC,1583530612272,2020-03-06T21:36:52.272Z,sell,3.242e-05,4.0,0.00012968
BNT/BTC,1583530612272,2020-03-06T21:36:52.272Z,sell,3.234e-05,6.0,0.0001940399999999
BNT/BTC,1583530612272,2020-03-06T21:36:52.272Z,sell,3.232e-05,280.0,0.0090496
BNT/BTC,1583530612272,2020-03-06T21:36:52.272Z,sell,3.231e-05,502.0,0.01621962
BNT/BTC,1583531445915,2020-03-06T21:50:45.915Z,buy,3.243e-05,15.0,0.00048645
BNT/BTC,1583531445915,2020-03-06T21:50:45.915Z,buy,3.244e-05,6.0,0.00019464
BNT/BTC,1583531445915,2020-03-06T21:50:45.915Z,buy,3.247e-05,6.0,0.00019482
BNT/BTC,1583531454417,2020-03-06T21:50:54.417Z,buy,3.251e-05,27.0,0.0008777699999999
BNT/BTC,1583531458195,2020-03-06T21:50:58.195Z,buy,3.251e-05,27.0,0.0008777699999999
BNT/BTC,1583531464134,2020-03-06T21:51:04.134Z,buy,3.251e-05,51.0,0.00165801
BNT/BTC,1583531465379,2020-03-06T21:51:05.379Z,buy,3.251e-05,32.0,0.00104032
BNT/BTC,1583531465379,2020-03-06T21:51:05.379Z,buy,3.251e-05,32.0,0.00104032
BNT/BTC,1583531937886,2020-03-06T21:58:57.886Z,buy,3.251e-05,6.0,0.00019506
BNT/BTC,1583533260126,2020-03-06T22:21:00.126Z,sell,3.235e-05,4.0,0.0001294
BNT/BTC,1583533260126,2020-03-06T22:21:00.126Z,sell,3.234e-05,6.0,0.0001940399999999
BNT/BTC,1583533260126,2020-03-06T22:21:00.126Z,sell,3.232e-05,60.0,0.0019392
BNT/BTC,1583533260126,2020-03-06T22:21:00.126Z,sell,3.231e-05,130.0,0.0042003
BNT/BTC,1583533260126,2020-03-06T22:21:00.126Z,sell,3.23e-05,321.0,0.0103683
BNT/BTC,1583533275906,2020-03-06T22:21:15.906Z,sell,3.231e-05,11.0,0.00035541
BNT/BTC,1583533309720,2020-03-06T22:21:49.720Z,sell,3.231e-05,166.0,0.00536346
BNT/BTC,1583533678652,2020-03-06T22:27:58.652Z,buy,3.232e-05,1.0,3.232e-05
BNT/BTC,1583533678652,2020-03-06T22:27:58.652Z,buy,3.232e-05,1.0,3.232e-05
BNT/BTC,1583535601530,2020-03-06T23:00:01.530Z,sell,3.234e-05,11.0,0.00035574
BNT/BTC,1583536302494,2020-03-06T23:11:42.494Z,sell,3.237e-05,11.0,0.0003560699999999
BNT/BTC,1583536897260,2020-03-06T23:21:37.260Z,buy,3.244e-05,1.0,3.244e-05
BNT/BTC,1583536899575,2020-03-06T23:21:39.575Z,buy,3.244e-05,1.0,3.244e-05
BNT/BTC,1583536906306,2020-03-06T23:21:46.306Z,buy,3.244e-05,4.0,0.00012976
BNT/BTC,1583536906306,2020-03-06T23:21:46.306Z,buy,3.249e-05,16.0,0.00051984
BNT/BTC,1583536925403,2020-03-06T23:22:05.403Z,buy,3.25e-05,94.0,0.0030549999999999
BNT/BTC,1583536939616,2020-03-06T23:22:19.616Z,sell,3.248e-05,15.0,0.0004872
BNT/BTC,1583536949543,2020-03-06T23:22:29.543Z,sell,3.25e-05,5.0,0.0001625
BNT/BTC,1583536951875,2020-03-06T23:22:31.875Z,sell,3.25e-05,46.0,0.0014949999999999
BNT/BTC,1583536954727,2020-03-06T23:22:34.727Z,sell,3.25e-05,46.0,0.0014949999999999
BNT/BTC,1583536957604,2020-03-06T23:22:37.604Z,sell,3.25e-05,46.0,0.0014949999999999
BNT/BTC,1583536959546,2020-03-06T23:22:39.546Z,sell,3.25e-05,46.0,0.0014949999999999
BNT/BTC,1583536986115,2020-03-06T23:23:06.115Z,sell,3.25e-05,223.0,0.0072475
BNT/BTC,1583537001997,2020-03-06T23:23:21.997Z,buy,3.251e-05,1.0,3.251e-05
BNT/BTC,1583537021453,2020-03-06T23:23:41.453Z,buy,3.251e-05,1.0,3.251e-05
BNT/BTC,1583537024140,2020-03-06T23:23:44.140Z,buy,3.251e-05,28.0,0.00091028
BNT/BTC,1583537044518,2020-03-06T23:24:04.518Z,sell,3.251e-05,15.0,0.0004876499999999
BNT/BTC,1583537104473,2020-03-06T23:25:04.473Z,buy,3.253e-05,1.0,3.253e-05
BNT/BTC,1583537113890,2020-03-06T23:25:13.890Z,buy,3.253e-05,1.0,3.253e-05
BNT/BTC,1583537116951,2020-03-06T23:25:16.951Z,buy,3.253e-05,1.0,3.253e-05
BNT/BTC,1583537117369,2020-03-06T23:25:17.369Z,buy,3.253e-05,1184.0,0.03851552
BNT/BTC,1583537121869,2020-03-06T23:25:21.869Z,buy,3.254e-05,1.0,3.254e-05
BNT/BTC,1583537130260,2020-03-06T23:25:30.260Z,buy,3.254e-05,1233.0,0.0401218199999999
BNT/BTC,1583537137989,2020-03-06T23:25:37.989Z,buy,3.255e-05,1.0,3.255e-05
BNT/BTC,1583537138812,2020-03-06T23:25:38.812Z,sell,3.254e-05,4.0,0.00013016
BNT/BTC,1583537138833,2020-03-06T23:25:38.833Z,buy,3.255e-05,1.0,3.255e-05
BNT/BTC,1583537142119,2020-03-06T23:25:42.119Z,buy,3.255e-05,1.0,3.255e-05
BNT/BTC,1583537149720,2020-03-06T23:25:49.720Z,buy,3.255e-05,3.0,9.765e-05
BNT/BTC,1583537149720,2020-03-06T23:25:49.720Z,buy,3.256e-05,1.0,3.256e-05
BNT/BTC,1583537160503,2020-03-06T23:26:00.503Z,buy,3.256e-05,4.0,0.00013024
BNT/BTC,1583537174509,2020-03-06T23:26:14.509Z,buy,3.256e-05,4.0,0.00013024
BNT/BTC,1583537178061,2020-03-06T23:26:18.061Z,buy,3.256e-05,35.0,0.0011396
BNT/BTC,1583537180801,2020-03-06T23:26:20.801Z,buy,3.256e-05,1927.0,0.06274312
BNT/BTC,1583537180801,2020-03-06T23:26:20.801Z,buy,3.256e-05,1927.0,0.06274312
BNT/BTC,1583537695078,2020-03-06T23:34:55.078Z,buy,3.256e-05,4.0,0.00013024
BNT/BTC,1583537695078,2020-03-06T23:34:55.078Z,buy,3.26e-05,6.0,0.0001955999999999
BNT/BTC,1583537695078,2020-03-06T23:34:55.078Z,buy,3.261e-05,81.0,0.00264141
BNT/BTC,1583537695078,2020-03-06T23:34:55.078Z,buy,3.265e-05,172.0,0.0056158
BNT/BTC,1583537695078,2020-03-06T23:34:55.078Z,buy,3.266e-05,340.0,0.0111044
BNT/BTC,1583537695078,2020-03-06T23:34:55.078Z,buy,3.267e-05,490.0,0.0160083
BNT/BTC,1583537747773,2020-03-06T23:35:47.773Z,sell,3.26e-05,5.0,0.000163
BNT/BTC,1583537750257,2020-03-06T23:35:50.257Z,buy,3.267e-05,60.0,0.0019601999999999
BNT/BTC,1583537754288,2020-03-06T23:35:54.288Z,buy,3.267e-05,60.0,0.0019601999999999
BNT/BTC,1583537758301,2020-03-06T23:35:58.301Z,buy,3.267e-05,60.0,0.0019601999999999
BNT/BTC,1583537762304,2020-03-06T23:36:02.304Z,buy,3.267e-05,60.0,0.0019601999999999
BNT/BTC,1583537766325,2020-03-06T23:36:06.325Z,buy,3.267e-05,60.0,0.0019601999999999
BNT/BTC,1583537770330,2020-03-06T23:36:10.330Z,buy,3.267e-05,60.0,0.0019601999999999
BNT/BTC,1583537774331,2020-03-06T23:36:14.331Z,buy,3.267e-05,60.0,0.0019601999999999
BNT/BTC,1583537808479,2020-03-06T23:36:48.479Z,buy,3.267e-05,370.0,0.0120878999999999
BNT/BTC,1583537808479,2020-03-06T23:36:48.479Z,buy,3.268e-05,2047.0,0.06689596
BNT/BTC,1583537808479,2020-03-06T23:36:48.479Z,buy,3.269e-05,2109.0,0.06894321
BNT/BTC,1583537808479,2020-03-06T23:36:48.479Z,buy,3.27e-05,465.0,0.0152055
BNT/BTC,1583537808479,2020-03-06T23:36:48.479Z,buy,3.271e-05,3193.0,0.1044430299999999
BNT/BTC,1583537808479,2020-03-06T23:36:48.479Z,buy,3.272e-05,686.0,0.0224459199999999
BNT/BTC,1583537808479,2020-03-06T23:36:48.479Z,buy,3.273e-05,2386.0,0.07809378
BNT/BTC,1583537808479,2020-03-06T23:36:48.479Z,buy,3.274e-05,744.0,0.02435856
BNT/BTC,1583537808479,2020-03-06T23:36:48.479Z,buy,3.275e-05,3342.0,0.1094505
BNT/BTC,1583537808479,2020-03-06T23:36:48.479Z,buy,3.278e-05,1126.0,0.03691028
BNT/BTC,1583537808482,2020-03-06T23:36:48.482Z,buy,3.279e-05,719.0,0.02357601
BNT/BTC,1583537808569,2020-03-06T23:36:48.569Z,buy,3.279e-05,64.0,0.00209856
BNT/BTC,1583537810710,2020-03-06T23:36:50.710Z,sell,3.271e-05,5.0,0.00016355
BNT/BTC,1583537811610,2020-03-06T23:36:51.610Z,buy,3.281e-05,7.0,0.00022967
BNT/BTC,1583537811610,2020-03-06T23:36:51.610Z,buy,3.282e-05,5.0,0.0001641
BNT/BTC,1583537811610,2020-03-06T23:36:51.610Z,buy,3.283e-05,4.0,0.00013132
BNT/BTC,1583537811610,2020-03-06T23:36:51.610Z,buy,3.285e-05,6.0,0.0001971
BNT/BTC,1583537811610,2020-03-06T23:36:51.610Z,buy,3.287e-05,483.0,0.01587621
BNT/BTC,1583537811610,2020-03-06T23:36:51.610Z,buy,3.288e-05,23.0,0.0007562399999999
BNT/BTC,1583537814041,2020-03-06T23:36:54.041Z,sell,3.29e-05,4.0,0.0001316
BNT/BTC,1583537815089,2020-03-06T23:36:55.089Z,buy,3.291e-05,7.0,0.00023037
BNT/BTC,1583537817422,2020-03-06T23:36:57.422Z,sell,3.288e-05,1518.0,0.0499118399999999
BNT/BTC,1583537836718,2020-03-06T23:37:16.718Z,sell,3.278e-05,5.0,0.0001639
BNT/BTC,1583537837312,2020-03-06T23:37:17.312Z,sell,3.278e-05,4.0,0.00013112
BNT/BTC,1583537847481,2020-03-06T23:37:27.481Z,sell,3.278e-05,270.0,0.0088506
BNT/BTC,1583537847481,2020-03-06T23:37:27.481Z,sell,3.277e-05,241.0,0.00789757
BNT/BTC,1583537851618,2020-03-06T23:37:31.618Z,sell,3.279e-05,50.0,0.0016395
BNT/BTC,1583537851618,2020-03-06T23:37:31.618Z,sell,3.278e-05,16.0,0.00052448
BNT/BTC,1583537972258,2020-03-06T23:39:32.258Z,buy,3.288e-05,7.0,0.0002301599999999
BNT/BTC,1583537993541,2020-03-06T23:39:53.541Z,buy,3.284e-05,152.0,0.0049916799999999
BNT/BTC,1583537993648,2020-03-06T23:39:53.648Z,buy,3.284e-05,152.0,0.0049916799999999
BNT/BTC,1583537993761,2020-03-06T23:39:53.761Z,buy,3.284e-05,152.0,0.0049916799999999
BNT/BTC,1583537993872,2020-03-06T23:39:53.872Z,buy,3.284e-05,152.0,0.0049916799999999
BNT/BTC,1583537993967,2020-03-06T23:39:53.967Z,buy,3.284e-05,152.0,0.0049916799999999
BNT/BTC,1583537994087,2020-03-06T23:39:54.087Z,buy,3.284e-05,152.0,0.0049916799999999
BNT/BTC,1583537994198,2020-03-06T23:39:54.198Z,buy,3.284e-05,152.0,0.0049916799999999
BNT/BTC,1583537994300,2020-03-06T23:39:54.300Z,buy,3.284e-05,152.0,0.0049916799999999
BNT/BTC,1583537994405,2020-03-06T23:39:54.405Z,buy,3.284e-05,152.0,0.0049916799999999
BNT/BTC,1583537994515,2020-03-06T23:39:54.515Z,buy,3.284e-05,150.0,0.004926
BNT/BTC,1583538141987,2020-03-06T23:42:21.987Z,sell,3.28e-05,73.0,0.0023943999999999
BNT/BTC,1583538335355,2020-03-06T23:45:35.355Z,buy,3.28e-05,6.0,0.0001967999999999
BNT/BTC,1583538382235,2020-03-06T23:46:22.235Z,sell,3.276e-05,108.0,0.00353808
BNT/BTC,1583538594100,2020-03-06T23:49:54.100Z,sell,3.276e-05,62.0,0.00203112
BNT/BTC,1583538641145,2020-03-06T23:50:41.145Z,sell,3.277e-05,177.0,0.00580029
BNT/BTC,1583538645920,2020-03-06T23:50:45.920Z,buy,3.28e-05,12.0,0.0003935999999999
BNT/BTC,1583538645920,2020-03-06T23:50:45.920Z,buy,3.29e-05,249.0,0.0081921
BNT/BTC,1583538645920,2020-03-06T23:50:45.920Z,buy,3.291e-05,578.0,0.01902198
BNT/BTC,1583538741326,2020-03-06T23:52:21.326Z,sell,3.278e-05,156.0,0.00511368
BNT/BTC,1583538741326,2020-03-06T23:52:21.326Z,sell,3.277e-05,685.0,0.02244745
BNT/BTC,1583538741326,2020-03-06T23:52:21.326Z,sell,3.276e-05,389.0,0.0127436399999999
BNT/BTC,1583538741326,2020-03-06T23:52:21.326Z,sell,3.275e-05,6.0,0.0001965
BNT/BTC,1583538741326,2020-03-06T23:52:21.326Z,sell,3.269e-05,22.0,0.00071918
BNT/BTC,1583538741326,2020-03-06T23:52:21.326Z,sell,3.268e-05,173.0,0.00565364
BNT/BTC,1583538741326,2020-03-06T23:52:21.326Z,sell,3.267e-05,1189.0,0.03884463
BNT/BTC,1583538741326,2020-03-06T23:52:21.326Z,sell,3.265e-05,6.0,0.0001959
BNT/BTC,1583538741326,2020-03-06T23:52:21.326Z,sell,3.264e-05,553.0,0.01804992
BNT/BTC,1583538741599,2020-03-06T23:52:21.599Z,sell,3.265e-05,316.0,0.0103174
BNT/BTC,1583538742316,2020-03-06T23:52:22.316Z,sell,3.266e-05,635.0,0.0207391
BNT/BTC,1583538742730,2020-03-06T23:52:22.730Z,sell,3.267e-05,465.0,0.0151915499999999
BNT/BTC,1583538742752,2020-03-06T23:52:22.752Z,sell,3.267e-05,16.0,0.00052272
BNT/BTC,1583538742754,2020-03-06T23:52:22.754Z,sell,3.267e-05,248.0,0.0081021599999999
BNT/BTC,1583538958820,2020-03-06T23:55:58.820Z,buy,3.275e-05,55.0,0.00180125
BNT/BTC,1583538959412,2020-03-06T23:55:59.412Z,buy,3.275e-05,24.0,0.000786
BNT/BTC,1583538998028,2020-03-06T23:56:38.028Z,buy,3.285e-05,6.0,0.0001971
BNT/BTC,1583538998028,2020-03-06T23:56:38.028Z,buy,3.288e-05,41.0,0.0013480799999999
BNT/BTC,1583539207218,2020-03-07T00:00:07.218Z,buy,3.289e-05,114.0,0.00374946
BNT/BTC,1583539207218,2020-03-07T00:00:07.218Z,buy,3.29e-05,169.0,0.0055601
BNT/BTC,1583539207218,2020-03-07T00:00:07.218Z,buy,3.291e-05,1237.0,0.04070967
BNT/BTC,1583539418220,2020-03-07T00:03:38.220Z,sell,3.283e-05,5.0,0.00016415
BNT/BTC,1583539419531,2020-03-07T00:03:39.531Z,buy,3.291e-05,66.0,0.00217206
BNT/BTC,1583539419636,2020-03-07T00:03:39.636Z,buy,3.291e-05,791.0,0.02603181
BNT/BTC,1583539442932,2020-03-07T00:04:02.932Z,sell,3.283e-05,73.0,0.00239659
BNT/BTC,1583539442932,2020-03-07T00:04:02.932Z,sell,3.283e-05,36.0,0.00118188
BNT/BTC,1583539442932,2020-03-07T00:04:02.932Z,sell,3.279e-05,8.0,0.00026232
BNT/BTC,1583539472969,2020-03-07T00:04:32.969Z,sell,3.285e-05,31.0,0.00101835
BNT/BTC,1583539519489,2020-03-07T00:05:19.489Z,buy,3.291e-05,350.0,0.0115185
BNT/BTC,1583539524279,2020-03-07T00:05:24.279Z,buy,3.291e-05,309.0,0.01016919
BNT/BTC,1583539540879,2020-03-07T00:05:40.879Z,buy,3.291e-05,42.0,0.00138222
BNT/BTC,1583539540946,2020-03-07T00:05:40.946Z,sell,3.291e-05,190.0,0.0062529
BNT/BTC,1583539824463,2020-03-07T00:10:24.463Z,buy,3.292e-05,30.0,0.0009876
BNT/BTC,1583539824564,2020-03-07T00:10:24.564Z,sell,3.292e-05,122.0,0.00401624
BNT/BTC,1583540537568,2020-03-07T00:22:17.568Z,sell,3.282e-05,1768.0,0.05802576
BNT/BTC,1583540537568,2020-03-07T00:22:17.568Z,sell,3.281e-05,750.0,0.0246075
BNT/BTC,1583540537568,2020-03-07T00:22:17.568Z,sell,3.28e-05,2479.0,0.0813112
BNT/BTC,1583540537568,2020-03-07T00:22:17.568Z,sell,3.275e-05,6.0,0.0001965
BNT/BTC,1583540537568,2020-03-07T00:22:17.568Z,sell,3.271e-05,890.0,0.0291118999999999
BNT/BTC,1583540537568,2020-03-07T00:22:17.568Z,sell,3.269e-05,22.0,0.00071918
BNT/BTC,1583540537568,2020-03-07T00:22:17.568Z,sell,3.267e-05,158.0,0.00516186
BNT/BTC,1583540537568,2020-03-07T00:22:17.568Z,sell,3.266e-05,3936.0,0.12854976
BNT/BTC,1583540686940,2020-03-07T00:24:46.940Z,buy,3.285e-05,6.0,0.0001971
BNT/BTC,1583540736611,2020-03-07T00:25:36.611Z,sell,3.285e-05,857.0,0.02815245
BNT/BTC,1583540736611,2020-03-07T00:25:36.611Z,sell,3.284e-05,508.0,0.0166827199999999
BNT/BTC,1583540736611,2020-03-07T00:25:36.611Z,sell,3.285e-05,857.0,0.02815245
BNT/BTC,1583540736611,2020-03-07T00:25:36.611Z,sell,3.284e-05,508.0,0.0166827199999999
BNT/BTC,1583540922738,2020-03-07T00:28:42.738Z,buy,3.291e-05,1.0,3.291e-05
BNT/BTC,1583541161429,2020-03-07T00:32:41.429Z,buy,3.29e-05,1.0,3.29e-05
BNT/BTC,1583541256249,2020-03-07T00:34:16.249Z,sell,3.282e-05,77.0,0.00252714
BNT/BTC,1583541290924,2020-03-07T00:34:50.924Z,sell,3.282e-05,150.0,0.004923
BNT/BTC,1583541311367,2020-03-07T00:35:11.367Z,sell,3.282e-05,113.0,0.00370866
BNT/BTC,1583541326504,2020-03-07T00:35:26.504Z,sell,3.282e-05,169.0,0.00554658
BNT/BTC,1583541342981,2020-03-07T00:35:42.981Z,sell,3.282e-05,126.0,0.00413532
BNT/BTC,1583541394587,2020-03-07T00:36:34.587Z,sell,3.282e-05,42.0,0.00137844
BNT/BTC,1583541472092,2020-03-07T00:37:52.092Z,sell,3.282e-05,10.0,0.0003282
BNT/BTC,1583541994916,2020-03-07T00:46:34.916Z,buy,3.287e-05,1.0,3.287e-05
BNT/BTC,1583542217956,2020-03-07T00:50:17.956Z,buy,3.287e-05,3.0,9.861e-05
BNT/BTC,1583542217956,2020-03-07T00:50:17.956Z,buy,3.288e-05,74.0,0.0024331199999999
BNT/BTC,1583542336419,2020-03-07T00:52:16.419Z,buy,3.288e-05,70.0,0.0023016
BNT/BTC,1583542340859,2020-03-07T00:52:20.859Z,sell,3.283e-05,74.0,0.00242942
BNT/BTC,1583542731841,2020-03-07T00:58:51.841Z,buy,3.288e-05,24.0,0.0007891199999999
BNT/BTC,1583542731841,2020-03-07T00:58:51.841Z,buy,3.289e-05,69.0,0.00226941
BNT/BTC,1583542734627,2020-03-07T00:58:54.627Z,buy,3.289e-05,500.0,0.0164449999999999
BNT/BTC,1583542847076,2020-03-07T01:00:47.076Z,buy,3.291e-05,4.0,0.00013164
BNT/BTC,1583542859993,2020-03-07T01:00:59.993Z,sell,3.283e-05,307.0,0.01007881
BNT/BTC,1583542860507,2020-03-07T01:01:00.507Z,sell,3.283e-05,307.0,0.01007881
BNT/BTC,1583543378103,2020-03-07T01:09:38.103Z,sell,3.286e-05,73.0,0.00239878
BNT/BTC,1583543486244,2020-03-07T01:11:26.244Z,sell,3.289e-05,31.0,0.00101959
BNT/BTC,1583543737917,2020-03-07T01:15:37.917Z,buy,3.289e-05,1.0,3.289e-05
BNT/BTC,1583543940259,2020-03-07T01:19:00.259Z,buy,3.289e-05,3.0,9.867e-05
BNT/BTC,1583544037749,2020-03-07T01:20:37.749Z,sell,3.285e-05,330.0,0.0108405
BNT/BTC,1583544042021,2020-03-07T01:20:42.021Z,buy,3.29e-05,4.0,0.0001316
BNT/BTC,1583544078239,2020-03-07T01:21:18.239Z,buy,3.291e-05,1.0,3.291e-05
BNT/BTC,1583544080710,2020-03-07T01:21:20.710Z,buy,3.291e-05,1.0,3.291e-05
BNT/BTC,1583544081871,2020-03-07T01:21:21.871Z,sell,3.29e-05,65.0,0.0021385
BNT/BTC,1583544275612,2020-03-07T01:24:35.612Z,buy,3.291e-05,1.0,3.291e-05
BNT/BTC,1583544278367,2020-03-07T01:24:38.367Z,buy,3.291e-05,1.0,3.291e-05
BNT/BTC,1583544279944,2020-03-07T01:24:39.944Z,buy,3.291e-05,1.0,3.291e-05
BNT/BTC,1583544290629,2020-03-07T01:24:50.629Z,buy,3.291e-05,1.0,3.291e-05
BNT/BTC,1583544291711,2020-03-07T01:24:51.711Z,buy,3.291e-05,1.0,3.291e-05
BNT/BTC,1583544295740,2020-03-07T01:24:55.740Z,buy,3.29e-05,4.0,0.0001316
BNT/BTC,1583544295740,2020-03-07T01:24:55.740Z,buy,3.291e-05,10.0,0.0003291
BNT/BTC,1583544295740,2020-03-07T01:24:55.740Z,buy,3.292e-05,155.0,0.0051026
BNT/BTC,1583544327423,2020-03-07T01:25:27.423Z,buy,3.293e-05,1.0,3.293e-05
BNT/BTC,1583544327423,2020-03-07T01:25:27.423Z,buy,3.293e-05,1.0,3.293e-05
BNT/BTC,1583544358554,2020-03-07T01:25:58.554Z,sell,3.292e-05,5.0,0.0001646
BNT/BTC,1583544705626,2020-03-07T01:31:45.626Z,buy,3.293e-05,100.0,0.003293
BNT/BTC,1583544929572,2020-03-07T01:35:29.572Z,sell,3.288e-05,1034.0,0.0339979199999999
BNT/BTC,1583544929572,2020-03-07T01:35:29.572Z,sell,3.283e-05,3439.0,0.11290237
BNT/BTC,1583545556592,2020-03-07T01:45:56.592Z,sell,3.293e-05,52.0,0.00171236
BNT/BTC,1583546141399,2020-03-07T01:55:41.399Z,buy,3.295e-05,6.0,0.0001977
BNT/BTC,1583546141399,2020-03-07T01:55:41.399Z,buy,3.296e-05,6.0,0.00019776
BNT/BTC,1583546141399,2020-03-07T01:55:41.399Z,buy,3.299e-05,18.0,0.00059382
BNT/BTC,1583546195247,2020-03-07T01:56:35.247Z,sell,3.295e-05,5.0,0.00016475
BNT/BTC,1583546213287,2020-03-07T01:56:53.287Z,sell,3.295e-05,49.0,0.00161455
BNT/BTC,1583546269495,2020-03-07T01:57:49.495Z,buy,3.299e-05,9.0,0.00029691
BNT/BTC,1583546269613,2020-03-07T01:57:49.613Z,buy,3.3e-05,248.0,0.008184
BNT/BTC,1583546273040,2020-03-07T01:57:53.040Z,buy,3.301e-05,756.0,0.0249555599999999
BNT/BTC,1583546279857,2020-03-07T01:57:59.857Z,buy,3.301e-05,80.0,0.0026407999999999
BNT/BTC,1583546280805,2020-03-07T01:58:00.805Z,buy,3.301e-05,119.0,0.00392819
BNT/BTC,1583546373974,2020-03-07T01:59:33.974Z,buy,3.302e-05,942.0,0.0311048399999999
BNT/BTC,1583546373999,2020-03-07T01:59:33.999Z,buy,3.302e-05,62.0,0.00204724
BNT/BTC,1583546373999,2020-03-07T01:59:33.999Z,buy,3.304e-05,27.0,0.00089208
BNT/BTC,1583546373999,2020-03-07T01:59:33.999Z,buy,3.305e-05,11.0,0.00036355
BNT/BTC,1583546373999,2020-03-07T01:59:33.999Z,buy,3.306e-05,2.0,6.612e-05
BNT/BTC,1583546382337,2020-03-07T01:59:42.337Z,buy,3.306e-05,4.0,0.00013224
BNT/BTC,1583546382337,2020-03-07T01:59:42.337Z,buy,3.307e-05,772.0,0.02553004
BNT/BTC,1583546388349,2020-03-07T01:59:48.349Z,buy,3.309e-05,1719.0,0.05688171
BNT/BTC,1583546388349,2020-03-07T01:59:48.349Z,buy,3.31e-05,503.0,0.0166493
BNT/BTC,1583546388349,2020-03-07T01:59:48.349Z,buy,3.311e-05,17.0,0.00056287
BNT/BTC,1583546388349,2020-03-07T01:59:48.349Z,buy,3.312e-05,1032.0,0.03417984
BNT/BTC,1583546388349,2020-03-07T01:59:48.349Z,buy,3.313e-05,77.0,0.00255101
BNT/BTC,1583546388349,2020-03-07T01:59:48.349Z,buy,3.314e-05,22.0,0.00072908
BNT/BTC,1583546388349,2020-03-07T01:59:48.349Z,buy,3.315e-05,21.0,0.00069615
BNT/BTC,1583546388349,2020-03-07T01:59:48.349Z,buy,3.316e-05,1366.0,0.04529656
BNT/BTC,1583546388349,2020-03-07T01:59:48.349Z,buy,3.317e-05,23.0,0.00076291
BNT/BTC,1583546388349,2020-03-07T01:59:48.349Z,buy,3.318e-05,47.0,0.00155946
BNT/BTC,1583546389983,2020-03-07T01:59:49.983Z,sell,3.313e-05,5.0,0.00016565
BNT/BTC,1583546392815,2020-03-07T01:59:52.815Z,sell,3.315e-05,1227.0,0.04067505
BNT/BTC,1583546392988,2020-03-07T01:59:52.988Z,sell,3.315e-05,10.0,0.0003315
BNT/BTC,1583546393202,2020-03-07T01:59:53.202Z,buy,3.319e-05,4.0,0.00013276
BNT/BTC,1583546399400,2020-03-07T01:59:59.400Z,sell,3.315e-05,759.0,0.02516085
BNT/BTC,1583546404034,2020-03-07T02:00:04.034Z,buy,3.319e-05,21.0,0.00069699
BNT/BTC,1583546404034,2020-03-07T02:00:04.034Z,buy,3.32e-05,23.0,0.0007636
BNT/BTC,1583546404034,2020-03-07T02:00:04.034Z,buy,3.321e-05,47.0,0.00156087
BNT/BTC,1583546404034,2020-03-07T02:00:04.034Z,buy,3.322e-05,15.0,0.0004982999999999
BNT/BTC,1583546404034,2020-03-07T02:00:04.034Z,buy,3.323e-05,153.0,0.00508419
BNT/BTC,1583546404034,2020-03-07T02:00:04.034Z,buy,3.324e-05,4.0,0.00013296
BNT/BTC,1583546408886,2020-03-07T02:00:08.886Z,sell,3.318e-05,282.0,0.0093567599999999
BNT/BTC,1583546412879,2020-03-07T02:00:12.879Z,buy,3.325e-05,5.0,0.00016625
BNT/BTC,1583546412879,2020-03-07T02:00:12.879Z,buy,3.326e-05,6.0,0.00019956
BNT/BTC,1583546412879,2020-03-07T02:00:12.879Z,buy,3.333e-05,254.0,0.00846582
BNT/BTC,1583546413984,2020-03-07T02:00:13.984Z,sell,3.333e-05,5.0,0.00016665
BNT/BTC,1583546418825,2020-03-07T02:00:18.825Z,sell,3.333e-05,271.0,0.00903243
BNT/BTC,1583546423392,2020-03-07T02:00:23.392Z,buy,3.334e-05,3.0,0.00010002
BNT/BTC,1583546423392,2020-03-07T02:00:23.392Z,buy,3.336e-05,16.0,0.00053376
BNT/BTC,1583546432196,2020-03-07T02:00:32.196Z,sell,3.333e-05,282.0,0.00939906
BNT/BTC,1583546433224,2020-03-07T02:00:33.224Z,sell,3.333e-05,457.0,0.01523181
BNT/BTC,1583546433706,2020-03-07T02:00:33.706Z,buy,3.34e-05,1.0,3.34e-05
BNT/BTC,1583546433803,2020-03-07T02:00:33.803Z,buy,3.34e-05,2.0,6.68e-05
BNT/BTC,1583546433803,2020-03-07T02:00:33.803Z,buy,3.341e-05,3500.0,0.116935
BNT/BTC,1583546433803,2020-03-07T02:00:33.803Z,buy,3.342e-05,524.0,0.01751208
BNT/BTC,1583546433803,2020-03-07T02:00:33.803Z,buy,3.344e-05,418.0,0.01397792
BNT/BTC,1583546436989,2020-03-07T02:00:36.989Z,sell,3.34e-05,5.0,0.000167
BNT/BTC,1583546439426,2020-03-07T02:00:39.426Z,buy,3.345e-05,4.0,0.0001338
BNT/BTC,1583546446434,2020-03-07T02:00:46.434Z,sell,3.34e-05,35.0,0.001169
BNT/BTC,1583546446900,2020-03-07T02:00:46.900Z,buy,3.345e-05,1.0,3.345e-05
BNT/BTC,1583546446900,2020-03-07T02:00:46.900Z,buy,3.346e-05,6.0,0.00020076
BNT/BTC,1583546448254,2020-03-07T02:00:48.254Z,buy,3.342e-05,642.0,0.02145564
BNT/BTC,1583546449759,2020-03-07T02:00:49.759Z,sell,3.34e-05,139.0,0.0046426
BNT/BTC,1583546454968,2020-03-07T02:00:54.968Z,buy,3.342e-05,65.0,0.0021723
BNT/BTC,1583546455084,2020-03-07T02:00:55.084Z,buy,3.342e-05,553.0,0.01848126
BNT/BTC,1583546462189,2020-03-07T02:01:02.189Z,buy,3.347e-05,113.0,0.00378211
BNT/BTC,1583546462542,2020-03-07T02:01:02.542Z,sell,3.34e-05,4.0,0.0001336
BNT/BTC,1583546464094,2020-03-07T02:01:04.094Z,sell,3.34e-05,308.0,0.0102872
BNT/BTC,1583546464094,2020-03-07T02:01:04.094Z,sell,3.337e-05,2839.0,0.09473743
BNT/BTC,1583546469410,2020-03-07T02:01:09.410Z,buy,3.347e-05,7.0,0.00023429
BNT/BTC,1583546469548,2020-03-07T02:01:09.548Z,buy,3.347e-05,6.0,0.00020082
BNT/BTC,1583546471790,2020-03-07T02:01:11.790Z,sell,3.338e-05,3459.0,0.11546142
BNT/BTC,1583546471790,2020-03-07T02:01:11.790Z,sell,3.336e-05,6.0,0.00020016
BNT/BTC,1583546471790,2020-03-07T02:01:11.790Z,sell,3.333e-05,7978.0,0.26590674
BNT/BTC,1583546471790,2020-03-07T02:01:11.790Z,sell,3.329e-05,541.0,0.01800989
BNT/BTC,1583546471790,2020-03-07T02:01:11.790Z,sell,3.328e-05,890.0,0.0296192
BNT/BTC,1583546471790,2020-03-07T02:01:11.790Z,sell,3.326e-05,6.0,0.00019956
BNT/BTC,1583546471790,2020-03-07T02:01:11.790Z,sell,3.318e-05,246.0,0.00816228
BNT/BTC,1583546471790,2020-03-07T02:01:11.790Z,sell,3.316e-05,6.0,0.00019896
BNT/BTC,1583546471790,2020-03-07T02:01:11.790Z,sell,3.314e-05,22.0,0.00072908
BNT/BTC,1583546471790,2020-03-07T02:01:11.790Z,sell,3.309e-05,997.0,0.03299073
BNT/BTC,1583546471790,2020-03-07T02:01:11.790Z,sell,3.308e-05,60.0,0.0019848
BNT/BTC,1583546471790,2020-03-07T02:01:11.790Z,sell,3.307e-05,288.0,0.00952416
BNT/BTC,1583546471790,2020-03-07T02:01:11.790Z,sell,3.307e-05,4.0,0.00013228
BNT/BTC,1583546472469,2020-03-07T02:01:12.469Z,sell,3.334e-05,31.0,0.00103354
BNT/BTC,1583546472471,2020-03-07T02:01:12.471Z,sell,3.334e-05,30.0,0.0010002
BNT/BTC,1583546472473,2020-03-07T02:01:12.473Z,sell,3.334e-05,30.0,0.0010002
BNT/BTC,1583546472478,2020-03-07T02:01:12.478Z,buy,3.336e-05,22.0,0.00073392
BNT/BTC,1583546473044,2020-03-07T02:01:13.044Z,sell,3.334e-05,257.0,0.00856838
BNT/BTC,1583546481391,2020-03-07T02:01:21.391Z,buy,3.346e-05,7.0,0.00023422
BNT/BTC,1583546481515,2020-03-07T02:01:21.515Z,buy,3.345e-05,526.0,0.0175947
BNT/BTC,1583546483616,2020-03-07T02:01:23.616Z,buy,3.342e-05,60.0,0.0020052
BNT/BTC,1583546487293,2020-03-07T02:01:27.293Z,buy,3.346e-05,1537.0,0.05142802
BNT/BTC,1583546493369,2020-03-07T02:01:33.369Z,buy,3.35e-05,7.0,0.0002345
BNT/BTC,1583546493975,2020-03-07T02:01:33.975Z,buy,3.35e-05,65.0,0.0021775
BNT/BTC,1583546505432,2020-03-07T02:01:45.432Z,buy,3.35e-05,7.0,0.0002345
BNT/BTC,1583546525652,2020-03-07T02:02:05.652Z,buy,3.35e-05,1373.0,0.0459955
BNT/BTC,1583546534109,2020-03-07T02:02:14.109Z,buy,3.35e-05,1.0,3.35e-05
BNT/BTC,1583546549782,2020-03-07T02:02:29.782Z,sell,3.342e-05,6.0,0.00020052
BNT/BTC,1583546549782,2020-03-07T02:02:29.782Z,sell,3.342e-05,8.0,0.00026736
BNT/BTC,1583546550342,2020-03-07T02:02:30.342Z,sell,3.342e-05,6.0,0.00020052
BNT/BTC,1583546553698,2020-03-07T02:02:33.698Z,buy,3.346e-05,38.0,0.00127148
BNT/BTC,1583546562222,2020-03-07T02:02:42.222Z,sell,3.338e-05,153.0,0.00510714
BNT/BTC,1583546617153,2020-03-07T02:03:37.153Z,sell,3.338e-05,27.0,0.00090126
BNT/BTC,1583546622532,2020-03-07T02:03:42.532Z,sell,3.34e-05,138.0,0.0046092
BNT/BTC,1583546624397,2020-03-07T02:03:44.397Z,sell,3.342e-05,153.0,0.00511326
BNT/BTC,1583546634164,2020-03-07T02:03:54.164Z,buy,3.35e-05,1.0,3.35e-05
BNT/BTC,1583546672694,2020-03-07T02:04:32.694Z,buy,3.35e-05,1.0,3.35e-05
BNT/BTC,1583546682020,2020-03-07T02:04:42.020Z,sell,3.341e-05,27.0,0.00090207
BNT/BTC,1583546685903,2020-03-07T02:04:45.903Z,sell,3.343e-05,138.0,0.00461334
BNT/BTC,1583546697908,2020-03-07T02:04:57.908Z,sell,3.337e-05,15.0,0.00050055
BNT/BTC,1583546697917,2020-03-07T02:04:57.917Z,sell,3.337e-05,16.0,0.00053392
BNT/BTC,1583546697921,2020-03-07T02:04:57.921Z,sell,3.337e-05,153.0,0.00510561
BNT/BTC,1583546697922,2020-03-07T02:04:57.922Z,sell,3.337e-05,77.0,0.00256949
BNT/BTC,1583546697943,2020-03-07T02:04:57.943Z,sell,3.337e-05,153.0,0.00510561
BNT/BTC,1583546698381,2020-03-07T02:04:58.381Z,sell,3.338e-05,16.0,0.00053408
BNT/BTC,1583546721960,2020-03-07T02:05:21.960Z,sell,3.337e-05,20.0,0.0006674
BNT/BTC,1583546726819,2020-03-07T02:05:26.819Z,buy,3.343e-05,101.0,0.0033764299999999
BNT/BTC,1583546727064,2020-03-07T02:05:27.064Z,buy,3.337e-05,38.0,0.00126806
BNT/BTC,1583546837318,2020-03-07T02:07:17.318Z,sell,3.336e-05,6.0,0.00020016
BNT/BTC,1583546837318,2020-03-07T02:07:17.318Z,sell,3.326e-05,5.0,0.0001662999999999
BNT/BTC,1583546839039,2020-03-07T02:07:19.039Z,sell,3.326e-05,1.0,3.326e-05
BNT/BTC,1583546839039,2020-03-07T02:07:19.039Z,sell,3.319e-05,72.0,0.00238968
BNT/BTC,1583546839039,2020-03-07T02:07:19.039Z,sell,3.318e-05,26.0,0.0008626799999999
BNT/BTC,1583546839047,2020-03-07T02:07:19.047Z,sell,3.318e-05,16.0,0.00053088
BNT/BTC,1583546839719,2020-03-07T02:07:19.719Z,sell,3.319e-05,638.0,0.0211752199999999
BNT/BTC,1583546839734,2020-03-07T02:07:19.734Z,sell,3.319e-05,367.0,0.0121807299999999
BNT/BTC,1583546842954,2020-03-07T02:07:22.954Z,sell,3.32e-05,92.0,0.0030544
BNT/BTC,1583546842972,2020-03-07T02:07:22.972Z,buy,3.32e-05,53.0,0.0017596
BNT/BTC,1583546857149,2020-03-07T02:07:37.149Z,sell,3.322e-05,37.0,0.0012291399999999
BNT/BTC,1583546857166,2020-03-07T02:07:37.166Z,buy,3.322e-05,288.0,0.0095673599999999
BNT/BTC,1583546857184,2020-03-07T02:07:37.184Z,buy,3.322e-05,135.0,0.0044846999999999
BNT/BTC,1583546857196,2020-03-07T02:07:37.196Z,buy,3.322e-05,95.0,0.0031558999999999
BNT/BTC,1583546857202,2020-03-07T02:07:37.202Z,buy,3.322e-05,95.0,0.0031558999999999
BNT/BTC,1583546858843,2020-03-07T02:07:38.843Z,sell,3.316e-05,18.0,0.00059688
BNT/BTC,1583546867210,2020-03-07T02:07:47.210Z,buy,3.321e-05,5.0,0.00016605
BNT/BTC,1583546891583,2020-03-07T02:08:11.583Z,buy,3.321e-05,44.0,0.00146124
BNT/BTC,1583546891586,2020-03-07T02:08:11.586Z,buy,3.321e-05,35.0,0.00116235
BNT/BTC,1583546891586,2020-03-07T02:08:11.586Z,buy,3.322e-05,9.0,0.0002989799999999
BNT/BTC,1583546895803,2020-03-07T02:08:15.803Z,sell,3.315e-05,60.0,0.001989
BNT/BTC,1583546895803,2020-03-07T02:08:15.803Z,sell,3.314e-05,22.0,0.00072908
BNT/BTC,1583546895803,2020-03-07T02:08:15.803Z,sell,3.31e-05,701.0,0.0232030999999999
BNT/BTC,1583546895803,2020-03-07T02:08:15.803Z,sell,3.308e-05,3.0,9.924e-05
BNT/BTC,1583546895807,2020-03-07T02:08:15.807Z,sell,3.308e-05,55.0,0.0018194
