symbol,timestamp,datetime,side,price,amount,btc_volume
BNT/BTC,1567022467788,2019-08-28T20:01:07.788Z,sell,3.645e-05,28.0,0.0010206
BNT/BTC,1567022930017,2019-08-28T20:08:50.017Z,buy,3.645e-05,153.0,0.0055768499999999
BNT/BTC,1567023643753,2019-08-28T20:20:43.753Z,buy,3.671e-05,85.0,0.00312035
BNT/BTC,1567023997818,2019-08-28T20:26:37.818Z,sell,3.651e-05,44.0,0.00160644
BNT/BTC,1567024241805,2019-08-28T20:30:41.805Z,buy,3.67e-05,3.0,0.0001100999999999
BNT/BTC,1567024241805,2019-08-28T20:30:41.805Z,buy,3.671e-05,88.0,0.00323048
BNT/BTC,1567024258115,2019-08-28T20:30:58.115Z,sell,3.659e-05,30.0,0.0010977
BNT/BTC,1567024380557,2019-08-28T20:33:00.557Z,buy,3.671e-05,71.0,0.00260641
BNT/BTC,1567024595472,2019-08-28T20:36:35.472Z,buy,3.671e-05,1216.0,0.0446393599999999
BNT/BTC,1567024839336,2019-08-28T20:40:39.336Z,sell,3.657e-05,16.0,0.00058512
BNT/BTC,1567025299161,2019-08-28T20:48:19.161Z,sell,3.658e-05,61.0,0.00223138
BNT/BTC,1567025299161,2019-08-28T20:48:19.161Z,sell,3.651e-05,17.0,0.00062067
BNT/BTC,1567025299161,2019-08-28T20:48:19.161Z,sell,3.658e-05,61.0,0.00223138
BNT/BTC,1567025299161,2019-08-28T20:48:19.161Z,sell,3.651e-05,17.0,0.00062067
BNT/BTC,1567026807275,2019-08-28T21:13:27.275Z,buy,3.671e-05,659.0,0.02419189
BNT/BTC,1567026807275,2019-08-28T21:13:27.275Z,buy,3.684e-05,172.0,0.00633648
BNT/BTC,1567026807275,2019-08-28T21:13:27.275Z,buy,3.687e-05,70.0,0.0025808999999999
BNT/BTC,1567026807275,2019-08-28T21:13:27.275Z,buy,3.701e-05,51.0,0.00188751
BNT/BTC,1567026807275,2019-08-28T21:13:27.275Z,buy,3.703e-05,35.0,0.00129605
BNT/BTC,1567026807275,2019-08-28T21:13:27.275Z,buy,3.706e-05,277.0,0.01026562
BNT/BTC,1567026807296,2019-08-28T21:13:27.296Z,sell,3.71e-05,538.0,0.0199598
BNT/BTC,1567026807300,2019-08-28T21:13:27.300Z,sell,3.71e-05,539.0,0.0199969
BNT/BTC,1567026807305,2019-08-28T21:13:27.305Z,sell,3.71e-05,95.0,0.0035245
BNT/BTC,1567026807322,2019-08-28T21:13:27.322Z,buy,3.711e-05,35.0,0.00129885
BNT/BTC,1567026807322,2019-08-28T21:13:27.322Z,buy,3.713e-05,12.0,0.00044556
BNT/BTC,1567026807322,2019-08-28T21:13:27.322Z,buy,3.722e-05,179.0,0.00666238
BNT/BTC,1567026807322,2019-08-28T21:13:27.322Z,buy,3.723e-05,190.0,0.0070737
BNT/BTC,1567026807329,2019-08-28T21:13:27.329Z,sell,3.71e-05,565.0,0.0209615
BNT/BTC,1567026807358,2019-08-28T21:13:27.358Z,sell,3.71e-05,155.0,0.0057505
BNT/BTC,1567026807380,2019-08-28T21:13:27.380Z,sell,3.71e-05,29.0,0.0010759
BNT/BTC,1567026807412,2019-08-28T21:13:27.412Z,sell,3.71e-05,547.0,0.0202937
BNT/BTC,1567026807768,2019-08-28T21:13:27.768Z,sell,3.71e-05,15110.0,0.560581
BNT/BTC,1567026842115,2019-08-28T21:14:02.115Z,buy,3.709e-05,699.0,0.02592591
BNT/BTC,1567027017956,2019-08-28T21:16:57.956Z,sell,3.682e-05,4.0,0.00014728
BNT/BTC,1567027373282,2019-08-28T21:22:53.282Z,sell,3.69e-05,90.0,0.003321
BNT/BTC,1567028628040,2019-08-28T21:43:48.040Z,buy,3.702e-05,54.0,0.00199908
BNT/BTC,1567028631349,2019-08-28T21:43:51.349Z,buy,3.702e-05,20.0,0.0007404
BNT/BTC,1567028631349,2019-08-28T21:43:51.349Z,buy,3.702e-05,20.0,0.0007404
BNT/BTC,1567029216115,2019-08-28T21:53:36.115Z,buy,3.702e-05,24.0,0.00088848
BNT/BTC,1567029733112,2019-08-28T22:02:13.112Z,buy,3.7e-05,65.0,0.002405
BNT/BTC,1567029823056,2019-08-28T22:03:43.056Z,buy,3.7e-05,158.0,0.005846
BNT/BTC,1567029911888,2019-08-28T22:05:11.888Z,buy,3.7e-05,26.0,0.000962
BNT/BTC,1567029926982,2019-08-28T22:05:26.982Z,sell,3.676e-05,95.0,0.0034922
BNT/BTC,1567029926982,2019-08-28T22:05:26.982Z,sell,3.675e-05,178.0,0.0065415
BNT/BTC,1567029927035,2019-08-28T22:05:27.035Z,buy,3.673e-05,140.0,0.0051422
BNT/BTC,1567029927306,2019-08-28T22:05:27.306Z,buy,3.673e-05,102.0,0.00374646
BNT/BTC,1567030160401,2019-08-28T22:09:20.401Z,sell,3.675e-05,11.0,0.00040425
BNT/BTC,1567030679768,2019-08-28T22:17:59.768Z,buy,3.696e-05,11.0,0.00040656
BNT/BTC,1567031331984,2019-08-28T22:28:51.984Z,sell,3.674e-05,273.0,0.0100300199999999
BNT/BTC,1567032048514,2019-08-28T22:40:48.514Z,sell,3.677e-05,75.0,0.00275775
BNT/BTC,1567032048514,2019-08-28T22:40:48.514Z,sell,3.676e-05,2268.0,0.08337168
BNT/BTC,1567032048514,2019-08-28T22:40:48.514Z,sell,3.677e-05,75.0,0.00275775
BNT/BTC,1567032048514,2019-08-28T22:40:48.514Z,sell,3.676e-05,2268.0,0.08337168
BNT/BTC,1567032316592,2019-08-28T22:45:16.592Z,buy,3.685e-05,20.0,0.000737
BNT/BTC,1567032413149,2019-08-28T22:46:53.149Z,buy,3.685e-05,20.0,0.000737
BNT/BTC,1567032605705,2019-08-28T22:50:05.705Z,buy,3.685e-05,7.0,0.00025795
BNT/BTC,1567032607297,2019-08-28T22:50:07.297Z,buy,3.685e-05,7.0,0.00025795
BNT/BTC,1567034140144,2019-08-28T23:15:40.144Z,sell,3.673e-05,6.0,0.00022038
BNT/BTC,1567034140144,2019-08-28T23:15:40.144Z,sell,3.673e-05,6.0,0.00022038
BNT/BTC,1567037013352,2019-08-29T00:03:33.352Z,sell,3.673e-05,3.0,0.00011019
BNT/BTC,1567037622442,2019-08-29T00:13:42.442Z,sell,3.673e-05,180.0,0.0066114
BNT/BTC,1567037636822,2019-08-29T00:13:56.822Z,sell,3.663e-05,84.0,0.00307692
BNT/BTC,1567037636942,2019-08-29T00:13:56.942Z,buy,3.663e-05,174.0,0.00637362
BNT/BTC,1567037639044,2019-08-29T00:13:59.044Z,buy,3.663e-05,7.0,0.00025641
BNT/BTC,1567037687364,2019-08-29T00:14:47.364Z,sell,3.655e-05,58.0,0.0021199
BNT/BTC,1567037687364,2019-08-29T00:14:47.364Z,sell,3.655e-05,58.0,0.0021199
BNT/BTC,1567037781303,2019-08-29T00:16:21.303Z,sell,3.655e-05,37.0,0.00135235
BNT/BTC,1567037782799,2019-08-29T00:16:22.799Z,sell,3.655e-05,3.0,0.00010965
BNT/BTC,1567038116703,2019-08-29T00:21:56.703Z,sell,3.655e-05,1341.0,0.04901355
BNT/BTC,1567039136385,2019-08-29T00:38:56.385Z,sell,3.659e-05,52.0,0.00190268
BNT/BTC,1567039171178,2019-08-29T00:39:31.178Z,buy,3.679e-05,167.0,0.00614393
BNT/BTC,1567039171178,2019-08-29T00:39:31.178Z,buy,3.68e-05,275.0,0.01012
BNT/BTC,1567039355146,2019-08-29T00:42:35.146Z,buy,3.68e-05,269.0,0.0098992
BNT/BTC,1567039355212,2019-08-29T00:42:35.212Z,sell,3.68e-05,452.0,0.0166336
BNT/BTC,1567039355532,2019-08-29T00:42:35.532Z,sell,3.68e-05,7369.0,0.2711792
BNT/BTC,1567039384334,2019-08-29T00:43:04.334Z,buy,3.68e-05,372.0,0.0136896
BNT/BTC,1567039864137,2019-08-29T00:51:04.137Z,buy,3.68e-05,274.0,0.0100832
BNT/BTC,1567040373780,2019-08-29T00:59:33.780Z,sell,3.668e-05,25.0,0.000917
BNT/BTC,1567040686331,2019-08-29T01:04:46.331Z,buy,3.668e-05,872.0,0.03198496
BNT/BTC,1567040686331,2019-08-29T01:04:46.331Z,buy,3.679e-05,137.0,0.00504023
BNT/BTC,1567040686331,2019-08-29T01:04:46.331Z,buy,3.68e-05,1225.0,0.04508
BNT/BTC,1567041162571,2019-08-29T01:12:42.571Z,buy,3.68e-05,8.0,0.0002944
BNT/BTC,1567041162571,2019-08-29T01:12:42.571Z,buy,3.68e-05,8.0,0.0002944
BNT/BTC,1567041370859,2019-08-29T01:16:10.859Z,buy,3.68e-05,28.0,0.0010304
BNT/BTC,1567041628314,2019-08-29T01:20:28.314Z,buy,3.68e-05,54.0,0.0019872
BNT/BTC,1567042897317,2019-08-29T01:41:37.317Z,sell,3.656e-05,41.0,0.00149896
BNT/BTC,1567044753764,2019-08-29T02:12:33.764Z,sell,3.65e-05,155.0,0.0056575
BNT/BTC,1567044753764,2019-08-29T02:12:33.764Z,sell,3.649e-05,36.0,0.00131364
BNT/BTC,1567044753764,2019-08-29T02:12:33.764Z,sell,3.649e-05,128.0,0.00467072
BNT/BTC,1567044753764,2019-08-29T02:12:33.764Z,sell,3.648e-05,193.0,0.00704064
BNT/BTC,1567044753764,2019-08-29T02:12:33.764Z,sell,3.65e-05,155.0,0.0056575
BNT/BTC,1567044753764,2019-08-29T02:12:33.764Z,sell,3.649e-05,36.0,0.00131364
BNT/BTC,1567044753764,2019-08-29T02:12:33.764Z,sell,3.649e-05,128.0,0.00467072
BNT/BTC,1567044753764,2019-08-29T02:12:33.764Z,sell,3.648e-05,193.0,0.00704064
BNT/BTC,1567045426611,2019-08-29T02:23:46.611Z,sell,3.646e-05,71.0,0.00258866
BNT/BTC,1567045430913,2019-08-29T02:23:50.913Z,sell,3.664e-05,54.0,0.00197856
BNT/BTC,1567045486540,2019-08-29T02:24:46.540Z,buy,3.673e-05,180.0,0.0066114
BNT/BTC,1567045486540,2019-08-29T02:24:46.540Z,buy,3.674e-05,92.0,0.0033800799999999
BNT/BTC,1567046406090,2019-08-29T02:40:06.090Z,sell,3.657e-05,180.0,0.0065825999999999
BNT/BTC,1567046406093,2019-08-29T02:40:06.093Z,sell,3.656e-05,13.0,0.00047528
BNT/BTC,1567046406520,2019-08-29T02:40:06.520Z,sell,3.656e-05,14.0,0.00051184
BNT/BTC,1567046406636,2019-08-29T02:40:06.636Z,sell,3.656e-05,11.0,0.00040216
BNT/BTC,1567046406731,2019-08-29T02:40:06.731Z,sell,3.656e-05,22.0,0.00080432
BNT/BTC,1567046410188,2019-08-29T02:40:10.188Z,sell,3.656e-05,172.0,0.00628832
BNT/BTC,1567046417974,2019-08-29T02:40:17.974Z,sell,3.656e-05,45.0,0.0016452
BNT/BTC,1567047606645,2019-08-29T03:00:06.645Z,sell,3.645e-05,61.0,0.00222345
BNT/BTC,1567047606645,2019-08-29T03:00:06.645Z,sell,3.645e-05,61.0,0.00222345
BNT/BTC,1567048827317,2019-08-29T03:20:27.317Z,buy,3.679e-05,7.0,0.00025753
BNT/BTC,1567048937429,2019-08-29T03:22:17.429Z,buy,3.679e-05,20.0,0.0007358
BNT/BTC,1567049496741,2019-08-29T03:31:36.741Z,sell,3.645e-05,73.0,0.0026608499999999
BNT/BTC,1567049570587,2019-08-29T03:32:50.587Z,sell,3.645e-05,162.0,0.0059048999999999
BNT/BTC,1567049570587,2019-08-29T03:32:50.587Z,sell,3.645e-05,162.0,0.0059048999999999
BNT/BTC,1567051908939,2019-08-29T04:11:48.939Z,sell,3.646e-05,346.0,0.01261516
BNT/BTC,1567052696344,2019-08-29T04:24:56.344Z,buy,3.678e-05,47.0,0.00172866
BNT/BTC,1567052696344,2019-08-29T04:24:56.344Z,buy,3.678e-05,47.0,0.00172866
BNT/BTC,1567056006309,2019-08-29T05:20:06.309Z,buy,3.679e-05,16.0,0.00058864
BNT/BTC,1567056025850,2019-08-29T05:20:25.850Z,sell,3.655e-05,16.0,0.0005848
BNT/BTC,1567056138514,2019-08-29T05:22:18.514Z,buy,3.679e-05,17.0,0.00062543
BNT/BTC,1567056138514,2019-08-29T05:22:18.514Z,buy,3.679e-05,17.0,0.00062543
BNT/BTC,1567058597635,2019-08-29T06:03:17.635Z,buy,3.654e-05,50.0,0.001827
BNT/BTC,1567058643707,2019-08-29T06:04:03.707Z,sell,3.655e-05,33.0,0.00120615
BNT/BTC,1567058644631,2019-08-29T06:04:04.631Z,buy,3.655e-05,490.0,0.0179095
BNT/BTC,1567059461631,2019-08-29T06:17:41.631Z,buy,3.679e-05,39.0,0.00143481
BNT/BTC,1567059461631,2019-08-29T06:17:41.631Z,buy,3.68e-05,61.0,0.0022448
BNT/BTC,1567059473509,2019-08-29T06:17:53.509Z,sell,3.655e-05,9.0,0.00032895
BNT/BTC,1567059473509,2019-08-29T06:17:53.509Z,sell,3.645e-05,103.0,0.0037543499999999
BNT/BTC,1567059473509,2019-08-29T06:17:53.509Z,sell,3.655e-05,9.0,0.00032895
BNT/BTC,1567059473509,2019-08-29T06:17:53.509Z,sell,3.645e-05,103.0,0.0037543499999999
BNT/BTC,1567060540107,2019-08-29T06:35:40.107Z,buy,3.679e-05,5.0,0.00018395
BNT/BTC,1567060986976,2019-08-29T06:43:06.976Z,buy,3.679e-05,54.0,0.00198666
BNT/BTC,1567062926510,2019-08-29T07:15:26.510Z,buy,3.678e-05,108.0,0.0039722399999999
BNT/BTC,1567062926510,2019-08-29T07:15:26.510Z,buy,3.678e-05,108.0,0.0039722399999999
BNT/BTC,1567063392129,2019-08-29T07:23:12.129Z,sell,3.649e-05,28.0,0.0010217199999999
BNT/BTC,1567064285818,2019-08-29T07:38:05.818Z,buy,3.678e-05,24.0,0.0008827199999999
BNT/BTC,1567064306989,2019-08-29T07:38:26.989Z,buy,3.679e-05,223.0,0.00820417
BNT/BTC,1567064315177,2019-08-29T07:38:35.177Z,buy,3.679e-05,214.0,0.00787306
BNT/BTC,1567064327836,2019-08-29T07:38:47.836Z,buy,3.679e-05,51.0,0.0018762899999999
BNT/BTC,1567064478367,2019-08-29T07:41:18.367Z,buy,3.679e-05,436.0,0.01604044
BNT/BTC,1567064843922,2019-08-29T07:47:23.922Z,sell,3.672e-05,623.0,0.02287656
BNT/BTC,1567065984614,2019-08-29T08:06:24.614Z,buy,3.679e-05,1087.0,0.0399907299999999
BNT/BTC,1567065984614,2019-08-29T08:06:24.614Z,buy,3.679e-05,1087.0,0.0399907299999999
BNT/BTC,1567066551653,2019-08-29T08:15:51.653Z,buy,3.679e-05,6.0,0.0002207399999999
BNT/BTC,1567067238624,2019-08-29T08:27:18.624Z,buy,3.679e-05,22.0,0.00080938
BNT/BTC,1567067239451,2019-08-29T08:27:19.451Z,buy,3.68e-05,11.0,0.0004048
BNT/BTC,1567069334904,2019-08-29T09:02:14.904Z,sell,3.672e-05,171.0,0.00627912
BNT/BTC,1567069334904,2019-08-29T09:02:14.904Z,sell,3.672e-05,171.0,0.00627912
BNT/BTC,1567071757615,2019-08-29T09:42:37.615Z,buy,3.704e-05,19.0,0.00070376
BNT/BTC,1567072668423,2019-08-29T09:57:48.423Z,sell,3.685e-05,70.0,0.0025795
BNT/BTC,1567072668423,2019-08-29T09:57:48.423Z,sell,3.685e-05,70.0,0.0025795
BNT/BTC,1567073468478,2019-08-29T10:11:08.478Z,sell,3.673e-05,111.0,0.00407703
BNT/BTC,1567074280832,2019-08-29T10:24:40.832Z,sell,3.672e-05,25.0,0.000918
BNT/BTC,1567075374324,2019-08-29T10:42:54.324Z,sell,3.672e-05,10.0,0.0003672
BNT/BTC,1567075374324,2019-08-29T10:42:54.324Z,sell,3.672e-05,10.0,0.0003672
BNT/BTC,1567076730664,2019-08-29T11:05:30.664Z,buy,3.704e-05,8.0,0.00029632
BNT/BTC,1567078326136,2019-08-29T11:32:06.136Z,buy,3.698e-05,35.0,0.0012943
BNT/BTC,1567078326136,2019-08-29T11:32:06.136Z,buy,3.699e-05,178.0,0.00658422
BNT/BTC,1567078346043,2019-08-29T11:32:26.043Z,buy,3.699e-05,3.0,0.00011097
BNT/BTC,1567078346043,2019-08-29T11:32:26.043Z,buy,3.7e-05,24.0,0.0008879999999999
BNT/BTC,1567078348780,2019-08-29T11:32:28.780Z,buy,3.7e-05,31.0,0.001147
BNT/BTC,1567078354591,2019-08-29T11:32:34.591Z,buy,3.7e-05,1500.0,0.0554999999999999
BNT/BTC,1567078354591,2019-08-29T11:32:34.591Z,buy,3.7e-05,1500.0,0.0554999999999999
BNT/BTC,1567080674412,2019-08-29T12:11:14.412Z,buy,3.696e-05,2123.0,0.07846608
BNT/BTC,1567080674412,2019-08-29T12:11:14.412Z,buy,3.697e-05,753.0,0.02783841
BNT/BTC,1567080674412,2019-08-29T12:11:14.412Z,buy,3.699e-05,1093.0,0.04043007
BNT/BTC,1567080674412,2019-08-29T12:11:14.412Z,buy,3.7e-05,4771.0,0.176527
BNT/BTC,1567080885607,2019-08-29T12:14:45.607Z,buy,3.699e-05,86.0,0.00318114
BNT/BTC,1567080885607,2019-08-29T12:14:45.607Z,buy,3.699e-05,86.0,0.00318114
BNT/BTC,1567083179822,2019-08-29T12:52:59.822Z,sell,3.681e-05,13.0,0.00047853
BNT/BTC,1567083212139,2019-08-29T12:53:32.139Z,sell,3.681e-05,10.0,0.0003681
BNT/BTC,1567083247834,2019-08-29T12:54:07.834Z,sell,3.681e-05,8.0,0.00029448
BNT/BTC,1567083247834,2019-08-29T12:54:07.834Z,sell,3.681e-05,8.0,0.00029448
BNT/BTC,1567086355101,2019-08-29T13:45:55.101Z,buy,3.697e-05,5.0,0.00018485
BNT/BTC,1567086355101,2019-08-29T13:45:55.101Z,buy,3.697e-05,5.0,0.00018485
BNT/BTC,1567090052927,2019-08-29T14:47:32.927Z,sell,3.672e-05,193.0,0.00708696
BNT/BTC,1567090052927,2019-08-29T14:47:32.927Z,sell,3.672e-05,193.0,0.00708696
BNT/BTC,1567090664095,2019-08-29T14:57:44.095Z,sell,3.672e-05,24.0,0.00088128
BNT/BTC,1567090664495,2019-08-29T14:57:44.495Z,sell,3.671e-05,42.0,0.00154182
BNT/BTC,1567090664633,2019-08-29T14:57:44.633Z,sell,3.671e-05,1321.0,0.04849391
BNT/BTC,1567090685119,2019-08-29T14:58:05.119Z,sell,3.658e-05,85.0,0.0031092999999999
BNT/BTC,1567090703397,2019-08-29T14:58:23.397Z,sell,3.646e-05,5.0,0.0001822999999999
BNT/BTC,1567090703397,2019-08-29T14:58:23.397Z,sell,3.645e-05,2101.0,0.07658145
BNT/BTC,1567090703397,2019-08-29T14:58:23.397Z,sell,3.641e-05,93.0,0.0033861299999999
BNT/BTC,1567090704116,2019-08-29T14:58:24.116Z,sell,3.636e-05,116.0,0.00421776
BNT/BTC,1567090704116,2019-08-29T14:58:24.116Z,sell,3.627e-05,306.0,0.0110986199999999
BNT/BTC,1567090704116,2019-08-29T14:58:24.116Z,sell,3.623e-05,124.0,0.00449252
BNT/BTC,1567090704116,2019-08-29T14:58:24.116Z,sell,3.622e-05,444.0,0.01608168
BNT/BTC,1567090704116,2019-08-29T14:58:24.116Z,sell,3.621e-05,17.0,0.00061557
BNT/BTC,1567090704116,2019-08-29T14:58:24.116Z,sell,3.62e-05,183.0,0.0066246
BNT/BTC,1567090704116,2019-08-29T14:58:24.116Z,sell,3.613e-05,1105.0,0.03992365
BNT/BTC,1567090704116,2019-08-29T14:58:24.116Z,sell,3.607e-05,108.0,0.0038955599999999
BNT/BTC,1567090704116,2019-08-29T14:58:24.116Z,sell,3.602e-05,517.0,0.0186223399999999
BNT/BTC,1567090705130,2019-08-29T14:58:25.130Z,sell,3.626e-05,30.0,0.0010878
BNT/BTC,1567090707773,2019-08-29T14:58:27.773Z,sell,3.602e-05,87.0,0.00313374
BNT/BTC,1567090710809,2019-08-29T14:58:30.809Z,buy,3.618e-05,161.0,0.00582498
BNT/BTC,1567090710809,2019-08-29T14:58:30.809Z,buy,3.619e-05,58.0,0.00209902
BNT/BTC,1567090714258,2019-08-29T14:58:34.258Z,buy,3.63e-05,9.0,0.0003267
BNT/BTC,1567090746114,2019-08-29T14:59:06.114Z,sell,3.61e-05,58.0,0.0020938
BNT/BTC,1567090758213,2019-08-29T14:59:18.213Z,sell,3.61e-05,29.0,0.0010469
BNT/BTC,1567090769920,2019-08-29T14:59:29.920Z,sell,3.61e-05,51.0,0.0018411
BNT/BTC,1567090795981,2019-08-29T14:59:55.981Z,sell,3.61e-05,116.0,0.0041876
BNT/BTC,1567090804264,2019-08-29T15:00:04.264Z,sell,3.603e-05,107.0,0.00385521
BNT/BTC,1567090841540,2019-08-29T15:00:41.540Z,sell,3.608e-05,5.0,0.0001804
BNT/BTC,1567090918181,2019-08-29T15:01:58.181Z,sell,3.603e-05,399.0,0.01437597
BNT/BTC,1567090922563,2019-08-29T15:02:02.563Z,sell,3.603e-05,87.0,0.00313461
BNT/BTC,1567090927845,2019-08-29T15:02:07.845Z,buy,3.619e-05,75.0,0.0027142499999999
BNT/BTC,1567091024698,2019-08-29T15:03:44.698Z,buy,3.619e-05,226.0,0.0081789399999999
BNT/BTC,1567091096779,2019-08-29T15:04:56.779Z,buy,3.63e-05,34.0,0.0012342
BNT/BTC,1567091096779,2019-08-29T15:04:56.779Z,buy,3.631e-05,309.0,0.01121979
BNT/BTC,1567091214642,2019-08-29T15:06:54.642Z,buy,3.62e-05,254.0,0.0091948
BNT/BTC,1567091214642,2019-08-29T15:06:54.642Z,buy,3.621e-05,403.0,0.01459263
BNT/BTC,1567091834066,2019-08-29T15:17:14.066Z,buy,3.631e-05,3.0,0.00010893
BNT/BTC,1567092153668,2019-08-29T15:22:33.668Z,sell,3.613e-05,31.0,0.00112003
BNT/BTC,1567092493640,2019-08-29T15:28:13.640Z,buy,3.63e-05,14.0,0.0005082
BNT/BTC,1567092570013,2019-08-29T15:29:30.013Z,buy,3.626e-05,27.0,0.00097902
BNT/BTC,1567092631694,2019-08-29T15:30:31.694Z,buy,3.622e-05,81.0,0.00293382
BNT/BTC,1567093148663,2019-08-29T15:39:08.663Z,buy,3.63e-05,17.0,0.0006171
BNT/BTC,1567093149968,2019-08-29T15:39:09.968Z,buy,3.631e-05,301.0,0.01092931
BNT/BTC,1567093300736,2019-08-29T15:41:40.736Z,buy,3.631e-05,29.0,0.00105299
BNT/BTC,1567093316727,2019-08-29T15:41:56.727Z,buy,3.631e-05,111.0,0.00403041
BNT/BTC,1567093317734,2019-08-29T15:41:57.734Z,buy,3.631e-05,111.0,0.00403041
BNT/BTC,1567093322736,2019-08-29T15:42:02.736Z,buy,3.631e-05,111.0,0.00403041
BNT/BTC,1567093323728,2019-08-29T15:42:03.728Z,buy,3.631e-05,111.0,0.00403041
BNT/BTC,1567093324733,2019-08-29T15:42:04.733Z,buy,3.631e-05,111.0,0.00403041
BNT/BTC,1567093326734,2019-08-29T15:42:06.734Z,buy,3.631e-05,106.0,0.00384886
BNT/BTC,1567093327732,2019-08-29T15:42:07.732Z,buy,3.632e-05,389.0,0.0141284799999999
BNT/BTC,1567093531838,2019-08-29T15:45:31.838Z,buy,3.644e-05,30.0,0.0010932
BNT/BTC,1567093540741,2019-08-29T15:45:40.741Z,sell,3.653e-05,83.0,0.0030319899999999
BNT/BTC,1567093540741,2019-08-29T15:45:40.741Z,sell,3.653e-05,83.0,0.0030319899999999
BNT/BTC,1567096079107,2019-08-29T16:27:59.107Z,sell,3.653e-05,22.0,0.00080366
BNT/BTC,1567096079107,2019-08-29T16:27:59.107Z,sell,3.653e-05,22.0,0.00080366
BNT/BTC,1567099139485,2019-08-29T17:18:59.485Z,buy,3.652e-05,249.0,0.00909348
BNT/BTC,1567099139485,2019-08-29T17:18:59.485Z,buy,3.653e-05,18.0,0.00065754
BNT/BTC,1567099553464,2019-08-29T17:25:53.464Z,buy,3.658e-05,87.0,0.00318246
BNT/BTC,1567099553464,2019-08-29T17:25:53.464Z,buy,3.658e-05,87.0,0.00318246
BNT/BTC,1567099772133,2019-08-29T17:29:32.133Z,buy,3.669e-05,161.0,0.00590709
BNT/BTC,1567099772133,2019-08-29T17:29:32.133Z,buy,3.688e-05,6.0,0.00022128
BNT/BTC,1567099772159,2019-08-29T17:29:32.159Z,sell,3.692e-05,136.0,0.00502112
BNT/BTC,1567099772194,2019-08-29T17:29:32.194Z,sell,3.692e-05,247.0,0.0091192399999999
BNT/BTC,1567100641828,2019-08-29T17:44:01.828Z,sell,3.658e-05,54.0,0.00197532
BNT/BTC,1567100696084,2019-08-29T17:44:56.084Z,sell,3.654e-05,36.0,0.00131544
BNT/BTC,1567101216235,2019-08-29T17:53:36.235Z,sell,3.685e-05,328.0,0.0120868
BNT/BTC,1567101483836,2019-08-29T17:58:03.836Z,sell,3.689e-05,50.0,0.0018445
BNT/BTC,1567101673898,2019-08-29T18:01:13.898Z,sell,3.689e-05,7.0,0.00025823
BNT/BTC,1567101693996,2019-08-29T18:01:33.996Z,sell,3.689e-05,4.0,0.00014756
BNT/BTC,1567101787166,2019-08-29T18:03:07.166Z,buy,3.659e-05,324.0,0.01185516
BNT/BTC,1567101867799,2019-08-29T18:04:27.799Z,sell,3.676e-05,3.0,0.00011028
BNT/BTC,1567102024170,2019-08-29T18:07:04.170Z,sell,3.668e-05,7.0,0.00025676
BNT/BTC,1567102299446,2019-08-29T18:11:39.446Z,sell,3.67e-05,113.0,0.0041471
BNT/BTC,1567102875674,2019-08-29T18:21:15.674Z,sell,3.67e-05,17.0,0.0006238999999999
BNT/BTC,1567102875674,2019-08-29T18:21:15.674Z,sell,3.668e-05,54.0,0.00198072
BNT/BTC,1567102875674,2019-08-29T18:21:15.674Z,sell,3.67e-05,17.0,0.0006238999999999
BNT/BTC,1567102875674,2019-08-29T18:21:15.674Z,sell,3.668e-05,54.0,0.00198072
BNT/BTC,1567103547348,2019-08-29T18:32:27.348Z,buy,3.691e-05,71.0,0.0026206099999999
BNT/BTC,1567103547348,2019-08-29T18:32:27.348Z,buy,3.696e-05,156.0,0.00576576
BNT/BTC,1567103547348,2019-08-29T18:32:27.348Z,buy,3.697e-05,2002.0,0.07401394
BNT/BTC,1567103547376,2019-08-29T18:32:27.376Z,sell,3.697e-05,343.0,0.01268071
BNT/BTC,1567103547438,2019-08-29T18:32:27.438Z,sell,3.697e-05,164.0,0.00606308
BNT/BTC,1567103548349,2019-08-29T18:32:28.349Z,sell,3.697e-05,264.0,0.00976008
BNT/BTC,1567104588102,2019-08-29T18:49:48.102Z,buy,3.696e-05,58.0,0.00214368
BNT/BTC,1567104588193,2019-08-29T18:49:48.193Z,buy,3.696e-05,8.0,0.00029568
BNT/BTC,1567106239559,2019-08-29T19:17:19.559Z,sell,3.67e-05,3.0,0.0001100999999999
BNT/BTC,1567106239559,2019-08-29T19:17:19.559Z,sell,3.67e-05,3.0,0.0001100999999999
BNT/BTC,1567107965259,2019-08-29T19:46:05.259Z,sell,3.671e-05,180.0,0.0066078
BNT/BTC,1567107965259,2019-08-29T19:46:05.259Z,sell,3.67e-05,543.0,0.0199280999999999
BNT/BTC,1567107965286,2019-08-29T19:46:05.286Z,buy,3.67e-05,775.0,0.0284425
BNT/BTC,1567108123047,2019-08-29T19:48:43.047Z,sell,3.671e-05,12.0,0.00044052
BNT/BTC,1567108123047,2019-08-29T19:48:43.047Z,sell,3.671e-05,12.0,0.00044052
BNT/BTC,1567110292387,2019-08-29T20:24:52.387Z,buy,3.696e-05,7.0,0.00025872
BNT/BTC,1567110364520,2019-08-29T20:26:04.520Z,buy,3.696e-05,5.0,0.0001848
BNT/BTC,1567110399106,2019-08-29T20:26:39.106Z,buy,3.696e-05,171.0,0.00632016
BNT/BTC,1567110399134,2019-08-29T20:26:39.134Z,sell,3.696e-05,590.0,0.0218064
BNT/BTC,1567110442037,2019-08-29T20:27:22.037Z,buy,3.696e-05,9.0,0.00033264
BNT/BTC,1567110442037,2019-08-29T20:27:22.037Z,buy,3.697e-05,604.0,0.02232988
BNT/BTC,1567110442068,2019-08-29T20:27:22.068Z,sell,3.697e-05,200.0,0.007394
BNT/BTC,1567110442870,2019-08-29T20:27:22.870Z,sell,3.697e-05,156.0,0.00576732
BNT/BTC,1567110478880,2019-08-29T20:27:58.880Z,buy,3.698e-05,135.0,0.0049923
BNT/BTC,1567110478880,2019-08-29T20:27:58.880Z,buy,3.699e-05,2310.0,0.0854469
BNT/BTC,1567110500095,2019-08-29T20:28:20.095Z,buy,3.699e-05,55.0,0.00203445
BNT/BTC,1567110692464,2019-08-29T20:31:32.464Z,buy,3.699e-05,81.0,0.00299619
BNT/BTC,1567110713624,2019-08-29T20:31:53.624Z,sell,3.673e-05,102.0,0.00374646
BNT/BTC,1567110716907,2019-08-29T20:31:56.907Z,buy,3.698e-05,5.0,0.0001849
BNT/BTC,1567110730893,2019-08-29T20:32:10.893Z,buy,3.698e-05,97.0,0.00358706
BNT/BTC,1567110730893,2019-08-29T20:32:10.893Z,buy,3.699e-05,134.0,0.00495666
BNT/BTC,1567110730893,2019-08-29T20:32:10.893Z,buy,3.698e-05,97.0,0.00358706
BNT/BTC,1567110730893,2019-08-29T20:32:10.893Z,buy,3.699e-05,134.0,0.00495666
BNT/BTC,1567111728468,2019-08-29T20:48:48.468Z,buy,3.699e-05,5.0,0.00018495
BNT/BTC,1567111887204,2019-08-29T20:51:27.204Z,sell,3.674e-05,4.0,0.00014696
BNT/BTC,1567111903700,2019-08-29T20:51:43.700Z,buy,3.699e-05,10.0,0.0003699
BNT/BTC,1567113038109,2019-08-29T21:10:38.109Z,sell,3.673e-05,178.0,0.00653794
BNT/BTC,1567113038109,2019-08-29T21:10:38.109Z,sell,3.672e-05,1419.0,0.05210568
BNT/BTC,1567113050529,2019-08-29T21:10:50.529Z,buy,3.698e-05,6.0,0.00022188
BNT/BTC,1567113287382,2019-08-29T21:14:47.382Z,buy,3.698e-05,5.0,0.0001849
BNT/BTC,1567113321908,2019-08-29T21:15:21.908Z,buy,3.698e-05,16.0,0.00059168
BNT/BTC,1567113322985,2019-08-29T21:15:22.985Z,buy,3.698e-05,5.0,0.0001849
BNT/BTC,1567113967447,2019-08-29T21:26:07.447Z,buy,3.698e-05,10.0,0.0003698
BNT/BTC,1567114071845,2019-08-29T21:27:51.845Z,buy,3.698e-05,400.0,0.014792
BNT/BTC,1567114071847,2019-08-29T21:27:51.847Z,buy,3.698e-05,431.0,0.01593838
BNT/BTC,1567114072655,2019-08-29T21:27:52.655Z,buy,3.698e-05,74.0,0.00273652
BNT/BTC,1567114120746,2019-08-29T21:28:40.746Z,sell,3.677e-05,182.0,0.00669214
BNT/BTC,1567114120746,2019-08-29T21:28:40.746Z,sell,3.676e-05,22.0,0.00080872
BNT/BTC,1567114122257,2019-08-29T21:28:42.257Z,buy,3.698e-05,6.0,0.00022188
BNT/BTC,1567114271431,2019-08-29T21:31:11.431Z,buy,3.698e-05,400.0,0.014792
BNT/BTC,1567114271433,2019-08-29T21:31:11.433Z,buy,3.698e-05,431.0,0.01593838
BNT/BTC,1567114271549,2019-08-29T21:31:11.549Z,buy,3.698e-05,158.0,0.00584284
BNT/BTC,1567114275557,2019-08-29T21:31:15.557Z,buy,3.699e-05,10.0,0.0003699
BNT/BTC,1567114276160,2019-08-29T21:31:16.160Z,buy,3.699e-05,16.0,0.00059184
BNT/BTC,1567114276761,2019-08-29T21:31:16.761Z,buy,3.699e-05,16.0,0.00059184
BNT/BTC,1567114280888,2019-08-29T21:31:20.888Z,buy,3.699e-05,400.0,0.014796
BNT/BTC,1567114281221,2019-08-29T21:31:21.221Z,buy,3.699e-05,33.0,0.00122067
BNT/BTC,1567114284144,2019-08-29T21:31:24.144Z,buy,3.699e-05,385.0,0.01424115
BNT/BTC,1567114286499,2019-08-29T21:31:26.499Z,buy,3.699e-05,109.0,0.00403191
BNT/BTC,1567114305269,2019-08-29T21:31:45.269Z,buy,3.699e-05,1111.0,0.04109589
BNT/BTC,1567114305269,2019-08-29T21:31:45.269Z,buy,3.699e-05,1111.0,0.04109589
BNT/BTC,1567114462541,2019-08-29T21:34:22.541Z,buy,3.699e-05,256.0,0.00946944
BNT/BTC,1567114607844,2019-08-29T21:36:47.844Z,sell,3.683e-05,182.0,0.0067030599999999
BNT/BTC,1567114607844,2019-08-29T21:36:47.844Z,sell,3.682e-05,1284.0,0.04727688
BNT/BTC,1567114608985,2019-08-29T21:36:48.985Z,buy,3.698e-05,7.0,0.00025886
BNT/BTC,1567115060818,2019-08-29T21:44:20.818Z,buy,3.698e-05,140.0,0.0051772
BNT/BTC,1567115064198,2019-08-29T21:44:24.198Z,buy,3.698e-05,35.0,0.0012943
BNT/BTC,1567115798730,2019-08-29T21:56:38.730Z,sell,3.669e-05,12.0,0.00044028
BNT/BTC,1567115813849,2019-08-29T21:56:53.849Z,buy,3.699e-05,10.0,0.0003699
BNT/BTC,1567116972801,2019-08-29T22:16:12.801Z,sell,3.678e-05,3.0,0.0001103399999999
BNT/BTC,1567116979035,2019-08-29T22:16:19.035Z,buy,3.699e-05,8.0,0.00029592
BNT/BTC,1567117071551,2019-08-29T22:17:51.551Z,sell,3.678e-05,179.0,0.0065836199999999
BNT/BTC,1567117071551,2019-08-29T22:17:51.551Z,sell,3.677e-05,11.0,0.00040447
BNT/BTC,1567117076120,2019-08-29T22:17:56.120Z,buy,3.699e-05,6.0,0.00022194
BNT/BTC,1567117837657,2019-08-29T22:30:37.657Z,buy,3.698e-05,1.0,3.698e-05
BNT/BTC,1567117852001,2019-08-29T22:30:52.001Z,buy,3.698e-05,8.0,0.00029584
BNT/BTC,1567117867943,2019-08-29T22:31:07.943Z,buy,3.698e-05,3.0,0.00011094
BNT/BTC,1567117867943,2019-08-29T22:31:07.943Z,buy,3.698e-05,3.0,0.00011094
BNT/BTC,1567118025446,2019-08-29T22:33:45.446Z,sell,3.697e-05,54.0,0.00199638
BNT/BTC,1567118027369,2019-08-29T22:33:47.369Z,buy,3.698e-05,10.0,0.0003698
BNT/BTC,1567118128866,2019-08-29T22:35:28.866Z,sell,3.687e-05,299.0,0.01102413
BNT/BTC,1567118143838,2019-08-29T22:35:43.838Z,buy,3.698e-05,7.0,0.00025886
BNT/BTC,1567118880130,2019-08-29T22:48:00.130Z,sell,3.667e-05,10.0,0.0003666999999999
BNT/BTC,1567118880130,2019-08-29T22:48:00.130Z,sell,3.666e-05,1099.0,0.04028934
BNT/BTC,1567118880177,2019-08-29T22:48:00.177Z,buy,3.668e-05,54.0,0.00198072
BNT/BTC,1567118882474,2019-08-29T22:48:02.474Z,buy,3.698e-05,8.0,0.00029584
BNT/BTC,1567119851060,2019-08-29T23:04:11.060Z,buy,3.698e-05,215.0,0.0079507
BNT/BTC,1567119851060,2019-08-29T23:04:11.060Z,buy,3.699e-05,525.0,0.01941975
BNT/BTC,1567119851060,2019-08-29T23:04:11.060Z,buy,3.698e-05,215.0,0.0079507
BNT/BTC,1567119851060,2019-08-29T23:04:11.060Z,buy,3.699e-05,525.0,0.01941975
BNT/BTC,1567125091937,2019-08-30T00:31:31.937Z,buy,3.698e-05,3.0,0.00011094
BNT/BTC,1567125092599,2019-08-30T00:31:32.599Z,buy,3.698e-05,3.0,0.00011094
BNT/BTC,1567125097391,2019-08-30T00:31:37.391Z,buy,3.698e-05,9.0,0.00033282
BNT/BTC,1567125097391,2019-08-30T00:31:37.391Z,buy,3.698e-05,9.0,0.00033282
BNT/BTC,1567125341427,2019-08-30T00:35:41.427Z,buy,3.698e-05,9.0,0.00033282
BNT/BTC,1567126606821,2019-08-30T00:56:46.821Z,sell,3.676e-05,5.0,0.0001838
BNT/BTC,1567126612039,2019-08-30T00:56:52.039Z,buy,3.698e-05,5.0,0.0001849
BNT/BTC,1567127235876,2019-08-30T01:07:15.876Z,sell,3.676e-05,8.0,0.00029408
BNT/BTC,1567127236468,2019-08-30T01:07:16.468Z,sell,3.676e-05,8.0,0.00029408
BNT/BTC,1567127252701,2019-08-30T01:07:32.701Z,buy,3.697e-05,5.0,0.00018485
BNT/BTC,1567127597790,2019-08-30T01:13:17.790Z,buy,3.697e-05,21.0,0.00077637
BNT/BTC,1567127597790,2019-08-30T01:13:17.790Z,buy,3.697e-05,21.0,0.00077637
BNT/BTC,1567128711556,2019-08-30T01:31:51.556Z,buy,3.695e-05,93.0,0.00343635
BNT/BTC,1567128711556,2019-08-30T01:31:51.556Z,buy,3.696e-05,1987.0,0.07343952
BNT/BTC,1567128711556,2019-08-30T01:31:51.556Z,buy,3.697e-05,122.0,0.00451034
BNT/BTC,1567128933542,2019-08-30T01:35:33.542Z,buy,3.696e-05,8.0,0.00029568
BNT/BTC,1567128944915,2019-08-30T01:35:44.915Z,buy,3.696e-05,7.0,0.00025872
BNT/BTC,1567130620564,2019-08-30T02:03:40.564Z,sell,3.678e-05,26.0,0.0009562799999999
BNT/BTC,1567130636696,2019-08-30T02:03:56.696Z,buy,3.696e-05,5.0,0.0001848
BNT/BTC,1567131035164,2019-08-30T02:10:35.164Z,sell,3.678e-05,181.0,0.0066571799999999
BNT/BTC,1567131035223,2019-08-30T02:10:35.223Z,buy,3.678e-05,611.0,0.02247258
BNT/BTC,1567131044421,2019-08-30T02:10:44.421Z,buy,3.696e-05,7.0,0.00025872
BNT/BTC,1567131044421,2019-08-30T02:10:44.421Z,buy,3.696e-05,7.0,0.00025872
BNT/BTC,1567135005738,2019-08-30T03:16:45.738Z,sell,3.688e-05,101.0,0.00372488
BNT/BTC,1567135006739,2019-08-30T03:16:46.739Z,sell,3.688e-05,542.0,0.01998896
BNT/BTC,1567135011146,2019-08-30T03:16:51.146Z,buy,3.695e-05,10.0,0.0003695
BNT/BTC,1567135011146,2019-08-30T03:16:51.146Z,buy,3.695e-05,10.0,0.0003695
BNT/BTC,1567135289756,2019-08-30T03:21:29.756Z,sell,3.688e-05,101.0,0.00372488
BNT/BTC,1567135303640,2019-08-30T03:21:43.640Z,buy,3.695e-05,5.0,0.00018475
BNT/BTC,1567138368988,2019-08-30T04:12:48.988Z,buy,3.695e-05,3.0,0.0001108499999999
BNT/BTC,1567138368988,2019-08-30T04:12:48.988Z,buy,3.695e-05,3.0,0.0001108499999999
BNT/BTC,1567140098281,2019-08-30T04:41:38.281Z,sell,3.688e-05,7.0,0.00025816
BNT/BTC,1567140098304,2019-08-30T04:41:38.304Z,sell,3.688e-05,538.0,0.01984144
BNT/BTC,1567140113591,2019-08-30T04:41:53.591Z,buy,3.695e-05,5.0,0.00018475
BNT/BTC,1567141057840,2019-08-30T04:57:37.840Z,sell,3.688e-05,101.0,0.00372488
BNT/BTC,1567141064231,2019-08-30T04:57:44.231Z,buy,3.695e-05,5.0,0.00018475
BNT/BTC,1567141304715,2019-08-30T05:01:44.715Z,sell,3.662e-05,3.0,0.00010986
BNT/BTC,1567141317012,2019-08-30T05:01:57.012Z,buy,3.694e-05,9.0,0.00033246
BNT/BTC,1567141317012,2019-08-30T05:01:57.012Z,buy,3.694e-05,9.0,0.00033246
BNT/BTC,1567142071091,2019-08-30T05:14:31.091Z,buy,3.694e-05,139.0,0.00513466
BNT/BTC,1567142071147,2019-08-30T05:14:31.147Z,sell,3.694e-05,98.0,0.00362012
BNT/BTC,1567143191905,2019-08-30T05:33:11.905Z,buy,3.695e-05,27.0,0.0009976499999999
BNT/BTC,1567144875884,2019-08-30T06:01:15.884Z,buy,3.695e-05,1230.0,0.0454484999999999
BNT/BTC,1567144877070,2019-08-30T06:01:17.070Z,buy,3.695e-05,757.0,0.0279711499999999
BNT/BTC,1567144878234,2019-08-30T06:01:18.234Z,buy,3.696e-05,135.0,0.0049895999999999
BNT/BTC,1567144878234,2019-08-30T06:01:18.234Z,buy,3.696e-05,135.0,0.0049895999999999
BNT/BTC,1567144928398,2019-08-30T06:02:08.398Z,sell,3.661e-05,18.0,0.00065898
BNT/BTC,1567144932421,2019-08-30T06:02:12.421Z,sell,3.661e-05,32.0,0.00117152
BNT/BTC,1567144944648,2019-08-30T06:02:24.648Z,buy,3.695e-05,10.0,0.0003695
BNT/BTC,1567146007287,2019-08-30T06:20:07.287Z,sell,3.661e-05,55.0,0.00201355
BNT/BTC,1567146007287,2019-08-30T06:20:07.287Z,sell,3.66e-05,87.0,0.0031842
BNT/BTC,1567146188889,2019-08-30T06:23:08.889Z,sell,3.671e-05,7.0,0.00025697
BNT/BTC,1567146612315,2019-08-30T06:30:12.315Z,buy,3.694e-05,4.0,0.00014776
BNT/BTC,1567146628845,2019-08-30T06:30:28.845Z,buy,3.694e-05,39.0,0.00144066
BNT/BTC,1567146628845,2019-08-30T06:30:28.845Z,buy,3.694e-05,39.0,0.00144066
BNT/BTC,1567149573073,2019-08-30T07:19:33.073Z,buy,3.694e-05,1.0,3.694e-05
BNT/BTC,1567149892306,2019-08-30T07:24:52.306Z,buy,3.694e-05,1.0,3.694e-05
BNT/BTC,1567149892306,2019-08-30T07:24:52.306Z,buy,3.694e-05,1.0,3.694e-05
BNT/BTC,1567150312824,2019-08-30T07:31:52.824Z,buy,3.694e-05,27.0,0.00099738
BNT/BTC,1567150312824,2019-08-30T07:31:52.824Z,buy,3.695e-05,2081.0,0.0768929499999999
BNT/BTC,1567150312824,2019-08-30T07:31:52.824Z,buy,3.696e-05,2365.0,0.0874104
BNT/BTC,1567150338092,2019-08-30T07:32:18.092Z,buy,3.696e-05,3.0,0.00011088
BNT/BTC,1567150338092,2019-08-30T07:32:18.092Z,buy,3.697e-05,3.0,0.00011091
BNT/BTC,1567150368027,2019-08-30T07:32:48.027Z,buy,3.697e-05,3.0,0.00011091
BNT/BTC,1567150425994,2019-08-30T07:33:45.994Z,sell,3.677e-05,3.0,0.00011031
BNT/BTC,1567150425994,2019-08-30T07:33:45.994Z,sell,3.666e-05,182.0,0.0066721199999999
BNT/BTC,1567150425994,2019-08-30T07:33:45.994Z,sell,3.665e-05,475.0,0.01740875
BNT/BTC,1567150489787,2019-08-30T07:34:49.787Z,sell,3.669e-05,3.0,0.00011007
BNT/BTC,1567150489846,2019-08-30T07:34:49.846Z,buy,3.665e-05,695.0,0.02547175
BNT/BTC,1567150844300,2019-08-30T07:40:44.300Z,buy,3.696e-05,82.0,0.0030307199999999
BNT/BTC,1567150909609,2019-08-30T07:41:49.609Z,buy,3.696e-05,103.0,0.00380688
BNT/BTC,1567150909609,2019-08-30T07:41:49.609Z,buy,3.697e-05,99.0,0.00366003
BNT/BTC,1567150909609,2019-08-30T07:41:49.609Z,buy,3.698e-05,344.0,0.01272112
BNT/BTC,1567151516089,2019-08-30T07:51:56.089Z,sell,3.665e-05,68.0,0.0024922
BNT/BTC,1567151516089,2019-08-30T07:51:56.089Z,sell,3.664e-05,2170.0,0.0795088
BNT/BTC,1567151516089,2019-08-30T07:51:56.089Z,sell,3.663e-05,543.0,0.01989009
BNT/BTC,1567152253245,2019-08-30T08:04:13.245Z,sell,3.664e-05,3.0,0.00010992
BNT/BTC,1567152253245,2019-08-30T08:04:13.245Z,sell,3.656e-05,442.0,0.01615952
BNT/BTC,1567152253245,2019-08-30T08:04:13.245Z,sell,3.653e-05,107.0,0.00390871
BNT/BTC,1567152253245,2019-08-30T08:04:13.245Z,sell,3.65e-05,6.0,0.000219
BNT/BTC,1567152266947,2019-08-30T08:04:26.947Z,sell,3.653e-05,1987.0,0.07258511
BNT/BTC,1567152278952,2019-08-30T08:04:38.952Z,sell,3.655e-05,337.0,0.01231735
BNT/BTC,1567152299002,2019-08-30T08:04:59.002Z,buy,3.662e-05,30.0,0.0010986
BNT/BTC,1567152318401,2019-08-30T08:05:18.401Z,buy,3.682e-05,6.0,0.00022092
BNT/BTC,1567153014102,2019-08-30T08:16:54.102Z,buy,3.664e-05,6.0,0.00021984
BNT/BTC,1567153039109,2019-08-30T08:17:19.109Z,sell,3.647e-05,1008.0,0.03676176
BNT/BTC,1567153039109,2019-08-30T08:17:19.109Z,sell,3.647e-05,1008.0,0.03676176
BNT/BTC,1567153820326,2019-08-30T08:30:20.326Z,buy,3.664e-05,183.0,0.00670512
BNT/BTC,1567153820326,2019-08-30T08:30:20.326Z,buy,3.665e-05,327.0,0.01198455
BNT/BTC,1567153873404,2019-08-30T08:31:13.404Z,sell,3.666e-05,17.0,0.00062322
BNT/BTC,1567153886344,2019-08-30T08:31:26.344Z,buy,3.682e-05,96.0,0.00353472
BNT/BTC,1567154286099,2019-08-30T08:38:06.099Z,buy,3.682e-05,121.0,0.00445522
BNT/BTC,1567155813984,2019-08-30T09:03:33.984Z,sell,3.678e-05,31.0,0.00114018
BNT/BTC,1567155968948,2019-08-30T09:06:08.948Z,sell,3.678e-05,136.0,0.00500208
BNT/BTC,1567156125547,2019-08-30T09:08:45.547Z,buy,3.682e-05,2.0,7.364e-05
BNT/BTC,1567156125547,2019-08-30T09:08:45.547Z,buy,3.697e-05,68.0,0.00251396
BNT/BTC,1567156125547,2019-08-30T09:08:45.547Z,buy,3.698e-05,181.0,0.00669338
BNT/BTC,1567156125575,2019-08-30T09:08:45.575Z,sell,3.698e-05,142.0,0.00525116
BNT/BTC,1567156125617,2019-08-30T09:08:45.617Z,sell,3.698e-05,89.0,0.00329122
BNT/BTC,1567156125617,2019-08-30T09:08:45.617Z,sell,3.698e-05,63.0,0.00232974
BNT/BTC,1567156125678,2019-08-30T09:08:45.678Z,sell,3.698e-05,62.0,0.00229276
BNT/BTC,1567156126229,2019-08-30T09:08:46.229Z,sell,3.698e-05,4685.0,0.1732513
BNT/BTC,1567156163740,2019-08-30T09:09:23.740Z,buy,3.689e-05,21.0,0.00077469
BNT/BTC,1567156201052,2019-08-30T09:10:01.052Z,buy,3.689e-05,1.0,3.689e-05
BNT/BTC,1567156237682,2019-08-30T09:10:37.682Z,buy,3.689e-05,1.0,3.689e-05
BNT/BTC,1567156416000,2019-08-30T09:13:36.000Z,buy,3.689e-05,1.0,3.689e-05
BNT/BTC,1567156416000,2019-08-30T09:13:36.000Z,buy,3.689e-05,1.0,3.689e-05
BNT/BTC,1567156673747,2019-08-30T09:17:53.747Z,buy,3.689e-05,1.0,3.689e-05
BNT/BTC,1567157084242,2019-08-30T09:24:44.242Z,buy,3.689e-05,29.0,0.00106981
BNT/BTC,1567157448860,2019-08-30T09:30:48.860Z,buy,3.693e-05,1.0,3.693e-05
BNT/BTC,1567157970825,2019-08-30T09:39:30.825Z,sell,3.672e-05,50.0,0.001836
BNT/BTC,1567157988332,2019-08-30T09:39:48.332Z,buy,3.68e-05,7.0,0.0002576
BNT/BTC,1567157988332,2019-08-30T09:39:48.332Z,buy,3.68e-05,7.0,0.0002576
BNT/BTC,1567163522323,2019-08-30T11:12:02.323Z,sell,3.68e-05,23.0,0.0008464
BNT/BTC,1567163522751,2019-08-30T11:12:02.751Z,buy,3.68e-05,190.0,0.006992
BNT/BTC,1567163825417,2019-08-30T11:17:05.417Z,buy,3.693e-05,2.0,7.386e-05
BNT/BTC,1567163825417,2019-08-30T11:17:05.417Z,buy,3.698e-05,1346.0,0.04977508
BNT/BTC,1567163959817,2019-08-30T11:19:19.817Z,sell,3.662e-05,21.0,0.0007690199999999
BNT/BTC,1567163959817,2019-08-30T11:19:19.817Z,sell,3.662e-05,21.0,0.0007690199999999
BNT/BTC,1567164004142,2019-08-30T11:20:04.142Z,buy,3.68e-05,12.0,0.0004416
BNT/BTC,1567164480529,2019-08-30T11:28:00.529Z,buy,3.68e-05,7.0,0.0002576
BNT/BTC,1567165303817,2019-08-30T11:41:43.817Z,buy,3.696e-05,1.0,3.696e-05
BNT/BTC,1567165503768,2019-08-30T11:45:03.768Z,buy,3.696e-05,540.0,0.0199583999999999
BNT/BTC,1567165552557,2019-08-30T11:45:52.557Z,buy,3.696e-05,5.0,0.0001848
BNT/BTC,1567165552893,2019-08-30T11:45:52.893Z,sell,3.696e-05,51.0,0.00188496
BNT/BTC,1567165764469,2019-08-30T11:49:24.469Z,buy,3.671e-05,97.0,0.00356087
BNT/BTC,1567165765326,2019-08-30T11:49:25.326Z,buy,3.671e-05,52.0,0.00190892
BNT/BTC,1567165765370,2019-08-30T11:49:25.370Z,buy,3.671e-05,17.0,0.00062407
BNT/BTC,1567165765442,2019-08-30T11:49:25.442Z,buy,3.671e-05,137.0,0.00502927
BNT/BTC,1567165927700,2019-08-30T11:52:07.700Z,sell,3.672e-05,72.0,0.00264384
BNT/BTC,1567166584047,2019-08-30T12:03:04.047Z,buy,3.672e-05,27.0,0.00099144
BNT/BTC,1567166584126,2019-08-30T12:03:04.126Z,buy,3.672e-05,37.0,0.00135864
BNT/BTC,1567166584126,2019-08-30T12:03:04.126Z,buy,3.672e-05,37.0,0.00135864
BNT/BTC,1567173421059,2019-08-30T13:57:01.059Z,sell,3.672e-05,3.0,0.00011016
BNT/BTC,1567173421059,2019-08-30T13:57:01.059Z,sell,3.656e-05,108.0,0.00394848
BNT/BTC,1567173421059,2019-08-30T13:57:01.059Z,sell,3.655e-05,2122.0,0.0775591
BNT/BTC,1567173421059,2019-08-30T13:57:01.059Z,sell,3.652e-05,1000.0,0.03652
BNT/BTC,1567173421059,2019-08-30T13:57:01.059Z,sell,3.651e-05,937.0,0.03420987
BNT/BTC,1567173427503,2019-08-30T13:57:07.503Z,buy,3.677e-05,4.0,0.00014708
BNT/BTC,1567173427503,2019-08-30T13:57:07.503Z,buy,3.696e-05,3.0,0.00011088
BNT/BTC,1567173427503,2019-08-30T13:57:07.503Z,buy,3.677e-05,4.0,0.00014708
BNT/BTC,1567173427503,2019-08-30T13:57:07.503Z,buy,3.696e-05,3.0,0.00011088
BNT/BTC,1567174280370,2019-08-30T14:11:20.370Z,sell,3.658e-05,138.0,0.00504804
BNT/BTC,1567174281562,2019-08-30T14:11:21.562Z,sell,3.659e-05,164.0,0.00600076
BNT/BTC,1567174281981,2019-08-30T14:11:21.981Z,sell,3.659e-05,65.0,0.00237835
BNT/BTC,1567174282801,2019-08-30T14:11:22.801Z,sell,3.659e-05,547.0,0.02001473
BNT/BTC,1567174283500,2019-08-30T14:11:23.500Z,sell,3.66e-05,164.0,0.0060024
BNT/BTC,1567174283500,2019-08-30T14:11:23.500Z,sell,3.659e-05,104.0,0.00380536
BNT/BTC,1567174286111,2019-08-30T14:11:26.111Z,sell,3.66e-05,36.0,0.0013176
BNT/BTC,1567174286111,2019-08-30T14:11:26.111Z,sell,3.659e-05,102.0,0.00373218
BNT/BTC,1567174319455,2019-08-30T14:11:59.455Z,buy,3.692e-05,299.0,0.01103908
BNT/BTC,1567174319455,2019-08-30T14:11:59.455Z,buy,3.692e-05,299.0,0.01103908
BNT/BTC,1567177744404,2019-08-30T15:09:04.404Z,buy,3.681e-05,3.0,0.00011043
BNT/BTC,1567177744404,2019-08-30T15:09:04.404Z,buy,3.681e-05,3.0,0.00011043
BNT/BTC,1567179594101,2019-08-30T15:39:54.101Z,sell,3.667e-05,181.0,0.00663727
BNT/BTC,1567179891979,2019-08-30T15:44:51.979Z,sell,3.664e-05,142.0,0.00520288
BNT/BTC,1567180117114,2019-08-30T15:48:37.114Z,buy,3.694e-05,3.0,0.00011082
BNT/BTC,1567180150928,2019-08-30T15:49:10.928Z,buy,3.694e-05,3.0,0.00011082
BNT/BTC,1567180169576,2019-08-30T15:49:29.576Z,sell,3.682e-05,44.0,0.00162008
BNT/BTC,1567180239158,2019-08-30T15:50:39.158Z,sell,3.682e-05,55.0,0.0020251
BNT/BTC,1567180694596,2019-08-30T15:58:14.596Z,sell,3.682e-05,2669.0,0.09827258
BNT/BTC,1567181103992,2019-08-30T16:05:03.992Z,buy,3.669e-05,175.0,0.00642075
BNT/BTC,1567181103992,2019-08-30T16:05:03.992Z,buy,3.669e-05,175.0,0.00642075
BNT/BTC,1567181655452,2019-08-30T16:14:15.452Z,sell,3.661e-05,21.0,0.00076881
BNT/BTC,1567182669554,2019-08-30T16:31:09.554Z,sell,3.67e-05,175.0,0.0064224999999999
BNT/BTC,1567182671219,2019-08-30T16:31:11.219Z,buy,3.67e-05,15.0,0.0005505
BNT/BTC,1567182672069,2019-08-30T16:31:12.069Z,buy,3.67e-05,238.0,0.0087345999999999
BNT/BTC,1567183284984,2019-08-30T16:41:24.984Z,sell,3.662e-05,8.0,0.00029296
BNT/BTC,1567183625643,2019-08-30T16:47:05.643Z,sell,3.661e-05,3.0,0.00010983
BNT/BTC,1567183625643,2019-08-30T16:47:05.643Z,sell,3.658e-05,217.0,0.00793786
BNT/BTC,1567183625643,2019-08-30T16:47:05.643Z,sell,3.657e-05,71.0,0.0025964699999999
BNT/BTC,1567183625643,2019-08-30T16:47:05.643Z,sell,3.651e-05,1987.0,0.07254537
BNT/BTC,1567183625643,2019-08-30T16:47:05.643Z,sell,3.65e-05,780.0,0.02847
BNT/BTC,1567183625643,2019-08-30T16:47:05.643Z,sell,3.647e-05,14.0,0.00051058
BNT/BTC,1567183625643,2019-08-30T16:47:05.643Z,sell,3.645e-05,325.0,0.01184625
BNT/BTC,1567183625643,2019-08-30T16:47:05.643Z,sell,3.644e-05,38.0,0.0013847199999999
BNT/BTC,1567183625643,2019-08-30T16:47:05.643Z,sell,3.643e-05,6124.0,0.22309732
BNT/BTC,1567183625643,2019-08-30T16:47:05.643Z,sell,3.643e-05,6.0,0.00021858
BNT/BTC,1567183627538,2019-08-30T16:47:07.538Z,sell,3.638e-05,72.0,0.00261936
BNT/BTC,1567183627538,2019-08-30T16:47:07.538Z,sell,3.637e-05,145.0,0.0052736499999999
BNT/BTC,1567183629997,2019-08-30T16:47:09.997Z,buy,3.666e-05,7.0,0.00025662
BNT/BTC,1567183643289,2019-08-30T16:47:23.289Z,buy,3.664e-05,1.0,3.664e-05
BNT/BTC,1567184002640,2019-08-30T16:53:22.640Z,buy,3.654e-05,1.0,3.654e-05
BNT/BTC,1567184003506,2019-08-30T16:53:23.506Z,buy,3.654e-05,1.0,3.654e-05
BNT/BTC,1567184036926,2019-08-30T16:53:56.926Z,buy,3.654e-05,29.0,0.00105966
BNT/BTC,1567184036926,2019-08-30T16:53:56.926Z,buy,3.654e-05,29.0,0.00105966
BNT/BTC,1567184706860,2019-08-30T17:05:06.860Z,sell,3.655e-05,118.0,0.0043129
BNT/BTC,1567184706860,2019-08-30T17:05:06.860Z,sell,3.654e-05,93.0,0.00339822
BNT/BTC,1567185044187,2019-08-30T17:10:44.187Z,buy,3.648e-05,3.0,0.00010944
BNT/BTC,1567185068062,2019-08-30T17:11:08.062Z,buy,3.648e-05,3.0,0.00010944
BNT/BTC,1567185200644,2019-08-30T17:13:20.644Z,buy,3.648e-05,6.0,0.00021888
BNT/BTC,1567185204507,2019-08-30T17:13:24.507Z,buy,3.648e-05,5.0,0.0001824
BNT/BTC,1567185208371,2019-08-30T17:13:28.371Z,buy,3.648e-05,5.0,0.0001824
BNT/BTC,1567185212228,2019-08-30T17:13:32.228Z,buy,3.648e-05,5.0,0.0001824
BNT/BTC,1567185217139,2019-08-30T17:13:37.139Z,buy,3.648e-05,5.0,0.0001824
BNT/BTC,1567185281905,2019-08-30T17:14:41.905Z,sell,3.64e-05,9.0,0.0003276
BNT/BTC,1567185375329,2019-08-30T17:16:15.329Z,buy,3.643e-05,7.0,0.00025501
BNT/BTC,1567185495423,2019-08-30T17:18:15.423Z,sell,3.641e-05,106.0,0.00385946
BNT/BTC,1567186392563,2019-08-30T17:33:12.563Z,buy,3.653e-05,6.0,0.0002191799999999
BNT/BTC,1567186974352,2019-08-30T17:42:54.352Z,sell,3.644e-05,26.0,0.0009474399999999
BNT/BTC,1567187070378,2019-08-30T17:44:30.378Z,buy,3.654e-05,256.0,0.00935424
BNT/BTC,1567187070378,2019-08-30T17:44:30.378Z,buy,3.654e-05,256.0,0.00935424
BNT/BTC,1567189609572,2019-08-30T18:26:49.572Z,sell,3.642e-05,5.0,0.0001821
BNT/BTC,1567189931473,2019-08-30T18:32:11.473Z,buy,3.663e-05,5.0,0.00018315
BNT/BTC,1567189931473,2019-08-30T18:32:11.473Z,buy,3.663e-05,5.0,0.00018315
BNT/BTC,1567190941188,2019-08-30T18:49:01.188Z,sell,3.641e-05,26.0,0.00094666
BNT/BTC,1567191401439,2019-08-30T18:56:41.439Z,buy,3.658e-05,6.0,0.0002194799999999
BNT/BTC,1567191403477,2019-08-30T18:56:43.477Z,buy,3.658e-05,5.0,0.0001829
BNT/BTC,1567191405433,2019-08-30T18:56:45.433Z,buy,3.658e-05,4.0,0.00014632
BNT/BTC,1567191407408,2019-08-30T18:56:47.408Z,buy,3.658e-05,3.0,0.0001097399999999
BNT/BTC,1567191408213,2019-08-30T18:56:48.213Z,buy,3.658e-05,7.0,0.00025606
BNT/BTC,1567191493490,2019-08-30T18:58:13.490Z,buy,3.658e-05,3.0,0.0001097399999999
BNT/BTC,1567191565538,2019-08-30T18:59:25.538Z,buy,3.658e-05,28.0,0.00102424
BNT/BTC,1567191603078,2019-08-30T19:00:03.078Z,buy,3.658e-05,53.0,0.00193874
BNT/BTC,1567191665228,2019-08-30T19:01:05.228Z,buy,3.658e-05,77.0,0.00281666
BNT/BTC,1567191669432,2019-08-30T19:01:09.432Z,buy,3.658e-05,9.0,0.0003292199999999
BNT/BTC,1567191737563,2019-08-30T19:02:17.563Z,buy,3.658e-05,52.0,0.00190216
BNT/BTC,1567191921721,2019-08-30T19:05:21.721Z,buy,3.658e-05,25.0,0.0009145
BNT/BTC,1567191921721,2019-08-30T19:05:21.721Z,buy,3.658e-05,25.0,0.0009145
BNT/BTC,1567194173417,2019-08-30T19:42:53.417Z,sell,3.639e-05,30.0,0.0010917
BNT/BTC,1567194173417,2019-08-30T19:42:53.417Z,sell,3.631e-05,183.0,0.00664473
BNT/BTC,1567194173417,2019-08-30T19:42:53.417Z,sell,3.63e-05,124.0,0.0045012
BNT/BTC,1567194173468,2019-08-30T19:42:53.468Z,buy,3.636e-05,65.0,0.0023634
BNT/BTC,1567194338859,2019-08-30T19:45:38.859Z,sell,3.63e-05,26.0,0.0009438
BNT/BTC,1567195175975,2019-08-30T19:59:35.975Z,sell,3.633e-05,114.0,0.00414162
BNT/BTC,1567195175975,2019-08-30T19:59:35.975Z,sell,3.633e-05,114.0,0.00414162
BNT/BTC,1567196024589,2019-08-30T20:13:44.589Z,sell,3.63e-05,3.0,0.0001089
BNT/BTC,1567196042985,2019-08-30T20:14:02.985Z,buy,3.63e-05,52.0,0.0018876
BNT/BTC,1567196045566,2019-08-30T20:14:05.566Z,buy,3.63e-05,17.0,0.0006171
BNT/BTC,1567196045675,2019-08-30T20:14:05.675Z,buy,3.63e-05,153.0,0.0055539
BNT/BTC,1567196062715,2019-08-30T20:14:22.715Z,buy,3.63e-05,288.0,0.0104544
BNT/BTC,1567196062750,2019-08-30T20:14:22.750Z,buy,3.63e-05,275.0,0.0099825
BNT/BTC,1567196246350,2019-08-30T20:17:26.350Z,sell,3.628e-05,6.0,0.00021768
BNT/BTC,1567196246350,2019-08-30T20:17:26.350Z,sell,3.628e-05,8.0,0.00029024
BNT/BTC,1567198058442,2019-08-30T20:47:38.442Z,buy,3.63e-05,2.0,7.26e-05
BNT/BTC,1567198058442,2019-08-30T20:47:38.442Z,buy,3.633e-05,115.0,0.00417795
BNT/BTC,1567198058442,2019-08-30T20:47:38.442Z,buy,3.63e-05,2.0,7.26e-05
BNT/BTC,1567198058442,2019-08-30T20:47:38.442Z,buy,3.633e-05,115.0,0.00417795
BNT/BTC,1567201913678,2019-08-30T21:51:53.678Z,sell,3.628e-05,20.0,0.0007256
BNT/BTC,1567201913678,2019-08-30T21:51:53.678Z,sell,3.628e-05,20.0,0.0007256
BNT/BTC,1567202426209,2019-08-30T22:00:26.209Z,buy,3.632e-05,58.0,0.00210656
BNT/BTC,1567203382187,2019-08-30T22:16:22.187Z,buy,3.631e-05,4.0,0.00014524
BNT/BTC,1567203480379,2019-08-30T22:18:00.379Z,sell,3.628e-05,205.0,0.0074373999999999
BNT/BTC,1567204448151,2019-08-30T22:34:08.151Z,buy,3.63e-05,230.0,0.008349
BNT/BTC,1567204448151,2019-08-30T22:34:08.151Z,buy,3.633e-05,482.0,0.01751106
BNT/BTC,1567204614756,2019-08-30T22:36:54.756Z,buy,3.636e-05,1.0,3.636e-05
BNT/BTC,1567204654242,2019-08-30T22:37:34.242Z,buy,3.648e-05,183.0,0.00667584
BNT/BTC,1567204654242,2019-08-30T22:37:34.242Z,buy,3.649e-05,164.0,0.0059843599999999
BNT/BTC,1567204654242,2019-08-30T22:37:34.242Z,buy,3.651e-05,4.0,0.00014604
BNT/BTC,1567204654267,2019-08-30T22:37:34.267Z,sell,3.651e-05,179.0,0.00653529
BNT/BTC,1567204654311,2019-08-30T22:37:34.311Z,sell,3.651e-05,101.0,0.00368751
BNT/BTC,1567204654322,2019-08-30T22:37:34.322Z,sell,3.651e-05,169.0,0.00617019
BNT/BTC,1567205307804,2019-08-30T22:48:27.804Z,sell,3.631e-05,154.0,0.00559174
BNT/BTC,1567205307804,2019-08-30T22:48:27.804Z,sell,3.631e-05,154.0,0.00559174
BNT/BTC,1567207246347,2019-08-30T23:20:46.347Z,sell,3.63e-05,30.0,0.001089
BNT/BTC,1567207246931,2019-08-30T23:20:46.931Z,buy,3.631e-05,2858.0,0.10377398
BNT/BTC,1567207284800,2019-08-30T23:21:24.800Z,sell,3.632e-05,29.0,0.00105328
BNT/BTC,1567207284800,2019-08-30T23:21:24.800Z,sell,3.631e-05,52.0,0.00188812
BNT/BTC,1567208135410,2019-08-30T23:35:35.410Z,sell,3.629e-05,111.0,0.00402819
BNT/BTC,1567208135410,2019-08-30T23:35:35.410Z,sell,3.629e-05,111.0,0.00402819
BNT/BTC,1567209102847,2019-08-30T23:51:42.847Z,sell,3.63e-05,165.0,0.0059895
BNT/BTC,1567210800701,2019-08-31T00:20:00.701Z,buy,3.65e-05,6.0,0.000219
BNT/BTC,1567211721017,2019-08-31T00:35:21.017Z,buy,3.65e-05,3.0,0.0001095
BNT/BTC,1567211721017,2019-08-31T00:35:21.017Z,buy,3.656e-05,24.0,0.00087744
BNT/BTC,1567211721017,2019-08-31T00:35:21.017Z,buy,3.65e-05,3.0,0.0001095
BNT/BTC,1567211721017,2019-08-31T00:35:21.017Z,buy,3.656e-05,24.0,0.00087744
BNT/BTC,1567211862753,2019-08-31T00:37:42.753Z,buy,3.652e-05,27.0,0.00098604
BNT/BTC,1567211864811,2019-08-31T00:37:44.811Z,buy,3.652e-05,290.0,0.0105908
BNT/BTC,1567211864842,2019-08-31T00:37:44.842Z,sell,3.652e-05,148.0,0.00540496
BNT/BTC,1567211864847,2019-08-31T00:37:44.847Z,sell,3.652e-05,441.0,0.01610532
BNT/BTC,1567211864870,2019-08-31T00:37:44.870Z,sell,3.652e-05,317.0,0.01157684
BNT/BTC,1567211864886,2019-08-31T00:37:44.886Z,sell,3.652e-05,45.0,0.0016434
BNT/BTC,1567211865254,2019-08-31T00:37:45.254Z,sell,3.652e-05,1670.0,0.0609884
BNT/BTC,1567211865254,2019-08-31T00:37:45.254Z,sell,3.652e-05,1670.0,0.0609884
BNT/BTC,1567216154827,2019-08-31T01:49:14.827Z,buy,3.648e-05,13.0,0.00047424
BNT/BTC,1567216217193,2019-08-31T01:50:17.193Z,sell,3.633e-05,27.0,0.00098091
BNT/BTC,1567216520183,2019-08-31T01:55:20.183Z,buy,3.652e-05,76.0,0.00277552
BNT/BTC,1567216520183,2019-08-31T01:55:20.183Z,buy,3.652e-05,76.0,0.00277552
BNT/BTC,1567217431636,2019-08-31T02:10:31.636Z,buy,3.652e-05,46.0,0.00167992
BNT/BTC,1567217675286,2019-08-31T02:14:35.286Z,sell,3.634e-05,182.0,0.00661388
BNT/BTC,1567218074040,2019-08-31T02:21:14.040Z,sell,3.634e-05,48.0,0.00174432
BNT/BTC,1567218544515,2019-08-31T02:29:04.515Z,buy,3.652e-05,34.0,0.00124168
BNT/BTC,1567218667394,2019-08-31T02:31:07.394Z,buy,3.656e-05,42.0,0.00153552
BNT/BTC,1567218667394,2019-08-31T02:31:07.394Z,buy,3.656e-05,42.0,0.00153552
BNT/BTC,1567227507806,2019-08-31T04:58:27.806Z,buy,3.655e-05,140.0,0.005117
BNT/BTC,1567227507806,2019-08-31T04:58:27.806Z,buy,3.656e-05,67.0,0.00244952
BNT/BTC,1567227507806,2019-08-31T04:58:27.806Z,buy,3.655e-05,140.0,0.005117
BNT/BTC,1567227507806,2019-08-31T04:58:27.806Z,buy,3.656e-05,67.0,0.00244952
BNT/BTC,1567229599941,2019-08-31T05:33:19.941Z,sell,3.645e-05,72.0,0.0026244
BNT/BTC,1567229850516,2019-08-31T05:37:30.516Z,sell,3.649e-05,101.0,0.0036854899999999
BNT/BTC,1567230032021,2019-08-31T05:40:32.021Z,sell,3.631e-05,539.0,0.01957109
BNT/BTC,1567230032021,2019-08-31T05:40:32.021Z,sell,3.631e-05,539.0,0.01957109
BNT/BTC,1567231990936,2019-08-31T06:13:10.936Z,buy,3.655e-05,55.0,0.00201025
BNT/BTC,1567232118199,2019-08-31T06:15:18.199Z,sell,3.64e-05,49.0,0.0017835999999999
BNT/BTC,1567232118199,2019-08-31T06:15:18.199Z,sell,3.631e-05,3.0,0.00010893
BNT/BTC,1567232118199,2019-08-31T06:15:18.199Z,sell,3.63e-05,2.0,7.26e-05
BNT/BTC,1567232118199,2019-08-31T06:15:18.199Z,sell,3.64e-05,49.0,0.0017835999999999
BNT/BTC,1567232118199,2019-08-31T06:15:18.199Z,sell,3.631e-05,3.0,0.00010893
BNT/BTC,1567232118199,2019-08-31T06:15:18.199Z,sell,3.63e-05,2.0,7.26e-05
BNT/BTC,1567234118624,2019-08-31T06:48:38.624Z,buy,3.655e-05,95.0,0.00347225
BNT/BTC,1567234118624,2019-08-31T06:48:38.624Z,buy,3.655e-05,95.0,0.00347225
BNT/BTC,1567235726307,2019-08-31T07:15:26.307Z,buy,3.655e-05,35.0,0.00127925
BNT/BTC,1567235726307,2019-08-31T07:15:26.307Z,buy,3.656e-05,511.0,0.01868216
BNT/BTC,1567235726307,2019-08-31T07:15:26.307Z,buy,3.655e-05,35.0,0.00127925
BNT/BTC,1567235726307,2019-08-31T07:15:26.307Z,buy,3.656e-05,511.0,0.01868216
BNT/BTC,1567238546717,2019-08-31T08:02:26.717Z,buy,3.656e-05,215.0,0.0078604
BNT/BTC,1567239154263,2019-08-31T08:12:34.263Z,buy,3.656e-05,60.0,0.0021936
BNT/BTC,1567239154263,2019-08-31T08:12:34.263Z,buy,3.656e-05,60.0,0.0021936
BNT/BTC,1567239382702,2019-08-31T08:16:22.702Z,buy,3.656e-05,50.0,0.001828
BNT/BTC,1567241119836,2019-08-31T08:45:19.836Z,sell,3.63e-05,245.0,0.0088935
BNT/BTC,1567241119836,2019-08-31T08:45:19.836Z,sell,3.629e-05,265.0,0.00961685
BNT/BTC,1567241199465,2019-08-31T08:46:39.465Z,buy,3.655e-05,748.0,0.0273394
BNT/BTC,1567241199944,2019-08-31T08:46:39.944Z,sell,3.655e-05,486.0,0.0177633
BNT/BTC,1567241200444,2019-08-31T08:46:40.444Z,sell,3.655e-05,1120.0,0.040936
BNT/BTC,1567241392460,2019-08-31T08:49:52.460Z,sell,3.654e-05,5012.0,0.18313848
BNT/BTC,1567242057891,2019-08-31T09:00:57.891Z,buy,3.656e-05,21.0,0.00076776
BNT/BTC,1567242161011,2019-08-31T09:02:41.011Z,sell,3.65e-05,5000.0,0.1825
BNT/BTC,1567242161011,2019-08-31T09:02:41.011Z,sell,3.641e-05,182.0,0.00662662
BNT/BTC,1567242161011,2019-08-31T09:02:41.011Z,sell,3.64e-05,5000.0,0.182
BNT/BTC,1567242161135,2019-08-31T09:02:41.135Z,buy,3.639e-05,459.0,0.01670301
BNT/BTC,1567242161137,2019-08-31T09:02:41.137Z,buy,3.639e-05,249.0,0.00906111
BNT/BTC,1567242181790,2019-08-31T09:03:01.790Z,buy,3.639e-05,15000.0,0.5458500000000001
BNT/BTC,1567242182521,2019-08-31T09:03:02.521Z,buy,3.639e-05,6565.0,0.23890035
BNT/BTC,1567242256547,2019-08-31T09:04:16.547Z,sell,3.641e-05,1987.0,0.07234667
BNT/BTC,1567242256547,2019-08-31T09:04:16.547Z,sell,3.64e-05,3455.0,0.1257619999999999
BNT/BTC,1567242270438,2019-08-31T09:04:30.438Z,sell,3.641e-05,1987.0,0.07234667
BNT/BTC,1567242270438,2019-08-31T09:04:30.438Z,sell,3.64e-05,1545.0,0.0562379999999999
BNT/BTC,1567242270438,2019-08-31T09:04:30.438Z,sell,3.635e-05,5000.0,0.18175
BNT/BTC,1567242270438,2019-08-31T09:04:30.438Z,sell,3.633e-05,1491.0,0.05416803
BNT/BTC,1567242270438,2019-08-31T09:04:30.438Z,sell,3.632e-05,3539.0,0.1285364799999999
BNT/BTC,1567242286622,2019-08-31T09:04:46.622Z,sell,3.632e-05,2021.0,0.0734027199999999
BNT/BTC,1567242286622,2019-08-31T09:04:46.622Z,sell,3.63e-05,3708.0,0.1346004
BNT/BTC,1567242325948,2019-08-31T09:05:25.948Z,sell,3.641e-05,545.0,0.01984345
BNT/BTC,1567242325948,2019-08-31T09:05:25.948Z,sell,3.641e-05,545.0,0.01984345
BNT/BTC,1567249770964,2019-08-31T11:09:30.964Z,sell,3.642e-05,176.0,0.00640992
BNT/BTC,1567249770964,2019-08-31T11:09:30.964Z,sell,3.642e-05,176.0,0.00640992
BNT/BTC,1567250389593,2019-08-31T11:19:49.593Z,sell,3.65e-05,95.0,0.0034675
BNT/BTC,1567250521185,2019-08-31T11:22:01.185Z,sell,3.65e-05,684.0,0.024966
BNT/BTC,1567251052103,2019-08-31T11:30:52.103Z,buy,3.653e-05,546.0,0.01994538
BNT/BTC,1567251363727,2019-08-31T11:36:03.727Z,sell,3.642e-05,17.0,0.00061914
BNT/BTC,1567251663938,2019-08-31T11:41:03.938Z,sell,3.642e-05,545.0,0.0198489
BNT/BTC,1567251663938,2019-08-31T11:41:03.938Z,sell,3.642e-05,545.0,0.0198489
BNT/BTC,1567253465125,2019-08-31T12:11:05.125Z,sell,3.643e-05,122.0,0.00444446
BNT/BTC,1567253465125,2019-08-31T12:11:05.125Z,sell,3.642e-05,280.0,0.0101976
BNT/BTC,1567253465125,2019-08-31T12:11:05.125Z,sell,3.64e-05,7500.0,0.2729999999999999
BNT/BTC,1567253550292,2019-08-31T12:12:30.292Z,sell,3.636e-05,4.0,0.00014544
BNT/BTC,1567253550292,2019-08-31T12:12:30.292Z,sell,3.635e-05,822.0,0.0298797
BNT/BTC,1567253818810,2019-08-31T12:16:58.810Z,sell,3.644e-05,3.0,0.0001093199999999
BNT/BTC,1567254261716,2019-08-31T12:24:21.716Z,buy,3.651e-05,1000.0,0.03651
BNT/BTC,1567254290614,2019-08-31T12:24:50.614Z,buy,3.651e-05,138.0,0.00503838
BNT/BTC,1567254362143,2019-08-31T12:26:02.143Z,buy,3.653e-05,546.0,0.01994538
BNT/BTC,1567254992259,2019-08-31T12:36:32.259Z,buy,3.65e-05,1717.0,0.0626705
BNT/BTC,1567254992259,2019-08-31T12:36:32.259Z,buy,3.651e-05,1500.0,0.054765
BNT/BTC,1567254992259,2019-08-31T12:36:32.259Z,buy,3.653e-05,135.0,0.00493155
BNT/BTC,1567254992259,2019-08-31T12:36:32.259Z,buy,3.654e-05,5006.0,0.1829192399999999
BNT/BTC,1567254992259,2019-08-31T12:36:32.259Z,buy,3.655e-05,759.0,0.02774145
BNT/BTC,1567254992259,2019-08-31T12:36:32.259Z,buy,3.656e-05,1051.0,0.03842456
BNT/BTC,1567254992259,2019-08-31T12:36:32.259Z,buy,3.658e-05,175.0,0.0064015
BNT/BTC,1567254992259,2019-08-31T12:36:32.259Z,buy,3.663e-05,2779.0,0.10179477
BNT/BTC,1567254992259,2019-08-31T12:36:32.259Z,buy,3.664e-05,50.0,0.001832
BNT/BTC,1567254992259,2019-08-31T12:36:32.259Z,buy,3.671e-05,4.0,0.00014684
BNT/BTC,1567254992259,2019-08-31T12:36:32.259Z,buy,3.674e-05,151.0,0.00554774
BNT/BTC,1567254992259,2019-08-31T12:36:32.259Z,buy,3.675e-05,306.0,0.0112455
BNT/BTC,1567254992259,2019-08-31T12:36:32.259Z,buy,3.676e-05,3656.0,0.13439456
BNT/BTC,1567254992259,2019-08-31T12:36:32.259Z,buy,3.677e-05,438.0,0.01610526
BNT/BTC,1567254992259,2019-08-31T12:36:32.259Z,buy,3.678e-05,162.0,0.0059583599999999
BNT/BTC,1567254992259,2019-08-31T12:36:32.259Z,buy,3.679e-05,165.0,0.0060703499999999
BNT/BTC,1567254992259,2019-08-31T12:36:32.259Z,buy,3.68e-05,169.0,0.0062192
BNT/BTC,1567254992259,2019-08-31T12:36:32.259Z,buy,3.682e-05,173.0,0.00636986
BNT/BTC,1567254992259,2019-08-31T12:36:32.259Z,buy,3.683e-05,178.0,0.00655574
BNT/BTC,1567254992259,2019-08-31T12:36:32.259Z,buy,3.685e-05,183.0,0.00674355
BNT/BTC,1567254992259,2019-08-31T12:36:32.259Z,buy,3.688e-05,189.0,0.0069703199999999
BNT/BTC,1567254992724,2019-08-31T12:36:32.724Z,sell,3.668e-05,40.0,0.0014672
BNT/BTC,1567254994525,2019-08-31T12:36:34.525Z,sell,3.664e-05,20.0,0.0007328
BNT/BTC,1567254996653,2019-08-31T12:36:36.653Z,buy,3.689e-05,118.0,0.00435302
BNT/BTC,1567254996653,2019-08-31T12:36:36.653Z,buy,3.69e-05,246.0,0.0090774
BNT/BTC,1567255000112,2019-08-31T12:36:40.112Z,buy,3.689e-05,6031.0,0.22248359
BNT/BTC,1567255003953,2019-08-31T12:36:43.953Z,buy,3.69e-05,2159.0,0.0796671
BNT/BTC,1567255026514,2019-08-31T12:37:06.514Z,buy,3.681e-05,95.0,0.00349695
BNT/BTC,1567255081576,2019-08-31T12:38:01.576Z,buy,3.681e-05,48.0,0.00176688
BNT/BTC,1567255081576,2019-08-31T12:38:01.576Z,buy,3.681e-05,48.0,0.00176688
BNT/BTC,1567255265222,2019-08-31T12:41:05.222Z,buy,3.679e-05,3.0,0.0001103699999999
BNT/BTC,1567255517178,2019-08-31T12:45:17.178Z,sell,3.639e-05,183.0,0.00665937
BNT/BTC,1567255517178,2019-08-31T12:45:17.178Z,sell,3.638e-05,660.0,0.0240108
BNT/BTC,1567255517178,2019-08-31T12:45:17.178Z,sell,3.636e-05,159.0,0.00578124
BNT/BTC,1567255517178,2019-08-31T12:45:17.178Z,sell,3.635e-05,1766.0,0.0641941
BNT/BTC,1567255517437,2019-08-31T12:45:17.437Z,buy,3.678e-05,39.0,0.0014344199999999
BNT/BTC,1567255553566,2019-08-31T12:45:53.566Z,buy,3.654e-05,46.0,0.0016808399999999
BNT/BTC,1567255553566,2019-08-31T12:45:53.566Z,buy,3.671e-05,30.0,0.0011013
BNT/BTC,1567255553566,2019-08-31T12:45:53.566Z,buy,3.677e-05,183.0,0.00672891
BNT/BTC,1567255553566,2019-08-31T12:45:53.566Z,buy,3.678e-05,28.0,0.00102984
BNT/BTC,1567255833268,2019-08-31T12:50:33.268Z,buy,3.659e-05,337.0,0.01233083
BNT/BTC,1567256188101,2019-08-31T12:56:28.101Z,buy,3.654e-05,105.0,0.0038366999999999
BNT/BTC,1567256188101,2019-08-31T12:56:28.101Z,buy,3.658e-05,57.0,0.00208506
BNT/BTC,1567256237033,2019-08-31T12:57:17.033Z,buy,3.658e-05,1361.0,0.04978538
BNT/BTC,1567258089136,2019-08-31T13:28:09.136Z,buy,3.657e-05,614.0,0.02245398
BNT/BTC,1567258089136,2019-08-31T13:28:09.136Z,buy,3.658e-05,148.0,0.00541384
BNT/BTC,1567258089136,2019-08-31T13:28:09.136Z,buy,3.657e-05,614.0,0.02245398
BNT/BTC,1567258089136,2019-08-31T13:28:09.136Z,buy,3.658e-05,148.0,0.00541384
BNT/BTC,1567261032256,2019-08-31T14:17:12.256Z,sell,3.641e-05,31.0,0.00112871
BNT/BTC,1567261174308,2019-08-31T14:19:34.308Z,sell,3.641e-05,57.0,0.00207537
BNT/BTC,1567261513037,2019-08-31T14:25:13.037Z,sell,3.641e-05,94.0,0.00342254
BNT/BTC,1567261513037,2019-08-31T14:25:13.037Z,sell,3.64e-05,451.0,0.0164163999999999
BNT/BTC,1567261513037,2019-08-31T14:25:13.037Z,sell,3.641e-05,94.0,0.00342254
BNT/BTC,1567261513037,2019-08-31T14:25:13.037Z,sell,3.64e-05,451.0,0.0164163999999999
BNT/BTC,1567263084517,2019-08-31T14:51:24.517Z,buy,3.655e-05,519.0,0.01896945
BNT/BTC,1567263084517,2019-08-31T14:51:24.517Z,buy,3.658e-05,4145.0,0.1516240999999999
BNT/BTC,1567263084517,2019-08-31T14:51:24.517Z,buy,3.655e-05,519.0,0.01896945
BNT/BTC,1567263084517,2019-08-31T14:51:24.517Z,buy,3.658e-05,4145.0,0.1516240999999999
BNT/BTC,1567265643321,2019-08-31T15:34:03.321Z,sell,3.641e-05,96.0,0.00349536
BNT/BTC,1567265643321,2019-08-31T15:34:03.321Z,sell,3.641e-05,96.0,0.00349536
BNT/BTC,1567267891488,2019-08-31T16:11:31.488Z,sell,3.641e-05,5.0,0.00018205
BNT/BTC,1567267929355,2019-08-31T16:12:09.355Z,sell,3.641e-05,81.0,0.00294921
BNT/BTC,1567267944994,2019-08-31T16:12:24.994Z,sell,3.64e-05,35.0,0.001274
BNT/BTC,1567268094324,2019-08-31T16:14:54.324Z,sell,3.64e-05,2565.0,0.0933659999999999
BNT/BTC,1567268100412,2019-08-31T16:15:00.412Z,sell,3.635e-05,2412.0,0.0876762
BNT/BTC,1567268107114,2019-08-31T16:15:07.114Z,sell,3.631e-05,684.0,0.02483604
BNT/BTC,1567268112613,2019-08-31T16:15:12.613Z,sell,3.63e-05,2191.0,0.0795333
BNT/BTC,1567268119744,2019-08-31T16:15:19.744Z,sell,3.628e-05,1071.0,0.0388558799999999
BNT/BTC,1567268233241,2019-08-31T16:17:13.241Z,buy,3.653e-05,290.0,0.0105937
BNT/BTC,1567268233241,2019-08-31T16:17:13.241Z,buy,3.653e-05,290.0,0.0105937
BNT/BTC,1567270270526,2019-08-31T16:51:10.526Z,buy,3.653e-05,546.0,0.01994538
BNT/BTC,1567270806537,2019-08-31T17:00:06.537Z,sell,3.629e-05,104.0,0.00377416
BNT/BTC,1567270824349,2019-08-31T17:00:24.349Z,sell,3.629e-05,79.0,0.00286691
BNT/BTC,1567270824349,2019-08-31T17:00:24.349Z,sell,3.628e-05,466.0,0.0169064799999999
BNT/BTC,1567270881144,2019-08-31T17:01:21.144Z,sell,3.628e-05,90.0,0.0032652
BNT/BTC,1567271179524,2019-08-31T17:06:19.524Z,sell,3.64e-05,1086.0,0.0395304
BNT/BTC,1567271179524,2019-08-31T17:06:19.524Z,sell,3.64e-05,1086.0,0.0395304
BNT/BTC,1567276495125,2019-08-31T18:34:55.125Z,buy,3.652e-05,775.0,0.028303
BNT/BTC,1567276495125,2019-08-31T18:34:55.125Z,buy,3.652e-05,775.0,0.028303
BNT/BTC,1567276942492,2019-08-31T18:42:22.492Z,sell,3.627e-05,409.0,0.01483443
BNT/BTC,1567276945226,2019-08-31T18:42:25.226Z,sell,3.624e-05,87.0,0.00315288
BNT/BTC,1567276971133,2019-08-31T18:42:51.133Z,sell,3.622e-05,143.0,0.00517946
BNT/BTC,1567277027576,2019-08-31T18:43:47.576Z,sell,3.622e-05,29.0,0.00105038
BNT/BTC,1567277061244,2019-08-31T18:44:21.244Z,sell,3.622e-05,574.0,0.02079028
BNT/BTC,1567277074274,2019-08-31T18:44:34.274Z,sell,3.611e-05,27.0,0.0009749699999999
BNT/BTC,1567277077867,2019-08-31T18:44:37.867Z,sell,3.611e-05,14.0,0.00050554
BNT/BTC,1567277105846,2019-08-31T18:45:05.846Z,sell,3.626e-05,13.0,0.00047138
BNT/BTC,1567277148616,2019-08-31T18:45:48.616Z,sell,3.61e-05,45.0,0.0016245
BNT/BTC,1567277194170,2019-08-31T18:46:34.170Z,sell,3.607e-05,29.0,0.0010460299999999
BNT/BTC,1567277644786,2019-08-31T18:54:04.786Z,buy,3.61e-05,35.0,0.0012635
BNT/BTC,1567277712568,2019-08-31T18:55:12.568Z,buy,3.61e-05,96.0,0.0034656
BNT/BTC,1567278189887,2019-08-31T19:03:09.887Z,sell,3.601e-05,162.0,0.00583362
BNT/BTC,1567278189891,2019-08-31T19:03:09.891Z,sell,3.601e-05,1361.0,0.04900961
BNT/BTC,1567278244283,2019-08-31T19:04:04.283Z,sell,3.601e-05,58.0,0.00208858
BNT/BTC,1567278449817,2019-08-31T19:07:29.817Z,buy,3.61e-05,270.0,0.009747
BNT/BTC,1567278639171,2019-08-31T19:10:39.171Z,sell,3.601e-05,100.0,0.003601
BNT/BTC,1567278639171,2019-08-31T19:10:39.171Z,sell,3.6e-05,2481.0,0.089316
BNT/BTC,1567279268311,2019-08-31T19:21:08.311Z,sell,3.601e-05,5543.0,0.19960343
BNT/BTC,1567279276533,2019-08-31T19:21:16.533Z,sell,3.602e-05,1200.0,0.043224
BNT/BTC,1567279276533,2019-08-31T19:21:16.533Z,sell,3.601e-05,2345.0,0.08444345
BNT/BTC,1567279282082,2019-08-31T19:21:22.082Z,sell,3.602e-05,5185.0,0.1867636999999999
BNT/BTC,1567279286432,2019-08-31T19:21:26.432Z,sell,3.618e-05,384.0,0.01389312
BNT/BTC,1567279293853,2019-08-31T19:21:33.853Z,sell,3.602e-05,358.0,0.01289516
BNT/BTC,1567279300166,2019-08-31T19:21:40.166Z,sell,3.601e-05,2992.0,0.10774192
BNT/BTC,1567279307614,2019-08-31T19:21:47.614Z,sell,3.602e-05,35.0,0.0012607
BNT/BTC,1567279307614,2019-08-31T19:21:47.614Z,sell,3.602e-05,35.0,0.0012607
BNT/BTC,1567280661135,2019-08-31T19:44:21.135Z,buy,3.622e-05,1.0,3.622e-05
BNT/BTC,1567280673382,2019-08-31T19:44:33.382Z,buy,3.622e-05,1.0,3.622e-05
BNT/BTC,1567280957528,2019-08-31T19:49:17.528Z,buy,3.612e-05,39.0,0.00140868
BNT/BTC,1567280957537,2019-08-31T19:49:17.537Z,buy,3.612e-05,37.0,0.00133644
BNT/BTC,1567280957549,2019-08-31T19:49:17.549Z,buy,3.612e-05,128.0,0.00462336
BNT/BTC,1567281343705,2019-08-31T19:55:43.705Z,buy,3.619e-05,8.0,0.00028952
BNT/BTC,1567281605759,2019-08-31T20:00:05.759Z,buy,3.619e-05,482.0,0.01744358
BNT/BTC,1567282505733,2019-08-31T20:15:05.733Z,sell,3.598e-05,27.0,0.0009714599999999
BNT/BTC,1567282505733,2019-08-31T20:15:05.733Z,sell,3.598e-05,27.0,0.0009714599999999
BNT/BTC,1567282907628,2019-08-31T20:21:47.628Z,buy,3.618e-05,6.0,0.00021708
BNT/BTC,1567282908768,2019-08-31T20:21:48.768Z,buy,3.618e-05,9.0,0.00032562
BNT/BTC,1567282910343,2019-08-31T20:21:50.343Z,buy,3.621e-05,6.0,0.00021726
BNT/BTC,1567283160785,2019-08-31T20:26:00.785Z,buy,3.62e-05,3.0,0.0001086
BNT/BTC,1567283216135,2019-08-31T20:26:56.135Z,sell,3.62e-05,193.0,0.0069866
BNT/BTC,1567283244572,2019-08-31T20:27:24.572Z,sell,3.62e-05,1669.0,0.0604178
BNT/BTC,1567283552857,2019-08-31T20:32:32.857Z,buy,3.621e-05,294.0,0.01064574
BNT/BTC,1567284592013,2019-08-31T20:49:52.013Z,buy,3.638e-05,1.0,3.638e-05
BNT/BTC,1567284641310,2019-08-31T20:50:41.310Z,buy,3.633e-05,1.0,3.633e-05
BNT/BTC,1567284665102,2019-08-31T20:51:05.102Z,buy,3.628e-05,1.0,3.628e-05
BNT/BTC,1567284964958,2019-08-31T20:56:04.958Z,buy,3.625e-05,9.0,0.00032625
BNT/BTC,1567284990627,2019-08-31T20:56:30.627Z,buy,3.628e-05,225.0,0.008163
BNT/BTC,1567284990747,2019-08-31T20:56:30.747Z,buy,3.628e-05,462.0,0.01676136
BNT/BTC,1567284992736,2019-08-31T20:56:32.736Z,buy,3.632e-05,57.0,0.0020702399999999
BNT/BTC,1567284999761,2019-08-31T20:56:39.761Z,buy,3.633e-05,540.0,0.0196182
BNT/BTC,1567285276503,2019-08-31T21:01:16.503Z,buy,3.639e-05,1.0,3.639e-05
BNT/BTC,1567285340637,2019-08-31T21:02:20.637Z,buy,3.639e-05,1.0,3.639e-05
BNT/BTC,1567285594443,2019-08-31T21:06:34.443Z,buy,3.639e-05,1.0,3.639e-05
BNT/BTC,1567285730871,2019-08-31T21:08:50.871Z,sell,3.629e-05,119.0,0.00431851
BNT/BTC,1567285730871,2019-08-31T21:08:50.871Z,sell,3.629e-05,119.0,0.00431851
BNT/BTC,1567286170463,2019-08-31T21:16:10.463Z,sell,3.612e-05,74.0,0.00267288
BNT/BTC,1567286223835,2019-08-31T21:17:03.835Z,buy,3.637e-05,6.0,0.0002182199999999
BNT/BTC,1567286223901,2019-08-31T21:17:03.901Z,sell,3.637e-05,45.0,0.00163665
BNT/BTC,1567286628989,2019-08-31T21:23:48.989Z,buy,3.639e-05,1.0,3.639e-05
BNT/BTC,1567286950012,2019-08-31T21:29:10.012Z,buy,3.639e-05,156.0,0.00567684
BNT/BTC,1567287134589,2019-08-31T21:32:14.589Z,buy,3.638e-05,1.0,3.638e-05
BNT/BTC,1567287337963,2019-08-31T21:35:37.963Z,sell,3.637e-05,1795.0,0.06528415
BNT/BTC,1567287406174,2019-08-31T21:36:46.174Z,buy,3.636e-05,1.0,3.636e-05
BNT/BTC,1567287441013,2019-08-31T21:37:21.013Z,buy,3.636e-05,63.0,0.00229068
BNT/BTC,1567287449059,2019-08-31T21:37:29.059Z,buy,3.636e-05,2411.0,0.08766396
BNT/BTC,1567287449059,2019-08-31T21:37:29.059Z,buy,3.639e-05,18.0,0.00065502
BNT/BTC,1567287449059,2019-08-31T21:37:29.059Z,buy,3.64e-05,161.0,0.0058603999999999
BNT/BTC,1567287458208,2019-08-31T21:37:38.208Z,buy,3.648e-05,27.0,0.00098496
BNT/BTC,1567287458208,2019-08-31T21:37:38.208Z,buy,3.649e-05,58.0,0.00211642
BNT/BTC,1567287480688,2019-08-31T21:38:00.688Z,buy,3.655e-05,29.0,0.00105995
BNT/BTC,1567287480688,2019-08-31T21:38:00.688Z,buy,3.656e-05,1200.0,0.043872
BNT/BTC,1567287480688,2019-08-31T21:38:00.688Z,buy,3.657e-05,137.0,0.00501009
BNT/BTC,1567287480688,2019-08-31T21:38:00.688Z,buy,3.658e-05,2908.0,0.1063746399999999
BNT/BTC,1567287499879,2019-08-31T21:38:19.879Z,buy,3.658e-05,546.0,0.01997268
BNT/BTC,1567287500063,2019-08-31T21:38:20.063Z,buy,3.658e-05,80.0,0.0029264
BNT/BTC,1567287500815,2019-08-31T21:38:20.815Z,buy,3.658e-05,532.0,0.01946056
BNT/BTC,1567287589985,2019-08-31T21:39:49.985Z,sell,3.668e-05,181.0,0.00663908
BNT/BTC,1567287652315,2019-08-31T21:40:52.315Z,buy,3.675e-05,25.0,0.00091875
BNT/BTC,1567287652315,2019-08-31T21:40:52.315Z,buy,3.678e-05,81.0,0.0029791799999999
BNT/BTC,1567287800784,2019-08-31T21:43:20.784Z,buy,3.678e-05,402.0,0.0147855599999999
BNT/BTC,1567287821122,2019-08-31T21:43:41.122Z,buy,3.678e-05,533.0,0.0196037399999999
BNT/BTC,1567287822288,2019-08-31T21:43:42.288Z,buy,3.69e-05,39.0,0.0014391
BNT/BTC,1567287827922,2019-08-31T21:43:47.922Z,sell,3.67e-05,20.0,0.000734
BNT/BTC,1567287883998,2019-08-31T21:44:43.998Z,sell,3.685e-05,630.0,0.0232155
BNT/BTC,1567287908631,2019-08-31T21:45:08.631Z,buy,3.662e-05,99.0,0.0036253799999999
BNT/BTC,1567287908676,2019-08-31T21:45:08.676Z,buy,3.662e-05,79.0,0.00289298
BNT/BTC,1567287908693,2019-08-31T21:45:08.693Z,buy,3.662e-05,206.0,0.0075437199999999
BNT/BTC,1567287926310,2019-08-31T21:45:26.310Z,buy,3.69e-05,108.0,0.0039852
BNT/BTC,1567288048576,2019-08-31T21:47:28.576Z,sell,3.669e-05,160.0,0.0058704
BNT/BTC,1567288048576,2019-08-31T21:47:28.576Z,sell,3.668e-05,469.0,0.01720292
BNT/BTC,1567288442339,2019-08-31T21:54:02.339Z,buy,3.668e-05,401.0,0.01470868
BNT/BTC,1567288811857,2019-08-31T22:00:11.857Z,buy,3.689e-05,4.0,0.00014756
BNT/BTC,1567288812116,2019-08-31T22:00:12.116Z,buy,3.689e-05,4.0,0.00014756
BNT/BTC,1567288812264,2019-08-31T22:00:12.264Z,buy,3.689e-05,4.0,0.00014756
BNT/BTC,1567288814594,2019-08-31T22:00:14.594Z,buy,3.689e-05,168.0,0.00619752
BNT/BTC,1567288814594,2019-08-31T22:00:14.594Z,buy,3.69e-05,125.0,0.0046125
BNT/BTC,1567288814594,2019-08-31T22:00:14.594Z,buy,3.691e-05,275.0,0.01015025
BNT/BTC,1567288823652,2019-08-31T22:00:23.652Z,buy,3.68e-05,5.0,0.000184
BNT/BTC,1567288823652,2019-08-31T22:00:23.652Z,buy,3.691e-05,86.0,0.00317426
BNT/BTC,1567288832162,2019-08-31T22:00:32.162Z,buy,3.694e-05,204.0,0.00753576
BNT/BTC,1567288841305,2019-08-31T22:00:41.305Z,buy,3.696e-05,263.0,0.00972048
BNT/BTC,1567288874379,2019-08-31T22:01:14.379Z,buy,3.691e-05,3.0,0.0001107299999999
BNT/BTC,1567288874379,2019-08-31T22:01:14.379Z,buy,3.697e-05,254.0,0.00939038
BNT/BTC,1567288883696,2019-08-31T22:01:23.696Z,buy,3.698e-05,214.0,0.00791372
BNT/BTC,1567288933227,2019-08-31T22:02:13.227Z,buy,3.696e-05,3.0,0.00011088
BNT/BTC,1567288990906,2019-08-31T22:03:10.906Z,buy,3.696e-05,3.0,0.00011088
BNT/BTC,1567289007512,2019-08-31T22:03:27.512Z,buy,3.703e-05,224.0,0.00829472
BNT/BTC,1567289021654,2019-08-31T22:03:41.654Z,sell,3.694e-05,12.0,0.00044328
BNT/BTC,1567289021875,2019-08-31T22:03:41.875Z,sell,3.694e-05,12.0,0.00044328
BNT/BTC,1567289024582,2019-08-31T22:03:44.582Z,buy,3.705e-05,70.0,0.0025935
BNT/BTC,1567289035059,2019-08-31T22:03:55.059Z,sell,3.699e-05,2992.0,0.11067408
BNT/BTC,1567289050054,2019-08-31T22:04:10.054Z,buy,3.699e-05,3.0,0.00011097
BNT/BTC,1567289050054,2019-08-31T22:04:10.054Z,buy,3.699e-05,3.0,0.00011097
BNT/BTC,1567289475497,2019-08-31T22:11:15.497Z,sell,3.684e-05,156.0,0.00574704
BNT/BTC,1567289475497,2019-08-31T22:11:15.497Z,sell,3.683e-05,388.0,0.0142900399999999
BNT/BTC,1567289545814,2019-08-31T22:12:25.814Z,buy,3.707e-05,180.0,0.0066726
BNT/BTC,1567289545814,2019-08-31T22:12:25.814Z,buy,3.708e-05,89.0,0.0033001199999999
BNT/BTC,1567289777910,2019-08-31T22:16:17.910Z,sell,3.682e-05,6.0,0.00022092
BNT/BTC,1567289945734,2019-08-31T22:19:05.734Z,buy,3.708e-05,1.0,3.708e-05
BNT/BTC,1567290821400,2019-08-31T22:33:41.400Z,buy,3.708e-05,1.0,3.708e-05
BNT/BTC,1567292541552,2019-08-31T23:02:21.552Z,sell,3.678e-05,19.0,0.00069882
BNT/BTC,1567292541552,2019-08-31T23:02:21.552Z,sell,3.678e-05,19.0,0.00069882
BNT/BTC,1567293215881,2019-08-31T23:13:35.881Z,sell,3.678e-05,3.0,0.0001103399999999
BNT/BTC,1567293216326,2019-08-31T23:13:36.326Z,buy,3.678e-05,121.0,0.0044503799999999
BNT/BTC,1567294938765,2019-08-31T23:42:18.765Z,buy,3.707e-05,8.0,0.00029656
BNT/BTC,1567295053134,2019-08-31T23:44:13.134Z,sell,3.674e-05,31.0,0.00113894
BNT/BTC,1567295776587,2019-08-31T23:56:16.587Z,sell,3.676e-05,50.0,0.001838
BNT/BTC,1567295776587,2019-08-31T23:56:16.587Z,sell,3.676e-05,50.0,0.001838
BNT/BTC,1567296167106,2019-09-01T00:02:47.106Z,sell,3.675e-05,58.0,0.0021314999999999
BNT/BTC,1567296167128,2019-09-01T00:02:47.128Z,sell,3.675e-05,3.0,0.00011025
BNT/BTC,1567297613113,2019-09-01T00:26:53.113Z,sell,3.68e-05,155.0,0.005704
BNT/BTC,1567297613113,2019-09-01T00:26:53.113Z,sell,3.667e-05,91.0,0.00333697
BNT/BTC,1567298518573,2019-09-01T00:41:58.573Z,sell,3.681e-05,9.0,0.00033129
BNT/BTC,1567298518573,2019-09-01T00:41:58.573Z,sell,3.681e-05,9.0,0.00033129
BNT/BTC,1567299904384,2019-09-01T01:05:04.384Z,sell,3.684e-05,17.0,0.00062628
BNT/BTC,1567300168180,2019-09-01T01:09:28.180Z,sell,3.693e-05,10.0,0.0003693
BNT/BTC,1567300208026,2019-09-01T01:10:08.026Z,sell,3.693e-05,3.0,0.00011079
BNT/BTC,1567301887326,2019-09-01T01:38:07.326Z,buy,3.705e-05,61.0,0.00226005
BNT/BTC,1567301896259,2019-09-01T01:38:16.259Z,buy,3.706e-05,51.0,0.00189006
BNT/BTC,1567301896259,2019-09-01T01:38:16.259Z,buy,3.706e-05,51.0,0.00189006
BNT/BTC,1567302343537,2019-09-01T01:45:43.537Z,buy,3.706e-05,30.0,0.0011118
BNT/BTC,1567302343590,2019-09-01T01:45:43.590Z,sell,3.706e-05,37.0,0.00137122
BNT/BTC,1567302483054,2019-09-01T01:48:03.054Z,sell,3.706e-05,121.0,0.00448426
BNT/BTC,1567302485021,2019-09-01T01:48:05.021Z,sell,3.706e-05,37.0,0.00137122
BNT/BTC,1567302991530,2019-09-01T01:56:31.530Z,sell,3.706e-05,57.0,0.00211242
BNT/BTC,1567303010187,2019-09-01T01:56:50.187Z,sell,3.681e-05,14.0,0.00051534
BNT/BTC,1567303010187,2019-09-01T01:56:50.187Z,sell,3.681e-05,14.0,0.00051534
BNT/BTC,1567309803621,2019-09-01T03:50:03.621Z,sell,3.692e-05,868.0,0.03204656
BNT/BTC,1567309852191,2019-09-01T03:50:52.191Z,buy,3.707e-05,254.0,0.00941578
BNT/BTC,1567309852191,2019-09-01T03:50:52.191Z,buy,3.708e-05,284.0,0.0105307199999999
BNT/BTC,1567309853244,2019-09-01T03:50:53.244Z,sell,3.692e-05,5.0,0.0001846
BNT/BTC,1567309853244,2019-09-01T03:50:53.244Z,sell,3.692e-05,5.0,0.0001846
BNT/BTC,1567311675694,2019-09-01T04:21:15.694Z,sell,3.683e-05,179.0,0.00659257
BNT/BTC,1567311675694,2019-09-01T04:21:15.694Z,sell,3.682e-05,60.0,0.0022092
BNT/BTC,1567311675694,2019-09-01T04:21:15.694Z,sell,3.683e-05,179.0,0.00659257
BNT/BTC,1567311675694,2019-09-01T04:21:15.694Z,sell,3.682e-05,60.0,0.0022092
BNT/BTC,1567313756960,2019-09-01T04:55:56.960Z,sell,3.688e-05,537.0,0.01980456
BNT/BTC,1567313756960,2019-09-01T04:55:56.960Z,sell,3.688e-05,537.0,0.01980456
BNT/BTC,1567316682309,2019-09-01T05:44:42.309Z,buy,3.707e-05,26.0,0.00096382
BNT/BTC,1567316686905,2019-09-01T05:44:46.905Z,buy,3.707e-05,4.0,0.00014828
BNT/BTC,1567316686905,2019-09-01T05:44:46.905Z,buy,3.707e-05,4.0,0.00014828
BNT/BTC,1567317610698,2019-09-01T06:00:10.698Z,sell,3.69e-05,31.0,0.0011439
BNT/BTC,1567317610698,2019-09-01T06:00:10.698Z,sell,3.689e-05,8.0,0.00029512
BNT/BTC,1567318541811,2019-09-01T06:15:41.811Z,sell,3.689e-05,70.0,0.0025823
BNT/BTC,1567318806229,2019-09-01T06:20:06.229Z,sell,3.689e-05,121.0,0.00446369
BNT/BTC,1567319990657,2019-09-01T06:39:50.657Z,sell,3.689e-05,37.0,0.00136493
BNT/BTC,1567319990657,2019-09-01T06:39:50.657Z,sell,3.689e-05,37.0,0.00136493
BNT/BTC,1567323397231,2019-09-01T07:36:37.231Z,buy,3.707e-05,1.0,3.707e-05
BNT/BTC,1567323397231,2019-09-01T07:36:37.231Z,buy,3.707e-05,1.0,3.707e-05
BNT/BTC,1567324148555,2019-09-01T07:49:08.555Z,buy,3.706e-05,4.0,0.00014824
BNT/BTC,1567324148555,2019-09-01T07:49:08.555Z,buy,3.707e-05,182.0,0.00674674
BNT/BTC,1567324148697,2019-09-01T07:49:08.697Z,sell,3.707e-05,167.0,0.00619069
BNT/BTC,1567326180492,2019-09-01T08:23:00.492Z,sell,3.688e-05,14.0,0.00051632
BNT/BTC,1567326190885,2019-09-01T08:23:10.885Z,sell,3.679e-05,57.0,0.0020970299999999
BNT/BTC,1567326195632,2019-09-01T08:23:15.632Z,sell,3.679e-05,69.0,0.00253851
BNT/BTC,1567326195770,2019-09-01T08:23:15.770Z,sell,3.679e-05,54.0,0.00198666
BNT/BTC,1567326202426,2019-09-01T08:23:22.426Z,sell,3.67e-05,261.0,0.0095786999999999
BNT/BTC,1567326379014,2019-09-01T08:26:19.014Z,buy,3.695e-05,41.0,0.00151495
BNT/BTC,1567326775063,2019-09-01T08:32:55.063Z,sell,3.676e-05,184.0,0.00676384
BNT/BTC,1567326775063,2019-09-01T08:32:55.063Z,sell,3.663e-05,168.0,0.00615384
BNT/BTC,1567326834464,2019-09-01T08:33:54.464Z,buy,3.693e-05,1.0,3.693e-05
BNT/BTC,1567326975741,2019-09-01T08:36:15.741Z,buy,3.683e-05,226.0,0.0083235799999999
BNT/BTC,1567326976470,2019-09-01T08:36:16.470Z,buy,3.683e-05,35.0,0.00128905
BNT/BTC,1567326989146,2019-09-01T08:36:29.146Z,buy,3.691e-05,1.0,3.691e-05
BNT/BTC,1567326989146,2019-09-01T08:36:29.146Z,buy,3.691e-05,1.0,3.691e-05
BNT/BTC,1567327069091,2019-09-01T08:37:49.091Z,buy,3.683e-05,221.0,0.00813943
BNT/BTC,1567327695210,2019-09-01T08:48:15.210Z,buy,3.68e-05,103.0,0.0037904
BNT/BTC,1567327695217,2019-09-01T08:48:15.217Z,buy,3.68e-05,34.0,0.0012512
BNT/BTC,1567327857786,2019-09-01T08:50:57.786Z,buy,3.681e-05,8.0,0.00029448
BNT/BTC,1567328229843,2019-09-01T08:57:09.843Z,buy,3.681e-05,367.0,0.01350927
BNT/BTC,1567328330892,2019-09-01T08:58:50.892Z,buy,3.681e-05,93.0,0.00342333
BNT/BTC,1567328330892,2019-09-01T08:58:50.892Z,buy,3.681e-05,93.0,0.00342333
BNT/BTC,1567330899033,2019-09-01T09:41:39.033Z,sell,3.668e-05,30.0,0.0011004
BNT/BTC,1567331187552,2019-09-01T09:46:27.552Z,buy,3.684e-05,8.0,0.00029472
BNT/BTC,1567331187552,2019-09-01T09:46:27.552Z,buy,3.684e-05,8.0,0.00029472
BNT/BTC,1567332229629,2019-09-01T10:03:49.629Z,sell,3.664e-05,207.0,0.00758448
BNT/BTC,1567332616868,2019-09-01T10:10:16.868Z,sell,3.667e-05,11.0,0.00040337
BNT/BTC,1567332616868,2019-09-01T10:10:16.868Z,sell,3.667e-05,11.0,0.00040337
BNT/BTC,1567335725860,2019-09-01T11:02:05.860Z,buy,3.706e-05,5.0,0.0001853
BNT/BTC,1567335725860,2019-09-01T11:02:05.860Z,buy,3.706e-05,5.0,0.0001853
BNT/BTC,1567337119413,2019-09-01T11:25:19.413Z,sell,3.67e-05,96.0,0.0035231999999999
BNT/BTC,1567337119413,2019-09-01T11:25:19.413Z,sell,3.67e-05,96.0,0.0035231999999999
BNT/BTC,1567341466924,2019-09-01T12:37:46.924Z,sell,3.661e-05,12.0,0.00043932
BNT/BTC,1567341466924,2019-09-01T12:37:46.924Z,sell,3.661e-05,12.0,0.00043932
BNT/BTC,1567343952449,2019-09-01T13:19:12.449Z,sell,3.664e-05,25.0,0.000916
BNT/BTC,1567344043464,2019-09-01T13:20:43.464Z,buy,3.664e-05,158.0,0.00578912
BNT/BTC,1567344604168,2019-09-01T13:30:04.168Z,sell,3.661e-05,3.0,0.00010983
BNT/BTC,1567344604168,2019-09-01T13:30:04.168Z,sell,3.653e-05,22.0,0.00080366
BNT/BTC,1567344604168,2019-09-01T13:30:04.168Z,sell,3.661e-05,3.0,0.00010983
BNT/BTC,1567344604168,2019-09-01T13:30:04.168Z,sell,3.653e-05,22.0,0.00080366
BNT/BTC,1567346087900,2019-09-01T13:54:47.900Z,sell,3.653e-05,3.0,0.0001095899999999
BNT/BTC,1567346087900,2019-09-01T13:54:47.900Z,sell,3.653e-05,3.0,0.0001095899999999
BNT/BTC,1567348410779,2019-09-01T14:33:30.779Z,buy,3.652e-05,7.0,0.00025564
BNT/BTC,1567348913815,2019-09-01T14:41:53.815Z,sell,3.651e-05,75.0,0.00273825
BNT/BTC,1567348921563,2019-09-01T14:42:01.563Z,buy,3.662e-05,22.0,0.0008056399999999
BNT/BTC,1567348921563,2019-09-01T14:42:01.563Z,buy,3.684e-05,161.0,0.00593124
BNT/BTC,1567348921563,2019-09-01T14:42:01.563Z,buy,3.685e-05,6.0,0.0002211
BNT/BTC,1567348972315,2019-09-01T14:42:52.315Z,sell,3.654e-05,47.0,0.00171738
BNT/BTC,1567348972315,2019-09-01T14:42:52.315Z,sell,3.654e-05,47.0,0.00171738
BNT/BTC,1567357516300,2019-09-01T17:05:16.300Z,buy,3.692e-05,87.0,0.0032120399999999
BNT/BTC,1567357516300,2019-09-01T17:05:16.300Z,buy,3.704e-05,47.0,0.00174088
BNT/BTC,1567357516300,2019-09-01T17:05:16.300Z,buy,3.705e-05,152.0,0.0056316
BNT/BTC,1567357516300,2019-09-01T17:05:16.300Z,buy,3.692e-05,87.0,0.0032120399999999
BNT/BTC,1567357516300,2019-09-01T17:05:16.300Z,buy,3.704e-05,47.0,0.00174088
BNT/BTC,1567357516300,2019-09-01T17:05:16.300Z,buy,3.705e-05,152.0,0.0056316
BNT/BTC,1567358262781,2019-09-01T17:17:42.781Z,buy,3.697e-05,17.0,0.00062849
BNT/BTC,1567359108443,2019-09-01T17:31:48.443Z,buy,3.697e-05,43.0,0.00158971
BNT/BTC,1567359108531,2019-09-01T17:31:48.531Z,sell,3.697e-05,38.0,0.00140486
BNT/BTC,1567359318059,2019-09-01T17:35:18.059Z,buy,3.701e-05,63.0,0.00233163
BNT/BTC,1567359318115,2019-09-01T17:35:18.115Z,sell,3.701e-05,71.0,0.00262771
BNT/BTC,1567359318521,2019-09-01T17:35:18.521Z,sell,3.701e-05,975.0,0.03608475
BNT/BTC,1567359318602,2019-09-01T17:35:18.602Z,sell,3.701e-05,60.0,0.0022206
BNT/BTC,1567359318713,2019-09-01T17:35:18.713Z,sell,3.701e-05,158.0,0.00584758
BNT/BTC,1567359324657,2019-09-01T17:35:24.657Z,sell,3.701e-05,58.0,0.00214658
BNT/BTC,1567359324658,2019-09-01T17:35:24.658Z,sell,3.701e-05,88.0,0.00325688
BNT/BTC,1567359337060,2019-09-01T17:35:37.060Z,sell,3.701e-05,7.0,0.00025907
BNT/BTC,1567359368046,2019-09-01T17:36:08.046Z,sell,3.701e-05,3.0,0.00011103
BNT/BTC,1567359428045,2019-09-01T17:37:08.045Z,sell,3.701e-05,3.0,0.00011103
BNT/BTC,1567359516936,2019-09-01T17:38:36.936Z,sell,3.701e-05,17.0,0.00062917
BNT/BTC,1567359586316,2019-09-01T17:39:46.316Z,buy,3.703e-05,79.0,0.00292537
BNT/BTC,1567359586606,2019-09-01T17:39:46.606Z,sell,3.703e-05,3.0,0.00011109
BNT/BTC,1567359615704,2019-09-01T17:40:15.704Z,sell,3.703e-05,17.0,0.00062951
BNT/BTC,1567359620737,2019-09-01T17:40:20.737Z,sell,3.703e-05,312.0,0.01155336
BNT/BTC,1567359627942,2019-09-01T17:40:27.942Z,sell,3.703e-05,102.0,0.00377706
BNT/BTC,1567359638796,2019-09-01T17:40:38.796Z,sell,3.703e-05,30.0,0.0011109
BNT/BTC,1567359681059,2019-09-01T17:41:21.059Z,buy,3.704e-05,60.0,0.0022224
BNT/BTC,1567359691363,2019-09-01T17:41:31.363Z,buy,3.705e-05,625.0,0.02315625
BNT/BTC,1567359780773,2019-09-01T17:43:00.773Z,sell,3.703e-05,449.0,0.01662647
BNT/BTC,1567359793708,2019-09-01T17:43:13.708Z,sell,3.703e-05,1759.0,0.06513577
BNT/BTC,1567359793708,2019-09-01T17:43:13.708Z,sell,3.701e-05,5.0,0.00018505
BNT/BTC,1567359851536,2019-09-01T17:44:11.536Z,buy,3.704e-05,2750.0,0.1018599999999999
BNT/BTC,1567359861369,2019-09-01T17:44:21.369Z,buy,3.704e-05,6.0,0.0002222399999999
BNT/BTC,1567360118952,2019-09-01T17:48:38.952Z,buy,3.694e-05,136.0,0.00502384
BNT/BTC,1567360123720,2019-09-01T17:48:43.720Z,sell,3.694e-05,10.0,0.0003694
BNT/BTC,1567360386391,2019-09-01T17:53:06.391Z,buy,3.704e-05,2748.0,0.1017859199999999
BNT/BTC,1567360388504,2019-09-01T17:53:08.504Z,sell,3.694e-05,2612.0,0.09648728
BNT/BTC,1567360655008,2019-09-01T17:57:35.008Z,buy,3.704e-05,752.0,0.02785408
BNT/BTC,1567360657227,2019-09-01T17:57:37.227Z,sell,3.704e-05,1998.0,0.0740059199999999
BNT/BTC,1567360818572,2019-09-01T18:00:18.572Z,buy,3.705e-05,33.0,0.00122265
BNT/BTC,1567360929520,2019-09-01T18:02:09.520Z,buy,3.705e-05,2014.0,0.0746187
BNT/BTC,1567360929632,2019-09-01T18:02:09.632Z,sell,3.705e-05,29.0,0.00107445
BNT/BTC,1567360934308,2019-09-01T18:02:14.308Z,sell,3.705e-05,708.0,0.0262314
BNT/BTC,1567360934308,2019-09-01T18:02:14.308Z,sell,3.705e-05,708.0,0.0262314
BNT/BTC,1567362219475,2019-09-01T18:23:39.475Z,sell,3.67e-05,249.0,0.0091383
BNT/BTC,1567363964987,2019-09-01T18:52:44.987Z,buy,3.705e-05,7.0,0.00025935
BNT/BTC,1567363964987,2019-09-01T18:52:44.987Z,buy,3.705e-05,7.0,0.00025935
BNT/BTC,1567364589132,2019-09-01T19:03:09.132Z,buy,3.705e-05,175.0,0.00648375
BNT/BTC,1567364589132,2019-09-01T19:03:09.132Z,buy,3.706e-05,652.0,0.02416312
BNT/BTC,1567364720259,2019-09-01T19:05:20.259Z,sell,3.67e-05,6.0,0.0002201999999999
BNT/BTC,1567364838104,2019-09-01T19:07:18.104Z,buy,3.702e-05,5.0,0.0001851
BNT/BTC,1567364848586,2019-09-01T19:07:28.586Z,sell,3.657e-05,7.0,0.00025599
BNT/BTC,1567364848863,2019-09-01T19:07:28.863Z,sell,3.657e-05,6.0,0.0002194199999999
BNT/BTC,1567364852270,2019-09-01T19:07:32.270Z,buy,3.702e-05,33.0,0.00122166
BNT/BTC,1567365592107,2019-09-01T19:19:52.107Z,sell,3.655e-05,50.0,0.0018275
BNT/BTC,1567365915678,2019-09-01T19:25:15.678Z,buy,3.705e-05,90.0,0.0033345
BNT/BTC,1567366517946,2019-09-01T19:35:17.946Z,sell,3.659e-05,40.0,0.0014636
BNT/BTC,1567366873661,2019-09-01T19:41:13.661Z,sell,3.664e-05,50.0,0.001832
BNT/BTC,1567366873661,2019-09-01T19:41:13.661Z,sell,3.664e-05,50.0,0.001832
BNT/BTC,1567374602981,2019-09-01T21:50:02.981Z,buy,3.664e-05,70.0,0.0025648
BNT/BTC,1567374603854,2019-09-01T21:50:03.854Z,buy,3.664e-05,118.0,0.00432352
BNT/BTC,1567374603854,2019-09-01T21:50:03.854Z,buy,3.664e-05,118.0,0.00432352
BNT/BTC,1567375812151,2019-09-01T22:10:12.151Z,sell,3.646e-05,75.0,0.0027345
BNT/BTC,1567375812151,2019-09-01T22:10:12.151Z,sell,3.646e-05,75.0,0.0027345
BNT/BTC,1567382386655,2019-09-01T23:59:46.655Z,sell,3.646e-05,135.0,0.0049220999999999
BNT/BTC,1567382386655,2019-09-01T23:59:46.655Z,sell,3.646e-05,135.0,0.0049220999999999
BNT/BTC,1567382708419,2019-09-02T00:05:08.419Z,buy,3.663e-05,3.0,0.0001098899999999
BNT/BTC,1567382708419,2019-09-02T00:05:08.419Z,buy,3.664e-05,4.0,0.00014656
BNT/BTC,1567383045163,2019-09-02T00:10:45.163Z,buy,3.664e-05,27.0,0.00098928
BNT/BTC,1567383517178,2019-09-02T00:18:37.178Z,buy,3.663e-05,27.0,0.00098901
BNT/BTC,1567384395580,2019-09-02T00:33:15.580Z,sell,3.645e-05,180.0,0.006561
BNT/BTC,1567384395580,2019-09-02T00:33:15.580Z,sell,3.645e-05,180.0,0.006561
BNT/BTC,1567386742717,2019-09-02T01:12:22.717Z,sell,3.645e-05,118.0,0.0043010999999999
BNT/BTC,1567387107468,2019-09-02T01:18:27.468Z,buy,3.66e-05,13.0,0.0004758
BNT/BTC,1567387107468,2019-09-02T01:18:27.468Z,buy,3.661e-05,4.0,0.00014644
BNT/BTC,1567387923117,2019-09-02T01:32:03.117Z,sell,3.645e-05,656.0,0.0239112
BNT/BTC,1567387923117,2019-09-02T01:32:03.117Z,sell,3.643e-05,186.0,0.00677598
BNT/BTC,1567387925825,2019-09-02T01:32:05.825Z,buy,3.624e-05,87.0,0.00315288
BNT/BTC,1567387929114,2019-09-02T01:32:09.114Z,buy,3.663e-05,33.0,0.00120879
BNT/BTC,1567387932351,2019-09-02T01:32:12.351Z,sell,3.621e-05,37.0,0.00133977
BNT/BTC,1567387940270,2019-09-02T01:32:20.270Z,sell,3.621e-05,67.0,0.00242607
BNT/BTC,1567387942837,2019-09-02T01:32:22.837Z,sell,3.621e-05,26.0,0.00094146
BNT/BTC,1567387968552,2019-09-02T01:32:48.552Z,sell,3.619e-05,58.0,0.00209902
BNT/BTC,1567387968552,2019-09-02T01:32:48.552Z,sell,3.619e-05,58.0,0.00209902
BNT/BTC,1567388000987,2019-09-02T01:33:20.987Z,sell,3.614e-05,11.0,0.00039754
BNT/BTC,1567388000987,2019-09-02T01:33:20.987Z,sell,3.612e-05,13.0,0.00046956
BNT/BTC,1567388000987,2019-09-02T01:33:20.987Z,sell,3.61e-05,83.0,0.0029963
BNT/BTC,1567388013962,2019-09-02T01:33:33.962Z,sell,3.613e-05,29.0,0.00104777
BNT/BTC,1567388031099,2019-09-02T01:33:51.099Z,buy,3.621e-05,14.0,0.00050694
BNT/BTC,1567388352707,2019-09-02T01:39:12.707Z,buy,3.64e-05,14.0,0.0005095999999999
BNT/BTC,1567388352707,2019-09-02T01:39:12.707Z,buy,3.64e-05,14.0,0.0005095999999999
BNT/BTC,1567392933980,2019-09-02T02:55:33.980Z,sell,3.621e-05,4.0,0.00014484
BNT/BTC,1567392933980,2019-09-02T02:55:33.980Z,sell,3.611e-05,413.0,0.01491343
BNT/BTC,1567392933980,2019-09-02T02:55:33.980Z,sell,3.61e-05,131.0,0.0047291
BNT/BTC,1567392933980,2019-09-02T02:55:33.980Z,sell,3.609e-05,2452.0,0.08849268
BNT/BTC,1567392933980,2019-09-02T02:55:33.980Z,sell,3.621e-05,4.0,0.00014484
BNT/BTC,1567392933980,2019-09-02T02:55:33.980Z,sell,3.611e-05,413.0,0.01491343
BNT/BTC,1567392933980,2019-09-02T02:55:33.980Z,sell,3.61e-05,131.0,0.0047291
BNT/BTC,1567392933980,2019-09-02T02:55:33.980Z,sell,3.609e-05,2452.0,0.08849268
BNT/BTC,1567393729257,2019-09-02T03:08:49.257Z,sell,3.614e-05,639.0,0.02309346
BNT/BTC,1567394808270,2019-09-02T03:26:48.270Z,sell,3.614e-05,964.0,0.03483896
BNT/BTC,1567394853261,2019-09-02T03:27:33.261Z,sell,3.614e-05,968.0,0.03498352
BNT/BTC,1567395586948,2019-09-02T03:39:46.948Z,sell,3.623e-05,416.0,0.0150716799999999
BNT/BTC,1567395844290,2019-09-02T03:44:04.290Z,buy,3.64e-05,54.0,0.0019655999999999
BNT/BTC,1567395844290,2019-09-02T03:44:04.290Z,buy,3.64e-05,54.0,0.0019655999999999
BNT/BTC,1567397959963,2019-09-02T04:19:19.963Z,buy,3.64e-05,57.0,0.0020748
BNT/BTC,1567397959963,2019-09-02T04:19:19.963Z,buy,3.64e-05,57.0,0.0020748
BNT/BTC,1567401843385,2019-09-02T05:24:03.385Z,buy,3.64e-05,17.0,0.0006188
BNT/BTC,1567401843385,2019-09-02T05:24:03.385Z,buy,3.64e-05,17.0,0.0006188
BNT/BTC,1567404130056,2019-09-02T06:02:10.056Z,sell,3.618e-05,1136.0,0.04110048
BNT/BTC,1567405091913,2019-09-02T06:18:11.913Z,buy,3.639e-05,5.0,0.00018195
BNT/BTC,1567405092327,2019-09-02T06:18:12.327Z,buy,3.639e-05,5.0,0.00018195
BNT/BTC,1567405092327,2019-09-02T06:18:12.327Z,buy,3.639e-05,5.0,0.00018195
BNT/BTC,1567408596748,2019-09-02T07:16:36.748Z,buy,3.64e-05,7.0,0.0002547999999999
BNT/BTC,1567408596748,2019-09-02T07:16:36.748Z,buy,3.64e-05,7.0,0.0002547999999999
BNT/BTC,1567410632104,2019-09-02T07:50:32.104Z,sell,3.617e-05,1000.0,0.03617
BNT/BTC,1567410633870,2019-09-02T07:50:33.870Z,sell,3.617e-05,827.0,0.02991259
BNT/BTC,1567410796891,2019-09-02T07:53:16.891Z,sell,3.618e-05,500.0,0.01809
BNT/BTC,1567410993686,2019-09-02T07:56:33.686Z,sell,3.619e-05,25.0,0.00090475
BNT/BTC,1567410993686,2019-09-02T07:56:33.686Z,sell,3.619e-05,25.0,0.00090475
BNT/BTC,1567412767894,2019-09-02T08:26:07.894Z,sell,3.618e-05,199.0,0.00719982
BNT/BTC,1567412767995,2019-09-02T08:26:07.995Z,buy,3.619e-05,626.0,0.02265494
BNT/BTC,1567413390862,2019-09-02T08:36:30.862Z,sell,3.619e-05,3.0,0.00010857
BNT/BTC,1567413391064,2019-09-02T08:36:31.064Z,buy,3.619e-05,221.0,0.00799799
BNT/BTC,1567413466071,2019-09-02T08:37:46.071Z,buy,3.619e-05,463.0,0.01675597
BNT/BTC,1567413466071,2019-09-02T08:37:46.071Z,buy,3.619e-05,463.0,0.01675597
BNT/BTC,1567418201761,2019-09-02T09:56:41.761Z,sell,3.617e-05,62.0,0.00224254
BNT/BTC,1567418201761,2019-09-02T09:56:41.761Z,sell,3.617e-05,62.0,0.00224254
BNT/BTC,1567420246763,2019-09-02T10:30:46.763Z,sell,3.617e-05,33.0,0.00119361
BNT/BTC,1567421679294,2019-09-02T10:54:39.294Z,sell,3.617e-05,4.0,0.00014468
BNT/BTC,1567421679294,2019-09-02T10:54:39.294Z,sell,3.617e-05,4.0,0.00014468
BNT/BTC,1567423849584,2019-09-02T11:30:49.584Z,sell,3.619e-05,53.0,0.0019180699999999
BNT/BTC,1567423849584,2019-09-02T11:30:49.584Z,sell,3.619e-05,53.0,0.0019180699999999
BNT/BTC,1567425895909,2019-09-02T12:04:55.909Z,sell,3.618e-05,53.0,0.00191754
BNT/BTC,1567425895909,2019-09-02T12:04:55.909Z,sell,3.618e-05,53.0,0.00191754
BNT/BTC,1567427458809,2019-09-02T12:30:58.809Z,sell,3.617e-05,1103.0,0.03989551
BNT/BTC,1567428235067,2019-09-02T12:43:55.067Z,sell,3.617e-05,6.0,0.00021702
BNT/BTC,1567429109456,2019-09-02T12:58:29.456Z,sell,3.617e-05,99.0,0.00358083
BNT/BTC,1567429255316,2019-09-02T13:00:55.316Z,sell,3.617e-05,1113.0,0.04025721
BNT/BTC,1567429257321,2019-09-02T13:00:57.321Z,sell,3.616e-05,284.0,0.01026944
BNT/BTC,1567429257321,2019-09-02T13:00:57.321Z,sell,3.616e-05,284.0,0.01026944
BNT/BTC,1567431134256,2019-09-02T13:32:14.256Z,buy,3.618e-05,1.0,3.618e-05
BNT/BTC,1567431139658,2019-09-02T13:32:19.658Z,buy,3.618e-05,1.0,3.618e-05
BNT/BTC,1567431143816,2019-09-02T13:32:23.816Z,buy,3.618e-05,1.0,3.618e-05
BNT/BTC,1567431148276,2019-09-02T13:32:28.276Z,buy,3.618e-05,1.0,3.618e-05
BNT/BTC,1567431152965,2019-09-02T13:32:32.965Z,buy,3.618e-05,1.0,3.618e-05
BNT/BTC,1567431907694,2019-09-02T13:45:07.694Z,sell,3.617e-05,96.0,0.00347232
BNT/BTC,1567432202980,2019-09-02T13:50:02.980Z,sell,3.617e-05,346.0,0.01251482
BNT/BTC,1567432214842,2019-09-02T13:50:14.842Z,sell,3.617e-05,126.0,0.00455742
BNT/BTC,1567432251771,2019-09-02T13:50:51.771Z,buy,3.636e-05,4.0,0.00014544
BNT/BTC,1567432251771,2019-09-02T13:50:51.771Z,buy,3.64e-05,13.0,0.0004731999999999
BNT/BTC,1567432251771,2019-09-02T13:50:51.771Z,buy,3.651e-05,49.0,0.00178899
BNT/BTC,1567432251771,2019-09-02T13:50:51.771Z,buy,3.656e-05,28.0,0.00102368
BNT/BTC,1567432251771,2019-09-02T13:50:51.771Z,buy,3.659e-05,32.0,0.00117088
BNT/BTC,1567432420800,2019-09-02T13:53:40.800Z,sell,3.617e-05,799.0,0.02889983
BNT/BTC,1567432420800,2019-09-02T13:53:40.800Z,sell,3.616e-05,5342.0,0.19316672
BNT/BTC,1567432421083,2019-09-02T13:53:41.083Z,buy,3.644e-05,51.0,0.0018584399999999
BNT/BTC,1567432423807,2019-09-02T13:53:43.807Z,sell,3.616e-05,87.0,0.00314592
BNT/BTC,1567432437302,2019-09-02T13:53:57.302Z,sell,3.616e-05,551.0,0.01992416
BNT/BTC,1567432487552,2019-09-02T13:54:47.552Z,buy,3.61e-05,1200.0,0.04332
BNT/BTC,1567432498553,2019-09-02T13:54:58.553Z,buy,3.61e-05,1300.0,0.04693
BNT/BTC,1567432523561,2019-09-02T13:55:23.561Z,buy,3.61e-05,1500.0,0.05415
BNT/BTC,1567432540556,2019-09-02T13:55:40.556Z,buy,3.61e-05,1700.0,0.06137
BNT/BTC,1567432550553,2019-09-02T13:55:50.553Z,buy,3.61e-05,3000.0,0.1083
BNT/BTC,1567432558532,2019-09-02T13:55:58.532Z,sell,3.607e-05,218.0,0.00786326
BNT/BTC,1567432608164,2019-09-02T13:56:48.164Z,sell,3.605e-05,4.0,0.0001442
BNT/BTC,1567432651040,2019-09-02T13:57:31.040Z,sell,3.601e-05,29.0,0.00104429
BNT/BTC,1567432693111,2019-09-02T13:58:13.111Z,sell,3.589e-05,25.0,0.0008972499999999
BNT/BTC,1567432696891,2019-09-02T13:58:16.891Z,sell,3.589e-05,29.0,0.0010408099999999
BNT/BTC,1567432810927,2019-09-02T14:00:10.927Z,sell,3.585e-05,99.0,0.0035491499999999
BNT/BTC,1567432819015,2019-09-02T14:00:19.015Z,sell,3.586e-05,106.0,0.00380116
BNT/BTC,1567432819015,2019-09-02T14:00:19.015Z,sell,3.586e-05,106.0,0.00380116
BNT/BTC,1567432896202,2019-09-02T14:01:36.202Z,buy,3.61e-05,109.0,0.0039349
BNT/BTC,1567432902223,2019-09-02T14:01:42.223Z,buy,3.61e-05,28.0,0.0010108
BNT/BTC,1567433148803,2019-09-02T14:05:48.803Z,sell,3.585e-05,1292.0,0.0463182
BNT/BTC,1567433226394,2019-09-02T14:07:06.394Z,buy,3.61e-05,2839.0,0.1024879
BNT/BTC,1567433226394,2019-09-02T14:07:06.394Z,buy,3.61e-05,2839.0,0.1024879
BNT/BTC,1567436429428,2019-09-02T15:00:29.428Z,buy,3.609e-05,473.0,0.01707057
BNT/BTC,1567436429428,2019-09-02T15:00:29.428Z,buy,3.609e-05,473.0,0.01707057
BNT/BTC,1567437491132,2019-09-02T15:18:11.132Z,buy,3.61e-05,578.0,0.0208658
BNT/BTC,1567437806805,2019-09-02T15:23:26.805Z,buy,3.627e-05,1987.0,0.07206849
BNT/BTC,1567437806805,2019-09-02T15:23:26.805Z,buy,3.628e-05,830.0,0.0301123999999999
BNT/BTC,1567437806805,2019-09-02T15:23:26.805Z,buy,3.629e-05,552.0,0.02003208
BNT/BTC,1567437806805,2019-09-02T15:23:26.805Z,buy,3.632e-05,162.0,0.0058838399999999
BNT/BTC,1567437806805,2019-09-02T15:23:26.805Z,buy,3.637e-05,29.0,0.00105473
BNT/BTC,1567437806805,2019-09-02T15:23:26.805Z,buy,3.641e-05,1074.0,0.03910434
BNT/BTC,1567438208435,2019-09-02T15:30:08.435Z,buy,3.639e-05,3.0,0.00010917
BNT/BTC,1567438343779,2019-09-02T15:32:23.779Z,buy,3.639e-05,2166.0,0.07882074
BNT/BTC,1567438343779,2019-09-02T15:32:23.779Z,buy,3.64e-05,203.0,0.0073891999999999
BNT/BTC,1567438343779,2019-09-02T15:32:23.779Z,buy,3.639e-05,2166.0,0.07882074
BNT/BTC,1567438343779,2019-09-02T15:32:23.779Z,buy,3.64e-05,203.0,0.0073891999999999
BNT/BTC,1567440031749,2019-09-02T16:00:31.749Z,sell,3.61e-05,8.0,0.0002888
BNT/BTC,1567440031749,2019-09-02T16:00:31.749Z,sell,3.61e-05,8.0,0.0002888
BNT/BTC,1567442206619,2019-09-02T16:36:46.619Z,sell,3.61e-05,576.0,0.0207936
BNT/BTC,1567442206619,2019-09-02T16:36:46.619Z,sell,3.609e-05,4710.0,0.1699839
BNT/BTC,1567443290312,2019-09-02T16:54:50.312Z,buy,3.61e-05,100.0,0.00361
BNT/BTC,1567443492558,2019-09-02T16:58:12.558Z,sell,3.609e-05,6.0,0.00021654
BNT/BTC,1567443492558,2019-09-02T16:58:12.558Z,sell,3.609e-05,6.0,0.00021654
BNT/BTC,1567444083168,2019-09-02T17:08:03.168Z,sell,3.609e-05,3.0,0.00010827
BNT/BTC,1567444084165,2019-09-02T17:08:04.165Z,sell,3.609e-05,34.0,0.00122706
BNT/BTC,1567444091624,2019-09-02T17:08:11.624Z,sell,3.609e-05,8.0,0.00028872
BNT/BTC,1567444791325,2019-09-02T17:19:51.325Z,buy,3.637e-05,689.0,0.02505893
BNT/BTC,1567444791325,2019-09-02T17:19:51.325Z,buy,3.638e-05,282.0,0.01025916
BNT/BTC,1567445626729,2019-09-02T17:33:46.729Z,buy,3.632e-05,572.0,0.0207750399999999
BNT/BTC,1567445643446,2019-09-02T17:34:03.446Z,buy,3.638e-05,3.0,0.00010914
BNT/BTC,1567445654976,2019-09-02T17:34:14.976Z,buy,3.641e-05,39.0,0.0014199899999999
BNT/BTC,1567446395156,2019-09-02T17:46:35.156Z,sell,3.609e-05,238.0,0.00858942
BNT/BTC,1567446395158,2019-09-02T17:46:35.158Z,sell,3.601e-05,193.0,0.00694993
BNT/BTC,1567446395158,2019-09-02T17:46:35.158Z,sell,3.6e-05,44.0,0.001584
BNT/BTC,1567446395163,2019-09-02T17:46:35.163Z,sell,3.6e-05,4265.0,0.15354
BNT/BTC,1567446395170,2019-09-02T17:46:35.170Z,sell,3.6e-05,1234.0,0.044424
BNT/BTC,1567446395199,2019-09-02T17:46:35.199Z,sell,3.601e-05,439.0,0.01580839
BNT/BTC,1567446395218,2019-09-02T17:46:35.218Z,sell,3.601e-05,79.0,0.00284479
BNT/BTC,1567446395229,2019-09-02T17:46:35.229Z,sell,3.601e-05,148.0,0.00532948
BNT/BTC,1567446395229,2019-09-02T17:46:35.229Z,sell,3.594e-05,79.0,0.0028392599999999
BNT/BTC,1567446395233,2019-09-02T17:46:35.233Z,sell,3.591e-05,13.0,0.00046683
BNT/BTC,1567446395233,2019-09-02T17:46:35.233Z,sell,3.59e-05,265.0,0.0095135
BNT/BTC,1567446395274,2019-09-02T17:46:35.274Z,sell,3.59e-05,53.0,0.0019027
BNT/BTC,1567446395274,2019-09-02T17:46:35.274Z,sell,3.59e-05,227.0,0.0081493
BNT/BTC,1567446395299,2019-09-02T17:46:35.299Z,sell,3.59e-05,397.0,0.0142522999999999
BNT/BTC,1567446395303,2019-09-02T17:46:35.303Z,buy,3.591e-05,545.0,0.01957095
BNT/BTC,1567446395303,2019-09-02T17:46:35.303Z,buy,3.593e-05,121.0,0.00434753
BNT/BTC,1567446395304,2019-09-02T17:46:35.304Z,sell,3.59e-05,417.0,0.0149702999999999
BNT/BTC,1567446395313,2019-09-02T17:46:35.313Z,sell,3.59e-05,155.0,0.0055645
BNT/BTC,1567446395315,2019-09-02T17:46:35.315Z,sell,3.59e-05,1219.0,0.0437621
BNT/BTC,1567446395334,2019-09-02T17:46:35.334Z,sell,3.59e-05,4705.0,0.1689095
BNT/BTC,1567446395334,2019-09-02T17:46:35.334Z,sell,3.589e-05,276.0,0.0099056399999999
BNT/BTC,1567446395334,2019-09-02T17:46:35.334Z,sell,3.584e-05,553.0,0.01981952
BNT/BTC,1567446395367,2019-09-02T17:46:35.367Z,sell,3.579e-05,8.0,0.00028632
BNT/BTC,1567446395368,2019-09-02T17:46:35.368Z,sell,3.579e-05,48.0,0.00171792
BNT/BTC,1567446395368,2019-09-02T17:46:35.368Z,sell,3.574e-05,35.0,0.0012509
BNT/BTC,1567446395368,2019-09-02T17:46:35.368Z,sell,3.573e-05,25.0,0.00089325
BNT/BTC,1567446395388,2019-09-02T17:46:35.388Z,sell,3.573e-05,71.0,0.00253683
BNT/BTC,1567446395388,2019-09-02T17:46:35.388Z,sell,3.57e-05,554.0,0.0197778
BNT/BTC,1567446395388,2019-09-02T17:46:35.388Z,sell,3.56e-05,56.0,0.0019936
BNT/BTC,1567446395388,2019-09-02T17:46:35.388Z,sell,3.559e-05,1638.0,0.05829642
BNT/BTC,1567446395388,2019-09-02T17:46:35.388Z,sell,3.558e-05,868.0,0.03088344
BNT/BTC,1567446395388,2019-09-02T17:46:35.388Z,sell,3.558e-05,273.0,0.00971334
BNT/BTC,1567446395630,2019-09-02T17:46:35.630Z,sell,3.572e-05,554.0,0.01978888
BNT/BTC,1567446395697,2019-09-02T17:46:35.697Z,sell,3.572e-05,1861.0,0.0664749199999999
BNT/BTC,1567446396379,2019-09-02T17:46:36.379Z,buy,3.577e-05,14.0,0.0005007799999999
BNT/BTC,1567446396379,2019-09-02T17:46:36.379Z,buy,3.578e-05,6.0,0.00021468
BNT/BTC,1567446396636,2019-09-02T17:46:36.636Z,sell,3.572e-05,1291.0,0.04611452
BNT/BTC,1567446396786,2019-09-02T17:46:36.786Z,buy,3.577e-05,3.0,0.00010731
BNT/BTC,1567446397262,2019-09-02T17:46:37.262Z,buy,3.577e-05,129.0,0.00461433
BNT/BTC,1567446397396,2019-09-02T17:46:37.396Z,buy,3.577e-05,300.0,0.010731
BNT/BTC,1567446398268,2019-09-02T17:46:38.268Z,buy,3.576e-05,87.0,0.00311112
BNT/BTC,1567446398524,2019-09-02T17:46:38.524Z,buy,3.575e-05,171.0,0.00611325
BNT/BTC,1567446398678,2019-09-02T17:46:38.678Z,buy,3.575e-05,132.0,0.004719
BNT/BTC,1567446399153,2019-09-02T17:46:39.153Z,sell,3.562e-05,87.0,0.00309894
BNT/BTC,1567446400502,2019-09-02T17:46:40.502Z,buy,3.575e-05,72.0,0.002574
BNT/BTC,1567446400657,2019-09-02T17:46:40.657Z,sell,3.563e-05,13.0,0.00046319
BNT/BTC,1567446400942,2019-09-02T17:46:40.942Z,buy,3.575e-05,1604.0,0.057343
BNT/BTC,1567446400942,2019-09-02T17:46:40.942Z,buy,3.576e-05,808.0,0.02889408
BNT/BTC,1567446402116,2019-09-02T17:46:42.116Z,sell,3.564e-05,28.0,0.00099792
BNT/BTC,1567446402235,2019-09-02T17:46:42.235Z,buy,3.576e-05,12.0,0.00042912
BNT/BTC,1567446403021,2019-09-02T17:46:43.021Z,buy,3.576e-05,556.0,0.01988256
BNT/BTC,1567446403246,2019-09-02T17:46:43.246Z,buy,3.576e-05,45.0,0.0016092
BNT/BTC,1567446403648,2019-09-02T17:46:43.648Z,buy,3.576e-05,106.0,0.00379056
BNT/BTC,1567446406371,2019-09-02T17:46:46.371Z,buy,3.576e-05,556.0,0.01988256
BNT/BTC,1567446407262,2019-09-02T17:46:47.262Z,buy,3.576e-05,26.0,0.00092976
BNT/BTC,1567446410786,2019-09-02T17:46:50.786Z,sell,3.565e-05,27.0,0.00096255
BNT/BTC,1567446412441,2019-09-02T17:46:52.441Z,buy,3.576e-05,4340.0,0.1551984
BNT/BTC,1567446412441,2019-09-02T17:46:52.441Z,buy,3.578e-05,162.0,0.0057963599999999
BNT/BTC,1567446414475,2019-09-02T17:46:54.475Z,buy,3.572e-05,39.0,0.0013930799999999
BNT/BTC,1567446416924,2019-09-02T17:46:56.924Z,sell,3.568e-05,5.0,0.0001784
BNT/BTC,1567446427531,2019-09-02T17:47:07.531Z,sell,3.574e-05,622.0,0.02223028
BNT/BTC,1567446442796,2019-09-02T17:47:22.796Z,sell,3.58e-05,569.0,0.0203702
BNT/BTC,1567446452422,2019-09-02T17:47:32.422Z,sell,3.581e-05,29.0,0.00103849
BNT/BTC,1567446453218,2019-09-02T17:47:33.218Z,sell,3.581e-05,58.0,0.00207698
BNT/BTC,1567446475246,2019-09-02T17:47:55.246Z,buy,3.592e-05,5.0,0.0001796
BNT/BTC,1567446475246,2019-09-02T17:47:55.246Z,buy,3.593e-05,886.0,0.03183398
BNT/BTC,1567446493196,2019-09-02T17:48:13.196Z,buy,3.597e-05,7.0,0.00025179
BNT/BTC,1567446512472,2019-09-02T17:48:32.472Z,buy,3.604e-05,43.0,0.00154972
BNT/BTC,1567446517047,2019-09-02T17:48:37.047Z,buy,3.604e-05,36.0,0.00129744
BNT/BTC,1567446596407,2019-09-02T17:49:56.407Z,sell,3.607e-05,103.0,0.00371521
BNT/BTC,1567446730451,2019-09-02T17:52:10.451Z,sell,3.601e-05,531.0,0.01912131
BNT/BTC,1567446730475,2019-09-02T17:52:10.475Z,sell,3.601e-05,584.0,0.02102984
BNT/BTC,1567446730627,2019-09-02T17:52:10.627Z,sell,3.601e-05,495.0,0.01782495
BNT/BTC,1567446730776,2019-09-02T17:52:10.776Z,sell,3.601e-05,3933.0,0.14162733
BNT/BTC,1567446983507,2019-09-02T17:56:23.507Z,buy,3.607e-05,118.0,0.0042562599999999
BNT/BTC,1567446983507,2019-09-02T17:56:23.507Z,buy,3.607e-05,118.0,0.0042562599999999
BNT/BTC,1567447127507,2019-09-02T17:58:47.507Z,buy,3.609e-05,50.0,0.0018045
