symbol,timestamp,datetime,side,price,amount,btc_volume
BRD/BTC,1578500581897,2020-01-08T16:23:01.897Z,sell,2.992e-05,100.0,0.002992
BRD/BTC,1578500692910,2020-01-08T16:24:52.910Z,sell,2.992e-05,286.0,0.00855712
BRD/BTC,1578500693007,2020-01-08T16:24:53.007Z,sell,2.992e-05,63.0,0.00188496
BRD/BTC,1578501047650,2020-01-08T16:30:47.650Z,buy,3e-05,61.0,0.00183
BRD/BTC,1578501070625,2020-01-08T16:31:10.625Z,buy,3e-05,77.0,0.00231
BRD/BTC,1578501412118,2020-01-08T16:36:52.118Z,buy,3e-05,128.0,0.00384
BRD/BTC,1578501416006,2020-01-08T16:36:56.006Z,buy,3.002e-05,221.0,0.00663442
BRD/BTC,1578501426077,2020-01-08T16:37:06.077Z,buy,3.002e-05,255.0,0.0076551
BRD/BTC,1578501426507,2020-01-08T16:37:06.507Z,buy,3.002e-05,64.0,0.00192128
BRD/BTC,1578501524729,2020-01-08T16:38:44.729Z,buy,3.005e-05,60.0,0.001803
BRD/BTC,1578501682995,2020-01-08T16:41:22.995Z,buy,3.005e-05,245.0,0.00736225
BRD/BTC,1578501688333,2020-01-08T16:41:28.333Z,buy,3.013e-05,1584.0,0.04772592
BRD/BTC,1578501856469,2020-01-08T16:44:16.469Z,buy,3e-05,8.0,0.00024
BRD/BTC,1578502148546,2020-01-08T16:49:08.546Z,sell,3e-05,164.0,0.00492
BRD/BTC,1578502423195,2020-01-08T16:53:43.195Z,buy,3.012e-05,133.0,0.00400596
BRD/BTC,1578502423195,2020-01-08T16:53:43.195Z,buy,3.013e-05,4.0,0.00012052
BRD/BTC,1578502423195,2020-01-08T16:53:43.195Z,buy,3.016e-05,868.0,0.0261788799999999
BRD/BTC,1578502521633,2020-01-08T16:55:21.633Z,sell,3e-05,53.0,0.00159
BRD/BTC,1578502536913,2020-01-08T16:55:36.913Z,sell,3e-05,133.0,0.00399
BRD/BTC,1578502547213,2020-01-08T16:55:47.213Z,sell,2.999e-05,18.0,0.00053982
BRD/BTC,1578502577555,2020-01-08T16:56:17.555Z,buy,3.015e-05,299.0,0.00901485
BRD/BTC,1578502577555,2020-01-08T16:56:17.555Z,buy,3.016e-05,584.0,0.01761344
BRD/BTC,1578502577555,2020-01-08T16:56:17.555Z,buy,3.018e-05,157.0,0.00473826
BRD/BTC,1578502579292,2020-01-08T16:56:19.292Z,sell,3.002e-05,30.0,0.0009006
BRD/BTC,1578502698883,2020-01-08T16:58:18.883Z,sell,3.003e-05,109.0,0.00327327
BRD/BTC,1578502701051,2020-01-08T16:58:21.051Z,sell,3.003e-05,109.0,0.00327327
BRD/BTC,1578502701149,2020-01-08T16:58:21.149Z,sell,3.003e-05,109.0,0.00327327
BRD/BTC,1578502701253,2020-01-08T16:58:21.253Z,sell,3.003e-05,104.0,0.00312312
BRD/BTC,1578502701253,2020-01-08T16:58:21.253Z,sell,3.003e-05,104.0,0.00312312
BRD/BTC,1578503037539,2020-01-08T17:03:57.539Z,sell,3.003e-05,50.0,0.0015015
BRD/BTC,1578503680574,2020-01-08T17:14:40.574Z,buy,3.017e-05,297.0,0.00896049
BRD/BTC,1578503680608,2020-01-08T17:14:40.608Z,sell,3.017e-05,34.0,0.00102578
BRD/BTC,1578503733920,2020-01-08T17:15:33.920Z,sell,3.014e-05,95.0,0.0028633
BRD/BTC,1578503974159,2020-01-08T17:19:34.159Z,buy,3.021e-05,4.0,0.00012084
BRD/BTC,1578504185114,2020-01-08T17:23:05.114Z,buy,3.021e-05,33.0,0.00099693
BRD/BTC,1578504185178,2020-01-08T17:23:05.178Z,buy,3.021e-05,33.0,0.00099693
BRD/BTC,1578504239281,2020-01-08T17:23:59.281Z,sell,3.014e-05,151.0,0.0045511399999999
BRD/BTC,1578505992024,2020-01-08T17:53:12.024Z,buy,3.021e-05,42.0,0.00126882
BRD/BTC,1578505992067,2020-01-08T17:53:12.067Z,buy,3.021e-05,33.0,0.00099693
BRD/BTC,1578505992110,2020-01-08T17:53:12.110Z,buy,3.021e-05,33.0,0.00099693
BRD/BTC,1578506015266,2020-01-08T17:53:35.266Z,buy,3.021e-05,4.0,0.00012084
BRD/BTC,1578506015266,2020-01-08T17:53:35.266Z,buy,3.021e-05,4.0,0.00012084
BRD/BTC,1578507006502,2020-01-08T18:10:06.502Z,sell,3.015e-05,132.0,0.0039798
BRD/BTC,1578507006502,2020-01-08T18:10:06.502Z,sell,3.014e-05,47.0,0.00141658
BRD/BTC,1578507052471,2020-01-08T18:10:52.471Z,buy,3.021e-05,67.0,0.00202407
BRD/BTC,1578507216169,2020-01-08T18:13:36.169Z,buy,3.021e-05,33.0,0.00099693
BRD/BTC,1578507427276,2020-01-08T18:17:07.276Z,buy,3.021e-05,1.0,3.021e-05
BRD/BTC,1578507427276,2020-01-08T18:17:07.276Z,buy,3.028e-05,9.0,0.00027252
BRD/BTC,1578507584315,2020-01-08T18:19:44.315Z,buy,3.028e-05,66.0,0.00199848
BRD/BTC,1578507606637,2020-01-08T18:20:06.637Z,buy,3.028e-05,50.0,0.001514
BRD/BTC,1578507841077,2020-01-08T18:24:01.077Z,buy,3.028e-05,4.0,0.00012112
BRD/BTC,1578508230479,2020-01-08T18:30:30.479Z,buy,3.028e-05,488.0,0.01477664
BRD/BTC,1578508589594,2020-01-08T18:36:29.594Z,buy,3.028e-05,47.0,0.00142316
BRD/BTC,1578508591975,2020-01-08T18:36:31.975Z,buy,3.028e-05,200.0,0.006056
BRD/BTC,1578508597524,2020-01-08T18:36:37.524Z,sell,3.02e-05,35.0,0.001057
BRD/BTC,1578508701493,2020-01-08T18:38:21.493Z,buy,3.028e-05,8.0,0.00024224
BRD/BTC,1578508745865,2020-01-08T18:39:05.865Z,buy,3.028e-05,303.0,0.00917484
BRD/BTC,1578508911620,2020-01-08T18:41:51.620Z,buy,3.028e-05,444.0,0.01344432
BRD/BTC,1578508911620,2020-01-08T18:41:51.620Z,buy,3.028e-05,444.0,0.01344432
BRD/BTC,1578509646338,2020-01-08T18:54:06.338Z,buy,3.028e-05,49.0,0.00148372
BRD/BTC,1578509646404,2020-01-08T18:54:06.404Z,buy,3.028e-05,47.0,0.00142316
BRD/BTC,1578509647555,2020-01-08T18:54:07.555Z,buy,3.03e-05,8.0,0.0002424
BRD/BTC,1578509653686,2020-01-08T18:54:13.686Z,buy,3.043e-05,33.0,0.0010041899999999
BRD/BTC,1578510115180,2020-01-08T19:01:55.180Z,buy,3.038e-05,4.0,0.00012152
BRD/BTC,1578510115180,2020-01-08T19:01:55.180Z,buy,3.043e-05,227.0,0.00690761
BRD/BTC,1578510115180,2020-01-08T19:01:55.180Z,buy,3.044e-05,588.0,0.01789872
BRD/BTC,1578510115180,2020-01-08T19:01:55.180Z,buy,3.047e-05,1265.0,0.03854455
BRD/BTC,1578510115180,2020-01-08T19:01:55.180Z,buy,3.052e-05,255.0,0.0077826
BRD/BTC,1578510115180,2020-01-08T19:01:55.180Z,buy,3.054e-05,896.0,0.02736384
BRD/BTC,1578510115180,2020-01-08T19:01:55.180Z,buy,3.055e-05,212.0,0.0064765999999999
BRD/BTC,1578510115180,2020-01-08T19:01:55.180Z,buy,3.057e-05,744.0,0.02274408
BRD/BTC,1578510115180,2020-01-08T19:01:55.180Z,buy,3.058e-05,68.0,0.00207944
BRD/BTC,1578510115180,2020-01-08T19:01:55.180Z,buy,3.06e-05,1391.0,0.0425646
BRD/BTC,1578510115180,2020-01-08T19:01:55.180Z,buy,3.061e-05,8.0,0.00024488
BRD/BTC,1578510115180,2020-01-08T19:01:55.180Z,buy,3.062e-05,207.0,0.00633834
BRD/BTC,1578510115180,2020-01-08T19:01:55.180Z,buy,3.063e-05,1318.0,0.04037034
BRD/BTC,1578510115180,2020-01-08T19:01:55.180Z,buy,3.065e-05,415.0,0.01271975
BRD/BTC,1578510115180,2020-01-08T19:01:55.180Z,buy,3.068e-05,619.0,0.0189909199999999
BRD/BTC,1578510115194,2020-01-08T19:01:55.194Z,sell,3.068e-05,1172.0,0.0359569599999999
BRD/BTC,1578510115194,2020-01-08T19:01:55.194Z,sell,3.068e-05,1172.0,0.0359569599999999
BRD/BTC,1578510115195,2020-01-08T19:01:55.195Z,sell,3.068e-05,1152.0,0.03534336
BRD/BTC,1578510115403,2020-01-08T19:01:55.403Z,buy,3.06e-05,42.0,0.0012852
BRD/BTC,1578510115606,2020-01-08T19:01:55.606Z,buy,3.06e-05,150.0,0.0045899999999999
BRD/BTC,1578510115606,2020-01-08T19:01:55.606Z,buy,3.068e-05,1039.0,0.03187652
BRD/BTC,1578510115617,2020-01-08T19:01:55.617Z,sell,3.068e-05,61.0,0.0018714799999999
BRD/BTC,1578510115633,2020-01-08T19:01:55.633Z,sell,3.068e-05,165.0,0.0050621999999999
BRD/BTC,1578510115635,2020-01-08T19:01:55.635Z,buy,3.071e-05,306.0,0.00939726
BRD/BTC,1578510115668,2020-01-08T19:01:55.668Z,sell,3.068e-05,99.0,0.0030373199999999
BRD/BTC,1578510115707,2020-01-08T19:01:55.707Z,sell,3.068e-05,43.0,0.00131924
BRD/BTC,1578510115791,2020-01-08T19:01:55.791Z,buy,3.082e-05,21.0,0.00064722
BRD/BTC,1578510115813,2020-01-08T19:01:55.813Z,sell,3.068e-05,358.0,0.0109834399999999
BRD/BTC,1578510116435,2020-01-08T19:01:56.435Z,buy,3.08e-05,115.0,0.003542
BRD/BTC,1578510116435,2020-01-08T19:01:56.435Z,buy,3.081e-05,247.0,0.0076100699999999
BRD/BTC,1578510118991,2020-01-08T19:01:58.991Z,sell,3.06e-05,819.0,0.0250613999999999
BRD/BTC,1578510119038,2020-01-08T19:01:59.038Z,buy,3.06e-05,332.0,0.0101592
BRD/BTC,1578510119637,2020-01-08T19:01:59.637Z,buy,3.08e-05,82.0,0.0025256
BRD/BTC,1578510119983,2020-01-08T19:01:59.983Z,buy,3.08e-05,195.0,0.006006
BRD/BTC,1578510120045,2020-01-08T19:02:00.045Z,buy,3.08e-05,163.0,0.0050204
BRD/BTC,1578510129611,2020-01-08T19:02:09.611Z,buy,3.067e-05,4.0,0.00012268
BRD/BTC,1578510129611,2020-01-08T19:02:09.611Z,buy,3.079e-05,379.0,0.01166941
BRD/BTC,1578510129611,2020-01-08T19:02:09.611Z,buy,3.08e-05,988.0,0.0304304
BRD/BTC,1578510131053,2020-01-08T19:02:11.053Z,buy,3.082e-05,348.0,0.01072536
BRD/BTC,1578510132867,2020-01-08T19:02:12.867Z,buy,3.082e-05,657.0,0.02024874
BRD/BTC,1578510132867,2020-01-08T19:02:12.867Z,buy,3.085e-05,5.0,0.0001542499999999
BRD/BTC,1578510132867,2020-01-08T19:02:12.867Z,buy,3.091e-05,8.0,0.00024728
BRD/BTC,1578510132867,2020-01-08T19:02:12.867Z,buy,3.093e-05,32.0,0.00098976
BRD/BTC,1578510132876,2020-01-08T19:02:12.876Z,sell,3.096e-05,1069.0,0.03309624
BRD/BTC,1578510132876,2020-01-08T19:02:12.876Z,sell,3.096e-05,1069.0,0.03309624
BRD/BTC,1578510132876,2020-01-08T19:02:12.876Z,sell,3.096e-05,1069.0,0.03309624
BRD/BTC,1578510132876,2020-01-08T19:02:12.876Z,sell,3.096e-05,1069.0,0.03309624
BRD/BTC,1578510132876,2020-01-08T19:02:12.876Z,sell,3.096e-05,1069.0,0.03309624
BRD/BTC,1578510132876,2020-01-08T19:02:12.876Z,sell,3.096e-05,1069.0,0.03309624
BRD/BTC,1578510132876,2020-01-08T19:02:12.876Z,sell,3.096e-05,1069.0,0.03309624
BRD/BTC,1578510132879,2020-01-08T19:02:12.879Z,sell,3.096e-05,129.0,0.00399384
BRD/BTC,1578510132880,2020-01-08T19:02:12.880Z,sell,3.096e-05,1069.0,0.03309624
BRD/BTC,1578510132880,2020-01-08T19:02:12.880Z,sell,3.096e-05,1069.0,0.03309624
BRD/BTC,1578510132892,2020-01-08T19:02:12.892Z,sell,3.096e-05,81.0,0.00250776
BRD/BTC,1578510132898,2020-01-08T19:02:12.898Z,sell,3.096e-05,151.0,0.00467496
BRD/BTC,1578510132928,2020-01-08T19:02:12.928Z,buy,3.093e-05,151.0,0.00467043
BRD/BTC,1578510132928,2020-01-08T19:02:12.928Z,buy,3.097e-05,940.0,0.0291118
BRD/BTC,1578510132928,2020-01-08T19:02:12.928Z,buy,3.099e-05,466.0,0.01444134
BRD/BTC,1578510132928,2020-01-08T19:02:12.928Z,buy,3.1e-05,1786.0,0.055366
BRD/BTC,1578510132928,2020-01-08T19:02:12.928Z,buy,3.101e-05,239.0,0.00741139
BRD/BTC,1578510132928,2020-01-08T19:02:12.928Z,buy,3.102e-05,808.0,0.02506416
BRD/BTC,1578510132928,2020-01-08T19:02:12.928Z,buy,3.103e-05,225.0,0.00698175
BRD/BTC,1578510132928,2020-01-08T19:02:12.928Z,buy,3.104e-05,10.0,0.0003104
BRD/BTC,1578510132928,2020-01-08T19:02:12.928Z,buy,3.105e-05,1850.0,0.0574425
BRD/BTC,1578510132928,2020-01-08T19:02:12.928Z,buy,3.106e-05,261.0,0.00810666
BRD/BTC,1578510132928,2020-01-08T19:02:12.928Z,buy,3.111e-05,32.0,0.00099552
BRD/BTC,1578510132928,2020-01-08T19:02:12.928Z,buy,3.113e-05,277.0,0.00862301
BRD/BTC,1578510132928,2020-01-08T19:02:12.928Z,buy,3.117e-05,418.0,0.01302906
BRD/BTC,1578510135894,2020-01-08T19:02:15.894Z,buy,3.109e-05,76.0,0.00236284
BRD/BTC,1578510144992,2020-01-08T19:02:24.992Z,sell,3.093e-05,53.0,0.0016392899999999
BRD/BTC,1578510145052,2020-01-08T19:02:25.052Z,sell,3.093e-05,53.0,0.0016392899999999
BRD/BTC,1578510155997,2020-01-08T19:02:35.997Z,buy,3.093e-05,12.0,0.0003711599999999
BRD/BTC,1578510155997,2020-01-08T19:02:35.997Z,buy,3.103e-05,106.0,0.00328918
BRD/BTC,1578510155997,2020-01-08T19:02:35.997Z,buy,3.104e-05,1140.0,0.0353856
BRD/BTC,1578510156024,2020-01-08T19:02:36.024Z,sell,3.104e-05,165.0,0.0051216
BRD/BTC,1578510156145,2020-01-08T19:02:36.145Z,sell,3.104e-05,44.0,0.00136576
BRD/BTC,1578510156172,2020-01-08T19:02:36.172Z,sell,3.104e-05,1392.0,0.04320768
BRD/BTC,1578510156214,2020-01-08T19:02:36.214Z,sell,3.104e-05,18.0,0.00055872
BRD/BTC,1578510158635,2020-01-08T19:02:38.635Z,buy,3.105e-05,965.0,0.02996325
BRD/BTC,1578510158635,2020-01-08T19:02:38.635Z,buy,3.109e-05,88.0,0.00273592
BRD/BTC,1578510158635,2020-01-08T19:02:38.635Z,buy,3.117e-05,782.0,0.02437494
BRD/BTC,1578510158724,2020-01-08T19:02:38.724Z,sell,3.104e-05,156.0,0.00484224
BRD/BTC,1578510161742,2020-01-08T19:02:41.742Z,sell,3.105e-05,117.0,0.00363285
BRD/BTC,1578510161873,2020-01-08T19:02:41.873Z,sell,3.105e-05,7.0,0.00021735
BRD/BTC,1578510162895,2020-01-08T19:02:42.895Z,sell,3.105e-05,109.0,0.00338445
BRD/BTC,1578510162895,2020-01-08T19:02:42.895Z,sell,3.104e-05,23.0,0.00071392
BRD/BTC,1578510165935,2020-01-08T19:02:45.935Z,buy,3.116e-05,117.0,0.00364572
BRD/BTC,1578510165944,2020-01-08T19:02:45.944Z,sell,3.116e-05,341.0,0.01062556
BRD/BTC,1578510169131,2020-01-08T19:02:49.131Z,sell,3.105e-05,67.0,0.00208035
BRD/BTC,1578510180570,2020-01-08T19:03:00.570Z,sell,3.105e-05,9.0,0.00027945
BRD/BTC,1578510180577,2020-01-08T19:03:00.577Z,sell,3.105e-05,6.0,0.0001863
BRD/BTC,1578510213220,2020-01-08T19:03:33.220Z,sell,3.106e-05,18.0,0.00055908
BRD/BTC,1578510213754,2020-01-08T19:03:33.754Z,sell,3.108e-05,25.0,0.000777
BRD/BTC,1578510222383,2020-01-08T19:03:42.383Z,buy,3.112e-05,104.0,0.00323648
BRD/BTC,1578510222383,2020-01-08T19:03:42.383Z,buy,3.117e-05,159.0,0.00495603
BRD/BTC,1578510228846,2020-01-08T19:03:48.846Z,sell,3.112e-05,17.0,0.00052904
BRD/BTC,1578510237654,2020-01-08T19:03:57.654Z,sell,3.111e-05,11.0,0.0003422099999999
BRD/BTC,1578510240399,2020-01-08T19:04:00.399Z,buy,3.117e-05,39.0,0.00121563
BRD/BTC,1578510240399,2020-01-08T19:04:00.399Z,buy,3.118e-05,690.0,0.0215142
BRD/BTC,1578510240533,2020-01-08T19:04:00.533Z,sell,3.117e-05,46.0,0.00143382
BRD/BTC,1578510240562,2020-01-08T19:04:00.562Z,sell,3.117e-05,123.0,0.00383391
BRD/BTC,1578510240717,2020-01-08T19:04:00.717Z,sell,3.117e-05,4.0,0.00012468
BRD/BTC,1578510247312,2020-01-08T19:04:07.312Z,buy,3.118e-05,76.0,0.00236968
BRD/BTC,1578510247312,2020-01-08T19:04:07.312Z,buy,3.119e-05,566.0,0.01765354
BRD/BTC,1578510249478,2020-01-08T19:04:09.478Z,buy,3.119e-05,57.0,0.0017778299999999
BRD/BTC,1578510249478,2020-01-08T19:04:09.478Z,buy,3.12e-05,580.0,0.018096
BRD/BTC,1578510263130,2020-01-08T19:04:23.130Z,buy,3.12e-05,3072.0,0.0958464
BRD/BTC,1578510264457,2020-01-08T19:04:24.457Z,buy,3.12e-05,3207.0,0.1000583999999999
BRD/BTC,1578510281604,2020-01-08T19:04:41.604Z,buy,3.12e-05,1448.0,0.0451776
BRD/BTC,1578510290251,2020-01-08T19:04:50.251Z,buy,3.12e-05,320.0,0.009984
BRD/BTC,1578510301158,2020-01-08T19:05:01.158Z,buy,3.12e-05,585.0,0.018252
BRD/BTC,1578510309672,2020-01-08T19:05:09.672Z,buy,3.119e-05,4.0,0.00012476
BRD/BTC,1578510309672,2020-01-08T19:05:09.672Z,buy,3.12e-05,389.0,0.0121368
BRD/BTC,1578510319265,2020-01-08T19:05:19.265Z,buy,3.12e-05,320.0,0.009984
BRD/BTC,1578510322629,2020-01-08T19:05:22.629Z,buy,3.12e-05,639.0,0.0199368
BRD/BTC,1578510372209,2020-01-08T19:06:12.209Z,sell,3.115e-05,110.0,0.0034265
BRD/BTC,1578510377679,2020-01-08T19:06:17.679Z,sell,3.112e-05,5.0,0.0001556
BRD/BTC,1578510377679,2020-01-08T19:06:17.679Z,sell,3.111e-05,1.0,3.111e-05
BRD/BTC,1578510418368,2020-01-08T19:06:58.368Z,sell,3.111e-05,126.0,0.00391986
BRD/BTC,1578510418368,2020-01-08T19:06:58.368Z,sell,3.108e-05,207.0,0.00643356
BRD/BTC,1578510449376,2020-01-08T19:07:29.376Z,sell,3.109e-05,428.0,0.01330652
BRD/BTC,1578510463618,2020-01-08T19:07:43.618Z,sell,3.108e-05,15.0,0.0004662
BRD/BTC,1578510470977,2020-01-08T19:07:50.977Z,sell,3.107e-05,219.0,0.00680433
BRD/BTC,1578510470977,2020-01-08T19:07:50.977Z,sell,3.105e-05,479.0,0.01487295
BRD/BTC,1578510472770,2020-01-08T19:07:52.770Z,sell,3.103e-05,4.0,0.00012412
BRD/BTC,1578510475261,2020-01-08T19:07:55.261Z,buy,3.105e-05,160.0,0.004968
BRD/BTC,1578510477864,2020-01-08T19:07:57.864Z,sell,3.102e-05,709.0,0.0219931799999999
BRD/BTC,1578510477880,2020-01-08T19:07:57.880Z,buy,3.102e-05,199.0,0.00617298
BRD/BTC,1578510477883,2020-01-08T19:07:57.883Z,buy,3.102e-05,184.0,0.00570768
BRD/BTC,1578510477887,2020-01-08T19:07:57.887Z,buy,3.102e-05,199.0,0.00617298
BRD/BTC,1578510477891,2020-01-08T19:07:57.891Z,buy,3.102e-05,199.0,0.00617298
BRD/BTC,1578510480229,2020-01-08T19:08:00.229Z,sell,3.101e-05,466.0,0.01445066
BRD/BTC,1578510483669,2020-01-08T19:08:03.669Z,sell,3.1e-05,345.0,0.010695
BRD/BTC,1578510483886,2020-01-08T19:08:03.886Z,sell,3.1e-05,622.0,0.019282
BRD/BTC,1578510485140,2020-01-08T19:08:05.140Z,sell,3.099e-05,160.0,0.0049584
BRD/BTC,1578510494973,2020-01-08T19:08:14.973Z,sell,3.092e-05,15.0,0.0004638
BRD/BTC,1578510499387,2020-01-08T19:08:19.387Z,sell,3.092e-05,200.0,0.006184
BRD/BTC,1578510511114,2020-01-08T19:08:31.114Z,sell,3.092e-05,517.0,0.01598564
BRD/BTC,1578510511124,2020-01-08T19:08:31.124Z,buy,3.092e-05,866.0,0.02677672
BRD/BTC,1578510511124,2020-01-08T19:08:31.124Z,buy,3.092e-05,866.0,0.02677672
BRD/BTC,1578510511125,2020-01-08T19:08:31.125Z,buy,3.092e-05,866.0,0.02677672
BRD/BTC,1578510511125,2020-01-08T19:08:31.125Z,buy,3.092e-05,866.0,0.02677672
BRD/BTC,1578510511125,2020-01-08T19:08:31.125Z,buy,3.092e-05,866.0,0.02677672
BRD/BTC,1578510511125,2020-01-08T19:08:31.125Z,buy,3.092e-05,866.0,0.02677672
BRD/BTC,1578510511125,2020-01-08T19:08:31.125Z,buy,3.092e-05,866.0,0.02677672
BRD/BTC,1578510511125,2020-01-08T19:08:31.125Z,buy,3.092e-05,866.0,0.02677672
BRD/BTC,1578510511127,2020-01-08T19:08:31.127Z,buy,3.092e-05,866.0,0.02677672
BRD/BTC,1578510511129,2020-01-08T19:08:31.129Z,buy,3.092e-05,866.0,0.02677672
BRD/BTC,1578510511129,2020-01-08T19:08:31.129Z,buy,3.092e-05,462.0,0.01428504
BRD/BTC,1578510511131,2020-01-08T19:08:31.131Z,buy,3.092e-05,99.0,0.00306108
BRD/BTC,1578510511132,2020-01-08T19:08:31.132Z,buy,3.092e-05,483.0,0.01493436
BRD/BTC,1578510511132,2020-01-08T19:08:31.132Z,buy,3.092e-05,12.0,0.00037104
BRD/BTC,1578510511415,2020-01-08T19:08:31.415Z,sell,3.083e-05,81.0,0.00249723
BRD/BTC,1578510512180,2020-01-08T19:08:32.180Z,sell,3.081e-05,255.0,0.00785655
BRD/BTC,1578510512748,2020-01-08T19:08:32.748Z,sell,3.081e-05,19.0,0.00058539
BRD/BTC,1578510517040,2020-01-08T19:08:37.040Z,sell,3.081e-05,353.0,0.0108759299999999
BRD/BTC,1578510531124,2020-01-08T19:08:51.124Z,sell,3.078e-05,6.0,0.00018468
BRD/BTC,1578510534978,2020-01-08T19:08:54.978Z,buy,3.078e-05,61.0,0.00187758
BRD/BTC,1578510543465,2020-01-08T19:09:03.465Z,buy,3.077e-05,894.0,0.02750838
BRD/BTC,1578510552186,2020-01-08T19:09:12.186Z,buy,3.094e-05,130.0,0.0040222
BRD/BTC,1578510556078,2020-01-08T19:09:16.078Z,buy,3.093e-05,272.0,0.0084129599999999
BRD/BTC,1578510557038,2020-01-08T19:09:17.038Z,buy,3.093e-05,48.0,0.0014846399999999
BRD/BTC,1578510558747,2020-01-08T19:09:18.747Z,sell,3.082e-05,81.0,0.00249642
BRD/BTC,1578510558757,2020-01-08T19:09:18.757Z,sell,3.082e-05,116.0,0.0035751199999999
BRD/BTC,1578510558799,2020-01-08T19:09:18.799Z,sell,3.082e-05,30.0,0.0009246
BRD/BTC,1578510558832,2020-01-08T19:09:18.832Z,buy,3.092e-05,198.0,0.00612216
BRD/BTC,1578510558884,2020-01-08T19:09:18.884Z,sell,3.082e-05,16.0,0.00049312
BRD/BTC,1578510566466,2020-01-08T19:09:26.466Z,buy,3.085e-05,382.0,0.0117846999999999
BRD/BTC,1578510566466,2020-01-08T19:09:26.466Z,buy,3.086e-05,22.0,0.00067892
BRD/BTC,1578510580451,2020-01-08T19:09:40.451Z,sell,3.082e-05,7.0,0.00021574
BRD/BTC,1578510582144,2020-01-08T19:09:42.144Z,sell,3.082e-05,40.0,0.0012328
BRD/BTC,1578510608553,2020-01-08T19:10:08.553Z,sell,3.082e-05,35.0,0.0010787
BRD/BTC,1578510608713,2020-01-08T19:10:08.713Z,sell,3.082e-05,22.0,0.00067804
BRD/BTC,1578510640719,2020-01-08T19:10:40.719Z,buy,3.087e-05,104.0,0.00321048
BRD/BTC,1578510640719,2020-01-08T19:10:40.719Z,buy,3.088e-05,26.0,0.00080288
BRD/BTC,1578510675953,2020-01-08T19:11:15.953Z,buy,3.085e-05,29.0,0.00089465
BRD/BTC,1578510701065,2020-01-08T19:11:41.065Z,sell,3.077e-05,200.0,0.006154
BRD/BTC,1578510705242,2020-01-08T19:11:45.242Z,sell,3.077e-05,744.0,0.0228928799999999
BRD/BTC,1578510759108,2020-01-08T19:12:39.108Z,buy,3.076e-05,39.0,0.0011996399999999
BRD/BTC,1578510780430,2020-01-08T19:13:00.430Z,buy,3.076e-05,1.0,3.076e-05
BRD/BTC,1578510817407,2020-01-08T19:13:37.407Z,sell,3.063e-05,642.0,0.01966446
BRD/BTC,1578510817407,2020-01-08T19:13:37.407Z,sell,3.062e-05,104.0,0.00318448
BRD/BTC,1578510817407,2020-01-08T19:13:37.407Z,sell,3.057e-05,720.0,0.0220104
BRD/BTC,1578510817407,2020-01-08T19:13:37.407Z,sell,3.054e-05,116.0,0.00354264
BRD/BTC,1578510842895,2020-01-08T19:14:02.895Z,sell,3.059e-05,28.0,0.0008565199999999
BRD/BTC,1578510984039,2020-01-08T19:16:24.039Z,buy,3.068e-05,5.0,0.0001534
BRD/BTC,1578510995105,2020-01-08T19:16:35.105Z,buy,3.069e-05,81.0,0.00248589
BRD/BTC,1578511052278,2020-01-08T19:17:32.278Z,buy,3.082e-05,116.0,0.0035751199999999
BRD/BTC,1578511052278,2020-01-08T19:17:32.278Z,buy,3.083e-05,116.0,0.00357628
BRD/BTC,1578511052278,2020-01-08T19:17:32.278Z,buy,3.086e-05,720.0,0.0222191999999999
BRD/BTC,1578511052305,2020-01-08T19:17:32.305Z,sell,3.09e-05,197.0,0.0060872999999999
BRD/BTC,1578511258942,2020-01-08T19:20:58.942Z,buy,3.089e-05,234.0,0.0072282599999999
BRD/BTC,1578511258942,2020-01-08T19:20:58.942Z,buy,3.09e-05,254.0,0.0078485999999999
BRD/BTC,1578511516478,2020-01-08T19:25:16.478Z,buy,3.085e-05,28.0,0.0008638
BRD/BTC,1578511516478,2020-01-08T19:25:16.478Z,buy,3.09e-05,77.0,0.0023793
BRD/BTC,1578511762375,2020-01-08T19:29:22.375Z,buy,3.088e-05,4.0,0.00012352
BRD/BTC,1578511762375,2020-01-08T19:29:22.375Z,buy,3.089e-05,123.0,0.0037994699999999
BRD/BTC,1578511822864,2020-01-08T19:30:22.864Z,sell,3.071e-05,141.0,0.00433011
BRD/BTC,1578511882331,2020-01-08T19:31:22.331Z,sell,3.072e-05,80.0,0.0024576
BRD/BTC,1578511893954,2020-01-08T19:31:33.954Z,sell,3.072e-05,60.0,0.0018432
BRD/BTC,1578511915687,2020-01-08T19:31:55.687Z,buy,3.072e-05,22.0,0.0006758399999999
BRD/BTC,1578511916363,2020-01-08T19:31:56.363Z,buy,3.072e-05,22.0,0.0006758399999999
BRD/BTC,1578511917132,2020-01-08T19:31:57.132Z,buy,3.072e-05,22.0,0.0006758399999999
BRD/BTC,1578511917257,2020-01-08T19:31:57.257Z,sell,3.071e-05,237.0,0.00727827
BRD/BTC,1578511917688,2020-01-08T19:31:57.688Z,buy,3.072e-05,22.0,0.0006758399999999
BRD/BTC,1578511918255,2020-01-08T19:31:58.255Z,buy,3.072e-05,22.0,0.0006758399999999
BRD/BTC,1578511969140,2020-01-08T19:32:49.140Z,sell,3.07e-05,130.0,0.003991
BRD/BTC,1578511973049,2020-01-08T19:32:53.049Z,sell,3.068e-05,320.0,0.0098176
BRD/BTC,1578511976541,2020-01-08T19:32:56.541Z,sell,3.056e-05,78.0,0.00238368
BRD/BTC,1578511976541,2020-01-08T19:32:56.541Z,sell,3.054e-05,1125.0,0.0343575
BRD/BTC,1578511976541,2020-01-08T19:32:56.541Z,sell,3.053e-05,9586.0,0.29266058
BRD/BTC,1578512009852,2020-01-08T19:33:29.852Z,buy,3.068e-05,65.0,0.0019942
BRD/BTC,1578512028050,2020-01-08T19:33:48.050Z,buy,3.068e-05,117.0,0.00358956
BRD/BTC,1578512028050,2020-01-08T19:33:48.050Z,buy,3.069e-05,76.0,0.00233244
BRD/BTC,1578512031130,2020-01-08T19:33:51.130Z,buy,3.068e-05,39.0,0.00119652
BRD/BTC,1578512039654,2020-01-08T19:33:59.654Z,buy,3.07e-05,58.0,0.0017806
BRD/BTC,1578512056099,2020-01-08T19:34:16.099Z,buy,3.07e-05,71.0,0.0021797
BRD/BTC,1578512056099,2020-01-08T19:34:16.099Z,buy,3.072e-05,148.0,0.00454656
BRD/BTC,1578512056116,2020-01-08T19:34:16.116Z,sell,3.072e-05,180.0,0.0055295999999999
BRD/BTC,1578512067620,2020-01-08T19:34:27.620Z,buy,3.071e-05,130.0,0.0039923
BRD/BTC,1578512127283,2020-01-08T19:35:27.283Z,buy,3.071e-05,1819.0,0.05586149
BRD/BTC,1578512135109,2020-01-08T19:35:35.109Z,buy,3.072e-05,189.0,0.0058060799999999
BRD/BTC,1578512268503,2020-01-08T19:37:48.503Z,sell,3.072e-05,330.0,0.0101375999999999
BRD/BTC,1578512268529,2020-01-08T19:37:48.529Z,sell,3.071e-05,382.0,0.01173122
BRD/BTC,1578512268543,2020-01-08T19:37:48.543Z,sell,3.071e-05,318.0,0.00976578
BRD/BTC,1578512288048,2020-01-08T19:38:08.048Z,sell,3.072e-05,182.0,0.0055910399999999
BRD/BTC,1578512288048,2020-01-08T19:38:08.048Z,sell,3.071e-05,3992.0,0.12259432
BRD/BTC,1578512297669,2020-01-08T19:38:17.669Z,sell,3.062e-05,130.0,0.0039806
BRD/BTC,1578512297669,2020-01-08T19:38:17.669Z,sell,3.061e-05,78.0,0.00238758
BRD/BTC,1578512374267,2020-01-08T19:39:34.267Z,sell,3.059e-05,114.0,0.00348726
BRD/BTC,1578512374282,2020-01-08T19:39:34.282Z,buy,3.059e-05,19.0,0.00058121
BRD/BTC,1578512374284,2020-01-08T19:39:34.284Z,buy,3.059e-05,57.0,0.00174363
BRD/BTC,1578512374285,2020-01-08T19:39:34.285Z,buy,3.059e-05,19.0,0.00058121
BRD/BTC,1578512374293,2020-01-08T19:39:34.293Z,buy,3.059e-05,56.0,0.0017130399999999
BRD/BTC,1578512374298,2020-01-08T19:39:34.298Z,buy,3.059e-05,878.0,0.0268580199999999
BRD/BTC,1578512374304,2020-01-08T19:39:34.304Z,buy,3.059e-05,49.0,0.0014989099999999
BRD/BTC,1578512381327,2020-01-08T19:39:41.327Z,buy,3.059e-05,168.0,0.00513912
BRD/BTC,1578512381343,2020-01-08T19:39:41.343Z,buy,3.059e-05,168.0,0.00513912
BRD/BTC,1578512381343,2020-01-08T19:39:41.343Z,buy,3.059e-05,168.0,0.00513912
BRD/BTC,1578512589515,2020-01-08T19:43:09.515Z,buy,3.059e-05,14.0,0.0004282599999999
BRD/BTC,1578512591267,2020-01-08T19:43:11.267Z,sell,3.06e-05,19.0,0.0005813999999999
BRD/BTC,1578512591519,2020-01-08T19:43:11.519Z,sell,3.06e-05,19.0,0.0005813999999999
BRD/BTC,1578512832490,2020-01-08T19:47:12.490Z,buy,3.081e-05,1.0,3.081e-05
BRD/BTC,1578512982252,2020-01-08T19:49:42.252Z,sell,3.067e-05,104.0,0.00318968
BRD/BTC,1578512982252,2020-01-08T19:49:42.252Z,sell,3.066e-05,199.0,0.00610134
BRD/BTC,1578512982252,2020-01-08T19:49:42.252Z,sell,3.059e-05,425.0,0.0130007499999999
BRD/BTC,1578513032112,2020-01-08T19:50:32.112Z,buy,3.08e-05,142.0,0.0043736
BRD/BTC,1578513032112,2020-01-08T19:50:32.112Z,buy,3.081e-05,208.0,0.0064084799999999
BRD/BTC,1578513076859,2020-01-08T19:51:16.859Z,buy,3.081e-05,1357.0,0.04180917
BRD/BTC,1578513076859,2020-01-08T19:51:16.859Z,buy,3.082e-05,67.0,0.00206494
BRD/BTC,1578513076859,2020-01-08T19:51:16.859Z,buy,3.083e-05,3.0,9.249e-05
BRD/BTC,1578513083553,2020-01-08T19:51:23.553Z,buy,3.083e-05,75.0,0.00231225
BRD/BTC,1578513083553,2020-01-08T19:51:23.553Z,buy,3.09e-05,35.0,0.0010815
BRD/BTC,1578513083553,2020-01-08T19:51:23.553Z,buy,3.094e-05,247.0,0.0076421799999999
BRD/BTC,1578513086413,2020-01-08T19:51:26.413Z,buy,3.094e-05,403.0,0.01246882
BRD/BTC,1578513086413,2020-01-08T19:51:26.413Z,buy,3.096e-05,218.0,0.00674928
BRD/BTC,1578513086413,2020-01-08T19:51:26.413Z,buy,3.101e-05,1147.0,0.03556847
BRD/BTC,1578513086413,2020-01-08T19:51:26.413Z,buy,3.108e-05,771.0,0.02396268
BRD/BTC,1578513087486,2020-01-08T19:51:27.486Z,buy,3.108e-05,117.0,0.00363636
BRD/BTC,1578513300608,2020-01-08T19:55:00.608Z,sell,3.085e-05,306.0,0.0094401
BRD/BTC,1578513302669,2020-01-08T19:55:02.669Z,sell,3.086e-05,233.0,0.00719038
BRD/BTC,1578513458413,2020-01-08T19:57:38.413Z,buy,3.089e-05,307.0,0.0094832299999999
BRD/BTC,1578513458413,2020-01-08T19:57:38.413Z,buy,3.097e-05,553.0,0.01712641
BRD/BTC,1578513821207,2020-01-08T20:03:41.207Z,sell,3.074e-05,138.0,0.00424212
BRD/BTC,1578513908205,2020-01-08T20:05:08.205Z,sell,3.071e-05,69.0,0.00211899
BRD/BTC,1578513908205,2020-01-08T20:05:08.205Z,sell,3.07e-05,1031.0,0.0316517
BRD/BTC,1578513940030,2020-01-08T20:05:40.030Z,buy,3.07e-05,58.0,0.0017806
BRD/BTC,1578513969926,2020-01-08T20:06:09.926Z,sell,3.067e-05,297.0,0.00910899
BRD/BTC,1578513969955,2020-01-08T20:06:09.955Z,buy,3.067e-05,243.0,0.00745281
BRD/BTC,1578513970008,2020-01-08T20:06:10.008Z,buy,3.067e-05,48.0,0.00147216
BRD/BTC,1578513970028,2020-01-08T20:06:10.028Z,buy,3.067e-05,62.0,0.00190154
BRD/BTC,1578513970069,2020-01-08T20:06:10.069Z,buy,3.067e-05,48.0,0.00147216
BRD/BTC,1578513970122,2020-01-08T20:06:10.122Z,buy,3.067e-05,48.0,0.00147216
BRD/BTC,1578513974632,2020-01-08T20:06:14.632Z,buy,3.067e-05,65.0,0.00199355
BRD/BTC,1578513976844,2020-01-08T20:06:16.844Z,buy,3.067e-05,535.0,0.01640845
BRD/BTC,1578514027136,2020-01-08T20:07:07.136Z,sell,3.064e-05,822.0,0.02518608
BRD/BTC,1578514027142,2020-01-08T20:07:07.142Z,buy,3.064e-05,327.0,0.01001928
BRD/BTC,1578514032631,2020-01-08T20:07:12.631Z,buy,3.077e-05,1.0,3.077e-05
BRD/BTC,1578514208850,2020-01-08T20:10:08.850Z,buy,3.076e-05,1.0,3.076e-05
BRD/BTC,1578514289228,2020-01-08T20:11:29.228Z,buy,3.076e-05,5.0,0.0001538
BRD/BTC,1578514639198,2020-01-08T20:17:19.198Z,buy,3.086e-05,408.0,0.01259088
BRD/BTC,1578514692211,2020-01-08T20:18:12.211Z,buy,3.086e-05,151.0,0.00465986
BRD/BTC,1578514731019,2020-01-08T20:18:51.019Z,sell,3.08e-05,1758.0,0.0541464
BRD/BTC,1578514731040,2020-01-08T20:18:51.040Z,buy,3.08e-05,406.0,0.0125048
BRD/BTC,1578514731060,2020-01-08T20:18:51.060Z,buy,3.08e-05,421.0,0.0129668
BRD/BTC,1578514731133,2020-01-08T20:18:51.133Z,buy,3.08e-05,64.0,0.0019712
BRD/BTC,1578514731657,2020-01-08T20:18:51.657Z,buy,3.08e-05,471.0,0.0145068
BRD/BTC,1578514732147,2020-01-08T20:18:52.147Z,sell,3.079e-05,166.0,0.00511114
BRD/BTC,1578514774993,2020-01-08T20:19:34.993Z,buy,3.08e-05,64.0,0.0019712
BRD/BTC,1578514777623,2020-01-08T20:19:37.623Z,buy,3.08e-05,294.0,0.0090552
BRD/BTC,1578514930842,2020-01-08T20:22:10.842Z,buy,3.088e-05,27.0,0.00083376
BRD/BTC,1578514930842,2020-01-08T20:22:10.842Z,buy,3.097e-05,109.0,0.00337573
BRD/BTC,1578515224583,2020-01-08T20:27:04.583Z,buy,3.094e-05,4.0,0.00012376
BRD/BTC,1578515224583,2020-01-08T20:27:04.583Z,buy,3.1e-05,116.0,0.003596
BRD/BTC,1578515224583,2020-01-08T20:27:04.583Z,buy,3.101e-05,475.0,0.01472975
BRD/BTC,1578515224583,2020-01-08T20:27:04.583Z,buy,3.108e-05,6.0,0.00018648
BRD/BTC,1578515224583,2020-01-08T20:27:04.583Z,buy,3.12e-05,641.0,0.0199991999999999
BRD/BTC,1578515224583,2020-01-08T20:27:04.583Z,buy,3.121e-05,858.0,0.02677818
BRD/BTC,1578515224583,2020-01-08T20:27:04.583Z,buy,3.122e-05,8.0,0.00024976
BRD/BTC,1578515224592,2020-01-08T20:27:04.592Z,sell,3.122e-05,116.0,0.00362152
BRD/BTC,1578515224592,2020-01-08T20:27:04.592Z,sell,3.122e-05,116.0,0.00362152
BRD/BTC,1578515224592,2020-01-08T20:27:04.592Z,sell,3.122e-05,116.0,0.00362152
BRD/BTC,1578515224592,2020-01-08T20:27:04.592Z,sell,3.122e-05,116.0,0.00362152
BRD/BTC,1578515224592,2020-01-08T20:27:04.592Z,sell,3.122e-05,116.0,0.00362152
BRD/BTC,1578515224593,2020-01-08T20:27:04.593Z,sell,3.122e-05,116.0,0.00362152
BRD/BTC,1578515224593,2020-01-08T20:27:04.593Z,sell,3.122e-05,116.0,0.00362152
BRD/BTC,1578515224593,2020-01-08T20:27:04.593Z,sell,3.122e-05,116.0,0.00362152
BRD/BTC,1578515224596,2020-01-08T20:27:04.596Z,sell,3.122e-05,116.0,0.00362152
BRD/BTC,1578515224596,2020-01-08T20:27:04.596Z,sell,3.122e-05,116.0,0.00362152
BRD/BTC,1578515224597,2020-01-08T20:27:04.597Z,sell,3.122e-05,116.0,0.00362152
BRD/BTC,1578515224597,2020-01-08T20:27:04.597Z,sell,3.122e-05,116.0,0.00362152
BRD/BTC,1578515224597,2020-01-08T20:27:04.597Z,sell,3.122e-05,116.0,0.00362152
BRD/BTC,1578515224598,2020-01-08T20:27:04.598Z,sell,3.122e-05,116.0,0.00362152
BRD/BTC,1578515224598,2020-01-08T20:27:04.598Z,sell,3.122e-05,116.0,0.00362152
BRD/BTC,1578515224599,2020-01-08T20:27:04.599Z,sell,3.122e-05,561.0,0.01751442
BRD/BTC,1578515224602,2020-01-08T20:27:04.602Z,sell,3.122e-05,116.0,0.00362152
BRD/BTC,1578515224602,2020-01-08T20:27:04.602Z,sell,3.122e-05,116.0,0.00362152
BRD/BTC,1578515224603,2020-01-08T20:27:04.603Z,sell,3.122e-05,116.0,0.00362152
BRD/BTC,1578515224603,2020-01-08T20:27:04.603Z,sell,3.122e-05,116.0,0.00362152
BRD/BTC,1578515224603,2020-01-08T20:27:04.603Z,sell,3.122e-05,116.0,0.00362152
BRD/BTC,1578515224604,2020-01-08T20:27:04.604Z,sell,3.122e-05,116.0,0.00362152
BRD/BTC,1578515224604,2020-01-08T20:27:04.604Z,sell,3.122e-05,116.0,0.00362152
BRD/BTC,1578515224605,2020-01-08T20:27:04.605Z,sell,3.122e-05,139.0,0.00433958
BRD/BTC,1578515224607,2020-01-08T20:27:04.607Z,sell,3.122e-05,116.0,0.00362152
BRD/BTC,1578515224607,2020-01-08T20:27:04.607Z,sell,3.122e-05,116.0,0.00362152
BRD/BTC,1578515224607,2020-01-08T20:27:04.607Z,sell,3.122e-05,116.0,0.00362152
BRD/BTC,1578515224607,2020-01-08T20:27:04.607Z,sell,3.122e-05,116.0,0.00362152
BRD/BTC,1578515224608,2020-01-08T20:27:04.608Z,sell,3.122e-05,116.0,0.00362152
BRD/BTC,1578515224608,2020-01-08T20:27:04.608Z,sell,3.122e-05,116.0,0.00362152
BRD/BTC,1578515224608,2020-01-08T20:27:04.608Z,sell,3.122e-05,116.0,0.00362152
BRD/BTC,1578515224608,2020-01-08T20:27:04.608Z,sell,3.122e-05,116.0,0.00362152
BRD/BTC,1578515224623,2020-01-08T20:27:04.623Z,sell,3.122e-05,449.0,0.01401778
BRD/BTC,1578515224624,2020-01-08T20:27:04.624Z,sell,3.122e-05,249.0,0.00777378
BRD/BTC,1578515224639,2020-01-08T20:27:04.639Z,sell,3.122e-05,273.0,0.00852306
BRD/BTC,1578515224644,2020-01-08T20:27:04.644Z,sell,3.122e-05,552.0,0.01723344
BRD/BTC,1578515224647,2020-01-08T20:27:04.647Z,sell,3.122e-05,298.0,0.00930356
BRD/BTC,1578515224649,2020-01-08T20:27:04.649Z,sell,3.122e-05,552.0,0.01723344
BRD/BTC,1578515224774,2020-01-08T20:27:04.774Z,sell,3.122e-05,120.0,0.0037464
BRD/BTC,1578515225733,2020-01-08T20:27:05.733Z,sell,3.122e-05,14.0,0.00043708
BRD/BTC,1578515355349,2020-01-08T20:29:15.349Z,sell,3.097e-05,4.0,0.00012388
BRD/BTC,1578515355349,2020-01-08T20:29:15.349Z,sell,3.097e-05,4.0,0.00012388
BRD/BTC,1578516108432,2020-01-08T20:41:48.432Z,sell,3.097e-05,120.0,0.0037164
BRD/BTC,1578516127855,2020-01-08T20:42:07.855Z,sell,3.092e-05,27.0,0.00083484
BRD/BTC,1578516127855,2020-01-08T20:42:07.855Z,sell,3.091e-05,489.0,0.01511499
BRD/BTC,1578516127855,2020-01-08T20:42:07.855Z,sell,3.09e-05,1298.0,0.0401082
BRD/BTC,1578516447755,2020-01-08T20:47:27.755Z,buy,3.108e-05,24.0,0.00074592
BRD/BTC,1578516833098,2020-01-08T20:53:53.098Z,sell,3.09e-05,721.0,0.0222789
BRD/BTC,1578516997931,2020-01-08T20:56:37.931Z,buy,3.108e-05,232.0,0.00721056
BRD/BTC,1578516997931,2020-01-08T20:56:37.931Z,buy,3.109e-05,208.0,0.00646672
BRD/BTC,1578516997931,2020-01-08T20:56:37.931Z,buy,3.124e-05,488.0,0.01524512
BRD/BTC,1578516997931,2020-01-08T20:56:37.931Z,buy,3.127e-05,32.0,0.00100064
BRD/BTC,1578516997931,2020-01-08T20:56:37.931Z,buy,3.131e-05,243.0,0.0076083299999999
BRD/BTC,1578516997931,2020-01-08T20:56:37.931Z,buy,3.134e-05,522.0,0.01635948
BRD/BTC,1578516997931,2020-01-08T20:56:37.931Z,buy,3.138e-05,107.0,0.00335766
BRD/BTC,1578517020108,2020-01-08T20:57:00.108Z,buy,3.108e-05,2943.0,0.09146844
BRD/BTC,1578517020108,2020-01-08T20:57:00.108Z,buy,3.139e-05,243.0,0.00762777
BRD/BTC,1578517040837,2020-01-08T20:57:20.837Z,buy,3.126e-05,38.0,0.00118788
BRD/BTC,1578517040837,2020-01-08T20:57:20.837Z,buy,3.129e-05,940.0,0.0294126
BRD/BTC,1578517040837,2020-01-08T20:57:20.837Z,buy,3.14e-05,6.0,0.0001883999999999
BRD/BTC,1578517040837,2020-01-08T20:57:20.837Z,buy,3.144e-05,239.0,0.0075141599999999
BRD/BTC,1578517040837,2020-01-08T20:57:20.837Z,buy,3.145e-05,386.0,0.0121397
BRD/BTC,1578517040837,2020-01-08T20:57:20.837Z,buy,3.147e-05,168.0,0.00528696
BRD/BTC,1578517040837,2020-01-08T20:57:20.837Z,buy,3.148e-05,312.0,0.0098217599999999
BRD/BTC,1578517040837,2020-01-08T20:57:20.837Z,buy,3.149e-05,808.0,0.02544392
BRD/BTC,1578517040837,2020-01-08T20:57:20.837Z,buy,3.15e-05,185.0,0.0058275
BRD/BTC,1578517040837,2020-01-08T20:57:20.837Z,buy,3.154e-05,8.0,0.00025232
BRD/BTC,1578517040837,2020-01-08T20:57:20.837Z,buy,3.157e-05,4.0,0.00012628
BRD/BTC,1578517045556,2020-01-08T20:57:25.556Z,buy,3.135e-05,6.0,0.0001881
BRD/BTC,1578517061409,2020-01-08T20:57:41.409Z,buy,3.135e-05,149.0,0.00467115
BRD/BTC,1578517061409,2020-01-08T20:57:41.409Z,buy,3.147e-05,808.0,0.02542776
BRD/BTC,1578517061409,2020-01-08T20:57:41.409Z,buy,3.157e-05,17.0,0.0005366899999999
BRD/BTC,1578517061409,2020-01-08T20:57:41.409Z,buy,3.161e-05,242.0,0.0076496199999999
BRD/BTC,1578517061409,2020-01-08T20:57:41.409Z,buy,3.162e-05,32.0,0.00101184
BRD/BTC,1578517061409,2020-01-08T20:57:41.409Z,buy,3.165e-05,149.0,0.00471585
BRD/BTC,1578517081650,2020-01-08T20:58:01.650Z,buy,3.145e-05,119.0,0.00374255
BRD/BTC,1578517081650,2020-01-08T20:58:01.650Z,buy,3.146e-05,940.0,0.0295724
BRD/BTC,1578517081650,2020-01-08T20:58:01.650Z,buy,3.163e-05,808.0,0.02555704
BRD/BTC,1578517081650,2020-01-08T20:58:01.650Z,buy,3.164e-05,238.0,0.00753032
BRD/BTC,1578517081650,2020-01-08T20:58:01.650Z,buy,3.165e-05,13.0,0.0004114499999999
BRD/BTC,1578517081650,2020-01-08T20:58:01.650Z,buy,3.167e-05,110.0,0.0034837
BRD/BTC,1578517081650,2020-01-08T20:58:01.650Z,buy,3.176e-05,300.0,0.009528
BRD/BTC,1578517099237,2020-01-08T20:58:19.237Z,buy,3.152e-05,119.0,0.00375088
BRD/BTC,1578517099237,2020-01-08T20:58:19.237Z,buy,3.153e-05,385.0,0.0121390499999999
BRD/BTC,1578517103037,2020-01-08T20:58:23.037Z,buy,3.153e-05,555.0,0.0174991499999999
BRD/BTC,1578517103043,2020-01-08T20:58:23.043Z,sell,3.153e-05,151.0,0.0047610299999999
BRD/BTC,1578517123324,2020-01-08T20:58:43.324Z,sell,3.141e-05,151.0,0.0047429099999999
BRD/BTC,1578517125636,2020-01-08T20:58:45.636Z,sell,3.143e-05,18.0,0.00056574
BRD/BTC,1578517136825,2020-01-08T20:58:56.825Z,sell,3.143e-05,121.0,0.00380303
BRD/BTC,1578517137670,2020-01-08T20:58:57.670Z,sell,3.143e-05,16.0,0.00050288
BRD/BTC,1578517195331,2020-01-08T20:59:55.331Z,sell,3.144e-05,17.0,0.0005344799999999
BRD/BTC,1578517200364,2020-01-08T21:00:00.364Z,sell,3.144e-05,47.0,0.0014776799999999
BRD/BTC,1578517229318,2020-01-08T21:00:29.318Z,sell,3.144e-05,52.0,0.0016348799999999
BRD/BTC,1578517229318,2020-01-08T21:00:29.318Z,sell,3.143e-05,749.0,0.02354107
BRD/BTC,1578517241442,2020-01-08T21:00:41.442Z,sell,3.125e-05,33.0,0.00103125
BRD/BTC,1578517241552,2020-01-08T21:00:41.552Z,sell,3.125e-05,131.0,0.00409375
BRD/BTC,1578517241578,2020-01-08T21:00:41.578Z,sell,3.125e-05,33.0,0.00103125
BRD/BTC,1578517241679,2020-01-08T21:00:41.679Z,sell,3.125e-05,33.0,0.00103125
BRD/BTC,1578517422685,2020-01-08T21:03:42.685Z,sell,3.138e-05,234.0,0.00734292
BRD/BTC,1578517422685,2020-01-08T21:03:42.685Z,sell,3.137e-05,471.0,0.01477527
BRD/BTC,1578517460060,2020-01-08T21:04:20.060Z,sell,3.135e-05,4.0,0.0001254
BRD/BTC,1578517836685,2020-01-08T21:10:36.685Z,sell,3.135e-05,198.0,0.0062073
BRD/BTC,1578517872076,2020-01-08T21:11:12.076Z,sell,3.135e-05,6.0,0.0001881
BRD/BTC,1578517884418,2020-01-08T21:11:24.418Z,sell,3.135e-05,25.0,0.00078375
BRD/BTC,1578518317225,2020-01-08T21:18:37.225Z,buy,3.145e-05,1.0,3.145e-05
BRD/BTC,1578518420698,2020-01-08T21:20:20.698Z,buy,3.141e-05,12.0,0.00037692
BRD/BTC,1578518422068,2020-01-08T21:20:22.068Z,buy,3.141e-05,25.0,0.0007852499999999
BRD/BTC,1578518422068,2020-01-08T21:20:22.068Z,buy,3.141e-05,25.0,0.0007852499999999
BRD/BTC,1578519212973,2020-01-08T21:33:32.973Z,sell,3.126e-05,98.0,0.00306348
BRD/BTC,1578519212973,2020-01-08T21:33:32.973Z,sell,3.125e-05,139.0,0.00434375
BRD/BTC,1578519307234,2020-01-08T21:35:07.234Z,buy,3.133e-05,329.0,0.01030757
BRD/BTC,1578519307234,2020-01-08T21:35:07.234Z,buy,3.136e-05,117.0,0.0036691199999999
BRD/BTC,1578519307234,2020-01-08T21:35:07.234Z,buy,3.137e-05,128.0,0.00401536
BRD/BTC,1578519307234,2020-01-08T21:35:07.234Z,buy,3.14e-05,67.0,0.0021038
BRD/BTC,1578519555327,2020-01-08T21:39:15.327Z,sell,3.128e-05,287.0,0.00897736
BRD/BTC,1578519555327,2020-01-08T21:39:15.327Z,sell,3.127e-05,535.0,0.01672945
BRD/BTC,1578519555327,2020-01-08T21:39:15.327Z,sell,3.12e-05,38.0,0.0011856
BRD/BTC,1578519900532,2020-01-08T21:45:00.532Z,sell,3.127e-05,79.0,0.0024703299999999
BRD/BTC,1578519900532,2020-01-08T21:45:00.532Z,sell,3.126e-05,81.0,0.00253206
BRD/BTC,1578519900532,2020-01-08T21:45:00.532Z,sell,3.123e-05,99.0,0.0030917699999999
BRD/BTC,1578519900532,2020-01-08T21:45:00.532Z,sell,3.122e-05,493.0,0.01539146
BRD/BTC,1578520510654,2020-01-08T21:55:10.654Z,sell,3.124e-05,499.0,0.01558876
BRD/BTC,1578521250236,2020-01-08T22:07:30.236Z,buy,3.133e-05,31.0,0.00097123
BRD/BTC,1578521250302,2020-01-08T22:07:30.302Z,buy,3.133e-05,31.0,0.00097123
BRD/BTC,1578521250358,2020-01-08T22:07:30.358Z,buy,3.133e-05,31.0,0.00097123
BRD/BTC,1578521250403,2020-01-08T22:07:30.403Z,buy,3.133e-05,23.0,0.00072059
BRD/BTC,1578521280789,2020-01-08T22:08:00.789Z,buy,3.133e-05,31.0,0.00097123
BRD/BTC,1578521280789,2020-01-08T22:08:00.789Z,buy,3.133e-05,31.0,0.00097123
BRD/BTC,1578523089279,2020-01-08T22:38:09.279Z,buy,3.131e-05,203.0,0.0063559299999999
BRD/BTC,1578523089279,2020-01-08T22:38:09.279Z,buy,3.132e-05,158.0,0.0049485599999999
BRD/BTC,1578523089279,2020-01-08T22:38:09.279Z,buy,3.133e-05,478.0,0.01497574
BRD/BTC,1578523089279,2020-01-08T22:38:09.279Z,buy,3.131e-05,203.0,0.0063559299999999
BRD/BTC,1578523089279,2020-01-08T22:38:09.279Z,buy,3.132e-05,158.0,0.0049485599999999
BRD/BTC,1578523089279,2020-01-08T22:38:09.279Z,buy,3.133e-05,478.0,0.01497574
BRD/BTC,1578525243502,2020-01-08T23:14:03.502Z,buy,3.133e-05,63.0,0.00197379
BRD/BTC,1578525244550,2020-01-08T23:14:04.550Z,buy,3.133e-05,63.0,0.00197379
BRD/BTC,1578525246123,2020-01-08T23:14:06.123Z,buy,3.133e-05,91.0,0.00285103
BRD/BTC,1578525261235,2020-01-08T23:14:21.235Z,buy,3.13e-05,324.0,0.0101412
BRD/BTC,1578525315393,2020-01-08T23:15:15.393Z,buy,3.133e-05,344.0,0.01077752
BRD/BTC,1578525315418,2020-01-08T23:15:15.418Z,buy,3.133e-05,802.0,0.02512666
BRD/BTC,1578525627698,2020-01-08T23:20:27.698Z,buy,3.133e-05,52.0,0.00162916
BRD/BTC,1578525627698,2020-01-08T23:20:27.698Z,buy,3.134e-05,516.0,0.01617144
BRD/BTC,1578525736629,2020-01-08T23:22:16.629Z,buy,3.14e-05,63.0,0.0019782
BRD/BTC,1578525736629,2020-01-08T23:22:16.629Z,buy,3.141e-05,56.0,0.00175896
BRD/BTC,1578525942932,2020-01-08T23:25:42.932Z,buy,3.141e-05,318.0,0.00998838
BRD/BTC,1578525942932,2020-01-08T23:25:42.932Z,buy,3.141e-05,318.0,0.00998838
BRD/BTC,1578527099817,2020-01-08T23:44:59.817Z,buy,3.141e-05,63.0,0.00197883
BRD/BTC,1578527150725,2020-01-08T23:45:50.725Z,buy,3.141e-05,84.0,0.0026384399999999
BRD/BTC,1578527150928,2020-01-08T23:45:50.928Z,buy,3.141e-05,63.0,0.00197883
BRD/BTC,1578527153251,2020-01-08T23:45:53.251Z,buy,3.141e-05,232.0,0.0072871199999999
BRD/BTC,1578527732737,2020-01-08T23:55:32.737Z,buy,3.141e-05,1.0,3.141e-05
BRD/BTC,1578528365201,2020-01-09T00:06:05.201Z,buy,3.141e-05,63.0,0.00197883
BRD/BTC,1578528369851,2020-01-09T00:06:09.851Z,buy,3.141e-05,414.0,0.01300374
BRD/BTC,1578528612000,2020-01-09T00:10:12.000Z,buy,3.141e-05,535.0,0.01680435
BRD/BTC,1578528639959,2020-01-09T00:10:39.959Z,buy,3.141e-05,1.0,3.141e-05
BRD/BTC,1578528707101,2020-01-09T00:11:47.101Z,buy,3.141e-05,73.0,0.00229293
BRD/BTC,1578529008372,2020-01-09T00:16:48.372Z,buy,3.141e-05,789.0,0.02478249
BRD/BTC,1578529008382,2020-01-09T00:16:48.382Z,buy,3.141e-05,398.0,0.0125011799999999
BRD/BTC,1578529008398,2020-01-09T00:16:48.398Z,buy,3.141e-05,352.0,0.01105632
BRD/BTC,1578529008398,2020-01-09T00:16:48.398Z,buy,3.142e-05,76.0,0.00238792
BRD/BTC,1578529244845,2020-01-09T00:20:44.845Z,buy,3.142e-05,36.0,0.00113112
BRD/BTC,1578529244845,2020-01-09T00:20:44.845Z,buy,3.142e-05,36.0,0.00113112
BRD/BTC,1578530484835,2020-01-09T00:41:24.835Z,buy,3.145e-05,1.0,3.145e-05
BRD/BTC,1578530836599,2020-01-09T00:47:16.599Z,buy,3.145e-05,1.0,3.145e-05
BRD/BTC,1578532057095,2020-01-09T01:07:37.095Z,buy,3.145e-05,24.0,0.0007547999999999
BRD/BTC,1578532171323,2020-01-09T01:09:31.323Z,buy,3.145e-05,340.0,0.010693
BRD/BTC,1578532562677,2020-01-09T01:16:02.677Z,buy,3.145e-05,1.0,3.145e-05
BRD/BTC,1578532747111,2020-01-09T01:19:07.111Z,buy,3.145e-05,41.0,0.00128945
BRD/BTC,1578532747111,2020-01-09T01:19:07.111Z,buy,3.145e-05,41.0,0.00128945
BRD/BTC,1578533470710,2020-01-09T01:31:10.710Z,buy,3.145e-05,1.0,3.145e-05
BRD/BTC,1578533720733,2020-01-09T01:35:20.733Z,buy,3.145e-05,361.0,0.01135345
BRD/BTC,1578533737608,2020-01-09T01:35:37.608Z,buy,3.145e-05,19.0,0.00059755
BRD/BTC,1578533790380,2020-01-09T01:36:30.380Z,buy,3.145e-05,202.0,0.0063529
BRD/BTC,1578533918538,2020-01-09T01:38:38.538Z,sell,3.142e-05,24.0,0.00075408
BRD/BTC,1578533990351,2020-01-09T01:39:50.351Z,buy,3.142e-05,1.0,3.142e-05
BRD/BTC,1578534128112,2020-01-09T01:42:08.112Z,buy,3.141e-05,4.0,0.00012564
BRD/BTC,1578535636814,2020-01-09T02:07:16.814Z,buy,3.141e-05,47.0,0.00147627
BRD/BTC,1578535637037,2020-01-09T02:07:17.037Z,buy,3.141e-05,221.0,0.00694161
BRD/BTC,1578535637080,2020-01-09T02:07:17.080Z,buy,3.141e-05,155.0,0.00486855
BRD/BTC,1578535637103,2020-01-09T02:07:17.103Z,buy,3.141e-05,2.0,6.282e-05
BRD/BTC,1578535637106,2020-01-09T02:07:17.106Z,buy,3.145e-05,9.0,0.0002830499999999
BRD/BTC,1578535637120,2020-01-09T02:07:17.120Z,buy,3.145e-05,221.0,0.0069504499999999
BRD/BTC,1578535637142,2020-01-09T02:07:17.142Z,buy,3.145e-05,74.0,0.0023273
BRD/BTC,1578535637196,2020-01-09T02:07:17.196Z,buy,3.145e-05,72.0,0.0022643999999999
BRD/BTC,1578535637196,2020-01-09T02:07:17.196Z,buy,3.148e-05,274.0,0.00862552
BRD/BTC,1578535637234,2020-01-09T02:07:17.234Z,buy,3.148e-05,1191.0,0.0374926799999999
BRD/BTC,1578535637234,2020-01-09T02:07:17.234Z,buy,3.162e-05,5.0,0.0001581
BRD/BTC,1578535637234,2020-01-09T02:07:17.234Z,buy,3.163e-05,151.0,0.00477613
BRD/BTC,1578535637234,2020-01-09T02:07:17.234Z,buy,3.17e-05,18.0,0.0005706
BRD/BTC,1578535637242,2020-01-09T02:07:17.242Z,sell,3.172e-05,586.0,0.01858792
BRD/BTC,1578535638619,2020-01-09T02:07:18.619Z,buy,3.153e-05,14.0,0.00044142
BRD/BTC,1578535703909,2020-01-09T02:08:23.909Z,buy,3.174e-05,25.0,0.0007934999999999
BRD/BTC,1578536222305,2020-01-09T02:17:02.305Z,buy,3.174e-05,54.0,0.0017139599999999
BRD/BTC,1578536222305,2020-01-09T02:17:02.305Z,buy,3.174e-05,54.0,0.0017139599999999
BRD/BTC,1578537316557,2020-01-09T02:35:16.557Z,sell,3.151e-05,301.0,0.00948451
BRD/BTC,1578537397099,2020-01-09T02:36:37.099Z,sell,3.141e-05,8.0,0.00025128
BRD/BTC,1578537397111,2020-01-09T02:36:37.111Z,buy,3.141e-05,291.0,0.00914031
BRD/BTC,1578537418641,2020-01-09T02:36:58.641Z,sell,3.147e-05,122.0,0.00383934
BRD/BTC,1578537418852,2020-01-09T02:36:58.852Z,buy,3.147e-05,1.0,3.147e-05
BRD/BTC,1578537418855,2020-01-09T02:36:58.855Z,sell,3.146e-05,5.0,0.0001573
BRD/BTC,1578537422055,2020-01-09T02:37:02.055Z,sell,3.146e-05,24.0,0.00075504
BRD/BTC,1578537614045,2020-01-09T02:40:14.045Z,sell,3.147e-05,6.0,0.00018882
BRD/BTC,1578537943021,2020-01-09T02:45:43.021Z,sell,3.147e-05,238.0,0.00748986
BRD/BTC,1578537943021,2020-01-09T02:45:43.021Z,sell,3.146e-05,102.0,0.00320892
BRD/BTC,1578537943021,2020-01-09T02:45:43.021Z,sell,3.147e-05,238.0,0.00748986
BRD/BTC,1578537943021,2020-01-09T02:45:43.021Z,sell,3.146e-05,102.0,0.00320892
BRD/BTC,1578540092174,2020-01-09T03:21:32.174Z,sell,3.146e-05,100.0,0.003146
BRD/BTC,1578540973298,2020-01-09T03:36:13.298Z,sell,3.146e-05,30.0,0.0009438
BRD/BTC,1578541011430,2020-01-09T03:36:51.430Z,sell,3.146e-05,103.0,0.00324038
BRD/BTC,1578541011430,2020-01-09T03:36:51.430Z,sell,3.141e-05,60.0,0.0018846
BRD/BTC,1578541247148,2020-01-09T03:40:47.148Z,sell,3.128e-05,65.0,0.0020331999999999
BRD/BTC,1578541247148,2020-01-09T03:40:47.148Z,sell,3.128e-05,1167.0,0.0365037599999999
BRD/BTC,1578541258599,2020-01-09T03:40:58.599Z,buy,3.145e-05,1.0,3.145e-05
BRD/BTC,1578541288103,2020-01-09T03:41:28.103Z,buy,3.133e-05,178.0,0.00557674
BRD/BTC,1578541502121,2020-01-09T03:45:02.121Z,buy,3.149e-05,1.0,3.149e-05
BRD/BTC,1578541514097,2020-01-09T03:45:14.097Z,buy,3.141e-05,1.0,3.141e-05
BRD/BTC,1578541514097,2020-01-09T03:45:14.097Z,buy,3.141e-05,1.0,3.141e-05
BRD/BTC,1578542115416,2020-01-09T03:55:15.416Z,buy,3.14e-05,1.0,3.14e-05
BRD/BTC,1578542430965,2020-01-09T04:00:30.965Z,buy,3.14e-05,35.0,0.001099
BRD/BTC,1578542455663,2020-01-09T04:00:55.663Z,buy,3.139e-05,40.0,0.0012556
BRD/BTC,1578542518681,2020-01-09T04:01:58.681Z,buy,3.14e-05,31.0,0.0009733999999999
BRD/BTC,1578542780838,2020-01-09T04:06:20.838Z,buy,3.14e-05,3.0,9.42e-05
BRD/BTC,1578542780838,2020-01-09T04:06:20.838Z,buy,3.148e-05,59.0,0.0018573199999999
BRD/BTC,1578542780838,2020-01-09T04:06:20.838Z,buy,3.171e-05,122.0,0.00386862
BRD/BTC,1578542780838,2020-01-09T04:06:20.838Z,buy,3.172e-05,98.0,0.00310856
BRD/BTC,1578542780838,2020-01-09T04:06:20.838Z,buy,3.173e-05,131.0,0.00415663
BRD/BTC,1578542780838,2020-01-09T04:06:20.838Z,buy,3.177e-05,49.0,0.00155673
BRD/BTC,1578544675092,2020-01-09T04:37:55.092Z,buy,3.164e-05,200.0,0.006328
BRD/BTC,1578544675092,2020-01-09T04:37:55.092Z,buy,3.164e-05,200.0,0.006328
BRD/BTC,1578545564726,2020-01-09T04:52:44.726Z,sell,3.153e-05,166.0,0.00523398
BRD/BTC,1578546849627,2020-01-09T05:14:09.627Z,sell,3.145e-05,37.0,0.00116365
BRD/BTC,1578547527842,2020-01-09T05:25:27.842Z,sell,3.151e-05,178.0,0.00560878
BRD/BTC,1578547527842,2020-01-09T05:25:27.842Z,sell,3.15e-05,98.0,0.003087
BRD/BTC,1578547527842,2020-01-09T05:25:27.842Z,sell,3.145e-05,674.0,0.0211973
BRD/BTC,1578547532744,2020-01-09T05:25:32.744Z,buy,3.157e-05,1.0,3.157e-05
BRD/BTC,1578547556118,2020-01-09T05:25:56.118Z,buy,3.174e-05,1.0,3.174e-05
BRD/BTC,1578547556118,2020-01-09T05:25:56.118Z,buy,3.174e-05,1.0,3.174e-05
BRD/BTC,1578549678467,2020-01-09T06:01:18.467Z,sell,3.141e-05,2913.0,0.09149733
BRD/BTC,1578549705122,2020-01-09T06:01:45.122Z,buy,3.153e-05,13.0,0.00040989
BRD/BTC,1578549705122,2020-01-09T06:01:45.122Z,buy,3.161e-05,1.0,3.161e-05
BRD/BTC,1578549713532,2020-01-09T06:01:53.532Z,buy,3.159e-05,55.0,0.00173745
BRD/BTC,1578549750145,2020-01-09T06:02:30.145Z,sell,3.147e-05,317.0,0.00997599
BRD/BTC,1578549750145,2020-01-09T06:02:30.145Z,sell,3.146e-05,268.0,0.00843128
BRD/BTC,1578549836834,2020-01-09T06:03:56.834Z,sell,3.146e-05,4.0,0.00012584
BRD/BTC,1578550586708,2020-01-09T06:16:26.708Z,sell,3.14e-05,95.0,0.002983
BRD/BTC,1578550607817,2020-01-09T06:16:47.817Z,sell,3.133e-05,455.0,0.01425515
BRD/BTC,1578550607827,2020-01-09T06:16:47.827Z,buy,3.133e-05,108.0,0.00338364
BRD/BTC,1578550823666,2020-01-09T06:20:23.666Z,buy,3.141e-05,34.0,0.0010679399999999
BRD/BTC,1578550841148,2020-01-09T06:20:41.148Z,buy,3.141e-05,283.0,0.00888903
BRD/BTC,1578550841148,2020-01-09T06:20:41.148Z,buy,3.141e-05,283.0,0.00888903
BRD/BTC,1578551619966,2020-01-09T06:33:39.966Z,buy,3.171e-05,183.0,0.0058029299999999
BRD/BTC,1578553680210,2020-01-09T07:08:00.210Z,buy,3.169e-05,1.0,3.169e-05
BRD/BTC,1578554023097,2020-01-09T07:13:43.097Z,buy,3.169e-05,1.0,3.169e-05
BRD/BTC,1578554023097,2020-01-09T07:13:43.097Z,buy,3.169e-05,1.0,3.169e-05
BRD/BTC,1578555172737,2020-01-09T07:32:52.737Z,buy,3.167e-05,283.0,0.00896261
BRD/BTC,1578555172737,2020-01-09T07:32:52.737Z,buy,3.168e-05,534.0,0.01691712
BRD/BTC,1578555172737,2020-01-09T07:32:52.737Z,buy,3.167e-05,283.0,0.00896261
BRD/BTC,1578555172737,2020-01-09T07:32:52.737Z,buy,3.168e-05,534.0,0.01691712
BRD/BTC,1578557819607,2020-01-09T08:16:59.607Z,sell,3.148e-05,95.0,0.0029905999999999
BRD/BTC,1578557820932,2020-01-09T08:17:00.932Z,buy,3.162e-05,11.0,0.00034782
BRD/BTC,1578558307640,2020-01-09T08:25:07.640Z,buy,3.146e-05,5.0,0.0001573
BRD/BTC,1578558432250,2020-01-09T08:27:12.250Z,sell,3.143e-05,14.0,0.00044002
BRD/BTC,1578558432250,2020-01-09T08:27:12.250Z,sell,3.143e-05,14.0,0.00044002
BRD/BTC,1578558913285,2020-01-09T08:35:13.285Z,buy,3.157e-05,98.0,0.00309386
BRD/BTC,1578558913285,2020-01-09T08:35:13.285Z,buy,3.158e-05,1010.0,0.0318958
BRD/BTC,1578559247441,2020-01-09T08:40:47.441Z,sell,3.145e-05,122.0,0.0038369
BRD/BTC,1578559247441,2020-01-09T08:40:47.441Z,sell,3.144e-05,225.0,0.0070739999999999
BRD/BTC,1578559247462,2020-01-09T08:40:47.462Z,buy,3.144e-05,323.0,0.0101551199999999
BRD/BTC,1578559247468,2020-01-09T08:40:47.468Z,buy,3.144e-05,207.0,0.0065080799999999
BRD/BTC,1578559247512,2020-01-09T08:40:47.512Z,buy,3.144e-05,207.0,0.0065080799999999
BRD/BTC,1578559247561,2020-01-09T08:40:47.561Z,buy,3.144e-05,61.0,0.0019178399999999
BRD/BTC,1578559250223,2020-01-09T08:40:50.223Z,buy,3.144e-05,49.0,0.0015405599999999
BRD/BTC,1578559270367,2020-01-09T08:41:10.367Z,buy,3.144e-05,406.0,0.0127646399999999
BRD/BTC,1578559302128,2020-01-09T08:41:42.128Z,buy,3.144e-05,276.0,0.00867744
BRD/BTC,1578559489656,2020-01-09T08:44:49.656Z,buy,3.144e-05,5.0,0.0001571999999999
BRD/BTC,1578559652534,2020-01-09T08:47:32.534Z,buy,3.144e-05,31.0,0.0009746399999999
BRD/BTC,1578559652585,2020-01-09T08:47:32.585Z,buy,3.144e-05,31.0,0.0009746399999999
BRD/BTC,1578559819918,2020-01-09T08:50:19.918Z,buy,3.144e-05,567.0,0.01782648
BRD/BTC,1578559858331,2020-01-09T08:50:58.331Z,buy,3.144e-05,112.0,0.00352128
BRD/BTC,1578559954060,2020-01-09T08:52:34.060Z,buy,3.144e-05,52.0,0.0016348799999999
BRD/BTC,1578560072239,2020-01-09T08:54:32.239Z,buy,3.144e-05,1448.0,0.0455251199999999
BRD/BTC,1578560424246,2020-01-09T09:00:24.246Z,sell,3.141e-05,199.0,0.0062505899999999
BRD/BTC,1578560424256,2020-01-09T09:00:24.256Z,sell,3.141e-05,45.0,0.00141345
BRD/BTC,1578560424256,2020-01-09T09:00:24.256Z,sell,3.14e-05,155.0,0.004867
BRD/BTC,1578560424260,2020-01-09T09:00:24.260Z,sell,3.137e-05,158.0,0.00495646
BRD/BTC,1578560424260,2020-01-09T09:00:24.260Z,sell,3.136e-05,23.0,0.0007212799999999
BRD/BTC,1578560561059,2020-01-09T09:02:41.059Z,sell,3.136e-05,286.0,0.00896896
BRD/BTC,1578560561059,2020-01-09T09:02:41.059Z,sell,3.136e-05,286.0,0.00896896
BRD/BTC,1578562271451,2020-01-09T09:31:11.451Z,sell,3.136e-05,276.0,0.0086553599999999
BRD/BTC,1578562405948,2020-01-09T09:33:25.948Z,buy,3.142e-05,1.0,3.142e-05
BRD/BTC,1578563090049,2020-01-09T09:44:50.049Z,sell,3.136e-05,5.0,0.0001568
BRD/BTC,1578563108009,2020-01-09T09:45:08.009Z,sell,3.136e-05,5.0,0.0001568
BRD/BTC,1578563572404,2020-01-09T09:52:52.404Z,sell,3.136e-05,707.0,0.02217152
BRD/BTC,1578563573138,2020-01-09T09:52:53.138Z,sell,3.136e-05,5.0,0.0001568
BRD/BTC,1578563729032,2020-01-09T09:55:29.032Z,sell,3.136e-05,943.0,0.0295724799999999
BRD/BTC,1578563729461,2020-01-09T09:55:29.461Z,sell,3.136e-05,5.0,0.0001568
BRD/BTC,1578563837295,2020-01-09T09:57:17.295Z,sell,3.136e-05,100.0,0.003136
BRD/BTC,1578563837295,2020-01-09T09:57:17.295Z,sell,3.136e-05,100.0,0.003136
BRD/BTC,1578564263392,2020-01-09T10:04:23.392Z,buy,3.147e-05,4.0,0.00012588
BRD/BTC,1578564820788,2020-01-09T10:13:40.788Z,sell,3.136e-05,193.0,0.00605248
BRD/BTC,1578564873564,2020-01-09T10:14:33.564Z,buy,3.147e-05,1.0,3.147e-05
BRD/BTC,1578564873564,2020-01-09T10:14:33.564Z,buy,3.15e-05,122.0,0.003843
BRD/BTC,1578564873564,2020-01-09T10:14:33.564Z,buy,3.151e-05,98.0,0.00308798
BRD/BTC,1578564873564,2020-01-09T10:14:33.564Z,buy,3.157e-05,516.0,0.0162901199999999
BRD/BTC,1578564873564,2020-01-09T10:14:33.564Z,buy,3.16e-05,51.0,0.0016116
BRD/BTC,1578564873564,2020-01-09T10:14:33.564Z,buy,3.171e-05,7.0,0.00022197
BRD/BTC,1578564873564,2020-01-09T10:14:33.564Z,buy,3.173e-05,433.0,0.01373909
BRD/BTC,1578564877571,2020-01-09T10:14:37.571Z,buy,3.172e-05,38.0,0.00120536
BRD/BTC,1578564877577,2020-01-09T10:14:37.577Z,buy,3.172e-05,206.0,0.00653432
BRD/BTC,1578564877577,2020-01-09T10:14:37.577Z,buy,3.173e-05,113.0,0.00358549
BRD/BTC,1578564877751,2020-01-09T10:14:37.751Z,sell,3.172e-05,4.0,0.00012688
BRD/BTC,1578564877876,2020-01-09T10:14:37.876Z,buy,3.173e-05,32.0,0.00101536
BRD/BTC,1578564877998,2020-01-09T10:14:37.998Z,buy,3.173e-05,32.0,0.00101536
BRD/BTC,1578564900376,2020-01-09T10:15:00.376Z,sell,3.154e-05,214.0,0.00674956
BRD/BTC,1578564900376,2020-01-09T10:15:00.376Z,sell,3.153e-05,31.0,0.0009774299999999
BRD/BTC,1578565537518,2020-01-09T10:25:37.518Z,sell,3.14e-05,73.0,0.0022922
BRD/BTC,1578566188892,2020-01-09T10:36:28.892Z,buy,3.161e-05,31.0,0.0009799099999999
BRD/BTC,1578566188892,2020-01-09T10:36:28.892Z,buy,3.173e-05,48.0,0.00152304
BRD/BTC,1578567091554,2020-01-09T10:51:31.554Z,buy,3.168e-05,147.0,0.00465696
BRD/BTC,1578567091554,2020-01-09T10:51:31.554Z,buy,3.169e-05,4.0,0.00012676
BRD/BTC,1578567091562,2020-01-09T10:51:31.562Z,sell,3.173e-05,164.0,0.00520372
BRD/BTC,1578567091598,2020-01-09T10:51:31.598Z,sell,3.148e-05,164.0,0.0051627199999999
BRD/BTC,1578567091598,2020-01-09T10:51:31.598Z,sell,3.148e-05,164.0,0.0051627199999999
BRD/BTC,1578568491562,2020-01-09T11:14:51.562Z,sell,3.152e-05,9.0,0.00028368
BRD/BTC,1578568519891,2020-01-09T11:15:19.891Z,buy,3.175e-05,12.0,0.000381
BRD/BTC,1578570429288,2020-01-09T11:47:09.288Z,buy,3.171e-05,1.0,3.171e-05
BRD/BTC,1578570429288,2020-01-09T11:47:09.288Z,buy,3.171e-05,1.0,3.171e-05
BRD/BTC,1578571727878,2020-01-09T12:08:47.878Z,sell,3.16e-05,4.0,0.0001264
BRD/BTC,1578573976236,2020-01-09T12:46:16.236Z,sell,3.143e-05,82.0,0.00257726
BRD/BTC,1578573976236,2020-01-09T12:46:16.236Z,sell,3.143e-05,82.0,0.00257726
BRD/BTC,1578574225905,2020-01-09T12:50:25.905Z,sell,3.142e-05,95.0,0.0029849
BRD/BTC,1578574412835,2020-01-09T12:53:32.835Z,sell,3.142e-05,29.0,0.00091118
BRD/BTC,1578574412835,2020-01-09T12:53:32.835Z,sell,3.139e-05,77.0,0.00241703
BRD/BTC,1578574412835,2020-01-09T12:53:32.835Z,sell,3.138e-05,47.0,0.00147486
BRD/BTC,1578574413525,2020-01-09T12:53:33.525Z,buy,3.142e-05,5.0,0.0001571
BRD/BTC,1578574520398,2020-01-09T12:55:20.398Z,sell,3.142e-05,145.0,0.0045559
BRD/BTC,1578574520398,2020-01-09T12:55:20.398Z,sell,3.139e-05,76.0,0.00238564
BRD/BTC,1578576737118,2020-01-09T13:32:17.118Z,sell,3.14e-05,329.0,0.0103305999999999
BRD/BTC,1578576737118,2020-01-09T13:32:17.118Z,sell,3.139e-05,1345.0,0.04221955
BRD/BTC,1578576916007,2020-01-09T13:35:16.007Z,buy,3.151e-05,4.0,0.00012604
BRD/BTC,1578576916007,2020-01-09T13:35:16.007Z,buy,3.154e-05,122.0,0.00384788
BRD/BTC,1578576916007,2020-01-09T13:35:16.007Z,buy,3.155e-05,50.0,0.0015775
BRD/BTC,1578576916007,2020-01-09T13:35:16.007Z,buy,3.158e-05,77.0,0.00243166
BRD/BTC,1578576916036,2020-01-09T13:35:16.036Z,sell,3.16e-05,189.0,0.0059724
BRD/BTC,1578576916042,2020-01-09T13:35:16.042Z,sell,3.16e-05,149.0,0.0047084
BRD/BTC,1578576916042,2020-01-09T13:35:16.042Z,sell,3.16e-05,149.0,0.0047084
BRD/BTC,1578578746591,2020-01-09T14:05:46.591Z,buy,3.16e-05,67.0,0.0021172
BRD/BTC,1578579863288,2020-01-09T14:24:23.288Z,buy,3.169e-05,4.0,0.00012676
BRD/BTC,1578579863288,2020-01-09T14:24:23.288Z,buy,3.174e-05,244.0,0.0077445599999999
BRD/BTC,1578579863288,2020-01-09T14:24:23.288Z,buy,3.175e-05,67.0,0.00212725
BRD/BTC,1578580209280,2020-01-09T14:30:09.280Z,buy,3.175e-05,91.0,0.00288925
BRD/BTC,1578580209280,2020-01-09T14:30:09.280Z,buy,3.176e-05,108.0,0.00343008
BRD/BTC,1578580309695,2020-01-09T14:31:49.695Z,buy,3.177e-05,70.0,0.0022239
BRD/BTC,1578580309695,2020-01-09T14:31:49.695Z,buy,3.178e-05,129.0,0.00409962
BRD/BTC,1578580398164,2020-01-09T14:33:18.164Z,buy,3.178e-05,500.0,0.0158899999999999
BRD/BTC,1578580406711,2020-01-09T14:33:26.711Z,buy,3.178e-05,863.0,0.0274261399999999
BRD/BTC,1578580406717,2020-01-09T14:33:26.717Z,sell,3.178e-05,889.0,0.0282524199999999
BRD/BTC,1578580406719,2020-01-09T14:33:26.719Z,sell,3.178e-05,889.0,0.0282524199999999
BRD/BTC,1578580406725,2020-01-09T14:33:26.725Z,sell,3.178e-05,318.0,0.0101060399999999
BRD/BTC,1578580406727,2020-01-09T14:33:26.727Z,sell,3.178e-05,297.0,0.00943866
BRD/BTC,1578580406728,2020-01-09T14:33:26.728Z,sell,3.178e-05,19.0,0.0006038199999999
BRD/BTC,1578580406741,2020-01-09T14:33:26.741Z,sell,3.178e-05,226.0,0.0071822799999999
BRD/BTC,1578580406754,2020-01-09T14:33:26.754Z,sell,3.178e-05,236.0,0.0075000799999999
BRD/BTC,1578580406757,2020-01-09T14:33:26.757Z,sell,3.178e-05,101.0,0.0032097799999999
BRD/BTC,1578580406798,2020-01-09T14:33:26.798Z,sell,3.178e-05,72.0,0.00228816
BRD/BTC,1578580406814,2020-01-09T14:33:26.814Z,sell,3.178e-05,121.0,0.00384538
BRD/BTC,1578580406867,2020-01-09T14:33:26.867Z,sell,3.178e-05,158.0,0.00502124
BRD/BTC,1578580406877,2020-01-09T14:33:26.877Z,sell,3.178e-05,36.0,0.00114408
BRD/BTC,1578580406932,2020-01-09T14:33:26.932Z,sell,3.178e-05,48.0,0.0015254399999999
BRD/BTC,1578580406963,2020-01-09T14:33:26.963Z,sell,3.178e-05,16.0,0.00050848
BRD/BTC,1578580407059,2020-01-09T14:33:27.059Z,sell,3.178e-05,20.0,0.0006355999999999
BRD/BTC,1578580407646,2020-01-09T14:33:27.646Z,sell,3.178e-05,367.0,0.0116632599999999
BRD/BTC,1578580413480,2020-01-09T14:33:33.480Z,buy,3.178e-05,1.0,3.178e-05
BRD/BTC,1578580413480,2020-01-09T14:33:33.480Z,buy,3.178e-05,1.0,3.178e-05
BRD/BTC,1578580547951,2020-01-09T14:35:47.951Z,sell,3.163e-05,1528.0,0.04833064
BRD/BTC,1578580547951,2020-01-09T14:35:47.951Z,sell,3.162e-05,157.0,0.0049643399999999
BRD/BTC,1578580547951,2020-01-09T14:35:47.951Z,sell,3.161e-05,292.0,0.00923012
BRD/BTC,1578580547951,2020-01-09T14:35:47.951Z,sell,3.16e-05,133.0,0.0042028
BRD/BTC,1578580547951,2020-01-09T14:35:47.951Z,sell,3.157e-05,1143.0,0.03608451
BRD/BTC,1578580547951,2020-01-09T14:35:47.951Z,sell,3.15e-05,648.0,0.020412
BRD/BTC,1578580547951,2020-01-09T14:35:47.951Z,sell,3.139e-05,770.0,0.0241703
BRD/BTC,1578580560649,2020-01-09T14:36:00.649Z,buy,3.171e-05,1.0,3.171e-05
BRD/BTC,1578580687884,2020-01-09T14:38:07.884Z,sell,3.152e-05,32.0,0.00100864
BRD/BTC,1578581305204,2020-01-09T14:48:25.204Z,buy,3.153e-05,405.0,0.0127696499999999
BRD/BTC,1578581305212,2020-01-09T14:48:25.212Z,buy,3.153e-05,214.0,0.00674742
BRD/BTC,1578581305222,2020-01-09T14:48:25.222Z,buy,3.153e-05,275.0,0.00867075
BRD/BTC,1578581305226,2020-01-09T14:48:25.226Z,buy,3.153e-05,70.0,0.0022071
BRD/BTC,1578581305226,2020-01-09T14:48:25.226Z,buy,3.153e-05,137.0,0.00431961
BRD/BTC,1578581305258,2020-01-09T14:48:25.258Z,buy,3.153e-05,405.0,0.0127696499999999
BRD/BTC,1578581305279,2020-01-09T14:48:25.279Z,buy,3.153e-05,109.0,0.0034367699999999
BRD/BTC,1578581305337,2020-01-09T14:48:25.337Z,buy,3.153e-05,109.0,0.0034367699999999
BRD/BTC,1578581305391,2020-01-09T14:48:25.391Z,buy,3.153e-05,33.0,0.00104049
BRD/BTC,1578581309908,2020-01-09T14:48:29.908Z,buy,3.152e-05,143.0,0.00450736
BRD/BTC,1578581324005,2020-01-09T14:48:44.005Z,buy,3.152e-05,12.0,0.00037824
BRD/BTC,1578581325161,2020-01-09T14:48:45.161Z,buy,3.153e-05,271.0,0.00854463
BRD/BTC,1578581368179,2020-01-09T14:49:28.179Z,buy,3.153e-05,4476.0,0.14112828
BRD/BTC,1578581649375,2020-01-09T14:54:09.375Z,sell,3.148e-05,60.0,0.0018887999999999
BRD/BTC,1578582616385,2020-01-09T15:10:16.385Z,sell,3.148e-05,60.0,0.0018887999999999
BRD/BTC,1578582616385,2020-01-09T15:10:16.385Z,sell,3.148e-05,60.0,0.0018887999999999
BRD/BTC,1578584336947,2020-01-09T15:38:56.947Z,sell,3.148e-05,275.0,0.008657
BRD/BTC,1578586101938,2020-01-09T16:08:21.938Z,sell,3.148e-05,69.0,0.0021721199999999
BRD/BTC,1578586102138,2020-01-09T16:08:22.138Z,sell,3.148e-05,424.0,0.0133475199999999
BRD/BTC,1578586102178,2020-01-09T16:08:22.178Z,buy,3.167e-05,52.0,0.00164684
BRD/BTC,1578586115223,2020-01-09T16:08:35.223Z,sell,3.149e-05,106.0,0.0033379399999999
BRD/BTC,1578586115694,2020-01-09T16:08:35.694Z,sell,3.148e-05,162.0,0.0050997599999999
BRD/BTC,1578586115694,2020-01-09T16:08:35.694Z,sell,3.148e-05,162.0,0.0050997599999999
BRD/BTC,1578586340548,2020-01-09T16:12:20.548Z,sell,3.149e-05,126.0,0.00396774
BRD/BTC,1578586872782,2020-01-09T16:21:12.782Z,sell,3.149e-05,503.0,0.0158394699999999
BRD/BTC,1578586873204,2020-01-09T16:21:13.204Z,sell,3.149e-05,31.0,0.0009761899999999
BRD/BTC,1578586873489,2020-01-09T16:21:13.489Z,sell,3.149e-05,31.0,0.0009761899999999
BRD/BTC,1578586873606,2020-01-09T16:21:13.606Z,sell,3.149e-05,31.0,0.0009761899999999
BRD/BTC,1578586873706,2020-01-09T16:21:13.706Z,sell,3.149e-05,31.0,0.0009761899999999
BRD/BTC,1578586873944,2020-01-09T16:21:13.944Z,sell,3.149e-05,31.0,0.0009761899999999
BRD/BTC,1578586875820,2020-01-09T16:21:15.820Z,sell,3.15e-05,63.0,0.0019845
BRD/BTC,1578586889283,2020-01-09T16:21:29.283Z,sell,3.149e-05,211.0,0.00664439
BRD/BTC,1578586906426,2020-01-09T16:21:46.426Z,sell,3.148e-05,243.0,0.0076496399999999
BRD/BTC,1578586949053,2020-01-09T16:22:29.053Z,buy,3.162e-05,63.0,0.00199206
BRD/BTC,1578587907275,2020-01-09T16:38:27.275Z,buy,3.16e-05,243.0,0.0076788
BRD/BTC,1578587907275,2020-01-09T16:38:27.275Z,buy,3.162e-05,79.0,0.00249798
BRD/BTC,1578587907275,2020-01-09T16:38:27.275Z,buy,3.167e-05,927.0,0.02935809
BRD/BTC,1578587907275,2020-01-09T16:38:27.275Z,buy,3.168e-05,1211.0,0.03836448
BRD/BTC,1578587907275,2020-01-09T16:38:27.275Z,buy,3.17e-05,590.0,0.0187029999999999
BRD/BTC,1578587918461,2020-01-09T16:38:38.461Z,buy,3.17e-05,22.0,0.0006973999999999
BRD/BTC,1578587918461,2020-01-09T16:38:38.461Z,buy,3.175e-05,44.0,0.001397
BRD/BTC,1578587978186,2020-01-09T16:39:38.186Z,sell,3.149e-05,46.0,0.00144854
BRD/BTC,1578587978186,2020-01-09T16:39:38.186Z,sell,3.149e-05,46.0,0.00144854
BRD/BTC,1578589927449,2020-01-09T17:12:07.449Z,sell,3.15e-05,126.0,0.003969
BRD/BTC,1578590614664,2020-01-09T17:23:34.664Z,sell,3.151e-05,243.0,0.00765693
BRD/BTC,1578590665005,2020-01-09T17:24:25.005Z,buy,3.163e-05,1.0,3.163e-05
BRD/BTC,1578591240249,2020-01-09T17:34:00.249Z,sell,3.149e-05,168.0,0.0052903199999999
BRD/BTC,1578591240249,2020-01-09T17:34:00.249Z,sell,3.149e-05,168.0,0.0052903199999999
BRD/BTC,1578592235624,2020-01-09T17:50:35.624Z,sell,3.149e-05,39.0,0.00122811
BRD/BTC,1578592235624,2020-01-09T17:50:35.624Z,sell,3.149e-05,39.0,0.00122811
BRD/BTC,1578596020744,2020-01-09T18:53:40.744Z,sell,3.149e-05,49.0,0.0015430099999999
BRD/BTC,1578596020744,2020-01-09T18:53:40.744Z,sell,3.149e-05,49.0,0.0015430099999999
BRD/BTC,1578598165232,2020-01-09T19:29:25.232Z,sell,3.149e-05,95.0,0.00299155
BRD/BTC,1578598176713,2020-01-09T19:29:36.713Z,sell,3.139e-05,110.0,0.0034529
BRD/BTC,1578598491763,2020-01-09T19:34:51.763Z,sell,3.142e-05,4.0,0.00012568
BRD/BTC,1578598491763,2020-01-09T19:34:51.763Z,sell,3.139e-05,51.0,0.00160089
BRD/BTC,1578598666958,2020-01-09T19:37:46.958Z,buy,3.151e-05,5.0,0.00015755
BRD/BTC,1578598666958,2020-01-09T19:37:46.958Z,buy,3.169e-05,10.0,0.0003169
BRD/BTC,1578598686208,2020-01-09T19:38:06.208Z,buy,3.159e-05,172.0,0.00543348
BRD/BTC,1578598686229,2020-01-09T19:38:06.229Z,sell,3.16e-05,175.0,0.00553
BRD/BTC,1578598811359,2020-01-09T19:40:11.359Z,sell,3.161e-05,255.0,0.00806055
BRD/BTC,1578598824417,2020-01-09T19:40:24.417Z,sell,3.16e-05,208.0,0.0065728
BRD/BTC,1578599401256,2020-01-09T19:50:01.256Z,buy,3.153e-05,24.0,0.00075672
BRD/BTC,1578599493186,2020-01-09T19:51:33.186Z,sell,3.138e-05,19.0,0.00059622
BRD/BTC,1578599493186,2020-01-09T19:51:33.186Z,sell,3.138e-05,19.0,0.00059622
BRD/BTC,1578600069420,2020-01-09T20:01:09.420Z,buy,3.149e-05,219.0,0.0068963099999999
BRD/BTC,1578600069420,2020-01-09T20:01:09.420Z,buy,3.156e-05,100.0,0.003156
BRD/BTC,1578600069420,2020-01-09T20:01:09.420Z,buy,3.157e-05,668.0,0.0210887599999999
BRD/BTC,1578600069420,2020-01-09T20:01:09.420Z,buy,3.163e-05,4.0,0.00012652
BRD/BTC,1578600069420,2020-01-09T20:01:09.420Z,buy,3.167e-05,100.0,0.003167
BRD/BTC,1578600069427,2020-01-09T20:01:09.427Z,sell,3.168e-05,1268.0,0.04017024
BRD/BTC,1578600069445,2020-01-09T20:01:09.445Z,sell,3.168e-05,390.0,0.0123552
BRD/BTC,1578600069448,2020-01-09T20:01:09.448Z,sell,3.168e-05,292.0,0.00925056
BRD/BTC,1578600069457,2020-01-09T20:01:09.457Z,sell,3.168e-05,115.0,0.0036432
BRD/BTC,1578600237251,2020-01-09T20:03:57.251Z,sell,3.151e-05,6.0,0.00018906
BRD/BTC,1578600743663,2020-01-09T20:12:23.663Z,sell,3.151e-05,94.0,0.00296194
BRD/BTC,1578600820736,2020-01-09T20:13:40.736Z,sell,3.145e-05,63.0,0.0019813499999999
BRD/BTC,1578601011006,2020-01-09T20:16:51.006Z,sell,3.145e-05,326.0,0.0102527
BRD/BTC,1578601015130,2020-01-09T20:16:55.130Z,sell,3.145e-05,953.0,0.0299718499999999
BRD/BTC,1578601116333,2020-01-09T20:18:36.333Z,sell,3.138e-05,3475.0,0.1090455
BRD/BTC,1578601116333,2020-01-09T20:18:36.333Z,sell,3.136e-05,984.0,0.03085824
BRD/BTC,1578602597760,2020-01-09T20:43:17.760Z,sell,3.137e-05,315.0,0.00988155
BRD/BTC,1578602597760,2020-01-09T20:43:17.760Z,sell,3.137e-05,315.0,0.00988155
BRD/BTC,1578603111395,2020-01-09T20:51:51.395Z,buy,3.174e-05,1.0,3.174e-05
BRD/BTC,1578603132758,2020-01-09T20:52:12.758Z,buy,3.172e-05,122.0,0.00386984
BRD/BTC,1578603148507,2020-01-09T20:52:28.507Z,buy,3.172e-05,75.0,0.002379
BRD/BTC,1578603167396,2020-01-09T20:52:47.396Z,buy,3.172e-05,263.0,0.00834236
BRD/BTC,1578603171022,2020-01-09T20:52:51.022Z,buy,3.174e-05,131.0,0.00415794
BRD/BTC,1578603186494,2020-01-09T20:53:06.494Z,buy,3.174e-05,1096.0,0.03478704
BRD/BTC,1578603186494,2020-01-09T20:53:06.494Z,buy,3.176e-05,158.0,0.00501808
BRD/BTC,1578603186494,2020-01-09T20:53:06.494Z,buy,3.177e-05,3143.0,0.09985311
BRD/BTC,1578603213288,2020-01-09T20:53:33.288Z,buy,3.178e-05,571.0,0.01814638
BRD/BTC,1578603224110,2020-01-09T20:53:44.110Z,buy,3.178e-05,167.0,0.0053072599999999
BRD/BTC,1578603224977,2020-01-09T20:53:44.977Z,buy,3.178e-05,82.0,0.0026059599999999
BRD/BTC,1578603225188,2020-01-09T20:53:45.188Z,buy,3.178e-05,73.0,0.00231994
BRD/BTC,1578603290006,2020-01-09T20:54:50.006Z,sell,3.165e-05,15.0,0.0004747499999999
BRD/BTC,1578603347636,2020-01-09T20:55:47.636Z,buy,3.178e-05,1.0,3.178e-05
BRD/BTC,1578603674090,2020-01-09T21:01:14.090Z,sell,3.157e-05,1203.0,0.03797871
BRD/BTC,1578603674090,2020-01-09T21:01:14.090Z,sell,3.156e-05,157.0,0.00495492
BRD/BTC,1578603674090,2020-01-09T21:01:14.090Z,sell,3.155e-05,1137.0,0.03587235
BRD/BTC,1578603674090,2020-01-09T21:01:14.090Z,sell,3.152e-05,16.0,0.00050432
BRD/BTC,1578603674090,2020-01-09T21:01:14.090Z,sell,3.149e-05,643.0,0.02024807
BRD/BTC,1578603778462,2020-01-09T21:02:58.462Z,buy,3.172e-05,47.0,0.00149084
BRD/BTC,1578603778555,2020-01-09T21:02:58.555Z,buy,3.172e-05,196.0,0.00621712
BRD/BTC,1578603826235,2020-01-09T21:03:46.235Z,buy,3.178e-05,1.0,3.178e-05
BRD/BTC,1578603858111,2020-01-09T21:04:18.111Z,buy,3.177e-05,1.0,3.177e-05
BRD/BTC,1578606192920,2020-01-09T21:43:12.920Z,sell,3.153e-05,122.0,0.0038466599999999
BRD/BTC,1578606192920,2020-01-09T21:43:12.920Z,sell,3.152e-05,36.0,0.00113472
BRD/BTC,1578606192920,2020-01-09T21:43:12.920Z,sell,3.153e-05,122.0,0.0038466599999999
BRD/BTC,1578606192920,2020-01-09T21:43:12.920Z,sell,3.152e-05,36.0,0.00113472
BRD/BTC,1578606814656,2020-01-09T21:53:34.656Z,buy,3.162e-05,122.0,0.00385764
BRD/BTC,1578606831371,2020-01-09T21:53:51.371Z,buy,3.163e-05,183.0,0.00578829
BRD/BTC,1578607029018,2020-01-09T21:57:09.018Z,buy,3.163e-05,336.0,0.01062768
BRD/BTC,1578607029099,2020-01-09T21:57:09.099Z,buy,3.163e-05,4.0,0.00012652
BRD/BTC,1578607591887,2020-01-09T22:06:31.887Z,sell,3.154e-05,134.0,0.00422636
BRD/BTC,1578608604195,2020-01-09T22:23:24.195Z,sell,3.154e-05,4.0,0.00012616
BRD/BTC,1578608604195,2020-01-09T22:23:24.195Z,sell,3.152e-05,2.0,6.304e-05
BRD/BTC,1578609713460,2020-01-09T22:41:53.460Z,sell,3.154e-05,14.0,0.00044156
BRD/BTC,1578609713460,2020-01-09T22:41:53.460Z,sell,3.154e-05,14.0,0.00044156
BRD/BTC,1578609877285,2020-01-09T22:44:37.285Z,sell,3.152e-05,121.0,0.00381392
BRD/BTC,1578609877459,2020-01-09T22:44:37.459Z,sell,3.152e-05,70.0,0.0022064
BRD/BTC,1578609877572,2020-01-09T22:44:37.572Z,sell,3.152e-05,158.0,0.00498016
BRD/BTC,1578609877673,2020-01-09T22:44:37.673Z,sell,3.152e-05,15.0,0.0004728
BRD/BTC,1578609877673,2020-01-09T22:44:37.673Z,sell,3.151e-05,30.0,0.0009453
BRD/BTC,1578609877834,2020-01-09T22:44:37.834Z,sell,3.151e-05,40.0,0.0012604
BRD/BTC,1578609877834,2020-01-09T22:44:37.834Z,sell,3.15e-05,158.0,0.004977
BRD/BTC,1578609877834,2020-01-09T22:44:37.834Z,sell,3.145e-05,45.0,0.0014152499999999
BRD/BTC,1578609877834,2020-01-09T22:44:37.834Z,sell,3.144e-05,406.0,0.0127646399999999
BRD/BTC,1578609877940,2020-01-09T22:44:37.940Z,sell,3.145e-05,716.0,0.0225182
BRD/BTC,1578609877940,2020-01-09T22:44:37.940Z,sell,3.144e-05,416.0,0.0130790399999999
BRD/BTC,1578610538295,2020-01-09T22:55:38.295Z,buy,3.162e-05,63.0,0.00199206
BRD/BTC,1578610910292,2020-01-09T23:01:50.292Z,buy,3.162e-05,85.0,0.0026877
BRD/BTC,1578610910346,2020-01-09T23:01:50.346Z,buy,3.162e-05,31.0,0.00098022
BRD/BTC,1578611741538,2020-01-09T23:15:41.538Z,buy,3.162e-05,5.0,0.0001581
BRD/BTC,1578611752873,2020-01-09T23:15:52.873Z,sell,3.151e-05,281.0,0.00885431
BRD/BTC,1578611752884,2020-01-09T23:15:52.884Z,buy,3.151e-05,890.0,0.0280439
BRD/BTC,1578611752888,2020-01-09T23:15:52.888Z,buy,3.151e-05,63.0,0.00198513
BRD/BTC,1578611752889,2020-01-09T23:15:52.889Z,buy,3.151e-05,19.0,0.00059869
BRD/BTC,1578611752889,2020-01-09T23:15:52.889Z,buy,3.151e-05,52.0,0.00163852
BRD/BTC,1578611753912,2020-01-09T23:15:53.912Z,buy,3.15e-05,181.0,0.0057015
BRD/BTC,1578611765825,2020-01-09T23:16:05.825Z,sell,3.145e-05,129.0,0.0040570499999999
BRD/BTC,1578611765836,2020-01-09T23:16:05.836Z,buy,3.145e-05,129.0,0.0040570499999999
BRD/BTC,1578611896444,2020-01-09T23:18:16.444Z,buy,3.144e-05,275.0,0.008646
BRD/BTC,1578611896518,2020-01-09T23:18:16.518Z,buy,3.144e-05,183.0,0.00575352
BRD/BTC,1578611962820,2020-01-09T23:19:22.820Z,sell,3.138e-05,73.0,0.00229074
BRD/BTC,1578612090225,2020-01-09T23:21:30.225Z,buy,3.144e-05,282.0,0.0088660799999999
BRD/BTC,1578612282470,2020-01-09T23:24:42.470Z,buy,3.144e-05,306.0,0.00962064
BRD/BTC,1578612873643,2020-01-09T23:34:33.643Z,buy,3.144e-05,337.0,0.0105952799999999
BRD/BTC,1578613009313,2020-01-09T23:36:49.313Z,buy,3.144e-05,102.0,0.0032068799999999
BRD/BTC,1578613009371,2020-01-09T23:36:49.371Z,buy,3.144e-05,102.0,0.0032068799999999
BRD/BTC,1578613009430,2020-01-09T23:36:49.430Z,buy,3.144e-05,31.0,0.0009746399999999
BRD/BTC,1578613201937,2020-01-09T23:40:01.937Z,buy,3.144e-05,172.0,0.00540768
BRD/BTC,1578613238326,2020-01-09T23:40:38.326Z,buy,3.145e-05,305.0,0.00959225
BRD/BTC,1578613281329,2020-01-09T23:41:21.329Z,buy,3.145e-05,249.0,0.0078310499999999
BRD/BTC,1578613306708,2020-01-09T23:41:46.708Z,buy,3.145e-05,535.0,0.01682575
BRD/BTC,1578613306708,2020-01-09T23:41:46.708Z,buy,3.145e-05,535.0,0.01682575
BRD/BTC,1578613514644,2020-01-09T23:45:14.644Z,buy,3.145e-05,114.0,0.0035853
BRD/BTC,1578613759254,2020-01-09T23:49:19.254Z,buy,3.145e-05,189.0,0.0059440499999999
BRD/BTC,1578613759932,2020-01-09T23:49:19.932Z,buy,3.145e-05,361.0,0.01135345
BRD/BTC,1578613760919,2020-01-09T23:49:20.919Z,buy,3.145e-05,202.0,0.0063529
BRD/BTC,1578613763484,2020-01-09T23:49:23.484Z,buy,3.145e-05,65.0,0.00204425
BRD/BTC,1578613763772,2020-01-09T23:49:23.772Z,buy,3.145e-05,84.0,0.0026417999999999
BRD/BTC,1578613766338,2020-01-09T23:49:26.338Z,buy,3.145e-05,164.0,0.0051578
BRD/BTC,1578613785662,2020-01-09T23:49:45.662Z,buy,3.145e-05,333.0,0.0104728499999999
BRD/BTC,1578613854625,2020-01-09T23:50:54.625Z,buy,3.145e-05,126.0,0.0039626999999999
BRD/BTC,1578613864625,2020-01-09T23:51:04.625Z,buy,3.145e-05,360.0,0.0113219999999999
BRD/BTC,1578614042787,2020-01-09T23:54:02.787Z,buy,3.145e-05,423.0,0.01330335
BRD/BTC,1578614082350,2020-01-09T23:54:42.350Z,buy,3.145e-05,81.0,0.0025474499999999
BRD/BTC,1578614449113,2020-01-10T00:00:49.113Z,buy,3.144e-05,31.0,0.0009746399999999
BRD/BTC,1578614468082,2020-01-10T00:01:08.082Z,buy,3.144e-05,4.0,0.00012576
BRD/BTC,1578615511211,2020-01-10T00:18:31.211Z,buy,3.145e-05,31.0,0.0009749499999999
BRD/BTC,1578615511314,2020-01-10T00:18:31.314Z,buy,3.145e-05,178.0,0.0055981
BRD/BTC,1578615511367,2020-01-10T00:18:31.367Z,buy,3.145e-05,178.0,0.0055981
BRD/BTC,1578615511425,2020-01-10T00:18:31.425Z,buy,3.145e-05,54.0,0.0016983
BRD/BTC,1578615525835,2020-01-10T00:18:45.835Z,buy,3.149e-05,5.0,0.00015745
BRD/BTC,1578615525835,2020-01-10T00:18:45.835Z,buy,3.15e-05,157.0,0.0049455
BRD/BTC,1578615541120,2020-01-10T00:19:01.120Z,sell,3.142e-05,125.0,0.0039275
BRD/BTC,1578615541138,2020-01-10T00:19:01.138Z,buy,3.14e-05,418.0,0.0131251999999999
BRD/BTC,1578615555208,2020-01-10T00:19:15.208Z,sell,3.136e-05,8.0,0.00025088
BRD/BTC,1578615555208,2020-01-10T00:19:15.208Z,sell,3.135e-05,329.0,0.01031415
BRD/BTC,1578615555208,2020-01-10T00:19:15.208Z,sell,3.134e-05,7.0,0.00021938
BRD/BTC,1578615555221,2020-01-10T00:19:15.221Z,buy,3.134e-05,927.0,0.02905218
BRD/BTC,1578615555222,2020-01-10T00:19:15.222Z,buy,3.134e-05,19.0,0.00059546
BRD/BTC,1578615555230,2020-01-10T00:19:15.230Z,buy,3.134e-05,329.0,0.01031086
BRD/BTC,1578615555234,2020-01-10T00:19:15.234Z,buy,3.134e-05,330.0,0.0103422
BRD/BTC,1578615555301,2020-01-10T00:19:15.301Z,buy,3.134e-05,44.0,0.00137896
BRD/BTC,1578615555397,2020-01-10T00:19:15.397Z,buy,3.134e-05,16.0,0.00050144
BRD/BTC,1578615557796,2020-01-10T00:19:17.796Z,buy,3.133e-05,63.0,0.00197379
BRD/BTC,1578615557906,2020-01-10T00:19:17.906Z,buy,3.134e-05,217.0,0.00680078
BRD/BTC,1578615574631,2020-01-10T00:19:34.631Z,sell,3.126e-05,361.0,0.01128486
BRD/BTC,1578615574631,2020-01-10T00:19:34.631Z,sell,3.124e-05,127.0,0.00396748
BRD/BTC,1578615574631,2020-01-10T00:19:34.631Z,sell,3.12e-05,125.0,0.0039
BRD/BTC,1578615574631,2020-01-10T00:19:34.631Z,sell,3.118e-05,125.0,0.0038975
BRD/BTC,1578615574631,2020-01-10T00:19:34.631Z,sell,3.117e-05,1177.0,0.03668709
BRD/BTC,1578615912920,2020-01-10T00:25:12.920Z,buy,3.133e-05,125.0,0.00391625
BRD/BTC,1578616445093,2020-01-10T00:34:05.093Z,sell,3.133e-05,838.0,0.02625454
BRD/BTC,1578616750808,2020-01-10T00:39:10.808Z,sell,3.132e-05,4.0,0.00012528
BRD/BTC,1578616750808,2020-01-10T00:39:10.808Z,sell,3.132e-05,4.0,0.00012528
BRD/BTC,1578617553100,2020-01-10T00:52:33.100Z,sell,3.132e-05,4.0,0.00012528
BRD/BTC,1578617643846,2020-01-10T00:54:03.846Z,sell,3.132e-05,4.0,0.00012528
BRD/BTC,1578620107253,2020-01-10T01:35:07.253Z,buy,3.133e-05,251.0,0.00786383
BRD/BTC,1578620107253,2020-01-10T01:35:07.253Z,buy,3.134e-05,444.0,0.01391496
BRD/BTC,1578620107253,2020-01-10T01:35:07.253Z,buy,3.133e-05,251.0,0.00786383
BRD/BTC,1578620107253,2020-01-10T01:35:07.253Z,buy,3.134e-05,444.0,0.01391496
BRD/BTC,1578620566953,2020-01-10T01:42:46.953Z,sell,3.132e-05,834.0,0.02612088
BRD/BTC,1578621100263,2020-01-10T01:51:40.263Z,sell,3.132e-05,1228.0,0.0384609599999999
BRD/BTC,1578621100962,2020-01-10T01:51:40.962Z,sell,3.132e-05,178.0,0.0055749599999999
BRD/BTC,1578621121311,2020-01-10T01:52:01.311Z,sell,3.131e-05,603.0,0.01887993
BRD/BTC,1578621121320,2020-01-10T01:52:01.320Z,sell,3.131e-05,184.0,0.0057610399999999
BRD/BTC,1578621340974,2020-01-10T01:55:40.974Z,sell,3.131e-05,220.0,0.0068881999999999
BRD/BTC,1578622836936,2020-01-10T02:20:36.936Z,sell,3.119e-05,596.0,0.01858924
BRD/BTC,1578622836936,2020-01-10T02:20:36.936Z,sell,3.119e-05,596.0,0.01858924
BRD/BTC,1578625451147,2020-01-10T03:04:11.147Z,buy,3.132e-05,8.0,0.00025056
BRD/BTC,1578626392633,2020-01-10T03:19:52.633Z,sell,3.12e-05,54.0,0.0016848
BRD/BTC,1578626392633,2020-01-10T03:19:52.633Z,sell,3.12e-05,54.0,0.0016848
BRD/BTC,1578626560328,2020-01-10T03:22:40.328Z,sell,3.12e-05,205.0,0.006396
BRD/BTC,1578626560328,2020-01-10T03:22:40.328Z,sell,3.119e-05,4.0,0.00012476
BRD/BTC,1578626560328,2020-01-10T03:22:40.328Z,sell,3.113e-05,24.0,0.00074712
BRD/BTC,1578626560328,2020-01-10T03:22:40.328Z,sell,3.113e-05,15.0,0.00046695
BRD/BTC,1578626560426,2020-01-10T03:22:40.426Z,buy,3.114e-05,25.0,0.0007784999999999
BRD/BTC,1578626560445,2020-01-10T03:22:40.445Z,buy,3.114e-05,291.0,0.0090617399999999
BRD/BTC,1578626561793,2020-01-10T03:22:41.793Z,sell,3.114e-05,199.0,0.0061968599999999
BRD/BTC,1578626745075,2020-01-10T03:25:45.075Z,sell,3.117e-05,135.0,0.00420795
BRD/BTC,1578626745075,2020-01-10T03:25:45.075Z,sell,3.115e-05,1602.0,0.0499023
BRD/BTC,1578626745075,2020-01-10T03:25:45.075Z,sell,3.11e-05,1237.0,0.0384707
BRD/BTC,1578626745075,2020-01-10T03:25:45.075Z,sell,3.109e-05,417.0,0.01296453
BRD/BTC,1578626745075,2020-01-10T03:25:45.075Z,sell,3.104e-05,636.0,0.01974144
BRD/BTC,1578626837791,2020-01-10T03:27:17.791Z,sell,3.109e-05,3334.0,0.10365406
BRD/BTC,1578626837791,2020-01-10T03:27:17.791Z,sell,3.105e-05,141.0,0.00437805
BRD/BTC,1578626837791,2020-01-10T03:27:17.791Z,sell,3.104e-05,599.0,0.01859296
BRD/BTC,1578627391896,2020-01-10T03:36:31.896Z,sell,3.109e-05,8.0,0.00024872
BRD/BTC,1578627391896,2020-01-10T03:36:31.896Z,sell,3.104e-05,4.0,0.00012416
BRD/BTC,1578627391966,2020-01-10T03:36:31.966Z,buy,3.104e-05,202.0,0.00627008
BRD/BTC,1578627391979,2020-01-10T03:36:31.979Z,buy,3.104e-05,100.0,0.003104
BRD/BTC,1578627392066,2020-01-10T03:36:32.066Z,buy,3.104e-05,576.0,0.01787904
BRD/BTC,1578627392160,2020-01-10T03:36:32.160Z,buy,3.104e-05,600.0,0.018624
BRD/BTC,1578627397519,2020-01-10T03:36:37.519Z,sell,3.1e-05,594.0,0.018414
BRD/BTC,1578627397519,2020-01-10T03:36:37.519Z,sell,3.096e-05,674.0,0.02086704
BRD/BTC,1578627397519,2020-01-10T03:36:37.519Z,sell,3.094e-05,129.0,0.00399126
BRD/BTC,1578627397519,2020-01-10T03:36:37.519Z,sell,3.093e-05,666.0,0.0205993799999999
BRD/BTC,1578627397519,2020-01-10T03:36:37.519Z,sell,3.091e-05,891.0,0.02754081
BRD/BTC,1578627397519,2020-01-10T03:36:37.519Z,sell,3.09e-05,102.0,0.0031517999999999
BRD/BTC,1578627397791,2020-01-10T03:36:37.791Z,buy,3.103e-05,1.0,3.103e-05
BRD/BTC,1578627406276,2020-01-10T03:36:46.276Z,sell,3.091e-05,1486.0,0.04593226
BRD/BTC,1578627406276,2020-01-10T03:36:46.276Z,sell,3.084e-05,473.0,0.01458732
BRD/BTC,1578627406285,2020-01-10T03:36:46.285Z,buy,3.084e-05,2934.0,0.09048456
BRD/BTC,1578627406285,2020-01-10T03:36:46.285Z,buy,3.084e-05,19.0,0.00058596
BRD/BTC,1578627406336,2020-01-10T03:36:46.336Z,buy,3.084e-05,197.0,0.00607548
BRD/BTC,1578627406347,2020-01-10T03:36:46.347Z,buy,3.084e-05,11.0,0.00033924
BRD/BTC,1578627406388,2020-01-10T03:36:46.388Z,buy,3.084e-05,95.0,0.0029298
BRD/BTC,1578627406391,2020-01-10T03:36:46.391Z,buy,3.084e-05,893.0,0.02754012
BRD/BTC,1578627406499,2020-01-10T03:36:46.499Z,buy,3.084e-05,72.0,0.00222048
BRD/BTC,1578627407312,2020-01-10T03:36:47.312Z,sell,3.08e-05,66.0,0.0020328
BRD/BTC,1578627408140,2020-01-10T03:36:48.140Z,sell,3.079e-05,199.0,0.00612721
BRD/BTC,1578627409429,2020-01-10T03:36:49.429Z,buy,3.083e-05,113.0,0.00348379
BRD/BTC,1578627410579,2020-01-10T03:36:50.579Z,sell,3.079e-05,318.0,0.00979122
BRD/BTC,1578627417065,2020-01-10T03:36:57.065Z,sell,3.08e-05,1046.0,0.0322168
BRD/BTC,1578627417065,2020-01-10T03:36:57.065Z,sell,3.079e-05,6399.0,0.19702521
BRD/BTC,1578627418462,2020-01-10T03:36:58.462Z,sell,3.07e-05,221.0,0.0067847
BRD/BTC,1578627418462,2020-01-10T03:36:58.462Z,sell,3.07e-05,19.0,0.0005833
BRD/BTC,1578627418462,2020-01-10T03:36:58.462Z,sell,3.068e-05,81.0,0.0024850799999999
BRD/BTC,1578627418462,2020-01-10T03:36:58.462Z,sell,3.068e-05,29.0,0.0008897199999999
BRD/BTC,1578627418462,2020-01-10T03:36:58.462Z,sell,3.068e-05,39.0,0.00119652
BRD/BTC,1578627418462,2020-01-10T03:36:58.462Z,sell,3.068e-05,28.0,0.0008590399999999
BRD/BTC,1578627435515,2020-01-10T03:37:15.515Z,buy,3.078e-05,123.0,0.00378594
BRD/BTC,1578627441562,2020-01-10T03:37:21.562Z,buy,3.079e-05,58.0,0.00178582
BRD/BTC,1578627460020,2020-01-10T03:37:40.020Z,buy,3.078e-05,18.0,0.00055404
BRD/BTC,1578627488274,2020-01-10T03:38:08.274Z,buy,3.078e-05,4.0,0.00012312
BRD/BTC,1578627596327,2020-01-10T03:39:56.327Z,sell,3.073e-05,925.0,0.02842525
BRD/BTC,1578627928849,2020-01-10T03:45:28.849Z,buy,3.078e-05,6.0,0.00018468
BRD/BTC,1578628037237,2020-01-10T03:47:17.237Z,buy,3.078e-05,4.0,0.00012312
BRD/BTC,1578628037494,2020-01-10T03:47:17.494Z,buy,3.078e-05,100.0,0.003078
BRD/BTC,1578628127190,2020-01-10T03:48:47.190Z,buy,3.078e-05,1.0,3.078e-05
BRD/BTC,1578628142240,2020-01-10T03:49:02.240Z,buy,3.078e-05,6.0,0.00018468
BRD/BTC,1578628146949,2020-01-10T03:49:06.949Z,buy,3.079e-05,4.0,0.00012316
BRD/BTC,1578628181580,2020-01-10T03:49:41.580Z,buy,3.079e-05,64.0,0.00197056
BRD/BTC,1578628182871,2020-01-10T03:49:42.871Z,buy,3.079e-05,32.0,0.00098528
BRD/BTC,1578628183121,2020-01-10T03:49:43.121Z,buy,3.079e-05,600.0,0.018474
BRD/BTC,1578628185527,2020-01-10T03:49:45.527Z,buy,3.079e-05,4.0,0.00012316
BRD/BTC,1578628483020,2020-01-10T03:54:43.020Z,buy,3.079e-05,280.0,0.0086212
BRD/BTC,1578628543724,2020-01-10T03:55:43.724Z,buy,3.079e-05,48.0,0.00147792
BRD/BTC,1578628985882,2020-01-10T04:03:05.882Z,buy,3.079e-05,112.0,0.00344848
BRD/BTC,1578628986084,2020-01-10T04:03:06.084Z,buy,3.079e-05,231.0,0.00711249
BRD/BTC,1578628986225,2020-01-10T04:03:06.225Z,buy,3.079e-05,100.0,0.003079
BRD/BTC,1578628989956,2020-01-10T04:03:09.956Z,buy,3.079e-05,118.0,0.00363322
BRD/BTC,1578629223329,2020-01-10T04:07:03.329Z,buy,3.079e-05,32.0,0.00098528
BRD/BTC,1578629223380,2020-01-10T04:07:03.380Z,buy,3.079e-05,120.0,0.0036948
BRD/BTC,1578629223438,2020-01-10T04:07:03.438Z,buy,3.079e-05,37.0,0.00113923
BRD/BTC,1578629223490,2020-01-10T04:07:03.490Z,buy,3.079e-05,37.0,0.00113923
BRD/BTC,1578629223542,2020-01-10T04:07:03.542Z,buy,3.079e-05,32.0,0.00098528
BRD/BTC,1578629272458,2020-01-10T04:07:52.458Z,buy,3.079e-05,181.0,0.00557299
BRD/BTC,1578629272524,2020-01-10T04:07:52.524Z,buy,3.079e-05,181.0,0.00557299
BRD/BTC,1578629799172,2020-01-10T04:16:39.172Z,buy,3.079e-05,96.0,0.00295584
BRD/BTC,1578629893681,2020-01-10T04:18:13.681Z,sell,3.071e-05,7.0,0.00021497
BRD/BTC,1578629893681,2020-01-10T04:18:13.681Z,sell,3.071e-05,7.0,0.00021497
BRD/BTC,1578630518439,2020-01-10T04:28:38.439Z,buy,3.071e-05,10.0,0.0003071
BRD/BTC,1578630832345,2020-01-10T04:33:52.345Z,sell,3.071e-05,317.0,0.00973507
BRD/BTC,1578630832354,2020-01-10T04:33:52.354Z,buy,3.071e-05,19.0,0.00058349
BRD/BTC,1578630832354,2020-01-10T04:33:52.354Z,buy,3.071e-05,413.0,0.01268323
BRD/BTC,1578630837499,2020-01-10T04:33:57.499Z,buy,3.079e-05,1.0,3.079e-05
BRD/BTC,1578631225958,2020-01-10T04:40:25.958Z,sell,3.068e-05,384.0,0.0117811199999999
BRD/BTC,1578632454899,2020-01-10T05:00:54.899Z,sell,3.069e-05,114.0,0.00349866
BRD/BTC,1578632469126,2020-01-10T05:01:09.126Z,sell,3.069e-05,137.0,0.00420453
BRD/BTC,1578632469126,2020-01-10T05:01:09.126Z,sell,3.068e-05,1353.0,0.04151004
BRD/BTC,1578632469382,2020-01-10T05:01:09.382Z,buy,3.068e-05,700.0,0.021476
BRD/BTC,1578632479636,2020-01-10T05:01:19.636Z,sell,3.065e-05,548.0,0.0167962
BRD/BTC,1578632479636,2020-01-10T05:01:19.636Z,sell,3.064e-05,196.0,0.00600544
BRD/BTC,1578632479658,2020-01-10T05:01:19.658Z,buy,3.064e-05,130.0,0.0039832
BRD/BTC,1578632479682,2020-01-10T05:01:19.682Z,buy,3.064e-05,84.0,0.00257376
BRD/BTC,1578632479811,2020-01-10T05:01:19.811Z,buy,3.064e-05,1958.0,0.05999312
BRD/BTC,1578632491980,2020-01-10T05:01:31.980Z,sell,3.06e-05,146.0,0.0044675999999999
BRD/BTC,1578632491980,2020-01-10T05:01:31.980Z,sell,3.058e-05,1302.0,0.03981516
BRD/BTC,1578632491996,2020-01-10T05:01:31.996Z,buy,3.058e-05,919.0,0.02810302
BRD/BTC,1578632492006,2020-01-10T05:01:32.006Z,buy,3.058e-05,136.0,0.00415888
BRD/BTC,1578632492018,2020-01-10T05:01:32.018Z,buy,3.058e-05,49.0,0.00149842
BRD/BTC,1578632492073,2020-01-10T05:01:32.073Z,buy,3.058e-05,212.0,0.00648296
BRD/BTC,1578632492089,2020-01-10T05:01:32.089Z,buy,3.058e-05,184.0,0.00562672
BRD/BTC,1578632505360,2020-01-10T05:01:45.360Z,sell,3.054e-05,45.0,0.0013743
BRD/BTC,1578632505360,2020-01-10T05:01:45.360Z,sell,3.05e-05,168.0,0.005124
BRD/BTC,1578632505360,2020-01-10T05:01:45.360Z,sell,3.049e-05,8.0,0.00024392
BRD/BTC,1578632505360,2020-01-10T05:01:45.360Z,sell,3.048e-05,27.0,0.00082296
BRD/BTC,1578632505360,2020-01-10T05:01:45.360Z,sell,3.046e-05,125.0,0.0038075
BRD/BTC,1578632505360,2020-01-10T05:01:45.360Z,sell,3.045e-05,54.0,0.0016443
BRD/BTC,1578632505360,2020-01-10T05:01:45.360Z,sell,3.043e-05,53.0,0.00161279
BRD/BTC,1578632505360,2020-01-10T05:01:45.360Z,sell,3.041e-05,48.0,0.0014596799999999
BRD/BTC,1578632505360,2020-01-10T05:01:45.360Z,sell,3.039e-05,41.0,0.00124599
BRD/BTC,1578632505360,2020-01-10T05:01:45.360Z,sell,3.039e-05,25.0,0.00075975
BRD/BTC,1578632505372,2020-01-10T05:01:45.372Z,buy,3.04e-05,976.0,0.0296704
BRD/BTC,1578632505372,2020-01-10T05:01:45.372Z,buy,3.05e-05,243.0,0.0074115
BRD/BTC,1578632505382,2020-01-10T05:01:45.382Z,buy,3.05e-05,45.0,0.0013725
BRD/BTC,1578632505393,2020-01-10T05:01:45.393Z,buy,3.05e-05,49.0,0.0014945
BRD/BTC,1578632505420,2020-01-10T05:01:45.420Z,buy,3.05e-05,40.0,0.00122
BRD/BTC,1578632505449,2020-01-10T05:01:45.449Z,buy,3.05e-05,65.0,0.0019825
BRD/BTC,1578632506268,2020-01-10T05:01:46.268Z,buy,3.05e-05,313.0,0.0095465
BRD/BTC,1578632506280,2020-01-10T05:01:46.280Z,buy,3.05e-05,219.0,0.0066795
BRD/BTC,1578632510268,2020-01-10T05:01:50.268Z,sell,3.044e-05,14.0,0.0004261599999999
BRD/BTC,1578632519111,2020-01-10T05:01:59.111Z,buy,3.05e-05,6.0,0.000183
BRD/BTC,1578632524325,2020-01-10T05:02:04.325Z,sell,3.044e-05,204.0,0.00620976
BRD/BTC,1578632524332,2020-01-10T05:02:04.332Z,buy,3.044e-05,26.0,0.00079144
BRD/BTC,1578632881635,2020-01-10T05:08:01.635Z,buy,3.049e-05,57.0,0.00173793
BRD/BTC,1578632922426,2020-01-10T05:08:42.426Z,buy,3.049e-05,1.0,3.049e-05
BRD/BTC,1578633068409,2020-01-10T05:11:08.409Z,buy,3.049e-05,4.0,0.00012196
BRD/BTC,1578633330107,2020-01-10T05:15:30.107Z,buy,3.049e-05,124.0,0.00378076
BRD/BTC,1578633330107,2020-01-10T05:15:30.107Z,buy,3.05e-05,858.0,0.0261689999999999
BRD/BTC,1578633352498,2020-01-10T05:15:52.498Z,sell,3.046e-05,255.0,0.0077672999999999
BRD/BTC,1578633352711,2020-01-10T05:15:52.711Z,sell,3.046e-05,153.0,0.0046603799999999
BRD/BTC,1578633382094,2020-01-10T05:16:22.094Z,sell,3.046e-05,143.0,0.00435578
BRD/BTC,1578633382094,2020-01-10T05:16:22.094Z,sell,3.039e-05,186.0,0.00565254
BRD/BTC,1578633382094,2020-01-10T05:16:22.094Z,sell,3.038e-05,128.0,0.00388864
BRD/BTC,1578633382094,2020-01-10T05:16:22.094Z,sell,3.037e-05,318.0,0.00965766
BRD/BTC,1578633382094,2020-01-10T05:16:22.094Z,sell,3.036e-05,175.0,0.005313
BRD/BTC,1578633435374,2020-01-10T05:17:15.374Z,sell,3.037e-05,56.0,0.00170072
BRD/BTC,1578633459359,2020-01-10T05:17:39.359Z,buy,3.049e-05,16.0,0.00048784
BRD/BTC,1578633459359,2020-01-10T05:17:39.359Z,buy,3.049e-05,16.0,0.00048784
BRD/BTC,1578633557383,2020-01-10T05:19:17.383Z,buy,3.047e-05,5.0,0.00015235
BRD/BTC,1578633779023,2020-01-10T05:22:59.023Z,buy,3.047e-05,1.0,3.047e-05
BRD/BTC,1578634110152,2020-01-10T05:28:30.152Z,buy,3.048e-05,1.0,3.048e-05
BRD/BTC,1578634270222,2020-01-10T05:31:10.222Z,sell,3.047e-05,571.0,0.01739837
BRD/BTC,1578634677797,2020-01-10T05:37:57.797Z,buy,3.049e-05,4.0,0.00012196
BRD/BTC,1578634831022,2020-01-10T05:40:31.022Z,sell,3.045e-05,551.0,0.01677795
BRD/BTC,1578635299691,2020-01-10T05:48:19.691Z,buy,3.046e-05,32.0,0.00097472
BRD/BTC,1578635299735,2020-01-10T05:48:19.735Z,buy,3.046e-05,32.0,0.00097472
BRD/BTC,1578635538360,2020-01-10T05:52:18.360Z,buy,3.051e-05,66.0,0.00201366
BRD/BTC,1578635538360,2020-01-10T05:52:18.360Z,buy,3.057e-05,172.0,0.00525804
BRD/BTC,1578636068339,2020-01-10T06:01:08.339Z,sell,3.058e-05,4.0,0.00012232
BRD/BTC,1578636161837,2020-01-10T06:02:41.837Z,buy,3.061e-05,8.0,0.00024488
BRD/BTC,1578636161837,2020-01-10T06:02:41.837Z,buy,3.062e-05,4.0,0.00012248
BRD/BTC,1578636161837,2020-01-10T06:02:41.837Z,buy,3.069e-05,177.0,0.00543213
BRD/BTC,1578636161837,2020-01-10T06:02:41.837Z,buy,3.07e-05,203.0,0.0062321
BRD/BTC,1578636169280,2020-01-10T06:02:49.280Z,sell,3.07e-05,35.0,0.0010745
BRD/BTC,1578636169595,2020-01-10T06:02:49.595Z,sell,3.07e-05,100.0,0.00307
BRD/BTC,1578636733715,2020-01-10T06:12:13.715Z,sell,3.063e-05,120.0,0.0036756
BRD/BTC,1578636733715,2020-01-10T06:12:13.715Z,sell,3.062e-05,100.0,0.003062
BRD/BTC,1578636733715,2020-01-10T06:12:13.715Z,sell,3.058e-05,98.0,0.00299684
BRD/BTC,1578636733715,2020-01-10T06:12:13.715Z,sell,3.057e-05,437.0,0.01335909
BRD/BTC,1578636733715,2020-01-10T06:12:13.715Z,sell,3.055e-05,437.0,0.0133503499999999
BRD/BTC,1578636733715,2020-01-10T06:12:13.715Z,sell,3.054e-05,140.0,0.0042756
BRD/BTC,1578636733715,2020-01-10T06:12:13.715Z,sell,3.052e-05,266.0,0.00811832
BRD/BTC,1578636733715,2020-01-10T06:12:13.715Z,sell,3.051e-05,265.0,0.00808515
BRD/BTC,1578636733715,2020-01-10T06:12:13.715Z,sell,3.049e-05,35.0,0.00106715
BRD/BTC,1578636733715,2020-01-10T06:12:13.715Z,sell,3.048e-05,35.0,0.0010668
BRD/BTC,1578636733715,2020-01-10T06:12:13.715Z,sell,3.045e-05,35.0,0.00106575
BRD/BTC,1578636733715,2020-01-10T06:12:13.715Z,sell,3.043e-05,4.0,0.00012172
BRD/BTC,1578636733715,2020-01-10T06:12:13.715Z,sell,3.042e-05,35.0,0.0010647
BRD/BTC,1578636733715,2020-01-10T06:12:13.715Z,sell,3.039e-05,2630.0,0.0799257
BRD/BTC,1578636733715,2020-01-10T06:12:13.715Z,sell,3.038e-05,302.0,0.00917476
BRD/BTC,1578636733715,2020-01-10T06:12:13.715Z,sell,3.036e-05,102.0,0.00309672
BRD/BTC,1578636733715,2020-01-10T06:12:13.715Z,sell,3.034e-05,198.0,0.00600732
BRD/BTC,1578636733715,2020-01-10T06:12:13.715Z,sell,3.031e-05,1088.0,0.03297728
BRD/BTC,1578636734763,2020-01-10T06:12:14.763Z,sell,3.063e-05,240.0,0.0073512
BRD/BTC,1578636738345,2020-01-10T06:12:18.345Z,buy,3.071e-05,1.0,3.071e-05
BRD/BTC,1578636913573,2020-01-10T06:15:13.573Z,buy,3.064e-05,98.0,0.00300272
BRD/BTC,1578636956408,2020-01-10T06:15:56.408Z,sell,3.063e-05,5.0,0.00015315
BRD/BTC,1578637042285,2020-01-10T06:17:22.285Z,buy,3.061e-05,6.0,0.00018366
BRD/BTC,1578637042544,2020-01-10T06:17:22.544Z,buy,3.061e-05,100.0,0.003061
BRD/BTC,1578637042544,2020-01-10T06:17:22.544Z,buy,3.061e-05,100.0,0.003061
BRD/BTC,1578637216242,2020-01-10T06:20:16.242Z,buy,3.063e-05,110.0,0.0033693
BRD/BTC,1578638204989,2020-01-10T06:36:44.989Z,buy,3.06e-05,1.0,3.06e-05
BRD/BTC,1578638228275,2020-01-10T06:37:08.275Z,buy,3.06e-05,4.0,0.0001224
BRD/BTC,1578638260581,2020-01-10T06:37:40.581Z,buy,3.06e-05,59.0,0.0018054
BRD/BTC,1578638260581,2020-01-10T06:37:40.581Z,buy,3.065e-05,139.0,0.0042603499999999
BRD/BTC,1578638260581,2020-01-10T06:37:40.581Z,buy,3.066e-05,880.0,0.0269808
BRD/BTC,1578638260581,2020-01-10T06:37:40.581Z,buy,3.069e-05,163.0,0.00500247
BRD/BTC,1578638260581,2020-01-10T06:37:40.581Z,buy,3.07e-05,182.0,0.0055874
BRD/BTC,1578638379960,2020-01-10T06:39:39.960Z,buy,3.07e-05,123.0,0.0037761
BRD/BTC,1578638379960,2020-01-10T06:39:39.960Z,buy,3.071e-05,7.0,0.00021497
BRD/BTC,1578638380263,2020-01-10T06:39:40.263Z,sell,3.07e-05,100.0,0.00307
BRD/BTC,1578638382756,2020-01-10T06:39:42.756Z,buy,3.071e-05,1.0,3.071e-05
BRD/BTC,1578638387700,2020-01-10T06:39:47.700Z,sell,3.059e-05,27.0,0.0008259299999999
BRD/BTC,1578638445525,2020-01-10T06:40:45.525Z,buy,3.072e-05,1.0,3.072e-05
BRD/BTC,1578638586876,2020-01-10T06:43:06.876Z,sell,3.059e-05,129.0,0.0039461099999999
BRD/BTC,1578639006736,2020-01-10T06:50:06.736Z,sell,3.059e-05,97.0,0.0029672299999999
BRD/BTC,1578639006765,2020-01-10T06:50:06.765Z,buy,3.059e-05,1024.0,0.03132416
BRD/BTC,1578639116709,2020-01-10T06:51:56.709Z,buy,3.07e-05,253.0,0.0077671
BRD/BTC,1578639116709,2020-01-10T06:51:56.709Z,buy,3.071e-05,89.0,0.00273319
BRD/BTC,1578639119790,2020-01-10T06:51:59.790Z,buy,3.072e-05,164.0,0.0050380799999999
BRD/BTC,1578639157383,2020-01-10T06:52:37.383Z,sell,3.059e-05,6.0,0.00018354
BRD/BTC,1578639219347,2020-01-10T06:53:39.347Z,buy,3.075e-05,240.0,0.00738
BRD/BTC,1578639271701,2020-01-10T06:54:31.701Z,buy,3.078e-05,1.0,3.078e-05
BRD/BTC,1578639318706,2020-01-10T06:55:18.706Z,buy,3.078e-05,3248.0,0.09997344
BRD/BTC,1578639318706,2020-01-10T06:55:18.706Z,buy,3.078e-05,3248.0,0.09997344
BRD/BTC,1578641029614,2020-01-10T07:23:49.614Z,sell,3.08e-05,251.0,0.0077308
BRD/BTC,1578641048318,2020-01-10T07:24:08.318Z,sell,3.08e-05,4.0,0.0001232
BRD/BTC,1578641108833,2020-01-10T07:25:08.833Z,sell,3.08e-05,4.0,0.0001232
BRD/BTC,1578642009558,2020-01-10T07:40:09.558Z,sell,3.08e-05,65.0,0.002002
BRD/BTC,1578642009558,2020-01-10T07:40:09.558Z,sell,3.078e-05,1116.0,0.03435048
BRD/BTC,1578642009562,2020-01-10T07:40:09.562Z,sell,3.078e-05,607.0,0.01868346
BRD/BTC,1578642028758,2020-01-10T07:40:28.758Z,buy,3.075e-05,1.0,3.075e-05
BRD/BTC,1578642037982,2020-01-10T07:40:37.982Z,sell,3.062e-05,247.0,0.00756314
BRD/BTC,1578642128314,2020-01-10T07:42:08.314Z,buy,3.062e-05,4.0,0.00012248
BRD/BTC,1578642306715,2020-01-10T07:45:06.715Z,buy,3.062e-05,2.0,6.124e-05
BRD/BTC,1578642306715,2020-01-10T07:45:06.715Z,buy,3.062e-05,2.0,6.124e-05
BRD/BTC,1578642960220,2020-01-10T07:56:00.220Z,buy,3.074e-05,1.0,3.074e-05
BRD/BTC,1578643377196,2020-01-10T08:02:57.196Z,buy,3.073e-05,120.0,0.0036876
BRD/BTC,1578643377232,2020-01-10T08:02:57.232Z,sell,3.073e-05,368.0,0.01130864
BRD/BTC,1578643379617,2020-01-10T08:02:59.617Z,buy,3.073e-05,1.0,3.073e-05
BRD/BTC,1578643379617,2020-01-10T08:02:59.617Z,buy,3.073e-05,1.0,3.073e-05
BRD/BTC,1578646133503,2020-01-10T08:48:53.503Z,sell,3.063e-05,122.0,0.00373686
BRD/BTC,1578646133503,2020-01-10T08:48:53.503Z,sell,3.062e-05,48.0,0.00146976
BRD/BTC,1578646133503,2020-01-10T08:48:53.503Z,sell,3.06e-05,400.0,0.01224
BRD/BTC,1578646133503,2020-01-10T08:48:53.503Z,sell,3.049e-05,98.0,0.00298802
BRD/BTC,1578646133503,2020-01-10T08:48:53.503Z,sell,3.048e-05,8.0,0.00024384
BRD/BTC,1578646174000,2020-01-10T08:49:34.000Z,buy,3.064e-05,1.0,3.064e-05
BRD/BTC,1578646621459,2020-01-10T08:57:01.459Z,sell,3.051e-05,47.0,0.00143397
BRD/BTC,1578646621459,2020-01-10T08:57:01.459Z,sell,3.048e-05,269.0,0.00819912
BRD/BTC,1578646621459,2020-01-10T08:57:01.459Z,sell,3.047e-05,165.0,0.00502755
BRD/BTC,1578646621459,2020-01-10T08:57:01.459Z,sell,3.041e-05,241.0,0.00732881
BRD/BTC,1578646621459,2020-01-10T08:57:01.459Z,sell,3.04e-05,470.0,0.014288
BRD/BTC,1578646621459,2020-01-10T08:57:01.459Z,sell,3.033e-05,162.0,0.00491346
BRD/BTC,1578646621459,2020-01-10T08:57:01.459Z,sell,3.032e-05,5068.0,0.15366176
BRD/BTC,1578646686326,2020-01-10T08:58:06.326Z,sell,3.038e-05,231.0,0.00701778
BRD/BTC,1578646862523,2020-01-10T09:01:02.523Z,sell,3.038e-05,2397.0,0.07282086
BRD/BTC,1578646862523,2020-01-10T09:01:02.523Z,sell,3.037e-05,90.0,0.0027332999999999
BRD/BTC,1578646887546,2020-01-10T09:01:27.546Z,buy,3.059e-05,7.0,0.0002141299999999
BRD/BTC,1578646887546,2020-01-10T09:01:27.546Z,buy,3.059e-05,7.0,0.0002141299999999
BRD/BTC,1578648282565,2020-01-10T09:24:42.565Z,buy,3.055e-05,16.0,0.0004888
BRD/BTC,1578648727546,2020-01-10T09:32:07.546Z,buy,3.047e-05,1.0,3.047e-05
BRD/BTC,1578648788342,2020-01-10T09:33:08.342Z,buy,3.042e-05,4.0,0.00012168
BRD/BTC,1578648906864,2020-01-10T09:35:06.864Z,buy,3.041e-05,62.0,0.0018854199999999
BRD/BTC,1578648907969,2020-01-10T09:35:07.969Z,buy,3.041e-05,55.0,0.0016725499999999
BRD/BTC,1578648907969,2020-01-10T09:35:07.969Z,buy,3.042e-05,1.0,3.042e-05
BRD/BTC,1578650338151,2020-01-10T09:58:58.151Z,sell,3.05e-05,6.0,0.000183
BRD/BTC,1578650475565,2020-01-10T10:01:15.565Z,sell,3.05e-05,24.0,0.000732
BRD/BTC,1578650475565,2020-01-10T10:01:15.565Z,sell,3.05e-05,24.0,0.000732
BRD/BTC,1578650841060,2020-01-10T10:07:21.060Z,buy,3.05e-05,1.0,3.05e-05
BRD/BTC,1578652380145,2020-01-10T10:33:00.145Z,sell,3.042e-05,20.0,0.0006084
BRD/BTC,1578652380145,2020-01-10T10:33:00.145Z,sell,3.036e-05,39.0,0.00118404
BRD/BTC,1578653532095,2020-01-10T10:52:12.095Z,buy,3.039e-05,1.0,3.039e-05
BRD/BTC,1578653967207,2020-01-10T10:59:27.207Z,buy,3.039e-05,7.0,0.00021273
BRD/BTC,1578653967207,2020-01-10T10:59:27.207Z,buy,3.039e-05,7.0,0.00021273
BRD/BTC,1578654112313,2020-01-10T11:01:52.313Z,buy,3.039e-05,266.0,0.0080837399999999
BRD/BTC,1578654149069,2020-01-10T11:02:29.069Z,buy,3.04e-05,72.0,0.0021888
BRD/BTC,1578655032371,2020-01-10T11:17:12.371Z,buy,3.04e-05,408.0,0.0124032
BRD/BTC,1578655032416,2020-01-10T11:17:12.416Z,buy,3.04e-05,408.0,0.0124032
BRD/BTC,1578655032520,2020-01-10T11:17:12.520Z,buy,3.04e-05,28.0,0.0008512
BRD/BTC,1578655034532,2020-01-10T11:17:14.532Z,buy,3.04e-05,108.0,0.0032832
BRD/BTC,1578655050387,2020-01-10T11:17:30.387Z,buy,3.04e-05,202.0,0.0061408
BRD/BTC,1578655050600,2020-01-10T11:17:30.600Z,buy,3.04e-05,104.0,0.0031616
BRD/BTC,1578655050820,2020-01-10T11:17:30.820Z,buy,3.04e-05,337.0,0.0102448
BRD/BTC,1578655051031,2020-01-10T11:17:31.031Z,buy,3.04e-05,104.0,0.0031616
BRD/BTC,1578655208235,2020-01-10T11:20:08.235Z,sell,3.033e-05,105.0,0.00318465
BRD/BTC,1578655211689,2020-01-10T11:20:11.689Z,sell,3.033e-05,16.0,0.00048528
BRD/BTC,1578655871291,2020-01-10T11:31:11.291Z,buy,3.04e-05,4.0,0.0001216
BRD/BTC,1578655872305,2020-01-10T11:31:12.305Z,buy,3.04e-05,235.0,0.007144
BRD/BTC,1578655903025,2020-01-10T11:31:43.025Z,buy,3.04e-05,32.0,0.0009728
BRD/BTC,1578657083015,2020-01-10T11:51:23.015Z,buy,3.04e-05,1083.0,0.0329232
BRD/BTC,1578657280315,2020-01-10T11:54:40.315Z,sell,3.033e-05,221.0,0.00670293
BRD/BTC,1578657280315,2020-01-10T11:54:40.315Z,sell,3.033e-05,221.0,0.00670293
BRD/BTC,1578658931670,2020-01-10T12:22:11.670Z,buy,3.04e-05,1875.0,0.057
BRD/BTC,1578658931670,2020-01-10T12:22:11.670Z,buy,3.045e-05,5068.0,0.1543206
BRD/BTC,1578658931670,2020-01-10T12:22:11.670Z,buy,3.046e-05,162.0,0.0049345199999999
BRD/BTC,1578658931670,2020-01-10T12:22:11.670Z,buy,3.047e-05,1137.0,0.03464439
BRD/BTC,1578658969528,2020-01-10T12:22:49.528Z,sell,3.034e-05,659.0,0.01999406
BRD/BTC,1578659103704,2020-01-10T12:25:03.704Z,sell,3.035e-05,4.0,0.0001214
BRD/BTC,1578659105422,2020-01-10T12:25:05.422Z,sell,3.035e-05,4.0,0.0001214
BRD/BTC,1578659976563,2020-01-10T12:39:36.563Z,sell,3.039e-05,348.0,0.01057572
BRD/BTC,1578660155170,2020-01-10T12:42:35.170Z,buy,3.049e-05,9.0,0.00027441
BRD/BTC,1578660192588,2020-01-10T12:43:12.588Z,buy,3.049e-05,17.0,0.00051833
BRD/BTC,1578660192894,2020-01-10T12:43:12.894Z,buy,3.049e-05,7.0,0.00021343
BRD/BTC,1578660352658,2020-01-10T12:45:52.658Z,buy,3.049e-05,100.0,0.003049
BRD/BTC,1578660352732,2020-01-10T12:45:52.732Z,sell,3.049e-05,64.0,0.00195136
BRD/BTC,1578660353278,2020-01-10T12:45:53.278Z,sell,3.049e-05,169.0,0.00515281
BRD/BTC,1578660353278,2020-01-10T12:45:53.278Z,sell,3.049e-05,169.0,0.00515281
BRD/BTC,1578661570981,2020-01-10T13:06:10.981Z,sell,3.049e-05,453.0,0.01381197
BRD/BTC,1578661872810,2020-01-10T13:11:12.810Z,sell,3.042e-05,12.0,0.00036504
BRD/BTC,1578661874975,2020-01-10T13:11:14.975Z,sell,3.042e-05,319.0,0.00970398
BRD/BTC,1578661885338,2020-01-10T13:11:25.338Z,sell,3.034e-05,25.0,0.0007585
BRD/BTC,1578661891738,2020-01-10T13:11:31.738Z,sell,3.034e-05,100.0,0.003034
BRD/BTC,1578661891766,2020-01-10T13:11:31.766Z,buy,3.034e-05,49.0,0.00148666
BRD/BTC,1578661891810,2020-01-10T13:11:31.810Z,sell,3.033e-05,98.0,0.00297234
BRD/BTC,1578661891812,2020-01-10T13:11:31.812Z,buy,3.034e-05,49.0,0.00148666
BRD/BTC,1578661893893,2020-01-10T13:11:33.893Z,buy,3.034e-05,65.0,0.0019721
BRD/BTC,1578661893985,2020-01-10T13:11:33.985Z,buy,3.034e-05,170.0,0.0051578
BRD/BTC,1578661898681,2020-01-10T13:11:38.681Z,sell,3.033e-05,329.0,0.0099785699999999
BRD/BTC,1578661918657,2020-01-10T13:11:58.657Z,sell,3.034e-05,251.0,0.00761534
BRD/BTC,1578662314829,2020-01-10T13:18:34.829Z,sell,3.034e-05,4.0,0.00012136
BRD/BTC,1578662314849,2020-01-10T13:18:34.849Z,buy,3.034e-05,327.0,0.00992118
BRD/BTC,1578662428221,2020-01-10T13:20:28.221Z,buy,3.045e-05,65.0,0.00197925
BRD/BTC,1578662430321,2020-01-10T13:20:30.321Z,buy,3.045e-05,13.0,0.00039585
BRD/BTC,1578662547018,2020-01-10T13:22:27.018Z,buy,3.045e-05,15.0,0.00045675
BRD/BTC,1578663673662,2020-01-10T13:41:13.662Z,sell,3.033e-05,13.0,0.00039429
BRD/BTC,1578663687266,2020-01-10T13:41:27.266Z,sell,3.033e-05,65.0,0.00197145
BRD/BTC,1578663820336,2020-01-10T13:43:40.336Z,sell,3.033e-05,801.0,0.02429433
