symbol,timestamp,datetime,side,price,amount,btc_volume
BRD/BTC,1606240855299,2020-11-24T18:00:55.299Z,sell,4.01e-06,388.0,0.00155588
BRD/BTC,1606240886435,2020-11-24T18:01:26.435Z,buy,4.02e-06,52.0,0.00020904
BRD/BTC,1606241080644,2020-11-24T18:04:40.644Z,buy,4.02e-06,303.0,0.00121806
BRD/BTC,1606241080644,2020-11-24T18:04:40.644Z,buy,4.04e-06,26.0,0.00010504
BRD/BTC,1606241080644,2020-11-24T18:04:40.644Z,buy,4.05e-06,1026.0,0.0041553
BRD/BTC,1606241080644,2020-11-24T18:04:40.644Z,buy,4.06e-06,3910.0,0.0158746
BRD/BTC,1606241080644,2020-11-24T18:04:40.644Z,buy,4.07e-06,41930.0,0.1706551
BRD/BTC,1606241080650,2020-11-24T18:04:40.650Z,sell,4.07e-06,4365.0,0.01776555
BRD/BTC,1606241080650,2020-11-24T18:04:40.650Z,sell,4.07e-06,4365.0,0.01776555
BRD/BTC,1606241080653,2020-11-24T18:04:40.653Z,sell,4.07e-06,73.0,0.00029711
BRD/BTC,1606241080664,2020-11-24T18:04:40.664Z,sell,4.07e-06,2205.0,0.00897435
BRD/BTC,1606241080673,2020-11-24T18:04:40.673Z,sell,4.07e-06,73.0,0.00029711
BRD/BTC,1606241080674,2020-11-24T18:04:40.674Z,sell,4.07e-06,377.0,0.00153439
BRD/BTC,1606241080703,2020-11-24T18:04:40.703Z,sell,4.07e-06,231.0,0.00094017
BRD/BTC,1606241081472,2020-11-24T18:04:41.472Z,buy,4.08e-06,4655.0,0.0189924
BRD/BTC,1606241088874,2020-11-24T18:04:48.874Z,sell,4.08e-06,213.0,0.00086904
BRD/BTC,1606241088886,2020-11-24T18:04:48.886Z,sell,4.08e-06,526.0,0.00214608
BRD/BTC,1606241107975,2020-11-24T18:05:07.975Z,sell,4.07e-06,26.0,0.00010582
BRD/BTC,1606241120164,2020-11-24T18:05:20.164Z,buy,4.09e-06,244.0,0.00099796
BRD/BTC,1606241127228,2020-11-24T18:05:27.228Z,sell,4.07e-06,43099.0,0.17541293
BRD/BTC,1606241151384,2020-11-24T18:05:51.384Z,buy,4.11e-06,25.0,0.0001027499999999
BRD/BTC,1606241153138,2020-11-24T18:05:53.138Z,sell,4.07e-06,25.0,0.00010175
BRD/BTC,1606241175724,2020-11-24T18:06:15.724Z,buy,4.11e-06,760.0,0.0031236
BRD/BTC,1606241288637,2020-11-24T18:08:08.637Z,sell,4.07e-06,270.0,0.0010989
BRD/BTC,1606241297447,2020-11-24T18:08:17.447Z,sell,4.05e-06,440.0,0.001782
BRD/BTC,1606241297447,2020-11-24T18:08:17.447Z,sell,4.03e-06,66.0,0.00026598
BRD/BTC,1606241303726,2020-11-24T18:08:23.726Z,buy,4.07e-06,236.0,0.00096052
BRD/BTC,1606241360139,2020-11-24T18:09:20.139Z,buy,4.08e-06,52.0,0.00021216
BRD/BTC,1606241365210,2020-11-24T18:09:25.210Z,sell,4.03e-06,250.0,0.0010075
BRD/BTC,1606241522352,2020-11-24T18:12:02.352Z,buy,4.07e-06,67.0,0.00027269
BRD/BTC,1606241625211,2020-11-24T18:13:45.211Z,buy,4.03e-06,278.0,0.00112034
BRD/BTC,1606241626776,2020-11-24T18:13:46.776Z,sell,4.03e-06,25.0,0.00010075
BRD/BTC,1606241627217,2020-11-24T18:13:47.217Z,buy,4.03e-06,362.0,0.00145886
BRD/BTC,1606241656807,2020-11-24T18:14:16.807Z,buy,4.07e-06,26.0,0.00010582
BRD/BTC,1606241721390,2020-11-24T18:15:21.390Z,buy,4.06e-06,26.0,0.00010556
BRD/BTC,1606241751446,2020-11-24T18:15:51.446Z,buy,4.06e-06,25.0,0.0001015
BRD/BTC,1606241807328,2020-11-24T18:16:47.328Z,buy,4.06e-06,25.0,0.0001015
BRD/BTC,1606242092497,2020-11-24T18:21:32.497Z,buy,4.06e-06,50.0,0.000203
BRD/BTC,1606242168406,2020-11-24T18:22:48.406Z,sell,4.03e-06,615.0,0.00247845
BRD/BTC,1606242168414,2020-11-24T18:22:48.414Z,sell,4.03e-06,361.0,0.00145483
BRD/BTC,1606242274231,2020-11-24T18:24:34.231Z,sell,4.04e-06,96.0,0.00038784
BRD/BTC,1606242473030,2020-11-24T18:27:53.030Z,sell,4.04e-06,1031.0,0.00416524
BRD/BTC,1606242473030,2020-11-24T18:27:53.030Z,sell,4.03e-06,7669.0,0.03090607
BRD/BTC,1606242583613,2020-11-24T18:29:43.613Z,buy,4.05e-06,26.0,0.0001053
BRD/BTC,1606242743295,2020-11-24T18:32:23.295Z,buy,4.04e-06,466.0,0.00188264
BRD/BTC,1606242743406,2020-11-24T18:32:23.406Z,sell,4.03e-06,48.0,0.00019344
BRD/BTC,1606242743418,2020-11-24T18:32:23.418Z,buy,4.04e-06,256.0,0.00103424
BRD/BTC,1606242779695,2020-11-24T18:32:59.695Z,sell,4.04e-06,6345.0,0.0256338
BRD/BTC,1606242945372,2020-11-24T18:35:45.372Z,sell,4.04e-06,3585.0,0.0144834
BRD/BTC,1606242962864,2020-11-24T18:36:02.864Z,sell,4.04e-06,4171.0,0.01685084
BRD/BTC,1606242962929,2020-11-24T18:36:02.929Z,buy,4.04e-06,587.0,0.00237148
BRD/BTC,1606243016247,2020-11-24T18:36:56.247Z,sell,4.03e-06,4341.0,0.01749423
BRD/BTC,1606243016247,2020-11-24T18:36:56.247Z,sell,4.02e-06,9936.0,0.0399427199999999
BRD/BTC,1606243103815,2020-11-24T18:38:23.815Z,buy,4.05e-06,7.0,2.835e-05
BRD/BTC,1606243232641,2020-11-24T18:40:32.641Z,buy,4.05e-06,192.0,0.0007776
BRD/BTC,1606243232662,2020-11-24T18:40:32.662Z,sell,4.05e-06,1177.0,0.00476685
BRD/BTC,1606243342600,2020-11-24T18:42:22.600Z,buy,4.06e-06,150.0,0.000609
BRD/BTC,1606243342617,2020-11-24T18:42:22.617Z,buy,4.06e-06,503.0,0.00204218
BRD/BTC,1606243396278,2020-11-24T18:43:16.278Z,buy,4.07e-06,25.0,0.00010175
BRD/BTC,1606243430729,2020-11-24T18:43:50.729Z,buy,4.07e-06,1201.0,0.00488807
BRD/BTC,1606243430842,2020-11-24T18:43:50.842Z,sell,4.07e-06,1314.0,0.00534798
BRD/BTC,1606243863041,2020-11-24T18:51:03.041Z,buy,4.07e-06,21279.0,0.08660553
BRD/BTC,1606243863054,2020-11-24T18:51:03.054Z,sell,4.07e-06,1065.0,0.00433455
BRD/BTC,1606243931232,2020-11-24T18:52:11.232Z,buy,4.08e-06,444.0,0.00181152
BRD/BTC,1606243980906,2020-11-24T18:53:00.906Z,buy,4.09e-06,168.0,0.0006871199999999
BRD/BTC,1606243980906,2020-11-24T18:53:00.906Z,buy,4.1e-06,25.0,0.0001025
BRD/BTC,1606243980906,2020-11-24T18:53:00.906Z,buy,4.11e-06,21.0,8.630999999999999e-05
BRD/BTC,1606244057697,2020-11-24T18:54:17.697Z,buy,4.08e-06,25.0,0.000102
BRD/BTC,1606244291277,2020-11-24T18:58:11.277Z,sell,4.07e-06,493.0,0.00200651
BRD/BTC,1606244293246,2020-11-24T18:58:13.246Z,sell,4.07e-06,9279.0,0.03776553
BRD/BTC,1606244293246,2020-11-24T18:58:13.246Z,sell,4.07e-06,9279.0,0.03776553
BRD/BTC,1606244406894,2020-11-24T19:00:06.894Z,sell,4.08e-06,1000.0,0.00408
BRD/BTC,1606244407469,2020-11-24T19:00:07.469Z,sell,4.08e-06,764.0,0.00311712
BRD/BTC,1606244444294,2020-11-24T19:00:44.294Z,buy,4.11e-06,217.0,0.0008918699999999
BRD/BTC,1606244503128,2020-11-24T19:01:43.128Z,buy,4.11e-06,8.0,3.288e-05
BRD/BTC,1606244619352,2020-11-24T19:03:39.352Z,buy,4.1e-06,26.0,0.0001065999999999
BRD/BTC,1606244620499,2020-11-24T19:03:40.499Z,sell,4.1e-06,528.0,0.0021647999999999
BRD/BTC,1606244817824,2020-11-24T19:06:57.824Z,buy,4.11e-06,49.0,0.0002013899999999
BRD/BTC,1606244907708,2020-11-24T19:08:27.708Z,sell,4.1e-06,56.0,0.0002296
BRD/BTC,1606244967536,2020-11-24T19:09:27.536Z,sell,4.08e-06,193.0,0.0007874399999999
BRD/BTC,1606244983884,2020-11-24T19:09:43.884Z,buy,4.08e-06,52.0,0.00021216
BRD/BTC,1606245142845,2020-11-24T19:12:22.845Z,buy,4.08e-06,249.0,0.00101592
BRD/BTC,1606245215037,2020-11-24T19:13:35.037Z,sell,4.07e-06,58.0,0.00023606
BRD/BTC,1606245222476,2020-11-24T19:13:42.476Z,sell,4.07e-06,1804.0,0.00734228
BRD/BTC,1606245512408,2020-11-24T19:18:32.408Z,buy,4.08e-06,439.0,0.00179112
BRD/BTC,1606245512426,2020-11-24T19:18:32.426Z,buy,4.08e-06,233.0,0.00095064
BRD/BTC,1606245538239,2020-11-24T19:18:58.239Z,buy,4.09e-06,26.0,0.0001063399999999
BRD/BTC,1606245540675,2020-11-24T19:19:00.675Z,sell,4.09e-06,1.0,4.09e-06
BRD/BTC,1606245670192,2020-11-24T19:21:10.192Z,sell,4.07e-06,382.0,0.00155474
BRD/BTC,1606245785095,2020-11-24T19:23:05.095Z,sell,4.07e-06,145.0,0.00059015
BRD/BTC,1606245794802,2020-11-24T19:23:14.802Z,sell,4.07e-06,28.0,0.00011396
BRD/BTC,1606245818322,2020-11-24T19:23:38.322Z,sell,4.07e-06,152.0,0.0006186399999999
BRD/BTC,1606246929846,2020-11-24T19:42:09.846Z,sell,4.07e-06,14827.0,0.06034589
BRD/BTC,1606246929874,2020-11-24T19:42:09.874Z,buy,4.07e-06,211.0,0.00085877
BRD/BTC,1606246929895,2020-11-24T19:42:09.895Z,buy,4.07e-06,486.0,0.00197802
BRD/BTC,1606246976927,2020-11-24T19:42:56.927Z,buy,4.07e-06,487.0,0.00198209
BRD/BTC,1606246988147,2020-11-24T19:43:08.147Z,buy,4.07e-06,4292.0,0.01746844
BRD/BTC,1606247005265,2020-11-24T19:43:25.265Z,buy,4.08e-06,270.0,0.0011015999999999
BRD/BTC,1606247005265,2020-11-24T19:43:25.265Z,buy,4.09e-06,28.0,0.00011452
BRD/BTC,1606247005265,2020-11-24T19:43:25.265Z,buy,4.1e-06,808.0,0.0033128
BRD/BTC,1606247017449,2020-11-24T19:43:37.449Z,buy,4.1e-06,1173.0,0.0048093
BRD/BTC,1606247127256,2020-11-24T19:45:27.256Z,buy,4.08e-06,52.0,0.00021216
BRD/BTC,1606247800538,2020-11-24T19:56:40.538Z,sell,4.08e-06,326.0,0.00133008
BRD/BTC,1606247876609,2020-11-24T19:57:56.609Z,sell,4.08e-06,857.0,0.00349656
BRD/BTC,1606247876609,2020-11-24T19:57:56.609Z,sell,4.08e-06,857.0,0.00349656
BRD/BTC,1606247995044,2020-11-24T19:59:55.044Z,buy,4.09e-06,142.0,0.0005807799999999
BRD/BTC,1606247995044,2020-11-24T19:59:55.044Z,buy,4.1e-06,186.0,0.0007626
BRD/BTC,1606248155300,2020-11-24T20:02:35.300Z,buy,4.1e-06,469.0,0.0019229
BRD/BTC,1606248155317,2020-11-24T20:02:35.317Z,sell,4.09e-06,328.0,0.00134152
BRD/BTC,1606248217195,2020-11-24T20:03:37.195Z,buy,4.1e-06,271.0,0.0011110999999999
BRD/BTC,1606248697994,2020-11-24T20:11:37.994Z,buy,4.1e-06,2103.0,0.0086223
BRD/BTC,1606248722547,2020-11-24T20:12:02.547Z,buy,4.11e-06,26.0,0.0001068599999999
BRD/BTC,1606248722637,2020-11-24T20:12:02.637Z,sell,4.11e-06,400.0,0.0016439999999999
BRD/BTC,1606248722861,2020-11-24T20:12:02.861Z,sell,4.1e-06,25.0,0.0001025
BRD/BTC,1606248744357,2020-11-24T20:12:24.357Z,buy,4.11e-06,359.0,0.0014754899999999
BRD/BTC,1606248744446,2020-11-24T20:12:24.446Z,sell,4.11e-06,750.0,0.0030824999999999
BRD/BTC,1606248744771,2020-11-24T20:12:24.771Z,sell,4.11e-06,374.0,0.0015371399999999
BRD/BTC,1606248843033,2020-11-24T20:14:03.033Z,buy,4.12e-06,605.0,0.0024926
BRD/BTC,1606248923150,2020-11-24T20:15:23.150Z,buy,4.12e-06,64.0,0.00026368
BRD/BTC,1606249011693,2020-11-24T20:16:51.693Z,sell,4.11e-06,361.0,0.0014837099999999
BRD/BTC,1606249011706,2020-11-24T20:16:51.706Z,sell,4.11e-06,290.0,0.0011918999999999
BRD/BTC,1606249029033,2020-11-24T20:17:09.033Z,sell,4.11e-06,465.0,0.00191115
BRD/BTC,1606249029047,2020-11-24T20:17:09.047Z,sell,4.11e-06,358.0,0.0014713799999999
BRD/BTC,1606249074847,2020-11-24T20:17:54.847Z,sell,4.11e-06,49.0,0.0002013899999999
BRD/BTC,1606249115795,2020-11-24T20:18:35.795Z,sell,4.11e-06,940.0,0.0038633999999999
BRD/BTC,1606249115826,2020-11-24T20:18:35.826Z,buy,4.11e-06,985.0,0.00404835
BRD/BTC,1606249115860,2020-11-24T20:18:35.860Z,buy,4.11e-06,121.0,0.0004973099999999
BRD/BTC,1606249115895,2020-11-24T20:18:35.895Z,buy,4.11e-06,1000.0,0.00411
BRD/BTC,1606249116183,2020-11-24T20:18:36.183Z,buy,4.11e-06,1000.0,0.00411
BRD/BTC,1606249116288,2020-11-24T20:18:36.288Z,buy,4.11e-06,541.0,0.0022235099999999
BRD/BTC,1606249116295,2020-11-24T20:18:36.295Z,buy,4.11e-06,1803.0,0.00741033
BRD/BTC,1606249116304,2020-11-24T20:18:36.304Z,buy,4.11e-06,202.0,0.0008302199999999
BRD/BTC,1606249116360,2020-11-24T20:18:36.360Z,buy,4.1e-06,218.0,0.0008937999999999
BRD/BTC,1606249143278,2020-11-24T20:19:03.278Z,buy,4.1e-06,26.0,0.0001065999999999
BRD/BTC,1606249218396,2020-11-24T20:20:18.396Z,sell,4.09e-06,1503.0,0.00614727
BRD/BTC,1606249218591,2020-11-24T20:20:18.591Z,sell,4.09e-06,750.0,0.0030675
BRD/BTC,1606249218793,2020-11-24T20:20:18.793Z,sell,4.09e-06,374.0,0.00152966
BRD/BTC,1606249302022,2020-11-24T20:21:42.022Z,sell,4.09e-06,560.0,0.0022903999999999
BRD/BTC,1606249302022,2020-11-24T20:21:42.022Z,sell,4.08e-06,54.0,0.00022032
BRD/BTC,1606249302022,2020-11-24T20:21:42.022Z,sell,4.07e-06,2435.0,0.00991045
BRD/BTC,1606249302022,2020-11-24T20:21:42.022Z,sell,4.06e-06,20198.0,0.08200388
BRD/BTC,1606249302032,2020-11-24T20:21:42.032Z,buy,4.06e-06,218.0,0.00088508
BRD/BTC,1606249302033,2020-11-24T20:21:42.033Z,buy,4.06e-06,127.0,0.00051562
BRD/BTC,1606249302037,2020-11-24T20:21:42.037Z,buy,4.06e-06,471.0,0.00191226
BRD/BTC,1606249316173,2020-11-24T20:21:56.173Z,buy,4.08e-06,270.0,0.0011015999999999
BRD/BTC,1606249316173,2020-11-24T20:21:56.173Z,buy,4.09e-06,177.0,0.00072393
BRD/BTC,1606249316173,2020-11-24T20:21:56.173Z,buy,4.1e-06,1057.0,0.0043336999999999
BRD/BTC,1606249316173,2020-11-24T20:21:56.173Z,buy,4.11e-06,6542.0,0.0268876199999999
BRD/BTC,1606249316633,2020-11-24T20:21:56.633Z,sell,4.06e-06,999.0,0.00405594
BRD/BTC,1606249342115,2020-11-24T20:22:22.115Z,buy,4.09e-06,1260.0,0.0051534
BRD/BTC,1606249958395,2020-11-24T20:32:38.395Z,sell,4.09e-06,1235.0,0.00505115
BRD/BTC,1606250161014,2020-11-24T20:36:01.014Z,sell,4.09e-06,9824.0,0.04018016
BRD/BTC,1606250278841,2020-11-24T20:37:58.841Z,sell,4.07e-06,2936.0,0.01194952
BRD/BTC,1606250278850,2020-11-24T20:37:58.850Z,buy,4.07e-06,273.0,0.00111111
BRD/BTC,1606250278863,2020-11-24T20:37:58.863Z,buy,4.07e-06,204.0,0.00083028
BRD/BTC,1606250278871,2020-11-24T20:37:58.871Z,buy,4.07e-06,204.0,0.00083028
BRD/BTC,1606250278891,2020-11-24T20:37:58.891Z,buy,4.07e-06,229.0,0.00093203
BRD/BTC,1606250278892,2020-11-24T20:37:58.892Z,buy,4.07e-06,68.0,0.00027676
BRD/BTC,1606250287988,2020-11-24T20:38:07.988Z,buy,4.07e-06,25.0,0.00010175
BRD/BTC,1606250305464,2020-11-24T20:38:25.464Z,sell,4.06e-06,932.0,0.00378392
BRD/BTC,1606250306567,2020-11-24T20:38:26.567Z,sell,4.06e-06,4619.0,0.01875314
BRD/BTC,1606250349237,2020-11-24T20:39:09.237Z,buy,4.08e-06,82.0,0.0003345599999999
BRD/BTC,1606250434904,2020-11-24T20:40:34.904Z,buy,4.08e-06,52.0,0.00021216
BRD/BTC,1606250648604,2020-11-24T20:44:08.604Z,buy,4.07e-06,379.0,0.00154253
BRD/BTC,1606250684097,2020-11-24T20:44:44.097Z,buy,4.08e-06,9.0,3.672e-05
BRD/BTC,1606251044545,2020-11-24T20:50:44.545Z,sell,4.06e-06,1053.0,0.00427518
BRD/BTC,1606251044545,2020-11-24T20:50:44.545Z,sell,4.05e-06,11977.0,0.04850685
BRD/BTC,1606251044545,2020-11-24T20:50:44.545Z,sell,4.04e-06,2476.0,0.01000304
BRD/BTC,1606251044545,2020-11-24T20:50:44.545Z,sell,4.03e-06,20478.0,0.08252634
BRD/BTC,1606251044552,2020-11-24T20:50:44.552Z,buy,4.03e-06,4620.0,0.0186186
BRD/BTC,1606251044557,2020-11-24T20:50:44.557Z,buy,4.03e-06,550.0,0.0022165
BRD/BTC,1606251044561,2020-11-24T20:50:44.561Z,buy,4.03e-06,229.0,0.00092287
BRD/BTC,1606251044562,2020-11-24T20:50:44.562Z,buy,4.03e-06,690.0,0.0027807
BRD/BTC,1606251044573,2020-11-24T20:50:44.573Z,buy,4.03e-06,275.0,0.00110825
BRD/BTC,1606251044581,2020-11-24T20:50:44.581Z,buy,4.03e-06,617.0,0.00248651
BRD/BTC,1606251044586,2020-11-24T20:50:44.586Z,buy,4.03e-06,551.0,0.00222053
BRD/BTC,1606251044603,2020-11-24T20:50:44.603Z,buy,4.03e-06,206.0,0.00083018
BRD/BTC,1606251044722,2020-11-24T20:50:44.722Z,buy,4.03e-06,6278.0,0.02530034
BRD/BTC,1606251044800,2020-11-24T20:50:44.800Z,sell,4.03e-06,229.0,0.00092287
BRD/BTC,1606251044807,2020-11-24T20:50:44.807Z,buy,4.03e-06,137.0,0.00055211
BRD/BTC,1606251044823,2020-11-24T20:50:44.823Z,buy,4.03e-06,8.0,3.224e-05
BRD/BTC,1606251084270,2020-11-24T20:51:24.270Z,buy,4.03e-06,104.0,0.00041912
BRD/BTC,1606251106953,2020-11-24T20:51:46.953Z,sell,4.02e-06,11296.0,0.0454099199999999
BRD/BTC,1606251107053,2020-11-24T20:51:47.053Z,sell,4.02e-06,1650.0,0.0066329999999999
BRD/BTC,1606251116410,2020-11-24T20:51:56.410Z,sell,4.01e-06,1000.0,0.00401
BRD/BTC,1606251127955,2020-11-24T20:52:07.955Z,buy,4.02e-06,25.0,0.0001004999999999
BRD/BTC,1606251131223,2020-11-24T20:52:11.223Z,buy,4.01e-06,3055.0,0.0122505499999999
BRD/BTC,1606251131224,2020-11-24T20:52:11.224Z,buy,4.01e-06,2747.0,0.01101547
BRD/BTC,1606251137989,2020-11-24T20:52:17.989Z,buy,4.01e-06,19000.0,0.07619
BRD/BTC,1606251155536,2020-11-24T20:52:35.536Z,buy,4.01e-06,52.0,0.00020852
BRD/BTC,1606251160829,2020-11-24T20:52:40.829Z,buy,4.01e-06,10382.0,0.04163182
BRD/BTC,1606251171278,2020-11-24T20:52:51.278Z,buy,4.01e-06,5000.0,0.02005
BRD/BTC,1606251177409,2020-11-24T20:52:57.409Z,buy,4.01e-06,2500.0,0.010025
BRD/BTC,1606251182067,2020-11-24T20:53:02.067Z,buy,4.01e-06,500.0,0.002005
BRD/BTC,1606251185829,2020-11-24T20:53:05.829Z,buy,4.01e-06,310.0,0.0012431
BRD/BTC,1606251186396,2020-11-24T20:53:06.396Z,sell,4.01e-06,1017.0,0.00407817
BRD/BTC,1606251196904,2020-11-24T20:53:16.904Z,sell,4e-06,363.0,0.001452
BRD/BTC,1606251226910,2020-11-24T20:53:46.910Z,sell,4.01e-06,500.0,0.002005
BRD/BTC,1606251231120,2020-11-24T20:53:51.120Z,sell,4.01e-06,500.0,0.002005
BRD/BTC,1606251235614,2020-11-24T20:53:55.614Z,sell,4.01e-06,1000.0,0.00401
BRD/BTC,1606251240023,2020-11-24T20:54:00.023Z,sell,4.01e-06,1000.0,0.00401
BRD/BTC,1606251244026,2020-11-24T20:54:04.026Z,sell,4.01e-06,1000.0,0.00401
BRD/BTC,1606251247724,2020-11-24T20:54:07.724Z,sell,4.01e-06,1000.0,0.00401
BRD/BTC,1606251254023,2020-11-24T20:54:14.023Z,sell,4.01e-06,1000.0,0.00401
BRD/BTC,1606251254366,2020-11-24T20:54:14.366Z,sell,3.99e-06,2754.0,0.01098846
BRD/BTC,1606251258230,2020-11-24T20:54:18.230Z,sell,4.01e-06,1000.0,0.00401
BRD/BTC,1606251261885,2020-11-24T20:54:21.885Z,sell,3.99e-06,1400.0,0.005586
BRD/BTC,1606251261993,2020-11-24T20:54:21.993Z,sell,4.01e-06,1000.0,0.00401
BRD/BTC,1606251284576,2020-11-24T20:54:44.576Z,buy,4e-06,1126.0,0.004504
BRD/BTC,1606251284685,2020-11-24T20:54:44.685Z,buy,4.02e-06,9.0,3.618e-05
BRD/BTC,1606251293949,2020-11-24T20:54:53.949Z,sell,4.01e-06,1000.0,0.00401
BRD/BTC,1606251297951,2020-11-24T20:54:57.951Z,sell,4.01e-06,1000.0,0.00401
BRD/BTC,1606251302450,2020-11-24T20:55:02.450Z,sell,4.01e-06,1000.0,0.00401
BRD/BTC,1606251306861,2020-11-24T20:55:06.861Z,sell,4.01e-06,1000.0,0.00401
BRD/BTC,1606251310956,2020-11-24T20:55:10.956Z,sell,4.01e-06,1000.0,0.00401
BRD/BTC,1606251314669,2020-11-24T20:55:14.669Z,sell,4.01e-06,1000.0,0.00401
BRD/BTC,1606251318659,2020-11-24T20:55:18.659Z,sell,4.01e-06,1000.0,0.00401
BRD/BTC,1606251323867,2020-11-24T20:55:23.867Z,sell,4.01e-06,1000.0,0.00401
BRD/BTC,1606251331973,2020-11-24T20:55:31.973Z,sell,4.01e-06,1000.0,0.00401
BRD/BTC,1606251335972,2020-11-24T20:55:35.972Z,sell,4.01e-06,1000.0,0.00401
BRD/BTC,1606251339872,2020-11-24T20:55:39.872Z,sell,4.01e-06,693.0,0.0027789299999999
BRD/BTC,1606251342071,2020-11-24T20:55:42.071Z,sell,4.01e-06,307.0,0.00123107
BRD/BTC,1606251362058,2020-11-24T20:56:02.058Z,buy,4.02e-06,1000.0,0.0040199999999999
BRD/BTC,1606251363187,2020-11-24T20:56:03.187Z,sell,4.01e-06,320.0,0.0012832
BRD/BTC,1606251363802,2020-11-24T20:56:03.802Z,sell,3.99e-06,28.0,0.00011172
BRD/BTC,1606251365944,2020-11-24T20:56:05.944Z,buy,4.02e-06,1000.0,0.0040199999999999
BRD/BTC,1606251370634,2020-11-24T20:56:10.634Z,buy,4.02e-06,1000.0,0.0040199999999999
BRD/BTC,1606251375095,2020-11-24T20:56:15.095Z,buy,4.02e-06,320.0,0.0012863999999999
BRD/BTC,1606251375109,2020-11-24T20:56:15.109Z,sell,4.02e-06,680.0,0.0027335999999999
BRD/BTC,1606251379296,2020-11-24T20:56:19.296Z,sell,4.02e-06,1000.0,0.0040199999999999
BRD/BTC,1606251384419,2020-11-24T20:56:24.419Z,buy,4.03e-06,1026.0,0.00413478
BRD/BTC,1606251384419,2020-11-24T20:56:24.419Z,buy,4.04e-06,26.0,0.00010504
BRD/BTC,1606251384419,2020-11-24T20:56:24.419Z,buy,4.05e-06,45.0,0.00018225
BRD/BTC,1606251400245,2020-11-24T20:56:40.245Z,sell,4.01e-06,320.0,0.0012832
BRD/BTC,1606251411627,2020-11-24T20:56:51.627Z,buy,4.02e-06,320.0,0.0012863999999999
BRD/BTC,1606251434714,2020-11-24T20:57:14.714Z,buy,4.03e-06,26.0,0.00010478
BRD/BTC,1606251463316,2020-11-24T20:57:43.316Z,buy,4.03e-06,26.0,0.00010478
BRD/BTC,1606251463316,2020-11-24T20:57:43.316Z,buy,4.03e-06,26.0,0.00010478
BRD/BTC,1606251497256,2020-11-24T20:58:17.256Z,buy,4.02e-06,882.0,0.0035456399999999
BRD/BTC,1606251497352,2020-11-24T20:58:17.352Z,buy,4.02e-06,441.0,0.0017728199999999
BRD/BTC,1606251517097,2020-11-24T20:58:37.097Z,buy,4.02e-06,500.0,0.0020099999999999
BRD/BTC,1606251517928,2020-11-24T20:58:37.928Z,buy,4.02e-06,243.0,0.00097686
BRD/BTC,1606251617524,2020-11-24T21:00:17.524Z,buy,4.04e-06,26.0,0.00010504
BRD/BTC,1606251667627,2020-11-24T21:01:07.627Z,sell,4.04e-06,744.0,0.00300576
BRD/BTC,1606251667627,2020-11-24T21:01:07.627Z,sell,4.03e-06,1000.0,0.00403
BRD/BTC,1606251668371,2020-11-24T21:01:08.371Z,sell,4.02e-06,503.0,0.00202206
BRD/BTC,1606251705697,2020-11-24T21:01:45.697Z,buy,4.05e-06,1026.0,0.0041553
BRD/BTC,1606251705697,2020-11-24T21:01:45.697Z,buy,4.06e-06,20334.0,0.08255604
BRD/BTC,1606251705705,2020-11-24T21:01:45.705Z,sell,4.06e-06,842.0,0.00341852
BRD/BTC,1606251705709,2020-11-24T21:01:45.709Z,sell,4.06e-06,2466.0,0.01001196
BRD/BTC,1606251706518,2020-11-24T21:01:46.518Z,sell,4.06e-06,317.0,0.00128702
BRD/BTC,1606251707972,2020-11-24T21:01:47.972Z,sell,4.06e-06,1000.0,0.00406
BRD/BTC,1606251798467,2020-11-24T21:03:18.467Z,buy,4.07e-06,400.0,0.001628
BRD/BTC,1606251856551,2020-11-24T21:04:16.551Z,sell,4.07e-06,1014.0,0.00412698
BRD/BTC,1606252168553,2020-11-24T21:09:28.553Z,sell,4.03e-06,1000.0,0.00403
BRD/BTC,1606252168553,2020-11-24T21:09:28.553Z,sell,4.02e-06,13035.0,0.0524006999999999
BRD/BTC,1606252168569,2020-11-24T21:09:28.569Z,buy,4.02e-06,437.0,0.00175674
BRD/BTC,1606252168572,2020-11-24T21:09:28.572Z,buy,4.02e-06,14.0,5.628e-05
BRD/BTC,1606252193823,2020-11-24T21:09:53.823Z,sell,4.03e-06,1000.0,0.00403
BRD/BTC,1606252193933,2020-11-24T21:09:53.933Z,buy,4.02e-06,6561.0,0.0263752199999999
BRD/BTC,1606252194134,2020-11-24T21:09:54.134Z,buy,4.02e-06,3275.0,0.0131654999999999
BRD/BTC,1606252194332,2020-11-24T21:09:54.332Z,buy,4.02e-06,1635.0,0.0065726999999999
BRD/BTC,1606252194432,2020-11-24T21:09:54.432Z,buy,4.02e-06,817.0,0.0032843399999999
BRD/BTC,1606252194535,2020-11-24T21:09:54.535Z,buy,4.02e-06,408.0,0.0016401599999999
BRD/BTC,1606252195397,2020-11-24T21:09:55.397Z,buy,4.02e-06,747.0,0.0030029399999999
BRD/BTC,1606252195420,2020-11-24T21:09:55.420Z,buy,4.02e-06,489.0,0.00196578
BRD/BTC,1606252261549,2020-11-24T21:11:01.549Z,sell,4.02e-06,1000.0,0.0040199999999999
BRD/BTC,1606252261549,2020-11-24T21:11:01.549Z,sell,4.01e-06,1700.0,0.0068169999999999
BRD/BTC,1606252263188,2020-11-24T21:11:03.188Z,buy,4.05e-06,52.0,0.0002106
BRD/BTC,1606252268223,2020-11-24T21:11:08.223Z,sell,4.02e-06,58.0,0.0002331599999999
BRD/BTC,1606252269666,2020-11-24T21:11:09.666Z,buy,4.02e-06,262.0,0.00105324
BRD/BTC,1606252290616,2020-11-24T21:11:30.616Z,buy,4.03e-06,52.0,0.00020956
BRD/BTC,1606252291296,2020-11-24T21:11:31.296Z,sell,4.01e-06,344.0,0.00137944
BRD/BTC,1606252307853,2020-11-24T21:11:47.853Z,buy,4.01e-06,500.0,0.002005
BRD/BTC,1606252311284,2020-11-24T21:11:51.284Z,buy,4.01e-06,208.0,0.00083408
BRD/BTC,1606252311396,2020-11-24T21:11:51.396Z,sell,4.01e-06,292.0,0.00117092
BRD/BTC,1606252315697,2020-11-24T21:11:55.697Z,sell,4.01e-06,500.0,0.002005
BRD/BTC,1606252319505,2020-11-24T21:11:59.505Z,sell,4.01e-06,500.0,0.002005
BRD/BTC,1606252323297,2020-11-24T21:12:03.297Z,sell,4.01e-06,500.0,0.002005
BRD/BTC,1606252327300,2020-11-24T21:12:07.300Z,sell,4.01e-06,462.0,0.00185262
BRD/BTC,1606252347170,2020-11-24T21:12:27.170Z,buy,4.01e-06,412.0,0.00165212
BRD/BTC,1606252348644,2020-11-24T21:12:28.644Z,sell,4.01e-06,72.0,0.0002887199999999
BRD/BTC,1606252372830,2020-11-24T21:12:52.830Z,sell,4.01e-06,354.0,0.00141954
BRD/BTC,1606252396443,2020-11-24T21:13:16.443Z,buy,4.02e-06,1000.0,0.0040199999999999
BRD/BTC,1606252400566,2020-11-24T21:13:20.566Z,buy,4.02e-06,1000.0,0.0040199999999999
BRD/BTC,1606252401346,2020-11-24T21:13:21.346Z,sell,4.01e-06,320.0,0.0012832
BRD/BTC,1606252404887,2020-11-24T21:13:24.887Z,buy,4.02e-06,1000.0,0.0040199999999999
BRD/BTC,1606252410269,2020-11-24T21:13:30.269Z,buy,4.02e-06,1000.0,0.0040199999999999
BRD/BTC,1606252414204,2020-11-24T21:13:34.204Z,buy,4.02e-06,1000.0,0.0040199999999999
BRD/BTC,1606252418851,2020-11-24T21:13:38.851Z,buy,4.02e-06,62.0,0.0002492399999999
BRD/BTC,1606252418946,2020-11-24T21:13:38.946Z,sell,4.02e-06,938.0,0.0037707599999999
BRD/BTC,1606252421056,2020-11-24T21:13:41.056Z,sell,4.01e-06,320.0,0.0012832
BRD/BTC,1606252423656,2020-11-24T21:13:43.656Z,sell,4.02e-06,1000.0,0.0040199999999999
BRD/BTC,1606252429257,2020-11-24T21:13:49.257Z,sell,4.02e-06,1000.0,0.0040199999999999
BRD/BTC,1606252433485,2020-11-24T21:13:53.485Z,buy,4.02e-06,320.0,0.0012863999999999
BRD/BTC,1606252433634,2020-11-24T21:13:53.634Z,sell,4.02e-06,647.0,0.00260094
BRD/BTC,1606252444966,2020-11-24T21:14:04.966Z,sell,4.02e-06,295.0,0.0011859
BRD/BTC,1606252448254,2020-11-24T21:14:08.254Z,sell,4.01e-06,320.0,0.0012832
BRD/BTC,1606252457882,2020-11-24T21:14:17.882Z,buy,4e-06,1000.0,0.004
BRD/BTC,1606252461870,2020-11-24T21:14:21.870Z,buy,4e-06,136.0,0.000544
BRD/BTC,1606252471474,2020-11-24T21:14:31.474Z,sell,4.01e-06,500.0,0.002005
BRD/BTC,1606252477982,2020-11-24T21:14:37.982Z,sell,4.01e-06,482.0,0.0019328199999999
BRD/BTC,1606252504061,2020-11-24T21:15:04.061Z,buy,4.02e-06,320.0,0.0012863999999999
BRD/BTC,1606252504093,2020-11-24T21:15:04.093Z,sell,4.02e-06,354.0,0.00142308
BRD/BTC,1606252710652,2020-11-24T21:18:30.652Z,buy,4.03e-06,1000.0,0.00403
BRD/BTC,1606252758981,2020-11-24T21:19:18.981Z,sell,4.03e-06,347.0,0.00139841
BRD/BTC,1606252801431,2020-11-24T21:20:01.431Z,buy,4.04e-06,26.0,0.00010504
BRD/BTC,1606252801531,2020-11-24T21:20:01.531Z,sell,4.04e-06,529.0,0.00213716
BRD/BTC,1606252840972,2020-11-24T21:20:40.972Z,sell,4.01e-06,466.0,0.0018686599999999
BRD/BTC,1606252842419,2020-11-24T21:20:42.419Z,sell,4.01e-06,194.0,0.00077794
BRD/BTC,1606252849277,2020-11-24T21:20:49.277Z,buy,4.01e-06,250.0,0.0010025
BRD/BTC,1606252853679,2020-11-24T21:20:53.679Z,buy,4.01e-06,111.0,0.0004451099999999
BRD/BTC,1606252867203,2020-11-24T21:21:07.203Z,sell,4.01e-06,424.0,0.0017002399999999
BRD/BTC,1606252880001,2020-11-24T21:21:20.001Z,buy,4.02e-06,320.0,0.0012863999999999
BRD/BTC,1606252889598,2020-11-24T21:21:29.598Z,sell,4.01e-06,320.0,0.0012832
BRD/BTC,1606252921201,2020-11-24T21:22:01.201Z,buy,4.02e-06,320.0,0.0012863999999999
BRD/BTC,1606252933504,2020-11-24T21:22:13.504Z,buy,4.04e-06,3912.0,0.01580448
BRD/BTC,1606253006838,2020-11-24T21:23:26.838Z,buy,4.05e-06,26.0,0.0001053
BRD/BTC,1606253006838,2020-11-24T21:23:26.838Z,buy,4.06e-06,75.0,0.0003045
BRD/BTC,1606253006867,2020-11-24T21:23:26.867Z,sell,4.06e-06,68.0,0.00027608
BRD/BTC,1606253007042,2020-11-24T21:23:27.042Z,sell,4.06e-06,1375.0,0.0055825
BRD/BTC,1606253416420,2020-11-24T21:30:16.420Z,sell,4.02e-06,248.0,0.0009969599999999
BRD/BTC,1606253436087,2020-11-24T21:30:36.087Z,sell,4.05e-06,780.0,0.003159
BRD/BTC,1606253552025,2020-11-24T21:32:32.025Z,buy,4.03e-06,78.0,0.00031434
BRD/BTC,1606253555790,2020-11-24T21:32:35.790Z,sell,4.03e-06,170.0,0.0006851
BRD/BTC,1606253620085,2020-11-24T21:33:40.085Z,buy,4.03e-06,9525.0,0.03838575
BRD/BTC,1606253620458,2020-11-24T21:33:40.458Z,buy,4.04e-06,26.0,0.00010504
BRD/BTC,1606253954294,2020-11-24T21:39:14.294Z,buy,4.05e-06,8.0,3.24e-05
BRD/BTC,1606254311500,2020-11-24T21:45:11.500Z,sell,4.02e-06,26.0,0.00010452
BRD/BTC,1606254454897,2020-11-24T21:47:34.897Z,sell,4.02e-06,170.0,0.0006833999999999
BRD/BTC,1606254454897,2020-11-24T21:47:34.897Z,sell,4.01e-06,1074.0,0.00430674
BRD/BTC,1606254455674,2020-11-24T21:47:35.674Z,buy,4.03e-06,273.0,0.00110019
BRD/BTC,1606254455674,2020-11-24T21:47:35.674Z,buy,4.05e-06,26.0,0.0001053
BRD/BTC,1606254455674,2020-11-24T21:47:35.674Z,buy,4.06e-06,26.0,0.00010556
BRD/BTC,1606254455674,2020-11-24T21:47:35.674Z,buy,4.07e-06,1153.0,0.00469271
BRD/BTC,1606254455674,2020-11-24T21:47:35.674Z,buy,4.08e-06,2172.0,0.00886176
BRD/BTC,1606254461797,2020-11-24T21:47:41.797Z,buy,4.07e-06,270.0,0.0010989
BRD/BTC,1606254462010,2020-11-24T21:47:42.010Z,buy,4.02e-06,320.0,0.0012863999999999
BRD/BTC,1606254665467,2020-11-24T21:51:05.467Z,sell,4.04e-06,6925.0,0.027977
BRD/BTC,1606254665467,2020-11-24T21:51:05.467Z,sell,4.02e-06,982.0,0.00394764
BRD/BTC,1606254665467,2020-11-24T21:51:05.467Z,sell,4.01e-06,8899.0,0.03568499
BRD/BTC,1606254666061,2020-11-24T21:51:06.061Z,sell,4.02e-06,320.0,0.0012863999999999
BRD/BTC,1606254754745,2020-11-24T21:52:34.745Z,buy,4.03e-06,1000.0,0.00403
BRD/BTC,1606254754745,2020-11-24T21:52:34.745Z,buy,4.04e-06,2713.0,0.01096052
BRD/BTC,1606254791295,2020-11-24T21:53:11.295Z,buy,4.03e-06,320.0,0.0012896
BRD/BTC,1606254791295,2020-11-24T21:53:11.295Z,buy,4.04e-06,115.0,0.0004646
BRD/BTC,1606254816062,2020-11-24T21:53:36.062Z,buy,4.03e-06,130.0,0.0005239
BRD/BTC,1606255023007,2020-11-24T21:57:03.007Z,sell,4.01e-06,320.0,0.0012832
BRD/BTC,1606255023094,2020-11-24T21:57:03.094Z,buy,4.01e-06,857.0,0.00343657
BRD/BTC,1606255023197,2020-11-24T21:57:03.197Z,buy,4.01e-06,429.0,0.00172029
BRD/BTC,1606255026742,2020-11-24T21:57:06.742Z,buy,4.01e-06,180.0,0.0007218
BRD/BTC,1606255026756,2020-11-24T21:57:06.756Z,buy,4.01e-06,298.0,0.00119498
BRD/BTC,1606255062227,2020-11-24T21:57:42.227Z,sell,4e-06,118.0,0.000472
BRD/BTC,1606255062227,2020-11-24T21:57:42.227Z,sell,4e-06,118.0,0.000472
BRD/BTC,1606255127772,2020-11-24T21:58:47.772Z,sell,4e-06,253.0,0.0010119999999999
BRD/BTC,1606255127785,2020-11-24T21:58:47.785Z,buy,4e-06,532.0,0.002128
BRD/BTC,1606255127841,2020-11-24T21:58:47.841Z,buy,4e-06,490.0,0.00196
BRD/BTC,1606255148072,2020-11-24T21:59:08.072Z,sell,3.99e-06,366.0,0.00146034
BRD/BTC,1606255172392,2020-11-24T21:59:32.392Z,sell,3.98e-06,1107.0,0.00440586
BRD/BTC,1606255194276,2020-11-24T21:59:54.276Z,buy,4.01e-06,256.0,0.00102656
BRD/BTC,1606255203470,2020-11-24T22:00:03.470Z,sell,3.99e-06,28.0,0.00011172
BRD/BTC,1606255886865,2020-11-24T22:11:26.865Z,sell,3.99e-06,1281.0,0.00511119
BRD/BTC,1606255886865,2020-11-24T22:11:26.865Z,sell,3.98e-06,13719.0,0.05460162
BRD/BTC,1606256048491,2020-11-24T22:14:08.491Z,sell,3.99e-06,199.0,0.0007940099999999
BRD/BTC,1606256058958,2020-11-24T22:14:18.958Z,buy,4.01e-06,26.0,0.00010426
BRD/BTC,1606256233486,2020-11-24T22:17:13.486Z,sell,3.99e-06,200.0,0.000798
BRD/BTC,1606256535768,2020-11-24T22:22:15.768Z,buy,4e-06,26.0,0.000104
BRD/BTC,1606256560343,2020-11-24T22:22:40.343Z,buy,4e-06,350.0,0.0014
BRD/BTC,1606256602324,2020-11-24T22:23:22.324Z,buy,4.01e-06,46.0,0.0001844599999999
BRD/BTC,1606256798611,2020-11-24T22:26:38.611Z,buy,4.01e-06,858.0,0.00344058
BRD/BTC,1606256946403,2020-11-24T22:29:06.403Z,buy,4.02e-06,575.0,0.0023114999999999
BRD/BTC,1606256946403,2020-11-24T22:29:06.403Z,buy,4.03e-06,54.0,0.00021762
BRD/BTC,1606256946403,2020-11-24T22:29:06.403Z,buy,4.04e-06,454.0,0.00183416
BRD/BTC,1606256963714,2020-11-24T22:29:23.714Z,buy,4.03e-06,109.0,0.00043927
BRD/BTC,1606257037388,2020-11-24T22:30:37.388Z,buy,4.04e-06,1000.0,0.00404
BRD/BTC,1606257045738,2020-11-24T22:30:45.738Z,buy,4.04e-06,56.0,0.00022624
BRD/BTC,1606257052888,2020-11-24T22:30:52.888Z,buy,4.02e-06,770.0,0.0030954
BRD/BTC,1606257052990,2020-11-24T22:30:52.990Z,buy,4.02e-06,356.0,0.00143112
BRD/BTC,1606257064055,2020-11-24T22:31:04.055Z,buy,4.02e-06,2000.0,0.0080399999999999
BRD/BTC,1606257068802,2020-11-24T22:31:08.802Z,sell,4.02e-06,1142.0,0.00459084
BRD/BTC,1606257068965,2020-11-24T22:31:08.965Z,sell,4.02e-06,571.0,0.00229542
BRD/BTC,1606257069195,2020-11-24T22:31:09.195Z,sell,4.02e-06,285.0,0.0011457
BRD/BTC,1606257084627,2020-11-24T22:31:24.627Z,buy,4.03e-06,685.0,0.00276055
BRD/BTC,1606257084627,2020-11-24T22:31:24.627Z,buy,4.05e-06,6509.0,0.02636145
BRD/BTC,1606257084636,2020-11-24T22:31:24.636Z,sell,4.05e-06,3990.0,0.0161595
BRD/BTC,1606257084636,2020-11-24T22:31:24.636Z,sell,4.05e-06,621.0,0.00251505
BRD/BTC,1606257084642,2020-11-24T22:31:24.642Z,sell,4.05e-06,1059.0,0.00428895
BRD/BTC,1606257090511,2020-11-24T22:31:30.511Z,sell,4.05e-06,106.0,0.0004293
BRD/BTC,1606257090511,2020-11-24T22:31:30.511Z,sell,4.03e-06,3.0,1.209e-05
BRD/BTC,1606257435811,2020-11-24T22:37:15.811Z,sell,4.05e-06,330.0,0.0013365
BRD/BTC,1606257435930,2020-11-24T22:37:15.930Z,sell,4.05e-06,798.0,0.0032319
BRD/BTC,1606257455295,2020-11-24T22:37:35.295Z,sell,4.04e-06,1000.0,0.00404
BRD/BTC,1606257455775,2020-11-24T22:37:35.775Z,sell,4.04e-06,526.0,0.00212504
BRD/BTC,1606257455877,2020-11-24T22:37:35.877Z,sell,4.04e-06,204.0,0.00082416
BRD/BTC,1606257621072,2020-11-24T22:40:21.072Z,buy,4.06e-06,8.0,3.248e-05
BRD/BTC,1606257824120,2020-11-24T22:43:44.120Z,buy,4.04e-06,26.0,0.00010504
BRD/BTC,1606258229992,2020-11-24T22:50:29.992Z,sell,4.02e-06,49.0,0.0001969799999999
BRD/BTC,1606258229992,2020-11-24T22:50:29.992Z,sell,4.02e-06,49.0,0.0001969799999999
BRD/BTC,1606258761961,2020-11-24T22:59:21.961Z,sell,4.02e-06,1296.0,0.00520992
BRD/BTC,1606258763540,2020-11-24T22:59:23.540Z,buy,4.02e-06,639.0,0.0025687799999999
BRD/BTC,1606258763839,2020-11-24T22:59:23.839Z,buy,4.02e-06,319.0,0.0012823799999999
BRD/BTC,1606258787435,2020-11-24T22:59:47.435Z,buy,4.02e-06,304.0,0.00122208
BRD/BTC,1606258790178,2020-11-24T22:59:50.178Z,sell,4.03e-06,1000.0,0.00403
BRD/BTC,1606258790178,2020-11-24T22:59:50.178Z,sell,4.02e-06,5257.0,0.0211331399999999
BRD/BTC,1606258790253,2020-11-24T22:59:50.253Z,buy,4.02e-06,1414.0,0.00568428
BRD/BTC,1606258881212,2020-11-24T23:01:21.212Z,sell,4.01e-06,1516.0,0.0060791599999999
BRD/BTC,1606258881212,2020-11-24T23:01:21.212Z,sell,4e-06,18481.0,0.0739239999999999
BRD/BTC,1606258933087,2020-11-24T23:02:13.087Z,buy,4.01e-06,32.0,0.00012832
BRD/BTC,1606258933087,2020-11-24T23:02:13.087Z,buy,4.02e-06,17.0,6.834e-05
BRD/BTC,1606258946898,2020-11-24T23:02:26.898Z,buy,4.02e-06,303.0,0.00121806
BRD/BTC,1606259072986,2020-11-24T23:04:32.986Z,sell,4.02e-06,1063.0,0.0042732599999999
BRD/BTC,1606259116749,2020-11-24T23:05:16.749Z,sell,4.02e-06,730.0,0.0029346
BRD/BTC,1606259127312,2020-11-24T23:05:27.312Z,sell,4.02e-06,297.0,0.0011939399999999
BRD/BTC,1606259142174,2020-11-24T23:05:42.174Z,buy,4.02e-06,2000.0,0.0080399999999999
BRD/BTC,1606259146513,2020-11-24T23:05:46.513Z,buy,4.02e-06,1000.0,0.0040199999999999
BRD/BTC,1606259151469,2020-11-24T23:05:51.469Z,buy,4.02e-06,1000.0,0.0040199999999999
BRD/BTC,1606259157950,2020-11-24T23:05:57.950Z,sell,4.02e-06,1000.0,0.0040199999999999
BRD/BTC,1606259162557,2020-11-24T23:06:02.557Z,sell,4.02e-06,1000.0,0.0040199999999999
BRD/BTC,1606259167660,2020-11-24T23:06:07.660Z,sell,4.02e-06,1000.0,0.0040199999999999
BRD/BTC,1606259173165,2020-11-24T23:06:13.165Z,sell,4.02e-06,1000.0,0.0040199999999999
BRD/BTC,1606259177059,2020-11-24T23:06:17.059Z,sell,4.02e-06,1000.0,0.0040199999999999
BRD/BTC,1606259180619,2020-11-24T23:06:20.619Z,sell,4.01e-06,320.0,0.0012832
BRD/BTC,1606259180619,2020-11-24T23:06:20.619Z,sell,4e-06,10497.0,0.041988
BRD/BTC,1606259183969,2020-11-24T23:06:23.969Z,buy,4.02e-06,1000.0,0.0040199999999999
BRD/BTC,1606259187913,2020-11-24T23:06:27.913Z,buy,4.02e-06,1000.0,0.0040199999999999
BRD/BTC,1606259193195,2020-11-24T23:06:33.195Z,buy,4.02e-06,320.0,0.0012863999999999
BRD/BTC,1606259193281,2020-11-24T23:06:33.281Z,sell,4.02e-06,680.0,0.0027335999999999
BRD/BTC,1606259197999,2020-11-24T23:06:37.999Z,buy,4.02e-06,130.0,0.0005225999999999
BRD/BTC,1606259198072,2020-11-24T23:06:38.072Z,sell,4.02e-06,870.0,0.0034973999999999
BRD/BTC,1606259200077,2020-11-24T23:06:40.077Z,sell,4.01e-06,320.0,0.0012832
BRD/BTC,1606259202478,2020-11-24T23:06:42.478Z,sell,4.02e-06,1000.0,0.0040199999999999
BRD/BTC,1606259206577,2020-11-24T23:06:46.577Z,sell,4.02e-06,1000.0,0.0040199999999999
BRD/BTC,1606259210382,2020-11-24T23:06:50.382Z,sell,4.02e-06,1000.0,0.0040199999999999
BRD/BTC,1606259214175,2020-11-24T23:06:54.175Z,buy,4.02e-06,320.0,0.0012863999999999
BRD/BTC,1606259214283,2020-11-24T23:06:54.283Z,sell,4.02e-06,2180.0,0.0087636
BRD/BTC,1606259218388,2020-11-24T23:06:58.388Z,sell,4.02e-06,2389.0,0.00960378
BRD/BTC,1606259223990,2020-11-24T23:07:03.990Z,sell,4.02e-06,1140.0,0.0045828
BRD/BTC,1606259224186,2020-11-24T23:07:04.186Z,sell,4.02e-06,569.0,0.00228738
BRD/BTC,1606259224689,2020-11-24T23:07:04.689Z,sell,4.02e-06,283.0,0.00113766
BRD/BTC,1606259346900,2020-11-24T23:09:06.900Z,sell,4.03e-06,259.0,0.00104377
BRD/BTC,1606259347029,2020-11-24T23:09:07.029Z,sell,4.03e-06,731.0,0.00294593
BRD/BTC,1606259347110,2020-11-24T23:09:07.110Z,sell,4.03e-06,142.0,0.00057226
BRD/BTC,1606259565427,2020-11-24T23:12:45.427Z,sell,4.02e-06,39.0,0.0001567799999999
BRD/BTC,1606259836471,2020-11-24T23:17:16.471Z,buy,4.04e-06,471.0,0.00190284
BRD/BTC,1606259836471,2020-11-24T23:17:16.471Z,buy,4.05e-06,26.0,0.0001053
BRD/BTC,1606259836471,2020-11-24T23:17:16.471Z,buy,4.06e-06,26.0,0.00010556
BRD/BTC,1606259836471,2020-11-24T23:17:16.471Z,buy,4.07e-06,24.0,9.768e-05
BRD/BTC,1606259945632,2020-11-24T23:19:05.632Z,sell,4.03e-06,69.0,0.00027807
BRD/BTC,1606260429756,2020-11-24T23:27:09.756Z,buy,4.07e-06,348.0,0.00141636
BRD/BTC,1606260429756,2020-11-24T23:27:09.756Z,buy,4.08e-06,432.0,0.00176256
BRD/BTC,1606260429756,2020-11-24T23:27:09.756Z,buy,4.09e-06,4220.0,0.0172598
BRD/BTC,1606260433632,2020-11-24T23:27:13.632Z,sell,4.07e-06,229.0,0.00093203
BRD/BTC,1606260433633,2020-11-24T23:27:13.633Z,sell,4.07e-06,41.0,0.00016687
BRD/BTC,1606260471596,2020-11-24T23:27:51.596Z,buy,4.08e-06,26.0,0.00010608
BRD/BTC,1606260869109,2020-11-24T23:34:29.109Z,sell,4.04e-06,300.0,0.001212
BRD/BTC,1606260869377,2020-11-24T23:34:29.377Z,sell,4.05e-06,1000.0,0.00405
BRD/BTC,1606260931082,2020-11-24T23:35:31.082Z,sell,4.04e-06,647.0,0.00261388
BRD/BTC,1606260940279,2020-11-24T23:35:40.279Z,sell,4.05e-06,120.0,0.000486
BRD/BTC,1606261419270,2020-11-24T23:43:39.270Z,buy,4.07e-06,26.0,0.00010582
BRD/BTC,1606261419270,2020-11-24T23:43:39.270Z,buy,4.07e-06,26.0,0.00010582
BRD/BTC,1606262718718,2020-11-25T00:05:18.718Z,sell,4.04e-06,9305.0,0.0375922
BRD/BTC,1606262798378,2020-11-25T00:06:38.378Z,buy,4.05e-06,40000.0,0.162
BRD/BTC,1606262798396,2020-11-25T00:06:38.396Z,buy,4.05e-06,2831.0,0.01146555
BRD/BTC,1606262805995,2020-11-25T00:06:45.995Z,sell,4.05e-06,2500.0,0.010125
BRD/BTC,1606262812300,2020-11-25T00:06:52.300Z,sell,4.05e-06,2500.0,0.010125
BRD/BTC,1606262817004,2020-11-25T00:06:57.004Z,sell,4.05e-06,2500.0,0.010125
BRD/BTC,1606262822503,2020-11-25T00:07:02.503Z,sell,4.05e-06,2500.0,0.010125
BRD/BTC,1606262829103,2020-11-25T00:07:09.103Z,sell,4.05e-06,5000.0,0.02025
BRD/BTC,1606262834001,2020-11-25T00:07:14.001Z,buy,4.06e-06,26.0,0.00010556
BRD/BTC,1606262834542,2020-11-25T00:07:14.542Z,buy,4.05e-06,1123.0,0.00454815
BRD/BTC,1606262834615,2020-11-25T00:07:14.615Z,sell,4.05e-06,9469.0,0.03834945
BRD/BTC,1606262834712,2020-11-25T00:07:14.712Z,sell,4.05e-06,4732.0,0.0191646
BRD/BTC,1606262834811,2020-11-25T00:07:14.811Z,sell,4.05e-06,2364.0,0.0095742
BRD/BTC,1606262834919,2020-11-25T00:07:14.919Z,sell,4.05e-06,1181.0,0.00478305
BRD/BTC,1606262835305,2020-11-25T00:07:15.305Z,sell,4.05e-06,589.0,0.00238545
BRD/BTC,1606262835806,2020-11-25T00:07:15.806Z,sell,4.05e-06,293.0,0.00118665
BRD/BTC,1606262902862,2020-11-25T00:08:22.862Z,buy,4.06e-06,1000.0,0.00406
BRD/BTC,1606262902862,2020-11-25T00:08:22.862Z,buy,4.07e-06,1200.0,0.004884
BRD/BTC,1606262999022,2020-11-25T00:09:59.022Z,buy,4.07e-06,25.0,0.00010175
BRD/BTC,1606263089373,2020-11-25T00:11:29.373Z,buy,4.07e-06,26.0,0.00010582
BRD/BTC,1606263089373,2020-11-25T00:11:29.373Z,buy,4.08e-06,544.0,0.00221952
BRD/BTC,1606263094724,2020-11-25T00:11:34.724Z,sell,4.07e-06,149.0,0.00060643
BRD/BTC,1606263094746,2020-11-25T00:11:34.746Z,sell,4.07e-06,121.0,0.00049247
BRD/BTC,1606263146379,2020-11-25T00:12:26.379Z,buy,4.08e-06,9.0,3.672e-05
BRD/BTC,1606263495489,2020-11-25T00:18:15.489Z,buy,4.07e-06,26.0,0.00010582
BRD/BTC,1606263496440,2020-11-25T00:18:16.440Z,buy,4.07e-06,25.0,0.00010175
BRD/BTC,1606263592035,2020-11-25T00:19:52.035Z,buy,4.07e-06,123.0,0.00050061
BRD/BTC,1606263646239,2020-11-25T00:20:46.239Z,buy,4.07e-06,10.0,4.07e-05
BRD/BTC,1606263778522,2020-11-25T00:22:58.522Z,sell,4.04e-06,187.0,0.00075548
BRD/BTC,1606263894006,2020-11-25T00:24:54.006Z,sell,4.04e-06,25.0,0.000101
BRD/BTC,1606263894006,2020-11-25T00:24:54.006Z,sell,4.03e-06,451.0,0.00181753
BRD/BTC,1606263925089,2020-11-25T00:25:25.089Z,buy,4.06e-06,26.0,0.00010556
BRD/BTC,1606263925089,2020-11-25T00:25:25.089Z,buy,4.06e-06,26.0,0.00010556
BRD/BTC,1606265057215,2020-11-25T00:44:17.215Z,buy,4.05e-06,95.0,0.00038475
BRD/BTC,1606265087041,2020-11-25T00:44:47.041Z,sell,4.04e-06,15000.0,0.0606
BRD/BTC,1606265246253,2020-11-25T00:47:26.253Z,sell,4.04e-06,75.0,0.000303
BRD/BTC,1606265263120,2020-11-25T00:47:43.120Z,buy,4.05e-06,26.0,0.0001053
BRD/BTC,1606265350763,2020-11-25T00:49:10.763Z,sell,4.04e-06,93.0,0.00037572
BRD/BTC,1606265616425,2020-11-25T00:53:36.425Z,buy,4.05e-06,198.0,0.0008019
BRD/BTC,1606265616425,2020-11-25T00:53:36.425Z,buy,4.06e-06,351.0,0.00142506
BRD/BTC,1606265642836,2020-11-25T00:54:02.836Z,buy,4.06e-06,31.0,0.00012586
BRD/BTC,1606266002582,2020-11-25T01:00:02.582Z,buy,4.06e-06,25.0,0.0001015
BRD/BTC,1606266003478,2020-11-25T01:00:03.478Z,sell,4.06e-06,218.0,0.00088508
BRD/BTC,1606266100681,2020-11-25T01:01:40.681Z,buy,4.07e-06,100.0,0.000407
BRD/BTC,1606266274674,2020-11-25T01:04:34.674Z,buy,4.07e-06,109.0,0.00044363
BRD/BTC,1606266274674,2020-11-25T01:04:34.674Z,buy,4.08e-06,7546.0,0.0307876799999999
BRD/BTC,1606266274723,2020-11-25T01:04:34.723Z,buy,4.08e-06,1014.0,0.00413712
BRD/BTC,1606266361581,2020-11-25T01:06:01.581Z,sell,4.08e-06,274.0,0.00111792
BRD/BTC,1606266482026,2020-11-25T01:08:02.026Z,buy,4.08e-06,274.0,0.00111792
BRD/BTC,1606266522612,2020-11-25T01:08:42.612Z,buy,4.09e-06,49.0,0.00020041
BRD/BTC,1606266618771,2020-11-25T01:10:18.771Z,buy,4.09e-06,25.0,0.0001022499999999
BRD/BTC,1606266655300,2020-11-25T01:10:55.300Z,buy,4.1e-06,117.0,0.0004796999999999
BRD/BTC,1606266678605,2020-11-25T01:11:18.605Z,buy,4.11e-06,1057.0,0.00434427
BRD/BTC,1606266678624,2020-11-25T01:11:18.624Z,sell,4.11e-06,429.0,0.0017631899999999
BRD/BTC,1606266678627,2020-11-25T01:11:18.627Z,sell,4.11e-06,457.0,0.0018782699999999
BRD/BTC,1606266792285,2020-11-25T01:13:12.285Z,sell,4.11e-06,262.0,0.0010768199999999
BRD/BTC,1606267002513,2020-11-25T01:16:42.513Z,buy,4.12e-06,25.0,0.000103
BRD/BTC,1606267113292,2020-11-25T01:18:33.292Z,buy,4.12e-06,5010.0,0.0206412
BRD/BTC,1606267117948,2020-11-25T01:18:37.948Z,sell,4.11e-06,1010.0,0.0041511
BRD/BTC,1606267138641,2020-11-25T01:18:58.641Z,buy,4.12e-06,4179.0,0.01721748
BRD/BTC,1606267138757,2020-11-25T01:18:58.757Z,sell,4.12e-06,831.0,0.00342372
BRD/BTC,1606267158199,2020-11-25T01:19:18.199Z,buy,4.13e-06,975.0,0.00402675
BRD/BTC,1606267166662,2020-11-25T01:19:26.662Z,sell,4.12e-06,579.0,0.00238548
BRD/BTC,1606267195765,2020-11-25T01:19:55.765Z,sell,4.09e-06,39.0,0.00015951
BRD/BTC,1606267517710,2020-11-25T01:25:17.710Z,buy,4.1e-06,47.0,0.0001927
BRD/BTC,1606267517710,2020-11-25T01:25:17.710Z,buy,4.1e-06,47.0,0.0001927
BRD/BTC,1606267527842,2020-11-25T01:25:27.842Z,sell,4.09e-06,147.0,0.00060123
BRD/BTC,1606267530880,2020-11-25T01:25:30.880Z,buy,4.12e-06,26.0,0.00010712
BRD/BTC,1606267530880,2020-11-25T01:25:30.880Z,buy,4.13e-06,974.0,0.00402262
BRD/BTC,1606267536568,2020-11-25T01:25:36.568Z,sell,4.09e-06,510.0,0.0020859
BRD/BTC,1606268061226,2020-11-25T01:34:21.226Z,sell,4.09e-06,240.0,0.0009816
BRD/BTC,1606268200392,2020-11-25T01:36:40.392Z,sell,4.09e-06,15055.0,0.0615749499999999
BRD/BTC,1606268224859,2020-11-25T01:37:04.859Z,buy,4.09e-06,52.0,0.0002126799999999
BRD/BTC,1606268714962,2020-11-25T01:45:14.962Z,sell,4.08e-06,50.0,0.000204
BRD/BTC,1606268714962,2020-11-25T01:45:14.962Z,sell,4.07e-06,463.0,0.00188441
BRD/BTC,1606268714962,2020-11-25T01:45:14.962Z,sell,4.06e-06,854.0,0.00346724
BRD/BTC,1606268721646,2020-11-25T01:45:21.646Z,buy,4.08e-06,270.0,0.0011015999999999
BRD/BTC,1606269609912,2020-11-25T02:00:09.912Z,sell,4.09e-06,99.0,0.0004049099999999
BRD/BTC,1606269766948,2020-11-25T02:02:46.948Z,buy,4.11e-06,9.0,3.699e-05
BRD/BTC,1606270026977,2020-11-25T02:07:06.977Z,buy,4.11e-06,8.0,3.288e-05
BRD/BTC,1606270046498,2020-11-25T02:07:26.498Z,buy,4.11e-06,147.0,0.0006041699999999
BRD/BTC,1606270046498,2020-11-25T02:07:26.498Z,buy,4.12e-06,26.0,0.00010712
BRD/BTC,1606270046498,2020-11-25T02:07:26.498Z,buy,4.13e-06,13530.0,0.0558789
BRD/BTC,1606270054080,2020-11-25T02:07:34.080Z,buy,4.12e-06,579.0,0.00238548
BRD/BTC,1606270093568,2020-11-25T02:08:13.568Z,buy,4.11e-06,269.0,0.0011055899999999
BRD/BTC,1606270097956,2020-11-25T02:08:17.956Z,buy,4.11e-06,51.0,0.00020961
BRD/BTC,1606270160218,2020-11-25T02:09:20.218Z,sell,4.08e-06,269.0,0.00109752
BRD/BTC,1606270863687,2020-11-25T02:21:03.687Z,sell,4.08e-06,189.0,0.00077112
BRD/BTC,1606270863687,2020-11-25T02:21:03.687Z,sell,4.08e-06,189.0,0.00077112
BRD/BTC,1606271191595,2020-11-25T02:26:31.595Z,sell,4.07e-06,463.0,0.00188441
BRD/BTC,1606271191595,2020-11-25T02:26:31.595Z,sell,4.05e-06,1000.0,0.00405
BRD/BTC,1606271191613,2020-11-25T02:26:31.613Z,buy,4.05e-06,129.0,0.00052245
BRD/BTC,1606271191615,2020-11-25T02:26:31.615Z,buy,4.05e-06,175.0,0.00070875
BRD/BTC,1606271265514,2020-11-25T02:27:45.514Z,sell,4.03e-06,477.0,0.00192231
BRD/BTC,1606271299785,2020-11-25T02:28:19.785Z,buy,4.07e-06,78.0,0.00031746
BRD/BTC,1606271615503,2020-11-25T02:33:35.503Z,sell,4.03e-06,197.0,0.00079391
BRD/BTC,1606271615503,2020-11-25T02:33:35.503Z,sell,4.02e-06,4796.0,0.01927992
BRD/BTC,1606271615571,2020-11-25T02:33:35.571Z,sell,4.01e-06,2511.0,0.01006911
BRD/BTC,1606271615770,2020-11-25T02:33:35.770Z,sell,4.01e-06,445.0,0.00178445
BRD/BTC,1606271640222,2020-11-25T02:34:00.222Z,buy,4.02e-06,29.0,0.0001165799999999
BRD/BTC,1606271645690,2020-11-25T02:34:05.690Z,sell,4.01e-06,817.0,0.0032761699999999
BRD/BTC,1606271645884,2020-11-25T02:34:05.884Z,sell,4.01e-06,408.0,0.0016360799999999
BRD/BTC,1606271703963,2020-11-25T02:35:03.963Z,sell,4.01e-06,28.0,0.0001122799999999
BRD/BTC,1606271726654,2020-11-25T02:35:26.654Z,sell,3.99e-06,636.0,0.00253764
BRD/BTC,1606271776126,2020-11-25T02:36:16.126Z,buy,3.99e-06,28.0,0.00011172
BRD/BTC,1606271795199,2020-11-25T02:36:35.199Z,sell,3.98e-06,1213.0,0.00482774
BRD/BTC,1606271795199,2020-11-25T02:36:35.199Z,sell,3.97e-06,2346.0,0.00931362
BRD/BTC,1606271825012,2020-11-25T02:37:05.012Z,sell,3.97e-06,158.0,0.00062726
BRD/BTC,1606271842772,2020-11-25T02:37:22.772Z,buy,3.98e-06,208.0,0.00082784
BRD/BTC,1606271884690,2020-11-25T02:38:04.690Z,sell,3.97e-06,28.0,0.00011116
BRD/BTC,1606271898193,2020-11-25T02:38:18.193Z,buy,3.98e-06,33.0,0.00013134
BRD/BTC,1606271910625,2020-11-25T02:38:30.625Z,sell,3.97e-06,2082.0,0.00826554
BRD/BTC,1606271974774,2020-11-25T02:39:34.774Z,buy,3.98e-06,222.0,0.00088356
BRD/BTC,1606271977896,2020-11-25T02:39:37.896Z,sell,3.97e-06,858.0,0.00340626
BRD/BTC,1606272025961,2020-11-25T02:40:25.961Z,buy,3.97e-06,1080.0,0.0042876
BRD/BTC,1606272369595,2020-11-25T02:46:09.595Z,sell,3.96e-06,2074.0,0.00821304
BRD/BTC,1606272370629,2020-11-25T02:46:10.629Z,buy,3.96e-06,1060.0,0.0041976
BRD/BTC,1606272370732,2020-11-25T02:46:10.732Z,buy,3.96e-06,529.0,0.00209484
BRD/BTC,1606272370842,2020-11-25T02:46:10.842Z,buy,3.96e-06,265.0,0.0010494
BRD/BTC,1606272444706,2020-11-25T02:47:24.706Z,sell,3.95e-06,200.0,0.00079
BRD/BTC,1606272481059,2020-11-25T02:48:01.059Z,buy,3.96e-06,53.0,0.00020988
BRD/BTC,1606272583480,2020-11-25T02:49:43.480Z,sell,3.95e-06,5887.0,0.02325365
BRD/BTC,1606272586940,2020-11-25T02:49:46.940Z,buy,3.96e-06,2923.0,0.01157508
BRD/BTC,1606272587086,2020-11-25T02:49:47.086Z,buy,3.96e-06,1460.0,0.0057816
BRD/BTC,1606272589937,2020-11-25T02:49:49.937Z,buy,3.97e-06,291.0,0.00115527
BRD/BTC,1606272630756,2020-11-25T02:50:30.756Z,buy,3.98e-06,404.0,0.00160792
BRD/BTC,1606272663242,2020-11-25T02:51:03.242Z,sell,3.97e-06,28.0,0.00011116
BRD/BTC,1606272742692,2020-11-25T02:52:22.692Z,sell,3.97e-06,1198.0,0.00475606
BRD/BTC,1606272763522,2020-11-25T02:52:43.522Z,buy,3.98e-06,541.0,0.00215318
BRD/BTC,1606272763936,2020-11-25T02:52:43.936Z,sell,3.98e-06,1000.0,0.00398
BRD/BTC,1606272763936,2020-11-25T02:52:43.936Z,sell,3.97e-06,19474.0,0.07731178
BRD/BTC,1606272846268,2020-11-25T02:54:06.268Z,buy,3.99e-06,639.0,0.00254961
BRD/BTC,1606272866997,2020-11-25T02:54:26.997Z,sell,3.98e-06,494.0,0.00196612
BRD/BTC,1606273247758,2020-11-25T03:00:47.758Z,buy,4e-06,3000.0,0.012
BRD/BTC,1606273262288,2020-11-25T03:01:02.288Z,buy,4.01e-06,1500.0,0.0060149999999999
BRD/BTC,1606273272104,2020-11-25T03:01:12.104Z,buy,4e-06,354.0,0.001416
BRD/BTC,1606273272121,2020-11-25T03:01:12.121Z,sell,4.01e-06,1384.0,0.0055498399999999
BRD/BTC,1606273272121,2020-11-25T03:01:12.121Z,sell,4.01e-06,2802.0,0.01123602
BRD/BTC,1606273272131,2020-11-25T03:01:12.131Z,sell,4.01e-06,460.0,0.0018445999999999
BRD/BTC,1606273291647,2020-11-25T03:01:31.647Z,buy,4.02e-06,3000.0,0.01206
BRD/BTC,1606273297966,2020-11-25T03:01:37.966Z,buy,4.01e-06,320.0,0.0012832
BRD/BTC,1606273303733,2020-11-25T03:01:43.733Z,buy,4.02e-06,3000.0,0.01206
BRD/BTC,1606273313089,2020-11-25T03:01:53.089Z,buy,4.02e-06,1006.0,0.00404412
BRD/BTC,1606273313106,2020-11-25T03:01:53.106Z,sell,4.02e-06,497.0,0.0019979399999999
BRD/BTC,1606273313108,2020-11-25T03:01:53.108Z,sell,4.02e-06,468.0,0.0018813599999999
BRD/BTC,1606273313109,2020-11-25T03:01:53.109Z,sell,4.02e-06,29.0,0.0001165799999999
BRD/BTC,1606273317200,2020-11-25T03:01:57.200Z,sell,4.01e-06,320.0,0.0012832
BRD/BTC,1606273328811,2020-11-25T03:02:08.811Z,sell,4.02e-06,1000.0,0.0040199999999999
BRD/BTC,1606273337309,2020-11-25T03:02:17.309Z,sell,4.01e-06,2000.0,0.00802
BRD/BTC,1606273337665,2020-11-25T03:02:17.665Z,buy,4.02e-06,320.0,0.0012863999999999
BRD/BTC,1606273337710,2020-11-25T03:02:17.710Z,sell,4.02e-06,430.0,0.0017285999999999
BRD/BTC,1606273346715,2020-11-25T03:02:26.715Z,sell,4.01e-06,320.0,0.0012832
BRD/BTC,1606273687562,2020-11-25T03:08:07.562Z,buy,4.01e-06,400.0,0.001604
BRD/BTC,1606273784930,2020-11-25T03:09:44.930Z,sell,4e-06,31.0,0.000124
BRD/BTC,1606273785409,2020-11-25T03:09:45.409Z,sell,4e-06,31.0,0.000124
BRD/BTC,1606273785886,2020-11-25T03:09:45.886Z,sell,4e-06,31.0,0.000124
BRD/BTC,1606273791380,2020-11-25T03:09:51.380Z,sell,3.98e-06,31.0,0.00012338
BRD/BTC,1606274309930,2020-11-25T03:18:29.930Z,buy,4e-06,26.0,0.000104
BRD/BTC,1606274309930,2020-11-25T03:18:29.930Z,buy,4e-06,26.0,0.000104
BRD/BTC,1606275809325,2020-11-25T03:43:29.325Z,buy,4e-06,530.0,0.00212
BRD/BTC,1606275809325,2020-11-25T03:43:29.325Z,buy,4.01e-06,618.0,0.00247818
BRD/BTC,1606275858180,2020-11-25T03:44:18.180Z,buy,4e-06,8.0,3.2e-05
BRD/BTC,1606276644044,2020-11-25T03:57:24.044Z,sell,3.98e-06,225.0,0.0008955
BRD/BTC,1606276644044,2020-11-25T03:57:24.044Z,sell,3.97e-06,913.0,0.00362461
BRD/BTC,1606276644140,2020-11-25T03:57:24.140Z,sell,3.97e-06,569.0,0.00225893
BRD/BTC,1606276679836,2020-11-25T03:57:59.836Z,sell,3.96e-06,56.0,0.00022176
BRD/BTC,1606276679836,2020-11-25T03:57:59.836Z,sell,3.94e-06,443.0,0.00174542
BRD/BTC,1606276682873,2020-11-25T03:58:02.873Z,buy,3.96e-06,28.0,0.00011088
BRD/BTC,1606276743682,2020-11-25T03:59:03.682Z,sell,3.95e-06,28.0,0.0001106
BRD/BTC,1606276789849,2020-11-25T03:59:49.849Z,buy,3.97e-06,389.0,0.00154433
BRD/BTC,1606277028986,2020-11-25T04:03:48.986Z,buy,3.97e-06,78.0,0.00030966
BRD/BTC,1606277095451,2020-11-25T04:04:55.451Z,buy,3.98e-06,45.0,0.0001791
BRD/BTC,1606277295082,2020-11-25T04:08:15.082Z,buy,3.98e-06,26.0,0.00010348
BRD/BTC,1606277518528,2020-11-25T04:11:58.528Z,sell,3.94e-06,11845.0,0.0466693
BRD/BTC,1606277518540,2020-11-25T04:11:58.540Z,buy,3.94e-06,1844.0,0.00726536
BRD/BTC,1606277546477,2020-11-25T04:12:26.477Z,buy,3.96e-06,26.0,0.00010296
BRD/BTC,1606277630908,2020-11-25T04:13:50.908Z,buy,3.96e-06,387.0,0.00153252
BRD/BTC,1606277735948,2020-11-25T04:15:35.948Z,buy,3.96e-06,1893.0,0.00749628
BRD/BTC,1606277735948,2020-11-25T04:15:35.948Z,buy,3.96e-06,1893.0,0.00749628
BRD/BTC,1606277917522,2020-11-25T04:18:37.522Z,buy,3.97e-06,27.0,0.00010719
BRD/BTC,1606277917522,2020-11-25T04:18:37.522Z,buy,3.98e-06,978.0,0.00389244
BRD/BTC,1606277917548,2020-11-25T04:18:37.548Z,buy,3.98e-06,408.0,0.00162384
BRD/BTC,1606278642213,2020-11-25T04:30:42.213Z,buy,3.98e-06,214.0,0.00085172
BRD/BTC,1606278766152,2020-11-25T04:32:46.152Z,sell,3.98e-06,2715.0,0.0108057
BRD/BTC,1606278964142,2020-11-25T04:36:04.142Z,sell,3.98e-06,680.0,0.0027064
BRD/BTC,1606279144947,2020-11-25T04:39:04.947Z,buy,3.99e-06,10.0,3.99e-05
BRD/BTC,1606279540189,2020-11-25T04:45:40.189Z,buy,3.99e-06,297.0,0.00118503
BRD/BTC,1606279945689,2020-11-25T04:52:25.689Z,sell,3.99e-06,104.0,0.0004149599999999
BRD/BTC,1606279985561,2020-11-25T04:53:05.561Z,buy,4e-06,26.0,0.000104
BRD/BTC,1606279985561,2020-11-25T04:53:05.561Z,buy,4.01e-06,476.0,0.0019087599999999
BRD/BTC,1606279985599,2020-11-25T04:53:05.599Z,buy,4e-06,292.0,0.001168
BRD/BTC,1606279985599,2020-11-25T04:53:05.599Z,buy,4e-06,292.0,0.001168
BRD/BTC,1606281391814,2020-11-25T05:16:31.814Z,buy,3.99e-06,26.0,0.0001037399999999
BRD/BTC,1606281428055,2020-11-25T05:17:08.055Z,buy,3.99e-06,26.0,0.0001037399999999
BRD/BTC,1606281483620,2020-11-25T05:18:03.620Z,sell,3.97e-06,288.0,0.00114336
BRD/BTC,1606281601760,2020-11-25T05:20:01.760Z,sell,3.97e-06,31.0,0.00012307
BRD/BTC,1606283009318,2020-11-25T05:43:29.318Z,buy,3.99e-06,7.0,2.793e-05
BRD/BTC,1606283130778,2020-11-25T05:45:30.778Z,buy,3.99e-06,453.0,0.00180747
BRD/BTC,1606283130992,2020-11-25T05:45:30.992Z,sell,3.99e-06,43.0,0.0001715699999999
BRD/BTC,1606283137953,2020-11-25T05:45:37.953Z,buy,4e-06,26.0,0.000104
BRD/BTC,1606283137953,2020-11-25T05:45:37.953Z,buy,4e-06,26.0,0.000104
BRD/BTC,1606284513163,2020-11-25T06:08:33.163Z,buy,4e-06,8.0,3.2e-05
BRD/BTC,1606284524213,2020-11-25T06:08:44.213Z,buy,4e-06,1216.0,0.0048639999999999
BRD/BTC,1606284543181,2020-11-25T06:09:03.181Z,buy,4e-06,333.0,0.0013319999999999
BRD/BTC,1606284940065,2020-11-25T06:15:40.065Z,buy,4.01e-06,225.0,0.00090225
BRD/BTC,1606284942047,2020-11-25T06:15:42.047Z,buy,4.01e-06,230.0,0.0009222999999999
BRD/BTC,1606285370874,2020-11-25T06:22:50.874Z,buy,4.01e-06,229.0,0.0009182899999999
BRD/BTC,1606285384901,2020-11-25T06:23:04.901Z,buy,4.01e-06,1476.0,0.0059187599999999
BRD/BTC,1606285384926,2020-11-25T06:23:04.926Z,buy,4.01e-06,846.0,0.00339246
BRD/BTC,1606285384971,2020-11-25T06:23:04.971Z,buy,4.01e-06,643.0,0.0025784299999999
BRD/BTC,1606285385037,2020-11-25T06:23:05.037Z,buy,4.02e-06,320.0,0.0012863999999999
BRD/BTC,1606286169522,2020-11-25T06:36:09.522Z,sell,4.01e-06,320.0,0.0012832
BRD/BTC,1606286523831,2020-11-25T06:42:03.831Z,sell,4.01e-06,25.0,0.00010025
BRD/BTC,1606286523831,2020-11-25T06:42:03.831Z,sell,4e-06,44.0,0.000176
BRD/BTC,1606286523831,2020-11-25T06:42:03.831Z,sell,4.01e-06,25.0,0.00010025
BRD/BTC,1606286523831,2020-11-25T06:42:03.831Z,sell,4e-06,44.0,0.000176
BRD/BTC,1606286975531,2020-11-25T06:49:35.531Z,sell,4e-06,177.0,0.000708
BRD/BTC,1606287022120,2020-11-25T06:50:22.120Z,buy,4.01e-06,431.0,0.0017283099999999
BRD/BTC,1606287022132,2020-11-25T06:50:22.132Z,buy,4.01e-06,41.0,0.0001644099999999
BRD/BTC,1606287616156,2020-11-25T07:00:16.156Z,sell,4e-06,1072.0,0.004288
BRD/BTC,1606287616156,2020-11-25T07:00:16.156Z,sell,3.99e-06,197.0,0.00078603
BRD/BTC,1606287616156,2020-11-25T07:00:16.156Z,sell,3.98e-06,1000.0,0.00398
BRD/BTC,1606287616156,2020-11-25T07:00:16.156Z,sell,3.97e-06,1495.0,0.00593515
BRD/BTC,1606287616156,2020-11-25T07:00:16.156Z,sell,3.96e-06,1644.0,0.00651024
BRD/BTC,1606287616435,2020-11-25T07:00:16.435Z,buy,4e-06,28.0,0.000112
BRD/BTC,1606287627303,2020-11-25T07:00:27.303Z,sell,3.98e-06,988.0,0.00393224
BRD/BTC,1606287805623,2020-11-25T07:03:25.623Z,buy,4.01e-06,43145.0,0.1730114499999999
BRD/BTC,1606287805636,2020-11-25T07:03:25.636Z,sell,4.01e-06,541.0,0.0021694099999999
BRD/BTC,1606287805678,2020-11-25T07:03:25.678Z,sell,4.01e-06,176.0,0.0007057599999999
BRD/BTC,1606287805682,2020-11-25T07:03:25.682Z,buy,4.02e-06,320.0,0.0012863999999999
BRD/BTC,1606287943461,2020-11-25T07:05:43.461Z,buy,4.03e-06,1001.0,0.00403403
BRD/BTC,1606287976706,2020-11-25T07:06:16.706Z,sell,4.01e-06,320.0,0.0012832
BRD/BTC,1606288147194,2020-11-25T07:09:07.194Z,buy,4.02e-06,2936.0,0.01180272
BRD/BTC,1606288434437,2020-11-25T07:13:54.437Z,sell,4.01e-06,33.0,0.00013233
BRD/BTC,1606288708955,2020-11-25T07:18:28.955Z,sell,4.01e-06,207.0,0.0008300699999999
BRD/BTC,1606289188218,2020-11-25T07:26:28.218Z,buy,4.03e-06,1588.0,0.00639964
BRD/BTC,1606289259000,2020-11-25T07:27:39.000Z,buy,4.03e-06,26.0,0.00010478
BRD/BTC,1606289296610,2020-11-25T07:28:16.610Z,sell,4.02e-06,3129.0,0.0125785799999999
BRD/BTC,1606289296610,2020-11-25T07:28:16.610Z,sell,4.01e-06,6024.0,0.02415624
BRD/BTC,1606289296610,2020-11-25T07:28:16.610Z,sell,4e-06,1941.0,0.007764
BRD/BTC,1606289300837,2020-11-25T07:28:20.837Z,buy,4.03e-06,25.0,0.00010075
BRD/BTC,1606289300837,2020-11-25T07:28:20.837Z,buy,4.04e-06,26.0,0.00010504
BRD/BTC,1606289300837,2020-11-25T07:28:20.837Z,buy,4.05e-06,1051.0,0.00425655
BRD/BTC,1606289300837,2020-11-25T07:28:20.837Z,buy,4.06e-06,13171.0,0.05347426
BRD/BTC,1606289306059,2020-11-25T07:28:26.059Z,buy,4.02e-06,320.0,0.0012863999999999
BRD/BTC,1606289351475,2020-11-25T07:29:11.475Z,buy,4.06e-06,25.0,0.0001015
BRD/BTC,1606289381503,2020-11-25T07:29:41.503Z,sell,4.03e-06,496.0,0.00199888
BRD/BTC,1606289381503,2020-11-25T07:29:41.503Z,sell,4.02e-06,50.0,0.0002009999999999
BRD/BTC,1606289398124,2020-11-25T07:29:58.124Z,sell,4.01e-06,502.0,0.00201302
BRD/BTC,1606289402130,2020-11-25T07:30:02.130Z,sell,4.02e-06,250.0,0.0010049999999999
BRD/BTC,1606289533696,2020-11-25T07:32:13.696Z,buy,4.04e-06,248.0,0.00100192
BRD/BTC,1606289533696,2020-11-25T07:32:13.696Z,buy,4.05e-06,74.0,0.0002997
BRD/BTC,1606289561407,2020-11-25T07:32:41.407Z,buy,4.06e-06,25.0,0.0001015
BRD/BTC,1606289610610,2020-11-25T07:33:30.610Z,buy,4.06e-06,247.0,0.00100282
BRD/BTC,1606289652279,2020-11-25T07:34:12.279Z,buy,4.06e-06,25.0,0.0001015
BRD/BTC,1606289659009,2020-11-25T07:34:19.009Z,sell,4.04e-06,951.0,0.00384204
BRD/BTC,1606289659037,2020-11-25T07:34:19.037Z,sell,4.04e-06,49.0,0.00019796
BRD/BTC,1606289659047,2020-11-25T07:34:19.047Z,sell,4.03e-06,49.0,0.00019747
BRD/BTC,1606289726245,2020-11-25T07:35:26.245Z,sell,4.04e-06,590.0,0.0023836
BRD/BTC,1606289878323,2020-11-25T07:37:58.323Z,buy,4.07e-06,1790.0,0.0072853
BRD/BTC,1606289878323,2020-11-25T07:37:58.323Z,buy,4.08e-06,321.0,0.00130968
BRD/BTC,1606289878323,2020-11-25T07:37:58.323Z,buy,4.09e-06,2489.0,0.01018001
BRD/BTC,1606289879414,2020-11-25T07:37:59.414Z,sell,4.06e-06,1000.0,0.00406
BRD/BTC,1606289879988,2020-11-25T07:37:59.988Z,sell,4.06e-06,744.0,0.00302064
BRD/BTC,1606289882090,2020-11-25T07:38:02.090Z,sell,4.06e-06,1000.0,0.00406
BRD/BTC,1606289888042,2020-11-25T07:38:08.042Z,sell,4.07e-06,270.0,0.0010989
BRD/BTC,1606289888062,2020-11-25T07:38:08.062Z,sell,4.06e-06,5980.0,0.0242788
BRD/BTC,1606289902429,2020-11-25T07:38:22.429Z,buy,4.08e-06,455.0,0.0018564
BRD/BTC,1606289908353,2020-11-25T07:38:28.353Z,sell,4.07e-06,270.0,0.0010989
BRD/BTC,1606289926558,2020-11-25T07:38:46.558Z,sell,4.07e-06,660.0,0.0026862
BRD/BTC,1606289926671,2020-11-25T07:38:46.671Z,sell,4.07e-06,2916.0,0.01186812
BRD/BTC,1606289953492,2020-11-25T07:39:13.492Z,buy,4.08e-06,270.0,0.0011015999999999
BRD/BTC,1606289980197,2020-11-25T07:39:40.197Z,sell,4.08e-06,1278.0,0.00521424
BRD/BTC,1606290047452,2020-11-25T07:40:47.452Z,buy,4.1e-06,250.0,0.0010249999999999
BRD/BTC,1606290078454,2020-11-25T07:41:18.454Z,sell,4.08e-06,14759.0,0.06021672
BRD/BTC,1606290088700,2020-11-25T07:41:28.700Z,sell,4.08e-06,7738.0,0.03157104
BRD/BTC,1606290098301,2020-11-25T07:41:38.301Z,sell,4.07e-06,270.0,0.0010989
BRD/BTC,1606290098301,2020-11-25T07:41:38.301Z,sell,4.05e-06,244.0,0.0009882
BRD/BTC,1606290098301,2020-11-25T07:41:38.301Z,sell,4.07e-06,270.0,0.0010989
BRD/BTC,1606290098301,2020-11-25T07:41:38.301Z,sell,4.05e-06,244.0,0.0009882
BRD/BTC,1606290155072,2020-11-25T07:42:35.072Z,buy,4.08e-06,270.0,0.0011015999999999
BRD/BTC,1606290171103,2020-11-25T07:42:51.103Z,sell,4.08e-06,270.0,0.0011015999999999
BRD/BTC,1606290172399,2020-11-25T07:42:52.399Z,sell,4.07e-06,270.0,0.0010989
BRD/BTC,1606290183736,2020-11-25T07:43:03.736Z,buy,4.08e-06,270.0,0.0011015999999999
BRD/BTC,1606290237080,2020-11-25T07:43:57.080Z,buy,4.08e-06,26.0,0.00010608
BRD/BTC,1606290265948,2020-11-25T07:44:25.948Z,sell,4.07e-06,3008.0,0.01224256
BRD/BTC,1606290266149,2020-11-25T07:44:26.149Z,sell,4.07e-06,1198.0,0.00487586
BRD/BTC,1606290270583,2020-11-25T07:44:30.583Z,sell,4.06e-06,4054.0,0.01645924
BRD/BTC,1606290274850,2020-11-25T07:44:34.850Z,sell,4.05e-06,4064.0,0.0164592
BRD/BTC,1606290279729,2020-11-25T07:44:39.729Z,sell,4.04e-06,3597.0,0.01453188
BRD/BTC,1606290317010,2020-11-25T07:45:17.010Z,sell,4.03e-06,4716.0,0.01900548
BRD/BTC,1606290317182,2020-11-25T07:45:17.182Z,sell,4.03e-06,2355.0,0.00949065
BRD/BTC,1606290317884,2020-11-25T07:45:17.884Z,sell,4.03e-06,1171.0,0.00471913
BRD/BTC,1606290318682,2020-11-25T07:45:18.682Z,sell,4.03e-06,582.0,0.00234546
BRD/BTC,1606290318777,2020-11-25T07:45:18.777Z,sell,4.03e-06,291.0,0.00117273
BRD/BTC,1606290321725,2020-11-25T07:45:21.725Z,sell,4.03e-06,5724.0,0.02306772
BRD/BTC,1606290321725,2020-11-25T07:45:21.725Z,sell,4.02e-06,705.0,0.0028340999999999
BRD/BTC,1606290321725,2020-11-25T07:45:21.725Z,sell,4.01e-06,5815.0,0.02331815
BRD/BTC,1606290321725,2020-11-25T07:45:21.725Z,sell,4e-06,1737.0,0.0069479999999999
BRD/BTC,1606290327833,2020-11-25T07:45:27.833Z,buy,4e-06,251.0,0.001004
BRD/BTC,1606290330068,2020-11-25T07:45:30.068Z,sell,3.99e-06,244.0,0.0009735599999999
BRD/BTC,1606290339000,2020-11-25T07:45:39.000Z,buy,4.02e-06,104.0,0.00041808
BRD/BTC,1606290370401,2020-11-25T07:46:10.401Z,buy,4.02e-06,500.0,0.0020099999999999
BRD/BTC,1606290374204,2020-11-25T07:46:14.204Z,buy,4.02e-06,500.0,0.0020099999999999
BRD/BTC,1606290376573,2020-11-25T07:46:16.573Z,buy,4.02e-06,500.0,0.0020099999999999
BRD/BTC,1606290376609,2020-11-25T07:46:16.609Z,sell,4.01e-06,320.0,0.0012832
BRD/BTC,1606290380265,2020-11-25T07:46:20.265Z,buy,4.02e-06,500.0,0.0020099999999999
BRD/BTC,1606290383957,2020-11-25T07:46:23.957Z,buy,4.02e-06,500.0,0.0020099999999999
BRD/BTC,1606290387367,2020-11-25T07:46:27.367Z,buy,4.02e-06,500.0,0.0020099999999999
BRD/BTC,1606290395352,2020-11-25T07:46:35.352Z,buy,4.02e-06,500.0,0.0020099999999999
BRD/BTC,1606290396722,2020-11-25T07:46:36.722Z,sell,4.01e-06,320.0,0.0012832
BRD/BTC,1606290397533,2020-11-25T07:46:37.533Z,buy,4.02e-06,500.0,0.0020099999999999
BRD/BTC,1606290401382,2020-11-25T07:46:41.382Z,buy,4.02e-06,500.0,0.0020099999999999
BRD/BTC,1606290404296,2020-11-25T07:46:44.296Z,buy,4.02e-06,197.0,0.0007919399999999
BRD/BTC,1606290404324,2020-11-25T07:46:44.324Z,sell,4.02e-06,303.0,0.00121806
BRD/BTC,1606290406846,2020-11-25T07:46:46.846Z,buy,4.02e-06,320.0,0.0012863999999999
BRD/BTC,1606290420532,2020-11-25T07:47:00.532Z,sell,4.01e-06,320.0,0.0012832
BRD/BTC,1606290437020,2020-11-25T07:47:17.020Z,buy,4.02e-06,298.0,0.0011979599999999
BRD/BTC,1606290452357,2020-11-25T07:47:32.357Z,buy,4.02e-06,22.0,8.843999999999999e-05
BRD/BTC,1606290452357,2020-11-25T07:47:32.357Z,buy,4.03e-06,495.0,0.00199485
BRD/BTC,1606290497787,2020-11-25T07:48:17.787Z,buy,4.05e-06,100.0,0.000405
BRD/BTC,1606290497787,2020-11-25T07:48:17.787Z,buy,4.06e-06,26.0,0.00010556
BRD/BTC,1606290497787,2020-11-25T07:48:17.787Z,buy,4.07e-06,26.0,0.00010582
BRD/BTC,1606290497787,2020-11-25T07:48:17.787Z,buy,4.08e-06,296.0,0.00120768
BRD/BTC,1606290506882,2020-11-25T07:48:26.882Z,sell,4.07e-06,270.0,0.0010989
BRD/BTC,1606290508174,2020-11-25T07:48:28.174Z,sell,4.06e-06,1000.0,0.00406
BRD/BTC,1606290522458,2020-11-25T07:48:42.458Z,buy,4.08e-06,761.0,0.00310488
BRD/BTC,1606290526481,2020-11-25T07:48:46.481Z,sell,4.07e-06,270.0,0.0010989
BRD/BTC,1606290557479,2020-11-25T07:49:17.479Z,buy,4.08e-06,270.0,0.0011015999999999
BRD/BTC,1606290566128,2020-11-25T07:49:26.128Z,sell,4.07e-06,185.0,0.00075295
BRD/BTC,1606290579397,2020-11-25T07:49:39.397Z,buy,4.09e-06,25.0,0.0001022499999999
BRD/BTC,1606290591926,2020-11-25T07:49:51.926Z,sell,4.08e-06,1976.0,0.00806208
BRD/BTC,1606290591993,2020-11-25T07:49:51.993Z,sell,4.08e-06,191.0,0.00077928
BRD/BTC,1606290595418,2020-11-25T07:49:55.418Z,sell,4.08e-06,1053.0,0.00429624
BRD/BTC,1606290599430,2020-11-25T07:49:59.430Z,sell,4.08e-06,509.0,0.0020767199999999
BRD/BTC,1606290602724,2020-11-25T07:50:02.724Z,sell,4.08e-06,247.0,0.00100776
BRD/BTC,1606290614715,2020-11-25T07:50:14.715Z,buy,4.09e-06,1912.0,0.00782008
BRD/BTC,1606290653555,2020-11-25T07:50:53.555Z,sell,4.08e-06,600.0,0.002448
BRD/BTC,1606290659372,2020-11-25T07:50:59.372Z,buy,4.09e-06,50.0,0.0002044999999999
BRD/BTC,1606290684024,2020-11-25T07:51:24.024Z,buy,4.09e-06,974.0,0.00398366
BRD/BTC,1606290684024,2020-11-25T07:51:24.024Z,buy,4.1e-06,7690.0,0.0315289999999999
BRD/BTC,1606290684024,2020-11-25T07:51:24.024Z,buy,4.11e-06,517.0,0.0021248699999999
BRD/BTC,1606290693510,2020-11-25T07:51:33.510Z,sell,4.08e-06,13511.0,0.05512488
BRD/BTC,1606290712183,2020-11-25T07:51:52.183Z,buy,4.12e-06,100.0,0.000412
BRD/BTC,1606290726060,2020-11-25T07:52:06.060Z,sell,4.09e-06,170.0,0.0006952999999999
BRD/BTC,1606290730701,2020-11-25T07:52:10.701Z,sell,4.09e-06,90.0,0.0003681
BRD/BTC,1606290734509,2020-11-25T07:52:14.509Z,sell,4.09e-06,69.0,0.0002822099999999
BRD/BTC,1606290738248,2020-11-25T07:52:18.248Z,sell,4.09e-06,271.0,0.00110839
BRD/BTC,1606290745074,2020-11-25T07:52:25.074Z,sell,4.09e-06,263.0,0.00107567
BRD/BTC,1606290749333,2020-11-25T07:52:29.333Z,sell,4.09e-06,144.0,0.0005889599999999
BRD/BTC,1606290774756,2020-11-25T07:52:54.756Z,sell,4.09e-06,95.0,0.00038855
BRD/BTC,1606290780105,2020-11-25T07:53:00.105Z,sell,4.09e-06,271.0,0.00110839
BRD/BTC,1606290792563,2020-11-25T07:53:12.563Z,sell,4.08e-06,29.0,0.0001183199999999
BRD/BTC,1606290808930,2020-11-25T07:53:28.930Z,sell,4.09e-06,76.0,0.00031084
BRD/BTC,1606290815401,2020-11-25T07:53:35.401Z,sell,4.09e-06,55.0,0.00022495
BRD/BTC,1606290820492,2020-11-25T07:53:40.492Z,buy,4.1e-06,49.0,0.0002008999999999
BRD/BTC,1606290847621,2020-11-25T07:54:07.621Z,sell,4.09e-06,140.0,0.0005725999999999
BRD/BTC,1606290866166,2020-11-25T07:54:26.166Z,sell,4.09e-06,96.0,0.00039264
BRD/BTC,1606290895877,2020-11-25T07:54:55.877Z,sell,4.08e-06,740.0,0.0030192
BRD/BTC,1606290928169,2020-11-25T07:55:28.169Z,buy,4.11e-06,26.0,0.0001068599999999
BRD/BTC,1606290951434,2020-11-25T07:55:51.434Z,buy,4.1e-06,974.0,0.0039933999999999
BRD/BTC,1606290952165,2020-11-25T07:55:52.165Z,sell,4.08e-06,871.0,0.00355368
BRD/BTC,1606290956894,2020-11-25T07:55:56.894Z,sell,4.08e-06,7794.0,0.03179952
BRD/BTC,1606290979128,2020-11-25T07:56:19.128Z,sell,4.07e-06,13228.0,0.05383796
BRD/BTC,1606290996503,2020-11-25T07:56:36.503Z,sell,4.06e-06,1194.0,0.00484764
BRD/BTC,1606290996503,2020-11-25T07:56:36.503Z,sell,4.05e-06,2751.0,0.01114155
BRD/BTC,1606290996503,2020-11-25T07:56:36.503Z,sell,4.04e-06,1905.0,0.0076962
BRD/BTC,1606290996509,2020-11-25T07:56:36.509Z,buy,4.04e-06,368.0,0.00148672
BRD/BTC,1606291121176,2020-11-25T07:58:41.176Z,sell,4.02e-06,2128.0,0.00855456
BRD/BTC,1606291136200,2020-11-25T07:58:56.200Z,buy,4.05e-06,35025.0,0.14185125
BRD/BTC,1606291152098,2020-11-25T07:59:12.098Z,buy,4.08e-06,4131.0,0.0168544799999999
BRD/BTC,1606291152098,2020-11-25T07:59:12.098Z,buy,4.09e-06,2523.0,0.01031907
BRD/BTC,1606291161080,2020-11-25T07:59:21.080Z,buy,4.1e-06,25.0,0.0001025
BRD/BTC,1606291229107,2020-11-25T08:00:29.107Z,buy,4.12e-06,50.0,0.000206
BRD/BTC,1606291270600,2020-11-25T08:01:10.600Z,buy,4.12e-06,491.0,0.00202292
BRD/BTC,1606291284885,2020-11-25T08:01:24.885Z,buy,4.12e-06,4325.0,0.017819
BRD/BTC,1606291290861,2020-11-25T08:01:30.861Z,sell,4.08e-06,96.0,0.00039168
BRD/BTC,1606291291409,2020-11-25T08:01:31.409Z,sell,4.09e-06,1000.0,0.00409
BRD/BTC,1606291320452,2020-11-25T08:02:00.452Z,buy,4.12e-06,1000.0,0.00412
BRD/BTC,1606291320452,2020-11-25T08:02:00.452Z,buy,4.13e-06,37058.0,0.15304954
BRD/BTC,1606291320452,2020-11-25T08:02:00.452Z,buy,4.14e-06,308.0,0.00127512
BRD/BTC,1606291320452,2020-11-25T08:02:00.452Z,buy,4.15e-06,25.0,0.00010375
BRD/BTC,1606291322421,2020-11-25T08:02:02.421Z,sell,4.1e-06,1000.0,0.0040999999999999
BRD/BTC,1606291323363,2020-11-25T08:02:03.363Z,sell,4.1e-06,712.0,0.0029192
BRD/BTC,1606291323401,2020-11-25T08:02:03.401Z,sell,4.1e-06,901.0,0.0036940999999999
BRD/BTC,1606291327916,2020-11-25T08:02:07.916Z,sell,4.12e-06,313.0,0.00128956
BRD/BTC,1606291327921,2020-11-25T08:02:07.921Z,sell,4.12e-06,266.0,0.00109592
BRD/BTC,1606291343150,2020-11-25T08:02:23.150Z,buy,4.12e-06,712.0,0.00293344
BRD/BTC,1606291355368,2020-11-25T08:02:35.368Z,buy,4.13e-06,1579.0,0.00652127
BRD/BTC,1606291364323,2020-11-25T08:02:44.323Z,sell,4.12e-06,579.0,0.00238548
BRD/BTC,1606291379460,2020-11-25T08:02:59.460Z,sell,4.11e-06,1385.0,0.00569235
BRD/BTC,1606291379494,2020-11-25T08:02:59.494Z,sell,4.11e-06,1384.0,0.00568824
BRD/BTC,1606291379523,2020-11-25T08:02:59.523Z,sell,4.11e-06,1383.0,0.0056841299999999
BRD/BTC,1606291379560,2020-11-25T08:02:59.560Z,sell,4.11e-06,848.0,0.0034852799999999
BRD/BTC,1606291395415,2020-11-25T08:03:15.415Z,buy,4.13e-06,579.0,0.00239127
BRD/BTC,1606291395415,2020-11-25T08:03:15.415Z,buy,4.14e-06,1895.0,0.0078453
BRD/BTC,1606291404547,2020-11-25T08:03:24.547Z,sell,4.12e-06,579.0,0.00238548
BRD/BTC,1606291404724,2020-11-25T08:03:24.724Z,sell,4.14e-06,980.0,0.0040572
BRD/BTC,1606291421581,2020-11-25T08:03:41.581Z,buy,4.13e-06,579.0,0.00239127
BRD/BTC,1606291438650,2020-11-25T08:03:58.650Z,sell,4.12e-06,1579.0,0.00650548
BRD/BTC,1606291452374,2020-11-25T08:04:12.374Z,buy,4.13e-06,579.0,0.00239127
BRD/BTC,1606291467301,2020-11-25T08:04:27.301Z,sell,4.12e-06,60.0,0.0002472
BRD/BTC,1606291534128,2020-11-25T08:05:34.128Z,buy,4.15e-06,150.0,0.0006225
BRD/BTC,1606291540484,2020-11-25T08:05:40.484Z,buy,4.15e-06,850.0,0.0035275
BRD/BTC,1606291548619,2020-11-25T08:05:48.619Z,sell,4.12e-06,27.0,0.00011124
BRD/BTC,1606291579971,2020-11-25T08:06:19.971Z,sell,4.12e-06,50.0,0.000206
BRD/BTC,1606291585794,2020-11-25T08:06:25.794Z,sell,4.12e-06,1000.0,0.00412
BRD/BTC,1606291591253,2020-11-25T08:06:31.253Z,sell,4.12e-06,1000.0,0.00412
BRD/BTC,1606291593750,2020-11-25T08:06:33.750Z,sell,4.12e-06,422.0,0.00173864
BRD/BTC,1606291596174,2020-11-25T08:06:36.174Z,buy,4.12e-06,500.0,0.00206
BRD/BTC,1606291628629,2020-11-25T08:07:08.629Z,sell,4.1e-06,192.0,0.0007871999999999
BRD/BTC,1606291628629,2020-11-25T08:07:08.629Z,sell,4.09e-06,55.0,0.00022495
BRD/BTC,1606291663073,2020-11-25T08:07:43.073Z,buy,4.12e-06,710.0,0.0029252
BRD/BTC,1606291697318,2020-11-25T08:08:17.318Z,buy,4.13e-06,1579.0,0.00652127
BRD/BTC,1606291703651,2020-11-25T08:08:23.651Z,sell,4.12e-06,579.0,0.00238548
BRD/BTC,1606291720512,2020-11-25T08:08:40.512Z,sell,4.09e-06,41.0,0.00016769
BRD/BTC,1606291733519,2020-11-25T08:08:53.519Z,buy,4.13e-06,50.0,0.0002065
BRD/BTC,1606291738388,2020-11-25T08:08:58.388Z,buy,4.13e-06,250.0,0.0010325
BRD/BTC,1606291745883,2020-11-25T08:09:05.883Z,buy,4.13e-06,804.0,0.00332052
BRD/BTC,1606291753242,2020-11-25T08:09:13.242Z,buy,4.12e-06,55.0,0.0002266
BRD/BTC,1606291753252,2020-11-25T08:09:13.252Z,sell,4.12e-06,524.0,0.00215888
BRD/BTC,1606291753360,2020-11-25T08:09:13.360Z,sell,4.12e-06,55.0,0.0002266
BRD/BTC,1606291772594,2020-11-25T08:09:32.594Z,buy,4.13e-06,579.0,0.00239127
BRD/BTC,1606291773205,2020-11-25T08:09:33.205Z,sell,4.12e-06,579.0,0.00238548
BRD/BTC,1606291840153,2020-11-25T08:10:40.153Z,buy,4.13e-06,579.0,0.00239127
BRD/BTC,1606291843074,2020-11-25T08:10:43.074Z,sell,4.12e-06,579.0,0.00238548
BRD/BTC,1606291855156,2020-11-25T08:10:55.156Z,sell,4.1e-06,1000.0,0.0040999999999999
BRD/BTC,1606291860755,2020-11-25T08:11:00.755Z,sell,4.1e-06,1000.0,0.0040999999999999
BRD/BTC,1606291902762,2020-11-25T08:11:42.762Z,sell,4.1e-06,750.0,0.0030749999999999
BRD/BTC,1606291910870,2020-11-25T08:11:50.870Z,sell,4.1e-06,750.0,0.0030749999999999
BRD/BTC,1606291937989,2020-11-25T08:12:17.989Z,sell,4.1e-06,4652.0,0.0190732
BRD/BTC,1606291939445,2020-11-25T08:12:19.445Z,buy,4.12e-06,9.0,3.708e-05
BRD/BTC,1606292034666,2020-11-25T08:13:54.666Z,sell,4.09e-06,750.0,0.0030675
BRD/BTC,1606292106248,2020-11-25T08:15:06.248Z,buy,4.12e-06,370.0,0.0015244
BRD/BTC,1606292106248,2020-11-25T08:15:06.248Z,buy,4.13e-06,6221.0,0.02569273
BRD/BTC,1606292106248,2020-11-25T08:15:06.248Z,buy,4.14e-06,1021.0,0.00422694
BRD/BTC,1606292106248,2020-11-25T08:15:06.248Z,buy,4.15e-06,25.0,0.00010375
BRD/BTC,1606292106248,2020-11-25T08:15:06.248Z,buy,4.16e-06,25.0,0.000104
BRD/BTC,1606292106265,2020-11-25T08:15:06.265Z,sell,4.16e-06,1191.0,0.00495456
BRD/BTC,1606292106266,2020-11-25T08:15:06.266Z,sell,4.16e-06,1191.0,0.00495456
BRD/BTC,1606292106268,2020-11-25T08:15:06.268Z,sell,4.16e-06,68.0,0.00028288
BRD/BTC,1606292106299,2020-11-25T08:15:06.299Z,sell,4.16e-06,1394.0,0.00579904
BRD/BTC,1606292106304,2020-11-25T08:15:06.304Z,sell,4.16e-06,6373.0,0.02651168
BRD/BTC,1606292106382,2020-11-25T08:15:06.382Z,sell,4.16e-06,88.0,0.00036608
BRD/BTC,1606292106498,2020-11-25T08:15:06.498Z,sell,4.16e-06,3921.0,0.01631136
BRD/BTC,1606292106605,2020-11-25T08:15:06.605Z,sell,4.16e-06,805.0,0.0033488
BRD/BTC,1606292112846,2020-11-25T08:15:12.846Z,buy,4.13e-06,423.0,0.00174699
BRD/BTC,1606292112863,2020-11-25T08:15:12.863Z,sell,4.12e-06,579.0,0.00238548
BRD/BTC,1606292112863,2020-11-25T08:15:12.863Z,sell,4.11e-06,612.0,0.0025153199999999
BRD/BTC,1606292113010,2020-11-25T08:15:13.010Z,sell,4.11e-06,579.0,0.00237969
BRD/BTC,1606292113809,2020-11-25T08:15:13.809Z,sell,4.09e-06,106.0,0.00043354
BRD/BTC,1606292115596,2020-11-25T08:15:15.596Z,sell,4.09e-06,86.0,0.0003517399999999
BRD/BTC,1606292124453,2020-11-25T08:15:24.453Z,buy,4.13e-06,271.0,0.00111923
BRD/BTC,1606292124457,2020-11-25T08:15:24.457Z,buy,4.13e-06,271.0,0.00111923
BRD/BTC,1606292147544,2020-11-25T08:15:47.544Z,buy,4.13e-06,75.0,0.00030975
BRD/BTC,1606292151967,2020-11-25T08:15:51.967Z,buy,4.13e-06,243.0,0.00100359
BRD/BTC,1606292152901,2020-11-25T08:15:52.901Z,buy,4.13e-06,241.0,0.00099533
BRD/BTC,1606292169716,2020-11-25T08:16:09.716Z,sell,4.09e-06,208.0,0.0008507199999999
BRD/BTC,1606292181726,2020-11-25T08:16:21.726Z,buy,4.13e-06,1579.0,0.00652127
BRD/BTC,1606292181726,2020-11-25T08:16:21.726Z,buy,4.14e-06,6369.0,0.02636766
BRD/BTC,1606292186861,2020-11-25T08:16:26.861Z,sell,4.12e-06,579.0,0.00238548
BRD/BTC,1606292234635,2020-11-25T08:17:14.635Z,buy,4.13e-06,579.0,0.00239127
BRD/BTC,1606292234635,2020-11-25T08:17:14.635Z,buy,4.14e-06,8163.0,0.03379482
BRD/BTC,1606292234635,2020-11-25T08:17:14.635Z,buy,4.15e-06,25.0,0.00010375
BRD/BTC,1606292234635,2020-11-25T08:17:14.635Z,buy,4.16e-06,25.0,0.000104
BRD/BTC,1606292234635,2020-11-25T08:17:14.635Z,buy,4.17e-06,4384.0,0.01828128
BRD/BTC,1606292237810,2020-11-25T08:17:17.810Z,buy,4.17e-06,25.0,0.00010425
BRD/BTC,1606292257463,2020-11-25T08:17:37.463Z,buy,4.17e-06,1363.0,0.00568371
BRD/BTC,1606292280377,2020-11-25T08:18:00.377Z,sell,4.14e-06,500.0,0.00207
BRD/BTC,1606292303508,2020-11-25T08:18:23.508Z,sell,4.15e-06,283.0,0.00117445
BRD/BTC,1606292303514,2020-11-25T08:18:23.514Z,sell,4.15e-06,282.0,0.0011703
BRD/BTC,1606292303911,2020-11-25T08:18:23.911Z,sell,4.15e-06,96.0,0.0003984
BRD/BTC,1606292314517,2020-11-25T08:18:34.517Z,sell,4.15e-06,1000.0,0.00415
BRD/BTC,1606292318603,2020-11-25T08:18:38.603Z,buy,4.16e-06,525.0,0.002184
BRD/BTC,1606292331457,2020-11-25T08:18:51.457Z,sell,4.14e-06,5000.0,0.0207
BRD/BTC,1606292340832,2020-11-25T08:19:00.832Z,sell,4.15e-06,500.0,0.002075
BRD/BTC,1606292379636,2020-11-25T08:19:39.636Z,buy,4.18e-06,100.0,0.0004179999999999
BRD/BTC,1606292483892,2020-11-25T08:21:23.892Z,buy,4.18e-06,4833.0,0.0202019399999999
BRD/BTC,1606292483892,2020-11-25T08:21:23.892Z,buy,4.19e-06,827.0,0.00346513
BRD/BTC,1606292483892,2020-11-25T08:21:23.892Z,buy,4.2e-06,17953.0,0.0754025999999999
BRD/BTC,1606292483903,2020-11-25T08:21:23.903Z,sell,4.2e-06,66.0,0.0002771999999999
BRD/BTC,1606292483907,2020-11-25T08:21:23.907Z,sell,4.2e-06,423.0,0.0017766
BRD/BTC,1606292483907,2020-11-25T08:21:23.907Z,sell,4.2e-06,206.0,0.0008651999999999
BRD/BTC,1606292483908,2020-11-25T08:21:23.908Z,sell,4.2e-06,423.0,0.0017766
BRD/BTC,1606292483933,2020-11-25T08:21:23.933Z,sell,4.2e-06,156.0,0.0006552
BRD/BTC,1606292483964,2020-11-25T08:21:23.964Z,sell,4.2e-06,417.0,0.0017513999999999
BRD/BTC,1606292484011,2020-11-25T08:21:24.011Z,sell,4.2e-06,417.0,0.0017513999999999
BRD/BTC,1606292485799,2020-11-25T08:21:25.799Z,sell,4.2e-06,15035.0,0.063147
BRD/BTC,1606292485909,2020-11-25T08:21:25.909Z,sell,4.2e-06,7517.0,0.0315714
BRD/BTC,1606292486096,2020-11-25T08:21:26.096Z,sell,4.2e-06,3753.0,0.0157625999999999
BRD/BTC,1606292486197,2020-11-25T08:21:26.197Z,sell,4.2e-06,1875.0,0.007875
BRD/BTC,1606292486409,2020-11-25T08:21:26.409Z,sell,4.2e-06,936.0,0.0039311999999999
BRD/BTC,1606292486593,2020-11-25T08:21:26.593Z,sell,4.2e-06,468.0,0.0019655999999999
BRD/BTC,1606292487101,2020-11-25T08:21:27.101Z,buy,4.21e-06,24.0,0.00010104
BRD/BTC,1606292487749,2020-11-25T08:21:27.749Z,buy,4.21e-06,793.0,0.00333853
BRD/BTC,1606292487766,2020-11-25T08:21:27.766Z,sell,4.21e-06,244.0,0.00102724
BRD/BTC,1606292487845,2020-11-25T08:21:27.845Z,sell,4.21e-06,147.0,0.00061887
BRD/BTC,1606292487900,2020-11-25T08:21:27.900Z,sell,4.21e-06,591.0,0.00248811
BRD/BTC,1606292487996,2020-11-25T08:21:27.996Z,sell,4.21e-06,892.0,0.00375532
BRD/BTC,1606292488030,2020-11-25T08:21:28.030Z,sell,4.21e-06,741.0,0.00311961
BRD/BTC,1606292488254,2020-11-25T08:21:28.254Z,sell,4.21e-06,370.0,0.0015577
BRD/BTC,1606292488805,2020-11-25T08:21:28.805Z,sell,4.21e-06,1281.0,0.00539301
BRD/BTC,1606292488805,2020-11-25T08:21:28.805Z,sell,4.2e-06,44702.0,0.1877483999999999
BRD/BTC,1606292495500,2020-11-25T08:21:35.500Z,sell,4.19e-06,1000.0,0.0041899999999999
BRD/BTC,1606292540666,2020-11-25T08:22:20.666Z,sell,4.18e-06,243.0,0.00101574
BRD/BTC,1606292549940,2020-11-25T08:22:29.940Z,buy,4.21e-06,243.0,0.00102303
BRD/BTC,1606292549940,2020-11-25T08:22:29.940Z,buy,4.22e-06,688.0,0.00290336
BRD/BTC,1606292549940,2020-11-25T08:22:29.940Z,buy,4.23e-06,209.0,0.00088407
BRD/BTC,1606292552027,2020-11-25T08:22:32.027Z,sell,4.21e-06,661.0,0.00278281
BRD/BTC,1606292567677,2020-11-25T08:22:47.677Z,buy,4.22e-06,661.0,0.00278942
BRD/BTC,1606292572037,2020-11-25T08:22:52.037Z,sell,4.21e-06,661.0,0.00278281
BRD/BTC,1606292575087,2020-11-25T08:22:55.087Z,buy,4.24e-06,2772.0,0.01175328
BRD/BTC,1606292575087,2020-11-25T08:22:55.087Z,buy,4.25e-06,4740.0,0.020145
BRD/BTC,1606292575094,2020-11-25T08:22:55.094Z,sell,4.25e-06,1515.0,0.00643875
BRD/BTC,1606292575099,2020-11-25T08:22:55.099Z,sell,4.25e-06,151.0,0.00064175
BRD/BTC,1606292575100,2020-11-25T08:22:55.100Z,sell,4.25e-06,1281.0,0.00544425
BRD/BTC,1606292575180,2020-11-25T08:22:55.180Z,sell,4.19e-06,1131.0,0.00473889
BRD/BTC,1606292580844,2020-11-25T08:23:00.844Z,sell,4.21e-06,528.0,0.00222288
BRD/BTC,1606292595622,2020-11-25T08:23:15.622Z,buy,4.22e-06,661.0,0.00278942
BRD/BTC,1606292612403,2020-11-25T08:23:32.403Z,sell,4.21e-06,705.0,0.00296805
BRD/BTC,1606292612403,2020-11-25T08:23:32.403Z,sell,4.2e-06,1000.0,0.0042
BRD/BTC,1606292630349,2020-11-25T08:23:50.349Z,sell,4.2e-06,1000.0,0.0042
BRD/BTC,1606292631963,2020-11-25T08:23:51.963Z,sell,4.2e-06,903.0,0.0037925999999999
BRD/BTC,1606292631963,2020-11-25T08:23:51.963Z,sell,4.19e-06,1306.0,0.0054721399999999
BRD/BTC,1606292633706,2020-11-25T08:23:53.706Z,sell,4.19e-06,178.0,0.0007458199999999
BRD/BTC,1606292668492,2020-11-25T08:24:28.492Z,sell,4.18e-06,100.0,0.0004179999999999
BRD/BTC,1606292668592,2020-11-25T08:24:28.592Z,sell,4.17e-06,818.0,0.00341106
BRD/BTC,1606292672276,2020-11-25T08:24:32.276Z,buy,4.18e-06,393.0,0.00164274
BRD/BTC,1606292672322,2020-11-25T08:24:32.322Z,buy,4.18e-06,393.0,0.00164274
BRD/BTC,1606292682195,2020-11-25T08:24:42.195Z,sell,4.16e-06,331.0,0.00137696
BRD/BTC,1606292691772,2020-11-25T08:24:51.772Z,sell,4.13e-06,26.0,0.00010738
BRD/BTC,1606292693784,2020-11-25T08:24:53.784Z,sell,4.13e-06,119.0,0.00049147
BRD/BTC,1606292693784,2020-11-25T08:24:53.784Z,sell,4.12e-06,40.0,0.0001648
BRD/BTC,1606292695192,2020-11-25T08:24:55.192Z,sell,4.13e-06,163.0,0.00067319
BRD/BTC,1606292695192,2020-11-25T08:24:55.192Z,sell,4.12e-06,3021.0,0.01244652
BRD/BTC,1606292695192,2020-11-25T08:24:55.192Z,sell,4.11e-06,6163.0,0.0253299299999999
BRD/BTC,1606292695192,2020-11-25T08:24:55.192Z,sell,4.1e-06,6107.0,0.0250386999999999
BRD/BTC,1606292704934,2020-11-25T08:25:04.934Z,buy,4.13e-06,246.0,0.00101598
BRD/BTC,1606292705732,2020-11-25T08:25:05.732Z,sell,4.09e-06,5122.0,0.02094898
BRD/BTC,1606292705740,2020-11-25T08:25:05.740Z,buy,4.09e-06,1932.0,0.00790188
BRD/BTC,1606292709067,2020-11-25T08:25:09.067Z,buy,4.12e-06,371.0,0.00152852
BRD/BTC,1606292739107,2020-11-25T08:25:39.107Z,buy,4.12e-06,301.0,0.00124012
BRD/BTC,1606292758263,2020-11-25T08:25:58.263Z,buy,4.12e-06,85.0,0.0003502
BRD/BTC,1606292791814,2020-11-25T08:26:31.814Z,sell,4.1e-06,25.0,0.0001025
BRD/BTC,1606292851272,2020-11-25T08:27:31.272Z,sell,4.09e-06,251.0,0.00102659
BRD/BTC,1606292878931,2020-11-25T08:27:58.931Z,sell,4.09e-06,240.0,0.0009816
BRD/BTC,1606292897760,2020-11-25T08:28:17.760Z,buy,4.08e-06,366.0,0.00149328
BRD/BTC,1606292898034,2020-11-25T08:28:18.034Z,buy,4.08e-06,108.0,0.00044064
BRD/BTC,1606293035423,2020-11-25T08:30:35.423Z,buy,4.08e-06,35.0,0.0001428
BRD/BTC,1606293072994,2020-11-25T08:31:12.994Z,buy,4.11e-06,1015.0,0.00417165
BRD/BTC,1606293072994,2020-11-25T08:31:12.994Z,buy,4.12e-06,75.0,0.000309
BRD/BTC,1606293088836,2020-11-25T08:31:28.836Z,buy,4.12e-06,1000.0,0.00412
BRD/BTC,1606293088845,2020-11-25T08:31:28.845Z,sell,4.12e-06,543.0,0.00223716
BRD/BTC,1606293186217,2020-11-25T08:33:06.217Z,buy,4.12e-06,2316.0,0.00954192
BRD/BTC,1606293282456,2020-11-25T08:34:42.456Z,sell,4.1e-06,413.0,0.0016932999999999
BRD/BTC,1606293495556,2020-11-25T08:38:15.556Z,sell,4.1e-06,1000.0,0.0040999999999999
BRD/BTC,1606293577334,2020-11-25T08:39:37.334Z,buy,4.1e-06,52.0,0.0002131999999999
BRD/BTC,1606293577334,2020-11-25T08:39:37.334Z,buy,4.1e-06,52.0,0.0002131999999999
BRD/BTC,1606293777320,2020-11-25T08:42:57.320Z,sell,4.1e-06,1598.0,0.0065517999999999
BRD/BTC,1606293921640,2020-11-25T08:45:21.640Z,buy,4.09e-06,261.0,0.00106749
BRD/BTC,1606293930273,2020-11-25T08:45:30.273Z,sell,4.08e-06,2337.0,0.00953496
BRD/BTC,1606293930285,2020-11-25T08:45:30.285Z,buy,4.08e-06,987.0,0.00402696
BRD/BTC,1606293953033,2020-11-25T08:45:53.033Z,sell,4.07e-06,166.0,0.00067562
BRD/BTC,1606294002865,2020-11-25T08:46:42.865Z,sell,4.07e-06,1924.0,0.00783068
BRD/BTC,1606294013395,2020-11-25T08:46:53.395Z,buy,4.08e-06,270.0,0.0011015999999999
BRD/BTC,1606294051090,2020-11-25T08:47:31.090Z,buy,4.09e-06,499.0,0.00204091
BRD/BTC,1606294178569,2020-11-25T08:49:38.569Z,buy,4.1e-06,286.0,0.0011726
BRD/BTC,1606294204187,2020-11-25T08:50:04.187Z,sell,4.09e-06,714.0,0.00292026
BRD/BTC,1606294797448,2020-11-25T08:59:57.448Z,buy,4.11e-06,9.0,3.699e-05
BRD/BTC,1606295052517,2020-11-25T09:04:12.517Z,buy,4.11e-06,8.0,3.288e-05
BRD/BTC,1606295087637,2020-11-25T09:04:47.637Z,buy,4.11e-06,50.0,0.0002054999999999
BRD/BTC,1606295091207,2020-11-25T09:04:51.207Z,sell,4.11e-06,555.0,0.0022810499999999
BRD/BTC,1606295242756,2020-11-25T09:07:22.756Z,buy,4.12e-06,487.0,0.00200644
BRD/BTC,1606295242777,2020-11-25T09:07:22.777Z,buy,4.12e-06,253.0,0.00104236
BRD/BTC,1606295267682,2020-11-25T09:07:47.682Z,sell,4.11e-06,1931.0,0.00793641
BRD/BTC,1606295267682,2020-11-25T09:07:47.682Z,sell,4.09e-06,7953.0,0.03252777
BRD/BTC,1606295267682,2020-11-25T09:07:47.682Z,sell,4.08e-06,2844.0,0.0116035199999999
BRD/BTC,1606295267682,2020-11-25T09:07:47.682Z,sell,4.07e-06,270.0,0.0010989
BRD/BTC,1606295267682,2020-11-25T09:07:47.682Z,sell,4.06e-06,178.0,0.00072268
BRD/BTC,1606295267682,2020-11-25T09:07:47.682Z,sell,4.06e-06,235.0,0.0009541
BRD/BTC,1606295269545,2020-11-25T09:07:49.545Z,buy,4.08e-06,270.0,0.0011015999999999
BRD/BTC,1606295298918,2020-11-25T09:08:18.918Z,sell,4.08e-06,131.0,0.0005344799999999
BRD/BTC,1606295342401,2020-11-25T09:09:02.401Z,buy,4.1e-06,52.0,0.0002131999999999
BRD/BTC,1606295716611,2020-11-25T09:15:16.611Z,buy,4.1e-06,182.0,0.0007461999999999
BRD/BTC,1606295716633,2020-11-25T09:15:16.633Z,buy,4.1e-06,198.0,0.0008117999999999
BRD/BTC,1606295724393,2020-11-25T09:15:24.393Z,sell,4.1e-06,70.0,0.000287
BRD/BTC,1606295770080,2020-11-25T09:16:10.080Z,sell,4.1e-06,316.0,0.0012955999999999
BRD/BTC,1606296096855,2020-11-25T09:21:36.855Z,sell,4.1e-06,740.0,0.003034
BRD/BTC,1606296257446,2020-11-25T09:24:17.446Z,buy,4.11e-06,26.0,0.0001068599999999
BRD/BTC,1606296257446,2020-11-25T09:24:17.446Z,buy,4.12e-06,105.0,0.0004326
BRD/BTC,1606296257446,2020-11-25T09:24:17.446Z,buy,4.13e-06,1192.0,0.00492296
BRD/BTC,1606296389013,2020-11-25T09:26:29.013Z,sell,4.12e-06,255.0,0.0010506
BRD/BTC,1606296454178,2020-11-25T09:27:34.178Z,buy,4.13e-06,25.0,0.00010325
BRD/BTC,1606296606099,2020-11-25T09:30:06.099Z,sell,4.12e-06,324.0,0.00133488
BRD/BTC,1606296606099,2020-11-25T09:30:06.099Z,sell,4.1e-06,836.0,0.0034276
BRD/BTC,1606296606128,2020-11-25T09:30:06.128Z,buy,4.1e-06,280.0,0.001148
BRD/BTC,1606296619446,2020-11-25T09:30:19.446Z,sell,4.08e-06,5230.0,0.0213384
BRD/BTC,1606296619446,2020-11-25T09:30:19.446Z,sell,4.07e-06,3778.0,0.01537646
BRD/BTC,1606296624820,2020-11-25T09:30:24.820Z,buy,4.08e-06,270.0,0.0011015999999999
BRD/BTC,1606296660207,2020-11-25T09:31:00.207Z,sell,4.07e-06,3609.0,0.01468863
BRD/BTC,1606296660207,2020-11-25T09:31:00.207Z,sell,4.06e-06,10088.0,0.04095728
BRD/BTC,1606296660207,2020-11-25T09:31:00.207Z,sell,4.05e-06,1449.0,0.00586845
BRD/BTC,1606296660207,2020-11-25T09:31:00.207Z,sell,4.04e-06,354.0,0.00143016
BRD/BTC,1606296660207,2020-11-25T09:31:00.207Z,sell,4.03e-06,2995.0,0.01206985
BRD/BTC,1606296671902,2020-11-25T09:31:11.902Z,sell,4.04e-06,159.0,0.00064236
BRD/BTC,1606296699204,2020-11-25T09:31:39.204Z,sell,4.04e-06,3813.0,0.01540452
BRD/BTC,1606296699204,2020-11-25T09:31:39.204Z,sell,4.03e-06,5201.0,0.02096003
BRD/BTC,1606296706644,2020-11-25T09:31:46.644Z,buy,4.05e-06,156.0,0.0006318
BRD/BTC,1606296723858,2020-11-25T09:32:03.858Z,sell,4.03e-06,28.0,0.00011284
BRD/BTC,1606296726173,2020-11-25T09:32:06.173Z,sell,4.03e-06,487.0,0.00196261
BRD/BTC,1606296731968,2020-11-25T09:32:11.968Z,buy,4.04e-06,1000.0,0.00404
BRD/BTC,1606296738237,2020-11-25T09:32:18.237Z,buy,4.04e-06,250.0,0.00101
BRD/BTC,1606296739572,2020-11-25T09:32:19.572Z,buy,4.04e-06,26.0,0.00010504
BRD/BTC,1606296740421,2020-11-25T09:32:20.421Z,buy,4.04e-06,48.0,0.00019392
BRD/BTC,1606296756541,2020-11-25T09:32:36.541Z,buy,4.05e-06,5127.0,0.02076435
BRD/BTC,1606296763013,2020-11-25T09:32:43.013Z,buy,4.05e-06,1000.0,0.00405
BRD/BTC,1606296763108,2020-11-25T09:32:43.108Z,sell,4.05e-06,9407.0,0.03809835
BRD/BTC,1606296773590,2020-11-25T09:32:53.590Z,buy,4.05e-06,1000.0,0.00405
BRD/BTC,1606296773617,2020-11-25T09:32:53.617Z,sell,4.05e-06,7088.0,0.0287064
BRD/BTC,1606296773716,2020-11-25T09:32:53.716Z,sell,4.05e-06,2684.0,0.0108702
BRD/BTC,1606296787669,2020-11-25T09:33:07.669Z,buy,4.06e-06,543.0,0.00220458
BRD/BTC,1606296798532,2020-11-25T09:33:18.532Z,buy,4.07e-06,2611.0,0.01062677
BRD/BTC,1606296798656,2020-11-25T09:33:18.656Z,sell,4.07e-06,368.0,0.0014977599999999
BRD/BTC,1606296806450,2020-11-25T09:33:26.450Z,buy,4.08e-06,1900.0,0.007752
BRD/BTC,1606296818857,2020-11-25T09:33:38.857Z,buy,4.08e-06,28.0,0.0001142399999999
BRD/BTC,1606296835320,2020-11-25T09:33:55.320Z,buy,4.1e-06,4261.0,0.0174701
BRD/BTC,1606296842583,2020-11-25T09:34:02.583Z,buy,4.1e-06,1000.0,0.0040999999999999
BRD/BTC,1606296842583,2020-11-25T09:34:02.583Z,buy,4.11e-06,552.0,0.0022687199999999
BRD/BTC,1606296895078,2020-11-25T09:34:55.078Z,buy,4.11e-06,488.0,0.0020056799999999
BRD/BTC,1606296895078,2020-11-25T09:34:55.078Z,buy,4.12e-06,5308.0,0.02186896
BRD/BTC,1606296895078,2020-11-25T09:34:55.078Z,buy,4.13e-06,2010.0,0.0083013
BRD/BTC,1606296895078,2020-11-25T09:34:55.078Z,buy,4.14e-06,6443.0,0.02667402
BRD/BTC,1606296895078,2020-11-25T09:34:55.078Z,buy,4.15e-06,4733.0,0.01964195
BRD/BTC,1606296895078,2020-11-25T09:34:55.078Z,buy,4.16e-06,52.0,0.00021632
BRD/BTC,1606296895078,2020-11-25T09:34:55.078Z,buy,4.17e-06,1570.0,0.0065469
BRD/BTC,1606296902452,2020-11-25T09:35:02.452Z,sell,4.12e-06,579.0,0.00238548
BRD/BTC,1606296904195,2020-11-25T09:35:04.195Z,buy,4.14e-06,3121.0,0.01292094
BRD/BTC,1606296917862,2020-11-25T09:35:17.862Z,buy,4.13e-06,579.0,0.00239127
BRD/BTC,1606296917869,2020-11-25T09:35:17.869Z,sell,4.13e-06,985.0,0.00406805
BRD/BTC,1606296928853,2020-11-25T09:35:28.853Z,sell,4.13e-06,1000.0,0.00413
BRD/BTC,1606296940700,2020-11-25T09:35:40.700Z,sell,4.12e-06,50.0,0.000206
BRD/BTC,1606296945864,2020-11-25T09:35:45.864Z,sell,4.12e-06,513.0,0.00211356
BRD/BTC,1606296956016,2020-11-25T09:35:56.016Z,buy,4.16e-06,5305.0,0.0220688
BRD/BTC,1606296956016,2020-11-25T09:35:56.016Z,buy,4.17e-06,599.0,0.00249783
BRD/BTC,1606296962091,2020-11-25T09:36:02.091Z,sell,4.14e-06,405.0,0.0016767
BRD/BTC,1606296962125,2020-11-25T09:36:02.125Z,sell,4.14e-06,405.0,0.0016767
BRD/BTC,1606296962160,2020-11-25T09:36:02.160Z,sell,4.14e-06,190.0,0.0007866
BRD/BTC,1606296962189,2020-11-25T09:36:02.189Z,sell,4.13e-06,190.0,0.0007847
BRD/BTC,1606296962574,2020-11-25T09:36:02.574Z,sell,4.14e-06,405.0,0.0016767
BRD/BTC,1606296962608,2020-11-25T09:36:02.608Z,sell,4.14e-06,301.0,0.00124614
BRD/BTC,1606296963059,2020-11-25T09:36:03.059Z,sell,4.14e-06,405.0,0.0016767
BRD/BTC,1606296963084,2020-11-25T09:36:03.084Z,sell,4.14e-06,404.0,0.00167256
BRD/BTC,1606296963112,2020-11-25T09:36:03.112Z,sell,4.14e-06,191.0,0.00079074
BRD/BTC,1606296963139,2020-11-25T09:36:03.139Z,sell,4.13e-06,191.0,0.00078883
BRD/BTC,1606296964058,2020-11-25T09:36:04.058Z,sell,4.14e-06,404.0,0.00167256
BRD/BTC,1606296964096,2020-11-25T09:36:04.096Z,sell,4.14e-06,404.0,0.00167256
BRD/BTC,1606296964130,2020-11-25T09:36:04.130Z,sell,4.14e-06,192.0,0.00079488
BRD/BTC,1606296977516,2020-11-25T09:36:17.516Z,buy,4.16e-06,706.0,0.00293696
BRD/BTC,1606297005031,2020-11-25T09:36:45.031Z,buy,4.17e-06,1400.0,0.0058379999999999
BRD/BTC,1606297013228,2020-11-25T09:36:53.228Z,sell,4.16e-06,3306.0,0.01375296
BRD/BTC,1606297013228,2020-11-25T09:36:53.228Z,sell,4.16e-06,67.0,0.00027872
BRD/BTC,1606297013234,2020-11-25T09:36:53.234Z,sell,4.16e-06,3306.0,0.01375296
BRD/BTC,1606297013240,2020-11-25T09:36:53.240Z,sell,4.16e-06,224.0,0.00093184
BRD/BTC,1606297013243,2020-11-25T09:36:53.243Z,sell,4.16e-06,3097.0,0.01288352
BRD/BTC,1606297026935,2020-11-25T09:37:06.935Z,buy,4.16e-06,222.0,0.00092352
BRD/BTC,1606297032910,2020-11-25T09:37:12.910Z,buy,4.17e-06,25.0,0.00010425
BRD/BTC,1606297095411,2020-11-25T09:38:15.411Z,buy,4.18e-06,485.0,0.0020273
BRD/BTC,1606297110993,2020-11-25T09:38:30.993Z,buy,4.18e-06,574.0,0.00239932
BRD/BTC,1606297112440,2020-11-25T09:38:32.440Z,sell,4.17e-06,127.0,0.00052959
BRD/BTC,1606297112441,2020-11-25T09:38:32.441Z,sell,4.17e-06,128.0,0.00053376
BRD/BTC,1606297112475,2020-11-25T09:38:32.475Z,sell,4.17e-06,220.0,0.0009174
BRD/BTC,1606297112493,2020-11-25T09:38:32.493Z,sell,4.17e-06,295.0,0.00123015
BRD/BTC,1606297124045,2020-11-25T09:38:44.045Z,buy,4.18e-06,3883.0,0.01623094
BRD/BTC,1606297124045,2020-11-25T09:38:44.045Z,buy,4.19e-06,5084.0,0.0213019599999999
BRD/BTC,1606297130539,2020-11-25T09:38:50.539Z,buy,4.19e-06,745.0,0.00312155
BRD/BTC,1606297132871,2020-11-25T09:38:52.871Z,buy,4.2e-06,25.0,0.0001049999999999
BRD/BTC,1606297152939,2020-11-25T09:39:12.939Z,buy,4.21e-06,52.0,0.00021892
BRD/BTC,1606297164356,2020-11-25T09:39:24.356Z,buy,4.2e-06,975.0,0.004095
BRD/BTC,1606297174557,2020-11-25T09:39:34.557Z,buy,4.21e-06,4703.0,0.01979963
BRD/BTC,1606297174563,2020-11-25T09:39:34.563Z,sell,4.21e-06,5327.0,0.02242667
BRD/BTC,1606297174563,2020-11-25T09:39:34.563Z,sell,4.21e-06,5327.0,0.02242667
BRD/BTC,1606297177812,2020-11-25T09:39:37.812Z,buy,4.2e-06,1659.0,0.0069678
BRD/BTC,1606297178033,2020-11-25T09:39:38.033Z,sell,4.17e-06,1472.0,0.00613824
BRD/BTC,1606297182214,2020-11-25T09:39:42.214Z,buy,4.18e-06,331.0,0.00138358
BRD/BTC,1606297192840,2020-11-25T09:39:52.840Z,sell,4.17e-06,4744.0,0.0197824799999999
BRD/BTC,1606297208355,2020-11-25T09:40:08.355Z,buy,4.18e-06,991.0,0.00414238
BRD/BTC,1606297291984,2020-11-25T09:41:31.984Z,buy,4.18e-06,2339.0,0.0097770199999999
BRD/BTC,1606297291984,2020-11-25T09:41:31.984Z,buy,4.21e-06,702.0,0.00295542
BRD/BTC,1606297300104,2020-11-25T09:41:40.104Z,sell,4.17e-06,6903.0,0.02878551
BRD/BTC,1606297307764,2020-11-25T09:41:47.764Z,buy,4.18e-06,770.0,0.0032186
BRD/BTC,1606297315000,2020-11-25T09:41:55.000Z,sell,4.17e-06,770.0,0.0032109
BRD/BTC,1606297329182,2020-11-25T09:42:09.182Z,buy,4.18e-06,770.0,0.0032186
BRD/BTC,1606297334242,2020-11-25T09:42:14.242Z,sell,4.17e-06,9770.0,0.0407409
BRD/BTC,1606297356783,2020-11-25T09:42:36.783Z,buy,4.18e-06,770.0,0.0032186
BRD/BTC,1606297380832,2020-11-25T09:43:00.832Z,sell,4.17e-06,1770.0,0.0073809
BRD/BTC,1606297399290,2020-11-25T09:43:19.290Z,buy,4.18e-06,770.0,0.0032186
BRD/BTC,1606297413270,2020-11-25T09:43:33.270Z,sell,4.17e-06,770.0,0.0032109
BRD/BTC,1606297425329,2020-11-25T09:43:45.329Z,buy,4.18e-06,770.0,0.0032186
BRD/BTC,1606297458515,2020-11-25T09:44:18.515Z,buy,4.19e-06,3598.0,0.01507562
BRD/BTC,1606297458515,2020-11-25T09:44:18.515Z,buy,4.2e-06,237.0,0.0009953999999999
BRD/BTC,1606297466536,2020-11-25T09:44:26.536Z,sell,4.18e-06,1169.0,0.00488642
BRD/BTC,1606297511374,2020-11-25T09:45:11.374Z,sell,4.17e-06,1500.0,0.006255
BRD/BTC,1606297513905,2020-11-25T09:45:13.905Z,buy,4.17e-06,317.0,0.00132189
BRD/BTC,1606297526198,2020-11-25T09:45:26.198Z,buy,4.18e-06,770.0,0.0032186
BRD/BTC,1606297536361,2020-11-25T09:45:36.361Z,sell,4.17e-06,1007.0,0.00419919
BRD/BTC,1606297536361,2020-11-25T09:45:36.361Z,sell,4.16e-06,25370.0,0.1055392
BRD/BTC,1606297570667,2020-11-25T09:46:10.667Z,sell,4.14e-06,208.0,0.00086112
BRD/BTC,1606297588339,2020-11-25T09:46:28.339Z,buy,4.17e-06,25.0,0.00010425
BRD/BTC,1606297677861,2020-11-25T09:47:57.861Z,sell,4.12e-06,17445.0,0.0718734
BRD/BTC,1606297681455,2020-11-25T09:48:01.455Z,buy,4.12e-06,28.0,0.00011536
BRD/BTC,1606297689537,2020-11-25T09:48:09.537Z,sell,4.12e-06,1475.0,0.006077
BRD/BTC,1606297695660,2020-11-25T09:48:15.660Z,sell,4.12e-06,174.0,0.00071688
BRD/BTC,1606297695660,2020-11-25T09:48:15.660Z,sell,4.11e-06,801.0,0.0032921099999999
BRD/BTC,1606297695660,2020-11-25T09:48:15.660Z,sell,4.1e-06,17713.0,0.0726233
BRD/BTC,1606297697841,2020-11-25T09:48:17.841Z,buy,4.13e-06,75.0,0.00030975
BRD/BTC,1606297733759,2020-11-25T09:48:53.759Z,buy,4.13e-06,77.0,0.00031801
BRD/BTC,1606297736525,2020-11-25T09:48:56.525Z,buy,4.11e-06,65.0,0.0002671499999999
BRD/BTC,1606297736611,2020-11-25T09:48:56.611Z,buy,4.11e-06,65.0,0.0002671499999999
BRD/BTC,1606297737211,2020-11-25T09:48:57.211Z,buy,4.11e-06,65.0,0.0002671499999999
BRD/BTC,1606297740573,2020-11-25T09:49:00.573Z,sell,4.09e-06,42.0,0.0001717799999999
BRD/BTC,1606297754133,2020-11-25T09:49:14.133Z,sell,4.1e-06,2504.0,0.0102663999999999
BRD/BTC,1606297754133,2020-11-25T09:49:14.133Z,sell,4.09e-06,95.0,0.00038855
BRD/BTC,1606297754133,2020-11-25T09:49:14.133Z,sell,4.08e-06,2554.0,0.01042032
BRD/BTC,1606297754133,2020-11-25T09:49:14.133Z,sell,4.07e-06,6528.0,0.02656896
BRD/BTC,1606297754133,2020-11-25T09:49:14.133Z,sell,4.06e-06,1984.0,0.00805504
BRD/BTC,1606297755081,2020-11-25T09:49:15.081Z,buy,4.09e-06,284.0,0.0011615599999999
BRD/BTC,1606297755084,2020-11-25T09:49:15.084Z,buy,4.09e-06,516.0,0.00211044
BRD/BTC,1606297755114,2020-11-25T09:49:15.114Z,buy,4.09e-06,510.0,0.0020859
BRD/BTC,1606297761064,2020-11-25T09:49:21.064Z,sell,4.09e-06,270.0,0.0011043
BRD/BTC,1606297767249,2020-11-25T09:49:27.249Z,sell,4.08e-06,1751.0,0.00714408
BRD/BTC,1606297767249,2020-11-25T09:49:27.249Z,sell,4.07e-06,2100.0,0.008547
BRD/BTC,1606297767249,2020-11-25T09:49:27.249Z,sell,4.06e-06,1917.0,0.00778302
BRD/BTC,1606297780489,2020-11-25T09:49:40.489Z,sell,4.07e-06,270.0,0.0010989
BRD/BTC,1606297781575,2020-11-25T09:49:41.575Z,buy,4.07e-06,25.0,0.00010175
BRD/BTC,1606297789842,2020-11-25T09:49:49.842Z,buy,4.07e-06,1814.0,0.00738298
BRD/BTC,1606297790278,2020-11-25T09:49:50.278Z,sell,4.05e-06,263.0,0.00106515
BRD/BTC,1606297803536,2020-11-25T09:50:03.536Z,sell,4.04e-06,28.0,0.00011312
BRD/BTC,1606297823248,2020-11-25T09:50:23.248Z,sell,4.05e-06,1823.0,0.00738315
BRD/BTC,1606297823248,2020-11-25T09:50:23.248Z,sell,4.04e-06,20695.0,0.0836078
BRD/BTC,1606297824268,2020-11-25T09:50:24.268Z,buy,4.05e-06,1609.0,0.00651645
BRD/BTC,1606297826263,2020-11-25T09:50:26.263Z,buy,4.05e-06,1129.0,0.00457245
BRD/BTC,1606297831460,2020-11-25T09:50:31.460Z,sell,4.04e-06,1452.0,0.00586608
BRD/BTC,1606297832578,2020-11-25T09:50:32.578Z,buy,4.06e-06,270.0,0.0010962
BRD/BTC,1606297832666,2020-11-25T09:50:32.666Z,sell,4.06e-06,386.0,0.00156716
BRD/BTC,1606297842481,2020-11-25T09:50:42.481Z,buy,4.03e-06,60.0,0.0002418
BRD/BTC,1606297842484,2020-11-25T09:50:42.484Z,buy,4.03e-06,140.0,0.0005642
BRD/BTC,1606297887378,2020-11-25T09:51:27.378Z,buy,4.05e-06,5069.0,0.02052945
BRD/BTC,1606297939439,2020-11-25T09:52:19.439Z,buy,4.05e-06,1000.0,0.00405
BRD/BTC,1606297944210,2020-11-25T09:52:24.210Z,buy,4.05e-06,1000.0,0.00405
BRD/BTC,1606297955054,2020-11-25T09:52:35.054Z,buy,4.05e-06,1000.0,0.00405
BRD/BTC,1606297959733,2020-11-25T09:52:39.733Z,buy,4.05e-06,500.0,0.002025
BRD/BTC,1606297984181,2020-11-25T09:53:04.181Z,buy,4.07e-06,93803.0,0.38177821
BRD/BTC,1606298007426,2020-11-25T09:53:27.426Z,buy,4.08e-06,27.0,0.00011016
BRD/BTC,1606298034236,2020-11-25T09:53:54.236Z,buy,4.08e-06,104.0,0.00042432
BRD/BTC,1606298043547,2020-11-25T09:54:03.547Z,buy,4.08e-06,82.0,0.0003345599999999
BRD/BTC,1606298068545,2020-11-25T09:54:28.545Z,sell,4.07e-06,242.0,0.00098494
BRD/BTC,1606298070105,2020-11-25T09:54:30.105Z,buy,4.08e-06,57.0,0.0002325599999999
BRD/BTC,1606298072266,2020-11-25T09:54:32.266Z,buy,4.09e-06,27.0,0.00011043
BRD/BTC,1606298072266,2020-11-25T09:54:32.266Z,buy,4.1e-06,232.0,0.0009511999999999
BRD/BTC,1606298072282,2020-11-25T09:54:32.282Z,sell,4.1e-06,57.0,0.0002337
BRD/BTC,1606298079181,2020-11-25T09:54:39.181Z,sell,4.1e-06,143.0,0.0005863
BRD/BTC,1606298090855,2020-11-25T09:54:50.855Z,buy,4.11e-06,399.0,0.0016398899999999
BRD/BTC,1606298096881,2020-11-25T09:54:56.881Z,buy,4.11e-06,2836.0,0.0116559599999999
BRD/BTC,1606298096881,2020-11-25T09:54:56.881Z,buy,4.12e-06,3178.0,0.01309336
BRD/BTC,1606298096881,2020-11-25T09:54:56.881Z,buy,4.13e-06,3748.0,0.01547924
BRD/BTC,1606298096881,2020-11-25T09:54:56.881Z,buy,4.14e-06,1313.0,0.00543582
BRD/BTC,1606298096881,2020-11-25T09:54:56.881Z,buy,4.15e-06,26.0,0.0001079
BRD/BTC,1606298096881,2020-11-25T09:54:56.881Z,buy,4.16e-06,760.0,0.0031616
BRD/BTC,1606298096881,2020-11-25T09:54:56.881Z,buy,4.17e-06,727.0,0.00303159
BRD/BTC,1606298096902,2020-11-25T09:54:56.902Z,buy,4.11e-06,2356.0,0.00968316
BRD/BTC,1606298102299,2020-11-25T09:55:02.299Z,sell,4.14e-06,675.0,0.0027945
BRD/BTC,1606298102414,2020-11-25T09:55:02.414Z,sell,4.14e-06,325.0,0.0013455
BRD/BTC,1606298103434,2020-11-25T09:55:03.434Z,sell,4.14e-06,637.0,0.00263718
BRD/BTC,1606298103640,2020-11-25T09:55:03.640Z,sell,4.14e-06,363.0,0.00150282
BRD/BTC,1606298103737,2020-11-25T09:55:03.737Z,sell,4.14e-06,312.0,0.00129168
BRD/BTC,1606298103849,2020-11-25T09:55:03.849Z,sell,4.14e-06,402.0,0.00166428
BRD/BTC,1606298104490,2020-11-25T09:55:04.490Z,sell,4.14e-06,1000.0,0.00414
BRD/BTC,1606298115017,2020-11-25T09:55:15.017Z,buy,4.17e-06,996.0,0.00415332
BRD/BTC,1606298115682,2020-11-25T09:55:15.682Z,sell,4.14e-06,86.0,0.00035604
BRD/BTC,1606298134183,2020-11-25T09:55:34.183Z,sell,4.14e-06,387.0,0.00160218
BRD/BTC,1606298183404,2020-11-25T09:56:23.404Z,sell,4.14e-06,735.0,0.0030429
BRD/BTC,1606298183803,2020-11-25T09:56:23.803Z,sell,4.13e-06,7072.0,0.02920736
BRD/BTC,1606298195628,2020-11-25T09:56:35.628Z,buy,4.17e-06,718.0,0.0029940599999999
BRD/BTC,1606298195628,2020-11-25T09:56:35.628Z,buy,4.18e-06,1770.0,0.0073986
BRD/BTC,1606298196629,2020-11-25T09:56:36.629Z,sell,4.15e-06,1000.0,0.00415
BRD/BTC,1606298201478,2020-11-25T09:56:41.478Z,buy,4.18e-06,25.0,0.0001044999999999
BRD/BTC,1606298202640,2020-11-25T09:56:42.640Z,sell,4.17e-06,770.0,0.0032109
BRD/BTC,1606298217191,2020-11-25T09:56:57.191Z,sell,4.15e-06,13502.0,0.0560333
BRD/BTC,1606298264975,2020-11-25T09:57:44.975Z,buy,4.18e-06,1770.0,0.0073986
BRD/BTC,1606298265042,2020-11-25T09:57:45.042Z,sell,4.16e-06,383.0,0.00159328
BRD/BTC,1606298265082,2020-11-25T09:57:45.082Z,sell,4.16e-06,383.0,0.00159328
BRD/BTC,1606298265115,2020-11-25T09:57:45.115Z,sell,4.16e-06,234.0,0.00097344
BRD/BTC,1606298265128,2020-11-25T09:57:45.128Z,sell,4.15e-06,234.0,0.0009711
BRD/BTC,1606298272729,2020-11-25T09:57:52.729Z,sell,4.17e-06,383.0,0.00159711
BRD/BTC,1606298272729,2020-11-25T09:57:52.729Z,sell,4.17e-06,387.0,0.00161379
BRD/BTC,1606298323888,2020-11-25T09:58:43.888Z,buy,4.18e-06,770.0,0.0032186
BRD/BTC,1606298332490,2020-11-25T09:58:52.490Z,sell,4.17e-06,108.0,0.0004503599999999
BRD/BTC,1606298332495,2020-11-25T09:58:52.495Z,sell,4.17e-06,423.0,0.00176391
BRD/BTC,1606298333451,2020-11-25T09:58:53.451Z,sell,4.17e-06,239.0,0.0009966299999999
BRD/BTC,1606298360185,2020-11-25T09:59:20.185Z,buy,4.18e-06,770.0,0.0032186
BRD/BTC,1606298365999,2020-11-25T09:59:25.999Z,sell,4.17e-06,11780.0,0.0491225999999999
BRD/BTC,1606298371253,2020-11-25T09:59:31.253Z,sell,4.18e-06,6087.0,0.02544366
BRD/BTC,1606298376987,2020-11-25T09:59:36.987Z,sell,4.18e-06,3093.0,0.01292874
BRD/BTC,1606298406145,2020-11-25T10:00:06.145Z,buy,4.18e-06,1423.0,0.0059481399999999
BRD/BTC,1606298418565,2020-11-25T10:00:18.565Z,buy,4.19e-06,25.0,0.00010475
BRD/BTC,1606298430862,2020-11-25T10:00:30.862Z,buy,4.2e-06,2305.0,0.0096809999999999
BRD/BTC,1606298461241,2020-11-25T10:01:01.241Z,buy,4.19e-06,3689.0,0.0154569099999999
BRD/BTC,1606298465673,2020-11-25T10:01:05.673Z,buy,4.19e-06,239.0,0.0010014099999999
BRD/BTC,1606298480834,2020-11-25T10:01:20.834Z,sell,4.17e-06,2000.0,0.00834
