symbol,timestamp,datetime,side,price,amount,btc_volume
BRD/BTC,1545152499174,2018-12-18T17:01:39.174Z,buy,5.268e-05,28.0,0.00147504
BRD/BTC,1545152784193,2018-12-18T17:06:24.193Z,buy,5.267e-05,86.0,0.00452962
BRD/BTC,1545153005478,2018-12-18T17:10:05.478Z,sell,5.251e-05,95.0,0.0049884499999999
BRD/BTC,1545153005478,2018-12-18T17:10:05.478Z,sell,5.237e-05,401.0,0.02100037
BRD/BTC,1545153005478,2018-12-18T17:10:05.478Z,sell,5.236e-05,152.0,0.00795872
BRD/BTC,1545153005478,2018-12-18T17:10:05.478Z,sell,5.235e-05,287.0,0.01502445
BRD/BTC,1545153174790,2018-12-18T17:12:54.790Z,buy,5.265e-05,95.0,0.00500175
BRD/BTC,1545153175570,2018-12-18T17:12:55.570Z,buy,5.265e-05,142.0,0.0074763
BRD/BTC,1545153288920,2018-12-18T17:14:48.920Z,buy,5.265e-05,296.0,0.0155844
BRD/BTC,1545153289525,2018-12-18T17:14:49.525Z,sell,5.267e-05,2368.0,0.12472256
BRD/BTC,1545153727678,2018-12-18T17:22:07.678Z,buy,5.268e-05,24.0,0.00126432
BRD/BTC,1545154528657,2018-12-18T17:35:28.657Z,buy,5.249e-05,35.0,0.00183715
BRD/BTC,1545154528763,2018-12-18T17:35:28.763Z,sell,5.246e-05,399.0,0.02093154
BRD/BTC,1545154566701,2018-12-18T17:36:06.701Z,sell,5.235e-05,477.0,0.02497095
BRD/BTC,1545154566701,2018-12-18T17:36:06.701Z,sell,5.234e-05,95.0,0.0049723
BRD/BTC,1545154566701,2018-12-18T17:36:06.701Z,sell,5.221e-05,952.0,0.04970392
BRD/BTC,1545154566701,2018-12-18T17:36:06.701Z,sell,5.213e-05,243.0,0.01266759
BRD/BTC,1545154566701,2018-12-18T17:36:06.701Z,sell,5.21e-05,370.0,0.019277
BRD/BTC,1545154566716,2018-12-18T17:36:06.716Z,buy,5.21e-05,580.0,0.030218
BRD/BTC,1545154569345,2018-12-18T17:36:09.345Z,buy,5.239e-05,47.0,0.00246233
BRD/BTC,1545154572299,2018-12-18T17:36:12.299Z,buy,5.239e-05,54.0,0.00282906
BRD/BTC,1545154867291,2018-12-18T17:41:07.291Z,buy,5.22e-05,533.0,0.0278226
BRD/BTC,1545154872086,2018-12-18T17:41:12.086Z,buy,5.22e-05,23.0,0.0012006
BRD/BTC,1545154928999,2018-12-18T17:42:08.999Z,buy,5.22e-05,14.0,0.0007308
BRD/BTC,1545155069719,2018-12-18T17:44:29.719Z,buy,5.226e-05,162.0,0.0084661199999999
BRD/BTC,1545155141454,2018-12-18T17:45:41.454Z,buy,5.238e-05,218.0,0.01141884
BRD/BTC,1545155249764,2018-12-18T17:47:29.764Z,buy,5.238e-05,282.0,0.01477116
BRD/BTC,1545155249799,2018-12-18T17:47:29.799Z,buy,5.238e-05,136.0,0.00712368
BRD/BTC,1545155284139,2018-12-18T17:48:04.139Z,buy,5.238e-05,447.0,0.02341386
BRD/BTC,1545155284153,2018-12-18T17:48:04.153Z,buy,5.238e-05,447.0,0.02341386
BRD/BTC,1545155563018,2018-12-18T17:52:43.018Z,sell,5.222e-05,217.0,0.01133174
BRD/BTC,1545155563157,2018-12-18T17:52:43.157Z,sell,5.222e-05,250.0,0.0130549999999999
BRD/BTC,1545155567862,2018-12-18T17:52:47.862Z,sell,5.222e-05,107.0,0.00558754
BRD/BTC,1545155610360,2018-12-18T17:53:30.360Z,buy,5.234e-05,191.0,0.00999694
BRD/BTC,1545155679033,2018-12-18T17:54:39.033Z,buy,5.234e-05,363.0,0.01899942
BRD/BTC,1545155701926,2018-12-18T17:55:01.926Z,buy,5.234e-05,22.0,0.0011514799999999
BRD/BTC,1545155986720,2018-12-18T17:59:46.720Z,buy,5.234e-05,110.0,0.0057573999999999
BRD/BTC,1545155986720,2018-12-18T17:59:46.720Z,buy,5.235e-05,81.0,0.0042403499999999
BRD/BTC,1545155986720,2018-12-18T17:59:46.720Z,buy,5.234e-05,110.0,0.0057573999999999
BRD/BTC,1545155986720,2018-12-18T17:59:46.720Z,buy,5.235e-05,81.0,0.0042403499999999
BRD/BTC,1545156035028,2018-12-18T18:00:35.028Z,buy,5.235e-05,191.0,0.00999885
BRD/BTC,1545156035537,2018-12-18T18:00:35.537Z,buy,5.235e-05,51.0,0.00266985
BRD/BTC,1545156959984,2018-12-18T18:15:59.984Z,buy,5.232e-05,124.0,0.00648768
BRD/BTC,1545156960993,2018-12-18T18:16:00.993Z,buy,5.233e-05,56.0,0.00293048
BRD/BTC,1545156960993,2018-12-18T18:16:00.993Z,buy,5.234e-05,99.0,0.0051816599999999
BRD/BTC,1545157321919,2018-12-18T18:22:01.919Z,buy,5.234e-05,22.0,0.0011514799999999
BRD/BTC,1545157394670,2018-12-18T18:23:14.670Z,buy,5.234e-05,305.0,0.0159636999999999
BRD/BTC,1545157394670,2018-12-18T18:23:14.670Z,buy,5.235e-05,399.0,0.02088765
BRD/BTC,1545157394670,2018-12-18T18:23:14.670Z,buy,5.247e-05,223.0,0.0117008099999999
BRD/BTC,1545157394670,2018-12-18T18:23:14.670Z,buy,5.248e-05,1307.0,0.06859136
BRD/BTC,1545157394670,2018-12-18T18:23:14.670Z,buy,5.249e-05,1307.0,0.06860443
BRD/BTC,1545157394670,2018-12-18T18:23:14.670Z,buy,5.25e-05,2769.0,0.1453725
BRD/BTC,1545157394670,2018-12-18T18:23:14.670Z,buy,5.251e-05,362.0,0.01900862
BRD/BTC,1545157394670,2018-12-18T18:23:14.670Z,buy,5.256e-05,2969.0,0.15605064
BRD/BTC,1545157394670,2018-12-18T18:23:14.670Z,buy,5.257e-05,201.0,0.01056657
BRD/BTC,1545157394670,2018-12-18T18:23:14.670Z,buy,5.265e-05,85.0,0.00447525
BRD/BTC,1545157394670,2018-12-18T18:23:14.670Z,buy,5.267e-05,983.0,0.05177461
BRD/BTC,1545157394670,2018-12-18T18:23:14.670Z,buy,5.268e-05,2769.0,0.14587092
BRD/BTC,1545157394670,2018-12-18T18:23:14.670Z,buy,5.272e-05,28.0,0.0014761599999999
BRD/BTC,1545157394670,2018-12-18T18:23:14.670Z,buy,5.273e-05,47.0,0.00247831
BRD/BTC,1545157394670,2018-12-18T18:23:14.670Z,buy,5.282e-05,1382.0,0.07299724
BRD/BTC,1545157415037,2018-12-18T18:23:35.037Z,buy,5.248e-05,79.0,0.00414592
BRD/BTC,1545157566655,2018-12-18T18:26:06.655Z,sell,5.223e-05,61.0,0.00318603
BRD/BTC,1545157601275,2018-12-18T18:26:41.275Z,sell,5.223e-05,190.0,0.0099237
BRD/BTC,1545157602016,2018-12-18T18:26:42.016Z,buy,5.223e-05,310.0,0.0161913
BRD/BTC,1545157818925,2018-12-18T18:30:18.925Z,sell,5.221e-05,95.0,0.00495995
BRD/BTC,1545157819029,2018-12-18T18:30:19.029Z,buy,5.221e-05,655.0,0.03419755
BRD/BTC,1545158127208,2018-12-18T18:35:27.208Z,buy,5.237e-05,41.0,0.00214717
BRD/BTC,1545158129215,2018-12-18T18:35:29.215Z,buy,5.237e-05,51.0,0.00267087
BRD/BTC,1545158187006,2018-12-18T18:36:27.006Z,sell,5.22e-05,6.0,0.0003132
BRD/BTC,1545158187006,2018-12-18T18:36:27.006Z,sell,5.206e-05,34.0,0.00177004
BRD/BTC,1545158762398,2018-12-18T18:46:02.398Z,buy,5.23e-05,24.0,0.0012552
BRD/BTC,1545159014985,2018-12-18T18:50:14.985Z,sell,5.221e-05,28.0,0.00146188
BRD/BTC,1545159298943,2018-12-18T18:54:58.943Z,buy,5.23e-05,139.0,0.0072697
BRD/BTC,1545159298943,2018-12-18T18:54:58.943Z,buy,5.23e-05,139.0,0.0072697
BRD/BTC,1545159711214,2018-12-18T19:01:51.214Z,sell,5.22e-05,379.0,0.0197838
BRD/BTC,1545159955010,2018-12-18T19:05:55.010Z,sell,5.22e-05,492.0,0.0256824
BRD/BTC,1545160164710,2018-12-18T19:09:24.710Z,buy,5.23e-05,337.0,0.0176250999999999
BRD/BTC,1545160164710,2018-12-18T19:09:24.710Z,buy,5.238e-05,95.0,0.0049761
BRD/BTC,1545160164710,2018-12-18T19:09:24.710Z,buy,5.258e-05,559.0,0.02939222
BRD/BTC,1545160165726,2018-12-18T19:09:25.726Z,buy,5.264e-05,1642.0,0.0864348799999999
BRD/BTC,1545160166705,2018-12-18T19:09:26.705Z,buy,5.263e-05,511.0,0.02689393
BRD/BTC,1545160166705,2018-12-18T19:09:26.705Z,buy,5.267e-05,92.0,0.00484564
BRD/BTC,1545160166705,2018-12-18T19:09:26.705Z,buy,5.274e-05,4317.0,0.22767858
BRD/BTC,1545160207122,2018-12-18T19:10:07.122Z,buy,5.272e-05,56.0,0.0029523199999999
BRD/BTC,1545160232718,2018-12-18T19:10:32.718Z,buy,5.272e-05,39.0,0.00205608
BRD/BTC,1545160242480,2018-12-18T19:10:42.480Z,buy,5.272e-05,479.0,0.02525288
BRD/BTC,1545160242480,2018-12-18T19:10:42.480Z,buy,5.273e-05,492.0,0.02594316
BRD/BTC,1545160242480,2018-12-18T19:10:42.480Z,buy,5.274e-05,43.0,0.00226782
BRD/BTC,1545160420525,2018-12-18T19:13:40.525Z,buy,5.273e-05,124.0,0.00653852
BRD/BTC,1545160420525,2018-12-18T19:13:40.525Z,buy,5.274e-05,18.0,0.00094932
BRD/BTC,1545160487906,2018-12-18T19:14:47.906Z,buy,5.274e-05,100.0,0.005274
BRD/BTC,1545160508674,2018-12-18T19:15:08.674Z,sell,5.251e-05,52.0,0.0027305199999999
BRD/BTC,1545160571383,2018-12-18T19:16:11.383Z,buy,5.276e-05,44.0,0.00232144
BRD/BTC,1545160572441,2018-12-18T19:16:12.441Z,sell,5.249e-05,42.0,0.00220458
BRD/BTC,1545160700817,2018-12-18T19:18:20.817Z,buy,5.277e-05,21.0,0.00110817
BRD/BTC,1545160701003,2018-12-18T19:18:21.003Z,sell,5.223e-05,29.0,0.00151467
BRD/BTC,1545160745108,2018-12-18T19:19:05.108Z,sell,5.238e-05,25.0,0.0013095
BRD/BTC,1545160843623,2018-12-18T19:20:43.623Z,sell,5.238e-05,27.0,0.00141426
BRD/BTC,1545161008892,2018-12-18T19:23:28.892Z,sell,5.235e-05,257.0,0.01345395
BRD/BTC,1545161051810,2018-12-18T19:24:11.810Z,buy,5.268e-05,24.0,0.00126432
BRD/BTC,1545161227536,2018-12-18T19:27:07.536Z,buy,5.268e-05,28.0,0.00147504
BRD/BTC,1545161227536,2018-12-18T19:27:07.536Z,buy,5.273e-05,257.0,0.01355161
BRD/BTC,1545161227536,2018-12-18T19:27:07.536Z,buy,5.275e-05,215.0,0.01134125
BRD/BTC,1545161477079,2018-12-18T19:31:17.079Z,sell,5.236e-05,314.0,0.01644104
BRD/BTC,1545161510068,2018-12-18T19:31:50.068Z,sell,5.226e-05,643.0,0.0336031799999999
BRD/BTC,1545161529622,2018-12-18T19:32:09.622Z,sell,5.226e-05,491.0,0.0256596599999999
BRD/BTC,1545161534506,2018-12-18T19:32:14.506Z,sell,5.225e-05,375.0,0.01959375
BRD/BTC,1545161861543,2018-12-18T19:37:41.543Z,buy,5.27e-05,101.0,0.0053227
BRD/BTC,1545161861543,2018-12-18T19:37:41.543Z,buy,5.271e-05,262.0,0.01381002
BRD/BTC,1545161862545,2018-12-18T19:37:42.545Z,buy,5.275e-05,290.0,0.0152975
BRD/BTC,1545161863550,2018-12-18T19:37:43.550Z,buy,5.276e-05,152.0,0.00801952
BRD/BTC,1545161863550,2018-12-18T19:37:43.550Z,buy,5.277e-05,942.0,0.04970934
BRD/BTC,1545161864546,2018-12-18T19:37:44.546Z,buy,5.284e-05,361.0,0.01907524
BRD/BTC,1545161878785,2018-12-18T19:37:58.785Z,buy,5.283e-05,76.0,0.00401508
BRD/BTC,1545162331726,2018-12-18T19:45:31.726Z,sell,5.247e-05,47.0,0.0024660899999999
BRD/BTC,1545162331726,2018-12-18T19:45:31.726Z,sell,5.233e-05,406.0,0.02124598
BRD/BTC,1545162331726,2018-12-18T19:45:31.726Z,sell,5.23e-05,152.0,0.0079496
BRD/BTC,1545162331726,2018-12-18T19:45:31.726Z,sell,5.227e-05,407.0,0.02127389
BRD/BTC,1545162362756,2018-12-18T19:46:02.756Z,buy,5.282e-05,39.0,0.00205998
BRD/BTC,1545162409116,2018-12-18T19:46:49.116Z,buy,5.282e-05,20.0,0.0010563999999999
BRD/BTC,1545162426353,2018-12-18T19:47:06.353Z,buy,5.282e-05,20.0,0.0010563999999999
BRD/BTC,1545162443624,2018-12-18T19:47:23.624Z,buy,5.282e-05,20.0,0.0010563999999999
BRD/BTC,1545162621113,2018-12-18T19:50:21.113Z,buy,5.266e-05,209.0,0.01100594
BRD/BTC,1545162654479,2018-12-18T19:50:54.479Z,buy,5.265e-05,20.0,0.001053
BRD/BTC,1545162770166,2018-12-18T19:52:50.166Z,buy,5.251e-05,30.0,0.0015753
BRD/BTC,1545162837553,2018-12-18T19:53:57.553Z,buy,5.251e-05,21.0,0.00110271
BRD/BTC,1545162837553,2018-12-18T19:53:57.553Z,buy,5.251e-05,21.0,0.00110271
BRD/BTC,1545163161476,2018-12-18T19:59:21.476Z,sell,5.252e-05,24.0,0.00126048
BRD/BTC,1545164048674,2018-12-18T20:14:08.674Z,buy,5.278e-05,24.0,0.00126672
BRD/BTC,1545164167958,2018-12-18T20:16:07.958Z,buy,5.284e-05,24.0,0.00126816
BRD/BTC,1545164180069,2018-12-18T20:16:20.069Z,buy,5.284e-05,24.0,0.00126816
BRD/BTC,1545164271565,2018-12-18T20:17:51.565Z,sell,5.252e-05,33.0,0.0017331599999999
BRD/BTC,1545164287713,2018-12-18T20:18:07.713Z,buy,5.283e-05,24.0,0.00126792
BRD/BTC,1545164387135,2018-12-18T20:19:47.135Z,buy,5.283e-05,20.0,0.0010566
BRD/BTC,1545164720729,2018-12-18T20:25:20.729Z,buy,5.255e-05,178.0,0.0093539
BRD/BTC,1545165245034,2018-12-18T20:34:05.034Z,buy,5.282e-05,24.0,0.00126768
BRD/BTC,1545165378624,2018-12-18T20:36:18.624Z,buy,5.282e-05,415.0,0.0219203
BRD/BTC,1545165378648,2018-12-18T20:36:18.648Z,sell,5.282e-05,69.0,0.00364458
BRD/BTC,1545165378690,2018-12-18T20:36:18.690Z,sell,5.282e-05,234.0,0.01235988
BRD/BTC,1545165378697,2018-12-18T20:36:18.697Z,sell,5.282e-05,35.0,0.0018487
BRD/BTC,1545165378725,2018-12-18T20:36:18.725Z,sell,5.282e-05,90.0,0.0047538
BRD/BTC,1545165378789,2018-12-18T20:36:18.789Z,sell,5.282e-05,6730.0,0.3554786
BRD/BTC,1545165478861,2018-12-18T20:37:58.861Z,buy,5.283e-05,7.0,0.00036981
BRD/BTC,1545165479799,2018-12-18T20:37:59.799Z,sell,5.283e-05,51.0,0.00269433
BRD/BTC,1545165527585,2018-12-18T20:38:47.585Z,buy,5.284e-05,48.0,0.00253632
BRD/BTC,1545165527679,2018-12-18T20:38:47.679Z,buy,5.289e-05,91.0,0.00481299
BRD/BTC,1545165538426,2018-12-18T20:38:58.426Z,buy,5.292e-05,42.0,0.00222264
BRD/BTC,1545165544806,2018-12-18T20:39:04.806Z,sell,5.278e-05,118.0,0.00622804
BRD/BTC,1545165561333,2018-12-18T20:39:21.333Z,buy,5.298e-05,63.0,0.0033377399999999
BRD/BTC,1545165951915,2018-12-18T20:45:51.915Z,buy,5.297e-05,119.0,0.00630343
BRD/BTC,1545165951915,2018-12-18T20:45:51.915Z,buy,5.298e-05,430.0,0.0227814
BRD/BTC,1545165951915,2018-12-18T20:45:51.915Z,buy,5.299e-05,90.0,0.0047691
BRD/BTC,1545165951915,2018-12-18T20:45:51.915Z,buy,5.3e-05,39.0,0.002067
BRD/BTC,1545165951915,2018-12-18T20:45:51.915Z,buy,5.308e-05,178.0,0.00944824
BRD/BTC,1545165951915,2018-12-18T20:45:51.915Z,buy,5.309e-05,36.0,0.00191124
BRD/BTC,1545165984979,2018-12-18T20:46:24.979Z,buy,5.308e-05,110.0,0.0058388
BRD/BTC,1545166046262,2018-12-18T20:47:26.262Z,buy,5.309e-05,77.0,0.00408793
BRD/BTC,1545166186863,2018-12-18T20:49:46.863Z,sell,5.298e-05,471.0,0.02495358
BRD/BTC,1545166186863,2018-12-18T20:49:46.863Z,sell,5.298e-05,471.0,0.02495358
BRD/BTC,1545166816384,2018-12-18T21:00:16.384Z,sell,5.262e-05,468.0,0.02462616
BRD/BTC,1545166816391,2018-12-18T21:00:16.391Z,sell,5.262e-05,29.0,0.00152598
BRD/BTC,1545166816391,2018-12-18T21:00:16.391Z,sell,5.261e-05,186.0,0.00978546
BRD/BTC,1545166816391,2018-12-18T21:00:16.391Z,sell,5.259e-05,77.0,0.00404943
BRD/BTC,1545166816391,2018-12-18T21:00:16.391Z,sell,5.251e-05,122.0,0.00640622
BRD/BTC,1545166816391,2018-12-18T21:00:16.391Z,sell,5.25e-05,108.0,0.00567
BRD/BTC,1545166864314,2018-12-18T21:01:04.314Z,sell,5.251e-05,51.0,0.0026780099999999
BRD/BTC,1545166981418,2018-12-18T21:03:01.418Z,sell,5.28e-05,28.0,0.0014784
BRD/BTC,1545166981434,2018-12-18T21:03:01.434Z,sell,5.252e-05,28.0,0.0014705599999999
BRD/BTC,1545167443181,2018-12-18T21:10:43.181Z,buy,5.276e-05,190.0,0.0100244
BRD/BTC,1545167558456,2018-12-18T21:12:38.456Z,sell,5.25e-05,117.0,0.0061425
BRD/BTC,1545167606533,2018-12-18T21:13:26.533Z,sell,5.239e-05,94.0,0.00492466
BRD/BTC,1545167614351,2018-12-18T21:13:34.351Z,sell,5.273e-05,26.0,0.00137098
BRD/BTC,1545167923704,2018-12-18T21:18:43.704Z,buy,5.275e-05,20.0,0.001055
BRD/BTC,1545168449911,2018-12-18T21:27:29.911Z,buy,5.275e-05,58.0,0.0030595
BRD/BTC,1545168816139,2018-12-18T21:33:36.139Z,buy,5.275e-05,108.0,0.005697
BRD/BTC,1545169047659,2018-12-18T21:37:27.659Z,buy,5.275e-05,158.0,0.0083345
BRD/BTC,1545169047662,2018-12-18T21:37:27.662Z,buy,5.275e-05,158.0,0.0083345
BRD/BTC,1545169102817,2018-12-18T21:38:22.817Z,buy,5.275e-05,279.0,0.01471725
BRD/BTC,1545169110747,2018-12-18T21:38:30.747Z,buy,5.275e-05,121.0,0.00638275
BRD/BTC,1545169362684,2018-12-18T21:42:42.684Z,buy,5.275e-05,58.0,0.0030595
BRD/BTC,1545169690232,2018-12-18T21:48:10.232Z,buy,5.275e-05,189.0,0.00996975
BRD/BTC,1545169690232,2018-12-18T21:48:10.232Z,buy,5.275e-05,189.0,0.00996975
BRD/BTC,1545169788214,2018-12-18T21:49:48.214Z,sell,5.27e-05,555.0,0.0292485
BRD/BTC,1545170140821,2018-12-18T21:55:40.821Z,sell,5.244e-05,78.0,0.00409032
BRD/BTC,1545171972258,2018-12-18T22:26:12.258Z,sell,5.252e-05,37.0,0.00194324
BRD/BTC,1545173100477,2018-12-18T22:45:00.477Z,buy,5.275e-05,38.0,0.0020045
BRD/BTC,1545173282936,2018-12-18T22:48:02.936Z,buy,5.275e-05,24.0,0.001266
BRD/BTC,1545173289153,2018-12-18T22:48:09.153Z,buy,5.275e-05,16.0,0.000844
BRD/BTC,1545173289153,2018-12-18T22:48:09.153Z,buy,5.275e-05,16.0,0.000844
BRD/BTC,1545173729656,2018-12-18T22:55:29.656Z,buy,5.28e-05,47.0,0.0024816
BRD/BTC,1545173739421,2018-12-18T22:55:39.421Z,sell,5.28e-05,142.0,0.0074976
BRD/BTC,1545173743256,2018-12-18T22:55:43.256Z,buy,5.281e-05,82.0,0.00433042
BRD/BTC,1545173744114,2018-12-18T22:55:44.114Z,sell,5.282e-05,41.0,0.00216562
BRD/BTC,1545173745434,2018-12-18T22:55:45.434Z,sell,5.282e-05,28.0,0.00147896
BRD/BTC,1545173779318,2018-12-18T22:56:19.318Z,sell,5.285e-05,44.0,0.0023254
BRD/BTC,1545173822596,2018-12-18T22:57:02.596Z,sell,5.29e-05,700.0,0.03703
BRD/BTC,1545174842202,2018-12-18T23:14:02.202Z,buy,5.297e-05,40.0,0.0021188
BRD/BTC,1545174842397,2018-12-18T23:14:02.397Z,buy,5.297e-05,29.0,0.00153613
BRD/BTC,1545174842619,2018-12-18T23:14:02.619Z,buy,5.298e-05,22.0,0.00116556
BRD/BTC,1545174843276,2018-12-18T23:14:03.276Z,buy,5.298e-05,125.0,0.0066225
BRD/BTC,1545174846398,2018-12-18T23:14:06.398Z,buy,5.298e-05,229.0,0.01213242
BRD/BTC,1545174870398,2018-12-18T23:14:30.398Z,buy,5.31e-05,744.0,0.0395064
BRD/BTC,1545174871528,2018-12-18T23:14:31.528Z,buy,5.311e-05,96.0,0.00509856
BRD/BTC,1545174871938,2018-12-18T23:14:31.938Z,buy,5.311e-05,38.0,0.00201818
BRD/BTC,1545174872138,2018-12-18T23:14:32.138Z,buy,5.311e-05,38.0,0.00201818
BRD/BTC,1545174872245,2018-12-18T23:14:32.245Z,buy,5.311e-05,38.0,0.00201818
BRD/BTC,1545174872358,2018-12-18T23:14:32.358Z,buy,5.311e-05,38.0,0.00201818
BRD/BTC,1545174872468,2018-12-18T23:14:32.468Z,buy,5.311e-05,38.0,0.00201818
BRD/BTC,1545174872575,2018-12-18T23:14:32.575Z,buy,5.311e-05,38.0,0.00201818
BRD/BTC,1545174872787,2018-12-18T23:14:32.787Z,buy,5.311e-05,38.0,0.00201818
BRD/BTC,1545174872987,2018-12-18T23:14:32.987Z,buy,5.311e-05,38.0,0.00201818
BRD/BTC,1545174873093,2018-12-18T23:14:33.093Z,buy,5.311e-05,36.0,0.0019119599999999
BRD/BTC,1545174913344,2018-12-18T23:15:13.344Z,buy,5.316e-05,112.0,0.00595392
BRD/BTC,1545174919759,2018-12-18T23:15:19.759Z,buy,5.316e-05,115.0,0.0061134
BRD/BTC,1545174924714,2018-12-18T23:15:24.714Z,buy,5.317e-05,245.0,0.01302665
BRD/BTC,1545174930709,2018-12-18T23:15:30.709Z,sell,5.294e-05,95.0,0.0050293
BRD/BTC,1545174943867,2018-12-18T23:15:43.867Z,buy,5.317e-05,119.0,0.00632723
BRD/BTC,1545174949643,2018-12-18T23:15:49.643Z,buy,5.318e-05,392.0,0.02084656
BRD/BTC,1545174978458,2018-12-18T23:16:18.458Z,buy,5.318e-05,24.0,0.00127632
BRD/BTC,1545174989714,2018-12-18T23:16:29.714Z,buy,5.318e-05,360.0,0.0191448
BRD/BTC,1545174989817,2018-12-18T23:16:29.817Z,buy,5.319e-05,151.0,0.00803169
BRD/BTC,1545175143617,2018-12-18T23:19:03.617Z,buy,5.319e-05,23.0,0.0012233699999999
BRD/BTC,1545175143617,2018-12-18T23:19:03.617Z,buy,5.32e-05,48.0,0.0025536
BRD/BTC,1545175143617,2018-12-18T23:19:03.617Z,buy,5.321e-05,170.0,0.0090457
BRD/BTC,1545175143617,2018-12-18T23:19:03.617Z,buy,5.325e-05,20.0,0.001065
BRD/BTC,1545175143617,2018-12-18T23:19:03.617Z,buy,5.327e-05,137.0,0.00729799
BRD/BTC,1545175152280,2018-12-18T23:19:12.280Z,buy,5.327e-05,29.0,0.00154483
BRD/BTC,1545175163857,2018-12-18T23:19:23.857Z,buy,5.327e-05,146.0,0.00777742
BRD/BTC,1545175266338,2018-12-18T23:21:06.338Z,buy,5.327e-05,2502.0,0.13328154
BRD/BTC,1545175339487,2018-12-18T23:22:19.487Z,buy,5.327e-05,35.0,0.00186445
BRD/BTC,1545175445146,2018-12-18T23:24:05.146Z,buy,5.327e-05,19.0,0.00101213
BRD/BTC,1545175445146,2018-12-18T23:24:05.146Z,buy,5.33e-05,178.0,0.0094874
BRD/BTC,1545175445146,2018-12-18T23:24:05.146Z,buy,5.336e-05,227.0,0.0121127199999999
BRD/BTC,1545175445146,2018-12-18T23:24:05.146Z,buy,5.337e-05,738.0,0.03938706
BRD/BTC,1545175445146,2018-12-18T23:24:05.146Z,buy,5.34e-05,5355.0,0.2859569999999999
BRD/BTC,1545175445760,2018-12-18T23:24:05.760Z,sell,5.34e-05,3483.0,0.1859922
BRD/BTC,1545175445935,2018-12-18T23:24:05.935Z,sell,5.277e-05,29.0,0.0015303299999999
BRD/BTC,1545175445935,2018-12-18T23:24:05.935Z,sell,5.271e-05,37.0,0.00195027
BRD/BTC,1545175451837,2018-12-18T23:24:11.837Z,sell,5.279e-05,81.0,0.00427599
BRD/BTC,1545175455688,2018-12-18T23:24:15.688Z,sell,5.282e-05,94.0,0.00496508
BRD/BTC,1545175455688,2018-12-18T23:24:15.688Z,sell,5.278e-05,308.0,0.0162562399999999
BRD/BTC,1545175463586,2018-12-18T23:24:23.586Z,sell,5.284e-05,31.0,0.00163804
BRD/BTC,1545175476589,2018-12-18T23:24:36.589Z,buy,5.306e-05,20.0,0.0010612
BRD/BTC,1545175490840,2018-12-18T23:24:50.840Z,buy,5.306e-05,17.0,0.0009020199999999
BRD/BTC,1545175549278,2018-12-18T23:25:49.278Z,buy,5.308e-05,20.0,0.0010616
BRD/BTC,1545175602069,2018-12-18T23:26:42.069Z,sell,5.289e-05,40.0,0.0021156
BRD/BTC,1545175612777,2018-12-18T23:26:52.777Z,sell,5.306e-05,20.0,0.0010612
BRD/BTC,1545175644951,2018-12-18T23:27:24.951Z,buy,5.308e-05,39.0,0.00207012
BRD/BTC,1545175665703,2018-12-18T23:27:45.703Z,buy,5.308e-05,35.0,0.0018578
BRD/BTC,1545175720261,2018-12-18T23:28:40.261Z,buy,5.325e-05,19.0,0.00101175
BRD/BTC,1545175746722,2018-12-18T23:29:06.722Z,buy,5.339e-05,19.0,0.00101441
BRD/BTC,1545175760913,2018-12-18T23:29:20.913Z,buy,5.33e-05,95.0,0.0050635
BRD/BTC,1545175760913,2018-12-18T23:29:20.913Z,buy,5.331e-05,17.0,0.00090627
BRD/BTC,1545175881752,2018-12-18T23:31:21.752Z,buy,5.331e-05,64.0,0.00341184
BRD/BTC,1545175985886,2018-12-18T23:33:05.886Z,buy,5.337e-05,164.0,0.00875268
BRD/BTC,1545175985886,2018-12-18T23:33:05.886Z,buy,5.338e-05,289.0,0.01542682
BRD/BTC,1545175985886,2018-12-18T23:33:05.886Z,buy,5.339e-05,2097.0,0.11195883
BRD/BTC,1545175986895,2018-12-18T23:33:06.895Z,buy,5.341e-05,337.0,0.01799917
BRD/BTC,1545175986895,2018-12-18T23:33:06.895Z,buy,5.342e-05,20.0,0.0010684
BRD/BTC,1545175986895,2018-12-18T23:33:06.895Z,buy,5.343e-05,36.0,0.00192348
BRD/BTC,1545175986895,2018-12-18T23:33:06.895Z,buy,5.344e-05,233.0,0.01245152
BRD/BTC,1545175986895,2018-12-18T23:33:06.895Z,buy,5.35e-05,297.0,0.0158895
BRD/BTC,1545175986895,2018-12-18T23:33:06.895Z,buy,5.353e-05,91.0,0.00487123
BRD/BTC,1545175986895,2018-12-18T23:33:06.895Z,buy,5.357e-05,51.0,0.0027320699999999
BRD/BTC,1545175986895,2018-12-18T23:33:06.895Z,buy,5.363e-05,28.0,0.00150164
BRD/BTC,1545175986895,2018-12-18T23:33:06.895Z,buy,5.365e-05,58.0,0.0031117
BRD/BTC,1545175986895,2018-12-18T23:33:06.895Z,buy,5.366e-05,150.0,0.0080489999999999
BRD/BTC,1545175986895,2018-12-18T23:33:06.895Z,buy,5.37e-05,613.0,0.0329181
BRD/BTC,1545175988351,2018-12-18T23:33:08.351Z,buy,5.372e-05,608.0,0.03266176
BRD/BTC,1545175988351,2018-12-18T23:33:08.351Z,buy,5.373e-05,82.0,0.00440586
BRD/BTC,1545175988351,2018-12-18T23:33:08.351Z,buy,5.375e-05,46.0,0.0024725
BRD/BTC,1545175988351,2018-12-18T23:33:08.351Z,buy,5.376e-05,225.0,0.012096
BRD/BTC,1545175988351,2018-12-18T23:33:08.351Z,buy,5.377e-05,27.0,0.00145179
BRD/BTC,1545175988351,2018-12-18T23:33:08.351Z,buy,5.378e-05,284.0,0.0152735199999999
BRD/BTC,1545175988351,2018-12-18T23:33:08.351Z,buy,5.38e-05,19.0,0.0010222
BRD/BTC,1545175988351,2018-12-18T23:33:08.351Z,buy,5.382e-05,171.0,0.00920322
BRD/BTC,1545175988351,2018-12-18T23:33:08.351Z,buy,5.383e-05,36.0,0.00193788
BRD/BTC,1545175988351,2018-12-18T23:33:08.351Z,buy,5.386e-05,24.0,0.00129264
BRD/BTC,1545175988351,2018-12-18T23:33:08.351Z,buy,5.39e-05,11062.0,0.5962418
BRD/BTC,1545175989870,2018-12-18T23:33:09.870Z,buy,5.389e-05,177.0,0.00953853
BRD/BTC,1545175989870,2018-12-18T23:33:09.870Z,buy,5.39e-05,757.0,0.0408023
BRD/BTC,1545175989870,2018-12-18T23:33:09.870Z,buy,5.394e-05,87.0,0.00469278
BRD/BTC,1545175989870,2018-12-18T23:33:09.870Z,buy,5.395e-05,93.0,0.0050173499999999
BRD/BTC,1545175989870,2018-12-18T23:33:09.870Z,buy,5.396e-05,202.0,0.01089992
BRD/BTC,1545175989870,2018-12-18T23:33:09.870Z,buy,5.397e-05,38.0,0.00205086
BRD/BTC,1545175989870,2018-12-18T23:33:09.870Z,buy,5.4e-05,188.0,0.010152
BRD/BTC,1545175990812,2018-12-18T23:33:10.812Z,sell,5.389e-05,66.0,0.00355674
BRD/BTC,1545175991811,2018-12-18T23:33:11.811Z,sell,5.389e-05,44.0,0.00237116
BRD/BTC,1545175994951,2018-12-18T23:33:14.951Z,buy,5.365e-05,22.0,0.0011803
BRD/BTC,1545175994987,2018-12-18T23:33:14.987Z,buy,5.365e-05,22.0,0.0011803
BRD/BTC,1545175995827,2018-12-18T23:33:15.827Z,buy,5.365e-05,22.0,0.0011803
BRD/BTC,1545175995967,2018-12-18T23:33:15.967Z,buy,5.365e-05,22.0,0.0011803
BRD/BTC,1545175996249,2018-12-18T23:33:16.249Z,buy,5.365e-05,22.0,0.0011803
BRD/BTC,1545175999152,2018-12-18T23:33:19.152Z,sell,5.352e-05,23.0,0.00123096
BRD/BTC,1545176002807,2018-12-18T23:33:22.807Z,sell,5.352e-05,588.0,0.03146976
BRD/BTC,1545176004253,2018-12-18T23:33:24.253Z,sell,5.336e-05,20.0,0.0010672
BRD/BTC,1545176004309,2018-12-18T23:33:24.309Z,sell,5.336e-05,20.0,0.0010672
BRD/BTC,1545176004329,2018-12-18T23:33:24.329Z,sell,5.336e-05,39.0,0.0020810399999999
BRD/BTC,1545176005108,2018-12-18T23:33:25.108Z,sell,5.337e-05,58.0,0.00309546
BRD/BTC,1545176005564,2018-12-18T23:33:25.564Z,sell,5.337e-05,129.0,0.0068847299999999
BRD/BTC,1545176005564,2018-12-18T23:33:25.564Z,sell,5.336e-05,111.0,0.00592296
BRD/BTC,1545176010155,2018-12-18T23:33:30.155Z,sell,5.315e-05,87.0,0.00462405
BRD/BTC,1545176011471,2018-12-18T23:33:31.471Z,sell,5.315e-05,101.0,0.0053681499999999
BRD/BTC,1545176011530,2018-12-18T23:33:31.530Z,buy,5.315e-05,37.0,0.00196655
BRD/BTC,1545176014410,2018-12-18T23:33:34.410Z,buy,5.331e-05,77.0,0.00410487
BRD/BTC,1545176014410,2018-12-18T23:33:34.410Z,buy,5.332e-05,113.0,0.00602516
BRD/BTC,1545176014410,2018-12-18T23:33:34.410Z,buy,5.333e-05,101.0,0.00538633
BRD/BTC,1545176014410,2018-12-18T23:33:34.410Z,buy,5.334e-05,87.0,0.00464058
BRD/BTC,1545176014436,2018-12-18T23:33:34.436Z,sell,5.335e-05,42.0,0.0022407
BRD/BTC,1545176014817,2018-12-18T23:33:34.817Z,sell,5.335e-05,1814.0,0.0967769
BRD/BTC,1545176018403,2018-12-18T23:33:38.403Z,buy,5.336e-05,145.0,0.0077372
BRD/BTC,1545176023255,2018-12-18T23:33:43.255Z,buy,5.364e-05,187.0,0.01003068
BRD/BTC,1545176023255,2018-12-18T23:33:43.255Z,buy,5.365e-05,1122.0,0.0601953
BRD/BTC,1545176027612,2018-12-18T23:33:47.612Z,buy,5.374e-05,561.0,0.0301481399999999
BRD/BTC,1545176027612,2018-12-18T23:33:47.612Z,buy,5.379e-05,611.0,0.0328656899999999
BRD/BTC,1545176028087,2018-12-18T23:33:48.087Z,sell,5.38e-05,29.0,0.0015602
BRD/BTC,1545176028817,2018-12-18T23:33:48.817Z,buy,5.398e-05,29.0,0.00156542
BRD/BTC,1545176028817,2018-12-18T23:33:48.817Z,buy,5.399e-05,28.0,0.00151172
BRD/BTC,1545176029502,2018-12-18T23:33:49.502Z,buy,5.399e-05,38.0,0.00205162
BRD/BTC,1545176043860,2018-12-18T23:34:03.860Z,buy,5.399e-05,174.0,0.00939426
BRD/BTC,1545176044198,2018-12-18T23:34:04.198Z,sell,5.399e-05,19.0,0.00102581
BRD/BTC,1545176046416,2018-12-18T23:34:06.416Z,sell,5.399e-05,151.0,0.00815249
BRD/BTC,1545176049225,2018-12-18T23:34:09.225Z,buy,5.4e-05,763.0,0.0412019999999999
BRD/BTC,1545176052309,2018-12-18T23:34:12.309Z,sell,5.4e-05,380.0,0.02052
BRD/BTC,1545176054065,2018-12-18T23:34:14.065Z,sell,5.4e-05,46.0,0.002484
BRD/BTC,1545176056061,2018-12-18T23:34:16.061Z,sell,5.38e-05,44.0,0.0023672
BRD/BTC,1545176059434,2018-12-18T23:34:19.434Z,sell,5.38e-05,57.0,0.0030666
BRD/BTC,1545176059839,2018-12-18T23:34:19.839Z,sell,5.38e-05,20.0,0.001076
BRD/BTC,1545176059842,2018-12-18T23:34:19.842Z,sell,5.38e-05,35.0,0.001883
BRD/BTC,1545176060336,2018-12-18T23:34:20.336Z,sell,5.38e-05,188.0,0.0101144
BRD/BTC,1545176060490,2018-12-18T23:34:20.490Z,sell,5.38e-05,73.0,0.0039274
BRD/BTC,1545176060490,2018-12-18T23:34:20.490Z,sell,5.366e-05,41.0,0.0022000599999999
BRD/BTC,1545176063949,2018-12-18T23:34:23.949Z,sell,5.367e-05,376.0,0.02017992
BRD/BTC,1545176064232,2018-12-18T23:34:24.232Z,sell,5.367e-05,38.0,0.00203946
BRD/BTC,1545176064414,2018-12-18T23:34:24.414Z,sell,5.367e-05,37.0,0.00198579
BRD/BTC,1545176064739,2018-12-18T23:34:24.739Z,sell,5.367e-05,26.0,0.00139542
BRD/BTC,1545176064739,2018-12-18T23:34:24.739Z,sell,5.366e-05,108.0,0.00579528
BRD/BTC,1545176064739,2018-12-18T23:34:24.739Z,sell,5.365e-05,12.0,0.0006438
BRD/BTC,1545176072083,2018-12-18T23:34:32.083Z,buy,5.395e-05,151.0,0.00814645
BRD/BTC,1545176072083,2018-12-18T23:34:32.083Z,buy,5.396e-05,67.0,0.00361532
BRD/BTC,1545176079141,2018-12-18T23:34:39.141Z,buy,5.396e-05,19.0,0.00102524
BRD/BTC,1545176080099,2018-12-18T23:34:40.099Z,sell,5.395e-05,19.0,0.00102505
BRD/BTC,1545176083148,2018-12-18T23:34:43.148Z,sell,5.365e-05,30.0,0.0016095
BRD/BTC,1545176098591,2018-12-18T23:34:58.591Z,buy,5.365e-05,19.0,0.00101935
BRD/BTC,1545176100208,2018-12-18T23:35:00.208Z,buy,5.365e-05,46.0,0.0024679
BRD/BTC,1545176100208,2018-12-18T23:35:00.208Z,buy,5.366e-05,57.0,0.0030586199999999
BRD/BTC,1545176100208,2018-12-18T23:35:00.208Z,buy,5.396e-05,94.0,0.0050722399999999
BRD/BTC,1545176123595,2018-12-18T23:35:23.595Z,sell,5.374e-05,92.0,0.00494408
BRD/BTC,1545176128429,2018-12-18T23:35:28.429Z,buy,5.396e-05,192.0,0.01036032
BRD/BTC,1545176135086,2018-12-18T23:35:35.086Z,buy,5.397e-05,983.0,0.05305251
BRD/BTC,1545176135086,2018-12-18T23:35:35.086Z,buy,5.398e-05,215.0,0.0116057
BRD/BTC,1545176137949,2018-12-18T23:35:37.949Z,sell,5.398e-05,292.0,0.01576216
BRD/BTC,1545176139281,2018-12-18T23:35:39.281Z,buy,5.399e-05,112.0,0.00604688
BRD/BTC,1545176141053,2018-12-18T23:35:41.053Z,sell,5.399e-05,47.0,0.00253753
BRD/BTC,1545176143251,2018-12-18T23:35:43.251Z,buy,5.4e-05,44.0,0.002376
BRD/BTC,1545176143251,2018-12-18T23:35:43.251Z,buy,5.401e-05,203.0,0.01096403
BRD/BTC,1545176144189,2018-12-18T23:35:44.189Z,sell,5.401e-05,288.0,0.01555488
BRD/BTC,1545176147024,2018-12-18T23:35:47.024Z,buy,5.402e-05,720.0,0.0388944
BRD/BTC,1545176156227,2018-12-18T23:35:56.227Z,buy,5.402e-05,472.0,0.02549744
BRD/BTC,1545176160077,2018-12-18T23:36:00.077Z,buy,5.403e-05,48.0,0.00259344
BRD/BTC,1545176163406,2018-12-18T23:36:03.406Z,sell,5.403e-05,40.0,0.0021612
BRD/BTC,1545176163978,2018-12-18T23:36:03.978Z,buy,5.407e-05,38.0,0.00205466
BRD/BTC,1545176164042,2018-12-18T23:36:04.042Z,sell,5.407e-05,56.0,0.00302792
BRD/BTC,1545176164250,2018-12-18T23:36:04.250Z,sell,5.407e-05,278.0,0.01503146
BRD/BTC,1545176164378,2018-12-18T23:36:04.378Z,sell,5.407e-05,226.0,0.01221982
BRD/BTC,1545176167599,2018-12-18T23:36:07.599Z,buy,5.41e-05,27.0,0.0014607
BRD/BTC,1545176171425,2018-12-18T23:36:11.425Z,buy,5.412e-05,297.0,0.01607364
BRD/BTC,1545176175314,2018-12-18T23:36:15.314Z,buy,5.419e-05,316.0,0.01712404
BRD/BTC,1545176175314,2018-12-18T23:36:15.314Z,buy,5.42e-05,39.0,0.0021138
BRD/BTC,1545176178474,2018-12-18T23:36:18.474Z,sell,5.413e-05,26.0,0.00140738
BRD/BTC,1545176179938,2018-12-18T23:36:19.938Z,buy,5.42e-05,13.0,0.0007046
BRD/BTC,1545176187548,2018-12-18T23:36:27.548Z,sell,5.412e-05,38.0,0.00205656
BRD/BTC,1545176196776,2018-12-18T23:36:36.776Z,sell,5.42e-05,563.0,0.0305146
BRD/BTC,1545176197039,2018-12-18T23:36:37.039Z,buy,5.428e-05,55.0,0.0029854
BRD/BTC,1545176206147,2018-12-18T23:36:46.147Z,sell,5.404e-05,80.0,0.0043232
BRD/BTC,1545176226809,2018-12-18T23:37:06.809Z,buy,5.428e-05,48.0,0.00260544
BRD/BTC,1545176235889,2018-12-18T23:37:15.889Z,sell,5.378e-05,398.0,0.02140444
BRD/BTC,1545176235889,2018-12-18T23:37:15.889Z,sell,5.377e-05,169.0,0.00908713
BRD/BTC,1545176236991,2018-12-18T23:37:16.991Z,sell,5.38e-05,86.0,0.0046268
BRD/BTC,1545176238446,2018-12-18T23:37:18.446Z,sell,5.376e-05,66.0,0.00354816
BRD/BTC,1545176238446,2018-12-18T23:37:18.446Z,sell,5.365e-05,123.0,0.00659895
BRD/BTC,1545176244007,2018-12-18T23:37:24.007Z,sell,5.377e-05,147.0,0.00790419
BRD/BTC,1545176252815,2018-12-18T23:37:32.815Z,buy,5.421e-05,147.0,0.00796887
BRD/BTC,1545176253807,2018-12-18T23:37:33.807Z,sell,5.423e-05,69.0,0.00374187
BRD/BTC,1545176263267,2018-12-18T23:37:43.267Z,buy,5.427e-05,329.0,0.01785483
BRD/BTC,1545176273578,2018-12-18T23:37:53.578Z,buy,5.428e-05,86.0,0.00466808
BRD/BTC,1545176287692,2018-12-18T23:38:07.692Z,buy,5.429e-05,80.0,0.0043432
BRD/BTC,1545176288002,2018-12-18T23:38:08.002Z,sell,5.429e-05,19.0,0.00103151
BRD/BTC,1545176294649,2018-12-18T23:38:14.649Z,buy,5.431e-05,145.0,0.00787495
BRD/BTC,1545176300629,2018-12-18T23:38:20.629Z,buy,5.432e-05,19.0,0.00103208
BRD/BTC,1545176314611,2018-12-18T23:38:34.611Z,sell,5.432e-05,19.0,0.00103208
BRD/BTC,1545176326294,2018-12-18T23:38:46.294Z,buy,5.432e-05,19.0,0.00103208
BRD/BTC,1545176349989,2018-12-18T23:39:09.989Z,buy,5.432e-05,19.0,0.00103208
BRD/BTC,1545176358192,2018-12-18T23:39:18.192Z,buy,5.432e-05,19.0,0.00103208
BRD/BTC,1545176358589,2018-12-18T23:39:18.589Z,buy,5.432e-05,19.0,0.00103208
BRD/BTC,1545176359353,2018-12-18T23:39:19.353Z,buy,5.432e-05,19.0,0.00103208
BRD/BTC,1545176387091,2018-12-18T23:39:47.091Z,buy,5.432e-05,55.0,0.0029876
BRD/BTC,1545176388729,2018-12-18T23:39:48.729Z,buy,5.432e-05,19.0,0.00103208
BRD/BTC,1545176389721,2018-12-18T23:39:49.721Z,buy,5.432e-05,112.0,0.00608384
BRD/BTC,1545176394767,2018-12-18T23:39:54.767Z,buy,5.432e-05,55.0,0.0029876
BRD/BTC,1545176394841,2018-12-18T23:39:54.841Z,buy,5.432e-05,38.0,0.00206416
BRD/BTC,1545176395121,2018-12-18T23:39:55.121Z,buy,5.432e-05,22.0,0.00119504
BRD/BTC,1545176439918,2018-12-18T23:40:39.918Z,buy,5.431e-05,327.0,0.01775937
BRD/BTC,1545176461788,2018-12-18T23:41:01.788Z,sell,5.431e-05,338.0,0.01835678
BRD/BTC,1545176594715,2018-12-18T23:43:14.715Z,buy,5.436e-05,19.0,0.00103284
BRD/BTC,1545176624879,2018-12-18T23:43:44.879Z,buy,5.435e-05,28.0,0.0015218
BRD/BTC,1545176645631,2018-12-18T23:44:05.631Z,sell,5.414e-05,56.0,0.00303184
BRD/BTC,1545176677922,2018-12-18T23:44:37.922Z,sell,5.414e-05,13.0,0.00070382
BRD/BTC,1545176677922,2018-12-18T23:44:37.922Z,sell,5.413e-05,202.0,0.01093426
BRD/BTC,1545176709605,2018-12-18T23:45:09.605Z,buy,5.432e-05,69.0,0.00374808
BRD/BTC,1545176709674,2018-12-18T23:45:09.674Z,sell,5.432e-05,58.0,0.00315056
BRD/BTC,1545176771012,2018-12-18T23:46:11.012Z,buy,5.432e-05,19.0,0.00103208
BRD/BTC,1545176824033,2018-12-18T23:47:04.033Z,buy,5.431e-05,86.0,0.00467066
BRD/BTC,1545176824077,2018-12-18T23:47:04.077Z,sell,5.431e-05,381.0,0.02069211
BRD/BTC,1545176824077,2018-12-18T23:47:04.077Z,sell,5.431e-05,381.0,0.02069211
BRD/BTC,1545176945570,2018-12-18T23:49:05.570Z,buy,5.432e-05,19.0,0.00103208
BRD/BTC,1545177101374,2018-12-18T23:51:41.374Z,buy,5.43e-05,19.0,0.0010317
BRD/BTC,1545177383769,2018-12-18T23:56:23.769Z,buy,5.427e-05,38.0,0.00206226
BRD/BTC,1545177404034,2018-12-18T23:56:44.034Z,buy,5.427e-05,19.0,0.00103113
BRD/BTC,1545177455996,2018-12-18T23:57:35.996Z,buy,5.427e-05,19.0,0.00103113
BRD/BTC,1545177459496,2018-12-18T23:57:39.496Z,buy,5.427e-05,19.0,0.00103113
BRD/BTC,1545177524904,2018-12-18T23:58:44.904Z,buy,5.427e-05,55.0,0.00298485
BRD/BTC,1545177524904,2018-12-18T23:58:44.904Z,buy,5.428e-05,145.0,0.0078706
BRD/BTC,1545177524904,2018-12-18T23:58:44.904Z,buy,5.429e-05,327.0,0.01775283
BRD/BTC,1545177610496,2018-12-19T00:00:10.496Z,buy,5.429e-05,28.0,0.0015201199999999
BRD/BTC,1545177644986,2018-12-19T00:00:44.986Z,buy,5.429e-05,37.0,0.00200873
BRD/BTC,1545177829337,2018-12-19T00:03:49.337Z,buy,5.419e-05,19.0,0.00102961
BRD/BTC,1545177830643,2018-12-19T00:03:50.643Z,sell,5.41e-05,54.0,0.0029214
BRD/BTC,1545177948360,2018-12-19T00:05:48.360Z,buy,5.41e-05,108.0,0.0058428
BRD/BTC,1545178010129,2018-12-19T00:06:50.129Z,buy,5.41e-05,20.0,0.001082
BRD/BTC,1545178040815,2018-12-19T00:07:20.815Z,sell,5.409e-05,20.0,0.0010818
BRD/BTC,1545178049656,2018-12-19T00:07:29.656Z,sell,5.401e-05,56.0,0.00302456
BRD/BTC,1545178049656,2018-12-19T00:07:29.656Z,sell,5.398e-05,41.0,0.00221318
BRD/BTC,1545178049656,2018-12-19T00:07:29.656Z,sell,5.396e-05,31.0,0.00167276
BRD/BTC,1545178049656,2018-12-19T00:07:29.656Z,sell,5.385e-05,19.0,0.00102315
BRD/BTC,1545178049656,2018-12-19T00:07:29.656Z,sell,5.384e-05,19.0,0.00102296
BRD/BTC,1545178049656,2018-12-19T00:07:29.656Z,sell,5.383e-05,38.0,0.0020455399999999
BRD/BTC,1545178049656,2018-12-19T00:07:29.656Z,sell,5.381e-05,29.0,0.00156049
BRD/BTC,1545178054812,2018-12-19T00:07:34.812Z,sell,5.384e-05,47.0,0.00253048
BRD/BTC,1545178058629,2018-12-19T00:07:38.629Z,sell,5.381e-05,242.0,0.01302202
BRD/BTC,1545178059974,2018-12-19T00:07:39.974Z,sell,5.381e-05,118.0,0.00634958
BRD/BTC,1545178059974,2018-12-19T00:07:39.974Z,sell,5.379e-05,19.0,0.00102201
BRD/BTC,1545178059974,2018-12-19T00:07:39.974Z,sell,5.377e-05,19.0,0.00102163
BRD/BTC,1545178059974,2018-12-19T00:07:39.974Z,sell,5.376e-05,35.0,0.0018816
BRD/BTC,1545178060460,2018-12-19T00:07:40.460Z,sell,5.376e-05,41.0,0.00220416
BRD/BTC,1545178060460,2018-12-19T00:07:40.460Z,sell,5.371e-05,150.0,0.0080565
BRD/BTC,1545178060856,2018-12-19T00:07:40.856Z,sell,5.371e-05,86.0,0.0046190599999999
BRD/BTC,1545178060856,2018-12-19T00:07:40.856Z,sell,5.363e-05,105.0,0.00563115
BRD/BTC,1545178127393,2018-12-19T00:08:47.393Z,sell,5.373e-05,209.0,0.01122957
BRD/BTC,1545178269771,2018-12-19T00:11:09.771Z,sell,5.386e-05,35.0,0.0018851
BRD/BTC,1545178336456,2018-12-19T00:12:16.456Z,sell,5.373e-05,92.0,0.00494316
BRD/BTC,1545178336456,2018-12-19T00:12:16.456Z,sell,5.363e-05,19.0,0.00101897
BRD/BTC,1545178336456,2018-12-19T00:12:16.456Z,sell,5.362e-05,90.0,0.0048258
BRD/BTC,1545178336456,2018-12-19T00:12:16.456Z,sell,5.361e-05,167.0,0.00895287
BRD/BTC,1545178336456,2018-12-19T00:12:16.456Z,sell,5.354e-05,61.0,0.0032659399999999
BRD/BTC,1545178336456,2018-12-19T00:12:16.456Z,sell,5.352e-05,19.0,0.00101688
BRD/BTC,1545178336456,2018-12-19T00:12:16.456Z,sell,5.35e-05,56.0,0.002996
BRD/BTC,1545178336456,2018-12-19T00:12:16.456Z,sell,5.349e-05,18.0,0.00096282
BRD/BTC,1545178510526,2018-12-19T00:15:10.526Z,sell,5.371e-05,21.0,0.00112791
BRD/BTC,1545178510526,2018-12-19T00:15:10.526Z,sell,5.367e-05,279.0,0.01497393
BRD/BTC,1545178511513,2018-12-19T00:15:11.513Z,sell,5.36e-05,30.0,0.001608
BRD/BTC,1545178511513,2018-12-19T00:15:11.513Z,sell,5.358e-05,22.0,0.00117876
BRD/BTC,1545178511513,2018-12-19T00:15:11.513Z,sell,5.35e-05,88.0,0.004708
BRD/BTC,1545178512521,2018-12-19T00:15:12.521Z,sell,5.35e-05,30.0,0.001605
BRD/BTC,1545178512521,2018-12-19T00:15:12.521Z,sell,5.349e-05,1.0,5.349e-05
BRD/BTC,1545178512521,2018-12-19T00:15:12.521Z,sell,5.348e-05,57.0,0.00304836
BRD/BTC,1545178512521,2018-12-19T00:15:12.521Z,sell,5.346e-05,56.0,0.00299376
BRD/BTC,1545178513528,2018-12-19T00:15:13.528Z,sell,5.342e-05,259.0,0.01383578
BRD/BTC,1545178514526,2018-12-19T00:15:14.526Z,sell,5.341e-05,21.0,0.0011216099999999
BRD/BTC,1545178514526,2018-12-19T00:15:14.526Z,sell,5.339e-05,93.0,0.00496527
BRD/BTC,1545178514526,2018-12-19T00:15:14.526Z,sell,5.338e-05,366.0,0.01953708
BRD/BTC,1545178520023,2018-12-19T00:15:20.023Z,buy,5.368e-05,29.0,0.00155672
BRD/BTC,1545178522579,2018-12-19T00:15:22.579Z,buy,5.368e-05,18.0,0.00096624
BRD/BTC,1545178542110,2018-12-19T00:15:42.110Z,sell,5.368e-05,11.0,0.00059048
BRD/BTC,1545178542211,2018-12-19T00:15:42.211Z,buy,5.366e-05,20.0,0.0010731999999999
BRD/BTC,1545178568976,2018-12-19T00:16:08.976Z,sell,5.346e-05,27.0,0.00144342
BRD/BTC,1545178588265,2018-12-19T00:16:28.265Z,sell,5.348e-05,55.0,0.0029414
BRD/BTC,1545178591472,2018-12-19T00:16:31.472Z,sell,5.351e-05,54.0,0.00288954
BRD/BTC,1545178648286,2018-12-19T00:17:28.286Z,sell,5.352e-05,322.0,0.01723344
BRD/BTC,1545178790027,2018-12-19T00:19:50.027Z,sell,5.352e-05,144.0,0.00770688
BRD/BTC,1545178805334,2018-12-19T00:20:05.334Z,sell,5.352e-05,953.0,0.05100456
BRD/BTC,1545178826143,2018-12-19T00:20:26.143Z,sell,5.351e-05,177.0,0.00947127
BRD/BTC,1545178830139,2018-12-19T00:20:30.139Z,buy,5.351e-05,149.0,0.00797299
BRD/BTC,1545178840849,2018-12-19T00:20:40.849Z,buy,5.351e-05,45.0,0.00240795
BRD/BTC,1545179148337,2018-12-19T00:25:48.337Z,sell,5.353e-05,149.0,0.0079759699999999
BRD/BTC,1545179148337,2018-12-19T00:25:48.337Z,sell,5.352e-05,191.0,0.01022232
BRD/BTC,1545179148337,2018-12-19T00:25:48.337Z,sell,5.345e-05,149.0,0.00796405
BRD/BTC,1545179148401,2018-12-19T00:25:48.401Z,buy,5.342e-05,40.0,0.0021368
BRD/BTC,1545179148518,2018-12-19T00:25:48.518Z,buy,5.342e-05,109.0,0.00582278
BRD/BTC,1545179155214,2018-12-19T00:25:55.214Z,buy,5.341e-05,105.0,0.00560805
BRD/BTC,1545179171171,2018-12-19T00:26:11.171Z,sell,5.342e-05,150.0,0.008013
BRD/BTC,1545179171171,2018-12-19T00:26:11.171Z,sell,5.341e-05,179.0,0.00956039
BRD/BTC,1545179171171,2018-12-19T00:26:11.171Z,sell,5.332e-05,187.0,0.00997084
BRD/BTC,1545179171171,2018-12-19T00:26:11.171Z,sell,5.331e-05,102.0,0.00543762
BRD/BTC,1545179171171,2018-12-19T00:26:11.171Z,sell,5.33e-05,23.0,0.0012259
BRD/BTC,1545179171171,2018-12-19T00:26:11.171Z,sell,5.328e-05,46.0,0.00245088
BRD/BTC,1545179171171,2018-12-19T00:26:11.171Z,sell,5.327e-05,69.0,0.00367563
BRD/BTC,1545179171171,2018-12-19T00:26:11.171Z,sell,5.325e-05,23.0,0.00122475
BRD/BTC,1545179171171,2018-12-19T00:26:11.171Z,sell,5.322e-05,92.0,0.00489624
BRD/BTC,1545179171171,2018-12-19T00:26:11.171Z,sell,5.321e-05,187.0,0.00995027
BRD/BTC,1545179171171,2018-12-19T00:26:11.171Z,sell,5.318e-05,33.0,0.00175494
BRD/BTC,1545179171171,2018-12-19T00:26:11.171Z,sell,5.303e-05,43.0,0.00228029
BRD/BTC,1545179171171,2018-12-19T00:26:11.171Z,sell,5.302e-05,94.0,0.0049838799999999
BRD/BTC,1545179171171,2018-12-19T00:26:11.171Z,sell,5.3e-05,202.0,0.010706
BRD/BTC,1545179171175,2018-12-19T00:26:11.175Z,buy,5.3e-05,1430.0,0.07579
BRD/BTC,1545179171201,2018-12-19T00:26:11.201Z,buy,5.3e-05,268.0,0.014204
BRD/BTC,1545179172725,2018-12-19T00:26:12.725Z,sell,5.307e-05,94.0,0.00498858
BRD/BTC,1545179172725,2018-12-19T00:26:12.725Z,sell,5.306e-05,56.0,0.0029713599999999
BRD/BTC,1545179173086,2018-12-19T00:26:13.086Z,buy,5.327e-05,24.0,0.00127848
BRD/BTC,1545179173177,2018-12-19T00:26:13.177Z,buy,5.327e-05,19.0,0.00101213
BRD/BTC,1545179181190,2018-12-19T00:26:21.190Z,buy,5.338e-05,57.0,0.00304266
BRD/BTC,1545179181190,2018-12-19T00:26:21.190Z,buy,5.339e-05,130.0,0.0069407
BRD/BTC,1545179224104,2018-12-19T00:27:04.104Z,sell,5.323e-05,36.0,0.0019162799999999
BRD/BTC,1545179226085,2018-12-19T00:27:06.085Z,buy,5.322e-05,201.0,0.01069722
BRD/BTC,1545179346253,2018-12-19T00:29:06.253Z,buy,5.333e-05,56.0,0.00298648
BRD/BTC,1545179394015,2018-12-19T00:29:54.015Z,buy,5.333e-05,94.0,0.00501302
BRD/BTC,1545179419895,2018-12-19T00:30:19.895Z,buy,5.333e-05,52.0,0.0027731599999999
BRD/BTC,1545179419895,2018-12-19T00:30:19.895Z,buy,5.334e-05,20.0,0.0010668
BRD/BTC,1545179454321,2018-12-19T00:30:54.321Z,buy,5.334e-05,89.0,0.00474726
BRD/BTC,1545179479972,2018-12-19T00:31:19.972Z,buy,5.334e-05,39.0,0.00208026
BRD/BTC,1545179504538,2018-12-19T00:31:44.538Z,buy,5.334e-05,47.0,0.00250698
BRD/BTC,1545179528569,2018-12-19T00:32:08.569Z,sell,5.333e-05,46.0,0.00245318
BRD/BTC,1545179528569,2018-12-19T00:32:08.569Z,sell,5.324e-05,187.0,0.00995588
BRD/BTC,1545179528569,2018-12-19T00:32:08.569Z,sell,5.315e-05,142.0,0.0075473
BRD/BTC,1545179528569,2018-12-19T00:32:08.569Z,sell,5.308e-05,150.0,0.007962
BRD/BTC,1545179528569,2018-12-19T00:32:08.569Z,sell,5.307e-05,235.0,0.01247145
BRD/BTC,1545179528569,2018-12-19T00:32:08.569Z,sell,5.306e-05,268.0,0.01422008
BRD/BTC,1545179528569,2018-12-19T00:32:08.569Z,sell,5.305e-05,666.0,0.0353313
BRD/BTC,1545179555351,2018-12-19T00:32:35.351Z,buy,5.334e-05,20.0,0.0010668
BRD/BTC,1545179571594,2018-12-19T00:32:51.594Z,sell,5.329e-05,20.0,0.0010658
BRD/BTC,1545179581358,2018-12-19T00:33:01.358Z,sell,5.327e-05,20.0,0.0010654
BRD/BTC,1545179605736,2018-12-19T00:33:25.736Z,sell,5.338e-05,47.0,0.00250886
BRD/BTC,1545179621492,2018-12-19T00:33:41.492Z,buy,5.339e-05,89.0,0.00475171
BRD/BTC,1545179621639,2018-12-19T00:33:41.639Z,sell,5.338e-05,31.0,0.00165478
BRD/BTC,1545179643621,2018-12-19T00:34:03.621Z,buy,5.337e-05,149.0,0.00795213
BRD/BTC,1545179645633,2018-12-19T00:34:05.633Z,buy,5.338e-05,33.0,0.00176154
BRD/BTC,1545179647661,2018-12-19T00:34:07.661Z,buy,5.339e-05,4.0,0.00021356
BRD/BTC,1545179649670,2018-12-19T00:34:09.670Z,buy,5.34e-05,35.0,0.001869
BRD/BTC,1545179737022,2018-12-19T00:35:37.022Z,buy,5.34e-05,59.0,0.0031506
BRD/BTC,1545179737022,2018-12-19T00:35:37.022Z,buy,5.341e-05,89.0,0.00475349
BRD/BTC,1545179747670,2018-12-19T00:35:47.670Z,buy,5.341e-05,68.0,0.00363188
BRD/BTC,1545179773141,2018-12-19T00:36:13.141Z,buy,5.341e-05,111.0,0.00592851
BRD/BTC,1545179874139,2018-12-19T00:37:54.139Z,sell,5.36e-05,29.0,0.0015544
BRD/BTC,1545179898965,2018-12-19T00:38:18.965Z,buy,5.361e-05,20.0,0.0010722
BRD/BTC,1545179924140,2018-12-19T00:38:44.140Z,sell,5.36e-05,20.0,0.001072
BRD/BTC,1545179949343,2018-12-19T00:39:09.343Z,buy,5.361e-05,20.0,0.0010722
BRD/BTC,1545179975159,2018-12-19T00:39:35.159Z,sell,5.359e-05,20.0,0.0010718
BRD/BTC,1545179979146,2018-12-19T00:39:39.146Z,sell,5.359e-05,23.0,0.00123257
BRD/BTC,1545179983146,2018-12-19T00:39:43.146Z,sell,5.359e-05,33.0,0.00176847
BRD/BTC,1545180000145,2018-12-19T00:40:00.145Z,sell,5.359e-05,20.0,0.0010718
BRD/BTC,1545180025152,2018-12-19T00:40:25.152Z,sell,5.358e-05,20.0,0.0010716
BRD/BTC,1545180050155,2018-12-19T00:40:50.155Z,sell,5.36e-05,20.0,0.001072
BRD/BTC,1545180074952,2018-12-19T00:41:14.952Z,buy,5.361e-05,20.0,0.0010722
BRD/BTC,1545180100153,2018-12-19T00:41:40.153Z,sell,5.36e-05,20.0,0.001072
BRD/BTC,1545180125409,2018-12-19T00:42:05.409Z,buy,5.361e-05,20.0,0.0010722
BRD/BTC,1545180150456,2018-12-19T00:42:30.456Z,buy,5.361e-05,20.0,0.0010722
BRD/BTC,1545180175904,2018-12-19T00:42:55.904Z,buy,5.361e-05,20.0,0.0010722
BRD/BTC,1545180200749,2018-12-19T00:43:20.749Z,buy,5.361e-05,20.0,0.0010722
BRD/BTC,1545180226273,2018-12-19T00:43:46.273Z,buy,5.361e-05,20.0,0.0010722
BRD/BTC,1545180235804,2018-12-19T00:43:55.804Z,buy,5.361e-05,19.0,0.00101859
BRD/BTC,1545180252171,2018-12-19T00:44:12.171Z,sell,5.36e-05,20.0,0.001072
BRD/BTC,1545180277173,2018-12-19T00:44:37.173Z,sell,5.359e-05,20.0,0.0010718
BRD/BTC,1545180302183,2018-12-19T00:45:02.183Z,sell,5.359e-05,20.0,0.0010718
BRD/BTC,1545180304176,2018-12-19T00:45:04.176Z,sell,5.359e-05,32.0,0.00171488
BRD/BTC,1545180326711,2018-12-19T00:45:26.711Z,buy,5.361e-05,20.0,0.0010722
BRD/BTC,1545180351997,2018-12-19T00:45:51.997Z,buy,5.36e-05,20.0,0.001072
BRD/BTC,1545180359180,2018-12-19T00:45:59.180Z,sell,5.346e-05,34.0,0.00181764
BRD/BTC,1545180386402,2018-12-19T00:46:26.402Z,sell,5.358e-05,20.0,0.0010716
BRD/BTC,1545180402430,2018-12-19T00:46:42.430Z,buy,5.355e-05,20.0,0.001071
BRD/BTC,1545180402430,2018-12-19T00:46:42.430Z,buy,5.355e-05,20.0,0.001071
BRD/BTC,1545180447739,2018-12-19T00:47:27.739Z,sell,5.352e-05,20.0,0.0010704
BRD/BTC,1545180452751,2018-12-19T00:47:32.751Z,buy,5.351e-05,20.0,0.0010702
BRD/BTC,1545180477802,2018-12-19T00:47:57.802Z,buy,5.351e-05,20.0,0.0010702
BRD/BTC,1545180515654,2018-12-19T00:48:35.654Z,sell,5.35e-05,20.0,0.00107
BRD/BTC,1545180515699,2018-12-19T00:48:35.699Z,sell,5.346e-05,3.0,0.00016038
BRD/BTC,1545180515699,2018-12-19T00:48:35.699Z,sell,5.311e-05,17.0,0.00090287
BRD/BTC,1545180579055,2018-12-19T00:49:39.055Z,buy,5.348e-05,20.0,0.0010696
BRD/BTC,1545180632414,2018-12-19T00:50:32.414Z,sell,5.332e-05,20.0,0.0010664
BRD/BTC,1545180634203,2018-12-19T00:50:34.203Z,buy,5.316e-05,20.0,0.0010632
BRD/BTC,1545180681202,2018-12-19T00:51:21.202Z,sell,5.347e-05,20.0,0.0010694
BRD/BTC,1545180790377,2018-12-19T00:53:10.377Z,buy,5.351e-05,19.0,0.00101669
BRD/BTC,1545180827909,2018-12-19T00:53:47.909Z,buy,5.351e-05,38.0,0.00203338
BRD/BTC,1545181080376,2018-12-19T00:58:00.376Z,buy,5.361e-05,57.0,0.0030557699999999
BRD/BTC,1545181080376,2018-12-19T00:58:00.376Z,buy,5.37e-05,56.0,0.0030072
BRD/BTC,1545181080376,2018-12-19T00:58:00.376Z,buy,5.371e-05,73.0,0.00392083
BRD/BTC,1545181112010,2018-12-19T00:58:32.010Z,buy,5.371e-05,20.0,0.0010742
BRD/BTC,1545181131563,2018-12-19T00:58:51.563Z,buy,5.373e-05,19.0,0.00102087
BRD/BTC,1545181133753,2018-12-19T00:58:53.753Z,buy,5.373e-05,20.0,0.0010746
BRD/BTC,1545181158947,2018-12-19T00:59:18.947Z,buy,5.372e-05,20.0,0.0010744
BRD/BTC,1545181170994,2018-12-19T00:59:30.994Z,buy,5.372e-05,37.0,0.00198764
BRD/BTC,1545181231314,2018-12-19T01:00:31.314Z,buy,5.372e-05,130.0,0.0069836
BRD/BTC,1545181234622,2018-12-19T01:00:34.622Z,buy,5.373e-05,17.0,0.00091341
BRD/BTC,1545181251555,2018-12-19T01:00:51.555Z,sell,5.373e-05,3.0,0.00016119
BRD/BTC,1545181259928,2018-12-19T01:00:59.928Z,buy,5.373e-05,20.0,0.0010746
BRD/BTC,1545181275250,2018-12-19T01:01:15.250Z,buy,5.372e-05,59.0,0.00316948
BRD/BTC,1545181275658,2018-12-19T01:01:15.658Z,buy,5.373e-05,19.0,0.00102087
BRD/BTC,1545181284781,2018-12-19T01:01:24.781Z,buy,5.372e-05,20.0,0.0010744
BRD/BTC,1545181310250,2018-12-19T01:01:50.250Z,buy,5.37e-05,20.0,0.0010739999999999
BRD/BTC,1545181317955,2018-12-19T01:01:57.955Z,buy,5.37e-05,30.0,0.001611
BRD/BTC,1545181335320,2018-12-19T01:02:15.320Z,buy,5.37e-05,20.0,0.0010739999999999
BRD/BTC,1545181385873,2018-12-19T01:03:05.873Z,buy,5.368e-05,20.0,0.0010736
BRD/BTC,1545181396246,2018-12-19T01:03:16.246Z,sell,5.347e-05,71.0,0.00379637
BRD/BTC,1545181412262,2018-12-19T01:03:32.262Z,sell,5.367e-05,20.0,0.0010734
BRD/BTC,1545181461224,2018-12-19T01:04:21.224Z,buy,5.367e-05,20.0,0.0010734
BRD/BTC,1545181662825,2018-12-19T01:07:42.825Z,buy,5.363e-05,20.0,0.0010726
BRD/BTC,1545181814072,2018-12-19T01:10:14.072Z,buy,5.363e-05,11.0,0.00058993
BRD/BTC,1545181889748,2018-12-19T01:11:29.748Z,buy,5.363e-05,20.0,0.0010726
BRD/BTC,1545181906228,2018-12-19T01:11:46.228Z,buy,5.363e-05,41.0,0.00219883
BRD/BTC,1545181906327,2018-12-19T01:11:46.327Z,buy,5.363e-05,89.0,0.00477307
BRD/BTC,1545181908601,2018-12-19T01:11:48.601Z,buy,5.365e-05,34.0,0.0018241
BRD/BTC,1545181920392,2018-12-19T01:12:00.392Z,buy,5.365e-05,138.0,0.0074037
BRD/BTC,1545181920599,2018-12-19T01:12:00.599Z,buy,5.365e-05,20.0,0.001073
BRD/BTC,1545181925615,2018-12-19T01:12:05.615Z,buy,5.365e-05,24.0,0.0012876
BRD/BTC,1545181928030,2018-12-19T01:12:08.030Z,buy,5.365e-05,38.0,0.0020387
BRD/BTC,1545181934258,2018-12-19T01:12:14.258Z,buy,5.365e-05,56.0,0.0030044
BRD/BTC,1545181934357,2018-12-19T01:12:14.357Z,buy,5.365e-05,88.0,0.0047212
BRD/BTC,1545181936646,2018-12-19T01:12:16.646Z,buy,5.367e-05,19.0,0.00101973
BRD/BTC,1545181936755,2018-12-19T01:12:16.755Z,buy,5.367e-05,19.0,0.00101973
BRD/BTC,1545181936842,2018-12-19T01:12:16.842Z,buy,5.367e-05,19.0,0.00101973
BRD/BTC,1545181936951,2018-12-19T01:12:16.951Z,buy,5.367e-05,19.0,0.00101973
BRD/BTC,1545181945920,2018-12-19T01:12:25.920Z,buy,5.367e-05,18.0,0.00096606
BRD/BTC,1545181949435,2018-12-19T01:12:29.435Z,buy,5.378e-05,126.0,0.00677628
BRD/BTC,1545181966900,2018-12-19T01:12:46.900Z,sell,5.367e-05,2.0,0.00010734
BRD/BTC,1545181966900,2018-12-19T01:12:46.900Z,sell,5.351e-05,38.0,0.00203338
BRD/BTC,1545182021534,2018-12-19T01:13:41.534Z,buy,5.375e-05,35.0,0.00188125
BRD/BTC,1545182047462,2018-12-19T01:14:07.462Z,buy,5.375e-05,3.0,0.00016125
BRD/BTC,1545182047462,2018-12-19T01:14:07.462Z,buy,5.376e-05,34.0,0.00182784
BRD/BTC,1545182095212,2018-12-19T01:14:55.212Z,buy,5.376e-05,52.0,0.00279552
BRD/BTC,1545182097128,2018-12-19T01:14:57.128Z,buy,5.376e-05,27.0,0.00145152
BRD/BTC,1545182122142,2018-12-19T01:15:22.142Z,buy,5.376e-05,20.0,0.0010752
BRD/BTC,1545182147256,2018-12-19T01:15:47.256Z,buy,5.376e-05,22.0,0.00118272
BRD/BTC,1545182172573,2018-12-19T01:16:12.573Z,buy,5.376e-05,20.0,0.0010752
BRD/BTC,1545182198075,2018-12-19T01:16:38.075Z,sell,5.373e-05,20.0,0.0010746
BRD/BTC,1545182223009,2018-12-19T01:17:03.009Z,buy,5.377e-05,20.0,0.0010754
BRD/BTC,1545182248136,2018-12-19T01:17:28.136Z,buy,5.377e-05,20.0,0.0010754
BRD/BTC,1545182273199,2018-12-19T01:17:53.199Z,sell,5.373e-05,20.0,0.0010746
BRD/BTC,1545182298451,2018-12-19T01:18:18.451Z,sell,5.365e-05,20.0,0.001073
BRD/BTC,1545182307479,2018-12-19T01:18:27.479Z,sell,5.352e-05,28.0,0.00149856
BRD/BTC,1545182335201,2018-12-19T01:18:55.201Z,buy,5.377e-05,19.0,0.00102163
BRD/BTC,1545182530291,2018-12-19T01:22:10.291Z,buy,5.377e-05,24.0,0.00129048
BRD/BTC,1545182550465,2018-12-19T01:22:30.465Z,buy,5.377e-05,20.0,0.0010754
BRD/BTC,1545182556812,2018-12-19T01:22:36.812Z,buy,5.377e-05,19.0,0.00102163
BRD/BTC,1545182575590,2018-12-19T01:22:55.590Z,buy,5.377e-05,20.0,0.0010754
BRD/BTC,1545182582911,2018-12-19T01:23:02.911Z,buy,5.377e-05,84.0,0.00451668
BRD/BTC,1545182600800,2018-12-19T01:23:20.800Z,buy,5.377e-05,20.0,0.0010754
BRD/BTC,1545182626112,2018-12-19T01:23:46.112Z,buy,5.377e-05,20.0,0.0010754
BRD/BTC,1545182638509,2018-12-19T01:23:58.509Z,sell,5.359e-05,83.0,0.00444797
BRD/BTC,1545182638509,2018-12-19T01:23:58.509Z,sell,5.347e-05,3.0,0.00016041
BRD/BTC,1545182641264,2018-12-19T01:24:01.264Z,buy,5.376e-05,51.0,0.00274176
BRD/BTC,1545182648773,2018-12-19T01:24:08.773Z,buy,5.376e-05,32.0,0.00172032
BRD/BTC,1545182648773,2018-12-19T01:24:08.773Z,buy,5.377e-05,5.0,0.00026885
BRD/BTC,1545182665544,2018-12-19T01:24:25.544Z,sell,5.359e-05,48.0,0.00257232
BRD/BTC,1545182665544,2018-12-19T01:24:25.544Z,sell,5.358e-05,2.0,0.00010716
BRD/BTC,1545182773277,2018-12-19T01:26:13.277Z,sell,5.357e-05,20.0,0.0010714
BRD/BTC,1545182773277,2018-12-19T01:26:13.277Z,sell,5.347e-05,64.0,0.00342208
BRD/BTC,1545182826810,2018-12-19T01:27:06.810Z,buy,5.37e-05,48.0,0.0025775999999999
BRD/BTC,1545182828822,2018-12-19T01:27:08.822Z,buy,5.375e-05,67.0,0.00360125
BRD/BTC,1545182839936,2018-12-19T01:27:19.936Z,buy,5.376e-05,78.0,0.00419328
BRD/BTC,1545182841958,2018-12-19T01:27:21.958Z,buy,5.369e-05,40.0,0.0021476
BRD/BTC,1545182852877,2018-12-19T01:27:32.877Z,buy,5.369e-05,20.0,0.0010738
BRD/BTC,1545182903468,2018-12-19T01:28:23.468Z,buy,5.369e-05,20.0,0.0010738
BRD/BTC,1545182978972,2018-12-19T01:29:38.972Z,buy,5.369e-05,20.0,0.0010738
BRD/BTC,1545183004197,2018-12-19T01:30:04.197Z,buy,5.379e-05,20.0,0.0010758
BRD/BTC,1545183029399,2018-12-19T01:30:29.399Z,buy,5.378e-05,20.0,0.0010756
BRD/BTC,1545183054670,2018-12-19T01:30:54.670Z,buy,5.378e-05,20.0,0.0010756
BRD/BTC,1545183066765,2018-12-19T01:31:06.765Z,buy,5.378e-05,197.0,0.0105946599999999
BRD/BTC,1545183079960,2018-12-19T01:31:19.960Z,buy,5.379e-05,20.0,0.0010758
BRD/BTC,1545183104789,2018-12-19T01:31:44.789Z,buy,5.379e-05,20.0,0.0010758
BRD/BTC,1545183105376,2018-12-19T01:31:45.376Z,buy,5.379e-05,19.0,0.00102201
BRD/BTC,1545183129939,2018-12-19T01:32:09.939Z,buy,5.379e-05,20.0,0.0010758
BRD/BTC,1545183155222,2018-12-19T01:32:35.222Z,buy,5.379e-05,20.0,0.0010758
BRD/BTC,1545183182742,2018-12-19T01:33:02.742Z,buy,5.379e-05,20.0,0.0010758
BRD/BTC,1545183208037,2018-12-19T01:33:28.037Z,buy,5.379e-05,20.0,0.0010758
BRD/BTC,1545183233119,2018-12-19T01:33:53.119Z,buy,5.379e-05,20.0,0.0010758
BRD/BTC,1545183258265,2018-12-19T01:34:18.265Z,buy,5.379e-05,8.0,0.00043032
BRD/BTC,1545183304958,2018-12-19T01:35:04.958Z,buy,5.382e-05,41.0,0.00220662
BRD/BTC,1545183305068,2018-12-19T01:35:05.068Z,buy,5.382e-05,109.0,0.00586638
BRD/BTC,1545183308723,2018-12-19T01:35:08.723Z,buy,5.39e-05,20.0,0.001078
BRD/BTC,1545183311435,2018-12-19T01:35:11.435Z,buy,5.39e-05,102.0,0.0054978
BRD/BTC,1545183312998,2018-12-19T01:35:12.998Z,buy,5.393e-05,61.0,0.00328973
BRD/BTC,1545183314063,2018-12-19T01:35:14.063Z,buy,5.395e-05,40.0,0.0021579999999999
BRD/BTC,1545183316559,2018-12-19T01:35:16.559Z,buy,5.395e-05,82.0,0.0044239
BRD/BTC,1545183318846,2018-12-19T01:35:18.846Z,buy,5.397e-05,93.0,0.00501921
BRD/BTC,1545183333887,2018-12-19T01:35:33.887Z,buy,5.401e-05,20.0,0.0010802
BRD/BTC,1545183334971,2018-12-19T01:35:34.971Z,buy,5.401e-05,41.0,0.00221441
BRD/BTC,1545183335717,2018-12-19T01:35:35.717Z,buy,5.401e-05,100.0,0.0054009999999999
BRD/BTC,1545183338245,2018-12-19T01:35:38.245Z,buy,5.402e-05,110.0,0.0059422
BRD/BTC,1545183341026,2018-12-19T01:35:41.026Z,buy,5.402e-05,12.0,0.00064824
BRD/BTC,1545183350102,2018-12-19T01:35:50.102Z,buy,5.403e-05,149.0,0.00805047
BRD/BTC,1545183353246,2018-12-19T01:35:53.246Z,buy,5.404e-05,159.0,0.00859236
BRD/BTC,1545183355135,2018-12-19T01:35:55.135Z,buy,5.404e-05,35.0,0.0018914
BRD/BTC,1545183359337,2018-12-19T01:35:59.337Z,buy,5.404e-05,20.0,0.0010808
BRD/BTC,1545183359510,2018-12-19T01:35:59.510Z,buy,5.404e-05,180.0,0.0097272
BRD/BTC,1545183360768,2018-12-19T01:36:00.768Z,buy,5.405e-05,102.0,0.0055131
BRD/BTC,1545183361606,2018-12-19T01:36:01.606Z,buy,5.405e-05,24.0,0.0012972
BRD/BTC,1545183365966,2018-12-19T01:36:05.966Z,buy,5.404e-05,19.0,0.00102676
BRD/BTC,1545183367937,2018-12-19T01:36:07.937Z,buy,5.404e-05,19.0,0.00102676
BRD/BTC,1545183378209,2018-12-19T01:36:18.209Z,buy,5.404e-05,19.0,0.00102676
BRD/BTC,1545183378824,2018-12-19T01:36:18.824Z,sell,5.381e-05,284.0,0.01528204
BRD/BTC,1545183378840,2018-12-19T01:36:18.840Z,buy,5.404e-05,38.0,0.00205352
BRD/BTC,1545183380219,2018-12-19T01:36:20.219Z,sell,5.382e-05,19.0,0.00102258
BRD/BTC,1545183415663,2018-12-19T01:36:55.663Z,buy,5.401e-05,19.0,0.00102619
BRD/BTC,1545183434864,2018-12-19T01:37:14.864Z,buy,5.402e-05,65.0,0.0035113
BRD/BTC,1545183444612,2018-12-19T01:37:24.612Z,buy,5.402e-05,38.0,0.00205276
BRD/BTC,1545183460013,2018-12-19T01:37:40.013Z,buy,5.402e-05,65.0,0.0035113
BRD/BTC,1545183461531,2018-12-19T01:37:41.531Z,sell,5.381e-05,75.0,0.00403575
BRD/BTC,1545183461531,2018-12-19T01:37:41.531Z,sell,5.378e-05,38.0,0.0020436399999999
BRD/BTC,1545183485117,2018-12-19T01:38:05.117Z,buy,5.397e-05,69.0,0.00372393
BRD/BTC,1545183500016,2018-12-19T01:38:20.016Z,buy,5.397e-05,6.0,0.00032382
BRD/BTC,1545183510427,2018-12-19T01:38:30.427Z,buy,5.403e-05,73.0,0.00394419
BRD/BTC,1545183521586,2018-12-19T01:38:41.586Z,sell,5.397e-05,13.0,0.00070161
BRD/BTC,1545183535506,2018-12-19T01:38:55.506Z,buy,5.403e-05,62.0,0.00334986
BRD/BTC,1545183547351,2018-12-19T01:39:07.351Z,buy,5.404e-05,19.0,0.00102676
BRD/BTC,1545183560707,2018-12-19T01:39:20.707Z,sell,5.403e-05,51.0,0.00275553
BRD/BTC,1545183568456,2018-12-19T01:39:28.456Z,sell,5.381e-05,80.0,0.0043048
BRD/BTC,1545183568456,2018-12-19T01:39:28.456Z,sell,5.378e-05,67.0,0.0036032599999999
BRD/BTC,1545183568456,2018-12-19T01:39:28.456Z,sell,5.37e-05,16.0,0.0008592
BRD/BTC,1545183586005,2018-12-19T01:39:46.005Z,sell,5.398e-05,61.0,0.00329278
BRD/BTC,1545183606566,2018-12-19T01:40:06.566Z,buy,5.403e-05,80.0,0.0043224
BRD/BTC,1545183606613,2018-12-19T01:40:06.613Z,sell,5.403e-05,102.0,0.00551106
BRD/BTC,1545183611162,2018-12-19T01:40:11.162Z,buy,5.404e-05,35.0,0.0018914
BRD/BTC,1545183612473,2018-12-19T01:40:12.473Z,sell,5.404e-05,13.0,0.00070252
BRD/BTC,1545183636271,2018-12-19T01:40:36.271Z,buy,5.404e-05,49.0,0.00264796
BRD/BTC,1545183663989,2018-12-19T01:41:03.989Z,buy,5.404e-05,99.0,0.00534996
BRD/BTC,1545183676097,2018-12-19T01:41:16.097Z,sell,5.398e-05,40.0,0.0021592
BRD/BTC,1545183703498,2018-12-19T01:41:43.498Z,sell,5.401e-05,35.0,0.00189035
BRD/BTC,1545183722319,2018-12-19T01:42:02.319Z,sell,5.4e-05,35.0,0.00189
BRD/BTC,1545183787616,2018-12-19T01:43:07.616Z,buy,5.4e-05,30.0,0.00162
BRD/BTC,1545183921403,2018-12-19T01:45:21.403Z,buy,5.4e-05,19.0,0.001026
BRD/BTC,1545183938699,2018-12-19T01:45:38.699Z,buy,5.4e-05,20.0,0.00108
BRD/BTC,1545183938699,2018-12-19T01:45:38.699Z,buy,5.4e-05,20.0,0.00108
BRD/BTC,1545184062643,2018-12-19T01:47:42.643Z,sell,5.396e-05,20.0,0.0010792
BRD/BTC,1545184063499,2018-12-19T01:47:43.499Z,buy,5.374e-05,30.0,0.0016121999999999
BRD/BTC,1545184064990,2018-12-19T01:47:44.990Z,buy,5.4e-05,20.0,0.00108
BRD/BTC,1545184088748,2018-12-19T01:48:08.748Z,buy,5.4e-05,24.0,0.0012959999999999
BRD/BTC,1545184090213,2018-12-19T01:48:10.213Z,buy,5.4e-05,20.0,0.00108
BRD/BTC,1545184140333,2018-12-19T01:49:00.333Z,buy,5.4e-05,20.0,0.00108
BRD/BTC,1545184165761,2018-12-19T01:49:25.761Z,buy,5.4e-05,20.0,0.00108
BRD/BTC,1545184241366,2018-12-19T01:50:41.366Z,buy,5.398e-05,20.0,0.0010796
BRD/BTC,1545184248741,2018-12-19T01:50:48.741Z,sell,5.376e-05,78.0,0.00419328
BRD/BTC,1545184248741,2018-12-19T01:50:48.741Z,sell,5.374e-05,60.0,0.0032243999999999
BRD/BTC,1545184248741,2018-12-19T01:50:48.741Z,sell,5.37e-05,22.0,0.0011814
BRD/BTC,1545184248741,2018-12-19T01:50:48.741Z,sell,5.364e-05,280.0,0.0150192
BRD/BTC,1545184248741,2018-12-19T01:50:48.741Z,sell,5.363e-05,19.0,0.00101897
BRD/BTC,1545184248741,2018-12-19T01:50:48.741Z,sell,5.357e-05,236.0,0.0126425199999999
BRD/BTC,1545184248741,2018-12-19T01:50:48.741Z,sell,5.353e-05,57.0,0.00305121
BRD/BTC,1545184248741,2018-12-19T01:50:48.741Z,sell,5.351e-05,57.0,0.00305007
BRD/BTC,1545184248741,2018-12-19T01:50:48.741Z,sell,5.347e-05,19.0,0.00101593
BRD/BTC,1545184248741,2018-12-19T01:50:48.741Z,sell,5.346e-05,64.0,0.00342144
BRD/BTC,1545184266143,2018-12-19T01:51:06.143Z,buy,5.384e-05,56.0,0.00301504
BRD/BTC,1545184266615,2018-12-19T01:51:06.615Z,buy,5.384e-05,41.0,0.00220744
BRD/BTC,1545184293818,2018-12-19T01:51:33.818Z,sell,5.365e-05,47.0,0.00252155
BRD/BTC,1545184293818,2018-12-19T01:51:33.818Z,sell,5.355e-05,141.0,0.00755055
BRD/BTC,1545184336744,2018-12-19T01:52:16.744Z,sell,5.377e-05,40.0,0.0021508
BRD/BTC,1545184367454,2018-12-19T01:52:47.454Z,buy,5.374e-05,47.0,0.00252578
BRD/BTC,1545184397171,2018-12-19T01:53:17.171Z,sell,5.372e-05,42.0,0.00225624
BRD/BTC,1545184417554,2018-12-19T01:53:37.554Z,buy,5.37e-05,10.0,0.0005369999999999
BRD/BTC,1545184448543,2018-12-19T01:54:08.543Z,sell,5.388e-05,28.0,0.00150864
BRD/BTC,1545184474542,2018-12-19T01:54:34.542Z,sell,5.388e-05,23.0,0.00123924
BRD/BTC,1545184489025,2018-12-19T01:54:49.025Z,buy,5.39e-05,19.0,0.0010241
BRD/BTC,1545184497220,2018-12-19T01:54:57.220Z,buy,5.39e-05,19.0,0.0010241
BRD/BTC,1545184499544,2018-12-19T01:54:59.544Z,sell,5.387e-05,31.0,0.00166997
BRD/BTC,1545184725950,2018-12-19T01:58:45.950Z,buy,5.39e-05,20.0,0.001078
BRD/BTC,1545184881683,2018-12-19T02:01:21.683Z,buy,5.389e-05,21.0,0.00113169
BRD/BTC,1545184881873,2018-12-19T02:01:21.873Z,sell,5.384e-05,20.0,0.0010768
BRD/BTC,1545184881873,2018-12-19T02:01:21.873Z,sell,5.356e-05,21.0,0.00112476
BRD/BTC,1545184977659,2018-12-19T02:02:57.659Z,buy,5.389e-05,20.0,0.0010778
BRD/BTC,1545185003302,2018-12-19T02:03:23.302Z,buy,5.389e-05,3.0,0.00016167
BRD/BTC,1545185053398,2018-12-19T02:04:13.398Z,buy,5.395e-05,20.0,0.0010789999999999
BRD/BTC,1545185062094,2018-12-19T02:04:22.094Z,buy,5.395e-05,18.0,0.0009710999999999
BRD/BTC,1545185078510,2018-12-19T02:04:38.510Z,buy,5.399e-05,20.0,0.0010798
BRD/BTC,1545185100363,2018-12-19T02:05:00.363Z,buy,5.397e-05,19.0,0.00102543
BRD/BTC,1545185168566,2018-12-19T02:06:08.566Z,buy,5.399e-05,18.0,0.00097182
BRD/BTC,1545185177923,2018-12-19T02:06:17.923Z,sell,5.399e-05,19.0,0.00102581
BRD/BTC,1545185202211,2018-12-19T02:06:42.211Z,buy,5.398e-05,23.0,0.00124154
BRD/BTC,1545185204409,2018-12-19T02:06:44.409Z,buy,5.398e-05,20.0,0.0010796
BRD/BTC,1545185249314,2018-12-19T02:07:29.314Z,sell,5.394e-05,20.0,0.0010788
BRD/BTC,1545185287652,2018-12-19T02:08:07.652Z,buy,5.397e-05,24.0,0.00129528
BRD/BTC,1545185289677,2018-12-19T02:08:09.677Z,sell,5.396e-05,20.0,0.0010792
BRD/BTC,1545185306441,2018-12-19T02:08:26.441Z,buy,5.395e-05,19.0,0.00102505
BRD/BTC,1545185314120,2018-12-19T02:08:34.120Z,sell,5.394e-05,20.0,0.0010788
BRD/BTC,1545185330528,2018-12-19T02:08:50.528Z,buy,5.393e-05,20.0,0.0010786
BRD/BTC,1545185355882,2018-12-19T02:09:15.882Z,buy,5.393e-05,20.0,0.0010786
BRD/BTC,1545185381273,2018-12-19T02:09:41.273Z,sell,5.386e-05,20.0,0.0010772
BRD/BTC,1545185406302,2018-12-19T02:10:06.302Z,sell,5.387e-05,20.0,0.0010774
BRD/BTC,1545185431323,2018-12-19T02:10:31.323Z,buy,5.389e-05,20.0,0.0010778
BRD/BTC,1545185450253,2018-12-19T02:10:50.253Z,sell,5.377e-05,37.0,0.00198949
BRD/BTC,1545185456796,2018-12-19T02:10:56.796Z,sell,5.387e-05,20.0,0.0010774
BRD/BTC,1545185479630,2018-12-19T02:11:19.630Z,sell,5.377e-05,545.0,0.02930465
BRD/BTC,1545185506991,2018-12-19T02:11:46.991Z,buy,5.389e-05,20.0,0.0010778
BRD/BTC,1545185522331,2018-12-19T02:12:02.331Z,sell,5.375e-05,84.0,0.004515
BRD/BTC,1545185532783,2018-12-19T02:12:12.783Z,sell,5.385e-05,28.0,0.0015078
BRD/BTC,1545185556492,2018-12-19T02:12:36.492Z,sell,5.364e-05,26.0,0.00139464
BRD/BTC,1545185557421,2018-12-19T02:12:37.421Z,buy,5.364e-05,34.0,0.00182376
BRD/BTC,1545185557507,2018-12-19T02:12:37.507Z,buy,5.364e-05,24.0,0.00128736
BRD/BTC,1545185589072,2018-12-19T02:13:09.072Z,sell,5.374e-05,28.0,0.00150472
BRD/BTC,1545185607912,2018-12-19T02:13:27.912Z,buy,5.374e-05,25.0,0.0013434999999999
BRD/BTC,1545185683614,2018-12-19T02:14:43.614Z,buy,5.373e-05,26.0,0.00139698
BRD/BTC,1545185702065,2018-12-19T02:15:02.065Z,buy,5.373e-05,19.0,0.00102087
BRD/BTC,1545185720263,2018-12-19T02:15:20.263Z,sell,5.372e-05,20.0,0.0010744
BRD/BTC,1545185734942,2018-12-19T02:15:34.942Z,buy,5.372e-05,20.0,0.0010744
BRD/BTC,1545185810255,2018-12-19T02:16:50.255Z,buy,5.372e-05,20.0,0.0010744
BRD/BTC,1545185835549,2018-12-19T02:17:15.549Z,buy,5.372e-05,20.0,0.0010744
BRD/BTC,1545185902281,2018-12-19T02:18:22.281Z,sell,5.371e-05,20.0,0.0010742
BRD/BTC,1545185936361,2018-12-19T02:18:56.361Z,buy,5.371e-05,20.0,0.0010742
BRD/BTC,1545186037234,2018-12-19T02:20:37.234Z,buy,5.371e-05,20.0,0.0010742
BRD/BTC,1545186088891,2018-12-19T02:21:28.891Z,sell,5.37e-05,20.0,0.0010739999999999
BRD/BTC,1545186525327,2018-12-19T02:28:45.327Z,buy,5.37e-05,57.0,0.0030608999999999
BRD/BTC,1545186577839,2018-12-19T02:29:37.839Z,sell,5.363e-05,34.0,0.00182342
BRD/BTC,1545186577839,2018-12-19T02:29:37.839Z,sell,5.361e-05,394.0,0.02112234
BRD/BTC,1545186577839,2018-12-19T02:29:37.839Z,sell,5.36e-05,29.0,0.0015544
BRD/BTC,1545186577839,2018-12-19T02:29:37.839Z,sell,5.359e-05,58.0,0.00310822
BRD/BTC,1545186577839,2018-12-19T02:29:37.839Z,sell,5.358e-05,52.0,0.0027861599999999
BRD/BTC,1545186577839,2018-12-19T02:29:37.839Z,sell,5.357e-05,66.0,0.0035356199999999
BRD/BTC,1545186602118,2018-12-19T02:30:02.118Z,buy,5.37e-05,726.0,0.0389862
BRD/BTC,1545186831424,2018-12-19T02:33:51.424Z,buy,5.367e-05,57.0,0.00305919
BRD/BTC,1545186937703,2018-12-19T02:35:37.703Z,buy,5.368e-05,186.0,0.00998448
BRD/BTC,1545186957408,2018-12-19T02:35:57.408Z,sell,5.357e-05,4.0,0.00021428
BRD/BTC,1545186957408,2018-12-19T02:35:57.408Z,sell,5.356e-05,19.0,0.00101764
BRD/BTC,1545187184108,2018-12-19T02:39:44.108Z,buy,5.367e-05,37.0,0.00198579
BRD/BTC,1545187325393,2018-12-19T02:42:05.393Z,buy,5.367e-05,24.0,0.00128808
BRD/BTC,1545187444994,2018-12-19T02:44:04.994Z,buy,5.368e-05,24.0,0.00128832
BRD/BTC,1545187454947,2018-12-19T02:44:14.947Z,buy,5.368e-05,24.0,0.00128832
BRD/BTC,1545187454947,2018-12-19T02:44:14.947Z,buy,5.368e-05,24.0,0.00128832
BRD/BTC,1545187674898,2018-12-19T02:47:54.898Z,buy,5.361e-05,211.0,0.0113117099999999
BRD/BTC,1545187907921,2018-12-19T02:51:47.921Z,sell,5.361e-05,50.0,0.0026804999999999
BRD/BTC,1545187907921,2018-12-19T02:51:47.921Z,sell,5.36e-05,50.0,0.00268
BRD/BTC,1545188119697,2018-12-19T02:55:19.697Z,sell,5.356e-05,74.0,0.00396344
BRD/BTC,1545188253755,2018-12-19T02:57:33.755Z,buy,5.355e-05,93.0,0.00498015
BRD/BTC,1545188264364,2018-12-19T02:57:44.364Z,sell,5.346e-05,143.0,0.00764478
BRD/BTC,1545188264364,2018-12-19T02:57:44.364Z,sell,5.345e-05,19.0,0.00101555
BRD/BTC,1545188264364,2018-12-19T02:57:44.364Z,sell,5.342e-05,51.0,0.00272442
BRD/BTC,1545188264364,2018-12-19T02:57:44.364Z,sell,5.34e-05,38.0,0.0020292
BRD/BTC,1545188264364,2018-12-19T02:57:44.364Z,sell,5.333e-05,41.0,0.00218653
BRD/BTC,1545188264364,2018-12-19T02:57:44.364Z,sell,5.331e-05,573.0,0.03054663
BRD/BTC,1545188264415,2018-12-19T02:57:44.415Z,buy,5.33e-05,234.0,0.0124722
BRD/BTC,1545188264946,2018-12-19T02:57:44.946Z,buy,5.33e-05,1046.0,0.0557518
BRD/BTC,1545188267172,2018-12-19T02:57:47.172Z,buy,5.355e-05,10.0,0.0005355
BRD/BTC,1545188267172,2018-12-19T02:57:47.172Z,buy,5.365e-05,31.0,0.00166315
BRD/BTC,1545188522387,2018-12-19T03:02:02.387Z,buy,5.365e-05,24.0,0.0012876
BRD/BTC,1545188528651,2018-12-19T03:02:08.651Z,buy,5.365e-05,24.0,0.0012876
BRD/BTC,1545188642406,2018-12-19T03:04:02.406Z,buy,5.365e-05,24.0,0.0012876
BRD/BTC,1545188651830,2018-12-19T03:04:11.830Z,buy,5.365e-05,24.0,0.0012876
BRD/BTC,1545188762972,2018-12-19T03:06:02.972Z,buy,5.365e-05,11.0,0.00059015
BRD/BTC,1545188763051,2018-12-19T03:06:03.051Z,sell,5.365e-05,13.0,0.00069745
BRD/BTC,1545188769215,2018-12-19T03:06:09.215Z,buy,5.369e-05,24.0,0.00128856
BRD/BTC,1545189011603,2018-12-19T03:10:11.603Z,buy,5.363e-05,145.0,0.00777635
BRD/BTC,1545189011775,2018-12-19T03:10:11.775Z,buy,5.363e-05,207.0,0.01110141
BRD/BTC,1545189012059,2018-12-19T03:10:12.059Z,buy,5.363e-05,94.0,0.00504122
BRD/BTC,1545189012099,2018-12-19T03:10:12.099Z,sell,5.363e-05,130.0,0.0069719
BRD/BTC,1545189012107,2018-12-19T03:10:12.107Z,sell,5.347e-05,71.0,0.00379637
BRD/BTC,1545189012107,2018-12-19T03:10:12.107Z,sell,5.332e-05,46.0,0.00245272
BRD/BTC,1545189012107,2018-12-19T03:10:12.107Z,sell,5.331e-05,13.0,0.00069303
BRD/BTC,1545189012172,2018-12-19T03:10:12.172Z,buy,5.34e-05,40.0,0.002136
BRD/BTC,1545189012172,2018-12-19T03:10:12.172Z,buy,5.363e-05,20.0,0.0010726
BRD/BTC,1545189013004,2018-12-19T03:10:13.004Z,sell,5.363e-05,243.0,0.01303209
BRD/BTC,1545189015520,2018-12-19T03:10:15.520Z,sell,5.363e-05,46.0,0.00246698
BRD/BTC,1545189023613,2018-12-19T03:10:23.613Z,sell,5.363e-05,88.0,0.00471944
BRD/BTC,1545189025993,2018-12-19T03:10:25.993Z,sell,5.363e-05,38.0,0.00203794
BRD/BTC,1545189037298,2018-12-19T03:10:37.298Z,sell,5.363e-05,17.0,0.00091171
BRD/BTC,1545189056806,2018-12-19T03:10:56.806Z,buy,5.363e-05,34.0,0.00182342
BRD/BTC,1545189209161,2018-12-19T03:13:29.161Z,sell,5.34e-05,559.0,0.0298505999999999
BRD/BTC,1545189209161,2018-12-19T03:13:29.161Z,sell,5.335e-05,49.0,0.00261415
BRD/BTC,1545189209161,2018-12-19T03:13:29.161Z,sell,5.334e-05,49.0,0.00261366
BRD/BTC,1545189209161,2018-12-19T03:13:29.161Z,sell,5.333e-05,49.0,0.00261317
BRD/BTC,1545189209161,2018-12-19T03:13:29.161Z,sell,5.332e-05,347.0,0.01850204
BRD/BTC,1545189246345,2018-12-19T03:14:06.345Z,buy,5.362e-05,56.0,0.00300272
BRD/BTC,1545189258450,2018-12-19T03:14:18.450Z,sell,5.333e-05,283.0,0.01509239
BRD/BTC,1545189259276,2018-12-19T03:14:19.276Z,buy,5.352e-05,19.0,0.00101688
BRD/BTC,1545189263338,2018-12-19T03:14:23.338Z,buy,5.352e-05,19.0,0.00101688
BRD/BTC,1545189265650,2018-12-19T03:14:25.650Z,buy,5.352e-05,56.0,0.00299712
BRD/BTC,1545189269749,2018-12-19T03:14:29.749Z,buy,5.357e-05,22.0,0.0011785399999999
BRD/BTC,1545189606143,2018-12-19T03:20:06.143Z,buy,5.357e-05,56.0,0.0029999199999999
BRD/BTC,1545189827438,2018-12-19T03:23:47.438Z,buy,5.35e-05,37.0,0.0019795
BRD/BTC,1545189920659,2018-12-19T03:25:20.659Z,buy,5.345e-05,148.0,0.0079106
BRD/BTC,1545189926408,2018-12-19T03:25:26.408Z,buy,5.345e-05,76.0,0.0040622
BRD/BTC,1545190163738,2018-12-19T03:29:23.738Z,buy,5.35e-05,34.0,0.0018189999999999
BRD/BTC,1545190163738,2018-12-19T03:29:23.738Z,buy,5.356e-05,149.0,0.00798044
BRD/BTC,1545190163738,2018-12-19T03:29:23.738Z,buy,5.357e-05,3.0,0.00016071
BRD/BTC,1545190516805,2018-12-19T03:35:16.805Z,sell,5.34e-05,70.0,0.003738
BRD/BTC,1545190529484,2018-12-19T03:35:29.484Z,sell,5.34e-05,1444.0,0.0771096
BRD/BTC,1545190530178,2018-12-19T03:35:30.178Z,buy,5.34e-05,277.0,0.0147917999999999
BRD/BTC,1545190564630,2018-12-19T03:36:04.630Z,sell,5.339e-05,80.0,0.0042712
BRD/BTC,1545190575087,2018-12-19T03:36:15.087Z,sell,5.341e-05,532.0,0.0284141199999999
BRD/BTC,1545190578070,2018-12-19T03:36:18.070Z,sell,5.341e-05,404.0,0.02157764
BRD/BTC,1545190635039,2018-12-19T03:37:15.039Z,sell,5.339e-05,13.0,0.00069407
BRD/BTC,1545190635039,2018-12-19T03:37:15.039Z,sell,5.337e-05,562.0,0.02999394
BRD/BTC,1545190768220,2018-12-19T03:39:28.220Z,sell,5.332e-05,391.0,0.0208481199999999
BRD/BTC,1545190775963,2018-12-19T03:39:35.963Z,buy,5.341e-05,29.0,0.00154889
BRD/BTC,1545190778073,2018-12-19T03:39:38.073Z,buy,5.341e-05,468.0,0.0249958799999999
BRD/BTC,1545190785121,2018-12-19T03:39:45.121Z,buy,5.341e-05,30.0,0.0016022999999999
BRD/BTC,1545190806598,2018-12-19T03:40:06.598Z,buy,5.341e-05,24.0,0.00128184
BRD/BTC,1545190806598,2018-12-19T03:40:06.598Z,buy,5.341e-05,24.0,0.00128184
BRD/BTC,1545191776442,2018-12-19T03:56:16.442Z,buy,5.34e-05,19.0,0.0010146
BRD/BTC,1545191855341,2018-12-19T03:57:35.341Z,buy,5.34e-05,564.0,0.0301175999999999
BRD/BTC,1545191884938,2018-12-19T03:58:04.938Z,sell,5.327e-05,38.0,0.00202426
BRD/BTC,1545191884938,2018-12-19T03:58:04.938Z,sell,5.323e-05,38.0,0.00202274
BRD/BTC,1545191884938,2018-12-19T03:58:04.938Z,sell,5.32e-05,57.0,0.0030323999999999
BRD/BTC,1545191884938,2018-12-19T03:58:04.938Z,sell,5.317e-05,84.0,0.00446628
BRD/BTC,1545191900708,2018-12-19T03:58:20.708Z,sell,5.317e-05,94.0,0.00499798
BRD/BTC,1545191901270,2018-12-19T03:58:21.270Z,buy,5.317e-05,21.0,0.00111657
BRD/BTC,1545191901287,2018-12-19T03:58:21.287Z,buy,5.317e-05,56.0,0.00297752
BRD/BTC,1545191901303,2018-12-19T03:58:21.303Z,buy,5.317e-05,145.0,0.00770965
BRD/BTC,1545191910673,2018-12-19T03:58:30.673Z,buy,5.334e-05,22.0,0.00117348
BRD/BTC,1545192113439,2018-12-19T04:01:53.439Z,sell,5.318e-05,1622.0,0.08625796
BRD/BTC,1545192113439,2018-12-19T04:01:53.439Z,sell,5.317e-05,288.0,0.01531296
BRD/BTC,1545192157597,2018-12-19T04:02:37.597Z,buy,5.334e-05,28.0,0.00149352
BRD/BTC,1545192161192,2018-12-19T04:02:41.192Z,sell,5.317e-05,49.0,0.00260533
BRD/BTC,1545192195406,2018-12-19T04:03:15.406Z,buy,5.334e-05,206.0,0.01098804
BRD/BTC,1545192195913,2018-12-19T04:03:15.913Z,sell,5.318e-05,72.0,0.00382896
BRD/BTC,1545192195913,2018-12-19T04:03:15.913Z,sell,5.317e-05,1838.0,0.09772646
BRD/BTC,1545192195929,2018-12-19T04:03:15.929Z,buy,5.334e-05,749.0,0.03995166
BRD/BTC,1545192252710,2018-12-19T04:04:12.710Z,sell,5.317e-05,62.0,0.00329654
BRD/BTC,1545192253697,2018-12-19T04:04:13.697Z,sell,5.316e-05,152.0,0.00808032
BRD/BTC,1545192787053,2018-12-19T04:13:07.053Z,sell,5.316e-05,37.0,0.00196692
BRD/BTC,1545192848210,2018-12-19T04:14:08.210Z,buy,5.327e-05,24.0,0.00127848
BRD/BTC,1545193328034,2018-12-19T04:22:08.034Z,buy,5.325e-05,41.0,0.00218325
BRD/BTC,1545193342853,2018-12-19T04:22:22.853Z,buy,5.325e-05,7.0,0.00037275
BRD/BTC,1545193448721,2018-12-19T04:24:08.721Z,buy,5.326e-05,22.0,0.00117172
BRD/BTC,1545193463429,2018-12-19T04:24:23.429Z,buy,5.333e-05,24.0,0.00127992
BRD/BTC,1545193502471,2018-12-19T04:25:02.471Z,sell,5.326e-05,30.0,0.0015978
BRD/BTC,1545193570883,2018-12-19T04:26:10.883Z,buy,5.333e-05,24.0,0.00127992
BRD/BTC,1545193570883,2018-12-19T04:26:10.883Z,buy,5.333e-05,24.0,0.00127992
BRD/BTC,1545194800211,2018-12-19T04:46:40.211Z,sell,5.317e-05,40.0,0.0021268
BRD/BTC,1545194837807,2018-12-19T04:47:17.807Z,buy,5.332e-05,19.0,0.00101308
BRD/BTC,1545195064663,2018-12-19T04:51:04.663Z,sell,5.317e-05,39.0,0.00207363
BRD/BTC,1545195075162,2018-12-19T04:51:15.162Z,buy,5.332e-05,2892.0,0.15420144
BRD/BTC,1545195329921,2018-12-19T04:55:29.921Z,sell,5.317e-05,171.0,0.00909207
BRD/BTC,1545195428682,2018-12-19T04:57:08.682Z,sell,5.32e-05,48.0,0.0025536
BRD/BTC,1545195500754,2018-12-19T04:58:20.754Z,buy,5.332e-05,469.0,0.0250070799999999
BRD/BTC,1545195507866,2018-12-19T04:58:27.866Z,sell,5.32e-05,91.0,0.0048411999999999
BRD/BTC,1545195880045,2018-12-19T05:04:40.045Z,sell,5.321e-05,2148.0,0.11429508
BRD/BTC,1545195880045,2018-12-19T05:04:40.045Z,sell,5.32e-05,378.0,0.0201096
BRD/BTC,1545195880045,2018-12-19T05:04:40.045Z,sell,5.317e-05,16296.0,0.86645832
BRD/BTC,1545196692197,2018-12-19T05:18:12.197Z,sell,5.323e-05,281.0,0.01495763
BRD/BTC,1545196699033,2018-12-19T05:18:19.033Z,buy,5.323e-05,375.0,0.01996125
BRD/BTC,1545196740528,2018-12-19T05:19:00.528Z,buy,5.323e-05,100.0,0.005323
BRD/BTC,1545196740528,2018-12-19T05:19:00.528Z,buy,5.323e-05,100.0,0.005323
BRD/BTC,1545197353464,2018-12-19T05:29:13.464Z,sell,5.319e-05,23.0,0.0012233699999999
BRD/BTC,1545197433985,2018-12-19T05:30:33.985Z,sell,5.319e-05,147.0,0.00781893
BRD/BTC,1545197833892,2018-12-19T05:37:13.892Z,sell,5.321e-05,27.0,0.00143667
BRD/BTC,1545198474056,2018-12-19T05:47:54.056Z,sell,5.319e-05,113.0,0.0060104699999999
BRD/BTC,1545198768260,2018-12-19T05:52:48.260Z,sell,5.32e-05,481.0,0.0255892
BRD/BTC,1545198779521,2018-12-19T05:52:59.521Z,sell,5.32e-05,138.0,0.0073416
BRD/BTC,1545198804111,2018-12-19T05:53:24.111Z,sell,5.319e-05,1436.0,0.0763808399999999
BRD/BTC,1545198804111,2018-12-19T05:53:24.111Z,sell,5.318e-05,1084.0,0.05764712
BRD/BTC,1545198807062,2018-12-19T05:53:27.062Z,buy,5.32e-05,94.0,0.0050008
BRD/BTC,1545198814016,2018-12-19T05:53:34.016Z,sell,5.318e-05,21.0,0.00111678
BRD/BTC,1545198814016,2018-12-19T05:53:34.016Z,sell,5.317e-05,1869.0,0.09937473
BRD/BTC,1545198816409,2018-12-19T05:53:36.409Z,sell,5.317e-05,92.0,0.00489164
BRD/BTC,1545198822394,2018-12-19T05:53:42.394Z,sell,5.317e-05,109.0,0.00579553
BRD/BTC,1545198826963,2018-12-19T05:53:46.963Z,sell,5.316e-05,1063.0,0.0565090799999999
BRD/BTC,1545198827050,2018-12-19T05:53:47.050Z,sell,5.316e-05,1100.0,0.058476
BRD/BTC,1545198828950,2018-12-19T05:53:48.950Z,sell,5.314e-05,869.0,0.04617866
BRD/BTC,1545198830964,2018-12-19T05:53:50.964Z,sell,5.312e-05,20.0,0.0010624
BRD/BTC,1545198833954,2018-12-19T05:53:53.954Z,buy,5.317e-05,234.0,0.01244178
BRD/BTC,1545198869504,2018-12-19T05:54:29.504Z,sell,5.312e-05,92.0,0.00488704
BRD/BTC,1545199273298,2018-12-19T06:01:13.298Z,buy,5.316e-05,52.0,0.00276432
BRD/BTC,1545199273298,2018-12-19T06:01:13.298Z,buy,5.332e-05,737.0,0.03929684
BRD/BTC,1545199273298,2018-12-19T06:01:13.298Z,buy,5.339e-05,1946.0,0.10389694
BRD/BTC,1545199273298,2018-12-19T06:01:13.298Z,buy,5.34e-05,642.0,0.0342827999999999
BRD/BTC,1545199447599,2018-12-19T06:04:07.599Z,buy,5.338e-05,24.0,0.00128112
BRD/BTC,1545199493104,2018-12-19T06:04:53.104Z,buy,5.335e-05,150.0,0.0080025
BRD/BTC,1545199493104,2018-12-19T06:04:53.104Z,buy,5.336e-05,330.0,0.0176088
BRD/BTC,1545199493104,2018-12-19T06:04:53.104Z,buy,5.337e-05,290.0,0.0154773
BRD/BTC,1545199576969,2018-12-19T06:06:16.969Z,buy,5.337e-05,39.0,0.00208143
BRD/BTC,1545199591383,2018-12-19T06:06:31.383Z,sell,5.315e-05,97.0,0.00515555
BRD/BTC,1545199591383,2018-12-19T06:06:31.383Z,sell,5.314e-05,283.0,0.01503862
BRD/BTC,1545199591383,2018-12-19T06:06:31.383Z,sell,5.312e-05,116.0,0.0061619199999999
BRD/BTC,1545199663806,2018-12-19T06:07:43.806Z,buy,5.337e-05,24.0,0.0012808799999999
BRD/BTC,1545199671628,2018-12-19T06:07:51.628Z,sell,5.312e-05,127.0,0.00674624
BRD/BTC,1545199672071,2018-12-19T06:07:52.071Z,buy,5.312e-05,125.0,0.00664
BRD/BTC,1545200104622,2018-12-19T06:15:04.622Z,buy,5.335e-05,73.0,0.00389455
BRD/BTC,1545200104622,2018-12-19T06:15:04.622Z,buy,5.336e-05,10.0,0.0005336
BRD/BTC,1545200104622,2018-12-19T06:15:04.622Z,buy,5.335e-05,73.0,0.00389455
BRD/BTC,1545200104622,2018-12-19T06:15:04.622Z,buy,5.336e-05,10.0,0.0005336
BRD/BTC,1545200353543,2018-12-19T06:19:13.543Z,buy,5.334e-05,140.0,0.0074676
BRD/BTC,1545200353543,2018-12-19T06:19:13.543Z,buy,5.335e-05,47.0,0.00250745
BRD/BTC,1545201030062,2018-12-19T06:30:30.062Z,sell,5.332e-05,234.0,0.01247688
BRD/BTC,1545201030202,2018-12-19T06:30:30.202Z,sell,5.332e-05,125.0,0.006665
BRD/BTC,1545201033924,2018-12-19T06:30:33.924Z,sell,5.332e-05,16.0,0.00085312
BRD/BTC,1545201206581,2018-12-19T06:33:26.581Z,sell,5.305e-05,56.0,0.0029708
BRD/BTC,1545201246452,2018-12-19T06:34:06.452Z,buy,5.305e-05,57.0,0.00302385
BRD/BTC,1545201309568,2018-12-19T06:35:09.568Z,buy,5.305e-05,234.0,0.0124137
BRD/BTC,1545201614734,2018-12-19T06:40:14.734Z,sell,5.302e-05,150.0,0.007953
BRD/BTC,1545201617888,2018-12-19T06:40:17.888Z,buy,5.305e-05,709.0,0.03761245
BRD/BTC,1545202191915,2018-12-19T06:49:51.915Z,buy,5.339e-05,1522.0,0.08125958
BRD/BTC,1545202191915,2018-12-19T06:49:51.915Z,buy,5.34e-05,1271.0,0.0678714
BRD/BTC,1545202254244,2018-12-19T06:50:54.244Z,buy,5.34e-05,74.0,0.0039515999999999
BRD/BTC,1545202254275,2018-12-19T06:50:54.275Z,sell,5.34e-05,150.0,0.00801
BRD/BTC,1545202254278,2018-12-19T06:50:54.278Z,sell,5.34e-05,26.0,0.0013884
BRD/BTC,1545202732347,2018-12-19T06:58:52.347Z,sell,5.316e-05,257.0,0.01366212
BRD/BTC,1545203179424,2018-12-19T07:06:19.424Z,sell,5.315e-05,285.0,0.01514775
BRD/BTC,1545203179424,2018-12-19T07:06:19.424Z,sell,5.314e-05,1256.0,0.06674384
BRD/BTC,1545203179424,2018-12-19T07:06:19.424Z,sell,5.313e-05,2021.0,0.10737573
BRD/BTC,1545203179454,2018-12-19T07:06:19.454Z,buy,5.313e-05,26.0,0.00138138
BRD/BTC,1545203179455,2018-12-19T07:06:19.455Z,buy,5.313e-05,88.0,0.00467544
BRD/BTC,1545203314413,2018-12-19T07:08:34.413Z,buy,5.312e-05,210.0,0.0111552
BRD/BTC,1545203314413,2018-12-19T07:08:34.413Z,buy,5.313e-05,590.0,0.0313467
BRD/BTC,1545203661869,2018-12-19T07:14:21.869Z,sell,5.302e-05,233.0,0.0123536599999999
BRD/BTC,1545203661869,2018-12-19T07:14:21.869Z,sell,5.302e-05,233.0,0.0123536599999999
BRD/BTC,1545203964542,2018-12-19T07:19:24.542Z,sell,5.303e-05,349.0,0.0185074699999999
BRD/BTC,1545204385907,2018-12-19T07:26:25.907Z,sell,5.301e-05,85.0,0.00450585
BRD/BTC,1545204453542,2018-12-19T07:27:33.542Z,sell,5.299e-05,50.0,0.0026495
BRD/BTC,1545204453542,2018-12-19T07:27:33.542Z,sell,5.298e-05,42.0,0.00222516
BRD/BTC,1545204453542,2018-12-19T07:27:33.542Z,sell,5.297e-05,46.0,0.00243662
BRD/BTC,1545204453542,2018-12-19T07:27:33.542Z,sell,5.296e-05,161.0,0.00852656
BRD/BTC,1545204461628,2018-12-19T07:27:41.628Z,buy,5.301e-05,93.0,0.00492993
BRD/BTC,1545204481660,2018-12-19T07:28:01.660Z,buy,5.301e-05,51.0,0.00270351
BRD/BTC,1545204481660,2018-12-19T07:28:01.660Z,buy,5.301e-05,51.0,0.00270351
BRD/BTC,1545207619020,2018-12-19T08:20:19.020Z,sell,5.294e-05,57.0,0.0030175799999999
BRD/BTC,1545207619129,2018-12-19T08:20:19.129Z,sell,5.292e-05,23.0,0.00121716
BRD/BTC,1545207619224,2018-12-19T08:20:19.224Z,sell,5.291e-05,21.0,0.00111111
BRD/BTC,1545207619336,2018-12-19T08:20:19.336Z,sell,5.29e-05,94.0,0.0049726
BRD/BTC,1545207622499,2018-12-19T08:20:22.499Z,buy,5.3e-05,67.0,0.003551
BRD/BTC,1545207681222,2018-12-19T08:21:21.222Z,sell,5.287e-05,122.0,0.00645014
BRD/BTC,1545207729508,2018-12-19T08:22:09.508Z,buy,5.3e-05,147.0,0.007791
BRD/BTC,1545207744227,2018-12-19T08:22:24.227Z,buy,5.3e-05,30.0,0.00159
BRD/BTC,1545207752770,2018-12-19T08:22:32.770Z,sell,5.287e-05,161.0,0.00851207
BRD/BTC,1545207764135,2018-12-19T08:22:44.135Z,buy,5.287e-05,361.0,0.01908607
BRD/BTC,1545207793096,2018-12-19T08:23:13.096Z,buy,5.287e-05,103.0,0.00544561
BRD/BTC,1545207844476,2018-12-19T08:24:04.476Z,buy,5.287e-05,63.0,0.00333081
BRD/BTC,1545207983163,2018-12-19T08:26:23.163Z,buy,5.287e-05,204.0,0.01078548
BRD/BTC,1545208036280,2018-12-19T08:27:16.280Z,sell,5.286e-05,42.0,0.00222012
BRD/BTC,1545208038506,2018-12-19T08:27:18.506Z,sell,5.282e-05,134.0,0.00707788
BRD/BTC,1545208040471,2018-12-19T08:27:20.471Z,sell,5.281e-05,28.0,0.00147868
BRD/BTC,1545208040471,2018-12-19T08:27:20.471Z,sell,5.281e-05,28.0,0.00147868
BRD/BTC,1545208360505,2018-12-19T08:32:40.505Z,sell,5.282e-05,185.0,0.0097717
BRD/BTC,1545208360505,2018-12-19T08:32:40.505Z,sell,5.281e-05,32.0,0.00168992
BRD/BTC,1545208360505,2018-12-19T08:32:40.505Z,sell,5.277e-05,154.0,0.00812658
BRD/BTC,1545208360505,2018-12-19T08:32:40.505Z,sell,5.276e-05,28.0,0.00147728
BRD/BTC,1545208360505,2018-12-19T08:32:40.505Z,sell,5.275e-05,229.0,0.01207975
BRD/BTC,1545208360505,2018-12-19T08:32:40.505Z,sell,5.274e-05,1484.0,0.07826616
BRD/BTC,1545208361675,2018-12-19T08:32:41.675Z,buy,5.274e-05,204.0,0.01075896
BRD/BTC,1545208361772,2018-12-19T08:32:41.772Z,buy,5.274e-05,49.0,0.00258426
BRD/BTC,1545208470427,2018-12-19T08:34:30.427Z,sell,5.276e-05,265.0,0.0139814
BRD/BTC,1545208470427,2018-12-19T08:34:30.427Z,sell,5.275e-05,1326.0,0.0699465
BRD/BTC,1545208470427,2018-12-19T08:34:30.427Z,sell,5.274e-05,1425.0,0.0751545
BRD/BTC,1545208471082,2018-12-19T08:34:31.082Z,buy,5.274e-05,34.0,0.00179316
BRD/BTC,1545208482834,2018-12-19T08:34:42.834Z,buy,5.274e-05,29.0,0.00152946
BRD/BTC,1545208539739,2018-12-19T08:35:39.739Z,buy,5.274e-05,152.0,0.00801648
BRD/BTC,1545208548612,2018-12-19T08:35:48.612Z,buy,5.274e-05,69.0,0.00363906
BRD/BTC,1545208881188,2018-12-19T08:41:21.188Z,sell,5.274e-05,39.0,0.00205686
BRD/BTC,1545208892498,2018-12-19T08:41:32.498Z,sell,5.274e-05,47.0,0.00247878
BRD/BTC,1545208893609,2018-12-19T08:41:33.609Z,sell,5.274e-05,41.0,0.00216234
BRD/BTC,1545208894700,2018-12-19T08:41:34.700Z,sell,5.274e-05,86.0,0.00453564
BRD/BTC,1545208943868,2018-12-19T08:42:23.868Z,sell,5.273e-05,117.0,0.00616941
BRD/BTC,1545208949862,2018-12-19T08:42:29.862Z,sell,5.272e-05,41.0,0.0021615199999999
BRD/BTC,1545208961421,2018-12-19T08:42:41.421Z,sell,5.272e-05,194.0,0.01022768
BRD/BTC,1545208984711,2018-12-19T08:43:04.711Z,sell,5.269e-05,46.0,0.0024237399999999
BRD/BTC,1545208986040,2018-12-19T08:43:06.040Z,buy,5.287e-05,40.0,0.0021148
BRD/BTC,1545208995945,2018-12-19T08:43:15.945Z,sell,5.268e-05,82.0,0.00431976
BRD/BTC,1545209013261,2018-12-19T08:43:33.261Z,sell,5.268e-05,33.0,0.00173844
BRD/BTC,1545209058607,2018-12-19T08:44:18.607Z,sell,5.268e-05,62.0,0.0032661599999999
BRD/BTC,1545209060682,2018-12-19T08:44:20.682Z,sell,5.267e-05,27.0,0.00142209
BRD/BTC,1545209110997,2018-12-19T08:45:10.997Z,sell,5.267e-05,44.0,0.00231748
BRD/BTC,1545209111199,2018-12-19T08:45:11.199Z,sell,5.267e-05,12.0,0.00063204
BRD/BTC,1545209118360,2018-12-19T08:45:18.360Z,sell,5.266e-05,43.0,0.00226438
BRD/BTC,1545209161794,2018-12-19T08:46:01.794Z,sell,5.267e-05,33.0,0.00173811
BRD/BTC,1545209221868,2018-12-19T08:47:01.868Z,sell,5.267e-05,159.0,0.00837453
BRD/BTC,1545209227388,2018-12-19T08:47:07.388Z,sell,5.266e-05,14.0,0.00073724
BRD/BTC,1545209227388,2018-12-19T08:47:07.388Z,sell,5.264e-05,29.0,0.00152656
BRD/BTC,1545209269174,2018-12-19T08:47:49.174Z,sell,5.264e-05,23.0,0.00121072
BRD/BTC,1545209310882,2018-12-19T08:48:30.882Z,sell,5.264e-05,62.0,0.0032636799999999
BRD/BTC,1545209310882,2018-12-19T08:48:30.882Z,sell,5.263e-05,58.0,0.00305254
BRD/BTC,1545209310882,2018-12-19T08:48:30.882Z,sell,5.26e-05,251.0,0.0132026
BRD/BTC,1545209310882,2018-12-19T08:48:30.882Z,sell,5.258e-05,50.0,0.002629
BRD/BTC,1545209310882,2018-12-19T08:48:30.882Z,sell,5.257e-05,543.0,0.02854551
BRD/BTC,1545209310882,2018-12-19T08:48:30.882Z,sell,5.256e-05,305.0,0.0160307999999999
BRD/BTC,1545209310882,2018-12-19T08:48:30.882Z,sell,5.252e-05,1064.0,0.05588128
BRD/BTC,1545209310882,2018-12-19T08:48:30.882Z,sell,5.247e-05,664.0,0.0348400799999999
BRD/BTC,1545209314220,2018-12-19T08:48:34.220Z,sell,5.244e-05,20.0,0.0010488
BRD/BTC,1545209350059,2018-12-19T08:49:10.059Z,buy,5.247e-05,35.0,0.0018364499999999
BRD/BTC,1545209362673,2018-12-19T08:49:22.673Z,buy,5.247e-05,35.0,0.0018364499999999
BRD/BTC,1545209363027,2018-12-19T08:49:23.027Z,buy,5.247e-05,30.0,0.0015741
BRD/BTC,1545209371358,2018-12-19T08:49:31.358Z,buy,5.247e-05,77.0,0.00404019
BRD/BTC,1545209371458,2018-12-19T08:49:31.458Z,buy,5.247e-05,284.0,0.01490148
BRD/BTC,1545209405436,2018-12-19T08:50:05.436Z,buy,5.286e-05,226.0,0.01194636
BRD/BTC,1545209410132,2018-12-19T08:50:10.132Z,buy,5.286e-05,30.0,0.0015858
BRD/BTC,1545209992359,2018-12-19T08:59:52.359Z,buy,5.255e-05,82.0,0.0043091
BRD/BTC,1545210059474,2018-12-19T09:00:59.474Z,buy,5.255e-05,200.0,0.0105099999999999
BRD/BTC,1545210207863,2018-12-19T09:03:27.863Z,buy,5.255e-05,255.0,0.0134002499999999
BRD/BTC,1545210315348,2018-12-19T09:05:15.348Z,buy,5.255e-05,22.0,0.0011561
BRD/BTC,1545210660451,2018-12-19T09:11:00.451Z,buy,5.255e-05,40.0,0.0021019999999999
BRD/BTC,1545210729439,2018-12-19T09:12:09.439Z,buy,5.265e-05,291.0,0.01532115
BRD/BTC,1545210912789,2018-12-19T09:15:12.789Z,buy,5.287e-05,33.0,0.00174471
BRD/BTC,1545211027656,2018-12-19T09:17:07.656Z,buy,5.287e-05,95.0,0.00502265
BRD/BTC,1545211584214,2018-12-19T09:26:24.214Z,sell,5.249e-05,953.0,0.05002297
BRD/BTC,1545211584214,2018-12-19T09:26:24.214Z,sell,5.248e-05,190.0,0.0099712
BRD/BTC,1545211584214,2018-12-19T09:26:24.214Z,sell,5.247e-05,262.0,0.01374714
BRD/BTC,1545211584214,2018-12-19T09:26:24.214Z,sell,5.249e-05,953.0,0.05002297
BRD/BTC,1545211584214,2018-12-19T09:26:24.214Z,sell,5.248e-05,190.0,0.0099712
BRD/BTC,1545211584214,2018-12-19T09:26:24.214Z,sell,5.247e-05,262.0,0.01374714
BRD/BTC,1545211842472,2018-12-19T09:30:42.472Z,buy,5.271e-05,189.0,0.00996219
BRD/BTC,1545211842476,2018-12-19T09:30:42.476Z,buy,5.287e-05,57.0,0.00301359
BRD/BTC,1545211843327,2018-12-19T09:30:43.327Z,sell,5.276e-05,58.0,0.00306008
BRD/BTC,1545212296736,2018-12-19T09:38:16.736Z,buy,5.276e-05,95.0,0.0050122
BRD/BTC,1545212454632,2018-12-19T09:40:54.632Z,buy,5.276e-05,209.0,0.01102684
BRD/BTC,1545212454632,2018-12-19T09:40:54.632Z,buy,5.287e-05,93.0,0.00491691
BRD/BTC,1545212454668,2018-12-19T09:40:54.668Z,sell,5.287e-05,204.0,0.01078548
BRD/BTC,1545212455370,2018-12-19T09:40:55.370Z,sell,5.287e-05,275.0,0.01453925
BRD/BTC,1545212456868,2018-12-19T09:40:56.868Z,sell,5.287e-05,30.0,0.0015861
BRD/BTC,1545212478116,2018-12-19T09:41:18.116Z,sell,5.287e-05,93.0,0.00491691
BRD/BTC,1545212496549,2018-12-19T09:41:36.549Z,sell,5.287e-05,154.0,0.00814198
BRD/BTC,1545212500097,2018-12-19T09:41:40.097Z,sell,5.287e-05,283.0,0.01496221
BRD/BTC,1545212522522,2018-12-19T09:42:02.522Z,sell,5.287e-05,4147.0,0.21925189
BRD/BTC,1545212677818,2018-12-19T09:44:37.818Z,sell,5.287e-05,336.0,0.01776432
BRD/BTC,1545212769907,2018-12-19T09:46:09.907Z,sell,5.287e-05,539.0,0.02849693
BRD/BTC,1545212979857,2018-12-19T09:49:39.857Z,sell,5.287e-05,122.0,0.00645014
BRD/BTC,1545212979857,2018-12-19T09:49:39.857Z,sell,5.287e-05,122.0,0.00645014
BRD/BTC,1545215969833,2018-12-19T10:39:29.833Z,buy,5.289e-05,25.0,0.0013222499999999
BRD/BTC,1545215973986,2018-12-19T10:39:33.986Z,buy,5.289e-05,21.0,0.00111069
BRD/BTC,1545215974568,2018-12-19T10:39:34.568Z,buy,5.289e-05,76.0,0.00401964
BRD/BTC,1545216047625,2018-12-19T10:40:47.625Z,buy,5.288e-05,100.0,0.005288
BRD/BTC,1545216093169,2018-12-19T10:41:33.169Z,sell,5.265e-05,74.0,0.0038961
BRD/BTC,1545216157165,2018-12-19T10:42:37.165Z,sell,5.265e-05,76.0,0.0040014
BRD/BTC,1545216302392,2018-12-19T10:45:02.392Z,sell,5.265e-05,1.0,5.265e-05
BRD/BTC,1545216302392,2018-12-19T10:45:02.392Z,sell,5.264e-05,32.0,0.00168448
BRD/BTC,1545216334304,2018-12-19T10:45:34.304Z,sell,5.264e-05,292.0,0.01537088
BRD/BTC,1545216334304,2018-12-19T10:45:34.304Z,sell,5.262e-05,234.0,0.01231308
BRD/BTC,1545216404264,2018-12-19T10:46:44.264Z,buy,5.286e-05,50.0,0.002643
BRD/BTC,1545216487447,2018-12-19T10:48:07.447Z,sell,5.26e-05,504.0,0.0265104
BRD/BTC,1545216487447,2018-12-19T10:48:07.447Z,sell,5.252e-05,285.0,0.0149682
BRD/BTC,1545216487447,2018-12-19T10:48:07.447Z,sell,5.247e-05,1512.0,0.07933464
BRD/BTC,1545216495841,2018-12-19T10:48:15.841Z,buy,5.284e-05,95.0,0.0050198
BRD/BTC,1545216496510,2018-12-19T10:48:16.510Z,buy,5.284e-05,757.0,0.03999988
BRD/BTC,1545216496977,2018-12-19T10:48:16.977Z,buy,5.284e-05,76.0,0.00401584
BRD/BTC,1545216496977,2018-12-19T10:48:16.977Z,buy,5.284e-05,76.0,0.00401584
BRD/BTC,1545216650165,2018-12-19T10:50:50.165Z,sell,5.258e-05,190.0,0.0099902
BRD/BTC,1545216651518,2018-12-19T10:50:51.518Z,buy,5.284e-05,189.0,0.00998676
BRD/BTC,1545216794692,2018-12-19T10:53:14.692Z,sell,5.259e-05,95.0,0.00499605
BRD/BTC,1545216794692,2018-12-19T10:53:14.692Z,sell,5.258e-05,380.0,0.0199804
BRD/BTC,1545216794692,2018-12-19T10:53:14.692Z,sell,5.248e-05,482.0,0.02529536
BRD/BTC,1545216853387,2018-12-19T10:54:13.387Z,sell,5.249e-05,953.0,0.05002297
BRD/BTC,1545216853387,2018-12-19T10:54:13.387Z,sell,5.248e-05,228.0,0.0119654399999999
BRD/BTC,1545216853505,2018-12-19T10:54:13.505Z,buy,5.248e-05,30.0,0.0015743999999999
BRD/BTC,1545216866307,2018-12-19T10:54:26.307Z,buy,5.248e-05,923.0,0.0484390399999999
BRD/BTC,1545216919741,2018-12-19T10:55:19.741Z,buy,5.248e-05,435.0,0.0228288
BRD/BTC,1545216919750,2018-12-19T10:55:19.750Z,buy,5.248e-05,435.0,0.0228288
BRD/BTC,1545216919769,2018-12-19T10:55:19.769Z,buy,5.248e-05,31.0,0.00162688
BRD/BTC,1545216920034,2018-12-19T10:55:20.034Z,buy,5.248e-05,435.0,0.0228288
BRD/BTC,1545216920062,2018-12-19T10:55:20.062Z,buy,5.248e-05,156.0,0.00818688
BRD/BTC,1545217008807,2018-12-19T10:56:48.807Z,buy,5.248e-05,4150.0,0.2177919999999999
BRD/BTC,1545217231625,2018-12-19T11:00:31.625Z,sell,5.251e-05,250.0,0.0131274999999999
BRD/BTC,1545217332713,2018-12-19T11:02:12.713Z,sell,5.246e-05,251.0,0.01316746
BRD/BTC,1545217890048,2018-12-19T11:11:30.048Z,sell,5.251e-05,41.0,0.00215291
BRD/BTC,1545218202810,2018-12-19T11:16:42.810Z,sell,5.251e-05,13.0,0.0006826299999999
BRD/BTC,1545218202810,2018-12-19T11:16:42.810Z,sell,5.246e-05,143.0,0.00750178
BRD/BTC,1545218303208,2018-12-19T11:18:23.208Z,sell,5.246e-05,840.0,0.0440664
BRD/BTC,1545219040517,2018-12-19T11:30:40.517Z,sell,5.245e-05,28.0,0.0014686
BRD/BTC,1545219059983,2018-12-19T11:30:59.983Z,buy,5.245e-05,28.0,0.0014686
BRD/BTC,1545219060978,2018-12-19T11:31:00.978Z,buy,5.245e-05,293.0,0.01536785
BRD/BTC,1545219080982,2018-12-19T11:31:20.982Z,buy,5.245e-05,40.0,0.002098
BRD/BTC,1545219089993,2018-12-19T11:31:29.993Z,buy,5.245e-05,1266.0,0.0664017
BRD/BTC,1545219107539,2018-12-19T11:31:47.539Z,sell,5.244e-05,28.0,0.00146832
BRD/BTC,1545219107539,2018-12-19T11:31:47.539Z,sell,5.243e-05,55.0,0.0028836499999999
BRD/BTC,1545219107539,2018-12-19T11:31:47.539Z,sell,5.242e-05,39.0,0.00204438
BRD/BTC,1545219107539,2018-12-19T11:31:47.539Z,sell,5.24e-05,58.0,0.0030392
BRD/BTC,1545219107539,2018-12-19T11:31:47.539Z,sell,5.238e-05,28.0,0.00146664
BRD/BTC,1545219107539,2018-12-19T11:31:47.539Z,sell,5.237e-05,44.0,0.00230428
BRD/BTC,1545219107539,2018-12-19T11:31:47.539Z,sell,5.235e-05,985.0,0.05156475
BRD/BTC,1545219107539,2018-12-19T11:31:47.539Z,sell,5.234e-05,464.0,0.02428576
BRD/BTC,1545219107539,2018-12-19T11:31:47.539Z,sell,5.244e-05,28.0,0.00146832
BRD/BTC,1545219107539,2018-12-19T11:31:47.539Z,sell,5.243e-05,55.0,0.0028836499999999
BRD/BTC,1545219107539,2018-12-19T11:31:47.539Z,sell,5.242e-05,39.0,0.00204438
BRD/BTC,1545219107539,2018-12-19T11:31:47.539Z,sell,5.24e-05,58.0,0.0030392
BRD/BTC,1545219107539,2018-12-19T11:31:47.539Z,sell,5.238e-05,28.0,0.00146664
BRD/BTC,1545219107539,2018-12-19T11:31:47.539Z,sell,5.237e-05,44.0,0.00230428
BRD/BTC,1545219107539,2018-12-19T11:31:47.539Z,sell,5.235e-05,985.0,0.05156475
BRD/BTC,1545219107539,2018-12-19T11:31:47.539Z,sell,5.234e-05,464.0,0.02428576
BRD/BTC,1545220194346,2018-12-19T11:49:54.346Z,buy,5.275e-05,189.0,0.00996975
BRD/BTC,1545220237146,2018-12-19T11:50:37.146Z,buy,5.275e-05,30.0,0.0015825
BRD/BTC,1545220427690,2018-12-19T11:53:47.690Z,sell,5.241e-05,201.0,0.01053441
BRD/BTC,1545220686571,2018-12-19T11:58:06.571Z,sell,5.242e-05,650.0,0.034073
BRD/BTC,1545220861988,2018-12-19T12:01:01.988Z,buy,5.273e-05,379.0,0.01998467
BRD/BTC,1545221137248,2018-12-19T12:05:37.248Z,buy,5.272e-05,55.0,0.0028996
BRD/BTC,1545221172622,2018-12-19T12:06:12.622Z,buy,5.272e-05,30.0,0.0015815999999999
BRD/BTC,1545221176287,2018-12-19T12:06:16.287Z,buy,5.272e-05,88.0,0.0046393599999999
BRD/BTC,1545221176287,2018-12-19T12:06:16.287Z,buy,5.273e-05,13.0,0.00068549
BRD/BTC,1545221186688,2018-12-19T12:06:26.688Z,buy,5.273e-05,1132.0,0.05969036
BRD/BTC,1545221205974,2018-12-19T12:06:45.974Z,buy,5.274e-05,258.0,0.01360692
BRD/BTC,1545221205992,2018-12-19T12:06:45.992Z,sell,5.3e-05,1259.0,0.066727
BRD/BTC,1545221225371,2018-12-19T12:07:05.371Z,sell,5.3e-05,48.0,0.002544
BRD/BTC,1545221226147,2018-12-19T12:07:06.147Z,sell,5.3e-05,2621.0,0.138913
BRD/BTC,1545221248402,2018-12-19T12:07:28.402Z,buy,5.298e-05,101.0,0.00535098
BRD/BTC,1545221248402,2018-12-19T12:07:28.402Z,buy,5.299e-05,355.0,0.01881145
BRD/BTC,1545221311266,2018-12-19T12:08:31.266Z,buy,5.297e-05,151.0,0.00799847
BRD/BTC,1545221311266,2018-12-19T12:08:31.266Z,buy,5.298e-05,245.0,0.0129801
BRD/BTC,1545221331152,2018-12-19T12:08:51.152Z,sell,5.298e-05,3156.0,0.16720488
BRD/BTC,1545221354372,2018-12-19T12:09:14.372Z,buy,5.302e-05,324.0,0.01717848
BRD/BTC,1545221390674,2018-12-19T12:09:50.674Z,buy,5.307e-05,340.0,0.0180438
BRD/BTC,1545221400603,2018-12-19T12:10:00.603Z,sell,5.308e-05,942.0,0.05000136
BRD/BTC,1545221402188,2018-12-19T12:10:02.188Z,buy,5.309e-05,295.0,0.01566155
BRD/BTC,1545221410829,2018-12-19T12:10:10.829Z,buy,5.31e-05,152.0,0.0080712
BRD/BTC,1545221420090,2018-12-19T12:10:20.090Z,sell,5.31e-05,435.0,0.0230985
BRD/BTC,1545221420161,2018-12-19T12:10:20.161Z,sell,5.31e-05,203.0,0.0107793
BRD/BTC,1545221420490,2018-12-19T12:10:20.490Z,buy,5.311e-05,644.0,0.03420284
BRD/BTC,1545221455597,2018-12-19T12:10:55.597Z,buy,5.311e-05,326.0,0.01731386
BRD/BTC,1545221508273,2018-12-19T12:11:48.273Z,buy,5.312e-05,210.0,0.0111552
BRD/BTC,1545221508273,2018-12-19T12:11:48.273Z,buy,5.313e-05,656.0,0.03485328
BRD/BTC,1545221508320,2018-12-19T12:11:48.320Z,buy,5.313e-05,37.0,0.00196581
BRD/BTC,1545221508320,2018-12-19T12:11:48.320Z,buy,5.313e-05,131.0,0.00696003
BRD/BTC,1545221508349,2018-12-19T12:11:48.349Z,buy,5.313e-05,37.0,0.00196581
BRD/BTC,1545221527233,2018-12-19T12:12:07.233Z,buy,5.313e-05,208.0,0.01105104
BRD/BTC,1545221537243,2018-12-19T12:12:17.243Z,sell,5.314e-05,709.0,0.03767626
BRD/BTC,1545221574029,2018-12-19T12:12:54.029Z,sell,5.314e-05,382.0,0.02029948
BRD/BTC,1545221604328,2018-12-19T12:13:24.328Z,sell,5.314e-05,701.0,0.03725114
BRD/BTC,1545221606528,2018-12-19T12:13:26.528Z,buy,5.314e-05,9.0,0.00047826
BRD/BTC,1545221804255,2018-12-19T12:16:44.255Z,buy,5.316e-05,95.0,0.0050502
BRD/BTC,1545221804255,2018-12-19T12:16:44.255Z,buy,5.318e-05,757.0,0.04025726
BRD/BTC,1545221804255,2018-12-19T12:16:44.255Z,buy,5.325e-05,74.0,0.0039405
BRD/BTC,1545221804302,2018-12-19T12:16:44.302Z,sell,5.32e-05,123.0,0.0065436
BRD/BTC,1545221827981,2018-12-19T12:17:07.981Z,sell,5.32e-05,19.0,0.0010108
BRD/BTC,1545221954462,2018-12-19T12:19:14.462Z,sell,5.32e-05,415.0,0.022078
BRD/BTC,1545221954527,2018-12-19T12:19:14.527Z,buy,5.32e-05,40.0,0.002128
BRD/BTC,1545221954638,2018-12-19T12:19:14.638Z,buy,5.32e-05,21.0,0.0011172
BRD/BTC,1545221959672,2018-12-19T12:19:19.672Z,sell,5.301e-05,51.0,0.00270351
BRD/BTC,1545221965865,2018-12-19T12:19:25.865Z,buy,5.307e-05,287.0,0.01523109
BRD/BTC,1545222062390,2018-12-19T12:21:02.390Z,buy,5.32e-05,56.0,0.0029792
BRD/BTC,1545222314112,2018-12-19T12:25:14.112Z,sell,5.309e-05,30.0,0.0015927
BRD/BTC,1545222314112,2018-12-19T12:25:14.112Z,sell,5.308e-05,152.0,0.00806816
BRD/BTC,1545222314112,2018-12-19T12:25:14.112Z,sell,5.303e-05,518.0,0.02746954
BRD/BTC,1545222314112,2018-12-19T12:25:14.112Z,sell,5.3e-05,236.0,0.012508
BRD/BTC,1545222679622,2018-12-19T12:31:19.622Z,buy,5.319e-05,188.0,0.00999972
BRD/BTC,1545222679622,2018-12-19T12:31:19.622Z,buy,5.319e-05,188.0,0.00999972
BRD/BTC,1545222959822,2018-12-19T12:35:59.822Z,buy,5.317e-05,23.0,0.00122291
BRD/BTC,1545223015738,2018-12-19T12:36:55.738Z,sell,5.319e-05,215.0,0.01143585
BRD/BTC,1545223044174,2018-12-19T12:37:24.174Z,buy,5.32e-05,281.0,0.0149492
BRD/BTC,1545223436785,2018-12-19T12:43:56.785Z,buy,5.32e-05,41.0,0.0021812
BRD/BTC,1545223465415,2018-12-19T12:44:25.415Z,sell,5.325e-05,95.0,0.00505875
BRD/BTC,1545223467106,2018-12-19T12:44:27.106Z,sell,5.325e-05,5.0,0.00026625
BRD/BTC,1545223482563,2018-12-19T12:44:42.563Z,buy,5.325e-05,55.0,0.00292875
BRD/BTC,1545223482563,2018-12-19T12:44:42.563Z,buy,5.327e-05,474.0,0.02524998
BRD/BTC,1545223482563,2018-12-19T12:44:42.563Z,buy,5.331e-05,152.0,0.00810312
BRD/BTC,1545223482563,2018-12-19T12:44:42.563Z,buy,5.332e-05,93.0,0.0049587599999999
BRD/BTC,1545223482563,2018-12-19T12:44:42.563Z,buy,5.333e-05,358.0,0.01909214
BRD/BTC,1545223482563,2018-12-19T12:44:42.563Z,buy,5.334e-05,172.0,0.00917448
BRD/BTC,1545223482563,2018-12-19T12:44:42.563Z,buy,5.336e-05,61.0,0.00325496
BRD/BTC,1545223482563,2018-12-19T12:44:42.563Z,buy,5.338e-05,163.0,0.00870094
BRD/BTC,1545223482563,2018-12-19T12:44:42.563Z,buy,5.338e-05,14.0,0.00074732
BRD/BTC,1545223482563,2018-12-19T12:44:42.563Z,buy,5.343e-05,159.0,0.00849537
BRD/BTC,1545223482563,2018-12-19T12:44:42.563Z,buy,5.344e-05,151.0,0.00806944
BRD/BTC,1545223482563,2018-12-19T12:44:42.563Z,buy,5.346e-05,171.0,0.00914166
BRD/BTC,1545223482563,2018-12-19T12:44:42.563Z,buy,5.347e-05,96.0,0.00513312
BRD/BTC,1545223482563,2018-12-19T12:44:42.563Z,buy,5.35e-05,309.0,0.0165315
BRD/BTC,1545223482563,2018-12-19T12:44:42.563Z,buy,5.353e-05,97.0,0.00519241
BRD/BTC,1545223482636,2018-12-19T12:44:42.636Z,sell,5.354e-05,46.0,0.00246284
BRD/BTC,1545223482702,2018-12-19T12:44:42.702Z,sell,5.354e-05,6.0,0.00032124
BRD/BTC,1545223503968,2018-12-19T12:45:03.968Z,sell,5.324e-05,76.0,0.0040462399999999
BRD/BTC,1545223503968,2018-12-19T12:45:03.968Z,sell,5.324e-05,56.0,0.00298144
BRD/BTC,1545223512339,2018-12-19T12:45:12.339Z,buy,5.325e-05,77.0,0.00410025
BRD/BTC,1545223515343,2018-12-19T12:45:15.343Z,buy,5.324e-05,132.0,0.00702768
BRD/BTC,1545223517649,2018-12-19T12:45:17.649Z,sell,5.324e-05,213.0,0.01134012
BRD/BTC,1545223695499,2018-12-19T12:48:15.499Z,buy,5.34e-05,46.0,0.0024564
BRD/BTC,1545223695499,2018-12-19T12:48:15.499Z,buy,5.354e-05,47.0,0.00251638
BRD/BTC,1545223730056,2018-12-19T12:48:50.056Z,buy,5.354e-05,19.0,0.00101726
BRD/BTC,1545223752848,2018-12-19T12:49:12.848Z,buy,5.354e-05,93.0,0.0049792199999999
BRD/BTC,1545223786985,2018-12-19T12:49:46.985Z,buy,5.354e-05,88.0,0.00471152
BRD/BTC,1545223786985,2018-12-19T12:49:46.985Z,buy,5.357e-05,64.0,0.00342848
BRD/BTC,1545223786985,2018-12-19T12:49:46.985Z,buy,5.361e-05,61.0,0.00327021
BRD/BTC,1545223786985,2018-12-19T12:49:46.985Z,buy,5.362e-05,59.0,0.00316358
BRD/BTC,1545223805650,2018-12-19T12:50:05.650Z,buy,5.362e-05,19.0,0.00101878
BRD/BTC,1545223955044,2018-12-19T12:52:35.044Z,buy,5.361e-05,111.0,0.00595071
BRD/BTC,1545224223267,2018-12-19T12:57:03.267Z,buy,5.34e-05,180.0,0.0096119999999999
BRD/BTC,1545224278838,2018-12-19T12:57:58.838Z,sell,5.341e-05,446.0,0.02382086
BRD/BTC,1545224588541,2018-12-19T13:03:08.541Z,buy,5.361e-05,93.0,0.00498573
BRD/BTC,1545224630933,2018-12-19T13:03:50.933Z,buy,5.361e-05,50.0,0.0026804999999999
BRD/BTC,1545224694809,2018-12-19T13:04:54.809Z,sell,5.331e-05,27.0,0.00143937
BRD/BTC,1545224753828,2018-12-19T13:05:53.828Z,sell,5.332e-05,54.0,0.0028792799999999
BRD/BTC,1545224753828,2018-12-19T13:05:53.828Z,sell,5.331e-05,22.0,0.00117282
BRD/BTC,1545225040266,2018-12-19T13:10:40.266Z,buy,5.361e-05,54.0,0.00289494
BRD/BTC,1545225040266,2018-12-19T13:10:40.266Z,buy,5.362e-05,39.0,0.0020911799999999
BRD/BTC,1545225044837,2018-12-19T13:10:44.837Z,buy,5.361e-05,66.0,0.0035382599999999
BRD/BTC,1545225044837,2018-12-19T13:10:44.837Z,buy,5.362e-05,27.0,0.0014477399999999
BRD/BTC,1545225060198,2018-12-19T13:11:00.198Z,buy,5.362e-05,93.0,0.0049866599999999
BRD/BTC,1545225270504,2018-12-19T13:14:30.504Z,buy,5.362e-05,474.0,0.02541588
BRD/BTC,1545225273854,2018-12-19T13:14:33.854Z,sell,5.332e-05,53.0,0.0028259599999999
