symbol,timestamp,datetime,side,price,amount,btc_volume
BRD/BTC,1569077970281,2019-09-21T14:59:30.281Z,sell,2.327e-05,956.0,0.0222461199999999
BRD/BTC,1569078110485,2019-09-21T15:01:50.485Z,buy,2.329e-05,279.0,0.00649791
BRD/BTC,1569078138252,2019-09-21T15:02:18.252Z,buy,2.329e-05,120.0,0.0027948
BRD/BTC,1569078156458,2019-09-21T15:02:36.458Z,buy,2.329e-05,5.0,0.00011645
BRD/BTC,1569078296080,2019-09-21T15:04:56.080Z,sell,2.327e-05,595.0,0.01384565
BRD/BTC,1569078440630,2019-09-21T15:07:20.630Z,buy,2.329e-05,172.0,0.00400588
BRD/BTC,1569078547733,2019-09-21T15:09:07.733Z,buy,2.324e-05,126.0,0.00292824
BRD/BTC,1569078548367,2019-09-21T15:09:08.367Z,buy,2.322e-05,87.0,0.00202014
BRD/BTC,1569078596753,2019-09-21T15:09:56.753Z,buy,2.329e-05,436.0,0.0101544399999999
BRD/BTC,1569078703356,2019-09-21T15:11:43.356Z,sell,2.328e-05,17.0,0.00039576
BRD/BTC,1569078737678,2019-09-21T15:12:17.678Z,buy,2.328e-05,296.0,0.00689088
BRD/BTC,1569078748975,2019-09-21T15:12:28.975Z,buy,2.328e-05,214.0,0.00498192
BRD/BTC,1569078748975,2019-09-21T15:12:28.975Z,buy,2.329e-05,217.0,0.00505393
BRD/BTC,1569078927144,2019-09-21T15:15:27.144Z,buy,2.329e-05,300.0,0.0069869999999999
BRD/BTC,1569078954851,2019-09-21T15:15:54.851Z,buy,2.329e-05,10.0,0.0002329
BRD/BTC,1569079117027,2019-09-21T15:18:37.027Z,buy,2.328e-05,128.0,0.00297984
BRD/BTC,1569079117027,2019-09-21T15:18:37.027Z,buy,2.329e-05,798.0,0.01858542
BRD/BTC,1569079259567,2019-09-21T15:20:59.567Z,buy,2.329e-05,2.0,4.658e-05
BRD/BTC,1569079390090,2019-09-21T15:23:10.090Z,buy,2.329e-05,934.0,0.02175286
BRD/BTC,1569079518690,2019-09-21T15:25:18.690Z,buy,2.329e-05,2.0,4.658e-05
BRD/BTC,1569079598485,2019-09-21T15:26:38.485Z,buy,2.329e-05,709.0,0.01651261
BRD/BTC,1569079672969,2019-09-21T15:27:52.969Z,sell,2.324e-05,28.0,0.00065072
BRD/BTC,1569079758678,2019-09-21T15:29:18.678Z,buy,2.329e-05,646.0,0.0150453399999999
BRD/BTC,1569079852145,2019-09-21T15:30:52.145Z,buy,2.329e-05,304.0,0.0070801599999999
BRD/BTC,1569080046921,2019-09-21T15:34:06.921Z,buy,2.329e-05,354.0,0.00824466
BRD/BTC,1569080184153,2019-09-21T15:36:24.153Z,sell,2.325e-05,88.0,0.002046
BRD/BTC,1569080371568,2019-09-21T15:39:31.568Z,sell,2.325e-05,340.0,0.007905
BRD/BTC,1569080371688,2019-09-21T15:39:31.688Z,sell,2.325e-05,111.0,0.0025807499999999
BRD/BTC,1569080433360,2019-09-21T15:40:33.360Z,buy,2.328e-05,275.0,0.006402
BRD/BTC,1569080625005,2019-09-21T15:43:45.005Z,buy,2.328e-05,787.0,0.01832136
BRD/BTC,1569080701158,2019-09-21T15:45:01.158Z,sell,2.324e-05,5.0,0.0001162
BRD/BTC,1569080733003,2019-09-21T15:45:33.003Z,sell,2.318e-05,404.0,0.00936472
BRD/BTC,1569080733003,2019-09-21T15:45:33.003Z,sell,2.318e-05,18.0,0.00041724
BRD/BTC,1569080821273,2019-09-21T15:47:01.273Z,buy,2.328e-05,2.0,4.656e-05
BRD/BTC,1569080931644,2019-09-21T15:48:51.644Z,buy,2.328e-05,297.0,0.00691416
BRD/BTC,1569080934342,2019-09-21T15:48:54.342Z,buy,2.328e-05,6.0,0.00013968
BRD/BTC,1569081143224,2019-09-21T15:52:23.224Z,buy,2.327e-05,629.0,0.01463683
BRD/BTC,1569081311787,2019-09-21T15:55:11.787Z,buy,2.326e-05,231.0,0.00537306
BRD/BTC,1569081537727,2019-09-21T15:58:57.727Z,buy,2.327e-05,813.0,0.01891851
BRD/BTC,1569081537727,2019-09-21T15:58:57.727Z,buy,2.327e-05,813.0,0.01891851
BRD/BTC,1569081614165,2019-09-21T16:00:14.165Z,buy,2.324e-05,13.0,0.00030212
BRD/BTC,1569081697520,2019-09-21T16:01:37.520Z,buy,2.327e-05,218.0,0.00507286
BRD/BTC,1569081709139,2019-09-21T16:01:49.139Z,sell,2.326e-05,13.0,0.00030238
BRD/BTC,1569081709461,2019-09-21T16:01:49.461Z,sell,2.326e-05,13.0,0.00030238
BRD/BTC,1569081881652,2019-09-21T16:04:41.652Z,buy,2.327e-05,90.0,0.0020943
BRD/BTC,1569081881722,2019-09-21T16:04:41.722Z,sell,2.327e-05,171.0,0.00397917
BRD/BTC,1569081881846,2019-09-21T16:04:41.846Z,sell,2.327e-05,55.0,0.00127985
BRD/BTC,1569081890219,2019-09-21T16:04:50.219Z,sell,2.327e-05,31.0,0.0007213699999999
BRD/BTC,1569081890552,2019-09-21T16:04:50.552Z,sell,2.317e-05,31.0,0.00071827
BRD/BTC,1569081912378,2019-09-21T16:05:12.378Z,sell,2.317e-05,237.0,0.00549129
BRD/BTC,1569081912378,2019-09-21T16:05:12.378Z,sell,2.316e-05,935.0,0.0216546
BRD/BTC,1569081912378,2019-09-21T16:05:12.378Z,sell,2.315e-05,261.0,0.00604215
BRD/BTC,1569081922667,2019-09-21T16:05:22.667Z,sell,2.316e-05,14.0,0.00032424
BRD/BTC,1569081987360,2019-09-21T16:06:27.360Z,buy,2.317e-05,161.0,0.00373037
BRD/BTC,1569082124337,2019-09-21T16:08:44.337Z,buy,2.328e-05,555.0,0.0129204
BRD/BTC,1569082327064,2019-09-21T16:12:07.064Z,buy,2.328e-05,489.0,0.01138392
BRD/BTC,1569082585974,2019-09-21T16:16:25.974Z,buy,2.328e-05,925.0,0.021534
BRD/BTC,1569082835904,2019-09-21T16:20:35.904Z,buy,2.328e-05,642.0,0.01494576
BRD/BTC,1569083084826,2019-09-21T16:24:44.826Z,buy,2.328e-05,839.0,0.01953192
BRD/BTC,1569083241097,2019-09-21T16:27:21.097Z,buy,2.327e-05,15.0,0.00034905
BRD/BTC,1569083241097,2019-09-21T16:27:21.097Z,buy,2.328e-05,967.0,0.02251176
BRD/BTC,1569083316317,2019-09-21T16:28:36.317Z,buy,2.328e-05,147.0,0.00342216
BRD/BTC,1569083394189,2019-09-21T16:29:54.189Z,buy,2.328e-05,705.0,0.0164124
BRD/BTC,1569083631658,2019-09-21T16:33:51.658Z,buy,2.328e-05,654.0,0.01522512
BRD/BTC,1569083764717,2019-09-21T16:36:04.717Z,buy,2.328e-05,114.0,0.00265392
BRD/BTC,1569083764717,2019-09-21T16:36:04.717Z,buy,2.329e-05,57.0,0.00132753
BRD/BTC,1569083795261,2019-09-21T16:36:35.261Z,buy,2.329e-05,5545.0,0.1291430499999999
BRD/BTC,1569083795261,2019-09-21T16:36:35.261Z,buy,2.33e-05,818.0,0.0190594
BRD/BTC,1569083795261,2019-09-21T16:36:35.261Z,buy,2.331e-05,914.0,0.02130534
BRD/BTC,1569083795261,2019-09-21T16:36:35.261Z,buy,2.332e-05,238.0,0.00555016
BRD/BTC,1569083795261,2019-09-21T16:36:35.261Z,buy,2.333e-05,244.0,0.0056925199999999
BRD/BTC,1569083795261,2019-09-21T16:36:35.261Z,buy,2.334e-05,884.0,0.02063256
BRD/BTC,1569083795261,2019-09-21T16:36:35.261Z,buy,2.335e-05,1592.0,0.0371731999999999
BRD/BTC,1569083795261,2019-09-21T16:36:35.261Z,buy,2.336e-05,285.0,0.0066576
BRD/BTC,1569083795261,2019-09-21T16:36:35.261Z,buy,2.337e-05,581.0,0.01357797
BRD/BTC,1569083795261,2019-09-21T16:36:35.261Z,buy,2.338e-05,445.0,0.0104041
BRD/BTC,1569083795261,2019-09-21T16:36:35.261Z,buy,2.339e-05,363.0,0.00849057
BRD/BTC,1569083795261,2019-09-21T16:36:35.261Z,buy,2.34e-05,655.0,0.015327
BRD/BTC,1569083795261,2019-09-21T16:36:35.261Z,buy,2.341e-05,314.0,0.00735074
BRD/BTC,1569083795261,2019-09-21T16:36:35.261Z,buy,2.342e-05,764.0,0.01789288
BRD/BTC,1569083795261,2019-09-21T16:36:35.261Z,buy,2.343e-05,384.0,0.00899712
BRD/BTC,1569083795261,2019-09-21T16:36:35.261Z,buy,2.344e-05,1166.0,0.0273310399999999
BRD/BTC,1569083795261,2019-09-21T16:36:35.261Z,buy,2.345e-05,1032.0,0.0242004
BRD/BTC,1569083795261,2019-09-21T16:36:35.261Z,buy,2.347e-05,457.0,0.01072579
BRD/BTC,1569083795261,2019-09-21T16:36:35.261Z,buy,2.35e-05,97.0,0.0022795
BRD/BTC,1569083795261,2019-09-21T16:36:35.261Z,buy,2.352e-05,310.0,0.0072911999999999
BRD/BTC,1569083795261,2019-09-21T16:36:35.261Z,buy,2.354e-05,4380.0,0.1031052
BRD/BTC,1569083807737,2019-09-21T16:36:47.737Z,sell,2.334e-05,43.0,0.00100362
BRD/BTC,1569083829457,2019-09-21T16:37:09.457Z,buy,2.339e-05,5.0,0.00011695
BRD/BTC,1569083848297,2019-09-21T16:37:28.297Z,sell,2.335e-05,43.0,0.0010040499999999
BRD/BTC,1569083892991,2019-09-21T16:38:12.991Z,buy,2.345e-05,12.0,0.0002814
BRD/BTC,1569083892991,2019-09-21T16:38:12.991Z,buy,2.346e-05,262.0,0.00614652
BRD/BTC,1569083892991,2019-09-21T16:38:12.991Z,buy,2.347e-05,305.0,0.00715835
BRD/BTC,1569083936626,2019-09-21T16:38:56.626Z,buy,2.347e-05,5333.0,0.12516551
BRD/BTC,1569083936655,2019-09-21T16:38:56.655Z,buy,2.348e-05,894.0,0.02099112
BRD/BTC,1569083936688,2019-09-21T16:38:56.688Z,sell,2.347e-05,264.0,0.00619608
BRD/BTC,1569083945038,2019-09-21T16:39:05.038Z,sell,2.348e-05,43.0,0.00100964
BRD/BTC,1569083959101,2019-09-21T16:39:19.101Z,buy,2.349e-05,100.0,0.002349
BRD/BTC,1569083966527,2019-09-21T16:39:26.527Z,sell,2.348e-05,115.0,0.0027002
BRD/BTC,1569083971628,2019-09-21T16:39:31.628Z,sell,2.348e-05,52.0,0.0012209599999999
BRD/BTC,1569084003023,2019-09-21T16:40:03.023Z,buy,2.349e-05,172.0,0.00404028
BRD/BTC,1569084003023,2019-09-21T16:40:03.023Z,buy,2.35e-05,3064.0,0.072004
BRD/BTC,1569084003860,2019-09-21T16:40:03.860Z,sell,2.35e-05,5.0,0.0001175
BRD/BTC,1569084024456,2019-09-21T16:40:24.456Z,sell,2.35e-05,84.0,0.001974
BRD/BTC,1569084030179,2019-09-21T16:40:30.179Z,sell,2.35e-05,69.0,0.0016215
BRD/BTC,1569084066456,2019-09-21T16:41:06.456Z,buy,2.351e-05,788.0,0.01852588
BRD/BTC,1569084085323,2019-09-21T16:41:25.323Z,sell,2.351e-05,297.0,0.00698247
BRD/BTC,1569084108323,2019-09-21T16:41:48.323Z,buy,2.352e-05,120.0,0.0028223999999999
BRD/BTC,1569084108323,2019-09-21T16:41:48.323Z,buy,2.353e-05,979.0,0.02303587
BRD/BTC,1569084141022,2019-09-21T16:42:21.022Z,sell,2.353e-05,12.0,0.00028236
BRD/BTC,1569084141036,2019-09-21T16:42:21.036Z,sell,2.353e-05,559.0,0.01315327
BRD/BTC,1569084175643,2019-09-21T16:42:55.643Z,buy,2.354e-05,1727.0,0.04065358
BRD/BTC,1569084175643,2019-09-21T16:42:55.643Z,buy,2.355e-05,1131.0,0.02663505
BRD/BTC,1569084237467,2019-09-21T16:43:57.467Z,buy,2.356e-05,638.0,0.01503128
BRD/BTC,1569084237467,2019-09-21T16:43:57.467Z,buy,2.357e-05,234.0,0.00551538
BRD/BTC,1569084237467,2019-09-21T16:43:57.467Z,buy,2.358e-05,371.0,0.00874818
BRD/BTC,1569084237467,2019-09-21T16:43:57.467Z,buy,2.359e-05,894.0,0.02108946
BRD/BTC,1569084237467,2019-09-21T16:43:57.467Z,buy,2.36e-05,372.0,0.0087792
BRD/BTC,1569084237581,2019-09-21T16:43:57.581Z,sell,2.36e-05,11.0,0.0002596
BRD/BTC,1569084237671,2019-09-21T16:43:57.671Z,sell,2.36e-05,170.0,0.004012
BRD/BTC,1569084248604,2019-09-21T16:44:08.604Z,sell,2.36e-05,5.0,0.000118
BRD/BTC,1569084271467,2019-09-21T16:44:31.467Z,sell,2.348e-05,214.0,0.00502472
BRD/BTC,1569084279419,2019-09-21T16:44:39.419Z,sell,2.348e-05,18.0,0.0004226399999999
BRD/BTC,1569084334162,2019-09-21T16:45:34.162Z,sell,2.357e-05,85.0,0.00200345
BRD/BTC,1569084335781,2019-09-21T16:45:35.781Z,sell,2.357e-05,309.0,0.00728313
BRD/BTC,1569084372975,2019-09-21T16:46:12.975Z,buy,2.357e-05,1344.0,0.03167808
BRD/BTC,1569084372975,2019-09-21T16:46:12.975Z,buy,2.361e-05,419.0,0.00989259
BRD/BTC,1569084372975,2019-09-21T16:46:12.975Z,buy,2.362e-05,832.0,0.01965184
BRD/BTC,1569084373055,2019-09-21T16:46:13.055Z,sell,2.362e-05,487.0,0.01150294
BRD/BTC,1569084430935,2019-09-21T16:47:10.935Z,buy,2.363e-05,1005.0,0.02374815
BRD/BTC,1569084430935,2019-09-21T16:47:10.935Z,buy,2.364e-05,666.0,0.01574424
BRD/BTC,1569084430935,2019-09-21T16:47:10.935Z,buy,2.365e-05,2063.0,0.04878995
BRD/BTC,1569084430935,2019-09-21T16:47:10.935Z,buy,2.366e-05,657.0,0.01554462
BRD/BTC,1569084431055,2019-09-21T16:47:11.055Z,sell,2.366e-05,193.0,0.00456638
BRD/BTC,1569084440495,2019-09-21T16:47:20.495Z,sell,2.366e-05,544.0,0.01287104
BRD/BTC,1569084444221,2019-09-21T16:47:24.221Z,sell,2.366e-05,125.0,0.0029575
BRD/BTC,1569084482785,2019-09-21T16:48:02.785Z,buy,2.367e-05,790.0,0.0186993
BRD/BTC,1569084482785,2019-09-21T16:48:02.785Z,buy,2.368e-05,360.0,0.0085248
BRD/BTC,1569084482785,2019-09-21T16:48:02.785Z,buy,2.369e-05,509.0,0.01205821
BRD/BTC,1569084482785,2019-09-21T16:48:02.785Z,buy,2.37e-05,1081.0,0.0256197
BRD/BTC,1569084482856,2019-09-21T16:48:02.856Z,sell,2.37e-05,267.0,0.0063279
BRD/BTC,1569084483510,2019-09-21T16:48:03.510Z,buy,2.371e-05,26.0,0.00061646
BRD/BTC,1569084489743,2019-09-21T16:48:09.743Z,buy,2.371e-05,11.0,0.00026081
BRD/BTC,1569084492326,2019-09-21T16:48:12.326Z,sell,2.37e-05,1143.0,0.0270891
BRD/BTC,1569084492427,2019-09-21T16:48:12.427Z,sell,2.37e-05,37.0,0.0008769
BRD/BTC,1569084503552,2019-09-21T16:48:23.552Z,sell,2.37e-05,806.0,0.0191022
BRD/BTC,1569084526507,2019-09-21T16:48:46.507Z,buy,2.371e-05,977.0,0.02316467
BRD/BTC,1569084548463,2019-09-21T16:49:08.463Z,sell,2.371e-05,5.0,0.00011855
BRD/BTC,1569084573301,2019-09-21T16:49:33.301Z,buy,2.372e-05,455.0,0.0107926
BRD/BTC,1569084573361,2019-09-21T16:49:33.361Z,sell,2.372e-05,2363.0,0.05605036
BRD/BTC,1569084696408,2019-09-21T16:51:36.408Z,buy,2.372e-05,428.0,0.01015216
BRD/BTC,1569084696408,2019-09-21T16:51:36.408Z,buy,2.373e-05,205.0,0.00486465
BRD/BTC,1569084696408,2019-09-21T16:51:36.408Z,buy,2.374e-05,854.0,0.02027396
BRD/BTC,1569084812998,2019-09-21T16:53:32.998Z,sell,2.372e-05,154.0,0.00365288
BRD/BTC,1569084965013,2019-09-21T16:56:05.013Z,sell,2.368e-05,163.0,0.00385984
BRD/BTC,1569085013882,2019-09-21T16:56:53.882Z,sell,2.362e-05,20.0,0.0004724
BRD/BTC,1569085013882,2019-09-21T16:56:53.882Z,sell,2.362e-05,20.0,0.0004724
BRD/BTC,1569085414871,2019-09-21T17:03:34.871Z,sell,2.361e-05,9.0,0.00021249
BRD/BTC,1569085931804,2019-09-21T17:12:11.804Z,sell,2.361e-05,50.0,0.0011805
BRD/BTC,1569086666500,2019-09-21T17:24:26.500Z,sell,2.361e-05,146.0,0.00344706
BRD/BTC,1569086674370,2019-09-21T17:24:34.370Z,buy,2.361e-05,2.0,4.722e-05
BRD/BTC,1569086705277,2019-09-21T17:25:05.277Z,sell,2.36e-05,455.0,0.010738
BRD/BTC,1569086705347,2019-09-21T17:25:05.347Z,sell,2.359e-05,836.0,0.01972124
BRD/BTC,1569086708378,2019-09-21T17:25:08.378Z,sell,2.358e-05,63.0,0.00148554
BRD/BTC,1569086709712,2019-09-21T17:25:09.712Z,buy,2.36e-05,84.0,0.0019824
BRD/BTC,1569086732386,2019-09-21T17:25:32.386Z,sell,2.358e-05,213.0,0.00502254
BRD/BTC,1569086739953,2019-09-21T17:25:39.953Z,buy,2.359e-05,25.0,0.00058975
BRD/BTC,1569086739953,2019-09-21T17:25:39.953Z,buy,2.36e-05,13.0,0.0003068
BRD/BTC,1569086739953,2019-09-21T17:25:39.953Z,buy,2.368e-05,30.0,0.0007104
BRD/BTC,1569086744327,2019-09-21T17:25:44.327Z,buy,2.368e-05,51.0,0.00120768
BRD/BTC,1569086755003,2019-09-21T17:25:55.003Z,buy,2.367e-05,7.0,0.00016569
BRD/BTC,1569086755003,2019-09-21T17:25:55.003Z,buy,2.368e-05,31.0,0.00073408
BRD/BTC,1569086776963,2019-09-21T17:26:16.963Z,buy,2.368e-05,28.0,0.00066304
BRD/BTC,1569086779894,2019-09-21T17:26:19.894Z,buy,2.368e-05,43.0,0.00101824
BRD/BTC,1569086783592,2019-09-21T17:26:23.592Z,buy,2.368e-05,22.0,0.00052096
BRD/BTC,1569086785071,2019-09-21T17:26:25.071Z,buy,2.368e-05,22.0,0.00052096
BRD/BTC,1569086934863,2019-09-21T17:28:54.863Z,sell,2.358e-05,67.0,0.00157986
BRD/BTC,1569086985111,2019-09-21T17:29:45.111Z,sell,2.358e-05,51.0,0.00120258
BRD/BTC,1569087026680,2019-09-21T17:30:26.680Z,sell,2.358e-05,76.0,0.00179208
BRD/BTC,1569087082780,2019-09-21T17:31:22.780Z,sell,2.358e-05,77.0,0.00181566
BRD/BTC,1569087281506,2019-09-21T17:34:41.506Z,buy,2.368e-05,5.0,0.0001184
BRD/BTC,1569087281506,2019-09-21T17:34:41.506Z,buy,2.37e-05,59.0,0.0013983
BRD/BTC,1569087283683,2019-09-21T17:34:43.683Z,buy,2.37e-05,64.0,0.0015168
BRD/BTC,1569087764279,2019-09-21T17:42:44.279Z,buy,2.37e-05,405.0,0.0095985
BRD/BTC,1569087764296,2019-09-21T17:42:44.296Z,sell,2.37e-05,920.0,0.021804
BRD/BTC,1569087764312,2019-09-21T17:42:44.312Z,sell,2.37e-05,788.0,0.0186756
BRD/BTC,1569087764315,2019-09-21T17:42:44.315Z,sell,2.37e-05,344.0,0.0081528
BRD/BTC,1569087764334,2019-09-21T17:42:44.334Z,sell,2.37e-05,479.0,0.0113523
BRD/BTC,1569087764386,2019-09-21T17:42:44.386Z,sell,2.37e-05,128.0,0.0030336
BRD/BTC,1569087764386,2019-09-21T17:42:44.386Z,sell,2.358e-05,61.0,0.00143838
BRD/BTC,1569087764386,2019-09-21T17:42:44.386Z,sell,2.357e-05,130.0,0.0030641
BRD/BTC,1569087764408,2019-09-21T17:42:44.408Z,buy,2.371e-05,2.0,4.742e-05
BRD/BTC,1569087807818,2019-09-21T17:43:27.818Z,sell,2.361e-05,342.0,0.00807462
BRD/BTC,1569087807878,2019-09-21T17:43:27.878Z,buy,2.37e-05,2.0,4.74e-05
BRD/BTC,1569087878591,2019-09-21T17:44:38.591Z,buy,2.37e-05,13.0,0.0003081
BRD/BTC,1569087882679,2019-09-21T17:44:42.679Z,buy,2.37e-05,27.0,0.0006399
BRD/BTC,1569087886540,2019-09-21T17:44:46.540Z,buy,2.37e-05,27.0,0.0006399
BRD/BTC,1569087890401,2019-09-21T17:44:50.401Z,buy,2.37e-05,27.0,0.0006399
BRD/BTC,1569087894168,2019-09-21T17:44:54.168Z,buy,2.37e-05,27.0,0.0006399
BRD/BTC,1569087933573,2019-09-21T17:45:33.573Z,buy,2.369e-05,16.0,0.00037904
BRD/BTC,1569087934089,2019-09-21T17:45:34.089Z,buy,2.369e-05,28.0,0.00066332
BRD/BTC,1569087934591,2019-09-21T17:45:34.591Z,buy,2.369e-05,28.0,0.00066332
BRD/BTC,1569087935071,2019-09-21T17:45:35.071Z,buy,2.369e-05,28.0,0.00066332
BRD/BTC,1569087935255,2019-09-21T17:45:35.255Z,buy,2.369e-05,28.0,0.00066332
BRD/BTC,1569088418835,2019-09-21T17:53:38.835Z,buy,2.368e-05,2.0,4.736e-05
BRD/BTC,1569088418835,2019-09-21T17:53:38.835Z,buy,2.368e-05,2.0,4.736e-05
BRD/BTC,1569088635251,2019-09-21T17:57:15.251Z,buy,2.367e-05,189.0,0.00447363
BRD/BTC,1569089248981,2019-09-21T18:07:28.981Z,buy,2.368e-05,2.0,4.736e-05
BRD/BTC,1569089779922,2019-09-21T18:16:19.922Z,sell,2.357e-05,36.0,0.00084852
BRD/BTC,1569089779922,2019-09-21T18:16:19.922Z,sell,2.356e-05,360.0,0.0084816
BRD/BTC,1569089780783,2019-09-21T18:16:20.783Z,sell,2.355e-05,440.0,0.010362
BRD/BTC,1569089781653,2019-09-21T18:16:21.653Z,sell,2.354e-05,783.0,0.01843182
BRD/BTC,1569089783037,2019-09-21T18:16:23.037Z,sell,2.353e-05,123.0,0.00289419
BRD/BTC,1569089788751,2019-09-21T18:16:28.751Z,sell,2.353e-05,589.0,0.01385917
BRD/BTC,1569089788751,2019-09-21T18:16:28.751Z,sell,2.352e-05,223.0,0.00524496
BRD/BTC,1569089967814,2019-09-21T18:19:27.814Z,buy,2.356e-05,24.0,0.00056544
BRD/BTC,1569091554814,2019-09-21T18:45:54.814Z,sell,2.354e-05,5.0,0.0001177
BRD/BTC,1569091554814,2019-09-21T18:45:54.814Z,sell,2.352e-05,341.0,0.00802032
BRD/BTC,1569091706723,2019-09-21T18:48:26.723Z,buy,2.356e-05,52.0,0.00122512
BRD/BTC,1569091927388,2019-09-21T18:52:07.388Z,sell,2.352e-05,46.0,0.0010819199999999
BRD/BTC,1569091927388,2019-09-21T18:52:07.388Z,sell,2.352e-05,46.0,0.0010819199999999
BRD/BTC,1569092427275,2019-09-21T19:00:27.275Z,sell,2.352e-05,372.0,0.0087494399999999
BRD/BTC,1569092428199,2019-09-21T19:00:28.199Z,sell,2.351e-05,632.0,0.01485832
BRD/BTC,1569092429124,2019-09-21T19:00:29.124Z,sell,2.35e-05,429.0,0.0100815
BRD/BTC,1569092460876,2019-09-21T19:01:00.876Z,buy,2.355e-05,84.0,0.0019782
BRD/BTC,1569092461187,2019-09-21T19:01:01.187Z,buy,2.355e-05,48.0,0.0011304
BRD/BTC,1569092465434,2019-09-21T19:01:05.434Z,buy,2.356e-05,8.0,0.00018848
BRD/BTC,1569092635916,2019-09-21T19:03:55.916Z,sell,2.35e-05,40.0,0.00094
BRD/BTC,1569093258695,2019-09-21T19:14:18.695Z,buy,2.356e-05,9.0,0.00021204
BRD/BTC,1569093372691,2019-09-21T19:16:12.691Z,buy,2.353e-05,64.0,0.00150592
BRD/BTC,1569093372691,2019-09-21T19:16:12.691Z,buy,2.356e-05,21.0,0.00049476
BRD/BTC,1569093841081,2019-09-21T19:24:01.081Z,buy,2.356e-05,113.0,0.00266228
BRD/BTC,1569094132195,2019-09-21T19:28:52.195Z,buy,2.356e-05,431.0,0.01015436
BRD/BTC,1569095248787,2019-09-21T19:47:28.787Z,sell,2.354e-05,462.0,0.01087548
BRD/BTC,1569095415920,2019-09-21T19:50:15.920Z,buy,2.363e-05,2.0,4.726e-05
BRD/BTC,1569095419793,2019-09-21T19:50:19.793Z,buy,2.363e-05,2.0,4.726e-05
BRD/BTC,1569095419793,2019-09-21T19:50:19.793Z,buy,2.363e-05,2.0,4.726e-05
BRD/BTC,1569095795282,2019-09-21T19:56:35.282Z,buy,2.363e-05,2.0,4.726e-05
BRD/BTC,1569096054801,2019-09-21T20:00:54.801Z,buy,2.363e-05,82.0,0.00193766
BRD/BTC,1569096055542,2019-09-21T20:00:55.542Z,buy,2.363e-05,52.0,0.00122876
BRD/BTC,1569096352907,2019-09-21T20:05:52.907Z,sell,2.354e-05,48.0,0.00112992
BRD/BTC,1569096645120,2019-09-21T20:10:45.120Z,sell,2.353e-05,529.0,0.01244737
BRD/BTC,1569096647344,2019-09-21T20:10:47.344Z,sell,2.35e-05,1450.0,0.034075
BRD/BTC,1569096648046,2019-09-21T20:10:48.046Z,sell,2.35e-05,6.0,0.0001409999999999
BRD/BTC,1569096844193,2019-09-21T20:14:04.193Z,sell,2.356e-05,164.0,0.00386384
BRD/BTC,1569097599108,2019-09-21T20:26:39.108Z,sell,2.356e-05,247.0,0.00581932
BRD/BTC,1569098372715,2019-09-21T20:39:32.715Z,sell,2.349e-05,259.0,0.00608391
BRD/BTC,1569098478987,2019-09-21T20:41:18.987Z,sell,2.349e-05,160.0,0.0037584
BRD/BTC,1569098495136,2019-09-21T20:41:35.136Z,sell,2.348e-05,95.0,0.0022305999999999
BRD/BTC,1569098495136,2019-09-21T20:41:35.136Z,sell,2.347e-05,382.0,0.00896554
BRD/BTC,1569098525984,2019-09-21T20:42:05.984Z,sell,2.347e-05,512.0,0.01201664
BRD/BTC,1569098564555,2019-09-21T20:42:44.555Z,sell,2.346e-05,371.0,0.00870366
BRD/BTC,1569098564555,2019-09-21T20:42:44.555Z,sell,2.345e-05,1741.0,0.04082645
BRD/BTC,1569098622600,2019-09-21T20:43:42.600Z,sell,2.346e-05,5.0,0.0001172999999999
BRD/BTC,1569098622600,2019-09-21T20:43:42.600Z,sell,2.345e-05,602.0,0.0141169
BRD/BTC,1569098622600,2019-09-21T20:43:42.600Z,sell,2.344e-05,1349.0,0.03162056
BRD/BTC,1569098622600,2019-09-21T20:43:42.600Z,sell,2.343e-05,951.0,0.02228193
BRD/BTC,1569098622600,2019-09-21T20:43:42.600Z,sell,2.342e-05,925.0,0.0216635
BRD/BTC,1569098622600,2019-09-21T20:43:42.600Z,sell,2.341e-05,979.0,0.02291839
BRD/BTC,1569098622600,2019-09-21T20:43:42.600Z,sell,2.34e-05,120.0,0.0028079999999999
BRD/BTC,1569098622600,2019-09-21T20:43:42.600Z,buy,2.34e-05,288.0,0.0067392
BRD/BTC,1569098622635,2019-09-21T20:43:42.635Z,buy,2.34e-05,632.0,0.0147888
BRD/BTC,1569098625672,2019-09-21T20:43:45.672Z,sell,2.339e-05,478.0,0.01118042
BRD/BTC,1569098633140,2019-09-21T20:43:53.140Z,sell,2.339e-05,310.0,0.0072509
BRD/BTC,1569098633140,2019-09-21T20:43:53.140Z,sell,2.338e-05,133.0,0.00310954
BRD/BTC,1569098664963,2019-09-21T20:44:24.963Z,sell,2.339e-05,3444.0,0.08055516
BRD/BTC,1569098664963,2019-09-21T20:44:24.963Z,sell,2.338e-05,434.0,0.01014692
BRD/BTC,1569098664963,2019-09-21T20:44:24.963Z,sell,2.337e-05,272.0,0.00635664
BRD/BTC,1569098664963,2019-09-21T20:44:24.963Z,sell,2.336e-05,894.0,0.02088384
BRD/BTC,1569098664963,2019-09-21T20:44:24.963Z,sell,2.335e-05,453.0,0.01057755
BRD/BTC,1569098664963,2019-09-21T20:44:24.963Z,sell,2.334e-05,399.0,0.00931266
BRD/BTC,1569098664963,2019-09-21T20:44:24.963Z,sell,2.333e-05,937.0,0.0218602099999999
BRD/BTC,1569098664963,2019-09-21T20:44:24.963Z,sell,2.332e-05,340.0,0.0079288
BRD/BTC,1569098664963,2019-09-21T20:44:24.963Z,sell,2.331e-05,819.0,0.01909089
BRD/BTC,1569098664963,2019-09-21T20:44:24.963Z,sell,2.33e-05,764.0,0.0178012
BRD/BTC,1569098664963,2019-09-21T20:44:24.963Z,sell,2.329e-05,314.0,0.00731306
BRD/BTC,1569098664963,2019-09-21T20:44:24.963Z,sell,2.328e-05,631.0,0.01468968
BRD/BTC,1569098664963,2019-09-21T20:44:24.963Z,sell,2.327e-05,657.0,0.0152883899999999
BRD/BTC,1569098664963,2019-09-21T20:44:24.963Z,sell,2.326e-05,538.0,0.01251388
BRD/BTC,1569098664963,2019-09-21T20:44:24.963Z,sell,2.325e-05,581.0,0.01350825
BRD/BTC,1569098664963,2019-09-21T20:44:24.963Z,sell,2.324e-05,465.0,0.0108066
BRD/BTC,1569098664963,2019-09-21T20:44:24.963Z,sell,2.323e-05,912.0,0.0211857599999999
BRD/BTC,1569098664963,2019-09-21T20:44:24.963Z,sell,2.322e-05,1307.0,0.03034854
BRD/BTC,1569098664963,2019-09-21T20:44:24.963Z,sell,2.319e-05,60.0,0.0013914
BRD/BTC,1569098664963,2019-09-21T20:44:24.963Z,sell,2.318e-05,285.0,0.0066063
BRD/BTC,1569098664963,2019-09-21T20:44:24.963Z,sell,2.317e-05,214.0,0.00495838
BRD/BTC,1569098664963,2019-09-21T20:44:24.963Z,sell,2.315e-05,271.0,0.00627365
BRD/BTC,1569098664963,2019-09-21T20:44:24.963Z,sell,2.313e-05,180.0,0.0041634
BRD/BTC,1569098664963,2019-09-21T20:44:24.963Z,sell,2.311e-05,5.0,0.00011555
BRD/BTC,1569098664963,2019-09-21T20:44:24.963Z,sell,2.31e-05,15.0,0.0003464999999999
BRD/BTC,1569098664963,2019-09-21T20:44:24.963Z,sell,2.304e-05,1304.0,0.03004416
BRD/BTC,1569098664963,2019-09-21T20:44:24.963Z,sell,2.303e-05,180.0,0.0041454
BRD/BTC,1569098664963,2019-09-21T20:44:24.963Z,sell,2.3e-05,494.0,0.011362
BRD/BTC,1569098664963,2019-09-21T20:44:24.963Z,sell,2.299e-05,2135.0,0.04908365
BRD/BTC,1569098664963,2019-09-21T20:44:24.963Z,sell,2.298e-05,4269.0,0.09810162
BRD/BTC,1569098664963,2019-09-21T20:44:24.963Z,sell,2.297e-05,512.0,0.01176064
BRD/BTC,1569098664998,2019-09-21T20:44:24.998Z,buy,2.3e-05,2258.0,0.051934
BRD/BTC,1569098665565,2019-09-21T20:44:25.565Z,buy,2.338e-05,86.0,0.00201068
BRD/BTC,1569098667176,2019-09-21T20:44:27.176Z,sell,2.314e-05,180.0,0.0041652
BRD/BTC,1569098667726,2019-09-21T20:44:27.726Z,buy,2.324e-05,23.0,0.00053452
BRD/BTC,1569098669253,2019-09-21T20:44:29.253Z,sell,2.315e-05,143.0,0.00331045
BRD/BTC,1569098688028,2019-09-21T20:44:48.028Z,sell,2.323e-05,33.0,0.0007665899999999
BRD/BTC,1569098705011,2019-09-21T20:45:05.011Z,sell,2.322e-05,187.0,0.00434214
BRD/BTC,1569098730269,2019-09-21T20:45:30.269Z,sell,2.321e-05,426.0,0.00988746
BRD/BTC,1569098756066,2019-09-21T20:45:56.066Z,buy,2.323e-05,5.0,0.00011615
BRD/BTC,1569098760149,2019-09-21T20:46:00.149Z,buy,2.323e-05,98.0,0.00227654
BRD/BTC,1569098816412,2019-09-21T20:46:56.412Z,buy,2.323e-05,56.0,0.00130088
BRD/BTC,1569098869532,2019-09-21T20:47:49.532Z,buy,2.323e-05,44.0,0.00102212
BRD/BTC,1569098895652,2019-09-21T20:48:15.652Z,sell,2.321e-05,27.0,0.00062667
BRD/BTC,1569099006432,2019-09-21T20:50:06.432Z,buy,2.323e-05,429.0,0.00996567
BRD/BTC,1569099006432,2019-09-21T20:50:06.432Z,buy,2.324e-05,586.0,0.01361864
BRD/BTC,1569099006432,2019-09-21T20:50:06.432Z,buy,2.323e-05,429.0,0.00996567
BRD/BTC,1569099006432,2019-09-21T20:50:06.432Z,buy,2.324e-05,586.0,0.01361864
BRD/BTC,1569099072338,2019-09-21T20:51:12.338Z,buy,2.326e-05,8.0,0.00018608
BRD/BTC,1569099119205,2019-09-21T20:51:59.205Z,sell,2.321e-05,37.0,0.00085877
BRD/BTC,1569099119205,2019-09-21T20:51:59.205Z,sell,2.32e-05,6320.0,0.146624
BRD/BTC,1569099137429,2019-09-21T20:52:17.429Z,sell,2.32e-05,37.0,0.0008584
BRD/BTC,1569099166102,2019-09-21T20:52:46.102Z,buy,2.32e-05,8.0,0.0001856
BRD/BTC,1569099171153,2019-09-21T20:52:51.153Z,buy,2.323e-05,8.0,0.00018584
BRD/BTC,1569099173226,2019-09-21T20:52:53.226Z,buy,2.323e-05,43.0,0.0009988899999999
BRD/BTC,1569099264267,2019-09-21T20:54:24.267Z,buy,2.325e-05,8.0,0.000186
BRD/BTC,1569099264388,2019-09-21T20:54:24.388Z,buy,2.325e-05,8.0,0.000186
BRD/BTC,1569099264581,2019-09-21T20:54:24.581Z,buy,2.325e-05,64.0,0.001488
BRD/BTC,1569099264841,2019-09-21T20:54:24.841Z,buy,2.325e-05,85.0,0.00197625
BRD/BTC,1569099265103,2019-09-21T20:54:25.103Z,buy,2.325e-05,214.0,0.0049755
BRD/BTC,1569099265208,2019-09-21T20:54:25.208Z,buy,2.325e-05,156.0,0.003627
BRD/BTC,1569099265208,2019-09-21T20:54:25.208Z,buy,2.326e-05,52.0,0.00120952
BRD/BTC,1569099265208,2019-09-21T20:54:25.208Z,buy,2.328e-05,36.0,0.00083808
BRD/BTC,1569099265768,2019-09-21T20:54:25.768Z,buy,2.328e-05,9.0,0.00020952
BRD/BTC,1569099265768,2019-09-21T20:54:25.768Z,buy,2.332e-05,238.0,0.00555016
BRD/BTC,1569099265790,2019-09-21T20:54:25.790Z,sell,2.332e-05,396.0,0.00923472
BRD/BTC,1569099265810,2019-09-21T20:54:25.810Z,sell,2.332e-05,252.0,0.00587664
BRD/BTC,1569099265817,2019-09-21T20:54:25.817Z,sell,2.332e-05,176.0,0.00410432
BRD/BTC,1569099265951,2019-09-21T20:54:25.951Z,sell,2.332e-05,513.0,0.01196316
BRD/BTC,1569099266047,2019-09-21T20:54:26.047Z,sell,2.332e-05,184.0,0.00429088
BRD/BTC,1569099266749,2019-09-21T20:54:26.749Z,buy,2.327e-05,85.0,0.00197795
BRD/BTC,1569099267593,2019-09-21T20:54:27.593Z,buy,2.327e-05,231.0,0.00537537
BRD/BTC,1569099267593,2019-09-21T20:54:27.593Z,buy,2.331e-05,383.0,0.00892773
BRD/BTC,1569099269217,2019-09-21T20:54:29.217Z,buy,2.333e-05,2.0,4.666e-05
BRD/BTC,1569099269327,2019-09-21T20:54:29.327Z,sell,2.332e-05,5.0,0.0001166
BRD/BTC,1569099417422,2019-09-21T20:56:57.422Z,buy,2.333e-05,2.0,4.666e-05
BRD/BTC,1569099483659,2019-09-21T20:58:03.659Z,buy,2.333e-05,240.0,0.0055991999999999
BRD/BTC,1569099485076,2019-09-21T20:58:05.076Z,sell,2.333e-05,11.0,0.00025663
BRD/BTC,1569099499569,2019-09-21T20:58:19.569Z,buy,2.334e-05,884.0,0.02063256
BRD/BTC,1569099499569,2019-09-21T20:58:19.569Z,buy,2.335e-05,697.0,0.01627495
BRD/BTC,1569099679356,2019-09-21T21:01:19.356Z,sell,2.333e-05,11.0,0.00025663
BRD/BTC,1569099709574,2019-09-21T21:01:49.574Z,sell,2.333e-05,79.0,0.0018430699999999
BRD/BTC,1569099760726,2019-09-21T21:02:40.726Z,sell,2.333e-05,312.0,0.0072789599999999
BRD/BTC,1569099807063,2019-09-21T21:03:27.063Z,buy,2.335e-05,2.0,4.67e-05
BRD/BTC,1569099936920,2019-09-21T21:05:36.920Z,sell,2.333e-05,359.0,0.00837547
BRD/BTC,1569101344048,2019-09-21T21:29:04.048Z,buy,2.335e-05,2.0,4.67e-05
BRD/BTC,1569101385223,2019-09-21T21:29:45.223Z,buy,2.335e-05,2.0,4.67e-05
BRD/BTC,1569101591212,2019-09-21T21:33:11.212Z,buy,2.335e-05,2.0,4.67e-05
BRD/BTC,1569102077109,2019-09-21T21:41:17.109Z,buy,2.335e-05,2.0,4.67e-05
BRD/BTC,1569102236171,2019-09-21T21:43:56.171Z,sell,2.333e-05,143.0,0.0033361899999999
BRD/BTC,1569102387090,2019-09-21T21:46:27.090Z,buy,2.335e-05,2.0,4.67e-05
BRD/BTC,1569102387090,2019-09-21T21:46:27.090Z,buy,2.335e-05,2.0,4.67e-05
BRD/BTC,1569103131734,2019-09-21T21:58:51.734Z,sell,2.333e-05,428.0,0.00998524
BRD/BTC,1569103246507,2019-09-21T22:00:46.507Z,sell,2.332e-05,121.0,0.00282172
BRD/BTC,1569103428610,2019-09-21T22:03:48.610Z,sell,2.332e-05,265.0,0.0061798
BRD/BTC,1569103465421,2019-09-21T22:04:25.421Z,sell,2.332e-05,153.0,0.00356796
BRD/BTC,1569103481034,2019-09-21T22:04:41.034Z,sell,2.332e-05,171.0,0.00398772
BRD/BTC,1569103481154,2019-09-21T22:04:41.154Z,sell,2.332e-05,129.0,0.00300828
BRD/BTC,1569103481259,2019-09-21T22:04:41.259Z,sell,2.332e-05,40.0,0.0009328
BRD/BTC,1569103482009,2019-09-21T22:04:42.009Z,sell,2.332e-05,225.0,0.005247
BRD/BTC,1569103482264,2019-09-21T22:04:42.264Z,sell,2.332e-05,32.0,0.00074624
BRD/BTC,1569103483183,2019-09-21T22:04:43.183Z,sell,2.332e-05,53.0,0.00123596
BRD/BTC,1569103604695,2019-09-21T22:06:44.695Z,sell,2.332e-05,5.0,0.0001166
BRD/BTC,1569103658523,2019-09-21T22:07:38.523Z,sell,2.332e-05,6907.0,0.16107124
BRD/BTC,1569103705205,2019-09-21T22:08:25.205Z,buy,2.334e-05,2.0,4.668e-05
BRD/BTC,1569103742736,2019-09-21T22:09:02.736Z,sell,2.326e-05,565.0,0.0131419
BRD/BTC,1569103742736,2019-09-21T22:09:02.736Z,sell,2.324e-05,743.0,0.01726732
BRD/BTC,1569103743299,2019-09-21T22:09:03.299Z,buy,2.334e-05,7.0,0.00016338
BRD/BTC,1569103809653,2019-09-21T22:10:09.653Z,sell,2.324e-05,565.0,0.0131306
BRD/BTC,1569103809653,2019-09-21T22:10:09.653Z,sell,2.323e-05,323.0,0.00750329
BRD/BTC,1569103809653,2019-09-21T22:10:09.653Z,sell,2.322e-05,704.0,0.01634688
BRD/BTC,1569103809653,2019-09-21T22:10:09.653Z,sell,2.321e-05,244.0,0.00566324
BRD/BTC,1569103809653,2019-09-21T22:10:09.653Z,sell,2.32e-05,238.0,0.0055216
BRD/BTC,1569103809653,2019-09-21T22:10:09.653Z,sell,2.319e-05,914.0,0.02119566
BRD/BTC,1569103809671,2019-09-21T22:10:09.671Z,buy,2.319e-05,666.0,0.01544454
BRD/BTC,1569103869059,2019-09-21T22:11:09.059Z,sell,2.322e-05,153.0,0.00355266
BRD/BTC,1569103869059,2019-09-21T22:11:09.059Z,sell,2.321e-05,183.0,0.00424743
BRD/BTC,1569103869059,2019-09-21T22:11:09.059Z,sell,2.318e-05,66.0,0.00152988
BRD/BTC,1569105901736,2019-09-21T22:45:01.736Z,buy,2.329e-05,2.0,4.658e-05
BRD/BTC,1569105901736,2019-09-21T22:45:01.736Z,buy,2.329e-05,2.0,4.658e-05
BRD/BTC,1569106072092,2019-09-21T22:47:52.092Z,buy,2.329e-05,52.0,0.00121108
BRD/BTC,1569106076297,2019-09-21T22:47:56.297Z,buy,2.331e-05,258.0,0.0060139799999999
BRD/BTC,1569106076391,2019-09-21T22:47:56.391Z,buy,2.331e-05,248.0,0.0057808799999999
BRD/BTC,1569106126018,2019-09-21T22:48:46.018Z,buy,2.331e-05,5.0,0.0001165499999999
BRD/BTC,1569109258524,2019-09-21T23:40:58.524Z,sell,2.319e-05,332.0,0.00769908
BRD/BTC,1569109258524,2019-09-21T23:40:58.524Z,sell,2.318e-05,99.0,0.00229482
BRD/BTC,1569109413911,2019-09-21T23:43:33.911Z,sell,2.318e-05,30.0,0.0006954
BRD/BTC,1569109413911,2019-09-21T23:43:33.911Z,sell,2.318e-05,30.0,0.0006954
BRD/BTC,1569109619812,2019-09-21T23:46:59.812Z,sell,2.319e-05,190.0,0.0044061
BRD/BTC,1569109619812,2019-09-21T23:46:59.812Z,sell,2.318e-05,699.0,0.01620282
BRD/BTC,1569109619854,2019-09-21T23:46:59.854Z,buy,2.318e-05,230.0,0.0053314
BRD/BTC,1569109724311,2019-09-21T23:48:44.311Z,buy,2.33e-05,5.0,0.0001165
BRD/BTC,1569111114597,2019-09-22T00:11:54.597Z,buy,2.329e-05,26.0,0.00060554
BRD/BTC,1569111463381,2019-09-22T00:17:43.381Z,buy,2.329e-05,27.0,0.0006288299999999
BRD/BTC,1569111463618,2019-09-22T00:17:43.618Z,buy,2.329e-05,258.0,0.00600882
BRD/BTC,1569111463663,2019-09-22T00:17:43.663Z,buy,2.329e-05,14.0,0.00032606
BRD/BTC,1569111466262,2019-09-22T00:17:46.262Z,buy,2.329e-05,42.0,0.00097818
BRD/BTC,1569111467518,2019-09-22T00:17:47.518Z,buy,2.329e-05,97.0,0.00225913
BRD/BTC,1569111468304,2019-09-22T00:17:48.304Z,buy,2.329e-05,44.0,0.00102476
BRD/BTC,1569111468434,2019-09-22T00:17:48.434Z,buy,2.329e-05,1551.0,0.0361227899999999
BRD/BTC,1569111468434,2019-09-22T00:17:48.434Z,buy,2.33e-05,595.0,0.0138635
BRD/BTC,1569111468947,2019-09-22T00:17:48.947Z,buy,2.33e-05,25.0,0.0005825
BRD/BTC,1569111469503,2019-09-22T00:17:49.503Z,buy,2.33e-05,106.0,0.0024698
BRD/BTC,1569111469717,2019-09-22T00:17:49.717Z,buy,2.33e-05,113.0,0.0026329
BRD/BTC,1569111477766,2019-09-22T00:17:57.766Z,buy,2.33e-05,43.0,0.0010019
BRD/BTC,1569111560688,2019-09-22T00:19:20.688Z,buy,2.33e-05,27.0,0.0006291
BRD/BTC,1569111869575,2019-09-22T00:24:29.575Z,sell,2.318e-05,30.0,0.0006954
BRD/BTC,1569111938436,2019-09-22T00:25:38.436Z,sell,2.318e-05,48.0,0.00111264
BRD/BTC,1569111995816,2019-09-22T00:26:35.816Z,sell,2.318e-05,558.0,0.01293444
BRD/BTC,1569111999294,2019-09-22T00:26:39.294Z,sell,2.318e-05,276.0,0.00639768
BRD/BTC,1569112100165,2019-09-22T00:28:20.165Z,sell,2.318e-05,5.0,0.0001159
BRD/BTC,1569112264932,2019-09-22T00:31:04.932Z,sell,2.317e-05,11.0,0.00025487
BRD/BTC,1569112264932,2019-09-22T00:31:04.932Z,sell,2.317e-05,11.0,0.00025487
BRD/BTC,1569114098024,2019-09-22T01:01:38.024Z,buy,2.33e-05,100.0,0.00233
BRD/BTC,1569114110662,2019-09-22T01:01:50.662Z,buy,2.33e-05,115.0,0.0026795
BRD/BTC,1569114140259,2019-09-22T01:02:20.259Z,buy,2.33e-05,250.0,0.005825
BRD/BTC,1569114414446,2019-09-22T01:06:54.446Z,sell,2.318e-05,153.0,0.00354654
BRD/BTC,1569114466903,2019-09-22T01:07:46.903Z,sell,2.318e-05,189.0,0.00438102
BRD/BTC,1569114767266,2019-09-22T01:12:47.266Z,sell,2.318e-05,98.0,0.00227164
BRD/BTC,1569114990171,2019-09-22T01:16:30.171Z,sell,2.318e-05,419.0,0.00971242
BRD/BTC,1569115043620,2019-09-22T01:17:23.620Z,sell,2.317e-05,257.0,0.00595469
BRD/BTC,1569115043620,2019-09-22T01:17:23.620Z,sell,2.316e-05,1843.0,0.04268388
BRD/BTC,1569115045083,2019-09-22T01:17:25.083Z,sell,2.315e-05,390.0,0.0090285
BRD/BTC,1569115045083,2019-09-22T01:17:25.083Z,sell,2.314e-05,411.0,0.00951054
BRD/BTC,1569115045083,2019-09-22T01:17:25.083Z,sell,2.313e-05,559.0,0.01292967
BRD/BTC,1569115045083,2019-09-22T01:17:25.083Z,sell,2.312e-05,454.0,0.0104964799999999
BRD/BTC,1569115045083,2019-09-22T01:17:25.083Z,sell,2.311e-05,286.0,0.00660946
BRD/BTC,1569115050744,2019-09-22T01:17:30.744Z,sell,2.311e-05,140.0,0.0032354
BRD/BTC,1569115050744,2019-09-22T01:17:30.744Z,sell,2.31e-05,643.0,0.0148533
BRD/BTC,1569115061358,2019-09-22T01:17:41.358Z,sell,2.31e-05,263.0,0.0060753
BRD/BTC,1569115086217,2019-09-22T01:18:06.217Z,sell,2.309e-05,295.0,0.00681155
BRD/BTC,1569115112628,2019-09-22T01:18:32.628Z,sell,2.309e-05,171.0,0.00394839
BRD/BTC,1569115113278,2019-09-22T01:18:33.278Z,sell,2.309e-05,105.0,0.00242445
BRD/BTC,1569115399372,2019-09-22T01:23:19.372Z,sell,2.309e-05,416.0,0.00960544
BRD/BTC,1569115399372,2019-09-22T01:23:19.372Z,sell,2.308e-05,836.0,0.01929488
BRD/BTC,1569115399372,2019-09-22T01:23:19.372Z,sell,2.307e-05,138.0,0.00318366
BRD/BTC,1569115399372,2019-09-22T01:23:19.372Z,sell,2.306e-05,947.0,0.02183782
BRD/BTC,1569115399372,2019-09-22T01:23:19.372Z,sell,2.305e-05,322.0,0.0074221
BRD/BTC,1569115399372,2019-09-22T01:23:19.372Z,sell,2.304e-05,96.0,0.00221184
BRD/BTC,1569115479587,2019-09-22T01:24:39.587Z,sell,2.304e-05,12.0,0.00027648
BRD/BTC,1569115487343,2019-09-22T01:24:47.343Z,sell,2.304e-05,142.0,0.00327168
BRD/BTC,1569115498753,2019-09-22T01:24:58.753Z,sell,2.304e-05,58.0,0.00133632
BRD/BTC,1569115501038,2019-09-22T01:25:01.038Z,sell,2.304e-05,147.0,0.00338688
BRD/BTC,1569115503547,2019-09-22T01:25:03.547Z,sell,2.304e-05,13.0,0.00029952
BRD/BTC,1569115549156,2019-09-22T01:25:49.156Z,sell,2.304e-05,144.0,0.00331776
BRD/BTC,1569115701039,2019-09-22T01:28:21.039Z,sell,2.304e-05,62.0,0.00142848
BRD/BTC,1569115701126,2019-09-22T01:28:21.126Z,sell,2.303e-05,324.0,0.00746172
BRD/BTC,1569115701211,2019-09-22T01:28:21.211Z,sell,2.303e-05,62.0,0.00142786
BRD/BTC,1569115705295,2019-09-22T01:28:25.295Z,sell,2.303e-05,50.0,0.0011515
BRD/BTC,1569115857097,2019-09-22T01:30:57.097Z,sell,2.303e-05,128.0,0.00294784
BRD/BTC,1569115857097,2019-09-22T01:30:57.097Z,sell,2.303e-05,128.0,0.00294784
BRD/BTC,1569115890661,2019-09-22T01:31:30.661Z,sell,2.303e-05,170.0,0.0039151
BRD/BTC,1569115890750,2019-09-22T01:31:30.750Z,sell,2.302e-05,292.0,0.00672184
BRD/BTC,1569115935977,2019-09-22T01:32:15.977Z,sell,2.302e-05,221.0,0.00508742
BRD/BTC,1569115959448,2019-09-22T01:32:39.448Z,sell,2.302e-05,167.0,0.00384434
BRD/BTC,1569115959523,2019-09-22T01:32:39.523Z,sell,2.301e-05,180.0,0.0041418
BRD/BTC,1569116066126,2019-09-22T01:34:26.126Z,sell,2.301e-05,215.0,0.00494715
BRD/BTC,1569116066836,2019-09-22T01:34:26.836Z,buy,2.308e-05,461.0,0.0106398799999999
BRD/BTC,1569116066863,2019-09-22T01:34:26.863Z,sell,2.308e-05,240.0,0.0055392
BRD/BTC,1569116301992,2019-09-22T01:38:21.992Z,buy,2.307e-05,260.0,0.0059982
BRD/BTC,1569116311413,2019-09-22T01:38:31.413Z,buy,2.307e-05,100.0,0.002307
BRD/BTC,1569116684907,2019-09-22T01:44:44.907Z,sell,2.301e-05,35.0,0.00080535
BRD/BTC,1569116684907,2019-09-22T01:44:44.907Z,sell,2.3e-05,24.0,0.000552
BRD/BTC,1569116711547,2019-09-22T01:45:11.547Z,sell,2.3e-05,485.0,0.011155
BRD/BTC,1569116711547,2019-09-22T01:45:11.547Z,sell,2.299e-05,585.0,0.0134491499999999
BRD/BTC,1569116711547,2019-09-22T01:45:11.547Z,sell,2.298e-05,58.0,0.00133284
BRD/BTC,1569116765563,2019-09-22T01:46:05.563Z,sell,2.298e-05,1955.0,0.0449259
BRD/BTC,1569118397414,2019-09-22T02:13:17.414Z,buy,2.303e-05,11.0,0.00025333
BRD/BTC,1569118479546,2019-09-22T02:14:39.546Z,buy,2.306e-05,50.0,0.001153
BRD/BTC,1569118479546,2019-09-22T02:14:39.546Z,buy,2.306e-05,50.0,0.001153
BRD/BTC,1569119658674,2019-09-22T02:34:18.674Z,buy,2.306e-05,134.0,0.00309004
BRD/BTC,1569119658770,2019-09-22T02:34:18.770Z,sell,2.306e-05,117.0,0.0026980199999999
BRD/BTC,1569119973036,2019-09-22T02:39:33.036Z,buy,2.306e-05,2.0,4.612e-05
BRD/BTC,1569119998645,2019-09-22T02:39:58.645Z,buy,2.306e-05,207.0,0.00477342
BRD/BTC,1569120123965,2019-09-22T02:42:03.965Z,buy,2.305e-05,36.0,0.0008298
BRD/BTC,1569120188360,2019-09-22T02:43:08.360Z,buy,2.305e-05,5.0,0.00011525
BRD/BTC,1569121235087,2019-09-22T03:00:35.087Z,buy,2.305e-05,2.0,4.61e-05
BRD/BTC,1569121235087,2019-09-22T03:00:35.087Z,buy,2.305e-05,2.0,4.61e-05
BRD/BTC,1569122126598,2019-09-22T03:15:26.598Z,buy,2.305e-05,16.0,0.0003688
BRD/BTC,1569123327883,2019-09-22T03:35:27.883Z,buy,2.304e-05,2141.0,0.04932864
BRD/BTC,1569123327883,2019-09-22T03:35:27.883Z,buy,2.305e-05,537.0,0.01237785
BRD/BTC,1569123357541,2019-09-22T03:35:57.541Z,buy,2.305e-05,221.0,0.00509405
BRD/BTC,1569123502797,2019-09-22T03:38:22.797Z,sell,2.298e-05,86.0,0.00197628
BRD/BTC,1569123502831,2019-09-22T03:38:22.831Z,sell,2.3e-05,57.0,0.001311
BRD/BTC,1569123507924,2019-09-22T03:38:27.924Z,sell,2.298e-05,114.0,0.00261972
BRD/BTC,1569123522027,2019-09-22T03:38:42.027Z,sell,2.297e-05,132.0,0.0030320399999999
BRD/BTC,1569123538788,2019-09-22T03:38:58.788Z,sell,2.297e-05,331.0,0.00760307
BRD/BTC,1569123539407,2019-09-22T03:38:59.407Z,sell,2.296e-05,220.0,0.0050512
BRD/BTC,1569123545026,2019-09-22T03:39:05.026Z,sell,2.296e-05,93.0,0.00213528
BRD/BTC,1569123545354,2019-09-22T03:39:05.354Z,buy,2.297e-05,5.0,0.00011485
BRD/BTC,1569123546343,2019-09-22T03:39:06.343Z,sell,2.296e-05,12.0,0.00027552
BRD/BTC,1569123664217,2019-09-22T03:41:04.217Z,sell,2.296e-05,774.0,0.01777104
BRD/BTC,1569123690397,2019-09-22T03:41:30.397Z,sell,2.296e-05,229.0,0.00525784
BRD/BTC,1569123942564,2019-09-22T03:45:42.564Z,sell,2.296e-05,45.0,0.0010332
BRD/BTC,1569124141806,2019-09-22T03:49:01.806Z,sell,2.296e-05,119.0,0.00273224
BRD/BTC,1569124733946,2019-09-22T03:58:53.946Z,buy,2.303e-05,2.0,4.606e-05
BRD/BTC,1569124733946,2019-09-22T03:58:53.946Z,buy,2.303e-05,2.0,4.606e-05
BRD/BTC,1569124840780,2019-09-22T04:00:40.780Z,buy,2.301e-05,2.0,4.602e-05
BRD/BTC,1569124923827,2019-09-22T04:02:03.827Z,sell,2.295e-05,792.0,0.0181764
BRD/BTC,1569124923827,2019-09-22T04:02:03.827Z,sell,2.294e-05,947.0,0.02172418
BRD/BTC,1569124923827,2019-09-22T04:02:03.827Z,sell,2.293e-05,3322.0,0.07617346
BRD/BTC,1569124923827,2019-09-22T04:02:03.827Z,sell,2.292e-05,395.0,0.0090534
BRD/BTC,1569124923827,2019-09-22T04:02:03.827Z,sell,2.291e-05,498.0,0.01140918
BRD/BTC,1569124923827,2019-09-22T04:02:03.827Z,sell,2.29e-05,316.0,0.0072364
BRD/BTC,1569124923827,2019-09-22T04:02:03.827Z,sell,2.289e-05,920.0,0.0210588
BRD/BTC,1569124923827,2019-09-22T04:02:03.827Z,sell,2.288e-05,1130.0,0.0258544
BRD/BTC,1569124923827,2019-09-22T04:02:03.827Z,sell,2.287e-05,3046.0,0.06966202
BRD/BTC,1569124923827,2019-09-22T04:02:03.827Z,sell,2.286e-05,207.0,0.00473202
BRD/BTC,1569124923827,2019-09-22T04:02:03.827Z,sell,2.285e-05,279.0,0.00637515
BRD/BTC,1569124923827,2019-09-22T04:02:03.827Z,sell,2.284e-05,3452.0,0.07884368
BRD/BTC,1569124923827,2019-09-22T04:02:03.827Z,sell,2.283e-05,318.0,0.00725994
BRD/BTC,1569124923827,2019-09-22T04:02:03.827Z,sell,2.282e-05,912.0,0.0208118399999999
BRD/BTC,1569124923827,2019-09-22T04:02:03.827Z,sell,2.281e-05,106.0,0.00241786
BRD/BTC,1569124923827,2019-09-22T04:02:03.827Z,sell,2.28e-05,592.0,0.0134975999999999
BRD/BTC,1569124923827,2019-09-22T04:02:03.827Z,sell,2.278e-05,172.0,0.0039181599999999
BRD/BTC,1569124923827,2019-09-22T04:02:03.827Z,sell,2.277e-05,11.0,0.00025047
BRD/BTC,1569124923827,2019-09-22T04:02:03.827Z,sell,2.275e-05,438.0,0.0099645
BRD/BTC,1569124923827,2019-09-22T04:02:03.827Z,sell,2.273e-05,6693.0,0.15213189
BRD/BTC,1569124923827,2019-09-22T04:02:03.827Z,sell,2.27e-05,12.0,0.0002724
BRD/BTC,1569124923827,2019-09-22T04:02:03.827Z,sell,2.268e-05,45.0,0.0010206
BRD/BTC,1569124923827,2019-09-22T04:02:03.827Z,sell,2.265e-05,418.0,0.0094677
BRD/BTC,1569124923827,2019-09-22T04:02:03.827Z,sell,2.263e-05,1364.0,0.0308673199999999
BRD/BTC,1569124923827,2019-09-22T04:02:03.827Z,sell,2.26e-05,18.0,0.0004068
BRD/BTC,1569124923827,2019-09-22T04:02:03.827Z,sell,2.259e-05,292.0,0.0065962799999999
BRD/BTC,1569124923827,2019-09-22T04:02:03.827Z,sell,2.256e-05,8865.0,0.1999944
BRD/BTC,1569124923827,2019-09-22T04:02:03.827Z,sell,2.255e-05,7.0,0.00015785
BRD/BTC,1569124923827,2019-09-22T04:02:03.827Z,sell,2.253e-05,7519.0,0.16940307
BRD/BTC,1569124923827,2019-09-22T04:02:03.827Z,sell,2.252e-05,222.0,0.00499944
BRD/BTC,1569124923827,2019-09-22T04:02:03.827Z,sell,2.25e-05,320.0,0.0072
BRD/BTC,1569124923827,2019-09-22T04:02:03.827Z,sell,2.248e-05,8348.0,0.18766304
BRD/BTC,1569124923827,2019-09-22T04:02:03.827Z,sell,2.246e-05,6.0,0.00013476
BRD/BTC,1569124923827,2019-09-22T04:02:03.827Z,sell,2.244e-05,46.0,0.00103224
BRD/BTC,1569124923827,2019-09-22T04:02:03.827Z,sell,2.241e-05,3091.0,0.06926931
BRD/BTC,1569124923827,2019-09-22T04:02:03.827Z,sell,2.236e-05,6260.0,0.1399736
BRD/BTC,1569124923827,2019-09-22T04:02:03.827Z,sell,2.228e-05,2400.0,0.053472
BRD/BTC,1569124923827,2019-09-22T04:02:03.827Z,sell,2.227e-05,19613.0,0.43678151
BRD/BTC,1569124923827,2019-09-22T04:02:03.827Z,sell,2.226e-05,29586.0,0.65858436
BRD/BTC,1569124923827,2019-09-22T04:02:03.827Z,sell,2.225e-05,5.0,0.00011125
BRD/BTC,1569124923827,2019-09-22T04:02:03.827Z,sell,2.219e-05,3091.0,0.06858929
BRD/BTC,1569124923827,2019-09-22T04:02:03.827Z,sell,2.217e-05,63.0,0.00139671
BRD/BTC,1569124923827,2019-09-22T04:02:03.827Z,sell,2.216e-05,58.0,0.00128528
BRD/BTC,1569124923827,2019-09-22T04:02:03.827Z,sell,2.215e-05,1000.0,0.02215
BRD/BTC,1569124923827,2019-09-22T04:02:03.827Z,sell,2.214e-05,543.0,0.01202202
BRD/BTC,1569124923827,2019-09-22T04:02:03.827Z,sell,2.21e-05,11436.0,0.2527356
BRD/BTC,1569124923827,2019-09-22T04:02:03.827Z,sell,2.208e-05,32.0,0.00070656
BRD/BTC,1569124923827,2019-09-22T04:02:03.827Z,sell,2.207e-05,6.0,0.00013242
BRD/BTC,1569124923827,2019-09-22T04:02:03.827Z,sell,2.203e-05,2037.0,0.04487511
BRD/BTC,1569124923827,2019-09-22T04:02:03.827Z,sell,2.2e-05,4623.0,0.1017059999999999
BRD/BTC,1569124923827,2019-09-22T04:02:03.827Z,sell,2.193e-05,13.0,0.00028509
BRD/BTC,1569124923827,2019-09-22T04:02:03.827Z,sell,2.179e-05,19.0,0.00041401
BRD/BTC,1569124923827,2019-09-22T04:02:03.827Z,sell,2.16e-05,37.0,0.0007992
BRD/BTC,1569124923827,2019-09-22T04:02:03.827Z,sell,2.159e-05,85.0,0.00183515
BRD/BTC,1569124923827,2019-09-22T04:02:03.827Z,sell,2.145e-05,8.0,0.0001716
BRD/BTC,1569124923827,2019-09-22T04:02:03.827Z,sell,2.134e-05,247.0,0.00527098
BRD/BTC,1569124923827,2019-09-22T04:02:03.827Z,sell,2.131e-05,35.0,0.00074585
BRD/BTC,1569124923827,2019-09-22T04:02:03.827Z,sell,2.13e-05,500.0,0.01065
BRD/BTC,1569124923827,2019-09-22T04:02:03.827Z,sell,2.126e-05,102.0,0.00216852
BRD/BTC,1569124923827,2019-09-22T04:02:03.827Z,sell,2.111e-05,11768.0,0.24842248
BRD/BTC,1569124923827,2019-09-22T04:02:03.827Z,sell,2.111e-05,219.0,0.00462309
BRD/BTC,1569124923864,2019-09-22T04:02:03.864Z,buy,2.135e-05,683.0,0.01458205
BRD/BTC,1569124923864,2019-09-22T04:02:03.864Z,buy,2.14e-05,1000.0,0.0214
BRD/BTC,1569124923864,2019-09-22T04:02:03.864Z,buy,2.143e-05,1091.0,0.02338013
BRD/BTC,1569124923865,2019-09-22T04:02:03.865Z,buy,2.143e-05,2843.0,0.06092549
BRD/BTC,1569124923869,2019-09-22T04:02:03.869Z,buy,2.143e-05,2843.0,0.06092549
BRD/BTC,1569124923870,2019-09-22T04:02:03.870Z,buy,2.143e-05,2843.0,0.06092549
BRD/BTC,1569124923871,2019-09-22T04:02:03.871Z,buy,2.143e-05,15045.0,0.32241435
BRD/BTC,1569124923871,2019-09-22T04:02:03.871Z,buy,2.144e-05,1669.0,0.03578336
BRD/BTC,1569124923871,2019-09-22T04:02:03.871Z,buy,2.145e-05,792.0,0.0169884
BRD/BTC,1569124923871,2019-09-22T04:02:03.871Z,buy,2.15e-05,7.0,0.0001505
BRD/BTC,1569124923871,2019-09-22T04:02:03.871Z,buy,2.152e-05,644.0,0.01385888
BRD/BTC,1569124923871,2019-09-22T04:02:03.871Z,buy,2.152e-05,15.0,0.0003228
BRD/BTC,1569124923871,2019-09-22T04:02:03.871Z,buy,2.152e-05,119.0,0.00256088
BRD/BTC,1569124923871,2019-09-22T04:02:03.871Z,buy,2.17e-05,5.0,0.0001085
BRD/BTC,1569124923871,2019-09-22T04:02:03.871Z,buy,2.172e-05,1084.0,0.02354448
BRD/BTC,1569124923871,2019-09-22T04:02:03.871Z,buy,2.176e-05,312.0,0.0067891199999999
BRD/BTC,1569124923871,2019-09-22T04:02:03.871Z,buy,2.178e-05,694.0,0.01511532
BRD/BTC,1569124923871,2019-09-22T04:02:03.871Z,buy,2.185e-05,540.0,0.0117989999999999
BRD/BTC,1569124923871,2019-09-22T04:02:03.871Z,buy,2.19e-05,13.0,0.0002847
BRD/BTC,1569124923871,2019-09-22T04:02:03.871Z,buy,2.217e-05,16.0,0.00035472
BRD/BTC,1569124923871,2019-09-22T04:02:03.871Z,buy,2.22e-05,6482.0,0.1439004
BRD/BTC,1569124923871,2019-09-22T04:02:03.871Z,buy,2.23e-05,217.0,0.0048391
BRD/BTC,1569124923872,2019-09-22T04:02:03.872Z,buy,2.233e-05,167.0,0.00372911
BRD/BTC,1569124923872,2019-09-22T04:02:03.872Z,buy,2.235e-05,5.0,0.00011175
BRD/BTC,1569124923872,2019-09-22T04:02:03.872Z,buy,2.24e-05,642.0,0.0143808
BRD/BTC,1569124923876,2019-09-22T04:02:03.876Z,buy,2.24e-05,362.0,0.0081088
BRD/BTC,1569124923877,2019-09-22T04:02:03.877Z,buy,2.24e-05,2843.0,0.0636832
BRD/BTC,1569124923880,2019-09-22T04:02:03.880Z,buy,2.24e-05,659.0,0.0147616
BRD/BTC,1569124923885,2019-09-22T04:02:03.885Z,buy,2.24e-05,249.0,0.0055775999999999
BRD/BTC,1569124923885,2019-09-22T04:02:03.885Z,buy,2.25e-05,635.0,0.0142875
BRD/BTC,1569124923900,2019-09-22T04:02:03.900Z,buy,2.25e-05,490.0,0.011025
BRD/BTC,1569124923900,2019-09-22T04:02:03.900Z,buy,2.25e-05,64.0,0.00144
BRD/BTC,1569124923923,2019-09-22T04:02:03.923Z,buy,2.25e-05,1096.0,0.02466
BRD/BTC,1569124923940,2019-09-22T04:02:03.940Z,buy,2.25e-05,526.0,0.011835
BRD/BTC,1569124923957,2019-09-22T04:02:03.957Z,buy,2.25e-05,31.0,0.0006975
BRD/BTC,1569124923967,2019-09-22T04:02:03.967Z,buy,2.253e-05,85.0,0.00191505
BRD/BTC,1569124923967,2019-09-22T04:02:03.967Z,buy,2.259e-05,185.0,0.0041791499999999
BRD/BTC,1569124923967,2019-09-22T04:02:03.967Z,buy,2.27e-05,5.0,0.0001135
BRD/BTC,1569124923975,2019-09-22T04:02:03.975Z,sell,2.239e-05,740.0,0.0165686
BRD/BTC,1569124923983,2019-09-22T04:02:03.983Z,sell,2.239e-05,7788.0,0.17437332
BRD/BTC,1569124924015,2019-09-22T04:02:04.015Z,buy,2.252e-05,674.0,0.01517848
BRD/BTC,1569124924134,2019-09-22T04:02:04.134Z,sell,2.24e-05,104.0,0.0023296
BRD/BTC,1569124924135,2019-09-22T04:02:04.135Z,sell,2.24e-05,226.0,0.0050624
BRD/BTC,1569124924136,2019-09-22T04:02:04.136Z,sell,2.24e-05,115.0,0.0025759999999999
BRD/BTC,1569124924136,2019-09-22T04:02:04.136Z,sell,2.239e-05,1356.0,0.03036084
BRD/BTC,1569124924861,2019-09-22T04:02:04.861Z,buy,2.251e-05,217.0,0.00488467
BRD/BTC,1569124926195,2019-09-22T04:02:06.195Z,buy,2.249e-05,15.0,0.00033735
BRD/BTC,1569124926251,2019-09-22T04:02:06.251Z,sell,2.248e-05,976.0,0.02194048
BRD/BTC,1569124926251,2019-09-22T04:02:06.251Z,sell,2.239e-05,1059.0,0.02371101
BRD/BTC,1569124926404,2019-09-22T04:02:06.404Z,buy,2.245e-05,9482.0,0.2128709
BRD/BTC,1569124926404,2019-09-22T04:02:06.404Z,buy,2.25e-05,2370.0,0.053325
BRD/BTC,1569124926404,2019-09-22T04:02:06.404Z,buy,2.251e-05,1307.0,0.02942057
BRD/BTC,1569124926473,2019-09-22T04:02:06.473Z,buy,2.253e-05,45.0,0.00101385
BRD/BTC,1569124926550,2019-09-22T04:02:06.550Z,buy,2.252e-05,1039.0,0.02339828
BRD/BTC,1569124926592,2019-09-22T04:02:06.592Z,sell,2.251e-05,4177.0,0.09402427
BRD/BTC,1569124927189,2019-09-22T04:02:07.189Z,sell,2.248e-05,327.0,0.00735096
BRD/BTC,1569124927196,2019-09-22T04:02:07.196Z,buy,2.249e-05,11.0,0.00024739
BRD/BTC,1569124927526,2019-09-22T04:02:07.526Z,sell,2.248e-05,8.0,0.00017984
BRD/BTC,1569124927898,2019-09-22T04:02:07.898Z,sell,2.244e-05,6.0,0.00013464
BRD/BTC,1569124927898,2019-09-22T04:02:07.898Z,sell,2.24e-05,1522.0,0.0340928
BRD/BTC,1569124927898,2019-09-22T04:02:07.898Z,sell,2.239e-05,2843.0,0.06365477
BRD/BTC,1569124927989,2019-09-22T04:02:07.989Z,buy,2.247e-05,8.0,0.00017976
BRD/BTC,1569124928033,2019-09-22T04:02:08.033Z,sell,2.239e-05,50.0,0.0011195
BRD/BTC,1569124928120,2019-09-22T04:02:08.120Z,buy,2.247e-05,23.0,0.00051681
BRD/BTC,1569124928120,2019-09-22T04:02:08.120Z,buy,2.248e-05,328.0,0.00737344
BRD/BTC,1569124928420,2019-09-22T04:02:08.420Z,buy,2.247e-05,333.0,0.00748251
BRD/BTC,1569124933294,2019-09-22T04:02:13.294Z,sell,2.239e-05,31.0,0.00069409
BRD/BTC,1569124933989,2019-09-22T04:02:13.989Z,sell,2.239e-05,49.0,0.00109711
BRD/BTC,1569124934003,2019-09-22T04:02:14.003Z,sell,2.239e-05,423.0,0.00947097
BRD/BTC,1569124934135,2019-09-22T04:02:14.135Z,buy,2.241e-05,5.0,0.00011205
BRD/BTC,1569124937142,2019-09-22T04:02:17.142Z,sell,2.239e-05,2769.0,0.06199791
BRD/BTC,1569124937577,2019-09-22T04:02:17.577Z,sell,2.239e-05,154.0,0.00344806
BRD/BTC,1569124941228,2019-09-22T04:02:21.228Z,buy,2.241e-05,10.0,0.0002241
BRD/BTC,1569124941549,2019-09-22T04:02:21.549Z,buy,2.241e-05,329.0,0.00737289
BRD/BTC,1569124941729,2019-09-22T04:02:21.729Z,buy,2.241e-05,566.0,0.01268406
BRD/BTC,1569124941901,2019-09-22T04:02:21.901Z,buy,2.241e-05,674.0,0.01510434
BRD/BTC,1569124941901,2019-09-22T04:02:21.901Z,buy,2.243e-05,311.0,0.00697573
BRD/BTC,1569124942073,2019-09-22T04:02:22.073Z,buy,2.243e-05,503.0,0.01128229
BRD/BTC,1569124942073,2019-09-22T04:02:22.073Z,buy,2.245e-05,146.0,0.0032777
BRD/BTC,1569124942249,2019-09-22T04:02:22.249Z,buy,2.245e-05,76.0,0.0017062
BRD/BTC,1569124942249,2019-09-22T04:02:22.249Z,buy,2.249e-05,37.0,0.00083213
BRD/BTC,1569124942427,2019-09-22T04:02:22.427Z,buy,2.248e-05,658.0,0.01479184
BRD/BTC,1569124942600,2019-09-22T04:02:22.600Z,buy,2.248e-05,340.0,0.0076432
BRD/BTC,1569124942781,2019-09-22T04:02:22.781Z,buy,2.248e-05,611.0,0.01373528
BRD/BTC,1569124943253,2019-09-22T04:02:23.253Z,buy,2.248e-05,605.0,0.0136004
BRD/BTC,1569124943432,2019-09-22T04:02:23.432Z,buy,2.248e-05,167.0,0.00375416
BRD/BTC,1569124943616,2019-09-22T04:02:23.616Z,buy,2.248e-05,419.0,0.00941912
BRD/BTC,1569124943616,2019-09-22T04:02:23.616Z,buy,2.249e-05,445.0,0.01000805
BRD/BTC,1569124943797,2019-09-22T04:02:23.797Z,buy,2.248e-05,792.0,0.01780416
BRD/BTC,1569124943977,2019-09-22T04:02:23.977Z,buy,2.247e-05,225.0,0.00505575
BRD/BTC,1569124943977,2019-09-22T04:02:23.977Z,buy,2.248e-05,52.0,0.00116896
BRD/BTC,1569124944150,2019-09-22T04:02:24.150Z,buy,2.248e-05,373.0,0.00838504
BRD/BTC,1569124944321,2019-09-22T04:02:24.321Z,buy,2.248e-05,130.0,0.0029224
BRD/BTC,1569124944321,2019-09-22T04:02:24.321Z,buy,2.249e-05,68.0,0.00152932
BRD/BTC,1569124944498,2019-09-22T04:02:24.498Z,buy,2.249e-05,281.0,0.00631969
BRD/BTC,1569124944673,2019-09-22T04:02:24.673Z,buy,2.249e-05,573.0,0.01288677
BRD/BTC,1569124944846,2019-09-22T04:02:24.846Z,buy,2.249e-05,662.0,0.01488838
BRD/BTC,1569124946664,2019-09-22T04:02:26.664Z,buy,2.249e-05,371.0,0.00834379
BRD/BTC,1569124952984,2019-09-22T04:02:32.984Z,buy,2.249e-05,816.0,0.01835184
BRD/BTC,1569124956329,2019-09-22T04:02:36.329Z,buy,2.249e-05,714.0,0.01605786
BRD/BTC,1569124956729,2019-09-22T04:02:36.729Z,buy,2.25e-05,264.0,0.00594
BRD/BTC,1569124956985,2019-09-22T04:02:36.985Z,sell,2.241e-05,137.0,0.00307017
BRD/BTC,1569124980206,2019-09-22T04:03:00.206Z,sell,2.245e-05,42.0,0.0009429
BRD/BTC,1569124983450,2019-09-22T04:03:03.450Z,sell,2.245e-05,14.0,0.0003143
BRD/BTC,1569124986921,2019-09-22T04:03:06.921Z,buy,2.248e-05,136.0,0.00305728
BRD/BTC,1569124986921,2019-09-22T04:03:06.921Z,buy,2.252e-05,230.0,0.0051796
BRD/BTC,1569124986921,2019-09-22T04:03:06.921Z,buy,2.256e-05,230.0,0.0051888
BRD/BTC,1569124987108,2019-09-22T04:03:07.108Z,buy,2.256e-05,517.0,0.01166352
BRD/BTC,1569124987108,2019-09-22T04:03:07.108Z,buy,2.259e-05,11.0,0.00024849
BRD/BTC,1569124987205,2019-09-22T04:03:07.205Z,sell,2.26e-05,110.0,0.002486
BRD/BTC,1569124987206,2019-09-22T04:03:07.206Z,sell,2.243e-05,88.0,0.00197384
BRD/BTC,1569124987333,2019-09-22T04:03:07.333Z,sell,2.259e-05,333.0,0.00752247
BRD/BTC,1569124987338,2019-09-22T04:03:07.338Z,sell,2.259e-05,261.0,0.0058959899999999
BRD/BTC,1569124987338,2019-09-22T04:03:07.338Z,sell,2.259e-05,207.0,0.00467613
BRD/BTC,1569124989435,2019-09-22T04:03:09.435Z,sell,2.258e-05,927.0,0.02093166
BRD/BTC,1569124989435,2019-09-22T04:03:09.435Z,sell,2.257e-05,844.0,0.01904908
BRD/BTC,1569124989435,2019-09-22T04:03:09.435Z,sell,2.256e-05,307.0,0.00692592
BRD/BTC,1569124989435,2019-09-22T04:03:09.435Z,sell,2.255e-05,995.0,0.02243725
BRD/BTC,1569124989435,2019-09-22T04:03:09.435Z,sell,2.254e-05,442.0,0.00996268
BRD/BTC,1569124989435,2019-09-22T04:03:09.435Z,sell,2.253e-05,596.0,0.01342788
BRD/BTC,1569124989435,2019-09-22T04:03:09.435Z,sell,2.252e-05,466.0,0.01049432
BRD/BTC,1569124989435,2019-09-22T04:03:09.435Z,sell,2.251e-05,550.0,0.0123805
BRD/BTC,1569124989435,2019-09-22T04:03:09.435Z,sell,2.25e-05,671.0,0.0150975
BRD/BTC,1569124989458,2019-09-22T04:03:09.458Z,buy,2.245e-05,462.0,0.0103719
BRD/BTC,1569124989512,2019-09-22T04:03:09.512Z,buy,2.245e-05,438.0,0.0098331
BRD/BTC,1569124993190,2019-09-22T04:03:13.190Z,sell,2.249e-05,1864.0,0.04192136
BRD/BTC,1569125027848,2019-09-22T04:03:47.848Z,buy,2.252e-05,324.0,0.00729648
BRD/BTC,1569125031013,2019-09-22T04:03:51.013Z,buy,2.252e-05,8.0,0.00018016
BRD/BTC,1569125055138,2019-09-22T04:04:15.138Z,sell,2.248e-05,859.0,0.01931032
BRD/BTC,1569125055564,2019-09-22T04:04:15.564Z,sell,2.247e-05,116.0,0.00260652
BRD/BTC,1569125087642,2019-09-22T04:04:47.642Z,sell,2.247e-05,117.0,0.00262899
BRD/BTC,1569125087642,2019-09-22T04:04:47.642Z,sell,2.246e-05,444.0,0.0099722399999999
BRD/BTC,1569125087642,2019-09-22T04:04:47.642Z,sell,2.245e-05,335.0,0.00752075
BRD/BTC,1569125087642,2019-09-22T04:04:47.642Z,sell,2.244e-05,127.0,0.00284988
BRD/BTC,1569125087642,2019-09-22T04:04:47.642Z,sell,2.243e-05,851.0,0.01908793
BRD/BTC,1569125087642,2019-09-22T04:04:47.642Z,sell,2.242e-05,314.0,0.0070398799999999
BRD/BTC,1569125087642,2019-09-22T04:04:47.642Z,sell,2.241e-05,3135.0,0.07025535
BRD/BTC,1569125203750,2019-09-22T04:06:43.750Z,sell,2.245e-05,46.0,0.0010327
BRD/BTC,1569125237507,2019-09-22T04:07:17.507Z,buy,2.248e-05,88.0,0.00197824
BRD/BTC,1569125246330,2019-09-22T04:07:26.330Z,sell,2.248e-05,187.0,0.00420376
BRD/BTC,1569125264154,2019-09-22T04:07:44.154Z,sell,2.248e-05,33.0,0.00074184
BRD/BTC,1569125313228,2019-09-22T04:08:33.228Z,sell,2.246e-05,1273.0,0.02859158
BRD/BTC,1569125340890,2019-09-22T04:09:00.890Z,sell,2.246e-05,749.0,0.01682254
BRD/BTC,1569125415934,2019-09-22T04:10:15.934Z,sell,2.245e-05,2319.0,0.05206155
BRD/BTC,1569125446246,2019-09-22T04:10:46.246Z,buy,2.243e-05,665.0,0.01491595
BRD/BTC,1569125476222,2019-09-22T04:11:16.222Z,sell,2.242e-05,5.0,0.0001120999999999
BRD/BTC,1569125476222,2019-09-22T04:11:16.222Z,sell,2.241e-05,5930.0,0.1328913
BRD/BTC,1569125476270,2019-09-22T04:11:16.270Z,buy,2.241e-05,884.0,0.01981044
BRD/BTC,1569125479523,2019-09-22T04:11:19.523Z,sell,2.24e-05,232.0,0.0051968
BRD/BTC,1569125506340,2019-09-22T04:11:46.340Z,sell,2.239e-05,4418.0,0.09891902
BRD/BTC,1569125511557,2019-09-22T04:11:51.557Z,sell,2.238e-05,479.0,0.01072002
BRD/BTC,1569125530124,2019-09-22T04:12:10.124Z,buy,2.239e-05,1342.0,0.03004738
BRD/BTC,1569125536612,2019-09-22T04:12:16.612Z,sell,2.237e-05,938.0,0.02098306
BRD/BTC,1569125566571,2019-09-22T04:12:46.571Z,sell,2.236e-05,878.0,0.01963208
BRD/BTC,1569125566571,2019-09-22T04:12:46.571Z,sell,2.235e-05,406.0,0.0090741
BRD/BTC,1569125566597,2019-09-22T04:12:46.597Z,buy,2.235e-05,505.0,0.01128675
BRD/BTC,1569125566601,2019-09-22T04:12:46.601Z,buy,2.235e-05,593.0,0.01325355
BRD/BTC,1569125566643,2019-09-22T04:12:46.643Z,buy,2.235e-05,193.0,0.00431355
BRD/BTC,1569125567457,2019-09-22T04:12:47.457Z,buy,2.235e-05,488.0,0.0109068
BRD/BTC,1569125569629,2019-09-22T04:12:49.629Z,buy,2.235e-05,593.0,0.01325355
BRD/BTC,1569125572677,2019-09-22T04:12:52.677Z,buy,2.235e-05,593.0,0.01325355
BRD/BTC,1569125572696,2019-09-22T04:12:52.696Z,buy,2.235e-05,593.0,0.01325355
BRD/BTC,1569125572757,2019-09-22T04:12:52.757Z,buy,2.235e-05,593.0,0.01325355
BRD/BTC,1569125575696,2019-09-22T04:12:55.696Z,buy,2.235e-05,486.0,0.0108621
BRD/BTC,1569125586610,2019-09-22T04:13:06.610Z,buy,2.24e-05,279.0,0.0062496
BRD/BTC,1569125586610,2019-09-22T04:13:06.610Z,buy,2.246e-05,863.0,0.0193829799999999
BRD/BTC,1569125630577,2019-09-22T04:13:50.577Z,sell,2.237e-05,410.0,0.0091717
BRD/BTC,1569125694785,2019-09-22T04:14:54.785Z,sell,2.237e-05,80.0,0.0017896
BRD/BTC,1569125696073,2019-09-22T04:14:56.073Z,sell,2.237e-05,89.0,0.00199093
BRD/BTC,1569125706416,2019-09-22T04:15:06.416Z,sell,2.237e-05,492.0,0.01100604
BRD/BTC,1569125735588,2019-09-22T04:15:35.588Z,buy,2.245e-05,231.0,0.00518595
BRD/BTC,1569125736610,2019-09-22T04:15:36.610Z,buy,2.245e-05,45.0,0.00101025
BRD/BTC,1569125737316,2019-09-22T04:15:37.316Z,buy,2.245e-05,45.0,0.00101025
BRD/BTC,1569125814105,2019-09-22T04:16:54.105Z,buy,2.244e-05,2.0,4.488e-05
BRD/BTC,1569125837591,2019-09-22T04:17:17.591Z,buy,2.244e-05,127.0,0.00284988
BRD/BTC,1569125837591,2019-09-22T04:17:17.591Z,buy,2.245e-05,37.0,0.00083065
BRD/BTC,1569125837591,2019-09-22T04:17:17.591Z,buy,2.246e-05,979.0,0.02198834
BRD/BTC,1569125910701,2019-09-22T04:18:30.701Z,sell,2.246e-05,191.0,0.0042898599999999
BRD/BTC,1569125936679,2019-09-22T04:18:56.679Z,sell,2.246e-05,11.0,0.00024706
BRD/BTC,1569125936679,2019-09-22T04:18:56.679Z,sell,2.245e-05,419.0,0.00940655
BRD/BTC,1569125993568,2019-09-22T04:19:53.568Z,sell,2.241e-05,45.0,0.00100845
BRD/BTC,1569126287216,2019-09-22T04:24:47.216Z,sell,2.237e-05,230.0,0.0051451
BRD/BTC,1569126662873,2019-09-22T04:31:02.873Z,sell,2.239e-05,277.0,0.00620203
BRD/BTC,1569126711357,2019-09-22T04:31:51.357Z,sell,2.239e-05,1060.0,0.0237334
BRD/BTC,1569126720986,2019-09-22T04:32:00.986Z,sell,2.235e-05,406.0,0.0090741
BRD/BTC,1569126720986,2019-09-22T04:32:00.986Z,sell,2.234e-05,708.0,0.01581672
BRD/BTC,1569126720986,2019-09-22T04:32:00.986Z,sell,2.233e-05,256.0,0.00571648
BRD/BTC,1569126720986,2019-09-22T04:32:00.986Z,sell,2.232e-05,813.0,0.01814616
BRD/BTC,1569126720986,2019-09-22T04:32:00.986Z,sell,2.231e-05,1179.0,0.02630349
BRD/BTC,1569126720986,2019-09-22T04:32:00.986Z,sell,2.23e-05,270.0,0.006021
BRD/BTC,1569126720986,2019-09-22T04:32:00.986Z,sell,2.229e-05,1691.0,0.03769239
BRD/BTC,1569126720986,2019-09-22T04:32:00.986Z,sell,2.228e-05,238.0,0.00530264
BRD/BTC,1569126720986,2019-09-22T04:32:00.986Z,sell,2.227e-05,14896.0,0.3317339199999999
BRD/BTC,1569126737529,2019-09-22T04:32:17.529Z,sell,2.228e-05,200.0,0.004456
BRD/BTC,1569126743592,2019-09-22T04:32:23.592Z,sell,2.228e-05,187.0,0.00416636
BRD/BTC,1569126901887,2019-09-22T04:35:01.887Z,buy,2.238e-05,44.0,0.00098472
BRD/BTC,1569126903422,2019-09-22T04:35:03.422Z,buy,2.238e-05,60.0,0.0013428
BRD/BTC,1569126903422,2019-09-22T04:35:03.422Z,buy,2.239e-05,6.0,0.00013434
BRD/BTC,1569126909379,2019-09-22T04:35:09.379Z,buy,2.239e-05,11.0,0.00024629
BRD/BTC,1569126909623,2019-09-22T04:35:09.623Z,buy,2.239e-05,97.0,0.00217183
BRD/BTC,1569126909644,2019-09-22T04:35:09.644Z,buy,2.239e-05,9.0,0.00020151
BRD/BTC,1569126910148,2019-09-22T04:35:10.148Z,buy,2.239e-05,106.0,0.00237334
BRD/BTC,1569126910162,2019-09-22T04:35:10.162Z,buy,2.239e-05,9.0,0.00020151
BRD/BTC,1569126910162,2019-09-22T04:35:10.162Z,buy,2.24e-05,76.0,0.0017024
BRD/BTC,1569126912279,2019-09-22T04:35:12.279Z,buy,2.24e-05,34.0,0.0007616
BRD/BTC,1569126912980,2019-09-22T04:35:12.980Z,buy,2.24e-05,29.0,0.0006496
BRD/BTC,1569126913146,2019-09-22T04:35:13.146Z,buy,2.24e-05,166.0,0.0037183999999999
BRD/BTC,1569126913402,2019-09-22T04:35:13.402Z,buy,2.24e-05,4.0,8.96e-05
BRD/BTC,1569126913402,2019-09-22T04:35:13.402Z,buy,2.241e-05,2.0,4.482e-05
BRD/BTC,1569126914375,2019-09-22T04:35:14.375Z,buy,2.241e-05,16.0,0.00035856
BRD/BTC,1569126928523,2019-09-22T04:35:28.523Z,buy,2.241e-05,133.0,0.00298053
BRD/BTC,1569127377952,2019-09-22T04:42:57.952Z,buy,2.241e-05,69.0,0.00154629
BRD/BTC,1569127850641,2019-09-22T04:50:50.641Z,buy,2.241e-05,8.0,0.00017928
BRD/BTC,1569127850641,2019-09-22T04:50:50.641Z,buy,2.241e-05,8.0,0.00017928
BRD/BTC,1569128510933,2019-09-22T05:01:50.933Z,buy,2.24e-05,49.0,0.0010976
BRD/BTC,1569128768284,2019-09-22T05:06:08.284Z,buy,2.24e-05,5.0,0.000112
BRD/BTC,1569129152313,2019-09-22T05:12:32.313Z,buy,2.24e-05,66.0,0.0014784
BRD/BTC,1569129158237,2019-09-22T05:12:38.237Z,buy,2.24e-05,107.0,0.0023967999999999
BRD/BTC,1569129158315,2019-09-22T05:12:38.315Z,sell,2.24e-05,266.0,0.0059584
BRD/BTC,1569129159184,2019-09-22T05:12:39.184Z,sell,2.24e-05,19.0,0.0004256
BRD/BTC,1569129179543,2019-09-22T05:12:59.543Z,sell,2.238e-05,515.0,0.0115257
BRD/BTC,1569129284938,2019-09-22T05:14:44.938Z,sell,2.238e-05,299.0,0.00669162
BRD/BTC,1569129422704,2019-09-22T05:17:02.704Z,buy,2.241e-05,42.0,0.00094122
BRD/BTC,1569129422729,2019-09-22T05:17:02.729Z,sell,2.241e-05,453.0,0.01015173
BRD/BTC,1569129422747,2019-09-22T05:17:02.747Z,sell,2.241e-05,196.0,0.00439236
BRD/BTC,1569129561070,2019-09-22T05:19:21.070Z,sell,2.238e-05,166.0,0.00371508
BRD/BTC,1569129657851,2019-09-22T05:20:57.851Z,buy,2.24e-05,2.0,4.48e-05
BRD/BTC,1569129658067,2019-09-22T05:20:58.067Z,sell,2.238e-05,68.0,0.00152184
BRD/BTC,1569129691332,2019-09-22T05:21:31.332Z,sell,2.234e-05,190.0,0.0042446
BRD/BTC,1569129741021,2019-09-22T05:22:21.021Z,sell,2.238e-05,202.0,0.0045207599999999
BRD/BTC,1569129811077,2019-09-22T05:23:31.077Z,sell,2.233e-05,444.0,0.00991452
BRD/BTC,1569129961819,2019-09-22T05:26:01.819Z,sell,2.233e-05,312.0,0.00696696
BRD/BTC,1569129974787,2019-09-22T05:26:14.787Z,buy,2.24e-05,2.0,4.48e-05
BRD/BTC,1569129993344,2019-09-22T05:26:33.344Z,buy,2.238e-05,75.0,0.0016784999999999
BRD/BTC,1569130072224,2019-09-22T05:27:52.224Z,buy,2.238e-05,2.0,4.476e-05
BRD/BTC,1569130121675,2019-09-22T05:28:41.675Z,sell,2.235e-05,84.0,0.0018774
BRD/BTC,1569130297586,2019-09-22T05:31:37.586Z,buy,2.234e-05,14.0,0.00031276
BRD/BTC,1569130298107,2019-09-22T05:31:38.107Z,buy,2.233e-05,74.0,0.00165242
BRD/BTC,1569130300435,2019-09-22T05:31:40.435Z,buy,2.233e-05,41.0,0.00091553
BRD/BTC,1569130305876,2019-09-22T05:31:45.876Z,buy,2.234e-05,414.0,0.00924876
BRD/BTC,1569130309012,2019-09-22T05:31:49.012Z,buy,2.239e-05,22.0,0.00049258
BRD/BTC,1569130313173,2019-09-22T05:31:53.173Z,buy,2.233e-05,38.0,0.00084854
BRD/BTC,1569130314125,2019-09-22T05:31:54.125Z,buy,2.233e-05,21.0,0.00046893
BRD/BTC,1569130381636,2019-09-22T05:33:01.636Z,sell,2.23e-05,38.0,0.0008474
BRD/BTC,1569130397434,2019-09-22T05:33:17.434Z,buy,2.232e-05,15.0,0.0003348
BRD/BTC,1569130397434,2019-09-22T05:33:17.434Z,buy,2.233e-05,2.0,4.466e-05
BRD/BTC,1569130397506,2019-09-22T05:33:17.506Z,sell,2.233e-05,11.0,0.00024563
BRD/BTC,1569130406143,2019-09-22T05:33:26.143Z,buy,2.238e-05,130.0,0.0029094
BRD/BTC,1569130406143,2019-09-22T05:33:26.143Z,buy,2.239e-05,2378.0,0.05324342
BRD/BTC,1569130406143,2019-09-22T05:33:26.143Z,buy,2.24e-05,19855.0,0.444752
BRD/BTC,1569130414273,2019-09-22T05:33:34.273Z,sell,2.23e-05,335.0,0.0074705
BRD/BTC,1569130431367,2019-09-22T05:33:51.367Z,sell,2.23e-05,879.0,0.0196017
BRD/BTC,1569130449126,2019-09-22T05:34:09.126Z,buy,2.239e-05,5.0,0.00011195
BRD/BTC,1569130500926,2019-09-22T05:35:00.926Z,sell,2.235e-05,374.0,0.0083589
BRD/BTC,1569130500943,2019-09-22T05:35:00.943Z,sell,2.235e-05,42.0,0.0009387
BRD/BTC,1569130724230,2019-09-22T05:38:44.230Z,buy,2.236e-05,845.0,0.0188942
BRD/BTC,1569130724307,2019-09-22T05:38:44.307Z,sell,2.236e-05,380.0,0.0084968
BRD/BTC,1569130735655,2019-09-22T05:38:55.655Z,buy,2.237e-05,591.0,0.01322067
BRD/BTC,1569130767467,2019-09-22T05:39:27.467Z,buy,2.237e-05,66.0,0.00147642
BRD/BTC,1569130868378,2019-09-22T05:41:08.378Z,buy,2.237e-05,641.0,0.01433917
BRD/BTC,1569130895776,2019-09-22T05:41:35.776Z,buy,2.237e-05,55.0,0.00123035
BRD/BTC,1569131115852,2019-09-22T05:45:15.852Z,buy,2.237e-05,457.0,0.01022309
BRD/BTC,1569131306411,2019-09-22T05:48:26.411Z,buy,2.237e-05,177.0,0.00395949
BRD/BTC,1569131306411,2019-09-22T05:48:26.411Z,buy,2.237e-05,177.0,0.00395949
BRD/BTC,1569131496584,2019-09-22T05:51:36.584Z,buy,2.237e-05,834.0,0.01865658
BRD/BTC,1569131687878,2019-09-22T05:54:47.878Z,buy,2.237e-05,447.0,0.00999939
BRD/BTC,1569131815129,2019-09-22T05:56:55.129Z,buy,2.237e-05,747.0,0.01671039
BRD/BTC,1569131899441,2019-09-22T05:58:19.441Z,buy,2.24e-05,49.0,0.0010976
BRD/BTC,1569131955507,2019-09-22T05:59:15.507Z,buy,2.24e-05,370.0,0.008288
BRD/BTC,1569132067168,2019-09-22T06:01:07.168Z,sell,2.231e-05,925.0,0.02063675
BRD/BTC,1569132165608,2019-09-22T06:02:45.608Z,buy,2.24e-05,23.0,0.0005152
BRD/BTC,1569132183655,2019-09-22T06:03:03.655Z,buy,2.24e-05,853.0,0.0191071999999999
BRD/BTC,1569132245463,2019-09-22T06:04:05.463Z,buy,2.241e-05,270.0,0.0060507
BRD/BTC,1569132245463,2019-09-22T06:04:05.463Z,buy,2.242e-05,119.0,0.00266798
BRD/BTC,1569132349010,2019-09-22T06:05:49.010Z,buy,2.242e-05,548.0,0.0122861599999999
BRD/BTC,1569132423239,2019-09-22T06:07:03.239Z,buy,2.243e-05,343.0,0.00769349
BRD/BTC,1569132427403,2019-09-22T06:07:07.403Z,buy,2.243e-05,162.0,0.00363366
BRD/BTC,1569132449115,2019-09-22T06:07:29.115Z,sell,2.242e-05,374.0,0.00838508
BRD/BTC,1569132612859,2019-09-22T06:10:12.859Z,buy,2.242e-05,153.0,0.0034302599999999
BRD/BTC,1569132789051,2019-09-22T06:13:09.051Z,sell,2.24e-05,4637.0,0.1038688
BRD/BTC,1569132883584,2019-09-22T06:14:43.584Z,buy,2.239e-05,191.0,0.00427649
BRD/BTC,1569132986292,2019-09-22T06:16:26.292Z,buy,2.238e-05,2.0,4.476e-05
BRD/BTC,1569133041075,2019-09-22T06:17:21.075Z,buy,2.238e-05,681.0,0.0152407799999999
BRD/BTC,1569133172071,2019-09-22T06:19:32.071Z,buy,2.236e-05,593.0,0.0132594799999999
BRD/BTC,1569133220072,2019-09-22T06:20:20.072Z,buy,2.234e-05,333.0,0.00743922
BRD/BTC,1569133220191,2019-09-22T06:20:20.191Z,buy,2.234e-05,2.0,4.468e-05
BRD/BTC,1569133239123,2019-09-22T06:20:39.123Z,buy,2.234e-05,58.0,0.00129572
BRD/BTC,1569133349577,2019-09-22T06:22:29.577Z,sell,2.232e-05,387.0,0.0086378399999999
BRD/BTC,1569133362939,2019-09-22T06:22:42.939Z,buy,2.234e-05,333.0,0.00743922
BRD/BTC,1569133509556,2019-09-22T06:25:09.556Z,sell,2.232e-05,6.0,0.00013392
BRD/BTC,1569133639569,2019-09-22T06:27:19.569Z,sell,2.241e-05,367.0,0.00822447
BRD/BTC,1569133884189,2019-09-22T06:31:24.189Z,buy,2.242e-05,464.0,0.01040288
BRD/BTC,1569133938247,2019-09-22T06:32:18.247Z,buy,2.242e-05,5.0,0.0001120999999999
BRD/BTC,1569134100144,2019-09-22T06:35:00.144Z,buy,2.241e-05,138.0,0.00309258
BRD/BTC,1569134129913,2019-09-22T06:35:29.913Z,sell,2.232e-05,731.0,0.01631592
BRD/BTC,1569134129913,2019-09-22T06:35:29.913Z,sell,2.231e-05,667.0,0.01488077
BRD/BTC,1569134129913,2019-09-22T06:35:29.913Z,sell,2.23e-05,270.0,0.006021
BRD/BTC,1569134129913,2019-09-22T06:35:29.913Z,sell,2.229e-05,462.0,0.01029798
BRD/BTC,1569134129913,2019-09-22T06:35:29.913Z,sell,2.228e-05,238.0,0.00530264
BRD/BTC,1569134129913,2019-09-22T06:35:29.913Z,sell,2.227e-05,104.0,0.00231608
BRD/BTC,1569134129913,2019-09-22T06:35:29.913Z,sell,2.226e-05,199.0,0.00442974
BRD/BTC,1569134129913,2019-09-22T06:35:29.913Z,sell,2.225e-05,341.0,0.0075872499999999
BRD/BTC,1569134129913,2019-09-22T06:35:29.913Z,sell,2.224e-05,313.0,0.00696112
BRD/BTC,1569134129913,2019-09-22T06:35:29.913Z,sell,2.223e-05,188.0,0.00417924
BRD/BTC,1569134129913,2019-09-22T06:35:29.913Z,sell,2.222e-05,825.0,0.0183315
BRD/BTC,1569134129913,2019-09-22T06:35:29.913Z,sell,2.221e-05,3740.0,0.0830654
BRD/BTC,1569134129913,2019-09-22T06:35:29.913Z,sell,2.22e-05,3897.0,0.0865134
BRD/BTC,1569134160733,2019-09-22T06:36:00.733Z,buy,2.226e-05,17.0,0.00037842
BRD/BTC,1569134210779,2019-09-22T06:36:50.779Z,buy,2.23e-05,47.0,0.0010481
BRD/BTC,1569134316794,2019-09-22T06:38:36.794Z,buy,2.23e-05,67.0,0.0014941
BRD/BTC,1569134318087,2019-09-22T06:38:38.087Z,buy,2.23e-05,67.0,0.0014941
BRD/BTC,1569134320316,2019-09-22T06:38:40.316Z,buy,2.23e-05,67.0,0.0014941
BRD/BTC,1569134322426,2019-09-22T06:38:42.426Z,buy,2.23e-05,67.0,0.0014941
BRD/BTC,1569134343410,2019-09-22T06:39:03.410Z,buy,2.23e-05,366.0,0.0081618
BRD/BTC,1569134343474,2019-09-22T06:39:03.474Z,buy,2.23e-05,339.0,0.0075597
BRD/BTC,1569134412059,2019-09-22T06:40:12.059Z,buy,2.23e-05,512.0,0.0114176
BRD/BTC,1569134479302,2019-09-22T06:41:19.302Z,buy,2.23e-05,66.0,0.0014718
BRD/BTC,1569134484525,2019-09-22T06:41:24.525Z,buy,2.23e-05,2.0,4.46e-05
BRD/BTC,1569134641022,2019-09-22T06:44:01.022Z,buy,2.23e-05,157.0,0.0035011
BRD/BTC,1569134641022,2019-09-22T06:44:01.022Z,buy,2.231e-05,695.0,0.01550545
BRD/BTC,1569134641022,2019-09-22T06:44:01.022Z,buy,2.232e-05,31.0,0.00069192
BRD/BTC,1569134691174,2019-09-22T06:44:51.174Z,buy,2.232e-05,549.0,0.01225368
BRD/BTC,1569134691174,2019-09-22T06:44:51.174Z,buy,2.233e-05,434.0,0.00969122
BRD/BTC,1569134898560,2019-09-22T06:48:18.560Z,buy,2.233e-05,999.0,0.02230767
BRD/BTC,1569134898560,2019-09-22T06:48:18.560Z,buy,2.233e-05,999.0,0.02230767
BRD/BTC,1569135104436,2019-09-22T06:51:44.436Z,buy,2.234e-05,188.0,0.00419992
BRD/BTC,1569135104436,2019-09-22T06:51:44.436Z,buy,2.235e-05,313.0,0.00699555
BRD/BTC,1569135104586,2019-09-22T06:51:44.586Z,sell,2.235e-05,282.0,0.0063027
BRD/BTC,1569135125351,2019-09-22T06:52:05.351Z,buy,2.236e-05,2.0,4.472e-05
BRD/BTC,1569135235603,2019-09-22T06:53:55.603Z,buy,2.236e-05,74.0,0.00165464
BRD/BTC,1569135261817,2019-09-22T06:54:21.817Z,buy,2.236e-05,79.0,0.00176644
BRD/BTC,1569135314979,2019-09-22T06:55:14.979Z,buy,2.236e-05,54.0,0.00120744
BRD/BTC,1569135543494,2019-09-22T06:59:03.494Z,buy,2.235e-05,132.0,0.0029502
BRD/BTC,1569135543494,2019-09-22T06:59:03.494Z,buy,2.236e-05,185.0,0.0041366
BRD/BTC,1569135619985,2019-09-22T07:00:19.985Z,buy,2.236e-05,2.0,4.472e-05
BRD/BTC,1569135665449,2019-09-22T07:01:05.449Z,buy,2.236e-05,970.0,0.0216892
BRD/BTC,1569135690901,2019-09-22T07:01:30.901Z,buy,2.235e-05,61.0,0.00136335
BRD/BTC,1569135714265,2019-09-22T07:01:54.265Z,buy,2.235e-05,149.0,0.00333015
BRD/BTC,1569135939414,2019-09-22T07:05:39.414Z,buy,2.235e-05,386.0,0.0086271
BRD/BTC,1569136148028,2019-09-22T07:09:08.028Z,buy,2.235e-05,204.0,0.0045594
BRD/BTC,1569136360142,2019-09-22T07:12:40.142Z,buy,2.235e-05,456.0,0.0101916
BRD/BTC,1569136409476,2019-09-22T07:13:29.476Z,sell,2.227e-05,242.0,0.0053893399999999
BRD/BTC,1569136487056,2019-09-22T07:14:47.056Z,buy,2.235e-05,416.0,0.0092976
BRD/BTC,1569136661872,2019-09-22T07:17:41.872Z,buy,2.235e-05,813.0,0.01817055
BRD/BTC,1569136856310,2019-09-22T07:20:56.310Z,buy,2.235e-05,463.0,0.01034805
BRD/BTC,1569136878401,2019-09-22T07:21:18.401Z,sell,2.234e-05,55.0,0.0012286999999999
BRD/BTC,1569136878652,2019-09-22T07:21:18.652Z,buy,2.234e-05,2.0,4.468e-05
BRD/BTC,1569137042290,2019-09-22T07:24:02.290Z,buy,2.235e-05,334.0,0.0074649
BRD/BTC,1569137238177,2019-09-22T07:27:18.177Z,sell,2.228e-05,970.0,0.0216116
BRD/BTC,1569137238177,2019-09-22T07:27:18.177Z,sell,2.227e-05,5.0,0.00011135
BRD/BTC,1569137238177,2019-09-22T07:27:18.177Z,sell,2.225e-05,30.0,0.0006674999999999
BRD/BTC,1569137238199,2019-09-22T07:27:18.199Z,buy,2.235e-05,2.0,4.47e-05
BRD/BTC,1569137427715,2019-09-22T07:30:27.715Z,buy,2.235e-05,573.0,0.01280655
BRD/BTC,1569137452647,2019-09-22T07:30:52.647Z,buy,2.235e-05,54.0,0.0012069
BRD/BTC,1569137621159,2019-09-22T07:33:41.159Z,buy,2.235e-05,617.0,0.01378995
BRD/BTC,1569137803765,2019-09-22T07:36:43.765Z,buy,2.235e-05,964.0,0.0215454
BRD/BTC,1569137935447,2019-09-22T07:38:55.447Z,buy,2.235e-05,14.0,0.0003129
BRD/BTC,1569137991298,2019-09-22T07:39:51.298Z,buy,2.235e-05,903.0,0.02018205
BRD/BTC,1569138120942,2019-09-22T07:42:00.942Z,buy,2.234e-05,16.0,0.00035744
BRD/BTC,1569138120942,2019-09-22T07:42:00.942Z,buy,2.235e-05,827.0,0.01848345
BRD/BTC,1569138161876,2019-09-22T07:42:41.876Z,buy,2.235e-05,45.0,0.00100575
BRD/BTC,1569138359378,2019-09-22T07:45:59.378Z,buy,2.235e-05,154.0,0.0034419
BRD/BTC,1569138359378,2019-09-22T07:45:59.378Z,buy,2.235e-05,154.0,0.0034419
BRD/BTC,1569138549164,2019-09-22T07:49:09.164Z,buy,2.235e-05,92.0,0.0020562
BRD/BTC,1569138721636,2019-09-22T07:52:01.636Z,buy,2.235e-05,2.0,4.47e-05
BRD/BTC,1569138776110,2019-09-22T07:52:56.110Z,buy,2.235e-05,653.0,0.01459455
BRD/BTC,1569138925778,2019-09-22T07:55:25.778Z,buy,2.235e-05,984.0,0.0219924
BRD/BTC,1569138930496,2019-09-22T07:55:30.496Z,sell,2.229e-05,224.0,0.0049929599999999
BRD/BTC,1569138930496,2019-09-22T07:55:30.496Z,sell,2.225e-05,179.0,0.00398275
BRD/BTC,1569138930496,2019-09-22T07:55:30.496Z,sell,2.224e-05,11.0,0.00024464
BRD/BTC,1569139028645,2019-09-22T07:57:08.645Z,sell,2.225e-05,987.0,0.0219607499999999
BRD/BTC,1569139028645,2019-09-22T07:57:08.645Z,sell,2.224e-05,1136.0,0.02526464
BRD/BTC,1569139028668,2019-09-22T07:57:08.668Z,buy,2.224e-05,879.0,0.01954896
BRD/BTC,1569139028669,2019-09-22T07:57:08.669Z,buy,2.224e-05,453.0,0.01007472
BRD/BTC,1569139028678,2019-09-22T07:57:08.678Z,buy,2.224e-05,1554.0,0.03456096
BRD/BTC,1569139031783,2019-09-22T07:57:11.783Z,sell,2.223e-05,453.0,0.01007019
BRD/BTC,1569139047053,2019-09-22T07:57:27.053Z,buy,2.234e-05,5.0,0.0001117
BRD/BTC,1569139049007,2019-09-22T07:57:29.007Z,sell,2.223e-05,18.0,0.00040014
BRD/BTC,1569139102646,2019-09-22T07:58:22.646Z,sell,2.223e-05,1045.0,0.02323035
BRD/BTC,1569139269008,2019-09-22T08:01:09.008Z,sell,2.228e-05,267.0,0.00594876
BRD/BTC,1569139269008,2019-09-22T08:01:09.008Z,sell,2.223e-05,93.0,0.00206739
BRD/BTC,1569139269037,2019-09-22T08:01:09.037Z,buy,2.223e-05,1769.0,0.03932487
BRD/BTC,1569139269607,2019-09-22T08:01:09.607Z,buy,2.223e-05,12.0,0.00026676
BRD/BTC,1569139269703,2019-09-22T08:01:09.703Z,buy,2.223e-05,15.0,0.00033345
BRD/BTC,1569139272652,2019-09-22T08:01:12.652Z,buy,2.223e-05,31.0,0.0006891299999999
BRD/BTC,1569139272753,2019-09-22T08:01:12.753Z,buy,2.223e-05,13.0,0.00028899
BRD/BTC,1569139273172,2019-09-22T08:01:13.172Z,buy,2.223e-05,16.0,0.00035568
BRD/BTC,1569139273492,2019-09-22T08:01:13.492Z,buy,2.223e-05,17.0,0.0003779099999999
BRD/BTC,1569139274008,2019-09-22T08:01:14.008Z,buy,2.223e-05,28.0,0.0006224399999999
BRD/BTC,1569139274213,2019-09-22T08:01:14.213Z,buy,2.223e-05,28.0,0.0006224399999999
BRD/BTC,1569139274419,2019-09-22T08:01:14.419Z,buy,2.223e-05,14.0,0.0003112199999999
BRD/BTC,1569139274539,2019-09-22T08:01:14.539Z,buy,2.223e-05,40.0,0.0008891999999999
BRD/BTC,1569139274640,2019-09-22T08:01:14.640Z,buy,2.223e-05,16.0,0.00035568
BRD/BTC,1569139275055,2019-09-22T08:01:15.055Z,buy,2.223e-05,13.0,0.00028899
BRD/BTC,1569139446664,2019-09-22T08:04:06.664Z,buy,2.223e-05,567.0,0.01260441
BRD/BTC,1569139490391,2019-09-22T08:04:50.391Z,sell,2.222e-05,12.0,0.00026664
BRD/BTC,1569139664655,2019-09-22T08:07:44.655Z,buy,2.223e-05,975.0,0.02167425
BRD/BTC,1569139819064,2019-09-22T08:10:19.064Z,buy,2.223e-05,192.0,0.00426816
BRD/BTC,1569139846312,2019-09-22T08:10:46.312Z,buy,2.223e-05,405.0,0.00900315
BRD/BTC,1569139848588,2019-09-22T08:10:48.588Z,sell,2.222e-05,129.0,0.00286638
BRD/BTC,1569139926132,2019-09-22T08:12:06.132Z,buy,2.223e-05,48.0,0.00106704
BRD/BTC,1569140026799,2019-09-22T08:13:46.799Z,buy,2.223e-05,89.0,0.00197847
BRD/BTC,1569140070016,2019-09-22T08:14:30.016Z,sell,2.222e-05,678.0,0.01506516
BRD/BTC,1569140070016,2019-09-22T08:14:30.016Z,sell,2.221e-05,205.0,0.0045530499999999
BRD/BTC,1569140170095,2019-09-22T08:16:10.095Z,sell,2.222e-05,639.0,0.01419858
BRD/BTC,1569140324191,2019-09-22T08:18:44.191Z,buy,2.223e-05,5.0,0.0001111499999999
BRD/BTC,1569140417302,2019-09-22T08:20:17.302Z,buy,2.223e-05,613.0,0.0136269899999999
BRD/BTC,1569140522892,2019-09-22T08:22:02.892Z,buy,2.223e-05,3677.0,0.08173971
BRD/BTC,1569140601190,2019-09-22T08:23:21.190Z,buy,2.223e-05,135.0,0.00300105
BRD/BTC,1569140614965,2019-09-22T08:23:34.965Z,sell,2.221e-05,375.0,0.00832875
BRD/BTC,1569140614965,2019-09-22T08:23:34.965Z,sell,2.22e-05,314.0,0.0069708
BRD/BTC,1569140625832,2019-09-22T08:23:45.832Z,sell,2.22e-05,669.0,0.0148518
BRD/BTC,1569140625832,2019-09-22T08:23:45.832Z,sell,2.219e-05,65.0,0.00144235
BRD/BTC,1569140638025,2019-09-22T08:23:58.025Z,sell,2.219e-05,49.0,0.00108731
BRD/BTC,1569140799767,2019-09-22T08:26:39.767Z,buy,2.223e-05,189.0,0.00420147
BRD/BTC,1569140849242,2019-09-22T08:27:29.242Z,sell,2.219e-05,29.0,0.00064351
BRD/BTC,1569140988021,2019-09-22T08:29:48.021Z,buy,2.223e-05,418.0,0.0092921399999999
BRD/BTC,1569141055140,2019-09-22T08:30:55.140Z,sell,2.222e-05,73.0,0.00162206
BRD/BTC,1569141166989,2019-09-22T08:32:46.989Z,buy,2.223e-05,689.0,0.0153164699999999
BRD/BTC,1569141361077,2019-09-22T08:36:01.077Z,buy,2.223e-05,813.0,0.01807299
BRD/BTC,1569141547209,2019-09-22T08:39:07.209Z,buy,2.223e-05,545.0,0.0121153499999999
BRD/BTC,1569141547245,2019-09-22T08:39:07.245Z,sell,2.224e-05,439.0,0.00976336
BRD/BTC,1569141613558,2019-09-22T08:40:13.558Z,buy,2.229e-05,647.0,0.01442163
BRD/BTC,1569141699586,2019-09-22T08:41:39.586Z,sell,2.22e-05,287.0,0.0063714
BRD/BTC,1569141699586,2019-09-22T08:41:39.586Z,sell,2.219e-05,361.0,0.00801059
BRD/BTC,1569141712885,2019-09-22T08:41:52.885Z,sell,2.219e-05,46.0,0.00102074
BRD/BTC,1569141896041,2019-09-22T08:44:56.041Z,buy,2.228e-05,681.0,0.01517268
BRD/BTC,1569141896041,2019-09-22T08:44:56.041Z,buy,2.229e-05,1190.0,0.0265251
BRD/BTC,1569141896060,2019-09-22T08:44:56.060Z,sell,2.229e-05,355.0,0.00791295
BRD/BTC,1569141896065,2019-09-22T08:44:56.065Z,sell,2.229e-05,809.0,0.0180326099999999
BRD/BTC,1569141896081,2019-09-22T08:44:56.081Z,sell,2.229e-05,465.0,0.0103648499999999
BRD/BTC,1569141896104,2019-09-22T08:44:56.104Z,sell,2.229e-05,123.0,0.00274167
BRD/BTC,1569141896112,2019-09-22T08:44:56.112Z,sell,2.229e-05,325.0,0.00724425
BRD/BTC,1569141896208,2019-09-22T08:44:56.208Z,sell,2.229e-05,215.0,0.00479235
BRD/BTC,1569141930377,2019-09-22T08:45:30.377Z,buy,2.231e-05,500.0,0.011155
BRD/BTC,1569141930377,2019-09-22T08:45:30.377Z,buy,2.231e-05,500.0,0.011155
BRD/BTC,1569142118778,2019-09-22T08:48:38.778Z,buy,2.231e-05,195.0,0.00435045
BRD/BTC,1569142118778,2019-09-22T08:48:38.778Z,buy,2.232e-05,514.0,0.01147248
BRD/BTC,1569142304509,2019-09-22T08:51:44.509Z,buy,2.232e-05,223.0,0.00497736
BRD/BTC,1569142321000,2019-09-22T08:52:01.000Z,buy,2.232e-05,1066.0,0.02379312
BRD/BTC,1569142493753,2019-09-22T08:54:53.753Z,buy,2.232e-05,580.0,0.0129456
BRD/BTC,1569142493753,2019-09-22T08:54:53.753Z,buy,2.233e-05,377.0,0.00841841
BRD/BTC,1569142680126,2019-09-22T08:58:00.126Z,buy,2.233e-05,442.0,0.00986986
BRD/BTC,1569142680126,2019-09-22T08:58:00.126Z,buy,2.234e-05,188.0,0.00419992
BRD/BTC,1569142680151,2019-09-22T08:58:00.151Z,sell,2.234e-05,283.0,0.00632222
BRD/BTC,1569142680262,2019-09-22T08:58:00.262Z,sell,2.234e-05,34.0,0.0007595599999999
BRD/BTC,1569142861903,2019-09-22T09:01:01.903Z,buy,2.234e-05,5.0,0.0001117
BRD/BTC,1569142865145,2019-09-22T09:01:05.145Z,sell,2.234e-05,151.0,0.00337334
BRD/BTC,1569142916904,2019-09-22T09:01:56.904Z,buy,2.235e-05,127.0,0.00283845
BRD/BTC,1569143050132,2019-09-22T09:04:10.132Z,buy,2.235e-05,186.0,0.0041571
BRD/BTC,1569143050132,2019-09-22T09:04:10.132Z,buy,2.236e-05,209.0,0.0046732399999999
BRD/BTC,1569143050132,2019-09-22T09:04:10.132Z,buy,2.237e-05,167.0,0.00373579
BRD/BTC,1569143112614,2019-09-22T09:05:12.614Z,buy,2.237e-05,84.0,0.00187908
BRD/BTC,1569143287121,2019-09-22T09:08:07.121Z,sell,2.237e-05,692.0,0.01548004
BRD/BTC,1569143345748,2019-09-22T09:09:05.748Z,buy,2.237e-05,188.0,0.00420556
BRD/BTC,1569143435027,2019-09-22T09:10:35.027Z,sell,2.234e-05,333.0,0.00743922
BRD/BTC,1569143490060,2019-09-22T09:11:30.060Z,buy,2.234e-05,45.0,0.0010053
BRD/BTC,1569143580067,2019-09-22T09:13:00.067Z,buy,2.238e-05,104.0,0.00232752
BRD/BTC,1569143580067,2019-09-22T09:13:00.067Z,buy,2.239e-05,238.0,0.00532882
BRD/BTC,1569143580067,2019-09-22T09:13:00.067Z,buy,2.24e-05,73.0,0.0016351999999999
BRD/BTC,1569143601073,2019-09-22T09:13:21.073Z,sell,2.232e-05,786.0,0.01754352
BRD/BTC,1569143601073,2019-09-22T09:13:21.073Z,sell,2.231e-05,134.0,0.00298954
BRD/BTC,1569143601073,2019-09-22T09:13:21.073Z,sell,2.23e-05,4181.0,0.0932363
BRD/BTC,1569143601073,2019-09-22T09:13:21.073Z,sell,2.229e-05,979.0,0.02182191
BRD/BTC,1569143601073,2019-09-22T09:13:21.073Z,sell,2.228e-05,238.0,0.00530264
BRD/BTC,1569143601073,2019-09-22T09:13:21.073Z,sell,2.227e-05,104.0,0.00231608
BRD/BTC,1569143601073,2019-09-22T09:13:21.073Z,sell,2.226e-05,199.0,0.00442974
BRD/BTC,1569143601073,2019-09-22T09:13:21.073Z,sell,2.225e-05,209.0,0.00465025
BRD/BTC,1569143601073,2019-09-22T09:13:21.073Z,sell,2.224e-05,313.0,0.00696112
BRD/BTC,1569143601073,2019-09-22T09:13:21.073Z,sell,2.223e-05,188.0,0.00417924
BRD/BTC,1569143601073,2019-09-22T09:13:21.073Z,sell,2.222e-05,819.0,0.01819818
BRD/BTC,1569143601073,2019-09-22T09:13:21.073Z,sell,2.221e-05,580.0,0.0128817999999999
BRD/BTC,1569143601073,2019-09-22T09:13:21.073Z,sell,2.22e-05,695.0,0.015429
BRD/BTC,1569143601073,2019-09-22T09:13:21.073Z,sell,2.219e-05,1208.0,0.02680552
BRD/BTC,1569143601073,2019-09-22T09:13:21.073Z,sell,2.218e-05,2018.0,0.04475924
BRD/BTC,1569143601073,2019-09-22T09:13:21.073Z,sell,2.217e-05,3670.0,0.0813639
BRD/BTC,1569143601073,2019-09-22T09:13:21.073Z,sell,2.216e-05,655.0,0.0145148
BRD/BTC,1569143601073,2019-09-22T09:13:21.073Z,sell,2.215e-05,651.0,0.01441965
BRD/BTC,1569143601073,2019-09-22T09:13:21.073Z,sell,2.214e-05,806.0,0.01784484
BRD/BTC,1569143601073,2019-09-22T09:13:21.073Z,sell,2.213e-05,435.0,0.00962655
BRD/BTC,1569143601073,2019-09-22T09:13:21.073Z,sell,2.212e-05,349.0,0.00771988
BRD/BTC,1569143601073,2019-09-22T09:13:21.073Z,sell,2.21e-05,319.0,0.0070499
BRD/BTC,1569143601073,2019-09-22T09:13:21.073Z,sell,2.209e-05,1179.0,0.02604411
BRD/BTC,1569143601073,2019-09-22T09:13:21.073Z,sell,2.206e-05,226.0,0.00498556
BRD/BTC,1569143601073,2019-09-22T09:13:21.073Z,sell,2.204e-05,1359.0,0.0299523599999999
BRD/BTC,1569143601073,2019-09-22T09:13:21.073Z,sell,2.203e-05,5.0,0.00011015
BRD/BTC,1569143601073,2019-09-22T09:13:21.073Z,sell,2.202e-05,2996.0,0.06597192
BRD/BTC,1569143601073,2019-09-22T09:13:21.073Z,sell,2.201e-05,3716.0,0.08178916
BRD/BTC,1569143610619,2019-09-22T09:13:30.619Z,buy,2.218e-05,52.0,0.00115336
BRD/BTC,1569143610630,2019-09-22T09:13:30.630Z,buy,2.218e-05,156.0,0.00346008
BRD/BTC,1569143610637,2019-09-22T09:13:30.637Z,buy,2.218e-05,52.0,0.00115336
BRD/BTC,1569143614772,2019-09-22T09:13:34.772Z,sell,2.212e-05,45.0,0.0009954
BRD/BTC,1569143614772,2019-09-22T09:13:34.772Z,sell,2.211e-05,145.0,0.00320595
BRD/BTC,1569143614793,2019-09-22T09:13:34.793Z,buy,2.211e-05,123.0,0.00271953
BRD/BTC,1569143614799,2019-09-22T09:13:34.799Z,buy,2.211e-05,726.0,0.01605186
BRD/BTC,1569143614817,2019-09-22T09:13:34.817Z,buy,2.211e-05,603.0,0.01333233
BRD/BTC,1569143614828,2019-09-22T09:13:34.828Z,buy,2.211e-05,603.0,0.01333233
BRD/BTC,1569143614830,2019-09-22T09:13:34.830Z,buy,2.211e-05,284.0,0.00627924
BRD/BTC,1569143614838,2019-09-22T09:13:34.838Z,buy,2.211e-05,222.0,0.00490842
BRD/BTC,1569143614867,2019-09-22T09:13:34.867Z,buy,2.211e-05,328.0,0.00725208
BRD/BTC,1569143614868,2019-09-22T09:13:34.868Z,buy,2.211e-05,342.0,0.00756162
BRD/BTC,1569143614868,2019-09-22T09:13:34.868Z,buy,2.211e-05,328.0,0.00725208
BRD/BTC,1569143614869,2019-09-22T09:13:34.869Z,buy,2.211e-05,342.0,0.00756162
BRD/BTC,1569143614869,2019-09-22T09:13:34.869Z,buy,2.211e-05,342.0,0.00756162
BRD/BTC,1569143614872,2019-09-22T09:13:34.872Z,buy,2.211e-05,328.0,0.00725208
BRD/BTC,1569143614874,2019-09-22T09:13:34.874Z,buy,2.211e-05,342.0,0.00756162
BRD/BTC,1569143614897,2019-09-22T09:13:34.897Z,buy,2.211e-05,15.0,0.00033165
BRD/BTC,1569143614915,2019-09-22T09:13:34.915Z,sell,2.21e-05,212.0,0.0046852
BRD/BTC,1569143619031,2019-09-22T09:13:39.031Z,sell,2.206e-05,109.0,0.0024045399999999
BRD/BTC,1569143619031,2019-09-22T09:13:39.031Z,buy,2.204e-05,453.0,0.0099841199999999
BRD/BTC,1569143619031,2019-09-22T09:13:39.031Z,buy,2.204e-05,453.0,0.0099841199999999
BRD/BTC,1569143619060,2019-09-22T09:13:39.060Z,buy,2.204e-05,215.0,0.0047386
BRD/BTC,1569143619113,2019-09-22T09:13:39.113Z,buy,2.204e-05,169.0,0.0037247599999999
BRD/BTC,1569143619118,2019-09-22T09:13:39.118Z,buy,2.204e-05,64.0,0.00141056
BRD/BTC,1569143619153,2019-09-22T09:13:39.153Z,sell,2.202e-05,212.0,0.00466824
BRD/BTC,1569143619153,2019-09-22T09:13:39.153Z,sell,2.201e-05,676.0,0.01487876
BRD/BTC,1569143619190,2019-09-22T09:13:39.190Z,buy,2.204e-05,611.0,0.01346644
BRD/BTC,1569143619195,2019-09-22T09:13:39.195Z,buy,2.204e-05,2.0,4.408e-05
BRD/BTC,1569143619311,2019-09-22T09:13:39.311Z,buy,2.204e-05,65.0,0.0014326
BRD/BTC,1569143648599,2019-09-22T09:14:08.599Z,buy,2.212e-05,5.0,0.0001106
BRD/BTC,1569143655631,2019-09-22T09:14:15.631Z,sell,2.211e-05,15.0,0.00033165
BRD/BTC,1569143667180,2019-09-22T09:14:27.180Z,sell,2.211e-05,215.0,0.00475365
BRD/BTC,1569143667196,2019-09-22T09:14:27.196Z,sell,2.211e-05,46.0,0.00101706
BRD/BTC,1569143667201,2019-09-22T09:14:27.201Z,sell,2.211e-05,95.0,0.00210045
BRD/BTC,1569143667426,2019-09-22T09:14:27.426Z,sell,2.21e-05,52.0,0.0011492
BRD/BTC,1569143667618,2019-09-22T09:14:27.618Z,sell,2.21e-05,13.0,0.0002873
BRD/BTC,1569143685770,2019-09-22T09:14:45.770Z,sell,2.21e-05,491.0,0.0108510999999999
BRD/BTC,1569143686810,2019-09-22T09:14:46.810Z,sell,2.209e-05,97.0,0.00214273
BRD/BTC,1569143814433,2019-09-22T09:16:54.433Z,buy,2.21e-05,90.0,0.001989
BRD/BTC,1569143843338,2019-09-22T09:17:23.338Z,buy,2.21e-05,95.0,0.0020995
BRD/BTC,1569143843338,2019-09-22T09:17:23.338Z,buy,2.211e-05,56.0,0.00123816
BRD/BTC,1569143851139,2019-09-22T09:17:31.139Z,buy,2.211e-05,45.0,0.00099495
BRD/BTC,1569143960671,2019-09-22T09:19:20.671Z,buy,2.211e-05,2.0,4.422e-05
BRD/BTC,1569143986163,2019-09-22T09:19:46.163Z,buy,2.211e-05,342.0,0.00756162
BRD/BTC,1569143986163,2019-09-22T09:19:46.163Z,buy,2.212e-05,453.0,0.01002036
BRD/BTC,1569143989952,2019-09-22T09:19:49.952Z,sell,2.213e-05,18.0,0.00039834
BRD/BTC,1569143990203,2019-09-22T09:19:50.203Z,buy,2.214e-05,109.0,0.00241326
BRD/BTC,1569143992859,2019-09-22T09:19:52.859Z,sell,2.215e-05,41.0,0.00090815
BRD/BTC,1569143992966,2019-09-22T09:19:52.966Z,sell,2.215e-05,290.0,0.0064234999999999
BRD/BTC,1569144027222,2019-09-22T09:20:27.222Z,buy,2.219e-05,134.0,0.00297346
BRD/BTC,1569144076085,2019-09-22T09:21:16.085Z,buy,2.219e-05,2.0,4.438e-05
BRD/BTC,1569144091382,2019-09-22T09:21:31.382Z,sell,2.217e-05,80.0,0.0017736
BRD/BTC,1569144117288,2019-09-22T09:21:57.288Z,sell,2.214e-05,27.0,0.00059778
BRD/BTC,1569144212119,2019-09-22T09:23:32.119Z,buy,2.219e-05,227.0,0.00503713
BRD/BTC,1569144212185,2019-09-22T09:23:32.185Z,sell,2.219e-05,18.0,0.00039942
BRD/BTC,1569144295147,2019-09-22T09:24:55.147Z,sell,2.214e-05,139.0,0.00307746
BRD/BTC,1569144384879,2019-09-22T09:26:24.879Z,sell,2.215e-05,178.0,0.0039427
BRD/BTC,1569144397757,2019-09-22T09:26:37.757Z,sell,2.219e-05,261.0,0.00579159
BRD/BTC,1569144398556,2019-09-22T09:26:38.556Z,sell,2.219e-05,168.0,0.00372792
BRD/BTC,1569144421879,2019-09-22T09:27:01.879Z,buy,2.22e-05,46.0,0.0010212
BRD/BTC,1569144453584,2019-09-22T09:27:33.584Z,buy,2.219e-05,13.0,0.00028847
BRD/BTC,1569144453584,2019-09-22T09:27:33.584Z,buy,2.22e-05,183.0,0.0040626
BRD/BTC,1569144585863,2019-09-22T09:29:45.863Z,sell,2.219e-05,265.0,0.0058803499999999
BRD/BTC,1569144585867,2019-09-22T09:29:45.867Z,sell,2.219e-05,123.0,0.00272937
BRD/BTC,1569144665665,2019-09-22T09:31:05.665Z,sell,2.218e-05,56.0,0.00124208
BRD/BTC,1569144673398,2019-09-22T09:31:13.398Z,sell,2.219e-05,163.0,0.0036169699999999
BRD/BTC,1569144772056,2019-09-22T09:32:52.056Z,buy,2.22e-05,90.0,0.001998
BRD/BTC,1569144772056,2019-09-22T09:32:52.056Z,buy,2.221e-05,466.0,0.0103498599999999
BRD/BTC,1569144790242,2019-09-22T09:33:10.242Z,sell,2.219e-05,162.0,0.0035947799999999
BRD/BTC,1569144955057,2019-09-22T09:35:55.057Z,buy,2.221e-05,249.0,0.00553029
BRD/BTC,1569144955057,2019-09-22T09:35:55.057Z,buy,2.222e-05,371.0,0.00824362
BRD/BTC,1569144955057,2019-09-22T09:35:55.057Z,buy,2.223e-05,106.0,0.00235638
BRD/BTC,1569145008848,2019-09-22T09:36:48.848Z,buy,2.223e-05,180.0,0.0040014
BRD/BTC,1569145141161,2019-09-22T09:39:01.161Z,buy,2.223e-05,63.0,0.00140049
BRD/BTC,1569145141161,2019-09-22T09:39:01.161Z,buy,2.224e-05,338.0,0.00751712
BRD/BTC,1569145198521,2019-09-22T09:39:58.521Z,buy,2.225e-05,441.0,0.00981225
BRD/BTC,1569145388381,2019-09-22T09:43:08.381Z,buy,2.225e-05,417.0,0.00927825
BRD/BTC,1569145388381,2019-09-22T09:43:08.381Z,buy,2.225e-05,417.0,0.00927825
BRD/BTC,1569145585239,2019-09-22T09:46:25.239Z,buy,2.225e-05,282.0,0.0062745
BRD/BTC,1569145585239,2019-09-22T09:46:25.239Z,buy,2.226e-05,557.0,0.01239882
BRD/BTC,1569145775039,2019-09-22T09:49:35.039Z,buy,2.226e-05,525.0,0.0116865
BRD/BTC,1569145775039,2019-09-22T09:49:35.039Z,buy,2.227e-05,119.0,0.0026501299999999
BRD/BTC,1569145866424,2019-09-22T09:51:06.424Z,buy,2.227e-05,66.0,0.00146982
BRD/BTC,1569145911605,2019-09-22T09:51:51.605Z,buy,2.227e-05,59.0,0.0013139299999999
BRD/BTC,1569145911605,2019-09-22T09:51:51.605Z,buy,2.228e-05,204.0,0.00454512
BRD/BTC,1569146117134,2019-09-22T09:55:17.134Z,sell,2.224e-05,489.0,0.01087536
BRD/BTC,1569146194691,2019-09-22T09:56:34.691Z,buy,2.228e-05,47.0,0.00104716
BRD/BTC,1569146235209,2019-09-22T09:57:15.209Z,buy,2.228e-05,35.0,0.0007798
BRD/BTC,1569146345100,2019-09-22T09:59:05.100Z,sell,2.227e-05,217.0,0.0048325899999999
BRD/BTC,1569146395977,2019-09-22T09:59:55.977Z,sell,2.227e-05,45.0,0.0010021499999999
BRD/BTC,1569146426547,2019-09-22T10:00:26.547Z,buy,2.228e-05,483.0,0.01076124
BRD/BTC,1569146426547,2019-09-22T10:00:26.547Z,buy,2.229e-05,126.0,0.00280854
BRD/BTC,1569146500441,2019-09-22T10:01:40.441Z,buy,2.229e-05,507.0,0.0113010299999999
BRD/BTC,1569146502394,2019-09-22T10:01:42.394Z,buy,2.229e-05,2.0,4.458e-05
BRD/BTC,1569146574363,2019-09-22T10:02:54.363Z,buy,2.229e-05,331.0,0.0073779899999999
BRD/BTC,1569146574485,2019-09-22T10:02:54.485Z,sell,2.229e-05,184.0,0.00410136
BRD/BTC,1569146686734,2019-09-22T10:04:46.734Z,buy,2.23e-05,565.0,0.0125995
BRD/BTC,1569146747201,2019-09-22T10:05:47.201Z,buy,2.23e-05,5.0,0.0001115
BRD/BTC,1569146835249,2019-09-22T10:07:15.249Z,buy,2.23e-05,2.0,4.46e-05
BRD/BTC,1569146868619,2019-09-22T10:07:48.619Z,buy,2.23e-05,411.0,0.0091653
BRD/BTC,1569146868619,2019-09-22T10:07:48.619Z,buy,2.231e-05,81.0,0.00180711
BRD/BTC,1569146923314,2019-09-22T10:08:43.314Z,sell,2.229e-05,177.0,0.0039453299999999
BRD/BTC,1569146923646,2019-09-22T10:08:43.646Z,sell,2.229e-05,88.0,0.00196152
BRD/BTC,1569146925299,2019-09-22T10:08:45.299Z,sell,2.229e-05,123.0,0.00274167
BRD/BTC,1569146981824,2019-09-22T10:09:41.824Z,buy,2.231e-05,2.0,4.462e-05
BRD/BTC,1569147053531,2019-09-22T10:10:53.531Z,buy,2.23e-05,64.0,0.0014272
BRD/BTC,1569147053531,2019-09-22T10:10:53.531Z,buy,2.231e-05,612.0,0.01365372
BRD/BTC,1569147053531,2019-09-22T10:10:53.531Z,buy,2.232e-05,42.0,0.00093744
BRD/BTC,1569147077246,2019-09-22T10:11:17.246Z,buy,2.232e-05,5.0,0.0001116
BRD/BTC,1569147226610,2019-09-22T10:13:46.610Z,sell,2.23e-05,112.0,0.0024976
BRD/BTC,1569147366540,2019-09-22T10:16:06.540Z,sell,2.23e-05,271.0,0.0060433
BRD/BTC,1569147418397,2019-09-22T10:16:58.397Z,buy,2.232e-05,244.0,0.00544608
BRD/BTC,1569147607454,2019-09-22T10:20:07.454Z,buy,2.232e-05,2.0,4.464e-05
BRD/BTC,1569147610624,2019-09-22T10:20:10.624Z,buy,2.232e-05,95.0,0.0021204
BRD/BTC,1569147691736,2019-09-22T10:21:31.736Z,buy,2.232e-05,5.0,0.0001116
BRD/BTC,1569147757361,2019-09-22T10:22:37.361Z,sell,2.23e-05,331.0,0.0073813
BRD/BTC,1569147780100,2019-09-22T10:23:00.100Z,sell,2.229e-05,24.0,0.0005349599999999
BRD/BTC,1569148000287,2019-09-22T10:26:40.287Z,buy,2.232e-05,187.0,0.00417384
BRD/BTC,1569148000287,2019-09-22T10:26:40.287Z,buy,2.233e-05,583.0,0.01301839
BRD/BTC,1569148189822,2019-09-22T10:29:49.822Z,buy,2.233e-05,236.0,0.00526988
BRD/BTC,1569148189822,2019-09-22T10:29:49.822Z,buy,2.234e-05,188.0,0.00419992
BRD/BTC,1569148189905,2019-09-22T10:29:49.905Z,sell,2.234e-05,71.0,0.00158614
BRD/BTC,1569148191584,2019-09-22T10:29:51.584Z,sell,2.234e-05,127.0,0.00283718
BRD/BTC,1569148275706,2019-09-22T10:31:15.706Z,sell,2.229e-05,75.0,0.0016717499999999
BRD/BTC,1569148312735,2019-09-22T10:31:52.735Z,sell,2.229e-05,1137.0,0.02534373
BRD/BTC,1569148381617,2019-09-22T10:33:01.617Z,buy,2.233e-05,14.0,0.00031262
BRD/BTC,1569148381617,2019-09-22T10:33:01.617Z,buy,2.234e-05,177.0,0.00395418
BRD/BTC,1569148565923,2019-09-22T10:36:05.923Z,buy,2.234e-05,545.0,0.0121753
BRD/BTC,1569148723645,2019-09-22T10:38:43.645Z,sell,2.23e-05,369.0,0.0082287
BRD/BTC,1569148881021,2019-09-22T10:41:21.021Z,sell,2.229e-05,59.0,0.00131511
BRD/BTC,1569148941321,2019-09-22T10:42:21.321Z,sell,2.229e-05,214.0,0.00477006
BRD/BTC,1569148950674,2019-09-22T10:42:30.674Z,buy,2.23e-05,154.0,0.0034342
BRD/BTC,1569148950674,2019-09-22T10:42:30.674Z,buy,2.23e-05,154.0,0.0034342
BRD/BTC,1569149080845,2019-09-22T10:44:40.845Z,sell,2.229e-05,24.0,0.0005349599999999
BRD/BTC,1569149132075,2019-09-22T10:45:32.075Z,buy,2.23e-05,45.0,0.0010035
BRD/BTC,1569149132075,2019-09-22T10:45:32.075Z,buy,2.233e-05,767.0,0.01712711
BRD/BTC,1569149138738,2019-09-22T10:45:38.738Z,buy,2.233e-05,524.0,0.01170092
BRD/BTC,1569149325427,2019-09-22T10:48:45.427Z,buy,2.233e-05,802.0,0.01790866
BRD/BTC,1569149361208,2019-09-22T10:49:21.208Z,buy,2.233e-05,84.0,0.00187572
BRD/BTC,1569149481402,2019-09-22T10:51:21.402Z,sell,2.23e-05,74.0,0.0016502
BRD/BTC,1569149481612,2019-09-22T10:51:21.612Z,sell,2.23e-05,120.0,0.002676
BRD/BTC,1569149513370,2019-09-22T10:51:53.370Z,sell,2.23e-05,65.0,0.0014495
BRD/BTC,1569149521604,2019-09-22T10:52:01.604Z,buy,2.233e-05,88.0,0.00196504
BRD/BTC,1569149568125,2019-09-22T10:52:48.125Z,sell,2.229e-05,89.0,0.00198381
BRD/BTC,1569149569100,2019-09-22T10:52:49.100Z,sell,2.229e-05,144.0,0.00320976
BRD/BTC,1569149578003,2019-09-22T10:52:58.003Z,sell,2.229e-05,269.0,0.0059960099999999
BRD/BTC,1569149578114,2019-09-22T10:52:58.114Z,sell,2.229e-05,14.0,0.0003120599999999
BRD/BTC,1569149603112,2019-09-22T10:53:23.112Z,sell,2.229e-05,211.0,0.0047031899999999
BRD/BTC,1569149704142,2019-09-22T10:55:04.142Z,buy,2.232e-05,13.0,0.00029016
BRD/BTC,1569149704142,2019-09-22T10:55:04.142Z,buy,2.233e-05,656.0,0.01464848
BRD/BTC,1569149884985,2019-09-22T10:58:04.985Z,buy,2.233e-05,48.0,0.00107184
BRD/BTC,1569149899773,2019-09-22T10:58:19.773Z,buy,2.233e-05,401.0,0.00895433
BRD/BTC,1569150052325,2019-09-22T11:00:52.325Z,sell,2.231e-05,230.0,0.0051313
BRD/BTC,1569150061189,2019-09-22T11:01:01.189Z,buy,2.233e-05,131.0,0.00292523
BRD/BTC,1569150061207,2019-09-22T11:01:01.207Z,sell,2.231e-05,131.0,0.00292261
BRD/BTC,1569150061209,2019-09-22T11:01:01.209Z,buy,2.233e-05,71.0,0.00158543
BRD/BTC,1569150082413,2019-09-22T11:01:22.413Z,buy,2.233e-05,638.0,0.01424654
BRD/BTC,1569150139949,2019-09-22T11:02:19.949Z,buy,2.233e-05,75.0,0.00167475
BRD/BTC,1569150139949,2019-09-22T11:02:19.949Z,buy,2.234e-05,16.0,0.00035744
BRD/BTC,1569150139949,2019-09-22T11:02:19.949Z,buy,2.235e-05,309.0,0.00690615
BRD/BTC,1569150163101,2019-09-22T11:02:43.101Z,buy,2.235e-05,4.0,8.94e-05
BRD/BTC,1569150163101,2019-09-22T11:02:43.101Z,buy,2.236e-05,209.0,0.0046732399999999
BRD/BTC,1569150163101,2019-09-22T11:02:43.101Z,buy,2.237e-05,1287.0,0.02879019
BRD/BTC,1569150268470,2019-09-22T11:04:28.470Z,sell,2.235e-05,416.0,0.0092976
BRD/BTC,1569150268572,2019-09-22T11:04:28.572Z,sell,2.235e-05,89.0,0.00198915
BRD/BTC,1569150268681,2019-09-22T11:04:28.681Z,sell,2.235e-05,240.0,0.005364
BRD/BTC,1569150319932,2019-09-22T11:05:19.932Z,buy,2.238e-05,216.0,0.00483408
BRD/BTC,1569150503555,2019-09-22T11:08:23.555Z,buy,2.238e-05,853.0,0.01909014
BRD/BTC,1569150702989,2019-09-22T11:11:42.989Z,buy,2.232e-05,67.0,0.00149544
BRD/BTC,1569150702989,2019-09-22T11:11:42.989Z,buy,2.238e-05,845.0,0.0189111
BRD/BTC,1569150882474,2019-09-22T11:14:42.474Z,buy,2.238e-05,688.0,0.01539744
BRD/BTC,1569151068230,2019-09-22T11:17:48.230Z,buy,2.238e-05,279.0,0.0062440199999999
BRD/BTC,1569151245957,2019-09-22T11:20:45.957Z,buy,2.238e-05,793.0,0.01774734
BRD/BTC,1569151378761,2019-09-22T11:22:58.761Z,sell,2.231e-05,64.0,0.00142784
BRD/BTC,1569151445092,2019-09-22T11:24:05.092Z,buy,2.236e-05,219.0,0.0048968399999999
BRD/BTC,1569151581764,2019-09-22T11:26:21.764Z,buy,2.236e-05,530.0,0.0118508
BRD/BTC,1569151768835,2019-09-22T11:29:28.835Z,buy,2.236e-05,735.0,0.0164346
BRD/BTC,1569151960409,2019-09-22T11:32:40.409Z,buy,2.236e-05,112.0,0.00250432
BRD/BTC,1569152055736,2019-09-22T11:34:15.736Z,sell,2.231e-05,5.0,0.00011155
BRD/BTC,1569152055736,2019-09-22T11:34:15.736Z,sell,2.23e-05,832.0,0.0185536
BRD/BTC,1569152055736,2019-09-22T11:34:15.736Z,sell,2.229e-05,1839.0,0.0409913099999999
BRD/BTC,1569152289529,2019-09-22T11:38:09.529Z,buy,2.238e-05,301.0,0.00673638
BRD/BTC,1569152447703,2019-09-22T11:40:47.703Z,sell,2.23e-05,64.0,0.0014272
BRD/BTC,1569152497926,2019-09-22T11:41:37.926Z,buy,2.238e-05,127.0,0.00284226
BRD/BTC,1569152497926,2019-09-22T11:41:37.926Z,buy,2.238e-05,127.0,0.00284226
BRD/BTC,1569152668759,2019-09-22T11:44:28.759Z,buy,2.238e-05,200.0,0.004476
BRD/BTC,1569152707810,2019-09-22T11:45:07.810Z,buy,2.238e-05,159.0,0.00355842
BRD/BTC,1569152801949,2019-09-22T11:46:41.949Z,sell,2.229e-05,33.0,0.00073557
BRD/BTC,1569152831273,2019-09-22T11:47:11.273Z,sell,2.237e-05,392.0,0.00876904
BRD/BTC,1569152914206,2019-09-22T11:48:34.206Z,buy,2.239e-05,125.0,0.00279875
BRD/BTC,1569152940695,2019-09-22T11:49:00.695Z,buy,2.239e-05,5.0,0.00011195
BRD/BTC,1569152961439,2019-09-22T11:49:21.439Z,buy,2.239e-05,1803.0,0.04036917
BRD/BTC,1569153126386,2019-09-22T11:52:06.386Z,buy,2.24e-05,324.0,0.0072575999999999
BRD/BTC,1569153284927,2019-09-22T11:54:44.927Z,sell,2.231e-05,246.0,0.00548826
BRD/BTC,1569153329441,2019-09-22T11:55:29.441Z,buy,2.24e-05,354.0,0.0079296
BRD/BTC,1569153540474,2019-09-22T11:59:00.474Z,buy,2.24e-05,962.0,0.0215488
BRD/BTC,1569153711424,2019-09-22T12:01:51.424Z,buy,2.24e-05,937.0,0.0209888
BRD/BTC,1569153847623,2019-09-22T12:04:07.623Z,sell,2.238e-05,364.0,0.00814632
BRD/BTC,1569153848225,2019-09-22T12:04:08.225Z,sell,2.238e-05,89.0,0.00199182
BRD/BTC,1569153937722,2019-09-22T12:05:37.722Z,buy,2.238e-05,527.0,0.0117942599999999
BRD/BTC,1569153937722,2019-09-22T12:05:37.722Z,buy,2.24e-05,5.0,0.000112
BRD/BTC,1569153987460,2019-09-22T12:06:27.460Z,sell,2.236e-05,356.0,0.0079601599999999
BRD/BTC,1569154013246,2019-09-22T12:06:53.246Z,buy,2.24e-05,954.0,0.0213696
BRD/BTC,1569154149947,2019-09-22T12:09:09.947Z,sell,2.237e-05,100.0,0.002237
BRD/BTC,1569154165982,2019-09-22T12:09:25.982Z,sell,2.236e-05,217.0,0.00485212
BRD/BTC,1569154184824,2019-09-22T12:09:44.824Z,buy,2.24e-05,2.0,4.48e-05
BRD/BTC,1569154230198,2019-09-22T12:10:30.198Z,buy,2.235e-05,47.0,0.00105045
BRD/BTC,1569154280728,2019-09-22T12:11:20.728Z,buy,2.235e-05,91.0,0.00203385
BRD/BTC,1569154527262,2019-09-22T12:15:27.262Z,buy,2.24e-05,875.0,0.0196
BRD/BTC,1569154743145,2019-09-22T12:19:03.145Z,buy,2.24e-05,258.0,0.0057792
BRD/BTC,1569154952138,2019-09-22T12:22:32.138Z,buy,2.24e-05,873.0,0.0195552
BRD/BTC,1569155161438,2019-09-22T12:26:01.438Z,buy,2.24e-05,911.0,0.0204063999999999
BRD/BTC,1569155329267,2019-09-22T12:28:49.267Z,sell,2.24e-05,425.0,0.0095199999999999
BRD/BTC,1569155412234,2019-09-22T12:30:12.234Z,buy,2.241e-05,178.0,0.00398898
BRD/BTC,1569155621150,2019-09-22T12:33:41.150Z,buy,2.241e-05,649.0,0.01454409
BRD/BTC,1569155791724,2019-09-22T12:36:31.724Z,sell,2.24e-05,640.0,0.014336
BRD/BTC,1569155791808,2019-09-22T12:36:31.808Z,sell,2.24e-05,217.0,0.0048608
BRD/BTC,1569155791842,2019-09-22T12:36:31.842Z,sell,2.24e-05,57.0,0.0012768
BRD/BTC,1569155791846,2019-09-22T12:36:31.846Z,sell,2.24e-05,16.0,0.0003584
BRD/BTC,1569155934071,2019-09-22T12:38:54.071Z,sell,2.238e-05,34.0,0.00076092
BRD/BTC,1569155951582,2019-09-22T12:39:11.582Z,buy,2.24e-05,2.0,4.48e-05
