symbol,timestamp,datetime,side,price,amount,btc_volume
BRD/BTC,1584028802137,2020-03-12T16:00:02.137Z,buy,2.069e-05,825.0,0.01706925
BRD/BTC,1584028854142,2020-03-12T16:00:54.142Z,buy,2.069e-05,5.0,0.00010345
BRD/BTC,1584028894570,2020-03-12T16:01:34.570Z,buy,2.069e-05,305.0,0.00631045
BRD/BTC,1584028938143,2020-03-12T16:02:18.143Z,buy,2.069e-05,8.0,0.00016552
BRD/BTC,1584028955112,2020-03-12T16:02:35.112Z,buy,2.069e-05,10.0,0.0002069
BRD/BTC,1584028960754,2020-03-12T16:02:40.754Z,buy,2.069e-05,5.0,0.00010345
BRD/BTC,1584028963820,2020-03-12T16:02:43.820Z,buy,2.069e-05,133.0,0.00275177
BRD/BTC,1584028963829,2020-03-12T16:02:43.829Z,buy,2.069e-05,135.0,0.00279315
BRD/BTC,1584028971754,2020-03-12T16:02:51.754Z,buy,2.069e-05,8.0,0.00016552
BRD/BTC,1584029056854,2020-03-12T16:04:16.854Z,buy,2.069e-05,158.0,0.00326902
BRD/BTC,1584029112388,2020-03-12T16:05:12.388Z,buy,2.069e-05,29.0,0.00060001
BRD/BTC,1584029119245,2020-03-12T16:05:19.245Z,buy,2.069e-05,5.0,0.00010345
BRD/BTC,1584029148148,2020-03-12T16:05:48.148Z,sell,2.068e-05,606.0,0.01253208
BRD/BTC,1584029149041,2020-03-12T16:05:49.041Z,sell,2.067e-05,36.0,0.00074412
BRD/BTC,1584029151145,2020-03-12T16:05:51.145Z,sell,2.067e-05,12.0,0.00024804
BRD/BTC,1584029403384,2020-03-12T16:10:03.384Z,sell,2.067e-05,138.0,0.00285246
BRD/BTC,1584029403398,2020-03-12T16:10:03.398Z,sell,2.067e-05,89.0,0.00183963
BRD/BTC,1584029404383,2020-03-12T16:10:04.383Z,sell,2.067e-05,365.0,0.00754455
BRD/BTC,1584029408722,2020-03-12T16:10:08.722Z,buy,2.069e-05,5.0,0.00010345
BRD/BTC,1584029430228,2020-03-12T16:10:30.228Z,sell,2.067e-05,11.0,0.00022737
BRD/BTC,1584029430477,2020-03-12T16:10:30.477Z,sell,2.067e-05,369.0,0.00762723
BRD/BTC,1584029441748,2020-03-12T16:10:41.748Z,sell,2.067e-05,11.0,0.00022737
BRD/BTC,1584029465317,2020-03-12T16:11:05.317Z,sell,2.067e-05,755.0,0.01560585
BRD/BTC,1584029465317,2020-03-12T16:11:05.317Z,sell,2.066e-05,148.0,0.0030576799999999
BRD/BTC,1584029465317,2020-03-12T16:11:05.317Z,sell,2.065e-05,137.0,0.00282905
BRD/BTC,1584029465317,2020-03-12T16:11:05.317Z,sell,2.064e-05,72.0,0.0014860799999999
BRD/BTC,1584029467856,2020-03-12T16:11:07.856Z,sell,2.064e-05,33.0,0.00068112
BRD/BTC,1584029467856,2020-03-12T16:11:07.856Z,sell,2.063e-05,54.0,0.00111402
BRD/BTC,1584029467856,2020-03-12T16:11:07.856Z,sell,2.062e-05,82.0,0.0016908399999999
BRD/BTC,1584029467856,2020-03-12T16:11:07.856Z,sell,2.061e-05,91.0,0.00187551
BRD/BTC,1584029467856,2020-03-12T16:11:07.856Z,sell,2.06e-05,91.0,0.0018746
BRD/BTC,1584029472043,2020-03-12T16:11:12.043Z,buy,2.06e-05,448.0,0.0092287999999999
BRD/BTC,1584029476009,2020-03-12T16:11:16.009Z,buy,2.06e-05,529.0,0.0108974
BRD/BTC,1584029476046,2020-03-12T16:11:16.046Z,buy,2.06e-05,195.0,0.004017
BRD/BTC,1584029488769,2020-03-12T16:11:28.769Z,buy,2.06e-05,357.0,0.0073542
BRD/BTC,1584029578039,2020-03-12T16:12:58.039Z,buy,2.06e-05,72.0,0.0014832
BRD/BTC,1584029578056,2020-03-12T16:12:58.056Z,buy,2.06e-05,2026.0,0.0417356
BRD/BTC,1584029584177,2020-03-12T16:13:04.177Z,buy,2.069e-05,269.0,0.00556561
BRD/BTC,1584029587090,2020-03-12T16:13:07.090Z,buy,2.069e-05,319.0,0.00660011
BRD/BTC,1584029588899,2020-03-12T16:13:08.899Z,buy,2.069e-05,65.0,0.00134485
BRD/BTC,1584029588922,2020-03-12T16:13:08.922Z,buy,2.07e-05,91.0,0.0018836999999999
BRD/BTC,1584029594426,2020-03-12T16:13:14.426Z,buy,2.071e-05,91.0,0.0018846099999999
BRD/BTC,1584029595010,2020-03-12T16:13:15.010Z,buy,2.072e-05,82.0,0.00169904
BRD/BTC,1584029595010,2020-03-12T16:13:15.010Z,buy,2.073e-05,54.0,0.0011194199999999
BRD/BTC,1584029595010,2020-03-12T16:13:15.010Z,buy,2.074e-05,422.0,0.00875228
BRD/BTC,1584029656174,2020-03-12T16:14:16.174Z,sell,2.064e-05,66.0,0.00136224
BRD/BTC,1584029764968,2020-03-12T16:16:04.968Z,sell,2.064e-05,129.0,0.00266256
BRD/BTC,1584029765778,2020-03-12T16:16:05.778Z,sell,2.064e-05,129.0,0.00266256
BRD/BTC,1584029770927,2020-03-12T16:16:10.927Z,sell,2.064e-05,129.0,0.00266256
BRD/BTC,1584029771814,2020-03-12T16:16:11.814Z,sell,2.064e-05,129.0,0.00266256
BRD/BTC,1584029772210,2020-03-12T16:16:12.210Z,sell,2.064e-05,129.0,0.00266256
BRD/BTC,1584029772237,2020-03-12T16:16:12.237Z,sell,2.064e-05,129.0,0.00266256
BRD/BTC,1584029772839,2020-03-12T16:16:12.839Z,sell,2.064e-05,129.0,0.00266256
BRD/BTC,1584029773811,2020-03-12T16:16:13.811Z,sell,2.064e-05,129.0,0.00266256
BRD/BTC,1584029774816,2020-03-12T16:16:14.816Z,sell,2.064e-05,87.0,0.0017956799999999
BRD/BTC,1584029779445,2020-03-12T16:16:19.445Z,sell,2.063e-05,54.0,0.00111402
BRD/BTC,1584029792415,2020-03-12T16:16:32.415Z,sell,2.062e-05,169.0,0.00348478
BRD/BTC,1584030019627,2020-03-12T16:20:19.627Z,buy,2.071e-05,396.0,0.00820116
BRD/BTC,1584030106387,2020-03-12T16:21:46.387Z,buy,2.071e-05,196.0,0.00405916
BRD/BTC,1584030235062,2020-03-12T16:23:55.062Z,sell,2.07e-05,6.0,0.0001241999999999
BRD/BTC,1584030245328,2020-03-12T16:24:05.328Z,sell,2.07e-05,5.0,0.0001035
BRD/BTC,1584030248330,2020-03-12T16:24:08.330Z,sell,2.07e-05,8.0,0.0001656
BRD/BTC,1584030251222,2020-03-12T16:24:11.222Z,sell,2.07e-05,5.0,0.0001035
BRD/BTC,1584030256331,2020-03-12T16:24:16.331Z,sell,2.07e-05,8.0,0.0001656
BRD/BTC,1584030259137,2020-03-12T16:24:19.137Z,sell,2.07e-05,10.0,0.000207
BRD/BTC,1584030339807,2020-03-12T16:25:39.807Z,sell,2.07e-05,488.0,0.0101015999999999
BRD/BTC,1584030637440,2020-03-12T16:30:37.440Z,buy,2.071e-05,1447.0,0.02996737
BRD/BTC,1584030644609,2020-03-12T16:30:44.609Z,sell,2.069e-05,5.0,0.00010345
BRD/BTC,1584030824067,2020-03-12T16:33:44.067Z,buy,2.069e-05,12.0,0.00024828
BRD/BTC,1584030852474,2020-03-12T16:34:12.474Z,buy,2.069e-05,107.0,0.00221383
BRD/BTC,1584030869789,2020-03-12T16:34:29.789Z,sell,2.067e-05,779.0,0.01610193
BRD/BTC,1584030950763,2020-03-12T16:35:50.763Z,sell,2.067e-05,1545.0,0.03193515
BRD/BTC,1584031089587,2020-03-12T16:38:09.587Z,buy,2.067e-05,51.0,0.00105417
BRD/BTC,1584031144727,2020-03-12T16:39:04.727Z,buy,2.067e-05,42.0,0.00086814
BRD/BTC,1584031145213,2020-03-12T16:39:05.213Z,buy,2.067e-05,177.0,0.00365859
BRD/BTC,1584031221655,2020-03-12T16:40:21.655Z,buy,2.067e-05,16.0,0.00033072
BRD/BTC,1584031224062,2020-03-12T16:40:24.062Z,buy,2.067e-05,787.0,0.01626729
BRD/BTC,1584031226791,2020-03-12T16:40:26.791Z,buy,2.067e-05,366.0,0.00756522
BRD/BTC,1584031257097,2020-03-12T16:40:57.097Z,buy,2.065e-05,1012.0,0.0208978
BRD/BTC,1584031743358,2020-03-12T16:49:03.358Z,sell,2.066e-05,10.0,0.0002065999999999
BRD/BTC,1584031840671,2020-03-12T16:50:40.671Z,sell,2.061e-05,91.0,0.00187551
BRD/BTC,1584031840723,2020-03-12T16:50:40.723Z,sell,2.06e-05,91.0,0.0018746
BRD/BTC,1584031840723,2020-03-12T16:50:40.723Z,sell,2.059e-05,111.0,0.00228549
BRD/BTC,1584031914684,2020-03-12T16:51:54.684Z,sell,2.058e-05,103.0,0.0021197399999999
BRD/BTC,1584031923719,2020-03-12T16:52:03.719Z,sell,2.057e-05,119.0,0.00244783
BRD/BTC,1584031923719,2020-03-12T16:52:03.719Z,sell,2.056e-05,129.0,0.00265224
BRD/BTC,1584032142155,2020-03-12T16:55:42.155Z,sell,2.058e-05,5.0,0.0001029
BRD/BTC,1584032142155,2020-03-12T16:55:42.155Z,sell,2.056e-05,24.0,0.0004934399999999
BRD/BTC,1584032142155,2020-03-12T16:55:42.155Z,sell,2.058e-05,5.0,0.0001029
BRD/BTC,1584032142155,2020-03-12T16:55:42.155Z,sell,2.056e-05,24.0,0.0004934399999999
BRD/BTC,1584032447075,2020-03-12T17:00:47.075Z,sell,2.056e-05,1271.0,0.02613176
BRD/BTC,1584032447075,2020-03-12T17:00:47.075Z,sell,2.055e-05,63.0,0.00129465
BRD/BTC,1584032447075,2020-03-12T17:00:47.075Z,sell,2.054e-05,105.0,0.0021567
BRD/BTC,1584032447075,2020-03-12T17:00:47.075Z,sell,2.053e-05,148.0,0.00303844
BRD/BTC,1584032447075,2020-03-12T17:00:47.075Z,sell,2.052e-05,93.0,0.00190836
BRD/BTC,1584032447075,2020-03-12T17:00:47.075Z,sell,2.051e-05,111.0,0.0022766099999999
BRD/BTC,1584032447075,2020-03-12T17:00:47.075Z,sell,2.05e-05,533.0,0.0109265
BRD/BTC,1584032447075,2020-03-12T17:00:47.075Z,sell,2.049e-05,71.0,0.0014547899999999
BRD/BTC,1584032447075,2020-03-12T17:00:47.075Z,sell,2.048e-05,974.0,0.01994752
BRD/BTC,1584032482047,2020-03-12T17:01:22.047Z,buy,2.058e-05,110.0,0.0022638
BRD/BTC,1584032482047,2020-03-12T17:01:22.047Z,buy,2.059e-05,71.0,0.00146189
BRD/BTC,1584032599500,2020-03-12T17:03:19.500Z,buy,2.06e-05,95.0,0.001957
BRD/BTC,1584032600051,2020-03-12T17:03:20.051Z,buy,2.06e-05,49.0,0.0010094
BRD/BTC,1584032655665,2020-03-12T17:04:15.665Z,buy,2.061e-05,60.0,0.0012366
BRD/BTC,1584032721048,2020-03-12T17:05:21.048Z,buy,2.061e-05,51.0,0.00105111
BRD/BTC,1584032731011,2020-03-12T17:05:31.011Z,buy,2.062e-05,93.0,0.0019176599999999
BRD/BTC,1584032731011,2020-03-12T17:05:31.011Z,buy,2.063e-05,148.0,0.00305324
BRD/BTC,1584032736135,2020-03-12T17:05:36.135Z,buy,2.064e-05,85.0,0.0017544
BRD/BTC,1584032774436,2020-03-12T17:06:14.436Z,buy,2.065e-05,63.0,0.00130095
BRD/BTC,1584032801380,2020-03-12T17:06:41.380Z,sell,2.065e-05,493.0,0.01018045
BRD/BTC,1584032801380,2020-03-12T17:06:41.380Z,sell,2.064e-05,262.0,0.00540768
BRD/BTC,1584032801380,2020-03-12T17:06:41.380Z,sell,2.063e-05,636.0,0.01312068
BRD/BTC,1584032801403,2020-03-12T17:06:41.403Z,buy,2.063e-05,152.0,0.00313576
BRD/BTC,1584032801413,2020-03-12T17:06:41.413Z,buy,2.063e-05,80.0,0.0016504
BRD/BTC,1584032828038,2020-03-12T17:07:08.038Z,buy,2.066e-05,30.0,0.0006198
BRD/BTC,1584032836386,2020-03-12T17:07:16.386Z,buy,2.066e-05,99.0,0.0020453399999999
BRD/BTC,1584032836388,2020-03-12T17:07:16.388Z,buy,2.067e-05,99.0,0.00204633
BRD/BTC,1584032836391,2020-03-12T17:07:16.391Z,buy,2.067e-05,20.0,0.0004134
BRD/BTC,1584032840537,2020-03-12T17:07:20.537Z,buy,2.068e-05,103.0,0.0021300399999999
BRD/BTC,1584032840538,2020-03-12T17:07:20.538Z,buy,2.069e-05,103.0,0.00213107
BRD/BTC,1584032840538,2020-03-12T17:07:20.538Z,buy,2.069e-05,8.0,0.00016552
BRD/BTC,1584032840553,2020-03-12T17:07:20.553Z,buy,2.07e-05,91.0,0.0018836999999999
BRD/BTC,1584032854546,2020-03-12T17:07:34.546Z,buy,2.071e-05,38.0,0.00078698
BRD/BTC,1584032865078,2020-03-12T17:07:45.078Z,buy,2.071e-05,50.0,0.0010355
BRD/BTC,1584032885084,2020-03-12T17:08:05.084Z,buy,2.071e-05,3.0,6.213e-05
BRD/BTC,1584032885084,2020-03-12T17:08:05.084Z,buy,2.072e-05,45.0,0.0009324
BRD/BTC,1584032885844,2020-03-12T17:08:05.844Z,buy,2.072e-05,37.0,0.00076664
BRD/BTC,1584032902145,2020-03-12T17:08:22.145Z,buy,2.073e-05,5.0,0.00010365
BRD/BTC,1584032916391,2020-03-12T17:08:36.391Z,buy,2.073e-05,772.0,0.01600356
BRD/BTC,1584032920473,2020-03-12T17:08:40.473Z,buy,2.074e-05,105.0,0.0021777
BRD/BTC,1584033008348,2020-03-12T17:10:08.348Z,buy,2.073e-05,5.0,0.00010365
BRD/BTC,1584033025018,2020-03-12T17:10:25.018Z,buy,2.075e-05,720.0,0.01494
BRD/BTC,1584033025018,2020-03-12T17:10:25.018Z,buy,2.076e-05,148.0,0.00307248
BRD/BTC,1584033025119,2020-03-12T17:10:25.119Z,buy,2.077e-05,135.0,0.00280395
BRD/BTC,1584033036310,2020-03-12T17:10:36.310Z,buy,2.078e-05,33.0,0.00068574
BRD/BTC,1584033127533,2020-03-12T17:12:07.533Z,buy,2.078e-05,10.0,0.0002078
BRD/BTC,1584033176356,2020-03-12T17:12:56.356Z,sell,2.071e-05,531.0,0.01099701
BRD/BTC,1584033176356,2020-03-12T17:12:56.356Z,sell,2.067e-05,135.0,0.00279045
BRD/BTC,1584033252885,2020-03-12T17:14:12.885Z,buy,2.067e-05,6.0,0.00012402
BRD/BTC,1584033254188,2020-03-12T17:14:14.188Z,buy,2.067e-05,9.0,0.00018603
BRD/BTC,1584033263823,2020-03-12T17:14:23.823Z,sell,2.066e-05,3870.0,0.0799541999999999
BRD/BTC,1584033263823,2020-03-12T17:14:23.823Z,sell,2.065e-05,137.0,0.00282905
BRD/BTC,1584033263823,2020-03-12T17:14:23.823Z,sell,2.064e-05,105.0,0.0021671999999999
BRD/BTC,1584033268625,2020-03-12T17:14:28.625Z,buy,2.064e-05,1683.0,0.0347371199999999
BRD/BTC,1584033278024,2020-03-12T17:14:38.024Z,sell,2.064e-05,102.0,0.0021052799999999
BRD/BTC,1584033278036,2020-03-12T17:14:38.036Z,buy,2.064e-05,96.0,0.00198144
BRD/BTC,1584033278050,2020-03-12T17:14:38.050Z,buy,2.064e-05,617.0,0.0127348799999999
BRD/BTC,1584033279774,2020-03-12T17:14:39.774Z,buy,2.064e-05,201.0,0.0041486399999999
BRD/BTC,1584033279834,2020-03-12T17:14:39.834Z,buy,2.064e-05,201.0,0.0041486399999999
BRD/BTC,1584033287447,2020-03-12T17:14:47.447Z,buy,2.064e-05,1432.0,0.02955648
BRD/BTC,1584033299424,2020-03-12T17:14:59.424Z,sell,2.065e-05,141.0,0.00291165
BRD/BTC,1584033302870,2020-03-12T17:15:02.870Z,sell,2.065e-05,123.0,0.00253995
BRD/BTC,1584033310288,2020-03-12T17:15:10.288Z,sell,2.069e-05,247.0,0.00511043
BRD/BTC,1584033314728,2020-03-12T17:15:14.728Z,sell,2.069e-05,701.0,0.01450369
BRD/BTC,1584033323958,2020-03-12T17:15:23.958Z,sell,2.069e-05,3883.0,0.08033927
BRD/BTC,1584033362730,2020-03-12T17:16:02.730Z,sell,2.063e-05,104.0,0.00214552
BRD/BTC,1584033384171,2020-03-12T17:16:24.171Z,buy,2.069e-05,12.0,0.00024828
BRD/BTC,1584033548567,2020-03-12T17:19:08.567Z,sell,2.063e-05,562.0,0.01159406
BRD/BTC,1584033569062,2020-03-12T17:19:29.062Z,sell,2.063e-05,202.0,0.00416726
BRD/BTC,1584033570351,2020-03-12T17:19:30.351Z,sell,2.062e-05,82.0,0.0016908399999999
BRD/BTC,1584033593140,2020-03-12T17:19:53.140Z,sell,2.061e-05,754.0,0.01553994
BRD/BTC,1584033609115,2020-03-12T17:20:09.115Z,buy,2.063e-05,84.0,0.00173292
BRD/BTC,1584033609115,2020-03-12T17:20:09.115Z,buy,2.068e-05,264.0,0.00545952
BRD/BTC,1584033609881,2020-03-12T17:20:09.881Z,sell,2.068e-05,356.0,0.0073620799999999
BRD/BTC,1584033609881,2020-03-12T17:20:09.881Z,sell,2.063e-05,593.0,0.01223359
BRD/BTC,1584033629357,2020-03-12T17:20:29.357Z,sell,2.063e-05,1931.0,0.03983653
BRD/BTC,1584033638776,2020-03-12T17:20:38.776Z,sell,2.061e-05,1931.0,0.03979791
BRD/BTC,1584033683941,2020-03-12T17:21:23.941Z,sell,2.063e-05,68.0,0.00140284
BRD/BTC,1584033754333,2020-03-12T17:22:34.333Z,sell,2.063e-05,364.0,0.00750932
BRD/BTC,1584033755781,2020-03-12T17:22:35.781Z,buy,2.063e-05,112.0,0.00231056
BRD/BTC,1584033758992,2020-03-12T17:22:38.992Z,buy,2.063e-05,190.0,0.0039197
BRD/BTC,1584033791485,2020-03-12T17:23:11.485Z,sell,2.061e-05,333.0,0.00686313
BRD/BTC,1584033953662,2020-03-12T17:25:53.662Z,sell,2.06e-05,577.0,0.0118862
BRD/BTC,1584033961401,2020-03-12T17:26:01.401Z,buy,2.061e-05,208.0,0.00428688
BRD/BTC,1584033977730,2020-03-12T17:26:17.730Z,sell,2.06e-05,236.0,0.0048616
BRD/BTC,1584033990737,2020-03-12T17:26:30.737Z,buy,2.06e-05,524.0,0.0107944
BRD/BTC,1584033997294,2020-03-12T17:26:37.294Z,sell,2.059e-05,977.0,0.02011643
BRD/BTC,1584034099474,2020-03-12T17:28:19.474Z,sell,2.059e-05,333.0,0.00685647
BRD/BTC,1584034276385,2020-03-12T17:31:16.385Z,sell,2.06e-05,1183.0,0.0243698
BRD/BTC,1584034451012,2020-03-12T17:34:11.012Z,sell,2.063e-05,709.0,0.01462667
BRD/BTC,1584034569270,2020-03-12T17:36:09.270Z,buy,2.063e-05,120.0,0.0024756
BRD/BTC,1584034641690,2020-03-12T17:37:21.690Z,sell,2.06e-05,1486.0,0.0306116
BRD/BTC,1584034641943,2020-03-12T17:37:21.943Z,buy,2.06e-05,787.0,0.0162122
BRD/BTC,1584034757383,2020-03-12T17:39:17.383Z,sell,2.06e-05,1573.0,0.0324037999999999
BRD/BTC,1584034811860,2020-03-12T17:40:11.860Z,buy,2.06e-05,7.0,0.0001441999999999
BRD/BTC,1584034880080,2020-03-12T17:41:20.080Z,buy,2.06e-05,289.0,0.0059534
BRD/BTC,1584034920934,2020-03-12T17:42:00.934Z,sell,2.058e-05,468.0,0.00963144
BRD/BTC,1584035008509,2020-03-12T17:43:28.509Z,sell,2.058e-05,125.0,0.0025725
BRD/BTC,1584035028363,2020-03-12T17:43:48.363Z,buy,2.058e-05,5.0,0.0001029
BRD/BTC,1584035030131,2020-03-12T17:43:50.131Z,buy,2.058e-05,51.0,0.00104958
BRD/BTC,1584035038083,2020-03-12T17:43:58.083Z,buy,2.058e-05,12.0,0.00024696
BRD/BTC,1584035043398,2020-03-12T17:44:03.398Z,buy,2.058e-05,5.0,0.0001029
BRD/BTC,1584035044577,2020-03-12T17:44:04.577Z,buy,2.058e-05,5.0,0.0001029
BRD/BTC,1584035053342,2020-03-12T17:44:13.342Z,sell,2.057e-05,6.0,0.00012342
BRD/BTC,1584035054294,2020-03-12T17:44:14.294Z,sell,2.057e-05,9.0,0.00018513
BRD/BTC,1584035101774,2020-03-12T17:45:01.774Z,sell,2.057e-05,363.0,0.00746691
BRD/BTC,1584035136068,2020-03-12T17:45:36.068Z,buy,2.058e-05,544.0,0.01119552
BRD/BTC,1584035184937,2020-03-12T17:46:24.937Z,buy,2.06e-05,489.0,0.0100734
BRD/BTC,1584035349483,2020-03-12T17:49:09.483Z,buy,2.06e-05,453.0,0.0093318
BRD/BTC,1584035364527,2020-03-12T17:49:24.527Z,buy,2.06e-05,8.0,0.0001648
BRD/BTC,1584035425475,2020-03-12T17:50:25.475Z,buy,2.06e-05,5.0,0.000103
BRD/BTC,1584035455762,2020-03-12T17:50:55.762Z,buy,2.06e-05,2.0,4.12e-05
BRD/BTC,1584035458581,2020-03-12T17:50:58.581Z,buy,2.06e-05,2.0,4.12e-05
BRD/BTC,1584035458877,2020-03-12T17:50:58.877Z,buy,2.06e-05,2.0,4.12e-05
BRD/BTC,1584035467066,2020-03-12T17:51:07.066Z,buy,2.06e-05,559.0,0.0115154
BRD/BTC,1584035494911,2020-03-12T17:51:34.911Z,sell,2.059e-05,7.0,0.00014413
BRD/BTC,1584035494944,2020-03-12T17:51:34.944Z,buy,2.06e-05,52.0,0.0010712
BRD/BTC,1584035497161,2020-03-12T17:51:37.161Z,buy,2.06e-05,19.0,0.0003913999999999
BRD/BTC,1584035574775,2020-03-12T17:52:54.775Z,sell,2.059e-05,288.0,0.00592992
BRD/BTC,1584035574775,2020-03-12T17:52:54.775Z,sell,2.059e-05,288.0,0.00592992
BRD/BTC,1584035803534,2020-03-12T17:56:43.534Z,buy,2.06e-05,19.0,0.0003913999999999
BRD/BTC,1584036104459,2020-03-12T18:01:44.459Z,buy,2.06e-05,116.0,0.0023896
BRD/BTC,1584036215106,2020-03-12T18:03:35.106Z,buy,2.06e-05,1316.0,0.0271095999999999
BRD/BTC,1584036215106,2020-03-12T18:03:35.106Z,buy,2.067e-05,119.0,0.00245973
BRD/BTC,1584036215106,2020-03-12T18:03:35.106Z,buy,2.068e-05,103.0,0.0021300399999999
BRD/BTC,1584036215106,2020-03-12T18:03:35.106Z,buy,2.069e-05,170.0,0.0035173
BRD/BTC,1584036215106,2020-03-12T18:03:35.106Z,buy,2.07e-05,551.0,0.0114057
BRD/BTC,1584036215106,2020-03-12T18:03:35.106Z,buy,2.071e-05,91.0,0.0018846099999999
BRD/BTC,1584036215106,2020-03-12T18:03:35.106Z,buy,2.072e-05,82.0,0.00169904
BRD/BTC,1584036215106,2020-03-12T18:03:35.106Z,buy,2.073e-05,391.0,0.00810543
BRD/BTC,1584036215106,2020-03-12T18:03:35.106Z,buy,2.074e-05,783.0,0.01623942
BRD/BTC,1584036227148,2020-03-12T18:03:47.148Z,sell,2.066e-05,5.0,0.0001032999999999
BRD/BTC,1584036234185,2020-03-12T18:03:54.185Z,buy,2.075e-05,53.0,0.00109975
BRD/BTC,1584036242137,2020-03-12T18:04:02.137Z,sell,2.066e-05,5.0,0.0001032999999999
BRD/BTC,1584036243210,2020-03-12T18:04:03.210Z,sell,2.066e-05,5.0,0.0001032999999999
BRD/BTC,1584036353240,2020-03-12T18:05:53.240Z,buy,2.075e-05,84.0,0.001743
BRD/BTC,1584036353240,2020-03-12T18:05:53.240Z,buy,2.076e-05,333.0,0.00691308
BRD/BTC,1584036353504,2020-03-12T18:05:53.504Z,sell,2.075e-05,628.0,0.013031
BRD/BTC,1584036353507,2020-03-12T18:05:53.507Z,sell,2.075e-05,47.0,0.00097525
BRD/BTC,1584036353510,2020-03-12T18:05:53.510Z,sell,2.075e-05,47.0,0.00097525
BRD/BTC,1584036353902,2020-03-12T18:05:53.902Z,sell,2.075e-05,130.0,0.0026975
BRD/BTC,1584036488451,2020-03-12T18:08:08.451Z,sell,2.075e-05,5.0,0.00010375
BRD/BTC,1584036802355,2020-03-12T18:13:22.355Z,buy,2.076e-05,808.0,0.01677408
BRD/BTC,1584036803695,2020-03-12T18:13:23.695Z,buy,2.076e-05,622.0,0.01291272
BRD/BTC,1584036853255,2020-03-12T18:14:13.255Z,buy,2.076e-05,289.0,0.00599964
BRD/BTC,1584036944259,2020-03-12T18:15:44.259Z,buy,2.076e-05,5.0,0.0001038
BRD/BTC,1584036944259,2020-03-12T18:15:44.259Z,buy,2.077e-05,9.0,0.00018693
BRD/BTC,1584037003214,2020-03-12T18:16:43.214Z,sell,2.075e-05,106.0,0.0021995
BRD/BTC,1584037015394,2020-03-12T18:16:55.394Z,buy,2.077e-05,48.0,0.0009969599999999
BRD/BTC,1584037015402,2020-03-12T18:16:55.402Z,buy,2.077e-05,78.0,0.00162006
BRD/BTC,1584037327998,2020-03-12T18:22:07.998Z,buy,2.078e-05,22.0,0.00045716
BRD/BTC,1584037327998,2020-03-12T18:22:07.998Z,buy,2.079e-05,72.0,0.00149688
BRD/BTC,1584037579804,2020-03-12T18:26:19.804Z,buy,2.076e-05,212.0,0.00440112
BRD/BTC,1584037579804,2020-03-12T18:26:19.804Z,buy,2.079e-05,66.0,0.00137214
BRD/BTC,1584037579804,2020-03-12T18:26:19.804Z,buy,2.08e-05,50.0,0.00104
BRD/BTC,1584037579804,2020-03-12T18:26:19.804Z,buy,2.081e-05,149.0,0.0031006899999999
BRD/BTC,1584037579804,2020-03-12T18:26:19.804Z,buy,2.082e-05,3714.0,0.07732548
BRD/BTC,1584037823990,2020-03-12T18:30:23.990Z,sell,2.075e-05,375.0,0.00778125
BRD/BTC,1584037830159,2020-03-12T18:30:30.159Z,sell,2.075e-05,1100.0,0.0228249999999999
BRD/BTC,1584037838018,2020-03-12T18:30:38.018Z,buy,2.082e-05,682.0,0.01419924
BRD/BTC,1584037841520,2020-03-12T18:30:41.520Z,sell,2.072e-05,432.0,0.00895104
BRD/BTC,1584037843589,2020-03-12T18:30:43.589Z,sell,2.072e-05,217.0,0.00449624
BRD/BTC,1584037843589,2020-03-12T18:30:43.589Z,sell,2.071e-05,149.0,0.00308579
BRD/BTC,1584037843673,2020-03-12T18:30:43.673Z,sell,2.072e-05,274.0,0.00567728
BRD/BTC,1584037845909,2020-03-12T18:30:45.909Z,sell,2.072e-05,92.0,0.00190624
BRD/BTC,1584037851217,2020-03-12T18:30:51.217Z,sell,2.072e-05,332.0,0.00687904
BRD/BTC,1584037885276,2020-03-12T18:31:25.276Z,sell,2.071e-05,126.0,0.00260946
BRD/BTC,1584038003065,2020-03-12T18:33:23.065Z,sell,2.073e-05,20.0,0.0004146
BRD/BTC,1584038003065,2020-03-12T18:33:23.065Z,sell,2.07e-05,50.0,0.001035
BRD/BTC,1584038003065,2020-03-12T18:33:23.065Z,sell,2.069e-05,138.0,0.00285522
BRD/BTC,1584038003065,2020-03-12T18:33:23.065Z,sell,2.068e-05,65.0,0.0013441999999999
BRD/BTC,1584038093455,2020-03-12T18:34:53.455Z,sell,2.068e-05,203.0,0.00419804
BRD/BTC,1584038102786,2020-03-12T18:35:02.786Z,sell,2.068e-05,433.0,0.00895444
BRD/BTC,1584038102806,2020-03-12T18:35:02.806Z,sell,2.068e-05,144.0,0.00297792
BRD/BTC,1584038102833,2020-03-12T18:35:02.833Z,sell,2.068e-05,166.0,0.0034328799999999
BRD/BTC,1584038216198,2020-03-12T18:36:56.198Z,sell,2.068e-05,1273.0,0.0263256399999999
BRD/BTC,1584038216198,2020-03-12T18:36:56.198Z,sell,2.067e-05,135.0,0.00279045
BRD/BTC,1584038216198,2020-03-12T18:36:56.198Z,sell,2.066e-05,148.0,0.0030576799999999
BRD/BTC,1584038216198,2020-03-12T18:36:56.198Z,sell,2.065e-05,1027.0,0.02120755
BRD/BTC,1584038216198,2020-03-12T18:36:56.198Z,sell,2.064e-05,105.0,0.0021671999999999
BRD/BTC,1584038216198,2020-03-12T18:36:56.198Z,sell,2.063e-05,54.0,0.00111402
BRD/BTC,1584038216198,2020-03-12T18:36:56.198Z,sell,2.062e-05,82.0,0.0016908399999999
BRD/BTC,1584038216198,2020-03-12T18:36:56.198Z,sell,2.061e-05,91.0,0.00187551
BRD/BTC,1584038216198,2020-03-12T18:36:56.198Z,sell,2.06e-05,91.0,0.0018746
BRD/BTC,1584038216911,2020-03-12T18:36:56.911Z,buy,2.06e-05,1181.0,0.0243286
BRD/BTC,1584038218894,2020-03-12T18:36:58.894Z,sell,2.059e-05,594.0,0.01223046
BRD/BTC,1584038218894,2020-03-12T18:36:58.894Z,sell,2.058e-05,103.0,0.0021197399999999
BRD/BTC,1584038221906,2020-03-12T18:37:01.906Z,sell,2.057e-05,119.0,0.00244783
BRD/BTC,1584038221906,2020-03-12T18:37:01.906Z,sell,2.056e-05,129.0,0.00265224
BRD/BTC,1584038236481,2020-03-12T18:37:16.481Z,buy,2.06e-05,69.0,0.0014214
BRD/BTC,1584038239771,2020-03-12T18:37:19.771Z,sell,2.055e-05,63.0,0.00129465
BRD/BTC,1584038240618,2020-03-12T18:37:20.618Z,buy,2.055e-05,5.0,0.00010275
BRD/BTC,1584038243828,2020-03-12T18:37:23.828Z,buy,2.055e-05,95.0,0.00195225
BRD/BTC,1584038244883,2020-03-12T18:37:24.883Z,buy,2.055e-05,6.0,0.0001233
BRD/BTC,1584038246549,2020-03-12T18:37:26.549Z,buy,2.055e-05,78.0,0.0016029
BRD/BTC,1584038246559,2020-03-12T18:37:26.559Z,buy,2.06e-05,1043.0,0.0214858
BRD/BTC,1584038368526,2020-03-12T18:39:28.526Z,buy,2.06e-05,71.0,0.0014625999999999
BRD/BTC,1584038416634,2020-03-12T18:40:16.634Z,sell,2.054e-05,83.0,0.00170482
BRD/BTC,1584038416634,2020-03-12T18:40:16.634Z,sell,2.053e-05,148.0,0.00303844
BRD/BTC,1584038416634,2020-03-12T18:40:16.634Z,sell,2.052e-05,93.0,0.00190836
BRD/BTC,1584038416634,2020-03-12T18:40:16.634Z,sell,2.051e-05,111.0,0.0022766099999999
BRD/BTC,1584038416634,2020-03-12T18:40:16.634Z,sell,2.05e-05,387.0,0.0079335
BRD/BTC,1584038416634,2020-03-12T18:40:16.634Z,sell,2.049e-05,71.0,0.0014547899999999
BRD/BTC,1584038416634,2020-03-12T18:40:16.634Z,sell,2.048e-05,110.0,0.0022528
BRD/BTC,1584038416634,2020-03-12T18:40:16.634Z,sell,2.047e-05,93.0,0.0019037099999999
BRD/BTC,1584038416634,2020-03-12T18:40:16.634Z,sell,2.046e-05,129.0,0.00263934
BRD/BTC,1584038416634,2020-03-12T18:40:16.634Z,sell,2.045e-05,80.0,0.0016359999999999
BRD/BTC,1584038416634,2020-03-12T18:40:16.634Z,sell,2.044e-05,389.0,0.00795116
BRD/BTC,1584038416634,2020-03-12T18:40:16.634Z,sell,2.043e-05,1039.0,0.02122677
BRD/BTC,1584038416634,2020-03-12T18:40:16.634Z,sell,2.042e-05,134.0,0.00273628
BRD/BTC,1584038416634,2020-03-12T18:40:16.634Z,sell,2.041e-05,108.0,0.00220428
BRD/BTC,1584038416634,2020-03-12T18:40:16.634Z,sell,2.04e-05,136.0,0.0027744
BRD/BTC,1584038416634,2020-03-12T18:40:16.634Z,sell,2.039e-05,82.0,0.00167198
BRD/BTC,1584038416634,2020-03-12T18:40:16.634Z,sell,2.038e-05,78.0,0.00158964
BRD/BTC,1584038416634,2020-03-12T18:40:16.634Z,sell,2.037e-05,137.0,0.00279069
BRD/BTC,1584038416634,2020-03-12T18:40:16.634Z,sell,2.036e-05,680.0,0.0138448
BRD/BTC,1584038416634,2020-03-12T18:40:16.634Z,sell,2.035e-05,402.0,0.0081807
BRD/BTC,1584038416634,2020-03-12T18:40:16.634Z,sell,2.034e-05,492.0,0.0100072799999999
BRD/BTC,1584038416634,2020-03-12T18:40:16.634Z,sell,2.033e-05,95.0,0.00193135
BRD/BTC,1584038416634,2020-03-12T18:40:16.634Z,sell,2.032e-05,53.0,0.0010769599999999
BRD/BTC,1584038416634,2020-03-12T18:40:16.634Z,sell,2.031e-05,1127.0,0.02288937
BRD/BTC,1584038416634,2020-03-12T18:40:16.634Z,sell,2.03e-05,4996.0,0.1014187999999999
BRD/BTC,1584038416634,2020-03-12T18:40:16.634Z,sell,2.029e-05,568.0,0.01152472
BRD/BTC,1584038416634,2020-03-12T18:40:16.634Z,sell,2.028e-05,1000.0,0.02028
BRD/BTC,1584038416634,2020-03-12T18:40:16.634Z,sell,2.027e-05,54.0,0.00109458
BRD/BTC,1584038416634,2020-03-12T18:40:16.634Z,sell,2.026e-05,592.0,0.01199392
BRD/BTC,1584038416634,2020-03-12T18:40:16.634Z,sell,2.025e-05,139.0,0.00281475
BRD/BTC,1584038416634,2020-03-12T18:40:16.634Z,sell,2.024e-05,13.0,0.00026312
BRD/BTC,1584038416634,2020-03-12T18:40:16.634Z,sell,2.023e-05,1633.0,0.03303559
BRD/BTC,1584038416634,2020-03-12T18:40:16.634Z,sell,2.021e-05,270.0,0.0054567
BRD/BTC,1584038416634,2020-03-12T18:40:16.634Z,sell,2.02e-05,905.0,0.018281
BRD/BTC,1584038416634,2020-03-12T18:40:16.634Z,sell,2.019e-05,163.0,0.00329097
BRD/BTC,1584038416634,2020-03-12T18:40:16.634Z,sell,2.017e-05,196.0,0.00395332
BRD/BTC,1584038416634,2020-03-12T18:40:16.634Z,sell,2.016e-05,2451.0,0.04941216
BRD/BTC,1584038416634,2020-03-12T18:40:16.634Z,sell,2.015e-05,992.0,0.0199887999999999
BRD/BTC,1584038416634,2020-03-12T18:40:16.634Z,sell,2.014e-05,524.0,0.01055336
BRD/BTC,1584038416634,2020-03-12T18:40:16.634Z,sell,2.012e-05,25.0,0.000503
BRD/BTC,1584038416634,2020-03-12T18:40:16.634Z,sell,2.011e-05,399.0,0.0080238899999999
BRD/BTC,1584038416634,2020-03-12T18:40:16.634Z,sell,2.01e-05,928.0,0.0186528
BRD/BTC,1584038416634,2020-03-12T18:40:16.634Z,sell,2.008e-05,5915.0,0.1187732
BRD/BTC,1584038416634,2020-03-12T18:40:16.634Z,sell,2.006e-05,929.0,0.01863574
BRD/BTC,1584038416634,2020-03-12T18:40:16.634Z,sell,2.005e-05,12.0,0.0002406
BRD/BTC,1584038416634,2020-03-12T18:40:16.634Z,sell,2.004e-05,152.0,0.00304608
BRD/BTC,1584038416634,2020-03-12T18:40:16.634Z,sell,2.003e-05,23020.0,0.4610906
BRD/BTC,1584038416634,2020-03-12T18:40:16.634Z,sell,2.002e-05,5935.0,0.1188187
BRD/BTC,1584038416634,2020-03-12T18:40:16.634Z,sell,2.002e-05,146.0,0.00292292
BRD/BTC,1584038417028,2020-03-12T18:40:17.028Z,buy,2.028e-05,49.0,0.00099372
BRD/BTC,1584038417939,2020-03-12T18:40:17.939Z,buy,2.028e-05,15.0,0.0003041999999999
BRD/BTC,1584038420342,2020-03-12T18:40:20.342Z,sell,2.025e-05,1480.0,0.02997
BRD/BTC,1584038420393,2020-03-12T18:40:20.393Z,sell,2.025e-05,1823.0,0.03691575
BRD/BTC,1584038420646,2020-03-12T18:40:20.646Z,buy,2.028e-05,731.0,0.01482468
BRD/BTC,1584038420646,2020-03-12T18:40:20.646Z,buy,2.037e-05,255.0,0.00519435
BRD/BTC,1584038436406,2020-03-12T18:40:36.406Z,buy,2.039e-05,18.0,0.00036702
BRD/BTC,1584038447777,2020-03-12T18:40:47.777Z,buy,2.039e-05,17.0,0.00034663
BRD/BTC,1584038453190,2020-03-12T18:40:53.190Z,buy,2.039e-05,17.0,0.00034663
BRD/BTC,1584038458967,2020-03-12T18:40:58.967Z,buy,2.039e-05,17.0,0.00034663
BRD/BTC,1584038470111,2020-03-12T18:41:10.111Z,buy,2.039e-05,489.0,0.0099707099999999
BRD/BTC,1584038470120,2020-03-12T18:41:10.120Z,sell,2.039e-05,361.0,0.00736079
BRD/BTC,1584038470120,2020-03-12T18:41:10.120Z,sell,2.039e-05,222.0,0.00452658
BRD/BTC,1584038470122,2020-03-12T18:41:10.122Z,sell,2.039e-05,222.0,0.00452658
BRD/BTC,1584038470133,2020-03-12T18:41:10.133Z,sell,2.039e-05,222.0,0.00452658
BRD/BTC,1584038474096,2020-03-12T18:41:14.096Z,sell,2.039e-05,673.0,0.01372247
BRD/BTC,1584038522465,2020-03-12T18:42:02.465Z,sell,2.039e-05,30.0,0.0006117
BRD/BTC,1584038541767,2020-03-12T18:42:21.767Z,buy,2.04e-05,99.0,0.0020196
BRD/BTC,1584038648289,2020-03-12T18:44:08.289Z,buy,2.04e-05,5.0,0.000102
BRD/BTC,1584038679032,2020-03-12T18:44:39.032Z,buy,2.04e-05,20.0,0.000408
BRD/BTC,1584038730360,2020-03-12T18:45:30.360Z,buy,2.04e-05,822.0,0.0167688
BRD/BTC,1584038730376,2020-03-12T18:45:30.376Z,buy,2.04e-05,318.0,0.0064872
BRD/BTC,1584038838205,2020-03-12T18:47:18.205Z,buy,2.04e-05,27.0,0.0005508
BRD/BTC,1584039027801,2020-03-12T18:50:27.801Z,buy,2.04e-05,5.0,0.000102
BRD/BTC,1584039049739,2020-03-12T18:50:49.739Z,buy,2.04e-05,125.0,0.00255
BRD/BTC,1584039089893,2020-03-12T18:51:29.893Z,buy,2.04e-05,92.0,0.0018768
BRD/BTC,1584039089893,2020-03-12T18:51:29.893Z,buy,2.04e-05,92.0,0.0018768
BRD/BTC,1584039312576,2020-03-12T18:55:12.576Z,buy,2.04e-05,9.0,0.0001836
BRD/BTC,1584039395786,2020-03-12T18:56:35.786Z,buy,2.04e-05,412.0,0.0084048
BRD/BTC,1584039395800,2020-03-12T18:56:35.800Z,buy,2.04e-05,314.0,0.0064056
BRD/BTC,1584039431681,2020-03-12T18:57:11.681Z,buy,2.04e-05,6.0,0.0001224
BRD/BTC,1584039434628,2020-03-12T18:57:14.628Z,buy,2.04e-05,5.0,0.000102
BRD/BTC,1584039438978,2020-03-12T18:57:18.978Z,buy,2.04e-05,22.0,0.0004488
BRD/BTC,1584039478175,2020-03-12T18:57:58.175Z,buy,2.04e-05,336.0,0.0068544
BRD/BTC,1584039519872,2020-03-12T18:58:39.872Z,buy,2.04e-05,130.0,0.002652
BRD/BTC,1584039529229,2020-03-12T18:58:49.229Z,buy,2.04e-05,471.0,0.0096084
BRD/BTC,1584039536060,2020-03-12T18:58:56.060Z,sell,2.032e-05,12.0,0.00024384
BRD/BTC,1584039553218,2020-03-12T18:59:13.218Z,sell,2.032e-05,584.0,0.01186688
BRD/BTC,1584039605778,2020-03-12T19:00:05.778Z,buy,2.037e-05,15.0,0.00030555
BRD/BTC,1584039605778,2020-03-12T19:00:05.778Z,buy,2.04e-05,335.0,0.006834
BRD/BTC,1584039616819,2020-03-12T19:00:16.819Z,buy,2.04e-05,30.0,0.000612
BRD/BTC,1584039714866,2020-03-12T19:01:54.866Z,buy,2.04e-05,115.0,0.002346
BRD/BTC,1584039717441,2020-03-12T19:01:57.441Z,sell,2.04e-05,13.0,0.0002652
BRD/BTC,1584039724547,2020-03-12T19:02:04.547Z,buy,2.041e-05,265.0,0.00540865
BRD/BTC,1584039729532,2020-03-12T19:02:09.532Z,buy,2.041e-05,115.0,0.00234715
BRD/BTC,1584039729532,2020-03-12T19:02:09.532Z,buy,2.042e-05,53.0,0.00108226
BRD/BTC,1584039733658,2020-03-12T19:02:13.658Z,buy,2.043e-05,95.0,0.0019408499999999
BRD/BTC,1584039733658,2020-03-12T19:02:13.658Z,buy,2.044e-05,87.0,0.00177828
BRD/BTC,1584039767091,2020-03-12T19:02:47.091Z,buy,2.044e-05,31.0,0.00063364
BRD/BTC,1584039767091,2020-03-12T19:02:47.091Z,buy,2.045e-05,146.0,0.0029857
BRD/BTC,1584039767091,2020-03-12T19:02:47.091Z,buy,2.046e-05,65.0,0.0013299
BRD/BTC,1584039767091,2020-03-12T19:02:47.091Z,buy,2.047e-05,3.0,6.141e-05
BRD/BTC,1584039805176,2020-03-12T19:03:25.176Z,buy,2.047e-05,560.0,0.0114632
BRD/BTC,1584039878301,2020-03-12T19:04:38.301Z,buy,2.046e-05,453.0,0.00926838
BRD/BTC,1584039878562,2020-03-12T19:04:38.562Z,buy,2.046e-05,105.0,0.0021483
BRD/BTC,1584040040799,2020-03-12T19:07:20.799Z,sell,2.046e-05,992.0,0.02029632
BRD/BTC,1584040282734,2020-03-12T19:11:22.734Z,buy,2.043e-05,13.0,0.00026559
BRD/BTC,1584040282988,2020-03-12T19:11:22.988Z,buy,2.043e-05,579.0,0.01182897
BRD/BTC,1584040635091,2020-03-12T19:17:15.091Z,sell,2.044e-05,5.0,0.0001022
BRD/BTC,1584040639120,2020-03-12T19:17:19.120Z,sell,2.044e-05,6.0,0.00012264
BRD/BTC,1584040641017,2020-03-12T19:17:21.017Z,sell,2.044e-05,5.0,0.0001022
BRD/BTC,1584040644086,2020-03-12T19:17:24.086Z,sell,2.044e-05,6.0,0.00012264
BRD/BTC,1584040667660,2020-03-12T19:17:47.660Z,buy,2.046e-05,5.0,0.0001023
BRD/BTC,1584040680634,2020-03-12T19:18:00.634Z,sell,2.046e-05,903.0,0.01847538
BRD/BTC,1584041285894,2020-03-12T19:28:05.894Z,sell,2.047e-05,487.0,0.00996889
BRD/BTC,1584041445019,2020-03-12T19:30:45.019Z,buy,2.047e-05,12.0,0.00024564
BRD/BTC,1584041445268,2020-03-12T19:30:45.268Z,buy,2.047e-05,19.0,0.00038893
BRD/BTC,1584042181978,2020-03-12T19:43:01.978Z,buy,2.048e-05,2.0,4.096e-05
BRD/BTC,1584042182038,2020-03-12T19:43:02.038Z,sell,2.047e-05,9.0,0.00018423
BRD/BTC,1584042182221,2020-03-12T19:43:02.221Z,buy,2.048e-05,96.0,0.00196608
BRD/BTC,1584042314263,2020-03-12T19:45:14.263Z,sell,2.048e-05,9.0,0.00018432
BRD/BTC,1584042364762,2020-03-12T19:46:04.762Z,buy,2.049e-05,82.0,0.0016801799999999
BRD/BTC,1584042364762,2020-03-12T19:46:04.762Z,buy,2.05e-05,136.0,0.002788
BRD/BTC,1584042364762,2020-03-12T19:46:04.762Z,buy,2.051e-05,108.0,0.00221508
BRD/BTC,1584042364762,2020-03-12T19:46:04.762Z,buy,2.052e-05,134.0,0.00274968
BRD/BTC,1584042364762,2020-03-12T19:46:04.762Z,buy,2.053e-05,85.0,0.00174505
BRD/BTC,1584042364762,2020-03-12T19:46:04.762Z,buy,2.054e-05,50.0,0.001027
BRD/BTC,1584042364762,2020-03-12T19:46:04.762Z,buy,2.055e-05,80.0,0.001644
BRD/BTC,1584042364762,2020-03-12T19:46:04.762Z,buy,2.056e-05,80.0,0.0016448
BRD/BTC,1584042364762,2020-03-12T19:46:04.762Z,buy,2.057e-05,259.0,0.00532763
BRD/BTC,1584042364762,2020-03-12T19:46:04.762Z,buy,2.049e-05,82.0,0.0016801799999999
BRD/BTC,1584042364762,2020-03-12T19:46:04.762Z,buy,2.05e-05,136.0,0.002788
BRD/BTC,1584042364762,2020-03-12T19:46:04.762Z,buy,2.051e-05,108.0,0.00221508
BRD/BTC,1584042364762,2020-03-12T19:46:04.762Z,buy,2.052e-05,134.0,0.00274968
BRD/BTC,1584042364762,2020-03-12T19:46:04.762Z,buy,2.053e-05,85.0,0.00174505
BRD/BTC,1584042364762,2020-03-12T19:46:04.762Z,buy,2.054e-05,50.0,0.001027
BRD/BTC,1584042364762,2020-03-12T19:46:04.762Z,buy,2.055e-05,80.0,0.001644
BRD/BTC,1584042364762,2020-03-12T19:46:04.762Z,buy,2.056e-05,80.0,0.0016448
BRD/BTC,1584042364762,2020-03-12T19:46:04.762Z,buy,2.057e-05,259.0,0.00532763
BRD/BTC,1584043035088,2020-03-12T19:57:15.088Z,buy,2.058e-05,110.0,0.0022638
BRD/BTC,1584043035088,2020-03-12T19:57:15.088Z,buy,2.059e-05,71.0,0.00146189
BRD/BTC,1584043035088,2020-03-12T19:57:15.088Z,buy,2.06e-05,388.0,0.0079928
BRD/BTC,1584043035088,2020-03-12T19:57:15.088Z,buy,2.061e-05,111.0,0.00228771
BRD/BTC,1584043035088,2020-03-12T19:57:15.088Z,buy,2.062e-05,93.0,0.0019176599999999
BRD/BTC,1584043035088,2020-03-12T19:57:15.088Z,buy,2.063e-05,148.0,0.00305324
BRD/BTC,1584043035088,2020-03-12T19:57:15.088Z,buy,2.064e-05,256.0,0.00528384
BRD/BTC,1584043124118,2020-03-12T19:58:44.118Z,buy,2.064e-05,990.0,0.0204336
BRD/BTC,1584043124370,2020-03-12T19:58:44.370Z,buy,2.064e-05,400.0,0.008256
BRD/BTC,1584043124611,2020-03-12T19:58:44.611Z,sell,2.059e-05,529.0,0.01089211
BRD/BTC,1584043125243,2020-03-12T19:58:45.243Z,buy,2.064e-05,4500.0,0.0928799999999999
BRD/BTC,1584043125287,2020-03-12T19:58:45.287Z,buy,2.064e-05,700.0,0.0144479999999999
BRD/BTC,1584043277895,2020-03-12T20:01:17.895Z,sell,2.063e-05,24.0,0.00049512
BRD/BTC,1584043372425,2020-03-12T20:02:52.425Z,buy,2.065e-05,30.0,0.0006195
BRD/BTC,1584043379323,2020-03-12T20:02:59.323Z,buy,2.065e-05,338.0,0.0069797
BRD/BTC,1584043379788,2020-03-12T20:02:59.788Z,buy,2.066e-05,585.0,0.0120860999999999
BRD/BTC,1584043380257,2020-03-12T20:03:00.257Z,buy,2.067e-05,987.0,0.02040129
BRD/BTC,1584043383237,2020-03-12T20:03:03.237Z,sell,2.063e-05,11.0,0.00022693
BRD/BTC,1584043386147,2020-03-12T20:03:06.147Z,sell,2.063e-05,17.0,0.00035071
BRD/BTC,1584043453713,2020-03-12T20:04:13.713Z,buy,2.067e-05,6.0,0.00012402
BRD/BTC,1584043474787,2020-03-12T20:04:34.787Z,sell,2.057e-05,174.0,0.00357918
BRD/BTC,1584044227673,2020-03-12T20:17:07.673Z,sell,2.057e-05,5.0,0.00010285
BRD/BTC,1584044227673,2020-03-12T20:17:07.673Z,sell,2.056e-05,159.0,0.00326904
BRD/BTC,1584044227673,2020-03-12T20:17:07.673Z,sell,2.055e-05,196.0,0.0040278
BRD/BTC,1584044227673,2020-03-12T20:17:07.673Z,sell,2.054e-05,133.0,0.00273182
BRD/BTC,1584044227673,2020-03-12T20:17:07.673Z,sell,2.053e-05,148.0,0.00303844
BRD/BTC,1584044227673,2020-03-12T20:17:07.673Z,sell,2.052e-05,143.0,0.00293436
BRD/BTC,1584044236237,2020-03-12T20:17:16.237Z,sell,2.051e-05,12.0,0.0002461199999999
BRD/BTC,1584044237884,2020-03-12T20:17:17.884Z,buy,2.052e-05,4047.0,0.08304444
BRD/BTC,1584044324796,2020-03-12T20:18:44.796Z,sell,2.051e-05,179.0,0.00367129
BRD/BTC,1584044346158,2020-03-12T20:19:06.158Z,sell,2.051e-05,870.0,0.0178436999999999
BRD/BTC,1584044367662,2020-03-12T20:19:27.662Z,sell,2.05e-05,297.0,0.0060885
BRD/BTC,1584044398559,2020-03-12T20:19:58.559Z,sell,2.049e-05,71.0,0.0014547899999999
BRD/BTC,1584044399352,2020-03-12T20:19:59.352Z,sell,2.048e-05,1839.0,0.03766272
BRD/BTC,1584044408699,2020-03-12T20:20:08.699Z,sell,2.047e-05,93.0,0.0019037099999999
BRD/BTC,1584044408699,2020-03-12T20:20:08.699Z,sell,2.046e-05,80.0,0.0016368
BRD/BTC,1584044414965,2020-03-12T20:20:14.965Z,sell,2.045e-05,122.0,0.0024949
BRD/BTC,1584044426247,2020-03-12T20:20:26.247Z,sell,2.044e-05,272.0,0.00555968
BRD/BTC,1584044453200,2020-03-12T20:20:53.200Z,sell,2.043e-05,6.0,0.00012258
BRD/BTC,1584044807082,2020-03-12T20:26:47.082Z,sell,2.044e-05,5.0,0.0001022
BRD/BTC,1584044807082,2020-03-12T20:26:47.082Z,sell,2.043e-05,79.0,0.00161397
BRD/BTC,1584044807082,2020-03-12T20:26:47.082Z,sell,2.042e-05,134.0,0.00273628
BRD/BTC,1584044899853,2020-03-12T20:28:19.853Z,sell,2.041e-05,108.0,0.00220428
BRD/BTC,1584044899853,2020-03-12T20:28:19.853Z,sell,2.04e-05,500.0,0.0102
BRD/BTC,1584044992392,2020-03-12T20:29:52.392Z,sell,2.04e-05,641.0,0.0130764
BRD/BTC,1584044992411,2020-03-12T20:29:52.411Z,sell,2.04e-05,616.0,0.0125664
BRD/BTC,1584045034532,2020-03-12T20:30:34.532Z,sell,2.04e-05,201.0,0.0041004
BRD/BTC,1584045067816,2020-03-12T20:31:07.816Z,sell,2.039e-05,82.0,0.00167198
BRD/BTC,1584045067844,2020-03-12T20:31:07.844Z,sell,2.038e-05,78.0,0.00158964
BRD/BTC,1584045067865,2020-03-12T20:31:07.865Z,sell,2.037e-05,78.0,0.0015888599999999
BRD/BTC,1584045143499,2020-03-12T20:32:23.499Z,sell,2.037e-05,59.0,0.00120183
BRD/BTC,1584045143499,2020-03-12T20:32:23.499Z,sell,2.036e-05,65.0,0.0013234
BRD/BTC,1584045143499,2020-03-12T20:32:23.499Z,sell,2.035e-05,146.0,0.0029711
BRD/BTC,1584045147394,2020-03-12T20:32:27.394Z,buy,2.042e-05,17.0,0.00034714
BRD/BTC,1584045175308,2020-03-12T20:32:55.308Z,sell,2.034e-05,118.0,0.00240012
BRD/BTC,1584045175309,2020-03-12T20:32:55.309Z,sell,2.033e-05,95.0,0.00193135
BRD/BTC,1584045343482,2020-03-12T20:35:43.482Z,sell,2.033e-05,5.0,0.00010165
BRD/BTC,1584045343482,2020-03-12T20:35:43.482Z,sell,2.032e-05,53.0,0.0010769599999999
BRD/BTC,1584045343482,2020-03-12T20:35:43.482Z,sell,2.031e-05,143.0,0.00290433
BRD/BTC,1584045343482,2020-03-12T20:35:43.482Z,sell,2.03e-05,86.0,0.0017457999999999
BRD/BTC,1584045359227,2020-03-12T20:35:59.227Z,sell,2.029e-05,50.0,0.0010145
BRD/BTC,1584045359227,2020-03-12T20:35:59.227Z,sell,2.028e-05,84.0,0.0017035199999999
BRD/BTC,1584045359227,2020-03-12T20:35:59.227Z,sell,2.027e-05,82.0,0.00166214
BRD/BTC,1584045359227,2020-03-12T20:35:59.227Z,sell,2.026e-05,38.0,0.0007698799999999
BRD/BTC,1584045439574,2020-03-12T20:37:19.574Z,buy,2.032e-05,327.0,0.0066446399999999
BRD/BTC,1584045496530,2020-03-12T20:38:16.530Z,sell,2.026e-05,86.0,0.0017423599999999
BRD/BTC,1584045496530,2020-03-12T20:38:16.530Z,sell,2.025e-05,53.0,0.00107325
BRD/BTC,1584045553912,2020-03-12T20:39:13.912Z,sell,2.025e-05,5.0,0.00010125
BRD/BTC,1584045595041,2020-03-12T20:39:55.041Z,buy,2.025e-05,9.0,0.00018225
BRD/BTC,1584045756164,2020-03-12T20:42:36.164Z,sell,2.024e-05,98.0,0.00198352
BRD/BTC,1584045756164,2020-03-12T20:42:36.164Z,sell,2.023e-05,56.0,0.00113288
BRD/BTC,1584045762907,2020-03-12T20:42:42.907Z,sell,2.022e-05,87.0,0.00175914
BRD/BTC,1584045905028,2020-03-12T20:45:05.028Z,sell,2.022e-05,5.0,0.0001010999999999
BRD/BTC,1584045905028,2020-03-12T20:45:05.028Z,sell,2.021e-05,22.0,0.00044462
BRD/BTC,1584045906144,2020-03-12T20:45:06.144Z,sell,2.021e-05,37.0,0.00074777
BRD/BTC,1584045908457,2020-03-12T20:45:08.457Z,sell,2.021e-05,3.0,6.063000000000001e-05
BRD/BTC,1584045908457,2020-03-12T20:45:08.457Z,sell,2.02e-05,123.0,0.0024846
BRD/BTC,1584045908457,2020-03-12T20:45:08.457Z,sell,2.019e-05,147.0,0.00296793
BRD/BTC,1584045908457,2020-03-12T20:45:08.457Z,sell,2.018e-05,72.0,0.00145296
BRD/BTC,1584045926344,2020-03-12T20:45:26.344Z,sell,2.018e-05,60.0,0.0012108
BRD/BTC,1584045933188,2020-03-12T20:45:33.188Z,buy,2.018e-05,377.0,0.00760786
BRD/BTC,1584045933188,2020-03-12T20:45:33.188Z,buy,2.02e-05,5.0,0.000101
BRD/BTC,1584045933196,2020-03-12T20:45:33.196Z,sell,2.02e-05,428.0,0.0086456
BRD/BTC,1584045933200,2020-03-12T20:45:33.200Z,sell,2.02e-05,21.0,0.0004242
BRD/BTC,1584045935235,2020-03-12T20:45:35.235Z,sell,2.017e-05,64.0,0.00129088
BRD/BTC,1584045953309,2020-03-12T20:45:53.309Z,sell,2.016e-05,97.0,0.00195552
BRD/BTC,1584045953315,2020-03-12T20:45:53.315Z,sell,2.015e-05,97.0,0.0019545499999999
BRD/BTC,1584045953315,2020-03-12T20:45:53.315Z,sell,2.015e-05,15.0,0.00030225
BRD/BTC,1584045960812,2020-03-12T20:46:00.812Z,sell,2.014e-05,117.0,0.00235638
BRD/BTC,1584045960816,2020-03-12T20:46:00.816Z,sell,2.013e-05,117.0,0.00235521
BRD/BTC,1584045960817,2020-03-12T20:46:00.817Z,sell,2.013e-05,117.0,0.00235521
BRD/BTC,1584045960910,2020-03-12T20:46:00.910Z,sell,2.013e-05,143.0,0.00287859
BRD/BTC,1584045960910,2020-03-12T20:46:00.910Z,sell,2.013e-05,143.0,0.00287859
BRD/BTC,1584045989397,2020-03-12T20:46:29.397Z,sell,2.012e-05,22.0,0.00044264
BRD/BTC,1584045991374,2020-03-12T20:46:31.374Z,sell,2.012e-05,85.0,0.0017102
BRD/BTC,1584045991378,2020-03-12T20:46:31.378Z,sell,2.011e-05,55.0,0.00110605
BRD/BTC,1584045991378,2020-03-12T20:46:31.378Z,sell,2.01e-05,30.0,0.000603
BRD/BTC,1584045992793,2020-03-12T20:46:32.793Z,buy,2.018e-05,744.0,0.01501392
BRD/BTC,1584045999816,2020-03-12T20:46:39.816Z,sell,2.01e-05,95.0,0.0019095
BRD/BTC,1584046003803,2020-03-12T20:46:43.803Z,sell,2.009e-05,54.0,0.00108486
BRD/BTC,1584046011167,2020-03-12T20:46:51.167Z,buy,2.016e-05,100.0,0.002016
BRD/BTC,1584046011183,2020-03-12T20:46:51.183Z,buy,2.016e-05,50.0,0.001008
BRD/BTC,1584046125164,2020-03-12T20:48:45.164Z,sell,2.008e-05,133.0,0.00267064
BRD/BTC,1584046125381,2020-03-12T20:48:45.381Z,sell,2.007e-05,50.0,0.0010035
BRD/BTC,1584046125492,2020-03-12T20:48:45.492Z,sell,2.006e-05,147.0,0.00294882
BRD/BTC,1584046125647,2020-03-12T20:48:45.647Z,sell,2.005e-05,114.0,0.0022857
BRD/BTC,1584046125761,2020-03-12T20:48:45.761Z,sell,2.004e-05,87.0,0.00174348
BRD/BTC,1584046125913,2020-03-12T20:48:45.913Z,sell,2.003e-05,99.0,0.00198297
BRD/BTC,1584046126080,2020-03-12T20:48:46.080Z,sell,2.002e-05,2167.0,0.04338334
BRD/BTC,1584046126246,2020-03-12T20:48:46.246Z,sell,2.002e-05,314.0,0.00628628
BRD/BTC,1584046126246,2020-03-12T20:48:46.246Z,sell,2.001e-05,153.0,0.00306153
BRD/BTC,1584046126246,2020-03-12T20:48:46.246Z,sell,2.001e-05,174.0,0.00348174
BRD/BTC,1584046128366,2020-03-12T20:48:48.366Z,sell,2.002e-05,7.0,0.00014014
BRD/BTC,1584046128366,2020-03-12T20:48:48.366Z,sell,2.001e-05,140.0,0.0028014
BRD/BTC,1584046128366,2020-03-12T20:48:48.366Z,sell,2e-05,307.0,0.00614
BRD/BTC,1584046128366,2020-03-12T20:48:48.366Z,sell,2e-05,36.0,0.00072
BRD/BTC,1584046128366,2020-03-12T20:48:48.366Z,sell,2e-05,5.0,0.0001
BRD/BTC,1584046128366,2020-03-12T20:48:48.366Z,sell,2e-05,106.0,0.00212
BRD/BTC,1584046128366,2020-03-12T20:48:48.366Z,sell,1.999e-05,98.0,0.00195902
BRD/BTC,1584046128366,2020-03-12T20:48:48.366Z,sell,1.999e-05,119.0,0.00237881
BRD/BTC,1584046128422,2020-03-12T20:48:48.422Z,sell,1.999e-05,591.0,0.01181409
BRD/BTC,1584046128470,2020-03-12T20:48:48.470Z,sell,1.999e-05,466.0,0.00931534
BRD/BTC,1584046128485,2020-03-12T20:48:48.485Z,buy,1.999e-05,298.0,0.00595702
BRD/BTC,1584046128498,2020-03-12T20:48:48.498Z,buy,1.999e-05,44.0,0.00087956
BRD/BTC,1584046128498,2020-03-12T20:48:48.498Z,buy,2e-05,254.0,0.00508
BRD/BTC,1584046128577,2020-03-12T20:48:48.577Z,sell,1.998e-05,145.0,0.0028970999999999
BRD/BTC,1584046128686,2020-03-12T20:48:48.686Z,sell,1.997e-05,75.0,0.00149775
BRD/BTC,1584046128686,2020-03-12T20:48:48.686Z,sell,1.996e-05,140.0,0.0027944
BRD/BTC,1584046128686,2020-03-12T20:48:48.686Z,sell,1.995e-05,8.0,0.0001596
BRD/BTC,1584046128881,2020-03-12T20:48:48.881Z,buy,1.996e-05,783.0,0.01562868
BRD/BTC,1584046128923,2020-03-12T20:48:48.923Z,sell,1.995e-05,91.0,0.00181545
BRD/BTC,1584046129051,2020-03-12T20:48:49.051Z,sell,1.995e-05,131.0,0.00261345
BRD/BTC,1584046131228,2020-03-12T20:48:51.228Z,sell,1.995e-05,67.0,0.00133665
BRD/BTC,1584046131667,2020-03-12T20:48:51.667Z,sell,1.996e-05,218.0,0.00435128
BRD/BTC,1584046131702,2020-03-12T20:48:51.702Z,sell,1.996e-05,200.0,0.003992
BRD/BTC,1584046132210,2020-03-12T20:48:52.210Z,buy,2e-05,8.0,0.00016
BRD/BTC,1584046136251,2020-03-12T20:48:56.251Z,sell,1.995e-05,118.0,0.0023541
BRD/BTC,1584046141308,2020-03-12T20:49:01.308Z,sell,1.995e-05,118.0,0.0023541
BRD/BTC,1584046187603,2020-03-12T20:49:47.603Z,buy,2e-05,36.0,0.00072
BRD/BTC,1584046187603,2020-03-12T20:49:47.603Z,buy,2.004e-05,36.0,0.00072144
BRD/BTC,1584046187827,2020-03-12T20:49:47.827Z,sell,1.994e-05,1844.0,0.03676936
BRD/BTC,1584046187827,2020-03-12T20:49:47.827Z,sell,1.993e-05,78.0,0.00155454
BRD/BTC,1584046187827,2020-03-12T20:49:47.827Z,sell,1.992e-05,73.0,0.00145416
BRD/BTC,1584046187827,2020-03-12T20:49:47.827Z,sell,1.991e-05,136.0,0.00270776
BRD/BTC,1584046187827,2020-03-12T20:49:47.827Z,sell,1.99e-05,116.0,0.0023084
BRD/BTC,1584046187827,2020-03-12T20:49:47.827Z,sell,1.986e-05,262.0,0.00520332
BRD/BTC,1584046187827,2020-03-12T20:49:47.827Z,sell,1.983e-05,258.0,0.00511614
BRD/BTC,1584046187827,2020-03-12T20:49:47.827Z,sell,1.982e-05,1038.0,0.02057316
BRD/BTC,1584046187827,2020-03-12T20:49:47.827Z,sell,1.981e-05,653.0,0.0129359299999999
BRD/BTC,1584046187827,2020-03-12T20:49:47.827Z,sell,1.98e-05,51.0,0.0010098
BRD/BTC,1584046187827,2020-03-12T20:49:47.827Z,sell,1.977e-05,1253.0,0.02477181
BRD/BTC,1584046187827,2020-03-12T20:49:47.827Z,sell,1.976e-05,1154.0,0.02280304
BRD/BTC,1584046187827,2020-03-12T20:49:47.827Z,sell,1.975e-05,16.0,0.000316
BRD/BTC,1584046187827,2020-03-12T20:49:47.827Z,sell,1.972e-05,13.0,0.00025636
BRD/BTC,1584046187827,2020-03-12T20:49:47.827Z,sell,1.966e-05,2640.0,0.0519024
BRD/BTC,1584046187827,2020-03-12T20:49:47.827Z,sell,1.965e-05,2594.0,0.0509721
BRD/BTC,1584046187839,2020-03-12T20:49:47.839Z,buy,1.98e-05,48.0,0.0009504
BRD/BTC,1584046187935,2020-03-12T20:49:47.935Z,sell,1.968e-05,1182.0,0.02326176
BRD/BTC,1584046187935,2020-03-12T20:49:47.935Z,sell,1.967e-05,36.0,0.00070812
BRD/BTC,1584046189450,2020-03-12T20:49:49.450Z,buy,2.002e-05,296.0,0.00592592
BRD/BTC,1584046195964,2020-03-12T20:49:55.964Z,sell,1.97e-05,118.0,0.0023246
BRD/BTC,1584046207053,2020-03-12T20:50:07.053Z,buy,1.994e-05,2.0,3.988e-05
BRD/BTC,1584046208282,2020-03-12T20:50:08.282Z,sell,1.971e-05,29.0,0.00057159
BRD/BTC,1584046208282,2020-03-12T20:50:08.282Z,sell,1.97e-05,11.0,0.0002167
BRD/BTC,1584046208282,2020-03-12T20:50:08.282Z,sell,1.968e-05,55.0,0.0010824
BRD/BTC,1584046215890,2020-03-12T20:50:15.890Z,buy,1.988e-05,51.0,0.00101388
BRD/BTC,1584046216417,2020-03-12T20:50:16.417Z,buy,1.988e-05,101.0,0.00200788
BRD/BTC,1584046224190,2020-03-12T20:50:24.190Z,sell,1.971e-05,203.0,0.0040011299999999
BRD/BTC,1584046224190,2020-03-12T20:50:24.190Z,sell,1.964e-05,158.0,0.0031031199999999
BRD/BTC,1584046224284,2020-03-12T20:50:24.284Z,sell,1.965e-05,1116.0,0.0219293999999999
BRD/BTC,1584046224284,2020-03-12T20:50:24.284Z,sell,1.964e-05,659.0,0.01294276
BRD/BTC,1584046226405,2020-03-12T20:50:26.405Z,sell,1.972e-05,8.0,0.00015776
BRD/BTC,1584046226417,2020-03-12T20:50:26.417Z,buy,1.965e-05,77.0,0.00151305
BRD/BTC,1584046227205,2020-03-12T20:50:27.205Z,buy,1.965e-05,402.0,0.0078993
BRD/BTC,1584046242283,2020-03-12T20:50:42.283Z,sell,1.971e-05,18.0,0.0003547799999999
BRD/BTC,1584046242283,2020-03-12T20:50:42.283Z,sell,1.962e-05,159.0,0.00311958
BRD/BTC,1584046271553,2020-03-12T20:51:11.553Z,buy,1.974e-05,700.0,0.013818
BRD/BTC,1584046301548,2020-03-12T20:51:41.548Z,sell,1.974e-05,402.0,0.00793548
BRD/BTC,1584046357176,2020-03-12T20:52:37.176Z,buy,1.975e-05,34.0,0.0006715
BRD/BTC,1584046358581,2020-03-12T20:52:38.581Z,buy,1.975e-05,1.0,1.975e-05
BRD/BTC,1584046358943,2020-03-12T20:52:38.943Z,buy,1.982e-05,14.0,0.00027748
BRD/BTC,1584046367129,2020-03-12T20:52:47.129Z,buy,1.982e-05,4.0,7.928e-05
BRD/BTC,1584046367129,2020-03-12T20:52:47.129Z,buy,1.984e-05,8.0,0.00015872
BRD/BTC,1584046367129,2020-03-12T20:52:47.129Z,buy,1.991e-05,2147.0,0.04274677
BRD/BTC,1584046504669,2020-03-12T20:55:04.669Z,sell,1.969e-05,221.0,0.0043514899999999
BRD/BTC,1584046555404,2020-03-12T20:55:55.404Z,buy,1.987e-05,13.0,0.00025831
BRD/BTC,1584046559935,2020-03-12T20:55:59.935Z,buy,1.987e-05,1509.0,0.02998383
BRD/BTC,1584046574644,2020-03-12T20:56:14.644Z,buy,1.986e-05,333.0,0.0066133799999999
BRD/BTC,1584046681328,2020-03-12T20:58:01.328Z,buy,1.997e-05,764.0,0.01525708
BRD/BTC,1584046681340,2020-03-12T20:58:01.340Z,buy,1.997e-05,1137.0,0.02270589
BRD/BTC,1584046681348,2020-03-12T20:58:01.348Z,buy,1.997e-05,468.0,0.00934596
BRD/BTC,1584046681501,2020-03-12T20:58:01.501Z,buy,1.996e-05,421.0,0.00840316
BRD/BTC,1584046683836,2020-03-12T20:58:03.836Z,buy,1.996e-05,1967.0,0.0392613199999999
BRD/BTC,1584046687561,2020-03-12T20:58:07.561Z,buy,1.996e-05,5505.0,0.1098797999999999
BRD/BTC,1584046693975,2020-03-12T20:58:13.975Z,buy,1.999e-05,2908.0,0.05813092
BRD/BTC,1584046702824,2020-03-12T20:58:22.824Z,buy,1.999e-05,208.0,0.00415792
BRD/BTC,1584046702942,2020-03-12T20:58:22.942Z,buy,1.999e-05,182.0,0.00363818
BRD/BTC,1584046720318,2020-03-12T20:58:40.318Z,buy,1.999e-05,12.0,0.00023988
BRD/BTC,1584046720318,2020-03-12T20:58:40.318Z,buy,2e-05,86.0,0.00172
BRD/BTC,1584046720318,2020-03-12T20:58:40.318Z,buy,2.001e-05,130.0,0.0026013
BRD/BTC,1584046720318,2020-03-12T20:58:40.318Z,buy,2.002e-05,73.0,0.00146146
BRD/BTC,1584046720318,2020-03-12T20:58:40.318Z,buy,2.003e-05,78.0,0.00156234
BRD/BTC,1584046720318,2020-03-12T20:58:40.318Z,buy,2.004e-05,133.0,0.00266532
BRD/BTC,1584046720318,2020-03-12T20:58:40.318Z,buy,2.005e-05,151.0,0.00302755
BRD/BTC,1584046730724,2020-03-12T20:58:50.724Z,buy,2.006e-05,126.0,0.00252756
BRD/BTC,1584046807274,2020-03-12T21:00:07.274Z,sell,1.996e-05,126.0,0.0025149599999999
BRD/BTC,1584046807457,2020-03-12T21:00:07.457Z,sell,1.995e-05,91.0,0.00181545
BRD/BTC,1584046807736,2020-03-12T21:00:07.736Z,sell,1.994e-05,133.0,0.0026520199999999
BRD/BTC,1584046807739,2020-03-12T21:00:07.739Z,sell,1.993e-05,78.0,0.00155454
BRD/BTC,1584046807756,2020-03-12T21:00:07.756Z,sell,1.992e-05,73.0,0.00145416
BRD/BTC,1584047108797,2020-03-12T21:05:08.797Z,buy,2.002e-05,73.0,0.00146146
BRD/BTC,1584047108797,2020-03-12T21:05:08.797Z,buy,2.003e-05,26.0,0.00052078
BRD/BTC,1584047151148,2020-03-12T21:05:51.148Z,buy,2.003e-05,52.0,0.00104156
BRD/BTC,1584047151148,2020-03-12T21:05:51.148Z,buy,2.004e-05,99.0,0.00198396
BRD/BTC,1584047155344,2020-03-12T21:05:55.344Z,buy,2.004e-05,7.0,0.00014028
BRD/BTC,1584047160744,2020-03-12T21:06:00.744Z,buy,2.004e-05,2.0,4.008e-05
BRD/BTC,1584047259803,2020-03-12T21:07:39.803Z,sell,1.995e-05,168.0,0.0033516
BRD/BTC,1584047986445,2020-03-12T21:19:46.445Z,buy,2.003e-05,2.0,4.006e-05
BRD/BTC,1584048154527,2020-03-12T21:22:34.527Z,sell,1.995e-05,47.0,0.00093765
BRD/BTC,1584048216474,2020-03-12T21:23:36.474Z,sell,1.993e-05,764.0,0.01522652
BRD/BTC,1584048223143,2020-03-12T21:23:43.143Z,sell,1.993e-05,2452.0,0.04886836
BRD/BTC,1584048226194,2020-03-12T21:23:46.194Z,sell,1.993e-05,1247.0,0.02485271
BRD/BTC,1584048226194,2020-03-12T21:23:46.194Z,sell,1.992e-05,73.0,0.00145416
BRD/BTC,1584048565026,2020-03-12T21:29:25.026Z,sell,1.992e-05,278.0,0.00553776
BRD/BTC,1584048565030,2020-03-12T21:29:25.030Z,sell,1.992e-05,289.0,0.00575688
BRD/BTC,1584048565381,2020-03-12T21:29:25.381Z,sell,1.991e-05,489.0,0.00973599
BRD/BTC,1584048565384,2020-03-12T21:29:25.384Z,sell,1.991e-05,19.0,0.00037829
BRD/BTC,1584048565389,2020-03-12T21:29:25.389Z,sell,1.991e-05,688.0,0.01369808
BRD/BTC,1584048565389,2020-03-12T21:29:25.389Z,sell,1.99e-05,86.0,0.0017113999999999
BRD/BTC,1584048574467,2020-03-12T21:29:34.467Z,buy,1.99e-05,657.0,0.0130742999999999
BRD/BTC,1584048865445,2020-03-12T21:34:25.445Z,buy,1.988e-05,530.0,0.0105364
BRD/BTC,1584048865495,2020-03-12T21:34:25.495Z,buy,1.987e-05,2244.0,0.04458828
BRD/BTC,1584048902691,2020-03-12T21:35:02.691Z,buy,1.985e-05,2.0,3.97e-05
BRD/BTC,1584048909214,2020-03-12T21:35:09.214Z,buy,1.984e-05,11.0,0.00021824
BRD/BTC,1584048910317,2020-03-12T21:35:10.317Z,buy,1.985e-05,186.0,0.0036921
BRD/BTC,1584048910906,2020-03-12T21:35:10.906Z,buy,1.985e-05,363.0,0.00720555
BRD/BTC,1584048914094,2020-03-12T21:35:14.094Z,buy,1.984e-05,1605.0,0.0318432
BRD/BTC,1584048914094,2020-03-12T21:35:14.094Z,buy,1.985e-05,1638.0,0.0325143
BRD/BTC,1584048920302,2020-03-12T21:35:20.302Z,buy,1.985e-05,1112.0,0.0220732
BRD/BTC,1584048929108,2020-03-12T21:35:29.108Z,sell,1.979e-05,130.0,0.0025727
BRD/BTC,1584049028090,2020-03-12T21:37:08.090Z,sell,1.987e-05,139.0,0.00276193
BRD/BTC,1584049197688,2020-03-12T21:39:57.688Z,sell,1.982e-05,172.0,0.00340904
BRD/BTC,1584049197688,2020-03-12T21:39:57.688Z,sell,1.982e-05,172.0,0.00340904
BRD/BTC,1584049751116,2020-03-12T21:49:11.116Z,buy,1.988e-05,6.0,0.00011928
BRD/BTC,1584049767416,2020-03-12T21:49:27.416Z,buy,1.988e-05,6.0,0.00011928
BRD/BTC,1584049809856,2020-03-12T21:50:09.856Z,buy,1.988e-05,6.0,0.00011928
BRD/BTC,1584049941450,2020-03-12T21:52:21.450Z,buy,1.982e-05,87.0,0.00172434
BRD/BTC,1584050186811,2020-03-12T21:56:26.811Z,sell,1.987e-05,21.0,0.00041727
BRD/BTC,1584050240556,2020-03-12T21:57:20.556Z,buy,1.987e-05,15.0,0.00029805
BRD/BTC,1584050410639,2020-03-12T22:00:10.639Z,buy,1.987e-05,221.0,0.00439127
BRD/BTC,1584050419255,2020-03-12T22:00:19.255Z,sell,1.987e-05,1792.0,0.03560704
BRD/BTC,1584050939286,2020-03-12T22:08:59.286Z,sell,1.976e-05,9.0,0.00017784
BRD/BTC,1584050940188,2020-03-12T22:09:00.188Z,buy,1.987e-05,755.0,0.01500185
BRD/BTC,1584051254721,2020-03-12T22:14:14.721Z,sell,1.981e-05,182.0,0.00360542
BRD/BTC,1584051436229,2020-03-12T22:17:16.229Z,sell,1.983e-05,8.0,0.00015864
BRD/BTC,1584051452767,2020-03-12T22:17:32.767Z,sell,1.983e-05,100.0,0.001983
BRD/BTC,1584051452767,2020-03-12T22:17:32.767Z,sell,1.981e-05,6.0,0.0001188599999999
BRD/BTC,1584051452767,2020-03-12T22:17:32.767Z,sell,1.974e-05,937.0,0.01849638
BRD/BTC,1584051471210,2020-03-12T22:17:51.210Z,sell,1.985e-05,174.0,0.0034539
BRD/BTC,1584051471210,2020-03-12T22:17:51.210Z,sell,1.975e-05,702.0,0.0138645
BRD/BTC,1584051518513,2020-03-12T22:18:38.513Z,sell,1.978e-05,344.0,0.00680432
BRD/BTC,1584051545771,2020-03-12T22:19:05.771Z,sell,1.977e-05,1423.0,0.02813271
BRD/BTC,1584051736856,2020-03-12T22:22:16.856Z,sell,1.983e-05,51.0,0.00101133
BRD/BTC,1584051742493,2020-03-12T22:22:22.493Z,sell,1.983e-05,51.0,0.00101133
BRD/BTC,1584051748185,2020-03-12T22:22:28.185Z,sell,1.983e-05,31.0,0.00061473
BRD/BTC,1584051748185,2020-03-12T22:22:28.185Z,sell,1.971e-05,1.0,1.971e-05
BRD/BTC,1584051768962,2020-03-12T22:22:48.962Z,sell,1.984e-05,49.0,0.00097216
BRD/BTC,1584051772252,2020-03-12T22:22:52.252Z,sell,1.984e-05,48.0,0.00095232
BRD/BTC,1584051787017,2020-03-12T22:23:07.017Z,sell,1.984e-05,15.0,0.0002975999999999
BRD/BTC,1584051787027,2020-03-12T22:23:07.027Z,sell,1.984e-05,23.0,0.0004563199999999
BRD/BTC,1584051806339,2020-03-12T22:23:26.339Z,buy,1.986e-05,104.0,0.00206544
BRD/BTC,1584051824321,2020-03-12T22:23:44.321Z,sell,1.985e-05,260.0,0.005161
BRD/BTC,1584051841545,2020-03-12T22:24:01.545Z,buy,1.985e-05,259.0,0.00514115
BRD/BTC,1584051920798,2020-03-12T22:25:20.798Z,buy,1.987e-05,8.0,0.00015896
BRD/BTC,1584051921169,2020-03-12T22:25:21.169Z,sell,1.981e-05,12.0,0.0002377199999999
BRD/BTC,1584052099168,2020-03-12T22:28:19.168Z,sell,1.983e-05,218.0,0.00432294
BRD/BTC,1584052099168,2020-03-12T22:28:19.168Z,sell,1.981e-05,597.0,0.01182657
BRD/BTC,1584052167148,2020-03-12T22:29:27.148Z,sell,1.983e-05,45.0,0.00089235
BRD/BTC,1584052260081,2020-03-12T22:31:00.081Z,buy,1.987e-05,421.0,0.00836527
BRD/BTC,1584052386138,2020-03-12T22:33:06.138Z,sell,1.985e-05,25.0,0.00049625
BRD/BTC,1584052409291,2020-03-12T22:33:29.291Z,buy,1.987e-05,12.0,0.00023844
BRD/BTC,1584052409291,2020-03-12T22:33:29.291Z,buy,1.988e-05,491.0,0.00976108
BRD/BTC,1584052412870,2020-03-12T22:33:32.870Z,sell,1.986e-05,15.0,0.0002979
BRD/BTC,1584052545720,2020-03-12T22:35:45.720Z,sell,1.984e-05,6.0,0.00011904
BRD/BTC,1584052574297,2020-03-12T22:36:14.297Z,sell,1.984e-05,104.0,0.00206336
BRD/BTC,1584052597810,2020-03-12T22:36:37.810Z,sell,1.984e-05,52.0,0.00103168
BRD/BTC,1584052650508,2020-03-12T22:37:30.508Z,sell,1.986e-05,12.0,0.0002383199999999
BRD/BTC,1584052651971,2020-03-12T22:37:31.971Z,sell,1.985e-05,184.0,0.0036524
BRD/BTC,1584052651971,2020-03-12T22:37:31.971Z,sell,1.985e-05,184.0,0.0036524
BRD/BTC,1584052803726,2020-03-12T22:40:03.726Z,sell,1.982e-05,17.0,0.00033694
BRD/BTC,1584052830279,2020-03-12T22:40:30.279Z,sell,1.982e-05,102.0,0.00202164
BRD/BTC,1584052883158,2020-03-12T22:41:23.158Z,sell,1.982e-05,68.0,0.00134776
BRD/BTC,1584052883158,2020-03-12T22:41:23.158Z,sell,1.972e-05,1.0,1.972e-05
BRD/BTC,1584052977365,2020-03-12T22:42:57.365Z,sell,1.982e-05,149.0,0.00295318
BRD/BTC,1584052977745,2020-03-12T22:42:57.745Z,sell,1.971e-05,519.0,0.0102294899999999
BRD/BTC,1584052984924,2020-03-12T22:43:04.924Z,sell,1.969e-05,573.0,0.01128237
BRD/BTC,1584052995994,2020-03-12T22:43:15.994Z,sell,1.97e-05,4580.0,0.090226
BRD/BTC,1584052995994,2020-03-12T22:43:15.994Z,sell,1.969e-05,189.0,0.00372141
BRD/BTC,1584052995994,2020-03-12T22:43:15.994Z,sell,1.968e-05,330.0,0.0064944
BRD/BTC,1584052997204,2020-03-12T22:43:17.204Z,buy,1.968e-05,1278.0,0.02515104
BRD/BTC,1584053006832,2020-03-12T22:43:26.832Z,sell,1.962e-05,244.0,0.00478728
BRD/BTC,1584053018513,2020-03-12T22:43:38.513Z,buy,1.968e-05,147.0,0.00289296
BRD/BTC,1584053228469,2020-03-12T22:47:08.469Z,buy,1.968e-05,6.0,0.00011808
BRD/BTC,1584053277008,2020-03-12T22:47:57.008Z,sell,1.965e-05,72.0,0.0014148
BRD/BTC,1584053314608,2020-03-12T22:48:34.608Z,sell,1.965e-05,9.0,0.00017685
BRD/BTC,1584053351841,2020-03-12T22:49:11.841Z,buy,1.966e-05,140.0,0.0027524
BRD/BTC,1584054308562,2020-03-12T23:05:08.562Z,sell,1.962e-05,6.0,0.0001177199999999
BRD/BTC,1584054569992,2020-03-12T23:09:29.992Z,sell,1.962e-05,12.0,0.0002354399999999
BRD/BTC,1584054635979,2020-03-12T23:10:35.979Z,sell,1.962e-05,122.0,0.00239364
BRD/BTC,1584054635979,2020-03-12T23:10:35.979Z,sell,1.961e-05,159.0,0.00311799
BRD/BTC,1584054815046,2020-03-12T23:13:35.046Z,buy,1.962e-05,314.0,0.0061606799999999
BRD/BTC,1584054829788,2020-03-12T23:13:49.788Z,buy,1.962e-05,556.0,0.0109087199999999
BRD/BTC,1584055533774,2020-03-12T23:25:33.774Z,buy,1.966e-05,173.0,0.00340118
BRD/BTC,1584055543904,2020-03-12T23:25:43.904Z,buy,1.966e-05,254.0,0.00499364
BRD/BTC,1584055553680,2020-03-12T23:25:53.680Z,buy,1.966e-05,76.0,0.00149416
BRD/BTC,1584055554081,2020-03-12T23:25:54.081Z,buy,1.966e-05,421.0,0.00827686
BRD/BTC,1584055563349,2020-03-12T23:26:03.349Z,buy,1.966e-05,172.0,0.00338152
BRD/BTC,1584055565229,2020-03-12T23:26:05.229Z,buy,1.966e-05,117.0,0.00230022
BRD/BTC,1584055567370,2020-03-12T23:26:07.370Z,buy,1.966e-05,162.0,0.00318492
BRD/BTC,1584055567604,2020-03-12T23:26:07.604Z,buy,1.966e-05,44.0,0.00086504
BRD/BTC,1584055590349,2020-03-12T23:26:30.349Z,buy,1.966e-05,1048.0,0.02060368
BRD/BTC,1584055590390,2020-03-12T23:26:30.390Z,buy,1.966e-05,1049.0,0.02062334
BRD/BTC,1584055590441,2020-03-12T23:26:30.441Z,buy,1.966e-05,758.0,0.01490228
BRD/BTC,1584055590455,2020-03-12T23:26:30.455Z,buy,1.966e-05,3599.0,0.07075634
BRD/BTC,1584055590462,2020-03-12T23:26:30.462Z,buy,1.968e-05,69.0,0.00135792
BRD/BTC,1584055622768,2020-03-12T23:27:02.768Z,sell,1.975e-05,774.0,0.0152865
BRD/BTC,1584055693734,2020-03-12T23:28:13.734Z,sell,1.969e-05,448.0,0.00882112
BRD/BTC,1584055699145,2020-03-12T23:28:19.145Z,buy,1.973e-05,225.0,0.00443925
BRD/BTC,1584055719700,2020-03-12T23:28:39.700Z,sell,1.956e-05,938.0,0.01834728
BRD/BTC,1584055719700,2020-03-12T23:28:39.700Z,sell,1.955e-05,52.0,0.0010166
BRD/BTC,1584055723419,2020-03-12T23:28:43.419Z,buy,1.967e-05,899.0,0.01768333
BRD/BTC,1584055723419,2020-03-12T23:28:43.419Z,buy,1.968e-05,274.0,0.00539232
BRD/BTC,1584055723419,2020-03-12T23:28:43.419Z,buy,1.969e-05,3882.0,0.07643658
BRD/BTC,1584055726329,2020-03-12T23:28:46.329Z,sell,1.954e-05,262.0,0.00511948
BRD/BTC,1584055731086,2020-03-12T23:28:51.086Z,sell,1.956e-05,223.0,0.0043618799999999
BRD/BTC,1584055731195,2020-03-12T23:28:51.195Z,sell,1.956e-05,264.0,0.0051638399999999
BRD/BTC,1584055764371,2020-03-12T23:29:24.371Z,sell,1.954e-05,83.0,0.00162182
BRD/BTC,1584055779374,2020-03-12T23:29:39.374Z,sell,1.954e-05,71.0,0.00138734
BRD/BTC,1584055779374,2020-03-12T23:29:39.374Z,sell,1.953e-05,418.0,0.00816354
BRD/BTC,1584055809664,2020-03-12T23:30:09.664Z,buy,1.963e-05,235.0,0.00461305
BRD/BTC,1584055820101,2020-03-12T23:30:20.101Z,buy,1.97e-05,668.0,0.0131596
BRD/BTC,1584055820101,2020-03-12T23:30:20.101Z,buy,1.971e-05,719.0,0.01417149
BRD/BTC,1584055833189,2020-03-12T23:30:33.189Z,buy,1.974e-05,67.0,0.00132258
BRD/BTC,1584055855531,2020-03-12T23:30:55.531Z,buy,1.974e-05,46.0,0.00090804
BRD/BTC,1584055859644,2020-03-12T23:30:59.644Z,buy,1.974e-05,29.0,0.00057246
BRD/BTC,1584055878450,2020-03-12T23:31:18.450Z,sell,1.96e-05,333.0,0.0065267999999999
BRD/BTC,1584055913329,2020-03-12T23:31:53.329Z,sell,1.958e-05,529.0,0.01035782
BRD/BTC,1584055995456,2020-03-12T23:33:15.456Z,sell,1.956e-05,9.0,0.00017604
BRD/BTC,1584056030808,2020-03-12T23:33:50.808Z,buy,1.966e-05,262.0,0.00515092
BRD/BTC,1584056030869,2020-03-12T23:33:50.869Z,buy,1.966e-05,22.0,0.00043252
BRD/BTC,1584056031872,2020-03-12T23:33:51.872Z,buy,1.966e-05,266.0,0.00522956
BRD/BTC,1584056038806,2020-03-12T23:33:58.806Z,buy,1.968e-05,312.0,0.00614016
BRD/BTC,1584056038806,2020-03-12T23:33:58.806Z,buy,1.968e-05,312.0,0.00614016
BRD/BTC,1584056312294,2020-03-12T23:38:32.294Z,buy,1.973e-05,174.0,0.0034330199999999
BRD/BTC,1584056321348,2020-03-12T23:38:41.348Z,sell,1.957e-05,812.0,0.01589084
BRD/BTC,1584056321348,2020-03-12T23:38:41.348Z,sell,1.956e-05,10.0,0.0001955999999999
BRD/BTC,1584056321348,2020-03-12T23:38:41.348Z,sell,1.953e-05,112.0,0.00218736
BRD/BTC,1584056323939,2020-03-12T23:38:43.939Z,sell,1.956e-05,2631.0,0.05146236
BRD/BTC,1584056324419,2020-03-12T23:38:44.419Z,sell,1.953e-05,489.0,0.00955017
BRD/BTC,1584056324419,2020-03-12T23:38:44.419Z,sell,1.951e-05,25.0,0.00048775
BRD/BTC,1584056324419,2020-03-12T23:38:44.419Z,sell,1.95e-05,377.0,0.0073514999999999
BRD/BTC,1584056324419,2020-03-12T23:38:44.419Z,sell,1.947e-05,512.0,0.00996864
BRD/BTC,1584056324419,2020-03-12T23:38:44.419Z,sell,1.945e-05,112.0,0.0021783999999999
BRD/BTC,1584056327290,2020-03-12T23:38:47.290Z,sell,1.946e-05,386.0,0.00751156
BRD/BTC,1584056339191,2020-03-12T23:38:59.191Z,sell,1.95e-05,865.0,0.0168675
BRD/BTC,1584056342104,2020-03-12T23:39:02.104Z,sell,1.95e-05,570.0,0.011115
BRD/BTC,1584056381875,2020-03-12T23:39:41.875Z,buy,1.962e-05,56.0,0.0010987199999999
BRD/BTC,1584056383502,2020-03-12T23:39:43.502Z,buy,1.962e-05,362.0,0.00710244
BRD/BTC,1584056464130,2020-03-12T23:41:04.130Z,buy,1.962e-05,601.0,0.01179162
BRD/BTC,1584056464336,2020-03-12T23:41:04.336Z,buy,1.962e-05,927.0,0.0181877399999999
BRD/BTC,1584056466147,2020-03-12T23:41:06.147Z,buy,1.962e-05,696.0,0.0136555199999999
BRD/BTC,1584056482125,2020-03-12T23:41:22.125Z,buy,1.962e-05,305.0,0.0059840999999999
BRD/BTC,1584056548259,2020-03-12T23:42:28.259Z,buy,1.962e-05,155.0,0.0030410999999999
BRD/BTC,1584056548271,2020-03-12T23:42:28.271Z,buy,1.962e-05,137.0,0.0026879399999999
BRD/BTC,1584056590138,2020-03-12T23:43:10.138Z,buy,1.962e-05,1.0,1.962e-05
BRD/BTC,1584056590138,2020-03-12T23:43:10.138Z,buy,1.974e-05,7.0,0.00013818
BRD/BTC,1584056625441,2020-03-12T23:43:45.441Z,sell,1.958e-05,2372.0,0.04644376
BRD/BTC,1584056625453,2020-03-12T23:43:45.453Z,buy,1.956e-05,340.0,0.0066504
BRD/BTC,1584056631374,2020-03-12T23:43:51.374Z,buy,1.956e-05,6.0,0.00011736
BRD/BTC,1584056670951,2020-03-12T23:44:30.951Z,buy,1.956e-05,453.0,0.00886068
BRD/BTC,1584056722119,2020-03-12T23:45:22.119Z,buy,1.956e-05,7.0,0.0001369199999999
BRD/BTC,1584056758540,2020-03-12T23:45:58.540Z,buy,1.956e-05,252.0,0.0049291199999999
BRD/BTC,1584056758594,2020-03-12T23:45:58.594Z,buy,1.956e-05,12.0,0.00023472
BRD/BTC,1584056763905,2020-03-12T23:46:03.905Z,buy,1.956e-05,343.0,0.00670908
BRD/BTC,1584056763924,2020-03-12T23:46:03.924Z,buy,1.956e-05,10764.0,0.2105438399999999
BRD/BTC,1584056781820,2020-03-12T23:46:21.820Z,sell,1.959e-05,10.0,0.0001959
BRD/BTC,1584056898469,2020-03-12T23:48:18.469Z,sell,1.955e-05,344.0,0.0067252
BRD/BTC,1584056902657,2020-03-12T23:48:22.657Z,sell,1.955e-05,18.0,0.0003519
BRD/BTC,1584056902657,2020-03-12T23:48:22.657Z,sell,1.954e-05,259.0,0.0050608599999999
BRD/BTC,1584056902657,2020-03-12T23:48:22.657Z,sell,1.95e-05,8.0,0.000156
BRD/BTC,1584056907973,2020-03-12T23:48:27.973Z,sell,1.949e-05,28.0,0.00054572
BRD/BTC,1584056907973,2020-03-12T23:48:27.973Z,sell,1.948e-05,18.0,0.00035064
BRD/BTC,1584056907973,2020-03-12T23:48:27.973Z,sell,1.947e-05,386.0,0.00751542
BRD/BTC,1584056915535,2020-03-12T23:48:35.535Z,sell,1.945e-05,493.0,0.00958885
BRD/BTC,1584056915535,2020-03-12T23:48:35.535Z,sell,1.942e-05,77.0,0.00149534
BRD/BTC,1584056921803,2020-03-12T23:48:41.803Z,sell,1.94e-05,95.0,0.001843
BRD/BTC,1584056921803,2020-03-12T23:48:41.803Z,sell,1.94e-05,80.0,0.001552
BRD/BTC,1584056959742,2020-03-12T23:49:19.742Z,sell,1.937e-05,182.0,0.00352534
BRD/BTC,1584056959742,2020-03-12T23:49:19.742Z,sell,1.937e-05,115.0,0.00222755
BRD/BTC,1584056960278,2020-03-12T23:49:20.278Z,sell,1.937e-05,48.0,0.00092976
BRD/BTC,1584056963470,2020-03-12T23:49:23.470Z,sell,1.935e-05,38.0,0.0007352999999999
BRD/BTC,1584056972339,2020-03-12T23:49:32.339Z,sell,1.935e-05,115.0,0.00222525
BRD/BTC,1584057014470,2020-03-12T23:50:14.470Z,buy,1.957e-05,160.0,0.0031312
BRD/BTC,1584057096427,2020-03-12T23:51:36.427Z,sell,1.942e-05,107.0,0.00207794
BRD/BTC,1584057131415,2020-03-12T23:52:11.415Z,sell,1.942e-05,351.0,0.00681642
BRD/BTC,1584057134851,2020-03-12T23:52:14.851Z,sell,1.942e-05,53.0,0.00102926
BRD/BTC,1584057135271,2020-03-12T23:52:15.271Z,sell,1.942e-05,371.0,0.00720482
BRD/BTC,1584057140600,2020-03-12T23:52:20.600Z,sell,1.942e-05,145.0,0.0028159
BRD/BTC,1584057146866,2020-03-12T23:52:26.866Z,sell,1.942e-05,196.0,0.00380632
BRD/BTC,1584057154994,2020-03-12T23:52:34.994Z,sell,1.942e-05,127.0,0.00246634
BRD/BTC,1584057155000,2020-03-12T23:52:35.000Z,sell,1.942e-05,145.0,0.0028159
BRD/BTC,1584057172237,2020-03-12T23:52:52.237Z,buy,1.957e-05,424.0,0.00829768
BRD/BTC,1584057173646,2020-03-12T23:52:53.646Z,buy,1.957e-05,425.0,0.00831725
BRD/BTC,1584057175164,2020-03-12T23:52:55.164Z,buy,1.957e-05,177.0,0.00346389
BRD/BTC,1584057184586,2020-03-12T23:53:04.586Z,buy,1.957e-05,2424.0,0.04743768
BRD/BTC,1584057184831,2020-03-12T23:53:04.831Z,buy,1.957e-05,50.0,0.0009785
BRD/BTC,1584057193710,2020-03-12T23:53:13.710Z,buy,1.957e-05,129.0,0.00252453
BRD/BTC,1584057194787,2020-03-12T23:53:14.787Z,buy,1.957e-05,420.0,0.0082194
BRD/BTC,1584057194807,2020-03-12T23:53:14.807Z,buy,1.957e-05,133.0,0.00260281
BRD/BTC,1584057202504,2020-03-12T23:53:22.504Z,buy,1.958e-05,40.0,0.0007832
BRD/BTC,1584057203515,2020-03-12T23:53:23.515Z,buy,1.959e-05,584.0,0.01144056
BRD/BTC,1584057204384,2020-03-12T23:53:24.384Z,buy,1.959e-05,337.0,0.00660183
BRD/BTC,1584057204543,2020-03-12T23:53:24.543Z,buy,1.959e-05,235.0,0.00460365
BRD/BTC,1584057210963,2020-03-12T23:53:30.963Z,sell,1.949e-05,248.0,0.00483352
BRD/BTC,1584057211494,2020-03-12T23:53:31.494Z,sell,1.949e-05,175.0,0.00341075
BRD/BTC,1584057258624,2020-03-12T23:54:18.624Z,sell,1.955e-05,118.0,0.0023069
BRD/BTC,1584057288879,2020-03-12T23:54:48.879Z,sell,1.951e-05,501.0,0.00977451
BRD/BTC,1584057295471,2020-03-12T23:54:55.471Z,buy,1.959e-05,211.0,0.00413349
BRD/BTC,1584057297648,2020-03-12T23:54:57.648Z,buy,1.959e-05,211.0,0.00413349
BRD/BTC,1584057301402,2020-03-12T23:55:01.402Z,buy,1.959e-05,175.0,0.00342825
BRD/BTC,1584057303343,2020-03-12T23:55:03.343Z,buy,1.959e-05,75.0,0.00146925
BRD/BTC,1584057306106,2020-03-12T23:55:06.106Z,buy,1.96e-05,23.0,0.0004507999999999
BRD/BTC,1584057307260,2020-03-12T23:55:07.260Z,sell,1.953e-05,314.0,0.00613242
BRD/BTC,1584057307361,2020-03-12T23:55:07.361Z,buy,1.96e-05,22.0,0.0004311999999999
BRD/BTC,1584057312306,2020-03-12T23:55:12.306Z,buy,1.959e-05,1912.0,0.03745608
BRD/BTC,1584057312306,2020-03-12T23:55:12.306Z,buy,1.96e-05,819.0,0.0160523999999999
BRD/BTC,1584057312310,2020-03-12T23:55:12.310Z,buy,1.96e-05,880.0,0.017248
BRD/BTC,1584057312448,2020-03-12T23:55:12.448Z,sell,1.961e-05,48.0,0.00094128
BRD/BTC,1584057321597,2020-03-12T23:55:21.597Z,buy,1.959e-05,177.0,0.00346743
BRD/BTC,1584057341309,2020-03-12T23:55:41.309Z,sell,1.954e-05,351.0,0.00685854
BRD/BTC,1584057377970,2020-03-12T23:56:17.970Z,sell,1.943e-05,631.0,0.01226033
BRD/BTC,1584057404196,2020-03-12T23:56:44.196Z,sell,1.947e-05,34.0,0.00066198
BRD/BTC,1584057443493,2020-03-12T23:57:23.493Z,sell,1.936e-05,500.0,0.00968
BRD/BTC,1584057482593,2020-03-12T23:58:02.593Z,sell,1.937e-05,234.0,0.00453258
BRD/BTC,1584057483821,2020-03-12T23:58:03.821Z,sell,1.938e-05,337.0,0.00653106
BRD/BTC,1584057493084,2020-03-12T23:58:13.084Z,sell,1.936e-05,166.0,0.00321376
BRD/BTC,1584057493084,2020-03-12T23:58:13.084Z,sell,1.935e-05,809.0,0.01565415
BRD/BTC,1584057495098,2020-03-12T23:58:15.098Z,sell,1.933e-05,52.0,0.00100516
BRD/BTC,1584057495098,2020-03-12T23:58:15.098Z,sell,1.932e-05,17.0,0.00032844
BRD/BTC,1584057503396,2020-03-12T23:58:23.396Z,sell,1.932e-05,496.0,0.00958272
BRD/BTC,1584057503396,2020-03-12T23:58:23.396Z,sell,1.931e-05,172.0,0.00332132
BRD/BTC,1584057506714,2020-03-12T23:58:26.714Z,sell,1.931e-05,34.0,0.0006565399999999
BRD/BTC,1584057508701,2020-03-12T23:58:28.701Z,buy,1.932e-05,248.0,0.00479136
BRD/BTC,1584057510438,2020-03-12T23:58:30.438Z,sell,1.932e-05,287.0,0.00554484
BRD/BTC,1584057514246,2020-03-12T23:58:34.246Z,sell,1.93e-05,265.0,0.0051145
BRD/BTC,1584057632008,2020-03-13T00:00:32.008Z,sell,1.931e-05,358.0,0.00691298
BRD/BTC,1584057713130,2020-03-13T00:01:53.130Z,sell,1.934e-05,362.0,0.00700108
BRD/BTC,1584057718275,2020-03-13T00:01:58.275Z,sell,1.931e-05,1070.0,0.0206616999999999
BRD/BTC,1584057744514,2020-03-13T00:02:24.514Z,buy,1.942e-05,284.0,0.00551528
BRD/BTC,1584057744536,2020-03-13T00:02:24.536Z,buy,1.942e-05,286.0,0.00555412
BRD/BTC,1584057780955,2020-03-13T00:03:00.955Z,sell,1.931e-05,285.0,0.00550335
BRD/BTC,1584057799574,2020-03-13T00:03:19.574Z,buy,1.946e-05,346.0,0.00673316
BRD/BTC,1584057811561,2020-03-13T00:03:31.561Z,buy,1.95e-05,135.0,0.0026325
BRD/BTC,1584057817864,2020-03-13T00:03:37.864Z,buy,1.95e-05,478.0,0.009321
BRD/BTC,1584057821866,2020-03-13T00:03:41.866Z,sell,1.933e-05,51.0,0.00098583
BRD/BTC,1584057828301,2020-03-13T00:03:48.301Z,buy,1.95e-05,1336.0,0.026052
BRD/BTC,1584057828301,2020-03-13T00:03:48.301Z,buy,1.951e-05,463.0,0.00903313
BRD/BTC,1584057836764,2020-03-13T00:03:56.764Z,sell,1.932e-05,6.0,0.00011592
BRD/BTC,1584057848806,2020-03-13T00:04:08.806Z,sell,1.932e-05,6.0,0.00011592
BRD/BTC,1584057912990,2020-03-13T00:05:12.990Z,sell,1.937e-05,581.0,0.01125397
BRD/BTC,1584057954574,2020-03-13T00:05:54.574Z,buy,1.951e-05,953.0,0.01859303
BRD/BTC,1584057954605,2020-03-13T00:05:54.605Z,sell,1.951e-05,227.0,0.00442877
BRD/BTC,1584057974953,2020-03-13T00:06:14.953Z,sell,1.951e-05,230.0,0.0044873
BRD/BTC,1584057978479,2020-03-13T00:06:18.479Z,sell,1.951e-05,760.0,0.0148276
BRD/BTC,1584058054113,2020-03-13T00:07:34.113Z,buy,1.953e-05,10.0,0.0001953
BRD/BTC,1584058054113,2020-03-13T00:07:34.113Z,buy,1.959e-05,41.0,0.00080319
BRD/BTC,1584058097146,2020-03-13T00:08:17.146Z,buy,1.959e-05,73.0,0.00143007
BRD/BTC,1584058097160,2020-03-13T00:08:17.160Z,sell,1.959e-05,355.0,0.00695445
BRD/BTC,1584058097164,2020-03-13T00:08:17.164Z,sell,1.959e-05,418.0,0.00818862
BRD/BTC,1584058097164,2020-03-13T00:08:17.164Z,sell,1.959e-05,170.0,0.0033303
BRD/BTC,1584058097187,2020-03-13T00:08:17.187Z,sell,1.959e-05,54.0,0.00105786
BRD/BTC,1584058097211,2020-03-13T00:08:17.211Z,sell,1.938e-05,53.0,0.00102714
BRD/BTC,1584058131025,2020-03-13T00:08:51.025Z,buy,1.964e-05,459.0,0.0090147599999999
BRD/BTC,1584058133732,2020-03-13T00:08:53.732Z,sell,1.964e-05,329.0,0.00646156
BRD/BTC,1584058138394,2020-03-13T00:08:58.394Z,sell,1.964e-05,570.0,0.0111948
BRD/BTC,1584058141990,2020-03-13T00:09:01.990Z,sell,1.964e-05,7.0,0.00013748
BRD/BTC,1584058144838,2020-03-13T00:09:04.838Z,buy,1.965e-05,333.0,0.00654345
BRD/BTC,1584058144838,2020-03-13T00:09:04.838Z,buy,1.966e-05,28.0,0.00055048
BRD/BTC,1584058144838,2020-03-13T00:09:04.838Z,buy,1.969e-05,2359.0,0.04644871
BRD/BTC,1584058144838,2020-03-13T00:09:04.838Z,buy,1.975e-05,470.0,0.0092824999999999
BRD/BTC,1584058144858,2020-03-13T00:09:04.858Z,sell,1.976e-05,223.0,0.00440648
BRD/BTC,1584058144876,2020-03-13T00:09:04.876Z,sell,1.976e-05,395.0,0.0078052
BRD/BTC,1584058144878,2020-03-13T00:09:04.878Z,sell,1.976e-05,395.0,0.0078052
BRD/BTC,1584058144899,2020-03-13T00:09:04.899Z,sell,1.976e-05,60.0,0.0011856
BRD/BTC,1584058145929,2020-03-13T00:09:05.929Z,sell,1.976e-05,366.0,0.00723216
BRD/BTC,1584058146010,2020-03-13T00:09:06.010Z,buy,1.977e-05,37.0,0.00073149
BRD/BTC,1584058149738,2020-03-13T00:09:09.738Z,sell,1.976e-05,333.0,0.00658008
BRD/BTC,1584058152048,2020-03-13T00:09:12.048Z,sell,1.976e-05,174.0,0.00343824
BRD/BTC,1584058159056,2020-03-13T00:09:19.056Z,sell,1.976e-05,135.0,0.0026676
BRD/BTC,1584058159070,2020-03-13T00:09:19.070Z,sell,1.976e-05,138.0,0.00272688
BRD/BTC,1584058186855,2020-03-13T00:09:46.855Z,sell,1.976e-05,602.0,0.01189552
BRD/BTC,1584058190686,2020-03-13T00:09:50.686Z,sell,1.976e-05,208.0,0.00411008
BRD/BTC,1584058192670,2020-03-13T00:09:52.670Z,sell,1.974e-05,101.0,0.00199374
BRD/BTC,1584058215623,2020-03-13T00:10:15.623Z,sell,1.974e-05,3212.0,0.06340488
BRD/BTC,1584058215781,2020-03-13T00:10:15.781Z,sell,1.974e-05,2099.0,0.04143426
BRD/BTC,1584058234817,2020-03-13T00:10:34.817Z,sell,1.964e-05,708.0,0.0139051199999999
BRD/BTC,1584058508677,2020-03-13T00:15:08.677Z,buy,1.959e-05,48.0,0.00094032
BRD/BTC,1584058533461,2020-03-13T00:15:33.461Z,buy,1.957e-05,23.0,0.00045011
BRD/BTC,1584058539982,2020-03-13T00:15:39.982Z,buy,1.957e-05,6.0,0.00011742
BRD/BTC,1584058558085,2020-03-13T00:15:58.085Z,sell,1.942e-05,1416.0,0.02749872
BRD/BTC,1584058565265,2020-03-13T00:16:05.265Z,buy,1.957e-05,15.0,0.00029355
BRD/BTC,1584058613561,2020-03-13T00:16:53.561Z,buy,1.949e-05,6.0,0.00011694
BRD/BTC,1584058613580,2020-03-13T00:16:53.580Z,buy,1.949e-05,205.0,0.00399545
BRD/BTC,1584058614526,2020-03-13T00:16:54.526Z,buy,1.949e-05,10.0,0.0001949
BRD/BTC,1584058617193,2020-03-13T00:16:57.193Z,buy,1.949e-05,927.0,0.01806723
BRD/BTC,1584058617242,2020-03-13T00:16:57.242Z,buy,1.949e-05,354.0,0.00689946
BRD/BTC,1584058617257,2020-03-13T00:16:57.257Z,buy,1.949e-05,57.0,0.00111093
BRD/BTC,1584058621986,2020-03-13T00:17:01.986Z,buy,1.949e-05,524.0,0.01021276
BRD/BTC,1584058637567,2020-03-13T00:17:17.567Z,buy,1.949e-05,70.0,0.0013643
BRD/BTC,1584058637589,2020-03-13T00:17:17.589Z,buy,1.949e-05,135.0,0.00263115
BRD/BTC,1584058637622,2020-03-13T00:17:17.622Z,buy,1.949e-05,30.0,0.0005847
BRD/BTC,1584058637647,2020-03-13T00:17:17.647Z,buy,1.949e-05,108.0,0.00210492
BRD/BTC,1584058729937,2020-03-13T00:18:49.937Z,sell,1.939e-05,145.0,0.00281155
BRD/BTC,1584058756672,2020-03-13T00:19:16.672Z,sell,1.95e-05,55.0,0.0010724999999999
BRD/BTC,1584058777972,2020-03-13T00:19:37.972Z,buy,1.955e-05,226.0,0.0044183
BRD/BTC,1584058794450,2020-03-13T00:19:54.450Z,buy,1.955e-05,327.0,0.00639285
BRD/BTC,1584058794471,2020-03-13T00:19:54.471Z,buy,1.955e-05,138.0,0.0026979
BRD/BTC,1584058799242,2020-03-13T00:19:59.242Z,buy,1.955e-05,259.0,0.00506345
BRD/BTC,1584058799264,2020-03-13T00:19:59.264Z,buy,1.955e-05,135.0,0.00263925
BRD/BTC,1584058799267,2020-03-13T00:19:59.267Z,buy,1.955e-05,355.0,0.00694025
BRD/BTC,1584058799327,2020-03-13T00:19:59.327Z,buy,1.955e-05,58.0,0.0011339
BRD/BTC,1584058799366,2020-03-13T00:19:59.366Z,buy,1.955e-05,37.0,0.00072335
BRD/BTC,1584058848217,2020-03-13T00:20:48.217Z,buy,1.955e-05,499.0,0.00975545
BRD/BTC,1584058900435,2020-03-13T00:21:40.435Z,buy,1.955e-05,406.0,0.0079373
BRD/BTC,1584058960679,2020-03-13T00:22:40.679Z,buy,1.96e-05,50.0,0.00098
BRD/BTC,1584059118594,2020-03-13T00:25:18.594Z,buy,1.968e-05,181.0,0.00356208
BRD/BTC,1584059167027,2020-03-13T00:26:07.027Z,buy,1.967e-05,353.0,0.00694351
BRD/BTC,1584059167027,2020-03-13T00:26:07.027Z,buy,1.968e-05,3326.0,0.06545568
BRD/BTC,1584059332230,2020-03-13T00:28:52.230Z,buy,1.968e-05,480.0,0.0094464
BRD/BTC,1584059332270,2020-03-13T00:28:52.270Z,buy,1.968e-05,107.0,0.00210576
BRD/BTC,1584059351989,2020-03-13T00:29:11.989Z,buy,1.967e-05,525.0,0.0103267499999999
BRD/BTC,1584059358999,2020-03-13T00:29:18.999Z,buy,1.967e-05,426.0,0.00837942
BRD/BTC,1584059420203,2020-03-13T00:30:20.203Z,buy,1.967e-05,102.0,0.00200634
BRD/BTC,1584059494032,2020-03-13T00:31:34.032Z,buy,1.967e-05,356.0,0.00700252
BRD/BTC,1584059496949,2020-03-13T00:31:36.949Z,buy,1.967e-05,7.0,0.00013769
BRD/BTC,1584059496949,2020-03-13T00:31:36.949Z,buy,1.968e-05,517.0,0.01017456
BRD/BTC,1584059501156,2020-03-13T00:31:41.156Z,buy,1.968e-05,585.0,0.0115128
BRD/BTC,1584059503173,2020-03-13T00:31:43.173Z,buy,1.968e-05,3087.0,0.06075216
BRD/BTC,1584059505008,2020-03-13T00:31:45.008Z,buy,1.977e-05,1078.0,0.0213120599999999
BRD/BTC,1584059505008,2020-03-13T00:31:45.008Z,buy,1.977e-05,1078.0,0.0213120599999999
BRD/BTC,1584059642271,2020-03-13T00:34:02.271Z,buy,1.977e-05,121.0,0.00239217
BRD/BTC,1584059642301,2020-03-13T00:34:02.301Z,buy,1.977e-05,380.0,0.0075125999999999
BRD/BTC,1584059695178,2020-03-13T00:34:55.178Z,buy,1.977e-05,300.0,0.005931
BRD/BTC,1584059695190,2020-03-13T00:34:55.190Z,buy,1.977e-05,474.0,0.00937098
BRD/BTC,1584059695198,2020-03-13T00:34:55.198Z,buy,1.977e-05,476.0,0.0094105199999999
BRD/BTC,1584059695222,2020-03-13T00:34:55.222Z,buy,1.977e-05,190.0,0.0037562999999999
BRD/BTC,1584059714721,2020-03-13T00:35:14.721Z,buy,1.977e-05,800.0,0.015816
BRD/BTC,1584059716340,2020-03-13T00:35:16.340Z,buy,1.977e-05,514.0,0.0101617799999999
BRD/BTC,1584059730297,2020-03-13T00:35:30.297Z,buy,1.977e-05,17.0,0.00033609
BRD/BTC,1584059731420,2020-03-13T00:35:31.420Z,buy,1.977e-05,464.0,0.0091732799999999
BRD/BTC,1584059733958,2020-03-13T00:35:33.958Z,buy,1.977e-05,452.0,0.00893604
BRD/BTC,1584059739166,2020-03-13T00:35:39.166Z,buy,1.977e-05,6.0,0.00011862
BRD/BTC,1584059742497,2020-03-13T00:35:42.497Z,buy,1.977e-05,15.0,0.0002965499999999
BRD/BTC,1584059742574,2020-03-13T00:35:42.574Z,buy,1.977e-05,285.0,0.00563445
BRD/BTC,1584059752232,2020-03-13T00:35:52.232Z,buy,1.977e-05,315.0,0.0062275499999999
BRD/BTC,1584059752282,2020-03-13T00:35:52.282Z,buy,1.977e-05,29.0,0.0005733299999999
BRD/BTC,1584059752446,2020-03-13T00:35:52.446Z,buy,1.977e-05,28.0,0.0005535599999999
BRD/BTC,1584059752503,2020-03-13T00:35:52.503Z,buy,1.977e-05,27.0,0.0005337899999999
BRD/BTC,1584059752561,2020-03-13T00:35:52.561Z,buy,1.977e-05,26.0,0.00051402
BRD/BTC,1584059752627,2020-03-13T00:35:52.627Z,buy,1.977e-05,26.0,0.00051402
BRD/BTC,1584059752736,2020-03-13T00:35:52.736Z,buy,1.977e-05,16.0,0.00031632
BRD/BTC,1584059752810,2020-03-13T00:35:52.810Z,buy,1.977e-05,10.0,0.0001976999999999
BRD/BTC,1584059752850,2020-03-13T00:35:52.850Z,buy,1.977e-05,8.0,0.00015816
BRD/BTC,1584059752863,2020-03-13T00:35:52.863Z,buy,1.977e-05,31.0,0.00061287
BRD/BTC,1584059758994,2020-03-13T00:35:58.994Z,buy,1.977e-05,49.0,0.0009687299999999
BRD/BTC,1584059805605,2020-03-13T00:36:45.605Z,buy,1.977e-05,95.0,0.0018781499999999
BRD/BTC,1584059806923,2020-03-13T00:36:46.923Z,buy,1.977e-05,2193.0,0.0433556099999999
BRD/BTC,1584059806953,2020-03-13T00:36:46.953Z,buy,1.977e-05,914.0,0.01806978
BRD/BTC,1584059807241,2020-03-13T00:36:47.241Z,buy,1.977e-05,144.0,0.00284688
BRD/BTC,1584059807350,2020-03-13T00:36:47.350Z,buy,1.977e-05,144.0,0.00284688
BRD/BTC,1584059807447,2020-03-13T00:36:47.447Z,buy,1.977e-05,139.0,0.00274803
BRD/BTC,1584059922591,2020-03-13T00:38:42.591Z,buy,1.977e-05,87.0,0.0017199899999999
BRD/BTC,1584059983117,2020-03-13T00:39:43.117Z,buy,1.977e-05,524.0,0.0103594799999999
BRD/BTC,1584059983132,2020-03-13T00:39:43.132Z,buy,1.977e-05,313.0,0.00618801
BRD/BTC,1584059996788,2020-03-13T00:39:56.788Z,buy,1.977e-05,507.0,0.01002339
BRD/BTC,1584060037667,2020-03-13T00:40:37.667Z,sell,1.965e-05,95.0,0.00186675
BRD/BTC,1584060317799,2020-03-13T00:45:17.799Z,sell,1.958e-05,848.0,0.0166038399999999
BRD/BTC,1584060317799,2020-03-13T00:45:17.799Z,sell,1.957e-05,559.0,0.01093963
BRD/BTC,1584060409812,2020-03-13T00:46:49.812Z,buy,1.956e-05,417.0,0.00815652
BRD/BTC,1584060421038,2020-03-13T00:47:01.038Z,buy,1.956e-05,138.0,0.00269928
BRD/BTC,1584060421375,2020-03-13T00:47:01.375Z,buy,1.956e-05,6.0,0.00011736
BRD/BTC,1584060421387,2020-03-13T00:47:01.387Z,buy,1.956e-05,315.0,0.0061614
BRD/BTC,1584060421395,2020-03-13T00:47:01.395Z,buy,1.956e-05,57.0,0.00111492
BRD/BTC,1584060468011,2020-03-13T00:47:48.011Z,buy,1.957e-05,27.0,0.00052839
BRD/BTC,1584060468038,2020-03-13T00:47:48.038Z,buy,1.957e-05,210.0,0.0041097
BRD/BTC,1584060555732,2020-03-13T00:49:15.732Z,buy,1.957e-05,16.0,0.00031312
BRD/BTC,1584060887066,2020-03-13T00:54:47.066Z,buy,1.957e-05,876.0,0.01714332
BRD/BTC,1584060890433,2020-03-13T00:54:50.433Z,buy,1.957e-05,876.0,0.01714332
BRD/BTC,1584060924213,2020-03-13T00:55:24.213Z,buy,1.957e-05,245.0,0.00479465
BRD/BTC,1584060924479,2020-03-13T00:55:24.479Z,buy,1.957e-05,9.0,0.00017613
BRD/BTC,1584060924496,2020-03-13T00:55:24.496Z,buy,1.957e-05,97.0,0.00189829
BRD/BTC,1584060924527,2020-03-13T00:55:24.527Z,buy,1.957e-05,229.0,0.00448153
BRD/BTC,1584061160293,2020-03-13T00:59:20.293Z,sell,1.947e-05,312.0,0.00607464
BRD/BTC,1584061518572,2020-03-13T01:05:18.572Z,sell,1.947e-05,6.0,0.00011682
BRD/BTC,1584061518572,2020-03-13T01:05:18.572Z,sell,1.939e-05,532.0,0.01031548
BRD/BTC,1584061641006,2020-03-13T01:07:21.006Z,buy,1.945e-05,86.0,0.0016726999999999
BRD/BTC,1584061739593,2020-03-13T01:08:59.593Z,buy,1.943e-05,187.0,0.0036334099999999
BRD/BTC,1584061767327,2020-03-13T01:09:27.327Z,buy,1.942e-05,7.0,0.00013594
BRD/BTC,1584061907179,2020-03-13T01:11:47.179Z,sell,1.929e-05,120.0,0.0023148
BRD/BTC,1584061933233,2020-03-13T01:12:13.233Z,sell,1.929e-05,229.0,0.00441741
BRD/BTC,1584061941825,2020-03-13T01:12:21.825Z,buy,1.938e-05,137.0,0.00265506
BRD/BTC,1584062025882,2020-03-13T01:13:45.882Z,sell,1.929e-05,721.0,0.01390809
BRD/BTC,1584062050194,2020-03-13T01:14:10.194Z,sell,1.925e-05,79.0,0.00152075
BRD/BTC,1584062050194,2020-03-13T01:14:10.194Z,sell,1.923e-05,17.0,0.00032691
BRD/BTC,1584062050194,2020-03-13T01:14:10.194Z,sell,1.922e-05,27.0,0.00051894
BRD/BTC,1584062050194,2020-03-13T01:14:10.194Z,sell,1.92e-05,298.0,0.0057215999999999
BRD/BTC,1584062065328,2020-03-13T01:14:25.328Z,buy,1.928e-05,149.0,0.0028727199999999
BRD/BTC,1584062065335,2020-03-13T01:14:25.335Z,buy,1.928e-05,93.0,0.0017930399999999
BRD/BTC,1584062065337,2020-03-13T01:14:25.337Z,buy,1.928e-05,10.0,0.0001927999999999
BRD/BTC,1584062091958,2020-03-13T01:14:51.958Z,buy,1.929e-05,405.0,0.00781245
BRD/BTC,1584062277389,2020-03-13T01:17:57.389Z,buy,1.928e-05,9.0,0.0001735199999999
BRD/BTC,1584062277392,2020-03-13T01:17:57.392Z,buy,1.928e-05,6.0,0.0001156799999999
BRD/BTC,1584062277625,2020-03-13T01:17:57.625Z,buy,1.928e-05,6.0,0.0001156799999999
BRD/BTC,1584062310890,2020-03-13T01:18:30.890Z,buy,1.928e-05,138.0,0.0026606399999999
BRD/BTC,1584062349693,2020-03-13T01:19:09.693Z,buy,1.928e-05,219.0,0.00422232
BRD/BTC,1584062374750,2020-03-13T01:19:34.750Z,buy,1.928e-05,16.0,0.00030848
BRD/BTC,1584062406868,2020-03-13T01:20:06.868Z,buy,1.928e-05,243.0,0.00468504
BRD/BTC,1584062752414,2020-03-13T01:25:52.414Z,buy,1.928e-05,1.0,1.928e-05
BRD/BTC,1584062755441,2020-03-13T01:25:55.441Z,buy,1.929e-05,8.0,0.00015432
BRD/BTC,1584062764243,2020-03-13T01:26:04.243Z,buy,1.929e-05,424.0,0.00817896
BRD/BTC,1584062784092,2020-03-13T01:26:24.092Z,buy,1.929e-05,41.0,0.00079089
BRD/BTC,1584062822240,2020-03-13T01:27:02.240Z,sell,1.918e-05,8.0,0.00015344
BRD/BTC,1584062822240,2020-03-13T01:27:02.240Z,sell,1.917e-05,1.0,1.917e-05
BRD/BTC,1584062908611,2020-03-13T01:28:28.611Z,buy,1.929e-05,396.0,0.00763884
BRD/BTC,1584062919592,2020-03-13T01:28:39.592Z,sell,1.919e-05,169.0,0.00324311
BRD/BTC,1584062919821,2020-03-13T01:28:39.821Z,sell,1.918e-05,10.0,0.0001918
BRD/BTC,1584062989987,2020-03-13T01:29:49.987Z,sell,1.917e-05,135.0,0.00258795
BRD/BTC,1584062991985,2020-03-13T01:29:51.985Z,sell,1.917e-05,29.0,0.00055593
BRD/BTC,1584063000932,2020-03-13T01:30:00.932Z,sell,1.917e-05,95.0,0.00182115
BRD/BTC,1584063032925,2020-03-13T01:30:32.925Z,sell,1.917e-05,337.0,0.00646029
BRD/BTC,1584063033251,2020-03-13T01:30:33.251Z,sell,1.914e-05,30.0,0.0005742
BRD/BTC,1584063056880,2020-03-13T01:30:56.880Z,sell,1.915e-05,907.0,0.01736905
BRD/BTC,1584063056880,2020-03-13T01:30:56.880Z,sell,1.915e-05,907.0,0.01736905
BRD/BTC,1584063184286,2020-03-13T01:33:04.286Z,sell,1.915e-05,6.0,0.0001149
BRD/BTC,1584063184286,2020-03-13T01:33:04.286Z,sell,1.914e-05,57.0,0.00109098
BRD/BTC,1584063396816,2020-03-13T01:36:36.816Z,sell,1.914e-05,233.0,0.00445962
BRD/BTC,1584063433551,2020-03-13T01:37:13.551Z,sell,1.913e-05,6.0,0.00011478
BRD/BTC,1584063435389,2020-03-13T01:37:15.389Z,sell,1.913e-05,6.0,0.00011478
BRD/BTC,1584063443473,2020-03-13T01:37:23.473Z,sell,1.913e-05,6.0,0.00011478
BRD/BTC,1584063443596,2020-03-13T01:37:23.596Z,sell,1.911e-05,298.0,0.00569478
BRD/BTC,1584063476086,2020-03-13T01:37:56.086Z,sell,1.911e-05,123.0,0.00235053
BRD/BTC,1584063478315,2020-03-13T01:37:58.315Z,sell,1.911e-05,446.0,0.00852306
BRD/BTC,1584063823059,2020-03-13T01:43:43.059Z,sell,1.908e-05,420.0,0.0080136
BRD/BTC,1584063823925,2020-03-13T01:43:43.925Z,buy,1.911e-05,7.0,0.00013377
BRD/BTC,1584063845800,2020-03-13T01:44:05.800Z,sell,1.911e-05,778.0,0.01486758
BRD/BTC,1584063962220,2020-03-13T01:46:02.220Z,sell,1.907e-05,291.0,0.00554937
BRD/BTC,1584063974446,2020-03-13T01:46:14.446Z,sell,1.907e-05,514.0,0.00980198
BRD/BTC,1584064023695,2020-03-13T01:47:03.695Z,sell,1.906e-05,593.0,0.01130258
BRD/BTC,1584064024004,2020-03-13T01:47:04.004Z,buy,1.906e-05,6.0,0.00011436
BRD/BTC,1584064038981,2020-03-13T01:47:18.981Z,sell,1.904e-05,10.0,0.0001904
BRD/BTC,1584064038981,2020-03-13T01:47:18.981Z,sell,1.9e-05,201.0,0.003819
BRD/BTC,1584064038981,2020-03-13T01:47:18.981Z,sell,1.898e-05,53.0,0.00100594
BRD/BTC,1584064038981,2020-03-13T01:47:18.981Z,sell,1.894e-05,74.0,0.00140156
BRD/BTC,1584064057070,2020-03-13T01:47:37.070Z,sell,1.893e-05,13.0,0.00024609
BRD/BTC,1584064184977,2020-03-13T01:49:44.977Z,sell,1.895e-05,1613.0,0.03056635
BRD/BTC,1584064184977,2020-03-13T01:49:44.977Z,sell,1.894e-05,56.0,0.00106064
BRD/BTC,1584064184985,2020-03-13T01:49:44.985Z,buy,1.894e-05,69.0,0.00130686
BRD/BTC,1584064257738,2020-03-13T01:50:57.738Z,sell,1.894e-05,406.0,0.00768964
BRD/BTC,1584064257738,2020-03-13T01:50:57.738Z,sell,1.893e-05,161.0,0.00304773
BRD/BTC,1584064260487,2020-03-13T01:51:00.487Z,sell,1.894e-05,449.0,0.00850406
BRD/BTC,1584064339610,2020-03-13T01:52:19.610Z,buy,1.894e-05,6.0,0.00011364
BRD/BTC,1584064342393,2020-03-13T01:52:22.393Z,buy,1.894e-05,342.0,0.00647748
BRD/BTC,1584064352166,2020-03-13T01:52:32.166Z,buy,1.894e-05,195.0,0.0036933
BRD/BTC,1584064352271,2020-03-13T01:52:32.271Z,buy,1.894e-05,195.0,0.0036933
BRD/BTC,1584064352421,2020-03-13T01:52:32.421Z,buy,1.894e-05,169.0,0.00320086
BRD/BTC,1584064352717,2020-03-13T01:52:32.717Z,buy,1.894e-05,187.0,0.00354178
BRD/BTC,1584064352806,2020-03-13T01:52:32.806Z,buy,1.894e-05,32.0,0.00060608
BRD/BTC,1584064352934,2020-03-13T01:52:32.934Z,buy,1.894e-05,495.0,0.0093753
BRD/BTC,1584064353034,2020-03-13T01:52:33.034Z,buy,1.894e-05,52.0,0.00098488
BRD/BTC,1584064353035,2020-03-13T01:52:33.035Z,buy,1.894e-05,227.0,0.00429938
BRD/BTC,1584064353070,2020-03-13T01:52:33.070Z,buy,1.894e-05,227.0,0.00429938
BRD/BTC,1584064354985,2020-03-13T01:52:34.985Z,buy,1.894e-05,447.0,0.00846618
BRD/BTC,1584064363762,2020-03-13T01:52:43.762Z,buy,1.894e-05,195.0,0.0036933
BRD/BTC,1584064363778,2020-03-13T01:52:43.778Z,buy,1.894e-05,11704.0,0.22167376
BRD/BTC,1584064377212,2020-03-13T01:52:57.212Z,buy,1.894e-05,2433.0,0.04608102
BRD/BTC,1584064386237,2020-03-13T01:53:06.237Z,buy,1.898e-05,320.0,0.0060736
BRD/BTC,1584064386521,2020-03-13T01:53:06.521Z,buy,1.898e-05,155.0,0.0029419
BRD/BTC,1584064426044,2020-03-13T01:53:46.044Z,sell,1.893e-05,625.0,0.01183125
BRD/BTC,1584064535447,2020-03-13T01:55:35.447Z,sell,1.887e-05,8.0,0.00015096
BRD/BTC,1584064535447,2020-03-13T01:55:35.447Z,sell,1.886e-05,58.0,0.00109388
BRD/BTC,1584064535447,2020-03-13T01:55:35.447Z,sell,1.885e-05,54.0,0.0010179
BRD/BTC,1584064535447,2020-03-13T01:55:35.447Z,sell,1.881e-05,465.0,0.00874665
BRD/BTC,1584064536802,2020-03-13T01:55:36.802Z,sell,1.882e-05,1578.0,0.02969796
BRD/BTC,1584064539928,2020-03-13T01:55:39.928Z,buy,1.9e-05,807.0,0.015333
BRD/BTC,1584064614637,2020-03-13T01:56:54.637Z,sell,1.883e-05,877.0,0.01651391
BRD/BTC,1584064625921,2020-03-13T01:57:05.921Z,sell,1.883e-05,396.0,0.00745668
BRD/BTC,1584064626975,2020-03-13T01:57:06.975Z,sell,1.882e-05,166.0,0.0031241199999999
BRD/BTC,1584064660850,2020-03-13T01:57:40.850Z,buy,1.902e-05,110.0,0.0020922
BRD/BTC,1584064782236,2020-03-13T01:59:42.236Z,sell,1.887e-05,57.0,0.00107559
BRD/BTC,1584064784059,2020-03-13T01:59:44.059Z,sell,1.887e-05,1.0,1.887e-05
BRD/BTC,1584064784059,2020-03-13T01:59:44.059Z,sell,1.882e-05,100.0,0.001882
BRD/BTC,1584064784086,2020-03-13T01:59:44.086Z,sell,1.882e-05,566.0,0.01065212
BRD/BTC,1584064784146,2020-03-13T01:59:44.146Z,sell,1.882e-05,241.0,0.00453562
BRD/BTC,1584064792568,2020-03-13T01:59:52.568Z,sell,1.882e-05,58.0,0.0010915599999999
BRD/BTC,1584064792568,2020-03-13T01:59:52.568Z,sell,1.88e-05,41.0,0.0007708
BRD/BTC,1584064792568,2020-03-13T01:59:52.568Z,sell,1.878e-05,320.0,0.0060096
BRD/BTC,1584064792568,2020-03-13T01:59:52.568Z,sell,1.877e-05,20.0,0.0003754
BRD/BTC,1584064810021,2020-03-13T02:00:10.021Z,sell,1.878e-05,369.0,0.00692982
BRD/BTC,1584064817536,2020-03-13T02:00:17.536Z,sell,1.878e-05,1391.0,0.02612298
BRD/BTC,1584064817536,2020-03-13T02:00:17.536Z,sell,1.877e-05,505.0,0.00947885
BRD/BTC,1584064832964,2020-03-13T02:00:32.964Z,buy,1.877e-05,182.0,0.00341614
BRD/BTC,1584064837887,2020-03-13T02:00:37.887Z,buy,1.877e-05,53.0,0.00099481
BRD/BTC,1584064839932,2020-03-13T02:00:39.932Z,buy,1.877e-05,663.0,0.01244451
BRD/BTC,1584064841204,2020-03-13T02:00:41.204Z,buy,1.877e-05,83.0,0.00155791
BRD/BTC,1584064846453,2020-03-13T02:00:46.453Z,buy,1.877e-05,16.0,0.00030032
BRD/BTC,1584064861754,2020-03-13T02:01:01.754Z,sell,1.876e-05,85.0,0.0015946
BRD/BTC,1584064861754,2020-03-13T02:01:01.754Z,sell,1.875e-05,35.0,0.0006562499999999
BRD/BTC,1584064861754,2020-03-13T02:01:01.754Z,sell,1.874e-05,54.0,0.00101196
BRD/BTC,1584064861754,2020-03-13T02:01:01.754Z,sell,1.872e-05,152.0,0.00284544
BRD/BTC,1584064889384,2020-03-13T02:01:29.384Z,sell,1.869e-05,939.0,0.01754991
BRD/BTC,1584064889384,2020-03-13T02:01:29.384Z,sell,1.869e-05,328.0,0.00613032
BRD/BTC,1584064889384,2020-03-13T02:01:29.384Z,sell,1.868e-05,257.0,0.00480076
BRD/BTC,1584064907033,2020-03-13T02:01:47.033Z,sell,1.868e-05,154.0,0.00287672
BRD/BTC,1584064907033,2020-03-13T02:01:47.033Z,sell,1.864e-05,54.0,0.00100656
BRD/BTC,1584064907033,2020-03-13T02:01:47.033Z,sell,1.861e-05,85.0,0.0015818499999999
BRD/BTC,1584064911694,2020-03-13T02:01:51.694Z,sell,1.859e-05,741.0,0.01377519
BRD/BTC,1584064927430,2020-03-13T02:02:07.430Z,sell,1.856e-05,323.0,0.0059948799999999
BRD/BTC,1584064930941,2020-03-13T02:02:10.941Z,sell,1.852e-05,716.0,0.0132603199999999
BRD/BTC,1584064932352,2020-03-13T02:02:12.352Z,sell,1.851e-05,51.0,0.00094401
BRD/BTC,1584064935752,2020-03-13T02:02:15.752Z,sell,1.846e-05,257.0,0.0047442199999999
BRD/BTC,1584064935752,2020-03-13T02:02:15.752Z,sell,1.846e-05,25.0,0.0004615
BRD/BTC,1584064935752,2020-03-13T02:02:15.752Z,sell,1.845e-05,162.0,0.0029889
BRD/BTC,1584064935841,2020-03-13T02:02:15.841Z,sell,1.846e-05,2359.0,0.04354714
BRD/BTC,1584064939767,2020-03-13T02:02:19.767Z,sell,1.848e-05,112.0,0.00206976
BRD/BTC,1584064955592,2020-03-13T02:02:35.592Z,sell,1.846e-05,83.0,0.00153218
BRD/BTC,1584064956042,2020-03-13T02:02:36.042Z,sell,1.846e-05,166.0,0.00306436
BRD/BTC,1584064959035,2020-03-13T02:02:39.035Z,buy,1.852e-05,6.0,0.0001111199999999
BRD/BTC,1584064959411,2020-03-13T02:02:39.411Z,sell,1.846e-05,25.0,0.0004615
BRD/BTC,1584064960390,2020-03-13T02:02:40.390Z,sell,1.846e-05,19.0,0.00035074
BRD/BTC,1584064960710,2020-03-13T02:02:40.710Z,sell,1.846e-05,239.0,0.00441194
BRD/BTC,1584064960715,2020-03-13T02:02:40.715Z,sell,1.845e-05,35.0,0.00064575
BRD/BTC,1584064960716,2020-03-13T02:02:40.716Z,sell,1.845e-05,35.0,0.00064575
BRD/BTC,1584064960719,2020-03-13T02:02:40.719Z,sell,1.845e-05,35.0,0.00064575
BRD/BTC,1584064960719,2020-03-13T02:02:40.719Z,sell,1.845e-05,35.0,0.00064575
BRD/BTC,1584064960719,2020-03-13T02:02:40.719Z,sell,1.845e-05,35.0,0.00064575
BRD/BTC,1584064960720,2020-03-13T02:02:40.720Z,sell,1.845e-05,35.0,0.00064575
BRD/BTC,1584064960751,2020-03-13T02:02:40.751Z,sell,1.845e-05,274.0,0.0050553
BRD/BTC,1584064961579,2020-03-13T02:02:41.579Z,sell,1.845e-05,160.0,0.002952
BRD/BTC,1584064961583,2020-03-13T02:02:41.583Z,sell,1.845e-05,81.0,0.00149445
BRD/BTC,1584064964537,2020-03-13T02:02:44.537Z,sell,1.845e-05,14.0,0.0002583
BRD/BTC,1584064964552,2020-03-13T02:02:44.552Z,sell,1.845e-05,86.0,0.0015867
BRD/BTC,1584064964631,2020-03-13T02:02:44.631Z,sell,1.845e-05,14.0,0.0002583
BRD/BTC,1584064964768,2020-03-13T02:02:44.768Z,sell,1.845e-05,13.0,0.00023985
BRD/BTC,1584064964937,2020-03-13T02:02:44.937Z,sell,1.845e-05,248.0,0.0045756
BRD/BTC,1584064965035,2020-03-13T02:02:45.035Z,sell,1.845e-05,103.0,0.00190035
BRD/BTC,1584064965088,2020-03-13T02:02:45.088Z,sell,1.845e-05,607.0,0.01119915
BRD/BTC,1584064965189,2020-03-13T02:02:45.189Z,sell,1.843e-05,106.0,0.00195358
BRD/BTC,1584064965189,2020-03-13T02:02:45.189Z,sell,1.837e-05,11.0,0.00020207
BRD/BTC,1584064965189,2020-03-13T02:02:45.189Z,sell,1.83e-05,25.0,0.0004575
BRD/BTC,1584064965189,2020-03-13T02:02:45.189Z,sell,1.827e-05,97.0,0.0017721899999999
BRD/BTC,1584064965189,2020-03-13T02:02:45.189Z,sell,1.827e-05,50.0,0.0009135
BRD/BTC,1584064968970,2020-03-13T02:02:48.970Z,sell,1.836e-05,284.0,0.00521424
BRD/BTC,1584064968970,2020-03-13T02:02:48.970Z,sell,1.835e-05,470.0,0.0086245
BRD/BTC,1584064968970,2020-03-13T02:02:48.970Z,sell,1.827e-05,264.0,0.00482328
BRD/BTC,1584064968970,2020-03-13T02:02:48.970Z,sell,1.823e-05,6.0,0.00010938
BRD/BTC,1584064968970,2020-03-13T02:02:48.970Z,sell,1.818e-05,29.0,0.00052722
BRD/BTC,1584064969722,2020-03-13T02:02:49.722Z,sell,1.818e-05,100.0,0.001818
BRD/BTC,1584064970358,2020-03-13T02:02:50.358Z,sell,1.818e-05,91.0,0.0016543799999999
BRD/BTC,1584064970358,2020-03-13T02:02:50.358Z,sell,1.81e-05,300.0,0.00543
BRD/BTC,1584064970358,2020-03-13T02:02:50.358Z,sell,1.809e-05,1764.0,0.03191076
BRD/BTC,1584064970358,2020-03-13T02:02:50.358Z,sell,1.808e-05,644.0,0.01164352
BRD/BTC,1584064985406,2020-03-13T02:03:05.406Z,sell,1.805e-05,209.0,0.00377245
BRD/BTC,1584065011938,2020-03-13T02:03:31.938Z,sell,1.824e-05,375.0,0.00684
BRD/BTC,1584065013674,2020-03-13T02:03:33.674Z,sell,1.824e-05,1263.0,0.02303712
BRD/BTC,1584065016211,2020-03-13T02:03:36.211Z,buy,1.836e-05,27.0,0.00049572
BRD/BTC,1584065025802,2020-03-13T02:03:45.802Z,sell,1.813e-05,274.0,0.00496762
BRD/BTC,1584065030000,2020-03-13T02:03:50.000Z,sell,1.809e-05,18.0,0.00032562
BRD/BTC,1584065030794,2020-03-13T02:03:50.794Z,sell,1.812e-05,209.0,0.00378708
BRD/BTC,1584065032073,2020-03-13T02:03:52.073Z,sell,1.816e-05,499.0,0.00906184
BRD/BTC,1584065040027,2020-03-13T02:04:00.027Z,sell,1.816e-05,20.0,0.0003632
BRD/BTC,1584065040027,2020-03-13T02:04:00.027Z,sell,1.812e-05,27.0,0.0004892399999999
BRD/BTC,1584065040027,2020-03-13T02:04:00.027Z,sell,1.809e-05,67.0,0.00121203
BRD/BTC,1584065041012,2020-03-13T02:04:01.012Z,sell,1.808e-05,11.0,0.00019888
BRD/BTC,1584065044037,2020-03-13T02:04:04.037Z,sell,1.803e-05,261.0,0.0047058299999999
BRD/BTC,1584065054095,2020-03-13T02:04:14.095Z,sell,1.803e-05,154.0,0.0027766199999999
BRD/BTC,1584065054150,2020-03-13T02:04:14.150Z,sell,1.803e-05,126.0,0.0022717799999999
BRD/BTC,1584065055440,2020-03-13T02:04:15.440Z,sell,1.806e-05,76.0,0.00137256
BRD/BTC,1584065058783,2020-03-13T02:04:18.783Z,sell,1.806e-05,74.0,0.00133644
BRD/BTC,1584065059794,2020-03-13T02:04:19.794Z,sell,1.806e-05,31.0,0.00055986
BRD/BTC,1584065059794,2020-03-13T02:04:19.794Z,sell,1.803e-05,36.0,0.0006490799999999
BRD/BTC,1584065060131,2020-03-13T02:04:20.131Z,sell,1.803e-05,202.0,0.0036420599999999
BRD/BTC,1584065060135,2020-03-13T02:04:20.135Z,sell,1.803e-05,11539.0,0.2080481699999999
BRD/BTC,1584065060135,2020-03-13T02:04:20.135Z,sell,1.802e-05,977.0,0.01760554
BRD/BTC,1584065060135,2020-03-13T02:04:20.135Z,sell,1.802e-05,1110.0,0.0200022
BRD/BTC,1584065061974,2020-03-13T02:04:21.974Z,sell,1.802e-05,13.0,0.00023426
BRD/BTC,1584065062028,2020-03-13T02:04:22.028Z,sell,1.802e-05,322.0,0.00580244
BRD/BTC,1584065062238,2020-03-13T02:04:22.238Z,sell,1.802e-05,240.0,0.0043248
BRD/BTC,1584065062427,2020-03-13T02:04:22.427Z,sell,1.802e-05,13.0,0.00023426
BRD/BTC,1584065062518,2020-03-13T02:04:22.518Z,sell,1.802e-05,483.0,0.00870366
BRD/BTC,1584065063104,2020-03-13T02:04:23.104Z,buy,1.842e-05,152.0,0.00279984
BRD/BTC,1584065063234,2020-03-13T02:04:23.234Z,sell,1.805e-05,13.0,0.00023465
BRD/BTC,1584065063507,2020-03-13T02:04:23.507Z,sell,1.805e-05,13.0,0.00023465
BRD/BTC,1584065063624,2020-03-13T02:04:23.624Z,sell,1.805e-05,107.0,0.00193135
BRD/BTC,1584065063659,2020-03-13T02:04:23.659Z,sell,1.805e-05,31.0,0.00055955
BRD/BTC,1584065063659,2020-03-13T02:04:23.659Z,sell,1.802e-05,76.0,0.00136952
BRD/BTC,1584065063876,2020-03-13T02:04:23.876Z,sell,1.802e-05,100.0,0.001802
BRD/BTC,1584065064039,2020-03-13T02:04:24.039Z,sell,1.806e-05,13.0,0.00023478
BRD/BTC,1584065064076,2020-03-13T02:04:24.076Z,sell,1.802e-05,337.0,0.00607274
BRD/BTC,1584065064144,2020-03-13T02:04:24.144Z,sell,1.802e-05,283.0,0.00509966
BRD/BTC,1584065064517,2020-03-13T02:04:24.517Z,sell,1.803e-05,13.0,0.0002343899999999
BRD/BTC,1584065064607,2020-03-13T02:04:24.607Z,sell,1.803e-05,28.0,0.00050484
BRD/BTC,1584065064745,2020-03-13T02:04:24.745Z,sell,1.803e-05,27.0,0.0004868099999999
BRD/BTC,1584065064792,2020-03-13T02:04:24.792Z,sell,1.803e-05,13.0,0.0002343899999999
BRD/BTC,1584065065258,2020-03-13T02:04:25.258Z,sell,1.803e-05,13.0,0.0002343899999999
BRD/BTC,1584065065574,2020-03-13T02:04:25.574Z,sell,1.802e-05,273.0,0.00491946
BRD/BTC,1584065065769,2020-03-13T02:04:25.769Z,sell,1.802e-05,13.0,0.00023426
BRD/BTC,1584065067934,2020-03-13T02:04:27.934Z,sell,1.802e-05,446.0,0.00803692
BRD/BTC,1584065069584,2020-03-13T02:04:29.584Z,sell,1.802e-05,556.0,0.01001912
BRD/BTC,1584065083459,2020-03-13T02:04:43.459Z,sell,1.803e-05,294.0,0.0053008199999999
BRD/BTC,1584065099442,2020-03-13T02:04:59.442Z,sell,1.805e-05,995.0,0.01795975
BRD/BTC,1584065104419,2020-03-13T02:05:04.419Z,sell,1.804e-05,143.0,0.00257972
BRD/BTC,1584065104479,2020-03-13T02:05:04.479Z,sell,1.804e-05,14.0,0.00025256
BRD/BTC,1584065108373,2020-03-13T02:05:08.373Z,sell,1.803e-05,27.0,0.0004868099999999
BRD/BTC,1584065110121,2020-03-13T02:05:10.121Z,sell,1.803e-05,536.0,0.0096640799999999
BRD/BTC,1584065122215,2020-03-13T02:05:22.215Z,sell,1.803e-05,1047.0,0.0188774099999999
BRD/BTC,1584065125187,2020-03-13T02:05:25.187Z,sell,1.803e-05,420.0,0.0075726
BRD/BTC,1584065147319,2020-03-13T02:05:47.319Z,sell,1.804e-05,30.0,0.0005412
BRD/BTC,1584065158160,2020-03-13T02:05:58.160Z,sell,1.804e-05,610.0,0.0110044
BRD/BTC,1584065172778,2020-03-13T02:06:12.778Z,sell,1.803e-05,1821.0,0.0328326299999999
BRD/BTC,1584065172786,2020-03-13T02:06:12.786Z,sell,1.803e-05,49.0,0.0008834699999999
BRD/BTC,1584065172788,2020-03-13T02:06:12.788Z,sell,1.803e-05,1771.0,0.0319311299999999
BRD/BTC,1584065194000,2020-03-13T02:06:34.000Z,buy,1.826e-05,554.0,0.01011604
BRD/BTC,1584065271887,2020-03-13T02:07:51.887Z,sell,1.804e-05,67.0,0.00120868
BRD/BTC,1584065284807,2020-03-13T02:08:04.807Z,sell,1.804e-05,401.0,0.00723404
BRD/BTC,1584065284807,2020-03-13T02:08:04.807Z,sell,1.803e-05,524.0,0.00944772
BRD/BTC,1584065297752,2020-03-13T02:08:17.752Z,sell,1.804e-05,288.0,0.00519552
BRD/BTC,1584065302598,2020-03-13T02:08:22.598Z,buy,1.821e-05,7000.0,0.12747
BRD/BTC,1584065303912,2020-03-13T02:08:23.912Z,sell,1.804e-05,323.0,0.00582692
BRD/BTC,1584065413826,2020-03-13T02:10:13.826Z,sell,1.813e-05,29.0,0.00052577
BRD/BTC,1584065413826,2020-03-13T02:10:13.826Z,sell,1.812e-05,65.0,0.0011778
BRD/BTC,1584065413826,2020-03-13T02:10:13.826Z,sell,1.811e-05,200.0,0.003622
