symbol,timestamp,datetime,side,price,amount,btc_volume
BTS/BTC,1562519703960,2019-07-07T17:15:03.960Z,buy,5.34e-06,297.0,0.0015859799999999
BTS/BTC,1562519756365,2019-07-07T17:15:56.365Z,buy,5.34e-06,824.0,0.00440016
BTS/BTC,1562519756712,2019-07-07T17:15:56.712Z,sell,5.34e-06,112.0,0.00059808
BTS/BTC,1562519807148,2019-07-07T17:16:47.148Z,buy,5.35e-06,189.0,0.00101115
BTS/BTC,1562520041224,2019-07-07T17:20:41.224Z,sell,5.33e-06,202.0,0.00107666
BTS/BTC,1562520044309,2019-07-07T17:20:44.309Z,buy,5.34e-06,202.0,0.0010786799999999
BTS/BTC,1562520633531,2019-07-07T17:30:33.531Z,sell,5.33e-06,203.0,0.00108199
BTS/BTC,1562520645828,2019-07-07T17:30:45.828Z,sell,5.33e-06,1067.0,0.0056871099999999
BTS/BTC,1562520646121,2019-07-07T17:30:46.121Z,buy,5.33e-06,769.0,0.00409877
BTS/BTC,1562520646132,2019-07-07T17:30:46.132Z,buy,5.33e-06,34.0,0.00018122
BTS/BTC,1562520646132,2019-07-07T17:30:46.132Z,buy,5.34e-06,203.0,0.00108402
BTS/BTC,1562520646782,2019-07-07T17:30:46.782Z,sell,5.34e-06,63.0,0.00033642
BTS/BTC,1562520692947,2019-07-07T17:31:32.947Z,sell,5.33e-06,249.0,0.00132717
BTS/BTC,1562521000943,2019-07-07T17:36:40.943Z,buy,5.34e-06,389.0,0.00207726
BTS/BTC,1562521054333,2019-07-07T17:37:34.333Z,buy,5.34e-06,209.0,0.0011160599999999
BTS/BTC,1562521231723,2019-07-07T17:40:31.723Z,sell,5.33e-06,203.0,0.00108199
BTS/BTC,1562521258827,2019-07-07T17:40:58.827Z,sell,5.33e-06,1075.0,0.00572975
BTS/BTC,1562521259830,2019-07-07T17:40:59.830Z,sell,5.33e-06,581.0,0.00309673
BTS/BTC,1562521275470,2019-07-07T17:41:15.470Z,sell,5.32e-06,752.0,0.00400064
BTS/BTC,1562521308417,2019-07-07T17:41:48.417Z,sell,5.32e-06,4865.0,0.0258818
BTS/BTC,1562521387832,2019-07-07T17:43:07.832Z,sell,5.33e-06,1202.0,0.00640666
BTS/BTC,1562521409631,2019-07-07T17:43:29.631Z,buy,5.34e-06,516.0,0.0027554399999999
BTS/BTC,1562521417584,2019-07-07T17:43:37.584Z,buy,5.34e-06,19190.0,0.1024746
BTS/BTC,1562521519369,2019-07-07T17:45:19.369Z,buy,5.35e-06,300.0,0.0016049999999999
BTS/BTC,1562521535215,2019-07-07T17:45:35.215Z,buy,5.35e-06,370.0,0.0019795
BTS/BTC,1562521556042,2019-07-07T17:45:56.042Z,sell,5.34e-06,1000.0,0.0053399999999999
BTS/BTC,1562521755361,2019-07-07T17:49:15.361Z,sell,5.34e-06,1073.0,0.00572982
BTS/BTC,1562521755385,2019-07-07T17:49:15.385Z,sell,5.34e-06,2739.0,0.0146262599999999
BTS/BTC,1562521777321,2019-07-07T17:49:37.321Z,sell,5.33e-06,1980.0,0.0105534
BTS/BTC,1562521777343,2019-07-07T17:49:37.343Z,sell,5.33e-06,8810.0,0.0469573
BTS/BTC,1562521781845,2019-07-07T17:49:41.845Z,sell,5.32e-06,23311.0,0.12401452
BTS/BTC,1562521787847,2019-07-07T17:49:47.847Z,sell,5.31e-06,225.0,0.00119475
BTS/BTC,1562521793846,2019-07-07T17:49:53.846Z,sell,5.3e-06,7948.0,0.0421244
BTS/BTC,1562521801848,2019-07-07T17:50:01.848Z,sell,5.29e-06,208.0,0.00110032
BTS/BTC,1562521802814,2019-07-07T17:50:02.814Z,buy,5.3e-06,500.0,0.00265
BTS/BTC,1562521803267,2019-07-07T17:50:03.267Z,buy,5.3e-06,291.0,0.0015423
BTS/BTC,1562521852293,2019-07-07T17:50:52.293Z,sell,5.29e-06,227.0,0.00120083
BTS/BTC,1562521891654,2019-07-07T17:51:31.654Z,buy,5.31e-06,932.0,0.00494892
BTS/BTC,1562521894764,2019-07-07T17:51:34.764Z,buy,5.31e-06,967.0,0.00513477
BTS/BTC,1562521894764,2019-07-07T17:51:34.764Z,buy,5.31e-06,1371.0,0.00728001
BTS/BTC,1562521895490,2019-07-07T17:51:35.490Z,buy,5.31e-06,1704.0,0.00904824
BTS/BTC,1562521896473,2019-07-07T17:51:36.473Z,buy,5.31e-06,323.0,0.00171513
BTS/BTC,1562521896619,2019-07-07T17:51:36.619Z,buy,5.31e-06,682.0,0.00362142
BTS/BTC,1562521896619,2019-07-07T17:51:36.619Z,buy,5.32e-06,29.0,0.00015428
BTS/BTC,1562521898281,2019-07-07T17:51:38.281Z,buy,5.31e-06,455.0,0.00241605
BTS/BTC,1562521898466,2019-07-07T17:51:38.466Z,buy,5.31e-06,155.0,0.00082305
BTS/BTC,1562521898466,2019-07-07T17:51:38.466Z,buy,5.32e-06,145.0,0.0007714
BTS/BTC,1562521905279,2019-07-07T17:51:45.279Z,buy,5.32e-06,391.0,0.00208012
BTS/BTC,1562522131417,2019-07-07T17:55:31.417Z,buy,5.3e-06,783.0,0.0041499
BTS/BTC,1562522144770,2019-07-07T17:55:44.770Z,buy,5.3e-06,1700.0,0.00901
BTS/BTC,1562522154746,2019-07-07T17:55:54.746Z,buy,5.3e-06,999.0,0.0052947
BTS/BTC,1562522157706,2019-07-07T17:55:57.706Z,buy,5.3e-06,2196.0,0.0116388
BTS/BTC,1562522168136,2019-07-07T17:56:08.136Z,buy,5.3e-06,630.0,0.003339
BTS/BTC,1562522215460,2019-07-07T17:56:55.460Z,sell,5.29e-06,190.0,0.0010051
BTS/BTC,1562522215460,2019-07-07T17:56:55.460Z,sell,5.28e-06,11.0,5.808e-05
BTS/BTC,1562522223357,2019-07-07T17:57:03.357Z,sell,5.28e-06,2494.0,0.01316832
BTS/BTC,1562522303997,2019-07-07T17:58:23.997Z,buy,5.29e-06,300.0,0.001587
BTS/BTC,1562522304952,2019-07-07T17:58:24.952Z,buy,5.29e-06,432.0,0.00228528
BTS/BTC,1562522305949,2019-07-07T17:58:25.949Z,buy,5.29e-06,434.0,0.00229586
BTS/BTC,1562522306073,2019-07-07T17:58:26.073Z,buy,5.29e-06,300.0,0.001587
BTS/BTC,1562522312144,2019-07-07T17:58:32.144Z,buy,5.29e-06,2421.0,0.01280709
BTS/BTC,1562522320866,2019-07-07T17:58:40.866Z,buy,5.29e-06,1551.0,0.00820479
BTS/BTC,1562522360441,2019-07-07T17:59:20.441Z,sell,5.28e-06,499.0,0.00263472
BTS/BTC,1562522362635,2019-07-07T17:59:22.635Z,buy,5.29e-06,1387.0,0.00733723
BTS/BTC,1562522362635,2019-07-07T17:59:22.635Z,buy,5.29e-06,1387.0,0.00733723
BTS/BTC,1562522450107,2019-07-07T18:00:50.107Z,buy,5.28e-06,273.0,0.00144144
BTS/BTC,1562522450107,2019-07-07T18:00:50.107Z,buy,5.29e-06,29.0,0.00015341
BTS/BTC,1562522472824,2019-07-07T18:01:12.824Z,buy,5.29e-06,932.0,0.00493028
BTS/BTC,1562522472836,2019-07-07T18:01:12.836Z,buy,5.29e-06,932.0,0.00493028
BTS/BTC,1562522472892,2019-07-07T18:01:12.892Z,buy,5.29e-06,932.0,0.00493028
BTS/BTC,1562522710460,2019-07-07T18:05:10.460Z,buy,5.29e-06,948.0,0.00501492
BTS/BTC,1562522736708,2019-07-07T18:05:36.708Z,buy,5.29e-06,93.0,0.00049197
BTS/BTC,1562522736708,2019-07-07T18:05:36.708Z,buy,5.3e-06,213.0,0.0011289
BTS/BTC,1562522765519,2019-07-07T18:06:05.519Z,buy,5.3e-06,496.0,0.0026288
BTS/BTC,1562522773165,2019-07-07T18:06:13.165Z,buy,5.3e-06,6764.0,0.0358492
BTS/BTC,1562522855117,2019-07-07T18:07:35.117Z,buy,5.3e-06,88.0,0.0004664
BTS/BTC,1562522855117,2019-07-07T18:07:35.117Z,buy,5.31e-06,216.0,0.00114696
BTS/BTC,1562523071504,2019-07-07T18:11:11.504Z,buy,5.29e-06,300.0,0.001587
BTS/BTC,1562523071807,2019-07-07T18:11:11.807Z,buy,5.29e-06,1.0,5.29e-06
BTS/BTC,1562523071901,2019-07-07T18:11:11.901Z,sell,5.3e-06,899.0,0.0047647
BTS/BTC,1562523129324,2019-07-07T18:12:09.324Z,buy,5.3e-06,663.0,0.0035139
BTS/BTC,1562523129324,2019-07-07T18:12:09.324Z,buy,5.31e-06,3741.0,0.01986471
BTS/BTC,1562523205122,2019-07-07T18:13:25.122Z,sell,5.28e-06,1398.0,0.00738144
BTS/BTC,1562523206188,2019-07-07T18:13:26.188Z,buy,5.3e-06,1187.0,0.0062911
BTS/BTC,1562523206357,2019-07-07T18:13:26.357Z,buy,5.3e-06,211.0,0.0011183
BTS/BTC,1562523216663,2019-07-07T18:13:36.663Z,buy,5.31e-06,300.0,0.001593
BTS/BTC,1562523220490,2019-07-07T18:13:40.490Z,buy,5.31e-06,300.0,0.001593
BTS/BTC,1562523221246,2019-07-07T18:13:41.246Z,buy,5.31e-06,443.0,0.00235233
BTS/BTC,1562523221840,2019-07-07T18:13:41.840Z,buy,5.31e-06,608.0,0.00322848
BTS/BTC,1562523237485,2019-07-07T18:13:57.485Z,buy,5.31e-06,287.0,0.00152397
BTS/BTC,1562523283422,2019-07-07T18:14:43.422Z,buy,5.31e-06,2137.0,0.01134747
BTS/BTC,1562523290508,2019-07-07T18:14:50.508Z,buy,5.31e-06,2099.0,0.01114569
BTS/BTC,1562523308650,2019-07-07T18:15:08.650Z,sell,5.28e-06,948.0,0.00500544
BTS/BTC,1562523381864,2019-07-07T18:16:21.864Z,sell,5.28e-06,1486.0,0.00784608
BTS/BTC,1562523392095,2019-07-07T18:16:32.095Z,sell,5.27e-06,4634.0,0.02442118
BTS/BTC,1562523394717,2019-07-07T18:16:34.717Z,sell,5.27e-06,942.0,0.00496434
BTS/BTC,1562523395093,2019-07-07T18:16:35.093Z,buy,5.3e-06,1130.0,0.005989
BTS/BTC,1562523405940,2019-07-07T18:16:45.940Z,buy,5.29e-06,868.0,0.00459172
BTS/BTC,1562523405943,2019-07-07T18:16:45.943Z,buy,5.29e-06,695.0,0.00367655
BTS/BTC,1562523405943,2019-07-07T18:16:45.943Z,buy,5.3e-06,860.0,0.004558
BTS/BTC,1562523405991,2019-07-07T18:16:45.991Z,buy,5.3e-06,434.0,0.0023002
BTS/BTC,1562523406088,2019-07-07T18:16:46.088Z,buy,5.3e-06,602.0,0.0031906
BTS/BTC,1562523406921,2019-07-07T18:16:46.921Z,sell,5.3e-06,5613.0,0.0297489
BTS/BTC,1562523411342,2019-07-07T18:16:51.342Z,sell,5.28e-06,797.0,0.00420816
BTS/BTC,1562523411342,2019-07-07T18:16:51.342Z,sell,5.27e-06,311.0,0.00163897
BTS/BTC,1562523427990,2019-07-07T18:17:07.990Z,sell,5.27e-06,1336.0,0.00704072
BTS/BTC,1562523430722,2019-07-07T18:17:10.722Z,sell,5.27e-06,215.0,0.00113305
BTS/BTC,1562523433346,2019-07-07T18:17:13.346Z,sell,5.27e-06,339.0,0.00178653
BTS/BTC,1562523433404,2019-07-07T18:17:13.404Z,sell,5.26e-06,460.0,0.0024195999999999
BTS/BTC,1562523447253,2019-07-07T18:17:27.253Z,sell,5.28e-06,554.0,0.00292512
BTS/BTC,1562523447253,2019-07-07T18:17:27.253Z,sell,5.27e-06,1672.0,0.00881144
BTS/BTC,1562523447371,2019-07-07T18:17:27.371Z,sell,5.27e-06,2840.0,0.0149668
BTS/BTC,1562523453459,2019-07-07T18:17:33.459Z,sell,5.27e-06,860.0,0.0045322
BTS/BTC,1562523454378,2019-07-07T18:17:34.378Z,sell,5.27e-06,715.0,0.00376805
BTS/BTC,1562523454378,2019-07-07T18:17:34.378Z,sell,5.26e-06,715.0,0.0037608999999999
BTS/BTC,1562523473599,2019-07-07T18:17:53.599Z,sell,5.26e-06,9985.0,0.0525210999999999
BTS/BTC,1562523474587,2019-07-07T18:17:54.587Z,buy,5.29e-06,451.0,0.00238579
BTS/BTC,1562523486621,2019-07-07T18:18:06.621Z,sell,5.26e-06,1062.0,0.00558612
BTS/BTC,1562523490925,2019-07-07T18:18:10.925Z,buy,5.27e-06,450.0,0.0023715
BTS/BTC,1562523492040,2019-07-07T18:18:12.040Z,sell,5.26e-06,1411.0,0.00742186
BTS/BTC,1562523496454,2019-07-07T18:18:16.454Z,sell,5.25e-06,5793.0,0.03041325
BTS/BTC,1562523498365,2019-07-07T18:18:18.365Z,sell,5.25e-06,9985.0,0.0524212499999999
BTS/BTC,1562523502806,2019-07-07T18:18:22.806Z,sell,5.25e-06,609.0,0.00319725
BTS/BTC,1562523508379,2019-07-07T18:18:28.379Z,sell,5.25e-06,426.0,0.0022364999999999
BTS/BTC,1562523521396,2019-07-07T18:18:41.396Z,sell,5.25e-06,984.0,0.005166
BTS/BTC,1562523542944,2019-07-07T18:19:02.944Z,sell,5.25e-06,11437.0,0.0600442499999999
BTS/BTC,1562523545321,2019-07-07T18:19:05.321Z,sell,5.24e-06,26185.0,0.1372093999999999
BTS/BTC,1562523560093,2019-07-07T18:19:20.093Z,sell,5.24e-06,1522.0,0.00797528
BTS/BTC,1562523564352,2019-07-07T18:19:24.352Z,sell,5.25e-06,2000.0,0.0104999999999999
BTS/BTC,1562523572035,2019-07-07T18:19:32.035Z,sell,5.23e-06,30002.0,0.15691046
BTS/BTC,1562523573515,2019-07-07T18:19:33.515Z,buy,5.25e-06,796.0,0.0041789999999999
BTS/BTC,1562523573515,2019-07-07T18:19:33.515Z,buy,5.26e-06,303.0,0.00159378
BTS/BTC,1562523574052,2019-07-07T18:19:34.052Z,buy,5.26e-06,398.0,0.00209348
BTS/BTC,1562523575031,2019-07-07T18:19:35.031Z,buy,5.26e-06,1120.0,0.0058911999999999
BTS/BTC,1562523593235,2019-07-07T18:19:53.235Z,sell,5.25e-06,910.0,0.0047775
BTS/BTC,1562523593683,2019-07-07T18:19:53.683Z,buy,5.25e-06,4.0,2.1e-05
BTS/BTC,1562523617872,2019-07-07T18:20:17.872Z,sell,5.25e-06,381.0,0.00200025
BTS/BTC,1562523647466,2019-07-07T18:20:47.466Z,buy,5.26e-06,2621.0,0.0137864599999999
BTS/BTC,1562523647499,2019-07-07T18:20:47.499Z,buy,5.26e-06,300.0,0.001578
BTS/BTC,1562523647811,2019-07-07T18:20:47.811Z,buy,5.26e-06,166.0,0.0008731599999999
BTS/BTC,1562523647811,2019-07-07T18:20:47.811Z,buy,5.27e-06,198.0,0.00104346
BTS/BTC,1562523647811,2019-07-07T18:20:47.811Z,buy,5.27e-06,300.0,0.001581
BTS/BTC,1562523647870,2019-07-07T18:20:47.870Z,buy,5.26e-06,300.0,0.001578
BTS/BTC,1562523648529,2019-07-07T18:20:48.529Z,buy,5.26e-06,892.0,0.00469192
BTS/BTC,1562523648687,2019-07-07T18:20:48.687Z,buy,5.26e-06,159.0,0.00083634
BTS/BTC,1562523648687,2019-07-07T18:20:48.687Z,buy,5.27e-06,164.0,0.00086428
BTS/BTC,1562523648797,2019-07-07T18:20:48.797Z,buy,5.27e-06,611.0,0.00321997
BTS/BTC,1562523648805,2019-07-07T18:20:48.805Z,buy,5.27e-06,422.0,0.00222394
BTS/BTC,1562523648823,2019-07-07T18:20:48.823Z,buy,5.27e-06,862.0,0.00454274
BTS/BTC,1562523681657,2019-07-07T18:21:21.657Z,sell,5.25e-06,3282.0,0.0172305
BTS/BTC,1562523685691,2019-07-07T18:21:25.691Z,sell,5.24e-06,11521.0,0.06037004
BTS/BTC,1562523686369,2019-07-07T18:21:26.369Z,buy,5.25e-06,500.0,0.0026249999999999
BTS/BTC,1562523688779,2019-07-07T18:21:28.779Z,sell,5.24e-06,987.0,0.00517188
BTS/BTC,1562523689432,2019-07-07T18:21:29.432Z,buy,5.24e-06,3.0,1.572e-05
BTS/BTC,1562523689432,2019-07-07T18:21:29.432Z,buy,5.25e-06,298.0,0.0015645
BTS/BTC,1562523689536,2019-07-07T18:21:29.536Z,buy,5.25e-06,504.0,0.002646
BTS/BTC,1562523689948,2019-07-07T18:21:29.948Z,sell,5.26e-06,64.0,0.00033664
BTS/BTC,1562523700133,2019-07-07T18:21:40.133Z,buy,5.26e-06,903.0,0.0047497799999999
BTS/BTC,1562523704453,2019-07-07T18:21:44.453Z,sell,5.24e-06,11385.0,0.0596574
BTS/BTC,1562523728366,2019-07-07T18:22:08.366Z,sell,5.23e-06,10638.0,0.05563674
BTS/BTC,1562523731236,2019-07-07T18:22:11.236Z,sell,5.23e-06,339.0,0.00177297
BTS/BTC,1562523736439,2019-07-07T18:22:16.439Z,sell,5.23e-06,10661.0,0.05575703
BTS/BTC,1562523746105,2019-07-07T18:22:26.105Z,buy,5.25e-06,1230.0,0.0064575
BTS/BTC,1562523750547,2019-07-07T18:22:30.547Z,sell,5.24e-06,615.0,0.0032226
BTS/BTC,1562523751548,2019-07-07T18:22:31.548Z,buy,5.25e-06,373.0,0.00195825
BTS/BTC,1562523757951,2019-07-07T18:22:37.951Z,sell,5.23e-06,2292.0,0.01198716
BTS/BTC,1562523758369,2019-07-07T18:22:38.369Z,buy,5.25e-06,1260.0,0.0066149999999999
BTS/BTC,1562523762914,2019-07-07T18:22:42.914Z,sell,5.23e-06,2502.0,0.01308546
BTS/BTC,1562523778756,2019-07-07T18:22:58.756Z,sell,5.23e-06,508.0,0.00265684
BTS/BTC,1562523784271,2019-07-07T18:23:04.271Z,buy,5.24e-06,620.0,0.0032488
BTS/BTC,1562523784345,2019-07-07T18:23:04.345Z,buy,5.24e-06,347.0,0.00181828
BTS/BTC,1562523789215,2019-07-07T18:23:09.215Z,sell,5.23e-06,5747.0,0.03005681
BTS/BTC,1562523790479,2019-07-07T18:23:10.479Z,sell,5.23e-06,1309.0,0.00684607
BTS/BTC,1562523791157,2019-07-07T18:23:11.157Z,sell,5.23e-06,916.0,0.00479068
BTS/BTC,1562523797037,2019-07-07T18:23:17.037Z,sell,5.23e-06,449.0,0.00234827
BTS/BTC,1562523823865,2019-07-07T18:23:43.865Z,sell,5.23e-06,4798.0,0.02509354
BTS/BTC,1562523830294,2019-07-07T18:23:50.294Z,sell,5.23e-06,355.0,0.00185665
BTS/BTC,1562523832180,2019-07-07T18:23:52.180Z,buy,5.24e-06,507.0,0.00265668
BTS/BTC,1562523832180,2019-07-07T18:23:52.180Z,buy,5.25e-06,355.0,0.00186375
BTS/BTC,1562523851963,2019-07-07T18:24:11.963Z,buy,5.25e-06,576.0,0.0030239999999999
BTS/BTC,1562523865486,2019-07-07T18:24:25.486Z,sell,5.23e-06,4800.0,0.0251039999999999
BTS/BTC,1562523867017,2019-07-07T18:24:27.017Z,buy,5.24e-06,545.0,0.0028558
BTS/BTC,1562523868040,2019-07-07T18:24:28.040Z,buy,5.24e-06,500.0,0.00262
BTS/BTC,1562523869337,2019-07-07T18:24:29.337Z,buy,5.24e-06,300.0,0.001572
BTS/BTC,1562523870016,2019-07-07T18:24:30.016Z,buy,5.24e-06,500.0,0.00262
BTS/BTC,1562523873363,2019-07-07T18:24:33.363Z,buy,5.24e-06,300.0,0.001572
BTS/BTC,1562523882356,2019-07-07T18:24:42.356Z,buy,5.25e-06,345.0,0.00181125
BTS/BTC,1562523882356,2019-07-07T18:24:42.356Z,buy,5.26e-06,566.0,0.00297716
BTS/BTC,1562523896256,2019-07-07T18:24:56.256Z,buy,5.24e-06,595.0,0.0031178
BTS/BTC,1562523896833,2019-07-07T18:24:56.833Z,buy,5.24e-06,971.0,0.0050880399999999
BTS/BTC,1562523897960,2019-07-07T18:24:57.960Z,buy,5.24e-06,300.0,0.001572
BTS/BTC,1562523925816,2019-07-07T18:25:25.816Z,sell,5.24e-06,12332.0,0.06461968
BTS/BTC,1562523928749,2019-07-07T18:25:28.749Z,sell,5.23e-06,38162.0,0.19958726
BTS/BTC,1562523933235,2019-07-07T18:25:33.235Z,sell,5.23e-06,3000.0,0.01569
BTS/BTC,1562523936089,2019-07-07T18:25:36.089Z,sell,5.22e-06,33208.0,0.17334576
BTS/BTC,1562523959460,2019-07-07T18:25:59.460Z,sell,5.22e-06,1715.0,0.0089523
BTS/BTC,1562523961549,2019-07-07T18:26:01.549Z,sell,5.22e-06,33208.0,0.17334576
BTS/BTC,1562523980392,2019-07-07T18:26:20.392Z,sell,5.22e-06,2937.0,0.01533114
BTS/BTC,1562523982371,2019-07-07T18:26:22.371Z,sell,5.22e-06,11134.0,0.05811948
BTS/BTC,1562523984438,2019-07-07T18:26:24.438Z,sell,5.22e-06,7677.0,0.04007394
BTS/BTC,1562523986402,2019-07-07T18:26:26.402Z,sell,5.21e-06,27772.0,0.14469212
BTS/BTC,1562523986402,2019-07-07T18:26:26.402Z,sell,5.21e-06,1509.0,0.00786189
BTS/BTC,1562523986402,2019-07-07T18:26:26.402Z,sell,5.21e-06,672.0,0.00350112
BTS/BTC,1562523986402,2019-07-07T18:26:26.402Z,sell,5.2e-06,3017.0,0.0156884
BTS/BTC,1562523987605,2019-07-07T18:26:27.605Z,buy,5.23e-06,1066.0,0.00557518
BTS/BTC,1562523987610,2019-07-07T18:26:27.610Z,buy,5.23e-06,496.0,0.00259408
BTS/BTC,1562523987614,2019-07-07T18:26:27.614Z,buy,5.23e-06,1066.0,0.00557518
BTS/BTC,1562523987614,2019-07-07T18:26:27.614Z,buy,5.23e-06,799.0,0.00417877
BTS/BTC,1562524000553,2019-07-07T18:26:40.553Z,buy,5.24e-06,281.0,0.00147244
BTS/BTC,1562524000957,2019-07-07T18:26:40.957Z,sell,5.24e-06,1623.0,0.00850452
BTS/BTC,1562524007806,2019-07-07T18:26:47.806Z,sell,5.21e-06,3800.0,0.019798
BTS/BTC,1562524016726,2019-07-07T18:26:56.726Z,sell,5.22e-06,11119.0,0.05804118
BTS/BTC,1562524019437,2019-07-07T18:26:59.437Z,sell,5.21e-06,7750.0,0.0403775
BTS/BTC,1562524021742,2019-07-07T18:27:01.742Z,sell,5.21e-06,3065.0,0.01596865
BTS/BTC,1562524023822,2019-07-07T18:27:03.822Z,sell,5.2e-06,14084.0,0.0732368
BTS/BTC,1562524023822,2019-07-07T18:27:03.822Z,sell,5.19e-06,4900.0,0.025431
BTS/BTC,1562524024623,2019-07-07T18:27:04.623Z,sell,5.19e-06,673.0,0.00349287
BTS/BTC,1562524028062,2019-07-07T18:27:08.062Z,buy,5.22e-06,379.0,0.00197838
BTS/BTC,1562524028187,2019-07-07T18:27:08.187Z,buy,5.22e-06,227.0,0.00118494
BTS/BTC,1562524030363,2019-07-07T18:27:10.363Z,sell,5.2e-06,205.0,0.001066
BTS/BTC,1562524044383,2019-07-07T18:27:24.383Z,sell,5.21e-06,8613.0,0.04487373
BTS/BTC,1562524045306,2019-07-07T18:27:25.306Z,buy,5.22e-06,627.0,0.00327294
BTS/BTC,1562524059490,2019-07-07T18:27:39.490Z,sell,5.2e-06,9335.0,0.048542
BTS/BTC,1562524068757,2019-07-07T18:27:48.757Z,sell,5.2e-06,9999.0,0.0519948
BTS/BTC,1562524068916,2019-07-07T18:27:48.916Z,buy,5.21e-06,1824.0,0.00950304
BTS/BTC,1562524068927,2019-07-07T18:27:48.927Z,buy,5.21e-06,1350.0,0.0070335
BTS/BTC,1562524069820,2019-07-07T18:27:49.820Z,buy,5.2e-06,299.0,0.0015548
BTS/BTC,1562524069856,2019-07-07T18:27:49.856Z,buy,5.2e-06,424.0,0.0022048
BTS/BTC,1562524069970,2019-07-07T18:27:49.970Z,buy,5.2e-06,4497.0,0.0233844
BTS/BTC,1562524071152,2019-07-07T18:27:51.152Z,sell,5.2e-06,2786.0,0.0144872
BTS/BTC,1562524071173,2019-07-07T18:27:51.173Z,buy,5.2e-06,304.0,0.0015808
BTS/BTC,1562524071173,2019-07-07T18:27:51.173Z,buy,5.21e-06,2583.0,0.01345743
BTS/BTC,1562524072148,2019-07-07T18:27:52.148Z,sell,5.2e-06,808.0,0.0042016
BTS/BTC,1562524072148,2019-07-07T18:27:52.148Z,sell,5.19e-06,1978.0,0.01026582
BTS/BTC,1562524075107,2019-07-07T18:27:55.107Z,sell,5.2e-06,9999.0,0.0519948
BTS/BTC,1562524079489,2019-07-07T18:27:59.489Z,sell,5.2e-06,9999.0,0.0519948
BTS/BTC,1562524082808,2019-07-07T18:28:02.808Z,sell,5.2e-06,11983.0,0.0623116
BTS/BTC,1562524085446,2019-07-07T18:28:05.446Z,sell,5.2e-06,11983.0,0.0623116
BTS/BTC,1562524096327,2019-07-07T18:28:16.327Z,sell,5.2e-06,13400.0,0.06968
BTS/BTC,1562524100387,2019-07-07T18:28:20.387Z,sell,5.2e-06,13401.0,0.0696852
BTS/BTC,1562524102027,2019-07-07T18:28:22.027Z,sell,5.19e-06,15082.0,0.07827558
BTS/BTC,1562524102027,2019-07-07T18:28:22.027Z,sell,5.18e-06,1484.0,0.00768712
BTS/BTC,1562524109541,2019-07-07T18:28:29.541Z,buy,5.2e-06,808.0,0.0042016
BTS/BTC,1562524109541,2019-07-07T18:28:29.541Z,buy,5.21e-06,1033.0,0.00538193
BTS/BTC,1562524110660,2019-07-07T18:28:30.660Z,sell,5.19e-06,810.0,0.0042039
BTS/BTC,1562524111923,2019-07-07T18:28:31.923Z,buy,5.2e-06,769.0,0.0039988
BTS/BTC,1562524112281,2019-07-07T18:28:32.281Z,buy,5.2e-06,41.0,0.0002132
BTS/BTC,1562524116677,2019-07-07T18:28:36.677Z,buy,5.21e-06,768.0,0.00400128
BTS/BTC,1562524118100,2019-07-07T18:28:38.100Z,sell,5.2e-06,259.0,0.0013468
BTS/BTC,1562524120707,2019-07-07T18:28:40.707Z,sell,5.19e-06,13394.0,0.06951486
BTS/BTC,1562524125830,2019-07-07T18:28:45.830Z,buy,5.21e-06,395.0,0.00205795
BTS/BTC,1562524128354,2019-07-07T18:28:48.354Z,buy,5.21e-06,412.0,0.00214652
BTS/BTC,1562524131990,2019-07-07T18:28:51.990Z,buy,5.23e-06,1162.0,0.00607726
BTS/BTC,1562524140192,2019-07-07T18:29:00.192Z,sell,5.2e-06,806.0,0.0041912
BTS/BTC,1562524142533,2019-07-07T18:29:02.533Z,sell,5.2e-06,5221.0,0.0271492
BTS/BTC,1562524145100,2019-07-07T18:29:05.100Z,sell,5.2e-06,2863.0,0.0148876
BTS/BTC,1562524149509,2019-07-07T18:29:09.509Z,sell,5.2e-06,7163.0,0.0372476
BTS/BTC,1562524171268,2019-07-07T18:29:31.268Z,sell,5.2e-06,1799.0,0.0093548
BTS/BTC,1562524176581,2019-07-07T18:29:36.581Z,sell,5.2e-06,1260.0,0.006552
BTS/BTC,1562524182350,2019-07-07T18:29:42.350Z,sell,5.2e-06,882.0,0.0045864
BTS/BTC,1562524190183,2019-07-07T18:29:50.183Z,buy,5.21e-06,397.0,0.00206837
BTS/BTC,1562524190363,2019-07-07T18:29:50.363Z,buy,5.21e-06,220.0,0.0011462
BTS/BTC,1562524190363,2019-07-07T18:29:50.363Z,buy,5.22e-06,304.0,0.00158688
BTS/BTC,1562524190489,2019-07-07T18:29:50.489Z,buy,5.22e-06,492.0,0.00256824
BTS/BTC,1562524191046,2019-07-07T18:29:51.046Z,sell,5.2e-06,8523.0,0.0443196
BTS/BTC,1562524192323,2019-07-07T18:29:52.323Z,buy,5.21e-06,259.0,0.00134939
BTS/BTC,1562524192445,2019-07-07T18:29:52.445Z,buy,5.21e-06,173.0,0.00090133
BTS/BTC,1562524192445,2019-07-07T18:29:52.445Z,buy,5.22e-06,190.0,0.0009918
BTS/BTC,1562524192506,2019-07-07T18:29:52.506Z,buy,5.22e-06,323.0,0.00168606
BTS/BTC,1562524192591,2019-07-07T18:29:52.591Z,buy,5.22e-06,339.0,0.00176958
BTS/BTC,1562524192903,2019-07-07T18:29:52.903Z,sell,5.2e-06,798.0,0.0041496
BTS/BTC,1562524195750,2019-07-07T18:29:55.750Z,sell,5.2e-06,503.0,0.0026156
BTS/BTC,1562524196144,2019-07-07T18:29:56.144Z,buy,5.22e-06,229.0,0.00119538
BTS/BTC,1562524198682,2019-07-07T18:29:58.682Z,sell,5.2e-06,13030.0,0.067756
BTS/BTC,1562524204597,2019-07-07T18:30:04.597Z,sell,5.19e-06,10610.0,0.0550659
BTS/BTC,1562524211399,2019-07-07T18:30:11.399Z,sell,5.19e-06,571.0,0.00296349
BTS/BTC,1562524216832,2019-07-07T18:30:16.832Z,sell,5.18e-06,210.0,0.0010878
BTS/BTC,1562524221435,2019-07-07T18:30:21.435Z,sell,5.19e-06,7306.0,0.03791814
BTS/BTC,1562524228456,2019-07-07T18:30:28.456Z,sell,5.19e-06,7305.0,0.03791295
BTS/BTC,1562524238395,2019-07-07T18:30:38.395Z,sell,5.19e-06,3010.0,0.0156219
BTS/BTC,1562524273643,2019-07-07T18:31:13.643Z,sell,5.2e-06,42326.0,0.2200952
BTS/BTC,1562524291183,2019-07-07T18:31:31.183Z,sell,5.2e-06,3541.0,0.0184132
BTS/BTC,1562524292187,2019-07-07T18:31:32.187Z,sell,5.2e-06,2478.0,0.0128856
BTS/BTC,1562524293233,2019-07-07T18:31:33.233Z,sell,5.2e-06,1735.0,0.009022
BTS/BTC,1562524294185,2019-07-07T18:31:34.185Z,sell,5.2e-06,1215.0,0.006318
BTS/BTC,1562524295173,2019-07-07T18:31:35.173Z,sell,5.2e-06,850.0,0.00442
BTS/BTC,1562524296188,2019-07-07T18:31:36.188Z,sell,5.2e-06,595.0,0.003094
BTS/BTC,1562524297191,2019-07-07T18:31:37.191Z,sell,5.2e-06,417.0,0.0021684
BTS/BTC,1562524322056,2019-07-07T18:32:02.056Z,sell,5.2e-06,477.0,0.0024804
BTS/BTC,1562524324051,2019-07-07T18:32:04.051Z,sell,5.2e-06,4826.0,0.0250952
BTS/BTC,1562524326054,2019-07-07T18:32:06.054Z,sell,5.2e-06,1548.0,0.0080496
BTS/BTC,1562524328266,2019-07-07T18:32:08.266Z,sell,5.2e-06,4826.0,0.0250952
BTS/BTC,1562524330399,2019-07-07T18:32:10.399Z,sell,5.2e-06,1549.0,0.0080548
BTS/BTC,1562524332458,2019-07-07T18:32:12.458Z,sell,5.19e-06,4826.0,0.02504694
BTS/BTC,1562524371720,2019-07-07T18:32:51.720Z,buy,5.21e-06,881.0,0.00459001
BTS/BTC,1562524373150,2019-07-07T18:32:53.150Z,buy,5.21e-06,307.0,0.00159947
BTS/BTC,1562524373735,2019-07-07T18:32:53.735Z,buy,5.21e-06,681.0,0.00354801
BTS/BTC,1562524373766,2019-07-07T18:32:53.766Z,buy,5.21e-06,300.0,0.001563
BTS/BTC,1562524418941,2019-07-07T18:33:38.941Z,buy,5.22e-06,1267.0,0.00661374
BTS/BTC,1562524420053,2019-07-07T18:33:40.053Z,buy,5.22e-06,2477.0,0.01292994
BTS/BTC,1562524421152,2019-07-07T18:33:41.152Z,buy,5.22e-06,1198.0,0.00625356
BTS/BTC,1562524439864,2019-07-07T18:33:59.864Z,buy,5.22e-06,957.0,0.00499554
BTS/BTC,1562524445208,2019-07-07T18:34:05.208Z,sell,5.21e-06,960.0,0.0050016
BTS/BTC,1562524447006,2019-07-07T18:34:07.006Z,sell,5.2e-06,12315.0,0.064038
BTS/BTC,1562524465764,2019-07-07T18:34:25.764Z,buy,5.22e-06,2000.0,0.01044
BTS/BTC,1562524466289,2019-07-07T18:34:26.289Z,buy,5.22e-06,2000.0,0.01044
BTS/BTC,1562524471075,2019-07-07T18:34:31.075Z,buy,5.22e-06,4004.0,0.02090088
BTS/BTC,1562524476929,2019-07-07T18:34:36.929Z,sell,5.2e-06,3575.0,0.01859
BTS/BTC,1562524478653,2019-07-07T18:34:38.653Z,buy,5.22e-06,307.0,0.00160254
BTS/BTC,1562524479445,2019-07-07T18:34:39.445Z,buy,5.22e-06,1501.0,0.00783522
BTS/BTC,1562524480309,2019-07-07T18:34:40.309Z,buy,5.22e-06,1803.0,0.00941166
BTS/BTC,1562524481375,2019-07-07T18:34:41.375Z,buy,5.22e-06,631.0,0.00329382
BTS/BTC,1562524481614,2019-07-07T18:34:41.614Z,buy,5.23e-06,657.0,0.00343611
BTS/BTC,1562524487336,2019-07-07T18:34:47.336Z,buy,5.22e-06,4950.0,0.025839
BTS/BTC,1562524487727,2019-07-07T18:34:47.727Z,buy,5.22e-06,478.0,0.00249516
BTS/BTC,1562524487920,2019-07-07T18:34:47.920Z,buy,5.22e-06,1973.0,0.01029906
BTS/BTC,1562524487920,2019-07-07T18:34:47.920Z,buy,5.23e-06,1658.0,0.00867134
BTS/BTC,1562524488723,2019-07-07T18:34:48.723Z,buy,5.23e-06,1092.0,0.00571116
BTS/BTC,1562524489467,2019-07-07T18:34:49.467Z,buy,5.23e-06,1478.0,0.00772994
BTS/BTC,1562524489923,2019-07-07T18:34:49.923Z,buy,5.23e-06,386.0,0.00201878
BTS/BTC,1562524502673,2019-07-07T18:35:02.673Z,buy,5.22e-06,385.0,0.0020097
BTS/BTC,1562524503141,2019-07-07T18:35:03.141Z,sell,5.2e-06,11947.0,0.0621244
BTS/BTC,1562524503670,2019-07-07T18:35:03.670Z,buy,5.22e-06,410.0,0.0021402
BTS/BTC,1562524508016,2019-07-07T18:35:08.016Z,buy,5.22e-06,346.0,0.00180612
BTS/BTC,1562524508994,2019-07-07T18:35:08.994Z,buy,5.21e-06,2264.0,0.01179544
BTS/BTC,1562524510996,2019-07-07T18:35:10.996Z,buy,5.21e-06,1585.0,0.00825785
BTS/BTC,1562524513001,2019-07-07T18:35:13.001Z,buy,5.21e-06,1109.0,0.00577789
BTS/BTC,1562524514996,2019-07-07T18:35:14.996Z,buy,5.21e-06,777.0,0.00404817
BTS/BTC,1562524517000,2019-07-07T18:35:17.000Z,buy,5.21e-06,543.0,0.00282903
BTS/BTC,1562524518997,2019-07-07T18:35:18.997Z,buy,5.21e-06,381.0,0.00198501
BTS/BTC,1562524526395,2019-07-07T18:35:26.395Z,sell,5.2e-06,3478.0,0.0180856
BTS/BTC,1562524653178,2019-07-07T18:37:33.178Z,buy,5.21e-06,4465.0,0.02326265
BTS/BTC,1562524661317,2019-07-07T18:37:41.317Z,sell,5.21e-06,3125.0,0.01628125
BTS/BTC,1562524676725,2019-07-07T18:37:56.725Z,sell,5.21e-06,4015.0,0.02091815
BTS/BTC,1562524681143,2019-07-07T18:38:01.143Z,buy,5.22e-06,346.0,0.00180612
BTS/BTC,1562524683925,2019-07-07T18:38:03.925Z,sell,5.2e-06,1549.0,0.0080548
BTS/BTC,1562524686300,2019-07-07T18:38:06.300Z,sell,5.2e-06,1067.0,0.0055484
BTS/BTC,1562524686316,2019-07-07T18:38:06.316Z,buy,5.21e-06,346.0,0.00180266
BTS/BTC,1562524703873,2019-07-07T18:38:23.873Z,buy,5.21e-06,1842.0,0.00959682
BTS/BTC,1562524808753,2019-07-07T18:40:08.753Z,sell,5.21e-06,1875.0,0.00976875
BTS/BTC,1562524875937,2019-07-07T18:41:15.937Z,sell,5.21e-06,522.0,0.00271962
BTS/BTC,1562524886613,2019-07-07T18:41:26.613Z,sell,5.22e-06,437.0,0.00228114
BTS/BTC,1562524887456,2019-07-07T18:41:27.456Z,sell,5.21e-06,7325.0,0.03816325
BTS/BTC,1562524892117,2019-07-07T18:41:32.117Z,sell,5.21e-06,4996.0,0.02602916
BTS/BTC,1562525021296,2019-07-07T18:43:41.296Z,sell,5.21e-06,4819.0,0.02510699
BTS/BTC,1562525023350,2019-07-07T18:43:43.350Z,sell,5.21e-06,4819.0,0.02510699
BTS/BTC,1562525025521,2019-07-07T18:43:45.521Z,sell,5.21e-06,4819.0,0.02510699
BTS/BTC,1562525143232,2019-07-07T18:45:43.232Z,sell,5.21e-06,4817.0,0.02509657
BTS/BTC,1562525145242,2019-07-07T18:45:45.242Z,sell,5.21e-06,4817.0,0.02509657
BTS/BTC,1562525147349,2019-07-07T18:45:47.349Z,sell,5.21e-06,4817.0,0.02509657
BTS/BTC,1562525278855,2019-07-07T18:47:58.855Z,sell,5.21e-06,5780.0,0.0301138
BTS/BTC,1562525280356,2019-07-07T18:48:00.356Z,sell,5.21e-06,5780.0,0.0301138
BTS/BTC,1562525281281,2019-07-07T18:48:01.281Z,sell,5.21e-06,1522.0,0.00792962
BTS/BTC,1562525296385,2019-07-07T18:48:16.385Z,buy,5.21e-06,4311.0,0.02246031
BTS/BTC,1562525317160,2019-07-07T18:48:37.160Z,buy,5.21e-06,1715.0,0.00893515
BTS/BTC,1562525318202,2019-07-07T18:48:38.202Z,sell,5.21e-06,733.0,0.00381893
BTS/BTC,1562525327675,2019-07-07T18:48:47.675Z,buy,5.21e-06,768.0,0.00400128
BTS/BTC,1562525329678,2019-07-07T18:48:49.678Z,buy,5.21e-06,286.0,0.00149006
BTS/BTC,1562525329743,2019-07-07T18:48:49.743Z,buy,5.21e-06,768.0,0.00400128
BTS/BTC,1562525331311,2019-07-07T18:48:51.311Z,buy,5.21e-06,194.0,0.00101074
BTS/BTC,1562525338533,2019-07-07T18:48:58.533Z,buy,5.21e-06,4970.0,0.0258937
BTS/BTC,1562525354791,2019-07-07T18:49:14.791Z,buy,5.21e-06,3192.0,0.01663032
BTS/BTC,1562525415198,2019-07-07T18:50:15.198Z,buy,5.21e-06,2600.0,0.013546
BTS/BTC,1562525441592,2019-07-07T18:50:41.592Z,buy,5.21e-06,279.0,0.00145359
BTS/BTC,1562525442798,2019-07-07T18:50:42.798Z,buy,5.21e-06,530.0,0.0027613
BTS/BTC,1562525709271,2019-07-07T18:55:09.271Z,buy,5.22e-06,5276.0,0.02754072
BTS/BTC,1562525720603,2019-07-07T18:55:20.603Z,buy,5.22e-06,213.0,0.00111186
BTS/BTC,1562525770824,2019-07-07T18:56:10.824Z,buy,5.22e-06,195.0,0.0010179
BTS/BTC,1562525807705,2019-07-07T18:56:47.705Z,buy,5.22e-06,226.0,0.00117972
BTS/BTC,1562525835326,2019-07-07T18:57:15.326Z,buy,5.22e-06,192.0,0.00100224
BTS/BTC,1562525839824,2019-07-07T18:57:19.824Z,buy,5.22e-06,300.0,0.001566
BTS/BTC,1562525941732,2019-07-07T18:59:01.732Z,sell,5.21e-06,4616.0,0.02404936
BTS/BTC,1562525943564,2019-07-07T18:59:03.564Z,sell,5.21e-06,6866.0,0.03577186
BTS/BTC,1562525943564,2019-07-07T18:59:03.564Z,sell,5.21e-06,6866.0,0.03577186
BTS/BTC,1562525970019,2019-07-07T18:59:30.019Z,buy,5.21e-06,226.0,0.00117746
BTS/BTC,1562526027470,2019-07-07T19:00:27.470Z,sell,5.2e-06,1911.0,0.0099372
BTS/BTC,1562526028795,2019-07-07T19:00:28.795Z,sell,5.2e-06,6924.0,0.0360048
BTS/BTC,1562526037205,2019-07-07T19:00:37.205Z,sell,5.21e-06,498.0,0.00259458
BTS/BTC,1562526040592,2019-07-07T19:00:40.592Z,sell,5.21e-06,317.0,0.00165157
BTS/BTC,1562526048581,2019-07-07T19:00:48.581Z,sell,5.21e-06,309.0,0.00160989
BTS/BTC,1562526058017,2019-07-07T19:00:58.017Z,sell,5.2e-06,31954.0,0.1661608
BTS/BTC,1562526075048,2019-07-07T19:01:15.048Z,buy,5.22e-06,300.0,0.001566
BTS/BTC,1562526089363,2019-07-07T19:01:29.363Z,sell,5.2e-06,31555.0,0.164086
BTS/BTC,1562526094402,2019-07-07T19:01:34.402Z,sell,5.2e-06,6681.0,0.0347412
BTS/BTC,1562526095177,2019-07-07T19:01:35.177Z,sell,5.2e-06,1459.0,0.0075868
BTS/BTC,1562526096212,2019-07-07T19:01:36.212Z,sell,5.2e-06,1980.0,0.010296
BTS/BTC,1562526098520,2019-07-07T19:01:38.520Z,sell,5.2e-06,3274.0,0.0170248
BTS/BTC,1562526099214,2019-07-07T19:01:39.214Z,sell,5.2e-06,96711.0,0.5028972
BTS/BTC,1562526101251,2019-07-07T19:01:41.251Z,sell,5.2e-06,1899.0,0.0098748
BTS/BTC,1562526102777,2019-07-07T19:01:42.777Z,buy,5.21e-06,3125.0,0.01628125
BTS/BTC,1562526102777,2019-07-07T19:01:42.777Z,buy,5.22e-06,1664.0,0.00868608
BTS/BTC,1562526102958,2019-07-07T19:01:42.958Z,buy,5.22e-06,3125.0,0.0163125
BTS/BTC,1562526107842,2019-07-07T19:01:47.842Z,sell,5.2e-06,2355.0,0.012246
BTS/BTC,1562526112921,2019-07-07T19:01:52.921Z,sell,5.2e-06,2088.0,0.0108576
BTS/BTC,1562526118082,2019-07-07T19:01:58.082Z,sell,5.2e-06,1792.0,0.0093184
BTS/BTC,1562526118686,2019-07-07T19:01:58.686Z,buy,5.21e-06,300.0,0.001563
BTS/BTC,1562526120772,2019-07-07T19:02:00.772Z,sell,5.2e-06,96711.0,0.5028972
BTS/BTC,1562526120891,2019-07-07T19:02:00.891Z,sell,5.2e-06,716.0,0.0037232
BTS/BTC,1562526121190,2019-07-07T19:02:01.190Z,sell,5.2e-06,69251.0,0.3601052
BTS/BTC,1562526121234,2019-07-07T19:02:01.234Z,buy,5.2e-06,820.0,0.004264
BTS/BTC,1562526121251,2019-07-07T19:02:01.251Z,buy,5.2e-06,352.0,0.0018304
BTS/BTC,1562526121848,2019-07-07T19:02:01.848Z,sell,5.19e-06,19136.0,0.09931584
BTS/BTC,1562526121848,2019-07-07T19:02:01.848Z,sell,5.18e-06,14635.0,0.0758093
BTS/BTC,1562526121848,2019-07-07T19:02:01.848Z,sell,5.17e-06,24053.0,0.1243540099999999
BTS/BTC,1562526121848,2019-07-07T19:02:01.848Z,sell,5.16e-06,5516.0,0.0284625599999999
BTS/BTC,1562526121848,2019-07-07T19:02:01.848Z,sell,5.15e-06,5510.0,0.0283765
BTS/BTC,1562526121848,2019-07-07T19:02:01.848Z,sell,5.14e-06,401.0,0.00206114
BTS/BTC,1562526122393,2019-07-07T19:02:02.393Z,buy,5.19e-06,337.0,0.00174903
BTS/BTC,1562526122481,2019-07-07T19:02:02.481Z,buy,5.18e-06,382.0,0.00197876
BTS/BTC,1562526122526,2019-07-07T19:02:02.526Z,buy,5.18e-06,281.0,0.00145558
BTS/BTC,1562526122831,2019-07-07T19:02:02.831Z,buy,5.18e-06,144.0,0.00074592
BTS/BTC,1562526122831,2019-07-07T19:02:02.831Z,buy,5.19e-06,49.0,0.00025431
BTS/BTC,1562526123211,2019-07-07T19:02:03.211Z,sell,5.17e-06,281.0,0.00145277
BTS/BTC,1562526123234,2019-07-07T19:02:03.234Z,buy,5.19e-06,907.0,0.00470733
BTS/BTC,1562526123271,2019-07-07T19:02:03.271Z,buy,5.19e-06,284.0,0.00147396
BTS/BTC,1562526123827,2019-07-07T19:02:03.827Z,buy,5.19e-06,2304.0,0.01195776
BTS/BTC,1562526124060,2019-07-07T19:02:04.060Z,buy,5.19e-06,2950.0,0.0153105
BTS/BTC,1562526124060,2019-07-07T19:02:04.060Z,buy,5.2e-06,396.0,0.0020592
BTS/BTC,1562526124154,2019-07-07T19:02:04.154Z,buy,5.19e-06,478.0,0.00248082
BTS/BTC,1562526125123,2019-07-07T19:02:05.123Z,buy,5.19e-06,311.0,0.00161409
BTS/BTC,1562526127115,2019-07-07T19:02:07.115Z,buy,5.19e-06,395.0,0.00205005
BTS/BTC,1562526129116,2019-07-07T19:02:09.116Z,buy,5.19e-06,395.0,0.00205005
BTS/BTC,1562526134852,2019-07-07T19:02:14.852Z,sell,5.19e-06,461.0,0.00239259
BTS/BTC,1562526134852,2019-07-07T19:02:14.852Z,sell,5.18e-06,204.0,0.00105672
BTS/BTC,1562526134878,2019-07-07T19:02:14.878Z,sell,5.18e-06,461.0,0.00238798
BTS/BTC,1562526135122,2019-07-07T19:02:15.122Z,buy,5.19e-06,665.0,0.00345135
BTS/BTC,1562526137167,2019-07-07T19:02:17.167Z,sell,5.18e-06,3158.0,0.01635844
BTS/BTC,1562526137266,2019-07-07T19:02:17.266Z,buy,5.2e-06,55.0,0.000286
BTS/BTC,1562526139691,2019-07-07T19:02:19.691Z,sell,5.18e-06,812.0,0.00420616
BTS/BTC,1562526143119,2019-07-07T19:02:23.119Z,buy,5.18e-06,750.0,0.003885
BTS/BTC,1562526143528,2019-07-07T19:02:23.528Z,buy,5.19e-06,772.0,0.00400668
BTS/BTC,1562526143612,2019-07-07T19:02:23.612Z,buy,5.19e-06,300.0,0.001557
BTS/BTC,1562526144198,2019-07-07T19:02:24.198Z,buy,5.19e-06,300.0,0.001557
BTS/BTC,1562526144450,2019-07-07T19:02:24.450Z,buy,5.19e-06,207.0,0.00107433
BTS/BTC,1562526144488,2019-07-07T19:02:24.488Z,sell,5.19e-06,93.0,0.00048267
BTS/BTC,1562526145371,2019-07-07T19:02:25.371Z,sell,5.17e-06,1579.0,0.00816343
BTS/BTC,1562526145371,2019-07-07T19:02:25.371Z,sell,5.16e-06,235.0,0.0012125999999999
BTS/BTC,1562526145766,2019-07-07T19:02:25.766Z,buy,5.19e-06,771.0,0.00400149
BTS/BTC,1562526145857,2019-07-07T19:02:25.857Z,buy,5.19e-06,1249.0,0.00648231
BTS/BTC,1562526147186,2019-07-07T19:02:27.186Z,buy,5.19e-06,211.0,0.00109509
BTS/BTC,1562526147570,2019-07-07T19:02:27.570Z,sell,5.17e-06,1973.0,0.01020041
BTS/BTC,1562526147570,2019-07-07T19:02:27.570Z,sell,5.16e-06,800.0,0.004128
BTS/BTC,1562526147868,2019-07-07T19:02:27.868Z,buy,5.18e-06,367.0,0.00190106
BTS/BTC,1562526147868,2019-07-07T19:02:27.868Z,buy,5.19e-06,404.0,0.00209676
BTS/BTC,1562526147932,2019-07-07T19:02:27.932Z,buy,5.19e-06,300.0,0.001557
BTS/BTC,1562526147981,2019-07-07T19:02:27.981Z,buy,5.19e-06,282.0,0.00146358
BTS/BTC,1562526149730,2019-07-07T19:02:29.730Z,buy,5.2e-06,1132.0,0.0058864
BTS/BTC,1562526151744,2019-07-07T19:02:31.744Z,buy,5.2e-06,769.0,0.0039988
BTS/BTC,1562526153732,2019-07-07T19:02:33.732Z,buy,5.2e-06,769.0,0.0039988
BTS/BTC,1562526155476,2019-07-07T19:02:35.476Z,buy,5.2e-06,300.0,0.00156
BTS/BTC,1562526160329,2019-07-07T19:02:40.329Z,buy,5.2e-06,300.0,0.00156
BTS/BTC,1562526165749,2019-07-07T19:02:45.749Z,buy,5.2e-06,286.0,0.0014872
BTS/BTC,1562526198253,2019-07-07T19:03:18.253Z,buy,5.2e-06,869.0,0.0045188
BTS/BTC,1562526198410,2019-07-07T19:03:18.410Z,buy,5.2e-06,542.0,0.0028184
BTS/BTC,1562526198410,2019-07-07T19:03:18.410Z,buy,5.21e-06,1510.0,0.0078671
BTS/BTC,1562526204849,2019-07-07T19:03:24.849Z,buy,5.21e-06,582.0,0.00303222
BTS/BTC,1562526211201,2019-07-07T19:03:31.201Z,buy,5.21e-06,300.0,0.001563
BTS/BTC,1562526232734,2019-07-07T19:03:52.734Z,sell,5.19e-06,808.0,0.00419352
BTS/BTC,1562526233129,2019-07-07T19:03:53.129Z,buy,5.19e-06,1733.0,0.00899427
BTS/BTC,1562526233160,2019-07-07T19:03:53.160Z,buy,5.2e-06,808.0,0.0042016
BTS/BTC,1562526241328,2019-07-07T19:04:01.328Z,buy,5.21e-06,500.0,0.002605
BTS/BTC,1562526245279,2019-07-07T19:04:05.279Z,buy,5.21e-06,925.0,0.00481925
BTS/BTC,1562526246033,2019-07-07T19:04:06.033Z,buy,5.21e-06,735.0,0.00382935
BTS/BTC,1562526248647,2019-07-07T19:04:08.647Z,buy,5.21e-06,281.0,0.00146401
BTS/BTC,1562526264321,2019-07-07T19:04:24.321Z,buy,5.21e-06,784.0,0.00408464
BTS/BTC,1562526274612,2019-07-07T19:04:34.612Z,sell,5.2e-06,809.0,0.0042068
BTS/BTC,1562526281133,2019-07-07T19:04:41.133Z,buy,5.2e-06,833.0,0.0043316
BTS/BTC,1562526301133,2019-07-07T19:05:01.133Z,buy,5.2e-06,416.0,0.0021632
BTS/BTC,1562526305588,2019-07-07T19:05:05.588Z,buy,5.21e-06,482.0,0.00251122
BTS/BTC,1562526308557,2019-07-07T19:05:08.557Z,sell,5.2e-06,193.0,0.0010036
BTS/BTC,1562526310543,2019-07-07T19:05:10.543Z,buy,5.21e-06,400.0,0.002084
BTS/BTC,1562526310842,2019-07-07T19:05:10.842Z,buy,5.21e-06,400.0,0.002084
BTS/BTC,1562526311506,2019-07-07T19:05:11.506Z,buy,5.19e-06,306.0,0.00158814
BTS/BTC,1562526312126,2019-07-07T19:05:12.126Z,buy,5.2e-06,375.0,0.00195
BTS/BTC,1562526365259,2019-07-07T19:06:05.259Z,buy,5.22e-06,59.0,0.00030798
BTS/BTC,1562526375136,2019-07-07T19:06:15.136Z,buy,5.21e-06,557.0,0.00290197
BTS/BTC,1562526375903,2019-07-07T19:06:15.903Z,buy,5.23e-06,62.0,0.00032426
BTS/BTC,1562526379854,2019-07-07T19:06:19.854Z,sell,5.2e-06,808.0,0.0042016
BTS/BTC,1562526395428,2019-07-07T19:06:35.428Z,buy,5.2e-06,500.0,0.0026
BTS/BTC,1562526396542,2019-07-07T19:06:36.542Z,sell,5.19e-06,500.0,0.002595
BTS/BTC,1562526397444,2019-07-07T19:06:37.444Z,sell,5.2e-06,521.0,0.0027092
BTS/BTC,1562526398628,2019-07-07T19:06:38.628Z,sell,5.19e-06,5537.0,0.02873703
BTS/BTC,1562526399472,2019-07-07T19:06:39.472Z,buy,5.19e-06,811.0,0.00420909
BTS/BTC,1562526399472,2019-07-07T19:06:39.472Z,buy,5.2e-06,4681.0,0.0243412
BTS/BTC,1562526399568,2019-07-07T19:06:39.568Z,buy,5.2e-06,300.0,0.00156
BTS/BTC,1562526399572,2019-07-07T19:06:39.572Z,buy,5.2e-06,437.0,0.0022724
BTS/BTC,1562526399624,2019-07-07T19:06:39.624Z,buy,5.2e-06,317.0,0.0016484
BTS/BTC,1562526399759,2019-07-07T19:06:39.759Z,sell,5.2e-06,158.0,0.0008216
BTS/BTC,1562526400648,2019-07-07T19:06:40.648Z,buy,5.2e-06,452.0,0.0023504
BTS/BTC,1562526402754,2019-07-07T19:06:42.754Z,sell,5.19e-06,356.0,0.00184764
BTS/BTC,1562526402754,2019-07-07T19:06:42.754Z,sell,5.18e-06,1.0,5.18e-06
BTS/BTC,1562526407568,2019-07-07T19:06:47.568Z,sell,5.19e-06,3157.0,0.01638483
BTS/BTC,1562526408469,2019-07-07T19:06:48.469Z,buy,5.2e-06,300.0,0.00156
BTS/BTC,1562526416097,2019-07-07T19:06:56.097Z,sell,5.18e-06,305.0,0.0015799
BTS/BTC,1562526417542,2019-07-07T19:06:57.542Z,buy,5.19e-06,1579.0,0.00819501
BTS/BTC,1562526417555,2019-07-07T19:06:57.555Z,buy,5.2e-06,300.0,0.00156
BTS/BTC,1562526417715,2019-07-07T19:06:57.715Z,buy,5.19e-06,789.0,0.00409491
BTS/BTC,1562526417715,2019-07-07T19:06:57.715Z,buy,5.2e-06,16.0,8.32e-05
BTS/BTC,1562526417816,2019-07-07T19:06:57.816Z,buy,5.2e-06,300.0,0.00156
BTS/BTC,1562526418487,2019-07-07T19:06:58.487Z,buy,5.19e-06,300.0,0.001557
BTS/BTC,1562526419129,2019-07-07T19:06:59.129Z,buy,5.19e-06,95.0,0.00049305
BTS/BTC,1562526420134,2019-07-07T19:07:00.134Z,buy,5.19e-06,813.0,0.00421947
BTS/BTC,1562526421580,2019-07-07T19:07:01.580Z,sell,5.18e-06,813.0,0.00421134
BTS/BTC,1562526422567,2019-07-07T19:07:02.567Z,buy,5.19e-06,813.0,0.00421947
BTS/BTC,1562526423542,2019-07-07T19:07:03.542Z,sell,5.18e-06,813.0,0.00421134
BTS/BTC,1562526425516,2019-07-07T19:07:05.516Z,sell,5.18e-06,2733.0,0.01415694
BTS/BTC,1562526426135,2019-07-07T19:07:06.135Z,buy,5.19e-06,813.0,0.00421947
BTS/BTC,1562526430337,2019-07-07T19:07:10.337Z,buy,5.2e-06,1035.0,0.005382
BTS/BTC,1562526431949,2019-07-07T19:07:11.949Z,sell,5.19e-06,653.0,0.00338907
BTS/BTC,1562526431949,2019-07-07T19:07:11.949Z,sell,5.18e-06,1128.0,0.00584304
BTS/BTC,1562526432427,2019-07-07T19:07:12.427Z,buy,5.19e-06,474.0,0.00246006
BTS/BTC,1562526432471,2019-07-07T19:07:12.471Z,buy,5.19e-06,337.0,0.00174903
BTS/BTC,1562526440423,2019-07-07T19:07:20.423Z,buy,5.22e-06,618.0,0.00322596
BTS/BTC,1562526441270,2019-07-07T19:07:21.270Z,buy,5.22e-06,792.0,0.00413424
BTS/BTC,1562526450009,2019-07-07T19:07:30.009Z,buy,5.22e-06,811.0,0.00423342
BTS/BTC,1562526454141,2019-07-07T19:07:34.141Z,buy,5.21e-06,3043.0,0.01585403
BTS/BTC,1562526456141,2019-07-07T19:07:36.141Z,buy,5.21e-06,2130.0,0.0110973
BTS/BTC,1562526457892,2019-07-07T19:07:37.892Z,sell,5.2e-06,3363.0,0.0174876
BTS/BTC,1562526461482,2019-07-07T19:07:41.482Z,buy,5.21e-06,196.0,0.00102116
BTS/BTC,1562526566388,2019-07-07T19:09:26.388Z,buy,5.21e-06,715.0,0.00372515
BTS/BTC,1562526585683,2019-07-07T19:09:45.683Z,buy,5.21e-06,64.0,0.00033344
BTS/BTC,1562526619932,2019-07-07T19:10:19.932Z,buy,5.21e-06,55.0,0.00028655
BTS/BTC,1562526707498,2019-07-07T19:11:47.498Z,buy,5.21e-06,303.0,0.00157863
BTS/BTC,1562526712105,2019-07-07T19:11:52.105Z,sell,5.18e-06,3180.0,0.0164724
BTS/BTC,1562526712151,2019-07-07T19:11:52.151Z,buy,5.18e-06,4697.0,0.02433046
BTS/BTC,1562526773153,2019-07-07T19:12:53.153Z,buy,5.21e-06,1919.0,0.00999799
BTS/BTC,1562527125418,2019-07-07T19:18:45.418Z,buy,5.2e-06,3522.0,0.0183144
BTS/BTC,1562527130168,2019-07-07T19:18:50.168Z,sell,5.19e-06,1366.0,0.00708954
BTS/BTC,1562527132707,2019-07-07T19:18:52.707Z,sell,5.19e-06,683.0,0.00354477
BTS/BTC,1562527134394,2019-07-07T19:18:54.394Z,buy,5.2e-06,3000.0,0.0156
BTS/BTC,1562527134394,2019-07-07T19:18:54.394Z,buy,5.21e-06,1223.0,0.00637183
BTS/BTC,1562527272471,2019-07-07T19:21:12.471Z,buy,5.21e-06,228.0,0.00118788
BTS/BTC,1562527473532,2019-07-07T19:24:33.532Z,buy,5.2e-06,676.0,0.0035152
BTS/BTC,1562527474568,2019-07-07T19:24:34.568Z,buy,5.2e-06,300.0,0.00156
BTS/BTC,1562527475633,2019-07-07T19:24:35.633Z,buy,5.2e-06,300.0,0.00156
BTS/BTC,1562527475874,2019-07-07T19:24:35.874Z,buy,5.2e-06,300.0,0.00156
BTS/BTC,1562527477522,2019-07-07T19:24:37.522Z,buy,5.2e-06,300.0,0.00156
BTS/BTC,1562527477538,2019-07-07T19:24:37.538Z,buy,5.2e-06,214.0,0.0011128
BTS/BTC,1562527488402,2019-07-07T19:24:48.402Z,buy,5.21e-06,286.0,0.00149006
BTS/BTC,1562527494405,2019-07-07T19:24:54.405Z,buy,5.21e-06,61.0,0.00031781
BTS/BTC,1562527533087,2019-07-07T19:25:33.087Z,sell,5.2e-06,921.0,0.0047892
BTS/BTC,1562527533179,2019-07-07T19:25:33.179Z,sell,5.19e-06,810.0,0.0042039
BTS/BTC,1562527533179,2019-07-07T19:25:33.179Z,sell,5.18e-06,111.0,0.00057498
BTS/BTC,1562527534311,2019-07-07T19:25:34.311Z,buy,5.2e-06,1921.0,0.0099892
BTS/BTC,1562527535303,2019-07-07T19:25:35.303Z,buy,5.2e-06,2563.0,0.0133276
BTS/BTC,1562527540197,2019-07-07T19:25:40.197Z,sell,5.18e-06,8591.0,0.04450138
BTS/BTC,1562527542487,2019-07-07T19:25:42.487Z,buy,5.2e-06,2531.0,0.0131612
BTS/BTC,1562527543351,2019-07-07T19:25:43.351Z,sell,5.19e-06,2000.0,0.01038
BTS/BTC,1562527543807,2019-07-07T19:25:43.807Z,sell,5.18e-06,2000.0,0.01036
BTS/BTC,1562527544468,2019-07-07T19:25:44.468Z,buy,5.19e-06,1590.0,0.0082521
BTS/BTC,1562527544470,2019-07-07T19:25:44.470Z,buy,5.19e-06,193.0,0.00100167
BTS/BTC,1562527544470,2019-07-07T19:25:44.470Z,buy,5.2e-06,1418.0,0.0073736
BTS/BTC,1562527545346,2019-07-07T19:25:45.346Z,sell,5.2e-06,2866.0,0.0149032
BTS/BTC,1562527545783,2019-07-07T19:25:45.783Z,sell,5.2e-06,3289.0,0.0171028
BTS/BTC,1562527545783,2019-07-07T19:25:45.783Z,sell,5.18e-06,2866.0,0.01484588
BTS/BTC,1562527548479,2019-07-07T19:25:48.479Z,buy,5.2e-06,500.0,0.0026
BTS/BTC,1562527550108,2019-07-07T19:25:50.108Z,sell,5.18e-06,1579.0,0.00817922
BTS/BTC,1562527550469,2019-07-07T19:25:50.469Z,buy,5.2e-06,1588.0,0.0082576
BTS/BTC,1562527550470,2019-07-07T19:25:50.470Z,buy,5.2e-06,300.0,0.00156
BTS/BTC,1562527550517,2019-07-07T19:25:50.517Z,buy,5.21e-06,1387.0,0.00722627
BTS/BTC,1562527551224,2019-07-07T19:25:51.224Z,sell,5.21e-06,2787.0,0.01452027
BTS/BTC,1562527557987,2019-07-07T19:25:57.987Z,buy,5.21e-06,1579.0,0.00822659
BTS/BTC,1562527557987,2019-07-07T19:25:57.987Z,buy,5.22e-06,518.0,0.00270396
BTS/BTC,1562527563405,2019-07-07T19:26:03.405Z,buy,5.21e-06,789.0,0.00411069
BTS/BTC,1562527563405,2019-07-07T19:26:03.405Z,buy,5.22e-06,1156.0,0.00603432
BTS/BTC,1562527563531,2019-07-07T19:26:03.531Z,buy,5.21e-06,395.0,0.00205795
BTS/BTC,1562527563531,2019-07-07T19:26:03.531Z,buy,5.22e-06,2559.0,0.01335798
BTS/BTC,1562527566340,2019-07-07T19:26:06.340Z,buy,5.21e-06,395.0,0.00205795
BTS/BTC,1562527566340,2019-07-07T19:26:06.340Z,buy,5.22e-06,1574.0,0.00821628
BTS/BTC,1562527581419,2019-07-07T19:26:21.419Z,buy,5.22e-06,2202.0,0.01149444
BTS/BTC,1562527583252,2019-07-07T19:26:23.252Z,sell,5.2e-06,487.0,0.0025324
BTS/BTC,1562527817148,2019-07-07T19:30:17.148Z,buy,5.21e-06,340.0,0.0017714
BTS/BTC,1562527856251,2019-07-07T19:30:56.251Z,buy,5.19e-06,281.0,0.00145839
BTS/BTC,1562527863074,2019-07-07T19:31:03.074Z,sell,5.18e-06,1585.0,0.0082103
BTS/BTC,1562527875751,2019-07-07T19:31:15.751Z,buy,5.21e-06,67.0,0.00034907
BTS/BTC,1562528177559,2019-07-07T19:36:17.559Z,buy,5.21e-06,71.0,0.00036991
BTS/BTC,1562528235601,2019-07-07T19:37:15.601Z,buy,5.21e-06,207.0,0.00107847
BTS/BTC,1562528310710,2019-07-07T19:38:30.710Z,buy,5.2e-06,1166.0,0.0060632
BTS/BTC,1562528312726,2019-07-07T19:38:32.726Z,buy,5.2e-06,574.0,0.0029848
BTS/BTC,1562528313808,2019-07-07T19:38:33.808Z,buy,5.2e-06,1261.0,0.0065572
BTS/BTC,1562528314046,2019-07-07T19:38:34.046Z,buy,5.2e-06,568.0,0.0029536
BTS/BTC,1562528314603,2019-07-07T19:38:34.603Z,buy,5.2e-06,1309.0,0.0068068
BTS/BTC,1562528315145,2019-07-07T19:38:35.145Z,buy,5.2e-06,300.0,0.00156
BTS/BTC,1562528315343,2019-07-07T19:38:35.343Z,buy,5.2e-06,189.0,0.0009828
BTS/BTC,1562528334686,2019-07-07T19:38:54.686Z,buy,5.2e-06,300.0,0.00156
BTS/BTC,1562528359730,2019-07-07T19:39:19.730Z,sell,5.18e-06,2828.0,0.01464904
BTS/BTC,1562528366614,2019-07-07T19:39:26.614Z,sell,5.18e-06,942.0,0.00487956
BTS/BTC,1562528366614,2019-07-07T19:39:26.614Z,sell,5.17e-06,842.0,0.0043531399999999
BTS/BTC,1562528371571,2019-07-07T19:39:31.571Z,sell,5.18e-06,1480.0,0.0076664
BTS/BTC,1562528376507,2019-07-07T19:39:36.507Z,buy,5.19e-06,785.0,0.00407415
BTS/BTC,1562528376531,2019-07-07T19:39:36.531Z,buy,5.19e-06,24.0,0.00012456
BTS/BTC,1562528376531,2019-07-07T19:39:36.531Z,buy,5.2e-06,354.0,0.0018408
BTS/BTC,1562528376550,2019-07-07T19:39:36.550Z,buy,5.2e-06,400.0,0.00208
BTS/BTC,1562528376623,2019-07-07T19:39:36.623Z,buy,5.2e-06,300.0,0.00156
BTS/BTC,1562528376749,2019-07-07T19:39:36.749Z,buy,5.2e-06,300.0,0.00156
BTS/BTC,1562528387179,2019-07-07T19:39:47.179Z,buy,5.2e-06,972.0,0.0050544
BTS/BTC,1562528422671,2019-07-07T19:40:22.671Z,buy,5.19e-06,4247.0,0.02204193
BTS/BTC,1562528422739,2019-07-07T19:40:22.739Z,buy,5.19e-06,522.0,0.00270918
BTS/BTC,1562528422739,2019-07-07T19:40:22.739Z,buy,5.2e-06,176.0,0.0009152
BTS/BTC,1562528422740,2019-07-07T19:40:22.740Z,buy,5.2e-06,683.0,0.0035516
BTS/BTC,1562528422749,2019-07-07T19:40:22.749Z,buy,5.2e-06,563.0,0.0029276
BTS/BTC,1562528423880,2019-07-07T19:40:23.880Z,sell,5.2e-06,1114.0,0.0057928
BTS/BTC,1562528427737,2019-07-07T19:40:27.737Z,buy,5.2e-06,300.0,0.00156
BTS/BTC,1562528428339,2019-07-07T19:40:28.339Z,sell,5.18e-06,1961.0,0.01015798
BTS/BTC,1562528428887,2019-07-07T19:40:28.887Z,buy,5.2e-06,300.0,0.00156
BTS/BTC,1562528429960,2019-07-07T19:40:29.960Z,buy,5.2e-06,300.0,0.00156
BTS/BTC,1562528438107,2019-07-07T19:40:38.107Z,sell,5.18e-06,958.0,0.00496244
BTS/BTC,1562528441528,2019-07-07T19:40:41.528Z,buy,5.2e-06,237.0,0.0012324
BTS/BTC,1562528456359,2019-07-07T19:40:56.359Z,buy,5.19e-06,2463.0,0.01278297
BTS/BTC,1562528456533,2019-07-07T19:40:56.533Z,buy,5.2e-06,615.0,0.003198
BTS/BTC,1562528456652,2019-07-07T19:40:56.652Z,sell,5.18e-06,1354.0,0.00701372
BTS/BTC,1562528528687,2019-07-07T19:42:08.687Z,sell,5.18e-06,409.0,0.00211862
BTS/BTC,1562528534160,2019-07-07T19:42:14.160Z,buy,5.2e-06,661.0,0.0034372
BTS/BTC,1562528539334,2019-07-07T19:42:19.334Z,buy,5.19e-06,500.0,0.002595
BTS/BTC,1562528544703,2019-07-07T19:42:24.703Z,sell,5.2e-06,358.0,0.0018616
BTS/BTC,1562528553796,2019-07-07T19:42:33.796Z,sell,5.2e-06,514.0,0.0026728
BTS/BTC,1562528554074,2019-07-07T19:42:34.074Z,sell,5.19e-06,514.0,0.00266766
BTS/BTC,1562528554504,2019-07-07T19:42:34.504Z,sell,5.19e-06,938.0,0.00486822
BTS/BTC,1562528619622,2019-07-07T19:43:39.622Z,sell,5.19e-06,32856.0,0.17052264
BTS/BTC,1562528619717,2019-07-07T19:43:39.717Z,buy,5.2e-06,3068.0,0.0159536
BTS/BTC,1562528620108,2019-07-07T19:43:40.108Z,sell,5.2e-06,351.0,0.0018252
BTS/BTC,1562528621004,2019-07-07T19:43:41.004Z,sell,5.2e-06,5799.0,0.0301548
BTS/BTC,1562528640084,2019-07-07T19:44:00.084Z,buy,5.21e-06,521.0,0.00271441
BTS/BTC,1562528641713,2019-07-07T19:44:01.713Z,sell,5.2e-06,511.0,0.0026572
BTS/BTC,1562528653636,2019-07-07T19:44:13.636Z,sell,5.19e-06,1444.0,0.00749436
BTS/BTC,1562528669038,2019-07-07T19:44:29.038Z,sell,5.18e-06,2563.0,0.01327634
BTS/BTC,1562528669067,2019-07-07T19:44:29.067Z,buy,5.19e-06,69.0,0.00035811
BTS/BTC,1562528678686,2019-07-07T19:44:38.686Z,sell,5.18e-06,753.0,0.00390054
BTS/BTC,1562528685322,2019-07-07T19:44:45.322Z,sell,5.18e-06,2411.0,0.01248898
BTS/BTC,1562528690821,2019-07-07T19:44:50.821Z,sell,5.18e-06,785.0,0.0040663
BTS/BTC,1562528695981,2019-07-07T19:44:55.981Z,sell,5.18e-06,211.0,0.00109298
BTS/BTC,1562528696669,2019-07-07T19:44:56.669Z,sell,5.18e-06,786.0,0.00407148
BTS/BTC,1562528696669,2019-07-07T19:44:56.669Z,sell,5.17e-06,210.0,0.0010857
BTS/BTC,1562528702926,2019-07-07T19:45:02.926Z,buy,5.19e-06,1103.0,0.00572457
BTS/BTC,1562528703787,2019-07-07T19:45:03.787Z,buy,5.19e-06,2164.0,0.01123116
BTS/BTC,1562528704820,2019-07-07T19:45:04.820Z,buy,5.19e-06,3020.0,0.0156738
BTS/BTC,1562528870351,2019-07-07T19:47:50.351Z,sell,5.17e-06,286.0,0.00147862
BTS/BTC,1562528870614,2019-07-07T19:47:50.614Z,sell,5.17e-06,3235.0,0.01672495
BTS/BTC,1562528872303,2019-07-07T19:47:52.303Z,buy,5.17e-06,688.0,0.0035569599999999
BTS/BTC,1562528873410,2019-07-07T19:47:53.410Z,buy,5.17e-06,2128.0,0.01100176
BTS/BTC,1562528874644,2019-07-07T19:47:54.644Z,buy,5.17e-06,2938.0,0.0151894599999999
BTS/BTC,1562528876412,2019-07-07T19:47:56.412Z,buy,5.17e-06,55.0,0.00028435
BTS/BTC,1562528877283,2019-07-07T19:47:57.283Z,buy,5.17e-06,300.0,0.0015509999999999
BTS/BTC,1562528882060,2019-07-07T19:48:02.060Z,sell,5.15e-06,248.0,0.0012772
BTS/BTC,1562528885815,2019-07-07T19:48:05.815Z,buy,5.17e-06,774.0,0.0040015799999999
BTS/BTC,1562528887766,2019-07-07T19:48:07.766Z,buy,5.17e-06,774.0,0.0040015799999999
BTS/BTC,1562528889792,2019-07-07T19:48:09.792Z,buy,5.17e-06,774.0,0.0040015799999999
BTS/BTC,1562528906185,2019-07-07T19:48:26.185Z,buy,5.17e-06,955.0,0.00493735
BTS/BTC,1562528939198,2019-07-07T19:48:59.198Z,buy,5.16e-06,1161.0,0.0059907599999999
BTS/BTC,1562528940052,2019-07-07T19:49:00.052Z,buy,5.16e-06,2192.0,0.01131072
BTS/BTC,1562528941108,2019-07-07T19:49:01.108Z,buy,5.16e-06,3207.0,0.01654812
BTS/BTC,1562528941254,2019-07-07T19:49:01.254Z,buy,5.16e-06,1772.0,0.0091435199999999
BTS/BTC,1562528943906,2019-07-07T19:49:03.906Z,buy,5.16e-06,754.0,0.00389064
BTS/BTC,1562528945023,2019-07-07T19:49:05.023Z,buy,5.16e-06,1306.0,0.00673896
BTS/BTC,1562528945549,2019-07-07T19:49:05.549Z,buy,5.16e-06,1946.0,0.01004136
BTS/BTC,1562528949566,2019-07-07T19:49:09.566Z,buy,5.16e-06,300.0,0.001548
BTS/BTC,1562528950759,2019-07-07T19:49:10.759Z,buy,5.16e-06,371.0,0.00191436
BTS/BTC,1562528951766,2019-07-07T19:49:11.766Z,buy,5.16e-06,581.0,0.00299796
BTS/BTC,1562529018318,2019-07-07T19:50:18.318Z,buy,5.16e-06,1189.0,0.0061352399999999
BTS/BTC,1562529032988,2019-07-07T19:50:32.988Z,sell,5.15e-06,2889.0,0.01487835
BTS/BTC,1562529032988,2019-07-07T19:50:32.988Z,sell,5.14e-06,2269.0,0.01166266
BTS/BTC,1562529032988,2019-07-07T19:50:32.988Z,sell,5.13e-06,11754.0,0.06029802
BTS/BTC,1562529032988,2019-07-07T19:50:32.988Z,sell,5.12e-06,627.0,0.00321024
BTS/BTC,1562529032988,2019-07-07T19:50:32.988Z,sell,5.12e-06,4024.0,0.02060288
BTS/BTC,1562529032988,2019-07-07T19:50:32.988Z,sell,5.11e-06,1895.0,0.00968345
BTS/BTC,1562529032988,2019-07-07T19:50:32.988Z,sell,5.11e-06,313.0,0.00159943
BTS/BTC,1562529032988,2019-07-07T19:50:32.988Z,sell,5.11e-06,6690.0,0.0341859
BTS/BTC,1562529032988,2019-07-07T19:50:32.988Z,sell,5.1e-06,792.0,0.0040392
BTS/BTC,1562529034189,2019-07-07T19:50:34.189Z,buy,5.15e-06,588.0,0.0030282
BTS/BTC,1562529034200,2019-07-07T19:50:34.200Z,sell,5.14e-06,281.0,0.00144434
BTS/BTC,1562529036147,2019-07-07T19:50:36.147Z,buy,5.15e-06,1293.0,0.0066589499999999
BTS/BTC,1562529036236,2019-07-07T19:50:36.236Z,buy,5.15e-06,496.0,0.0025544
BTS/BTC,1562529038230,2019-07-07T19:50:38.230Z,buy,5.15e-06,300.0,0.001545
BTS/BTC,1562529038998,2019-07-07T19:50:38.998Z,sell,5.13e-06,653.0,0.00334989
BTS/BTC,1562529039154,2019-07-07T19:50:39.154Z,buy,5.15e-06,1691.0,0.00870865
BTS/BTC,1562529039195,2019-07-07T19:50:39.195Z,buy,5.15e-06,168.0,0.0008652
BTS/BTC,1562529039195,2019-07-07T19:50:39.195Z,buy,5.16e-06,132.0,0.00068112
BTS/BTC,1562529041145,2019-07-07T19:50:41.145Z,buy,5.15e-06,500.0,0.002575
BTS/BTC,1562529042169,2019-07-07T19:50:42.169Z,buy,5.15e-06,500.0,0.002575
BTS/BTC,1562529042274,2019-07-07T19:50:42.274Z,sell,5.12e-06,210.0,0.0010752
BTS/BTC,1562529049522,2019-07-07T19:50:49.522Z,sell,5.14e-06,488.0,0.00250832
BTS/BTC,1562529079198,2019-07-07T19:51:19.198Z,sell,5.14e-06,195.0,0.0010023
BTS/BTC,1562529081425,2019-07-07T19:51:21.425Z,buy,5.14e-06,75.0,0.0003855
BTS/BTC,1562529098407,2019-07-07T19:51:38.407Z,buy,5.15e-06,29.0,0.00014935
BTS/BTC,1562529098407,2019-07-07T19:51:38.407Z,buy,5.16e-06,748.0,0.00385968
BTS/BTC,1562529098925,2019-07-07T19:51:38.925Z,buy,5.15e-06,500.0,0.002575
BTS/BTC,1562529098973,2019-07-07T19:51:38.973Z,buy,5.15e-06,14.0,7.209999999999999e-05
BTS/BTC,1562529098973,2019-07-07T19:51:38.973Z,buy,5.16e-06,289.0,0.00149124
BTS/BTC,1562529099016,2019-07-07T19:51:39.016Z,buy,5.16e-06,300.0,0.001548
BTS/BTC,1562529099866,2019-07-07T19:51:39.866Z,buy,5.15e-06,300.0,0.001545
BTS/BTC,1562529100642,2019-07-07T19:51:40.642Z,buy,5.15e-06,215.0,0.00110725
BTS/BTC,1562529100642,2019-07-07T19:51:40.642Z,buy,5.16e-06,562.0,0.00289992
BTS/BTC,1562529103547,2019-07-07T19:51:43.547Z,buy,5.16e-06,1500.0,0.0077399999999999
BTS/BTC,1562529104863,2019-07-07T19:51:44.863Z,buy,5.14e-06,219.0,0.00112566
BTS/BTC,1562529104866,2019-07-07T19:51:44.866Z,buy,5.14e-06,344.0,0.00176816
BTS/BTC,1562529104866,2019-07-07T19:51:44.866Z,buy,5.15e-06,1393.0,0.00717395
BTS/BTC,1562529104913,2019-07-07T19:51:44.913Z,buy,5.15e-06,394.0,0.0020291
BTS/BTC,1562529104917,2019-07-07T19:51:44.917Z,buy,5.15e-06,346.0,0.0017818999999999
BTS/BTC,1562529104992,2019-07-07T19:51:44.992Z,buy,5.15e-06,3964.0,0.0204145999999999
BTS/BTC,1562529104992,2019-07-07T19:51:44.992Z,buy,5.16e-06,80.0,0.0004127999999999
BTS/BTC,1562529109631,2019-07-07T19:51:49.631Z,buy,5.16e-06,2225.0,0.011481
BTS/BTC,1562529110474,2019-07-07T19:51:50.474Z,sell,5.15e-06,600.0,0.00309
BTS/BTC,1562529110858,2019-07-07T19:51:50.858Z,buy,5.15e-06,766.0,0.0039448999999999
BTS/BTC,1562529110874,2019-07-07T19:51:50.874Z,buy,5.15e-06,4729.0,0.02435435
BTS/BTC,1562529110893,2019-07-07T19:51:50.893Z,sell,5.13e-06,600.0,0.003078
BTS/BTC,1562529111007,2019-07-07T19:51:51.007Z,buy,5.15e-06,765.0,0.00393975
BTS/BTC,1562529111020,2019-07-07T19:51:51.020Z,buy,5.16e-06,4728.0,0.0243964799999999
BTS/BTC,1562529111137,2019-07-07T19:51:51.137Z,buy,5.16e-06,765.0,0.0039474
BTS/BTC,1562529130321,2019-07-07T19:52:10.321Z,buy,5.15e-06,3921.0,0.02019315
BTS/BTC,1562529132160,2019-07-07T19:52:12.160Z,buy,5.15e-06,1359.0,0.00699885
BTS/BTC,1562529132486,2019-07-07T19:52:12.486Z,sell,5.13e-06,1060.0,0.0054378
BTS/BTC,1562529133125,2019-07-07T19:52:13.125Z,buy,5.14e-06,434.0,0.00223076
BTS/BTC,1562529133170,2019-07-07T19:52:13.170Z,buy,5.14e-06,376.0,0.00193264
BTS/BTC,1562529133170,2019-07-07T19:52:13.170Z,buy,5.15e-06,46.0,0.0002368999999999
BTS/BTC,1562529133183,2019-07-07T19:52:13.183Z,buy,5.15e-06,567.0,0.00292005
BTS/BTC,1562529133284,2019-07-07T19:52:13.284Z,buy,5.15e-06,383.0,0.0019724499999999
BTS/BTC,1562529133324,2019-07-07T19:52:13.324Z,buy,5.15e-06,509.0,0.0026213499999999
BTS/BTC,1562529134180,2019-07-07T19:52:14.180Z,buy,5.16e-06,500.0,0.00258
BTS/BTC,1562529147099,2019-07-07T19:52:27.099Z,buy,5.15e-06,1329.0,0.00684435
BTS/BTC,1562529147244,2019-07-07T19:52:27.244Z,buy,5.15e-06,2000.0,0.0103
BTS/BTC,1562529147419,2019-07-07T19:52:27.419Z,buy,5.15e-06,2000.0,0.0103
BTS/BTC,1562529147608,2019-07-07T19:52:27.608Z,buy,5.15e-06,1885.0,0.00970775
BTS/BTC,1562529147611,2019-07-07T19:52:27.611Z,buy,5.15e-06,629.0,0.0032393499999999
BTS/BTC,1562529152750,2019-07-07T19:52:32.750Z,buy,5.16e-06,300.0,0.001548
BTS/BTC,1562529153798,2019-07-07T19:52:33.798Z,buy,5.16e-06,349.0,0.00180084
BTS/BTC,1562529154290,2019-07-07T19:52:34.290Z,buy,5.16e-06,364.0,0.00187824
BTS/BTC,1562529179336,2019-07-07T19:52:59.336Z,buy,5.16e-06,63.0,0.00032508
BTS/BTC,1562529186919,2019-07-07T19:53:06.919Z,buy,5.16e-06,68.0,0.00035088
BTS/BTC,1562529197934,2019-07-07T19:53:17.934Z,sell,5.15e-06,1265.0,0.00651475
BTS/BTC,1562529202009,2019-07-07T19:53:22.009Z,sell,5.14e-06,809.0,0.0041582599999999
BTS/BTC,1562529231308,2019-07-07T19:53:51.308Z,buy,5.15e-06,686.0,0.0035329
BTS/BTC,1562529232282,2019-07-07T19:53:52.282Z,buy,5.15e-06,123.0,0.00063345
BTS/BTC,1562529232282,2019-07-07T19:53:52.282Z,buy,5.16e-06,654.0,0.00337464
BTS/BTC,1562529241200,2019-07-07T19:54:01.200Z,sell,5.14e-06,809.0,0.0041582599999999
BTS/BTC,1562529304110,2019-07-07T19:55:04.110Z,buy,5.15e-06,225.0,0.00115875
BTS/BTC,1562529339120,2019-07-07T19:55:39.120Z,buy,5.15e-06,584.0,0.0030076
BTS/BTC,1562529339120,2019-07-07T19:55:39.120Z,buy,5.16e-06,685.0,0.0035345999999999
BTS/BTC,1562529398289,2019-07-07T19:56:38.289Z,buy,5.15e-06,774.0,0.0039861
BTS/BTC,1562529398289,2019-07-07T19:56:38.289Z,buy,5.16e-06,332.0,0.0017131199999999
BTS/BTC,1562529495734,2019-07-07T19:58:15.734Z,sell,5.13e-06,3970.0,0.0203661
BTS/BTC,1562529497984,2019-07-07T19:58:17.984Z,sell,5.13e-06,1579.0,0.00810027
BTS/BTC,1562529499468,2019-07-07T19:58:19.468Z,buy,5.15e-06,476.0,0.0024514
BTS/BTC,1562529500079,2019-07-07T19:58:20.079Z,sell,5.13e-06,811.0,0.00416043
BTS/BTC,1562529501063,2019-07-07T19:58:21.063Z,buy,5.15e-06,300.0,0.001545
BTS/BTC,1562529501067,2019-07-07T19:58:21.067Z,buy,5.15e-06,330.0,0.0016994999999999
BTS/BTC,1562529503082,2019-07-07T19:58:23.082Z,buy,5.15e-06,554.0,0.0028531
BTS/BTC,1562529503941,2019-07-07T19:58:23.941Z,buy,5.15e-06,622.0,0.0032033
BTS/BTC,1562529504144,2019-07-07T19:58:24.144Z,buy,5.15e-06,390.0,0.0020085
BTS/BTC,1562529504951,2019-07-07T19:58:24.951Z,buy,5.15e-06,617.0,0.00317755
BTS/BTC,1562529505932,2019-07-07T19:58:25.932Z,buy,5.15e-06,904.0,0.0046556
BTS/BTC,1562529505961,2019-07-07T19:58:25.961Z,buy,5.15e-06,255.0,0.00131325
BTS/BTC,1562529505961,2019-07-07T19:58:25.961Z,buy,5.16e-06,434.0,0.00223944
BTS/BTC,1562529506937,2019-07-07T19:58:26.937Z,buy,5.15e-06,576.0,0.0029664
BTS/BTC,1562529506965,2019-07-07T19:58:26.965Z,buy,5.15e-06,163.0,0.0008394499999999
BTS/BTC,1562529506965,2019-07-07T19:58:26.965Z,buy,5.16e-06,137.0,0.00070692
BTS/BTC,1562529507957,2019-07-07T19:58:27.957Z,buy,5.15e-06,300.0,0.001545
BTS/BTC,1562529507988,2019-07-07T19:58:27.988Z,buy,5.15e-06,302.0,0.0015553
BTS/BTC,1562529507988,2019-07-07T19:58:27.988Z,buy,5.16e-06,13.0,6.708e-05
BTS/BTC,1562529514744,2019-07-07T19:58:34.744Z,sell,5.14e-06,812.0,0.00417368
BTS/BTC,1562529515488,2019-07-07T19:58:35.488Z,buy,5.15e-06,300.0,0.001545
BTS/BTC,1562529516438,2019-07-07T19:58:36.438Z,buy,5.15e-06,346.0,0.0017818999999999
BTS/BTC,1562529516741,2019-07-07T19:58:36.741Z,sell,5.14e-06,300.0,0.001542
BTS/BTC,1562529518774,2019-07-07T19:58:38.774Z,sell,5.14e-06,346.0,0.00177844
BTS/BTC,1562529520039,2019-07-07T19:58:40.039Z,buy,5.15e-06,420.0,0.002163
BTS/BTC,1562529520048,2019-07-07T19:58:40.048Z,buy,5.15e-06,392.0,0.0020188
BTS/BTC,1562529520048,2019-07-07T19:58:40.048Z,buy,5.16e-06,128.0,0.00066048
BTS/BTC,1562529521549,2019-07-07T19:58:41.549Z,buy,5.16e-06,570.0,0.0029411999999999
BTS/BTC,1562529526625,2019-07-07T19:58:46.625Z,buy,5.16e-06,652.0,0.0033643199999999
BTS/BTC,1562529526627,2019-07-07T19:58:46.627Z,buy,5.16e-06,1573.0,0.00811668
BTS/BTC,1562529526689,2019-07-07T19:58:46.689Z,buy,5.16e-06,1848.0,0.00953568
BTS/BTC,1562529526690,2019-07-07T19:58:46.690Z,buy,5.16e-06,1829.0,0.0094376399999999
BTS/BTC,1562529526698,2019-07-07T19:58:46.698Z,sell,5.14e-06,778.0,0.0039989199999999
BTS/BTC,1562529526698,2019-07-07T19:58:46.698Z,sell,5.13e-06,811.0,0.00416043
BTS/BTC,1562529526732,2019-07-07T19:58:46.732Z,buy,5.16e-06,3894.0,0.02009304
BTS/BTC,1562529533194,2019-07-07T19:58:53.194Z,buy,5.16e-06,1648.0,0.00850368
BTS/BTC,1562529534183,2019-07-07T19:58:54.183Z,buy,5.16e-06,1436.0,0.00740976
BTS/BTC,1562529535128,2019-07-07T19:58:55.128Z,buy,5.16e-06,788.0,0.00406608
BTS/BTC,1562529536134,2019-07-07T19:58:56.134Z,buy,5.16e-06,1889.0,0.0097472399999999
BTS/BTC,1562529537662,2019-07-07T19:58:57.662Z,buy,5.17e-06,2700.0,0.013959
BTS/BTC,1562529538323,2019-07-07T19:58:58.323Z,buy,5.17e-06,777.0,0.00401709
BTS/BTC,1562529541487,2019-07-07T19:59:01.487Z,sell,5.17e-06,1672.0,0.00864424
BTS/BTC,1562529541487,2019-07-07T19:59:01.487Z,sell,5.17e-06,1672.0,0.00864424
BTS/BTC,1562529550656,2019-07-07T19:59:10.656Z,buy,5.18e-06,593.0,0.00307174
BTS/BTC,1562529668327,2019-07-07T20:01:08.327Z,buy,5.18e-06,1930.0,0.0099974
BTS/BTC,1562529710770,2019-07-07T20:01:50.770Z,buy,5.18e-06,1500.0,0.00777
BTS/BTC,1562529783504,2019-07-07T20:03:03.504Z,buy,5.17e-06,300.0,0.0015509999999999
BTS/BTC,1562529784293,2019-07-07T20:03:04.293Z,buy,5.17e-06,500.0,0.0025849999999999
BTS/BTC,1562529784335,2019-07-07T20:03:04.335Z,buy,5.17e-06,300.0,0.0015509999999999
BTS/BTC,1562529794158,2019-07-07T20:03:14.158Z,buy,5.17e-06,6874.0,0.03553858
BTS/BTC,1562529794403,2019-07-07T20:03:14.403Z,buy,5.18e-06,723.0,0.00374514
BTS/BTC,1562529796221,2019-07-07T20:03:16.221Z,buy,5.17e-06,775.0,0.00400675
BTS/BTC,1562529797128,2019-07-07T20:03:17.128Z,buy,5.17e-06,425.0,0.00219725
BTS/BTC,1562529800418,2019-07-07T20:03:20.418Z,buy,5.17e-06,623.0,0.0032209099999999
BTS/BTC,1562529801772,2019-07-07T20:03:21.772Z,buy,5.18e-06,899.0,0.00465682
BTS/BTC,1562529803648,2019-07-07T20:03:23.648Z,buy,5.17e-06,300.0,0.0015509999999999
BTS/BTC,1562529812084,2019-07-07T20:03:32.084Z,buy,5.17e-06,595.0,0.0030761499999999
BTS/BTC,1562529813077,2019-07-07T20:03:33.077Z,buy,5.17e-06,627.0,0.00324159
BTS/BTC,1562529977553,2019-07-07T20:06:17.553Z,buy,5.18e-06,225.0,0.0011655
BTS/BTC,1562530022177,2019-07-07T20:07:02.177Z,sell,5.15e-06,809.0,0.00416635
BTS/BTC,1562530022177,2019-07-07T20:07:02.177Z,sell,5.14e-06,1857.0,0.00954498
BTS/BTC,1562530024286,2019-07-07T20:07:04.286Z,sell,5.14e-06,18450.0,0.094833
BTS/BTC,1562530058888,2019-07-07T20:07:38.888Z,buy,5.16e-06,1579.0,0.00814764
BTS/BTC,1562530059801,2019-07-07T20:07:39.801Z,buy,5.16e-06,580.0,0.0029928
BTS/BTC,1562530093939,2019-07-07T20:08:13.939Z,buy,5.16e-06,65.0,0.0003353999999999
BTS/BTC,1562530105923,2019-07-07T20:08:25.923Z,sell,5.14e-06,810.0,0.0041634
BTS/BTC,1562530152704,2019-07-07T20:09:12.704Z,buy,5.15e-06,300.0,0.001545
BTS/BTC,1562530152960,2019-07-07T20:09:12.960Z,buy,5.15e-06,775.0,0.00399125
BTS/BTC,1562530152990,2019-07-07T20:09:12.990Z,buy,5.15e-06,300.0,0.001545
BTS/BTC,1562530153986,2019-07-07T20:09:13.986Z,buy,5.15e-06,300.0,0.001545
BTS/BTC,1562530154861,2019-07-07T20:09:14.861Z,buy,5.14e-06,366.0,0.00188124
BTS/BTC,1562530154906,2019-07-07T20:09:14.906Z,buy,5.15e-06,300.0,0.001545
BTS/BTC,1562530154918,2019-07-07T20:09:14.918Z,buy,5.15e-06,1019.0,0.00524785
BTS/BTC,1562530154950,2019-07-07T20:09:14.950Z,buy,5.15e-06,326.0,0.0016788999999999
BTS/BTC,1562530155005,2019-07-07T20:09:15.005Z,buy,5.15e-06,300.0,0.001545
BTS/BTC,1562530155071,2019-07-07T20:09:15.071Z,buy,5.15e-06,1171.0,0.0060306499999999
BTS/BTC,1562530156444,2019-07-07T20:09:16.444Z,sell,5.15e-06,300.0,0.001545
BTS/BTC,1562530156960,2019-07-07T20:09:16.960Z,buy,5.15e-06,300.0,0.001545
BTS/BTC,1562530158976,2019-07-07T20:09:18.976Z,buy,5.15e-06,300.0,0.001545
BTS/BTC,1562530158991,2019-07-07T20:09:18.991Z,buy,5.15e-06,746.0,0.0038418999999999
BTS/BTC,1562530159054,2019-07-07T20:09:19.054Z,buy,5.15e-06,300.0,0.001545
BTS/BTC,1562530159944,2019-07-07T20:09:19.944Z,buy,5.15e-06,611.0,0.00314665
BTS/BTC,1562530159959,2019-07-07T20:09:19.959Z,buy,5.15e-06,342.0,0.0017613
BTS/BTC,1562530159967,2019-07-07T20:09:19.967Z,buy,5.15e-06,111.0,0.0005716499999999
BTS/BTC,1562530159967,2019-07-07T20:09:19.967Z,buy,5.16e-06,189.0,0.0009752399999999
BTS/BTC,1562530159990,2019-07-07T20:09:19.990Z,buy,5.16e-06,717.0,0.0036997199999999
BTS/BTC,1562530228936,2019-07-07T20:10:28.936Z,sell,5.13e-06,4883.0,0.02504979
BTS/BTC,1562530231046,2019-07-07T20:10:31.046Z,sell,5.13e-06,4883.0,0.02504979
BTS/BTC,1562530233317,2019-07-07T20:10:33.317Z,sell,5.13e-06,3104.0,0.01592352
BTS/BTC,1562530234497,2019-07-07T20:10:34.497Z,buy,5.14e-06,500.0,0.00257
BTS/BTC,1562530234547,2019-07-07T20:10:34.547Z,buy,5.14e-06,799.0,0.0041068599999999
BTS/BTC,1562530234572,2019-07-07T20:10:34.572Z,sell,5.15e-06,187.0,0.00096305
BTS/BTC,1562530234601,2019-07-07T20:10:34.601Z,buy,5.15e-06,1299.0,0.00668985
BTS/BTC,1562530234632,2019-07-07T20:10:34.632Z,buy,5.15e-06,525.0,0.00270375
BTS/BTC,1562530234727,2019-07-07T20:10:34.727Z,buy,5.15e-06,1008.0,0.0051912
BTS/BTC,1562530235431,2019-07-07T20:10:35.431Z,sell,5.13e-06,814.0,0.00417582
BTS/BTC,1562530235431,2019-07-07T20:10:35.431Z,sell,5.12e-06,4069.0,0.02083328
BTS/BTC,1562530236499,2019-07-07T20:10:36.499Z,buy,5.14e-06,500.0,0.00257
BTS/BTC,1562530236565,2019-07-07T20:10:36.565Z,buy,5.14e-06,314.0,0.00161396
BTS/BTC,1562530236565,2019-07-07T20:10:36.565Z,buy,5.15e-06,451.0,0.00232265
BTS/BTC,1562530236604,2019-07-07T20:10:36.604Z,buy,5.15e-06,682.0,0.0035123
BTS/BTC,1562530236611,2019-07-07T20:10:36.611Z,sell,5.13e-06,1289.0,0.00661257
BTS/BTC,1562530236630,2019-07-07T20:10:36.630Z,buy,5.15e-06,639.0,0.0032908499999999
BTS/BTC,1562530237502,2019-07-07T20:10:37.502Z,sell,5.15e-06,535.0,0.00275525
BTS/BTC,1562530356237,2019-07-07T20:12:36.237Z,sell,5.14e-06,4555.0,0.0234126999999999
BTS/BTC,1562530358457,2019-07-07T20:12:38.457Z,sell,5.13e-06,1731.0,0.00888003
BTS/BTC,1562530360528,2019-07-07T20:12:40.528Z,sell,5.13e-06,2588.0,0.01327644
BTS/BTC,1562530370301,2019-07-07T20:12:50.301Z,buy,5.14e-06,491.0,0.00252374
BTS/BTC,1562530370651,2019-07-07T20:12:50.651Z,sell,5.12e-06,498.0,0.00254976
BTS/BTC,1562530385697,2019-07-07T20:13:05.697Z,buy,5.14e-06,300.0,0.001542
BTS/BTC,1562530385740,2019-07-07T20:13:05.740Z,buy,5.14e-06,21.0,0.00010794
BTS/BTC,1562530385740,2019-07-07T20:13:05.740Z,buy,5.15e-06,279.0,0.00143685
BTS/BTC,1562530429622,2019-07-07T20:13:49.622Z,buy,5.15e-06,389.0,0.00200335
BTS/BTC,1562530437807,2019-07-07T20:13:57.807Z,buy,5.15e-06,3229.0,0.01662935
BTS/BTC,1562530437973,2019-07-07T20:13:57.973Z,buy,5.15e-06,785.0,0.0040427499999999
BTS/BTC,1562530438027,2019-07-07T20:13:58.027Z,buy,5.15e-06,1207.0,0.00621605
BTS/BTC,1562530438027,2019-07-07T20:13:58.027Z,buy,5.16e-06,338.0,0.0017440799999999
BTS/BTC,1562530438967,2019-07-07T20:13:58.967Z,buy,5.15e-06,1512.0,0.0077868
BTS/BTC,1562530439014,2019-07-07T20:13:59.014Z,buy,5.15e-06,2047.0,0.0105420499999999
BTS/BTC,1562530439036,2019-07-07T20:13:59.036Z,buy,5.15e-06,256.0,0.0013184
BTS/BTC,1562530439036,2019-07-07T20:13:59.036Z,buy,5.16e-06,1856.0,0.0095769599999999
BTS/BTC,1562530441027,2019-07-07T20:14:01.027Z,buy,5.15e-06,2785.0,0.01434275
BTS/BTC,1562530441402,2019-07-07T20:14:01.402Z,buy,5.15e-06,996.0,0.0051294
BTS/BTC,1562530441402,2019-07-07T20:14:01.402Z,buy,5.16e-06,955.0,0.0049277999999999
BTS/BTC,1562530443080,2019-07-07T20:14:03.080Z,buy,5.15e-06,933.0,0.00480495
BTS/BTC,1562530443083,2019-07-07T20:14:03.083Z,buy,5.15e-06,1362.0,0.0070142999999999
BTS/BTC,1562530443125,2019-07-07T20:14:03.125Z,buy,5.15e-06,300.0,0.001545
BTS/BTC,1562530443222,2019-07-07T20:14:03.222Z,buy,5.15e-06,75.0,0.00038625
BTS/BTC,1562530443222,2019-07-07T20:14:03.222Z,buy,5.16e-06,2200.0,0.011352
BTS/BTC,1562530444977,2019-07-07T20:14:04.977Z,buy,5.15e-06,1229.0,0.00632935
BTS/BTC,1562530445028,2019-07-07T20:14:05.028Z,buy,5.15e-06,640.0,0.003296
BTS/BTC,1562530445028,2019-07-07T20:14:05.028Z,buy,5.16e-06,84.0,0.00043344
BTS/BTC,1562530445028,2019-07-07T20:14:05.028Z,buy,5.16e-06,1008.0,0.00520128
BTS/BTC,1562530445045,2019-07-07T20:14:05.045Z,buy,5.16e-06,596.0,0.0030753599999999
BTS/BTC,1562530447006,2019-07-07T20:14:07.006Z,buy,5.15e-06,860.0,0.004429
BTS/BTC,1562530447115,2019-07-07T20:14:07.115Z,buy,5.15e-06,449.0,0.00231235
BTS/BTC,1562530447115,2019-07-07T20:14:07.115Z,buy,5.16e-06,3.0,1.548e-05
BTS/BTC,1562530447255,2019-07-07T20:14:07.255Z,buy,5.16e-06,708.0,0.0036532799999999
BTS/BTC,1562530449011,2019-07-07T20:14:09.011Z,buy,5.15e-06,369.0,0.0019003499999999
BTS/BTC,1562530449037,2019-07-07T20:14:09.037Z,buy,5.15e-06,300.0,0.001545
BTS/BTC,1562530450979,2019-07-07T20:14:10.979Z,buy,5.15e-06,479.0,0.00246685
BTS/BTC,1562530451030,2019-07-07T20:14:11.030Z,buy,5.15e-06,236.0,0.0012154
BTS/BTC,1562530451030,2019-07-07T20:14:11.030Z,buy,5.16e-06,302.0,0.00155832
BTS/BTC,1562530451075,2019-07-07T20:14:11.075Z,buy,5.16e-06,364.0,0.00187824
BTS/BTC,1562530452985,2019-07-07T20:14:12.985Z,buy,5.15e-06,342.0,0.0017613
BTS/BTC,1562530453035,2019-07-07T20:14:13.035Z,buy,5.15e-06,159.0,0.00081885
BTS/BTC,1562530453035,2019-07-07T20:14:13.035Z,buy,5.16e-06,141.0,0.0007275599999999
BTS/BTC,1562530454991,2019-07-07T20:14:14.991Z,buy,5.15e-06,241.0,0.00124115
BTS/BTC,1562530455024,2019-07-07T20:14:15.024Z,buy,5.15e-06,110.0,0.0005665
BTS/BTC,1562530455024,2019-07-07T20:14:15.024Z,buy,5.16e-06,190.0,0.0009804
BTS/BTC,1562530455030,2019-07-07T20:14:15.030Z,buy,5.16e-06,300.0,0.001548
BTS/BTC,1562530478034,2019-07-07T20:14:38.034Z,sell,5.13e-06,811.0,0.00416043
BTS/BTC,1562530479244,2019-07-07T20:14:39.244Z,buy,5.15e-06,300.0,0.001545
BTS/BTC,1562530479300,2019-07-07T20:14:39.300Z,buy,5.15e-06,300.0,0.001545
BTS/BTC,1562530480196,2019-07-07T20:14:40.196Z,buy,5.15e-06,2152.0,0.0110828
BTS/BTC,1562530480234,2019-07-07T20:14:40.234Z,buy,5.15e-06,1132.0,0.0058297999999999
BTS/BTC,1562530480264,2019-07-07T20:14:40.264Z,buy,5.15e-06,951.0,0.00489765
BTS/BTC,1562530480886,2019-07-07T20:14:40.886Z,sell,5.13e-06,604.0,0.00309852
BTS/BTC,1562530481304,2019-07-07T20:14:41.304Z,buy,5.14e-06,1919.0,0.00986366
BTS/BTC,1562530481342,2019-07-07T20:14:41.342Z,buy,5.15e-06,439.0,0.00226085
BTS/BTC,1562530481381,2019-07-07T20:14:41.381Z,buy,5.15e-06,1919.0,0.00988285
BTS/BTC,1562530481386,2019-07-07T20:14:41.386Z,buy,5.15e-06,1919.0,0.00988285
BTS/BTC,1562530481634,2019-07-07T20:14:41.634Z,buy,5.15e-06,1277.0,0.00657655
BTS/BTC,1562530481640,2019-07-07T20:14:41.640Z,buy,5.15e-06,1919.0,0.00988285
BTS/BTC,1562530482410,2019-07-07T20:14:42.410Z,buy,5.15e-06,300.0,0.001545
BTS/BTC,1562530486317,2019-07-07T20:14:46.317Z,buy,5.15e-06,300.0,0.001545
BTS/BTC,1562530486665,2019-07-07T20:14:46.665Z,buy,5.15e-06,300.0,0.001545
BTS/BTC,1562530508387,2019-07-07T20:15:08.387Z,buy,5.14e-06,767.0,0.00394238
BTS/BTC,1562530508421,2019-07-07T20:15:08.421Z,buy,5.15e-06,4.0,2.06e-05
BTS/BTC,1562530511874,2019-07-07T20:15:11.874Z,buy,5.16e-06,298.0,0.0015376799999999
BTS/BTC,1562530511929,2019-07-07T20:15:11.929Z,sell,5.15e-06,3560.0,0.018334
BTS/BTC,1562530513042,2019-07-07T20:15:13.042Z,buy,5.16e-06,301.0,0.0015531599999999
BTS/BTC,1562530513684,2019-07-07T20:15:13.684Z,buy,5.16e-06,1103.0,0.00569148
BTS/BTC,1562530570214,2019-07-07T20:16:10.214Z,buy,5.16e-06,66.0,0.00034056
BTS/BTC,1562530635941,2019-07-07T20:17:15.941Z,sell,5.14e-06,1112.0,0.00571568
BTS/BTC,1562530637159,2019-07-07T20:17:17.159Z,buy,5.15e-06,300.0,0.001545
BTS/BTC,1562530637295,2019-07-07T20:17:17.295Z,buy,5.15e-06,303.0,0.00156045
BTS/BTC,1562530638812,2019-07-07T20:17:18.812Z,sell,5.14e-06,605.0,0.0031097
BTS/BTC,1562530640147,2019-07-07T20:17:20.147Z,buy,5.15e-06,509.0,0.0026213499999999
BTS/BTC,1562530640149,2019-07-07T20:17:20.149Z,buy,5.15e-06,304.0,0.0015655999999999
BTS/BTC,1562530640149,2019-07-07T20:17:20.149Z,buy,5.16e-06,204.0,0.0010526399999999
BTS/BTC,1562530641894,2019-07-07T20:17:21.894Z,sell,5.14e-06,280.0,0.0014392
BTS/BTC,1562530650589,2019-07-07T20:17:30.589Z,buy,5.15e-06,280.0,0.001442
BTS/BTC,1562530650589,2019-07-07T20:17:30.589Z,buy,5.16e-06,734.0,0.00378744
BTS/BTC,1562530650603,2019-07-07T20:17:30.603Z,buy,5.16e-06,3358.0,0.01732728
BTS/BTC,1562530650610,2019-07-07T20:17:30.610Z,buy,5.16e-06,3167.0,0.01634172
BTS/BTC,1562530654557,2019-07-07T20:17:34.557Z,buy,5.16e-06,585.0,0.0030185999999999
BTS/BTC,1562530654570,2019-07-07T20:17:34.570Z,buy,5.16e-06,352.0,0.00181632
BTS/BTC,1562530656584,2019-07-07T20:17:36.584Z,buy,5.16e-06,772.0,0.00398352
BTS/BTC,1562530656587,2019-07-07T20:17:36.587Z,buy,5.16e-06,777.0,0.0040093199999999
BTS/BTC,1562530666818,2019-07-07T20:17:46.818Z,buy,5.15e-06,503.0,0.00259045
BTS/BTC,1562530666830,2019-07-07T20:17:46.830Z,buy,5.15e-06,371.0,0.0019106499999999
BTS/BTC,1562530669828,2019-07-07T20:17:49.828Z,buy,5.15e-06,2593.0,0.01335395
BTS/BTC,1562530669972,2019-07-07T20:17:49.972Z,buy,5.15e-06,2578.0,0.0132766999999999
BTS/BTC,1562530671830,2019-07-07T20:17:51.830Z,buy,5.15e-06,1465.0,0.0075447499999999
BTS/BTC,1562530671879,2019-07-07T20:17:51.879Z,buy,5.15e-06,1631.0,0.00839965
BTS/BTC,1562530672837,2019-07-07T20:17:52.837Z,buy,5.15e-06,1627.0,0.0083790499999999
BTS/BTC,1562530672855,2019-07-07T20:17:52.855Z,buy,5.15e-06,777.0,0.0040015499999999
BTS/BTC,1562530672855,2019-07-07T20:17:52.855Z,buy,5.16e-06,765.0,0.0039474
BTS/BTC,1562530674827,2019-07-07T20:17:54.827Z,buy,5.15e-06,1096.0,0.0056444
BTS/BTC,1562530674838,2019-07-07T20:17:54.838Z,buy,5.15e-06,587.0,0.0030230499999999
BTS/BTC,1562530674838,2019-07-07T20:17:54.838Z,buy,5.16e-06,444.0,0.00229104
BTS/BTC,1562530676871,2019-07-07T20:17:56.871Z,buy,5.15e-06,770.0,0.0039655
BTS/BTC,1562530677022,2019-07-07T20:17:57.022Z,buy,5.15e-06,408.0,0.0021012
BTS/BTC,1562530677022,2019-07-07T20:17:57.022Z,buy,5.16e-06,322.0,0.0016615199999999
BTS/BTC,1562530678824,2019-07-07T20:17:58.824Z,buy,5.15e-06,531.0,0.00273465
BTS/BTC,1562530678838,2019-07-07T20:17:58.838Z,buy,5.15e-06,294.0,0.0015141
BTS/BTC,1562530678838,2019-07-07T20:17:58.838Z,buy,5.16e-06,269.0,0.0013880399999999
BTS/BTC,1562530680853,2019-07-07T20:18:00.853Z,buy,5.15e-06,437.0,0.00225055
BTS/BTC,1562530682863,2019-07-07T20:18:02.863Z,buy,5.15e-06,356.0,0.0018334
BTS/BTC,1562530683075,2019-07-07T20:18:03.075Z,buy,5.15e-06,90.0,0.0004635
BTS/BTC,1562530683075,2019-07-07T20:18:03.075Z,buy,5.16e-06,248.0,0.0012796799999999
BTS/BTC,1562530684831,2019-07-07T20:18:04.831Z,buy,5.15e-06,300.0,0.001545
BTS/BTC,1562530684917,2019-07-07T20:18:04.917Z,buy,5.15e-06,12.0,6.18e-05
BTS/BTC,1562530684917,2019-07-07T20:18:04.917Z,buy,5.16e-06,288.0,0.0014860799999999
BTS/BTC,1562530697323,2019-07-07T20:18:17.323Z,buy,5.15e-06,1633.0,0.00840995
BTS/BTC,1562530697541,2019-07-07T20:18:17.541Z,buy,5.15e-06,2679.0,0.01379685
BTS/BTC,1562530701698,2019-07-07T20:18:21.698Z,buy,5.15e-06,579.0,0.00298185
BTS/BTC,1562530702900,2019-07-07T20:18:22.900Z,buy,5.15e-06,2669.0,0.01374535
BTS/BTC,1562530728534,2019-07-07T20:18:48.534Z,buy,5.15e-06,3153.0,0.01623795
BTS/BTC,1562530730429,2019-07-07T20:18:50.429Z,buy,5.15e-06,1141.0,0.00587615
BTS/BTC,1562530735547,2019-07-07T20:18:55.547Z,buy,5.15e-06,500.0,0.002575
BTS/BTC,1562530773626,2019-07-07T20:19:33.626Z,sell,5.14e-06,4382.0,0.02252348
BTS/BTC,1562530774871,2019-07-07T20:19:34.871Z,sell,5.14e-06,6814.0,0.03502396
BTS/BTC,1562530777725,2019-07-07T20:19:37.725Z,sell,5.14e-06,3879.0,0.01993806
BTS/BTC,1562530780667,2019-07-07T20:19:40.667Z,sell,5.13e-06,8852.0,0.04541076
BTS/BTC,1562530783743,2019-07-07T20:19:43.743Z,sell,5.13e-06,1579.0,0.00810027
BTS/BTC,1562530785823,2019-07-07T20:19:45.823Z,sell,5.13e-06,4673.0,0.02397249
BTS/BTC,1562530786629,2019-07-07T20:19:46.629Z,buy,5.14e-06,2444.0,0.01256216
BTS/BTC,1562530786668,2019-07-07T20:19:46.668Z,buy,5.14e-06,1133.0,0.00582362
BTS/BTC,1562530786668,2019-07-07T20:19:46.668Z,buy,5.15e-06,759.0,0.00390885
BTS/BTC,1562530786690,2019-07-07T20:19:46.690Z,buy,5.15e-06,2398.0,0.0123497
BTS/BTC,1562530786747,2019-07-07T20:19:46.747Z,buy,5.14e-06,1381.0,0.00709834
BTS/BTC,1562530786747,2019-07-07T20:19:46.747Z,buy,5.15e-06,458.0,0.0023587
BTS/BTC,1562530787037,2019-07-07T20:19:47.037Z,buy,5.15e-06,300.0,0.001545
BTS/BTC,1562530787635,2019-07-07T20:19:47.635Z,buy,5.14e-06,691.0,0.00355174
BTS/BTC,1562530787642,2019-07-07T20:19:47.642Z,buy,5.15e-06,572.0,0.0029457999999999
BTS/BTC,1562530787716,2019-07-07T20:19:47.716Z,buy,5.15e-06,331.0,0.00170465
BTS/BTC,1562530787741,2019-07-07T20:19:47.741Z,buy,5.15e-06,639.0,0.0032908499999999
BTS/BTC,1562530787775,2019-07-07T20:19:47.775Z,sell,5.13e-06,816.0,0.00418608
BTS/BTC,1562530788630,2019-07-07T20:19:48.630Z,buy,5.14e-06,500.0,0.00257
BTS/BTC,1562530788677,2019-07-07T20:19:48.677Z,buy,5.14e-06,661.0,0.00339754
BTS/BTC,1562530788677,2019-07-07T20:19:48.677Z,buy,5.15e-06,500.0,0.002575
BTS/BTC,1562530788703,2019-07-07T20:19:48.703Z,buy,5.15e-06,511.0,0.0026316499999999
BTS/BTC,1562530788741,2019-07-07T20:19:48.741Z,buy,5.14e-06,307.0,0.0015779799999999
BTS/BTC,1562530789864,2019-07-07T20:19:49.864Z,sell,5.12e-06,816.0,0.00417792
BTS/BTC,1562530790687,2019-07-07T20:19:50.687Z,buy,5.14e-06,372.0,0.00191208
BTS/BTC,1562530790729,2019-07-07T20:19:50.729Z,buy,5.14e-06,88.0,0.00045232
BTS/BTC,1562530790729,2019-07-07T20:19:50.729Z,buy,5.15e-06,284.0,0.0014625999999999
BTS/BTC,1562530790780,2019-07-07T20:19:50.780Z,buy,5.14e-06,300.0,0.001542
BTS/BTC,1562530790941,2019-07-07T20:19:50.941Z,buy,5.14e-06,95.0,0.0004883
BTS/BTC,1562530790941,2019-07-07T20:19:50.941Z,buy,5.15e-06,365.0,0.00187975
BTS/BTC,1562530795638,2019-07-07T20:19:55.638Z,buy,5.15e-06,2645.0,0.01362175
BTS/BTC,1562530795678,2019-07-07T20:19:55.678Z,buy,5.15e-06,8794.0,0.0452891
BTS/BTC,1562530798283,2019-07-07T20:19:58.283Z,sell,5.13e-06,3158.0,0.01620054
BTS/BTC,1562530798644,2019-07-07T20:19:58.644Z,buy,5.15e-06,7935.0,0.04086525
BTS/BTC,1562530798772,2019-07-07T20:19:58.772Z,buy,5.15e-06,9009.0,0.0463963499999999
BTS/BTC,1562530800367,2019-07-07T20:20:00.367Z,sell,5.13e-06,8432.0,0.04325616
BTS/BTC,1562530801794,2019-07-07T20:20:01.794Z,sell,5.13e-06,816.0,0.00418608
BTS/BTC,1562530802651,2019-07-07T20:20:02.651Z,buy,5.14e-06,816.0,0.00419424
BTS/BTC,1562530802772,2019-07-07T20:20:02.772Z,buy,5.15e-06,571.0,0.00294065
BTS/BTC,1562530802784,2019-07-07T20:20:02.784Z,buy,5.15e-06,446.0,0.0022968999999999
BTS/BTC,1562530802814,2019-07-07T20:20:02.814Z,buy,5.15e-06,300.0,0.001545
BTS/BTC,1562530802831,2019-07-07T20:20:02.831Z,buy,5.15e-06,307.0,0.0015810499999999
BTS/BTC,1562530802936,2019-07-07T20:20:02.936Z,buy,5.15e-06,242.0,0.0012462999999999
BTS/BTC,1562530802941,2019-07-07T20:20:02.941Z,buy,5.15e-06,778.0,0.0040067
BTS/BTC,1562530803872,2019-07-07T20:20:03.872Z,sell,5.13e-06,816.0,0.00418608
BTS/BTC,1562530804749,2019-07-07T20:20:04.749Z,buy,5.14e-06,1605.0,0.0082497
BTS/BTC,1562530804857,2019-07-07T20:20:04.857Z,buy,5.14e-06,338.0,0.0017373199999999
BTS/BTC,1562530804871,2019-07-07T20:20:04.871Z,buy,5.14e-06,57.0,0.00029298
BTS/BTC,1562530804871,2019-07-07T20:20:04.871Z,buy,5.15e-06,886.0,0.0045629
BTS/BTC,1562530806273,2019-07-07T20:20:06.273Z,sell,5.13e-06,816.0,0.00418608
BTS/BTC,1562530807643,2019-07-07T20:20:07.643Z,buy,5.14e-06,782.0,0.00401948
BTS/BTC,1562530808768,2019-07-07T20:20:08.768Z,buy,5.14e-06,300.0,0.001542
BTS/BTC,1562530809219,2019-07-07T20:20:09.219Z,sell,5.13e-06,387.0,0.00198531
BTS/BTC,1562530810637,2019-07-07T20:20:10.637Z,buy,5.14e-06,500.0,0.00257
BTS/BTC,1562530810806,2019-07-07T20:20:10.806Z,buy,5.14e-06,16.0,8.224e-05
BTS/BTC,1562530810806,2019-07-07T20:20:10.806Z,buy,5.15e-06,284.0,0.0014625999999999
BTS/BTC,1562530811738,2019-07-07T20:20:11.738Z,sell,5.13e-06,298.0,0.00152874
BTS/BTC,1562530813579,2019-07-07T20:20:13.579Z,buy,5.14e-06,252.0,0.00129528
BTS/BTC,1562530814685,2019-07-07T20:20:14.685Z,sell,5.13e-06,516.0,0.00264708
BTS/BTC,1562530815742,2019-07-07T20:20:15.742Z,buy,5.14e-06,300.0,0.001542
BTS/BTC,1562530815901,2019-07-07T20:20:15.901Z,buy,5.14e-06,262.0,0.00134668
BTS/BTC,1562530815901,2019-07-07T20:20:15.901Z,buy,5.15e-06,38.0,0.0001956999999999
BTS/BTC,1562530816772,2019-07-07T20:20:16.772Z,sell,5.13e-06,552.0,0.00283176
BTS/BTC,1562530818698,2019-07-07T20:20:18.698Z,buy,5.14e-06,300.0,0.001542
BTS/BTC,1562530819717,2019-07-07T20:20:19.717Z,sell,5.13e-06,262.0,0.00134406
BTS/BTC,1562530819752,2019-07-07T20:20:19.752Z,buy,5.14e-06,252.0,0.00129528
BTS/BTC,1562530819752,2019-07-07T20:20:19.752Z,buy,5.15e-06,526.0,0.0027088999999999
BTS/BTC,1562530822679,2019-07-07T20:20:22.679Z,sell,5.13e-06,4244.0,0.02177172
BTS/BTC,1562530823696,2019-07-07T20:20:23.696Z,buy,5.14e-06,723.0,0.00371622
BTS/BTC,1562530823703,2019-07-07T20:20:23.703Z,buy,5.14e-06,93.0,0.00047802
BTS/BTC,1562530823703,2019-07-07T20:20:23.703Z,buy,5.15e-06,516.0,0.0026574
BTS/BTC,1562530823744,2019-07-07T20:20:23.744Z,buy,5.15e-06,516.0,0.0026574
BTS/BTC,1562530823857,2019-07-07T20:20:23.857Z,buy,5.15e-06,720.0,0.003708
BTS/BTC,1562530825304,2019-07-07T20:20:25.304Z,sell,5.13e-06,818.0,0.00419634
BTS/BTC,1562530825645,2019-07-07T20:20:25.645Z,buy,5.14e-06,497.0,0.00255458
BTS/BTC,1562530825674,2019-07-07T20:20:25.674Z,buy,5.14e-06,321.0,0.00164994
BTS/BTC,1562530825674,2019-07-07T20:20:25.674Z,buy,5.15e-06,57.0,0.00029355
BTS/BTC,1562530825701,2019-07-07T20:20:25.701Z,buy,5.15e-06,405.0,0.00208575
BTS/BTC,1562530825745,2019-07-07T20:20:25.745Z,buy,5.15e-06,818.0,0.0042127
BTS/BTC,1562530826943,2019-07-07T20:20:26.943Z,sell,5.13e-06,818.0,0.00419634
BTS/BTC,1562530828918,2019-07-07T20:20:28.918Z,sell,5.13e-06,3195.0,0.01639035
BTS/BTC,1562530829633,2019-07-07T20:20:29.633Z,buy,5.14e-06,529.0,0.00271906
BTS/BTC,1562530829691,2019-07-07T20:20:29.691Z,buy,5.14e-06,289.0,0.00148546
BTS/BTC,1562530829691,2019-07-07T20:20:29.691Z,buy,5.15e-06,11.0,5.665e-05
BTS/BTC,1562530829720,2019-07-07T20:20:29.720Z,buy,5.15e-06,488.0,0.0025131999999999
BTS/BTC,1562530830888,2019-07-07T20:20:30.888Z,sell,5.13e-06,818.0,0.00419634
BTS/BTC,1562530832637,2019-07-07T20:20:32.637Z,buy,5.14e-06,575.0,0.0029555
BTS/BTC,1562530832802,2019-07-07T20:20:32.802Z,buy,5.14e-06,243.0,0.00124902
BTS/BTC,1562530832802,2019-07-07T20:20:32.802Z,buy,5.15e-06,151.0,0.00077765
BTS/BTC,1562530833935,2019-07-07T20:20:33.935Z,sell,5.13e-06,816.0,0.00418608
BTS/BTC,1562530834589,2019-07-07T20:20:34.589Z,buy,5.14e-06,300.0,0.001542
BTS/BTC,1562530835858,2019-07-07T20:20:35.858Z,buy,5.15e-06,300.0,0.001545
BTS/BTC,1562530837103,2019-07-07T20:20:37.103Z,sell,5.13e-06,401.0,0.00205713
BTS/BTC,1562530839729,2019-07-07T20:20:39.729Z,sell,5.13e-06,8968.0,0.04600584
BTS/BTC,1562530842694,2019-07-07T20:20:42.694Z,sell,5.14e-06,1579.0,0.00811606
BTS/BTC,1562530844888,2019-07-07T20:20:44.888Z,sell,5.13e-06,789.0,0.00404757
BTS/BTC,1562530846961,2019-07-07T20:20:46.961Z,sell,5.13e-06,395.0,0.00202635
BTS/BTC,1562530849257,2019-07-07T20:20:49.257Z,sell,5.13e-06,395.0,0.00202635
BTS/BTC,1562530862297,2019-07-07T20:21:02.297Z,buy,5.15e-06,777.0,0.0040015499999999
BTS/BTC,1562530863797,2019-07-07T20:21:03.797Z,sell,5.13e-06,779.0,0.00399627
BTS/BTC,1562530864458,2019-07-07T20:21:04.458Z,buy,5.15e-06,777.0,0.0040015499999999
BTS/BTC,1562530865894,2019-07-07T20:21:05.894Z,sell,5.13e-06,777.0,0.00398601
BTS/BTC,1562530867507,2019-07-07T20:21:07.507Z,buy,5.15e-06,2553.0,0.01314795
BTS/BTC,1562530868832,2019-07-07T20:21:08.832Z,sell,5.13e-06,1471.0,0.00754623
BTS/BTC,1562530870797,2019-07-07T20:21:10.797Z,sell,5.13e-06,638.0,0.00327294
BTS/BTC,1562530872872,2019-07-07T20:21:12.872Z,sell,5.13e-06,639.0,0.00327807
BTS/BTC,1562530915091,2019-07-07T20:21:55.091Z,buy,5.15e-06,2669.0,0.01374535
BTS/BTC,1562530915875,2019-07-07T20:21:55.875Z,sell,5.13e-06,300.0,0.001539
BTS/BTC,1562530916819,2019-07-07T20:21:56.819Z,buy,5.15e-06,967.0,0.00498005
BTS/BTC,1562530918520,2019-07-07T20:21:58.520Z,buy,5.15e-06,1141.0,0.00587615
BTS/BTC,1562530918697,2019-07-07T20:21:58.697Z,sell,5.13e-06,816.0,0.00418608
BTS/BTC,1562530920273,2019-07-07T20:22:00.273Z,buy,5.14e-06,1143.0,0.00587502
BTS/BTC,1562530921654,2019-07-07T20:22:01.654Z,sell,5.13e-06,596.0,0.00305748
BTS/BTC,1562530922131,2019-07-07T20:22:02.131Z,buy,5.14e-06,1047.0,0.0053815799999999
BTS/BTC,1562530924160,2019-07-07T20:22:04.160Z,buy,5.14e-06,1143.0,0.00587502
BTS/BTC,1562530924827,2019-07-07T20:22:04.827Z,sell,5.13e-06,817.0,0.00419121
BTS/BTC,1562530932355,2019-07-07T20:22:12.355Z,buy,5.14e-06,930.0,0.0047802
BTS/BTC,1562530934251,2019-07-07T20:22:14.251Z,buy,5.14e-06,950.0,0.004883
BTS/BTC,1562530935881,2019-07-07T20:22:15.881Z,sell,5.13e-06,817.0,0.00419121
BTS/BTC,1562530950868,2019-07-07T20:22:30.868Z,sell,5.13e-06,500.0,0.002565
BTS/BTC,1562530963676,2019-07-07T20:22:43.676Z,buy,5.14e-06,974.0,0.00500636
BTS/BTC,1562530964855,2019-07-07T20:22:44.855Z,sell,5.12e-06,438.0,0.00224256
BTS/BTC,1562530965615,2019-07-07T20:22:45.615Z,buy,5.14e-06,809.0,0.0041582599999999
BTS/BTC,1562530966828,2019-07-07T20:22:46.828Z,sell,5.13e-06,817.0,0.00419121
BTS/BTC,1562530973061,2019-07-07T20:22:53.061Z,sell,5.12e-06,7913.0,0.04051456
BTS/BTC,1562530975566,2019-07-07T20:22:55.566Z,buy,5.13e-06,780.0,0.0040014
BTS/BTC,1562530975695,2019-07-07T20:22:55.695Z,buy,5.13e-06,40.0,0.0002052
BTS/BTC,1562530976897,2019-07-07T20:22:56.897Z,sell,5.13e-06,8104.0,0.04157352
BTS/BTC,1562530979206,2019-07-07T20:22:59.206Z,sell,5.12e-06,506.0,0.00259072
BTS/BTC,1562530985526,2019-07-07T20:23:05.526Z,sell,5.12e-06,506.0,0.00259072
BTS/BTC,1562530991993,2019-07-07T20:23:11.993Z,sell,5.12e-06,1987.0,0.01017344
BTS/BTC,1562530994729,2019-07-07T20:23:14.729Z,sell,5.12e-06,506.0,0.00259072
BTS/BTC,1562530999325,2019-07-07T20:23:19.325Z,buy,5.14e-06,1131.0,0.00581334
BTS/BTC,1562530999325,2019-07-07T20:23:19.325Z,buy,5.15e-06,763.0,0.00392945
BTS/BTC,1562531000864,2019-07-07T20:23:20.864Z,sell,5.13e-06,818.0,0.00419634
BTS/BTC,1562531010436,2019-07-07T20:23:30.436Z,buy,5.14e-06,1076.0,0.00553064
BTS/BTC,1562531011903,2019-07-07T20:23:31.903Z,sell,5.12e-06,400.0,0.002048
BTS/BTC,1562531012269,2019-07-07T20:23:32.269Z,buy,5.14e-06,778.0,0.0039989199999999
BTS/BTC,1562531013865,2019-07-07T20:23:33.865Z,sell,5.13e-06,818.0,0.00419634
BTS/BTC,1562531014194,2019-07-07T20:23:34.194Z,buy,5.13e-06,778.0,0.00399114
BTS/BTC,1562531016255,2019-07-07T20:23:36.255Z,buy,5.13e-06,44.0,0.00022572
BTS/BTC,1562531016255,2019-07-07T20:23:36.255Z,buy,5.14e-06,736.0,0.00378304
BTS/BTC,1562531018157,2019-07-07T20:23:38.157Z,buy,5.13e-06,485.0,0.00248805
BTS/BTC,1562531018157,2019-07-07T20:23:38.157Z,buy,5.14e-06,295.0,0.0015163
BTS/BTC,1562531019839,2019-07-07T20:23:39.839Z,buy,5.13e-06,339.0,0.00173907
BTS/BTC,1562531066349,2019-07-07T20:24:26.349Z,sell,5.11e-06,2000.0,0.01022
BTS/BTC,1562531068956,2019-07-07T20:24:28.956Z,buy,5.14e-06,576.0,0.00296064
BTS/BTC,1562531073486,2019-07-07T20:24:33.486Z,sell,5.12e-06,210.0,0.0010752
BTS/BTC,1562531085769,2019-07-07T20:24:45.769Z,buy,5.12e-06,388.0,0.00198656
BTS/BTC,1562531085769,2019-07-07T20:24:45.769Z,buy,5.13e-06,112.0,0.00057456
BTS/BTC,1562531085849,2019-07-07T20:24:45.849Z,buy,5.13e-06,300.0,0.001539
BTS/BTC,1562531087752,2019-07-07T20:24:47.752Z,buy,5.13e-06,508.0,0.00260604
BTS/BTC,1562531090293,2019-07-07T20:24:50.293Z,buy,5.13e-06,1030.0,0.0052839
BTS/BTC,1562531090654,2019-07-07T20:24:50.654Z,buy,5.13e-06,806.0,0.00413478
BTS/BTC,1562531090775,2019-07-07T20:24:50.775Z,buy,5.13e-06,254.0,0.00130302
BTS/BTC,1562531090775,2019-07-07T20:24:50.775Z,buy,5.14e-06,246.0,0.00126444
BTS/BTC,1562531091784,2019-07-07T20:24:51.784Z,buy,5.13e-06,1505.0,0.00772065
BTS/BTC,1562531091784,2019-07-07T20:24:51.784Z,buy,5.14e-06,984.0,0.00505776
BTS/BTC,1562531105617,2019-07-07T20:25:05.617Z,buy,5.13e-06,660.0,0.0033858
BTS/BTC,1562531200304,2019-07-07T20:26:40.304Z,buy,5.13e-06,2382.0,0.01221966
BTS/BTC,1562531282007,2019-07-07T20:28:02.007Z,buy,5.13e-06,780.0,0.0040014
BTS/BTC,1562531284119,2019-07-07T20:28:04.119Z,buy,5.13e-06,58.0,0.00029754
BTS/BTC,1562531371892,2019-07-07T20:29:31.892Z,buy,5.13e-06,780.0,0.0040014
BTS/BTC,1562531373928,2019-07-07T20:29:33.928Z,buy,5.13e-06,780.0,0.0040014
BTS/BTC,1562531445236,2019-07-07T20:30:45.236Z,buy,5.13e-06,240.0,0.0012312
BTS/BTC,1562531460537,2019-07-07T20:31:00.537Z,buy,5.13e-06,319.0,0.00163647
BTS/BTC,1562531461496,2019-07-07T20:31:01.496Z,buy,5.13e-06,719.0,0.00368847
BTS/BTC,1562531463687,2019-07-07T20:31:03.687Z,buy,5.13e-06,657.0,0.00337041
BTS/BTC,1562531467530,2019-07-07T20:31:07.530Z,buy,5.13e-06,579.0,0.00297027
BTS/BTC,1562531469527,2019-07-07T20:31:09.527Z,buy,5.13e-06,1455.0,0.00746415
BTS/BTC,1562531469535,2019-07-07T20:31:09.535Z,buy,5.13e-06,3040.0,0.0155952
BTS/BTC,1562531470512,2019-07-07T20:31:10.512Z,buy,5.13e-06,381.0,0.00195453
BTS/BTC,1562531471475,2019-07-07T20:31:11.475Z,buy,5.13e-06,500.0,0.002565
BTS/BTC,1562531472509,2019-07-07T20:31:12.509Z,buy,5.13e-06,310.0,0.0015903
BTS/BTC,1562531473506,2019-07-07T20:31:13.506Z,buy,5.13e-06,2031.0,0.01041903
BTS/BTC,1562531473567,2019-07-07T20:31:13.567Z,buy,5.13e-06,1209.0,0.00620217
BTS/BTC,1562531486155,2019-07-07T20:31:26.155Z,buy,5.13e-06,200.0,0.001026
BTS/BTC,1562531515773,2019-07-07T20:31:55.773Z,buy,5.13e-06,717.0,0.00367821
BTS/BTC,1562531530694,2019-07-07T20:32:10.694Z,buy,5.13e-06,1665.0,0.00854145
BTS/BTC,1562531531672,2019-07-07T20:32:11.672Z,sell,5.13e-06,642.0,0.00329346
BTS/BTC,1562531531994,2019-07-07T20:32:11.994Z,sell,5.13e-06,837.0,0.00429381
BTS/BTC,1562531554525,2019-07-07T20:32:34.525Z,buy,5.13e-06,1921.0,0.00985473
BTS/BTC,1562531555277,2019-07-07T20:32:35.277Z,buy,5.13e-06,300.0,0.001539
BTS/BTC,1562531555280,2019-07-07T20:32:35.280Z,buy,5.13e-06,44.0,0.00022572
BTS/BTC,1562531555280,2019-07-07T20:32:35.280Z,buy,5.14e-06,295.0,0.0015163
BTS/BTC,1562531555289,2019-07-07T20:32:35.289Z,buy,5.14e-06,300.0,0.001542
BTS/BTC,1562531555324,2019-07-07T20:32:35.324Z,sell,5.11e-06,654.0,0.00334194
BTS/BTC,1562531556335,2019-07-07T20:32:36.335Z,buy,5.13e-06,300.0,0.001539
BTS/BTC,1562531557294,2019-07-07T20:32:37.294Z,buy,5.13e-06,300.0,0.001539
BTS/BTC,1562531569906,2019-07-07T20:32:49.906Z,buy,5.13e-06,292.0,0.00149796
BTS/BTC,1562531610736,2019-07-07T20:33:30.736Z,buy,5.13e-06,611.0,0.00313443
BTS/BTC,1562531610806,2019-07-07T20:33:30.806Z,buy,5.14e-06,417.0,0.00214338
BTS/BTC,1562531613787,2019-07-07T20:33:33.787Z,buy,5.13e-06,500.0,0.002565
BTS/BTC,1562531615746,2019-07-07T20:33:35.746Z,buy,5.13e-06,300.0,0.001539
BTS/BTC,1562531618738,2019-07-07T20:33:38.738Z,buy,5.13e-06,300.0,0.001539
BTS/BTC,1562531622729,2019-07-07T20:33:42.729Z,buy,5.13e-06,41.0,0.00021033
BTS/BTC,1562531622729,2019-07-07T20:33:42.729Z,buy,5.14e-06,2111.0,0.01085054
BTS/BTC,1562531622765,2019-07-07T20:33:42.765Z,buy,5.14e-06,300.0,0.001542
BTS/BTC,1562531622790,2019-07-07T20:33:42.790Z,buy,5.14e-06,2240.0,0.0115136
BTS/BTC,1562531622858,2019-07-07T20:33:42.858Z,buy,5.14e-06,1238.0,0.00636332
BTS/BTC,1562531624854,2019-07-07T20:33:44.854Z,buy,5.13e-06,300.0,0.001539
BTS/BTC,1562531624907,2019-07-07T20:33:44.907Z,buy,5.13e-06,120.0,0.0006156
BTS/BTC,1562531624907,2019-07-07T20:33:44.907Z,buy,5.14e-06,180.0,0.0009251999999999
BTS/BTC,1562531624913,2019-07-07T20:33:44.913Z,buy,5.14e-06,300.0,0.001542
BTS/BTC,1562531624920,2019-07-07T20:33:44.920Z,buy,5.14e-06,371.0,0.00190694
BTS/BTC,1562531624969,2019-07-07T20:33:44.969Z,buy,5.14e-06,300.0,0.001542
BTS/BTC,1562531625621,2019-07-07T20:33:45.621Z,buy,5.14e-06,300.0,0.001542
BTS/BTC,1562531625808,2019-07-07T20:33:45.808Z,buy,5.14e-06,2037.0,0.0104701799999999
BTS/BTC,1562531626791,2019-07-07T20:33:46.791Z,buy,5.13e-06,323.0,0.00165699
BTS/BTC,1562531626791,2019-07-07T20:33:46.791Z,buy,5.14e-06,255.0,0.0013107
BTS/BTC,1562531626827,2019-07-07T20:33:46.827Z,buy,5.14e-06,300.0,0.001542
BTS/BTC,1562531626897,2019-07-07T20:33:46.897Z,buy,5.14e-06,300.0,0.001542
BTS/BTC,1562531626903,2019-07-07T20:33:46.903Z,buy,5.14e-06,6695.0,0.0344123
BTS/BTC,1562531626917,2019-07-07T20:33:46.917Z,buy,5.14e-06,300.0,0.001542
BTS/BTC,1562531627583,2019-07-07T20:33:47.583Z,buy,5.14e-06,300.0,0.001542
BTS/BTC,1562531627733,2019-07-07T20:33:47.733Z,buy,5.14e-06,2366.0,0.01216124
BTS/BTC,1562531628728,2019-07-07T20:33:48.728Z,buy,5.14e-06,711.0,0.00365454
BTS/BTC,1562531633764,2019-07-07T20:33:53.764Z,sell,5.13e-06,819.0,0.00420147
BTS/BTC,1562531634007,2019-07-07T20:33:54.007Z,buy,5.14e-06,600.0,0.003084
BTS/BTC,1562531636242,2019-07-07T20:33:56.242Z,sell,5.13e-06,319.0,0.00163647
BTS/BTC,1562531637356,2019-07-07T20:33:57.356Z,buy,5.14e-06,547.0,0.00281158
BTS/BTC,1562531638968,2019-07-07T20:33:58.968Z,sell,5.13e-06,547.0,0.00280611
BTS/BTC,1562531658360,2019-07-07T20:34:18.360Z,buy,5.14e-06,819.0,0.00420966
BTS/BTC,1562531658378,2019-07-07T20:34:18.378Z,buy,5.15e-06,692.0,0.0035637999999999
BTS/BTC,1562531659436,2019-07-07T20:34:19.436Z,buy,5.15e-06,1316.0,0.0067773999999999
BTS/BTC,1562531659506,2019-07-07T20:34:19.506Z,buy,5.15e-06,7084.0,0.0364826
BTS/BTC,1562531659610,2019-07-07T20:34:19.610Z,buy,5.15e-06,1500.0,0.007725
BTS/BTC,1562531659613,2019-07-07T20:34:19.613Z,buy,5.15e-06,1500.0,0.007725
BTS/BTC,1562531659799,2019-07-07T20:34:19.799Z,buy,5.15e-06,1500.0,0.007725
BTS/BTC,1562531659847,2019-07-07T20:34:19.847Z,buy,5.15e-06,1500.0,0.007725
BTS/BTC,1562531659895,2019-07-07T20:34:19.895Z,buy,5.15e-06,282.0,0.0014523
BTS/BTC,1562531666290,2019-07-07T20:34:26.290Z,buy,5.15e-06,274.0,0.0014111
BTS/BTC,1562531666317,2019-07-07T20:34:26.317Z,buy,5.15e-06,366.0,0.0018849
BTS/BTC,1562531666354,2019-07-07T20:34:26.354Z,buy,5.15e-06,300.0,0.001545
BTS/BTC,1562531666364,2019-07-07T20:34:26.364Z,buy,5.15e-06,366.0,0.0018849
BTS/BTC,1562531666397,2019-07-07T20:34:26.397Z,buy,5.15e-06,300.0,0.001545
BTS/BTC,1562531667360,2019-07-07T20:34:27.360Z,buy,5.15e-06,272.0,0.0014008
BTS/BTC,1562531672861,2019-07-07T20:34:32.861Z,buy,5.15e-06,1043.0,0.00537145
BTS/BTC,1562531675746,2019-07-07T20:34:35.746Z,buy,5.15e-06,358.0,0.0018437
BTS/BTC,1562531681631,2019-07-07T20:34:41.631Z,buy,5.15e-06,432.0,0.0022248
BTS/BTC,1562531683583,2019-07-07T20:34:43.583Z,sell,5.13e-06,5873.0,0.03012849
BTS/BTC,1562531683939,2019-07-07T20:34:43.939Z,sell,5.13e-06,554.0,0.00284202
BTS/BTC,1562531683939,2019-07-07T20:34:43.939Z,sell,5.12e-06,5873.0,0.03006976
BTS/BTC,1562531686671,2019-07-07T20:34:46.671Z,sell,5.13e-06,818.0,0.00419634
BTS/BTC,1562531687834,2019-07-07T20:34:47.834Z,buy,5.13e-06,300.0,0.001539
BTS/BTC,1562531687885,2019-07-07T20:34:47.885Z,buy,5.13e-06,500.0,0.002565
BTS/BTC,1562531687887,2019-07-07T20:34:47.887Z,buy,5.13e-06,21.0,0.00010773
BTS/BTC,1562531687887,2019-07-07T20:34:47.887Z,buy,5.14e-06,279.0,0.00143406
BTS/BTC,1562531687940,2019-07-07T20:34:47.940Z,buy,5.14e-06,300.0,0.001542
BTS/BTC,1562531688954,2019-07-07T20:34:48.954Z,sell,5.13e-06,581.0,0.00298053
BTS/BTC,1562531689930,2019-07-07T20:34:49.930Z,buy,5.13e-06,514.0,0.00263682
BTS/BTC,1562531689935,2019-07-07T20:34:49.935Z,buy,5.13e-06,69.0,0.00035397
BTS/BTC,1562531689935,2019-07-07T20:34:49.935Z,buy,5.14e-06,231.0,0.00118734
BTS/BTC,1562531690917,2019-07-07T20:34:50.917Z,sell,5.13e-06,231.0,0.00118503
BTS/BTC,1562531706998,2019-07-07T20:35:06.998Z,buy,5.14e-06,300.0,0.001542
BTS/BTC,1562531707867,2019-07-07T20:35:07.867Z,sell,5.13e-06,300.0,0.001539
BTS/BTC,1562531748880,2019-07-07T20:35:48.880Z,buy,5.14e-06,794.0,0.00408116
BTS/BTC,1562531749868,2019-07-07T20:35:49.868Z,sell,5.13e-06,794.0,0.00407322
BTS/BTC,1562531750434,2019-07-07T20:35:50.434Z,sell,5.12e-06,300.0,0.001536
BTS/BTC,1562531750969,2019-07-07T20:35:50.969Z,buy,5.13e-06,300.0,0.001539
BTS/BTC,1562531751002,2019-07-07T20:35:51.002Z,buy,5.13e-06,300.0,0.001539
BTS/BTC,1562531751017,2019-07-07T20:35:51.017Z,buy,5.13e-06,318.0,0.00163134
BTS/BTC,1562531751955,2019-07-07T20:35:51.955Z,buy,5.13e-06,179.0,0.00091827
BTS/BTC,1562531751955,2019-07-07T20:35:51.955Z,buy,5.14e-06,583.0,0.0029966199999999
BTS/BTC,1562531752000,2019-07-07T20:35:52.000Z,buy,5.14e-06,237.0,0.00121818
BTS/BTC,1562531752931,2019-07-07T20:35:52.931Z,sell,5.14e-06,1164.0,0.00598296
BTS/BTC,1562531758001,2019-07-07T20:35:58.001Z,buy,5.13e-06,1291.0,0.00662283
BTS/BTC,1562531758011,2019-07-07T20:35:58.011Z,buy,5.13e-06,300.0,0.001539
BTS/BTC,1562531758112,2019-07-07T20:35:58.112Z,buy,5.14e-06,300.0,0.001542
BTS/BTC,1562531758965,2019-07-07T20:35:58.965Z,sell,5.13e-06,820.0,0.0042066
BTS/BTC,1562531760968,2019-07-07T20:36:00.968Z,buy,5.14e-06,961.0,0.00493954
BTS/BTC,1562531760980,2019-07-07T20:36:00.980Z,buy,5.14e-06,300.0,0.001542
BTS/BTC,1562531761098,2019-07-07T20:36:01.098Z,buy,5.14e-06,430.0,0.0022102
BTS/BTC,1562531761909,2019-07-07T20:36:01.909Z,sell,5.14e-06,1195.0,0.0061423
BTS/BTC,1562531767035,2019-07-07T20:36:07.035Z,buy,5.13e-06,1028.0,0.00527364
BTS/BTC,1562531767135,2019-07-07T20:36:07.135Z,buy,5.13e-06,300.0,0.001539
BTS/BTC,1562531767211,2019-07-07T20:36:07.211Z,buy,5.13e-06,1116.0,0.00572508
BTS/BTC,1562531767215,2019-07-07T20:36:07.215Z,buy,5.13e-06,416.0,0.00213408
BTS/BTC,1562531767725,2019-07-07T20:36:07.725Z,buy,5.13e-06,153.0,0.00078489
BTS/BTC,1562531767725,2019-07-07T20:36:07.725Z,buy,5.14e-06,347.0,0.0017835799999999
BTS/BTC,1562531768907,2019-07-07T20:36:08.907Z,sell,5.13e-06,820.0,0.0042066
BTS/BTC,1562532040901,2019-07-07T20:40:40.901Z,sell,5.13e-06,393.0,0.00201609
BTS/BTC,1562532309315,2019-07-07T20:45:09.315Z,buy,5.14e-06,2929.0,0.01505506
BTS/BTC,1562532309696,2019-07-07T20:45:09.696Z,sell,5.14e-06,2071.0,0.01064494
BTS/BTC,1562532310107,2019-07-07T20:45:10.107Z,sell,5.13e-06,814.0,0.00417582
BTS/BTC,1562532310107,2019-07-07T20:45:10.107Z,sell,5.12e-06,1257.0,0.00643584
BTS/BTC,1562532742517,2019-07-07T20:52:22.517Z,sell,5.12e-06,5219.0,0.02672128
BTS/BTC,1562532857879,2019-07-07T20:54:17.879Z,sell,5.12e-06,1000.0,0.00512
BTS/BTC,1562532902604,2019-07-07T20:55:02.604Z,sell,5.13e-06,5880.0,0.0301644
BTS/BTC,1562532903157,2019-07-07T20:55:03.157Z,sell,5.13e-06,10113.0,0.05187969
BTS/BTC,1562532905826,2019-07-07T20:55:05.826Z,sell,5.13e-06,366.0,0.00187758
BTS/BTC,1562532950130,2019-07-07T20:55:50.130Z,buy,5.14e-06,207.0,0.00106398
BTS/BTC,1562532967530,2019-07-07T20:56:07.530Z,buy,5.14e-06,771.0,0.00396294
BTS/BTC,1562532967530,2019-07-07T20:56:07.530Z,buy,5.14e-06,771.0,0.00396294
BTS/BTC,1562533218490,2019-07-07T21:00:18.490Z,buy,5.14e-06,1944.0,0.00999216
BTS/BTC,1562533368055,2019-07-07T21:02:48.055Z,buy,5.14e-06,296.0,0.00152144
BTS/BTC,1562533415894,2019-07-07T21:03:35.894Z,buy,5.14e-06,300.0,0.001542
BTS/BTC,1562533425393,2019-07-07T21:03:45.393Z,buy,5.14e-06,414.0,0.00212796
BTS/BTC,1562533445962,2019-07-07T21:04:05.962Z,buy,5.14e-06,5555.0,0.0285527
BTS/BTC,1562533478986,2019-07-07T21:04:38.986Z,buy,5.14e-06,839.0,0.00431246
BTS/BTC,1562533524402,2019-07-07T21:05:24.402Z,sell,5.13e-06,297.0,0.00152361
BTS/BTC,1562533524638,2019-07-07T21:05:24.638Z,buy,5.13e-06,178.0,0.00091314
BTS/BTC,1562533691953,2019-07-07T21:08:11.953Z,buy,5.14e-06,300.0,0.001542
BTS/BTC,1562533915520,2019-07-07T21:11:55.520Z,sell,5.12e-06,9885.0,0.0506112
BTS/BTC,1562533915520,2019-07-07T21:11:55.520Z,sell,5.11e-06,1646.0,0.00841106
BTS/BTC,1562533915674,2019-07-07T21:11:55.674Z,buy,5.11e-06,3127.0,0.01597897
BTS/BTC,1562533915788,2019-07-07T21:11:55.788Z,sell,5.11e-06,290.0,0.0014819
BTS/BTC,1562533915788,2019-07-07T21:11:55.788Z,sell,5.1e-06,5397.0,0.0275247
BTS/BTC,1562533916609,2019-07-07T21:11:56.609Z,sell,5.1e-06,16819.0,0.0857769
BTS/BTC,1562533916609,2019-07-07T21:11:56.609Z,sell,5.09e-06,8902.0,0.04531118
BTS/BTC,1562533916609,2019-07-07T21:11:56.609Z,sell,5.08e-06,4348.0,0.0220878399999999
BTS/BTC,1562533917472,2019-07-07T21:11:57.472Z,buy,5.12e-06,500.0,0.00256
BTS/BTC,1562533917547,2019-07-07T21:11:57.547Z,buy,5.12e-06,676.0,0.00346112
BTS/BTC,1562533918896,2019-07-07T21:11:58.896Z,sell,5.11e-06,281.0,0.00143591
BTS/BTC,1562533919131,2019-07-07T21:11:59.131Z,sell,5.11e-06,354.0,0.00180894
BTS/BTC,1562533920478,2019-07-07T21:12:00.478Z,buy,5.11e-06,635.0,0.00324485
BTS/BTC,1562533920478,2019-07-07T21:12:00.478Z,buy,5.12e-06,355.0,0.0018176
BTS/BTC,1562533920508,2019-07-07T21:12:00.508Z,buy,5.12e-06,568.0,0.00290816
BTS/BTC,1562533920516,2019-07-07T21:12:00.516Z,buy,5.12e-06,547.0,0.00280064
BTS/BTC,1562533920527,2019-07-07T21:12:00.527Z,buy,5.12e-06,475.0,0.002432
BTS/BTC,1562533920581,2019-07-07T21:12:00.581Z,buy,5.12e-06,442.0,0.00226304
BTS/BTC,1562533920626,2019-07-07T21:12:00.626Z,buy,5.12e-06,624.0,0.00319488
BTS/BTC,1562533920647,2019-07-07T21:12:00.647Z,buy,5.12e-06,79.0,0.00040448
BTS/BTC,1562533927332,2019-07-07T21:12:07.332Z,buy,5.13e-06,622.0,0.00319086
