symbol,timestamp,datetime,side,price,amount,btc_volume
CDT/BTC,1556722992609,2019-05-01T15:03:12.609Z,buy,1.68e-06,5952.0,0.00999936
CDT/BTC,1556722995250,2019-05-01T15:03:15.250Z,buy,1.68e-06,5952.0,0.00999936
CDT/BTC,1556723841196,2019-05-01T15:17:21.196Z,sell,1.67e-06,200612.0,0.33502204
CDT/BTC,1556723841196,2019-05-01T15:17:21.196Z,sell,1.66e-06,81157.0,0.1347206199999999
CDT/BTC,1556723841229,2019-05-01T15:17:21.229Z,buy,1.67e-06,2855.0,0.00476785
CDT/BTC,1556723841255,2019-05-01T15:17:21.255Z,buy,1.67e-06,3218.0,0.00537406
CDT/BTC,1556723841570,2019-05-01T15:17:21.570Z,buy,1.67e-06,2000.0,0.00334
CDT/BTC,1556723841575,2019-05-01T15:17:21.575Z,sell,1.66e-06,3000.0,0.00498
CDT/BTC,1556723841656,2019-05-01T15:17:21.656Z,buy,1.67e-06,9638.0,0.01609546
CDT/BTC,1556723842237,2019-05-01T15:17:22.237Z,buy,1.67e-06,1980.0,0.0033066
CDT/BTC,1556723857346,2019-05-01T15:17:37.346Z,sell,1.66e-06,3060.0,0.0050796
CDT/BTC,1556723890630,2019-05-01T15:18:10.630Z,sell,1.66e-06,2848.0,0.00472768
CDT/BTC,1556723948296,2019-05-01T15:19:08.296Z,buy,1.67e-06,21000.0,0.03507
CDT/BTC,1556723952583,2019-05-01T15:19:12.583Z,buy,1.67e-06,2797.0,0.00467099
CDT/BTC,1556723952583,2019-05-01T15:19:12.583Z,buy,1.68e-06,56.0,9.408e-05
CDT/BTC,1556723952617,2019-05-01T15:19:12.617Z,sell,1.67e-06,1309.0,0.00218603
CDT/BTC,1556723952651,2019-05-01T15:19:12.651Z,sell,1.67e-06,1834.0,0.00306278
CDT/BTC,1556723952693,2019-05-01T15:19:12.693Z,sell,1.67e-06,1439.0,0.00240313
CDT/BTC,1556723953614,2019-05-01T15:19:13.614Z,sell,1.67e-06,19206.0,0.03207402
CDT/BTC,1556723953630,2019-05-01T15:19:13.630Z,sell,1.67e-06,1319.0,0.00220273
CDT/BTC,1556724060259,2019-05-01T15:21:00.259Z,buy,1.68e-06,1172.0,0.00196896
CDT/BTC,1556724060899,2019-05-01T15:21:00.899Z,buy,1.68e-06,1080.0,0.0018144
CDT/BTC,1556724178272,2019-05-01T15:22:58.272Z,sell,1.67e-06,653.0,0.00109051
CDT/BTC,1556724191984,2019-05-01T15:23:11.984Z,sell,1.67e-06,1022.0,0.00170674
CDT/BTC,1556724191984,2019-05-01T15:23:11.984Z,sell,1.66e-06,1828.0,0.00303448
CDT/BTC,1556724192036,2019-05-01T15:23:12.036Z,buy,1.67e-06,1687.0,0.00281729
CDT/BTC,1556724192136,2019-05-01T15:23:12.136Z,buy,1.67e-06,1679.0,0.00280393
CDT/BTC,1556724242276,2019-05-01T15:24:02.276Z,buy,1.67e-06,33300.0,0.055611
CDT/BTC,1556724420478,2019-05-01T15:27:00.478Z,sell,1.67e-06,23753.0,0.03966751
CDT/BTC,1556724421562,2019-05-01T15:27:01.562Z,buy,1.67e-06,1476.0,0.00246492
CDT/BTC,1556725267355,2019-05-01T15:41:07.355Z,sell,1.66e-06,98064.0,0.16278624
CDT/BTC,1556725730623,2019-05-01T15:48:50.623Z,buy,1.67e-06,1581.0,0.00264027
CDT/BTC,1556725851659,2019-05-01T15:50:51.659Z,buy,1.67e-06,1441.0,0.00240647
CDT/BTC,1556725904339,2019-05-01T15:51:44.339Z,buy,1.67e-06,24326.0,0.04062442
CDT/BTC,1556725904339,2019-05-01T15:51:44.339Z,buy,1.67e-06,24326.0,0.04062442
CDT/BTC,1556726461221,2019-05-01T16:01:01.221Z,buy,1.67e-06,1176.0,0.00196392
CDT/BTC,1556726972566,2019-05-01T16:09:32.566Z,buy,1.67e-06,10100.0,0.016867
CDT/BTC,1556726972636,2019-05-01T16:09:32.636Z,sell,1.67e-06,1436.0,0.00239812
CDT/BTC,1556727055643,2019-05-01T16:10:55.643Z,buy,1.68e-06,1264.0,0.00212352
CDT/BTC,1556727060238,2019-05-01T16:11:00.238Z,buy,1.68e-06,1367.0,0.00229656
CDT/BTC,1556727061368,2019-05-01T16:11:01.368Z,buy,1.68e-06,2847.0,0.00478296
CDT/BTC,1556727143763,2019-05-01T16:12:23.763Z,sell,1.67e-06,5684.0,0.00949228
CDT/BTC,1556727191819,2019-05-01T16:13:11.819Z,sell,1.67e-06,2844.0,0.00474948
CDT/BTC,1556727207687,2019-05-01T16:13:27.687Z,sell,1.67e-06,2005.0,0.00334835
CDT/BTC,1556727274919,2019-05-01T16:14:34.919Z,buy,1.68e-06,2692.0,0.00452256
CDT/BTC,1556727425174,2019-05-01T16:17:05.174Z,sell,1.67e-06,1631.0,0.00272377
CDT/BTC,1556728255256,2019-05-01T16:30:55.256Z,buy,1.68e-06,1481.0,0.00248808
CDT/BTC,1556728258067,2019-05-01T16:30:58.067Z,buy,1.68e-06,2855.0,0.0047964
CDT/BTC,1556728646535,2019-05-01T16:37:26.535Z,buy,1.68e-06,625.0,0.00105
CDT/BTC,1556728759901,2019-05-01T16:39:19.901Z,buy,1.68e-06,17857.0,0.02999976
CDT/BTC,1556728762026,2019-05-01T16:39:22.026Z,buy,1.68e-06,11904.0,0.01999872
CDT/BTC,1556728763730,2019-05-01T16:39:23.730Z,buy,1.68e-06,8928.0,0.01499904
CDT/BTC,1556729336551,2019-05-01T16:48:56.551Z,buy,1.68e-06,1785.0,0.0029988
CDT/BTC,1556729336551,2019-05-01T16:48:56.551Z,buy,1.68e-06,1785.0,0.0029988
CDT/BTC,1556729648220,2019-05-01T16:54:08.220Z,buy,1.68e-06,2789.0,0.00468552
CDT/BTC,1556729767797,2019-05-01T16:56:07.797Z,buy,1.68e-06,2789.0,0.00468552
CDT/BTC,1556729892179,2019-05-01T16:58:12.179Z,buy,1.68e-06,129091.0,0.21687288
CDT/BTC,1556729892222,2019-05-01T16:58:12.222Z,sell,1.68e-06,614.0,0.00103152
CDT/BTC,1556729892225,2019-05-01T16:58:12.225Z,sell,1.68e-06,1207.0,0.00202776
CDT/BTC,1556730101396,2019-05-01T17:01:41.396Z,sell,1.68e-06,850.0,0.001428
CDT/BTC,1556730215927,2019-05-01T17:03:35.927Z,buy,1.69e-06,78058.0,0.13191802
CDT/BTC,1556730215970,2019-05-01T17:03:35.970Z,sell,1.69e-06,1749.0,0.0029558099999999
CDT/BTC,1556730215979,2019-05-01T17:03:35.979Z,sell,1.69e-06,749.0,0.00126581
CDT/BTC,1556730223775,2019-05-01T17:03:43.775Z,buy,1.7e-06,1176.0,0.0019992
CDT/BTC,1556730233070,2019-05-01T17:03:53.070Z,buy,1.7e-06,3000.0,0.0051
CDT/BTC,1556730258967,2019-05-01T17:04:18.967Z,buy,1.7e-06,1177.0,0.0020009
CDT/BTC,1556730368307,2019-05-01T17:06:08.307Z,sell,1.69e-06,5975.0,0.0100977499999999
CDT/BTC,1556730371693,2019-05-01T17:06:11.693Z,sell,1.69e-06,2000.0,0.0033799999999999
CDT/BTC,1556730430608,2019-05-01T17:07:10.608Z,sell,1.69e-06,2852.0,0.0048198799999999
CDT/BTC,1556730561032,2019-05-01T17:09:21.032Z,sell,1.69e-06,3875.0,0.00654875
CDT/BTC,1556730654600,2019-05-01T17:10:54.600Z,sell,1.69e-06,1402.0,0.00236938
CDT/BTC,1556730659547,2019-05-01T17:10:59.547Z,buy,1.7e-06,648.0,0.0011016
CDT/BTC,1556730661559,2019-05-01T17:11:01.559Z,buy,1.7e-06,2867.0,0.0048739
CDT/BTC,1556730807810,2019-05-01T17:13:27.810Z,sell,1.69e-06,4949.0,0.00836381
CDT/BTC,1556730807817,2019-05-01T17:13:27.817Z,sell,1.69e-06,4948.0,0.0083621199999999
CDT/BTC,1556730807837,2019-05-01T17:13:27.837Z,sell,1.69e-06,4930.0,0.0083317
CDT/BTC,1556730808095,2019-05-01T17:13:28.095Z,sell,1.69e-06,595.0,0.00100555
CDT/BTC,1556730854874,2019-05-01T17:14:14.874Z,sell,1.69e-06,2864.0,0.00484016
CDT/BTC,1556731283666,2019-05-01T17:21:23.666Z,sell,1.69e-06,3717.0,0.0062817299999999
CDT/BTC,1556731284465,2019-05-01T17:21:24.465Z,sell,1.69e-06,3717.0,0.0062817299999999
CDT/BTC,1556731776028,2019-05-01T17:29:36.028Z,sell,1.69e-06,1117.0,0.00188773
CDT/BTC,1556731846478,2019-05-01T17:30:46.478Z,sell,1.69e-06,812.0,0.00137228
CDT/BTC,1556731857314,2019-05-01T17:30:57.314Z,sell,1.69e-06,1540.0,0.0026026
CDT/BTC,1556732450752,2019-05-01T17:40:50.752Z,sell,1.69e-06,8934.0,0.01509846
CDT/BTC,1556732450752,2019-05-01T17:40:50.752Z,sell,1.69e-06,8934.0,0.01509846
CDT/BTC,1556733057251,2019-05-01T17:50:57.251Z,sell,1.69e-06,1129.0,0.00190801
CDT/BTC,1556733085644,2019-05-01T17:51:25.644Z,sell,1.69e-06,131630.0,0.2224546999999999
CDT/BTC,1556733160053,2019-05-01T17:52:40.053Z,sell,1.69e-06,698.0,0.00117962
CDT/BTC,1556733619341,2019-05-01T18:00:19.341Z,sell,1.69e-06,2976.0,0.00502944
CDT/BTC,1556733658793,2019-05-01T18:00:58.793Z,sell,1.69e-06,1299.0,0.00219531
CDT/BTC,1556733673744,2019-05-01T18:01:13.744Z,sell,1.69e-06,10935.0,0.01848015
CDT/BTC,1556733765206,2019-05-01T18:02:45.206Z,sell,1.69e-06,31832.0,0.0537960799999999
CDT/BTC,1556733776772,2019-05-01T18:02:56.772Z,sell,1.68e-06,7796.0,0.01309728
CDT/BTC,1556733777838,2019-05-01T18:02:57.838Z,sell,1.68e-06,5291.0,0.00888888
CDT/BTC,1556733779492,2019-05-01T18:02:59.492Z,sell,1.68e-06,3587.0,0.00602616
CDT/BTC,1556733779802,2019-05-01T18:02:59.802Z,sell,1.68e-06,1898.0,0.00318864
CDT/BTC,1556733780826,2019-05-01T18:03:00.826Z,sell,1.68e-06,763.0,0.00128184
CDT/BTC,1556734301164,2019-05-01T18:11:41.164Z,sell,1.68e-06,1365.0,0.0022932
CDT/BTC,1556734301266,2019-05-01T18:11:41.266Z,sell,1.68e-06,1038.0,0.00174384
CDT/BTC,1556734332522,2019-05-01T18:12:12.522Z,sell,1.68e-06,4457.0,0.00748776
CDT/BTC,1556734993054,2019-05-01T18:23:13.054Z,sell,1.68e-06,5942.0,0.00998256
CDT/BTC,1556735110188,2019-05-01T18:25:10.188Z,sell,1.68e-06,1651.0,0.00277368
CDT/BTC,1556735111171,2019-05-01T18:25:11.171Z,sell,1.68e-06,2785.0,0.0046788
CDT/BTC,1556735112211,2019-05-01T18:25:12.211Z,sell,1.68e-06,3655.0,0.0061404
CDT/BTC,1556735113235,2019-05-01T18:25:13.235Z,sell,1.68e-06,3652.0,0.00613536
CDT/BTC,1556735114192,2019-05-01T18:25:14.192Z,sell,1.68e-06,6921.0,0.01162728
CDT/BTC,1556735115155,2019-05-01T18:25:15.155Z,sell,1.68e-06,5868.0,0.00985824
CDT/BTC,1556735116216,2019-05-01T18:25:16.216Z,sell,1.68e-06,4983.0,0.00837144
CDT/BTC,1556735118232,2019-05-01T18:25:18.232Z,sell,1.68e-06,4218.0,0.00708624
CDT/BTC,1556735118232,2019-05-01T18:25:18.232Z,sell,1.68e-06,4218.0,0.00708624
CDT/BTC,1556736562137,2019-05-01T18:49:22.137Z,buy,1.68e-06,641.0,0.00107688
CDT/BTC,1556738061998,2019-05-01T19:14:21.998Z,buy,1.68e-06,36014.0,0.06050352
CDT/BTC,1556738231683,2019-05-01T19:17:11.683Z,sell,1.67e-06,1025.0,0.00171175
CDT/BTC,1556738233606,2019-05-01T19:17:13.606Z,buy,1.68e-06,2933.0,0.00492744
CDT/BTC,1556738244673,2019-05-01T19:17:24.673Z,sell,1.67e-06,1175.0,0.00196225
CDT/BTC,1556738280320,2019-05-01T19:18:00.320Z,buy,1.68e-06,31641.0,0.05315688
CDT/BTC,1556738280320,2019-05-01T19:18:00.320Z,buy,1.69e-06,6001.0,0.01014169
CDT/BTC,1556738280335,2019-05-01T19:18:00.335Z,sell,1.68e-06,9757.0,0.01639176
CDT/BTC,1556738280346,2019-05-01T19:18:00.346Z,sell,1.68e-06,9757.0,0.01639176
CDT/BTC,1556738280362,2019-05-01T19:18:00.362Z,buy,1.69e-06,9757.0,0.01648933
CDT/BTC,1556738281206,2019-05-01T19:18:01.206Z,buy,1.69e-06,3129.0,0.00528801
CDT/BTC,1556738296099,2019-05-01T19:18:16.099Z,buy,1.69e-06,1176.0,0.00198744
CDT/BTC,1556738325213,2019-05-01T19:18:45.213Z,sell,1.68e-06,1272.0,0.00213696
CDT/BTC,1556738325213,2019-05-01T19:18:45.213Z,sell,1.68e-06,1272.0,0.00213696
CDT/BTC,1556739318480,2019-05-01T19:35:18.480Z,sell,1.68e-06,9701.0,0.01629768
CDT/BTC,1556739625679,2019-05-01T19:40:25.679Z,sell,1.68e-06,2352.0,0.00395136
CDT/BTC,1556739753137,2019-05-01T19:42:33.137Z,sell,1.68e-06,1514.0,0.00254352
CDT/BTC,1556739796004,2019-05-01T19:43:16.004Z,sell,1.68e-06,1207.0,0.00202776
CDT/BTC,1556739796110,2019-05-01T19:43:16.110Z,sell,1.68e-06,1078.0,0.00181104
CDT/BTC,1556739796215,2019-05-01T19:43:16.215Z,sell,1.68e-06,1040.0,0.0017472
CDT/BTC,1556739796315,2019-05-01T19:43:16.315Z,sell,1.68e-06,1216.0,0.00204288
CDT/BTC,1556739796428,2019-05-01T19:43:16.428Z,sell,1.68e-06,1012.0,0.00170016
CDT/BTC,1556739796743,2019-05-01T19:43:16.743Z,sell,1.68e-06,1384.0,0.00232512
CDT/BTC,1556739796921,2019-05-01T19:43:16.921Z,buy,1.69e-06,782.0,0.00132158
CDT/BTC,1556740255646,2019-05-01T19:50:55.646Z,sell,1.68e-06,580.0,0.0009744
CDT/BTC,1556740261997,2019-05-01T19:51:01.997Z,buy,1.68e-06,1770.0,0.0029736
CDT/BTC,1556740263873,2019-05-01T19:51:03.873Z,buy,1.68e-06,2092.0,0.00351456
CDT/BTC,1556740266394,2019-05-01T19:51:06.394Z,buy,1.68e-06,1143.0,0.00192024
CDT/BTC,1556740266806,2019-05-01T19:51:06.806Z,buy,1.68e-06,1640.0,0.0027552
CDT/BTC,1556740339958,2019-05-01T19:52:19.958Z,buy,1.68e-06,1667.0,0.00280056
CDT/BTC,1556741312874,2019-05-01T20:08:32.874Z,sell,1.67e-06,174234.0,0.29097078
CDT/BTC,1556741453814,2019-05-01T20:10:53.814Z,buy,1.68e-06,2480.0,0.0041664
CDT/BTC,1556741666103,2019-05-01T20:14:26.103Z,buy,1.68e-06,6051.0,0.01016568
CDT/BTC,1556741666103,2019-05-01T20:14:26.103Z,buy,1.68e-06,6051.0,0.01016568
CDT/BTC,1556741985578,2019-05-01T20:19:45.578Z,buy,1.68e-06,16907.0,0.02840376
CDT/BTC,1556741995156,2019-05-01T20:19:55.156Z,buy,1.68e-06,7613.0,0.01278984
CDT/BTC,1556741995187,2019-05-01T20:19:55.187Z,sell,1.68e-06,1551.0,0.00260568
CDT/BTC,1556741995891,2019-05-01T20:19:55.891Z,sell,1.68e-06,3061.0,0.00514248
CDT/BTC,1556742431138,2019-05-01T20:27:11.138Z,sell,1.68e-06,1252.0,0.00210336
CDT/BTC,1556742431227,2019-05-01T20:27:11.227Z,sell,1.68e-06,1183.0,0.00198744
CDT/BTC,1556744483484,2019-05-01T21:01:23.484Z,sell,1.68e-06,6100.0,0.010248
CDT/BTC,1556744732200,2019-05-01T21:05:32.200Z,sell,1.68e-06,7687.0,0.01291416
CDT/BTC,1556744936340,2019-05-01T21:08:56.340Z,sell,1.68e-06,1134.0,0.00190512
CDT/BTC,1556744978682,2019-05-01T21:09:38.682Z,sell,1.68e-06,969.0,0.00162792
CDT/BTC,1556745160770,2019-05-01T21:12:40.770Z,sell,1.68e-06,7781.0,0.01307208
CDT/BTC,1556745160770,2019-05-01T21:12:40.770Z,sell,1.68e-06,7781.0,0.01307208
CDT/BTC,1556745570356,2019-05-01T21:19:30.356Z,sell,1.68e-06,898.0,0.00150864
CDT/BTC,1556745578422,2019-05-01T21:19:38.422Z,sell,1.68e-06,1059.0,0.00177912
CDT/BTC,1556745803530,2019-05-01T21:23:23.530Z,sell,1.68e-06,801.0,0.00134568
CDT/BTC,1556746020721,2019-05-01T21:27:00.721Z,sell,1.68e-06,823.0,0.00138264
CDT/BTC,1556746020824,2019-05-01T21:27:00.824Z,sell,1.68e-06,843.0,0.00141624
CDT/BTC,1556746020935,2019-05-01T21:27:00.935Z,sell,1.68e-06,810.0,0.0013608
CDT/BTC,1556747725421,2019-05-01T21:55:25.421Z,sell,1.67e-06,1270.0,0.0021209
CDT/BTC,1556747929724,2019-05-01T21:58:49.724Z,buy,1.68e-06,2482.0,0.00416976
CDT/BTC,1556747940427,2019-05-01T21:59:00.427Z,sell,1.67e-06,37642.0,0.06286214
CDT/BTC,1556748011800,2019-05-01T22:00:11.800Z,sell,1.67e-06,2930.0,0.0048931
CDT/BTC,1556748085272,2019-05-01T22:01:25.272Z,buy,1.68e-06,2977.0,0.00500136
CDT/BTC,1556748086799,2019-05-01T22:01:26.799Z,buy,1.68e-06,2950.0,0.004956
CDT/BTC,1556748260745,2019-05-01T22:04:20.745Z,buy,1.68e-06,924.0,0.00155232
CDT/BTC,1556748260745,2019-05-01T22:04:20.745Z,buy,1.68e-06,924.0,0.00155232
CDT/BTC,1556749855784,2019-05-01T22:30:55.784Z,buy,1.68e-06,1329.0,0.00223272
CDT/BTC,1556750049677,2019-05-01T22:34:09.677Z,buy,1.68e-06,1274.0,0.00214032
CDT/BTC,1556750574266,2019-05-01T22:42:54.266Z,buy,1.68e-06,21364.0,0.03589152
CDT/BTC,1556750574310,2019-05-01T22:42:54.310Z,sell,1.68e-06,11100.0,0.018648
CDT/BTC,1556750574310,2019-05-01T22:42:54.310Z,sell,1.68e-06,11100.0,0.018648
CDT/BTC,1556750574320,2019-05-01T22:42:54.320Z,buy,1.69e-06,11100.0,0.0187589999999999
CDT/BTC,1556750574345,2019-05-01T22:42:54.345Z,sell,1.68e-06,4866.0,0.00817488
CDT/BTC,1556750574404,2019-05-01T22:42:54.404Z,sell,1.68e-06,794.0,0.00133392
CDT/BTC,1556750583787,2019-05-01T22:43:03.787Z,buy,1.68e-06,33300.0,0.055944
CDT/BTC,1556750726645,2019-05-01T22:45:26.645Z,sell,1.68e-06,5547.0,0.00931896
CDT/BTC,1556750819262,2019-05-01T22:46:59.262Z,sell,1.68e-06,812.0,0.00136416
CDT/BTC,1556751195068,2019-05-01T22:53:15.068Z,sell,1.68e-06,1080.0,0.0018144
CDT/BTC,1556751447115,2019-05-01T22:57:27.115Z,sell,1.68e-06,618.0,0.00103824
CDT/BTC,1556751447115,2019-05-01T22:57:27.115Z,sell,1.68e-06,618.0,0.00103824
CDT/BTC,1556751993897,2019-05-01T23:06:33.897Z,buy,1.69e-06,16765.0,0.02833285
CDT/BTC,1556752253162,2019-05-01T23:10:53.162Z,sell,1.68e-06,1134.0,0.00190512
CDT/BTC,1556752269776,2019-05-01T23:11:09.776Z,sell,1.68e-06,2947.0,0.00495096
CDT/BTC,1556753888534,2019-05-01T23:38:08.534Z,sell,1.68e-06,6541.0,0.01098888
CDT/BTC,1556754272247,2019-05-01T23:44:32.247Z,buy,1.69e-06,650.0,0.0010984999999999
CDT/BTC,1556754273802,2019-05-01T23:44:33.802Z,buy,1.69e-06,2970.0,0.0050193
CDT/BTC,1556754277426,2019-05-01T23:44:37.426Z,buy,1.69e-06,1183.0,0.00199927
CDT/BTC,1556754699087,2019-05-01T23:51:39.087Z,sell,1.68e-06,2480.0,0.0041664
CDT/BTC,1556754716853,2019-05-01T23:51:56.853Z,sell,1.68e-06,2477.0,0.00416136
CDT/BTC,1556754773173,2019-05-01T23:52:53.173Z,sell,1.68e-06,850.0,0.001428
CDT/BTC,1556754892358,2019-05-01T23:54:52.358Z,sell,1.68e-06,779.0,0.00130872
CDT/BTC,1556754892466,2019-05-01T23:54:52.466Z,sell,1.68e-06,1004.0,0.00168672
CDT/BTC,1556754892466,2019-05-01T23:54:52.466Z,sell,1.68e-06,1004.0,0.00168672
CDT/BTC,1556755652068,2019-05-02T00:07:32.068Z,sell,1.68e-06,944.0,0.00158592
CDT/BTC,1556755652172,2019-05-02T00:07:32.172Z,sell,1.68e-06,809.0,0.00135912
CDT/BTC,1556755894357,2019-05-02T00:11:34.357Z,sell,1.68e-06,814.0,0.00136752
CDT/BTC,1556756198196,2019-05-02T00:16:38.196Z,sell,1.68e-06,3846.0,0.00646128
CDT/BTC,1556756597988,2019-05-02T00:23:17.988Z,sell,1.68e-06,16833.0,0.02827944
CDT/BTC,1556756858044,2019-05-02T00:27:38.044Z,buy,1.69e-06,1648.0,0.00278512
CDT/BTC,1556756859194,2019-05-02T00:27:39.194Z,buy,1.69e-06,1648.0,0.00278512
CDT/BTC,1556756860159,2019-05-02T00:27:40.159Z,buy,1.69e-06,1648.0,0.00278512
CDT/BTC,1556756861040,2019-05-02T00:27:41.040Z,buy,1.69e-06,1648.0,0.00278512
CDT/BTC,1556757089306,2019-05-02T00:31:29.306Z,sell,1.68e-06,703.0,0.00118104
CDT/BTC,1556757089306,2019-05-02T00:31:29.306Z,sell,1.68e-06,703.0,0.00118104
CDT/BTC,1556758744720,2019-05-02T00:59:04.720Z,buy,1.69e-06,2959.0,0.0050007099999999
CDT/BTC,1556758850861,2019-05-02T01:00:50.861Z,sell,1.68e-06,1219.0,0.00204792
CDT/BTC,1556760314506,2019-05-02T01:25:14.506Z,sell,1.68e-06,3703.0,0.00622104
CDT/BTC,1556760314506,2019-05-02T01:25:14.506Z,sell,1.68e-06,3703.0,0.00622104
CDT/BTC,1556761848160,2019-05-02T01:50:48.160Z,sell,1.68e-06,1117.0,0.00187656
CDT/BTC,1556762086283,2019-05-02T01:54:46.283Z,sell,1.68e-06,48475.0,0.081438
CDT/BTC,1556762086425,2019-05-02T01:54:46.425Z,buy,1.68e-06,19630.0,0.0329784
CDT/BTC,1556762086636,2019-05-02T01:54:46.636Z,buy,1.68e-06,1987.0,0.00333816
CDT/BTC,1556762087152,2019-05-02T01:54:47.152Z,buy,1.68e-06,1685.0,0.0028308
CDT/BTC,1556762087798,2019-05-02T01:54:47.798Z,buy,1.68e-06,4729.0,0.00794472
CDT/BTC,1556762109362,2019-05-02T01:55:09.362Z,buy,1.68e-06,4729.0,0.00794472
CDT/BTC,1556762109459,2019-05-02T01:55:09.459Z,buy,1.68e-06,1685.0,0.0028308
CDT/BTC,1556762192208,2019-05-02T01:56:32.208Z,buy,1.68e-06,1685.0,0.0028308
CDT/BTC,1556762303819,2019-05-02T01:58:23.819Z,buy,1.68e-06,1742.0,0.00292656
CDT/BTC,1556762303930,2019-05-02T01:58:23.930Z,buy,1.68e-06,1901.0,0.00319368
CDT/BTC,1556762349504,2019-05-02T01:59:09.504Z,buy,1.68e-06,1653.0,0.00277704
CDT/BTC,1556762349807,2019-05-02T01:59:09.807Z,buy,1.68e-06,1386.0,0.00232848
CDT/BTC,1556763175059,2019-05-02T02:12:55.059Z,buy,1.68e-06,1629.0,0.00273672
CDT/BTC,1556763178276,2019-05-02T02:12:58.276Z,buy,1.68e-06,2086.0,0.00350448
CDT/BTC,1556763179168,2019-05-02T02:12:59.168Z,buy,1.68e-06,3704.0,0.00622272
CDT/BTC,1556763466508,2019-05-02T02:17:46.508Z,sell,1.68e-06,623.0,0.00104664
CDT/BTC,1556763838875,2019-05-02T02:23:58.875Z,buy,1.69e-06,1183.0,0.00199927
CDT/BTC,1556763838875,2019-05-02T02:23:58.875Z,buy,1.69e-06,1183.0,0.00199927
CDT/BTC,1556763916334,2019-05-02T02:25:16.334Z,buy,1.69e-06,13019.0,0.02200211
CDT/BTC,1556764252282,2019-05-02T02:30:52.282Z,sell,1.68e-06,1154.0,0.00193872
CDT/BTC,1556764253402,2019-05-02T02:30:53.402Z,buy,1.69e-06,2078.0,0.0035118199999999
CDT/BTC,1556764257630,2019-05-02T02:30:57.630Z,buy,1.69e-06,8928.0,0.0150883199999999
CDT/BTC,1556764858321,2019-05-02T02:40:58.321Z,sell,1.68e-06,1159.0,0.00194712
CDT/BTC,1556764861350,2019-05-02T02:41:01.350Z,buy,1.69e-06,11904.0,0.02011776
CDT/BTC,1556765157809,2019-05-02T02:45:57.809Z,sell,1.68e-06,795.0,0.0013356
CDT/BTC,1556765163673,2019-05-02T02:46:03.673Z,buy,1.69e-06,1190.0,0.0020111
CDT/BTC,1556765173502,2019-05-02T02:46:13.502Z,sell,1.68e-06,10006.0,0.01681008
CDT/BTC,1556766372924,2019-05-02T03:06:12.924Z,sell,1.68e-06,771.0,0.00129528
CDT/BTC,1556766382372,2019-05-02T03:06:22.372Z,sell,1.68e-06,966.0,0.00162288
CDT/BTC,1556766382469,2019-05-02T03:06:22.469Z,sell,1.68e-06,666.0,0.00111888
CDT/BTC,1556767072505,2019-05-02T03:17:52.505Z,sell,1.68e-06,1785.0,0.0029988
CDT/BTC,1556767072505,2019-05-02T03:17:52.505Z,sell,1.68e-06,1785.0,0.0029988
CDT/BTC,1556767715758,2019-05-02T03:28:35.758Z,sell,1.68e-06,20845.0,0.0350196
CDT/BTC,1556767715860,2019-05-02T03:28:35.860Z,sell,1.68e-06,10656.0,0.01790208
CDT/BTC,1556767715966,2019-05-02T03:28:35.966Z,sell,1.68e-06,4162.0,0.00699216
CDT/BTC,1556768283392,2019-05-02T03:38:03.392Z,buy,1.68e-06,12080.0,0.0202944
CDT/BTC,1556768299353,2019-05-02T03:38:19.353Z,buy,1.68e-06,13569.0,0.02279592
CDT/BTC,1556768299382,2019-05-02T03:38:19.382Z,sell,1.68e-06,1065.0,0.0017892
CDT/BTC,1556768299403,2019-05-02T03:38:19.403Z,sell,1.68e-06,1232.0,0.00206976
CDT/BTC,1556768299435,2019-05-02T03:38:19.435Z,sell,1.68e-06,1052.0,0.00176736
CDT/BTC,1556768299467,2019-05-02T03:38:19.467Z,sell,1.68e-06,1857.0,0.00311976
CDT/BTC,1556768299572,2019-05-02T03:38:19.572Z,sell,1.68e-06,2405.0,0.0040404
CDT/BTC,1556768299605,2019-05-02T03:38:19.605Z,sell,1.68e-06,1231.0,0.00206808
CDT/BTC,1556768300452,2019-05-02T03:38:20.452Z,sell,1.68e-06,1352.0,0.00227136
CDT/BTC,1556768300493,2019-05-02T03:38:20.493Z,sell,1.68e-06,970.0,0.0016296
CDT/BTC,1556769482323,2019-05-02T03:58:02.323Z,sell,1.68e-06,29938.0,0.05029584
CDT/BTC,1556769482372,2019-05-02T03:58:02.372Z,buy,1.68e-06,1366.0,0.00229488
CDT/BTC,1556769482411,2019-05-02T03:58:02.411Z,buy,1.68e-06,2921.0,0.00490728
CDT/BTC,1556769495632,2019-05-02T03:58:15.632Z,buy,1.68e-06,1964.0,0.00329952
CDT/BTC,1556769555244,2019-05-02T03:59:15.244Z,buy,1.68e-06,719.0,0.00120792
CDT/BTC,1556769610660,2019-05-02T04:00:10.660Z,sell,1.67e-06,904.0,0.00150968
CDT/BTC,1556769650483,2019-05-02T04:00:50.483Z,sell,1.67e-06,21420.0,0.0357714
CDT/BTC,1556769740318,2019-05-02T04:02:20.318Z,sell,1.67e-06,25000.0,0.04175
CDT/BTC,1556770261457,2019-05-02T04:11:01.457Z,buy,1.68e-06,1182.0,0.00198576
CDT/BTC,1556770265392,2019-05-02T04:11:05.392Z,sell,1.67e-06,1301.0,0.00217267
CDT/BTC,1556770484384,2019-05-02T04:14:44.384Z,buy,1.68e-06,7141.0,0.01199688
CDT/BTC,1556770484384,2019-05-02T04:14:44.384Z,buy,1.68e-06,7141.0,0.01199688
CDT/BTC,1556770749088,2019-05-02T04:19:09.088Z,buy,1.68e-06,20168.0,0.03388224
CDT/BTC,1556771676209,2019-05-02T04:34:36.209Z,buy,1.69e-06,10047.0,0.01697943
CDT/BTC,1556771676308,2019-05-02T04:34:36.308Z,buy,1.69e-06,20384.0,0.03444896
CDT/BTC,1556771808713,2019-05-02T04:36:48.713Z,buy,1.69e-06,1479.0,0.00249951
CDT/BTC,1556771933598,2019-05-02T04:38:53.598Z,sell,1.68e-06,33000.0,0.05544
CDT/BTC,1556772045760,2019-05-02T04:40:45.760Z,buy,1.69e-06,96.0,0.00016224
CDT/BTC,1556773435206,2019-05-02T05:03:55.206Z,buy,1.69e-06,2510.0,0.0042419
CDT/BTC,1556773451721,2019-05-02T05:04:11.721Z,buy,1.68e-06,1252.0,0.00210336
CDT/BTC,1556773452654,2019-05-02T05:04:12.654Z,buy,1.68e-06,23383.0,0.03928344
CDT/BTC,1556773573391,2019-05-02T05:06:13.391Z,sell,1.68e-06,36920.0,0.0620256
CDT/BTC,1556773854881,2019-05-02T05:10:54.881Z,buy,1.68e-06,5952.0,0.00999936
CDT/BTC,1556773859346,2019-05-02T05:10:59.346Z,buy,1.68e-06,11103.0,0.01865304
CDT/BTC,1556773859369,2019-05-02T05:10:59.369Z,buy,1.68e-06,7575.0,0.012726
CDT/BTC,1556774047268,2019-05-02T05:14:07.268Z,buy,1.69e-06,5917.0,0.00999973
CDT/BTC,1556774047268,2019-05-02T05:14:07.268Z,buy,1.69e-06,5917.0,0.00999973
CDT/BTC,1556774410425,2019-05-02T05:20:10.425Z,buy,1.69e-06,1000.0,0.0016899999999999
CDT/BTC,1556774509909,2019-05-02T05:21:49.909Z,buy,1.69e-06,610.0,0.0010309
CDT/BTC,1556775626546,2019-05-02T05:40:26.546Z,sell,1.68e-06,35731.0,0.06002808
CDT/BTC,1556775626888,2019-05-02T05:40:26.888Z,buy,1.68e-06,2073.0,0.00348264
CDT/BTC,1556775626897,2019-05-02T05:40:26.897Z,buy,1.68e-06,745.0,0.0012516
CDT/BTC,1556775641890,2019-05-02T05:40:41.890Z,buy,1.68e-06,1316.0,0.00221088
CDT/BTC,1556775696064,2019-05-02T05:41:36.064Z,buy,1.69e-06,5952.0,0.01005888
CDT/BTC,1556776258180,2019-05-02T05:50:58.180Z,sell,1.68e-06,1137.0,0.00191016
CDT/BTC,1556776259461,2019-05-02T05:50:59.461Z,buy,1.69e-06,860.0,0.0014533999999999
CDT/BTC,1556777204354,2019-05-02T06:06:44.354Z,sell,1.68e-06,3129.0,0.00525672
CDT/BTC,1556777204354,2019-05-02T06:06:44.354Z,sell,1.68e-06,3129.0,0.00525672
CDT/BTC,1556778308631,2019-05-02T06:25:08.631Z,buy,1.69e-06,39105.0,0.0660874499999999
CDT/BTC,1556778830155,2019-05-02T06:33:50.155Z,sell,1.68e-06,20000.0,0.0336
CDT/BTC,1556778851837,2019-05-02T06:34:11.837Z,sell,1.68e-06,2967.0,0.00498456
CDT/BTC,1556778934213,2019-05-02T06:35:34.213Z,buy,1.69e-06,5952.0,0.01005888
CDT/BTC,1556778936543,2019-05-02T06:35:36.543Z,buy,1.69e-06,2993.0,0.00505817
CDT/BTC,1556779787851,2019-05-02T06:49:47.851Z,sell,1.68e-06,1006.0,0.00169008
CDT/BTC,1556779787988,2019-05-02T06:49:47.988Z,sell,1.68e-06,850.0,0.001428
CDT/BTC,1556779811371,2019-05-02T06:50:11.371Z,sell,1.68e-06,2990.0,0.0050232
CDT/BTC,1556780063862,2019-05-02T06:54:23.862Z,buy,1.69e-06,220940.0,0.3733885999999999
CDT/BTC,1556780063882,2019-05-02T06:54:23.882Z,sell,1.69e-06,21232.0,0.03588208
CDT/BTC,1556780063890,2019-05-02T06:54:23.890Z,sell,1.69e-06,1613.0,0.00272597
CDT/BTC,1556780063926,2019-05-02T06:54:23.926Z,sell,1.69e-06,1058.0,0.00178802
CDT/BTC,1556780063933,2019-05-02T06:54:23.933Z,sell,1.69e-06,905.0,0.00152945
CDT/BTC,1556780063954,2019-05-02T06:54:23.954Z,sell,1.69e-06,1524.0,0.0025755599999999
CDT/BTC,1556780063963,2019-05-02T06:54:23.963Z,sell,1.69e-06,2200.0,0.003718
CDT/BTC,1556780064993,2019-05-02T06:54:24.993Z,sell,1.69e-06,1155.0,0.0019519499999999
CDT/BTC,1556780065022,2019-05-02T06:54:25.022Z,sell,1.69e-06,1068.0,0.00180492
CDT/BTC,1556780066557,2019-05-02T06:54:26.557Z,buy,1.7e-06,3019.0,0.0051323
CDT/BTC,1556780068477,2019-05-02T06:54:28.477Z,buy,1.7e-06,1761.0,0.0029937
CDT/BTC,1556780148427,2019-05-02T06:55:48.427Z,sell,1.69e-06,5952.0,0.01005888
CDT/BTC,1556780167757,2019-05-02T06:56:07.757Z,sell,1.69e-06,2977.0,0.00503113
CDT/BTC,1556780173375,2019-05-02T06:56:13.375Z,sell,1.69e-06,3016.0,0.00509704
CDT/BTC,1556780215231,2019-05-02T06:56:55.231Z,sell,1.69e-06,17955.0,0.0303439499999999
CDT/BTC,1556780215263,2019-05-02T06:56:55.263Z,buy,1.69e-06,2420.0,0.0040898
CDT/BTC,1556780330898,2019-05-02T06:58:50.898Z,buy,1.69e-06,8884.0,0.01501396
CDT/BTC,1556780408970,2019-05-02T07:00:08.970Z,buy,1.69e-06,26395.0,0.0446075499999999
CDT/BTC,1556780554163,2019-05-02T07:02:34.163Z,buy,1.69e-06,27186.0,0.04594434
CDT/BTC,1556780554330,2019-05-02T07:02:34.330Z,sell,1.69e-06,1002.0,0.00169338
CDT/BTC,1556780557407,2019-05-02T07:02:37.407Z,sell,1.69e-06,772.0,0.00130468
CDT/BTC,1556780559511,2019-05-02T07:02:39.511Z,sell,1.69e-06,1023.0,0.00172887
CDT/BTC,1556780559927,2019-05-02T07:02:39.927Z,sell,1.69e-06,1083.0,0.00183027
CDT/BTC,1556780655463,2019-05-02T07:04:15.463Z,sell,1.69e-06,5470.0,0.0092442999999999
CDT/BTC,1556780660829,2019-05-02T07:04:20.829Z,sell,1.69e-06,5476.0,0.00925444
CDT/BTC,1556780665362,2019-05-02T07:04:25.362Z,sell,1.69e-06,5476.0,0.00925444
CDT/BTC,1556780670393,2019-05-02T07:04:30.393Z,sell,1.69e-06,5476.0,0.00925444
CDT/BTC,1556780677005,2019-05-02T07:04:37.005Z,sell,1.69e-06,5476.0,0.00925444
CDT/BTC,1556780741077,2019-05-02T07:05:41.077Z,sell,1.69e-06,7117.0,0.0120277299999999
CDT/BTC,1556780741077,2019-05-02T07:05:41.077Z,sell,1.69e-06,7117.0,0.0120277299999999
CDT/BTC,1556781031507,2019-05-02T07:10:31.507Z,sell,1.69e-06,11696.0,0.0197662399999999
CDT/BTC,1556781031550,2019-05-02T07:10:31.550Z,buy,1.69e-06,1462.0,0.0024707799999999
CDT/BTC,1556781057632,2019-05-02T07:10:57.632Z,sell,1.68e-06,8059.0,0.01353912
CDT/BTC,1556781308010,2019-05-02T07:15:08.010Z,buy,1.69e-06,1376.0,0.00232544
CDT/BTC,1556781459734,2019-05-02T07:17:39.734Z,buy,1.69e-06,13805.0,0.02333045
CDT/BTC,1556781626376,2019-05-02T07:20:26.376Z,buy,1.69e-06,957.0,0.00161733
CDT/BTC,1556781637327,2019-05-02T07:20:37.327Z,sell,1.68e-06,753.0,0.00126504
CDT/BTC,1556781638110,2019-05-02T07:20:38.110Z,buy,1.69e-06,861.0,0.00145509
CDT/BTC,1556782249091,2019-05-02T07:30:49.091Z,buy,1.69e-06,37699.0,0.06371131
CDT/BTC,1556782249134,2019-05-02T07:30:49.134Z,sell,1.69e-06,1076.0,0.00181844
CDT/BTC,1556782249253,2019-05-02T07:30:49.253Z,sell,1.69e-06,1057.0,0.0017863299999999
CDT/BTC,1556782249287,2019-05-02T07:30:49.287Z,sell,1.69e-06,740.0,0.0012506
CDT/BTC,1556782249331,2019-05-02T07:30:49.331Z,sell,1.69e-06,920.0,0.0015547999999999
CDT/BTC,1556782249395,2019-05-02T07:30:49.395Z,sell,1.69e-06,620.0,0.0010478
CDT/BTC,1556782590888,2019-05-02T07:36:30.888Z,sell,1.69e-06,5600.0,0.009464
CDT/BTC,1556782617515,2019-05-02T07:36:57.515Z,sell,1.69e-06,2510.0,0.0042419
CDT/BTC,1556782706951,2019-05-02T07:38:26.951Z,sell,1.69e-06,811.0,0.0013705899999999
CDT/BTC,1556782739067,2019-05-02T07:38:59.067Z,sell,1.69e-06,10000.0,0.0169
CDT/BTC,1556782898428,2019-05-02T07:41:38.428Z,sell,1.69e-06,2110.0,0.0035659
CDT/BTC,1556783006769,2019-05-02T07:43:26.769Z,sell,1.69e-06,6570.0,0.0111033
CDT/BTC,1556783174077,2019-05-02T07:46:14.077Z,sell,1.69e-06,31.0,5.239e-05
CDT/BTC,1556783174077,2019-05-02T07:46:14.077Z,sell,1.68e-06,256237.0,0.43047816
CDT/BTC,1556783174099,2019-05-02T07:46:14.099Z,buy,1.68e-06,1815.0,0.0030492
CDT/BTC,1556783174112,2019-05-02T07:46:14.112Z,buy,1.68e-06,2503.0,0.00420504
CDT/BTC,1556783174123,2019-05-02T07:46:14.123Z,buy,1.68e-06,1815.0,0.0030492
CDT/BTC,1556783174141,2019-05-02T07:46:14.141Z,buy,1.68e-06,1954.0,0.00328272
CDT/BTC,1556783174143,2019-05-02T07:46:14.143Z,buy,1.68e-06,5417.0,0.00910056
CDT/BTC,1556783174172,2019-05-02T07:46:14.172Z,buy,1.68e-06,1984.0,0.00333312
CDT/BTC,1556783174227,2019-05-02T07:46:14.227Z,buy,1.68e-06,1040.0,0.0017472
CDT/BTC,1556783175116,2019-05-02T07:46:15.116Z,buy,1.68e-06,3272.0,0.00549696
CDT/BTC,1556783175196,2019-05-02T07:46:15.196Z,buy,1.68e-06,1690.0,0.0028392
CDT/BTC,1556783176332,2019-05-02T07:46:16.332Z,buy,1.68e-06,887.0,0.00149016
CDT/BTC,1556783287800,2019-05-02T07:48:07.800Z,buy,1.68e-06,2306.0,0.00387408
CDT/BTC,1556783287939,2019-05-02T07:48:07.939Z,buy,1.68e-06,1166.0,0.00195888
CDT/BTC,1556783290063,2019-05-02T07:48:10.063Z,buy,1.68e-06,1260.0,0.0021168
CDT/BTC,1556783722987,2019-05-02T07:55:22.987Z,sell,1.67e-06,909.0,0.00151803
CDT/BTC,1556783725540,2019-05-02T07:55:25.540Z,buy,1.68e-06,3102.0,0.00521136
CDT/BTC,1556784050587,2019-05-02T08:00:50.587Z,buy,1.68e-06,7471.0,0.01255128
CDT/BTC,1556784055093,2019-05-02T08:00:55.093Z,buy,1.68e-06,1475.0,0.002478
CDT/BTC,1556784118017,2019-05-02T08:01:58.017Z,buy,1.68e-06,3060.0,0.0051408
CDT/BTC,1556784119986,2019-05-02T08:01:59.986Z,buy,1.68e-06,4560.0,0.0076608
CDT/BTC,1556784121991,2019-05-02T08:02:01.991Z,buy,1.68e-06,3030.0,0.0050904
CDT/BTC,1556784122997,2019-05-02T08:02:02.997Z,buy,1.68e-06,3030.0,0.0050904
CDT/BTC,1556784123993,2019-05-02T08:02:03.993Z,buy,1.68e-06,3030.0,0.0050904
CDT/BTC,1556784124994,2019-05-02T08:02:04.994Z,buy,1.68e-06,3030.0,0.0050904
CDT/BTC,1556784125625,2019-05-02T08:02:05.625Z,buy,1.68e-06,3030.0,0.0050904
CDT/BTC,1556784125795,2019-05-02T08:02:05.795Z,buy,1.68e-06,3444.0,0.00578592
CDT/BTC,1556784125994,2019-05-02T08:02:05.994Z,buy,1.68e-06,3030.0,0.0050904
CDT/BTC,1556784127468,2019-05-02T08:02:07.468Z,buy,1.68e-06,3030.0,0.0050904
CDT/BTC,1556784127637,2019-05-02T08:02:07.637Z,buy,1.68e-06,880.0,0.0014784
CDT/BTC,1556784128580,2019-05-02T08:02:08.580Z,buy,1.68e-06,920.0,0.0015456
CDT/BTC,1556784134371,2019-05-02T08:02:14.371Z,buy,1.68e-06,3530.0,0.0059304
CDT/BTC,1556784135213,2019-05-02T08:02:15.213Z,buy,1.68e-06,2490.0,0.0041832
CDT/BTC,1556784136378,2019-05-02T08:02:16.378Z,buy,1.68e-06,3030.0,0.0050904
CDT/BTC,1556784137380,2019-05-02T08:02:17.380Z,buy,1.68e-06,3650.0,0.006132
CDT/BTC,1556784138304,2019-05-02T08:02:18.304Z,buy,1.68e-06,3650.0,0.006132
CDT/BTC,1556784150982,2019-05-02T08:02:30.982Z,buy,1.68e-06,3820.0,0.0064176
CDT/BTC,1556784154845,2019-05-02T08:02:34.845Z,buy,1.68e-06,602.0,0.00101136
CDT/BTC,1556784155277,2019-05-02T08:02:35.277Z,buy,1.68e-06,1191.0,0.00200088
CDT/BTC,1556784155629,2019-05-02T08:02:35.629Z,buy,1.68e-06,1786.0,0.00300048
CDT/BTC,1556784155650,2019-05-02T08:02:35.650Z,buy,1.68e-06,1191.0,0.00200088
CDT/BTC,1556784155650,2019-05-02T08:02:35.650Z,buy,1.68e-06,602.0,0.00101136
CDT/BTC,1556784155650,2019-05-02T08:02:35.650Z,buy,1.68e-06,602.0,0.00101136
CDT/BTC,1556784155713,2019-05-02T08:02:35.713Z,buy,1.68e-06,1786.0,0.00300048
CDT/BTC,1556784155737,2019-05-02T08:02:35.737Z,buy,1.68e-06,602.0,0.00101136
CDT/BTC,1556784156659,2019-05-02T08:02:36.659Z,buy,1.68e-06,602.0,0.00101136
CDT/BTC,1556784156986,2019-05-02T08:02:36.986Z,buy,1.68e-06,2381.0,0.00400008
CDT/BTC,1556784158236,2019-05-02T08:02:38.236Z,buy,1.68e-06,4190.0,0.0070392
CDT/BTC,1556784158524,2019-05-02T08:02:38.524Z,buy,1.68e-06,1785.0,0.0029988
CDT/BTC,1556784159381,2019-05-02T08:02:39.381Z,buy,1.68e-06,714.0,0.00119952
CDT/BTC,1556784159427,2019-05-02T08:02:39.427Z,buy,1.68e-06,4190.0,0.0070392
CDT/BTC,1556784161918,2019-05-02T08:02:41.918Z,buy,1.68e-06,892.0,0.00149856
CDT/BTC,1556784162623,2019-05-02T08:02:42.623Z,buy,1.68e-06,4040.0,0.0067872
CDT/BTC,1556784165446,2019-05-02T08:02:45.446Z,buy,1.68e-06,23809.0,0.03999912
CDT/BTC,1556784168854,2019-05-02T08:02:48.854Z,buy,1.68e-06,892.0,0.00149856
CDT/BTC,1556784168988,2019-05-02T08:02:48.988Z,buy,1.68e-06,952.0,0.00159936
CDT/BTC,1556784169163,2019-05-02T08:02:49.163Z,buy,1.68e-06,1785.0,0.0029988
CDT/BTC,1556784170609,2019-05-02T08:02:50.609Z,buy,1.68e-06,3620.0,0.0060816
CDT/BTC,1556784171978,2019-05-02T08:02:51.978Z,buy,1.68e-06,11904.0,0.01999872
CDT/BTC,1556784180725,2019-05-02T08:03:00.725Z,buy,1.68e-06,892.0,0.00149856
CDT/BTC,1556784184288,2019-05-02T08:03:04.288Z,buy,1.68e-06,2630.0,0.0044184
CDT/BTC,1556784187337,2019-05-02T08:03:07.337Z,buy,1.68e-06,3080.0,0.0051744
CDT/BTC,1556784191678,2019-05-02T08:03:11.678Z,buy,1.68e-06,1875.0,0.00315
CDT/BTC,1556784194882,2019-05-02T08:03:14.882Z,buy,1.68e-06,892.0,0.00149856
CDT/BTC,1556784202277,2019-05-02T08:03:22.277Z,buy,1.68e-06,3060.0,0.0051408
CDT/BTC,1556784205183,2019-05-02T08:03:25.183Z,buy,1.68e-06,1504.0,0.00252672
CDT/BTC,1556784212048,2019-05-02T08:03:32.048Z,buy,1.68e-06,3680.0,0.0061824
CDT/BTC,1556784215483,2019-05-02T08:03:35.483Z,buy,1.68e-06,3259.0,0.00547512
CDT/BTC,1556784222574,2019-05-02T08:03:42.574Z,buy,1.68e-06,2760.0,0.0046368
CDT/BTC,1556784222645,2019-05-02T08:03:42.645Z,buy,1.68e-06,1785.0,0.0029988
CDT/BTC,1556784255263,2019-05-02T08:04:15.263Z,buy,1.68e-06,2830.0,0.0047544
CDT/BTC,1556784290406,2019-05-02T08:04:50.406Z,buy,1.68e-06,3910.0,0.0065688
CDT/BTC,1556784323276,2019-05-02T08:05:23.276Z,buy,1.68e-06,2340.0,0.0039312
CDT/BTC,1556784324742,2019-05-02T08:05:24.742Z,buy,1.68e-06,2340.0,0.0039312
CDT/BTC,1556784326676,2019-05-02T08:05:26.676Z,buy,1.68e-06,2670.0,0.0044856
CDT/BTC,1556784327670,2019-05-02T08:05:27.670Z,buy,1.68e-06,1020.0,0.0017136
CDT/BTC,1556784328684,2019-05-02T08:05:28.684Z,buy,1.68e-06,2140.0,0.0035952
CDT/BTC,1556784330677,2019-05-02T08:05:30.677Z,buy,1.68e-06,2490.0,0.0041832
CDT/BTC,1556784333193,2019-05-02T08:05:33.193Z,buy,1.68e-06,2710.0,0.0045528
CDT/BTC,1556784334110,2019-05-02T08:05:34.110Z,buy,1.68e-06,2710.0,0.0045528
CDT/BTC,1556784337014,2019-05-02T08:05:37.014Z,buy,1.68e-06,2780.0,0.0046704
CDT/BTC,1556784337931,2019-05-02T08:05:37.931Z,buy,1.68e-06,1210.0,0.0020328
CDT/BTC,1556784339929,2019-05-02T08:05:39.929Z,buy,1.68e-06,2190.0,0.0036792
CDT/BTC,1556784339929,2019-05-02T08:05:39.929Z,buy,1.68e-06,2190.0,0.0036792
CDT/BTC,1556784341415,2019-05-02T08:05:41.415Z,buy,1.68e-06,1330.0,0.0022344
CDT/BTC,1556784343332,2019-05-02T08:05:43.332Z,buy,1.68e-06,2390.0,0.0040152
CDT/BTC,1556784344330,2019-05-02T08:05:44.330Z,buy,1.68e-06,1550.0,0.002604
CDT/BTC,1556784345337,2019-05-02T08:05:45.337Z,buy,1.68e-06,1710.0,0.0028728
CDT/BTC,1556784346730,2019-05-02T08:05:46.730Z,buy,1.68e-06,1620.0,0.0027216
CDT/BTC,1556784347735,2019-05-02T08:05:47.735Z,buy,1.68e-06,1590.0,0.0026712
CDT/BTC,1556784349125,2019-05-02T08:05:49.125Z,buy,1.68e-06,2420.0,0.0040656
CDT/BTC,1556784350510,2019-05-02T08:05:50.510Z,buy,1.68e-06,1370.0,0.0023016
CDT/BTC,1556784351914,2019-05-02T08:05:51.914Z,buy,1.68e-06,1060.0,0.0017808
CDT/BTC,1556784354924,2019-05-02T08:05:54.924Z,buy,1.68e-06,1990.0,0.0033432
CDT/BTC,1556784356928,2019-05-02T08:05:56.928Z,buy,1.68e-06,2110.0,0.0035448
CDT/BTC,1556784358925,2019-05-02T08:05:58.925Z,buy,1.68e-06,1780.0,0.0029904
CDT/BTC,1556784360925,2019-05-02T08:06:00.925Z,buy,1.68e-06,2150.0,0.003612
CDT/BTC,1556784361935,2019-05-02T08:06:01.935Z,buy,1.68e-06,1310.0,0.0022008
CDT/BTC,1556784362937,2019-05-02T08:06:02.937Z,buy,1.68e-06,1870.0,0.0031416
CDT/BTC,1556784365381,2019-05-02T08:06:05.381Z,buy,1.68e-06,2130.0,0.0035784
CDT/BTC,1556784366568,2019-05-02T08:06:06.568Z,buy,1.68e-06,2130.0,0.0035784
CDT/BTC,1556784368567,2019-05-02T08:06:08.567Z,buy,1.68e-06,2130.0,0.0035784
CDT/BTC,1556784369959,2019-05-02T08:06:09.959Z,buy,1.68e-06,2130.0,0.0035784
CDT/BTC,1556784371441,2019-05-02T08:06:11.441Z,buy,1.68e-06,2130.0,0.0035784
CDT/BTC,1556784372332,2019-05-02T08:06:12.332Z,buy,1.68e-06,2040.0,0.0034272
CDT/BTC,1556784373338,2019-05-02T08:06:13.338Z,buy,1.68e-06,1960.0,0.0032928
CDT/BTC,1556784374339,2019-05-02T08:06:14.339Z,buy,1.68e-06,1250.0,0.0021
CDT/BTC,1556784375332,2019-05-02T08:06:15.332Z,buy,1.68e-06,1860.0,0.0031248
CDT/BTC,1556784377336,2019-05-02T08:06:17.336Z,buy,1.68e-06,1980.0,0.0033264
CDT/BTC,1556784378341,2019-05-02T08:06:18.341Z,buy,1.68e-06,1000.0,0.00168
CDT/BTC,1556784379337,2019-05-02T08:06:19.337Z,buy,1.68e-06,1860.0,0.0031248
CDT/BTC,1556784381335,2019-05-02T08:06:21.335Z,buy,1.68e-06,2220.0,0.0037296
CDT/BTC,1556784382344,2019-05-02T08:06:22.344Z,buy,1.68e-06,1440.0,0.0024192
CDT/BTC,1556784383344,2019-05-02T08:06:23.344Z,buy,1.68e-06,1630.0,0.0027384
CDT/BTC,1556784384349,2019-05-02T08:06:24.349Z,buy,1.68e-06,1420.0,0.0023856
CDT/BTC,1556784385345,2019-05-02T08:06:25.345Z,buy,1.68e-06,1990.0,0.0033432
CDT/BTC,1556784387351,2019-05-02T08:06:27.351Z,buy,1.68e-06,2270.0,0.0038136
CDT/BTC,1556784388352,2019-05-02T08:06:28.352Z,buy,1.68e-06,990.0,0.0016632
CDT/BTC,1556784389353,2019-05-02T08:06:29.353Z,buy,1.68e-06,1980.0,0.0033264
CDT/BTC,1556784391366,2019-05-02T08:06:31.366Z,buy,1.68e-06,1910.0,0.0032088
CDT/BTC,1556784394296,2019-05-02T08:06:34.296Z,buy,1.68e-06,2200.0,0.003696
CDT/BTC,1556784395768,2019-05-02T08:06:35.768Z,buy,1.68e-06,1120.0,0.0018816
CDT/BTC,1556784398095,2019-05-02T08:06:38.095Z,buy,1.68e-06,1640.0,0.0027552
CDT/BTC,1556784398989,2019-05-02T08:06:38.989Z,buy,1.68e-06,970.0,0.0016296
CDT/BTC,1556784400460,2019-05-02T08:06:40.460Z,buy,1.68e-06,2020.0,0.0033936
CDT/BTC,1556784402420,2019-05-02T08:06:42.420Z,buy,1.68e-06,2270.0,0.0038136
CDT/BTC,1556784403417,2019-05-02T08:06:43.417Z,buy,1.68e-06,2270.0,0.0038136
CDT/BTC,1556784404411,2019-05-02T08:06:44.411Z,buy,1.68e-06,2270.0,0.0038136
CDT/BTC,1556784405896,2019-05-02T08:06:45.896Z,buy,1.68e-06,2270.0,0.0038136
CDT/BTC,1556784407300,2019-05-02T08:06:47.300Z,buy,1.68e-06,2270.0,0.0038136
CDT/BTC,1556784409192,2019-05-02T08:06:49.192Z,buy,1.68e-06,2370.0,0.0039816
CDT/BTC,1556784410195,2019-05-02T08:06:50.195Z,buy,1.68e-06,1430.0,0.0024024
CDT/BTC,1556784411208,2019-05-02T08:06:51.208Z,buy,1.68e-06,1060.0,0.0017808
CDT/BTC,1556784412187,2019-05-02T08:06:52.187Z,buy,1.68e-06,1650.0,0.002772
CDT/BTC,1556784413674,2019-05-02T08:06:53.674Z,buy,1.68e-06,1670.0,0.0028056
CDT/BTC,1556784415622,2019-05-02T08:06:55.622Z,buy,1.68e-06,2040.0,0.0034272
CDT/BTC,1556784417603,2019-05-02T08:06:57.603Z,buy,1.68e-06,2450.0,0.004116
CDT/BTC,1556784418606,2019-05-02T08:06:58.606Z,buy,1.68e-06,1580.0,0.0026544
CDT/BTC,1556784419615,2019-05-02T08:06:59.615Z,buy,1.68e-06,1650.0,0.002772
CDT/BTC,1556784420608,2019-05-02T08:07:00.608Z,buy,1.68e-06,990.0,0.0016632
CDT/BTC,1556784421608,2019-05-02T08:07:01.608Z,buy,1.68e-06,1930.0,0.0032424
CDT/BTC,1556784422618,2019-05-02T08:07:02.618Z,buy,1.68e-06,1010.0,0.0016968
CDT/BTC,1556784423613,2019-05-02T08:07:03.613Z,buy,1.68e-06,1630.0,0.0027384
CDT/BTC,1556784425616,2019-05-02T08:07:05.616Z,buy,1.68e-06,1470.0,0.0024696
CDT/BTC,1556784426617,2019-05-02T08:07:06.617Z,buy,1.68e-06,1320.0,0.0022176
CDT/BTC,1556784427617,2019-05-02T08:07:07.617Z,buy,1.68e-06,1190.0,0.0019992
CDT/BTC,1556784428624,2019-05-02T08:07:08.624Z,buy,1.68e-06,1070.0,0.0017976
CDT/BTC,1556784430092,2019-05-02T08:07:10.092Z,buy,1.68e-06,970.0,0.0016296
CDT/BTC,1556784431018,2019-05-02T08:07:11.018Z,buy,1.68e-06,890.0,0.0014952
CDT/BTC,1556784432027,2019-05-02T08:07:12.027Z,buy,1.68e-06,890.0,0.0014952
CDT/BTC,1556784433015,2019-05-02T08:07:13.015Z,buy,1.68e-06,890.0,0.0014952
CDT/BTC,1556784435024,2019-05-02T08:07:15.024Z,buy,1.68e-06,890.0,0.0014952
CDT/BTC,1556784436021,2019-05-02T08:07:16.021Z,buy,1.68e-06,890.0,0.0014952
CDT/BTC,1556784437026,2019-05-02T08:07:17.026Z,buy,1.68e-06,890.0,0.0014952
CDT/BTC,1556784438022,2019-05-02T08:07:18.022Z,buy,1.68e-06,890.0,0.0014952
CDT/BTC,1556784439028,2019-05-02T08:07:19.028Z,buy,1.68e-06,890.0,0.0014952
CDT/BTC,1556784440026,2019-05-02T08:07:20.026Z,buy,1.68e-06,890.0,0.0014952
CDT/BTC,1556784660586,2019-05-02T08:11:00.586Z,buy,1.68e-06,1337.0,0.00224616
CDT/BTC,1556785207308,2019-05-02T08:20:07.308Z,sell,1.67e-06,90818.0,0.15166606
CDT/BTC,1556785207406,2019-05-02T08:20:07.406Z,buy,1.68e-06,112.0,0.00018816
CDT/BTC,1556785250518,2019-05-02T08:20:50.518Z,buy,1.68e-06,1288.0,0.00216384
CDT/BTC,1556785587607,2019-05-02T08:26:27.607Z,sell,1.67e-06,1000.0,0.00167
CDT/BTC,1556785615868,2019-05-02T08:26:55.868Z,buy,1.68e-06,4215.0,0.0070812
CDT/BTC,1556785856835,2019-05-02T08:30:56.835Z,buy,1.68e-06,1179.0,0.00198072
CDT/BTC,1556785937790,2019-05-02T08:32:17.790Z,buy,1.68e-06,892.0,0.00149856
CDT/BTC,1556786147824,2019-05-02T08:35:47.824Z,sell,1.67e-06,580000.0,0.9686
CDT/BTC,1556786147849,2019-05-02T08:35:47.849Z,sell,1.67e-06,3774.0,0.00630258
CDT/BTC,1556786147879,2019-05-02T08:35:47.879Z,buy,1.67e-06,1614.0,0.00269538
CDT/BTC,1556786156820,2019-05-02T08:35:56.820Z,sell,1.66e-06,47904.0,0.07952064
CDT/BTC,1556786160025,2019-05-02T08:36:00.025Z,buy,1.67e-06,748.0,0.00124916
CDT/BTC,1556786161930,2019-05-02T08:36:01.930Z,sell,1.66e-06,5952.0,0.00988032
CDT/BTC,1556786413386,2019-05-02T08:40:13.386Z,sell,1.66e-06,6586.0,0.01093276
CDT/BTC,1556786450951,2019-05-02T08:40:50.951Z,buy,1.67e-06,1345.0,0.00224615
CDT/BTC,1556786455652,2019-05-02T08:40:55.652Z,buy,1.67e-06,2231.0,0.00372577
CDT/BTC,1556786457981,2019-05-02T08:40:57.981Z,buy,1.67e-06,2000.0,0.00334
CDT/BTC,1556786458756,2019-05-02T08:40:58.756Z,buy,1.67e-06,1142.0,0.00190714
CDT/BTC,1556786739831,2019-05-02T08:45:39.831Z,buy,1.67e-06,32787.0,0.05475429
CDT/BTC,1556786739862,2019-05-02T08:45:39.862Z,sell,1.67e-06,1104.0,0.00184368
CDT/BTC,1556786739882,2019-05-02T08:45:39.882Z,sell,1.67e-06,2298.0,0.00383766
CDT/BTC,1556786740017,2019-05-02T08:45:40.017Z,sell,1.67e-06,1318.0,0.00220106
CDT/BTC,1556786741079,2019-05-02T08:45:41.079Z,sell,1.67e-06,3243.0,0.00541581
CDT/BTC,1556786741154,2019-05-02T08:45:41.154Z,sell,1.67e-06,1618.0,0.00270206
CDT/BTC,1556786767479,2019-05-02T08:46:07.479Z,sell,1.67e-06,1685.0,0.00281395
CDT/BTC,1556786773740,2019-05-02T08:46:13.740Z,buy,1.68e-06,1190.0,0.0019992
CDT/BTC,1556787282250,2019-05-02T08:54:42.250Z,buy,1.68e-06,49057.0,0.08241576
CDT/BTC,1556787432674,2019-05-02T08:57:12.674Z,sell,1.67e-06,24504.0,0.04092168
CDT/BTC,1556787490282,2019-05-02T08:58:10.282Z,sell,1.67e-06,3099.0,0.00517533
CDT/BTC,1556787603590,2019-05-02T09:00:03.590Z,sell,1.67e-06,5320.0,0.0088844
CDT/BTC,1556787603590,2019-05-02T09:00:03.590Z,sell,1.67e-06,5320.0,0.0088844
CDT/BTC,1556788180965,2019-05-02T09:09:40.965Z,sell,1.66e-06,52641.0,0.08738406
CDT/BTC,1556788185439,2019-05-02T09:09:45.439Z,sell,1.66e-06,2205.0,0.0036603
CDT/BTC,1556788185616,2019-05-02T09:09:45.616Z,sell,1.66e-06,9329.0,0.01548614
CDT/BTC,1556788250866,2019-05-02T09:10:50.866Z,buy,1.67e-06,1278.0,0.00213426
CDT/BTC,1556788376212,2019-05-02T09:12:56.212Z,sell,1.66e-06,38857.0,0.06450262
CDT/BTC,1556788376481,2019-05-02T09:12:56.481Z,buy,1.67e-06,754.0,0.00125918
CDT/BTC,1556788665729,2019-05-02T09:17:45.729Z,sell,1.66e-06,5420.0,0.0089972
CDT/BTC,1556788686290,2019-05-02T09:18:06.290Z,sell,1.66e-06,880.0,0.0014608
CDT/BTC,1556788686644,2019-05-02T09:18:06.644Z,sell,1.66e-06,2730.0,0.0045318
CDT/BTC,1556788806928,2019-05-02T09:20:06.928Z,sell,1.66e-06,61666.0,0.10236556
CDT/BTC,1556788930107,2019-05-02T09:22:10.107Z,sell,1.66e-06,1392.0,0.00231072
CDT/BTC,1556789043501,2019-05-02T09:24:03.501Z,sell,1.66e-06,129754.0,0.21539164
CDT/BTC,1556789254689,2019-05-02T09:27:34.689Z,sell,1.66e-06,1573.0,0.00261118
CDT/BTC,1556789307480,2019-05-02T09:28:27.480Z,sell,1.66e-06,1101.0,0.00182766
CDT/BTC,1556789344702,2019-05-02T09:29:04.702Z,sell,1.66e-06,1048.0,0.00173968
CDT/BTC,1556789366012,2019-05-02T09:29:26.012Z,sell,1.66e-06,1324.0,0.00219784
CDT/BTC,1556789383034,2019-05-02T09:29:43.034Z,sell,1.66e-06,1685.0,0.0027971
CDT/BTC,1556789390244,2019-05-02T09:29:50.244Z,sell,1.66e-06,1685.0,0.0027971
CDT/BTC,1556789495689,2019-05-02T09:31:35.689Z,sell,1.66e-06,6661.0,0.01105726
CDT/BTC,1556789592501,2019-05-02T09:33:12.501Z,buy,1.67e-06,2295.0,0.00383265
CDT/BTC,1556789612728,2019-05-02T09:33:32.728Z,sell,1.66e-06,26395.0,0.0438157
CDT/BTC,1556789627894,2019-05-02T09:33:47.894Z,sell,1.66e-06,4031.0,0.00669146
CDT/BTC,1556789748041,2019-05-02T09:35:48.041Z,sell,1.66e-06,594730.0,0.9872518
CDT/BTC,1556789748064,2019-05-02T09:35:48.064Z,sell,1.66e-06,40654.0,0.06748564
CDT/BTC,1556789748219,2019-05-02T09:35:48.219Z,buy,1.66e-06,1760.0,0.0029216
CDT/BTC,1556789748315,2019-05-02T09:35:48.315Z,buy,1.66e-06,1544.0,0.00256304
CDT/BTC,1556789748328,2019-05-02T09:35:48.328Z,buy,1.66e-06,1544.0,0.00256304
CDT/BTC,1556789812848,2019-05-02T09:36:52.848Z,buy,1.66e-06,1297.0,0.00215302
CDT/BTC,1556790057497,2019-05-02T09:40:57.497Z,buy,1.66e-06,1173.0,0.00194718
CDT/BTC,1556790520937,2019-05-02T09:48:40.937Z,sell,1.65e-06,2295.0,0.00378675
CDT/BTC,1556790520937,2019-05-02T09:48:40.937Z,sell,1.65e-06,20202.0,0.0333333
CDT/BTC,1556790520937,2019-05-02T09:48:40.937Z,sell,1.65e-06,82808.0,0.1366332
CDT/BTC,1556790521135,2019-05-02T09:48:41.135Z,sell,1.65e-06,46564.0,0.0768306
CDT/BTC,1556790523049,2019-05-02T09:48:43.049Z,buy,1.65e-06,3190.0,0.0052635
CDT/BTC,1556790523733,2019-05-02T09:48:43.733Z,buy,1.65e-06,2000.0,0.0033
CDT/BTC,1556790524881,2019-05-02T09:48:44.881Z,buy,1.65e-06,4215.0,0.00695475
CDT/BTC,1556790533737,2019-05-02T09:48:53.737Z,sell,1.64e-06,1478.0,0.00242392
CDT/BTC,1556790533737,2019-05-02T09:48:53.737Z,sell,1.64e-06,2317.0,0.00379988
CDT/BTC,1556790564763,2019-05-02T09:49:24.763Z,buy,1.65e-06,7189.0,0.01186185
CDT/BTC,1556790621133,2019-05-02T09:50:21.133Z,buy,1.65e-06,1231.0,0.00203115
CDT/BTC,1556790629583,2019-05-02T09:50:29.583Z,sell,1.64e-06,49367.0,0.08096188
CDT/BTC,1556790638675,2019-05-02T09:50:38.675Z,buy,1.65e-06,20991.0,0.03463515
CDT/BTC,1556790640756,2019-05-02T09:50:40.756Z,sell,1.65e-06,6800.0,0.01122
CDT/BTC,1556790651974,2019-05-02T09:50:51.974Z,buy,1.66e-06,1728.0,0.00286848
CDT/BTC,1556790662049,2019-05-02T09:51:02.049Z,buy,1.66e-06,1570.0,0.0026062
CDT/BTC,1556790663357,2019-05-02T09:51:03.357Z,buy,1.66e-06,1420.0,0.0023572
CDT/BTC,1556790708660,2019-05-02T09:51:48.660Z,sell,1.65e-06,1219.0,0.00201135
CDT/BTC,1556790709613,2019-05-02T09:51:49.613Z,buy,1.66e-06,120481.0,0.19999846
CDT/BTC,1556790855711,2019-05-02T09:54:15.711Z,buy,1.66e-06,1371.0,0.0022758599999999
CDT/BTC,1556790855743,2019-05-02T09:54:15.743Z,sell,1.66e-06,4668.0,0.00774888
CDT/BTC,1556790977184,2019-05-02T09:56:17.184Z,sell,1.66e-06,893.0,0.00148238
CDT/BTC,1556791028041,2019-05-02T09:57:08.041Z,sell,1.66e-06,24326.0,0.04038116
CDT/BTC,1556791035755,2019-05-02T09:57:15.755Z,sell,1.66e-06,2937.0,0.00487542
CDT/BTC,1556791134440,2019-05-02T09:58:54.440Z,buy,1.66e-06,11144.0,0.01849904
CDT/BTC,1556791134440,2019-05-02T09:58:54.440Z,buy,1.66e-06,11144.0,0.01849904
CDT/BTC,1556791408884,2019-05-02T10:03:28.884Z,buy,1.66e-06,1979.0,0.0032851399999999
CDT/BTC,1556791692505,2019-05-02T10:08:12.505Z,sell,1.65e-06,2972.0,0.0049038
CDT/BTC,1556791752068,2019-05-02T10:09:12.068Z,sell,1.65e-06,3187.0,0.00525855
CDT/BTC,1556791857850,2019-05-02T10:10:57.850Z,buy,1.66e-06,1190.0,0.0019754
CDT/BTC,1556791859828,2019-05-02T10:10:59.828Z,buy,1.66e-06,2601.0,0.00431766
CDT/BTC,1556791860537,2019-05-02T10:11:00.537Z,buy,1.66e-06,3223.0,0.00535018
CDT/BTC,1556792082965,2019-05-02T10:14:42.965Z,sell,1.65e-06,2000.0,0.0033
CDT/BTC,1556792083738,2019-05-02T10:14:43.738Z,buy,1.66e-06,902.0,0.00149732
CDT/BTC,1556792084028,2019-05-02T10:14:44.028Z,buy,1.66e-06,884.0,0.00146744
CDT/BTC,1556792287175,2019-05-02T10:18:07.175Z,buy,1.66e-06,1227.0,0.00203682
CDT/BTC,1556792527249,2019-05-02T10:22:07.249Z,buy,1.66e-06,32802.0,0.05445132
CDT/BTC,1556792527249,2019-05-02T10:22:07.249Z,buy,1.67e-06,37210.0,0.0621407
CDT/BTC,1556792527297,2019-05-02T10:22:07.297Z,sell,1.66e-06,1490.0,0.0024734
CDT/BTC,1556792527302,2019-05-02T10:22:07.302Z,sell,1.66e-06,2063.0,0.00342458
CDT/BTC,1556792527365,2019-05-02T10:22:07.365Z,sell,1.66e-06,3291.0,0.00546306
CDT/BTC,1556792528366,2019-05-02T10:22:08.366Z,sell,1.66e-06,1398.0,0.00232068
CDT/BTC,1556793053496,2019-05-02T10:30:53.496Z,buy,1.67e-06,1305.0,0.00217935
CDT/BTC,1556793297802,2019-05-02T10:34:57.802Z,sell,1.66e-06,893.0,0.00148238
CDT/BTC,1556793297823,2019-05-02T10:34:57.823Z,sell,1.66e-06,928.0,0.0015404799999999
CDT/BTC,1556793311092,2019-05-02T10:35:11.092Z,sell,1.66e-06,3220.0,0.0053452
CDT/BTC,1556793355933,2019-05-02T10:35:55.933Z,sell,1.66e-06,1012.0,0.00167992
CDT/BTC,1556793358124,2019-05-02T10:35:58.124Z,sell,1.66e-06,909.0,0.00150894
CDT/BTC,1556793358436,2019-05-02T10:35:58.436Z,sell,1.66e-06,775.0,0.0012864999999999
CDT/BTC,1556793369939,2019-05-02T10:36:09.939Z,sell,1.66e-06,3485.0,0.0057851
CDT/BTC,1556793400348,2019-05-02T10:36:40.348Z,sell,1.66e-06,58068.0,0.09639288
CDT/BTC,1556793675463,2019-05-02T10:41:15.463Z,sell,1.65e-06,3502.0,0.0057783
CDT/BTC,1556793728535,2019-05-02T10:42:08.535Z,buy,1.66e-06,630.0,0.0010458
CDT/BTC,1556793867699,2019-05-02T10:44:27.699Z,buy,1.66e-06,2262.0,0.00375492
CDT/BTC,1556793939127,2019-05-02T10:45:39.127Z,buy,1.66e-06,1440.0,0.0023904
CDT/BTC,1556794076003,2019-05-02T10:47:56.003Z,buy,1.66e-06,11059.0,0.01835794
CDT/BTC,1556794116420,2019-05-02T10:48:36.420Z,buy,1.66e-06,1382.0,0.00229412
CDT/BTC,1556794116420,2019-05-02T10:48:36.420Z,buy,1.66e-06,1382.0,0.00229412
CDT/BTC,1556794858572,2019-05-02T11:00:58.572Z,buy,1.66e-06,11167.0,0.01853722
CDT/BTC,1556794888771,2019-05-02T11:01:28.771Z,buy,1.66e-06,11874.0,0.01971084
CDT/BTC,1556794888955,2019-05-02T11:01:28.955Z,sell,1.66e-06,995.0,0.0016517
CDT/BTC,1556794888993,2019-05-02T11:01:28.993Z,sell,1.66e-06,738.0,0.00122508
CDT/BTC,1556794889081,2019-05-02T11:01:29.081Z,sell,1.66e-06,833.0,0.00138278
CDT/BTC,1556794889145,2019-05-02T11:01:29.145Z,sell,1.66e-06,1000.0,0.00166
CDT/BTC,1556794889251,2019-05-02T11:01:29.251Z,sell,1.66e-06,893.0,0.00148238
CDT/BTC,1556794889474,2019-05-02T11:01:29.474Z,sell,1.66e-06,10201.0,0.01693366
CDT/BTC,1556794889573,2019-05-02T11:01:29.573Z,sell,1.66e-06,805.0,0.0013363
CDT/BTC,1556794893510,2019-05-02T11:01:33.510Z,sell,1.66e-06,3363.0,0.00558258
CDT/BTC,1556795082233,2019-05-02T11:04:42.233Z,buy,1.67e-06,10100.0,0.016867
CDT/BTC,1556795084301,2019-05-02T11:04:44.301Z,buy,1.67e-06,3259.0,0.00544253
CDT/BTC,1556795106040,2019-05-02T11:05:06.040Z,buy,1.67e-06,1477.0,0.00246659
CDT/BTC,1556795117590,2019-05-02T11:05:17.590Z,sell,1.66e-06,2304.0,0.00382464
CDT/BTC,1556795118177,2019-05-02T11:05:18.177Z,buy,1.67e-06,700.0,0.001169
CDT/BTC,1556795119491,2019-05-02T11:05:19.491Z,buy,1.67e-06,1796.0,0.00299932
CDT/BTC,1556795566391,2019-05-02T11:12:46.391Z,sell,1.66e-06,3548.0,0.00588968
CDT/BTC,1556795567174,2019-05-02T11:12:47.174Z,buy,1.67e-06,750.0,0.0012525
CDT/BTC,1556795618294,2019-05-02T11:13:38.294Z,sell,1.66e-06,1388.0,0.00230408
CDT/BTC,1556795701829,2019-05-02T11:15:01.829Z,sell,1.66e-06,793.0,0.00131638
CDT/BTC,1556795739830,2019-05-02T11:15:39.830Z,buy,1.67e-06,87719.0,0.14649073
CDT/BTC,1556795752877,2019-05-02T11:15:52.877Z,sell,1.66e-06,1730.0,0.0028718
CDT/BTC,1556795986116,2019-05-02T11:19:46.116Z,sell,1.66e-06,780.0,0.0012948
CDT/BTC,1556796142951,2019-05-02T11:22:22.951Z,buy,1.67e-06,49351.0,0.08241617
CDT/BTC,1556796149701,2019-05-02T11:22:29.701Z,sell,1.66e-06,4428.0,0.00735048
CDT/BTC,1556796263705,2019-05-02T11:24:23.705Z,sell,1.66e-06,1733.0,0.00287678
CDT/BTC,1556796263799,2019-05-02T11:24:23.799Z,sell,1.66e-06,1953.0,0.0032419799999999
CDT/BTC,1556796283302,2019-05-02T11:24:43.302Z,sell,1.66e-06,1258.0,0.00208828
CDT/BTC,1556796289727,2019-05-02T11:24:49.727Z,sell,1.66e-06,40630.0,0.0674458
CDT/BTC,1556796422127,2019-05-02T11:27:02.127Z,sell,1.66e-06,6661.0,0.01105726
CDT/BTC,1556796682459,2019-05-02T11:31:22.459Z,sell,1.66e-06,11133.0,0.01848078
CDT/BTC,1556796886145,2019-05-02T11:34:46.145Z,sell,1.66e-06,104796.0,0.17396136
CDT/BTC,1556796886145,2019-05-02T11:34:46.145Z,sell,1.65e-06,83561.0,0.13787565
CDT/BTC,1556796886164,2019-05-02T11:34:46.164Z,buy,1.65e-06,6453.0,0.01064745
CDT/BTC,1556796886177,2019-05-02T11:34:46.177Z,buy,1.65e-06,2340.0,0.003861
CDT/BTC,1556796886196,2019-05-02T11:34:46.196Z,buy,1.65e-06,2899.0,0.00478335
CDT/BTC,1556796886226,2019-05-02T11:34:46.226Z,buy,1.65e-06,2368.0,0.0039072
CDT/BTC,1556796887238,2019-05-02T11:34:47.238Z,buy,1.65e-06,2711.0,0.00447315
CDT/BTC,1556796887271,2019-05-02T11:34:47.271Z,buy,1.65e-06,2832.0,0.0046728
CDT/BTC,1556796887286,2019-05-02T11:34:47.286Z,buy,1.65e-06,2832.0,0.0046728
CDT/BTC,1556796887305,2019-05-02T11:34:47.305Z,buy,1.65e-06,2839.0,0.00468435
CDT/BTC,1556796907986,2019-05-02T11:35:07.986Z,buy,1.65e-06,607.0,0.00100155
CDT/BTC,1556797034025,2019-05-02T11:37:14.025Z,buy,1.65e-06,15000.0,0.02475
CDT/BTC,1556797186503,2019-05-02T11:39:46.503Z,sell,1.64e-06,7052.0,0.0115652799999999
CDT/BTC,1556797190816,2019-05-02T11:39:50.816Z,sell,1.64e-06,20683.0,0.03392012
CDT/BTC,1556797190892,2019-05-02T11:39:50.892Z,sell,1.64e-06,8430.0,0.0138252
CDT/BTC,1556797200700,2019-05-02T11:40:00.700Z,sell,1.64e-06,1648.0,0.00270272
CDT/BTC,1556797203793,2019-05-02T11:40:03.793Z,sell,1.64e-06,1648.0,0.00270272
CDT/BTC,1556797204643,2019-05-02T11:40:04.643Z,sell,1.64e-06,1648.0,0.00270272
CDT/BTC,1556797205645,2019-05-02T11:40:05.645Z,sell,1.64e-06,1648.0,0.00270272
CDT/BTC,1556797243715,2019-05-02T11:40:43.715Z,sell,1.64e-06,69941.0,0.11470324
CDT/BTC,1556797250237,2019-05-02T11:40:50.237Z,buy,1.65e-06,1841.0,0.00303765
CDT/BTC,1556797695338,2019-05-02T11:48:15.338Z,buy,1.65e-06,909.0,0.00149985
CDT/BTC,1556797695338,2019-05-02T11:48:15.338Z,buy,1.65e-06,909.0,0.00149985
CDT/BTC,1556797808409,2019-05-02T11:50:08.409Z,buy,1.65e-06,929.0,0.00153285
CDT/BTC,1556797857257,2019-05-02T11:50:57.257Z,buy,1.65e-06,1313.0,0.00216645
CDT/BTC,1556798459626,2019-05-02T12:00:59.626Z,buy,1.65e-06,2101.0,0.00346665
CDT/BTC,1556798464680,2019-05-02T12:01:04.680Z,buy,1.65e-06,1894.0,0.0031251
CDT/BTC,1556798922728,2019-05-02T12:08:42.728Z,buy,1.65e-06,6676.0,0.0110154
CDT/BTC,1556799105461,2019-05-02T12:11:45.461Z,buy,1.65e-06,18422.0,0.0303963
CDT/BTC,1556799105495,2019-05-02T12:11:45.495Z,sell,1.65e-06,1280.0,0.002112
CDT/BTC,1556799105531,2019-05-02T12:11:45.531Z,sell,1.65e-06,1929.0,0.00318285
CDT/BTC,1556799105535,2019-05-02T12:11:45.535Z,sell,1.65e-06,3949.0,0.00651585
CDT/BTC,1556799105537,2019-05-02T12:11:45.537Z,sell,1.65e-06,1902.0,0.0031383
CDT/BTC,1556799105538,2019-05-02T12:11:45.538Z,sell,1.65e-06,4273.0,0.00705045
CDT/BTC,1556799105564,2019-05-02T12:11:45.564Z,sell,1.65e-06,1557.0,0.00256905
CDT/BTC,1556799106554,2019-05-02T12:11:46.554Z,sell,1.65e-06,1324.0,0.0021846
CDT/BTC,1556799106606,2019-05-02T12:11:46.606Z,sell,1.65e-06,5061.0,0.00835065
CDT/BTC,1556799446955,2019-05-02T12:17:26.955Z,sell,1.65e-06,6367.0,0.01050555
CDT/BTC,1556799475055,2019-05-02T12:17:55.055Z,buy,1.65e-06,801.0,0.00132165
CDT/BTC,1556799587034,2019-05-02T12:19:47.034Z,buy,1.65e-06,6061.0,0.01000065
CDT/BTC,1556799655431,2019-05-02T12:20:55.431Z,buy,1.65e-06,1234.0,0.0020361
CDT/BTC,1556799656716,2019-05-02T12:20:56.716Z,buy,1.65e-06,2828.0,0.0046662
CDT/BTC,1556800161204,2019-05-02T12:29:21.204Z,buy,1.65e-06,3030.0,0.0049995
CDT/BTC,1556800251646,2019-05-02T12:30:51.646Z,buy,1.65e-06,1431.0,0.00236115
CDT/BTC,1556800670591,2019-05-02T12:37:50.591Z,sell,1.64e-06,23579.0,0.03866956
CDT/BTC,1556800692661,2019-05-02T12:38:12.661Z,buy,1.65e-06,2068.0,0.0034122
CDT/BTC,1556800830760,2019-05-02T12:40:30.760Z,buy,1.65e-06,3029.0,0.00499785
CDT/BTC,1556800851869,2019-05-02T12:40:51.869Z,buy,1.65e-06,1470.0,0.0024255
CDT/BTC,1556800856567,2019-05-02T12:40:56.567Z,buy,1.65e-06,1881.0,0.00310365
CDT/BTC,1556800856567,2019-05-02T12:40:56.567Z,buy,1.65e-06,1881.0,0.00310365
CDT/BTC,1556801299813,2019-05-02T12:48:19.813Z,buy,1.65e-06,1172.0,0.0019338
CDT/BTC,1556801334361,2019-05-02T12:48:54.361Z,buy,1.65e-06,1212.0,0.0019998
CDT/BTC,1556801451085,2019-05-02T12:50:51.085Z,buy,1.65e-06,1521.0,0.00250965
CDT/BTC,1556801796228,2019-05-02T12:56:36.228Z,buy,1.65e-06,610.0,0.0010065
CDT/BTC,1556801933947,2019-05-02T12:58:53.947Z,buy,1.65e-06,6928.0,0.0114312
CDT/BTC,1556802057804,2019-05-02T13:00:57.804Z,sell,1.64e-06,1382.0,0.00226648
CDT/BTC,1556802063122,2019-05-02T13:01:03.122Z,sell,1.64e-06,15115.0,0.0247886
CDT/BTC,1556802120420,2019-05-02T13:02:00.420Z,sell,1.64e-06,756.0,0.00123984
CDT/BTC,1556802121122,2019-05-02T13:02:01.122Z,sell,1.64e-06,845.0,0.0013858
CDT/BTC,1556802379853,2019-05-02T13:06:19.853Z,buy,1.65e-06,1646.0,0.0027159
CDT/BTC,1556802395547,2019-05-02T13:06:35.547Z,buy,1.65e-06,2500.0,0.004125
CDT/BTC,1556802399425,2019-05-02T13:06:39.425Z,buy,1.65e-06,1225.0,0.00202125
CDT/BTC,1556802443568,2019-05-02T13:07:23.568Z,sell,1.64e-06,3030.0,0.0049692
CDT/BTC,1556802480599,2019-05-02T13:08:00.599Z,buy,1.65e-06,5668.0,0.0093522
CDT/BTC,1556802480631,2019-05-02T13:08:00.631Z,sell,1.65e-06,1350.0,0.0022275
CDT/BTC,1556802480661,2019-05-02T13:08:00.661Z,sell,1.65e-06,1246.0,0.0020559
CDT/BTC,1556802480685,2019-05-02T13:08:00.685Z,sell,1.65e-06,2201.0,0.00363165
CDT/BTC,1556802480690,2019-05-02T13:08:00.690Z,sell,1.65e-06,1554.0,0.0025641
CDT/BTC,1556802480693,2019-05-02T13:08:00.693Z,sell,1.65e-06,1054.0,0.0017391
CDT/BTC,1556802480771,2019-05-02T13:08:00.771Z,sell,1.65e-06,778.0,0.0012837
CDT/BTC,1556802480886,2019-05-02T13:08:00.886Z,sell,1.65e-06,2126.0,0.0035079
CDT/BTC,1556802481467,2019-05-02T13:08:01.467Z,sell,1.65e-06,2330.0,0.0038445
CDT/BTC,1556802481669,2019-05-02T13:08:01.669Z,sell,1.65e-06,1916.0,0.0031614
CDT/BTC,1556802481725,2019-05-02T13:08:01.725Z,sell,1.65e-06,808.0,0.0013332
CDT/BTC,1556802481762,2019-05-02T13:08:01.762Z,sell,1.65e-06,806.0,0.0013299
CDT/BTC,1556802482453,2019-05-02T13:08:02.453Z,sell,1.65e-06,910.0,0.0015015
CDT/BTC,1556802483196,2019-05-02T13:08:03.196Z,buy,1.66e-06,910.0,0.0015106
CDT/BTC,1556802484877,2019-05-02T13:08:04.877Z,buy,1.66e-06,20433.0,0.03391878
CDT/BTC,1556802496308,2019-05-02T13:08:16.308Z,sell,1.65e-06,3500.0,0.005775
CDT/BTC,1556802496816,2019-05-02T13:08:16.816Z,buy,1.66e-06,737.0,0.00122342
CDT/BTC,1556802649603,2019-05-02T13:10:49.603Z,sell,1.65e-06,1117.0,0.00184305
CDT/BTC,1556802820223,2019-05-02T13:13:40.223Z,sell,1.65e-06,1086.0,0.0017919
CDT/BTC,1556802848041,2019-05-02T13:14:08.041Z,sell,1.65e-06,1047.0,0.00172755
CDT/BTC,1556802848111,2019-05-02T13:14:08.111Z,sell,1.65e-06,1144.0,0.0018876
CDT/BTC,1556802848197,2019-05-02T13:14:08.197Z,sell,1.65e-06,1367.0,0.00225555
CDT/BTC,1556803593755,2019-05-02T13:26:33.755Z,sell,1.65e-06,860.0,0.001419
CDT/BTC,1556803609416,2019-05-02T13:26:49.416Z,sell,1.65e-06,861.0,0.00142065
CDT/BTC,1556803858076,2019-05-02T13:30:58.076Z,sell,1.65e-06,1196.0,0.0019734
CDT/BTC,1556804226582,2019-05-02T13:37:06.582Z,buy,1.66e-06,37310.0,0.0619346
CDT/BTC,1556804400390,2019-05-02T13:40:00.390Z,buy,1.66e-06,620.0,0.0010292
CDT/BTC,1556804456402,2019-05-02T13:40:56.402Z,sell,1.65e-06,2407.0,0.00397155
CDT/BTC,1556804456402,2019-05-02T13:40:56.402Z,sell,1.65e-06,2407.0,0.00397155
CDT/BTC,1556804458454,2019-05-02T13:40:58.454Z,sell,1.65e-06,1128.0,0.0018612
CDT/BTC,1556804459590,2019-05-02T13:40:59.590Z,sell,1.65e-06,1368.0,0.0022572
CDT/BTC,1556804952783,2019-05-02T13:49:12.783Z,sell,1.65e-06,1421.0,0.00234465
CDT/BTC,1556804952896,2019-05-02T13:49:12.896Z,sell,1.65e-06,1070.0,0.0017655
CDT/BTC,1556804953011,2019-05-02T13:49:13.011Z,sell,1.65e-06,1698.0,0.0028017
CDT/BTC,1556804953113,2019-05-02T13:49:13.113Z,sell,1.65e-06,1409.0,0.00232485
CDT/BTC,1556805008725,2019-05-02T13:50:08.725Z,buy,1.66e-06,3325.0,0.0055195
CDT/BTC,1556805169478,2019-05-02T13:52:49.478Z,sell,1.65e-06,1302.0,0.0021483
CDT/BTC,1556805403869,2019-05-02T13:56:43.869Z,buy,1.66e-06,11268.0,0.01870488
CDT/BTC,1556805502798,2019-05-02T13:58:22.798Z,buy,1.66e-06,1332.0,0.00221112
CDT/BTC,1556805524366,2019-05-02T13:58:44.366Z,sell,1.65e-06,177318.0,0.2925747
CDT/BTC,1556805540041,2019-05-02T13:59:00.041Z,sell,1.64e-06,30120.0,0.0493968
CDT/BTC,1556805695432,2019-05-02T14:01:35.432Z,buy,1.65e-06,1800.0,0.00297
CDT/BTC,1556806036935,2019-05-02T14:07:16.935Z,buy,1.65e-06,34772.0,0.0573738
CDT/BTC,1556806073091,2019-05-02T14:07:53.091Z,buy,1.65e-06,1212.0,0.0019998
CDT/BTC,1556806366293,2019-05-02T14:12:46.293Z,sell,1.64e-06,166989.0,0.27386196
CDT/BTC,1556806366356,2019-05-02T14:12:46.356Z,buy,1.64e-06,3361.0,0.00551204
CDT/BTC,1556806367309,2019-05-02T14:12:47.309Z,buy,1.64e-06,2000.0,0.00328
CDT/BTC,1556806370928,2019-05-02T14:12:50.928Z,sell,1.63e-06,57786.0,0.09419118
CDT/BTC,1556806374135,2019-05-02T14:12:54.135Z,sell,1.63e-06,915.0,0.00149145
CDT/BTC,1556806377165,2019-05-02T14:12:57.165Z,sell,1.63e-06,7141.0,0.01163983
CDT/BTC,1556806378358,2019-05-02T14:12:58.358Z,sell,1.63e-06,1403.0,0.00228689
CDT/BTC,1556806382416,2019-05-02T14:13:02.416Z,sell,1.63e-06,705.0,0.00114915
CDT/BTC,1556806384475,2019-05-02T14:13:04.475Z,buy,1.64e-06,1858.0,0.00304712
CDT/BTC,1556806384475,2019-05-02T14:13:04.475Z,buy,1.64e-06,1275.0,0.002091
CDT/BTC,1556806384475,2019-05-02T14:13:04.475Z,buy,1.64e-06,1275.0,0.002091
CDT/BTC,1556806466548,2019-05-02T14:14:26.548Z,sell,1.63e-06,2519.0,0.00410597
CDT/BTC,1556806510237,2019-05-02T14:15:10.237Z,sell,1.63e-06,641.0,0.00104483
CDT/BTC,1556806537823,2019-05-02T14:15:37.823Z,sell,1.63e-06,50589.0,0.08246007
CDT/BTC,1556806689564,2019-05-02T14:18:09.564Z,sell,1.63e-06,2009.0,0.00327467
CDT/BTC,1556806747356,2019-05-02T14:19:07.356Z,buy,1.64e-06,1287.0,0.0021106799999999
CDT/BTC,1556806748066,2019-05-02T14:19:08.066Z,buy,1.64e-06,2512.0,0.00411968
CDT/BTC,1556806749423,2019-05-02T14:19:09.423Z,buy,1.64e-06,763.0,0.00125132
CDT/BTC,1556806922424,2019-05-02T14:22:02.424Z,sell,1.63e-06,1858.0,0.00302854
CDT/BTC,1556806935165,2019-05-02T14:22:15.165Z,sell,1.63e-06,2512.0,0.00409456
CDT/BTC,1556807288340,2019-05-02T14:28:08.340Z,buy,1.64e-06,875.0,0.001435
CDT/BTC,1556807341376,2019-05-02T14:29:01.376Z,buy,1.64e-06,35396.0,0.05804944
CDT/BTC,1556807341397,2019-05-02T14:29:01.397Z,sell,1.64e-06,4972.0,0.00815408
CDT/BTC,1556807341411,2019-05-02T14:29:01.411Z,sell,1.64e-06,1161.0,0.0019040399999999
CDT/BTC,1556807341457,2019-05-02T14:29:01.457Z,sell,1.64e-06,2974.0,0.00487736
CDT/BTC,1556807341493,2019-05-02T14:29:01.493Z,sell,1.64e-06,1064.0,0.00174496
CDT/BTC,1556807342523,2019-05-02T14:29:02.523Z,sell,1.64e-06,3423.0,0.00561372
CDT/BTC,1556807386409,2019-05-02T14:29:46.409Z,sell,1.64e-06,12910.0,0.0211724
CDT/BTC,1556807455323,2019-05-02T14:30:55.323Z,buy,1.65e-06,1479.0,0.00244035
CDT/BTC,1556807542073,2019-05-02T14:32:22.073Z,sell,1.64e-06,13550.0,0.022222
CDT/BTC,1556807542073,2019-05-02T14:32:22.073Z,sell,1.64e-06,13550.0,0.022222
CDT/BTC,1556808064434,2019-05-02T14:41:04.434Z,sell,1.63e-06,16937.0,0.02760731
CDT/BTC,1556808064535,2019-05-02T14:41:04.535Z,buy,1.64e-06,1848.0,0.0030307199999999
CDT/BTC,1556808064572,2019-05-02T14:41:04.572Z,buy,1.64e-06,1402.0,0.00229928
CDT/BTC,1556808629705,2019-05-02T14:50:29.705Z,buy,1.64e-06,49660.0,0.0814424
CDT/BTC,1556808650723,2019-05-02T14:50:50.723Z,sell,1.63e-06,85278.0,0.13900314
CDT/BTC,1556808725875,2019-05-02T14:52:05.875Z,sell,1.63e-06,12413.0,0.02023319
CDT/BTC,1556808728010,2019-05-02T14:52:08.010Z,buy,1.63e-06,2373.0,0.00386799
CDT/BTC,1556808828531,2019-05-02T14:53:48.531Z,sell,1.62e-06,163816.0,0.26538192
CDT/BTC,1556808828531,2019-05-02T14:53:48.531Z,sell,1.62e-06,35978.0,0.05828436
CDT/BTC,1556808828531,2019-05-02T14:53:48.531Z,sell,1.62e-06,971.0,0.0015730199999999
CDT/BTC,1556808828531,2019-05-02T14:53:48.531Z,sell,1.62e-06,975.0,0.0015795
CDT/BTC,1556808829021,2019-05-02T14:53:49.021Z,buy,1.63e-06,6528.0,0.01064064
CDT/BTC,1556808829309,2019-05-02T14:53:49.309Z,buy,1.63e-06,721.0,0.00117523
CDT/BTC,1556809025550,2019-05-02T14:57:05.550Z,buy,1.63e-06,30898.0,0.05036374
CDT/BTC,1556809033355,2019-05-02T14:57:13.355Z,sell,1.62e-06,27908.0,0.04521096
CDT/BTC,1556809034786,2019-05-02T14:57:14.786Z,sell,1.62e-06,1376.0,0.00222912
CDT/BTC,1556809038902,2019-05-02T14:57:18.902Z,buy,1.63e-06,2068.0,0.00337084
CDT/BTC,1556809038902,2019-05-02T14:57:18.902Z,buy,1.63e-06,492.0,0.00080196
CDT/BTC,1556809038902,2019-05-02T14:57:18.902Z,buy,1.64e-06,20466.0,0.03356424
CDT/BTC,1556809038948,2019-05-02T14:57:18.948Z,sell,1.63e-06,1265.0,0.00206195
CDT/BTC,1556809038948,2019-05-02T14:57:18.948Z,sell,1.63e-06,1534.0,0.00250042
CDT/BTC,1556809038949,2019-05-02T14:57:18.949Z,sell,1.63e-06,837.0,0.00136431
CDT/BTC,1556809038977,2019-05-02T14:57:18.977Z,sell,1.63e-06,1452.0,0.00236676
CDT/BTC,1556809039010,2019-05-02T14:57:19.010Z,sell,1.63e-06,1246.0,0.00203098
CDT/BTC,1556809039027,2019-05-02T14:57:19.027Z,sell,1.63e-06,1419.0,0.00231297
CDT/BTC,1556809067264,2019-05-02T14:57:47.264Z,buy,1.64e-06,967.0,0.00158588
CDT/BTC,1556809069912,2019-05-02T14:57:49.912Z,buy,1.64e-06,953.0,0.00156292
CDT/BTC,1556809070272,2019-05-02T14:57:50.272Z,buy,1.64e-06,970.0,0.0015908
CDT/BTC,1556809070931,2019-05-02T14:57:50.931Z,buy,1.64e-06,2290.0,0.0037556
CDT/BTC,1556809072423,2019-05-02T14:57:52.423Z,buy,1.64e-06,936.0,0.0015350399999999
CDT/BTC,1556809114970,2019-05-02T14:58:34.970Z,sell,1.63e-06,936.0,0.00152568
CDT/BTC,1556809144519,2019-05-02T14:59:04.519Z,sell,1.63e-06,1226.0,0.00199838
CDT/BTC,1556809245833,2019-05-02T15:00:45.833Z,sell,1.63e-06,27423.0,0.04469949
CDT/BTC,1556809253715,2019-05-02T15:00:53.715Z,buy,1.64e-06,2280.0,0.0037392
CDT/BTC,1556809257450,2019-05-02T15:00:57.450Z,buy,1.64e-06,1821.0,0.00298644
CDT/BTC,1556809436657,2019-05-02T15:03:56.657Z,sell,1.63e-06,47608.0,0.07760104
CDT/BTC,1556809458666,2019-05-02T15:04:18.666Z,sell,1.63e-06,2707.0,0.00441241
CDT/BTC,1556809458666,2019-05-02T15:04:18.666Z,sell,1.62e-06,34931.0,0.05658822
CDT/BTC,1556809458708,2019-05-02T15:04:18.708Z,buy,1.63e-06,4110.0,0.0066993
CDT/BTC,1556809458723,2019-05-02T15:04:18.723Z,buy,1.63e-06,2707.0,0.00441241
CDT/BTC,1556809458822,2019-05-02T15:04:18.822Z,buy,1.63e-06,2019.0,0.00329097
CDT/BTC,1556809459843,2019-05-02T15:04:19.843Z,buy,1.63e-06,1650.0,0.0026895
CDT/BTC,1556809692764,2019-05-02T15:08:12.764Z,sell,1.62e-06,35335.0,0.0572427
CDT/BTC,1556809713564,2019-05-02T15:08:33.564Z,sell,1.62e-06,1175.0,0.0019035
CDT/BTC,1556809736270,2019-05-02T15:08:56.270Z,sell,1.62e-06,128842.0,0.20872404
CDT/BTC,1556809739973,2019-05-02T15:08:59.973Z,sell,1.62e-06,1412.0,0.00228744
CDT/BTC,1556809741310,2019-05-02T15:09:01.310Z,sell,1.62e-06,921.0,0.00149202
CDT/BTC,1556809824551,2019-05-02T15:10:24.551Z,sell,1.62e-06,34025.0,0.0551204999999999
CDT/BTC,1556809824551,2019-05-02T15:10:24.551Z,sell,1.61e-06,242324.0,0.39014164
CDT/BTC,1556809824578,2019-05-02T15:10:24.578Z,buy,1.62e-06,4500.0,0.00729
CDT/BTC,1556809825335,2019-05-02T15:10:25.335Z,buy,1.62e-06,2000.0,0.00324
CDT/BTC,1556809828313,2019-05-02T15:10:28.313Z,sell,1.61e-06,1761.0,0.00283521
CDT/BTC,1556809830458,2019-05-02T15:10:30.458Z,buy,1.62e-06,6172.0,0.00999864
CDT/BTC,1556809830458,2019-05-02T15:10:30.458Z,buy,1.62e-06,645.0,0.0010448999999999
CDT/BTC,1556809830458,2019-05-02T15:10:30.458Z,buy,1.62e-06,645.0,0.0010448999999999
CDT/BTC,1556809838136,2019-05-02T15:10:38.136Z,sell,1.61e-06,641.0,0.00103201
CDT/BTC,1556809840816,2019-05-02T15:10:40.816Z,sell,1.61e-06,16666.0,0.02683226
CDT/BTC,1556809857741,2019-05-02T15:10:57.741Z,sell,1.61e-06,6134.0,0.00987574
CDT/BTC,1556809858190,2019-05-02T15:10:58.190Z,buy,1.62e-06,6565.0,0.0106353
CDT/BTC,1556809858564,2019-05-02T15:10:58.564Z,buy,1.62e-06,725.0,0.0011745
CDT/BTC,1556809860870,2019-05-02T15:11:00.870Z,buy,1.62e-06,1376.0,0.00222912
CDT/BTC,1556809861869,2019-05-02T15:11:01.869Z,buy,1.62e-06,1512.0,0.0024494399999999
CDT/BTC,1556809863385,2019-05-02T15:11:03.385Z,buy,1.62e-06,2677.0,0.0043367399999999
CDT/BTC,1556809917405,2019-05-02T15:11:57.405Z,sell,1.61e-06,6061.0,0.00975821
CDT/BTC,1556809919716,2019-05-02T15:11:59.716Z,sell,1.61e-06,7000.0,0.01127
CDT/BTC,1556809936151,2019-05-02T15:12:16.151Z,buy,1.62e-06,741.0,0.00120042
CDT/BTC,1556809947913,2019-05-02T15:12:27.913Z,sell,1.61e-06,2459.0,0.00395899
CDT/BTC,1556809971122,2019-05-02T15:12:51.122Z,sell,1.61e-06,48051.0,0.07736211
CDT/BTC,1556809975504,2019-05-02T15:12:55.504Z,sell,1.61e-06,1420.0,0.0022862
CDT/BTC,1556809976666,2019-05-02T15:12:56.666Z,sell,1.61e-06,926.0,0.00149086
CDT/BTC,1556810082566,2019-05-02T15:14:42.566Z,sell,1.61e-06,6211.0,0.00999971
CDT/BTC,1556810178126,2019-05-02T15:16:18.126Z,sell,1.61e-06,14786.0,0.02380546
CDT/BTC,1556810185189,2019-05-02T15:16:25.189Z,sell,1.61e-06,2472.0,0.00397992
CDT/BTC,1556810195795,2019-05-02T15:16:35.795Z,sell,1.61e-06,1332.0,0.00214452
CDT/BTC,1556810229744,2019-05-02T15:17:09.744Z,sell,1.61e-06,1796.0,0.00289156
CDT/BTC,1556810375771,2019-05-02T15:19:35.771Z,buy,1.62e-06,1458.0,0.0023619599999999
CDT/BTC,1556810423379,2019-05-02T15:20:23.379Z,buy,1.62e-06,2469.0,0.00399978
CDT/BTC,1556810426500,2019-05-02T15:20:26.500Z,buy,1.62e-06,14768.0,0.02392416
CDT/BTC,1556810445708,2019-05-02T15:20:45.708Z,buy,1.62e-06,9099.0,0.0147403799999999
CDT/BTC,1556810451430,2019-05-02T15:20:51.430Z,sell,1.61e-06,10117.0,0.01628837
CDT/BTC,1556810451450,2019-05-02T15:20:51.450Z,buy,1.61e-06,3538.0,0.00569618
CDT/BTC,1556810451472,2019-05-02T15:20:51.472Z,buy,1.61e-06,1201.0,0.00193361
CDT/BTC,1556810451553,2019-05-02T15:20:51.553Z,buy,1.61e-06,1470.0,0.0023667
CDT/BTC,1556810451651,2019-05-02T15:20:51.651Z,buy,1.61e-06,2371.0,0.00381731
CDT/BTC,1556810451659,2019-05-02T15:20:51.659Z,buy,1.61e-06,2371.0,0.00381731
CDT/BTC,1556810451662,2019-05-02T15:20:51.662Z,buy,1.61e-06,2371.0,0.00381731
CDT/BTC,1556810451668,2019-05-02T15:20:51.668Z,buy,1.61e-06,2650.0,0.0042665
CDT/BTC,1556810451737,2019-05-02T15:20:51.737Z,buy,1.61e-06,2000.0,0.00322
CDT/BTC,1556810451756,2019-05-02T15:20:51.756Z,buy,1.61e-06,1081.0,0.00174041
CDT/BTC,1556810455219,2019-05-02T15:20:55.219Z,buy,1.61e-06,927.0,0.00149247
CDT/BTC,1556810466888,2019-05-02T15:21:06.888Z,buy,1.61e-06,2919.0,0.00469959
CDT/BTC,1556810490241,2019-05-02T15:21:30.241Z,buy,1.61e-06,690.0,0.0011109
CDT/BTC,1556810529733,2019-05-02T15:22:09.733Z,buy,1.61e-06,931.0,0.00149891
CDT/BTC,1556810566176,2019-05-02T15:22:46.176Z,buy,1.61e-06,3955.0,0.00636755
CDT/BTC,1556810566587,2019-05-02T15:22:46.587Z,buy,1.61e-06,988.0,0.00159068
CDT/BTC,1556810665291,2019-05-02T15:24:25.291Z,buy,1.61e-06,1465.0,0.00235865
CDT/BTC,1556810716614,2019-05-02T15:25:16.614Z,buy,1.61e-06,1635.0,0.00263235
CDT/BTC,1556810852301,2019-05-02T15:27:32.301Z,buy,1.61e-06,1466.0,0.00236026
CDT/BTC,1556810867408,2019-05-02T15:27:47.408Z,sell,1.6e-06,875.0,0.0014
CDT/BTC,1556810930354,2019-05-02T15:28:50.354Z,sell,1.6e-06,1785.0,0.002856
CDT/BTC,1556810994442,2019-05-02T15:29:54.442Z,sell,1.6e-06,263827.0,0.4221232
CDT/BTC,1556811000191,2019-05-02T15:30:00.191Z,sell,1.6e-06,932.0,0.0014912
CDT/BTC,1556811000349,2019-05-02T15:30:00.349Z,sell,1.6e-06,1429.0,0.0022864
CDT/BTC,1556811002177,2019-05-02T15:30:02.177Z,buy,1.61e-06,915.0,0.00147315
CDT/BTC,1556811002177,2019-05-02T15:30:02.177Z,buy,1.61e-06,15243.0,0.02454123
CDT/BTC,1556811003937,2019-05-02T15:30:03.937Z,sell,1.6e-06,252046.0,0.4032735999999999
CDT/BTC,1556811004047,2019-05-02T15:30:04.047Z,buy,1.6e-06,1229.0,0.0019664
CDT/BTC,1556811004078,2019-05-02T15:30:04.078Z,buy,1.6e-06,18750.0,0.03
CDT/BTC,1556811004247,2019-05-02T15:30:04.247Z,buy,1.6e-06,1449.0,0.0023184
CDT/BTC,1556811004350,2019-05-02T15:30:04.350Z,buy,1.6e-06,4572.0,0.0073152
CDT/BTC,1556811004705,2019-05-02T15:30:04.705Z,sell,1.59e-06,898.0,0.00142782
CDT/BTC,1556811005981,2019-05-02T15:30:05.981Z,sell,1.59e-06,901.0,0.00143259
CDT/BTC,1556811006200,2019-05-02T15:30:06.200Z,sell,1.59e-06,970.0,0.0015423
CDT/BTC,1556811007431,2019-05-02T15:30:07.431Z,sell,1.59e-06,882.0,0.00140238
CDT/BTC,1556811009782,2019-05-02T15:30:09.782Z,sell,1.59e-06,939.0,0.00149301
CDT/BTC,1556811009797,2019-05-02T15:30:09.797Z,sell,1.59e-06,915.0,0.00145485
CDT/BTC,1556811010318,2019-05-02T15:30:10.318Z,sell,1.59e-06,967.0,0.00153753
CDT/BTC,1556811010784,2019-05-02T15:30:10.784Z,sell,1.59e-06,7433.0,0.01181847
CDT/BTC,1556811012230,2019-05-02T15:30:12.230Z,sell,1.59e-06,924.0,0.00146916
CDT/BTC,1556811012702,2019-05-02T15:30:12.702Z,sell,1.59e-06,942.0,0.00149778
CDT/BTC,1556811013464,2019-05-02T15:30:13.464Z,sell,1.59e-06,915.0,0.00145485
CDT/BTC,1556811014102,2019-05-02T15:30:14.102Z,sell,1.59e-06,946.0,0.00150414
CDT/BTC,1556811015973,2019-05-02T15:30:15.973Z,sell,1.59e-06,989.0,0.00157251
CDT/BTC,1556811016547,2019-05-02T15:30:16.547Z,sell,1.59e-06,897.0,0.00142623
CDT/BTC,1556811016557,2019-05-02T15:30:16.557Z,sell,1.59e-06,928.0,0.00147552
CDT/BTC,1556811018105,2019-05-02T15:30:18.105Z,sell,1.59e-06,941.0,0.00149619
CDT/BTC,1556811018583,2019-05-02T15:30:18.583Z,sell,1.59e-06,882.0,0.00140238
CDT/BTC,1556811018832,2019-05-02T15:30:18.832Z,buy,1.6e-06,3125.0,0.005
CDT/BTC,1556811020228,2019-05-02T15:30:20.228Z,sell,1.59e-06,915.0,0.00145485
CDT/BTC,1556811020640,2019-05-02T15:30:20.640Z,sell,1.59e-06,2290.0,0.0036411
CDT/BTC,1556811021555,2019-05-02T15:30:21.555Z,sell,1.59e-06,953.0,0.00151527
CDT/BTC,1556811022167,2019-05-02T15:30:22.167Z,sell,1.59e-06,920.0,0.0014628
CDT/BTC,1556811022992,2019-05-02T15:30:22.992Z,sell,1.59e-06,1041.0,0.00165519
CDT/BTC,1556811027215,2019-05-02T15:30:27.215Z,sell,1.59e-06,959.0,0.00152481
CDT/BTC,1556811029673,2019-05-02T15:30:29.673Z,sell,1.59e-06,938.0,0.00149142
CDT/BTC,1556811030831,2019-05-02T15:30:30.831Z,sell,1.59e-06,933.0,0.00148347
CDT/BTC,1556811032128,2019-05-02T15:30:32.128Z,sell,1.59e-06,927.0,0.00147393
CDT/BTC,1556811032184,2019-05-02T15:30:32.184Z,sell,1.59e-06,890.0,0.0014151
CDT/BTC,1556811032744,2019-05-02T15:30:32.744Z,sell,1.59e-06,994.0,0.00158046
CDT/BTC,1556811036787,2019-05-02T15:30:36.787Z,sell,1.59e-06,8602.0,0.01367718
CDT/BTC,1556811037282,2019-05-02T15:30:37.282Z,sell,1.59e-06,890.0,0.0014151
CDT/BTC,1556811042418,2019-05-02T15:30:42.418Z,sell,1.59e-06,891.0,0.00141669
CDT/BTC,1556811048940,2019-05-02T15:30:48.940Z,sell,1.59e-06,7410.0,0.0117819
CDT/BTC,1556811050130,2019-05-02T15:30:50.130Z,sell,1.59e-06,927.0,0.00147393
CDT/BTC,1556811052102,2019-05-02T15:30:52.102Z,buy,1.6e-06,2000.0,0.0031999999999999
CDT/BTC,1556811052567,2019-05-02T15:30:52.567Z,buy,1.6e-06,2000.0,0.0031999999999999
CDT/BTC,1556811054055,2019-05-02T15:30:54.055Z,buy,1.6e-06,6250.0,0.01
CDT/BTC,1556811055438,2019-05-02T15:30:55.438Z,buy,1.6e-06,634.0,0.0010144
CDT/BTC,1556811057343,2019-05-02T15:30:57.343Z,buy,1.6e-06,930.0,0.001488
CDT/BTC,1556811057372,2019-05-02T15:30:57.372Z,buy,1.6e-06,8428.0,0.0134848
CDT/BTC,1556811057439,2019-05-02T15:30:57.439Z,buy,1.6e-06,97214.0,0.1555424
CDT/BTC,1556811057439,2019-05-02T15:30:57.439Z,buy,1.61e-06,161490.0,0.2599989
CDT/BTC,1556811057460,2019-05-02T15:30:57.460Z,sell,1.61e-06,17858.0,0.02875138
CDT/BTC,1556811057538,2019-05-02T15:30:57.538Z,sell,1.61e-06,7837.0,0.01261757
CDT/BTC,1556811057631,2019-05-02T15:30:57.631Z,sell,1.61e-06,9181.0,0.01478141
CDT/BTC,1556811057942,2019-05-02T15:30:57.942Z,sell,1.61e-06,1550.0,0.0024955
CDT/BTC,1556811061246,2019-05-02T15:31:01.246Z,buy,1.62e-06,4852.0,0.00786024
CDT/BTC,1556811061813,2019-05-02T15:31:01.813Z,sell,1.61e-06,9411.0,0.01515171
CDT/BTC,1556811064924,2019-05-02T15:31:04.924Z,buy,1.61e-06,4371.0,0.00703731
CDT/BTC,1556811126292,2019-05-02T15:32:06.292Z,sell,1.6e-06,641.0,0.0010256
CDT/BTC,1556811126292,2019-05-02T15:32:06.292Z,sell,1.6e-06,641.0,0.0010256
CDT/BTC,1556811146998,2019-05-02T15:32:26.998Z,buy,1.61e-06,1242.0,0.00199962
CDT/BTC,1556811231034,2019-05-02T15:33:51.034Z,sell,1.6e-06,6250.0,0.01
CDT/BTC,1556811347067,2019-05-02T15:35:47.067Z,buy,1.61e-06,15372.0,0.02474892
CDT/BTC,1556811524734,2019-05-02T15:38:44.734Z,buy,1.61e-06,8790.0,0.0141519
CDT/BTC,1556811574353,2019-05-02T15:39:34.353Z,buy,1.61e-06,14771.0,0.02378131
CDT/BTC,1556811655268,2019-05-02T15:40:55.268Z,buy,1.61e-06,2378.0,0.00382858
CDT/BTC,1556811655271,2019-05-02T15:40:55.271Z,buy,1.61e-06,1155.0,0.00185955
CDT/BTC,1556811707235,2019-05-02T15:41:47.235Z,buy,1.61e-06,12000.0,0.01932
CDT/BTC,1556811787360,2019-05-02T15:43:07.360Z,sell,1.6e-06,1702.0,0.0027232
CDT/BTC,1556811908306,2019-05-02T15:45:08.306Z,buy,1.61e-06,857.0,0.00137977
CDT/BTC,1556812000371,2019-05-02T15:46:40.371Z,sell,1.6e-06,62647.0,0.1002352
CDT/BTC,1556812084770,2019-05-02T15:48:04.770Z,buy,1.61e-06,25245.0,0.04064445
CDT/BTC,1556812084801,2019-05-02T15:48:04.801Z,sell,1.61e-06,1638.0,0.00263718
CDT/BTC,1556812084827,2019-05-02T15:48:04.827Z,sell,1.61e-06,1024.0,0.00164864
CDT/BTC,1556812084838,2019-05-02T15:48:04.838Z,sell,1.61e-06,2448.0,0.00394128
CDT/BTC,1556812084838,2019-05-02T15:48:04.838Z,sell,1.61e-06,3330.0,0.0053613
CDT/BTC,1556812084860,2019-05-02T15:48:04.860Z,sell,1.61e-06,1094.0,0.00176134
CDT/BTC,1556812084886,2019-05-02T15:48:04.886Z,sell,1.61e-06,4055.0,0.00652855
CDT/BTC,1556812085861,2019-05-02T15:48:05.861Z,sell,1.61e-06,1050.0,0.0016905
CDT/BTC,1556812085865,2019-05-02T15:48:05.865Z,sell,1.61e-06,1062.0,0.00170982
CDT/BTC,1556812085941,2019-05-02T15:48:05.941Z,sell,1.61e-06,1812.0,0.00291732
CDT/BTC,1556812085985,2019-05-02T15:48:05.985Z,sell,1.61e-06,2884.0,0.00464324
CDT/BTC,1556812259553,2019-05-02T15:50:59.553Z,buy,1.62e-06,2820.0,0.0045684
CDT/BTC,1556812259956,2019-05-02T15:50:59.956Z,buy,1.62e-06,3684.0,0.00596808
CDT/BTC,1556812261009,2019-05-02T15:51:01.009Z,sell,1.61e-06,1198.0,0.00192878
CDT/BTC,1556812262450,2019-05-02T15:51:02.450Z,buy,1.62e-06,12876.0,0.02085912
CDT/BTC,1556812263164,2019-05-02T15:51:03.164Z,buy,1.62e-06,2194.0,0.00355428
CDT/BTC,1556812452788,2019-05-02T15:54:12.788Z,buy,1.62e-06,3086.0,0.00499932
CDT/BTC,1556812649439,2019-05-02T15:57:29.439Z,buy,1.62e-06,2097.0,0.00339714
CDT/BTC,1556812871268,2019-05-02T16:01:11.268Z,sell,1.61e-06,1250.0,0.0020125
CDT/BTC,1556812899595,2019-05-02T16:01:39.595Z,buy,1.62e-06,1235.0,0.0020007
CDT/BTC,1556813305382,2019-05-02T16:08:25.382Z,buy,1.62e-06,3488.0,0.00565056
CDT/BTC,1556813343632,2019-05-02T16:09:03.632Z,sell,1.61e-06,34737.0,0.05592657
CDT/BTC,1556813456901,2019-05-02T16:10:56.901Z,buy,1.62e-06,5322.0,0.00862164
CDT/BTC,1556813461132,2019-05-02T16:11:01.132Z,buy,1.62e-06,1166.0,0.0018889199999999
CDT/BTC,1556813461219,2019-05-02T16:11:01.219Z,buy,1.62e-06,2011.0,0.00325782
CDT/BTC,1556813728793,2019-05-02T16:15:28.793Z,buy,1.62e-06,2316.0,0.0037519199999999
CDT/BTC,1556813855121,2019-05-02T16:17:35.121Z,sell,1.61e-06,16972.0,0.02732492
CDT/BTC,1556813949075,2019-05-02T16:19:09.075Z,buy,1.62e-06,853.0,0.00138186
CDT/BTC,1556813988224,2019-05-02T16:19:48.224Z,sell,1.61e-06,22371.0,0.03601731
CDT/BTC,1556813988242,2019-05-02T16:19:48.242Z,buy,1.61e-06,1966.0,0.00316526
CDT/BTC,1556813988416,2019-05-02T16:19:48.416Z,buy,1.61e-06,2136.0,0.00343896
CDT/BTC,1556814056268,2019-05-02T16:20:56.268Z,buy,1.61e-06,2019.0,0.00325059
CDT/BTC,1556814109463,2019-05-02T16:21:49.463Z,sell,1.6e-06,123508.0,0.1976127999999999
CDT/BTC,1556814109479,2019-05-02T16:21:49.479Z,buy,1.6e-06,10118.0,0.0161888
CDT/BTC,1556814109479,2019-05-02T16:21:49.479Z,buy,1.6e-06,18447.0,0.0295152
CDT/BTC,1556814110537,2019-05-02T16:21:50.537Z,buy,1.6e-06,7259.0,0.0116143999999999
CDT/BTC,1556814114083,2019-05-02T16:21:54.083Z,buy,1.6e-06,2545.0,0.004072
CDT/BTC,1556814115170,2019-05-02T16:21:55.170Z,sell,1.59e-06,1438.0,0.00228642
CDT/BTC,1556814116081,2019-05-02T16:21:56.081Z,buy,1.6e-06,1438.0,0.0023008
CDT/BTC,1556814116857,2019-05-02T16:21:56.857Z,sell,1.59e-06,938.0,0.00149142
CDT/BTC,1556814117026,2019-05-02T16:21:57.026Z,buy,1.6e-06,2272.0,0.0036352
CDT/BTC,1556814118082,2019-05-02T16:21:58.082Z,buy,1.6e-06,1737.0,0.0027792
CDT/BTC,1556814120531,2019-05-02T16:22:00.531Z,buy,1.6e-06,2765.0,0.004424
CDT/BTC,1556814132223,2019-05-02T16:22:12.223Z,buy,1.6e-06,2976.0,0.0047615999999999
CDT/BTC,1556814152825,2019-05-02T16:22:32.825Z,buy,1.6e-06,7957.0,0.0127312
CDT/BTC,1556814177392,2019-05-02T16:22:57.392Z,sell,1.59e-06,10118.0,0.01608762
CDT/BTC,1556814211088,2019-05-02T16:23:31.088Z,sell,1.59e-06,641.0,0.00101919
CDT/BTC,1556814224894,2019-05-02T16:23:44.894Z,sell,1.59e-06,44005.0,0.06996795
CDT/BTC,1556814258168,2019-05-02T16:24:18.168Z,sell,1.59e-06,1983.0,0.00315297
CDT/BTC,1556814258286,2019-05-02T16:24:18.286Z,sell,1.59e-06,1581.0,0.00251379
CDT/BTC,1556814258507,2019-05-02T16:24:18.507Z,sell,1.59e-06,253518.0,0.40309362
CDT/BTC,1556814300367,2019-05-02T16:25:00.367Z,buy,1.6e-06,625.0,0.001
CDT/BTC,1556814385833,2019-05-02T16:26:25.833Z,buy,1.6e-06,31250.0,0.0499999999999999
CDT/BTC,1556814415648,2019-05-02T16:26:55.648Z,buy,1.6e-06,2212.0,0.0035391999999999
CDT/BTC,1556814430982,2019-05-02T16:27:10.982Z,buy,1.6e-06,1640.0,0.002624
CDT/BTC,1556814470920,2019-05-02T16:27:50.920Z,buy,1.6e-06,1788.0,0.0028607999999999
CDT/BTC,1556814472046,2019-05-02T16:27:52.046Z,sell,1.6e-06,3067.0,0.0049072
CDT/BTC,1556814472059,2019-05-02T16:27:52.059Z,sell,1.6e-06,1856.0,0.0029695999999999
CDT/BTC,1556814483639,2019-05-02T16:28:03.639Z,buy,1.61e-06,1242.0,0.00199962
CDT/BTC,1556814504066,2019-05-02T16:28:24.066Z,buy,1.61e-06,1242.0,0.00199962
CDT/BTC,1556814534135,2019-05-02T16:28:54.135Z,buy,1.61e-06,896.0,0.00144256
CDT/BTC,1556814578352,2019-05-02T16:29:38.352Z,sell,1.6e-06,5611.0,0.0089775999999999
CDT/BTC,1556814581402,2019-05-02T16:29:41.402Z,sell,1.6e-06,26099.0,0.0417584
CDT/BTC,1556814582385,2019-05-02T16:29:42.385Z,buy,1.61e-06,74089.0,0.11928329
CDT/BTC,1556814582429,2019-05-02T16:29:42.429Z,sell,1.61e-06,9084.0,0.01462524
CDT/BTC,1556814582430,2019-05-02T16:29:42.430Z,sell,1.61e-06,9084.0,0.01462524
CDT/BTC,1556814582456,2019-05-02T16:29:42.456Z,buy,1.62e-06,9084.0,0.01471608
CDT/BTC,1556814582475,2019-05-02T16:29:42.475Z,sell,1.61e-06,1209.0,0.00194649
CDT/BTC,1556814582542,2019-05-02T16:29:42.542Z,sell,1.61e-06,1602.0,0.00257922
CDT/BTC,1556814582543,2019-05-02T16:29:42.543Z,sell,1.61e-06,846.0,0.00136206
CDT/BTC,1556814582557,2019-05-02T16:29:42.557Z,sell,1.61e-06,375.0,0.00060375
CDT/BTC,1556814594610,2019-05-02T16:29:54.610Z,sell,1.61e-06,701.0,0.00112861
CDT/BTC,1556814594613,2019-05-02T16:29:54.613Z,sell,1.61e-06,2486.0,0.00400246
CDT/BTC,1556814594613,2019-05-02T16:29:54.613Z,sell,1.6e-06,701.0,0.0011216
CDT/BTC,1556814595331,2019-05-02T16:29:55.331Z,buy,1.62e-06,1848.0,0.00299376
CDT/BTC,1556814607154,2019-05-02T16:30:07.154Z,buy,1.62e-06,4070.0,0.0065934
CDT/BTC,1556814649111,2019-05-02T16:30:49.111Z,sell,1.61e-06,6250.0,0.0100625
CDT/BTC,1556814652637,2019-05-02T16:30:52.637Z,buy,1.62e-06,1033.0,0.0016734599999999
CDT/BTC,1556814654570,2019-05-02T16:30:54.570Z,sell,1.61e-06,3352.0,0.00539672
CDT/BTC,1556814695533,2019-05-02T16:31:35.533Z,buy,1.61e-06,6993.0,0.01125873
CDT/BTC,1556814714765,2019-05-02T16:31:54.765Z,buy,1.61e-06,11683.0,0.01880963
CDT/BTC,1556814714765,2019-05-02T16:31:54.765Z,buy,1.61e-06,11683.0,0.01880963
CDT/BTC,1556814768445,2019-05-02T16:32:48.445Z,buy,1.61e-06,17522.0,0.02821042
CDT/BTC,1556814848479,2019-05-02T16:34:08.479Z,buy,1.62e-06,6201.0,0.01004562
CDT/BTC,1556814911980,2019-05-02T16:35:11.980Z,sell,1.61e-06,1997.0,0.00321517
CDT/BTC,1556815013036,2019-05-02T16:36:53.036Z,sell,1.61e-06,4306.0,0.00693266
CDT/BTC,1556815029160,2019-05-02T16:37:09.160Z,buy,1.62e-06,712.0,0.00115344
CDT/BTC,1556815255766,2019-05-02T16:40:55.766Z,buy,1.62e-06,2066.0,0.0033469199999999
CDT/BTC,1556815261159,2019-05-02T16:41:01.159Z,buy,1.62e-06,1807.0,0.00292734
CDT/BTC,1556815263021,2019-05-02T16:41:03.021Z,buy,1.62e-06,1240.0,0.0020088
CDT/BTC,1556815322308,2019-05-02T16:42:02.308Z,buy,1.62e-06,1062.0,0.00172044
CDT/BTC,1556815434531,2019-05-02T16:43:54.531Z,sell,1.61e-06,1425.0,0.00229425
CDT/BTC,1556815434620,2019-05-02T16:43:54.620Z,sell,1.61e-06,1326.0,0.00213486
CDT/BTC,1556815473438,2019-05-02T16:44:33.438Z,buy,1.62e-06,1062.0,0.00172044
CDT/BTC,1556815484161,2019-05-02T16:44:44.161Z,sell,1.61e-06,925.0,0.00148925
CDT/BTC,1556815484269,2019-05-02T16:44:44.269Z,sell,1.61e-06,1146.0,0.00184506
CDT/BTC,1556815496655,2019-05-02T16:44:56.655Z,sell,1.61e-06,1061.0,0.00170821
CDT/BTC,1556815530964,2019-05-02T16:45:30.964Z,sell,1.61e-06,1307.0,0.00210427
CDT/BTC,1556815531063,2019-05-02T16:45:31.063Z,sell,1.61e-06,942.0,0.00151662
CDT/BTC,1556815531164,2019-05-02T16:45:31.164Z,sell,1.61e-06,914.0,0.00147154
CDT/BTC,1556815535654,2019-05-02T16:45:35.654Z,sell,1.61e-06,906.0,0.00145866
CDT/BTC,1556815753885,2019-05-02T16:49:13.885Z,sell,1.61e-06,14756.0,0.02375716
CDT/BTC,1556815849611,2019-05-02T16:50:49.611Z,buy,1.62e-06,1569.0,0.00254178
CDT/BTC,1556815855754,2019-05-02T16:50:55.754Z,buy,1.62e-06,6997.0,0.01133514
CDT/BTC,1556815855949,2019-05-02T16:50:55.949Z,buy,1.62e-06,2847.0,0.00461214
CDT/BTC,1556815858839,2019-05-02T16:50:58.839Z,buy,1.62e-06,2998.0,0.00485676
CDT/BTC,1556815899117,2019-05-02T16:51:39.117Z,buy,1.62e-06,130886.0,0.21203532
CDT/BTC,1556816456665,2019-05-02T17:00:56.665Z,sell,1.61e-06,3930.0,0.0063273
CDT/BTC,1556817050005,2019-05-02T17:10:50.005Z,buy,1.62e-06,3182.0,0.00515484
CDT/BTC,1556817055187,2019-05-02T17:10:55.187Z,buy,1.62e-06,5759.0,0.00932958
CDT/BTC,1556817055322,2019-05-02T17:10:55.322Z,buy,1.62e-06,2842.0,0.00460404
CDT/BTC,1556817588252,2019-05-02T17:19:48.252Z,buy,1.62e-06,5353.0,0.00867186
CDT/BTC,1556817645939,2019-05-02T17:20:45.939Z,sell,1.61e-06,4009.0,0.00645449
CDT/BTC,1556817672376,2019-05-02T17:21:12.376Z,sell,1.61e-06,11683.0,0.01880963
CDT/BTC,1556817847972,2019-05-02T17:24:07.972Z,sell,1.61e-06,7463.0,0.01201543
CDT/BTC,1556818248314,2019-05-02T17:30:48.314Z,buy,1.62e-06,4496.0,0.00728352
CDT/BTC,1556818257098,2019-05-02T17:30:57.098Z,buy,1.62e-06,4831.0,0.00782622
CDT/BTC,1556818258056,2019-05-02T17:30:58.056Z,buy,1.62e-06,4636.0,0.00751032
CDT/BTC,1556818258056,2019-05-02T17:30:58.056Z,buy,1.62e-06,4636.0,0.00751032
CDT/BTC,1556818446279,2019-05-02T17:34:06.279Z,sell,1.61e-06,1000.0,0.00161
CDT/BTC,1556818547556,2019-05-02T17:35:47.556Z,buy,1.62e-06,11600.0,0.018792
CDT/BTC,1556818852058,2019-05-02T17:40:52.058Z,sell,1.61e-06,1943.0,0.00312823
CDT/BTC,1556818857130,2019-05-02T17:40:57.130Z,sell,1.61e-06,1346.0,0.00216706
CDT/BTC,1556818859018,2019-05-02T17:40:59.018Z,sell,1.61e-06,1847.0,0.00297367
CDT/BTC,1556818907970,2019-05-02T17:41:47.970Z,buy,1.62e-06,764.0,0.00123768
CDT/BTC,1556819108871,2019-05-02T17:45:08.871Z,sell,1.61e-06,2078.0,0.00334558
CDT/BTC,1556819389089,2019-05-02T17:49:49.089Z,sell,1.61e-06,49212.0,0.07923132
CDT/BTC,1556819450222,2019-05-02T17:50:50.222Z,buy,1.62e-06,2271.0,0.00367902
CDT/BTC,1556819456874,2019-05-02T17:50:56.874Z,buy,1.62e-06,1738.0,0.00281556
CDT/BTC,1556819457740,2019-05-02T17:50:57.740Z,buy,1.62e-06,1666.0,0.00269892
CDT/BTC,1556819563776,2019-05-02T17:52:43.776Z,sell,1.61e-06,6716.0,0.01081276
CDT/BTC,1556820051567,2019-05-02T18:00:51.567Z,buy,1.62e-06,1426.0,0.00231012
CDT/BTC,1556820052396,2019-05-02T18:00:52.396Z,buy,1.62e-06,1520.0,0.0024624
CDT/BTC,1556820080483,2019-05-02T18:01:20.483Z,buy,1.62e-06,80000.0,0.1296
CDT/BTC,1556820117287,2019-05-02T18:01:57.287Z,buy,1.62e-06,2652.0,0.00429624
CDT/BTC,1556820122798,2019-05-02T18:02:02.798Z,buy,1.62e-06,4944.0,0.00800928
CDT/BTC,1556820157192,2019-05-02T18:02:37.192Z,buy,1.62e-06,4662.0,0.00755244
CDT/BTC,1556820160904,2019-05-02T18:02:40.904Z,buy,1.62e-06,1619.0,0.00262278
CDT/BTC,1556820201027,2019-05-02T18:03:21.027Z,buy,1.62e-06,29424.0,0.04766688
CDT/BTC,1556820201069,2019-05-02T18:03:21.069Z,sell,1.62e-06,766.0,0.00124092
CDT/BTC,1556820201218,2019-05-02T18:03:21.218Z,sell,1.62e-06,640.0,0.0010368
CDT/BTC,1556820201264,2019-05-02T18:03:21.264Z,sell,1.62e-06,957.0,0.0015503399999999
CDT/BTC,1556820201325,2019-05-02T18:03:21.325Z,sell,1.62e-06,760.0,0.0012312
CDT/BTC,1556820201441,2019-05-02T18:03:21.441Z,sell,1.62e-06,740.0,0.0011987999999999
CDT/BTC,1556820225912,2019-05-02T18:03:45.912Z,buy,1.63e-06,751.0,0.00122413
CDT/BTC,1556820240419,2019-05-02T18:04:00.419Z,buy,1.63e-06,17279.0,0.02816477
CDT/BTC,1556820264302,2019-05-02T18:04:24.302Z,buy,1.63e-06,62380.0,0.1016794
CDT/BTC,1556820283339,2019-05-02T18:04:43.339Z,sell,1.62e-06,1242.0,0.00201204
CDT/BTC,1556820284197,2019-05-02T18:04:44.197Z,buy,1.63e-06,9447.0,0.01539861
CDT/BTC,1556820467768,2019-05-02T18:07:47.768Z,buy,1.63e-06,61881.0,0.10086603
CDT/BTC,1556820467873,2019-05-02T18:07:47.873Z,buy,1.63e-06,1052.0,0.00171476
CDT/BTC,1556820649065,2019-05-02T18:10:49.065Z,sell,1.62e-06,4514.0,0.0073126799999999
CDT/BTC,1556820652244,2019-05-02T18:10:52.244Z,sell,1.62e-06,8877.0,0.01438074
CDT/BTC,1556820655125,2019-05-02T18:10:55.125Z,sell,1.62e-06,4364.0,0.00706968
CDT/BTC,1556820832752,2019-05-02T18:13:52.752Z,buy,1.63e-06,12194.0,0.01987622
CDT/BTC,1556820839657,2019-05-02T18:13:59.657Z,buy,1.63e-06,6407.0,0.01044341
CDT/BTC,1556820941062,2019-05-02T18:15:41.062Z,buy,1.63e-06,284093.0,0.46307159
CDT/BTC,1556820941095,2019-05-02T18:15:41.095Z,sell,1.63e-06,1032.0,0.00168216
CDT/BTC,1556820941103,2019-05-02T18:15:41.103Z,sell,1.63e-06,1359.0,0.00221517
CDT/BTC,1556820941128,2019-05-02T18:15:41.128Z,sell,1.63e-06,1234.0,0.00201142
CDT/BTC,1556820941157,2019-05-02T18:15:41.157Z,sell,1.63e-06,1556.0,0.00253628
CDT/BTC,1556820941168,2019-05-02T18:15:41.168Z,sell,1.63e-06,783.0,0.00127629
CDT/BTC,1556820941239,2019-05-02T18:15:41.239Z,sell,1.63e-06,768.0,0.00125184
CDT/BTC,1556820942194,2019-05-02T18:15:42.194Z,sell,1.63e-06,1204.0,0.00196252
CDT/BTC,1556820952346,2019-05-02T18:15:52.346Z,sell,1.63e-06,712.0,0.00116056
CDT/BTC,1556820953862,2019-05-02T18:15:53.862Z,buy,1.64e-06,746.0,0.00122344
CDT/BTC,1556820956205,2019-05-02T18:15:56.205Z,sell,1.63e-06,20403.0,0.03325689
CDT/BTC,1556820956569,2019-05-02T18:15:56.569Z,sell,1.63e-06,2000.0,0.00326
CDT/BTC,1556821041159,2019-05-02T18:17:21.159Z,sell,1.63e-06,1242.0,0.00202446
CDT/BTC,1556821108159,2019-05-02T18:18:28.159Z,buy,1.64e-06,2500.0,0.0041
CDT/BTC,1556821197044,2019-05-02T18:19:57.044Z,buy,1.64e-06,226090.0,0.3707876
CDT/BTC,1556821253261,2019-05-02T18:20:53.261Z,sell,1.63e-06,6868.0,0.01119484
CDT/BTC,1556821257164,2019-05-02T18:20:57.164Z,sell,1.63e-06,3866.0,0.00630158
CDT/BTC,1556821258657,2019-05-02T18:20:58.657Z,sell,1.63e-06,4712.0,0.00768056
CDT/BTC,1556821305490,2019-05-02T18:21:45.490Z,buy,1.64e-06,22603.0,0.03706892
CDT/BTC,1556821309792,2019-05-02T18:21:49.792Z,sell,1.63e-06,1000.0,0.00163
CDT/BTC,1556821698988,2019-05-02T18:28:18.988Z,sell,1.63e-06,741.0,0.00120783
CDT/BTC,1556821831012,2019-05-02T18:30:31.012Z,buy,1.64e-06,2786.0,0.00456904
CDT/BTC,1556821847823,2019-05-02T18:30:47.823Z,sell,1.63e-06,1157.0,0.00188591
CDT/BTC,1556821847823,2019-05-02T18:30:47.823Z,sell,1.63e-06,1157.0,0.00188591
CDT/BTC,1556821861940,2019-05-02T18:31:01.940Z,sell,1.63e-06,16068.0,0.02619084
CDT/BTC,1556821861940,2019-05-02T18:31:01.940Z,sell,1.62e-06,1932.0,0.00312984
CDT/BTC,1556821885901,2019-05-02T18:31:25.901Z,sell,1.62e-06,1465.0,0.0023733
CDT/BTC,1556821887047,2019-05-02T18:31:27.047Z,sell,1.62e-06,1466.0,0.00237492
CDT/BTC,1556821992477,2019-05-02T18:33:12.477Z,buy,1.63e-06,26136.0,0.04260168
CDT/BTC,1556821994369,2019-05-02T18:33:14.369Z,sell,1.63e-06,858.0,0.00139854
CDT/BTC,1556822077880,2019-05-02T18:34:37.880Z,buy,1.64e-06,1345.0,0.0022058
CDT/BTC,1556822078448,2019-05-02T18:34:38.448Z,sell,1.63e-06,720.0,0.0011736
CDT/BTC,1556822096250,2019-05-02T18:34:56.250Z,sell,1.63e-06,14472.0,0.02358936
CDT/BTC,1556822096644,2019-05-02T18:34:56.644Z,sell,1.63e-06,2477.0,0.00403751
CDT/BTC,1556822213765,2019-05-02T18:36:53.765Z,sell,1.63e-06,5988.0,0.00976044
CDT/BTC,1556822330236,2019-05-02T18:38:50.236Z,sell,1.63e-06,897.0,0.00146211
CDT/BTC,1556822339254,2019-05-02T18:38:59.254Z,sell,1.63e-06,2358.0,0.00384354
CDT/BTC,1556822350463,2019-05-02T18:39:10.463Z,sell,1.63e-06,2580.0,0.0042054
CDT/BTC,1556822357704,2019-05-02T18:39:17.704Z,sell,1.63e-06,852.0,0.00138876
CDT/BTC,1556822370001,2019-05-02T18:39:30.001Z,sell,1.63e-06,1251.0,0.00203913
CDT/BTC,1556822394864,2019-05-02T18:39:54.864Z,sell,1.63e-06,2222.0,0.00362186
CDT/BTC,1556822401947,2019-05-02T18:40:01.947Z,sell,1.63e-06,1528.0,0.00249064
CDT/BTC,1556822446452,2019-05-02T18:40:46.452Z,sell,1.63e-06,2897.0,0.00472211
CDT/BTC,1556822452670,2019-05-02T18:40:52.670Z,sell,1.63e-06,4421.0,0.00720623
CDT/BTC,1556822455728,2019-05-02T18:40:55.728Z,sell,1.63e-06,1856.0,0.00302528
CDT/BTC,1556822522616,2019-05-02T18:42:02.616Z,sell,1.63e-06,16898.0,0.02754374
CDT/BTC,1556822620936,2019-05-02T18:43:40.936Z,buy,1.64e-06,870.0,0.0014268
CDT/BTC,1556822659691,2019-05-02T18:44:19.691Z,sell,1.63e-06,674.0,0.00109862
CDT/BTC,1556822694764,2019-05-02T18:44:54.764Z,buy,1.64e-06,3067.0,0.00502988
CDT/BTC,1556822694765,2019-05-02T18:44:54.765Z,buy,1.64e-06,1840.0,0.0030176
CDT/BTC,1556822694778,2019-05-02T18:44:54.778Z,buy,1.64e-06,1226.0,0.00201064
CDT/BTC,1556822694839,2019-05-02T18:44:54.839Z,buy,1.64e-06,3719.0,0.00609916
CDT/BTC,1556822694861,2019-05-02T18:44:54.861Z,buy,1.64e-06,1288.0,0.00211232
CDT/BTC,1556822695276,2019-05-02T18:44:55.276Z,buy,1.64e-06,692.0,0.00113488
CDT/BTC,1556822695387,2019-05-02T18:44:55.387Z,buy,1.64e-06,1226.0,0.00201064
CDT/BTC,1556822697489,2019-05-02T18:44:57.489Z,sell,1.63e-06,22580.0,0.0368054
CDT/BTC,1556822702146,2019-05-02T18:45:02.146Z,buy,1.64e-06,2024.0,0.00331936
CDT/BTC,1556822755101,2019-05-02T18:45:55.101Z,buy,1.64e-06,10914.0,0.01789896
CDT/BTC,1556822832009,2019-05-02T18:47:12.009Z,buy,1.64e-06,12552.0,0.02058528
CDT/BTC,1556822832054,2019-05-02T18:47:12.054Z,sell,1.64e-06,4974.0,0.00815736
CDT/BTC,1556822832082,2019-05-02T18:47:12.082Z,sell,1.64e-06,1822.0,0.0029880799999999
CDT/BTC,1556822832093,2019-05-02T18:47:12.093Z,sell,1.64e-06,12369.0,0.02028516
CDT/BTC,1556822832396,2019-05-02T18:47:12.396Z,sell,1.64e-06,2000.0,0.00328
CDT/BTC,1556822832747,2019-05-02T18:47:12.747Z,sell,1.64e-06,1761.0,0.00288804
CDT/BTC,1556822890108,2019-05-02T18:48:10.108Z,sell,1.64e-06,1619.0,0.00265516
CDT/BTC,1556822994769,2019-05-02T18:49:54.769Z,sell,1.64e-06,1621.0,0.0026584399999999
CDT/BTC,1556823016347,2019-05-02T18:50:16.347Z,sell,1.64e-06,672.0,0.00110208
CDT/BTC,1556823044128,2019-05-02T18:50:44.128Z,sell,1.64e-06,56037.0,0.09190068
CDT/BTC,1556823046264,2019-05-02T18:50:46.264Z,sell,1.63e-06,3498.0,0.00570174
CDT/BTC,1556823046264,2019-05-02T18:50:46.264Z,sell,1.63e-06,15218.0,0.02480534
CDT/BTC,1556823053906,2019-05-02T18:50:53.906Z,sell,1.63e-06,5819.0,0.00948497
CDT/BTC,1556823056038,2019-05-02T18:50:56.038Z,buy,1.64e-06,1393.0,0.00228452
CDT/BTC,1556823056203,2019-05-02T18:50:56.203Z,sell,1.63e-06,2977.0,0.00485251
CDT/BTC,1556823057023,2019-05-02T18:50:57.023Z,sell,1.63e-06,8782.0,0.01431466
CDT/BTC,1556823057450,2019-05-02T18:50:57.450Z,sell,1.63e-06,1458.0,0.00237654
CDT/BTC,1556823072293,2019-05-02T18:51:12.293Z,sell,1.63e-06,4340.0,0.0070742
CDT/BTC,1556823089929,2019-05-02T18:51:29.929Z,buy,1.64e-06,9233.0,0.01514212
CDT/BTC,1556823122333,2019-05-02T18:52:02.333Z,buy,1.64e-06,719.0,0.00117916
CDT/BTC,1556823124302,2019-05-02T18:52:04.302Z,buy,1.64e-06,168339.0,0.27607596
CDT/BTC,1556823134619,2019-05-02T18:52:14.619Z,sell,1.64e-06,1288.0,0.00211232
CDT/BTC,1556823228699,2019-05-02T18:53:48.699Z,sell,1.64e-06,2222.0,0.00364408
CDT/BTC,1556823233287,2019-05-02T18:53:53.287Z,sell,1.64e-06,852.0,0.0013972799999999
CDT/BTC,1556823233672,2019-05-02T18:53:53.672Z,sell,1.64e-06,5318.0,0.00872152
CDT/BTC,1556823239477,2019-05-02T18:53:59.477Z,sell,1.64e-06,1252.0,0.0020532799999999
CDT/BTC,1556823245086,2019-05-02T18:54:05.086Z,sell,1.64e-06,2152.0,0.00352928
CDT/BTC,1556823251359,2019-05-02T18:54:11.359Z,sell,1.64e-06,758.0,0.00124312
CDT/BTC,1556823269190,2019-05-02T18:54:29.190Z,sell,1.64e-06,855.0,0.0014022
CDT/BTC,1556823274303,2019-05-02T18:54:34.303Z,sell,1.64e-06,2551.0,0.00418364
CDT/BTC,1556823277904,2019-05-02T18:54:37.904Z,sell,1.64e-06,1211.0,0.00198604
CDT/BTC,1556823312798,2019-05-02T18:55:12.798Z,sell,1.64e-06,1222.0,0.00200408
CDT/BTC,1556823314701,2019-05-02T18:55:14.701Z,sell,1.64e-06,3807.0,0.00624348
CDT/BTC,1556823454263,2019-05-02T18:57:34.263Z,sell,1.63e-06,1255.0,0.00204565
CDT/BTC,1556823504266,2019-05-02T18:58:24.266Z,sell,1.63e-06,1222.0,0.00199186
CDT/BTC,1556823540600,2019-05-02T18:59:00.600Z,buy,1.64e-06,27582.0,0.04523448
CDT/BTC,1556823655771,2019-05-02T19:00:55.771Z,sell,1.64e-06,1703.0,0.00279292
CDT/BTC,1556823656309,2019-05-02T19:00:56.309Z,sell,1.64e-06,2514.0,0.00412296
CDT/BTC,1556823659508,2019-05-02T19:00:59.508Z,sell,1.64e-06,2064.0,0.00338496
CDT/BTC,1556823688901,2019-05-02T19:01:28.901Z,sell,1.64e-06,2469.0,0.0040491599999999
CDT/BTC,1556823736782,2019-05-02T19:02:16.782Z,sell,1.64e-06,2652.0,0.00434928
CDT/BTC,1556823754650,2019-05-02T19:02:34.650Z,sell,1.64e-06,4944.0,0.00810816
CDT/BTC,1556823758468,2019-05-02T19:02:38.468Z,sell,1.64e-06,4662.0,0.00764568
CDT/BTC,1556823765593,2019-05-02T19:02:45.593Z,sell,1.64e-06,1619.0,0.00265516
CDT/BTC,1556824142860,2019-05-02T19:09:02.860Z,buy,1.65e-06,718786.0,1.1859969
CDT/BTC,1556824149510,2019-05-02T19:09:09.510Z,sell,1.64e-06,751.0,0.00123164
CDT/BTC,1556824242666,2019-05-02T19:10:42.666Z,sell,1.64e-06,64119.0,0.10515516
CDT/BTC,1556824253743,2019-05-02T19:10:53.743Z,sell,1.63e-06,1219.0,0.00198697
CDT/BTC,1556824256378,2019-05-02T19:10:56.378Z,sell,1.63e-06,2939.0,0.00479057
CDT/BTC,1556824259927,2019-05-02T19:10:59.927Z,sell,1.63e-06,1878.0,0.00306114
CDT/BTC,1556824259931,2019-05-02T19:10:59.931Z,sell,1.63e-06,1651.0,0.00269113
CDT/BTC,1556824298313,2019-05-02T19:11:38.313Z,buy,1.64e-06,371524.0,0.60929936
CDT/BTC,1556824298466,2019-05-02T19:11:38.466Z,sell,1.64e-06,978.0,0.00160392
CDT/BTC,1556824298541,2019-05-02T19:11:38.541Z,sell,1.64e-06,792.0,0.0012988799999999
CDT/BTC,1556824298678,2019-05-02T19:11:38.678Z,sell,1.64e-06,935.0,0.0015333999999999
CDT/BTC,1556824298740,2019-05-02T19:11:38.740Z,sell,1.64e-06,912.0,0.0014956799999999
CDT/BTC,1556824299516,2019-05-02T19:11:39.516Z,sell,1.64e-06,886.0,0.00145304
CDT/BTC,1556824312941,2019-05-02T19:11:52.941Z,sell,1.64e-06,102410.0,0.1679524
CDT/BTC,1556824426489,2019-05-02T19:13:46.489Z,buy,1.64e-06,1151602.0,1.88862728
CDT/BTC,1556824451878,2019-05-02T19:14:11.878Z,buy,1.65e-06,2012.0,0.0033198
CDT/BTC,1556824467732,2019-05-02T19:14:27.732Z,buy,1.65e-06,2424.0,0.0039996
CDT/BTC,1556824520833,2019-05-02T19:15:20.833Z,buy,1.65e-06,38284.0,0.0631686
CDT/BTC,1556824520889,2019-05-02T19:15:20.889Z,sell,1.65e-06,3997.0,0.00659505
CDT/BTC,1556824520914,2019-05-02T19:15:20.914Z,sell,1.65e-06,888.0,0.0014652
CDT/BTC,1556824520933,2019-05-02T19:15:20.933Z,sell,1.65e-06,1042.0,0.0017193
CDT/BTC,1556824520951,2019-05-02T19:15:20.951Z,sell,1.65e-06,705.0,0.00116325
CDT/BTC,1556824521017,2019-05-02T19:15:21.017Z,sell,1.65e-06,1788.0,0.0029502
CDT/BTC,1556824521194,2019-05-02T19:15:21.194Z,sell,1.65e-06,2200.0,0.00363
CDT/BTC,1556824523198,2019-05-02T19:15:23.198Z,sell,1.65e-06,2200.0,0.00363
CDT/BTC,1556824523867,2019-05-02T19:15:23.867Z,buy,1.66e-06,2200.0,0.003652
CDT/BTC,1556824524863,2019-05-02T19:15:24.863Z,sell,1.65e-06,5847.0,0.00964755
CDT/BTC,1556824526545,2019-05-02T19:15:26.545Z,buy,1.66e-06,4679.0,0.00776714
CDT/BTC,1556824528271,2019-05-02T19:15:28.271Z,buy,1.66e-06,2205.0,0.0036603
CDT/BTC,1556824529512,2019-05-02T19:15:29.512Z,sell,1.65e-06,4187.0,0.00690855
CDT/BTC,1556824529614,2019-05-02T19:15:29.614Z,buy,1.66e-06,9329.0,0.01548614
CDT/BTC,1556824536526,2019-05-02T19:15:36.526Z,sell,1.65e-06,1200.0,0.00198
CDT/BTC,1556824539551,2019-05-02T19:15:39.551Z,buy,1.66e-06,571579.0,0.94882114
CDT/BTC,1556824539604,2019-05-02T19:15:39.604Z,sell,1.66e-06,7987.0,0.01325842
CDT/BTC,1556824540412,2019-05-02T19:15:40.412Z,sell,1.66e-06,2174.0,0.00360884
CDT/BTC,1556824540612,2019-05-02T19:15:40.612Z,sell,1.66e-06,2000.0,0.00332
CDT/BTC,1556824541287,2019-05-02T19:15:41.287Z,sell,1.66e-06,1250.0,0.002075
CDT/BTC,1556824541391,2019-05-02T19:15:41.391Z,sell,1.66e-06,2679.0,0.00444714
CDT/BTC,1556824541642,2019-05-02T19:15:41.642Z,buy,1.67e-06,898.0,0.00149966
CDT/BTC,1556824542405,2019-05-02T19:15:42.405Z,sell,1.66e-06,4980.0,0.0082668
CDT/BTC,1556824543050,2019-05-02T19:15:43.050Z,sell,1.66e-06,12194.0,0.02024204
CDT/BTC,1556824543321,2019-05-02T19:15:43.321Z,sell,1.66e-06,3110.0,0.0051626
CDT/BTC,1556824544372,2019-05-02T19:15:44.372Z,sell,1.66e-06,2526.0,0.00419316
CDT/BTC,1556824545367,2019-05-02T19:15:45.367Z,sell,1.66e-06,2055.0,0.0034113
