symbol,timestamp,datetime,side,price,amount,btc_volume
CDT/BTC,1599235203146,2020-09-04T16:00:03.146Z,sell,7.5e-07,3816.0,0.002862
CDT/BTC,1599235203154,2020-09-04T16:00:03.154Z,buy,7.5e-07,786.0,0.0005895
CDT/BTC,1599235213204,2020-09-04T16:00:13.204Z,sell,7.5e-07,6574.0,0.0049305
CDT/BTC,1599235321826,2020-09-04T16:02:01.826Z,sell,7.5e-07,3527.0,0.00264525
CDT/BTC,1599235481442,2020-09-04T16:04:41.442Z,buy,7.6e-07,280.0,0.0002128
CDT/BTC,1599235484588,2020-09-04T16:04:44.588Z,sell,7.5e-07,40233.0,0.03017475
CDT/BTC,1599235571241,2020-09-04T16:06:11.241Z,sell,7.5e-07,275.0,0.00020625
CDT/BTC,1599235768811,2020-09-04T16:09:28.811Z,buy,7.6e-07,270126.0,0.20529576
CDT/BTC,1599235888226,2020-09-04T16:11:28.226Z,sell,7.5e-07,4363.0,0.00327225
CDT/BTC,1599236157371,2020-09-04T16:15:57.371Z,buy,7.6e-07,81497.0,0.06193772
CDT/BTC,1599236294753,2020-09-04T16:18:14.753Z,buy,7.6e-07,146.0,0.00011096
CDT/BTC,1599236455905,2020-09-04T16:20:55.905Z,buy,7.6e-07,5060.0,0.0038456
CDT/BTC,1599236464449,2020-09-04T16:21:04.449Z,buy,7.6e-07,10803.0,0.00821028
CDT/BTC,1599236685984,2020-09-04T16:24:45.984Z,buy,7.6e-07,2631.0,0.00199956
CDT/BTC,1599236977230,2020-09-04T16:29:37.230Z,buy,7.6e-07,32657.0,0.02481932
CDT/BTC,1599236977236,2020-09-04T16:29:37.236Z,sell,7.6e-07,41554.0,0.03158104
CDT/BTC,1599236977241,2020-09-04T16:29:37.241Z,sell,7.6e-07,4880.0,0.0037088
CDT/BTC,1599236977291,2020-09-04T16:29:37.291Z,sell,7.6e-07,8263.0,0.00627988
CDT/BTC,1599236977322,2020-09-04T16:29:37.322Z,sell,7.6e-07,8279.0,0.00629204
CDT/BTC,1599236977395,2020-09-04T16:29:37.395Z,sell,7.6e-07,12670.0,0.0096292
CDT/BTC,1599236977549,2020-09-04T16:29:37.549Z,sell,7.6e-07,3001.0,0.00228076
CDT/BTC,1599236978114,2020-09-04T16:29:38.114Z,sell,7.6e-07,1000.0,0.00076
CDT/BTC,1599236978376,2020-09-04T16:29:38.376Z,sell,7.6e-07,5473.0,0.00415948
CDT/BTC,1599237418151,2020-09-04T16:36:58.151Z,sell,7.5e-07,167963.0,0.12597225
CDT/BTC,1599237418486,2020-09-04T16:36:58.486Z,sell,7.5e-07,3851.0,0.00288825
CDT/BTC,1599237418488,2020-09-04T16:36:58.488Z,sell,7.5e-07,4912.0,0.003684
CDT/BTC,1599237462445,2020-09-04T16:37:42.445Z,buy,7.6e-07,14722.0,0.01118872
CDT/BTC,1599237614964,2020-09-04T16:40:14.964Z,buy,7.6e-07,131.0,9.956e-05
CDT/BTC,1599237829486,2020-09-04T16:43:49.486Z,buy,7.6e-07,10654.0,0.00809704
CDT/BTC,1599237836260,2020-09-04T16:43:56.260Z,buy,7.6e-07,3156.0,0.00239856
CDT/BTC,1599237840171,2020-09-04T16:44:00.171Z,buy,7.6e-07,12119.0,0.00921044
CDT/BTC,1599237842305,2020-09-04T16:44:02.305Z,sell,7.6e-07,7901.0,0.00600476
CDT/BTC,1599237842439,2020-09-04T16:44:02.439Z,buy,7.6e-07,8023.0,0.00609748
CDT/BTC,1599237845069,2020-09-04T16:44:05.069Z,buy,7.6e-07,3915.0,0.0029754
CDT/BTC,1599237845201,2020-09-04T16:44:05.201Z,buy,7.6e-07,5265.0,0.0040014
CDT/BTC,1599238324520,2020-09-04T16:52:04.520Z,buy,7.6e-07,2486.0,0.00188936
CDT/BTC,1599238324520,2020-09-04T16:52:04.520Z,buy,7.6e-07,2486.0,0.00188936
CDT/BTC,1599238998401,2020-09-04T17:03:18.401Z,sell,7.5e-07,49483.0,0.03711225
CDT/BTC,1599240437921,2020-09-04T17:27:17.921Z,buy,7.6e-07,1282.0,0.00097432
CDT/BTC,1599240826627,2020-09-04T17:33:46.627Z,buy,7.6e-07,424.0,0.00032224
CDT/BTC,1599241235670,2020-09-04T17:40:35.670Z,buy,7.6e-07,178.0,0.00013528
CDT/BTC,1599241543879,2020-09-04T17:45:43.879Z,buy,7.6e-07,181.0,0.00013756
CDT/BTC,1599241543879,2020-09-04T17:45:43.879Z,buy,7.6e-07,181.0,0.00013756
CDT/BTC,1599242063018,2020-09-04T17:54:23.018Z,buy,7.6e-07,6578.0,0.00499928
CDT/BTC,1599242612751,2020-09-04T18:03:32.751Z,buy,7.6e-07,31566.0,0.02399016
CDT/BTC,1599242950566,2020-09-04T18:09:10.566Z,buy,7.6e-07,104.0,7.904e-05
CDT/BTC,1599243598408,2020-09-04T18:19:58.408Z,buy,7.6e-07,39846.0,0.03028296
CDT/BTC,1599243614268,2020-09-04T18:20:14.268Z,buy,7.6e-07,120193.0,0.09134668
CDT/BTC,1599243614268,2020-09-04T18:20:14.268Z,buy,7.7e-07,321365.0,0.24745105
CDT/BTC,1599243614275,2020-09-04T18:20:14.275Z,sell,7.6e-07,7900.0,0.006004
CDT/BTC,1599243614295,2020-09-04T18:20:14.295Z,sell,7.6e-07,4424.0,0.00336224
CDT/BTC,1599243614298,2020-09-04T18:20:14.298Z,sell,7.6e-07,4424.0,0.00336224
CDT/BTC,1599243614314,2020-09-04T18:20:14.314Z,sell,7.6e-07,2503.0,0.00190228
CDT/BTC,1599243614714,2020-09-04T18:20:14.714Z,buy,7.6e-07,1775.0,0.001349
CDT/BTC,1599243615605,2020-09-04T18:20:15.605Z,buy,7.6e-07,3622.0,0.00275272
CDT/BTC,1599243616714,2020-09-04T18:20:16.714Z,sell,7.6e-07,1775.0,0.001349
CDT/BTC,1599243640545,2020-09-04T18:20:40.545Z,sell,7.6e-07,280370.0,0.2130812
CDT/BTC,1599243640705,2020-09-04T18:20:40.705Z,buy,7.6e-07,1775.0,0.001349
CDT/BTC,1599243641706,2020-09-04T18:20:41.706Z,sell,7.5e-07,1775.0,0.00133125
CDT/BTC,1599243650641,2020-09-04T18:20:50.641Z,buy,7.6e-07,40289.0,0.03061964
CDT/BTC,1599243659443,2020-09-04T18:20:59.443Z,buy,7.6e-07,239851.0,0.18228676
CDT/BTC,1599243659443,2020-09-04T18:20:59.443Z,buy,7.7e-07,188720.0,0.1453144
CDT/BTC,1599243665204,2020-09-04T18:21:05.204Z,buy,7.7e-07,285.0,0.00021945
CDT/BTC,1599243670433,2020-09-04T18:21:10.433Z,buy,7.7e-07,714.0,0.00054978
CDT/BTC,1599243675656,2020-09-04T18:21:15.656Z,buy,7.7e-07,1168.0,0.00089936
CDT/BTC,1599243682078,2020-09-04T18:21:22.078Z,buy,7.7e-07,142.0,0.00010934
CDT/BTC,1599243687759,2020-09-04T18:21:27.759Z,sell,7.6e-07,271321.0,0.20620396
CDT/BTC,1599243729371,2020-09-04T18:22:09.371Z,buy,7.6e-07,200.0,0.000152
CDT/BTC,1599243735524,2020-09-04T18:22:15.524Z,buy,7.6e-07,7381.0,0.00560956
CDT/BTC,1599243809958,2020-09-04T18:23:29.958Z,buy,7.6e-07,1315.0,0.0009994
CDT/BTC,1599243809958,2020-09-04T18:23:29.958Z,buy,7.6e-07,1315.0,0.0009994
CDT/BTC,1599245533495,2020-09-04T18:52:13.495Z,buy,7.6e-07,18978.0,0.01442328
CDT/BTC,1599245533549,2020-09-04T18:52:13.549Z,buy,7.6e-07,1087.0,0.00082612
CDT/BTC,1599245533554,2020-09-04T18:52:13.554Z,buy,7.6e-07,1087.0,0.00082612
CDT/BTC,1599245739771,2020-09-04T18:55:39.771Z,buy,7.6e-07,17645.0,0.0134102
CDT/BTC,1599245776079,2020-09-04T18:56:16.079Z,buy,7.6e-07,1066.0,0.00081016
CDT/BTC,1599246047026,2020-09-04T19:00:47.026Z,sell,7.5e-07,492.0,0.000369
CDT/BTC,1599246661153,2020-09-04T19:11:01.153Z,buy,7.6e-07,1315.0,0.0009994
CDT/BTC,1599246688682,2020-09-04T19:11:28.682Z,buy,7.6e-07,1315.0,0.0009994
CDT/BTC,1599247310588,2020-09-04T19:21:50.588Z,buy,7.6e-07,147.0,0.00011172
CDT/BTC,1599247310588,2020-09-04T19:21:50.588Z,buy,7.6e-07,147.0,0.00011172
CDT/BTC,1599247468608,2020-09-04T19:24:28.608Z,buy,7.6e-07,2631.0,0.00199956
CDT/BTC,1599247976078,2020-09-04T19:32:56.078Z,sell,7.5e-07,4916.0,0.003687
CDT/BTC,1599248627837,2020-09-04T19:43:47.837Z,buy,7.6e-07,508.0,0.00038608
CDT/BTC,1599248809748,2020-09-04T19:46:49.748Z,buy,7.6e-07,194806.0,0.14805256
CDT/BTC,1599249020736,2020-09-04T19:50:20.736Z,buy,7.6e-07,6044.0,0.00459344
CDT/BTC,1599249165233,2020-09-04T19:52:45.233Z,sell,7.6e-07,1063.0,0.00080788
CDT/BTC,1599249598331,2020-09-04T19:59:58.331Z,sell,7.6e-07,10391.0,0.00789716
CDT/BTC,1599250510081,2020-09-04T20:15:10.081Z,sell,7.6e-07,260.0,0.0001976
CDT/BTC,1599250787700,2020-09-04T20:19:47.700Z,sell,7.6e-07,3204.0,0.00243504
CDT/BTC,1599250872540,2020-09-04T20:21:12.540Z,sell,7.6e-07,2091.0,0.00158916
CDT/BTC,1599250872540,2020-09-04T20:21:12.540Z,sell,7.6e-07,2091.0,0.00158916
CDT/BTC,1599250923817,2020-09-04T20:22:03.817Z,sell,7.6e-07,26148.0,0.01987248
CDT/BTC,1599251084422,2020-09-04T20:24:44.422Z,sell,7.6e-07,3915.0,0.0029754
CDT/BTC,1599251367733,2020-09-04T20:29:27.733Z,buy,7.7e-07,2222.0,0.00171094
CDT/BTC,1599251942355,2020-09-04T20:39:02.355Z,buy,7.7e-07,12987.0,0.00999999
CDT/BTC,1599252040150,2020-09-04T20:40:40.150Z,sell,7.6e-07,15417.0,0.01171692
CDT/BTC,1599252148616,2020-09-04T20:42:28.616Z,buy,7.7e-07,2597.0,0.00199969
CDT/BTC,1599252632233,2020-09-04T20:50:32.233Z,buy,7.7e-07,106048.0,0.08165696
CDT/BTC,1599252797301,2020-09-04T20:53:17.301Z,buy,7.7e-07,23777.0,0.01830829
CDT/BTC,1599252797312,2020-09-04T20:53:17.312Z,sell,7.7e-07,11399.0,0.00877723
CDT/BTC,1599252797317,2020-09-04T20:53:17.317Z,sell,7.7e-07,3452.0,0.00265804
CDT/BTC,1599252797346,2020-09-04T20:53:17.346Z,sell,7.7e-07,1100.0,0.000847
CDT/BTC,1599252797396,2020-09-04T20:53:17.396Z,sell,7.7e-07,1151.0,0.00088627
CDT/BTC,1599252805185,2020-09-04T20:53:25.185Z,sell,7.7e-07,1834.0,0.00141218
CDT/BTC,1599252883285,2020-09-04T20:54:43.285Z,sell,7.7e-07,2000.0,0.00154
CDT/BTC,1599252883505,2020-09-04T20:54:43.505Z,sell,7.7e-07,1428.0,0.00109956
CDT/BTC,1599252919401,2020-09-04T20:55:19.401Z,sell,7.7e-07,13091.0,0.01008007
CDT/BTC,1599252935075,2020-09-04T20:55:35.075Z,buy,7.7e-07,16146.0,0.01243242
CDT/BTC,1599252983346,2020-09-04T20:56:23.346Z,buy,7.8e-07,142.0,0.00011076
CDT/BTC,1599253002845,2020-09-04T20:56:42.845Z,buy,7.8e-07,12256.0,0.00955968
CDT/BTC,1599253428040,2020-09-04T21:03:48.040Z,sell,7.7e-07,23500.0,0.018095
CDT/BTC,1599253452595,2020-09-04T21:04:12.595Z,sell,7.6e-07,5968.0,0.00453568
CDT/BTC,1599253468172,2020-09-04T21:04:28.172Z,sell,7.6e-07,33707.0,0.02561732
CDT/BTC,1599253480836,2020-09-04T21:04:40.836Z,sell,7.6e-07,2655.0,0.0020178
CDT/BTC,1599253953508,2020-09-04T21:12:33.508Z,buy,7.7e-07,13340.0,0.0102718
CDT/BTC,1599254059696,2020-09-04T21:14:19.696Z,sell,7.7e-07,2013.0,0.00155001
CDT/BTC,1599254145227,2020-09-04T21:15:45.227Z,buy,7.8e-07,102567.0,0.08000226
CDT/BTC,1599254193770,2020-09-04T21:16:33.770Z,sell,7.7e-07,27945.0,0.02151765
CDT/BTC,1599254255791,2020-09-04T21:17:35.791Z,buy,7.7e-07,200.0,0.000154
CDT/BTC,1599254255791,2020-09-04T21:17:35.791Z,buy,7.7e-07,200.0,0.000154
CDT/BTC,1599255263484,2020-09-04T21:34:23.484Z,sell,7.6e-07,151.0,0.00011476
CDT/BTC,1599255663111,2020-09-04T21:41:03.111Z,buy,7.7e-07,21310.0,0.0164087
CDT/BTC,1599255663122,2020-09-04T21:41:03.122Z,sell,7.7e-07,2417.0,0.00186109
CDT/BTC,1599256051325,2020-09-04T21:47:31.325Z,buy,7.8e-07,12820.0,0.0099996
CDT/BTC,1599256241049,2020-09-04T21:50:41.049Z,buy,7.8e-07,937.0,0.00073086
CDT/BTC,1599257192852,2020-09-04T22:06:32.852Z,buy,7.8e-07,327042.0,0.25509276
CDT/BTC,1599257555658,2020-09-04T22:12:35.658Z,buy,7.8e-07,284.0,0.00022152
CDT/BTC,1599257555658,2020-09-04T22:12:35.658Z,buy,7.8e-07,284.0,0.00022152
CDT/BTC,1599258625731,2020-09-04T22:30:25.731Z,sell,7.7e-07,2300.0,0.001771
CDT/BTC,1599258839624,2020-09-04T22:33:59.624Z,sell,7.7e-07,200000.0,0.154
CDT/BTC,1599258839834,2020-09-04T22:33:59.834Z,sell,7.7e-07,1682.0,0.00129514
CDT/BTC,1599259143311,2020-09-04T22:39:03.311Z,sell,7.7e-07,4995.0,0.00384615
CDT/BTC,1599259820132,2020-09-04T22:50:20.132Z,buy,7.8e-07,1278.0,0.00099684
CDT/BTC,1599259903746,2020-09-04T22:51:43.746Z,buy,7.8e-07,266.0,0.00020748
CDT/BTC,1599260009851,2020-09-04T22:53:29.851Z,buy,7.8e-07,46.0,3.588e-05
CDT/BTC,1599260454485,2020-09-04T23:00:54.485Z,buy,7.8e-07,5000.0,0.0039
CDT/BTC,1599260454485,2020-09-04T23:00:54.485Z,buy,7.8e-07,5000.0,0.0039
CDT/BTC,1599261195753,2020-09-04T23:13:15.753Z,sell,7.7e-07,36850.0,0.0283745
CDT/BTC,1599261245359,2020-09-04T23:14:05.359Z,sell,7.7e-07,200.0,0.000154
CDT/BTC,1599261698804,2020-09-04T23:21:38.804Z,sell,7.7e-07,4995.0,0.00384615
CDT/BTC,1599261698804,2020-09-04T23:21:38.804Z,sell,7.7e-07,4995.0,0.00384615
CDT/BTC,1599264157752,2020-09-05T00:02:37.752Z,sell,7.7e-07,1460.0,0.0011242
CDT/BTC,1599264708279,2020-09-05T00:11:48.279Z,buy,7.8e-07,15677.0,0.01222806
CDT/BTC,1599264708312,2020-09-05T00:11:48.312Z,buy,7.8e-07,15677.0,0.01222806
CDT/BTC,1599264708341,2020-09-05T00:11:48.341Z,buy,7.8e-07,15677.0,0.01222806
CDT/BTC,1599264708379,2020-09-05T00:11:48.379Z,buy,7.8e-07,15677.0,0.01222806
CDT/BTC,1599264708400,2020-09-05T00:11:48.400Z,buy,7.8e-07,15677.0,0.01222806
CDT/BTC,1599264708419,2020-09-05T00:11:48.419Z,buy,7.8e-07,15677.0,0.01222806
CDT/BTC,1599264708443,2020-09-05T00:11:48.443Z,buy,7.8e-07,15677.0,0.01222806
CDT/BTC,1599264708465,2020-09-05T00:11:48.465Z,buy,7.8e-07,15677.0,0.01222806
CDT/BTC,1599264708491,2020-09-05T00:11:48.491Z,buy,7.8e-07,15677.0,0.01222806
CDT/BTC,1599264708506,2020-09-05T00:11:48.506Z,buy,7.8e-07,15677.0,0.01222806
CDT/BTC,1599264708532,2020-09-05T00:11:48.532Z,buy,7.8e-07,15677.0,0.01222806
CDT/BTC,1599264708573,2020-09-05T00:11:48.573Z,buy,7.8e-07,15677.0,0.01222806
CDT/BTC,1599264708631,2020-09-05T00:11:48.631Z,buy,7.8e-07,15677.0,0.01222806
CDT/BTC,1599264708675,2020-09-05T00:11:48.675Z,buy,7.8e-07,15677.0,0.01222806
CDT/BTC,1599264708731,2020-09-05T00:11:48.731Z,buy,7.8e-07,45519.0,0.03550482
CDT/BTC,1599264709985,2020-09-05T00:11:49.985Z,buy,7.8e-07,65795.0,0.0513201
CDT/BTC,1599264710819,2020-09-05T00:11:50.819Z,buy,7.8e-07,45516.0,0.03550248
CDT/BTC,1599264711347,2020-09-05T00:11:51.347Z,buy,7.8e-07,70301.0,0.05483478
CDT/BTC,1599264711740,2020-09-05T00:11:51.740Z,buy,7.8e-07,62518.0,0.04876404
CDT/BTC,1599264712154,2020-09-05T00:11:52.154Z,buy,7.8e-07,58472.0,0.04560816
CDT/BTC,1599264712471,2020-09-05T00:11:52.471Z,buy,7.8e-07,27732.0,0.02163096
CDT/BTC,1599264891901,2020-09-05T00:14:51.901Z,buy,7.9e-07,150.0,0.0001185
CDT/BTC,1599264946918,2020-09-05T00:15:46.918Z,sell,7.8e-07,270.0,0.0002106
CDT/BTC,1599264956821,2020-09-05T00:15:56.821Z,sell,7.8e-07,1638.0,0.00127764
CDT/BTC,1599265113023,2020-09-05T00:18:33.023Z,buy,7.9e-07,28603.0,0.0225963699999999
CDT/BTC,1599265132981,2020-09-05T00:18:52.981Z,buy,7.9e-07,256400.0,0.2025559999999999
CDT/BTC,1599265142576,2020-09-05T00:19:02.576Z,buy,7.9e-07,172012.0,0.1358894799999999
CDT/BTC,1599265143813,2020-09-05T00:19:03.813Z,sell,7.9e-07,219.0,0.00017301
CDT/BTC,1599265223096,2020-09-05T00:20:23.096Z,buy,8e-07,25199.0,0.0201592
CDT/BTC,1599265223096,2020-09-05T00:20:23.096Z,buy,8e-07,25199.0,0.0201592
CDT/BTC,1599266002552,2020-09-05T00:33:22.552Z,sell,7.9e-07,657.0,0.00051903
CDT/BTC,1599266247959,2020-09-05T00:37:27.959Z,sell,7.9e-07,12142.0,0.0095921799999999
CDT/BTC,1599266713949,2020-09-05T00:45:13.949Z,sell,7.9e-07,268697.0,0.21227063
CDT/BTC,1599266713955,2020-09-05T00:45:13.955Z,buy,7.9e-07,34519.0,0.0272700099999999
CDT/BTC,1599266714005,2020-09-05T00:45:14.005Z,sell,7.9e-07,16337.0,0.01290623
CDT/BTC,1599266714098,2020-09-05T00:45:14.098Z,sell,7.9e-07,28642.0,0.02262718
CDT/BTC,1599266931303,2020-09-05T00:48:51.303Z,sell,7.9e-07,7400.0,0.005846
CDT/BTC,1599266932083,2020-09-05T00:48:52.083Z,sell,7.9e-07,15632.0,0.0123492799999999
CDT/BTC,1599266932165,2020-09-05T00:48:52.165Z,buy,7.9e-07,1637.0,0.00129323
CDT/BTC,1599266932173,2020-09-05T00:48:52.173Z,buy,7.9e-07,5396.0,0.0042628399999999
CDT/BTC,1599266932201,2020-09-05T00:48:52.201Z,buy,7.9e-07,1170.0,0.0009243
CDT/BTC,1599267320423,2020-09-05T00:55:20.423Z,sell,7.8e-07,147.0,0.00011466
CDT/BTC,1599267376393,2020-09-05T00:56:16.393Z,sell,7.8e-07,2596.0,0.00202488
CDT/BTC,1599267458335,2020-09-05T00:57:38.335Z,sell,7.8e-07,50000.0,0.039
CDT/BTC,1599267566492,2020-09-05T00:59:26.492Z,buy,8e-07,456.0,0.0003648
CDT/BTC,1599268053089,2020-09-05T01:07:33.089Z,buy,8e-07,1000.0,0.0007999999999999
CDT/BTC,1599268084264,2020-09-05T01:08:04.264Z,buy,8e-07,1000.0,0.0007999999999999
CDT/BTC,1599268102379,2020-09-05T01:08:22.379Z,buy,8e-07,2000.0,0.0015999999999999
CDT/BTC,1599268524236,2020-09-05T01:15:24.236Z,sell,7.9e-07,1381.0,0.00109099
CDT/BTC,1599268524236,2020-09-05T01:15:24.236Z,sell,7.9e-07,1381.0,0.00109099
CDT/BTC,1599269100538,2020-09-05T01:25:00.538Z,sell,7.9e-07,2541.0,0.00200739
CDT/BTC,1599269951342,2020-09-05T01:39:11.342Z,sell,7.8e-07,143600.0,0.112008
CDT/BTC,1599269951351,2020-09-05T01:39:11.351Z,buy,7.8e-07,11503.0,0.00897234
CDT/BTC,1599269951353,2020-09-05T01:39:11.353Z,buy,7.8e-07,4667.0,0.00364026
CDT/BTC,1599269951354,2020-09-05T01:39:11.354Z,buy,7.8e-07,1657.0,0.00129246
CDT/BTC,1599269951380,2020-09-05T01:39:11.380Z,buy,7.8e-07,3566.0,0.00278148
CDT/BTC,1599269951380,2020-09-05T01:39:11.380Z,buy,7.8e-07,1037.0,0.00080886
CDT/BTC,1599269951383,2020-09-05T01:39:11.383Z,buy,7.8e-07,4692.0,0.00365976
CDT/BTC,1599269951407,2020-09-05T01:39:11.407Z,buy,7.8e-07,2507.0,0.00195546
CDT/BTC,1599269951625,2020-09-05T01:39:11.625Z,buy,7.8e-07,248.0,0.00019344
CDT/BTC,1599269952462,2020-09-05T01:39:12.462Z,buy,7.8e-07,5206.0,0.00406068
CDT/BTC,1599269952464,2020-09-05T01:39:12.464Z,buy,7.8e-07,3517.0,0.00274326
CDT/BTC,1599269952468,2020-09-05T01:39:12.468Z,buy,7.8e-07,3517.0,0.00274326
CDT/BTC,1599270000571,2020-09-05T01:40:00.571Z,sell,7.7e-07,174803.0,0.13459831
CDT/BTC,1599270241025,2020-09-05T01:44:01.025Z,sell,7.7e-07,5771.0,0.00444367
CDT/BTC,1599270296885,2020-09-05T01:44:56.885Z,buy,7.8e-07,185.0,0.0001443
CDT/BTC,1599270316690,2020-09-05T01:45:16.690Z,buy,7.8e-07,10994.0,0.00857532
CDT/BTC,1599270355983,2020-09-05T01:45:55.983Z,sell,7.8e-07,421.0,0.00032838
CDT/BTC,1599270394297,2020-09-05T01:46:34.297Z,sell,7.8e-07,161.0,0.00012558
CDT/BTC,1599270536434,2020-09-05T01:48:56.434Z,buy,7.9e-07,47.0,3.713e-05
CDT/BTC,1599270727818,2020-09-05T01:52:07.818Z,buy,7.9e-07,69380.0,0.0548101999999999
CDT/BTC,1599271542761,2020-09-05T02:05:42.761Z,sell,7.8e-07,4650.0,0.003627
CDT/BTC,1599271542761,2020-09-05T02:05:42.761Z,sell,7.8e-07,4650.0,0.003627
CDT/BTC,1599272159177,2020-09-05T02:15:59.177Z,buy,7.9e-07,306.0,0.0002417399999999
CDT/BTC,1599272204137,2020-09-05T02:16:44.137Z,sell,7.8e-07,8888.0,0.00693264
CDT/BTC,1599272657788,2020-09-05T02:24:17.788Z,sell,7.8e-07,1974.0,0.00153972
CDT/BTC,1599272901317,2020-09-05T02:28:21.317Z,buy,7.9e-07,239.0,0.0001888099999999
CDT/BTC,1599272952418,2020-09-05T02:29:12.418Z,buy,7.9e-07,2531.0,0.00199949
CDT/BTC,1599274942813,2020-09-05T03:02:22.813Z,buy,7.9e-07,4038.0,0.00319002
CDT/BTC,1599274942813,2020-09-05T03:02:22.813Z,buy,7.9e-07,4038.0,0.00319002
CDT/BTC,1599275300613,2020-09-05T03:08:20.613Z,sell,7.8e-07,4000.0,0.00312
CDT/BTC,1599275815937,2020-09-05T03:16:55.937Z,sell,7.8e-07,1368.0,0.00106704
CDT/BTC,1599276294372,2020-09-05T03:24:54.372Z,sell,7.8e-07,1379.0,0.00107562
CDT/BTC,1599276469932,2020-09-05T03:27:49.932Z,buy,7.9e-07,1100.0,0.000869
CDT/BTC,1599276719371,2020-09-05T03:31:59.371Z,buy,7.9e-07,11179.0,0.00883141
CDT/BTC,1599277092324,2020-09-05T03:38:12.324Z,sell,7.9e-07,162.0,0.00012798
CDT/BTC,1599277350138,2020-09-05T03:42:30.138Z,sell,7.9e-07,20626.0,0.01629454
CDT/BTC,1599277509261,2020-09-05T03:45:09.261Z,sell,7.8e-07,429.0,0.00033462
CDT/BTC,1599277994109,2020-09-05T03:53:14.109Z,buy,7.9e-07,79551.0,0.06284529
CDT/BTC,1599278531130,2020-09-05T04:02:11.130Z,buy,8e-07,625.0,0.0005
CDT/BTC,1599278531130,2020-09-05T04:02:11.130Z,buy,8e-07,625.0,0.0005
CDT/BTC,1599278555670,2020-09-05T04:02:35.670Z,sell,7.9e-07,2484.0,0.00196236
CDT/BTC,1599280399879,2020-09-05T04:33:19.879Z,sell,7.9e-07,15683.0,0.0123895699999999
CDT/BTC,1599280399948,2020-09-05T04:33:19.948Z,sell,7.9e-07,8204.0,0.00648116
CDT/BTC,1599280400417,2020-09-05T04:33:20.417Z,sell,7.9e-07,11043.0,0.00872397
CDT/BTC,1599281038881,2020-09-05T04:43:58.881Z,sell,7.9e-07,15153.0,0.01197087
CDT/BTC,1599281526929,2020-09-05T04:52:06.929Z,buy,8e-07,201.0,0.0001608
CDT/BTC,1599281584552,2020-09-05T04:53:04.552Z,buy,8e-07,250.0,0.0001999999999999
CDT/BTC,1599281689426,2020-09-05T04:54:49.426Z,buy,8e-07,209.0,0.0001672
CDT/BTC,1599282035735,2020-09-05T05:00:35.735Z,sell,7.9e-07,15678.0,0.01238562
CDT/BTC,1599282036079,2020-09-05T05:00:36.079Z,sell,7.9e-07,26215.0,0.02070985
CDT/BTC,1599282036134,2020-09-05T05:00:36.134Z,sell,7.9e-07,15684.0,0.01239036
CDT/BTC,1599282036134,2020-09-05T05:00:36.134Z,sell,7.9e-07,15684.0,0.01239036
CDT/BTC,1599282494457,2020-09-05T05:08:14.457Z,sell,7.9e-07,5555.0,0.0043884499999999
CDT/BTC,1599282748608,2020-09-05T05:12:28.608Z,sell,7.9e-07,46464.0,0.03670656
CDT/BTC,1599282969635,2020-09-05T05:16:09.635Z,sell,7.9e-07,212207.0,0.1676435299999999
CDT/BTC,1599283061527,2020-09-05T05:17:41.527Z,buy,7.9e-07,2392.0,0.00188968
CDT/BTC,1599283684418,2020-09-05T05:28:04.418Z,buy,7.9e-07,7901.0,0.00624179
CDT/BTC,1599283855785,2020-09-05T05:30:55.785Z,buy,8e-07,5060.0,0.0040479999999999
CDT/BTC,1599283856798,2020-09-05T05:30:56.798Z,sell,7.9e-07,20044.0,0.01583476
CDT/BTC,1599283862436,2020-09-05T05:31:02.436Z,sell,7.9e-07,24641.0,0.01946639
CDT/BTC,1599283863112,2020-09-05T05:31:03.112Z,sell,7.9e-07,11239.0,0.00887881
CDT/BTC,1599284220311,2020-09-05T05:37:00.311Z,sell,7.9e-07,13287.0,0.01049673
CDT/BTC,1599284220315,2020-09-05T05:37:00.315Z,sell,7.9e-07,13287.0,0.01049673
CDT/BTC,1599284229546,2020-09-05T05:37:09.546Z,sell,7.9e-07,1100.0,0.000869
CDT/BTC,1599284304595,2020-09-05T05:38:24.595Z,sell,7.9e-07,10013.0,0.0079102699999999
CDT/BTC,1599284304859,2020-09-05T05:38:24.859Z,sell,7.9e-07,12836.0,0.0101404399999999
CDT/BTC,1599284598837,2020-09-05T05:43:18.837Z,sell,7.9e-07,27695.0,0.0218790499999999
CDT/BTC,1599285167103,2020-09-05T05:52:47.103Z,sell,7.9e-07,129.0,0.0001019099999999
CDT/BTC,1599285633669,2020-09-05T06:00:33.669Z,sell,7.9e-07,184875.0,0.14605125
CDT/BTC,1599285633669,2020-09-05T06:00:33.669Z,sell,7.9e-07,184875.0,0.14605125
CDT/BTC,1599286394365,2020-09-05T06:13:14.365Z,buy,7.9e-07,254.0,0.00020066
CDT/BTC,1599286395020,2020-09-05T06:13:15.020Z,buy,7.9e-07,128.0,0.00010112
CDT/BTC,1599286397679,2020-09-05T06:13:17.679Z,buy,7.9e-07,254.0,0.00020066
CDT/BTC,1599286618119,2020-09-05T06:16:58.119Z,sell,7.8e-07,337698.0,0.26340444
CDT/BTC,1599286618126,2020-09-05T06:16:58.126Z,buy,7.8e-07,3668.0,0.00286104
CDT/BTC,1599286618140,2020-09-05T06:16:58.140Z,buy,7.8e-07,3668.0,0.00286104
CDT/BTC,1599286618171,2020-09-05T06:16:58.171Z,buy,7.8e-07,3679.0,0.00286962
CDT/BTC,1599286618176,2020-09-05T06:16:58.176Z,buy,7.8e-07,1555.0,0.0012129
CDT/BTC,1599286618186,2020-09-05T06:16:58.186Z,buy,7.8e-07,5475.0,0.0042705
CDT/BTC,1599286619148,2020-09-05T06:16:59.148Z,buy,7.8e-07,14834.0,0.01157052
CDT/BTC,1599286619172,2020-09-05T06:16:59.172Z,buy,7.8e-07,726.0,0.00056628
CDT/BTC,1599286628297,2020-09-05T06:17:08.297Z,buy,7.8e-07,256.0,0.00019968
CDT/BTC,1599287101300,2020-09-05T06:25:01.300Z,sell,7.7e-07,641284.0,0.49378868
CDT/BTC,1599287101309,2020-09-05T06:25:01.309Z,buy,7.7e-07,30370.0,0.0233849
CDT/BTC,1599287101574,2020-09-05T06:25:01.574Z,buy,7.8e-07,191.0,0.00014898
CDT/BTC,1599287102214,2020-09-05T06:25:02.214Z,sell,7.7e-07,2525.0,0.00194425
CDT/BTC,1599287109424,2020-09-05T06:25:09.424Z,sell,7.7e-07,636554.0,0.49014658
CDT/BTC,1599287109429,2020-09-05T06:25:09.429Z,buy,7.7e-07,35101.0,0.02702777
CDT/BTC,1599287109485,2020-09-05T06:25:09.485Z,buy,7.8e-07,34473.0,0.02688894
CDT/BTC,1599287110120,2020-09-05T06:25:10.120Z,buy,7.7e-07,2253.0,0.00173481
CDT/BTC,1599287110673,2020-09-05T06:25:10.673Z,buy,7.7e-07,1680.0,0.0012936
CDT/BTC,1599287110675,2020-09-05T06:25:10.675Z,buy,7.7e-07,4399.0,0.00338723
CDT/BTC,1599287168721,2020-09-05T06:26:08.721Z,buy,7.7e-07,260.0,0.0002002
CDT/BTC,1599287170029,2020-09-05T06:26:10.029Z,buy,7.7e-07,38062.0,0.02930774
CDT/BTC,1599287170234,2020-09-05T06:26:10.234Z,sell,7.7e-07,350.0,0.0002695
CDT/BTC,1599287842153,2020-09-05T06:37:22.153Z,buy,7.8e-07,133.0,0.00010374
CDT/BTC,1599287845101,2020-09-05T06:37:25.101Z,buy,7.8e-07,131.0,0.00010218
CDT/BTC,1599287859172,2020-09-05T06:37:39.172Z,buy,7.8e-07,61059.0,0.04762602
CDT/BTC,1599287920861,2020-09-05T06:38:40.861Z,buy,7.8e-07,131.0,0.00010218
CDT/BTC,1599288479581,2020-09-05T06:47:59.581Z,buy,7.8e-07,2564.0,0.00199992
CDT/BTC,1599288479581,2020-09-05T06:47:59.581Z,buy,7.8e-07,2564.0,0.00199992
CDT/BTC,1599289448507,2020-09-05T07:04:08.507Z,buy,7.8e-07,136.0,0.00010608
CDT/BTC,1599291185479,2020-09-05T07:33:05.479Z,buy,7.8e-07,288.0,0.00022464
CDT/BTC,1599291404671,2020-09-05T07:36:44.671Z,sell,7.7e-07,12476.0,0.00960652
CDT/BTC,1599291406138,2020-09-05T07:36:46.138Z,sell,7.7e-07,13177.0,0.01014629
CDT/BTC,1599291449963,2020-09-05T07:37:29.963Z,sell,7.7e-07,83919.0,0.06461763
CDT/BTC,1599291459163,2020-09-05T07:37:39.163Z,buy,7.8e-07,132.0,0.00010296
CDT/BTC,1599291462593,2020-09-05T07:37:42.593Z,buy,7.8e-07,134.0,0.00010452
CDT/BTC,1599291821410,2020-09-05T07:43:41.410Z,buy,7.8e-07,133.0,0.00010374
CDT/BTC,1599291827857,2020-09-05T07:43:47.857Z,buy,7.8e-07,1282.0,0.00099996
CDT/BTC,1599291953997,2020-09-05T07:45:53.997Z,buy,7.8e-07,292.0,0.00022776
CDT/BTC,1599291965555,2020-09-05T07:46:05.555Z,buy,7.8e-07,1862.0,0.00145236
CDT/BTC,1599291984298,2020-09-05T07:46:24.298Z,sell,7.7e-07,104043.0,0.08011311
CDT/BTC,1599291984547,2020-09-05T07:46:24.547Z,buy,7.7e-07,125000.0,0.09625
CDT/BTC,1599292011376,2020-09-05T07:46:51.376Z,buy,7.7e-07,133.0,0.00010241
CDT/BTC,1599292013060,2020-09-05T07:46:53.060Z,buy,7.7e-07,6493.0,0.00499961
CDT/BTC,1599292043368,2020-09-05T07:47:23.368Z,buy,7.7e-07,6493.0,0.00499961
CDT/BTC,1599292043368,2020-09-05T07:47:23.368Z,buy,7.7e-07,6493.0,0.00499961
CDT/BTC,1599292316110,2020-09-05T07:51:56.110Z,sell,7.6e-07,1064.0,0.00080864
CDT/BTC,1599292373816,2020-09-05T07:52:53.816Z,buy,7.7e-07,133.0,0.00010241
CDT/BTC,1599292374069,2020-09-05T07:52:54.069Z,buy,7.7e-07,1000.0,0.00077
CDT/BTC,1599292789372,2020-09-05T07:59:49.372Z,buy,7.7e-07,33990.0,0.0261723
CDT/BTC,1599292952127,2020-09-05T08:02:32.127Z,buy,7.7e-07,6493.0,0.00499961
CDT/BTC,1599293158742,2020-09-05T08:05:58.742Z,buy,7.7e-07,290.0,0.0002233
CDT/BTC,1599293468647,2020-09-05T08:11:08.647Z,sell,7.6e-07,62007.0,0.04712532
CDT/BTC,1599293788644,2020-09-05T08:16:28.644Z,buy,7.7e-07,142.0,0.00010934
CDT/BTC,1599293791220,2020-09-05T08:16:31.220Z,buy,7.7e-07,141.0,0.00010857
CDT/BTC,1599293796225,2020-09-05T08:16:36.225Z,buy,7.7e-07,465.0,0.00035805
CDT/BTC,1599293861584,2020-09-05T08:17:41.584Z,buy,7.7e-07,17876.0,0.01376452
CDT/BTC,1599294866064,2020-09-05T08:34:26.064Z,buy,7.7e-07,133.0,0.00010241
CDT/BTC,1599294866064,2020-09-05T08:34:26.064Z,buy,7.7e-07,133.0,0.00010241
CDT/BTC,1599296248517,2020-09-05T08:57:28.517Z,sell,7.6e-07,267970.0,0.2036572
CDT/BTC,1599296248533,2020-09-05T08:57:28.533Z,buy,7.6e-07,4558.0,0.00346408
CDT/BTC,1599296252331,2020-09-05T08:57:32.331Z,buy,7.6e-07,283.0,0.00021508
CDT/BTC,1599296297523,2020-09-05T08:58:17.523Z,sell,7.5e-07,25163.0,0.01887225
CDT/BTC,1599296312871,2020-09-05T08:58:32.871Z,buy,7.6e-07,1974.0,0.00150024
CDT/BTC,1599296404340,2020-09-05T09:00:04.340Z,buy,7.6e-07,136.0,0.00010336
CDT/BTC,1599297324851,2020-09-05T09:15:24.851Z,sell,7.5e-07,64197.0,0.04814775
CDT/BTC,1599297348376,2020-09-05T09:15:48.376Z,sell,7.5e-07,47876.0,0.035907
CDT/BTC,1599297348393,2020-09-05T09:15:48.393Z,buy,7.5e-07,4286.0,0.0032145
CDT/BTC,1599297348435,2020-09-05T09:15:48.435Z,buy,7.5e-07,4294.0,0.0032205
CDT/BTC,1599297368245,2020-09-05T09:16:08.245Z,buy,7.5e-07,267.0,0.00020025
CDT/BTC,1599297391040,2020-09-05T09:16:31.040Z,buy,7.5e-07,251092.0,0.188319
CDT/BTC,1599297403467,2020-09-05T09:16:43.467Z,sell,7.5e-07,53945.0,0.04045875
CDT/BTC,1599297427052,2020-09-05T09:17:07.052Z,buy,7.5e-07,28129.0,0.02109675
CDT/BTC,1599297440488,2020-09-05T09:17:20.488Z,buy,7.5e-07,6016.0,0.004512
CDT/BTC,1599297456247,2020-09-05T09:17:36.247Z,buy,7.5e-07,3438.0,0.0025785
CDT/BTC,1599297462571,2020-09-05T09:17:42.571Z,buy,7.5e-07,4939.0,0.00370425
CDT/BTC,1599297463646,2020-09-05T09:17:43.646Z,buy,7.5e-07,5303.0,0.00397725
CDT/BTC,1599297464863,2020-09-05T09:17:44.863Z,buy,7.5e-07,6242.0,0.0046815
CDT/BTC,1599297465266,2020-09-05T09:17:45.266Z,buy,7.5e-07,6244.0,0.004683
CDT/BTC,1599297466387,2020-09-05T09:17:46.387Z,buy,7.5e-07,3456.0,0.002592
CDT/BTC,1599297467446,2020-09-05T09:17:47.446Z,buy,7.5e-07,4808.0,0.003606
CDT/BTC,1599297507339,2020-09-05T09:18:27.339Z,buy,7.5e-07,4923.0,0.00369225
CDT/BTC,1599297717033,2020-09-05T09:21:57.033Z,buy,7.5e-07,23036.0,0.017277
CDT/BTC,1599297967616,2020-09-05T09:26:07.616Z,sell,7.4e-07,9710.0,0.0071854
CDT/BTC,1599298197020,2020-09-05T09:29:57.020Z,sell,7.4e-07,65939.0,0.04879486
CDT/BTC,1599298213303,2020-09-05T09:30:13.303Z,buy,7.5e-07,135.0,0.00010125
CDT/BTC,1599298440049,2020-09-05T09:34:00.049Z,buy,7.5e-07,16122.0,0.0120915
CDT/BTC,1599298440049,2020-09-05T09:34:00.049Z,buy,7.5e-07,16122.0,0.0120915
CDT/BTC,1599298675154,2020-09-05T09:37:55.154Z,sell,7.4e-07,267.0,0.00019758
CDT/BTC,1599298740399,2020-09-05T09:39:00.399Z,buy,7.5e-07,135.0,0.00010125
CDT/BTC,1599298753385,2020-09-05T09:39:13.385Z,buy,7.5e-07,1803.0,0.00135225
CDT/BTC,1599299077996,2020-09-05T09:44:37.996Z,buy,7.5e-07,29437.0,0.02207775
CDT/BTC,1599299338782,2020-09-05T09:48:58.782Z,sell,7.4e-07,812.0,0.00060088
CDT/BTC,1599299549652,2020-09-05T09:52:29.652Z,sell,7.4e-07,10003.0,0.00740222
CDT/BTC,1599299571706,2020-09-05T09:52:51.706Z,buy,7.5e-07,110495.0,0.08287125
CDT/BTC,1599300076517,2020-09-05T10:01:16.517Z,buy,7.5e-07,128205.0,0.09615375
CDT/BTC,1599300323937,2020-09-05T10:05:23.937Z,sell,7.4e-07,305748.0,0.22625352
CDT/BTC,1599300324131,2020-09-05T10:05:24.131Z,sell,7.4e-07,4383.0,0.00324342
CDT/BTC,1599300383313,2020-09-05T10:06:23.313Z,buy,7.5e-07,260.0,0.000195
CDT/BTC,1599300383697,2020-09-05T10:06:23.697Z,sell,7.4e-07,16829.0,0.01245346
CDT/BTC,1599300383853,2020-09-05T10:06:23.853Z,sell,7.4e-07,2590.0,0.0019166
CDT/BTC,1599300407675,2020-09-05T10:06:47.675Z,sell,7.4e-07,1603.0,0.00118622
CDT/BTC,1599300418084,2020-09-05T10:06:58.084Z,sell,7.4e-07,70171.0,0.05192654
CDT/BTC,1599300423401,2020-09-05T10:07:03.401Z,sell,7.4e-07,5515.0,0.0040811
CDT/BTC,1599300425619,2020-09-05T10:07:05.619Z,sell,7.4e-07,13189.0,0.00975986
CDT/BTC,1599300429317,2020-09-05T10:07:09.317Z,sell,7.4e-07,561.0,0.00041514
CDT/BTC,1599300480328,2020-09-05T10:08:00.328Z,buy,7.4e-07,3627.0,0.00268398
CDT/BTC,1599300480645,2020-09-05T10:08:00.645Z,buy,7.4e-07,5906.0,0.00437044
CDT/BTC,1599300480659,2020-09-05T10:08:00.659Z,buy,7.4e-07,2318.0,0.00171532
CDT/BTC,1599301020872,2020-09-05T10:17:00.872Z,buy,7.5e-07,337.0,0.00025275
CDT/BTC,1599301563800,2020-09-05T10:26:03.800Z,buy,7.5e-07,266666.0,0.1999995
CDT/BTC,1599301839022,2020-09-05T10:30:39.022Z,sell,7.4e-07,285351.0,0.21115974
CDT/BTC,1599301869936,2020-09-05T10:31:09.936Z,sell,7.3e-07,265.0,0.00019345
CDT/BTC,1599301871159,2020-09-05T10:31:11.159Z,buy,7.4e-07,171.0,0.00012654
CDT/BTC,1599301871921,2020-09-05T10:31:11.921Z,buy,7.4e-07,400.0,0.000296
CDT/BTC,1599301871921,2020-09-05T10:31:11.921Z,buy,7.4e-07,400.0,0.000296
CDT/BTC,1599302075573,2020-09-05T10:34:35.573Z,sell,7.3e-07,134928.0,0.09849744
CDT/BTC,1599302155235,2020-09-05T10:35:55.235Z,buy,7.4e-07,1477.0,0.00109298
CDT/BTC,1599302391344,2020-09-05T10:39:51.344Z,buy,7.4e-07,14270.0,0.0105598
CDT/BTC,1599302443181,2020-09-05T10:40:43.181Z,buy,7.4e-07,99402.0,0.07355748
CDT/BTC,1599302443437,2020-09-05T10:40:43.437Z,sell,7.4e-07,206.0,0.00015244
CDT/BTC,1599302452947,2020-09-05T10:40:52.947Z,sell,7.4e-07,1004.0,0.00074296
CDT/BTC,1599302463310,2020-09-05T10:41:03.310Z,buy,7.5e-07,140.0,0.000105
CDT/BTC,1599302500468,2020-09-05T10:41:40.468Z,sell,7.4e-07,21532.0,0.01593368
CDT/BTC,1599303092694,2020-09-05T10:51:32.694Z,buy,7.4e-07,45500.0,0.03367
CDT/BTC,1599303092699,2020-09-05T10:51:32.699Z,sell,7.4e-07,51241.0,0.03791834
CDT/BTC,1599303660018,2020-09-05T11:01:00.018Z,sell,7.3e-07,14958.0,0.01091934
CDT/BTC,1599303989971,2020-09-05T11:06:29.971Z,sell,7.3e-07,36026.0,0.02629898
CDT/BTC,1599304003636,2020-09-05T11:06:43.636Z,buy,7.4e-07,140.0,0.0001036
CDT/BTC,1599304084116,2020-09-05T11:08:04.116Z,buy,7.4e-07,148.0,0.00010952
CDT/BTC,1599304220728,2020-09-05T11:10:20.728Z,sell,7.3e-07,144.0,0.00010512
CDT/BTC,1599304410809,2020-09-05T11:13:30.809Z,sell,7.3e-07,17173.0,0.01253629
CDT/BTC,1599304414714,2020-09-05T11:13:34.714Z,sell,7.3e-07,3346.0,0.00244258
CDT/BTC,1599304435814,2020-09-05T11:13:55.814Z,buy,7.4e-07,144.0,0.00010656
CDT/BTC,1599304455948,2020-09-05T11:14:15.948Z,sell,7.3e-07,232605.0,0.16980165
CDT/BTC,1599304514978,2020-09-05T11:15:14.978Z,buy,7.3e-07,144.0,0.00010512
CDT/BTC,1599304548717,2020-09-05T11:15:48.717Z,buy,7.3e-07,150.0,0.0001095
CDT/BTC,1599304585386,2020-09-05T11:16:25.386Z,sell,7.2e-07,298.0,0.00021456
CDT/BTC,1599304642199,2020-09-05T11:17:22.199Z,buy,7.3e-07,150.0,0.0001095
CDT/BTC,1599304992839,2020-09-05T11:23:12.839Z,sell,7.2e-07,627005.0,0.4514436
CDT/BTC,1599304993029,2020-09-05T11:23:13.029Z,sell,7.2e-07,7900.0,0.0056879999999999
CDT/BTC,1599304994046,2020-09-05T11:23:14.046Z,sell,7.2e-07,7900.0,0.0056879999999999
CDT/BTC,1599305030683,2020-09-05T11:23:50.683Z,sell,7.2e-07,15716.0,0.0113155199999999
CDT/BTC,1599305031010,2020-09-05T11:23:51.010Z,sell,7.2e-07,1324.0,0.00095328
CDT/BTC,1599305031011,2020-09-05T11:23:51.011Z,sell,7.2e-07,1976.0,0.00142272
CDT/BTC,1599305043459,2020-09-05T11:24:03.459Z,sell,7.2e-07,38850.0,0.027972
CDT/BTC,1599305059768,2020-09-05T11:24:19.768Z,sell,7.2e-07,7762.0,0.00558864
CDT/BTC,1599305092887,2020-09-05T11:24:52.887Z,buy,7.3e-07,1875.0,0.00136875
CDT/BTC,1599305369155,2020-09-05T11:29:29.155Z,sell,7.2e-07,17356.0,0.01249632
CDT/BTC,1599305370870,2020-09-05T11:29:30.870Z,sell,7.2e-07,211848.0,0.15253056
CDT/BTC,1599305378414,2020-09-05T11:29:38.414Z,buy,7.3e-07,48.0,3.504e-05
CDT/BTC,1599305378414,2020-09-05T11:29:38.414Z,buy,7.3e-07,48.0,3.504e-05
CDT/BTC,1599305792940,2020-09-05T11:36:32.940Z,sell,7.2e-07,10537.0,0.0075866399999999
CDT/BTC,1599306036197,2020-09-05T11:40:36.197Z,buy,7.3e-07,104.0,7.592e-05
CDT/BTC,1599306696092,2020-09-05T11:51:36.092Z,sell,7.2e-07,31016.0,0.02233152
CDT/BTC,1599306822346,2020-09-05T11:53:42.346Z,sell,7.2e-07,4440.0,0.0031968
CDT/BTC,1599306822379,2020-09-05T11:53:42.379Z,sell,7.2e-07,4440.0,0.0031968
CDT/BTC,1599306822509,2020-09-05T11:53:42.509Z,sell,7.2e-07,3367.0,0.00242424
CDT/BTC,1599306825018,2020-09-05T11:53:45.018Z,sell,7.2e-07,4070.0,0.0029304
CDT/BTC,1599306825044,2020-09-05T11:53:45.044Z,sell,7.2e-07,4070.0,0.0029304
CDT/BTC,1599306825054,2020-09-05T11:53:45.054Z,sell,7.2e-07,3630.0,0.0026135999999999
CDT/BTC,1599306839583,2020-09-05T11:53:59.583Z,sell,7.2e-07,4785.0,0.0034452
CDT/BTC,1599306839583,2020-09-05T11:53:59.583Z,sell,7.2e-07,4785.0,0.0034452
CDT/BTC,1599306839617,2020-09-05T11:53:59.617Z,sell,7.2e-07,4785.0,0.0034452
CDT/BTC,1599306839623,2020-09-05T11:53:59.623Z,sell,7.2e-07,880.0,0.0006336
CDT/BTC,1599306843737,2020-09-05T11:54:03.737Z,sell,7.2e-07,4070.0,0.0029304
CDT/BTC,1599306843750,2020-09-05T11:54:03.750Z,sell,7.2e-07,3969.0,0.00285768
CDT/BTC,1599306846527,2020-09-05T11:54:06.527Z,sell,7.2e-07,9523.0,0.00685656
CDT/BTC,1599307095020,2020-09-05T11:58:15.020Z,buy,7.3e-07,115793.0,0.08452889
CDT/BTC,1599307183940,2020-09-05T11:59:43.940Z,sell,7.2e-07,9990.0,0.0071928
CDT/BTC,1599307269229,2020-09-05T12:01:09.229Z,buy,7.3e-07,5600.0,0.004088
CDT/BTC,1599307464944,2020-09-05T12:04:24.944Z,buy,7.3e-07,3044.0,0.00222212
CDT/BTC,1599307466333,2020-09-05T12:04:26.333Z,buy,7.3e-07,6674.0,0.00487202
CDT/BTC,1599307477745,2020-09-05T12:04:37.745Z,buy,7.3e-07,6789.0,0.00495597
CDT/BTC,1599307838856,2020-09-05T12:10:38.856Z,buy,7.3e-07,13993.0,0.01021489
CDT/BTC,1599307855392,2020-09-05T12:10:55.392Z,sell,7.3e-07,2843.0,0.00207539
CDT/BTC,1599307856441,2020-09-05T12:10:56.441Z,sell,7.3e-07,1506.0,0.00109938
CDT/BTC,1599307992635,2020-09-05T12:13:12.635Z,sell,7.3e-07,9153.0,0.00668169
CDT/BTC,1599307995070,2020-09-05T12:13:15.070Z,sell,7.3e-07,1515.0,0.00110595
CDT/BTC,1599307998245,2020-09-05T12:13:18.245Z,sell,7.3e-07,1843.0,0.00134539
CDT/BTC,1599307998754,2020-09-05T12:13:18.754Z,sell,7.3e-07,34606.0,0.02526238
CDT/BTC,1599308001654,2020-09-05T12:13:21.654Z,sell,7.3e-07,777.0,0.00056721
CDT/BTC,1599308005556,2020-09-05T12:13:25.556Z,sell,7.3e-07,856.0,0.00062488
CDT/BTC,1599308468033,2020-09-05T12:21:08.033Z,sell,7.3e-07,10000.0,0.0073
CDT/BTC,1599308937845,2020-09-05T12:28:57.845Z,sell,7.3e-07,1098.0,0.00080154
CDT/BTC,1599308937845,2020-09-05T12:28:57.845Z,sell,7.3e-07,1098.0,0.00080154
CDT/BTC,1599309084399,2020-09-05T12:31:24.399Z,sell,7.3e-07,36799.0,0.02686327
CDT/BTC,1599309459362,2020-09-05T12:37:39.362Z,sell,7.2e-07,945.0,0.0006804
CDT/BTC,1599309489567,2020-09-05T12:38:09.567Z,sell,7.2e-07,692.0,0.00049824
CDT/BTC,1599309504588,2020-09-05T12:38:24.588Z,sell,7.2e-07,17412.0,0.01253664
CDT/BTC,1599309504648,2020-09-05T12:38:24.648Z,sell,7.2e-07,17413.0,0.0125373599999999
CDT/BTC,1599309504694,2020-09-05T12:38:24.694Z,sell,7.2e-07,8996.0,0.00647712
CDT/BTC,1599309513850,2020-09-05T12:38:33.850Z,sell,7.2e-07,419.0,0.0003016799999999
CDT/BTC,1599309564206,2020-09-05T12:39:24.206Z,sell,7.2e-07,99900.0,0.0719279999999999
CDT/BTC,1599309571874,2020-09-05T12:39:31.874Z,sell,7.2e-07,53279.0,0.03836088
CDT/BTC,1599309572251,2020-09-05T12:39:32.251Z,sell,7.2e-07,126000.0,0.09072
CDT/BTC,1599309597703,2020-09-05T12:39:57.703Z,sell,7.2e-07,7850.0,0.005652
CDT/BTC,1599309614292,2020-09-05T12:40:14.292Z,sell,7.2e-07,193.0,0.00013896
CDT/BTC,1599309649697,2020-09-05T12:40:49.697Z,sell,7.2e-07,14690.0,0.0105767999999999
CDT/BTC,1599309676329,2020-09-05T12:41:16.329Z,sell,7.2e-07,6497.0,0.00467784
CDT/BTC,1599309859696,2020-09-05T12:44:19.696Z,buy,7.3e-07,144.0,0.00010512
CDT/BTC,1599309864676,2020-09-05T12:44:24.676Z,buy,7.3e-07,146.0,0.00010658
CDT/BTC,1599309883738,2020-09-05T12:44:43.738Z,sell,7.2e-07,168930.0,0.1216296
CDT/BTC,1599309908781,2020-09-05T12:45:08.781Z,sell,7.2e-07,523.0,0.00037656
CDT/BTC,1599309923537,2020-09-05T12:45:23.537Z,buy,7.3e-07,2739.0,0.00199947
CDT/BTC,1599310016234,2020-09-05T12:46:56.234Z,sell,7.2e-07,16482.0,0.01186704
CDT/BTC,1599310167012,2020-09-05T12:49:27.012Z,sell,7.2e-07,115677.0,0.08328744
CDT/BTC,1599310241194,2020-09-05T12:50:41.194Z,sell,7.2e-07,91936.0,0.06619392
CDT/BTC,1599310537430,2020-09-05T12:55:37.430Z,sell,7.2e-07,28207.0,0.02030904
CDT/BTC,1599310698842,2020-09-05T12:58:18.842Z,sell,7.2e-07,1710.0,0.0012312
CDT/BTC,1599310943873,2020-09-05T13:02:23.873Z,sell,7.2e-07,1263.0,0.00090936
CDT/BTC,1599310981632,2020-09-05T13:03:01.632Z,sell,7.2e-07,308842.0,0.22236624
CDT/BTC,1599311145380,2020-09-05T13:05:45.380Z,buy,7.3e-07,16807.0,0.01226911
CDT/BTC,1599311252948,2020-09-05T13:07:32.948Z,buy,7.3e-07,328.0,0.00023944
CDT/BTC,1599311460195,2020-09-05T13:11:00.195Z,buy,7.3e-07,137.0,0.00010001
CDT/BTC,1599311590104,2020-09-05T13:13:10.104Z,sell,7.2e-07,10000.0,0.0072
CDT/BTC,1599312032777,2020-09-05T13:20:32.777Z,buy,7.3e-07,4925.0,0.00359525
CDT/BTC,1599312162401,2020-09-05T13:22:42.401Z,buy,7.3e-07,57206.0,0.04176038
CDT/BTC,1599312532736,2020-09-05T13:28:52.736Z,sell,7.3e-07,46464.0,0.03391872
CDT/BTC,1599312532736,2020-09-05T13:28:52.736Z,sell,7.3e-07,46464.0,0.03391872
CDT/BTC,1599314130940,2020-09-05T13:55:30.940Z,buy,7.4e-07,46929.0,0.03472746
CDT/BTC,1599314543934,2020-09-05T14:02:23.934Z,buy,7.4e-07,231.0,0.00017094
CDT/BTC,1599314747750,2020-09-05T14:05:47.750Z,buy,7.4e-07,13513.0,0.00999962
CDT/BTC,1599314820204,2020-09-05T14:07:00.204Z,sell,7.3e-07,352.0,0.00025696
CDT/BTC,1599315089602,2020-09-05T14:11:29.602Z,buy,7.4e-07,9964.0,0.00737336
CDT/BTC,1599315470578,2020-09-05T14:17:50.578Z,buy,7.5e-07,186.0,0.0001395
CDT/BTC,1599315695933,2020-09-05T14:21:35.933Z,sell,7.4e-07,9472.0,0.00700928
CDT/BTC,1599315695938,2020-09-05T14:21:35.938Z,sell,7.4e-07,1236.0,0.00091464
CDT/BTC,1599315695943,2020-09-05T14:21:35.943Z,sell,7.4e-07,1236.0,0.00091464
CDT/BTC,1599315695944,2020-09-05T14:21:35.944Z,sell,7.4e-07,1180.0,0.0008732
CDT/BTC,1599315695959,2020-09-05T14:21:35.959Z,sell,7.4e-07,271.0,0.00020054
CDT/BTC,1599315696080,2020-09-05T14:21:36.080Z,sell,7.4e-07,8064.0,0.00596736
CDT/BTC,1599315696094,2020-09-05T14:21:36.094Z,sell,7.4e-07,2365.0,0.0017501
CDT/BTC,1599315696109,2020-09-05T14:21:36.109Z,sell,7.4e-07,4126.0,0.00305324
CDT/BTC,1599315696121,2020-09-05T14:21:36.121Z,sell,7.4e-07,3787.0,0.00280238
CDT/BTC,1599315696227,2020-09-05T14:21:36.227Z,sell,7.4e-07,1606.0,0.00118844
CDT/BTC,1599315696267,2020-09-05T14:21:36.267Z,sell,7.4e-07,1016.0,0.00075184
CDT/BTC,1599315917456,2020-09-05T14:25:17.456Z,buy,7.4e-07,26015.0,0.0192511
CDT/BTC,1599315918255,2020-09-05T14:25:18.255Z,sell,7.4e-07,27027.0,0.01999998
CDT/BTC,1599315971545,2020-09-05T14:26:11.545Z,sell,7.4e-07,2770.0,0.0020498
CDT/BTC,1599315971545,2020-09-05T14:26:11.545Z,sell,7.4e-07,2770.0,0.0020498
CDT/BTC,1599316133890,2020-09-05T14:28:53.890Z,sell,7.4e-07,1247.0,0.00092278
CDT/BTC,1599316142159,2020-09-05T14:29:02.159Z,sell,7.4e-07,22782.0,0.01685868
CDT/BTC,1599316269269,2020-09-05T14:31:09.269Z,buy,7.4e-07,13704.0,0.01014096
CDT/BTC,1599316395682,2020-09-05T14:33:15.682Z,sell,7.4e-07,23441.0,0.01734634
CDT/BTC,1599316437684,2020-09-05T14:33:57.684Z,buy,7.5e-07,4000.0,0.003
CDT/BTC,1599316609243,2020-09-05T14:36:49.243Z,sell,7.4e-07,13371.0,0.00989454
CDT/BTC,1599316638115,2020-09-05T14:37:18.115Z,sell,7.4e-07,14252.0,0.01054648
CDT/BTC,1599317665218,2020-09-05T14:54:25.218Z,sell,7.4e-07,59691.0,0.04417134
CDT/BTC,1599317840479,2020-09-05T14:57:20.479Z,buy,7.5e-07,15806.0,0.0118545
CDT/BTC,1599318249130,2020-09-05T15:04:09.130Z,buy,7.5e-07,9290.0,0.0069675
CDT/BTC,1599319089162,2020-09-05T15:18:09.162Z,sell,7.4e-07,14836.0,0.01097864
CDT/BTC,1599319089162,2020-09-05T15:18:09.162Z,sell,7.4e-07,14836.0,0.01097864
CDT/BTC,1599321530236,2020-09-05T15:58:50.236Z,sell,7.4e-07,1860.0,0.0013764
CDT/BTC,1599321546405,2020-09-05T15:59:06.405Z,buy,7.5e-07,322.0,0.0002415
CDT/BTC,1599321897083,2020-09-05T16:04:57.083Z,sell,7.4e-07,3038.0,0.00224812
CDT/BTC,1599321897083,2020-09-05T16:04:57.083Z,sell,7.4e-07,3038.0,0.00224812
CDT/BTC,1599323119440,2020-09-05T16:25:19.440Z,buy,7.5e-07,2000.0,0.0015
CDT/BTC,1599323119457,2020-09-05T16:25:19.457Z,buy,7.5e-07,2000.0,0.0015
CDT/BTC,1599323119658,2020-09-05T16:25:19.658Z,buy,7.5e-07,2000.0,0.0015
CDT/BTC,1599323295783,2020-09-05T16:28:15.783Z,sell,7.4e-07,257000.0,0.19018
CDT/BTC,1599323298823,2020-09-05T16:28:18.823Z,sell,7.4e-07,618.0,0.00045732
CDT/BTC,1599323337857,2020-09-05T16:28:57.857Z,sell,7.4e-07,2311.0,0.00171014
CDT/BTC,1599323337932,2020-09-05T16:28:57.932Z,buy,7.4e-07,4908.0,0.00363192
CDT/BTC,1599323338041,2020-09-05T16:28:58.041Z,buy,7.4e-07,5691.0,0.00421134
CDT/BTC,1599323492821,2020-09-05T16:31:32.821Z,sell,7.3e-07,59940.0,0.0437562
CDT/BTC,1599323551561,2020-09-05T16:32:31.561Z,sell,7.3e-07,3378.0,0.00246594
CDT/BTC,1599323868146,2020-09-05T16:37:48.146Z,sell,7.3e-07,80960.0,0.0591008
CDT/BTC,1599323868164,2020-09-05T16:37:48.164Z,buy,7.3e-07,3838.0,0.00280174
CDT/BTC,1599323868199,2020-09-05T16:37:48.199Z,buy,7.3e-07,481.0,0.00035113
CDT/BTC,1599323868291,2020-09-05T16:37:48.291Z,buy,7.3e-07,7900.0,0.0057669999999999
CDT/BTC,1599323868336,2020-09-05T16:37:48.336Z,buy,7.3e-07,3928.0,0.00286744
CDT/BTC,1599323868420,2020-09-05T16:37:48.420Z,buy,7.3e-07,215.0,0.00015695
CDT/BTC,1599323868426,2020-09-05T16:37:48.426Z,buy,7.3e-07,1927.0,0.00140671
CDT/BTC,1599324333699,2020-09-05T16:45:33.699Z,sell,7.2e-07,607863.0,0.43766136
CDT/BTC,1599324334988,2020-09-05T16:45:34.988Z,buy,7.2e-07,1173.0,0.00084456
CDT/BTC,1599324337503,2020-09-05T16:45:37.503Z,sell,7.1e-07,259.0,0.00018389
CDT/BTC,1599324355341,2020-09-05T16:45:55.341Z,buy,7.2e-07,57116.0,0.04112352
CDT/BTC,1599324357293,2020-09-05T16:45:57.293Z,buy,7.2e-07,1231.0,0.00088632
CDT/BTC,1599324357342,2020-09-05T16:45:57.342Z,buy,7.2e-07,1231.0,0.00088632
CDT/BTC,1599324357481,2020-09-05T16:45:57.481Z,sell,7.1e-07,13158.0,0.00934218
CDT/BTC,1599324357863,2020-09-05T16:45:57.863Z,buy,7.2e-07,627.0,0.00045144
CDT/BTC,1599324388171,2020-09-05T16:46:28.171Z,buy,7.2e-07,4872.0,0.00350784
CDT/BTC,1599324424532,2020-09-05T16:47:04.532Z,sell,7.1e-07,1057231.0,0.75063401
CDT/BTC,1599324424539,2020-09-05T16:47:04.539Z,buy,7.1e-07,213946.0,0.15190166
CDT/BTC,1599324424546,2020-09-05T16:47:04.546Z,buy,7.1e-07,70083.0,0.04975893
CDT/BTC,1599324424818,2020-09-05T16:47:04.818Z,buy,7.1e-07,22005.0,0.01562355
CDT/BTC,1599324427579,2020-09-05T16:47:07.579Z,sell,7.1e-07,49856.0,0.03539776
CDT/BTC,1599324469603,2020-09-05T16:47:49.603Z,sell,7.1e-07,33956.0,0.02410876
CDT/BTC,1599324483278,2020-09-05T16:48:03.278Z,sell,7.1e-07,225469.0,0.16008299
CDT/BTC,1599324484601,2020-09-05T16:48:04.601Z,sell,7.1e-07,18675.0,0.01325925
CDT/BTC,1599324490728,2020-09-05T16:48:10.728Z,sell,7.1e-07,3053.0,0.00216763
CDT/BTC,1599324496860,2020-09-05T16:48:16.860Z,sell,7.1e-07,4327.0,0.00307217
CDT/BTC,1599324501812,2020-09-05T16:48:21.812Z,buy,7.1e-07,140.0,9.94e-05
CDT/BTC,1599324523197,2020-09-05T16:48:43.197Z,buy,7.1e-07,7185.0,0.00510135
CDT/BTC,1599324523769,2020-09-05T16:48:43.769Z,sell,7.1e-07,26988.0,0.0191614799999999
CDT/BTC,1599324524536,2020-09-05T16:48:44.536Z,sell,7.1e-07,17703.0,0.01256913
CDT/BTC,1599324524640,2020-09-05T16:48:44.640Z,sell,7.1e-07,5956.0,0.00422876
CDT/BTC,1599324549726,2020-09-05T16:49:09.726Z,sell,7.1e-07,335311.0,0.23807081
CDT/BTC,1599324567263,2020-09-05T16:49:27.263Z,buy,7.2e-07,3919.0,0.00282168
CDT/BTC,1599324573281,2020-09-05T16:49:33.281Z,buy,7.2e-07,4611.0,0.00331992
CDT/BTC,1599324578813,2020-09-05T16:49:38.813Z,buy,7.2e-07,1752.0,0.00126144
CDT/BTC,1599324583180,2020-09-05T16:49:43.180Z,buy,7.2e-07,7195.0,0.0051804
CDT/BTC,1599324584785,2020-09-05T16:49:44.785Z,buy,7.2e-07,1798.0,0.00129456
CDT/BTC,1599324593218,2020-09-05T16:49:53.218Z,buy,7.2e-07,7556.0,0.00544032
CDT/BTC,1599324599577,2020-09-05T16:49:59.577Z,buy,7.1e-07,944.0,0.00067024
CDT/BTC,1599324603772,2020-09-05T16:50:03.772Z,buy,7.1e-07,3371.0,0.00239341
CDT/BTC,1599324606378,2020-09-05T16:50:06.378Z,buy,7.1e-07,906.0,0.00064326
CDT/BTC,1599324609250,2020-09-05T16:50:09.250Z,buy,7.1e-07,932.0,0.00066172
CDT/BTC,1599324612321,2020-09-05T16:50:12.321Z,buy,7.1e-07,3501.0,0.00248571
CDT/BTC,1599324653270,2020-09-05T16:50:53.270Z,buy,7.1e-07,508.0,0.00036068
CDT/BTC,1599324695207,2020-09-05T16:51:35.207Z,buy,7.1e-07,2787.0,0.00197877
CDT/BTC,1599324695310,2020-09-05T16:51:35.310Z,sell,7.1e-07,10878.0,0.00772338
CDT/BTC,1599324695324,2020-09-05T16:51:35.324Z,sell,7.1e-07,7726.0,0.00548546
CDT/BTC,1599324695528,2020-09-05T16:51:35.528Z,sell,7.1e-07,6871.0,0.00487841
CDT/BTC,1599324696376,2020-09-05T16:51:36.376Z,sell,7.1e-07,1593.0,0.0011310299999999
CDT/BTC,1599324696377,2020-09-05T16:51:36.377Z,sell,7.1e-07,12921.0,0.00917391
CDT/BTC,1599324715582,2020-09-05T16:51:55.582Z,sell,7.1e-07,3509.0,0.00249139
CDT/BTC,1599324749774,2020-09-05T16:52:29.774Z,buy,7.1e-07,5652.0,0.00401292
CDT/BTC,1599324909607,2020-09-05T16:55:09.607Z,sell,7.1e-07,27850.0,0.0197735
CDT/BTC,1599324909638,2020-09-05T16:55:09.638Z,buy,7.1e-07,17686.0,0.01255706
CDT/BTC,1599324973765,2020-09-05T16:56:13.765Z,buy,7.1e-07,17686.0,0.01255706
CDT/BTC,1599324973880,2020-09-05T16:56:13.880Z,buy,7.1e-07,4028.0,0.00285988
CDT/BTC,1599324974260,2020-09-05T16:56:14.260Z,buy,7.1e-07,17686.0,0.01255706
CDT/BTC,1599324974367,2020-09-05T16:56:14.367Z,buy,7.1e-07,2389.0,0.00169619
CDT/BTC,1599324974383,2020-09-05T16:56:14.383Z,buy,7.1e-07,2387.0,0.00169477
CDT/BTC,1599324993379,2020-09-05T16:56:33.379Z,buy,7.1e-07,17686.0,0.01255706
CDT/BTC,1599325010226,2020-09-05T16:56:50.226Z,buy,7.1e-07,6349.0,0.00450779
CDT/BTC,1599325010485,2020-09-05T16:56:50.485Z,buy,7.1e-07,2000.0,0.00142
CDT/BTC,1599325010496,2020-09-05T16:56:50.496Z,buy,7.1e-07,5675.0,0.00402925
CDT/BTC,1599325014964,2020-09-05T16:56:54.964Z,buy,7.1e-07,4314.0,0.00306294
CDT/BTC,1599325027863,2020-09-05T16:57:07.863Z,buy,7.1e-07,4392.0,0.00311832
CDT/BTC,1599325041411,2020-09-05T16:57:21.411Z,buy,7.1e-07,6338.0,0.00449998
CDT/BTC,1599325041451,2020-09-05T16:57:21.451Z,buy,7.1e-07,3041.0,0.00215911
CDT/BTC,1599325054082,2020-09-05T16:57:34.082Z,buy,7.1e-07,4841.0,0.0034371099999999
CDT/BTC,1599325054183,2020-09-05T16:57:34.183Z,buy,7.1e-07,5322.0,0.00377862
CDT/BTC,1599325060705,2020-09-05T16:57:40.705Z,buy,7.1e-07,29838.0,0.02118498
CDT/BTC,1599325063208,2020-09-05T16:57:43.208Z,buy,7.1e-07,27451.0,0.01949021
CDT/BTC,1599325065169,2020-09-05T16:57:45.169Z,buy,7.1e-07,29241.0,0.02076111
CDT/BTC,1599325067122,2020-09-05T16:57:47.122Z,buy,7.1e-07,28644.0,0.02033724
CDT/BTC,1599325068923,2020-09-05T16:57:48.923Z,buy,7.1e-07,24766.0,0.01758386
CDT/BTC,1599325070516,2020-09-05T16:57:50.516Z,buy,7.1e-07,8951.0,0.00635521
CDT/BTC,1599325072063,2020-09-05T16:57:52.063Z,buy,7.1e-07,12234.0,0.00868614
CDT/BTC,1599325075249,2020-09-05T16:57:55.249Z,buy,7.1e-07,24766.0,0.01758386
CDT/BTC,1599325078846,2020-09-05T16:57:58.846Z,buy,7.1e-07,28644.0,0.02033724
CDT/BTC,1599325082287,2020-09-05T16:58:02.287Z,buy,7.1e-07,4177.0,0.00296567
CDT/BTC,1599325084009,2020-09-05T16:58:04.009Z,buy,7.1e-07,1492.0,0.0010593199999999
CDT/BTC,1599325086844,2020-09-05T16:58:06.844Z,buy,7.1e-07,10742.0,0.0076268199999999
CDT/BTC,1599325102724,2020-09-05T16:58:22.724Z,buy,7.1e-07,29838.0,0.02118498
CDT/BTC,1599325115306,2020-09-05T16:58:35.306Z,buy,7.1e-07,17686.0,0.01255706
CDT/BTC,1599325115390,2020-09-05T16:58:35.390Z,buy,7.1e-07,6252.0,0.00443892
CDT/BTC,1599325122661,2020-09-05T16:58:42.661Z,buy,7.1e-07,4177.0,0.00296567
CDT/BTC,1599325126995,2020-09-05T16:58:46.995Z,buy,7.1e-07,53896.0,0.03826616
CDT/BTC,1599325128964,2020-09-05T16:58:48.964Z,buy,7.1e-07,162635.0,0.11547085
CDT/BTC,1599325129467,2020-09-05T16:58:49.467Z,buy,7.1e-07,48681.0,0.03456351
CDT/BTC,1599325132887,2020-09-05T16:58:52.887Z,buy,7.1e-07,15000.0,0.01065
CDT/BTC,1599325139428,2020-09-05T16:58:59.428Z,buy,7.1e-07,65965.0,0.04683515
CDT/BTC,1599325146057,2020-09-05T16:59:06.057Z,buy,7.1e-07,9212.0,0.00654052
CDT/BTC,1599325146057,2020-09-05T16:59:06.057Z,buy,7.2e-07,2404.0,0.00173088
CDT/BTC,1599325149073,2020-09-05T16:59:09.073Z,buy,7.2e-07,1896.0,0.00136512
CDT/BTC,1599325484014,2020-09-05T17:04:44.014Z,sell,7.1e-07,17697.0,0.0125648699999999
CDT/BTC,1599325484068,2020-09-05T17:04:44.068Z,sell,7.1e-07,11510.0,0.0081721
CDT/BTC,1599325484068,2020-09-05T17:04:44.068Z,sell,7.1e-07,11510.0,0.0081721
CDT/BTC,1599325820391,2020-09-05T17:10:20.391Z,sell,7.1e-07,320027.0,0.22721917
CDT/BTC,1599325820399,2020-09-05T17:10:20.399Z,buy,7.1e-07,5957.0,0.00422947
CDT/BTC,1599325820422,2020-09-05T17:10:20.422Z,buy,7.1e-07,4659.0,0.00330789
CDT/BTC,1599325820442,2020-09-05T17:10:20.442Z,buy,7.1e-07,5965.0,0.00423515
CDT/BTC,1599325821430,2020-09-05T17:10:21.430Z,buy,7.1e-07,2581.0,0.0018325099999999
CDT/BTC,1599325847770,2020-09-05T17:10:47.770Z,buy,7.1e-07,4816.0,0.0034193599999999
CDT/BTC,1599325855791,2020-09-05T17:10:55.791Z,sell,7e-07,71868.0,0.0503076
CDT/BTC,1599325855791,2020-09-05T17:10:55.791Z,sell,7e-07,3372.0,0.0023604
CDT/BTC,1599325855791,2020-09-05T17:10:55.791Z,sell,7e-07,32000.0,0.0224
CDT/BTC,1599325855791,2020-09-05T17:10:55.791Z,sell,7e-07,269.0,0.0001883
CDT/BTC,1599325855791,2020-09-05T17:10:55.791Z,sell,7e-07,269.0,0.0001883
CDT/BTC,1599325855791,2020-09-05T17:10:55.791Z,sell,7e-07,21647.0,0.0151528999999999
CDT/BTC,1599325856561,2020-09-05T17:10:56.561Z,sell,7e-07,5954.0,0.0041678
CDT/BTC,1599325857975,2020-09-05T17:10:57.975Z,sell,7e-07,5000.0,0.0034999999999999
CDT/BTC,1599325935236,2020-09-05T17:12:15.236Z,buy,7.1e-07,205.0,0.00014555
CDT/BTC,1599325939704,2020-09-05T17:12:19.704Z,buy,7.1e-07,368.0,0.00026128
CDT/BTC,1599326102771,2020-09-05T17:15:02.771Z,buy,7.1e-07,116868.0,0.08297628
CDT/BTC,1599326194256,2020-09-05T17:16:34.256Z,buy,7.1e-07,820.0,0.0005822
CDT/BTC,1599326246520,2020-09-05T17:17:26.520Z,sell,7e-07,575184.0,0.4026288
CDT/BTC,1599326246534,2020-09-05T17:17:26.534Z,buy,7e-07,23047.0,0.0161329
CDT/BTC,1599326246534,2020-09-05T17:17:26.534Z,buy,7e-07,101882.0,0.0713174
CDT/BTC,1599326246551,2020-09-05T17:17:26.551Z,buy,7e-07,16681.0,0.0116767
CDT/BTC,1599326246558,2020-09-05T17:17:26.558Z,buy,7e-07,17939.0,0.0125572999999999
CDT/BTC,1599326246615,2020-09-05T17:17:26.615Z,buy,7e-07,18846.0,0.0131922
CDT/BTC,1599326247101,2020-09-05T17:17:27.101Z,buy,7e-07,273.0,0.0001910999999999
CDT/BTC,1599326261492,2020-09-05T17:17:41.492Z,sell,6.9e-07,1695.0,0.0011695499999999
CDT/BTC,1599326263724,2020-09-05T17:17:43.724Z,sell,6.9e-07,5000.0,0.00345
CDT/BTC,1599326263947,2020-09-05T17:17:43.947Z,sell,6.9e-07,5000.0,0.00345
CDT/BTC,1599326312886,2020-09-05T17:18:32.886Z,buy,7e-07,406.0,0.0002841999999999
CDT/BTC,1599326316131,2020-09-05T17:18:36.131Z,buy,7e-07,838.0,0.0005866
CDT/BTC,1599326360574,2020-09-05T17:19:20.574Z,buy,7e-07,105240.0,0.073668
CDT/BTC,1599326389992,2020-09-05T17:19:49.992Z,buy,7e-07,256.0,0.0001792
CDT/BTC,1599326390835,2020-09-05T17:19:50.835Z,buy,7e-07,112387.0,0.0786709
CDT/BTC,1599326538452,2020-09-05T17:22:18.452Z,buy,7e-07,38185.0,0.0267295
CDT/BTC,1599326650300,2020-09-05T17:24:10.300Z,buy,7e-07,51.0,3.57e-05
CDT/BTC,1599326698488,2020-09-05T17:24:58.488Z,buy,7e-07,38722.0,0.0271053999999999
CDT/BTC,1599326841828,2020-09-05T17:27:21.828Z,sell,6.9e-07,16970.0,0.0117092999999999
CDT/BTC,1599326849877,2020-09-05T17:27:29.877Z,sell,6.9e-07,12343.0,0.0085166699999999
CDT/BTC,1599326850874,2020-09-05T17:27:30.874Z,sell,6.9e-07,16347.0,0.01127943
CDT/BTC,1599326975414,2020-09-05T17:29:35.414Z,buy,7e-07,3571.0,0.0024997
CDT/BTC,1599327033394,2020-09-05T17:30:33.394Z,buy,7e-07,23898.0,0.0167286
CDT/BTC,1599327081961,2020-09-05T17:31:21.961Z,buy,7e-07,265.0,0.0001854999999999
CDT/BTC,1599327454227,2020-09-05T17:37:34.227Z,buy,7e-07,2543.0,0.0017801
CDT/BTC,1599327657696,2020-09-05T17:40:57.696Z,sell,6.9e-07,17300.0,0.011937
CDT/BTC,1599327659692,2020-09-05T17:40:59.692Z,sell,6.9e-07,3039.0,0.00209691
CDT/BTC,1599327717812,2020-09-05T17:41:57.812Z,sell,6.9e-07,208712.0,0.14401128
CDT/BTC,1599327720729,2020-09-05T17:42:00.729Z,sell,6.9e-07,26069.0,0.0179876099999999
CDT/BTC,1599327725872,2020-09-05T17:42:05.872Z,sell,6.9e-07,104858.0,0.0723520199999999
CDT/BTC,1599327744708,2020-09-05T17:42:24.708Z,buy,7e-07,2150.0,0.0015049999999999
CDT/BTC,1599327749452,2020-09-05T17:42:29.452Z,sell,6.9e-07,7793.0,0.00537717
CDT/BTC,1599327749740,2020-09-05T17:42:29.740Z,buy,6.9e-07,50298.0,0.03470562
CDT/BTC,1599327749868,2020-09-05T17:42:29.868Z,sell,6.9e-07,145495.0,0.10039155
CDT/BTC,1599327749882,2020-09-05T17:42:29.882Z,sell,6.8e-07,7793.0,0.0052992399999999
CDT/BTC,1599327750261,2020-09-05T17:42:30.261Z,sell,6.8e-07,25831.0,0.01756508
CDT/BTC,1599327750360,2020-09-05T17:42:30.360Z,buy,6.9e-07,144.0,9.936e-05
CDT/BTC,1599327751653,2020-09-05T17:42:31.653Z,sell,6.8e-07,145871.0,0.09919228
CDT/BTC,1599327752053,2020-09-05T17:42:32.053Z,sell,6.8e-07,10097.0,0.0068659599999999
CDT/BTC,1599327789871,2020-09-05T17:43:09.871Z,sell,6.8e-07,1719.0,0.00116892
CDT/BTC,1599327833807,2020-09-05T17:43:53.807Z,buy,6.9e-07,24240.0,0.0167256
CDT/BTC,1599327841904,2020-09-05T17:44:01.904Z,buy,6.9e-07,18199.0,0.0125573099999999
CDT/BTC,1599327841949,2020-09-05T17:44:01.949Z,buy,6.9e-07,6858.0,0.00473202
CDT/BTC,1599327847552,2020-09-05T17:44:07.552Z,buy,6.9e-07,14527.0,0.0100236299999999
CDT/BTC,1599327849832,2020-09-05T17:44:09.832Z,buy,6.9e-07,19580.0,0.0135102
CDT/BTC,1599328049200,2020-09-05T17:47:29.200Z,buy,6.9e-07,139152.0,0.09601488
CDT/BTC,1599328055025,2020-09-05T17:47:35.025Z,buy,6.9e-07,128265.0,0.08850285
CDT/BTC,1599328087013,2020-09-05T17:48:07.013Z,buy,6.9e-07,95261.0,0.0657300899999999
CDT/BTC,1599328087055,2020-09-05T17:48:07.055Z,sell,6.9e-07,601.0,0.0004146899999999
CDT/BTC,1599328087146,2020-09-05T17:48:07.146Z,sell,6.9e-07,7900.0,0.0054509999999999
CDT/BTC,1599328087220,2020-09-05T17:48:07.220Z,sell,6.9e-07,82872.0,0.05718168
CDT/BTC,1599328087575,2020-09-05T17:48:07.575Z,sell,6.9e-07,16414.0,0.01132566
CDT/BTC,1599328087870,2020-09-05T17:48:07.870Z,sell,6.9e-07,11839.0,0.00816891
CDT/BTC,1599328088118,2020-09-05T17:48:08.118Z,sell,6.9e-07,89008.0,0.0614155199999999
CDT/BTC,1599328132386,2020-09-05T17:48:52.386Z,buy,6.9e-07,100791.0,0.06954579
CDT/BTC,1599328137436,2020-09-05T17:48:57.436Z,sell,6.9e-07,178.0,0.00012282
CDT/BTC,1599328182072,2020-09-05T17:49:42.072Z,sell,6.9e-07,24045.0,0.01659105
CDT/BTC,1599328542253,2020-09-05T17:55:42.253Z,sell,6.9e-07,284.0,0.00019596
CDT/BTC,1599328546723,2020-09-05T17:55:46.723Z,sell,6.9e-07,13644.0,0.00941436
CDT/BTC,1599328550738,2020-09-05T17:55:50.738Z,sell,6.9e-07,16674.0,0.01150506
CDT/BTC,1599328587640,2020-09-05T17:56:27.640Z,sell,6.9e-07,24045.0,0.01659105
CDT/BTC,1599328691181,2020-09-05T17:58:11.181Z,buy,7e-07,52.0,3.64e-05
CDT/BTC,1599328718633,2020-09-05T17:58:38.633Z,sell,6.9e-07,7362.0,0.00507978
CDT/BTC,1599329008054,2020-09-05T18:03:28.054Z,buy,7e-07,7142.0,0.0049994
CDT/BTC,1599329066972,2020-09-05T18:04:26.972Z,buy,7e-07,49790.0,0.0348529999999999
CDT/BTC,1599329066983,2020-09-05T18:04:26.983Z,sell,7e-07,10045.0,0.0070314999999999
CDT/BTC,1599329067235,2020-09-05T18:04:27.235Z,sell,6.9e-07,242.0,0.0001669799999999
CDT/BTC,1599329080514,2020-09-05T18:04:40.514Z,buy,7e-07,689.0,0.0004822999999999
CDT/BTC,1599329080514,2020-09-05T18:04:40.514Z,buy,7e-07,689.0,0.0004822999999999
CDT/BTC,1599329359027,2020-09-05T18:09:19.027Z,buy,7e-07,82575.0,0.0578025
CDT/BTC,1599329737635,2020-09-05T18:15:37.635Z,sell,6.9e-07,14593.0,0.0100691699999999
CDT/BTC,1599329742022,2020-09-05T18:15:42.022Z,sell,6.9e-07,5307.0,0.0036618299999999
CDT/BTC,1599329991193,2020-09-05T18:19:51.193Z,sell,6.9e-07,135723.0,0.09364887
CDT/BTC,1599330083508,2020-09-05T18:21:23.508Z,buy,7e-07,20773.0,0.0145411
CDT/BTC,1599330169749,2020-09-05T18:22:49.749Z,sell,6.9e-07,15770.0,0.0108813
CDT/BTC,1599330171860,2020-09-05T18:22:51.860Z,sell,6.9e-07,17015.0,0.01174035
CDT/BTC,1599330171949,2020-09-05T18:22:51.949Z,sell,6.9e-07,8200.0,0.005658
CDT/BTC,1599330171963,2020-09-05T18:22:51.963Z,sell,6.9e-07,2129.0,0.00146901
CDT/BTC,1599330172768,2020-09-05T18:22:52.768Z,sell,6.9e-07,2043.0,0.00140967
CDT/BTC,1599330172926,2020-09-05T18:22:52.926Z,sell,6.9e-07,3969.0,0.00273861
CDT/BTC,1599330173148,2020-09-05T18:22:53.148Z,sell,6.9e-07,1984.0,0.00136896
CDT/BTC,1599330174226,2020-09-05T18:22:54.226Z,sell,6.9e-07,992.0,0.00068448
CDT/BTC,1599330174465,2020-09-05T18:22:54.465Z,sell,6.9e-07,993.0,0.0006851699999999
CDT/BTC,1599330690530,2020-09-05T18:31:30.530Z,buy,6.9e-07,45782.0,0.03158958
CDT/BTC,1599330691865,2020-09-05T18:31:31.865Z,sell,6.8e-07,61059.0,0.0415201199999999
CDT/BTC,1599330709570,2020-09-05T18:31:49.570Z,buy,6.9e-07,88935.0,0.0613651499999999
CDT/BTC,1599330715279,2020-09-05T18:31:55.279Z,sell,6.8e-07,12988.0,0.0088318399999999
CDT/BTC,1599330780122,2020-09-05T18:33:00.122Z,sell,6.8e-07,199.0,0.00013532
CDT/BTC,1599330850187,2020-09-05T18:34:10.187Z,sell,6.8e-07,49762.0,0.03383816
CDT/BTC,1599330850297,2020-09-05T18:34:10.297Z,buy,6.9e-07,53.0,3.657e-05
CDT/BTC,1599331042387,2020-09-05T18:37:22.387Z,sell,6.8e-07,6000.0,0.0040799999999999
CDT/BTC,1599331256035,2020-09-05T18:40:56.035Z,buy,6.9e-07,6000.0,0.00414
CDT/BTC,1599331350674,2020-09-05T18:42:30.674Z,buy,6.9e-07,34782.0,0.02399958
CDT/BTC,1599331560489,2020-09-05T18:46:00.489Z,sell,6.8e-07,7466.0,0.00507688
CDT/BTC,1599331560489,2020-09-05T18:46:00.489Z,sell,6.7e-07,422003.0,0.28274201
CDT/BTC,1599331560489,2020-09-05T18:46:00.489Z,sell,6.6e-07,174408.0,0.11510928
CDT/BTC,1599331560489,2020-09-05T18:46:00.489Z,sell,6.5e-07,83827.0,0.05448755
CDT/BTC,1599331560489,2020-09-05T18:46:00.489Z,sell,6.5e-07,86597.0,0.05628805
CDT/BTC,1599331560489,2020-09-05T18:46:00.489Z,sell,6.5e-07,1257.0,0.00081705
CDT/BTC,1599331560489,2020-09-05T18:46:00.489Z,sell,6.4e-07,8743.0,0.00559552
CDT/BTC,1599331560489,2020-09-05T18:46:00.489Z,sell,6.4e-07,26666.0,0.01706624
CDT/BTC,1599331560489,2020-09-05T18:46:00.489Z,sell,6.4e-07,174.0,0.00011136
CDT/BTC,1599331560489,2020-09-05T18:46:00.489Z,sell,6.4e-07,4090.0,0.0026176
CDT/BTC,1599331560489,2020-09-05T18:46:00.489Z,sell,6.4e-07,6897.0,0.00441408
CDT/BTC,1599331560489,2020-09-05T18:46:00.489Z,sell,6.4e-07,14845.0,0.0095008
CDT/BTC,1599331560489,2020-09-05T18:46:00.489Z,sell,6.4e-07,1798.0,0.00115072
CDT/BTC,1599331560489,2020-09-05T18:46:00.489Z,sell,6.4e-07,496030.0,0.3174592
CDT/BTC,1599331560502,2020-09-05T18:46:00.502Z,buy,6.4e-07,211566.0,0.13540224
CDT/BTC,1599331560502,2020-09-05T18:46:00.502Z,buy,6.5e-07,6805.0,0.00442325
CDT/BTC,1599331560757,2020-09-05T18:46:00.757Z,buy,6.8e-07,436.0,0.0002964799999999
CDT/BTC,1599331561564,2020-09-05T18:46:01.564Z,sell,6.6e-07,4007.0,0.00264462
CDT/BTC,1599331562066,2020-09-05T18:46:02.066Z,sell,6.6e-07,529.0,0.00034914
CDT/BTC,1599331562066,2020-09-05T18:46:02.066Z,sell,6.5e-07,14471.0,0.00940615
CDT/BTC,1599331562798,2020-09-05T18:46:02.798Z,sell,6.6e-07,793.0,0.00052338
CDT/BTC,1599331562798,2020-09-05T18:46:02.798Z,sell,6.5e-07,17948.0,0.0116662
CDT/BTC,1599331563035,2020-09-05T18:46:03.035Z,sell,6.6e-07,1002.0,0.00066132
CDT/BTC,1599331563035,2020-09-05T18:46:03.035Z,sell,6.5e-07,901.0,0.00058565
CDT/BTC,1599331563107,2020-09-05T18:46:03.107Z,sell,6.6e-07,1002.0,0.00066132
CDT/BTC,1599331563107,2020-09-05T18:46:03.107Z,sell,6.5e-07,4488.0,0.0029172
CDT/BTC,1599331563165,2020-09-05T18:46:03.165Z,sell,6.5e-07,7288.0,0.0047372
CDT/BTC,1599331563343,2020-09-05T18:46:03.343Z,sell,6.5e-07,11433.0,0.00743145
CDT/BTC,1599331568867,2020-09-05T18:46:08.867Z,sell,6.6e-07,11908.0,0.00785928
CDT/BTC,1599331568867,2020-09-05T18:46:08.867Z,sell,6.5e-07,1070.0,0.0006955
CDT/BTC,1599331570790,2020-09-05T18:46:10.790Z,buy,6.7e-07,2941.0,0.00197047
CDT/BTC,1599331593933,2020-09-05T18:46:33.933Z,sell,6.6e-07,3855.0,0.0025443
CDT/BTC,1599331593939,2020-09-05T18:46:33.939Z,buy,6.6e-07,10324.0,0.00681384
CDT/BTC,1599331620600,2020-09-05T18:47:00.600Z,sell,6.5e-07,18209.0,0.01183585
CDT/BTC,1599331680983,2020-09-05T18:48:00.983Z,sell,6.5e-07,171875.0,0.11171875
CDT/BTC,1599331722279,2020-09-05T18:48:42.279Z,buy,6.6e-07,318343.0,0.21010638
CDT/BTC,1599331774905,2020-09-05T18:49:34.905Z,buy,6.6e-07,170.0,0.0001122
CDT/BTC,1599331800815,2020-09-05T18:50:00.815Z,buy,6.6e-07,36560.0,0.0241296
CDT/BTC,1599331818447,2020-09-05T18:50:18.447Z,buy,6.6e-07,15733.0,0.01038378
CDT/BTC,1599331818447,2020-09-05T18:50:18.447Z,buy,6.7e-07,6655.0,0.00445885
CDT/BTC,1599331820758,2020-09-05T18:50:20.758Z,buy,6.6e-07,529.0,0.00034914
CDT/BTC,1599331826095,2020-09-05T18:50:26.095Z,buy,6.6e-07,12819.0,0.00846054
CDT/BTC,1599331826095,2020-09-05T18:50:26.095Z,buy,6.7e-07,613.0,0.00041071
CDT/BTC,1599331827199,2020-09-05T18:50:27.199Z,buy,6.6e-07,22386.0,0.01477476
CDT/BTC,1599331827199,2020-09-05T18:50:27.199Z,buy,6.7e-07,2.0,1.34e-06
CDT/BTC,1599331831172,2020-09-05T18:50:31.172Z,buy,6.6e-07,16313.0,0.01076658
CDT/BTC,1599331833263,2020-09-05T18:50:33.263Z,buy,6.7e-07,49517.0,0.03317639
CDT/BTC,1599331834416,2020-09-05T18:50:34.416Z,sell,6.6e-07,17232.0,0.01137312
CDT/BTC,1599331835712,2020-09-05T18:50:35.712Z,sell,6.6e-07,592.0,0.00039072
CDT/BTC,1599331835777,2020-09-05T18:50:35.777Z,sell,6.6e-07,14967.0,0.00987822
CDT/BTC,1599331838603,2020-09-05T18:50:38.603Z,sell,6.6e-07,10135.0,0.0066891
CDT/BTC,1599331838763,2020-09-05T18:50:38.763Z,sell,6.6e-07,1367.0,0.00090222
CDT/BTC,1599331924219,2020-09-05T18:52:04.219Z,buy,6.6e-07,1672.0,0.00110352
CDT/BTC,1599331953973,2020-09-05T18:52:33.973Z,sell,6.5e-07,346508.0,0.2252302
CDT/BTC,1599331955048,2020-09-05T18:52:35.048Z,sell,6.4e-07,292.0,0.00018688
CDT/BTC,1599331958436,2020-09-05T18:52:38.436Z,sell,6.4e-07,1723.0,0.00110272
CDT/BTC,1599331998937,2020-09-05T18:53:18.937Z,buy,6.5e-07,2000.0,0.0013
CDT/BTC,1599331999496,2020-09-05T18:53:19.496Z,buy,6.5e-07,6560.0,0.004264
CDT/BTC,1599332006464,2020-09-05T18:53:26.464Z,buy,6.5e-07,26578.0,0.0172757
CDT/BTC,1599332008151,2020-09-05T18:53:28.151Z,buy,6.5e-07,12268.0,0.0079742
CDT/BTC,1599332013490,2020-09-05T18:53:33.490Z,sell,6.4e-07,15975.0,0.010224
CDT/BTC,1599332014560,2020-09-05T18:53:34.560Z,buy,6.5e-07,4972.0,0.0032318
CDT/BTC,1599332014606,2020-09-05T18:53:34.606Z,sell,6.4e-07,15875.0,0.01016
CDT/BTC,1599332015235,2020-09-05T18:53:35.235Z,buy,6.5e-07,4217.0,0.00274105
CDT/BTC,1599332030438,2020-09-05T18:53:50.438Z,sell,6.4e-07,19173.0,0.01227072
CDT/BTC,1599332030604,2020-09-05T18:53:50.604Z,sell,6.4e-07,19242.0,0.01231488
CDT/BTC,1599332030872,2020-09-05T18:53:50.872Z,sell,6.4e-07,15791.0,0.01010624
CDT/BTC,1599332030897,2020-09-05T18:53:50.897Z,sell,6.4e-07,4692.0,0.00300288
CDT/BTC,1599332096678,2020-09-05T18:54:56.678Z,buy,6.5e-07,1692.0,0.0010998
CDT/BTC,1599332140465,2020-09-05T18:55:40.465Z,sell,6.4e-07,4879.0,0.00312256
CDT/BTC,1599332140733,2020-09-05T18:55:40.733Z,sell,6.4e-07,2015.0,0.0012896
CDT/BTC,1599332145293,2020-09-05T18:55:45.293Z,sell,6.4e-07,109190.0,0.0698816
CDT/BTC,1599332160082,2020-09-05T18:56:00.082Z,buy,6.5e-07,19801.0,0.01287065
CDT/BTC,1599332160164,2020-09-05T18:56:00.164Z,buy,6.5e-07,6462.0,0.0042003
CDT/BTC,1599332166702,2020-09-05T18:56:06.702Z,buy,6.5e-07,24607.0,0.01599455
CDT/BTC,1599332170101,2020-09-05T18:56:10.101Z,sell,6.3e-07,5437.0,0.00342531
CDT/BTC,1599332170101,2020-09-05T18:56:10.101Z,sell,6.3e-07,1588.0,0.00100044
CDT/BTC,1599332177724,2020-09-05T18:56:17.724Z,buy,6.5e-07,194048.0,0.1261312
CDT/BTC,1599332181963,2020-09-05T18:56:21.963Z,sell,6.5e-07,14051.0,0.00913315
CDT/BTC,1599332185245,2020-09-05T18:56:25.245Z,sell,6.4e-07,1909.0,0.00122176
CDT/BTC,1599332185255,2020-09-05T18:56:25.255Z,buy,6.4e-07,25160.0,0.0161024
CDT/BTC,1599332193543,2020-09-05T18:56:33.543Z,buy,6.4e-07,20110.0,0.0128704
CDT/BTC,1599332193646,2020-09-05T18:56:33.646Z,buy,6.4e-07,2021.0,0.00129344
CDT/BTC,1599332194236,2020-09-05T18:56:34.236Z,sell,6.3e-07,1909.0,0.00120267
CDT/BTC,1599332194395,2020-09-05T18:56:34.395Z,sell,6.3e-07,41662.0,0.02624706
CDT/BTC,1599332202638,2020-09-05T18:56:42.638Z,buy,6.4e-07,420090.0,0.2688576
CDT/BTC,1599332207116,2020-09-05T18:56:47.116Z,buy,6.4e-07,2800.0,0.001792
CDT/BTC,1599332209294,2020-09-05T18:56:49.294Z,buy,6.4e-07,20110.0,0.0128704
CDT/BTC,1599332209387,2020-09-05T18:56:49.387Z,buy,6.4e-07,2470.0,0.0015808
CDT/BTC,1599332212896,2020-09-05T18:56:52.896Z,buy,6.4e-07,243.0,0.00015552
CDT/BTC,1599332214221,2020-09-05T18:56:54.221Z,buy,6.4e-07,2800.0,0.001792
CDT/BTC,1599332214329,2020-09-05T18:56:54.329Z,buy,6.4e-07,358.0,0.00022912
CDT/BTC,1599332219373,2020-09-05T18:56:59.373Z,sell,6.4e-07,243.0,0.00015552
CDT/BTC,1599332247796,2020-09-05T18:57:27.796Z,sell,6.4e-07,9266.0,0.00593024
CDT/BTC,1599332254520,2020-09-05T18:57:34.520Z,buy,6.5e-07,1951.0,0.00126815
CDT/BTC,1599332268869,2020-09-05T18:57:48.869Z,sell,6.4e-07,174.0,0.00011136
CDT/BTC,1599332292590,2020-09-05T18:58:12.590Z,buy,6.5e-07,4242.0,0.0027573
CDT/BTC,1599332302376,2020-09-05T18:58:22.376Z,buy,6.5e-07,11695.0,0.00760175
CDT/BTC,1599332344174,2020-09-05T18:59:04.174Z,buy,6.5e-07,905.0,0.00058825
CDT/BTC,1599332457842,2020-09-05T19:00:57.842Z,buy,6.5e-07,4330.0,0.0028145
CDT/BTC,1599332458107,2020-09-05T19:00:58.107Z,buy,6.5e-07,4419.0,0.00287235
CDT/BTC,1599332458673,2020-09-05T19:00:58.673Z,buy,6.5e-07,7097.0,0.00461305
CDT/BTC,1599332459000,2020-09-05T19:00:59.000Z,buy,6.5e-07,4045.0,0.00262925
CDT/BTC,1599332459221,2020-09-05T19:00:59.221Z,buy,6.5e-07,3056.0,0.0019864
CDT/BTC,1599332459430,2020-09-05T19:00:59.430Z,buy,6.5e-07,1486.0,0.0009659
CDT/BTC,1599332460255,2020-09-05T19:01:00.255Z,buy,6.5e-07,4479.0,0.00291135
CDT/BTC,1599332462697,2020-09-05T19:01:02.697Z,buy,6.5e-07,5468.0,0.0035542
CDT/BTC,1599332462872,2020-09-05T19:01:02.872Z,buy,6.5e-07,22310.0,0.0145015
CDT/BTC,1599332465186,2020-09-05T19:01:05.186Z,buy,6.5e-07,3881.0,0.00252265
CDT/BTC,1599332465696,2020-09-05T19:01:05.696Z,buy,6.5e-07,3331.0,0.00216515
CDT/BTC,1599332467889,2020-09-05T19:01:07.889Z,buy,6.5e-07,231617.0,0.15055105
CDT/BTC,1599332524278,2020-09-05T19:02:04.278Z,buy,6.6e-07,184.0,0.00012144
CDT/BTC,1599332528698,2020-09-05T19:02:08.698Z,sell,6.5e-07,600.0,0.00039
CDT/BTC,1599332565862,2020-09-05T19:02:45.862Z,sell,6.5e-07,19700.0,0.012805
CDT/BTC,1599332566027,2020-09-05T19:02:46.027Z,sell,6.5e-07,32224.0,0.0209456
CDT/BTC,1599332567071,2020-09-05T19:02:47.071Z,sell,6.5e-07,23018.0,0.0149617
CDT/BTC,1599332569429,2020-09-05T19:02:49.429Z,sell,6.5e-07,13375.0,0.00869375
CDT/BTC,1599332570158,2020-09-05T19:02:50.158Z,sell,6.5e-07,3033.0,0.00197145
CDT/BTC,1599332621371,2020-09-05T19:03:41.371Z,sell,6.5e-07,8101.0,0.00526565
CDT/BTC,1599332647164,2020-09-05T19:04:07.164Z,sell,6.5e-07,4788.0,0.0031122
CDT/BTC,1599332647168,2020-09-05T19:04:07.168Z,sell,6.5e-07,5916.0,0.0038454
CDT/BTC,1599332647813,2020-09-05T19:04:07.813Z,sell,6.5e-07,12010.0,0.0078065
CDT/BTC,1599332647957,2020-09-05T19:04:07.957Z,sell,6.5e-07,8283.0,0.00538395
CDT/BTC,1599332648067,2020-09-05T19:04:08.067Z,sell,6.5e-07,10171.0,0.00661115
CDT/BTC,1599332649742,2020-09-05T19:04:09.742Z,sell,6.5e-07,5265.0,0.00342225
CDT/BTC,1599332650159,2020-09-05T19:04:10.159Z,sell,6.5e-07,4788.0,0.0031122
CDT/BTC,1599332650168,2020-09-05T19:04:10.168Z,sell,6.5e-07,4788.0,0.0031122
CDT/BTC,1599332650193,2020-09-05T19:04:10.193Z,sell,6.5e-07,4788.0,0.0031122
CDT/BTC,1599332650200,2020-09-05T19:04:10.200Z,sell,6.5e-07,2533.0,0.00164645
CDT/BTC,1599332650600,2020-09-05T19:04:10.600Z,sell,6.5e-07,4788.0,0.0031122
CDT/BTC,1599332650601,2020-09-05T19:04:10.601Z,sell,6.5e-07,4788.0,0.0031122
CDT/BTC,1599332650636,2020-09-05T19:04:10.636Z,sell,6.5e-07,4788.0,0.0031122
CDT/BTC,1599332650642,2020-09-05T19:04:10.642Z,sell,6.5e-07,978.0,0.0006357
CDT/BTC,1599332650642,2020-09-05T19:04:10.642Z,sell,6.5e-07,978.0,0.0006357
CDT/BTC,1599332741554,2020-09-05T19:05:41.554Z,sell,6.5e-07,3385.0,0.00220025
CDT/BTC,1599332742621,2020-09-05T19:05:42.621Z,sell,6.5e-07,4437.0,0.00288405
CDT/BTC,1599332742645,2020-09-05T19:05:42.645Z,sell,6.5e-07,4437.0,0.00288405
CDT/BTC,1599332742663,2020-09-05T19:05:42.663Z,sell,6.5e-07,2011.0,0.00130715
CDT/BTC,1599332744937,2020-09-05T19:05:44.937Z,sell,6.5e-07,11147.0,0.00724555
CDT/BTC,1599332756310,2020-09-05T19:05:56.310Z,sell,6.5e-07,1137.0,0.00073905
CDT/BTC,1599332758650,2020-09-05T19:05:58.650Z,sell,6.5e-07,5331.0,0.00346515
CDT/BTC,1599332774168,2020-09-05T19:06:14.168Z,sell,6.5e-07,2274.0,0.0014781
CDT/BTC,1599332775522,2020-09-05T19:06:15.522Z,sell,6.5e-07,3907.0,0.00253955
CDT/BTC,1599332777330,2020-09-05T19:06:17.330Z,sell,6.5e-07,4514.0,0.0029341
CDT/BTC,1599332831051,2020-09-05T19:07:11.051Z,sell,6.5e-07,2060.0,0.001339
CDT/BTC,1599332834654,2020-09-05T19:07:14.654Z,sell,6.5e-07,196459.0,0.12769835
CDT/BTC,1599332856791,2020-09-05T19:07:36.791Z,buy,6.5e-07,21437.0,0.01393405
CDT/BTC,1599332856795,2020-09-05T19:07:36.795Z,buy,6.5e-07,19801.0,0.01287065
CDT/BTC,1599332856884,2020-09-05T19:07:36.884Z,buy,6.5e-07,1637.0,0.00106405
CDT/BTC,1599332988918,2020-09-05T19:09:48.918Z,sell,6.4e-07,432987.0,0.27711168
CDT/BTC,1599333033148,2020-09-05T19:10:33.148Z,sell,6.4e-07,91270.0,0.0584128
CDT/BTC,1599333097947,2020-09-05T19:11:37.947Z,buy,6.5e-07,800.0,0.00052
CDT/BTC,1599333133693,2020-09-05T19:12:13.693Z,buy,6.5e-07,146930.0,0.0955045
CDT/BTC,1599333133700,2020-09-05T19:12:13.700Z,sell,6.5e-07,9434.0,0.0061321
CDT/BTC,1599333133706,2020-09-05T19:12:13.706Z,sell,6.5e-07,9434.0,0.0061321
CDT/BTC,1599333133717,2020-09-05T19:12:13.717Z,sell,6.5e-07,1100.0,0.000715
CDT/BTC,1599333134399,2020-09-05T19:12:14.399Z,sell,6.5e-07,16356.0,0.0106314
CDT/BTC,1599333134962,2020-09-05T19:12:14.962Z,sell,6.5e-07,7897.0,0.00513305
CDT/BTC,1599333135005,2020-09-05T19:12:15.005Z,sell,6.5e-07,7900.0,0.005135
CDT/BTC,1599333136703,2020-09-05T19:12:16.703Z,sell,6.5e-07,7338.0,0.0047697
CDT/BTC,1599333136706,2020-09-05T19:12:16.706Z,sell,6.5e-07,7338.0,0.0047697
CDT/BTC,1599333145181,2020-09-05T19:12:25.181Z,sell,6.5e-07,130336.0,0.0847184
CDT/BTC,1599333251613,2020-09-05T19:14:11.613Z,sell,6.4e-07,342747.0,0.21935808
CDT/BTC,1599333251613,2020-09-05T19:14:11.613Z,sell,6.3e-07,768364.0,0.48406932
CDT/BTC,1599333251623,2020-09-05T19:14:11.623Z,buy,6.4e-07,7900.0,0.005056
CDT/BTC,1599333252546,2020-09-05T19:14:12.546Z,sell,6.3e-07,639.0,0.00040257
CDT/BTC,1599333256568,2020-09-05T19:14:16.568Z,sell,6.2e-07,15815.0,0.0098053
CDT/BTC,1599333256568,2020-09-05T19:14:16.568Z,sell,6.2e-07,20800.0,0.012896
CDT/BTC,1599333270295,2020-09-05T19:14:30.295Z,sell,6.2e-07,12987.0,0.00805194
CDT/BTC,1599333280456,2020-09-05T19:14:40.456Z,buy,6.3e-07,31644.0,0.01993572
CDT/BTC,1599333337196,2020-09-05T19:15:37.196Z,buy,6.3e-07,6214.0,0.00391482
CDT/BTC,1599333397116,2020-09-05T19:16:37.116Z,buy,6.4e-07,874.0,0.00055936
CDT/BTC,1599333465546,2020-09-05T19:17:45.546Z,sell,6.3e-07,6207.0,0.00391041
CDT/BTC,1599333466386,2020-09-05T19:17:46.386Z,sell,6.3e-07,916.0,0.00057708
CDT/BTC,1599333466484,2020-09-05T19:17:46.484Z,sell,6.3e-07,12182.0,0.00767466
CDT/BTC,1599333533699,2020-09-05T19:18:53.699Z,sell,6.3e-07,19286.0,0.01215018
CDT/BTC,1599333558366,2020-09-05T19:19:18.366Z,buy,6.4e-07,23437.0,0.01499968
CDT/BTC,1599333618384,2020-09-05T19:20:18.384Z,sell,6.3e-07,13490.0,0.0084987
CDT/BTC,1599333618989,2020-09-05T19:20:18.989Z,sell,6.3e-07,16676.0,0.01050588
CDT/BTC,1599333620773,2020-09-05T19:20:20.773Z,sell,6.3e-07,4450.0,0.0028035
CDT/BTC,1599333620775,2020-09-05T19:20:20.775Z,sell,6.3e-07,4450.0,0.0028035
CDT/BTC,1599333620808,2020-09-05T19:20:20.808Z,sell,6.3e-07,4450.0,0.0028035
CDT/BTC,1599333620826,2020-09-05T19:20:20.826Z,sell,6.3e-07,3138.0,0.00197694
CDT/BTC,1599333621264,2020-09-05T19:20:21.264Z,sell,6.3e-07,14478.0,0.00912114
CDT/BTC,1599333623174,2020-09-05T19:20:23.174Z,sell,6.3e-07,13087.0,0.00824481
CDT/BTC,1599333632782,2020-09-05T19:20:32.782Z,sell,6.3e-07,13090.0,0.0082467
CDT/BTC,1599333633616,2020-09-05T19:20:33.616Z,sell,6.3e-07,20447.0,0.01288161
CDT/BTC,1599333634401,2020-09-05T19:20:34.401Z,sell,6.3e-07,41897.0,0.02639511
CDT/BTC,1599333634401,2020-09-05T19:20:34.401Z,sell,6.2e-07,20447.0,0.01267714
CDT/BTC,1599333640009,2020-09-05T19:20:40.009Z,sell,6.2e-07,30745.0,0.0190619
CDT/BTC,1599333784692,2020-09-05T19:23:04.692Z,buy,6.3e-07,54017.0,0.03403071
CDT/BTC,1599333784719,2020-09-05T19:23:04.719Z,sell,6.3e-07,12081.0,0.00761103
CDT/BTC,1599333784719,2020-09-05T19:23:04.719Z,sell,6.3e-07,31304.0,0.01972152
CDT/BTC,1599333784720,2020-09-05T19:23:04.720Z,sell,6.3e-07,10180.0,0.0064134
CDT/BTC,1599333914094,2020-09-05T19:25:14.094Z,buy,6.3e-07,2555.0,0.00160965
CDT/BTC,1599334149097,2020-09-05T19:29:09.097Z,sell,6.2e-07,11683.0,0.00724346
CDT/BTC,1599334363313,2020-09-05T19:32:43.313Z,sell,6.2e-07,154813.0,0.09598406
CDT/BTC,1599334363313,2020-09-05T19:32:43.313Z,sell,6.1e-07,207899.0,0.12681839
CDT/BTC,1599334363313,2020-09-05T19:32:43.313Z,sell,6e-07,109197.0,0.0655182
CDT/BTC,1599334363329,2020-09-05T19:32:43.329Z,buy,6.2e-07,7900.0,0.004898
CDT/BTC,1599334363436,2020-09-05T19:32:43.436Z,buy,6.2e-07,14735.0,0.0091357
CDT/BTC,1599334363580,2020-09-05T19:32:43.580Z,buy,6.2e-07,423.0,0.00026226
CDT/BTC,1599334366582,2020-09-05T19:32:46.582Z,sell,6.1e-07,6221.0,0.00379481
CDT/BTC,1599334366582,2020-09-05T19:32:46.582Z,sell,6e-07,322.0,0.0001931999999999
CDT/BTC,1599334366663,2020-09-05T19:32:46.663Z,buy,6.1e-07,4540.0,0.0027694
CDT/BTC,1599334366710,2020-09-05T19:32:46.710Z,buy,6.1e-07,36378.0,0.0221905799999999
CDT/BTC,1599334366712,2020-09-05T19:32:46.712Z,buy,6.1e-07,1936.0,0.00118096
CDT/BTC,1599334378340,2020-09-05T19:32:58.340Z,buy,6.2e-07,6873.0,0.00426126
CDT/BTC,1599334473487,2020-09-05T19:34:33.487Z,sell,6.1e-07,24604.0,0.01500844
CDT/BTC,1599334752189,2020-09-05T19:39:12.189Z,buy,6.2e-07,15236.0,0.00944632
CDT/BTC,1599334752649,2020-09-05T19:39:12.649Z,buy,6.2e-07,22995.0,0.0142569
CDT/BTC,1599334754236,2020-09-05T19:39:14.236Z,buy,6.2e-07,20217.0,0.01253454
CDT/BTC,1599334754751,2020-09-05T19:39:14.751Z,buy,6.2e-07,19617.0,0.01216254
CDT/BTC,1599334798946,2020-09-05T19:39:58.946Z,buy,6.2e-07,23018.0,0.01427116
CDT/BTC,1599334799584,2020-09-05T19:39:59.584Z,sell,6.1e-07,3087.0,0.00188307
CDT/BTC,1599334902486,2020-09-05T19:41:42.486Z,sell,6.1e-07,79749.0,0.04864689
CDT/BTC,1599334902495,2020-09-05T19:41:42.495Z,buy,6.1e-07,27725.0,0.01691225
CDT/BTC,1599334902514,2020-09-05T19:41:42.514Z,buy,6.2e-07,3173.0,0.00196726
CDT/BTC,1599334906412,2020-09-05T19:41:46.412Z,sell,6.1e-07,6000.0,0.00366
CDT/BTC,1599334917864,2020-09-05T19:41:57.864Z,sell,6.1e-07,809.0,0.00049349
CDT/BTC,1599334917871,2020-09-05T19:41:57.871Z,buy,6.1e-07,1387.0,0.00084607
CDT/BTC,1599334935718,2020-09-05T19:42:15.718Z,buy,6.2e-07,6106.0,0.00378572
CDT/BTC,1599334953305,2020-09-05T19:42:33.305Z,buy,6.2e-07,312638.0,0.19383556
CDT/BTC,1599334953314,2020-09-05T19:42:33.314Z,sell,6.2e-07,22113.0,0.01371006
CDT/BTC,1599334953316,2020-09-05T19:42:33.316Z,sell,6.2e-07,22113.0,0.01371006
CDT/BTC,1599334953374,2020-09-05T19:42:33.374Z,sell,6.2e-07,19112.0,0.01184944
CDT/BTC,1599334963515,2020-09-05T19:42:43.515Z,sell,6.2e-07,6873.0,0.00426126
CDT/BTC,1599334976261,2020-09-05T19:42:56.261Z,sell,6.2e-07,311.0,0.00019282
CDT/BTC,1599334988486,2020-09-05T19:43:08.486Z,buy,6.3e-07,191437.0,0.12060531
CDT/BTC,1599334988497,2020-09-05T19:43:08.497Z,sell,6.3e-07,13143.0,0.00828009
CDT/BTC,1599334988511,2020-09-05T19:43:08.511Z,sell,6.3e-07,17163.0,0.01081269
CDT/BTC,1599334988532,2020-09-05T19:43:08.532Z,sell,6.3e-07,1100.0,0.000693
CDT/BTC,1599334988556,2020-09-05T19:43:08.556Z,sell,6.3e-07,13182.0,0.00830466
CDT/BTC,1599334989655,2020-09-05T19:43:09.655Z,sell,6.3e-07,384.0,0.00024192
CDT/BTC,1599335026724,2020-09-05T19:43:46.724Z,sell,6.3e-07,8270.0,0.0052101
CDT/BTC,1599335049418,2020-09-05T19:44:09.418Z,sell,6.3e-07,8091.0,0.00509733
CDT/BTC,1599335051189,2020-09-05T19:44:11.189Z,buy,6.4e-07,9078.0,0.00580992
CDT/BTC,1599335079507,2020-09-05T19:44:39.507Z,sell,6.3e-07,17459.0,0.01099917
CDT/BTC,1599335095432,2020-09-05T19:44:55.432Z,sell,6.3e-07,383160.0,0.2413908
CDT/BTC,1599335168469,2020-09-05T19:46:08.469Z,sell,6.3e-07,328.0,0.00020664
CDT/BTC,1599335198412,2020-09-05T19:46:38.412Z,sell,6.3e-07,16832.0,0.01060416
CDT/BTC,1599335202532,2020-09-05T19:46:42.532Z,sell,6.3e-07,10953.0,0.00690039
CDT/BTC,1599335203136,2020-09-05T19:46:43.136Z,sell,6.3e-07,5705.0,0.00359415
CDT/BTC,1599335203151,2020-09-05T19:46:43.151Z,sell,6.3e-07,5705.0,0.00359415
CDT/BTC,1599335203166,2020-09-05T19:46:43.166Z,sell,6.3e-07,5705.0,0.00359415
CDT/BTC,1599335203196,2020-09-05T19:46:43.196Z,sell,6.3e-07,1134.0,0.00071442
CDT/BTC,1599335204706,2020-09-05T19:46:44.706Z,sell,6.3e-07,4889.0,0.00308007
CDT/BTC,1599335207530,2020-09-05T19:46:47.530Z,sell,6.3e-07,18048.0,0.01137024
CDT/BTC,1599335209125,2020-09-05T19:46:49.125Z,sell,6.3e-07,16673.0,0.01050399
CDT/BTC,1599335211062,2020-09-05T19:46:51.062Z,sell,6.3e-07,5729.0,0.00360927
CDT/BTC,1599335211063,2020-09-05T19:46:51.063Z,sell,6.3e-07,3555.0,0.00223965
CDT/BTC,1599335353980,2020-09-05T19:49:13.980Z,sell,6.3e-07,8108.0,0.00510804
CDT/BTC,1599335408948,2020-09-05T19:50:08.948Z,sell,6.3e-07,323.0,0.00020349
CDT/BTC,1599335418956,2020-09-05T19:50:18.956Z,sell,6.3e-07,1327.0,0.00083601
CDT/BTC,1599335419141,2020-09-05T19:50:19.141Z,sell,6.3e-07,3267.0,0.00205821
CDT/BTC,1599335422263,2020-09-05T19:50:22.263Z,sell,6.3e-07,1100.0,0.000693
CDT/BTC,1599335863138,2020-09-05T19:57:43.138Z,sell,6.3e-07,2451.0,0.00154413
CDT/BTC,1599335956778,2020-09-05T19:59:16.778Z,sell,6.3e-07,224895.0,0.14168385
CDT/BTC,1599335995806,2020-09-05T19:59:55.806Z,buy,6.4e-07,1327.0,0.00084928
CDT/BTC,1599336174803,2020-09-05T20:02:54.803Z,sell,6.3e-07,535824.0,0.33756912
CDT/BTC,1599336174803,2020-09-05T20:02:54.803Z,sell,6.3e-07,535824.0,0.33756912
CDT/BTC,1599336486811,2020-09-05T20:08:06.811Z,sell,6.3e-07,2808.0,0.00176904
CDT/BTC,1599336493051,2020-09-05T20:08:13.051Z,sell,6.3e-07,9679.0,0.00609777
CDT/BTC,1599336570077,2020-09-05T20:09:30.077Z,buy,6.3e-07,12293.0,0.00774459
CDT/BTC,1599336916340,2020-09-05T20:15:16.340Z,sell,6.3e-07,4850.0,0.0030555
CDT/BTC,1599337182289,2020-09-05T20:19:42.289Z,buy,6.4e-07,18042.0,0.01154688
CDT/BTC,1599337249552,2020-09-05T20:20:49.552Z,buy,6.4e-07,9370.0,0.0059968
CDT/BTC,1599337249747,2020-09-05T20:20:49.747Z,buy,6.4e-07,40365.0,0.0258336
CDT/BTC,1599337251147,2020-09-05T20:20:51.147Z,buy,6.4e-07,3123.0,0.00199872
CDT/BTC,1599337251254,2020-09-05T20:20:51.254Z,buy,6.4e-07,33855.0,0.0216672
CDT/BTC,1599337253271,2020-09-05T20:20:53.271Z,buy,6.4e-07,31290.0,0.0200256
CDT/BTC,1599337253378,2020-09-05T20:20:53.378Z,buy,6.4e-07,29681.0,0.01899584
CDT/BTC,1599337253555,2020-09-05T20:20:53.555Z,buy,6.4e-07,30167.0,0.01930688
CDT/BTC,1599337253624,2020-09-05T20:20:53.624Z,buy,6.4e-07,3117.0,0.00199488
CDT/BTC,1599337812321,2020-09-05T20:30:12.321Z,buy,6.4e-07,547.0,0.00035008
CDT/BTC,1599337831881,2020-09-05T20:30:31.881Z,buy,6.4e-07,79153.0,0.05065792
CDT/BTC,1599337831888,2020-09-05T20:30:31.888Z,sell,6.4e-07,16385.0,0.0104864
CDT/BTC,1599337831899,2020-09-05T20:30:31.899Z,sell,6.4e-07,7584.0,0.00485376
CDT/BTC,1599337831904,2020-09-05T20:30:31.904Z,sell,6.4e-07,12110.0,0.0077504
CDT/BTC,1599337831905,2020-09-05T20:30:31.905Z,sell,6.4e-07,7060.0,0.0045184
CDT/BTC,1599337831929,2020-09-05T20:30:31.929Z,sell,6.4e-07,8428.0,0.00539392
CDT/BTC,1599338255648,2020-09-05T20:37:35.648Z,buy,6.4e-07,27471.0,0.01758144
CDT/BTC,1599338573652,2020-09-05T20:42:53.652Z,buy,6.5e-07,356716.0,0.2318654
CDT/BTC,1599338573660,2020-09-05T20:42:53.660Z,sell,6.5e-07,17685.0,0.01149525
CDT/BTC,1599338573671,2020-09-05T20:42:53.671Z,sell,6.5e-07,17685.0,0.01149525
CDT/BTC,1599338573692,2020-09-05T20:42:53.692Z,sell,6.5e-07,10049.0,0.00653185
CDT/BTC,1599338588527,2020-09-05T20:43:08.527Z,sell,6.5e-07,313.0,0.00020345
CDT/BTC,1599338594058,2020-09-05T20:43:14.058Z,sell,6.5e-07,24193.0,0.01572545
CDT/BTC,1599338633037,2020-09-05T20:43:53.037Z,buy,6.6e-07,161.0,0.00010626
CDT/BTC,1599338633037,2020-09-05T20:43:53.037Z,buy,6.6e-07,763.0,0.00050358
CDT/BTC,1599338647542,2020-09-05T20:44:07.542Z,sell,6.5e-07,23763.0,0.01544595
CDT/BTC,1599338659001,2020-09-05T20:44:19.001Z,sell,6.5e-07,7027.0,0.00456755
CDT/BTC,1599338659144,2020-09-05T20:44:19.144Z,sell,6.5e-07,6448.0,0.0041912
CDT/BTC,1599338681898,2020-09-05T20:44:41.898Z,sell,6.5e-07,3773.0,0.00245245
CDT/BTC,1599338837431,2020-09-05T20:47:17.431Z,sell,6.5e-07,1457.0,0.00094705
CDT/BTC,1599338861621,2020-09-05T20:47:41.621Z,buy,6.6e-07,58050.0,0.038313
CDT/BTC,1599339060823,2020-09-05T20:51:00.823Z,sell,6.5e-07,3262.0,0.0021203
CDT/BTC,1599339060906,2020-09-05T20:51:00.906Z,sell,6.5e-07,3261.0,0.00211965
CDT/BTC,1599339060935,2020-09-05T20:51:00.935Z,sell,6.5e-07,3264.0,0.0021216
CDT/BTC,1599339468077,2020-09-05T20:57:48.077Z,sell,6.5e-07,19915.0,0.01294475
CDT/BTC,1599339537036,2020-09-05T20:58:57.036Z,buy,6.6e-07,5970.0,0.0039402
CDT/BTC,1599339613770,2020-09-05T21:00:13.770Z,sell,6.5e-07,861.0,0.00055965
CDT/BTC,1599339614022,2020-09-05T21:00:14.022Z,sell,6.5e-07,1397.0,0.00090805
CDT/BTC,1599339615748,2020-09-05T21:00:15.748Z,sell,6.5e-07,1629.0,0.00105885
CDT/BTC,1599339617873,2020-09-05T21:00:17.873Z,sell,6.5e-07,1000.0,0.00065
CDT/BTC,1599339618113,2020-09-05T21:00:18.113Z,sell,6.5e-07,820.0,0.000533
CDT/BTC,1599339619263,2020-09-05T21:00:19.263Z,sell,6.5e-07,861.0,0.00055965
CDT/BTC,1599339619326,2020-09-05T21:00:19.326Z,sell,6.5e-07,860.0,0.000559
CDT/BTC,1599339674502,2020-09-05T21:01:14.502Z,sell,6.5e-07,1100.0,0.000715
CDT/BTC,1599339755551,2020-09-05T21:02:35.551Z,sell,6.5e-07,714.0,0.0004641
CDT/BTC,1599339755551,2020-09-05T21:02:35.551Z,sell,6.5e-07,714.0,0.0004641
CDT/BTC,1599339809021,2020-09-05T21:03:29.021Z,sell,6.5e-07,13706.0,0.0089089
CDT/BTC,1599339818957,2020-09-05T21:03:38.957Z,buy,6.6e-07,5000.0,0.0033
CDT/BTC,1599339818957,2020-09-05T21:03:38.957Z,buy,6.6e-07,815.0,0.0005379
CDT/BTC,1599339831145,2020-09-05T21:03:51.145Z,buy,6.6e-07,160.0,0.0001056
CDT/BTC,1599340239073,2020-09-05T21:10:39.073Z,buy,6.6e-07,40000.0,0.0264
CDT/BTC,1599340244257,2020-09-05T21:10:44.257Z,buy,6.6e-07,40000.0,0.0264
CDT/BTC,1599340320361,2020-09-05T21:12:00.361Z,buy,6.6e-07,65114.0,0.04297524
CDT/BTC,1599340339701,2020-09-05T21:12:19.701Z,sell,6.5e-07,8400.0,0.00546
CDT/BTC,1599340351160,2020-09-05T21:12:31.160Z,buy,6.6e-07,52.0,3.4320000000000003e-05
CDT/BTC,1599340351165,2020-09-05T21:12:31.165Z,sell,6.5e-07,4970.0,0.0032305
CDT/BTC,1599340447337,2020-09-05T21:14:07.337Z,buy,6.6e-07,74524.0,0.04918584
CDT/BTC,1599340454709,2020-09-05T21:14:14.709Z,buy,6.6e-07,10162.0,0.00670692
CDT/BTC,1599340904551,2020-09-05T21:21:44.551Z,sell,6.5e-07,1873.0,0.00121745
CDT/BTC,1599342105217,2020-09-05T21:41:45.217Z,buy,6.6e-07,7463.0,0.00492558
CDT/BTC,1599342340012,2020-09-05T21:45:40.012Z,sell,6.5e-07,3053.0,0.00198445
CDT/BTC,1599342340343,2020-09-05T21:45:40.343Z,sell,6.5e-07,69247.0,0.04501055
CDT/BTC,1599342340860,2020-09-05T21:45:40.860Z,sell,6.5e-07,1100.0,0.000715
CDT/BTC,1599342486791,2020-09-05T21:48:06.791Z,sell,6.5e-07,29391.0,0.01910415
CDT/BTC,1599342486791,2020-09-05T21:48:06.791Z,sell,6.4e-07,103711.0,0.06637504
CDT/BTC,1599342486791,2020-09-05T21:48:06.791Z,sell,6.3e-07,336198.0,0.21180474
CDT/BTC,1599342486791,2020-09-05T21:48:06.791Z,sell,6.2e-07,344981.0,0.21388822
CDT/BTC,1599342486791,2020-09-05T21:48:06.791Z,sell,6.1e-07,114581.0,0.06989441
CDT/BTC,1599342487091,2020-09-05T21:48:07.091Z,sell,6.4e-07,170593.0,0.10917952
CDT/BTC,1599342487097,2020-09-05T21:48:07.097Z,buy,6.4e-07,40721.0,0.02606144
CDT/BTC,1599342487548,2020-09-05T21:48:07.548Z,buy,6.4e-07,268.0,0.00017152
CDT/BTC,1599342488959,2020-09-05T21:48:08.959Z,buy,6.4e-07,22882.0,0.01464448
CDT/BTC,1599342495610,2020-09-05T21:48:15.610Z,sell,6.3e-07,3174.0,0.00199962
CDT/BTC,1599342532343,2020-09-05T21:48:52.343Z,sell,6.3e-07,15355.0,0.00967365
CDT/BTC,1599342542773,2020-09-05T21:49:02.773Z,sell,6.3e-07,57993.0,0.03653559
CDT/BTC,1599342680318,2020-09-05T21:51:20.318Z,buy,6.4e-07,5608.0,0.00358912
CDT/BTC,1599342680542,2020-09-05T21:51:20.542Z,buy,6.4e-07,85391.0,0.05465024
CDT/BTC,1599342680654,2020-09-05T21:51:20.654Z,buy,6.4e-07,67122.0,0.04295808
CDT/BTC,1599342817792,2020-09-05T21:53:37.792Z,buy,6.4e-07,7812.0,0.00499968
CDT/BTC,1599342885635,2020-09-05T21:54:45.635Z,sell,6.3e-07,1598.0,0.00100674
CDT/BTC,1599342899444,2020-09-05T21:54:59.444Z,buy,6.4e-07,4681.0,0.00299584
CDT/BTC,1599342997880,2020-09-05T21:56:37.880Z,buy,6.4e-07,57030.0,0.0364992
CDT/BTC,1599343090422,2020-09-05T21:58:10.422Z,sell,6.3e-07,999.0,0.00062937
CDT/BTC,1599343140804,2020-09-05T21:59:00.804Z,sell,6.3e-07,763.0,0.00048069
CDT/BTC,1599343259930,2020-09-05T22:00:59.930Z,buy,6.4e-07,320.0,0.0002048
CDT/BTC,1599343260163,2020-09-05T22:01:00.163Z,buy,6.4e-07,10000.0,0.0064
CDT/BTC,1599343337972,2020-09-05T22:02:17.972Z,buy,6.4e-07,4891.0,0.00313024
CDT/BTC,1599343338071,2020-09-05T22:02:18.071Z,buy,6.4e-07,3891.0,0.00249024
CDT/BTC,1599343347967,2020-09-05T22:02:27.967Z,buy,6.4e-07,4062.0,0.00259968
CDT/BTC,1599343348509,2020-09-05T22:02:28.509Z,buy,6.4e-07,4869.0,0.00311616
CDT/BTC,1599343348515,2020-09-05T22:02:28.515Z,buy,6.4e-07,4866.0,0.00311424
CDT/BTC,1599343348515,2020-09-05T22:02:28.515Z,buy,6.4e-07,4866.0,0.00311424
CDT/BTC,1599343476860,2020-09-05T22:04:36.860Z,buy,6.4e-07,10670.0,0.0068288
CDT/BTC,1599343584503,2020-09-05T22:06:24.503Z,buy,6.4e-07,3942.0,0.00252288
CDT/BTC,1599343771296,2020-09-05T22:09:31.296Z,buy,6.5e-07,46.0,2.99e-05
CDT/BTC,1599343872407,2020-09-05T22:11:12.407Z,sell,6.4e-07,160.0,0.0001024
CDT/BTC,1599344343716,2020-09-05T22:19:03.716Z,sell,6.4e-07,123590.0,0.0790976
CDT/BTC,1599344343815,2020-09-05T22:19:03.815Z,buy,6.4e-07,2655.0,0.0016992
CDT/BTC,1599344440237,2020-09-05T22:20:40.237Z,sell,6.3e-07,25561.0,0.01610343
CDT/BTC,1599344530741,2020-09-05T22:22:10.741Z,buy,6.4e-07,8600.0,0.005504
CDT/BTC,1599344768915,2020-09-05T22:26:08.915Z,buy,6.4e-07,117158.0,0.07498112
CDT/BTC,1599345012476,2020-09-05T22:30:12.476Z,sell,6.4e-07,7881.0,0.00504384
CDT/BTC,1599345118311,2020-09-05T22:31:58.311Z,sell,6.4e-07,29437.0,0.01883968
CDT/BTC,1599345274482,2020-09-05T22:34:34.482Z,sell,6.4e-07,129074.0,0.08260736
CDT/BTC,1599345459286,2020-09-05T22:37:39.286Z,sell,6.3e-07,350.0,0.0002205
CDT/BTC,1599345630926,2020-09-05T22:40:30.926Z,buy,6.4e-07,160.0,0.0001024
CDT/BTC,1599345770142,2020-09-05T22:42:50.142Z,buy,6.4e-07,627.0,0.00040128
CDT/BTC,1599346291372,2020-09-05T22:51:31.372Z,sell,6.3e-07,20393.0,0.01284759
CDT/BTC,1599346297028,2020-09-05T22:51:37.028Z,sell,6.3e-07,1265.0,0.00079695
CDT/BTC,1599346337317,2020-09-05T22:52:17.317Z,sell,6.3e-07,18743.0,0.01180809
CDT/BTC,1599346337690,2020-09-05T22:52:17.690Z,sell,6.3e-07,10591.0,0.00667233
CDT/BTC,1599346337744,2020-09-05T22:52:17.744Z,sell,6.3e-07,2329.0,0.00146727
CDT/BTC,1599346337849,2020-09-05T22:52:17.849Z,sell,6.3e-07,6735.0,0.00424305
CDT/BTC,1599346337849,2020-09-05T22:52:17.849Z,sell,6.2e-07,9064.0,0.00561968
CDT/BTC,1599346705716,2020-09-05T22:58:25.716Z,buy,6.3e-07,1094.0,0.00068922
CDT/BTC,1599346722251,2020-09-05T22:58:42.251Z,buy,6.3e-07,23250.0,0.0146475
CDT/BTC,1599346722259,2020-09-05T22:58:42.259Z,sell,6.3e-07,2666.0,0.00167958
CDT/BTC,1599346744574,2020-09-05T22:59:04.574Z,sell,6.2e-07,815.0,0.0005053
CDT/BTC,1599346744574,2020-09-05T22:59:04.574Z,sell,6.2e-07,815.0,0.0005053
CDT/BTC,1599347022953,2020-09-05T23:03:42.953Z,buy,6.3e-07,20993.0,0.01322559
CDT/BTC,1599347072313,2020-09-05T23:04:32.313Z,sell,6.2e-07,1282.0,0.00079484
CDT/BTC,1599347175982,2020-09-05T23:06:15.982Z,buy,6.3e-07,4722.0,0.00297486
CDT/BTC,1599347213119,2020-09-05T23:06:53.119Z,buy,6.3e-07,22800.0,0.014364
CDT/BTC,1599347276240,2020-09-05T23:07:56.240Z,sell,6.3e-07,25000.0,0.01575
CDT/BTC,1599347875841,2020-09-05T23:17:55.841Z,sell,6.3e-07,6747.0,0.00425061
CDT/BTC,1599349155670,2020-09-05T23:39:15.670Z,buy,6.4e-07,14563.0,0.00932032
CDT/BTC,1599349162573,2020-09-05T23:39:22.573Z,buy,6.4e-07,1100.0,0.000704
CDT/BTC,1599349164401,2020-09-05T23:39:24.401Z,buy,6.4e-07,313959.0,0.20093376
CDT/BTC,1599349164824,2020-09-05T23:39:24.824Z,buy,6.4e-07,17555.0,0.0112352
CDT/BTC,1599349173951,2020-09-05T23:39:33.951Z,buy,6.4e-07,10372.0,0.00663808
CDT/BTC,1599349174545,2020-09-05T23:39:34.545Z,buy,6.4e-07,8423.0,0.00539072
CDT/BTC,1599349357692,2020-09-05T23:42:37.692Z,buy,6.4e-07,2997.0,0.00191808
CDT/BTC,1599349426474,2020-09-05T23:43:46.474Z,buy,6.4e-07,49185.0,0.0314784
CDT/BTC,1599349474290,2020-09-05T23:44:34.290Z,buy,6.4e-07,7925.0,0.005072
CDT/BTC,1599349479727,2020-09-05T23:44:39.727Z,buy,6.5e-07,3288.0,0.0021372
CDT/BTC,1599349516363,2020-09-05T23:45:16.363Z,buy,6.5e-07,18524.0,0.0120406
CDT/BTC,1599349730116,2020-09-05T23:48:50.116Z,sell,6.4e-07,10972.0,0.00702208
CDT/BTC,1599349730316,2020-09-05T23:48:50.316Z,sell,6.4e-07,11447.0,0.00732608
CDT/BTC,1599349739825,2020-09-05T23:48:59.825Z,sell,6.4e-07,9807.0,0.00627648
CDT/BTC,1599349743561,2020-09-05T23:49:03.561Z,sell,6.4e-07,5986.0,0.00383104
CDT/BTC,1599349800977,2020-09-05T23:50:00.977Z,buy,6.4e-07,15051.0,0.00963264
CDT/BTC,1599349801161,2020-09-05T23:50:01.161Z,sell,6.4e-07,17450.0,0.011168
CDT/BTC,1599349801164,2020-09-05T23:50:01.164Z,sell,6.4e-07,14734.0,0.00942976
CDT/BTC,1599349842723,2020-09-05T23:50:42.723Z,buy,6.5e-07,200.0,0.00013
CDT/BTC,1599349977456,2020-09-05T23:52:57.456Z,sell,6.4e-07,15973.0,0.01022272
CDT/BTC,1599349977611,2020-09-05T23:52:57.611Z,sell,6.4e-07,14848.0,0.00950272
CDT/BTC,1599350069170,2020-09-05T23:54:29.170Z,buy,6.5e-07,200.0,0.00013
CDT/BTC,1599350069170,2020-09-05T23:54:29.170Z,buy,6.5e-07,200.0,0.00013
CDT/BTC,1599350503437,2020-09-06T00:01:43.437Z,buy,6.5e-07,3785.0,0.00246025
CDT/BTC,1599350666684,2020-09-06T00:04:26.684Z,sell,6.4e-07,6789.0,0.00434496
CDT/BTC,1599350812246,2020-09-06T00:06:52.246Z,buy,6.5e-07,200.0,0.00013
CDT/BTC,1599351110761,2020-09-06T00:11:50.761Z,buy,6.5e-07,1572.0,0.0010218
CDT/BTC,1599351348889,2020-09-06T00:15:48.889Z,buy,6.5e-07,12611.0,0.00819715
CDT/BTC,1599351356092,2020-09-06T00:15:56.092Z,buy,6.5e-07,18846.0,0.0122499
CDT/BTC,1599351356732,2020-09-06T00:15:56.732Z,buy,6.5e-07,21712.0,0.0141128
CDT/BTC,1599351435119,2020-09-06T00:17:15.119Z,buy,6.5e-07,10000.0,0.0065
CDT/BTC,1599351674620,2020-09-06T00:21:14.620Z,buy,6.5e-07,13181.0,0.00856765
CDT/BTC,1599351817581,2020-09-06T00:23:37.581Z,sell,6.4e-07,507277.0,0.32465728
CDT/BTC,1599351817587,2020-09-06T00:23:37.587Z,buy,6.4e-07,491677.0,0.31467328
CDT/BTC,1599351821656,2020-09-06T00:23:41.656Z,sell,6.4e-07,654.0,0.00041856
CDT/BTC,1599351908163,2020-09-06T00:25:08.163Z,buy,6.4e-07,2435.0,0.0015584
CDT/BTC,1599352559988,2020-09-06T00:35:59.988Z,buy,6.4e-07,14884.0,0.00952576
CDT/BTC,1599352559994,2020-09-06T00:35:59.994Z,sell,6.4e-07,104966.0,0.06717824
CDT/BTC,1599352720547,2020-09-06T00:38:40.547Z,buy,6.4e-07,5674.0,0.00363136
CDT/BTC,1599352720553,2020-09-06T00:38:40.553Z,sell,6.4e-07,33401.0,0.02137664
CDT/BTC,1599352720558,2020-09-06T00:38:40.558Z,sell,6.4e-07,4717.0,0.00301888
CDT/BTC,1599352770266,2020-09-06T00:39:30.266Z,buy,6.4e-07,6115.0,0.0039136
CDT/BTC,1599352770295,2020-09-06T00:39:30.295Z,sell,6.4e-07,587.0,0.00037568
CDT/BTC,1599352771418,2020-09-06T00:39:31.418Z,sell,6.4e-07,875.0,0.00056
CDT/BTC,1599352815528,2020-09-06T00:40:15.528Z,buy,6.5e-07,200.0,0.00013
CDT/BTC,1599352825763,2020-09-06T00:40:25.763Z,buy,6.5e-07,36471.0,0.02370615
CDT/BTC,1599353317856,2020-09-06T00:48:37.856Z,buy,6.5e-07,53.0,3.4450000000000004e-05
CDT/BTC,1599353377343,2020-09-06T00:49:37.343Z,sell,6.4e-07,73270.0,0.0468928
CDT/BTC,1599353377537,2020-09-06T00:49:37.537Z,buy,6.4e-07,19241.0,0.01231424
CDT/BTC,1599353410975,2020-09-06T00:50:10.975Z,buy,6.4e-07,70078.0,0.04484992
CDT/BTC,1599353410975,2020-09-06T00:50:10.975Z,buy,6.4e-07,70078.0,0.04484992
CDT/BTC,1599353930318,2020-09-06T00:58:50.318Z,sell,6.3e-07,459.0,0.00028917
CDT/BTC,1599353968361,2020-09-06T00:59:28.361Z,buy,6.4e-07,7901.0,0.00505664
CDT/BTC,1599354019554,2020-09-06T01:00:19.554Z,sell,6.4e-07,96369.0,0.06167616
CDT/BTC,1599354019588,2020-09-06T01:00:19.588Z,buy,6.4e-07,73631.0,0.04712384
CDT/BTC,1599354235392,2020-09-06T01:03:55.392Z,sell,6.4e-07,6110.0,0.0039104
CDT/BTC,1599354235900,2020-09-06T01:03:55.900Z,sell,6.4e-07,808.0,0.00051712
CDT/BTC,1599354368532,2020-09-06T01:06:08.532Z,buy,6.4e-07,23244.0,0.01487616
CDT/BTC,1599354368539,2020-09-06T01:06:08.539Z,sell,6.4e-07,17409.0,0.01114176
CDT/BTC,1599354368560,2020-09-06T01:06:08.560Z,sell,6.4e-07,17409.0,0.01114176
CDT/BTC,1599354368608,2020-09-06T01:06:08.608Z,buy,6.5e-07,49.0,3.185e-05
CDT/BTC,1599354408160,2020-09-06T01:06:48.160Z,sell,6.4e-07,10321.0,0.00660544
CDT/BTC,1599354492563,2020-09-06T01:08:12.563Z,sell,6.4e-07,1330.0,0.0008512
CDT/BTC,1599354522159,2020-09-06T01:08:42.159Z,buy,6.5e-07,200.0,0.00013
CDT/BTC,1599354542735,2020-09-06T01:09:02.735Z,sell,6.4e-07,13473.0,0.00862272
CDT/BTC,1599354543041,2020-09-06T01:09:03.041Z,sell,6.4e-07,13636.0,0.00872704
CDT/BTC,1599354543092,2020-09-06T01:09:03.092Z,sell,6.4e-07,6670.0,0.0042688
CDT/BTC,1599354544345,2020-09-06T01:09:04.345Z,sell,6.4e-07,16031.0,0.01025984
CDT/BTC,1599354544968,2020-09-06T01:09:04.968Z,sell,6.4e-07,18980.0,0.0121472
CDT/BTC,1599354565790,2020-09-06T01:09:25.790Z,buy,6.5e-07,200.0,0.00013
CDT/BTC,1599354655605,2020-09-06T01:10:55.605Z,buy,6.5e-07,5915.0,0.00384475
CDT/BTC,1599355514164,2020-09-06T01:25:14.164Z,buy,6.5e-07,25569.0,0.01661985
CDT/BTC,1599356196274,2020-09-06T01:36:36.274Z,sell,6.4e-07,215017.0,0.13761088
CDT/BTC,1599356196500,2020-09-06T01:36:36.500Z,sell,6.4e-07,14278.0,0.00913792
CDT/BTC,1599356196601,2020-09-06T01:36:36.601Z,sell,6.4e-07,73873.0,0.04727872
CDT/BTC,1599356196766,2020-09-06T01:36:36.766Z,sell,6.4e-07,3475.0,0.002224
CDT/BTC,1599356418566,2020-09-06T01:40:18.566Z,buy,6.5e-07,200.0,0.00013
CDT/BTC,1599356923167,2020-09-06T01:48:43.167Z,buy,6.5e-07,265615.0,0.17264975
CDT/BTC,1599356923167,2020-09-06T01:48:43.167Z,buy,6.5e-07,265615.0,0.17264975
CDT/BTC,1599357594682,2020-09-06T01:59:54.682Z,buy,6.5e-07,201.0,0.00013065
CDT/BTC,1599357816999,2020-09-06T02:03:36.999Z,sell,6.4e-07,18042.0,0.01154688
CDT/BTC,1599357960392,2020-09-06T02:06:00.392Z,buy,6.5e-07,105000.0,0.06825
CDT/BTC,1599358162618,2020-09-06T02:09:22.618Z,sell,6.4e-07,912.0,0.00058368
CDT/BTC,1599358204349,2020-09-06T02:10:04.349Z,sell,6.4e-07,10961.0,0.00701504
CDT/BTC,1599358206118,2020-09-06T02:10:06.118Z,sell,6.4e-07,8283.0,0.00530112
CDT/BTC,1599358210387,2020-09-06T02:10:10.387Z,sell,6.4e-07,7379.0,0.00472256
CDT/BTC,1599358521685,2020-09-06T02:15:21.685Z,sell,6.3e-07,56973.0,0.03589299
CDT/BTC,1599358521891,2020-09-06T02:15:21.891Z,sell,6.3e-07,253.0,0.00015939
CDT/BTC,1599358986492,2020-09-06T02:23:06.492Z,sell,6.3e-07,88433.0,0.05571279
CDT/BTC,1599359345362,2020-09-06T02:29:05.362Z,sell,6.3e-07,72366.0,0.04559058
CDT/BTC,1599359345370,2020-09-06T02:29:05.370Z,buy,6.3e-07,59928.0,0.03775464
CDT/BTC,1599359345376,2020-09-06T02:29:05.376Z,buy,6.3e-07,59946.0,0.03776598
CDT/BTC,1599359345380,2020-09-06T02:29:05.380Z,buy,6.3e-07,23456.0,0.01477728
CDT/BTC,1599359345444,2020-09-06T02:29:05.444Z,buy,6.3e-07,9201.0,0.00579663
CDT/BTC,1599359978611,2020-09-06T02:39:38.611Z,buy,6.3e-07,301207.0,0.18976041
CDT/BTC,1599359982176,2020-09-06T02:39:42.176Z,buy,6.3e-07,5583.0,0.00351729
CDT/BTC,1599359983001,2020-09-06T02:39:43.001Z,buy,6.3e-07,4230.0,0.0026649
CDT/BTC,1599359983311,2020-09-06T02:39:43.311Z,buy,6.3e-07,7043.0,0.00443709
CDT/BTC,1599360383105,2020-09-06T02:46:23.105Z,buy,6.3e-07,10160.0,0.0064008
CDT/BTC,1599360387332,2020-09-06T02:46:27.332Z,buy,6.3e-07,22516.0,0.01418508
CDT/BTC,1599360387332,2020-09-06T02:46:27.332Z,buy,6.3e-07,22516.0,0.01418508
CDT/BTC,1599360536042,2020-09-06T02:48:56.042Z,sell,6.2e-07,3500.0,0.00217
CDT/BTC,1599360642294,2020-09-06T02:50:42.294Z,buy,6.3e-07,1420.0,0.0008946
CDT/BTC,1599360793698,2020-09-06T02:53:13.698Z,buy,6.3e-07,39014.0,0.02457882
CDT/BTC,1599361188245,2020-09-06T02:59:48.245Z,buy,6.4e-07,9375.0,0.006
CDT/BTC,1599361317703,2020-09-06T03:01:57.703Z,sell,6.3e-07,1818.0,0.00114534
CDT/BTC,1599361420728,2020-09-06T03:03:40.728Z,sell,6.3e-07,95694.0,0.06028722
CDT/BTC,1599361420824,2020-09-06T03:03:40.824Z,buy,6.3e-07,3767.0,0.00237321
CDT/BTC,1599361421160,2020-09-06T03:03:41.160Z,buy,6.3e-07,1660.0,0.0010458
CDT/BTC,1599361429554,2020-09-06T03:03:49.554Z,buy,6.3e-07,50.0,3.15e-05
CDT/BTC,1599362014795,2020-09-06T03:13:34.795Z,buy,6.3e-07,11306.0,0.00712278
CDT/BTC,1599362264477,2020-09-06T03:17:44.477Z,buy,6.3e-07,45.0,2.835e-05
CDT/BTC,1599362292668,2020-09-06T03:18:12.668Z,buy,6.3e-07,3174.0,0.00199962
CDT/BTC,1599362850050,2020-09-06T03:27:30.050Z,sell,6.2e-07,114581.0,0.07104022
CDT/BTC,1599362854135,2020-09-06T03:27:34.135Z,sell,6.2e-07,12475.0,0.0077345
CDT/BTC,1599362930271,2020-09-06T03:28:50.271Z,buy,6.3e-07,54.0,3.402e-05
CDT/BTC,1599362935930,2020-09-06T03:28:55.930Z,buy,6.3e-07,2717.0,0.00171171
CDT/BTC,1599363002746,2020-09-06T03:30:02.746Z,buy,6.3e-07,25437.0,0.01602531
CDT/BTC,1599363667138,2020-09-06T03:41:07.138Z,sell,6.2e-07,36174.0,0.02242788
CDT/BTC,1599363668005,2020-09-06T03:41:08.005Z,sell,6.2e-07,41664.0,0.02583168
CDT/BTC,1599363668005,2020-09-06T03:41:08.005Z,sell,6.2e-07,41664.0,0.02583168
CDT/BTC,1599364175325,2020-09-06T03:49:35.325Z,sell,6.2e-07,25543.0,0.01583666
CDT/BTC,1599364265082,2020-09-06T03:51:05.082Z,sell,6.2e-07,101962.0,0.06321644
CDT/BTC,1599364286833,2020-09-06T03:51:26.833Z,buy,6.3e-07,317.0,0.00019971
CDT/BTC,1599364535456,2020-09-06T03:55:35.456Z,sell,6.2e-07,1612.0,0.00099944
CDT/BTC,1599364535465,2020-09-06T03:55:35.465Z,buy,6.2e-07,14595.0,0.0090489
CDT/BTC,1599365146857,2020-09-06T04:05:46.857Z,buy,6.2e-07,47706.0,0.02957772
CDT/BTC,1599365180932,2020-09-06T04:06:20.932Z,sell,6.2e-07,8901.0,0.00551862
CDT/BTC,1599365489038,2020-09-06T04:11:29.038Z,buy,6.2e-07,1786.0,0.00110732
CDT/BTC,1599365782253,2020-09-06T04:16:22.253Z,buy,6.2e-07,32258.0,0.01999996
CDT/BTC,1599366233644,2020-09-06T04:23:53.644Z,buy,6.2e-07,1564.0,0.00096968
CDT/BTC,1599366349445,2020-09-06T04:25:49.445Z,buy,6.2e-07,26852.0,0.0166482399999999
CDT/BTC,1599366948981,2020-09-06T04:35:48.981Z,buy,6.2e-07,60000.0,0.0372
CDT/BTC,1599366997055,2020-09-06T04:36:37.055Z,buy,6.2e-07,300.0,0.000186
CDT/BTC,1599367151895,2020-09-06T04:39:11.895Z,sell,6.2e-07,11851.0,0.00734762
CDT/BTC,1599367164837,2020-09-06T04:39:24.837Z,sell,6.1e-07,6676.0,0.00407236
CDT/BTC,1599367202918,2020-09-06T04:40:02.918Z,buy,6.2e-07,200.0,0.000124
CDT/BTC,1599367202918,2020-09-06T04:40:02.918Z,buy,6.2e-07,200.0,0.000124
CDT/BTC,1599367561913,2020-09-06T04:46:01.913Z,sell,6.1e-07,16393.0,0.00999973
CDT/BTC,1599368062203,2020-09-06T04:54:22.203Z,sell,6.1e-07,6309.0,0.00384849
CDT/BTC,1599368392714,2020-09-06T04:59:52.714Z,buy,6.2e-07,561.0,0.00034782
CDT/BTC,1599368395444,2020-09-06T04:59:55.444Z,sell,6.1e-07,2405.0,0.00146705
CDT/BTC,1599368395784,2020-09-06T04:59:55.784Z,sell,6.1e-07,10160.0,0.0061976
CDT/BTC,1599368767681,2020-09-06T05:06:07.681Z,sell,6.1e-07,13189.0,0.00804529
CDT/BTC,1599368779198,2020-09-06T05:06:19.198Z,sell,6e-07,4688.0,0.0028128
CDT/BTC,1599369057911,2020-09-06T05:10:57.911Z,buy,6.1e-07,6180.0,0.0037698
CDT/BTC,1599369057969,2020-09-06T05:10:57.969Z,buy,6.1e-07,3332.0,0.00203252
CDT/BTC,1599369064934,2020-09-06T05:11:04.934Z,buy,6.1e-07,11990.0,0.0073139
CDT/BTC,1599369091628,2020-09-06T05:11:31.628Z,buy,6.1e-07,5905.0,0.00360205
CDT/BTC,1599369351028,2020-09-06T05:15:51.028Z,sell,6e-07,25332.0,0.0151992
CDT/BTC,1599369389396,2020-09-06T05:16:29.396Z,buy,6.1e-07,13485.0,0.00822585
CDT/BTC,1599370363378,2020-09-06T05:32:43.378Z,buy,6.1e-07,5681.0,0.00346541
CDT/BTC,1599370363691,2020-09-06T05:32:43.691Z,buy,6.1e-07,4402.0,0.00268522
CDT/BTC,1599370394074,2020-09-06T05:33:14.074Z,sell,6e-07,347.0,0.0002082
