symbol,timestamp,datetime,side,price,amount,btc_volume
CND/BTC,1561654897941,2019-06-27T17:01:37.941Z,sell,1.2e-06,28443.0,0.0341316
CND/BTC,1561654999387,2019-06-27T17:03:19.387Z,sell,1.2e-06,2845.0,0.003414
CND/BTC,1561655004480,2019-06-27T17:03:24.480Z,sell,1.2e-06,4013.0,0.0048156
CND/BTC,1561655018953,2019-06-27T17:03:38.953Z,buy,1.21e-06,835.0,0.00101035
CND/BTC,1561655026590,2019-06-27T17:03:46.590Z,sell,1.2e-06,3962.0,0.0047544
CND/BTC,1561655026670,2019-06-27T17:03:46.670Z,sell,1.2e-06,3967.0,0.0047604
CND/BTC,1561655026744,2019-06-27T17:03:46.744Z,sell,1.2e-06,3966.0,0.0047592
CND/BTC,1561655026930,2019-06-27T17:03:46.930Z,sell,1.2e-06,26266.0,0.0315192
CND/BTC,1561655027505,2019-06-27T17:03:47.505Z,sell,1.2e-06,28133.0,0.0337596
CND/BTC,1561655076297,2019-06-27T17:04:36.297Z,sell,1.2e-06,137314.0,0.1647768
CND/BTC,1561655177132,2019-06-27T17:06:17.132Z,sell,1.2e-06,2453.0,0.0029435999999999
CND/BTC,1561655187304,2019-06-27T17:06:27.304Z,buy,1.21e-06,7020.0,0.0084942
CND/BTC,1561655221711,2019-06-27T17:07:01.711Z,sell,1.2e-06,2207.0,0.0026484
CND/BTC,1561655227548,2019-06-27T17:07:07.548Z,sell,1.2e-06,2783.0,0.0033396
CND/BTC,1561655265003,2019-06-27T17:07:45.003Z,sell,1.2e-06,13420.0,0.016104
CND/BTC,1561655302402,2019-06-27T17:08:22.402Z,sell,1.2e-06,18273.0,0.0219276
CND/BTC,1561655391055,2019-06-27T17:09:51.055Z,sell,1.2e-06,1050.0,0.0012599999999999
CND/BTC,1561655593219,2019-06-27T17:13:13.219Z,sell,1.2e-06,10000.0,0.012
CND/BTC,1561655688485,2019-06-27T17:14:48.485Z,buy,1.21e-06,1280.0,0.0015488
CND/BTC,1561655987196,2019-06-27T17:19:47.196Z,buy,1.21e-06,129728.0,0.15697088
CND/BTC,1561656138016,2019-06-27T17:22:18.016Z,sell,1.2e-06,1237.0,0.0014843999999999
CND/BTC,1561656144880,2019-06-27T17:22:24.880Z,buy,1.21e-06,66214.0,0.08011894
CND/BTC,1561656169884,2019-06-27T17:22:49.884Z,buy,1.21e-06,16528.0,0.01999888
CND/BTC,1561656268359,2019-06-27T17:24:28.359Z,sell,1.2e-06,26625.0,0.03195
CND/BTC,1561656296490,2019-06-27T17:24:56.490Z,sell,1.2e-06,918.0,0.0011015999999999
CND/BTC,1561656347472,2019-06-27T17:25:47.472Z,buy,1.21e-06,827.0,0.00100067
CND/BTC,1561656353022,2019-06-27T17:25:53.022Z,buy,1.21e-06,1000.0,0.00121
CND/BTC,1561656356115,2019-06-27T17:25:56.115Z,buy,1.21e-06,25726.0,0.03112846
CND/BTC,1561656358990,2019-06-27T17:25:58.990Z,buy,1.21e-06,102228.0,0.12369588
CND/BTC,1561656359472,2019-06-27T17:25:59.472Z,buy,1.21e-06,3808.0,0.00460768
CND/BTC,1561656382360,2019-06-27T17:26:22.360Z,buy,1.21e-06,8252.0,0.00998492
CND/BTC,1561656492153,2019-06-27T17:28:12.153Z,buy,1.21e-06,1549.0,0.00187429
CND/BTC,1561656528108,2019-06-27T17:28:48.108Z,buy,1.21e-06,8264.0,0.00999944
CND/BTC,1561656536040,2019-06-27T17:28:56.040Z,buy,1.21e-06,16506.0,0.01997226
CND/BTC,1561656593662,2019-06-27T17:29:53.662Z,buy,1.21e-06,95622.0,0.11570262
CND/BTC,1561656594480,2019-06-27T17:29:54.480Z,sell,1.2e-06,2036.0,0.0024432
CND/BTC,1561656780366,2019-06-27T17:33:00.366Z,buy,1.21e-06,9715.0,0.01175515
CND/BTC,1561656888726,2019-06-27T17:34:48.726Z,buy,1.21e-06,7438.0,0.00899998
CND/BTC,1561656888749,2019-06-27T17:34:48.749Z,buy,1.21e-06,1003.0,0.00121363
CND/BTC,1561656968295,2019-06-27T17:36:08.295Z,sell,1.2e-06,6645.0,0.007974
CND/BTC,1561656997214,2019-06-27T17:36:37.214Z,sell,1.2e-06,12324.0,0.0147888
CND/BTC,1561657224825,2019-06-27T17:40:24.825Z,sell,1.2e-06,11520.0,0.013824
CND/BTC,1561657249457,2019-06-27T17:40:49.457Z,sell,1.2e-06,7655.0,0.009186
CND/BTC,1561657600574,2019-06-27T17:46:40.574Z,buy,1.21e-06,835.0,0.00101035
CND/BTC,1561657602145,2019-06-27T17:46:42.145Z,buy,1.21e-06,1599.0,0.00193479
CND/BTC,1561657629279,2019-06-27T17:47:09.279Z,buy,1.21e-06,2748.0,0.00332508
CND/BTC,1561657703428,2019-06-27T17:48:23.428Z,buy,1.21e-06,1049.0,0.00126929
CND/BTC,1561657983837,2019-06-27T17:53:03.837Z,sell,1.2e-06,102228.0,0.1226736
CND/BTC,1561658045992,2019-06-27T17:54:05.992Z,buy,1.21e-06,12659.0,0.01531739
CND/BTC,1561658217364,2019-06-27T17:56:57.364Z,buy,1.21e-06,17057.0,0.02063897
CND/BTC,1561658295617,2019-06-27T17:58:15.617Z,buy,1.21e-06,6110.0,0.0073931
CND/BTC,1561658295617,2019-06-27T17:58:15.617Z,buy,1.21e-06,6110.0,0.0073931
CND/BTC,1561658433883,2019-06-27T18:00:33.883Z,sell,1.2e-06,48017.0,0.0576203999999999
CND/BTC,1561658471576,2019-06-27T18:01:11.576Z,buy,1.21e-06,3230.0,0.0039083
CND/BTC,1561658514355,2019-06-27T18:01:54.355Z,buy,1.21e-06,15952.0,0.01930192
CND/BTC,1561658854116,2019-06-27T18:07:34.116Z,sell,1.21e-06,16506.0,0.01997226
CND/BTC,1561658957048,2019-06-27T18:09:17.048Z,buy,1.22e-06,20491.0,0.02499902
CND/BTC,1561659147841,2019-06-27T18:12:27.841Z,sell,1.21e-06,1881.0,0.00227601
CND/BTC,1561659451455,2019-06-27T18:17:31.455Z,sell,1.21e-06,1368.0,0.00165528
CND/BTC,1561659533468,2019-06-27T18:18:53.468Z,sell,1.21e-06,973.0,0.00117733
CND/BTC,1561659900809,2019-06-27T18:25:00.809Z,sell,1.21e-06,124216.0,0.15030136
CND/BTC,1561659903580,2019-06-27T18:25:03.580Z,buy,1.21e-06,5000.0,0.00605
CND/BTC,1561660054875,2019-06-27T18:27:34.875Z,buy,1.22e-06,1793.0,0.00218746
CND/BTC,1561660142252,2019-06-27T18:29:02.252Z,sell,1.21e-06,5491.0,0.00664411
CND/BTC,1561660300102,2019-06-27T18:31:40.102Z,sell,1.21e-06,827.0,0.00100067
CND/BTC,1561660523640,2019-06-27T18:35:23.640Z,sell,1.21e-06,47230.0,0.0571483
CND/BTC,1561660557334,2019-06-27T18:35:57.334Z,buy,1.21e-06,1799.0,0.00217679
CND/BTC,1561660707884,2019-06-27T18:38:27.884Z,buy,1.21e-06,40379.0,0.04885859
CND/BTC,1561660817844,2019-06-27T18:40:17.844Z,buy,1.21e-06,10337.0,0.01250777
CND/BTC,1561660826057,2019-06-27T18:40:26.057Z,sell,1.2e-06,1070.0,0.001284
CND/BTC,1561661025704,2019-06-27T18:43:45.704Z,sell,1.2e-06,10287.0,0.0123444
CND/BTC,1561661040131,2019-06-27T18:44:00.131Z,sell,1.2e-06,5891.0,0.0070691999999999
CND/BTC,1561661127225,2019-06-27T18:45:27.225Z,buy,1.21e-06,5689.0,0.00688369
CND/BTC,1561661140548,2019-06-27T18:45:40.548Z,sell,1.2e-06,1012.0,0.0012144
CND/BTC,1561661179105,2019-06-27T18:46:19.105Z,buy,1.21e-06,15965.0,0.01931765
CND/BTC,1561661321662,2019-06-27T18:48:41.662Z,buy,1.21e-06,4300.0,0.005203
CND/BTC,1561661449548,2019-06-27T18:50:49.548Z,buy,1.21e-06,52583.0,0.06362543
CND/BTC,1561661584983,2019-06-27T18:53:04.983Z,sell,1.2e-06,521940.0,0.626328
CND/BTC,1561661590518,2019-06-27T18:53:10.518Z,sell,1.19e-06,8547.0,0.01017093
CND/BTC,1561661590518,2019-06-27T18:53:10.518Z,sell,1.19e-06,36950.0,0.0439705
CND/BTC,1561661631114,2019-06-27T18:53:51.114Z,buy,1.2e-06,1973.0,0.0023676
CND/BTC,1561661632885,2019-06-27T18:53:52.885Z,buy,1.2e-06,1601.0,0.0019211999999999
CND/BTC,1561661641084,2019-06-27T18:54:01.084Z,buy,1.2e-06,834.0,0.0010008
CND/BTC,1561661641084,2019-06-27T18:54:01.084Z,buy,1.2e-06,834.0,0.0010008
CND/BTC,1561662182345,2019-06-27T19:03:02.345Z,buy,1.2e-06,855.0,0.001026
CND/BTC,1561662402398,2019-06-27T19:06:42.398Z,buy,1.2e-06,1860.0,0.002232
CND/BTC,1561662633126,2019-06-27T19:10:33.126Z,sell,1.19e-06,3410.0,0.0040579
CND/BTC,1561662839724,2019-06-27T19:13:59.724Z,sell,1.19e-06,2783.0,0.00331177
CND/BTC,1561662860963,2019-06-27T19:14:20.963Z,sell,1.19e-06,1110.0,0.0013209
CND/BTC,1561663020367,2019-06-27T19:17:00.367Z,buy,1.2e-06,14289.0,0.0171468
CND/BTC,1561663024787,2019-06-27T19:17:04.787Z,buy,1.2e-06,2940.0,0.003528
CND/BTC,1561663098555,2019-06-27T19:18:18.555Z,buy,1.2e-06,350000.0,0.42
CND/BTC,1561663110071,2019-06-27T19:18:30.071Z,buy,1.2e-06,17053.0,0.0204636
CND/BTC,1561663110071,2019-06-27T19:18:30.071Z,buy,1.2e-06,17053.0,0.0204636
CND/BTC,1561663110071,2019-06-27T19:18:30.071Z,buy,1.2e-06,17066.0,0.0204792
CND/BTC,1561663110075,2019-06-27T19:18:30.075Z,buy,1.2e-06,12752.0,0.0153023999999999
CND/BTC,1561663116849,2019-06-27T19:18:36.849Z,buy,1.2e-06,243566.0,0.2922791999999999
CND/BTC,1561663163010,2019-06-27T19:19:23.010Z,buy,1.2e-06,3333.0,0.0039996
CND/BTC,1561663215235,2019-06-27T19:20:15.235Z,sell,1.2e-06,3121.0,0.0037451999999999
CND/BTC,1561663246788,2019-06-27T19:20:46.788Z,buy,1.2e-06,9631.0,0.0115572
CND/BTC,1561663327969,2019-06-27T19:22:07.969Z,sell,1.2e-06,14935.0,0.017922
CND/BTC,1561663466741,2019-06-27T19:24:26.741Z,sell,1.2e-06,68686.0,0.0824232
CND/BTC,1561663466897,2019-06-27T19:24:26.897Z,sell,1.2e-06,17063.0,0.0204756
CND/BTC,1561663607368,2019-06-27T19:26:47.368Z,buy,1.21e-06,17004.0,0.02057484
CND/BTC,1561663607370,2019-06-27T19:26:47.370Z,buy,1.21e-06,17012.0,0.02058452
CND/BTC,1561663607383,2019-06-27T19:26:47.383Z,buy,1.21e-06,16999.0,0.02056879
CND/BTC,1561663607412,2019-06-27T19:26:47.412Z,buy,1.21e-06,11517.0,0.01393557
CND/BTC,1561663607760,2019-06-27T19:26:47.760Z,buy,1.21e-06,1239.0,0.00149919
CND/BTC,1561663652644,2019-06-27T19:27:32.644Z,buy,1.21e-06,95590.0,0.1156639
CND/BTC,1561663653015,2019-06-27T19:27:33.015Z,sell,1.21e-06,11517.0,0.01393557
CND/BTC,1561663699607,2019-06-27T19:28:19.607Z,sell,1.21e-06,3600.0,0.004356
CND/BTC,1561663789094,2019-06-27T19:29:49.094Z,buy,1.22e-06,2468.0,0.00301096
CND/BTC,1561663801097,2019-06-27T19:30:01.097Z,buy,1.22e-06,1311.0,0.00159942
CND/BTC,1561663837478,2019-06-27T19:30:37.478Z,buy,1.22e-06,4016.0,0.00489952
CND/BTC,1561663932579,2019-06-27T19:32:12.579Z,sell,1.21e-06,68426.0,0.08279546
CND/BTC,1561663968478,2019-06-27T19:32:48.478Z,sell,1.21e-06,3258.0,0.00394218
CND/BTC,1561663969286,2019-06-27T19:32:49.286Z,sell,1.21e-06,21635.0,0.02617835
CND/BTC,1561663969320,2019-06-27T19:32:49.320Z,buy,1.21e-06,7392.0,0.00894432
CND/BTC,1561663969324,2019-06-27T19:32:49.324Z,buy,1.21e-06,8264.0,0.00999944
CND/BTC,1561663969328,2019-06-27T19:32:49.328Z,buy,1.21e-06,16560.0,0.0200376
CND/BTC,1561663969386,2019-06-27T19:32:49.386Z,sell,1.2e-06,5864.0,0.0070367999999999
CND/BTC,1561664118273,2019-06-27T19:35:18.273Z,sell,1.2e-06,6952.0,0.0083424
CND/BTC,1561664196876,2019-06-27T19:36:36.876Z,sell,1.2e-06,4604.0,0.0055248
CND/BTC,1561664199078,2019-06-27T19:36:39.078Z,sell,1.19e-06,1311.0,0.00156009
CND/BTC,1561664230738,2019-06-27T19:37:10.738Z,buy,1.2e-06,3203.0,0.0038436
CND/BTC,1561664273027,2019-06-27T19:37:53.027Z,buy,1.2e-06,3777.0,0.0045324
CND/BTC,1561664321665,2019-06-27T19:38:41.665Z,buy,1.2e-06,293950.0,0.35274
CND/BTC,1561664321737,2019-06-27T19:38:41.737Z,buy,1.2e-06,7724.0,0.0092687999999999
CND/BTC,1561664364917,2019-06-27T19:39:24.917Z,buy,1.2e-06,3333.0,0.0039996
CND/BTC,1561664364978,2019-06-27T19:39:24.978Z,buy,1.2e-06,3333.0,0.0039996
CND/BTC,1561664369657,2019-06-27T19:39:29.657Z,buy,1.2e-06,3333.0,0.0039996
CND/BTC,1561664370093,2019-06-27T19:39:30.093Z,buy,1.2e-06,3333.0,0.0039996
CND/BTC,1561664374881,2019-06-27T19:39:34.881Z,sell,1.19e-06,91105.0,0.10841495
CND/BTC,1561664375102,2019-06-27T19:39:35.102Z,sell,1.19e-06,17012.0,0.02024428
CND/BTC,1561664375108,2019-06-27T19:39:35.108Z,sell,1.19e-06,893.0,0.00106267
CND/BTC,1561664402608,2019-06-27T19:40:02.608Z,buy,1.2e-06,22093.0,0.0265116
CND/BTC,1561664402608,2019-06-27T19:40:02.608Z,buy,1.21e-06,907.0,0.00109747
CND/BTC,1561664465932,2019-06-27T19:41:05.932Z,buy,1.2e-06,5945.0,0.007134
CND/BTC,1561664562150,2019-06-27T19:42:42.150Z,buy,1.21e-06,12809.0,0.01549889
CND/BTC,1561664885927,2019-06-27T19:48:05.927Z,buy,1.21e-06,909.0,0.00109989
CND/BTC,1561664921979,2019-06-27T19:48:41.979Z,buy,1.21e-06,35484.0,0.04293564
CND/BTC,1561664944923,2019-06-27T19:49:04.923Z,buy,1.22e-06,1297.0,0.00158234
CND/BTC,1561664944923,2019-06-27T19:49:04.923Z,buy,1.22e-06,1297.0,0.00158234
CND/BTC,1561665568029,2019-06-27T19:59:28.029Z,sell,1.2e-06,355793.0,0.4269516
CND/BTC,1561665569415,2019-06-27T19:59:29.415Z,sell,1.19e-06,3333.0,0.00396627
CND/BTC,1561665569422,2019-06-27T19:59:29.422Z,sell,1.19e-06,3333.0,0.00396627
CND/BTC,1561665570183,2019-06-27T19:59:30.183Z,sell,1.19e-06,3333.0,0.00396627
CND/BTC,1561665624165,2019-06-27T20:00:24.165Z,buy,1.2e-06,1125.0,0.0013499999999999
CND/BTC,1561665624165,2019-06-27T20:00:24.165Z,buy,1.21e-06,2208.0,0.00267168
CND/BTC,1561665758484,2019-06-27T20:02:38.484Z,buy,1.2e-06,30371.0,0.0364452
CND/BTC,1561665761961,2019-06-27T20:02:41.961Z,buy,1.2e-06,4166.0,0.0049992
CND/BTC,1561665767700,2019-06-27T20:02:47.700Z,buy,1.2e-06,2204.0,0.0026447999999999
CND/BTC,1561665781391,2019-06-27T20:03:01.391Z,buy,1.2e-06,866.0,0.0010391999999999
CND/BTC,1561665834526,2019-06-27T20:03:54.526Z,buy,1.2e-06,1150.0,0.00138
CND/BTC,1561665906501,2019-06-27T20:05:06.501Z,buy,1.2e-06,5332.0,0.0063983999999999
CND/BTC,1561665923860,2019-06-27T20:05:23.860Z,buy,1.2e-06,12605.0,0.0151259999999999
CND/BTC,1561665973200,2019-06-27T20:06:13.200Z,buy,1.2e-06,41666.0,0.0499992
CND/BTC,1561666072823,2019-06-27T20:07:52.823Z,sell,1.19e-06,23561.0,0.02803759
CND/BTC,1561666081488,2019-06-27T20:08:01.488Z,buy,1.2e-06,29111.0,0.0349332
CND/BTC,1561666329574,2019-06-27T20:12:09.574Z,buy,1.2e-06,1016.0,0.0012192
CND/BTC,1561666347319,2019-06-27T20:12:27.319Z,sell,1.19e-06,2820.0,0.0033558
CND/BTC,1561666454457,2019-06-27T20:14:14.457Z,buy,1.2e-06,2081.0,0.0024971999999999
CND/BTC,1561666458453,2019-06-27T20:14:18.453Z,buy,1.2e-06,53927.0,0.0647124
CND/BTC,1561666484814,2019-06-27T20:14:44.814Z,buy,1.21e-06,658.0,0.00079618
CND/BTC,1561666574823,2019-06-27T20:16:14.823Z,sell,1.2e-06,1002.0,0.0012024
CND/BTC,1561666585475,2019-06-27T20:16:25.475Z,sell,1.2e-06,41400.0,0.0496799999999999
CND/BTC,1561666588566,2019-06-27T20:16:28.566Z,buy,1.2e-06,1902.0,0.0022824
CND/BTC,1561666602369,2019-06-27T20:16:42.369Z,sell,1.19e-06,3333.0,0.00396627
CND/BTC,1561666699101,2019-06-27T20:18:19.101Z,buy,1.2e-06,21744.0,0.0260928
CND/BTC,1561666703028,2019-06-27T20:18:23.028Z,buy,1.2e-06,857.0,0.0010284
CND/BTC,1561666766143,2019-06-27T20:19:26.143Z,buy,1.2e-06,3257.0,0.0039084
CND/BTC,1561666770740,2019-06-27T20:19:30.740Z,buy,1.2e-06,4196.0,0.0050352
CND/BTC,1561666850100,2019-06-27T20:20:50.100Z,sell,1.19e-06,4201.0,0.00499919
CND/BTC,1561666885435,2019-06-27T20:21:25.435Z,sell,1.19e-06,100000.0,0.119
CND/BTC,1561666946468,2019-06-27T20:22:26.468Z,buy,1.2e-06,834.0,0.0010008
CND/BTC,1561666946637,2019-06-27T20:22:26.637Z,buy,1.2e-06,1216.0,0.0014592
CND/BTC,1561666990602,2019-06-27T20:23:10.602Z,sell,1.19e-06,6619.0,0.00787661
CND/BTC,1561667288717,2019-06-27T20:28:08.717Z,sell,1.19e-06,5046.0,0.00600474
CND/BTC,1561667333854,2019-06-27T20:28:53.854Z,sell,1.19e-06,35484.0,0.04222596
CND/BTC,1561667414519,2019-06-27T20:30:14.519Z,buy,1.2e-06,37575.0,0.04509
CND/BTC,1561667446036,2019-06-27T20:30:46.036Z,buy,1.2e-06,1882.0,0.0022584
CND/BTC,1561667446071,2019-06-27T20:30:46.071Z,buy,1.2e-06,1882.0,0.0022584
CND/BTC,1561667458179,2019-06-27T20:30:58.179Z,buy,1.2e-06,93777.0,0.1125323999999999
CND/BTC,1561667471264,2019-06-27T20:31:11.264Z,buy,1.2e-06,1043.0,0.0012515999999999
CND/BTC,1561667471625,2019-06-27T20:31:11.625Z,buy,1.2e-06,1666.0,0.0019992
CND/BTC,1561667517550,2019-06-27T20:31:57.550Z,buy,1.2e-06,38705.0,0.046446
CND/BTC,1561667628565,2019-06-27T20:33:48.565Z,buy,1.2e-06,3759.0,0.0045108
CND/BTC,1561667628567,2019-06-27T20:33:48.567Z,buy,1.2e-06,3846.0,0.0046152
CND/BTC,1561667628590,2019-06-27T20:33:48.590Z,buy,1.2e-06,3759.0,0.0045108
CND/BTC,1561667637799,2019-06-27T20:33:57.799Z,buy,1.2e-06,49506.0,0.0594072
CND/BTC,1561667667912,2019-06-27T20:34:27.912Z,buy,1.2e-06,95029.0,0.1140347999999999
CND/BTC,1561668009413,2019-06-27T20:40:09.413Z,buy,1.21e-06,1082.0,0.00130922
CND/BTC,1561668081821,2019-06-27T20:41:21.821Z,buy,1.21e-06,2479.0,0.00299959
CND/BTC,1561668081916,2019-06-27T20:41:21.916Z,sell,1.2e-06,6499.0,0.0077988
CND/BTC,1561668082003,2019-06-27T20:41:22.003Z,buy,1.21e-06,1239.0,0.00149919
CND/BTC,1561668082227,2019-06-27T20:41:22.227Z,buy,1.21e-06,1239.0,0.00149919
CND/BTC,1561668141918,2019-06-27T20:42:21.918Z,buy,1.21e-06,1972.0,0.00238612
CND/BTC,1561668177889,2019-06-27T20:42:57.889Z,buy,1.21e-06,1000.0,0.00121
CND/BTC,1561668188948,2019-06-27T20:43:08.948Z,sell,1.2e-06,17951.0,0.0215412
CND/BTC,1561668471787,2019-06-27T20:47:51.787Z,sell,1.19e-06,17215.0,0.02048585
CND/BTC,1561668490953,2019-06-27T20:48:10.953Z,buy,1.2e-06,46084.0,0.0553008
CND/BTC,1561668490953,2019-06-27T20:48:10.953Z,buy,1.2e-06,46084.0,0.0553008
CND/BTC,1561668566515,2019-06-27T20:49:26.515Z,buy,1.2e-06,16989.0,0.0203868
CND/BTC,1561668588958,2019-06-27T20:49:48.958Z,buy,1.2e-06,1125.0,0.0013499999999999
CND/BTC,1561669024739,2019-06-27T20:57:04.739Z,buy,1.21e-06,14598.0,0.01766358
CND/BTC,1561669043528,2019-06-27T20:57:23.528Z,sell,1.2e-06,1831.0,0.0021972
CND/BTC,1561669270826,2019-06-27T21:01:10.826Z,buy,1.21e-06,1387.0,0.00167827
CND/BTC,1561669489740,2019-06-27T21:04:49.740Z,buy,1.21e-06,16529.0,0.02000009
CND/BTC,1561669493456,2019-06-27T21:04:53.456Z,buy,1.21e-06,1153.0,0.00139513
CND/BTC,1561669509254,2019-06-27T21:05:09.254Z,buy,1.21e-06,3512.0,0.00424952
CND/BTC,1561669618278,2019-06-27T21:06:58.278Z,sell,1.2e-06,4995.0,0.0059939999999999
CND/BTC,1561669738269,2019-06-27T21:08:58.269Z,sell,1.2e-06,4995.0,0.0059939999999999
CND/BTC,1561669823682,2019-06-27T21:10:23.682Z,buy,1.21e-06,46577.0,0.05635817
CND/BTC,1561669823682,2019-06-27T21:10:23.682Z,buy,1.22e-06,20438.0,0.02493436
CND/BTC,1561670028522,2019-06-27T21:13:48.522Z,buy,1.21e-06,4435.0,0.00536635
CND/BTC,1561670123434,2019-06-27T21:15:23.434Z,sell,1.21e-06,7799.0,0.00943679
CND/BTC,1561670204458,2019-06-27T21:16:44.458Z,sell,1.21e-06,9157.0,0.01107997
CND/BTC,1561670471457,2019-06-27T21:21:11.457Z,sell,1.21e-06,4165.0,0.00503965
CND/BTC,1561670684730,2019-06-27T21:24:44.730Z,sell,1.21e-06,23065.0,0.02790865
CND/BTC,1561670819555,2019-06-27T21:26:59.555Z,sell,1.21e-06,5402.0,0.00653642
CND/BTC,1561670819576,2019-06-27T21:26:59.576Z,sell,1.21e-06,2185.0,0.00264385
CND/BTC,1561670831990,2019-06-27T21:27:11.990Z,sell,1.21e-06,2871.0,0.00347391
CND/BTC,1561670989118,2019-06-27T21:29:49.118Z,sell,1.21e-06,1770.0,0.0021417
CND/BTC,1561671101124,2019-06-27T21:31:41.124Z,sell,1.21e-06,9990.0,0.0120879
CND/BTC,1561671102013,2019-06-27T21:31:42.013Z,sell,1.21e-06,6604.0,0.00799084
CND/BTC,1561671113905,2019-06-27T21:31:53.905Z,buy,1.22e-06,2577.0,0.00314394
CND/BTC,1561671322476,2019-06-27T21:35:22.476Z,sell,1.21e-06,3708.0,0.00448668
CND/BTC,1561671614485,2019-06-27T21:40:14.485Z,sell,1.21e-06,4665.0,0.00564465
CND/BTC,1561671726141,2019-06-27T21:42:06.141Z,buy,1.21e-06,3713.0,0.00449273
CND/BTC,1561671728334,2019-06-27T21:42:08.334Z,sell,1.21e-06,419.0,0.00050699
CND/BTC,1561671728334,2019-06-27T21:42:08.334Z,sell,1.2e-06,53520.0,0.064224
CND/BTC,1561671728334,2019-06-27T21:42:08.334Z,sell,1.19e-06,92654.0,0.11025826
CND/BTC,1561671731163,2019-06-27T21:42:11.163Z,sell,1.2e-06,1125.0,0.0013499999999999
CND/BTC,1561671754515,2019-06-27T21:42:34.515Z,buy,1.21e-06,1125.0,0.00136125
CND/BTC,1561671768492,2019-06-27T21:42:48.492Z,sell,1.21e-06,56.0,6.776e-05
CND/BTC,1561671768492,2019-06-27T21:42:48.492Z,sell,1.2e-06,8338.0,0.0100056
CND/BTC,1561671809776,2019-06-27T21:43:29.776Z,sell,1.2e-06,7741.0,0.0092892
CND/BTC,1561671975086,2019-06-27T21:46:15.086Z,buy,1.21e-06,75029.0,0.09078509
CND/BTC,1561672047949,2019-06-27T21:47:27.949Z,buy,1.22e-06,1309.0,0.00159698
CND/BTC,1561672052012,2019-06-27T21:47:32.012Z,sell,1.21e-06,15133.0,0.01831093
CND/BTC,1561672052012,2019-06-27T21:47:32.012Z,sell,1.21e-06,15133.0,0.01831093
CND/BTC,1561672179524,2019-06-27T21:49:39.524Z,sell,1.21e-06,11779.0,0.01425259
CND/BTC,1561673110165,2019-06-27T22:05:10.165Z,sell,1.2e-06,1125.0,0.0013499999999999
CND/BTC,1561673110165,2019-06-27T22:05:10.165Z,sell,1.19e-06,6615.0,0.00787185
CND/BTC,1561673110165,2019-06-27T22:05:10.165Z,sell,1.19e-06,1280.0,0.0015232
CND/BTC,1561673134289,2019-06-27T22:05:34.289Z,buy,1.2e-06,1125.0,0.0013499999999999
CND/BTC,1561673318914,2019-06-27T22:08:38.914Z,sell,1.2e-06,834.0,0.0010008
CND/BTC,1561673333115,2019-06-27T22:08:53.115Z,sell,1.2e-06,9000.0,0.0107999999999999
CND/BTC,1561673384899,2019-06-27T22:09:44.899Z,sell,1.19e-06,5945.0,0.00707455
CND/BTC,1561673455762,2019-06-27T22:10:55.762Z,sell,1.19e-06,25184.0,0.02996896
CND/BTC,1561673477122,2019-06-27T22:11:17.122Z,sell,1.19e-06,47910.0,0.0570129
CND/BTC,1561673498278,2019-06-27T22:11:38.278Z,sell,1.19e-06,16212.0,0.01929228
CND/BTC,1561673498321,2019-06-27T22:11:38.321Z,buy,1.19e-06,2294.0,0.00272986
CND/BTC,1561673498411,2019-06-27T22:11:38.411Z,buy,1.19e-06,3397.0,0.00404243
CND/BTC,1561673498520,2019-06-27T22:11:38.520Z,buy,1.19e-06,2624.0,0.00312256
CND/BTC,1561673498630,2019-06-27T22:11:38.630Z,buy,1.19e-06,5153.0,0.00613207
CND/BTC,1561673498846,2019-06-27T22:11:38.846Z,sell,1.18e-06,8783.0,0.0103639399999999
CND/BTC,1561673498855,2019-06-27T22:11:38.855Z,buy,1.19e-06,5153.0,0.00613207
CND/BTC,1561673498947,2019-06-27T22:11:38.947Z,buy,1.19e-06,5153.0,0.00613207
CND/BTC,1561673499042,2019-06-27T22:11:39.042Z,buy,1.19e-06,5153.0,0.00613207
CND/BTC,1561673499147,2019-06-27T22:11:39.147Z,buy,1.19e-06,5153.0,0.00613207
CND/BTC,1561673499263,2019-06-27T22:11:39.263Z,buy,1.19e-06,5153.0,0.00613207
CND/BTC,1561673499353,2019-06-27T22:11:39.353Z,buy,1.19e-06,5153.0,0.00613207
CND/BTC,1561673499474,2019-06-27T22:11:39.474Z,buy,1.19e-06,5147.0,0.00612493
CND/BTC,1561673542133,2019-06-27T22:12:22.133Z,sell,1.18e-06,2753.0,0.00324854
CND/BTC,1561673561835,2019-06-27T22:12:41.835Z,sell,1.18e-06,4016.0,0.00473888
CND/BTC,1561673578609,2019-06-27T22:12:58.609Z,buy,1.19e-06,1680.0,0.0019992
CND/BTC,1561673606784,2019-06-27T22:13:26.784Z,buy,1.19e-06,1382.0,0.00164458
CND/BTC,1561673606859,2019-06-27T22:13:26.859Z,buy,1.19e-06,1382.0,0.00164458
CND/BTC,1561673606877,2019-06-27T22:13:26.877Z,buy,1.19e-06,2129.0,0.00253351
CND/BTC,1561673606942,2019-06-27T22:13:26.942Z,buy,1.19e-06,2129.0,0.00253351
CND/BTC,1561673606974,2019-06-27T22:13:26.974Z,buy,1.19e-06,2129.0,0.00253351
CND/BTC,1561673607013,2019-06-27T22:13:27.013Z,buy,1.19e-06,2129.0,0.00253351
CND/BTC,1561673607051,2019-06-27T22:13:27.051Z,buy,1.19e-06,2129.0,0.00253351
CND/BTC,1561673607090,2019-06-27T22:13:27.090Z,buy,1.19e-06,2129.0,0.00253351
CND/BTC,1561673607130,2019-06-27T22:13:27.130Z,buy,1.19e-06,2129.0,0.00253351
CND/BTC,1561673607171,2019-06-27T22:13:27.171Z,buy,1.19e-06,2129.0,0.00253351
CND/BTC,1561673607213,2019-06-27T22:13:27.213Z,buy,1.19e-06,2129.0,0.00253351
CND/BTC,1561673607879,2019-06-27T22:13:27.879Z,buy,1.19e-06,2129.0,0.00253351
CND/BTC,1561673618287,2019-06-27T22:13:38.287Z,buy,1.19e-06,3600.0,0.004284
CND/BTC,1561673625672,2019-06-27T22:13:45.672Z,sell,1.18e-06,173986.0,0.2053034799999999
CND/BTC,1561673625672,2019-06-27T22:13:45.672Z,sell,1.17e-06,279317.0,0.32680089
CND/BTC,1561673625672,2019-06-27T22:13:45.672Z,sell,1.16e-06,313363.0,0.36350108
CND/BTC,1561673625672,2019-06-27T22:13:45.672Z,sell,1.15e-06,73864.0,0.0849436
CND/BTC,1561673625672,2019-06-27T22:13:45.672Z,buy,1.19e-06,1032.0,0.00122808
CND/BTC,1561673625672,2019-06-27T22:13:45.672Z,sell,1.15e-06,2326.0,0.0026749
CND/BTC,1561673625672,2019-06-27T22:13:45.672Z,sell,1.15e-06,120287.0,0.13833005
CND/BTC,1561673625944,2019-06-27T22:13:45.944Z,buy,1.18e-06,54344.0,0.0641259199999999
CND/BTC,1561673626282,2019-06-27T22:13:46.282Z,buy,1.19e-06,924.0,0.00109956
CND/BTC,1561673628469,2019-06-27T22:13:48.469Z,sell,1.18e-06,1125.0,0.0013275
CND/BTC,1561673628979,2019-06-27T22:13:48.979Z,sell,1.18e-06,1125.0,0.0013275
CND/BTC,1561673679762,2019-06-27T22:14:39.762Z,sell,1.18e-06,8400.0,0.0099119999999999
CND/BTC,1561673681327,2019-06-27T22:14:41.327Z,buy,1.19e-06,5514.0,0.00656166
CND/BTC,1561673791237,2019-06-27T22:16:31.237Z,buy,1.19e-06,1680.0,0.0019992
CND/BTC,1561673967184,2019-06-27T22:19:27.184Z,sell,1.18e-06,15598.0,0.0184056399999999
CND/BTC,1561674043962,2019-06-27T22:20:43.962Z,sell,1.18e-06,2395.0,0.0028261
CND/BTC,1561674121468,2019-06-27T22:22:01.468Z,buy,1.19e-06,869.0,0.00103411
CND/BTC,1561674130118,2019-06-27T22:22:10.118Z,sell,1.18e-06,959.0,0.0011316199999999
CND/BTC,1561674203500,2019-06-27T22:23:23.500Z,sell,1.18e-06,2129.0,0.00251222
CND/BTC,1561674360399,2019-06-27T22:26:00.399Z,sell,1.18e-06,7363.0,0.00868834
CND/BTC,1561674364866,2019-06-27T22:26:04.866Z,buy,1.18e-06,9276.0,0.01094568
CND/BTC,1561674380618,2019-06-27T22:26:20.618Z,buy,1.18e-06,3762.0,0.0044391599999999
CND/BTC,1561674430485,2019-06-27T22:27:10.485Z,buy,1.18e-06,915.0,0.0010796999999999
CND/BTC,1561674525005,2019-06-27T22:28:45.005Z,sell,1.17e-06,1021.0,0.00119457
CND/BTC,1561674647382,2019-06-27T22:30:47.382Z,buy,1.18e-06,2824.0,0.0033323199999999
CND/BTC,1561674696672,2019-06-27T22:31:36.672Z,sell,1.17e-06,1532.0,0.00179244
CND/BTC,1561675043411,2019-06-27T22:37:23.411Z,buy,1.18e-06,5424.0,0.0064003199999999
CND/BTC,1561675171914,2019-06-27T22:39:31.914Z,sell,1.17e-06,141659.0,0.16574103
CND/BTC,1561675176159,2019-06-27T22:39:36.159Z,sell,1.17e-06,12014.0,0.01405638
CND/BTC,1561675176176,2019-06-27T22:39:36.176Z,buy,1.17e-06,29237.0,0.03420729
CND/BTC,1561675176974,2019-06-27T22:39:36.974Z,sell,1.17e-06,4573.0,0.00535041
CND/BTC,1561675223762,2019-06-27T22:40:23.762Z,sell,1.17e-06,1327.0,0.00155259
CND/BTC,1561675223802,2019-06-27T22:40:23.802Z,buy,1.17e-06,2983.0,0.00349011
CND/BTC,1561675237136,2019-06-27T22:40:37.136Z,sell,1.16e-06,16650.0,0.0193139999999999
CND/BTC,1561675239530,2019-06-27T22:40:39.530Z,buy,1.17e-06,1125.0,0.00131625
CND/BTC,1561675542031,2019-06-27T22:45:42.031Z,sell,1.16e-06,65855.0,0.0763918
CND/BTC,1561675542284,2019-06-27T22:45:42.284Z,sell,1.16e-06,34638.0,0.04018008
CND/BTC,1561675542399,2019-06-27T22:45:42.399Z,buy,1.16e-06,2983.0,0.0034602799999999
CND/BTC,1561675542480,2019-06-27T22:45:42.480Z,buy,1.16e-06,2983.0,0.0034602799999999
CND/BTC,1561675542551,2019-06-27T22:45:42.551Z,buy,1.16e-06,2983.0,0.0034602799999999
CND/BTC,1561675542616,2019-06-27T22:45:42.616Z,buy,1.16e-06,2983.0,0.0034602799999999
CND/BTC,1561675542691,2019-06-27T22:45:42.691Z,buy,1.16e-06,2983.0,0.0034602799999999
CND/BTC,1561675543131,2019-06-27T22:45:43.131Z,buy,1.16e-06,2983.0,0.0034602799999999
CND/BTC,1561675551069,2019-06-27T22:45:51.069Z,sell,1.15e-06,2574.0,0.0029601
CND/BTC,1561675555980,2019-06-27T22:45:55.980Z,sell,1.15e-06,11355.0,0.01305825
CND/BTC,1561675555980,2019-06-27T22:45:55.980Z,sell,1.15e-06,11355.0,0.01305825
CND/BTC,1561675656073,2019-06-27T22:47:36.073Z,sell,1.15e-06,74638.0,0.0858337
CND/BTC,1561675663400,2019-06-27T22:47:43.400Z,sell,1.15e-06,74638.0,0.0858337
CND/BTC,1561675663534,2019-06-27T22:47:43.534Z,sell,1.15e-06,27160.0,0.031234
CND/BTC,1561675739977,2019-06-27T22:48:59.977Z,sell,1.15e-06,244319.0,0.28096685
CND/BTC,1561675799216,2019-06-27T22:49:59.216Z,sell,1.15e-06,5000.0,0.00575
CND/BTC,1561675874447,2019-06-27T22:51:14.447Z,buy,1.16e-06,1445.0,0.0016761999999999
CND/BTC,1561676318552,2019-06-27T22:58:38.552Z,sell,1.15e-06,919.0,0.00105685
CND/BTC,1561676438625,2019-06-27T23:00:38.625Z,sell,1.15e-06,20272.0,0.0233128
CND/BTC,1561676439137,2019-06-27T23:00:39.137Z,sell,1.15e-06,175926.0,0.2023149
CND/BTC,1561676508756,2019-06-27T23:01:48.756Z,sell,1.15e-06,1565.0,0.00179975
CND/BTC,1561676509453,2019-06-27T23:01:49.453Z,sell,1.15e-06,20272.0,0.0233128
CND/BTC,1561676509671,2019-06-27T23:01:49.671Z,buy,1.16e-06,1724.0,0.0019998399999999
CND/BTC,1561676509714,2019-06-27T23:01:49.714Z,sell,1.15e-06,5160.0,0.005934
CND/BTC,1561676509751,2019-06-27T23:01:49.751Z,buy,1.15e-06,5160.0,0.005934
CND/BTC,1561676509790,2019-06-27T23:01:49.790Z,buy,1.15e-06,4219.0,0.00485185
CND/BTC,1561676511413,2019-06-27T23:01:51.413Z,sell,1.14e-06,8394.0,0.00956916
CND/BTC,1561676511413,2019-06-27T23:01:51.413Z,sell,1.14e-06,8529.0,0.00972306
CND/BTC,1561676517737,2019-06-27T23:01:57.737Z,sell,1.14e-06,1239.0,0.00141246
CND/BTC,1561676524252,2019-06-27T23:02:04.252Z,buy,1.15e-06,3503.0,0.00402845
CND/BTC,1561676533716,2019-06-27T23:02:13.716Z,sell,1.14e-06,101839.0,0.11609646
CND/BTC,1561676661910,2019-06-27T23:04:21.910Z,sell,1.14e-06,5547.0,0.00632358
CND/BTC,1561676694538,2019-06-27T23:04:54.538Z,sell,1.14e-06,9283.0,0.01058262
CND/BTC,1561676761970,2019-06-27T23:06:01.970Z,sell,1.14e-06,94933.0,0.10822362
CND/BTC,1561676762231,2019-06-27T23:06:02.231Z,sell,1.14e-06,159427.0,0.18174678
CND/BTC,1561676860489,2019-06-27T23:07:40.489Z,sell,1.14e-06,6472.0,0.00737808
CND/BTC,1561676860762,2019-06-27T23:07:40.762Z,sell,1.14e-06,107576.0,0.12263664
CND/BTC,1561676860803,2019-06-27T23:07:40.803Z,buy,1.14e-06,7191.0,0.00819774
CND/BTC,1561676860805,2019-06-27T23:07:40.805Z,buy,1.14e-06,7191.0,0.00819774
CND/BTC,1561676984083,2019-06-27T23:09:44.083Z,sell,1.13e-06,1286.0,0.0014531799999999
CND/BTC,1561676984559,2019-06-27T23:09:44.559Z,sell,1.13e-06,1369.0,0.00154697
CND/BTC,1561676986074,2019-06-27T23:09:46.074Z,sell,1.13e-06,1087.0,0.00122831
CND/BTC,1561676986174,2019-06-27T23:09:46.174Z,sell,1.13e-06,1233.0,0.00139329
CND/BTC,1561676995611,2019-06-27T23:09:55.611Z,sell,1.13e-06,20304.0,0.02294352
CND/BTC,1561677033879,2019-06-27T23:10:33.879Z,sell,1.13e-06,1737.0,0.00196281
CND/BTC,1561677041126,2019-06-27T23:10:41.126Z,sell,1.12e-06,1445.0,0.0016184
CND/BTC,1561677051473,2019-06-27T23:10:51.473Z,sell,1.12e-06,5339.0,0.00597968
CND/BTC,1561677193781,2019-06-27T23:13:13.781Z,sell,1.12e-06,141662.0,0.15866144
CND/BTC,1561677263507,2019-06-27T23:14:23.507Z,buy,1.13e-06,13274.0,0.01499962
CND/BTC,1561677282319,2019-06-27T23:14:42.319Z,buy,1.13e-06,3917.0,0.00442621
CND/BTC,1561677345158,2019-06-27T23:15:45.158Z,sell,1.13e-06,1645.0,0.00185885
CND/BTC,1561677371689,2019-06-27T23:16:11.689Z,buy,1.14e-06,964.0,0.00109896
CND/BTC,1561677595862,2019-06-27T23:19:55.862Z,sell,1.13e-06,1002.0,0.00113226
CND/BTC,1561677598444,2019-06-27T23:19:58.444Z,sell,1.13e-06,979.0,0.00110627
CND/BTC,1561677719304,2019-06-27T23:21:59.304Z,buy,1.13e-06,284.0,0.00032092
CND/BTC,1561677877242,2019-06-27T23:24:37.242Z,sell,1.12e-06,11483.0,0.01286096
CND/BTC,1561677895511,2019-06-27T23:24:55.511Z,sell,1.12e-06,6572.0,0.00736064
CND/BTC,1561677902621,2019-06-27T23:25:02.621Z,sell,1.12e-06,58864.0,0.06592768
CND/BTC,1561677934885,2019-06-27T23:25:34.885Z,sell,1.12e-06,12645.0,0.0141624
CND/BTC,1561677947944,2019-06-27T23:25:47.944Z,sell,1.11e-06,127980.0,0.1420577999999999
CND/BTC,1561677947944,2019-06-27T23:25:47.944Z,sell,1.11e-06,50989.0,0.0565977899999999
CND/BTC,1561677947944,2019-06-27T23:25:47.944Z,sell,1.1e-06,195720.0,0.215292
CND/BTC,1561677947944,2019-06-27T23:25:47.944Z,sell,1.1e-06,17323.0,0.0190553
CND/BTC,1561677947944,2019-06-27T23:25:47.944Z,sell,1.1e-06,2518.0,0.0027698
CND/BTC,1561677947944,2019-06-27T23:25:47.944Z,sell,1.1e-06,9378.0,0.0103158
CND/BTC,1561677947944,2019-06-27T23:25:47.944Z,sell,1.1e-06,16190.0,0.017809
CND/BTC,1561677947944,2019-06-27T23:25:47.944Z,sell,1.09e-06,82741.0,0.09018769
CND/BTC,1561677947957,2019-06-27T23:25:47.957Z,buy,1.11e-06,4731.0,0.00525141
CND/BTC,1561677947963,2019-06-27T23:25:47.963Z,buy,1.11e-06,1900.0,0.0021089999999999
CND/BTC,1561677948002,2019-06-27T23:25:48.002Z,buy,1.12e-06,4731.0,0.00529872
CND/BTC,1561677949464,2019-06-27T23:25:49.464Z,sell,1.11e-06,1125.0,0.0012487499999999
CND/BTC,1561677951495,2019-06-27T23:25:51.495Z,sell,1.11e-06,76000.0,0.0843599999999999
CND/BTC,1561677957399,2019-06-27T23:25:57.399Z,sell,1.11e-06,8708.0,0.00966588
CND/BTC,1561677958654,2019-06-27T23:25:58.654Z,sell,1.11e-06,18066.0,0.02005326
CND/BTC,1561677970609,2019-06-27T23:26:10.609Z,sell,1.11e-06,1190.0,0.0013208999999999
CND/BTC,1561678047635,2019-06-27T23:27:27.635Z,buy,1.12e-06,1477.0,0.00165424
CND/BTC,1561678051371,2019-06-27T23:27:31.371Z,sell,1.11e-06,18528.0,0.02056608
CND/BTC,1561678076654,2019-06-27T23:27:56.654Z,sell,1.11e-06,8988.0,0.00997668
CND/BTC,1561678092900,2019-06-27T23:28:12.900Z,buy,1.12e-06,8772.0,0.00982464
CND/BTC,1561678243736,2019-06-27T23:30:43.736Z,sell,1.11e-06,22553.0,0.02503383
CND/BTC,1561678299370,2019-06-27T23:31:39.370Z,buy,1.12e-06,1356.0,0.00151872
CND/BTC,1561678299671,2019-06-27T23:31:39.671Z,buy,1.12e-06,29007.0,0.03248784
CND/BTC,1561678320893,2019-06-27T23:32:00.893Z,buy,1.12e-06,59726.0,0.06689312
CND/BTC,1561678354819,2019-06-27T23:32:34.819Z,buy,1.12e-06,11587.0,0.01297744
CND/BTC,1561678354823,2019-06-27T23:32:34.823Z,buy,1.12e-06,9149.0,0.01024688
CND/BTC,1561678354824,2019-06-27T23:32:34.824Z,buy,1.12e-06,16593.0,0.01858416
CND/BTC,1561678354898,2019-06-27T23:32:34.898Z,buy,1.12e-06,16593.0,0.01858416
CND/BTC,1561678354902,2019-06-27T23:32:34.902Z,buy,1.12e-06,11587.0,0.01297744
CND/BTC,1561678354908,2019-06-27T23:32:34.908Z,buy,1.12e-06,9149.0,0.01024688
CND/BTC,1561678354976,2019-06-27T23:32:34.976Z,buy,1.12e-06,16593.0,0.01858416
CND/BTC,1561678354978,2019-06-27T23:32:34.978Z,buy,1.12e-06,11587.0,0.01297744
CND/BTC,1561678355039,2019-06-27T23:32:35.039Z,buy,1.12e-06,16593.0,0.01858416
CND/BTC,1561678355061,2019-06-27T23:32:35.061Z,buy,1.12e-06,11587.0,0.01297744
CND/BTC,1561678355100,2019-06-27T23:32:35.100Z,buy,1.12e-06,16593.0,0.01858416
CND/BTC,1561678355133,2019-06-27T23:32:35.133Z,buy,1.12e-06,11587.0,0.01297744
CND/BTC,1561678355174,2019-06-27T23:32:35.174Z,buy,1.12e-06,9149.0,0.01024688
CND/BTC,1561678355178,2019-06-27T23:32:35.178Z,buy,1.12e-06,16593.0,0.01858416
CND/BTC,1561678355237,2019-06-27T23:32:35.237Z,buy,1.12e-06,11587.0,0.01297744
CND/BTC,1561678355256,2019-06-27T23:32:35.256Z,buy,1.12e-06,9149.0,0.01024688
CND/BTC,1561678355261,2019-06-27T23:32:35.261Z,buy,1.12e-06,16593.0,0.01858416
CND/BTC,1561678355319,2019-06-27T23:32:35.319Z,buy,1.12e-06,11587.0,0.01297744
CND/BTC,1561678355343,2019-06-27T23:32:35.343Z,buy,1.12e-06,16593.0,0.01858416
CND/BTC,1561678355389,2019-06-27T23:32:35.389Z,buy,1.12e-06,11587.0,0.01297744
CND/BTC,1561678367783,2019-06-27T23:32:47.783Z,buy,1.12e-06,124431.0,0.13936272
CND/BTC,1561678388136,2019-06-27T23:33:08.136Z,buy,1.13e-06,1726.0,0.00195038
CND/BTC,1561678407012,2019-06-27T23:33:27.012Z,sell,1.12e-06,894.0,0.00100128
CND/BTC,1561678588877,2019-06-27T23:36:28.877Z,buy,1.13e-06,3179.0,0.00359227
CND/BTC,1561678589380,2019-06-27T23:36:29.380Z,buy,1.13e-06,5610.0,0.0063393
CND/BTC,1561678631632,2019-06-27T23:37:11.632Z,sell,1.12e-06,1072.0,0.00120064
CND/BTC,1561678682324,2019-06-27T23:38:02.324Z,buy,1.14e-06,13157.0,0.01499898
CND/BTC,1561678824370,2019-06-27T23:40:24.370Z,sell,1.13e-06,9292.0,0.01049996
CND/BTC,1561678824370,2019-06-27T23:40:24.370Z,sell,1.13e-06,9292.0,0.01049996
CND/BTC,1561679287592,2019-06-27T23:48:07.592Z,sell,1.12e-06,19980.0,0.0223776
CND/BTC,1561679420032,2019-06-27T23:50:20.032Z,buy,1.13e-06,26037.0,0.02942181
CND/BTC,1561679717860,2019-06-27T23:55:17.860Z,sell,1.13e-06,58028.0,0.06557164
CND/BTC,1561679800840,2019-06-27T23:56:40.840Z,sell,1.12e-06,29500.0,0.03304
CND/BTC,1561679877799,2019-06-27T23:57:57.799Z,buy,1.13e-06,20000.0,0.0226
CND/BTC,1561679975058,2019-06-27T23:59:35.058Z,buy,1.13e-06,21238.0,0.02399894
CND/BTC,1561680098882,2019-06-28T00:01:38.882Z,buy,1.13e-06,1380.0,0.0015594
CND/BTC,1561680192829,2019-06-28T00:03:12.829Z,buy,1.13e-06,2000.0,0.00226
CND/BTC,1561680245808,2019-06-28T00:04:05.808Z,buy,1.13e-06,14467.0,0.01634771
CND/BTC,1561680300932,2019-06-28T00:05:00.932Z,sell,1.12e-06,2378.0,0.00266336
CND/BTC,1561680639638,2019-06-28T00:10:39.638Z,sell,1.12e-06,11983.0,0.01342096
CND/BTC,1561680675898,2019-06-28T00:11:15.898Z,sell,1.12e-06,7563.0,0.00847056
CND/BTC,1561680851614,2019-06-28T00:14:11.614Z,buy,1.13e-06,251.0,0.00028363
CND/BTC,1561680852109,2019-06-28T00:14:12.109Z,buy,1.13e-06,290.0,0.0003277
CND/BTC,1561680853313,2019-06-28T00:14:13.313Z,sell,1.12e-06,1152.0,0.00129024
CND/BTC,1561681096866,2019-06-28T00:18:16.866Z,buy,1.13e-06,311.0,0.00035143
CND/BTC,1561681096922,2019-06-28T00:18:16.922Z,sell,1.12e-06,1135.0,0.0012712
CND/BTC,1561681249193,2019-06-28T00:20:49.193Z,buy,1.13e-06,1183.0,0.00133679
CND/BTC,1561681463383,2019-06-28T00:24:23.383Z,buy,1.13e-06,256.0,0.00028928
CND/BTC,1561681530657,2019-06-28T00:25:30.657Z,buy,1.13e-06,330.0,0.0003729
CND/BTC,1561681544557,2019-06-28T00:25:44.557Z,sell,1.12e-06,6700.0,0.007504
CND/BTC,1561681564667,2019-06-28T00:26:04.667Z,sell,1.12e-06,67597.0,0.07570864
CND/BTC,1561681584923,2019-06-28T00:26:24.923Z,sell,1.12e-06,55026.0,0.06162912
CND/BTC,1561681939193,2019-06-28T00:32:19.193Z,buy,1.12e-06,51487.0,0.05766544
CND/BTC,1561682196218,2019-06-28T00:36:36.218Z,buy,1.12e-06,2598.0,0.00290976
CND/BTC,1561682196229,2019-06-28T00:36:36.229Z,buy,1.12e-06,2598.0,0.00290976
CND/BTC,1561682196231,2019-06-28T00:36:36.231Z,buy,1.12e-06,2598.0,0.00290976
CND/BTC,1561682210264,2019-06-28T00:36:50.264Z,buy,1.12e-06,49646.0,0.05560352
CND/BTC,1561682385607,2019-06-28T00:39:45.607Z,buy,1.12e-06,30254.0,0.03388448
CND/BTC,1561682385607,2019-06-28T00:39:45.607Z,buy,1.12e-06,30254.0,0.03388448
CND/BTC,1561682455982,2019-06-28T00:40:55.982Z,buy,1.12e-06,1004.0,0.00112448
CND/BTC,1561682910643,2019-06-28T00:48:30.643Z,sell,1.12e-06,21041.0,0.02356592
CND/BTC,1561682948177,2019-06-28T00:49:08.177Z,buy,1.13e-06,42414.0,0.0479278199999999
CND/BTC,1561683024802,2019-06-28T00:50:24.802Z,buy,1.13e-06,328.0,0.00037064
CND/BTC,1561683296609,2019-06-28T00:54:56.609Z,buy,1.13e-06,297.0,0.00033561
CND/BTC,1561683363659,2019-06-28T00:56:03.659Z,buy,1.13e-06,292.0,0.00032996
CND/BTC,1561683468188,2019-06-28T00:57:48.188Z,sell,1.12e-06,17418.0,0.01950816
CND/BTC,1561683745517,2019-06-28T01:02:25.517Z,buy,1.12e-06,1175.0,0.001316
CND/BTC,1561684137981,2019-06-28T01:08:57.981Z,buy,1.12e-06,314.0,0.00035168
CND/BTC,1561684204875,2019-06-28T01:10:04.875Z,sell,1.11e-06,14453.0,0.01604283
CND/BTC,1561684287009,2019-06-28T01:11:27.009Z,sell,1.11e-06,4037.0,0.00448107
CND/BTC,1561684479896,2019-06-28T01:14:39.896Z,sell,1.11e-06,46770.0,0.0519147
CND/BTC,1561684479922,2019-06-28T01:14:39.922Z,buy,1.11e-06,5284.0,0.00586524
CND/BTC,1561684479950,2019-06-28T01:14:39.950Z,buy,1.11e-06,16593.0,0.01841823
CND/BTC,1561684479954,2019-06-28T01:14:39.954Z,buy,1.11e-06,11587.0,0.01286157
CND/BTC,1561684480008,2019-06-28T01:14:40.008Z,buy,1.11e-06,4234.0,0.00469974
CND/BTC,1561684480017,2019-06-28T01:14:40.017Z,buy,1.11e-06,1423.0,0.00157953
CND/BTC,1561684480026,2019-06-28T01:14:40.026Z,buy,1.11e-06,16593.0,0.01841823
CND/BTC,1561684480034,2019-06-28T01:14:40.034Z,buy,1.11e-06,10913.0,0.01211343
CND/BTC,1561684509553,2019-06-28T01:15:09.553Z,buy,1.11e-06,1280.0,0.0014207999999999
CND/BTC,1561684509805,2019-06-28T01:15:09.805Z,buy,1.11e-06,170000.0,0.1887
CND/BTC,1561684605918,2019-06-28T01:16:45.918Z,buy,1.11e-06,298.0,0.00033078
CND/BTC,1561684674731,2019-06-28T01:17:54.731Z,buy,1.11e-06,290.0,0.0003218999999999
CND/BTC,1561684718713,2019-06-28T01:18:38.713Z,buy,1.11e-06,318.0,0.0003529799999999
CND/BTC,1561684766798,2019-06-28T01:19:26.798Z,buy,1.11e-06,320.0,0.0003551999999999
CND/BTC,1561684775859,2019-06-28T01:19:35.859Z,buy,1.11e-06,278.0,0.00030858
CND/BTC,1561684849785,2019-06-28T01:20:49.785Z,buy,1.11e-06,2348.0,0.00260628
CND/BTC,1561685044322,2019-06-28T01:24:04.322Z,sell,1.1e-06,2113.0,0.0023243
CND/BTC,1561685122820,2019-06-28T01:25:22.820Z,buy,1.11e-06,311.0,0.00034521
CND/BTC,1561685171230,2019-06-28T01:26:11.230Z,sell,1.1e-06,32204.0,0.0354244
CND/BTC,1561685171280,2019-06-28T01:26:11.280Z,buy,1.1e-06,297.0,0.0003267
CND/BTC,1561685171498,2019-06-28T01:26:11.498Z,buy,1.1e-06,25914.0,0.0285054
CND/BTC,1561685171648,2019-06-28T01:26:11.648Z,sell,1.1e-06,1551.0,0.0017061
CND/BTC,1561685326759,2019-06-28T01:28:46.759Z,sell,1.1e-06,19566.0,0.0215226
CND/BTC,1561685496088,2019-06-28T01:31:36.088Z,buy,1.11e-06,3872.0,0.00429792
CND/BTC,1561685651027,2019-06-28T01:34:11.027Z,buy,1.11e-06,135135.0,0.14999985
CND/BTC,1561685725629,2019-06-28T01:35:25.629Z,buy,1.11e-06,54194.0,0.0601553399999999
CND/BTC,1561685871562,2019-06-28T01:37:51.562Z,sell,1.1e-06,21743.0,0.0239173
CND/BTC,1561685871562,2019-06-28T01:37:51.562Z,sell,1.1e-06,21743.0,0.0239173
CND/BTC,1561686063829,2019-06-28T01:41:03.829Z,buy,1.11e-06,2851.0,0.00316461
CND/BTC,1561686104431,2019-06-28T01:41:44.431Z,sell,1.1e-06,9448.0,0.0103928
CND/BTC,1561686286179,2019-06-28T01:44:46.179Z,sell,1.1e-06,40339.0,0.0443729
CND/BTC,1561686286312,2019-06-28T01:44:46.312Z,sell,1.1e-06,1799.0,0.0019789
CND/BTC,1561686319016,2019-06-28T01:45:19.016Z,sell,1.1e-06,2561.0,0.0028171
CND/BTC,1561686355096,2019-06-28T01:45:55.096Z,sell,1.1e-06,9605.0,0.0105655
CND/BTC,1561686437370,2019-06-28T01:47:17.370Z,buy,1.11e-06,1574.0,0.0017471399999999
CND/BTC,1561686459907,2019-06-28T01:47:39.907Z,buy,1.11e-06,177174.0,0.19666314
CND/BTC,1561686515614,2019-06-28T01:48:35.614Z,buy,1.11e-06,2979.0,0.0033066899999999
CND/BTC,1561686664350,2019-06-28T01:51:04.350Z,sell,1.1e-06,2361.0,0.0025971
CND/BTC,1561686707559,2019-06-28T01:51:47.559Z,sell,1.1e-06,12809.0,0.0140899
CND/BTC,1561686865550,2019-06-28T01:54:25.550Z,buy,1.11e-06,128977.0,0.14316447
CND/BTC,1561686920480,2019-06-28T01:55:20.480Z,buy,1.11e-06,3603.0,0.00399933
CND/BTC,1561686920567,2019-06-28T01:55:20.567Z,buy,1.11e-06,3603.0,0.00399933
CND/BTC,1561686924777,2019-06-28T01:55:24.777Z,buy,1.11e-06,3603.0,0.00399933
CND/BTC,1561686924853,2019-06-28T01:55:24.853Z,buy,1.11e-06,3603.0,0.00399933
CND/BTC,1561686934721,2019-06-28T01:55:34.721Z,buy,1.11e-06,61554.0,0.06832494
CND/BTC,1561686939876,2019-06-28T01:55:39.876Z,buy,1.11e-06,708.0,0.00078588
CND/BTC,1561687121747,2019-06-28T01:58:41.747Z,buy,1.12e-06,5000.0,0.0056
CND/BTC,1561687177219,2019-06-28T01:59:37.219Z,buy,1.12e-06,1546.0,0.00173152
CND/BTC,1561687227199,2019-06-28T02:00:27.199Z,buy,1.12e-06,18261.0,0.02045232
CND/BTC,1561687288942,2019-06-28T02:01:28.942Z,buy,1.12e-06,915.0,0.0010248
CND/BTC,1561687514642,2019-06-28T02:05:14.642Z,buy,1.12e-06,456950.0,0.511784
CND/BTC,1561687799272,2019-06-28T02:09:59.272Z,sell,1.12e-06,3591.0,0.00402192
CND/BTC,1561687957888,2019-06-28T02:12:37.888Z,sell,1.12e-06,1013.0,0.00113456
CND/BTC,1561688024864,2019-06-28T02:13:44.864Z,sell,1.12e-06,78000.0,0.08736
CND/BTC,1561688052633,2019-06-28T02:14:12.633Z,sell,1.12e-06,895.0,0.0010024
CND/BTC,1561688052633,2019-06-28T02:14:12.633Z,sell,1.11e-06,469009.0,0.52059999
CND/BTC,1561688052633,2019-06-28T02:14:12.633Z,sell,1.1e-06,357020.0,0.392722
CND/BTC,1561688053237,2019-06-28T02:14:13.237Z,sell,1.12e-06,3603.0,0.00403536
CND/BTC,1561688053306,2019-06-28T02:14:13.306Z,sell,1.12e-06,21397.0,0.02396464
CND/BTC,1561688418024,2019-06-28T02:20:18.024Z,buy,1.12e-06,28850.0,0.032312
CND/BTC,1561688423437,2019-06-28T02:20:23.437Z,buy,1.12e-06,22171.0,0.02483152
CND/BTC,1561688429443,2019-06-28T02:20:29.443Z,buy,1.12e-06,22171.0,0.02483152
CND/BTC,1561688434106,2019-06-28T02:20:34.106Z,buy,1.12e-06,22171.0,0.02483152
CND/BTC,1561688439504,2019-06-28T02:20:39.504Z,buy,1.12e-06,22171.0,0.02483152
CND/BTC,1561688443944,2019-06-28T02:20:43.944Z,buy,1.12e-06,22171.0,0.02483152
CND/BTC,1561688450210,2019-06-28T02:20:50.210Z,buy,1.12e-06,22171.0,0.02483152
CND/BTC,1561688455183,2019-06-28T02:20:55.183Z,buy,1.12e-06,15984.0,0.01790208
CND/BTC,1561688459288,2019-06-28T02:20:59.288Z,buy,1.12e-06,14562.0,0.01630944
CND/BTC,1561688463803,2019-06-28T02:21:03.803Z,buy,1.12e-06,12450.0,0.013944
CND/BTC,1561688480700,2019-06-28T02:21:20.700Z,buy,1.12e-06,2090.0,0.0023408
CND/BTC,1561688486936,2019-06-28T02:21:26.936Z,buy,1.13e-06,256.0,0.00028928
CND/BTC,1561688487399,2019-06-28T02:21:27.399Z,buy,1.13e-06,246.0,0.00027798
CND/BTC,1561688535467,2019-06-28T02:22:15.467Z,buy,1.13e-06,973.0,0.00109949
CND/BTC,1561688574941,2019-06-28T02:22:54.941Z,buy,1.12e-06,1949.0,0.00218288
CND/BTC,1561688576859,2019-06-28T02:22:56.859Z,buy,1.12e-06,3487.0,0.00390544
CND/BTC,1561689031304,2019-06-28T02:30:31.304Z,buy,1.12e-06,902.0,0.00101024
CND/BTC,1561689039989,2019-06-28T02:30:39.989Z,buy,1.12e-06,1461.0,0.00163632
CND/BTC,1561689041588,2019-06-28T02:30:41.588Z,buy,1.12e-06,4765.0,0.0053368
CND/BTC,1561689141923,2019-06-28T02:32:21.923Z,buy,1.13e-06,310.0,0.0003503
CND/BTC,1561689141923,2019-06-28T02:32:21.923Z,buy,1.13e-06,310.0,0.0003503
CND/BTC,1561689495145,2019-06-28T02:38:15.145Z,buy,1.13e-06,1879.0,0.00212327
CND/BTC,1561689619641,2019-06-28T02:40:19.641Z,buy,1.13e-06,177867.0,0.20098971
CND/BTC,1561689661284,2019-06-28T02:41:01.284Z,sell,1.12e-06,2079.0,0.00232848
CND/BTC,1561689728326,2019-06-28T02:42:08.326Z,sell,1.12e-06,29856.0,0.03343872
CND/BTC,1561689750696,2019-06-28T02:42:30.696Z,buy,1.13e-06,276.0,0.00031188
CND/BTC,1561690107052,2019-06-28T02:48:27.052Z,buy,1.13e-06,297.0,0.00033561
CND/BTC,1561690212777,2019-06-28T02:50:12.777Z,sell,1.12e-06,2260.0,0.0025312
CND/BTC,1561690217815,2019-06-28T02:50:17.815Z,buy,1.13e-06,318.0,0.00035934
CND/BTC,1561690265204,2019-06-28T02:51:05.204Z,buy,1.13e-06,282.0,0.00031866
CND/BTC,1561690286382,2019-06-28T02:51:26.382Z,sell,1.12e-06,917.0,0.00102704
CND/BTC,1561690390111,2019-06-28T02:53:10.111Z,buy,1.13e-06,11608.0,0.01311704
CND/BTC,1561690454071,2019-06-28T02:54:14.071Z,sell,1.12e-06,14685.0,0.0164472
CND/BTC,1561690522464,2019-06-28T02:55:22.464Z,buy,1.13e-06,15000.0,0.01695
CND/BTC,1561690679806,2019-06-28T02:57:59.806Z,buy,1.13e-06,26315.0,0.02973595
CND/BTC,1561690825000,2019-06-28T03:00:25.000Z,buy,1.13e-06,1527.0,0.00172551
CND/BTC,1561690842728,2019-06-28T03:00:42.728Z,buy,1.13e-06,6227.0,0.00703651
CND/BTC,1561690842894,2019-06-28T03:00:42.894Z,buy,1.13e-06,18132.0,0.02048916
CND/BTC,1561690843335,2019-06-28T03:00:43.335Z,sell,1.13e-06,4765.0,0.00538445
CND/BTC,1561690920698,2019-06-28T03:02:00.698Z,buy,1.14e-06,4310.0,0.0049134
CND/BTC,1561691005856,2019-06-28T03:03:25.856Z,sell,1.13e-06,1401.0,0.0015831299999999
CND/BTC,1561691005861,2019-06-28T03:03:25.861Z,sell,1.13e-06,972.0,0.00109836
CND/BTC,1561691024253,2019-06-28T03:03:44.253Z,buy,1.14e-06,277.0,0.00031578
CND/BTC,1561691024800,2019-06-28T03:03:44.800Z,sell,1.13e-06,1108.0,0.00125204
CND/BTC,1561691113738,2019-06-28T03:05:13.738Z,buy,1.14e-06,16306.0,0.01858884
CND/BTC,1561691113758,2019-06-28T03:05:13.758Z,sell,1.14e-06,5487.0,0.00625518
CND/BTC,1561691113772,2019-06-28T03:05:13.772Z,sell,1.14e-06,100780.0,0.1148892
CND/BTC,1561691168977,2019-06-28T03:06:08.977Z,buy,1.15e-06,326.0,0.0003749
CND/BTC,1561691169857,2019-06-28T03:06:09.857Z,sell,1.14e-06,4753.0,0.00541842
CND/BTC,1561691201091,2019-06-28T03:06:41.091Z,sell,1.14e-06,1477.0,0.00168378
CND/BTC,1561691208399,2019-06-28T03:06:48.399Z,sell,1.14e-06,1767.0,0.00201438
CND/BTC,1561691221247,2019-06-28T03:07:01.247Z,sell,1.14e-06,264.0,0.00030096
CND/BTC,1561691318834,2019-06-28T03:08:38.834Z,buy,1.14e-06,2450.0,0.002793
CND/BTC,1561691400493,2019-06-28T03:10:00.493Z,buy,1.14e-06,3801.0,0.00433314
CND/BTC,1561691401919,2019-06-28T03:10:01.919Z,sell,1.14e-06,1398.0,0.00159372
CND/BTC,1561691431219,2019-06-28T03:10:31.219Z,buy,1.15e-06,321.0,0.00036915
CND/BTC,1561691447157,2019-06-28T03:10:47.157Z,buy,1.15e-06,306.0,0.0003519
CND/BTC,1561691463977,2019-06-28T03:11:03.977Z,sell,1.14e-06,44247.0,0.05044158
CND/BTC,1561691558192,2019-06-28T03:12:38.192Z,buy,1.14e-06,22000.0,0.02508
CND/BTC,1561691576361,2019-06-28T03:12:56.361Z,sell,1.14e-06,3603.0,0.00410742
CND/BTC,1561691577094,2019-06-28T03:12:57.094Z,sell,1.14e-06,2090.0,0.0023826
CND/BTC,1561691577313,2019-06-28T03:12:57.313Z,sell,1.14e-06,3603.0,0.00410742
CND/BTC,1561691664560,2019-06-28T03:14:24.560Z,sell,1.14e-06,3603.0,0.00410742
CND/BTC,1561691775261,2019-06-28T03:16:15.261Z,sell,1.14e-06,2412.0,0.00274968
CND/BTC,1561691801758,2019-06-28T03:16:41.758Z,buy,1.15e-06,281.0,0.00032315
CND/BTC,1561691819517,2019-06-28T03:16:59.517Z,buy,1.15e-06,296.0,0.0003404
CND/BTC,1561691826261,2019-06-28T03:17:06.261Z,sell,1.14e-06,980.0,0.0011172
CND/BTC,1561691827144,2019-06-28T03:17:07.144Z,sell,1.14e-06,2693.0,0.00307002
CND/BTC,1561691827153,2019-06-28T03:17:07.153Z,sell,1.14e-06,16504.0,0.01881456
CND/BTC,1561691827156,2019-06-28T03:17:07.156Z,sell,1.14e-06,23513.0,0.02680482
CND/BTC,1561692013214,2019-06-28T03:20:13.214Z,buy,1.15e-06,277.0,0.00031855
CND/BTC,1561692251833,2019-06-28T03:24:11.833Z,buy,1.15e-06,1165.0,0.00133975
CND/BTC,1561692370863,2019-06-28T03:26:10.863Z,sell,1.13e-06,989.0,0.00111757
CND/BTC,1561692484873,2019-06-28T03:28:04.873Z,buy,1.14e-06,26226.0,0.02989764
CND/BTC,1561692633252,2019-06-28T03:30:33.252Z,sell,1.14e-06,8394.0,0.00956916
CND/BTC,1561692633252,2019-06-28T03:30:33.252Z,sell,1.14e-06,8394.0,0.00956916
CND/BTC,1561692823904,2019-06-28T03:33:43.904Z,sell,1.14e-06,6289.0,0.00716946
CND/BTC,1561693045893,2019-06-28T03:37:25.893Z,sell,1.14e-06,1108.0,0.00126312
CND/BTC,1561693262151,2019-06-28T03:41:02.151Z,sell,1.14e-06,48345.0,0.0551133
CND/BTC,1561693363618,2019-06-28T03:42:43.618Z,buy,1.14e-06,3500.0,0.00399
CND/BTC,1561693869074,2019-06-28T03:51:09.074Z,sell,1.13e-06,2076.0,0.00234588
CND/BTC,1561694145080,2019-06-28T03:55:45.080Z,buy,1.15e-06,267.0,0.00030705
CND/BTC,1561694158006,2019-06-28T03:55:58.006Z,buy,1.15e-06,259.0,0.00029785
CND/BTC,1561694178605,2019-06-28T03:56:18.605Z,buy,1.15e-06,1740.0,0.002001
CND/BTC,1561694237251,2019-06-28T03:57:17.251Z,buy,1.15e-06,324.0,0.0003726
CND/BTC,1561694237294,2019-06-28T03:57:17.294Z,sell,1.14e-06,1189.0,0.00135546
CND/BTC,1561694304850,2019-06-28T03:58:24.850Z,buy,1.15e-06,313.0,0.00035995
CND/BTC,1561694305046,2019-06-28T03:58:25.046Z,sell,1.14e-06,2246.0,0.00256044
CND/BTC,1561694492518,2019-06-28T04:01:32.518Z,buy,1.15e-06,1341.0,0.00154215
CND/BTC,1561694573445,2019-06-28T04:02:53.445Z,sell,1.14e-06,3184.0,0.00362976
CND/BTC,1561694586737,2019-06-28T04:03:06.737Z,sell,1.14e-06,15563.0,0.01774182
CND/BTC,1561694834044,2019-06-28T04:07:14.044Z,buy,1.14e-06,2000.0,0.00228
CND/BTC,1561695026470,2019-06-28T04:10:26.470Z,buy,1.14e-06,2628.0,0.00299592
CND/BTC,1561695270782,2019-06-28T04:14:30.782Z,buy,1.14e-06,4839.0,0.00551646
CND/BTC,1561695406409,2019-06-28T04:16:46.409Z,buy,1.14e-06,263.0,0.00029982
CND/BTC,1561696021484,2019-06-28T04:27:01.484Z,buy,1.14e-06,324.0,0.00036936
CND/BTC,1561696021864,2019-06-28T04:27:01.864Z,buy,1.14e-06,312.0,0.00035568
CND/BTC,1561696108287,2019-06-28T04:28:28.287Z,buy,1.14e-06,3577.0,0.00407778
CND/BTC,1561696131131,2019-06-28T04:28:51.131Z,buy,1.14e-06,39912.0,0.04549968
CND/BTC,1561696158900,2019-06-28T04:29:18.900Z,buy,1.14e-06,3571.0,0.00407094
CND/BTC,1561696229859,2019-06-28T04:30:29.859Z,buy,1.15e-06,1626.0,0.0018699
CND/BTC,1561696229859,2019-06-28T04:30:29.859Z,buy,1.15e-06,1626.0,0.0018699
CND/BTC,1561696303162,2019-06-28T04:31:43.162Z,buy,1.14e-06,2524.0,0.00287736
CND/BTC,1561696569802,2019-06-28T04:36:09.802Z,buy,1.15e-06,83578.0,0.0961147
CND/BTC,1561696619107,2019-06-28T04:36:59.107Z,buy,1.15e-06,17391.0,0.01999965
CND/BTC,1561696688595,2019-06-28T04:38:08.595Z,buy,1.15e-06,13721.0,0.01577915
CND/BTC,1561696803133,2019-06-28T04:40:03.133Z,buy,1.15e-06,9193.0,0.01057195
CND/BTC,1561696811380,2019-06-28T04:40:11.380Z,buy,1.15e-06,5039.0,0.00579485
CND/BTC,1561696836198,2019-06-28T04:40:36.198Z,buy,1.15e-06,6101.0,0.00701615
CND/BTC,1561696872340,2019-06-28T04:41:12.340Z,buy,1.15e-06,1162.0,0.0013363
CND/BTC,1561696891922,2019-06-28T04:41:31.922Z,sell,1.14e-06,1789.0,0.00203946
CND/BTC,1561696902967,2019-06-28T04:41:42.967Z,buy,1.15e-06,4231.0,0.00486565
CND/BTC,1561696903075,2019-06-28T04:41:43.075Z,buy,1.15e-06,30000.0,0.0345
CND/BTC,1561697009040,2019-06-28T04:43:29.040Z,buy,1.15e-06,18500.0,0.021275
CND/BTC,1561697009061,2019-06-28T04:43:29.061Z,sell,1.15e-06,6138.0,0.0070587
CND/BTC,1561697009086,2019-06-28T04:43:29.086Z,sell,1.15e-06,21633.0,0.02487795
CND/BTC,1561697009141,2019-06-28T04:43:29.141Z,sell,1.15e-06,2147.0,0.00246905
CND/BTC,1561697036210,2019-06-28T04:43:56.210Z,sell,1.14e-06,13274.0,0.01513236
CND/BTC,1561697050301,2019-06-28T04:44:10.301Z,buy,1.15e-06,17313.0,0.01990995
CND/BTC,1561697166392,2019-06-28T04:46:06.392Z,buy,1.15e-06,302.0,0.0003473
CND/BTC,1561697239652,2019-06-28T04:47:19.652Z,sell,1.14e-06,7985.0,0.0091029
CND/BTC,1561697245758,2019-06-28T04:47:25.758Z,buy,1.15e-06,8596.0,0.0098854
CND/BTC,1561697314984,2019-06-28T04:48:34.984Z,buy,1.15e-06,2631.0,0.00302565
CND/BTC,1561697373365,2019-06-28T04:49:33.365Z,buy,1.15e-06,47665.0,0.05481475
CND/BTC,1561697373413,2019-06-28T04:49:33.413Z,sell,1.15e-06,900.0,0.001035
CND/BTC,1561697373468,2019-06-28T04:49:33.468Z,sell,1.15e-06,19617.0,0.02255955
CND/BTC,1561697681099,2019-06-28T04:54:41.099Z,buy,1.16e-06,322.0,0.0003735199999999
CND/BTC,1561697681124,2019-06-28T04:54:41.124Z,sell,1.15e-06,899.0,0.00103385
CND/BTC,1561698067672,2019-06-28T05:01:07.672Z,buy,1.15e-06,3561.0,0.00409515
CND/BTC,1561698067679,2019-06-28T05:01:07.679Z,buy,1.15e-06,1188.0,0.0013662
CND/BTC,1561698083267,2019-06-28T05:01:23.267Z,buy,1.16e-06,8309.0,0.00963844
CND/BTC,1561698164027,2019-06-28T05:02:44.027Z,sell,1.15e-06,873.0,0.00100395
CND/BTC,1561698182914,2019-06-28T05:03:02.914Z,sell,1.15e-06,10426.0,0.0119899
CND/BTC,1561698182934,2019-06-28T05:03:02.934Z,buy,1.15e-06,3237.0,0.00372255
CND/BTC,1561698182961,2019-06-28T05:03:02.961Z,buy,1.15e-06,3432.0,0.0039468
CND/BTC,1561698182967,2019-06-28T05:03:02.967Z,buy,1.15e-06,3237.0,0.00372255
CND/BTC,1561698182972,2019-06-28T05:03:02.972Z,buy,1.15e-06,13032.0,0.0149868
CND/BTC,1561698182998,2019-06-28T05:03:02.998Z,buy,1.15e-06,3434.0,0.0039491
CND/BTC,1561698183003,2019-06-28T05:03:03.003Z,buy,1.15e-06,9973.0,0.01146895
CND/BTC,1561698186644,2019-06-28T05:03:06.644Z,sell,1.15e-06,3237.0,0.00372255
CND/BTC,1561698251598,2019-06-28T05:04:11.598Z,sell,1.15e-06,3432.0,0.0039468
CND/BTC,1561698389753,2019-06-28T05:06:29.753Z,buy,1.15e-06,1568.0,0.0018032
CND/BTC,1561698390295,2019-06-28T05:06:30.295Z,sell,1.15e-06,3508.0,0.0040342
CND/BTC,1561698405445,2019-06-28T05:06:45.445Z,buy,1.16e-06,238.0,0.00027608
CND/BTC,1561698602866,2019-06-28T05:10:02.866Z,buy,1.16e-06,77586.0,0.08999976
CND/BTC,1561698610900,2019-06-28T05:10:10.900Z,buy,1.16e-06,903.0,0.00104748
CND/BTC,1561698642937,2019-06-28T05:10:42.937Z,sell,1.15e-06,2035.0,0.00234025
CND/BTC,1561698663723,2019-06-28T05:11:03.723Z,sell,1.15e-06,1036.0,0.0011914
CND/BTC,1561698687798,2019-06-28T05:11:27.798Z,buy,1.16e-06,1200.0,0.0013919999999999
CND/BTC,1561699012825,2019-06-28T05:16:52.825Z,buy,1.16e-06,1587.0,0.0018409199999999
CND/BTC,1561699065283,2019-06-28T05:17:45.283Z,sell,1.15e-06,1304.0,0.0014996
CND/BTC,1561699147950,2019-06-28T05:19:07.950Z,buy,1.16e-06,24956.0,0.02894896
CND/BTC,1561699201720,2019-06-28T05:20:01.720Z,buy,1.16e-06,5692.0,0.0066027199999999
CND/BTC,1561699265963,2019-06-28T05:21:05.963Z,sell,1.15e-06,1009.0,0.00116035
CND/BTC,1561699360016,2019-06-28T05:22:40.016Z,sell,1.16e-06,13130.0,0.0152308
CND/BTC,1561699392294,2019-06-28T05:23:12.294Z,sell,1.16e-06,12931.0,0.0149999599999999
CND/BTC,1561699460750,2019-06-28T05:24:20.750Z,sell,1.16e-06,208871.0,0.2422903599999999
CND/BTC,1561699501142,2019-06-28T05:25:01.142Z,sell,1.16e-06,16316.0,0.01892656
CND/BTC,1561699752932,2019-06-28T05:29:12.932Z,sell,1.16e-06,12913.0,0.0149790799999999
CND/BTC,1561699752949,2019-06-28T05:29:12.949Z,buy,1.16e-06,5422.0,0.00628952
CND/BTC,1561699752979,2019-06-28T05:29:12.979Z,buy,1.16e-06,9971.0,0.01156636
CND/BTC,1561699752980,2019-06-28T05:29:12.980Z,buy,1.16e-06,21362.0,0.0247799199999999
CND/BTC,1561699808313,2019-06-28T05:30:08.313Z,buy,1.16e-06,2876.0,0.00333616
CND/BTC,1561699808313,2019-06-28T05:30:08.313Z,buy,1.16e-06,2876.0,0.00333616
CND/BTC,1561699835074,2019-06-28T05:30:35.074Z,buy,1.16e-06,8834.0,0.01024744
CND/BTC,1561699835077,2019-06-28T05:30:35.077Z,buy,1.16e-06,9971.0,0.01156636
CND/BTC,1561699835495,2019-06-28T05:30:35.495Z,buy,1.16e-06,8834.0,0.01024744
CND/BTC,1561699835500,2019-06-28T05:30:35.500Z,buy,1.16e-06,9971.0,0.01156636
CND/BTC,1561699835500,2019-06-28T05:30:35.500Z,buy,1.16e-06,20007.0,0.02320812
CND/BTC,1561700015576,2019-06-28T05:33:35.576Z,buy,1.16e-06,13362.0,0.0154999199999999
CND/BTC,1561700172302,2019-06-28T05:36:12.302Z,buy,1.16e-06,4938.0,0.0057280799999999
CND/BTC,1561700233371,2019-06-28T05:37:13.371Z,buy,1.16e-06,51115.0,0.0592933999999999
CND/BTC,1561700307215,2019-06-28T05:38:27.215Z,buy,1.16e-06,2136.0,0.00247776
CND/BTC,1561700559772,2019-06-28T05:42:39.772Z,buy,1.16e-06,72504.0,0.08410464
CND/BTC,1561700597482,2019-06-28T05:43:17.482Z,buy,1.16e-06,7665.0,0.0088913999999999
CND/BTC,1561700787108,2019-06-28T05:46:27.108Z,buy,1.16e-06,1127.0,0.0013073199999999
CND/BTC,1561700822927,2019-06-28T05:47:02.927Z,buy,1.16e-06,10000.0,0.0116
CND/BTC,1561700868534,2019-06-28T05:47:48.534Z,buy,1.16e-06,26373.0,0.0305926799999999
CND/BTC,1561701269008,2019-06-28T05:54:29.008Z,buy,1.16e-06,7042.0,0.0081687199999999
CND/BTC,1561701489472,2019-06-28T05:58:09.472Z,buy,1.16e-06,171623.0,0.1990826799999999
CND/BTC,1561701489499,2019-06-28T05:58:09.499Z,sell,1.16e-06,999.0,0.00115884
CND/BTC,1561701489502,2019-06-28T05:58:09.502Z,sell,1.16e-06,29937.0,0.0347269199999999
CND/BTC,1561701489540,2019-06-28T05:58:09.540Z,sell,1.16e-06,2959.0,0.0034324399999999
CND/BTC,1561701489559,2019-06-28T05:58:09.559Z,sell,1.16e-06,2876.0,0.00333616
CND/BTC,1561701503810,2019-06-28T05:58:23.810Z,buy,1.17e-06,105316.0,0.12321972
CND/BTC,1561701540346,2019-06-28T05:59:00.346Z,buy,1.17e-06,283881.0,0.33214077
CND/BTC,1561701540370,2019-06-28T05:59:00.370Z,sell,1.17e-06,4142.0,0.00484614
CND/BTC,1561701542107,2019-06-28T05:59:02.107Z,sell,1.17e-06,855.0,0.00100035
CND/BTC,1561701546125,2019-06-28T05:59:06.125Z,sell,1.17e-06,1403.0,0.00164151
CND/BTC,1561701599987,2019-06-28T05:59:59.987Z,sell,1.17e-06,3617.0,0.00423189
CND/BTC,1561701612587,2019-06-28T06:00:12.587Z,sell,1.17e-06,3290.0,0.0038493
CND/BTC,1561701620627,2019-06-28T06:00:20.627Z,buy,1.17e-06,1363.0,0.00159471
CND/BTC,1561701626146,2019-06-28T06:00:26.146Z,buy,1.17e-06,46425.0,0.05431725
CND/BTC,1561701639403,2019-06-28T06:00:39.403Z,sell,1.16e-06,44603.0,0.05173948
CND/BTC,1561701642805,2019-06-28T06:00:42.805Z,buy,1.17e-06,4188.0,0.00489996
CND/BTC,1561701661565,2019-06-28T06:01:01.565Z,sell,1.16e-06,4695.0,0.0054461999999999
CND/BTC,1561701675555,2019-06-28T06:01:15.555Z,sell,1.16e-06,5000.0,0.0058
CND/BTC,1561701680149,2019-06-28T06:01:20.149Z,sell,1.16e-06,876.0,0.00101616
CND/BTC,1561701680270,2019-06-28T06:01:20.270Z,buy,1.16e-06,1580.0,0.0018327999999999
CND/BTC,1561701680406,2019-06-28T06:01:20.406Z,buy,1.16e-06,7360.0,0.0085376
CND/BTC,1561701822214,2019-06-28T06:03:42.214Z,sell,1.16e-06,17674.0,0.0205018399999999
CND/BTC,1561701863161,2019-06-28T06:04:23.161Z,sell,1.16e-06,1127.0,0.0013073199999999
CND/BTC,1561701965907,2019-06-28T06:06:05.907Z,sell,1.16e-06,173335.0,0.2010686
CND/BTC,1561701968557,2019-06-28T06:06:08.557Z,buy,1.16e-06,3608.0,0.0041852799999999
CND/BTC,1561701970414,2019-06-28T06:06:10.414Z,buy,1.16e-06,7625.0,0.0088449999999999
CND/BTC,1561702221009,2019-06-28T06:10:21.009Z,sell,1.15e-06,1426.0,0.0016399
CND/BTC,1561702332415,2019-06-28T06:12:12.415Z,sell,1.15e-06,1503.0,0.00172845
CND/BTC,1561702530578,2019-06-28T06:15:30.578Z,sell,1.15e-06,26288.0,0.0302312
CND/BTC,1561702572454,2019-06-28T06:16:12.454Z,sell,1.15e-06,20000.0,0.023
CND/BTC,1561702730905,2019-06-28T06:18:50.905Z,sell,1.15e-06,29593.0,0.03403195
CND/BTC,1561702731391,2019-06-28T06:18:51.391Z,sell,1.15e-06,5199.0,0.00597885
CND/BTC,1561702937553,2019-06-28T06:22:17.553Z,buy,1.16e-06,119811.0,0.1389807599999999
CND/BTC,1561702940836,2019-06-28T06:22:20.836Z,buy,1.16e-06,3448.0,0.0039996799999999
CND/BTC,1561702941573,2019-06-28T06:22:21.573Z,buy,1.16e-06,3448.0,0.0039996799999999
CND/BTC,1561702944533,2019-06-28T06:22:24.533Z,buy,1.16e-06,3448.0,0.0039996799999999
CND/BTC,1561702944563,2019-06-28T06:22:24.563Z,buy,1.16e-06,3448.0,0.0039996799999999
CND/BTC,1561702960165,2019-06-28T06:22:40.165Z,buy,1.16e-06,17164.0,0.01991024
CND/BTC,1561702982190,2019-06-28T06:23:02.190Z,sell,1.16e-06,870.0,0.0010091999999999
CND/BTC,1561702983171,2019-06-28T06:23:03.171Z,buy,1.17e-06,554.0,0.00064818
CND/BTC,1561702983285,2019-06-28T06:23:03.285Z,sell,1.17e-06,1580.0,0.0018486
CND/BTC,1561702992148,2019-06-28T06:23:12.148Z,sell,1.17e-06,4000.0,0.00468
CND/BTC,1561702998972,2019-06-28T06:23:18.972Z,buy,1.18e-06,7405.0,0.0087379
CND/BTC,1561702998993,2019-06-28T06:23:18.993Z,sell,1.18e-06,4514.0,0.0053265199999999
CND/BTC,1561703126046,2019-06-28T06:25:26.046Z,sell,1.17e-06,5585.0,0.00653445
CND/BTC,1561703126046,2019-06-28T06:25:26.046Z,sell,1.17e-06,5585.0,0.00653445
CND/BTC,1561703517485,2019-06-28T06:31:57.485Z,sell,1.17e-06,1248.0,0.00146016
CND/BTC,1561703566223,2019-06-28T06:32:46.223Z,sell,1.17e-06,6699.0,0.00783783
CND/BTC,1561703566223,2019-06-28T06:32:46.223Z,sell,1.16e-06,12737.0,0.0147749199999999
CND/BTC,1561703621735,2019-06-28T06:33:41.735Z,sell,1.17e-06,964.0,0.00112788
CND/BTC,1561703701320,2019-06-28T06:35:01.320Z,sell,1.17e-06,2454.0,0.00287118
CND/BTC,1561703701320,2019-06-28T06:35:01.320Z,sell,1.16e-06,1351.0,0.00156716
CND/BTC,1561703724231,2019-06-28T06:35:24.231Z,sell,1.16e-06,1436.0,0.0016657599999999
CND/BTC,1561703724827,2019-06-28T06:35:24.827Z,sell,1.16e-06,28977.0,0.0336133199999999
CND/BTC,1561703872302,2019-06-28T06:37:52.302Z,sell,1.16e-06,2286.0,0.00265176
CND/BTC,1561703960324,2019-06-28T06:39:20.324Z,buy,1.17e-06,4175.0,0.00488475
CND/BTC,1561704087887,2019-06-28T06:41:27.887Z,sell,1.16e-06,1077.0,0.00124932
CND/BTC,1561704158063,2019-06-28T06:42:38.063Z,buy,1.18e-06,241.0,0.00028438
CND/BTC,1561704230558,2019-06-28T06:43:50.558Z,buy,1.18e-06,22641.0,0.0267163799999999
CND/BTC,1561704252038,2019-06-28T06:44:12.038Z,buy,1.18e-06,1323.0,0.00156114
CND/BTC,1561704323565,2019-06-28T06:45:23.565Z,sell,1.17e-06,3591.0,0.00420147
CND/BTC,1561704323565,2019-06-28T06:45:23.565Z,sell,1.16e-06,2104.0,0.00244064
CND/BTC,1561704655714,2019-06-28T06:50:55.714Z,sell,1.16e-06,876.0,0.00101616
CND/BTC,1561704954429,2019-06-28T06:55:54.429Z,sell,1.16e-06,22619.0,0.0262380399999999
CND/BTC,1561705054638,2019-06-28T06:57:34.638Z,sell,1.16e-06,11243.0,0.0130418799999999
CND/BTC,1561705435241,2019-06-28T07:03:55.241Z,sell,1.16e-06,9772.0,0.0113355199999999
CND/BTC,1561705634534,2019-06-28T07:07:14.534Z,sell,1.16e-06,501490.0,0.5817283999999999
CND/BTC,1561706243683,2019-06-28T07:17:23.683Z,sell,1.16e-06,14984.0,0.0173814399999999
CND/BTC,1561706249215,2019-06-28T07:17:29.215Z,sell,1.16e-06,153754.0,0.1783546399999999
CND/BTC,1561706250068,2019-06-28T07:17:30.068Z,buy,1.16e-06,20088.0,0.02330208
CND/BTC,1561706252249,2019-06-28T07:17:32.249Z,buy,1.16e-06,9094.0,0.0105490399999999
CND/BTC,1561706252801,2019-06-28T07:17:32.801Z,sell,1.15e-06,1017.0,0.00116955
CND/BTC,1561706260765,2019-06-28T07:17:40.765Z,sell,1.15e-06,3448.0,0.0039652
CND/BTC,1561706261217,2019-06-28T07:17:41.217Z,sell,1.15e-06,3448.0,0.0039652
CND/BTC,1561706262784,2019-06-28T07:17:42.784Z,sell,1.15e-06,3448.0,0.0039652
CND/BTC,1561706268216,2019-06-28T07:17:48.216Z,sell,1.15e-06,3448.0,0.0039652
CND/BTC,1561706292998,2019-06-28T07:18:12.998Z,sell,1.15e-06,8263.0,0.00950245
CND/BTC,1561706293689,2019-06-28T07:18:13.689Z,buy,1.15e-06,19283.0,0.02217545
CND/BTC,1561706333159,2019-06-28T07:18:53.159Z,buy,1.15e-06,3164.0,0.0036386
CND/BTC,1561706351648,2019-06-28T07:19:11.648Z,buy,1.15e-06,39284.0,0.0451766
CND/BTC,1561706378705,2019-06-28T07:19:38.705Z,buy,1.15e-06,4972.0,0.0057178
CND/BTC,1561706445933,2019-06-28T07:20:45.933Z,sell,1.14e-06,25700.0,0.029298
CND/BTC,1561706445933,2019-06-28T07:20:45.933Z,sell,1.13e-06,3478.0,0.0039301399999999
CND/BTC,1561706445933,2019-06-28T07:20:45.933Z,sell,1.13e-06,10000.0,0.0113
CND/BTC,1561706445933,2019-06-28T07:20:45.933Z,sell,1.13e-06,10000.0,0.0113
CND/BTC,1561706449389,2019-06-28T07:20:49.389Z,buy,1.15e-06,43483.0,0.05000545
CND/BTC,1561706461136,2019-06-28T07:21:01.136Z,sell,1.14e-06,8840.0,0.0100776
CND/BTC,1561706617441,2019-06-28T07:23:37.441Z,sell,1.14e-06,1323.0,0.00150822
CND/BTC,1561706617441,2019-06-28T07:23:37.441Z,sell,1.14e-06,1323.0,0.00150822
CND/BTC,1561706960532,2019-06-28T07:29:20.532Z,sell,1.14e-06,2133.0,0.00243162
CND/BTC,1561706989770,2019-06-28T07:29:49.770Z,sell,1.14e-06,26945.0,0.0307173
CND/BTC,1561706989770,2019-06-28T07:29:49.770Z,sell,1.13e-06,35003.0,0.03955339
CND/BTC,1561707025636,2019-06-28T07:30:25.636Z,sell,1.14e-06,1697.0,0.00193458
CND/BTC,1561707025636,2019-06-28T07:30:25.636Z,sell,1.13e-06,2486.0,0.00280918
CND/BTC,1561707096366,2019-06-28T07:31:36.366Z,buy,1.15e-06,3367.0,0.00387205
CND/BTC,1561707103129,2019-06-28T07:31:43.129Z,buy,1.15e-06,13043.0,0.01499945
CND/BTC,1561707183819,2019-06-28T07:33:03.819Z,sell,1.14e-06,2127.0,0.00242478
CND/BTC,1561707192325,2019-06-28T07:33:12.325Z,sell,1.14e-06,949.0,0.00108186
CND/BTC,1561707252233,2019-06-28T07:34:12.233Z,sell,1.14e-06,959.0,0.00109326
CND/BTC,1561707375108,2019-06-28T07:36:15.108Z,buy,1.15e-06,240.0,0.000276
CND/BTC,1561707382051,2019-06-28T07:36:22.051Z,buy,1.15e-06,60028.0,0.0690322
CND/BTC,1561708005687,2019-06-28T07:46:45.687Z,buy,1.15e-06,8695.0,0.00999925
CND/BTC,1561708123508,2019-06-28T07:48:43.508Z,buy,1.15e-06,12002.0,0.0138023
CND/BTC,1561708229631,2019-06-28T07:50:29.631Z,sell,1.14e-06,43339.0,0.04940646
CND/BTC,1561708297232,2019-06-28T07:51:37.232Z,sell,1.14e-06,1318.0,0.00150252
CND/BTC,1561708480396,2019-06-28T07:54:40.396Z,sell,1.14e-06,10233.0,0.01166562
CND/BTC,1561708491435,2019-06-28T07:54:51.435Z,sell,1.14e-06,40044.0,0.04565016
CND/BTC,1561708501493,2019-06-28T07:55:01.493Z,buy,1.15e-06,50000.0,0.0575
CND/BTC,1561708511040,2019-06-28T07:55:11.040Z,sell,1.14e-06,881.0,0.00100434
CND/BTC,1561708646402,2019-06-28T07:57:26.402Z,sell,1.14e-06,2107.0,0.00240198
CND/BTC,1561708938774,2019-06-28T08:02:18.774Z,buy,1.15e-06,1471.0,0.00169165
CND/BTC,1561709077539,2019-06-28T08:04:37.539Z,buy,1.15e-06,9164.0,0.0105386
CND/BTC,1561709128370,2019-06-28T08:05:28.370Z,buy,1.15e-06,17813.0,0.02048495
CND/BTC,1561709157712,2019-06-28T08:05:57.712Z,buy,1.15e-06,2000.0,0.0023
CND/BTC,1561709490760,2019-06-28T08:11:30.760Z,sell,1.14e-06,973.0,0.00110922
CND/BTC,1561709670016,2019-06-28T08:14:30.016Z,buy,1.15e-06,208500.0,0.239775
CND/BTC,1561709670016,2019-06-28T08:14:30.016Z,buy,1.15e-06,208500.0,0.239775
CND/BTC,1561710656039,2019-06-28T08:30:56.039Z,buy,1.15e-06,3222.0,0.0037053
CND/BTC,1561710804239,2019-06-28T08:33:24.239Z,buy,1.15e-06,1172.0,0.0013478
CND/BTC,1561711248938,2019-06-28T08:40:48.938Z,buy,1.15e-06,60869.0,0.06999935
CND/BTC,1561711722946,2019-06-28T08:48:42.946Z,buy,1.15e-06,218286.0,0.2510289
CND/BTC,1561711809119,2019-06-28T08:50:09.119Z,sell,1.14e-06,113788.0,0.12971832
CND/BTC,1561712014044,2019-06-28T08:53:34.044Z,sell,1.14e-06,5186.0,0.00591204
CND/BTC,1561712014311,2019-06-28T08:53:34.311Z,sell,1.14e-06,96920.0,0.1104888
CND/BTC,1561712101269,2019-06-28T08:55:01.269Z,sell,1.14e-06,9184.0,0.01046976
CND/BTC,1561712221776,2019-06-28T08:57:01.776Z,sell,1.14e-06,17501.0,0.01995114
CND/BTC,1561712221776,2019-06-28T08:57:01.776Z,sell,1.13e-06,8455.0,0.0095541499999999
CND/BTC,1561712231666,2019-06-28T08:57:11.666Z,sell,1.14e-06,6101.0,0.00695514
CND/BTC,1561712326172,2019-06-28T08:58:46.172Z,sell,1.13e-06,9174.0,0.01036662
CND/BTC,1561712439054,2019-06-28T09:00:39.054Z,sell,1.13e-06,13048.0,0.01474424
CND/BTC,1561712441498,2019-06-28T09:00:41.498Z,buy,1.13e-06,1754.0,0.00198202
CND/BTC,1561712472404,2019-06-28T09:01:12.404Z,sell,1.12e-06,12503.0,0.01400336
CND/BTC,1561712472896,2019-06-28T09:01:12.896Z,buy,1.13e-06,26548.0,0.02999924
CND/BTC,1561712523997,2019-06-28T09:02:03.997Z,sell,1.12e-06,12503.0,0.01400336
CND/BTC,1561712570107,2019-06-28T09:02:50.107Z,sell,1.12e-06,47374.0,0.05305888
CND/BTC,1561712586416,2019-06-28T09:03:06.416Z,buy,1.13e-06,12427.0,0.01404251
CND/BTC,1561712586905,2019-06-28T09:03:06.905Z,buy,1.13e-06,201061.0,0.22719893
CND/BTC,1561712614725,2019-06-28T09:03:34.725Z,buy,1.13e-06,963.0,0.00108819
CND/BTC,1561712614760,2019-06-28T09:03:34.760Z,buy,1.13e-06,963.0,0.00108819
CND/BTC,1561712666555,2019-06-28T09:04:26.555Z,buy,1.13e-06,66846.0,0.07553598
CND/BTC,1561712677494,2019-06-28T09:04:37.494Z,sell,1.13e-06,10477.0,0.01183901
CND/BTC,1561712701881,2019-06-28T09:05:01.881Z,sell,1.13e-06,2763.0,0.00312219
CND/BTC,1561712720577,2019-06-28T09:05:20.577Z,buy,1.14e-06,2443.0,0.00278502
CND/BTC,1561712720631,2019-06-28T09:05:20.631Z,sell,1.14e-06,1065.0,0.0012141
CND/BTC,1561712765570,2019-06-28T09:06:05.570Z,sell,1.13e-06,27271.0,0.03081623
CND/BTC,1561712906610,2019-06-28T09:08:26.610Z,sell,1.13e-06,9000.0,0.01017
CND/BTC,1561712925411,2019-06-28T09:08:45.411Z,sell,1.13e-06,4295.0,0.00485335
CND/BTC,1561713056042,2019-06-28T09:10:56.042Z,sell,1.13e-06,1728.0,0.00195264
CND/BTC,1561713118101,2019-06-28T09:11:58.101Z,sell,1.13e-06,1092.0,0.0012339599999999
CND/BTC,1561713118101,2019-06-28T09:11:58.101Z,sell,1.12e-06,2416.0,0.00270592
CND/BTC,1561713118101,2019-06-28T09:11:58.101Z,sell,1.12e-06,70550.0,0.079016
CND/BTC,1561713118101,2019-06-28T09:11:58.101Z,sell,1.11e-06,14867.0,0.01650237
CND/BTC,1561713119984,2019-06-28T09:11:59.984Z,sell,1.12e-06,1125.0,0.00126
CND/BTC,1561713182556,2019-06-28T09:13:02.556Z,buy,1.13e-06,3539.0,0.0039990699999999
CND/BTC,1561713246140,2019-06-28T09:14:06.140Z,sell,1.11e-06,20491.0,0.02274501
CND/BTC,1561713257148,2019-06-28T09:14:17.148Z,sell,1.11e-06,23634.0,0.02623374
CND/BTC,1561713263934,2019-06-28T09:14:23.934Z,buy,1.12e-06,5942.0,0.00665504
CND/BTC,1561713263934,2019-06-28T09:14:23.934Z,buy,1.12e-06,5942.0,0.00665504
CND/BTC,1561713407213,2019-06-28T09:16:47.213Z,buy,1.13e-06,7928.0,0.00895864
CND/BTC,1561713407243,2019-06-28T09:16:47.243Z,sell,1.13e-06,5346.0,0.00604098
CND/BTC,1561713508659,2019-06-28T09:18:28.659Z,sell,1.12e-06,3526.0,0.00394912
CND/BTC,1561713548056,2019-06-28T09:19:08.056Z,sell,1.11e-06,4967.0,0.00551337
CND/BTC,1561713585465,2019-06-28T09:19:45.465Z,sell,1.11e-06,1980.0,0.0021977999999999
CND/BTC,1561713614905,2019-06-28T09:20:14.905Z,buy,1.12e-06,10800.0,0.012096
CND/BTC,1561713621773,2019-06-28T09:20:21.773Z,sell,1.12e-06,3508.0,0.00392896
CND/BTC,1561713624800,2019-06-28T09:20:24.800Z,sell,1.11e-06,1546.0,0.00171606
CND/BTC,1561713655345,2019-06-28T09:20:55.345Z,sell,1.11e-06,2327.0,0.00258297
CND/BTC,1561713662290,2019-06-28T09:21:02.290Z,sell,1.1e-06,3539.0,0.0038929
CND/BTC,1561713681989,2019-06-28T09:21:21.989Z,sell,1.1e-06,2330.0,0.002563
CND/BTC,1561713693279,2019-06-28T09:21:33.279Z,sell,1.1e-06,14201.0,0.0156211
CND/BTC,1561713696524,2019-06-28T09:21:36.524Z,sell,1.1e-06,17468.0,0.0192148
CND/BTC,1561713699067,2019-06-28T09:21:39.067Z,sell,1.1e-06,241569.0,0.2657259
CND/BTC,1561713752156,2019-06-28T09:22:32.156Z,sell,1.1e-06,63443.0,0.0697873
CND/BTC,1561713753284,2019-06-28T09:22:33.284Z,buy,1.1e-06,1175.0,0.0012925
CND/BTC,1561713809926,2019-06-28T09:23:29.926Z,buy,1.1e-06,3087.0,0.0033957
CND/BTC,1561713810525,2019-06-28T09:23:30.525Z,buy,1.1e-06,910.0,0.001001
CND/BTC,1561713833691,2019-06-28T09:23:53.691Z,sell,1.09e-06,3603.0,0.00392727
CND/BTC,1561713833691,2019-06-28T09:23:53.691Z,sell,1.09e-06,33305.0,0.03630245
CND/BTC,1561713833691,2019-06-28T09:23:53.691Z,sell,1.08e-06,3226.0,0.00348408
CND/BTC,1561713833713,2019-06-28T09:23:53.713Z,buy,1.08e-06,26609.0,0.02873772
CND/BTC,1561713833716,2019-06-28T09:23:53.716Z,buy,1.08e-06,34672.0,0.03744576
CND/BTC,1561713833725,2019-06-28T09:23:53.725Z,buy,1.08e-06,10370.0,0.0111996
CND/BTC,1561713833947,2019-06-28T09:23:53.947Z,buy,1.09e-06,1175.0,0.00128075
CND/BTC,1561713834157,2019-06-28T09:23:54.157Z,buy,1.1e-06,12788.0,0.0140668
CND/BTC,1561713834405,2019-06-28T09:23:54.405Z,sell,1.09e-06,10370.0,0.0113032999999999
CND/BTC,1561713834462,2019-06-28T09:23:54.462Z,sell,1.09e-06,26548.0,0.02893732
CND/BTC,1561713834561,2019-06-28T09:23:54.561Z,sell,1.09e-06,973.0,0.00106057
CND/BTC,1561713835318,2019-06-28T09:23:55.318Z,sell,1.09e-06,2132.0,0.00232388
CND/BTC,1561713847677,2019-06-28T09:24:07.677Z,sell,1.09e-06,2436.0,0.0026552399999999
CND/BTC,1561713915557,2019-06-28T09:25:15.557Z,sell,1.09e-06,1752.0,0.00190968
CND/BTC,1561713985450,2019-06-28T09:26:25.450Z,sell,1.09e-06,53495.0,0.0583095499999999
CND/BTC,1561714016340,2019-06-28T09:26:56.340Z,sell,1.09e-06,18130.0,0.0197617
CND/BTC,1561714106931,2019-06-28T09:28:26.931Z,sell,1.09e-06,191372.0,0.20859548
CND/BTC,1561714173174,2019-06-28T09:29:33.174Z,sell,1.09e-06,45286.0,0.0493617399999999
CND/BTC,1561714178188,2019-06-28T09:29:38.188Z,sell,1.08e-06,16606.0,0.01793448
CND/BTC,1561714178188,2019-06-28T09:29:38.188Z,sell,1.07e-06,1969.0,0.0021068299999999
CND/BTC,1561714178188,2019-06-28T09:29:38.188Z,sell,1.07e-06,2204.0,0.00235828
CND/BTC,1561714179632,2019-06-28T09:29:39.632Z,sell,1.08e-06,1125.0,0.001215
CND/BTC,1561714179753,2019-06-28T09:29:39.753Z,sell,1.08e-06,7807.0,0.00843156
CND/BTC,1561714193534,2019-06-28T09:29:53.534Z,sell,1.08e-06,1026.0,0.00110808
CND/BTC,1561714289724,2019-06-28T09:31:29.724Z,buy,1.09e-06,10182.0,0.01109838
CND/BTC,1561714434020,2019-06-28T09:33:54.020Z,buy,1.09e-06,1200.0,0.001308
CND/BTC,1561714450973,2019-06-28T09:34:10.973Z,buy,1.09e-06,1549.0,0.00168841
CND/BTC,1561714459263,2019-06-28T09:34:19.263Z,sell,1.08e-06,7826.0,0.00845208
CND/BTC,1561714468640,2019-06-28T09:34:28.640Z,sell,1.08e-06,28732.0,0.03103056
CND/BTC,1561714481753,2019-06-28T09:34:41.753Z,sell,1.08e-06,13362.0,0.01443096
CND/BTC,1561714525310,2019-06-28T09:35:25.310Z,sell,1.08e-06,8209.0,0.00886572
CND/BTC,1561714558369,2019-06-28T09:35:58.369Z,sell,1.08e-06,23531.0,0.02541348
CND/BTC,1561714691233,2019-06-28T09:38:11.233Z,sell,1.08e-06,4473.0,0.00483084
CND/BTC,1561714752935,2019-06-28T09:39:12.935Z,sell,1.08e-06,22788.0,0.02461104
CND/BTC,1561714752939,2019-06-28T09:39:12.939Z,sell,1.08e-06,81493.0,0.08801244
CND/BTC,1561714825931,2019-06-28T09:40:25.931Z,sell,1.08e-06,54140.0,0.0584712
CND/BTC,1561714850093,2019-06-28T09:40:50.093Z,buy,1.09e-06,5071.0,0.00552739
CND/BTC,1561714904467,2019-06-28T09:41:44.467Z,buy,1.09e-06,1374.0,0.0014976599999999
CND/BTC,1561714912126,2019-06-28T09:41:52.126Z,buy,1.09e-06,3670.0,0.0040003
CND/BTC,1561715124190,2019-06-28T09:45:24.190Z,buy,1.09e-06,93190.0,0.1015770999999999
CND/BTC,1561715124287,2019-06-28T09:45:24.287Z,buy,1.09e-06,69482.0,0.0757353799999999
CND/BTC,1561715229714,2019-06-28T09:47:09.714Z,buy,1.09e-06,2000.0,0.00218
CND/BTC,1561715306266,2019-06-28T09:48:26.266Z,buy,1.09e-06,3000.0,0.00327
CND/BTC,1561715342106,2019-06-28T09:49:02.106Z,buy,1.09e-06,2000.0,0.00218
CND/BTC,1561715436024,2019-06-28T09:50:36.024Z,sell,1.08e-06,24244.0,0.02618352
CND/BTC,1561715454418,2019-06-28T09:50:54.418Z,sell,1.08e-06,10081.0,0.01088748
CND/BTC,1561715476823,2019-06-28T09:51:16.823Z,sell,1.08e-06,6717.0,0.00725436
CND/BTC,1561715490701,2019-06-28T09:51:30.701Z,sell,1.08e-06,1151.0,0.00124308
CND/BTC,1561715490795,2019-06-28T09:51:30.795Z,buy,1.09e-06,1500.0,0.001635
CND/BTC,1561715653402,2019-06-28T09:54:13.402Z,sell,1.08e-06,10000.0,0.0108
CND/BTC,1561715685310,2019-06-28T09:54:45.310Z,buy,1.09e-06,2057.0,0.0022421299999999
CND/BTC,1561715689701,2019-06-28T09:54:49.701Z,buy,1.09e-06,2057.0,0.0022421299999999
CND/BTC,1561715750701,2019-06-28T09:55:50.701Z,buy,1.09e-06,2716.0,0.00296044
CND/BTC,1561715922326,2019-06-28T09:58:42.326Z,sell,1.08e-06,4899.0,0.00529092
CND/BTC,1561715934933,2019-06-28T09:58:54.933Z,sell,1.08e-06,156498.0,0.16901784
CND/BTC,1561716080888,2019-06-28T10:01:20.888Z,sell,1.07e-06,3669.0,0.00392583
CND/BTC,1561716092098,2019-06-28T10:01:32.098Z,buy,1.08e-06,5368.0,0.00579744
CND/BTC,1561716165097,2019-06-28T10:02:45.097Z,buy,1.08e-06,1500.0,0.00162
CND/BTC,1561716176203,2019-06-28T10:02:56.203Z,buy,1.08e-06,78049.0,0.08429292
CND/BTC,1561716183592,2019-06-28T10:03:03.592Z,sell,1.08e-06,3418.0,0.00369144
CND/BTC,1561716183848,2019-06-28T10:03:03.848Z,sell,1.08e-06,79560.0,0.0859248
CND/BTC,1561716218619,2019-06-28T10:03:38.619Z,buy,1.08e-06,97514.0,0.10531512
CND/BTC,1561716278576,2019-06-28T10:04:38.576Z,buy,1.08e-06,20785.0,0.0224478
CND/BTC,1561716647285,2019-06-28T10:10:47.285Z,sell,1.07e-06,147180.0,0.1574826
CND/BTC,1561716647285,2019-06-28T10:10:47.285Z,sell,1.06e-06,277576.0,0.29423056
CND/BTC,1561716647285,2019-06-28T10:10:47.285Z,sell,1.06e-06,1666.0,0.00176596
CND/BTC,1561716647285,2019-06-28T10:10:47.285Z,sell,1.06e-06,1666.0,0.00176596
CND/BTC,1561716647285,2019-06-28T10:10:47.285Z,sell,1.06e-06,1666.0,0.00176596
CND/BTC,1561716647285,2019-06-28T10:10:47.285Z,sell,1.06e-06,2083.0,0.00220798
CND/BTC,1561716647285,2019-06-28T10:10:47.285Z,sell,1.06e-06,3302.0,0.00350012
CND/BTC,1561716647285,2019-06-28T10:10:47.285Z,sell,1.06e-06,5201.0,0.00551306
CND/BTC,1561716647748,2019-06-28T10:10:47.748Z,sell,1.07e-06,8599.0,0.00920093
CND/BTC,1561716648293,2019-06-28T10:10:48.293Z,sell,1.07e-06,1095.0,0.00117165
CND/BTC,1561716650425,2019-06-28T10:10:50.425Z,sell,1.07e-06,306.0,0.00032742
CND/BTC,1561716651906,2019-06-28T10:10:51.906Z,sell,1.06e-06,16806.0,0.01781436
CND/BTC,1561716661555,2019-06-28T10:11:01.555Z,buy,1.07e-06,819.0,0.0008763299999999
CND/BTC,1561716662698,2019-06-28T10:11:02.698Z,sell,1.07e-06,3333.0,0.0035663099999999
CND/BTC,1561716668901,2019-06-28T10:11:08.901Z,buy,1.08e-06,1772.0,0.00191376
CND/BTC,1561716688283,2019-06-28T10:11:28.283Z,sell,1.07e-06,936.0,0.0010015199999999
CND/BTC,1561716692491,2019-06-28T10:11:32.491Z,buy,1.08e-06,88331.0,0.09539748
CND/BTC,1561716742155,2019-06-28T10:12:22.155Z,sell,1.07e-06,5082.0,0.00543774
CND/BTC,1561716742155,2019-06-28T10:12:22.155Z,sell,1.07e-06,5082.0,0.00543774
CND/BTC,1561716880448,2019-06-28T10:14:40.448Z,sell,1.07e-06,3500.0,0.0037449999999999
CND/BTC,1561716884580,2019-06-28T10:14:44.580Z,buy,1.08e-06,2259.0,0.00243972
CND/BTC,1561717145816,2019-06-28T10:19:05.816Z,buy,1.08e-06,9000.0,0.00972
CND/BTC,1561717157044,2019-06-28T10:19:17.044Z,sell,1.07e-06,13372.0,0.01430804
CND/BTC,1561717299455,2019-06-28T10:21:39.455Z,sell,1.07e-06,16109.0,0.01723663
CND/BTC,1561717340350,2019-06-28T10:22:20.350Z,buy,1.08e-06,13337.0,0.01440396
CND/BTC,1561717677356,2019-06-28T10:27:57.356Z,buy,1.08e-06,37186.0,0.04016088
CND/BTC,1561717918532,2019-06-28T10:31:58.532Z,buy,1.08e-06,1377.0,0.00148716
CND/BTC,1561717932082,2019-06-28T10:32:12.082Z,buy,1.08e-06,4893.0,0.00528444
CND/BTC,1561717940135,2019-06-28T10:32:20.135Z,sell,1.07e-06,9705.0,0.0103843499999999
CND/BTC,1561717945359,2019-06-28T10:32:25.359Z,sell,1.07e-06,55163.0,0.0590244099999999
CND/BTC,1561717985464,2019-06-28T10:33:05.464Z,sell,1.07e-06,15114.0,0.01617198
CND/BTC,1561718001797,2019-06-28T10:33:21.797Z,sell,1.07e-06,19482.0,0.0208457399999999
CND/BTC,1561718082653,2019-06-28T10:34:42.653Z,sell,1.07e-06,1163.0,0.0012444099999999
CND/BTC,1561718103039,2019-06-28T10:35:03.039Z,sell,1.07e-06,939.0,0.00100473
CND/BTC,1561718451698,2019-06-28T10:40:51.698Z,buy,1.08e-06,13796.0,0.01489968
CND/BTC,1561718477069,2019-06-28T10:41:17.069Z,buy,1.08e-06,11148.0,0.01203984
CND/BTC,1561718572305,2019-06-28T10:42:52.305Z,buy,1.08e-06,3218.0,0.00347544
CND/BTC,1561718740717,2019-06-28T10:45:40.717Z,sell,1.07e-06,8695.0,0.00930365
CND/BTC,1561718765803,2019-06-28T10:46:05.803Z,buy,1.08e-06,981.0,0.00105948
CND/BTC,1561718804410,2019-06-28T10:46:44.410Z,buy,1.08e-06,3891.0,0.00420228
CND/BTC,1561718834049,2019-06-28T10:47:14.049Z,buy,1.08e-06,148148.0,0.15999984
CND/BTC,1561718844381,2019-06-28T10:47:24.381Z,buy,1.08e-06,51331.0,0.05543748
CND/BTC,1561718879607,2019-06-28T10:47:59.607Z,buy,1.08e-06,1538.0,0.00166104
CND/BTC,1561718880479,2019-06-28T10:48:00.479Z,buy,1.08e-06,40900.0,0.044172
CND/BTC,1561718880541,2019-06-28T10:48:00.541Z,buy,1.08e-06,3516.0,0.00379728
CND/BTC,1561718881310,2019-06-28T10:48:01.310Z,buy,1.08e-06,1044.0,0.00112752
CND/BTC,1561718882674,2019-06-28T10:48:02.674Z,buy,1.08e-06,5307.0,0.00573156
CND/BTC,1561718886287,2019-06-28T10:48:06.287Z,buy,1.08e-06,1042.0,0.00112536
CND/BTC,1561718912494,2019-06-28T10:48:32.494Z,buy,1.08e-06,13914.0,0.01502712
CND/BTC,1561718922984,2019-06-28T10:48:42.984Z,buy,1.08e-06,934.0,0.00100872
CND/BTC,1561718923113,2019-06-28T10:48:43.113Z,buy,1.08e-06,2736.0,0.00295488
CND/BTC,1561718923173,2019-06-28T10:48:43.173Z,buy,1.08e-06,1772.0,0.00191376
CND/BTC,1561718977894,2019-06-28T10:49:37.894Z,sell,1.07e-06,6305.0,0.00674635
CND/BTC,1561719032499,2019-06-28T10:50:32.499Z,buy,1.08e-06,16734.0,0.01807272
CND/BTC,1561719116868,2019-06-28T10:51:56.868Z,buy,1.08e-06,9933.0,0.01072764
CND/BTC,1561719287247,2019-06-28T10:54:47.247Z,buy,1.08e-06,12138.0,0.01310904
CND/BTC,1561719362995,2019-06-28T10:56:02.995Z,buy,1.08e-06,1023.0,0.00110484
CND/BTC,1561719365292,2019-06-28T10:56:05.292Z,buy,1.08e-06,14181.0,0.01531548
CND/BTC,1561719636646,2019-06-28T11:00:36.646Z,buy,1.08e-06,3508.0,0.00378864
CND/BTC,1561719828424,2019-06-28T11:03:48.424Z,buy,1.08e-06,1030.0,0.0011124
CND/BTC,1561719894429,2019-06-28T11:04:54.429Z,buy,1.08e-06,2671.0,0.00288468
CND/BTC,1561719963460,2019-06-28T11:06:03.460Z,buy,1.08e-06,16933.0,0.01828764
CND/BTC,1561719980922,2019-06-28T11:06:20.922Z,sell,1.07e-06,14166.0,0.0151576199999999
CND/BTC,1561720065329,2019-06-28T11:07:45.329Z,buy,1.08e-06,1341.0,0.00144828
CND/BTC,1561720158944,2019-06-28T11:09:18.944Z,sell,1.07e-06,26346.0,0.02819022
CND/BTC,1561720158944,2019-06-28T11:09:18.944Z,sell,1.07e-06,26346.0,0.02819022
CND/BTC,1561720343172,2019-06-28T11:12:23.172Z,buy,1.08e-06,19116.0,0.02064528
CND/BTC,1561720397375,2019-06-28T11:13:17.375Z,sell,1.07e-06,9000.0,0.00963
CND/BTC,1561720604362,2019-06-28T11:16:44.362Z,buy,1.08e-06,6613.0,0.00714204
CND/BTC,1561720840062,2019-06-28T11:20:40.062Z,buy,1.08e-06,1049.0,0.00113292
CND/BTC,1561720900345,2019-06-28T11:21:40.345Z,sell,1.07e-06,1050.0,0.0011235
CND/BTC,1561720908573,2019-06-28T11:21:48.573Z,buy,1.08e-06,1040.0,0.0011232
CND/BTC,1561720976360,2019-06-28T11:22:56.360Z,buy,1.08e-06,4334.0,0.00468072
CND/BTC,1561721467325,2019-06-28T11:31:07.325Z,sell,1.07e-06,1041.0,0.0011138699999999
CND/BTC,1561721646429,2019-06-28T11:34:06.429Z,buy,1.08e-06,1386.0,0.00149688
CND/BTC,1561721710080,2019-06-28T11:35:10.080Z,sell,1.07e-06,1750.0,0.0018724999999999
CND/BTC,1561721957745,2019-06-28T11:39:17.745Z,buy,1.08e-06,2314.0,0.00249912
CND/BTC,1561722092477,2019-06-28T11:41:32.477Z,sell,1.07e-06,1826.0,0.0019538199999999
CND/BTC,1561722196148,2019-06-28T11:43:16.148Z,sell,1.07e-06,1902.0,0.00203514
CND/BTC,1561722196676,2019-06-28T11:43:16.676Z,sell,1.07e-06,1826.0,0.0019538199999999
CND/BTC,1561722233169,2019-06-28T11:43:53.169Z,sell,1.07e-06,63072.0,0.06748704
CND/BTC,1561722234379,2019-06-28T11:43:54.379Z,sell,1.06e-06,1341.0,0.00142146
CND/BTC,1561722243547,2019-06-28T11:44:03.547Z,sell,1.06e-06,13043.0,0.01382558
CND/BTC,1561722269239,2019-06-28T11:44:29.239Z,buy,1.07e-06,15767.0,0.0168706899999999
CND/BTC,1561722310872,2019-06-28T11:45:10.872Z,buy,1.07e-06,4672.0,0.00499904
CND/BTC,1561722412213,2019-06-28T11:46:52.213Z,sell,1.06e-06,12038.0,0.01276028
CND/BTC,1561722436188,2019-06-28T11:47:16.188Z,sell,1.06e-06,5124.0,0.00543144
CND/BTC,1561722468322,2019-06-28T11:47:48.322Z,buy,1.07e-06,2000.0,0.00214
CND/BTC,1561722546920,2019-06-28T11:49:06.920Z,sell,1.06e-06,11467.0,0.01215502
CND/BTC,1561722555125,2019-06-28T11:49:15.125Z,sell,1.06e-06,62637.0,0.06639522
CND/BTC,1561722575326,2019-06-28T11:49:35.326Z,sell,1.06e-06,40859.0,0.04331054
CND/BTC,1561722670682,2019-06-28T11:51:10.682Z,sell,1.06e-06,1020.0,0.0010812
CND/BTC,1561722682309,2019-06-28T11:51:22.309Z,sell,1.06e-06,4672.0,0.00495232
CND/BTC,1561722687212,2019-06-28T11:51:27.212Z,sell,1.06e-06,18593.0,0.01970858
CND/BTC,1561722704853,2019-06-28T11:51:44.853Z,buy,1.07e-06,31217.0,0.03340219
CND/BTC,1561722706794,2019-06-28T11:51:46.794Z,buy,1.07e-06,4097.0,0.0043837899999999
CND/BTC,1561722765493,2019-06-28T11:52:45.493Z,sell,1.06e-06,13329.0,0.01412874
CND/BTC,1561722781907,2019-06-28T11:53:01.907Z,buy,1.07e-06,2000.0,0.00214
CND/BTC,1561722902607,2019-06-28T11:55:02.607Z,sell,1.06e-06,3405.0,0.0036093
CND/BTC,1561722919023,2019-06-28T11:55:19.023Z,sell,1.06e-06,10285.0,0.0109021
CND/BTC,1561722938897,2019-06-28T11:55:38.897Z,sell,1.06e-06,10285.0,0.0109021
CND/BTC,1561722943888,2019-06-28T11:55:43.888Z,sell,1.06e-06,66147.0,0.07011582
CND/BTC,1561722944622,2019-06-28T11:55:44.622Z,sell,1.06e-06,4831.0,0.00512086
CND/BTC,1561723147742,2019-06-28T11:59:07.742Z,sell,1.06e-06,2018.0,0.00213908
CND/BTC,1561723148083,2019-06-28T11:59:08.083Z,sell,1.06e-06,17418.0,0.01846308
CND/BTC,1561723148599,2019-06-28T11:59:08.599Z,sell,1.06e-06,21903.0,0.02321718
CND/BTC,1561723157666,2019-06-28T11:59:17.666Z,buy,1.07e-06,1869.0,0.0019998299999999
CND/BTC,1561723203981,2019-06-28T12:00:03.981Z,sell,1.06e-06,2290.0,0.0024274
CND/BTC,1561723229668,2019-06-28T12:00:29.668Z,buy,1.07e-06,958.0,0.00102506
CND/BTC,1561723256380,2019-06-28T12:00:56.380Z,sell,1.06e-06,20248.0,0.02146288
CND/BTC,1561723261073,2019-06-28T12:01:01.073Z,buy,1.06e-06,16779.0,0.01778574
CND/BTC,1561723263931,2019-06-28T12:01:03.931Z,sell,1.05e-06,13248.0,0.0139103999999999
CND/BTC,1561723263931,2019-06-28T12:01:03.931Z,sell,1.05e-06,35837.0,0.03762885
CND/BTC,1561723266410,2019-06-28T12:01:06.410Z,sell,1.05e-06,60000.0,0.063
CND/BTC,1561723301120,2019-06-28T12:01:41.120Z,sell,1.05e-06,65328.0,0.0685944
CND/BTC,1561723312865,2019-06-28T12:01:52.865Z,buy,1.06e-06,7504.0,0.00795424
CND/BTC,1561723315597,2019-06-28T12:01:55.597Z,buy,1.07e-06,4522.0,0.00483854
CND/BTC,1561723338175,2019-06-28T12:02:18.175Z,sell,1.06e-06,953.0,0.00101018
CND/BTC,1561723364402,2019-06-28T12:02:44.402Z,buy,1.07e-06,2511.0,0.00268677
CND/BTC,1561723376633,2019-06-28T12:02:56.633Z,sell,1.06e-06,2511.0,0.00266166
CND/BTC,1561723384428,2019-06-28T12:03:04.428Z,buy,1.07e-06,2488.0,0.00266216
CND/BTC,1561723391638,2019-06-28T12:03:11.638Z,buy,1.07e-06,3477.0,0.0037203899999999
CND/BTC,1561723392809,2019-06-28T12:03:12.809Z,buy,1.07e-06,1052.0,0.00112564
CND/BTC,1561723450377,2019-06-28T12:04:10.377Z,buy,1.07e-06,12689.0,0.01357723
CND/BTC,1561723549003,2019-06-28T12:05:49.003Z,buy,1.07e-06,189566.0,0.20283562
CND/BTC,1561723561492,2019-06-28T12:06:01.492Z,buy,1.07e-06,8305.0,0.00888635
CND/BTC,1561723565173,2019-06-28T12:06:05.173Z,buy,1.07e-06,81034.0,0.08670638
CND/BTC,1561723565202,2019-06-28T12:06:05.202Z,sell,1.07e-06,8696.0,0.0093047199999999
CND/BTC,1561723565212,2019-06-28T12:06:05.212Z,sell,1.07e-06,4638.0,0.00496266
CND/BTC,1561723569766,2019-06-28T12:06:09.766Z,sell,1.07e-06,3740.0,0.0040018
CND/BTC,1561723569773,2019-06-28T12:06:09.773Z,sell,1.07e-06,1247.0,0.00133429
CND/BTC,1561723569773,2019-06-28T12:06:09.773Z,sell,1.07e-06,1247.0,0.00133429
CND/BTC,1561723904559,2019-06-28T12:11:44.559Z,sell,1.06e-06,1047.0,0.00110982
CND/BTC,1561723910442,2019-06-28T12:11:50.442Z,buy,1.07e-06,2570.0,0.0027499
CND/BTC,1561724009679,2019-06-28T12:13:29.679Z,buy,1.07e-06,9107.0,0.00974449
CND/BTC,1561724033511,2019-06-28T12:13:53.511Z,buy,1.07e-06,39858.0,0.0426480599999999
CND/BTC,1561724035095,2019-06-28T12:13:55.095Z,sell,1.07e-06,2645.0,0.0028301499999999
CND/BTC,1561724147959,2019-06-28T12:15:47.959Z,sell,1.07e-06,1420.0,0.0015194
CND/BTC,1561724256770,2019-06-28T12:17:36.770Z,buy,1.08e-06,1500.0,0.00162
CND/BTC,1561724263050,2019-06-28T12:17:43.050Z,buy,1.08e-06,1500.0,0.00162
CND/BTC,1561724268191,2019-06-28T12:17:48.191Z,buy,1.08e-06,1500.0,0.00162
CND/BTC,1561724273756,2019-06-28T12:17:53.756Z,buy,1.08e-06,1500.0,0.00162
CND/BTC,1561724278168,2019-06-28T12:17:58.168Z,buy,1.08e-06,1500.0,0.00162
CND/BTC,1561724285084,2019-06-28T12:18:05.084Z,buy,1.08e-06,1500.0,0.00162
CND/BTC,1561724290373,2019-06-28T12:18:10.373Z,buy,1.08e-06,1500.0,0.00162
CND/BTC,1561724295274,2019-06-28T12:18:15.274Z,buy,1.08e-06,1500.0,0.00162
CND/BTC,1561724300306,2019-06-28T12:18:20.306Z,buy,1.08e-06,1500.0,0.00162
CND/BTC,1561724305138,2019-06-28T12:18:25.138Z,buy,1.08e-06,1500.0,0.00162
CND/BTC,1561724310751,2019-06-28T12:18:30.751Z,buy,1.08e-06,1500.0,0.00162
CND/BTC,1561724383679,2019-06-28T12:19:43.679Z,buy,1.08e-06,1500.0,0.00162
CND/BTC,1561724454293,2019-06-28T12:20:54.293Z,buy,1.08e-06,3700.0,0.003996
CND/BTC,1561724507810,2019-06-28T12:21:47.810Z,buy,1.08e-06,10707.0,0.01156356
CND/BTC,1561724650668,2019-06-28T12:24:10.668Z,buy,1.08e-06,4592.0,0.00495936
CND/BTC,1561724862007,2019-06-28T12:27:42.007Z,buy,1.08e-06,31376.0,0.03388608
CND/BTC,1561724869488,2019-06-28T12:27:49.488Z,buy,1.08e-06,15688.0,0.01694304
CND/BTC,1561724933773,2019-06-28T12:28:53.773Z,buy,1.08e-06,5051.0,0.00545508
CND/BTC,1561724953299,2019-06-28T12:29:13.299Z,buy,1.08e-06,1000.0,0.00108
CND/BTC,1561725051421,2019-06-28T12:30:51.421Z,sell,1.07e-06,2373.0,0.00253911
CND/BTC,1561725313121,2019-06-28T12:35:13.121Z,buy,1.08e-06,25104.0,0.02711232
CND/BTC,1561725612312,2019-06-28T12:40:12.312Z,buy,1.08e-06,1799.0,0.00194292
CND/BTC,1561725761172,2019-06-28T12:42:41.172Z,buy,1.08e-06,2460.0,0.0026568
CND/BTC,1561725947176,2019-06-28T12:45:47.176Z,buy,1.08e-06,50302.0,0.05432616
CND/BTC,1561726165597,2019-06-28T12:49:25.597Z,buy,1.08e-06,3243.0,0.00350244
CND/BTC,1561726224858,2019-06-28T12:50:24.858Z,buy,1.08e-06,1582.0,0.00170856
CND/BTC,1561726289733,2019-06-28T12:51:29.733Z,sell,1.07e-06,1181.0,0.00126367
CND/BTC,1561726329611,2019-06-28T12:52:09.611Z,buy,1.08e-06,719636.0,0.77720688
CND/BTC,1561726510948,2019-06-28T12:55:10.948Z,sell,1.08e-06,972.0,0.00104976
CND/BTC,1561726512422,2019-06-28T12:55:12.422Z,sell,1.08e-06,1869.0,0.00201852
CND/BTC,1561726527295,2019-06-28T12:55:27.295Z,buy,1.09e-06,26655.0,0.02905395
CND/BTC,1561726556828,2019-06-28T12:55:56.828Z,buy,1.09e-06,66757.0,0.07276513
CND/BTC,1561726559254,2019-06-28T12:55:59.254Z,buy,1.09e-06,79675.0,0.08684575
CND/BTC,1561726561267,2019-06-28T12:56:01.267Z,buy,1.09e-06,28255.0,0.0307979499999999
CND/BTC,1561726565483,2019-06-28T12:56:05.483Z,buy,1.09e-06,994.0,0.0010834599999999
CND/BTC,1561726566774,2019-06-28T12:56:06.774Z,buy,1.09e-06,3669.0,0.00399921
CND/BTC,1561726566791,2019-06-28T12:56:06.791Z,buy,1.09e-06,3669.0,0.00399921
CND/BTC,1561726570350,2019-06-28T12:56:10.350Z,buy,1.09e-06,21179.0,0.02308511
CND/BTC,1561726921822,2019-06-28T13:02:01.822Z,sell,1.09e-06,926.0,0.0010093399999999
CND/BTC,1561726923306,2019-06-28T13:02:03.306Z,sell,1.09e-06,1547.0,0.00168623
CND/BTC,1561726970057,2019-06-28T13:02:50.057Z,buy,1.1e-06,5000.0,0.0055
CND/BTC,1561726970057,2019-06-28T13:02:50.057Z,buy,1.1e-06,5000.0,0.0055
CND/BTC,1561727320149,2019-06-28T13:08:40.149Z,sell,1.09e-06,3500.0,0.003815
CND/BTC,1561727416592,2019-06-28T13:10:16.592Z,buy,1.1e-06,1634.0,0.0017974
CND/BTC,1561727496460,2019-06-28T13:11:36.460Z,buy,1.1e-06,1977.0,0.0021747
CND/BTC,1561727560159,2019-06-28T13:12:40.159Z,buy,1.1e-06,7021.0,0.0077231
CND/BTC,1561727564331,2019-06-28T13:12:44.331Z,buy,1.1e-06,50037.0,0.0550407
CND/BTC,1561727617175,2019-06-28T13:13:37.175Z,buy,1.1e-06,25018.0,0.0275198
CND/BTC,1561727651424,2019-06-28T13:14:11.424Z,buy,1.1e-06,25019.0,0.0275209
CND/BTC,1561727799734,2019-06-28T13:16:39.734Z,buy,1.1e-06,50036.0,0.0550396
CND/BTC,1561727826797,2019-06-28T13:17:06.797Z,buy,1.1e-06,8538.0,0.0093918
CND/BTC,1561727865901,2019-06-28T13:17:45.901Z,sell,1.09e-06,2314.0,0.0025222599999999
CND/BTC,1561727866327,2019-06-28T13:17:46.327Z,sell,1.09e-06,1500.0,0.001635
CND/BTC,1561727896630,2019-06-28T13:18:16.630Z,buy,1.11e-06,41125.0,0.04564875
CND/BTC,1561727940896,2019-06-28T13:19:00.896Z,buy,1.11e-06,5235.0,0.00581085
CND/BTC,1561727983902,2019-06-28T13:19:43.902Z,sell,1.1e-06,3888.0,0.0042768
CND/BTC,1561728039527,2019-06-28T13:20:39.527Z,sell,1.1e-06,10759.0,0.0118349
CND/BTC,1561728063166,2019-06-28T13:21:03.166Z,sell,1.1e-06,1069.0,0.0011759
CND/BTC,1561728207709,2019-06-28T13:23:27.709Z,buy,1.11e-06,24222.0,0.0268864199999999
CND/BTC,1561728636253,2019-06-28T13:30:36.253Z,buy,1.11e-06,1726.0,0.00191586
CND/BTC,1561728636255,2019-06-28T13:30:36.255Z,buy,1.11e-06,909.0,0.00100899
CND/BTC,1561728636435,2019-06-28T13:30:36.435Z,buy,1.11e-06,2665.0,0.00295815
CND/BTC,1561728662554,2019-06-28T13:31:02.554Z,buy,1.11e-06,14724.0,0.01634364
CND/BTC,1561728692543,2019-06-28T13:31:32.543Z,sell,1.1e-06,11929.0,0.0131219
CND/BTC,1561728721110,2019-06-28T13:32:01.110Z,sell,1.1e-06,7653.0,0.0084183
CND/BTC,1561728980209,2019-06-28T13:36:20.209Z,buy,1.11e-06,1548.0,0.00171828
CND/BTC,1561729186298,2019-06-28T13:39:46.298Z,sell,1.1e-06,5000.0,0.0055
CND/BTC,1561729202211,2019-06-28T13:40:02.211Z,sell,1.1e-06,4583.0,0.0050413
CND/BTC,1561729268613,2019-06-28T13:41:08.613Z,sell,1.1e-06,1517.0,0.0016687
CND/BTC,1561729387308,2019-06-28T13:43:07.308Z,buy,1.11e-06,1081.0,0.00119991
CND/BTC,1561729402302,2019-06-28T13:43:22.302Z,sell,1.1e-06,10980.0,0.012078
CND/BTC,1561729404939,2019-06-28T13:43:24.939Z,sell,1.1e-06,7263.0,0.0079893
CND/BTC,1561729540283,2019-06-28T13:45:40.283Z,sell,1.09e-06,6170.0,0.0067253
CND/BTC,1561729676180,2019-06-28T13:47:56.180Z,sell,1.09e-06,154043.0,0.1679068699999999
CND/BTC,1561729676180,2019-06-28T13:47:56.180Z,sell,1.08e-06,35523.0,0.03836484
CND/BTC,1561729712665,2019-06-28T13:48:32.665Z,sell,1.08e-06,8305.0,0.0089694
CND/BTC,1561729820542,2019-06-28T13:50:20.542Z,sell,1.08e-06,1000.0,0.00108
CND/BTC,1561729844527,2019-06-28T13:50:44.527Z,buy,1.09e-06,9173.0,0.00999857
CND/BTC,1561729905575,2019-06-28T13:51:45.575Z,sell,1.08e-06,3253.0,0.00351324
CND/BTC,1561729910649,2019-06-28T13:51:50.649Z,buy,1.09e-06,2735.0,0.0029811499999999
CND/BTC,1561730028021,2019-06-28T13:53:48.021Z,sell,1.08e-06,4587.0,0.00495396
CND/BTC,1561730076317,2019-06-28T13:54:36.317Z,sell,1.08e-06,82096.0,0.08866368
CND/BTC,1561730275504,2019-06-28T13:57:55.504Z,sell,1.08e-06,1394.0,0.00150552
CND/BTC,1561730306515,2019-06-28T13:58:26.515Z,buy,1.09e-06,10585.0,0.01153765
CND/BTC,1561730501064,2019-06-28T14:01:41.064Z,sell,1.08e-06,6770.0,0.0073116
CND/BTC,1561730501064,2019-06-28T14:01:41.064Z,sell,1.08e-06,6770.0,0.0073116
CND/BTC,1561730658957,2019-06-28T14:04:18.957Z,sell,1.08e-06,38471.0,0.04154868
CND/BTC,1561730699111,2019-06-28T14:04:59.111Z,sell,1.08e-06,2460.0,0.0026568
CND/BTC,1561730699623,2019-06-28T14:04:59.623Z,sell,1.08e-06,15309.0,0.01653372
CND/BTC,1561730751334,2019-06-28T14:05:51.334Z,sell,1.08e-06,97514.0,0.10531512
CND/BTC,1561730806770,2019-06-28T14:06:46.770Z,sell,1.08e-06,9198.0,0.00993384
CND/BTC,1561730817877,2019-06-28T14:06:57.877Z,sell,1.08e-06,6029.0,0.00651132
CND/BTC,1561730900196,2019-06-28T14:08:20.196Z,sell,1.08e-06,13845.0,0.0149526
CND/BTC,1561730987105,2019-06-28T14:09:47.105Z,sell,1.08e-06,15000.0,0.0162
CND/BTC,1561730987354,2019-06-28T14:09:47.354Z,sell,1.08e-06,2460.0,0.0026568
CND/BTC,1561731029428,2019-06-28T14:10:29.428Z,sell,1.08e-06,11018.0,0.01189944
CND/BTC,1561731048484,2019-06-28T14:10:48.484Z,buy,1.09e-06,96011.0,0.10465199
CND/BTC,1561731048743,2019-06-28T14:10:48.743Z,sell,1.09e-06,140000.0,0.1525999999999999
CND/BTC,1561731050784,2019-06-28T14:10:50.784Z,sell,1.09e-06,3669.0,0.00399921
CND/BTC,1561731052224,2019-06-28T14:10:52.224Z,sell,1.09e-06,3669.0,0.00399921
CND/BTC,1561731063928,2019-06-28T14:11:03.928Z,buy,1.1e-06,80276.0,0.0883036
CND/BTC,1561731106111,2019-06-28T14:11:46.111Z,buy,1.1e-06,44694.0,0.0491634
CND/BTC,1561731124577,2019-06-28T14:12:04.577Z,buy,1.1e-06,1760.0,0.001936
CND/BTC,1561731181179,2019-06-28T14:13:01.179Z,buy,1.1e-06,9767.0,0.0107437
CND/BTC,1561731252326,2019-06-28T14:14:12.326Z,buy,1.1e-06,7917.0,0.0087087
CND/BTC,1561731269756,2019-06-28T14:14:29.756Z,sell,1.09e-06,3991.0,0.0043501899999999
CND/BTC,1561731411046,2019-06-28T14:16:51.046Z,sell,1.09e-06,9099.0,0.00991791
CND/BTC,1561731676526,2019-06-28T14:21:16.526Z,buy,1.09e-06,12748.0,0.01389532
CND/BTC,1561731677537,2019-06-28T14:21:17.537Z,sell,1.08e-06,2239.0,0.00241812
CND/BTC,1561731723984,2019-06-28T14:22:03.984Z,sell,1.08e-06,1000.0,0.00108
CND/BTC,1561732021247,2019-06-28T14:27:01.247Z,buy,1.09e-06,122261.0,0.1332644899999999
CND/BTC,1561732031406,2019-06-28T14:27:11.406Z,sell,1.09e-06,3079.0,0.00335611
CND/BTC,1561732223699,2019-06-28T14:30:23.699Z,sell,1.09e-06,9164.0,0.00998876
CND/BTC,1561732340269,2019-06-28T14:32:20.269Z,sell,1.09e-06,16740.0,0.0182465999999999
CND/BTC,1561732340462,2019-06-28T14:32:20.462Z,sell,1.09e-06,2031.0,0.0022137899999999
CND/BTC,1561732740374,2019-06-28T14:39:00.374Z,buy,1.09e-06,1052.0,0.00114668
CND/BTC,1561732740445,2019-06-28T14:39:00.445Z,sell,1.09e-06,1617.0,0.00176253
CND/BTC,1561732744290,2019-06-28T14:39:04.290Z,sell,1.09e-06,17682.0,0.01927338
CND/BTC,1561733381707,2019-06-28T14:49:41.707Z,sell,1.09e-06,9500.0,0.010355
CND/BTC,1561733469579,2019-06-28T14:51:09.579Z,sell,1.09e-06,1048.0,0.0011423199999999
CND/BTC,1561733469670,2019-06-28T14:51:09.670Z,buy,1.09e-06,1809.0,0.00197181
CND/BTC,1561733728438,2019-06-28T14:55:28.438Z,buy,1.1e-06,3000.0,0.0033
CND/BTC,1561733913094,2019-06-28T14:58:33.094Z,buy,1.1e-06,64530.0,0.070983
CND/BTC,1561734053545,2019-06-28T15:00:53.545Z,sell,1.09e-06,2513.0,0.00273917
CND/BTC,1561734053545,2019-06-28T15:00:53.545Z,sell,1.09e-06,2513.0,0.00273917
CND/BTC,1561734126129,2019-06-28T15:02:06.129Z,buy,1.1e-06,13636.0,0.0149996
CND/BTC,1561734285856,2019-06-28T15:04:45.856Z,buy,1.1e-06,2925.0,0.0032175
CND/BTC,1561734444634,2019-06-28T15:07:24.634Z,buy,1.1e-06,4352.0,0.0047872
CND/BTC,1561734704960,2019-06-28T15:11:44.960Z,sell,1.09e-06,1342.0,0.00146278
CND/BTC,1561734908397,2019-06-28T15:15:08.397Z,sell,1.09e-06,87912.0,0.0958240799999999
CND/BTC,1561734961379,2019-06-28T15:16:01.379Z,sell,1.09e-06,3557.0,0.00387713
CND/BTC,1561735254741,2019-06-28T15:20:54.741Z,buy,1.1e-06,2727.0,0.0029997
CND/BTC,1561735842650,2019-06-28T15:30:42.650Z,sell,1.09e-06,7297.0,0.00795373
CND/BTC,1561736218998,2019-06-28T15:36:58.998Z,sell,1.09e-06,941.0,0.00102569
CND/BTC,1561736688421,2019-06-28T15:44:48.421Z,buy,1.1e-06,5258.0,0.0057838
CND/BTC,1561736867516,2019-06-28T15:47:47.516Z,sell,1.09e-06,35181.0,0.03834729
CND/BTC,1561736928630,2019-06-28T15:48:48.630Z,sell,1.09e-06,1374.0,0.0014976599999999
CND/BTC,1561736959374,2019-06-28T15:49:19.374Z,buy,1.1e-06,10946.0,0.0120406
CND/BTC,1561736963809,2019-06-28T15:49:23.809Z,buy,1.1e-06,172555.0,0.1898105
CND/BTC,1561737002102,2019-06-28T15:50:02.102Z,buy,1.1e-06,1390.0,0.001529
CND/BTC,1561737003135,2019-06-28T15:50:03.135Z,buy,1.1e-06,9438.0,0.0103818
CND/BTC,1561737004743,2019-06-28T15:50:04.743Z,buy,1.1e-06,7805.0,0.0085855
CND/BTC,1561737006869,2019-06-28T15:50:06.869Z,buy,1.1e-06,16510.0,0.018161
CND/BTC,1561737010554,2019-06-28T15:50:10.554Z,sell,1.09e-06,12676.0,0.0138168399999999
CND/BTC,1561737061654,2019-06-28T15:51:01.654Z,buy,1.1e-06,1101.0,0.0012111
CND/BTC,1561737061678,2019-06-28T15:51:01.678Z,buy,1.1e-06,21169.0,0.0232859
CND/BTC,1561737061711,2019-06-28T15:51:01.711Z,buy,1.1e-06,1927.0,0.0021197
CND/BTC,1561737061863,2019-06-28T15:51:01.863Z,buy,1.1e-06,1101.0,0.0012111
CND/BTC,1561737061972,2019-06-28T15:51:01.972Z,buy,1.1e-06,11272.0,0.0123992
CND/BTC,1561737062048,2019-06-28T15:51:02.048Z,buy,1.1e-06,25817.0,0.0283987
CND/BTC,1561737062073,2019-06-28T15:51:02.073Z,buy,1.1e-06,9182.0,0.0101002
CND/BTC,1561737062212,2019-06-28T15:51:02.212Z,buy,1.1e-06,13966.0,0.0153626
CND/BTC,1561737062212,2019-06-28T15:51:02.212Z,buy,1.11e-06,46819.0,0.0519690899999999
CND/BTC,1561737062239,2019-06-28T15:51:02.239Z,buy,1.1e-06,1115.0,0.0012265
CND/BTC,1561737062246,2019-06-28T15:51:02.246Z,buy,1.1e-06,7571.0,0.0083281
CND/BTC,1561737062246,2019-06-28T15:51:02.246Z,buy,1.11e-06,150117.0,0.1666298699999999
CND/BTC,1561737062252,2019-06-28T15:51:02.252Z,buy,1.11e-06,14062.0,0.0156088199999999
CND/BTC,1561737062257,2019-06-28T15:51:02.257Z,buy,1.11e-06,21567.0,0.0239393699999999
CND/BTC,1561737062264,2019-06-28T15:51:02.264Z,buy,1.11e-06,6894.0,0.00765234
CND/BTC,1561737062289,2019-06-28T15:51:02.289Z,buy,1.11e-06,22766.0,0.02527026
CND/BTC,1561737062290,2019-06-28T15:51:02.290Z,buy,1.11e-06,1699.0,0.0018858899999999
CND/BTC,1561737062352,2019-06-28T15:51:02.352Z,buy,1.11e-06,1178.0,0.00130758
CND/BTC,1561737062361,2019-06-28T15:51:02.361Z,buy,1.11e-06,16465.0,0.0182761499999999
CND/BTC,1561737062361,2019-06-28T15:51:02.361Z,buy,1.11e-06,4012.0,0.00445332
CND/BTC,1561737062366,2019-06-28T15:51:02.366Z,buy,1.11e-06,1091.0,0.00121101
CND/BTC,1561737073088,2019-06-28T15:51:13.088Z,buy,1.11e-06,2793.0,0.00310023
CND/BTC,1561737089181,2019-06-28T15:51:29.181Z,buy,1.11e-06,1218.0,0.00135198
CND/BTC,1561737090158,2019-06-28T15:51:30.158Z,buy,1.11e-06,2911.0,0.00323121
CND/BTC,1561737295882,2019-06-28T15:54:55.882Z,buy,1.11e-06,1100.0,0.0012209999999999
CND/BTC,1561737314328,2019-06-28T15:55:14.328Z,buy,1.11e-06,1900.0,0.0021089999999999
CND/BTC,1561737326343,2019-06-28T15:55:26.343Z,buy,1.11e-06,6423.0,0.0071295299999999
CND/BTC,1561737326808,2019-06-28T15:55:26.808Z,sell,1.11e-06,9473.0,0.01051503
CND/BTC,1561737341016,2019-06-28T15:55:41.016Z,sell,1.11e-06,933.0,0.00103563
CND/BTC,1561737350048,2019-06-28T15:55:50.048Z,sell,1.11e-06,9757.0,0.01083027
CND/BTC,1561737357443,2019-06-28T15:55:57.443Z,buy,1.12e-06,19103.0,0.02139536
CND/BTC,1561737357476,2019-06-28T15:55:57.476Z,sell,1.12e-06,897.0,0.00100464
CND/BTC,1561737365283,2019-06-28T15:56:05.283Z,buy,1.12e-06,897.0,0.00100464
CND/BTC,1561737365302,2019-06-28T15:56:05.302Z,sell,1.12e-06,4422.0,0.00495264
