symbol,timestamp,datetime,side,price,amount,btc_volume
CND/BTC,1557408933580,2019-05-09T13:35:33.580Z,sell,2.15e-06,9937.0,0.02136455
CND/BTC,1557408935462,2019-05-09T13:35:35.462Z,buy,2.16e-06,557.0,0.00120312
CND/BTC,1557409328380,2019-05-09T13:42:08.380Z,sell,2.15e-06,1000.0,0.00215
CND/BTC,1557409510660,2019-05-09T13:45:10.660Z,sell,2.15e-06,12920.0,0.027778
CND/BTC,1557409601495,2019-05-09T13:46:41.495Z,buy,2.16e-06,810.0,0.0017496
CND/BTC,1557410149076,2019-05-09T13:55:49.076Z,sell,2.15e-06,1621.0,0.00348515
CND/BTC,1557410347316,2019-05-09T13:59:07.316Z,buy,2.16e-06,20000.0,0.0432
CND/BTC,1557410367570,2019-05-09T13:59:27.570Z,buy,2.16e-06,6216.0,0.01342656
CND/BTC,1557410367598,2019-05-09T13:59:27.598Z,buy,2.16e-06,20655.0,0.0446148
CND/BTC,1557410369245,2019-05-09T13:59:29.245Z,buy,2.16e-06,14854.0,0.03208464
CND/BTC,1557410447422,2019-05-09T14:00:47.422Z,buy,2.17e-06,2000.0,0.00434
CND/BTC,1557411008097,2019-05-09T14:10:08.097Z,buy,2.17e-06,5070.0,0.0110019
CND/BTC,1557411117111,2019-05-09T14:11:57.111Z,buy,2.17e-06,1097.0,0.00238049
CND/BTC,1557411586226,2019-05-09T14:19:46.226Z,buy,2.17e-06,500.0,0.001085
CND/BTC,1557411988117,2019-05-09T14:26:28.117Z,sell,2.16e-06,4421.0,0.00954936
CND/BTC,1557411988117,2019-05-09T14:26:28.117Z,sell,2.16e-06,4421.0,0.00954936
CND/BTC,1557412300512,2019-05-09T14:31:40.512Z,buy,2.17e-06,3732.0,0.00809844
CND/BTC,1557413328104,2019-05-09T14:48:48.104Z,buy,2.17e-06,1096.0,0.00237832
CND/BTC,1557414157351,2019-05-09T15:02:37.351Z,sell,2.16e-06,6654.0,0.01437264
CND/BTC,1557414460655,2019-05-09T15:07:40.655Z,sell,2.16e-06,6378.0,0.01377648
CND/BTC,1557414466137,2019-05-09T15:07:46.137Z,buy,2.16e-06,4761.0,0.01028376
CND/BTC,1557414914045,2019-05-09T15:15:14.045Z,sell,2.15e-06,11414.0,0.0245401
CND/BTC,1557415310032,2019-05-09T15:21:50.032Z,buy,2.16e-06,8929.0,0.01928664
CND/BTC,1557415310032,2019-05-09T15:21:50.032Z,buy,2.17e-06,111826.0,0.24266242
CND/BTC,1557415470593,2019-05-09T15:24:30.593Z,sell,2.15e-06,1959.0,0.00421185
CND/BTC,1557415470593,2019-05-09T15:24:30.593Z,sell,2.15e-06,1959.0,0.00421185
CND/BTC,1557415745652,2019-05-09T15:29:05.652Z,buy,2.16e-06,1076.0,0.00232416
CND/BTC,1557416067754,2019-05-09T15:34:27.754Z,sell,2.15e-06,1484.0,0.0031906
CND/BTC,1557416067813,2019-05-09T15:34:27.813Z,sell,2.15e-06,26453.0,0.05687395
CND/BTC,1557416371265,2019-05-09T15:39:31.265Z,sell,2.14e-06,13099.0,0.02803186
CND/BTC,1557416371265,2019-05-09T15:39:31.265Z,sell,2.13e-06,29612.0,0.06307356
CND/BTC,1557416371496,2019-05-09T15:39:31.496Z,buy,2.14e-06,981.0,0.00209934
CND/BTC,1557416371603,2019-05-09T15:39:31.603Z,buy,2.14e-06,4652.0,0.0099552799999999
CND/BTC,1557416401150,2019-05-09T15:40:01.150Z,buy,2.14e-06,468.0,0.0010015199999999
CND/BTC,1557416405987,2019-05-09T15:40:05.987Z,sell,2.12e-06,750.0,0.00159
CND/BTC,1557416408680,2019-05-09T15:40:08.680Z,sell,2.13e-06,750.0,0.0015975
CND/BTC,1557416408996,2019-05-09T15:40:08.996Z,sell,2.13e-06,3650.0,0.0077745
CND/BTC,1557416449688,2019-05-09T15:40:49.688Z,buy,2.14e-06,5977.0,0.01279078
CND/BTC,1557416463071,2019-05-09T15:41:03.071Z,sell,2.13e-06,705.0,0.00150165
CND/BTC,1557416539775,2019-05-09T15:42:19.775Z,buy,2.14e-06,2941.0,0.00629374
CND/BTC,1557416701258,2019-05-09T15:45:01.258Z,buy,2.14e-06,23598.0,0.05049972
CND/BTC,1557416783871,2019-05-09T15:46:23.871Z,buy,2.15e-06,6510.0,0.0139965
CND/BTC,1557416809318,2019-05-09T15:46:49.318Z,buy,2.15e-06,9436.0,0.0202874
CND/BTC,1557416949653,2019-05-09T15:49:09.653Z,sell,2.14e-06,930.0,0.0019901999999999
CND/BTC,1557416951178,2019-05-09T15:49:11.178Z,sell,2.14e-06,930.0,0.0019901999999999
CND/BTC,1557416956741,2019-05-09T15:49:16.741Z,sell,2.14e-06,930.0,0.0019901999999999
CND/BTC,1557416959744,2019-05-09T15:49:19.744Z,sell,2.14e-06,930.0,0.0019901999999999
CND/BTC,1557416962747,2019-05-09T15:49:22.747Z,sell,2.14e-06,930.0,0.0019901999999999
CND/BTC,1557416965747,2019-05-09T15:49:25.747Z,sell,2.14e-06,930.0,0.0019901999999999
CND/BTC,1557416968743,2019-05-09T15:49:28.743Z,sell,2.14e-06,930.0,0.0019901999999999
CND/BTC,1557416971739,2019-05-09T15:49:31.739Z,sell,2.14e-06,930.0,0.0019901999999999
CND/BTC,1557416974747,2019-05-09T15:49:34.747Z,sell,2.14e-06,930.0,0.0019901999999999
CND/BTC,1557416977747,2019-05-09T15:49:37.747Z,sell,2.14e-06,930.0,0.0019901999999999
CND/BTC,1557416980743,2019-05-09T15:49:40.743Z,sell,2.14e-06,930.0,0.0019901999999999
CND/BTC,1557416983742,2019-05-09T15:49:43.742Z,sell,2.14e-06,930.0,0.0019901999999999
CND/BTC,1557416986741,2019-05-09T15:49:46.741Z,sell,2.14e-06,930.0,0.0019901999999999
CND/BTC,1557416989738,2019-05-09T15:49:49.738Z,sell,2.14e-06,930.0,0.0019901999999999
CND/BTC,1557416992742,2019-05-09T15:49:52.742Z,sell,2.14e-06,930.0,0.0019901999999999
CND/BTC,1557416995746,2019-05-09T15:49:55.746Z,sell,2.14e-06,930.0,0.0019901999999999
CND/BTC,1557416998747,2019-05-09T15:49:58.747Z,sell,2.14e-06,930.0,0.0019901999999999
CND/BTC,1557417001742,2019-05-09T15:50:01.742Z,sell,2.14e-06,930.0,0.0019901999999999
CND/BTC,1557417004738,2019-05-09T15:50:04.738Z,sell,2.14e-06,930.0,0.0019901999999999
CND/BTC,1557417007740,2019-05-09T15:50:07.740Z,sell,2.14e-06,930.0,0.0019901999999999
CND/BTC,1557417010746,2019-05-09T15:50:10.746Z,sell,2.14e-06,930.0,0.0019901999999999
CND/BTC,1557417011229,2019-05-09T15:50:11.229Z,sell,2.14e-06,950.0,0.0020329999999999
CND/BTC,1557417083862,2019-05-09T15:51:23.862Z,sell,2.14e-06,1002.0,0.0021442799999999
CND/BTC,1557417086988,2019-05-09T15:51:26.988Z,sell,2.14e-06,1002.0,0.0021442799999999
CND/BTC,1557417089995,2019-05-09T15:51:29.995Z,sell,2.14e-06,1002.0,0.0021442799999999
CND/BTC,1557417092994,2019-05-09T15:51:32.994Z,sell,2.14e-06,1002.0,0.0021442799999999
CND/BTC,1557417095995,2019-05-09T15:51:35.995Z,sell,2.14e-06,1002.0,0.0021442799999999
CND/BTC,1557417098997,2019-05-09T15:51:38.997Z,sell,2.14e-06,1002.0,0.0021442799999999
CND/BTC,1557417101993,2019-05-09T15:51:41.993Z,sell,2.14e-06,1002.0,0.0021442799999999
CND/BTC,1557417104992,2019-05-09T15:51:44.992Z,sell,2.14e-06,1002.0,0.0021442799999999
CND/BTC,1557417107992,2019-05-09T15:51:47.992Z,sell,2.14e-06,1002.0,0.0021442799999999
CND/BTC,1557417110998,2019-05-09T15:51:50.998Z,sell,2.14e-06,1002.0,0.0021442799999999
CND/BTC,1557417113994,2019-05-09T15:51:53.994Z,sell,2.14e-06,1002.0,0.0021442799999999
CND/BTC,1557417116993,2019-05-09T15:51:56.993Z,sell,2.14e-06,1002.0,0.0021442799999999
CND/BTC,1557417117891,2019-05-09T15:51:57.891Z,buy,2.15e-06,5588.0,0.0120142
CND/BTC,1557417119993,2019-05-09T15:51:59.993Z,sell,2.14e-06,1002.0,0.0021442799999999
CND/BTC,1557417122993,2019-05-09T15:52:02.993Z,sell,2.14e-06,1002.0,0.0021442799999999
CND/BTC,1557417125994,2019-05-09T15:52:05.994Z,sell,2.14e-06,1002.0,0.0021442799999999
CND/BTC,1557417129001,2019-05-09T15:52:09.001Z,sell,2.14e-06,1002.0,0.0021442799999999
CND/BTC,1557417134995,2019-05-09T15:52:14.995Z,sell,2.14e-06,1002.0,0.0021442799999999
CND/BTC,1557417138000,2019-05-09T15:52:18.000Z,sell,2.14e-06,1002.0,0.0021442799999999
CND/BTC,1557417140995,2019-05-09T15:52:20.995Z,sell,2.14e-06,1002.0,0.0021442799999999
CND/BTC,1557417143999,2019-05-09T15:52:23.999Z,sell,2.14e-06,1002.0,0.0021442799999999
CND/BTC,1557417146991,2019-05-09T15:52:26.991Z,sell,2.14e-06,1002.0,0.0021442799999999
CND/BTC,1557417149999,2019-05-09T15:52:29.999Z,sell,2.14e-06,1002.0,0.0021442799999999
CND/BTC,1557417150020,2019-05-09T15:52:30.020Z,sell,2.14e-06,27868.0,0.0596375199999999
CND/BTC,1557417224085,2019-05-09T15:53:44.085Z,sell,2.14e-06,1002.0,0.0021442799999999
CND/BTC,1557417225604,2019-05-09T15:53:45.604Z,sell,2.14e-06,1002.0,0.0021442799999999
CND/BTC,1557417230745,2019-05-09T15:53:50.745Z,sell,2.14e-06,1002.0,0.0021442799999999
CND/BTC,1557417233749,2019-05-09T15:53:53.749Z,sell,2.14e-06,1002.0,0.0021442799999999
CND/BTC,1557417233815,2019-05-09T15:53:53.815Z,sell,2.14e-06,14985.0,0.0320678999999999
CND/BTC,1557417236751,2019-05-09T15:53:56.751Z,sell,2.13e-06,1002.0,0.00213426
CND/BTC,1557417496855,2019-05-09T15:58:16.855Z,sell,2.13e-06,3808.0,0.00811104
CND/BTC,1557417604460,2019-05-09T16:00:04.460Z,sell,2.13e-06,1706.0,0.00363378
CND/BTC,1557417835669,2019-05-09T16:03:55.669Z,sell,2.13e-06,736.0,0.00156768
CND/BTC,1557418842844,2019-05-09T16:20:42.844Z,sell,2.13e-06,848.0,0.00180624
CND/BTC,1557418969497,2019-05-09T16:22:49.497Z,sell,2.13e-06,3220.0,0.0068585999999999
CND/BTC,1557418991199,2019-05-09T16:23:11.199Z,sell,2.13e-06,8061.0,0.01716993
CND/BTC,1557418991199,2019-05-09T16:23:11.199Z,sell,2.13e-06,8061.0,0.01716993
CND/BTC,1557419551332,2019-05-09T16:32:31.332Z,buy,2.15e-06,2763.0,0.00594045
CND/BTC,1557419552007,2019-05-09T16:32:32.007Z,sell,2.14e-06,1788.0,0.00382632
CND/BTC,1557419580544,2019-05-09T16:33:00.544Z,sell,2.14e-06,1042.0,0.0022298799999999
CND/BTC,1557419720399,2019-05-09T16:35:20.399Z,buy,2.15e-06,2072.0,0.0044548
CND/BTC,1557419830813,2019-05-09T16:37:10.813Z,buy,2.14e-06,1155.0,0.0024717
CND/BTC,1557419888762,2019-05-09T16:38:08.762Z,buy,2.14e-06,1144.0,0.00244816
CND/BTC,1557419910987,2019-05-09T16:38:30.987Z,sell,2.13e-06,7705.0,0.01641165
CND/BTC,1557420364616,2019-05-09T16:46:04.616Z,sell,2.13e-06,1700.0,0.003621
CND/BTC,1557420541565,2019-05-09T16:49:01.565Z,sell,2.13e-06,21139.0,0.04502607
CND/BTC,1557420541842,2019-05-09T16:49:01.842Z,sell,2.13e-06,34658.0,0.0738215399999999
CND/BTC,1557420589367,2019-05-09T16:49:49.367Z,sell,2.13e-06,1524.0,0.00324612
CND/BTC,1557420743498,2019-05-09T16:52:23.498Z,sell,2.13e-06,4658.0,0.00992154
CND/BTC,1557420781422,2019-05-09T16:53:01.422Z,sell,2.12e-06,5598.0,0.01186776
CND/BTC,1557420782290,2019-05-09T16:53:02.290Z,sell,2.12e-06,597.0,0.00126564
CND/BTC,1557420828229,2019-05-09T16:53:48.229Z,sell,2.12e-06,3225.0,0.006837
CND/BTC,1557420966696,2019-05-09T16:56:06.696Z,sell,2.12e-06,2016.0,0.00427392
CND/BTC,1557421013970,2019-05-09T16:56:53.970Z,sell,2.12e-06,3914.0,0.00829768
CND/BTC,1557421059145,2019-05-09T16:57:39.145Z,buy,2.13e-06,4541.0,0.00967233
CND/BTC,1557421059233,2019-05-09T16:57:39.233Z,buy,2.13e-06,4541.0,0.00967233
CND/BTC,1557421060179,2019-05-09T16:57:40.179Z,buy,2.13e-06,9616.0,0.02048208
CND/BTC,1557421066940,2019-05-09T16:57:46.940Z,sell,2.12e-06,2064.0,0.00437568
CND/BTC,1557421067337,2019-05-09T16:57:47.337Z,sell,2.12e-06,8366.0,0.01773592
CND/BTC,1557421362586,2019-05-09T17:02:42.586Z,buy,2.13e-06,1900.0,0.004047
CND/BTC,1557421881423,2019-05-09T17:11:21.423Z,buy,2.13e-06,10995.0,0.02341935
CND/BTC,1557421881430,2019-05-09T17:11:21.430Z,buy,2.13e-06,10995.0,0.02341935
CND/BTC,1557421937312,2019-05-09T17:12:17.312Z,sell,2.12e-06,10995.0,0.0233094
CND/BTC,1557422083974,2019-05-09T17:14:43.974Z,sell,2.12e-06,6324.0,0.01340688
CND/BTC,1557422339001,2019-05-09T17:18:59.001Z,sell,2.12e-06,3920.0,0.0083104
CND/BTC,1557422403739,2019-05-09T17:20:03.739Z,buy,2.13e-06,197347.0,0.4203491099999999
CND/BTC,1557422404235,2019-05-09T17:20:04.235Z,buy,2.13e-06,51379.0,0.10943727
CND/BTC,1557422559644,2019-05-09T17:22:39.644Z,sell,2.13e-06,757.0,0.0016124099999999
CND/BTC,1557422559644,2019-05-09T17:22:39.644Z,sell,2.13e-06,757.0,0.0016124099999999
CND/BTC,1557422596671,2019-05-09T17:23:16.671Z,buy,2.14e-06,6773.0,0.0144942199999999
CND/BTC,1557422596671,2019-05-09T17:23:16.671Z,buy,2.15e-06,1209.0,0.00259935
CND/BTC,1557422596671,2019-05-09T17:23:16.671Z,buy,2.16e-06,9377.0,0.02025432
CND/BTC,1557422596671,2019-05-09T17:23:16.671Z,buy,2.17e-06,41433.0,0.08990961
CND/BTC,1557422596671,2019-05-09T17:23:16.671Z,buy,2.18e-06,4463.0,0.00972934
CND/BTC,1557422596671,2019-05-09T17:23:16.671Z,buy,2.19e-06,14988.0,0.03282372
CND/BTC,1557422596671,2019-05-09T17:23:16.671Z,buy,2.2e-06,28922.0,0.0636284
CND/BTC,1557422596671,2019-05-09T17:23:16.671Z,buy,2.21e-06,2148.0,0.00474708
CND/BTC,1557422596671,2019-05-09T17:23:16.671Z,buy,2.22e-06,21581.0,0.04790982
CND/BTC,1557422596671,2019-05-09T17:23:16.671Z,buy,2.23e-06,253616.0,0.5655636799999999
CND/BTC,1557422596800,2019-05-09T17:23:16.800Z,sell,2.15e-06,1804.0,0.0038786
CND/BTC,1557422596802,2019-05-09T17:23:16.802Z,sell,2.15e-06,1827.0,0.00392805
CND/BTC,1557422596806,2019-05-09T17:23:16.806Z,sell,2.15e-06,1827.0,0.00392805
CND/BTC,1557422596839,2019-05-09T17:23:16.839Z,sell,2.15e-06,1783.0,0.00383345
CND/BTC,1557422596839,2019-05-09T17:23:16.839Z,sell,2.15e-06,1804.0,0.0038786
CND/BTC,1557422596852,2019-05-09T17:23:16.852Z,sell,2.15e-06,93.0,0.00019995
CND/BTC,1557422596868,2019-05-09T17:23:16.868Z,sell,2.16e-06,2208.0,0.00476928
CND/BTC,1557422596876,2019-05-09T17:23:16.876Z,sell,2.16e-06,2208.0,0.00476928
CND/BTC,1557422596903,2019-05-09T17:23:16.903Z,sell,2.16e-06,2526.0,0.00545616
CND/BTC,1557422596930,2019-05-09T17:23:16.930Z,sell,2.15e-06,1515.0,0.00325725
CND/BTC,1557422597700,2019-05-09T17:23:17.700Z,buy,2.16e-06,5604.0,0.01210464
CND/BTC,1557422598430,2019-05-09T17:23:18.430Z,buy,2.16e-06,5306.0,0.01146096
CND/BTC,1557422599809,2019-05-09T17:23:19.809Z,buy,2.18e-06,1799.0,0.0039218199999999
CND/BTC,1557422599809,2019-05-09T17:23:19.809Z,buy,2.19e-06,1800.0,0.003942
CND/BTC,1557422602258,2019-05-09T17:23:22.258Z,sell,2.17e-06,3578.0,0.00776426
CND/BTC,1557422608504,2019-05-09T17:23:28.504Z,sell,2.17e-06,2208.0,0.00479136
CND/BTC,1557422612996,2019-05-09T17:23:32.996Z,sell,2.17e-06,3587.0,0.00778379
CND/BTC,1557422621056,2019-05-09T17:23:41.056Z,sell,2.17e-06,1705.0,0.0036998499999999
CND/BTC,1557422640538,2019-05-09T17:24:00.538Z,sell,2.17e-06,14412.0,0.03127404
CND/BTC,1557422645331,2019-05-09T17:24:05.331Z,sell,2.16e-06,974.0,0.00210384
CND/BTC,1557422647979,2019-05-09T17:24:07.979Z,buy,2.17e-06,31871.0,0.06916007
CND/BTC,1557422693538,2019-05-09T17:24:53.538Z,sell,2.16e-06,1399.0,0.00302184
CND/BTC,1557422693538,2019-05-09T17:24:53.538Z,sell,2.16e-06,2208.0,0.00476928
CND/BTC,1557422693542,2019-05-09T17:24:53.542Z,sell,2.16e-06,2314.0,0.00499824
CND/BTC,1557422693544,2019-05-09T17:24:53.544Z,sell,2.16e-06,1117.0,0.00241272
CND/BTC,1557422693545,2019-05-09T17:24:53.545Z,sell,2.16e-06,1515.0,0.0032724
CND/BTC,1557422693545,2019-05-09T17:24:53.545Z,sell,2.16e-06,2102.0,0.00454032
CND/BTC,1557422693574,2019-05-09T17:24:53.574Z,sell,2.16e-06,1070.0,0.0023112
CND/BTC,1557422702320,2019-05-09T17:25:02.320Z,buy,2.17e-06,24799.0,0.05381383
CND/BTC,1557422721856,2019-05-09T17:25:21.856Z,buy,2.18e-06,551.0,0.0012011799999999
CND/BTC,1557422770591,2019-05-09T17:26:10.591Z,buy,2.18e-06,1127.0,0.00245686
CND/BTC,1557422791000,2019-05-09T17:26:31.000Z,sell,2.16e-06,4668.0,0.01008288
CND/BTC,1557422824615,2019-05-09T17:27:04.615Z,buy,2.18e-06,12761.0,0.02781898
CND/BTC,1557422855415,2019-05-09T17:27:35.415Z,buy,2.19e-06,10892.0,0.02385348
CND/BTC,1557422855445,2019-05-09T17:27:35.445Z,sell,2.19e-06,21042.0,0.04608198
CND/BTC,1557422855455,2019-05-09T17:27:35.455Z,sell,2.19e-06,1495.0,0.00327405
CND/BTC,1557422855475,2019-05-09T17:27:35.475Z,sell,2.19e-06,4527.0,0.00991413
CND/BTC,1557422855521,2019-05-09T17:27:35.521Z,sell,2.19e-06,1800.0,0.003942
CND/BTC,1557422855991,2019-05-09T17:27:35.991Z,sell,2.19e-06,9132.0,0.01999908
CND/BTC,1557422857273,2019-05-09T17:27:37.273Z,buy,2.2e-06,11948.0,0.0262856
CND/BTC,1557422857357,2019-05-09T17:27:37.357Z,sell,2.2e-06,1363.0,0.0029986
CND/BTC,1557422857362,2019-05-09T17:27:37.362Z,sell,2.2e-06,1363.0,0.0029986
CND/BTC,1557422857374,2019-05-09T17:27:37.374Z,sell,2.2e-06,1880.0,0.004136
CND/BTC,1557422857390,2019-05-09T17:27:37.390Z,sell,2.2e-06,2210.0,0.004862
CND/BTC,1557422857399,2019-05-09T17:27:37.399Z,sell,2.19e-06,1194.0,0.00261486
CND/BTC,1557422857450,2019-05-09T17:27:37.450Z,buy,2.2e-06,38.0,8.36e-05
CND/BTC,1557422859079,2019-05-09T17:27:39.079Z,sell,2.21e-06,455.0,0.00100555
CND/BTC,1557422863479,2019-05-09T17:27:43.479Z,sell,2.21e-06,5582.0,0.01233622
CND/BTC,1557422864275,2019-05-09T17:27:44.275Z,sell,2.21e-06,8781.0,0.01940601
CND/BTC,1557422880263,2019-05-09T17:28:00.263Z,sell,2.21e-06,6786.0,0.01499706
CND/BTC,1557422896551,2019-05-09T17:28:16.551Z,sell,2.2e-06,872.0,0.0019184
CND/BTC,1557422900448,2019-05-09T17:28:20.448Z,sell,2.2e-06,1097.0,0.0024134
CND/BTC,1557422900978,2019-05-09T17:28:20.978Z,sell,2.2e-06,1096.0,0.0024112
CND/BTC,1557422917465,2019-05-09T17:28:37.465Z,sell,2.2e-06,2140.0,0.004708
CND/BTC,1557422918278,2019-05-09T17:28:38.278Z,buy,2.2e-06,6918.0,0.0152196
CND/BTC,1557422936282,2019-05-09T17:28:56.282Z,buy,2.2e-06,517.0,0.0011374
CND/BTC,1557423323382,2019-05-09T17:35:23.382Z,sell,2.2e-06,1183.0,0.0026026
CND/BTC,1557423351323,2019-05-09T17:35:51.323Z,buy,2.21e-06,543.0,0.00120003
CND/BTC,1557423642661,2019-05-09T17:40:42.661Z,buy,2.21e-06,972.0,0.00214812
CND/BTC,1557423656785,2019-05-09T17:40:56.785Z,buy,2.21e-06,972.0,0.00214812
CND/BTC,1557423723106,2019-05-09T17:42:03.106Z,buy,2.21e-06,458.0,0.00101218
CND/BTC,1557423755022,2019-05-09T17:42:35.022Z,sell,2.2e-06,2543.0,0.0055946
CND/BTC,1557423769974,2019-05-09T17:42:49.974Z,buy,2.21e-06,1475.0,0.00325975
CND/BTC,1557423769980,2019-05-09T17:42:49.980Z,buy,2.21e-06,1475.0,0.00325975
CND/BTC,1557423769996,2019-05-09T17:42:49.996Z,buy,2.21e-06,1475.0,0.00325975
CND/BTC,1557423772431,2019-05-09T17:42:52.431Z,buy,2.21e-06,453.0,0.00100113
CND/BTC,1557423872653,2019-05-09T17:44:32.653Z,buy,2.21e-06,4309.0,0.00952289
CND/BTC,1557423899190,2019-05-09T17:44:59.190Z,buy,2.21e-06,7685.0,0.01698385
CND/BTC,1557423899190,2019-05-09T17:44:59.190Z,buy,2.22e-06,39618.0,0.08795196
CND/BTC,1557424008391,2019-05-09T17:46:48.391Z,sell,2.21e-06,1572.0,0.00347412
CND/BTC,1557424026538,2019-05-09T17:47:06.538Z,buy,2.22e-06,2031.0,0.00450882
CND/BTC,1557424026538,2019-05-09T17:47:06.538Z,buy,2.23e-06,243.0,0.00054189
CND/BTC,1557424041690,2019-05-09T17:47:21.690Z,sell,2.21e-06,500.0,0.001105
CND/BTC,1557424110778,2019-05-09T17:48:30.778Z,sell,2.21e-06,1209.0,0.00267189
CND/BTC,1557424220201,2019-05-09T17:50:20.201Z,buy,2.22e-06,2830.0,0.0062826
CND/BTC,1557424220201,2019-05-09T17:50:20.201Z,buy,2.23e-06,10065.0,0.0224449499999999
CND/BTC,1557424396969,2019-05-09T17:53:16.969Z,buy,2.23e-06,453.0,0.00101019
CND/BTC,1557424757553,2019-05-09T17:59:17.553Z,buy,2.23e-06,6044.0,0.01347812
CND/BTC,1557424757553,2019-05-09T17:59:17.553Z,buy,2.24e-06,6255.0,0.0140112
CND/BTC,1557424763835,2019-05-09T17:59:23.835Z,buy,2.24e-06,61.0,0.00013664
CND/BTC,1557424763835,2019-05-09T17:59:23.835Z,buy,2.25e-06,2321.0,0.00522225
CND/BTC,1557424763835,2019-05-09T17:59:23.835Z,buy,2.26e-06,658.0,0.00148708
CND/BTC,1557424767669,2019-05-09T17:59:27.669Z,buy,2.25e-06,989.0,0.00222525
CND/BTC,1557424776788,2019-05-09T17:59:36.788Z,sell,2.23e-06,662.0,0.0014762599999999
CND/BTC,1557424788400,2019-05-09T17:59:48.400Z,sell,2.23e-06,2233.0,0.00497959
CND/BTC,1557424801559,2019-05-09T18:00:01.559Z,sell,2.23e-06,451.0,0.0010057299999999
CND/BTC,1557424878032,2019-05-09T18:01:18.032Z,buy,2.25e-06,1021.0,0.00229725
CND/BTC,1557424879438,2019-05-09T18:01:19.438Z,sell,2.24e-06,1175.0,0.002632
CND/BTC,1557424940145,2019-05-09T18:02:20.145Z,sell,2.24e-06,9999.0,0.02239776
CND/BTC,1557424960413,2019-05-09T18:02:40.413Z,sell,2.24e-06,9009.0,0.02018016
CND/BTC,1557425005504,2019-05-09T18:03:25.504Z,buy,2.25e-06,3500.0,0.007875
CND/BTC,1557425006374,2019-05-09T18:03:26.374Z,sell,2.25e-06,9182.0,0.0206595
CND/BTC,1557425007446,2019-05-09T18:03:27.446Z,sell,2.25e-06,1469.0,0.00330525
CND/BTC,1557425007821,2019-05-09T18:03:27.821Z,buy,2.26e-06,8480.0,0.0191648
CND/BTC,1557425007838,2019-05-09T18:03:27.838Z,sell,2.26e-06,4902.0,0.01107852
CND/BTC,1557425007875,2019-05-09T18:03:27.875Z,sell,2.26e-06,1395.0,0.0031527
CND/BTC,1557425008370,2019-05-09T18:03:28.370Z,sell,2.26e-06,4162.0,0.00940612
CND/BTC,1557425011238,2019-05-09T18:03:31.238Z,buy,2.27e-06,5596.0,0.01270292
CND/BTC,1557425011252,2019-05-09T18:03:31.252Z,sell,2.27e-06,7000.0,0.0158899999999999
CND/BTC,1557425011381,2019-05-09T18:03:31.381Z,sell,2.27e-06,6260.0,0.0142102
CND/BTC,1557425028023,2019-05-09T18:03:48.023Z,buy,2.28e-06,6161.0,0.01404708
CND/BTC,1557425039791,2019-05-09T18:03:59.791Z,buy,2.28e-06,460.0,0.0010488
CND/BTC,1557425103264,2019-05-09T18:05:03.264Z,sell,2.25e-06,667.0,0.00150075
CND/BTC,1557425108523,2019-05-09T18:05:08.523Z,sell,2.25e-06,1026.0,0.0023085
CND/BTC,1557425127701,2019-05-09T18:05:27.701Z,sell,2.25e-06,4980.0,0.011205
CND/BTC,1557425155717,2019-05-09T18:05:55.717Z,sell,2.25e-06,708.0,0.001593
CND/BTC,1557425155717,2019-05-09T18:05:55.717Z,sell,2.24e-06,24320.0,0.0544768
CND/BTC,1557425155717,2019-05-09T18:05:55.717Z,sell,2.23e-06,19008.0,0.0423878399999999
CND/BTC,1557425258719,2019-05-09T18:07:38.719Z,buy,2.25e-06,1325.0,0.00298125
CND/BTC,1557425284164,2019-05-09T18:08:04.164Z,buy,2.26e-06,9614.0,0.02172764
CND/BTC,1557425350563,2019-05-09T18:09:10.563Z,sell,2.25e-06,566.0,0.0012735
CND/BTC,1557425355167,2019-05-09T18:09:15.167Z,buy,2.26e-06,500.0,0.00113
CND/BTC,1557425498563,2019-05-09T18:11:38.563Z,sell,2.25e-06,460.0,0.001035
CND/BTC,1557425561306,2019-05-09T18:12:41.306Z,sell,2.25e-06,2938.0,0.0066105
CND/BTC,1557425572086,2019-05-09T18:12:52.086Z,buy,2.26e-06,3464.0,0.00782864
CND/BTC,1557425572086,2019-05-09T18:12:52.086Z,buy,2.27e-06,19756.0,0.0448461199999999
CND/BTC,1557425572086,2019-05-09T18:12:52.086Z,buy,2.28e-06,111747.0,0.25478316
CND/BTC,1557425586199,2019-05-09T18:13:06.199Z,buy,2.29e-06,1318.0,0.00301822
CND/BTC,1557425643320,2019-05-09T18:14:03.320Z,buy,2.29e-06,647.0,0.00148163
CND/BTC,1557425674066,2019-05-09T18:14:34.066Z,buy,2.29e-06,449.0,0.00102821
CND/BTC,1557425674096,2019-05-09T18:14:34.096Z,sell,2.29e-06,3600.0,0.008244
CND/BTC,1557425674223,2019-05-09T18:14:34.223Z,sell,2.29e-06,740.0,0.0016946
CND/BTC,1557425674503,2019-05-09T18:14:34.503Z,sell,2.29e-06,5952.0,0.01363008
CND/BTC,1557425678030,2019-05-09T18:14:38.030Z,sell,2.26e-06,832.0,0.00188032
CND/BTC,1557425678030,2019-05-09T18:14:38.030Z,sell,2.25e-06,3088.0,0.006948
CND/BTC,1557425682014,2019-05-09T18:14:42.014Z,sell,2.26e-06,4839.0,0.01093614
CND/BTC,1557425686923,2019-05-09T18:14:46.923Z,sell,2.25e-06,4309.0,0.00969525
CND/BTC,1557425692996,2019-05-09T18:14:52.996Z,sell,2.25e-06,1805.0,0.00406125
CND/BTC,1557425693942,2019-05-09T18:14:53.942Z,buy,2.25e-06,11123.0,0.02502675
CND/BTC,1557425698585,2019-05-09T18:14:58.585Z,sell,2.25e-06,11752.0,0.026442
CND/BTC,1557425716441,2019-05-09T18:15:16.441Z,buy,2.25e-06,669.0,0.00150525
CND/BTC,1557425738079,2019-05-09T18:15:38.079Z,buy,2.25e-06,3640.0,0.00819
CND/BTC,1557425835951,2019-05-09T18:17:15.951Z,buy,2.26e-06,447.0,0.00101022
CND/BTC,1557426002494,2019-05-09T18:20:02.494Z,sell,2.25e-06,450.0,0.0010125
CND/BTC,1557426068815,2019-05-09T18:21:08.815Z,sell,2.25e-06,16311.0,0.03669975
CND/BTC,1557426157886,2019-05-09T18:22:37.886Z,sell,2.25e-06,447.0,0.00100575
CND/BTC,1557426157886,2019-05-09T18:22:37.886Z,sell,2.25e-06,447.0,0.00100575
CND/BTC,1557426296979,2019-05-09T18:24:56.979Z,sell,2.25e-06,1490.0,0.0033525
CND/BTC,1557426302556,2019-05-09T18:25:02.556Z,buy,2.26e-06,45915.0,0.1037679
CND/BTC,1557426456441,2019-05-09T18:27:36.441Z,sell,2.26e-06,67394.0,0.15231044
CND/BTC,1557426515408,2019-05-09T18:28:35.408Z,sell,2.26e-06,6101.0,0.01378826
CND/BTC,1557426635512,2019-05-09T18:30:35.512Z,sell,2.25e-06,1968.0,0.004428
CND/BTC,1557426652068,2019-05-09T18:30:52.068Z,buy,2.26e-06,226075.0,0.5109295
CND/BTC,1557426800525,2019-05-09T18:33:20.525Z,buy,2.27e-06,887.0,0.0020134899999999
CND/BTC,1557426800525,2019-05-09T18:33:20.525Z,buy,2.28e-06,1642.0,0.00374376
CND/BTC,1557426944586,2019-05-09T18:35:44.586Z,sell,2.26e-06,2276.0,0.00514376
CND/BTC,1557427062874,2019-05-09T18:37:42.874Z,sell,2.26e-06,891.0,0.00201366
CND/BTC,1557427079887,2019-05-09T18:37:59.887Z,sell,2.26e-06,618.0,0.00139668
CND/BTC,1557427115529,2019-05-09T18:38:35.529Z,sell,2.26e-06,24522.0,0.05541972
CND/BTC,1557427530512,2019-05-09T18:45:30.512Z,buy,2.27e-06,7936.0,0.0180147199999999
CND/BTC,1557427612400,2019-05-09T18:46:52.400Z,sell,2.27e-06,788.0,0.00178876
CND/BTC,1557427644274,2019-05-09T18:47:24.274Z,sell,2.27e-06,2171.0,0.00492817
CND/BTC,1557427699856,2019-05-09T18:48:19.856Z,buy,2.28e-06,1424.0,0.00324672
CND/BTC,1557427699856,2019-05-09T18:48:19.856Z,buy,2.29e-06,726.0,0.00166254
CND/BTC,1557427719191,2019-05-09T18:48:39.191Z,buy,2.29e-06,1260.0,0.0028854
CND/BTC,1557427789852,2019-05-09T18:49:49.852Z,sell,2.27e-06,5181.0,0.01176087
CND/BTC,1557427789852,2019-05-09T18:49:49.852Z,sell,2.26e-06,6783.0,0.0153295799999999
CND/BTC,1557427790785,2019-05-09T18:49:50.785Z,sell,2.26e-06,2564.0,0.00579464
CND/BTC,1557427803843,2019-05-09T18:50:03.843Z,buy,2.28e-06,650.0,0.001482
CND/BTC,1557427954261,2019-05-09T18:52:34.261Z,buy,2.28e-06,525.0,0.001197
CND/BTC,1557428272344,2019-05-09T18:57:52.344Z,sell,2.27e-06,50000.0,0.1134999999999999
CND/BTC,1557428272363,2019-05-09T18:57:52.363Z,sell,2.27e-06,7060.0,0.0160261999999999
CND/BTC,1557428517986,2019-05-09T19:01:57.986Z,sell,2.26e-06,8527.0,0.01927102
CND/BTC,1557428552794,2019-05-09T19:02:32.794Z,buy,2.27e-06,4288.0,0.00973376
CND/BTC,1557428769118,2019-05-09T19:06:09.118Z,sell,2.27e-06,23963.0,0.0543960099999999
CND/BTC,1557428912871,2019-05-09T19:08:32.871Z,buy,2.28e-06,35858.0,0.08175624
CND/BTC,1557428912871,2019-05-09T19:08:32.871Z,buy,2.29e-06,61411.0,0.14063119
CND/BTC,1557428912871,2019-05-09T19:08:32.871Z,buy,2.3e-06,157216.0,0.3615968
CND/BTC,1557428913809,2019-05-09T19:08:33.809Z,sell,2.27e-06,494.0,0.00112138
CND/BTC,1557428917771,2019-05-09T19:08:37.771Z,buy,2.3e-06,1728.0,0.0039744
CND/BTC,1557428917771,2019-05-09T19:08:37.771Z,buy,2.31e-06,46680.0,0.1078307999999999
CND/BTC,1557428920993,2019-05-09T19:08:40.993Z,sell,2.29e-06,3116.0,0.00713564
CND/BTC,1557428923739,2019-05-09T19:08:43.739Z,buy,2.3e-06,866.0,0.0019918
CND/BTC,1557428924171,2019-05-09T19:08:44.171Z,buy,2.3e-06,2250.0,0.005175
CND/BTC,1557428924714,2019-05-09T19:08:44.714Z,sell,2.3e-06,2555.0,0.0058765
CND/BTC,1557428924725,2019-05-09T19:08:44.725Z,sell,2.3e-06,1704.0,0.0039192
CND/BTC,1557428933296,2019-05-09T19:08:53.296Z,buy,2.3e-06,511.0,0.0011753
CND/BTC,1557428933476,2019-05-09T19:08:53.476Z,sell,2.3e-06,1978.0,0.0045494
CND/BTC,1557428934712,2019-05-09T19:08:54.712Z,sell,2.3e-06,9701.0,0.0223123
CND/BTC,1557428967559,2019-05-09T19:09:27.559Z,sell,2.28e-06,2148.0,0.00489744
CND/BTC,1557429003517,2019-05-09T19:10:03.517Z,buy,2.3e-06,644.0,0.0014812
CND/BTC,1557429029455,2019-05-09T19:10:29.455Z,buy,2.3e-06,440.0,0.001012
CND/BTC,1557429047414,2019-05-09T19:10:47.414Z,buy,2.3e-06,184.0,0.0004232
CND/BTC,1557429064702,2019-05-09T19:11:04.702Z,buy,2.31e-06,455.0,0.00105105
CND/BTC,1557429078542,2019-05-09T19:11:18.542Z,buy,2.31e-06,1221.0,0.00282051
CND/BTC,1557429092938,2019-05-09T19:11:32.938Z,sell,2.3e-06,850.0,0.001955
CND/BTC,1557429094107,2019-05-09T19:11:34.107Z,sell,2.3e-06,1093.0,0.0025139
CND/BTC,1557429098556,2019-05-09T19:11:38.556Z,sell,2.29e-06,4803.0,0.01099887
CND/BTC,1557429113348,2019-05-09T19:11:53.348Z,sell,2.29e-06,12882.0,0.02949978
CND/BTC,1557429238407,2019-05-09T19:13:58.407Z,buy,2.31e-06,3394.0,0.0078401399999999
CND/BTC,1557429238407,2019-05-09T19:13:58.407Z,buy,2.32e-06,2084.0,0.00483488
CND/BTC,1557429296196,2019-05-09T19:14:56.196Z,buy,2.32e-06,6829.0,0.0158432799999999
CND/BTC,1557429362646,2019-05-09T19:16:02.646Z,buy,2.32e-06,639.0,0.0014824799999999
CND/BTC,1557429368387,2019-05-09T19:16:08.387Z,sell,2.3e-06,2124.0,0.0048852
CND/BTC,1557429389098,2019-05-09T19:16:29.098Z,buy,2.32e-06,2095.0,0.0048604
CND/BTC,1557429409805,2019-05-09T19:16:49.805Z,sell,2.3e-06,1318.0,0.0030314
CND/BTC,1557429414170,2019-05-09T19:16:54.170Z,buy,2.32e-06,600.0,0.0013919999999999
CND/BTC,1557429414170,2019-05-09T19:16:54.170Z,buy,2.33e-06,21916.0,0.05106428
CND/BTC,1557429438019,2019-05-09T19:17:18.019Z,sell,2.31e-06,2093.0,0.00483483
CND/BTC,1557429479940,2019-05-09T19:17:59.940Z,buy,2.32e-06,1279.0,0.0029672799999999
CND/BTC,1557429479940,2019-05-09T19:17:59.940Z,buy,2.33e-06,802.0,0.00186866
CND/BTC,1557429522444,2019-05-09T19:18:42.444Z,sell,2.32e-06,5480.0,0.0127135999999999
CND/BTC,1557429541761,2019-05-09T19:19:01.761Z,sell,2.32e-06,3589.0,0.0083264799999999
CND/BTC,1557429576345,2019-05-09T19:19:36.345Z,sell,2.32e-06,1260.0,0.0029232
CND/BTC,1557429581218,2019-05-09T19:19:41.218Z,buy,2.33e-06,1249.0,0.00291017
CND/BTC,1557429581218,2019-05-09T19:19:41.218Z,buy,2.34e-06,34929.0,0.08173386
CND/BTC,1557429581218,2019-05-09T19:19:41.218Z,buy,2.35e-06,188739.0,0.44353665
CND/BTC,1557429583532,2019-05-09T19:19:43.532Z,sell,2.34e-06,630.0,0.0014742
CND/BTC,1557429583563,2019-05-09T19:19:43.563Z,sell,2.34e-06,2365.0,0.0055341
CND/BTC,1557429584105,2019-05-09T19:19:44.105Z,sell,2.33e-06,2019.0,0.00470427
CND/BTC,1557429594095,2019-05-09T19:19:54.095Z,sell,2.33e-06,13524.0,0.03151092
CND/BTC,1557429597224,2019-05-09T19:19:57.224Z,sell,2.34e-06,1367.0,0.00319878
CND/BTC,1557429641643,2019-05-09T19:20:41.643Z,buy,2.35e-06,807.0,0.00189645
CND/BTC,1557429642187,2019-05-09T19:20:42.187Z,sell,2.35e-06,3100.0,0.007285
CND/BTC,1557429642724,2019-05-09T19:20:42.724Z,sell,2.35e-06,3100.0,0.007285
CND/BTC,1557429654846,2019-05-09T19:20:54.846Z,sell,2.35e-06,10955.0,0.02574425
CND/BTC,1557429656854,2019-05-09T19:20:56.854Z,sell,2.35e-06,3273.0,0.00769155
CND/BTC,1557429657794,2019-05-09T19:20:57.794Z,sell,2.35e-06,15161.0,0.0356283499999999
CND/BTC,1557429662783,2019-05-09T19:21:02.783Z,buy,2.35e-06,433.0,0.0010175499999999
CND/BTC,1557429662783,2019-05-09T19:21:02.783Z,buy,2.36e-06,38161.0,0.09005996
CND/BTC,1557429663724,2019-05-09T19:21:03.724Z,buy,2.36e-06,433.0,0.00102188
CND/BTC,1557429663724,2019-05-09T19:21:03.724Z,buy,2.37e-06,195.0,0.00046215
CND/BTC,1557429669272,2019-05-09T19:21:09.272Z,buy,2.37e-06,108270.0,0.2565999
CND/BTC,1557429690898,2019-05-09T19:21:30.898Z,sell,2.35e-06,3315.0,0.0077902499999999
CND/BTC,1557429703026,2019-05-09T19:21:43.026Z,sell,2.34e-06,51129.0,0.11964186
CND/BTC,1557429708095,2019-05-09T19:21:48.095Z,buy,2.35e-06,1277.0,0.00300095
CND/BTC,1557429708769,2019-05-09T19:21:48.769Z,buy,2.35e-06,1219.0,0.00286465
CND/BTC,1557429712879,2019-05-09T19:21:52.879Z,sell,2.35e-06,58.0,0.0001363
CND/BTC,1557429712879,2019-05-09T19:21:52.879Z,sell,2.33e-06,4327.0,0.01008191
CND/BTC,1557429717626,2019-05-09T19:21:57.626Z,sell,2.33e-06,3817.0,0.00889361
CND/BTC,1557429717626,2019-05-09T19:21:57.626Z,sell,2.33e-06,3817.0,0.00889361
CND/BTC,1557429786821,2019-05-09T19:23:06.821Z,sell,2.34e-06,21459.0,0.05021406
CND/BTC,1557429786821,2019-05-09T19:23:06.821Z,sell,2.33e-06,4843.0,0.01128419
CND/BTC,1557429813787,2019-05-09T19:23:33.787Z,buy,2.36e-06,1301.0,0.00307036
CND/BTC,1557429814798,2019-05-09T19:23:34.798Z,sell,2.35e-06,1316.0,0.0030926
CND/BTC,1557429831711,2019-05-09T19:23:51.711Z,buy,2.35e-06,1303.0,0.0030620499999999
CND/BTC,1557429831756,2019-05-09T19:23:51.756Z,buy,2.35e-06,2078.0,0.0048833
CND/BTC,1557429838795,2019-05-09T19:23:58.795Z,sell,2.33e-06,24425.0,0.05691025
CND/BTC,1557429871929,2019-05-09T19:24:31.929Z,buy,2.35e-06,468.0,0.0010998
CND/BTC,1557429906346,2019-05-09T19:25:06.346Z,sell,2.33e-06,646.0,0.00150518
CND/BTC,1557429914462,2019-05-09T19:25:14.462Z,sell,2.32e-06,866.0,0.0020091199999999
CND/BTC,1557429916672,2019-05-09T19:25:16.672Z,sell,2.32e-06,5320.0,0.0123423999999999
CND/BTC,1557429976027,2019-05-09T19:26:16.027Z,sell,2.33e-06,5365.0,0.01250045
CND/BTC,1557429976027,2019-05-09T19:26:16.027Z,sell,2.32e-06,1457.0,0.0033802399999999
CND/BTC,1557430004124,2019-05-09T19:26:44.124Z,sell,2.32e-06,3409.0,0.00790888
CND/BTC,1557430026990,2019-05-09T19:27:06.990Z,buy,2.34e-06,665.0,0.0015561
CND/BTC,1557430047218,2019-05-09T19:27:27.218Z,sell,2.33e-06,446.0,0.00103918
CND/BTC,1557430088440,2019-05-09T19:28:08.440Z,sell,2.32e-06,15184.0,0.0352268799999999
CND/BTC,1557430260853,2019-05-09T19:31:00.853Z,sell,2.33e-06,2665.0,0.00620945
CND/BTC,1557430261863,2019-05-09T19:31:01.863Z,sell,2.33e-06,4792.0,0.01116536
CND/BTC,1557430357862,2019-05-09T19:32:37.862Z,sell,2.32e-06,656.0,0.00152192
CND/BTC,1557430379116,2019-05-09T19:32:59.116Z,buy,2.33e-06,5000.0,0.01165
CND/BTC,1557430400489,2019-05-09T19:33:20.489Z,sell,2.31e-06,524.0,0.00121044
CND/BTC,1557430401056,2019-05-09T19:33:21.056Z,sell,2.31e-06,1456.0,0.0033633599999999
CND/BTC,1557430553650,2019-05-09T19:35:53.650Z,sell,2.31e-06,2597.0,0.00599907
CND/BTC,1557430810014,2019-05-09T19:40:10.014Z,sell,2.31e-06,22740.0,0.0525294
CND/BTC,1557430850301,2019-05-09T19:40:50.301Z,sell,2.31e-06,40000.0,0.0924
CND/BTC,1557430918986,2019-05-09T19:41:58.986Z,sell,2.31e-06,19188.0,0.04432428
CND/BTC,1557430918986,2019-05-09T19:41:58.986Z,sell,2.3e-06,59774.0,0.1374802
CND/BTC,1557430919830,2019-05-09T19:41:59.830Z,sell,2.3e-06,2792.0,0.0064216
CND/BTC,1557430919922,2019-05-09T19:41:59.922Z,sell,2.3e-06,9786.0,0.0225078
CND/BTC,1557430921759,2019-05-09T19:42:01.759Z,sell,2.3e-06,435.0,0.0010005
CND/BTC,1557430921759,2019-05-09T19:42:01.759Z,sell,2.29e-06,2138.0,0.00489602
CND/BTC,1557430938332,2019-05-09T19:42:18.332Z,buy,2.31e-06,61078.0,0.1410901799999999
CND/BTC,1557430941155,2019-05-09T19:42:21.155Z,buy,2.32e-06,863.0,0.00200216
CND/BTC,1557430948080,2019-05-09T19:42:28.080Z,buy,2.31e-06,866.0,0.00200046
CND/BTC,1557431115857,2019-05-09T19:45:15.857Z,buy,2.31e-06,909.0,0.00209979
CND/BTC,1557431257040,2019-05-09T19:47:37.040Z,sell,2.3e-06,10000.0,0.023
CND/BTC,1557431297946,2019-05-09T19:48:17.946Z,sell,2.3e-06,10000.0,0.023
CND/BTC,1557431436319,2019-05-09T19:50:36.319Z,sell,2.3e-06,18225.0,0.0419175
CND/BTC,1557432063707,2019-05-09T20:01:03.707Z,buy,2.32e-06,19066.0,0.0442331199999999
CND/BTC,1557432063732,2019-05-09T20:01:03.732Z,sell,2.32e-06,4012.0,0.00930784
CND/BTC,1557432063733,2019-05-09T20:01:03.733Z,sell,2.32e-06,650.0,0.0015079999999999
CND/BTC,1557432190676,2019-05-09T20:03:10.676Z,buy,2.32e-06,5486.0,0.0127275199999999
CND/BTC,1557432194144,2019-05-09T20:03:14.144Z,sell,2.32e-06,1451.0,0.00336632
CND/BTC,1557432194168,2019-05-09T20:03:14.168Z,sell,2.32e-06,3063.0,0.0071061599999999
CND/BTC,1557432625007,2019-05-09T20:10:25.007Z,buy,2.32e-06,2357.0,0.0054682399999999
CND/BTC,1557432645989,2019-05-09T20:10:45.989Z,sell,2.31e-06,3365.0,0.0077731499999999
CND/BTC,1557432646072,2019-05-09T20:10:46.072Z,buy,2.31e-06,1635.0,0.00377685
CND/BTC,1557432729604,2019-05-09T20:12:09.604Z,buy,2.31e-06,4018.0,0.00928158
CND/BTC,1557432730079,2019-05-09T20:12:10.079Z,buy,2.31e-06,982.0,0.0022684199999999
CND/BTC,1557432733033,2019-05-09T20:12:13.033Z,buy,2.32e-06,3319.0,0.00770008
CND/BTC,1557432801962,2019-05-09T20:13:21.962Z,sell,2.3e-06,2050.0,0.004715
CND/BTC,1557432853121,2019-05-09T20:14:13.121Z,sell,2.3e-06,76840.0,0.176732
CND/BTC,1557432874716,2019-05-09T20:14:34.716Z,sell,2.29e-06,40848.0,0.09354192
CND/BTC,1557432900766,2019-05-09T20:15:00.766Z,buy,2.29e-06,437.0,0.00100073
CND/BTC,1557432958383,2019-05-09T20:15:58.383Z,sell,2.28e-06,4893.0,0.01115604
CND/BTC,1557432958383,2019-05-09T20:15:58.383Z,sell,2.27e-06,21503.0,0.04881181
CND/BTC,1557432959099,2019-05-09T20:15:59.099Z,buy,2.28e-06,5884.0,0.01341552
CND/BTC,1557433024738,2019-05-09T20:17:04.738Z,sell,2.28e-06,658.0,0.00150024
CND/BTC,1557433119641,2019-05-09T20:18:39.641Z,sell,2.28e-06,925.0,0.002109
CND/BTC,1557433166740,2019-05-09T20:19:26.740Z,buy,2.3e-06,450.0,0.001035
CND/BTC,1557433201310,2019-05-09T20:20:01.310Z,sell,2.28e-06,522.0,0.00119016
CND/BTC,1557433201310,2019-05-09T20:20:01.310Z,sell,2.27e-06,1732.0,0.00393164
CND/BTC,1557433211388,2019-05-09T20:20:11.388Z,sell,2.27e-06,658.0,0.00149366
CND/BTC,1557433255050,2019-05-09T20:20:55.050Z,sell,2.26e-06,637.0,0.00143962
CND/BTC,1557433255050,2019-05-09T20:20:55.050Z,sell,2.26e-06,637.0,0.00143962
CND/BTC,1557433478699,2019-05-09T20:24:38.699Z,buy,2.28e-06,448.0,0.00102144
CND/BTC,1557433603878,2019-05-09T20:26:43.878Z,sell,2.27e-06,4018.0,0.00912086
CND/BTC,1557433760270,2019-05-09T20:29:20.270Z,sell,2.27e-06,2928.0,0.0066465599999999
CND/BTC,1557433900467,2019-05-09T20:31:40.467Z,sell,2.27e-06,2189.0,0.0049690299999999
CND/BTC,1557434168164,2019-05-09T20:36:08.164Z,buy,2.28e-06,508.0,0.00115824
CND/BTC,1557434239052,2019-05-09T20:37:19.052Z,buy,2.28e-06,691.0,0.00157548
CND/BTC,1557434249756,2019-05-09T20:37:29.756Z,buy,2.28e-06,448.0,0.00102144
CND/BTC,1557434323814,2019-05-09T20:38:43.814Z,sell,2.27e-06,910.0,0.0020656999999999
CND/BTC,1557434383104,2019-05-09T20:39:43.104Z,sell,2.27e-06,3000.0,0.0068099999999999
CND/BTC,1557434448284,2019-05-09T20:40:48.284Z,sell,2.27e-06,1336.0,0.00303272
CND/BTC,1557434725529,2019-05-09T20:45:25.529Z,sell,2.27e-06,11404.0,0.02588708
CND/BTC,1557434880151,2019-05-09T20:48:00.151Z,sell,2.26e-06,12178.0,0.02752228
CND/BTC,1557434882240,2019-05-09T20:48:02.240Z,buy,2.27e-06,735.0,0.00166845
CND/BTC,1557435075137,2019-05-09T20:51:15.137Z,buy,2.28e-06,17090.0,0.0389652
CND/BTC,1557435125993,2019-05-09T20:52:05.993Z,buy,2.29e-06,835.0,0.00191215
CND/BTC,1557435125993,2019-05-09T20:52:05.993Z,buy,2.3e-06,38.0,8.74e-05
CND/BTC,1557435159305,2019-05-09T20:52:39.305Z,buy,2.3e-06,5847.0,0.0134481
CND/BTC,1557435159305,2019-05-09T20:52:39.305Z,buy,2.31e-06,13050.0,0.0301455
CND/BTC,1557435195194,2019-05-09T20:53:15.194Z,buy,2.3e-06,5492.0,0.0126316
CND/BTC,1557435335764,2019-05-09T20:55:35.764Z,buy,2.32e-06,594.0,0.0013780799999999
CND/BTC,1557435394715,2019-05-09T20:56:34.715Z,buy,2.31e-06,2161.0,0.00499191
CND/BTC,1557435673197,2019-05-09T21:01:13.197Z,sell,2.3e-06,1000.0,0.0023
CND/BTC,1557435881068,2019-05-09T21:04:41.068Z,sell,2.3e-06,33247.0,0.0764681
CND/BTC,1557436104964,2019-05-09T21:08:24.964Z,sell,2.29e-06,1998.0,0.00457542
CND/BTC,1557436115375,2019-05-09T21:08:35.375Z,sell,2.29e-06,6491.0,0.01486439
CND/BTC,1557436214437,2019-05-09T21:10:14.437Z,buy,2.3e-06,6409.0,0.0147407
CND/BTC,1557436230617,2019-05-09T21:10:30.617Z,sell,2.29e-06,2739.0,0.00627231
CND/BTC,1557436468945,2019-05-09T21:14:28.945Z,sell,2.28e-06,4891.0,0.01115148
CND/BTC,1557436620016,2019-05-09T21:17:00.016Z,sell,2.27e-06,8907.0,0.02021889
CND/BTC,1557436620016,2019-05-09T21:17:00.016Z,sell,2.26e-06,19779.0,0.04470054
CND/BTC,1557436620169,2019-05-09T21:17:00.169Z,buy,2.28e-06,3291.0,0.00750348
CND/BTC,1557436741062,2019-05-09T21:19:01.062Z,buy,2.28e-06,123.0,0.00028044
CND/BTC,1557436741062,2019-05-09T21:19:01.062Z,buy,2.28e-06,123.0,0.00028044
CND/BTC,1557437112328,2019-05-09T21:25:12.328Z,sell,2.28e-06,3728.0,0.00849984
CND/BTC,1557437160567,2019-05-09T21:26:00.567Z,buy,2.29e-06,18423.0,0.04218867
CND/BTC,1557437160567,2019-05-09T21:26:00.567Z,buy,2.3e-06,13883.0,0.0319309
CND/BTC,1557437164813,2019-05-09T21:26:04.813Z,buy,2.3e-06,7856.0,0.0180688
CND/BTC,1557437167367,2019-05-09T21:26:07.367Z,buy,2.3e-06,1964.0,0.0045172
CND/BTC,1557437170498,2019-05-09T21:26:10.498Z,buy,2.3e-06,491.0,0.0011293
CND/BTC,1557437397881,2019-05-09T21:29:57.881Z,sell,2.27e-06,14131.0,0.03207737
CND/BTC,1557437404126,2019-05-09T21:30:04.126Z,buy,2.29e-06,589.0,0.00134881
CND/BTC,1557437873061,2019-05-09T21:37:53.061Z,sell,2.28e-06,717.0,0.00163476
CND/BTC,1557438289876,2019-05-09T21:44:49.876Z,sell,2.27e-06,3700.0,0.008399
CND/BTC,1557438780476,2019-05-09T21:53:00.476Z,sell,2.27e-06,8983.0,0.02039141
CND/BTC,1557438796517,2019-05-09T21:53:16.517Z,sell,2.26e-06,790.0,0.0017854
CND/BTC,1557438796529,2019-05-09T21:53:16.529Z,sell,2.26e-06,790.0,0.0017854
CND/BTC,1557438827121,2019-05-09T21:53:47.121Z,sell,2.26e-06,790.0,0.0017854
CND/BTC,1557439415273,2019-05-09T22:03:35.273Z,sell,2.26e-06,59173.0,0.13373098
CND/BTC,1557439416994,2019-05-09T22:03:36.994Z,sell,2.25e-06,593.0,0.00133425
CND/BTC,1557439428748,2019-05-09T22:03:48.748Z,sell,2.25e-06,10894.0,0.0245115
CND/BTC,1557439457817,2019-05-09T22:04:17.817Z,sell,2.25e-06,445.0,0.00100125
CND/BTC,1557439457817,2019-05-09T22:04:17.817Z,sell,2.24e-06,415306.0,0.93028544
CND/BTC,1557439503746,2019-05-09T22:05:03.746Z,sell,2.23e-06,1432.0,0.0031933599999999
CND/BTC,1557439503900,2019-05-09T22:05:03.900Z,sell,2.23e-06,3291.0,0.00733893
CND/BTC,1557439611469,2019-05-09T22:06:51.469Z,sell,2.23e-06,23246.0,0.0518385799999999
CND/BTC,1557440274706,2019-05-09T22:17:54.706Z,buy,2.26e-06,4424.0,0.00999824
CND/BTC,1557440274706,2019-05-09T22:17:54.706Z,buy,2.26e-06,4424.0,0.00999824
CND/BTC,1557440419138,2019-05-09T22:20:19.138Z,sell,2.23e-06,23569.0,0.0525588699999999
CND/BTC,1557440683006,2019-05-09T22:24:43.006Z,sell,2.23e-06,3145.0,0.00701335
CND/BTC,1557440699273,2019-05-09T22:24:59.273Z,buy,2.26e-06,597.0,0.00134922
CND/BTC,1557440814663,2019-05-09T22:26:54.663Z,buy,2.26e-06,6391.0,0.01444366
CND/BTC,1557441515064,2019-05-09T22:38:35.064Z,sell,2.23e-06,617.0,0.00137591
CND/BTC,1557441603820,2019-05-09T22:40:03.820Z,buy,2.26e-06,656.0,0.00148256
CND/BTC,1557441829792,2019-05-09T22:43:49.792Z,sell,2.23e-06,2708.0,0.0060388399999999
CND/BTC,1557442023788,2019-05-09T22:47:03.788Z,sell,2.23e-06,4400.0,0.009812
CND/BTC,1557442092638,2019-05-09T22:48:12.638Z,sell,2.22e-06,4688.0,0.01040736
CND/BTC,1557442120854,2019-05-09T22:48:40.854Z,sell,2.21e-06,1436.0,0.00317356
CND/BTC,1557442124668,2019-05-09T22:48:44.668Z,sell,2.21e-06,1100.0,0.002431
CND/BTC,1557442124668,2019-05-09T22:48:44.668Z,sell,2.2e-06,2347.0,0.0051634
CND/BTC,1557442125129,2019-05-09T22:48:45.129Z,buy,2.22e-06,466.0,0.00103452
CND/BTC,1557442125129,2019-05-09T22:48:45.129Z,buy,2.23e-06,2825.0,0.00629975
CND/BTC,1557442164525,2019-05-09T22:49:24.525Z,sell,2.22e-06,4683.0,0.01039626
CND/BTC,1557442212470,2019-05-09T22:50:12.470Z,sell,2.21e-06,2871.0,0.00634491
CND/BTC,1557442212584,2019-05-09T22:50:12.584Z,buy,2.21e-06,3033.0,0.00670293
CND/BTC,1557442212676,2019-05-09T22:50:12.676Z,buy,2.21e-06,4234.0,0.00935714
CND/BTC,1557442212791,2019-05-09T22:50:12.791Z,buy,2.21e-06,4234.0,0.00935714
CND/BTC,1557442271194,2019-05-09T22:51:11.194Z,buy,2.21e-06,3646.0,0.00805766
CND/BTC,1557442271823,2019-05-09T22:51:11.823Z,buy,2.21e-06,5776.0,0.01276496
CND/BTC,1557442273160,2019-05-09T22:51:13.160Z,buy,2.21e-06,3619.0,0.00799799
CND/BTC,1557442301931,2019-05-09T22:51:41.931Z,buy,2.21e-06,1018.0,0.00224978
CND/BTC,1557442466186,2019-05-09T22:54:26.186Z,buy,2.21e-06,3960.0,0.0087516
CND/BTC,1557442466189,2019-05-09T22:54:26.189Z,buy,2.21e-06,3642.0,0.00804882
CND/BTC,1557442466989,2019-05-09T22:54:26.989Z,sell,2.2e-06,34737.0,0.0764214
CND/BTC,1557442467286,2019-05-09T22:54:27.286Z,sell,2.2e-06,8940.0,0.019668
CND/BTC,1557442467355,2019-05-09T22:54:27.355Z,sell,2.2e-06,2995.0,0.006589
CND/BTC,1557442467355,2019-05-09T22:54:27.355Z,sell,2.19e-06,2283.0,0.00499977
CND/BTC,1557442467355,2019-05-09T22:54:27.355Z,sell,2.18e-06,969.0,0.00211242
CND/BTC,1557442467834,2019-05-09T22:54:27.834Z,buy,2.2e-06,2283.0,0.0050226
CND/BTC,1557442469492,2019-05-09T22:54:29.492Z,sell,2.19e-06,8430.0,0.0184617
CND/BTC,1557442469842,2019-05-09T22:54:29.842Z,buy,2.2e-06,2283.0,0.0050226
CND/BTC,1557442476339,2019-05-09T22:54:36.339Z,sell,2.2e-06,750.0,0.00165
CND/BTC,1557442598148,2019-05-09T22:56:38.148Z,sell,2.2e-06,750.0,0.00165
CND/BTC,1557442804162,2019-05-09T23:00:04.162Z,buy,2.21e-06,1602.0,0.00354042
CND/BTC,1557442806367,2019-05-09T23:00:06.367Z,buy,2.21e-06,997.0,0.00220337
CND/BTC,1557442812146,2019-05-09T23:00:12.146Z,buy,2.21e-06,905.0,0.00200005
CND/BTC,1557443108566,2019-05-09T23:05:08.566Z,buy,2.21e-06,10105.0,0.02233205
CND/BTC,1557443606283,2019-05-09T23:13:26.283Z,sell,2.2e-06,2518.0,0.0055396
CND/BTC,1557443647840,2019-05-09T23:14:07.840Z,buy,2.22e-06,1363.0,0.00302586
CND/BTC,1557443791198,2019-05-09T23:16:31.198Z,sell,2.2e-06,49067.0,0.1079474
CND/BTC,1557443791198,2019-05-09T23:16:31.198Z,sell,2.19e-06,17404.0,0.03811476
CND/BTC,1557443792721,2019-05-09T23:16:32.721Z,sell,2.19e-06,4234.0,0.00927246
CND/BTC,1557443792912,2019-05-09T23:16:32.912Z,buy,2.21e-06,901.0,0.00199121
CND/BTC,1557443792912,2019-05-09T23:16:32.912Z,buy,2.21e-06,901.0,0.00199121
CND/BTC,1557443921233,2019-05-09T23:18:41.233Z,buy,2.19e-06,2545.0,0.00557355
CND/BTC,1557443921234,2019-05-09T23:18:41.234Z,buy,2.19e-06,6.0,1.314e-05
CND/BTC,1557443923884,2019-05-09T23:18:43.884Z,sell,2.18e-06,705.0,0.0015369
CND/BTC,1557443924399,2019-05-09T23:18:44.399Z,sell,2.18e-06,3291.0,0.0071743799999999
CND/BTC,1557443924948,2019-05-09T23:18:44.948Z,buy,2.2e-06,3512.0,0.0077264
CND/BTC,1557444013409,2019-05-09T23:20:13.409Z,sell,2.19e-06,730.0,0.0015987
CND/BTC,1557444051049,2019-05-09T23:20:51.049Z,sell,2.19e-06,1625.0,0.00355875
CND/BTC,1557444052418,2019-05-09T23:20:52.418Z,buy,2.2e-06,521.0,0.0011462
CND/BTC,1557444053274,2019-05-09T23:20:53.274Z,sell,2.19e-06,1834.0,0.00401646
CND/BTC,1557444290152,2019-05-09T23:24:50.152Z,sell,2.19e-06,644.0,0.00141036
CND/BTC,1557444581493,2019-05-09T23:29:41.493Z,buy,2.2e-06,5698.0,0.0125356
CND/BTC,1557445610443,2019-05-09T23:46:50.443Z,buy,2.2e-06,488.0,0.0010736
CND/BTC,1557446174341,2019-05-09T23:56:14.341Z,sell,2.17e-06,1998.0,0.00433566
CND/BTC,1557446791010,2019-05-10T00:06:31.010Z,buy,2.19e-06,10000.0,0.0219
CND/BTC,1557446894772,2019-05-10T00:08:14.772Z,sell,2.18e-06,508.0,0.00110744
CND/BTC,1557446904980,2019-05-10T00:08:24.980Z,sell,2.18e-06,111.0,0.0002419799999999
CND/BTC,1557446904980,2019-05-10T00:08:24.980Z,sell,2.17e-06,410.0,0.0008897
CND/BTC,1557446939779,2019-05-10T00:08:59.779Z,buy,2.19e-06,39241.0,0.08593779
CND/BTC,1557447373265,2019-05-10T00:16:13.265Z,buy,2.2e-06,937.0,0.0020614
CND/BTC,1557447373265,2019-05-10T00:16:13.265Z,buy,2.2e-06,937.0,0.0020614
CND/BTC,1557447492142,2019-05-10T00:18:12.142Z,buy,2.2e-06,568.0,0.0012496
CND/BTC,1557447687432,2019-05-10T00:21:27.432Z,sell,2.19e-06,10094.0,0.02210586
CND/BTC,1557447902390,2019-05-10T00:25:02.390Z,sell,2.19e-06,881.0,0.00192939
CND/BTC,1557447905719,2019-05-10T00:25:05.719Z,sell,2.19e-06,883.0,0.00193377
CND/BTC,1557448117383,2019-05-10T00:28:37.383Z,sell,2.19e-06,12824.0,0.02808456
CND/BTC,1557448117383,2019-05-10T00:28:37.383Z,sell,2.18e-06,3678.0,0.0080180399999999
CND/BTC,1557448117383,2019-05-10T00:28:37.383Z,sell,2.17e-06,50570.0,0.1097369
CND/BTC,1557448117549,2019-05-10T00:28:37.549Z,buy,2.18e-06,9059.0,0.0197486199999999
CND/BTC,1557448117555,2019-05-10T00:28:37.555Z,buy,2.18e-06,9059.0,0.0197486199999999
CND/BTC,1557448117676,2019-05-10T00:28:37.676Z,buy,2.18e-06,3542.0,0.00772156
CND/BTC,1557448118961,2019-05-10T00:28:38.961Z,sell,2.17e-06,4608.0,0.00999936
CND/BTC,1557448118961,2019-05-10T00:28:38.961Z,sell,2.16e-06,3592.0,0.00775872
CND/BTC,1557448118961,2019-05-10T00:28:38.961Z,sell,2.16e-06,4608.0,0.00995328
CND/BTC,1557448119178,2019-05-10T00:28:39.178Z,buy,2.17e-06,2729.0,0.00592193
CND/BTC,1557448128573,2019-05-10T00:28:48.573Z,sell,2.16e-06,750.0,0.00162
CND/BTC,1557448179669,2019-05-10T00:29:39.669Z,sell,2.16e-06,463.0,0.00100008
CND/BTC,1557448262846,2019-05-10T00:31:02.846Z,buy,2.16e-06,2850.0,0.006156
CND/BTC,1557448278906,2019-05-10T00:31:18.906Z,sell,2.15e-06,1065.0,0.00228975
CND/BTC,1557448279514,2019-05-10T00:31:19.514Z,buy,2.17e-06,3291.0,0.00714147
CND/BTC,1557449164997,2019-05-10T00:46:04.997Z,buy,2.17e-06,1000.0,0.00217
CND/BTC,1557449171875,2019-05-10T00:46:11.875Z,buy,2.17e-06,500.0,0.001085
CND/BTC,1557449177479,2019-05-10T00:46:17.479Z,buy,2.17e-06,5000.0,0.01085
CND/BTC,1557449201064,2019-05-10T00:46:41.064Z,buy,2.17e-06,8426.0,0.01828442
CND/BTC,1557449251971,2019-05-10T00:47:31.971Z,sell,2.15e-06,5201.0,0.01118215
CND/BTC,1557449254765,2019-05-10T00:47:34.765Z,buy,2.15e-06,1666.0,0.0035819
CND/BTC,1557449259146,2019-05-10T00:47:39.146Z,buy,2.15e-06,901.0,0.00193715
CND/BTC,1557449264785,2019-05-10T00:47:44.785Z,buy,2.15e-06,5145.0,0.01106175
CND/BTC,1557449279239,2019-05-10T00:47:59.239Z,sell,2.15e-06,8833.0,0.01899095
CND/BTC,1557449353328,2019-05-10T00:49:13.328Z,sell,2.15e-06,3500.0,0.007525
CND/BTC,1557449429160,2019-05-10T00:50:29.160Z,buy,2.16e-06,845.0,0.0018252
CND/BTC,1557449623232,2019-05-10T00:53:43.232Z,sell,2.15e-06,2611.0,0.00561365
CND/BTC,1557449655196,2019-05-10T00:54:15.196Z,sell,2.15e-06,472.0,0.0010148
CND/BTC,1557449688665,2019-05-10T00:54:48.665Z,buy,2.16e-06,1459.0,0.00315144
CND/BTC,1557449688814,2019-05-10T00:54:48.814Z,sell,2.16e-06,1139.0,0.00246024
CND/BTC,1557449717177,2019-05-10T00:55:17.177Z,sell,2.16e-06,2315.0,0.0050004
CND/BTC,1557450021082,2019-05-10T01:00:21.082Z,sell,2.15e-06,73253.0,0.15749395
CND/BTC,1557450037521,2019-05-10T01:00:37.521Z,sell,2.14e-06,1500.0,0.0032099999999999
CND/BTC,1557450038400,2019-05-10T01:00:38.400Z,buy,2.14e-06,1123.0,0.0024032199999999
CND/BTC,1557450042228,2019-05-10T01:00:42.228Z,sell,2.14e-06,1123.0,0.0024032199999999
CND/BTC,1557450042388,2019-05-10T01:00:42.388Z,buy,2.14e-06,1167.0,0.00249738
CND/BTC,1557450052566,2019-05-10T01:00:52.566Z,sell,2.14e-06,750.0,0.0016049999999999
CND/BTC,1557450064643,2019-05-10T01:01:04.643Z,sell,2.14e-06,2341.0,0.0050097399999999
CND/BTC,1557450099451,2019-05-10T01:01:39.451Z,sell,2.13e-06,48787.0,0.10391631
CND/BTC,1557450103427,2019-05-10T01:01:43.427Z,sell,2.13e-06,4879.0,0.01039227
CND/BTC,1557450164865,2019-05-10T01:02:44.865Z,sell,2.12e-06,1371.0,0.00290652
CND/BTC,1557450165060,2019-05-10T01:02:45.060Z,sell,2.12e-06,3291.0,0.00697692
CND/BTC,1557450178399,2019-05-10T01:02:58.399Z,buy,2.13e-06,2623.0,0.00558699
CND/BTC,1557450196587,2019-05-10T01:03:16.587Z,sell,2.13e-06,2325.0,0.00495225
CND/BTC,1557450319004,2019-05-10T01:05:19.004Z,buy,2.14e-06,520.0,0.0011128
CND/BTC,1557450326669,2019-05-10T01:05:26.669Z,sell,2.13e-06,564.0,0.0012013199999999
CND/BTC,1557450326935,2019-05-10T01:05:26.935Z,buy,2.13e-06,1761.0,0.00375093
CND/BTC,1557450347469,2019-05-10T01:05:47.469Z,buy,2.15e-06,3164.0,0.0068026
CND/BTC,1557450354396,2019-05-10T01:05:54.396Z,buy,2.15e-06,1000.0,0.00215
CND/BTC,1557450754543,2019-05-10T01:12:34.543Z,sell,2.14e-06,6155.0,0.0131717
CND/BTC,1557450863404,2019-05-10T01:14:23.404Z,buy,2.16e-06,10000.0,0.0216
CND/BTC,1557450911824,2019-05-10T01:15:11.824Z,buy,2.15e-06,1121.0,0.00241015
CND/BTC,1557450911824,2019-05-10T01:15:11.824Z,buy,2.15e-06,1121.0,0.00241015
CND/BTC,1557451802513,2019-05-10T01:30:02.513Z,buy,2.15e-06,689.0,0.00148135
CND/BTC,1557451922672,2019-05-10T01:32:02.672Z,buy,2.15e-06,4421.0,0.00950515
CND/BTC,1557451922768,2019-05-10T01:32:02.768Z,sell,2.15e-06,4234.0,0.0091031
CND/BTC,1557451922875,2019-05-10T01:32:02.875Z,sell,2.15e-06,4234.0,0.0091031
CND/BTC,1557451922983,2019-05-10T01:32:02.983Z,sell,2.15e-06,4234.0,0.0091031
CND/BTC,1557451923102,2019-05-10T01:32:03.102Z,sell,2.15e-06,4234.0,0.0091031
CND/BTC,1557451923192,2019-05-10T01:32:03.192Z,sell,2.15e-06,4234.0,0.0091031
CND/BTC,1557451923290,2019-05-10T01:32:03.290Z,sell,2.15e-06,4234.0,0.0091031
CND/BTC,1557451923387,2019-05-10T01:32:03.387Z,sell,2.15e-06,4234.0,0.0091031
CND/BTC,1557451923501,2019-05-10T01:32:03.501Z,sell,2.15e-06,4234.0,0.0091031
CND/BTC,1557451923533,2019-05-10T01:32:03.533Z,sell,2.15e-06,6856.0,0.0147404
CND/BTC,1557452788801,2019-05-10T01:46:28.801Z,sell,2.14e-06,4545.0,0.0097262999999999
CND/BTC,1557453099120,2019-05-10T01:51:39.120Z,buy,2.15e-06,17489.0,0.03760135
CND/BTC,1557453557430,2019-05-10T01:59:17.430Z,sell,2.14e-06,909.0,0.0019452599999999
CND/BTC,1557454145392,2019-05-10T02:09:05.392Z,buy,2.15e-06,9317.0,0.02003155
CND/BTC,1557454145397,2019-05-10T02:09:05.397Z,buy,2.15e-06,9325.0,0.02004875
CND/BTC,1557454145404,2019-05-10T02:09:05.404Z,buy,2.15e-06,9317.0,0.02003155
CND/BTC,1557454145404,2019-05-10T02:09:05.404Z,buy,2.15e-06,4658.0,0.0100147
CND/BTC,1557454145415,2019-05-10T02:09:05.415Z,buy,2.15e-06,16005.0,0.03441075
CND/BTC,1557454145420,2019-05-10T02:09:05.420Z,buy,2.15e-06,9095.0,0.01955425
CND/BTC,1557454213968,2019-05-10T02:10:13.968Z,sell,2.14e-06,8420.0,0.0180187999999999
CND/BTC,1557454240154,2019-05-10T02:10:40.154Z,sell,2.12e-06,19347.0,0.04101564
CND/BTC,1557454240164,2019-05-10T02:10:40.164Z,sell,2.12e-06,19347.0,0.04101564
CND/BTC,1557454240175,2019-05-10T02:10:40.175Z,sell,2.12e-06,750.0,0.00159
CND/BTC,1557454240179,2019-05-10T02:10:40.179Z,sell,2.12e-06,4276.0,0.00906512
CND/BTC,1557454241641,2019-05-10T02:10:41.641Z,sell,2.12e-06,9320.0,0.0197584
CND/BTC,1557454250238,2019-05-10T02:10:50.238Z,sell,2.12e-06,750.0,0.00159
CND/BTC,1557454314500,2019-05-10T02:11:54.500Z,sell,2.12e-06,897.0,0.00190164
CND/BTC,1557454363005,2019-05-10T02:12:43.005Z,sell,2.12e-06,532.0,0.00112784
CND/BTC,1557454386421,2019-05-10T02:13:06.421Z,sell,2.12e-06,12198.0,0.02585976
CND/BTC,1557454414744,2019-05-10T02:13:34.744Z,buy,2.12e-06,3492.0,0.00740304
CND/BTC,1557454414830,2019-05-10T02:13:34.830Z,sell,2.11e-06,678.0,0.00143058
CND/BTC,1557454422751,2019-05-10T02:13:42.751Z,buy,2.12e-06,1012.0,0.00214544
CND/BTC,1557454439095,2019-05-10T02:13:59.095Z,sell,2.11e-06,12289.0,0.02592979
CND/BTC,1557454439095,2019-05-10T02:13:59.095Z,sell,2.11e-06,12289.0,0.02592979
CND/BTC,1557454614178,2019-05-10T02:16:54.178Z,sell,2.11e-06,4000.0,0.00844
CND/BTC,1557454634315,2019-05-10T02:17:14.315Z,sell,2.11e-06,10080.0,0.0212688
CND/BTC,1557455036050,2019-05-10T02:23:56.050Z,sell,2.12e-06,6391.0,0.01354892
CND/BTC,1557455036552,2019-05-10T02:23:56.552Z,sell,2.12e-06,14044.0,0.02977328
CND/BTC,1557455036784,2019-05-10T02:23:56.784Z,sell,2.12e-06,25838.0,0.05477656
CND/BTC,1557455045155,2019-05-10T02:24:05.155Z,sell,2.12e-06,26057.0,0.05524084
CND/BTC,1557455048169,2019-05-10T02:24:08.169Z,sell,2.12e-06,2605.0,0.0055226
CND/BTC,1557455319568,2019-05-10T02:28:39.568Z,sell,2.12e-06,17678.0,0.03747736
CND/BTC,1557455651772,2019-05-10T02:34:11.772Z,sell,2.12e-06,1289.0,0.00273268
CND/BTC,1557456223333,2019-05-10T02:43:43.333Z,buy,2.13e-06,40535.0,0.08633955
CND/BTC,1557456223333,2019-05-10T02:43:43.333Z,buy,2.14e-06,18972.0,0.04060008
CND/BTC,1557456223333,2019-05-10T02:43:43.333Z,buy,2.15e-06,1500.0,0.003225
CND/BTC,1557456223333,2019-05-10T02:43:43.333Z,buy,2.16e-06,13993.0,0.03022488
CND/BTC,1557456223865,2019-05-10T02:43:43.865Z,buy,2.13e-06,1363.0,0.00290319
CND/BTC,1557456303086,2019-05-10T02:45:03.086Z,buy,2.15e-06,689.0,0.00148135
CND/BTC,1557456578949,2019-05-10T02:49:38.949Z,sell,2.13e-06,589.0,0.00125457
CND/BTC,1557456583052,2019-05-10T02:49:43.052Z,sell,2.13e-06,597.0,0.00127161
CND/BTC,1557456677882,2019-05-10T02:51:17.882Z,sell,2.13e-06,2399.0,0.00510987
CND/BTC,1557456777632,2019-05-10T02:52:57.632Z,buy,2.13e-06,4090.0,0.0087117
CND/BTC,1557457493809,2019-05-10T03:04:53.809Z,sell,2.14e-06,4090.0,0.0087526
CND/BTC,1557457513121,2019-05-10T03:05:13.121Z,sell,2.14e-06,9308.0,0.01991912
CND/BTC,1557457585353,2019-05-10T03:06:25.353Z,buy,2.14e-06,8950.0,0.019153
CND/BTC,1557457585353,2019-05-10T03:06:25.353Z,buy,2.15e-06,3333.0,0.00716595
CND/BTC,1557457585961,2019-05-10T03:06:25.961Z,sell,2.15e-06,471.0,0.00101265
CND/BTC,1557457586113,2019-05-10T03:06:26.113Z,buy,2.13e-06,3533.0,0.00752529
CND/BTC,1557457587962,2019-05-10T03:06:27.962Z,buy,2.13e-06,10000.0,0.0213
CND/BTC,1557457930141,2019-05-10T03:12:10.141Z,sell,2.13e-06,2056.0,0.00437928
CND/BTC,1557457933232,2019-05-10T03:12:13.232Z,sell,2.13e-06,17105.0,0.03643365
CND/BTC,1557457933262,2019-05-10T03:12:13.262Z,sell,2.13e-06,6283.0,0.01338279
CND/BTC,1557457933262,2019-05-10T03:12:13.262Z,sell,2.13e-06,6283.0,0.01338279
CND/BTC,1557458263854,2019-05-10T03:17:43.854Z,sell,2.12e-06,164.0,0.00034768
CND/BTC,1557458586334,2019-05-10T03:23:06.334Z,buy,2.12e-06,472.0,0.00100064
CND/BTC,1557458630394,2019-05-10T03:23:50.394Z,sell,2.11e-06,22073.0,0.04657403
CND/BTC,1557458639931,2019-05-10T03:23:59.931Z,sell,2.11e-06,750.0,0.0015825
CND/BTC,1557458910159,2019-05-10T03:28:30.159Z,buy,2.12e-06,10000.0,0.0212
CND/BTC,1557458939202,2019-05-10T03:28:59.202Z,buy,2.12e-06,1690.0,0.0035828
CND/BTC,1557458988707,2019-05-10T03:29:48.707Z,sell,2.11e-06,2707.0,0.00571177
CND/BTC,1557458995771,2019-05-10T03:29:55.771Z,sell,2.11e-06,1515.0,0.00319665
CND/BTC,1557459258762,2019-05-10T03:34:18.762Z,sell,2.11e-06,6541.0,0.01380151
CND/BTC,1557460093951,2019-05-10T03:48:13.951Z,sell,2.11e-06,3500.0,0.007385
CND/BTC,1557460275504,2019-05-10T03:51:15.504Z,sell,2.11e-06,717.0,0.00151287
CND/BTC,1557460335560,2019-05-10T03:52:15.560Z,sell,2.11e-06,312.0,0.00065832
CND/BTC,1557460599639,2019-05-10T03:56:39.639Z,buy,2.11e-06,1065.0,0.00224715
CND/BTC,1557460608308,2019-05-10T03:56:48.308Z,sell,2.1e-06,1091.0,0.0022911
CND/BTC,1557460608308,2019-05-10T03:56:48.308Z,sell,2.1e-06,73060.0,0.1534259999999999
CND/BTC,1557460608308,2019-05-10T03:56:48.308Z,sell,2.09e-06,4103.0,0.00857527
CND/BTC,1557460610281,2019-05-10T03:56:50.281Z,sell,2.09e-06,1275.0,0.00266475
CND/BTC,1557460610317,2019-05-10T03:56:50.317Z,sell,2.09e-06,1275.0,0.00266475
CND/BTC,1557460611489,2019-05-10T03:56:51.489Z,sell,2.09e-06,2550.0,0.0053295
CND/BTC,1557460613358,2019-05-10T03:56:53.358Z,sell,2.09e-06,2550.0,0.0053295
CND/BTC,1557460615331,2019-05-10T03:56:55.331Z,sell,2.09e-06,2550.0,0.0053295
CND/BTC,1557460615703,2019-05-10T03:56:55.703Z,sell,2.09e-06,4311.0,0.0090099899999999
CND/BTC,1557460617370,2019-05-10T03:56:57.370Z,sell,2.09e-06,6857.0,0.01433113
CND/BTC,1557460619573,2019-05-10T03:56:59.573Z,sell,2.09e-06,4492.0,0.0093882799999999
CND/BTC,1557460621853,2019-05-10T03:57:01.853Z,sell,2.09e-06,479.0,0.00100111
CND/BTC,1557460621853,2019-05-10T03:57:01.853Z,sell,2.08e-06,519.0,0.00107952
CND/BTC,1557460658137,2019-05-10T03:57:38.137Z,buy,2.1e-06,2673.0,0.0056133
CND/BTC,1557460658157,2019-05-10T03:57:38.157Z,buy,2.1e-06,2778.0,0.0058337999999999
CND/BTC,1557460832159,2019-05-10T04:00:32.159Z,buy,2.1e-06,870.0,0.0018269999999999
CND/BTC,1557460846150,2019-05-10T04:00:46.150Z,buy,2.1e-06,1803.0,0.0037863
CND/BTC,1557460932064,2019-05-10T04:02:12.064Z,buy,2.11e-06,23428.0,0.04943308
CND/BTC,1557460932208,2019-05-10T04:02:12.208Z,sell,2.11e-06,1653.0,0.00348783
CND/BTC,1557460932315,2019-05-10T04:02:12.315Z,sell,2.11e-06,2673.0,0.00564003
CND/BTC,1557461272275,2019-05-10T04:07:52.275Z,buy,2.12e-06,925.0,0.001961
CND/BTC,1557461415065,2019-05-10T04:10:15.065Z,buy,2.12e-06,14671.0,0.03110252
CND/BTC,1557461434228,2019-05-10T04:10:34.228Z,sell,2.1e-06,25660.0,0.0538859999999999
CND/BTC,1557461434228,2019-05-10T04:10:34.228Z,sell,2.09e-06,16527.0,0.03454143
CND/BTC,1557461434228,2019-05-10T04:10:34.228Z,sell,2.1e-06,25660.0,0.0538859999999999
CND/BTC,1557461434228,2019-05-10T04:10:34.228Z,sell,2.09e-06,16527.0,0.03454143
CND/BTC,1557461578379,2019-05-10T04:12:58.379Z,sell,2.1e-06,2673.0,0.0056133
CND/BTC,1557461789000,2019-05-10T04:16:29.000Z,buy,2.11e-06,1126.0,0.00237586
CND/BTC,1557461789020,2019-05-10T04:16:29.020Z,buy,2.11e-06,5144.0,0.01085384
CND/BTC,1557462028326,2019-05-10T04:20:28.326Z,buy,2.12e-06,1689.0,0.00358068
CND/BTC,1557462028640,2019-05-10T04:20:28.640Z,buy,2.12e-06,862.0,0.00182744
CND/BTC,1557462041630,2019-05-10T04:20:41.630Z,buy,2.12e-06,14569.0,0.03088628
CND/BTC,1557462064219,2019-05-10T04:21:04.219Z,sell,2.12e-06,479.0,0.00101548
CND/BTC,1557462126578,2019-05-10T04:22:06.578Z,buy,2.13e-06,2134.0,0.00454542
CND/BTC,1557462199441,2019-05-10T04:23:19.441Z,buy,2.13e-06,20000.0,0.0426
CND/BTC,1557462605596,2019-05-10T04:30:05.596Z,buy,2.13e-06,3000.0,0.00639
CND/BTC,1557462758044,2019-05-10T04:32:38.044Z,sell,2.12e-06,4043.0,0.00857116
CND/BTC,1557462802266,2019-05-10T04:33:22.266Z,buy,2.13e-06,9262.0,0.01972806
CND/BTC,1557462864254,2019-05-10T04:34:24.254Z,buy,2.13e-06,16237.0,0.03458481
CND/BTC,1557463258591,2019-05-10T04:40:58.591Z,buy,2.14e-06,14459.0,0.03094226
CND/BTC,1557463260785,2019-05-10T04:41:00.785Z,sell,2.14e-06,474.0,0.00101436
CND/BTC,1557463321872,2019-05-10T04:42:01.872Z,sell,2.14e-06,472.0,0.00101008
CND/BTC,1557463699351,2019-05-10T04:48:19.351Z,buy,2.15e-06,7699.0,0.01655285
CND/BTC,1557463699384,2019-05-10T04:48:19.384Z,sell,2.15e-06,4051.0,0.00870965
CND/BTC,1557463699620,2019-05-10T04:48:19.620Z,sell,2.15e-06,5623.0,0.01208945
CND/BTC,1557463700578,2019-05-10T04:48:20.578Z,sell,2.14e-06,17679.0,0.0378330599999999
CND/BTC,1557464149862,2019-05-10T04:55:49.862Z,buy,2.15e-06,6368.0,0.0136912
CND/BTC,1557464487893,2019-05-10T05:01:27.893Z,buy,2.15e-06,10000.0,0.0215
CND/BTC,1557464487893,2019-05-10T05:01:27.893Z,buy,2.15e-06,10000.0,0.0215
CND/BTC,1557465087977,2019-05-10T05:11:27.977Z,sell,2.14e-06,3177.0,0.0067987799999999
CND/BTC,1557465092965,2019-05-10T05:11:32.965Z,sell,2.14e-06,34965.0,0.0748250999999999
CND/BTC,1557465164619,2019-05-10T05:12:44.619Z,buy,2.15e-06,21132.0,0.0454338
CND/BTC,1557465177203,2019-05-10T05:12:57.203Z,buy,2.16e-06,5000.0,0.0108
CND/BTC,1557465250375,2019-05-10T05:14:10.375Z,buy,2.16e-06,1091.0,0.00235656
CND/BTC,1557465291589,2019-05-10T05:14:51.589Z,buy,2.16e-06,500.0,0.00108
CND/BTC,1557465293757,2019-05-10T05:14:53.757Z,sell,2.15e-06,500.0,0.001075
CND/BTC,1557465339355,2019-05-10T05:15:39.355Z,sell,2.15e-06,4053.0,0.00871395
CND/BTC,1557465529452,2019-05-10T05:18:49.452Z,sell,2.15e-06,698.0,0.0015007
CND/BTC,1557465676774,2019-05-10T05:21:16.774Z,sell,2.15e-06,4055.0,0.00871825
CND/BTC,1557465871590,2019-05-10T05:24:31.590Z,sell,2.16e-06,4234.0,0.00914544
CND/BTC,1557466066292,2019-05-10T05:27:46.292Z,sell,2.16e-06,14741.0,0.03184056
CND/BTC,1557467319446,2019-05-10T05:48:39.446Z,buy,2.17e-06,500.0,0.001085
CND/BTC,1557467322450,2019-05-10T05:48:42.450Z,buy,2.17e-06,8617.0,0.01869889
CND/BTC,1557467322480,2019-05-10T05:48:42.480Z,buy,2.17e-06,3248.0,0.0070481599999999
CND/BTC,1557467341518,2019-05-10T05:49:01.518Z,buy,2.17e-06,463.0,0.00100471
CND/BTC,1557467375823,2019-05-10T05:49:35.823Z,sell,2.17e-06,2908.0,0.00631036
CND/BTC,1557467531820,2019-05-10T05:52:11.820Z,sell,2.16e-06,3767.0,0.00813672
CND/BTC,1557467583051,2019-05-10T05:53:03.051Z,buy,2.18e-06,679.0,0.00148022
CND/BTC,1557467804049,2019-05-10T05:56:44.049Z,sell,2.17e-06,3037.0,0.0065902899999999
CND/BTC,1557467817822,2019-05-10T05:56:57.822Z,buy,2.18e-06,1171.0,0.0025527799999999
CND/BTC,1557467831930,2019-05-10T05:57:11.930Z,sell,2.18e-06,3011.0,0.00656398
CND/BTC,1557467831930,2019-05-10T05:57:11.930Z,sell,2.18e-06,3011.0,0.00656398
CND/BTC,1557469019932,2019-05-10T06:16:59.932Z,sell,2.18e-06,6456.0,0.01407408
CND/BTC,1557469151019,2019-05-10T06:19:11.019Z,sell,2.18e-06,62471.0,0.1361867799999999
CND/BTC,1557469301375,2019-05-10T06:21:41.375Z,sell,2.17e-06,2905.0,0.00630385
CND/BTC,1557469960300,2019-05-10T06:32:40.300Z,sell,2.17e-06,1136.0,0.00246512
CND/BTC,1557469978260,2019-05-10T06:32:58.260Z,sell,2.17e-06,1503.0,0.00326151
CND/BTC,1557470169659,2019-05-10T06:36:09.659Z,sell,2.17e-06,1047.0,0.0022719899999999
CND/BTC,1557470297496,2019-05-10T06:38:17.496Z,sell,2.17e-06,11199.0,0.02430183
CND/BTC,1557470351385,2019-05-10T06:39:11.385Z,buy,2.18e-06,1202.0,0.00262036
CND/BTC,1557470385740,2019-05-10T06:39:45.740Z,buy,2.18e-06,39913.0,0.0870103399999999
CND/BTC,1557470401071,2019-05-10T06:40:01.071Z,sell,2.18e-06,461.0,0.00100498
CND/BTC,1557470593342,2019-05-10T06:43:13.342Z,buy,2.19e-06,1500.0,0.003285
CND/BTC,1557471009080,2019-05-10T06:50:09.080Z,buy,2.2e-06,6948.0,0.0152856
CND/BTC,1557471062683,2019-05-10T06:51:02.683Z,buy,2.2e-06,375.0,0.000825
CND/BTC,1557471062683,2019-05-10T06:51:02.683Z,buy,2.21e-06,298.0,0.00065858
CND/BTC,1557471062683,2019-05-10T06:51:02.683Z,buy,2.2e-06,375.0,0.000825
CND/BTC,1557471062683,2019-05-10T06:51:02.683Z,buy,2.21e-06,298.0,0.00065858
CND/BTC,1557471443075,2019-05-10T06:57:23.075Z,sell,2.19e-06,634.0,0.00138846
CND/BTC,1557471444109,2019-05-10T06:57:24.109Z,sell,2.19e-06,1202.0,0.00263238
CND/BTC,1557471768320,2019-05-10T07:02:48.320Z,sell,2.19e-06,2358.0,0.00516402
CND/BTC,1557471863121,2019-05-10T07:04:23.121Z,sell,2.19e-06,35092.0,0.07685148
CND/BTC,1557471866353,2019-05-10T07:04:26.353Z,sell,2.18e-06,6030.0,0.0131454
CND/BTC,1557471879585,2019-05-10T07:04:39.585Z,sell,2.18e-06,29056.0,0.06334208
CND/BTC,1557471879585,2019-05-10T07:04:39.585Z,sell,2.17e-06,60852.0,0.13204884
CND/BTC,1557471879585,2019-05-10T07:04:39.585Z,sell,2.17e-06,23380.0,0.0507346
CND/BTC,1557471879603,2019-05-10T07:04:39.603Z,buy,2.17e-06,15945.0,0.03460065
CND/BTC,1557471879613,2019-05-10T07:04:39.613Z,buy,2.17e-06,8984.0,0.01949528
CND/BTC,1557471879615,2019-05-10T07:04:39.615Z,buy,2.17e-06,7413.0,0.01608621
CND/BTC,1557471879854,2019-05-10T07:04:39.854Z,buy,2.17e-06,1398.0,0.00303366
CND/BTC,1557471882612,2019-05-10T07:04:42.612Z,sell,2.17e-06,4608.0,0.00999936
CND/BTC,1557471882732,2019-05-10T07:04:42.732Z,sell,2.16e-06,8990.0,0.0194184
CND/BTC,1557471887700,2019-05-10T07:04:47.700Z,sell,2.16e-06,2134.0,0.00460944
CND/BTC,1557471895958,2019-05-10T07:04:55.958Z,buy,2.18e-06,2033.0,0.00443194
CND/BTC,1557471901635,2019-05-10T07:05:01.635Z,buy,2.18e-06,5581.0,0.01216658
CND/BTC,1557472123821,2019-05-10T07:08:43.821Z,sell,2.18e-06,1374.0,0.0029953199999999
CND/BTC,1557472202421,2019-05-10T07:10:02.421Z,buy,2.18e-06,16744.0,0.03650192
CND/BTC,1557473345370,2019-05-10T07:29:05.370Z,buy,2.2e-06,1490.0,0.003278
CND/BTC,1557473688096,2019-05-10T07:34:48.096Z,sell,2.18e-06,6368.0,0.0138822399999999
CND/BTC,1557473879094,2019-05-10T07:37:59.094Z,sell,2.18e-06,5104.0,0.01112672
CND/BTC,1557473925627,2019-05-10T07:38:45.627Z,sell,2.17e-06,3392.0,0.00736064
CND/BTC,1557474124858,2019-05-10T07:42:04.858Z,buy,2.17e-06,9342.0,0.02027214
CND/BTC,1557474144746,2019-05-10T07:42:24.746Z,buy,2.18e-06,8888.0,0.01937584
CND/BTC,1557474147178,2019-05-10T07:42:27.178Z,buy,2.18e-06,899.0,0.0019598199999999
CND/BTC,1557474147376,2019-05-10T07:42:27.376Z,sell,2.18e-06,514.0,0.0011205199999999
CND/BTC,1557474150811,2019-05-10T07:42:30.811Z,sell,2.18e-06,4386.0,0.0095614799999999
CND/BTC,1557474150851,2019-05-10T07:42:30.851Z,sell,2.17e-06,3457.0,0.00750169
CND/BTC,1557474150851,2019-05-10T07:42:30.851Z,sell,2.16e-06,929.0,0.00200664
CND/BTC,1557474154708,2019-05-10T07:42:34.708Z,buy,2.18e-06,3455.0,0.0075318999999999
CND/BTC,1557474160008,2019-05-10T07:42:40.008Z,buy,2.18e-06,2.0,4.36e-06
CND/BTC,1557474161001,2019-05-10T07:42:41.001Z,sell,2.18e-06,3454.0,0.0075297199999999
CND/BTC,1557474165011,2019-05-10T07:42:45.011Z,sell,2.18e-06,2166.0,0.0047218799999999
CND/BTC,1557474165030,2019-05-10T07:42:45.030Z,sell,2.18e-06,1190.0,0.0025942
CND/BTC,1557474167155,2019-05-10T07:42:47.155Z,sell,2.17e-06,3437.0,0.00745829
CND/BTC,1557474167155,2019-05-10T07:42:47.155Z,sell,2.16e-06,10143.0,0.02190888
CND/BTC,1557474167205,2019-05-10T07:42:47.205Z,buy,2.16e-06,3437.0,0.00742392
CND/BTC,1557474167231,2019-05-10T07:42:47.231Z,buy,2.16e-06,4433.0,0.00957528
CND/BTC,1557474170504,2019-05-10T07:42:50.504Z,buy,2.16e-06,334566.0,0.7226625600000001
CND/BTC,1557474170527,2019-05-10T07:42:50.527Z,buy,2.16e-06,42728.0,0.09229248
CND/BTC,1557474177122,2019-05-10T07:42:57.122Z,buy,2.18e-06,8605.0,0.0187589
CND/BTC,1557474177156,2019-05-10T07:42:57.156Z,sell,2.18e-06,4234.0,0.00923012
CND/BTC,1557474177161,2019-05-10T07:42:57.161Z,sell,2.18e-06,4234.0,0.00923012
CND/BTC,1557474177165,2019-05-10T07:42:57.165Z,sell,2.18e-06,13717.0,0.02990306
CND/BTC,1557474177170,2019-05-10T07:42:57.170Z,sell,2.18e-06,13717.0,0.02990306
CND/BTC,1557474177180,2019-05-10T07:42:57.180Z,sell,2.18e-06,2200.0,0.004796
CND/BTC,1557474177183,2019-05-10T07:42:57.183Z,sell,2.18e-06,4234.0,0.00923012
CND/BTC,1557474177269,2019-05-10T07:42:57.269Z,sell,2.18e-06,4234.0,0.00923012
CND/BTC,1557474177364,2019-05-10T07:42:57.364Z,sell,2.18e-06,983.0,0.00214294
CND/BTC,1557474177466,2019-05-10T07:42:57.466Z,sell,2.18e-06,4234.0,0.00923012
CND/BTC,1557474177585,2019-05-10T07:42:57.585Z,sell,2.18e-06,4230.0,0.0092214
CND/BTC,1557474178012,2019-05-10T07:42:58.012Z,buy,2.19e-06,24924.0,0.05458356
CND/BTC,1557474179384,2019-05-10T07:42:59.384Z,sell,2.18e-06,915.0,0.0019947
CND/BTC,1557474186255,2019-05-10T07:43:06.255Z,sell,2.18e-06,5000.0,0.0109
CND/BTC,1557474187162,2019-05-10T07:43:07.162Z,sell,2.19e-06,1041.0,0.00227979
CND/BTC,1557474187232,2019-05-10T07:43:07.232Z,sell,2.19e-06,607.0,0.00132933
CND/BTC,1557474188266,2019-05-10T07:43:08.266Z,buy,2.2e-06,11005.0,0.024211
CND/BTC,1557474192014,2019-05-10T07:43:12.014Z,buy,2.21e-06,16057.0,0.03548597
CND/BTC,1557474197411,2019-05-10T07:43:17.411Z,buy,2.22e-06,15618.0,0.03467196
CND/BTC,1557474202018,2019-05-10T07:43:22.018Z,buy,2.23e-06,40730.0,0.0908278999999999
CND/BTC,1557474215077,2019-05-10T07:43:35.077Z,sell,2.23e-06,32438.0,0.07233674
CND/BTC,1557474216025,2019-05-10T07:43:36.025Z,buy,2.23e-06,895.0,0.00199585
CND/BTC,1557474241102,2019-05-10T07:44:01.102Z,sell,2.23e-06,459.0,0.00102357
CND/BTC,1557474241246,2019-05-10T07:44:01.246Z,sell,2.23e-06,28726.0,0.06405898
CND/BTC,1557474243252,2019-05-10T07:44:03.252Z,buy,2.24e-06,661.0,0.00148064
CND/BTC,1557474244012,2019-05-10T07:44:04.012Z,sell,2.22e-06,4592.0,0.01019424
CND/BTC,1557474249086,2019-05-10T07:44:09.086Z,buy,2.23e-06,1346.0,0.00300158
CND/BTC,1557474250688,2019-05-10T07:44:10.688Z,buy,2.23e-06,1346.0,0.00300158
CND/BTC,1557474252066,2019-05-10T07:44:12.066Z,sell,2.22e-06,2708.0,0.00601176
CND/BTC,1557474252066,2019-05-10T07:44:12.066Z,sell,2.21e-06,24669.0,0.05451849
CND/BTC,1557474252066,2019-05-10T07:44:12.066Z,sell,2.2e-06,17162.0,0.0377564
CND/BTC,1557474252066,2019-05-10T07:44:12.066Z,sell,2.19e-06,182071.0,0.39873549
CND/BTC,1557474252087,2019-05-10T07:44:12.087Z,buy,2.19e-06,6392.0,0.01399848
CND/BTC,1557474252142,2019-05-10T07:44:12.142Z,buy,2.2e-06,4250.0,0.00935
CND/BTC,1557474252151,2019-05-10T07:44:12.151Z,buy,2.2e-06,3721.0,0.0081862
CND/BTC,1557474252159,2019-05-10T07:44:12.159Z,buy,2.2e-06,3330.0,0.007326
CND/BTC,1557474252874,2019-05-10T07:44:12.874Z,buy,2.2e-06,1799.0,0.0039578
CND/BTC,1557474253349,2019-05-10T07:44:13.349Z,sell,2.19e-06,2296.0,0.00502824
CND/BTC,1557474253360,2019-05-10T07:44:13.360Z,sell,2.19e-06,2242.0,0.00490998
CND/BTC,1557474255094,2019-05-10T07:44:15.094Z,sell,2.19e-06,2290.0,0.0050151
CND/BTC,1557474316697,2019-05-10T07:45:16.697Z,buy,2.19e-06,684.0,0.00149796
CND/BTC,1557474399555,2019-05-10T07:46:39.555Z,buy,2.19e-06,2854.0,0.00625026
CND/BTC,1557474473178,2019-05-10T07:47:53.178Z,sell,2.18e-06,2266.0,0.00493988
CND/BTC,1557474501532,2019-05-10T07:48:21.532Z,sell,2.16e-06,4140.0,0.0089424
CND/BTC,1557474505198,2019-05-10T07:48:25.198Z,sell,2.16e-06,9041.0,0.01952856
CND/BTC,1557474606070,2019-05-10T07:50:06.070Z,sell,2.16e-06,3333.0,0.00719928
CND/BTC,1557474616337,2019-05-10T07:50:16.337Z,sell,2.17e-06,552.0,0.00119784
CND/BTC,1557474625765,2019-05-10T07:50:25.765Z,sell,2.17e-06,2734.0,0.00593278
CND/BTC,1557474625765,2019-05-10T07:50:25.765Z,sell,2.17e-06,2734.0,0.00593278
CND/BTC,1557474808570,2019-05-10T07:53:28.570Z,buy,2.18e-06,550.0,0.001199
CND/BTC,1557474812960,2019-05-10T07:53:32.960Z,sell,2.17e-06,550.0,0.0011935
CND/BTC,1557475209749,2019-05-10T08:00:09.749Z,buy,2.18e-06,9131.0,0.01990558
CND/BTC,1557475209749,2019-05-10T08:00:09.749Z,buy,2.19e-06,4541.0,0.00994479
CND/BTC,1557475209749,2019-05-10T08:00:09.749Z,buy,2.2e-06,4227.0,0.0092994
CND/BTC,1557475366989,2019-05-10T08:02:46.989Z,buy,2.2e-06,2803.0,0.0061666
CND/BTC,1557475535456,2019-05-10T08:05:35.456Z,sell,2.17e-06,23110.0,0.0501487
CND/BTC,1557475535456,2019-05-10T08:05:35.456Z,sell,2.16e-06,31057.0,0.06708312
CND/BTC,1557475604880,2019-05-10T08:06:44.880Z,buy,2.17e-06,5000.0,0.01085
CND/BTC,1557475622168,2019-05-10T08:07:02.168Z,buy,2.17e-06,5000.0,0.01085
CND/BTC,1557476051172,2019-05-10T08:14:11.172Z,sell,2.17e-06,3691.0,0.00800947
CND/BTC,1557476169580,2019-05-10T08:16:09.580Z,sell,2.17e-06,1078.0,0.00233926
CND/BTC,1557476222689,2019-05-10T08:17:02.689Z,sell,2.17e-06,5000.0,0.01085
CND/BTC,1557476334435,2019-05-10T08:18:54.435Z,buy,2.19e-06,3461.0,0.00757959
CND/BTC,1557476334435,2019-05-10T08:18:54.435Z,buy,2.2e-06,500.0,0.0011
CND/BTC,1557476334435,2019-05-10T08:18:54.435Z,buy,2.21e-06,39167.0,0.08655907
CND/BTC,1557476334435,2019-05-10T08:18:54.435Z,buy,2.22e-06,7628.0,0.01693416
CND/BTC,1557476336535,2019-05-10T08:18:56.535Z,buy,2.22e-06,15623.0,0.03468306
CND/BTC,1557476352171,2019-05-10T08:19:12.171Z,sell,2.2e-06,3724.0,0.0081928
CND/BTC,1557476353167,2019-05-10T08:19:13.167Z,sell,2.2e-06,4809.0,0.0105798
CND/BTC,1557476364490,2019-05-10T08:19:24.490Z,sell,2.19e-06,6328.0,0.01385832
CND/BTC,1557476364490,2019-05-10T08:19:24.490Z,sell,2.18e-06,11553.0,0.02518554
CND/BTC,1557476389425,2019-05-10T08:19:49.425Z,sell,2.18e-06,700.0,0.001526
CND/BTC,1557476403417,2019-05-10T08:20:03.417Z,buy,2.19e-06,676.0,0.00148044
CND/BTC,1557476474053,2019-05-10T08:21:14.053Z,sell,2.17e-06,2800.0,0.006076
CND/BTC,1557477078003,2019-05-10T08:31:18.003Z,sell,2.16e-06,1350.0,0.002916
CND/BTC,1557477078003,2019-05-10T08:31:18.003Z,sell,2.15e-06,2566.0,0.0055169
CND/BTC,1557477079210,2019-05-10T08:31:19.210Z,buy,2.16e-06,2003.0,0.00432648
CND/BTC,1557477124277,2019-05-10T08:32:04.277Z,sell,2.15e-06,8438.0,0.0181417
CND/BTC,1557477151213,2019-05-10T08:32:31.213Z,buy,2.16e-06,2283.0,0.00493128
CND/BTC,1557477183774,2019-05-10T08:33:03.774Z,sell,2.15e-06,698.0,0.0015007
CND/BTC,1557477853779,2019-05-10T08:44:13.779Z,buy,2.17e-06,11989.0,0.02601613
CND/BTC,1557478189634,2019-05-10T08:49:49.634Z,buy,2.17e-06,550.0,0.0011935
CND/BTC,1557478191386,2019-05-10T08:49:51.386Z,sell,2.16e-06,550.0,0.001188
CND/BTC,1557478191386,2019-05-10T08:49:51.386Z,sell,2.16e-06,550.0,0.001188
CND/BTC,1557478269500,2019-05-10T08:51:09.500Z,buy,2.17e-06,766.0,0.00166222
CND/BTC,1557478269523,2019-05-10T08:51:09.523Z,sell,2.16e-06,2510.0,0.0054216
CND/BTC,1557478270404,2019-05-10T08:51:10.404Z,sell,2.16e-06,2749.0,0.00593784
CND/BTC,1557478489814,2019-05-10T08:54:49.814Z,buy,2.17e-06,4220.0,0.0091574
CND/BTC,1557478494747,2019-05-10T08:54:54.747Z,sell,2.17e-06,8131.0,0.01764427
CND/BTC,1557478494747,2019-05-10T08:54:54.747Z,sell,2.16e-06,28783.0,0.06217128
CND/BTC,1557478494747,2019-05-10T08:54:54.747Z,sell,2.15e-06,5670.0,0.0121905
CND/BTC,1557478496383,2019-05-10T08:54:56.383Z,sell,2.15e-06,2894.0,0.0062221
CND/BTC,1557478501961,2019-05-10T08:55:01.961Z,sell,2.15e-06,466.0,0.0010019
CND/BTC,1557478501961,2019-05-10T08:55:01.961Z,sell,2.14e-06,232.0,0.00049648
CND/BTC,1557478704469,2019-05-10T08:58:24.469Z,buy,2.16e-06,603.0,0.00130248
CND/BTC,1557479295916,2019-05-10T09:08:15.916Z,buy,2.17e-06,5000.0,0.01085
CND/BTC,1557479468709,2019-05-10T09:11:08.709Z,buy,2.17e-06,7665.0,0.01663305
CND/BTC,1557479605095,2019-05-10T09:13:25.095Z,buy,2.18e-06,12693.0,0.02767074
CND/BTC,1557479605095,2019-05-10T09:13:25.095Z,buy,2.2e-06,20969.0,0.0461318
CND/BTC,1557479605095,2019-05-10T09:13:25.095Z,buy,2.21e-06,56835.0,0.12560535
CND/BTC,1557479653408,2019-05-10T09:14:13.408Z,sell,2.17e-06,634.0,0.00137578
CND/BTC,1557479696240,2019-05-10T09:14:56.240Z,sell,2.17e-06,1842.0,0.00399714
CND/BTC,1557479703800,2019-05-10T09:15:03.800Z,buy,2.18e-06,679.0,0.00148022
CND/BTC,1557479725303,2019-05-10T09:15:25.303Z,buy,2.18e-06,5000.0,0.0109
CND/BTC,1557480237089,2019-05-10T09:23:57.089Z,buy,2.18e-06,11942.0,0.0260335599999999
CND/BTC,1557480661270,2019-05-10T09:31:01.270Z,sell,2.18e-06,1204.0,0.0026247199999999
CND/BTC,1557480695403,2019-05-10T09:31:35.403Z,sell,2.18e-06,1313.0,0.0028623399999999
CND/BTC,1557480983852,2019-05-10T09:36:23.852Z,sell,2.18e-06,722.0,0.00157396
CND/BTC,1557481205334,2019-05-10T09:40:05.334Z,sell,2.18e-06,1001.0,0.0021821799999999
CND/BTC,1557481229625,2019-05-10T09:40:29.625Z,buy,2.2e-06,1818.0,0.0039996
CND/BTC,1557481323230,2019-05-10T09:42:03.230Z,buy,2.2e-06,673.0,0.0014806
CND/BTC,1557481612240,2019-05-10T09:46:52.240Z,buy,2.19e-06,1691.0,0.00370329
CND/BTC,1557481783725,2019-05-10T09:49:43.725Z,sell,2.18e-06,2125.0,0.0046324999999999
CND/BTC,1557481783725,2019-05-10T09:49:43.725Z,sell,2.18e-06,2125.0,0.0046324999999999
CND/BTC,1557481913096,2019-05-10T09:51:53.096Z,sell,2.18e-06,825.0,0.0017985
CND/BTC,1557482484474,2019-05-10T10:01:24.474Z,buy,2.19e-06,1361.0,0.00298059
CND/BTC,1557482794465,2019-05-10T10:06:34.465Z,sell,2.18e-06,3220.0,0.0070196
CND/BTC,1557483574973,2019-05-10T10:19:34.973Z,sell,2.17e-06,9305.0,0.02019185
CND/BTC,1557483928826,2019-05-10T10:25:28.826Z,sell,2.17e-06,520.0,0.0011283999999999
CND/BTC,1557483999324,2019-05-10T10:26:39.324Z,sell,2.17e-06,17081.0,0.03706577
CND/BTC,1557484008155,2019-05-10T10:26:48.155Z,sell,2.17e-06,5053.0,0.01096501
CND/BTC,1557484771609,2019-05-10T10:39:31.609Z,sell,2.17e-06,51630.0,0.1120371
CND/BTC,1557484771729,2019-05-10T10:39:31.729Z,buy,2.17e-06,2036.0,0.00441812
CND/BTC,1557484945694,2019-05-10T10:42:25.694Z,sell,2.17e-06,14699.0,0.03189683
CND/BTC,1557485033784,2019-05-10T10:43:53.784Z,sell,2.16e-06,22454.0,0.04850064
CND/BTC,1557485209886,2019-05-10T10:46:49.886Z,buy,2.17e-06,795.0,0.00172515
CND/BTC,1557485214677,2019-05-10T10:46:54.677Z,sell,2.16e-06,18495.0,0.0399492
CND/BTC,1557485214677,2019-05-10T10:46:54.677Z,sell,2.16e-06,18495.0,0.0399492
CND/BTC,1557485600740,2019-05-10T10:53:20.740Z,sell,2.17e-06,24000.0,0.05208
CND/BTC,1557485674878,2019-05-10T10:54:34.878Z,buy,2.17e-06,15196.0,0.03297532
CND/BTC,1557485733331,2019-05-10T10:55:33.331Z,buy,2.17e-06,65301.0,0.14170317
CND/BTC,1557485733331,2019-05-10T10:55:33.331Z,buy,2.18e-06,3469.0,0.0075624199999999
CND/BTC,1557485733396,2019-05-10T10:55:33.396Z,sell,2.18e-06,4234.0,0.00923012
CND/BTC,1557485733506,2019-05-10T10:55:33.506Z,sell,2.18e-06,4611.0,0.01005198
CND/BTC,1557485864920,2019-05-10T10:57:44.920Z,sell,2.18e-06,471.0,0.00102678
CND/BTC,1557485881302,2019-05-10T10:58:01.302Z,sell,2.18e-06,461.0,0.00100498
CND/BTC,1557486028291,2019-05-10T11:00:28.291Z,buy,2.19e-06,1588.0,0.00347772
CND/BTC,1557486093535,2019-05-10T11:01:33.535Z,buy,2.19e-06,3550.0,0.0077745
CND/BTC,1557486187400,2019-05-10T11:03:07.400Z,buy,2.19e-06,6345.0,0.01389555
CND/BTC,1557486211548,2019-05-10T11:03:31.548Z,sell,2.18e-06,17292.0,0.03769656
CND/BTC,1557486243380,2019-05-10T11:04:03.380Z,buy,2.19e-06,676.0,0.00148044
CND/BTC,1557486615303,2019-05-10T11:10:15.303Z,buy,2.19e-06,57887.0,0.12677253
CND/BTC,1557486705245,2019-05-10T11:11:45.245Z,buy,2.19e-06,14150.0,0.0309885
CND/BTC,1557486710286,2019-05-10T11:11:50.286Z,buy,2.19e-06,2586.0,0.00566334
CND/BTC,1557486710289,2019-05-10T11:11:50.289Z,buy,2.19e-06,2586.0,0.00566334
CND/BTC,1557486715698,2019-05-10T11:11:55.698Z,buy,2.19e-06,913.0,0.00199947
CND/BTC,1557486717232,2019-05-10T11:11:57.232Z,buy,2.19e-06,8632.0,0.01890408
CND/BTC,1557486717232,2019-05-10T11:11:57.232Z,buy,2.2e-06,20498.0,0.0450956
CND/BTC,1557486925851,2019-05-10T11:15:25.851Z,buy,2.2e-06,3953.0,0.0086966
CND/BTC,1557486966051,2019-05-10T11:16:06.051Z,buy,2.2e-06,4882.0,0.0107404
CND/BTC,1557486993804,2019-05-10T11:16:33.804Z,buy,2.2e-06,4545.0,0.009999
CND/BTC,1557487142040,2019-05-10T11:19:02.040Z,buy,2.2e-06,8680.0,0.019096
CND/BTC,1557487142824,2019-05-10T11:19:02.824Z,sell,2.2e-06,10225.0,0.022495
CND/BTC,1557487256920,2019-05-10T11:20:56.920Z,buy,2.2e-06,25211.0,0.0554642
CND/BTC,1557487262127,2019-05-10T11:21:02.127Z,sell,2.2e-06,679.0,0.0014938
CND/BTC,1557487378840,2019-05-10T11:22:58.840Z,buy,2.21e-06,676.0,0.00149396
CND/BTC,1557487381061,2019-05-10T11:23:01.061Z,sell,2.21e-06,455.0,0.00100555
CND/BTC,1557487443892,2019-05-10T11:24:03.892Z,buy,2.22e-06,667.0,0.00148074
CND/BTC,1557487454031,2019-05-10T11:24:14.031Z,buy,2.22e-06,35874.0,0.07964028
CND/BTC,1557487466297,2019-05-10T11:24:26.297Z,sell,2.22e-06,4545.0,0.0100898999999999
CND/BTC,1557487477660,2019-05-10T11:24:37.660Z,sell,2.22e-06,4556.0,0.01011432
CND/BTC,1557487526319,2019-05-10T11:25:26.319Z,buy,2.23e-06,14961.0,0.0333630299999999
CND/BTC,1557487526319,2019-05-10T11:25:26.319Z,buy,2.24e-06,5644.0,0.01264256
CND/BTC,1557487558671,2019-05-10T11:25:58.671Z,buy,2.23e-06,15797.0,0.03522731
CND/BTC,1557487571447,2019-05-10T11:26:11.447Z,buy,2.24e-06,43711.0,0.09791264
CND/BTC,1557487587306,2019-05-10T11:26:27.306Z,buy,2.25e-06,587.0,0.00132075
CND/BTC,1557487588304,2019-05-10T11:26:28.304Z,buy,2.25e-06,17300.0,0.038925
CND/BTC,1557487588976,2019-05-10T11:26:28.976Z,buy,2.25e-06,17446.0,0.0392535
CND/BTC,1557487589993,2019-05-10T11:26:29.993Z,sell,2.25e-06,2401.0,0.00540225
CND/BTC,1557487597718,2019-05-10T11:26:37.718Z,sell,2.25e-06,1627.0,0.00366075
CND/BTC,1557487624418,2019-05-10T11:27:04.418Z,buy,2.26e-06,656.0,0.00148256
CND/BTC,1557487634935,2019-05-10T11:27:14.935Z,buy,2.26e-06,12274.0,0.02773924
CND/BTC,1557487636611,2019-05-10T11:27:16.611Z,buy,2.26e-06,4893.0,0.0110581799999999
CND/BTC,1557487639265,2019-05-10T11:27:19.265Z,buy,2.26e-06,26010.0,0.0587826
CND/BTC,1557487647350,2019-05-10T11:27:27.350Z,sell,2.25e-06,9744.0,0.021924
CND/BTC,1557487656659,2019-05-10T11:27:36.659Z,buy,2.25e-06,2186.0,0.0049185
CND/BTC,1557487660948,2019-05-10T11:27:40.948Z,sell,2.25e-06,913.0,0.00205425
CND/BTC,1557487671647,2019-05-10T11:27:51.647Z,buy,2.27e-06,10000.0,0.0226999999999999
CND/BTC,1557487676229,2019-05-10T11:27:56.229Z,buy,2.27e-06,3913.0,0.00888251
CND/BTC,1557487691183,2019-05-10T11:28:11.183Z,buy,2.27e-06,43189.0,0.09803903
CND/BTC,1557487697014,2019-05-10T11:28:17.014Z,sell,2.25e-06,3394.0,0.0076365
CND/BTC,1557487697014,2019-05-10T11:28:17.014Z,sell,2.25e-06,18600.0,0.04185
CND/BTC,1557487811494,2019-05-10T11:30:11.494Z,buy,2.26e-06,4189.0,0.00946714
CND/BTC,1557487820390,2019-05-10T11:30:20.390Z,buy,2.26e-06,9759.0,0.02205534
CND/BTC,1557487852041,2019-05-10T11:30:52.041Z,sell,2.26e-06,2079.0,0.00469854
CND/BTC,1557487871644,2019-05-10T11:31:11.644Z,buy,2.27e-06,4145.0,0.00940915
CND/BTC,1557487874597,2019-05-10T11:31:14.597Z,buy,2.27e-06,42363.0,0.09616401
CND/BTC,1557487886306,2019-05-10T11:31:26.306Z,buy,2.27e-06,10590.0,0.0240393
CND/BTC,1557487892712,2019-05-10T11:31:32.712Z,buy,2.27e-06,3531.0,0.0080153699999999
CND/BTC,1557487896528,2019-05-10T11:31:36.528Z,buy,2.27e-06,9616.0,0.02182832
CND/BTC,1557487896573,2019-05-10T11:31:36.573Z,sell,2.27e-06,11096.0,0.02518792
CND/BTC,1557487899555,2019-05-10T11:31:39.555Z,buy,2.28e-06,6401.0,0.01459428
CND/BTC,1557487926467,2019-05-10T11:32:06.467Z,sell,2.27e-06,17282.0,0.03923014
CND/BTC,1557487954632,2019-05-10T11:32:34.632Z,sell,2.27e-06,1979.0,0.00449233
CND/BTC,1557487956388,2019-05-10T11:32:36.388Z,sell,2.27e-06,25984.0,0.05898368
CND/BTC,1557487983506,2019-05-10T11:33:03.506Z,buy,2.29e-06,647.0,0.00148163
CND/BTC,1557488023072,2019-05-10T11:33:43.072Z,buy,2.29e-06,474.0,0.00108546
CND/BTC,1557488023072,2019-05-10T11:33:43.072Z,buy,2.3e-06,1750.0,0.004025
CND/BTC,1557488023086,2019-05-10T11:33:43.086Z,sell,2.3e-06,5433.0,0.0124959
CND/BTC,1557488023114,2019-05-10T11:33:43.114Z,buy,2.29e-06,3302.0,0.00756158
CND/BTC,1557488026181,2019-05-10T11:33:46.181Z,sell,2.27e-06,931.0,0.00211337
CND/BTC,1557488026206,2019-05-10T11:33:46.206Z,sell,2.27e-06,4234.0,0.0096111799999999
CND/BTC,1557488029294,2019-05-10T11:33:49.294Z,sell,2.27e-06,4233.0,0.00960891
CND/BTC,1557488029304,2019-05-10T11:33:49.304Z,sell,2.27e-06,4234.0,0.0096111799999999
CND/BTC,1557488043703,2019-05-10T11:34:03.703Z,buy,2.29e-06,647.0,0.00148163
CND/BTC,1557488044978,2019-05-10T11:34:04.978Z,sell,2.28e-06,691.0,0.00157548
CND/BTC,1557488047244,2019-05-10T11:34:07.244Z,sell,2.27e-06,1344.0,0.0030508799999999
CND/BTC,1557488047755,2019-05-10T11:34:07.755Z,sell,2.27e-06,1344.0,0.0030508799999999
CND/BTC,1557488047899,2019-05-10T11:34:07.899Z,sell,2.27e-06,2292.0,0.0052028399999999
CND/BTC,1557488051752,2019-05-10T11:34:11.752Z,buy,2.28e-06,3543.0,0.00807804
CND/BTC,1557488051883,2019-05-10T11:34:11.883Z,sell,2.28e-06,1871.0,0.00426588
CND/BTC,1557488051887,2019-05-10T11:34:11.887Z,buy,2.28e-06,1475.0,0.003363
CND/BTC,1557488101361,2019-05-10T11:35:01.361Z,sell,2.28e-06,445.0,0.0010146
CND/BTC,1557488171018,2019-05-10T11:36:11.018Z,sell,2.28e-06,3548.0,0.00808944
CND/BTC,1557488248974,2019-05-10T11:37:28.974Z,buy,2.29e-06,1356.0,0.00310524
CND/BTC,1557488248998,2019-05-10T11:37:28.998Z,sell,2.29e-06,3010.0,0.0068929
CND/BTC,1557488251201,2019-05-10T11:37:31.201Z,sell,2.29e-06,3316.0,0.00759364
CND/BTC,1557488258014,2019-05-10T11:37:38.014Z,sell,2.29e-06,4366.0,0.00999814
CND/BTC,1557488259733,2019-05-10T11:37:39.733Z,sell,2.28e-06,1818.0,0.00414504
CND/BTC,1557488367929,2019-05-10T11:39:27.929Z,buy,2.3e-06,4348.0,0.0100004
CND/BTC,1557488369628,2019-05-10T11:39:29.628Z,buy,2.29e-06,1652.0,0.00378308
CND/BTC,1557488463348,2019-05-10T11:41:03.348Z,sell,2.27e-06,661.0,0.0015004699999999
CND/BTC,1557488463348,2019-05-10T11:41:03.348Z,sell,2.27e-06,11826.0,0.0268450199999999
CND/BTC,1557488481795,2019-05-10T11:41:21.795Z,sell,2.27e-06,56484.0,0.12821868
CND/BTC,1557488568491,2019-05-10T11:42:48.491Z,sell,2.27e-06,17373.0,0.03943671
CND/BTC,1557488806483,2019-05-10T11:46:46.483Z,sell,2.27e-06,1013.0,0.00229951
CND/BTC,1557488806483,2019-05-10T11:46:46.483Z,sell,2.27e-06,1013.0,0.00229951
CND/BTC,1557488951226,2019-05-10T11:49:11.226Z,sell,2.27e-06,3592.0,0.0081538399999999
CND/BTC,1557488965479,2019-05-10T11:49:25.479Z,sell,2.27e-06,7067.0,0.01604209
CND/BTC,1557488996482,2019-05-10T11:49:56.482Z,buy,2.28e-06,1143.0,0.00260604
CND/BTC,1557489031351,2019-05-10T11:50:31.351Z,sell,2.27e-06,1361.0,0.00308947
CND/BTC,1557489031352,2019-05-10T11:50:31.352Z,sell,2.27e-06,445.0,0.00101015
CND/BTC,1557489096994,2019-05-10T11:51:36.994Z,buy,2.28e-06,2077.0,0.00473556
CND/BTC,1557489347602,2019-05-10T11:55:47.602Z,buy,2.28e-06,2192.0,0.00499776
CND/BTC,1557489423627,2019-05-10T11:57:03.627Z,sell,2.27e-06,7649.0,0.01736323
CND/BTC,1557489480337,2019-05-10T11:58:00.337Z,buy,2.28e-06,2605.0,0.0059394
CND/BTC,1557489480337,2019-05-10T11:58:00.337Z,buy,2.29e-06,3316.0,0.00759364
CND/BTC,1557489480337,2019-05-10T11:58:00.337Z,buy,2.3e-06,10646.0,0.0244858
CND/BTC,1557489480337,2019-05-10T11:58:00.337Z,buy,2.31e-06,24644.0,0.0569276399999999
CND/BTC,1557489480337,2019-05-10T11:58:00.337Z,buy,2.32e-06,9086.0,0.0210795199999999
CND/BTC,1557489480419,2019-05-10T11:58:00.419Z,buy,2.29e-06,2771.0,0.00634559
CND/BTC,1557489480430,2019-05-10T11:58:00.430Z,buy,2.29e-06,2771.0,0.00634559
CND/BTC,1557489480442,2019-05-10T11:58:00.442Z,buy,2.29e-06,2661.0,0.00609369
CND/BTC,1557489480534,2019-05-10T11:58:00.534Z,sell,2.29e-06,1375.0,0.00314875
CND/BTC,1557489480541,2019-05-10T11:58:00.541Z,sell,2.29e-06,1375.0,0.00314875
CND/BTC,1557489480602,2019-05-10T11:58:00.602Z,sell,2.29e-06,2460.0,0.0056334
CND/BTC,1557489480607,2019-05-10T11:58:00.607Z,sell,2.29e-06,969.0,0.00221901
CND/BTC,1557489480613,2019-05-10T11:58:00.613Z,sell,2.29e-06,370.0,0.0008473
CND/BTC,1557489480639,2019-05-10T11:58:00.639Z,buy,2.29e-06,1809.0,0.00414261
CND/BTC,1557489480741,2019-05-10T11:58:00.741Z,sell,2.29e-06,573.0,0.00131217
CND/BTC,1557489480745,2019-05-10T11:58:00.745Z,sell,2.29e-06,1534.0,0.00351286
CND/BTC,1557489480757,2019-05-10T11:58:00.757Z,sell,2.29e-06,450.0,0.0010305
CND/BTC,1557489480769,2019-05-10T11:58:00.769Z,buy,2.29e-06,2183.0,0.00499907
CND/BTC,1557489481497,2019-05-10T11:58:01.497Z,sell,2.28e-06,872.0,0.00198816
CND/BTC,1557489490970,2019-05-10T11:58:10.970Z,buy,2.31e-06,24632.0,0.05689992
CND/BTC,1557489499930,2019-05-10T11:58:19.930Z,buy,2.32e-06,10731.0,0.02489592
CND/BTC,1557489499930,2019-05-10T11:58:19.930Z,buy,2.33e-06,7263.0,0.01692279
CND/BTC,1557489501148,2019-05-10T11:58:21.148Z,sell,2.31e-06,3300.0,0.007623
CND/BTC,1557489522811,2019-05-10T11:58:42.811Z,buy,2.32e-06,2944.0,0.00683008
CND/BTC,1557489524141,2019-05-10T11:58:44.141Z,sell,2.31e-06,2944.0,0.00680064
CND/BTC,1557489524363,2019-05-10T11:58:44.363Z,buy,2.32e-06,7436.0,0.01725152
CND/BTC,1557489524363,2019-05-10T11:58:44.363Z,buy,2.33e-06,8014.0,0.01867262
CND/BTC,1557489526486,2019-05-10T11:58:46.486Z,buy,2.32e-06,2907.0,0.0067442399999999
CND/BTC,1557489544127,2019-05-10T11:59:04.127Z,buy,2.31e-06,642.0,0.00148302
CND/BTC,1557489553624,2019-05-10T11:59:13.624Z,sell,2.3e-06,568.0,0.0013064
CND/BTC,1557489555080,2019-05-10T11:59:15.080Z,sell,2.29e-06,2771.0,0.00634559
CND/BTC,1557489555194,2019-05-10T11:59:15.194Z,sell,2.29e-06,2661.0,0.00609369
CND/BTC,1557489555417,2019-05-10T11:59:15.417Z,sell,2.29e-06,2129.0,0.00487541
CND/BTC,1557489570244,2019-05-10T11:59:30.244Z,sell,2.29e-06,1691.0,0.00387239
CND/BTC,1557489598991,2019-05-10T11:59:58.991Z,sell,2.28e-06,924.0,0.00210672
CND/BTC,1557489637242,2019-05-10T12:00:37.242Z,sell,2.29e-06,8732.0,0.01999628
CND/BTC,1557489643581,2019-05-10T12:00:43.581Z,sell,2.28e-06,868.0,0.00197904
CND/BTC,1557489646947,2019-05-10T12:00:46.947Z,sell,2.28e-06,4268.0,0.00973104
CND/BTC,1557489655874,2019-05-10T12:00:55.874Z,sell,2.28e-06,5408.0,0.01233024
CND/BTC,1557489732132,2019-05-10T12:02:12.132Z,sell,2.28e-06,15434.0,0.03518952
CND/BTC,1557489774835,2019-05-10T12:02:54.835Z,sell,2.28e-06,14830.0,0.0338124
CND/BTC,1557489774835,2019-05-10T12:02:54.835Z,sell,2.27e-06,59176.0,0.1343295199999999
CND/BTC,1557489777735,2019-05-10T12:02:57.735Z,sell,2.27e-06,24669.0,0.0559986299999999
CND/BTC,1557489952113,2019-05-10T12:05:52.113Z,buy,2.29e-06,4366.0,0.00999814
CND/BTC,1557489954232,2019-05-10T12:05:54.232Z,buy,2.29e-06,27339.0,0.06260631
CND/BTC,1557489972766,2019-05-10T12:06:12.766Z,buy,2.3e-06,694.0,0.0015962
CND/BTC,1557490012151,2019-05-10T12:06:52.151Z,buy,2.3e-06,14992.0,0.0344816
CND/BTC,1557490038878,2019-05-10T12:07:18.878Z,sell,2.3e-06,25358.0,0.0583234
CND/BTC,1557490199301,2019-05-10T12:09:59.301Z,buy,2.29e-06,513.0,0.00117477
CND/BTC,1557490225189,2019-05-10T12:10:25.189Z,buy,2.29e-06,1441.0,0.00329989
CND/BTC,1557490234347,2019-05-10T12:10:34.347Z,buy,2.31e-06,966.0,0.0022314599999999
CND/BTC,1557490234384,2019-05-10T12:10:34.384Z,sell,2.31e-06,188.0,0.00043428
CND/BTC,1557490325907,2019-05-10T12:12:05.907Z,buy,2.31e-06,1440.0,0.0033263999999999
CND/BTC,1557490325907,2019-05-10T12:12:05.907Z,buy,2.32e-06,3308.0,0.0076745599999999
CND/BTC,1557490325907,2019-05-10T12:12:05.907Z,buy,2.33e-06,26965.0,0.06282845
CND/BTC,1557490325907,2019-05-10T12:12:05.907Z,buy,2.34e-06,31830.0,0.0744822
CND/BTC,1557490325907,2019-05-10T12:12:05.907Z,buy,2.35e-06,53012.0,0.1245782
CND/BTC,1557490325907,2019-05-10T12:12:05.907Z,buy,2.36e-06,235097.0,0.55482892
CND/BTC,1557490325907,2019-05-10T12:12:05.907Z,buy,2.37e-06,174131.0,0.41269047
CND/BTC,1557490325907,2019-05-10T12:12:05.907Z,buy,2.38e-06,31312.0,0.07452256
CND/BTC,1557490325907,2019-05-10T12:12:05.907Z,buy,2.39e-06,57032.0,0.13630648
CND/BTC,1557490325907,2019-05-10T12:12:05.907Z,buy,2.4e-06,32420.0,0.077808
CND/BTC,1557490325907,2019-05-10T12:12:05.907Z,buy,2.41e-06,72817.0,0.17548897
CND/BTC,1557490325907,2019-05-10T12:12:05.907Z,buy,2.42e-06,107082.0,0.25913844
CND/BTC,1557490326005,2019-05-10T12:12:06.005Z,sell,2.31e-06,2752.0,0.00635712
CND/BTC,1557490326017,2019-05-10T12:12:06.017Z,sell,2.32e-06,739.0,0.0017144799999999
CND/BTC,1557490326028,2019-05-10T12:12:06.028Z,buy,2.33e-06,83220.0,0.1939026
CND/BTC,1557490326084,2019-05-10T12:12:06.084Z,sell,2.33e-06,862.0,0.00200846
CND/BTC,1557490326110,2019-05-10T12:12:06.110Z,sell,2.33e-06,3600.0,0.008388
CND/BTC,1557490326233,2019-05-10T12:12:06.233Z,sell,2.35e-06,993.0,0.0023335499999999
CND/BTC,1557490326267,2019-05-10T12:12:06.267Z,sell,2.35e-06,1953.0,0.0045895499999999
CND/BTC,1557490326280,2019-05-10T12:12:06.280Z,sell,2.35e-06,309.0,0.00072615
CND/BTC,1557490326479,2019-05-10T12:12:06.479Z,sell,2.35e-06,2128.0,0.0050008
CND/BTC,1557490326525,2019-05-10T12:12:06.525Z,sell,2.36e-06,2097.0,0.00494892
CND/BTC,1557490326591,2019-05-10T12:12:06.591Z,sell,2.36e-06,25424.0,0.0600006399999999
CND/BTC,1557490327177,2019-05-10T12:12:07.177Z,sell,2.36e-06,2114.0,0.0049890399999999
CND/BTC,1557490328181,2019-05-10T12:12:08.181Z,buy,2.35e-06,2128.0,0.0050008
CND/BTC,1557490332586,2019-05-10T12:12:12.586Z,sell,2.34e-06,513.0,0.00120042
CND/BTC,1557490343713,2019-05-10T12:12:23.713Z,buy,2.36e-06,1410.0,0.0033276
CND/BTC,1557490343877,2019-05-10T12:12:23.877Z,buy,2.36e-06,5110.0,0.0120595999999999
CND/BTC,1557490343877,2019-05-10T12:12:23.877Z,buy,2.37e-06,87682.0,0.20780634
CND/BTC,1557490343919,2019-05-10T12:12:23.919Z,sell,2.37e-06,456.0,0.00108072
CND/BTC,1557490344015,2019-05-10T12:12:24.015Z,sell,2.37e-06,600.0,0.001422
CND/BTC,1557490344181,2019-05-10T12:12:24.181Z,sell,2.37e-06,3261.0,0.00772857
CND/BTC,1557490345578,2019-05-10T12:12:25.578Z,buy,2.38e-06,889.0,0.00211582
CND/BTC,1557490345828,2019-05-10T12:12:25.828Z,buy,2.38e-06,1481.0,0.00352478
CND/BTC,1557490346498,2019-05-10T12:12:26.498Z,buy,2.38e-06,2457.0,0.00584766
CND/BTC,1557490347201,2019-05-10T12:12:27.201Z,sell,2.37e-06,847.0,0.00200739
CND/BTC,1557490347618,2019-05-10T12:12:27.618Z,sell,2.37e-06,6356.0,0.01506372
CND/BTC,1557490348455,2019-05-10T12:12:28.455Z,sell,2.37e-06,4366.0,0.01034742
CND/BTC,1557490351402,2019-05-10T12:12:31.402Z,sell,2.37e-06,424.0,0.00100488
CND/BTC,1557490352952,2019-05-10T12:12:32.952Z,sell,2.37e-06,1086.0,0.00257382
CND/BTC,1557490354896,2019-05-10T12:12:34.896Z,sell,2.37e-06,842.0,0.00199554
CND/BTC,1557490354929,2019-05-10T12:12:34.929Z,sell,2.37e-06,3237.0,0.00767169
CND/BTC,1557490355207,2019-05-10T12:12:35.207Z,sell,2.37e-06,841.0,0.00199317
CND/BTC,1557490357122,2019-05-10T12:12:37.122Z,sell,2.37e-06,4366.0,0.01034742
CND/BTC,1557490365803,2019-05-10T12:12:45.803Z,buy,2.38e-06,19733.0,0.04696454
CND/BTC,1557490367596,2019-05-10T12:12:47.596Z,buy,2.38e-06,15099.0,0.03593562
CND/BTC,1557490371666,2019-05-10T12:12:51.666Z,buy,2.38e-06,2370.0,0.0056406
CND/BTC,1557490372191,2019-05-10T12:12:52.191Z,sell,2.39e-06,4862.0,0.01162018
CND/BTC,1557490373258,2019-05-10T12:12:53.258Z,buy,2.4e-06,75981.0,0.1823544
CND/BTC,1557490373258,2019-05-10T12:12:53.258Z,buy,2.41e-06,2370.0,0.0057116999999999
CND/BTC,1557490373258,2019-05-10T12:12:53.258Z,buy,2.42e-06,3814.0,0.00922988
CND/BTC,1557490373532,2019-05-10T12:12:53.532Z,sell,2.39e-06,4826.0,0.01153414
CND/BTC,1557490373533,2019-05-10T12:12:53.533Z,sell,2.39e-06,3164.0,0.00756196
CND/BTC,1557490377604,2019-05-10T12:12:57.604Z,buy,2.4e-06,2729.0,0.0065496
CND/BTC,1557490377805,2019-05-10T12:12:57.805Z,buy,2.41e-06,15003.0,0.03615723
CND/BTC,1557490377805,2019-05-10T12:12:57.805Z,buy,2.42e-06,3530.0,0.0085426
CND/BTC,1557490378183,2019-05-10T12:12:58.183Z,sell,2.4e-06,59614.0,0.1430736
CND/BTC,1557490379154,2019-05-10T12:12:59.154Z,sell,2.38e-06,625.0,0.0014875
CND/BTC,1557490379643,2019-05-10T12:12:59.643Z,sell,2.38e-06,625.0,0.0014875
CND/BTC,1557490379944,2019-05-10T12:12:59.944Z,sell,2.38e-06,9695.0,0.0230741
CND/BTC,1557490379944,2019-05-10T12:12:59.944Z,sell,2.37e-06,5135.0,0.01216995
CND/BTC,1557490380743,2019-05-10T12:13:00.743Z,sell,2.37e-06,441.0,0.00104517
CND/BTC,1557490381831,2019-05-10T12:13:01.831Z,buy,2.38e-06,4487.0,0.01067906
CND/BTC,1557490383157,2019-05-10T12:13:03.157Z,buy,2.38e-06,1000.0,0.00238
CND/BTC,1557490383157,2019-05-10T12:13:03.157Z,buy,2.39e-06,5135.0,0.01227265
CND/BTC,1557490383157,2019-05-10T12:13:03.157Z,buy,2.4e-06,4200.0,0.0100799999999999
CND/BTC,1557490383157,2019-05-10T12:13:03.157Z,buy,2.41e-06,4234.0,0.01020394
CND/BTC,1557490383540,2019-05-10T12:13:03.540Z,sell,2.39e-06,3009.0,0.00719151
CND/BTC,1557490383546,2019-05-10T12:13:03.546Z,sell,2.39e-06,190.0,0.0004541
CND/BTC,1557490383628,2019-05-10T12:13:03.628Z,buy,2.41e-06,623.0,0.0015014299999999
CND/BTC,1557490385578,2019-05-10T12:13:05.578Z,buy,2.4e-06,421.0,0.0010104
CND/BTC,1557490386949,2019-05-10T12:13:06.949Z,buy,2.4e-06,1160.0,0.002784
CND/BTC,1557490388182,2019-05-10T12:13:08.182Z,sell,2.39e-06,1581.0,0.00377859
CND/BTC,1557490388310,2019-05-10T12:13:08.310Z,sell,2.38e-06,4200.0,0.009996
CND/BTC,1557490388310,2019-05-10T12:13:08.310Z,sell,2.37e-06,584.0,0.00138408
CND/BTC,1557490391945,2019-05-10T12:13:11.945Z,sell,2.37e-06,10130.0,0.0240081
CND/BTC,1557490397260,2019-05-10T12:13:17.260Z,buy,2.37e-06,427.0,0.00101199
CND/BTC,1557490397696,2019-05-10T12:13:17.696Z,sell,2.35e-06,873.0,0.00205155
CND/BTC,1557490397696,2019-05-10T12:13:17.696Z,sell,2.35e-06,9138.0,0.0214742999999999
CND/BTC,1557490400539,2019-05-10T12:13:20.539Z,buy,2.36e-06,2487.0,0.00586932
CND/BTC,1557490400539,2019-05-10T12:13:20.539Z,buy,2.37e-06,1749.0,0.00414513
CND/BTC,1557490404202,2019-05-10T12:13:24.202Z,buy,2.37e-06,5949.0,0.01409913
CND/BTC,1557490407610,2019-05-10T12:13:27.610Z,buy,2.37e-06,7833.0,0.01856421
CND/BTC,1557490408186,2019-05-10T12:13:28.186Z,sell,2.37e-06,9188.0,0.02177556
CND/BTC,1557490412007,2019-05-10T12:13:32.007Z,buy,2.38e-06,3199.0,0.00761362
CND/BTC,1557490412007,2019-05-10T12:13:32.007Z,buy,2.39e-06,7302.0,0.01745178
CND/BTC,1557490412007,2019-05-10T12:13:32.007Z,buy,2.4e-06,5658.0,0.0135792
CND/BTC,1557490413737,2019-05-10T12:13:33.737Z,buy,2.39e-06,484.0,0.00115676
CND/BTC,1557490419950,2019-05-10T12:13:39.950Z,buy,2.39e-06,100.0,0.000239
CND/BTC,1557490419950,2019-05-10T12:13:39.950Z,buy,2.4e-06,1848.0,0.0044351999999999
CND/BTC,1557490422554,2019-05-10T12:13:42.554Z,sell,2.39e-06,817.0,0.00195263
CND/BTC,1557490424349,2019-05-10T12:13:44.349Z,buy,2.39e-06,1932.0,0.00461748
CND/BTC,1557490430116,2019-05-10T12:13:50.116Z,buy,2.39e-06,12350.0,0.0295165
CND/BTC,1557490430183,2019-05-10T12:13:50.183Z,sell,2.39e-06,5352.0,0.01279128
CND/BTC,1557490443244,2019-05-10T12:14:03.244Z,buy,2.39e-06,439.0,0.00104921
CND/BTC,1557490443244,2019-05-10T12:14:03.244Z,buy,2.4e-06,15778.0,0.0378672
CND/BTC,1557490446993,2019-05-10T12:14:06.993Z,buy,2.4e-06,42569.0,0.1021656
CND/BTC,1557490447195,2019-05-10T12:14:07.195Z,sell,2.4e-06,30049.0,0.0721175999999999
CND/BTC,1557490449222,2019-05-10T12:14:09.222Z,buy,2.41e-06,2663.0,0.0064178299999999
CND/BTC,1557490449222,2019-05-10T12:14:09.222Z,buy,2.42e-06,3293.0,0.00796906
CND/BTC,1557490458192,2019-05-10T12:14:18.192Z,sell,2.4e-06,24689.0,0.0592536
CND/BTC,1557490472196,2019-05-10T12:14:32.196Z,sell,2.4e-06,1417.0,0.0034008
CND/BTC,1557490472204,2019-05-10T12:14:32.204Z,sell,2.38e-06,1536.0,0.00365568
CND/BTC,1557490501078,2019-05-10T12:15:01.078Z,sell,2.38e-06,437.0,0.00104006
CND/BTC,1557490508388,2019-05-10T12:15:08.388Z,sell,2.38e-06,5956.0,0.01417528
CND/BTC,1557490508919,2019-05-10T12:15:08.919Z,buy,2.4e-06,11481.0,0.0275544
CND/BTC,1557490508919,2019-05-10T12:15:08.919Z,buy,2.41e-06,90.0,0.0002169
CND/BTC,1557490509202,2019-05-10T12:15:09.202Z,sell,2.39e-06,2454.0,0.00586506
CND/BTC,1557490509225,2019-05-10T12:15:09.225Z,sell,2.39e-06,750.0,0.0017925
CND/BTC,1557490512452,2019-05-10T12:15:12.452Z,buy,2.4e-06,1872.0,0.0044928
CND/BTC,1557490513189,2019-05-10T12:15:13.189Z,sell,2.39e-06,1872.0,0.00447408
CND/BTC,1557490513815,2019-05-10T12:15:13.815Z,buy,2.4e-06,1857.0,0.0044567999999999
CND/BTC,1557490514192,2019-05-10T12:15:14.192Z,sell,2.39e-06,1857.0,0.00443823
CND/BTC,1557490527861,2019-05-10T12:15:27.861Z,buy,2.39e-06,630.0,0.0015057
CND/BTC,1557490537259,2019-05-10T12:15:37.259Z,buy,2.39e-06,3162.0,0.00755718
CND/BTC,1557490538082,2019-05-10T12:15:38.082Z,sell,2.38e-06,37005.0,0.0880719
CND/BTC,1557490550317,2019-05-10T12:15:50.317Z,sell,2.38e-06,14011.0,0.03334618
CND/BTC,1557490556980,2019-05-10T12:15:56.980Z,sell,2.38e-06,816.0,0.00194208
CND/BTC,1557490560736,2019-05-10T12:16:00.736Z,buy,2.4e-06,5431.0,0.0130344
CND/BTC,1557490560762,2019-05-10T12:16:00.762Z,sell,2.4e-06,4352.0,0.0104447999999999
CND/BTC,1557490560783,2019-05-10T12:16:00.783Z,sell,2.4e-06,17152.0,0.0411648
CND/BTC,1557490560794,2019-05-10T12:16:00.794Z,sell,2.4e-06,17152.0,0.0411648
CND/BTC,1557490560798,2019-05-10T12:16:00.798Z,sell,2.4e-06,1049.0,0.0025176
CND/BTC,1557490561077,2019-05-10T12:16:01.077Z,sell,2.39e-06,432.0,0.00103248
CND/BTC,1557490561192,2019-05-10T12:16:01.192Z,sell,2.39e-06,2767.0,0.00661313
CND/BTC,1557490571193,2019-05-10T12:16:11.193Z,sell,2.39e-06,3995.0,0.00954805
CND/BTC,1557490574198,2019-05-10T12:16:14.198Z,sell,2.39e-06,14471.0,0.03458569
CND/BTC,1557490575644,2019-05-10T12:16:15.644Z,sell,2.39e-06,21490.0,0.0513611
CND/BTC,1557490577551,2019-05-10T12:16:17.551Z,sell,2.39e-06,1760.0,0.0042064
CND/BTC,1557490577669,2019-05-10T12:16:17.669Z,buy,2.4e-06,11948.0,0.0286751999999999
CND/BTC,1557490577812,2019-05-10T12:16:17.812Z,sell,2.4e-06,5243.0,0.0125832
CND/BTC,1557490585586,2019-05-10T12:16:25.586Z,sell,2.39e-06,623.0,0.00148897
CND/BTC,1557490596868,2019-05-10T12:16:36.868Z,sell,2.39e-06,12061.0,0.02882579
CND/BTC,1557490601509,2019-05-10T12:16:41.509Z,sell,2.37e-06,831.0,0.00196947
CND/BTC,1557490604959,2019-05-10T12:16:44.959Z,sell,2.37e-06,1938.0,0.00459306
CND/BTC,1557490610642,2019-05-10T12:16:50.642Z,sell,2.37e-06,1938.0,0.00459306
CND/BTC,1557490626671,2019-05-10T12:17:06.671Z,sell,2.37e-06,164.0,0.00038868
CND/BTC,1557490626671,2019-05-10T12:17:06.671Z,sell,2.36e-06,16857.0,0.0397825199999999
CND/BTC,1557490626671,2019-05-10T12:17:06.671Z,sell,2.36e-06,6698.0,0.01580728
CND/BTC,1557490626671,2019-05-10T12:17:06.671Z,sell,2.35e-06,10987.0,0.02581945
CND/BTC,1557490634116,2019-05-10T12:17:14.116Z,sell,2.35e-06,12690.0,0.0298215
CND/BTC,1557490634116,2019-05-10T12:17:14.116Z,sell,2.34e-06,1864.0,0.00436176
CND/BTC,1557490653093,2019-05-10T12:17:33.093Z,sell,2.35e-06,807.0,0.00189645
CND/BTC,1557490653093,2019-05-10T12:17:33.093Z,sell,2.34e-06,59.0,0.00013806
CND/BTC,1557490699275,2019-05-10T12:18:19.275Z,sell,2.35e-06,988.0,0.0023217999999999
CND/BTC,1557490702860,2019-05-10T12:18:22.860Z,buy,2.36e-06,493.0,0.00116348
