symbol,timestamp,datetime,side,price,amount,btc_volume
CTXC/BTC,1593363648908,2020-06-28T17:00:48.908Z,sell,1.213e-05,5128.0,0.06220264
CTXC/BTC,1593363648908,2020-06-28T17:00:48.908Z,sell,1.212e-05,18927.0,0.2293952399999999
CTXC/BTC,1593363648913,2020-06-28T17:00:48.913Z,buy,1.212e-05,18927.0,0.2293952399999999
CTXC/BTC,1593363648915,2020-06-28T17:00:48.915Z,buy,1.212e-05,3253.0,0.03942636
CTXC/BTC,1593363649200,2020-06-28T17:00:49.200Z,buy,1.214e-05,625.0,0.0075875
CTXC/BTC,1593363673402,2020-06-28T17:01:13.402Z,buy,1.215e-05,10.0,0.0001215
CTXC/BTC,1593363691659,2020-06-28T17:01:31.659Z,buy,1.215e-05,2012.0,0.0244458
CTXC/BTC,1593363748349,2020-06-28T17:02:28.349Z,buy,1.215e-05,245.0,0.00297675
CTXC/BTC,1593363798628,2020-06-28T17:03:18.628Z,buy,1.215e-05,299.0,0.00363285
CTXC/BTC,1593363837345,2020-06-28T17:03:57.345Z,buy,1.216e-05,91.0,0.00110656
CTXC/BTC,1593363837345,2020-06-28T17:03:57.345Z,buy,1.217e-05,12.0,0.00014604
CTXC/BTC,1593363837345,2020-06-28T17:03:57.345Z,buy,1.218e-05,12.0,0.00014616
CTXC/BTC,1593363837345,2020-06-28T17:03:57.345Z,buy,1.219e-05,194.0,0.00236486
CTXC/BTC,1593363837345,2020-06-28T17:03:57.345Z,buy,1.22e-05,145.0,0.001769
CTXC/BTC,1593364187565,2020-06-28T17:09:47.565Z,sell,1.218e-05,11.0,0.00013398
CTXC/BTC,1593364237348,2020-06-28T17:10:37.348Z,buy,1.218e-05,310.0,0.0037758
CTXC/BTC,1593364237348,2020-06-28T17:10:37.348Z,buy,1.219e-05,1345.0,0.01639555
CTXC/BTC,1593364237348,2020-06-28T17:10:37.348Z,buy,1.22e-05,629.0,0.0076738
CTXC/BTC,1593364373953,2020-06-28T17:12:53.953Z,sell,1.217e-05,12.0,0.00014604
CTXC/BTC,1593364373953,2020-06-28T17:12:53.953Z,sell,1.216e-05,12.0,0.00014592
CTXC/BTC,1593364373953,2020-06-28T17:12:53.953Z,sell,1.215e-05,12.0,0.0001458
CTXC/BTC,1593364373953,2020-06-28T17:12:53.953Z,sell,1.214e-05,6645.0,0.0806703
CTXC/BTC,1593364392208,2020-06-28T17:13:12.208Z,buy,1.217e-05,12.0,0.00014604
CTXC/BTC,1593364393518,2020-06-28T17:13:13.518Z,buy,1.218e-05,12.0,0.00014616
CTXC/BTC,1593364587935,2020-06-28T17:16:27.935Z,buy,1.218e-05,716.0,0.00872088
CTXC/BTC,1593364588709,2020-06-28T17:16:28.709Z,buy,1.218e-05,1096.0,0.01334928
CTXC/BTC,1593364588723,2020-06-28T17:16:28.723Z,sell,1.218e-05,716.0,0.00872088
CTXC/BTC,1593364670526,2020-06-28T17:17:50.526Z,buy,1.218e-05,1748.0,0.02129064
CTXC/BTC,1593364765666,2020-06-28T17:19:25.666Z,sell,1.215e-05,12.0,0.0001458
CTXC/BTC,1593364765666,2020-06-28T17:19:25.666Z,sell,1.214e-05,99.0,0.00120186
CTXC/BTC,1593365077416,2020-06-28T17:24:37.416Z,buy,1.217e-05,12.0,0.00014604
CTXC/BTC,1593365085925,2020-06-28T17:24:45.925Z,buy,1.218e-05,150.0,0.001827
CTXC/BTC,1593365085925,2020-06-28T17:24:45.925Z,buy,1.219e-05,12.0,0.00014628
CTXC/BTC,1593365085933,2020-06-28T17:24:45.933Z,sell,1.219e-05,1803.0,0.02197857
CTXC/BTC,1593365250888,2020-06-28T17:27:30.888Z,buy,1.22e-05,1817.0,0.0221674
CTXC/BTC,1593365273423,2020-06-28T17:27:53.423Z,sell,1.217e-05,12.0,0.00014604
CTXC/BTC,1593365273423,2020-06-28T17:27:53.423Z,sell,1.216e-05,4.0,4.864e-05
CTXC/BTC,1593365481797,2020-06-28T17:31:21.797Z,buy,1.22e-05,12.0,0.0001464
CTXC/BTC,1593365481797,2020-06-28T17:31:21.797Z,buy,1.221e-05,34.0,0.00041514
CTXC/BTC,1593365587022,2020-06-28T17:33:07.022Z,buy,1.221e-05,100.0,0.001221
CTXC/BTC,1593365587029,2020-06-28T17:33:07.029Z,sell,1.221e-05,229.0,0.00279609
CTXC/BTC,1593365652208,2020-06-28T17:34:12.208Z,buy,1.221e-05,9.0,0.0001098899999999
CTXC/BTC,1593365779100,2020-06-28T17:36:19.100Z,buy,1.22e-05,299.0,0.0036478
CTXC/BTC,1593366392433,2020-06-28T17:46:32.433Z,sell,1.218e-05,12.0,0.00014616
CTXC/BTC,1593366428758,2020-06-28T17:47:08.758Z,buy,1.218e-05,9.0,0.00010962
CTXC/BTC,1593366443848,2020-06-28T17:47:23.848Z,sell,1.217e-05,12.0,0.00014604
CTXC/BTC,1593366474517,2020-06-28T17:47:54.517Z,sell,1.216e-05,8.0,9.728e-05
CTXC/BTC,1593366474727,2020-06-28T17:47:54.727Z,buy,1.216e-05,270.0,0.0032832
CTXC/BTC,1593366474756,2020-06-28T17:47:54.756Z,buy,1.216e-05,388.0,0.00471808
CTXC/BTC,1593366486131,2020-06-28T17:48:06.131Z,buy,1.216e-05,1556.0,0.01892096
CTXC/BTC,1593366519358,2020-06-28T17:48:39.358Z,buy,1.219e-05,12.0,0.00014628
CTXC/BTC,1593366519358,2020-06-28T17:48:39.358Z,buy,1.22e-05,121.0,0.0014762
CTXC/BTC,1593366634536,2020-06-28T17:50:34.536Z,sell,1.216e-05,12.0,0.00014592
CTXC/BTC,1593366634712,2020-06-28T17:50:34.712Z,buy,1.216e-05,1316.0,0.01600256
CTXC/BTC,1593366636001,2020-06-28T17:50:36.001Z,buy,1.216e-05,704.0,0.00856064
CTXC/BTC,1593366636845,2020-06-28T17:50:36.845Z,buy,1.216e-05,128.0,0.00155648
CTXC/BTC,1593366641053,2020-06-28T17:50:41.053Z,buy,1.216e-05,218.0,0.00265088
CTXC/BTC,1593366644057,2020-06-28T17:50:44.057Z,buy,1.216e-05,504.0,0.00612864
CTXC/BTC,1593366669704,2020-06-28T17:51:09.704Z,buy,1.216e-05,500.0,0.00608
CTXC/BTC,1593366669704,2020-06-28T17:51:09.704Z,buy,1.219e-05,12.0,0.00014628
CTXC/BTC,1593366669704,2020-06-28T17:51:09.704Z,buy,1.22e-05,3938.0,0.0480436
CTXC/BTC,1593366764912,2020-06-28T17:52:44.912Z,sell,1.216e-05,12.0,0.00014592
CTXC/BTC,1593366764912,2020-06-28T17:52:44.912Z,sell,1.215e-05,12.0,0.0001458
CTXC/BTC,1593366764912,2020-06-28T17:52:44.912Z,sell,1.214e-05,87.0,0.00105618
CTXC/BTC,1593366981558,2020-06-28T17:56:21.558Z,buy,1.217e-05,12.0,0.00014604
CTXC/BTC,1593367165102,2020-06-28T17:59:25.102Z,sell,1.216e-05,99.0,0.00120384
CTXC/BTC,1593367184341,2020-06-28T17:59:44.341Z,sell,1.216e-05,1478.0,0.01797248
CTXC/BTC,1593367184341,2020-06-28T17:59:44.341Z,sell,1.215e-05,2570.0,0.0312255
CTXC/BTC,1593367184341,2020-06-28T17:59:44.341Z,sell,1.216e-05,1478.0,0.01797248
CTXC/BTC,1593367184341,2020-06-28T17:59:44.341Z,sell,1.215e-05,2570.0,0.0312255
CTXC/BTC,1593367217113,2020-06-28T18:00:17.113Z,buy,1.217e-05,262.0,0.00318854
CTXC/BTC,1593367217246,2020-06-28T18:00:17.246Z,buy,1.217e-05,710.0,0.0086407
CTXC/BTC,1593367221877,2020-06-28T18:00:21.877Z,buy,1.217e-05,381.0,0.00463677
CTXC/BTC,1593367275399,2020-06-28T18:01:15.399Z,buy,1.217e-05,132.0,0.00160644
CTXC/BTC,1593367276500,2020-06-28T18:01:16.500Z,buy,1.217e-05,106.0,0.00129002
CTXC/BTC,1593367276903,2020-06-28T18:01:16.903Z,buy,1.217e-05,164.0,0.00199588
CTXC/BTC,1593367279399,2020-06-28T18:01:19.399Z,buy,1.217e-05,1983.0,0.02413311
CTXC/BTC,1593367281231,2020-06-28T18:01:21.231Z,buy,1.218e-05,12.0,0.00014616
CTXC/BTC,1593367281231,2020-06-28T18:01:21.231Z,buy,1.219e-05,46.0,0.00056074
CTXC/BTC,1593367281231,2020-06-28T18:01:21.231Z,buy,1.22e-05,352.0,0.0042944
CTXC/BTC,1593367282006,2020-06-28T18:01:22.006Z,buy,1.22e-05,183.0,0.0022326
CTXC/BTC,1593367283309,2020-06-28T18:01:23.309Z,buy,1.22e-05,410.0,0.005002
CTXC/BTC,1593367285344,2020-06-28T18:01:25.344Z,buy,1.22e-05,857.0,0.0104554
CTXC/BTC,1593367287817,2020-06-28T18:01:27.817Z,buy,1.22e-05,800.0,0.00976
CTXC/BTC,1593367310205,2020-06-28T18:01:50.205Z,buy,1.22e-05,16607.0,0.2026054
CTXC/BTC,1593367333644,2020-06-28T18:02:13.644Z,buy,1.22e-05,193.0,0.0023546
CTXC/BTC,1593367547456,2020-06-28T18:05:47.456Z,buy,1.22e-05,385.0,0.004697
CTXC/BTC,1593367597753,2020-06-28T18:06:37.753Z,sell,1.216e-05,6740.0,0.0819584
CTXC/BTC,1593367597753,2020-06-28T18:06:37.753Z,sell,1.215e-05,14900.0,0.181035
CTXC/BTC,1593367597753,2020-06-28T18:06:37.753Z,sell,1.214e-05,22180.0,0.2692652
CTXC/BTC,1593367601921,2020-06-28T18:06:41.921Z,buy,1.216e-05,32.0,0.00038912
CTXC/BTC,1593367601921,2020-06-28T18:06:41.921Z,buy,1.217e-05,12.0,0.00014604
CTXC/BTC,1593367601921,2020-06-28T18:06:41.921Z,buy,1.218e-05,12.0,0.00014616
CTXC/BTC,1593367601921,2020-06-28T18:06:41.921Z,buy,1.219e-05,1176.0,0.01433544
CTXC/BTC,1593367771335,2020-06-28T18:09:31.335Z,sell,1.215e-05,12.0,0.0001458
CTXC/BTC,1593367771335,2020-06-28T18:09:31.335Z,sell,1.214e-05,12.0,0.00014568
CTXC/BTC,1593367771335,2020-06-28T18:09:31.335Z,sell,1.213e-05,732.0,0.00887916
CTXC/BTC,1593367771660,2020-06-28T18:09:31.660Z,buy,1.219e-05,4342.0,0.05292898
CTXC/BTC,1593367774157,2020-06-28T18:09:34.157Z,buy,1.216e-05,12.0,0.00014592
CTXC/BTC,1593367846427,2020-06-28T18:10:46.427Z,sell,1.213e-05,2406.0,0.02918478
CTXC/BTC,1593367929661,2020-06-28T18:12:09.661Z,buy,1.217e-05,878.0,0.01068526
CTXC/BTC,1593368236138,2020-06-28T18:17:16.138Z,buy,1.218e-05,12.0,0.00014616
CTXC/BTC,1593368236138,2020-06-28T18:17:16.138Z,buy,1.219e-05,12.0,0.00014628
CTXC/BTC,1593368236138,2020-06-28T18:17:16.138Z,buy,1.22e-05,492.0,0.0060024
CTXC/BTC,1593368251604,2020-06-28T18:17:31.604Z,buy,1.221e-05,597.0,0.00728937
CTXC/BTC,1593368300876,2020-06-28T18:18:20.876Z,buy,1.22e-05,837.0,0.0102114
CTXC/BTC,1593368307955,2020-06-28T18:18:27.955Z,buy,1.221e-05,531.0,0.00648351
CTXC/BTC,1593368307955,2020-06-28T18:18:27.955Z,buy,1.222e-05,821.0,0.01003262
CTXC/BTC,1593368307955,2020-06-28T18:18:27.955Z,buy,1.222e-05,816.0,0.00997152
CTXC/BTC,1593368321144,2020-06-28T18:18:41.144Z,sell,1.219e-05,12.0,0.00014628
CTXC/BTC,1593368676906,2020-06-28T18:24:36.906Z,buy,1.219e-05,108.0,0.00131652
CTXC/BTC,1593368676906,2020-06-28T18:24:36.906Z,buy,1.222e-05,56.0,0.00068432
CTXC/BTC,1593368698992,2020-06-28T18:24:58.992Z,buy,1.222e-05,76.0,0.00092872
CTXC/BTC,1593368716310,2020-06-28T18:25:16.310Z,buy,1.222e-05,4030.0,0.0492466
CTXC/BTC,1593368716321,2020-06-28T18:25:16.321Z,sell,1.222e-05,432.0,0.00527904
CTXC/BTC,1593368779923,2020-06-28T18:26:19.923Z,buy,1.223e-05,4.0,4.892e-05
CTXC/BTC,1593368989757,2020-06-28T18:29:49.757Z,sell,1.219e-05,12.0,0.00014628
CTXC/BTC,1593368989757,2020-06-28T18:29:49.757Z,sell,1.218e-05,12.0,0.00014616
CTXC/BTC,1593368989757,2020-06-28T18:29:49.757Z,sell,1.217e-05,12.0,0.00014604
CTXC/BTC,1593368989757,2020-06-28T18:29:49.757Z,sell,1.216e-05,12.0,0.00014592
CTXC/BTC,1593368989757,2020-06-28T18:29:49.757Z,sell,1.215e-05,371.0,0.00450765
CTXC/BTC,1593369258020,2020-06-28T18:34:18.020Z,sell,1.215e-05,2284.0,0.0277506
CTXC/BTC,1593369410594,2020-06-28T18:36:50.594Z,buy,1.218e-05,12.0,0.00014616
CTXC/BTC,1593369410594,2020-06-28T18:36:50.594Z,buy,1.219e-05,12.0,0.00014628
CTXC/BTC,1593369410594,2020-06-28T18:36:50.594Z,buy,1.22e-05,12.0,0.0001464
CTXC/BTC,1593369410594,2020-06-28T18:36:50.594Z,buy,1.221e-05,369.0,0.00450549
CTXC/BTC,1593369410594,2020-06-28T18:36:50.594Z,buy,1.222e-05,338.0,0.00413036
CTXC/BTC,1593369434452,2020-06-28T18:37:14.452Z,sell,1.219e-05,12.0,0.00014628
CTXC/BTC,1593369494733,2020-06-28T18:38:14.733Z,sell,1.218e-05,3377.0,0.04113186
CTXC/BTC,1593369792318,2020-06-28T18:43:12.318Z,sell,1.217e-05,12.0,0.00014604
CTXC/BTC,1593369792318,2020-06-28T18:43:12.318Z,sell,1.216e-05,12.0,0.00014592
CTXC/BTC,1593369792318,2020-06-28T18:43:12.318Z,sell,1.215e-05,262.0,0.0031833
CTXC/BTC,1593369866556,2020-06-28T18:44:26.556Z,buy,1.218e-05,3.0,3.654e-05
CTXC/BTC,1593369915081,2020-06-28T18:45:15.081Z,sell,1.215e-05,653.0,0.00793395
CTXC/BTC,1593369921613,2020-06-28T18:45:21.613Z,sell,1.214e-05,1546.0,0.01876844
CTXC/BTC,1593369977162,2020-06-28T18:46:17.162Z,sell,1.213e-05,350.0,0.0042455
CTXC/BTC,1593369986437,2020-06-28T18:46:26.437Z,sell,1.213e-05,313.0,0.00379669
CTXC/BTC,1593369986437,2020-06-28T18:46:26.437Z,sell,1.212e-05,2509.0,0.0304090799999999
CTXC/BTC,1593370122488,2020-06-28T18:48:42.488Z,buy,1.215e-05,12.0,0.0001458
CTXC/BTC,1593370236793,2020-06-28T18:50:36.793Z,sell,1.215e-05,568.0,0.0069012
CTXC/BTC,1593370236939,2020-06-28T18:50:36.939Z,buy,1.215e-05,4381.0,0.05322915
CTXC/BTC,1593370236965,2020-06-28T18:50:36.965Z,buy,1.215e-05,5082.0,0.0617463
CTXC/BTC,1593370240623,2020-06-28T18:50:40.623Z,buy,1.215e-05,146.0,0.0017739
CTXC/BTC,1593370243185,2020-06-28T18:50:43.185Z,buy,1.215e-05,5988.0,0.0727542
CTXC/BTC,1593370259989,2020-06-28T18:50:59.989Z,buy,1.215e-05,425.0,0.00516375
CTXC/BTC,1593370505027,2020-06-28T18:55:05.027Z,buy,1.216e-05,12.0,0.00014592
CTXC/BTC,1593370505027,2020-06-28T18:55:05.027Z,buy,1.217e-05,12.0,0.00014604
CTXC/BTC,1593370505027,2020-06-28T18:55:05.027Z,buy,1.218e-05,335.0,0.0040803
CTXC/BTC,1593370505027,2020-06-28T18:55:05.027Z,buy,1.219e-05,1747.0,0.02129593
CTXC/BTC,1593370505035,2020-06-28T18:55:05.035Z,sell,1.219e-05,5173.0,0.06305887
CTXC/BTC,1593370523718,2020-06-28T18:55:23.718Z,sell,1.216e-05,12.0,0.00014592
CTXC/BTC,1593370523718,2020-06-28T18:55:23.718Z,sell,1.216e-05,12.0,0.00014592
CTXC/BTC,1593371134367,2020-06-28T19:05:34.367Z,buy,1.216e-05,63.0,0.00076608
CTXC/BTC,1593371220771,2020-06-28T19:07:00.771Z,sell,1.215e-05,12.0,0.0001458
CTXC/BTC,1593371220771,2020-06-28T19:07:00.771Z,sell,1.214e-05,1888.0,0.02292032
CTXC/BTC,1593371443109,2020-06-28T19:10:43.109Z,buy,1.217e-05,12.0,0.00014604
CTXC/BTC,1593371443109,2020-06-28T19:10:43.109Z,buy,1.218e-05,12.0,0.00014616
CTXC/BTC,1593371443109,2020-06-28T19:10:43.109Z,buy,1.219e-05,12.0,0.00014628
CTXC/BTC,1593371443109,2020-06-28T19:10:43.109Z,buy,1.22e-05,6.0,7.32e-05
CTXC/BTC,1593371549185,2020-06-28T19:12:29.185Z,sell,1.216e-05,12.0,0.00014592
CTXC/BTC,1593371549185,2020-06-28T19:12:29.185Z,sell,1.215e-05,12.0,0.0001458
CTXC/BTC,1593371549185,2020-06-28T19:12:29.185Z,sell,1.214e-05,1036.0,0.01257704
CTXC/BTC,1593371549185,2020-06-28T19:12:29.185Z,sell,1.213e-05,175.0,0.00212275
CTXC/BTC,1593371549185,2020-06-28T19:12:29.185Z,sell,1.212e-05,10626.0,0.1287871199999999
CTXC/BTC,1593371758569,2020-06-28T19:15:58.569Z,buy,1.215e-05,12.0,0.0001458
CTXC/BTC,1593371822140,2020-06-28T19:17:02.140Z,buy,1.216e-05,12.0,0.00014592
CTXC/BTC,1593371822140,2020-06-28T19:17:02.140Z,buy,1.217e-05,12.0,0.00014604
CTXC/BTC,1593371822140,2020-06-28T19:17:02.140Z,buy,1.218e-05,12.0,0.00014616
CTXC/BTC,1593371822140,2020-06-28T19:17:02.140Z,buy,1.219e-05,12.0,0.00014628
CTXC/BTC,1593371822140,2020-06-28T19:17:02.140Z,buy,1.22e-05,75.0,0.000915
CTXC/BTC,1593371858040,2020-06-28T19:17:38.040Z,buy,1.22e-05,371.0,0.0045262
CTXC/BTC,1593371858052,2020-06-28T19:17:38.052Z,sell,1.22e-05,1177.0,0.0143594
CTXC/BTC,1593372086640,2020-06-28T19:21:26.640Z,sell,1.217e-05,12.0,0.00014604
CTXC/BTC,1593372086640,2020-06-28T19:21:26.640Z,sell,1.216e-05,12.0,0.00014592
CTXC/BTC,1593372133645,2020-06-28T19:22:13.645Z,sell,1.218e-05,212.0,0.00258216
CTXC/BTC,1593372307325,2020-06-28T19:25:07.325Z,buy,1.217e-05,157.0,0.00191069
CTXC/BTC,1593372347328,2020-06-28T19:25:47.328Z,sell,1.215e-05,12.0,0.0001458
CTXC/BTC,1593372366113,2020-06-28T19:26:06.113Z,buy,1.215e-05,1941.0,0.02358315
CTXC/BTC,1593372375813,2020-06-28T19:26:15.813Z,sell,1.214e-05,12.0,0.00014568
CTXC/BTC,1593372375813,2020-06-28T19:26:15.813Z,sell,1.213e-05,12.0,0.00014556
CTXC/BTC,1593372375813,2020-06-28T19:26:15.813Z,sell,1.212e-05,12.0,0.00014544
CTXC/BTC,1593372375813,2020-06-28T19:26:15.813Z,sell,1.211e-05,512.0,0.00620032
CTXC/BTC,1593372375813,2020-06-28T19:26:15.813Z,sell,1.21e-05,9587.0,0.1160027
CTXC/BTC,1593372375813,2020-06-28T19:26:15.813Z,sell,1.21e-05,244.0,0.0029524
CTXC/BTC,1593372375813,2020-06-28T19:26:15.813Z,sell,1.21e-05,163.0,0.0019722999999999
CTXC/BTC,1593372375813,2020-06-28T19:26:15.813Z,sell,1.21e-05,204.0,0.0024684
CTXC/BTC,1593372375813,2020-06-28T19:26:15.813Z,sell,1.21e-05,205.0,0.0024805
CTXC/BTC,1593372532635,2020-06-28T19:28:52.635Z,buy,1.212e-05,83.0,0.00100596
CTXC/BTC,1593372532642,2020-06-28T19:28:52.642Z,buy,1.212e-05,38.0,0.0004605599999999
CTXC/BTC,1593372532649,2020-06-28T19:28:52.649Z,buy,1.212e-05,60.0,0.0007271999999999
CTXC/BTC,1593372532665,2020-06-28T19:28:52.665Z,buy,1.212e-05,36.0,0.0004363199999999
CTXC/BTC,1593372532696,2020-06-28T19:28:52.696Z,buy,1.212e-05,617.0,0.0074780399999999
CTXC/BTC,1593372532810,2020-06-28T19:28:52.810Z,buy,1.212e-05,436.0,0.0052843199999999
CTXC/BTC,1593372533012,2020-06-28T19:28:53.012Z,buy,1.212e-05,625.0,0.0075749999999999
CTXC/BTC,1593372533034,2020-06-28T19:28:53.034Z,buy,1.212e-05,1811.0,0.0219493199999999
CTXC/BTC,1593372533034,2020-06-28T19:28:53.034Z,buy,1.213e-05,12.0,0.00014556
CTXC/BTC,1593372622315,2020-06-28T19:30:22.315Z,sell,1.211e-05,372.0,0.00450492
CTXC/BTC,1593372622325,2020-06-28T19:30:22.325Z,buy,1.211e-05,462.0,0.0055948199999999
CTXC/BTC,1593372623747,2020-06-28T19:30:23.747Z,buy,1.214e-05,12.0,0.00014568
CTXC/BTC,1593372623747,2020-06-28T19:30:23.747Z,buy,1.215e-05,5.0,6.075e-05
CTXC/BTC,1593372743390,2020-06-28T19:32:23.390Z,buy,1.215e-05,7.0,8.505000000000001e-05
CTXC/BTC,1593372743390,2020-06-28T19:32:23.390Z,buy,1.216e-05,12.0,0.00014592
CTXC/BTC,1593372743390,2020-06-28T19:32:23.390Z,buy,1.217e-05,12.0,0.00014604
CTXC/BTC,1593372743390,2020-06-28T19:32:23.390Z,buy,1.218e-05,13.0,0.00015834
CTXC/BTC,1593372745777,2020-06-28T19:32:25.777Z,sell,1.215e-05,12.0,0.0001458
CTXC/BTC,1593372748701,2020-06-28T19:32:28.701Z,sell,1.214e-05,12.0,0.00014568
CTXC/BTC,1593372748701,2020-06-28T19:32:28.701Z,sell,1.213e-05,12.0,0.00014556
CTXC/BTC,1593372987081,2020-06-28T19:36:27.081Z,buy,1.214e-05,228.0,0.00276792
CTXC/BTC,1593373013291,2020-06-28T19:36:53.291Z,buy,1.215e-05,2454.0,0.0298161
CTXC/BTC,1593373242701,2020-06-28T19:40:42.701Z,sell,1.212e-05,12.0,0.00014544
CTXC/BTC,1593373253272,2020-06-28T19:40:53.272Z,sell,1.211e-05,12.0,0.00014532
CTXC/BTC,1593373253272,2020-06-28T19:40:53.272Z,sell,1.21e-05,12.0,0.0001452
CTXC/BTC,1593373253279,2020-06-28T19:40:53.279Z,buy,1.21e-05,1177.0,0.0142417
CTXC/BTC,1593373253283,2020-06-28T19:40:53.283Z,buy,1.21e-05,837.0,0.0101277
CTXC/BTC,1593373315720,2020-06-28T19:41:55.720Z,buy,1.212e-05,215.0,0.0026057999999999
CTXC/BTC,1593373381536,2020-06-28T19:43:01.536Z,buy,1.213e-05,12.0,0.00014556
CTXC/BTC,1593373381536,2020-06-28T19:43:01.536Z,buy,1.214e-05,12.0,0.00014568
CTXC/BTC,1593373381536,2020-06-28T19:43:01.536Z,buy,1.215e-05,286.0,0.0034749
CTXC/BTC,1593373381536,2020-06-28T19:43:01.536Z,buy,1.216e-05,139.0,0.00169024
CTXC/BTC,1593373386107,2020-06-28T19:43:06.107Z,sell,1.213e-05,12.0,0.00014556
CTXC/BTC,1593373425119,2020-06-28T19:43:45.119Z,sell,1.212e-05,12.0,0.00014544
CTXC/BTC,1593373507977,2020-06-28T19:45:07.977Z,sell,1.212e-05,218.0,0.0026421599999999
CTXC/BTC,1593373790609,2020-06-28T19:49:50.609Z,buy,1.215e-05,240.0,0.002916
CTXC/BTC,1593373790609,2020-06-28T19:49:50.609Z,buy,1.216e-05,230.0,0.0027968
CTXC/BTC,1593373793733,2020-06-28T19:49:53.733Z,sell,1.212e-05,12.0,0.00014544
CTXC/BTC,1593373923141,2020-06-28T19:52:03.141Z,sell,1.211e-05,12.0,0.00014532
CTXC/BTC,1593374058807,2020-06-28T19:54:18.807Z,sell,1.211e-05,9.0,0.00010899
CTXC/BTC,1593374058807,2020-06-28T19:54:18.807Z,sell,1.211e-05,9.0,0.00010899
CTXC/BTC,1593374124743,2020-06-28T19:55:24.743Z,sell,1.21e-05,12.0,0.0001452
CTXC/BTC,1593374195948,2020-06-28T19:56:35.948Z,sell,1.209e-05,22.0,0.0002659799999999
CTXC/BTC,1593374195948,2020-06-28T19:56:35.948Z,sell,1.208e-05,15.0,0.0001811999999999
CTXC/BTC,1593374195948,2020-06-28T19:56:35.948Z,sell,1.208e-05,12.0,0.00014496
CTXC/BTC,1593374195948,2020-06-28T19:56:35.948Z,sell,1.207e-05,161.0,0.00194327
CTXC/BTC,1593374195948,2020-06-28T19:56:35.948Z,sell,1.206e-05,1955.0,0.0235773
CTXC/BTC,1593374195948,2020-06-28T19:56:35.948Z,sell,1.205e-05,4390.0,0.0528995
CTXC/BTC,1593374195948,2020-06-28T19:56:35.948Z,sell,1.204e-05,1842.0,0.0221776799999999
CTXC/BTC,1593374195948,2020-06-28T19:56:35.948Z,sell,1.203e-05,12165.0,0.14634495
CTXC/BTC,1593374195948,2020-06-28T19:56:35.948Z,sell,1.202e-05,28788.0,0.34603176
CTXC/BTC,1593374195948,2020-06-28T19:56:35.948Z,sell,1.202e-05,15224.0,0.18299248
CTXC/BTC,1593374195948,2020-06-28T19:56:35.948Z,sell,1.201e-05,8491.0,0.10197691
CTXC/BTC,1593374195948,2020-06-28T19:56:35.948Z,sell,1.201e-05,314.0,0.00377114
CTXC/BTC,1593374195948,2020-06-28T19:56:35.948Z,sell,1.201e-05,315.0,0.00378315
CTXC/BTC,1593374195948,2020-06-28T19:56:35.948Z,sell,1.201e-05,295.0,0.00354295
CTXC/BTC,1593374195948,2020-06-28T19:56:35.948Z,sell,1.201e-05,296.0,0.00355496
CTXC/BTC,1593374196017,2020-06-28T19:56:36.017Z,sell,1.203e-05,603.0,0.00725409
CTXC/BTC,1593374196025,2020-06-28T19:56:36.025Z,sell,1.203e-05,603.0,0.00725409
CTXC/BTC,1593374196085,2020-06-28T19:56:36.085Z,sell,1.203e-05,163.0,0.00196089
CTXC/BTC,1593374196085,2020-06-28T19:56:36.085Z,sell,1.202e-05,500.0,0.00601
CTXC/BTC,1593374196596,2020-06-28T19:56:36.596Z,sell,1.202e-05,27.0,0.00032454
CTXC/BTC,1593374196596,2020-06-28T19:56:36.596Z,sell,1.201e-05,1180.0,0.0141718
CTXC/BTC,1593374196596,2020-06-28T19:56:36.596Z,sell,1.2e-05,3232.0,0.038784
CTXC/BTC,1593374196596,2020-06-28T19:56:36.596Z,sell,1.199e-05,1824.0,0.02186976
CTXC/BTC,1593374196596,2020-06-28T19:56:36.596Z,sell,1.198e-05,12.0,0.00014376
CTXC/BTC,1593374196596,2020-06-28T19:56:36.596Z,sell,1.197e-05,125.0,0.00149625
CTXC/BTC,1593374196596,2020-06-28T19:56:36.596Z,sell,1.197e-05,22.0,0.00026334
CTXC/BTC,1593374196596,2020-06-28T19:56:36.596Z,sell,1.196e-05,149.0,0.00178204
CTXC/BTC,1593374196596,2020-06-28T19:56:36.596Z,sell,1.195e-05,17666.0,0.2111087
CTXC/BTC,1593374196596,2020-06-28T19:56:36.596Z,sell,1.195e-05,160.0,0.001912
CTXC/BTC,1593374196596,2020-06-28T19:56:36.596Z,buy,1.196e-05,62.0,0.00074152
CTXC/BTC,1593374196610,2020-06-28T19:56:36.610Z,buy,1.196e-05,94.0,0.00112424
CTXC/BTC,1593374196617,2020-06-28T19:56:36.617Z,buy,1.196e-05,76.0,0.00090896
CTXC/BTC,1593374196618,2020-06-28T19:56:36.618Z,buy,1.196e-05,417.0,0.00498732
CTXC/BTC,1593374196971,2020-06-28T19:56:36.971Z,buy,1.196e-05,783.0,0.00936468
CTXC/BTC,1593374196971,2020-06-28T19:56:36.971Z,buy,1.198e-05,48.0,0.00057504
CTXC/BTC,1593374197815,2020-06-28T19:56:37.815Z,sell,1.195e-05,2736.0,0.0326952
CTXC/BTC,1593374198094,2020-06-28T19:56:38.094Z,buy,1.198e-05,500.0,0.00599
CTXC/BTC,1593374198272,2020-06-28T19:56:38.272Z,sell,1.195e-05,73.0,0.00087235
CTXC/BTC,1593374199104,2020-06-28T19:56:39.104Z,buy,1.198e-05,2002.0,0.02398396
CTXC/BTC,1593374199321,2020-06-28T19:56:39.321Z,buy,1.198e-05,2526.0,0.03026148
CTXC/BTC,1593374200215,2020-06-28T19:56:40.215Z,buy,1.198e-05,500.0,0.00599
CTXC/BTC,1593374200528,2020-06-28T19:56:40.528Z,buy,1.198e-05,296.0,0.00354608
CTXC/BTC,1593374201464,2020-06-28T19:56:41.464Z,buy,1.198e-05,500.0,0.00599
CTXC/BTC,1593374201896,2020-06-28T19:56:41.896Z,buy,1.198e-05,4326.0,0.05182548
CTXC/BTC,1593374201900,2020-06-28T19:56:41.900Z,buy,1.198e-05,3646.0,0.04367908
CTXC/BTC,1593374201901,2020-06-28T19:56:41.901Z,buy,1.199e-05,12.0,0.00014388
CTXC/BTC,1593374201901,2020-06-28T19:56:41.901Z,buy,1.2e-05,12.0,0.000144
CTXC/BTC,1593374201901,2020-06-28T19:56:41.901Z,buy,1.201e-05,644.0,0.00773444
CTXC/BTC,1593374201901,2020-06-28T19:56:41.901Z,buy,1.202e-05,512.0,0.00615424
CTXC/BTC,1593374201901,2020-06-28T19:56:41.901Z,buy,1.203e-05,1142.0,0.01373826
CTXC/BTC,1593374202358,2020-06-28T19:56:42.358Z,buy,1.203e-05,239.0,0.00287517
CTXC/BTC,1593374202358,2020-06-28T19:56:42.358Z,buy,1.204e-05,12.0,0.00014448
CTXC/BTC,1593374202358,2020-06-28T19:56:42.358Z,buy,1.205e-05,25.0,0.00030125
CTXC/BTC,1593374202358,2020-06-28T19:56:42.358Z,buy,1.206e-05,543.0,0.00654858
CTXC/BTC,1593374202358,2020-06-28T19:56:42.358Z,buy,1.207e-05,12.0,0.00014484
CTXC/BTC,1593374202363,2020-06-28T19:56:42.363Z,sell,1.207e-05,939.0,0.01133373
CTXC/BTC,1593374202366,2020-06-28T19:56:42.366Z,sell,1.207e-05,94.0,0.00113458
CTXC/BTC,1593374202368,2020-06-28T19:56:42.368Z,sell,1.207e-05,331.0,0.00399517
CTXC/BTC,1593374202607,2020-06-28T19:56:42.607Z,buy,1.205e-05,500.0,0.006025
CTXC/BTC,1593374204055,2020-06-28T19:56:44.055Z,buy,1.205e-05,500.0,0.006025
CTXC/BTC,1593374204463,2020-06-28T19:56:44.463Z,buy,1.205e-05,11941.0,0.14388905
CTXC/BTC,1593374207704,2020-06-28T19:56:47.704Z,buy,1.206e-05,4.0,4.824e-05
CTXC/BTC,1593374212288,2020-06-28T19:56:52.288Z,buy,1.206e-05,500.0,0.00603
CTXC/BTC,1593374228470,2020-06-28T19:57:08.470Z,buy,1.206e-05,407.0,0.00490842
CTXC/BTC,1593374228470,2020-06-28T19:57:08.470Z,buy,1.208e-05,93.0,0.0011234399999999
CTXC/BTC,1593374240353,2020-06-28T19:57:20.353Z,sell,1.204e-05,446.0,0.00536984
CTXC/BTC,1593374243970,2020-06-28T19:57:23.970Z,buy,1.207e-05,4.0,4.828e-05
CTXC/BTC,1593374257845,2020-06-28T19:57:37.845Z,buy,1.207e-05,8.0,9.656e-05
CTXC/BTC,1593374257862,2020-06-28T19:57:37.862Z,sell,1.207e-05,74.0,0.0008931799999999
CTXC/BTC,1593374272036,2020-06-28T19:57:52.036Z,buy,1.208e-05,4.0,4.832e-05
CTXC/BTC,1593374280476,2020-06-28T19:58:00.476Z,sell,1.205e-05,716.0,0.0086278
CTXC/BTC,1593374280590,2020-06-28T19:58:00.590Z,sell,1.204e-05,4312.0,0.05191648
CTXC/BTC,1593374280695,2020-06-28T19:58:00.695Z,sell,1.204e-05,1586.0,0.0190954399999999
CTXC/BTC,1593374282674,2020-06-28T19:58:02.674Z,buy,1.206e-05,10.0,0.0001206
CTXC/BTC,1593374283591,2020-06-28T19:58:03.591Z,buy,1.206e-05,136.0,0.0016401599999999
CTXC/BTC,1593374283591,2020-06-28T19:58:03.591Z,buy,1.207e-05,364.0,0.00439348
CTXC/BTC,1593374287166,2020-06-28T19:58:07.166Z,sell,1.203e-05,12.0,0.00014436
CTXC/BTC,1593374287166,2020-06-28T19:58:07.166Z,sell,1.202e-05,12.0,0.00014424
CTXC/BTC,1593374287166,2020-06-28T19:58:07.166Z,sell,1.201e-05,575.0,0.00690575
CTXC/BTC,1593374287166,2020-06-28T19:58:07.166Z,sell,1.2e-05,12.0,0.000144
CTXC/BTC,1593374287166,2020-06-28T19:58:07.166Z,sell,1.199e-05,286.0,0.00342914
CTXC/BTC,1593374289923,2020-06-28T19:58:09.923Z,buy,1.202e-05,12.0,0.00014424
CTXC/BTC,1593374289923,2020-06-28T19:58:09.923Z,buy,1.203e-05,12.0,0.00014436
CTXC/BTC,1593374289923,2020-06-28T19:58:09.923Z,buy,1.206e-05,12.0,0.0001447199999999
CTXC/BTC,1593374289923,2020-06-28T19:58:09.923Z,buy,1.207e-05,12.0,0.00014484
CTXC/BTC,1593374289923,2020-06-28T19:58:09.923Z,buy,1.208e-05,452.0,0.0054601599999999
CTXC/BTC,1593374292348,2020-06-28T19:58:12.348Z,buy,1.204e-05,12.0,0.00014448
CTXC/BTC,1593374310564,2020-06-28T19:58:30.564Z,buy,1.205e-05,500.0,0.006025
CTXC/BTC,1593374310776,2020-06-28T19:58:30.776Z,buy,1.205e-05,13940.0,0.167977
CTXC/BTC,1593374316514,2020-06-28T19:58:36.514Z,buy,1.208e-05,321.0,0.0038776799999999
CTXC/BTC,1593374316514,2020-06-28T19:58:36.514Z,buy,1.209e-05,179.0,0.00216411
CTXC/BTC,1593374317986,2020-06-28T19:58:37.986Z,buy,1.209e-05,188.0,0.00227292
CTXC/BTC,1593374317986,2020-06-28T19:58:37.986Z,buy,1.21e-05,312.0,0.0037752
CTXC/BTC,1593374326920,2020-06-28T19:58:46.920Z,buy,1.21e-05,586.0,0.0070906
CTXC/BTC,1593374346107,2020-06-28T19:59:06.107Z,sell,1.207e-05,12.0,0.00014484
CTXC/BTC,1593374346107,2020-06-28T19:59:06.107Z,sell,1.206e-05,12.0,0.0001447199999999
CTXC/BTC,1593374348708,2020-06-28T19:59:08.708Z,buy,1.206e-05,500.0,0.00603
CTXC/BTC,1593374350346,2020-06-28T19:59:10.346Z,buy,1.206e-05,500.0,0.00603
CTXC/BTC,1593374351954,2020-06-28T19:59:11.954Z,buy,1.206e-05,500.0,0.00603
CTXC/BTC,1593374351999,2020-06-28T19:59:11.999Z,buy,1.206e-05,6716.0,0.08099496
CTXC/BTC,1593374373698,2020-06-28T19:59:33.698Z,sell,1.205e-05,12.0,0.0001446
CTXC/BTC,1593374373698,2020-06-28T19:59:33.698Z,sell,1.204e-05,12.0,0.00014448
CTXC/BTC,1593374374263,2020-06-28T19:59:34.263Z,sell,1.203e-05,115.0,0.00138345
CTXC/BTC,1593374396757,2020-06-28T19:59:56.757Z,sell,1.202e-05,12.0,0.00014424
CTXC/BTC,1593374396757,2020-06-28T19:59:56.757Z,sell,1.201e-05,12.0,0.00014412
CTXC/BTC,1593374396757,2020-06-28T19:59:56.757Z,sell,1.2e-05,151.0,0.001812
CTXC/BTC,1593374396757,2020-06-28T19:59:56.757Z,sell,1.199e-05,27.0,0.00032373
CTXC/BTC,1593374396757,2020-06-28T19:59:56.757Z,sell,1.198e-05,834.0,0.00999132
CTXC/BTC,1593374396757,2020-06-28T19:59:56.757Z,sell,1.197e-05,3002.0,0.03593394
CTXC/BTC,1593374396757,2020-06-28T19:59:56.757Z,sell,1.196e-05,1341.0,0.01603836
CTXC/BTC,1593374398344,2020-06-28T19:59:58.344Z,buy,1.203e-05,222.0,0.00267066
CTXC/BTC,1593374399928,2020-06-28T19:59:59.928Z,buy,1.199e-05,12.0,0.00014388
CTXC/BTC,1593374399928,2020-06-28T19:59:59.928Z,buy,1.2e-05,12.0,0.000144
CTXC/BTC,1593374399928,2020-06-28T19:59:59.928Z,buy,1.201e-05,12.0,0.00014412
CTXC/BTC,1593374399928,2020-06-28T19:59:59.928Z,buy,1.202e-05,12.0,0.00014424
CTXC/BTC,1593374399928,2020-06-28T19:59:59.928Z,buy,1.203e-05,134.0,0.00161202
CTXC/BTC,1593374399928,2020-06-28T19:59:59.928Z,buy,1.204e-05,318.0,0.00382872
CTXC/BTC,1593374401406,2020-06-28T20:00:01.406Z,buy,1.204e-05,500.0,0.00602
CTXC/BTC,1593374401737,2020-06-28T20:00:01.737Z,buy,1.204e-05,12.0,0.00014448
CTXC/BTC,1593374401737,2020-06-28T20:00:01.737Z,buy,1.205e-05,1853.0,0.02232865
CTXC/BTC,1593374402966,2020-06-28T20:00:02.966Z,buy,1.205e-05,386.0,0.0046513
CTXC/BTC,1593374402966,2020-06-28T20:00:02.966Z,buy,1.206e-05,42.0,0.00050652
CTXC/BTC,1593374402966,2020-06-28T20:00:02.966Z,buy,1.207e-05,12.0,0.00014484
CTXC/BTC,1593374402966,2020-06-28T20:00:02.966Z,buy,1.208e-05,27.0,0.00032616
CTXC/BTC,1593374402966,2020-06-28T20:00:02.966Z,buy,1.209e-05,33.0,0.0003989699999999
CTXC/BTC,1593374405262,2020-06-28T20:00:05.262Z,sell,1.205e-05,12.0,0.0001446
CTXC/BTC,1593374405433,2020-06-28T20:00:05.433Z,sell,1.206e-05,12.0,0.0001447199999999
CTXC/BTC,1593374407855,2020-06-28T20:00:07.855Z,sell,1.204e-05,12.0,0.00014448
CTXC/BTC,1593374407855,2020-06-28T20:00:07.855Z,sell,1.203e-05,12.0,0.00014436
CTXC/BTC,1593374414217,2020-06-28T20:00:14.217Z,sell,1.202e-05,205.0,0.0024641
CTXC/BTC,1593374421413,2020-06-28T20:00:21.413Z,sell,1.202e-05,5486.0,0.06594172
CTXC/BTC,1593374421415,2020-06-28T20:00:21.415Z,sell,1.202e-05,1357.0,0.01631114
CTXC/BTC,1593374421424,2020-06-28T20:00:21.424Z,sell,1.201e-05,12.0,0.00014412
CTXC/BTC,1593374421424,2020-06-28T20:00:21.424Z,sell,1.2e-05,12.0,0.000144
CTXC/BTC,1593374421424,2020-06-28T20:00:21.424Z,sell,1.199e-05,27.0,0.00032373
CTXC/BTC,1593374421424,2020-06-28T20:00:21.424Z,sell,1.198e-05,302.0,0.00361796
CTXC/BTC,1593374421425,2020-06-28T20:00:21.425Z,sell,1.198e-05,282.0,0.00337836
CTXC/BTC,1593374421425,2020-06-28T20:00:21.425Z,sell,1.197e-05,42.0,0.00050274
CTXC/BTC,1593374421425,2020-06-28T20:00:21.425Z,sell,1.196e-05,536.0,0.00641056
CTXC/BTC,1593374421434,2020-06-28T20:00:21.434Z,sell,1.196e-05,400.0,0.004784
CTXC/BTC,1593374421434,2020-06-28T20:00:21.434Z,sell,1.195e-05,6823.0,0.08153485
CTXC/BTC,1593374421460,2020-06-28T20:00:21.460Z,sell,1.195e-05,15950.0,0.1906025
CTXC/BTC,1593374422235,2020-06-28T20:00:22.235Z,buy,1.198e-05,144.0,0.00172512
CTXC/BTC,1593374423541,2020-06-28T20:00:23.541Z,buy,1.198e-05,428.0,0.00512744
CTXC/BTC,1593374423541,2020-06-28T20:00:23.541Z,buy,1.199e-05,72.0,0.00086328
CTXC/BTC,1593374425438,2020-06-28T20:00:25.438Z,sell,1.195e-05,1653.0,0.01975335
CTXC/BTC,1593374425438,2020-06-28T20:00:25.438Z,sell,1.194e-05,613.0,0.0073192199999999
CTXC/BTC,1593374425438,2020-06-28T20:00:25.438Z,sell,1.193e-05,764.0,0.00911452
CTXC/BTC,1593374425438,2020-06-28T20:00:25.438Z,sell,1.192e-05,191.0,0.00227672
CTXC/BTC,1593374425728,2020-06-28T20:00:25.728Z,buy,1.199e-05,21.0,0.00025179
CTXC/BTC,1593374426471,2020-06-28T20:00:26.471Z,sell,1.196e-05,223.0,0.00266708
CTXC/BTC,1593374426487,2020-06-28T20:00:26.487Z,sell,1.191e-05,232.0,0.00276312
CTXC/BTC,1593374426487,2020-06-28T20:00:26.487Z,sell,1.19e-05,384.0,0.0045696
CTXC/BTC,1593374426487,2020-06-28T20:00:26.487Z,sell,1.19e-05,1259.0,0.0149821
CTXC/BTC,1593374426487,2020-06-28T20:00:26.487Z,sell,1.189e-05,538.0,0.00639682
CTXC/BTC,1593374426487,2020-06-28T20:00:26.487Z,sell,1.188e-05,70.0,0.0008315999999999
CTXC/BTC,1593374426487,2020-06-28T20:00:26.487Z,sell,1.187e-05,162.0,0.00192294
CTXC/BTC,1593374426487,2020-06-28T20:00:26.487Z,sell,1.187e-05,115.0,0.00136505
CTXC/BTC,1593374426487,2020-06-28T20:00:26.487Z,sell,1.187e-05,1003.0,0.01190561
CTXC/BTC,1593374426487,2020-06-28T20:00:26.487Z,sell,1.186e-05,1054.0,0.01250044
CTXC/BTC,1593374426767,2020-06-28T20:00:26.767Z,sell,1.188e-05,35.0,0.0004157999999999
CTXC/BTC,1593374427223,2020-06-28T20:00:27.223Z,sell,1.189e-05,446.0,0.00530294
CTXC/BTC,1593374427223,2020-06-28T20:00:27.223Z,sell,1.188e-05,272.0,0.00323136
CTXC/BTC,1593374427223,2020-06-28T20:00:27.223Z,sell,1.187e-05,397.0,0.00471239
CTXC/BTC,1593374427485,2020-06-28T20:00:27.485Z,buy,1.196e-05,446.0,0.00533416
CTXC/BTC,1593374427485,2020-06-28T20:00:27.485Z,buy,1.197e-05,54.0,0.00064638
CTXC/BTC,1593374428965,2020-06-28T20:00:28.965Z,buy,1.194e-05,12.0,0.00014328
CTXC/BTC,1593374428965,2020-06-28T20:00:28.965Z,buy,1.195e-05,12.0,0.0001434
CTXC/BTC,1593374428965,2020-06-28T20:00:28.965Z,buy,1.196e-05,12.0,0.00014352
CTXC/BTC,1593374428965,2020-06-28T20:00:28.965Z,buy,1.197e-05,167.0,0.00199899
CTXC/BTC,1593374428965,2020-06-28T20:00:28.965Z,buy,1.198e-05,297.0,0.00355806
CTXC/BTC,1593374429621,2020-06-28T20:00:29.621Z,buy,1.19e-05,12.0,0.0001428
CTXC/BTC,1593374429875,2020-06-28T20:00:29.875Z,buy,1.189e-05,12.0,0.00014268
CTXC/BTC,1593374430071,2020-06-28T20:00:30.071Z,buy,1.191e-05,12.0,0.00014292
CTXC/BTC,1593374430071,2020-06-28T20:00:30.071Z,buy,1.192e-05,12.0,0.0001430399999999
CTXC/BTC,1593374430071,2020-06-28T20:00:30.071Z,buy,1.193e-05,235.0,0.0028035499999999
CTXC/BTC,1593374430071,2020-06-28T20:00:30.071Z,buy,1.197e-05,30.0,0.0003591
CTXC/BTC,1593374430071,2020-06-28T20:00:30.071Z,buy,1.198e-05,211.0,0.00252778
CTXC/BTC,1593374430885,2020-06-28T20:00:30.885Z,sell,1.194e-05,12.0,0.00014328
CTXC/BTC,1593374430885,2020-06-28T20:00:30.885Z,sell,1.187e-05,8.0,9.496e-05
CTXC/BTC,1593374431268,2020-06-28T20:00:31.268Z,buy,1.198e-05,289.0,0.00346222
CTXC/BTC,1593374431268,2020-06-28T20:00:31.268Z,buy,1.199e-05,211.0,0.00252989
CTXC/BTC,1593374432320,2020-06-28T20:00:32.320Z,buy,1.198e-05,93.0,0.00111414
CTXC/BTC,1593374439219,2020-06-28T20:00:39.219Z,sell,1.195e-05,12.0,0.0001434
CTXC/BTC,1593374446238,2020-06-28T20:00:46.238Z,sell,1.193e-05,102.0,0.00121686
CTXC/BTC,1593374448137,2020-06-28T20:00:48.137Z,buy,1.197e-05,12.0,0.00014364
CTXC/BTC,1593374448137,2020-06-28T20:00:48.137Z,buy,1.198e-05,419.0,0.00501962
CTXC/BTC,1593374448137,2020-06-28T20:00:48.137Z,buy,1.199e-05,1.0,1.199e-05
CTXC/BTC,1593374451867,2020-06-28T20:00:51.867Z,sell,1.195e-05,12.0,0.0001434
CTXC/BTC,1593374451867,2020-06-28T20:00:51.867Z,sell,1.194e-05,12.0,0.00014328
CTXC/BTC,1593374452058,2020-06-28T20:00:52.058Z,buy,1.193e-05,276.0,0.0032926799999999
CTXC/BTC,1593374453194,2020-06-28T20:00:53.194Z,buy,1.193e-05,165.0,0.00196845
CTXC/BTC,1593374453211,2020-06-28T20:00:53.211Z,buy,1.193e-05,103.0,0.00122879
CTXC/BTC,1593374453473,2020-06-28T20:00:53.473Z,buy,1.193e-05,102.0,0.00121686
CTXC/BTC,1593374492275,2020-06-28T20:01:32.275Z,buy,1.193e-05,9.0,0.00010737
CTXC/BTC,1593374548705,2020-06-28T20:02:28.705Z,sell,1.192e-05,1051.0,0.01252792
CTXC/BTC,1593374548705,2020-06-28T20:02:28.705Z,sell,1.191e-05,12.0,0.00014292
CTXC/BTC,1593374548705,2020-06-28T20:02:28.705Z,sell,1.19e-05,12.0,0.0001428
CTXC/BTC,1593374548705,2020-06-28T20:02:28.705Z,sell,1.189e-05,25.0,0.00029725
CTXC/BTC,1593374548705,2020-06-28T20:02:28.705Z,sell,1.188e-05,6191.0,0.07354908
CTXC/BTC,1593374548705,2020-06-28T20:02:28.705Z,sell,1.187e-05,440.0,0.0052228
CTXC/BTC,1593374548705,2020-06-28T20:02:28.705Z,sell,1.186e-05,193.0,0.00228898
CTXC/BTC,1593374551523,2020-06-28T20:02:31.523Z,buy,1.189e-05,12.0,0.00014268
CTXC/BTC,1593374552477,2020-06-28T20:02:32.477Z,buy,1.19e-05,12.0,0.0001428
CTXC/BTC,1593374554023,2020-06-28T20:02:34.023Z,buy,1.191e-05,12.0,0.00014292
CTXC/BTC,1593374565651,2020-06-28T20:02:45.651Z,sell,1.188e-05,36.0,0.00042768
CTXC/BTC,1593374577133,2020-06-28T20:02:57.133Z,buy,1.189e-05,13.0,0.00015457
CTXC/BTC,1593374577485,2020-06-28T20:02:57.485Z,sell,1.188e-05,1400.0,0.016632
CTXC/BTC,1593374577485,2020-06-28T20:02:57.485Z,sell,1.187e-05,12.0,0.00014244
CTXC/BTC,1593374577485,2020-06-28T20:02:57.485Z,sell,1.186e-05,674.0,0.00799364
CTXC/BTC,1593374577485,2020-06-28T20:02:57.485Z,sell,1.185e-05,2088.0,0.0247428
CTXC/BTC,1593374581185,2020-06-28T20:03:01.185Z,buy,1.188e-05,12.0,0.00014256
CTXC/BTC,1593374582179,2020-06-28T20:03:02.179Z,buy,1.189e-05,12.0,0.00014268
CTXC/BTC,1593374583100,2020-06-28T20:03:03.100Z,buy,1.19e-05,12.0,0.0001428
CTXC/BTC,1593374585169,2020-06-28T20:03:05.169Z,buy,1.191e-05,12.0,0.00014292
CTXC/BTC,1593374586939,2020-06-28T20:03:06.939Z,buy,1.192e-05,12.0,0.0001430399999999
CTXC/BTC,1593374586939,2020-06-28T20:03:06.939Z,buy,1.193e-05,7.0,8.350999999999999e-05
CTXC/BTC,1593374602019,2020-06-28T20:03:22.019Z,buy,1.193e-05,5.0,5.965e-05
CTXC/BTC,1593374602019,2020-06-28T20:03:22.019Z,buy,1.194e-05,12.0,0.00014328
CTXC/BTC,1593374602019,2020-06-28T20:03:22.019Z,buy,1.195e-05,12.0,0.0001434
CTXC/BTC,1593374602019,2020-06-28T20:03:22.019Z,buy,1.196e-05,12.0,0.00014352
CTXC/BTC,1593374602019,2020-06-28T20:03:22.019Z,buy,1.197e-05,408.0,0.00488376
CTXC/BTC,1593374602019,2020-06-28T20:03:22.019Z,buy,1.198e-05,1707.0,0.02044986
CTXC/BTC,1593374602019,2020-06-28T20:03:22.019Z,buy,1.199e-05,358.0,0.00429242
CTXC/BTC,1593374604753,2020-06-28T20:03:24.753Z,sell,1.195e-05,12.0,0.0001434
CTXC/BTC,1593374604753,2020-06-28T20:03:24.753Z,sell,1.194e-05,12.0,0.00014328
CTXC/BTC,1593374604963,2020-06-28T20:03:24.963Z,buy,1.196e-05,12.0,0.00014352
CTXC/BTC,1593374605075,2020-06-28T20:03:25.075Z,sell,1.191e-05,200.0,0.002382
CTXC/BTC,1593374605075,2020-06-28T20:03:25.075Z,sell,1.19e-05,12.0,0.0001428
CTXC/BTC,1593374605075,2020-06-28T20:03:25.075Z,sell,1.189e-05,40.0,0.0004755999999999
CTXC/BTC,1593374605075,2020-06-28T20:03:25.075Z,sell,1.188e-05,12.0,0.00014256
CTXC/BTC,1593374605075,2020-06-28T20:03:25.075Z,sell,1.187e-05,542.0,0.00643354
CTXC/BTC,1593374605075,2020-06-28T20:03:25.075Z,sell,1.186e-05,1350.0,0.016011
CTXC/BTC,1593374605075,2020-06-28T20:03:25.075Z,sell,1.185e-05,2453.0,0.02906805
CTXC/BTC,1593374605075,2020-06-28T20:03:25.075Z,sell,1.184e-05,30.0,0.0003552
CTXC/BTC,1593374607670,2020-06-28T20:03:27.670Z,sell,1.193e-05,12.0,0.0001431599999999
CTXC/BTC,1593374607870,2020-06-28T20:03:27.870Z,sell,1.192e-05,12.0,0.0001430399999999
CTXC/BTC,1593374608033,2020-06-28T20:03:28.033Z,sell,1.192e-05,12.0,0.0001430399999999
CTXC/BTC,1593374608271,2020-06-28T20:03:28.271Z,sell,1.192e-05,12.0,0.0001430399999999
CTXC/BTC,1593374608484,2020-06-28T20:03:28.484Z,sell,1.192e-05,12.0,0.0001430399999999
CTXC/BTC,1593374608663,2020-06-28T20:03:28.663Z,sell,1.192e-05,12.0,0.0001430399999999
CTXC/BTC,1593374608881,2020-06-28T20:03:28.881Z,sell,1.192e-05,12.0,0.0001430399999999
CTXC/BTC,1593374624620,2020-06-28T20:03:44.620Z,buy,1.192e-05,14.0,0.00016688
CTXC/BTC,1593374624626,2020-06-28T20:03:44.626Z,buy,1.192e-05,150.0,0.0017879999999999
CTXC/BTC,1593374624634,2020-06-28T20:03:44.634Z,buy,1.192e-05,61.0,0.0007271199999999
CTXC/BTC,1593374624717,2020-06-28T20:03:44.717Z,buy,1.192e-05,25.0,0.000298
CTXC/BTC,1593374632615,2020-06-28T20:03:52.615Z,sell,1.191e-05,12.0,0.00014292
CTXC/BTC,1593374632615,2020-06-28T20:03:52.615Z,sell,1.19e-05,12.0,0.0001428
CTXC/BTC,1593374632625,2020-06-28T20:03:52.625Z,buy,1.19e-05,38.0,0.0004522
CTXC/BTC,1593374632636,2020-06-28T20:03:52.636Z,buy,1.19e-05,82.0,0.0009758
CTXC/BTC,1593374632644,2020-06-28T20:03:52.644Z,buy,1.19e-05,16.0,0.0001904
CTXC/BTC,1593374637437,2020-06-28T20:03:57.437Z,buy,1.19e-05,92.0,0.0010948
CTXC/BTC,1593374637444,2020-06-28T20:03:57.444Z,buy,1.19e-05,92.0,0.0010948
CTXC/BTC,1593374637615,2020-06-28T20:03:57.615Z,buy,1.19e-05,101.0,0.0012018999999999
CTXC/BTC,1593374637663,2020-06-28T20:03:57.663Z,buy,1.19e-05,228.0,0.0027132
CTXC/BTC,1593374640412,2020-06-28T20:04:00.412Z,buy,1.19e-05,1604.0,0.0190876
CTXC/BTC,1593374640557,2020-06-28T20:04:00.557Z,buy,1.191e-05,2160.0,0.0257255999999999
CTXC/BTC,1593374644969,2020-06-28T20:04:04.969Z,buy,1.19e-05,168.0,0.0019992
CTXC/BTC,1593374645015,2020-06-28T20:04:05.015Z,buy,1.191e-05,184.0,0.00219144
CTXC/BTC,1593374646366,2020-06-28T20:04:06.366Z,buy,1.191e-05,1821.0,0.02168811
CTXC/BTC,1593374681050,2020-06-28T20:04:41.050Z,buy,1.193e-05,10.0,0.0001193
CTXC/BTC,1593374691122,2020-06-28T20:04:51.122Z,buy,1.193e-05,3.0,3.5789999999999994e-05
CTXC/BTC,1593374704283,2020-06-28T20:05:04.283Z,buy,1.193e-05,155.0,0.00184915
CTXC/BTC,1593374704283,2020-06-28T20:05:04.283Z,buy,1.194e-05,50.0,0.000597
CTXC/BTC,1593374704283,2020-06-28T20:05:04.283Z,buy,1.195e-05,12.0,0.0001434
CTXC/BTC,1593374704283,2020-06-28T20:05:04.283Z,buy,1.196e-05,39.0,0.00046644
CTXC/BTC,1593374710732,2020-06-28T20:05:10.732Z,sell,1.193e-05,18.0,0.00021474
CTXC/BTC,1593374742492,2020-06-28T20:05:42.492Z,sell,1.193e-05,3741.0,0.04463013
CTXC/BTC,1593374783951,2020-06-28T20:06:23.951Z,sell,1.192e-05,12.0,0.0001430399999999
CTXC/BTC,1593374784864,2020-06-28T20:06:24.864Z,buy,1.192e-05,3040.0,0.0362368
CTXC/BTC,1593374795443,2020-06-28T20:06:35.443Z,buy,1.192e-05,1052.0,0.01253984
CTXC/BTC,1593374801658,2020-06-28T20:06:41.658Z,buy,1.192e-05,4805.0,0.0572755999999999
CTXC/BTC,1593374865392,2020-06-28T20:07:45.392Z,buy,1.192e-05,3587.0,0.0427570399999999
CTXC/BTC,1593374865392,2020-06-28T20:07:45.392Z,buy,1.193e-05,545.0,0.00650185
CTXC/BTC,1593374872985,2020-06-28T20:07:52.985Z,buy,1.193e-05,3.0,3.5789999999999994e-05
CTXC/BTC,1593374980136,2020-06-28T20:09:40.136Z,buy,1.193e-05,838.0,0.0099973399999999
CTXC/BTC,1593374980188,2020-06-28T20:09:40.188Z,buy,1.193e-05,1842.0,0.0219750599999999
CTXC/BTC,1593374980296,2020-06-28T20:09:40.296Z,buy,1.193e-05,839.0,0.0100092699999999
CTXC/BTC,1593374988967,2020-06-28T20:09:48.967Z,buy,1.193e-05,104.0,0.0012407199999999
CTXC/BTC,1593374989066,2020-06-28T20:09:49.066Z,buy,1.193e-05,316.0,0.0037698799999999
CTXC/BTC,1593375002691,2020-06-28T20:10:02.691Z,sell,1.192e-05,12.0,0.0001430399999999
CTXC/BTC,1593375002691,2020-06-28T20:10:02.691Z,sell,1.191e-05,12.0,0.00014292
CTXC/BTC,1593375004428,2020-06-28T20:10:04.428Z,buy,1.191e-05,41.0,0.0004883099999999
CTXC/BTC,1593375055227,2020-06-28T20:10:55.227Z,buy,1.191e-05,110.0,0.0013101
CTXC/BTC,1593375068461,2020-06-28T20:11:08.461Z,sell,1.191e-05,485.0,0.0057763499999999
CTXC/BTC,1593375069022,2020-06-28T20:11:09.022Z,buy,1.191e-05,9.0,0.00010719
CTXC/BTC,1593375115415,2020-06-28T20:11:55.415Z,sell,1.19e-05,121.0,0.0014399
CTXC/BTC,1593375121780,2020-06-28T20:12:01.780Z,buy,1.191e-05,1059.0,0.01261269
CTXC/BTC,1593375151084,2020-06-28T20:12:31.084Z,buy,1.193e-05,193.0,0.00230249
CTXC/BTC,1593375168118,2020-06-28T20:12:48.118Z,buy,1.193e-05,133.0,0.00158669
CTXC/BTC,1593375382684,2020-06-28T20:16:22.684Z,buy,1.193e-05,4057.0,0.04840001
CTXC/BTC,1593375473345,2020-06-28T20:17:53.345Z,sell,1.191e-05,500.0,0.0059549999999999
CTXC/BTC,1593375473345,2020-06-28T20:17:53.345Z,sell,1.19e-05,1572.0,0.0187068
CTXC/BTC,1593375578351,2020-06-28T20:19:38.351Z,buy,1.193e-05,12.0,0.0001431599999999
CTXC/BTC,1593375597842,2020-06-28T20:19:57.842Z,buy,1.194e-05,12.0,0.00014328
CTXC/BTC,1593375597842,2020-06-28T20:19:57.842Z,buy,1.195e-05,47.0,0.00056165
CTXC/BTC,1593375597842,2020-06-28T20:19:57.842Z,buy,1.196e-05,439.0,0.00525044
CTXC/BTC,1593375597842,2020-06-28T20:19:57.842Z,buy,1.197e-05,472.0,0.00564984
CTXC/BTC,1593375597842,2020-06-28T20:19:57.842Z,buy,1.198e-05,3024.0,0.03622752
CTXC/BTC,1593375597842,2020-06-28T20:19:57.842Z,buy,1.199e-05,1440.0,0.0172656
CTXC/BTC,1593375614352,2020-06-28T20:20:14.352Z,sell,1.195e-05,12.0,0.0001434
CTXC/BTC,1593375693525,2020-06-28T20:21:33.525Z,sell,1.194e-05,12245.0,0.1462052999999999
CTXC/BTC,1593375693525,2020-06-28T20:21:33.525Z,sell,1.193e-05,600.0,0.0071579999999999
CTXC/BTC,1593375758678,2020-06-28T20:22:38.678Z,sell,1.192e-05,4873.0,0.05808616
CTXC/BTC,1593375788910,2020-06-28T20:23:08.910Z,sell,1.192e-05,923.0,0.0110021599999999
CTXC/BTC,1593375789025,2020-06-28T20:23:09.025Z,buy,1.195e-05,3.0,3.5850000000000004e-05
CTXC/BTC,1593375812246,2020-06-28T20:23:32.246Z,buy,1.195e-05,9.0,0.00010755
CTXC/BTC,1593375812931,2020-06-28T20:23:32.931Z,sell,1.195e-05,909.0,0.01086255
CTXC/BTC,1593375820719,2020-06-28T20:23:40.719Z,sell,1.195e-05,1.0,1.195e-05
CTXC/BTC,1593376124437,2020-06-28T20:28:44.437Z,sell,1.195e-05,923.0,0.01102985
CTXC/BTC,1593376248539,2020-06-28T20:30:48.539Z,sell,1.192e-05,28.0,0.00033376
CTXC/BTC,1593376248539,2020-06-28T20:30:48.539Z,sell,1.191e-05,512.0,0.00609792
CTXC/BTC,1593376248539,2020-06-28T20:30:48.539Z,sell,1.19e-05,812.0,0.0096628
CTXC/BTC,1593376364088,2020-06-28T20:32:44.088Z,sell,1.19e-05,918.0,0.0109242
CTXC/BTC,1593376393161,2020-06-28T20:33:13.161Z,sell,1.19e-05,922.0,0.0109718
CTXC/BTC,1593376478817,2020-06-28T20:34:38.817Z,buy,1.193e-05,12.0,0.0001431599999999
CTXC/BTC,1593376509822,2020-06-28T20:35:09.822Z,sell,1.193e-05,12.0,0.0001431599999999
CTXC/BTC,1593376674097,2020-06-28T20:37:54.097Z,buy,1.194e-05,4.0,4.776e-05
CTXC/BTC,1593376742386,2020-06-28T20:39:02.386Z,buy,1.194e-05,158.0,0.0018865199999999
CTXC/BTC,1593376742776,2020-06-28T20:39:02.776Z,buy,1.194e-05,2248.0,0.02684112
CTXC/BTC,1593376762482,2020-06-28T20:39:22.482Z,sell,1.193e-05,72.0,0.00085896
CTXC/BTC,1593376904512,2020-06-28T20:41:44.512Z,sell,1.193e-05,26.0,0.0003101799999999
CTXC/BTC,1593377044580,2020-06-28T20:44:04.580Z,buy,1.195e-05,12.0,0.0001434
CTXC/BTC,1593377044580,2020-06-28T20:44:04.580Z,buy,1.196e-05,12.0,0.00014352
CTXC/BTC,1593377044580,2020-06-28T20:44:04.580Z,buy,1.197e-05,12.0,0.00014364
CTXC/BTC,1593377044580,2020-06-28T20:44:04.580Z,buy,1.198e-05,12.0,0.00014376
CTXC/BTC,1593377044580,2020-06-28T20:44:04.580Z,buy,1.199e-05,148.0,0.00177452
CTXC/BTC,1593377142535,2020-06-28T20:45:42.535Z,buy,1.198e-05,9.0,0.00010782
CTXC/BTC,1593377142535,2020-06-28T20:45:42.535Z,buy,1.199e-05,150.0,0.0017985
CTXC/BTC,1593377204568,2020-06-28T20:46:44.568Z,buy,1.199e-05,261.0,0.00312939
CTXC/BTC,1593377252930,2020-06-28T20:47:32.930Z,sell,1.196e-05,12.0,0.00014352
CTXC/BTC,1593377585640,2020-06-28T20:53:05.640Z,sell,1.196e-05,709.0,0.00847964
CTXC/BTC,1593377629373,2020-06-28T20:53:49.373Z,sell,1.196e-05,462.0,0.00552552
CTXC/BTC,1593377629373,2020-06-28T20:53:49.373Z,sell,1.196e-05,462.0,0.00552552
CTXC/BTC,1593377726745,2020-06-28T20:55:26.745Z,buy,1.199e-05,12.0,0.00014388
CTXC/BTC,1593377726745,2020-06-28T20:55:26.745Z,buy,1.2e-05,253.0,0.003036
CTXC/BTC,1593377726745,2020-06-28T20:55:26.745Z,buy,1.201e-05,648.0,0.00778248
CTXC/BTC,1593377744197,2020-06-28T20:55:44.197Z,buy,1.199e-05,450.0,0.0053955
CTXC/BTC,1593377744197,2020-06-28T20:55:44.197Z,buy,1.2e-05,2111.0,0.025332
CTXC/BTC,1593377763745,2020-06-28T20:56:03.745Z,buy,1.201e-05,4.0,4.804e-05
CTXC/BTC,1593377812720,2020-06-28T20:56:52.720Z,buy,1.201e-05,3.0,3.603e-05
CTXC/BTC,1593377825835,2020-06-28T20:57:05.835Z,buy,1.201e-05,15.0,0.00018015
CTXC/BTC,1593377863133,2020-06-28T20:57:43.133Z,sell,1.2e-05,9.0,0.000108
CTXC/BTC,1593377953911,2020-06-28T20:59:13.911Z,buy,1.201e-05,4.0,4.804e-05
CTXC/BTC,1593377992927,2020-06-28T20:59:52.927Z,buy,1.2e-05,3.0,3.6e-05
CTXC/BTC,1593378089205,2020-06-28T21:01:29.205Z,buy,1.201e-05,11.0,0.00013211
CTXC/BTC,1593378089212,2020-06-28T21:01:29.212Z,sell,1.201e-05,80.0,0.0009608
CTXC/BTC,1593378101403,2020-06-28T21:01:41.403Z,sell,1.201e-05,1546.0,0.01856746
CTXC/BTC,1593378101421,2020-06-28T21:01:41.421Z,sell,1.201e-05,969.0,0.01163769
CTXC/BTC,1593378101427,2020-06-28T21:01:41.427Z,sell,1.201e-05,2054.0,0.02466854
CTXC/BTC,1593378143197,2020-06-28T21:02:23.197Z,buy,1.199e-05,307.0,0.00368093
CTXC/BTC,1593378150126,2020-06-28T21:02:30.126Z,sell,1.199e-05,446.0,0.00534754
CTXC/BTC,1593378151273,2020-06-28T21:02:31.273Z,sell,1.198e-05,12.0,0.00014376
CTXC/BTC,1593378231511,2020-06-28T21:03:51.511Z,sell,1.197e-05,12.0,0.00014364
CTXC/BTC,1593378231511,2020-06-28T21:03:51.511Z,sell,1.196e-05,12.0,0.00014352
CTXC/BTC,1593378231511,2020-06-28T21:03:51.511Z,sell,1.195e-05,12.0,0.0001434
CTXC/BTC,1593378231511,2020-06-28T21:03:51.511Z,sell,1.194e-05,1208.0,0.0144235199999999
CTXC/BTC,1593378231511,2020-06-28T21:03:51.511Z,sell,1.193e-05,2480.0,0.0295864
CTXC/BTC,1593378231511,2020-06-28T21:03:51.511Z,sell,1.192e-05,1079.0,0.0128616799999999
CTXC/BTC,1593378231511,2020-06-28T21:03:51.511Z,sell,1.191e-05,8141.0,0.0969593099999999
CTXC/BTC,1593378231511,2020-06-28T21:03:51.511Z,sell,1.19e-05,17554.0,0.2088925999999999
CTXC/BTC,1593378231511,2020-06-28T21:03:51.511Z,sell,1.19e-05,4569.0,0.0543711
CTXC/BTC,1593378231762,2020-06-28T21:03:51.762Z,sell,1.191e-05,1950.0,0.0232245
CTXC/BTC,1593378249064,2020-06-28T21:04:09.064Z,buy,1.193e-05,9.0,0.00010737
CTXC/BTC,1593378314472,2020-06-28T21:05:14.472Z,buy,1.193e-05,32.0,0.00038176
CTXC/BTC,1593378341314,2020-06-28T21:05:41.314Z,sell,1.193e-05,716.0,0.00854188
CTXC/BTC,1593378347330,2020-06-28T21:05:47.330Z,sell,1.193e-05,441.0,0.0052611299999999
CTXC/BTC,1593378347330,2020-06-28T21:05:47.330Z,sell,1.19e-05,524.0,0.0062356
CTXC/BTC,1593378347330,2020-06-28T21:05:47.330Z,sell,1.189e-05,40.0,0.0004755999999999
CTXC/BTC,1593378347330,2020-06-28T21:05:47.330Z,sell,1.188e-05,662.0,0.00786456
CTXC/BTC,1593378347338,2020-06-28T21:05:47.338Z,buy,1.188e-05,894.0,0.01062072
CTXC/BTC,1593378347361,2020-06-28T21:05:47.361Z,buy,1.194e-05,12.0,0.00014328
CTXC/BTC,1593378347361,2020-06-28T21:05:47.361Z,buy,1.195e-05,12.0,0.0001434
CTXC/BTC,1593378347361,2020-06-28T21:05:47.361Z,buy,1.196e-05,179.0,0.00214084
CTXC/BTC,1593378347361,2020-06-28T21:05:47.361Z,buy,1.197e-05,687.0,0.00822339
CTXC/BTC,1593378347467,2020-06-28T21:05:47.467Z,sell,1.193e-05,241.0,0.0028751299999999
CTXC/BTC,1593378347480,2020-06-28T21:05:47.480Z,buy,1.193e-05,690.0,0.0082317
CTXC/BTC,1593378347482,2020-06-28T21:05:47.482Z,sell,1.192e-05,92.0,0.0010966399999999
CTXC/BTC,1593378349340,2020-06-28T21:05:49.340Z,buy,1.193e-05,12.0,0.0001431599999999
CTXC/BTC,1593378350315,2020-06-28T21:05:50.315Z,buy,1.192e-05,12.0,0.0001430399999999
CTXC/BTC,1593378350414,2020-06-28T21:05:50.414Z,sell,1.191e-05,12.0,0.00014292
CTXC/BTC,1593378351368,2020-06-28T21:05:51.368Z,sell,1.192e-05,12.0,0.0001430399999999
CTXC/BTC,1593378351368,2020-06-28T21:05:51.368Z,sell,1.19e-05,50.0,0.0005949999999999
CTXC/BTC,1593378351368,2020-06-28T21:05:51.368Z,sell,1.189e-05,450.0,0.0053505
CTXC/BTC,1593378357179,2020-06-28T21:05:57.179Z,buy,1.193e-05,80.0,0.0009544
CTXC/BTC,1593378357187,2020-06-28T21:05:57.187Z,sell,1.193e-05,86.0,0.00102598
CTXC/BTC,1593378357208,2020-06-28T21:05:57.208Z,buy,1.194e-05,3.0,3.582e-05
CTXC/BTC,1593378374901,2020-06-28T21:06:14.901Z,buy,1.191e-05,261.0,0.0031085099999999
CTXC/BTC,1593378444435,2020-06-28T21:07:24.435Z,buy,1.194e-05,9.0,0.0001074599999999
CTXC/BTC,1593378444435,2020-06-28T21:07:24.435Z,buy,1.195e-05,12.0,0.0001434
CTXC/BTC,1593378444435,2020-06-28T21:07:24.435Z,buy,1.196e-05,212.0,0.00253552
CTXC/BTC,1593378450198,2020-06-28T21:07:30.198Z,buy,1.196e-05,246.0,0.00294216
CTXC/BTC,1593378488511,2020-06-28T21:08:08.511Z,buy,1.196e-05,262.0,0.00313352
CTXC/BTC,1593378662020,2020-06-28T21:11:02.020Z,sell,1.193e-05,12.0,0.0001431599999999
CTXC/BTC,1593378663981,2020-06-28T21:11:03.981Z,buy,1.193e-05,357.0,0.00425901
CTXC/BTC,1593378667109,2020-06-28T21:11:07.109Z,buy,1.196e-05,3.0,3.588e-05
CTXC/BTC,1593378678458,2020-06-28T21:11:18.458Z,buy,1.196e-05,9.0,0.00010764
CTXC/BTC,1593378678458,2020-06-28T21:11:18.458Z,buy,1.197e-05,968.0,0.01158696
CTXC/BTC,1593378865391,2020-06-28T21:14:25.391Z,sell,1.194e-05,12.0,0.00014328
CTXC/BTC,1593378865391,2020-06-28T21:14:25.391Z,sell,1.193e-05,41.0,0.00048913
CTXC/BTC,1593378865391,2020-06-28T21:14:25.391Z,sell,1.192e-05,61.0,0.0007271199999999
CTXC/BTC,1593378865391,2020-06-28T21:14:25.391Z,sell,1.191e-05,389.0,0.00463299
CTXC/BTC,1593378865391,2020-06-28T21:14:25.391Z,sell,1.19e-05,12.0,0.0001428
CTXC/BTC,1593378869509,2020-06-28T21:14:29.509Z,buy,1.193e-05,3.0,3.5789999999999994e-05
CTXC/BTC,1593378933596,2020-06-28T21:15:33.596Z,sell,1.189e-05,53.0,0.00063017
CTXC/BTC,1593379217306,2020-06-28T21:20:17.306Z,sell,1.189e-05,7.0,8.323e-05
CTXC/BTC,1593379217306,2020-06-28T21:20:17.306Z,sell,1.188e-05,12.0,0.00014256
CTXC/BTC,1593379217306,2020-06-28T21:20:17.306Z,sell,1.187e-05,867.0,0.01029129
CTXC/BTC,1593379217306,2020-06-28T21:20:17.306Z,sell,1.186e-05,7065.0,0.0837909
CTXC/BTC,1593379217306,2020-06-28T21:20:17.306Z,sell,1.185e-05,1067.0,0.01264395
CTXC/BTC,1593379217306,2020-06-28T21:20:17.306Z,sell,1.184e-05,1044.0,0.01236096
CTXC/BTC,1593379217306,2020-06-28T21:20:17.306Z,sell,1.183e-05,500.0,0.005915
CTXC/BTC,1593379217320,2020-06-28T21:20:17.320Z,sell,1.183e-05,4565.0,0.05400395
CTXC/BTC,1593379217325,2020-06-28T21:20:17.325Z,sell,1.183e-05,335.0,0.00396305
CTXC/BTC,1593379217325,2020-06-28T21:20:17.325Z,sell,1.183e-05,280.0,0.0033124
CTXC/BTC,1593379217365,2020-06-28T21:20:17.365Z,sell,1.184e-05,199.0,0.00235616
CTXC/BTC,1593379217375,2020-06-28T21:20:17.375Z,sell,1.184e-05,1192.0,0.01411328
CTXC/BTC,1593379217375,2020-06-28T21:20:17.375Z,sell,1.182e-05,1012.0,0.01196184
CTXC/BTC,1593379217375,2020-06-28T21:20:17.375Z,sell,1.181e-05,1567.0,0.01850627
CTXC/BTC,1593379217375,2020-06-28T21:20:17.375Z,sell,1.18e-05,1473.0,0.0173814
CTXC/BTC,1593379217375,2020-06-28T21:20:17.375Z,sell,1.18e-05,654.0,0.0077172
CTXC/BTC,1593379217375,2020-06-28T21:20:17.375Z,sell,1.179e-05,2006.0,0.02365074
CTXC/BTC,1593379217441,2020-06-28T21:20:17.441Z,buy,1.183e-05,904.0,0.01069432
CTXC/BTC,1593379217481,2020-06-28T21:20:17.481Z,buy,1.183e-05,626.0,0.00740558
CTXC/BTC,1593379217491,2020-06-28T21:20:17.491Z,buy,1.183e-05,1322.0,0.01563926
CTXC/BTC,1593379217493,2020-06-28T21:20:17.493Z,buy,1.183e-05,147.0,0.00173901
CTXC/BTC,1593379217495,2020-06-28T21:20:17.495Z,buy,1.183e-05,147.0,0.00173901
CTXC/BTC,1593379217502,2020-06-28T21:20:17.502Z,buy,1.183e-05,1609.0,0.01903447
CTXC/BTC,1593379217502,2020-06-28T21:20:17.502Z,buy,1.183e-05,95.0,0.00112385
CTXC/BTC,1593379217509,2020-06-28T21:20:17.509Z,buy,1.183e-05,1712.0,0.02025296
CTXC/BTC,1593379217554,2020-06-28T21:20:17.554Z,buy,1.183e-05,280.0,0.0033124
CTXC/BTC,1593379217655,2020-06-28T21:20:17.655Z,buy,1.183e-05,134.0,0.00158522
CTXC/BTC,1593379217994,2020-06-28T21:20:17.994Z,buy,1.186e-05,997.0,0.01182442
CTXC/BTC,1593379218362,2020-06-28T21:20:18.362Z,buy,1.186e-05,148.0,0.00175528
CTXC/BTC,1593379218800,2020-06-28T21:20:18.800Z,buy,1.186e-05,17.0,0.00020162
CTXC/BTC,1593379219633,2020-06-28T21:20:19.633Z,buy,1.186e-05,2223.0,0.02636478
CTXC/BTC,1593379219633,2020-06-28T21:20:19.633Z,buy,1.188e-05,500.0,0.00594
CTXC/BTC,1593379219633,2020-06-28T21:20:19.633Z,buy,1.189e-05,2292.0,0.02725188
CTXC/BTC,1593379219647,2020-06-28T21:20:19.647Z,sell,1.186e-05,69.0,0.00081834
CTXC/BTC,1593379219655,2020-06-28T21:20:19.655Z,sell,1.186e-05,85.0,0.0010081
CTXC/BTC,1593379219664,2020-06-28T21:20:19.664Z,sell,1.186e-05,73.0,0.00086578
CTXC/BTC,1593379219674,2020-06-28T21:20:19.674Z,sell,1.186e-05,62.0,0.00073532
CTXC/BTC,1593379219690,2020-06-28T21:20:19.690Z,sell,1.186e-05,64.0,0.00075904
CTXC/BTC,1593379220219,2020-06-28T21:20:20.219Z,buy,1.188e-05,12.0,0.00014256
CTXC/BTC,1593379220229,2020-06-28T21:20:20.229Z,sell,1.188e-05,80.0,0.0009504
CTXC/BTC,1593379220237,2020-06-28T21:20:20.237Z,sell,1.188e-05,76.0,0.00090288
CTXC/BTC,1593379220466,2020-06-28T21:20:20.466Z,sell,1.188e-05,942.0,0.01119096
CTXC/BTC,1593379220741,2020-06-28T21:20:20.741Z,sell,1.186e-05,12.0,0.00014232
CTXC/BTC,1593379220776,2020-06-28T21:20:20.776Z,sell,1.186e-05,12.0,0.00014232
CTXC/BTC,1593379220945,2020-06-28T21:20:20.945Z,sell,1.186e-05,12.0,0.00014232
CTXC/BTC,1593379221118,2020-06-28T21:20:21.118Z,buy,1.187e-05,12.0,0.00014244
CTXC/BTC,1593379221139,2020-06-28T21:20:21.139Z,sell,1.186e-05,12.0,0.00014232
CTXC/BTC,1593379221853,2020-06-28T21:20:21.853Z,buy,1.184e-05,12.0,0.00014208
CTXC/BTC,1593379226078,2020-06-28T21:20:26.078Z,buy,1.188e-05,154.0,0.00182952
CTXC/BTC,1593379226078,2020-06-28T21:20:26.078Z,buy,1.189e-05,128.0,0.00152192
CTXC/BTC,1593379340683,2020-06-28T21:22:20.683Z,sell,1.186e-05,125.0,0.0014825
CTXC/BTC,1593379373478,2020-06-28T21:22:53.478Z,buy,1.189e-05,9.0,0.00010701
CTXC/BTC,1593379404729,2020-06-28T21:23:24.729Z,sell,1.186e-05,12.0,0.00014232
CTXC/BTC,1593379404730,2020-06-28T21:23:24.730Z,sell,1.186e-05,12.0,0.00014232
CTXC/BTC,1593379404731,2020-06-28T21:23:24.731Z,sell,1.186e-05,337.0,0.00399682
CTXC/BTC,1593379404731,2020-06-28T21:23:24.731Z,sell,1.185e-05,188.0,0.0022278
CTXC/BTC,1593379404731,2020-06-28T21:23:24.731Z,sell,1.184e-05,12.0,0.00014208
CTXC/BTC,1593379404739,2020-06-28T21:23:24.739Z,sell,1.183e-05,12.0,0.00014196
CTXC/BTC,1593379404837,2020-06-28T21:23:24.837Z,buy,1.183e-05,186.0,0.00220038
CTXC/BTC,1593379404837,2020-06-28T21:23:24.837Z,buy,1.185e-05,882.0,0.0104517
CTXC/BTC,1593379405380,2020-06-28T21:23:25.380Z,buy,1.184e-05,176.0,0.00208384
CTXC/BTC,1593379405848,2020-06-28T21:23:25.848Z,buy,1.184e-05,401.0,0.00474784
CTXC/BTC,1593379405848,2020-06-28T21:23:25.848Z,buy,1.185e-05,76.0,0.0009006
CTXC/BTC,1593379407380,2020-06-28T21:23:27.380Z,buy,1.186e-05,103.0,0.0012215799999999
CTXC/BTC,1593379408140,2020-06-28T21:23:28.140Z,buy,1.186e-05,12.0,0.00014232
CTXC/BTC,1593379408140,2020-06-28T21:23:28.140Z,buy,1.187e-05,12.0,0.00014244
CTXC/BTC,1593379408140,2020-06-28T21:23:28.140Z,buy,1.188e-05,12.0,0.00014256
CTXC/BTC,1593379408140,2020-06-28T21:23:28.140Z,buy,1.189e-05,395.0,0.00469655
CTXC/BTC,1593379408243,2020-06-28T21:23:28.243Z,buy,1.189e-05,12.0,0.00014268
CTXC/BTC,1593379408922,2020-06-28T21:23:28.922Z,buy,1.189e-05,1040.0,0.0123656
CTXC/BTC,1593379411483,2020-06-28T21:23:31.483Z,buy,1.187e-05,135.0,0.00160245
CTXC/BTC,1593379414355,2020-06-28T21:23:34.355Z,buy,1.187e-05,232.0,0.00275384
CTXC/BTC,1593379429812,2020-06-28T21:23:49.812Z,sell,1.186e-05,12.0,0.00014232
CTXC/BTC,1593379463507,2020-06-28T21:24:23.507Z,sell,1.185e-05,12.0,0.0001422
CTXC/BTC,1593379463520,2020-06-28T21:24:23.520Z,buy,1.185e-05,85.0,0.00100725
CTXC/BTC,1593379463528,2020-06-28T21:24:23.528Z,buy,1.185e-05,73.0,0.00086505
CTXC/BTC,1593379469193,2020-06-28T21:24:29.193Z,buy,1.185e-05,5.0,5.925e-05
CTXC/BTC,1593379469193,2020-06-28T21:24:29.193Z,buy,1.186e-05,888.0,0.01053168
CTXC/BTC,1593379484513,2020-06-28T21:24:44.513Z,buy,1.186e-05,24.0,0.00028464
CTXC/BTC,1593379484981,2020-06-28T21:24:44.981Z,buy,1.188e-05,12.0,0.00014256
CTXC/BTC,1593379484981,2020-06-28T21:24:44.981Z,buy,1.189e-05,173.0,0.00205697
CTXC/BTC,1593379484981,2020-06-28T21:24:44.981Z,buy,1.19e-05,315.0,0.0037484999999999
CTXC/BTC,1593379486631,2020-06-28T21:24:46.631Z,buy,1.19e-05,500.0,0.0059499999999999
CTXC/BTC,1593379488229,2020-06-28T21:24:48.229Z,buy,1.19e-05,500.0,0.0059499999999999
CTXC/BTC,1593379489472,2020-06-28T21:24:49.472Z,buy,1.19e-05,500.0,0.0059499999999999
CTXC/BTC,1593379490563,2020-06-28T21:24:50.563Z,buy,1.19e-05,500.0,0.0059499999999999
CTXC/BTC,1593379491703,2020-06-28T21:24:51.703Z,buy,1.19e-05,500.0,0.0059499999999999
CTXC/BTC,1593379492396,2020-06-28T21:24:52.396Z,buy,1.19e-05,4.0,4.76e-05
CTXC/BTC,1593379493334,2020-06-28T21:24:53.334Z,buy,1.19e-05,500.0,0.0059499999999999
CTXC/BTC,1593379494598,2020-06-28T21:24:54.598Z,buy,1.19e-05,500.0,0.0059499999999999
CTXC/BTC,1593379502348,2020-06-28T21:25:02.348Z,buy,1.19e-05,243.0,0.0028917
CTXC/BTC,1593379519770,2020-06-28T21:25:19.770Z,buy,1.191e-05,4.0,4.764e-05
CTXC/BTC,1593379545226,2020-06-28T21:25:45.226Z,buy,1.191e-05,214.0,0.00254874
CTXC/BTC,1593379591389,2020-06-28T21:26:31.389Z,buy,1.19e-05,4.0,4.76e-05
CTXC/BTC,1593379664439,2020-06-28T21:27:44.439Z,buy,1.19e-05,31.0,0.0003688999999999
CTXC/BTC,1593379664439,2020-06-28T21:27:44.439Z,buy,1.191e-05,163.0,0.00194133
CTXC/BTC,1593379664439,2020-06-28T21:27:44.439Z,buy,1.192e-05,25.0,0.000298
CTXC/BTC,1593379664439,2020-06-28T21:27:44.439Z,buy,1.193e-05,281.0,0.0033523299999999
CTXC/BTC,1593379951940,2020-06-28T21:32:31.940Z,buy,1.193e-05,215.0,0.00256495
CTXC/BTC,1593379951947,2020-06-28T21:32:31.947Z,sell,1.193e-05,78.0,0.00093054
CTXC/BTC,1593380390261,2020-06-28T21:39:50.261Z,sell,1.191e-05,17.0,0.00020247
CTXC/BTC,1593380431211,2020-06-28T21:40:31.211Z,buy,1.193e-05,27.0,0.0003221099999999
CTXC/BTC,1593380431211,2020-06-28T21:40:31.211Z,buy,1.194e-05,12.0,0.00014328
CTXC/BTC,1593380431211,2020-06-28T21:40:31.211Z,buy,1.195e-05,1961.0,0.02343395
CTXC/BTC,1593380432265,2020-06-28T21:40:32.265Z,buy,1.195e-05,218.0,0.0026051
CTXC/BTC,1593380432265,2020-06-28T21:40:32.265Z,buy,1.196e-05,161.0,0.00192556
CTXC/BTC,1593380434476,2020-06-28T21:40:34.476Z,buy,1.196e-05,27.0,0.00032292
CTXC/BTC,1593380522730,2020-06-28T21:42:02.730Z,sell,1.193e-05,73.0,0.0008708899999999
CTXC/BTC,1593380522922,2020-06-28T21:42:02.922Z,sell,1.193e-05,612.0,0.0073011599999999
CTXC/BTC,1593380523233,2020-06-28T21:42:03.233Z,sell,1.193e-05,27.0,0.0003221099999999
CTXC/BTC,1593380523585,2020-06-28T21:42:03.585Z,sell,1.193e-05,827.0,0.0098661099999999
CTXC/BTC,1593380523799,2020-06-28T21:42:03.799Z,sell,1.193e-05,2837.0,0.03384541
CTXC/BTC,1593380529956,2020-06-28T21:42:09.956Z,sell,1.192e-05,12.0,0.0001430399999999
CTXC/BTC,1593380538220,2020-06-28T21:42:18.220Z,sell,1.191e-05,366.0,0.00435906
CTXC/BTC,1593380570445,2020-06-28T21:42:50.445Z,sell,1.191e-05,10.0,0.0001191
CTXC/BTC,1593380755147,2020-06-28T21:45:55.147Z,sell,1.191e-05,2243.0,0.02671413
CTXC/BTC,1593380770801,2020-06-28T21:46:10.801Z,sell,1.19e-05,446.0,0.0053073999999999
CTXC/BTC,1593380770801,2020-06-28T21:46:10.801Z,sell,1.189e-05,12.0,0.00014268
CTXC/BTC,1593380770801,2020-06-28T21:46:10.801Z,sell,1.188e-05,12.0,0.00014256
CTXC/BTC,1593380770801,2020-06-28T21:46:10.801Z,sell,1.187e-05,512.0,0.00607744
CTXC/BTC,1593380770801,2020-06-28T21:46:10.801Z,sell,1.186e-05,4047.0,0.04799742
CTXC/BTC,1593380783558,2020-06-28T21:46:23.558Z,buy,1.189e-05,12.0,0.00014268
CTXC/BTC,1593380783558,2020-06-28T21:46:23.558Z,buy,1.19e-05,7.0,8.329999999999999e-05
CTXC/BTC,1593380801438,2020-06-28T21:46:41.438Z,buy,1.19e-05,5.0,5.95e-05
CTXC/BTC,1593380801438,2020-06-28T21:46:41.438Z,buy,1.191e-05,12.0,0.00014292
CTXC/BTC,1593380801438,2020-06-28T21:46:41.438Z,buy,1.192e-05,12.0,0.0001430399999999
CTXC/BTC,1593380801438,2020-06-28T21:46:41.438Z,buy,1.193e-05,12.0,0.0001431599999999
CTXC/BTC,1593380801438,2020-06-28T21:46:41.438Z,buy,1.194e-05,4096.0,0.04890624
CTXC/BTC,1593380808230,2020-06-28T21:46:48.230Z,buy,1.192e-05,123.0,0.00146616
CTXC/BTC,1593380808244,2020-06-28T21:46:48.244Z,sell,1.192e-05,965.0,0.0115027999999999
CTXC/BTC,1593380808264,2020-06-28T21:46:48.264Z,sell,1.192e-05,976.0,0.0116339199999999
CTXC/BTC,1593380808276,2020-06-28T21:46:48.276Z,sell,1.192e-05,2305.0,0.0274756
CTXC/BTC,1593380808276,2020-06-28T21:46:48.276Z,sell,1.191e-05,12.0,0.00014292
CTXC/BTC,1593380808276,2020-06-28T21:46:48.276Z,sell,1.19e-05,12.0,0.0001428
CTXC/BTC,1593380808276,2020-06-28T21:46:48.276Z,sell,1.189e-05,12.0,0.00014268
CTXC/BTC,1593380808276,2020-06-28T21:46:48.276Z,sell,1.188e-05,12.0,0.00014256
CTXC/BTC,1593380808276,2020-06-28T21:46:48.276Z,sell,1.187e-05,928.0,0.01101536
CTXC/BTC,1593381058334,2020-06-28T21:50:58.334Z,buy,1.191e-05,4.0,4.764e-05
CTXC/BTC,1593381058382,2020-06-28T21:50:58.382Z,buy,1.191e-05,8.0,9.528e-05
CTXC/BTC,1593381058390,2020-06-28T21:50:58.390Z,sell,1.191e-05,12.0,0.00014292
CTXC/BTC,1593381104327,2020-06-28T21:51:44.327Z,buy,1.191e-05,99.0,0.00117909
CTXC/BTC,1593381221494,2020-06-28T21:53:41.494Z,buy,1.191e-05,197.0,0.0023462699999999
CTXC/BTC,1593381221494,2020-06-28T21:53:41.494Z,buy,1.191e-05,197.0,0.0023462699999999
CTXC/BTC,1593381391076,2020-06-28T21:56:31.076Z,sell,1.188e-05,12.0,0.00014256
CTXC/BTC,1593381391076,2020-06-28T21:56:31.076Z,sell,1.187e-05,1231.0,0.01461197
CTXC/BTC,1593381739357,2020-06-28T22:02:19.357Z,buy,1.19e-05,17.0,0.0002022999999999
CTXC/BTC,1593381774002,2020-06-28T22:02:54.002Z,buy,1.19e-05,2261.0,0.0269059
CTXC/BTC,1593381775955,2020-06-28T22:02:55.955Z,buy,1.19e-05,2061.0,0.0245259
CTXC/BTC,1593381775955,2020-06-28T22:02:55.955Z,buy,1.191e-05,2987.0,0.0355751699999999
CTXC/BTC,1593382006584,2020-06-28T22:06:46.584Z,buy,1.192e-05,12.0,0.0001430399999999
CTXC/BTC,1593382006584,2020-06-28T22:06:46.584Z,buy,1.193e-05,12.0,0.0001431599999999
CTXC/BTC,1593382006584,2020-06-28T22:06:46.584Z,buy,1.194e-05,12.0,0.00014328
CTXC/BTC,1593382006584,2020-06-28T22:06:46.584Z,buy,1.195e-05,561.0,0.00670395
CTXC/BTC,1593382006584,2020-06-28T22:06:46.584Z,buy,1.196e-05,1160.0,0.0138736
CTXC/BTC,1593382283486,2020-06-28T22:11:23.486Z,sell,1.193e-05,95.0,0.00113335
CTXC/BTC,1593382283486,2020-06-28T22:11:23.486Z,sell,1.192e-05,12.0,0.0001430399999999
CTXC/BTC,1593382283486,2020-06-28T22:11:23.486Z,sell,1.191e-05,12.0,0.00014292
CTXC/BTC,1593382283486,2020-06-28T22:11:23.486Z,sell,1.19e-05,512.0,0.0060928
CTXC/BTC,1593382283486,2020-06-28T22:11:23.486Z,sell,1.189e-05,347.0,0.00412583
CTXC/BTC,1593382283486,2020-06-28T22:11:23.486Z,sell,1.188e-05,421.0,0.00500148
CTXC/BTC,1593382283906,2020-06-28T22:11:23.906Z,buy,1.195e-05,66.0,0.0007887
CTXC/BTC,1593382416973,2020-06-28T22:13:36.973Z,buy,1.191e-05,12.0,0.00014292
CTXC/BTC,1593382421403,2020-06-28T22:13:41.403Z,buy,1.192e-05,12.0,0.0001430399999999
CTXC/BTC,1593382601352,2020-06-28T22:16:41.352Z,sell,1.191e-05,279.0,0.00332289
CTXC/BTC,1593382775767,2020-06-28T22:19:35.767Z,buy,1.191e-05,189.0,0.00225099
CTXC/BTC,1593382923978,2020-06-28T22:22:03.978Z,buy,1.191e-05,441.0,0.00525231
CTXC/BTC,1593382925011,2020-06-28T22:22:05.011Z,sell,1.19e-05,66.0,0.0007854
CTXC/BTC,1593382928447,2020-06-28T22:22:08.447Z,sell,1.191e-05,340.0,0.0040494
CTXC/BTC,1593382928447,2020-06-28T22:22:08.447Z,sell,1.19e-05,774.0,0.0092106
CTXC/BTC,1593382928455,2020-06-28T22:22:08.455Z,buy,1.19e-05,78.0,0.0009282
CTXC/BTC,1593382928513,2020-06-28T22:22:08.513Z,buy,1.19e-05,73.0,0.0008686999999999
CTXC/BTC,1593382928525,2020-06-28T22:22:08.525Z,buy,1.19e-05,73.0,0.0008686999999999
CTXC/BTC,1593382928537,2020-06-28T22:22:08.537Z,buy,1.19e-05,62.0,0.0007377999999999
CTXC/BTC,1593382995725,2020-06-28T22:23:15.725Z,sell,1.189e-05,1757.0,0.02089073
CTXC/BTC,1593383099780,2020-06-28T22:24:59.780Z,sell,1.189e-05,78.0,0.00092742
CTXC/BTC,1593383109047,2020-06-28T22:25:09.047Z,buy,1.189e-05,9.0,0.00010701
CTXC/BTC,1593383136042,2020-06-28T22:25:36.042Z,sell,1.188e-05,12.0,0.00014256
CTXC/BTC,1593383136042,2020-06-28T22:25:36.042Z,sell,1.187e-05,1954.0,0.02319398
CTXC/BTC,1593383136052,2020-06-28T22:25:36.052Z,buy,1.187e-05,80.0,0.0009496
CTXC/BTC,1593383136060,2020-06-28T22:25:36.060Z,buy,1.187e-05,76.0,0.00090212
CTXC/BTC,1593383136068,2020-06-28T22:25:36.068Z,buy,1.187e-05,95.0,0.00112765
CTXC/BTC,1593383136084,2020-06-28T22:25:36.084Z,buy,1.187e-05,40.0,0.0004748
CTXC/BTC,1593383136110,2020-06-28T22:25:36.110Z,buy,1.187e-05,4373.0,0.05190751
CTXC/BTC,1593383136212,2020-06-28T22:25:36.212Z,buy,1.187e-05,4498.0,0.0533912599999999
CTXC/BTC,1593383136271,2020-06-28T22:25:36.271Z,buy,1.187e-05,1966.0,0.02333642
CTXC/BTC,1593383136318,2020-06-28T22:25:36.318Z,buy,1.187e-05,4043.0,0.04799041
CTXC/BTC,1593383136418,2020-06-28T22:25:36.418Z,buy,1.187e-05,4454.0,0.0528689799999999
CTXC/BTC,1593383136528,2020-06-28T22:25:36.528Z,buy,1.187e-05,680.0,0.0080716
CTXC/BTC,1593383139618,2020-06-28T22:25:39.618Z,buy,1.187e-05,840.0,0.0099708
CTXC/BTC,1593383142065,2020-06-28T22:25:42.065Z,buy,1.187e-05,840.0,0.0099708
CTXC/BTC,1593383142161,2020-06-28T22:25:42.161Z,buy,1.187e-05,1188.0,0.0141015599999999
CTXC/BTC,1593383144183,2020-06-28T22:25:44.183Z,buy,1.187e-05,840.0,0.0099708
CTXC/BTC,1593383146372,2020-06-28T22:25:46.372Z,buy,1.187e-05,840.0,0.0099708
CTXC/BTC,1593383147319,2020-06-28T22:25:47.319Z,buy,1.187e-05,101.0,0.0011988699999999
CTXC/BTC,1593383148523,2020-06-28T22:25:48.523Z,buy,1.187e-05,840.0,0.0099708
CTXC/BTC,1593383153375,2020-06-28T22:25:53.375Z,sell,1.186e-05,44212.0,0.52435432
CTXC/BTC,1593383153759,2020-06-28T22:25:53.759Z,buy,1.186e-05,1053.0,0.0124885799999999
CTXC/BTC,1593383154963,2020-06-28T22:25:54.963Z,buy,1.186e-05,4304.0,0.05104544
CTXC/BTC,1593383154982,2020-06-28T22:25:54.982Z,buy,1.186e-05,12647.0,0.14999342
CTXC/BTC,1593383155067,2020-06-28T22:25:55.067Z,buy,1.186e-05,1088.0,0.01290368
CTXC/BTC,1593383155077,2020-06-28T22:25:55.077Z,buy,1.186e-05,1493.0,0.01770698
CTXC/BTC,1593383155101,2020-06-28T22:25:55.101Z,buy,1.186e-05,3.0,3.558e-05
CTXC/BTC,1593383155133,2020-06-28T22:25:55.133Z,buy,1.186e-05,5882.0,0.06976052
CTXC/BTC,1593383155453,2020-06-28T22:25:55.453Z,buy,1.186e-05,12215.0,0.1448699
CTXC/BTC,1593383155935,2020-06-28T22:25:55.935Z,buy,1.186e-05,378.0,0.00448308
CTXC/BTC,1593383155935,2020-06-28T22:25:55.935Z,buy,1.189e-05,12.0,0.00014268
CTXC/BTC,1593383155935,2020-06-28T22:25:55.935Z,buy,1.19e-05,12.0,0.0001428
CTXC/BTC,1593383155935,2020-06-28T22:25:55.935Z,buy,1.191e-05,12.0,0.00014292
CTXC/BTC,1593383155935,2020-06-28T22:25:55.935Z,buy,1.192e-05,512.0,0.00610304
CTXC/BTC,1593383155935,2020-06-28T22:25:55.935Z,buy,1.193e-05,179.0,0.00213547
CTXC/BTC,1593383155935,2020-06-28T22:25:55.935Z,buy,1.194e-05,1230.0,0.0146861999999999
CTXC/BTC,1593383155935,2020-06-28T22:25:55.935Z,buy,1.195e-05,12.0,0.0001434
CTXC/BTC,1593383155935,2020-06-28T22:25:55.935Z,buy,1.196e-05,12.0,0.00014352
CTXC/BTC,1593383155935,2020-06-28T22:25:55.935Z,buy,1.197e-05,3523.0,0.04217031
CTXC/BTC,1593383158640,2020-06-28T22:25:58.640Z,sell,1.194e-05,12.0,0.00014328
CTXC/BTC,1593383158640,2020-06-28T22:25:58.640Z,sell,1.193e-05,12.0,0.0001431599999999
CTXC/BTC,1593383159980,2020-06-28T22:25:59.980Z,sell,1.192e-05,12.0,0.0001430399999999
CTXC/BTC,1593383166085,2020-06-28T22:26:06.085Z,sell,1.191e-05,12.0,0.00014292
CTXC/BTC,1593383166085,2020-06-28T22:26:06.085Z,sell,1.19e-05,12.0,0.0001428
CTXC/BTC,1593383166085,2020-06-28T22:26:06.085Z,sell,1.189e-05,12.0,0.00014268
CTXC/BTC,1593383166085,2020-06-28T22:26:06.085Z,sell,1.188e-05,1363.0,0.01619244
CTXC/BTC,1593383199508,2020-06-28T22:26:39.508Z,sell,1.187e-05,682.0,0.00809534
CTXC/BTC,1593383354822,2020-06-28T22:29:14.822Z,sell,1.186e-05,12.0,0.00014232
CTXC/BTC,1593383354822,2020-06-28T22:29:14.822Z,sell,1.185e-05,28459.0,0.33723915
CTXC/BTC,1593383368993,2020-06-28T22:29:28.993Z,buy,1.185e-05,145.0,0.00171825
CTXC/BTC,1593383371260,2020-06-28T22:29:31.260Z,buy,1.186e-05,1518.0,0.01800348
CTXC/BTC,1593383429463,2020-06-28T22:30:29.463Z,buy,1.188e-05,12.0,0.00014256
CTXC/BTC,1593383429463,2020-06-28T22:30:29.463Z,buy,1.189e-05,12.0,0.00014268
CTXC/BTC,1593383429463,2020-06-28T22:30:29.463Z,buy,1.19e-05,12.0,0.0001428
CTXC/BTC,1593383429463,2020-06-28T22:30:29.463Z,buy,1.191e-05,12.0,0.00014292
CTXC/BTC,1593383429463,2020-06-28T22:30:29.463Z,buy,1.192e-05,93.0,0.00110856
CTXC/BTC,1593383437724,2020-06-28T22:30:37.724Z,sell,1.189e-05,12.0,0.00014268
CTXC/BTC,1593383828564,2020-06-28T22:37:08.564Z,buy,1.191e-05,230.0,0.0027393
CTXC/BTC,1593383982527,2020-06-28T22:39:42.527Z,sell,1.188e-05,12.0,0.00014256
CTXC/BTC,1593383982527,2020-06-28T22:39:42.527Z,sell,1.187e-05,12.0,0.00014244
CTXC/BTC,1593383982527,2020-06-28T22:39:42.527Z,sell,1.186e-05,12.0,0.00014232
CTXC/BTC,1593383982527,2020-06-28T22:39:42.527Z,sell,1.185e-05,1011.0,0.01198035
CTXC/BTC,1593383982535,2020-06-28T22:39:42.535Z,buy,1.185e-05,24.0,0.0002844
CTXC/BTC,1593383982539,2020-06-28T22:39:42.539Z,buy,1.185e-05,1760.0,0.020856
CTXC/BTC,1593383984920,2020-06-28T22:39:44.920Z,sell,1.188e-05,12.0,0.00014256
CTXC/BTC,1593383985280,2020-06-28T22:39:45.280Z,buy,1.19e-05,695.0,0.0082705
CTXC/BTC,1593384002697,2020-06-28T22:40:02.697Z,buy,1.189e-05,12.0,0.00014268
CTXC/BTC,1593384004011,2020-06-28T22:40:04.011Z,buy,1.19e-05,12.0,0.0001428
CTXC/BTC,1593384004011,2020-06-28T22:40:04.011Z,buy,1.191e-05,1443.0,0.01718613
CTXC/BTC,1593384043147,2020-06-28T22:40:43.147Z,buy,1.19e-05,430.0,0.005117
CTXC/BTC,1593384043147,2020-06-28T22:40:43.147Z,buy,1.191e-05,1037.0,0.01235067
CTXC/BTC,1593384144398,2020-06-28T22:42:24.398Z,buy,1.191e-05,245.0,0.00291795
CTXC/BTC,1593384388656,2020-06-28T22:46:28.656Z,buy,1.19e-05,32.0,0.0003808
CTXC/BTC,1593384388656,2020-06-28T22:46:28.656Z,buy,1.191e-05,2069.0,0.02464179
CTXC/BTC,1593384388656,2020-06-28T22:46:28.656Z,buy,1.192e-05,1851.0,0.0220639199999999
CTXC/BTC,1593384481942,2020-06-28T22:48:01.942Z,buy,1.192e-05,421.0,0.00501832
CTXC/BTC,1593384607816,2020-06-28T22:50:07.816Z,buy,1.191e-05,204.0,0.00242964
CTXC/BTC,1593384720942,2020-06-28T22:52:00.942Z,sell,1.191e-05,281.0,0.0033467099999999
CTXC/BTC,1593384720942,2020-06-28T22:52:00.942Z,sell,1.191e-05,281.0,0.0033467099999999
CTXC/BTC,1593385001185,2020-06-28T22:56:41.185Z,buy,1.193e-05,12.0,0.0001431599999999
CTXC/BTC,1593385192314,2020-06-28T22:59:52.314Z,buy,1.192e-05,57.0,0.00067944
CTXC/BTC,1593385389444,2020-06-28T23:03:09.444Z,buy,1.193e-05,9.0,0.00010737
CTXC/BTC,1593385405190,2020-06-28T23:03:25.190Z,buy,1.194e-05,12.0,0.00014328
CTXC/BTC,1593385405190,2020-06-28T23:03:25.190Z,buy,1.195e-05,12.0,0.0001434
CTXC/BTC,1593385405190,2020-06-28T23:03:25.190Z,buy,1.196e-05,12.0,0.00014352
CTXC/BTC,1593385405190,2020-06-28T23:03:25.190Z,buy,1.197e-05,42.0,0.00050274
CTXC/BTC,1593385405190,2020-06-28T23:03:25.190Z,buy,1.198e-05,14.0,0.00016772
CTXC/BTC,1593385420381,2020-06-28T23:03:40.381Z,sell,1.195e-05,12.0,0.0001434
CTXC/BTC,1593385420381,2020-06-28T23:03:40.381Z,sell,1.194e-05,12.0,0.00014328
CTXC/BTC,1593385420381,2020-06-28T23:03:40.381Z,sell,1.193e-05,12.0,0.0001431599999999
CTXC/BTC,1593385420381,2020-06-28T23:03:40.381Z,sell,1.192e-05,12.0,0.0001430399999999
CTXC/BTC,1593385420381,2020-06-28T23:03:40.381Z,sell,1.191e-05,43.0,0.00051213
CTXC/BTC,1593385420381,2020-06-28T23:03:40.381Z,sell,1.19e-05,1162.0,0.0138278
CTXC/BTC,1593385420381,2020-06-28T23:03:40.381Z,sell,1.189e-05,584.0,0.00694376
CTXC/BTC,1593385424954,2020-06-28T23:03:44.954Z,buy,1.192e-05,12.0,0.0001430399999999
CTXC/BTC,1593385426149,2020-06-28T23:03:46.149Z,buy,1.193e-05,12.0,0.0001431599999999
CTXC/BTC,1593385426462,2020-06-28T23:03:46.462Z,buy,1.194e-05,2017.0,0.0240829799999999
CTXC/BTC,1593385430838,2020-06-28T23:03:50.838Z,buy,1.193e-05,19.0,0.00022667
CTXC/BTC,1593385489538,2020-06-28T23:04:49.538Z,buy,1.195e-05,12.0,0.0001434
CTXC/BTC,1593385490478,2020-06-28T23:04:50.478Z,buy,1.196e-05,873.0,0.01044108
CTXC/BTC,1593385490812,2020-06-28T23:04:50.812Z,buy,1.196e-05,11681.0,0.13970476
CTXC/BTC,1593385490812,2020-06-28T23:04:50.812Z,buy,1.197e-05,12.0,0.00014364
CTXC/BTC,1593385490812,2020-06-28T23:04:50.812Z,buy,1.198e-05,23.0,0.00027554
CTXC/BTC,1593385490812,2020-06-28T23:04:50.812Z,buy,1.199e-05,484.0,0.00580316
CTXC/BTC,1593385491266,2020-06-28T23:04:51.266Z,buy,1.199e-05,4.0,4.796e-05
CTXC/BTC,1593385657591,2020-06-28T23:07:37.591Z,sell,1.196e-05,12.0,0.00014352
CTXC/BTC,1593385657702,2020-06-28T23:07:37.702Z,buy,1.196e-05,287.0,0.00343252
CTXC/BTC,1593385664220,2020-06-28T23:07:44.220Z,buy,1.197e-05,127.0,0.00152019
CTXC/BTC,1593385665929,2020-06-28T23:07:45.929Z,buy,1.197e-05,128.0,0.00153216
CTXC/BTC,1593385698156,2020-06-28T23:08:18.156Z,buy,1.197e-05,44.0,0.00052668
CTXC/BTC,1593385698156,2020-06-28T23:08:18.156Z,buy,1.198e-05,33.0,0.00039534
CTXC/BTC,1593385698156,2020-06-28T23:08:18.156Z,buy,1.199e-05,49.0,0.00058751
CTXC/BTC,1593385814701,2020-06-28T23:10:14.701Z,buy,1.199e-05,301.0,0.00360899
CTXC/BTC,1593385832958,2020-06-28T23:10:32.958Z,buy,1.199e-05,10.0,0.0001199
CTXC/BTC,1593385833036,2020-06-28T23:10:33.036Z,buy,1.2e-05,524.0,0.006288
CTXC/BTC,1593385865604,2020-06-28T23:11:05.604Z,buy,1.201e-05,256.0,0.00307456
CTXC/BTC,1593385865604,2020-06-28T23:11:05.604Z,buy,1.202e-05,310.0,0.0037262
CTXC/BTC,1593385865604,2020-06-28T23:11:05.604Z,buy,1.203e-05,6120.0,0.0736236
CTXC/BTC,1593385865984,2020-06-28T23:11:05.984Z,buy,1.2e-05,9.0,0.000108
CTXC/BTC,1593385873842,2020-06-28T23:11:13.842Z,buy,1.203e-05,208.0,0.00250224
CTXC/BTC,1593385918324,2020-06-28T23:11:58.324Z,buy,1.204e-05,3191.0,0.03841964
CTXC/BTC,1593385937279,2020-06-28T23:12:17.279Z,buy,1.205e-05,9.0,0.00010845
CTXC/BTC,1593385941133,2020-06-28T23:12:21.133Z,sell,1.203e-05,101.0,0.00121503
CTXC/BTC,1593385941630,2020-06-28T23:12:21.630Z,buy,1.203e-05,644.0,0.00774732
CTXC/BTC,1593385943311,2020-06-28T23:12:23.311Z,buy,1.205e-05,17163.0,0.20681415
CTXC/BTC,1593385943311,2020-06-28T23:12:23.311Z,buy,1.206e-05,2903.0,0.03501018
CTXC/BTC,1593386107314,2020-06-28T23:15:07.314Z,buy,1.205e-05,93.0,0.00112065
CTXC/BTC,1593386107314,2020-06-28T23:15:07.314Z,buy,1.206e-05,3075.0,0.0370845
CTXC/BTC,1593386140007,2020-06-28T23:15:40.007Z,buy,1.206e-05,93.0,0.00112158
CTXC/BTC,1593386140014,2020-06-28T23:15:40.014Z,sell,1.206e-05,943.0,0.01137258
CTXC/BTC,1593386187572,2020-06-28T23:16:27.572Z,buy,1.207e-05,663.0,0.00800241
CTXC/BTC,1593386211551,2020-06-28T23:16:51.551Z,buy,1.207e-05,2651.0,0.0319975699999999
CTXC/BTC,1593386249470,2020-06-28T23:17:29.470Z,buy,1.208e-05,17.0,0.00020536
CTXC/BTC,1593386251572,2020-06-28T23:17:31.572Z,sell,1.207e-05,41.0,0.00049487
CTXC/BTC,1593386461916,2020-06-28T23:21:01.916Z,buy,1.208e-05,1807.0,0.02182856
CTXC/BTC,1593386543332,2020-06-28T23:22:23.332Z,buy,1.208e-05,125.0,0.0015099999999999
CTXC/BTC,1593386891529,2020-06-28T23:28:11.529Z,buy,1.208e-05,417.0,0.0050373599999999
CTXC/BTC,1593386941770,2020-06-28T23:29:01.770Z,buy,1.209e-05,541.0,0.00654069
CTXC/BTC,1593386978619,2020-06-28T23:29:38.619Z,buy,1.21e-05,541.0,0.0065461
CTXC/BTC,1593387139161,2020-06-28T23:32:19.161Z,buy,1.209e-05,200.0,0.002418
CTXC/BTC,1593387313406,2020-06-28T23:35:13.406Z,sell,1.207e-05,12.0,0.00014484
CTXC/BTC,1593387313594,2020-06-28T23:35:13.594Z,buy,1.207e-05,1188.0,0.01433916
CTXC/BTC,1593387981485,2020-06-28T23:46:21.485Z,buy,1.21e-05,3.0,3.63e-05
CTXC/BTC,1593387982101,2020-06-28T23:46:22.101Z,buy,1.21e-05,41.0,0.0004961
CTXC/BTC,1593387982101,2020-06-28T23:46:22.101Z,buy,1.211e-05,728.0,0.0088160799999999
CTXC/BTC,1593387988569,2020-06-28T23:46:28.569Z,buy,1.211e-05,41.0,0.0004965099999999
CTXC/BTC,1593387988569,2020-06-28T23:46:28.569Z,buy,1.212e-05,140.0,0.0016967999999999
CTXC/BTC,1593387990198,2020-06-28T23:46:30.198Z,sell,1.208e-05,12.0,0.00014496
CTXC/BTC,1593388073065,2020-06-28T23:47:53.065Z,buy,1.208e-05,71.0,0.00085768
CTXC/BTC,1593388073065,2020-06-28T23:47:53.065Z,buy,1.211e-05,12.0,0.00014532
CTXC/BTC,1593388073065,2020-06-28T23:47:53.065Z,buy,1.212e-05,562.0,0.0068114399999999
CTXC/BTC,1593388073075,2020-06-28T23:47:53.075Z,sell,1.212e-05,656.0,0.00795072
CTXC/BTC,1593388174553,2020-06-28T23:49:34.553Z,sell,1.209e-05,12.0,0.00014508
CTXC/BTC,1593388192532,2020-06-28T23:49:52.532Z,buy,1.209e-05,2847.0,0.0344202299999999
CTXC/BTC,1593388222241,2020-06-28T23:50:22.241Z,buy,1.209e-05,984.0,0.0118965599999999
CTXC/BTC,1593388222254,2020-06-28T23:50:22.254Z,buy,1.209e-05,105.0,0.0012694499999999
CTXC/BTC,1593388302214,2020-06-28T23:51:42.214Z,buy,1.209e-05,805.0,0.00973245
CTXC/BTC,1593388302215,2020-06-28T23:51:42.215Z,buy,1.209e-05,25.0,0.00030225
CTXC/BTC,1593388302215,2020-06-28T23:51:42.215Z,buy,1.209e-05,25.0,0.00030225
CTXC/BTC,1593388383642,2020-06-28T23:53:03.642Z,buy,1.212e-05,34.0,0.00041208
CTXC/BTC,1593388383642,2020-06-28T23:53:03.642Z,buy,1.213e-05,138.0,0.00167394
CTXC/BTC,1593388383642,2020-06-28T23:53:03.642Z,buy,1.214e-05,8028.0,0.09745992
CTXC/BTC,1593388384222,2020-06-28T23:53:04.222Z,buy,1.214e-05,11.0,0.00013354
CTXC/BTC,1593388384308,2020-06-28T23:53:04.308Z,buy,1.214e-05,9129.0,0.11082606
CTXC/BTC,1593388384308,2020-06-28T23:53:04.308Z,buy,1.215e-05,1983.0,0.02409345
CTXC/BTC,1593388384308,2020-06-28T23:53:04.308Z,buy,1.216e-05,138.0,0.00167808
CTXC/BTC,1593388390589,2020-06-28T23:53:10.589Z,sell,1.213e-05,12.0,0.00014556
CTXC/BTC,1593388390589,2020-06-28T23:53:10.589Z,sell,1.212e-05,12.0,0.00014544
CTXC/BTC,1593388390589,2020-06-28T23:53:10.589Z,sell,1.211e-05,12.0,0.00014532
CTXC/BTC,1593388390589,2020-06-28T23:53:10.589Z,sell,1.21e-05,12.0,0.0001452
CTXC/BTC,1593388390589,2020-06-28T23:53:10.589Z,sell,1.209e-05,341.0,0.00412269
CTXC/BTC,1593388390629,2020-06-28T23:53:10.629Z,sell,1.209e-05,34.0,0.00041106
CTXC/BTC,1593388390663,2020-06-28T23:53:10.663Z,sell,1.209e-05,89.0,0.0010760099999999
CTXC/BTC,1593388390671,2020-06-28T23:53:10.671Z,sell,1.209e-05,27.0,0.00032643
CTXC/BTC,1593388390679,2020-06-28T23:53:10.679Z,sell,1.209e-05,250.0,0.0030225
CTXC/BTC,1593388390698,2020-06-28T23:53:10.698Z,sell,1.209e-05,89.0,0.0010760099999999
CTXC/BTC,1593388390845,2020-06-28T23:53:10.845Z,sell,1.209e-05,184.0,0.00222456
CTXC/BTC,1593388390917,2020-06-28T23:53:10.917Z,sell,1.209e-05,27.0,0.00032643
CTXC/BTC,1593388390938,2020-06-28T23:53:10.938Z,sell,1.209e-05,607.0,0.00733863
CTXC/BTC,1593388391015,2020-06-28T23:53:11.015Z,sell,1.208e-05,9.0,0.00010872
CTXC/BTC,1593388391043,2020-06-28T23:53:11.043Z,sell,1.208e-05,447.0,0.00539976
CTXC/BTC,1593388391052,2020-06-28T23:53:11.052Z,sell,1.208e-05,20.0,0.0002416
CTXC/BTC,1593388391112,2020-06-28T23:53:11.112Z,sell,1.208e-05,29.0,0.00035032
CTXC/BTC,1593388391139,2020-06-28T23:53:11.139Z,sell,1.208e-05,32.0,0.00038656
CTXC/BTC,1593388391301,2020-06-28T23:53:11.301Z,sell,1.208e-05,121.0,0.00146168
CTXC/BTC,1593388391358,2020-06-28T23:53:11.358Z,sell,1.208e-05,85.0,0.0010268
CTXC/BTC,1593388391365,2020-06-28T23:53:11.365Z,sell,1.208e-05,121.0,0.00146168
CTXC/BTC,1593388391415,2020-06-28T23:53:11.415Z,sell,1.208e-05,12.0,0.00014496
CTXC/BTC,1593388391733,2020-06-28T23:53:11.733Z,sell,1.208e-05,36.0,0.00043488
CTXC/BTC,1593388391931,2020-06-28T23:53:11.931Z,sell,1.208e-05,85.0,0.0010268
CTXC/BTC,1593388392032,2020-06-28T23:53:12.032Z,sell,1.208e-05,528.0,0.0063782399999999
CTXC/BTC,1593388392135,2020-06-28T23:53:12.135Z,sell,1.208e-05,21.0,0.00025368
CTXC/BTC,1593388392500,2020-06-28T23:53:12.500Z,sell,1.208e-05,47.0,0.0005677599999999
CTXC/BTC,1593388392953,2020-06-28T23:53:12.953Z,sell,1.208e-05,1669.0,0.02016152
CTXC/BTC,1593388393214,2020-06-28T23:53:13.214Z,sell,1.208e-05,24.0,0.00028992
CTXC/BTC,1593388402731,2020-06-28T23:53:22.731Z,sell,1.208e-05,4137.0,0.04997496
CTXC/BTC,1593388430180,2020-06-28T23:53:50.180Z,buy,1.211e-05,4.0,4.844e-05
CTXC/BTC,1593388436204,2020-06-28T23:53:56.204Z,buy,1.211e-05,4.0,4.844e-05
CTXC/BTC,1593388565482,2020-06-28T23:56:05.482Z,buy,1.211e-05,4.0,4.844e-05
CTXC/BTC,1593388589650,2020-06-28T23:56:29.650Z,buy,1.212e-05,320.0,0.0038783999999999
CTXC/BTC,1593388794892,2020-06-28T23:59:54.892Z,buy,1.213e-05,12.0,0.00014556
CTXC/BTC,1593388809048,2020-06-29T00:00:09.048Z,buy,1.214e-05,12.0,0.00014568
CTXC/BTC,1593388846318,2020-06-29T00:00:46.318Z,buy,1.215e-05,246.0,0.0029889
CTXC/BTC,1593388849897,2020-06-29T00:00:49.897Z,buy,1.215e-05,7.0,8.505000000000001e-05
CTXC/BTC,1593388849897,2020-06-29T00:00:49.897Z,buy,1.216e-05,22.0,0.00026752
CTXC/BTC,1593388849897,2020-06-29T00:00:49.897Z,buy,1.217e-05,570.0,0.0069369
CTXC/BTC,1593388850703,2020-06-29T00:00:50.703Z,buy,1.217e-05,113.0,0.00137521
CTXC/BTC,1593388876627,2020-06-29T00:01:16.627Z,buy,1.217e-05,240.0,0.0029208
CTXC/BTC,1593388888917,2020-06-29T00:01:28.917Z,buy,1.217e-05,4276.0,0.05203892
CTXC/BTC,1593388889442,2020-06-29T00:01:29.442Z,buy,1.217e-05,3861.0,0.04698837
CTXC/BTC,1593388912583,2020-06-29T00:01:52.583Z,buy,1.218e-05,7300.0,0.088914
CTXC/BTC,1593388923386,2020-06-29T00:02:03.386Z,buy,1.218e-05,5091.0,0.06200838
CTXC/BTC,1593388923694,2020-06-29T00:02:03.694Z,sell,1.218e-05,9.0,0.00010962
CTXC/BTC,1593388930860,2020-06-29T00:02:10.860Z,sell,1.218e-05,164.0,0.00199752
CTXC/BTC,1593388996432,2020-06-29T00:03:16.432Z,buy,1.219e-05,25.0,0.00030475
CTXC/BTC,1593388996432,2020-06-29T00:03:16.432Z,buy,1.22e-05,125.0,0.001525
CTXC/BTC,1593389046560,2020-06-29T00:04:06.560Z,buy,1.22e-05,5152.0,0.0628544
CTXC/BTC,1593389057199,2020-06-29T00:04:17.199Z,buy,1.221e-05,24.0,0.00029304
CTXC/BTC,1593389078858,2020-06-29T00:04:38.858Z,buy,1.221e-05,245.0,0.00299145
CTXC/BTC,1593389079620,2020-06-29T00:04:39.620Z,buy,1.221e-05,5.0,6.104999999999999e-05
CTXC/BTC,1593389079620,2020-06-29T00:04:39.620Z,buy,1.222e-05,349.0,0.00426478
CTXC/BTC,1593389079620,2020-06-29T00:04:39.620Z,buy,1.223e-05,24.0,0.00029352
CTXC/BTC,1593389079620,2020-06-29T00:04:39.620Z,buy,1.224e-05,1072.0,0.0131212799999999
CTXC/BTC,1593389144493,2020-06-29T00:05:44.493Z,sell,1.221e-05,115.0,0.00140415
CTXC/BTC,1593389150776,2020-06-29T00:05:50.776Z,sell,1.22e-05,690.0,0.008418
CTXC/BTC,1593389160845,2020-06-29T00:06:00.845Z,sell,1.22e-05,5434.0,0.0662948
CTXC/BTC,1593389189319,2020-06-29T00:06:29.319Z,buy,1.224e-05,41.0,0.00050184
CTXC/BTC,1593389402693,2020-06-29T00:10:02.693Z,buy,1.224e-05,12.0,0.00014688
CTXC/BTC,1593389402693,2020-06-29T00:10:02.693Z,buy,1.225e-05,1094.0,0.0134015
CTXC/BTC,1593389402711,2020-06-29T00:10:02.711Z,sell,1.225e-05,4336.0,0.053116
CTXC/BTC,1593389468380,2020-06-29T00:11:08.380Z,buy,1.226e-05,3.0,3.678e-05
CTXC/BTC,1593389469274,2020-06-29T00:11:09.274Z,sell,1.225e-05,9.0,0.00011025
CTXC/BTC,1593389518742,2020-06-29T00:11:58.742Z,sell,1.225e-05,128.0,0.001568
CTXC/BTC,1593389537263,2020-06-29T00:12:17.263Z,sell,1.225e-05,1942.0,0.0237894999999999
CTXC/BTC,1593389545306,2020-06-29T00:12:25.306Z,sell,1.225e-05,95.0,0.0011637499999999
CTXC/BTC,1593389545315,2020-06-29T00:12:25.315Z,sell,1.225e-05,491.0,0.00601475
CTXC/BTC,1593389552947,2020-06-29T00:12:32.947Z,sell,1.222e-05,12.0,0.00014664
CTXC/BTC,1593389552947,2020-06-29T00:12:32.947Z,sell,1.221e-05,201.0,0.00245421
CTXC/BTC,1593389559308,2020-06-29T00:12:39.308Z,buy,1.225e-05,12.0,0.000147
CTXC/BTC,1593389559317,2020-06-29T00:12:39.317Z,sell,1.225e-05,70.0,0.0008575
CTXC/BTC,1593389559358,2020-06-29T00:12:39.358Z,sell,1.225e-05,9.0,0.00011025
CTXC/BTC,1593389559387,2020-06-29T00:12:39.387Z,sell,1.225e-05,9.0,0.00011025
CTXC/BTC,1593389564742,2020-06-29T00:12:44.742Z,sell,1.225e-05,40.0,0.00049
CTXC/BTC,1593389658020,2020-06-29T00:14:18.020Z,buy,1.226e-05,305.0,0.0037392999999999
CTXC/BTC,1593389658020,2020-06-29T00:14:18.020Z,buy,1.227e-05,2436.0,0.0298897199999999
CTXC/BTC,1593389679850,2020-06-29T00:14:39.850Z,buy,1.226e-05,1000.0,0.01226
CTXC/BTC,1593389679850,2020-06-29T00:14:39.850Z,buy,1.227e-05,44000.0,0.53988
CTXC/BTC,1593389679850,2020-06-29T00:14:39.850Z,buy,1.228e-05,17892.0,0.2197137599999999
CTXC/BTC,1593389679860,2020-06-29T00:14:39.860Z,sell,1.228e-05,62.0,0.00076136
CTXC/BTC,1593389679861,2020-06-29T00:14:39.861Z,sell,1.228e-05,6172.0,0.07579216
CTXC/BTC,1593389714122,2020-06-29T00:15:14.122Z,buy,1.229e-05,3.0,3.687e-05
CTXC/BTC,1593389740071,2020-06-29T00:15:40.071Z,buy,1.229e-05,3.0,3.687e-05
CTXC/BTC,1593389746758,2020-06-29T00:15:46.758Z,buy,1.229e-05,21.0,0.00025809
CTXC/BTC,1593389799375,2020-06-29T00:16:39.375Z,buy,1.229e-05,293.0,0.0036009699999999
CTXC/BTC,1593389852695,2020-06-29T00:17:32.695Z,sell,1.228e-05,20.0,0.0002456
CTXC/BTC,1593389868540,2020-06-29T00:17:48.540Z,buy,1.229e-05,10.0,0.0001229
CTXC/BTC,1593389868540,2020-06-29T00:17:48.540Z,buy,1.23e-05,395.0,0.0048585
CTXC/BTC,1593389868540,2020-06-29T00:17:48.540Z,buy,1.231e-05,1498.0,0.01844038
CTXC/BTC,1593389868540,2020-06-29T00:17:48.540Z,buy,1.232e-05,236.0,0.00290752
CTXC/BTC,1593389868540,2020-06-29T00:17:48.540Z,buy,1.233e-05,9247.0,0.11401551
CTXC/BTC,1593389868548,2020-06-29T00:17:48.548Z,buy,1.233e-05,2212.0,0.02727396
CTXC/BTC,1593389868549,2020-06-29T00:17:48.549Z,buy,1.233e-05,726.0,0.00895158
CTXC/BTC,1593389868552,2020-06-29T00:17:48.552Z,buy,1.234e-05,265.0,0.0032701
CTXC/BTC,1593389868588,2020-06-29T00:17:48.588Z,sell,1.234e-05,39.0,0.00048126
CTXC/BTC,1593389868590,2020-06-29T00:17:48.590Z,sell,1.234e-05,39.0,0.00048126
CTXC/BTC,1593389868591,2020-06-29T00:17:48.591Z,sell,1.234e-05,37.0,0.00045658
CTXC/BTC,1593389868759,2020-06-29T00:17:48.759Z,buy,1.235e-05,4124.0,0.0509314
CTXC/BTC,1593389868865,2020-06-29T00:17:48.865Z,buy,1.235e-05,721.0,0.00890435
CTXC/BTC,1593389869433,2020-06-29T00:17:49.433Z,sell,1.234e-05,116.0,0.00143144
CTXC/BTC,1593389870466,2020-06-29T00:17:50.466Z,buy,1.235e-05,66.0,0.0008151
CTXC/BTC,1593389870789,2020-06-29T00:17:50.789Z,sell,1.234e-05,332.0,0.00409688
CTXC/BTC,1593389870789,2020-06-29T00:17:50.789Z,sell,1.234e-05,116.0,0.00143144
CTXC/BTC,1593389872083,2020-06-29T00:17:52.083Z,sell,1.232e-05,12.0,0.00014784
CTXC/BTC,1593389872083,2020-06-29T00:17:52.083Z,sell,1.231e-05,12.0,0.00014772
CTXC/BTC,1593389872083,2020-06-29T00:17:52.083Z,sell,1.23e-05,12.0,0.0001476
CTXC/BTC,1593389872083,2020-06-29T00:17:52.083Z,sell,1.229e-05,12.0,0.00014748
CTXC/BTC,1593389872083,2020-06-29T00:17:52.083Z,sell,1.228e-05,12.0,0.00014736
CTXC/BTC,1593389872083,2020-06-29T00:17:52.083Z,sell,1.227e-05,4.0,4.908e-05
CTXC/BTC,1593389872156,2020-06-29T00:17:52.156Z,sell,1.227e-05,24.0,0.0002944799999999
CTXC/BTC,1593390005962,2020-06-29T00:20:05.962Z,buy,1.231e-05,12.0,0.00014772
CTXC/BTC,1593390005962,2020-06-29T00:20:05.962Z,buy,1.232e-05,7.0,8.624e-05
CTXC/BTC,1593390094947,2020-06-29T00:21:34.947Z,sell,1.228e-05,12.0,0.00014736
CTXC/BTC,1593390094947,2020-06-29T00:21:34.947Z,sell,1.227e-05,237.0,0.00290799
CTXC/BTC,1593390100687,2020-06-29T00:21:40.687Z,buy,1.23e-05,9.0,0.0001107
CTXC/BTC,1593390100695,2020-06-29T00:21:40.695Z,buy,1.23e-05,3.0,3.69e-05
CTXC/BTC,1593390100717,2020-06-29T00:21:40.717Z,sell,1.23e-05,55.0,0.0006765
CTXC/BTC,1593390100884,2020-06-29T00:21:40.884Z,buy,1.231e-05,12.0,0.00014772
CTXC/BTC,1593390100884,2020-06-29T00:21:40.884Z,buy,1.232e-05,231.0,0.00284592
CTXC/BTC,1593390101212,2020-06-29T00:21:41.212Z,sell,1.23e-05,156.0,0.0019188
CTXC/BTC,1593390101246,2020-06-29T00:21:41.246Z,sell,1.23e-05,2658.0,0.0326934
CTXC/BTC,1593390101406,2020-06-29T00:21:41.406Z,sell,1.23e-05,433.0,0.0053259
CTXC/BTC,1593390101579,2020-06-29T00:21:41.579Z,buy,1.232e-05,17.0,0.00020944
CTXC/BTC,1593390101878,2020-06-29T00:21:41.878Z,sell,1.23e-05,615.0,0.0075645
CTXC/BTC,1593390112607,2020-06-29T00:21:52.607Z,sell,1.23e-05,907.0,0.0111561
CTXC/BTC,1593390112616,2020-06-29T00:21:52.616Z,sell,1.229e-05,12.0,0.00014748
CTXC/BTC,1593390112616,2020-06-29T00:21:52.616Z,sell,1.228e-05,12.0,0.00014736
CTXC/BTC,1593390288420,2020-06-29T00:24:48.420Z,buy,1.231e-05,9.0,0.00011079
CTXC/BTC,1593390467956,2020-06-29T00:27:47.956Z,buy,1.23e-05,1760.0,0.021648
CTXC/BTC,1593390537760,2020-06-29T00:28:57.760Z,sell,1.229e-05,798.0,0.0098074199999999
CTXC/BTC,1593390560362,2020-06-29T00:29:20.362Z,sell,1.229e-05,1573.0,0.01933217
CTXC/BTC,1593390634108,2020-06-29T00:30:34.108Z,sell,1.229e-05,1149.0,0.0141212099999999
CTXC/BTC,1593390634108,2020-06-29T00:30:34.108Z,sell,1.228e-05,92.0,0.0011297599999999
CTXC/BTC,1593390634113,2020-06-29T00:30:34.113Z,sell,1.227e-05,34.0,0.0004171799999999
CTXC/BTC,1593390634113,2020-06-29T00:30:34.113Z,sell,1.226e-05,21.0,0.00025746
CTXC/BTC,1593390642562,2020-06-29T00:30:42.562Z,sell,1.225e-05,1840.0,0.0225399999999999
CTXC/BTC,1593390643977,2020-06-29T00:30:43.977Z,sell,1.225e-05,343.0,0.00420175
CTXC/BTC,1593390643977,2020-06-29T00:30:43.977Z,sell,1.224e-05,36.0,0.00044064
CTXC/BTC,1593390643990,2020-06-29T00:30:43.990Z,buy,1.225e-05,343.0,0.00420175
CTXC/BTC,1593390648697,2020-06-29T00:30:48.697Z,sell,1.224e-05,586.0,0.00717264
CTXC/BTC,1593390657459,2020-06-29T00:30:57.459Z,sell,1.224e-05,49.0,0.00059976
CTXC/BTC,1593390684943,2020-06-29T00:31:24.943Z,sell,1.224e-05,5406.0,0.06616944
CTXC/BTC,1593390816286,2020-06-29T00:33:36.286Z,buy,1.227e-05,12.0,0.0001472399999999
CTXC/BTC,1593390929067,2020-06-29T00:35:29.067Z,sell,1.224e-05,41.0,0.00050184
CTXC/BTC,1593390992944,2020-06-29T00:36:32.944Z,buy,1.228e-05,12.0,0.00014736
CTXC/BTC,1593390992944,2020-06-29T00:36:32.944Z,buy,1.229e-05,12.0,0.00014748
CTXC/BTC,1593391384774,2020-06-29T00:43:04.774Z,sell,1.226e-05,12.0,0.00014712
CTXC/BTC,1593391384774,2020-06-29T00:43:04.774Z,sell,1.225e-05,12.0,0.000147
CTXC/BTC,1593391384774,2020-06-29T00:43:04.774Z,sell,1.224e-05,12.0,0.00014688
CTXC/BTC,1593391384774,2020-06-29T00:43:04.774Z,sell,1.223e-05,55.0,0.00067265
CTXC/BTC,1593391464782,2020-06-29T00:44:24.782Z,sell,1.223e-05,81.0,0.00099063
CTXC/BTC,1593391464789,2020-06-29T00:44:24.789Z,buy,1.223e-05,92.0,0.00112516
CTXC/BTC,1593391464799,2020-06-29T00:44:24.799Z,buy,1.223e-05,1409.0,0.01723207
CTXC/BTC,1593391824143,2020-06-29T00:50:24.143Z,sell,1.223e-05,9.0,0.00011007
CTXC/BTC,1593391824143,2020-06-29T00:50:24.143Z,sell,1.222e-05,1691.0,0.0206640199999999
CTXC/BTC,1593391841888,2020-06-29T00:50:41.888Z,sell,1.222e-05,4208.0,0.05142176
CTXC/BTC,1593391863687,2020-06-29T00:51:03.687Z,sell,1.221e-05,196.0,0.00239316
CTXC/BTC,1593391863687,2020-06-29T00:51:03.687Z,sell,1.221e-05,1011.0,0.01234431
CTXC/BTC,1593391863687,2020-06-29T00:51:03.687Z,sell,1.221e-05,31.0,0.00037851
CTXC/BTC,1593391882562,2020-06-29T00:51:22.562Z,sell,1.221e-05,140.0,0.0017094
CTXC/BTC,1593391892554,2020-06-29T00:51:32.554Z,sell,1.221e-05,64.0,0.00078144
CTXC/BTC,1593391892554,2020-06-29T00:51:32.554Z,sell,1.221e-05,64.0,0.00078144
CTXC/BTC,1593392146901,2020-06-29T00:55:46.901Z,buy,1.222e-05,501.0,0.00612222
CTXC/BTC,1593392165699,2020-06-29T00:56:05.699Z,buy,1.222e-05,501.0,0.00612222
CTXC/BTC,1593392188481,2020-06-29T00:56:28.481Z,buy,1.222e-05,420.0,0.0051324
CTXC/BTC,1593392213806,2020-06-29T00:56:53.806Z,buy,1.222e-05,50.0,0.000611
CTXC/BTC,1593392343226,2020-06-29T00:59:03.226Z,sell,1.222e-05,451.0,0.00551122
CTXC/BTC,1593392343226,2020-06-29T00:59:03.226Z,sell,1.221e-05,6839.0,0.08350419
CTXC/BTC,1593392343228,2020-06-29T00:59:03.228Z,sell,1.22e-05,31.0,0.0003782
CTXC/BTC,1593392343228,2020-06-29T00:59:03.228Z,sell,1.219e-05,12.0,0.00014628
CTXC/BTC,1593392343228,2020-06-29T00:59:03.228Z,sell,1.218e-05,828.0,0.01008504
CTXC/BTC,1593392343270,2020-06-29T00:59:03.270Z,sell,1.218e-05,6533.0,0.07957194
CTXC/BTC,1593392343346,2020-06-29T00:59:03.346Z,sell,1.217e-05,265.0,0.00322505
CTXC/BTC,1593392343346,2020-06-29T00:59:03.346Z,sell,1.216e-05,512.0,0.00622592
CTXC/BTC,1593392343346,2020-06-29T00:59:03.346Z,sell,1.215e-05,271.0,0.00329265
CTXC/BTC,1593392343875,2020-06-29T00:59:03.875Z,sell,1.217e-05,85.0,0.00103445
CTXC/BTC,1593392345246,2020-06-29T00:59:05.246Z,sell,1.217e-05,66.0,0.00080322
CTXC/BTC,1593392346787,2020-06-29T00:59:06.787Z,buy,1.218e-05,12.0,0.00014616
CTXC/BTC,1593392352996,2020-06-29T00:59:12.996Z,buy,1.219e-05,10.0,0.0001219
CTXC/BTC,1593392376653,2020-06-29T00:59:36.653Z,buy,1.219e-05,2.0,2.438e-05
CTXC/BTC,1593392377697,2020-06-29T00:59:37.697Z,sell,1.219e-05,150.0,0.0018285
CTXC/BTC,1593392430952,2020-06-29T01:00:30.952Z,buy,1.22e-05,12.0,0.0001464
CTXC/BTC,1593392430952,2020-06-29T01:00:30.952Z,buy,1.221e-05,12.0,0.00014652
CTXC/BTC,1593392430952,2020-06-29T01:00:30.952Z,buy,1.222e-05,12.0,0.00014664
CTXC/BTC,1593392430952,2020-06-29T01:00:30.952Z,buy,1.223e-05,12.0,0.00014676
CTXC/BTC,1593392430952,2020-06-29T01:00:30.952Z,buy,1.224e-05,282.0,0.00345168
CTXC/BTC,1593392430952,2020-06-29T01:00:30.952Z,buy,1.225e-05,12.0,0.000147
CTXC/BTC,1593392430952,2020-06-29T01:00:30.952Z,buy,1.226e-05,25.0,0.0003064999999999
CTXC/BTC,1593392430952,2020-06-29T01:00:30.952Z,buy,1.227e-05,528.0,0.0064785599999999
CTXC/BTC,1593392430952,2020-06-29T01:00:30.952Z,buy,1.228e-05,512.0,0.00628736
CTXC/BTC,1593392430952,2020-06-29T01:00:30.952Z,buy,1.229e-05,3247.0,0.03990563
CTXC/BTC,1593392430952,2020-06-29T01:00:30.952Z,buy,1.23e-05,1883.0,0.0231609
CTXC/BTC,1593392430952,2020-06-29T01:00:30.952Z,buy,1.231e-05,1872.0,0.02304432
CTXC/BTC,1593392433497,2020-06-29T01:00:33.497Z,sell,1.225e-05,12.0,0.000147
CTXC/BTC,1593392433885,2020-06-29T01:00:33.885Z,sell,1.226e-05,12.0,0.00014712
CTXC/BTC,1593392433885,2020-06-29T01:00:33.885Z,sell,1.224e-05,12.0,0.00014688
CTXC/BTC,1593392434060,2020-06-29T01:00:34.060Z,sell,1.227e-05,12.0,0.0001472399999999
CTXC/BTC,1593392434291,2020-06-29T01:00:34.291Z,sell,1.228e-05,12.0,0.00014736
CTXC/BTC,1593392444807,2020-06-29T01:00:44.807Z,sell,1.223e-05,12.0,0.00014676
CTXC/BTC,1593392444807,2020-06-29T01:00:44.807Z,sell,1.222e-05,40.0,0.0004888
CTXC/BTC,1593392467193,2020-06-29T01:01:07.193Z,sell,1.222e-05,211.0,0.00257842
CTXC/BTC,1593392635807,2020-06-29T01:03:55.807Z,sell,1.221e-05,12.0,0.00014652
CTXC/BTC,1593392635807,2020-06-29T01:03:55.807Z,sell,1.22e-05,12.0,0.0001464
CTXC/BTC,1593392635807,2020-06-29T01:03:55.807Z,sell,1.219e-05,12.0,0.00014628
CTXC/BTC,1593392635807,2020-06-29T01:03:55.807Z,sell,1.218e-05,48.0,0.00058464
CTXC/BTC,1593392698262,2020-06-29T01:04:58.262Z,sell,1.218e-05,588.0,0.00716184
CTXC/BTC,1593392698262,2020-06-29T01:04:58.262Z,sell,1.217e-05,2314.0,0.02816138
CTXC/BTC,1593392846438,2020-06-29T01:07:26.438Z,sell,1.217e-05,4586.0,0.05581162
CTXC/BTC,1593392868217,2020-06-29T01:07:48.217Z,sell,1.217e-05,4146.0,0.05045682
CTXC/BTC,1593392870715,2020-06-29T01:07:50.715Z,sell,1.217e-05,7130.0,0.0867721
CTXC/BTC,1593392878522,2020-06-29T01:07:58.522Z,sell,1.217e-05,571.0,0.00694907
CTXC/BTC,1593392948800,2020-06-29T01:09:08.800Z,sell,1.216e-05,12.0,0.00014592
CTXC/BTC,1593392948800,2020-06-29T01:09:08.800Z,sell,1.215e-05,6410.0,0.0778815
CTXC/BTC,1593392970349,2020-06-29T01:09:30.349Z,sell,1.217e-05,9.0,0.00010953
CTXC/BTC,1593392970349,2020-06-29T01:09:30.349Z,sell,1.215e-05,4134.0,0.0502281
CTXC/BTC,1593392991105,2020-06-29T01:09:51.105Z,sell,1.215e-05,19751.0,0.23997465
CTXC/BTC,1593393012935,2020-06-29T01:10:12.935Z,sell,1.217e-05,5483.0,0.06672811
CTXC/BTC,1593393040186,2020-06-29T01:10:40.186Z,buy,1.218e-05,12.0,0.00014616
CTXC/BTC,1593393045674,2020-06-29T01:10:45.674Z,sell,1.218e-05,331.0,0.00403158
CTXC/BTC,1593393045674,2020-06-29T01:10:45.674Z,sell,1.217e-05,169.0,0.00205673
CTXC/BTC,1593393125486,2020-06-29T01:12:05.486Z,sell,1.218e-05,81.0,0.00098658
CTXC/BTC,1593393393366,2020-06-29T01:16:33.366Z,buy,1.219e-05,3.0,3.657e-05
CTXC/BTC,1593393745068,2020-06-29T01:22:25.068Z,buy,1.219e-05,25.0,0.00030475
CTXC/BTC,1593393745068,2020-06-29T01:22:25.068Z,buy,1.22e-05,12.0,0.0001464
CTXC/BTC,1593393745068,2020-06-29T01:22:25.068Z,buy,1.221e-05,913.0,0.01114773
CTXC/BTC,1593393920847,2020-06-29T01:25:20.847Z,sell,1.218e-05,17.0,0.00020706
CTXC/BTC,1593393920847,2020-06-29T01:25:20.847Z,sell,1.217e-05,12.0,0.00014604
CTXC/BTC,1593393920847,2020-06-29T01:25:20.847Z,sell,1.216e-05,12.0,0.00014592
CTXC/BTC,1593393920847,2020-06-29T01:25:20.847Z,sell,1.215e-05,39.0,0.00047385
CTXC/BTC,1593394112240,2020-06-29T01:28:32.240Z,sell,1.215e-05,60.0,0.000729
CTXC/BTC,1593394123708,2020-06-29T01:28:43.708Z,sell,1.215e-05,45.0,0.00054675
CTXC/BTC,1593394282441,2020-06-29T01:31:22.441Z,buy,1.218e-05,12.0,0.00014616
CTXC/BTC,1593394282441,2020-06-29T01:31:22.441Z,buy,1.219e-05,1.0,1.219e-05
CTXC/BTC,1593394301187,2020-06-29T01:31:41.187Z,buy,1.219e-05,11.0,0.00013409
CTXC/BTC,1593394301199,2020-06-29T01:31:41.199Z,sell,1.219e-05,92.0,0.00112148
CTXC/BTC,1593394301200,2020-06-29T01:31:41.200Z,sell,1.219e-05,99.0,0.00120681
CTXC/BTC,1593394301203,2020-06-29T01:31:41.203Z,sell,1.219e-05,5132.0,0.06255908
CTXC/BTC,1593394301211,2020-06-29T01:31:41.211Z,sell,1.219e-05,80.0,0.0009752
CTXC/BTC,1593394303605,2020-06-29T01:31:43.605Z,sell,1.219e-05,500.0,0.006095
CTXC/BTC,1593394304726,2020-06-29T01:31:44.726Z,sell,1.219e-05,150.0,0.0018285
CTXC/BTC,1593394305542,2020-06-29T01:31:45.542Z,sell,1.219e-05,500.0,0.006095
CTXC/BTC,1593394343713,2020-06-29T01:32:23.713Z,sell,1.219e-05,269.0,0.00327911
CTXC/BTC,1593394363531,2020-06-29T01:32:43.531Z,sell,1.219e-05,6393.0,0.07793067
CTXC/BTC,1593394445970,2020-06-29T01:34:05.970Z,sell,1.219e-05,149.0,0.00181631
CTXC/BTC,1593394495167,2020-06-29T01:34:55.167Z,sell,1.219e-05,1853.0,0.02258807
CTXC/BTC,1593394495167,2020-06-29T01:34:55.167Z,sell,1.216e-05,683.0,0.00830528
CTXC/BTC,1593394495167,2020-06-29T01:34:55.167Z,sell,1.215e-05,10083.0,0.12250845
CTXC/BTC,1593394495174,2020-06-29T01:34:55.174Z,buy,1.215e-05,355.0,0.00431325
CTXC/BTC,1593394558327,2020-06-29T01:35:58.327Z,buy,1.218e-05,12.0,0.00014616
CTXC/BTC,1593394558327,2020-06-29T01:35:58.327Z,buy,1.219e-05,722.0,0.00880118
CTXC/BTC,1593394558327,2020-06-29T01:35:58.327Z,buy,1.22e-05,12.0,0.0001464
CTXC/BTC,1593394558327,2020-06-29T01:35:58.327Z,buy,1.221e-05,29.0,0.00035409
CTXC/BTC,1593394558327,2020-06-29T01:35:58.327Z,buy,1.222e-05,12.0,0.00014664
CTXC/BTC,1593394558332,2020-06-29T01:35:58.332Z,sell,1.222e-05,1777.0,0.02171494
CTXC/BTC,1593394560649,2020-06-29T01:36:00.649Z,buy,1.218e-05,12.0,0.00014616
CTXC/BTC,1593394560872,2020-06-29T01:36:00.872Z,buy,1.218e-05,12.0,0.00014616
CTXC/BTC,1593394579380,2020-06-29T01:36:19.380Z,sell,1.217e-05,12.0,0.00014604
CTXC/BTC,1593394579380,2020-06-29T01:36:19.380Z,sell,1.216e-05,12.0,0.00014592
CTXC/BTC,1593394579397,2020-06-29T01:36:19.397Z,buy,1.216e-05,150.0,0.001824
CTXC/BTC,1593394689781,2020-06-29T01:38:09.781Z,sell,1.215e-05,12.0,0.0001458
CTXC/BTC,1593394689781,2020-06-29T01:38:09.781Z,sell,1.214e-05,739.0,0.00897146
CTXC/BTC,1593394778909,2020-06-29T01:39:38.909Z,sell,1.214e-05,157.0,0.00190598
CTXC/BTC,1593394848014,2020-06-29T01:40:48.014Z,sell,1.214e-05,239.0,0.00290146
CTXC/BTC,1593394848026,2020-06-29T01:40:48.026Z,buy,1.214e-05,860.0,0.0104404
CTXC/BTC,1593395079045,2020-06-29T01:44:39.045Z,sell,1.214e-05,41.0,0.00049774
CTXC/BTC,1593395119196,2020-06-29T01:45:19.196Z,sell,1.216e-05,37.0,0.00044992
CTXC/BTC,1593395139841,2020-06-29T01:45:39.841Z,buy,1.217e-05,12.0,0.00014604
CTXC/BTC,1593395139851,2020-06-29T01:45:39.851Z,sell,1.217e-05,1010.0,0.0122917
CTXC/BTC,1593395139856,2020-06-29T01:45:39.856Z,sell,1.217e-05,861.0,0.01047837
CTXC/BTC,1593395139856,2020-06-29T01:45:39.856Z,sell,1.217e-05,861.0,0.01047837
CTXC/BTC,1593395652422,2020-06-29T01:54:12.422Z,sell,1.217e-05,898.0,0.01092866
CTXC/BTC,1593395653821,2020-06-29T01:54:13.821Z,sell,1.217e-05,245.0,0.00298165
CTXC/BTC,1593395653849,2020-06-29T01:54:13.849Z,sell,1.217e-05,194.0,0.00236098
CTXC/BTC,1593395655303,2020-06-29T01:54:15.303Z,sell,1.217e-05,500.0,0.006085
