symbol,timestamp,datetime,side,price,amount,btc_volume
CVC/BTC,1587657605001,2020-04-23T16:00:05.001Z,sell,2.61e-06,2671.0,0.00697131
CVC/BTC,1587657610445,2020-04-23T16:00:10.445Z,buy,2.62e-06,1066.0,0.00279292
CVC/BTC,1587657625011,2020-04-23T16:00:25.011Z,sell,2.61e-06,271.0,0.00070731
CVC/BTC,1587657668714,2020-04-23T16:01:08.714Z,sell,2.61e-06,39.0,0.00010179
CVC/BTC,1587657738107,2020-04-23T16:02:18.107Z,buy,2.62e-06,14.0,3.668e-05
CVC/BTC,1587657740983,2020-04-23T16:02:20.983Z,buy,2.62e-06,13.0,3.406e-05
CVC/BTC,1587657816994,2020-04-23T16:03:36.994Z,sell,2.6e-06,381.0,0.0009906
CVC/BTC,1587657911454,2020-04-23T16:05:11.454Z,sell,2.61e-06,77.0,0.00020097
CVC/BTC,1587657919152,2020-04-23T16:05:19.152Z,sell,2.61e-06,77.0,0.00020097
CVC/BTC,1587657940958,2020-04-23T16:05:40.958Z,buy,2.61e-06,77.0,0.00020097
CVC/BTC,1587657993814,2020-04-23T16:06:33.814Z,buy,2.62e-06,13.0,3.406e-05
CVC/BTC,1587658575570,2020-04-23T16:16:15.570Z,buy,2.62e-06,112.0,0.00029344
CVC/BTC,1587658576801,2020-04-23T16:16:16.801Z,sell,2.61e-06,111.0,0.00028971
CVC/BTC,1587658714160,2020-04-23T16:18:34.160Z,buy,2.62e-06,194.0,0.00050828
CVC/BTC,1587658857642,2020-04-23T16:20:57.642Z,buy,2.62e-06,3114.0,0.00815868
CVC/BTC,1587658927272,2020-04-23T16:22:07.272Z,sell,2.62e-06,2126.0,0.00557012
CVC/BTC,1587659034663,2020-04-23T16:23:54.663Z,sell,2.61e-06,57.0,0.00014877
CVC/BTC,1587659407110,2020-04-23T16:30:07.110Z,sell,2.61e-06,3500.0,0.009135
CVC/BTC,1587659409288,2020-04-23T16:30:09.288Z,sell,2.61e-06,5032.0,0.01313352
CVC/BTC,1587659451991,2020-04-23T16:30:51.991Z,sell,2.61e-06,3000.0,0.00783
CVC/BTC,1587659839032,2020-04-23T16:37:19.032Z,sell,2.61e-06,77.0,0.00020097
CVC/BTC,1587659839032,2020-04-23T16:37:19.032Z,sell,2.6e-06,65.0,0.000169
CVC/BTC,1587660013343,2020-04-23T16:40:13.343Z,sell,2.6e-06,324.0,0.0008424
CVC/BTC,1587660044411,2020-04-23T16:40:44.411Z,buy,2.62e-06,348.0,0.00091176
CVC/BTC,1587660044411,2020-04-23T16:40:44.411Z,buy,2.63e-06,12052.0,0.03169676
CVC/BTC,1587660116792,2020-04-23T16:41:56.792Z,sell,2.61e-06,7205.0,0.01880505
CVC/BTC,1587660116792,2020-04-23T16:41:56.792Z,sell,2.6e-06,6869.0,0.0178594
CVC/BTC,1587660120602,2020-04-23T16:42:00.602Z,buy,2.62e-06,193.0,0.00050566
CVC/BTC,1587660146642,2020-04-23T16:42:26.642Z,buy,2.62e-06,279.0,0.00073098
CVC/BTC,1587660315087,2020-04-23T16:45:15.087Z,buy,2.62e-06,567.0,0.00148554
CVC/BTC,1587660377257,2020-04-23T16:46:17.257Z,buy,2.62e-06,54423.0,0.14258826
CVC/BTC,1587660377257,2020-04-23T16:46:17.257Z,buy,2.63e-06,44672.0,0.1174873599999999
CVC/BTC,1587660377257,2020-04-23T16:46:17.257Z,buy,2.64e-06,86729.0,0.22896456
CVC/BTC,1587660377269,2020-04-23T16:46:17.269Z,sell,2.64e-06,63788.0,0.16840032
CVC/BTC,1587660377626,2020-04-23T16:46:17.626Z,buy,2.64e-06,6200.0,0.016368
CVC/BTC,1587660378396,2020-04-23T16:46:18.396Z,buy,2.64e-06,19000.0,0.05016
CVC/BTC,1587660378463,2020-04-23T16:46:18.463Z,buy,2.64e-06,746.0,0.00196944
CVC/BTC,1587660379611,2020-04-23T16:46:19.611Z,buy,2.64e-06,1014.0,0.00267696
CVC/BTC,1587660547088,2020-04-23T16:49:07.088Z,sell,2.63e-06,572.0,0.00150436
CVC/BTC,1587660547902,2020-04-23T16:49:07.902Z,sell,2.63e-06,174.0,0.0004576199999999
CVC/BTC,1587660911827,2020-04-23T16:55:11.827Z,buy,2.64e-06,689.0,0.00181896
CVC/BTC,1587660911827,2020-04-23T16:55:11.827Z,buy,2.65e-06,848.0,0.0022472
CVC/BTC,1587661132893,2020-04-23T16:58:52.893Z,buy,2.64e-06,152.0,0.00040128
CVC/BTC,1587661132893,2020-04-23T16:58:52.893Z,buy,2.64e-06,152.0,0.00040128
CVC/BTC,1587661403159,2020-04-23T17:03:23.159Z,sell,2.63e-06,77.0,0.0002025099999999
CVC/BTC,1587661406154,2020-04-23T17:03:26.154Z,buy,2.63e-06,664.0,0.0017463199999999
CVC/BTC,1587661423413,2020-04-23T17:03:43.413Z,sell,2.63e-06,77.0,0.0002025099999999
CVC/BTC,1587661449670,2020-04-23T17:04:09.670Z,sell,2.63e-06,39.0,0.0001025699999999
CVC/BTC,1587661750781,2020-04-23T17:09:10.781Z,sell,2.63e-06,379.0,0.00099677
CVC/BTC,1587661766710,2020-04-23T17:09:26.710Z,buy,2.64e-06,3581.0,0.00945384
CVC/BTC,1587661766740,2020-04-23T17:09:26.740Z,buy,2.64e-06,42363.0,0.11183832
CVC/BTC,1587661766900,2020-04-23T17:09:26.900Z,buy,2.65e-06,22680.0,0.060102
CVC/BTC,1587661767561,2020-04-23T17:09:27.561Z,buy,2.65e-06,8200.0,0.02173
CVC/BTC,1587661926838,2020-04-23T17:12:06.838Z,sell,2.64e-06,351.0,0.00092664
CVC/BTC,1587661940617,2020-04-23T17:12:20.617Z,sell,2.64e-06,624.0,0.00164736
CVC/BTC,1587662168373,2020-04-23T17:16:08.373Z,buy,2.65e-06,23418.0,0.0620577
CVC/BTC,1587662252385,2020-04-23T17:17:32.385Z,sell,2.64e-06,762.0,0.00201168
CVC/BTC,1587662464089,2020-04-23T17:21:04.089Z,buy,2.65e-06,2100.0,0.005565
CVC/BTC,1587662525908,2020-04-23T17:22:05.908Z,buy,2.65e-06,3683.0,0.00975995
CVC/BTC,1587662525908,2020-04-23T17:22:05.908Z,buy,2.66e-06,52398.0,0.13937868
CVC/BTC,1587662526050,2020-04-23T17:22:06.050Z,buy,2.66e-06,225.0,0.0005985
CVC/BTC,1587662526063,2020-04-23T17:22:06.063Z,buy,2.66e-06,3414.0,0.0090812399999999
CVC/BTC,1587662526063,2020-04-23T17:22:06.063Z,buy,2.67e-06,7802.0,0.02083134
CVC/BTC,1587662526296,2020-04-23T17:22:06.296Z,sell,2.66e-06,1648.0,0.00438368
CVC/BTC,1587662526854,2020-04-23T17:22:06.854Z,buy,2.67e-06,6818.0,0.0182040599999999
CVC/BTC,1587662528345,2020-04-23T17:22:08.345Z,sell,2.66e-06,10603.0,0.02820398
CVC/BTC,1587662529550,2020-04-23T17:22:09.550Z,sell,2.66e-06,5249.0,0.01396234
CVC/BTC,1587662531439,2020-04-23T17:22:11.439Z,sell,2.66e-06,1939.0,0.00515774
CVC/BTC,1587662531448,2020-04-23T17:22:11.448Z,sell,2.66e-06,644.0,0.0017130399999999
CVC/BTC,1587662532002,2020-04-23T17:22:12.002Z,sell,2.66e-06,1108.0,0.00294728
CVC/BTC,1587662532004,2020-04-23T17:22:12.004Z,sell,2.66e-06,853.0,0.00226898
CVC/BTC,1587662532531,2020-04-23T17:22:12.531Z,sell,2.66e-06,1280.0,0.0034048
CVC/BTC,1587662533543,2020-04-23T17:22:13.543Z,sell,2.66e-06,634.0,0.00168644
CVC/BTC,1587662536185,2020-04-23T17:22:16.185Z,sell,2.66e-06,1903.0,0.00506198
CVC/BTC,1587662538957,2020-04-23T17:22:18.957Z,sell,2.66e-06,76.0,0.00020216
CVC/BTC,1587662553634,2020-04-23T17:22:33.634Z,buy,2.67e-06,76169.0,0.20337123
CVC/BTC,1587662553646,2020-04-23T17:22:33.646Z,buy,2.67e-06,2366.0,0.0063172199999999
CVC/BTC,1587662553676,2020-04-23T17:22:33.676Z,sell,2.66e-06,522.0,0.00138852
CVC/BTC,1587662613251,2020-04-23T17:23:33.251Z,sell,2.66e-06,1248.0,0.0033196799999999
CVC/BTC,1587662646095,2020-04-23T17:24:06.095Z,buy,2.67e-06,52.0,0.00013884
CVC/BTC,1587662657422,2020-04-23T17:24:17.422Z,buy,2.67e-06,24.0,6.408e-05
CVC/BTC,1587662657422,2020-04-23T17:24:17.422Z,buy,2.68e-06,2536.0,0.00679648
CVC/BTC,1587662659459,2020-04-23T17:24:19.459Z,sell,2.67e-06,111.0,0.00029637
CVC/BTC,1587662675533,2020-04-23T17:24:35.533Z,sell,2.67e-06,155.0,0.00041385
CVC/BTC,1587662758078,2020-04-23T17:25:58.078Z,buy,2.67e-06,1913.0,0.00510771
CVC/BTC,1587662758093,2020-04-23T17:25:58.093Z,sell,2.67e-06,846.0,0.00225882
CVC/BTC,1587662758506,2020-04-23T17:25:58.506Z,buy,2.68e-06,2679.0,0.00717972
CVC/BTC,1587662917786,2020-04-23T17:28:37.786Z,buy,2.68e-06,1712.0,0.00458816
CVC/BTC,1587662986452,2020-04-23T17:29:46.452Z,sell,2.66e-06,1416.0,0.00376656
CVC/BTC,1587662986452,2020-04-23T17:29:46.452Z,sell,2.66e-06,97.0,0.0002580199999999
CVC/BTC,1587662986452,2020-04-23T17:29:46.452Z,sell,2.66e-06,158.0,0.00042028
CVC/BTC,1587663169139,2020-04-23T17:32:49.139Z,buy,2.67e-06,575.0,0.00153525
CVC/BTC,1587663175832,2020-04-23T17:32:55.832Z,sell,2.66e-06,1710.0,0.0045486
CVC/BTC,1587663249309,2020-04-23T17:34:09.309Z,buy,2.67e-06,4533.0,0.0121031099999999
CVC/BTC,1587663249311,2020-04-23T17:34:09.311Z,buy,2.67e-06,5081.0,0.01356627
CVC/BTC,1587663291499,2020-04-23T17:34:51.499Z,buy,2.67e-06,7500.0,0.0200249999999999
CVC/BTC,1587663305362,2020-04-23T17:35:05.362Z,buy,2.67e-06,20046.0,0.05352282
CVC/BTC,1587664051715,2020-04-23T17:47:31.715Z,buy,2.68e-06,7000.0,0.01876
CVC/BTC,1587664060173,2020-04-23T17:47:40.173Z,sell,2.67e-06,75.0,0.00020025
CVC/BTC,1587664116735,2020-04-23T17:48:36.735Z,buy,2.67e-06,75.0,0.00020025
CVC/BTC,1587664116799,2020-04-23T17:48:36.799Z,sell,2.67e-06,6425.0,0.01715475
CVC/BTC,1587664565491,2020-04-23T17:56:05.491Z,buy,2.68e-06,47.0,0.00012596
CVC/BTC,1587664565491,2020-04-23T17:56:05.491Z,buy,2.68e-06,47.0,0.00012596
CVC/BTC,1587665100596,2020-04-23T18:05:00.596Z,sell,2.67e-06,38.0,0.00010146
CVC/BTC,1587665135909,2020-04-23T18:05:35.909Z,sell,2.66e-06,2810.0,0.0074746
CVC/BTC,1587665135909,2020-04-23T18:05:35.909Z,sell,2.65e-06,20584.0,0.0545476
CVC/BTC,1587665168803,2020-04-23T18:06:08.803Z,buy,2.66e-06,38.0,0.00010108
CVC/BTC,1587665407197,2020-04-23T18:10:07.197Z,buy,2.66e-06,2739.0,0.00728574
CVC/BTC,1587665605350,2020-04-23T18:13:25.350Z,sell,2.65e-06,339.0,0.00089835
CVC/BTC,1587665756059,2020-04-23T18:15:56.059Z,buy,2.66e-06,76.0,0.00020216
CVC/BTC,1587665756059,2020-04-23T18:15:56.059Z,buy,2.67e-06,14501.0,0.0387176699999999
CVC/BTC,1587665756059,2020-04-23T18:15:56.059Z,buy,2.68e-06,50423.0,0.13513364
CVC/BTC,1587665771489,2020-04-23T18:16:11.489Z,sell,2.67e-06,265.0,0.0007075499999999
CVC/BTC,1587666608464,2020-04-23T18:30:08.464Z,buy,2.67e-06,9296.0,0.02482032
CVC/BTC,1587667126003,2020-04-23T18:38:46.003Z,sell,2.66e-06,76.0,0.00020216
CVC/BTC,1587667273012,2020-04-23T18:41:13.012Z,buy,2.67e-06,1470.0,0.0039248999999999
CVC/BTC,1587667273012,2020-04-23T18:41:13.012Z,buy,2.67e-06,1470.0,0.0039248999999999
CVC/BTC,1587667273012,2020-04-23T18:41:13.012Z,buy,2.67e-06,1470.0,0.0039248999999999
CVC/BTC,1587667273013,2020-04-23T18:41:13.013Z,buy,2.67e-06,1470.0,0.0039248999999999
CVC/BTC,1587667273013,2020-04-23T18:41:13.013Z,buy,2.67e-06,1470.0,0.0039248999999999
CVC/BTC,1587667273013,2020-04-23T18:41:13.013Z,buy,2.67e-06,1470.0,0.0039248999999999
CVC/BTC,1587667273013,2020-04-23T18:41:13.013Z,buy,2.67e-06,1470.0,0.0039248999999999
CVC/BTC,1587667273014,2020-04-23T18:41:13.014Z,buy,2.67e-06,1470.0,0.0039248999999999
CVC/BTC,1587667273014,2020-04-23T18:41:13.014Z,buy,2.67e-06,1470.0,0.0039248999999999
CVC/BTC,1587667273015,2020-04-23T18:41:13.015Z,buy,2.67e-06,1470.0,0.0039248999999999
CVC/BTC,1587667273015,2020-04-23T18:41:13.015Z,buy,2.67e-06,1470.0,0.0039248999999999
CVC/BTC,1587667273015,2020-04-23T18:41:13.015Z,buy,2.67e-06,1470.0,0.0039248999999999
CVC/BTC,1587667273015,2020-04-23T18:41:13.015Z,buy,2.67e-06,1470.0,0.0039248999999999
CVC/BTC,1587667273015,2020-04-23T18:41:13.015Z,buy,2.67e-06,1470.0,0.0039248999999999
CVC/BTC,1587667273015,2020-04-23T18:41:13.015Z,buy,2.67e-06,1470.0,0.0039248999999999
CVC/BTC,1587667273017,2020-04-23T18:41:13.017Z,buy,2.67e-06,1470.0,0.0039248999999999
CVC/BTC,1587667273017,2020-04-23T18:41:13.017Z,buy,2.67e-06,1470.0,0.0039248999999999
CVC/BTC,1587667273017,2020-04-23T18:41:13.017Z,buy,2.67e-06,1470.0,0.0039248999999999
CVC/BTC,1587667273017,2020-04-23T18:41:13.017Z,buy,2.67e-06,1470.0,0.0039248999999999
CVC/BTC,1587667273017,2020-04-23T18:41:13.017Z,buy,2.67e-06,1470.0,0.0039248999999999
CVC/BTC,1587667273017,2020-04-23T18:41:13.017Z,buy,2.67e-06,1470.0,0.0039248999999999
CVC/BTC,1587667273018,2020-04-23T18:41:13.018Z,buy,2.67e-06,1470.0,0.0039248999999999
CVC/BTC,1587667273018,2020-04-23T18:41:13.018Z,buy,2.67e-06,1470.0,0.0039248999999999
CVC/BTC,1587667273018,2020-04-23T18:41:13.018Z,buy,2.67e-06,1470.0,0.0039248999999999
CVC/BTC,1587667273018,2020-04-23T18:41:13.018Z,buy,2.67e-06,1470.0,0.0039248999999999
CVC/BTC,1587667273019,2020-04-23T18:41:13.019Z,buy,2.67e-06,1470.0,0.0039248999999999
CVC/BTC,1587667273019,2020-04-23T18:41:13.019Z,buy,2.67e-06,1470.0,0.0039248999999999
CVC/BTC,1587667273019,2020-04-23T18:41:13.019Z,buy,2.67e-06,1470.0,0.0039248999999999
CVC/BTC,1587667273019,2020-04-23T18:41:13.019Z,buy,2.67e-06,1470.0,0.0039248999999999
CVC/BTC,1587667273019,2020-04-23T18:41:13.019Z,buy,2.67e-06,1470.0,0.0039248999999999
CVC/BTC,1587667273019,2020-04-23T18:41:13.019Z,buy,2.67e-06,1470.0,0.0039248999999999
CVC/BTC,1587667273019,2020-04-23T18:41:13.019Z,buy,2.67e-06,1470.0,0.0039248999999999
CVC/BTC,1587667273019,2020-04-23T18:41:13.019Z,buy,2.67e-06,1470.0,0.0039248999999999
CVC/BTC,1587667273020,2020-04-23T18:41:13.020Z,buy,2.67e-06,1470.0,0.0039248999999999
CVC/BTC,1587667273020,2020-04-23T18:41:13.020Z,buy,2.67e-06,1470.0,0.0039248999999999
CVC/BTC,1587667273028,2020-04-23T18:41:13.028Z,buy,2.67e-06,5267.0,0.01406289
CVC/BTC,1587667273074,2020-04-23T18:41:13.074Z,sell,2.66e-06,734.0,0.00195244
CVC/BTC,1587667273084,2020-04-23T18:41:13.084Z,sell,2.66e-06,695.0,0.0018487
CVC/BTC,1587667273084,2020-04-23T18:41:13.084Z,sell,2.66e-06,720.0,0.0019152
CVC/BTC,1587667273095,2020-04-23T18:41:13.095Z,sell,2.65e-06,2987.0,0.00791555
CVC/BTC,1587667273206,2020-04-23T18:41:13.206Z,sell,2.65e-06,4985.0,0.01321025
CVC/BTC,1587667274113,2020-04-23T18:41:14.113Z,sell,2.64e-06,1415.0,0.0037356
CVC/BTC,1587667277127,2020-04-23T18:41:17.127Z,sell,2.64e-06,734.0,0.00193776
CVC/BTC,1587667369651,2020-04-23T18:42:49.651Z,sell,2.64e-06,1114.0,0.00294096
CVC/BTC,1587667375425,2020-04-23T18:42:55.425Z,buy,2.65e-06,440.0,0.001166
CVC/BTC,1587667377416,2020-04-23T18:42:57.416Z,buy,2.65e-06,468.0,0.0012402
CVC/BTC,1587667379412,2020-04-23T18:42:59.412Z,buy,2.65e-06,415.0,0.00109975
CVC/BTC,1587667383732,2020-04-23T18:43:03.732Z,buy,2.65e-06,1699.0,0.00450235
CVC/BTC,1587667442306,2020-04-23T18:44:02.306Z,buy,2.65e-06,433.0,0.00114745
CVC/BTC,1587667469597,2020-04-23T18:44:29.597Z,buy,2.65e-06,661.0,0.00175165
CVC/BTC,1587667471621,2020-04-23T18:44:31.621Z,buy,2.65e-06,642.0,0.0017013
CVC/BTC,1587667663534,2020-04-23T18:47:43.534Z,buy,2.65e-06,6459.0,0.01711635
CVC/BTC,1587667663534,2020-04-23T18:47:43.534Z,buy,2.65e-06,6459.0,0.01711635
CVC/BTC,1587668336089,2020-04-23T18:58:56.089Z,buy,2.66e-06,2826.0,0.00751716
CVC/BTC,1587668338189,2020-04-23T18:58:58.189Z,buy,2.67e-06,562.0,0.0015005399999999
CVC/BTC,1587668339548,2020-04-23T18:58:59.548Z,buy,2.67e-06,750.0,0.0020025
CVC/BTC,1587668341041,2020-04-23T18:59:01.041Z,buy,2.67e-06,562.0,0.0015005399999999
CVC/BTC,1587668343924,2020-04-23T18:59:03.924Z,buy,2.67e-06,562.0,0.0015005399999999
CVC/BTC,1587668416115,2020-04-23T19:00:16.115Z,buy,2.67e-06,2000.0,0.0053399999999999
CVC/BTC,1587668644961,2020-04-23T19:04:04.961Z,sell,2.66e-06,76.0,0.00020216
CVC/BTC,1587669117346,2020-04-23T19:11:57.346Z,sell,2.66e-06,1664.0,0.00442624
CVC/BTC,1587669434683,2020-04-23T19:17:14.683Z,buy,2.67e-06,667.0,0.0017808899999999
CVC/BTC,1587669461332,2020-04-23T19:17:41.332Z,sell,2.66e-06,3966.0,0.01054956
CVC/BTC,1587669881335,2020-04-23T19:24:41.335Z,sell,2.66e-06,5027.0,0.01337182
CVC/BTC,1587669881346,2020-04-23T19:24:41.346Z,sell,2.66e-06,2575.0,0.0068495
CVC/BTC,1587669883690,2020-04-23T19:24:43.690Z,sell,2.66e-06,1263.0,0.00335958
CVC/BTC,1587669884728,2020-04-23T19:24:44.728Z,sell,2.66e-06,626.0,0.00166516
CVC/BTC,1587669902645,2020-04-23T19:25:02.645Z,sell,2.66e-06,19564.0,0.05204024
CVC/BTC,1587669916470,2020-04-23T19:25:16.470Z,buy,2.67e-06,2049.0,0.0054708299999999
CVC/BTC,1587670118784,2020-04-23T19:28:38.784Z,buy,2.67e-06,16700.0,0.044589
CVC/BTC,1587670120921,2020-04-23T19:28:40.921Z,sell,2.66e-06,5291.0,0.01407406
CVC/BTC,1587670144704,2020-04-23T19:29:04.704Z,buy,2.67e-06,400.0,0.001068
CVC/BTC,1587670746414,2020-04-23T19:39:06.414Z,sell,2.66e-06,50.0,0.000133
CVC/BTC,1587670900118,2020-04-23T19:41:40.118Z,sell,2.66e-06,11000.0,0.0292599999999999
CVC/BTC,1587671091085,2020-04-23T19:44:51.085Z,buy,2.67e-06,3558.0,0.0094998599999999
CVC/BTC,1587671091085,2020-04-23T19:44:51.085Z,buy,2.67e-06,3558.0,0.0094998599999999
CVC/BTC,1587671591835,2020-04-23T19:53:11.835Z,sell,2.66e-06,1147.0,0.0030510199999999
CVC/BTC,1587672059959,2020-04-23T20:00:59.959Z,sell,2.66e-06,25660.0,0.0682556
CVC/BTC,1587672344807,2020-04-23T20:05:44.807Z,sell,2.66e-06,27430.0,0.0729638
CVC/BTC,1587672368462,2020-04-23T20:06:08.462Z,buy,2.66e-06,2871.0,0.00763686
CVC/BTC,1587672577910,2020-04-23T20:09:37.910Z,sell,2.65e-06,380.0,0.001007
CVC/BTC,1587672581662,2020-04-23T20:09:41.662Z,sell,2.65e-06,750.0,0.0019875
CVC/BTC,1587672594919,2020-04-23T20:09:54.919Z,buy,2.66e-06,501.0,0.00133266
CVC/BTC,1587672662498,2020-04-23T20:11:02.498Z,buy,2.66e-06,1149.0,0.00305634
CVC/BTC,1587672756702,2020-04-23T20:12:36.702Z,sell,2.66e-06,4116.0,0.01094856
CVC/BTC,1587673270283,2020-04-23T20:21:10.283Z,sell,2.65e-06,1736.0,0.0046004
CVC/BTC,1587673674171,2020-04-23T20:27:54.171Z,sell,2.65e-06,2642.0,0.0070013
CVC/BTC,1587673792095,2020-04-23T20:29:52.095Z,sell,2.65e-06,2080.0,0.005512
CVC/BTC,1587674139093,2020-04-23T20:35:39.093Z,sell,2.65e-06,568.0,0.0015052
CVC/BTC,1587674468831,2020-04-23T20:41:08.831Z,sell,2.65e-06,81.0,0.00021465
CVC/BTC,1587674468831,2020-04-23T20:41:08.831Z,sell,2.64e-06,386.0,0.00101904
CVC/BTC,1587674468831,2020-04-23T20:41:08.831Z,sell,2.65e-06,81.0,0.00021465
CVC/BTC,1587674468831,2020-04-23T20:41:08.831Z,sell,2.64e-06,386.0,0.00101904
CVC/BTC,1587674732086,2020-04-23T20:45:32.086Z,sell,2.65e-06,756.0,0.0020034
CVC/BTC,1587674864092,2020-04-23T20:47:44.092Z,sell,2.65e-06,1701.0,0.00450765
CVC/BTC,1587675616123,2020-04-23T21:00:16.123Z,sell,2.65e-06,6.0,1.59e-05
CVC/BTC,1587675617019,2020-04-23T21:00:17.019Z,buy,2.65e-06,95.0,0.00025175
CVC/BTC,1587675794965,2020-04-23T21:03:14.965Z,sell,2.64e-06,165.0,0.0004356
CVC/BTC,1587675802177,2020-04-23T21:03:22.177Z,buy,2.66e-06,187.0,0.0004974199999999
CVC/BTC,1587675806807,2020-04-23T21:03:26.807Z,buy,2.66e-06,187.0,0.0004974199999999
CVC/BTC,1587676373078,2020-04-23T21:12:53.078Z,buy,2.66e-06,1873.0,0.00498218
CVC/BTC,1587676670451,2020-04-23T21:17:50.451Z,sell,2.65e-06,720.0,0.001908
CVC/BTC,1587676754362,2020-04-23T21:19:14.362Z,buy,2.66e-06,1254.0,0.00333564
CVC/BTC,1587676785228,2020-04-23T21:19:45.228Z,sell,2.65e-06,213.0,0.00056445
CVC/BTC,1587677497656,2020-04-23T21:31:37.656Z,sell,2.65e-06,603.0,0.00159795
CVC/BTC,1587677497656,2020-04-23T21:31:37.656Z,sell,2.65e-06,603.0,0.00159795
CVC/BTC,1587678108374,2020-04-23T21:41:48.374Z,buy,2.66e-06,324.0,0.00086184
CVC/BTC,1587678301488,2020-04-23T21:45:01.488Z,buy,2.66e-06,660.0,0.0017556
CVC/BTC,1587678305533,2020-04-23T21:45:05.533Z,buy,2.66e-06,752.0,0.00200032
CVC/BTC,1587678336570,2020-04-23T21:45:36.570Z,sell,2.65e-06,1008.0,0.0026712
CVC/BTC,1587678670651,2020-04-23T21:51:10.651Z,buy,2.65e-06,112.0,0.0002968
CVC/BTC,1587678848303,2020-04-23T21:54:08.303Z,sell,2.65e-06,952.0,0.0025228
CVC/BTC,1587678929493,2020-04-23T21:55:29.493Z,buy,2.66e-06,111.0,0.00029526
CVC/BTC,1587678930684,2020-04-23T21:55:30.684Z,sell,2.64e-06,110.0,0.0002904
CVC/BTC,1587678947879,2020-04-23T21:55:47.879Z,buy,2.66e-06,694.0,0.00184604
CVC/BTC,1587679092838,2020-04-23T21:58:12.838Z,buy,2.66e-06,5291.0,0.01407406
CVC/BTC,1587679345386,2020-04-23T22:02:25.386Z,buy,2.66e-06,1174.0,0.00312284
CVC/BTC,1587679878165,2020-04-23T22:11:18.165Z,sell,2.64e-06,2505.0,0.0066132
CVC/BTC,1587679882049,2020-04-23T22:11:22.049Z,sell,2.64e-06,752.0,0.00198528
CVC/BTC,1587680751679,2020-04-23T22:25:51.679Z,sell,2.64e-06,7693.0,0.02030952
CVC/BTC,1587680751679,2020-04-23T22:25:51.679Z,sell,2.64e-06,7693.0,0.02030952
CVC/BTC,1587681961265,2020-04-23T22:46:01.265Z,buy,2.65e-06,269.0,0.00071285
CVC/BTC,1587681961265,2020-04-23T22:46:01.265Z,buy,2.66e-06,3390.0,0.0090174
CVC/BTC,1587683096440,2020-04-23T23:04:56.440Z,buy,2.65e-06,576.0,0.0015264
CVC/BTC,1587683098528,2020-04-23T23:04:58.528Z,buy,2.65e-06,540.0,0.001431
CVC/BTC,1587683100105,2020-04-23T23:05:00.105Z,buy,2.65e-06,642.0,0.0017013
CVC/BTC,1587683193148,2020-04-23T23:06:33.148Z,sell,2.64e-06,129.0,0.00034056
CVC/BTC,1587683193148,2020-04-23T23:06:33.148Z,sell,2.64e-06,129.0,0.00034056
CVC/BTC,1587684368281,2020-04-23T23:26:08.281Z,sell,2.64e-06,19042.0,0.05027088
CVC/BTC,1587684383386,2020-04-23T23:26:23.386Z,sell,2.64e-06,8.0,2.112e-05
CVC/BTC,1587684383386,2020-04-23T23:26:23.386Z,sell,2.63e-06,14536.0,0.0382296799999999
CVC/BTC,1587684383386,2020-04-23T23:26:23.386Z,sell,2.62e-06,12831.0,0.0336172199999999
CVC/BTC,1587684383386,2020-04-23T23:26:23.386Z,sell,2.62e-06,325.0,0.0008514999999999
CVC/BTC,1587684383386,2020-04-23T23:26:23.386Z,sell,2.62e-06,243.0,0.0006366599999999
CVC/BTC,1587684383386,2020-04-23T23:26:23.386Z,sell,2.62e-06,366.0,0.0009589199999999
CVC/BTC,1587684383386,2020-04-23T23:26:23.386Z,sell,2.62e-06,366.0,0.0009589199999999
CVC/BTC,1587684383399,2020-04-23T23:26:23.399Z,buy,2.63e-06,14019.0,0.0368699699999999
CVC/BTC,1587684390122,2020-04-23T23:26:30.122Z,sell,2.63e-06,1227.0,0.0032270099999999
CVC/BTC,1587684390369,2020-04-23T23:26:30.369Z,buy,2.63e-06,541.0,0.00142283
CVC/BTC,1587684390957,2020-04-23T23:26:30.957Z,buy,2.63e-06,4674.0,0.0122926199999999
CVC/BTC,1587684391707,2020-04-23T23:26:31.707Z,buy,2.63e-06,1069.0,0.00281147
CVC/BTC,1587684392657,2020-04-23T23:26:32.657Z,buy,2.63e-06,531.0,0.00139653
CVC/BTC,1587684480142,2020-04-23T23:28:00.142Z,buy,2.63e-06,4184.0,0.0110039199999999
CVC/BTC,1587684480160,2020-04-23T23:28:00.160Z,buy,2.63e-06,2654.0,0.0069800199999999
CVC/BTC,1587684482567,2020-04-23T23:28:02.567Z,buy,2.63e-06,13684.0,0.03598892
CVC/BTC,1587684912296,2020-04-23T23:35:12.296Z,buy,2.64e-06,786.0,0.00207504
CVC/BTC,1587685337807,2020-04-23T23:42:17.807Z,sell,2.63e-06,2043.0,0.00537309
CVC/BTC,1587686035270,2020-04-23T23:53:55.270Z,sell,2.63e-06,13684.0,0.03598892
CVC/BTC,1587686444767,2020-04-24T00:00:44.767Z,sell,2.63e-06,30000.0,0.0789
CVC/BTC,1587686502763,2020-04-24T00:01:42.763Z,sell,2.63e-06,3651.0,0.0096021299999999
CVC/BTC,1587686502763,2020-04-24T00:01:42.763Z,sell,2.63e-06,3651.0,0.0096021299999999
CVC/BTC,1587687752517,2020-04-24T00:22:32.517Z,buy,2.65e-06,7547.0,0.01999955
CVC/BTC,1587688242622,2020-04-24T00:30:42.622Z,buy,2.65e-06,3322.0,0.0088033
CVC/BTC,1587688675469,2020-04-24T00:37:55.469Z,sell,2.64e-06,215.0,0.0005676
CVC/BTC,1587688786625,2020-04-24T00:39:46.625Z,sell,2.64e-06,3173.0,0.00837672
CVC/BTC,1587689352023,2020-04-24T00:49:12.023Z,buy,2.64e-06,3082.0,0.00813648
CVC/BTC,1587689352023,2020-04-24T00:49:12.023Z,buy,2.64e-06,3082.0,0.00813648
CVC/BTC,1587690686797,2020-04-24T01:11:26.797Z,buy,2.64e-06,187.0,0.00049368
CVC/BTC,1587690927038,2020-04-24T01:15:27.038Z,buy,2.64e-06,11363.0,0.02999832
CVC/BTC,1587690938803,2020-04-24T01:15:38.803Z,buy,2.64e-06,11363.0,0.02999832
CVC/BTC,1587690961533,2020-04-24T01:16:01.533Z,buy,2.64e-06,254.0,0.00067056
CVC/BTC,1587691371371,2020-04-24T01:22:51.371Z,sell,2.63e-06,187.0,0.00049181
CVC/BTC,1587691388914,2020-04-24T01:23:08.914Z,buy,2.63e-06,418.0,0.0010993399999999
CVC/BTC,1587691614612,2020-04-24T01:26:54.612Z,buy,2.63e-06,6443.0,0.01694509
CVC/BTC,1587691659747,2020-04-24T01:27:39.747Z,buy,2.64e-06,9500.0,0.02508
CVC/BTC,1587691833289,2020-04-24T01:30:33.289Z,buy,2.64e-06,31.0,8.184e-05
CVC/BTC,1587691833302,2020-04-24T01:30:33.302Z,sell,2.64e-06,6701.0,0.01769064
CVC/BTC,1587691868680,2020-04-24T01:31:08.680Z,sell,2.64e-06,39.0,0.00010296
CVC/BTC,1587692405338,2020-04-24T01:40:05.338Z,sell,2.64e-06,5049.0,0.01332936
CVC/BTC,1587692425739,2020-04-24T01:40:25.739Z,sell,2.64e-06,5049.0,0.01332936
CVC/BTC,1587692468811,2020-04-24T01:41:08.811Z,sell,2.64e-06,2896.0,0.00764544
CVC/BTC,1587692643696,2020-04-24T01:44:03.696Z,sell,2.64e-06,2961.0,0.00781704
CVC/BTC,1587692646035,2020-04-24T01:44:06.035Z,buy,2.64e-06,781.0,0.00206184
CVC/BTC,1587692788773,2020-04-24T01:46:28.773Z,buy,2.65e-06,259.0,0.00068635
CVC/BTC,1587692788773,2020-04-24T01:46:28.773Z,buy,2.65e-06,259.0,0.00068635
CVC/BTC,1587693089045,2020-04-24T01:51:29.045Z,buy,2.65e-06,887.0,0.00235055
CVC/BTC,1587693184088,2020-04-24T01:53:04.088Z,buy,2.65e-06,634.0,0.0016801
CVC/BTC,1587694517364,2020-04-24T02:15:17.364Z,buy,2.65e-06,1467.0,0.00388755
CVC/BTC,1587694517364,2020-04-24T02:15:17.364Z,buy,2.66e-06,538.0,0.00143108
CVC/BTC,1587694530760,2020-04-24T02:15:30.760Z,buy,2.66e-06,187.0,0.0004974199999999
CVC/BTC,1587694534233,2020-04-24T02:15:34.233Z,buy,2.66e-06,1879.0,0.00499814
CVC/BTC,1587695823077,2020-04-24T02:37:03.077Z,buy,2.66e-06,9396.0,0.02499336
CVC/BTC,1587696045064,2020-04-24T02:40:45.064Z,buy,2.66e-06,400.0,0.001064
CVC/BTC,1587696045064,2020-04-24T02:40:45.064Z,buy,2.66e-06,400.0,0.001064
CVC/BTC,1587697289564,2020-04-24T03:01:29.564Z,buy,2.66e-06,375.0,0.0009975
CVC/BTC,1587697857232,2020-04-24T03:10:57.232Z,buy,2.66e-06,751.0,0.00199766
CVC/BTC,1587698205339,2020-04-24T03:16:45.339Z,buy,2.66e-06,101627.0,0.27032782
CVC/BTC,1587698205339,2020-04-24T03:16:45.339Z,buy,2.67e-06,38146.0,0.10184982
CVC/BTC,1587698205339,2020-04-24T03:16:45.339Z,buy,2.68e-06,37922.0,0.10163096
CVC/BTC,1587698205339,2020-04-24T03:16:45.339Z,buy,2.69e-06,71734.0,0.19296446
CVC/BTC,1587698205339,2020-04-24T03:16:45.339Z,buy,2.7e-06,35343.0,0.0954261
CVC/BTC,1587698205515,2020-04-24T03:16:45.515Z,buy,2.68e-06,8474.0,0.02271032
CVC/BTC,1587698205803,2020-04-24T03:16:45.803Z,buy,2.68e-06,5889.0,0.01578252
CVC/BTC,1587698205808,2020-04-24T03:16:45.808Z,sell,2.66e-06,948.0,0.00252168
CVC/BTC,1587698206284,2020-04-24T03:16:46.284Z,buy,2.67e-06,65000.0,0.1735499999999999
CVC/BTC,1587698206566,2020-04-24T03:16:46.566Z,buy,2.68e-06,1687.0,0.00452116
CVC/BTC,1587698206698,2020-04-24T03:16:46.698Z,sell,2.67e-06,1841.0,0.00491547
CVC/BTC,1587698207096,2020-04-24T03:16:47.096Z,sell,2.66e-06,2632.0,0.0070011199999999
CVC/BTC,1587698207576,2020-04-24T03:16:47.576Z,buy,2.67e-06,1841.0,0.00491547
CVC/BTC,1587698207817,2020-04-24T03:16:47.817Z,sell,2.67e-06,265.0,0.0007075499999999
CVC/BTC,1587698207822,2020-04-24T03:16:47.822Z,buy,2.68e-06,2708.0,0.00725744
CVC/BTC,1587698207960,2020-04-24T03:16:47.960Z,buy,2.68e-06,263.0,0.00070484
CVC/BTC,1587698208614,2020-04-24T03:16:48.614Z,buy,2.67e-06,452.0,0.0012068399999999
CVC/BTC,1587698209375,2020-04-24T03:16:49.375Z,sell,2.68e-06,87.0,0.00023316
CVC/BTC,1587698209469,2020-04-24T03:16:49.469Z,sell,2.68e-06,747.0,0.00200196
CVC/BTC,1587698209766,2020-04-24T03:16:49.766Z,sell,2.66e-06,87.0,0.00023142
CVC/BTC,1587698212730,2020-04-24T03:16:52.730Z,sell,2.67e-06,4511.0,0.0120443699999999
CVC/BTC,1587698213062,2020-04-24T03:16:53.062Z,sell,2.67e-06,351.0,0.00093717
CVC/BTC,1587698214798,2020-04-24T03:16:54.798Z,sell,2.67e-06,1126.0,0.0030064199999999
CVC/BTC,1587698214889,2020-04-24T03:16:54.889Z,sell,2.67e-06,1876.0,0.00500892
CVC/BTC,1587698246343,2020-04-24T03:17:26.343Z,buy,2.68e-06,452.0,0.00121136
CVC/BTC,1587698246343,2020-04-24T03:17:26.343Z,buy,2.69e-06,3417.0,0.00919173
CVC/BTC,1587698299126,2020-04-24T03:18:19.126Z,sell,2.67e-06,665.0,0.0017755499999999
CVC/BTC,1587698597809,2020-04-24T03:23:17.809Z,sell,2.68e-06,6000.0,0.01608
CVC/BTC,1587698602660,2020-04-24T03:23:22.660Z,sell,2.67e-06,3809.0,0.01017003
CVC/BTC,1587698690082,2020-04-24T03:24:50.082Z,sell,2.67e-06,1007.0,0.0026886899999999
CVC/BTC,1587698751474,2020-04-24T03:25:51.474Z,sell,2.66e-06,1134.0,0.00301644
CVC/BTC,1587698962808,2020-04-24T03:29:22.808Z,sell,2.66e-06,2359.0,0.00627494
CVC/BTC,1587699370091,2020-04-24T03:36:10.091Z,sell,2.67e-06,940.0,0.0025098
CVC/BTC,1587699381121,2020-04-24T03:36:21.121Z,sell,2.67e-06,70.0,0.0001869
CVC/BTC,1587699381121,2020-04-24T03:36:21.121Z,sell,2.67e-06,70.0,0.0001869
CVC/BTC,1587699852241,2020-04-24T03:44:12.241Z,sell,2.66e-06,11600.0,0.0308559999999999
CVC/BTC,1587700124482,2020-04-24T03:48:44.482Z,buy,2.67e-06,100.0,0.000267
CVC/BTC,1587700193457,2020-04-24T03:49:53.457Z,sell,2.66e-06,8200.0,0.0218119999999999
CVC/BTC,1587700195934,2020-04-24T03:49:55.934Z,sell,2.66e-06,39.0,0.0001037399999999
CVC/BTC,1587700195934,2020-04-24T03:49:55.934Z,sell,2.65e-06,4461.0,0.01182165
CVC/BTC,1587700348624,2020-04-24T03:52:28.624Z,sell,2.65e-06,16300.0,0.043195
CVC/BTC,1587700652833,2020-04-24T03:57:32.833Z,sell,2.65e-06,5939.0,0.01573835
CVC/BTC,1587700668089,2020-04-24T03:57:48.089Z,sell,2.65e-06,2642.0,0.0070013
CVC/BTC,1587700673096,2020-04-24T03:57:53.096Z,sell,2.65e-06,2079.0,0.00550935
CVC/BTC,1587700826914,2020-04-24T04:00:26.914Z,sell,2.65e-06,171.0,0.00045315
CVC/BTC,1587700828922,2020-04-24T04:00:28.922Z,buy,2.65e-06,11320.0,0.029998
CVC/BTC,1587701919717,2020-04-24T04:18:39.717Z,buy,2.66e-06,1697.0,0.00451402
CVC/BTC,1587701976199,2020-04-24T04:19:36.199Z,buy,2.66e-06,1565.0,0.0041629
CVC/BTC,1587702084195,2020-04-24T04:21:24.195Z,buy,2.66e-06,38.0,0.00010108
CVC/BTC,1587702264094,2020-04-24T04:24:24.094Z,sell,2.66e-06,2632.0,0.0070011199999999
CVC/BTC,1587702267094,2020-04-24T04:24:27.094Z,sell,2.66e-06,2632.0,0.0070011199999999
CVC/BTC,1587702268153,2020-04-24T04:24:28.153Z,sell,2.66e-06,2256.0,0.00600096
CVC/BTC,1587702278103,2020-04-24T04:24:38.103Z,sell,2.66e-06,2632.0,0.0070011199999999
CVC/BTC,1587702279089,2020-04-24T04:24:39.089Z,sell,2.66e-06,2632.0,0.0070011199999999
CVC/BTC,1587702282117,2020-04-24T04:24:42.117Z,sell,2.66e-06,2632.0,0.0070011199999999
CVC/BTC,1587702306268,2020-04-24T04:25:06.268Z,sell,2.66e-06,6142.0,0.01633772
CVC/BTC,1587702652804,2020-04-24T04:30:52.804Z,sell,2.66e-06,1702.0,0.00452732
CVC/BTC,1587702720236,2020-04-24T04:32:00.236Z,buy,2.67e-06,36636.0,0.09781812
CVC/BTC,1587702884838,2020-04-24T04:34:44.838Z,buy,2.67e-06,2000.0,0.0053399999999999
CVC/BTC,1587702962263,2020-04-24T04:36:02.263Z,sell,2.66e-06,2244.0,0.00596904
CVC/BTC,1587702968540,2020-04-24T04:36:08.540Z,sell,2.66e-06,10482.0,0.02788212
CVC/BTC,1587702968540,2020-04-24T04:36:08.540Z,sell,2.66e-06,10482.0,0.02788212
CVC/BTC,1587703028847,2020-04-24T04:37:08.847Z,sell,2.66e-06,38.0,0.00010108
CVC/BTC,1587703353042,2020-04-24T04:42:33.042Z,buy,2.66e-06,1133.0,0.0030137799999999
CVC/BTC,1587703562216,2020-04-24T04:46:02.216Z,buy,2.66e-06,188.0,0.00050008
CVC/BTC,1587704328366,2020-04-24T04:58:48.366Z,buy,2.66e-06,1196.0,0.00318136
CVC/BTC,1587704328369,2020-04-24T04:58:48.369Z,buy,2.66e-06,3741.0,0.00995106
CVC/BTC,1587704328369,2020-04-24T04:58:48.369Z,buy,2.66e-06,8402.0,0.02234932
CVC/BTC,1587704371631,2020-04-24T04:59:31.631Z,buy,2.66e-06,324.0,0.00086184
CVC/BTC,1587704791973,2020-04-24T05:06:31.973Z,sell,2.65e-06,75.0,0.00019875
CVC/BTC,1587704795919,2020-04-24T05:06:35.919Z,sell,2.65e-06,747.0,0.00197955
CVC/BTC,1587705498418,2020-04-24T05:18:18.418Z,sell,2.65e-06,277.0,0.00073405
CVC/BTC,1587705786157,2020-04-24T05:23:06.157Z,sell,2.65e-06,2800.0,0.00742
CVC/BTC,1587705788418,2020-04-24T05:23:08.418Z,sell,2.65e-06,9.0,2.385e-05
CVC/BTC,1587705788587,2020-04-24T05:23:08.587Z,buy,2.65e-06,425.0,0.00112625
CVC/BTC,1587706304022,2020-04-24T05:31:44.022Z,buy,2.66e-06,413.0,0.00109858
CVC/BTC,1587706307388,2020-04-24T05:31:47.388Z,buy,2.66e-06,752.0,0.00200032
CVC/BTC,1587706307388,2020-04-24T05:31:47.388Z,buy,2.66e-06,752.0,0.00200032
CVC/BTC,1587706785590,2020-04-24T05:39:45.590Z,sell,2.64e-06,37248.0,0.09833472
CVC/BTC,1587706785704,2020-04-24T05:39:45.704Z,sell,2.64e-06,1600.0,0.004224
CVC/BTC,1587706787148,2020-04-24T05:39:47.148Z,sell,2.64e-06,8500.0,0.02244
CVC/BTC,1587706796749,2020-04-24T05:39:56.749Z,sell,2.64e-06,505.0,0.0013332
CVC/BTC,1587706796753,2020-04-24T05:39:56.753Z,sell,2.64e-06,399.0,0.00105336
CVC/BTC,1587707994309,2020-04-24T05:59:54.309Z,buy,2.65e-06,3209.0,0.00850385
CVC/BTC,1587709495317,2020-04-24T06:24:55.317Z,sell,2.64e-06,7526.0,0.01986864
CVC/BTC,1587709638441,2020-04-24T06:27:18.441Z,sell,2.64e-06,172.0,0.00045408
CVC/BTC,1587709638441,2020-04-24T06:27:18.441Z,sell,2.64e-06,172.0,0.00045408
CVC/BTC,1587711661764,2020-04-24T07:01:01.764Z,sell,2.64e-06,4498.0,0.01187472
CVC/BTC,1587711662088,2020-04-24T07:01:02.088Z,sell,2.64e-06,2652.0,0.00700128
CVC/BTC,1587711663097,2020-04-24T07:01:03.097Z,sell,2.64e-06,2652.0,0.00700128
CVC/BTC,1587711663138,2020-04-24T07:01:03.138Z,sell,2.64e-06,4515.0,0.0119196
CVC/BTC,1587711664092,2020-04-24T07:01:04.092Z,sell,2.64e-06,2652.0,0.00700128
CVC/BTC,1587711664525,2020-04-24T07:01:04.525Z,sell,2.64e-06,4612.0,0.01217568
CVC/BTC,1587711666028,2020-04-24T07:01:06.028Z,sell,2.64e-06,3741.0,0.00987624
CVC/BTC,1587711668098,2020-04-24T07:01:08.098Z,sell,2.63e-06,2661.0,0.0069984299999999
CVC/BTC,1587711668993,2020-04-24T07:01:08.993Z,sell,2.63e-06,6179.0,0.0162507699999999
CVC/BTC,1587711963732,2020-04-24T07:06:03.732Z,buy,2.65e-06,3210.0,0.0085065
CVC/BTC,1587711963751,2020-04-24T07:06:03.751Z,sell,2.65e-06,723.0,0.00191595
CVC/BTC,1587711963758,2020-04-24T07:06:03.758Z,sell,2.65e-06,11141.0,0.02952365
CVC/BTC,1587712007818,2020-04-24T07:06:47.818Z,sell,2.65e-06,61.0,0.00016165
CVC/BTC,1587712048537,2020-04-24T07:07:28.537Z,sell,2.65e-06,1316.0,0.0034874
CVC/BTC,1587712545495,2020-04-24T07:15:45.495Z,sell,2.64e-06,1523.0,0.00402072
CVC/BTC,1587712715050,2020-04-24T07:18:35.050Z,sell,2.64e-06,2613.0,0.00689832
CVC/BTC,1587712918513,2020-04-24T07:21:58.513Z,buy,2.64e-06,52.0,0.00013728
CVC/BTC,1587712918513,2020-04-24T07:21:58.513Z,buy,2.64e-06,52.0,0.00013728
CVC/BTC,1587714074816,2020-04-24T07:41:14.816Z,sell,2.64e-06,69.0,0.00018216
CVC/BTC,1587714133241,2020-04-24T07:42:13.241Z,sell,2.63e-06,15532.0,0.0408491599999999
CVC/BTC,1587714279213,2020-04-24T07:44:39.213Z,buy,2.65e-06,475.0,0.00125875
CVC/BTC,1587714281209,2020-04-24T07:44:41.209Z,buy,2.65e-06,2716.0,0.0071974
CVC/BTC,1587714778870,2020-04-24T07:52:58.870Z,sell,2.64e-06,455.0,0.0012012
CVC/BTC,1587714778870,2020-04-24T07:52:58.870Z,sell,2.63e-06,6145.0,0.0161613499999999
CVC/BTC,1587715104239,2020-04-24T07:58:24.239Z,sell,2.63e-06,9200.0,0.024196
CVC/BTC,1587715860918,2020-04-24T08:11:00.918Z,sell,2.63e-06,3285.0,0.00863955
CVC/BTC,1587715903138,2020-04-24T08:11:43.138Z,buy,2.65e-06,1682.0,0.0044573
CVC/BTC,1587715928123,2020-04-24T08:12:08.123Z,sell,2.64e-06,3208.0,0.00846912
CVC/BTC,1587715935403,2020-04-24T08:12:15.403Z,sell,2.63e-06,4472.0,0.0117613599999999
CVC/BTC,1587715935403,2020-04-24T08:12:15.403Z,sell,2.63e-06,4472.0,0.0117613599999999
CVC/BTC,1587716765085,2020-04-24T08:26:05.085Z,sell,2.63e-06,2289.0,0.00602007
CVC/BTC,1587717340237,2020-04-24T08:35:40.237Z,buy,2.65e-06,201.0,0.00053265
CVC/BTC,1587717344551,2020-04-24T08:35:44.551Z,buy,2.65e-06,200.0,0.00053
CVC/BTC,1587717348794,2020-04-24T08:35:48.794Z,buy,2.65e-06,200.0,0.00053
CVC/BTC,1587717353574,2020-04-24T08:35:53.574Z,buy,2.65e-06,200.0,0.00053
CVC/BTC,1587717354079,2020-04-24T08:35:54.079Z,buy,2.65e-06,201.0,0.00053265
CVC/BTC,1587717962219,2020-04-24T08:46:02.219Z,sell,2.63e-06,2346.0,0.0061699799999999
CVC/BTC,1587718391334,2020-04-24T08:53:11.334Z,buy,2.65e-06,18745.0,0.04967425
CVC/BTC,1587718476898,2020-04-24T08:54:36.898Z,sell,2.64e-06,3209.0,0.00847176
CVC/BTC,1587719377998,2020-04-24T09:09:37.998Z,sell,2.64e-06,100.0,0.000264
CVC/BTC,1587719377998,2020-04-24T09:09:37.998Z,sell,2.64e-06,100.0,0.000264
CVC/BTC,1587719553356,2020-04-24T09:12:33.356Z,buy,2.64e-06,75.0,0.000198
CVC/BTC,1587719637449,2020-04-24T09:13:57.449Z,sell,2.63e-06,19120.0,0.0502856
CVC/BTC,1587719637449,2020-04-24T09:13:57.449Z,sell,2.62e-06,8852.0,0.02319224
CVC/BTC,1587719650783,2020-04-24T09:14:10.783Z,sell,2.62e-06,4472.0,0.01171664
CVC/BTC,1587719837376,2020-04-24T09:17:17.376Z,buy,2.63e-06,4444.0,0.0116877199999999
CVC/BTC,1587720566491,2020-04-24T09:29:26.491Z,sell,2.62e-06,9755.0,0.0255581
CVC/BTC,1587721354997,2020-04-24T09:42:34.997Z,buy,2.63e-06,4138.0,0.0108829399999999
CVC/BTC,1587721355526,2020-04-24T09:42:35.526Z,buy,2.63e-06,22763.0,0.0598666899999999
CVC/BTC,1587721572952,2020-04-24T09:46:12.952Z,buy,2.64e-06,117.0,0.00030888
CVC/BTC,1587722005404,2020-04-24T09:53:25.404Z,buy,2.64e-06,40.0,0.0001056
CVC/BTC,1587722264967,2020-04-24T09:57:44.967Z,buy,2.64e-06,152.0,0.00040128
CVC/BTC,1587722264967,2020-04-24T09:57:44.967Z,buy,2.64e-06,152.0,0.00040128
CVC/BTC,1587723189754,2020-04-24T10:13:09.754Z,buy,2.64e-06,303.0,0.00079992
CVC/BTC,1587723189807,2020-04-24T10:13:09.807Z,buy,2.64e-06,5329.0,0.01406856
CVC/BTC,1587723260794,2020-04-24T10:14:20.794Z,buy,2.64e-06,415.0,0.0010956
CVC/BTC,1587723260794,2020-04-24T10:14:20.794Z,buy,2.65e-06,266.0,0.0007049
CVC/BTC,1587723363663,2020-04-24T10:16:03.663Z,sell,2.63e-06,1411.0,0.00371093
CVC/BTC,1587723363663,2020-04-24T10:16:03.663Z,sell,2.62e-06,8139.0,0.0213241799999999
CVC/BTC,1587723368094,2020-04-24T10:16:08.094Z,sell,2.63e-06,77.0,0.0002025099999999
CVC/BTC,1587723573946,2020-04-24T10:19:33.946Z,sell,2.62e-06,47.0,0.00012314
CVC/BTC,1587724735549,2020-04-24T10:38:55.549Z,buy,2.64e-06,274.0,0.00072336
CVC/BTC,1587724735570,2020-04-24T10:38:55.570Z,sell,2.64e-06,11915.0,0.0314556
CVC/BTC,1587725111247,2020-04-24T10:45:11.247Z,buy,2.64e-06,5971.0,0.01576344
CVC/BTC,1587725111247,2020-04-24T10:45:11.247Z,buy,2.65e-06,51494.0,0.1364591
CVC/BTC,1587725136147,2020-04-24T10:45:36.147Z,sell,2.64e-06,3023.0,0.00798072
CVC/BTC,1587725191840,2020-04-24T10:46:31.840Z,buy,2.65e-06,58.0,0.0001537
CVC/BTC,1587725234938,2020-04-24T10:47:14.938Z,sell,2.64e-06,1081.0,0.00285384
CVC/BTC,1587725234938,2020-04-24T10:47:14.938Z,sell,2.64e-06,834.0,0.00220176
CVC/BTC,1587725329769,2020-04-24T10:48:49.769Z,buy,2.65e-06,6926.0,0.0183539
CVC/BTC,1587725329901,2020-04-24T10:48:49.901Z,buy,2.65e-06,2600.0,0.00689
CVC/BTC,1587725604566,2020-04-24T10:53:24.566Z,sell,2.64e-06,455.0,0.0012012
CVC/BTC,1587725604566,2020-04-24T10:53:24.566Z,sell,2.63e-06,1734.0,0.00456042
CVC/BTC,1587725604566,2020-04-24T10:53:24.566Z,sell,2.64e-06,455.0,0.0012012
CVC/BTC,1587725604566,2020-04-24T10:53:24.566Z,sell,2.63e-06,1734.0,0.00456042
CVC/BTC,1587726318473,2020-04-24T11:05:18.473Z,sell,2.63e-06,4202.0,0.0110512599999999
CVC/BTC,1587726360323,2020-04-24T11:06:00.323Z,sell,2.63e-06,11044.0,0.0290457199999999
CVC/BTC,1587726364200,2020-04-24T11:06:04.200Z,buy,2.63e-06,76.0,0.00019988
CVC/BTC,1587726521949,2020-04-24T11:08:41.949Z,buy,2.63e-06,6500.0,0.017095
CVC/BTC,1587726742767,2020-04-24T11:12:22.767Z,buy,2.63e-06,15989.0,0.0420510699999999
CVC/BTC,1587727250622,2020-04-24T11:20:50.622Z,buy,2.64e-06,263.0,0.00069432
CVC/BTC,1587728016029,2020-04-24T11:33:36.029Z,buy,2.64e-06,75.0,0.000198
CVC/BTC,1587728412465,2020-04-24T11:40:12.465Z,sell,2.63e-06,187.0,0.00049181
CVC/BTC,1587729194175,2020-04-24T11:53:14.175Z,buy,2.64e-06,3279.0,0.00865656
CVC/BTC,1587729194175,2020-04-24T11:53:14.175Z,buy,2.64e-06,3279.0,0.00865656
CVC/BTC,1587729766138,2020-04-24T12:02:46.138Z,buy,2.64e-06,511.0,0.00134904
CVC/BTC,1587729766496,2020-04-24T12:02:46.496Z,buy,2.64e-06,511.0,0.00134904
CVC/BTC,1587730329991,2020-04-24T12:12:09.991Z,sell,2.62e-06,4050.0,0.0106109999999999
CVC/BTC,1587730334069,2020-04-24T12:12:14.069Z,sell,2.62e-06,2110.0,0.0055282
CVC/BTC,1587730342658,2020-04-24T12:12:22.658Z,sell,2.62e-06,16021.0,0.04197502
CVC/BTC,1587730431616,2020-04-24T12:13:51.616Z,sell,2.63e-06,1561.0,0.0041054299999999
CVC/BTC,1587730431775,2020-04-24T12:13:51.775Z,sell,2.63e-06,19262.0,0.05065906
CVC/BTC,1587730447093,2020-04-24T12:14:07.093Z,sell,2.63e-06,3560.0,0.0093628
CVC/BTC,1587730448196,2020-04-24T12:14:08.196Z,sell,2.63e-06,1764.0,0.00463932
CVC/BTC,1587730448208,2020-04-24T12:14:08.208Z,sell,2.63e-06,4430.0,0.0116508999999999
CVC/BTC,1587730469014,2020-04-24T12:14:29.014Z,sell,2.63e-06,741.0,0.00194883
CVC/BTC,1587730637214,2020-04-24T12:17:17.214Z,sell,2.63e-06,4365.0,0.01147995
CVC/BTC,1587730676434,2020-04-24T12:17:56.434Z,sell,2.63e-06,11900.0,0.031297
CVC/BTC,1587730707820,2020-04-24T12:18:27.820Z,sell,2.63e-06,2776.0,0.0073008799999999
CVC/BTC,1587730709184,2020-04-24T12:18:29.184Z,sell,2.63e-06,1372.0,0.0036083599999999
CVC/BTC,1587730710901,2020-04-24T12:18:30.901Z,sell,2.63e-06,676.0,0.00177788
CVC/BTC,1587730843464,2020-04-24T12:20:43.464Z,sell,2.63e-06,30885.0,0.08122755
CVC/BTC,1587731360851,2020-04-24T12:29:20.851Z,buy,2.63e-06,6343.0,0.01668209
CVC/BTC,1587731593469,2020-04-24T12:33:13.469Z,sell,2.62e-06,10122.0,0.02651964
CVC/BTC,1587731599705,2020-04-24T12:33:19.705Z,sell,2.62e-06,4472.0,0.01171664
CVC/BTC,1587731700191,2020-04-24T12:35:00.191Z,sell,2.62e-06,2686.0,0.00703732
CVC/BTC,1587732028839,2020-04-24T12:40:28.839Z,sell,2.63e-06,7528.0,0.01979864
CVC/BTC,1587732028839,2020-04-24T12:40:28.839Z,sell,2.62e-06,25079.0,0.06570698
CVC/BTC,1587732028839,2020-04-24T12:40:28.839Z,sell,2.61e-06,31719.0,0.08278659
CVC/BTC,1587732031029,2020-04-24T12:40:31.029Z,buy,2.62e-06,271.0,0.00071002
CVC/BTC,1587732045088,2020-04-24T12:40:45.088Z,buy,2.62e-06,1331.0,0.00348722
CVC/BTC,1587732045102,2020-04-24T12:40:45.102Z,buy,2.62e-06,172.0,0.00045064
CVC/BTC,1587732249096,2020-04-24T12:44:09.096Z,buy,2.63e-06,570.0,0.0014991
CVC/BTC,1587732506234,2020-04-24T12:48:26.234Z,sell,2.62e-06,245.0,0.0006418999999999
CVC/BTC,1587732510506,2020-04-24T12:48:30.506Z,sell,2.62e-06,1682.0,0.0044068399999999
CVC/BTC,1587732510802,2020-04-24T12:48:30.802Z,buy,2.62e-06,1682.0,0.0044068399999999
CVC/BTC,1587732510802,2020-04-24T12:48:30.802Z,buy,2.62e-06,1682.0,0.0044068399999999
CVC/BTC,1587732816424,2020-04-24T12:53:36.424Z,buy,2.62e-06,124.0,0.00032488
CVC/BTC,1587732822517,2020-04-24T12:53:42.517Z,buy,2.62e-06,538.0,0.00140956
CVC/BTC,1587732884110,2020-04-24T12:54:44.110Z,buy,2.63e-06,2461.0,0.0064724299999999
CVC/BTC,1587732884237,2020-04-24T12:54:44.237Z,buy,2.63e-06,2590.0,0.0068116999999999
CVC/BTC,1587732884304,2020-04-24T12:54:44.304Z,buy,2.63e-06,1527.0,0.0040160099999999
CVC/BTC,1587732904277,2020-04-24T12:55:04.277Z,buy,2.64e-06,11553.0,0.03049992
CVC/BTC,1587732991664,2020-04-24T12:56:31.664Z,buy,2.65e-06,1545.0,0.00409425
CVC/BTC,1587732993798,2020-04-24T12:56:33.798Z,sell,2.64e-06,2754.0,0.00727056
CVC/BTC,1587732994068,2020-04-24T12:56:34.068Z,sell,2.64e-06,268.0,0.00070752
CVC/BTC,1587733359608,2020-04-24T13:02:39.608Z,buy,2.64e-06,3488.0,0.00920832
CVC/BTC,1587733517099,2020-04-24T13:05:17.099Z,buy,2.65e-06,2638.0,0.0069907
CVC/BTC,1587733519463,2020-04-24T13:05:19.463Z,sell,2.64e-06,1485.0,0.0039204
CVC/BTC,1587733520113,2020-04-24T13:05:20.113Z,buy,2.65e-06,2637.0,0.00698805
CVC/BTC,1587733525100,2020-04-24T13:05:25.100Z,buy,2.65e-06,1884.0,0.0049926
CVC/BTC,1587733526347,2020-04-24T13:05:26.347Z,buy,2.64e-06,1914.0,0.00505296
CVC/BTC,1587733531107,2020-04-24T13:05:31.107Z,buy,2.64e-06,573.0,0.00151272
CVC/BTC,1587733691115,2020-04-24T13:08:11.115Z,buy,2.64e-06,532.0,0.00140448
CVC/BTC,1587733691115,2020-04-24T13:08:11.115Z,buy,2.65e-06,976.0,0.0025864
CVC/BTC,1587733902131,2020-04-24T13:11:42.131Z,sell,2.64e-06,3974.0,0.01049136
CVC/BTC,1587733926158,2020-04-24T13:12:06.158Z,buy,2.65e-06,2637.0,0.00698805
CVC/BTC,1587733927154,2020-04-24T13:12:07.154Z,buy,2.65e-06,2637.0,0.00698805
CVC/BTC,1587733939321,2020-04-24T13:12:19.321Z,buy,2.65e-06,3121.0,0.00827065
CVC/BTC,1587733939397,2020-04-24T13:12:19.397Z,sell,2.65e-06,652.0,0.0017278
CVC/BTC,1587733989102,2020-04-24T13:13:09.102Z,sell,2.64e-06,1319.0,0.00348216
CVC/BTC,1587734016095,2020-04-24T13:13:36.095Z,buy,2.65e-06,565.0,0.00149725
CVC/BTC,1587734081557,2020-04-24T13:14:41.557Z,sell,2.64e-06,103.0,0.00027192
CVC/BTC,1587734886008,2020-04-24T13:28:06.008Z,sell,2.64e-06,3497.0,0.00923208
CVC/BTC,1587734901056,2020-04-24T13:28:21.056Z,buy,2.64e-06,10286.0,0.02715504
CVC/BTC,1587734910096,2020-04-24T13:28:30.096Z,buy,2.65e-06,1131.0,0.00299715
CVC/BTC,1587735046252,2020-04-24T13:30:46.252Z,sell,2.63e-06,3218.0,0.00846334
CVC/BTC,1587735048562,2020-04-24T13:30:48.562Z,sell,2.62e-06,20035.0,0.0524916999999999
CVC/BTC,1587735064834,2020-04-24T13:31:04.834Z,buy,2.64e-06,2036.0,0.00537504
CVC/BTC,1587735102280,2020-04-24T13:31:42.280Z,buy,2.64e-06,75.0,0.000198
CVC/BTC,1587735118478,2020-04-24T13:31:58.478Z,buy,2.64e-06,7659.0,0.02021976
CVC/BTC,1587735662101,2020-04-24T13:41:02.101Z,buy,2.65e-06,2286.0,0.0060579
CVC/BTC,1587735693682,2020-04-24T13:41:33.682Z,buy,2.65e-06,5000.0,0.01325
CVC/BTC,1587735785683,2020-04-24T13:43:05.683Z,buy,2.65e-06,16468.0,0.0436402
CVC/BTC,1587736099264,2020-04-24T13:48:19.264Z,sell,2.64e-06,8200.0,0.021648
CVC/BTC,1587736102430,2020-04-24T13:48:22.430Z,sell,2.64e-06,4472.0,0.01180608
CVC/BTC,1587736102430,2020-04-24T13:48:22.430Z,sell,2.64e-06,4472.0,0.01180608
CVC/BTC,1587736238692,2020-04-24T13:50:38.692Z,sell,2.64e-06,7200.0,0.019008
CVC/BTC,1587736242333,2020-04-24T13:50:42.333Z,sell,2.64e-06,6400.0,0.016896
CVC/BTC,1587736413352,2020-04-24T13:53:33.352Z,buy,2.65e-06,1671.0,0.00442815
CVC/BTC,1587737010505,2020-04-24T14:03:30.505Z,buy,2.65e-06,325.0,0.00086125
CVC/BTC,1587737108747,2020-04-24T14:05:08.747Z,buy,2.65e-06,100.0,0.000265
CVC/BTC,1587737582216,2020-04-24T14:13:02.216Z,buy,2.65e-06,8808.0,0.0233412
CVC/BTC,1587737582231,2020-04-24T14:13:02.231Z,sell,2.65e-06,16296.0,0.0431844
CVC/BTC,1587737658997,2020-04-24T14:14:18.997Z,buy,2.66e-06,12304.0,0.0327286399999999
CVC/BTC,1587737658997,2020-04-24T14:14:18.997Z,buy,2.67e-06,744.0,0.0019864799999999
CVC/BTC,1587737658997,2020-04-24T14:14:18.997Z,buy,2.67e-06,372.0,0.0009932399999999
CVC/BTC,1587737768520,2020-04-24T14:16:08.520Z,buy,2.67e-06,59.0,0.00015753
CVC/BTC,1587737808078,2020-04-24T14:16:48.078Z,buy,2.67e-06,10486.0,0.0279976199999999
CVC/BTC,1587737816708,2020-04-24T14:16:56.708Z,buy,2.67e-06,29536.0,0.0788611199999999
CVC/BTC,1587737861573,2020-04-24T14:17:41.573Z,sell,2.65e-06,1129.0,0.00299185
CVC/BTC,1587737955330,2020-04-24T14:19:15.330Z,sell,2.65e-06,1115.0,0.00295475
CVC/BTC,1587737980618,2020-04-24T14:19:40.618Z,sell,2.66e-06,187.0,0.0004974199999999
CVC/BTC,1587737982029,2020-04-24T14:19:42.029Z,sell,2.65e-06,232.0,0.0006148
CVC/BTC,1587738031513,2020-04-24T14:20:31.513Z,sell,2.66e-06,1576.0,0.00419216
CVC/BTC,1587738031521,2020-04-24T14:20:31.521Z,sell,2.66e-06,1513.0,0.00402458
CVC/BTC,1587738206154,2020-04-24T14:23:26.154Z,sell,2.66e-06,4727.0,0.01257382
CVC/BTC,1587738782745,2020-04-24T14:33:02.745Z,buy,2.66e-06,15601.0,0.04149866
CVC/BTC,1587739009845,2020-04-24T14:36:49.845Z,buy,2.66e-06,8508.0,0.02263128
CVC/BTC,1587739009901,2020-04-24T14:36:49.901Z,buy,2.66e-06,25900.0,0.068894
CVC/BTC,1587739010101,2020-04-24T14:36:50.101Z,buy,2.66e-06,5591.0,0.01487206
CVC/BTC,1587739012356,2020-04-24T14:36:52.356Z,sell,2.65e-06,5291.0,0.01402115
CVC/BTC,1587739168251,2020-04-24T14:39:28.251Z,buy,2.66e-06,18750.0,0.0498749999999999
CVC/BTC,1587739284408,2020-04-24T14:41:24.408Z,sell,2.65e-06,1882.0,0.0049873
CVC/BTC,1587739553714,2020-04-24T14:45:53.714Z,sell,2.65e-06,1260.0,0.003339
CVC/BTC,1587739553714,2020-04-24T14:45:53.714Z,sell,2.64e-06,3999.0,0.01055736
CVC/BTC,1587739559570,2020-04-24T14:45:59.570Z,sell,2.64e-06,752.0,0.00198528
CVC/BTC,1587739612374,2020-04-24T14:46:52.374Z,buy,2.65e-06,1753.0,0.00464545
CVC/BTC,1587739612374,2020-04-24T14:46:52.374Z,buy,2.66e-06,620.0,0.0016492
CVC/BTC,1587739612374,2020-04-24T14:46:52.374Z,buy,2.65e-06,1753.0,0.00464545
CVC/BTC,1587739612374,2020-04-24T14:46:52.374Z,buy,2.66e-06,620.0,0.0016492
CVC/BTC,1587739719886,2020-04-24T14:48:39.886Z,buy,2.66e-06,182.0,0.00048412
CVC/BTC,1587739729861,2020-04-24T14:48:49.861Z,buy,2.66e-06,7537.0,0.02004842
CVC/BTC,1587739754123,2020-04-24T14:49:14.123Z,buy,2.66e-06,6370.0,0.0169442
CVC/BTC,1587739768071,2020-04-24T14:49:28.071Z,buy,2.67e-06,668.0,0.00178356
CVC/BTC,1587739779550,2020-04-24T14:49:39.550Z,buy,2.67e-06,2808.0,0.00749736
CVC/BTC,1587739779839,2020-04-24T14:49:39.839Z,buy,2.67e-06,3745.0,0.00999915
CVC/BTC,1587739779988,2020-04-24T14:49:39.988Z,buy,2.67e-06,1123.0,0.00299841
CVC/BTC,1587739781084,2020-04-24T14:49:41.084Z,buy,2.67e-06,3745.0,0.00999915
CVC/BTC,1587739781145,2020-04-24T14:49:41.145Z,buy,2.67e-06,286.0,0.00076362
CVC/BTC,1587739781156,2020-04-24T14:49:41.156Z,sell,2.67e-06,550.0,0.0014685
CVC/BTC,1587739781163,2020-04-24T14:49:41.163Z,sell,2.67e-06,5331.0,0.01423377
CVC/BTC,1587739781163,2020-04-24T14:49:41.163Z,sell,2.67e-06,1650.0,0.0044055
CVC/BTC,1587739781170,2020-04-24T14:49:41.170Z,sell,2.67e-06,550.0,0.0014685
CVC/BTC,1587739781221,2020-04-24T14:49:41.221Z,sell,2.67e-06,15226.0,0.0406534199999999
CVC/BTC,1587739781798,2020-04-24T14:49:41.798Z,buy,2.67e-06,3745.0,0.00999915
CVC/BTC,1587739781892,2020-04-24T14:49:41.892Z,buy,2.67e-06,1872.0,0.0049982399999999
CVC/BTC,1587739781895,2020-04-24T14:49:41.895Z,buy,2.67e-06,3567.0,0.00952389
CVC/BTC,1587739781934,2020-04-24T14:49:41.934Z,sell,2.67e-06,178.0,0.0004752599999999
CVC/BTC,1587739781994,2020-04-24T14:49:41.994Z,buy,2.67e-06,374.0,0.00099858
CVC/BTC,1587739782053,2020-04-24T14:49:42.053Z,buy,2.67e-06,180.0,0.0004805999999999
CVC/BTC,1587739782125,2020-04-24T14:49:42.125Z,sell,2.67e-06,15932.0,0.04253844
CVC/BTC,1587739782239,2020-04-24T14:49:42.239Z,sell,2.67e-06,3550.0,0.0094784999999999
CVC/BTC,1587739782877,2020-04-24T14:49:42.877Z,sell,2.67e-06,662.0,0.00176754
CVC/BTC,1587739783087,2020-04-24T14:49:43.087Z,sell,2.67e-06,2622.0,0.0070007399999999
CVC/BTC,1587739798471,2020-04-24T14:49:58.471Z,sell,2.67e-06,3276.0,0.00874692
CVC/BTC,1587739804400,2020-04-24T14:50:04.400Z,sell,2.67e-06,6035.0,0.0161134499999999
CVC/BTC,1587739806325,2020-04-24T14:50:06.325Z,sell,2.67e-06,6106.0,0.0163030199999999
CVC/BTC,1587739807269,2020-04-24T14:50:07.269Z,sell,2.67e-06,1645.0,0.00439215
CVC/BTC,1587739808112,2020-04-24T14:50:08.112Z,sell,2.67e-06,6030.0,0.0161001
CVC/BTC,1587739868466,2020-04-24T14:51:08.466Z,sell,2.67e-06,38.0,0.00010146
CVC/BTC,1587739932642,2020-04-24T14:52:12.642Z,sell,2.67e-06,21900.0,0.058473
CVC/BTC,1587740073900,2020-04-24T14:54:33.900Z,sell,2.67e-06,5800.0,0.015486
CVC/BTC,1587740108106,2020-04-24T14:55:08.106Z,sell,2.67e-06,564.0,0.0015058799999999
CVC/BTC,1587740109083,2020-04-24T14:55:09.083Z,sell,2.67e-06,564.0,0.0015058799999999
CVC/BTC,1587740109339,2020-04-24T14:55:09.339Z,sell,2.67e-06,9985.0,0.0266599499999999
CVC/BTC,1587740120458,2020-04-24T14:55:20.458Z,sell,2.67e-06,991.0,0.0026459699999999
CVC/BTC,1587740143316,2020-04-24T14:55:43.316Z,sell,2.67e-06,14000.0,0.03738
CVC/BTC,1587740146613,2020-04-24T14:55:46.613Z,sell,2.67e-06,6109.0,0.01631103
CVC/BTC,1587740148076,2020-04-24T14:55:48.076Z,sell,2.67e-06,5998.0,0.01601466
CVC/BTC,1587740149151,2020-04-24T14:55:49.151Z,sell,2.67e-06,2622.0,0.0070007399999999
CVC/BTC,1587740149174,2020-04-24T14:55:49.174Z,sell,2.67e-06,35509.0,0.0948090299999999
CVC/BTC,1587740149350,2020-04-24T14:55:49.350Z,sell,2.67e-06,6039.0,0.01612413
CVC/BTC,1587740150109,2020-04-24T14:55:50.109Z,sell,2.67e-06,10358.0,0.0276558599999999
CVC/BTC,1587740150615,2020-04-24T14:55:50.615Z,sell,2.67e-06,5896.0,0.01574232
CVC/BTC,1587740152060,2020-04-24T14:55:52.060Z,sell,2.67e-06,6104.0,0.01629768
CVC/BTC,1587740153404,2020-04-24T14:55:53.404Z,sell,2.67e-06,6146.0,0.01640982
CVC/BTC,1587740154601,2020-04-24T14:55:54.601Z,sell,2.67e-06,5407.0,0.0144366899999999
CVC/BTC,1587740292124,2020-04-24T14:58:12.124Z,buy,2.67e-06,38.0,0.00010146
CVC/BTC,1587740753807,2020-04-24T15:05:53.807Z,buy,2.67e-06,2300.0,0.006141
CVC/BTC,1587740775058,2020-04-24T15:06:15.058Z,buy,2.67e-06,40.0,0.0001068
CVC/BTC,1587740994105,2020-04-24T15:09:54.105Z,buy,2.67e-06,1684.0,0.00449628
CVC/BTC,1587741040098,2020-04-24T15:10:40.098Z,buy,2.67e-06,933.0,0.00249111
CVC/BTC,1587741042107,2020-04-24T15:10:42.107Z,buy,2.67e-06,747.0,0.00199449
CVC/BTC,1587741091449,2020-04-24T15:11:31.449Z,buy,2.67e-06,27.0,7.209e-05
CVC/BTC,1587741091449,2020-04-24T15:11:31.449Z,buy,2.68e-06,10273.0,0.02753164
CVC/BTC,1587741093413,2020-04-24T15:11:33.413Z,buy,2.68e-06,64.0,0.00017152
CVC/BTC,1587741101162,2020-04-24T15:11:41.162Z,buy,2.69e-06,16628.0,0.04472932
CVC/BTC,1587741101252,2020-04-24T15:11:41.252Z,sell,2.69e-06,14011.0,0.03768959
CVC/BTC,1587741102642,2020-04-24T15:11:42.642Z,sell,2.69e-06,1432.0,0.00385208
CVC/BTC,1587741103536,2020-04-24T15:11:43.536Z,sell,2.69e-06,2011.0,0.00540959
CVC/BTC,1587741107247,2020-04-24T15:11:47.247Z,sell,2.69e-06,6950.0,0.0186955
CVC/BTC,1587741108451,2020-04-24T15:11:48.451Z,sell,2.69e-06,2489.0,0.00669541
CVC/BTC,1587741112158,2020-04-24T15:11:52.158Z,sell,2.69e-06,1299.0,0.00349431
CVC/BTC,1587741118389,2020-04-24T15:11:58.389Z,sell,2.69e-06,2713.0,0.00729797
CVC/BTC,1587741124052,2020-04-24T15:12:04.052Z,sell,2.69e-06,1928.0,0.00518632
CVC/BTC,1587741125264,2020-04-24T15:12:05.264Z,sell,2.69e-06,954.0,0.00256626
CVC/BTC,1587741137105,2020-04-24T15:12:17.105Z,sell,2.69e-06,10639.0,0.02861891
CVC/BTC,1587741154031,2020-04-24T15:12:34.031Z,sell,2.68e-06,938.0,0.00251384
CVC/BTC,1587741154031,2020-04-24T15:12:34.031Z,sell,2.68e-06,344.0,0.00092192
CVC/BTC,1587741163861,2020-04-24T15:12:43.861Z,sell,2.68e-06,61.0,0.00016348
CVC/BTC,1587741170562,2020-04-24T15:12:50.562Z,sell,2.68e-06,1383.0,0.00370644
CVC/BTC,1587741323536,2020-04-24T15:15:23.536Z,buy,2.69e-06,408.0,0.00109752
CVC/BTC,1587741337735,2020-04-24T15:15:37.735Z,buy,2.69e-06,149.0,0.00040081
CVC/BTC,1587741450110,2020-04-24T15:17:30.110Z,sell,2.68e-06,3878.0,0.01039304
CVC/BTC,1587741476886,2020-04-24T15:17:56.886Z,buy,2.7e-06,1660.0,0.004482
CVC/BTC,1587741482323,2020-04-24T15:18:02.323Z,buy,2.7e-06,146.0,0.0003942
CVC/BTC,1587741483694,2020-04-24T15:18:03.694Z,buy,2.7e-06,74.0,0.0001998
CVC/BTC,1587741484096,2020-04-24T15:18:04.096Z,buy,2.7e-06,3703.0,0.0099981
CVC/BTC,1587741484218,2020-04-24T15:18:04.218Z,buy,2.7e-06,1855.0,0.0050085
CVC/BTC,1587741484236,2020-04-24T15:18:04.236Z,buy,2.7e-06,630.0,0.001701
CVC/BTC,1587741484347,2020-04-24T15:18:04.347Z,buy,2.7e-06,371.0,0.0010017
CVC/BTC,1587741484628,2020-04-24T15:18:04.628Z,buy,2.7e-06,814.0,0.0021978
CVC/BTC,1587741485125,2020-04-24T15:18:05.125Z,buy,2.7e-06,59.0,0.0001593
CVC/BTC,1587741485131,2020-04-24T15:18:05.131Z,buy,2.7e-06,389.0,0.0010502999999999
CVC/BTC,1587741485133,2020-04-24T15:18:05.133Z,buy,2.7e-06,592.0,0.0015984
CVC/BTC,1587741485135,2020-04-24T15:18:05.135Z,buy,2.7e-06,672.0,0.0018144
CVC/BTC,1587741485137,2020-04-24T15:18:05.137Z,buy,2.7e-06,409.0,0.0011043
CVC/BTC,1587741485287,2020-04-24T15:18:05.287Z,buy,2.7e-06,370.0,0.0009989999999999
CVC/BTC,1587741485793,2020-04-24T15:18:05.793Z,buy,2.7e-06,186.0,0.0005022
CVC/BTC,1587741486033,2020-04-24T15:18:06.033Z,buy,2.7e-06,38.0,0.0001026
CVC/BTC,1587741486052,2020-04-24T15:18:06.052Z,buy,2.7e-06,4315.0,0.0116505
CVC/BTC,1587741486503,2020-04-24T15:18:06.503Z,buy,2.7e-06,1111.0,0.0029997
CVC/BTC,1587741489321,2020-04-24T15:18:09.321Z,buy,2.7e-06,1199.0,0.0032373
CVC/BTC,1587741490581,2020-04-24T15:18:10.581Z,buy,2.7e-06,185.0,0.0004994999999999
CVC/BTC,1587741491799,2020-04-24T15:18:11.799Z,buy,2.7e-06,2780.0,0.007506
CVC/BTC,1587741492041,2020-04-24T15:18:12.041Z,buy,2.7e-06,117.0,0.0003159
CVC/BTC,1587741494107,2020-04-24T15:18:14.107Z,buy,2.7e-06,3703.0,0.0099981
CVC/BTC,1587741495354,2020-04-24T15:18:15.354Z,buy,2.7e-06,371.0,0.0010017
CVC/BTC,1587741496595,2020-04-24T15:18:16.595Z,buy,2.7e-06,186.0,0.0005022
CVC/BTC,1587741496863,2020-04-24T15:18:16.863Z,buy,2.7e-06,38.0,0.0001026
CVC/BTC,1587741496929,2020-04-24T15:18:16.929Z,buy,2.7e-06,741.0,0.0020007
CVC/BTC,1587741497859,2020-04-24T15:18:17.859Z,buy,2.7e-06,371.0,0.0010017
CVC/BTC,1587741501652,2020-04-24T15:18:21.652Z,buy,2.7e-06,4445.0,0.0120015
CVC/BTC,1587741501960,2020-04-24T15:18:21.960Z,buy,2.7e-06,38.0,0.0001026
CVC/BTC,1587741502060,2020-04-24T15:18:22.060Z,buy,2.7e-06,75.0,0.0002025
CVC/BTC,1587741528208,2020-04-24T15:18:48.208Z,buy,2.7e-06,3703.0,0.0099981
CVC/BTC,1587741533089,2020-04-24T15:18:53.089Z,sell,2.68e-06,1870.0,0.0050116
CVC/BTC,1587741554229,2020-04-24T15:19:14.229Z,buy,2.69e-06,58.0,0.00015602
CVC/BTC,1587741575402,2020-04-24T15:19:35.402Z,sell,2.68e-06,144.0,0.00038592
CVC/BTC,1587741575402,2020-04-24T15:19:35.402Z,sell,2.67e-06,2256.0,0.0060235199999999
CVC/BTC,1587741575402,2020-04-24T15:19:35.402Z,sell,2.67e-06,94.0,0.00025098
CVC/BTC,1587741575402,2020-04-24T15:19:35.402Z,sell,2.66e-06,4906.0,0.01304996
CVC/BTC,1587741576126,2020-04-24T15:19:36.126Z,sell,2.66e-06,37800.0,0.100548
CVC/BTC,1587741576929,2020-04-24T15:19:36.929Z,sell,2.66e-06,15200.0,0.0404319999999999
CVC/BTC,1587741605606,2020-04-24T15:20:05.606Z,sell,2.66e-06,30000.0,0.0798
CVC/BTC,1587741609226,2020-04-24T15:20:09.226Z,buy,2.68e-06,690.0,0.0018492
CVC/BTC,1587741623062,2020-04-24T15:20:23.062Z,buy,2.67e-06,187.0,0.00049929
CVC/BTC,1587741691252,2020-04-24T15:21:31.252Z,sell,2.67e-06,6500.0,0.017355
CVC/BTC,1587741824040,2020-04-24T15:23:44.040Z,sell,2.67e-06,13.0,3.471e-05
CVC/BTC,1587741892022,2020-04-24T15:24:52.022Z,buy,2.67e-06,1498.0,0.0039996599999999
CVC/BTC,1587742035094,2020-04-24T15:27:15.094Z,sell,2.66e-06,1044.0,0.00277704
CVC/BTC,1587742238695,2020-04-24T15:30:38.695Z,buy,2.67e-06,75.0,0.00020025
CVC/BTC,1587742279297,2020-04-24T15:31:19.297Z,buy,2.67e-06,75.0,0.00020025
CVC/BTC,1587742356675,2020-04-24T15:32:36.675Z,buy,2.67e-06,7721.0,0.02061507
CVC/BTC,1587742356796,2020-04-24T15:32:36.796Z,sell,2.67e-06,1116.0,0.00297972
CVC/BTC,1587742356806,2020-04-24T15:32:36.806Z,sell,2.67e-06,566.0,0.00151122
CVC/BTC,1587742357120,2020-04-24T15:32:37.120Z,sell,2.67e-06,752.0,0.00200784
CVC/BTC,1587742358070,2020-04-24T15:32:38.070Z,sell,2.67e-06,653.0,0.00174351
CVC/BTC,1587742373584,2020-04-24T15:32:53.584Z,buy,2.68e-06,12052.0,0.03229936
CVC/BTC,1587742373597,2020-04-24T15:32:53.597Z,sell,2.68e-06,6741.0,0.01806588
CVC/BTC,1587742407802,2020-04-24T15:33:27.802Z,buy,2.69e-06,4740.0,0.0127506
CVC/BTC,1587742410136,2020-04-24T15:33:30.136Z,sell,2.68e-06,2708.0,0.00725744
CVC/BTC,1587742465027,2020-04-24T15:34:25.027Z,sell,2.68e-06,263.0,0.00070484
CVC/BTC,1587742466696,2020-04-24T15:34:26.696Z,sell,2.67e-06,1920.0,0.0051264
CVC/BTC,1587742907756,2020-04-24T15:41:47.756Z,sell,2.66e-06,32600.0,0.086716
CVC/BTC,1587742907773,2020-04-24T15:41:47.773Z,sell,2.66e-06,29.0,7.714e-05
CVC/BTC,1587742910450,2020-04-24T15:41:50.450Z,buy,2.66e-06,76.0,0.00020216
CVC/BTC,1587742925422,2020-04-24T15:42:05.422Z,buy,2.66e-06,12295.0,0.0327046999999999
CVC/BTC,1587742925422,2020-04-24T15:42:05.422Z,buy,2.66e-06,12295.0,0.0327046999999999
CVC/BTC,1587743768017,2020-04-24T15:56:08.017Z,sell,2.65e-06,2000.0,0.0053
CVC/BTC,1587743770086,2020-04-24T15:56:10.086Z,sell,2.65e-06,74.0,0.0001961
CVC/BTC,1587744013546,2020-04-24T16:00:13.546Z,buy,2.67e-06,377.0,0.00100659
CVC/BTC,1587744190182,2020-04-24T16:03:10.182Z,buy,2.68e-06,560.0,0.0015008
CVC/BTC,1587744195943,2020-04-24T16:03:15.943Z,sell,2.67e-06,184.0,0.00049128
CVC/BTC,1587744282089,2020-04-24T16:04:42.089Z,sell,2.67e-06,1126.0,0.0030064199999999
CVC/BTC,1587744284092,2020-04-24T16:04:44.092Z,sell,2.67e-06,1315.0,0.00351105
CVC/BTC,1587744355956,2020-04-24T16:05:55.956Z,buy,2.68e-06,430.0,0.0011524
CVC/BTC,1587744384705,2020-04-24T16:06:24.705Z,buy,2.68e-06,2539.0,0.00680452
CVC/BTC,1587744384726,2020-04-24T16:06:24.726Z,sell,2.68e-06,9213.0,0.02469084
CVC/BTC,1587744440570,2020-04-24T16:07:20.570Z,buy,2.68e-06,38.0,0.00010184
CVC/BTC,1587744440581,2020-04-24T16:07:20.581Z,sell,2.68e-06,762.0,0.00204216
CVC/BTC,1587744443183,2020-04-24T16:07:23.183Z,buy,2.69e-06,1370.0,0.0036853
CVC/BTC,1587744453041,2020-04-24T16:07:33.041Z,buy,2.69e-06,1541.0,0.00414529
CVC/BTC,1587744458218,2020-04-24T16:07:38.218Z,buy,2.69e-06,50.0,0.0001345
CVC/BTC,1587744545097,2020-04-24T16:09:05.097Z,sell,2.67e-06,1500.0,0.004005
CVC/BTC,1587744548217,2020-04-24T16:09:08.217Z,buy,2.68e-06,265.0,0.0007102
CVC/BTC,1587744623376,2020-04-24T16:10:23.376Z,buy,2.69e-06,149.0,0.00040081
CVC/BTC,1587744625612,2020-04-24T16:10:25.612Z,sell,2.68e-06,75.0,0.000201
CVC/BTC,1587744631714,2020-04-24T16:10:31.714Z,sell,2.68e-06,75.0,0.000201
CVC/BTC,1587744665483,2020-04-24T16:11:05.483Z,sell,2.67e-06,2864.0,0.00764688
CVC/BTC,1587744668055,2020-04-24T16:11:08.055Z,buy,2.68e-06,266.0,0.00071288
CVC/BTC,1587744669099,2020-04-24T16:11:09.099Z,buy,2.68e-06,187.0,0.00050116
CVC/BTC,1587745198112,2020-04-24T16:19:58.112Z,sell,2.67e-06,2379.0,0.0063519299999999
CVC/BTC,1587745200748,2020-04-24T16:20:00.748Z,buy,2.68e-06,265.0,0.0007102
CVC/BTC,1587745203056,2020-04-24T16:20:03.056Z,buy,2.68e-06,187.0,0.00050116
CVC/BTC,1587745357212,2020-04-24T16:22:37.212Z,buy,2.69e-06,14300.0,0.038467
CVC/BTC,1587745357949,2020-04-24T16:22:37.949Z,buy,2.69e-06,17900.0,0.048151
CVC/BTC,1587745369094,2020-04-24T16:22:49.094Z,buy,2.69e-06,2227.0,0.00599063
CVC/BTC,1587745495094,2020-04-24T16:24:55.094Z,buy,2.69e-06,2041.0,0.00549029
CVC/BTC,1587745508572,2020-04-24T16:25:08.572Z,buy,2.69e-06,10400.0,0.027976
CVC/BTC,1587745508898,2020-04-24T16:25:08.898Z,buy,2.69e-06,74.0,0.00019906
CVC/BTC,1587745539572,2020-04-24T16:25:39.572Z,buy,2.69e-06,1500.0,0.004035
CVC/BTC,1587745540138,2020-04-24T16:25:40.138Z,buy,2.7e-06,2576.0,0.0069552
CVC/BTC,1587745540653,2020-04-24T16:25:40.653Z,buy,2.7e-06,4452.0,0.0120204
CVC/BTC,1587745639612,2020-04-24T16:27:19.612Z,buy,2.7e-06,61.0,0.0001647
CVC/BTC,1587745763042,2020-04-24T16:29:23.042Z,buy,2.7e-06,2000.0,0.0054
CVC/BTC,1587745765552,2020-04-24T16:29:25.552Z,sell,2.69e-06,187.0,0.00050303
CVC/BTC,1587745765552,2020-04-24T16:29:25.552Z,sell,2.68e-06,171.0,0.00045828
CVC/BTC,1587745765552,2020-04-24T16:29:25.552Z,sell,2.68e-06,103.0,0.00027604
CVC/BTC,1587745781786,2020-04-24T16:29:41.786Z,sell,2.69e-06,1458.0,0.00392202
CVC/BTC,1587745839326,2020-04-24T16:30:39.326Z,buy,2.7e-06,2136.0,0.0057672
CVC/BTC,1587745911819,2020-04-24T16:31:51.819Z,buy,2.7e-06,40.0,0.000108
CVC/BTC,1587745996761,2020-04-24T16:33:16.761Z,buy,2.7e-06,40.0,0.000108
CVC/BTC,1587746343089,2020-04-24T16:39:03.089Z,buy,2.7e-06,741.0,0.0020007
CVC/BTC,1587746345099,2020-04-24T16:39:05.099Z,buy,2.7e-06,741.0,0.0020007
CVC/BTC,1587746393368,2020-04-24T16:39:53.368Z,sell,2.69e-06,59.0,0.00015871
CVC/BTC,1587746397812,2020-04-24T16:39:57.812Z,buy,2.7e-06,22800.0,0.06156
CVC/BTC,1587746398587,2020-04-24T16:39:58.587Z,buy,2.7e-06,1986.0,0.0053622
CVC/BTC,1587746400166,2020-04-24T16:40:00.166Z,sell,2.7e-06,152.0,0.0004104
CVC/BTC,1587746431683,2020-04-24T16:40:31.683Z,sell,2.7e-06,1548.0,0.0041796
CVC/BTC,1587746470603,2020-04-24T16:41:10.603Z,buy,2.71e-06,15800.0,0.0428179999999999
CVC/BTC,1587746493077,2020-04-24T16:41:33.077Z,buy,2.72e-06,27837.0,0.0757166399999999
CVC/BTC,1587746493093,2020-04-24T16:41:33.093Z,sell,2.72e-06,3246.0,0.00882912
CVC/BTC,1587746493095,2020-04-24T16:41:33.095Z,sell,2.72e-06,11856.0,0.03224832
CVC/BTC,1587746493097,2020-04-24T16:41:33.097Z,sell,2.72e-06,430.0,0.0011695999999999
CVC/BTC,1587746496209,2020-04-24T16:41:36.209Z,sell,2.71e-06,862.0,0.00233602
CVC/BTC,1587746496937,2020-04-24T16:41:36.937Z,sell,2.71e-06,1393.0,0.00377503
CVC/BTC,1587746499293,2020-04-24T16:41:39.293Z,sell,2.71e-06,405.0,0.0010975499999999
CVC/BTC,1587746499293,2020-04-24T16:41:39.293Z,sell,2.71e-06,405.0,0.0010975499999999
CVC/BTC,1587746540394,2020-04-24T16:42:20.394Z,sell,2.71e-06,467.0,0.00126557
CVC/BTC,1587746540394,2020-04-24T16:42:20.394Z,sell,2.7e-06,4365.0,0.0117854999999999
CVC/BTC,1587746540394,2020-04-24T16:42:20.394Z,sell,2.7e-06,318.0,0.0008585999999999
CVC/BTC,1587746542273,2020-04-24T16:42:22.273Z,sell,2.69e-06,630.0,0.0016947
CVC/BTC,1587746542283,2020-04-24T16:42:22.283Z,sell,2.69e-06,1855.0,0.00498995
CVC/BTC,1587746542637,2020-04-24T16:42:22.637Z,sell,2.69e-06,3703.0,0.00996107
CVC/BTC,1587746542932,2020-04-24T16:42:22.932Z,sell,2.69e-06,146.0,0.00039274
CVC/BTC,1587746545142,2020-04-24T16:42:25.142Z,sell,2.69e-06,4477.0,0.01204313
CVC/BTC,1587746545386,2020-04-24T16:42:25.386Z,buy,2.7e-06,1458.0,0.0039366
CVC/BTC,1587746545506,2020-04-24T16:42:25.506Z,sell,2.7e-06,766.0,0.0020682
CVC/BTC,1587746545506,2020-04-24T16:42:25.506Z,sell,2.69e-06,10438.0,0.02807822
CVC/BTC,1587746552317,2020-04-24T16:42:32.317Z,sell,2.7e-06,187.0,0.0005049
CVC/BTC,1587746597398,2020-04-24T16:43:17.398Z,buy,2.7e-06,186.0,0.0005022
CVC/BTC,1587746635960,2020-04-24T16:43:55.960Z,buy,2.7e-06,1124.0,0.0030348
CVC/BTC,1587746651731,2020-04-24T16:44:11.731Z,buy,2.71e-06,3900.0,0.010569
CVC/BTC,1587746652906,2020-04-24T16:44:12.906Z,buy,2.71e-06,42.0,0.0001138199999999
CVC/BTC,1587746652906,2020-04-24T16:44:12.906Z,buy,2.72e-06,10958.0,0.0298057599999999
CVC/BTC,1587746653053,2020-04-24T16:44:13.053Z,buy,2.72e-06,13382.0,0.03639904
CVC/BTC,1587746653097,2020-04-24T16:44:13.097Z,buy,2.72e-06,2540.0,0.0069088
CVC/BTC,1587746669155,2020-04-24T16:44:29.155Z,sell,2.71e-06,1558.0,0.00422218
CVC/BTC,1587746721851,2020-04-24T16:45:21.851Z,buy,2.72e-06,18700.0,0.050864
CVC/BTC,1587746726762,2020-04-24T16:45:26.762Z,buy,2.72e-06,1551.0,0.00421872
CVC/BTC,1587746726769,2020-04-24T16:45:26.769Z,buy,2.72e-06,1546.0,0.00420512
CVC/BTC,1587746726849,2020-04-24T16:45:26.849Z,sell,2.71e-06,5164.0,0.0139944399999999
CVC/BTC,1587746727068,2020-04-24T16:45:27.068Z,sell,2.71e-06,334.0,0.0009051399999999
CVC/BTC,1587746738096,2020-04-24T16:45:38.096Z,buy,2.72e-06,2571.0,0.0069931199999999
CVC/BTC,1587746742096,2020-04-24T16:45:42.096Z,buy,2.72e-06,2571.0,0.0069931199999999
CVC/BTC,1587746747092,2020-04-24T16:45:47.092Z,buy,2.72e-06,2571.0,0.0069931199999999
CVC/BTC,1587746773166,2020-04-24T16:46:13.166Z,buy,2.72e-06,25800.0,0.0701759999999999
CVC/BTC,1587746786327,2020-04-24T16:46:26.327Z,buy,2.72e-06,21900.0,0.0595679999999999
CVC/BTC,1587746799212,2020-04-24T16:46:39.212Z,buy,2.72e-06,29900.0,0.081328
CVC/BTC,1587746799396,2020-04-24T16:46:39.396Z,buy,2.72e-06,2939.0,0.0079940799999999
CVC/BTC,1587746799413,2020-04-24T16:46:39.413Z,sell,2.72e-06,582.0,0.00158304
CVC/BTC,1587746799423,2020-04-24T16:46:39.423Z,sell,2.72e-06,678.0,0.0018441599999999
CVC/BTC,1587746799425,2020-04-24T16:46:39.425Z,sell,2.72e-06,4991.0,0.0135755199999999
CVC/BTC,1587746800279,2020-04-24T16:46:40.279Z,sell,2.72e-06,600.0,0.0016319999999999
CVC/BTC,1587746825025,2020-04-24T16:47:05.025Z,sell,2.72e-06,5336.0,0.01451392
CVC/BTC,1587746830555,2020-04-24T16:47:10.555Z,buy,2.72e-06,38.0,0.0001033599999999
CVC/BTC,1587746877101,2020-04-24T16:47:57.101Z,buy,2.72e-06,2562.0,0.0069686399999999
CVC/BTC,1587746877258,2020-04-24T16:47:57.258Z,buy,2.72e-06,5731.0,0.01558832
CVC/BTC,1587746878527,2020-04-24T16:47:58.527Z,buy,2.72e-06,2494.0,0.0067836799999999
CVC/BTC,1587746879596,2020-04-24T16:47:59.596Z,buy,2.72e-06,4968.0,0.01351296
CVC/BTC,1587746894934,2020-04-24T16:48:14.934Z,sell,2.71e-06,39693.0,0.10756803
CVC/BTC,1587746894934,2020-04-24T16:48:14.934Z,sell,2.71e-06,207.0,0.0005609699999999
CVC/BTC,1587746953728,2020-04-24T16:49:13.728Z,sell,2.7e-06,22374.0,0.0604098
CVC/BTC,1587746955928,2020-04-24T16:49:15.928Z,buy,2.71e-06,799.0,0.00216529
CVC/BTC,1587747203930,2020-04-24T16:53:23.930Z,buy,2.72e-06,14500.0,0.0394399999999999
CVC/BTC,1587747362050,2020-04-24T16:56:02.050Z,buy,2.72e-06,111.0,0.0003019199999999
CVC/BTC,1587747362050,2020-04-24T16:56:02.050Z,buy,2.73e-06,47512.0,0.12970776
CVC/BTC,1587747381060,2020-04-24T16:56:21.060Z,buy,2.73e-06,39468.0,0.10774764
CVC/BTC,1587747639615,2020-04-24T17:00:39.615Z,sell,2.71e-06,559.0,0.0015148899999999
CVC/BTC,1587747639615,2020-04-24T17:00:39.615Z,sell,2.71e-06,256.0,0.00069376
CVC/BTC,1587747639615,2020-04-24T17:00:39.615Z,sell,2.71e-06,148.0,0.00040108
CVC/BTC,1587747660081,2020-04-24T17:01:00.081Z,sell,2.71e-06,3589.0,0.00972619
CVC/BTC,1587747660153,2020-04-24T17:01:00.153Z,buy,2.71e-06,114.0,0.00030894
CVC/BTC,1587747667057,2020-04-24T17:01:07.057Z,sell,2.71e-06,37.0,0.00010027
CVC/BTC,1587747667057,2020-04-24T17:01:07.057Z,sell,2.7e-06,37416.0,0.1010232
CVC/BTC,1587747721614,2020-04-24T17:02:01.614Z,sell,2.7e-06,377.0,0.0010179
CVC/BTC,1587748113426,2020-04-24T17:08:33.426Z,buy,2.72e-06,3600.0,0.0097919999999999
CVC/BTC,1587748503596,2020-04-24T17:15:03.596Z,buy,2.72e-06,54.0,0.0001468799999999
CVC/BTC,1587748508619,2020-04-24T17:15:08.619Z,buy,2.72e-06,37.0,0.00010064
CVC/BTC,1587748882064,2020-04-24T17:21:22.064Z,buy,2.72e-06,99.0,0.00026928
CVC/BTC,1587748882064,2020-04-24T17:21:22.064Z,buy,2.73e-06,401.0,0.00109473
CVC/BTC,1587749248524,2020-04-24T17:27:28.524Z,sell,2.71e-06,3127.0,0.00847417
CVC/BTC,1587749248524,2020-04-24T17:27:28.524Z,sell,2.7e-06,176762.0,0.4772574
CVC/BTC,1587749251121,2020-04-24T17:27:31.121Z,sell,2.7e-06,189.0,0.0005103
CVC/BTC,1587749251336,2020-04-24T17:27:31.336Z,sell,2.7e-06,246.0,0.0006642
CVC/BTC,1587749488092,2020-04-24T17:31:28.092Z,buy,2.71e-06,738.0,0.0019999799999999
CVC/BTC,1587749688050,2020-04-24T17:34:48.050Z,buy,2.71e-06,61.0,0.00016531
CVC/BTC,1587749717107,2020-04-24T17:35:17.107Z,sell,2.71e-06,21.0,5.691e-05
CVC/BTC,1587749798047,2020-04-24T17:36:38.047Z,buy,2.72e-06,212.0,0.00057664
CVC/BTC,1587749798047,2020-04-24T17:36:38.047Z,buy,2.72e-06,212.0,0.00057664
CVC/BTC,1587750243623,2020-04-24T17:44:03.623Z,sell,2.7e-06,834.0,0.0022518
CVC/BTC,1587750387100,2020-04-24T17:46:27.100Z,sell,2.7e-06,271.0,0.0007317
CVC/BTC,1587750389465,2020-04-24T17:46:29.465Z,buy,2.7e-06,554.0,0.0014958
CVC/BTC,1587750422311,2020-04-24T17:47:02.311Z,buy,2.7e-06,1316.0,0.0035532
CVC/BTC,1587750443416,2020-04-24T17:47:23.416Z,buy,2.71e-06,985.0,0.00266935
CVC/BTC,1587750443416,2020-04-24T17:47:23.416Z,buy,2.72e-06,119332.0,0.32458304
CVC/BTC,1587750443554,2020-04-24T17:47:23.554Z,buy,2.72e-06,5358.0,0.0145737599999999
CVC/BTC,1587750875612,2020-04-24T17:54:35.612Z,sell,2.71e-06,2939.0,0.00796469
CVC/BTC,1587750875612,2020-04-24T17:54:35.612Z,sell,2.7e-06,5667.0,0.0153009
CVC/BTC,1587750875612,2020-04-24T17:54:35.612Z,sell,2.69e-06,38969.0,0.10482661
CVC/BTC,1587750878783,2020-04-24T17:54:38.783Z,buy,2.7e-06,1458.0,0.0039366
CVC/BTC,1587750958270,2020-04-24T17:55:58.270Z,buy,2.71e-06,58.0,0.0001571799999999
CVC/BTC,1587751154064,2020-04-24T17:59:14.064Z,buy,2.7e-06,1528.0,0.0041256
CVC/BTC,1587751154065,2020-04-24T17:59:14.065Z,buy,2.7e-06,48.0,0.0001296
CVC/BTC,1587751169844,2020-04-24T17:59:29.844Z,buy,2.71e-06,1275.0,0.00345525
CVC/BTC,1587751170023,2020-04-24T17:59:30.023Z,buy,2.71e-06,866.0,0.00234686
CVC/BTC,1587751170235,2020-04-24T17:59:30.235Z,buy,2.71e-06,588.0,0.00159348
CVC/BTC,1587751170435,2020-04-24T17:59:30.435Z,buy,2.71e-06,405.0,0.0010975499999999
CVC/BTC,1587751177792,2020-04-24T17:59:37.792Z,buy,2.71e-06,845.0,0.00228995
CVC/BTC,1587751723066,2020-04-24T18:08:43.066Z,sell,2.7e-06,668.0,0.0018036
CVC/BTC,1587752159871,2020-04-24T18:15:59.871Z,sell,2.7e-06,317.0,0.0008559
CVC/BTC,1587752221099,2020-04-24T18:17:01.099Z,buy,2.7e-06,2583.0,0.0069741
CVC/BTC,1587752280086,2020-04-24T18:18:00.086Z,buy,2.7e-06,4018.0,0.0108486
CVC/BTC,1587752492562,2020-04-24T18:21:32.562Z,buy,2.7e-06,407.0,0.0010989
CVC/BTC,1587752572743,2020-04-24T18:22:52.743Z,sell,2.69e-06,375.0,0.00100875
CVC/BTC,1587752723522,2020-04-24T18:25:23.522Z,sell,2.69e-06,47104.0,0.12670976
CVC/BTC,1587752723537,2020-04-24T18:25:23.537Z,buy,2.69e-06,1336.0,0.00359384
CVC/BTC,1587752723550,2020-04-24T18:25:23.550Z,buy,2.69e-06,810.0,0.0021789
CVC/BTC,1587752723639,2020-04-24T18:25:23.639Z,buy,2.69e-06,2495.0,0.00671155
CVC/BTC,1587752723650,2020-04-24T18:25:23.650Z,buy,2.69e-06,9009.0,0.02423421
CVC/BTC,1587752734940,2020-04-24T18:25:34.940Z,buy,2.7e-06,3545.0,0.0095715
CVC/BTC,1587752799382,2020-04-24T18:26:39.382Z,buy,2.7e-06,407.0,0.0010989
CVC/BTC,1587752799382,2020-04-24T18:26:39.382Z,buy,2.7e-06,407.0,0.0010989
CVC/BTC,1587753583165,2020-04-24T18:39:43.165Z,buy,2.7e-06,1730.0,0.004671
CVC/BTC,1587753920303,2020-04-24T18:45:20.303Z,buy,2.69e-06,190.0,0.0005111
CVC/BTC,1587754254192,2020-04-24T18:50:54.192Z,buy,2.7e-06,20211.0,0.0545697
CVC/BTC,1587754254192,2020-04-24T18:50:54.192Z,buy,2.71e-06,3753.0,0.01017063
CVC/BTC,1587754254192,2020-04-24T18:50:54.192Z,buy,2.72e-06,191594.0,0.52113568
CVC/BTC,1587754254269,2020-04-24T18:50:54.269Z,buy,2.72e-06,18100.0,0.049232
CVC/BTC,1587754255057,2020-04-24T18:50:55.057Z,buy,2.72e-06,6800.0,0.018496
CVC/BTC,1587754255410,2020-04-24T18:50:55.410Z,buy,2.72e-06,26310.0,0.0715632
CVC/BTC,1587754257251,2020-04-24T18:50:57.251Z,sell,2.71e-06,187.0,0.00050677
CVC/BTC,1587754388481,2020-04-24T18:53:08.481Z,sell,2.71e-06,38.0,0.0001029799999999
CVC/BTC,1587754612902,2020-04-24T18:56:52.902Z,sell,2.71e-06,2710.0,0.0073441
CVC/BTC,1587754640640,2020-04-24T18:57:20.640Z,sell,2.71e-06,4.0,1.084e-05
CVC/BTC,1587754640640,2020-04-24T18:57:20.640Z,sell,2.7e-06,6481.0,0.0174987
CVC/BTC,1587754640648,2020-04-24T18:57:20.648Z,buy,2.7e-06,12931.0,0.0349137
CVC/BTC,1587754640653,2020-04-24T18:57:20.653Z,buy,2.7e-06,3456.0,0.0093312
CVC/BTC,1587754640657,2020-04-24T18:57:20.657Z,buy,2.7e-06,4019.0,0.0108513
CVC/BTC,1587754644674,2020-04-24T18:57:24.674Z,sell,2.7e-06,232.0,0.0006264
CVC/BTC,1587754892363,2020-04-24T19:01:32.363Z,buy,2.71e-06,986.0,0.00267206
CVC/BTC,1587754892363,2020-04-24T19:01:32.363Z,buy,2.72e-06,2120.0,0.0057664
CVC/BTC,1587754912346,2020-04-24T19:01:52.346Z,buy,2.72e-06,6087.0,0.0165566399999999
CVC/BTC,1587755243416,2020-04-24T19:07:23.416Z,sell,2.71e-06,550.0,0.0014904999999999
CVC/BTC,1587755395399,2020-04-24T19:09:55.399Z,sell,2.71e-06,2819.0,0.00763949
CVC/BTC,1587755399677,2020-04-24T19:09:59.677Z,sell,2.7e-06,5451.0,0.0147177
CVC/BTC,1587755405461,2020-04-24T19:10:05.461Z,sell,2.69e-06,31198.0,0.08392262
CVC/BTC,1587755497276,2020-04-24T19:11:37.276Z,buy,2.7e-06,1458.0,0.0039366
CVC/BTC,1587755497276,2020-04-24T19:11:37.276Z,buy,2.71e-06,7079.0,0.01918409
CVC/BTC,1587755497276,2020-04-24T19:11:37.276Z,buy,2.72e-06,4476.0,0.0121747199999999
CVC/BTC,1587755497276,2020-04-24T19:11:37.276Z,buy,2.73e-06,3831.0,0.01045863
CVC/BTC,1587755519061,2020-04-24T19:11:59.061Z,buy,2.72e-06,187.0,0.00050864
CVC/BTC,1587755519061,2020-04-24T19:11:59.061Z,buy,2.73e-06,9846.0,0.02687958
CVC/BTC,1587755551584,2020-04-24T19:12:31.584Z,buy,2.73e-06,1831.0,0.00499863
CVC/BTC,1587755872059,2020-04-24T19:17:52.059Z,buy,2.73e-06,39653.0,0.10825269
CVC/BTC,1587756314557,2020-04-24T19:25:14.557Z,buy,2.73e-06,73.0,0.00019929
CVC/BTC,1587756314557,2020-04-24T19:25:14.557Z,buy,2.73e-06,73.0,0.00019929
CVC/BTC,1587756821775,2020-04-24T19:33:41.775Z,buy,2.72e-06,73.0,0.00019856
CVC/BTC,1587756830019,2020-04-24T19:33:50.019Z,buy,2.72e-06,148.0,0.00040256
CVC/BTC,1587757241176,2020-04-24T19:40:41.176Z,sell,2.71e-06,66.0,0.00017886
CVC/BTC,1587757348976,2020-04-24T19:42:28.976Z,sell,2.71e-06,2765.0,0.00749315
CVC/BTC,1587757348992,2020-04-24T19:42:28.992Z,sell,2.71e-06,369.0,0.0009999899999999
CVC/BTC,1587757353169,2020-04-24T19:42:33.169Z,sell,2.71e-06,74.0,0.00020054
CVC/BTC,1587757923344,2020-04-24T19:52:03.344Z,sell,2.7e-06,120.0,0.000324
CVC/BTC,1587757923344,2020-04-24T19:52:03.344Z,sell,2.7e-06,503.0,0.0013580999999999
CVC/BTC,1587758113275,2020-04-24T19:55:13.275Z,sell,2.7e-06,11029.0,0.0297783
CVC/BTC,1587758113275,2020-04-24T19:55:13.275Z,sell,2.69e-06,28584.0,0.07689096
CVC/BTC,1587758115727,2020-04-24T19:55:15.727Z,buy,2.7e-06,1459.0,0.0039393
CVC/BTC,1587758125091,2020-04-24T19:55:25.091Z,buy,2.71e-06,641.0,0.0017371099999999
CVC/BTC,1587758418613,2020-04-24T20:00:18.613Z,buy,2.71e-06,929.0,0.00251759
CVC/BTC,1587758424722,2020-04-24T20:00:24.722Z,buy,2.71e-06,4475.0,0.01212725
CVC/BTC,1587758424722,2020-04-24T20:00:24.722Z,buy,2.72e-06,1080.0,0.0029376
CVC/BTC,1587758464884,2020-04-24T20:01:04.884Z,sell,2.7e-06,38.0,0.0001026
CVC/BTC,1587758645568,2020-04-24T20:04:05.568Z,buy,2.72e-06,7488.0,0.0203673599999999
CVC/BTC,1587758648091,2020-04-24T20:04:08.091Z,sell,2.71e-06,2580.0,0.0069917999999999
CVC/BTC,1587758709972,2020-04-24T20:05:09.972Z,sell,2.71e-06,547.0,0.00148237
CVC/BTC,1587758783801,2020-04-24T20:06:23.801Z,sell,2.71e-06,122.0,0.00033062
CVC/BTC,1587758796632,2020-04-24T20:06:36.632Z,sell,2.7e-06,1302.0,0.0035154
CVC/BTC,1587758796632,2020-04-24T20:06:36.632Z,sell,2.7e-06,1302.0,0.0035154
CVC/BTC,1587760039876,2020-04-24T20:27:19.876Z,sell,2.7e-06,3100.0,0.00837
CVC/BTC,1587760039883,2020-04-24T20:27:19.883Z,sell,2.7e-06,34.0,9.18e-05
CVC/BTC,1587760039900,2020-04-24T20:27:19.900Z,buy,2.7e-06,3074.0,0.0082998
CVC/BTC,1587760039966,2020-04-24T20:27:19.966Z,buy,2.7e-06,60.0,0.000162
CVC/BTC,1587760280311,2020-04-24T20:31:20.311Z,buy,2.71e-06,744.0,0.00201624
CVC/BTC,1587760376313,2020-04-24T20:32:56.313Z,buy,2.71e-06,391.0,0.00105961
CVC/BTC,1587760848002,2020-04-24T20:40:48.002Z,buy,2.71e-06,148.0,0.00040108
CVC/BTC,1587761427033,2020-04-24T20:50:27.033Z,sell,2.7e-06,874.0,0.0023598
CVC/BTC,1587761430954,2020-04-24T20:50:30.954Z,buy,2.7e-06,75.0,0.0002025
CVC/BTC,1587761435827,2020-04-24T20:50:35.827Z,buy,2.7e-06,1052.0,0.0028404
CVC/BTC,1587761468696,2020-04-24T20:51:08.696Z,buy,2.7e-06,38.0,0.0001026
CVC/BTC,1587761850938,2020-04-24T20:57:30.938Z,buy,2.7e-06,3136.0,0.0084672
CVC/BTC,1587762088767,2020-04-24T21:01:28.767Z,buy,2.7e-06,2617.0,0.0070659
CVC/BTC,1587762088767,2020-04-24T21:01:28.767Z,buy,2.7e-06,2617.0,0.0070659
CVC/BTC,1587762565983,2020-04-24T21:09:25.983Z,sell,2.69e-06,9262.0,0.02491478
CVC/BTC,1587762713863,2020-04-24T21:11:53.863Z,sell,2.69e-06,3317.0,0.00892273
CVC/BTC,1587762862483,2020-04-24T21:14:22.483Z,sell,2.69e-06,169.0,0.00045461
CVC/BTC,1587763481694,2020-04-24T21:24:41.694Z,sell,2.69e-06,6713.0,0.01805797
CVC/BTC,1587763481868,2020-04-24T21:24:41.868Z,sell,2.69e-06,2612.0,0.00702628
CVC/BTC,1587763517483,2020-04-24T21:25:17.483Z,sell,2.69e-06,23153.0,0.06228157
CVC/BTC,1587763799540,2020-04-24T21:29:59.540Z,buy,2.7e-06,4899.0,0.0132272999999999
CVC/BTC,1587763799540,2020-04-24T21:29:59.540Z,buy,2.7e-06,20.0,5.4e-05
CVC/BTC,1587764698777,2020-04-24T21:44:58.777Z,buy,2.71e-06,4352.0,0.01179392
CVC/BTC,1587764744181,2020-04-24T21:45:44.181Z,buy,2.71e-06,19646.0,0.0532406599999999
CVC/BTC,1587764744292,2020-04-24T21:45:44.292Z,buy,2.71e-06,18380.0,0.0498098
CVC/BTC,1587765456073,2020-04-24T21:57:36.073Z,buy,2.71e-06,38.0,0.0001029799999999
CVC/BTC,1587765456073,2020-04-24T21:57:36.073Z,buy,2.72e-06,1190.0,0.0032367999999999
CVC/BTC,1587765599138,2020-04-24T21:59:59.138Z,buy,2.72e-06,4904.0,0.01333888
CVC/BTC,1587765599156,2020-04-24T21:59:59.156Z,buy,2.72e-06,1705.0,0.0046375999999999
CVC/BTC,1587765599156,2020-04-24T21:59:59.156Z,buy,2.72e-06,1705.0,0.0046375999999999
CVC/BTC,1587765835487,2020-04-24T22:03:55.487Z,buy,2.72e-06,4904.0,0.01333888
CVC/BTC,1587765835503,2020-04-24T22:03:55.503Z,buy,2.72e-06,4904.0,0.01333888
CVC/BTC,1587765835520,2020-04-24T22:03:55.520Z,buy,2.72e-06,4904.0,0.01333888
CVC/BTC,1587765835654,2020-04-24T22:03:55.654Z,buy,2.72e-06,2218.0,0.0060329599999999
CVC/BTC,1587765845051,2020-04-24T22:04:05.051Z,buy,2.72e-06,12.0,3.264e-05
CVC/BTC,1587765948973,2020-04-24T22:05:48.973Z,buy,2.72e-06,57.0,0.0001550399999999
CVC/BTC,1587766571455,2020-04-24T22:16:11.455Z,sell,2.71e-06,43.0,0.00011653
CVC/BTC,1587768295547,2020-04-24T22:44:55.547Z,buy,2.73e-06,4904.0,0.01338792
CVC/BTC,1587768296320,2020-04-24T22:44:56.320Z,buy,2.73e-06,19022.0,0.05193006
CVC/BTC,1587768296543,2020-04-24T22:44:56.543Z,buy,2.73e-06,19312.0,0.05272176
CVC/BTC,1587768296738,2020-04-24T22:44:56.738Z,buy,2.73e-06,19591.0,0.05348343
CVC/BTC,1587769169488,2020-04-24T22:59:29.488Z,buy,2.73e-06,367.0,0.00100191
CVC/BTC,1587769169488,2020-04-24T22:59:29.488Z,buy,2.73e-06,367.0,0.00100191
CVC/BTC,1587769451977,2020-04-24T23:04:11.977Z,buy,2.73e-06,7575.0,0.02067975
CVC/BTC,1587769451980,2020-04-24T23:04:11.980Z,buy,2.73e-06,4216.0,0.01150968
CVC/BTC,1587769451985,2020-04-24T23:04:11.985Z,buy,2.73e-06,1505.0,0.00410865
CVC/BTC,1587769451994,2020-04-24T23:04:11.994Z,buy,2.73e-06,12604.0,0.03440892
CVC/BTC,1587769451997,2020-04-24T23:04:11.997Z,buy,2.73e-06,2452.0,0.00669396
CVC/BTC,1587769971200,2020-04-24T23:12:51.200Z,buy,2.73e-06,271.0,0.00073983
CVC/BTC,1587770409147,2020-04-24T23:20:09.147Z,sell,2.72e-06,42.0,0.0001142399999999
CVC/BTC,1587771151395,2020-04-24T23:32:31.395Z,buy,2.74e-06,14.0,3.836e-05
CVC/BTC,1587771158203,2020-04-24T23:32:38.203Z,buy,2.74e-06,1094.0,0.00299756
CVC/BTC,1587771161101,2020-04-24T23:32:41.101Z,sell,2.73e-06,734.0,0.00200382
CVC/BTC,1587771161110,2020-04-24T23:32:41.110Z,sell,2.73e-06,57.0,0.00015561
CVC/BTC,1587771162898,2020-04-24T23:32:42.898Z,sell,2.72e-06,227.0,0.0006174399999999
CVC/BTC,1587771164123,2020-04-24T23:32:44.123Z,buy,2.74e-06,6227.0,0.01706198
CVC/BTC,1587771164771,2020-04-24T23:32:44.771Z,sell,2.72e-06,125.0,0.0003399999999999
CVC/BTC,1587771164771,2020-04-24T23:32:44.771Z,sell,2.71e-06,616.0,0.00166936
CVC/BTC,1587771164771,2020-04-24T23:32:44.771Z,sell,2.71e-06,371.0,0.00100541
CVC/BTC,1587771164771,2020-04-24T23:32:44.771Z,sell,2.71e-06,743.0,0.00201353
CVC/BTC,1587771165151,2020-04-24T23:32:45.151Z,sell,2.73e-06,1465.0,0.00399945
CVC/BTC,1587771165704,2020-04-24T23:32:45.704Z,buy,2.74e-06,290.0,0.0007946
CVC/BTC,1587771174255,2020-04-24T23:32:54.255Z,buy,2.73e-06,187.0,0.00051051
CVC/BTC,1587771174255,2020-04-24T23:32:54.255Z,buy,2.74e-06,761.0,0.00208514
CVC/BTC,1587771188804,2020-04-24T23:33:08.804Z,buy,2.74e-06,560.0,0.0015344
CVC/BTC,1587771261923,2020-04-24T23:34:21.923Z,buy,2.74e-06,183.0,0.00050142
CVC/BTC,1587772393582,2020-04-24T23:53:13.582Z,sell,2.72e-06,3109.0,0.0084564799999999
CVC/BTC,1587772393582,2020-04-24T23:53:13.582Z,sell,2.71e-06,5188.0,0.01405948
CVC/BTC,1587772393582,2020-04-24T23:53:13.582Z,sell,2.7e-06,12957.0,0.0349839
CVC/BTC,1587772393582,2020-04-24T23:53:13.582Z,sell,2.7e-06,376.0,0.0010152
CVC/BTC,1587772395807,2020-04-24T23:53:15.807Z,sell,2.71e-06,799.0,0.00216529
CVC/BTC,1587772396992,2020-04-24T23:53:16.992Z,buy,2.72e-06,13.0,3.536e-05
CVC/BTC,1587772529379,2020-04-24T23:55:29.379Z,buy,2.72e-06,404.0,0.00109888
CVC/BTC,1587772529379,2020-04-24T23:55:29.379Z,buy,2.72e-06,404.0,0.00109888
CVC/BTC,1587773049797,2020-04-25T00:04:09.797Z,buy,2.72e-06,1528.0,0.00415616
CVC/BTC,1587773095902,2020-04-25T00:04:55.902Z,buy,2.72e-06,2731.0,0.0074283199999999
CVC/BTC,1587775256218,2020-04-25T00:40:56.218Z,buy,2.72e-06,58.0,0.0001577599999999
CVC/BTC,1587775256218,2020-04-25T00:40:56.218Z,buy,2.72e-06,58.0,0.0001577599999999
CVC/BTC,1587776516506,2020-04-25T01:01:56.506Z,sell,2.71e-06,8900.0,0.0241189999999999
CVC/BTC,1587776739734,2020-04-25T01:05:39.734Z,sell,2.71e-06,37.0,0.00010027
CVC/BTC,1587776739855,2020-04-25T01:05:39.855Z,buy,2.71e-06,183.0,0.00049593
CVC/BTC,1587777817855,2020-04-25T01:23:37.855Z,sell,2.7e-06,135.0,0.0003645
CVC/BTC,1587778114840,2020-04-25T01:28:34.840Z,sell,2.7e-06,260.0,0.000702
CVC/BTC,1587778621152,2020-04-25T01:37:01.152Z,sell,2.7e-06,2477.0,0.0066879
CVC/BTC,1587778782120,2020-04-25T01:39:42.120Z,sell,2.7e-06,856.0,0.0023112
CVC/BTC,1587778782120,2020-04-25T01:39:42.120Z,sell,2.7e-06,856.0,0.0023112
CVC/BTC,1587779168475,2020-04-25T01:46:08.475Z,sell,2.7e-06,225.0,0.0006075
CVC/BTC,1587779552327,2020-04-25T01:52:32.327Z,buy,2.71e-06,5768.0,0.01563128
CVC/BTC,1587779627849,2020-04-25T01:53:47.849Z,sell,2.7e-06,5878.0,0.0158706
CVC/BTC,1587779883957,2020-04-25T01:58:03.957Z,sell,2.7e-06,5786.0,0.0156222
CVC/BTC,1587779885671,2020-04-25T01:58:05.671Z,sell,2.7e-06,59.0,0.0001593
CVC/BTC,1587779887087,2020-04-25T01:58:07.087Z,sell,2.7e-06,65.0,0.0001755
CVC/BTC,1587779894498,2020-04-25T01:58:14.498Z,sell,2.7e-06,2129.0,0.0057483
CVC/BTC,1587779952506,2020-04-25T01:59:12.506Z,sell,2.69e-06,4532.0,0.01219108
CVC/BTC,1587779970956,2020-04-25T01:59:30.956Z,buy,2.7e-06,1010.0,0.002727
CVC/BTC,1587779970956,2020-04-25T01:59:30.956Z,buy,2.7e-06,1010.0,0.002727
CVC/BTC,1587789011478,2020-04-25T04:30:11.478Z,sell,2.69e-06,15985.0,0.04299965
CVC/BTC,1587789012153,2020-04-25T04:30:12.153Z,sell,2.69e-06,17120.0,0.0460528
CVC/BTC,1587789012487,2020-04-25T04:30:12.487Z,sell,2.69e-06,444.0,0.00119436
CVC/BTC,1587789012712,2020-04-25T04:30:12.712Z,sell,2.69e-06,444.0,0.00119436
CVC/BTC,1587789013173,2020-04-25T04:30:13.173Z,sell,2.69e-06,444.0,0.00119436
CVC/BTC,1587789013547,2020-04-25T04:30:13.547Z,sell,2.69e-06,3873.0,0.01041837
CVC/BTC,1587789013864,2020-04-25T04:30:13.864Z,sell,2.69e-06,444.0,0.00119436
CVC/BTC,1587789014912,2020-04-25T04:30:14.912Z,sell,2.69e-06,444.0,0.00119436
CVC/BTC,1587789017024,2020-04-25T04:30:17.024Z,sell,2.69e-06,8900.0,0.023941
CVC/BTC,1587789017977,2020-04-25T04:30:17.977Z,sell,2.69e-06,3882.0,0.01044258
CVC/BTC,1587789024910,2020-04-25T04:30:24.910Z,sell,2.68e-06,2394.0,0.00641592
CVC/BTC,1587789060904,2020-04-25T04:31:00.904Z,sell,2.68e-06,4588.0,0.01229584
CVC/BTC,1587789063484,2020-04-25T04:31:03.484Z,sell,2.68e-06,4542.0,0.01217256
CVC/BTC,1587789066029,2020-04-25T04:31:06.029Z,sell,2.68e-06,5112.0,0.01370016
CVC/BTC,1587789067309,2020-04-25T04:31:07.309Z,sell,2.68e-06,4389.0,0.01176252
CVC/BTC,1587789078595,2020-04-25T04:31:18.595Z,sell,2.68e-06,4476.0,0.01199568
CVC/BTC,1587789523566,2020-04-25T04:38:43.566Z,sell,2.68e-06,6065.0,0.0162542
CVC/BTC,1587789524200,2020-04-25T04:38:44.200Z,sell,2.68e-06,25656.0,0.06875808
CVC/BTC,1587789524200,2020-04-25T04:38:44.200Z,sell,2.68e-06,25656.0,0.06875808
CVC/BTC,1587789906631,2020-04-25T04:45:06.631Z,buy,2.69e-06,6486.0,0.01744734
CVC/BTC,1587789906645,2020-04-25T04:45:06.645Z,sell,2.69e-06,5385.0,0.01448565
CVC/BTC,1587789906710,2020-04-25T04:45:06.710Z,sell,2.69e-06,6530.0,0.0175657
CVC/BTC,1587789913544,2020-04-25T04:45:13.544Z,buy,2.7e-06,75.0,0.0002025
CVC/BTC,1587789913568,2020-04-25T04:45:13.568Z,buy,2.7e-06,75.0,0.0002025
CVC/BTC,1587789913766,2020-04-25T04:45:13.766Z,buy,2.7e-06,75.0,0.0002025
CVC/BTC,1587789915091,2020-04-25T04:45:15.091Z,buy,2.7e-06,741.0,0.0020007
CVC/BTC,1587789915252,2020-04-25T04:45:15.252Z,buy,2.7e-06,371.0,0.0010017
CVC/BTC,1587789916968,2020-04-25T04:45:16.968Z,buy,2.7e-06,112.0,0.0003024
CVC/BTC,1587789917203,2020-04-25T04:45:17.203Z,buy,2.7e-06,75.0,0.0002025
CVC/BTC,1587789917271,2020-04-25T04:45:17.271Z,buy,2.7e-06,75.0,0.0002025
CVC/BTC,1587789917281,2020-04-25T04:45:17.281Z,buy,2.7e-06,75.0,0.0002025
CVC/BTC,1587789917361,2020-04-25T04:45:17.361Z,buy,2.7e-06,112.0,0.0003024
CVC/BTC,1587789917463,2020-04-25T04:45:17.463Z,buy,2.69e-06,223.0,0.00059987
CVC/BTC,1587789917513,2020-04-25T04:45:17.513Z,buy,2.69e-06,75.0,0.00020175
CVC/BTC,1587789917636,2020-04-25T04:45:17.636Z,buy,2.69e-06,1459.0,0.00392471
CVC/BTC,1587789917772,2020-04-25T04:45:17.772Z,buy,2.69e-06,186.0,0.00050034
CVC/BTC,1587789945265,2020-04-25T04:45:45.265Z,buy,2.7e-06,1569.0,0.0042363
CVC/BTC,1587789957322,2020-04-25T04:45:57.322Z,sell,2.68e-06,29700.0,0.079596
CVC/BTC,1587789958020,2020-04-25T04:45:58.020Z,sell,2.68e-06,1895.0,0.0050786
CVC/BTC,1587789959550,2020-04-25T04:45:59.550Z,sell,2.68e-06,17300.0,0.046364
CVC/BTC,1587790056628,2020-04-25T04:47:36.628Z,buy,2.69e-06,371.0,0.00099799
CVC/BTC,1587790180038,2020-04-25T04:49:40.038Z,sell,2.68e-06,490.0,0.0013132
CVC/BTC,1587790247825,2020-04-25T04:50:47.825Z,buy,2.69e-06,371.0,0.00099799
CVC/BTC,1587790375454,2020-04-25T04:52:55.454Z,sell,2.68e-06,3208.0,0.00859744
CVC/BTC,1587790375454,2020-04-25T04:52:55.454Z,sell,2.67e-06,153.0,0.0004085099999999
CVC/BTC,1587790375454,2020-04-25T04:52:55.454Z,sell,2.67e-06,1220.0,0.0032573999999999
CVC/BTC,1587790375454,2020-04-25T04:52:55.454Z,sell,2.67e-06,610.0,0.0016286999999999
CVC/BTC,1587790375454,2020-04-25T04:52:55.454Z,sell,2.67e-06,611.0,0.0016313699999999
CVC/BTC,1587790509402,2020-04-25T04:55:09.402Z,buy,2.68e-06,114.0,0.00030552
CVC/BTC,1587790529384,2020-04-25T04:55:29.384Z,buy,2.68e-06,151.0,0.00040468
CVC/BTC,1587791049917,2020-04-25T05:04:09.917Z,sell,2.68e-06,24900.0,0.066732
CVC/BTC,1587791150899,2020-04-25T05:05:50.899Z,sell,2.68e-06,22000.0,0.05896
CVC/BTC,1587791150933,2020-04-25T05:05:50.933Z,sell,2.68e-06,22.0,5.8960000000000005e-05
CVC/BTC,1587791174601,2020-04-25T05:06:14.601Z,buy,2.68e-06,54.0,0.00014472
CVC/BTC,1587791365345,2020-04-25T05:09:25.345Z,buy,2.68e-06,1268.0,0.00339824
CVC/BTC,1587791574361,2020-04-25T05:12:54.361Z,sell,2.67e-06,2000.0,0.0053399999999999
CVC/BTC,1587791574407,2020-04-25T05:12:54.407Z,buy,2.68e-06,136.0,0.00036448
CVC/BTC,1587791607259,2020-04-25T05:13:27.259Z,buy,2.68e-06,3120.0,0.0083616
CVC/BTC,1587791732759,2020-04-25T05:15:32.759Z,buy,2.69e-06,445.0,0.00119705
CVC/BTC,1587791754112,2020-04-25T05:15:54.112Z,buy,2.69e-06,6724.0,0.01808756
CVC/BTC,1587791754195,2020-04-25T05:15:54.195Z,sell,2.69e-06,8145.0,0.02191005
CVC/BTC,1587791817962,2020-04-25T05:16:57.962Z,sell,2.68e-06,1000.0,0.00268
CVC/BTC,1587792723682,2020-04-25T05:32:03.682Z,buy,2.7e-06,19816.0,0.0535032
CVC/BTC,1587792723682,2020-04-25T05:32:03.682Z,buy,2.7e-06,19816.0,0.0535032
CVC/BTC,1587793850404,2020-04-25T05:50:50.404Z,sell,2.69e-06,47.0,0.00012643
CVC/BTC,1587794214139,2020-04-25T05:56:54.139Z,buy,2.7e-06,21618.0,0.0583686
CVC/BTC,1587794215833,2020-04-25T05:56:55.833Z,buy,2.71e-06,5900.0,0.015989
CVC/BTC,1587794216469,2020-04-25T05:56:56.469Z,sell,2.69e-06,1708.0,0.00459452
CVC/BTC,1587794218631,2020-04-25T05:56:58.631Z,sell,2.7e-06,620.0,0.001674
CVC/BTC,1587794218790,2020-04-25T05:56:58.790Z,sell,2.7e-06,179.0,0.0004833
CVC/BTC,1587794218826,2020-04-25T05:56:58.826Z,buy,2.7e-06,531.0,0.0014337
CVC/BTC,1587794219858,2020-04-25T05:56:59.858Z,buy,2.7e-06,1458.0,0.0039366
CVC/BTC,1587794246363,2020-04-25T05:57:26.363Z,sell,2.69e-06,18615.0,0.05007435
CVC/BTC,1587794247135,2020-04-25T05:57:27.135Z,buy,2.71e-06,819.0,0.0022194899999999
CVC/BTC,1587794247135,2020-04-25T05:57:27.135Z,buy,2.72e-06,7618.0,0.02072096
CVC/BTC,1587794249321,2020-04-25T05:57:29.321Z,sell,2.71e-06,815.0,0.00220865
CVC/BTC,1587794249434,2020-04-25T05:57:29.434Z,sell,2.71e-06,1217.0,0.0032980699999999
CVC/BTC,1587794290644,2020-04-25T05:58:10.644Z,sell,2.71e-06,471.0,0.00127641
CVC/BTC,1587794291366,2020-04-25T05:58:11.366Z,sell,2.71e-06,438.0,0.00118698
CVC/BTC,1587794291366,2020-04-25T05:58:11.366Z,sell,2.7e-06,1515.0,0.0040905
CVC/BTC,1587794302907,2020-04-25T05:58:22.907Z,sell,2.7e-06,820.0,0.002214
CVC/BTC,1587794310192,2020-04-25T05:58:30.192Z,buy,2.7e-06,1865.0,0.0050355
CVC/BTC,1587794371144,2020-04-25T05:59:31.144Z,sell,2.69e-06,187.0,0.00050303
CVC/BTC,1587795740958,2020-04-25T06:22:20.958Z,sell,2.7e-06,3200.0,0.00864
CVC/BTC,1587795740974,2020-04-25T06:22:20.974Z,sell,2.7e-06,8.0,2.16e-05
CVC/BTC,1587796002139,2020-04-25T06:26:42.139Z,buy,2.7e-06,923.0,0.0024921
CVC/BTC,1587796015328,2020-04-25T06:26:55.328Z,buy,2.7e-06,77.0,0.0002079
CVC/BTC,1587796015328,2020-04-25T06:26:55.328Z,buy,2.7e-06,77.0,0.0002079
CVC/BTC,1587796954646,2020-04-25T06:42:34.646Z,buy,2.71e-06,836.0,0.00226556
CVC/BTC,1587797593955,2020-04-25T06:53:13.955Z,buy,2.71e-06,1476.0,0.0039999599999999
CVC/BTC,1587797858323,2020-04-25T06:57:38.323Z,sell,2.7e-06,799.0,0.0021573
CVC/BTC,1587797993032,2020-04-25T06:59:53.032Z,buy,2.71e-06,4868.0,0.0131922799999999
CVC/BTC,1587798123109,2020-04-25T07:02:03.109Z,buy,2.71e-06,148.0,0.00040108
CVC/BTC,1587798575214,2020-04-25T07:09:35.214Z,sell,2.7e-06,75.0,0.0002025
CVC/BTC,1587798575214,2020-04-25T07:09:35.214Z,sell,2.69e-06,200.0,0.000538
CVC/BTC,1587798895084,2020-04-25T07:14:55.084Z,sell,2.7e-06,75.0,0.0002025
CVC/BTC,1587798895084,2020-04-25T07:14:55.084Z,sell,2.69e-06,47.0,0.00012643
CVC/BTC,1587799230480,2020-04-25T07:20:30.480Z,buy,2.7e-06,301.0,0.0008127
CVC/BTC,1587799230480,2020-04-25T07:20:30.480Z,buy,2.7e-06,301.0,0.0008127
CVC/BTC,1587799701317,2020-04-25T07:28:21.317Z,buy,2.71e-06,148.0,0.00040108
CVC/BTC,1587799788190,2020-04-25T07:29:48.190Z,buy,2.71e-06,38.0,0.0001029799999999
CVC/BTC,1587800383394,2020-04-25T07:39:43.394Z,sell,2.7e-06,75.0,0.0002025
CVC/BTC,1587800386000,2020-04-25T07:39:46.000Z,buy,2.7e-06,75.0,0.0002025
CVC/BTC,1587800528217,2020-04-25T07:42:08.217Z,buy,2.7e-06,38.0,0.0001026
CVC/BTC,1587801891672,2020-04-25T08:04:51.672Z,buy,2.7e-06,7364.0,0.0198828
CVC/BTC,1587801991926,2020-04-25T08:06:31.926Z,sell,2.7e-06,104522.0,0.2822094
CVC/BTC,1587801991926,2020-04-25T08:06:31.926Z,sell,2.69e-06,66349.0,0.17847881
CVC/BTC,1587802213967,2020-04-25T08:10:13.967Z,sell,2.69e-06,38.0,0.00010222
CVC/BTC,1587802213967,2020-04-25T08:10:13.967Z,sell,2.68e-06,369.0,0.00098892
CVC/BTC,1587802219239,2020-04-25T08:10:19.239Z,sell,2.68e-06,407.0,0.00109076
CVC/BTC,1587802417790,2020-04-25T08:13:37.790Z,sell,2.68e-06,2000.0,0.00536
CVC/BTC,1587802429992,2020-04-25T08:13:49.992Z,sell,2.68e-06,4494.0,0.01204392
CVC/BTC,1587802459834,2020-04-25T08:14:19.834Z,buy,2.69e-06,2971.0,0.00799199
CVC/BTC,1587802679680,2020-04-25T08:17:59.680Z,sell,2.69e-06,23106.0,0.06215514
CVC/BTC,1587802680707,2020-04-25T08:18:00.707Z,sell,2.69e-06,3000.0,0.00807
CVC/BTC,1587802829426,2020-04-25T08:20:29.426Z,buy,2.7e-06,406.0,0.0010962
CVC/BTC,1587802829426,2020-04-25T08:20:29.426Z,buy,2.7e-06,406.0,0.0010962
CVC/BTC,1587804023086,2020-04-25T08:40:23.086Z,buy,2.7e-06,406.0,0.0010962
CVC/BTC,1587804217475,2020-04-25T08:43:37.475Z,sell,2.69e-06,7434.0,0.01999746
CVC/BTC,1587804217746,2020-04-25T08:43:37.746Z,buy,2.69e-06,723.0,0.00194487
CVC/BTC,1587804386081,2020-04-25T08:46:26.081Z,buy,2.69e-06,10569.0,0.02843061
CVC/BTC,1587804644820,2020-04-25T08:50:44.820Z,sell,2.68e-06,20300.0,0.054404
CVC/BTC,1587804645580,2020-04-25T08:50:45.580Z,buy,2.7e-06,406.0,0.0010962
CVC/BTC,1587804823106,2020-04-25T08:53:43.106Z,buy,2.7e-06,2591.0,0.0069957
CVC/BTC,1587805306113,2020-04-25T09:01:46.113Z,buy,2.7e-06,82.0,0.0002214
CVC/BTC,1587805643094,2020-04-25T09:07:23.094Z,buy,2.7e-06,1669.0,0.0045062999999999
CVC/BTC,1587805643094,2020-04-25T09:07:23.094Z,buy,2.7e-06,1669.0,0.0045062999999999
CVC/BTC,1587806953383,2020-04-25T09:29:13.383Z,sell,2.69e-06,1459.0,0.00392471
CVC/BTC,1587808376646,2020-04-25T09:52:56.646Z,sell,2.69e-06,187.0,0.00050303
CVC/BTC,1587808439416,2020-04-25T09:53:59.416Z,sell,2.68e-06,1931.0,0.00517508
CVC/BTC,1587808439416,2020-04-25T09:53:59.416Z,sell,2.68e-06,1931.0,0.00517508
CVC/BTC,1587809903635,2020-04-25T10:18:23.635Z,buy,2.7e-06,18518.0,0.0499986
CVC/BTC,1587810192135,2020-04-25T10:23:12.135Z,buy,2.7e-06,927.0,0.0025029
CVC/BTC,1587810735859,2020-04-25T10:32:15.859Z,buy,2.7e-06,47812.0,0.1290924
CVC/BTC,1587810736231,2020-04-25T10:32:16.231Z,sell,2.7e-06,4378.0,0.0118206
CVC/BTC,1587810736422,2020-04-25T10:32:16.422Z,sell,2.7e-06,3313.0,0.0089451
CVC/BTC,1587810736627,2020-04-25T10:32:16.627Z,sell,2.7e-06,1534.0,0.0041418
CVC/BTC,1587810736739,2020-04-25T10:32:16.739Z,sell,2.7e-06,1764.0,0.0047628
CVC/BTC,1587810736847,2020-04-25T10:32:16.847Z,sell,2.7e-06,192.0,0.0005184
CVC/BTC,1587810825694,2020-04-25T10:33:45.694Z,buy,2.71e-06,1230.0,0.0033333
CVC/BTC,1587810831263,2020-04-25T10:33:51.263Z,buy,2.71e-06,1952.0,0.00528992
CVC/BTC,1587810903767,2020-04-25T10:35:03.767Z,sell,2.7e-06,5407.0,0.0145989
CVC/BTC,1587810948926,2020-04-25T10:35:48.926Z,sell,2.69e-06,203.0,0.00054607
CVC/BTC,1587811108556,2020-04-25T10:38:28.556Z,sell,2.69e-06,180.0,0.0004842
CVC/BTC,1587811222699,2020-04-25T10:40:22.699Z,sell,2.69e-06,2500.0,0.006725
CVC/BTC,1587811222699,2020-04-25T10:40:22.699Z,sell,2.69e-06,2500.0,0.006725
CVC/BTC,1587812136066,2020-04-25T10:55:36.066Z,sell,2.69e-06,1689.0,0.00454341
CVC/BTC,1587812136171,2020-04-25T10:55:36.171Z,sell,2.69e-06,1689.0,0.00454341
CVC/BTC,1587812136258,2020-04-25T10:55:36.258Z,sell,2.69e-06,1395.0,0.00375255
CVC/BTC,1587812136381,2020-04-25T10:55:36.381Z,sell,2.69e-06,1100.0,0.002959
CVC/BTC,1587812136532,2020-04-25T10:55:36.532Z,sell,2.69e-06,754.0,0.00202826
CVC/BTC,1587812136776,2020-04-25T10:55:36.776Z,sell,2.69e-06,665.0,0.00178885
CVC/BTC,1587812136987,2020-04-25T10:55:36.987Z,sell,2.69e-06,668.0,0.00179692
CVC/BTC,1587812141376,2020-04-25T10:55:41.376Z,sell,2.69e-06,463.0,0.00124547
CVC/BTC,1587812142889,2020-04-25T10:55:42.889Z,sell,2.69e-06,534.0,0.00143646
CVC/BTC,1587812170407,2020-04-25T10:56:10.407Z,sell,2.69e-06,499.0,0.00134231
CVC/BTC,1587812176685,2020-04-25T10:56:16.685Z,sell,2.69e-06,1000.0,0.00269
CVC/BTC,1587813142353,2020-04-25T11:12:22.353Z,buy,2.7e-06,7910.0,0.021357
CVC/BTC,1587813142353,2020-04-25T11:12:22.353Z,sell,2.69e-06,623.0,0.00167587
CVC/BTC,1587813424980,2020-04-25T11:17:04.980Z,sell,2.69e-06,1959.0,0.00526971
CVC/BTC,1587813426235,2020-04-25T11:17:06.235Z,sell,2.69e-06,2599.0,0.00699131
CVC/BTC,1587813426353,2020-04-25T11:17:06.353Z,sell,2.69e-06,2569.0,0.00691061
CVC/BTC,1587813426648,2020-04-25T11:17:06.648Z,sell,2.69e-06,2463.0,0.00662547
CVC/BTC,1587814100111,2020-04-25T11:28:20.111Z,sell,2.68e-06,980.0,0.0026264
CVC/BTC,1587814100111,2020-04-25T11:28:20.111Z,sell,2.68e-06,980.0,0.0026264
CVC/BTC,1587815588696,2020-04-25T11:53:08.696Z,sell,2.68e-06,1716.0,0.00459888
CVC/BTC,1587815773513,2020-04-25T11:56:13.513Z,buy,2.7e-06,44.0,0.0001188
CVC/BTC,1587815858781,2020-04-25T11:57:38.781Z,buy,2.7e-06,67.0,0.0001809
CVC/BTC,1587815914558,2020-04-25T11:58:34.558Z,buy,2.7e-06,241.0,0.0006507
CVC/BTC,1587815930839,2020-04-25T11:58:50.839Z,buy,2.7e-06,453.0,0.0012231
CVC/BTC,1587815998096,2020-04-25T11:59:58.096Z,buy,2.7e-06,318.0,0.0008585999999999
CVC/BTC,1587816085889,2020-04-25T12:01:25.889Z,buy,2.7e-06,335.0,0.0009045
CVC/BTC,1587816355680,2020-04-25T12:05:55.680Z,sell,2.7e-06,165.0,0.0004455
CVC/BTC,1587817426954,2020-04-25T12:23:46.954Z,sell,2.69e-06,1458.0,0.00392202
CVC/BTC,1587817427908,2020-04-25T12:23:47.908Z,sell,2.68e-06,349.0,0.00093532
CVC/BTC,1587817427908,2020-04-25T12:23:47.908Z,sell,2.68e-06,349.0,0.00093532
CVC/BTC,1587817840707,2020-04-25T12:30:40.707Z,buy,2.7e-06,1141.0,0.0030807
CVC/BTC,1587817840714,2020-04-25T12:30:40.714Z,buy,2.7e-06,317.0,0.0008559
CVC/BTC,1587817875966,2020-04-25T12:31:15.966Z,buy,2.71e-06,82.0,0.00022222
CVC/BTC,1587817902389,2020-04-25T12:31:42.389Z,sell,2.69e-06,1730.0,0.0046537
CVC/BTC,1587817902389,2020-04-25T12:31:42.389Z,sell,2.68e-06,57.0,0.00015276
CVC/BTC,1587818012393,2020-04-25T12:33:32.393Z,buy,2.7e-06,222.0,0.0005994
CVC/BTC,1587818139435,2020-04-25T12:35:39.435Z,buy,2.7e-06,1237.0,0.0033399
CVC/BTC,1587818139435,2020-04-25T12:35:39.435Z,buy,2.71e-06,1484.0,0.00402164
CVC/BTC,1587818373092,2020-04-25T12:39:33.092Z,sell,2.7e-06,1672.0,0.0045144
CVC/BTC,1587818507010,2020-04-25T12:41:47.010Z,sell,2.7e-06,1143.0,0.0030861
CVC/BTC,1587818859244,2020-04-25T12:47:39.244Z,buy,2.71e-06,6704.0,0.0181678399999999
CVC/BTC,1587819224145,2020-04-25T12:53:44.145Z,sell,2.7e-06,320.0,0.000864
CVC/BTC,1587819606303,2020-04-25T13:00:06.303Z,sell,2.7e-06,248.0,0.0006696
CVC/BTC,1587819639340,2020-04-25T13:00:39.340Z,sell,2.69e-06,2457.0,0.00660933
CVC/BTC,1587819826942,2020-04-25T13:03:46.942Z,sell,2.69e-06,12320.0,0.0331408
CVC/BTC,1587820063279,2020-04-25T13:07:43.279Z,sell,2.69e-06,12314.0,0.03312466
CVC/BTC,1587820133459,2020-04-25T13:08:53.459Z,buy,2.7e-06,100.0,0.00027
CVC/BTC,1587820535541,2020-04-25T13:15:35.541Z,sell,2.69e-06,5000.0,0.01345
CVC/BTC,1587820535541,2020-04-25T13:15:35.541Z,sell,2.69e-06,5000.0,0.01345
CVC/BTC,1587821457247,2020-04-25T13:30:57.247Z,buy,2.7e-06,2585.0,0.0069795
CVC/BTC,1587821573161,2020-04-25T13:32:53.161Z,buy,2.7e-06,2234.0,0.0060318
CVC/BTC,1587821660091,2020-04-25T13:34:20.091Z,buy,2.7e-06,1480.0,0.0039959999999999
CVC/BTC,1587821856099,2020-04-25T13:37:36.099Z,buy,2.7e-06,2585.0,0.0069795
CVC/BTC,1587821857160,2020-04-25T13:37:37.160Z,buy,2.7e-06,2585.0,0.0069795
CVC/BTC,1587821926098,2020-04-25T13:38:46.098Z,buy,2.7e-06,1673.0,0.0045171
CVC/BTC,1587822217845,2020-04-25T13:43:37.845Z,buy,2.7e-06,4038.0,0.0109026
CVC/BTC,1587822282341,2020-04-25T13:44:42.341Z,buy,2.7e-06,5952.0,0.0160704
CVC/BTC,1587822370093,2020-04-25T13:46:10.093Z,buy,2.7e-06,2034.0,0.0054918
CVC/BTC,1587822596753,2020-04-25T13:49:56.753Z,buy,2.7e-06,149.0,0.0004023
CVC/BTC,1587822808237,2020-04-25T13:53:28.237Z,sell,2.69e-06,20000.0,0.0538
CVC/BTC,1587823086103,2020-04-25T13:58:06.103Z,sell,2.69e-06,7000.0,0.01883
CVC/BTC,1587823174845,2020-04-25T13:59:34.845Z,sell,2.69e-06,17000.0,0.04573
CVC/BTC,1587823234106,2020-04-25T14:00:34.106Z,sell,2.69e-06,558.0,0.00150102
CVC/BTC,1587823236099,2020-04-25T14:00:36.099Z,sell,2.69e-06,1115.0,0.00299935
CVC/BTC,1587823244095,2020-04-25T14:00:44.095Z,sell,2.69e-06,929.0,0.00249901
CVC/BTC,1587823358966,2020-04-25T14:02:38.966Z,sell,2.69e-06,1851.0,0.00497919
CVC/BTC,1587823358968,2020-04-25T14:02:38.968Z,sell,2.69e-06,798.0,0.00214662
CVC/BTC,1587823358972,2020-04-25T14:02:38.972Z,sell,2.69e-06,2725.0,0.00733025
CVC/BTC,1587823358975,2020-04-25T14:02:38.975Z,sell,2.69e-06,6972.0,0.01875468
CVC/BTC,1587823630760,2020-04-25T14:07:10.760Z,buy,2.7e-06,740.0,0.0019979999999999
CVC/BTC,1587823728064,2020-04-25T14:08:48.064Z,sell,2.69e-06,1647.0,0.00443043
CVC/BTC,1587823728064,2020-04-25T14:08:48.064Z,sell,2.69e-06,1647.0,0.00443043
CVC/BTC,1587824296095,2020-04-25T14:18:16.095Z,sell,2.69e-06,6081.0,0.01635789
CVC/BTC,1587824598367,2020-04-25T14:23:18.367Z,sell,2.69e-06,1702.0,0.00457838
CVC/BTC,1587824598367,2020-04-25T14:23:18.367Z,sell,2.68e-06,1125.0,0.003015
CVC/BTC,1587824717403,2020-04-25T14:25:17.403Z,buy,2.7e-06,82.0,0.0002214
CVC/BTC,1587824884169,2020-04-25T14:28:04.169Z,buy,2.7e-06,3703.0,0.0099981
CVC/BTC,1587825080090,2020-04-25T14:31:20.090Z,buy,2.7e-06,2063.0,0.0055701
CVC/BTC,1587825109586,2020-04-25T14:31:49.586Z,buy,2.7e-06,149.0,0.0004023
CVC/BTC,1587825120378,2020-04-25T14:32:00.378Z,buy,2.7e-06,1571.0,0.0042417
CVC/BTC,1587825348482,2020-04-25T14:35:48.482Z,buy,2.7e-06,79.0,0.0002133
CVC/BTC,1587825369665,2020-04-25T14:36:09.665Z,buy,2.7e-06,3696.0,0.0099792
CVC/BTC,1587825373772,2020-04-25T14:36:13.772Z,sell,2.69e-06,75.0,0.00020175
CVC/BTC,1587825375094,2020-04-25T14:36:15.094Z,buy,2.69e-06,4925.0,0.01324825
CVC/BTC,1587825375094,2020-04-25T14:36:15.094Z,buy,2.7e-06,13662.0,0.0368874
