symbol,timestamp,datetime,side,price,amount,btc_volume
CVC/BTC,1564689713865,2019-08-01T20:01:53.865Z,sell,4.8e-06,21.0,0.0001008
CVC/BTC,1564689867123,2019-08-01T20:04:27.123Z,sell,4.79e-06,25.0,0.00011975
CVC/BTC,1564689868510,2019-08-01T20:04:28.510Z,buy,4.79e-06,100.0,0.000479
CVC/BTC,1564689869142,2019-08-01T20:04:29.142Z,buy,4.79e-06,146.0,0.00069934
CVC/BTC,1564689871873,2019-08-01T20:04:31.873Z,buy,4.79e-06,100.0,0.000479
CVC/BTC,1564689872905,2019-08-01T20:04:32.905Z,buy,4.79e-06,162.0,0.00077598
CVC/BTC,1564689873912,2019-08-01T20:04:33.912Z,buy,4.79e-06,215.0,0.00102985
CVC/BTC,1564689881467,2019-08-01T20:04:41.467Z,buy,4.79e-06,25.0,0.00011975
CVC/BTC,1564689881467,2019-08-01T20:04:41.467Z,buy,4.8e-06,75.0,0.0003599999999999
CVC/BTC,1564689889208,2019-08-01T20:04:49.208Z,sell,4.78e-06,1691.0,0.00808298
CVC/BTC,1564689903881,2019-08-01T20:05:03.881Z,sell,4.79e-06,2895.0,0.0138670499999999
CVC/BTC,1564689905065,2019-08-01T20:05:05.065Z,sell,4.78e-06,2020.0,0.0096556
CVC/BTC,1564689907311,2019-08-01T20:05:07.311Z,sell,4.78e-06,397.0,0.00189766
CVC/BTC,1564689923157,2019-08-01T20:05:23.157Z,sell,4.78e-06,1103.0,0.00527234
CVC/BTC,1564689924754,2019-08-01T20:05:24.754Z,buy,4.79e-06,100.0,0.000479
CVC/BTC,1564689932608,2019-08-01T20:05:32.608Z,buy,4.79e-06,253.0,0.0012118699999999
CVC/BTC,1564690084614,2019-08-01T20:08:04.614Z,buy,4.79e-06,327.0,0.00156633
CVC/BTC,1564690140508,2019-08-01T20:09:00.508Z,buy,4.79e-06,5034.0,0.02411286
CVC/BTC,1564690140508,2019-08-01T20:09:00.508Z,buy,4.8e-06,10445.0,0.050136
CVC/BTC,1564690140508,2019-08-01T20:09:00.508Z,buy,4.81e-06,6968.0,0.03351608
CVC/BTC,1564690147680,2019-08-01T20:09:07.680Z,buy,4.81e-06,2642.0,0.0127080199999999
CVC/BTC,1564690162975,2019-08-01T20:09:22.975Z,buy,4.8e-06,12715.0,0.0610319999999999
CVC/BTC,1564690172512,2019-08-01T20:09:32.512Z,sell,4.8e-06,32429.0,0.1556592
CVC/BTC,1564690180968,2019-08-01T20:09:40.968Z,buy,4.81e-06,25547.0,0.12288107
CVC/BTC,1564690188782,2019-08-01T20:09:48.782Z,sell,4.8e-06,2137.0,0.0102576
CVC/BTC,1564690188962,2019-08-01T20:09:48.962Z,sell,4.8e-06,2136.0,0.0102528
CVC/BTC,1564690189095,2019-08-01T20:09:49.095Z,sell,4.8e-06,1068.0,0.0051264
CVC/BTC,1564690221350,2019-08-01T20:10:21.350Z,sell,4.8e-06,118.0,0.0005664
CVC/BTC,1564690264888,2019-08-01T20:11:04.888Z,sell,4.8e-06,1137.0,0.0054576
CVC/BTC,1564690773218,2019-08-01T20:19:33.218Z,buy,4.81e-06,39.0,0.0001875899999999
CVC/BTC,1564690810924,2019-08-01T20:20:10.924Z,sell,4.8e-06,368.0,0.0017664
CVC/BTC,1564691108554,2019-08-01T20:25:08.554Z,sell,4.78e-06,2004.0,0.00957912
CVC/BTC,1564691108554,2019-08-01T20:25:08.554Z,sell,4.77e-06,1121.0,0.00534717
CVC/BTC,1564691123623,2019-08-01T20:25:23.623Z,sell,4.77e-06,5423.0,0.02586771
CVC/BTC,1564691124592,2019-08-01T20:25:24.592Z,sell,4.76e-06,963.0,0.00458388
CVC/BTC,1564691124852,2019-08-01T20:25:24.852Z,sell,4.76e-06,808.0,0.00384608
CVC/BTC,1564691125963,2019-08-01T20:25:25.963Z,buy,4.76e-06,1704.0,0.00811104
CVC/BTC,1564691126866,2019-08-01T20:25:26.866Z,buy,4.76e-06,882.0,0.00419832
CVC/BTC,1564691127179,2019-08-01T20:25:27.179Z,sell,4.75e-06,283.0,0.00134425
CVC/BTC,1564691134931,2019-08-01T20:25:34.931Z,sell,4.75e-06,139.0,0.00066025
CVC/BTC,1564691143225,2019-08-01T20:25:43.225Z,sell,4.74e-06,23.0,0.00010902
CVC/BTC,1564691144687,2019-08-01T20:25:44.687Z,buy,4.75e-06,804.0,0.003819
CVC/BTC,1564691165359,2019-08-01T20:26:05.359Z,sell,4.73e-06,519.0,0.0024548699999999
CVC/BTC,1564691187014,2019-08-01T20:26:27.014Z,buy,4.75e-06,20100.0,0.095475
CVC/BTC,1564691187111,2019-08-01T20:26:27.111Z,sell,4.73e-06,6125.0,0.0289712499999999
CVC/BTC,1564691187248,2019-08-01T20:26:27.248Z,buy,4.73e-06,196.0,0.0009270799999999
CVC/BTC,1564691187972,2019-08-01T20:26:27.972Z,buy,4.73e-06,6.0,2.838e-05
CVC/BTC,1564691187972,2019-08-01T20:26:27.972Z,buy,4.74e-06,969.0,0.00459306
CVC/BTC,1564691187972,2019-08-01T20:26:27.972Z,buy,4.75e-06,2040.0,0.00969
CVC/BTC,1564691190548,2019-08-01T20:26:30.548Z,buy,4.75e-06,964.0,0.004579
CVC/BTC,1564691257888,2019-08-01T20:27:37.888Z,buy,4.75e-06,964.0,0.004579
CVC/BTC,1564691305804,2019-08-01T20:28:25.804Z,sell,4.73e-06,2870.0,0.0135751
CVC/BTC,1564691311534,2019-08-01T20:28:31.534Z,buy,4.73e-06,300.0,0.001419
CVC/BTC,1564691311604,2019-08-01T20:28:31.604Z,buy,4.73e-06,262.0,0.0012392599999999
CVC/BTC,1564691312148,2019-08-01T20:28:32.148Z,buy,4.73e-06,1896.0,0.00896808
CVC/BTC,1564691312181,2019-08-01T20:28:32.181Z,buy,4.73e-06,412.0,0.00194876
CVC/BTC,1564691320192,2019-08-01T20:28:40.192Z,buy,4.74e-06,641.0,0.00303834
CVC/BTC,1564691354064,2019-08-01T20:29:14.064Z,buy,4.74e-06,217.0,0.00102858
CVC/BTC,1564691354898,2019-08-01T20:29:14.898Z,buy,4.74e-06,4565.0,0.0216381
CVC/BTC,1564691434101,2019-08-01T20:30:34.101Z,sell,4.74e-06,1233.0,0.00584442
CVC/BTC,1564691491963,2019-08-01T20:31:31.963Z,sell,4.74e-06,64.0,0.00030336
CVC/BTC,1564691491963,2019-08-01T20:31:31.963Z,sell,4.73e-06,1816.0,0.0085896799999999
CVC/BTC,1564691491963,2019-08-01T20:31:31.963Z,sell,4.72e-06,2547.0,0.0120218399999999
CVC/BTC,1564691491963,2019-08-01T20:31:31.963Z,sell,4.71e-06,102.0,0.0004804199999999
CVC/BTC,1564691491969,2019-08-01T20:31:31.969Z,sell,4.71e-06,4529.0,0.0213315899999999
CVC/BTC,1564691492200,2019-08-01T20:31:32.200Z,sell,4.72e-06,880.0,0.0041535999999999
CVC/BTC,1564691493523,2019-08-01T20:31:33.523Z,sell,4.73e-06,1076.0,0.0050894799999999
CVC/BTC,1564691493523,2019-08-01T20:31:33.523Z,sell,4.72e-06,5195.0,0.0245203999999999
CVC/BTC,1564691494870,2019-08-01T20:31:34.870Z,buy,4.74e-06,1076.0,0.00510024
CVC/BTC,1564691498107,2019-08-01T20:31:38.107Z,sell,4.72e-06,1870.0,0.0088264
CVC/BTC,1564691498236,2019-08-01T20:31:38.236Z,buy,4.73e-06,993.0,0.00469689
CVC/BTC,1564691498481,2019-08-01T20:31:38.481Z,sell,4.72e-06,128.0,0.00060416
CVC/BTC,1564691498951,2019-08-01T20:31:38.951Z,buy,4.72e-06,1438.0,0.0067873599999999
CVC/BTC,1564691498984,2019-08-01T20:31:38.984Z,buy,4.72e-06,275.0,0.001298
CVC/BTC,1564691499044,2019-08-01T20:31:39.044Z,buy,4.72e-06,970.0,0.0045784
CVC/BTC,1564691499310,2019-08-01T20:31:39.310Z,buy,4.73e-06,1203.0,0.0056901899999999
CVC/BTC,1564691505308,2019-08-01T20:31:45.308Z,buy,4.75e-06,333.0,0.00158175
CVC/BTC,1564691546138,2019-08-01T20:32:26.138Z,sell,4.72e-06,308.0,0.00145376
CVC/BTC,1564691553722,2019-08-01T20:32:33.722Z,sell,4.72e-06,666.0,0.00314352
CVC/BTC,1564691554497,2019-08-01T20:32:34.497Z,buy,4.72e-06,1721.0,0.00812312
CVC/BTC,1564691558270,2019-08-01T20:32:38.270Z,buy,4.72e-06,137.0,0.00064664
CVC/BTC,1564691568654,2019-08-01T20:32:48.654Z,buy,4.72e-06,11452.0,0.0540534399999999
CVC/BTC,1564691578010,2019-08-01T20:32:58.010Z,buy,4.72e-06,85.0,0.0004012
CVC/BTC,1564691580744,2019-08-01T20:33:00.744Z,buy,4.72e-06,59.0,0.00027848
CVC/BTC,1564691584067,2019-08-01T20:33:04.067Z,sell,4.71e-06,533.0,0.0025104299999999
CVC/BTC,1564691601353,2019-08-01T20:33:21.353Z,sell,4.71e-06,1850.0,0.0087134999999999
CVC/BTC,1564691602052,2019-08-01T20:33:22.052Z,sell,4.71e-06,409.0,0.0019263899999999
CVC/BTC,1564691649786,2019-08-01T20:34:09.786Z,buy,4.71e-06,20100.0,0.0946709999999999
CVC/BTC,1564691764530,2019-08-01T20:36:04.530Z,buy,4.71e-06,44.0,0.00020724
CVC/BTC,1564691765656,2019-08-01T20:36:05.656Z,buy,4.71e-06,88.0,0.00041448
CVC/BTC,1564691766592,2019-08-01T20:36:06.592Z,buy,4.71e-06,131.0,0.00061701
CVC/BTC,1564691768425,2019-08-01T20:36:08.425Z,buy,4.71e-06,100.0,0.0004709999999999
CVC/BTC,1564691775856,2019-08-01T20:36:15.856Z,sell,4.7e-06,569.0,0.0026743
CVC/BTC,1564691775856,2019-08-01T20:36:15.856Z,sell,4.69e-06,400.0,0.001876
CVC/BTC,1564691775856,2019-08-01T20:36:15.856Z,sell,4.68e-06,213.0,0.00099684
CVC/BTC,1564691779508,2019-08-01T20:36:19.508Z,sell,4.69e-06,23.0,0.00010787
CVC/BTC,1564691781971,2019-08-01T20:36:21.971Z,sell,4.7e-06,976.0,0.0045872
CVC/BTC,1564691782266,2019-08-01T20:36:22.266Z,sell,4.69e-06,1900.0,0.008911
CVC/BTC,1564691783156,2019-08-01T20:36:23.156Z,sell,4.67e-06,2068.0,0.00965756
CVC/BTC,1564691783303,2019-08-01T20:36:23.303Z,buy,4.69e-06,390.0,0.0018291
CVC/BTC,1564691783337,2019-08-01T20:36:23.337Z,buy,4.69e-06,595.0,0.00279055
CVC/BTC,1564691783411,2019-08-01T20:36:23.411Z,buy,4.69e-06,218.0,0.00102242
CVC/BTC,1564691783827,2019-08-01T20:36:23.827Z,buy,4.69e-06,430.0,0.0020167
CVC/BTC,1564691784180,2019-08-01T20:36:24.180Z,buy,4.69e-06,300.0,0.001407
CVC/BTC,1564691784597,2019-08-01T20:36:24.597Z,buy,4.69e-06,300.0,0.001407
CVC/BTC,1564691786622,2019-08-01T20:36:26.622Z,buy,4.69e-06,100.0,0.000469
CVC/BTC,1564691787911,2019-08-01T20:36:27.911Z,buy,4.69e-06,542.0,0.00254198
CVC/BTC,1564691789144,2019-08-01T20:36:29.144Z,buy,4.69e-06,171.0,0.00080199
CVC/BTC,1564691794293,2019-08-01T20:36:34.293Z,buy,4.69e-06,482.0,0.00226058
CVC/BTC,1564691808569,2019-08-01T20:36:48.569Z,sell,4.68e-06,385.0,0.0018018
CVC/BTC,1564691809093,2019-08-01T20:36:49.093Z,buy,4.69e-06,100.0,0.000469
CVC/BTC,1564691809224,2019-08-01T20:36:49.224Z,buy,4.69e-06,177.0,0.00083013
CVC/BTC,1564691809224,2019-08-01T20:36:49.224Z,buy,4.7e-06,976.0,0.0045872
CVC/BTC,1564691809224,2019-08-01T20:36:49.224Z,buy,4.71e-06,2974.0,0.0140075399999999
CVC/BTC,1564691809229,2019-08-01T20:36:49.229Z,buy,4.71e-06,5611.0,0.02642781
CVC/BTC,1564691809263,2019-08-01T20:36:49.263Z,buy,4.71e-06,614.0,0.00289194
CVC/BTC,1564691811782,2019-08-01T20:36:51.782Z,sell,4.69e-06,47.0,0.00022043
CVC/BTC,1564691813584,2019-08-01T20:36:53.584Z,buy,4.71e-06,2800.0,0.013188
CVC/BTC,1564691822968,2019-08-01T20:37:02.968Z,sell,4.7e-06,3851.0,0.0180997
CVC/BTC,1564691825145,2019-08-01T20:37:05.145Z,sell,4.7e-06,767.0,0.0036049
CVC/BTC,1564691887918,2019-08-01T20:38:07.918Z,sell,4.7e-06,3776.0,0.0177472
CVC/BTC,1564691905449,2019-08-01T20:38:25.449Z,buy,4.72e-06,43209.0,0.2039464799999999
CVC/BTC,1564691948258,2019-08-01T20:39:08.258Z,buy,4.72e-06,131.0,0.00061832
CVC/BTC,1564691983648,2019-08-01T20:39:43.648Z,sell,4.71e-06,1307.0,0.0061559699999999
CVC/BTC,1564692000512,2019-08-01T20:40:00.512Z,buy,4.72e-06,6108.0,0.02882976
CVC/BTC,1564692042219,2019-08-01T20:40:42.219Z,sell,4.7e-06,184.0,0.0008648
CVC/BTC,1564692055666,2019-08-01T20:40:55.666Z,sell,4.7e-06,540.0,0.002538
CVC/BTC,1564692132200,2019-08-01T20:42:12.200Z,sell,4.7e-06,1721.0,0.0080886999999999
CVC/BTC,1564692174072,2019-08-01T20:42:54.072Z,buy,4.72e-06,13181.0,0.06221432
CVC/BTC,1564692174090,2019-08-01T20:42:54.090Z,buy,4.72e-06,4505.0,0.0212635999999999
CVC/BTC,1564692174121,2019-08-01T20:42:54.121Z,sell,4.71e-06,4505.0,0.02121855
CVC/BTC,1564692175348,2019-08-01T20:42:55.348Z,sell,4.7e-06,4505.0,0.0211734999999999
CVC/BTC,1564692399239,2019-08-01T20:46:39.239Z,sell,4.7e-06,616.0,0.0028952
CVC/BTC,1564692403219,2019-08-01T20:46:43.219Z,sell,4.7e-06,325.0,0.0015275
CVC/BTC,1564692536519,2019-08-01T20:48:56.519Z,buy,4.71e-06,1090.0,0.0051338999999999
CVC/BTC,1564692562337,2019-08-01T20:49:22.337Z,sell,4.71e-06,208.0,0.00097968
CVC/BTC,1564692569824,2019-08-01T20:49:29.824Z,sell,4.71e-06,132.0,0.00062172
CVC/BTC,1564692621498,2019-08-01T20:50:21.498Z,buy,4.73e-06,29.0,0.00013717
CVC/BTC,1564692631621,2019-08-01T20:50:31.621Z,buy,4.74e-06,319.0,0.00151206
CVC/BTC,1564692696612,2019-08-01T20:51:36.612Z,buy,4.73e-06,283.0,0.00133859
CVC/BTC,1564692762197,2019-08-01T20:52:42.197Z,buy,4.73e-06,845.0,0.00399685
CVC/BTC,1564692801542,2019-08-01T20:53:21.542Z,sell,4.72e-06,2952.0,0.0139334399999999
CVC/BTC,1564692853318,2019-08-01T20:54:13.318Z,buy,4.73e-06,9927.0,0.04695471
CVC/BTC,1564692853595,2019-08-01T20:54:13.595Z,buy,4.73e-06,17966.0,0.0849791799999999
CVC/BTC,1564692966098,2019-08-01T20:56:06.098Z,buy,4.74e-06,142.0,0.00067308
CVC/BTC,1564692985625,2019-08-01T20:56:25.625Z,sell,4.74e-06,1766.0,0.00837084
CVC/BTC,1564692990888,2019-08-01T20:56:30.888Z,buy,4.75e-06,400.0,0.0019
CVC/BTC,1564693028679,2019-08-01T20:57:08.679Z,sell,4.75e-06,109.0,0.00051775
CVC/BTC,1564693035741,2019-08-01T20:57:15.741Z,sell,4.75e-06,719.0,0.00341525
CVC/BTC,1564693069209,2019-08-01T20:57:49.209Z,buy,4.76e-06,1237.0,0.00588812
CVC/BTC,1564693069209,2019-08-01T20:57:49.209Z,buy,4.77e-06,14603.0,0.06965631
CVC/BTC,1564693069687,2019-08-01T20:57:49.687Z,buy,4.77e-06,6113.0,0.02915901
CVC/BTC,1564693126391,2019-08-01T20:58:46.391Z,buy,4.77e-06,524.0,0.00249948
CVC/BTC,1564693126391,2019-08-01T20:58:46.391Z,buy,4.77e-06,524.0,0.00249948
CVC/BTC,1564693242964,2019-08-01T21:00:42.964Z,buy,4.77e-06,1000.0,0.00477
CVC/BTC,1564693307719,2019-08-01T21:01:47.719Z,sell,4.76e-06,1590.0,0.0075684
CVC/BTC,1564693377536,2019-08-01T21:02:57.536Z,buy,4.76e-06,8585.0,0.0408646
CVC/BTC,1564693377544,2019-08-01T21:02:57.544Z,buy,4.76e-06,915.0,0.0043554
CVC/BTC,1564693377662,2019-08-01T21:02:57.662Z,buy,4.77e-06,7292.0,0.03478284
CVC/BTC,1564693377680,2019-08-01T21:02:57.680Z,sell,4.76e-06,4776.0,0.02273376
CVC/BTC,1564693377796,2019-08-01T21:02:57.796Z,sell,4.76e-06,3228.0,0.01536528
CVC/BTC,1564693378672,2019-08-01T21:02:58.672Z,buy,4.76e-06,7292.0,0.03470992
CVC/BTC,1564693378699,2019-08-01T21:02:58.699Z,sell,4.75e-06,7292.0,0.034637
CVC/BTC,1564693383690,2019-08-01T21:03:03.690Z,sell,4.75e-06,343.0,0.00162925
CVC/BTC,1564693431926,2019-08-01T21:03:51.926Z,buy,4.75e-06,30.0,0.0001425
CVC/BTC,1564693536765,2019-08-01T21:05:36.765Z,buy,4.75e-06,86.0,0.0004085
CVC/BTC,1564693582627,2019-08-01T21:06:22.627Z,sell,4.74e-06,1182.0,0.00560268
CVC/BTC,1564693640258,2019-08-01T21:07:20.258Z,buy,4.75e-06,961.0,0.00456475
CVC/BTC,1564693744276,2019-08-01T21:09:04.276Z,buy,4.76e-06,9261.0,0.04408236
CVC/BTC,1564693801158,2019-08-01T21:10:01.158Z,sell,4.75e-06,95.0,0.00045125
CVC/BTC,1564693844860,2019-08-01T21:10:44.860Z,sell,4.76e-06,1918.0,0.00912968
CVC/BTC,1564693952874,2019-08-01T21:12:32.874Z,sell,4.76e-06,936.0,0.00445536
CVC/BTC,1564693963841,2019-08-01T21:12:43.841Z,sell,4.75e-06,240.0,0.00114
CVC/BTC,1564693971710,2019-08-01T21:12:51.710Z,buy,4.76e-06,118.0,0.00056168
CVC/BTC,1564693972718,2019-08-01T21:12:52.718Z,buy,4.76e-06,100.0,0.000476
CVC/BTC,1564693974251,2019-08-01T21:12:54.251Z,sell,4.75e-06,240.0,0.00114
CVC/BTC,1564693984698,2019-08-01T21:13:04.698Z,sell,4.75e-06,240.0,0.00114
CVC/BTC,1564693995149,2019-08-01T21:13:15.149Z,sell,4.75e-06,240.0,0.00114
CVC/BTC,1564694146164,2019-08-01T21:15:46.164Z,buy,4.76e-06,22.0,0.00010472
CVC/BTC,1564694149106,2019-08-01T21:15:49.106Z,buy,4.77e-06,4181.0,0.01994337
CVC/BTC,1564694150845,2019-08-01T21:15:50.845Z,buy,4.77e-06,6073.0,0.02896821
CVC/BTC,1564694151100,2019-08-01T21:15:51.100Z,buy,4.77e-06,3135.0,0.01495395
CVC/BTC,1564694197737,2019-08-01T21:16:37.737Z,sell,4.76e-06,2345.0,0.0111622
CVC/BTC,1564694240600,2019-08-01T21:17:20.600Z,buy,4.77e-06,9638.0,0.04597326
CVC/BTC,1564694455691,2019-08-01T21:20:55.691Z,sell,4.77e-06,2966.0,0.01414782
CVC/BTC,1564694455696,2019-08-01T21:20:55.696Z,sell,4.76e-06,4394.0,0.02091544
CVC/BTC,1564694461514,2019-08-01T21:21:01.514Z,sell,4.76e-06,968.0,0.00460768
CVC/BTC,1564694461733,2019-08-01T21:21:01.733Z,buy,4.76e-06,1959.0,0.00932484
CVC/BTC,1564694462844,2019-08-01T21:21:02.844Z,buy,4.76e-06,1959.0,0.00932484
CVC/BTC,1564694466011,2019-08-01T21:21:06.011Z,buy,4.76e-06,1958.0,0.00932008
CVC/BTC,1564694473340,2019-08-01T21:21:13.340Z,buy,4.76e-06,1473.0,0.00701148
CVC/BTC,1564694473369,2019-08-01T21:21:13.369Z,buy,4.76e-06,272.0,0.00129472
CVC/BTC,1564694473389,2019-08-01T21:21:13.389Z,buy,4.77e-06,550.0,0.0026235
CVC/BTC,1564694474413,2019-08-01T21:21:14.413Z,buy,4.77e-06,158.0,0.00075366
CVC/BTC,1564694474462,2019-08-01T21:21:14.462Z,buy,4.77e-06,95.0,0.00045315
CVC/BTC,1564694474668,2019-08-01T21:21:14.668Z,buy,4.77e-06,165.0,0.00078705
CVC/BTC,1564694482190,2019-08-01T21:21:22.190Z,buy,4.78e-06,135.0,0.0006453
CVC/BTC,1564694486140,2019-08-01T21:21:26.140Z,sell,4.77e-06,237.0,0.00113049
CVC/BTC,1564694600170,2019-08-01T21:23:20.170Z,buy,4.77e-06,461.0,0.00219897
CVC/BTC,1564694601247,2019-08-01T21:23:21.247Z,buy,4.77e-06,36.0,0.00017172
CVC/BTC,1564694614443,2019-08-01T21:23:34.443Z,buy,4.77e-06,1013.0,0.00483201
CVC/BTC,1564694615050,2019-08-01T21:23:35.050Z,buy,4.77e-06,47.0,0.00022419
CVC/BTC,1564694939274,2019-08-01T21:28:59.274Z,buy,4.77e-06,716.0,0.00341532
CVC/BTC,1564695039902,2019-08-01T21:30:39.902Z,sell,4.77e-06,1901.0,0.00906777
CVC/BTC,1564695288068,2019-08-01T21:34:48.068Z,buy,4.77e-06,300.0,0.001431
CVC/BTC,1564695301247,2019-08-01T21:35:01.247Z,sell,4.77e-06,3610.0,0.0172197
CVC/BTC,1564695458351,2019-08-01T21:37:38.351Z,sell,4.77e-06,45.0,0.00021465
CVC/BTC,1564695489074,2019-08-01T21:38:09.074Z,buy,4.78e-06,413.0,0.00197414
CVC/BTC,1564695784034,2019-08-01T21:43:04.034Z,buy,4.78e-06,2146.0,0.01025788
CVC/BTC,1564696200160,2019-08-01T21:50:00.160Z,sell,4.77e-06,24.0,0.00011448
CVC/BTC,1564696306640,2019-08-01T21:51:46.640Z,sell,4.77e-06,48.0,0.00022896
CVC/BTC,1564696307456,2019-08-01T21:51:47.456Z,sell,4.77e-06,950.0,0.0045315
CVC/BTC,1564696317336,2019-08-01T21:51:57.336Z,sell,4.77e-06,48.0,0.00022896
CVC/BTC,1564696324389,2019-08-01T21:52:04.389Z,sell,4.77e-06,48.0,0.00022896
CVC/BTC,1564696324653,2019-08-01T21:52:04.653Z,sell,4.77e-06,5059.0,0.02413143
CVC/BTC,1564696405919,2019-08-01T21:53:25.919Z,buy,4.77e-06,60.0,0.0002862
CVC/BTC,1564696725302,2019-08-01T21:58:45.302Z,sell,4.76e-06,1192.0,0.00567392
CVC/BTC,1564696725302,2019-08-01T21:58:45.302Z,sell,4.76e-06,1192.0,0.00567392
CVC/BTC,1564696958429,2019-08-01T22:02:38.429Z,buy,4.77e-06,100.0,0.000477
CVC/BTC,1564697198385,2019-08-01T22:06:38.385Z,sell,4.75e-06,382.0,0.0018145
CVC/BTC,1564697271098,2019-08-01T22:07:51.098Z,buy,4.76e-06,41.0,0.00019516
CVC/BTC,1564697331280,2019-08-01T22:08:51.280Z,sell,4.75e-06,1543.0,0.00732925
CVC/BTC,1564697332169,2019-08-01T22:08:52.169Z,buy,4.76e-06,1542.0,0.00733992
CVC/BTC,1564697332197,2019-08-01T22:08:52.197Z,buy,4.76e-06,1309.0,0.00623084
CVC/BTC,1564697332225,2019-08-01T22:08:52.225Z,buy,4.76e-06,1539.0,0.00732564
CVC/BTC,1564697332449,2019-08-01T22:08:52.449Z,buy,4.76e-06,80.0,0.0003808
CVC/BTC,1564697336056,2019-08-01T22:08:56.056Z,buy,4.76e-06,153.0,0.00072828
CVC/BTC,1564697443749,2019-08-01T22:10:43.749Z,buy,4.76e-06,8.0,3.808e-05
CVC/BTC,1564697444071,2019-08-01T22:10:44.071Z,buy,4.76e-06,113.0,0.00053788
CVC/BTC,1564697444078,2019-08-01T22:10:44.078Z,buy,4.76e-06,780.0,0.0037128
CVC/BTC,1564697445347,2019-08-01T22:10:45.347Z,buy,4.76e-06,901.0,0.00428876
CVC/BTC,1564697446153,2019-08-01T22:10:46.153Z,sell,4.76e-06,40.0,0.0001904
CVC/BTC,1564697446155,2019-08-01T22:10:46.155Z,sell,4.76e-06,25.0,0.000119
CVC/BTC,1564697828233,2019-08-01T22:17:08.233Z,sell,4.76e-06,879.0,0.00418404
CVC/BTC,1564698029929,2019-08-01T22:20:29.929Z,sell,4.76e-06,235.0,0.0011186
CVC/BTC,1564698029929,2019-08-01T22:20:29.929Z,sell,4.75e-06,402.0,0.0019095
CVC/BTC,1564698065686,2019-08-01T22:21:05.686Z,sell,4.75e-06,872.0,0.004142
CVC/BTC,1564698232167,2019-08-01T22:23:52.167Z,sell,4.76e-06,34.0,0.00016184
CVC/BTC,1564698784589,2019-08-01T22:33:04.589Z,sell,4.76e-06,1074.0,0.00511224
CVC/BTC,1564699306374,2019-08-01T22:41:46.374Z,buy,4.76e-06,300.0,0.001428
CVC/BTC,1564699306534,2019-08-01T22:41:46.534Z,buy,4.76e-06,50.0,0.000238
CVC/BTC,1564699415248,2019-08-01T22:43:35.248Z,sell,4.76e-06,24640.0,0.1172864
CVC/BTC,1564699419873,2019-08-01T22:43:39.873Z,sell,4.76e-06,27.0,0.00012852
CVC/BTC,1564699435259,2019-08-01T22:43:55.259Z,sell,4.76e-06,1233.0,0.00586908
CVC/BTC,1564699754255,2019-08-01T22:49:14.255Z,buy,4.77e-06,966.0,0.00460782
CVC/BTC,1564699754255,2019-08-01T22:49:14.255Z,buy,4.78e-06,2783.0,0.01330274
CVC/BTC,1564699778703,2019-08-01T22:49:38.703Z,sell,4.77e-06,1491.0,0.00711207
CVC/BTC,1564699793493,2019-08-01T22:49:53.493Z,sell,4.77e-06,1067.0,0.00508959
CVC/BTC,1564700121076,2019-08-01T22:55:21.076Z,buy,4.78e-06,1574.0,0.00752372
CVC/BTC,1564700122123,2019-08-01T22:55:22.123Z,buy,4.78e-06,1051.0,0.00502378
CVC/BTC,1564700122123,2019-08-01T22:55:22.123Z,buy,4.78e-06,1051.0,0.00502378
CVC/BTC,1564700368371,2019-08-01T22:59:28.371Z,sell,4.77e-06,1650.0,0.0078705
CVC/BTC,1564701005417,2019-08-01T23:10:05.417Z,sell,4.77e-06,1400.0,0.006678
CVC/BTC,1564701237432,2019-08-01T23:13:57.432Z,sell,4.76e-06,1093.0,0.00520268
CVC/BTC,1564701237443,2019-08-01T23:13:57.443Z,sell,4.76e-06,921.0,0.00438396
CVC/BTC,1564701251699,2019-08-01T23:14:11.699Z,buy,4.76e-06,46.0,0.00021896
CVC/BTC,1564701262710,2019-08-01T23:14:22.710Z,buy,4.76e-06,28.0,0.00013328
CVC/BTC,1564701416926,2019-08-01T23:16:56.926Z,buy,4.77e-06,43.0,0.00020511
CVC/BTC,1564701555615,2019-08-01T23:19:15.615Z,sell,4.75e-06,2977.0,0.01414075
CVC/BTC,1564701558312,2019-08-01T23:19:18.312Z,sell,4.75e-06,929.0,0.00441275
CVC/BTC,1564701763092,2019-08-01T23:22:43.092Z,sell,4.75e-06,544.0,0.002584
CVC/BTC,1564701911006,2019-08-01T23:25:11.006Z,sell,4.76e-06,968.0,0.00460768
CVC/BTC,1564701998518,2019-08-01T23:26:38.518Z,buy,4.77e-06,21.0,0.00010017
CVC/BTC,1564702071721,2019-08-01T23:27:51.721Z,buy,4.77e-06,379.0,0.00180783
CVC/BTC,1564702071777,2019-08-01T23:27:51.777Z,buy,4.77e-06,564.0,0.00269028
CVC/BTC,1564702072014,2019-08-01T23:27:52.014Z,buy,4.77e-06,4.0,1.908e-05
CVC/BTC,1564702080480,2019-08-01T23:28:00.480Z,buy,4.78e-06,296.0,0.00141488
CVC/BTC,1564702124078,2019-08-01T23:28:44.078Z,sell,4.77e-06,975.0,0.00465075
CVC/BTC,1564702250238,2019-08-01T23:30:50.238Z,buy,4.78e-06,753.0,0.00359934
CVC/BTC,1564702261067,2019-08-01T23:31:01.067Z,buy,4.78e-06,825.0,0.0039435
CVC/BTC,1564702284668,2019-08-01T23:31:24.668Z,buy,4.78e-06,913.0,0.00436414
CVC/BTC,1564702285698,2019-08-01T23:31:25.698Z,buy,4.78e-06,346.0,0.00165388
CVC/BTC,1564702298267,2019-08-01T23:31:38.267Z,buy,4.78e-06,201.0,0.0009607799999999
CVC/BTC,1564702754866,2019-08-01T23:39:14.866Z,sell,4.77e-06,1094.0,0.00521838
CVC/BTC,1564702754866,2019-08-01T23:39:14.866Z,sell,4.77e-06,1094.0,0.00521838
CVC/BTC,1564704493941,2019-08-02T00:08:13.941Z,sell,4.76e-06,1363.0,0.00648788
CVC/BTC,1564705080155,2019-08-02T00:18:00.155Z,sell,4.76e-06,419.0,0.00199444
CVC/BTC,1564705157941,2019-08-02T00:19:17.941Z,buy,4.77e-06,911.0,0.00434547
CVC/BTC,1564705447266,2019-08-02T00:24:07.266Z,buy,4.77e-06,2923.0,0.01394271
CVC/BTC,1564705447269,2019-08-02T00:24:07.269Z,buy,4.77e-06,1169.0,0.00557613
CVC/BTC,1564705447269,2019-08-02T00:24:07.269Z,buy,4.78e-06,965.0,0.0046127
CVC/BTC,1564705447269,2019-08-02T00:24:07.269Z,buy,4.79e-06,789.0,0.0037793099999999
CVC/BTC,1564705447493,2019-08-02T00:24:07.493Z,buy,4.79e-06,1368.0,0.00655272
CVC/BTC,1564705608126,2019-08-02T00:26:48.126Z,buy,4.78e-06,2086.0,0.00997108
CVC/BTC,1564705608206,2019-08-02T00:26:48.206Z,buy,4.78e-06,837.0,0.00400086
CVC/BTC,1564705628872,2019-08-02T00:27:08.872Z,sell,4.79e-06,707.0,0.00338653
CVC/BTC,1564705630063,2019-08-02T00:27:10.063Z,sell,4.79e-06,258.0,0.0012358199999999
CVC/BTC,1564705677276,2019-08-02T00:27:57.276Z,buy,4.8e-06,2299.0,0.0110352
CVC/BTC,1564705693099,2019-08-02T00:28:13.099Z,buy,4.8e-06,30.0,0.000144
CVC/BTC,1564705693099,2019-08-02T00:28:13.099Z,buy,4.81e-06,1297.0,0.00623857
CVC/BTC,1564705696101,2019-08-02T00:28:16.101Z,buy,4.81e-06,2076.0,0.00998556
CVC/BTC,1564705697727,2019-08-02T00:28:17.727Z,buy,4.81e-06,950.0,0.0045695
CVC/BTC,1564705698106,2019-08-02T00:28:18.106Z,buy,4.82e-06,791.0,0.0038126199999999
CVC/BTC,1564705698156,2019-08-02T00:28:18.156Z,sell,4.83e-06,79.0,0.00038157
CVC/BTC,1564705698190,2019-08-02T00:28:18.190Z,sell,4.81e-06,11.0,5.290999999999999e-05
CVC/BTC,1564705698190,2019-08-02T00:28:18.190Z,sell,4.8e-06,68.0,0.0003263999999999
CVC/BTC,1564705708417,2019-08-02T00:28:28.417Z,buy,4.8e-06,2034.0,0.0097632
CVC/BTC,1564705710165,2019-08-02T00:28:30.165Z,sell,4.79e-06,1616.0,0.00774064
CVC/BTC,1564705721442,2019-08-02T00:28:41.442Z,sell,4.81e-06,809.0,0.00389129
CVC/BTC,1564705726169,2019-08-02T00:28:46.169Z,buy,4.81e-06,875.0,0.00420875
CVC/BTC,1564705726169,2019-08-02T00:28:46.169Z,buy,4.82e-06,961.0,0.00463202
CVC/BTC,1564705747793,2019-08-02T00:29:07.793Z,buy,4.82e-06,4019.0,0.01937158
CVC/BTC,1564705772527,2019-08-02T00:29:32.527Z,buy,4.83e-06,1285.0,0.00620655
CVC/BTC,1564705773404,2019-08-02T00:29:33.404Z,buy,4.83e-06,595.0,0.00287385
CVC/BTC,1564705773453,2019-08-02T00:29:33.453Z,buy,4.83e-06,594.0,0.00286902
CVC/BTC,1564705776113,2019-08-02T00:29:36.113Z,buy,4.83e-06,617.0,0.00298011
CVC/BTC,1564705776574,2019-08-02T00:29:36.574Z,buy,4.83e-06,662.0,0.00319746
CVC/BTC,1564705776596,2019-08-02T00:29:36.596Z,buy,4.83e-06,617.0,0.00298011
CVC/BTC,1564705776606,2019-08-02T00:29:36.606Z,buy,4.83e-06,617.0,0.00298011
CVC/BTC,1564705776813,2019-08-02T00:29:36.813Z,buy,4.83e-06,662.0,0.00319746
CVC/BTC,1564705777595,2019-08-02T00:29:37.595Z,buy,4.83e-06,1407.0,0.00679581
CVC/BTC,1564705779950,2019-08-02T00:29:39.950Z,buy,4.83e-06,775.0,0.00374325
CVC/BTC,1564705780041,2019-08-02T00:29:40.041Z,buy,4.83e-06,162.0,0.00078246
CVC/BTC,1564705780166,2019-08-02T00:29:40.166Z,buy,4.83e-06,774.0,0.00373842
CVC/BTC,1564705780772,2019-08-02T00:29:40.772Z,buy,4.83e-06,1055.0,0.00509565
CVC/BTC,1564705780886,2019-08-02T00:29:40.886Z,buy,4.83e-06,273.0,0.00131859
CVC/BTC,1564705780890,2019-08-02T00:29:40.890Z,buy,4.83e-06,79.0,0.00038157
CVC/BTC,1564705781260,2019-08-02T00:29:41.260Z,buy,4.83e-06,1055.0,0.00509565
CVC/BTC,1564705781728,2019-08-02T00:29:41.728Z,buy,4.83e-06,1724.0,0.00832692
CVC/BTC,1564705782074,2019-08-02T00:29:42.074Z,sell,4.83e-06,1702.0,0.00822066
CVC/BTC,1564705782642,2019-08-02T00:29:42.642Z,buy,4.84e-06,281.0,0.00136004
CVC/BTC,1564705785874,2019-08-02T00:29:45.874Z,sell,4.83e-06,3880.0,0.0187404
CVC/BTC,1564705789492,2019-08-02T00:29:49.492Z,buy,4.83e-06,318.0,0.00153594
CVC/BTC,1564705791190,2019-08-02T00:29:51.190Z,buy,4.83e-06,166.0,0.00080178
CVC/BTC,1564705795108,2019-08-02T00:29:55.108Z,buy,4.83e-06,615.0,0.00297045
CVC/BTC,1564705803562,2019-08-02T00:30:03.562Z,buy,4.83e-06,5523.0,0.02667609
CVC/BTC,1564705803895,2019-08-02T00:30:03.895Z,buy,4.83e-06,387.0,0.00186921
CVC/BTC,1564705804119,2019-08-02T00:30:04.119Z,buy,4.83e-06,835.0,0.00403305
CVC/BTC,1564705804599,2019-08-02T00:30:04.599Z,buy,4.83e-06,5580.0,0.0269514
CVC/BTC,1564705804631,2019-08-02T00:30:04.631Z,buy,4.83e-06,288.0,0.00139104
CVC/BTC,1564705804997,2019-08-02T00:30:04.997Z,buy,4.83e-06,364.0,0.00175812
CVC/BTC,1564705805113,2019-08-02T00:30:05.113Z,buy,4.83e-06,19.0,9.177e-05
CVC/BTC,1564705805113,2019-08-02T00:30:05.113Z,buy,4.84e-06,2051.0,0.00992684
CVC/BTC,1564705805621,2019-08-02T00:30:05.621Z,buy,4.84e-06,7180.0,0.0347512
CVC/BTC,1564705806108,2019-08-02T00:30:06.108Z,buy,4.84e-06,620.0,0.0030008
CVC/BTC,1564705806665,2019-08-02T00:30:06.665Z,buy,4.84e-06,5679.0,0.02748636
CVC/BTC,1564705806862,2019-08-02T00:30:06.862Z,buy,4.84e-06,2074.0,0.01003816
CVC/BTC,1564705806873,2019-08-02T00:30:06.873Z,buy,4.84e-06,2074.0,0.01003816
CVC/BTC,1564705807108,2019-08-02T00:30:07.108Z,buy,4.84e-06,2056.0,0.00995104
CVC/BTC,1564705807250,2019-08-02T00:30:07.250Z,buy,4.84e-06,5679.0,0.02748636
CVC/BTC,1564705807472,2019-08-02T00:30:07.472Z,sell,4.82e-06,1178.0,0.0056779599999999
CVC/BTC,1564705807518,2019-08-02T00:30:07.518Z,buy,4.82e-06,589.0,0.0028389799999999
CVC/BTC,1564705807891,2019-08-02T00:30:07.891Z,buy,4.82e-06,516.0,0.0024871199999999
CVC/BTC,1564705808072,2019-08-02T00:30:08.072Z,buy,4.82e-06,3321.0,0.01600722
CVC/BTC,1564705808075,2019-08-02T00:30:08.075Z,buy,4.82e-06,19862.0,0.0957348399999999
CVC/BTC,1564705808099,2019-08-02T00:30:08.099Z,buy,4.82e-06,2056.0,0.00990992
CVC/BTC,1564705808447,2019-08-02T00:30:08.447Z,buy,4.82e-06,11162.0,0.0538008399999999
CVC/BTC,1564705809738,2019-08-02T00:30:09.738Z,sell,4.82e-06,589.0,0.0028389799999999
CVC/BTC,1564705825022,2019-08-02T00:30:25.022Z,buy,4.83e-06,306.0,0.00147798
CVC/BTC,1564705827713,2019-08-02T00:30:27.713Z,buy,4.83e-06,283.0,0.00136689
CVC/BTC,1564705835294,2019-08-02T00:30:35.294Z,buy,4.84e-06,100.0,0.000484
CVC/BTC,1564705835602,2019-08-02T00:30:35.602Z,buy,4.84e-06,183.0,0.00088572
CVC/BTC,1564705836167,2019-08-02T00:30:36.167Z,buy,4.85e-06,1437.0,0.00696945
CVC/BTC,1564705836199,2019-08-02T00:30:36.199Z,buy,4.85e-06,78.0,0.0003783
CVC/BTC,1564705837296,2019-08-02T00:30:37.296Z,buy,4.86e-06,23.0,0.00011178
CVC/BTC,1564705837296,2019-08-02T00:30:37.296Z,buy,4.87e-06,3311.0,0.01612457
CVC/BTC,1564705838102,2019-08-02T00:30:38.102Z,sell,4.86e-06,1404.0,0.00682344
CVC/BTC,1564705838325,2019-08-02T00:30:38.325Z,buy,4.87e-06,7319.0,0.03564353
CVC/BTC,1564705839107,2019-08-02T00:30:39.107Z,sell,4.86e-06,2103.0,0.01022058
CVC/BTC,1564705845163,2019-08-02T00:30:45.163Z,buy,4.87e-06,35.0,0.00017045
CVC/BTC,1564705847541,2019-08-02T00:30:47.541Z,buy,4.87e-06,302.0,0.00147074
CVC/BTC,1564705862739,2019-08-02T00:31:02.739Z,buy,4.87e-06,6874.0,0.03347638
CVC/BTC,1564705865584,2019-08-02T00:31:05.584Z,buy,4.87e-06,302.0,0.00147074
CVC/BTC,1564705866488,2019-08-02T00:31:06.488Z,buy,4.87e-06,7288.0,0.03549256
CVC/BTC,1564705867329,2019-08-02T00:31:07.329Z,buy,4.87e-06,7167.0,0.03490329
CVC/BTC,1564705868205,2019-08-02T00:31:08.205Z,buy,4.87e-06,4424.0,0.02154488
CVC/BTC,1564705883537,2019-08-02T00:31:23.537Z,buy,4.86e-06,302.0,0.00146772
CVC/BTC,1564705892125,2019-08-02T00:31:32.125Z,sell,4.84e-06,400.0,0.001936
CVC/BTC,1564705980720,2019-08-02T00:33:00.720Z,sell,4.82e-06,652.0,0.00314264
CVC/BTC,1564706056110,2019-08-02T00:34:16.110Z,sell,4.82e-06,16.0,7.712e-05
CVC/BTC,1564706056110,2019-08-02T00:34:16.110Z,sell,4.81e-06,400.0,0.001924
CVC/BTC,1564706056110,2019-08-02T00:34:16.110Z,sell,4.8e-06,208.0,0.0009984
CVC/BTC,1564706060005,2019-08-02T00:34:20.005Z,sell,4.8e-06,750.0,0.0036
CVC/BTC,1564706065761,2019-08-02T00:34:25.761Z,sell,4.8e-06,1067.0,0.0051216
CVC/BTC,1564706066121,2019-08-02T00:34:26.121Z,sell,4.8e-06,590.0,0.002832
CVC/BTC,1564706196440,2019-08-02T00:36:36.440Z,sell,4.79e-06,1657.0,0.00793703
CVC/BTC,1564706203224,2019-08-02T00:36:43.224Z,sell,4.79e-06,516.0,0.0024716399999999
CVC/BTC,1564706219818,2019-08-02T00:36:59.818Z,buy,4.8e-06,53.0,0.0002544
CVC/BTC,1564706219818,2019-08-02T00:36:59.818Z,buy,4.8e-06,53.0,0.0002544
CVC/BTC,1564706401940,2019-08-02T00:40:01.940Z,buy,4.8e-06,968.0,0.0046464
CVC/BTC,1564706402050,2019-08-02T00:40:02.050Z,sell,4.8e-06,29.0,0.0001392
CVC/BTC,1564706402153,2019-08-02T00:40:02.153Z,sell,4.8e-06,1011.0,0.0048528
CVC/BTC,1564706402557,2019-08-02T00:40:02.557Z,sell,4.8e-06,1010.0,0.004848
CVC/BTC,1564706403106,2019-08-02T00:40:03.106Z,sell,4.8e-06,3140.0,0.0150719999999999
CVC/BTC,1564706404092,2019-08-02T00:40:04.092Z,sell,4.8e-06,3142.0,0.0150815999999999
CVC/BTC,1564706404436,2019-08-02T00:40:04.436Z,sell,4.8e-06,1795.0,0.008616
CVC/BTC,1564706408868,2019-08-02T00:40:08.868Z,sell,4.8e-06,1660.0,0.007968
CVC/BTC,1564706590721,2019-08-02T00:43:10.721Z,buy,4.8e-06,2766.0,0.0132768
CVC/BTC,1564706604493,2019-08-02T00:43:24.493Z,buy,4.8e-06,675.0,0.00324
CVC/BTC,1564706762938,2019-08-02T00:46:02.938Z,buy,4.8e-06,1715.0,0.008232
CVC/BTC,1564707047537,2019-08-02T00:50:47.537Z,buy,4.8e-06,300.0,0.0014399999999999
CVC/BTC,1564707242962,2019-08-02T00:54:02.962Z,buy,4.8e-06,223.0,0.0010704
CVC/BTC,1564707242962,2019-08-02T00:54:02.962Z,buy,4.81e-06,6487.0,0.03120247
CVC/BTC,1564707400108,2019-08-02T00:56:40.108Z,buy,4.82e-06,661.0,0.00318602
CVC/BTC,1564707411970,2019-08-02T00:56:51.970Z,sell,4.81e-06,2497.0,0.01201057
CVC/BTC,1564707415774,2019-08-02T00:56:55.774Z,buy,4.81e-06,2167.0,0.01042327
CVC/BTC,1564707715437,2019-08-02T01:01:55.437Z,sell,4.8e-06,39.0,0.0001872
CVC/BTC,1564707715629,2019-08-02T01:01:55.629Z,sell,4.8e-06,1195.0,0.005736
CVC/BTC,1564707716195,2019-08-02T01:01:56.195Z,sell,4.8e-06,960.0,0.004608
CVC/BTC,1564707854611,2019-08-02T01:04:14.611Z,sell,4.8e-06,2125.0,0.0101999999999999
CVC/BTC,1564707858194,2019-08-02T01:04:18.194Z,buy,4.8e-06,1696.0,0.0081408
CVC/BTC,1564707984652,2019-08-02T01:06:24.652Z,sell,4.8e-06,1794.0,0.0086112
CVC/BTC,1564708433597,2019-08-02T01:13:53.597Z,sell,4.79e-06,1373.0,0.00657667
CVC/BTC,1564708480507,2019-08-02T01:14:40.507Z,sell,4.79e-06,7755.0,0.03714645
CVC/BTC,1564708635258,2019-08-02T01:17:15.258Z,buy,4.79e-06,2163.0,0.01036077
CVC/BTC,1564708635367,2019-08-02T01:17:15.367Z,buy,4.79e-06,2548.0,0.01220492
CVC/BTC,1564708635418,2019-08-02T01:17:15.418Z,buy,4.79e-06,3792.0,0.0181636799999999
CVC/BTC,1564708635449,2019-08-02T01:17:15.449Z,buy,4.79e-06,375.0,0.0017962499999999
CVC/BTC,1564708672740,2019-08-02T01:17:52.740Z,sell,4.8e-06,1935.0,0.009288
CVC/BTC,1564708672744,2019-08-02T01:17:52.744Z,buy,4.81e-06,1674.0,0.0080519399999999
CVC/BTC,1564708744044,2019-08-02T01:19:04.044Z,buy,4.81e-06,1079.0,0.0051899899999999
CVC/BTC,1564708744057,2019-08-02T01:19:04.057Z,sell,4.8e-06,1720.0,0.008256
CVC/BTC,1564708772992,2019-08-02T01:19:32.992Z,sell,4.8e-06,1615.0,0.0077519999999999
CVC/BTC,1564708855820,2019-08-02T01:20:55.820Z,sell,4.8e-06,3079.0,0.0147792
CVC/BTC,1564709295759,2019-08-02T01:28:15.759Z,sell,4.79e-06,436.0,0.00208844
CVC/BTC,1564709296087,2019-08-02T01:28:16.087Z,sell,4.79e-06,517.0,0.00247643
CVC/BTC,1564709296171,2019-08-02T01:28:16.171Z,sell,4.79e-06,516.0,0.0024716399999999
CVC/BTC,1564709506048,2019-08-02T01:31:46.048Z,sell,4.79e-06,2536.0,0.0121474399999999
CVC/BTC,1564709567470,2019-08-02T01:32:47.470Z,sell,4.79e-06,1505.0,0.0072089499999999
CVC/BTC,1564709743280,2019-08-02T01:35:43.280Z,buy,4.8e-06,644.0,0.0030911999999999
CVC/BTC,1564709744312,2019-08-02T01:35:44.312Z,sell,4.8e-06,729.0,0.0034992
CVC/BTC,1564709744312,2019-08-02T01:35:44.312Z,sell,4.8e-06,729.0,0.0034992
CVC/BTC,1564709900997,2019-08-02T01:38:20.997Z,sell,4.79e-06,210.0,0.0010059
CVC/BTC,1564710275503,2019-08-02T01:44:35.503Z,buy,4.79e-06,508.0,0.00243332
CVC/BTC,1564710328583,2019-08-02T01:45:28.583Z,buy,4.79e-06,67.0,0.00032093
CVC/BTC,1564710405384,2019-08-02T01:46:45.384Z,buy,4.79e-06,385.0,0.00184415
CVC/BTC,1564710410385,2019-08-02T01:46:50.385Z,buy,4.79e-06,929.0,0.00444991
CVC/BTC,1564710429389,2019-08-02T01:47:09.389Z,buy,4.79e-06,71.0,0.00034009
CVC/BTC,1564710433378,2019-08-02T01:47:13.378Z,buy,4.79e-06,1424.0,0.00682096
CVC/BTC,1564710681616,2019-08-02T01:51:21.616Z,sell,4.78e-06,226.0,0.00108028
CVC/BTC,1564710967323,2019-08-02T01:56:07.323Z,sell,4.8e-06,1334.0,0.0064031999999999
CVC/BTC,1564710967326,2019-08-02T01:56:07.326Z,buy,4.81e-06,837.0,0.0040259699999999
CVC/BTC,1564711566072,2019-08-02T02:06:06.072Z,buy,4.81e-06,2239.0,0.0107695899999999
CVC/BTC,1564711566083,2019-08-02T02:06:06.083Z,sell,4.8e-06,807.0,0.0038735999999999
CVC/BTC,1564711840983,2019-08-02T02:10:40.983Z,buy,4.82e-06,169.0,0.00081458
CVC/BTC,1564711877726,2019-08-02T02:11:17.726Z,buy,4.82e-06,830.0,0.0040006
CVC/BTC,1564712034695,2019-08-02T02:13:54.695Z,sell,4.79e-06,712.0,0.00341048
CVC/BTC,1564712034804,2019-08-02T02:13:54.804Z,sell,4.79e-06,710.0,0.0034009
CVC/BTC,1564712035008,2019-08-02T02:13:55.008Z,sell,4.79e-06,168.0,0.00080472
CVC/BTC,1564712035370,2019-08-02T02:13:55.370Z,sell,4.79e-06,627.0,0.00300333
CVC/BTC,1564712104979,2019-08-02T02:15:04.979Z,sell,4.8e-06,811.0,0.0038927999999999
CVC/BTC,1564712135384,2019-08-02T02:15:35.384Z,buy,4.81e-06,59.0,0.0002837899999999
CVC/BTC,1564712549971,2019-08-02T02:22:29.971Z,sell,4.8e-06,1543.0,0.0074064
CVC/BTC,1564712577926,2019-08-02T02:22:57.926Z,sell,4.79e-06,48.0,0.00022992
CVC/BTC,1564712607849,2019-08-02T02:23:27.849Z,buy,4.79e-06,854.0,0.00409066
CVC/BTC,1564712702356,2019-08-02T02:25:02.356Z,sell,4.79e-06,146.0,0.00069934
CVC/BTC,1564712702356,2019-08-02T02:25:02.356Z,sell,4.78e-06,2265.0,0.0108267
CVC/BTC,1564712812607,2019-08-02T02:26:52.607Z,sell,4.79e-06,2284.0,0.01094036
CVC/BTC,1564712888607,2019-08-02T02:28:08.607Z,buy,4.79e-06,500.0,0.002395
CVC/BTC,1564713002718,2019-08-02T02:30:02.718Z,sell,4.78e-06,471.0,0.00225138
CVC/BTC,1564713139634,2019-08-02T02:32:19.634Z,sell,4.78e-06,10961.0,0.05239358
CVC/BTC,1564713160668,2019-08-02T02:32:40.668Z,sell,4.78e-06,600.0,0.002868
CVC/BTC,1564713160668,2019-08-02T02:32:40.668Z,sell,4.78e-06,600.0,0.002868
CVC/BTC,1564713905647,2019-08-02T02:45:05.647Z,buy,4.79e-06,32.0,0.00015328
CVC/BTC,1564714107363,2019-08-02T02:48:27.363Z,sell,4.78e-06,8968.0,0.04286704
CVC/BTC,1564714107402,2019-08-02T02:48:27.402Z,sell,4.78e-06,23.0,0.00010994
CVC/BTC,1564714108714,2019-08-02T02:48:28.714Z,sell,4.78e-06,698.0,0.00333644
CVC/BTC,1564714109716,2019-08-02T02:48:29.716Z,sell,4.78e-06,3090.0,0.0147702
CVC/BTC,1564714110707,2019-08-02T02:48:30.707Z,sell,4.78e-06,3090.0,0.0147702
CVC/BTC,1564714111283,2019-08-02T02:48:31.283Z,sell,4.78e-06,101.0,0.00048278
CVC/BTC,1564714196307,2019-08-02T02:49:56.307Z,sell,4.77e-06,1043.0,0.00497511
CVC/BTC,1564714512256,2019-08-02T02:55:12.256Z,buy,4.79e-06,531.0,0.00254349
CVC/BTC,1564714645499,2019-08-02T02:57:25.499Z,sell,4.78e-06,6047.0,0.02890466
CVC/BTC,1564714647720,2019-08-02T02:57:27.720Z,sell,4.77e-06,1008.0,0.00480816
CVC/BTC,1564714861344,2019-08-02T03:01:01.344Z,sell,4.78e-06,421.0,0.00201238
CVC/BTC,1564714996648,2019-08-02T03:03:16.648Z,sell,4.77e-06,9455.0,0.04510035
CVC/BTC,1564714996648,2019-08-02T03:03:16.648Z,sell,4.76e-06,25117.0,0.11955692
CVC/BTC,1564714996648,2019-08-02T03:03:16.648Z,sell,4.75e-06,24779.0,0.11770025
CVC/BTC,1564714997807,2019-08-02T03:03:17.807Z,buy,4.78e-06,168.0,0.00080304
CVC/BTC,1564714997854,2019-08-02T03:03:17.854Z,sell,4.76e-06,4950.0,0.023562
CVC/BTC,1564715001101,2019-08-02T03:03:21.101Z,buy,4.77e-06,31.0,0.00014787
CVC/BTC,1564715001101,2019-08-02T03:03:21.101Z,buy,4.78e-06,595.0,0.0028441
CVC/BTC,1564715006503,2019-08-02T03:03:26.503Z,buy,4.78e-06,7.0,3.346e-05
CVC/BTC,1564715008913,2019-08-02T03:03:28.913Z,buy,4.78e-06,592.0,0.00282976
CVC/BTC,1564715034754,2019-08-02T03:03:54.754Z,buy,4.79e-06,1603.0,0.0076783699999999
CVC/BTC,1564715076223,2019-08-02T03:04:36.223Z,sell,4.77e-06,167.0,0.00079659
CVC/BTC,1564715084298,2019-08-02T03:04:44.298Z,sell,4.77e-06,5423.0,0.02586771
CVC/BTC,1564715187497,2019-08-02T03:06:27.497Z,sell,4.77e-06,1834.0,0.00874818
CVC/BTC,1564715272296,2019-08-02T03:07:52.296Z,buy,4.78e-06,3738.0,0.01786764
CVC/BTC,1564715290023,2019-08-02T03:08:10.023Z,sell,4.78e-06,436.0,0.00208408
CVC/BTC,1564715290792,2019-08-02T03:08:10.792Z,sell,4.79e-06,818.0,0.00391822
CVC/BTC,1564715290803,2019-08-02T03:08:10.803Z,sell,4.79e-06,145.0,0.0006945499999999
CVC/BTC,1564715290837,2019-08-02T03:08:10.837Z,sell,4.78e-06,691.0,0.00330298
CVC/BTC,1564715292030,2019-08-02T03:08:12.030Z,sell,4.78e-06,239.0,0.00114242
CVC/BTC,1564715293048,2019-08-02T03:08:13.048Z,sell,4.78e-06,780.0,0.0037283999999999
CVC/BTC,1564715293053,2019-08-02T03:08:13.053Z,sell,4.78e-06,474.0,0.00226572
CVC/BTC,1564715293441,2019-08-02T03:08:13.441Z,sell,4.78e-06,518.0,0.00247604
CVC/BTC,1564715332754,2019-08-02T03:08:52.754Z,sell,4.77e-06,340.0,0.0016218
CVC/BTC,1564715366347,2019-08-02T03:09:26.347Z,buy,4.78e-06,719.0,0.00343682
CVC/BTC,1564715366347,2019-08-02T03:09:26.347Z,buy,4.79e-06,810.0,0.0038799
CVC/BTC,1564715445176,2019-08-02T03:10:45.176Z,sell,4.76e-06,153.0,0.00072828
CVC/BTC,1564715446447,2019-08-02T03:10:46.447Z,buy,4.78e-06,598.0,0.00285844
CVC/BTC,1564715585496,2019-08-02T03:13:05.496Z,sell,4.79e-06,1039.0,0.00497681
CVC/BTC,1564715585507,2019-08-02T03:13:05.507Z,sell,4.78e-06,4259.0,0.02035802
CVC/BTC,1564715720095,2019-08-02T03:15:20.095Z,sell,4.79e-06,1713.0,0.00820527
CVC/BTC,1564716107576,2019-08-02T03:21:47.576Z,buy,4.79e-06,7499.0,0.03592021
CVC/BTC,1564716543904,2019-08-02T03:29:03.904Z,sell,4.79e-06,964.0,0.00461756
CVC/BTC,1564716543904,2019-08-02T03:29:03.904Z,sell,4.79e-06,964.0,0.00461756
CVC/BTC,1564716997719,2019-08-02T03:36:37.719Z,sell,4.78e-06,396.0,0.00189288
CVC/BTC,1564716997941,2019-08-02T03:36:37.941Z,sell,4.78e-06,2364.0,0.01129992
CVC/BTC,1564717095533,2019-08-02T03:38:15.533Z,sell,4.77e-06,2352.0,0.01121904
CVC/BTC,1564717361420,2019-08-02T03:42:41.420Z,sell,4.77e-06,1396.0,0.00665892
CVC/BTC,1564717701009,2019-08-02T03:48:21.009Z,buy,4.78e-06,575.0,0.0027485
CVC/BTC,1564717745463,2019-08-02T03:49:05.463Z,sell,4.77e-06,1458.0,0.00695466
CVC/BTC,1564717751356,2019-08-02T03:49:11.356Z,buy,4.78e-06,794.0,0.00379532
CVC/BTC,1564717751356,2019-08-02T03:49:11.356Z,buy,4.79e-06,24.0,0.00011496
CVC/BTC,1564717751356,2019-08-02T03:49:11.356Z,buy,4.8e-06,271.0,0.0013008
CVC/BTC,1564717751356,2019-08-02T03:49:11.356Z,buy,4.81e-06,255.0,0.0012265499999999
CVC/BTC,1564718302580,2019-08-02T03:58:22.580Z,buy,4.79e-06,1449.0,0.00694071
CVC/BTC,1564718335457,2019-08-02T03:58:55.457Z,buy,4.79e-06,1584.0,0.00758736
CVC/BTC,1564718335461,2019-08-02T03:58:55.461Z,sell,4.78e-06,575.0,0.0027485
CVC/BTC,1564718824171,2019-08-02T04:07:04.171Z,sell,4.79e-06,1447.0,0.00693113
CVC/BTC,1564719093749,2019-08-02T04:11:33.749Z,buy,4.8e-06,21.0,0.0001008
CVC/BTC,1564719093749,2019-08-02T04:11:33.749Z,buy,4.81e-06,375.0,0.0018037499999999
CVC/BTC,1564719102228,2019-08-02T04:11:42.228Z,buy,4.81e-06,194.0,0.00093314
CVC/BTC,1564719108412,2019-08-02T04:11:48.412Z,buy,4.81e-06,258.0,0.0012409799999999
CVC/BTC,1564719414950,2019-08-02T04:16:54.950Z,buy,4.8e-06,485.0,0.0023279999999999
CVC/BTC,1564719414953,2019-08-02T04:16:54.953Z,sell,4.79e-06,198.0,0.00094842
CVC/BTC,1564719697672,2019-08-02T04:21:37.672Z,buy,4.8e-06,637.0,0.0030575999999999
CVC/BTC,1564719721179,2019-08-02T04:22:01.179Z,sell,4.8e-06,1435.0,0.006888
CVC/BTC,1564719724439,2019-08-02T04:22:04.439Z,buy,4.8e-06,1478.0,0.0070944
CVC/BTC,1564719841453,2019-08-02T04:24:01.453Z,sell,4.79e-06,1449.0,0.00694071
CVC/BTC,1564720022193,2019-08-02T04:27:02.193Z,sell,4.8e-06,982.0,0.0047136
CVC/BTC,1564720022193,2019-08-02T04:27:02.193Z,sell,4.8e-06,982.0,0.0047136
CVC/BTC,1564720340332,2019-08-02T04:32:20.332Z,buy,4.8e-06,500.0,0.0024
CVC/BTC,1564720382216,2019-08-02T04:33:02.216Z,sell,4.79e-06,357.0,0.00171003
CVC/BTC,1564720385565,2019-08-02T04:33:05.565Z,sell,4.79e-06,1953.0,0.00935487
CVC/BTC,1564720449028,2019-08-02T04:34:09.028Z,buy,4.8e-06,174.0,0.0008351999999999
CVC/BTC,1564720585244,2019-08-02T04:36:25.244Z,sell,4.79e-06,965.0,0.00462235
CVC/BTC,1564720884088,2019-08-02T04:41:24.088Z,sell,4.78e-06,1969.0,0.00941182
CVC/BTC,1564720885428,2019-08-02T04:41:25.428Z,sell,4.76e-06,556.0,0.00264656
CVC/BTC,1564720925894,2019-08-02T04:42:05.894Z,buy,4.79e-06,27.0,0.0001293299999999
CVC/BTC,1564720995069,2019-08-02T04:43:15.069Z,sell,4.78e-06,891.0,0.00425898
CVC/BTC,1564721309079,2019-08-02T04:48:29.079Z,buy,4.77e-06,127.0,0.00060579
CVC/BTC,1564721311301,2019-08-02T04:48:31.301Z,sell,4.76e-06,381.0,0.00181356
CVC/BTC,1564721502069,2019-08-02T04:51:42.069Z,buy,4.78e-06,811.0,0.00387658
CVC/BTC,1564721502069,2019-08-02T04:51:42.069Z,buy,4.79e-06,4139.0,0.01982581
CVC/BTC,1564721581723,2019-08-02T04:53:01.723Z,buy,4.79e-06,51.0,0.00024429
CVC/BTC,1564721586166,2019-08-02T04:53:06.166Z,buy,4.8e-06,55.0,0.0002639999999999
CVC/BTC,1564721586918,2019-08-02T04:53:06.918Z,sell,4.8e-06,855.0,0.004104
CVC/BTC,1564721607319,2019-08-02T04:53:27.319Z,buy,4.78e-06,961.0,0.00459358
CVC/BTC,1564721805863,2019-08-02T04:56:45.863Z,sell,4.78e-06,570.0,0.0027246
CVC/BTC,1564721882515,2019-08-02T04:58:02.515Z,sell,4.78e-06,1065.0,0.0050907
CVC/BTC,1564721957330,2019-08-02T04:59:17.330Z,buy,4.78e-06,80.0,0.0003823999999999
CVC/BTC,1564722061189,2019-08-02T05:01:01.189Z,buy,4.78e-06,313.0,0.00149614
CVC/BTC,1564722771737,2019-08-02T05:12:51.737Z,buy,4.78e-06,6380.0,0.0304964
CVC/BTC,1564722771831,2019-08-02T05:12:51.831Z,buy,4.78e-06,37.0,0.00017686
CVC/BTC,1564722773643,2019-08-02T05:12:53.643Z,buy,4.79e-06,4949.0,0.0237057099999999
CVC/BTC,1564722774266,2019-08-02T05:12:54.266Z,buy,4.8e-06,83.0,0.0003984
CVC/BTC,1564722774266,2019-08-02T05:12:54.266Z,buy,4.81e-06,400.0,0.001924
CVC/BTC,1564722774292,2019-08-02T05:12:54.292Z,sell,4.81e-06,1269.0,0.00610389
CVC/BTC,1564722774297,2019-08-02T05:12:54.297Z,sell,4.81e-06,512.0,0.00246272
CVC/BTC,1564722774327,2019-08-02T05:12:54.327Z,sell,4.81e-06,1273.0,0.0061231299999999
CVC/BTC,1564722774409,2019-08-02T05:12:54.409Z,sell,4.81e-06,924.0,0.00444444
CVC/BTC,1564722785146,2019-08-02T05:13:05.146Z,buy,4.8e-06,924.0,0.0044351999999999
CVC/BTC,1564722786412,2019-08-02T05:13:06.412Z,sell,4.8e-06,37.0,0.0001775999999999
CVC/BTC,1564722795815,2019-08-02T05:13:15.815Z,sell,4.78e-06,400.0,0.001912
CVC/BTC,1564722797149,2019-08-02T05:13:17.149Z,buy,4.78e-06,300.0,0.001434
CVC/BTC,1564722797174,2019-08-02T05:13:17.174Z,buy,4.78e-06,261.0,0.00124758
CVC/BTC,1564722924851,2019-08-02T05:15:24.851Z,sell,4.79e-06,109.0,0.00052211
CVC/BTC,1564722962761,2019-08-02T05:16:02.761Z,sell,4.79e-06,1448.0,0.00693592
CVC/BTC,1564723009351,2019-08-02T05:16:49.351Z,sell,4.79e-06,2034.0,0.0097428599999999
CVC/BTC,1564723171019,2019-08-02T05:19:31.019Z,buy,4.79e-06,238.0,0.00114002
CVC/BTC,1564723404652,2019-08-02T05:23:24.652Z,sell,4.79e-06,4394.0,0.0210472599999999
CVC/BTC,1564723404659,2019-08-02T05:23:24.659Z,sell,4.78e-06,526.0,0.00251428
CVC/BTC,1564723608093,2019-08-02T05:26:48.093Z,buy,4.78e-06,6380.0,0.0304964
CVC/BTC,1564723608093,2019-08-02T05:26:48.093Z,buy,4.78e-06,6380.0,0.0304964
CVC/BTC,1564723650458,2019-08-02T05:27:30.458Z,buy,4.78e-06,41.0,0.00019598
CVC/BTC,1564723660673,2019-08-02T05:27:40.673Z,buy,4.79e-06,1248.0,0.0059779199999999
CVC/BTC,1564723782859,2019-08-02T05:29:42.859Z,sell,4.79e-06,5682.0,0.02721678
CVC/BTC,1564724041772,2019-08-02T05:34:01.772Z,buy,4.78e-06,78.0,0.00037284
CVC/BTC,1564724240510,2019-08-02T05:37:20.510Z,buy,4.77e-06,1065.0,0.00508005
CVC/BTC,1564724243427,2019-08-02T05:37:23.427Z,sell,4.78e-06,25.0,0.0001195
CVC/BTC,1564724245258,2019-08-02T05:37:25.258Z,sell,4.78e-06,2044.0,0.00977032
CVC/BTC,1564724672557,2019-08-02T05:44:32.557Z,sell,4.79e-06,1349.0,0.00646171
CVC/BTC,1564724676277,2019-08-02T05:44:36.277Z,buy,4.79e-06,1535.0,0.00735265
CVC/BTC,1564724721246,2019-08-02T05:45:21.246Z,buy,4.8e-06,469.0,0.0022512
CVC/BTC,1564724721434,2019-08-02T05:45:21.434Z,buy,4.8e-06,557.0,0.0026736
CVC/BTC,1564724721761,2019-08-02T05:45:21.761Z,buy,4.8e-06,420.0,0.002016
CVC/BTC,1564724797681,2019-08-02T05:46:37.681Z,buy,4.8e-06,2041.0,0.0097968
CVC/BTC,1564724920215,2019-08-02T05:48:40.215Z,buy,4.8e-06,5414.0,0.0259872
CVC/BTC,1564725111920,2019-08-02T05:51:51.920Z,sell,4.79e-06,1296.0,0.00620784
CVC/BTC,1564725134429,2019-08-02T05:52:14.429Z,sell,4.78e-06,4634.0,0.02215052
CVC/BTC,1564725140609,2019-08-02T05:52:20.609Z,sell,4.78e-06,27.0,0.00012906
CVC/BTC,1564725303774,2019-08-02T05:55:03.774Z,buy,4.79e-06,559.0,0.00267761
CVC/BTC,1564725303853,2019-08-02T05:55:03.853Z,buy,4.79e-06,300.0,0.001437
CVC/BTC,1564725304728,2019-08-02T05:55:04.728Z,buy,4.79e-06,342.0,0.00163818
CVC/BTC,1564725353952,2019-08-02T05:55:53.952Z,sell,4.78e-06,41.0,0.00019598
CVC/BTC,1564725539455,2019-08-02T05:58:59.455Z,sell,4.79e-06,300.0,0.001437
CVC/BTC,1564725709996,2019-08-02T06:01:49.996Z,sell,4.79e-06,660.0,0.0031614
CVC/BTC,1564725709996,2019-08-02T06:01:49.996Z,sell,4.78e-06,1681.0,0.00803518
CVC/BTC,1564725710407,2019-08-02T06:01:50.407Z,sell,4.78e-06,2543.0,0.01215554
CVC/BTC,1564725823695,2019-08-02T06:03:43.695Z,sell,4.78e-06,2543.0,0.01215554
CVC/BTC,1564725824345,2019-08-02T06:03:44.345Z,sell,4.78e-06,637.0,0.00304486
CVC/BTC,1564725828634,2019-08-02T06:03:48.634Z,buy,4.78e-06,310.0,0.0014818
CVC/BTC,1564725828655,2019-08-02T06:03:48.655Z,buy,4.78e-06,13.0,6.214e-05
CVC/BTC,1564725828662,2019-08-02T06:03:48.662Z,buy,4.79e-06,3278.0,0.01570162
CVC/BTC,1564725830773,2019-08-02T06:03:50.773Z,buy,4.79e-06,256.0,0.00122624
CVC/BTC,1564725919538,2019-08-02T06:05:19.538Z,buy,4.78e-06,3134.0,0.01498052
CVC/BTC,1564726016057,2019-08-02T06:06:56.057Z,sell,4.77e-06,613.0,0.00292401
CVC/BTC,1564726392609,2019-08-02T06:13:12.609Z,buy,4.77e-06,117.0,0.00055809
CVC/BTC,1564726394639,2019-08-02T06:13:14.639Z,buy,4.77e-06,194.0,0.00092538
CVC/BTC,1564726396605,2019-08-02T06:13:16.605Z,buy,4.77e-06,178.0,0.00084906
CVC/BTC,1564726396709,2019-08-02T06:13:16.709Z,buy,4.77e-06,124.0,0.00059148
CVC/BTC,1564726403588,2019-08-02T06:13:23.588Z,buy,4.78e-06,176.0,0.00084128
CVC/BTC,1564726507503,2019-08-02T06:15:07.503Z,sell,4.76e-06,645.0,0.0030702
CVC/BTC,1564726595002,2019-08-02T06:16:35.002Z,buy,4.78e-06,2092.0,0.00999976
CVC/BTC,1564726601169,2019-08-02T06:16:41.169Z,buy,4.78e-06,853.0,0.00407734
CVC/BTC,1564726601551,2019-08-02T06:16:41.551Z,buy,4.78e-06,664.0,0.0031739199999999
CVC/BTC,1564726608654,2019-08-02T06:16:48.654Z,sell,4.77e-06,3304.0,0.01576008
CVC/BTC,1564726608654,2019-08-02T06:16:48.654Z,sell,4.77e-06,3304.0,0.01576008
CVC/BTC,1564727730694,2019-08-02T06:35:30.694Z,sell,4.76e-06,1955.0,0.0093058
CVC/BTC,1564727730876,2019-08-02T06:35:30.876Z,sell,4.76e-06,1955.0,0.0093058
CVC/BTC,1564727731097,2019-08-02T06:35:31.097Z,sell,4.76e-06,30.0,0.0001428
CVC/BTC,1564727731108,2019-08-02T06:35:31.108Z,sell,4.76e-06,25.0,0.000119
CVC/BTC,1564727735406,2019-08-02T06:35:35.406Z,buy,4.77e-06,128.0,0.00061056
CVC/BTC,1564727806867,2019-08-02T06:36:46.867Z,sell,4.76e-06,30.0,0.0001428
CVC/BTC,1564727807901,2019-08-02T06:36:47.901Z,buy,4.77e-06,1485.0,0.00708345
CVC/BTC,1564727883065,2019-08-02T06:38:03.065Z,sell,4.76e-06,576.0,0.00274176
CVC/BTC,1564727908696,2019-08-02T06:38:28.696Z,sell,4.76e-06,370.0,0.0017612
CVC/BTC,1564727909396,2019-08-02T06:38:29.396Z,sell,4.76e-06,558.0,0.00265608
CVC/BTC,1564727910523,2019-08-02T06:38:30.523Z,sell,4.76e-06,748.0,0.00356048
CVC/BTC,1564727913084,2019-08-02T06:38:33.084Z,sell,4.76e-06,940.0,0.0044744
CVC/BTC,1564728054018,2019-08-02T06:40:54.018Z,buy,4.77e-06,668.0,0.00318636
CVC/BTC,1564728054126,2019-08-02T06:40:54.126Z,buy,4.77e-06,138.0,0.00065826
CVC/BTC,1564728121267,2019-08-02T06:42:01.267Z,sell,4.77e-06,669.0,0.00319113
CVC/BTC,1564728134320,2019-08-02T06:42:14.320Z,buy,4.78e-06,1337.0,0.00639086
CVC/BTC,1564728136225,2019-08-02T06:42:16.225Z,buy,4.78e-06,13633.0,0.06516574
CVC/BTC,1564728136801,2019-08-02T06:42:16.801Z,sell,4.77e-06,856.0,0.00408312
CVC/BTC,1564728158161,2019-08-02T06:42:38.161Z,buy,4.78e-06,300.0,0.001434
CVC/BTC,1564728159481,2019-08-02T06:42:39.481Z,buy,4.78e-06,193.0,0.00092254
CVC/BTC,1564728159553,2019-08-02T06:42:39.553Z,buy,4.78e-06,300.0,0.001434
CVC/BTC,1564728165635,2019-08-02T06:42:45.635Z,sell,4.77e-06,671.0,0.00320067
CVC/BTC,1564728206277,2019-08-02T06:43:26.277Z,buy,4.77e-06,207.0,0.00098739
CVC/BTC,1564728207753,2019-08-02T06:43:27.753Z,buy,4.77e-06,80.0,0.0003816
CVC/BTC,1564728228641,2019-08-02T06:43:48.641Z,buy,4.77e-06,103.0,0.00049131
CVC/BTC,1564728228931,2019-08-02T06:43:48.931Z,buy,4.77e-06,80.0,0.0003816
CVC/BTC,1564728318047,2019-08-02T06:45:18.047Z,buy,4.77e-06,71.0,0.00033867
CVC/BTC,1564728369001,2019-08-02T06:46:09.001Z,buy,4.77e-06,79.0,0.00037683
CVC/BTC,1564728369001,2019-08-02T06:46:09.001Z,buy,4.78e-06,139.0,0.00066442
CVC/BTC,1564728612005,2019-08-02T06:50:12.005Z,sell,4.76e-06,1872.0,0.00891072
CVC/BTC,1564728619965,2019-08-02T06:50:19.965Z,sell,4.76e-06,4006.0,0.01906856
CVC/BTC,1564728740320,2019-08-02T06:52:20.320Z,buy,4.77e-06,48.0,0.00022896
CVC/BTC,1564729081378,2019-08-02T06:58:01.378Z,buy,4.77e-06,100.0,0.000477
CVC/BTC,1564729365523,2019-08-02T07:02:45.523Z,buy,4.77e-06,911.0,0.00434547
CVC/BTC,1564729555138,2019-08-02T07:05:55.138Z,buy,4.78e-06,27280.0,0.1303984
CVC/BTC,1564729555331,2019-08-02T07:05:55.331Z,buy,4.78e-06,7248.0,0.03464544
CVC/BTC,1564729659619,2019-08-02T07:07:39.619Z,buy,4.77e-06,229.0,0.00109233
CVC/BTC,1564730029332,2019-08-02T07:13:49.332Z,sell,4.77e-06,1569.0,0.00748413
CVC/BTC,1564730174814,2019-08-02T07:16:14.814Z,sell,4.76e-06,617.0,0.00293692
CVC/BTC,1564730174814,2019-08-02T07:16:14.814Z,sell,4.76e-06,617.0,0.00293692
CVC/BTC,1564730505161,2019-08-02T07:21:45.161Z,sell,4.76e-06,2286.0,0.01088136
CVC/BTC,1564730507541,2019-08-02T07:21:47.541Z,sell,4.76e-06,28.0,0.00013328
CVC/BTC,1564730881659,2019-08-02T07:28:01.659Z,sell,4.76e-06,695.0,0.0033082
CVC/BTC,1564730972542,2019-08-02T07:29:32.542Z,buy,4.78e-06,4790.0,0.0228962
CVC/BTC,1564730973362,2019-08-02T07:29:33.362Z,buy,4.78e-06,3000.0,0.01434
CVC/BTC,1564731349121,2019-08-02T07:35:49.121Z,sell,4.77e-06,1788.0,0.00852876
CVC/BTC,1564731815952,2019-08-02T07:43:35.952Z,sell,4.76e-06,575.0,0.002737
CVC/BTC,1564731821229,2019-08-02T07:43:41.229Z,sell,4.76e-06,3810.0,0.0181356
CVC/BTC,1564731986472,2019-08-02T07:46:26.472Z,sell,4.76e-06,606.0,0.00288456
CVC/BTC,1564731997365,2019-08-02T07:46:37.365Z,sell,4.76e-06,2652.0,0.01262352
CVC/BTC,1564732004149,2019-08-02T07:46:44.149Z,buy,4.76e-06,29.0,0.00013804
CVC/BTC,1564732026088,2019-08-02T07:47:06.088Z,buy,4.76e-06,27.0,0.00012852
CVC/BTC,1564732064571,2019-08-02T07:47:44.571Z,buy,4.77e-06,39.0,0.00018603
CVC/BTC,1564732470453,2019-08-02T07:54:30.453Z,buy,4.78e-06,1668.0,0.00797304
CVC/BTC,1564732680011,2019-08-02T07:58:00.011Z,buy,4.78e-06,54.0,0.00025812
CVC/BTC,1564732733843,2019-08-02T07:58:53.843Z,buy,4.78e-06,344.0,0.00164432
CVC/BTC,1564733038860,2019-08-02T08:03:58.860Z,sell,4.77e-06,185.0,0.00088245
CVC/BTC,1564733083892,2019-08-02T08:04:43.892Z,sell,4.77e-06,112.0,0.00053424
CVC/BTC,1564733084175,2019-08-02T08:04:44.175Z,buy,4.77e-06,438.0,0.00208926
CVC/BTC,1564733103601,2019-08-02T08:05:03.601Z,sell,4.75e-06,10000.0,0.0475
CVC/BTC,1564733232709,2019-08-02T08:07:12.709Z,buy,4.77e-06,2708.0,0.01291716
CVC/BTC,1564733488626,2019-08-02T08:11:28.626Z,sell,4.76e-06,602.0,0.00286552
CVC/BTC,1564733592687,2019-08-02T08:13:12.687Z,buy,4.78e-06,300.0,0.001434
CVC/BTC,1564733597423,2019-08-02T08:13:17.423Z,buy,4.78e-06,300.0,0.001434
CVC/BTC,1564733597423,2019-08-02T08:13:17.423Z,buy,4.78e-06,300.0,0.001434
CVC/BTC,1564733847206,2019-08-02T08:17:27.206Z,buy,4.77e-06,3301.0,0.01574577
CVC/BTC,1564734119158,2019-08-02T08:21:59.158Z,buy,4.78e-06,800.0,0.003824
CVC/BTC,1564734123806,2019-08-02T08:22:03.806Z,buy,4.78e-06,254.0,0.00121412
CVC/BTC,1564734414207,2019-08-02T08:26:54.207Z,buy,4.78e-06,1589.0,0.00759542
CVC/BTC,1564734415314,2019-08-02T08:26:55.314Z,buy,4.79e-06,47.0,0.0002251299999999
CVC/BTC,1564734415314,2019-08-02T08:26:55.314Z,buy,4.81e-06,69.0,0.00033189
CVC/BTC,1564734767890,2019-08-02T08:32:47.890Z,sell,4.78e-06,957.0,0.00457446
CVC/BTC,1564734767909,2019-08-02T08:32:47.909Z,sell,4.77e-06,1140.0,0.0054378
CVC/BTC,1564734802305,2019-08-02T08:33:22.305Z,buy,4.78e-06,268.0,0.00128104
CVC/BTC,1564734832985,2019-08-02T08:33:52.985Z,buy,4.79e-06,100.0,0.000479
CVC/BTC,1564734872305,2019-08-02T08:34:32.305Z,sell,4.79e-06,521.0,0.00249559
CVC/BTC,1564734875304,2019-08-02T08:34:35.304Z,sell,4.79e-06,312.0,0.0014944799999999
CVC/BTC,1564734956305,2019-08-02T08:35:56.305Z,buy,4.78e-06,25.0,0.0001195
CVC/BTC,1564734958302,2019-08-02T08:35:58.302Z,sell,4.79e-06,609.0,0.00291711
CVC/BTC,1564735051194,2019-08-02T08:37:31.194Z,buy,4.78e-06,494.0,0.00236132
CVC/BTC,1564735222329,2019-08-02T08:40:22.329Z,buy,4.78e-06,1473.0,0.00704094
CVC/BTC,1564735242800,2019-08-02T08:40:42.800Z,sell,4.77e-06,716.0,0.00341532
CVC/BTC,1564735349661,2019-08-02T08:42:29.661Z,sell,4.78e-06,39.0,0.00018642
CVC/BTC,1564735349661,2019-08-02T08:42:29.661Z,sell,4.77e-06,1182.0,0.00563814
CVC/BTC,1564735612420,2019-08-02T08:46:52.420Z,buy,4.78e-06,1113.0,0.00532014
CVC/BTC,1564735733606,2019-08-02T08:48:53.606Z,buy,4.78e-06,8.0,3.824e-05
CVC/BTC,1564736331427,2019-08-02T08:58:51.427Z,buy,4.78e-06,29.0,0.00013862
CVC/BTC,1564736662209,2019-08-02T09:04:22.209Z,buy,4.78e-06,311.0,0.00148658
CVC/BTC,1564736662209,2019-08-02T09:04:22.209Z,buy,4.79e-06,82.0,0.00039278
CVC/BTC,1564736662209,2019-08-02T09:04:22.209Z,buy,4.81e-06,1607.0,0.0077296699999999
CVC/BTC,1564736759801,2019-08-02T09:05:59.801Z,sell,4.78e-06,460.0,0.0021988
CVC/BTC,1564736915505,2019-08-02T09:08:35.505Z,sell,4.78e-06,300.0,0.001434
CVC/BTC,1564737028334,2019-08-02T09:10:28.334Z,sell,4.78e-06,100.0,0.000478
CVC/BTC,1564737029287,2019-08-02T09:10:29.287Z,sell,4.78e-06,152.0,0.00072656
CVC/BTC,1564737030321,2019-08-02T09:10:30.321Z,sell,4.78e-06,173.0,0.00082694
CVC/BTC,1564737030321,2019-08-02T09:10:30.321Z,sell,4.78e-06,173.0,0.00082694
CVC/BTC,1564737306550,2019-08-02T09:15:06.550Z,sell,4.77e-06,22.0,0.00010494
CVC/BTC,1564737430773,2019-08-02T09:17:10.773Z,buy,4.78e-06,487.0,0.00232786
CVC/BTC,1564737796108,2019-08-02T09:23:16.108Z,sell,4.77e-06,2099.0,0.01001223
CVC/BTC,1564737797824,2019-08-02T09:23:17.824Z,sell,4.77e-06,2156.0,0.01028412
CVC/BTC,1564737798100,2019-08-02T09:23:18.100Z,sell,4.77e-06,1087.0,0.00518499
CVC/BTC,1564737832111,2019-08-02T09:23:52.111Z,sell,4.77e-06,30.0,0.0001431
CVC/BTC,1564737834165,2019-08-02T09:23:54.165Z,buy,4.78e-06,30.0,0.0001434
CVC/BTC,1564737934545,2019-08-02T09:25:34.545Z,sell,4.78e-06,1692.0,0.00808776
CVC/BTC,1564737934545,2019-08-02T09:25:34.545Z,sell,4.77e-06,3085.0,0.01471545
CVC/BTC,1564737934545,2019-08-02T09:25:34.545Z,sell,4.76e-06,3602.0,0.01714552
CVC/BTC,1564738112348,2019-08-02T09:28:32.348Z,buy,4.78e-06,529.0,0.00252862
CVC/BTC,1564739141362,2019-08-02T09:45:41.362Z,buy,4.79e-06,2764.0,0.01323956
CVC/BTC,1564739664717,2019-08-02T09:54:24.717Z,buy,4.79e-06,563.0,0.00269677
CVC/BTC,1564739813742,2019-08-02T09:56:53.742Z,buy,4.79e-06,581.0,0.00278299
CVC/BTC,1564739928721,2019-08-02T09:58:48.721Z,buy,4.8e-06,562.0,0.0026976
CVC/BTC,1564740103432,2019-08-02T10:01:43.432Z,sell,4.78e-06,564.0,0.00269592
CVC/BTC,1564740129742,2019-08-02T10:02:09.742Z,buy,4.78e-06,49.0,0.00023422
CVC/BTC,1564740308136,2019-08-02T10:05:08.136Z,buy,4.78e-06,559.0,0.0026720199999999
CVC/BTC,1564740413889,2019-08-02T10:06:53.889Z,sell,4.77e-06,358.0,0.00170766
CVC/BTC,1564740413889,2019-08-02T10:06:53.889Z,sell,4.77e-06,358.0,0.00170766
CVC/BTC,1564740642633,2019-08-02T10:10:42.633Z,sell,4.78e-06,596.0,0.00284888
CVC/BTC,1564740642677,2019-08-02T10:10:42.677Z,buy,4.78e-06,1155.0,0.0055209
CVC/BTC,1564740647669,2019-08-02T10:10:47.669Z,buy,4.81e-06,80.0,0.0003848
CVC/BTC,1564740836579,2019-08-02T10:13:56.579Z,buy,4.79e-06,3263.0,0.01562977
CVC/BTC,1564740857253,2019-08-02T10:14:17.253Z,buy,4.81e-06,625.0,0.00300625
CVC/BTC,1564741016753,2019-08-02T10:16:56.753Z,buy,4.79e-06,28.0,0.00013412
CVC/BTC,1564741332617,2019-08-02T10:22:12.617Z,buy,4.79e-06,464.0,0.00222256
CVC/BTC,1564741907310,2019-08-02T10:31:47.310Z,buy,4.79e-06,1457.0,0.00697903
CVC/BTC,1564742173947,2019-08-02T10:36:13.947Z,sell,4.78e-06,400.0,0.001912
CVC/BTC,1564742175872,2019-08-02T10:36:15.872Z,sell,4.77e-06,606.0,0.00289062
CVC/BTC,1564742285856,2019-08-02T10:38:05.856Z,buy,4.78e-06,2791.0,0.01334098
CVC/BTC,1564742405064,2019-08-02T10:40:05.064Z,sell,4.77e-06,110.0,0.0005247
CVC/BTC,1564742488060,2019-08-02T10:41:28.060Z,sell,4.77e-06,922.0,0.00439794
CVC/BTC,1564743227486,2019-08-02T10:53:47.486Z,sell,4.77e-06,447.0,0.00213219
CVC/BTC,1564743631474,2019-08-02T11:00:31.474Z,buy,4.78e-06,8.0,3.824e-05
CVC/BTC,1564743631474,2019-08-02T11:00:31.474Z,buy,4.78e-06,8.0,3.824e-05
CVC/BTC,1564744039119,2019-08-02T11:07:19.119Z,sell,4.75e-06,48.0,0.000228
CVC/BTC,1564744133445,2019-08-02T11:08:53.445Z,buy,4.79e-06,168.0,0.00080472
CVC/BTC,1564744133445,2019-08-02T11:08:53.445Z,buy,4.8e-06,954.0,0.0045791999999999
CVC/BTC,1564744133445,2019-08-02T11:08:53.445Z,buy,4.81e-06,2398.0,0.0115343799999999
CVC/BTC,1564744134530,2019-08-02T11:08:54.530Z,buy,4.81e-06,1510.0,0.0072631
CVC/BTC,1564744134530,2019-08-02T11:08:54.530Z,buy,4.82e-06,4387.0,0.02114534
CVC/BTC,1564744218277,2019-08-02T11:10:18.277Z,sell,4.81e-06,3591.0,0.01727271
CVC/BTC,1564744804201,2019-08-02T11:20:04.201Z,sell,4.78e-06,300.0,0.001434
CVC/BTC,1564744828111,2019-08-02T11:20:28.111Z,sell,4.78e-06,100.0,0.000478
CVC/BTC,1564745006945,2019-08-02T11:23:26.945Z,buy,4.77e-06,1615.0,0.00770355
CVC/BTC,1564745153181,2019-08-02T11:25:53.181Z,buy,4.79e-06,83.0,0.00039757
CVC/BTC,1564745649242,2019-08-02T11:34:09.242Z,buy,4.77e-06,1374.0,0.00655398
CVC/BTC,1564745945240,2019-08-02T11:39:05.240Z,buy,4.78e-06,2111.0,0.01009058
CVC/BTC,1564745957564,2019-08-02T11:39:17.564Z,sell,4.76e-06,686.0,0.00326536
CVC/BTC,1564746159249,2019-08-02T11:42:39.249Z,sell,4.76e-06,100.0,0.000476
CVC/BTC,1564746210750,2019-08-02T11:43:30.750Z,buy,4.77e-06,1321.0,0.00630117
CVC/BTC,1564746214035,2019-08-02T11:43:34.035Z,buy,4.78e-06,26.0,0.00012428
CVC/BTC,1564746242364,2019-08-02T11:44:02.364Z,buy,4.78e-06,1870.0,0.0089386
CVC/BTC,1564746587808,2019-08-02T11:49:47.808Z,buy,4.78e-06,601.0,0.00287278
CVC/BTC,1564746729963,2019-08-02T11:52:09.963Z,sell,4.78e-06,1039.0,0.00496642
CVC/BTC,1564746769222,2019-08-02T11:52:49.222Z,sell,4.76e-06,354.0,0.00168504
CVC/BTC,1564746770075,2019-08-02T11:52:50.075Z,sell,4.75e-06,1138.0,0.0054055
CVC/BTC,1564746774068,2019-08-02T11:52:54.068Z,buy,4.77e-06,901.0,0.00429777
CVC/BTC,1564746777274,2019-08-02T11:52:57.274Z,buy,4.77e-06,54.0,0.00025758
CVC/BTC,1564746992297,2019-08-02T11:56:32.297Z,sell,4.77e-06,1719.0,0.00819963
CVC/BTC,1564746992297,2019-08-02T11:56:32.297Z,sell,4.77e-06,1719.0,0.00819963
CVC/BTC,1564747481119,2019-08-02T12:04:41.119Z,buy,4.78e-06,150.0,0.000717
CVC/BTC,1564747529837,2019-08-02T12:05:29.837Z,sell,4.75e-06,1751.0,0.00831725
CVC/BTC,1564747789359,2019-08-02T12:09:49.359Z,buy,4.76e-06,786.0,0.00374136
CVC/BTC,1564748234449,2019-08-02T12:17:14.449Z,sell,4.77e-06,2379.0,0.01134783
CVC/BTC,1564748594560,2019-08-02T12:23:14.560Z,buy,4.76e-06,560.0,0.0026656
CVC/BTC,1564748640079,2019-08-02T12:24:00.079Z,buy,4.78e-06,23.0,0.00010994
CVC/BTC,1564749096110,2019-08-02T12:31:36.110Z,buy,4.76e-06,741.0,0.00352716
CVC/BTC,1564749264490,2019-08-02T12:34:24.490Z,buy,4.77e-06,27.0,0.00012879
CVC/BTC,1564749264490,2019-08-02T12:34:24.490Z,buy,4.78e-06,150.0,0.000717
CVC/BTC,1564749703885,2019-08-02T12:41:43.885Z,buy,4.76e-06,353.0,0.00168028
CVC/BTC,1564749724404,2019-08-02T12:42:04.404Z,sell,4.75e-06,165.0,0.00078375
CVC/BTC,1564750471817,2019-08-02T12:54:31.817Z,sell,4.75e-06,35.0,0.00016625
CVC/BTC,1564750587647,2019-08-02T12:56:27.647Z,sell,4.74e-06,397.0,0.00188178
CVC/BTC,1564750590577,2019-08-02T12:56:30.577Z,buy,4.75e-06,243.0,0.00115425
CVC/BTC,1564750591115,2019-08-02T12:56:31.115Z,sell,4.74e-06,300.0,0.001422
CVC/BTC,1564750591115,2019-08-02T12:56:31.115Z,sell,4.74e-06,300.0,0.001422
CVC/BTC,1564750946453,2019-08-02T13:02:26.453Z,sell,4.76e-06,1372.0,0.00653072
CVC/BTC,1564751615299,2019-08-02T13:13:35.299Z,buy,4.75e-06,2113.0,0.01003675
CVC/BTC,1564751982375,2019-08-02T13:19:42.375Z,buy,4.76e-06,721.0,0.00343196
CVC/BTC,1564752457553,2019-08-02T13:27:37.553Z,sell,4.74e-06,9000.0,0.04266
CVC/BTC,1564752564246,2019-08-02T13:29:24.246Z,buy,4.75e-06,835.0,0.00396625
CVC/BTC,1564753028294,2019-08-02T13:37:08.294Z,sell,4.74e-06,1604.0,0.00760296
CVC/BTC,1564753355755,2019-08-02T13:42:35.755Z,buy,4.76e-06,300.0,0.001428
CVC/BTC,1564753495808,2019-08-02T13:44:55.808Z,buy,4.75e-06,4009.0,0.01904275
CVC/BTC,1564754033695,2019-08-02T13:53:53.695Z,buy,4.76e-06,405.0,0.0019278
CVC/BTC,1564754168023,2019-08-02T13:56:08.023Z,sell,4.74e-06,399.0,0.00189126
CVC/BTC,1564754174523,2019-08-02T13:56:14.523Z,sell,4.74e-06,5423.0,0.02570502
CVC/BTC,1564754174523,2019-08-02T13:56:14.523Z,sell,4.74e-06,5423.0,0.02570502
CVC/BTC,1564754664369,2019-08-02T14:04:24.369Z,buy,4.76e-06,529.0,0.00251804
CVC/BTC,1564754757835,2019-08-02T14:05:57.835Z,sell,4.74e-06,112.0,0.00053088
CVC/BTC,1564754770624,2019-08-02T14:06:10.624Z,buy,4.76e-06,1050.0,0.004998
CVC/BTC,1564754848373,2019-08-02T14:07:28.373Z,buy,4.75e-06,3322.0,0.0157795
CVC/BTC,1564755103215,2019-08-02T14:11:43.215Z,sell,4.75e-06,2306.0,0.0109535
CVC/BTC,1564755223582,2019-08-02T14:13:43.582Z,sell,4.74e-06,19682.0,0.09329268
CVC/BTC,1564755380977,2019-08-02T14:16:20.977Z,buy,4.75e-06,30.0,0.0001425
CVC/BTC,1564755600014,2019-08-02T14:20:00.014Z,sell,4.74e-06,61.0,0.00028914
CVC/BTC,1564755607996,2019-08-02T14:20:07.996Z,buy,4.75e-06,26.0,0.0001235
CVC/BTC,1564755610803,2019-08-02T14:20:10.803Z,sell,4.74e-06,139.0,0.00065886
CVC/BTC,1564755613846,2019-08-02T14:20:13.846Z,buy,4.75e-06,1200.0,0.0057
CVC/BTC,1564756626009,2019-08-02T14:37:06.009Z,buy,4.76e-06,41.0,0.00019516
CVC/BTC,1564757094122,2019-08-02T14:44:54.122Z,sell,4.75e-06,671.0,0.00318725
CVC/BTC,1564757096107,2019-08-02T14:44:56.107Z,buy,4.74e-06,65.0,0.0003081
CVC/BTC,1564757179111,2019-08-02T14:46:19.111Z,buy,4.74e-06,9179.0,0.04350846
CVC/BTC,1564757252151,2019-08-02T14:47:32.151Z,sell,4.75e-06,428.0,0.002033
CVC/BTC,1564757252151,2019-08-02T14:47:32.151Z,sell,4.75e-06,428.0,0.002033
CVC/BTC,1564757778256,2019-08-02T14:56:18.256Z,buy,4.74e-06,44.0,0.00020856
CVC/BTC,1564757893142,2019-08-02T14:58:13.142Z,sell,4.73e-06,316.0,0.00149468
CVC/BTC,1564758137158,2019-08-02T15:02:17.158Z,sell,4.73e-06,198.0,0.0009365399999999
CVC/BTC,1564758404808,2019-08-02T15:06:44.808Z,sell,4.73e-06,652.0,0.0030839599999999
CVC/BTC,1564759092336,2019-08-02T15:18:12.336Z,buy,4.74e-06,914.0,0.00433236
CVC/BTC,1564759094244,2019-08-02T15:18:14.244Z,sell,4.74e-06,139.0,0.00065886
CVC/BTC,1564759105245,2019-08-02T15:18:25.245Z,sell,4.74e-06,210.0,0.0009954
CVC/BTC,1564759114096,2019-08-02T15:18:34.096Z,sell,4.72e-06,644.0,0.00303968
CVC/BTC,1564759119657,2019-08-02T15:18:39.657Z,buy,4.74e-06,65.0,0.0003081
CVC/BTC,1564759120239,2019-08-02T15:18:40.239Z,sell,4.74e-06,567.0,0.00268758
CVC/BTC,1564759527684,2019-08-02T15:25:27.684Z,sell,4.72e-06,67.0,0.0003162399999999
CVC/BTC,1564759693980,2019-08-02T15:28:13.980Z,sell,4.72e-06,808.0,0.00381376
CVC/BTC,1564759710573,2019-08-02T15:28:30.573Z,buy,4.72e-06,436.0,0.00205792
CVC/BTC,1564759713930,2019-08-02T15:28:33.930Z,buy,4.72e-06,517.0,0.0024402399999999
CVC/BTC,1564759716453,2019-08-02T15:28:36.453Z,buy,4.72e-06,516.0,0.00243552
CVC/BTC,1564759730725,2019-08-02T15:28:50.725Z,sell,4.71e-06,742.0,0.00349482
CVC/BTC,1564759730725,2019-08-02T15:28:50.725Z,sell,4.71e-06,386.0,0.0018180599999999
CVC/BTC,1564759730725,2019-08-02T15:28:50.725Z,sell,4.71e-06,395.0,0.0018604499999999
CVC/BTC,1564759731524,2019-08-02T15:28:51.524Z,sell,4.71e-06,384.0,0.0018086399999999
CVC/BTC,1564759732515,2019-08-02T15:28:52.515Z,sell,4.71e-06,430.0,0.0020253
CVC/BTC,1564759734180,2019-08-02T15:28:54.180Z,sell,4.71e-06,23.0,0.00010833
CVC/BTC,1564759784375,2019-08-02T15:29:44.375Z,sell,4.71e-06,759.0,0.00357489
CVC/BTC,1564760022145,2019-08-02T15:33:42.145Z,sell,4.71e-06,743.0,0.00349953
CVC/BTC,1564760057388,2019-08-02T15:34:17.388Z,sell,4.71e-06,665.0,0.0031321499999999
CVC/BTC,1564760078457,2019-08-02T15:34:38.457Z,sell,4.71e-06,1112.0,0.00523752
CVC/BTC,1564760559872,2019-08-02T15:42:39.872Z,sell,4.71e-06,613.0,0.0028872299999999
CVC/BTC,1564760561327,2019-08-02T15:42:41.327Z,buy,4.71e-06,1535.0,0.0072298499999999
CVC/BTC,1564760562328,2019-08-02T15:42:42.328Z,buy,4.71e-06,67.0,0.00031557
CVC/BTC,1564760668296,2019-08-02T15:44:28.296Z,buy,4.71e-06,142.0,0.00066882
CVC/BTC,1564760767458,2019-08-02T15:46:07.458Z,buy,4.71e-06,1396.0,0.00657516
CVC/BTC,1564760767458,2019-08-02T15:46:07.458Z,buy,4.71e-06,1396.0,0.00657516
CVC/BTC,1564761209467,2019-08-02T15:53:29.467Z,buy,4.71e-06,162.0,0.00076302
CVC/BTC,1564761607083,2019-08-02T16:00:07.083Z,sell,4.7e-06,36455.0,0.1713385
CVC/BTC,1564761607083,2019-08-02T16:00:07.083Z,sell,4.69e-06,34570.0,0.1621333
CVC/BTC,1564761614468,2019-08-02T16:00:14.468Z,sell,4.69e-06,5423.0,0.02543387
CVC/BTC,1564761762023,2019-08-02T16:02:42.023Z,sell,4.69e-06,60.0,0.0002814
CVC/BTC,1564761956866,2019-08-02T16:05:56.866Z,sell,4.69e-06,263.0,0.00123347
CVC/BTC,1564762145983,2019-08-02T16:09:05.983Z,buy,4.7e-06,200.0,0.00094
CVC/BTC,1564762146026,2019-08-02T16:09:06.026Z,buy,4.7e-06,196.0,0.0009212
CVC/BTC,1564762146037,2019-08-02T16:09:06.037Z,buy,4.7e-06,62.0,0.0002914
CVC/BTC,1564762146095,2019-08-02T16:09:06.095Z,buy,4.7e-06,200.0,0.00094
CVC/BTC,1564762165200,2019-08-02T16:09:25.200Z,sell,4.69e-06,1001.0,0.00469469
CVC/BTC,1564762224222,2019-08-02T16:10:24.222Z,sell,4.69e-06,62.0,0.00029078
CVC/BTC,1564762607407,2019-08-02T16:16:47.407Z,sell,4.69e-06,5408.0,0.02536352
CVC/BTC,1564762773930,2019-08-02T16:19:33.930Z,buy,4.71e-06,1227.0,0.00577917
CVC/BTC,1564762774134,2019-08-02T16:19:34.134Z,buy,4.71e-06,549.0,0.0025857899999999
CVC/BTC,1564762774673,2019-08-02T16:19:34.673Z,buy,4.71e-06,3587.0,0.01689477
CVC/BTC,1564762775155,2019-08-02T16:19:35.155Z,buy,4.72e-06,65.0,0.0003068
CVC/BTC,1564762775155,2019-08-02T16:19:35.155Z,buy,4.73e-06,136.0,0.00064328
CVC/BTC,1564762775633,2019-08-02T16:19:35.633Z,sell,4.71e-06,1502.0,0.00707442
CVC/BTC,1564762789340,2019-08-02T16:19:49.340Z,buy,4.73e-06,344.0,0.00162712
CVC/BTC,1564762796436,2019-08-02T16:19:56.436Z,buy,4.72e-06,477.0,0.00225144
CVC/BTC,1564762796436,2019-08-02T16:19:56.436Z,buy,4.73e-06,366.0,0.00173118
CVC/BTC,1564762813001,2019-08-02T16:20:13.001Z,sell,4.71e-06,967.0,0.00455457
CVC/BTC,1564762813001,2019-08-02T16:20:13.001Z,sell,4.7e-06,1669.0,0.0078443
CVC/BTC,1564762813203,2019-08-02T16:20:13.203Z,buy,4.72e-06,438.0,0.00206736
CVC/BTC,1564762813746,2019-08-02T16:20:13.746Z,buy,4.72e-06,490.0,0.0023128
CVC/BTC,1564762813811,2019-08-02T16:20:13.811Z,buy,4.73e-06,490.0,0.0023177
CVC/BTC,1564762814491,2019-08-02T16:20:14.491Z,sell,4.72e-06,476.0,0.00224672
CVC/BTC,1564762815743,2019-08-02T16:20:15.743Z,buy,4.72e-06,631.0,0.00297832
CVC/BTC,1564762815949,2019-08-02T16:20:15.949Z,buy,4.72e-06,300.0,0.001416
CVC/BTC,1564762817476,2019-08-02T16:20:17.476Z,buy,4.72e-06,80.0,0.0003775999999999
CVC/BTC,1564762820145,2019-08-02T16:20:20.145Z,buy,4.72e-06,21.0,9.912e-05
CVC/BTC,1564762832269,2019-08-02T16:20:32.269Z,buy,4.73e-06,1407.0,0.00665511
CVC/BTC,1564762832287,2019-08-02T16:20:32.287Z,buy,4.73e-06,1460.0,0.0069057999999999
CVC/BTC,1564762837309,2019-08-02T16:20:37.309Z,buy,4.73e-06,2110.0,0.0099803
CVC/BTC,1564762841074,2019-08-02T16:20:41.074Z,buy,4.73e-06,3552.0,0.01680096
CVC/BTC,1564762862102,2019-08-02T16:21:02.102Z,buy,4.73e-06,2708.0,0.0128088399999999
CVC/BTC,1564762865253,2019-08-02T16:21:05.253Z,sell,4.72e-06,1246.0,0.0058811199999999
CVC/BTC,1564762866198,2019-08-02T16:21:06.198Z,buy,4.73e-06,2960.0,0.0140007999999999
CVC/BTC,1564762866198,2019-08-02T16:21:06.198Z,buy,4.73e-06,285.0,0.00134805
CVC/BTC,1564762869763,2019-08-02T16:21:09.763Z,buy,4.73e-06,4370.0,0.0206700999999999
CVC/BTC,1564762871343,2019-08-02T16:21:11.343Z,buy,4.73e-06,157.0,0.0007426099999999
CVC/BTC,1564762874986,2019-08-02T16:21:14.986Z,buy,4.73e-06,2537.0,0.0120000099999999
CVC/BTC,1564762875085,2019-08-02T16:21:15.085Z,buy,4.73e-06,814.0,0.0038502199999999
CVC/BTC,1564762875546,2019-08-02T16:21:15.546Z,sell,4.73e-06,153.0,0.0007236899999999
CVC/BTC,1564762875546,2019-08-02T16:21:15.546Z,sell,4.72e-06,1451.0,0.00684872
CVC/BTC,1564762891875,2019-08-02T16:21:31.875Z,buy,4.73e-06,3075.0,0.0145447499999999
CVC/BTC,1564762900116,2019-08-02T16:21:40.116Z,sell,4.72e-06,109.0,0.00051448
CVC/BTC,1564762906662,2019-08-02T16:21:46.662Z,sell,4.72e-06,80.0,0.0003775999999999
CVC/BTC,1564762906709,2019-08-02T16:21:46.709Z,sell,4.72e-06,54.0,0.0002548799999999
CVC/BTC,1564762916304,2019-08-02T16:21:56.304Z,sell,4.72e-06,98.0,0.00046256
CVC/BTC,1564762917686,2019-08-02T16:21:57.686Z,sell,4.72e-06,100.0,0.000472
CVC/BTC,1564762920049,2019-08-02T16:22:00.049Z,sell,4.72e-06,59.0,0.00027848
CVC/BTC,1564762927961,2019-08-02T16:22:07.961Z,sell,4.72e-06,88.0,0.00041536
CVC/BTC,1564762932386,2019-08-02T16:22:12.386Z,sell,4.72e-06,35.0,0.0001651999999999
CVC/BTC,1564762939247,2019-08-02T16:22:19.247Z,sell,4.72e-06,124.0,0.00058528
CVC/BTC,1564762943966,2019-08-02T16:22:23.966Z,sell,4.72e-06,53.0,0.00025016
CVC/BTC,1564762949364,2019-08-02T16:22:29.364Z,sell,4.72e-06,101.0,0.00047672
CVC/BTC,1564762957197,2019-08-02T16:22:37.197Z,sell,4.72e-06,38.0,0.00017936
CVC/BTC,1564762970429,2019-08-02T16:22:50.429Z,sell,4.72e-06,43.0,0.00020296
CVC/BTC,1564762974979,2019-08-02T16:22:54.979Z,sell,4.72e-06,111.0,0.00052392
CVC/BTC,1564762982180,2019-08-02T16:23:02.180Z,sell,4.72e-06,58.0,0.00027376
CVC/BTC,1564762987514,2019-08-02T16:23:07.514Z,sell,4.72e-06,41.0,0.0001935199999999
CVC/BTC,1564763018626,2019-08-02T16:23:38.626Z,sell,4.72e-06,38.0,0.00017936
CVC/BTC,1564763399984,2019-08-02T16:29:59.984Z,buy,4.73e-06,1879.0,0.0088876699999999
CVC/BTC,1564763578934,2019-08-02T16:32:58.934Z,buy,4.74e-06,785.0,0.0037209
CVC/BTC,1564763936548,2019-08-02T16:38:56.548Z,sell,4.73e-06,5936.0,0.0280772799999999
CVC/BTC,1564764074656,2019-08-02T16:41:14.656Z,buy,4.73e-06,88.0,0.0004162399999999
CVC/BTC,1564764107555,2019-08-02T16:41:47.555Z,sell,4.72e-06,65.0,0.0003068
CVC/BTC,1564764355485,2019-08-02T16:45:55.485Z,buy,4.72e-06,1513.0,0.0071413599999999
CVC/BTC,1564764355485,2019-08-02T16:45:55.485Z,buy,4.72e-06,1513.0,0.0071413599999999
CVC/BTC,1564764676703,2019-08-02T16:51:16.703Z,buy,4.74e-06,65.0,0.0003081
CVC/BTC,1564764676703,2019-08-02T16:51:16.703Z,buy,4.75e-06,235.0,0.00111625
CVC/BTC,1564764678573,2019-08-02T16:51:18.573Z,buy,4.75e-06,300.0,0.001425
CVC/BTC,1564764691684,2019-08-02T16:51:31.684Z,buy,4.75e-06,97.0,0.00046075
CVC/BTC,1564764784563,2019-08-02T16:53:04.563Z,sell,4.75e-06,6305.0,0.02994875
CVC/BTC,1564765157102,2019-08-02T16:59:17.102Z,buy,4.74e-06,879.0,0.00416646
CVC/BTC,1564765157102,2019-08-02T16:59:17.102Z,buy,4.75e-06,121.0,0.00057475
CVC/BTC,1564765190879,2019-08-02T16:59:50.879Z,buy,4.75e-06,4802.0,0.0228095
CVC/BTC,1564765749466,2019-08-02T17:09:09.466Z,buy,4.74e-06,4160.0,0.0197184
CVC/BTC,1564766409768,2019-08-02T17:20:09.768Z,sell,4.74e-06,1134.0,0.00537516
CVC/BTC,1564766987975,2019-08-02T17:29:47.975Z,sell,4.72e-06,214.0,0.00101008
CVC/BTC,1564766988204,2019-08-02T17:29:48.204Z,sell,4.72e-06,300.0,0.001416
CVC/BTC,1564767027205,2019-08-02T17:30:27.205Z,sell,4.73e-06,970.0,0.0045880999999999
CVC/BTC,1564767706471,2019-08-02T17:41:46.471Z,buy,4.73e-06,300.0,0.001419
CVC/BTC,1564767732605,2019-08-02T17:42:12.605Z,buy,4.73e-06,3864.0,0.01827672
CVC/BTC,1564767749107,2019-08-02T17:42:29.107Z,buy,4.73e-06,569.0,0.00269137
CVC/BTC,1564767751096,2019-08-02T17:42:31.096Z,buy,4.73e-06,872.0,0.0041245599999999
CVC/BTC,1564767753195,2019-08-02T17:42:33.195Z,buy,4.73e-06,858.0,0.00405834
CVC/BTC,1564767758416,2019-08-02T17:42:38.416Z,buy,4.73e-06,376.0,0.0017784799999999
CVC/BTC,1564767758459,2019-08-02T17:42:38.459Z,buy,4.73e-06,308.0,0.0014568399999999
CVC/BTC,1564767758459,2019-08-02T17:42:38.459Z,buy,4.73e-06,308.0,0.0014568399999999
CVC/BTC,1564768685848,2019-08-02T17:58:05.848Z,buy,4.73e-06,960.0,0.0045407999999999
CVC/BTC,1564768866735,2019-08-02T18:01:06.735Z,buy,4.73e-06,13.0,6.149e-05
CVC/BTC,1564768876767,2019-08-02T18:01:16.767Z,buy,4.73e-06,717.0,0.0033914099999999
CVC/BTC,1564768911657,2019-08-02T18:01:51.657Z,buy,4.73e-06,767.0,0.00362791
CVC/BTC,1564769141931,2019-08-02T18:05:41.931Z,sell,4.72e-06,3408.0,0.0160857599999999
CVC/BTC,1564769412696,2019-08-02T18:10:12.696Z,buy,4.73e-06,2180.0,0.0103113999999999
CVC/BTC,1564769815365,2019-08-02T18:16:55.365Z,sell,4.72e-06,5363.0,0.02531336
CVC/BTC,1564770551856,2019-08-02T18:29:11.856Z,sell,4.72e-06,205.0,0.0009676
CVC/BTC,1564770859126,2019-08-02T18:34:19.126Z,sell,4.72e-06,839.0,0.0039600799999999
CVC/BTC,1564770878214,2019-08-02T18:34:38.214Z,sell,4.72e-06,1799.0,0.0084912799999999
CVC/BTC,1564770907347,2019-08-02T18:35:07.347Z,sell,4.73e-06,300.0,0.001419
CVC/BTC,1564771007709,2019-08-02T18:36:47.709Z,sell,4.72e-06,312.0,0.0014726399999999
CVC/BTC,1564771262402,2019-08-02T18:41:02.402Z,buy,4.73e-06,2202.0,0.01041546
CVC/BTC,1564771262402,2019-08-02T18:41:02.402Z,buy,4.73e-06,2202.0,0.01041546
CVC/BTC,1564771393673,2019-08-02T18:43:13.673Z,buy,4.74e-06,65.0,0.0003081
CVC/BTC,1564771394439,2019-08-02T18:43:14.439Z,buy,4.74e-06,81.0,0.00038394
CVC/BTC,1564771394468,2019-08-02T18:43:14.468Z,buy,4.74e-06,81.0,0.00038394
CVC/BTC,1564771720129,2019-08-02T18:48:40.129Z,buy,4.73e-06,863.0,0.00408199
CVC/BTC,1564771977529,2019-08-02T18:52:57.529Z,buy,4.74e-06,691.0,0.00327534
CVC/BTC,1564771977529,2019-08-02T18:52:57.529Z,buy,4.75e-06,1208.0,0.005738
CVC/BTC,1564771977529,2019-08-02T18:52:57.529Z,buy,4.76e-06,3931.0,0.01871156
CVC/BTC,1564771982970,2019-08-02T18:53:02.970Z,sell,4.75e-06,767.0,0.00364325
CVC/BTC,1564772068832,2019-08-02T18:54:28.832Z,buy,4.76e-06,767.0,0.00365092
CVC/BTC,1564772068832,2019-08-02T18:54:28.832Z,buy,4.77e-06,7361.0,0.03511197
CVC/BTC,1564772068832,2019-08-02T18:54:28.832Z,buy,4.78e-06,2872.0,0.01372816
CVC/BTC,1564772069645,2019-08-02T18:54:29.645Z,buy,4.79e-06,934.0,0.00447386
CVC/BTC,1564772074457,2019-08-02T18:54:34.457Z,buy,4.79e-06,100.0,0.000479
CVC/BTC,1564772077038,2019-08-02T18:54:37.038Z,sell,4.77e-06,395.0,0.00188415
CVC/BTC,1564772094380,2019-08-02T18:54:54.380Z,sell,4.78e-06,568.0,0.00271504
CVC/BTC,1564772094380,2019-08-02T18:54:54.380Z,sell,4.77e-06,2671.0,0.01274067
CVC/BTC,1564772099029,2019-08-02T18:54:59.029Z,buy,4.8e-06,1820.0,0.0087359999999999
CVC/BTC,1564772100158,2019-08-02T18:55:00.158Z,sell,4.78e-06,65.0,0.0003107
CVC/BTC,1564772102714,2019-08-02T18:55:02.714Z,sell,4.77e-06,3238.0,0.01544526
CVC/BTC,1564772111567,2019-08-02T18:55:11.567Z,buy,4.77e-06,4394.0,0.02095938
CVC/BTC,1564772139536,2019-08-02T18:55:39.536Z,sell,4.76e-06,6270.0,0.0298452
CVC/BTC,1564772141126,2019-08-02T18:55:41.126Z,sell,4.76e-06,394.0,0.00187544
CVC/BTC,1564772141209,2019-08-02T18:55:41.209Z,sell,4.76e-06,394.0,0.00187544
CVC/BTC,1564772141391,2019-08-02T18:55:41.391Z,sell,4.76e-06,2172.0,0.01033872
CVC/BTC,1564772141391,2019-08-02T18:55:41.391Z,sell,4.75e-06,1914.0,0.0090915
CVC/BTC,1564772142476,2019-08-02T18:55:42.476Z,sell,4.75e-06,2172.0,0.010317
CVC/BTC,1564772142507,2019-08-02T18:55:42.507Z,sell,4.75e-06,4128.0,0.019608
CVC/BTC,1564772231844,2019-08-02T18:57:11.844Z,sell,4.74e-06,2725.0,0.0129165
CVC/BTC,1564772240328,2019-08-02T18:57:20.328Z,buy,4.76e-06,771.0,0.00366996
CVC/BTC,1564772240328,2019-08-02T18:57:20.328Z,buy,4.78e-06,989.0,0.00472742
CVC/BTC,1564772261760,2019-08-02T18:57:41.760Z,sell,4.76e-06,587.0,0.00279412
CVC/BTC,1564772261760,2019-08-02T18:57:41.760Z,sell,4.75e-06,4449.0,0.02113275
CVC/BTC,1564772261760,2019-08-02T18:57:41.760Z,sell,4.74e-06,24.0,0.00011376
CVC/BTC,1564772291445,2019-08-02T18:58:11.445Z,sell,4.74e-06,4966.0,0.02353884
CVC/BTC,1564772291445,2019-08-02T18:58:11.445Z,sell,4.73e-06,8894.0,0.0420686199999999
CVC/BTC,1564772292266,2019-08-02T18:58:12.266Z,sell,4.73e-06,1540.0,0.0072841999999999
CVC/BTC,1564772292711,2019-08-02T18:58:12.711Z,sell,4.73e-06,1671.0,0.0079038299999999
CVC/BTC,1564772294126,2019-08-02T18:58:14.126Z,sell,4.73e-06,39.0,0.0001844699999999
CVC/BTC,1564772295068,2019-08-02T18:58:15.068Z,sell,4.73e-06,2151.0,0.01017423
CVC/BTC,1564772311390,2019-08-02T18:58:31.390Z,sell,4.72e-06,36.0,0.00016992
CVC/BTC,1564772351211,2019-08-02T18:59:11.211Z,buy,4.74e-06,598.0,0.00283452
CVC/BTC,1564772355452,2019-08-02T18:59:15.452Z,buy,4.74e-06,2123.0,0.01006302
CVC/BTC,1564772356443,2019-08-02T18:59:16.443Z,sell,4.74e-06,934.0,0.00442716
CVC/BTC,1564772356475,2019-08-02T18:59:16.475Z,sell,4.74e-06,107.0,0.00050718
CVC/BTC,1564772437442,2019-08-02T19:00:37.442Z,sell,4.73e-06,300.0,0.001419
CVC/BTC,1564772479208,2019-08-02T19:01:19.208Z,sell,4.73e-06,386.0,0.00182578
CVC/BTC,1564772507110,2019-08-02T19:01:47.110Z,sell,4.73e-06,1041.0,0.00492393
CVC/BTC,1564772554766,2019-08-02T19:02:34.766Z,sell,4.72e-06,409.0,0.0019304799999999
CVC/BTC,1564772587954,2019-08-02T19:03:07.954Z,sell,4.72e-06,5610.0,0.0264791999999999
CVC/BTC,1564772911182,2019-08-02T19:08:31.182Z,buy,4.73e-06,2349.0,0.0111107699999999
CVC/BTC,1564773057847,2019-08-02T19:10:57.847Z,sell,4.73e-06,30.0,0.0001418999999999
CVC/BTC,1564773928735,2019-08-02T19:25:28.735Z,sell,4.73e-06,735.0,0.0034765499999999
CVC/BTC,1564773928735,2019-08-02T19:25:28.735Z,sell,4.73e-06,735.0,0.0034765499999999
CVC/BTC,1564774932907,2019-08-02T19:42:12.907Z,buy,4.74e-06,764.0,0.00362136
CVC/BTC,1564775128504,2019-08-02T19:45:28.504Z,buy,4.74e-06,1297.0,0.00614778
CVC/BTC,1564775128537,2019-08-02T19:45:28.537Z,buy,4.74e-06,1010.0,0.0047874
CVC/BTC,1564775128541,2019-08-02T19:45:28.541Z,buy,4.74e-06,384.0,0.00182016
CVC/BTC,1564775481779,2019-08-02T19:51:21.779Z,buy,4.74e-06,3901.0,0.01849074
CVC/BTC,1564775864185,2019-08-02T19:57:44.185Z,sell,4.74e-06,1297.0,0.00614778
CVC/BTC,1564775864398,2019-08-02T19:57:44.398Z,sell,4.74e-06,1934.0,0.00916716
CVC/BTC,1564776234886,2019-08-02T20:03:54.886Z,sell,4.72e-06,196.0,0.00092512
CVC/BTC,1564776245495,2019-08-02T20:04:05.495Z,sell,4.72e-06,1003.0,0.0047341599999999
CVC/BTC,1564777204333,2019-08-02T20:20:04.333Z,buy,4.73e-06,423.0,0.0020007899999999
CVC/BTC,1564777204333,2019-08-02T20:20:04.333Z,buy,4.73e-06,423.0,0.0020007899999999
CVC/BTC,1564778406608,2019-08-02T20:40:06.608Z,buy,4.73e-06,2455.0,0.0116121499999999
CVC/BTC,1564779249096,2019-08-02T20:54:09.096Z,buy,4.74e-06,65.0,0.0003081
CVC/BTC,1564779249096,2019-08-02T20:54:09.096Z,buy,4.75e-06,400.0,0.0019
CVC/BTC,1564779249096,2019-08-02T20:54:09.096Z,buy,4.76e-06,165.0,0.0007854
CVC/BTC,1564779264656,2019-08-02T20:54:24.656Z,buy,4.75e-06,972.0,0.004617
CVC/BTC,1564780763665,2019-08-02T21:19:23.665Z,sell,4.75e-06,2361.0,0.01121475
CVC/BTC,1564780765536,2019-08-02T21:19:25.536Z,buy,4.76e-06,173.0,0.00082348
CVC/BTC,1564780791526,2019-08-02T21:19:51.526Z,sell,4.76e-06,799.0,0.00380324
CVC/BTC,1564780791526,2019-08-02T21:19:51.526Z,sell,4.75e-06,413.0,0.00196175
CVC/BTC,1564780791526,2019-08-02T21:19:51.526Z,sell,4.76e-06,799.0,0.00380324
CVC/BTC,1564780791526,2019-08-02T21:19:51.526Z,sell,4.75e-06,413.0,0.00196175
CVC/BTC,1564780947317,2019-08-02T21:22:27.317Z,sell,4.75e-06,129.0,0.00061275
CVC/BTC,1564781185987,2019-08-02T21:26:25.987Z,buy,4.76e-06,2963.0,0.01410388
CVC/BTC,1564781428538,2019-08-02T21:30:28.538Z,buy,4.76e-06,630.0,0.0029988
CVC/BTC,1564781565258,2019-08-02T21:32:45.258Z,sell,4.75e-06,84.0,0.000399
CVC/BTC,1564781815200,2019-08-02T21:36:55.200Z,sell,4.74e-06,65.0,0.0003081
CVC/BTC,1564781815200,2019-08-02T21:36:55.200Z,sell,4.73e-06,495.0,0.00234135
CVC/BTC,1564781842343,2019-08-02T21:37:22.343Z,sell,4.73e-06,272.0,0.00128656
CVC/BTC,1564782153505,2019-08-02T21:42:33.505Z,sell,4.73e-06,108.0,0.0005108399999999
CVC/BTC,1564782153558,2019-08-02T21:42:33.558Z,buy,4.73e-06,864.0,0.0040867199999999
CVC/BTC,1564782213392,2019-08-02T21:43:33.392Z,sell,4.72e-06,1012.0,0.0047766399999999
CVC/BTC,1564782213398,2019-08-02T21:43:33.398Z,sell,4.72e-06,4546.0,0.02145712
CVC/BTC,1564782213398,2019-08-02T21:43:33.398Z,sell,4.71e-06,514.0,0.00242094
CVC/BTC,1564782321911,2019-08-02T21:45:21.911Z,buy,4.74e-06,65.0,0.0003081
CVC/BTC,1564782565891,2019-08-02T21:49:25.891Z,buy,4.75e-06,303.0,0.00143925
CVC/BTC,1564783036850,2019-08-02T21:57:16.850Z,sell,4.74e-06,747.0,0.00354078
CVC/BTC,1564783209305,2019-08-02T22:00:09.305Z,buy,4.75e-06,121.0,0.00057475
CVC/BTC,1564783471765,2019-08-02T22:04:31.765Z,buy,4.74e-06,668.0,0.00316632
CVC/BTC,1564783698931,2019-08-02T22:08:18.931Z,sell,4.74e-06,1420.0,0.0067308
CVC/BTC,1564783777610,2019-08-02T22:09:37.610Z,buy,4.75e-06,967.0,0.00459325
CVC/BTC,1564784132010,2019-08-02T22:15:32.010Z,buy,4.75e-06,2684.0,0.012749
CVC/BTC,1564784137082,2019-08-02T22:15:37.082Z,buy,4.76e-06,347.0,0.00165172
CVC/BTC,1564784137082,2019-08-02T22:15:37.082Z,buy,4.76e-06,347.0,0.00165172
CVC/BTC,1564784648741,2019-08-02T22:24:08.741Z,sell,4.74e-06,40.0,0.0001896
CVC/BTC,1564784650874,2019-08-02T22:24:10.874Z,sell,4.74e-06,65.0,0.0003081
CVC/BTC,1564784744309,2019-08-02T22:25:44.309Z,buy,4.74e-06,270.0,0.0012798
CVC/BTC,1564785480493,2019-08-02T22:38:00.493Z,sell,4.72e-06,495.0,0.0023363999999999
CVC/BTC,1564785480493,2019-08-02T22:38:00.493Z,sell,4.71e-06,75.0,0.00035325
CVC/BTC,1564786148368,2019-08-02T22:49:08.368Z,buy,4.73e-06,27.0,0.0001277099999999
CVC/BTC,1564786694135,2019-08-02T22:58:14.135Z,sell,4.73e-06,29.0,0.00013717
CVC/BTC,1564787190082,2019-08-02T23:06:30.082Z,sell,4.73e-06,24.0,0.0001135199999999
CVC/BTC,1564787572091,2019-08-02T23:12:52.091Z,sell,4.71e-06,270.0,0.0012717
CVC/BTC,1564787655300,2019-08-02T23:14:15.300Z,buy,4.72e-06,1352.0,0.0063814399999999
CVC/BTC,1564787655300,2019-08-02T23:14:15.300Z,buy,4.72e-06,1352.0,0.0063814399999999
CVC/BTC,1564788192105,2019-08-02T23:23:12.105Z,buy,4.74e-06,48.0,0.00022752
CVC/BTC,1564788252607,2019-08-02T23:24:12.607Z,buy,4.74e-06,48.0,0.00022752
CVC/BTC,1564788307648,2019-08-02T23:25:07.648Z,buy,4.74e-06,48.0,0.00022752
CVC/BTC,1564788354838,2019-08-02T23:25:54.838Z,buy,4.74e-06,48.0,0.00022752
CVC/BTC,1564788390283,2019-08-02T23:26:30.283Z,buy,4.74e-06,48.0,0.00022752
CVC/BTC,1564788422531,2019-08-02T23:27:02.531Z,buy,4.74e-06,48.0,0.00022752
CVC/BTC,1564788457371,2019-08-02T23:27:37.371Z,buy,4.74e-06,48.0,0.00022752
CVC/BTC,1564788489280,2019-08-02T23:28:09.280Z,buy,4.74e-06,48.0,0.00022752
CVC/BTC,1564788522071,2019-08-02T23:28:42.071Z,buy,4.74e-06,48.0,0.00022752
CVC/BTC,1564789565688,2019-08-02T23:46:05.688Z,sell,4.73e-06,428.0,0.0020244399999999
CVC/BTC,1564789565688,2019-08-02T23:46:05.688Z,sell,4.72e-06,5016.0,0.02367552
CVC/BTC,1564789950073,2019-08-02T23:52:30.073Z,sell,4.72e-06,274.0,0.00129328
CVC/BTC,1564790197574,2019-08-02T23:56:37.574Z,buy,4.73e-06,75.0,0.00035475
CVC/BTC,1564790206737,2019-08-02T23:56:46.737Z,buy,4.74e-06,300.0,0.001422
CVC/BTC,1564790240559,2019-08-02T23:57:20.559Z,buy,4.74e-06,279.0,0.00132246
CVC/BTC,1564790283613,2019-08-02T23:58:03.613Z,buy,4.75e-06,526.0,0.0024985
CVC/BTC,1564790288182,2019-08-02T23:58:08.182Z,buy,4.75e-06,1176.0,0.005586
CVC/BTC,1564790288882,2019-08-02T23:58:08.882Z,buy,4.75e-06,1199.0,0.00569525
CVC/BTC,1564790289862,2019-08-02T23:58:09.862Z,buy,4.75e-06,1181.0,0.00560975
CVC/BTC,1564790290605,2019-08-02T23:58:10.605Z,buy,4.75e-06,1172.0,0.005567
CVC/BTC,1564790519955,2019-08-03T00:01:59.955Z,sell,4.73e-06,234.0,0.00110682
CVC/BTC,1564791024955,2019-08-03T00:10:24.955Z,sell,4.73e-06,1541.0,0.0072889299999999
CVC/BTC,1564791024955,2019-08-03T00:10:24.955Z,sell,4.73e-06,1541.0,0.0072889299999999
CVC/BTC,1564791448866,2019-08-03T00:17:28.866Z,buy,4.75e-06,419.0,0.00199025
CVC/BTC,1564791955857,2019-08-03T00:25:55.857Z,buy,4.74e-06,998.0,0.00473052
CVC/BTC,1564791956862,2019-08-03T00:25:56.862Z,buy,4.74e-06,998.0,0.00473052
CVC/BTC,1564791957763,2019-08-03T00:25:57.763Z,buy,4.74e-06,998.0,0.00473052
CVC/BTC,1564791957790,2019-08-03T00:25:57.790Z,buy,4.74e-06,3254.0,0.01542396
CVC/BTC,1564792298187,2019-08-03T00:31:38.187Z,buy,4.76e-06,6600.0,0.031416
CVC/BTC,1564792298202,2019-08-03T00:31:38.202Z,buy,4.76e-06,53.0,0.00025228
CVC/BTC,1564792299148,2019-08-03T00:31:39.148Z,buy,4.76e-06,5116.0,0.02435216
CVC/BTC,1564792796846,2019-08-03T00:39:56.846Z,buy,4.76e-06,641.0,0.00305116
CVC/BTC,1564793372360,2019-08-03T00:49:32.360Z,sell,4.76e-06,3217.0,0.01531292
CVC/BTC,1564793514430,2019-08-03T00:51:54.430Z,sell,4.76e-06,225.0,0.001071
CVC/BTC,1564793565956,2019-08-03T00:52:45.956Z,sell,4.76e-06,733.0,0.00348908
CVC/BTC,1564794103816,2019-08-03T01:01:43.816Z,sell,4.75e-06,589.0,0.00279775
CVC/BTC,1564794171259,2019-08-03T01:02:51.259Z,buy,4.77e-06,436.0,0.00207972
CVC/BTC,1564794172350,2019-08-03T01:02:52.350Z,buy,4.77e-06,340.0,0.0016218
CVC/BTC,1564794187399,2019-08-03T01:03:07.399Z,buy,4.77e-06,862.0,0.00411174
CVC/BTC,1564794188588,2019-08-03T01:03:08.588Z,buy,4.77e-06,1026.0,0.00489402
CVC/BTC,1564794190234,2019-08-03T01:03:10.234Z,buy,4.77e-06,783.0,0.00373491
CVC/BTC,1564794191956,2019-08-03T01:03:11.956Z,buy,4.77e-06,403.0,0.00192231
CVC/BTC,1564794191956,2019-08-03T01:03:11.956Z,buy,4.77e-06,403.0,0.00192231
CVC/BTC,1564795064965,2019-08-03T01:17:44.965Z,sell,4.76e-06,557.0,0.00265132
CVC/BTC,1564795359077,2019-08-03T01:22:39.077Z,sell,4.74e-06,1269.0,0.00601506
CVC/BTC,1564795416423,2019-08-03T01:23:36.423Z,sell,4.74e-06,27.0,0.00012798
CVC/BTC,1564795547628,2019-08-03T01:25:47.628Z,sell,4.74e-06,3231.0,0.01531494
CVC/BTC,1564795594698,2019-08-03T01:26:34.698Z,buy,4.75e-06,7145.0,0.03393875
CVC/BTC,1564795660115,2019-08-03T01:27:40.115Z,sell,4.75e-06,633.0,0.00300675
CVC/BTC,1564795673979,2019-08-03T01:27:53.979Z,sell,4.75e-06,300.0,0.001425
CVC/BTC,1564795757398,2019-08-03T01:29:17.398Z,buy,4.76e-06,4642.0,0.02209592
CVC/BTC,1564795842050,2019-08-03T01:30:42.050Z,sell,4.74e-06,2030.0,0.0096222
CVC/BTC,1564795846968,2019-08-03T01:30:46.968Z,buy,4.74e-06,3028.0,0.01435272
CVC/BTC,1564796388643,2019-08-03T01:39:48.643Z,sell,4.73e-06,247.0,0.0011683099999999
CVC/BTC,1564796409007,2019-08-03T01:40:09.007Z,buy,4.73e-06,705.0,0.0033346499999999
CVC/BTC,1564796744346,2019-08-03T01:45:44.346Z,buy,4.73e-06,5379.0,0.0254426699999999
CVC/BTC,1564796889092,2019-08-03T01:48:09.092Z,buy,4.73e-06,8069.0,0.03816637
CVC/BTC,1564796889092,2019-08-03T01:48:09.092Z,buy,4.74e-06,3781.0,0.01792194
CVC/BTC,1564796893699,2019-08-03T01:48:13.699Z,buy,4.74e-06,1504.0,0.00712896
CVC/BTC,1564796893699,2019-08-03T01:48:13.699Z,buy,4.75e-06,3461.0,0.01643975
CVC/BTC,1564796893699,2019-08-03T01:48:13.699Z,buy,4.76e-06,4966.0,0.02363816
CVC/BTC,1564796898915,2019-08-03T01:48:18.915Z,buy,4.76e-06,4930.0,0.0234668
CVC/BTC,1564796900712,2019-08-03T01:48:20.712Z,buy,4.76e-06,4931.0,0.02347156
CVC/BTC,1564796915843,2019-08-03T01:48:35.843Z,buy,4.75e-06,2111.0,0.01002725
CVC/BTC,1564797058334,2019-08-03T01:50:58.334Z,sell,4.74e-06,65.0,0.0003081
CVC/BTC,1564797137044,2019-08-03T01:52:17.044Z,sell,4.74e-06,6429.0,0.03047346
CVC/BTC,1564797372793,2019-08-03T01:56:12.793Z,sell,4.73e-06,302.0,0.0014284599999999
CVC/BTC,1564797386250,2019-08-03T01:56:26.250Z,buy,4.74e-06,5875.0,0.0278475
CVC/BTC,1564797433873,2019-08-03T01:57:13.873Z,sell,4.74e-06,311.0,0.00147414
CVC/BTC,1564797466523,2019-08-03T01:57:46.523Z,sell,4.74e-06,2024.0,0.00959376
CVC/BTC,1564797628101,2019-08-03T02:00:28.101Z,buy,4.75e-06,2805.0,0.01332375
CVC/BTC,1564797738339,2019-08-03T02:02:18.339Z,sell,4.74e-06,9416.0,0.04463184
CVC/BTC,1564797738339,2019-08-03T02:02:18.339Z,sell,4.74e-06,9416.0,0.04463184
CVC/BTC,1564797903485,2019-08-03T02:05:03.485Z,buy,4.76e-06,20000.0,0.0952
CVC/BTC,1564798412366,2019-08-03T02:13:32.366Z,buy,4.76e-06,562.0,0.00267512
CVC/BTC,1564798424425,2019-08-03T02:13:44.425Z,sell,4.74e-06,338.0,0.00160212
CVC/BTC,1564798657758,2019-08-03T02:17:37.758Z,sell,4.74e-06,19.0,9.006e-05
CVC/BTC,1564798657758,2019-08-03T02:17:37.758Z,sell,4.73e-06,590.0,0.0027906999999999
CVC/BTC,1564798658733,2019-08-03T02:17:38.733Z,sell,4.73e-06,774.0,0.0036610199999999
CVC/BTC,1564798687712,2019-08-03T02:18:07.712Z,sell,4.73e-06,300.0,0.001419
CVC/BTC,1564798688613,2019-08-03T02:18:08.613Z,sell,4.73e-06,100.0,0.0004729999999999
CVC/BTC,1564798689556,2019-08-03T02:18:09.556Z,sell,4.73e-06,403.0,0.0019061899999999
CVC/BTC,1564798765184,2019-08-03T02:19:25.184Z,sell,4.73e-06,4720.0,0.0223255999999999
CVC/BTC,1564798767112,2019-08-03T02:19:27.112Z,sell,4.73e-06,4359.0,0.02061807
CVC/BTC,1564798767394,2019-08-03T02:19:27.394Z,sell,4.72e-06,3960.0,0.0186911999999999
CVC/BTC,1564798793776,2019-08-03T02:19:53.776Z,sell,4.72e-06,3495.0,0.0164963999999999
CVC/BTC,1564798795882,2019-08-03T02:19:55.882Z,sell,4.72e-06,8123.0,0.0383405599999999
CVC/BTC,1564798796947,2019-08-03T02:19:56.947Z,sell,4.72e-06,3714.0,0.01753008
CVC/BTC,1564798803213,2019-08-03T02:20:03.213Z,sell,4.72e-06,2143.0,0.01011496
CVC/BTC,1564798813994,2019-08-03T02:20:13.994Z,sell,4.72e-06,100.0,0.000472
CVC/BTC,1564798821405,2019-08-03T02:20:21.405Z,buy,4.73e-06,130.0,0.0006148999999999
CVC/BTC,1564798821512,2019-08-03T02:20:21.512Z,buy,4.73e-06,89.0,0.0004209699999999
CVC/BTC,1564798822209,2019-08-03T02:20:22.209Z,buy,4.73e-06,127.0,0.00060071
CVC/BTC,1564798867885,2019-08-03T02:21:07.885Z,buy,4.74e-06,65.0,0.0003081
CVC/BTC,1564799136805,2019-08-03T02:25:36.805Z,buy,4.75e-06,364.0,0.001729
CVC/BTC,1564799136997,2019-08-03T02:25:36.997Z,buy,4.75e-06,36.0,0.000171
CVC/BTC,1564799137213,2019-08-03T02:25:37.213Z,sell,4.75e-06,264.0,0.001254
CVC/BTC,1564799138141,2019-08-03T02:25:38.141Z,buy,4.76e-06,65.0,0.0003094
CVC/BTC,1564799138141,2019-08-03T02:25:38.141Z,buy,4.77e-06,41.0,0.00019557
CVC/BTC,1564799277829,2019-08-03T02:27:57.829Z,sell,4.74e-06,138.0,0.00065412
CVC/BTC,1564799338893,2019-08-03T02:28:58.893Z,sell,4.72e-06,194.0,0.00091568
CVC/BTC,1564799365097,2019-08-03T02:29:25.097Z,sell,4.73e-06,2118.0,0.01001814
CVC/BTC,1564799372394,2019-08-03T02:29:32.394Z,sell,4.72e-06,1434.0,0.0067684799999999
CVC/BTC,1564799382030,2019-08-03T02:29:42.030Z,buy,4.76e-06,527.0,0.00250852
CVC/BTC,1564799382904,2019-08-03T02:29:42.904Z,buy,4.76e-06,186.0,0.00088536
CVC/BTC,1564799384023,2019-08-03T02:29:44.023Z,buy,4.76e-06,100.0,0.000476
CVC/BTC,1564799384344,2019-08-03T02:29:44.344Z,sell,4.74e-06,65.0,0.0003081
CVC/BTC,1564799384344,2019-08-03T02:29:44.344Z,sell,4.73e-06,588.0,0.00278124
CVC/BTC,1564799385140,2019-08-03T02:29:45.140Z,sell,4.73e-06,347.0,0.0016413099999999
CVC/BTC,1564799385140,2019-08-03T02:29:45.140Z,sell,4.72e-06,287.0,0.0013546399999999
CVC/BTC,1564799471309,2019-08-03T02:31:11.309Z,sell,4.72e-06,194.0,0.00091568
CVC/BTC,1564800170679,2019-08-03T02:42:50.679Z,sell,4.73e-06,55.0,0.0002601499999999
CVC/BTC,1564800170679,2019-08-03T02:42:50.679Z,sell,4.72e-06,465.0,0.0021948
CVC/BTC,1564800170709,2019-08-03T02:42:50.709Z,buy,4.72e-06,1448.0,0.00683456
CVC/BTC,1564800480411,2019-08-03T02:48:00.411Z,sell,4.71e-06,23071.0,0.1086644099999999
CVC/BTC,1564800480800,2019-08-03T02:48:00.800Z,buy,4.71e-06,2561.0,0.01206231
CVC/BTC,1564800480944,2019-08-03T02:48:00.944Z,buy,4.71e-06,500.0,0.002355
CVC/BTC,1564800481270,2019-08-03T02:48:01.270Z,buy,4.71e-06,5479.0,0.02580609
CVC/BTC,1564800492088,2019-08-03T02:48:12.088Z,buy,4.74e-06,65.0,0.0003081
CVC/BTC,1564800492088,2019-08-03T02:48:12.088Z,buy,4.75e-06,400.0,0.0019
CVC/BTC,1564800682409,2019-08-03T02:51:22.409Z,buy,4.75e-06,101.0,0.00047975
CVC/BTC,1564800713846,2019-08-03T02:51:53.846Z,sell,4.72e-06,65.0,0.0003068
CVC/BTC,1564800876299,2019-08-03T02:54:36.299Z,sell,4.71e-06,53.0,0.00024963
CVC/BTC,1564801296994,2019-08-03T03:01:36.994Z,buy,4.73e-06,78.0,0.0003689399999999
CVC/BTC,1564801296994,2019-08-03T03:01:36.994Z,buy,4.73e-06,78.0,0.0003689399999999
CVC/BTC,1564801480848,2019-08-03T03:04:40.848Z,sell,4.71e-06,520.0,0.0024492
CVC/BTC,1564801484929,2019-08-03T03:04:44.929Z,sell,4.7e-06,136.0,0.0006392
CVC/BTC,1564801485587,2019-08-03T03:04:45.587Z,sell,4.7e-06,427.0,0.0020069
CVC/BTC,1564801533445,2019-08-03T03:05:33.445Z,buy,4.71e-06,7025.0,0.03308775
CVC/BTC,1564801534338,2019-08-03T03:05:34.338Z,buy,4.72e-06,65.0,0.0003068
CVC/BTC,1564802110253,2019-08-03T03:15:10.253Z,sell,4.7e-06,821.0,0.0038587
CVC/BTC,1564802315301,2019-08-03T03:18:35.301Z,buy,4.74e-06,65.0,0.0003081
CVC/BTC,1564802375408,2019-08-03T03:19:35.408Z,buy,4.75e-06,406.0,0.0019285
CVC/BTC,1564802439241,2019-08-03T03:20:39.241Z,buy,4.75e-06,310.0,0.0014725
CVC/BTC,1564802720156,2019-08-03T03:25:20.156Z,sell,4.73e-06,75.0,0.00035475
CVC/BTC,1564802720162,2019-08-03T03:25:20.162Z,sell,4.73e-06,301.0,0.0014237299999999
CVC/BTC,1564803029551,2019-08-03T03:30:29.551Z,sell,4.72e-06,465.0,0.0021948
CVC/BTC,1564803030431,2019-08-03T03:30:30.431Z,buy,4.71e-06,47.0,0.00022137
CVC/BTC,1564803208820,2019-08-03T03:33:28.820Z,sell,4.71e-06,468.0,0.00220428
CVC/BTC,1564803209445,2019-08-03T03:33:29.445Z,buy,4.71e-06,2532.0,0.0119257199999999
CVC/BTC,1564803513661,2019-08-03T03:38:33.661Z,sell,4.7e-06,1945.0,0.0091415
CVC/BTC,1564803672488,2019-08-03T03:41:12.488Z,buy,4.71e-06,29.0,0.00013659
CVC/BTC,1564803974894,2019-08-03T03:46:14.894Z,sell,4.71e-06,219.0,0.00103149
CVC/BTC,1564804337526,2019-08-03T03:52:17.526Z,sell,4.7e-06,1058.0,0.0049726
CVC/BTC,1564804337526,2019-08-03T03:52:17.526Z,sell,4.7e-06,1058.0,0.0049726
CVC/BTC,1564805088431,2019-08-03T04:04:48.431Z,sell,4.7e-06,513.0,0.0024111
CVC/BTC,1564806021016,2019-08-03T04:20:21.016Z,buy,4.72e-06,2118.0,0.00999696
CVC/BTC,1564806061855,2019-08-03T04:21:01.855Z,sell,4.71e-06,941.0,0.0044321099999999
CVC/BTC,1564806079636,2019-08-03T04:21:19.636Z,sell,4.7e-06,820.0,0.003854
CVC/BTC,1564806229629,2019-08-03T04:23:49.629Z,sell,4.7e-06,300.0,0.00141
CVC/BTC,1564806456011,2019-08-03T04:27:36.011Z,buy,4.71e-06,2361.0,0.01112031
CVC/BTC,1564806897639,2019-08-03T04:34:57.639Z,sell,4.7e-06,3097.0,0.0145559
CVC/BTC,1564807267127,2019-08-03T04:41:07.127Z,sell,4.7e-06,53.0,0.0002491
CVC/BTC,1564807720531,2019-08-03T04:48:40.531Z,sell,4.71e-06,453.0,0.00213363
CVC/BTC,1564807720773,2019-08-03T04:48:40.773Z,buy,4.72e-06,77.0,0.00036344
CVC/BTC,1564807871025,2019-08-03T04:51:11.025Z,sell,4.7e-06,997.0,0.0046859
CVC/BTC,1564807871025,2019-08-03T04:51:11.025Z,sell,4.7e-06,997.0,0.0046859
CVC/BTC,1564808137827,2019-08-03T04:55:37.827Z,buy,4.71e-06,941.0,0.0044321099999999
CVC/BTC,1564808154476,2019-08-03T04:55:54.476Z,sell,4.7e-06,4347.0,0.0204309
CVC/BTC,1564808440170,2019-08-03T05:00:40.170Z,sell,4.69e-06,1642.0,0.00770098
CVC/BTC,1564808443172,2019-08-03T05:00:43.172Z,sell,4.69e-06,312.0,0.00146328
CVC/BTC,1564808487260,2019-08-03T05:01:27.260Z,sell,4.69e-06,3086.0,0.01447334
CVC/BTC,1564808539713,2019-08-03T05:02:19.713Z,buy,4.71e-06,848.0,0.00399408
CVC/BTC,1564808539713,2019-08-03T05:02:19.713Z,buy,4.72e-06,104.0,0.00049088
CVC/BTC,1564808540908,2019-08-03T05:02:20.908Z,buy,4.72e-06,4076.0,0.0192387199999999
CVC/BTC,1564808540908,2019-08-03T05:02:20.908Z,buy,4.73e-06,1395.0,0.0065983499999999
CVC/BTC,1564808543098,2019-08-03T05:02:23.098Z,sell,4.71e-06,639.0,0.0030096899999999
CVC/BTC,1564808902376,2019-08-03T05:08:22.376Z,sell,4.7e-06,361.0,0.0016967
CVC/BTC,1564808916391,2019-08-03T05:08:36.391Z,buy,4.71e-06,58.0,0.00027318
CVC/BTC,1564808990891,2019-08-03T05:09:50.891Z,buy,4.7e-06,646.0,0.0030361999999999
CVC/BTC,1564809364090,2019-08-03T05:16:04.090Z,buy,4.71e-06,649.0,0.0030567899999999
CVC/BTC,1564809368956,2019-08-03T05:16:08.956Z,buy,4.71e-06,1296.0,0.00610416
CVC/BTC,1564809374170,2019-08-03T05:16:14.170Z,sell,4.7e-06,1567.0,0.0073649
CVC/BTC,1564809374889,2019-08-03T05:16:14.889Z,buy,4.71e-06,4064.0,0.01914144
CVC/BTC,1564809375331,2019-08-03T05:16:15.331Z,buy,4.71e-06,27.0,0.00012717
CVC/BTC,1564809375850,2019-08-03T05:16:15.850Z,buy,4.71e-06,3437.0,0.0161882699999999
CVC/BTC,1564809376974,2019-08-03T05:16:16.974Z,buy,4.71e-06,1094.0,0.0051527399999999
CVC/BTC,1564809377974,2019-08-03T05:16:17.974Z,buy,4.71e-06,1074.0,0.0050585399999999
CVC/BTC,1564809380919,2019-08-03T05:16:20.919Z,buy,4.71e-06,3437.0,0.0161882699999999
CVC/BTC,1564809401597,2019-08-03T05:16:41.597Z,buy,4.71e-06,757.0,0.00356547
CVC/BTC,1564809567956,2019-08-03T05:19:27.956Z,buy,4.71e-06,400.0,0.0018839999999999
CVC/BTC,1564809568079,2019-08-03T05:19:28.079Z,buy,4.71e-06,300.0,0.001413
CVC/BTC,1564809606541,2019-08-03T05:20:06.541Z,buy,4.71e-06,589.0,0.0027741899999999
CVC/BTC,1564809614939,2019-08-03T05:20:14.939Z,buy,4.71e-06,2864.0,0.01348944
CVC/BTC,1564809997974,2019-08-03T05:26:37.974Z,buy,4.71e-06,70.0,0.0003297
CVC/BTC,1564810886004,2019-08-03T05:41:26.004Z,buy,4.71e-06,114.0,0.00053694
CVC/BTC,1564811340192,2019-08-03T05:49:00.192Z,sell,4.7e-06,606.0,0.0028482
CVC/BTC,1564811370149,2019-08-03T05:49:30.149Z,buy,4.72e-06,502.0,0.00236944
CVC/BTC,1564811370149,2019-08-03T05:49:30.149Z,buy,4.72e-06,502.0,0.00236944
CVC/BTC,1564812019476,2019-08-03T06:00:19.476Z,sell,4.7e-06,65.0,0.0003055
CVC/BTC,1564812019476,2019-08-03T06:00:19.476Z,sell,4.69e-06,747.0,0.00350343
CVC/BTC,1564812321921,2019-08-03T06:05:21.921Z,sell,4.69e-06,501.0,0.00234969
CVC/BTC,1564812953077,2019-08-03T06:15:53.077Z,sell,4.69e-06,556.0,0.00260764
CVC/BTC,1564813294228,2019-08-03T06:21:34.228Z,sell,4.7e-06,1447.0,0.0068008999999999
CVC/BTC,1564813294228,2019-08-03T06:21:34.228Z,sell,4.7e-06,1447.0,0.0068008999999999
CVC/BTC,1564815019823,2019-08-03T06:50:19.823Z,sell,4.69e-06,14635.0,0.06863815
CVC/BTC,1564815242995,2019-08-03T06:54:02.995Z,sell,4.7e-06,667.0,0.0031349
CVC/BTC,1564815819493,2019-08-03T07:03:39.493Z,sell,4.69e-06,259.0,0.00121471
CVC/BTC,1564815859186,2019-08-03T07:04:19.186Z,sell,4.69e-06,342.0,0.00160398
CVC/BTC,1564815859186,2019-08-03T07:04:19.186Z,sell,4.69e-06,342.0,0.00160398
CVC/BTC,1564817251254,2019-08-03T07:27:31.254Z,buy,4.7e-06,2276.0,0.0106972
CVC/BTC,1564817397109,2019-08-03T07:29:57.109Z,sell,4.69e-06,510.0,0.0023919
CVC/BTC,1564817862891,2019-08-03T07:37:42.891Z,sell,4.69e-06,11727.0,0.05499963
CVC/BTC,1564817901509,2019-08-03T07:38:21.509Z,sell,4.69e-06,225.0,0.00105525
CVC/BTC,1564818050665,2019-08-03T07:40:50.665Z,sell,4.69e-06,1023.0,0.00479787
CVC/BTC,1564818050847,2019-08-03T07:40:50.847Z,sell,4.69e-06,1300.0,0.006097
CVC/BTC,1564818351810,2019-08-03T07:45:51.810Z,buy,4.71e-06,1594.0,0.00750774
CVC/BTC,1564818484578,2019-08-03T07:48:04.578Z,sell,4.69e-06,487.0,0.00228403
CVC/BTC,1564818485329,2019-08-03T07:48:05.329Z,sell,4.69e-06,1238.0,0.00580622
CVC/BTC,1564818486358,2019-08-03T07:48:06.358Z,sell,4.69e-06,281.0,0.00131789
CVC/BTC,1564818547083,2019-08-03T07:49:07.083Z,sell,4.7e-06,300.0,0.00141
CVC/BTC,1564818548067,2019-08-03T07:49:08.067Z,sell,4.7e-06,300.0,0.00141
CVC/BTC,1564818549080,2019-08-03T07:49:09.080Z,sell,4.7e-06,300.0,0.00141
CVC/BTC,1564818549360,2019-08-03T07:49:09.360Z,sell,4.7e-06,42.0,0.0001974
