symbol,timestamp,datetime,side,price,amount,btc_volume
DATA/BTC,1566928972326,2019-08-27T18:02:52.326Z,buy,1.23e-06,3207.0,0.00394461
DATA/BTC,1566929009031,2019-08-27T18:03:29.031Z,buy,1.23e-06,4778.0,0.00587694
DATA/BTC,1566929060485,2019-08-27T18:04:20.485Z,sell,1.23e-06,82.0,0.00010086
DATA/BTC,1566929062746,2019-08-27T18:04:22.746Z,sell,1.23e-06,13903.0,0.01710069
DATA/BTC,1566929100470,2019-08-27T18:05:00.470Z,sell,1.23e-06,437.0,0.00053751
DATA/BTC,1566929107912,2019-08-27T18:05:07.912Z,sell,1.23e-06,13862.0,0.01705026
DATA/BTC,1566929245301,2019-08-27T18:07:25.301Z,sell,1.22e-06,167798.0,0.20471356
DATA/BTC,1566929482480,2019-08-27T18:11:22.480Z,sell,1.22e-06,42948.0,0.05239656
DATA/BTC,1566929562859,2019-08-27T18:12:42.859Z,sell,1.22e-06,24658.0,0.03008276
DATA/BTC,1566929762521,2019-08-27T18:16:02.521Z,sell,1.22e-06,10192.0,0.01243424
DATA/BTC,1566929868178,2019-08-27T18:17:48.178Z,buy,1.23e-06,16702.0,0.02054346
DATA/BTC,1566929881572,2019-08-27T18:18:01.572Z,sell,1.23e-06,1293.0,0.00159039
DATA/BTC,1566929898046,2019-08-27T18:18:18.046Z,buy,1.23e-06,6354.0,0.00781542
DATA/BTC,1566929971507,2019-08-27T18:19:31.507Z,buy,1.24e-06,96.0,0.00011904
DATA/BTC,1566930189669,2019-08-27T18:23:09.669Z,sell,1.23e-06,89.0,0.00010947
DATA/BTC,1566930241842,2019-08-27T18:24:01.842Z,sell,1.23e-06,2958.0,0.00363834
DATA/BTC,1566930596310,2019-08-27T18:29:56.310Z,buy,1.24e-06,1147.0,0.00142228
DATA/BTC,1566930763105,2019-08-27T18:32:43.105Z,buy,1.24e-06,8064.0,0.00999936
DATA/BTC,1566930767499,2019-08-27T18:32:47.499Z,buy,1.24e-06,60123.0,0.07455252
DATA/BTC,1566930816426,2019-08-27T18:33:36.426Z,sell,1.23e-06,7500.0,0.009225
DATA/BTC,1566931259584,2019-08-27T18:40:59.584Z,sell,1.23e-06,11223.0,0.01380429
DATA/BTC,1566931259768,2019-08-27T18:40:59.768Z,sell,1.23e-06,96.0,0.00011808
DATA/BTC,1566931259768,2019-08-27T18:40:59.768Z,sell,1.23e-06,96.0,0.00011808
DATA/BTC,1566932699159,2019-08-27T19:04:59.159Z,sell,1.23e-06,2000.0,0.00246
DATA/BTC,1566933402730,2019-08-27T19:16:42.730Z,buy,1.24e-06,161.0,0.00019964
DATA/BTC,1566934357910,2019-08-27T19:32:37.910Z,sell,1.23e-06,98.0,0.00012054
DATA/BTC,1566934551731,2019-08-27T19:35:51.731Z,sell,1.23e-06,24937.0,0.03067251
DATA/BTC,1566934633225,2019-08-27T19:37:13.225Z,sell,1.23e-06,4784.0,0.00588432
DATA/BTC,1566934633225,2019-08-27T19:37:13.225Z,sell,1.23e-06,4784.0,0.00588432
DATA/BTC,1566936046543,2019-08-27T20:00:46.543Z,buy,1.24e-06,17803.0,0.02207572
DATA/BTC,1566936582560,2019-08-27T20:09:42.560Z,buy,1.24e-06,6633.0,0.00822492
DATA/BTC,1566936695196,2019-08-27T20:11:35.196Z,sell,1.23e-06,162220.0,0.1995306
DATA/BTC,1566936695359,2019-08-27T20:11:35.359Z,sell,1.23e-06,271.0,0.00033333
DATA/BTC,1566936695796,2019-08-27T20:11:35.796Z,sell,1.23e-06,376.0,0.00046248
DATA/BTC,1566936800272,2019-08-27T20:13:20.272Z,sell,1.23e-06,3320.0,0.0040836
DATA/BTC,1566936898439,2019-08-27T20:14:58.439Z,sell,1.23e-06,1000.0,0.00123
DATA/BTC,1566936909729,2019-08-27T20:15:09.729Z,sell,1.23e-06,19970.0,0.0245631
DATA/BTC,1566936909729,2019-08-27T20:15:09.729Z,sell,1.22e-06,7171.0,0.00874862
DATA/BTC,1566936909729,2019-08-27T20:15:09.729Z,sell,1.22e-06,2360.0,0.0028791999999999
DATA/BTC,1566936909752,2019-08-27T20:15:09.752Z,buy,1.22e-06,188.0,0.0002293599999999
DATA/BTC,1566937559455,2019-08-27T20:25:59.455Z,buy,1.23e-06,8133.0,0.01000359
DATA/BTC,1566938065033,2019-08-27T20:34:25.033Z,buy,1.23e-06,121.0,0.00014883
DATA/BTC,1566938095149,2019-08-27T20:34:55.149Z,buy,1.23e-06,33801.0,0.04157523
DATA/BTC,1566938095149,2019-08-27T20:34:55.149Z,buy,1.23e-06,33801.0,0.04157523
DATA/BTC,1566939782095,2019-08-27T21:03:02.095Z,buy,1.23e-06,25568.0,0.03144864
DATA/BTC,1566939809469,2019-08-27T21:03:29.469Z,buy,1.23e-06,100.0,0.000123
DATA/BTC,1566940398978,2019-08-27T21:13:18.978Z,buy,1.23e-06,2312.0,0.00284376
DATA/BTC,1566940915337,2019-08-27T21:21:55.337Z,buy,1.23e-06,36976.0,0.04548048
DATA/BTC,1566941053985,2019-08-27T21:24:13.985Z,sell,1.23e-06,9594.0,0.01180062
DATA/BTC,1566941134392,2019-08-27T21:25:34.392Z,buy,1.23e-06,1999.0,0.00245877
DATA/BTC,1566941262466,2019-08-27T21:27:42.466Z,buy,1.23e-06,23136.0,0.02845728
DATA/BTC,1566941262466,2019-08-27T21:27:42.466Z,buy,1.23e-06,23136.0,0.02845728
DATA/BTC,1566941749890,2019-08-27T21:35:49.890Z,sell,1.23e-06,92.0,0.00011316
DATA/BTC,1566941948590,2019-08-27T21:39:08.590Z,sell,1.23e-06,274.0,0.00033702
DATA/BTC,1566941958745,2019-08-27T21:39:18.745Z,sell,1.23e-06,3005.0,0.00369615
DATA/BTC,1566942001153,2019-08-27T21:40:01.153Z,sell,1.23e-06,943.0,0.00115989
DATA/BTC,1566942075518,2019-08-27T21:41:15.518Z,buy,1.24e-06,4000.0,0.00496
DATA/BTC,1566942138821,2019-08-27T21:42:18.821Z,buy,1.24e-06,339.0,0.00042036
DATA/BTC,1566942138821,2019-08-27T21:42:18.821Z,buy,1.24e-06,2016.0,0.00249984
DATA/BTC,1566942172479,2019-08-27T21:42:52.479Z,buy,1.24e-06,1700.0,0.002108
DATA/BTC,1566942259358,2019-08-27T21:44:19.358Z,sell,1.23e-06,507.0,0.00062361
DATA/BTC,1566942290447,2019-08-27T21:44:50.447Z,buy,1.24e-06,19505.0,0.0241862
DATA/BTC,1566942583456,2019-08-27T21:49:43.456Z,sell,1.23e-06,6040.0,0.0074292
DATA/BTC,1566943454945,2019-08-27T22:04:14.945Z,sell,1.23e-06,88.0,0.00010824
DATA/BTC,1566944103706,2019-08-27T22:15:03.706Z,sell,1.23e-06,1999.0,0.00245877
DATA/BTC,1566944213162,2019-08-27T22:16:53.162Z,buy,1.24e-06,157.0,0.00019468
DATA/BTC,1566944217787,2019-08-27T22:16:57.787Z,buy,1.24e-06,152.0,0.0001884799999999
DATA/BTC,1566944760702,2019-08-27T22:26:00.702Z,sell,1.23e-06,89.0,0.00010947
DATA/BTC,1566944760702,2019-08-27T22:26:00.702Z,sell,1.23e-06,89.0,0.00010947
DATA/BTC,1566945321038,2019-08-27T22:35:21.038Z,sell,1.23e-06,6707.0,0.00824961
DATA/BTC,1566945545668,2019-08-27T22:39:05.668Z,sell,1.23e-06,2311.0,0.00284253
DATA/BTC,1566945889843,2019-08-27T22:44:49.843Z,sell,1.23e-06,1217.0,0.00149691
DATA/BTC,1566946314796,2019-08-27T22:51:54.796Z,sell,1.23e-06,13379.0,0.01645617
DATA/BTC,1566946315643,2019-08-27T22:51:55.643Z,sell,1.23e-06,1132.0,0.00139236
DATA/BTC,1566946315677,2019-08-27T22:51:55.677Z,sell,1.23e-06,20077.0,0.02469471
DATA/BTC,1566946316762,2019-08-27T22:51:56.762Z,sell,1.23e-06,7473.0,0.00919179
DATA/BTC,1566946329243,2019-08-27T22:52:09.243Z,sell,1.23e-06,91.0,0.00011193
DATA/BTC,1566946506891,2019-08-27T22:55:06.891Z,sell,1.23e-06,92.0,0.00011316
DATA/BTC,1566946509956,2019-08-27T22:55:09.956Z,sell,1.23e-06,96.0,0.00011808
DATA/BTC,1566946722619,2019-08-27T22:58:42.619Z,sell,1.23e-06,894.0,0.00109962
DATA/BTC,1566946752704,2019-08-27T22:59:12.704Z,sell,1.23e-06,52255.0,0.06427365
DATA/BTC,1566946752704,2019-08-27T22:59:12.704Z,sell,1.23e-06,52255.0,0.06427365
DATA/BTC,1566948962997,2019-08-27T23:36:02.997Z,sell,1.23e-06,27837.0,0.03423951
DATA/BTC,1566948965632,2019-08-27T23:36:05.632Z,sell,1.23e-06,4683.0,0.00576009
DATA/BTC,1566949219260,2019-08-27T23:40:19.260Z,buy,1.23e-06,18600.0,0.022878
DATA/BTC,1566949224885,2019-08-27T23:40:24.885Z,buy,1.23e-06,3252.0,0.00399996
DATA/BTC,1566949796933,2019-08-27T23:49:56.933Z,sell,1.22e-06,8124.0,0.00991128
DATA/BTC,1566949797632,2019-08-27T23:49:57.632Z,sell,1.22e-06,192.0,0.0002342399999999
DATA/BTC,1566949797632,2019-08-27T23:49:57.632Z,sell,1.22e-06,192.0,0.0002342399999999
DATA/BTC,1566950433020,2019-08-28T00:00:33.020Z,buy,1.23e-06,833.0,0.00102459
DATA/BTC,1566950433348,2019-08-28T00:00:33.348Z,buy,1.23e-06,45494.0,0.05595762
DATA/BTC,1566950724011,2019-08-28T00:05:24.011Z,buy,1.23e-06,1666.0,0.00204918
DATA/BTC,1566951153917,2019-08-28T00:12:33.917Z,buy,1.23e-06,152.0,0.00018696
DATA/BTC,1566951156457,2019-08-28T00:12:36.457Z,buy,1.23e-06,406.0,0.00049938
DATA/BTC,1566951156863,2019-08-28T00:12:36.863Z,buy,1.23e-06,30.0,3.69e-05
DATA/BTC,1566952108529,2019-08-28T00:28:28.529Z,sell,1.23e-06,4566.0,0.00561618
DATA/BTC,1566952206622,2019-08-28T00:30:06.622Z,sell,1.23e-06,6794.0,0.00835662
DATA/BTC,1566952214463,2019-08-28T00:30:14.463Z,sell,1.23e-06,3645.0,0.00448335
DATA/BTC,1566952733396,2019-08-28T00:38:53.396Z,buy,1.24e-06,1000.0,0.00124
DATA/BTC,1566952970855,2019-08-28T00:42:50.855Z,sell,1.23e-06,88855.0,0.10929165
DATA/BTC,1566952970856,2019-08-28T00:42:50.856Z,sell,1.23e-06,12705.0,0.01562715
DATA/BTC,1566952970856,2019-08-28T00:42:50.856Z,sell,1.22e-06,76150.0,0.092903
DATA/BTC,1566952970856,2019-08-28T00:42:50.856Z,sell,1.23e-06,12705.0,0.01562715
DATA/BTC,1566952970856,2019-08-28T00:42:50.856Z,sell,1.22e-06,76150.0,0.092903
DATA/BTC,1566954577926,2019-08-28T01:09:37.926Z,sell,1.23e-06,10789.0,0.01327047
DATA/BTC,1566954882471,2019-08-28T01:14:42.471Z,buy,1.24e-06,4631.0,0.00574244
DATA/BTC,1566955916903,2019-08-28T01:31:56.903Z,sell,1.23e-06,85.0,0.00010455
DATA/BTC,1566955916903,2019-08-28T01:31:56.903Z,sell,1.23e-06,85.0,0.00010455
DATA/BTC,1566957683412,2019-08-28T02:01:23.412Z,sell,1.23e-06,578.0,0.00071094
DATA/BTC,1566957847325,2019-08-28T02:04:07.325Z,sell,1.23e-06,87.0,0.00010701
DATA/BTC,1566958914807,2019-08-28T02:21:54.807Z,sell,1.23e-06,20558.0,0.02528634
DATA/BTC,1566958915110,2019-08-28T02:21:55.110Z,buy,1.23e-06,1000.0,0.00123
DATA/BTC,1566958915361,2019-08-28T02:21:55.361Z,buy,1.23e-06,1000.0,0.00123
DATA/BTC,1566958915540,2019-08-28T02:21:55.540Z,buy,1.23e-06,3001.0,0.00369123
DATA/BTC,1566958915651,2019-08-28T02:21:55.651Z,buy,1.23e-06,1999.0,0.00245877
DATA/BTC,1566958916556,2019-08-28T02:21:56.556Z,buy,1.23e-06,2005.0,0.00246615
DATA/BTC,1566959501509,2019-08-28T02:31:41.509Z,buy,1.23e-06,199.0,0.00024477
DATA/BTC,1566959501509,2019-08-28T02:31:41.509Z,buy,1.23e-06,199.0,0.00024477
DATA/BTC,1566959637803,2019-08-28T02:33:57.803Z,buy,1.23e-06,4065.0,0.00499995
DATA/BTC,1566960061550,2019-08-28T02:41:01.550Z,buy,1.23e-06,492.0,0.00060516
DATA/BTC,1566960064791,2019-08-28T02:41:04.791Z,buy,1.23e-06,3200.0,0.003936
DATA/BTC,1566960068039,2019-08-28T02:41:08.039Z,buy,1.23e-06,1111.0,0.00136653
DATA/BTC,1566960071624,2019-08-28T02:41:11.624Z,buy,1.23e-06,10175.0,0.01251525
DATA/BTC,1566960071624,2019-08-28T02:41:11.624Z,buy,1.24e-06,5824.0,0.00722176
DATA/BTC,1566960074975,2019-08-28T02:41:14.975Z,buy,1.24e-06,1600.0,0.001984
DATA/BTC,1566960077087,2019-08-28T02:41:17.087Z,buy,1.24e-06,1600.0,0.001984
DATA/BTC,1566960080758,2019-08-28T02:41:20.758Z,buy,1.24e-06,2400.0,0.002976
DATA/BTC,1566960160891,2019-08-28T02:42:40.891Z,buy,1.24e-06,2400.0,0.002976
DATA/BTC,1566960494948,2019-08-28T02:48:14.948Z,buy,1.24e-06,6127.0,0.00759748
DATA/BTC,1566960602709,2019-08-28T02:50:02.709Z,sell,1.23e-06,82.0,0.00010086
DATA/BTC,1566960663725,2019-08-28T02:51:03.725Z,sell,1.23e-06,6481.0,0.00797163
DATA/BTC,1566961041855,2019-08-28T02:57:21.855Z,sell,1.23e-06,112316.0,0.13814868
DATA/BTC,1566961042067,2019-08-28T02:57:22.067Z,sell,1.23e-06,232.0,0.00028536
DATA/BTC,1566962045289,2019-08-28T03:14:05.289Z,sell,1.23e-06,60062.0,0.07387626
DATA/BTC,1566962091912,2019-08-28T03:14:51.912Z,sell,1.23e-06,8545.0,0.01051035
DATA/BTC,1566962863856,2019-08-28T03:27:43.856Z,sell,1.23e-06,21799.0,0.02681277
DATA/BTC,1566962939233,2019-08-28T03:28:59.233Z,sell,1.23e-06,39116.0,0.04811268
DATA/BTC,1566962939233,2019-08-28T03:28:59.233Z,sell,1.22e-06,62444.0,0.07618168
DATA/BTC,1566963027091,2019-08-28T03:30:27.091Z,buy,1.24e-06,560.0,0.0006944
DATA/BTC,1566963027091,2019-08-28T03:30:27.091Z,buy,1.24e-06,560.0,0.0006944
DATA/BTC,1566963117123,2019-08-28T03:31:57.123Z,buy,1.24e-06,1090.0,0.0013516
DATA/BTC,1566963322675,2019-08-28T03:35:22.675Z,buy,1.24e-06,25957.0,0.03218668
DATA/BTC,1566963322706,2019-08-28T03:35:22.706Z,sell,1.24e-06,9356.0,0.01160144
DATA/BTC,1566963345422,2019-08-28T03:35:45.422Z,sell,1.23e-06,3025.0,0.00372075
DATA/BTC,1566963345910,2019-08-28T03:35:45.910Z,sell,1.23e-06,1470.0,0.0018081
DATA/BTC,1566963345972,2019-08-28T03:35:45.972Z,sell,1.23e-06,1666.0,0.00204918
DATA/BTC,1566963653749,2019-08-28T03:40:53.749Z,buy,1.24e-06,2400.0,0.002976
DATA/BTC,1566963787473,2019-08-28T03:43:07.473Z,buy,1.24e-06,5690.0,0.0070555999999999
DATA/BTC,1566963787498,2019-08-28T03:43:07.498Z,sell,1.24e-06,28089.0,0.03483036
DATA/BTC,1566963973651,2019-08-28T03:46:13.651Z,buy,1.24e-06,3549.0,0.00440076
DATA/BTC,1566963973676,2019-08-28T03:46:13.676Z,sell,1.24e-06,6384.0,0.00791616
DATA/BTC,1566964620930,2019-08-28T03:57:00.930Z,sell,1.23e-06,107.0,0.00013161
DATA/BTC,1566965173433,2019-08-28T04:06:13.433Z,buy,1.25e-06,2000.0,0.0025
DATA/BTC,1566965220585,2019-08-28T04:07:00.585Z,sell,1.24e-06,8193.0,0.01015932
DATA/BTC,1566965241652,2019-08-28T04:07:21.652Z,buy,1.24e-06,300.0,0.000372
DATA/BTC,1566965404867,2019-08-28T04:10:04.867Z,buy,1.24e-06,807.0,0.0010006799999999
DATA/BTC,1566965826303,2019-08-28T04:17:06.303Z,sell,1.23e-06,3252.0,0.00399996
DATA/BTC,1566966041648,2019-08-28T04:20:41.648Z,buy,1.24e-06,4000.0,0.00496
DATA/BTC,1566966421762,2019-08-28T04:27:01.762Z,buy,1.24e-06,268.0,0.00033232
DATA/BTC,1566966421762,2019-08-28T04:27:01.762Z,buy,1.24e-06,268.0,0.00033232
DATA/BTC,1566967075547,2019-08-28T04:37:55.547Z,sell,1.23e-06,58238.0,0.07163274
DATA/BTC,1566967075745,2019-08-28T04:37:55.745Z,sell,1.23e-06,104.0,0.00012792
DATA/BTC,1566967155003,2019-08-28T04:39:15.003Z,sell,1.23e-06,67000.0,0.08241
DATA/BTC,1566967759657,2019-08-28T04:49:19.657Z,sell,1.23e-06,108.0,0.00013284
DATA/BTC,1566967809014,2019-08-28T04:50:09.014Z,buy,1.24e-06,1111.0,0.00137764
DATA/BTC,1566967809278,2019-08-28T04:50:09.278Z,buy,1.24e-06,1268.0,0.0015723199999999
DATA/BTC,1566967815484,2019-08-28T04:50:15.484Z,buy,1.24e-06,1613.0,0.0020001199999999
DATA/BTC,1566967972732,2019-08-28T04:52:52.732Z,sell,1.23e-06,1951.0,0.00239973
DATA/BTC,1566967976559,2019-08-28T04:52:56.559Z,sell,1.23e-06,53636.0,0.06597228
DATA/BTC,1566968408526,2019-08-28T05:00:08.526Z,sell,1.23e-06,73860.0,0.0908478
DATA/BTC,1566968472386,2019-08-28T05:01:12.386Z,sell,1.23e-06,1997.0,0.00245631
DATA/BTC,1566968493842,2019-08-28T05:01:33.842Z,sell,1.23e-06,15454.0,0.01900842
DATA/BTC,1566968493842,2019-08-28T05:01:33.842Z,sell,1.22e-06,159292.0,0.19433624
DATA/BTC,1566968493866,2019-08-28T05:01:33.866Z,buy,1.22e-06,1776.0,0.00216672
DATA/BTC,1566968493871,2019-08-28T05:01:33.871Z,buy,1.22e-06,409.0,0.00049898
DATA/BTC,1566968493876,2019-08-28T05:01:33.876Z,buy,1.22e-06,127853.0,0.15598066
DATA/BTC,1566968493883,2019-08-28T05:01:33.883Z,buy,1.22e-06,89623.0,0.10934006
DATA/BTC,1566968609990,2019-08-28T05:03:29.990Z,sell,1.22e-06,8159.0,0.00995398
DATA/BTC,1566968609990,2019-08-28T05:03:29.990Z,sell,1.21e-06,1493.0,0.00180653
DATA/BTC,1566968609990,2019-08-28T05:03:29.990Z,sell,1.21e-06,7678.0,0.00929038
DATA/BTC,1566968613300,2019-08-28T05:03:33.300Z,buy,1.22e-06,152.0,0.0001854399999999
DATA/BTC,1566968657113,2019-08-28T05:04:17.113Z,buy,1.23e-06,2459.0,0.00302457
DATA/BTC,1566968697999,2019-08-28T05:04:57.999Z,buy,1.23e-06,8943.0,0.01099989
DATA/BTC,1566968703744,2019-08-28T05:05:03.744Z,sell,1.22e-06,300.0,0.000366
DATA/BTC,1566968752762,2019-08-28T05:05:52.762Z,buy,1.23e-06,833.0,0.00102459
DATA/BTC,1566969257052,2019-08-28T05:14:17.052Z,buy,1.23e-06,2400.0,0.002952
DATA/BTC,1566969569231,2019-08-28T05:19:29.231Z,buy,1.23e-06,88.0,0.00010824
DATA/BTC,1566969624879,2019-08-28T05:20:24.879Z,sell,1.22e-06,1111.0,0.00135542
DATA/BTC,1566969624879,2019-08-28T05:20:24.879Z,sell,1.22e-06,1111.0,0.00135542
DATA/BTC,1566970517422,2019-08-28T05:35:17.422Z,buy,1.23e-06,131.0,0.00016113
DATA/BTC,1566970517735,2019-08-28T05:35:17.735Z,buy,1.23e-06,426.0,0.00052398
DATA/BTC,1566970518098,2019-08-28T05:35:18.098Z,buy,1.23e-06,738.0,0.00090774
DATA/BTC,1566970518225,2019-08-28T05:35:18.225Z,buy,1.23e-06,278.0,0.00034194
DATA/BTC,1566970521206,2019-08-28T05:35:21.206Z,buy,1.23e-06,2892.0,0.00355716
DATA/BTC,1566970521636,2019-08-28T05:35:21.636Z,buy,1.23e-06,311.0,0.00038253
DATA/BTC,1566970522650,2019-08-28T05:35:22.650Z,buy,1.23e-06,219.0,0.00026937
DATA/BTC,1566970522678,2019-08-28T05:35:22.678Z,buy,1.23e-06,232.0,0.00028536
DATA/BTC,1566970522692,2019-08-28T05:35:22.692Z,buy,1.23e-06,234.0,0.00028782
DATA/BTC,1566970526216,2019-08-28T05:35:26.216Z,buy,1.23e-06,145.0,0.00017835
DATA/BTC,1566970526845,2019-08-28T05:35:26.845Z,buy,1.23e-06,269.0,0.00033087
DATA/BTC,1566970527153,2019-08-28T05:35:27.153Z,buy,1.23e-06,243.0,0.00029889
DATA/BTC,1566970527981,2019-08-28T05:35:27.981Z,buy,1.23e-06,220.0,0.0002706
DATA/BTC,1566970528783,2019-08-28T05:35:28.783Z,buy,1.23e-06,1055.0,0.00129765
DATA/BTC,1566970530113,2019-08-28T05:35:30.113Z,buy,1.23e-06,220.0,0.0002706
DATA/BTC,1566970623146,2019-08-28T05:37:03.146Z,buy,1.23e-06,1358.0,0.00167034
DATA/BTC,1566972136311,2019-08-28T06:02:16.311Z,sell,1.22e-06,9923.0,0.01210606
DATA/BTC,1566972212647,2019-08-28T06:03:32.647Z,buy,1.23e-06,218.0,0.00026814
DATA/BTC,1566972212754,2019-08-28T06:03:32.754Z,buy,1.23e-06,294.0,0.00036162
DATA/BTC,1566972212853,2019-08-28T06:03:32.853Z,buy,1.23e-06,788.0,0.00096924
DATA/BTC,1566972212946,2019-08-28T06:03:32.946Z,buy,1.23e-06,532.0,0.00065436
DATA/BTC,1566972213203,2019-08-28T06:03:33.203Z,buy,1.23e-06,4948.0,0.00608604
DATA/BTC,1566972213357,2019-08-28T06:03:33.357Z,buy,1.23e-06,425.0,0.00052275
DATA/BTC,1566972213460,2019-08-28T06:03:33.460Z,buy,1.23e-06,236.0,0.00029028
DATA/BTC,1566972213768,2019-08-28T06:03:33.768Z,buy,1.23e-06,233.0,0.00028659
DATA/BTC,1566972213975,2019-08-28T06:03:33.975Z,buy,1.23e-06,230.0,0.0002829
DATA/BTC,1566972214307,2019-08-28T06:03:34.307Z,buy,1.23e-06,585.0,0.00071955
DATA/BTC,1566972214825,2019-08-28T06:03:34.825Z,buy,1.23e-06,627.0,0.00077121
DATA/BTC,1566972214924,2019-08-28T06:03:34.924Z,buy,1.23e-06,1124.0,0.00138252
DATA/BTC,1566972214936,2019-08-28T06:03:34.936Z,buy,1.23e-06,1124.0,0.00138252
DATA/BTC,1566972215134,2019-08-28T06:03:35.134Z,buy,1.23e-06,220.0,0.0002706
DATA/BTC,1566972215138,2019-08-28T06:03:35.138Z,buy,1.23e-06,220.0,0.0002706
DATA/BTC,1566972215239,2019-08-28T06:03:35.239Z,buy,1.23e-06,1051.0,0.00129273
DATA/BTC,1566972215254,2019-08-28T06:03:35.254Z,buy,1.23e-06,1051.0,0.00129273
DATA/BTC,1566972215745,2019-08-28T06:03:35.745Z,buy,1.23e-06,341.0,0.00041943
DATA/BTC,1566972215775,2019-08-28T06:03:35.775Z,buy,1.23e-06,341.0,0.00041943
DATA/BTC,1566972215986,2019-08-28T06:03:35.986Z,buy,1.23e-06,268.0,0.00032964
DATA/BTC,1566972216234,2019-08-28T06:03:36.234Z,buy,1.23e-06,219.0,0.00026937
DATA/BTC,1566972816440,2019-08-28T06:13:36.440Z,sell,1.22e-06,5505.0,0.0067161
DATA/BTC,1566972885748,2019-08-28T06:14:45.748Z,buy,1.23e-06,231.0,0.00028413
DATA/BTC,1566973099015,2019-08-28T06:18:19.015Z,buy,1.23e-06,1456.0,0.00179088
DATA/BTC,1566973201500,2019-08-28T06:20:01.500Z,buy,1.23e-06,351.0,0.00043173
DATA/BTC,1566973201500,2019-08-28T06:20:01.500Z,buy,1.23e-06,351.0,0.00043173
DATA/BTC,1566973250968,2019-08-28T06:20:50.968Z,buy,1.23e-06,8038.0,0.00988674
DATA/BTC,1566974180808,2019-08-28T06:36:20.808Z,sell,1.22e-06,654.0,0.0007978799999999
DATA/BTC,1566974223225,2019-08-28T06:37:03.225Z,buy,1.22e-06,3645.0,0.0044469
DATA/BTC,1566974937301,2019-08-28T06:48:57.301Z,buy,1.23e-06,31.0,3.813e-05
DATA/BTC,1566975416831,2019-08-28T06:56:56.831Z,buy,1.23e-06,6503.0,0.00799869
DATA/BTC,1566975916221,2019-08-28T07:05:16.221Z,buy,1.23e-06,12193.0,0.01499739
DATA/BTC,1566976227672,2019-08-28T07:10:27.672Z,buy,1.23e-06,233379.0,0.28705617
DATA/BTC,1566976227672,2019-08-28T07:10:27.672Z,buy,1.24e-06,96621.0,0.1198100399999999
DATA/BTC,1566976388732,2019-08-28T07:13:08.732Z,buy,1.24e-06,100000.0,0.124
DATA/BTC,1566976462013,2019-08-28T07:14:22.013Z,sell,1.23e-06,452.0,0.00055596
DATA/BTC,1566976462013,2019-08-28T07:14:22.013Z,sell,1.22e-06,2021.0,0.00246562
DATA/BTC,1566976464263,2019-08-28T07:14:24.263Z,sell,1.23e-06,152.0,0.00018696
DATA/BTC,1566976751382,2019-08-28T07:19:11.382Z,buy,1.24e-06,28.0,3.472e-05
DATA/BTC,1566976752894,2019-08-28T07:19:12.894Z,sell,1.23e-06,92.0,0.00011316
DATA/BTC,1566976752894,2019-08-28T07:19:12.894Z,sell,1.23e-06,92.0,0.00011316
DATA/BTC,1566977943831,2019-08-28T07:39:03.831Z,buy,1.24e-06,827.0,0.00102548
DATA/BTC,1566978762053,2019-08-28T07:52:42.053Z,buy,1.24e-06,3437.0,0.00426188
DATA/BTC,1566978785545,2019-08-28T07:53:05.545Z,buy,1.24e-06,3589.0,0.0044503599999999
DATA/BTC,1566978868636,2019-08-28T07:54:28.636Z,sell,1.24e-06,15770.0,0.0195548
DATA/BTC,1566979002703,2019-08-28T07:56:42.703Z,sell,1.24e-06,9076.0,0.01125424
DATA/BTC,1566979131076,2019-08-28T07:58:51.076Z,sell,1.23e-06,56818.0,0.06988614
DATA/BTC,1566979190760,2019-08-28T07:59:50.760Z,sell,1.22e-06,424143.0,0.51745446
DATA/BTC,1566979190827,2019-08-28T07:59:50.827Z,buy,1.22e-06,295.0,0.0003598999999999
DATA/BTC,1566979190859,2019-08-28T07:59:50.859Z,buy,1.22e-06,295.0,0.0003598999999999
DATA/BTC,1566979191323,2019-08-28T07:59:51.323Z,buy,1.22e-06,44304.0,0.0540508799999999
DATA/BTC,1566979218266,2019-08-28T08:00:18.266Z,buy,1.22e-06,478.0,0.00058316
DATA/BTC,1566979714772,2019-08-28T08:08:34.772Z,sell,1.22e-06,3101.0,0.00378322
DATA/BTC,1566979714772,2019-08-28T08:08:34.772Z,sell,1.22e-06,3101.0,0.00378322
DATA/BTC,1566980370970,2019-08-28T08:19:30.970Z,buy,1.23e-06,102.0,0.00012546
DATA/BTC,1566982538904,2019-08-28T08:55:38.904Z,sell,1.22e-06,1620.0,0.0019764
DATA/BTC,1566982581169,2019-08-28T08:56:21.169Z,sell,1.22e-06,60413.0,0.07370386
DATA/BTC,1566982581169,2019-08-28T08:56:21.169Z,sell,1.21e-06,19587.0,0.02370027
DATA/BTC,1566982582020,2019-08-28T08:56:22.020Z,buy,1.22e-06,57966.0,0.0707185199999999
DATA/BTC,1566982582058,2019-08-28T08:56:22.058Z,buy,1.22e-06,27034.0,0.03298148
DATA/BTC,1566982922492,2019-08-28T09:02:02.492Z,sell,1.22e-06,36946.0,0.0450741199999999
DATA/BTC,1566982922492,2019-08-28T09:02:02.492Z,sell,1.21e-06,331732.0,0.40139572
DATA/BTC,1566982922515,2019-08-28T09:02:02.515Z,buy,1.21e-06,40440.0,0.0489324
DATA/BTC,1566982922518,2019-08-28T09:02:02.518Z,buy,1.21e-06,27034.0,0.03271114
DATA/BTC,1566982922518,2019-08-28T09:02:02.518Z,buy,1.21e-06,40645.0,0.04918045
DATA/BTC,1566982922561,2019-08-28T09:02:02.561Z,buy,1.21e-06,4243.0,0.00513403
DATA/BTC,1566982922567,2019-08-28T09:02:02.567Z,buy,1.21e-06,40440.0,0.0489324
DATA/BTC,1566982922637,2019-08-28T09:02:02.637Z,buy,1.21e-06,11704.0,0.01416184
DATA/BTC,1566982925667,2019-08-28T09:02:05.667Z,sell,1.21e-06,40440.0,0.0489324
DATA/BTC,1566982926557,2019-08-28T09:02:06.557Z,sell,1.21e-06,398.0,0.00048158
DATA/BTC,1566983289548,2019-08-28T09:08:09.548Z,sell,1.2e-06,303.0,0.0003636
DATA/BTC,1566983289548,2019-08-28T09:08:09.548Z,sell,1.2e-06,30000.0,0.036
DATA/BTC,1566983289707,2019-08-28T09:08:09.707Z,sell,1.2e-06,101.0,0.0001211999999999
DATA/BTC,1566983289712,2019-08-28T09:08:09.712Z,sell,1.2e-06,91.0,0.0001092
DATA/BTC,1566983290810,2019-08-28T09:08:10.810Z,sell,1.2e-06,109.0,0.0001307999999999
DATA/BTC,1566983290810,2019-08-28T09:08:10.810Z,sell,1.2e-06,109.0,0.0001307999999999
DATA/BTC,1566983359730,2019-08-28T09:09:19.730Z,buy,1.21e-06,2696.0,0.00326216
DATA/BTC,1566984167093,2019-08-28T09:22:47.093Z,buy,1.21e-06,1999.0,0.00241879
DATA/BTC,1566984167377,2019-08-28T09:22:47.377Z,buy,1.21e-06,2462.0,0.00297902
DATA/BTC,1566984167381,2019-08-28T09:22:47.381Z,buy,1.21e-06,2031.0,0.00245751
DATA/BTC,1566984173198,2019-08-28T09:22:53.198Z,buy,1.21e-06,2030.0,0.0024563
DATA/BTC,1566984376275,2019-08-28T09:26:16.275Z,buy,1.21e-06,10698.0,0.01294458
DATA/BTC,1566984636126,2019-08-28T09:30:36.126Z,buy,1.21e-06,90501.0,0.10950621
DATA/BTC,1566984636195,2019-08-28T09:30:36.195Z,sell,1.21e-06,304.0,0.00036784
DATA/BTC,1566985085739,2019-08-28T09:38:05.739Z,sell,1.21e-06,1146.0,0.00138666
DATA/BTC,1566985215744,2019-08-28T09:40:15.744Z,sell,1.21e-06,2611.0,0.00315931
DATA/BTC,1566985317182,2019-08-28T09:41:57.182Z,sell,1.21e-06,95.0,0.00011495
DATA/BTC,1566985596363,2019-08-28T09:46:36.363Z,sell,1.21e-06,101.0,0.00012221
DATA/BTC,1566986220633,2019-08-28T09:57:00.633Z,buy,1.22e-06,83.0,0.00010126
DATA/BTC,1566986473043,2019-08-28T10:01:13.043Z,buy,1.22e-06,2000.0,0.00244
DATA/BTC,1566986473050,2019-08-28T10:01:13.050Z,buy,1.22e-06,3007.0,0.00366854
DATA/BTC,1566986473220,2019-08-28T10:01:13.220Z,buy,1.22e-06,2000.0,0.00244
DATA/BTC,1566986473232,2019-08-28T10:01:13.232Z,buy,1.22e-06,2068.0,0.00252296
DATA/BTC,1566986580482,2019-08-28T10:03:00.482Z,buy,1.22e-06,4883.0,0.00595726
DATA/BTC,1566986580608,2019-08-28T10:03:00.608Z,buy,1.22e-06,470.0,0.0005734
DATA/BTC,1566986597381,2019-08-28T10:03:17.381Z,buy,1.22e-06,60977.0,0.07439194
DATA/BTC,1566986597381,2019-08-28T10:03:17.381Z,buy,1.22e-06,60977.0,0.07439194
DATA/BTC,1566987438696,2019-08-28T10:17:18.696Z,buy,1.22e-06,8222.0,0.01003084
DATA/BTC,1566987438725,2019-08-28T10:17:18.725Z,sell,1.22e-06,15594.0,0.01902468
DATA/BTC,1566987438770,2019-08-28T10:17:18.770Z,sell,1.22e-06,10818.0,0.01319796
DATA/BTC,1566987481924,2019-08-28T10:18:01.924Z,sell,1.22e-06,25618.0,0.03125396
DATA/BTC,1566987580490,2019-08-28T10:19:40.490Z,sell,1.22e-06,110.0,0.0001342
DATA/BTC,1566987645584,2019-08-28T10:20:45.584Z,sell,1.22e-06,94.0,0.0001146799999999
DATA/BTC,1566987869355,2019-08-28T10:24:29.355Z,sell,1.22e-06,95.0,0.0001159
DATA/BTC,1566988099867,2019-08-28T10:28:19.867Z,sell,1.22e-06,8157.0,0.00995154
DATA/BTC,1566988150226,2019-08-28T10:29:10.226Z,sell,1.22e-06,351.0,0.00042822
DATA/BTC,1566988569879,2019-08-28T10:36:09.879Z,sell,1.22e-06,53891.0,0.06574702
DATA/BTC,1566988902816,2019-08-28T10:41:42.816Z,buy,1.22e-06,156.0,0.00019032
DATA/BTC,1566988907036,2019-08-28T10:41:47.036Z,buy,1.22e-06,155.0,0.0001891
DATA/BTC,1566988910799,2019-08-28T10:41:50.799Z,buy,1.22e-06,155.0,0.0001891
DATA/BTC,1566988914859,2019-08-28T10:41:54.859Z,buy,1.22e-06,155.0,0.0001891
DATA/BTC,1566988918641,2019-08-28T10:41:58.641Z,buy,1.22e-06,156.0,0.00019032
DATA/BTC,1566988922640,2019-08-28T10:42:02.640Z,buy,1.22e-06,155.0,0.0001891
DATA/BTC,1566988926320,2019-08-28T10:42:06.320Z,buy,1.22e-06,155.0,0.0001891
DATA/BTC,1566988930179,2019-08-28T10:42:10.179Z,buy,1.22e-06,155.0,0.0001891
DATA/BTC,1566988934364,2019-08-28T10:42:14.364Z,buy,1.22e-06,155.0,0.0001891
DATA/BTC,1566988938033,2019-08-28T10:42:18.033Z,buy,1.22e-06,155.0,0.0001891
DATA/BTC,1566988941674,2019-08-28T10:42:21.674Z,buy,1.22e-06,156.0,0.00019032
DATA/BTC,1566988945843,2019-08-28T10:42:25.843Z,buy,1.22e-06,155.0,0.0001891
DATA/BTC,1566988949685,2019-08-28T10:42:29.685Z,buy,1.22e-06,155.0,0.0001891
DATA/BTC,1566988953363,2019-08-28T10:42:33.363Z,buy,1.22e-06,155.0,0.0001891
DATA/BTC,1566988957362,2019-08-28T10:42:37.362Z,buy,1.22e-06,155.0,0.0001891
DATA/BTC,1566988961072,2019-08-28T10:42:41.072Z,buy,1.22e-06,155.0,0.0001891
DATA/BTC,1566988964755,2019-08-28T10:42:44.755Z,buy,1.22e-06,156.0,0.00019032
DATA/BTC,1566988968905,2019-08-28T10:42:48.905Z,buy,1.22e-06,155.0,0.0001891
DATA/BTC,1566988972991,2019-08-28T10:42:52.991Z,buy,1.22e-06,155.0,0.0001891
DATA/BTC,1566988976927,2019-08-28T10:42:56.927Z,buy,1.22e-06,155.0,0.0001891
DATA/BTC,1566988980725,2019-08-28T10:43:00.725Z,buy,1.22e-06,155.0,0.0001891
DATA/BTC,1566988984594,2019-08-28T10:43:04.594Z,buy,1.22e-06,155.0,0.0001891
DATA/BTC,1566988995483,2019-08-28T10:43:15.483Z,buy,1.22e-06,155.0,0.0001891
DATA/BTC,1566988995977,2019-08-28T10:43:15.977Z,buy,1.22e-06,156.0,0.00019032
DATA/BTC,1566988996150,2019-08-28T10:43:16.150Z,buy,1.22e-06,156.0,0.00019032
DATA/BTC,1566988996334,2019-08-28T10:43:16.334Z,buy,1.22e-06,156.0,0.00019032
DATA/BTC,1566988996528,2019-08-28T10:43:16.528Z,buy,1.22e-06,156.0,0.00019032
DATA/BTC,1566988996918,2019-08-28T10:43:16.918Z,buy,1.22e-06,156.0,0.00019032
DATA/BTC,1566988997343,2019-08-28T10:43:17.343Z,buy,1.22e-06,156.0,0.00019032
DATA/BTC,1566989378147,2019-08-28T10:49:38.147Z,sell,1.21e-06,38095.0,0.04609495
DATA/BTC,1566989378307,2019-08-28T10:49:38.307Z,sell,1.21e-06,153.0,0.00018513
DATA/BTC,1566989378311,2019-08-28T10:49:38.311Z,sell,1.21e-06,91.0,0.00011011
DATA/BTC,1566989880029,2019-08-28T10:58:00.029Z,sell,1.21e-06,87.0,0.00010527
DATA/BTC,1566990048022,2019-08-28T11:00:48.022Z,buy,1.22e-06,79365.0,0.0968253
DATA/BTC,1566990048022,2019-08-28T11:00:48.022Z,buy,1.22e-06,79365.0,0.0968253
DATA/BTC,1566990717314,2019-08-28T11:11:57.314Z,buy,1.22e-06,5918.0,0.00721996
DATA/BTC,1566990717323,2019-08-28T11:11:57.323Z,buy,1.22e-06,5702.0,0.0069564399999999
DATA/BTC,1566990717349,2019-08-28T11:11:57.349Z,buy,1.23e-06,5918.0,0.00727914
DATA/BTC,1566990717367,2019-08-28T11:11:57.367Z,sell,1.22e-06,5723.0,0.00698206
DATA/BTC,1566990718001,2019-08-28T11:11:58.001Z,sell,1.22e-06,4196.0,0.00511912
DATA/BTC,1566990719632,2019-08-28T11:11:59.632Z,buy,1.22e-06,152.0,0.0001854399999999
DATA/BTC,1566990778130,2019-08-28T11:12:58.130Z,buy,1.22e-06,300.0,0.000366
DATA/BTC,1566991162678,2019-08-28T11:19:22.678Z,buy,1.22e-06,94.0,0.0001146799999999
DATA/BTC,1566991460908,2019-08-28T11:24:20.908Z,sell,1.21e-06,214802.0,0.25991042
DATA/BTC,1566991460908,2019-08-28T11:24:20.908Z,sell,1.2e-06,184267.0,0.2211204
DATA/BTC,1566991462922,2019-08-28T11:24:22.922Z,buy,1.21e-06,307.0,0.00037147
DATA/BTC,1566991463668,2019-08-28T11:24:23.668Z,buy,1.21e-06,10621.0,0.01285141
DATA/BTC,1566991463771,2019-08-28T11:24:23.771Z,buy,1.21e-06,9114.0,0.01102794
DATA/BTC,1566991463771,2019-08-28T11:24:23.771Z,buy,1.21e-06,9114.0,0.01102794
DATA/BTC,1566993870275,2019-08-28T12:04:30.275Z,buy,1.21e-06,41281.0,0.04995001
DATA/BTC,1566994954036,2019-08-28T12:22:34.036Z,sell,1.2e-06,106.0,0.0001272
DATA/BTC,1566994954036,2019-08-28T12:22:34.036Z,sell,1.2e-06,106.0,0.0001272
DATA/BTC,1566996308507,2019-08-28T12:45:08.507Z,sell,1.2e-06,48417.0,0.0581003999999999
DATA/BTC,1566997840684,2019-08-28T13:10:40.684Z,sell,1.2e-06,725.0,0.00087
DATA/BTC,1566997927133,2019-08-28T13:12:07.133Z,sell,1.2e-06,1676.0,0.0020112
DATA/BTC,1566997927280,2019-08-28T13:12:07.280Z,sell,1.2e-06,10743.0,0.0128916
DATA/BTC,1566997965572,2019-08-28T13:12:45.572Z,buy,1.2e-06,1703.0,0.0020436
DATA/BTC,1566998004603,2019-08-28T13:13:24.603Z,sell,1.19e-06,2520.0,0.0029988
DATA/BTC,1566998004967,2019-08-28T13:13:24.967Z,sell,1.19e-06,598.0,0.00071162
DATA/BTC,1566998005371,2019-08-28T13:13:25.371Z,buy,1.2e-06,834.0,0.0010008
DATA/BTC,1566998083373,2019-08-28T13:14:43.373Z,buy,1.2e-06,86.0,0.0001032
DATA/BTC,1566998168952,2019-08-28T13:16:08.952Z,sell,1.19e-06,10770.0,0.0128163
DATA/BTC,1566998178310,2019-08-28T13:16:18.310Z,sell,1.19e-06,1680.0,0.0019992
DATA/BTC,1566998514254,2019-08-28T13:21:54.254Z,sell,1.19e-06,5327.0,0.00633913
DATA/BTC,1566998527805,2019-08-28T13:22:07.805Z,sell,1.19e-06,41239.0,0.04907441
DATA/BTC,1566998527805,2019-08-28T13:22:07.805Z,sell,1.19e-06,41239.0,0.04907441
DATA/BTC,1566999287121,2019-08-28T13:34:47.121Z,sell,1.19e-06,4836.0,0.00575484
DATA/BTC,1566999287220,2019-08-28T13:34:47.220Z,buy,1.19e-06,196.0,0.00023324
DATA/BTC,1566999293300,2019-08-28T13:34:53.300Z,buy,1.19e-06,295.0,0.00035105
DATA/BTC,1566999333792,2019-08-28T13:35:33.792Z,sell,1.18e-06,1269.0,0.00149742
DATA/BTC,1566999333792,2019-08-28T13:35:33.792Z,sell,1.18e-06,25568.0,0.0301702399999999
DATA/BTC,1566999333792,2019-08-28T13:35:33.792Z,sell,1.18e-06,8055.0,0.0095049
DATA/BTC,1566999335361,2019-08-28T13:35:35.361Z,buy,1.19e-06,729.0,0.00086751
DATA/BTC,1566999341124,2019-08-28T13:35:41.124Z,buy,1.19e-06,82.0,9.758e-05
DATA/BTC,1566999633506,2019-08-28T13:40:33.506Z,sell,1.18e-06,4539.0,0.0053560199999999
DATA/BTC,1566999835486,2019-08-28T13:43:55.486Z,sell,1.18e-06,54869.0,0.06474542
DATA/BTC,1566999968143,2019-08-28T13:46:08.143Z,sell,1.18e-06,133572.0,0.15761496
DATA/BTC,1566999968163,2019-08-28T13:46:08.163Z,buy,1.18e-06,6428.0,0.0075850399999999
DATA/BTC,1566999968187,2019-08-28T13:46:08.187Z,buy,1.19e-06,31.0,3.689e-05
DATA/BTC,1567000175737,2019-08-28T13:49:35.737Z,buy,1.19e-06,142.0,0.00016898
DATA/BTC,1567000345453,2019-08-28T13:52:25.453Z,buy,1.19e-06,25600.0,0.030464
DATA/BTC,1567000442552,2019-08-28T13:54:02.552Z,buy,1.19e-06,7404.0,0.00881076
DATA/BTC,1567000499197,2019-08-28T13:54:59.197Z,sell,1.18e-06,53779.0,0.06345922
DATA/BTC,1567000529889,2019-08-28T13:55:29.889Z,buy,1.19e-06,7368.0,0.00876792
DATA/BTC,1567000538312,2019-08-28T13:55:38.312Z,buy,1.19e-06,7405.0,0.00881195
DATA/BTC,1567000549572,2019-08-28T13:55:49.572Z,buy,1.19e-06,7405.0,0.00881195
DATA/BTC,1567000595039,2019-08-28T13:56:35.039Z,buy,1.19e-06,7405.0,0.00881195
DATA/BTC,1567000622667,2019-08-28T13:57:02.667Z,buy,1.19e-06,126.0,0.00014994
DATA/BTC,1567000666207,2019-08-28T13:57:46.207Z,buy,1.19e-06,7405.0,0.00881195
DATA/BTC,1567000672341,2019-08-28T13:57:52.341Z,buy,1.19e-06,4823.0,0.00573937
DATA/BTC,1567000702310,2019-08-28T13:58:22.310Z,buy,1.19e-06,581.0,0.00069139
DATA/BTC,1567000809029,2019-08-28T14:00:09.029Z,buy,1.19e-06,271.0,0.00032249
DATA/BTC,1567000814249,2019-08-28T14:00:14.249Z,buy,1.19e-06,840.0,0.0009996
DATA/BTC,1567000816338,2019-08-28T14:00:16.338Z,buy,1.19e-06,4156.0,0.00494564
DATA/BTC,1567000817421,2019-08-28T14:00:17.421Z,buy,1.19e-06,840.0,0.0009996
DATA/BTC,1567000944369,2019-08-28T14:02:24.369Z,buy,1.19e-06,2289.0,0.00272391
DATA/BTC,1567001875446,2019-08-28T14:17:55.446Z,sell,1.18e-06,8130.0,0.0095934
DATA/BTC,1567001990646,2019-08-28T14:19:50.646Z,buy,1.19e-06,7405.0,0.00881195
DATA/BTC,1567001997380,2019-08-28T14:19:57.380Z,buy,1.19e-06,4801.0,0.00571319
DATA/BTC,1567002109099,2019-08-28T14:21:49.099Z,sell,1.18e-06,4000.0,0.0047199999999999
DATA/BTC,1567002109099,2019-08-28T14:21:49.099Z,sell,1.18e-06,4000.0,0.0047199999999999
DATA/BTC,1567003037332,2019-08-28T14:37:17.332Z,sell,1.18e-06,161340.0,0.1903812
DATA/BTC,1567003364021,2019-08-28T14:42:44.021Z,buy,1.19e-06,8810.0,0.0104839
DATA/BTC,1567004010018,2019-08-28T14:53:30.018Z,sell,1.18e-06,575.0,0.0006785
DATA/BTC,1567004268836,2019-08-28T14:57:48.836Z,sell,1.18e-06,25001.0,0.02950118
DATA/BTC,1567004523149,2019-08-28T15:02:03.149Z,sell,1.18e-06,499.0,0.00058882
DATA/BTC,1567005052684,2019-08-28T15:10:52.684Z,sell,1.18e-06,2000.0,0.0023599999999999
DATA/BTC,1567005536252,2019-08-28T15:18:56.252Z,sell,1.18e-06,400000.0,0.472
DATA/BTC,1567005536252,2019-08-28T15:18:56.252Z,sell,1.18e-06,400000.0,0.472
DATA/BTC,1567005862400,2019-08-28T15:24:22.400Z,sell,1.18e-06,98660.0,0.1164187999999999
DATA/BTC,1567005968093,2019-08-28T15:26:08.093Z,buy,1.19e-06,369678.0,0.43991682
DATA/BTC,1567006017293,2019-08-28T15:26:57.293Z,sell,1.19e-06,516.0,0.00061404
DATA/BTC,1567006020179,2019-08-28T15:27:00.179Z,sell,1.19e-06,581.0,0.00069139
DATA/BTC,1567006179340,2019-08-28T15:29:39.340Z,sell,1.19e-06,638.0,0.00075922
DATA/BTC,1567006179371,2019-08-28T15:29:39.371Z,sell,1.19e-06,643.0,0.00076517
DATA/BTC,1567006179427,2019-08-28T15:29:39.427Z,sell,1.19e-06,643.0,0.00076517
DATA/BTC,1567006179470,2019-08-28T15:29:39.470Z,sell,1.19e-06,643.0,0.00076517
DATA/BTC,1567006179552,2019-08-28T15:29:39.552Z,sell,1.19e-06,643.0,0.00076517
DATA/BTC,1567006179590,2019-08-28T15:29:39.590Z,sell,1.19e-06,643.0,0.00076517
DATA/BTC,1567006179647,2019-08-28T15:29:39.647Z,sell,1.19e-06,643.0,0.00076517
DATA/BTC,1567006179651,2019-08-28T15:29:39.651Z,sell,1.19e-06,643.0,0.00076517
DATA/BTC,1567006179674,2019-08-28T15:29:39.674Z,sell,1.19e-06,641.0,0.00076279
DATA/BTC,1567006498919,2019-08-28T15:34:58.919Z,sell,1.19e-06,134.0,0.00015946
DATA/BTC,1567007990147,2019-08-28T15:59:50.147Z,sell,1.19e-06,14344.0,0.01706936
DATA/BTC,1567007990147,2019-08-28T15:59:50.147Z,sell,1.18e-06,40656.0,0.0479740799999999
DATA/BTC,1567007991832,2019-08-28T15:59:51.832Z,sell,1.18e-06,133.0,0.00015694
DATA/BTC,1567007991832,2019-08-28T15:59:51.832Z,sell,1.18e-06,133.0,0.00015694
DATA/BTC,1567011382041,2019-08-28T16:56:22.041Z,sell,1.18e-06,1776.0,0.00209568
DATA/BTC,1567011382041,2019-08-28T16:56:22.041Z,sell,1.18e-06,1776.0,0.00209568
DATA/BTC,1567011906526,2019-08-28T17:05:06.526Z,sell,1.18e-06,8934.0,0.0105421199999999
DATA/BTC,1567012059846,2019-08-28T17:07:39.846Z,sell,1.18e-06,6072.0,0.00716496
DATA/BTC,1567012323199,2019-08-28T17:12:03.199Z,sell,1.18e-06,31528.0,0.03720304
DATA/BTC,1567012333318,2019-08-28T17:12:13.318Z,sell,1.18e-06,33194.0,0.0391689199999999
DATA/BTC,1567012524528,2019-08-28T17:15:24.528Z,sell,1.18e-06,27220.0,0.0321196
DATA/BTC,1567012568522,2019-08-28T17:16:08.522Z,sell,1.18e-06,450.0,0.000531
DATA/BTC,1567013834868,2019-08-28T17:37:14.868Z,sell,1.18e-06,108957.0,0.12856926
DATA/BTC,1567013944253,2019-08-28T17:39:04.253Z,sell,1.18e-06,8500.0,0.0100299999999999
DATA/BTC,1567014000885,2019-08-28T17:40:00.885Z,sell,1.18e-06,63925.0,0.0754315
DATA/BTC,1567014107618,2019-08-28T17:41:47.618Z,sell,1.18e-06,50000.0,0.059
DATA/BTC,1567014156480,2019-08-28T17:42:36.480Z,sell,1.18e-06,35950.0,0.042421
DATA/BTC,1567014192156,2019-08-28T17:43:12.156Z,sell,1.18e-06,100.0,0.000118
DATA/BTC,1567014194441,2019-08-28T17:43:14.441Z,sell,1.18e-06,100.0,0.000118
DATA/BTC,1567014195772,2019-08-28T17:43:15.772Z,sell,1.18e-06,100.0,0.000118
DATA/BTC,1567014200584,2019-08-28T17:43:20.584Z,sell,1.18e-06,100.0,0.000118
DATA/BTC,1567014205857,2019-08-28T17:43:25.857Z,sell,1.18e-06,100.0,0.000118
DATA/BTC,1567014208153,2019-08-28T17:43:28.153Z,sell,1.18e-06,245069.0,0.2891814199999999
DATA/BTC,1567014212625,2019-08-28T17:43:32.625Z,sell,1.18e-06,105212.0,0.12415016
DATA/BTC,1567014224591,2019-08-28T17:43:44.591Z,buy,1.18e-06,2031.0,0.0023965799999999
DATA/BTC,1567014595253,2019-08-28T17:49:55.253Z,sell,1.17e-06,39960.0,0.0467532
DATA/BTC,1567014595253,2019-08-28T17:49:55.253Z,sell,1.17e-06,126.0,0.00014742
DATA/BTC,1567014595253,2019-08-28T17:49:55.253Z,sell,1.16e-06,123.0,0.0001426799999999
DATA/BTC,1567014598451,2019-08-28T17:49:58.451Z,sell,1.17e-06,3000.0,0.00351
DATA/BTC,1567014598598,2019-08-28T17:49:58.598Z,sell,1.17e-06,3000.0,0.00351
DATA/BTC,1567014598966,2019-08-28T17:49:58.966Z,sell,1.17e-06,5000.0,0.00585
DATA/BTC,1567014598981,2019-08-28T17:49:58.981Z,sell,1.17e-06,3000.0,0.00351
DATA/BTC,1567014600645,2019-08-28T17:50:00.645Z,sell,1.17e-06,1226.0,0.00143442
DATA/BTC,1567014608289,2019-08-28T17:50:08.289Z,sell,1.17e-06,1709.0,0.00199953
DATA/BTC,1567014626171,2019-08-28T17:50:26.171Z,sell,1.17e-06,1176.0,0.00137592
DATA/BTC,1567014681356,2019-08-28T17:51:21.356Z,sell,1.17e-06,757.0,0.00088569
DATA/BTC,1567014681573,2019-08-28T17:51:21.573Z,sell,1.17e-06,757.0,0.00088569
DATA/BTC,1567014681780,2019-08-28T17:51:21.780Z,sell,1.17e-06,757.0,0.00088569
DATA/BTC,1567014681863,2019-08-28T17:51:21.863Z,sell,1.17e-06,757.0,0.00088569
DATA/BTC,1567014681964,2019-08-28T17:51:21.964Z,sell,1.17e-06,757.0,0.00088569
DATA/BTC,1567014682056,2019-08-28T17:51:22.056Z,sell,1.17e-06,757.0,0.00088569
DATA/BTC,1567014682174,2019-08-28T17:51:22.174Z,sell,1.17e-06,757.0,0.00088569
DATA/BTC,1567014682271,2019-08-28T17:51:22.271Z,sell,1.17e-06,757.0,0.00088569
DATA/BTC,1567014682595,2019-08-28T17:51:22.595Z,sell,1.17e-06,757.0,0.00088569
DATA/BTC,1567014682709,2019-08-28T17:51:22.709Z,sell,1.17e-06,748.0,0.00087516
DATA/BTC,1567014704255,2019-08-28T17:51:44.255Z,sell,1.17e-06,1356.0,0.00158652
DATA/BTC,1567014704255,2019-08-28T17:51:44.255Z,sell,1.17e-06,1356.0,0.00158652
DATA/BTC,1567015208923,2019-08-28T18:00:08.923Z,sell,1.17e-06,493.0,0.00057681
DATA/BTC,1567015393447,2019-08-28T18:03:13.447Z,buy,1.18e-06,4135.0,0.0048793
DATA/BTC,1567015393538,2019-08-28T18:03:13.538Z,sell,1.17e-06,4532.0,0.00530244
DATA/BTC,1567015394114,2019-08-28T18:03:14.114Z,sell,1.16e-06,5211.0,0.00604476
DATA/BTC,1567015407662,2019-08-28T18:03:27.662Z,buy,1.17e-06,910.0,0.0010647
DATA/BTC,1567015422017,2019-08-28T18:03:42.017Z,buy,1.17e-06,1092.0,0.00127764
DATA/BTC,1567015430544,2019-08-28T18:03:50.544Z,sell,1.16e-06,381.0,0.00044196
DATA/BTC,1567015435852,2019-08-28T18:03:55.852Z,sell,1.16e-06,55000.0,0.0638
DATA/BTC,1567015435856,2019-08-28T18:03:55.856Z,sell,1.16e-06,55973.0,0.0649286799999999
DATA/BTC,1567015435890,2019-08-28T18:03:55.890Z,sell,1.16e-06,57900.0,0.0671639999999999
DATA/BTC,1567015445365,2019-08-28T18:04:05.365Z,buy,1.17e-06,685.0,0.00080145
DATA/BTC,1567015449338,2019-08-28T18:04:09.338Z,buy,1.17e-06,8130.0,0.0095121
DATA/BTC,1567015459210,2019-08-28T18:04:19.210Z,buy,1.17e-06,4570.0,0.0053469
DATA/BTC,1567015461029,2019-08-28T18:04:21.029Z,sell,1.16e-06,98.0,0.00011368
DATA/BTC,1567015475023,2019-08-28T18:04:35.023Z,buy,1.17e-06,1190.0,0.0013923
DATA/BTC,1567015524555,2019-08-28T18:05:24.555Z,sell,1.16e-06,2508.0,0.0029092799999999
DATA/BTC,1567015524688,2019-08-28T18:05:24.688Z,sell,1.16e-06,29090.0,0.0337443999999999
DATA/BTC,1567015524815,2019-08-28T18:05:24.815Z,sell,1.16e-06,50000.0,0.0579999999999999
DATA/BTC,1567015773016,2019-08-28T18:09:33.016Z,buy,1.17e-06,1773.0,0.00207441
DATA/BTC,1567016047519,2019-08-28T18:14:07.519Z,buy,1.17e-06,1718.0,0.00201006
DATA/BTC,1567016076627,2019-08-28T18:14:36.627Z,sell,1.16e-06,1718.0,0.00199288
DATA/BTC,1567016269737,2019-08-28T18:17:49.737Z,sell,1.16e-06,2000.0,0.00232
DATA/BTC,1567016269744,2019-08-28T18:17:49.744Z,sell,1.16e-06,6000.0,0.0069599999999999
DATA/BTC,1567016269771,2019-08-28T18:17:49.771Z,sell,1.16e-06,2000.0,0.00232
DATA/BTC,1567016269776,2019-08-28T18:17:49.776Z,sell,1.16e-06,6000.0,0.0069599999999999
DATA/BTC,1567016269821,2019-08-28T18:17:49.821Z,sell,1.16e-06,2000.0,0.00232
DATA/BTC,1567016269825,2019-08-28T18:17:49.825Z,sell,1.16e-06,6000.0,0.0069599999999999
DATA/BTC,1567016291290,2019-08-28T18:18:11.290Z,sell,1.16e-06,30120.0,0.0349392
DATA/BTC,1567016296912,2019-08-28T18:18:16.912Z,buy,1.16e-06,1403.0,0.00162748
DATA/BTC,1567016297442,2019-08-28T18:18:17.442Z,buy,1.17e-06,3943.0,0.00461331
DATA/BTC,1567016317331,2019-08-28T18:18:37.331Z,sell,1.15e-06,1006.0,0.0011569
DATA/BTC,1567016317331,2019-08-28T18:18:37.331Z,sell,1.15e-06,3294.0,0.0037881
DATA/BTC,1567016317331,2019-08-28T18:18:37.331Z,sell,1.15e-06,27309.0,0.03140535
DATA/BTC,1567016317331,2019-08-28T18:18:37.331Z,sell,1.15e-06,11839.0,0.01361485
DATA/BTC,1567016317331,2019-08-28T18:18:37.331Z,sell,1.15e-06,851.0,0.00097865
DATA/BTC,1567016317331,2019-08-28T18:18:37.331Z,sell,1.14e-06,2787.0,0.00317718
DATA/BTC,1567016317331,2019-08-28T18:18:37.331Z,sell,1.14e-06,1333.0,0.00151962
DATA/BTC,1567016317620,2019-08-28T18:18:37.620Z,buy,1.15e-06,834.0,0.0009591
DATA/BTC,1567016317678,2019-08-28T18:18:37.678Z,buy,1.15e-06,20321.0,0.02336915
DATA/BTC,1567016323503,2019-08-28T18:18:43.503Z,sell,1.15e-06,1739.0,0.00199985
DATA/BTC,1567016337721,2019-08-28T18:18:57.721Z,sell,1.15e-06,839.0,0.00096485
DATA/BTC,1567016346404,2019-08-28T18:19:06.404Z,buy,1.16e-06,1077.0,0.00124932
DATA/BTC,1567016346764,2019-08-28T18:19:06.764Z,sell,1.16e-06,2371.0,0.00275036
DATA/BTC,1567016389399,2019-08-28T18:19:49.399Z,buy,1.16e-06,300.0,0.0003479999999999
DATA/BTC,1567016391424,2019-08-28T18:19:51.424Z,sell,1.15e-06,300.0,0.000345
DATA/BTC,1567016412092,2019-08-28T18:20:12.092Z,buy,1.16e-06,87.0,0.0001009199999999
DATA/BTC,1567016440287,2019-08-28T18:20:40.287Z,buy,1.16e-06,431.0,0.0004999599999999
DATA/BTC,1567016541509,2019-08-28T18:22:21.509Z,buy,1.16e-06,176.0,0.00020416
DATA/BTC,1567016575485,2019-08-28T18:22:55.485Z,buy,1.16e-06,388.0,0.0004500799999999
DATA/BTC,1567016581156,2019-08-28T18:23:01.156Z,sell,1.15e-06,80645.0,0.09274175
DATA/BTC,1567016626897,2019-08-28T18:23:46.897Z,buy,1.16e-06,391.0,0.00045356
DATA/BTC,1567016992576,2019-08-28T18:29:52.576Z,buy,1.16e-06,1793.0,0.0020798799999999
DATA/BTC,1567016992576,2019-08-28T18:29:52.576Z,buy,1.17e-06,6827.0,0.00798759
DATA/BTC,1567016994372,2019-08-28T18:29:54.372Z,buy,1.16e-06,884.0,0.0010254399999999
DATA/BTC,1567016995706,2019-08-28T18:29:55.706Z,buy,1.16e-06,152.0,0.00017632
DATA/BTC,1567017292896,2019-08-28T18:34:52.896Z,buy,1.17e-06,101.0,0.00011817
DATA/BTC,1567017830271,2019-08-28T18:43:50.271Z,sell,1.16e-06,81671.0,0.09473836
DATA/BTC,1567017892382,2019-08-28T18:44:52.382Z,buy,1.16e-06,922.0,0.00106952
DATA/BTC,1567017998555,2019-08-28T18:46:38.555Z,sell,1.15e-06,36670.0,0.0421705
DATA/BTC,1567018165605,2019-08-28T18:49:25.605Z,buy,1.16e-06,452.0,0.00052432
DATA/BTC,1567018167197,2019-08-28T18:49:27.197Z,buy,1.16e-06,1793.0,0.0020798799999999
DATA/BTC,1567018167197,2019-08-28T18:49:27.197Z,buy,1.16e-06,1793.0,0.0020798799999999
DATA/BTC,1567018382785,2019-08-28T18:53:02.785Z,buy,1.17e-06,28000.0,0.03276
DATA/BTC,1567018383168,2019-08-28T18:53:03.168Z,buy,1.17e-06,26961.0,0.03154437
DATA/BTC,1567018383706,2019-08-28T18:53:03.706Z,buy,1.17e-06,13039.0,0.01525563
DATA/BTC,1567018386370,2019-08-28T18:53:06.370Z,sell,1.16e-06,152.0,0.00017632
DATA/BTC,1567018422968,2019-08-28T18:53:42.968Z,buy,1.16e-06,300.0,0.0003479999999999
DATA/BTC,1567018423946,2019-08-28T18:53:43.946Z,buy,1.16e-06,277.0,0.00032132
DATA/BTC,1567018427029,2019-08-28T18:53:47.029Z,sell,1.15e-06,440.0,0.000506
DATA/BTC,1567018427029,2019-08-28T18:53:47.029Z,sell,1.14e-06,2279.0,0.00259806
DATA/BTC,1567018480676,2019-08-28T18:54:40.676Z,sell,1.14e-06,1692.0,0.00192888
DATA/BTC,1567018492935,2019-08-28T18:54:52.935Z,sell,1.14e-06,1677.0,0.00191178
DATA/BTC,1567018525901,2019-08-28T18:55:25.901Z,buy,1.16e-06,517.0,0.00059972
DATA/BTC,1567018527929,2019-08-28T18:55:27.929Z,sell,1.15e-06,152.0,0.0001748
DATA/BTC,1567018530797,2019-08-28T18:55:30.797Z,buy,1.15e-06,1647.0,0.00189405
DATA/BTC,1567018530994,2019-08-28T18:55:30.994Z,sell,1.15e-06,101.0,0.00011615
DATA/BTC,1567018531155,2019-08-28T18:55:31.155Z,sell,1.15e-06,101.0,0.00011615
DATA/BTC,1567018531262,2019-08-28T18:55:31.262Z,sell,1.15e-06,101.0,0.00011615
DATA/BTC,1567018531359,2019-08-28T18:55:31.359Z,sell,1.15e-06,101.0,0.00011615
DATA/BTC,1567018531488,2019-08-28T18:55:31.488Z,sell,1.15e-06,101.0,0.00011615
DATA/BTC,1567018531604,2019-08-28T18:55:31.604Z,sell,1.15e-06,101.0,0.00011615
DATA/BTC,1567018531707,2019-08-28T18:55:31.707Z,sell,1.15e-06,101.0,0.00011615
DATA/BTC,1567018531787,2019-08-28T18:55:31.787Z,sell,1.15e-06,101.0,0.00011615
DATA/BTC,1567018531885,2019-08-28T18:55:31.885Z,sell,1.15e-06,9.0,1.035e-05
DATA/BTC,1567018533138,2019-08-28T18:55:33.138Z,buy,1.15e-06,92.0,0.0001058
DATA/BTC,1567018534017,2019-08-28T18:55:34.017Z,sell,1.15e-06,101.0,0.00011615
DATA/BTC,1567018534123,2019-08-28T18:55:34.123Z,sell,1.15e-06,101.0,0.00011615
DATA/BTC,1567018534222,2019-08-28T18:55:34.222Z,sell,1.15e-06,101.0,0.00011615
DATA/BTC,1567018534318,2019-08-28T18:55:34.318Z,sell,1.15e-06,101.0,0.00011615
DATA/BTC,1567018534428,2019-08-28T18:55:34.428Z,sell,1.15e-06,101.0,0.00011615
DATA/BTC,1567018534602,2019-08-28T18:55:34.602Z,sell,1.15e-06,101.0,0.00011615
DATA/BTC,1567018534700,2019-08-28T18:55:34.700Z,sell,1.15e-06,101.0,0.00011615
DATA/BTC,1567018534814,2019-08-28T18:55:34.814Z,sell,1.15e-06,101.0,0.00011615
DATA/BTC,1567018534930,2019-08-28T18:55:34.930Z,sell,1.15e-06,101.0,0.00011615
DATA/BTC,1567018535030,2019-08-28T18:55:35.030Z,sell,1.15e-06,101.0,0.00011615
DATA/BTC,1567018535129,2019-08-28T18:55:35.129Z,sell,1.15e-06,101.0,0.00011615
DATA/BTC,1567018535217,2019-08-28T18:55:35.217Z,sell,1.15e-06,101.0,0.00011615
DATA/BTC,1567018535334,2019-08-28T18:55:35.334Z,sell,1.15e-06,101.0,0.00011615
DATA/BTC,1567018535440,2019-08-28T18:55:35.440Z,sell,1.15e-06,101.0,0.00011615
DATA/BTC,1567018535521,2019-08-28T18:55:35.521Z,sell,1.15e-06,101.0,0.00011615
DATA/BTC,1567018535626,2019-08-28T18:55:35.626Z,sell,1.15e-06,101.0,0.00011615
DATA/BTC,1567018535743,2019-08-28T18:55:35.743Z,sell,1.15e-06,101.0,0.00011615
DATA/BTC,1567018535849,2019-08-28T18:55:35.849Z,sell,1.15e-06,101.0,0.00011615
DATA/BTC,1567018535933,2019-08-28T18:55:35.933Z,sell,1.15e-06,101.0,0.00011615
DATA/BTC,1567018536038,2019-08-28T18:55:36.038Z,sell,1.15e-06,101.0,0.00011615
DATA/BTC,1567018536125,2019-08-28T18:55:36.125Z,sell,1.15e-06,101.0,0.00011615
DATA/BTC,1567018536241,2019-08-28T18:55:36.241Z,sell,1.15e-06,101.0,0.00011615
DATA/BTC,1567018536369,2019-08-28T18:55:36.369Z,sell,1.15e-06,101.0,0.00011615
DATA/BTC,1567018536550,2019-08-28T18:55:36.550Z,sell,1.15e-06,101.0,0.00011615
DATA/BTC,1567018536654,2019-08-28T18:55:36.654Z,sell,1.15e-06,101.0,0.00011615
DATA/BTC,1567018536759,2019-08-28T18:55:36.759Z,sell,1.15e-06,101.0,0.00011615
DATA/BTC,1567018536877,2019-08-28T18:55:36.877Z,sell,1.15e-06,101.0,0.00011615
DATA/BTC,1567018536984,2019-08-28T18:55:36.984Z,sell,1.15e-06,101.0,0.00011615
DATA/BTC,1567018537088,2019-08-28T18:55:37.088Z,sell,1.15e-06,101.0,0.00011615
DATA/BTC,1567018537197,2019-08-28T18:55:37.197Z,sell,1.15e-06,101.0,0.00011615
DATA/BTC,1567018537279,2019-08-28T18:55:37.279Z,sell,1.15e-06,101.0,0.00011615
DATA/BTC,1567018545785,2019-08-28T18:55:45.785Z,sell,1.15e-06,101.0,0.00011615
DATA/BTC,1567018554623,2019-08-28T18:55:54.623Z,buy,1.16e-06,440.0,0.0005103999999999
DATA/BTC,1567018584140,2019-08-28T18:56:24.140Z,sell,1.16e-06,167.0,0.0001937199999999
DATA/BTC,1567018598116,2019-08-28T18:56:38.116Z,buy,1.16e-06,3157.0,0.0036621199999999
DATA/BTC,1567018598116,2019-08-28T18:56:38.116Z,buy,1.17e-06,2343.0,0.00274131
DATA/BTC,1567018600435,2019-08-28T18:56:40.435Z,buy,1.16e-06,152.0,0.00017632
DATA/BTC,1567018899679,2019-08-28T19:01:39.679Z,buy,1.16e-06,3213.0,0.00372708
DATA/BTC,1567018899784,2019-08-28T19:01:39.784Z,buy,1.16e-06,3213.0,0.00372708
DATA/BTC,1567018900669,2019-08-28T19:01:40.669Z,buy,1.16e-06,3213.0,0.00372708
DATA/BTC,1567018900674,2019-08-28T19:01:40.674Z,buy,1.16e-06,3200.0,0.0037119999999999
DATA/BTC,1567018900728,2019-08-28T19:01:40.728Z,buy,1.16e-06,964.0,0.00111824
DATA/BTC,1567018904718,2019-08-28T19:01:44.718Z,buy,1.16e-06,720.0,0.0008351999999999
DATA/BTC,1567018930868,2019-08-28T19:02:10.868Z,sell,1.15e-06,452.0,0.0005198
DATA/BTC,1567018930868,2019-08-28T19:02:10.868Z,sell,1.14e-06,268.0,0.00030552
DATA/BTC,1567019078123,2019-08-28T19:04:38.123Z,buy,1.16e-06,110.0,0.0001275999999999
DATA/BTC,1567019106760,2019-08-28T19:05:06.760Z,buy,1.16e-06,2300.0,0.002668
DATA/BTC,1567019221462,2019-08-28T19:07:01.462Z,buy,1.17e-06,6999.0,0.00818883
DATA/BTC,1567019222469,2019-08-28T19:07:02.469Z,buy,1.17e-06,6999.0,0.00818883
DATA/BTC,1567019222748,2019-08-28T19:07:02.748Z,buy,1.17e-06,3001.0,0.00351117
DATA/BTC,1567019244335,2019-08-28T19:07:24.335Z,buy,1.17e-06,26928.0,0.03150576
DATA/BTC,1567019405302,2019-08-28T19:10:05.302Z,buy,1.18e-06,8474.0,0.0099993199999999
DATA/BTC,1567019423573,2019-08-28T19:10:23.573Z,sell,1.17e-06,152.0,0.00017784
DATA/BTC,1567019434406,2019-08-28T19:10:34.406Z,buy,1.17e-06,300.0,0.000351
DATA/BTC,1567019786806,2019-08-28T19:16:26.806Z,sell,1.16e-06,23322.0,0.0270535199999999
DATA/BTC,1567019786806,2019-08-28T19:16:26.806Z,sell,1.15e-06,256257.0,0.29469555
DATA/BTC,1567019786806,2019-08-28T19:16:26.806Z,sell,1.14e-06,74963.0,0.08545782
DATA/BTC,1567019786806,2019-08-28T19:16:26.806Z,sell,1.13e-06,44528.0,0.0503166399999999
DATA/BTC,1567019786806,2019-08-28T19:16:26.806Z,sell,1.13e-06,2678.0,0.00302614
DATA/BTC,1567019852836,2019-08-28T19:17:32.836Z,sell,1.14e-06,110.0,0.0001254
DATA/BTC,1567019899529,2019-08-28T19:18:19.529Z,buy,1.15e-06,452.0,0.0005198
DATA/BTC,1567019904479,2019-08-28T19:18:24.479Z,sell,1.15e-06,2300.0,0.002645
DATA/BTC,1567020265271,2019-08-28T19:24:25.271Z,sell,1.14e-06,28949.0,0.03300186
DATA/BTC,1567020265348,2019-08-28T19:24:25.348Z,buy,1.14e-06,701.0,0.00079914
DATA/BTC,1567020271667,2019-08-28T19:24:31.667Z,buy,1.15e-06,10028.0,0.0115322
DATA/BTC,1567020273562,2019-08-28T19:24:33.562Z,buy,1.15e-06,10027.0,0.01153105
DATA/BTC,1567020429298,2019-08-28T19:27:09.298Z,buy,1.15e-06,10021.0,0.01152415
DATA/BTC,1567020520422,2019-08-28T19:28:40.422Z,buy,1.15e-06,13248.0,0.0152352
DATA/BTC,1567020551561,2019-08-28T19:29:11.561Z,buy,1.16e-06,11374.0,0.0131938399999999
DATA/BTC,1567020570933,2019-08-28T19:29:30.933Z,sell,1.15e-06,152.0,0.0001748
DATA/BTC,1567020570933,2019-08-28T19:29:30.933Z,sell,1.14e-06,316.0,0.00036024
DATA/BTC,1567020652326,2019-08-28T19:30:52.326Z,sell,1.15e-06,100.0,0.000115
DATA/BTC,1567020670222,2019-08-28T19:31:10.222Z,buy,1.16e-06,60344.0,0.06999904
DATA/BTC,1567021392350,2019-08-28T19:43:12.350Z,buy,1.16e-06,44325.0,0.051417
DATA/BTC,1567021392406,2019-08-28T19:43:12.406Z,sell,1.16e-06,44325.0,0.051417
DATA/BTC,1567021417940,2019-08-28T19:43:37.940Z,sell,1.15e-06,5000.0,0.00575
DATA/BTC,1567021417940,2019-08-28T19:43:37.940Z,sell,1.15e-06,5000.0,0.00575
DATA/BTC,1567022637323,2019-08-28T20:03:57.323Z,sell,1.15e-06,41401.0,0.04761115
DATA/BTC,1567023284461,2019-08-28T20:14:44.461Z,buy,1.16e-06,128.0,0.00014848
DATA/BTC,1567023360857,2019-08-28T20:16:00.857Z,sell,1.15e-06,59730.0,0.0686895
DATA/BTC,1567023406811,2019-08-28T20:16:46.811Z,buy,1.16e-06,381.0,0.00044196
DATA/BTC,1567023407442,2019-08-28T20:16:47.442Z,sell,1.16e-06,20275.0,0.0235189999999999
DATA/BTC,1567023601249,2019-08-28T20:20:01.249Z,buy,1.17e-06,621.0,0.00072657
DATA/BTC,1567024551672,2019-08-28T20:35:51.672Z,buy,1.17e-06,1317.0,0.00154089
DATA/BTC,1567024567042,2019-08-28T20:36:07.042Z,buy,1.17e-06,2000.0,0.00234
DATA/BTC,1567024567042,2019-08-28T20:36:07.042Z,buy,1.17e-06,1037.0,0.00121329
DATA/BTC,1567024672098,2019-08-28T20:37:52.098Z,buy,1.17e-06,2000.0,0.00234
DATA/BTC,1567024672102,2019-08-28T20:37:52.102Z,buy,1.17e-06,925.0,0.00108225
DATA/BTC,1567024672102,2019-08-28T20:37:52.102Z,buy,1.17e-06,925.0,0.00108225
DATA/BTC,1567025092785,2019-08-28T20:44:52.785Z,buy,1.17e-06,300000.0,0.351
DATA/BTC,1567025107172,2019-08-28T20:45:07.172Z,sell,1.16e-06,4292.0,0.00497872
DATA/BTC,1567025158727,2019-08-28T20:45:58.727Z,buy,1.18e-06,8800.0,0.010384
DATA/BTC,1567025159826,2019-08-28T20:45:59.826Z,buy,1.18e-06,8001.0,0.0094411799999999
DATA/BTC,1567025175058,2019-08-28T20:46:15.058Z,buy,1.18e-06,2839.0,0.00335002
DATA/BTC,1567025353970,2019-08-28T20:49:13.970Z,sell,1.17e-06,135.0,0.00015795
DATA/BTC,1567025595285,2019-08-28T20:53:15.285Z,sell,1.17e-06,292.0,0.00034164
DATA/BTC,1567026731495,2019-08-28T21:12:11.495Z,buy,1.18e-06,1809.0,0.00213462
DATA/BTC,1567027212100,2019-08-28T21:20:12.100Z,buy,1.18e-06,11350.0,0.0133929999999999
DATA/BTC,1567027212100,2019-08-28T21:20:12.100Z,buy,1.19e-06,107994.0,0.12851286
DATA/BTC,1567027212386,2019-08-28T21:20:12.386Z,buy,1.2e-06,1999.0,0.0023988
DATA/BTC,1567027212395,2019-08-28T21:20:12.395Z,sell,1.19e-06,6000.0,0.00714
DATA/BTC,1567027212396,2019-08-28T21:20:12.396Z,sell,1.19e-06,2000.0,0.00238
DATA/BTC,1567027212398,2019-08-28T21:20:12.398Z,buy,1.2e-06,4001.0,0.0048011999999999
DATA/BTC,1567027212434,2019-08-28T21:20:12.434Z,buy,1.2e-06,1999.0,0.0023988
DATA/BTC,1567027212627,2019-08-28T21:20:12.627Z,sell,1.19e-06,2000.0,0.00238
DATA/BTC,1567027212641,2019-08-28T21:20:12.641Z,buy,1.2e-06,2000.0,0.0024
DATA/BTC,1567027212683,2019-08-28T21:20:12.683Z,buy,1.2e-06,5999.0,0.0071988
DATA/BTC,1567027245585,2019-08-28T21:20:45.585Z,buy,1.2e-06,3706.0,0.0044472
DATA/BTC,1567027250153,2019-08-28T21:20:50.153Z,sell,1.19e-06,607.0,0.00072233
DATA/BTC,1567027254315,2019-08-28T21:20:54.315Z,sell,1.19e-06,390.0,0.0004641
DATA/BTC,1567027269366,2019-08-28T21:21:09.366Z,buy,1.2e-06,4815.0,0.005778
DATA/BTC,1567027269395,2019-08-28T21:21:09.395Z,sell,1.2e-06,2999.0,0.0035987999999999
DATA/BTC,1567027269400,2019-08-28T21:21:09.400Z,sell,1.2e-06,4454.0,0.0053447999999999
DATA/BTC,1567027269810,2019-08-28T21:21:09.810Z,sell,1.2e-06,5858.0,0.0070295999999999
DATA/BTC,1567027269819,2019-08-28T21:21:09.819Z,sell,1.2e-06,5858.0,0.0070295999999999
DATA/BTC,1567027272816,2019-08-28T21:21:12.816Z,sell,1.2e-06,7453.0,0.0089436
DATA/BTC,1567027272830,2019-08-28T21:21:12.830Z,sell,1.2e-06,7453.0,0.0089436
DATA/BTC,1567027275838,2019-08-28T21:21:15.838Z,sell,1.2e-06,5858.0,0.0070295999999999
DATA/BTC,1567027275840,2019-08-28T21:21:15.840Z,sell,1.2e-06,5858.0,0.0070295999999999
DATA/BTC,1567027278836,2019-08-28T21:21:18.836Z,sell,1.2e-06,7453.0,0.0089436
DATA/BTC,1567027278841,2019-08-28T21:21:18.841Z,sell,1.2e-06,7453.0,0.0089436
DATA/BTC,1567027281839,2019-08-28T21:21:21.839Z,sell,1.2e-06,5858.0,0.0070295999999999
DATA/BTC,1567027281843,2019-08-28T21:21:21.843Z,sell,1.2e-06,5858.0,0.0070295999999999
DATA/BTC,1567027285347,2019-08-28T21:21:25.347Z,sell,1.2e-06,7453.0,0.0089436
DATA/BTC,1567027285350,2019-08-28T21:21:25.350Z,sell,1.2e-06,7453.0,0.0089436
DATA/BTC,1567027289059,2019-08-28T21:21:29.059Z,sell,1.2e-06,1734.0,0.0020808
DATA/BTC,1567027304076,2019-08-28T21:21:44.076Z,buy,1.21e-06,37682.0,0.04559522
DATA/BTC,1567027330177,2019-08-28T21:22:10.177Z,buy,1.21e-06,132000.0,0.15972
DATA/BTC,1567027335926,2019-08-28T21:22:15.926Z,buy,1.21e-06,8443.0,0.01021603
DATA/BTC,1567027336813,2019-08-28T21:22:16.813Z,buy,1.21e-06,65770.0,0.0795817
DATA/BTC,1567027336813,2019-08-28T21:22:16.813Z,buy,1.22e-06,64083.0,0.07818126
DATA/BTC,1567027337210,2019-08-28T21:22:17.210Z,buy,1.22e-06,799.0,0.00097478
DATA/BTC,1567027337277,2019-08-28T21:22:17.277Z,buy,1.22e-06,1201.0,0.00146522
DATA/BTC,1567027337277,2019-08-28T21:22:17.277Z,buy,1.22e-06,4799.0,0.0058547799999999
DATA/BTC,1567027339830,2019-08-28T21:22:19.830Z,buy,1.22e-06,70823.0,0.0864040599999999
DATA/BTC,1567027340442,2019-08-28T21:22:20.442Z,sell,1.21e-06,11917.0,0.01441957
DATA/BTC,1567027340467,2019-08-28T21:22:20.467Z,sell,1.2e-06,11241.0,0.0134892
DATA/BTC,1567027341538,2019-08-28T21:22:21.538Z,buy,1.21e-06,454.0,0.00054934
DATA/BTC,1567027344267,2019-08-28T21:22:24.267Z,buy,1.21e-06,300.0,0.000363
DATA/BTC,1567027362617,2019-08-28T21:22:42.617Z,buy,1.21e-06,11241.0,0.01360161
DATA/BTC,1567027362617,2019-08-28T21:22:42.617Z,buy,1.22e-06,118612.0,0.14470664
DATA/BTC,1567027363705,2019-08-28T21:22:43.705Z,sell,1.21e-06,11132.0,0.01346972
DATA/BTC,1567027363713,2019-08-28T21:22:43.713Z,sell,1.21e-06,5007.0,0.00605847
DATA/BTC,1567027363746,2019-08-28T21:22:43.746Z,sell,1.21e-06,2226.0,0.00269346
DATA/BTC,1567027363768,2019-08-28T21:22:43.768Z,sell,1.2e-06,2226.0,0.0026712
DATA/BTC,1567027364713,2019-08-28T21:22:44.713Z,buy,1.21e-06,152.0,0.00018392
DATA/BTC,1567027399671,2019-08-28T21:23:19.671Z,buy,1.21e-06,9961.0,0.01205281
DATA/BTC,1567027399671,2019-08-28T21:23:19.671Z,buy,1.22e-06,207608.0,0.2532817599999999
DATA/BTC,1567027399689,2019-08-28T21:23:19.689Z,sell,1.22e-06,29457.0,0.03593754
DATA/BTC,1567027399692,2019-08-28T21:23:19.692Z,sell,1.22e-06,29457.0,0.03593754
DATA/BTC,1567027399692,2019-08-28T21:23:19.692Z,sell,1.22e-06,18082.0,0.02206004
DATA/BTC,1567027399710,2019-08-28T21:23:19.710Z,buy,1.23e-06,47539.0,0.05847297
DATA/BTC,1567027403409,2019-08-28T21:23:23.409Z,buy,1.22e-06,152.0,0.0001854399999999
DATA/BTC,1567027404129,2019-08-28T21:23:24.129Z,buy,1.22e-06,58011.0,0.07077342
DATA/BTC,1567027404129,2019-08-28T21:23:24.129Z,buy,1.23e-06,231803.0,0.28511769
DATA/BTC,1567027404835,2019-08-28T21:23:24.835Z,sell,1.21e-06,3195.0,0.00386595
DATA/BTC,1567027405062,2019-08-28T21:23:25.062Z,sell,1.21e-06,10105.0,0.01222705
DATA/BTC,1567027405803,2019-08-28T21:23:25.803Z,sell,1.21e-06,11012.0,0.01332452
DATA/BTC,1567027405845,2019-08-28T21:23:25.845Z,sell,1.21e-06,9572.0,0.01158212
DATA/BTC,1567027407405,2019-08-28T21:23:27.405Z,buy,1.22e-06,1475.0,0.0017994999999999
DATA/BTC,1567027428997,2019-08-28T21:23:48.997Z,buy,1.21e-06,300.0,0.000363
DATA/BTC,1567027429179,2019-08-28T21:23:49.179Z,sell,1.2e-06,8485.0,0.010182
DATA/BTC,1567027446784,2019-08-28T21:24:06.784Z,sell,1.19e-06,3588.0,0.00426972
DATA/BTC,1567027478163,2019-08-28T21:24:38.163Z,buy,1.2e-06,15495.0,0.018594
DATA/BTC,1567027504521,2019-08-28T21:25:04.521Z,buy,1.2e-06,9667.0,0.0116004
DATA/BTC,1567027509837,2019-08-28T21:25:09.837Z,buy,1.2e-06,23242.0,0.0278904
DATA/BTC,1567027512659,2019-08-28T21:25:12.659Z,buy,1.2e-06,1667.0,0.0020004
DATA/BTC,1567027513009,2019-08-28T21:25:13.009Z,buy,1.2e-06,833.0,0.0009996
DATA/BTC,1567027514131,2019-08-28T21:25:14.131Z,buy,1.21e-06,8333.0,0.01008293
DATA/BTC,1567027514184,2019-08-28T21:25:14.184Z,buy,1.21e-06,833.0,0.00100793
DATA/BTC,1567027514191,2019-08-28T21:25:14.191Z,buy,1.21e-06,1667.0,0.00201707
DATA/BTC,1567027514839,2019-08-28T21:25:14.839Z,buy,1.21e-06,8333.0,0.01008293
DATA/BTC,1567027514996,2019-08-28T21:25:14.996Z,buy,1.21e-06,3333.0,0.00403293
DATA/BTC,1567027515376,2019-08-28T21:25:15.376Z,buy,1.21e-06,15417.0,0.01865457
DATA/BTC,1567027516741,2019-08-28T21:25:16.741Z,buy,1.21e-06,8333.0,0.01008293
DATA/BTC,1567027517153,2019-08-28T21:25:17.153Z,buy,1.21e-06,4167.0,0.00504207
DATA/BTC,1567027517419,2019-08-28T21:25:17.419Z,buy,1.21e-06,4167.0,0.00504207
DATA/BTC,1567027517554,2019-08-28T21:25:17.554Z,buy,1.21e-06,8333.0,0.01008293
DATA/BTC,1567027527789,2019-08-28T21:25:27.789Z,sell,1.2e-06,300.0,0.0003599999999999
DATA/BTC,1567027530411,2019-08-28T21:25:30.411Z,buy,1.22e-06,10000.0,0.0121999999999999
DATA/BTC,1567027557366,2019-08-28T21:25:57.366Z,sell,1.21e-06,1369.0,0.00165649
DATA/BTC,1567027559385,2019-08-28T21:25:59.385Z,buy,1.22e-06,8333.0,0.01016626
DATA/BTC,1567027560696,2019-08-28T21:26:00.696Z,buy,1.22e-06,8196.0,0.00999912
DATA/BTC,1567027582677,2019-08-28T21:26:22.677Z,buy,1.22e-06,289814.0,0.35357308
DATA/BTC,1567027586741,2019-08-28T21:26:26.741Z,buy,1.22e-06,150318.0,0.18338796
DATA/BTC,1567027586741,2019-08-28T21:26:26.741Z,buy,1.23e-06,139496.0,0.17158008
DATA/BTC,1567027586992,2019-08-28T21:26:26.992Z,buy,1.23e-06,2000.0,0.00246
DATA/BTC,1567027587159,2019-08-28T21:26:27.159Z,buy,1.23e-06,2000.0,0.00246
DATA/BTC,1567027587167,2019-08-28T21:26:27.167Z,buy,1.23e-06,4000.0,0.00492
DATA/BTC,1567027589027,2019-08-28T21:26:29.027Z,sell,1.22e-06,99.0,0.0001207799999999
DATA/BTC,1567027590713,2019-08-28T21:26:30.713Z,buy,1.23e-06,289814.0,0.35647122
DATA/BTC,1567027592918,2019-08-28T21:26:32.918Z,buy,1.23e-06,4929.0,0.00606267
DATA/BTC,1567027604795,2019-08-28T21:26:44.795Z,buy,1.23e-06,189517.0,0.23310591
DATA/BTC,1567027604795,2019-08-28T21:26:44.795Z,buy,1.24e-06,95697.0,0.11866428
DATA/BTC,1567027605380,2019-08-28T21:26:45.380Z,sell,1.22e-06,1521.0,0.0018556199999999
DATA/BTC,1567027606538,2019-08-28T21:26:46.538Z,sell,1.21e-06,8333.0,0.01008293
DATA/BTC,1567027607154,2019-08-28T21:26:47.154Z,sell,1.21e-06,15417.0,0.01865457
DATA/BTC,1567027607216,2019-08-28T21:26:47.216Z,sell,1.21e-06,276.0,0.00033396
DATA/BTC,1567027607216,2019-08-28T21:26:47.216Z,sell,1.2e-06,557.0,0.0006684
DATA/BTC,1567027607221,2019-08-28T21:26:47.221Z,sell,1.2e-06,10000.0,0.012
DATA/BTC,1567027607420,2019-08-28T21:26:47.420Z,buy,1.22e-06,152.0,0.0001854399999999
DATA/BTC,1567027608278,2019-08-28T21:26:48.278Z,sell,1.2e-06,4167.0,0.0050003999999999
DATA/BTC,1567027609187,2019-08-28T21:26:49.187Z,sell,1.21e-06,152.0,0.00018392
DATA/BTC,1567027609767,2019-08-28T21:26:49.767Z,buy,1.22e-06,1369.0,0.00167018
DATA/BTC,1567027609807,2019-08-28T21:26:49.807Z,sell,1.22e-06,908.0,0.00110776
DATA/BTC,1567027609850,2019-08-28T21:26:49.850Z,sell,1.21e-06,908.0,0.00109868
DATA/BTC,1567027611838,2019-08-28T21:26:51.838Z,buy,1.22e-06,152.0,0.0001854399999999
DATA/BTC,1567027611870,2019-08-28T21:26:51.870Z,sell,1.22e-06,3126.0,0.00381372
DATA/BTC,1567027611931,2019-08-28T21:26:51.931Z,sell,1.21e-06,3126.0,0.00378246
DATA/BTC,1567027614995,2019-08-28T21:26:54.995Z,buy,1.23e-06,300.0,0.000369
DATA/BTC,1567027616243,2019-08-28T21:26:56.243Z,sell,1.22e-06,300.0,0.000366
DATA/BTC,1567027616469,2019-08-28T21:26:56.469Z,buy,1.23e-06,4960.0,0.0061008
DATA/BTC,1567027616469,2019-08-28T21:26:56.469Z,buy,1.24e-06,278008.0,0.34472992
DATA/BTC,1567027616728,2019-08-28T21:26:56.728Z,buy,1.24e-06,2000.0,0.00248
DATA/BTC,1567027616823,2019-08-28T21:26:56.823Z,sell,1.22e-06,2536.0,0.00309392
DATA/BTC,1567027616912,2019-08-28T21:26:56.912Z,sell,1.22e-06,1074.0,0.00131028
DATA/BTC,1567027616928,2019-08-28T21:26:56.928Z,sell,1.21e-06,1074.0,0.00129954
DATA/BTC,1567027617420,2019-08-28T21:26:57.420Z,buy,1.23e-06,1463.0,0.00179949
DATA/BTC,1567027618129,2019-08-28T21:26:58.129Z,buy,1.22e-06,1449.0,0.00176778
DATA/BTC,1567027618987,2019-08-28T21:26:58.987Z,sell,1.21e-06,300.0,0.000363
DATA/BTC,1567027619097,2019-08-28T21:26:59.097Z,sell,1.21e-06,8333.0,0.01008293
DATA/BTC,1567027619774,2019-08-28T21:26:59.774Z,sell,1.21e-06,1667.0,0.00201707
DATA/BTC,1567027620094,2019-08-28T21:27:00.094Z,buy,1.22e-06,152.0,0.0001854399999999
DATA/BTC,1567027620402,2019-08-28T21:27:00.402Z,buy,1.22e-06,152.0,0.0001854399999999
DATA/BTC,1567027623808,2019-08-28T21:27:03.808Z,sell,1.22e-06,1857.0,0.00226554
DATA/BTC,1567027633735,2019-08-28T21:27:13.735Z,sell,1.22e-06,7431.0,0.00906582
DATA/BTC,1567027634254,2019-08-28T21:27:14.254Z,buy,1.23e-06,8348.0,0.01026804
DATA/BTC,1567027634254,2019-08-28T21:27:14.254Z,buy,1.24e-06,276866.0,0.34331384
DATA/BTC,1567027634626,2019-08-28T21:27:14.626Z,buy,1.24e-06,1742.0,0.00216008
DATA/BTC,1567027634633,2019-08-28T21:27:14.633Z,buy,1.24e-06,5742.0,0.00712008
DATA/BTC,1567027634637,2019-08-28T21:27:14.637Z,buy,1.24e-06,258.0,0.00031992
DATA/BTC,1567027634679,2019-08-28T21:27:14.679Z,sell,1.23e-06,3592.0,0.00441816
DATA/BTC,1567027634726,2019-08-28T21:27:14.726Z,sell,1.23e-06,959.0,0.00117957
DATA/BTC,1567027634769,2019-08-28T21:27:14.769Z,sell,1.23e-06,883.0,0.00108609
DATA/BTC,1567027637098,2019-08-28T21:27:17.098Z,sell,1.23e-06,147.0,0.00018081
DATA/BTC,1567027645956,2019-08-28T21:27:25.956Z,buy,1.24e-06,54693.0,0.06781932
DATA/BTC,1567027645974,2019-08-28T21:27:25.974Z,sell,1.24e-06,87176.0,0.10809824
DATA/BTC,1567027647980,2019-08-28T21:27:27.980Z,buy,1.24e-06,1463.0,0.00181412
DATA/BTC,1567027649514,2019-08-28T21:27:29.514Z,sell,1.23e-06,8333.0,0.01024959
DATA/BTC,1567027650533,2019-08-28T21:27:30.533Z,buy,1.24e-06,32480.0,0.0402752
DATA/BTC,1567027651267,2019-08-28T21:27:31.267Z,sell,1.24e-06,152.0,0.0001884799999999
DATA/BTC,1567027652501,2019-08-28T21:27:32.501Z,sell,1.24e-06,3341.0,0.00414284
DATA/BTC,1567027652501,2019-08-28T21:27:32.501Z,sell,1.22e-06,526.0,0.00064172
DATA/BTC,1567027653956,2019-08-28T21:27:33.956Z,sell,1.23e-06,3278.0,0.00403194
DATA/BTC,1567027654168,2019-08-28T21:27:34.168Z,sell,1.23e-06,922.0,0.00113406
DATA/BTC,1567027654401,2019-08-28T21:27:34.401Z,sell,1.23e-06,1655.0,0.00203565
DATA/BTC,1567027673500,2019-08-28T21:27:53.500Z,sell,1.23e-06,287.0,0.00035301
DATA/BTC,1567027675791,2019-08-28T21:27:55.791Z,buy,1.24e-06,15000.0,0.0186
DATA/BTC,1567027677104,2019-08-28T21:27:57.104Z,buy,1.24e-06,1463.0,0.00181412
DATA/BTC,1567027685653,2019-08-28T21:28:05.653Z,buy,1.24e-06,287.0,0.00035588
DATA/BTC,1567027687268,2019-08-28T21:28:07.268Z,buy,1.25e-06,31525.0,0.03940625
DATA/BTC,1567027687302,2019-08-28T21:28:07.302Z,sell,1.25e-06,10371.0,0.01296375
DATA/BTC,1567027689017,2019-08-28T21:28:09.017Z,buy,1.25e-06,10924.0,0.013655
DATA/BTC,1567027689270,2019-08-28T21:28:09.270Z,sell,1.25e-06,2000.0,0.0025
DATA/BTC,1567027689270,2019-08-28T21:28:09.270Z,buy,1.26e-06,1302.0,0.00164052
DATA/BTC,1567027689387,2019-08-28T21:28:09.387Z,sell,1.25e-06,82.0,0.0001025
DATA/BTC,1567027689585,2019-08-28T21:28:09.585Z,buy,1.26e-06,697.0,0.00087822
DATA/BTC,1567027689600,2019-08-28T21:28:09.600Z,buy,1.26e-06,1303.0,0.00164178
DATA/BTC,1567027689617,2019-08-28T21:28:09.617Z,sell,1.25e-06,2000.0,0.0025
DATA/BTC,1567027689899,2019-08-28T21:28:09.899Z,sell,1.25e-06,5918.0,0.0073975
DATA/BTC,1567027689951,2019-08-28T21:28:09.951Z,buy,1.26e-06,2000.0,0.00252
DATA/BTC,1567027689951,2019-08-28T21:28:09.951Z,sell,1.25e-06,2000.0,0.0025
DATA/BTC,1567027690173,2019-08-28T21:28:10.173Z,sell,1.25e-06,2653.0,0.00331625
DATA/BTC,1567027690267,2019-08-28T21:28:10.267Z,buy,1.26e-06,2000.0,0.00252
DATA/BTC,1567027691170,2019-08-28T21:28:11.170Z,buy,1.26e-06,794.0,0.00100044
DATA/BTC,1567027691195,2019-08-28T21:28:11.195Z,sell,1.25e-06,351.0,0.00043875
DATA/BTC,1567027691745,2019-08-28T21:28:11.745Z,sell,1.25e-06,3333.0,0.00416625
DATA/BTC,1567027692254,2019-08-28T21:28:12.254Z,buy,1.26e-06,66927.0,0.08432802
DATA/BTC,1567027693692,2019-08-28T21:28:13.692Z,buy,1.26e-06,9274.0,0.01168524
DATA/BTC,1567027695278,2019-08-28T21:28:15.278Z,buy,1.26e-06,35934.0,0.04527684
DATA/BTC,1567027699173,2019-08-28T21:28:19.173Z,sell,1.25e-06,152.0,0.00019
DATA/BTC,1567027700112,2019-08-28T21:28:20.112Z,sell,1.24e-06,82.0,0.00010168
DATA/BTC,1567027701090,2019-08-28T21:28:21.090Z,sell,1.24e-06,1667.0,0.00206708
DATA/BTC,1567027702032,2019-08-28T21:28:22.032Z,sell,1.24e-06,833.0,0.0010329199999999
DATA/BTC,1567027702630,2019-08-28T21:28:22.630Z,sell,1.24e-06,8333.0,0.01033292
DATA/BTC,1567027707730,2019-08-28T21:28:27.730Z,sell,1.24e-06,7010.0,0.0086924
DATA/BTC,1567027707799,2019-08-28T21:28:27.799Z,buy,1.24e-06,3231.0,0.00400644
DATA/BTC,1567027708793,2019-08-28T21:28:28.793Z,sell,1.23e-06,3605.0,0.00443415
DATA/BTC,1567027713301,2019-08-28T21:28:33.301Z,sell,1.23e-06,7983.0,0.00981909
DATA/BTC,1567027715629,2019-08-28T21:28:35.629Z,sell,1.23e-06,1088.0,0.00133824
DATA/BTC,1567027716068,2019-08-28T21:28:36.068Z,buy,1.24e-06,152.0,0.0001884799999999
DATA/BTC,1567027716069,2019-08-28T21:28:36.069Z,buy,1.25e-06,1612.0,0.002015
DATA/BTC,1567027722376,2019-08-28T21:28:42.376Z,buy,1.25e-06,14272.0,0.01784
DATA/BTC,1567027725698,2019-08-28T21:28:45.698Z,buy,1.25e-06,1249.0,0.00156125
DATA/BTC,1567027726604,2019-08-28T21:28:46.604Z,buy,1.25e-06,7380.0,0.009225
DATA/BTC,1567027731283,2019-08-28T21:28:51.283Z,buy,1.25e-06,300.0,0.000375
DATA/BTC,1567027734028,2019-08-28T21:28:54.028Z,sell,1.24e-06,300.0,0.000372
DATA/BTC,1567027735981,2019-08-28T21:28:55.981Z,sell,1.24e-06,152.0,0.0001884799999999
DATA/BTC,1567027735981,2019-08-28T21:28:55.981Z,sell,1.23e-06,148.0,0.00018204
DATA/BTC,1567027738078,2019-08-28T21:28:58.078Z,buy,1.24e-06,940.0,0.0011656
DATA/BTC,1567027738506,2019-08-28T21:28:58.506Z,sell,1.23e-06,33607.0,0.04133661
DATA/BTC,1567027742787,2019-08-28T21:29:02.787Z,buy,1.24e-06,3522.0,0.00436728
DATA/BTC,1567027752979,2019-08-28T21:29:12.979Z,sell,1.23e-06,14380.0,0.0176874
DATA/BTC,1567027756819,2019-08-28T21:29:16.819Z,buy,1.23e-06,1099.0,0.00135177
DATA/BTC,1567027758749,2019-08-28T21:29:18.749Z,sell,1.23e-06,29145.0,0.03584835
DATA/BTC,1567027769644,2019-08-28T21:29:29.644Z,buy,1.24e-06,287496.0,0.35649504
DATA/BTC,1567027770781,2019-08-28T21:29:30.781Z,sell,1.23e-06,3522.0,0.00433206
DATA/BTC,1567027778027,2019-08-28T21:29:38.027Z,buy,1.24e-06,220201.0,0.2730492399999999
DATA/BTC,1567027778027,2019-08-28T21:29:38.027Z,buy,1.25e-06,65013.0,0.08126625
DATA/BTC,1567027784761,2019-08-28T21:29:44.761Z,buy,1.25e-06,285214.0,0.3565175
DATA/BTC,1567027796247,2019-08-28T21:29:56.247Z,buy,1.25e-06,222635.0,0.27829375
DATA/BTC,1567027796247,2019-08-28T21:29:56.247Z,buy,1.26e-06,60333.0,0.07601958
DATA/BTC,1567027800883,2019-08-28T21:30:00.883Z,buy,1.26e-06,4349.0,0.00547974
DATA/BTC,1567027810813,2019-08-28T21:30:10.813Z,buy,1.26e-06,3315.0,0.0041769
DATA/BTC,1567027811387,2019-08-28T21:30:11.387Z,buy,1.26e-06,278581.0,0.35101206
DATA/BTC,1567027816755,2019-08-28T21:30:16.755Z,sell,1.25e-06,152.0,0.00019
DATA/BTC,1567027820358,2019-08-28T21:30:20.358Z,sell,1.24e-06,1563.0,0.00193812
DATA/BTC,1567027824122,2019-08-28T21:30:24.122Z,buy,1.24e-06,4936.0,0.00612064
DATA/BTC,1567027826408,2019-08-28T21:30:26.408Z,buy,1.25e-06,3775.0,0.00471875
DATA/BTC,1567027828729,2019-08-28T21:30:28.729Z,buy,1.25e-06,1428.0,0.001785
DATA/BTC,1567027830382,2019-08-28T21:30:30.382Z,buy,1.25e-06,6541.0,0.00817625
DATA/BTC,1567027837030,2019-08-28T21:30:37.030Z,buy,1.25e-06,285214.0,0.3565175
DATA/BTC,1567027855867,2019-08-28T21:30:55.867Z,sell,1.24e-06,2415.0,0.0029946
DATA/BTC,1567027858186,2019-08-28T21:30:58.186Z,buy,1.25e-06,1428.0,0.001785
DATA/BTC,1567027875860,2019-08-28T21:31:15.860Z,sell,1.24e-06,263.0,0.00032612
DATA/BTC,1567027882764,2019-08-28T21:31:22.764Z,sell,1.24e-06,212.0,0.00026288
DATA/BTC,1567027897860,2019-08-28T21:31:37.860Z,buy,1.25e-06,285214.0,0.3565175
DATA/BTC,1567027913294,2019-08-28T21:31:53.294Z,sell,1.24e-06,152.0,0.0001884799999999
DATA/BTC,1567027915790,2019-08-28T21:31:55.790Z,sell,1.23e-06,5924.0,0.00728652
DATA/BTC,1567027919391,2019-08-28T21:31:59.391Z,sell,1.23e-06,21409.0,0.02633307
DATA/BTC,1567027922428,2019-08-28T21:32:02.428Z,sell,1.22e-06,8474.0,0.01033828
DATA/BTC,1567027922923,2019-08-28T21:32:02.923Z,sell,1.22e-06,8620.0,0.0105164
DATA/BTC,1567027929298,2019-08-28T21:32:09.298Z,sell,1.22e-06,51553.0,0.06289466
DATA/BTC,1567027931001,2019-08-28T21:32:11.001Z,buy,1.22e-06,1640.0,0.0020008
DATA/BTC,1567027932429,2019-08-28T21:32:12.429Z,buy,1.22e-06,1640.0,0.0020008
DATA/BTC,1567027933707,2019-08-28T21:32:13.707Z,buy,1.22e-06,1640.0,0.0020008
DATA/BTC,1567027934643,2019-08-28T21:32:14.643Z,buy,1.22e-06,409.0,0.00049898
DATA/BTC,1567027934674,2019-08-28T21:32:14.674Z,buy,1.22e-06,330.0,0.0004026
DATA/BTC,1567027934680,2019-08-28T21:32:14.680Z,buy,1.22e-06,330.0,0.0004026
DATA/BTC,1567027936206,2019-08-28T21:32:16.206Z,buy,1.22e-06,62321.0,0.07603162
DATA/BTC,1567027939177,2019-08-28T21:32:19.177Z,buy,1.22e-06,17256.0,0.02105232
DATA/BTC,1567027942716,2019-08-28T21:32:22.716Z,buy,1.22e-06,82.0,0.00010004
DATA/BTC,1567027944941,2019-08-28T21:32:24.941Z,buy,1.22e-06,20222.0,0.02467084
DATA/BTC,1567027950798,2019-08-28T21:32:30.798Z,buy,1.22e-06,300.0,0.000366
DATA/BTC,1567027956115,2019-08-28T21:32:36.115Z,sell,1.22e-06,11482.0,0.01400804
DATA/BTC,1567027956115,2019-08-28T21:32:36.115Z,sell,1.21e-06,3046.0,0.00368566
DATA/BTC,1567027958469,2019-08-28T21:32:38.469Z,sell,1.22e-06,152.0,0.0001854399999999
DATA/BTC,1567027968784,2019-08-28T21:32:48.784Z,buy,1.23e-06,452.0,0.00055596
DATA/BTC,1567027981142,2019-08-28T21:33:01.142Z,sell,1.23e-06,8130.0,0.0099999
DATA/BTC,1567028016721,2019-08-28T21:33:36.721Z,buy,1.23e-06,7818.0,0.00961614
DATA/BTC,1567028019371,2019-08-28T21:33:39.371Z,sell,1.23e-06,760.0,0.0009348
DATA/BTC,1567028047887,2019-08-28T21:34:07.887Z,sell,1.22e-06,300.0,0.000366
DATA/BTC,1567028056674,2019-08-28T21:34:16.674Z,sell,1.22e-06,452.0,0.0005514399999999
DATA/BTC,1567028082822,2019-08-28T21:34:42.822Z,buy,1.23e-06,3564.0,0.00438372
DATA/BTC,1567028082822,2019-08-28T21:34:42.822Z,buy,1.24e-06,243085.0,0.3014254
DATA/BTC,1567028082822,2019-08-28T21:34:42.822Z,buy,1.25e-06,40847.0,0.05105875
DATA/BTC,1567028085877,2019-08-28T21:34:45.877Z,sell,1.24e-06,152.0,0.0001884799999999
DATA/BTC,1567028102434,2019-08-28T21:35:02.434Z,buy,1.25e-06,285214.0,0.3565175
DATA/BTC,1567028128546,2019-08-28T21:35:28.546Z,sell,1.24e-06,152.0,0.0001884799999999
DATA/BTC,1567028131853,2019-08-28T21:35:31.853Z,sell,1.23e-06,48496.0,0.05965008
DATA/BTC,1567028132772,2019-08-28T21:35:32.772Z,buy,1.23e-06,3508.0,0.00431484
DATA/BTC,1567028132811,2019-08-28T21:35:32.811Z,buy,1.23e-06,3063.0,0.00376749
DATA/BTC,1567028137505,2019-08-28T21:35:37.505Z,buy,1.23e-06,300.0,0.000369
DATA/BTC,1567028139236,2019-08-28T21:35:39.236Z,buy,1.23e-06,300.0,0.000369
DATA/BTC,1567028142789,2019-08-28T21:35:42.789Z,sell,1.22e-06,3515.0,0.0042883
DATA/BTC,1567028146045,2019-08-28T21:35:46.045Z,sell,1.22e-06,18523.0,0.02259806
DATA/BTC,1567028151796,2019-08-28T21:35:51.796Z,buy,1.22e-06,3042.0,0.0037112399999999
DATA/BTC,1567028151860,2019-08-28T21:35:51.860Z,buy,1.22e-06,330.0,0.0004026
DATA/BTC,1567028151985,2019-08-28T21:35:51.985Z,buy,1.22e-06,330.0,0.0004026
DATA/BTC,1567028152071,2019-08-28T21:35:52.071Z,buy,1.22e-06,330.0,0.0004026
DATA/BTC,1567028153235,2019-08-28T21:35:53.235Z,buy,1.22e-06,9698.0,0.01183156
DATA/BTC,1567028157121,2019-08-28T21:35:57.121Z,buy,1.22e-06,17092.0,0.02085224
DATA/BTC,1567028194587,2019-08-28T21:36:34.587Z,sell,1.22e-06,1247.0,0.00152134
DATA/BTC,1567028194614,2019-08-28T21:36:34.614Z,sell,1.22e-06,704.0,0.00085888
DATA/BTC,1567028194619,2019-08-28T21:36:34.619Z,sell,1.22e-06,704.0,0.00085888
DATA/BTC,1567028196571,2019-08-28T21:36:36.571Z,sell,1.22e-06,15658.0,0.01910276
DATA/BTC,1567028249701,2019-08-28T21:37:29.701Z,sell,1.21e-06,54187.0,0.06556627
DATA/BTC,1567028266740,2019-08-28T21:37:46.740Z,sell,1.21e-06,164561.0,0.19911881
DATA/BTC,1567028267650,2019-08-28T21:37:47.650Z,sell,1.2e-06,1609.0,0.0019307999999999
DATA/BTC,1567028267650,2019-08-28T21:37:47.650Z,sell,1.2e-06,13201.0,0.0158412
DATA/BTC,1567028268830,2019-08-28T21:37:48.830Z,sell,1.2e-06,13763.0,0.0165156
DATA/BTC,1567028268830,2019-08-28T21:37:48.830Z,sell,1.2e-06,13763.0,0.0165156
DATA/BTC,1567028276248,2019-08-28T21:37:56.248Z,sell,1.19e-06,38699.0,0.04605181
DATA/BTC,1567028276248,2019-08-28T21:37:56.248Z,sell,1.19e-06,3042.0,0.00361998
DATA/BTC,1567028292026,2019-08-28T21:38:12.026Z,sell,1.19e-06,18862.0,0.02244578
DATA/BTC,1567028293847,2019-08-28T21:38:13.847Z,sell,1.19e-06,9827.0,0.01169413
DATA/BTC,1567028293880,2019-08-28T21:38:13.880Z,buy,1.19e-06,9577.0,0.01139663
DATA/BTC,1567028293912,2019-08-28T21:38:13.912Z,buy,1.19e-06,1299.0,0.00154581
DATA/BTC,1567028293927,2019-08-28T21:38:13.927Z,buy,1.19e-06,4352.0,0.00517888
DATA/BTC,1567028295006,2019-08-28T21:38:15.006Z,buy,1.19e-06,90.0,0.0001071
DATA/BTC,1567028297005,2019-08-28T21:38:17.005Z,buy,1.19e-06,2561.0,0.00304759
DATA/BTC,1567028297726,2019-08-28T21:38:17.726Z,buy,1.19e-06,25165.0,0.02994635
DATA/BTC,1567028308685,2019-08-28T21:38:28.685Z,buy,1.19e-06,3272.0,0.00389368
DATA/BTC,1567028308719,2019-08-28T21:38:28.719Z,buy,1.19e-06,338.0,0.00040222
DATA/BTC,1567028308721,2019-08-28T21:38:28.721Z,buy,1.19e-06,338.0,0.00040222
DATA/BTC,1567028308721,2019-08-28T21:38:28.721Z,buy,1.19e-06,338.0,0.00040222
DATA/BTC,1567028308724,2019-08-28T21:38:28.724Z,buy,1.19e-06,338.0,0.00040222
DATA/BTC,1567028308726,2019-08-28T21:38:28.726Z,buy,1.19e-06,338.0,0.00040222
DATA/BTC,1567028308728,2019-08-28T21:38:28.728Z,buy,1.19e-06,338.0,0.00040222
DATA/BTC,1567028308732,2019-08-28T21:38:28.732Z,buy,1.19e-06,338.0,0.00040222
DATA/BTC,1567028308734,2019-08-28T21:38:28.734Z,buy,1.19e-06,338.0,0.00040222
DATA/BTC,1567028311320,2019-08-28T21:38:31.320Z,sell,1.18e-06,95223.0,0.1123631399999999
DATA/BTC,1567028332561,2019-08-28T21:38:52.561Z,sell,1.18e-06,101.0,0.00011918
DATA/BTC,1567028333321,2019-08-28T21:38:53.321Z,sell,1.18e-06,93.0,0.0001097399999999
DATA/BTC,1567028334104,2019-08-28T21:38:54.104Z,sell,1.18e-06,294.0,0.0003469199999999
DATA/BTC,1567028339202,2019-08-28T21:38:59.202Z,sell,1.18e-06,45134.0,0.05325812
DATA/BTC,1567028372223,2019-08-28T21:39:32.223Z,sell,1.18e-06,593.0,0.0006997399999999
DATA/BTC,1567028372341,2019-08-28T21:39:32.341Z,sell,1.18e-06,1757.0,0.00207326
DATA/BTC,1567028372445,2019-08-28T21:39:32.445Z,sell,1.18e-06,593.0,0.0006997399999999
DATA/BTC,1567028372545,2019-08-28T21:39:32.545Z,sell,1.18e-06,593.0,0.0006997399999999
DATA/BTC,1567028372652,2019-08-28T21:39:32.652Z,sell,1.18e-06,593.0,0.0006997399999999
DATA/BTC,1567028372775,2019-08-28T21:39:32.775Z,sell,1.18e-06,593.0,0.0006997399999999
DATA/BTC,1567028372864,2019-08-28T21:39:32.864Z,sell,1.18e-06,593.0,0.0006997399999999
DATA/BTC,1567028375400,2019-08-28T21:39:35.400Z,sell,1.18e-06,445.0,0.0005250999999999
DATA/BTC,1567028375461,2019-08-28T21:39:35.461Z,sell,1.18e-06,445.0,0.0005250999999999
DATA/BTC,1567028375496,2019-08-28T21:39:35.496Z,sell,1.18e-06,445.0,0.0005250999999999
DATA/BTC,1567028375526,2019-08-28T21:39:35.526Z,sell,1.18e-06,445.0,0.0005250999999999
DATA/BTC,1567028375609,2019-08-28T21:39:35.609Z,sell,1.18e-06,445.0,0.0005250999999999
DATA/BTC,1567028375651,2019-08-28T21:39:35.651Z,sell,1.18e-06,445.0,0.0005250999999999
DATA/BTC,1567028375715,2019-08-28T21:39:35.715Z,sell,1.18e-06,445.0,0.0005250999999999
DATA/BTC,1567028375738,2019-08-28T21:39:35.738Z,sell,1.18e-06,445.0,0.0005250999999999
DATA/BTC,1567028375804,2019-08-28T21:39:35.804Z,sell,1.18e-06,445.0,0.0005250999999999
DATA/BTC,1567028375849,2019-08-28T21:39:35.849Z,sell,1.18e-06,442.0,0.00052156
DATA/BTC,1567028376148,2019-08-28T21:39:36.148Z,sell,1.18e-06,2217.0,0.00261606
DATA/BTC,1567028376177,2019-08-28T21:39:36.177Z,sell,1.18e-06,2136.0,0.00252048
DATA/BTC,1567028376198,2019-08-28T21:39:36.198Z,sell,1.18e-06,2217.0,0.00261606
DATA/BTC,1567028376231,2019-08-28T21:39:36.231Z,sell,1.18e-06,2217.0,0.00261606
DATA/BTC,1567028376232,2019-08-28T21:39:36.232Z,sell,1.18e-06,2217.0,0.00261606
DATA/BTC,1567028376311,2019-08-28T21:39:36.311Z,sell,1.18e-06,555.0,0.0006548999999999
DATA/BTC,1567028376335,2019-08-28T21:39:36.335Z,sell,1.17e-06,555.0,0.00064935
DATA/BTC,1567028383051,2019-08-28T21:39:43.051Z,sell,1.17e-06,20222.0,0.02365974
DATA/BTC,1567028388908,2019-08-28T21:39:48.908Z,sell,1.17e-06,1709.0,0.00199953
DATA/BTC,1567028392464,2019-08-28T21:39:52.464Z,sell,1.17e-06,15599.0,0.01825083
DATA/BTC,1567028421907,2019-08-28T21:40:21.907Z,buy,1.18e-06,452.0,0.00053336
DATA/BTC,1567028421907,2019-08-28T21:40:21.907Z,buy,1.19e-06,33278.0,0.03960082
DATA/BTC,1567028421907,2019-08-28T21:40:21.907Z,buy,1.2e-06,2274.0,0.0027288
DATA/BTC,1567028424039,2019-08-28T21:40:24.039Z,buy,1.19e-06,152.0,0.00018088
DATA/BTC,1567028429090,2019-08-28T21:40:29.090Z,buy,1.19e-06,906.0,0.00107814
DATA/BTC,1567028442082,2019-08-28T21:40:42.082Z,sell,1.18e-06,7524.0,0.0088783199999999
DATA/BTC,1567028494506,2019-08-28T21:41:34.506Z,sell,1.18e-06,17092.0,0.02016856
DATA/BTC,1567028504969,2019-08-28T21:41:44.969Z,buy,1.19e-06,300.0,0.000357
DATA/BTC,1567028506383,2019-08-28T21:41:46.383Z,buy,1.19e-06,2520.0,0.0029988
DATA/BTC,1567028570297,2019-08-28T21:42:50.297Z,buy,1.19e-06,1762.0,0.00209678
DATA/BTC,1567028614390,2019-08-28T21:43:34.390Z,sell,1.18e-06,102.0,0.0001203599999999
DATA/BTC,1567028622671,2019-08-28T21:43:42.671Z,sell,1.18e-06,2277.0,0.0026868599999999
DATA/BTC,1567028681309,2019-08-28T21:44:41.309Z,sell,1.18e-06,3770.0,0.0044486
DATA/BTC,1567028733174,2019-08-28T21:45:33.174Z,sell,1.18e-06,9824.0,0.01159232
DATA/BTC,1567028733174,2019-08-28T21:45:33.174Z,sell,1.17e-06,26180.0,0.0306306
DATA/BTC,1567028754326,2019-08-28T21:45:54.326Z,sell,1.17e-06,40096.0,0.04691232
DATA/BTC,1567028783914,2019-08-28T21:46:23.914Z,sell,1.17e-06,109.0,0.00012753
DATA/BTC,1567028784303,2019-08-28T21:46:24.303Z,buy,1.18e-06,200.0,0.000236
DATA/BTC,1567028805141,2019-08-28T21:46:45.141Z,sell,1.17e-06,3315.0,0.00387855
DATA/BTC,1567028819670,2019-08-28T21:46:59.670Z,sell,1.17e-06,41854.0,0.04896918
DATA/BTC,1567028830778,2019-08-28T21:47:10.778Z,buy,1.18e-06,4336.0,0.00511648
DATA/BTC,1567028834720,2019-08-28T21:47:14.720Z,buy,1.18e-06,1514.0,0.00178652
DATA/BTC,1567028861040,2019-08-28T21:47:41.040Z,sell,1.17e-06,6000.0,0.00702
DATA/BTC,1567028861040,2019-08-28T21:47:41.040Z,sell,1.17e-06,1999.0,0.00233883
DATA/BTC,1567028861077,2019-08-28T21:47:41.077Z,sell,1.17e-06,6000.0,0.00702
DATA/BTC,1567028861081,2019-08-28T21:47:41.081Z,sell,1.17e-06,2000.0,0.00234
DATA/BTC,1567028861171,2019-08-28T21:47:41.171Z,sell,1.17e-06,2000.0,0.00234
DATA/BTC,1567028861176,2019-08-28T21:47:41.176Z,sell,1.17e-06,6000.0,0.00702
DATA/BTC,1567028862237,2019-08-28T21:47:42.237Z,sell,1.17e-06,2242.0,0.00262314
DATA/BTC,1567028862455,2019-08-28T21:47:42.455Z,sell,1.17e-06,2000.0,0.00234
DATA/BTC,1567028862515,2019-08-28T21:47:42.515Z,sell,1.17e-06,2000.0,0.00234
DATA/BTC,1567028863251,2019-08-28T21:47:43.251Z,sell,1.17e-06,6000.0,0.00702
DATA/BTC,1567028863255,2019-08-28T21:47:43.255Z,sell,1.17e-06,2000.0,0.00234
DATA/BTC,1567028863340,2019-08-28T21:47:43.340Z,sell,1.17e-06,2000.0,0.00234
DATA/BTC,1567028863376,2019-08-28T21:47:43.376Z,sell,1.17e-06,27189.0,0.03181113
DATA/BTC,1567028863376,2019-08-28T21:47:43.376Z,sell,1.16e-06,16242.0,0.01884072
DATA/BTC,1567028863421,2019-08-28T21:47:43.421Z,sell,1.16e-06,2000.0,0.00232
DATA/BTC,1567028864986,2019-08-28T21:47:44.986Z,sell,1.16e-06,31586.0,0.03663976
DATA/BTC,1567028865108,2019-08-28T21:47:45.108Z,buy,1.17e-06,700.0,0.000819
DATA/BTC,1567028865133,2019-08-28T21:47:45.133Z,buy,1.17e-06,292.0,0.00034164
DATA/BTC,1567028868536,2019-08-28T21:47:48.536Z,buy,1.18e-06,694.0,0.00081892
DATA/BTC,1567028870127,2019-08-28T21:47:50.127Z,sell,1.17e-06,3712.0,0.00434304
DATA/BTC,1567028870127,2019-08-28T21:47:50.127Z,sell,1.16e-06,9388.0,0.01089008
DATA/BTC,1567028899842,2019-08-28T21:48:19.842Z,buy,1.17e-06,2868.0,0.00335556
DATA/BTC,1567028905764,2019-08-28T21:48:25.764Z,sell,1.16e-06,10252.0,0.01189232
DATA/BTC,1567028920119,2019-08-28T21:48:40.119Z,buy,1.17e-06,700.0,0.000819
DATA/BTC,1567028966689,2019-08-28T21:49:26.689Z,buy,1.17e-06,217.0,0.00025389
DATA/BTC,1567028991950,2019-08-28T21:49:51.950Z,buy,1.17e-06,6765.0,0.00791505
DATA/BTC,1567029168205,2019-08-28T21:52:48.205Z,buy,1.17e-06,700.0,0.000819
DATA/BTC,1567029225694,2019-08-28T21:53:45.694Z,buy,1.17e-06,7909.0,0.00925353
DATA/BTC,1567029234433,2019-08-28T21:53:54.433Z,sell,1.17e-06,110.0,0.0001287
DATA/BTC,1567029247657,2019-08-28T21:54:07.657Z,sell,1.17e-06,1025.0,0.00119925
DATA/BTC,1567029366424,2019-08-28T21:56:06.424Z,sell,1.17e-06,900.0,0.001053
DATA/BTC,1567029418650,2019-08-28T21:56:58.650Z,sell,1.17e-06,111.0,0.00012987
DATA/BTC,1567029576090,2019-08-28T21:59:36.090Z,sell,1.17e-06,14257.0,0.01668069
DATA/BTC,1567029863716,2019-08-28T22:04:23.716Z,buy,1.18e-06,111.0,0.00013098
DATA/BTC,1567029889004,2019-08-28T22:04:49.004Z,sell,1.17e-06,9037.0,0.01057329
DATA/BTC,1567030521058,2019-08-28T22:15:21.058Z,sell,1.17e-06,9501.0,0.01111617
DATA/BTC,1567030560661,2019-08-28T22:16:00.661Z,sell,1.17e-06,2205.0,0.00257985
DATA/BTC,1567030578306,2019-08-28T22:16:18.306Z,sell,1.17e-06,22522.0,0.02635074
DATA/BTC,1567030769899,2019-08-28T22:19:29.899Z,buy,1.18e-06,107.0,0.00012626
DATA/BTC,1567030784145,2019-08-28T22:19:44.145Z,sell,1.17e-06,5000.0,0.00585
DATA/BTC,1567030814919,2019-08-28T22:20:14.919Z,sell,1.17e-06,22505.0,0.02633085
DATA/BTC,1567031046194,2019-08-28T22:24:06.194Z,buy,1.17e-06,3846.0,0.00449982
DATA/BTC,1567031049204,2019-08-28T22:24:09.204Z,buy,1.17e-06,13473.0,0.01576341
DATA/BTC,1567031244896,2019-08-28T22:27:24.896Z,sell,1.16e-06,42166.0,0.0489125599999999
DATA/BTC,1567031244896,2019-08-28T22:27:24.896Z,sell,1.15e-06,12655.0,0.01455325
DATA/BTC,1567031244896,2019-08-28T22:27:24.896Z,sell,1.15e-06,420.0,0.000483
DATA/BTC,1567031245052,2019-08-28T22:27:25.052Z,buy,1.16e-06,1482.0,0.0017191199999999
DATA/BTC,1567031245142,2019-08-28T22:27:25.142Z,buy,1.16e-06,741.0,0.0008595599999999
DATA/BTC,1567031249670,2019-08-28T22:27:29.670Z,buy,1.16e-06,1323.0,0.0015346799999999
DATA/BTC,1567031249689,2019-08-28T22:27:29.689Z,buy,1.16e-06,541.0,0.00062756
DATA/BTC,1567031300234,2019-08-28T22:28:20.234Z,buy,1.16e-06,300.0,0.0003479999999999
DATA/BTC,1567031300234,2019-08-28T22:28:20.234Z,buy,1.17e-06,7486.0,0.00875862
DATA/BTC,1567031509613,2019-08-28T22:31:49.613Z,sell,1.16e-06,2169.0,0.0025160399999999
DATA/BTC,1567031523581,2019-08-28T22:32:03.581Z,sell,1.16e-06,1280.0,0.0014847999999999
DATA/BTC,1567031539488,2019-08-28T22:32:19.488Z,sell,1.16e-06,4045.0,0.0046922
DATA/BTC,1567031680677,2019-08-28T22:34:40.677Z,sell,1.15e-06,1723.0,0.00198145
DATA/BTC,1567031683818,2019-08-28T22:34:43.818Z,sell,1.15e-06,1622.0,0.0018653
DATA/BTC,1567031716812,2019-08-28T22:35:16.812Z,buy,1.16e-06,200.0,0.0002319999999999
DATA/BTC,1567031741267,2019-08-28T22:35:41.267Z,buy,1.16e-06,443.0,0.00051388
DATA/BTC,1567031743268,2019-08-28T22:35:43.268Z,buy,1.16e-06,562.0,0.00065192
DATA/BTC,1567031745281,2019-08-28T22:35:45.281Z,buy,1.16e-06,629.0,0.0007296399999999
DATA/BTC,1567031829635,2019-08-28T22:37:09.635Z,buy,1.16e-06,24031.0,0.0278759599999999
DATA/BTC,1567031829635,2019-08-28T22:37:09.635Z,buy,1.16e-06,24031.0,0.0278759599999999
DATA/BTC,1567033465151,2019-08-28T23:04:25.151Z,buy,1.16e-06,184.0,0.00021344
DATA/BTC,1567033483081,2019-08-28T23:04:43.081Z,sell,1.15e-06,9688.0,0.0111412
DATA/BTC,1567033589190,2019-08-28T23:06:29.190Z,sell,1.15e-06,219.0,0.00025185
DATA/BTC,1567034106846,2019-08-28T23:15:06.846Z,buy,1.16e-06,6062.0,0.00703192
DATA/BTC,1567034106861,2019-08-28T23:15:06.861Z,buy,1.16e-06,4464.0,0.00517824
DATA/BTC,1567035227057,2019-08-28T23:33:47.057Z,sell,1.15e-06,9577.0,0.01101355
DATA/BTC,1567035229450,2019-08-28T23:33:49.450Z,sell,1.15e-06,150.0,0.0001725
DATA/BTC,1567035263709,2019-08-28T23:34:23.709Z,buy,1.16e-06,97.0,0.0001125199999999
DATA/BTC,1567035380987,2019-08-28T23:36:20.987Z,sell,1.15e-06,100.0,0.000115
DATA/BTC,1567035380987,2019-08-28T23:36:20.987Z,sell,1.15e-06,100.0,0.000115
DATA/BTC,1567035545501,2019-08-28T23:39:05.501Z,sell,1.15e-06,87.0,0.00010005
DATA/BTC,1567035545877,2019-08-28T23:39:05.877Z,buy,1.15e-06,106.0,0.0001219
DATA/BTC,1567035598179,2019-08-28T23:39:58.179Z,buy,1.15e-06,22321.0,0.02566915
DATA/BTC,1567035866357,2019-08-28T23:44:26.357Z,buy,1.16e-06,103.0,0.0001194799999999
DATA/BTC,1567036426668,2019-08-28T23:53:46.668Z,sell,1.15e-06,4104.0,0.0047196
DATA/BTC,1567036426671,2019-08-28T23:53:46.671Z,sell,1.14e-06,4104.0,0.00467856
DATA/BTC,1567036426671,2019-08-28T23:53:46.671Z,sell,1.14e-06,8569.0,0.00976866
DATA/BTC,1567036426870,2019-08-28T23:53:46.870Z,sell,1.14e-06,97.0,0.00011058
DATA/BTC,1567036472920,2019-08-28T23:54:32.920Z,buy,1.15e-06,87.0,0.00010005
DATA/BTC,1567036521379,2019-08-28T23:55:21.379Z,sell,1.14e-06,1568.0,0.00178752
DATA/BTC,1567036521495,2019-08-28T23:55:21.495Z,sell,1.14e-06,1568.0,0.00178752
DATA/BTC,1567036521583,2019-08-28T23:55:21.583Z,sell,1.14e-06,1568.0,0.00178752
DATA/BTC,1567036521697,2019-08-28T23:55:21.697Z,sell,1.14e-06,1568.0,0.00178752
DATA/BTC,1567036521810,2019-08-28T23:55:21.810Z,sell,1.14e-06,1568.0,0.00178752
DATA/BTC,1567036521910,2019-08-28T23:55:21.910Z,sell,1.14e-06,1568.0,0.00178752
DATA/BTC,1567036522016,2019-08-28T23:55:22.016Z,sell,1.14e-06,1568.0,0.00178752
DATA/BTC,1567036522120,2019-08-28T23:55:22.120Z,sell,1.14e-06,1568.0,0.00178752
DATA/BTC,1567036522220,2019-08-28T23:55:22.220Z,sell,1.14e-06,1568.0,0.00178752
DATA/BTC,1567036522327,2019-08-28T23:55:22.327Z,sell,1.14e-06,1567.0,0.00178638
DATA/BTC,1567036532927,2019-08-28T23:55:32.927Z,buy,1.15e-06,87.0,0.00010005
DATA/BTC,1567036592924,2019-08-28T23:56:32.924Z,buy,1.15e-06,87.0,0.00010005
DATA/BTC,1567036625474,2019-08-28T23:57:05.474Z,buy,1.15e-06,108.0,0.0001242
DATA/BTC,1567036652928,2019-08-28T23:57:32.928Z,buy,1.15e-06,87.0,0.00010005
DATA/BTC,1567036712933,2019-08-28T23:58:32.933Z,buy,1.15e-06,87.0,0.00010005
DATA/BTC,1567036720748,2019-08-28T23:58:40.748Z,sell,1.14e-06,99.0,0.00011286
DATA/BTC,1567036726677,2019-08-28T23:58:46.677Z,sell,1.14e-06,24747.0,0.02821158
DATA/BTC,1567036754563,2019-08-28T23:59:14.563Z,sell,1.14e-06,101.0,0.00011514
DATA/BTC,1567036772928,2019-08-28T23:59:32.928Z,buy,1.15e-06,87.0,0.00010005
DATA/BTC,1567036859227,2019-08-29T00:00:59.227Z,buy,1.15e-06,23909.0,0.02749535
DATA/BTC,1567036893506,2019-08-29T00:01:33.506Z,buy,1.15e-06,9974.0,0.0114701
DATA/BTC,1567036903051,2019-08-29T00:01:43.051Z,buy,1.15e-06,9047.0,0.01040405
DATA/BTC,1567037026681,2019-08-29T00:03:46.681Z,sell,1.14e-06,14214.0,0.01620396
DATA/BTC,1567037027137,2019-08-29T00:03:47.137Z,sell,1.14e-06,163.0,0.00018582
DATA/BTC,1567037060251,2019-08-29T00:04:20.251Z,buy,1.15e-06,2087.0,0.00240005
DATA/BTC,1567037078807,2019-08-29T00:04:38.807Z,buy,1.15e-06,107.0,0.00012305
DATA/BTC,1567037252397,2019-08-29T00:07:32.397Z,buy,1.15e-06,158.0,0.0001817
DATA/BTC,1567037622196,2019-08-29T00:13:42.196Z,sell,1.14e-06,17382.0,0.01981548
DATA/BTC,1567037634583,2019-08-29T00:13:54.583Z,sell,1.14e-06,8720.0,0.0099408
DATA/BTC,1567037639439,2019-08-29T00:13:59.439Z,sell,1.14e-06,7538.0,0.00859332
DATA/BTC,1567037644237,2019-08-29T00:14:04.237Z,sell,1.13e-06,1769.0,0.00199897
DATA/BTC,1567037645420,2019-08-29T00:14:05.420Z,buy,1.14e-06,10090.0,0.0115026
DATA/BTC,1567037649391,2019-08-29T00:14:09.391Z,buy,1.14e-06,8771.0,0.00999894
DATA/BTC,1567037713132,2019-08-29T00:15:13.132Z,buy,1.14e-06,809.0,0.00092226
DATA/BTC,1567037713242,2019-08-29T00:15:13.242Z,buy,1.14e-06,16999.0,0.01937886
DATA/BTC,1567037802336,2019-08-29T00:16:42.336Z,buy,1.14e-06,3508.0,0.00399912
DATA/BTC,1567037843129,2019-08-29T00:17:23.129Z,sell,1.14e-06,3780.0,0.0043092
DATA/BTC,1567037848752,2019-08-29T00:17:28.752Z,buy,1.14e-06,4403.0,0.00501942
DATA/BTC,1567037855378,2019-08-29T00:17:35.378Z,buy,1.15e-06,900.0,0.001035
DATA/BTC,1567037916826,2019-08-29T00:18:36.826Z,buy,1.14e-06,3746.0,0.00427044
DATA/BTC,1567038156445,2019-08-29T00:22:36.445Z,buy,1.14e-06,5765.0,0.0065721
DATA/BTC,1567038338685,2019-08-29T00:25:38.685Z,sell,1.14e-06,7103.0,0.00809742
DATA/BTC,1567038370639,2019-08-29T00:26:10.639Z,sell,1.14e-06,1017.0,0.00115938
DATA/BTC,1567038462192,2019-08-29T00:27:42.192Z,sell,1.13e-06,5517.0,0.00623421
DATA/BTC,1567038772470,2019-08-29T00:32:52.470Z,buy,1.14e-06,365.0,0.0004161
DATA/BTC,1567038858744,2019-08-29T00:34:18.744Z,buy,1.14e-06,2128.0,0.00242592
DATA/BTC,1567038858744,2019-08-29T00:34:18.744Z,buy,1.14e-06,2128.0,0.00242592
DATA/BTC,1567039491510,2019-08-29T00:44:51.510Z,sell,1.14e-06,2784.0,0.00317376
DATA/BTC,1567039508089,2019-08-29T00:45:08.089Z,sell,1.13e-06,14154.0,0.01599402
DATA/BTC,1567039508089,2019-08-29T00:45:08.089Z,sell,1.12e-06,19613.0,0.02196656
DATA/BTC,1567039508089,2019-08-29T00:45:08.089Z,sell,1.12e-06,40032.0,0.04483584
DATA/BTC,1567039509843,2019-08-29T00:45:09.843Z,buy,1.13e-06,489.0,0.00055257
DATA/BTC,1567039512260,2019-08-29T00:45:12.260Z,sell,1.12e-06,10238.0,0.01146656
DATA/BTC,1567039532356,2019-08-29T00:45:32.356Z,sell,1.12e-06,724.0,0.00081088
DATA/BTC,1567039593800,2019-08-29T00:46:33.800Z,buy,1.13e-06,152.0,0.00017176
DATA/BTC,1567039615352,2019-08-29T00:46:55.352Z,sell,1.13e-06,300.0,0.000339
DATA/BTC,1567039637518,2019-08-29T00:47:17.518Z,buy,1.14e-06,2654.0,0.00302556
DATA/BTC,1567039851735,2019-08-29T00:50:51.735Z,sell,1.13e-06,3106.0,0.00350978
DATA/BTC,1567039863105,2019-08-29T00:51:03.105Z,sell,1.13e-06,62.0,7.006e-05
DATA/BTC,1567040007489,2019-08-29T00:53:27.489Z,sell,1.13e-06,338.0,0.00038194
DATA/BTC,1567040007502,2019-08-29T00:53:27.502Z,sell,1.13e-06,402.0,0.00045426
DATA/BTC,1567040007572,2019-08-29T00:53:27.572Z,sell,1.13e-06,155.0,0.00017515
DATA/BTC,1567040079315,2019-08-29T00:54:39.315Z,buy,1.14e-06,452.0,0.00051528
DATA/BTC,1567040090047,2019-08-29T00:54:50.047Z,sell,1.14e-06,30765.0,0.0350721
DATA/BTC,1567040114127,2019-08-29T00:55:14.127Z,sell,1.14e-06,3805.0,0.0043377
DATA/BTC,1567040342843,2019-08-29T00:59:02.843Z,sell,1.14e-06,4924.0,0.00561336
DATA/BTC,1567040629586,2019-08-29T01:03:49.586Z,sell,1.14e-06,22488.0,0.02563632
DATA/BTC,1567040686611,2019-08-29T01:04:46.611Z,buy,1.14e-06,1877.0,0.00213978
DATA/BTC,1567040687517,2019-08-29T01:04:47.517Z,buy,1.14e-06,1877.0,0.00213978
DATA/BTC,1567041302046,2019-08-29T01:15:02.046Z,buy,1.14e-06,98.0,0.00011172
DATA/BTC,1567041689837,2019-08-29T01:21:29.837Z,sell,1.13e-06,8771.0,0.00991123
DATA/BTC,1567042206463,2019-08-29T01:30:06.463Z,sell,1.13e-06,713.0,0.00080569
DATA/BTC,1567042307451,2019-08-29T01:31:47.451Z,buy,1.14e-06,12342.0,0.01406988
DATA/BTC,1567042307451,2019-08-29T01:31:47.451Z,buy,1.14e-06,12342.0,0.01406988
DATA/BTC,1567043026684,2019-08-29T01:43:46.684Z,sell,1.13e-06,6154.0,0.00695402
DATA/BTC,1567044467916,2019-08-29T02:07:47.916Z,sell,1.13e-06,29970.0,0.0338660999999999
DATA/BTC,1567044468051,2019-08-29T02:07:48.051Z,sell,1.13e-06,101.0,0.0001141299999999
DATA/BTC,1567045316801,2019-08-29T02:21:56.801Z,sell,1.13e-06,4627.0,0.00522851
DATA/BTC,1567045316801,2019-08-29T02:21:56.801Z,sell,1.13e-06,4627.0,0.00522851
DATA/BTC,1567046404697,2019-08-29T02:40:04.697Z,sell,1.13e-06,10081.0,0.01139153
DATA/BTC,1567046847773,2019-08-29T02:47:27.773Z,buy,1.14e-06,1333.0,0.00151962
DATA/BTC,1567046847773,2019-08-29T02:47:27.773Z,buy,1.15e-06,33306.0,0.0383019
DATA/BTC,1567046867477,2019-08-29T02:47:47.477Z,buy,1.15e-06,870.0,0.0010005
DATA/BTC,1567046945067,2019-08-29T02:49:05.067Z,sell,1.14e-06,5657.0,0.00644898
DATA/BTC,1567046954647,2019-08-29T02:49:14.647Z,sell,1.14e-06,167.0,0.00019038
DATA/BTC,1567047442543,2019-08-29T02:57:22.543Z,buy,1.15e-06,18052.0,0.0207598
DATA/BTC,1567047442543,2019-08-29T02:57:22.543Z,buy,1.16e-06,44664.0,0.0518102399999999
DATA/BTC,1567047442543,2019-08-29T02:57:22.543Z,buy,1.17e-06,37499.0,0.04387383
DATA/BTC,1567047446336,2019-08-29T02:57:26.336Z,sell,1.16e-06,152.0,0.00017632
DATA/BTC,1567047446336,2019-08-29T02:57:26.336Z,sell,1.15e-06,152.0,0.0001748
DATA/BTC,1567048481674,2019-08-29T03:14:41.674Z,sell,1.15e-06,97.0,0.00011155
DATA/BTC,1567048756720,2019-08-29T03:19:16.720Z,sell,1.15e-06,121.0,0.00013915
DATA/BTC,1567048756720,2019-08-29T03:19:16.720Z,sell,1.15e-06,121.0,0.00013915
DATA/BTC,1567048986901,2019-08-29T03:23:06.901Z,buy,1.15e-06,218.0,0.0002507
DATA/BTC,1567049027600,2019-08-29T03:23:47.600Z,buy,1.16e-06,2608.0,0.0030252799999999
DATA/BTC,1567049091247,2019-08-29T03:24:51.247Z,sell,1.15e-06,152.0,0.0001748
DATA/BTC,1567049132098,2019-08-29T03:25:32.098Z,sell,1.14e-06,2674.0,0.00304836
DATA/BTC,1567049262775,2019-08-29T03:27:42.775Z,buy,1.15e-06,152.0,0.0001748
DATA/BTC,1567049297492,2019-08-29T03:28:17.492Z,buy,1.16e-06,2505.0,0.0029057999999999
DATA/BTC,1567049297492,2019-08-29T03:28:17.492Z,buy,1.17e-06,103.0,0.00012051
DATA/BTC,1567049304829,2019-08-29T03:28:24.829Z,sell,1.15e-06,2760.0,0.003174
DATA/BTC,1567049307404,2019-08-29T03:28:27.404Z,sell,1.15e-06,3701.0,0.00425615
DATA/BTC,1567049401870,2019-08-29T03:30:01.870Z,buy,1.15e-06,3701.0,0.00425615
DATA/BTC,1567049402068,2019-08-29T03:30:02.068Z,sell,1.15e-06,98.0,0.0001127
DATA/BTC,1567049402069,2019-08-29T03:30:02.069Z,buy,1.16e-06,28.0,3.248e-05
DATA/BTC,1567050041997,2019-08-29T03:40:41.997Z,buy,1.16e-06,8333.0,0.00966628
DATA/BTC,1567050042407,2019-08-29T03:40:42.407Z,sell,1.16e-06,111.0,0.0001287599999999
DATA/BTC,1567050065585,2019-08-29T03:41:05.585Z,sell,1.16e-06,405.0,0.0004698
DATA/BTC,1567050065670,2019-08-29T03:41:05.670Z,sell,1.16e-06,2028.0,0.0023524799999999
DATA/BTC,1567050066884,2019-08-29T03:41:06.884Z,sell,1.16e-06,365.0,0.0004234
DATA/BTC,1567050070623,2019-08-29T03:41:10.623Z,sell,1.16e-06,2192.0,0.0025427199999999
DATA/BTC,1567051019245,2019-08-29T03:56:59.245Z,sell,1.15e-06,132.0,0.0001518
DATA/BTC,1567051690790,2019-08-29T04:08:10.790Z,sell,1.15e-06,3746.0,0.0043079
DATA/BTC,1567051821856,2019-08-29T04:10:21.856Z,sell,1.15e-06,4678.0,0.0053797
DATA/BTC,1567052121059,2019-08-29T04:15:21.059Z,sell,1.15e-06,47436.0,0.0545514
DATA/BTC,1567052121059,2019-08-29T04:15:21.059Z,sell,1.15e-06,47436.0,0.0545514
DATA/BTC,1567052421592,2019-08-29T04:20:21.592Z,buy,1.15e-06,6084.0,0.0069966
DATA/BTC,1567052421610,2019-08-29T04:20:21.610Z,buy,1.15e-06,6084.0,0.0069966
DATA/BTC,1567052421623,2019-08-29T04:20:21.623Z,buy,1.15e-06,3045.0,0.00350175
DATA/BTC,1567052421829,2019-08-29T04:20:21.829Z,buy,1.15e-06,28.0,3.22e-05
DATA/BTC,1567053017560,2019-08-29T04:30:17.560Z,sell,1.14e-06,6084.0,0.00693576
DATA/BTC,1567053659649,2019-08-29T04:40:59.649Z,buy,1.15e-06,15000.0,0.01725
DATA/BTC,1567053668792,2019-08-29T04:41:08.792Z,buy,1.15e-06,3785.0,0.00435275
DATA/BTC,1567053965765,2019-08-29T04:46:05.765Z,buy,1.15e-06,8928.0,0.0102672
DATA/BTC,1567053980365,2019-08-29T04:46:20.365Z,buy,1.15e-06,1449.0,0.00166635
DATA/BTC,1567054615635,2019-08-29T04:56:55.635Z,buy,1.16e-06,8551.0,0.00991916
DATA/BTC,1567054791510,2019-08-29T04:59:51.510Z,buy,1.16e-06,3448.0,0.0039996799999999
DATA/BTC,1567055519596,2019-08-29T05:11:59.596Z,buy,1.16e-06,3751.0,0.00435116
DATA/BTC,1567055596094,2019-08-29T05:13:16.094Z,sell,1.15e-06,115029.0,0.13228335
DATA/BTC,1567055629358,2019-08-29T05:13:49.358Z,sell,1.15e-06,206898.0,0.2379327
DATA/BTC,1567055629358,2019-08-29T05:13:49.358Z,sell,1.15e-06,206898.0,0.2379327
DATA/BTC,1567058222691,2019-08-29T05:57:02.691Z,buy,1.15e-06,118.0,0.0001357
DATA/BTC,1567058292327,2019-08-29T05:58:12.327Z,sell,1.14e-06,142818.0,0.16281252
DATA/BTC,1567058298808,2019-08-29T05:58:18.808Z,buy,1.15e-06,6300.0,0.007245
DATA/BTC,1567058380900,2019-08-29T05:59:40.900Z,buy,1.15e-06,523.0,0.00060145
DATA/BTC,1567058381930,2019-08-29T05:59:41.930Z,sell,1.15e-06,8085.0,0.00929775
DATA/BTC,1567058480719,2019-08-29T06:01:20.719Z,sell,1.14e-06,1077.0,0.00122778
DATA/BTC,1567058717895,2019-08-29T06:05:17.895Z,sell,1.14e-06,13434.0,0.01531476
DATA/BTC,1567058717895,2019-08-29T06:05:17.895Z,sell,1.14e-06,13434.0,0.01531476
DATA/BTC,1567059536223,2019-08-29T06:18:56.223Z,buy,1.15e-06,300.0,0.000345
DATA/BTC,1567059538702,2019-08-29T06:18:58.702Z,buy,1.15e-06,300.0,0.000345
DATA/BTC,1567060306188,2019-08-29T06:31:46.188Z,buy,1.15e-06,1739.0,0.00199985
DATA/BTC,1567060308694,2019-08-29T06:31:48.694Z,buy,1.15e-06,2731.0,0.00314065
DATA/BTC,1567060308694,2019-08-29T06:31:48.694Z,buy,1.15e-06,2731.0,0.00314065
DATA/BTC,1567062579218,2019-08-29T07:09:39.218Z,sell,1.14e-06,1268.0,0.00144552
DATA/BTC,1567063128069,2019-08-29T07:18:48.069Z,sell,1.14e-06,61203.0,0.06977142
DATA/BTC,1567063128891,2019-08-29T07:18:48.891Z,buy,1.14e-06,3070.0,0.0034998
DATA/BTC,1567063129388,2019-08-29T07:18:49.388Z,buy,1.14e-06,7018.0,0.00800052
DATA/BTC,1567063129388,2019-08-29T07:18:49.388Z,buy,1.14e-06,7018.0,0.00800052
DATA/BTC,1567063946120,2019-08-29T07:32:26.120Z,sell,1.13e-06,3538.0,0.00399794
DATA/BTC,1567063950193,2019-08-29T07:32:30.193Z,buy,1.14e-06,491.0,0.00055974
DATA/BTC,1567064076827,2019-08-29T07:34:36.827Z,buy,1.14e-06,134.0,0.00015276
DATA/BTC,1567064234713,2019-08-29T07:37:14.713Z,sell,1.13e-06,9305.0,0.01051465
DATA/BTC,1567064289924,2019-08-29T07:38:09.924Z,sell,1.13e-06,16341.0,0.01846533
DATA/BTC,1567064315551,2019-08-29T07:38:35.551Z,sell,1.13e-06,59241.0,0.06694233
DATA/BTC,1567064620757,2019-08-29T07:43:40.757Z,buy,1.14e-06,388.0,0.00044232
