symbol,timestamp,datetime,side,price,amount,btc_volume
DATA/BTC,1564862487351,2019-08-03T20:01:27.351Z,buy,1.3e-06,24.0,3.12e-05
DATA/BTC,1564862769849,2019-08-03T20:06:09.849Z,buy,1.3e-06,27.0,3.51e-05
DATA/BTC,1564863223447,2019-08-03T20:13:43.447Z,sell,1.29e-06,6924.0,0.00893196
DATA/BTC,1564863276194,2019-08-03T20:14:36.194Z,buy,1.3e-06,22.0,2.86e-05
DATA/BTC,1564863898235,2019-08-03T20:24:58.235Z,buy,1.3e-06,23.0,2.99e-05
DATA/BTC,1564864231291,2019-08-03T20:30:31.291Z,buy,1.3e-06,26.0,3.38e-05
DATA/BTC,1564865050173,2019-08-03T20:44:10.173Z,buy,1.3e-06,26.0,3.38e-05
DATA/BTC,1564865473097,2019-08-03T20:51:13.097Z,sell,1.29e-06,3462.0,0.00446598
DATA/BTC,1564865761069,2019-08-03T20:56:01.069Z,buy,1.3e-06,28.0,3.64e-05
DATA/BTC,1564865761069,2019-08-03T20:56:01.069Z,buy,1.3e-06,28.0,3.64e-05
DATA/BTC,1564866931201,2019-08-03T21:15:31.201Z,sell,1.29e-06,12161.0,0.01568769
DATA/BTC,1564866931231,2019-08-03T21:15:31.231Z,buy,1.29e-06,6309.0,0.00813861
DATA/BTC,1564867506407,2019-08-03T21:25:06.407Z,sell,1.28e-06,349686.0,0.44759808
DATA/BTC,1564867507100,2019-08-03T21:25:07.100Z,sell,1.27e-06,2612.0,0.00331724
DATA/BTC,1564867507100,2019-08-03T21:25:07.100Z,sell,1.27e-06,1426.0,0.0018110199999999
DATA/BTC,1564867508805,2019-08-03T21:25:08.805Z,buy,1.28e-06,3125.0,0.004
DATA/BTC,1564867509434,2019-08-03T21:25:09.434Z,sell,1.27e-06,770.0,0.0009778999999999
DATA/BTC,1564867509764,2019-08-03T21:25:09.764Z,sell,1.27e-06,1968.0,0.00249936
DATA/BTC,1564867510484,2019-08-03T21:25:10.484Z,sell,1.27e-06,405.0,0.00051435
DATA/BTC,1564867515380,2019-08-03T21:25:15.380Z,buy,1.28e-06,10019.0,0.01282432
DATA/BTC,1564867517361,2019-08-03T21:25:17.361Z,buy,1.28e-06,10019.0,0.01282432
DATA/BTC,1564867519363,2019-08-03T21:25:19.363Z,buy,1.28e-06,10017.0,0.01282176
DATA/BTC,1564867563149,2019-08-03T21:26:03.149Z,sell,1.27e-06,2574.0,0.00326898
DATA/BTC,1564867631744,2019-08-03T21:27:11.744Z,buy,1.28e-06,110.0,0.0001408
DATA/BTC,1564867637366,2019-08-03T21:27:17.366Z,buy,1.28e-06,2344.0,0.00300032
DATA/BTC,1564867710921,2019-08-03T21:28:30.921Z,sell,1.27e-06,1481.0,0.0018808699999999
DATA/BTC,1564867724515,2019-08-03T21:28:44.515Z,buy,1.28e-06,25.0,3.2e-05
DATA/BTC,1564867776389,2019-08-03T21:29:36.389Z,buy,1.28e-06,27.0,3.456e-05
DATA/BTC,1564867833360,2019-08-03T21:30:33.360Z,buy,1.28e-06,27.0,3.456e-05
DATA/BTC,1564867999183,2019-08-03T21:33:19.183Z,buy,1.28e-06,782.0,0.00100096
DATA/BTC,1564868097748,2019-08-03T21:34:57.748Z,buy,1.28e-06,1938.0,0.00248064
DATA/BTC,1564868185961,2019-08-03T21:36:25.961Z,buy,1.28e-06,321567.0,0.41160576
DATA/BTC,1564868186072,2019-08-03T21:36:26.072Z,sell,1.28e-06,60916.0,0.07797248
DATA/BTC,1564868755182,2019-08-03T21:45:55.182Z,buy,1.28e-06,1875.0,0.0024
DATA/BTC,1564868773154,2019-08-03T21:46:13.154Z,buy,1.28e-06,481.0,0.00061568
DATA/BTC,1564868806578,2019-08-03T21:46:46.578Z,buy,1.28e-06,1136.0,0.00145408
DATA/BTC,1564868817943,2019-08-03T21:46:57.943Z,buy,1.28e-06,582.0,0.00074496
DATA/BTC,1564869074725,2019-08-03T21:51:14.725Z,buy,1.28e-06,26.0,3.328e-05
DATA/BTC,1564869276338,2019-08-03T21:54:36.338Z,buy,1.28e-06,602.0,0.00077056
DATA/BTC,1564869295613,2019-08-03T21:54:55.613Z,buy,1.28e-06,591.0,0.00075648
DATA/BTC,1564869352032,2019-08-03T21:55:52.032Z,buy,1.28e-06,4917.0,0.00629376
DATA/BTC,1564869352032,2019-08-03T21:55:52.032Z,buy,1.28e-06,4917.0,0.00629376
DATA/BTC,1564869385356,2019-08-03T21:56:25.356Z,buy,1.28e-06,399.0,0.00051072
DATA/BTC,1564869399333,2019-08-03T21:56:39.333Z,buy,1.28e-06,399.0,0.00051072
DATA/BTC,1564869421622,2019-08-03T21:57:01.622Z,buy,1.28e-06,418.0,0.00053504
DATA/BTC,1564869423764,2019-08-03T21:57:03.764Z,buy,1.28e-06,90.0,0.0001152
DATA/BTC,1564869588255,2019-08-03T21:59:48.255Z,buy,1.28e-06,22.0,2.816e-05
DATA/BTC,1564869883912,2019-08-03T22:04:43.912Z,buy,1.28e-06,117.0,0.00014976
DATA/BTC,1564870497460,2019-08-03T22:14:57.460Z,buy,1.28e-06,122.0,0.00015616
DATA/BTC,1564870501409,2019-08-03T22:15:01.409Z,buy,1.28e-06,29.0,3.712e-05
DATA/BTC,1564870566979,2019-08-03T22:16:06.979Z,buy,1.28e-06,24837.0,0.03179136
DATA/BTC,1564870566984,2019-08-03T22:16:06.984Z,buy,1.28e-06,24844.0,0.03180032
DATA/BTC,1564870566997,2019-08-03T22:16:06.997Z,buy,1.28e-06,9167.0,0.01173376
DATA/BTC,1564870566998,2019-08-03T22:16:06.998Z,buy,1.28e-06,36.0,4.608e-05
DATA/BTC,1564870570111,2019-08-03T22:16:10.111Z,sell,1.27e-06,9167.0,0.0116420899999999
DATA/BTC,1564870572013,2019-08-03T22:16:12.013Z,buy,1.28e-06,635.0,0.0008128
DATA/BTC,1564870575021,2019-08-03T22:16:15.021Z,sell,1.27e-06,318.0,0.0004038599999999
DATA/BTC,1564870578552,2019-08-03T22:16:18.552Z,sell,1.27e-06,247.0,0.00031369
DATA/BTC,1564870607838,2019-08-03T22:16:47.838Z,buy,1.28e-06,24214.0,0.03099392
DATA/BTC,1564870664669,2019-08-03T22:17:44.669Z,buy,1.29e-06,1026.0,0.00132354
DATA/BTC,1564870914791,2019-08-03T22:21:54.791Z,buy,1.29e-06,108.0,0.00013932
DATA/BTC,1564870945443,2019-08-03T22:22:25.443Z,buy,1.29e-06,118.0,0.00015222
DATA/BTC,1564870988012,2019-08-03T22:23:08.012Z,sell,1.28e-06,995.0,0.0012736
DATA/BTC,1564871619005,2019-08-03T22:33:39.005Z,sell,1.28e-06,15548.0,0.01990144
DATA/BTC,1564871661539,2019-08-03T22:34:21.539Z,buy,1.28e-06,780.0,0.0009984
DATA/BTC,1564871843984,2019-08-03T22:37:23.984Z,sell,1.27e-06,64601.0,0.0820432699999999
DATA/BTC,1564872038290,2019-08-03T22:40:38.290Z,buy,1.28e-06,9516.0,0.01218048
DATA/BTC,1564872038639,2019-08-03T22:40:38.639Z,buy,1.28e-06,23.0,2.944e-05
DATA/BTC,1564872274294,2019-08-03T22:44:34.294Z,buy,1.28e-06,758.0,0.00097024
DATA/BTC,1564872288449,2019-08-03T22:44:48.449Z,sell,1.27e-06,782.0,0.00099314
DATA/BTC,1564872786205,2019-08-03T22:53:06.205Z,buy,1.28e-06,207.0,0.00026496
DATA/BTC,1564872830000,2019-08-03T22:53:50.000Z,buy,1.28e-06,200.0,0.000256
DATA/BTC,1564872839261,2019-08-03T22:53:59.261Z,buy,1.28e-06,787.0,0.00100736
DATA/BTC,1564872839261,2019-08-03T22:53:59.261Z,buy,1.28e-06,787.0,0.00100736
DATA/BTC,1564873582104,2019-08-03T23:06:22.104Z,buy,1.28e-06,426.0,0.00054528
DATA/BTC,1564873582604,2019-08-03T23:06:22.604Z,buy,1.28e-06,439.0,0.00056192
DATA/BTC,1564873657670,2019-08-03T23:07:37.670Z,sell,1.27e-06,778.0,0.00098806
DATA/BTC,1564873953178,2019-08-03T23:12:33.178Z,buy,1.28e-06,23.0,2.944e-05
DATA/BTC,1564874126905,2019-08-03T23:15:26.905Z,sell,1.27e-06,2561.0,0.00325247
DATA/BTC,1564874136305,2019-08-03T23:15:36.305Z,buy,1.27e-06,22.0,2.794e-05
DATA/BTC,1564874141900,2019-08-03T23:15:41.900Z,sell,1.26e-06,1436.0,0.00180936
DATA/BTC,1564874146468,2019-08-03T23:15:46.468Z,sell,1.26e-06,405.0,0.0005103
DATA/BTC,1564874157047,2019-08-03T23:15:57.047Z,sell,1.26e-06,20225.0,0.0254835
DATA/BTC,1564874157200,2019-08-03T23:15:57.200Z,sell,1.26e-06,969.0,0.00122094
DATA/BTC,1564874158778,2019-08-03T23:15:58.778Z,buy,1.27e-06,1921.0,0.0024396699999999
DATA/BTC,1564874166151,2019-08-03T23:16:06.151Z,buy,1.27e-06,17444.0,0.0221538799999999
DATA/BTC,1564874178996,2019-08-03T23:16:18.996Z,buy,1.27e-06,1000.0,0.0012699999999999
DATA/BTC,1564874179406,2019-08-03T23:16:19.406Z,buy,1.27e-06,1000.0,0.0012699999999999
DATA/BTC,1564874179769,2019-08-03T23:16:19.769Z,buy,1.27e-06,499.0,0.00063373
DATA/BTC,1564874180159,2019-08-03T23:16:20.159Z,buy,1.28e-06,29.0,3.712e-05
DATA/BTC,1564874519257,2019-08-03T23:21:59.257Z,sell,1.27e-06,80.0,0.0001015999999999
DATA/BTC,1564875485683,2019-08-03T23:38:05.683Z,buy,1.28e-06,14277.0,0.01827456
DATA/BTC,1564875921478,2019-08-03T23:45:21.478Z,sell,1.26e-06,883.0,0.00111258
DATA/BTC,1564875969705,2019-08-03T23:46:09.705Z,buy,1.28e-06,80.0,0.0001024
DATA/BTC,1564875975766,2019-08-03T23:46:15.766Z,sell,1.27e-06,222.0,0.00028194
DATA/BTC,1564875975766,2019-08-03T23:46:15.766Z,sell,1.26e-06,5582.0,0.00703332
DATA/BTC,1564875975766,2019-08-03T23:46:15.766Z,sell,1.27e-06,222.0,0.00028194
DATA/BTC,1564875975766,2019-08-03T23:46:15.766Z,sell,1.26e-06,5582.0,0.00703332
DATA/BTC,1564876767766,2019-08-03T23:59:27.766Z,buy,1.28e-06,80.0,0.0001024
DATA/BTC,1564876800917,2019-08-04T00:00:00.917Z,buy,1.28e-06,80.0,0.0001024
DATA/BTC,1564876810154,2019-08-04T00:00:10.154Z,buy,1.28e-06,408.0,0.00052224
DATA/BTC,1564878228022,2019-08-04T00:23:48.022Z,sell,1.27e-06,628.0,0.0007975599999999
DATA/BTC,1564879328391,2019-08-04T00:42:08.391Z,sell,1.26e-06,90129.0,0.11356254
DATA/BTC,1564879330815,2019-08-04T00:42:10.815Z,sell,1.26e-06,405.0,0.0005103
DATA/BTC,1564879330815,2019-08-04T00:42:10.815Z,sell,1.26e-06,405.0,0.0005103
DATA/BTC,1564879770274,2019-08-04T00:49:30.274Z,buy,1.27e-06,3292.0,0.00418084
DATA/BTC,1564880259005,2019-08-04T00:57:39.005Z,buy,1.27e-06,3022.0,0.0038379399999999
DATA/BTC,1564880259034,2019-08-04T00:57:39.034Z,buy,1.27e-06,2767.0,0.0035140899999999
DATA/BTC,1564880259754,2019-08-04T00:57:39.754Z,buy,1.27e-06,3022.0,0.0038379399999999
DATA/BTC,1564880261999,2019-08-04T00:57:41.999Z,buy,1.27e-06,984.0,0.00124968
DATA/BTC,1564880271164,2019-08-04T00:57:51.164Z,buy,1.27e-06,2264.0,0.0028752799999999
DATA/BTC,1564880271192,2019-08-04T00:57:51.192Z,buy,1.27e-06,2264.0,0.0028752799999999
DATA/BTC,1564880271192,2019-08-04T00:57:51.192Z,buy,1.27e-06,2264.0,0.0028752799999999
DATA/BTC,1564883820571,2019-08-04T01:57:00.571Z,buy,1.27e-06,93.0,0.0001181099999999
DATA/BTC,1564883820833,2019-08-04T01:57:00.833Z,buy,1.27e-06,1000.0,0.0012699999999999
DATA/BTC,1564883820833,2019-08-04T01:57:00.833Z,buy,1.27e-06,1000.0,0.0012699999999999
DATA/BTC,1564884367189,2019-08-04T02:06:07.189Z,sell,1.26e-06,49338.0,0.06216588
DATA/BTC,1564884367189,2019-08-04T02:06:07.189Z,sell,1.25e-06,312977.0,0.39122125
DATA/BTC,1564884367213,2019-08-04T02:06:07.213Z,buy,1.25e-06,15626.0,0.0195325
DATA/BTC,1564884367218,2019-08-04T02:06:07.218Z,buy,1.25e-06,15610.0,0.0195125
DATA/BTC,1564884367232,2019-08-04T02:06:07.232Z,buy,1.25e-06,6449.0,0.00806125
DATA/BTC,1564884367310,2019-08-04T02:06:07.310Z,buy,1.26e-06,2126.0,0.00267876
DATA/BTC,1564884368773,2019-08-04T02:06:08.773Z,sell,1.24e-06,1073.0,0.00133052
DATA/BTC,1564884369010,2019-08-04T02:06:09.010Z,sell,1.24e-06,782.0,0.00096968
DATA/BTC,1564884369621,2019-08-04T02:06:09.621Z,buy,1.25e-06,2396.0,0.002995
DATA/BTC,1564884369717,2019-08-04T02:06:09.717Z,buy,1.25e-06,866.0,0.0010825
DATA/BTC,1564884370889,2019-08-04T02:06:10.889Z,sell,1.25e-06,111.0,0.00013875
DATA/BTC,1564884370889,2019-08-04T02:06:10.889Z,sell,1.24e-06,294.0,0.00036456
DATA/BTC,1564884372875,2019-08-04T02:06:12.875Z,buy,1.25e-06,1602.0,0.0020025
DATA/BTC,1564884373218,2019-08-04T02:06:13.218Z,buy,1.25e-06,2406.0,0.0030075
DATA/BTC,1564884374589,2019-08-04T02:06:14.589Z,sell,1.24e-06,2222.0,0.00275528
DATA/BTC,1564884374761,2019-08-04T02:06:14.761Z,sell,1.24e-06,2016.0,0.00249984
DATA/BTC,1564884377791,2019-08-04T02:06:17.791Z,sell,1.24e-06,787.0,0.00097588
DATA/BTC,1564884381589,2019-08-04T02:06:21.589Z,buy,1.25e-06,2441.0,0.00305125
DATA/BTC,1564884399654,2019-08-04T02:06:39.654Z,buy,1.25e-06,10075.0,0.01259375
DATA/BTC,1564884403865,2019-08-04T02:06:43.865Z,buy,1.25e-06,7730.0,0.0096625
DATA/BTC,1564884403865,2019-08-04T02:06:43.865Z,buy,1.26e-06,11444.0,0.01441944
DATA/BTC,1564884423552,2019-08-04T02:07:03.552Z,buy,1.26e-06,20468.0,0.02578968
DATA/BTC,1564884423704,2019-08-04T02:07:03.704Z,buy,1.26e-06,873.0,0.00109998
DATA/BTC,1564884423715,2019-08-04T02:07:03.715Z,buy,1.26e-06,26427.0,0.03329802
DATA/BTC,1564884424105,2019-08-04T02:07:04.105Z,sell,1.25e-06,2637.0,0.00329625
DATA/BTC,1564884429820,2019-08-04T02:07:09.820Z,buy,1.26e-06,12875.0,0.0162225
DATA/BTC,1564884430280,2019-08-04T02:07:10.280Z,sell,1.26e-06,3058.0,0.00385308
DATA/BTC,1564884437222,2019-08-04T02:07:17.222Z,sell,1.26e-06,87.0,0.00010962
DATA/BTC,1564884485915,2019-08-04T02:08:05.915Z,sell,1.26e-06,73997.0,0.09323622
DATA/BTC,1564884489745,2019-08-04T02:08:09.745Z,sell,1.26e-06,11537.0,0.01453662
DATA/BTC,1564884508520,2019-08-04T02:08:28.520Z,sell,1.26e-06,187.0,0.00023562
DATA/BTC,1564884651919,2019-08-04T02:10:51.919Z,sell,1.26e-06,116.0,0.00014616
DATA/BTC,1564884777214,2019-08-04T02:12:57.214Z,sell,1.26e-06,165.0,0.0002079
DATA/BTC,1564884850425,2019-08-04T02:14:10.425Z,sell,1.26e-06,1811.0,0.00228186
DATA/BTC,1564884869571,2019-08-04T02:14:29.571Z,sell,1.26e-06,113.0,0.00014238
DATA/BTC,1564884970457,2019-08-04T02:16:10.457Z,sell,1.26e-06,598.0,0.00075348
DATA/BTC,1564885566843,2019-08-04T02:26:06.843Z,sell,1.26e-06,4608.0,0.00580608
DATA/BTC,1564886324950,2019-08-04T02:38:44.950Z,sell,1.26e-06,119.0,0.00014994
DATA/BTC,1564886324950,2019-08-04T02:38:44.950Z,sell,1.26e-06,119.0,0.00014994
DATA/BTC,1564887484187,2019-08-04T02:58:04.187Z,sell,1.26e-06,118.0,0.00014868
DATA/BTC,1564887967175,2019-08-04T03:06:07.175Z,sell,1.26e-06,117.0,0.00014742
DATA/BTC,1564888747877,2019-08-04T03:19:07.877Z,sell,1.26e-06,98.0,0.00012348
DATA/BTC,1564888780049,2019-08-04T03:19:40.049Z,buy,1.27e-06,79.0,0.00010033
DATA/BTC,1564888787826,2019-08-04T03:19:47.826Z,buy,1.27e-06,10018.0,0.0127228599999999
DATA/BTC,1564889631684,2019-08-04T03:33:51.684Z,buy,1.27e-06,456346.0,0.5795594199999999
DATA/BTC,1564889664769,2019-08-04T03:34:24.769Z,buy,1.27e-06,82.0,0.0001041399999999
DATA/BTC,1564889861850,2019-08-04T03:37:41.850Z,buy,1.27e-06,46638.0,0.0592302599999999
DATA/BTC,1564889861850,2019-08-04T03:37:41.850Z,buy,1.27e-06,46638.0,0.0592302599999999
DATA/BTC,1564890193889,2019-08-04T03:43:13.889Z,sell,1.27e-06,2417.0,0.0030695899999999
DATA/BTC,1564890194045,2019-08-04T03:43:14.045Z,sell,1.27e-06,866.0,0.0010998199999999
DATA/BTC,1564890325642,2019-08-04T03:45:25.642Z,sell,1.27e-06,103.0,0.00013081
DATA/BTC,1564890332704,2019-08-04T03:45:32.704Z,buy,1.28e-06,15073.0,0.01929344
DATA/BTC,1564890339792,2019-08-04T03:45:39.792Z,sell,1.27e-06,7936.0,0.01007872
DATA/BTC,1564890361896,2019-08-04T03:46:01.896Z,sell,1.27e-06,872.0,0.00110744
DATA/BTC,1564890399485,2019-08-04T03:46:39.485Z,buy,1.28e-06,14089.0,0.01803392
DATA/BTC,1564892345015,2019-08-04T04:19:05.015Z,buy,1.28e-06,750.0,0.00096
DATA/BTC,1564892403015,2019-08-04T04:20:03.015Z,buy,1.28e-06,750.0,0.00096
DATA/BTC,1564893135828,2019-08-04T04:32:15.828Z,buy,1.28e-06,10023.0,0.01282944
DATA/BTC,1564893138799,2019-08-04T04:32:18.799Z,buy,1.28e-06,1234.0,0.00157952
DATA/BTC,1564893138799,2019-08-04T04:32:18.799Z,buy,1.28e-06,1234.0,0.00157952
DATA/BTC,1564893884962,2019-08-04T04:44:44.962Z,buy,1.28e-06,21484.0,0.02749952
DATA/BTC,1564894110483,2019-08-04T04:48:30.483Z,sell,1.28e-06,90.0,0.0001152
DATA/BTC,1564894127741,2019-08-04T04:48:47.741Z,buy,1.29e-06,13661.0,0.01762269
DATA/BTC,1564894231058,2019-08-04T04:50:31.058Z,sell,1.28e-06,793.0,0.00101504
DATA/BTC,1564895502406,2019-08-04T05:11:42.406Z,sell,1.28e-06,18511.0,0.02369408
DATA/BTC,1564895973010,2019-08-04T05:19:33.010Z,buy,1.29e-06,776.0,0.00100104
DATA/BTC,1564896005515,2019-08-04T05:20:05.515Z,buy,1.29e-06,776.0,0.00100104
DATA/BTC,1564896005515,2019-08-04T05:20:05.515Z,buy,1.29e-06,776.0,0.00100104
DATA/BTC,1564897016899,2019-08-04T05:36:56.899Z,buy,1.29e-06,61875.0,0.07981875
DATA/BTC,1564897075804,2019-08-04T05:37:55.804Z,sell,1.28e-06,999.0,0.00127872
DATA/BTC,1564899064780,2019-08-04T06:11:04.780Z,sell,1.28e-06,39572.0,0.05065216
DATA/BTC,1564899065010,2019-08-04T06:11:05.010Z,sell,1.28e-06,104.0,0.00013312
DATA/BTC,1564899203097,2019-08-04T06:13:23.097Z,buy,1.29e-06,112.0,0.00014448
DATA/BTC,1564899218151,2019-08-04T06:13:38.151Z,buy,1.28e-06,110.0,0.0001408
DATA/BTC,1564899218151,2019-08-04T06:13:38.151Z,buy,1.29e-06,55008.0,0.07096032
DATA/BTC,1564899246844,2019-08-04T06:14:06.844Z,sell,1.28e-06,2000.0,0.00256
DATA/BTC,1564899250131,2019-08-04T06:14:10.131Z,sell,1.28e-06,1000.0,0.00128
DATA/BTC,1564899250584,2019-08-04T06:14:10.584Z,sell,1.28e-06,1000.0,0.00128
DATA/BTC,1564899251019,2019-08-04T06:14:11.019Z,sell,1.28e-06,1000.0,0.00128
DATA/BTC,1564899265465,2019-08-04T06:14:25.465Z,sell,1.27e-06,2000.0,0.0025399999999999
DATA/BTC,1564899265530,2019-08-04T06:14:25.530Z,sell,1.27e-06,2000.0,0.0025399999999999
DATA/BTC,1564899269377,2019-08-04T06:14:29.377Z,sell,1.28e-06,2000.0,0.00256
DATA/BTC,1564899269521,2019-08-04T06:14:29.521Z,sell,1.28e-06,2000.0,0.00256
DATA/BTC,1564899270138,2019-08-04T06:14:30.138Z,sell,1.28e-06,32135.0,0.0411328
DATA/BTC,1564899307125,2019-08-04T06:15:07.125Z,sell,1.27e-06,649.0,0.0008242299999999
DATA/BTC,1564899307226,2019-08-04T06:15:07.226Z,sell,1.27e-06,649.0,0.0008242299999999
DATA/BTC,1564899307226,2019-08-04T06:15:07.226Z,sell,1.27e-06,1351.0,0.00171577
DATA/BTC,1564899307325,2019-08-04T06:15:07.325Z,sell,1.27e-06,2000.0,0.0025399999999999
DATA/BTC,1564899335787,2019-08-04T06:15:35.787Z,sell,1.27e-06,1892.0,0.00240284
DATA/BTC,1564899335787,2019-08-04T06:15:35.787Z,sell,1.27e-06,1892.0,0.00240284
DATA/BTC,1564900154017,2019-08-04T06:29:14.017Z,buy,1.28e-06,9089.0,0.01163392
DATA/BTC,1564900708124,2019-08-04T06:38:28.124Z,buy,1.28e-06,4586.0,0.00587008
DATA/BTC,1564902059778,2019-08-04T07:00:59.778Z,sell,1.27e-06,4960.0,0.0062992
DATA/BTC,1564902062119,2019-08-04T07:01:02.119Z,sell,1.26e-06,776.0,0.00097776
DATA/BTC,1564902062196,2019-08-04T07:01:02.196Z,sell,1.26e-06,776.0,0.00097776
DATA/BTC,1564902064342,2019-08-04T07:01:04.342Z,sell,1.26e-06,2634.0,0.00331884
DATA/BTC,1564902144453,2019-08-04T07:02:24.453Z,buy,1.27e-06,3900.0,0.004953
DATA/BTC,1564902215407,2019-08-04T07:03:35.407Z,buy,1.27e-06,788.0,0.0010007599999999
DATA/BTC,1564902403550,2019-08-04T07:06:43.550Z,sell,1.26e-06,10000.0,0.0126
DATA/BTC,1564902403717,2019-08-04T07:06:43.717Z,sell,1.26e-06,114.0,0.00014364
DATA/BTC,1564902453822,2019-08-04T07:07:33.822Z,sell,1.26e-06,52953.0,0.06672078
DATA/BTC,1564902475193,2019-08-04T07:07:55.193Z,sell,1.26e-06,101.0,0.00012726
DATA/BTC,1564902530369,2019-08-04T07:08:50.369Z,buy,1.27e-06,402.0,0.00051054
DATA/BTC,1564902530378,2019-08-04T07:08:50.378Z,buy,1.27e-06,1208.0,0.00153416
DATA/BTC,1564902531018,2019-08-04T07:08:51.018Z,buy,1.27e-06,402.0,0.00051054
DATA/BTC,1564902531031,2019-08-04T07:08:51.031Z,buy,1.27e-06,1208.0,0.00153416
DATA/BTC,1564902531093,2019-08-04T07:08:51.093Z,buy,1.27e-06,1164.0,0.00147828
DATA/BTC,1564902768620,2019-08-04T07:12:48.620Z,buy,1.27e-06,400.0,0.000508
DATA/BTC,1564902768637,2019-08-04T07:12:48.637Z,buy,1.27e-06,402.0,0.00051054
DATA/BTC,1564902768724,2019-08-04T07:12:48.724Z,buy,1.27e-06,400.0,0.000508
DATA/BTC,1564902768724,2019-08-04T07:12:48.724Z,buy,1.27e-06,400.0,0.000508
DATA/BTC,1564903773577,2019-08-04T07:29:33.577Z,buy,1.27e-06,1128.0,0.0014325599999999
DATA/BTC,1564904057487,2019-08-04T07:34:17.487Z,buy,1.27e-06,81.0,0.00010287
DATA/BTC,1564904772169,2019-08-04T07:46:12.169Z,buy,1.27e-06,1024.0,0.00130048
DATA/BTC,1564905112678,2019-08-04T07:51:52.678Z,sell,1.26e-06,1498.0,0.00188748
DATA/BTC,1564906038863,2019-08-04T08:07:18.863Z,sell,1.27e-06,33868.0,0.04301236
DATA/BTC,1564906119423,2019-08-04T08:08:39.423Z,sell,1.27e-06,103.0,0.00013081
DATA/BTC,1564906208119,2019-08-04T08:10:08.119Z,buy,1.28e-06,638.0,0.00081664
DATA/BTC,1564906297431,2019-08-04T08:11:37.431Z,buy,1.28e-06,2559.0,0.00327552
DATA/BTC,1564906297431,2019-08-04T08:11:37.431Z,buy,1.28e-06,2559.0,0.00327552
DATA/BTC,1564906882491,2019-08-04T08:21:22.491Z,buy,1.28e-06,15963.0,0.02043264
DATA/BTC,1564906925997,2019-08-04T08:22:05.997Z,buy,1.28e-06,3899.0,0.00499072
DATA/BTC,1564906941513,2019-08-04T08:22:21.513Z,buy,1.28e-06,17850.0,0.022848
DATA/BTC,1564906942751,2019-08-04T08:22:22.751Z,buy,1.28e-06,17836.0,0.02283008
DATA/BTC,1564906988036,2019-08-04T08:23:08.036Z,buy,1.28e-06,287.0,0.00036736
DATA/BTC,1564906988415,2019-08-04T08:23:08.415Z,buy,1.28e-06,689.0,0.00088192
DATA/BTC,1564906988786,2019-08-04T08:23:08.786Z,buy,1.28e-06,324.0,0.00041472
DATA/BTC,1564907363094,2019-08-04T08:29:23.094Z,buy,1.28e-06,22066.0,0.02824448
DATA/BTC,1564907679334,2019-08-04T08:34:39.334Z,buy,1.28e-06,79.0,0.00010112
DATA/BTC,1564907694797,2019-08-04T08:34:54.797Z,buy,1.28e-06,127394.0,0.16306432
DATA/BTC,1564907695649,2019-08-04T08:34:55.649Z,buy,1.28e-06,1156.0,0.00147968
DATA/BTC,1564907696756,2019-08-04T08:34:56.756Z,buy,1.29e-06,1162.0,0.00149898
DATA/BTC,1564907744951,2019-08-04T08:35:44.951Z,sell,1.28e-06,4126.0,0.00528128
DATA/BTC,1564907829171,2019-08-04T08:37:09.171Z,sell,1.28e-06,541.0,0.00069248
DATA/BTC,1564907909503,2019-08-04T08:38:29.503Z,buy,1.29e-06,413.0,0.00053277
DATA/BTC,1564907910130,2019-08-04T08:38:30.130Z,buy,1.29e-06,370.0,0.0004773
DATA/BTC,1564907910630,2019-08-04T08:38:30.630Z,buy,1.29e-06,371.0,0.00047859
DATA/BTC,1564907993509,2019-08-04T08:39:53.509Z,buy,1.29e-06,384.0,0.00049536
DATA/BTC,1564908050765,2019-08-04T08:40:50.765Z,sell,1.28e-06,90.0,0.0001152
DATA/BTC,1564908051492,2019-08-04T08:40:51.492Z,buy,1.29e-06,2713.0,0.0034997699999999
DATA/BTC,1564908520095,2019-08-04T08:48:40.095Z,sell,1.28e-06,716.0,0.00091648
DATA/BTC,1564908826149,2019-08-04T08:53:46.149Z,sell,1.28e-06,2287.0,0.00292736
DATA/BTC,1564909343437,2019-08-04T09:02:23.437Z,sell,1.28e-06,220.0,0.0002816
DATA/BTC,1564909343437,2019-08-04T09:02:23.437Z,sell,1.28e-06,220.0,0.0002816
DATA/BTC,1564910056041,2019-08-04T09:14:16.041Z,buy,1.29e-06,21042.0,0.0271441799999999
DATA/BTC,1564910056070,2019-08-04T09:14:16.070Z,sell,1.29e-06,4469.0,0.00576501
DATA/BTC,1564910056485,2019-08-04T09:14:16.485Z,sell,1.29e-06,1000.0,0.00129
DATA/BTC,1564910056745,2019-08-04T09:14:16.745Z,sell,1.29e-06,12079.0,0.01558191
DATA/BTC,1564910058604,2019-08-04T09:14:18.604Z,sell,1.28e-06,788.0,0.00100864
DATA/BTC,1564910379567,2019-08-04T09:19:39.567Z,buy,1.29e-06,371.0,0.00047859
DATA/BTC,1564910380085,2019-08-04T09:19:40.085Z,buy,1.29e-06,1000.0,0.00129
DATA/BTC,1564910380480,2019-08-04T09:19:40.480Z,sell,1.29e-06,1000.0,0.00129
DATA/BTC,1564910380844,2019-08-04T09:19:40.844Z,sell,1.29e-06,1000.0,0.00129
DATA/BTC,1564910381253,2019-08-04T09:19:41.253Z,sell,1.29e-06,1000.0,0.00129
DATA/BTC,1564910381676,2019-08-04T09:19:41.676Z,sell,1.29e-06,1000.0,0.00129
DATA/BTC,1564910382030,2019-08-04T09:19:42.030Z,sell,1.29e-06,1000.0,0.00129
DATA/BTC,1564910696664,2019-08-04T09:24:56.664Z,sell,1.29e-06,1034.0,0.0013338599999999
DATA/BTC,1564910707520,2019-08-04T09:25:07.520Z,sell,1.28e-06,3906.0,0.00499968
DATA/BTC,1564910708083,2019-08-04T09:25:08.083Z,sell,1.28e-06,3906.0,0.00499968
DATA/BTC,1564910751384,2019-08-04T09:25:51.384Z,sell,1.28e-06,2556.0,0.00327168
DATA/BTC,1564912068997,2019-08-04T09:47:48.997Z,buy,1.29e-06,1155.0,0.0014899499999999
DATA/BTC,1564912234282,2019-08-04T09:50:34.282Z,buy,1.29e-06,449.0,0.0005792099999999
DATA/BTC,1564912552675,2019-08-04T09:55:52.675Z,buy,1.29e-06,222.0,0.00028638
DATA/BTC,1564912673870,2019-08-04T09:57:53.870Z,buy,1.29e-06,3120.0,0.0040247999999999
DATA/BTC,1564912673870,2019-08-04T09:57:53.870Z,buy,1.29e-06,3120.0,0.0040247999999999
DATA/BTC,1564913567447,2019-08-04T10:12:47.447Z,buy,1.29e-06,12072.0,0.0155728799999999
DATA/BTC,1564913585566,2019-08-04T10:13:05.566Z,sell,1.29e-06,25366.0,0.03272214
DATA/BTC,1564913638486,2019-08-04T10:13:58.486Z,sell,1.29e-06,700.0,0.0009029999999999
DATA/BTC,1564913638573,2019-08-04T10:13:58.573Z,sell,1.29e-06,3073.0,0.0039641699999999
DATA/BTC,1564913639873,2019-08-04T10:13:59.873Z,sell,1.29e-06,3073.0,0.0039641699999999
DATA/BTC,1564913661476,2019-08-04T10:14:21.476Z,sell,1.29e-06,5202.0,0.00671058
DATA/BTC,1564913667137,2019-08-04T10:14:27.137Z,sell,1.29e-06,700.0,0.0009029999999999
DATA/BTC,1564913682488,2019-08-04T10:14:42.488Z,sell,1.29e-06,331.0,0.00042699
DATA/BTC,1564914406260,2019-08-04T10:26:46.260Z,sell,1.29e-06,142.0,0.00018318
DATA/BTC,1564914406292,2019-08-04T10:26:46.292Z,buy,1.29e-06,3984.0,0.00513936
DATA/BTC,1564914409295,2019-08-04T10:26:49.295Z,buy,1.29e-06,5837.0,0.0075297299999999
DATA/BTC,1564914415141,2019-08-04T10:26:55.141Z,buy,1.29e-06,3900.0,0.005031
DATA/BTC,1564915242370,2019-08-04T10:40:42.370Z,sell,1.29e-06,103.0,0.00013287
DATA/BTC,1564915667809,2019-08-04T10:47:47.809Z,sell,1.29e-06,1853.0,0.0023903699999999
DATA/BTC,1564915901738,2019-08-04T10:51:41.738Z,sell,1.29e-06,96.0,0.00012384
DATA/BTC,1564915901738,2019-08-04T10:51:41.738Z,sell,1.29e-06,96.0,0.00012384
DATA/BTC,1564917159422,2019-08-04T11:12:39.422Z,sell,1.29e-06,977.0,0.0012603299999999
DATA/BTC,1564917160700,2019-08-04T11:12:40.700Z,sell,1.29e-06,588.0,0.0007585199999999
DATA/BTC,1564917160739,2019-08-04T11:12:40.739Z,sell,1.29e-06,1371.0,0.00176859
DATA/BTC,1564917441251,2019-08-04T11:17:21.251Z,sell,1.29e-06,97.0,0.00012513
DATA/BTC,1564917605526,2019-08-04T11:20:05.526Z,buy,1.3e-06,150.0,0.000195
DATA/BTC,1564917913094,2019-08-04T11:25:13.094Z,buy,1.3e-06,3172.0,0.0041236
DATA/BTC,1564919109084,2019-08-04T11:45:09.084Z,buy,1.3e-06,1076.0,0.0013988
DATA/BTC,1564919109520,2019-08-04T11:45:09.520Z,buy,1.3e-06,5631.0,0.0073203
DATA/BTC,1564919109520,2019-08-04T11:45:09.520Z,buy,1.3e-06,5631.0,0.0073203
DATA/BTC,1564919820256,2019-08-04T11:57:00.256Z,sell,1.29e-06,89.0,0.00011481
DATA/BTC,1564920590845,2019-08-04T12:09:50.845Z,sell,1.29e-06,36417.0,0.0469779299999999
DATA/BTC,1564920590974,2019-08-04T12:09:50.974Z,buy,1.29e-06,420.0,0.0005417999999999
DATA/BTC,1564920997626,2019-08-04T12:16:37.626Z,buy,1.29e-06,99.0,0.0001277099999999
DATA/BTC,1564921390403,2019-08-04T12:23:10.403Z,buy,1.29e-06,92.0,0.00011868
DATA/BTC,1564921566633,2019-08-04T12:26:06.633Z,buy,1.29e-06,100.0,0.000129
DATA/BTC,1564921604184,2019-08-04T12:26:44.184Z,buy,1.29e-06,17076.0,0.02202804
DATA/BTC,1564921604184,2019-08-04T12:26:44.184Z,buy,1.29e-06,17076.0,0.02202804
DATA/BTC,1564923409862,2019-08-04T12:56:49.862Z,sell,1.28e-06,1240.0,0.0015872
DATA/BTC,1564923715284,2019-08-04T13:01:55.284Z,sell,1.28e-06,149316.0,0.19112448
DATA/BTC,1564923789587,2019-08-04T13:03:09.587Z,buy,1.29e-06,3876.0,0.00500004
DATA/BTC,1564923887887,2019-08-04T13:04:47.887Z,buy,1.29e-06,96.0,0.00012384
DATA/BTC,1564923909329,2019-08-04T13:05:09.329Z,buy,1.29e-06,3876.0,0.00500004
DATA/BTC,1564924673710,2019-08-04T13:17:53.710Z,buy,1.29e-06,78.0,0.00010062
DATA/BTC,1564924686959,2019-08-04T13:18:06.959Z,buy,1.29e-06,1000.0,0.00129
DATA/BTC,1564924691133,2019-08-04T13:18:11.133Z,buy,1.29e-06,1000.0,0.00129
DATA/BTC,1564924695314,2019-08-04T13:18:15.314Z,buy,1.29e-06,961.0,0.0012396899999999
DATA/BTC,1564924737709,2019-08-04T13:18:57.709Z,buy,1.29e-06,1545.0,0.0019930499999999
DATA/BTC,1564924744497,2019-08-04T13:19:04.497Z,buy,1.29e-06,1931.0,0.00249099
DATA/BTC,1564924807077,2019-08-04T13:20:07.077Z,buy,1.29e-06,77.0,9.933e-05
DATA/BTC,1564924807077,2019-08-04T13:20:07.077Z,buy,1.29e-06,77.0,9.933e-05
DATA/BTC,1564925746143,2019-08-04T13:35:46.143Z,buy,1.29e-06,3858.0,0.00497682
DATA/BTC,1564925935221,2019-08-04T13:38:55.221Z,buy,1.29e-06,18646.0,0.02405334
DATA/BTC,1564926068929,2019-08-04T13:41:08.929Z,sell,1.29e-06,853.0,0.00110037
DATA/BTC,1564926900883,2019-08-04T13:55:00.883Z,sell,1.29e-06,44257.0,0.0570915299999999
DATA/BTC,1564927693550,2019-08-04T14:08:13.550Z,sell,1.29e-06,200.0,0.000258
DATA/BTC,1564927803348,2019-08-04T14:10:03.348Z,sell,1.29e-06,200.0,0.000258
DATA/BTC,1564928007632,2019-08-04T14:13:27.632Z,sell,1.29e-06,102297.0,0.1319631299999999
DATA/BTC,1564928007632,2019-08-04T14:13:27.632Z,sell,1.29e-06,102297.0,0.1319631299999999
DATA/BTC,1564929621841,2019-08-04T14:40:21.841Z,buy,1.29e-06,97871.0,0.12625359
DATA/BTC,1564929900437,2019-08-04T14:45:00.437Z,sell,1.28e-06,100.0,0.000128
DATA/BTC,1564929910413,2019-08-04T14:45:10.413Z,sell,1.29e-06,80.0,0.0001031999999999
DATA/BTC,1564930075287,2019-08-04T14:47:55.287Z,sell,1.28e-06,415.0,0.0005312
DATA/BTC,1564930128908,2019-08-04T14:48:48.908Z,buy,1.3e-06,78.0,0.0001014
DATA/BTC,1564930135407,2019-08-04T14:48:55.407Z,sell,1.29e-06,7447.0,0.00960663
DATA/BTC,1564930140891,2019-08-04T14:49:00.891Z,sell,1.29e-06,19294.0,0.02488926
DATA/BTC,1564930321432,2019-08-04T14:52:01.432Z,sell,1.29e-06,156.0,0.00020124
DATA/BTC,1564930321432,2019-08-04T14:52:01.432Z,sell,1.28e-06,53452.0,0.06841856
DATA/BTC,1564930330394,2019-08-04T14:52:10.394Z,sell,1.29e-06,3901.0,0.00503229
DATA/BTC,1564930528208,2019-08-04T14:55:28.208Z,buy,1.29e-06,2325.0,0.0029992499999999
DATA/BTC,1564930925120,2019-08-04T15:02:05.120Z,sell,1.28e-06,8453.0,0.01081984
DATA/BTC,1564931007744,2019-08-04T15:03:27.744Z,sell,1.27e-06,21777.0,0.0276567899999999
DATA/BTC,1564931008009,2019-08-04T15:03:28.009Z,sell,1.27e-06,9247.0,0.01174369
DATA/BTC,1564931008010,2019-08-04T15:03:28.010Z,sell,1.27e-06,25000.0,0.03175
DATA/BTC,1564931008010,2019-08-04T15:03:28.010Z,sell,1.27e-06,23000.0,0.0292099999999999
DATA/BTC,1564931008459,2019-08-04T15:03:28.459Z,sell,1.27e-06,3908.0,0.0049631599999999
DATA/BTC,1564931008508,2019-08-04T15:03:28.508Z,buy,1.27e-06,1138.0,0.0014452599999999
DATA/BTC,1564931008525,2019-08-04T15:03:28.525Z,buy,1.27e-06,1138.0,0.0014452599999999
DATA/BTC,1564931008541,2019-08-04T15:03:28.541Z,buy,1.27e-06,1260.0,0.0016002
DATA/BTC,1564931008547,2019-08-04T15:03:28.547Z,buy,1.27e-06,1138.0,0.0014452599999999
DATA/BTC,1564931009602,2019-08-04T15:03:29.602Z,sell,1.26e-06,3876.0,0.00488376
DATA/BTC,1564931009602,2019-08-04T15:03:29.602Z,sell,1.26e-06,31035.0,0.0391041
DATA/BTC,1564931009605,2019-08-04T15:03:29.605Z,sell,1.26e-06,3876.0,0.00488376
DATA/BTC,1564931011330,2019-08-04T15:03:31.330Z,buy,1.27e-06,15000.0,0.0190499999999999
DATA/BTC,1564931011335,2019-08-04T15:03:31.335Z,buy,1.27e-06,12705.0,0.01613535
DATA/BTC,1564931011335,2019-08-04T15:03:31.335Z,buy,1.28e-06,9560.0,0.0122368
DATA/BTC,1564931131672,2019-08-04T15:05:31.672Z,sell,1.26e-06,79365.0,0.0999999
DATA/BTC,1564931235932,2019-08-04T15:07:15.932Z,buy,1.27e-06,700.0,0.0008889999999999
DATA/BTC,1564931323291,2019-08-04T15:08:43.291Z,buy,1.27e-06,48743.0,0.06190361
DATA/BTC,1564931340203,2019-08-04T15:09:00.203Z,sell,1.26e-06,4915.0,0.0061929
DATA/BTC,1564931394248,2019-08-04T15:09:54.248Z,sell,1.26e-06,19168.0,0.02415168
DATA/BTC,1564931447226,2019-08-04T15:10:47.226Z,sell,1.26e-06,6975.0,0.0087885
DATA/BTC,1564931464486,2019-08-04T15:11:04.486Z,buy,1.26e-06,167.0,0.00021042
DATA/BTC,1564931464486,2019-08-04T15:11:04.486Z,buy,1.27e-06,1196.0,0.00151892
DATA/BTC,1564931541356,2019-08-04T15:12:21.356Z,sell,1.26e-06,1271.0,0.00160146
DATA/BTC,1564931541356,2019-08-04T15:12:21.356Z,sell,1.26e-06,1271.0,0.00160146
DATA/BTC,1564931645214,2019-08-04T15:14:05.214Z,sell,1.25e-06,1138.0,0.0014225
DATA/BTC,1564931988006,2019-08-04T15:19:48.006Z,buy,1.26e-06,93.0,0.00011718
DATA/BTC,1564931988269,2019-08-04T15:19:48.269Z,buy,1.26e-06,19000.0,0.02394
DATA/BTC,1564931988273,2019-08-04T15:19:48.273Z,buy,1.26e-06,3518.0,0.00443268
DATA/BTC,1564931988320,2019-08-04T15:19:48.320Z,sell,1.26e-06,5372.0,0.00676872
DATA/BTC,1564932197040,2019-08-04T15:23:17.040Z,buy,1.27e-06,11437.0,0.01452499
DATA/BTC,1564932404419,2019-08-04T15:26:44.419Z,sell,1.26e-06,9190.0,0.0115794
DATA/BTC,1564932763880,2019-08-04T15:32:43.880Z,sell,1.26e-06,2032.0,0.00256032
DATA/BTC,1564932960587,2019-08-04T15:36:00.587Z,sell,1.25e-06,865.0,0.00108125
DATA/BTC,1564932962893,2019-08-04T15:36:02.893Z,buy,1.26e-06,222.0,0.00027972
DATA/BTC,1564933275873,2019-08-04T15:41:15.873Z,sell,1.25e-06,444.0,0.000555
DATA/BTC,1564933301156,2019-08-04T15:41:41.156Z,sell,1.25e-06,12517.0,0.01564625
DATA/BTC,1564933309416,2019-08-04T15:41:49.416Z,sell,1.24e-06,10517.0,0.01304108
DATA/BTC,1564933338277,2019-08-04T15:42:18.277Z,sell,1.24e-06,405.0,0.0005022
DATA/BTC,1564933380865,2019-08-04T15:43:00.865Z,sell,1.24e-06,14152.0,0.0175484799999999
DATA/BTC,1564933383729,2019-08-04T15:43:03.729Z,sell,1.24e-06,2016.0,0.00249984
DATA/BTC,1564933448040,2019-08-04T15:44:08.040Z,sell,1.24e-06,4182.0,0.00518568
DATA/BTC,1564933469768,2019-08-04T15:44:29.768Z,buy,1.24e-06,8972.0,0.01112528
DATA/BTC,1564933510988,2019-08-04T15:45:10.988Z,sell,1.23e-06,5625.0,0.00691875
DATA/BTC,1564933513306,2019-08-04T15:45:13.306Z,sell,1.23e-06,1076.0,0.00132348
DATA/BTC,1564933514731,2019-08-04T15:45:14.731Z,sell,1.23e-06,405.0,0.00049815
DATA/BTC,1564933519714,2019-08-04T15:45:19.714Z,sell,1.23e-06,8614.0,0.01059522
DATA/BTC,1564933702702,2019-08-04T15:48:22.702Z,buy,1.24e-06,83.0,0.00010292
DATA/BTC,1564933704550,2019-08-04T15:48:24.550Z,buy,1.24e-06,3368.0,0.00417632
DATA/BTC,1564934001093,2019-08-04T15:53:21.093Z,buy,1.24e-06,36423.0,0.04516452
DATA/BTC,1564934218746,2019-08-04T15:56:58.746Z,buy,1.24e-06,122.0,0.00015128
DATA/BTC,1564934445014,2019-08-04T16:00:45.014Z,buy,1.24e-06,37454.0,0.04644296
DATA/BTC,1564934445014,2019-08-04T16:00:45.014Z,buy,1.25e-06,40671.0,0.05083875
DATA/BTC,1564934468583,2019-08-04T16:01:08.583Z,buy,1.25e-06,782.0,0.0009775
DATA/BTC,1564934487594,2019-08-04T16:01:27.594Z,sell,1.24e-06,800.0,0.000992
DATA/BTC,1564934506464,2019-08-04T16:01:46.464Z,sell,1.24e-06,2745.0,0.0034038
DATA/BTC,1564934546527,2019-08-04T16:02:26.527Z,sell,1.23e-06,10248.0,0.01260504
DATA/BTC,1564934546527,2019-08-04T16:02:26.527Z,sell,1.22e-06,2642.0,0.00322324
DATA/BTC,1564934546527,2019-08-04T16:02:26.527Z,sell,1.22e-06,3701.0,0.0045152199999999
DATA/BTC,1564934546527,2019-08-04T16:02:26.527Z,sell,1.22e-06,3004.0,0.0036648799999999
DATA/BTC,1564934546527,2019-08-04T16:02:26.527Z,sell,1.22e-06,297.0,0.00036234
DATA/BTC,1564934546527,2019-08-04T16:02:26.527Z,sell,1.22e-06,641.0,0.00078202
DATA/BTC,1564934546527,2019-08-04T16:02:26.527Z,sell,1.22e-06,3674.0,0.00448228
DATA/BTC,1564934547144,2019-08-04T16:02:27.144Z,sell,1.22e-06,1162.0,0.00141764
DATA/BTC,1564934548508,2019-08-04T16:02:28.508Z,buy,1.23e-06,88.0,0.00010824
DATA/BTC,1564934548669,2019-08-04T16:02:28.669Z,sell,1.22e-06,919.0,0.00112118
DATA/BTC,1564934549194,2019-08-04T16:02:29.194Z,sell,1.22e-06,405.0,0.0004941
DATA/BTC,1564934549396,2019-08-04T16:02:29.396Z,sell,1.22e-06,10455.0,0.0127551
DATA/BTC,1564934550733,2019-08-04T16:02:30.733Z,sell,1.22e-06,82334.0,0.1004474799999999
DATA/BTC,1564934587809,2019-08-04T16:03:07.809Z,buy,1.23e-06,82.0,0.00010086
DATA/BTC,1564934600979,2019-08-04T16:03:20.979Z,buy,1.23e-06,2764.0,0.00339972
DATA/BTC,1564934604951,2019-08-04T16:03:24.951Z,buy,1.23e-06,100344.0,0.12342312
DATA/BTC,1564934704432,2019-08-04T16:05:04.432Z,buy,1.24e-06,82.0,0.00010168
DATA/BTC,1564934748046,2019-08-04T16:05:48.046Z,buy,1.24e-06,80645.0,0.0999998
DATA/BTC,1564934783842,2019-08-04T16:06:23.842Z,sell,1.23e-06,111507.0,0.13715361
DATA/BTC,1564935064834,2019-08-04T16:11:04.834Z,sell,1.23e-06,8699.0,0.01069977
DATA/BTC,1564935064834,2019-08-04T16:11:04.834Z,sell,1.23e-06,8699.0,0.01069977
DATA/BTC,1564935173698,2019-08-04T16:12:53.698Z,sell,1.23e-06,15900.0,0.019557
DATA/BTC,1564935284937,2019-08-04T16:14:44.937Z,sell,1.23e-06,20100.0,0.024723
DATA/BTC,1564935486322,2019-08-04T16:18:06.322Z,buy,1.24e-06,406.0,0.00050344
DATA/BTC,1564935558007,2019-08-04T16:19:18.007Z,sell,1.23e-06,7777.0,0.00956571
DATA/BTC,1564935655197,2019-08-04T16:20:55.197Z,sell,1.23e-06,2223.0,0.00273429
DATA/BTC,1564935987306,2019-08-04T16:26:27.306Z,sell,1.23e-06,8000.0,0.00984
DATA/BTC,1564937707757,2019-08-04T16:55:07.757Z,sell,1.23e-06,2000.0,0.00246
DATA/BTC,1564937707874,2019-08-04T16:55:07.874Z,sell,1.23e-06,2000.0,0.00246
DATA/BTC,1564937707992,2019-08-04T16:55:07.992Z,sell,1.23e-06,2000.0,0.00246
DATA/BTC,1564937707996,2019-08-04T16:55:07.996Z,sell,1.23e-06,1000.0,0.00123
DATA/BTC,1564937708473,2019-08-04T16:55:08.473Z,sell,1.23e-06,1000.0,0.00123
DATA/BTC,1564937708764,2019-08-04T16:55:08.764Z,sell,1.23e-06,1000.0,0.00123
DATA/BTC,1564937710826,2019-08-04T16:55:10.826Z,sell,1.23e-06,2000.0,0.00246
DATA/BTC,1564937711310,2019-08-04T16:55:11.310Z,sell,1.23e-06,160.0,0.0001968
DATA/BTC,1564937711418,2019-08-04T16:55:11.418Z,sell,1.23e-06,1840.0,0.0022632
DATA/BTC,1564937745532,2019-08-04T16:55:45.532Z,sell,1.23e-06,6121.0,0.00752883
DATA/BTC,1564937766878,2019-08-04T16:56:06.878Z,sell,1.23e-06,1998.0,0.00245754
DATA/BTC,1564937779128,2019-08-04T16:56:19.128Z,sell,1.23e-06,1365.0,0.00167895
DATA/BTC,1564937837535,2019-08-04T16:57:17.535Z,sell,1.23e-06,1000.0,0.00123
DATA/BTC,1564937837956,2019-08-04T16:57:17.956Z,sell,1.23e-06,1000.0,0.00123
DATA/BTC,1564937838458,2019-08-04T16:57:18.458Z,sell,1.23e-06,1000.0,0.00123
DATA/BTC,1564937838752,2019-08-04T16:57:18.752Z,sell,1.23e-06,1000.0,0.00123
DATA/BTC,1564937839126,2019-08-04T16:57:19.126Z,sell,1.23e-06,1000.0,0.00123
DATA/BTC,1564937839552,2019-08-04T16:57:19.552Z,sell,1.23e-06,1000.0,0.00123
DATA/BTC,1564937839900,2019-08-04T16:57:19.900Z,sell,1.23e-06,1000.0,0.00123
DATA/BTC,1564937840294,2019-08-04T16:57:20.294Z,sell,1.23e-06,1000.0,0.00123
DATA/BTC,1564937840696,2019-08-04T16:57:20.696Z,sell,1.23e-06,1000.0,0.00123
DATA/BTC,1564937841113,2019-08-04T16:57:21.113Z,sell,1.23e-06,1000.0,0.00123
DATA/BTC,1564937841467,2019-08-04T16:57:21.467Z,sell,1.23e-06,1000.0,0.00123
DATA/BTC,1564937841819,2019-08-04T16:57:21.819Z,sell,1.23e-06,16260.0,0.0199998
DATA/BTC,1564937841868,2019-08-04T16:57:21.868Z,sell,1.23e-06,1000.0,0.00123
DATA/BTC,1564937842244,2019-08-04T16:57:22.244Z,sell,1.23e-06,1000.0,0.00123
DATA/BTC,1564937842646,2019-08-04T16:57:22.646Z,sell,1.23e-06,1000.0,0.00123
DATA/BTC,1564937843045,2019-08-04T16:57:23.045Z,sell,1.23e-06,1000.0,0.00123
DATA/BTC,1564937843409,2019-08-04T16:57:23.409Z,sell,1.23e-06,1000.0,0.00123
DATA/BTC,1564937843775,2019-08-04T16:57:23.775Z,sell,1.23e-06,1000.0,0.00123
DATA/BTC,1564937844144,2019-08-04T16:57:24.144Z,sell,1.23e-06,1000.0,0.00123
DATA/BTC,1564937844565,2019-08-04T16:57:24.565Z,sell,1.23e-06,1000.0,0.00123
DATA/BTC,1564937844990,2019-08-04T16:57:24.990Z,sell,1.23e-06,1000.0,0.00123
DATA/BTC,1564937845374,2019-08-04T16:57:25.374Z,sell,1.23e-06,1000.0,0.00123
DATA/BTC,1564937845496,2019-08-04T16:57:25.496Z,sell,1.23e-06,16260.0,0.0199998
DATA/BTC,1564937845788,2019-08-04T16:57:25.788Z,sell,1.23e-06,1000.0,0.00123
DATA/BTC,1564937846126,2019-08-04T16:57:26.126Z,sell,1.23e-06,1000.0,0.00123
DATA/BTC,1564937846616,2019-08-04T16:57:26.616Z,sell,1.23e-06,1000.0,0.00123
DATA/BTC,1564937846989,2019-08-04T16:57:26.989Z,sell,1.23e-06,1000.0,0.00123
DATA/BTC,1564937847363,2019-08-04T16:57:27.363Z,sell,1.23e-06,1000.0,0.00123
DATA/BTC,1564937847800,2019-08-04T16:57:27.800Z,sell,1.23e-06,1000.0,0.00123
DATA/BTC,1564937848132,2019-08-04T16:57:28.132Z,sell,1.23e-06,1000.0,0.00123
DATA/BTC,1564937848616,2019-08-04T16:57:28.616Z,sell,1.23e-06,1000.0,0.00123
DATA/BTC,1564937848979,2019-08-04T16:57:28.979Z,sell,1.23e-06,1000.0,0.00123
DATA/BTC,1564937849070,2019-08-04T16:57:29.070Z,sell,1.23e-06,16260.0,0.0199998
DATA/BTC,1564937849371,2019-08-04T16:57:29.371Z,sell,1.23e-06,1000.0,0.00123
DATA/BTC,1564937858168,2019-08-04T16:57:38.168Z,sell,1.23e-06,1000.0,0.00123
DATA/BTC,1564937858563,2019-08-04T16:57:38.563Z,sell,1.23e-06,1000.0,0.00123
DATA/BTC,1564937858943,2019-08-04T16:57:38.943Z,sell,1.23e-06,867.0,0.00106641
DATA/BTC,1564937859372,2019-08-04T16:57:39.372Z,sell,1.23e-06,473.0,0.00058179
DATA/BTC,1564937862739,2019-08-04T16:57:42.739Z,sell,1.23e-06,4528.0,0.00556944
DATA/BTC,1564938269116,2019-08-04T17:04:29.116Z,sell,1.23e-06,40650.0,0.0499995
DATA/BTC,1564938301436,2019-08-04T17:05:01.436Z,sell,1.23e-06,2241.0,0.00275643
DATA/BTC,1564938301436,2019-08-04T17:05:01.436Z,sell,1.23e-06,2241.0,0.00275643
DATA/BTC,1564938688387,2019-08-04T17:11:28.387Z,sell,1.22e-06,7521.0,0.0091756199999999
DATA/BTC,1564938690755,2019-08-04T17:11:30.755Z,sell,1.22e-06,405.0,0.0004941
DATA/BTC,1564938717443,2019-08-04T17:11:57.443Z,buy,1.23e-06,29638.0,0.03645474
DATA/BTC,1564938720485,2019-08-04T17:12:00.485Z,sell,1.22e-06,7521.0,0.0091756199999999
DATA/BTC,1564938786150,2019-08-04T17:13:06.150Z,buy,1.23e-06,573587.0,0.7055120100000001
DATA/BTC,1564938787125,2019-08-04T17:13:07.125Z,buy,1.24e-06,1365.0,0.0016926
DATA/BTC,1564938794140,2019-08-04T17:13:14.140Z,buy,1.24e-06,7475.0,0.009269
DATA/BTC,1564938820834,2019-08-04T17:13:40.834Z,buy,1.24e-06,1365.0,0.0016926
DATA/BTC,1564938839504,2019-08-04T17:13:59.504Z,buy,1.24e-06,7475.0,0.009269
DATA/BTC,1564938873979,2019-08-04T17:14:33.979Z,buy,1.24e-06,7475.0,0.009269
DATA/BTC,1564938936325,2019-08-04T17:15:36.325Z,buy,1.24e-06,7475.0,0.009269
DATA/BTC,1564939002755,2019-08-04T17:16:42.755Z,buy,1.24e-06,7475.0,0.009269
DATA/BTC,1564939084118,2019-08-04T17:18:04.118Z,buy,1.24e-06,7475.0,0.009269
DATA/BTC,1564939115652,2019-08-04T17:18:35.652Z,buy,1.24e-06,1774.0,0.00219976
DATA/BTC,1564939116213,2019-08-04T17:18:36.213Z,buy,1.24e-06,96.0,0.00011904
DATA/BTC,1564939144136,2019-08-04T17:19:04.136Z,buy,1.24e-06,7475.0,0.009269
DATA/BTC,1564939199982,2019-08-04T17:19:59.982Z,buy,1.24e-06,7475.0,0.009269
DATA/BTC,1564939237051,2019-08-04T17:20:37.051Z,buy,1.24e-06,16129.0,0.01999996
DATA/BTC,1564939243633,2019-08-04T17:20:43.633Z,buy,1.24e-06,7475.0,0.009269
DATA/BTC,1564939298623,2019-08-04T17:21:38.623Z,buy,1.24e-06,549.0,0.00068076
DATA/BTC,1564939551531,2019-08-04T17:25:51.531Z,buy,1.25e-06,4376.0,0.00547
DATA/BTC,1564939551541,2019-08-04T17:25:51.541Z,buy,1.25e-06,4376.0,0.00547
DATA/BTC,1564939551550,2019-08-04T17:25:51.550Z,buy,1.25e-06,2761.0,0.00345125
DATA/BTC,1564939551553,2019-08-04T17:25:51.553Z,buy,1.25e-06,1595.0,0.00199375
DATA/BTC,1564939551560,2019-08-04T17:25:51.560Z,sell,1.24e-06,2493.0,0.00309132
DATA/BTC,1564939552287,2019-08-04T17:25:52.287Z,buy,1.25e-06,4989.0,0.00623625
DATA/BTC,1564939585621,2019-08-04T17:26:25.621Z,buy,1.25e-06,4989.0,0.00623625
DATA/BTC,1564939621322,2019-08-04T17:27:01.322Z,buy,1.25e-06,198951.0,0.24868875
DATA/BTC,1564940057816,2019-08-04T17:34:17.816Z,sell,1.24e-06,91.0,0.00011284
DATA/BTC,1564940389574,2019-08-04T17:39:49.574Z,sell,1.24e-06,282.0,0.00034968
DATA/BTC,1564940561861,2019-08-04T17:42:41.861Z,buy,1.25e-06,4792.0,0.00599
DATA/BTC,1564940885274,2019-08-04T17:48:05.274Z,sell,1.24e-06,54157.0,0.06715468
DATA/BTC,1564940886647,2019-08-04T17:48:06.647Z,buy,1.25e-06,4083.0,0.00510375
DATA/BTC,1564940886713,2019-08-04T17:48:06.713Z,buy,1.26e-06,1996.0,0.00251496
DATA/BTC,1564940900599,2019-08-04T17:48:20.599Z,buy,1.26e-06,137208.0,0.17288208
DATA/BTC,1564940909068,2019-08-04T17:48:29.068Z,sell,1.25e-06,82.0,0.0001025
DATA/BTC,1564941059047,2019-08-04T17:50:59.047Z,sell,1.25e-06,18512.0,0.02314
DATA/BTC,1564941097747,2019-08-04T17:51:37.747Z,buy,1.26e-06,7936.0,0.00999936
DATA/BTC,1564941102059,2019-08-04T17:51:42.059Z,buy,1.26e-06,3174.0,0.00399924
DATA/BTC,1564941331975,2019-08-04T17:55:31.975Z,sell,1.25e-06,4376.0,0.00547
DATA/BTC,1564941573468,2019-08-04T17:59:33.468Z,sell,1.25e-06,2900.0,0.003625
DATA/BTC,1564941611560,2019-08-04T18:00:11.560Z,buy,1.26e-06,160.0,0.0002016
DATA/BTC,1564941769850,2019-08-04T18:02:49.850Z,buy,1.26e-06,1111.0,0.00139986
DATA/BTC,1564941859334,2019-08-04T18:04:19.334Z,sell,1.25e-06,109.0,0.00013625
DATA/BTC,1564941860324,2019-08-04T18:04:20.324Z,sell,1.25e-06,112.0,0.00014
DATA/BTC,1564941860324,2019-08-04T18:04:20.324Z,sell,1.25e-06,112.0,0.00014
DATA/BTC,1564942451925,2019-08-04T18:14:11.925Z,sell,1.25e-06,29825.0,0.03728125
DATA/BTC,1564943177458,2019-08-04T18:26:17.458Z,sell,1.25e-06,3129.0,0.00391125
DATA/BTC,1564943654253,2019-08-04T18:34:14.253Z,sell,1.25e-06,2757.0,0.00344625
DATA/BTC,1564944554977,2019-08-04T18:49:14.977Z,sell,1.25e-06,96.0,0.00012
DATA/BTC,1564944626207,2019-08-04T18:50:26.207Z,sell,1.25e-06,176744.0,0.22093
DATA/BTC,1564944626207,2019-08-04T18:50:26.207Z,sell,1.24e-06,389943.0,0.48352932
DATA/BTC,1564944626230,2019-08-04T18:50:26.230Z,buy,1.24e-06,33313.0,0.04130812
DATA/BTC,1564944626272,2019-08-04T18:50:26.272Z,buy,1.26e-06,33313.0,0.04197438
DATA/BTC,1564944626420,2019-08-04T18:50:26.420Z,sell,1.24e-06,1201.0,0.00148924
DATA/BTC,1564944626584,2019-08-04T18:50:26.584Z,buy,1.24e-06,1000.0,0.00124
DATA/BTC,1564944627655,2019-08-04T18:50:27.655Z,buy,1.24e-06,4402.0,0.00545848
DATA/BTC,1564944628027,2019-08-04T18:50:28.027Z,buy,1.24e-06,2000.0,0.00248
DATA/BTC,1564944628252,2019-08-04T18:50:28.252Z,buy,1.24e-06,1996.0,0.00247504
DATA/BTC,1564944628496,2019-08-04T18:50:28.496Z,buy,1.24e-06,2000.0,0.00248
DATA/BTC,1564944628568,2019-08-04T18:50:28.568Z,buy,1.24e-06,1192.0,0.0014780799999999
DATA/BTC,1564944628607,2019-08-04T18:50:28.607Z,buy,1.24e-06,808.0,0.00100192
DATA/BTC,1564944628688,2019-08-04T18:50:28.688Z,buy,1.24e-06,2000.0,0.00248
DATA/BTC,1564944628769,2019-08-04T18:50:28.769Z,buy,1.24e-06,1705.0,0.0021142
DATA/BTC,1564944628911,2019-08-04T18:50:28.911Z,buy,1.24e-06,295.0,0.0003658
DATA/BTC,1564944629024,2019-08-04T18:50:29.024Z,buy,1.24e-06,2000.0,0.00248
DATA/BTC,1564944629093,2019-08-04T18:50:29.093Z,buy,1.24e-06,2000.0,0.00248
DATA/BTC,1564944629186,2019-08-04T18:50:29.186Z,buy,1.24e-06,260.0,0.0003224
DATA/BTC,1564944629200,2019-08-04T18:50:29.200Z,buy,1.24e-06,1740.0,0.0021576
DATA/BTC,1564944629287,2019-08-04T18:50:29.287Z,buy,1.24e-06,2000.0,0.00248
DATA/BTC,1564944629352,2019-08-04T18:50:29.352Z,buy,1.24e-06,634.0,0.0007861599999999
DATA/BTC,1564944629442,2019-08-04T18:50:29.442Z,buy,1.24e-06,1337.0,0.00165788
DATA/BTC,1564944629687,2019-08-04T18:50:29.687Z,buy,1.25e-06,2000.0,0.0025
DATA/BTC,1564944629779,2019-08-04T18:50:29.779Z,buy,1.25e-06,2000.0,0.0025
DATA/BTC,1564944629839,2019-08-04T18:50:29.839Z,buy,1.25e-06,1946.0,0.0024325
DATA/BTC,1564944630193,2019-08-04T18:50:30.193Z,buy,1.25e-06,2000.0,0.0025
DATA/BTC,1564944630256,2019-08-04T18:50:30.256Z,buy,1.25e-06,2000.0,0.0025
DATA/BTC,1564944630346,2019-08-04T18:50:30.346Z,buy,1.25e-06,575.0,0.00071875
DATA/BTC,1564944649506,2019-08-04T18:50:49.506Z,buy,1.25e-06,81.0,0.00010125
DATA/BTC,1564944658404,2019-08-04T18:50:58.404Z,sell,1.24e-06,1201.0,0.00148924
DATA/BTC,1564944662595,2019-08-04T18:51:02.595Z,buy,1.25e-06,842.0,0.0010525
DATA/BTC,1564944662595,2019-08-04T18:51:02.595Z,buy,1.25e-06,842.0,0.0010525
DATA/BTC,1564945494206,2019-08-04T19:04:54.206Z,sell,1.24e-06,288389.0,0.35760236
DATA/BTC,1564945500553,2019-08-04T19:05:00.553Z,buy,1.24e-06,1000.0,0.00124
DATA/BTC,1564945500974,2019-08-04T19:05:00.974Z,buy,1.24e-06,1000.0,0.00124
DATA/BTC,1564945501351,2019-08-04T19:05:01.351Z,buy,1.24e-06,1000.0,0.00124
DATA/BTC,1564945501763,2019-08-04T19:05:01.763Z,buy,1.24e-06,1000.0,0.00124
DATA/BTC,1564945502190,2019-08-04T19:05:02.190Z,buy,1.24e-06,1000.0,0.00124
DATA/BTC,1564945502548,2019-08-04T19:05:02.548Z,buy,1.24e-06,1000.0,0.00124
DATA/BTC,1564945512578,2019-08-04T19:05:12.578Z,buy,1.24e-06,406.0,0.00050344
DATA/BTC,1564945520213,2019-08-04T19:05:20.213Z,buy,1.24e-06,10868.0,0.01347632
DATA/BTC,1564945520593,2019-08-04T19:05:20.593Z,buy,1.24e-06,1000.0,0.00124
DATA/BTC,1564945521068,2019-08-04T19:05:21.068Z,buy,1.24e-06,1000.0,0.00124
DATA/BTC,1564945523705,2019-08-04T19:05:23.705Z,buy,1.24e-06,205.0,0.0002542
DATA/BTC,1564945554300,2019-08-04T19:05:54.300Z,buy,1.25e-06,120.0,0.00015
DATA/BTC,1564945803752,2019-08-04T19:10:03.752Z,sell,1.24e-06,2946.0,0.0036530399999999
DATA/BTC,1564945939007,2019-08-04T19:12:19.007Z,sell,1.24e-06,211.0,0.00026164
DATA/BTC,1564946095481,2019-08-04T19:14:55.481Z,sell,1.24e-06,2746.0,0.00340504
DATA/BTC,1564946239635,2019-08-04T19:17:19.635Z,sell,1.24e-06,101.0,0.00012524
DATA/BTC,1564946266045,2019-08-04T19:17:46.045Z,sell,1.24e-06,27269.0,0.03381356
DATA/BTC,1564947296016,2019-08-04T19:34:56.016Z,sell,1.24e-06,4376.0,0.00542624
DATA/BTC,1564947878060,2019-08-04T19:44:38.060Z,sell,1.24e-06,103.0,0.00012772
DATA/BTC,1564947878060,2019-08-04T19:44:38.060Z,sell,1.24e-06,103.0,0.00012772
DATA/BTC,1564948517400,2019-08-04T19:55:17.400Z,sell,1.24e-06,404.0,0.00050096
DATA/BTC,1564949232177,2019-08-04T20:07:12.177Z,sell,1.24e-06,3333.0,0.00413292
DATA/BTC,1564949717109,2019-08-04T20:15:17.109Z,sell,1.24e-06,110.0,0.0001364
DATA/BTC,1564949797951,2019-08-04T20:16:37.951Z,sell,1.24e-06,1000.0,0.00124
DATA/BTC,1564950426691,2019-08-04T20:27:06.691Z,sell,1.24e-06,3174.0,0.00393576
DATA/BTC,1564950610396,2019-08-04T20:30:10.396Z,sell,1.24e-06,106.0,0.00013144
DATA/BTC,1564951370692,2019-08-04T20:42:50.692Z,sell,1.24e-06,608.0,0.0007539199999999
DATA/BTC,1564951370692,2019-08-04T20:42:50.692Z,sell,1.24e-06,608.0,0.0007539199999999
DATA/BTC,1564951489906,2019-08-04T20:44:49.906Z,sell,1.24e-06,147.0,0.00018228
DATA/BTC,1564951496127,2019-08-04T20:44:56.127Z,buy,1.24e-06,4128.0,0.00511872
DATA/BTC,1564952549879,2019-08-04T21:02:29.879Z,sell,1.23e-06,956.0,0.00117588
DATA/BTC,1564953015252,2019-08-04T21:10:15.252Z,buy,1.24e-06,8838.0,0.01095912
DATA/BTC,1564953375468,2019-08-04T21:16:15.468Z,sell,1.24e-06,570.0,0.0007067999999999
DATA/BTC,1564954859456,2019-08-04T21:40:59.456Z,sell,1.24e-06,115.0,0.0001426
DATA/BTC,1564954859456,2019-08-04T21:40:59.456Z,sell,1.24e-06,115.0,0.0001426
DATA/BTC,1564955720628,2019-08-04T21:55:20.628Z,buy,1.25e-06,6340.0,0.007925
DATA/BTC,1564955837015,2019-08-04T21:57:17.015Z,sell,1.24e-06,14799.0,0.01835076
DATA/BTC,1564955837015,2019-08-04T21:57:17.015Z,sell,1.23e-06,201.0,0.00024723
DATA/BTC,1564956267821,2019-08-04T22:04:27.821Z,buy,1.24e-06,103.0,0.00012772
DATA/BTC,1564956725561,2019-08-04T22:12:05.561Z,buy,1.24e-06,2419.0,0.00299956
DATA/BTC,1564956726142,2019-08-04T22:12:06.142Z,buy,1.24e-06,813.0,0.00100812
DATA/BTC,1564957797161,2019-08-04T22:29:57.161Z,buy,1.24e-06,8784.0,0.01089216
DATA/BTC,1564957797161,2019-08-04T22:29:57.161Z,buy,1.24e-06,9298.0,0.01152952
DATA/BTC,1564957901837,2019-08-04T22:31:41.837Z,buy,1.24e-06,5000.0,0.0062
DATA/BTC,1564957929311,2019-08-04T22:32:09.311Z,sell,1.23e-06,6508.0,0.00800484
DATA/BTC,1564957930475,2019-08-04T22:32:10.475Z,sell,1.23e-06,405.0,0.00049815
DATA/BTC,1564958162093,2019-08-04T22:36:02.093Z,buy,1.24e-06,2419.0,0.00299956
DATA/BTC,1564958162093,2019-08-04T22:36:02.093Z,buy,1.24e-06,2419.0,0.00299956
DATA/BTC,1564958926735,2019-08-04T22:48:46.735Z,buy,1.24e-06,8064.0,0.00999936
DATA/BTC,1564959021817,2019-08-04T22:50:21.817Z,sell,1.23e-06,10192.0,0.01253616
DATA/BTC,1564959021839,2019-08-04T22:50:21.839Z,buy,1.23e-06,6337.0,0.00779451
DATA/BTC,1564959061915,2019-08-04T22:51:01.915Z,sell,1.23e-06,948.0,0.00116604
DATA/BTC,1564959062316,2019-08-04T22:51:02.316Z,sell,1.23e-06,2141.0,0.00263343
DATA/BTC,1564959166700,2019-08-04T22:52:46.700Z,buy,1.23e-06,898.0,0.00110454
DATA/BTC,1564959166719,2019-08-04T22:52:46.719Z,buy,1.23e-06,898.0,0.00110454
DATA/BTC,1564959166719,2019-08-04T22:52:46.719Z,buy,1.23e-06,898.0,0.00110454
DATA/BTC,1564962928644,2019-08-04T23:55:28.644Z,sell,1.23e-06,43352.0,0.05332296
DATA/BTC,1564962928644,2019-08-04T23:55:28.644Z,sell,1.23e-06,43352.0,0.05332296
DATA/BTC,1564963524336,2019-08-05T00:05:24.336Z,buy,1.24e-06,96.0,0.00011904
DATA/BTC,1564963524486,2019-08-05T00:05:24.486Z,buy,1.24e-06,96.0,0.00011904
DATA/BTC,1564963524643,2019-08-05T00:05:24.643Z,buy,1.24e-06,96.0,0.00011904
DATA/BTC,1564963524810,2019-08-05T00:05:24.810Z,buy,1.24e-06,96.0,0.00011904
DATA/BTC,1564963524972,2019-08-05T00:05:24.972Z,buy,1.24e-06,96.0,0.00011904
DATA/BTC,1564963525115,2019-08-05T00:05:25.115Z,buy,1.24e-06,96.0,0.00011904
DATA/BTC,1564963525263,2019-08-05T00:05:25.263Z,buy,1.24e-06,96.0,0.00011904
DATA/BTC,1564963526382,2019-08-05T00:05:26.382Z,buy,1.24e-06,97.0,0.00012028
DATA/BTC,1564963536925,2019-08-05T00:05:36.925Z,sell,1.23e-06,3291.0,0.00404793
DATA/BTC,1564964096755,2019-08-05T00:14:56.755Z,buy,1.24e-06,187.0,0.00023188
DATA/BTC,1564964816643,2019-08-05T00:26:56.643Z,sell,1.23e-06,82.0,0.00010086
DATA/BTC,1564966016096,2019-08-05T00:46:56.096Z,sell,1.22e-06,2147.0,0.00261934
DATA/BTC,1564966018325,2019-08-05T00:46:58.325Z,sell,1.22e-06,405.0,0.0004941
DATA/BTC,1564966018587,2019-08-05T00:46:58.587Z,sell,1.22e-06,300.0,0.000366
DATA/BTC,1564966235554,2019-08-05T00:50:35.554Z,sell,1.21e-06,813.0,0.00098373
DATA/BTC,1564966247634,2019-08-05T00:50:47.634Z,sell,1.21e-06,2222.0,0.00268862
DATA/BTC,1564966248877,2019-08-05T00:50:48.877Z,sell,1.21e-06,2419.0,0.00292699
DATA/BTC,1564966411810,2019-08-05T00:53:31.810Z,sell,1.21e-06,15379.0,0.01860859
DATA/BTC,1564966411810,2019-08-05T00:53:31.810Z,sell,1.21e-06,15379.0,0.01860859
DATA/BTC,1564967148169,2019-08-05T01:05:48.169Z,sell,1.21e-06,1680.0,0.0020328
DATA/BTC,1564968047656,2019-08-05T01:20:47.656Z,sell,1.21e-06,1262.0,0.00152702
DATA/BTC,1564968385920,2019-08-05T01:26:25.920Z,sell,1.21e-06,23031.0,0.02786751
DATA/BTC,1564968387911,2019-08-05T01:26:27.911Z,sell,1.2e-06,405.0,0.000486
DATA/BTC,1564968387911,2019-08-05T01:26:27.911Z,sell,1.2e-06,3225.0,0.0038699999999999
DATA/BTC,1564968424853,2019-08-05T01:27:04.853Z,sell,1.2e-06,33080.0,0.0396959999999999
DATA/BTC,1564968426690,2019-08-05T01:27:06.690Z,sell,1.2e-06,49521.0,0.0594252
DATA/BTC,1564968428502,2019-08-05T01:27:08.502Z,sell,1.2e-06,23922.0,0.0287064
DATA/BTC,1564968428502,2019-08-05T01:27:08.502Z,sell,1.19e-06,2642.0,0.00314398
DATA/BTC,1564968428502,2019-08-05T01:27:08.502Z,sell,1.18e-06,6417.0,0.0075720599999999
DATA/BTC,1564968429517,2019-08-05T01:27:09.517Z,buy,1.2e-06,700.0,0.0008399999999999
DATA/BTC,1564968430771,2019-08-05T01:27:10.771Z,sell,1.19e-06,405.0,0.00048195
DATA/BTC,1564968432496,2019-08-05T01:27:12.496Z,buy,1.2e-06,1399.0,0.0016787999999999
DATA/BTC,1564968433403,2019-08-05T01:27:13.403Z,sell,1.19e-06,504.0,0.00059976
DATA/BTC,1564968436089,2019-08-05T01:27:16.089Z,buy,1.19e-06,1424.0,0.00169456
DATA/BTC,1564968436637,2019-08-05T01:27:16.637Z,sell,1.18e-06,28051.0,0.03310018
DATA/BTC,1564968436779,2019-08-05T01:27:16.779Z,buy,1.19e-06,702.0,0.00083538
DATA/BTC,1564968436949,2019-08-05T01:27:16.949Z,sell,1.18e-06,3700.0,0.004366
DATA/BTC,1564968441598,2019-08-05T01:27:21.598Z,sell,1.18e-06,22242.0,0.0262455599999999
DATA/BTC,1564968444207,2019-08-05T01:27:24.207Z,buy,1.19e-06,3666.0,0.00436254
DATA/BTC,1564968446981,2019-08-05T01:27:26.981Z,buy,1.19e-06,10504.0,0.01249976
DATA/BTC,1564968448572,2019-08-05T01:27:28.572Z,buy,1.19e-06,847.0,0.00100793
DATA/BTC,1564968450054,2019-08-05T01:27:30.054Z,buy,1.19e-06,2500.0,0.002975
DATA/BTC,1564968454366,2019-08-05T01:27:34.366Z,buy,1.19e-06,354.0,0.00042126
DATA/BTC,1564968612527,2019-08-05T01:30:12.527Z,sell,1.18e-06,6931.0,0.00817858
DATA/BTC,1564968615844,2019-08-05T01:30:15.844Z,buy,1.19e-06,1200.0,0.001428
DATA/BTC,1564968646065,2019-08-05T01:30:46.065Z,sell,1.19e-06,789.0,0.00093891
DATA/BTC,1564968874520,2019-08-05T01:34:34.520Z,sell,1.19e-06,13860.0,0.0164934
DATA/BTC,1564968875021,2019-08-05T01:34:35.021Z,sell,1.19e-06,13780.0,0.0163982
DATA/BTC,1564969030729,2019-08-05T01:37:10.729Z,sell,1.19e-06,2841.0,0.00338079
DATA/BTC,1564969148595,2019-08-05T01:39:08.595Z,sell,1.19e-06,59009.0,0.07022071
DATA/BTC,1564969783289,2019-08-05T01:49:43.289Z,sell,1.18e-06,1836.0,0.0021664799999999
DATA/BTC,1564969785254,2019-08-05T01:49:45.254Z,sell,1.18e-06,405.0,0.0004778999999999
DATA/BTC,1564969785514,2019-08-05T01:49:45.514Z,sell,1.18e-06,1549.0,0.00182782
DATA/BTC,1564969785752,2019-08-05T01:49:45.752Z,buy,1.18e-06,2000.0,0.0023599999999999
DATA/BTC,1564969785959,2019-08-05T01:49:45.959Z,buy,1.18e-06,2000.0,0.0023599999999999
DATA/BTC,1564969785973,2019-08-05T01:49:45.973Z,buy,1.18e-06,1000.0,0.0011799999999999
DATA/BTC,1564969786110,2019-08-05T01:49:46.110Z,buy,1.18e-06,720.0,0.0008495999999999
DATA/BTC,1564969786689,2019-08-05T01:49:46.689Z,buy,1.18e-06,2000.0,0.0023599999999999
DATA/BTC,1564969787402,2019-08-05T01:49:47.402Z,sell,1.17e-06,18082.0,0.02115594
DATA/BTC,1564969789010,2019-08-05T01:49:49.010Z,buy,1.18e-06,102.0,0.0001203599999999
DATA/BTC,1564969816246,2019-08-05T01:50:16.246Z,sell,1.17e-06,2136.0,0.00249912
DATA/BTC,1564969823111,2019-08-05T01:50:23.111Z,sell,1.17e-06,20296.0,0.02374632
DATA/BTC,1564969908653,2019-08-05T01:51:48.653Z,sell,1.17e-06,15380.0,0.0179946
DATA/BTC,1564969954939,2019-08-05T01:52:34.939Z,sell,1.17e-06,50608.0,0.05921136
DATA/BTC,1564969990202,2019-08-05T01:53:10.202Z,sell,1.17e-06,16111.0,0.01884987
DATA/BTC,1564969992368,2019-08-05T01:53:12.368Z,sell,1.17e-06,405.0,0.00047385
DATA/BTC,1564969992368,2019-08-05T01:53:12.368Z,sell,1.17e-06,405.0,0.00047385
DATA/BTC,1564970019183,2019-08-05T01:53:39.183Z,buy,1.18e-06,4131.0,0.00487458
DATA/BTC,1564970025054,2019-08-05T01:53:45.054Z,sell,1.17e-06,18371.0,0.02149407
DATA/BTC,1564970025054,2019-08-05T01:53:45.054Z,sell,1.16e-06,210117.0,0.24373572
DATA/BTC,1564970025054,2019-08-05T01:53:45.054Z,sell,1.15e-06,381147.0,0.43831905
DATA/BTC,1564970025077,2019-08-05T01:53:45.077Z,buy,1.15e-06,7667.0,0.00881705
DATA/BTC,1564970025078,2019-08-05T01:53:45.078Z,buy,1.15e-06,7676.0,0.0088274
DATA/BTC,1564970025092,2019-08-05T01:53:45.092Z,buy,1.15e-06,4601.0,0.00529115
DATA/BTC,1564970025135,2019-08-05T01:53:45.135Z,buy,1.15e-06,2731.0,0.00314065
DATA/BTC,1564970025165,2019-08-05T01:53:45.165Z,buy,1.15e-06,249.0,0.00028635
DATA/BTC,1564970025203,2019-08-05T01:53:45.203Z,buy,1.15e-06,1432.0,0.0016468
DATA/BTC,1564970025214,2019-08-05T01:53:45.214Z,buy,1.15e-06,4297.0,0.00494155
DATA/BTC,1564970025245,2019-08-05T01:53:45.245Z,buy,1.15e-06,4297.0,0.00494155
DATA/BTC,1564970025291,2019-08-05T01:53:45.291Z,buy,1.15e-06,1302.0,0.0014973
DATA/BTC,1564970025327,2019-08-05T01:53:45.327Z,buy,1.15e-06,19000.0,0.02185
DATA/BTC,1564970025421,2019-08-05T01:53:45.421Z,buy,1.15e-06,1000.0,0.00115
DATA/BTC,1564970026142,2019-08-05T01:53:46.142Z,buy,1.15e-06,3123.0,0.00359145
DATA/BTC,1564970026189,2019-08-05T01:53:46.189Z,buy,1.15e-06,23333.0,0.02683295
DATA/BTC,1564970026226,2019-08-05T01:53:46.226Z,buy,1.15e-06,9657.0,0.01110555
DATA/BTC,1564970026226,2019-08-05T01:53:46.226Z,buy,1.16e-06,80708.0,0.0936212799999999
DATA/BTC,1564970027214,2019-08-05T01:53:47.214Z,buy,1.16e-06,924.0,0.00107184
DATA/BTC,1564970027544,2019-08-05T01:53:47.544Z,buy,1.16e-06,1000.0,0.00116
DATA/BTC,1564970028053,2019-08-05T01:53:48.053Z,buy,1.16e-06,1000.0,0.00116
DATA/BTC,1564970028407,2019-08-05T01:53:48.407Z,sell,1.14e-06,80000.0,0.0912
DATA/BTC,1564970028422,2019-08-05T01:53:48.422Z,buy,1.16e-06,1000.0,0.00116
DATA/BTC,1564970028700,2019-08-05T01:53:48.700Z,buy,1.16e-06,1571.0,0.0018223599999999
DATA/BTC,1564970028864,2019-08-05T01:53:48.864Z,buy,1.16e-06,1000.0,0.00116
DATA/BTC,1564970029174,2019-08-05T01:53:49.174Z,buy,1.16e-06,1000.0,0.00116
DATA/BTC,1564970030222,2019-08-05T01:53:50.222Z,sell,1.14e-06,847.0,0.00096558
DATA/BTC,1564970030967,2019-08-05T01:53:50.967Z,buy,1.16e-06,2069.0,0.00240004
DATA/BTC,1564970032019,2019-08-05T01:53:52.019Z,sell,1.15e-06,126.0,0.0001449
DATA/BTC,1564970032019,2019-08-05T01:53:52.019Z,sell,1.14e-06,3046.0,0.00347244
DATA/BTC,1564970032060,2019-08-05T01:53:52.060Z,sell,1.14e-06,5867.0,0.00668838
DATA/BTC,1564970035382,2019-08-05T01:53:55.382Z,sell,1.14e-06,2500.0,0.00285
DATA/BTC,1564970037615,2019-08-05T01:53:57.615Z,sell,1.14e-06,405.0,0.0004617
DATA/BTC,1564970037971,2019-08-05T01:53:57.971Z,buy,1.16e-06,800.0,0.0009279999999999
DATA/BTC,1564970045079,2019-08-05T01:54:05.079Z,buy,1.15e-06,1000.0,0.00115
DATA/BTC,1564970045542,2019-08-05T01:54:05.542Z,buy,1.15e-06,1000.0,0.00115
DATA/BTC,1564970046517,2019-08-05T01:54:06.517Z,buy,1.15e-06,2000.0,0.0023
DATA/BTC,1564970046962,2019-08-05T01:54:06.962Z,buy,1.15e-06,2000.0,0.0023
DATA/BTC,1564970047721,2019-08-05T01:54:07.721Z,buy,1.15e-06,3424.0,0.0039376
DATA/BTC,1564970051206,2019-08-05T01:54:11.206Z,buy,1.15e-06,1741.0,0.00200215
DATA/BTC,1564970052931,2019-08-05T01:54:12.931Z,buy,1.15e-06,1327.0,0.00152605
DATA/BTC,1564970053019,2019-08-05T01:54:13.019Z,buy,1.15e-06,174.0,0.0002001
DATA/BTC,1564970053019,2019-08-05T01:54:13.019Z,buy,1.16e-06,2345.0,0.0027202
DATA/BTC,1564970054270,2019-08-05T01:54:14.270Z,buy,1.16e-06,1065.0,0.0012354
DATA/BTC,1564970054566,2019-08-05T01:54:14.566Z,buy,1.16e-06,935.0,0.0010846
DATA/BTC,1564970054775,2019-08-05T01:54:14.775Z,buy,1.16e-06,935.0,0.0010846
DATA/BTC,1564970055568,2019-08-05T01:54:15.568Z,buy,1.16e-06,1065.0,0.0012354
DATA/BTC,1564970109729,2019-08-05T01:55:09.729Z,buy,1.16e-06,1724.0,0.0019998399999999
DATA/BTC,1564970111417,2019-08-05T01:55:11.417Z,sell,1.15e-06,347.0,0.00039905
DATA/BTC,1564970113397,2019-08-05T01:55:13.397Z,buy,1.16e-06,6465.0,0.0074994
DATA/BTC,1564970116475,2019-08-05T01:55:16.475Z,sell,1.15e-06,67928.0,0.0781172
DATA/BTC,1564970144126,2019-08-05T01:55:44.126Z,buy,1.15e-06,271.0,0.00031165
DATA/BTC,1564970153243,2019-08-05T01:55:53.243Z,buy,1.15e-06,29.0,3.335e-05
DATA/BTC,1564970153338,2019-08-05T01:55:53.338Z,buy,1.15e-06,10258.0,0.0117967
DATA/BTC,1564970162237,2019-08-05T01:56:02.237Z,buy,1.15e-06,31780.0,0.036547
DATA/BTC,1564970221634,2019-08-05T01:57:01.634Z,sell,1.15e-06,33309.0,0.03830535
DATA/BTC,1564970224813,2019-08-05T01:57:04.813Z,sell,1.15e-06,7936.0,0.0091264
DATA/BTC,1564970233092,2019-08-05T01:57:13.092Z,buy,1.16e-06,307.0,0.0003561199999999
DATA/BTC,1564970293522,2019-08-05T01:58:13.522Z,sell,1.15e-06,16111.0,0.01852765
DATA/BTC,1564970305470,2019-08-05T01:58:25.470Z,sell,1.15e-06,3530.0,0.0040595
DATA/BTC,1564970321950,2019-08-05T01:58:41.950Z,sell,1.14e-06,21616.0,0.02464224
DATA/BTC,1564970329387,2019-08-05T01:58:49.387Z,sell,1.14e-06,6465.0,0.0073701
DATA/BTC,1564970347350,2019-08-05T01:59:07.350Z,buy,1.15e-06,1739.0,0.00199985
DATA/BTC,1564970445886,2019-08-05T02:00:45.886Z,sell,1.14e-06,2941.0,0.00335274
DATA/BTC,1564970468148,2019-08-05T02:01:08.148Z,sell,1.14e-06,870.0,0.0009918
DATA/BTC,1564970489581,2019-08-05T02:01:29.581Z,sell,1.14e-06,24289.0,0.02768946
DATA/BTC,1564970686963,2019-08-05T02:04:46.963Z,buy,1.15e-06,215.0,0.00024725
DATA/BTC,1564971282695,2019-08-05T02:14:42.695Z,buy,1.15e-06,20844.0,0.0239706
DATA/BTC,1564971282990,2019-08-05T02:14:42.990Z,sell,1.15e-06,3708.0,0.0042642
DATA/BTC,1564971305869,2019-08-05T02:15:05.869Z,buy,1.16e-06,95.0,0.0001102
DATA/BTC,1564971331882,2019-08-05T02:15:31.882Z,buy,1.16e-06,25.0,2.9e-05
DATA/BTC,1564971331965,2019-08-05T02:15:31.965Z,buy,1.16e-06,25.0,2.9e-05
DATA/BTC,1564971333085,2019-08-05T02:15:33.085Z,sell,1.15e-06,223.0,0.00025645
DATA/BTC,1564971352319,2019-08-05T02:15:52.319Z,buy,1.16e-06,27046.0,0.0313733599999999
DATA/BTC,1564971417674,2019-08-05T02:16:57.674Z,sell,1.15e-06,17347.0,0.01994905
DATA/BTC,1564971417674,2019-08-05T02:16:57.674Z,sell,1.14e-06,211220.0,0.2407908
DATA/BTC,1564971417674,2019-08-05T02:16:57.674Z,sell,1.13e-06,480979.0,0.54350627
DATA/BTC,1564971417674,2019-08-05T02:16:57.674Z,sell,1.12e-06,15800.0,0.017696
DATA/BTC,1564971418393,2019-08-05T02:16:58.393Z,sell,1.14e-06,6449.0,0.00735186
DATA/BTC,1564971418393,2019-08-05T02:16:58.393Z,sell,1.13e-06,1458.0,0.00164754
DATA/BTC,1564971419365,2019-08-05T02:16:59.365Z,buy,1.14e-06,88.0,0.00010032
DATA/BTC,1564971423173,2019-08-05T02:17:03.173Z,sell,1.13e-06,2212.0,0.00249956
DATA/BTC,1564971424158,2019-08-05T02:17:04.158Z,sell,1.13e-06,1468.0,0.00165884
DATA/BTC,1564971425844,2019-08-05T02:17:05.844Z,sell,1.13e-06,4956.0,0.00560028
DATA/BTC,1564971426108,2019-08-05T02:17:06.108Z,buy,1.14e-06,9265.0,0.0105621
DATA/BTC,1564971426549,2019-08-05T02:17:06.549Z,buy,1.14e-06,2273.0,0.00259122
DATA/BTC,1564971430111,2019-08-05T02:17:10.111Z,buy,1.14e-06,3425.0,0.0039045
DATA/BTC,1564971430662,2019-08-05T02:17:10.662Z,sell,1.13e-06,31803.0,0.03593739
DATA/BTC,1564971430662,2019-08-05T02:17:10.662Z,sell,1.12e-06,496698.0,0.5563017600000001
DATA/BTC,1564971430662,2019-08-05T02:17:10.662Z,sell,1.11e-06,487500.0,0.541125
DATA/BTC,1564971430682,2019-08-05T02:17:10.682Z,buy,1.11e-06,18861.0,0.02093571
DATA/BTC,1564971430724,2019-08-05T02:17:10.724Z,buy,1.13e-06,18861.0,0.02131293
DATA/BTC,1564971433388,2019-08-05T02:17:13.388Z,buy,1.12e-06,101.0,0.00011312
DATA/BTC,1564971434514,2019-08-05T02:17:14.514Z,buy,1.12e-06,243.0,0.00027216
DATA/BTC,1564971437837,2019-08-05T02:17:17.837Z,buy,1.13e-06,26206.0,0.02961278
DATA/BTC,1564971438405,2019-08-05T02:17:18.405Z,buy,1.12e-06,1683.0,0.00188496
DATA/BTC,1564971441838,2019-08-05T02:17:21.838Z,buy,1.12e-06,1724.0,0.00193088
DATA/BTC,1564971445804,2019-08-05T02:17:25.804Z,sell,1.11e-06,2730.0,0.0030303
DATA/BTC,1564971447297,2019-08-05T02:17:27.297Z,buy,1.12e-06,924.0,0.00103488
DATA/BTC,1564971447541,2019-08-05T02:17:27.541Z,buy,1.12e-06,3914.0,0.00438368
DATA/BTC,1564971447578,2019-08-05T02:17:27.578Z,buy,1.12e-06,9737.0,0.01090544
DATA/BTC,1564971447700,2019-08-05T02:17:27.700Z,buy,1.12e-06,3914.0,0.00438368
DATA/BTC,1564971447909,2019-08-05T02:17:27.909Z,buy,1.12e-06,20698.0,0.02318176
DATA/BTC,1564971447909,2019-08-05T02:17:27.909Z,buy,1.13e-06,13445.0,0.0151928499999999
DATA/BTC,1564971449313,2019-08-05T02:17:29.313Z,sell,1.12e-06,572.0,0.00064064
DATA/BTC,1564971455004,2019-08-05T02:17:35.004Z,buy,1.12e-06,9499.0,0.01063888
DATA/BTC,1564971463298,2019-08-05T02:17:43.298Z,sell,1.11e-06,405.0,0.00044955
DATA/BTC,1564971513614,2019-08-05T02:18:33.614Z,buy,1.12e-06,496.0,0.00055552
DATA/BTC,1564971532125,2019-08-05T02:18:52.125Z,sell,1.12e-06,10141.0,0.01135792
DATA/BTC,1564971532139,2019-08-05T02:18:52.139Z,sell,1.11e-06,13832.0,0.0153535199999999
DATA/BTC,1564971532458,2019-08-05T02:18:52.458Z,sell,1.11e-06,50350.0,0.0558885
DATA/BTC,1564971551670,2019-08-05T02:19:11.670Z,buy,1.12e-06,454.0,0.00050848
DATA/BTC,1564971561735,2019-08-05T02:19:21.735Z,buy,1.12e-06,1055.0,0.0011816
DATA/BTC,1564971561749,2019-08-05T02:19:21.749Z,buy,1.12e-06,1055.0,0.0011816
DATA/BTC,1564971562747,2019-08-05T02:19:22.747Z,buy,1.12e-06,738.0,0.00082656
DATA/BTC,1564971564073,2019-08-05T02:19:24.073Z,buy,1.12e-06,6196.0,0.00693952
DATA/BTC,1564971567660,2019-08-05T02:19:27.660Z,buy,1.12e-06,682.0,0.00076384
DATA/BTC,1564971567660,2019-08-05T02:19:27.660Z,buy,1.13e-06,26103.0,0.02949639
DATA/BTC,1564971607026,2019-08-05T02:20:07.026Z,sell,1.12e-06,1989.0,0.00222768
DATA/BTC,1564971629844,2019-08-05T02:20:29.844Z,buy,1.13e-06,885.0,0.00100005
DATA/BTC,1564971647678,2019-08-05T02:20:47.678Z,buy,1.13e-06,885.0,0.00100005
DATA/BTC,1564971666484,2019-08-05T02:21:06.484Z,sell,1.12e-06,3225.0,0.003612
DATA/BTC,1564971727872,2019-08-05T02:22:07.872Z,buy,1.13e-06,345.0,0.00038985
DATA/BTC,1564971728118,2019-08-05T02:22:08.118Z,buy,1.13e-06,239.0,0.00027007
DATA/BTC,1564971898022,2019-08-05T02:24:58.022Z,sell,1.12e-06,445.0,0.0004984
DATA/BTC,1564972230048,2019-08-05T02:30:30.048Z,buy,1.13e-06,30.0,3.39e-05
DATA/BTC,1564972233109,2019-08-05T02:30:33.109Z,buy,1.13e-06,25.0,2.825e-05
DATA/BTC,1564972249081,2019-08-05T02:30:49.081Z,sell,1.12e-06,264093.0,0.29578416
DATA/BTC,1564972250450,2019-08-05T02:30:50.450Z,sell,1.12e-06,163.0,0.00018256
DATA/BTC,1564972277494,2019-08-05T02:31:17.494Z,sell,1.12e-06,123.0,0.00013776
DATA/BTC,1564972286967,2019-08-05T02:31:26.967Z,sell,1.12e-06,14933.0,0.01672496
DATA/BTC,1564972289383,2019-08-05T02:31:29.383Z,buy,1.12e-06,6848.0,0.00766976
DATA/BTC,1564972299655,2019-08-05T02:31:39.655Z,buy,1.12e-06,6355.0,0.0071176
DATA/BTC,1564972328326,2019-08-05T02:32:08.326Z,buy,1.12e-06,17699.0,0.01982288
DATA/BTC,1564972332092,2019-08-05T02:32:12.092Z,buy,1.12e-06,17699.0,0.01982288
DATA/BTC,1564972335400,2019-08-05T02:32:15.400Z,buy,1.12e-06,17699.0,0.01982288
DATA/BTC,1564972338948,2019-08-05T02:32:18.948Z,buy,1.12e-06,17699.0,0.01982288
DATA/BTC,1564972342487,2019-08-05T02:32:22.487Z,buy,1.12e-06,3000.0,0.00336
DATA/BTC,1564972342498,2019-08-05T02:32:22.498Z,buy,1.12e-06,17699.0,0.01982288
DATA/BTC,1564972343495,2019-08-05T02:32:23.495Z,sell,1.11e-06,757.0,0.00084027
DATA/BTC,1564972350635,2019-08-05T02:32:30.635Z,buy,1.12e-06,28.0,3.1360000000000005e-05
DATA/BTC,1564972366038,2019-08-05T02:32:46.038Z,buy,1.12e-06,29.0,3.248e-05
DATA/BTC,1564972390677,2019-08-05T02:33:10.677Z,buy,1.12e-06,29.0,3.248e-05
DATA/BTC,1564972438559,2019-08-05T02:33:58.559Z,buy,1.12e-06,27.0,3.024e-05
DATA/BTC,1564972480967,2019-08-05T02:34:40.967Z,buy,1.12e-06,30.0,3.3600000000000004e-05
DATA/BTC,1564972482048,2019-08-05T02:34:42.048Z,buy,1.12e-06,32.0,3.584e-05
DATA/BTC,1564972523819,2019-08-05T02:35:23.819Z,sell,1.11e-06,122556.0,0.13603716
DATA/BTC,1564972531025,2019-08-05T02:35:31.025Z,buy,1.12e-06,33.0,3.6960000000000005e-05
DATA/BTC,1564972585540,2019-08-05T02:36:25.540Z,buy,1.12e-06,26.0,2.912e-05
DATA/BTC,1564972585599,2019-08-05T02:36:25.599Z,sell,1.11e-06,111.0,0.00012321
DATA/BTC,1564972596540,2019-08-05T02:36:36.540Z,buy,1.12e-06,34.0,3.808e-05
DATA/BTC,1564972596622,2019-08-05T02:36:36.622Z,sell,1.11e-06,95.0,0.00010545
DATA/BTC,1564972762167,2019-08-05T02:39:22.167Z,sell,1.11e-06,20994.0,0.02330334
DATA/BTC,1564972778576,2019-08-05T02:39:38.576Z,buy,1.12e-06,31.0,3.472e-05
DATA/BTC,1564972800654,2019-08-05T02:40:00.654Z,buy,1.12e-06,31.0,3.472e-05
DATA/BTC,1564972814548,2019-08-05T02:40:14.548Z,buy,1.12e-06,28.0,3.1360000000000005e-05
DATA/BTC,1564972820210,2019-08-05T02:40:20.210Z,buy,1.12e-06,24043.0,0.02692816
DATA/BTC,1564972821230,2019-08-05T02:40:21.230Z,buy,1.12e-06,182.0,0.00020384
DATA/BTC,1564972822234,2019-08-05T02:40:22.234Z,buy,1.12e-06,90.0,0.0001008
DATA/BTC,1564972828275,2019-08-05T02:40:28.275Z,buy,1.12e-06,90.0,0.0001008
DATA/BTC,1564972829884,2019-08-05T02:40:29.884Z,buy,1.12e-06,34.0,3.808e-05
DATA/BTC,1564972847404,2019-08-05T02:40:47.404Z,buy,1.12e-06,90.0,0.0001008
DATA/BTC,1564972850401,2019-08-05T02:40:50.401Z,buy,1.12e-06,92.0,0.00010304
DATA/BTC,1564972851423,2019-08-05T02:40:51.423Z,buy,1.12e-06,163.0,0.00018256
DATA/BTC,1564972853410,2019-08-05T02:40:53.410Z,buy,1.12e-06,121.0,0.00013552
DATA/BTC,1564972854432,2019-08-05T02:40:54.432Z,buy,1.12e-06,128.0,0.00014336
DATA/BTC,1564972868490,2019-08-05T02:41:08.490Z,buy,1.12e-06,90.0,0.0001008
DATA/BTC,1564972876540,2019-08-05T02:41:16.540Z,buy,1.12e-06,90.0,0.0001008
DATA/BTC,1564972878544,2019-08-05T02:41:18.544Z,buy,1.12e-06,200.0,0.000224
DATA/BTC,1564972883558,2019-08-05T02:41:23.558Z,buy,1.12e-06,129.0,0.00014448
DATA/BTC,1564972884556,2019-08-05T02:41:24.556Z,buy,1.12e-06,130.0,0.0001456
DATA/BTC,1564972890572,2019-08-05T02:41:30.572Z,buy,1.12e-06,228.0,0.00025536
DATA/BTC,1564972902630,2019-08-05T02:41:42.630Z,buy,1.12e-06,224.0,0.00025088
DATA/BTC,1564972902882,2019-08-05T02:41:42.882Z,buy,1.12e-06,6000.0,0.00672
DATA/BTC,1564972906661,2019-08-05T02:41:46.661Z,buy,1.12e-06,132.0,0.00014784
DATA/BTC,1564972909680,2019-08-05T02:41:49.680Z,buy,1.12e-06,110.0,0.0001232
DATA/BTC,1564972910492,2019-08-05T02:41:50.492Z,buy,1.12e-06,32.0,3.584e-05
DATA/BTC,1564972911498,2019-08-05T02:41:51.498Z,sell,1.11e-06,198432.0,0.22025952
DATA/BTC,1564972911702,2019-08-05T02:41:51.702Z,buy,1.11e-06,136.0,0.00015096
DATA/BTC,1564972984968,2019-08-05T02:43:04.968Z,buy,1.11e-06,51912.0,0.05762232
DATA/BTC,1564973050461,2019-08-05T02:44:10.461Z,buy,1.11e-06,7357.0,0.00816627
DATA/BTC,1564973144106,2019-08-05T02:45:44.106Z,sell,1.1e-06,80680.0,0.088748
DATA/BTC,1564973144106,2019-08-05T02:45:44.106Z,sell,1.1e-06,7356.0,0.0080916
DATA/BTC,1564973144266,2019-08-05T02:45:44.266Z,buy,1.11e-06,3128.0,0.00347208
DATA/BTC,1564973144336,2019-08-05T02:45:44.336Z,buy,1.11e-06,5226.0,0.00580086
DATA/BTC,1564973144348,2019-08-05T02:45:44.348Z,buy,1.11e-06,5226.0,0.00580086
DATA/BTC,1564973144371,2019-08-05T02:45:44.371Z,buy,1.11e-06,1986.0,0.00220446
DATA/BTC,1564973144403,2019-08-05T02:45:44.403Z,sell,1.1e-06,5216.0,0.0057376
DATA/BTC,1564973145597,2019-08-05T02:45:45.597Z,sell,1.1e-06,2272.0,0.0024992
DATA/BTC,1564973152129,2019-08-05T02:45:52.129Z,sell,1.1e-06,405.0,0.0004455
DATA/BTC,1564973154077,2019-08-05T02:45:54.077Z,sell,1.1e-06,112.0,0.0001232
DATA/BTC,1564973181569,2019-08-05T02:46:21.569Z,buy,1.11e-06,28.0,3.108e-05
DATA/BTC,1564973187002,2019-08-05T02:46:27.002Z,buy,1.11e-06,2703.0,0.00300033
DATA/BTC,1564973225207,2019-08-05T02:47:05.207Z,sell,1.1e-06,2900.0,0.00319
DATA/BTC,1564973308148,2019-08-05T02:48:28.148Z,sell,1.1e-06,117.0,0.0001287
DATA/BTC,1564973316829,2019-08-05T02:48:36.829Z,buy,1.11e-06,26.0,2.886e-05
DATA/BTC,1564973328383,2019-08-05T02:48:48.383Z,buy,1.11e-06,26.0,2.886e-05
DATA/BTC,1564973353326,2019-08-05T02:49:13.326Z,sell,1.1e-06,190.0,0.000209
DATA/BTC,1564973372197,2019-08-05T02:49:32.197Z,buy,1.11e-06,412.0,0.00045732
DATA/BTC,1564973402794,2019-08-05T02:50:02.794Z,sell,1.1e-06,139.0,0.0001529
DATA/BTC,1564973402794,2019-08-05T02:50:02.794Z,sell,1.1e-06,139.0,0.0001529
DATA/BTC,1564973596191,2019-08-05T02:53:16.191Z,buy,1.11e-06,32.0,3.552e-05
DATA/BTC,1564973939405,2019-08-05T02:58:59.405Z,sell,1.1e-06,91.0,0.0001001
DATA/BTC,1564974061076,2019-08-05T03:01:01.076Z,sell,1.1e-06,21548.0,0.0237028
DATA/BTC,1564974099546,2019-08-05T03:01:39.546Z,buy,1.11e-06,25.0,2.775e-05
DATA/BTC,1564974099609,2019-08-05T03:01:39.609Z,sell,1.1e-06,100.0,0.00011
DATA/BTC,1564974099800,2019-08-05T03:01:39.800Z,buy,1.11e-06,1000.0,0.0011099999999999
DATA/BTC,1564974138203,2019-08-05T03:02:18.203Z,buy,1.11e-06,1801.0,0.00199911
DATA/BTC,1564974243335,2019-08-05T03:04:03.335Z,buy,1.11e-06,8266.0,0.00917526
DATA/BTC,1564974444487,2019-08-05T03:07:24.487Z,buy,1.11e-06,34.0,3.774e-05
DATA/BTC,1564974445769,2019-08-05T03:07:25.769Z,buy,1.11e-06,53297.0,0.05915967
DATA/BTC,1564974688580,2019-08-05T03:11:28.580Z,buy,1.11e-06,27.0,2.997e-05
DATA/BTC,1564974716530,2019-08-05T03:11:56.530Z,buy,1.11e-06,33.0,3.663e-05
DATA/BTC,1564974790863,2019-08-05T03:13:10.863Z,buy,1.11e-06,146.0,0.00016206
DATA/BTC,1564974913321,2019-08-05T03:15:13.321Z,buy,1.11e-06,147.0,0.00016317
DATA/BTC,1564976076189,2019-08-05T03:34:36.189Z,buy,1.11e-06,28.0,3.108e-05
DATA/BTC,1564976294708,2019-08-05T03:38:14.708Z,buy,1.11e-06,31.0,3.441e-05
DATA/BTC,1564976323473,2019-08-05T03:38:43.473Z,sell,1.1e-06,6442.0,0.0070862
DATA/BTC,1564976365341,2019-08-05T03:39:25.341Z,buy,1.11e-06,28.0,3.108e-05
DATA/BTC,1564976428950,2019-08-05T03:40:28.950Z,buy,1.11e-06,2164.0,0.00240204
DATA/BTC,1564976429550,2019-08-05T03:40:29.550Z,buy,1.11e-06,2166.0,0.00240426
DATA/BTC,1564976430137,2019-08-05T03:40:30.137Z,buy,1.11e-06,2163.0,0.00240093
DATA/BTC,1564976453764,2019-08-05T03:40:53.764Z,buy,1.11e-06,2169.0,0.00240759
DATA/BTC,1564976454537,2019-08-05T03:40:54.537Z,buy,1.11e-06,903.0,0.00100233
DATA/BTC,1564976454955,2019-08-05T03:40:54.955Z,buy,1.11e-06,2167.0,0.00240537
DATA/BTC,1564976794683,2019-08-05T03:46:34.683Z,buy,1.11e-06,32.0,3.552e-05
DATA/BTC,1564976794683,2019-08-05T03:46:34.683Z,buy,1.11e-06,32.0,3.552e-05
DATA/BTC,1564977420090,2019-08-05T03:57:00.090Z,buy,1.11e-06,198.0,0.0002197799999999
DATA/BTC,1564977430543,2019-08-05T03:57:10.543Z,buy,1.11e-06,15575.0,0.0172882499999999
DATA/BTC,1564977487420,2019-08-05T03:58:07.420Z,buy,1.11e-06,32.0,3.552e-05
DATA/BTC,1564977615447,2019-08-05T04:00:15.447Z,buy,1.11e-06,151.0,0.00016761
DATA/BTC,1564977615699,2019-08-05T04:00:15.699Z,buy,1.11e-06,3000.0,0.00333
DATA/BTC,1564977615704,2019-08-05T04:00:15.704Z,buy,1.11e-06,3000.0,0.00333
DATA/BTC,1564977618162,2019-08-05T04:00:18.162Z,buy,1.11e-06,520.0,0.0005771999999999
DATA/BTC,1564977713098,2019-08-05T04:01:53.098Z,sell,1.1e-06,6200.0,0.00682
DATA/BTC,1564977755156,2019-08-05T04:02:35.156Z,sell,1.1e-06,7813.0,0.0085943
DATA/BTC,1564977755364,2019-08-05T04:02:35.364Z,sell,1.1e-06,119.0,0.0001309
DATA/BTC,1564977758654,2019-08-05T04:02:38.654Z,sell,1.1e-06,200.0,0.00022
DATA/BTC,1564977759969,2019-08-05T04:02:39.969Z,sell,1.1e-06,202.0,0.0002222
DATA/BTC,1564977819752,2019-08-05T04:03:39.752Z,sell,1.1e-06,2886.0,0.0031746
DATA/BTC,1564977959148,2019-08-05T04:05:59.148Z,sell,1.1e-06,1033.0,0.0011363
DATA/BTC,1564977961795,2019-08-05T04:06:01.795Z,sell,1.1e-06,31117.0,0.0342287
DATA/BTC,1564978024098,2019-08-05T04:07:04.098Z,sell,1.09e-06,11619.0,0.01266471
DATA/BTC,1564978026035,2019-08-05T04:07:06.035Z,sell,1.09e-06,405.0,0.0004414499999999
DATA/BTC,1564978042323,2019-08-05T04:07:22.323Z,buy,1.1e-06,406.0,0.0004466
DATA/BTC,1564978069723,2019-08-05T04:07:49.723Z,sell,1.09e-06,7299.0,0.00795591
DATA/BTC,1564978221097,2019-08-05T04:10:21.097Z,buy,1.1e-06,1000.0,0.0011
DATA/BTC,1564978779110,2019-08-05T04:19:39.110Z,sell,1.09e-06,14406.0,0.0157025399999999
DATA/BTC,1564978813203,2019-08-05T04:20:13.203Z,buy,1.1e-06,4545.0,0.0049995
DATA/BTC,1564979061116,2019-08-05T04:24:21.116Z,sell,1.09e-06,2911.0,0.0031729899999999
DATA/BTC,1564979643921,2019-08-05T04:34:03.921Z,sell,1.09e-06,25776.0,0.0280958399999999
DATA/BTC,1564979700576,2019-08-05T04:35:00.576Z,buy,1.1e-06,1818.0,0.0019998
DATA/BTC,1564979946406,2019-08-05T04:39:06.406Z,buy,1.1e-06,1000.0,0.0011
DATA/BTC,1564979946848,2019-08-05T04:39:06.848Z,buy,1.1e-06,1000.0,0.0011
DATA/BTC,1564979947146,2019-08-05T04:39:07.146Z,buy,1.1e-06,1000.0,0.0011
DATA/BTC,1564979958831,2019-08-05T04:39:18.831Z,buy,1.1e-06,34645.0,0.0381095
DATA/BTC,1564980039067,2019-08-05T04:40:39.067Z,buy,1.1e-06,27896.0,0.0306856
DATA/BTC,1564980039067,2019-08-05T04:40:39.067Z,buy,1.1e-06,27896.0,0.0306856
DATA/BTC,1564980543183,2019-08-05T04:49:03.183Z,sell,1.09e-06,28947.0,0.03155223
DATA/BTC,1564980556898,2019-08-05T04:49:16.898Z,sell,1.08e-06,1453.0,0.00156924
DATA/BTC,1564980560573,2019-08-05T04:49:20.573Z,buy,1.09e-06,924.0,0.00100716
DATA/BTC,1564980691074,2019-08-05T04:51:31.074Z,buy,1.09e-06,3380.0,0.0036842
DATA/BTC,1564980716216,2019-08-05T04:51:56.216Z,buy,1.09e-06,36726.0,0.04003134
DATA/BTC,1564980716487,2019-08-05T04:51:56.487Z,buy,1.09e-06,37.0,4.033e-05
DATA/BTC,1564980737278,2019-08-05T04:52:17.278Z,sell,1.09e-06,1816.0,0.00197944
DATA/BTC,1564980745871,2019-08-05T04:52:25.871Z,buy,1.1e-06,29792.0,0.0327712
DATA/BTC,1564980848287,2019-08-05T04:54:08.287Z,buy,1.1e-06,870.0,0.000957
DATA/BTC,1564981203940,2019-08-05T05:00:03.940Z,buy,1.1e-06,428.0,0.0004708
DATA/BTC,1564981204194,2019-08-05T05:00:04.194Z,buy,1.1e-06,1000.0,0.0011
DATA/BTC,1564981204450,2019-08-05T05:00:04.450Z,buy,1.1e-06,1000.0,0.0011
DATA/BTC,1564981237005,2019-08-05T05:00:37.005Z,sell,1.09e-06,910.0,0.0009919
DATA/BTC,1564981301603,2019-08-05T05:01:41.603Z,buy,1.1e-06,65256.0,0.0717816
DATA/BTC,1564981301863,2019-08-05T05:01:41.863Z,buy,1.1e-06,1000.0,0.0011
DATA/BTC,1564981328681,2019-08-05T05:02:08.681Z,buy,1.1e-06,4669.0,0.0051359
DATA/BTC,1564981330865,2019-08-05T05:02:10.865Z,buy,1.1e-06,29570.0,0.032527
DATA/BTC,1564981335396,2019-08-05T05:02:15.396Z,buy,1.1e-06,26.0,2.86e-05
DATA/BTC,1564981346963,2019-08-05T05:02:26.963Z,sell,1.09e-06,7744.0,0.0084409599999999
DATA/BTC,1564981423517,2019-08-05T05:03:43.517Z,sell,1.09e-06,7744.0,0.0084409599999999
DATA/BTC,1564981477528,2019-08-05T05:04:37.528Z,sell,1.09e-06,7744.0,0.0084409599999999
DATA/BTC,1564981488625,2019-08-05T05:04:48.625Z,buy,1.1e-06,144.0,0.0001584
DATA/BTC,1564981521532,2019-08-05T05:05:21.532Z,sell,1.09e-06,7744.0,0.0084409599999999
DATA/BTC,1564981563447,2019-08-05T05:06:03.447Z,sell,1.09e-06,7744.0,0.0084409599999999
DATA/BTC,1564981600159,2019-08-05T05:06:40.159Z,sell,1.09e-06,7744.0,0.0084409599999999
DATA/BTC,1564981651794,2019-08-05T05:07:31.794Z,buy,1.1e-06,100851.0,0.1109361
DATA/BTC,1564981671550,2019-08-05T05:07:51.550Z,sell,1.1e-06,7744.0,0.0085184
DATA/BTC,1564981725784,2019-08-05T05:08:45.784Z,sell,1.1e-06,7744.0,0.0085184
DATA/BTC,1564981775111,2019-08-05T05:09:35.111Z,sell,1.1e-06,7744.0,0.0085184
DATA/BTC,1564981827440,2019-08-05T05:10:27.440Z,sell,1.1e-06,7744.0,0.0085184
DATA/BTC,1564981835132,2019-08-05T05:10:35.132Z,sell,1.1e-06,4904.0,0.0053944
DATA/BTC,1564981836785,2019-08-05T05:10:36.785Z,sell,1.1e-06,4909.0,0.0053999
DATA/BTC,1564981906648,2019-08-05T05:11:46.648Z,buy,1.1e-06,7729.0,0.0085019
DATA/BTC,1564981911213,2019-08-05T05:11:51.213Z,buy,1.1e-06,198.0,0.0002178
DATA/BTC,1564981942894,2019-08-05T05:12:22.894Z,buy,1.1e-06,26794.0,0.0294734
DATA/BTC,1564981955269,2019-08-05T05:12:35.269Z,buy,1.11e-06,65221.0,0.0723953099999999
DATA/BTC,1564981977775,2019-08-05T05:12:57.775Z,buy,1.11e-06,7729.0,0.00857919
DATA/BTC,1564981983506,2019-08-05T05:13:03.506Z,buy,1.11e-06,4679.0,0.00519369
DATA/BTC,1564982005627,2019-08-05T05:13:25.627Z,sell,1.1e-06,9656.0,0.0106216
DATA/BTC,1564982013850,2019-08-05T05:13:33.850Z,buy,1.11e-06,7729.0,0.00857919
DATA/BTC,1564982060351,2019-08-05T05:14:20.351Z,buy,1.11e-06,7729.0,0.00857919
DATA/BTC,1564982093091,2019-08-05T05:14:53.091Z,buy,1.11e-06,26.0,2.886e-05
DATA/BTC,1564982095559,2019-08-05T05:14:55.559Z,buy,1.11e-06,7729.0,0.00857919
DATA/BTC,1564982135294,2019-08-05T05:15:35.294Z,buy,1.11e-06,7729.0,0.00857919
DATA/BTC,1564982179104,2019-08-05T05:16:19.104Z,buy,1.11e-06,7729.0,0.00857919
DATA/BTC,1564982217442,2019-08-05T05:16:57.442Z,buy,1.11e-06,7729.0,0.00857919
DATA/BTC,1564982284321,2019-08-05T05:18:04.321Z,buy,1.11e-06,7729.0,0.00857919
DATA/BTC,1564982354049,2019-08-05T05:19:14.049Z,buy,1.11e-06,7729.0,0.00857919
DATA/BTC,1564982397421,2019-08-05T05:19:57.421Z,buy,1.11e-06,7729.0,0.00857919
DATA/BTC,1564982414908,2019-08-05T05:20:14.908Z,buy,1.11e-06,26.0,2.886e-05
DATA/BTC,1564982462118,2019-08-05T05:21:02.118Z,buy,1.11e-06,7729.0,0.00857919
DATA/BTC,1564982501158,2019-08-05T05:21:41.158Z,buy,1.11e-06,7729.0,0.00857919
DATA/BTC,1564982532169,2019-08-05T05:22:12.169Z,buy,1.11e-06,7729.0,0.00857919
DATA/BTC,1564982576999,2019-08-05T05:22:56.999Z,buy,1.11e-06,7729.0,0.00857919
DATA/BTC,1564982613311,2019-08-05T05:23:33.311Z,buy,1.11e-06,64347.0,0.07142517
DATA/BTC,1564982618283,2019-08-05T05:23:38.283Z,buy,1.11e-06,28.0,3.108e-05
DATA/BTC,1564982638271,2019-08-05T05:23:58.271Z,buy,1.11e-06,312961.0,0.34738671
DATA/BTC,1564982642201,2019-08-05T05:24:02.201Z,buy,1.11e-06,27.0,2.997e-05
DATA/BTC,1564982646789,2019-08-05T05:24:06.789Z,buy,1.11e-06,7729.0,0.00857919
DATA/BTC,1564982684368,2019-08-05T05:24:44.368Z,buy,1.11e-06,7729.0,0.00857919
DATA/BTC,1564982686294,2019-08-05T05:24:46.294Z,sell,1.1e-06,63035.0,0.0693385
DATA/BTC,1564982686471,2019-08-05T05:24:46.471Z,sell,1.1e-06,120.0,0.000132
DATA/BTC,1564983006068,2019-08-05T05:30:06.068Z,sell,1.1e-06,1824.0,0.0020064
DATA/BTC,1564983031041,2019-08-05T05:30:31.041Z,sell,1.1e-06,1730.0,0.001903
DATA/BTC,1564983051669,2019-08-05T05:30:51.669Z,sell,1.1e-06,24148.0,0.0265628
DATA/BTC,1564983072722,2019-08-05T05:31:12.722Z,buy,1.1e-06,5552.0,0.0061072
DATA/BTC,1564983183176,2019-08-05T05:33:03.176Z,buy,1.1e-06,45000.0,0.0495
DATA/BTC,1564983209998,2019-08-05T05:33:29.998Z,buy,1.1e-06,65246.0,0.0717706
DATA/BTC,1564983235113,2019-08-05T05:33:55.113Z,buy,1.1e-06,4655.0,0.0051205
DATA/BTC,1564983275291,2019-08-05T05:34:35.291Z,buy,1.1e-06,30.0,3.3e-05
DATA/BTC,1564983279200,2019-08-05T05:34:39.200Z,buy,1.1e-06,34.0,3.74e-05
DATA/BTC,1564983343114,2019-08-05T05:35:43.114Z,buy,1.1e-06,13811.0,0.0151921
DATA/BTC,1564983501092,2019-08-05T05:38:21.092Z,buy,1.1e-06,34.0,3.74e-05
DATA/BTC,1564983615407,2019-08-05T05:40:15.407Z,buy,1.1e-06,25.0,2.75e-05
DATA/BTC,1564983615407,2019-08-05T05:40:15.407Z,buy,1.1e-06,25.0,2.75e-05
DATA/BTC,1564983767958,2019-08-05T05:42:47.958Z,buy,1.1e-06,31.0,3.41e-05
DATA/BTC,1564983772303,2019-08-05T05:42:52.303Z,buy,1.1e-06,7094.0,0.0078034
DATA/BTC,1564983803757,2019-08-05T05:43:23.757Z,buy,1.1e-06,6639.0,0.0073029
DATA/BTC,1564983809613,2019-08-05T05:43:29.613Z,buy,1.1e-06,716.0,0.0007876
DATA/BTC,1564983812503,2019-08-05T05:43:32.503Z,buy,1.1e-06,5976.0,0.0065736
DATA/BTC,1564983820654,2019-08-05T05:43:40.654Z,buy,1.1e-06,535.0,0.0005885
DATA/BTC,1564983832330,2019-08-05T05:43:52.330Z,buy,1.1e-06,1150.0,0.001265
DATA/BTC,1564983837562,2019-08-05T05:43:57.562Z,buy,1.1e-06,62515.0,0.0687665
DATA/BTC,1564983854813,2019-08-05T05:44:14.813Z,buy,1.1e-06,455.0,0.0005005
DATA/BTC,1564983863993,2019-08-05T05:44:23.993Z,buy,1.1e-06,31.0,3.41e-05
DATA/BTC,1564983865909,2019-08-05T05:44:25.909Z,buy,1.1e-06,702.0,0.0007722
DATA/BTC,1564983882148,2019-08-05T05:44:42.148Z,buy,1.1e-06,26.0,2.86e-05
DATA/BTC,1564983888414,2019-08-05T05:44:48.414Z,buy,1.1e-06,1166.0,0.0012826
DATA/BTC,1564983897260,2019-08-05T05:44:57.260Z,buy,1.1e-06,25.0,2.75e-05
DATA/BTC,1564983899295,2019-08-05T05:44:59.295Z,buy,1.1e-06,1037.0,0.0011407
DATA/BTC,1564983910877,2019-08-05T05:45:10.877Z,buy,1.1e-06,431.0,0.0004741
DATA/BTC,1564983922201,2019-08-05T05:45:22.201Z,buy,1.1e-06,355.0,0.0003905
DATA/BTC,1564983944554,2019-08-05T05:45:44.554Z,buy,1.1e-06,319.0,0.0003509
DATA/BTC,1564983946405,2019-08-05T05:45:46.405Z,buy,1.1e-06,7382.0,0.0081202
DATA/BTC,1564983956065,2019-08-05T05:45:56.065Z,buy,1.1e-06,341.0,0.0003751
DATA/BTC,1564983967823,2019-08-05T05:46:07.823Z,buy,1.1e-06,689.0,0.0007579
DATA/BTC,1564983978976,2019-08-05T05:46:18.976Z,buy,1.1e-06,550.0,0.000605
DATA/BTC,1564983985678,2019-08-05T05:46:25.678Z,buy,1.1e-06,1629.0,0.0017919
DATA/BTC,1564984001497,2019-08-05T05:46:41.497Z,buy,1.1e-06,1052.0,0.0011572
DATA/BTC,1564984027704,2019-08-05T05:47:07.704Z,buy,1.1e-06,300.0,0.00033
DATA/BTC,1564984038974,2019-08-05T05:47:18.974Z,buy,1.1e-06,1045.0,0.0011495
DATA/BTC,1564984050924,2019-08-05T05:47:30.924Z,buy,1.1e-06,357.0,0.0003927
DATA/BTC,1564984057713,2019-08-05T05:47:37.713Z,buy,1.1e-06,371.0,0.0004081
DATA/BTC,1564984061954,2019-08-05T05:47:41.954Z,buy,1.1e-06,497.0,0.0005467
DATA/BTC,1564984061954,2019-08-05T05:47:41.954Z,buy,1.11e-06,575.0,0.0006382499999999
DATA/BTC,1564984282599,2019-08-05T05:51:22.599Z,buy,1.11e-06,553.0,0.00061383
DATA/BTC,1564984293530,2019-08-05T05:51:33.530Z,buy,1.11e-06,321.0,0.00035631
DATA/BTC,1564984305045,2019-08-05T05:51:45.045Z,buy,1.11e-06,394.0,0.00043734
DATA/BTC,1564984501879,2019-08-05T05:55:01.879Z,buy,1.11e-06,65262.0,0.07244082
DATA/BTC,1564984829398,2019-08-05T06:00:29.398Z,buy,1.11e-06,4641.0,0.00515151
DATA/BTC,1564984829845,2019-08-05T06:00:29.845Z,buy,1.11e-06,2000.0,0.0022199999999999
DATA/BTC,1564984829852,2019-08-05T06:00:29.852Z,buy,1.11e-06,3000.0,0.00333
DATA/BTC,1564984829860,2019-08-05T06:00:29.860Z,buy,1.11e-06,3000.0,0.00333
DATA/BTC,1564984979557,2019-08-05T06:02:59.557Z,buy,1.11e-06,28.0,3.108e-05
DATA/BTC,1564985209771,2019-08-05T06:06:49.771Z,buy,1.11e-06,1000.0,0.0011099999999999
DATA/BTC,1564985313402,2019-08-05T06:08:33.402Z,buy,1.12e-06,28.0,3.1360000000000005e-05
DATA/BTC,1564985313405,2019-08-05T06:08:33.405Z,buy,1.12e-06,26.0,2.912e-05
DATA/BTC,1564985394285,2019-08-05T06:09:54.285Z,sell,1.11e-06,991.0,0.00110001
DATA/BTC,1564985395940,2019-08-05T06:09:55.940Z,sell,1.11e-06,1103.0,0.00122433
DATA/BTC,1564985396161,2019-08-05T06:09:56.161Z,sell,1.11e-06,1217.0,0.00135087
DATA/BTC,1564985396384,2019-08-05T06:09:56.384Z,sell,1.11e-06,1540.0,0.0017094
DATA/BTC,1564985557685,2019-08-05T06:12:37.685Z,buy,1.12e-06,32.0,3.584e-05
DATA/BTC,1564985963881,2019-08-05T06:19:23.881Z,buy,1.11e-06,27.0,2.997e-05
DATA/BTC,1564986391234,2019-08-05T06:26:31.234Z,buy,1.11e-06,7811.0,0.00867021
DATA/BTC,1564986740212,2019-08-05T06:32:20.212Z,buy,1.11e-06,29.0,3.219e-05
DATA/BTC,1564987203845,2019-08-05T06:40:03.845Z,sell,1.1e-06,3945.0,0.0043395
DATA/BTC,1564987203845,2019-08-05T06:40:03.845Z,sell,1.1e-06,3945.0,0.0043395
DATA/BTC,1564987246255,2019-08-05T06:40:46.255Z,buy,1.11e-06,923.0,0.00102453
DATA/BTC,1564987248373,2019-08-05T06:40:48.373Z,buy,1.12e-06,18018.0,0.02018016
DATA/BTC,1564987257513,2019-08-05T06:40:57.513Z,sell,1.11e-06,6393.0,0.0070962299999999
DATA/BTC,1564987720962,2019-08-05T06:48:40.962Z,sell,1.1e-06,4619.0,0.0050809
DATA/BTC,1564987943570,2019-08-05T06:52:23.570Z,sell,1.1e-06,2509.0,0.0027599
DATA/BTC,1564988066275,2019-08-05T06:54:26.275Z,sell,1.09e-06,5266.0,0.00573994
DATA/BTC,1564988068808,2019-08-05T06:54:28.808Z,sell,1.09e-06,405.0,0.0004414499999999
DATA/BTC,1564988124042,2019-08-05T06:55:24.042Z,buy,1.1e-06,65225.0,0.0717475
DATA/BTC,1564988523093,2019-08-05T07:02:03.093Z,buy,1.1e-06,30.0,3.3e-05
DATA/BTC,1564988523609,2019-08-05T07:02:03.609Z,buy,1.1e-06,28.0,3.08e-05
DATA/BTC,1564988642839,2019-08-05T07:04:02.839Z,buy,1.1e-06,27.0,2.97e-05
DATA/BTC,1564988742356,2019-08-05T07:05:42.356Z,sell,1.09e-06,2280.0,0.0024852
DATA/BTC,1564989510690,2019-08-05T07:18:30.690Z,sell,1.09e-06,11094.0,0.01209246
DATA/BTC,1564989654328,2019-08-05T07:20:54.328Z,buy,1.09e-06,27.0,2.943e-05
DATA/BTC,1564989661754,2019-08-05T07:21:01.754Z,buy,1.09e-06,26.0,2.834e-05
DATA/BTC,1564989677230,2019-08-05T07:21:17.230Z,buy,1.09e-06,15259.0,0.0166323099999999
DATA/BTC,1564989678703,2019-08-05T07:21:18.703Z,sell,1.09e-06,1871.0,0.00203939
DATA/BTC,1564989756917,2019-08-05T07:22:36.917Z,buy,1.1e-06,33.0,3.63e-05
DATA/BTC,1564989807776,2019-08-05T07:23:27.776Z,buy,1.1e-06,31.0,3.41e-05
DATA/BTC,1564989822407,2019-08-05T07:23:42.407Z,sell,1.08e-06,227969.0,0.24620652
DATA/BTC,1564989823718,2019-08-05T07:23:43.718Z,sell,1.08e-06,258.0,0.00027864
DATA/BTC,1564989824587,2019-08-05T07:23:44.587Z,sell,1.08e-06,2314.0,0.00249912
DATA/BTC,1564989824804,2019-08-05T07:23:44.804Z,sell,1.08e-06,405.0,0.0004374
DATA/BTC,1564989848354,2019-08-05T07:24:08.354Z,buy,1.08e-06,3027.0,0.00326916
DATA/BTC,1564989857576,2019-08-05T07:24:17.576Z,buy,1.08e-06,3045.0,0.0032886
DATA/BTC,1564989857657,2019-08-05T07:24:17.657Z,buy,1.08e-06,499.0,0.00053892
DATA/BTC,1564989857669,2019-08-05T07:24:17.669Z,buy,1.08e-06,1333.0,0.00143964
DATA/BTC,1564989857693,2019-08-05T07:24:17.693Z,buy,1.08e-06,1333.0,0.00143964
DATA/BTC,1564989858215,2019-08-05T07:24:18.215Z,buy,1.08e-06,700.0,0.000756
DATA/BTC,1564989867377,2019-08-05T07:24:27.377Z,buy,1.08e-06,3064.0,0.00330912
DATA/BTC,1564990082524,2019-08-05T07:28:02.524Z,buy,1.08e-06,93.0,0.00010044
DATA/BTC,1564990099859,2019-08-05T07:28:19.859Z,buy,1.08e-06,93.0,0.00010044
DATA/BTC,1564990115570,2019-08-05T07:28:35.570Z,buy,1.08e-06,65233.0,0.07045164
DATA/BTC,1564990140783,2019-08-05T07:29:00.783Z,buy,1.08e-06,9338.0,0.01008504
DATA/BTC,1564990185288,2019-08-05T07:29:45.288Z,sell,1.07e-06,6990.0,0.0074792999999999
DATA/BTC,1564990185288,2019-08-05T07:29:45.288Z,sell,1.06e-06,42960.0,0.0455376
DATA/BTC,1564990185624,2019-08-05T07:29:45.624Z,sell,1.06e-06,787.0,0.00083422
DATA/BTC,1564990187515,2019-08-05T07:29:47.515Z,sell,1.06e-06,2358.0,0.00249948
DATA/BTC,1564990190188,2019-08-05T07:29:50.188Z,sell,1.06e-06,225.0,0.0002385
DATA/BTC,1564990193534,2019-08-05T07:29:53.534Z,sell,1.06e-06,405.0,0.0004293
DATA/BTC,1564990249282,2019-08-05T07:30:49.282Z,sell,1.06e-06,13508.0,0.01431848
DATA/BTC,1564990258065,2019-08-05T07:30:58.065Z,buy,1.07e-06,527.0,0.0005638899999999
DATA/BTC,1564990258073,2019-08-05T07:30:58.073Z,buy,1.07e-06,700.0,0.000749
DATA/BTC,1564990258090,2019-08-05T07:30:58.090Z,buy,1.07e-06,700.0,0.000749
DATA/BTC,1564990260302,2019-08-05T07:31:00.302Z,buy,1.07e-06,913.0,0.0009769099999999
DATA/BTC,1564990363476,2019-08-05T07:32:43.476Z,sell,1.06e-06,20775.0,0.0220215
DATA/BTC,1564990364259,2019-08-05T07:32:44.259Z,sell,1.06e-06,633.0,0.00067098
DATA/BTC,1564990365009,2019-08-05T07:32:45.009Z,sell,1.06e-06,3433.0,0.00363898
DATA/BTC,1564990375955,2019-08-05T07:32:55.955Z,sell,1.06e-06,2934.0,0.00311004
DATA/BTC,1564990381988,2019-08-05T07:33:01.988Z,buy,1.07e-06,1322.0,0.00141454
DATA/BTC,1564990383202,2019-08-05T07:33:03.202Z,sell,1.05e-06,97222.0,0.1020831
DATA/BTC,1564990388694,2019-08-05T07:33:08.694Z,sell,1.05e-06,2278.0,0.0023918999999999
DATA/BTC,1564990389849,2019-08-05T07:33:09.849Z,sell,1.05e-06,405.0,0.0004252499999999
DATA/BTC,1564990390394,2019-08-05T07:33:10.394Z,buy,1.05e-06,473.0,0.00049665
DATA/BTC,1564990390429,2019-08-05T07:33:10.429Z,buy,1.05e-06,273.0,0.0002866499999999
DATA/BTC,1564990390454,2019-08-05T07:33:10.454Z,buy,1.05e-06,993.0,0.00104265
DATA/BTC,1564990391600,2019-08-05T07:33:11.600Z,sell,1.05e-06,3678.0,0.0038618999999999
DATA/BTC,1564990394066,2019-08-05T07:33:14.066Z,sell,1.05e-06,2610.0,0.0027405
DATA/BTC,1564990399108,2019-08-05T07:33:19.108Z,sell,1.04e-06,145308.0,0.15112032
DATA/BTC,1564990399144,2019-08-05T07:33:19.144Z,buy,1.04e-06,5844.0,0.00607776
DATA/BTC,1564990399156,2019-08-05T07:33:19.156Z,buy,1.04e-06,200.0,0.000208
DATA/BTC,1564990399242,2019-08-05T07:33:19.242Z,buy,1.04e-06,200.0,0.000208
DATA/BTC,1564990399260,2019-08-05T07:33:19.260Z,buy,1.04e-06,1746.0,0.00181584
DATA/BTC,1564990399262,2019-08-05T07:33:19.262Z,buy,1.04e-06,1746.0,0.00181584
DATA/BTC,1564990399350,2019-08-05T07:33:19.350Z,buy,1.04e-06,3566.0,0.00370864
DATA/BTC,1564990399397,2019-08-05T07:33:19.397Z,buy,1.04e-06,3566.0,0.00370864
DATA/BTC,1564990399542,2019-08-05T07:33:19.542Z,buy,1.04e-06,3566.0,0.00370864
DATA/BTC,1564990401337,2019-08-05T07:33:21.337Z,buy,1.04e-06,366.0,0.00038064
DATA/BTC,1564990402064,2019-08-05T07:33:22.064Z,buy,1.04e-06,202.0,0.00021008
DATA/BTC,1564990402706,2019-08-05T07:33:22.706Z,sell,1.03e-06,405.0,0.00041715
DATA/BTC,1564990403350,2019-08-05T07:33:23.350Z,buy,1.04e-06,26685.0,0.0277524
DATA/BTC,1564990403582,2019-08-05T07:33:23.582Z,sell,1.04e-06,467.0,0.00048568
DATA/BTC,1564990404123,2019-08-05T07:33:24.123Z,buy,1.05e-06,3775.0,0.0039637499999999
DATA/BTC,1564990404207,2019-08-05T07:33:24.207Z,sell,1.04e-06,15093.0,0.01569672
DATA/BTC,1564990404207,2019-08-05T07:33:24.207Z,sell,1.03e-06,207654.0,0.21388362
DATA/BTC,1564990404261,2019-08-05T07:33:24.261Z,buy,1.05e-06,8483.0,0.0089071499999999
DATA/BTC,1564990404487,2019-08-05T07:33:24.487Z,buy,1.05e-06,3000.0,0.0031499999999999
DATA/BTC,1564990406797,2019-08-05T07:33:26.797Z,buy,1.05e-06,1732.0,0.0018185999999999
DATA/BTC,1564990407148,2019-08-05T07:33:27.148Z,buy,1.05e-06,3156.0,0.0033137999999999
DATA/BTC,1564990407148,2019-08-05T07:33:27.148Z,buy,1.06e-06,2565.0,0.0027189
DATA/BTC,1564990409043,2019-08-05T07:33:29.043Z,sell,1.04e-06,42293.0,0.04398472
DATA/BTC,1564990409559,2019-08-05T07:33:29.559Z,buy,1.05e-06,1013.0,0.00106365
DATA/BTC,1564990413990,2019-08-05T07:33:33.990Z,sell,1.04e-06,9615.0,0.0099995999999999
DATA/BTC,1564990417214,2019-08-05T07:33:37.214Z,buy,1.04e-06,627.0,0.00065208
DATA/BTC,1564990418709,2019-08-05T07:33:38.709Z,buy,1.04e-06,1384.0,0.00143936
DATA/BTC,1564990418761,2019-08-05T07:33:38.761Z,buy,1.04e-06,1384.0,0.00143936
DATA/BTC,1564990420740,2019-08-05T07:33:40.740Z,buy,1.04e-06,783.0,0.00081432
DATA/BTC,1564990425593,2019-08-05T07:33:45.593Z,buy,1.04e-06,156.0,0.00016224
DATA/BTC,1564990431454,2019-08-05T07:33:51.454Z,sell,1.03e-06,1512.0,0.00155736
DATA/BTC,1564990433733,2019-08-05T07:33:53.733Z,sell,1.03e-06,405.0,0.00041715
DATA/BTC,1564990436502,2019-08-05T07:33:56.502Z,buy,1.04e-06,992.0,0.00103168
DATA/BTC,1564990437021,2019-08-05T07:33:57.021Z,sell,1.03e-06,38088.0,0.03923064
DATA/BTC,1564990438730,2019-08-05T07:33:58.730Z,buy,1.03e-06,1016.0,0.00104648
DATA/BTC,1564990440675,2019-08-05T07:34:00.675Z,sell,1.02e-06,81958.0,0.08359716
DATA/BTC,1564990441256,2019-08-05T07:34:01.256Z,buy,1.03e-06,440.0,0.0004532
DATA/BTC,1564990442692,2019-08-05T07:34:02.692Z,buy,1.03e-06,17504.0,0.01802912
DATA/BTC,1564990443345,2019-08-05T07:34:03.345Z,sell,1.03e-06,3053.0,0.00314459
DATA/BTC,1564990443864,2019-08-05T07:34:03.864Z,sell,1.03e-06,262.0,0.00026986
DATA/BTC,1564990444855,2019-08-05T07:34:04.855Z,sell,1.03e-06,405.0,0.00041715
DATA/BTC,1564990447875,2019-08-05T07:34:07.875Z,sell,1.03e-06,15361.0,0.01582183
DATA/BTC,1564990454526,2019-08-05T07:34:14.526Z,sell,1.02e-06,192040.0,0.1958808
DATA/BTC,1564990454909,2019-08-05T07:34:14.909Z,buy,1.02e-06,310.0,0.0003162
DATA/BTC,1564990455596,2019-08-05T07:34:15.596Z,buy,1.02e-06,3503.0,0.00357306
DATA/BTC,1564990455599,2019-08-05T07:34:15.599Z,buy,1.02e-06,1502.0,0.00153204
DATA/BTC,1564990457807,2019-08-05T07:34:17.807Z,sell,1.02e-06,23002.0,0.02346204
DATA/BTC,1564990457807,2019-08-05T07:34:17.807Z,sell,1.01e-06,54145.0,0.05468645
DATA/BTC,1564990458065,2019-08-05T07:34:18.065Z,buy,1.02e-06,405.0,0.0004131
DATA/BTC,1564990458065,2019-08-05T07:34:18.065Z,buy,1.03e-06,505.0,0.00052015
DATA/BTC,1564990467236,2019-08-05T07:34:27.236Z,buy,1.03e-06,959.0,0.00098777
DATA/BTC,1564990473164,2019-08-05T07:34:33.164Z,buy,1.03e-06,383.0,0.00039449
DATA/BTC,1564990477183,2019-08-05T07:34:37.183Z,buy,1.03e-06,742.0,0.00076426
DATA/BTC,1564990477967,2019-08-05T07:34:37.967Z,sell,1.02e-06,1156.0,0.0011791199999999
DATA/BTC,1564990478742,2019-08-05T07:34:38.742Z,buy,1.03e-06,1100.0,0.001133
DATA/BTC,1564990480326,2019-08-05T07:34:40.326Z,buy,1.03e-06,700.0,0.000721
DATA/BTC,1564990482807,2019-08-05T07:34:42.807Z,buy,1.03e-06,577.0,0.00059431
DATA/BTC,1564990485667,2019-08-05T07:34:45.667Z,sell,1.02e-06,16712.0,0.01704624
DATA/BTC,1564990500703,2019-08-05T07:35:00.703Z,buy,1.03e-06,735.0,0.00075705
DATA/BTC,1564990510592,2019-08-05T07:35:10.592Z,sell,1.02e-06,9615.0,0.0098073
DATA/BTC,1564990510745,2019-08-05T07:35:10.745Z,buy,1.03e-06,1364.0,0.00140492
DATA/BTC,1564990533651,2019-08-05T07:35:33.651Z,buy,1.03e-06,2780.0,0.0028634
DATA/BTC,1564990545944,2019-08-05T07:35:45.944Z,buy,1.04e-06,30.0,3.12e-05
DATA/BTC,1564990545954,2019-08-05T07:35:45.954Z,sell,1.03e-06,120.0,0.0001236
DATA/BTC,1564990550443,2019-08-05T07:35:50.443Z,sell,1.03e-06,17452.0,0.01797556
DATA/BTC,1564990552665,2019-08-05T07:35:52.665Z,buy,1.03e-06,200.0,0.000206
DATA/BTC,1564990610705,2019-08-05T07:36:50.705Z,buy,1.03e-06,808.0,0.00083224
DATA/BTC,1564990612998,2019-08-05T07:36:52.998Z,buy,1.03e-06,98.0,0.00010094
DATA/BTC,1564990721041,2019-08-05T07:38:41.041Z,buy,1.03e-06,1442.0,0.00148526
DATA/BTC,1564990748836,2019-08-05T07:39:08.836Z,sell,1.03e-06,99.0,0.00010197
DATA/BTC,1564990748836,2019-08-05T07:39:08.836Z,sell,1.03e-06,99.0,0.00010197
DATA/BTC,1564990822003,2019-08-05T07:40:22.003Z,sell,1.03e-06,1176.0,0.00121128
DATA/BTC,1564990824671,2019-08-05T07:40:24.671Z,buy,1.04e-06,6925.0,0.007202
DATA/BTC,1564990830587,2019-08-05T07:40:30.587Z,sell,1.03e-06,1799.0,0.00185297
DATA/BTC,1564990849330,2019-08-05T07:40:49.330Z,sell,1.03e-06,7350.0,0.0075705
DATA/BTC,1564990867385,2019-08-05T07:41:07.385Z,buy,1.04e-06,54830.0,0.0570232
DATA/BTC,1564990884442,2019-08-05T07:41:24.442Z,buy,1.04e-06,561.0,0.00058344
DATA/BTC,1564990904560,2019-08-05T07:41:44.560Z,buy,1.04e-06,6859.0,0.00713336
DATA/BTC,1564990951200,2019-08-05T07:42:31.200Z,buy,1.04e-06,962.0,0.00100048
DATA/BTC,1564990997728,2019-08-05T07:43:17.728Z,buy,1.04e-06,8212.0,0.00854048
DATA/BTC,1564991025127,2019-08-05T07:43:45.127Z,buy,1.04e-06,1206.0,0.00125424
DATA/BTC,1564991031704,2019-08-05T07:43:51.704Z,sell,1.03e-06,3661.0,0.00377083
DATA/BTC,1564991046771,2019-08-05T07:44:06.771Z,buy,1.04e-06,128879.0,0.1340341599999999
DATA/BTC,1564991046852,2019-08-05T07:44:06.852Z,sell,1.04e-06,8537.0,0.00887848
DATA/BTC,1564991046860,2019-08-05T07:44:06.860Z,sell,1.04e-06,1712.0,0.00178048
DATA/BTC,1564991046870,2019-08-05T07:44:06.870Z,sell,1.04e-06,7874.0,0.00818896
DATA/BTC,1564991046895,2019-08-05T07:44:06.895Z,sell,1.04e-06,2760.0,0.0028704
DATA/BTC,1564991046926,2019-08-05T07:44:06.926Z,sell,1.04e-06,6490.0,0.0067496
DATA/BTC,1564991079295,2019-08-05T07:44:39.295Z,sell,1.04e-06,23343.0,0.0242767199999999
DATA/BTC,1564991079397,2019-08-05T07:44:39.397Z,sell,1.04e-06,369.0,0.0003837599999999
DATA/BTC,1564991079423,2019-08-05T07:44:39.423Z,sell,1.04e-06,23482.0,0.02442128
DATA/BTC,1564991090784,2019-08-05T07:44:50.784Z,sell,1.04e-06,3480.0,0.0036192
DATA/BTC,1564991107039,2019-08-05T07:45:07.039Z,buy,1.04e-06,5288.0,0.00549952
DATA/BTC,1564991124347,2019-08-05T07:45:24.347Z,sell,1.03e-06,962.0,0.00099086
DATA/BTC,1564991194225,2019-08-05T07:46:34.225Z,sell,1.02e-06,49195.0,0.0501789
DATA/BTC,1564991198909,2019-08-05T07:46:38.909Z,sell,1.02e-06,405.0,0.0004131
DATA/BTC,1564991199533,2019-08-05T07:46:39.533Z,buy,1.03e-06,119.0,0.00012257
DATA/BTC,1564991207723,2019-08-05T07:46:47.723Z,sell,1.03e-06,99.0,0.00010197
DATA/BTC,1564991251107,2019-08-05T07:47:31.107Z,sell,1.02e-06,2583.0,0.00263466
DATA/BTC,1564991309211,2019-08-05T07:48:29.211Z,buy,1.04e-06,3511.0,0.00365144
DATA/BTC,1564991373232,2019-08-05T07:49:33.232Z,buy,1.04e-06,109.0,0.00011336
DATA/BTC,1564991390036,2019-08-05T07:49:50.036Z,buy,1.04e-06,51821.0,0.05389384
DATA/BTC,1564991403142,2019-08-05T07:50:03.142Z,sell,1.04e-06,2403.0,0.00249912
DATA/BTC,1564991484815,2019-08-05T07:51:24.815Z,sell,1.04e-06,1000.0,0.00104
DATA/BTC,1564991531599,2019-08-05T07:52:11.599Z,sell,1.04e-06,500.0,0.00052
DATA/BTC,1564991540381,2019-08-05T07:52:20.381Z,buy,1.04e-06,53228.0,0.05535712
DATA/BTC,1564991584621,2019-08-05T07:53:04.621Z,sell,1.03e-06,31877.0,0.03283331
DATA/BTC,1564991625744,2019-08-05T07:53:45.744Z,buy,1.03e-06,66172.0,0.06815716
DATA/BTC,1564991631513,2019-08-05T07:53:51.513Z,buy,1.03e-06,1863.0,0.00191889
DATA/BTC,1564991654122,2019-08-05T07:54:14.122Z,buy,1.04e-06,3725.0,0.003874
DATA/BTC,1564991672261,2019-08-05T07:54:32.261Z,buy,1.04e-06,2912.0,0.00302848
DATA/BTC,1564991784420,2019-08-05T07:56:24.420Z,sell,1.03e-06,4775.0,0.00491825
DATA/BTC,1564991842157,2019-08-05T07:57:22.157Z,buy,1.04e-06,240.0,0.0002496
DATA/BTC,1564991877688,2019-08-05T07:57:57.688Z,buy,1.04e-06,54808.0,0.05700032
DATA/BTC,1564991908863,2019-08-05T07:58:28.863Z,buy,1.04e-06,5812.0,0.00604448
DATA/BTC,1564991957134,2019-08-05T07:59:17.134Z,buy,1.05e-06,82721.0,0.0868570499999999
DATA/BTC,1564992012835,2019-08-05T08:00:12.835Z,sell,1.04e-06,24078.0,0.02504112
DATA/BTC,1564992012835,2019-08-05T08:00:12.835Z,sell,1.03e-06,137772.0,0.14190516
DATA/BTC,1564992013897,2019-08-05T08:00:13.897Z,buy,1.05e-06,9349.0,0.00981645
DATA/BTC,1564992015201,2019-08-05T08:00:15.201Z,sell,1.04e-06,405.0,0.0004212
DATA/BTC,1564992017999,2019-08-05T08:00:17.999Z,sell,1.04e-06,9666.0,0.01005264
DATA/BTC,1564992032803,2019-08-05T08:00:32.803Z,sell,1.04e-06,98.0,0.00010192
DATA/BTC,1564992243752,2019-08-05T08:04:03.752Z,buy,1.05e-06,97.0,0.00010185
