symbol,timestamp,datetime,side,price,amount,btc_volume
DLT/BTC,1584360024149,2020-03-16T12:00:24.149Z,sell,4.36e-06,841.0,0.00366676
DLT/BTC,1584360024149,2020-03-16T12:00:24.149Z,sell,4.35e-06,1157.0,0.00503295
DLT/BTC,1584360083895,2020-03-16T12:01:23.895Z,buy,4.39e-06,28.0,0.00012292
DLT/BTC,1584360607943,2020-03-16T12:10:07.943Z,sell,4.33e-06,87.0,0.00037671
DLT/BTC,1584360609519,2020-03-16T12:10:09.519Z,sell,4.33e-06,3004.0,0.01300732
DLT/BTC,1584360611698,2020-03-16T12:10:11.698Z,sell,4.33e-06,1403.0,0.00607499
DLT/BTC,1584360611813,2020-03-16T12:10:11.813Z,sell,4.33e-06,1403.0,0.00607499
DLT/BTC,1584360611813,2020-03-16T12:10:11.813Z,sell,4.32e-06,11512.0,0.04973184
DLT/BTC,1584360622368,2020-03-16T12:10:22.368Z,buy,4.3e-06,80.0,0.000344
DLT/BTC,1584360632449,2020-03-16T12:10:32.449Z,sell,4.3e-06,76.0,0.0003268
DLT/BTC,1584360656553,2020-03-16T12:10:56.553Z,buy,4.33e-06,4684.0,0.02028172
DLT/BTC,1584360660722,2020-03-16T12:11:00.722Z,sell,4.31e-06,1030.0,0.0044393
DLT/BTC,1584360671628,2020-03-16T12:11:11.628Z,sell,4.31e-06,4764.0,0.02053284
DLT/BTC,1584360678729,2020-03-16T12:11:18.729Z,sell,4.3e-06,750.0,0.003225
DLT/BTC,1584360680309,2020-03-16T12:11:20.309Z,buy,4.35e-06,89.0,0.00038715
DLT/BTC,1584360681359,2020-03-16T12:11:21.359Z,buy,4.32e-06,4689.0,0.02025648
DLT/BTC,1584360682385,2020-03-16T12:11:22.385Z,buy,4.32e-06,4695.0,0.0202824
DLT/BTC,1584361132155,2020-03-16T12:18:52.155Z,buy,4.35e-06,2333.0,0.01014855
DLT/BTC,1584361132155,2020-03-16T12:18:52.155Z,buy,4.36e-06,9436.0,0.04114096
DLT/BTC,1584361132155,2020-03-16T12:18:52.155Z,buy,4.37e-06,4266.0,0.01864242
DLT/BTC,1584361132155,2020-03-16T12:18:52.155Z,buy,4.39e-06,911.0,0.00399929
DLT/BTC,1584361132155,2020-03-16T12:18:52.155Z,buy,4.4e-06,1054.0,0.0046376
DLT/BTC,1584361132404,2020-03-16T12:18:52.404Z,buy,4.36e-06,4702.0,0.02050072
DLT/BTC,1584361135678,2020-03-16T12:18:55.678Z,buy,4.36e-06,174.0,0.00075864
DLT/BTC,1584361705793,2020-03-16T12:28:25.793Z,buy,4.36e-06,7.0,3.052e-05
DLT/BTC,1584361709084,2020-03-16T12:28:29.084Z,buy,4.36e-06,8.0,3.488e-05
DLT/BTC,1584361941751,2020-03-16T12:32:21.751Z,buy,4.36e-06,458.0,0.00199688
DLT/BTC,1584362146009,2020-03-16T12:35:46.009Z,buy,4.36e-06,88.0,0.0003836799999999
DLT/BTC,1584362629662,2020-03-16T12:43:49.662Z,sell,4.36e-06,57.0,0.00024852
DLT/BTC,1584362864466,2020-03-16T12:47:44.466Z,buy,4.36e-06,171.0,0.0007455599999999
DLT/BTC,1584363182691,2020-03-16T12:53:02.691Z,sell,4.33e-06,650.0,0.0028145
DLT/BTC,1584363208381,2020-03-16T12:53:28.381Z,sell,4.33e-06,3111.0,0.01347063
DLT/BTC,1584363276245,2020-03-16T12:54:36.245Z,buy,4.35e-06,1059.0,0.0046066499999999
DLT/BTC,1584363277355,2020-03-16T12:54:37.355Z,buy,4.35e-06,1122.0,0.0048807
DLT/BTC,1584363278445,2020-03-16T12:54:38.445Z,buy,4.35e-06,778.0,0.0033843
DLT/BTC,1584363279445,2020-03-16T12:54:39.445Z,buy,4.35e-06,540.0,0.002349
DLT/BTC,1584363281146,2020-03-16T12:54:41.146Z,buy,4.35e-06,373.0,0.00162255
DLT/BTC,1584363282353,2020-03-16T12:54:42.353Z,buy,4.35e-06,258.0,0.0011223
DLT/BTC,1584363283908,2020-03-16T12:54:43.908Z,sell,4.33e-06,777.0,0.00336441
DLT/BTC,1584363283922,2020-03-16T12:54:43.922Z,buy,4.35e-06,304.0,0.0013224
DLT/BTC,1584363303104,2020-03-16T12:55:03.104Z,buy,4.35e-06,24.0,0.0001043999999999
DLT/BTC,1584363364210,2020-03-16T12:56:04.210Z,sell,4.32e-06,1731.0,0.00747792
DLT/BTC,1584363364210,2020-03-16T12:56:04.210Z,sell,4.31e-06,267.0,0.00115077
DLT/BTC,1584363407408,2020-03-16T12:56:47.408Z,sell,4.32e-06,5607.0,0.02422224
DLT/BTC,1584363407408,2020-03-16T12:56:47.408Z,sell,4.32e-06,5607.0,0.02422224
DLT/BTC,1584363830862,2020-03-16T13:03:50.862Z,sell,4.32e-06,39.0,0.00016848
DLT/BTC,1584363991595,2020-03-16T13:06:31.595Z,sell,4.32e-06,26.0,0.00011232
DLT/BTC,1584364935037,2020-03-16T13:22:15.037Z,sell,4.33e-06,919.0,0.00397927
DLT/BTC,1584365480834,2020-03-16T13:31:20.834Z,sell,4.33e-06,81.0,0.00035073
DLT/BTC,1584365480834,2020-03-16T13:31:20.834Z,sell,4.32e-06,6998.0,0.03023136
DLT/BTC,1584365480834,2020-03-16T13:31:20.834Z,sell,4.31e-06,4727.0,0.02037337
DLT/BTC,1584365497310,2020-03-16T13:31:37.310Z,sell,4.31e-06,1816.0,0.00782696
DLT/BTC,1584365754646,2020-03-16T13:35:54.646Z,sell,4.29e-06,136.0,0.00058344
DLT/BTC,1584365754750,2020-03-16T13:35:54.750Z,buy,4.29e-06,1089.0,0.0046718099999999
DLT/BTC,1584365755522,2020-03-16T13:35:55.522Z,buy,4.29e-06,426.0,0.00182754
DLT/BTC,1584365755850,2020-03-16T13:35:55.850Z,buy,4.29e-06,1053.0,0.00451737
DLT/BTC,1584365756374,2020-03-16T13:35:56.374Z,sell,4.28e-06,57.0,0.00024396
DLT/BTC,1584365757053,2020-03-16T13:35:57.053Z,buy,4.29e-06,263.0,0.0011282699999999
DLT/BTC,1584365908934,2020-03-16T13:38:28.934Z,buy,4.32e-06,1034.0,0.00446688
DLT/BTC,1584365908934,2020-03-16T13:38:28.934Z,buy,4.33e-06,11065.0,0.04791145
DLT/BTC,1584365908934,2020-03-16T13:38:28.934Z,buy,4.34e-06,598.0,0.00259532
DLT/BTC,1584365908946,2020-03-16T13:38:28.946Z,sell,4.34e-06,393.0,0.00170562
DLT/BTC,1584365908968,2020-03-16T13:38:28.968Z,buy,4.35e-06,729.0,0.0031711499999999
DLT/BTC,1584365937665,2020-03-16T13:38:57.665Z,buy,4.36e-06,14605.0,0.0636777999999999
DLT/BTC,1584365937665,2020-03-16T13:38:57.665Z,buy,4.37e-06,16054.0,0.0701559799999999
DLT/BTC,1584365937665,2020-03-16T13:38:57.665Z,buy,4.39e-06,273.0,0.00119847
DLT/BTC,1584365937665,2020-03-16T13:38:57.665Z,buy,4.41e-06,1068.0,0.00470988
DLT/BTC,1584365943608,2020-03-16T13:39:03.608Z,sell,4.36e-06,174.0,0.00075864
DLT/BTC,1584366561325,2020-03-16T13:49:21.325Z,sell,4.35e-06,106.0,0.0004611
DLT/BTC,1584366707783,2020-03-16T13:51:47.783Z,sell,4.3e-06,96.0,0.0004128
DLT/BTC,1584366793730,2020-03-16T13:53:13.730Z,buy,4.33e-06,57.0,0.00024681
DLT/BTC,1584366793730,2020-03-16T13:53:13.730Z,buy,4.33e-06,57.0,0.00024681
DLT/BTC,1584367808698,2020-03-16T14:10:08.698Z,sell,4.32e-06,205.0,0.0008856
DLT/BTC,1584367825001,2020-03-16T14:10:25.001Z,sell,4.31e-06,101.0,0.00043531
DLT/BTC,1584367825001,2020-03-16T14:10:25.001Z,sell,4.3e-06,7116.0,0.0305988
DLT/BTC,1584367871207,2020-03-16T14:11:11.207Z,sell,4.3e-06,8797.0,0.0378271
DLT/BTC,1584367960891,2020-03-16T14:12:40.891Z,sell,4.29e-06,5320.0,0.0228227999999999
DLT/BTC,1584367965134,2020-03-16T14:12:45.134Z,sell,4.28e-06,1464.0,0.0062659199999999
DLT/BTC,1584368099230,2020-03-16T14:14:59.230Z,buy,4.3e-06,150.0,0.000645
DLT/BTC,1584368099473,2020-03-16T14:14:59.473Z,sell,4.31e-06,6954.0,0.02997174
DLT/BTC,1584368099482,2020-03-16T14:14:59.482Z,buy,4.32e-06,3057.0,0.01320624
DLT/BTC,1584368136572,2020-03-16T14:15:36.572Z,sell,4.3e-06,7264.0,0.0312352
DLT/BTC,1584368248855,2020-03-16T14:17:28.855Z,sell,4.3e-06,8485.0,0.0364855
DLT/BTC,1584368333071,2020-03-16T14:18:53.071Z,sell,4.3e-06,2130.0,0.009159
DLT/BTC,1584368506321,2020-03-16T14:21:46.321Z,sell,4.3e-06,41645.0,0.1790735
DLT/BTC,1584368506491,2020-03-16T14:21:46.491Z,sell,4.3e-06,4996.0,0.0214828
DLT/BTC,1584368506558,2020-03-16T14:21:46.558Z,sell,4.3e-06,2217.0,0.0095331
DLT/BTC,1584368506678,2020-03-16T14:21:46.678Z,sell,4.3e-06,924.0,0.0039732
DLT/BTC,1584368506816,2020-03-16T14:21:46.816Z,sell,4.3e-06,462.0,0.0019866
DLT/BTC,1584368506973,2020-03-16T14:21:46.973Z,sell,4.3e-06,6637.0,0.0285391
DLT/BTC,1584368507648,2020-03-16T14:21:47.648Z,sell,4.3e-06,1976.0,0.0084968
DLT/BTC,1584368534895,2020-03-16T14:22:14.895Z,sell,4.3e-06,462.0,0.0019866
DLT/BTC,1584368535315,2020-03-16T14:22:15.315Z,sell,4.3e-06,538.0,0.0023134
DLT/BTC,1584368551292,2020-03-16T14:22:31.292Z,sell,4.29e-06,10071.0,0.0432045899999999
DLT/BTC,1584368551292,2020-03-16T14:22:31.292Z,sell,4.28e-06,7929.0,0.03393612
DLT/BTC,1584368834943,2020-03-16T14:27:14.943Z,buy,4.32e-06,590.0,0.0025488
DLT/BTC,1584368836155,2020-03-16T14:27:16.155Z,buy,4.32e-06,442.0,0.00190944
DLT/BTC,1584368865390,2020-03-16T14:27:45.390Z,buy,4.33e-06,1357.0,0.00587581
DLT/BTC,1584369079732,2020-03-16T14:31:19.732Z,sell,4.29e-06,57.0,0.0002445299999999
DLT/BTC,1584369160662,2020-03-16T14:32:40.662Z,buy,4.33e-06,1227.0,0.00531291
DLT/BTC,1584369160662,2020-03-16T14:32:40.662Z,buy,4.34e-06,192.0,0.00083328
DLT/BTC,1584369342701,2020-03-16T14:35:42.701Z,buy,4.35e-06,27.0,0.00011745
DLT/BTC,1584369618511,2020-03-16T14:40:18.511Z,buy,4.35e-06,31.0,0.00013485
DLT/BTC,1584370094783,2020-03-16T14:48:14.783Z,buy,4.35e-06,36660.0,0.159471
DLT/BTC,1584370094993,2020-03-16T14:48:14.993Z,sell,4.35e-06,552.0,0.0024012
DLT/BTC,1584370105872,2020-03-16T14:48:25.872Z,sell,4.35e-06,4164.0,0.0181133999999999
DLT/BTC,1584370150357,2020-03-16T14:49:10.357Z,sell,4.35e-06,24.0,0.0001043999999999
DLT/BTC,1584370188227,2020-03-16T14:49:48.227Z,buy,4.38e-06,205.0,0.0008979
DLT/BTC,1584370188227,2020-03-16T14:49:48.227Z,buy,4.39e-06,3827.0,0.01680053
DLT/BTC,1584370188227,2020-03-16T14:49:48.227Z,buy,4.4e-06,1816.0,0.0079904
DLT/BTC,1584370188227,2020-03-16T14:49:48.227Z,buy,4.41e-06,28031.0,0.12361671
DLT/BTC,1584370188227,2020-03-16T14:49:48.227Z,buy,4.42e-06,8254.0,0.03648268
DLT/BTC,1584370188242,2020-03-16T14:49:48.242Z,sell,4.42e-06,18927.0,0.08365734
DLT/BTC,1584370188246,2020-03-16T14:49:48.246Z,sell,4.42e-06,29837.0,0.13187954
DLT/BTC,1584370203458,2020-03-16T14:50:03.458Z,sell,4.42e-06,590.0,0.0026078
DLT/BTC,1584370206884,2020-03-16T14:50:06.884Z,sell,4.42e-06,171.0,0.00075582
DLT/BTC,1584370207997,2020-03-16T14:50:07.997Z,sell,4.42e-06,552.0,0.00243984
DLT/BTC,1584370222011,2020-03-16T14:50:22.011Z,sell,4.42e-06,177.0,0.00078234
DLT/BTC,1584370270026,2020-03-16T14:51:10.026Z,sell,4.42e-06,23.0,0.00010166
DLT/BTC,1584370270026,2020-03-16T14:51:10.026Z,sell,4.42e-06,23.0,0.00010166
DLT/BTC,1584370629668,2020-03-16T14:57:09.668Z,sell,4.42e-06,23.0,0.00010166
DLT/BTC,1584370923888,2020-03-16T15:02:03.888Z,buy,4.44e-06,252.0,0.00111888
DLT/BTC,1584370923888,2020-03-16T15:02:03.888Z,buy,4.45e-06,3748.0,0.0166786
DLT/BTC,1584371065332,2020-03-16T15:04:25.332Z,buy,4.45e-06,250.0,0.0011125
DLT/BTC,1584371958551,2020-03-16T15:19:18.551Z,buy,4.45e-06,23.0,0.00010235
DLT/BTC,1584372185994,2020-03-16T15:23:05.994Z,sell,4.44e-06,23.0,0.0001021199999999
DLT/BTC,1584372185994,2020-03-16T15:23:05.994Z,sell,4.42e-06,41377.0,0.18288634
DLT/BTC,1584372195902,2020-03-16T15:23:15.902Z,sell,4.43e-06,23.0,0.00010189
DLT/BTC,1584372195902,2020-03-16T15:23:15.902Z,sell,4.42e-06,5.0,2.21e-05
DLT/BTC,1584372208239,2020-03-16T15:23:28.239Z,sell,4.42e-06,53.0,0.00023426
DLT/BTC,1584372603209,2020-03-16T15:30:03.209Z,sell,4.43e-06,23.0,0.00010189
DLT/BTC,1584372603209,2020-03-16T15:30:03.209Z,sell,4.42e-06,164.0,0.00072488
DLT/BTC,1584372611241,2020-03-16T15:30:11.241Z,sell,4.43e-06,1916.0,0.00848788
DLT/BTC,1584372611860,2020-03-16T15:30:11.860Z,buy,4.43e-06,179.0,0.0007929699999999
DLT/BTC,1584372613953,2020-03-16T15:30:13.953Z,buy,4.43e-06,1131.0,0.00501033
DLT/BTC,1584372936653,2020-03-16T15:35:36.653Z,sell,4.42e-06,296.0,0.00130832
DLT/BTC,1584373172757,2020-03-16T15:39:32.757Z,sell,4.42e-06,95.0,0.0004199
DLT/BTC,1584373172898,2020-03-16T15:39:32.898Z,sell,4.42e-06,311.0,0.00137462
DLT/BTC,1584373173008,2020-03-16T15:39:33.008Z,sell,4.42e-06,372.0,0.00164424
DLT/BTC,1584373312620,2020-03-16T15:41:52.620Z,sell,4.42e-06,91241.0,0.40328522
DLT/BTC,1584373327402,2020-03-16T15:42:07.402Z,sell,4.41e-06,93.0,0.00041013
DLT/BTC,1584373336955,2020-03-16T15:42:16.955Z,buy,4.41e-06,23.0,0.00010143
DLT/BTC,1584373389456,2020-03-16T15:43:09.456Z,buy,4.41e-06,700.0,0.003087
DLT/BTC,1584373389607,2020-03-16T15:43:09.607Z,buy,4.41e-06,23.0,0.00010143
DLT/BTC,1584373429233,2020-03-16T15:43:49.233Z,sell,4.4e-06,103.0,0.0004532
DLT/BTC,1584373452788,2020-03-16T15:44:12.788Z,buy,4.4e-06,2000.0,0.0088
DLT/BTC,1584373452788,2020-03-16T15:44:12.788Z,buy,4.4e-06,2000.0,0.0088
DLT/BTC,1584374109865,2020-03-16T15:55:09.865Z,buy,4.4e-06,23.0,0.0001012
DLT/BTC,1584374241950,2020-03-16T15:57:21.950Z,sell,4.39e-06,197.0,0.00086483
DLT/BTC,1584374514807,2020-03-16T16:01:54.807Z,buy,4.39e-06,28.0,0.00012292
DLT/BTC,1584374529846,2020-03-16T16:02:09.846Z,buy,4.39e-06,75822.0,0.33285858
DLT/BTC,1584376369352,2020-03-16T16:32:49.352Z,sell,4.39e-06,23.0,0.00010097
DLT/BTC,1584376369352,2020-03-16T16:32:49.352Z,sell,4.38e-06,734.0,0.00321492
DLT/BTC,1584376560560,2020-03-16T16:36:00.560Z,buy,4.4e-06,83.0,0.0003652
DLT/BTC,1584376683787,2020-03-16T16:38:03.787Z,buy,4.4e-06,23.0,0.0001012
DLT/BTC,1584376787070,2020-03-16T16:39:47.070Z,sell,4.39e-06,23.0,0.00010097
DLT/BTC,1584376789265,2020-03-16T16:39:49.265Z,sell,4.37e-06,62.0,0.00027094
DLT/BTC,1584376789265,2020-03-16T16:39:49.265Z,sell,4.37e-06,62.0,0.00027094
DLT/BTC,1584378624231,2020-03-16T17:10:24.231Z,sell,4.38e-06,285.0,0.0012483
DLT/BTC,1584378624626,2020-03-16T17:10:24.626Z,sell,4.37e-06,9225.0,0.0403132499999999
DLT/BTC,1584378624626,2020-03-16T17:10:24.626Z,sell,4.36e-06,460.0,0.0020055999999999
DLT/BTC,1584378625034,2020-03-16T17:10:25.034Z,sell,4.35e-06,15527.0,0.06754245
DLT/BTC,1584378668090,2020-03-16T17:11:08.090Z,buy,4.39e-06,1211.0,0.00531629
DLT/BTC,1584378668090,2020-03-16T17:11:08.090Z,buy,4.4e-06,789.0,0.0034716
DLT/BTC,1584379029442,2020-03-16T17:17:09.442Z,sell,4.37e-06,23.0,0.00010051
DLT/BTC,1584379029442,2020-03-16T17:17:09.442Z,sell,4.36e-06,8002.0,0.03488872
DLT/BTC,1584379029830,2020-03-16T17:17:09.830Z,sell,4.35e-06,15837.0,0.0688909499999999
DLT/BTC,1584379276434,2020-03-16T17:21:16.434Z,sell,4.36e-06,1207.0,0.00526252
DLT/BTC,1584379276434,2020-03-16T17:21:16.434Z,sell,4.35e-06,9765.0,0.04247775
DLT/BTC,1584379276834,2020-03-16T17:21:16.834Z,sell,4.33e-06,12405.0,0.05371365
DLT/BTC,1584379495338,2020-03-16T17:24:55.338Z,buy,4.38e-06,583.0,0.00255354
DLT/BTC,1584379665700,2020-03-16T17:27:45.700Z,buy,4.38e-06,230.0,0.0010074
DLT/BTC,1584379665700,2020-03-16T17:27:45.700Z,buy,4.39e-06,10324.0,0.04532236
DLT/BTC,1584379665700,2020-03-16T17:27:45.700Z,buy,4.4e-06,28980.0,0.127512
DLT/BTC,1584379665790,2020-03-16T17:27:45.790Z,buy,4.41e-06,7849.0,0.03461409
DLT/BTC,1584379666348,2020-03-16T17:27:46.348Z,buy,4.42e-06,741.0,0.00327522
DLT/BTC,1584379666570,2020-03-16T17:27:46.570Z,buy,4.42e-06,741.0,0.00327522
DLT/BTC,1584379667651,2020-03-16T17:27:47.651Z,buy,4.42e-06,741.0,0.00327522
DLT/BTC,1584379673481,2020-03-16T17:27:53.481Z,buy,4.42e-06,994.0,0.00439348
DLT/BTC,1584379673481,2020-03-16T17:27:53.481Z,buy,4.43e-06,5816.0,0.02576488
DLT/BTC,1584379679147,2020-03-16T17:27:59.147Z,buy,4.43e-06,4534.0,0.02008562
DLT/BTC,1584379687219,2020-03-16T17:28:07.219Z,buy,4.44e-06,31784.0,0.14112096
DLT/BTC,1584379726562,2020-03-16T17:28:46.562Z,sell,4.42e-06,80.0,0.0003536
DLT/BTC,1584379726639,2020-03-16T17:28:46.639Z,sell,4.41e-06,534.0,0.00235494
DLT/BTC,1584379730705,2020-03-16T17:28:50.705Z,sell,4.4e-06,80.0,0.000352
DLT/BTC,1584379730705,2020-03-16T17:28:50.705Z,sell,4.39e-06,503.0,0.00220817
DLT/BTC,1584380136285,2020-03-16T17:35:36.285Z,sell,4.38e-06,1000.0,0.00438
DLT/BTC,1584380136688,2020-03-16T17:35:36.688Z,sell,4.37e-06,2086.0,0.0091158199999999
DLT/BTC,1584380136688,2020-03-16T17:35:36.688Z,sell,4.37e-06,2086.0,0.0091158199999999
DLT/BTC,1584382111306,2020-03-16T18:08:31.306Z,buy,4.41e-06,621.0,0.00273861
DLT/BTC,1584382277048,2020-03-16T18:11:17.048Z,buy,4.41e-06,23.0,0.00010143
DLT/BTC,1584383704506,2020-03-16T18:35:04.506Z,buy,4.41e-06,23.0,0.00010143
DLT/BTC,1584383735562,2020-03-16T18:35:35.562Z,sell,4.41e-06,68.0,0.00029988
DLT/BTC,1584383735562,2020-03-16T18:35:35.562Z,sell,4.41e-06,68.0,0.00029988
DLT/BTC,1584383769843,2020-03-16T18:36:09.843Z,sell,4.41e-06,23.0,0.00010143
DLT/BTC,1584383830369,2020-03-16T18:37:10.369Z,sell,4.41e-06,23.0,0.00010143
DLT/BTC,1584386723276,2020-03-16T19:25:23.276Z,buy,4.42e-06,384.0,0.00169728
DLT/BTC,1584386723284,2020-03-16T19:25:23.284Z,buy,4.42e-06,222.0,0.00098124
DLT/BTC,1584386973200,2020-03-16T19:29:33.200Z,buy,4.42e-06,23.0,0.00010166
DLT/BTC,1584386973200,2020-03-16T19:29:33.200Z,buy,4.42e-06,23.0,0.00010166
DLT/BTC,1584387350032,2020-03-16T19:35:50.032Z,buy,4.42e-06,86.0,0.00038012
DLT/BTC,1584387698062,2020-03-16T19:41:38.062Z,sell,4.41e-06,730.0,0.0032193
DLT/BTC,1584387698062,2020-03-16T19:41:38.062Z,sell,4.4e-06,1414.0,0.0062216
DLT/BTC,1584387698062,2020-03-16T19:41:38.062Z,sell,4.39e-06,2860.0,0.0125554
DLT/BTC,1584388119711,2020-03-16T19:48:39.711Z,sell,4.4e-06,23.0,0.0001012
DLT/BTC,1584388119711,2020-03-16T19:48:39.711Z,sell,4.39e-06,23.0,0.00010097
DLT/BTC,1584388126483,2020-03-16T19:48:46.483Z,sell,4.39e-06,23.0,0.00010097
DLT/BTC,1584388937077,2020-03-16T20:02:17.077Z,sell,4.38e-06,23.0,0.00010074
DLT/BTC,1584388937077,2020-03-16T20:02:17.077Z,sell,4.37e-06,718.0,0.0031376599999999
DLT/BTC,1584388945068,2020-03-16T20:02:25.068Z,sell,4.37e-06,327.0,0.00142899
DLT/BTC,1584388945068,2020-03-16T20:02:25.068Z,sell,4.36e-06,414.0,0.00180504
DLT/BTC,1584388997974,2020-03-16T20:03:17.974Z,sell,4.35e-06,741.0,0.00322335
DLT/BTC,1584389170488,2020-03-16T20:06:10.488Z,buy,4.39e-06,451.0,0.00197989
DLT/BTC,1584389170736,2020-03-16T20:06:10.736Z,buy,4.39e-06,67.0,0.00029413
DLT/BTC,1584389574330,2020-03-16T20:12:54.330Z,buy,4.4e-06,25.0,0.00011
DLT/BTC,1584390061692,2020-03-16T20:21:01.692Z,buy,4.41e-06,24.0,0.00010584
DLT/BTC,1584390071152,2020-03-16T20:21:11.152Z,buy,4.41e-06,26.0,0.00011466
DLT/BTC,1584390132196,2020-03-16T20:22:12.196Z,buy,4.41e-06,31.0,0.00013671
DLT/BTC,1584390242439,2020-03-16T20:24:02.439Z,buy,4.41e-06,26.0,0.00011466
DLT/BTC,1584390327310,2020-03-16T20:25:27.310Z,buy,4.41e-06,24.0,0.00010584
DLT/BTC,1584390328321,2020-03-16T20:25:28.321Z,buy,4.4e-06,24.0,0.0001056
DLT/BTC,1584390351910,2020-03-16T20:25:51.910Z,buy,4.4e-06,35.0,0.000154
DLT/BTC,1584390380369,2020-03-16T20:26:20.369Z,buy,4.4e-06,35.0,0.000154
DLT/BTC,1584390387106,2020-03-16T20:26:27.106Z,buy,4.4e-06,35.0,0.000154
DLT/BTC,1584390387106,2020-03-16T20:26:27.106Z,buy,4.4e-06,35.0,0.000154
DLT/BTC,1584390847086,2020-03-16T20:34:07.086Z,buy,4.4e-06,23.0,0.0001012
DLT/BTC,1584391526738,2020-03-16T20:45:26.738Z,sell,4.39e-06,23.0,0.00010097
DLT/BTC,1584391526738,2020-03-16T20:45:26.738Z,sell,4.37e-06,3.0,1.3109999999999998e-05
DLT/BTC,1584391529624,2020-03-16T20:45:29.624Z,sell,4.38e-06,23.0,0.00010074
DLT/BTC,1584391541626,2020-03-16T20:45:41.626Z,sell,4.37e-06,23.0,0.00010051
DLT/BTC,1584391822169,2020-03-16T20:50:22.169Z,sell,4.37e-06,23.0,0.00010051
DLT/BTC,1584391822169,2020-03-16T20:50:22.169Z,sell,4.36e-06,1394.0,0.0060778399999999
DLT/BTC,1584391957392,2020-03-16T20:52:37.392Z,sell,4.36e-06,3002.0,0.01308872
DLT/BTC,1584392727566,2020-03-16T21:05:27.566Z,sell,4.36e-06,23.0,0.00010028
DLT/BTC,1584392727566,2020-03-16T21:05:27.566Z,sell,4.35e-06,1.0,4.35e-06
DLT/BTC,1584392728705,2020-03-16T21:05:28.705Z,sell,4.35e-06,24.0,0.0001043999999999
DLT/BTC,1584392729647,2020-03-16T21:05:29.647Z,sell,4.35e-06,27.0,0.00011745
DLT/BTC,1584392732670,2020-03-16T21:05:32.670Z,sell,4.35e-06,25.0,0.00010875
DLT/BTC,1584392972476,2020-03-16T21:09:32.476Z,sell,4.35e-06,12229.0,0.05319615
DLT/BTC,1584392981322,2020-03-16T21:09:41.322Z,sell,4.33e-06,1975.0,0.00855175
DLT/BTC,1584392983010,2020-03-16T21:09:43.010Z,buy,4.35e-06,344.0,0.0014964
DLT/BTC,1584392984325,2020-03-16T21:09:44.325Z,sell,4.32e-06,12397.0,0.05355504
DLT/BTC,1584392987773,2020-03-16T21:09:47.773Z,sell,4.32e-06,5538.0,0.02392416
DLT/BTC,1584393010281,2020-03-16T21:10:10.281Z,buy,4.34e-06,38.0,0.0001649199999999
DLT/BTC,1584393308867,2020-03-16T21:15:08.867Z,buy,4.35e-06,92.0,0.0004001999999999
DLT/BTC,1584393312875,2020-03-16T21:15:12.875Z,buy,4.35e-06,426.0,0.0018530999999999
DLT/BTC,1584393313035,2020-03-16T21:15:13.035Z,buy,4.35e-06,426.0,0.0018530999999999
DLT/BTC,1584393313035,2020-03-16T21:15:13.035Z,buy,4.35e-06,426.0,0.0018530999999999
DLT/BTC,1584393313035,2020-03-16T21:15:13.035Z,buy,4.35e-06,426.0,0.0018530999999999
DLT/BTC,1584393313035,2020-03-16T21:15:13.035Z,buy,4.35e-06,426.0,0.0018530999999999
DLT/BTC,1584393313035,2020-03-16T21:15:13.035Z,buy,4.35e-06,426.0,0.0018530999999999
DLT/BTC,1584393313035,2020-03-16T21:15:13.035Z,buy,4.35e-06,426.0,0.0018530999999999
DLT/BTC,1584394544888,2020-03-16T21:35:44.888Z,buy,4.37e-06,96.0,0.0004195199999999
DLT/BTC,1584395300960,2020-03-16T21:48:20.960Z,sell,4.32e-06,1302.0,0.00562464
DLT/BTC,1584395753746,2020-03-16T21:55:53.746Z,buy,4.35e-06,484.0,0.0021054
DLT/BTC,1584395754074,2020-03-16T21:55:54.074Z,buy,4.35e-06,152.0,0.0006612
DLT/BTC,1584395754074,2020-03-16T21:55:54.074Z,buy,4.35e-06,152.0,0.0006612
DLT/BTC,1584398134679,2020-03-16T22:35:34.679Z,sell,4.35e-06,23.0,0.0001000499999999
DLT/BTC,1584398134826,2020-03-16T22:35:34.826Z,sell,4.34e-06,552.0,0.00239568
DLT/BTC,1584398237749,2020-03-16T22:37:17.749Z,sell,4.36e-06,23.0,0.00010028
DLT/BTC,1584398237749,2020-03-16T22:37:17.749Z,sell,4.36e-06,23.0,0.00010028
DLT/BTC,1584399754025,2020-03-16T23:02:34.025Z,sell,4.31e-06,16149.0,0.06960219
DLT/BTC,1584399754032,2020-03-16T23:02:34.032Z,sell,4.31e-06,16149.0,0.06960219
DLT/BTC,1584399754062,2020-03-16T23:02:34.062Z,buy,4.34e-06,15911.0,0.06905374
DLT/BTC,1584399930600,2020-03-16T23:05:30.600Z,buy,4.34e-06,238.0,0.0010329199999999
DLT/BTC,1584400090139,2020-03-16T23:08:10.139Z,buy,4.34e-06,24.0,0.00010416
DLT/BTC,1584401458055,2020-03-16T23:30:58.055Z,buy,4.34e-06,171.0,0.00074214
DLT/BTC,1584401744602,2020-03-16T23:35:44.602Z,buy,4.34e-06,76.0,0.0003298399999999
DLT/BTC,1584401744602,2020-03-16T23:35:44.602Z,buy,4.34e-06,76.0,0.0003298399999999
DLT/BTC,1584401885861,2020-03-16T23:38:05.861Z,buy,4.34e-06,43.0,0.00018662
DLT/BTC,1584403243909,2020-03-17T00:00:43.909Z,buy,4.38e-06,28.0,0.00012264
DLT/BTC,1584403295507,2020-03-17T00:01:35.507Z,buy,4.38e-06,449.0,0.00196662
DLT/BTC,1584403897591,2020-03-17T00:11:37.591Z,buy,4.38e-06,24.0,0.00010512
DLT/BTC,1584405334233,2020-03-17T00:35:34.233Z,sell,4.35e-06,33.0,0.00014355
DLT/BTC,1584405334233,2020-03-17T00:35:34.233Z,sell,4.35e-06,33.0,0.00014355
DLT/BTC,1584406482052,2020-03-17T00:54:42.052Z,sell,4.34e-06,952.0,0.0041316799999999
DLT/BTC,1584406724462,2020-03-17T00:58:44.462Z,sell,4.33e-06,5000.0,0.02165
DLT/BTC,1584408300478,2020-03-17T01:25:00.478Z,sell,4.33e-06,24.0,0.00010392
DLT/BTC,1584408300478,2020-03-17T01:25:00.478Z,sell,4.32e-06,24.0,0.00010368
DLT/BTC,1584408300478,2020-03-17T01:25:00.478Z,sell,4.31e-06,9756.0,0.04204836
DLT/BTC,1584408300505,2020-03-17T01:25:00.505Z,buy,4.31e-06,6862.0,0.02957522
DLT/BTC,1584408300609,2020-03-17T01:25:00.609Z,buy,4.31e-06,638.0,0.00274978
DLT/BTC,1584408300705,2020-03-17T01:25:00.705Z,buy,4.31e-06,552.0,0.00237912
DLT/BTC,1584408300726,2020-03-17T01:25:00.726Z,buy,4.31e-06,692.0,0.00298252
DLT/BTC,1584408360440,2020-03-17T01:26:00.440Z,buy,4.33e-06,1143.0,0.00494919
DLT/BTC,1584408691299,2020-03-17T01:31:31.299Z,sell,4.33e-06,612.0,0.00264996
DLT/BTC,1584408691299,2020-03-17T01:31:31.299Z,sell,4.33e-06,612.0,0.00264996
DLT/BTC,1584412483881,2020-03-17T02:34:43.881Z,buy,4.37e-06,655.0,0.0028623499999999
DLT/BTC,1584412520884,2020-03-17T02:35:20.884Z,buy,4.37e-06,254.0,0.00110998
DLT/BTC,1584412813410,2020-03-17T02:40:13.410Z,sell,4.33e-06,254.0,0.00109982
DLT/BTC,1584412813410,2020-03-17T02:40:13.410Z,sell,4.33e-06,254.0,0.00109982
DLT/BTC,1584416132955,2020-03-17T03:35:32.955Z,sell,4.34e-06,31.0,0.00013454
DLT/BTC,1584416132955,2020-03-17T03:35:32.955Z,sell,4.34e-06,31.0,0.00013454
DLT/BTC,1584418546912,2020-03-17T04:15:46.912Z,buy,4.34e-06,24.0,0.00010416
DLT/BTC,1584419516131,2020-03-17T04:31:56.131Z,sell,4.36e-06,171.0,0.0007455599999999
DLT/BTC,1584419589746,2020-03-17T04:33:09.746Z,sell,4.36e-06,24.0,0.00010464
DLT/BTC,1584419589746,2020-03-17T04:33:09.746Z,sell,4.36e-06,24.0,0.00010464
DLT/BTC,1584420660335,2020-03-17T04:51:00.335Z,sell,4.36e-06,7.0,3.052e-05
DLT/BTC,1584420660335,2020-03-17T04:51:00.335Z,sell,4.35e-06,44.0,0.0001914
DLT/BTC,1584420706036,2020-03-17T04:51:46.036Z,sell,4.34e-06,1104.0,0.00479136
DLT/BTC,1584420789918,2020-03-17T04:53:09.918Z,buy,4.34e-06,24.0,0.00010416
DLT/BTC,1584420908530,2020-03-17T04:55:08.530Z,buy,4.34e-06,1174.0,0.00509516
DLT/BTC,1584420922457,2020-03-17T04:55:22.457Z,buy,4.34e-06,43.0,0.00018662
DLT/BTC,1584421416204,2020-03-17T05:03:36.204Z,sell,4.33e-06,86.0,0.00037238
DLT/BTC,1584421722129,2020-03-17T05:08:42.129Z,buy,4.33e-06,1053.0,0.00455949
DLT/BTC,1584421724058,2020-03-17T05:08:44.058Z,buy,4.34e-06,755.0,0.0032767
DLT/BTC,1584421724070,2020-03-17T05:08:44.070Z,buy,4.34e-06,1259.0,0.00546406
DLT/BTC,1584421724815,2020-03-17T05:08:44.815Z,buy,4.34e-06,755.0,0.0032767
DLT/BTC,1584421724981,2020-03-17T05:08:44.981Z,buy,4.34e-06,755.0,0.0032767
DLT/BTC,1584421725138,2020-03-17T05:08:45.138Z,buy,4.34e-06,1929.0,0.00837186
DLT/BTC,1584421728534,2020-03-17T05:08:48.534Z,buy,4.34e-06,1312.0,0.00569408
DLT/BTC,1584421729640,2020-03-17T05:08:49.640Z,buy,4.34e-06,910.0,0.0039494
DLT/BTC,1584421730735,2020-03-17T05:08:50.735Z,buy,4.34e-06,632.0,0.00274288
DLT/BTC,1584421733134,2020-03-17T05:08:53.134Z,buy,4.34e-06,433.0,0.00187922
DLT/BTC,1584421753849,2020-03-17T05:09:13.849Z,buy,4.34e-06,255.0,0.0011067
DLT/BTC,1584422134503,2020-03-17T05:15:34.503Z,buy,4.34e-06,315.0,0.0013671
DLT/BTC,1584422134503,2020-03-17T05:15:34.503Z,buy,4.34e-06,315.0,0.0013671
DLT/BTC,1584423346163,2020-03-17T05:35:46.163Z,buy,4.38e-06,37.0,0.00016206
DLT/BTC,1584423369640,2020-03-17T05:36:09.640Z,buy,4.38e-06,171.0,0.00074898
DLT/BTC,1584423822572,2020-03-17T05:43:42.572Z,buy,4.38e-06,24.0,0.00010512
DLT/BTC,1584424087983,2020-03-17T05:48:07.983Z,buy,4.38e-06,24.0,0.00010512
DLT/BTC,1584424963396,2020-03-17T06:02:43.396Z,sell,4.37e-06,69.0,0.00030153
DLT/BTC,1584424963396,2020-03-17T06:02:43.396Z,sell,4.37e-06,69.0,0.00030153
DLT/BTC,1584426947851,2020-03-17T06:35:47.851Z,buy,4.38e-06,52.0,0.00022776
DLT/BTC,1584428355224,2020-03-17T06:59:15.224Z,buy,4.38e-06,874.0,0.00382812
DLT/BTC,1584428542423,2020-03-17T07:02:22.423Z,sell,4.37e-06,91.0,0.00039767
DLT/BTC,1584428542423,2020-03-17T07:02:22.423Z,sell,4.37e-06,91.0,0.00039767
DLT/BTC,1584429712242,2020-03-17T07:21:52.242Z,sell,4.34e-06,1187.0,0.00515158
DLT/BTC,1584429712242,2020-03-17T07:21:52.242Z,sell,4.33e-06,1039.0,0.00449887
DLT/BTC,1584429735758,2020-03-17T07:22:15.758Z,buy,4.36e-06,1139.0,0.00496604
DLT/BTC,1584429893262,2020-03-17T07:24:53.262Z,buy,4.38e-06,26.0,0.00011388
DLT/BTC,1584429932596,2020-03-17T07:25:32.596Z,buy,4.38e-06,145.0,0.0006351
DLT/BTC,1584430073364,2020-03-17T07:27:53.364Z,buy,4.38e-06,24.0,0.00010512
DLT/BTC,1584430536441,2020-03-17T07:35:36.441Z,sell,4.34e-06,376.0,0.00163184
DLT/BTC,1584430546438,2020-03-17T07:35:46.438Z,buy,4.37e-06,53.0,0.00023161
DLT/BTC,1584430553639,2020-03-17T07:35:53.639Z,buy,4.37e-06,29211.0,0.1276520699999999
DLT/BTC,1584430553660,2020-03-17T07:35:53.660Z,buy,4.38e-06,7523.0,0.03295074
DLT/BTC,1584430779395,2020-03-17T07:39:39.395Z,buy,4.39e-06,270.0,0.0011853
DLT/BTC,1584430779395,2020-03-17T07:39:39.395Z,buy,4.4e-06,5051.0,0.0222244
DLT/BTC,1584430779395,2020-03-17T07:39:39.395Z,buy,4.41e-06,6278.0,0.02768598
DLT/BTC,1584430779395,2020-03-17T07:39:39.395Z,buy,4.42e-06,254.0,0.00112268
DLT/BTC,1584430779395,2020-03-17T07:39:39.395Z,buy,4.44e-06,6310.0,0.0280164
DLT/BTC,1584430779408,2020-03-17T07:39:39.408Z,sell,4.44e-06,552.0,0.00245088
DLT/BTC,1584430779412,2020-03-17T07:39:39.412Z,sell,4.44e-06,552.0,0.00245088
DLT/BTC,1584430779413,2020-03-17T07:39:39.413Z,sell,4.44e-06,4440.0,0.0197135999999999
DLT/BTC,1584430779493,2020-03-17T07:39:39.493Z,sell,4.44e-06,464.0,0.00206016
DLT/BTC,1584430787046,2020-03-17T07:39:47.046Z,sell,4.44e-06,8383.0,0.03722052
DLT/BTC,1584430795885,2020-03-17T07:39:55.885Z,sell,4.44e-06,14957.0,0.06640908
DLT/BTC,1584430796310,2020-03-17T07:39:56.310Z,sell,4.44e-06,171.0,0.00075924
DLT/BTC,1584430808125,2020-03-17T07:40:08.125Z,sell,4.44e-06,24.0,0.00010656
DLT/BTC,1584430839443,2020-03-17T07:40:39.443Z,buy,4.46e-06,662.0,0.0029525199999999
DLT/BTC,1584430839443,2020-03-17T07:40:39.443Z,buy,4.47e-06,866.0,0.00387102
DLT/BTC,1584430875438,2020-03-17T07:41:15.438Z,sell,4.45e-06,484.0,0.0021538
DLT/BTC,1584430970734,2020-03-17T07:42:50.734Z,sell,4.45e-06,655.0,0.00291475
DLT/BTC,1584431427065,2020-03-17T07:50:27.065Z,buy,4.46e-06,23.0,0.00010258
DLT/BTC,1584431427065,2020-03-17T07:50:27.065Z,buy,4.47e-06,1454.0,0.00649938
DLT/BTC,1584431457239,2020-03-17T07:50:57.239Z,sell,4.45e-06,873.0,0.0038848499999999
DLT/BTC,1584432018165,2020-03-17T08:00:18.165Z,sell,4.45e-06,277.0,0.0012326499999999
DLT/BTC,1584432037230,2020-03-17T08:00:37.230Z,sell,4.44e-06,16432.0,0.07295808
DLT/BTC,1584432037230,2020-03-17T08:00:37.230Z,sell,4.44e-06,16432.0,0.07295808
DLT/BTC,1584432144126,2020-03-17T08:02:24.126Z,buy,4.45e-06,1000.0,0.00445
DLT/BTC,1584432304609,2020-03-17T08:05:04.609Z,sell,4.44e-06,28.0,0.00012432
DLT/BTC,1584432705019,2020-03-17T08:11:45.019Z,sell,4.44e-06,34.0,0.00015096
DLT/BTC,1584434134905,2020-03-17T08:35:34.905Z,sell,4.44e-06,214.0,0.0009501599999999
DLT/BTC,1584434511997,2020-03-17T08:41:51.997Z,sell,4.44e-06,116358.0,0.51662952
DLT/BTC,1584434512018,2020-03-17T08:41:52.018Z,sell,4.44e-06,10878.0,0.04829832
DLT/BTC,1584434597767,2020-03-17T08:43:17.767Z,sell,4.44e-06,11502.0,0.05106888
DLT/BTC,1584434668715,2020-03-17T08:44:28.715Z,sell,4.44e-06,755.0,0.0033522
DLT/BTC,1584434690746,2020-03-17T08:44:50.746Z,sell,4.44e-06,755.0,0.0033522
DLT/BTC,1584434715904,2020-03-17T08:45:15.904Z,sell,4.44e-06,755.0,0.0033522
DLT/BTC,1584435008777,2020-03-17T08:50:08.777Z,sell,4.44e-06,4510.0,0.0200243999999999
DLT/BTC,1584435008777,2020-03-17T08:50:08.777Z,sell,4.44e-06,4510.0,0.0200243999999999
DLT/BTC,1584435684559,2020-03-17T09:01:24.559Z,sell,4.44e-06,612.0,0.00271728
DLT/BTC,1584437018295,2020-03-17T09:23:38.295Z,sell,4.44e-06,1204.0,0.00534576
DLT/BTC,1584437736390,2020-03-17T09:35:36.390Z,sell,4.44e-06,77.0,0.0003418799999999
DLT/BTC,1584438358432,2020-03-17T09:45:58.432Z,sell,4.44e-06,5476.0,0.02431344
DLT/BTC,1584438358432,2020-03-17T09:45:58.432Z,sell,4.44e-06,5476.0,0.02431344
DLT/BTC,1584438727301,2020-03-17T09:52:07.301Z,sell,4.44e-06,63.0,0.00027972
DLT/BTC,1584440332401,2020-03-17T10:18:52.401Z,sell,4.44e-06,7946.0,0.03528024
DLT/BTC,1584440332401,2020-03-17T10:18:52.401Z,sell,4.42e-06,8173.0,0.03612466
DLT/BTC,1584440332401,2020-03-17T10:18:52.401Z,sell,4.41e-06,3857.0,0.01700937
DLT/BTC,1584440332401,2020-03-17T10:18:52.401Z,sell,4.4e-06,3148.0,0.0138512
DLT/BTC,1584440332401,2020-03-17T10:18:52.401Z,sell,4.39e-06,4729.0,0.02076031
DLT/BTC,1584440332401,2020-03-17T10:18:52.401Z,sell,4.38e-06,116894.0,0.51199572
DLT/BTC,1584440339075,2020-03-17T10:18:59.075Z,buy,4.39e-06,152.0,0.00066728
DLT/BTC,1584440342011,2020-03-17T10:19:02.011Z,sell,4.38e-06,483.0,0.00211554
DLT/BTC,1584440362453,2020-03-17T10:19:22.453Z,buy,4.41e-06,1142.0,0.00503622
DLT/BTC,1584440362453,2020-03-17T10:19:22.453Z,buy,4.42e-06,254.0,0.00112268
DLT/BTC,1584440362453,2020-03-17T10:19:22.453Z,buy,4.43e-06,5564.0,0.02464852
DLT/BTC,1584440365330,2020-03-17T10:19:25.330Z,buy,4.44e-06,3934.0,0.01746696
DLT/BTC,1584440366756,2020-03-17T10:19:26.756Z,buy,4.44e-06,1143.0,0.00507492
DLT/BTC,1584440375560,2020-03-17T10:19:35.560Z,sell,4.43e-06,1143.0,0.00506349
DLT/BTC,1584440375721,2020-03-17T10:19:35.721Z,sell,4.43e-06,4592.0,0.02034256
DLT/BTC,1584440379861,2020-03-17T10:19:39.861Z,sell,4.43e-06,2309.0,0.01022887
DLT/BTC,1584440403631,2020-03-17T10:20:03.631Z,buy,4.46e-06,254.0,0.00113284
DLT/BTC,1584440403631,2020-03-17T10:20:03.631Z,buy,4.47e-06,8015.0,0.03582705
DLT/BTC,1584440403631,2020-03-17T10:20:03.631Z,buy,4.48e-06,4755.0,0.0213024
DLT/BTC,1584440403631,2020-03-17T10:20:03.631Z,buy,4.49e-06,8224.0,0.03692576
DLT/BTC,1584440403631,2020-03-17T10:20:03.631Z,buy,4.5e-06,6394.0,0.028773
DLT/BTC,1584440403631,2020-03-17T10:20:03.631Z,buy,4.51e-06,19764.0,0.08913564
DLT/BTC,1584440403648,2020-03-17T10:20:03.648Z,sell,4.51e-06,483.0,0.00217833
DLT/BTC,1584440403652,2020-03-17T10:20:03.652Z,sell,4.51e-06,35130.0,0.1584363
DLT/BTC,1584440405096,2020-03-17T10:20:05.096Z,buy,4.52e-06,2600.0,0.011752
DLT/BTC,1584440406923,2020-03-17T10:20:06.923Z,buy,4.53e-06,106.0,0.00048018
DLT/BTC,1584440410135,2020-03-17T10:20:10.135Z,buy,4.54e-06,147.0,0.00066738
DLT/BTC,1584440414432,2020-03-17T10:20:14.432Z,buy,4.54e-06,486.0,0.00220644
DLT/BTC,1584440414732,2020-03-17T10:20:14.732Z,sell,4.54e-06,2071.0,0.0094023399999999
DLT/BTC,1584440414737,2020-03-17T10:20:14.737Z,sell,4.54e-06,78.0,0.00035412
DLT/BTC,1584440419878,2020-03-17T10:20:19.878Z,buy,4.56e-06,645.0,0.0029412
DLT/BTC,1584440420022,2020-03-17T10:20:20.022Z,sell,4.56e-06,519.0,0.00236664
DLT/BTC,1584440434396,2020-03-17T10:20:34.396Z,sell,4.54e-06,80.0,0.0003632
DLT/BTC,1584440434396,2020-03-17T10:20:34.396Z,sell,4.52e-06,515.0,0.0023278
DLT/BTC,1584440436116,2020-03-17T10:20:36.116Z,sell,4.51e-06,137.0,0.00061787
DLT/BTC,1584440436390,2020-03-17T10:20:36.390Z,sell,4.51e-06,282.0,0.00127182
DLT/BTC,1584440444979,2020-03-17T10:20:44.979Z,buy,4.54e-06,30917.0,0.14036318
DLT/BTC,1584440463705,2020-03-17T10:21:03.705Z,buy,4.54e-06,1494.0,0.00678276
DLT/BTC,1584440466210,2020-03-17T10:21:06.210Z,buy,4.52e-06,23.0,0.00010396
DLT/BTC,1584440473192,2020-03-17T10:21:13.192Z,sell,4.52e-06,57.0,0.00025764
DLT/BTC,1584440473192,2020-03-17T10:21:13.192Z,sell,4.5e-06,121.0,0.0005445
DLT/BTC,1584440522391,2020-03-17T10:22:02.391Z,buy,4.52e-06,6.0,2.712e-05
DLT/BTC,1584440592086,2020-03-17T10:23:12.086Z,sell,4.49e-06,106.0,0.00047594
DLT/BTC,1584440618067,2020-03-17T10:23:38.067Z,buy,4.52e-06,6.0,2.712e-05
DLT/BTC,1584440633328,2020-03-17T10:23:53.328Z,buy,4.52e-06,7.0,3.164e-05
DLT/BTC,1584440680174,2020-03-17T10:24:40.174Z,buy,4.52e-06,8638.0,0.03904376
DLT/BTC,1584440682241,2020-03-17T10:24:42.241Z,sell,4.52e-06,169.0,0.00076388
DLT/BTC,1584440682749,2020-03-17T10:24:42.749Z,buy,4.53e-06,8.0,3.624e-05
DLT/BTC,1584440697871,2020-03-17T10:24:57.871Z,sell,4.52e-06,88.0,0.00039776
DLT/BTC,1584440708195,2020-03-17T10:25:08.195Z,sell,4.52e-06,23.0,0.00010396
DLT/BTC,1584440729889,2020-03-17T10:25:29.889Z,buy,4.54e-06,6.0,2.724e-05
DLT/BTC,1584440790556,2020-03-17T10:26:30.556Z,buy,4.53e-06,6.0,2.718e-05
DLT/BTC,1584440887593,2020-03-17T10:28:07.593Z,buy,4.53e-06,7.0,3.171e-05
DLT/BTC,1584440916703,2020-03-17T10:28:36.703Z,buy,4.53e-06,6.0,2.718e-05
DLT/BTC,1584440917191,2020-03-17T10:28:37.191Z,buy,4.53e-06,913.0,0.00413589
DLT/BTC,1584440918202,2020-03-17T10:28:38.202Z,buy,4.54e-06,74.0,0.00033596
DLT/BTC,1584440919217,2020-03-17T10:28:39.217Z,buy,4.56e-06,2012.0,0.00917472
DLT/BTC,1584440920221,2020-03-17T10:28:40.221Z,buy,4.57e-06,2335.0,0.01067095
DLT/BTC,1584440921226,2020-03-17T10:28:41.226Z,buy,4.56e-06,22.0,0.00010032
DLT/BTC,1584440924238,2020-03-17T10:28:44.238Z,buy,4.56e-06,22.0,0.00010032
DLT/BTC,1584440931241,2020-03-17T10:28:51.241Z,buy,4.56e-06,62.0,0.00028272
DLT/BTC,1584440932256,2020-03-17T10:28:52.256Z,buy,4.57e-06,76.0,0.00034732
DLT/BTC,1584440933260,2020-03-17T10:28:53.260Z,buy,4.57e-06,59.0,0.00026963
DLT/BTC,1584440934274,2020-03-17T10:28:54.274Z,buy,4.57e-06,96.0,0.00043872
DLT/BTC,1584440936298,2020-03-17T10:28:56.298Z,buy,4.56e-06,214.0,0.00097584
DLT/BTC,1584440944317,2020-03-17T10:29:04.317Z,buy,4.56e-06,87.0,0.00039672
DLT/BTC,1584440950356,2020-03-17T10:29:10.356Z,buy,4.55e-06,22.0,0.0001001
DLT/BTC,1584440965423,2020-03-17T10:29:25.423Z,buy,4.55e-06,126.0,0.0005733
DLT/BTC,1584441106106,2020-03-17T10:31:46.106Z,buy,4.55e-06,6.0,2.73e-05
DLT/BTC,1584441181897,2020-03-17T10:33:01.897Z,buy,4.55e-06,7.0,3.1849999999999995e-05
DLT/BTC,1584441269773,2020-03-17T10:34:29.773Z,buy,4.55e-06,23.0,0.00010465
DLT/BTC,1584441286943,2020-03-17T10:34:46.943Z,sell,4.54e-06,24.0,0.0001089599999999
DLT/BTC,1584441333756,2020-03-17T10:35:33.756Z,sell,4.54e-06,56.0,0.00025424
DLT/BTC,1584441335807,2020-03-17T10:35:35.807Z,sell,4.53e-06,227.0,0.00102831
DLT/BTC,1584441354598,2020-03-17T10:35:54.598Z,buy,4.55e-06,8.0,3.64e-05
DLT/BTC,1584441419622,2020-03-17T10:36:59.622Z,buy,4.55e-06,125.0,0.0005687499999999
DLT/BTC,1584441499837,2020-03-17T10:38:19.837Z,sell,4.55e-06,106.0,0.0004822999999999
DLT/BTC,1584441588030,2020-03-17T10:39:48.030Z,sell,4.55e-06,213.0,0.0009691499999999
DLT/BTC,1584441648650,2020-03-17T10:40:48.650Z,buy,4.56e-06,8.0,3.648e-05
DLT/BTC,1584441863075,2020-03-17T10:44:23.075Z,sell,4.55e-06,4262.0,0.0193921
DLT/BTC,1584441864281,2020-03-17T10:44:24.281Z,sell,4.53e-06,492.0,0.0022287599999999
DLT/BTC,1584441864281,2020-03-17T10:44:24.281Z,sell,4.52e-06,254.0,0.0011480799999999
DLT/BTC,1584441864281,2020-03-17T10:44:24.281Z,sell,4.51e-06,23.0,0.00010373
DLT/BTC,1584441864281,2020-03-17T10:44:24.281Z,sell,4.5e-06,8594.0,0.038673
DLT/BTC,1584441864294,2020-03-17T10:44:24.294Z,buy,4.51e-06,1474.0,0.00664774
DLT/BTC,1584441864297,2020-03-17T10:44:24.297Z,buy,4.55e-06,7.0,3.1849999999999995e-05
DLT/BTC,1584441864515,2020-03-17T10:44:24.515Z,buy,4.55e-06,7.0,3.1849999999999995e-05
DLT/BTC,1584441871890,2020-03-17T10:44:31.890Z,sell,4.5e-06,665.0,0.0029925
DLT/BTC,1584441871890,2020-03-17T10:44:31.890Z,sell,4.49e-06,5017.0,0.02252633
DLT/BTC,1584441873404,2020-03-17T10:44:33.404Z,buy,4.51e-06,69.0,0.00031119
DLT/BTC,1584441899998,2020-03-17T10:44:59.998Z,sell,4.48e-06,1405.0,0.0062944
DLT/BTC,1584441899998,2020-03-17T10:44:59.998Z,sell,4.47e-06,1.0,4.47e-06
DLT/BTC,1584441899998,2020-03-17T10:44:59.998Z,sell,4.48e-06,1405.0,0.0062944
DLT/BTC,1584441899998,2020-03-17T10:44:59.998Z,sell,4.47e-06,1.0,4.47e-06
DLT/BTC,1584442966031,2020-03-17T11:02:46.031Z,buy,4.5e-06,87.0,0.0003915
DLT/BTC,1584443898469,2020-03-17T11:18:18.469Z,buy,4.49e-06,44.0,0.00019756
DLT/BTC,1584443948228,2020-03-17T11:19:08.228Z,buy,4.49e-06,23.0,0.00010327
DLT/BTC,1584444047203,2020-03-17T11:20:47.203Z,sell,4.48e-06,80.0,0.0003584
DLT/BTC,1584444047203,2020-03-17T11:20:47.203Z,sell,4.47e-06,105.0,0.00046935
DLT/BTC,1584444047220,2020-03-17T11:20:47.220Z,buy,4.47e-06,834.0,0.00372798
DLT/BTC,1584444180457,2020-03-17T11:23:00.457Z,sell,4.46e-06,35.0,0.0001561
DLT/BTC,1584444903216,2020-03-17T11:35:03.216Z,sell,4.47e-06,909.0,0.00406323
DLT/BTC,1584444946614,2020-03-17T11:35:46.614Z,buy,4.5e-06,181.0,0.0008145
DLT/BTC,1584444946614,2020-03-17T11:35:46.614Z,buy,4.5e-06,181.0,0.0008145
DLT/BTC,1584445820336,2020-03-17T11:50:20.336Z,buy,4.48e-06,131.0,0.00058688
DLT/BTC,1584445820336,2020-03-17T11:50:20.336Z,buy,4.49e-06,1253.0,0.00562597
DLT/BTC,1584445821228,2020-03-17T11:50:21.228Z,buy,4.5e-06,7.0,3.15e-05
DLT/BTC,1584445822414,2020-03-17T11:50:22.414Z,sell,4.47e-06,962.0,0.00430014
DLT/BTC,1584446573454,2020-03-17T12:02:53.454Z,sell,4.46e-06,459.0,0.00204714
DLT/BTC,1584446573471,2020-03-17T12:02:53.471Z,sell,4.45e-06,2355.0,0.01047975
DLT/BTC,1584446574840,2020-03-17T12:02:54.840Z,buy,4.45e-06,66.0,0.0002937
DLT/BTC,1584446901219,2020-03-17T12:08:21.219Z,sell,4.45e-06,23.0,0.00010235
DLT/BTC,1584446901219,2020-03-17T12:08:21.219Z,sell,4.44e-06,103.0,0.00045732
DLT/BTC,1584446901219,2020-03-17T12:08:21.219Z,sell,4.43e-06,6048.0,0.02679264
DLT/BTC,1584446901219,2020-03-17T12:08:21.219Z,sell,4.42e-06,3997.0,0.01766674
DLT/BTC,1584446901219,2020-03-17T12:08:21.219Z,sell,4.41e-06,205.0,0.00090405
DLT/BTC,1584446901219,2020-03-17T12:08:21.219Z,sell,4.4e-06,2452.0,0.0107888
DLT/BTC,1584446901230,2020-03-17T12:08:21.230Z,buy,4.4e-06,2377.0,0.0104588
DLT/BTC,1584446901237,2020-03-17T12:08:21.237Z,buy,4.4e-06,462.0,0.0020328
DLT/BTC,1584446901264,2020-03-17T12:08:21.264Z,buy,4.4e-06,11095.0,0.048818
DLT/BTC,1584446902265,2020-03-17T12:08:22.265Z,buy,4.4e-06,7703.0,0.0338932
DLT/BTC,1584446903465,2020-03-17T12:08:23.465Z,buy,4.4e-06,5338.0,0.0234872
DLT/BTC,1584446904245,2020-03-17T12:08:24.245Z,buy,4.4e-06,286.0,0.0012584
DLT/BTC,1584446904669,2020-03-17T12:08:24.669Z,buy,4.4e-06,571.0,0.0025124
DLT/BTC,1584446905668,2020-03-17T12:08:25.668Z,buy,4.41e-06,3697.0,0.01630377
DLT/BTC,1584446909867,2020-03-17T12:08:29.867Z,buy,4.41e-06,2499.0,0.01102059
DLT/BTC,1584446911773,2020-03-17T12:08:31.773Z,buy,4.41e-06,610.0,0.0026901
DLT/BTC,1584446951294,2020-03-17T12:09:11.294Z,sell,4.41e-06,484.0,0.00213444
DLT/BTC,1584446951294,2020-03-17T12:09:11.294Z,sell,4.39e-06,899.0,0.00394661
DLT/BTC,1584446983190,2020-03-17T12:09:43.190Z,buy,4.41e-06,1361.0,0.00600201
DLT/BTC,1584447145428,2020-03-17T12:12:25.428Z,buy,4.42e-06,254.0,0.00112268
DLT/BTC,1584447222500,2020-03-17T12:13:42.500Z,sell,4.42e-06,429.0,0.00189618
DLT/BTC,1584447222560,2020-03-17T12:13:42.560Z,buy,4.42e-06,421.0,0.00186082
DLT/BTC,1584448103458,2020-03-17T12:28:23.458Z,sell,4.4e-06,92.0,0.0004048
DLT/BTC,1584448440613,2020-03-17T12:34:00.613Z,buy,4.44e-06,7.0,3.108e-05
DLT/BTC,1584448440613,2020-03-17T12:34:00.613Z,buy,4.44e-06,7.0,3.108e-05
DLT/BTC,1584448547153,2020-03-17T12:35:47.153Z,buy,4.44e-06,141.0,0.00062604
DLT/BTC,1584448555209,2020-03-17T12:35:55.209Z,buy,4.44e-06,39.0,0.00017316
DLT/BTC,1584448812053,2020-03-17T12:40:12.053Z,buy,4.44e-06,926.0,0.00411144
DLT/BTC,1584448812053,2020-03-17T12:40:12.053Z,buy,4.45e-06,524.0,0.0023317999999999
DLT/BTC,1584448812053,2020-03-17T12:40:12.053Z,buy,4.46e-06,7165.0,0.0319558999999999
DLT/BTC,1584448812053,2020-03-17T12:40:12.053Z,buy,4.47e-06,3938.0,0.01760286
DLT/BTC,1584448812053,2020-03-17T12:40:12.053Z,buy,4.48e-06,80.0,0.0003584
DLT/BTC,1584448812053,2020-03-17T12:40:12.053Z,buy,4.49e-06,174.0,0.00078126
DLT/BTC,1584448812053,2020-03-17T12:40:12.053Z,buy,4.5e-06,1664.0,0.007488
DLT/BTC,1584448812053,2020-03-17T12:40:12.053Z,buy,4.52e-06,919.0,0.0041538799999999
DLT/BTC,1584448812053,2020-03-17T12:40:12.053Z,buy,4.53e-06,106.0,0.00048018
DLT/BTC,1584448812053,2020-03-17T12:40:12.053Z,buy,4.54e-06,179.0,0.00081266
DLT/BTC,1584448812053,2020-03-17T12:40:12.053Z,buy,4.55e-06,1347.0,0.00612885
DLT/BTC,1584448812053,2020-03-17T12:40:12.053Z,buy,4.56e-06,529.0,0.00241224
DLT/BTC,1584448812053,2020-03-17T12:40:12.053Z,buy,4.57e-06,10233.0,0.04676481
DLT/BTC,1584448812053,2020-03-17T12:40:12.053Z,buy,4.58e-06,152.0,0.00069616
DLT/BTC,1584448815162,2020-03-17T12:40:15.162Z,buy,4.49e-06,144.0,0.00064656
DLT/BTC,1584448816099,2020-03-17T12:40:16.099Z,buy,4.5e-06,174.0,0.000783
DLT/BTC,1584448817887,2020-03-17T12:40:17.887Z,buy,4.5e-06,80.0,0.00036
DLT/BTC,1584448818130,2020-03-17T12:40:18.130Z,sell,4.49e-06,30.0,0.0001347
DLT/BTC,1584448818382,2020-03-17T12:40:18.382Z,buy,4.49e-06,80.0,0.0003592
DLT/BTC,1584448818881,2020-03-17T12:40:18.881Z,buy,4.49e-06,80.0,0.0003592
DLT/BTC,1584448819085,2020-03-17T12:40:19.085Z,buy,4.5e-06,80.0,0.00036
DLT/BTC,1584448820169,2020-03-17T12:40:20.169Z,sell,4.48e-06,80.0,0.0003584
DLT/BTC,1584448825837,2020-03-17T12:40:25.837Z,buy,4.49e-06,599.0,0.00268951
DLT/BTC,1584448847344,2020-03-17T12:40:47.344Z,buy,4.49e-06,45.0,0.00020205
DLT/BTC,1584449436754,2020-03-17T12:50:36.754Z,sell,4.47e-06,219.0,0.00097893
DLT/BTC,1584449727196,2020-03-17T12:55:27.196Z,sell,4.47e-06,290.0,0.0012963
DLT/BTC,1584449727196,2020-03-17T12:55:27.196Z,sell,4.47e-06,290.0,0.0012963
DLT/BTC,1584452136271,2020-03-17T13:35:36.271Z,sell,4.46e-06,149.0,0.0006645399999999
DLT/BTC,1584452777598,2020-03-17T13:46:17.598Z,sell,4.46e-06,72.0,0.00032112
DLT/BTC,1584453299571,2020-03-17T13:54:59.571Z,buy,4.48e-06,49.0,0.00021952
DLT/BTC,1584453299571,2020-03-17T13:54:59.571Z,buy,4.48e-06,49.0,0.00021952
DLT/BTC,1584453327889,2020-03-17T13:55:27.889Z,buy,4.48e-06,28.0,0.00012544
DLT/BTC,1584453898098,2020-03-17T14:04:58.098Z,sell,4.46e-06,937.0,0.0041790199999999
DLT/BTC,1584453898098,2020-03-17T14:04:58.098Z,sell,4.45e-06,3222.0,0.0143378999999999
DLT/BTC,1584453899498,2020-03-17T14:04:59.498Z,sell,4.45e-06,1143.0,0.00508635
DLT/BTC,1584454109590,2020-03-17T14:08:29.590Z,sell,4.44e-06,1331.0,0.00590964
DLT/BTC,1584454109590,2020-03-17T14:08:29.590Z,sell,4.43e-06,5461.0,0.02419223
DLT/BTC,1584454109590,2020-03-17T14:08:29.590Z,sell,4.42e-06,254.0,0.00112268
DLT/BTC,1584454109590,2020-03-17T14:08:29.590Z,sell,4.41e-06,3823.0,0.01685943
DLT/BTC,1584454109590,2020-03-17T14:08:29.590Z,sell,4.4e-06,216403.0,0.9521732
DLT/BTC,1584454113146,2020-03-17T14:08:33.146Z,buy,4.42e-06,80.0,0.0003536
DLT/BTC,1584454124855,2020-03-17T14:08:44.855Z,buy,4.42e-06,1418.0,0.00626756
DLT/BTC,1584454125004,2020-03-17T14:08:45.004Z,sell,4.41e-06,45.0,0.00019845
DLT/BTC,1584454125013,2020-03-17T14:08:45.013Z,buy,4.42e-06,391.0,0.00172822
DLT/BTC,1584454126943,2020-03-17T14:08:46.943Z,buy,4.42e-06,1061.0,0.00468962
DLT/BTC,1584454126945,2020-03-17T14:08:46.945Z,buy,4.42e-06,189.0,0.00083538
DLT/BTC,1584454334925,2020-03-17T14:12:14.925Z,sell,4.42e-06,192.0,0.00084864
DLT/BTC,1584454335193,2020-03-17T14:12:15.193Z,buy,4.42e-06,169.0,0.00074698
DLT/BTC,1584454607055,2020-03-17T14:16:47.055Z,sell,4.4e-06,45.0,0.000198
DLT/BTC,1584454893811,2020-03-17T14:21:33.811Z,buy,4.42e-06,678.0,0.00299676
DLT/BTC,1584455198683,2020-03-17T14:26:38.683Z,sell,4.4e-06,487.0,0.0021428
DLT/BTC,1584455198683,2020-03-17T14:26:38.683Z,sell,4.39e-06,13.0,5.707000000000001e-05
DLT/BTC,1584455493212,2020-03-17T14:31:33.212Z,buy,4.42e-06,678.0,0.00299676
DLT/BTC,1584455707102,2020-03-17T14:35:07.102Z,buy,4.42e-06,115.0,0.0005083
DLT/BTC,1584455708577,2020-03-17T14:35:08.577Z,buy,4.42e-06,63.0,0.00027846
DLT/BTC,1584455708700,2020-03-17T14:35:08.700Z,buy,4.42e-06,68.0,0.00030056
DLT/BTC,1584455708700,2020-03-17T14:35:08.700Z,buy,4.43e-06,262.0,0.00116066
DLT/BTC,1584455747461,2020-03-17T14:35:47.461Z,buy,4.43e-06,91.0,0.0004031299999999
DLT/BTC,1584456208439,2020-03-17T14:43:28.439Z,buy,4.43e-06,358.0,0.0015859399999999
DLT/BTC,1584456208448,2020-03-17T14:43:28.448Z,buy,4.43e-06,258.0,0.00114294
DLT/BTC,1584456209438,2020-03-17T14:43:29.438Z,buy,4.43e-06,168.0,0.00074424
DLT/BTC,1584456548317,2020-03-17T14:49:08.317Z,sell,4.43e-06,23.0,0.00010189
DLT/BTC,1584456643743,2020-03-17T14:50:43.743Z,sell,4.43e-06,250.0,0.0011075
DLT/BTC,1584456643743,2020-03-17T14:50:43.743Z,sell,4.43e-06,250.0,0.0011075
DLT/BTC,1584459624852,2020-03-17T15:40:24.852Z,buy,4.44e-06,33.0,0.00014652
DLT/BTC,1584459671175,2020-03-17T15:41:11.175Z,buy,4.44e-06,216.0,0.00095904
DLT/BTC,1584459671175,2020-03-17T15:41:11.175Z,buy,4.46e-06,31.0,0.00013826
DLT/BTC,1584459671175,2020-03-17T15:41:11.175Z,buy,4.44e-06,216.0,0.00095904
DLT/BTC,1584459671175,2020-03-17T15:41:11.175Z,buy,4.46e-06,31.0,0.00013826
DLT/BTC,1584461148136,2020-03-17T16:05:48.136Z,buy,4.46e-06,246.0,0.00109716
DLT/BTC,1584461148136,2020-03-17T16:05:48.136Z,buy,4.47e-06,11041.0,0.04935327
DLT/BTC,1584461154457,2020-03-17T16:05:54.457Z,sell,4.45e-06,343.0,0.0015263499999999
DLT/BTC,1584461154710,2020-03-17T16:05:54.710Z,sell,4.45e-06,209.0,0.00093005
DLT/BTC,1584462282434,2020-03-17T16:24:42.434Z,sell,4.45e-06,23.0,0.00010235
DLT/BTC,1584462933308,2020-03-17T16:35:33.308Z,sell,4.44e-06,82.0,0.0003640799999999
DLT/BTC,1584462933308,2020-03-17T16:35:33.308Z,sell,4.44e-06,82.0,0.0003640799999999
DLT/BTC,1584463412591,2020-03-17T16:43:32.591Z,sell,4.44e-06,58.0,0.00025752
DLT/BTC,1584463476898,2020-03-17T16:44:36.898Z,sell,4.44e-06,55.0,0.0002441999999999
DLT/BTC,1584463951182,2020-03-17T16:52:31.182Z,buy,4.46e-06,112.0,0.0004995199999999
DLT/BTC,1584464023449,2020-03-17T16:53:43.449Z,buy,4.46e-06,167.0,0.00074482
DLT/BTC,1584464958633,2020-03-17T17:09:18.633Z,sell,4.44e-06,474.0,0.00210456
DLT/BTC,1584464958633,2020-03-17T17:09:18.633Z,sell,4.44e-06,474.0,0.00210456
DLT/BTC,1584466657884,2020-03-17T17:37:37.884Z,buy,4.46e-06,274.0,0.00122204
DLT/BTC,1584467012903,2020-03-17T17:43:32.903Z,buy,4.46e-06,34.0,0.0001516399999999
DLT/BTC,1584467164779,2020-03-17T17:46:04.779Z,sell,4.45e-06,30.0,0.0001335
DLT/BTC,1584467164779,2020-03-17T17:46:04.779Z,sell,4.45e-06,30.0,0.0001335
DLT/BTC,1584470134581,2020-03-17T18:35:34.581Z,sell,4.45e-06,59.0,0.0002625499999999
DLT/BTC,1584470134581,2020-03-17T18:35:34.581Z,sell,4.45e-06,59.0,0.0002625499999999
DLT/BTC,1584471674180,2020-03-17T19:01:14.180Z,sell,4.45e-06,1006.0,0.0044767
DLT/BTC,1584471674180,2020-03-17T19:01:14.180Z,sell,4.44e-06,10703.0,0.04752132
DLT/BTC,1584471674180,2020-03-17T19:01:14.180Z,sell,4.43e-06,17962.0,0.07957166
DLT/BTC,1584471674180,2020-03-17T19:01:14.180Z,sell,4.42e-06,3997.0,0.01766674
DLT/BTC,1584471674180,2020-03-17T19:01:14.180Z,sell,4.41e-06,4641.0,0.02046681
DLT/BTC,1584471674180,2020-03-17T19:01:14.180Z,sell,4.4e-06,3113.0,0.0136972
DLT/BTC,1584471676259,2020-03-17T19:01:16.259Z,sell,4.42e-06,80.0,0.0003536
DLT/BTC,1584471676557,2020-03-17T19:01:16.557Z,buy,4.44e-06,80.0,0.0003551999999999
DLT/BTC,1584472599839,2020-03-17T19:16:39.839Z,buy,4.46e-06,7.0,3.122e-05
DLT/BTC,1584473305353,2020-03-17T19:28:25.353Z,buy,4.46e-06,525.0,0.0023415
DLT/BTC,1584473305353,2020-03-17T19:28:25.353Z,buy,4.46e-06,525.0,0.0023415
DLT/BTC,1584473753100,2020-03-17T19:35:53.100Z,buy,4.46e-06,38.0,0.0001694799999999
DLT/BTC,1584474452970,2020-03-17T19:47:32.970Z,buy,4.46e-06,38.0,0.0001694799999999
DLT/BTC,1584476555089,2020-03-17T20:22:35.089Z,sell,4.45e-06,34.0,0.0001513
DLT/BTC,1584476555089,2020-03-17T20:22:35.089Z,sell,4.44e-06,80.0,0.0003551999999999
DLT/BTC,1584476555089,2020-03-17T20:22:35.089Z,sell,4.43e-06,476.0,0.00210868
DLT/BTC,1584476555089,2020-03-17T20:22:35.089Z,sell,4.45e-06,34.0,0.0001513
DLT/BTC,1584476555089,2020-03-17T20:22:35.089Z,sell,4.44e-06,80.0,0.0003551999999999
DLT/BTC,1584476555089,2020-03-17T20:22:35.089Z,sell,4.43e-06,476.0,0.00210868
DLT/BTC,1584477878475,2020-03-17T20:44:38.475Z,sell,4.44e-06,23.0,0.0001021199999999
DLT/BTC,1584478119960,2020-03-17T20:48:39.960Z,sell,4.43e-06,99.0,0.00043857
DLT/BTC,1584478218151,2020-03-17T20:50:18.151Z,buy,4.44e-06,2252.0,0.00999888
DLT/BTC,1584479248538,2020-03-17T21:07:28.538Z,sell,4.43e-06,247.0,0.00109421
DLT/BTC,1584479248538,2020-03-17T21:07:28.538Z,sell,4.43e-06,247.0,0.00109421
DLT/BTC,1584480212927,2020-03-17T21:23:32.927Z,sell,4.43e-06,1162.0,0.00514766
DLT/BTC,1584480256615,2020-03-17T21:24:16.615Z,sell,4.42e-06,254.0,0.00112268
DLT/BTC,1584480293372,2020-03-17T21:24:53.372Z,buy,4.42e-06,44.0,0.00019448
DLT/BTC,1584480312297,2020-03-17T21:25:12.297Z,buy,4.42e-06,25.0,0.0001105
DLT/BTC,1584480313082,2020-03-17T21:25:13.082Z,buy,4.42e-06,219.0,0.00096798
DLT/BTC,1584480392580,2020-03-17T21:26:32.580Z,sell,4.41e-06,246.0,0.00108486
DLT/BTC,1584480534858,2020-03-17T21:28:54.858Z,sell,4.41e-06,1367.0,0.00602847
DLT/BTC,1584480534872,2020-03-17T21:28:54.872Z,buy,4.41e-06,2156.0,0.00950796
DLT/BTC,1584480535107,2020-03-17T21:28:55.107Z,buy,4.41e-06,3659.0,0.01613619
DLT/BTC,1584480947934,2020-03-17T21:35:47.934Z,buy,4.43e-06,42.0,0.00018606
DLT/BTC,1584482202088,2020-03-17T21:56:42.088Z,buy,4.42e-06,1063.0,0.00469846
DLT/BTC,1584482389367,2020-03-17T21:59:49.367Z,sell,4.41e-06,484.0,0.00213444
DLT/BTC,1584482512795,2020-03-17T22:01:52.795Z,sell,4.41e-06,552.0,0.00243432
DLT/BTC,1584482636735,2020-03-17T22:03:56.735Z,buy,4.41e-06,155.0,0.00068355
DLT/BTC,1584482636735,2020-03-17T22:03:56.735Z,buy,4.42e-06,630.0,0.0027846
DLT/BTC,1584482636735,2020-03-17T22:03:56.735Z,buy,4.43e-06,7885.0,0.03493055
DLT/BTC,1584482662695,2020-03-17T22:04:22.695Z,sell,4.41e-06,500.0,0.002205
DLT/BTC,1584482662695,2020-03-17T22:04:22.695Z,sell,4.41e-06,500.0,0.002205
DLT/BTC,1584484561923,2020-03-17T22:36:01.923Z,buy,4.43e-06,23.0,0.00010189
DLT/BTC,1584484561923,2020-03-17T22:36:01.923Z,buy,4.43e-06,23.0,0.00010189
DLT/BTC,1584486916744,2020-03-17T23:15:16.744Z,buy,4.42e-06,500.0,0.00221
DLT/BTC,1584486916744,2020-03-17T23:15:16.744Z,buy,4.43e-06,990.0,0.0043857
DLT/BTC,1584486918871,2020-03-17T23:15:18.871Z,buy,4.42e-06,1024.0,0.00452608
DLT/BTC,1584487176019,2020-03-17T23:19:36.019Z,sell,4.41e-06,1500.0,0.006615
DLT/BTC,1584488039459,2020-03-17T23:33:59.459Z,sell,4.41e-06,10986.0,0.04844826
DLT/BTC,1584488039475,2020-03-17T23:33:59.475Z,buy,4.41e-06,552.0,0.00243432
DLT/BTC,1584488039478,2020-03-17T23:33:59.478Z,buy,4.41e-06,350.0,0.0015435
DLT/BTC,1584488039554,2020-03-17T23:33:59.554Z,sell,4.4e-06,6237.0,0.0274428
DLT/BTC,1584488048604,2020-03-17T23:34:08.604Z,sell,4.39e-06,33732.0,0.14808348
DLT/BTC,1584488148356,2020-03-17T23:35:48.356Z,buy,4.41e-06,75.0,0.00033075
DLT/BTC,1584488148356,2020-03-17T23:35:48.356Z,buy,4.41e-06,75.0,0.00033075
DLT/BTC,1584488177954,2020-03-17T23:36:17.954Z,buy,4.41e-06,425.0,0.00187425
DLT/BTC,1584488177954,2020-03-17T23:36:17.954Z,buy,4.42e-06,7767.0,0.03433014
DLT/BTC,1584488211929,2020-03-17T23:36:51.929Z,buy,4.42e-06,1135.0,0.0050167
DLT/BTC,1584488211929,2020-03-17T23:36:51.929Z,buy,4.43e-06,9662.0,0.04280266
DLT/BTC,1584488212012,2020-03-17T23:36:52.012Z,sell,4.43e-06,583.0,0.00258269
DLT/BTC,1584491464715,2020-03-18T00:31:04.715Z,sell,4.41e-06,1422.0,0.00627102
DLT/BTC,1584491464715,2020-03-18T00:31:04.715Z,sell,4.41e-06,1422.0,0.00627102
DLT/BTC,1584491946208,2020-03-18T00:39:06.208Z,sell,4.4e-06,580.0,0.002552
DLT/BTC,1584492345344,2020-03-18T00:45:45.344Z,buy,4.4e-06,2126.0,0.0093544
DLT/BTC,1584492668045,2020-03-18T00:51:08.045Z,buy,4.41e-06,500.0,0.002205
DLT/BTC,1584492668045,2020-03-18T00:51:08.045Z,buy,4.41e-06,500.0,0.002205
DLT/BTC,1584495335858,2020-03-18T01:35:35.858Z,sell,4.41e-06,27.0,0.00011907
DLT/BTC,1584495335858,2020-03-18T01:35:35.858Z,sell,4.41e-06,27.0,0.00011907
DLT/BTC,1584498613488,2020-03-18T02:30:13.488Z,sell,4.41e-06,35.0,0.00015435
DLT/BTC,1584498613488,2020-03-18T02:30:13.488Z,sell,4.41e-06,35.0,0.00015435
DLT/BTC,1584501348037,2020-03-18T03:15:48.037Z,buy,4.41e-06,758.0,0.00334278
DLT/BTC,1584501349715,2020-03-18T03:15:49.715Z,buy,4.42e-06,523.0,0.00231166
DLT/BTC,1584501372517,2020-03-18T03:16:12.517Z,buy,4.42e-06,246.0,0.00108732
DLT/BTC,1584501695749,2020-03-18T03:21:35.749Z,sell,4.41e-06,678.0,0.00298998
DLT/BTC,1584501716819,2020-03-18T03:21:56.819Z,sell,4.41e-06,676.0,0.00298116
DLT/BTC,1584501716819,2020-03-18T03:21:56.819Z,sell,4.41e-06,676.0,0.00298116
DLT/BTC,1584504883830,2020-03-18T04:14:43.830Z,sell,4.41e-06,5787.0,0.02552067
DLT/BTC,1584504883830,2020-03-18T04:14:43.830Z,sell,4.41e-06,5787.0,0.02552067
DLT/BTC,1584506133207,2020-03-18T04:35:33.207Z,sell,4.42e-06,26.0,0.00011492
DLT/BTC,1584506648370,2020-03-18T04:44:08.370Z,sell,4.42e-06,23.0,0.00010166
DLT/BTC,1584508017611,2020-03-18T05:06:57.611Z,buy,4.43e-06,1500.0,0.006645
DLT/BTC,1584508216992,2020-03-18T05:10:16.992Z,sell,4.43e-06,48.0,0.00021264
DLT/BTC,1584508216992,2020-03-18T05:10:16.992Z,sell,4.43e-06,48.0,0.00021264
DLT/BTC,1584511300266,2020-03-18T06:01:40.266Z,sell,4.43e-06,3216.0,0.01424688
DLT/BTC,1584511300358,2020-03-18T06:01:40.358Z,sell,4.43e-06,2249.0,0.00996307
DLT/BTC,1584511302358,2020-03-18T06:01:42.358Z,sell,4.43e-06,1549.0,0.00686207
DLT/BTC,1584511306959,2020-03-18T06:01:46.959Z,sell,4.43e-06,1043.0,0.00462049
DLT/BTC,1584511317855,2020-03-18T06:01:57.855Z,sell,4.43e-06,667.0,0.00295481
DLT/BTC,1584511318855,2020-03-18T06:01:58.855Z,sell,4.43e-06,463.0,0.0020510899999999
DLT/BTC,1584511318855,2020-03-18T06:01:58.855Z,sell,4.43e-06,463.0,0.0020510899999999
DLT/BTC,1584514507280,2020-03-18T06:55:07.280Z,sell,4.43e-06,173.0,0.00076639
DLT/BTC,1584514870924,2020-03-18T07:01:10.924Z,sell,4.43e-06,6384.0,0.02828112
DLT/BTC,1584514872055,2020-03-18T07:01:12.055Z,sell,4.41e-06,500.0,0.002205
DLT/BTC,1584514872055,2020-03-18T07:01:12.055Z,sell,4.41e-06,500.0,0.002205
DLT/BTC,1584515353536,2020-03-18T07:09:13.536Z,sell,4.41e-06,23.0,0.00010143
DLT/BTC,1584515362721,2020-03-18T07:09:22.721Z,buy,4.41e-06,39.0,0.00017199
DLT/BTC,1584515467373,2020-03-18T07:11:07.373Z,buy,4.41e-06,321.0,0.00141561
DLT/BTC,1584516256693,2020-03-18T07:24:16.693Z,sell,4.4e-06,39.0,0.0001716
DLT/BTC,1584516674995,2020-03-18T07:31:14.995Z,sell,4.4e-06,541.0,0.0023804
DLT/BTC,1584516788458,2020-03-18T07:33:08.458Z,buy,4.4e-06,23.0,0.0001012
DLT/BTC,1584517151431,2020-03-18T07:39:11.431Z,buy,4.4e-06,55.0,0.000242
DLT/BTC,1584517152135,2020-03-18T07:39:12.135Z,buy,4.4e-06,176.0,0.0007744
DLT/BTC,1584518334312,2020-03-18T07:58:54.312Z,sell,4.39e-06,174.0,0.00076386
DLT/BTC,1584518334312,2020-03-18T07:58:54.312Z,sell,4.38e-06,937.0,0.00410406
DLT/BTC,1584518336357,2020-03-18T07:58:56.357Z,sell,4.38e-06,764.0,0.00334632
DLT/BTC,1584518336357,2020-03-18T07:58:56.357Z,sell,4.38e-06,764.0,0.00334632
DLT/BTC,1584519609786,2020-03-18T08:20:09.786Z,buy,4.39e-06,90.0,0.0003951
DLT/BTC,1584519619267,2020-03-18T08:20:19.267Z,buy,4.39e-06,74.0,0.00032486
DLT/BTC,1584520229337,2020-03-18T08:30:29.337Z,sell,4.38e-06,23.0,0.00010074
DLT/BTC,1584520229337,2020-03-18T08:30:29.337Z,sell,4.37e-06,312.0,0.0013634399999999
DLT/BTC,1584520541585,2020-03-18T08:35:41.585Z,buy,4.39e-06,55.0,0.00024145
DLT/BTC,1584521714996,2020-03-18T08:55:14.996Z,sell,4.37e-06,722.0,0.00315514
DLT/BTC,1584521714996,2020-03-18T08:55:14.996Z,sell,4.36e-06,756.0,0.00329616
DLT/BTC,1584521719011,2020-03-18T08:55:19.011Z,sell,4.35e-06,722.0,0.0031406999999999
DLT/BTC,1584521719011,2020-03-18T08:55:19.011Z,sell,4.35e-06,225.0,0.00097875
DLT/BTC,1584521719011,2020-03-18T08:55:19.011Z,sell,4.35e-06,722.0,0.0031406999999999
DLT/BTC,1584521719011,2020-03-18T08:55:19.011Z,sell,4.35e-06,225.0,0.00097875
DLT/BTC,1584522138830,2020-03-18T09:02:18.830Z,sell,4.35e-06,17292.0,0.0752202
DLT/BTC,1584522195258,2020-03-18T09:03:15.258Z,buy,4.37e-06,500.0,0.002185
DLT/BTC,1584522195299,2020-03-18T09:03:15.299Z,sell,4.37e-06,802.0,0.0035047399999999
DLT/BTC,1584522196300,2020-03-18T09:03:16.300Z,sell,4.37e-06,686.0,0.0029978199999999
DLT/BTC,1584524138733,2020-03-18T09:35:38.733Z,buy,4.37e-06,69.0,0.00030153
DLT/BTC,1584524947545,2020-03-18T09:49:07.545Z,buy,4.37e-06,363.0,0.0015863099999999
DLT/BTC,1584524947545,2020-03-18T09:49:07.545Z,buy,4.37e-06,363.0,0.0015863099999999
DLT/BTC,1584527707065,2020-03-18T10:35:07.065Z,buy,4.38e-06,53.0,0.00023214
DLT/BTC,1584527707065,2020-03-18T10:35:07.065Z,buy,4.38e-06,53.0,0.00023214
DLT/BTC,1584530119327,2020-03-18T11:15:19.327Z,sell,4.37e-06,46.0,0.00020102
DLT/BTC,1584530280584,2020-03-18T11:18:00.584Z,buy,4.38e-06,447.0,0.00195786
DLT/BTC,1584530307350,2020-03-18T11:18:27.350Z,buy,4.39e-06,776.0,0.00340664
DLT/BTC,1584530307350,2020-03-18T11:18:27.350Z,buy,4.4e-06,4159.0,0.0182996
DLT/BTC,1584530307350,2020-03-18T11:18:27.350Z,buy,4.41e-06,10065.0,0.04438665
DLT/BTC,1584530315546,2020-03-18T11:18:35.546Z,buy,4.4e-06,147.0,0.0006468
DLT/BTC,1584530318469,2020-03-18T11:18:38.469Z,buy,4.4e-06,500.0,0.0022
DLT/BTC,1584530527838,2020-03-18T11:22:07.838Z,sell,4.38e-06,750.0,0.003285
DLT/BTC,1584530527838,2020-03-18T11:22:07.838Z,sell,4.38e-06,750.0,0.003285
DLT/BTC,1584531333250,2020-03-18T11:35:33.250Z,sell,4.37e-06,37.0,0.0001616899999999
DLT/BTC,1584532847729,2020-03-18T12:00:47.729Z,sell,4.37e-06,300.0,0.0013109999999999
DLT/BTC,1584533068352,2020-03-18T12:04:28.352Z,buy,4.4e-06,110.0,0.000484
DLT/BTC,1584533070069,2020-03-18T12:04:30.069Z,buy,4.39e-06,79.0,0.00034681
DLT/BTC,1584533071065,2020-03-18T12:04:31.065Z,buy,4.39e-06,163.0,0.00071557
DLT/BTC,1584533072039,2020-03-18T12:04:32.039Z,buy,4.4e-06,101.0,0.0004444
DLT/BTC,1584533075113,2020-03-18T12:04:35.113Z,buy,4.4e-06,66.0,0.0002904
DLT/BTC,1584533156852,2020-03-18T12:05:56.852Z,sell,4.38e-06,390.0,0.0017082
DLT/BTC,1584533156852,2020-03-18T12:05:56.852Z,sell,4.38e-06,390.0,0.0017082
DLT/BTC,1584536106259,2020-03-18T12:55:06.259Z,buy,4.39e-06,27.0,0.00011853
DLT/BTC,1584536106259,2020-03-18T12:55:06.259Z,buy,4.39e-06,27.0,0.00011853
DLT/BTC,1584538535780,2020-03-18T13:35:35.780Z,sell,4.37e-06,52.0,0.0002272399999999
DLT/BTC,1584539692169,2020-03-18T13:54:52.169Z,sell,4.37e-06,688.0,0.0030065599999999
DLT/BTC,1584539692169,2020-03-18T13:54:52.169Z,sell,4.37e-06,688.0,0.0030065599999999
DLT/BTC,1584539932291,2020-03-18T13:58:52.291Z,buy,4.38e-06,50.0,0.000219
DLT/BTC,1584539944665,2020-03-18T13:59:04.665Z,buy,4.38e-06,450.0,0.001971
DLT/BTC,1584540145302,2020-03-18T14:02:25.302Z,sell,4.38e-06,100.0,0.000438
DLT/BTC,1584541422241,2020-03-18T14:23:42.241Z,sell,4.38e-06,307.0,0.00134466
DLT/BTC,1584541518557,2020-03-18T14:25:18.557Z,sell,4.37e-06,746.0,0.0032600199999999
DLT/BTC,1584541518557,2020-03-18T14:25:18.557Z,sell,4.36e-06,237.0,0.00103332
DLT/BTC,1584541518557,2020-03-18T14:25:18.557Z,sell,4.35e-06,12059.0,0.05245665
DLT/BTC,1584541519432,2020-03-18T14:25:19.432Z,buy,4.35e-06,6532.0,0.0284142
DLT/BTC,1584541569677,2020-03-18T14:26:09.677Z,buy,4.37e-06,748.0,0.00326876
DLT/BTC,1584541569677,2020-03-18T14:26:09.677Z,buy,4.38e-06,500.0,0.00219
DLT/BTC,1584541569693,2020-03-18T14:26:09.693Z,sell,4.38e-06,987.0,0.00432306
DLT/BTC,1584541575895,2020-03-18T14:26:15.895Z,sell,4.38e-06,1236.0,0.00541368
DLT/BTC,1584541798759,2020-03-18T14:29:58.759Z,sell,4.37e-06,500.0,0.002185
DLT/BTC,1584541867504,2020-03-18T14:31:07.504Z,buy,4.38e-06,34595.0,0.1515261
DLT/BTC,1584542315969,2020-03-18T14:38:35.969Z,buy,4.39e-06,593.0,0.00260327
DLT/BTC,1584542320268,2020-03-18T14:38:40.268Z,buy,4.39e-06,400.0,0.001756
DLT/BTC,1584542394167,2020-03-18T14:39:54.167Z,sell,4.38e-06,6792.0,0.02974896
DLT/BTC,1584542394182,2020-03-18T14:39:54.182Z,sell,4.38e-06,4905.0,0.0214839
DLT/BTC,1584542409741,2020-03-18T14:40:09.741Z,buy,4.39e-06,153.0,0.00067167
DLT/BTC,1584542409741,2020-03-18T14:40:09.741Z,buy,4.4e-06,3694.0,0.0162536
DLT/BTC,1584542409741,2020-03-18T14:40:09.741Z,buy,4.41e-06,606.0,0.00267246
DLT/BTC,1584542409741,2020-03-18T14:40:09.741Z,buy,4.42e-06,7653.0,0.03382626
DLT/BTC,1584542409741,2020-03-18T14:40:09.741Z,buy,4.43e-06,14655.0,0.06492165
DLT/BTC,1584542409741,2020-03-18T14:40:09.741Z,buy,4.44e-06,799.0,0.00354756
DLT/BTC,1584542409741,2020-03-18T14:40:09.741Z,buy,4.45e-06,26974.0,0.1200343
DLT/BTC,1584542409741,2020-03-18T14:40:09.741Z,buy,4.46e-06,754.0,0.0033628399999999
DLT/BTC,1584542409741,2020-03-18T14:40:09.741Z,buy,4.47e-06,15133.0,0.06764451
DLT/BTC,1584542409756,2020-03-18T14:40:09.756Z,sell,4.47e-06,552.0,0.00246744
DLT/BTC,1584542409758,2020-03-18T14:40:09.758Z,sell,4.47e-06,3871.0,0.01730337
DLT/BTC,1584542409763,2020-03-18T14:40:09.763Z,sell,4.47e-06,552.0,0.00246744
DLT/BTC,1584542409794,2020-03-18T14:40:09.794Z,sell,4.47e-06,12033.0,0.05378751
DLT/BTC,1584542410451,2020-03-18T14:40:10.451Z,buy,4.48e-06,80.0,0.0003584
DLT/BTC,1584542410451,2020-03-18T14:40:10.451Z,buy,4.49e-06,223.0,0.00100127
DLT/BTC,1584542414218,2020-03-18T14:40:14.218Z,sell,4.47e-06,499.0,0.00223053
DLT/BTC,1584542429652,2020-03-18T14:40:29.652Z,sell,4.47e-06,135785.0,0.6069589500000001
DLT/BTC,1584542432868,2020-03-18T14:40:32.868Z,sell,4.46e-06,1300.0,0.0057979999999999
DLT/BTC,1584542437265,2020-03-18T14:40:37.265Z,buy,4.47e-06,500.0,0.002235
DLT/BTC,1584542437265,2020-03-18T14:40:37.265Z,buy,4.48e-06,14171.0,0.06348608
DLT/BTC,1584542437265,2020-03-18T14:40:37.265Z,buy,4.49e-06,4632.0,0.02079768
DLT/BTC,1584542437380,2020-03-18T14:40:37.380Z,buy,4.49e-06,500.0,0.002245
DLT/BTC,1584542437380,2020-03-18T14:40:37.380Z,buy,4.5e-06,402.0,0.001809
DLT/BTC,1584542439672,2020-03-18T14:40:39.672Z,buy,4.49e-06,45.0,0.00020205
DLT/BTC,1584542440586,2020-03-18T14:40:40.586Z,sell,4.48e-06,80.0,0.0003584
DLT/BTC,1584542469801,2020-03-18T14:41:09.801Z,buy,4.47e-06,1471.0,0.00657537
DLT/BTC,1584542469957,2020-03-18T14:41:09.957Z,buy,4.47e-06,116.0,0.00051852
DLT/BTC,1584542469970,2020-03-18T14:41:09.970Z,buy,4.47e-06,105.0,0.00046935
DLT/BTC,1584542476053,2020-03-18T14:41:16.053Z,buy,4.47e-06,500.0,0.002235
DLT/BTC,1584542492049,2020-03-18T14:41:32.049Z,buy,4.47e-06,613.0,0.00274011
DLT/BTC,1584542492055,2020-03-18T14:41:32.055Z,buy,4.47e-06,550.0,0.0024585
DLT/BTC,1584542492055,2020-03-18T14:41:32.055Z,buy,4.5e-06,67.0,0.0003015
DLT/BTC,1584543290351,2020-03-18T14:54:50.351Z,sell,4.47e-06,76.0,0.00033972
DLT/BTC,1584543290351,2020-03-18T14:54:50.351Z,sell,4.47e-06,76.0,0.00033972
DLT/BTC,1584543901905,2020-03-18T15:05:01.905Z,buy,4.47e-06,34.0,0.00015198
DLT/BTC,1584544004828,2020-03-18T15:06:44.828Z,buy,4.47e-06,34.0,0.00015198
DLT/BTC,1584544242664,2020-03-18T15:10:42.664Z,buy,4.47e-06,26.0,0.00011622
DLT/BTC,1584544268020,2020-03-18T15:11:08.020Z,sell,4.46e-06,30.0,0.0001338
DLT/BTC,1584544268669,2020-03-18T15:11:08.669Z,sell,4.46e-06,79.0,0.00035234
DLT/BTC,1584544269662,2020-03-18T15:11:09.662Z,sell,4.46e-06,163.0,0.0007269799999999
DLT/BTC,1584544270798,2020-03-18T15:11:10.798Z,sell,4.46e-06,101.0,0.0004504599999999
DLT/BTC,1584544271768,2020-03-18T15:11:11.768Z,sell,4.46e-06,66.0,0.0002943599999999
DLT/BTC,1584544272325,2020-03-18T15:11:12.325Z,buy,4.47e-06,24.0,0.00010728
DLT/BTC,1584544463674,2020-03-18T15:14:23.674Z,buy,4.47e-06,31.0,0.00013857
DLT/BTC,1584544485129,2020-03-18T15:14:45.129Z,buy,4.47e-06,94.0,0.00042018
DLT/BTC,1584544485249,2020-03-18T15:14:45.249Z,buy,4.47e-06,458.0,0.00204726
DLT/BTC,1584545189340,2020-03-18T15:26:29.340Z,sell,4.46e-06,315.0,0.0014049
DLT/BTC,1584545189340,2020-03-18T15:26:29.340Z,sell,4.45e-06,957.0,0.00425865
DLT/BTC,1584545189340,2020-03-18T15:26:29.340Z,sell,4.44e-06,27955.0,0.1241202
DLT/BTC,1584545189351,2020-03-18T15:26:29.351Z,buy,4.44e-06,552.0,0.00245088
DLT/BTC,1584545189353,2020-03-18T15:26:29.353Z,buy,4.44e-06,446.0,0.00198024
DLT/BTC,1584545189353,2020-03-18T15:26:29.353Z,buy,4.44e-06,552.0,0.00245088
DLT/BTC,1584545228087,2020-03-18T15:27:08.087Z,sell,4.43e-06,823.0,0.00364589
DLT/BTC,1584545289622,2020-03-18T15:28:09.622Z,buy,4.44e-06,1940.0,0.0086135999999999
DLT/BTC,1584545296953,2020-03-18T15:28:16.953Z,buy,4.44e-06,1211.0,0.00537684
DLT/BTC,1584545736154,2020-03-18T15:35:36.154Z,sell,4.42e-06,78.0,0.00034476
DLT/BTC,1584545736154,2020-03-18T15:35:36.154Z,sell,4.42e-06,78.0,0.00034476
DLT/BTC,1584547436514,2020-03-18T16:03:56.514Z,sell,4.42e-06,24.0,0.00010608
DLT/BTC,1584547451410,2020-03-18T16:04:11.410Z,sell,4.42e-06,31.0,0.00013702
DLT/BTC,1584547465396,2020-03-18T16:04:25.396Z,sell,4.42e-06,26.0,0.00011492
DLT/BTC,1584548160349,2020-03-18T16:16:00.349Z,buy,4.43e-06,448.0,0.00198464
DLT/BTC,1584548160377,2020-03-18T16:16:00.377Z,buy,4.43e-06,313.0,0.00138659
DLT/BTC,1584548160565,2020-03-18T16:16:00.565Z,buy,4.43e-06,403.0,0.00178529
DLT/BTC,1584548541118,2020-03-18T16:22:21.118Z,buy,4.43e-06,23.0,0.00010189
DLT/BTC,1584548588805,2020-03-18T16:23:08.805Z,sell,4.43e-06,23.0,0.00010189
DLT/BTC,1584548648730,2020-03-18T16:24:08.730Z,sell,4.43e-06,23.0,0.00010189
DLT/BTC,1584548648730,2020-03-18T16:24:08.730Z,sell,4.43e-06,23.0,0.00010189
DLT/BTC,1584549351477,2020-03-18T16:35:51.477Z,buy,4.44e-06,71.0,0.00031524
DLT/BTC,1584549600488,2020-03-18T16:40:00.488Z,buy,4.44e-06,33.0,0.00014652
DLT/BTC,1584550285933,2020-03-18T16:51:25.933Z,sell,4.42e-06,10012.0,0.04425304
DLT/BTC,1584550285979,2020-03-18T16:51:25.979Z,sell,4.41e-06,313.0,0.00138033
DLT/BTC,1584550336093,2020-03-18T16:52:16.093Z,buy,4.42e-06,278.0,0.00122876
DLT/BTC,1584550852063,2020-03-18T17:00:52.063Z,buy,4.43e-06,552.0,0.00244536
DLT/BTC,1584551058811,2020-03-18T17:04:18.811Z,buy,4.44e-06,46.0,0.0002042399999999
DLT/BTC,1584551231019,2020-03-18T17:07:11.019Z,buy,4.44e-06,1780.0,0.0079031999999999
DLT/BTC,1584551232695,2020-03-18T17:07:12.695Z,buy,4.45e-06,446.0,0.0019847
DLT/BTC,1584551232705,2020-03-18T17:07:12.705Z,buy,4.45e-06,732.0,0.0032573999999999
DLT/BTC,1584551233119,2020-03-18T17:07:13.119Z,buy,4.46e-06,735.0,0.0032781
DLT/BTC,1584551233311,2020-03-18T17:07:13.311Z,buy,4.46e-06,735.0,0.0032781
DLT/BTC,1584551233780,2020-03-18T17:07:13.780Z,buy,4.46e-06,738.0,0.00329148
DLT/BTC,1584551242973,2020-03-18T17:07:22.973Z,buy,4.45e-06,69.0,0.00030705
DLT/BTC,1584551257600,2020-03-18T17:07:37.600Z,buy,4.46e-06,1697.0,0.0075686199999999
DLT/BTC,1584551280286,2020-03-18T17:08:00.286Z,buy,4.47e-06,1910.0,0.0085377
DLT/BTC,1584551293338,2020-03-18T17:08:13.338Z,buy,4.48e-06,80.0,0.0003584
DLT/BTC,1584551293338,2020-03-18T17:08:13.338Z,buy,4.49e-06,4561.0,0.02047889
DLT/BTC,1584551293353,2020-03-18T17:08:13.353Z,sell,4.49e-06,1349.0,0.00605701
DLT/BTC,1584551293358,2020-03-18T17:08:13.358Z,sell,4.49e-06,552.0,0.00247848
DLT/BTC,1584551294367,2020-03-18T17:08:14.367Z,sell,4.49e-06,732.0,0.00328668
DLT/BTC,1584551298040,2020-03-18T17:08:18.040Z,buy,4.5e-06,2142.0,0.009639
DLT/BTC,1584551348156,2020-03-18T17:09:08.156Z,sell,4.5e-06,23.0,0.0001035
DLT/BTC,1584551375674,2020-03-18T17:09:35.674Z,buy,4.51e-06,767.0,0.00345917
DLT/BTC,1584551386045,2020-03-18T17:09:46.045Z,buy,4.52e-06,221.0,0.00099892
DLT/BTC,1584551408120,2020-03-18T17:10:08.120Z,sell,4.51e-06,23.0,0.00010373
DLT/BTC,1584551408699,2020-03-18T17:10:08.699Z,buy,4.52e-06,1240.0,0.0056048
DLT/BTC,1584551408699,2020-03-18T17:10:08.699Z,buy,4.53e-06,1640.0,0.0074291999999999
DLT/BTC,1584551408715,2020-03-18T17:10:08.715Z,sell,4.53e-06,552.0,0.0025005599999999
DLT/BTC,1584551411371,2020-03-18T17:10:11.371Z,buy,4.54e-06,87.0,0.0003949799999999
DLT/BTC,1584551422850,2020-03-18T17:10:22.850Z,buy,4.54e-06,92.0,0.0004176799999999
DLT/BTC,1584551422850,2020-03-18T17:10:22.850Z,buy,4.55e-06,4500.0,0.0204749999999999
DLT/BTC,1584551422862,2020-03-18T17:10:22.862Z,sell,4.55e-06,167.0,0.00075985
DLT/BTC,1584551423011,2020-03-18T17:10:23.011Z,sell,4.55e-06,159.0,0.0007234499999999
DLT/BTC,1584551423106,2020-03-18T17:10:23.106Z,sell,4.55e-06,393.0,0.0017881499999999
DLT/BTC,1584551468059,2020-03-18T17:11:08.059Z,sell,4.55e-06,23.0,0.00010465
DLT/BTC,1584551484234,2020-03-18T17:11:24.234Z,buy,4.56e-06,1272.0,0.00580032
DLT/BTC,1584551484234,2020-03-18T17:11:24.234Z,buy,4.57e-06,158.0,0.00072206
DLT/BTC,1584551484234,2020-03-18T17:11:24.234Z,buy,4.58e-06,4906.0,0.02246948
DLT/BTC,1584551484234,2020-03-18T17:11:24.234Z,buy,4.59e-06,2567.0,0.01178253
DLT/BTC,1584551484234,2020-03-18T17:11:24.234Z,buy,4.6e-06,14325.0,0.065895
DLT/BTC,1584551484248,2020-03-18T17:11:24.248Z,sell,4.6e-06,4025.0,0.018515
DLT/BTC,1584551484256,2020-03-18T17:11:24.256Z,sell,4.6e-06,4025.0,0.018515
DLT/BTC,1584551484262,2020-03-18T17:11:24.262Z,sell,4.6e-06,615.0,0.002829
DLT/BTC,1584551484262,2020-03-18T17:11:24.262Z,sell,4.6e-06,530.0,0.002438
DLT/BTC,1584551484287,2020-03-18T17:11:24.287Z,buy,4.61e-06,1042.0,0.00480362
DLT/BTC,1584551484287,2020-03-18T17:11:24.287Z,buy,4.62e-06,2949.0,0.01362438
DLT/BTC,1584551484528,2020-03-18T17:11:24.528Z,sell,4.6e-06,690.0,0.003174
DLT/BTC,1584551485581,2020-03-18T17:11:25.581Z,sell,4.6e-06,34.0,0.0001564
DLT/BTC,1584551486850,2020-03-18T17:11:26.850Z,buy,4.62e-06,13.0,6.006e-05
DLT/BTC,1584551486907,2020-03-18T17:11:26.907Z,sell,4.62e-06,31.0,0.00014322
DLT/BTC,1584551486907,2020-03-18T17:11:26.907Z,sell,4.6e-06,56.0,0.0002576
DLT/BTC,1584551487947,2020-03-18T17:11:27.947Z,sell,4.6e-06,539.0,0.0024794
DLT/BTC,1584551494109,2020-03-18T17:11:34.109Z,sell,4.6e-06,6746.0,0.0310316
DLT/BTC,1584551496171,2020-03-18T17:11:36.171Z,sell,4.6e-06,106.0,0.0004876
DLT/BTC,1584551501941,2020-03-18T17:11:41.941Z,sell,4.61e-06,500.0,0.0023049999999999
DLT/BTC,1584551520708,2020-03-18T17:12:00.708Z,sell,4.61e-06,1487.0,0.00685507
DLT/BTC,1584551521039,2020-03-18T17:12:01.039Z,sell,4.61e-06,23.0,0.00010603
DLT/BTC,1584551547190,2020-03-18T17:12:27.190Z,buy,4.62e-06,500.0,0.00231
DLT/BTC,1584551552383,2020-03-18T17:12:32.383Z,sell,4.62e-06,875.0,0.0040425
DLT/BTC,1584551560943,2020-03-18T17:12:40.943Z,buy,4.63e-06,112.0,0.0005185599999999
DLT/BTC,1584551561073,2020-03-18T17:12:41.073Z,sell,4.63e-06,164.0,0.00075932
DLT/BTC,1584551569635,2020-03-18T17:12:49.635Z,sell,4.63e-06,394.0,0.0018242199999999
DLT/BTC,1584551570900,2020-03-18T17:12:50.900Z,sell,4.61e-06,1444.0,0.00665684
DLT/BTC,1584551570910,2020-03-18T17:12:50.910Z,sell,4.61e-06,556.0,0.00256316
DLT/BTC,1584551571791,2020-03-18T17:12:51.791Z,buy,4.63e-06,292.0,0.00135196
DLT/BTC,1584551571791,2020-03-18T17:12:51.791Z,buy,4.64e-06,6362.0,0.0295196799999999
DLT/BTC,1584551571907,2020-03-18T17:12:51.907Z,sell,4.64e-06,85.0,0.0003944
DLT/BTC,1584551572021,2020-03-18T17:12:52.021Z,sell,4.64e-06,552.0,0.00256128
DLT/BTC,1584551580439,2020-03-18T17:13:00.439Z,buy,4.65e-06,3729.0,0.01733985
DLT/BTC,1584551580762,2020-03-18T17:13:00.762Z,sell,4.64e-06,23.0,0.00010672
DLT/BTC,1584551602802,2020-03-18T17:13:22.802Z,sell,4.64e-06,34.0,0.0001577599999999
DLT/BTC,1584551623934,2020-03-18T17:13:43.934Z,sell,4.62e-06,456.0,0.00210672
DLT/BTC,1584551628913,2020-03-18T17:13:48.913Z,sell,4.62e-06,124.0,0.00057288
DLT/BTC,1584551640171,2020-03-18T17:14:00.171Z,buy,4.62e-06,804.0,0.00371448
DLT/BTC,1584551640871,2020-03-18T17:14:00.871Z,sell,4.62e-06,670.0,0.0030954
DLT/BTC,1584551774095,2020-03-18T17:16:14.095Z,buy,4.62e-06,5797.0,0.02678214
DLT/BTC,1584551805801,2020-03-18T17:16:45.801Z,sell,4.61e-06,1687.0,0.00777707
DLT/BTC,1584551916120,2020-03-18T17:18:36.120Z,sell,4.6e-06,80.0,0.000368
DLT/BTC,1584551916120,2020-03-18T17:18:36.120Z,sell,4.59e-06,674.0,0.00309366
DLT/BTC,1584551916120,2020-03-18T17:18:36.120Z,sell,4.58e-06,580.0,0.0026564
DLT/BTC,1584551916120,2020-03-18T17:18:36.120Z,sell,4.56e-06,2391.0,0.01090296
DLT/BTC,1584551917589,2020-03-18T17:18:37.589Z,sell,4.56e-06,221.0,0.00100776
DLT/BTC,1584552005427,2020-03-18T17:20:05.427Z,buy,4.56e-06,147.0,0.00067032
DLT/BTC,1584552054812,2020-03-18T17:20:54.812Z,sell,4.55e-06,44.0,0.0002002
DLT/BTC,1584552054812,2020-03-18T17:20:54.812Z,sell,4.55e-06,44.0,0.0002002
DLT/BTC,1584552388640,2020-03-18T17:26:28.640Z,sell,4.55e-06,5473.0,0.0249021499999999
DLT/BTC,1584552388640,2020-03-18T17:26:28.640Z,sell,4.54e-06,80.0,0.0003632
DLT/BTC,1584552388640,2020-03-18T17:26:28.640Z,sell,4.53e-06,3160.0,0.0143147999999999
DLT/BTC,1584552394252,2020-03-18T17:26:34.252Z,buy,4.56e-06,80.0,0.0003648
DLT/BTC,1584552398801,2020-03-18T17:26:38.801Z,buy,4.56e-06,325.0,0.001482
DLT/BTC,1584552480887,2020-03-18T17:28:00.887Z,buy,4.55e-06,500.0,0.0022749999999999
DLT/BTC,1584552503377,2020-03-18T17:28:23.377Z,buy,4.55e-06,619.0,0.00281645
DLT/BTC,1584552503377,2020-03-18T17:28:23.377Z,buy,4.56e-06,175.0,0.000798
DLT/BTC,1584552508754,2020-03-18T17:28:28.754Z,sell,4.56e-06,1716.0,0.00782496
DLT/BTC,1584552740671,2020-03-18T17:32:20.671Z,buy,4.56e-06,4397.0,0.02005032
DLT/BTC,1584552934654,2020-03-18T17:35:34.654Z,sell,4.56e-06,318.0,0.00145008
DLT/BTC,1584553001990,2020-03-18T17:36:41.990Z,sell,4.56e-06,1125.0,0.00513
DLT/BTC,1584553104112,2020-03-18T17:38:24.112Z,sell,4.56e-06,5834.0,0.02660304
DLT/BTC,1584553193204,2020-03-18T17:39:53.204Z,sell,4.55e-06,500.0,0.0022749999999999
DLT/BTC,1584553211310,2020-03-18T17:40:11.310Z,sell,4.55e-06,1034.0,0.0047047
DLT/BTC,1584553211310,2020-03-18T17:40:11.310Z,sell,4.54e-06,983.0,0.00446282
DLT/BTC,1584553211310,2020-03-18T17:40:11.310Z,sell,4.53e-06,500.0,0.002265
DLT/BTC,1584553211310,2020-03-18T17:40:11.310Z,sell,4.52e-06,2811.0,0.01270572
DLT/BTC,1584554113789,2020-03-18T17:55:13.789Z,sell,4.5e-06,2127.0,0.0095715
DLT/BTC,1584554344996,2020-03-18T17:59:04.996Z,sell,4.5e-06,476.0,0.002142
DLT/BTC,1584554352886,2020-03-18T17:59:12.886Z,buy,4.5e-06,161.0,0.0007245
DLT/BTC,1584554352886,2020-03-18T17:59:12.886Z,buy,4.5e-06,161.0,0.0007245
DLT/BTC,1584556546770,2020-03-18T18:35:46.770Z,buy,4.51e-06,99.0,0.00044649
DLT/BTC,1584556566363,2020-03-18T18:36:06.363Z,sell,4.49e-06,674.0,0.00302626
DLT/BTC,1584556566363,2020-03-18T18:36:06.363Z,sell,4.48e-06,8958.0,0.04013184
DLT/BTC,1584556566363,2020-03-18T18:36:06.363Z,sell,4.47e-06,2356.0,0.01053132
DLT/BTC,1584556566363,2020-03-18T18:36:06.363Z,sell,4.46e-06,12722.0,0.05674012
DLT/BTC,1584556578189,2020-03-18T18:36:18.189Z,buy,4.47e-06,500.0,0.002235
DLT/BTC,1584556669628,2020-03-18T18:37:49.628Z,sell,4.47e-06,384.0,0.00171648
DLT/BTC,1584556799888,2020-03-18T18:39:59.888Z,buy,4.48e-06,6.0,2.688e-05
DLT/BTC,1584557150204,2020-03-18T18:45:50.204Z,buy,4.48e-06,74.0,0.00033152
DLT/BTC,1584557461564,2020-03-18T18:51:01.564Z,buy,4.49e-06,391.0,0.00175559
DLT/BTC,1584557461564,2020-03-18T18:51:01.564Z,buy,4.49e-06,391.0,0.00175559
DLT/BTC,1584558149676,2020-03-18T19:02:29.676Z,buy,4.49e-06,44.0,0.00019756
DLT/BTC,1584559112111,2020-03-18T19:18:32.111Z,buy,4.49e-06,8.0,3.592e-05
DLT/BTC,1584559166387,2020-03-18T19:19:26.387Z,buy,4.49e-06,1257.0,0.00564393
DLT/BTC,1584559166387,2020-03-18T19:19:26.387Z,buy,4.5e-06,5376.0,0.024192
DLT/BTC,1584559166387,2020-03-18T19:19:26.387Z,buy,4.51e-06,21718.0,0.09794818
DLT/BTC,1584559166403,2020-03-18T19:19:26.403Z,sell,4.51e-06,1648.0,0.00743248
DLT/BTC,1584560139029,2020-03-18T19:35:39.029Z,buy,4.51e-06,40.0,0.0001804
DLT/BTC,1584560373909,2020-03-18T19:39:33.909Z,sell,4.49e-06,1530.0,0.0068697
DLT/BTC,1584560408205,2020-03-18T19:40:08.205Z,buy,4.49e-06,23.0,0.00010327
DLT/BTC,1584560408205,2020-03-18T19:40:08.205Z,buy,4.49e-06,23.0,0.00010327
DLT/BTC,1584561296996,2020-03-18T19:54:56.996Z,sell,4.48e-06,31.0,0.00013888
DLT/BTC,1584561350676,2020-03-18T19:55:50.676Z,buy,4.49e-06,134.0,0.00060166
DLT/BTC,1584561545249,2020-03-18T19:59:05.249Z,sell,4.49e-06,77.0,0.00034573
DLT/BTC,1584561631734,2020-03-18T20:00:31.734Z,sell,4.49e-06,234.0,0.00105066
DLT/BTC,1584561631734,2020-03-18T20:00:31.734Z,sell,4.48e-06,49.0,0.00021952
DLT/BTC,1584561631734,2020-03-18T20:00:31.734Z,sell,4.47e-06,4692.0,0.02097324
DLT/BTC,1584563745444,2020-03-18T20:35:45.444Z,buy,4.49e-06,75.0,0.00033675
DLT/BTC,1584563745444,2020-03-18T20:35:45.444Z,buy,4.49e-06,75.0,0.00033675
DLT/BTC,1584564224524,2020-03-18T20:43:44.524Z,buy,4.49e-06,425.0,0.00190825
DLT/BTC,1584564813808,2020-03-18T20:53:33.808Z,sell,4.48e-06,445.0,0.0019936
DLT/BTC,1584567338128,2020-03-18T21:35:38.128Z,sell,4.48e-06,23.0,0.00010304
DLT/BTC,1584567338128,2020-03-18T21:35:38.128Z,sell,4.48e-06,23.0,0.00010304
DLT/BTC,1584568116389,2020-03-18T21:48:36.389Z,sell,4.48e-06,19833.0,0.08885184
DLT/BTC,1584568124104,2020-03-18T21:48:44.104Z,sell,4.47e-06,542.0,0.00242274
DLT/BTC,1584568124104,2020-03-18T21:48:44.104Z,sell,4.46e-06,754.0,0.0033628399999999
DLT/BTC,1584568328722,2020-03-18T21:52:08.722Z,buy,4.47e-06,500.0,0.002235
DLT/BTC,1584568390825,2020-03-18T21:53:10.825Z,buy,4.48e-06,231.0,0.00103488
DLT/BTC,1584569825930,2020-03-18T22:17:05.930Z,sell,4.47e-06,43.0,0.00019221
DLT/BTC,1584569830004,2020-03-18T22:17:10.004Z,sell,4.46e-06,1488.0,0.0066364799999999
DLT/BTC,1584569830108,2020-03-18T22:17:10.108Z,buy,4.46e-06,165.0,0.0007358999999999
DLT/BTC,1584569834135,2020-03-18T22:17:14.135Z,sell,4.45e-06,332.0,0.0014773999999999
DLT/BTC,1584569834201,2020-03-18T22:17:14.201Z,buy,4.45e-06,236.0,0.0010501999999999
DLT/BTC,1584570077648,2020-03-18T22:21:17.648Z,buy,4.47e-06,29.0,0.00012963
DLT/BTC,1584570178469,2020-03-18T22:22:58.469Z,buy,4.47e-06,232.0,0.00103704
DLT/BTC,1584570178491,2020-03-18T22:22:58.491Z,buy,4.47e-06,239.0,0.00106833
DLT/BTC,1584570178491,2020-03-18T22:22:58.491Z,buy,4.47e-06,239.0,0.00106833
DLT/BTC,1584570941068,2020-03-18T22:35:41.068Z,buy,4.48e-06,70.0,0.0003136
DLT/BTC,1584571813721,2020-03-18T22:50:13.721Z,buy,4.48e-06,10.0,4.4800000000000005e-05
DLT/BTC,1584571813721,2020-03-18T22:50:13.721Z,buy,4.49e-06,50.0,0.0002245
DLT/BTC,1584571813799,2020-03-18T22:50:13.799Z,buy,4.49e-06,97.0,0.00043553
DLT/BTC,1584571813819,2020-03-18T22:50:13.819Z,buy,4.49e-06,166.0,0.00074534
DLT/BTC,1584571814051,2020-03-18T22:50:14.051Z,buy,4.49e-06,91.0,0.00040859
DLT/BTC,1584571814058,2020-03-18T22:50:14.058Z,buy,4.49e-06,89.0,0.00039961
DLT/BTC,1584571814196,2020-03-18T22:50:14.196Z,buy,4.49e-06,136.0,0.00061064
DLT/BTC,1584571814196,2020-03-18T22:50:14.196Z,buy,4.49e-06,136.0,0.00061064
DLT/BTC,1584573887250,2020-03-18T23:24:47.250Z,buy,4.49e-06,68.0,0.00030532
DLT/BTC,1584573916225,2020-03-18T23:25:16.225Z,sell,4.49e-06,232.0,0.00104168
DLT/BTC,1584574304819,2020-03-18T23:31:44.819Z,buy,4.5e-06,580.0,0.00261
DLT/BTC,1584574387537,2020-03-18T23:33:07.537Z,sell,4.49e-06,231.0,0.00103719
DLT/BTC,1584574536842,2020-03-18T23:35:36.842Z,sell,4.49e-06,46.0,0.00020654
DLT/BTC,1584574536842,2020-03-18T23:35:36.842Z,sell,4.49e-06,46.0,0.00020654
DLT/BTC,1584575693937,2020-03-18T23:54:53.937Z,buy,4.51e-06,6.0,2.706e-05
DLT/BTC,1584575720175,2020-03-18T23:55:20.175Z,buy,4.52e-06,106.0,0.00047912
DLT/BTC,1584577414165,2020-03-19T00:23:34.165Z,buy,4.52e-06,40.0,0.0001808
DLT/BTC,1584577634830,2020-03-19T00:27:14.830Z,buy,4.52e-06,23.0,0.00010396
DLT/BTC,1584577692582,2020-03-19T00:28:12.582Z,buy,4.52e-06,656.0,0.00296512
DLT/BTC,1584578084305,2020-03-19T00:34:44.305Z,buy,4.52e-06,45.0,0.0002033999999999
DLT/BTC,1584578084305,2020-03-19T00:34:44.305Z,buy,4.52e-06,45.0,0.0002033999999999
DLT/BTC,1584578145260,2020-03-19T00:35:45.260Z,buy,4.52e-06,54.0,0.00024408
DLT/BTC,1584578886270,2020-03-19T00:48:06.270Z,buy,4.52e-06,27.0,0.00012204
DLT/BTC,1584578995970,2020-03-19T00:49:55.970Z,buy,4.52e-06,8.0,3.616e-05
DLT/BTC,1584579067281,2020-03-19T00:51:07.281Z,buy,4.52e-06,380.0,0.0017176
DLT/BTC,1584579067291,2020-03-19T00:51:07.291Z,buy,4.52e-06,273.0,0.0012339599999999
DLT/BTC,1584579067317,2020-03-19T00:51:07.317Z,buy,4.52e-06,7.0,3.164e-05
DLT/BTC,1584581086908,2020-03-19T01:24:46.908Z,buy,4.52e-06,59.0,0.00026668
DLT/BTC,1584581465545,2020-03-19T01:31:05.545Z,buy,4.52e-06,73.0,0.00032996
DLT/BTC,1584581465545,2020-03-19T01:31:05.545Z,buy,4.52e-06,73.0,0.00032996
DLT/BTC,1584581686812,2020-03-19T01:34:46.812Z,sell,4.51e-06,52.0,0.00023452
DLT/BTC,1584581739117,2020-03-19T01:35:39.117Z,buy,4.52e-06,118.0,0.00053336
DLT/BTC,1584581984902,2020-03-19T01:39:44.902Z,buy,4.52e-06,65.0,0.0002938
DLT/BTC,1584582067413,2020-03-19T01:41:07.413Z,buy,4.52e-06,1112.0,0.0050262399999999
DLT/BTC,1584582067416,2020-03-19T01:41:07.416Z,buy,4.52e-06,647.0,0.00292444
DLT/BTC,1584582067423,2020-03-19T01:41:07.423Z,buy,4.52e-06,808.0,0.0036521599999999
DLT/BTC,1584582072696,2020-03-19T01:41:12.696Z,buy,4.52e-06,550.0,0.002486
DLT/BTC,1584582073698,2020-03-19T01:41:13.698Z,buy,4.53e-06,803.0,0.00363759
DLT/BTC,1584582184963,2020-03-19T01:43:04.963Z,buy,4.54e-06,29.0,0.00013166
DLT/BTC,1584582184978,2020-03-19T01:43:04.978Z,buy,4.54e-06,242.0,0.0010986799999999
DLT/BTC,1584582370475,2020-03-19T01:46:10.475Z,buy,4.54e-06,700.0,0.003178
DLT/BTC,1584582373075,2020-03-19T01:46:13.075Z,buy,4.55e-06,515.0,0.00234325
DLT/BTC,1584582374971,2020-03-19T01:46:14.971Z,buy,4.55e-06,354.0,0.0016106999999999
DLT/BTC,1584582376369,2020-03-19T01:46:16.369Z,buy,4.55e-06,245.0,0.0011147499999999
DLT/BTC,1584582679771,2020-03-19T01:51:19.771Z,buy,4.55e-06,594.0,0.0027026999999999
DLT/BTC,1584582679787,2020-03-19T01:51:19.787Z,buy,4.55e-06,429.0,0.0019519499999999
DLT/BTC,1584582682745,2020-03-19T01:51:22.745Z,buy,4.55e-06,293.0,0.00133315
DLT/BTC,1584582690789,2020-03-19T01:51:30.789Z,buy,4.55e-06,24.0,0.0001092
DLT/BTC,1584582707222,2020-03-19T01:51:47.222Z,buy,4.55e-06,29.0,0.0001319499999999
DLT/BTC,1584582707235,2020-03-19T01:51:47.235Z,buy,4.55e-06,1253.0,0.0057011499999999
DLT/BTC,1584582707247,2020-03-19T01:51:47.247Z,buy,4.55e-06,1079.0,0.0049094499999999
DLT/BTC,1584582708949,2020-03-19T01:51:48.949Z,buy,4.55e-06,745.0,0.0033897499999999
DLT/BTC,1584582710448,2020-03-19T01:51:50.448Z,buy,4.55e-06,515.0,0.00234325
DLT/BTC,1584582711751,2020-03-19T01:51:51.751Z,buy,4.55e-06,357.0,0.0016243499999999
DLT/BTC,1584582713049,2020-03-19T01:51:53.049Z,buy,4.55e-06,247.0,0.0011238499999999
DLT/BTC,1584582735644,2020-03-19T01:52:15.644Z,buy,4.55e-06,1458.0,0.0066339
DLT/BTC,1584582736758,2020-03-19T01:52:16.758Z,buy,4.56e-06,754.0,0.00343824
DLT/BTC,1584582974264,2020-03-19T01:56:14.264Z,sell,4.55e-06,500.0,0.0022749999999999
DLT/BTC,1584583194341,2020-03-19T01:59:54.341Z,buy,4.57e-06,38.0,0.00017366
DLT/BTC,1584583378620,2020-03-19T02:02:58.620Z,buy,4.57e-06,67.0,0.00030619
DLT/BTC,1584583404193,2020-03-19T02:03:24.193Z,buy,4.58e-06,36.0,0.00016488
DLT/BTC,1584583498094,2020-03-19T02:04:58.094Z,sell,4.56e-06,2111.0,0.00962616
DLT/BTC,1584584059360,2020-03-19T02:14:19.360Z,buy,4.58e-06,39.0,0.00017862
DLT/BTC,1584584690794,2020-03-19T02:24:50.794Z,buy,4.58e-06,28.0,0.00012824
DLT/BTC,1584584711755,2020-03-19T02:25:11.755Z,buy,4.58e-06,23.0,0.00010534
DLT/BTC,1584584861836,2020-03-19T02:27:41.836Z,sell,4.57e-06,22.0,0.00010054
DLT/BTC,1584584888194,2020-03-19T02:28:08.194Z,buy,4.57e-06,22.0,0.00010054
DLT/BTC,1584584891628,2020-03-19T02:28:11.628Z,buy,4.57e-06,43.0,0.00019651
DLT/BTC,1584584924742,2020-03-19T02:28:44.742Z,sell,4.56e-06,1101.0,0.00502056
DLT/BTC,1584584933888,2020-03-19T02:28:53.888Z,sell,4.56e-06,2919.0,0.01331064
DLT/BTC,1584585054692,2020-03-19T02:30:54.692Z,buy,4.58e-06,2534.0,0.01160572
DLT/BTC,1584585054692,2020-03-19T02:30:54.692Z,buy,4.58e-06,2534.0,0.01160572
DLT/BTC,1584587371759,2020-03-19T03:09:31.759Z,buy,4.58e-06,63.0,0.00028854
DLT/BTC,1584587371759,2020-03-19T03:09:31.759Z,buy,4.59e-06,495.0,0.00227205
DLT/BTC,1584587532652,2020-03-19T03:12:12.652Z,buy,4.59e-06,374.0,0.00171666
DLT/BTC,1584587532652,2020-03-19T03:12:12.652Z,buy,4.6e-06,2691.0,0.0123786
DLT/BTC,1584587545037,2020-03-19T03:12:25.037Z,buy,4.61e-06,721.0,0.00332381
DLT/BTC,1584587545037,2020-03-19T03:12:25.037Z,buy,4.62e-06,2319.0,0.01071378
DLT/BTC,1584587596812,2020-03-19T03:13:16.812Z,buy,4.63e-06,1054.0,0.00488002
DLT/BTC,1584587596821,2020-03-19T03:13:16.821Z,sell,4.63e-06,408.0,0.0018890399999999
DLT/BTC,1584587596822,2020-03-19T03:13:16.822Z,sell,4.62e-06,44.0,0.00020328
DLT/BTC,1584587597945,2020-03-19T03:13:17.945Z,sell,4.61e-06,44.0,0.00020284
DLT/BTC,1584587615249,2020-03-19T03:13:35.249Z,buy,4.62e-06,364.0,0.0016816799999999
DLT/BTC,1584587615364,2020-03-19T03:13:35.364Z,sell,4.62e-06,735.0,0.0033956999999999
DLT/BTC,1584587646845,2020-03-19T03:14:06.845Z,buy,4.63e-06,1252.0,0.00579676
DLT/BTC,1584587646845,2020-03-19T03:14:06.845Z,buy,4.64e-06,2025.0,0.009396
DLT/BTC,1584587708941,2020-03-19T03:15:08.941Z,buy,4.64e-06,35.0,0.0001624
DLT/BTC,1584587708941,2020-03-19T03:15:08.941Z,buy,4.65e-06,419.0,0.00194835
DLT/BTC,1584587757074,2020-03-19T03:15:57.074Z,sell,4.62e-06,164.0,0.0007576799999999
DLT/BTC,1584587757087,2020-03-19T03:15:57.087Z,sell,4.62e-06,416.0,0.00192192
DLT/BTC,1584587833315,2020-03-19T03:17:13.315Z,sell,4.61e-06,1478.0,0.00681358
DLT/BTC,1584587833315,2020-03-19T03:17:13.315Z,sell,4.6e-06,80.0,0.000368
DLT/BTC,1584587833315,2020-03-19T03:17:13.315Z,sell,4.59e-06,10373.0,0.04761207
DLT/BTC,1584587835252,2020-03-19T03:17:15.252Z,sell,4.6e-06,1026.0,0.0047196
DLT/BTC,1584587835252,2020-03-19T03:17:15.252Z,sell,4.59e-06,2514.0,0.01153926
DLT/BTC,1584588284313,2020-03-19T03:24:44.313Z,sell,4.58e-06,26.0,0.00011908
DLT/BTC,1584588560240,2020-03-19T03:29:20.240Z,sell,4.59e-06,590.0,0.0027081
DLT/BTC,1584588560240,2020-03-19T03:29:20.240Z,sell,4.58e-06,576.0,0.00263808
DLT/BTC,1584588560261,2020-03-19T03:29:20.261Z,buy,4.58e-06,4123.0,0.01888334
DLT/BTC,1584588560305,2020-03-19T03:29:20.305Z,buy,4.58e-06,1563.0,0.00715854
DLT/BTC,1584588560357,2020-03-19T03:29:20.357Z,buy,4.58e-06,4823.0,0.02208934
DLT/BTC,1584588560421,2020-03-19T03:29:20.421Z,buy,4.58e-06,552.0,0.00252816
DLT/BTC,1584588561457,2020-03-19T03:29:21.457Z,buy,4.58e-06,3729.0,0.01707882
DLT/BTC,1584588562552,2020-03-19T03:29:22.552Z,buy,4.58e-06,2587.0,0.01184846
DLT/BTC,1584588576957,2020-03-19T03:29:36.957Z,buy,4.59e-06,500.0,0.002295
DLT/BTC,1584588576957,2020-03-19T03:29:36.957Z,buy,4.59e-06,500.0,0.002295
DLT/BTC,1584588781802,2020-03-19T03:33:01.802Z,sell,4.58e-06,1208.0,0.00553264
DLT/BTC,1584588781802,2020-03-19T03:33:01.802Z,sell,4.57e-06,3034.0,0.01386538
DLT/BTC,1584588781802,2020-03-19T03:33:01.802Z,sell,4.56e-06,8837.0,0.04029672
DLT/BTC,1584588781802,2020-03-19T03:33:01.802Z,sell,4.55e-06,13298.0,0.0605058999999999
DLT/BTC,1584588781816,2020-03-19T03:33:01.816Z,buy,4.55e-06,4242.0,0.0193010999999999
DLT/BTC,1584588781818,2020-03-19T03:33:01.818Z,buy,4.55e-06,4150.0,0.0188825
DLT/BTC,1584588781829,2020-03-19T03:33:01.829Z,sell,4.54e-06,1442.0,0.00654668
DLT/BTC,1584588781888,2020-03-19T03:33:01.888Z,buy,4.55e-06,5684.0,0.0258622
DLT/BTC,1584588781906,2020-03-19T03:33:01.906Z,sell,4.54e-06,116.0,0.00052664
DLT/BTC,1584588781906,2020-03-19T03:33:01.906Z,sell,4.53e-06,4126.0,0.01869078
DLT/BTC,1584588785740,2020-03-19T03:33:05.740Z,sell,4.52e-06,2101.0,0.00949652
DLT/BTC,1584588785757,2020-03-19T03:33:05.757Z,buy,4.52e-06,1126.0,0.00508952
DLT/BTC,1584588785802,2020-03-19T03:33:05.802Z,buy,4.52e-06,33761.0,0.15259972
DLT/BTC,1584588785844,2020-03-19T03:33:05.844Z,sell,4.51e-06,4223.0,0.01904573
DLT/BTC,1584588785863,2020-03-19T03:33:05.863Z,sell,4.51e-06,1362.0,0.00614262
DLT/BTC,1584588786809,2020-03-19T03:33:06.809Z,buy,4.52e-06,21093.0,0.09534036
DLT/BTC,1584588791646,2020-03-19T03:33:11.646Z,sell,4.52e-06,1265.0,0.0057178
DLT/BTC,1584588791646,2020-03-19T03:33:11.646Z,sell,4.5e-06,987.0,0.0044415
DLT/BTC,1584588792104,2020-03-19T03:33:12.104Z,buy,4.53e-06,4257.0,0.01928421
DLT/BTC,1584588799022,2020-03-19T03:33:19.022Z,sell,4.5e-06,17628.0,0.079326
DLT/BTC,1584588801137,2020-03-19T03:33:21.137Z,buy,4.52e-06,80.0,0.0003616
DLT/BTC,1584588801137,2020-03-19T03:33:21.137Z,buy,4.53e-06,500.0,0.002265
DLT/BTC,1584588801137,2020-03-19T03:33:21.137Z,buy,4.54e-06,140.0,0.0006355999999999
DLT/BTC,1584588801680,2020-03-19T03:33:21.680Z,buy,4.52e-06,500.0,0.00226
DLT/BTC,1584588801680,2020-03-19T03:33:21.680Z,buy,4.54e-06,1660.0,0.0075363999999999
DLT/BTC,1584588801683,2020-03-19T03:33:21.683Z,buy,4.54e-06,2160.0,0.0098064
DLT/BTC,1584588803409,2020-03-19T03:33:23.409Z,buy,4.54e-06,2062.0,0.00936148
DLT/BTC,1584588804406,2020-03-19T03:33:24.406Z,buy,4.55e-06,818.0,0.0037218999999999
DLT/BTC,1584588841414,2020-03-19T03:34:01.414Z,buy,4.56e-06,1833.0,0.00835848
DLT/BTC,1584588845270,2020-03-19T03:34:05.270Z,sell,4.56e-06,116.0,0.00052896
DLT/BTC,1584588847517,2020-03-19T03:34:07.517Z,sell,4.56e-06,204.0,0.00093024
DLT/BTC,1584588847517,2020-03-19T03:34:07.517Z,sell,4.55e-06,3919.0,0.01783145
DLT/BTC,1584588847517,2020-03-19T03:34:07.517Z,sell,4.54e-06,11353.0,0.05154262
DLT/BTC,1584588847621,2020-03-19T03:34:07.621Z,buy,4.54e-06,559.0,0.00253786
DLT/BTC,1584588892047,2020-03-19T03:34:52.047Z,buy,4.56e-06,80.0,0.0003648
DLT/BTC,1584588901796,2020-03-19T03:35:01.796Z,buy,4.57e-06,706.0,0.00322642
DLT/BTC,1584588901796,2020-03-19T03:35:01.796Z,buy,4.58e-06,13599.0,0.06228342
DLT/BTC,1584588902743,2020-03-19T03:35:02.743Z,buy,4.59e-06,1070.0,0.0049113
DLT/BTC,1584588906155,2020-03-19T03:35:06.155Z,sell,4.59e-06,552.0,0.00253368
DLT/BTC,1584588934115,2020-03-19T03:35:34.115Z,sell,4.59e-06,34.0,0.00015606
DLT/BTC,1584589232333,2020-03-19T03:40:32.333Z,buy,4.6e-06,1344.0,0.0061824
DLT/BTC,1584589274374,2020-03-19T03:41:14.374Z,sell,4.6e-06,106.0,0.0004876
DLT/BTC,1584589293720,2020-03-19T03:41:33.720Z,buy,4.61e-06,578.0,0.00266458
DLT/BTC,1584589465375,2020-03-19T03:44:25.375Z,sell,4.6e-06,1688.0,0.0077648
DLT/BTC,1584589811438,2020-03-19T03:50:11.438Z,sell,4.6e-06,590.0,0.002714
DLT/BTC,1584589934258,2020-03-19T03:52:14.258Z,sell,4.6e-06,1796.0,0.0082616
DLT/BTC,1584590151534,2020-03-19T03:55:51.534Z,sell,4.6e-06,441.0,0.0020286
DLT/BTC,1584590151618,2020-03-19T03:55:51.618Z,sell,4.59e-06,827.0,0.00379593
DLT/BTC,1584590388189,2020-03-19T03:59:48.189Z,buy,4.6e-06,465.0,0.002139
DLT/BTC,1584590388197,2020-03-19T03:59:48.197Z,sell,4.6e-06,5131.0,0.0236026
DLT/BTC,1584590396899,2020-03-19T03:59:56.899Z,buy,4.6e-06,4132.0,0.0190072
DLT/BTC,1584591562045,2020-03-19T04:19:22.045Z,sell,4.6e-06,65.0,0.000299
DLT/BTC,1584591562045,2020-03-19T04:19:22.045Z,sell,4.59e-06,512.0,0.00235008
DLT/BTC,1584591742437,2020-03-19T04:22:22.437Z,sell,4.6e-06,1794.0,0.0082524
DLT/BTC,1584591957820,2020-03-19T04:25:57.820Z,sell,4.6e-06,783.0,0.0036018
DLT/BTC,1584591957820,2020-03-19T04:25:57.820Z,sell,4.6e-06,783.0,0.0036018
DLT/BTC,1584592361442,2020-03-19T04:32:41.442Z,buy,4.61e-06,107.0,0.00049327
DLT/BTC,1584592361696,2020-03-19T04:32:41.696Z,buy,4.61e-06,415.0,0.00191315
DLT/BTC,1584592361696,2020-03-19T04:32:41.696Z,buy,4.62e-06,556.0,0.00256872
DLT/BTC,1584592362320,2020-03-19T04:32:42.320Z,buy,4.62e-06,237.0,0.00109494
DLT/BTC,1584592362389,2020-03-19T04:32:42.389Z,buy,4.62e-06,1079.0,0.00498498
DLT/BTC,1584592363525,2020-03-19T04:32:43.525Z,buy,4.62e-06,4070.0,0.0188033999999999
DLT/BTC,1584592363525,2020-03-19T04:32:43.525Z,buy,4.63e-06,2409.0,0.01115367
DLT/BTC,1584592363886,2020-03-19T04:32:43.886Z,sell,4.61e-06,518.0,0.00238798
DLT/BTC,1584592365367,2020-03-19T04:32:45.367Z,buy,4.63e-06,520.0,0.0024075999999999
DLT/BTC,1584592365367,2020-03-19T04:32:45.367Z,buy,4.64e-06,6014.0,0.0279049599999999
DLT/BTC,1584592365400,2020-03-19T04:32:45.400Z,sell,4.64e-06,2086.0,0.00967904
DLT/BTC,1584592365829,2020-03-19T04:32:45.829Z,buy,4.65e-06,3010.0,0.0139965
DLT/BTC,1584592368595,2020-03-19T04:32:48.595Z,buy,4.64e-06,646.0,0.0029974399999999
DLT/BTC,1584592370032,2020-03-19T04:32:50.032Z,buy,4.64e-06,384.0,0.0017817599999999
DLT/BTC,1584592370032,2020-03-19T04:32:50.032Z,buy,4.65e-06,43.0,0.00019995
DLT/BTC,1584592370979,2020-03-19T04:32:50.979Z,buy,4.65e-06,854.0,0.0039711
DLT/BTC,1584592371478,2020-03-19T04:32:51.478Z,buy,4.65e-06,1068.0,0.0049662
DLT/BTC,1584592373293,2020-03-19T04:32:53.293Z,buy,4.65e-06,3365.0,0.01564725
DLT/BTC,1584592373293,2020-03-19T04:32:53.293Z,buy,4.66e-06,3765.0,0.0175449
DLT/BTC,1584592374938,2020-03-19T04:32:54.938Z,buy,4.66e-06,192.0,0.00089472
DLT/BTC,1584592375051,2020-03-19T04:32:55.051Z,buy,4.66e-06,790.0,0.0036814
DLT/BTC,1584592375528,2020-03-19T04:32:55.528Z,buy,4.66e-06,782.0,0.00364412
DLT/BTC,1584592375528,2020-03-19T04:32:55.528Z,buy,4.67e-06,51.0,0.00023817
DLT/BTC,1584592384002,2020-03-19T04:33:04.002Z,sell,4.64e-06,80.0,0.0003711999999999
DLT/BTC,1584592397291,2020-03-19T04:33:17.291Z,sell,4.64e-06,500.0,0.00232
DLT/BTC,1584592533963,2020-03-19T04:35:33.963Z,sell,4.62e-06,84.0,0.0003880799999999
DLT/BTC,1584592534233,2020-03-19T04:35:34.233Z,sell,4.62e-06,403.0,0.00186186
DLT/BTC,1584592534240,2020-03-19T04:35:34.240Z,sell,4.62e-06,331.0,0.00152922
DLT/BTC,1584592536451,2020-03-19T04:35:36.451Z,sell,4.63e-06,289.0,0.00133807
DLT/BTC,1584592842878,2020-03-19T04:40:42.878Z,buy,4.64e-06,27.0,0.00012528
DLT/BTC,1584593411475,2020-03-19T04:50:11.475Z,sell,4.62e-06,43.0,0.00019866
DLT/BTC,1584594073199,2020-03-19T05:01:13.199Z,sell,4.62e-06,8172.0,0.03775464
DLT/BTC,1584594073199,2020-03-19T05:01:13.199Z,sell,4.61e-06,6055.0,0.02791355
DLT/BTC,1584594073199,2020-03-19T05:01:13.199Z,sell,4.6e-06,8754.0,0.0402684
DLT/BTC,1584594073199,2020-03-19T05:01:13.199Z,sell,4.59e-06,674.0,0.00309366
DLT/BTC,1584594073199,2020-03-19T05:01:13.199Z,sell,4.58e-06,6285.0,0.0287853
DLT/BTC,1584594131038,2020-03-19T05:02:11.038Z,buy,4.59e-06,500.0,0.002295
DLT/BTC,1584594194019,2020-03-19T05:03:14.019Z,sell,4.58e-06,500.0,0.00229
DLT/BTC,1584594194019,2020-03-19T05:03:14.019Z,sell,4.57e-06,2365.0,0.01080805
DLT/BTC,1584594194028,2020-03-19T05:03:14.028Z,buy,4.57e-06,552.0,0.00252264
DLT/BTC,1584594194029,2020-03-19T05:03:14.029Z,buy,4.57e-06,552.0,0.00252264
DLT/BTC,1584594195070,2020-03-19T05:03:15.070Z,buy,4.57e-06,1208.0,0.00552056
DLT/BTC,1584594197906,2020-03-19T05:03:17.906Z,sell,4.56e-06,789.0,0.00359784
DLT/BTC,1584594197906,2020-03-19T05:03:17.906Z,sell,4.55e-06,4389.0,0.0199699499999999
DLT/BTC,1584594197966,2020-03-19T05:03:17.966Z,buy,4.55e-06,13029.0,0.0592819499999999
DLT/BTC,1584594198060,2020-03-19T05:03:18.060Z,sell,4.56e-06,435.0,0.0019836
DLT/BTC,1584594219673,2020-03-19T05:03:39.673Z,buy,4.56e-06,500.0,0.00228
DLT/BTC,1584594265194,2020-03-19T05:04:25.194Z,sell,4.56e-06,2675.0,0.012198
DLT/BTC,1584594265194,2020-03-19T05:04:25.194Z,sell,4.55e-06,500.0,0.0022749999999999
DLT/BTC,1584594265285,2020-03-19T05:04:25.285Z,buy,4.55e-06,7642.0,0.0347711
DLT/BTC,1584594266583,2020-03-19T05:04:26.583Z,buy,4.55e-06,320.0,0.0014559999999999
DLT/BTC,1584594266800,2020-03-19T05:04:26.800Z,buy,4.57e-06,720.0,0.0032904
DLT/BTC,1584594270264,2020-03-19T05:04:30.264Z,buy,4.58e-06,580.0,0.0026564
DLT/BTC,1584594270264,2020-03-19T05:04:30.264Z,buy,4.59e-06,136.0,0.00062424
DLT/BTC,1584594270297,2020-03-19T05:04:30.297Z,buy,4.59e-06,717.0,0.00329103
DLT/BTC,1584594564615,2020-03-19T05:09:24.615Z,buy,4.59e-06,2160.0,0.0099144
DLT/BTC,1584594601453,2020-03-19T05:10:01.453Z,buy,4.6e-06,40.0,0.000184
DLT/BTC,1584594702422,2020-03-19T05:11:42.422Z,buy,4.6e-06,6297.0,0.0289662
DLT/BTC,1584594702531,2020-03-19T05:11:42.531Z,buy,4.6e-06,2181.0,0.0100326
DLT/BTC,1584594790363,2020-03-19T05:13:10.363Z,buy,4.61e-06,2125.0,0.00979625
DLT/BTC,1584594791879,2020-03-19T05:13:11.879Z,buy,4.61e-06,1469.0,0.00677209
DLT/BTC,1584594794263,2020-03-19T05:13:14.263Z,buy,4.61e-06,1008.0,0.00464688
DLT/BTC,1584594795367,2020-03-19T05:13:15.367Z,buy,4.61e-06,700.0,0.003227
DLT/BTC,1584594848122,2020-03-19T05:14:08.122Z,sell,4.61e-06,22.0,0.00010142
DLT/BTC,1584595107278,2020-03-19T05:18:27.278Z,buy,4.62e-06,5376.0,0.0248371199999999
DLT/BTC,1584595107359,2020-03-19T05:18:27.359Z,sell,4.62e-06,552.0,0.00255024
DLT/BTC,1584595108367,2020-03-19T05:18:28.367Z,buy,4.63e-06,1339.0,0.00619957
DLT/BTC,1584595209097,2020-03-19T05:20:09.097Z,buy,4.64e-06,451.0,0.0020926399999999
DLT/BTC,1584595216655,2020-03-19T05:20:16.655Z,sell,4.62e-06,224.0,0.00103488
DLT/BTC,1584595489216,2020-03-19T05:24:49.216Z,sell,4.63e-06,27.0,0.00012501
DLT/BTC,1584595489216,2020-03-19T05:24:49.216Z,sell,4.63e-06,27.0,0.00012501
DLT/BTC,1584595825096,2020-03-19T05:30:25.096Z,buy,4.64e-06,44.0,0.00020416
DLT/BTC,1584596144867,2020-03-19T05:35:44.867Z,buy,4.64e-06,80.0,0.0003711999999999
DLT/BTC,1584597643894,2020-03-19T06:00:43.894Z,buy,4.64e-06,22.0,0.00010208
DLT/BTC,1584597776383,2020-03-19T06:02:56.383Z,sell,4.64e-06,327.0,0.00151728
DLT/BTC,1584598014391,2020-03-19T06:06:54.391Z,buy,4.65e-06,2511.0,0.01167615
DLT/BTC,1584598014391,2020-03-19T06:06:54.391Z,buy,4.66e-06,754.0,0.00351364
DLT/BTC,1584598014391,2020-03-19T06:06:54.391Z,buy,4.67e-06,8676.0,0.04051692
DLT/BTC,1584598014391,2020-03-19T06:06:54.391Z,buy,4.68e-06,3059.0,0.01431612
DLT/BTC,1584598035557,2020-03-19T06:07:15.557Z,buy,4.68e-06,128.0,0.00059904
DLT/BTC,1584598046121,2020-03-19T06:07:26.121Z,sell,4.66e-06,80.0,0.0003728
DLT/BTC,1584598049316,2020-03-19T06:07:29.316Z,sell,4.65e-06,660.0,0.003069
DLT/BTC,1584598740040,2020-03-19T06:19:00.040Z,buy,4.66e-06,22.0,0.00010252
DLT/BTC,1584599045587,2020-03-19T06:24:05.587Z,sell,4.65e-06,810.0,0.0037665
DLT/BTC,1584599045587,2020-03-19T06:24:05.587Z,sell,4.65e-06,810.0,0.0037665
DLT/BTC,1584599270255,2020-03-19T06:27:50.255Z,buy,4.66e-06,2056.0,0.00958096
DLT/BTC,1584599270272,2020-03-19T06:27:50.272Z,buy,4.66e-06,1121.0,0.00522386
DLT/BTC,1584599270272,2020-03-19T06:27:50.272Z,buy,4.67e-06,810.0,0.0037827
DLT/BTC,1584599270272,2020-03-19T06:27:50.272Z,buy,4.68e-06,136.0,0.00063648
DLT/BTC,1584599284678,2020-03-19T06:28:04.678Z,buy,4.68e-06,2682.0,0.01255176
DLT/BTC,1584599308274,2020-03-19T06:28:28.274Z,buy,4.67e-06,2371.0,0.01107257
DLT/BTC,1584599308274,2020-03-19T06:28:28.274Z,buy,4.68e-06,890.0,0.0041652
DLT/BTC,1584599308604,2020-03-19T06:28:28.604Z,buy,4.68e-06,3267.0,0.01528956
DLT/BTC,1584599310351,2020-03-19T06:28:30.351Z,buy,4.68e-06,61.0,0.00028548
DLT/BTC,1584599311228,2020-03-19T06:28:31.228Z,buy,4.68e-06,62.0,0.00029016
DLT/BTC,1584599329737,2020-03-19T06:28:49.737Z,buy,4.68e-06,75.0,0.000351
DLT/BTC,1584599352143,2020-03-19T06:29:12.143Z,buy,4.68e-06,73.0,0.00034164
DLT/BTC,1584599352703,2020-03-19T06:29:12.703Z,buy,4.68e-06,116.0,0.00054288
DLT/BTC,1584599620349,2020-03-19T06:33:40.349Z,sell,4.67e-06,1712.0,0.00799504
DLT/BTC,1584599620390,2020-03-19T06:33:40.390Z,sell,4.67e-06,83.0,0.00038761
DLT/BTC,1584599620397,2020-03-19T06:33:40.397Z,sell,4.67e-06,1838.0,0.00858346
DLT/BTC,1584599620488,2020-03-19T06:33:40.488Z,sell,4.67e-06,590.0,0.0027553
DLT/BTC,1584599620802,2020-03-19T06:33:40.802Z,sell,4.67e-06,4114.0,0.01921238
DLT/BTC,1584599620843,2020-03-19T06:33:40.843Z,sell,4.67e-06,2152.0,0.01004984
DLT/BTC,1584599621698,2020-03-19T06:33:41.698Z,sell,4.67e-06,4511.0,0.02106637
DLT/BTC,1584599636997,2020-03-19T06:33:56.997Z,sell,4.66e-06,2000.0,0.00932
DLT/BTC,1584599732848,2020-03-19T06:35:32.848Z,sell,4.66e-06,50.0,0.000233
DLT/BTC,1584599795164,2020-03-19T06:36:35.164Z,sell,4.66e-06,4809.0,0.02240994
DLT/BTC,1584599795635,2020-03-19T06:36:35.635Z,sell,4.65e-06,3008.0,0.0139872
DLT/BTC,1584599828747,2020-03-19T06:37:08.747Z,sell,4.64e-06,302.0,0.00140128
DLT/BTC,1584600193682,2020-03-19T06:43:13.682Z,buy,4.66e-06,95.0,0.0004427
DLT/BTC,1584600210377,2020-03-19T06:43:30.377Z,buy,4.66e-06,58.0,0.00027028
DLT/BTC,1584600211205,2020-03-19T06:43:31.205Z,buy,4.66e-06,58.0,0.00027028
DLT/BTC,1584601428402,2020-03-19T07:03:48.402Z,sell,4.65e-06,12980.0,0.060357
DLT/BTC,1584601447057,2020-03-19T07:04:07.057Z,buy,4.66e-06,346.0,0.00161236
DLT/BTC,1584601447057,2020-03-19T07:04:07.057Z,buy,4.67e-06,44.0,0.00020548
DLT/BTC,1584601447057,2020-03-19T07:04:07.057Z,buy,4.68e-06,20531.0,0.09608508
DLT/BTC,1584601786224,2020-03-19T07:09:46.224Z,sell,4.66e-06,29.0,0.00013514
DLT/BTC,1584601844511,2020-03-19T07:10:44.511Z,sell,4.66e-06,10776.0,0.05021616
DLT/BTC,1584602460703,2020-03-19T07:21:00.703Z,buy,4.68e-06,102.0,0.00047736
DLT/BTC,1584602460703,2020-03-19T07:21:00.703Z,buy,4.68e-06,102.0,0.00047736
DLT/BTC,1584603620836,2020-03-19T07:40:20.836Z,buy,4.68e-06,43.0,0.00020124
DLT/BTC,1584603965135,2020-03-19T07:46:05.135Z,buy,4.68e-06,114.0,0.00053352
