symbol,timestamp,datetime,side,price,amount,btc_volume
DLT/BTC,1603811511029,2020-10-27T15:11:51.029Z,sell,2.44e-06,1837.0,0.00448228
DLT/BTC,1603811592423,2020-10-27T15:13:12.423Z,buy,2.46e-06,610.0,0.0015006
DLT/BTC,1603811592423,2020-10-27T15:13:12.423Z,buy,2.47e-06,722.0,0.00178334
DLT/BTC,1603811598582,2020-10-27T15:13:18.582Z,buy,2.47e-06,996.0,0.00246012
DLT/BTC,1603811604444,2020-10-27T15:13:24.444Z,buy,2.47e-06,2941.0,0.00726427
DLT/BTC,1603811914749,2020-10-27T15:18:34.749Z,buy,2.47e-06,822.0,0.00203034
DLT/BTC,1603812565513,2020-10-27T15:29:25.513Z,sell,2.45e-06,13942.0,0.0341579
DLT/BTC,1603812861536,2020-10-27T15:34:21.536Z,sell,2.45e-06,822.0,0.0020139
DLT/BTC,1603813551030,2020-10-27T15:45:51.030Z,sell,2.45e-06,4795.0,0.01174775
DLT/BTC,1603813551030,2020-10-27T15:45:51.030Z,sell,2.45e-06,4795.0,0.01174775
DLT/BTC,1603814409575,2020-10-27T16:00:09.575Z,sell,2.44e-06,10336.0,0.02521984
DLT/BTC,1603814409813,2020-10-27T16:00:09.813Z,sell,2.44e-06,7783.0,0.01899052
DLT/BTC,1603814488246,2020-10-27T16:01:28.246Z,sell,2.44e-06,829.0,0.0020227599999999
DLT/BTC,1603815304421,2020-10-27T16:15:04.421Z,sell,2.44e-06,1192.0,0.0029084799999999
DLT/BTC,1603815667014,2020-10-27T16:21:07.014Z,buy,2.45e-06,200.0,0.00049
DLT/BTC,1603815906939,2020-10-27T16:25:06.939Z,buy,2.46e-06,930.0,0.0022878
DLT/BTC,1603815906939,2020-10-27T16:25:06.939Z,buy,2.46e-06,930.0,0.0022878
DLT/BTC,1603817274390,2020-10-27T16:47:54.390Z,buy,2.45e-06,200.0,0.00049
DLT/BTC,1603818294142,2020-10-27T17:04:54.142Z,buy,2.45e-06,4221.0,0.0103414499999999
DLT/BTC,1603819263101,2020-10-27T17:21:03.101Z,buy,2.45e-06,1461.0,0.0035794499999999
DLT/BTC,1603819263101,2020-10-27T17:21:03.101Z,buy,2.46e-06,47319.0,0.11640474
DLT/BTC,1603819276180,2020-10-27T17:21:16.180Z,buy,2.46e-06,32258.0,0.07935468
DLT/BTC,1603819285872,2020-10-27T17:21:25.872Z,buy,2.46e-06,16394.0,0.04032924
DLT/BTC,1603819285872,2020-10-27T17:21:25.872Z,buy,2.47e-06,36993.0,0.09137271
DLT/BTC,1603819285872,2020-10-27T17:21:25.872Z,buy,2.48e-06,47538.0,0.11789424
DLT/BTC,1603819289817,2020-10-27T17:21:29.817Z,buy,2.49e-06,662.0,0.0016483799999999
DLT/BTC,1603819289817,2020-10-27T17:21:29.817Z,buy,2.5e-06,19624.0,0.04906
DLT/BTC,1603819294377,2020-10-27T17:21:34.377Z,buy,2.52e-06,2496.0,0.00628992
DLT/BTC,1603819294377,2020-10-27T17:21:34.377Z,buy,2.53e-06,38829.0,0.0982373699999999
DLT/BTC,1603819297606,2020-10-27T17:21:37.606Z,buy,2.54e-06,48.0,0.00012192
DLT/BTC,1603819297606,2020-10-27T17:21:37.606Z,buy,2.55e-06,26558.0,0.0677229
DLT/BTC,1603819298783,2020-10-27T17:21:38.783Z,sell,2.55e-06,2928.0,0.0074664
DLT/BTC,1603819298951,2020-10-27T17:21:38.951Z,sell,2.55e-06,23678.0,0.0603789
DLT/BTC,1603819299181,2020-10-27T17:21:39.181Z,sell,2.5e-06,59.0,0.0001475
DLT/BTC,1603819299605,2020-10-27T17:21:39.605Z,buy,2.55e-06,59.0,0.00015045
DLT/BTC,1603819299605,2020-10-27T17:21:39.605Z,buy,2.56e-06,452.0,0.00115712
DLT/BTC,1603819301228,2020-10-27T17:21:41.228Z,buy,2.56e-06,716.0,0.00183296
DLT/BTC,1603819301228,2020-10-27T17:21:41.228Z,buy,2.57e-06,1865.0,0.00479305
DLT/BTC,1603819301228,2020-10-27T17:21:41.228Z,buy,2.59e-06,335.0,0.00086765
DLT/BTC,1603819301228,2020-10-27T17:21:41.228Z,buy,2.62e-06,3091.0,0.00809842
DLT/BTC,1603819301438,2020-10-27T17:21:41.438Z,sell,2.52e-06,3000.0,0.00756
DLT/BTC,1603819301719,2020-10-27T17:21:41.719Z,sell,2.54e-06,82.0,0.0002082799999999
DLT/BTC,1603819302112,2020-10-27T17:21:42.112Z,sell,2.55e-06,77.0,0.00019635
DLT/BTC,1603819302473,2020-10-27T17:21:42.473Z,sell,2.55e-06,409.0,0.00104295
DLT/BTC,1603819304389,2020-10-27T17:21:44.389Z,buy,2.6e-06,568.0,0.0014768
DLT/BTC,1603819304389,2020-10-27T17:21:44.389Z,buy,2.61e-06,2955.0,0.00771255
DLT/BTC,1603819304389,2020-10-27T17:21:44.389Z,buy,2.62e-06,4907.0,0.0128563399999999
DLT/BTC,1603819305455,2020-10-27T17:21:45.455Z,buy,2.62e-06,46.0,0.0001205199999999
DLT/BTC,1603819305549,2020-10-27T17:21:45.549Z,sell,2.62e-06,605.0,0.0015850999999999
DLT/BTC,1603819305645,2020-10-27T17:21:45.645Z,sell,2.6e-06,5732.0,0.0149032
DLT/BTC,1603819305950,2020-10-27T17:21:45.950Z,sell,2.62e-06,1528.0,0.00400336
DLT/BTC,1603819306052,2020-10-27T17:21:46.052Z,sell,2.6e-06,1493.0,0.0038818
DLT/BTC,1603819306052,2020-10-27T17:21:46.052Z,sell,2.59e-06,113.0,0.00029267
DLT/BTC,1603819307279,2020-10-27T17:21:47.279Z,buy,2.63e-06,548.0,0.0014412399999999
DLT/BTC,1603819308105,2020-10-27T17:21:48.105Z,buy,2.63e-06,29336.0,0.0771536799999999
DLT/BTC,1603819308148,2020-10-27T17:21:48.148Z,sell,2.63e-06,548.0,0.0014412399999999
DLT/BTC,1603819310621,2020-10-27T17:21:50.621Z,buy,2.64e-06,7039.0,0.01858296
DLT/BTC,1603819310621,2020-10-27T17:21:50.621Z,buy,2.65e-06,10192.0,0.0270088
DLT/BTC,1603819311654,2020-10-27T17:21:51.654Z,sell,2.62e-06,1800.0,0.004716
DLT/BTC,1603819312651,2020-10-27T17:21:52.651Z,sell,2.61e-06,2858.0,0.00745938
DLT/BTC,1603819312948,2020-10-27T17:21:52.948Z,sell,2.61e-06,1276.0,0.00333036
DLT/BTC,1603819312953,2020-10-27T17:21:52.953Z,sell,2.61e-06,1642.0,0.00428562
DLT/BTC,1603819313150,2020-10-27T17:21:53.150Z,sell,2.61e-06,2811.0,0.00733671
DLT/BTC,1603819313351,2020-10-27T17:21:53.351Z,sell,2.61e-06,2674.0,0.00697914
DLT/BTC,1603819313554,2020-10-27T17:21:53.554Z,sell,2.61e-06,2850.0,0.0074385
DLT/BTC,1603819313750,2020-10-27T17:21:53.750Z,sell,2.61e-06,2685.0,0.00700785
DLT/BTC,1603819313957,2020-10-27T17:21:53.957Z,sell,2.6e-06,4769.0,0.0123994
DLT/BTC,1603819314148,2020-10-27T17:21:54.148Z,sell,2.59e-06,3088.0,0.00799792
DLT/BTC,1603819314254,2020-10-27T17:21:54.254Z,sell,2.59e-06,2828.0,0.00732452
DLT/BTC,1603819314454,2020-10-27T17:21:54.454Z,sell,2.59e-06,3019.0,0.00781921
DLT/BTC,1603819314654,2020-10-27T17:21:54.654Z,sell,2.59e-06,1131.0,0.00292929
DLT/BTC,1603819314855,2020-10-27T17:21:54.855Z,sell,2.59e-06,2835.0,0.00734265
DLT/BTC,1603819315051,2020-10-27T17:21:55.051Z,sell,2.59e-06,2564.0,0.00664076
DLT/BTC,1603819315151,2020-10-27T17:21:55.151Z,sell,2.59e-06,2818.0,0.00729862
DLT/BTC,1603819315455,2020-10-27T17:21:55.455Z,sell,2.59e-06,2779.0,0.00719761
DLT/BTC,1603819315750,2020-10-27T17:21:55.750Z,sell,2.59e-06,2703.0,0.00700077
DLT/BTC,1603819316557,2020-10-27T17:21:56.557Z,sell,2.59e-06,2881.0,0.00746179
DLT/BTC,1603819316753,2020-10-27T17:21:56.753Z,sell,2.59e-06,2806.0,0.00726754
DLT/BTC,1603819317356,2020-10-27T17:21:57.356Z,sell,2.59e-06,2841.0,0.00735819
DLT/BTC,1603819317856,2020-10-27T17:21:57.856Z,sell,2.59e-06,2997.0,0.00776223
DLT/BTC,1603819318451,2020-10-27T17:21:58.451Z,sell,2.59e-06,2873.0,0.00744107
DLT/BTC,1603819318869,2020-10-27T17:21:58.869Z,sell,2.59e-06,2735.0,0.00708365
DLT/BTC,1603819319057,2020-10-27T17:21:59.057Z,sell,2.59e-06,587.0,0.00152033
DLT/BTC,1603819325972,2020-10-27T17:22:05.972Z,buy,2.62e-06,56125.0,0.1470475
DLT/BTC,1603819325972,2020-10-27T17:22:05.972Z,buy,2.63e-06,1647.0,0.00433161
DLT/BTC,1603819325972,2020-10-27T17:22:05.972Z,buy,2.64e-06,17088.0,0.04511232
DLT/BTC,1603819325972,2020-10-27T17:22:05.972Z,buy,2.66e-06,49694.0,0.13218604
DLT/BTC,1603819325972,2020-10-27T17:22:05.972Z,buy,2.67e-06,13681.0,0.0365282699999999
DLT/BTC,1603819327662,2020-10-27T17:22:07.662Z,sell,2.64e-06,2627.0,0.00693528
DLT/BTC,1603819328662,2020-10-27T17:22:08.662Z,sell,2.63e-06,3132.0,0.0082371599999999
DLT/BTC,1603819328760,2020-10-27T17:22:08.760Z,sell,2.62e-06,53146.0,0.13924252
DLT/BTC,1603819331090,2020-10-27T17:22:11.090Z,buy,2.64e-06,483.0,0.00127512
DLT/BTC,1603819331090,2020-10-27T17:22:11.090Z,buy,2.65e-06,609.0,0.00161385
DLT/BTC,1603819332684,2020-10-27T17:22:12.684Z,buy,2.65e-06,881.0,0.00233465
DLT/BTC,1603819332684,2020-10-27T17:22:12.684Z,buy,2.66e-06,2627.0,0.00698782
DLT/BTC,1603819332684,2020-10-27T17:22:12.684Z,buy,2.67e-06,1664.0,0.00444288
DLT/BTC,1603819332684,2020-10-27T17:22:12.684Z,buy,2.69e-06,1244.0,0.00334636
DLT/BTC,1603819333026,2020-10-27T17:22:13.026Z,sell,2.65e-06,45.0,0.00011925
DLT/BTC,1603819336790,2020-10-27T17:22:16.790Z,buy,2.68e-06,443.0,0.00118724
DLT/BTC,1603819336790,2020-10-27T17:22:16.790Z,buy,2.69e-06,752.0,0.00202288
DLT/BTC,1603819336790,2020-10-27T17:22:16.790Z,buy,2.7e-06,17323.0,0.0467721
DLT/BTC,1603819340264,2020-10-27T17:22:20.264Z,buy,2.7e-06,18518.0,0.0499986
DLT/BTC,1603819341029,2020-10-27T17:22:21.029Z,sell,2.63e-06,39.0,0.0001025699999999
DLT/BTC,1603819341029,2020-10-27T17:22:21.029Z,sell,2.63e-06,154.0,0.0004050199999999
DLT/BTC,1603819355408,2020-10-27T17:22:35.408Z,buy,2.68e-06,188.0,0.00050384
DLT/BTC,1603819355408,2020-10-27T17:22:35.408Z,buy,2.69e-06,4511.0,0.01213459
DLT/BTC,1603819355443,2020-10-27T17:22:35.443Z,buy,2.7e-06,37037.0,0.0999999
DLT/BTC,1603819360313,2020-10-27T17:22:40.313Z,buy,2.7e-06,18518.0,0.0499986
DLT/BTC,1603819364451,2020-10-27T17:22:44.451Z,sell,2.66e-06,1342.0,0.0035697199999999
DLT/BTC,1603819364916,2020-10-27T17:22:44.916Z,buy,2.7e-06,18518.0,0.0499986
DLT/BTC,1603819369003,2020-10-27T17:22:49.003Z,buy,2.69e-06,2434.0,0.00654746
DLT/BTC,1603819369003,2020-10-27T17:22:49.003Z,buy,2.7e-06,16084.0,0.0434268
DLT/BTC,1603819372793,2020-10-27T17:22:52.793Z,buy,2.7e-06,18518.0,0.0499986
DLT/BTC,1603819373519,2020-10-27T17:22:53.519Z,buy,2.7e-06,69623.0,0.1879820999999999
DLT/BTC,1603819374592,2020-10-27T17:22:54.592Z,buy,2.71e-06,1783.0,0.00483193
DLT/BTC,1603819376609,2020-10-27T17:22:56.609Z,sell,2.7e-06,41889.0,0.1131003
DLT/BTC,1603819377303,2020-10-27T17:22:57.303Z,buy,2.71e-06,1073.0,0.0029078299999999
DLT/BTC,1603819379057,2020-10-27T17:22:59.057Z,buy,2.71e-06,9451.0,0.02561221
DLT/BTC,1603819379057,2020-10-27T17:22:59.057Z,buy,2.72e-06,3395.0,0.0092343999999999
DLT/BTC,1603819379057,2020-10-27T17:22:59.057Z,buy,2.74e-06,2282.0,0.00625268
DLT/BTC,1603819382749,2020-10-27T17:23:02.749Z,buy,2.74e-06,2344.0,0.00642256
DLT/BTC,1603819383029,2020-10-27T17:23:03.029Z,sell,2.7e-06,82.0,0.0002214
DLT/BTC,1603819386085,2020-10-27T17:23:06.085Z,buy,2.73e-06,82.0,0.00022386
DLT/BTC,1603819386085,2020-10-27T17:23:06.085Z,buy,2.74e-06,3356.0,0.00919544
DLT/BTC,1603819386085,2020-10-27T17:23:06.085Z,buy,2.75e-06,14743.0,0.0405432499999999
DLT/BTC,1603819388333,2020-10-27T17:23:08.333Z,sell,2.74e-06,47.0,0.00012878
DLT/BTC,1603819388722,2020-10-27T17:23:08.722Z,buy,2.75e-06,18181.0,0.04999775
DLT/BTC,1603819389635,2020-10-27T17:23:09.635Z,sell,2.74e-06,908.0,0.00248792
DLT/BTC,1603819391485,2020-10-27T17:23:11.485Z,buy,2.74e-06,2758.0,0.00755692
DLT/BTC,1603819391485,2020-10-27T17:23:11.485Z,buy,2.75e-06,15423.0,0.04241325
DLT/BTC,1603819391663,2020-10-27T17:23:11.663Z,sell,2.7e-06,39.0,0.0001053
DLT/BTC,1603819391764,2020-10-27T17:23:11.764Z,sell,2.69e-06,1152.0,0.00309888
DLT/BTC,1603819391769,2020-10-27T17:23:11.769Z,sell,2.69e-06,39.0,0.00010491
DLT/BTC,1603819394204,2020-10-27T17:23:14.204Z,buy,2.73e-06,184.0,0.00050232
DLT/BTC,1603819394204,2020-10-27T17:23:14.204Z,buy,2.74e-06,1051.0,0.00287974
DLT/BTC,1603819394204,2020-10-27T17:23:14.204Z,buy,2.75e-06,16946.0,0.0466015
DLT/BTC,1603819398034,2020-10-27T17:23:18.034Z,buy,2.74e-06,1073.0,0.00294002
DLT/BTC,1603819398034,2020-10-27T17:23:18.034Z,buy,2.75e-06,17108.0,0.047047
DLT/BTC,1603819406780,2020-10-27T17:23:26.780Z,buy,2.75e-06,90909.0,0.24999975
DLT/BTC,1603819410110,2020-10-27T17:23:30.110Z,buy,2.75e-06,18181.0,0.04999775
DLT/BTC,1603819413015,2020-10-27T17:23:33.015Z,buy,2.75e-06,8774.0,0.0241285
DLT/BTC,1603819415249,2020-10-27T17:23:35.249Z,buy,2.75e-06,1329.0,0.00365475
DLT/BTC,1603819416555,2020-10-27T17:23:36.555Z,buy,2.75e-06,18181.0,0.04999775
DLT/BTC,1603819417508,2020-10-27T17:23:37.508Z,buy,2.75e-06,2194.0,0.0060335
DLT/BTC,1603819422090,2020-10-27T17:23:42.090Z,buy,2.75e-06,731.0,0.00201025
DLT/BTC,1603819423926,2020-10-27T17:23:43.926Z,buy,2.75e-06,6148.0,0.016907
DLT/BTC,1603819424402,2020-10-27T17:23:44.402Z,buy,2.75e-06,2759.0,0.0075872499999999
DLT/BTC,1603819428879,2020-10-27T17:23:48.879Z,buy,2.75e-06,7353.0,0.02022075
DLT/BTC,1603819430403,2020-10-27T17:23:50.403Z,buy,2.75e-06,36654.0,0.1007985
DLT/BTC,1603819438624,2020-10-27T17:23:58.624Z,sell,2.74e-06,4140.0,0.0113436
DLT/BTC,1603819442794,2020-10-27T17:24:02.794Z,buy,2.75e-06,23444.0,0.064471
DLT/BTC,1603819443063,2020-10-27T17:24:03.063Z,sell,2.74e-06,81.0,0.00022194
DLT/BTC,1603819444815,2020-10-27T17:24:04.815Z,sell,2.74e-06,329.0,0.00090146
DLT/BTC,1603819445300,2020-10-27T17:24:05.300Z,sell,2.74e-06,403.0,0.00110422
DLT/BTC,1603819445609,2020-10-27T17:24:05.609Z,buy,2.75e-06,1056.0,0.002904
DLT/BTC,1603819446420,2020-10-27T17:24:06.420Z,buy,2.75e-06,18181.0,0.04999775
DLT/BTC,1603819451194,2020-10-27T17:24:11.194Z,buy,2.75e-06,18181.0,0.04999775
DLT/BTC,1603819454223,2020-10-27T17:24:14.223Z,sell,2.74e-06,214.0,0.00058636
DLT/BTC,1603819462472,2020-10-27T17:24:22.472Z,sell,2.74e-06,12423.0,0.03403902
DLT/BTC,1603819465100,2020-10-27T17:24:25.100Z,buy,2.75e-06,9090.0,0.0249975
DLT/BTC,1603819465382,2020-10-27T17:24:25.382Z,sell,2.74e-06,511.0,0.00140014
DLT/BTC,1603819465593,2020-10-27T17:24:25.593Z,buy,2.75e-06,1792.0,0.004928
DLT/BTC,1603819466625,2020-10-27T17:24:26.625Z,sell,2.74e-06,1792.0,0.00491008
DLT/BTC,1603819471771,2020-10-27T17:24:31.771Z,sell,2.74e-06,87.0,0.00023838
DLT/BTC,1603819472603,2020-10-27T17:24:32.603Z,buy,2.75e-06,1777.0,0.00488675
DLT/BTC,1603819473620,2020-10-27T17:24:33.620Z,sell,2.74e-06,1777.0,0.00486898
DLT/BTC,1603819475184,2020-10-27T17:24:35.184Z,sell,2.74e-06,900.0,0.002466
DLT/BTC,1603819483357,2020-10-27T17:24:43.357Z,buy,2.75e-06,6718.0,0.0184744999999999
DLT/BTC,1603819483687,2020-10-27T17:24:43.687Z,sell,2.74e-06,14991.0,0.04107534
DLT/BTC,1603819484600,2020-10-27T17:24:44.600Z,buy,2.75e-06,1763.0,0.00484825
DLT/BTC,1603819485624,2020-10-27T17:24:45.624Z,sell,2.74e-06,1763.0,0.00483062
DLT/BTC,1603819487801,2020-10-27T17:24:47.801Z,buy,2.75e-06,16088.0,0.044242
DLT/BTC,1603819487801,2020-10-27T17:24:47.801Z,buy,2.76e-06,5135.0,0.0141725999999999
DLT/BTC,1603819490705,2020-10-27T17:24:50.705Z,buy,2.77e-06,1875.0,0.00519375
DLT/BTC,1603819493645,2020-10-27T17:24:53.645Z,buy,2.77e-06,234.0,0.00064818
DLT/BTC,1603819496481,2020-10-27T17:24:56.481Z,buy,2.77e-06,211.0,0.00058447
DLT/BTC,1603819496541,2020-10-27T17:24:56.541Z,buy,2.78e-06,10961.0,0.03047158
DLT/BTC,1603819498496,2020-10-27T17:24:58.496Z,buy,2.77e-06,67.0,0.00018559
DLT/BTC,1603819500219,2020-10-27T17:25:00.219Z,buy,2.78e-06,345.0,0.0009591
DLT/BTC,1603819500494,2020-10-27T17:25:00.494Z,sell,2.77e-06,81.0,0.00022437
DLT/BTC,1603819505559,2020-10-27T17:25:05.559Z,buy,2.78e-06,123.0,0.00034194
DLT/BTC,1603819506271,2020-10-27T17:25:06.271Z,buy,2.78e-06,2089.0,0.00580742
DLT/BTC,1603819506271,2020-10-27T17:25:06.271Z,buy,2.78e-06,2089.0,0.00580742
DLT/BTC,1603819509448,2020-10-27T17:25:09.448Z,buy,2.78e-06,31023.0,0.08624394
DLT/BTC,1603819510584,2020-10-27T17:25:10.584Z,buy,2.78e-06,8701.0,0.02418878
DLT/BTC,1603819514794,2020-10-27T17:25:14.794Z,buy,2.77e-06,201.0,0.00055677
DLT/BTC,1603819517568,2020-10-27T17:25:17.568Z,buy,2.77e-06,2804.0,0.00776708
DLT/BTC,1603819519480,2020-10-27T17:25:19.480Z,buy,2.77e-06,903.0,0.00250131
DLT/BTC,1603819528366,2020-10-27T17:25:28.366Z,buy,2.77e-06,440.0,0.0012188
DLT/BTC,1603819538344,2020-10-27T17:25:38.344Z,buy,2.77e-06,14732.0,0.04080764
DLT/BTC,1603819538344,2020-10-27T17:25:38.344Z,buy,2.78e-06,52179.0,0.14505762
DLT/BTC,1603819538344,2020-10-27T17:25:38.344Z,buy,2.8e-06,41509.0,0.1162252
DLT/BTC,1603819538344,2020-10-27T17:25:38.344Z,buy,2.81e-06,4494.0,0.01262814
DLT/BTC,1603819538344,2020-10-27T17:25:38.344Z,buy,2.8e-06,2728.0,0.0076384
DLT/BTC,1603819540133,2020-10-27T17:25:40.133Z,sell,2.77e-06,148.0,0.00040996
DLT/BTC,1603819540910,2020-10-27T17:25:40.910Z,sell,2.78e-06,1745.0,0.0048511
DLT/BTC,1603819540910,2020-10-27T17:25:40.910Z,sell,2.77e-06,2785.0,0.00771445
DLT/BTC,1603819540910,2020-10-27T17:25:40.910Z,sell,2.76e-06,991.0,0.00273516
DLT/BTC,1603819542140,2020-10-27T17:25:42.140Z,buy,2.79e-06,991.0,0.00276489
DLT/BTC,1603819542140,2020-10-27T17:25:42.140Z,buy,2.8e-06,2331.0,0.0065268
DLT/BTC,1603819542140,2020-10-27T17:25:42.140Z,buy,2.81e-06,3250.0,0.0091325
DLT/BTC,1603819542140,2020-10-27T17:25:42.140Z,buy,2.82e-06,116.0,0.00032712
DLT/BTC,1603819544347,2020-10-27T17:25:44.347Z,sell,2.78e-06,1200.0,0.003336
DLT/BTC,1603819546381,2020-10-27T17:25:46.381Z,buy,2.79e-06,1745.0,0.00486855
DLT/BTC,1603819546381,2020-10-27T17:25:46.381Z,buy,2.82e-06,2519.0,0.00710358
DLT/BTC,1603819546621,2020-10-27T17:25:46.621Z,sell,2.82e-06,1200.0,0.003384
DLT/BTC,1603819547802,2020-10-27T17:25:47.802Z,buy,2.82e-06,4659.0,0.01313838
DLT/BTC,1603819552749,2020-10-27T17:25:52.749Z,buy,2.82e-06,1200.0,0.003384
DLT/BTC,1603819552749,2020-10-27T17:25:52.749Z,buy,2.83e-06,6894.0,0.01951002
DLT/BTC,1603819552749,2020-10-27T17:25:52.749Z,buy,2.84e-06,13032.0,0.0370108799999999
DLT/BTC,1603819554512,2020-10-27T17:25:54.512Z,sell,2.83e-06,40.0,0.0001132
DLT/BTC,1603819555841,2020-10-27T17:25:55.841Z,buy,2.84e-06,17605.0,0.0499982
DLT/BTC,1603819556479,2020-10-27T17:25:56.479Z,sell,2.81e-06,558.0,0.00156798
DLT/BTC,1603819559927,2020-10-27T17:25:59.927Z,buy,2.83e-06,2522.0,0.00713726
DLT/BTC,1603819559927,2020-10-27T17:25:59.927Z,buy,2.84e-06,32689.0,0.0928367599999999
DLT/BTC,1603819562664,2020-10-27T17:26:02.664Z,buy,2.84e-06,41506.0,0.11787704
DLT/BTC,1603819562919,2020-10-27T17:26:02.919Z,buy,2.84e-06,55052.0,0.15634768
DLT/BTC,1603819562919,2020-10-27T17:26:02.919Z,buy,2.85e-06,1002.0,0.0028556999999999
DLT/BTC,1603819562963,2020-10-27T17:26:02.963Z,sell,2.81e-06,80.0,0.0002248
DLT/BTC,1603819563917,2020-10-27T17:26:03.917Z,buy,2.82e-06,1584.0,0.00446688
DLT/BTC,1603819564028,2020-10-27T17:26:04.028Z,buy,2.85e-06,39980.0,0.1139429999999999
DLT/BTC,1603819564028,2020-10-27T17:26:04.028Z,buy,2.86e-06,11975.0,0.0342485
DLT/BTC,1603819564028,2020-10-27T17:26:04.028Z,buy,2.87e-06,4778.0,0.01371286
DLT/BTC,1603819565747,2020-10-27T17:26:05.747Z,sell,2.87e-06,6283.0,0.01803221
DLT/BTC,1603819567181,2020-10-27T17:26:07.181Z,sell,2.87e-06,75973.0,0.21804251
DLT/BTC,1603819567297,2020-10-27T17:26:07.297Z,buy,2.88e-06,252.0,0.00072576
DLT/BTC,1603819569736,2020-10-27T17:26:09.736Z,buy,2.88e-06,833.0,0.00239904
DLT/BTC,1603819569845,2020-10-27T17:26:09.845Z,sell,2.87e-06,8692.0,0.02494604
DLT/BTC,1603819571870,2020-10-27T17:26:11.870Z,buy,2.88e-06,2344.0,0.00675072
DLT/BTC,1603819574024,2020-10-27T17:26:14.024Z,sell,2.87e-06,558.0,0.00160146
DLT/BTC,1603819574969,2020-10-27T17:26:14.969Z,buy,2.88e-06,974.0,0.00280512
DLT/BTC,1603819575004,2020-10-27T17:26:15.004Z,buy,2.88e-06,20833.0,0.05999904
DLT/BTC,1603819577781,2020-10-27T17:26:17.781Z,buy,2.88e-06,17361.0,0.04999968
DLT/BTC,1603819579309,2020-10-27T17:26:19.309Z,buy,2.88e-06,1584.0,0.00456192
DLT/BTC,1603819581292,2020-10-27T17:26:21.292Z,sell,2.87e-06,116.0,0.00033292
DLT/BTC,1603819585099,2020-10-27T17:26:25.099Z,buy,2.88e-06,17361.0,0.04999968
DLT/BTC,1603819587567,2020-10-27T17:26:27.567Z,sell,2.87e-06,862.0,0.00247394
DLT/BTC,1603819596071,2020-10-27T17:26:36.071Z,buy,2.88e-06,11519.0,0.03317472
DLT/BTC,1603819596879,2020-10-27T17:26:36.879Z,buy,2.88e-06,16315.0,0.0469872
DLT/BTC,1603819598587,2020-10-27T17:26:38.587Z,sell,2.87e-06,50.0,0.0001435
DLT/BTC,1603819600680,2020-10-27T17:26:40.680Z,buy,2.88e-06,2344.0,0.00675072
DLT/BTC,1603819600922,2020-10-27T17:26:40.922Z,buy,2.88e-06,448.0,0.00129024
DLT/BTC,1603819601906,2020-10-27T17:26:41.906Z,buy,2.88e-06,5723.0,0.01648224
DLT/BTC,1603819610699,2020-10-27T17:26:50.699Z,sell,2.87e-06,16792.0,0.04819304
DLT/BTC,1603819612410,2020-10-27T17:26:52.410Z,buy,2.88e-06,22154.0,0.06380352
DLT/BTC,1603819614727,2020-10-27T17:26:54.727Z,buy,2.88e-06,2344.0,0.00675072
DLT/BTC,1603819622219,2020-10-27T17:27:02.219Z,sell,2.83e-06,2104.0,0.00595432
DLT/BTC,1603819622219,2020-10-27T17:27:02.219Z,sell,2.82e-06,1109.0,0.00312738
DLT/BTC,1603819623505,2020-10-27T17:27:03.505Z,buy,2.85e-06,349.0,0.00099465
DLT/BTC,1603819623505,2020-10-27T17:27:03.505Z,buy,2.86e-06,2770.0,0.0079222
DLT/BTC,1603819623505,2020-10-27T17:27:03.505Z,buy,2.87e-06,3825.0,0.01097775
DLT/BTC,1603819623900,2020-10-27T17:27:03.900Z,buy,2.84e-06,251.0,0.00071284
DLT/BTC,1603819623900,2020-10-27T17:27:03.900Z,buy,2.87e-06,2491.0,0.00714917
DLT/BTC,1603819624479,2020-10-27T17:27:04.479Z,sell,2.87e-06,37.0,0.00010619
DLT/BTC,1603819626403,2020-10-27T17:27:06.403Z,sell,2.87e-06,638.0,0.00183106
DLT/BTC,1603819626929,2020-10-27T17:27:06.929Z,buy,2.88e-06,5208.0,0.01499904
DLT/BTC,1603819631655,2020-10-27T17:27:11.655Z,buy,2.88e-06,5208.0,0.01499904
DLT/BTC,1603819633199,2020-10-27T17:27:13.199Z,buy,2.88e-06,4873.0,0.01403424
DLT/BTC,1603819635165,2020-10-27T17:27:15.165Z,buy,2.88e-06,5208.0,0.01499904
DLT/BTC,1603819638977,2020-10-27T17:27:18.977Z,buy,2.88e-06,5208.0,0.01499904
DLT/BTC,1603819642320,2020-10-27T17:27:22.320Z,buy,2.88e-06,4166.0,0.01199808
DLT/BTC,1603819644606,2020-10-27T17:27:24.606Z,buy,2.88e-06,63330.0,0.1823904
DLT/BTC,1603819644606,2020-10-27T17:27:24.606Z,buy,2.89e-06,37377.0,0.1080195299999999
DLT/BTC,1603819644606,2020-10-27T17:27:24.606Z,buy,2.9e-06,82562.0,0.2394298
DLT/BTC,1603819644606,2020-10-27T17:27:24.606Z,buy,2.91e-06,6309.0,0.01835919
DLT/BTC,1603819644606,2020-10-27T17:27:24.606Z,buy,2.92e-06,4451.0,0.01299692
DLT/BTC,1603819644606,2020-10-27T17:27:24.606Z,buy,2.93e-06,16983.0,0.0497601899999999
DLT/BTC,1603819644606,2020-10-27T17:27:24.606Z,buy,2.94e-06,29525.0,0.0868034999999999
DLT/BTC,1603819644606,2020-10-27T17:27:24.606Z,buy,2.95e-06,7343.0,0.02166185
DLT/BTC,1603819647320,2020-10-27T17:27:27.320Z,sell,2.91e-06,1723.0,0.00501393
DLT/BTC,1603819647320,2020-10-27T17:27:27.320Z,sell,2.9e-06,27551.0,0.0798979
DLT/BTC,1603819650769,2020-10-27T17:27:30.769Z,sell,2.89e-06,1015.0,0.00293335
DLT/BTC,1603819650769,2020-10-27T17:27:30.769Z,sell,2.88e-06,44709.0,0.12876192
DLT/BTC,1603819650791,2020-10-27T17:27:30.791Z,buy,2.88e-06,103.0,0.00029664
DLT/BTC,1603819654387,2020-10-27T17:27:34.387Z,buy,2.88e-06,1927.0,0.00554976
DLT/BTC,1603819654387,2020-10-27T17:27:34.387Z,buy,2.89e-06,3048.0,0.0088087199999999
DLT/BTC,1603819657995,2020-10-27T17:27:37.995Z,sell,2.89e-06,251.0,0.0007253899999999
DLT/BTC,1603819657995,2020-10-27T17:27:37.995Z,sell,2.87e-06,197.0,0.00056539
DLT/BTC,1603819658738,2020-10-27T17:27:38.738Z,sell,2.86e-06,36.0,0.00010296
DLT/BTC,1603819658738,2020-10-27T17:27:38.738Z,sell,2.85e-06,25667.0,0.0731509499999999
DLT/BTC,1603819658873,2020-10-27T17:27:38.873Z,buy,2.85e-06,199.0,0.00056715
DLT/BTC,1603819660419,2020-10-27T17:27:40.419Z,buy,2.84e-06,8605.0,0.0244382
DLT/BTC,1603819660419,2020-10-27T17:27:40.419Z,buy,2.85e-06,17433.0,0.0496840499999999
DLT/BTC,1603819660419,2020-10-27T17:27:40.419Z,buy,2.86e-06,251.0,0.00071786
DLT/BTC,1603819660419,2020-10-27T17:27:40.419Z,buy,2.87e-06,252.0,0.00072324
DLT/BTC,1603819660419,2020-10-27T17:27:40.419Z,buy,2.89e-06,1027.0,0.00296803
DLT/BTC,1603819660419,2020-10-27T17:27:40.419Z,buy,2.9e-06,20830.0,0.060407
DLT/BTC,1603819660419,2020-10-27T17:27:40.419Z,buy,2.91e-06,41661.0,0.12123351
DLT/BTC,1603819660419,2020-10-27T17:27:40.419Z,buy,2.92e-06,103.0,0.00030076
DLT/BTC,1603819660419,2020-10-27T17:27:40.419Z,buy,2.93e-06,1011.0,0.0029622299999999
DLT/BTC,1603819660419,2020-10-27T17:27:40.419Z,buy,2.94e-06,1210.0,0.0035573999999999
DLT/BTC,1603819660419,2020-10-27T17:27:40.419Z,buy,2.95e-06,61437.0,0.18123915
DLT/BTC,1603819660608,2020-10-27T17:27:40.608Z,sell,2.95e-06,1759.0,0.00518905
DLT/BTC,1603819660868,2020-10-27T17:27:40.868Z,sell,2.95e-06,49.0,0.00014455
DLT/BTC,1603819662983,2020-10-27T17:27:42.983Z,sell,2.95e-06,96262.0,0.2839729
DLT/BTC,1603819666917,2020-10-27T17:27:46.917Z,sell,2.9e-06,13206.0,0.0382974
DLT/BTC,1603819666917,2020-10-27T17:27:46.917Z,sell,2.89e-06,30010.0,0.0867289
DLT/BTC,1603819666917,2020-10-27T17:27:46.917Z,sell,2.88e-06,687.0,0.00197856
DLT/BTC,1603819668293,2020-10-27T17:27:48.293Z,sell,2.87e-06,1119.0,0.00321153
DLT/BTC,1603819668497,2020-10-27T17:27:48.497Z,buy,2.88e-06,15000.0,0.0432
DLT/BTC,1603819669745,2020-10-27T17:27:49.745Z,sell,2.87e-06,16765.0,0.04811555
DLT/BTC,1603819670877,2020-10-27T17:27:50.877Z,buy,2.88e-06,39.0,0.00011232
DLT/BTC,1603819672637,2020-10-27T17:27:52.637Z,buy,2.87e-06,103.0,0.00029561
DLT/BTC,1603819679891,2020-10-27T17:27:59.891Z,buy,2.88e-06,2076.0,0.00597888
DLT/BTC,1603819680309,2020-10-27T17:28:00.309Z,sell,2.86e-06,2066.0,0.00590876
DLT/BTC,1603819680309,2020-10-27T17:28:00.309Z,sell,2.85e-06,5946.0,0.0169461
DLT/BTC,1603819685047,2020-10-27T17:28:05.047Z,sell,2.81e-06,103.0,0.00028943
DLT/BTC,1603819685994,2020-10-27T17:28:05.994Z,buy,2.84e-06,103.0,0.00029252
DLT/BTC,1603819685994,2020-10-27T17:28:05.994Z,buy,2.85e-06,526.0,0.0014991
DLT/BTC,1603819688923,2020-10-27T17:28:08.923Z,buy,2.84e-06,63.0,0.00017892
DLT/BTC,1603819688923,2020-10-27T17:28:08.923Z,buy,2.85e-06,1774.0,0.0050558999999999
DLT/BTC,1603819688923,2020-10-27T17:28:08.923Z,buy,2.86e-06,2458.0,0.00702988
DLT/BTC,1603819689006,2020-10-27T17:28:09.006Z,sell,2.82e-06,4103.0,0.01157046
DLT/BTC,1603819689006,2020-10-27T17:28:09.006Z,sell,2.81e-06,4621.0,0.01298501
DLT/BTC,1603819689006,2020-10-27T17:28:09.006Z,sell,2.79e-06,2177.0,0.00607383
DLT/BTC,1603819689617,2020-10-27T17:28:09.617Z,sell,2.79e-06,3910.0,0.0109089
DLT/BTC,1603819689617,2020-10-27T17:28:09.617Z,sell,2.78e-06,776.0,0.00215728
DLT/BTC,1603819689617,2020-10-27T17:28:09.617Z,sell,2.77e-06,1047.0,0.00290019
DLT/BTC,1603819689617,2020-10-27T17:28:09.617Z,sell,2.76e-06,25290.0,0.0698004
DLT/BTC,1603819690422,2020-10-27T17:28:10.422Z,buy,2.82e-06,761.0,0.00214602
DLT/BTC,1603819690937,2020-10-27T17:28:10.937Z,sell,2.79e-06,52.0,0.00014508
DLT/BTC,1603819690937,2020-10-27T17:28:10.937Z,sell,2.77e-06,2479.0,0.00686683
DLT/BTC,1603819690937,2020-10-27T17:28:10.937Z,sell,2.76e-06,1710.0,0.0047196
DLT/BTC,1603819690937,2020-10-27T17:28:10.937Z,sell,2.75e-06,15177.0,0.0417367499999999
DLT/BTC,1603819691880,2020-10-27T17:28:11.880Z,buy,2.82e-06,43.0,0.00012126
DLT/BTC,1603819692685,2020-10-27T17:28:12.685Z,sell,2.76e-06,363.0,0.00100188
DLT/BTC,1603819692685,2020-10-27T17:28:12.685Z,sell,2.75e-06,36255.0,0.0997012499999999
DLT/BTC,1603819698439,2020-10-27T17:28:18.439Z,sell,2.77e-06,49.0,0.00013573
DLT/BTC,1603819698439,2020-10-27T17:28:18.439Z,sell,2.76e-06,1738.0,0.00479688
DLT/BTC,1603819698439,2020-10-27T17:28:18.439Z,sell,2.75e-06,6933.0,0.01906575
DLT/BTC,1603819698439,2020-10-27T17:28:18.439Z,sell,2.73e-06,906.0,0.00247338
DLT/BTC,1603819698439,2020-10-27T17:28:18.439Z,sell,2.72e-06,311.0,0.0008459199999999
DLT/BTC,1603819698439,2020-10-27T17:28:18.439Z,sell,2.7e-06,5063.0,0.0136701
DLT/BTC,1603819699276,2020-10-27T17:28:19.276Z,sell,2.71e-06,548.0,0.00148508
DLT/BTC,1603819701301,2020-10-27T17:28:21.301Z,sell,2.71e-06,2074.0,0.0056205399999999
DLT/BTC,1603819701301,2020-10-27T17:28:21.301Z,sell,2.7e-06,18176.0,0.0490752
DLT/BTC,1603819701301,2020-10-27T17:28:21.301Z,sell,2.69e-06,422.0,0.00113518
DLT/BTC,1603819701301,2020-10-27T17:28:21.301Z,sell,2.68e-06,8325.0,0.022311
DLT/BTC,1603819701301,2020-10-27T17:28:21.301Z,sell,2.67e-06,4511.0,0.0120443699999999
DLT/BTC,1603819701301,2020-10-27T17:28:21.301Z,sell,2.66e-06,12653.0,0.0336569799999999
DLT/BTC,1603819701301,2020-10-27T17:28:21.301Z,sell,2.64e-06,4865.0,0.0128436
DLT/BTC,1603819701301,2020-10-27T17:28:21.301Z,sell,2.63e-06,414.0,0.00108882
DLT/BTC,1603819701301,2020-10-27T17:28:21.301Z,sell,2.62e-06,746.0,0.00195452
DLT/BTC,1603819701301,2020-10-27T17:28:21.301Z,sell,2.6e-06,84487.0,0.2196662
DLT/BTC,1603819701807,2020-10-27T17:28:21.807Z,buy,2.6e-06,1092.0,0.0028392
DLT/BTC,1603819701886,2020-10-27T17:28:21.886Z,buy,2.6e-06,81.0,0.0002106
DLT/BTC,1603819701917,2020-10-27T17:28:21.917Z,buy,2.6e-06,1956.0,0.0050856
DLT/BTC,1603819704030,2020-10-27T17:28:24.030Z,sell,2.57e-06,768.0,0.0019737599999999
DLT/BTC,1603819704030,2020-10-27T17:28:24.030Z,sell,2.55e-06,2953.0,0.00753015
DLT/BTC,1603819704436,2020-10-27T17:28:24.436Z,buy,2.57e-06,226.0,0.00058082
DLT/BTC,1603819704436,2020-10-27T17:28:24.436Z,buy,2.59e-06,159.0,0.00041181
DLT/BTC,1603819704436,2020-10-27T17:28:24.436Z,buy,2.6e-06,11137.0,0.0289562
DLT/BTC,1603819705187,2020-10-27T17:28:25.187Z,sell,2.55e-06,3000.0,0.00765
DLT/BTC,1603819706636,2020-10-27T17:28:26.636Z,sell,2.57e-06,181.0,0.00046517
DLT/BTC,1603819707800,2020-10-27T17:28:27.800Z,buy,2.57e-06,1632.0,0.00419424
DLT/BTC,1603819707800,2020-10-27T17:28:27.800Z,buy,2.58e-06,11136.0,0.0287308799999999
DLT/BTC,1603819708811,2020-10-27T17:28:28.811Z,buy,2.58e-06,24299.0,0.06269142
DLT/BTC,1603819708811,2020-10-27T17:28:28.811Z,buy,2.59e-06,9681.0,0.02507379
DLT/BTC,1603819709920,2020-10-27T17:28:29.920Z,sell,2.59e-06,1738.0,0.00450142
DLT/BTC,1603819710244,2020-10-27T17:28:30.244Z,buy,2.6e-06,7649.0,0.0198874
DLT/BTC,1603819710254,2020-10-27T17:28:30.254Z,buy,2.6e-06,410222.0,1.0665772
DLT/BTC,1603819711526,2020-10-27T17:28:31.526Z,sell,2.61e-06,3000.0,0.00783
DLT/BTC,1603819715792,2020-10-27T17:28:35.792Z,buy,2.64e-06,342.0,0.00090288
DLT/BTC,1603819715864,2020-10-27T17:28:35.864Z,sell,2.62e-06,1851.0,0.00484962
DLT/BTC,1603819715864,2020-10-27T17:28:35.864Z,sell,2.61e-06,9489.0,0.02476629
DLT/BTC,1603819715864,2020-10-27T17:28:35.864Z,sell,2.6e-06,4807.0,0.0124982
DLT/BTC,1603819715864,2020-10-27T17:28:35.864Z,sell,2.59e-06,19571.0,0.05068889
DLT/BTC,1603819716766,2020-10-27T17:28:36.766Z,buy,2.6e-06,112.0,0.0002912
DLT/BTC,1603819721190,2020-10-27T17:28:41.190Z,buy,2.6e-06,7.0,1.82e-05
DLT/BTC,1603819722476,2020-10-27T17:28:42.476Z,buy,2.62e-06,3183.0,0.00833946
DLT/BTC,1603819722514,2020-10-27T17:28:42.514Z,sell,2.6e-06,42059.0,0.1093534
DLT/BTC,1603819722514,2020-10-27T17:28:42.514Z,sell,2.58e-06,1472.0,0.00379776
DLT/BTC,1603819722514,2020-10-27T17:28:42.514Z,sell,2.57e-06,27336.0,0.07025352
DLT/BTC,1603819731479,2020-10-27T17:28:51.479Z,buy,2.63e-06,5068.0,0.01332884
DLT/BTC,1603819731590,2020-10-27T17:28:51.590Z,buy,2.63e-06,1211.0,0.00318493
DLT/BTC,1603819733383,2020-10-27T17:28:53.383Z,buy,2.63e-06,750.0,0.0019725
DLT/BTC,1603819734275,2020-10-27T17:28:54.275Z,sell,2.61e-06,7852.0,0.02049372
DLT/BTC,1603819734275,2020-10-27T17:28:54.275Z,sell,2.6e-06,15903.0,0.0413478
DLT/BTC,1603819734275,2020-10-27T17:28:54.275Z,sell,2.59e-06,6303.0,0.01632477
DLT/BTC,1603819734657,2020-10-27T17:28:54.657Z,buy,2.63e-06,1049.0,0.0027588699999999
DLT/BTC,1603819737384,2020-10-27T17:28:57.384Z,buy,2.63e-06,15302.0,0.04024426
DLT/BTC,1603819737603,2020-10-27T17:28:57.603Z,sell,2.62e-06,1890.0,0.0049518
DLT/BTC,1603819742715,2020-10-27T17:29:02.715Z,buy,2.62e-06,5006.0,0.0131157199999999
DLT/BTC,1603819744494,2020-10-27T17:29:04.494Z,buy,2.64e-06,2370.0,0.0062568
DLT/BTC,1603819749230,2020-10-27T17:29:09.230Z,sell,2.63e-06,440.0,0.0011572
DLT/BTC,1603819752286,2020-10-27T17:29:12.286Z,sell,2.63e-06,213.0,0.0005601899999999
DLT/BTC,1603819755797,2020-10-27T17:29:15.797Z,buy,2.65e-06,3000.0,0.00795
DLT/BTC,1603819756154,2020-10-27T17:29:16.154Z,sell,2.65e-06,112.0,0.0002968
DLT/BTC,1603819771233,2020-10-27T17:29:31.233Z,buy,2.66e-06,221.0,0.0005878599999999
DLT/BTC,1603819777147,2020-10-27T17:29:37.147Z,buy,2.69e-06,6296.0,0.01693624
DLT/BTC,1603819777147,2020-10-27T17:29:37.147Z,buy,2.7e-06,3669.0,0.0099063
DLT/BTC,1603819777147,2020-10-27T17:29:37.147Z,buy,2.71e-06,16905.0,0.04581255
DLT/BTC,1603819777956,2020-10-27T17:29:37.956Z,sell,2.66e-06,739.0,0.00196574
DLT/BTC,1603819777956,2020-10-27T17:29:37.956Z,sell,2.65e-06,310.0,0.0008215
DLT/BTC,1603819778518,2020-10-27T17:29:38.518Z,sell,2.67e-06,43.0,0.00011481
DLT/BTC,1603819780327,2020-10-27T17:29:40.327Z,buy,2.76e-06,5365.0,0.0148073999999999
DLT/BTC,1603819780355,2020-10-27T17:29:40.355Z,sell,2.76e-06,875.0,0.002415
DLT/BTC,1603819780408,2020-10-27T17:29:40.408Z,sell,2.76e-06,20526.0,0.0566517599999999
DLT/BTC,1603819780802,2020-10-27T17:29:40.802Z,buy,2.77e-06,2908.0,0.00805516
DLT/BTC,1603819780802,2020-10-27T17:29:40.802Z,buy,2.78e-06,17632.0,0.04901696
DLT/BTC,1603819780802,2020-10-27T17:29:40.802Z,buy,2.79e-06,3754.0,0.01047366
DLT/BTC,1603819780802,2020-10-27T17:29:40.802Z,buy,2.81e-06,164.0,0.00046084
DLT/BTC,1603819786470,2020-10-27T17:29:46.470Z,buy,2.81e-06,536.0,0.00150616
DLT/BTC,1603819795751,2020-10-27T17:29:55.751Z,sell,2.74e-06,1151.0,0.00315374
DLT/BTC,1603819797322,2020-10-27T17:29:57.322Z,sell,2.75e-06,3378.0,0.0092895
DLT/BTC,1603819801428,2020-10-27T17:30:01.428Z,sell,2.72e-06,1126.0,0.0030627199999999
DLT/BTC,1603819808968,2020-10-27T17:30:08.968Z,sell,2.68e-06,708.0,0.00189744
DLT/BTC,1603819811887,2020-10-27T17:30:11.887Z,sell,2.69e-06,253.0,0.00068057
DLT/BTC,1603819812425,2020-10-27T17:30:12.425Z,sell,2.69e-06,181.0,0.00048689
DLT/BTC,1603819819367,2020-10-27T17:30:19.367Z,buy,2.74e-06,200.0,0.000548
DLT/BTC,1603819829517,2020-10-27T17:30:29.517Z,buy,2.68e-06,342.0,0.00091656
DLT/BTC,1603819829517,2020-10-27T17:30:29.517Z,buy,2.71e-06,1632.0,0.00442272
DLT/BTC,1603819835698,2020-10-27T17:30:35.698Z,sell,2.67e-06,469.0,0.00125223
DLT/BTC,1603819835698,2020-10-27T17:30:35.698Z,sell,2.66e-06,3395.0,0.0090307
DLT/BTC,1603819835698,2020-10-27T17:30:35.698Z,sell,2.65e-06,24799.0,0.06571735
DLT/BTC,1603819840794,2020-10-27T17:30:40.794Z,sell,2.65e-06,1411.0,0.00373915
DLT/BTC,1603819844923,2020-10-27T17:30:44.923Z,sell,2.65e-06,1058.0,0.0028037
DLT/BTC,1603819846391,2020-10-27T17:30:46.391Z,sell,2.65e-06,110.0,0.0002915
DLT/BTC,1603819847834,2020-10-27T17:30:47.834Z,buy,2.67e-06,749.0,0.0019998299999999
DLT/BTC,1603819851708,2020-10-27T17:30:51.708Z,sell,2.66e-06,487.0,0.00129542
DLT/BTC,1603819851708,2020-10-27T17:30:51.708Z,sell,2.65e-06,307.0,0.00081355
DLT/BTC,1603819854087,2020-10-27T17:30:54.087Z,sell,2.65e-06,7649.0,0.02026985
DLT/BTC,1603819857742,2020-10-27T17:30:57.742Z,sell,2.65e-06,2382.0,0.0063123
DLT/BTC,1603819876394,2020-10-27T17:31:16.394Z,sell,2.66e-06,3666.0,0.00975156
DLT/BTC,1603819876394,2020-10-27T17:31:16.394Z,sell,2.65e-06,7843.0,0.02078395
DLT/BTC,1603819876561,2020-10-27T17:31:16.561Z,buy,2.64e-06,836.0,0.00220704
DLT/BTC,1603819880482,2020-10-27T17:31:20.482Z,sell,2.63e-06,536.0,0.00140968
DLT/BTC,1603819881762,2020-10-27T17:31:21.762Z,sell,2.63e-06,95.0,0.00024985
DLT/BTC,1603819882055,2020-10-27T17:31:22.055Z,sell,2.63e-06,9902.0,0.0260422599999999
DLT/BTC,1603819882055,2020-10-27T17:31:22.055Z,sell,2.59e-06,14556.0,0.03770004
DLT/BTC,1603819890931,2020-10-27T17:31:30.931Z,buy,2.63e-06,48.0,0.0001262399999999
DLT/BTC,1603819902247,2020-10-27T17:31:42.247Z,buy,2.63e-06,279.0,0.0007337699999999
DLT/BTC,1603819918372,2020-10-27T17:31:58.372Z,sell,2.61e-06,278.0,0.00072558
DLT/BTC,1603819937281,2020-10-27T17:32:17.281Z,sell,2.61e-06,1128.0,0.00294408
DLT/BTC,1603819937299,2020-10-27T17:32:17.299Z,buy,2.61e-06,14671.0,0.03829131
DLT/BTC,1603819937398,2020-10-27T17:32:17.398Z,buy,2.61e-06,2884.0,0.00752724
DLT/BTC,1603819964442,2020-10-27T17:32:44.442Z,sell,2.61e-06,764.0,0.00199404
DLT/BTC,1603820042013,2020-10-27T17:34:02.013Z,sell,2.61e-06,2478.0,0.00646758
DLT/BTC,1603820056546,2020-10-27T17:34:16.546Z,sell,2.59e-06,1594.0,0.00412846
DLT/BTC,1603820076730,2020-10-27T17:34:36.730Z,sell,2.61e-06,280.0,0.0007308
DLT/BTC,1603820076730,2020-10-27T17:34:36.730Z,sell,2.59e-06,412.0,0.00106708
DLT/BTC,1603820076730,2020-10-27T17:34:36.730Z,sell,2.58e-06,15145.0,0.0390741
DLT/BTC,1603820085548,2020-10-27T17:34:45.548Z,sell,2.57e-06,286.0,0.00073502
DLT/BTC,1603820085548,2020-10-27T17:34:45.548Z,sell,2.56e-06,643.0,0.00164608
DLT/BTC,1603820104524,2020-10-27T17:35:04.524Z,buy,2.6e-06,56.0,0.0001456
DLT/BTC,1603820113546,2020-10-27T17:35:13.546Z,sell,2.59e-06,280.0,0.0007252
DLT/BTC,1603820164157,2020-10-27T17:36:04.157Z,sell,2.59e-06,47.0,0.00012173
DLT/BTC,1603820168525,2020-10-27T17:36:08.525Z,buy,2.6e-06,1843.0,0.0047918
DLT/BTC,1603820170924,2020-10-27T17:36:10.924Z,buy,2.6e-06,687.0,0.0017862
DLT/BTC,1603820186832,2020-10-27T17:36:26.832Z,buy,2.62e-06,56.0,0.00014672
DLT/BTC,1603820195159,2020-10-27T17:36:35.159Z,sell,2.62e-06,448.0,0.00117376
DLT/BTC,1603820201556,2020-10-27T17:36:41.556Z,sell,2.62e-06,3816.0,0.00999792
DLT/BTC,1603820203989,2020-10-27T17:36:43.989Z,buy,2.63e-06,1839.0,0.0048365699999999
DLT/BTC,1603820205329,2020-10-27T17:36:45.329Z,buy,2.64e-06,814.0,0.00214896
DLT/BTC,1603820206292,2020-10-27T17:36:46.292Z,buy,2.66e-06,281.0,0.00074746
DLT/BTC,1603820207627,2020-10-27T17:36:47.627Z,buy,2.67e-06,210.0,0.0005606999999999
DLT/BTC,1603820208456,2020-10-27T17:36:48.456Z,buy,2.67e-06,158.0,0.00042186
DLT/BTC,1603820209122,2020-10-27T17:36:49.122Z,buy,2.67e-06,118.0,0.00031506
DLT/BTC,1603820209708,2020-10-27T17:36:49.708Z,buy,2.67e-06,89.0,0.0002376299999999
DLT/BTC,1603820210514,2020-10-27T17:36:50.514Z,buy,2.67e-06,67.0,0.00017889
DLT/BTC,1603820211578,2020-10-27T17:36:51.578Z,buy,2.67e-06,100.0,0.000267
DLT/BTC,1603820212802,2020-10-27T17:36:52.802Z,buy,2.67e-06,76.0,0.00020292
DLT/BTC,1603820243031,2020-10-27T17:37:23.031Z,buy,2.64e-06,16685.0,0.0440484
DLT/BTC,1603820284775,2020-10-27T17:38:04.775Z,sell,2.6e-06,5483.0,0.0142558
DLT/BTC,1603820284775,2020-10-27T17:38:04.775Z,sell,2.59e-06,1978.0,0.00512302
DLT/BTC,1603820284775,2020-10-27T17:38:04.775Z,sell,2.58e-06,10622.0,0.02740476
DLT/BTC,1603820284775,2020-10-27T17:38:04.775Z,sell,2.57e-06,2910.0,0.0074787
DLT/BTC,1603820293431,2020-10-27T17:38:13.431Z,buy,2.62e-06,1138.0,0.00298156
DLT/BTC,1603820301782,2020-10-27T17:38:21.782Z,buy,2.62e-06,58.0,0.00015196
DLT/BTC,1603820361926,2020-10-27T17:39:21.926Z,sell,2.58e-06,1550.0,0.003999
DLT/BTC,1603820361926,2020-10-27T17:39:21.926Z,sell,2.57e-06,11201.0,0.02878657
DLT/BTC,1603820361926,2020-10-27T17:39:21.926Z,sell,2.56e-06,1544.0,0.00395264
DLT/BTC,1603820361926,2020-10-27T17:39:21.926Z,sell,2.55e-06,11247.0,0.02867985
DLT/BTC,1603820361926,2020-10-27T17:39:21.926Z,sell,2.54e-06,830.0,0.0021081999999999
DLT/BTC,1603820361926,2020-10-27T17:39:21.926Z,sell,2.53e-06,8613.0,0.02179089
DLT/BTC,1603820361926,2020-10-27T17:39:21.926Z,sell,2.52e-06,6479.0,0.01632708
DLT/BTC,1603820366290,2020-10-27T17:39:26.290Z,sell,2.54e-06,58.0,0.00014732
DLT/BTC,1603820380393,2020-10-27T17:39:40.393Z,buy,2.56e-06,542.0,0.00138752
DLT/BTC,1603820381440,2020-10-27T17:39:41.440Z,buy,2.57e-06,688.0,0.00176816
DLT/BTC,1603820383341,2020-10-27T17:39:43.341Z,buy,2.57e-06,1156.0,0.00297092
DLT/BTC,1603820444262,2020-10-27T17:40:44.262Z,buy,2.58e-06,4031.0,0.01039998
DLT/BTC,1603820492852,2020-10-27T17:41:32.852Z,sell,2.58e-06,402.0,0.0010371599999999
DLT/BTC,1603820575628,2020-10-27T17:42:55.628Z,sell,2.57e-06,1737.0,0.0044640899999999
DLT/BTC,1603820597447,2020-10-27T17:43:17.447Z,sell,2.56e-06,1133.0,0.00290048
DLT/BTC,1603820618191,2020-10-27T17:43:38.191Z,sell,2.56e-06,8827.0,0.02259712
DLT/BTC,1603820618191,2020-10-27T17:43:38.191Z,sell,2.53e-06,2860.0,0.0072358
DLT/BTC,1603820646325,2020-10-27T17:44:06.325Z,sell,2.54e-06,1972.0,0.0050088799999999
DLT/BTC,1603820646325,2020-10-27T17:44:06.325Z,sell,2.53e-06,474.0,0.00119922
DLT/BTC,1603820646381,2020-10-27T17:44:06.381Z,buy,2.53e-06,10208.0,0.02582624
DLT/BTC,1603820646485,2020-10-27T17:44:06.485Z,buy,2.53e-06,5100.0,0.012903
DLT/BTC,1603820655451,2020-10-27T17:44:15.451Z,sell,2.52e-06,833.0,0.00209916
DLT/BTC,1603820660152,2020-10-27T17:44:20.152Z,sell,2.52e-06,2500.0,0.0063
DLT/BTC,1603820676496,2020-10-27T17:44:36.496Z,buy,2.53e-06,213.0,0.00053889
DLT/BTC,1603820685331,2020-10-27T17:44:45.331Z,buy,2.56e-06,66.0,0.00016896
DLT/BTC,1603820695608,2020-10-27T17:44:55.608Z,buy,2.54e-06,1843.0,0.00468122
DLT/BTC,1603820704280,2020-10-27T17:45:04.280Z,sell,2.52e-06,48.0,0.00012096
DLT/BTC,1603820708359,2020-10-27T17:45:08.359Z,sell,2.54e-06,279.0,0.00070866
DLT/BTC,1603820784761,2020-10-27T17:46:24.761Z,buy,2.55e-06,767.0,0.00195585
DLT/BTC,1603820822782,2020-10-27T17:47:02.782Z,buy,2.56e-06,518.0,0.00132608
DLT/BTC,1603820848990,2020-10-27T17:47:28.990Z,buy,2.56e-06,639.0,0.00163584
DLT/BTC,1603820868969,2020-10-27T17:47:48.969Z,sell,2.56e-06,1953.0,0.00499968
DLT/BTC,1603820870884,2020-10-27T17:47:50.884Z,buy,2.57e-06,326.0,0.00083782
DLT/BTC,1603820872933,2020-10-27T17:47:52.933Z,buy,2.59e-06,401.0,0.00103859
DLT/BTC,1603820874149,2020-10-27T17:47:54.149Z,buy,2.59e-06,303.0,0.00078477
DLT/BTC,1603820874956,2020-10-27T17:47:54.956Z,buy,2.59e-06,228.0,0.00059052
DLT/BTC,1603820875703,2020-10-27T17:47:55.703Z,buy,2.59e-06,172.0,0.00044548
DLT/BTC,1603820876511,2020-10-27T17:47:56.511Z,buy,2.59e-06,130.0,0.0003367
DLT/BTC,1603820877275,2020-10-27T17:47:57.275Z,buy,2.59e-06,98.0,0.00025382
DLT/BTC,1603820877941,2020-10-27T17:47:57.941Z,buy,2.59e-06,73.0,0.00018907
DLT/BTC,1603820878632,2020-10-27T17:47:58.632Z,buy,2.59e-06,56.0,0.00014504
DLT/BTC,1603820879655,2020-10-27T17:47:59.655Z,buy,2.59e-06,84.0,0.00021756
DLT/BTC,1603820880378,2020-10-27T17:48:00.378Z,buy,2.59e-06,64.0,0.00016576
DLT/BTC,1603820885819,2020-10-27T17:48:05.819Z,buy,2.59e-06,454.0,0.00117586
DLT/BTC,1603820888414,2020-10-27T17:48:08.414Z,sell,2.59e-06,84314.0,0.21837326
DLT/BTC,1603820923221,2020-10-27T17:48:43.221Z,sell,2.59e-06,3000.0,0.00777
DLT/BTC,1603820928069,2020-10-27T17:48:48.069Z,sell,2.59e-06,4248.0,0.01100232
DLT/BTC,1603821014038,2020-10-27T17:50:14.038Z,buy,2.62e-06,57.0,0.00014934
DLT/BTC,1603821039361,2020-10-27T17:50:39.361Z,buy,2.62e-06,382.0,0.00100084
DLT/BTC,1603821043442,2020-10-27T17:50:43.442Z,buy,2.62e-06,100.0,0.0002619999999999
DLT/BTC,1603821067697,2020-10-27T17:51:07.697Z,buy,2.63e-06,5761.0,0.0151514299999999
DLT/BTC,1603821068022,2020-10-27T17:51:08.022Z,sell,2.63e-06,79.0,0.00020777
DLT/BTC,1603821079233,2020-10-27T17:51:19.233Z,sell,2.63e-06,2419.0,0.00636197
DLT/BTC,1603821079249,2020-10-27T17:51:19.249Z,sell,2.63e-06,14127.0,0.0371540099999999
DLT/BTC,1603821082563,2020-10-27T17:51:22.563Z,sell,2.63e-06,6872.0,0.01807336
DLT/BTC,1603821085567,2020-10-27T17:51:25.567Z,sell,2.63e-06,3351.0,0.0088131299999999
DLT/BTC,1603821085820,2020-10-27T17:51:25.820Z,sell,2.63e-06,1673.0,0.0043999899999999
DLT/BTC,1603821085922,2020-10-27T17:51:25.922Z,sell,2.63e-06,835.0,0.0021960499999999
DLT/BTC,1603821087618,2020-10-27T17:51:27.618Z,sell,2.63e-06,412.0,0.00108356
DLT/BTC,1603821095446,2020-10-27T17:51:35.446Z,sell,2.63e-06,1550.0,0.0040764999999999
DLT/BTC,1603821095457,2020-10-27T17:51:35.457Z,sell,2.63e-06,968.0,0.0025458399999999
DLT/BTC,1603821104535,2020-10-27T17:51:44.535Z,sell,2.63e-06,449.0,0.0011808699999999
DLT/BTC,1603821128083,2020-10-27T17:52:08.083Z,sell,2.63e-06,78.0,0.0002051399999999
DLT/BTC,1603821136354,2020-10-27T17:52:16.354Z,sell,2.63e-06,35995.0,0.09466685
DLT/BTC,1603821136354,2020-10-27T17:52:16.354Z,sell,2.59e-06,12172.0,0.03152548
DLT/BTC,1603821136354,2020-10-27T17:52:16.354Z,sell,2.58e-06,7830.0,0.0202013999999999
DLT/BTC,1603821142471,2020-10-27T17:52:22.471Z,sell,2.59e-06,209.0,0.00054131
DLT/BTC,1603821220430,2020-10-27T17:53:40.430Z,buy,2.62e-06,209.0,0.00054758
DLT/BTC,1603821220430,2020-10-27T17:53:40.430Z,buy,2.63e-06,933.0,0.00245379
DLT/BTC,1603821236243,2020-10-27T17:53:56.243Z,sell,2.59e-06,17319.0,0.04485621
DLT/BTC,1603821246975,2020-10-27T17:54:06.975Z,buy,2.59e-06,473.0,0.00122507
DLT/BTC,1603821326386,2020-10-27T17:55:26.386Z,sell,2.58e-06,99.0,0.0002554199999999
DLT/BTC,1603821373684,2020-10-27T17:56:13.684Z,sell,2.59e-06,617.0,0.00159803
DLT/BTC,1603821375489,2020-10-27T17:56:15.489Z,sell,2.57e-06,4477.0,0.01150589
DLT/BTC,1603821395381,2020-10-27T17:56:35.381Z,buy,2.57e-06,2213.0,0.0056874099999999
DLT/BTC,1603821395381,2020-10-27T17:56:35.381Z,buy,2.59e-06,1624.0,0.00420616
DLT/BTC,1603821395494,2020-10-27T17:56:35.494Z,sell,2.59e-06,1163.0,0.00301217
DLT/BTC,1603821435797,2020-10-27T17:57:15.797Z,sell,2.57e-06,1887.0,0.00484959
DLT/BTC,1603821435797,2020-10-27T17:57:15.797Z,sell,2.56e-06,337.0,0.00086272
DLT/BTC,1603821435797,2020-10-27T17:57:15.797Z,sell,2.55e-06,776.0,0.0019788
DLT/BTC,1603821470365,2020-10-27T17:57:50.365Z,buy,2.55e-06,57.0,0.00014535
DLT/BTC,1603821494153,2020-10-27T17:58:14.153Z,sell,2.54e-06,1811.0,0.0045999399999999
DLT/BTC,1603821498885,2020-10-27T17:58:18.885Z,buy,2.55e-06,6108.0,0.0155754
DLT/BTC,1603821521648,2020-10-27T17:58:41.648Z,sell,2.55e-06,718.0,0.0018309
DLT/BTC,1603821523700,2020-10-27T17:58:43.700Z,sell,2.55e-06,133.0,0.00033915
DLT/BTC,1603821523700,2020-10-27T17:58:43.700Z,sell,2.54e-06,752.0,0.0019100799999999
DLT/BTC,1603821523700,2020-10-27T17:58:43.700Z,sell,2.53e-06,252.0,0.00063756
DLT/BTC,1603821644447,2020-10-27T18:00:44.447Z,sell,2.53e-06,872.0,0.00220616
DLT/BTC,1603821769992,2020-10-27T18:02:49.992Z,sell,2.53e-06,17028.0,0.0430808399999999
DLT/BTC,1603821784630,2020-10-27T18:03:04.630Z,sell,2.53e-06,48.0,0.00012144
DLT/BTC,1603821796741,2020-10-27T18:03:16.741Z,sell,2.53e-06,1168.0,0.00295504
DLT/BTC,1603821796741,2020-10-27T18:03:16.741Z,sell,2.52e-06,3747.0,0.00944244
DLT/BTC,1603821975925,2020-10-27T18:06:15.925Z,sell,2.52e-06,622.0,0.00156744
DLT/BTC,1603822356156,2020-10-27T18:12:36.156Z,sell,2.52e-06,4383.0,0.01104516
DLT/BTC,1603822356156,2020-10-27T18:12:36.156Z,sell,2.51e-06,9683.0,0.02430433
DLT/BTC,1603822356156,2020-10-27T18:12:36.156Z,sell,2.5e-06,31075.0,0.0776875
DLT/BTC,1603822356156,2020-10-27T18:12:36.156Z,sell,2.49e-06,53645.0,0.13357605
DLT/BTC,1603822356156,2020-10-27T18:12:36.156Z,sell,2.48e-06,101912.0,0.25274176
DLT/BTC,1603822357245,2020-10-27T18:12:37.245Z,sell,2.47e-06,57.0,0.00014079
DLT/BTC,1603822358339,2020-10-27T18:12:38.339Z,sell,2.47e-06,776.0,0.00191672
DLT/BTC,1603822379665,2020-10-27T18:12:59.665Z,sell,2.47e-06,26180.0,0.0646646
DLT/BTC,1603822379665,2020-10-27T18:12:59.665Z,sell,2.45e-06,26970.0,0.0660765
DLT/BTC,1603822379665,2020-10-27T18:12:59.665Z,sell,2.44e-06,183805.0,0.4484842
DLT/BTC,1603822380341,2020-10-27T18:13:00.341Z,sell,2.43e-06,16697.0,0.04057371
DLT/BTC,1603822380341,2020-10-27T18:13:00.341Z,sell,2.42e-06,72.0,0.00017424
DLT/BTC,1603822380344,2020-10-27T18:13:00.344Z,buy,2.43e-06,63.0,0.00015309
DLT/BTC,1603822380819,2020-10-27T18:13:00.819Z,buy,2.43e-06,3532.0,0.00858276
DLT/BTC,1603822382652,2020-10-27T18:13:02.652Z,sell,2.42e-06,198.0,0.00047916
DLT/BTC,1603822384423,2020-10-27T18:13:04.423Z,sell,2.42e-06,3762.0,0.00910404
DLT/BTC,1603822384468,2020-10-27T18:13:04.468Z,sell,2.42e-06,1735.0,0.0041987
DLT/BTC,1603822385480,2020-10-27T18:13:05.480Z,buy,2.42e-06,823.0,0.00199166
DLT/BTC,1603822385882,2020-10-27T18:13:05.882Z,buy,2.42e-06,3428.0,0.00829576
DLT/BTC,1603822385981,2020-10-27T18:13:05.981Z,buy,2.42e-06,4571.0,0.01106182
DLT/BTC,1603822386115,2020-10-27T18:13:06.115Z,buy,2.42e-06,5714.0,0.01382788
DLT/BTC,1603822386472,2020-10-27T18:13:06.472Z,buy,2.42e-06,2286.0,0.00553212
DLT/BTC,1603822387159,2020-10-27T18:13:07.159Z,sell,2.41e-06,1887.0,0.0045476699999999
DLT/BTC,1603822388537,2020-10-27T18:13:08.537Z,sell,2.41e-06,5497.0,0.0132477699999999
DLT/BTC,1603822403644,2020-10-27T18:13:23.644Z,buy,2.45e-06,1224.0,0.0029988
DLT/BTC,1603822414625,2020-10-27T18:13:34.625Z,sell,2.42e-06,111.0,0.00026862
DLT/BTC,1603822421905,2020-10-27T18:13:41.905Z,sell,2.41e-06,57440.0,0.1384303999999999
DLT/BTC,1603822421905,2020-10-27T18:13:41.905Z,sell,2.4e-06,1773.0,0.0042552
DLT/BTC,1603822421905,2020-10-27T18:13:41.905Z,sell,2.39e-06,1145.0,0.00273655
DLT/BTC,1603822421937,2020-10-27T18:13:41.937Z,buy,2.4e-06,207.0,0.0004967999999999
DLT/BTC,1603822421943,2020-10-27T18:13:41.943Z,buy,2.4e-06,3575.0,0.0085799999999999
DLT/BTC,1603822423000,2020-10-27T18:13:43.000Z,sell,2.39e-06,2004.0,0.00478956
DLT/BTC,1603822439035,2020-10-27T18:13:59.035Z,buy,2.4e-06,4590.0,0.011016
DLT/BTC,1603822444067,2020-10-27T18:14:04.067Z,sell,2.39e-06,576.0,0.00137664
DLT/BTC,1603822444342,2020-10-27T18:14:04.342Z,buy,2.4e-06,83.0,0.0001992
DLT/BTC,1603822456442,2020-10-27T18:14:16.442Z,sell,2.39e-06,21157.0,0.05056523
DLT/BTC,1603822460077,2020-10-27T18:14:20.077Z,sell,2.39e-06,180.0,0.0004302
DLT/BTC,1603822460659,2020-10-27T18:14:20.659Z,sell,2.39e-06,111.0,0.00026529
DLT/BTC,1603822510835,2020-10-27T18:15:10.835Z,sell,2.39e-06,446.0,0.00106594
DLT/BTC,1603822520239,2020-10-27T18:15:20.239Z,sell,2.39e-06,4103.0,0.00980617
DLT/BTC,1603822532898,2020-10-27T18:15:32.898Z,buy,2.4e-06,111520.0,0.267648
DLT/BTC,1603822532915,2020-10-27T18:15:32.915Z,buy,2.4e-06,111627.0,0.2679048
DLT/BTC,1603822546238,2020-10-27T18:15:46.238Z,buy,2.42e-06,4925.0,0.0119185
DLT/BTC,1603822550245,2020-10-27T18:15:50.245Z,buy,2.43e-06,27168.0,0.06601824
DLT/BTC,1603822559581,2020-10-27T18:15:59.581Z,buy,2.43e-06,760.0,0.0018468
DLT/BTC,1603822559581,2020-10-27T18:15:59.581Z,buy,2.44e-06,1260.0,0.0030743999999999
DLT/BTC,1603822559581,2020-10-27T18:15:59.581Z,buy,2.45e-06,1251.0,0.00306495
DLT/BTC,1603822569105,2020-10-27T18:16:09.105Z,buy,2.45e-06,16436.0,0.0402682
DLT/BTC,1603822607332,2020-10-27T18:16:47.332Z,buy,2.45e-06,731.0,0.00179095
DLT/BTC,1603822625123,2020-10-27T18:17:05.123Z,sell,2.42e-06,50.0,0.000121
DLT/BTC,1603822648875,2020-10-27T18:17:28.875Z,sell,2.44e-06,823.0,0.00200812
DLT/BTC,1603822649544,2020-10-27T18:17:29.544Z,sell,2.44e-06,5062.0,0.01235128
DLT/BTC,1603822823242,2020-10-27T18:20:23.242Z,sell,2.44e-06,4240.0,0.0103456
DLT/BTC,1603822823285,2020-10-27T18:20:23.285Z,buy,2.44e-06,3729.0,0.00909876
DLT/BTC,1603822835624,2020-10-27T18:20:35.624Z,sell,2.43e-06,11507.0,0.02796201
DLT/BTC,1603822899867,2020-10-27T18:21:39.867Z,buy,2.46e-06,236.0,0.00058056
DLT/BTC,1603822902589,2020-10-27T18:21:42.589Z,buy,2.46e-06,128.0,0.00031488
DLT/BTC,1603822920624,2020-10-27T18:22:00.624Z,buy,2.46e-06,210.0,0.0005166
DLT/BTC,1603822928717,2020-10-27T18:22:08.717Z,buy,2.46e-06,403.0,0.00099138
DLT/BTC,1603822936190,2020-10-27T18:22:16.190Z,buy,2.46e-06,417.0,0.00102582
DLT/BTC,1603822941771,2020-10-27T18:22:21.771Z,buy,2.46e-06,2108.0,0.00518568
DLT/BTC,1603822952374,2020-10-27T18:22:32.374Z,buy,2.46e-06,169.0,0.00041574
DLT/BTC,1603822962900,2020-10-27T18:22:42.900Z,sell,2.45e-06,236.0,0.0005782
DLT/BTC,1603822987598,2020-10-27T18:23:07.598Z,buy,2.46e-06,184.0,0.00045264
DLT/BTC,1603822987598,2020-10-27T18:23:07.598Z,buy,2.46e-06,184.0,0.00045264
DLT/BTC,1603823147687,2020-10-27T18:25:47.687Z,buy,2.46e-06,1587.0,0.00390402
DLT/BTC,1603823198506,2020-10-27T18:26:38.506Z,buy,2.46e-06,10155.0,0.0249813
DLT/BTC,1603823198524,2020-10-27T18:26:38.524Z,buy,2.46e-06,6472.0,0.01592112
DLT/BTC,1603823198773,2020-10-27T18:26:38.773Z,buy,2.46e-06,1881.0,0.00462726
DLT/BTC,1603823198869,2020-10-27T18:26:38.869Z,buy,2.46e-06,2287.0,0.00562602
DLT/BTC,1603823198975,2020-10-27T18:26:38.975Z,buy,2.46e-06,1143.0,0.00281178
DLT/BTC,1603823201938,2020-10-27T18:26:41.938Z,buy,2.46e-06,2234.0,0.00549564
DLT/BTC,1603823205299,2020-10-27T18:26:45.299Z,buy,2.46e-06,752.0,0.00184992
DLT/BTC,1603823209037,2020-10-27T18:26:49.037Z,buy,2.47e-06,570.0,0.0014079
DLT/BTC,1603823219943,2020-10-27T18:26:59.943Z,buy,2.47e-06,257.0,0.00063479
DLT/BTC,1603823254019,2020-10-27T18:27:34.019Z,sell,2.46e-06,1462.0,0.00359652
DLT/BTC,1603823344940,2020-10-27T18:29:04.940Z,sell,2.46e-06,541.0,0.00133086
DLT/BTC,1603823365973,2020-10-27T18:29:25.973Z,sell,2.45e-06,2086.0,0.0051106999999999
DLT/BTC,1603823379029,2020-10-27T18:29:39.029Z,buy,2.46e-06,2517.0,0.00619182
DLT/BTC,1603823380400,2020-10-27T18:29:40.400Z,sell,2.45e-06,1872.0,0.0045864
DLT/BTC,1603823392092,2020-10-27T18:29:52.092Z,buy,2.46e-06,1510.0,0.0037146
DLT/BTC,1603823454522,2020-10-27T18:30:54.522Z,sell,2.45e-06,4550.0,0.0111475
DLT/BTC,1603823454522,2020-10-27T18:30:54.522Z,sell,2.44e-06,22254.0,0.0542997599999999
DLT/BTC,1603823454522,2020-10-27T18:30:54.522Z,sell,2.43e-06,13303.0,0.03232629
DLT/BTC,1603823454522,2020-10-27T18:30:54.522Z,sell,2.42e-06,5263.0,0.01273646
DLT/BTC,1603823454522,2020-10-27T18:30:54.522Z,sell,2.41e-06,19662.0,0.04738542
DLT/BTC,1603823454522,2020-10-27T18:30:54.522Z,sell,2.4e-06,29705.0,0.071292
DLT/BTC,1603823454522,2020-10-27T18:30:54.522Z,sell,2.39e-06,8247.0,0.01971033
DLT/BTC,1603823454522,2020-10-27T18:30:54.522Z,sell,2.38e-06,8416.0,0.02003008
DLT/BTC,1603823454522,2020-10-27T18:30:54.522Z,sell,2.38e-06,100.0,0.000238
DLT/BTC,1603823454522,2020-10-27T18:30:54.522Z,sell,2.38e-06,59.0,0.00014042
DLT/BTC,1603823454522,2020-10-27T18:30:54.522Z,sell,2.38e-06,917.0,0.00218246
DLT/BTC,1603823455111,2020-10-27T18:30:55.111Z,buy,2.41e-06,7041.0,0.0169688099999999
DLT/BTC,1603823455314,2020-10-27T18:30:55.314Z,buy,2.41e-06,1206.0,0.0029064599999999
DLT/BTC,1603823495230,2020-10-27T18:31:35.230Z,buy,2.41e-06,1201.0,0.0028944099999999
DLT/BTC,1603823495529,2020-10-27T18:31:35.529Z,buy,2.41e-06,1201.0,0.0028944099999999
DLT/BTC,1603823496333,2020-10-27T18:31:36.333Z,buy,2.42e-06,2615.0,0.0063283
DLT/BTC,1603823505427,2020-10-27T18:31:45.427Z,buy,2.43e-06,1241.0,0.00301563
DLT/BTC,1603823533947,2020-10-27T18:32:13.947Z,buy,2.43e-06,621.0,0.00150903
DLT/BTC,1603823585817,2020-10-27T18:33:05.817Z,buy,2.43e-06,266.0,0.00064638
DLT/BTC,1603823670454,2020-10-27T18:34:30.454Z,sell,2.42e-06,2486.0,0.00601612
DLT/BTC,1603823670454,2020-10-27T18:34:30.454Z,sell,2.41e-06,14182.0,0.03417862
DLT/BTC,1603823825650,2020-10-27T18:37:05.650Z,buy,2.42e-06,2896.0,0.00700832
DLT/BTC,1603823859339,2020-10-27T18:37:39.339Z,buy,2.42e-06,1708.0,0.00413336
DLT/BTC,1603824005202,2020-10-27T18:40:05.202Z,sell,2.41e-06,51.0,0.00012291
DLT/BTC,1603824050885,2020-10-27T18:40:50.885Z,buy,2.43e-06,143.0,0.00034749
DLT/BTC,1603824057477,2020-10-27T18:40:57.477Z,buy,2.43e-06,113.0,0.00027459
DLT/BTC,1603824382949,2020-10-27T18:46:22.949Z,sell,2.4e-06,2286.0,0.0054864
DLT/BTC,1603824483759,2020-10-27T18:48:03.759Z,sell,2.41e-06,24085.0,0.0580448499999999
DLT/BTC,1603824483759,2020-10-27T18:48:03.759Z,sell,2.4e-06,2439.0,0.0058536
DLT/BTC,1603824483759,2020-10-27T18:48:03.759Z,sell,2.39e-06,3031.0,0.00724409
DLT/BTC,1603824483759,2020-10-27T18:48:03.759Z,sell,2.38e-06,4240.0,0.0100912
DLT/BTC,1603824542885,2020-10-27T18:49:02.885Z,sell,2.38e-06,861.0,0.00204918
DLT/BTC,1603824556393,2020-10-27T18:49:16.393Z,sell,2.38e-06,10247.0,0.02438786
DLT/BTC,1603824596548,2020-10-27T18:49:56.548Z,buy,2.39e-06,458.0,0.00109462
DLT/BTC,1603824596644,2020-10-27T18:49:56.644Z,buy,2.39e-06,458.0,0.00109462
DLT/BTC,1603824596750,2020-10-27T18:49:56.750Z,buy,2.39e-06,458.0,0.00109462
DLT/BTC,1603824596951,2020-10-27T18:49:56.951Z,buy,2.39e-06,458.0,0.00109462
DLT/BTC,1603824597250,2020-10-27T18:49:57.250Z,buy,2.39e-06,458.0,0.00109462
DLT/BTC,1603824597345,2020-10-27T18:49:57.345Z,buy,2.39e-06,458.0,0.00109462
DLT/BTC,1603824597746,2020-10-27T18:49:57.746Z,buy,2.39e-06,1258.0,0.0030066199999999
DLT/BTC,1603824597893,2020-10-27T18:49:57.893Z,buy,2.39e-06,458.0,0.00109462
DLT/BTC,1603824598047,2020-10-27T18:49:58.047Z,buy,2.39e-06,458.0,0.00109462
DLT/BTC,1603824598244,2020-10-27T18:49:58.244Z,buy,2.39e-06,449.0,0.00107311
DLT/BTC,1603824673433,2020-10-27T18:51:13.433Z,sell,2.39e-06,3173.0,0.00758347
DLT/BTC,1603824687620,2020-10-27T18:51:27.620Z,sell,2.39e-06,1054.0,0.00251906
DLT/BTC,1603824794560,2020-10-27T18:53:14.560Z,buy,2.4e-06,515.0,0.001236
DLT/BTC,1603824794755,2020-10-27T18:53:14.755Z,buy,2.4e-06,515.0,0.001236
DLT/BTC,1603824794860,2020-10-27T18:53:14.860Z,buy,2.4e-06,515.0,0.001236
DLT/BTC,1603824794957,2020-10-27T18:53:14.957Z,buy,2.4e-06,515.0,0.001236
DLT/BTC,1603824795161,2020-10-27T18:53:15.161Z,buy,2.4e-06,515.0,0.001236
DLT/BTC,1603824795258,2020-10-27T18:53:15.258Z,sell,2.39e-06,496.0,0.00118544
DLT/BTC,1603824795273,2020-10-27T18:53:15.273Z,buy,2.4e-06,515.0,0.001236
DLT/BTC,1603824798458,2020-10-27T18:53:18.458Z,buy,2.4e-06,515.0,0.001236
DLT/BTC,1603824800058,2020-10-27T18:53:20.058Z,buy,2.4e-06,515.0,0.001236
DLT/BTC,1603824800158,2020-10-27T18:53:20.158Z,buy,2.4e-06,479.0,0.0011496
DLT/BTC,1603824841457,2020-10-27T18:54:01.457Z,sell,2.39e-06,543.0,0.00129777
DLT/BTC,1603824901225,2020-10-27T18:55:01.225Z,sell,2.39e-06,4949.0,0.01182811
DLT/BTC,1603824905562,2020-10-27T18:55:05.562Z,buy,2.4e-06,654.0,0.0015696
DLT/BTC,1603824905562,2020-10-27T18:55:05.562Z,buy,2.41e-06,8371.0,0.02017411
DLT/BTC,1603824905562,2020-10-27T18:55:05.562Z,buy,2.42e-06,5676.0,0.01373592
DLT/BTC,1603825143983,2020-10-27T18:59:03.983Z,sell,2.4e-06,51.0,0.0001224
DLT/BTC,1603825169209,2020-10-27T18:59:29.209Z,sell,2.4e-06,3000.0,0.0072
DLT/BTC,1603825622609,2020-10-27T19:07:02.609Z,sell,2.4e-06,626.0,0.0015023999999999
DLT/BTC,1603825696762,2020-10-27T19:08:16.762Z,sell,2.4e-06,783.0,0.0018792
DLT/BTC,1603825908903,2020-10-27T19:11:48.903Z,sell,2.39e-06,2275.0,0.00543725
DLT/BTC,1603825984290,2020-10-27T19:13:04.290Z,sell,2.39e-06,51.0,0.00012189
DLT/BTC,1603826326950,2020-10-27T19:18:46.950Z,sell,2.39e-06,18001.0,0.04302239
DLT/BTC,1603826333013,2020-10-27T19:18:53.013Z,sell,2.38e-06,749.0,0.00178262
DLT/BTC,1603826338866,2020-10-27T19:18:58.866Z,sell,2.38e-06,6614.0,0.01574132
DLT/BTC,1603826425298,2020-10-27T19:20:25.298Z,buy,2.39e-06,879.0,0.00210081
DLT/BTC,1603826425313,2020-10-27T19:20:25.313Z,buy,2.39e-06,6205.0,0.01482995
DLT/BTC,1603826585142,2020-10-27T19:23:05.142Z,buy,2.41e-06,5364.0,0.01292724
DLT/BTC,1603826585168,2020-10-27T19:23:05.168Z,buy,2.41e-06,2517.0,0.0060659699999999
DLT/BTC,1603826585169,2020-10-27T19:23:05.169Z,buy,2.41e-06,3953.0,0.0095267299999999
DLT/BTC,1603826585169,2020-10-27T19:23:05.169Z,buy,2.42e-06,1411.0,0.00341462
DLT/BTC,1603826585169,2020-10-27T19:23:05.169Z,buy,2.41e-06,3953.0,0.0095267299999999
DLT/BTC,1603826585169,2020-10-27T19:23:05.169Z,buy,2.42e-06,1411.0,0.00341462
DLT/BTC,1603827390291,2020-10-27T19:36:30.291Z,sell,2.39e-06,1299.0,0.00310461
DLT/BTC,1603827442374,2020-10-27T19:37:22.374Z,sell,2.39e-06,459.0,0.00109701
DLT/BTC,1603827865941,2020-10-27T19:44:25.941Z,sell,2.39e-06,10740.0,0.0256686
DLT/BTC,1603827865941,2020-10-27T19:44:25.941Z,sell,2.38e-06,4079.0,0.00970802
DLT/BTC,1603828189805,2020-10-27T19:49:49.805Z,buy,2.4e-06,643.0,0.0015432
DLT/BTC,1603828189805,2020-10-27T19:49:49.805Z,buy,2.41e-06,46539.0,0.1121589899999999
DLT/BTC,1603828189805,2020-10-27T19:49:49.805Z,buy,2.42e-06,36550.0,0.088451
DLT/BTC,1603828190697,2020-10-27T19:49:50.697Z,buy,2.43e-06,6306.0,0.01532358
DLT/BTC,1603828237360,2020-10-27T19:50:37.360Z,buy,2.44e-06,42.0,0.00010248
DLT/BTC,1603828237723,2020-10-27T19:50:37.723Z,buy,2.44e-06,42.0,0.00010248
DLT/BTC,1603828238640,2020-10-27T19:50:38.640Z,buy,2.44e-06,42.0,0.00010248
DLT/BTC,1603828238710,2020-10-27T19:50:38.710Z,buy,2.44e-06,42.0,0.00010248
DLT/BTC,1603828239428,2020-10-27T19:50:39.428Z,buy,2.44e-06,42.0,0.00010248
DLT/BTC,1603828744861,2020-10-27T19:59:04.861Z,sell,2.43e-06,50.0,0.0001215
DLT/BTC,1603828758776,2020-10-27T19:59:18.776Z,sell,2.43e-06,2606.0,0.00633258
DLT/BTC,1603829751912,2020-10-27T20:15:51.912Z,sell,2.43e-06,121.0,0.00029403
DLT/BTC,1603829985246,2020-10-27T20:19:45.246Z,sell,2.43e-06,746.0,0.00181278
DLT/BTC,1603829985246,2020-10-27T20:19:45.246Z,sell,2.43e-06,746.0,0.00181278
DLT/BTC,1603830295843,2020-10-27T20:24:55.843Z,sell,2.43e-06,630.0,0.0015309
DLT/BTC,1603830296088,2020-10-27T20:24:56.088Z,sell,2.43e-06,7151.0,0.01737693
DLT/BTC,1603830319000,2020-10-27T20:25:19.000Z,buy,2.43e-06,42.0,0.00010206
DLT/BTC,1603830337332,2020-10-27T20:25:37.332Z,buy,2.43e-06,42.0,0.00010206
DLT/BTC,1603830337356,2020-10-27T20:25:37.356Z,buy,2.43e-06,42.0,0.00010206
DLT/BTC,1603830337358,2020-10-27T20:25:37.358Z,buy,2.43e-06,42.0,0.00010206
DLT/BTC,1603830337441,2020-10-27T20:25:37.441Z,buy,2.43e-06,42.0,0.00010206
DLT/BTC,1603830337525,2020-10-27T20:25:37.525Z,buy,2.43e-06,42.0,0.00010206
DLT/BTC,1603830337770,2020-10-27T20:25:37.770Z,buy,2.43e-06,42.0,0.00010206
DLT/BTC,1603830338105,2020-10-27T20:25:38.105Z,buy,2.43e-06,42.0,0.00010206
DLT/BTC,1603830338355,2020-10-27T20:25:38.355Z,buy,2.43e-06,42.0,0.00010206
DLT/BTC,1603830338418,2020-10-27T20:25:38.418Z,buy,2.43e-06,42.0,0.00010206
DLT/BTC,1603830338439,2020-10-27T20:25:38.439Z,buy,2.43e-06,42.0,0.00010206
DLT/BTC,1603830338439,2020-10-27T20:25:38.439Z,buy,2.43e-06,42.0,0.00010206
DLT/BTC,1603830338446,2020-10-27T20:25:38.446Z,buy,2.43e-06,42.0,0.00010206
DLT/BTC,1603830338607,2020-10-27T20:25:38.607Z,buy,2.43e-06,42.0,0.00010206
DLT/BTC,1603830339133,2020-10-27T20:25:39.133Z,buy,2.43e-06,42.0,0.00010206
DLT/BTC,1603830743114,2020-10-27T20:32:23.114Z,sell,2.42e-06,2756.0,0.00666952
DLT/BTC,1603831953556,2020-10-27T20:52:33.556Z,sell,2.42e-06,7345.0,0.0177749
DLT/BTC,1603832295139,2020-10-27T20:58:15.139Z,sell,2.42e-06,2929.0,0.00708818
DLT/BTC,1603832723355,2020-10-27T21:05:23.355Z,buy,2.44e-06,824.0,0.0020105599999999
DLT/BTC,1603832723355,2020-10-27T21:05:23.355Z,buy,2.45e-06,3258.0,0.0079820999999999
DLT/BTC,1603832737771,2020-10-27T21:05:37.771Z,buy,2.44e-06,42.0,0.00010248
DLT/BTC,1603832767729,2020-10-27T21:06:07.729Z,buy,2.44e-06,42.0,0.00010248
DLT/BTC,1603832799503,2020-10-27T21:06:39.503Z,buy,2.44e-06,42.0,0.00010248
DLT/BTC,1603832833075,2020-10-27T21:07:13.075Z,buy,2.44e-06,42.0,0.00010248
DLT/BTC,1603832855759,2020-10-27T21:07:35.759Z,buy,2.44e-06,42.0,0.00010248
DLT/BTC,1603832915610,2020-10-27T21:08:35.610Z,buy,2.44e-06,42.0,0.00010248
DLT/BTC,1603833025798,2020-10-27T21:10:25.798Z,buy,2.44e-06,84.0,0.00020496
DLT/BTC,1603833026440,2020-10-27T21:10:26.440Z,sell,2.44e-06,3619.0,0.0088303599999999
DLT/BTC,1603833222267,2020-10-27T21:13:42.267Z,buy,2.44e-06,42.0,0.00010248
DLT/BTC,1603833222267,2020-10-27T21:13:42.267Z,buy,2.44e-06,42.0,0.00010248
DLT/BTC,1603833645488,2020-10-27T21:20:45.488Z,buy,2.44e-06,20135.0,0.0491294
DLT/BTC,1603833805590,2020-10-27T21:23:25.590Z,sell,2.42e-06,1582.0,0.00382844
DLT/BTC,1603834196094,2020-10-27T21:29:56.094Z,sell,2.42e-06,6969.0,0.01686498
DLT/BTC,1603834547529,2020-10-27T21:35:47.529Z,sell,2.42e-06,84105.0,0.2035341
DLT/BTC,1603834576168,2020-10-27T21:36:16.168Z,buy,2.43e-06,549.0,0.00133407
DLT/BTC,1603834576249,2020-10-27T21:36:16.249Z,sell,2.43e-06,958.0,0.00232794
DLT/BTC,1603834675159,2020-10-27T21:37:55.159Z,sell,2.44e-06,1389.0,0.00338916
DLT/BTC,1603834675159,2020-10-27T21:37:55.159Z,sell,2.43e-06,20164.0,0.04899852
DLT/BTC,1603834675159,2020-10-27T21:37:55.159Z,sell,2.42e-06,29319.0,0.07095198
DLT/BTC,1603834889917,2020-10-27T21:41:29.917Z,sell,2.43e-06,1491.0,0.00362313
DLT/BTC,1603834955534,2020-10-27T21:42:35.534Z,buy,2.45e-06,449.0,0.00110005
DLT/BTC,1603835272274,2020-10-27T21:47:52.274Z,sell,2.43e-06,255.0,0.00061965
DLT/BTC,1603835443936,2020-10-27T21:50:43.936Z,sell,2.43e-06,177.0,0.00043011
DLT/BTC,1603835443936,2020-10-27T21:50:43.936Z,sell,2.42e-06,272.0,0.00065824
DLT/BTC,1603835537911,2020-10-27T21:52:17.911Z,buy,2.45e-06,320.0,0.000784
DLT/BTC,1603835574540,2020-10-27T21:52:54.540Z,sell,2.42e-06,7769.0,0.01880098
DLT/BTC,1603835652907,2020-10-27T21:54:12.907Z,buy,2.45e-06,2826.0,0.0069237
DLT/BTC,1603836214369,2020-10-27T22:03:34.369Z,buy,2.45e-06,130.0,0.0003185
DLT/BTC,1603836214369,2020-10-27T22:03:34.369Z,buy,2.46e-06,2840.0,0.0069864
DLT/BTC,1603836373131,2020-10-27T22:06:13.131Z,sell,2.44e-06,1557.0,0.00379908
DLT/BTC,1603836428127,2020-10-27T22:07:08.127Z,buy,2.44e-06,82.0,0.00020008
DLT/BTC,1603836512150,2020-10-27T22:08:32.150Z,sell,2.42e-06,9000.0,0.02178
DLT/BTC,1603836756472,2020-10-27T22:12:36.472Z,sell,2.42e-06,7009.0,0.01696178
DLT/BTC,1603836812247,2020-10-27T22:13:32.247Z,sell,2.42e-06,53700.0,0.129954
DLT/BTC,1603836812247,2020-10-27T22:13:32.247Z,sell,2.42e-06,53700.0,0.129954
DLT/BTC,1603836890857,2020-10-27T22:14:50.857Z,sell,2.43e-06,665.0,0.00161595
DLT/BTC,1603836890857,2020-10-27T22:14:50.857Z,sell,2.42e-06,9897.0,0.02395074
DLT/BTC,1603837472293,2020-10-27T22:24:32.293Z,sell,2.42e-06,7045.0,0.0170489
DLT/BTC,1603838177636,2020-10-27T22:36:17.636Z,sell,2.42e-06,2357.0,0.00570394
DLT/BTC,1603839642594,2020-10-27T23:00:42.594Z,sell,2.42e-06,20046.0,0.04851132
DLT/BTC,1603839767908,2020-10-27T23:02:47.908Z,sell,2.42e-06,2122.0,0.00513524
DLT/BTC,1603839930961,2020-10-27T23:05:30.961Z,sell,2.42e-06,75854.0,0.18356668
DLT/BTC,1603839931072,2020-10-27T23:05:31.072Z,sell,2.41e-06,1122.0,0.0027040199999999
DLT/BTC,1603839982230,2020-10-27T23:06:22.230Z,sell,2.4e-06,1088.0,0.0026111999999999
DLT/BTC,1603839995674,2020-10-27T23:06:35.674Z,buy,2.42e-06,48.0,0.00011616
DLT/BTC,1603840002656,2020-10-27T23:06:42.656Z,sell,2.39e-06,461.0,0.00110179
DLT/BTC,1603840024264,2020-10-27T23:07:04.264Z,sell,2.37e-06,51.0,0.00012087
DLT/BTC,1603840028528,2020-10-27T23:07:08.528Z,sell,2.37e-06,23831.0,0.05647947
DLT/BTC,1603840029998,2020-10-27T23:07:09.998Z,sell,2.36e-06,1320.0,0.0031152
DLT/BTC,1603840029998,2020-10-27T23:07:09.998Z,sell,2.35e-06,3373.0,0.00792655
DLT/BTC,1603840029998,2020-10-27T23:07:09.998Z,sell,2.35e-06,300.0,0.000705
DLT/BTC,1603840029998,2020-10-27T23:07:09.998Z,sell,2.35e-06,45.0,0.00010575
DLT/BTC,1603840029998,2020-10-27T23:07:09.998Z,sell,2.35e-06,45.0,0.00010575
DLT/BTC,1603840029998,2020-10-27T23:07:09.998Z,sell,2.35e-06,712.0,0.0016732
DLT/BTC,1603840029998,2020-10-27T23:07:09.998Z,sell,2.35e-06,711.0,0.00167085
DLT/BTC,1603840029998,2020-10-27T23:07:09.998Z,sell,2.35e-06,699.0,0.00164265
DLT/BTC,1603840029998,2020-10-27T23:07:09.998Z,sell,2.35e-06,2747.0,0.00645545
DLT/BTC,1603840030017,2020-10-27T23:07:10.017Z,buy,2.36e-06,155.0,0.0003658
DLT/BTC,1603840032543,2020-10-27T23:07:12.543Z,sell,2.36e-06,182.0,0.0004295199999999
DLT/BTC,1603840032635,2020-10-27T23:07:12.635Z,buy,2.36e-06,737.0,0.00173932
DLT/BTC,1603840112576,2020-10-27T23:08:32.576Z,sell,2.36e-06,136.0,0.0003209599999999
DLT/BTC,1603840112576,2020-10-27T23:08:32.576Z,sell,2.35e-06,32831.0,0.07715285
DLT/BTC,1603840116620,2020-10-27T23:08:36.620Z,sell,2.34e-06,1114.0,0.00260676
DLT/BTC,1603840123460,2020-10-27T23:08:43.460Z,sell,2.34e-06,222.0,0.00051948
DLT/BTC,1603840126770,2020-10-27T23:08:46.770Z,sell,2.34e-06,570.0,0.0013338
DLT/BTC,1603840128504,2020-10-27T23:08:48.504Z,sell,2.34e-06,49073.0,0.11483082
DLT/BTC,1603840129283,2020-10-27T23:08:49.283Z,buy,2.34e-06,9564.0,0.02237976
DLT/BTC,1603840129379,2020-10-27T23:08:49.379Z,buy,2.34e-06,1991.0,0.00465894
DLT/BTC,1603840143710,2020-10-27T23:09:03.710Z,sell,2.33e-06,6711.0,0.01563663
DLT/BTC,1603840163968,2020-10-27T23:09:23.968Z,sell,2.35e-06,180.0,0.000423
DLT/BTC,1603840324702,2020-10-27T23:12:04.702Z,sell,2.35e-06,52.0,0.0001222
DLT/BTC,1603840365160,2020-10-27T23:12:45.160Z,buy,2.36e-06,85.0,0.0002006
DLT/BTC,1603840365160,2020-10-27T23:12:45.160Z,buy,2.36e-06,85.0,0.0002006
DLT/BTC,1603840593698,2020-10-27T23:16:33.698Z,sell,2.35e-06,4975.0,0.01169125
DLT/BTC,1603840600545,2020-10-27T23:16:40.545Z,sell,2.35e-06,245.0,0.00057575
DLT/BTC,1603840755362,2020-10-27T23:19:15.362Z,buy,2.36e-06,9454.0,0.02231144
DLT/BTC,1603840755380,2020-10-27T23:19:15.380Z,buy,2.36e-06,2491.0,0.0058787599999999
DLT/BTC,1603840755531,2020-10-27T23:19:15.531Z,buy,2.36e-06,4443.0,0.01048548
DLT/BTC,1603840755933,2020-10-27T23:19:15.933Z,buy,2.36e-06,2215.0,0.0052274
DLT/BTC,1603840756038,2020-10-27T23:19:16.038Z,buy,2.36e-06,1106.0,0.00261016
DLT/BTC,1603840756232,2020-10-27T23:19:16.232Z,buy,2.36e-06,552.0,0.0013027199999999
DLT/BTC,1603840861459,2020-10-27T23:21:01.459Z,buy,2.36e-06,1958.0,0.00462088
DLT/BTC,1603840880932,2020-10-27T23:21:20.932Z,sell,2.36e-06,349.0,0.0008236399999999
DLT/BTC,1603840895715,2020-10-27T23:21:35.715Z,buy,2.37e-06,102.0,0.00024174
DLT/BTC,1603840921216,2020-10-27T23:22:01.216Z,buy,2.37e-06,324.0,0.00076788
DLT/BTC,1603841140385,2020-10-27T23:25:40.385Z,buy,2.38e-06,381.0,0.00090678
DLT/BTC,1603841159501,2020-10-27T23:25:59.501Z,buy,2.38e-06,100.0,0.000238
DLT/BTC,1603841161974,2020-10-27T23:26:01.974Z,buy,2.38e-06,367.0,0.00087346
DLT/BTC,1603841162252,2020-10-27T23:26:02.252Z,sell,2.38e-06,85.0,0.0002023
DLT/BTC,1603841168454,2020-10-27T23:26:08.454Z,buy,2.39e-06,558.0,0.00133362
DLT/BTC,1603841224891,2020-10-27T23:27:04.891Z,sell,2.38e-06,2363.0,0.00562394
DLT/BTC,1603841227396,2020-10-27T23:27:07.396Z,sell,2.38e-06,5908.0,0.01406104
DLT/BTC,1603841229836,2020-10-27T23:27:09.836Z,sell,2.38e-06,4726.0,0.01124788
DLT/BTC,1603841232758,2020-10-27T23:27:12.758Z,sell,2.38e-06,3545.0,0.0084371
DLT/BTC,1603841452350,2020-10-27T23:30:52.350Z,sell,2.38e-06,746.0,0.00177548
DLT/BTC,1603842019385,2020-10-27T23:40:19.385Z,sell,2.38e-06,1888.0,0.00449344
DLT/BTC,1603842436902,2020-10-27T23:47:16.902Z,buy,2.39e-06,93.0,0.00022227
DLT/BTC,1603842437017,2020-10-27T23:47:17.017Z,buy,2.39e-06,93.0,0.00022227
DLT/BTC,1603842437219,2020-10-27T23:47:17.219Z,buy,2.39e-06,93.0,0.00022227
DLT/BTC,1603842437266,2020-10-27T23:47:17.266Z,buy,2.39e-06,93.0,0.00022227
DLT/BTC,1603842437366,2020-10-27T23:47:17.366Z,buy,2.39e-06,93.0,0.00022227
DLT/BTC,1603842437369,2020-10-27T23:47:17.369Z,buy,2.39e-06,93.0,0.00022227
DLT/BTC,1603842437392,2020-10-27T23:47:17.392Z,buy,2.39e-06,93.0,0.00022227
DLT/BTC,1603842437432,2020-10-27T23:47:17.432Z,buy,2.39e-06,93.0,0.00022227
DLT/BTC,1603842437484,2020-10-27T23:47:17.484Z,buy,2.39e-06,93.0,0.00022227
DLT/BTC,1603842437495,2020-10-27T23:47:17.495Z,buy,2.39e-06,447.0,0.00106833
DLT/BTC,1603842437962,2020-10-27T23:47:17.962Z,buy,2.39e-06,93.0,0.00022227
DLT/BTC,1603842437998,2020-10-27T23:47:17.998Z,buy,2.39e-06,93.0,0.00022227
DLT/BTC,1603842463003,2020-10-27T23:47:43.003Z,buy,2.39e-06,3921.0,0.00937119
DLT/BTC,1603842529609,2020-10-27T23:48:49.609Z,sell,2.39e-06,1000.0,0.00239
DLT/BTC,1603842555510,2020-10-27T23:49:15.510Z,buy,2.4e-06,995.0,0.002388
DLT/BTC,1603842695245,2020-10-27T23:51:35.245Z,sell,2.39e-06,42.0,0.00010038
DLT/BTC,1603843410409,2020-10-28T00:03:30.409Z,sell,2.39e-06,2717.0,0.00649363
DLT/BTC,1603843583906,2020-10-28T00:06:23.906Z,buy,2.4e-06,1250.0,0.003
DLT/BTC,1603843589191,2020-10-28T00:06:29.191Z,buy,2.4e-06,166.0,0.0003984
DLT/BTC,1603843592297,2020-10-28T00:06:32.297Z,buy,2.4e-06,416.0,0.0009984
DLT/BTC,1603843809374,2020-10-28T00:10:09.374Z,buy,2.4e-06,43.0,0.0001032
DLT/BTC,1603843809374,2020-10-28T00:10:09.374Z,buy,2.4e-06,43.0,0.0001032
DLT/BTC,1603844286499,2020-10-28T00:18:06.499Z,sell,2.38e-06,116.0,0.00027608
DLT/BTC,1603844340708,2020-10-28T00:19:00.708Z,sell,2.38e-06,2581.0,0.00614278
DLT/BTC,1603844941600,2020-10-28T00:29:01.600Z,buy,2.4e-06,11941.0,0.0286583999999999
DLT/BTC,1603845774698,2020-10-28T00:42:54.698Z,sell,2.38e-06,1974.0,0.00469812
DLT/BTC,1603845780953,2020-10-28T00:43:00.953Z,sell,2.38e-06,7291.0,0.01735258
DLT/BTC,1603846081136,2020-10-28T00:48:01.136Z,sell,2.38e-06,9753.0,0.02321214
DLT/BTC,1603846164434,2020-10-28T00:49:24.434Z,buy,2.39e-06,3923.0,0.0093759699999999
DLT/BTC,1603846164434,2020-10-28T00:49:24.434Z,buy,2.4e-06,25573.0,0.0613752
DLT/BTC,1603846208208,2020-10-28T00:50:08.208Z,sell,2.4e-06,84.0,0.0002016
DLT/BTC,1603846244919,2020-10-28T00:50:44.919Z,sell,2.4e-06,479.0,0.0011496
DLT/BTC,1603846629707,2020-10-28T00:57:09.707Z,sell,2.4e-06,2286.0,0.0054864
DLT/BTC,1603846814412,2020-10-28T01:00:14.412Z,sell,2.4e-06,19386.0,0.0465263999999999
DLT/BTC,1603846814412,2020-10-28T01:00:14.412Z,sell,2.4e-06,19386.0,0.0465263999999999
DLT/BTC,1603848607018,2020-10-28T01:30:07.018Z,buy,2.41e-06,1168.0,0.0028148799999999
DLT/BTC,1603848692906,2020-10-28T01:31:32.906Z,buy,2.42e-06,1075.0,0.0026015
DLT/BTC,1603848727291,2020-10-28T01:32:07.291Z,sell,2.42e-06,1631.0,0.00394702
DLT/BTC,1603848727291,2020-10-28T01:32:07.291Z,sell,2.41e-06,7823.0,0.0188534299999999
DLT/BTC,1603848747726,2020-10-28T01:32:27.726Z,sell,2.41e-06,944.0,0.00227504
DLT/BTC,1603848747726,2020-10-28T01:32:27.726Z,sell,2.4e-06,4028.0,0.0096671999999999
DLT/BTC,1603850052220,2020-10-28T01:54:12.220Z,sell,2.41e-06,2733.0,0.0065865299999999
DLT/BTC,1603850052220,2020-10-28T01:54:12.220Z,sell,2.4e-06,35921.0,0.0862103999999999
DLT/BTC,1603850227369,2020-10-28T01:57:07.369Z,sell,2.4e-06,628.0,0.0015072
DLT/BTC,1603850227369,2020-10-28T01:57:07.369Z,sell,2.4e-06,628.0,0.0015072
DLT/BTC,1603851968862,2020-10-28T02:26:08.862Z,sell,2.4e-06,13807.0,0.0331368
DLT/BTC,1603852502101,2020-10-28T02:35:02.101Z,sell,2.4e-06,1817.0,0.0043608
DLT/BTC,1603852504312,2020-10-28T02:35:04.312Z,sell,2.4e-06,841.0,0.0020184
DLT/BTC,1603852504414,2020-10-28T02:35:04.414Z,sell,2.4e-06,1729.0,0.0041496
DLT/BTC,1603852711165,2020-10-28T02:38:31.165Z,sell,2.4e-06,8267.0,0.0198408
DLT/BTC,1603852937034,2020-10-28T02:42:17.034Z,sell,2.4e-06,632.0,0.0015168
DLT/BTC,1603852952344,2020-10-28T02:42:32.344Z,sell,2.4e-06,1230.0,0.0029519999999999
DLT/BTC,1603852974659,2020-10-28T02:42:54.659Z,sell,2.4e-06,646.0,0.0015504
DLT/BTC,1603853114035,2020-10-28T02:45:14.035Z,sell,2.4e-06,4571.0,0.0109704
DLT/BTC,1603853494615,2020-10-28T02:51:34.615Z,sell,2.4e-06,62.0,0.0001487999999999
DLT/BTC,1603853550791,2020-10-28T02:52:30.791Z,sell,2.4e-06,252.0,0.0006048
DLT/BTC,1603853550791,2020-10-28T02:52:30.791Z,sell,2.4e-06,252.0,0.0006048
DLT/BTC,1603854588927,2020-10-28T03:09:48.927Z,sell,2.4e-06,895.0,0.0021479999999999
DLT/BTC,1603855480981,2020-10-28T03:24:40.981Z,sell,2.4e-06,427.0,0.0010248
DLT/BTC,1603855480981,2020-10-28T03:24:40.981Z,sell,2.4e-06,427.0,0.0010248
DLT/BTC,1603857324569,2020-10-28T03:55:24.569Z,sell,2.4e-06,707.0,0.0016967999999999
DLT/BTC,1603857953887,2020-10-28T04:05:53.887Z,buy,2.42e-06,20053.0,0.04852826
DLT/BTC,1603857953887,2020-10-28T04:05:53.887Z,buy,2.43e-06,20060.0,0.0487458
DLT/BTC,1603857953887,2020-10-28T04:05:53.887Z,buy,2.44e-06,1642.0,0.00400648
DLT/BTC,1603857953887,2020-10-28T04:05:53.887Z,buy,2.45e-06,1472.0,0.0036063999999999
DLT/BTC,1603857953887,2020-10-28T04:05:53.887Z,buy,2.46e-06,218.0,0.00053628
DLT/BTC,1603857953887,2020-10-28T04:05:53.887Z,buy,2.47e-06,664.0,0.00164008
DLT/BTC,1603857984112,2020-10-28T04:06:24.112Z,sell,2.42e-06,166.0,0.00040172
DLT/BTC,1603857994262,2020-10-28T04:06:34.262Z,sell,2.42e-06,84.0,0.00020328
DLT/BTC,1603858159061,2020-10-28T04:09:19.061Z,buy,2.45e-06,83.0,0.0002033499999999
DLT/BTC,1603858491009,2020-10-28T04:14:51.009Z,sell,2.43e-06,1261.0,0.00306423
DLT/BTC,1603858496627,2020-10-28T04:14:56.627Z,sell,2.42e-06,83.0,0.00020086
DLT/BTC,1603858508503,2020-10-28T04:15:08.503Z,sell,2.42e-06,386.0,0.00093412
DLT/BTC,1603858508503,2020-10-28T04:15:08.503Z,sell,2.42e-06,386.0,0.00093412
DLT/BTC,1603859848339,2020-10-28T04:37:28.339Z,sell,2.42e-06,428.0,0.00103576
DLT/BTC,1603860126957,2020-10-28T04:42:06.957Z,sell,2.42e-06,501.0,0.00121242
DLT/BTC,1603860491550,2020-10-28T04:48:11.550Z,buy,2.43e-06,42.0,0.00010206
DLT/BTC,1603861412921,2020-10-28T05:03:32.921Z,buy,2.44e-06,3338.0,0.00814472
DLT/BTC,1603861412921,2020-10-28T05:03:32.921Z,buy,2.44e-06,3338.0,0.00814472
DLT/BTC,1603863508264,2020-10-28T05:38:28.264Z,buy,2.44e-06,737.0,0.00179828
DLT/BTC,1603863832807,2020-10-28T05:43:52.807Z,sell,2.42e-06,1415.0,0.0034243
DLT/BTC,1603864295254,2020-10-28T05:51:35.254Z,buy,2.42e-06,46.0,0.00011132
DLT/BTC,1603864295254,2020-10-28T05:51:35.254Z,buy,2.42e-06,46.0,0.00011132
DLT/BTC,1603866424371,2020-10-28T06:27:04.371Z,buy,2.42e-06,1951.0,0.00472142
DLT/BTC,1603867735417,2020-10-28T06:48:55.417Z,sell,2.41e-06,785.0,0.0018918499999999
DLT/BTC,1603867735417,2020-10-28T06:48:55.417Z,sell,2.4e-06,2515.0,0.006036
DLT/BTC,1603867735417,2020-10-28T06:48:55.417Z,sell,2.41e-06,785.0,0.0018918499999999
DLT/BTC,1603867735417,2020-10-28T06:48:55.417Z,sell,2.4e-06,2515.0,0.006036
DLT/BTC,1603868597256,2020-10-28T07:03:17.256Z,sell,2.4e-06,4135.0,0.0099239999999999
DLT/BTC,1603869010564,2020-10-28T07:10:10.564Z,buy,2.42e-06,495.0,0.0011979
DLT/BTC,1603869388797,2020-10-28T07:16:28.797Z,buy,2.42e-06,8539.0,0.02066438
DLT/BTC,1603869552660,2020-10-28T07:19:12.660Z,sell,2.41e-06,1093.0,0.0026341299999999
DLT/BTC,1603869552767,2020-10-28T07:19:12.767Z,sell,2.41e-06,546.0,0.0013158599999999
DLT/BTC,1603870141808,2020-10-28T07:29:01.808Z,sell,2.41e-06,218.0,0.00052538
DLT/BTC,1603870160675,2020-10-28T07:29:20.675Z,sell,2.41e-06,218.0,0.00052538
DLT/BTC,1603870594220,2020-10-28T07:36:34.220Z,sell,2.41e-06,46.0,0.0001108599999999
DLT/BTC,1603870930982,2020-10-28T07:42:10.982Z,sell,2.41e-06,143.0,0.0003446299999999
DLT/BTC,1603870930982,2020-10-28T07:42:10.982Z,sell,2.41e-06,143.0,0.0003446299999999
DLT/BTC,1603872403260,2020-10-28T08:06:43.260Z,sell,2.41e-06,903.0,0.00217623
DLT/BTC,1603872673467,2020-10-28T08:11:13.467Z,sell,2.41e-06,739.0,0.0017809899999999
DLT/BTC,1603872673467,2020-10-28T08:11:13.467Z,sell,2.41e-06,739.0,0.0017809899999999
DLT/BTC,1603875081237,2020-10-28T08:51:21.237Z,sell,2.41e-06,1070.0,0.0025786999999999
DLT/BTC,1603875081237,2020-10-28T08:51:21.237Z,sell,2.4e-06,12921.0,0.0310103999999999
DLT/BTC,1603875420356,2020-10-28T08:57:00.356Z,sell,2.4e-06,4098.0,0.0098351999999999
DLT/BTC,1603875420515,2020-10-28T08:57:00.515Z,sell,2.39e-06,419.0,0.0010014099999999
DLT/BTC,1603875425812,2020-10-28T08:57:05.812Z,sell,2.38e-06,244.0,0.00058072
DLT/BTC,1603875432784,2020-10-28T08:57:12.784Z,sell,2.37e-06,1192.0,0.00282504
DLT/BTC,1603875441282,2020-10-28T08:57:21.282Z,sell,2.37e-06,65.0,0.00015405
DLT/BTC,1603875579775,2020-10-28T08:59:39.775Z,sell,2.37e-06,20006.0,0.04741422
DLT/BTC,1603875580797,2020-10-28T08:59:40.797Z,sell,2.36e-06,753.0,0.00177708
DLT/BTC,1603875664387,2020-10-28T09:01:04.387Z,sell,2.36e-06,52.0,0.00012272
DLT/BTC,1603875861472,2020-10-28T09:04:21.472Z,sell,2.36e-06,1518.0,0.00358248
DLT/BTC,1603875957720,2020-10-28T09:05:57.720Z,buy,2.37e-06,791.0,0.00187467
DLT/BTC,1603875999024,2020-10-28T09:06:39.024Z,buy,2.37e-06,64.0,0.00015168
DLT/BTC,1603876000858,2020-10-28T09:06:40.858Z,buy,2.37e-06,63.0,0.00014931
DLT/BTC,1603876061678,2020-10-28T09:07:41.678Z,sell,2.36e-06,8286.0,0.01955496
DLT/BTC,1603876084226,2020-10-28T09:08:04.226Z,buy,2.37e-06,623.0,0.00147651
DLT/BTC,1603876216392,2020-10-28T09:10:16.392Z,buy,2.37e-06,3835.0,0.00908895
DLT/BTC,1603876259293,2020-10-28T09:10:59.293Z,buy,2.37e-06,1842.0,0.00436554
DLT/BTC,1603876259293,2020-10-28T09:10:59.293Z,buy,2.37e-06,1842.0,0.00436554
DLT/BTC,1603876557161,2020-10-28T09:15:57.161Z,buy,2.37e-06,524.0,0.00124188
DLT/BTC,1603877455283,2020-10-28T09:30:55.283Z,buy,2.37e-06,13127.0,0.03111099
DLT/BTC,1603877455283,2020-10-28T09:30:55.283Z,buy,2.38e-06,25087.0,0.05970706
DLT/BTC,1603877455283,2020-10-28T09:30:55.283Z,buy,2.39e-06,20453.0,0.04888267
DLT/BTC,1603877455735,2020-10-28T09:30:55.735Z,buy,2.4e-06,210.0,0.000504
DLT/BTC,1603877528300,2020-10-28T09:32:08.300Z,sell,2.4e-06,84.0,0.0002016
DLT/BTC,1603878146571,2020-10-28T09:42:26.571Z,sell,2.4e-06,515.0,0.001236
DLT/BTC,1603878767905,2020-10-28T09:52:47.905Z,buy,2.4e-06,310.0,0.000744
DLT/BTC,1603878873830,2020-10-28T09:54:33.830Z,sell,2.39e-06,210.0,0.0005019
DLT/BTC,1603879594968,2020-10-28T10:06:34.968Z,sell,2.39e-06,91.0,0.00021749
DLT/BTC,1603879799624,2020-10-28T10:09:59.624Z,sell,2.39e-06,1842.0,0.00440238
DLT/BTC,1603879811837,2020-10-28T10:10:11.837Z,sell,2.39e-06,1013.0,0.00242107
DLT/BTC,1603879811837,2020-10-28T10:10:11.837Z,sell,2.39e-06,1013.0,0.00242107
DLT/BTC,1603879874328,2020-10-28T10:11:14.328Z,buy,2.4e-06,500.0,0.0012
DLT/BTC,1603879899947,2020-10-28T10:11:39.947Z,sell,2.39e-06,499.0,0.00119261
DLT/BTC,1603879923577,2020-10-28T10:12:03.577Z,buy,2.4e-06,4059.0,0.0097416
DLT/BTC,1603879974153,2020-10-28T10:12:54.153Z,buy,2.41e-06,42.0,0.00010122
DLT/BTC,1603880148285,2020-10-28T10:15:48.285Z,buy,2.41e-06,103.0,0.00024823
DLT/BTC,1603882811526,2020-10-28T11:00:11.526Z,sell,2.4e-06,650.0,0.00156
DLT/BTC,1603882811526,2020-10-28T11:00:11.526Z,sell,2.4e-06,650.0,0.00156
DLT/BTC,1603883783971,2020-10-28T11:16:23.971Z,buy,2.41e-06,456.0,0.00109896
DLT/BTC,1603883783971,2020-10-28T11:16:23.971Z,buy,2.42e-06,19731.0,0.04774902
DLT/BTC,1603884068383,2020-10-28T11:21:08.383Z,sell,2.42e-06,83.0,0.00020086
DLT/BTC,1603884094401,2020-10-28T11:21:34.401Z,sell,2.42e-06,48.0,0.00011616
DLT/BTC,1603884095418,2020-10-28T11:21:35.418Z,sell,2.42e-06,103.0,0.00024926
DLT/BTC,1603885944140,2020-10-28T11:52:24.140Z,buy,2.43e-06,2880.0,0.0069984
DLT/BTC,1603885944140,2020-10-28T11:52:24.140Z,buy,2.43e-06,2880.0,0.0069984
DLT/BTC,1603886787158,2020-10-28T12:06:27.158Z,buy,2.43e-06,83.0,0.00020169
DLT/BTC,1603886789450,2020-10-28T12:06:29.450Z,sell,2.43e-06,495.0,0.00120285
DLT/BTC,1603886793264,2020-10-28T12:06:33.264Z,buy,2.44e-06,411.0,0.00100284
DLT/BTC,1603886865659,2020-10-28T12:07:45.659Z,buy,2.44e-06,245.0,0.0005978
DLT/BTC,1603887656053,2020-10-28T12:20:56.053Z,sell,2.43e-06,578.0,0.00140454
DLT/BTC,1603887830303,2020-10-28T12:23:50.303Z,buy,2.44e-06,256.0,0.00062464
DLT/BTC,1603887933203,2020-10-28T12:25:33.203Z,buy,2.44e-06,1162.0,0.00283528
DLT/BTC,1603887945275,2020-10-28T12:25:45.275Z,buy,2.44e-06,41.0,0.00010004
DLT/BTC,1603888170160,2020-10-28T12:29:30.160Z,buy,2.45e-06,250.0,0.0006125
DLT/BTC,1603888207074,2020-10-28T12:30:07.074Z,buy,2.45e-06,815.0,0.00199675
DLT/BTC,1603888207256,2020-10-28T12:30:07.256Z,buy,2.45e-06,1674.0,0.0041012999999999
DLT/BTC,1603888224236,2020-10-28T12:30:24.236Z,buy,2.45e-06,1604.0,0.0039298
DLT/BTC,1603888259296,2020-10-28T12:30:59.296Z,buy,2.46e-06,448.0,0.00110208
DLT/BTC,1603888382123,2020-10-28T12:33:02.123Z,buy,2.46e-06,66.0,0.00016236
DLT/BTC,1603888393838,2020-10-28T12:33:13.838Z,sell,2.45e-06,239.0,0.00058555
DLT/BTC,1603888408993,2020-10-28T12:33:28.993Z,sell,2.45e-06,896.0,0.0021952
DLT/BTC,1603888578910,2020-10-28T12:36:18.910Z,buy,2.46e-06,57.0,0.00014022
DLT/BTC,1603888663382,2020-10-28T12:37:43.382Z,buy,2.46e-06,2391.0,0.00588186
DLT/BTC,1603889094124,2020-10-28T12:44:54.124Z,buy,2.48e-06,4999.0,0.01239752
DLT/BTC,1603889289179,2020-10-28T12:48:09.179Z,buy,2.49e-06,248.0,0.00061752
DLT/BTC,1603889306836,2020-10-28T12:48:26.836Z,buy,2.49e-06,1358.0,0.00338142
DLT/BTC,1603889306849,2020-10-28T12:48:26.849Z,sell,2.49e-06,732.0,0.00182268
DLT/BTC,1603889306849,2020-10-28T12:48:26.849Z,sell,2.49e-06,732.0,0.00182268
DLT/BTC,1603889555003,2020-10-28T12:52:35.003Z,sell,2.48e-06,1250.0,0.0031
DLT/BTC,1603889558288,2020-10-28T12:52:38.288Z,sell,2.48e-06,906.0,0.00224688
DLT/BTC,1603889558288,2020-10-28T12:52:38.288Z,sell,2.47e-06,3.0,7.41e-06
DLT/BTC,1603889598075,2020-10-28T12:53:18.075Z,sell,2.48e-06,248.0,0.00061504
DLT/BTC,1603889868657,2020-10-28T12:57:48.657Z,buy,2.49e-06,45.0,0.00011205
DLT/BTC,1603889925163,2020-10-28T12:58:45.163Z,sell,2.48e-06,1646.0,0.00408208
DLT/BTC,1603890120184,2020-10-28T13:02:00.184Z,sell,2.48e-06,6758.0,0.01675984
DLT/BTC,1603890120210,2020-10-28T13:02:00.210Z,sell,2.48e-06,3557.0,0.00882136
DLT/BTC,1603890121093,2020-10-28T13:02:01.093Z,sell,2.48e-06,1765.0,0.0043772
DLT/BTC,1603890124587,2020-10-28T13:02:04.587Z,sell,2.48e-06,857.0,0.00212536
DLT/BTC,1603890124688,2020-10-28T13:02:04.688Z,sell,2.48e-06,429.0,0.0010639199999999
DLT/BTC,1603890125386,2020-10-28T13:02:05.386Z,sell,2.48e-06,1674.0,0.00415152
DLT/BTC,1603890125401,2020-10-28T13:02:05.401Z,sell,2.48e-06,1050.0,0.002604
DLT/BTC,1603890125459,2020-10-28T13:02:05.459Z,sell,2.48e-06,815.0,0.0020212
DLT/BTC,1603890126589,2020-10-28T13:02:06.589Z,sell,2.48e-06,924.0,0.00229152
DLT/BTC,1603890126696,2020-10-28T13:02:06.696Z,sell,2.48e-06,461.0,0.00114328
DLT/BTC,1603890154056,2020-10-28T13:02:34.056Z,sell,2.48e-06,2087.0,0.00517576
DLT/BTC,1603890154064,2020-10-28T13:02:34.064Z,sell,2.48e-06,1227.0,0.00304296
DLT/BTC,1603890155205,2020-10-28T13:02:35.205Z,sell,2.48e-06,608.0,0.0015078399999999
DLT/BTC,1603890160522,2020-10-28T13:02:40.522Z,sell,2.48e-06,36.0,8.928e-05
DLT/BTC,1603890316348,2020-10-28T13:05:16.348Z,sell,2.47e-06,175.0,0.00043225
DLT/BTC,1603890394535,2020-10-28T13:06:34.535Z,sell,2.47e-06,55.0,0.00013585
DLT/BTC,1603890466672,2020-10-28T13:07:46.672Z,buy,2.48e-06,1176.0,0.00291648
DLT/BTC,1603890466672,2020-10-28T13:07:46.672Z,buy,2.49e-06,9482.0,0.0236101799999999
DLT/BTC,1603890738408,2020-10-28T13:12:18.408Z,buy,2.49e-06,1105.0,0.00275145
DLT/BTC,1603890738523,2020-10-28T13:12:18.523Z,sell,2.49e-06,1111.0,0.0027663899999999
DLT/BTC,1603890738663,2020-10-28T13:12:18.663Z,sell,2.49e-06,45.0,0.00011205
DLT/BTC,1603890738679,2020-10-28T13:12:18.679Z,sell,2.49e-06,578.0,0.00143922
DLT/BTC,1603891071196,2020-10-28T13:17:51.196Z,sell,2.49e-06,3143.0,0.00782607
DLT/BTC,1603891071206,2020-10-28T13:17:51.206Z,sell,2.49e-06,1589.0,0.00395661
DLT/BTC,1603891077911,2020-10-28T13:17:57.911Z,sell,2.49e-06,751.0,0.00186999
DLT/BTC,1603891168526,2020-10-28T13:19:28.526Z,sell,2.49e-06,27102.0,0.06748398
DLT/BTC,1603891168535,2020-10-28T13:19:28.535Z,sell,2.49e-06,2146.0,0.00534354
DLT/BTC,1603891168658,2020-10-28T13:19:28.658Z,sell,2.48e-06,1472.0,0.0036505599999999
DLT/BTC,1603891579265,2020-10-28T13:26:19.265Z,buy,2.5e-06,81.0,0.0002025
DLT/BTC,1603891639273,2020-10-28T13:27:19.273Z,buy,2.5e-06,3737.0,0.0093425
DLT/BTC,1603891652390,2020-10-28T13:27:32.390Z,sell,2.48e-06,1276.0,0.00316448
DLT/BTC,1603891693078,2020-10-28T13:28:13.078Z,sell,2.48e-06,1515.0,0.0037572
DLT/BTC,1603891804780,2020-10-28T13:30:04.780Z,sell,2.47e-06,2219.0,0.00548093
DLT/BTC,1603891858975,2020-10-28T13:30:58.975Z,buy,2.5e-06,41.0,0.0001025
DLT/BTC,1603891866872,2020-10-28T13:31:06.872Z,buy,2.5e-06,41.0,0.0001025
DLT/BTC,1603891928268,2020-10-28T13:32:08.268Z,buy,2.5e-06,41.0,0.0001025
DLT/BTC,1603891928512,2020-10-28T13:32:08.512Z,buy,2.5e-06,41.0,0.0001025
DLT/BTC,1603891930219,2020-10-28T13:32:10.219Z,buy,2.5e-06,41.0,0.0001025
DLT/BTC,1603891940853,2020-10-28T13:32:20.853Z,buy,2.5e-06,41.0,0.0001025
DLT/BTC,1603891958872,2020-10-28T13:32:38.872Z,buy,2.5e-06,41.0,0.0001025
DLT/BTC,1603891959055,2020-10-28T13:32:39.055Z,buy,2.5e-06,41.0,0.0001025
DLT/BTC,1603892253871,2020-10-28T13:37:33.871Z,buy,2.49e-06,2068.0,0.00514932
DLT/BTC,1603892253871,2020-10-28T13:37:33.871Z,buy,2.5e-06,4255.0,0.0106375
DLT/BTC,1603892253871,2020-10-28T13:37:33.871Z,buy,2.51e-06,37625.0,0.09443875
DLT/BTC,1603892253871,2020-10-28T13:37:33.871Z,buy,2.52e-06,16072.0,0.04050144
DLT/BTC,1603892253871,2020-10-28T13:37:33.871Z,buy,2.53e-06,4104.0,0.01038312
DLT/BTC,1603892253871,2020-10-28T13:37:33.871Z,buy,2.54e-06,735.0,0.0018669
DLT/BTC,1603892253871,2020-10-28T13:37:33.871Z,buy,2.55e-06,48.0,0.0001224
DLT/BTC,1603892253871,2020-10-28T13:37:33.871Z,buy,2.6e-06,6891.0,0.0179166
DLT/BTC,1603892253871,2020-10-28T13:37:33.871Z,buy,2.61e-06,2780.0,0.0072558
DLT/BTC,1603892253871,2020-10-28T13:37:33.871Z,buy,2.62e-06,9977.0,0.0261397399999999
DLT/BTC,1603892253871,2020-10-28T13:37:33.871Z,buy,2.63e-06,675901.0,1.7776196299999998
DLT/BTC,1603892257561,2020-10-28T13:37:37.561Z,sell,2.58e-06,47.0,0.0001212599999999
DLT/BTC,1603892260664,2020-10-28T13:37:40.664Z,sell,2.59e-06,3448.0,0.00893032
DLT/BTC,1603892263239,2020-10-28T13:37:43.239Z,sell,2.56e-06,985.0,0.0025216
DLT/BTC,1603892273494,2020-10-28T13:37:53.494Z,buy,2.59e-06,114.0,0.00029526
DLT/BTC,1603892283843,2020-10-28T13:38:03.843Z,buy,2.59e-06,1031.0,0.00267029
DLT/BTC,1603892302430,2020-10-28T13:38:22.430Z,sell,2.59e-06,3279.0,0.00849261
DLT/BTC,1603892408514,2020-10-28T13:40:08.514Z,buy,2.57e-06,29797.0,0.07657829
DLT/BTC,1603892408514,2020-10-28T13:40:08.514Z,buy,2.58e-06,169.0,0.0004360199999999
DLT/BTC,1603892408514,2020-10-28T13:40:08.514Z,buy,2.59e-06,6837.0,0.01770783
DLT/BTC,1603892408514,2020-10-28T13:40:08.514Z,buy,2.61e-06,47.0,0.00012267
DLT/BTC,1603892408514,2020-10-28T13:40:08.514Z,buy,2.63e-06,29787.0,0.07833981
DLT/BTC,1603892411533,2020-10-28T13:40:11.533Z,sell,2.6e-06,1370.0,0.003562
DLT/BTC,1603892414634,2020-10-28T13:40:14.634Z,sell,2.6e-06,114.0,0.0002964
DLT/BTC,1603892424861,2020-10-28T13:40:24.861Z,buy,2.61e-06,723.0,0.00188703
DLT/BTC,1603892424861,2020-10-28T13:40:24.861Z,buy,2.62e-06,12000.0,0.0314399999999999
DLT/BTC,1603892424861,2020-10-28T13:40:24.861Z,buy,2.63e-06,55214.0,0.14521282
DLT/BTC,1603892424861,2020-10-28T13:40:24.861Z,buy,2.64e-06,1493.0,0.00394152
DLT/BTC,1603892424861,2020-10-28T13:40:24.861Z,buy,2.65e-06,2264.0,0.0059996
DLT/BTC,1603892424861,2020-10-28T13:40:24.861Z,buy,2.66e-06,7178.0,0.01909348
DLT/BTC,1603892424861,2020-10-28T13:40:24.861Z,buy,2.67e-06,670192.0,1.78941264
DLT/BTC,1603892432846,2020-10-28T13:40:32.846Z,sell,2.63e-06,1224.0,0.00321912
DLT/BTC,1603892508767,2020-10-28T13:41:48.767Z,buy,2.64e-06,233.0,0.00061512
DLT/BTC,1603892517526,2020-10-28T13:41:57.526Z,buy,2.64e-06,226.0,0.00059664
DLT/BTC,1603892523983,2020-10-28T13:42:03.983Z,sell,2.63e-06,404.0,0.00106252
DLT/BTC,1603892523998,2020-10-28T13:42:03.998Z,sell,2.63e-06,14464.0,0.0380403199999999
DLT/BTC,1603892557780,2020-10-28T13:42:37.780Z,sell,2.61e-06,3668.0,0.00957348
DLT/BTC,1603892557780,2020-10-28T13:42:37.780Z,sell,2.6e-06,5573.0,0.0144898
DLT/BTC,1603892634198,2020-10-28T13:43:54.198Z,sell,2.59e-06,91.0,0.00023569
DLT/BTC,1603892750265,2020-10-28T13:45:50.265Z,buy,2.61e-06,6461.0,0.01686321
DLT/BTC,1603892764077,2020-10-28T13:46:04.077Z,sell,2.59e-06,1830.0,0.0047397
DLT/BTC,1603892769564,2020-10-28T13:46:09.564Z,sell,2.59e-06,7.0,1.813e-05
DLT/BTC,1603892769564,2020-10-28T13:46:09.564Z,sell,2.58e-06,7171.0,0.01850118
DLT/BTC,1603892791053,2020-10-28T13:46:31.053Z,sell,2.57e-06,731.0,0.00187867
DLT/BTC,1603892813239,2020-10-28T13:46:53.239Z,sell,2.57e-06,4000.0,0.01028
DLT/BTC,1603892845213,2020-10-28T13:47:25.213Z,buy,2.58e-06,1559.0,0.00402222
DLT/BTC,1603892845213,2020-10-28T13:47:25.213Z,buy,2.59e-06,15332.0,0.03970988
DLT/BTC,1603892845213,2020-10-28T13:47:25.213Z,buy,2.58e-06,1559.0,0.00402222
DLT/BTC,1603892845213,2020-10-28T13:47:25.213Z,buy,2.59e-06,15332.0,0.03970988
DLT/BTC,1603892940846,2020-10-28T13:49:00.846Z,sell,2.56e-06,512.0,0.00131072
DLT/BTC,1603893207051,2020-10-28T13:53:27.051Z,sell,2.56e-06,184.0,0.00047104
DLT/BTC,1603893207051,2020-10-28T13:53:27.051Z,sell,2.55e-06,4121.0,0.01050855
DLT/BTC,1603893563661,2020-10-28T13:59:23.661Z,sell,2.55e-06,2312.0,0.0058956
DLT/BTC,1603893575556,2020-10-28T13:59:35.556Z,sell,2.53e-06,192.0,0.00048576
DLT/BTC,1603893612087,2020-10-28T14:00:12.087Z,sell,2.53e-06,2170.0,0.0054900999999999
DLT/BTC,1603893708491,2020-10-28T14:01:48.491Z,buy,2.54e-06,395.0,0.0010033
DLT/BTC,1603893719670,2020-10-28T14:01:59.670Z,buy,2.54e-06,1344.0,0.0034137599999999
DLT/BTC,1603893719670,2020-10-28T14:01:59.670Z,buy,2.55e-06,17516.0,0.0446658
DLT/BTC,1603893719670,2020-10-28T14:01:59.670Z,buy,2.56e-06,35423.0,0.09068288
DLT/BTC,1603893719670,2020-10-28T14:01:59.670Z,buy,2.58e-06,2842.0,0.00733236
DLT/BTC,1603893719670,2020-10-28T14:01:59.670Z,buy,2.59e-06,782.0,0.00202538
DLT/BTC,1603893719670,2020-10-28T14:01:59.670Z,buy,2.62e-06,13056.0,0.0342067199999999
DLT/BTC,1603893719670,2020-10-28T14:01:59.670Z,buy,2.65e-06,306395.0,0.81194675
DLT/BTC,1603893724898,2020-10-28T14:02:04.898Z,buy,2.64e-06,1065.0,0.0028116
DLT/BTC,1603893724898,2020-10-28T14:02:04.898Z,buy,2.65e-06,187614.0,0.4971771
DLT/BTC,1603893765246,2020-10-28T14:02:45.246Z,sell,2.62e-06,1450.0,0.003799
DLT/BTC,1603893918145,2020-10-28T14:05:18.145Z,sell,2.61e-06,1035.0,0.00270135
DLT/BTC,1603893918145,2020-10-28T14:05:18.145Z,sell,2.6e-06,19353.0,0.0503178
DLT/BTC,1603894095869,2020-10-28T14:08:15.869Z,buy,2.59e-06,20026.0,0.05186734
DLT/BTC,1603894095869,2020-10-28T14:08:15.869Z,buy,2.6e-06,893.0,0.0023218
DLT/BTC,1603894621903,2020-10-28T14:17:01.903Z,sell,2.58e-06,2529.0,0.00652482
DLT/BTC,1603894647121,2020-10-28T14:17:27.121Z,sell,2.58e-06,758.0,0.00195564
DLT/BTC,1603894757170,2020-10-28T14:19:17.170Z,sell,2.58e-06,499.0,0.0012874199999999
DLT/BTC,1603894757170,2020-10-28T14:19:17.170Z,sell,2.57e-06,18843.0,0.04842651
DLT/BTC,1603894805874,2020-10-28T14:20:05.874Z,sell,2.56e-06,4841.0,0.01239296
DLT/BTC,1603895362866,2020-10-28T14:29:22.866Z,sell,2.55e-06,557.0,0.00142035
DLT/BTC,1603895429594,2020-10-28T14:30:29.594Z,sell,2.54e-06,15500.0,0.0393699999999999
DLT/BTC,1603895508968,2020-10-28T14:31:48.968Z,sell,2.54e-06,2897.0,0.0073583799999999
DLT/BTC,1603895525645,2020-10-28T14:32:05.645Z,buy,2.54e-06,787.0,0.00199898
DLT/BTC,1603895908137,2020-10-28T14:38:28.137Z,sell,2.53e-06,183.0,0.00046299
DLT/BTC,1603896211193,2020-10-28T14:43:31.193Z,sell,2.53e-06,44069.0,0.11149457
DLT/BTC,1603896211193,2020-10-28T14:43:31.193Z,sell,2.53e-06,44069.0,0.11149457
DLT/BTC,1603896554454,2020-10-28T14:49:14.454Z,buy,2.54e-06,4387.0,0.0111429799999999
DLT/BTC,1603897146336,2020-10-28T14:59:06.336Z,buy,2.54e-06,42.0,0.0001066799999999
DLT/BTC,1603897411881,2020-10-28T15:03:31.881Z,sell,2.53e-06,3334.0,0.00843502
DLT/BTC,1603897566768,2020-10-28T15:06:06.768Z,sell,2.53e-06,1000.0,0.00253
DLT/BTC,1603897582627,2020-10-28T15:06:22.627Z,buy,2.54e-06,40.0,0.0001015999999999
DLT/BTC,1603897704228,2020-10-28T15:08:24.228Z,buy,2.54e-06,40.0,0.0001015999999999
DLT/BTC,1603897707789,2020-10-28T15:08:27.789Z,buy,2.54e-06,40.0,0.0001015999999999
DLT/BTC,1603897715533,2020-10-28T15:08:35.533Z,buy,2.54e-06,40.0,0.0001015999999999
DLT/BTC,1603897715576,2020-10-28T15:08:35.576Z,buy,2.54e-06,40.0,0.0001015999999999
DLT/BTC,1603897718474,2020-10-28T15:08:38.474Z,buy,2.54e-06,40.0,0.0001015999999999
DLT/BTC,1603897718617,2020-10-28T15:08:38.617Z,buy,2.54e-06,40.0,0.0001015999999999
DLT/BTC,1603898011380,2020-10-28T15:13:31.380Z,sell,2.53e-06,15092.0,0.0381827599999999
DLT/BTC,1603898011380,2020-10-28T15:13:31.380Z,sell,2.52e-06,33274.0,0.08385048
DLT/BTC,1603898011380,2020-10-28T15:13:31.380Z,sell,2.51e-06,26268.0,0.06593268
DLT/BTC,1603898011380,2020-10-28T15:13:31.380Z,sell,2.5e-06,105003.0,0.2625075
DLT/BTC,1603898011523,2020-10-28T15:13:31.523Z,sell,2.49e-06,21272.0,0.05296728
DLT/BTC,1603898011632,2020-10-28T15:13:31.632Z,buy,2.5e-06,45.0,0.0001125
DLT/BTC,1603898011871,2020-10-28T15:13:31.871Z,sell,2.48e-06,8739.0,0.02167272
DLT/BTC,1603898012069,2020-10-28T15:13:32.069Z,sell,2.48e-06,8050.0,0.019964
DLT/BTC,1603898014281,2020-10-28T15:13:34.281Z,buy,2.49e-06,161.0,0.00040089
DLT/BTC,1603898014837,2020-10-28T15:13:34.837Z,buy,2.49e-06,161.0,0.00040089
DLT/BTC,1603898014878,2020-10-28T15:13:34.878Z,buy,2.49e-06,161.0,0.00040089
DLT/BTC,1603898015010,2020-10-28T15:13:35.010Z,buy,2.49e-06,161.0,0.00040089
DLT/BTC,1603898015044,2020-10-28T15:13:35.044Z,buy,2.49e-06,161.0,0.00040089
DLT/BTC,1603898015120,2020-10-28T15:13:35.120Z,buy,2.49e-06,2570.0,0.0063992999999999
DLT/BTC,1603898015120,2020-10-28T15:13:35.120Z,buy,2.5e-06,397430.0,0.993575
DLT/BTC,1603898017704,2020-10-28T15:13:37.704Z,buy,2.5e-06,400000.0,1.0
DLT/BTC,1603898017938,2020-10-28T15:13:37.938Z,buy,2.5e-06,1200.0,0.003
DLT/BTC,1603898027379,2020-10-28T15:13:47.379Z,sell,2.49e-06,322.0,0.00080178
DLT/BTC,1603898027379,2020-10-28T15:13:47.379Z,sell,2.48e-06,236.0,0.00058528
DLT/BTC,1603898056891,2020-10-28T15:14:16.891Z,sell,2.48e-06,226.0,0.00056048
DLT/BTC,1603898095883,2020-10-28T15:14:55.883Z,sell,2.48e-06,3484.0,0.00864032
DLT/BTC,1603898108602,2020-10-28T15:15:08.602Z,buy,2.48e-06,81.0,0.00020088
DLT/BTC,1603898111283,2020-10-28T15:15:11.283Z,sell,2.47e-06,2971.0,0.00733837
DLT/BTC,1603898214703,2020-10-28T15:16:54.703Z,buy,2.48e-06,41.0,0.00010168
DLT/BTC,1603898216449,2020-10-28T15:16:56.449Z,buy,2.48e-06,41.0,0.00010168
DLT/BTC,1603898367769,2020-10-28T15:19:27.769Z,sell,2.47e-06,4383.0,0.01082601
DLT/BTC,1603898404770,2020-10-28T15:20:04.770Z,sell,2.46e-06,199.0,0.00048954
DLT/BTC,1603898406424,2020-10-28T15:20:06.424Z,sell,2.46e-06,199.0,0.00048954
DLT/BTC,1603898414269,2020-10-28T15:20:14.269Z,sell,2.46e-06,787.0,0.00193602
DLT/BTC,1603898776656,2020-10-28T15:26:16.656Z,buy,2.48e-06,43.0,0.00010664
DLT/BTC,1603899540438,2020-10-28T15:39:00.438Z,buy,2.48e-06,4300.0,0.010664
DLT/BTC,1603899540438,2020-10-28T15:39:00.438Z,buy,2.48e-06,4300.0,0.010664
DLT/BTC,1603899988022,2020-10-28T15:46:28.022Z,sell,2.47e-06,200.0,0.000494
DLT/BTC,1603901711112,2020-10-28T16:15:11.112Z,sell,2.47e-06,2476.0,0.00611572
DLT/BTC,1603901712386,2020-10-28T16:15:12.386Z,sell,2.46e-06,1302.0,0.00320292
DLT/BTC,1603901899790,2020-10-28T16:18:19.790Z,buy,2.47e-06,992.0,0.00245024
DLT/BTC,1603901899790,2020-10-28T16:18:19.790Z,buy,2.48e-06,4698.0,0.01165104
DLT/BTC,1603901899790,2020-10-28T16:18:19.790Z,buy,2.47e-06,992.0,0.00245024
DLT/BTC,1603901899790,2020-10-28T16:18:19.790Z,buy,2.48e-06,4698.0,0.01165104
DLT/BTC,1603903481042,2020-10-28T16:44:41.042Z,buy,2.48e-06,284.0,0.00070432
DLT/BTC,1603903481076,2020-10-28T16:44:41.076Z,sell,2.48e-06,750.0,0.0018599999999999
DLT/BTC,1603903481089,2020-10-28T16:44:41.089Z,sell,2.48e-06,516.0,0.00127968
DLT/BTC,1603904029482,2020-10-28T16:53:49.482Z,buy,2.49e-06,11052.0,0.02751948
DLT/BTC,1603904092271,2020-10-28T16:54:52.271Z,buy,2.5e-06,8726.0,0.021815
DLT/BTC,1603904107665,2020-10-28T16:55:07.665Z,buy,2.51e-06,33235.0,0.08341985
DLT/BTC,1603904108442,2020-10-28T16:55:08.442Z,sell,2.51e-06,81.0,0.00020331
DLT/BTC,1603904157347,2020-10-28T16:55:57.347Z,buy,2.52e-06,200.0,0.000504
DLT/BTC,1603904157347,2020-10-28T16:55:57.347Z,buy,2.53e-06,21142.0,0.05348926
DLT/BTC,1603904559243,2020-10-28T17:02:39.243Z,sell,2.51e-06,917.0,0.00230167
DLT/BTC,1603904690355,2020-10-28T17:04:50.355Z,sell,2.51e-06,277.0,0.00069527
DLT/BTC,1603904690355,2020-10-28T17:04:50.355Z,sell,2.5e-06,24053.0,0.0601325
DLT/BTC,1603904794202,2020-10-28T17:06:34.202Z,sell,2.5e-06,81.0,0.0002025
DLT/BTC,1603905068433,2020-10-28T17:11:08.433Z,buy,2.5e-06,80.0,0.0002
DLT/BTC,1603905174556,2020-10-28T17:12:54.556Z,sell,2.49e-06,874.0,0.0021762599999999
DLT/BTC,1603905174569,2020-10-28T17:12:54.569Z,sell,2.49e-06,673.0,0.0016757699999999
DLT/BTC,1603905174569,2020-10-28T17:12:54.569Z,sell,2.49e-06,673.0,0.0016757699999999
DLT/BTC,1603905766764,2020-10-28T17:22:46.764Z,sell,2.49e-06,81.0,0.00020169
DLT/BTC,1603906564456,2020-10-28T17:36:04.456Z,buy,2.5e-06,4808.0,0.01202
DLT/BTC,1603906578697,2020-10-28T17:36:18.697Z,buy,2.5e-06,593.0,0.0014825
DLT/BTC,1603906580243,2020-10-28T17:36:20.243Z,sell,2.49e-06,1781.0,0.00443469
DLT/BTC,1603906580256,2020-10-28T17:36:20.256Z,sell,2.49e-06,3284.0,0.00817716
DLT/BTC,1603906582627,2020-10-28T17:36:22.627Z,sell,2.49e-06,1616.0,0.00402384
DLT/BTC,1603906582830,2020-10-28T17:36:22.830Z,sell,2.49e-06,807.0,0.00200943
DLT/BTC,1603906582931,2020-10-28T17:36:22.931Z,sell,2.49e-06,403.0,0.00100347
DLT/BTC,1603906583046,2020-10-28T17:36:23.046Z,buy,2.5e-06,849.0,0.0021225
DLT/BTC,1603906583054,2020-10-28T17:36:23.054Z,sell,2.49e-06,626.0,0.0015587399999999
DLT/BTC,1603906647695,2020-10-28T17:37:27.695Z,sell,2.49e-06,99.0,0.0002465099999999
DLT/BTC,1603906712750,2020-10-28T17:38:32.750Z,sell,2.49e-06,335.0,0.00083415
DLT/BTC,1603908039425,2020-10-28T18:00:39.425Z,sell,2.49e-06,16415.0,0.0408733499999999
DLT/BTC,1603908039438,2020-10-28T18:00:39.438Z,sell,2.49e-06,8207.0,0.0204354299999999
DLT/BTC,1603908040432,2020-10-28T18:00:40.432Z,sell,2.49e-06,2094.0,0.0052140599999999
DLT/BTC,1603908652374,2020-10-28T18:10:52.374Z,sell,2.48e-06,892.0,0.00221216
DLT/BTC,1603908652388,2020-10-28T18:10:52.388Z,sell,2.48e-06,464.0,0.00115072
DLT/BTC,1603908750237,2020-10-28T18:12:30.237Z,sell,2.48e-06,577.0,0.00143096
DLT/BTC,1603908750237,2020-10-28T18:12:30.237Z,sell,2.48e-06,577.0,0.00143096
DLT/BTC,1603909005718,2020-10-28T18:16:45.718Z,buy,2.5e-06,947.0,0.0023675
DLT/BTC,1603909061980,2020-10-28T18:17:41.980Z,sell,2.48e-06,1000.0,0.00248
DLT/BTC,1603909330513,2020-10-28T18:22:10.513Z,sell,2.48e-06,4808.0,0.01192384
DLT/BTC,1603909330526,2020-10-28T18:22:10.526Z,sell,2.48e-06,2492.0,0.00618016
DLT/BTC,1603909352285,2020-10-28T18:22:32.285Z,sell,2.48e-06,6016.0,0.01491968
DLT/BTC,1603909352470,2020-10-28T18:22:32.470Z,sell,2.47e-06,4041.0,0.00998127
DLT/BTC,1603909352566,2020-10-28T18:22:32.566Z,sell,2.47e-06,2019.0,0.00498693
DLT/BTC,1603909352768,2020-10-28T18:22:32.768Z,sell,2.47e-06,707.0,0.00174629
DLT/BTC,1603909358881,2020-10-28T18:22:38.881Z,sell,2.46e-06,199.0,0.00048954
DLT/BTC,1603909495492,2020-10-28T18:24:55.492Z,sell,2.46e-06,6078.0,0.01495188
DLT/BTC,1603909496836,2020-10-28T18:24:56.836Z,sell,2.45e-06,197.0,0.0004826499999999
DLT/BTC,1603909652931,2020-10-28T18:27:32.931Z,sell,2.46e-06,4959.0,0.01219914
DLT/BTC,1603909652931,2020-10-28T18:27:32.931Z,sell,2.45e-06,34370.0,0.0842064999999999
DLT/BTC,1603909652931,2020-10-28T18:27:32.931Z,sell,2.44e-06,5275.0,0.012871
DLT/BTC,1603909652931,2020-10-28T18:27:32.931Z,sell,2.43e-06,13698.0,0.03328614
DLT/BTC,1603909655053,2020-10-28T18:27:35.053Z,sell,2.42e-06,917.0,0.00221914
DLT/BTC,1603909689440,2020-10-28T18:28:09.440Z,buy,2.43e-06,3704.0,0.00900072
DLT/BTC,1603909868492,2020-10-28T18:31:08.492Z,buy,2.43e-06,82.0,0.00019926
DLT/BTC,1603909941654,2020-10-28T18:32:21.654Z,sell,2.42e-06,737.0,0.00178354
DLT/BTC,1603909989091,2020-10-28T18:33:09.091Z,sell,2.42e-06,9939.0,0.02405238
DLT/BTC,1603911128924,2020-10-28T18:52:08.924Z,buy,2.43e-06,5378.0,0.01306854
DLT/BTC,1603911665595,2020-10-28T19:01:05.595Z,sell,2.42e-06,51.0,0.00012342
DLT/BTC,1603911723612,2020-10-28T19:02:03.612Z,buy,2.43e-06,2813.0,0.00683559
DLT/BTC,1603911982982,2020-10-28T19:06:22.982Z,buy,2.43e-06,652.0,0.00158436
DLT/BTC,1603912000828,2020-10-28T19:06:40.828Z,buy,2.43e-06,143.0,0.00034749
DLT/BTC,1603912004364,2020-10-28T19:06:44.364Z,buy,2.43e-06,71.0,0.00017253
DLT/BTC,1603912137674,2020-10-28T19:08:57.674Z,sell,2.42e-06,52595.0,0.1272799
