symbol,timestamp,datetime,side,price,amount,btc_volume
DLT/BTC,1562173206551,2019-07-03T17:00:06.551Z,buy,8.09e-06,2210.0,0.0178789
DLT/BTC,1562173210417,2019-07-03T17:00:10.417Z,buy,8.09e-06,1236.0,0.00999924
DLT/BTC,1562173211529,2019-07-03T17:00:11.529Z,buy,8.09e-06,1236.0,0.00999924
DLT/BTC,1562173212544,2019-07-03T17:00:12.544Z,buy,8.09e-06,1236.0,0.00999924
DLT/BTC,1562173213599,2019-07-03T17:00:13.599Z,buy,8.09e-06,3244.0,0.02624396
DLT/BTC,1562173249273,2019-07-03T17:00:49.273Z,buy,8.09e-06,355.0,0.00287195
DLT/BTC,1562173249273,2019-07-03T17:00:49.273Z,buy,8.1e-06,87.0,0.0007047
DLT/BTC,1562173265101,2019-07-03T17:01:05.101Z,buy,8.1e-06,4358.0,0.0352998
DLT/BTC,1562173270948,2019-07-03T17:01:10.948Z,buy,8.1e-06,160.0,0.001296
DLT/BTC,1562173270979,2019-07-03T17:01:10.979Z,buy,8.11e-06,703.0,0.00570133
DLT/BTC,1562173273452,2019-07-03T17:01:13.452Z,sell,8.1e-06,1881.0,0.0152361
DLT/BTC,1562173843632,2019-07-03T17:10:43.632Z,sell,8.1e-06,210.0,0.001701
DLT/BTC,1562174015913,2019-07-03T17:13:35.913Z,sell,8.08e-06,2250.0,0.01818
DLT/BTC,1562174015913,2019-07-03T17:13:35.913Z,sell,8.05e-06,1461.0,0.0117610499999999
DLT/BTC,1562174015913,2019-07-03T17:13:35.913Z,sell,8.04e-06,11138.0,0.08954952
DLT/BTC,1562174040685,2019-07-03T17:14:00.685Z,buy,8.07e-06,191.0,0.00154137
DLT/BTC,1562174306294,2019-07-03T17:18:26.294Z,buy,8.1e-06,183.0,0.0014823
DLT/BTC,1562174319414,2019-07-03T17:18:39.414Z,sell,8.07e-06,95.0,0.00076665
DLT/BTC,1562174335785,2019-07-03T17:18:55.785Z,sell,8.04e-06,442.0,0.0035536799999999
DLT/BTC,1562174450343,2019-07-03T17:20:50.343Z,sell,8.04e-06,1915.0,0.0153965999999999
DLT/BTC,1562174459813,2019-07-03T17:20:59.813Z,sell,8.04e-06,445.0,0.0035777999999999
DLT/BTC,1562174702440,2019-07-03T17:25:02.440Z,sell,8.04e-06,170.0,0.0013667999999999
DLT/BTC,1562174715963,2019-07-03T17:25:15.963Z,sell,8.04e-06,460.0,0.0036983999999999
DLT/BTC,1562174975805,2019-07-03T17:29:35.805Z,buy,8.07e-06,247.0,0.00199329
DLT/BTC,1562174983303,2019-07-03T17:29:43.303Z,buy,8.07e-06,248.0,0.00200136
DLT/BTC,1562175009553,2019-07-03T17:30:09.553Z,buy,8.07e-06,169.0,0.00136383
DLT/BTC,1562175143431,2019-07-03T17:32:23.431Z,sell,8.05e-06,409.0,0.0032924499999999
DLT/BTC,1562175198340,2019-07-03T17:33:18.340Z,sell,8.05e-06,169.0,0.0013604499999999
DLT/BTC,1562175293574,2019-07-03T17:34:53.574Z,sell,8.06e-06,4029.0,0.03247374
DLT/BTC,1562175293685,2019-07-03T17:34:53.685Z,sell,8.05e-06,122.0,0.0009820999999999
DLT/BTC,1562175306943,2019-07-03T17:35:06.943Z,sell,8.04e-06,4071.0,0.03273084
DLT/BTC,1562175307385,2019-07-03T17:35:07.385Z,buy,8.05e-06,21745.0,0.17504725
DLT/BTC,1562175316700,2019-07-03T17:35:16.700Z,buy,8.06e-06,41.0,0.00033046
DLT/BTC,1562175316700,2019-07-03T17:35:16.700Z,buy,8.1e-06,96.0,0.0007776
DLT/BTC,1562175417123,2019-07-03T17:36:57.123Z,sell,8.05e-06,3597.0,0.0289558499999999
DLT/BTC,1562175525526,2019-07-03T17:38:45.526Z,sell,8.04e-06,11223.0,0.09023292
DLT/BTC,1562175673435,2019-07-03T17:41:13.435Z,sell,8.03e-06,1007.0,0.00808621
DLT/BTC,1562175739140,2019-07-03T17:42:19.140Z,sell,8.03e-06,184.0,0.00147752
DLT/BTC,1562175937572,2019-07-03T17:45:37.572Z,buy,8.07e-06,3198.0,0.02580786
DLT/BTC,1562175971432,2019-07-03T17:46:11.432Z,buy,8.1e-06,460.0,0.003726
DLT/BTC,1562175976446,2019-07-03T17:46:16.446Z,buy,8.1e-06,14071.0,0.1139751
DLT/BTC,1562176015576,2019-07-03T17:46:55.576Z,buy,8.1e-06,181.0,0.0014661
DLT/BTC,1562176068165,2019-07-03T17:47:48.165Z,buy,8.1e-06,3550.0,0.028755
DLT/BTC,1562176094177,2019-07-03T17:48:14.177Z,buy,8.11e-06,699.0,0.00566889
DLT/BTC,1562176105139,2019-07-03T17:48:25.139Z,buy,8.13e-06,2566.0,0.02086158
DLT/BTC,1562176107455,2019-07-03T17:48:27.455Z,buy,8.13e-06,7914.0,0.06434082
DLT/BTC,1562176107679,2019-07-03T17:48:27.679Z,buy,8.13e-06,4475.0,0.03638175
DLT/BTC,1562176119312,2019-07-03T17:48:39.312Z,buy,8.14e-06,123.0,0.00100122
DLT/BTC,1562176121485,2019-07-03T17:48:41.485Z,buy,8.15e-06,4434.0,0.0361371
DLT/BTC,1562176123836,2019-07-03T17:48:43.836Z,buy,8.15e-06,2979.0,0.02427885
DLT/BTC,1562176125983,2019-07-03T17:48:45.983Z,buy,8.15e-06,2997.0,0.02442555
DLT/BTC,1562176148069,2019-07-03T17:49:08.069Z,buy,8.15e-06,3643.0,0.02969045
DLT/BTC,1562176159189,2019-07-03T17:49:19.189Z,buy,8.15e-06,2298.0,0.0187287
DLT/BTC,1562176167729,2019-07-03T17:49:27.729Z,buy,8.16e-06,8623.0,0.07036368
DLT/BTC,1562176169351,2019-07-03T17:49:29.351Z,buy,8.16e-06,166.0,0.0013545599999999
DLT/BTC,1562176171944,2019-07-03T17:49:31.944Z,buy,8.16e-06,5415.0,0.0441864
DLT/BTC,1562176172483,2019-07-03T17:49:32.483Z,buy,8.16e-06,11937.0,0.09740592
DLT/BTC,1562176179365,2019-07-03T17:49:39.365Z,buy,8.16e-06,5418.0,0.04421088
DLT/BTC,1562176179365,2019-07-03T17:49:39.365Z,buy,8.2e-06,282.0,0.0023124
DLT/BTC,1562176191927,2019-07-03T17:49:51.927Z,buy,8.2e-06,5327.0,0.0436813999999999
DLT/BTC,1562176191964,2019-07-03T17:49:51.964Z,sell,8.2e-06,1533.0,0.0125706
DLT/BTC,1562176191971,2019-07-03T17:49:51.971Z,sell,8.2e-06,3492.0,0.0286343999999999
DLT/BTC,1562176191993,2019-07-03T17:49:51.993Z,sell,8.2e-06,1775.0,0.0145549999999999
DLT/BTC,1562176195285,2019-07-03T17:49:55.285Z,sell,8.2e-06,4913.0,0.0402866
DLT/BTC,1562176196475,2019-07-03T17:49:56.475Z,buy,8.22e-06,1859.0,0.0152809799999999
DLT/BTC,1562176202620,2019-07-03T17:50:02.620Z,buy,8.21e-06,700.0,0.0057469999999999
DLT/BTC,1562176202620,2019-07-03T17:50:02.620Z,buy,8.22e-06,926.0,0.0076117199999999
DLT/BTC,1562176202620,2019-07-03T17:50:02.620Z,buy,8.23e-06,4352.0,0.03581696
DLT/BTC,1562176205663,2019-07-03T17:50:05.663Z,sell,8.22e-06,1405.0,0.0115491
DLT/BTC,1562176205769,2019-07-03T17:50:05.769Z,buy,8.23e-06,347.0,0.00285581
DLT/BTC,1562176209844,2019-07-03T17:50:09.844Z,buy,8.23e-06,682.0,0.00561286
DLT/BTC,1562176211030,2019-07-03T17:50:11.030Z,buy,8.23e-06,7386.0,0.06078678
DLT/BTC,1562176218793,2019-07-03T17:50:18.793Z,buy,8.25e-06,647.0,0.00533775
DLT/BTC,1562176219712,2019-07-03T17:50:19.712Z,buy,8.25e-06,1367.0,0.01127775
DLT/BTC,1562176223670,2019-07-03T17:50:23.670Z,buy,8.25e-06,1662.0,0.0137115
DLT/BTC,1562176229483,2019-07-03T17:50:29.483Z,buy,8.25e-06,6696.0,0.055242
DLT/BTC,1562176237418,2019-07-03T17:50:37.418Z,buy,8.25e-06,5399.0,0.04454175
DLT/BTC,1562176241665,2019-07-03T17:50:41.665Z,sell,8.25e-06,286.0,0.0023595
DLT/BTC,1562176241665,2019-07-03T17:50:41.665Z,sell,8.23e-06,1186.0,0.00976078
DLT/BTC,1562176251243,2019-07-03T17:50:51.243Z,buy,8.26e-06,19105.0,0.1578073
DLT/BTC,1562176251243,2019-07-03T17:50:51.243Z,buy,8.27e-06,15235.0,0.12599345
DLT/BTC,1562176251243,2019-07-03T17:50:51.243Z,buy,8.28e-06,15804.0,0.13085712
DLT/BTC,1562176251243,2019-07-03T17:50:51.243Z,buy,8.29e-06,27033.0,0.22410357
DLT/BTC,1562176251270,2019-07-03T17:50:51.270Z,sell,8.29e-06,739.0,0.00612631
DLT/BTC,1562176251281,2019-07-03T17:50:51.281Z,sell,8.29e-06,171.0,0.00141759
DLT/BTC,1562176251285,2019-07-03T17:50:51.285Z,sell,8.29e-06,1478.0,0.01225262
DLT/BTC,1562176251289,2019-07-03T17:50:51.289Z,sell,8.29e-06,3264.0,0.02705856
DLT/BTC,1562176251293,2019-07-03T17:50:51.293Z,sell,8.29e-06,740.0,0.0061346
DLT/BTC,1562176251316,2019-07-03T17:50:51.316Z,sell,8.3e-06,476.0,0.0039508
DLT/BTC,1562176251336,2019-07-03T17:50:51.336Z,sell,8.3e-06,211.0,0.0017513
DLT/BTC,1562176251336,2019-07-03T17:50:51.336Z,sell,8.29e-06,184.0,0.00152536
DLT/BTC,1562176251992,2019-07-03T17:50:51.992Z,buy,8.33e-06,400.0,0.003332
DLT/BTC,1562176251992,2019-07-03T17:50:51.992Z,buy,8.34e-06,687.0,0.00572958
DLT/BTC,1562176251992,2019-07-03T17:50:51.992Z,buy,8.35e-06,2256.0,0.0188376
DLT/BTC,1562176254330,2019-07-03T17:50:54.330Z,sell,8.33e-06,1988.0,0.0165600399999999
DLT/BTC,1562176254559,2019-07-03T17:50:54.559Z,sell,8.32e-06,1633.0,0.01358656
DLT/BTC,1562176254570,2019-07-03T17:50:54.570Z,sell,8.32e-06,711.0,0.00591552
DLT/BTC,1562176255083,2019-07-03T17:50:55.083Z,buy,8.33e-06,1988.0,0.0165600399999999
DLT/BTC,1562176255367,2019-07-03T17:50:55.367Z,buy,8.35e-06,126.0,0.0010521
DLT/BTC,1562176255367,2019-07-03T17:50:55.367Z,buy,8.36e-06,14.0,0.0001170399999999
DLT/BTC,1562176256203,2019-07-03T17:50:56.203Z,buy,8.35e-06,131.0,0.00109385
DLT/BTC,1562176256203,2019-07-03T17:50:56.203Z,buy,8.36e-06,12914.0,0.10796104
DLT/BTC,1562176256203,2019-07-03T17:50:56.203Z,buy,8.37e-06,10751.0,0.08998587
DLT/BTC,1562176256325,2019-07-03T17:50:56.325Z,buy,8.37e-06,2748.0,0.02300076
DLT/BTC,1562176257747,2019-07-03T17:50:57.747Z,buy,8.38e-06,4297.0,0.03600886
DLT/BTC,1562176258468,2019-07-03T17:50:58.468Z,buy,8.38e-06,35.0,0.0002933
DLT/BTC,1562176258468,2019-07-03T17:50:58.468Z,buy,8.39e-06,3894.0,0.03267066
DLT/BTC,1562176259693,2019-07-03T17:50:59.693Z,sell,8.37e-06,418.0,0.00349866
DLT/BTC,1562176260584,2019-07-03T17:51:00.584Z,buy,8.39e-06,336.0,0.0028190399999999
DLT/BTC,1562176260690,2019-07-03T17:51:00.690Z,sell,8.39e-06,3373.0,0.0282994699999999
DLT/BTC,1562176260788,2019-07-03T17:51:00.788Z,sell,8.39e-06,3655.0,0.0306654499999999
DLT/BTC,1562176260788,2019-07-03T17:51:00.788Z,sell,8.38e-06,880.0,0.0073744
DLT/BTC,1562176260993,2019-07-03T17:51:00.993Z,buy,8.4e-06,1718.0,0.0144311999999999
DLT/BTC,1562176262887,2019-07-03T17:51:02.887Z,buy,8.43e-06,1266.0,0.01067238
DLT/BTC,1562176262887,2019-07-03T17:51:02.887Z,buy,8.44e-06,857.0,0.00723308
DLT/BTC,1562176264131,2019-07-03T17:51:04.131Z,buy,8.44e-06,557.0,0.00470108
DLT/BTC,1562176264131,2019-07-03T17:51:04.131Z,buy,8.45e-06,6950.0,0.0587275
DLT/BTC,1562176264178,2019-07-03T17:51:04.178Z,sell,8.45e-06,287.0,0.00242515
DLT/BTC,1562176264180,2019-07-03T17:51:04.180Z,sell,8.45e-06,326.0,0.0027547
DLT/BTC,1562176264185,2019-07-03T17:51:04.185Z,sell,8.45e-06,989.0,0.00835705
DLT/BTC,1562176264265,2019-07-03T17:51:04.265Z,sell,8.45e-06,5033.0,0.04252885
DLT/BTC,1562176264265,2019-07-03T17:51:04.265Z,sell,8.42e-06,308.0,0.00259336
DLT/BTC,1562176264791,2019-07-03T17:51:04.791Z,buy,8.46e-06,1362.0,0.01152252
DLT/BTC,1562176264821,2019-07-03T17:51:04.821Z,sell,8.47e-06,1067.0,0.00903749
DLT/BTC,1562176265260,2019-07-03T17:51:05.260Z,sell,8.47e-06,826.0,0.00699622
DLT/BTC,1562176266511,2019-07-03T17:51:06.511Z,buy,8.48e-06,4579.0,0.03882992
DLT/BTC,1562176266511,2019-07-03T17:51:06.511Z,buy,8.49e-06,3974.0,0.03373926
DLT/BTC,1562176266511,2019-07-03T17:51:06.511Z,buy,8.51e-06,19350.0,0.1646685
DLT/BTC,1562176266511,2019-07-03T17:51:06.511Z,buy,8.52e-06,23107.0,0.19687164
DLT/BTC,1562176266511,2019-07-03T17:51:06.511Z,buy,8.53e-06,24553.0,0.20943709
DLT/BTC,1562176269660,2019-07-03T17:51:09.660Z,sell,8.51e-06,1236.0,0.01051836
DLT/BTC,1562176269903,2019-07-03T17:51:09.903Z,buy,8.53e-06,236.0,0.00201308
DLT/BTC,1562176270547,2019-07-03T17:51:10.547Z,sell,8.52e-06,1236.0,0.01053072
DLT/BTC,1562176270663,2019-07-03T17:51:10.663Z,sell,8.52e-06,707.0,0.00602364
DLT/BTC,1562176270663,2019-07-03T17:51:10.663Z,sell,8.51e-06,137.0,0.00116587
DLT/BTC,1562176271178,2019-07-03T17:51:11.178Z,buy,8.53e-06,2116.0,0.01804948
DLT/BTC,1562176271178,2019-07-03T17:51:11.178Z,buy,8.54e-06,504.0,0.00430416
DLT/BTC,1562176271213,2019-07-03T17:51:11.213Z,sell,8.54e-06,392.0,0.00334768
DLT/BTC,1562176271281,2019-07-03T17:51:11.281Z,sell,8.54e-06,327.0,0.00279258
DLT/BTC,1562176271478,2019-07-03T17:51:11.478Z,sell,8.54e-06,2505.0,0.0213927
DLT/BTC,1562176271511,2019-07-03T17:51:11.511Z,buy,8.5e-06,750.0,0.006375
DLT/BTC,1562176271511,2019-07-03T17:51:11.511Z,buy,8.55e-06,667.0,0.00570285
DLT/BTC,1562176271511,2019-07-03T17:51:11.511Z,buy,8.56e-06,266.0,0.0022769599999999
DLT/BTC,1562176271536,2019-07-03T17:51:11.536Z,sell,8.56e-06,594.0,0.00508464
DLT/BTC,1562176271543,2019-07-03T17:51:11.543Z,sell,8.56e-06,1236.0,0.01058016
DLT/BTC,1562176272280,2019-07-03T17:51:12.280Z,sell,8.56e-06,363.0,0.0031072799999999
DLT/BTC,1562176272949,2019-07-03T17:51:12.949Z,sell,8.56e-06,394.0,0.0033726399999999
DLT/BTC,1562176274574,2019-07-03T17:51:14.574Z,buy,8.57e-06,483.0,0.0041393099999999
DLT/BTC,1562176276409,2019-07-03T17:51:16.409Z,buy,8.54e-06,140.0,0.0011956
DLT/BTC,1562176276409,2019-07-03T17:51:16.409Z,buy,8.55e-06,1147.0,0.0098068499999999
DLT/BTC,1562176277902,2019-07-03T17:51:17.902Z,sell,8.53e-06,219.0,0.0018680699999999
DLT/BTC,1562176277902,2019-07-03T17:51:17.902Z,sell,8.48e-06,962.0,0.00815776
DLT/BTC,1562176277902,2019-07-03T17:51:17.902Z,sell,8.47e-06,2707.0,0.02292829
DLT/BTC,1562176277902,2019-07-03T17:51:17.902Z,sell,8.46e-06,41.0,0.00034686
DLT/BTC,1562176280418,2019-07-03T17:51:20.418Z,buy,8.53e-06,962.0,0.0082058599999999
DLT/BTC,1562176280418,2019-07-03T17:51:20.418Z,buy,8.54e-06,186.0,0.00158844
DLT/BTC,1562176281814,2019-07-03T17:51:21.814Z,sell,8.48e-06,685.0,0.0058088
DLT/BTC,1562176281814,2019-07-03T17:51:21.814Z,sell,8.47e-06,6468.0,0.05478396
DLT/BTC,1562176284340,2019-07-03T17:51:24.340Z,buy,8.48e-06,9564.0,0.08110272
DLT/BTC,1562176285721,2019-07-03T17:51:25.721Z,sell,8.52e-06,672.0,0.00572544
DLT/BTC,1562176287012,2019-07-03T17:51:27.012Z,buy,8.53e-06,1770.0,0.0150981
DLT/BTC,1562176287333,2019-07-03T17:51:27.333Z,buy,8.54e-06,495.0,0.0042273
DLT/BTC,1562176287333,2019-07-03T17:51:27.333Z,buy,8.55e-06,6327.0,0.0540958499999999
DLT/BTC,1562176287333,2019-07-03T17:51:27.333Z,buy,8.56e-06,10132.0,0.0867299199999999
DLT/BTC,1562176290071,2019-07-03T17:51:30.071Z,buy,8.58e-06,1054.0,0.0090433199999999
DLT/BTC,1562176290085,2019-07-03T17:51:30.085Z,sell,8.57e-06,162.0,0.0013883399999999
DLT/BTC,1562176290185,2019-07-03T17:51:30.185Z,buy,8.58e-06,5901.0,0.0506305799999999
DLT/BTC,1562176290700,2019-07-03T17:51:30.700Z,buy,8.58e-06,1038.0,0.0089060399999999
DLT/BTC,1562176290876,2019-07-03T17:51:30.876Z,buy,8.58e-06,3307.0,0.0283740599999999
DLT/BTC,1562176291015,2019-07-03T17:51:31.015Z,buy,8.59e-06,3641.0,0.03127619
DLT/BTC,1562176291015,2019-07-03T17:51:31.015Z,buy,8.61e-06,6731.0,0.05795391
DLT/BTC,1562176291015,2019-07-03T17:51:31.015Z,buy,8.62e-06,1011.0,0.00871482
DLT/BTC,1562176292061,2019-07-03T17:51:32.061Z,sell,8.61e-06,4293.0,0.03696273
DLT/BTC,1562176292371,2019-07-03T17:51:32.371Z,sell,8.61e-06,4292.0,0.03695412
DLT/BTC,1562176293460,2019-07-03T17:51:33.460Z,sell,8.61e-06,2594.0,0.02233434
DLT/BTC,1562176294018,2019-07-03T17:51:34.018Z,buy,8.62e-06,1099.0,0.00947338
DLT/BTC,1562176294270,2019-07-03T17:51:34.270Z,sell,8.61e-06,2596.0,0.02235156
DLT/BTC,1562176294423,2019-07-03T17:51:34.423Z,buy,8.63e-06,2062.0,0.01779506
DLT/BTC,1562176295329,2019-07-03T17:51:35.329Z,sell,8.61e-06,559.0,0.00481299
DLT/BTC,1562176295948,2019-07-03T17:51:35.948Z,buy,8.63e-06,881.0,0.00760303
DLT/BTC,1562176296017,2019-07-03T17:51:36.017Z,buy,8.61e-06,503.0,0.00433083
DLT/BTC,1562176297909,2019-07-03T17:51:37.909Z,buy,8.63e-06,1036.0,0.00894068
DLT/BTC,1562176297935,2019-07-03T17:51:37.935Z,sell,8.58e-06,765.0,0.0065637
DLT/BTC,1562176297935,2019-07-03T17:51:37.935Z,sell,8.57e-06,2220.0,0.0190253999999999
DLT/BTC,1562176299613,2019-07-03T17:51:39.613Z,sell,8.57e-06,241.0,0.00206537
DLT/BTC,1562176299724,2019-07-03T17:51:39.724Z,buy,8.6e-06,1286.0,0.0110596
DLT/BTC,1562176300454,2019-07-03T17:51:40.454Z,buy,8.59e-06,1512.0,0.01298808
DLT/BTC,1562176300454,2019-07-03T17:51:40.454Z,buy,8.6e-06,934.0,0.0080324
DLT/BTC,1562176300454,2019-07-03T17:51:40.454Z,buy,8.61e-06,1091.0,0.00939351
DLT/BTC,1562176303512,2019-07-03T17:51:43.512Z,buy,8.59e-06,190.0,0.0016321
DLT/BTC,1562176303512,2019-07-03T17:51:43.512Z,buy,8.61e-06,951.0,0.00818811
DLT/BTC,1562176305886,2019-07-03T17:51:45.886Z,buy,8.61e-06,3802.0,0.03273522
DLT/BTC,1562176306302,2019-07-03T17:51:46.302Z,sell,8.61e-06,420.0,0.0036162
DLT/BTC,1562176306715,2019-07-03T17:51:46.715Z,sell,8.61e-06,1241.0,0.01068501
DLT/BTC,1562176308158,2019-07-03T17:51:48.158Z,sell,8.61e-06,7356.0,0.06333516
DLT/BTC,1562176311289,2019-07-03T17:51:51.289Z,buy,8.63e-06,4852.0,0.04187276
DLT/BTC,1562176311990,2019-07-03T17:51:51.990Z,sell,8.61e-06,826.0,0.00711186
DLT/BTC,1562176312679,2019-07-03T17:51:52.679Z,sell,8.61e-06,219.0,0.00188559
DLT/BTC,1562176313364,2019-07-03T17:51:53.364Z,buy,8.63e-06,1608.0,0.01387704
DLT/BTC,1562176313376,2019-07-03T17:51:53.376Z,sell,8.63e-06,394.0,0.00340022
DLT/BTC,1562176314011,2019-07-03T17:51:54.011Z,sell,8.63e-06,1421.0,0.01226323
DLT/BTC,1562176314011,2019-07-03T17:51:54.011Z,sell,8.61e-06,2816.0,0.02424576
DLT/BTC,1562176314081,2019-07-03T17:51:54.081Z,sell,8.61e-06,7573.0,0.06520353
DLT/BTC,1562176314081,2019-07-03T17:51:54.081Z,sell,8.57e-06,886.0,0.0075930199999999
DLT/BTC,1562176314081,2019-07-03T17:51:54.081Z,sell,8.56e-06,2912.0,0.02492672
DLT/BTC,1562176314529,2019-07-03T17:51:54.529Z,buy,8.63e-06,730.0,0.0062999
DLT/BTC,1562176314529,2019-07-03T17:51:54.529Z,buy,8.64e-06,2815.0,0.0243216
DLT/BTC,1562176315025,2019-07-03T17:51:55.025Z,buy,8.64e-06,12151.0,0.10498464
DLT/BTC,1562176315603,2019-07-03T17:51:55.603Z,sell,8.64e-06,681.0,0.00588384
DLT/BTC,1562176315721,2019-07-03T17:51:55.721Z,sell,8.64e-06,1111.0,0.00959904
DLT/BTC,1562176317074,2019-07-03T17:51:57.074Z,buy,8.65e-06,225.0,0.00194625
DLT/BTC,1562176317365,2019-07-03T17:51:57.365Z,sell,8.64e-06,4097.0,0.03539808
DLT/BTC,1562176318035,2019-07-03T17:51:58.035Z,buy,8.65e-06,11.0,9.515e-05
DLT/BTC,1562176318035,2019-07-03T17:51:58.035Z,buy,8.66e-06,6537.0,0.05661042
DLT/BTC,1562176320738,2019-07-03T17:52:00.738Z,sell,8.67e-06,234.0,0.00202878
DLT/BTC,1562176320738,2019-07-03T17:52:00.738Z,sell,8.65e-06,113.0,0.00097745
DLT/BTC,1562176322412,2019-07-03T17:52:02.412Z,sell,8.65e-06,2199.0,0.01902135
DLT/BTC,1562176322412,2019-07-03T17:52:02.412Z,sell,8.64e-06,2039.0,0.01761696
DLT/BTC,1562176322499,2019-07-03T17:52:02.499Z,buy,8.68e-06,12.0,0.00010416
DLT/BTC,1562176322499,2019-07-03T17:52:02.499Z,buy,8.69e-06,218.0,0.00189442
DLT/BTC,1562176325239,2019-07-03T17:52:05.239Z,buy,8.68e-06,1901.0,0.01650068
DLT/BTC,1562176325239,2019-07-03T17:52:05.239Z,buy,8.69e-06,2607.0,0.02265483
DLT/BTC,1562176325470,2019-07-03T17:52:05.470Z,buy,8.68e-06,1767.0,0.01533756
DLT/BTC,1562176325470,2019-07-03T17:52:05.470Z,buy,8.69e-06,1271.0,0.01104499
DLT/BTC,1562176325470,2019-07-03T17:52:05.470Z,buy,8.7e-06,2670.0,0.023229
DLT/BTC,1562176325914,2019-07-03T17:52:05.914Z,buy,8.68e-06,854.0,0.00741272
DLT/BTC,1562176329254,2019-07-03T17:52:09.254Z,sell,8.69e-06,319.0,0.00277211
DLT/BTC,1562176330751,2019-07-03T17:52:10.751Z,buy,8.7e-06,5151.0,0.0448137
DLT/BTC,1562176331459,2019-07-03T17:52:11.459Z,sell,8.7e-06,411.0,0.0035757
DLT/BTC,1562176334370,2019-07-03T17:52:14.370Z,sell,8.7e-06,242.0,0.0021054
DLT/BTC,1562176335057,2019-07-03T17:52:15.057Z,buy,8.73e-06,4582.0,0.04000086
DLT/BTC,1562176335057,2019-07-03T17:52:15.057Z,buy,8.74e-06,4211.0,0.03680414
DLT/BTC,1562176335281,2019-07-03T17:52:15.281Z,buy,8.74e-06,399.0,0.00348726
DLT/BTC,1562176335532,2019-07-03T17:52:15.532Z,buy,8.7e-06,5662.0,0.0492594
DLT/BTC,1562176335536,2019-07-03T17:52:15.536Z,sell,8.7e-06,2563.0,0.0222980999999999
DLT/BTC,1562176342328,2019-07-03T17:52:22.328Z,sell,8.7e-06,7976.0,0.0693912
DLT/BTC,1562176346011,2019-07-03T17:52:26.011Z,buy,8.72e-06,500.0,0.00436
DLT/BTC,1562176349445,2019-07-03T17:52:29.445Z,sell,8.7e-06,233.0,0.0020271
DLT/BTC,1562176349858,2019-07-03T17:52:29.858Z,sell,8.7e-06,225.0,0.0019575
DLT/BTC,1562176350196,2019-07-03T17:52:30.196Z,sell,8.7e-06,321.0,0.0027927
DLT/BTC,1562176350474,2019-07-03T17:52:30.474Z,sell,8.7e-06,1054.0,0.0091698
DLT/BTC,1562176350890,2019-07-03T17:52:30.890Z,buy,8.72e-06,153.0,0.00133416
DLT/BTC,1562176352395,2019-07-03T17:52:32.395Z,sell,8.72e-06,2264.0,0.01974208
DLT/BTC,1562176352395,2019-07-03T17:52:32.395Z,sell,8.7e-06,1281.0,0.0111447
DLT/BTC,1562176355047,2019-07-03T17:52:35.047Z,buy,8.72e-06,1767.0,0.0154082399999999
DLT/BTC,1562176356259,2019-07-03T17:52:36.259Z,buy,8.73e-06,1000.0,0.00873
DLT/BTC,1562176359650,2019-07-03T17:52:39.650Z,buy,8.73e-06,13057.0,0.1139876099999999
DLT/BTC,1562176359650,2019-07-03T17:52:39.650Z,buy,8.74e-06,10604.0,0.0926789599999999
DLT/BTC,1562176359768,2019-07-03T17:52:39.768Z,sell,8.71e-06,241.0,0.00209911
DLT/BTC,1562176361889,2019-07-03T17:52:41.889Z,buy,8.74e-06,6480.0,0.0566352
DLT/BTC,1562176362728,2019-07-03T17:52:42.728Z,buy,8.74e-06,10366.0,0.09059884
DLT/BTC,1562176362998,2019-07-03T17:52:42.998Z,buy,8.74e-06,3538.0,0.0309221199999999
DLT/BTC,1562176363442,2019-07-03T17:52:43.442Z,buy,8.74e-06,22765.0,0.1989660999999999
DLT/BTC,1562176363543,2019-07-03T17:52:43.543Z,buy,8.74e-06,2629.0,0.0229774599999999
DLT/BTC,1562176364057,2019-07-03T17:52:44.057Z,buy,8.74e-06,10236.0,0.08946264
DLT/BTC,1562176364058,2019-07-03T17:52:44.058Z,buy,8.74e-06,13577.0,0.1186629799999999
DLT/BTC,1562176364835,2019-07-03T17:52:44.835Z,buy,8.75e-06,3406.0,0.0298024999999999
DLT/BTC,1562176364835,2019-07-03T17:52:44.835Z,sell,8.75e-06,595.0,0.00520625
DLT/BTC,1562176365637,2019-07-03T17:52:45.637Z,buy,8.76e-06,1883.0,0.01649508
DLT/BTC,1562176366510,2019-07-03T17:52:46.510Z,buy,8.76e-06,688.0,0.00602688
DLT/BTC,1562176366510,2019-07-03T17:52:46.510Z,buy,8.77e-06,2500.0,0.021925
DLT/BTC,1562176366510,2019-07-03T17:52:46.510Z,buy,8.78e-06,82.0,0.00071996
DLT/BTC,1562176367360,2019-07-03T17:52:47.360Z,sell,8.76e-06,649.0,0.00568524
DLT/BTC,1562176367360,2019-07-03T17:52:47.360Z,sell,8.75e-06,5494.0,0.0480725
DLT/BTC,1562176367877,2019-07-03T17:52:47.877Z,buy,8.75e-06,920.0,0.00805
DLT/BTC,1562176367877,2019-07-03T17:52:47.877Z,buy,8.78e-06,155.0,0.0013609
DLT/BTC,1562176368274,2019-07-03T17:52:48.274Z,buy,8.78e-06,1699.0,0.01491722
DLT/BTC,1562176368341,2019-07-03T17:52:48.341Z,buy,8.78e-06,547.0,0.00480266
DLT/BTC,1562176370378,2019-07-03T17:52:50.378Z,sell,8.74e-06,2482.0,0.02169268
DLT/BTC,1562176370378,2019-07-03T17:52:50.378Z,sell,8.73e-06,147.0,0.00128331
DLT/BTC,1562176370444,2019-07-03T17:52:50.444Z,sell,8.73e-06,1736.0,0.0151552799999999
DLT/BTC,1562176370444,2019-07-03T17:52:50.444Z,sell,8.72e-06,15579.0,0.13584888
DLT/BTC,1562176370444,2019-07-03T17:52:50.444Z,sell,8.71e-06,5450.0,0.0474695
DLT/BTC,1562176370922,2019-07-03T17:52:50.922Z,buy,8.78e-06,300.0,0.002634
DLT/BTC,1562176371119,2019-07-03T17:52:51.119Z,buy,8.78e-06,669.0,0.00587382
DLT/BTC,1562176371362,2019-07-03T17:52:51.362Z,buy,8.78e-06,2042.0,0.01792876
DLT/BTC,1562176372413,2019-07-03T17:52:52.413Z,sell,8.78e-06,476.0,0.00417928
DLT/BTC,1562176372606,2019-07-03T17:52:52.606Z,sell,8.78e-06,362.0,0.00317836
DLT/BTC,1562176374108,2019-07-03T17:52:54.108Z,sell,8.78e-06,516.0,0.00453048
DLT/BTC,1562176374671,2019-07-03T17:52:54.671Z,buy,8.79e-06,654.0,0.00574866
DLT/BTC,1562176377410,2019-07-03T17:52:57.410Z,sell,8.78e-06,547.0,0.00480266
DLT/BTC,1562176377458,2019-07-03T17:52:57.458Z,buy,8.79e-06,53037.0,0.46619523
DLT/BTC,1562176377458,2019-07-03T17:52:57.458Z,buy,8.8e-06,7230.0,0.063624
DLT/BTC,1562176377458,2019-07-03T17:52:57.458Z,buy,8.84e-06,2727.0,0.02410668
DLT/BTC,1562176377479,2019-07-03T17:52:57.479Z,sell,8.84e-06,3674.0,0.03247816
DLT/BTC,1562176379062,2019-07-03T17:52:59.062Z,buy,8.8e-06,3403.0,0.0299464
DLT/BTC,1562176379324,2019-07-03T17:52:59.324Z,sell,8.78e-06,1699.0,0.01491722
DLT/BTC,1562176384659,2019-07-03T17:53:04.659Z,sell,8.8e-06,2519.0,0.0221672
DLT/BTC,1562176384659,2019-07-03T17:53:04.659Z,sell,8.79e-06,3583.0,0.03149457
DLT/BTC,1562176384717,2019-07-03T17:53:04.717Z,sell,8.78e-06,646.0,0.00567188
DLT/BTC,1562176384861,2019-07-03T17:53:04.861Z,sell,8.78e-06,255.0,0.0022389
DLT/BTC,1562176385104,2019-07-03T17:53:05.104Z,sell,8.75e-06,181.0,0.0015837499999999
DLT/BTC,1562176385116,2019-07-03T17:53:05.116Z,buy,8.78e-06,1618.0,0.01420604
DLT/BTC,1562176385116,2019-07-03T17:53:05.116Z,buy,8.79e-06,2309.0,0.02029611
DLT/BTC,1562176390014,2019-07-03T17:53:10.014Z,sell,8.75e-06,3198.0,0.0279824999999999
DLT/BTC,1562176391166,2019-07-03T17:53:11.166Z,sell,8.74e-06,3287.0,0.0287283799999999
DLT/BTC,1562176391817,2019-07-03T17:53:11.817Z,sell,8.72e-06,5641.0,0.04918952
DLT/BTC,1562176391904,2019-07-03T17:53:11.904Z,sell,8.72e-06,181.0,0.0015783199999999
DLT/BTC,1562176392084,2019-07-03T17:53:12.084Z,buy,8.74e-06,1512.0,0.0132148799999999
DLT/BTC,1562176392195,2019-07-03T17:53:12.195Z,sell,8.72e-06,2985.0,0.0260292
DLT/BTC,1562176392379,2019-07-03T17:53:12.379Z,sell,8.72e-06,22612.0,0.19717664
DLT/BTC,1562176392379,2019-07-03T17:53:12.379Z,sell,8.71e-06,1049.0,0.0091367899999999
DLT/BTC,1562176392457,2019-07-03T17:53:12.457Z,sell,8.71e-06,1285.0,0.01119235
DLT/BTC,1562176392972,2019-07-03T17:53:12.972Z,sell,8.72e-06,1000.0,0.00872
DLT/BTC,1562176393184,2019-07-03T17:53:13.184Z,sell,8.72e-06,1465.0,0.0127748
DLT/BTC,1562176393393,2019-07-03T17:53:13.393Z,sell,8.75e-06,1159.0,0.01014125
DLT/BTC,1562176393418,2019-07-03T17:53:13.418Z,sell,8.75e-06,1536.0,0.0134399999999999
DLT/BTC,1562176393418,2019-07-03T17:53:13.418Z,sell,8.72e-06,10049.0,0.08762728
DLT/BTC,1562176393511,2019-07-03T17:53:13.511Z,sell,8.72e-06,695.0,0.0060604
DLT/BTC,1562176393686,2019-07-03T17:53:13.686Z,sell,8.72e-06,1342.0,0.01170224
DLT/BTC,1562176395263,2019-07-03T17:53:15.263Z,sell,8.71e-06,1955.0,0.01702805
DLT/BTC,1562176395887,2019-07-03T17:53:15.887Z,sell,8.71e-06,4001.0,0.03484871
DLT/BTC,1562176396006,2019-07-03T17:53:16.006Z,buy,8.72e-06,11294.0,0.0984836799999999
DLT/BTC,1562176396078,2019-07-03T17:53:16.078Z,sell,8.71e-06,323.0,0.0028133299999999
DLT/BTC,1562176396103,2019-07-03T17:53:16.103Z,sell,8.71e-06,387.0,0.00337077
DLT/BTC,1562176396559,2019-07-03T17:53:16.559Z,sell,8.71e-06,241.0,0.00209911
DLT/BTC,1562176397405,2019-07-03T17:53:17.405Z,sell,8.71e-06,247.0,0.00215137
DLT/BTC,1562176398552,2019-07-03T17:53:18.552Z,sell,8.71e-06,561.0,0.00488631
DLT/BTC,1562176399084,2019-07-03T17:53:19.084Z,sell,8.71e-06,13919.0,0.12123449
DLT/BTC,1562176399405,2019-07-03T17:53:19.405Z,sell,8.7e-06,1883.0,0.0163821
DLT/BTC,1562176399405,2019-07-03T17:53:19.405Z,sell,8.7e-06,4.0,3.48e-05
DLT/BTC,1562176399405,2019-07-03T17:53:19.405Z,sell,8.69e-06,2244.0,0.01950036
DLT/BTC,1562176399405,2019-07-03T17:53:19.405Z,sell,8.64e-06,2604.0,0.02249856
DLT/BTC,1562176399405,2019-07-03T17:53:19.405Z,sell,8.64e-06,12387.0,0.10702368
DLT/BTC,1562176399405,2019-07-03T17:53:19.405Z,sell,8.63e-06,13199.0,0.11390737
DLT/BTC,1562176400443,2019-07-03T17:53:20.443Z,sell,8.64e-06,1098.0,0.00948672
DLT/BTC,1562176400892,2019-07-03T17:53:20.892Z,sell,8.64e-06,638.0,0.00551232
DLT/BTC,1562176400892,2019-07-03T17:53:20.892Z,sell,8.62e-06,410.0,0.0035342
DLT/BTC,1562176400892,2019-07-03T17:53:20.892Z,sell,8.6e-06,345.0,0.002967
DLT/BTC,1562176400892,2019-07-03T17:53:20.892Z,sell,8.58e-06,2947.0,0.0252852599999999
DLT/BTC,1562176403294,2019-07-03T17:53:23.294Z,sell,8.64e-06,1190.0,0.0102816
DLT/BTC,1562176403925,2019-07-03T17:53:23.925Z,sell,8.64e-06,169.0,0.00146016
DLT/BTC,1562176403925,2019-07-03T17:53:23.925Z,sell,8.63e-06,939.0,0.00810357
DLT/BTC,1562176405966,2019-07-03T17:53:25.966Z,sell,8.63e-06,323.0,0.00278749
DLT/BTC,1562176407262,2019-07-03T17:53:27.262Z,buy,8.64e-06,2388.0,0.02063232
DLT/BTC,1562176407262,2019-07-03T17:53:27.262Z,buy,8.65e-06,923.0,0.00798395
DLT/BTC,1562176408867,2019-07-03T17:53:28.867Z,sell,8.67e-06,2317.0,0.02008839
DLT/BTC,1562176409015,2019-07-03T17:53:29.015Z,sell,8.67e-06,6133.0,0.05317311
DLT/BTC,1562176409015,2019-07-03T17:53:29.015Z,sell,8.63e-06,2361.0,0.02037543
DLT/BTC,1562176409505,2019-07-03T17:53:29.505Z,buy,8.63e-06,347.0,0.00299461
DLT/BTC,1562176410380,2019-07-03T17:53:30.380Z,sell,8.59e-06,2406.0,0.02066754
DLT/BTC,1562176410380,2019-07-03T17:53:30.380Z,sell,8.58e-06,2886.0,0.0247618799999999
DLT/BTC,1562176411024,2019-07-03T17:53:31.024Z,buy,8.63e-06,1064.0,0.00918232
DLT/BTC,1562176412278,2019-07-03T17:53:32.278Z,sell,8.6e-06,667.0,0.0057362
DLT/BTC,1562176414976,2019-07-03T17:53:34.976Z,buy,8.6e-06,1978.0,0.0170108
DLT/BTC,1562176415830,2019-07-03T17:53:35.830Z,sell,8.6e-06,1283.0,0.0110338
DLT/BTC,1562176415830,2019-07-03T17:53:35.830Z,sell,8.57e-06,2255.0,0.0193253499999999
DLT/BTC,1562176433298,2019-07-03T17:53:53.298Z,sell,8.58e-06,307.0,0.0026340599999999
DLT/BTC,1562176433890,2019-07-03T17:53:53.890Z,sell,8.57e-06,7571.0,0.06488347
DLT/BTC,1562176434275,2019-07-03T17:53:54.275Z,buy,8.57e-06,1285.0,0.0110124499999999
DLT/BTC,1562176435335,2019-07-03T17:53:55.335Z,sell,8.56e-06,171.0,0.00146376
DLT/BTC,1562176436131,2019-07-03T17:53:56.131Z,sell,8.56e-06,3580.0,0.0306447999999999
DLT/BTC,1562176436996,2019-07-03T17:53:56.996Z,sell,8.56e-06,1036.0,0.00886816
DLT/BTC,1562176440738,2019-07-03T17:54:00.738Z,sell,8.53e-06,6264.0,0.05343192
DLT/BTC,1562176441256,2019-07-03T17:54:01.256Z,buy,8.56e-06,121.0,0.00103576
DLT/BTC,1562176442413,2019-07-03T17:54:02.413Z,sell,8.53e-06,3736.0,0.03186808
DLT/BTC,1562176442413,2019-07-03T17:54:02.413Z,sell,8.52e-06,67.0,0.00057084
DLT/BTC,1562176442413,2019-07-03T17:54:02.413Z,sell,8.51e-06,492.0,0.00418692
DLT/BTC,1562176442413,2019-07-03T17:54:02.413Z,sell,8.5e-06,1407.0,0.0119595
DLT/BTC,1562176450506,2019-07-03T17:54:10.506Z,sell,8.5e-06,3657.0,0.0310845
DLT/BTC,1562176452864,2019-07-03T17:54:12.864Z,sell,8.5e-06,517.0,0.0043945
DLT/BTC,1562176454739,2019-07-03T17:54:14.739Z,sell,8.5e-06,2492.0,0.021182
DLT/BTC,1562176455386,2019-07-03T17:54:15.386Z,buy,8.49e-06,492.0,0.00417708
DLT/BTC,1562176457828,2019-07-03T17:54:17.828Z,sell,8.48e-06,668.0,0.00566464
DLT/BTC,1562176463969,2019-07-03T17:54:23.969Z,buy,8.49e-06,1596.0,0.01355004
DLT/BTC,1562176466979,2019-07-03T17:54:26.979Z,buy,8.5e-06,5160.0,0.0438599999999999
DLT/BTC,1562176466979,2019-07-03T17:54:26.979Z,buy,8.57e-06,7360.0,0.0630752
DLT/BTC,1562176466979,2019-07-03T17:54:26.979Z,buy,8.59e-06,421.0,0.00361639
DLT/BTC,1562176468289,2019-07-03T17:54:28.289Z,sell,8.53e-06,492.0,0.00419676
DLT/BTC,1562176468289,2019-07-03T17:54:28.289Z,sell,8.52e-06,667.0,0.00568284
DLT/BTC,1562176468289,2019-07-03T17:54:28.289Z,sell,8.51e-06,1935.0,0.0164668499999999
DLT/BTC,1562176468289,2019-07-03T17:54:28.289Z,sell,8.5e-06,3970.0,0.033745
DLT/BTC,1562176487535,2019-07-03T17:54:47.535Z,buy,8.57e-06,3960.0,0.0339371999999999
DLT/BTC,1562176487535,2019-07-03T17:54:47.535Z,buy,8.58e-06,492.0,0.0042213599999999
DLT/BTC,1562176487535,2019-07-03T17:54:47.535Z,buy,8.59e-06,2899.0,0.02490241
DLT/BTC,1562176487565,2019-07-03T17:54:47.565Z,sell,8.59e-06,416.0,0.00357344
DLT/BTC,1562176488323,2019-07-03T17:54:48.323Z,sell,8.59e-06,3181.0,0.02732479
DLT/BTC,1562176497325,2019-07-03T17:54:57.325Z,sell,8.6e-06,9263.0,0.0796618
DLT/BTC,1562176497369,2019-07-03T17:54:57.369Z,sell,8.6e-06,2892.0,0.0248712
DLT/BTC,1562176498094,2019-07-03T17:54:58.094Z,buy,8.59e-06,1016.0,0.00872744
DLT/BTC,1562176498094,2019-07-03T17:54:58.094Z,buy,8.62e-06,280.0,0.0024136
DLT/BTC,1562176499808,2019-07-03T17:54:59.808Z,buy,8.58e-06,667.0,0.00572286
DLT/BTC,1562176505329,2019-07-03T17:55:05.329Z,sell,8.59e-06,483.0,0.00414897
DLT/BTC,1562176505329,2019-07-03T17:55:05.329Z,sell,8.58e-06,443.0,0.0038009399999999
DLT/BTC,1562176513705,2019-07-03T17:55:13.705Z,buy,8.61e-06,36.0,0.00030996
DLT/BTC,1562176530749,2019-07-03T17:55:30.749Z,sell,8.59e-06,415.0,0.00356485
DLT/BTC,1562176530758,2019-07-03T17:55:30.758Z,sell,8.59e-06,415.0,0.00356485
DLT/BTC,1562176535045,2019-07-03T17:55:35.045Z,sell,8.59e-06,1750.0,0.0150325
DLT/BTC,1562176539948,2019-07-03T17:55:39.948Z,sell,8.58e-06,230.0,0.0019733999999999
DLT/BTC,1562176564716,2019-07-03T17:56:04.716Z,buy,8.59e-06,1181.0,0.01014479
DLT/BTC,1562176589429,2019-07-03T17:56:29.429Z,buy,8.59e-06,3089.0,0.02653451
DLT/BTC,1562176589429,2019-07-03T17:56:29.429Z,buy,8.6e-06,1148.0,0.0098728
DLT/BTC,1562176589429,2019-07-03T17:56:29.429Z,buy,8.61e-06,1146.0,0.00986706
DLT/BTC,1562176589727,2019-07-03T17:56:29.727Z,sell,8.59e-06,662.0,0.00568658
DLT/BTC,1562176592278,2019-07-03T17:56:32.278Z,buy,8.59e-06,121.0,0.00103939
DLT/BTC,1562176600435,2019-07-03T17:56:40.435Z,sell,8.58e-06,121.0,0.0010381799999999
DLT/BTC,1562176601031,2019-07-03T17:56:41.031Z,sell,8.58e-06,5000.0,0.0428999999999999
DLT/BTC,1562176606564,2019-07-03T17:56:46.564Z,sell,8.58e-06,756.0,0.0064864799999999
DLT/BTC,1562176609821,2019-07-03T17:56:49.821Z,sell,8.56e-06,670.0,0.0057351999999999
DLT/BTC,1562176614607,2019-07-03T17:56:54.607Z,sell,8.55e-06,128.0,0.0010944
DLT/BTC,1562176617955,2019-07-03T17:56:57.955Z,sell,8.53e-06,708.0,0.0060392399999999
DLT/BTC,1562176621224,2019-07-03T17:57:01.224Z,buy,8.54e-06,2945.0,0.0251502999999999
DLT/BTC,1562176621260,2019-07-03T17:57:01.260Z,sell,8.53e-06,2431.0,0.02073643
DLT/BTC,1562176623789,2019-07-03T17:57:03.789Z,sell,8.53e-06,3297.0,0.0281234099999999
DLT/BTC,1562176623789,2019-07-03T17:57:03.789Z,sell,8.5e-06,11875.0,0.1009375
DLT/BTC,1562176625781,2019-07-03T17:57:05.781Z,buy,8.5e-06,178.0,0.001513
DLT/BTC,1562176626002,2019-07-03T17:57:06.002Z,sell,8.48e-06,416.0,0.00352768
DLT/BTC,1562176627762,2019-07-03T17:57:07.762Z,sell,8.47e-06,3531.0,0.02990757
DLT/BTC,1562176632895,2019-07-03T17:57:12.895Z,sell,8.45e-06,421.0,0.00355745
DLT/BTC,1562176632895,2019-07-03T17:57:12.895Z,sell,8.44e-06,7.0,5.908e-05
DLT/BTC,1562176647938,2019-07-03T17:57:27.938Z,buy,8.46e-06,1982.0,0.01676772
DLT/BTC,1562176701537,2019-07-03T17:58:21.537Z,sell,8.46e-06,393.0,0.00332478
DLT/BTC,1562176701537,2019-07-03T17:58:21.537Z,sell,8.44e-06,113.0,0.00095372
DLT/BTC,1562176703931,2019-07-03T17:58:23.931Z,sell,8.44e-06,4762.0,0.04019128
DLT/BTC,1562176705078,2019-07-03T17:58:25.078Z,sell,8.43e-06,1919.0,0.01617717
DLT/BTC,1562176706928,2019-07-03T17:58:26.928Z,sell,8.43e-06,3544.0,0.02987592
DLT/BTC,1562176708725,2019-07-03T17:58:28.725Z,sell,8.4e-06,1960.0,0.016464
DLT/BTC,1562176708725,2019-07-03T17:58:28.725Z,sell,8.39e-06,102.0,0.0008557799999999
DLT/BTC,1562176710845,2019-07-03T17:58:30.845Z,sell,8.39e-06,496.0,0.00416144
DLT/BTC,1562176710845,2019-07-03T17:58:30.845Z,sell,8.38e-06,985.0,0.0082543
DLT/BTC,1562176710845,2019-07-03T17:58:30.845Z,sell,8.35e-06,1477.0,0.0123329499999999
DLT/BTC,1562176710845,2019-07-03T17:58:30.845Z,sell,8.34e-06,3655.0,0.0304826999999999
DLT/BTC,1562176710845,2019-07-03T17:58:30.845Z,sell,8.33e-06,15844.0,0.13198052
DLT/BTC,1562176710845,2019-07-03T17:58:30.845Z,sell,8.32e-06,16575.0,0.137904
DLT/BTC,1562176710845,2019-07-03T17:58:30.845Z,sell,8.31e-06,26810.0,0.2227911
DLT/BTC,1562176710845,2019-07-03T17:58:30.845Z,sell,8.3e-06,4329.0,0.0359307
DLT/BTC,1562176710845,2019-07-03T17:58:30.845Z,sell,8.29e-06,5317.0,0.04407793
DLT/BTC,1562176710845,2019-07-03T17:58:30.845Z,sell,8.29e-06,1064.0,0.00882056
DLT/BTC,1562176711422,2019-07-03T17:58:31.422Z,buy,8.33e-06,357.0,0.00297381
DLT/BTC,1562176711468,2019-07-03T17:58:31.468Z,buy,8.33e-06,1200.0,0.009996
DLT/BTC,1562176711469,2019-07-03T17:58:31.469Z,buy,8.33e-06,929.0,0.00773857
DLT/BTC,1562176711479,2019-07-03T17:58:31.479Z,buy,8.33e-06,357.0,0.00297381
DLT/BTC,1562176711949,2019-07-03T17:58:31.949Z,sell,8.31e-06,826.0,0.00686406
DLT/BTC,1562176713142,2019-07-03T17:58:33.142Z,sell,8.31e-06,345.0,0.00286695
DLT/BTC,1562176713880,2019-07-03T17:58:33.880Z,sell,8.31e-06,459.0,0.00381429
DLT/BTC,1562176713880,2019-07-03T17:58:33.880Z,sell,8.3e-06,1287.0,0.0106821
DLT/BTC,1562176716710,2019-07-03T17:58:36.710Z,sell,8.3e-06,9047.0,0.0750901
DLT/BTC,1562176717135,2019-07-03T17:58:37.135Z,sell,8.3e-06,2402.0,0.0199366
DLT/BTC,1562176717135,2019-07-03T17:58:37.135Z,sell,8.29e-06,12266.0,0.10168514
DLT/BTC,1562176719522,2019-07-03T17:58:39.522Z,buy,8.3e-06,511.0,0.0042413
DLT/BTC,1562176721049,2019-07-03T17:58:41.049Z,sell,8.29e-06,410.0,0.0033989
DLT/BTC,1562176721516,2019-07-03T17:58:41.516Z,sell,8.29e-06,1960.0,0.0162484
DLT/BTC,1562176721694,2019-07-03T17:58:41.694Z,sell,8.29e-06,177.0,0.00146733
DLT/BTC,1562176721937,2019-07-03T17:58:41.937Z,sell,8.29e-06,993.0,0.00823197
DLT/BTC,1562176725159,2019-07-03T17:58:45.159Z,buy,8.28e-06,657.0,0.00543996
DLT/BTC,1562176725414,2019-07-03T17:58:45.414Z,buy,8.28e-06,522.0,0.00432216
DLT/BTC,1562176726018,2019-07-03T17:58:46.018Z,sell,8.28e-06,20478.0,0.16955784
DLT/BTC,1562176729277,2019-07-03T17:58:49.277Z,buy,8.28e-06,919.0,0.00760932
DLT/BTC,1562176731251,2019-07-03T17:58:51.251Z,sell,8.27e-06,1360.0,0.0112472
DLT/BTC,1562176732390,2019-07-03T17:58:52.390Z,buy,8.29e-06,41.0,0.00033989
DLT/BTC,1562176734873,2019-07-03T17:58:54.873Z,buy,8.29e-06,3790.0,0.0314191
DLT/BTC,1562176734944,2019-07-03T17:58:54.944Z,sell,8.3e-06,612.0,0.0050796
DLT/BTC,1562176735518,2019-07-03T17:58:55.518Z,buy,8.31e-06,128.0,0.00106368
DLT/BTC,1562176737279,2019-07-03T17:58:57.279Z,sell,8.31e-06,558.0,0.00463698
DLT/BTC,1562176737679,2019-07-03T17:58:57.679Z,buy,8.31e-06,192.0,0.00159552
DLT/BTC,1562176745275,2019-07-03T17:59:05.275Z,buy,8.32e-06,426.0,0.00354432
DLT/BTC,1562176750471,2019-07-03T17:59:10.471Z,buy,8.32e-06,774.0,0.00643968
DLT/BTC,1562176752680,2019-07-03T17:59:12.680Z,buy,8.33e-06,1112.0,0.00926296
DLT/BTC,1562176771328,2019-07-03T17:59:31.328Z,sell,8.32e-06,2580.0,0.0214656
DLT/BTC,1562176771328,2019-07-03T17:59:31.328Z,sell,8.31e-06,1534.0,0.01274754
DLT/BTC,1562176771328,2019-07-03T17:59:31.328Z,sell,8.28e-06,424.0,0.00351072
DLT/BTC,1562176771328,2019-07-03T17:59:31.328Z,sell,8.24e-06,1998.0,0.01646352
DLT/BTC,1562176771684,2019-07-03T17:59:31.684Z,buy,8.33e-06,159.0,0.00132447
DLT/BTC,1562176780746,2019-07-03T17:59:40.746Z,sell,8.29e-06,2311.0,0.01915819
DLT/BTC,1562176780746,2019-07-03T17:59:40.746Z,sell,8.28e-06,3383.0,0.02801124
DLT/BTC,1562176781397,2019-07-03T17:59:41.397Z,buy,8.29e-06,317.0,0.00262793
DLT/BTC,1562176781398,2019-07-03T17:59:41.398Z,buy,8.29e-06,109.0,0.00090361
DLT/BTC,1562176785327,2019-07-03T17:59:45.327Z,sell,8.29e-06,182.0,0.00150878
DLT/BTC,1562176787614,2019-07-03T17:59:47.614Z,buy,8.3e-06,616.0,0.0051128
DLT/BTC,1562176787614,2019-07-03T17:59:47.614Z,buy,8.31e-06,1997.0,0.01659507
DLT/BTC,1562176787614,2019-07-03T17:59:47.614Z,buy,8.32e-06,15792.0,0.13138944
DLT/BTC,1562176792041,2019-07-03T17:59:52.041Z,buy,8.34e-06,42.0,0.00035028
DLT/BTC,1562176792054,2019-07-03T17:59:52.054Z,sell,8.28e-06,508.0,0.00420624
DLT/BTC,1562176792054,2019-07-03T17:59:52.054Z,sell,8.27e-06,1379.0,0.01140433
DLT/BTC,1562176792564,2019-07-03T17:59:52.564Z,buy,8.32e-06,1198.0,0.00996736
DLT/BTC,1562176792564,2019-07-03T17:59:52.564Z,buy,8.33e-06,295.0,0.00245735
DLT/BTC,1562176792680,2019-07-03T17:59:52.680Z,buy,8.33e-06,536.0,0.00446488
DLT/BTC,1562176793779,2019-07-03T17:59:53.779Z,buy,8.33e-06,1628.0,0.01356124
DLT/BTC,1562176794943,2019-07-03T17:59:54.943Z,buy,8.33e-06,1616.0,0.0134612799999999
DLT/BTC,1562176794943,2019-07-03T17:59:54.943Z,buy,8.34e-06,5341.0,0.04454394
DLT/BTC,1562176794967,2019-07-03T17:59:54.967Z,sell,8.34e-06,481.0,0.00401154
DLT/BTC,1562176794975,2019-07-03T17:59:54.975Z,sell,8.34e-06,317.0,0.00264378
DLT/BTC,1562176795185,2019-07-03T17:59:55.185Z,sell,8.34e-06,681.0,0.0056795399999999
DLT/BTC,1562176795185,2019-07-03T17:59:55.185Z,sell,8.34e-06,681.0,0.0056795399999999
DLT/BTC,1562176800191,2019-07-03T18:00:00.191Z,buy,8.35e-06,1949.0,0.0162741499999999
DLT/BTC,1562176807060,2019-07-03T18:00:07.060Z,sell,8.35e-06,635.0,0.00530225
DLT/BTC,1562176807060,2019-07-03T18:00:07.060Z,sell,8.34e-06,149.0,0.00124266
DLT/BTC,1562176847017,2019-07-03T18:00:47.017Z,buy,8.33e-06,1022.0,0.00851326
DLT/BTC,1562176855143,2019-07-03T18:00:55.143Z,buy,8.35e-06,238.0,0.0019873
DLT/BTC,1562176855143,2019-07-03T18:00:55.143Z,buy,8.36e-06,5232.0,0.04373952
DLT/BTC,1562176864910,2019-07-03T18:01:04.910Z,buy,8.36e-06,330.0,0.0027588
DLT/BTC,1562176865133,2019-07-03T18:01:05.133Z,buy,8.37e-06,831.0,0.0069554699999999
DLT/BTC,1562176865697,2019-07-03T18:01:05.697Z,buy,8.38e-06,214.0,0.00179332
DLT/BTC,1562176872774,2019-07-03T18:01:12.774Z,sell,8.37e-06,421.0,0.00352377
DLT/BTC,1562176872785,2019-07-03T18:01:12.785Z,buy,8.38e-06,640.0,0.0053631999999999
DLT/BTC,1562176881896,2019-07-03T18:01:21.896Z,buy,8.4e-06,42.0,0.0003527999999999
DLT/BTC,1562176884376,2019-07-03T18:01:24.376Z,buy,8.4e-06,161.0,0.0013524
DLT/BTC,1562176884376,2019-07-03T18:01:24.376Z,buy,8.41e-06,427.0,0.00359107
DLT/BTC,1562176884376,2019-07-03T18:01:24.376Z,buy,8.42e-06,155.0,0.0013051
DLT/BTC,1562176884376,2019-07-03T18:01:24.376Z,buy,8.43e-06,607.0,0.00511701
DLT/BTC,1562176885232,2019-07-03T18:01:25.232Z,sell,8.4e-06,442.0,0.0037127999999999
DLT/BTC,1562176885246,2019-07-03T18:01:25.246Z,sell,8.4e-06,553.0,0.0046451999999999
DLT/BTC,1562176897407,2019-07-03T18:01:37.407Z,sell,8.4e-06,6363.0,0.0534491999999999
DLT/BTC,1562176901614,2019-07-03T18:01:41.614Z,buy,8.41e-06,175.0,0.00147175
DLT/BTC,1562176903056,2019-07-03T18:01:43.056Z,sell,8.4e-06,300.0,0.0025199999999999
DLT/BTC,1562176905144,2019-07-03T18:01:45.144Z,buy,8.41e-06,1077.0,0.00905757
DLT/BTC,1562176905569,2019-07-03T18:01:45.569Z,buy,8.42e-06,8042.0,0.06771364
DLT/BTC,1562176922893,2019-07-03T18:02:02.893Z,buy,8.42e-06,12958.0,0.10910636
DLT/BTC,1562176925323,2019-07-03T18:02:05.323Z,buy,8.43e-06,463.0,0.00390309
DLT/BTC,1562176944312,2019-07-03T18:02:24.312Z,sell,8.43e-06,174.0,0.00146682
DLT/BTC,1562176952312,2019-07-03T18:02:32.312Z,buy,8.45e-06,294.0,0.0024843
DLT/BTC,1562176967943,2019-07-03T18:02:47.943Z,buy,8.45e-06,4.0,3.38e-05
DLT/BTC,1562176979146,2019-07-03T18:02:59.146Z,sell,8.45e-06,1179.0,0.00996255
DLT/BTC,1562176979146,2019-07-03T18:02:59.146Z,sell,8.44e-06,1.0,8.44e-06
DLT/BTC,1562176979613,2019-07-03T18:02:59.613Z,buy,8.47e-06,2410.0,0.0204127
DLT/BTC,1562176989731,2019-07-03T18:03:09.731Z,buy,8.46e-06,378.0,0.00319788
DLT/BTC,1562176991588,2019-07-03T18:03:11.588Z,buy,8.46e-06,35.0,0.0002961
DLT/BTC,1562176996075,2019-07-03T18:03:16.075Z,buy,8.46e-06,7548.0,0.06385608
DLT/BTC,1562176996075,2019-07-03T18:03:16.075Z,buy,8.47e-06,3149.0,0.02667203
DLT/BTC,1562177013874,2019-07-03T18:03:33.874Z,buy,8.47e-06,3242.0,0.02745974
DLT/BTC,1562177025643,2019-07-03T18:03:45.643Z,sell,8.45e-06,2500.0,0.021125
DLT/BTC,1562177037730,2019-07-03T18:03:57.730Z,sell,8.45e-06,653.0,0.00551785
DLT/BTC,1562177045761,2019-07-03T18:04:05.761Z,buy,8.47e-06,120.0,0.0010164
DLT/BTC,1562177051248,2019-07-03T18:04:11.248Z,buy,8.47e-06,36.0,0.00030492
DLT/BTC,1562177057847,2019-07-03T18:04:17.847Z,sell,8.45e-06,300.0,0.002535
DLT/BTC,1562177060971,2019-07-03T18:04:20.971Z,sell,8.45e-06,2361.0,0.01995045
DLT/BTC,1562177060971,2019-07-03T18:04:20.971Z,sell,8.44e-06,4999.0,0.04219156
DLT/BTC,1562177060997,2019-07-03T18:04:20.997Z,buy,8.42e-06,445.0,0.0037469
DLT/BTC,1562177151924,2019-07-03T18:05:51.924Z,buy,8.42e-06,39.0,0.00032838
DLT/BTC,1562177175175,2019-07-03T18:06:15.175Z,buy,8.42e-06,406.0,0.00341852
DLT/BTC,1562177175175,2019-07-03T18:06:15.175Z,buy,8.43e-06,2153.0,0.01814979
DLT/BTC,1562177175175,2019-07-03T18:06:15.175Z,buy,8.46e-06,10249.0,0.08670654
DLT/BTC,1562177184780,2019-07-03T18:06:24.780Z,sell,8.4e-06,2494.0,0.0209496
DLT/BTC,1562177184780,2019-07-03T18:06:24.780Z,sell,8.39e-06,11150.0,0.0935484999999999
DLT/BTC,1562177185712,2019-07-03T18:06:25.712Z,buy,8.39e-06,598.0,0.0050172199999999
DLT/BTC,1562177224567,2019-07-03T18:07:04.567Z,sell,8.37e-06,6473.0,0.05417901
DLT/BTC,1562177233816,2019-07-03T18:07:13.816Z,sell,8.37e-06,2659.0,0.0222558299999999
DLT/BTC,1562177234365,2019-07-03T18:07:14.365Z,sell,8.37e-06,2935.0,0.02456595
DLT/BTC,1562177241354,2019-07-03T18:07:21.354Z,sell,8.37e-06,1467.0,0.01227879
DLT/BTC,1562177248487,2019-07-03T18:07:28.487Z,sell,8.38e-06,1626.0,0.0136258799999999
DLT/BTC,1562177263247,2019-07-03T18:07:43.247Z,sell,8.38e-06,3874.0,0.03246412
DLT/BTC,1562177263247,2019-07-03T18:07:43.247Z,sell,8.37e-06,24094.0,0.20166678
DLT/BTC,1562177277687,2019-07-03T18:07:57.687Z,sell,8.37e-06,3447.0,0.0288513899999999
DLT/BTC,1562177285888,2019-07-03T18:08:05.888Z,sell,8.37e-06,6000.0,0.0502199999999999
DLT/BTC,1562177318725,2019-07-03T18:08:38.725Z,buy,8.38e-06,40.0,0.0003351999999999
DLT/BTC,1562177318804,2019-07-03T18:08:38.804Z,sell,8.37e-06,136.0,0.00113832
DLT/BTC,1562177333754,2019-07-03T18:08:53.754Z,sell,8.37e-06,513.0,0.0042938099999999
DLT/BTC,1562177335885,2019-07-03T18:08:55.885Z,sell,8.37e-06,2227.0,0.01863999
DLT/BTC,1562177353180,2019-07-03T18:09:13.180Z,sell,8.37e-06,2500.0,0.020925
DLT/BTC,1562177353554,2019-07-03T18:09:13.554Z,sell,8.37e-06,1734.0,0.01451358
DLT/BTC,1562177353727,2019-07-03T18:09:13.727Z,buy,8.37e-06,124.0,0.00103788
DLT/BTC,1562177423730,2019-07-03T18:10:23.730Z,buy,8.39e-06,34.0,0.0002852599999999
DLT/BTC,1562177484535,2019-07-03T18:11:24.535Z,sell,8.37e-06,122.0,0.00102114
DLT/BTC,1562177506700,2019-07-03T18:11:46.700Z,sell,8.37e-06,2725.0,0.02280825
DLT/BTC,1562177506700,2019-07-03T18:11:46.700Z,sell,8.36e-06,5457.0,0.04562052
DLT/BTC,1562177506932,2019-07-03T18:11:46.932Z,sell,8.34e-06,156.0,0.00130104
DLT/BTC,1562177507222,2019-07-03T18:11:47.222Z,buy,8.34e-06,2982.0,0.02486988
DLT/BTC,1562177512476,2019-07-03T18:11:52.476Z,sell,8.34e-06,2506.0,0.0209000399999999
DLT/BTC,1562177512476,2019-07-03T18:11:52.476Z,sell,8.33e-06,1073.0,0.00893809
DLT/BTC,1562177555749,2019-07-03T18:12:35.749Z,buy,8.34e-06,124.0,0.00103416
DLT/BTC,1562177607411,2019-07-03T18:13:27.411Z,sell,8.33e-06,12593.0,0.10489969
DLT/BTC,1562177607411,2019-07-03T18:13:27.411Z,sell,8.32e-06,5701.0,0.04743232
DLT/BTC,1562177607411,2019-07-03T18:13:27.411Z,sell,8.3e-06,6334.0,0.0525722
DLT/BTC,1562177608065,2019-07-03T18:13:28.065Z,sell,8.31e-06,293.0,0.00243483
DLT/BTC,1562177671343,2019-07-03T18:14:31.343Z,buy,8.35e-06,35.0,0.00029225
DLT/BTC,1562177680447,2019-07-03T18:14:40.447Z,buy,8.35e-06,6427.0,0.0536654499999999
DLT/BTC,1562177701565,2019-07-03T18:15:01.565Z,buy,8.35e-06,10504.0,0.0877083999999999
DLT/BTC,1562177714175,2019-07-03T18:15:14.175Z,sell,8.34e-06,3402.0,0.02837268
DLT/BTC,1562177720930,2019-07-03T18:15:20.930Z,buy,8.34e-06,685.0,0.0057129
DLT/BTC,1562177721146,2019-07-03T18:15:21.146Z,buy,8.34e-06,388.0,0.0032359199999999
DLT/BTC,1562177855664,2019-07-03T18:17:35.664Z,buy,8.37e-06,333.0,0.00278721
DLT/BTC,1562177935579,2019-07-03T18:18:55.579Z,buy,8.36e-06,685.0,0.0057266
DLT/BTC,1562177935579,2019-07-03T18:18:55.579Z,buy,8.37e-06,2808.0,0.02350296
DLT/BTC,1562177944752,2019-07-03T18:19:04.752Z,buy,8.37e-06,812.0,0.00679644
DLT/BTC,1562177948011,2019-07-03T18:19:08.011Z,buy,8.37e-06,1990.0,0.0166563
DLT/BTC,1562177981958,2019-07-03T18:19:41.958Z,buy,8.37e-06,33.0,0.00027621
DLT/BTC,1562178003525,2019-07-03T18:20:03.525Z,buy,8.37e-06,237.0,0.0019836899999999
DLT/BTC,1562178018951,2019-07-03T18:20:18.951Z,buy,8.37e-06,38.0,0.00031806
DLT/BTC,1562178185729,2019-07-03T18:23:05.729Z,sell,8.33e-06,1197.0,0.00997101
DLT/BTC,1562178191765,2019-07-03T18:23:11.765Z,sell,8.32e-06,2691.0,0.02238912
DLT/BTC,1562178205655,2019-07-03T18:23:25.655Z,sell,8.3e-06,12047.0,0.0999901
DLT/BTC,1562178205861,2019-07-03T18:23:25.861Z,buy,8.29e-06,216.0,0.00179064
DLT/BTC,1562178205961,2019-07-03T18:23:25.961Z,buy,8.29e-06,216.0,0.00179064
DLT/BTC,1562178206521,2019-07-03T18:23:26.521Z,buy,8.29e-06,191.0,0.00158339
DLT/BTC,1562178211114,2019-07-03T18:23:31.114Z,buy,8.29e-06,138.0,0.00114402
DLT/BTC,1562178221535,2019-07-03T18:23:41.535Z,sell,8.27e-06,157.0,0.00129839
DLT/BTC,1562178221544,2019-07-03T18:23:41.544Z,sell,8.23e-06,1354.0,0.01114342
DLT/BTC,1562178221544,2019-07-03T18:23:41.544Z,sell,8.22e-06,1359.0,0.0111709799999999
DLT/BTC,1562178221544,2019-07-03T18:23:41.544Z,sell,8.21e-06,3374.0,0.02770054
DLT/BTC,1562178221544,2019-07-03T18:23:41.544Z,sell,8.2e-06,6779.0,0.0555877999999999
DLT/BTC,1562178221786,2019-07-03T18:23:41.786Z,buy,8.27e-06,11491.0,0.09503057
DLT/BTC,1562178221818,2019-07-03T18:23:41.818Z,sell,8.27e-06,512.0,0.00423424
DLT/BTC,1562178221832,2019-07-03T18:23:41.832Z,sell,8.27e-06,1990.0,0.0164573
DLT/BTC,1562178222321,2019-07-03T18:23:42.321Z,sell,8.27e-06,7.0,5.789e-05
DLT/BTC,1562178239022,2019-07-03T18:23:59.022Z,buy,8.26e-06,135.0,0.0011151
DLT/BTC,1562178239138,2019-07-03T18:23:59.138Z,buy,8.26e-06,26.0,0.00021476
DLT/BTC,1562178239138,2019-07-03T18:23:59.138Z,buy,8.27e-06,416.0,0.00344032
DLT/BTC,1562178239138,2019-07-03T18:23:59.138Z,buy,8.28e-06,2968.0,0.02457504
DLT/BTC,1562178239138,2019-07-03T18:23:59.138Z,buy,8.3e-06,842.0,0.0069886
DLT/BTC,1562178239138,2019-07-03T18:23:59.138Z,buy,8.31e-06,177.0,0.00147087
DLT/BTC,1562178342118,2019-07-03T18:25:42.118Z,sell,8.29e-06,693.0,0.00574497
DLT/BTC,1562178342144,2019-07-03T18:25:42.144Z,buy,8.29e-06,200.0,0.001658
DLT/BTC,1562178357963,2019-07-03T18:25:57.963Z,sell,8.28e-06,181.0,0.00149868
DLT/BTC,1562178395300,2019-07-03T18:26:35.300Z,buy,8.29e-06,181.0,0.00150049
DLT/BTC,1562178395599,2019-07-03T18:26:35.599Z,buy,8.29e-06,512.0,0.00424448
DLT/BTC,1562178450780,2019-07-03T18:27:30.780Z,buy,8.29e-06,1237.0,0.01025473
DLT/BTC,1562178487104,2019-07-03T18:28:07.104Z,sell,8.31e-06,1350.0,0.0112185
DLT/BTC,1562178491734,2019-07-03T18:28:11.734Z,sell,8.31e-06,485.0,0.00403035
DLT/BTC,1562178491734,2019-07-03T18:28:11.734Z,sell,8.3e-06,4727.0,0.0392341
DLT/BTC,1562178498818,2019-07-03T18:28:18.818Z,buy,8.3e-06,1203.0,0.0099849
DLT/BTC,1562178503175,2019-07-03T18:28:23.175Z,sell,8.29e-06,1424.0,0.01180496
DLT/BTC,1562178503175,2019-07-03T18:28:23.175Z,sell,8.28e-06,696.0,0.00576288
DLT/BTC,1562178513363,2019-07-03T18:28:33.363Z,sell,8.27e-06,1452.0,0.01200804
DLT/BTC,1562178578223,2019-07-03T18:29:38.223Z,sell,8.3e-06,482.0,0.0040006
DLT/BTC,1562178578473,2019-07-03T18:29:38.473Z,sell,8.3e-06,684.0,0.0056772
DLT/BTC,1562178640388,2019-07-03T18:30:40.388Z,buy,8.29e-06,341.0,0.00282689
DLT/BTC,1562178740887,2019-07-03T18:32:20.887Z,sell,8.28e-06,339.0,0.00280692
DLT/BTC,1562178740887,2019-07-03T18:32:20.887Z,sell,8.27e-06,20761.0,0.17169347
DLT/BTC,1562178740887,2019-07-03T18:32:20.887Z,sell,8.25e-06,1282.0,0.0105765
DLT/BTC,1562178772807,2019-07-03T18:32:52.807Z,buy,8.29e-06,465.0,0.00385485
DLT/BTC,1562178776258,2019-07-03T18:32:56.258Z,sell,8.26e-06,2500.0,0.02065
DLT/BTC,1562178781426,2019-07-03T18:33:01.426Z,sell,8.26e-06,45.0,0.0003717
DLT/BTC,1562178781823,2019-07-03T18:33:01.823Z,sell,8.25e-06,893.0,0.00736725
DLT/BTC,1562178799046,2019-07-03T18:33:19.046Z,buy,8.26e-06,45.0,0.0003717
DLT/BTC,1562178828089,2019-07-03T18:33:48.089Z,sell,8.25e-06,955.0,0.00787875
DLT/BTC,1562178854906,2019-07-03T18:34:14.906Z,sell,8.25e-06,453.0,0.00373725
DLT/BTC,1562178878628,2019-07-03T18:34:38.628Z,sell,8.22e-06,5009.0,0.04117398
DLT/BTC,1562178901665,2019-07-03T18:35:01.665Z,sell,8.21e-06,6893.0,0.0565915299999999
DLT/BTC,1562178901665,2019-07-03T18:35:01.665Z,sell,8.2e-06,607.0,0.0049774
DLT/BTC,1562178961850,2019-07-03T18:36:01.850Z,buy,8.22e-06,130.0,0.0010685999999999
DLT/BTC,1562179012075,2019-07-03T18:36:52.075Z,buy,8.23e-06,123.0,0.00101229
DLT/BTC,1562179012463,2019-07-03T18:36:52.463Z,buy,8.23e-06,1215.0,0.00999945
DLT/BTC,1562179014095,2019-07-03T18:36:54.095Z,buy,8.23e-06,877.0,0.00721771
DLT/BTC,1562179016383,2019-07-03T18:36:56.383Z,sell,8.2e-06,166.0,0.0013612
DLT/BTC,1562179129838,2019-07-03T18:38:49.838Z,buy,8.23e-06,990.0,0.0081477
DLT/BTC,1562179249171,2019-07-03T18:40:49.171Z,buy,8.23e-06,4915.0,0.04045045
DLT/BTC,1562179249834,2019-07-03T18:40:49.834Z,buy,8.24e-06,3095.0,0.0255028
DLT/BTC,1562179259723,2019-07-03T18:40:59.723Z,buy,8.24e-06,41.0,0.00033784
DLT/BTC,1562179301168,2019-07-03T18:41:41.168Z,buy,8.24e-06,36.0,0.00029664
DLT/BTC,1562179306274,2019-07-03T18:41:46.274Z,buy,8.24e-06,43.0,0.00035432
DLT/BTC,1562179320352,2019-07-03T18:42:00.352Z,sell,8.23e-06,1689.0,0.01390047
DLT/BTC,1562179322151,2019-07-03T18:42:02.151Z,sell,8.23e-06,166.0,0.00136618
DLT/BTC,1562179349369,2019-07-03T18:42:29.369Z,sell,8.23e-06,3653.0,0.03006419
DLT/BTC,1562179349621,2019-07-03T18:42:29.621Z,sell,8.23e-06,705.0,0.00580215
DLT/BTC,1562179393391,2019-07-03T18:43:13.391Z,buy,8.23e-06,36.0,0.00029628
DLT/BTC,1562179395659,2019-07-03T18:43:15.659Z,buy,8.23e-06,34.0,0.00027982
DLT/BTC,1562179432905,2019-07-03T18:43:52.905Z,buy,8.23e-06,43.0,0.00035389
DLT/BTC,1562179450899,2019-07-03T18:44:10.899Z,buy,8.23e-06,42.0,0.00034566
DLT/BTC,1562179458348,2019-07-03T18:44:18.348Z,buy,8.23e-06,2089.0,0.01719247
DLT/BTC,1562179465537,2019-07-03T18:44:25.537Z,buy,8.23e-06,34.0,0.00027982
DLT/BTC,1562179483906,2019-07-03T18:44:43.906Z,buy,8.23e-06,45.0,0.00037035
DLT/BTC,1562179490730,2019-07-03T18:44:50.730Z,buy,8.23e-06,42.0,0.00034566
DLT/BTC,1562179506203,2019-07-03T18:45:06.203Z,buy,8.22e-06,35.0,0.0002877
DLT/BTC,1562179512373,2019-07-03T18:45:12.373Z,buy,8.22e-06,42.0,0.0003452399999999
DLT/BTC,1562179513031,2019-07-03T18:45:13.031Z,buy,8.22e-06,1752.0,0.0144014399999999
DLT/BTC,1562179514047,2019-07-03T18:45:14.047Z,buy,8.22e-06,122.0,0.0010028399999999
DLT/BTC,1562179520044,2019-07-03T18:45:20.044Z,buy,8.22e-06,122.0,0.0010028399999999
DLT/BTC,1562179523840,2019-07-03T18:45:23.840Z,buy,8.22e-06,35.0,0.0002877
DLT/BTC,1562179529101,2019-07-03T18:45:29.101Z,buy,8.22e-06,122.0,0.0010028399999999
DLT/BTC,1562179532125,2019-07-03T18:45:32.125Z,buy,8.22e-06,122.0,0.0010028399999999
DLT/BTC,1562179562270,2019-07-03T18:46:02.270Z,buy,8.21e-06,122.0,0.00100162
DLT/BTC,1562179641840,2019-07-03T18:47:21.840Z,sell,8.18e-06,692.0,0.0056605599999999
DLT/BTC,1562179641840,2019-07-03T18:47:21.840Z,sell,8.17e-06,2628.0,0.02147076
DLT/BTC,1562179641840,2019-07-03T18:47:21.840Z,sell,8.16e-06,128.0,0.00104448
DLT/BTC,1562179641840,2019-07-03T18:47:21.840Z,sell,8.16e-06,3209.0,0.02618544
DLT/BTC,1562179641840,2019-07-03T18:47:21.840Z,sell,8.16e-06,990.0,0.0080784
DLT/BTC,1562179649463,2019-07-03T18:47:29.463Z,buy,8.17e-06,2014.0,0.01645438
DLT/BTC,1562179649466,2019-07-03T18:47:29.466Z,buy,8.17e-06,3492.0,0.02852964
DLT/BTC,1562179649467,2019-07-03T18:47:29.467Z,buy,8.17e-06,1223.0,0.00999191
DLT/BTC,1562179649481,2019-07-03T18:47:29.481Z,buy,8.17e-06,1672.0,0.0136602399999999
DLT/BTC,1562179649483,2019-07-03T18:47:29.483Z,buy,8.17e-06,948.0,0.00774516
DLT/BTC,1562179649504,2019-07-03T18:47:29.504Z,buy,8.17e-06,314.0,0.00256538
DLT/BTC,1562179686204,2019-07-03T18:48:06.204Z,sell,8.16e-06,146.0,0.00119136
DLT/BTC,1562179758700,2019-07-03T18:49:18.700Z,buy,8.17e-06,314.0,0.00256538
DLT/BTC,1562179758700,2019-07-03T18:49:18.700Z,buy,8.18e-06,3912.0,0.03200016
DLT/BTC,1562179882683,2019-07-03T18:51:22.683Z,buy,8.21e-06,34.0,0.00027914
DLT/BTC,1562179886876,2019-07-03T18:51:26.876Z,sell,8.18e-06,457.0,0.0037382599999999
DLT/BTC,1562179906554,2019-07-03T18:51:46.554Z,buy,8.18e-06,766.0,0.00626588
DLT/BTC,1562179906554,2019-07-03T18:51:46.554Z,buy,8.2e-06,14511.0,0.1189901999999999
DLT/BTC,1562179906554,2019-07-03T18:51:46.554Z,buy,8.21e-06,28204.0,0.2315548399999999
DLT/BTC,1562179906554,2019-07-03T18:51:46.554Z,buy,8.22e-06,5799.0,0.0476677799999999
DLT/BTC,1562179906554,2019-07-03T18:51:46.554Z,buy,8.24e-06,12143.0,0.10005832
DLT/BTC,1562179906599,2019-07-03T18:51:46.599Z,sell,8.24e-06,3483.0,0.02869992
DLT/BTC,1562179906608,2019-07-03T18:51:46.608Z,sell,8.24e-06,3483.0,0.02869992
DLT/BTC,1562179906615,2019-07-03T18:51:46.615Z,sell,8.24e-06,768.0,0.00632832
DLT/BTC,1562179906641,2019-07-03T18:51:46.641Z,sell,8.24e-06,409.0,0.00337016
DLT/BTC,1562179925172,2019-07-03T18:52:05.172Z,sell,8.19e-06,236.0,0.00193284
DLT/BTC,1562179940319,2019-07-03T18:52:20.319Z,buy,8.2e-06,1926.0,0.0157932
DLT/BTC,1562180161762,2019-07-03T18:56:01.762Z,buy,8.25e-06,274.0,0.0022605
DLT/BTC,1562180162877,2019-07-03T18:56:02.877Z,buy,8.25e-06,40.0,0.00033
DLT/BTC,1562180224537,2019-07-03T18:57:04.537Z,buy,8.26e-06,123.0,0.00101598
DLT/BTC,1562180229086,2019-07-03T18:57:09.086Z,buy,8.26e-06,164.0,0.00135464
DLT/BTC,1562180269198,2019-07-03T18:57:49.198Z,buy,8.26e-06,165.0,0.0013629
DLT/BTC,1562180320414,2019-07-03T18:58:40.414Z,sell,8.26e-06,3526.0,0.02912476
DLT/BTC,1562180320600,2019-07-03T18:58:40.600Z,buy,8.26e-06,93.0,0.00076818
DLT/BTC,1562180320600,2019-07-03T18:58:40.600Z,buy,8.26e-06,93.0,0.00076818
DLT/BTC,1562180403550,2019-07-03T19:00:03.550Z,buy,8.28e-06,950.0,0.007866
DLT/BTC,1562180486733,2019-07-03T19:01:26.733Z,sell,8.24e-06,1540.0,0.0126896
DLT/BTC,1562180493304,2019-07-03T19:01:33.304Z,buy,8.24e-06,192.0,0.00158208
DLT/BTC,1562180529487,2019-07-03T19:02:09.487Z,buy,8.24e-06,41.0,0.00033784
DLT/BTC,1562180547037,2019-07-03T19:02:27.037Z,sell,8.23e-06,2355.0,0.01938165
DLT/BTC,1562180611477,2019-07-03T19:03:31.477Z,sell,8.23e-06,4866.0,0.04004718
DLT/BTC,1562180847685,2019-07-03T19:07:27.685Z,sell,8.23e-06,1454.0,0.01196642
DLT/BTC,1562180969638,2019-07-03T19:09:29.638Z,sell,8.23e-06,396.0,0.00325908
DLT/BTC,1562181025326,2019-07-03T19:10:25.326Z,sell,8.23e-06,157.0,0.00129211
DLT/BTC,1562181076131,2019-07-03T19:11:16.131Z,buy,8.24e-06,911.0,0.00750664
DLT/BTC,1562181076131,2019-07-03T19:11:16.131Z,sell,8.23e-06,333.0,0.00274059
DLT/BTC,1562181076508,2019-07-03T19:11:16.508Z,buy,8.24e-06,185.0,0.0015244
DLT/BTC,1562181082160,2019-07-03T19:11:22.160Z,sell,8.23e-06,950.0,0.0078185
DLT/BTC,1562181294188,2019-07-03T19:14:54.188Z,sell,8.25e-06,13400.0,0.11055
DLT/BTC,1562181549330,2019-07-03T19:19:09.330Z,sell,8.25e-06,17053.0,0.14068725
DLT/BTC,1562181590744,2019-07-03T19:19:50.744Z,sell,8.25e-06,231.0,0.00190575
DLT/BTC,1562181756396,2019-07-03T19:22:36.396Z,sell,8.25e-06,2688.0,0.022176
DLT/BTC,1562181757956,2019-07-03T19:22:37.956Z,sell,8.25e-06,1823.0,0.01503975
DLT/BTC,1562181758949,2019-07-03T19:22:38.949Z,sell,8.25e-06,687.0,0.00566775
DLT/BTC,1562181759271,2019-07-03T19:22:39.271Z,sell,8.25e-06,325.0,0.00268125
DLT/BTC,1562181806643,2019-07-03T19:23:26.643Z,buy,8.26e-06,36.0,0.00029736
DLT/BTC,1562181842942,2019-07-03T19:24:02.942Z,sell,8.25e-06,1019.0,0.00840675
DLT/BTC,1562181998277,2019-07-03T19:26:38.277Z,sell,8.26e-06,690.0,0.0056994
DLT/BTC,1562182020685,2019-07-03T19:27:00.685Z,buy,8.26e-06,151.0,0.00124726
DLT/BTC,1562182040907,2019-07-03T19:27:20.907Z,buy,8.26e-06,1663.0,0.01373638
DLT/BTC,1562182168448,2019-07-03T19:29:28.448Z,buy,8.26e-06,45.0,0.0003717
DLT/BTC,1562182218193,2019-07-03T19:30:18.193Z,sell,8.25e-06,1034.0,0.0085305
DLT/BTC,1562182238542,2019-07-03T19:30:38.542Z,buy,8.26e-06,1719.0,0.01419894
DLT/BTC,1562182286768,2019-07-03T19:31:26.768Z,buy,8.28e-06,348.0,0.00288144
DLT/BTC,1562182409574,2019-07-03T19:33:29.574Z,sell,8.25e-06,3170.0,0.0261525
DLT/BTC,1562182496123,2019-07-03T19:34:56.123Z,buy,8.27e-06,971.0,0.00803017
DLT/BTC,1562182560147,2019-07-03T19:36:00.147Z,buy,8.27e-06,35.0,0.00028945
DLT/BTC,1562182561431,2019-07-03T19:36:01.431Z,buy,8.27e-06,50.0,0.0004135
DLT/BTC,1562182791763,2019-07-03T19:39:51.763Z,sell,8.27e-06,4409.0,0.03646243
DLT/BTC,1562182792048,2019-07-03T19:39:52.048Z,sell,8.26e-06,791.0,0.00653366
DLT/BTC,1562182827219,2019-07-03T19:40:27.219Z,sell,8.25e-06,3026.0,0.0249645
DLT/BTC,1562182845964,2019-07-03T19:40:45.964Z,buy,8.27e-06,704.0,0.00582208
DLT/BTC,1562182848697,2019-07-03T19:40:48.697Z,buy,8.27e-06,1097.0,0.00907219
DLT/BTC,1562182848697,2019-07-03T19:40:48.697Z,buy,8.28e-06,5075.0,0.042021
DLT/BTC,1562182848697,2019-07-03T19:40:48.697Z,buy,8.29e-06,15371.0,0.12742559
DLT/BTC,1562182848769,2019-07-03T19:40:48.769Z,sell,8.3e-06,1062.0,0.0088146
DLT/BTC,1562182848774,2019-07-03T19:40:48.774Z,sell,8.3e-06,917.0,0.0076111
DLT/BTC,1562182848797,2019-07-03T19:40:48.797Z,sell,8.29e-06,1062.0,0.00880398
DLT/BTC,1562182848834,2019-07-03T19:40:48.834Z,sell,8.29e-06,3958.0,0.03281182
DLT/BTC,1562182848932,2019-07-03T19:40:48.932Z,sell,8.29e-06,1360.0,0.0112744
DLT/BTC,1562182849042,2019-07-03T19:40:49.042Z,sell,8.29e-06,4552.0,0.03773608
DLT/BTC,1562182953419,2019-07-03T19:42:33.419Z,buy,8.31e-06,1979.0,0.01644549
DLT/BTC,1562182953419,2019-07-03T19:42:33.419Z,buy,8.32e-06,4207.0,0.03500224
DLT/BTC,1562182953419,2019-07-03T19:42:33.419Z,buy,8.33e-06,7901.0,0.06581533
DLT/BTC,1562182970063,2019-07-03T19:42:50.063Z,buy,8.34e-06,3500.0,0.02919
DLT/BTC,1562182970063,2019-07-03T19:42:50.063Z,buy,8.35e-06,9685.0,0.0808697499999999
DLT/BTC,1562182975055,2019-07-03T19:42:55.055Z,sell,8.34e-06,500.0,0.00417
DLT/BTC,1562183010527,2019-07-03T19:43:30.527Z,buy,8.34e-06,4197.0,0.0350029799999999
DLT/BTC,1562183045863,2019-07-03T19:44:05.863Z,buy,8.35e-06,23898.0,0.1995482999999999
DLT/BTC,1562183045873,2019-07-03T19:44:05.873Z,buy,8.35e-06,23760.0,0.198396
DLT/BTC,1562183045918,2019-07-03T19:44:05.918Z,buy,8.35e-06,7296.0,0.0609216
DLT/BTC,1562183046388,2019-07-03T19:44:06.388Z,sell,8.35e-06,139.0,0.00116065
DLT/BTC,1562183049157,2019-07-03T19:44:09.157Z,buy,8.38e-06,3061.0,0.02565118
DLT/BTC,1562183051061,2019-07-03T19:44:11.061Z,buy,8.4e-06,230.0,0.001932
DLT/BTC,1562183052631,2019-07-03T19:44:12.631Z,buy,8.41e-06,5714.0,0.04805474
DLT/BTC,1562183054219,2019-07-03T19:44:14.219Z,sell,8.44e-06,495.0,0.0041778
DLT/BTC,1562183055428,2019-07-03T19:44:15.428Z,sell,8.42e-06,1952.0,0.01643584
DLT/BTC,1562183056410,2019-07-03T19:44:16.410Z,sell,8.42e-06,121.0,0.00101882
DLT/BTC,1562183057137,2019-07-03T19:44:17.137Z,sell,8.42e-06,552.0,0.00464784
DLT/BTC,1562183057227,2019-07-03T19:44:17.227Z,buy,8.42e-06,8279.0,0.06970918
DLT/BTC,1562183057232,2019-07-03T19:44:17.232Z,sell,8.44e-06,495.0,0.0041778
DLT/BTC,1562183060060,2019-07-03T19:44:20.060Z,sell,8.44e-06,2066.0,0.01743704
DLT/BTC,1562183061401,2019-07-03T19:44:21.401Z,sell,8.44e-06,108.0,0.00091152
DLT/BTC,1562183061401,2019-07-03T19:44:21.401Z,sell,8.41e-06,14.0,0.00011774
DLT/BTC,1562183061787,2019-07-03T19:44:21.787Z,buy,8.45e-06,2625.0,0.02218125
DLT/BTC,1562183061787,2019-07-03T19:44:21.787Z,buy,8.46e-06,1731.0,0.01464426
DLT/BTC,1562183061886,2019-07-03T19:44:21.886Z,buy,8.46e-06,7821.0,0.06616566
DLT/BTC,1562183066896,2019-07-03T19:44:26.896Z,buy,8.47e-06,1202.0,0.01018094
DLT/BTC,1562183066896,2019-07-03T19:44:26.896Z,buy,8.49e-06,107.0,0.00090843
DLT/BTC,1562183076169,2019-07-03T19:44:36.169Z,buy,8.49e-06,46.0,0.00039054
DLT/BTC,1562183076522,2019-07-03T19:44:36.522Z,buy,8.5e-06,666.0,0.005661
DLT/BTC,1562183076846,2019-07-03T19:44:36.846Z,buy,8.5e-06,790.0,0.006715
DLT/BTC,1562183084740,2019-07-03T19:44:44.740Z,buy,8.52e-06,192.0,0.00163584
DLT/BTC,1562183084754,2019-07-03T19:44:44.754Z,sell,8.52e-06,572.0,0.00487344
DLT/BTC,1562183087996,2019-07-03T19:44:47.996Z,buy,8.54e-06,357.0,0.0030487799999999
DLT/BTC,1562183088284,2019-07-03T19:44:48.284Z,buy,8.54e-06,1099.0,0.00938546
DLT/BTC,1562183088284,2019-07-03T19:44:48.284Z,buy,8.55e-06,6229.0,0.05325795
DLT/BTC,1562183088284,2019-07-03T19:44:48.284Z,buy,8.56e-06,771.0,0.00659976
DLT/BTC,1562183088284,2019-07-03T19:44:48.284Z,buy,8.59e-06,1487.0,0.01277333
DLT/BTC,1562183088284,2019-07-03T19:44:48.284Z,buy,8.6e-06,259.0,0.0022274
DLT/BTC,1562183088309,2019-07-03T19:44:48.309Z,sell,8.6e-06,745.0,0.006407
DLT/BTC,1562183088314,2019-07-03T19:44:48.314Z,sell,8.6e-06,745.0,0.006407
DLT/BTC,1562183088316,2019-07-03T19:44:48.316Z,sell,8.6e-06,745.0,0.006407
DLT/BTC,1562183088323,2019-07-03T19:44:48.323Z,sell,8.6e-06,3166.0,0.0272276
DLT/BTC,1562183088328,2019-07-03T19:44:48.328Z,sell,8.6e-06,706.0,0.0060716
DLT/BTC,1562183088342,2019-07-03T19:44:48.342Z,sell,8.6e-06,823.0,0.0070778
DLT/BTC,1562183088361,2019-07-03T19:44:48.361Z,sell,8.6e-06,1309.0,0.0112574
DLT/BTC,1562183089905,2019-07-03T19:44:49.905Z,sell,8.6e-06,1493.0,0.0128398
DLT/BTC,1562183090747,2019-07-03T19:44:50.747Z,buy,8.61e-06,3018.0,0.02598498
DLT/BTC,1562183090747,2019-07-03T19:44:50.747Z,buy,8.62e-06,3572.0,0.03079064
DLT/BTC,1562183090918,2019-07-03T19:44:50.918Z,sell,8.64e-06,7542.0,0.06516288
DLT/BTC,1562183091052,2019-07-03T19:44:51.052Z,sell,8.61e-06,2393.0,0.02060373
DLT/BTC,1562183091052,2019-07-03T19:44:51.052Z,sell,8.6e-06,804.0,0.0069144
DLT/BTC,1562183094806,2019-07-03T19:44:54.806Z,sell,8.6e-06,10948.0,0.0941528
DLT/BTC,1562183096046,2019-07-03T19:44:56.046Z,sell,8.6e-06,587.0,0.0050482
DLT/BTC,1562183096331,2019-07-03T19:44:56.331Z,buy,8.62e-06,485.0,0.0041807
DLT/BTC,1562183096331,2019-07-03T19:44:56.331Z,buy,8.63e-06,3805.0,0.03283715
DLT/BTC,1562183100929,2019-07-03T19:45:00.929Z,sell,8.63e-06,614.0,0.00529882
DLT/BTC,1562183101702,2019-07-03T19:45:01.702Z,buy,8.64e-06,160.0,0.0013824
DLT/BTC,1562183103240,2019-07-03T19:45:03.240Z,buy,8.65e-06,231.0,0.00199815
DLT/BTC,1562183104467,2019-07-03T19:45:04.467Z,sell,8.62e-06,341.0,0.00293942
DLT/BTC,1562183105883,2019-07-03T19:45:05.883Z,buy,8.65e-06,232.0,0.0020068
DLT/BTC,1562183112177,2019-07-03T19:45:12.177Z,buy,8.63e-06,1748.0,0.01508524
DLT/BTC,1562183112177,2019-07-03T19:45:12.177Z,buy,8.64e-06,3824.0,0.03303936
DLT/BTC,1562183112993,2019-07-03T19:45:12.993Z,sell,8.62e-06,419.0,0.00361178
DLT/BTC,1562183118225,2019-07-03T19:45:18.225Z,sell,8.62e-06,3472.0,0.02992864
DLT/BTC,1562183137856,2019-07-03T19:45:37.856Z,sell,8.62e-06,1257.0,0.01083534
DLT/BTC,1562183137856,2019-07-03T19:45:37.856Z,sell,8.6e-06,8265.0,0.071079
DLT/BTC,1562183138808,2019-07-03T19:45:38.808Z,sell,8.6e-06,160.0,0.001376
DLT/BTC,1562183146485,2019-07-03T19:45:46.485Z,sell,8.6e-06,11401.0,0.0980486
DLT/BTC,1562183147607,2019-07-03T19:45:47.607Z,sell,8.55e-06,416.0,0.0035567999999999
DLT/BTC,1562183164028,2019-07-03T19:46:04.028Z,buy,8.58e-06,416.0,0.0035692799999999
DLT/BTC,1562183164149,2019-07-03T19:46:04.149Z,buy,8.59e-06,1915.0,0.01644985
DLT/BTC,1562183164694,2019-07-03T19:46:04.694Z,buy,8.59e-06,1287.0,0.01105533
DLT/BTC,1562183165039,2019-07-03T19:46:05.039Z,sell,8.55e-06,489.0,0.00418095
DLT/BTC,1562183165039,2019-07-03T19:46:05.039Z,sell,8.54e-06,580.0,0.0049532
DLT/BTC,1562183165272,2019-07-03T19:46:05.272Z,buy,8.56e-06,302.0,0.0025851199999999
DLT/BTC,1562183180842,2019-07-03T19:46:20.842Z,buy,8.56e-06,500.0,0.00428
DLT/BTC,1562183190020,2019-07-03T19:46:30.020Z,sell,8.55e-06,11032.0,0.0943236
DLT/BTC,1562183194110,2019-07-03T19:46:34.110Z,buy,8.55e-06,618.0,0.0052838999999999
DLT/BTC,1562183220581,2019-07-03T19:47:00.581Z,sell,8.54e-06,3761.0,0.03211894
DLT/BTC,1562183224353,2019-07-03T19:47:04.353Z,buy,8.54e-06,151.0,0.0012895399999999
DLT/BTC,1562183225864,2019-07-03T19:47:05.864Z,buy,8.52e-06,2833.0,0.0241371599999999
DLT/BTC,1562183225864,2019-07-03T19:47:05.864Z,sell,8.52e-06,6240.0,0.0531648
DLT/BTC,1562183233751,2019-07-03T19:47:13.751Z,sell,8.51e-06,2396.0,0.02038996
DLT/BTC,1562183234660,2019-07-03T19:47:14.660Z,buy,8.51e-06,23754.0,0.2021465399999999
DLT/BTC,1562183234660,2019-07-03T19:47:14.660Z,buy,8.52e-06,4473.0,0.03810996
DLT/BTC,1562183241891,2019-07-03T19:47:21.891Z,sell,8.56e-06,662.0,0.0056667199999999
DLT/BTC,1562183241891,2019-07-03T19:47:21.891Z,sell,8.55e-06,598.0,0.0051129
DLT/BTC,1562183262738,2019-07-03T19:47:42.738Z,buy,8.57e-06,662.0,0.00567334
DLT/BTC,1562183262738,2019-07-03T19:47:42.738Z,buy,8.58e-06,1170.0,0.0100385999999999
DLT/BTC,1562183279903,2019-07-03T19:47:59.903Z,buy,8.58e-06,926.0,0.0079450799999999
DLT/BTC,1562183294796,2019-07-03T19:48:14.796Z,buy,8.58e-06,9537.0,0.0818274599999999
DLT/BTC,1562183340236,2019-07-03T19:49:00.236Z,buy,8.56e-06,350.0,0.002996
DLT/BTC,1562183352576,2019-07-03T19:49:12.576Z,sell,8.54e-06,798.0,0.0068149199999999
DLT/BTC,1562183352576,2019-07-03T19:49:12.576Z,sell,8.53e-06,1915.0,0.01633495
DLT/BTC,1562183352576,2019-07-03T19:49:12.576Z,sell,8.52e-06,19408.0,0.16535616
DLT/BTC,1562183393197,2019-07-03T19:49:53.197Z,sell,8.53e-06,1694.0,0.0144498199999999
DLT/BTC,1562183407804,2019-07-03T19:50:07.804Z,sell,8.53e-06,425.0,0.00362525
DLT/BTC,1562183438235,2019-07-03T19:50:38.235Z,sell,8.51e-06,3959.0,0.03369109
DLT/BTC,1562183438235,2019-07-03T19:50:38.235Z,sell,8.5e-06,4519.0,0.0384115
DLT/BTC,1562183438235,2019-07-03T19:50:38.235Z,sell,8.46e-06,2197.0,0.01858662
DLT/BTC,1562183438235,2019-07-03T19:50:38.235Z,sell,8.46e-06,926.0,0.00783396
DLT/BTC,1562183439747,2019-07-03T19:50:39.747Z,sell,8.46e-06,230.0,0.0019458
DLT/BTC,1562183441037,2019-07-03T19:50:41.037Z,sell,8.43e-06,151.0,0.00127293
DLT/BTC,1562183443016,2019-07-03T19:50:43.016Z,buy,8.49e-06,152.0,0.00129048
DLT/BTC,1562183449497,2019-07-03T19:50:49.497Z,buy,8.43e-06,8471.0,0.07141053
DLT/BTC,1562183449505,2019-07-03T19:50:49.505Z,sell,8.42e-06,366.0,0.00308172
DLT/BTC,1562183449935,2019-07-03T19:50:49.935Z,buy,8.42e-06,121.0,0.00101882
DLT/BTC,1562183455886,2019-07-03T19:50:55.886Z,sell,8.43e-06,374.0,0.00315282
DLT/BTC,1562183455886,2019-07-03T19:50:55.886Z,sell,8.42e-06,767.0,0.00645814
DLT/BTC,1562183467283,2019-07-03T19:51:07.283Z,sell,8.42e-06,1307.0,0.01100494
DLT/BTC,1562183471536,2019-07-03T19:51:11.536Z,sell,8.42e-06,1204.0,0.01013768
DLT/BTC,1562183472307,2019-07-03T19:51:12.307Z,buy,8.42e-06,57.0,0.00047994
DLT/BTC,1562183472953,2019-07-03T19:51:12.953Z,buy,8.42e-06,1330.0,0.0111986
DLT/BTC,1562183489720,2019-07-03T19:51:29.720Z,buy,8.45e-06,366.0,0.0030927
DLT/BTC,1562183494347,2019-07-03T19:51:34.347Z,sell,8.45e-06,107.0,0.00090415
DLT/BTC,1562183500657,2019-07-03T19:51:40.657Z,sell,8.45e-06,821.0,0.00693745
DLT/BTC,1562183500680,2019-07-03T19:51:40.680Z,sell,8.42e-06,821.0,0.00691282
DLT/BTC,1562183506726,2019-07-03T19:51:46.726Z,sell,8.44e-06,418.0,0.00352792
DLT/BTC,1562183506726,2019-07-03T19:51:46.726Z,sell,8.41e-06,4162.0,0.03500242
DLT/BTC,1562183506726,2019-07-03T19:51:46.726Z,sell,8.4e-06,565.0,0.0047459999999999
DLT/BTC,1562183506726,2019-07-03T19:51:46.726Z,sell,8.39e-06,420.0,0.0035237999999999
DLT/BTC,1562183506726,2019-07-03T19:51:46.726Z,sell,8.38e-06,850.0,0.0071229999999999
DLT/BTC,1562183516833,2019-07-03T19:51:56.833Z,buy,8.43e-06,1315.0,0.01108545
DLT/BTC,1562183566902,2019-07-03T19:52:46.902Z,buy,8.47e-06,233.0,0.00197351
DLT/BTC,1562183580276,2019-07-03T19:53:00.276Z,buy,8.46e-06,2530.0,0.0214038
DLT/BTC,1562183588480,2019-07-03T19:53:08.480Z,buy,8.46e-06,225.0,0.0019035
DLT/BTC,1562183588666,2019-07-03T19:53:08.666Z,buy,8.46e-06,492.0,0.00416232
DLT/BTC,1562183588921,2019-07-03T19:53:08.921Z,buy,8.46e-06,62.0,0.00052452
DLT/BTC,1562183603540,2019-07-03T19:53:23.540Z,sell,8.45e-06,154.0,0.0013013
DLT/BTC,1562183605971,2019-07-03T19:53:25.971Z,buy,8.43e-06,820.0,0.0069126
DLT/BTC,1562183611639,2019-07-03T19:53:31.639Z,buy,8.44e-06,1120.0,0.0094528
DLT/BTC,1562183615267,2019-07-03T19:53:35.267Z,buy,8.44e-06,1050.0,0.008862
DLT/BTC,1562183619741,2019-07-03T19:53:39.741Z,sell,8.44e-06,2675.0,0.022577
DLT/BTC,1562183619741,2019-07-03T19:53:39.741Z,sell,8.43e-06,712.0,0.00600216
DLT/BTC,1562183648495,2019-07-03T19:54:08.495Z,sell,8.41e-06,611.0,0.00513851
DLT/BTC,1562183648495,2019-07-03T19:54:08.495Z,sell,8.4e-06,1889.0,0.0158676
DLT/BTC,1562183655155,2019-07-03T19:54:15.155Z,buy,8.43e-06,2848.0,0.02400864
DLT/BTC,1562183678732,2019-07-03T19:54:38.732Z,buy,8.39e-06,504.0,0.0042285599999999
DLT/BTC,1562183678732,2019-07-03T19:54:38.732Z,buy,8.39e-06,169.0,0.0014179099999999
DLT/BTC,1562183680462,2019-07-03T19:54:40.462Z,sell,8.39e-06,152.0,0.00127528
DLT/BTC,1562183711221,2019-07-03T19:55:11.221Z,sell,8.4e-06,12958.0,0.1088471999999999
DLT/BTC,1562183714340,2019-07-03T19:55:14.340Z,sell,8.37e-06,944.0,0.00790128
DLT/BTC,1562183715181,2019-07-03T19:55:15.181Z,sell,8.34e-06,418.0,0.00348612
DLT/BTC,1562183717393,2019-07-03T19:55:17.393Z,buy,8.36e-06,154.0,0.00128744
DLT/BTC,1562183722886,2019-07-03T19:55:22.886Z,sell,8.35e-06,678.0,0.0056613
DLT/BTC,1562183722886,2019-07-03T19:55:22.886Z,sell,8.34e-06,40.0,0.0003336
DLT/BTC,1562183728056,2019-07-03T19:55:28.056Z,sell,8.34e-06,150.0,0.001251
DLT/BTC,1562183733151,2019-07-03T19:55:33.151Z,sell,8.34e-06,401.0,0.00334434
DLT/BTC,1562183747837,2019-07-03T19:55:47.837Z,sell,8.34e-06,1215.0,0.0101330999999999
DLT/BTC,1562183757737,2019-07-03T19:55:57.737Z,sell,8.34e-06,233.0,0.0019432199999999
DLT/BTC,1562183811433,2019-07-03T19:56:51.433Z,buy,8.36e-06,235.0,0.0019646
DLT/BTC,1562183813184,2019-07-03T19:56:53.184Z,sell,8.35e-06,1094.0,0.0091349
DLT/BTC,1562183821368,2019-07-03T19:57:01.368Z,buy,8.38e-06,7811.0,0.0654561799999999
DLT/BTC,1562183821368,2019-07-03T19:57:01.368Z,buy,8.39e-06,942.0,0.00790338
DLT/BTC,1562183821368,2019-07-03T19:57:01.368Z,buy,8.4e-06,10948.0,0.0919632
DLT/BTC,1562183821368,2019-07-03T19:57:01.368Z,buy,8.41e-06,1177.0,0.00989857
DLT/BTC,1562183825680,2019-07-03T19:57:05.680Z,buy,8.42e-06,154.0,0.00129668
DLT/BTC,1562183825941,2019-07-03T19:57:05.941Z,sell,8.42e-06,1012.0,0.00852104
DLT/BTC,1562183843733,2019-07-03T19:57:23.733Z,buy,8.42e-06,7127.0,0.06000934
DLT/BTC,1562183843733,2019-07-03T19:57:23.733Z,buy,8.42e-06,7127.0,0.06000934
DLT/BTC,1562183942107,2019-07-03T19:59:02.107Z,buy,8.45e-06,40.0,0.000338
DLT/BTC,1562183952411,2019-07-03T19:59:12.411Z,buy,8.44e-06,1166.0,0.00984104
DLT/BTC,1562183952411,2019-07-03T19:59:12.411Z,buy,8.45e-06,1960.0,0.016562
DLT/BTC,1562183954178,2019-07-03T19:59:14.178Z,sell,8.45e-06,651.0,0.00550095
DLT/BTC,1562183960531,2019-07-03T19:59:20.531Z,buy,8.46e-06,1819.0,0.01538874
DLT/BTC,1562183960531,2019-07-03T19:59:20.531Z,buy,8.47e-06,2296.0,0.01944712
DLT/BTC,1562183969024,2019-07-03T19:59:29.024Z,buy,8.45e-06,7123.0,0.06018935
DLT/BTC,1562183969024,2019-07-03T19:59:29.024Z,buy,8.47e-06,5623.0,0.04762681
DLT/BTC,1562183980495,2019-07-03T19:59:40.495Z,buy,8.47e-06,1213.0,0.01027411
DLT/BTC,1562184000609,2019-07-03T20:00:00.609Z,buy,8.49e-06,151.0,0.00128199
DLT/BTC,1562184003685,2019-07-03T20:00:03.685Z,buy,8.51e-06,176.0,0.0014977599999999
DLT/BTC,1562184014958,2019-07-03T20:00:14.958Z,buy,8.51e-06,245.0,0.00208495
DLT/BTC,1562184049973,2019-07-03T20:00:49.973Z,sell,8.51e-06,245.0,0.00208495
DLT/BTC,1562184060606,2019-07-03T20:01:00.606Z,sell,8.51e-06,78.0,0.00066378
DLT/BTC,1562184060606,2019-07-03T20:01:00.606Z,sell,8.49e-06,153.0,0.00129897
DLT/BTC,1562184228044,2019-07-03T20:03:48.044Z,sell,8.5e-06,613.0,0.0052105
DLT/BTC,1562184228044,2019-07-03T20:03:48.044Z,sell,8.49e-06,1940.0,0.0164706
DLT/BTC,1562184287623,2019-07-03T20:04:47.623Z,sell,8.48e-06,229.0,0.00194192
DLT/BTC,1562184298142,2019-07-03T20:04:58.142Z,sell,8.49e-06,1191.0,0.01011159
DLT/BTC,1562184438355,2019-07-03T20:07:18.355Z,sell,8.48e-06,1502.0,0.01273696
DLT/BTC,1562184439019,2019-07-03T20:07:19.019Z,sell,8.48e-06,648.0,0.00549504
DLT/BTC,1562184445042,2019-07-03T20:07:25.042Z,buy,8.48e-06,20.0,0.0001696
DLT/BTC,1562184450182,2019-07-03T20:07:30.182Z,sell,8.48e-06,630.0,0.0053424
DLT/BTC,1562184450182,2019-07-03T20:07:30.182Z,sell,8.47e-06,928.0,0.00786016
DLT/BTC,1562184467479,2019-07-03T20:07:47.479Z,sell,8.48e-06,420.0,0.0035616
DLT/BTC,1562184523860,2019-07-03T20:08:43.860Z,buy,8.49e-06,124.0,0.00105276
DLT/BTC,1562184523860,2019-07-03T20:08:43.860Z,buy,8.54e-06,26.0,0.0002220399999999
DLT/BTC,1562184529730,2019-07-03T20:08:49.730Z,buy,8.52e-06,150.0,0.001278
DLT/BTC,1562184533997,2019-07-03T20:08:53.997Z,buy,8.53e-06,150.0,0.0012795
DLT/BTC,1562184537170,2019-07-03T20:08:57.170Z,buy,8.52e-06,150.0,0.001278
DLT/BTC,1562184541919,2019-07-03T20:09:01.919Z,buy,8.5e-06,150.0,0.001275
DLT/BTC,1562184542070,2019-07-03T20:09:02.070Z,sell,8.49e-06,1233.0,0.01046817
DLT/BTC,1562184542113,2019-07-03T20:09:02.113Z,buy,8.5e-06,169.0,0.0014365
DLT/BTC,1562184620842,2019-07-03T20:10:20.842Z,buy,8.5e-06,2053.0,0.0174505
DLT/BTC,1562184621715,2019-07-03T20:10:21.715Z,buy,8.5e-06,110.0,0.000935
DLT/BTC,1562184751837,2019-07-03T20:12:31.837Z,sell,8.51e-06,9494.0,0.08079394
DLT/BTC,1562184752234,2019-07-03T20:12:32.234Z,sell,8.5e-06,930.0,0.007905
DLT/BTC,1562184762035,2019-07-03T20:12:42.035Z,buy,8.5e-06,860.0,0.00731
DLT/BTC,1562184762169,2019-07-03T20:12:42.169Z,buy,8.51e-06,770.0,0.0065527
DLT/BTC,1562184762383,2019-07-03T20:12:42.383Z,sell,8.5e-06,2997.0,0.0254745
DLT/BTC,1562184764429,2019-07-03T20:12:44.429Z,sell,8.47e-06,1070.0,0.0090629
DLT/BTC,1562184765007,2019-07-03T20:12:45.007Z,sell,8.46e-06,6030.0,0.0510138
DLT/BTC,1562184775856,2019-07-03T20:12:55.856Z,buy,8.49e-06,1564.0,0.01327836
DLT/BTC,1562184776309,2019-07-03T20:12:56.309Z,sell,8.49e-06,608.0,0.00516192
DLT/BTC,1562184776842,2019-07-03T20:12:56.842Z,sell,8.46e-06,411.0,0.00347706
DLT/BTC,1562184779925,2019-07-03T20:12:59.925Z,buy,8.5e-06,1627.0,0.0138295
DLT/BTC,1562184780405,2019-07-03T20:13:00.405Z,buy,8.5e-06,326.0,0.002771
DLT/BTC,1562184780677,2019-07-03T20:13:00.677Z,buy,8.5e-06,549.0,0.0046665
DLT/BTC,1562184781527,2019-07-03T20:13:01.527Z,buy,8.5e-06,304.0,0.002584
DLT/BTC,1562184781530,2019-07-03T20:13:01.530Z,buy,8.5e-06,235.0,0.0019975
DLT/BTC,1562184781855,2019-07-03T20:13:01.855Z,buy,8.5e-06,228.0,0.001938
DLT/BTC,1562184785806,2019-07-03T20:13:05.806Z,buy,8.5e-06,477.0,0.0040545
DLT/BTC,1562184786846,2019-07-03T20:13:06.846Z,buy,8.5e-06,591.0,0.0050235
DLT/BTC,1562184812354,2019-07-03T20:13:32.354Z,sell,8.49e-06,162.0,0.00137538
DLT/BTC,1562184920092,2019-07-03T20:15:20.092Z,buy,8.5e-06,2238.0,0.0190229999999999
DLT/BTC,1562184938323,2019-07-03T20:15:38.323Z,buy,8.51e-06,3821.0,0.03251671
DLT/BTC,1562184939778,2019-07-03T20:15:39.778Z,buy,8.51e-06,309.0,0.00262959
DLT/BTC,1562184951868,2019-07-03T20:15:51.868Z,buy,8.55e-06,12904.0,0.1103291999999999
DLT/BTC,1562184966684,2019-07-03T20:16:06.684Z,buy,8.58e-06,4121.0,0.0353581799999999
DLT/BTC,1562184980453,2019-07-03T20:16:20.453Z,sell,8.56e-06,473.0,0.0040488799999999
DLT/BTC,1562185069312,2019-07-03T20:17:49.312Z,buy,8.56e-06,304.0,0.0026022399999999
DLT/BTC,1562185069312,2019-07-03T20:17:49.312Z,buy,8.59e-06,327.0,0.00280893
DLT/BTC,1562185069312,2019-07-03T20:17:49.312Z,buy,8.61e-06,473.0,0.00407253
DLT/BTC,1562185069312,2019-07-03T20:17:49.312Z,buy,8.62e-06,64.0,0.00055168
DLT/BTC,1562185069605,2019-07-03T20:17:49.605Z,buy,8.62e-06,467.0,0.00402554
DLT/BTC,1562185105668,2019-07-03T20:18:25.668Z,buy,8.62e-06,1177.0,0.01014574
DLT/BTC,1562185105668,2019-07-03T20:18:25.668Z,buy,8.63e-06,331.0,0.00285653
DLT/BTC,1562185150730,2019-07-03T20:19:10.730Z,buy,8.63e-06,10338.0,0.08921694
DLT/BTC,1562185166268,2019-07-03T20:19:26.268Z,buy,8.62e-06,4042.0,0.03484204
DLT/BTC,1562185184148,2019-07-03T20:19:44.148Z,buy,8.63e-06,1813.0,0.01564619
DLT/BTC,1562185186519,2019-07-03T20:19:46.519Z,buy,8.63e-06,1053.0,0.00908739
DLT/BTC,1562185186787,2019-07-03T20:19:46.787Z,buy,8.63e-06,1360.0,0.0117368
DLT/BTC,1562185189430,2019-07-03T20:19:49.430Z,buy,8.63e-06,6504.0,0.05612952
DLT/BTC,1562185204558,2019-07-03T20:20:04.558Z,sell,8.59e-06,661.0,0.00567799
DLT/BTC,1562185212113,2019-07-03T20:20:12.113Z,sell,8.55e-06,549.0,0.00469395
DLT/BTC,1562185215849,2019-07-03T20:20:15.849Z,buy,8.55e-06,627.0,0.0053608499999999
DLT/BTC,1562185218265,2019-07-03T20:20:18.265Z,buy,8.55e-06,1784.0,0.0152532
DLT/BTC,1562185226163,2019-07-03T20:20:26.163Z,sell,8.55e-06,227.0,0.0019408499999999
DLT/BTC,1562185311685,2019-07-03T20:21:51.685Z,buy,8.59e-06,4000.0,0.03436
DLT/BTC,1562185370613,2019-07-03T20:22:50.613Z,buy,8.59e-06,1780.0,0.0152902
DLT/BTC,1562185370613,2019-07-03T20:22:50.613Z,buy,8.61e-06,1927.0,0.01659147
DLT/BTC,1562185393745,2019-07-03T20:23:13.745Z,sell,8.61e-06,2848.0,0.02452128
DLT/BTC,1562185397064,2019-07-03T20:23:17.064Z,buy,8.62e-06,2239.0,0.01930018
DLT/BTC,1562185400519,2019-07-03T20:23:20.519Z,buy,8.64e-06,8047.0,0.06952608
DLT/BTC,1562185424048,2019-07-03T20:23:44.048Z,buy,8.64e-06,750.0,0.00648
DLT/BTC,1562185449723,2019-07-03T20:24:09.723Z,buy,8.66e-06,3922.0,0.03396452
DLT/BTC,1562185455630,2019-07-03T20:24:15.630Z,buy,8.66e-06,1283.0,0.01111078
DLT/BTC,1562185458210,2019-07-03T20:24:18.210Z,sell,8.65e-06,234.0,0.0020241
DLT/BTC,1562185460248,2019-07-03T20:24:20.248Z,buy,8.66e-06,8122.0,0.07033652
DLT/BTC,1562185461724,2019-07-03T20:24:21.724Z,buy,8.67e-06,1899.0,0.01646433
DLT/BTC,1562185462028,2019-07-03T20:24:22.028Z,buy,8.67e-06,187.0,0.00162129
DLT/BTC,1562185477410,2019-07-03T20:24:37.410Z,buy,8.7e-06,1074.0,0.0093438
DLT/BTC,1562185477545,2019-07-03T20:24:37.545Z,sell,8.7e-06,1684.0,0.0146508
DLT/BTC,1562185477554,2019-07-03T20:24:37.554Z,sell,8.7e-06,871.0,0.0075777
DLT/BTC,1562185481617,2019-07-03T20:24:41.617Z,sell,8.67e-06,477.0,0.00413559
DLT/BTC,1562185486224,2019-07-03T20:24:46.224Z,sell,8.69e-06,536.0,0.00465784
DLT/BTC,1562185494298,2019-07-03T20:24:54.298Z,sell,8.69e-06,620.0,0.0053878
DLT/BTC,1562185522861,2019-07-03T20:25:22.861Z,buy,8.72e-06,3290.0,0.0286887999999999
DLT/BTC,1562185553903,2019-07-03T20:25:53.903Z,sell,8.72e-06,2443.0,0.02130296
DLT/BTC,1562185553903,2019-07-03T20:25:53.903Z,sell,8.7e-06,2634.0,0.0229158
DLT/BTC,1562185553903,2019-07-03T20:25:53.903Z,sell,8.69e-06,4897.0,0.04255493
DLT/BTC,1562185553956,2019-07-03T20:25:53.956Z,buy,8.69e-06,2397.0,0.02082993
DLT/BTC,1562185553958,2019-07-03T20:25:53.958Z,buy,8.69e-06,687.0,0.0059700299999999
DLT/BTC,1562185553961,2019-07-03T20:25:53.961Z,buy,8.69e-06,113.0,0.00098197
DLT/BTC,1562185556461,2019-07-03T20:25:56.461Z,sell,8.66e-06,259.0,0.00224294
DLT/BTC,1562185556461,2019-07-03T20:25:56.461Z,sell,8.65e-06,2394.0,0.0207081
DLT/BTC,1562185556461,2019-07-03T20:25:56.461Z,sell,8.64e-06,10288.0,0.08888832
DLT/BTC,1562185569712,2019-07-03T20:26:09.712Z,sell,8.65e-06,668.0,0.0057782
DLT/BTC,1562185569712,2019-07-03T20:26:09.712Z,sell,8.64e-06,3473.0,0.03000672
DLT/BTC,1562185577036,2019-07-03T20:26:17.036Z,sell,8.61e-06,197.0,0.00169617
DLT/BTC,1562185647312,2019-07-03T20:27:27.312Z,buy,8.62e-06,374.0,0.00322388
DLT/BTC,1562185664801,2019-07-03T20:27:44.801Z,sell,8.61e-06,9054.0,0.07795494
DLT/BTC,1562185671338,2019-07-03T20:27:51.338Z,sell,8.61e-06,1282.0,0.01103802
DLT/BTC,1562185681145,2019-07-03T20:28:01.145Z,sell,8.61e-06,2080.0,0.0179088
DLT/BTC,1562185681516,2019-07-03T20:28:01.516Z,sell,8.59e-06,654.0,0.00561786
DLT/BTC,1562185761677,2019-07-03T20:29:21.677Z,sell,8.6e-06,350.0,0.00301
DLT/BTC,1562185761677,2019-07-03T20:29:21.677Z,sell,8.59e-06,816.0,0.00700944
DLT/BTC,1562185762753,2019-07-03T20:29:22.753Z,sell,8.57e-06,152.0,0.0013026399999999
DLT/BTC,1562185785161,2019-07-03T20:29:45.161Z,sell,8.54e-06,990.0,0.0084546
DLT/BTC,1562185800817,2019-07-03T20:30:00.817Z,sell,8.51e-06,1613.0,0.01372663
DLT/BTC,1562185800817,2019-07-03T20:30:00.817Z,sell,8.5e-06,416.0,0.003536
DLT/BTC,1562185800817,2019-07-03T20:30:00.817Z,sell,8.49e-06,13186.0,0.11194914
DLT/BTC,1562185804035,2019-07-03T20:30:04.035Z,buy,8.53e-06,151.0,0.00128803
DLT/BTC,1562185815557,2019-07-03T20:30:15.557Z,buy,8.53e-06,331.0,0.00282343
DLT/BTC,1562185815557,2019-07-03T20:30:15.557Z,buy,8.54e-06,841.0,0.00718214
DLT/BTC,1562185817518,2019-07-03T20:30:17.518Z,sell,8.49e-06,491.0,0.00416859
DLT/BTC,1562185817518,2019-07-03T20:30:17.518Z,sell,8.48e-06,3529.0,0.02992592
DLT/BTC,1562185843021,2019-07-03T20:30:43.021Z,sell,8.48e-06,1019.0,0.00864112
DLT/BTC,1562185843021,2019-07-03T20:30:43.021Z,sell,8.47e-06,5396.0,0.04570412
DLT/BTC,1562185851814,2019-07-03T20:30:51.814Z,buy,8.52e-06,869.0,0.00740388
DLT/BTC,1562185935378,2019-07-03T20:32:15.378Z,sell,8.5e-06,666.0,0.005661
DLT/BTC,1562185935378,2019-07-03T20:32:15.378Z,sell,8.49e-06,2889.0,0.02452761
DLT/BTC,1562185935378,2019-07-03T20:32:15.378Z,sell,8.47e-06,7674.0,0.06499878
DLT/BTC,1562185958927,2019-07-03T20:32:38.927Z,sell,8.48e-06,206.0,0.00174688
DLT/BTC,1562185959478,2019-07-03T20:32:39.478Z,sell,8.47e-06,1734.0,0.01468698
DLT/BTC,1562185986012,2019-07-03T20:33:06.012Z,sell,8.47e-06,10941.0,0.09267027
DLT/BTC,1562186036634,2019-07-03T20:33:56.634Z,sell,8.45e-06,632.0,0.0053404
DLT/BTC,1562186036634,2019-07-03T20:33:56.634Z,sell,8.44e-06,1072.0,0.00904768
DLT/BTC,1562186036634,2019-07-03T20:33:56.634Z,sell,8.41e-06,15625.0,0.13140625
DLT/BTC,1562186036634,2019-07-03T20:33:56.634Z,sell,8.4e-06,10216.0,0.0858143999999999
DLT/BTC,1562186036634,2019-07-03T20:33:56.634Z,sell,8.39e-06,6659.0,0.05586901
DLT/BTC,1562186036901,2019-07-03T20:33:56.901Z,buy,8.43e-06,1704.0,0.01436472
DLT/BTC,1562186037301,2019-07-03T20:33:57.301Z,sell,8.45e-06,356.0,0.0030082
DLT/BTC,1562186042265,2019-07-03T20:34:02.265Z,sell,8.45e-06,129.0,0.00109005
DLT/BTC,1562186042347,2019-07-03T20:34:02.347Z,sell,8.45e-06,153.0,0.00129285
DLT/BTC,1562186088132,2019-07-03T20:34:48.132Z,buy,8.46e-06,532.0,0.00450072
DLT/BTC,1562186091181,2019-07-03T20:34:51.181Z,sell,8.42e-06,151.0,0.00127142
DLT/BTC,1562186116465,2019-07-03T20:35:16.465Z,sell,8.42e-06,9988.0,0.08409896
DLT/BTC,1562186118131,2019-07-03T20:35:18.131Z,sell,8.41e-06,161.0,0.00135401
DLT/BTC,1562186122583,2019-07-03T20:35:22.583Z,sell,8.39e-06,332.0,0.00278548
DLT/BTC,1562186122583,2019-07-03T20:35:22.583Z,sell,8.38e-06,26.0,0.00021788
DLT/BTC,1562186175575,2019-07-03T20:36:15.575Z,sell,8.38e-06,875.0,0.0073325
DLT/BTC,1562186185700,2019-07-03T20:36:25.700Z,sell,8.38e-06,2678.0,0.02244164
DLT/BTC,1562186189330,2019-07-03T20:36:29.330Z,buy,8.36e-06,4929.0,0.04120644
DLT/BTC,1562186197113,2019-07-03T20:36:37.113Z,sell,8.33e-06,8690.0,0.0723877
DLT/BTC,1562186197113,2019-07-03T20:36:37.113Z,sell,8.31e-06,1165.0,0.00968115
DLT/BTC,1562186210349,2019-07-03T20:36:50.349Z,buy,8.35e-06,1942.0,0.0162157
DLT/BTC,1562186210581,2019-07-03T20:36:50.581Z,sell,8.32e-06,675.0,0.005616
DLT/BTC,1562186210581,2019-07-03T20:36:50.581Z,sell,8.31e-06,4212.0,0.03500172
DLT/BTC,1562186210581,2019-07-03T20:36:50.581Z,sell,8.3e-06,372.0,0.0030876
DLT/BTC,1562186210581,2019-07-03T20:36:50.581Z,sell,8.28e-06,16010.0,0.1325628
DLT/BTC,1562186210581,2019-07-03T20:36:50.581Z,sell,8.27e-06,1053.0,0.00870831
DLT/BTC,1562186210596,2019-07-03T20:36:50.596Z,buy,8.28e-06,2624.0,0.02172672
DLT/BTC,1562186210732,2019-07-03T20:36:50.732Z,sell,8.29e-06,240.0,0.0019896
DLT/BTC,1562186211315,2019-07-03T20:36:51.315Z,sell,8.3e-06,855.0,0.0070965
DLT/BTC,1562186211335,2019-07-03T20:36:51.335Z,sell,8.3e-06,1222.0,0.0101426
DLT/BTC,1562186211349,2019-07-03T20:36:51.349Z,buy,8.31e-06,276.0,0.00229356
DLT/BTC,1562186211760,2019-07-03T20:36:51.760Z,buy,8.33e-06,167.0,0.0013911099999999
DLT/BTC,1562186212167,2019-07-03T20:36:52.167Z,buy,8.33e-06,155.0,0.00129115
DLT/BTC,1562186212167,2019-07-03T20:36:52.167Z,buy,8.34e-06,1029.0,0.00858186
DLT/BTC,1562186227596,2019-07-03T20:37:07.596Z,sell,8.31e-06,164.0,0.00136284
DLT/BTC,1562186229427,2019-07-03T20:37:09.427Z,sell,8.31e-06,1801.0,0.01496631
DLT/BTC,1562186229427,2019-07-03T20:37:09.427Z,sell,8.3e-06,19923.0,0.1653609
DLT/BTC,1562186229427,2019-07-03T20:37:09.427Z,sell,8.28e-06,46000.0,0.38088
DLT/BTC,1562186229450,2019-07-03T20:37:09.450Z,buy,8.28e-06,1755.0,0.0145314
DLT/BTC,1562186229477,2019-07-03T20:37:09.477Z,buy,8.28e-06,1471.0,0.01217988
DLT/BTC,1562186229485,2019-07-03T20:37:09.485Z,buy,8.28e-06,3101.0,0.02567628
DLT/BTC,1562186229512,2019-07-03T20:37:09.512Z,sell,8.27e-06,501.0,0.00414327
DLT/BTC,1562186229521,2019-07-03T20:37:09.521Z,buy,8.27e-06,717.0,0.00592959
DLT/BTC,1562186229537,2019-07-03T20:37:09.537Z,buy,8.27e-06,241.0,0.00199307
DLT/BTC,1562186229555,2019-07-03T20:37:09.555Z,buy,8.27e-06,12.0,9.924e-05
DLT/BTC,1562186229620,2019-07-03T20:37:09.620Z,buy,8.28e-06,697.0,0.00577116
DLT/BTC,1562186230040,2019-07-03T20:37:10.040Z,sell,8.27e-06,241.0,0.00199307
DLT/BTC,1562186230040,2019-07-03T20:37:10.040Z,sell,8.26e-06,111.0,0.00091686
DLT/BTC,1562186230369,2019-07-03T20:37:10.369Z,buy,8.28e-06,3327.0,0.02754756
DLT/BTC,1562186248473,2019-07-03T20:37:28.473Z,buy,8.29e-06,305.0,0.00252845
DLT/BTC,1562186249337,2019-07-03T20:37:29.337Z,sell,8.26e-06,1376.0,0.01136576
DLT/BTC,1562186249456,2019-07-03T20:37:29.456Z,buy,8.26e-06,123.0,0.00101598
DLT/BTC,1562186250242,2019-07-03T20:37:30.242Z,buy,8.26e-06,3391.0,0.02800966
DLT/BTC,1562186258488,2019-07-03T20:37:38.488Z,sell,8.26e-06,4917.0,0.04061442
DLT/BTC,1562186258580,2019-07-03T20:37:38.580Z,sell,8.25e-06,1815.0,0.01497375
DLT/BTC,1562186259249,2019-07-03T20:37:39.249Z,buy,8.25e-06,830.0,0.0068475
DLT/BTC,1562186259301,2019-07-03T20:37:39.301Z,buy,8.26e-06,1367.0,0.01129142
DLT/BTC,1562186259859,2019-07-03T20:37:39.859Z,buy,8.26e-06,27220.0,0.2248372
DLT/BTC,1562186280533,2019-07-03T20:38:00.533Z,buy,8.3e-06,36.0,0.0002988
DLT/BTC,1562186291693,2019-07-03T20:38:11.693Z,buy,8.29e-06,132.0,0.00109428
DLT/BTC,1562186291693,2019-07-03T20:38:11.693Z,buy,8.3e-06,904.0,0.0075032
DLT/BTC,1562186297785,2019-07-03T20:38:17.785Z,buy,8.3e-06,2355.0,0.0195465
DLT/BTC,1562186298277,2019-07-03T20:38:18.277Z,buy,8.32e-06,484.0,0.00402688
DLT/BTC,1562186301606,2019-07-03T20:38:21.606Z,sell,8.31e-06,241.0,0.00200271
DLT/BTC,1562186310680,2019-07-03T20:38:30.680Z,buy,8.32e-06,913.0,0.00759616
DLT/BTC,1562186310800,2019-07-03T20:38:30.800Z,buy,8.32e-06,418.0,0.00347776
DLT/BTC,1562186310800,2019-07-03T20:38:30.800Z,buy,8.33e-06,372.0,0.00309876
DLT/BTC,1562186310800,2019-07-03T20:38:30.800Z,buy,8.34e-06,241.0,0.00200994
DLT/BTC,1562186310800,2019-07-03T20:38:30.800Z,buy,8.35e-06,2128.0,0.0177687999999999
DLT/BTC,1562186310800,2019-07-03T20:38:30.800Z,buy,8.39e-06,28.0,0.0002349199999999
DLT/BTC,1562186343459,2019-07-03T20:39:03.459Z,buy,8.35e-06,529.0,0.00441715
DLT/BTC,1562186374104,2019-07-03T20:39:34.104Z,buy,8.36e-06,159.0,0.00132924
DLT/BTC,1562186484570,2019-07-03T20:41:24.570Z,buy,8.35e-06,2824.0,0.0235803999999999
DLT/BTC,1562186638036,2019-07-03T20:43:58.036Z,buy,8.35e-06,37.0,0.00030895
DLT/BTC,1562186662522,2019-07-03T20:44:22.522Z,buy,8.38e-06,8051.0,0.06746738
DLT/BTC,1562186672539,2019-07-03T20:44:32.539Z,sell,8.38e-06,3875.0,0.0324724999999999
DLT/BTC,1562186692457,2019-07-03T20:44:52.457Z,sell,8.38e-06,494.0,0.0041397199999999
DLT/BTC,1562186692457,2019-07-03T20:44:52.457Z,sell,8.33e-06,494.0,0.00411502
DLT/BTC,1562186692457,2019-07-03T20:44:52.457Z,sell,8.32e-06,668.0,0.00555776
DLT/BTC,1562186692457,2019-07-03T20:44:52.457Z,sell,8.31e-06,1940.0,0.0161214
DLT/BTC,1562186692457,2019-07-03T20:44:52.457Z,sell,8.3e-06,7008.0,0.0581664
DLT/BTC,1562186692457,2019-07-03T20:44:52.457Z,sell,8.29e-06,36218.0,0.30024722
DLT/BTC,1562186692457,2019-07-03T20:44:52.457Z,sell,8.28e-06,3252.0,0.02692656
DLT/BTC,1562186692457,2019-07-03T20:44:52.457Z,sell,8.27e-06,1668.0,0.01379436
DLT/BTC,1562186694041,2019-07-03T20:44:54.041Z,sell,8.3e-06,240.0,0.001992
DLT/BTC,1562186694041,2019-07-03T20:44:54.041Z,sell,8.29e-06,254.0,0.00210566
DLT/BTC,1562186694215,2019-07-03T20:44:54.215Z,buy,8.34e-06,155.0,0.0012927
DLT/BTC,1562186701972,2019-07-03T20:45:01.972Z,buy,8.3e-06,183.0,0.0015189
DLT/BTC,1562186702097,2019-07-03T20:45:02.097Z,buy,8.3e-06,183.0,0.0015189
DLT/BTC,1562186705662,2019-07-03T20:45:05.662Z,buy,8.31e-06,37.0,0.00030747
DLT/BTC,1562186708754,2019-07-03T20:45:08.754Z,sell,8.3e-06,128.0,0.0010624
DLT/BTC,1562186709747,2019-07-03T20:45:09.747Z,buy,8.32e-06,177.0,0.0014726399999999
DLT/BTC,1562186744183,2019-07-03T20:45:44.183Z,sell,8.3e-06,18.0,0.0001494
DLT/BTC,1562186756236,2019-07-03T20:45:56.236Z,buy,8.27e-06,45.0,0.00037215
DLT/BTC,1562186756674,2019-07-03T20:45:56.674Z,buy,8.27e-06,195.0,0.00161265
DLT/BTC,1562186762263,2019-07-03T20:46:02.263Z,buy,8.3e-06,36.0,0.0002988
DLT/BTC,1562186770049,2019-07-03T20:46:10.049Z,buy,8.3e-06,37.0,0.0003071
DLT/BTC,1562186774799,2019-07-03T20:46:14.799Z,buy,8.3e-06,5322.0,0.0441726
DLT/BTC,1562186774799,2019-07-03T20:46:14.799Z,buy,8.31e-06,9941.0,0.08260971
DLT/BTC,1562186774799,2019-07-03T20:46:14.799Z,buy,8.32e-06,14418.0,0.11995776
DLT/BTC,1562186774799,2019-07-03T20:46:14.799Z,buy,8.33e-06,792.0,0.00659736
DLT/BTC,1562186774799,2019-07-03T20:46:14.799Z,buy,8.34e-06,2034.0,0.01696356
DLT/BTC,1562186774799,2019-07-03T20:46:14.799Z,buy,8.35e-06,239.0,0.00199565
DLT/BTC,1562186774799,2019-07-03T20:46:14.799Z,buy,8.36e-06,8950.0,0.074822
DLT/BTC,1562186774799,2019-07-03T20:46:14.799Z,buy,8.37e-06,8304.0,0.06950448
DLT/BTC,1562186778611,2019-07-03T20:46:18.611Z,buy,8.34e-06,35.0,0.0002919
DLT/BTC,1562186823274,2019-07-03T20:47:03.274Z,buy,8.34e-06,37.0,0.00030858
DLT/BTC,1562186906705,2019-07-03T20:48:26.705Z,buy,8.34e-06,39.0,0.00032526
DLT/BTC,1562186945297,2019-07-03T20:49:05.297Z,sell,8.32e-06,291.0,0.00242112
DLT/BTC,1562186945297,2019-07-03T20:49:05.297Z,sell,8.31e-06,485.0,0.00403035
DLT/BTC,1562186957494,2019-07-03T20:49:17.494Z,sell,8.3e-06,181.0,0.0015023
DLT/BTC,1562187006770,2019-07-03T20:50:06.770Z,sell,8.31e-06,1389.0,0.01154259
DLT/BTC,1562187037367,2019-07-03T20:50:37.367Z,buy,8.33e-06,2548.0,0.02122484
DLT/BTC,1562187046824,2019-07-03T20:50:46.824Z,buy,8.34e-06,37.0,0.00030858
DLT/BTC,1562187054364,2019-07-03T20:50:54.364Z,buy,8.34e-06,40.0,0.0003336
DLT/BTC,1562187066610,2019-07-03T20:51:06.610Z,buy,8.34e-06,6435.0,0.0536679
DLT/BTC,1562187074701,2019-07-03T20:51:14.701Z,buy,8.34e-06,31802.0,0.26522868
DLT/BTC,1562187077160,2019-07-03T20:51:17.160Z,buy,8.34e-06,3673.0,0.0306328199999999
DLT/BTC,1562187083923,2019-07-03T20:51:23.923Z,buy,8.34e-06,837.0,0.00698058
DLT/BTC,1562187096592,2019-07-03T20:51:36.592Z,buy,8.34e-06,313.0,0.00261042
DLT/BTC,1562187113317,2019-07-03T20:51:53.317Z,sell,8.34e-06,600.0,0.005004
DLT/BTC,1562187160262,2019-07-03T20:52:40.262Z,buy,8.33e-06,5700.0,0.047481
DLT/BTC,1562187161767,2019-07-03T20:52:41.767Z,buy,8.33e-06,1688.0,0.01406104
DLT/BTC,1562187176019,2019-07-03T20:52:56.019Z,buy,8.33e-06,35.0,0.00029155
DLT/BTC,1562187216129,2019-07-03T20:53:36.129Z,buy,8.33e-06,723.0,0.0060225899999999
DLT/BTC,1562187239232,2019-07-03T20:53:59.232Z,buy,8.33e-06,3105.0,0.02586465
DLT/BTC,1562187285221,2019-07-03T20:54:45.221Z,sell,8.3e-06,672.0,0.0055776
DLT/BTC,1562187285221,2019-07-03T20:54:45.221Z,sell,8.29e-06,1920.0,0.0159168
DLT/BTC,1562187285221,2019-07-03T20:54:45.221Z,sell,8.28e-06,497.0,0.00411516
DLT/BTC,1562187285221,2019-07-03T20:54:45.221Z,sell,8.27e-06,411.0,0.00339897
DLT/BTC,1562187299067,2019-07-03T20:54:59.067Z,buy,8.28e-06,575.0,0.004761
DLT/BTC,1562187304645,2019-07-03T20:55:04.645Z,sell,8.27e-06,4038.0,0.03339426
DLT/BTC,1562187341610,2019-07-03T20:55:41.610Z,buy,8.3e-06,497.0,0.0041251
DLT/BTC,1562187344493,2019-07-03T20:55:44.493Z,buy,8.31e-06,1216.0,0.01010496
DLT/BTC,1562187366707,2019-07-03T20:56:06.707Z,buy,8.34e-06,134.0,0.0011175599999999
DLT/BTC,1562187366835,2019-07-03T20:56:06.835Z,buy,8.34e-06,133.0,0.00110922
DLT/BTC,1562187379260,2019-07-03T20:56:19.260Z,buy,8.34e-06,2500.0,0.02085
DLT/BTC,1562187379260,2019-07-03T20:56:19.260Z,buy,8.34e-06,2500.0,0.02085
DLT/BTC,1562187451193,2019-07-03T20:57:31.193Z,buy,8.34e-06,1411.0,0.01176774
DLT/BTC,1562187451193,2019-07-03T20:57:31.193Z,buy,8.35e-06,2692.0,0.0224782
DLT/BTC,1562187454722,2019-07-03T20:57:34.722Z,buy,8.35e-06,1411.0,0.01178185
DLT/BTC,1562187457975,2019-07-03T20:57:37.975Z,sell,8.3e-06,769.0,0.0063827
DLT/BTC,1562187474061,2019-07-03T20:57:54.061Z,buy,8.36e-06,924.0,0.00772464
DLT/BTC,1562187474061,2019-07-03T20:57:54.061Z,buy,8.37e-06,390.0,0.0032643
DLT/BTC,1562187479170,2019-07-03T20:57:59.170Z,buy,8.37e-06,3000.0,0.0251099999999999
DLT/BTC,1562187501550,2019-07-03T20:58:21.550Z,buy,8.37e-06,5565.0,0.04657905
DLT/BTC,1562187532466,2019-07-03T20:58:52.466Z,buy,8.37e-06,1136.0,0.0095083199999999
DLT/BTC,1562187532466,2019-07-03T20:58:52.466Z,buy,8.38e-06,2021.0,0.01693598
DLT/BTC,1562187532466,2019-07-03T20:58:52.466Z,buy,8.39e-06,243.0,0.0020387699999999
DLT/BTC,1562187535921,2019-07-03T20:58:55.921Z,buy,8.36e-06,3449.0,0.0288336399999999
DLT/BTC,1562187535921,2019-07-03T20:58:55.921Z,buy,8.37e-06,6351.0,0.0531578699999999
DLT/BTC,1562187551818,2019-07-03T20:59:11.818Z,buy,8.36e-06,4540.0,0.0379544
DLT/BTC,1562187644165,2019-07-03T21:00:44.165Z,sell,8.35e-06,1951.0,0.01629085
DLT/BTC,1562187644165,2019-07-03T21:00:44.165Z,sell,8.34e-06,3585.0,0.0298989
DLT/BTC,1562187644165,2019-07-03T21:00:44.165Z,sell,8.31e-06,496.0,0.00412176
DLT/BTC,1562187644165,2019-07-03T21:00:44.165Z,sell,8.3e-06,3932.0,0.0326356
DLT/BTC,1562187644192,2019-07-03T21:00:44.192Z,buy,8.3e-06,3585.0,0.0297555
DLT/BTC,1562187644213,2019-07-03T21:00:44.213Z,buy,8.3e-06,1222.0,0.0101426
DLT/BTC,1562187644215,2019-07-03T21:00:44.215Z,buy,8.3e-06,1916.0,0.0159028
DLT/BTC,1562187644227,2019-07-03T21:00:44.227Z,buy,8.3e-06,1780.0,0.014774
DLT/BTC,1562187644245,2019-07-03T21:00:44.245Z,buy,8.3e-06,923.0,0.0076609
DLT/BTC,1562187644275,2019-07-03T21:00:44.275Z,sell,8.29e-06,1481.0,0.01227749
DLT/BTC,1562187645720,2019-07-03T21:00:45.720Z,sell,8.26e-06,3585.0,0.0296121
DLT/BTC,1562187645829,2019-07-03T21:00:45.829Z,buy,8.29e-06,2447.0,0.02028563
DLT/BTC,1562187651342,2019-07-03T21:00:51.342Z,buy,8.3e-06,1571.0,0.0130393
DLT/BTC,1562187656410,2019-07-03T21:00:56.410Z,sell,8.29e-06,4535.0,0.03759515
DLT/BTC,1562187662530,2019-07-03T21:01:02.530Z,buy,8.3e-06,6467.0,0.0536761
DLT/BTC,1562187663147,2019-07-03T21:01:03.147Z,sell,8.29e-06,7018.0,0.05817922
DLT/BTC,1562187663147,2019-07-03T21:01:03.147Z,sell,8.27e-06,4301.0,0.03556927
DLT/BTC,1562187663147,2019-07-03T21:01:03.147Z,sell,8.26e-06,34000.0,0.28084
DLT/BTC,1562187663147,2019-07-03T21:01:03.147Z,sell,8.24e-06,1104.0,0.00909696
DLT/BTC,1562187663147,2019-07-03T21:01:03.147Z,sell,8.23e-06,1363.0,0.01121749
DLT/BTC,1562187663147,2019-07-03T21:01:03.147Z,sell,8.22e-06,2214.0,0.01819908
DLT/BTC,1562187665428,2019-07-03T21:01:05.428Z,buy,8.29e-06,144.0,0.00119376
DLT/BTC,1562187667794,2019-07-03T21:01:07.794Z,buy,8.29e-06,427.0,0.00353983
DLT/BTC,1562187686370,2019-07-03T21:01:26.370Z,sell,8.23e-06,6725.0,0.05534675
DLT/BTC,1562187686689,2019-07-03T21:01:26.689Z,sell,8.22e-06,1314.0,0.01080108
DLT/BTC,1562187690160,2019-07-03T21:01:30.160Z,buy,8.23e-06,44.0,0.00036212
DLT/BTC,1562187692582,2019-07-03T21:01:32.582Z,sell,8.22e-06,12528.0,0.1029801599999999
DLT/BTC,1562187692582,2019-07-03T21:01:32.582Z,sell,8.21e-06,11481.0,0.0942590099999999
DLT/BTC,1562187692582,2019-07-03T21:01:32.582Z,sell,8.2e-06,4061.0,0.0333001999999999
DLT/BTC,1562187692678,2019-07-03T21:01:32.678Z,sell,8.19e-06,678.0,0.00555282
DLT/BTC,1562187692678,2019-07-03T21:01:32.678Z,sell,8.19e-06,178.0,0.0014578199999999
DLT/BTC,1562187692678,2019-07-03T21:01:32.678Z,sell,8.17e-06,942.0,0.00769614
DLT/BTC,1562187693998,2019-07-03T21:01:33.998Z,buy,8.19e-06,166.0,0.00135954
DLT/BTC,1562187694493,2019-07-03T21:01:34.493Z,sell,8.18e-06,685.0,0.0056032999999999
DLT/BTC,1562187720579,2019-07-03T21:02:00.579Z,buy,8.18e-06,336.0,0.0027484799999999
DLT/BTC,1562187720579,2019-07-03T21:02:00.579Z,buy,8.19e-06,2332.0,0.0190990799999999
DLT/BTC,1562187727223,2019-07-03T21:02:07.223Z,sell,8.17e-06,690.0,0.0056373
DLT/BTC,1562187730094,2019-07-03T21:02:10.094Z,sell,8.16e-06,725.0,0.005916
DLT/BTC,1562187749556,2019-07-03T21:02:29.556Z,sell,8.16e-06,2441.0,0.01991856
DLT/BTC,1562187749556,2019-07-03T21:02:29.556Z,sell,8.15e-06,16727.0,0.13632505
DLT/BTC,1562187749556,2019-07-03T21:02:29.556Z,buy,8.19e-06,3307.0,0.0270843299999999
DLT/BTC,1562187749556,2019-07-03T21:02:29.556Z,buy,8.2e-06,10653.0,0.0873545999999999
DLT/BTC,1562187764822,2019-07-03T21:02:44.822Z,sell,8.15e-06,538.0,0.0043847
DLT/BTC,1562187766545,2019-07-03T21:02:46.545Z,sell,8.15e-06,176.0,0.0014344
DLT/BTC,1562187766841,2019-07-03T21:02:46.841Z,sell,8.15e-06,500.0,0.004075
DLT/BTC,1562187771681,2019-07-03T21:02:51.681Z,sell,8.15e-06,1166.0,0.0095029
DLT/BTC,1562187796815,2019-07-03T21:03:16.815Z,buy,8.19e-06,4485.0,0.03673215
DLT/BTC,1562187796817,2019-07-03T21:03:16.817Z,buy,8.19e-06,1666.0,0.0136445399999999
DLT/BTC,1562187796832,2019-07-03T21:03:16.832Z,buy,8.2e-06,1612.0,0.0132183999999999
DLT/BTC,1562187796837,2019-07-03T21:03:16.837Z,buy,8.2e-06,436.0,0.0035751999999999
DLT/BTC,1562187797337,2019-07-03T21:03:17.337Z,sell,8.17e-06,408.0,0.00333336
DLT/BTC,1562187832160,2019-07-03T21:03:52.160Z,sell,8.16e-06,869.0,0.00709104
DLT/BTC,1562187834106,2019-07-03T21:03:54.106Z,sell,8.16e-06,14727.0,0.12017232
DLT/BTC,1562187843451,2019-07-03T21:04:03.451Z,buy,8.19e-06,1949.0,0.01596231
DLT/BTC,1562187845707,2019-07-03T21:04:05.707Z,sell,8.16e-06,790.0,0.0064464
DLT/BTC,1562187845707,2019-07-03T21:04:05.707Z,sell,8.15e-06,2986.0,0.0243359
DLT/BTC,1562187880649,2019-07-03T21:04:40.649Z,sell,8.15e-06,166.0,0.0013529
DLT/BTC,1562187890369,2019-07-03T21:04:50.369Z,sell,8.16e-06,6127.0,0.04999632
DLT/BTC,1562187890369,2019-07-03T21:04:50.369Z,sell,8.15e-06,2387.0,0.01945405
DLT/BTC,1562187894664,2019-07-03T21:04:54.664Z,sell,8.15e-06,1920.0,0.015648
DLT/BTC,1562187923823,2019-07-03T21:05:23.823Z,sell,8.15e-06,8229.0,0.06706635
DLT/BTC,1562187938827,2019-07-03T21:05:38.827Z,buy,8.19e-06,147.0,0.00120393
DLT/BTC,1562187952451,2019-07-03T21:05:52.451Z,sell,8.16e-06,457.0,0.00372912
DLT/BTC,1562187952451,2019-07-03T21:05:52.451Z,sell,8.15e-06,10677.0,0.08701755
DLT/BTC,1562187986190,2019-07-03T21:06:26.190Z,sell,8.15e-06,911.0,0.00742465
DLT/BTC,1562188002127,2019-07-03T21:06:42.127Z,buy,8.19e-06,1196.0,0.00979524
DLT/BTC,1562188002127,2019-07-03T21:06:42.127Z,buy,8.2e-06,570.0,0.0046739999999999
DLT/BTC,1562188039304,2019-07-03T21:07:19.304Z,sell,8.16e-06,689.0,0.00562224
DLT/BTC,1562188039304,2019-07-03T21:07:19.304Z,sell,8.15e-06,33.0,0.00026895
DLT/BTC,1562188054681,2019-07-03T21:07:34.681Z,buy,8.19e-06,689.0,0.0056429099999999
DLT/BTC,1562188054681,2019-07-03T21:07:34.681Z,buy,8.2e-06,1783.0,0.0146206
DLT/BTC,1562188054681,2019-07-03T21:07:34.681Z,buy,8.23e-06,50.0,0.0004115
DLT/BTC,1562188054704,2019-07-03T21:07:34.704Z,sell,8.23e-06,1633.0,0.01343959
DLT/BTC,1562188055377,2019-07-03T21:07:35.377Z,buy,8.17e-06,248.0,0.00202616
DLT/BTC,1562188055440,2019-07-03T21:07:35.440Z,buy,8.17e-06,483.0,0.00394611
DLT/BTC,1562188070067,2019-07-03T21:07:50.067Z,sell,8.18e-06,492.0,0.00402456
DLT/BTC,1562188151335,2019-07-03T21:09:11.335Z,buy,8.2e-06,349.0,0.0028618
DLT/BTC,1562188210567,2019-07-03T21:10:10.567Z,sell,8.18e-06,1336.0,0.0109284799999999
