symbol,timestamp,datetime,side,price,amount,btc_volume
DNT/BTC,1582311912065,2020-02-21T19:05:12.065Z,sell,7.6e-07,39393.0,0.02993868
DNT/BTC,1582311983939,2020-02-21T19:06:23.939Z,buy,7.6e-07,491.0,0.00037316
DNT/BTC,1582312250962,2020-02-21T19:10:50.962Z,buy,7.6e-07,1210.0,0.0009196
DNT/BTC,1582312555005,2020-02-21T19:15:55.005Z,buy,7.6e-07,10591.0,0.00804916
DNT/BTC,1582312593896,2020-02-21T19:16:33.896Z,buy,7.6e-07,1000.0,0.00076
DNT/BTC,1582313288214,2020-02-21T19:28:08.214Z,buy,7.6e-07,283.0,0.00021508
DNT/BTC,1582313638982,2020-02-21T19:33:58.982Z,buy,7.6e-07,47095.0,0.0357922
DNT/BTC,1582313722557,2020-02-21T19:35:22.557Z,sell,7.6e-07,52905.0,0.0402078
DNT/BTC,1582314505365,2020-02-21T19:48:25.365Z,buy,7.6e-07,3385.0,0.0025726
DNT/BTC,1582314738446,2020-02-21T19:52:18.446Z,sell,7.5e-07,138.0,0.0001035
DNT/BTC,1582314783548,2020-02-21T19:53:03.548Z,sell,7.5e-07,5000.0,0.00375
DNT/BTC,1582314783548,2020-02-21T19:53:03.548Z,sell,7.5e-07,5000.0,0.00375
DNT/BTC,1582315274266,2020-02-21T20:01:14.266Z,buy,7.6e-07,8287.0,0.00629812
DNT/BTC,1582315493901,2020-02-21T20:04:53.901Z,buy,7.6e-07,7000.0,0.00532
DNT/BTC,1582315854610,2020-02-21T20:10:54.610Z,sell,7.5e-07,2634.0,0.0019755
DNT/BTC,1582315922582,2020-02-21T20:12:02.582Z,buy,7.6e-07,38157.0,0.02899932
DNT/BTC,1582315922582,2020-02-21T20:12:02.582Z,buy,7.6e-07,19376.0,0.01472576
DNT/BTC,1582315922585,2020-02-21T20:12:02.585Z,buy,7.6e-07,78310.0,0.0595156
DNT/BTC,1582315922593,2020-02-21T20:12:02.593Z,buy,7.6e-07,78272.0,0.05948672
DNT/BTC,1582316971589,2020-02-21T20:29:31.589Z,sell,7.5e-07,652.0,0.000489
DNT/BTC,1582317740566,2020-02-21T20:42:20.566Z,buy,7.6e-07,17462.0,0.01327112
DNT/BTC,1582318136312,2020-02-21T20:48:56.312Z,sell,7.5e-07,6000.0,0.0045
DNT/BTC,1582318136312,2020-02-21T20:48:56.312Z,sell,7.5e-07,6000.0,0.0045
DNT/BTC,1582319315811,2020-02-21T21:08:35.811Z,sell,7.5e-07,101964.0,0.076473
DNT/BTC,1582320533516,2020-02-21T21:28:53.516Z,sell,7.5e-07,80000.0,0.06
DNT/BTC,1582320533516,2020-02-21T21:28:53.516Z,sell,7.5e-07,80000.0,0.06
DNT/BTC,1582322320807,2020-02-21T21:58:40.807Z,buy,7.6e-07,175.0,0.000133
DNT/BTC,1582323665239,2020-02-21T22:21:05.239Z,buy,7.6e-07,613.0,0.00046588
DNT/BTC,1582323665239,2020-02-21T22:21:05.239Z,buy,7.6e-07,613.0,0.00046588
DNT/BTC,1582327945954,2020-02-21T23:32:25.954Z,sell,7.5e-07,2500.0,0.001875
DNT/BTC,1582327945954,2020-02-21T23:32:25.954Z,sell,7.5e-07,2500.0,0.001875
DNT/BTC,1582329351457,2020-02-21T23:55:51.457Z,buy,7.6e-07,220.0,0.0001672
DNT/BTC,1582329420336,2020-02-21T23:57:00.336Z,buy,7.6e-07,1973.0,0.00149948
DNT/BTC,1582329695914,2020-02-22T00:01:35.914Z,sell,7.5e-07,1971.0,0.00147825
DNT/BTC,1582330966290,2020-02-22T00:22:46.290Z,sell,7.5e-07,12263.0,0.00919725
DNT/BTC,1582331243692,2020-02-22T00:27:23.692Z,sell,7.5e-07,78256.0,0.058692
DNT/BTC,1582331244782,2020-02-22T00:27:24.782Z,sell,7.5e-07,137.0,0.00010275
DNT/BTC,1582331305601,2020-02-22T00:28:25.601Z,sell,7.5e-07,1143.0,0.00085725
DNT/BTC,1582331305601,2020-02-22T00:28:25.601Z,sell,7.5e-07,1143.0,0.00085725
DNT/BTC,1582334001497,2020-02-22T01:13:21.497Z,buy,7.6e-07,2000.0,0.00152
DNT/BTC,1582334356291,2020-02-22T01:19:16.291Z,sell,7.5e-07,8252.0,0.006189
DNT/BTC,1582334375430,2020-02-22T01:19:35.430Z,sell,7.5e-07,8349.0,0.00626175
DNT/BTC,1582334793806,2020-02-22T01:26:33.806Z,buy,7.6e-07,14721.0,0.01118796
DNT/BTC,1582334828114,2020-02-22T01:27:08.114Z,buy,7.6e-07,2795.0,0.0021242
DNT/BTC,1582334828114,2020-02-22T01:27:08.114Z,buy,7.6e-07,2795.0,0.0021242
DNT/BTC,1582334926142,2020-02-22T01:28:46.142Z,sell,7.5e-07,2065.0,0.00154875
DNT/BTC,1582334997892,2020-02-22T01:29:57.892Z,buy,7.6e-07,13157.0,0.00999932
DNT/BTC,1582335196476,2020-02-22T01:33:16.476Z,buy,7.6e-07,19586.0,0.01488536
DNT/BTC,1582336225944,2020-02-22T01:50:25.944Z,sell,7.5e-07,189.0,0.00014175
DNT/BTC,1582337354552,2020-02-22T02:09:14.552Z,sell,7.5e-07,7900.0,0.005925
DNT/BTC,1582337354552,2020-02-22T02:09:14.552Z,sell,7.5e-07,7900.0,0.005925
DNT/BTC,1582341622376,2020-02-22T03:20:22.376Z,buy,7.6e-07,135.0,0.0001026
DNT/BTC,1582341622376,2020-02-22T03:20:22.376Z,buy,7.6e-07,135.0,0.0001026
DNT/BTC,1582343148823,2020-02-22T03:45:48.823Z,buy,7.6e-07,68914.0,0.05237464
DNT/BTC,1582343686444,2020-02-22T03:54:46.444Z,buy,7.6e-07,4799.0,0.00364724
DNT/BTC,1582344140973,2020-02-22T04:02:20.973Z,sell,7.5e-07,2699.0,0.00202425
DNT/BTC,1582344205705,2020-02-22T04:03:25.705Z,buy,7.6e-07,13157.0,0.00999932
DNT/BTC,1582344391573,2020-02-22T04:06:31.573Z,buy,7.6e-07,6295.0,0.0047842
DNT/BTC,1582344391573,2020-02-22T04:06:31.573Z,buy,7.6e-07,6295.0,0.0047842
DNT/BTC,1582345821431,2020-02-22T04:30:21.431Z,sell,7.5e-07,2680.0,0.00201
DNT/BTC,1582346073753,2020-02-22T04:34:33.753Z,buy,7.6e-07,8026.0,0.00609976
DNT/BTC,1582346793434,2020-02-22T04:46:33.434Z,buy,7.6e-07,227000.0,0.17252
DNT/BTC,1582347299874,2020-02-22T04:54:59.874Z,buy,7.6e-07,14000.0,0.01064
DNT/BTC,1582347299874,2020-02-22T04:54:59.874Z,buy,7.6e-07,14000.0,0.01064
DNT/BTC,1582349388648,2020-02-22T05:29:48.648Z,buy,7.6e-07,9972.0,0.00757872
DNT/BTC,1582349474831,2020-02-22T05:31:14.831Z,buy,7.6e-07,3883.0,0.00295108
DNT/BTC,1582349494434,2020-02-22T05:31:34.434Z,buy,7.6e-07,2493.0,0.00189468
DNT/BTC,1582349604816,2020-02-22T05:33:24.816Z,buy,7.6e-07,2493.0,0.00189468
DNT/BTC,1582349943865,2020-02-22T05:39:03.865Z,buy,7.6e-07,400.0,0.000304
DNT/BTC,1582350548641,2020-02-22T05:49:08.641Z,buy,7.6e-07,62385.0,0.0474126
DNT/BTC,1582350548656,2020-02-22T05:49:08.656Z,sell,7.6e-07,9001.0,0.00684076
DNT/BTC,1582350548673,2020-02-22T05:49:08.673Z,sell,7.6e-07,41852.0,0.03180752
DNT/BTC,1582350548673,2020-02-22T05:49:08.673Z,sell,7.6e-07,41852.0,0.03180752
DNT/BTC,1582351057202,2020-02-22T05:57:37.202Z,sell,7.6e-07,51437.0,0.03909212
DNT/BTC,1582351057215,2020-02-22T05:57:37.215Z,sell,7.6e-07,28273.0,0.02148748
DNT/BTC,1582351201199,2020-02-22T06:00:01.199Z,buy,7.7e-07,203.0,0.00015631
DNT/BTC,1582351226846,2020-02-22T06:00:26.846Z,buy,7.7e-07,1104.0,0.00085008
DNT/BTC,1582351383667,2020-02-22T06:03:03.667Z,buy,7.6e-07,15755.0,0.0119738
DNT/BTC,1582351383761,2020-02-22T06:03:03.761Z,sell,7.6e-07,33416.0,0.02539616
DNT/BTC,1582351392419,2020-02-22T06:03:12.419Z,buy,7.7e-07,136.0,0.00010472
DNT/BTC,1582351732807,2020-02-22T06:08:52.807Z,sell,7.6e-07,2975.0,0.002261
DNT/BTC,1582351754635,2020-02-22T06:09:14.635Z,sell,7.6e-07,5183.0,0.00393908
DNT/BTC,1582352275104,2020-02-22T06:17:55.104Z,sell,7.6e-07,660.0,0.0005016
DNT/BTC,1582352275104,2020-02-22T06:17:55.104Z,sell,7.5e-07,657.0,0.00049275
DNT/BTC,1582352299999,2020-02-22T06:18:19.999Z,sell,7.5e-07,4797.0,0.00359775
DNT/BTC,1582352300254,2020-02-22T06:18:20.254Z,sell,7.5e-07,73000.0,0.05475
DNT/BTC,1582352300266,2020-02-22T06:18:20.266Z,sell,7.5e-07,74000.0,0.0555
DNT/BTC,1582352318291,2020-02-22T06:18:38.291Z,sell,7.5e-07,1447.0,0.00108525
DNT/BTC,1582352482106,2020-02-22T06:21:22.106Z,sell,7.5e-07,19566.0,0.0146745
DNT/BTC,1582353973407,2020-02-22T06:46:13.407Z,buy,7.6e-07,140.0,0.0001064
DNT/BTC,1582353973407,2020-02-22T06:46:13.407Z,buy,7.6e-07,140.0,0.0001064
DNT/BTC,1582354882326,2020-02-22T07:01:22.326Z,buy,7.6e-07,1482.0,0.00112632
DNT/BTC,1582356955240,2020-02-22T07:35:55.240Z,sell,7.5e-07,2500.0,0.001875
DNT/BTC,1582356955240,2020-02-22T07:35:55.240Z,sell,7.5e-07,2500.0,0.001875
DNT/BTC,1582358517328,2020-02-22T08:01:57.328Z,sell,7.5e-07,18699.0,0.01402425
DNT/BTC,1582358923500,2020-02-22T08:08:43.500Z,buy,7.6e-07,75108.0,0.05708208
DNT/BTC,1582360496294,2020-02-22T08:34:56.294Z,buy,7.6e-07,73143.0,0.05558868
DNT/BTC,1582360504826,2020-02-22T08:35:04.826Z,buy,7.6e-07,62523.0,0.04751748
DNT/BTC,1582360533940,2020-02-22T08:35:33.940Z,buy,7.7e-07,10483.0,0.00807191
DNT/BTC,1582360533940,2020-02-22T08:35:33.940Z,buy,7.7e-07,10483.0,0.00807191
DNT/BTC,1582362713994,2020-02-22T09:11:53.994Z,buy,7.7e-07,8240.0,0.0063448
DNT/BTC,1582363956673,2020-02-22T09:32:36.673Z,sell,7.5e-07,7934.0,0.0059505
DNT/BTC,1582363956674,2020-02-22T09:32:36.674Z,sell,7.5e-07,2897.0,0.00217275
DNT/BTC,1582363956701,2020-02-22T09:32:36.701Z,sell,7.5e-07,65440.0,0.04908
DNT/BTC,1582363956701,2020-02-22T09:32:36.701Z,sell,7.5e-07,65440.0,0.04908
DNT/BTC,1582364207018,2020-02-22T09:36:47.018Z,sell,7.5e-07,147.0,0.00011025
DNT/BTC,1582364429393,2020-02-22T09:40:29.393Z,buy,7.6e-07,8116.0,0.00616816
DNT/BTC,1582364468619,2020-02-22T09:41:08.619Z,buy,7.6e-07,3000.0,0.00228
DNT/BTC,1582364918158,2020-02-22T09:48:38.158Z,sell,7.5e-07,10730.0,0.0080475
DNT/BTC,1582365083603,2020-02-22T09:51:23.603Z,sell,7.5e-07,126953.0,0.09521475
DNT/BTC,1582365272192,2020-02-22T09:54:32.192Z,sell,7.5e-07,223.0,0.00016725
DNT/BTC,1582365608811,2020-02-22T10:00:08.811Z,sell,7.5e-07,165.0,0.00012375
DNT/BTC,1582365697840,2020-02-22T10:01:37.840Z,sell,7.5e-07,108986.0,0.0817395
DNT/BTC,1582366021892,2020-02-22T10:07:01.892Z,sell,7.5e-07,641.0,0.00048075
DNT/BTC,1582366023207,2020-02-22T10:07:03.207Z,sell,7.5e-07,641.0,0.00048075
DNT/BTC,1582366024482,2020-02-22T10:07:04.482Z,sell,7.5e-07,641.0,0.00048075
DNT/BTC,1582366024482,2020-02-22T10:07:04.482Z,sell,7.5e-07,641.0,0.00048075
DNT/BTC,1582367785845,2020-02-22T10:36:25.845Z,buy,7.6e-07,860.0,0.0006536
DNT/BTC,1582367964999,2020-02-22T10:39:24.999Z,sell,7.5e-07,12725.0,0.00954375
DNT/BTC,1582368775929,2020-02-22T10:52:55.929Z,sell,7.5e-07,1975.0,0.00148125
DNT/BTC,1582368775929,2020-02-22T10:52:55.929Z,sell,7.5e-07,1975.0,0.00148125
DNT/BTC,1582370473113,2020-02-22T11:21:13.113Z,buy,7.6e-07,5783.0,0.00439508
DNT/BTC,1582370486211,2020-02-22T11:21:26.211Z,buy,7.7e-07,27844.0,0.02143988
DNT/BTC,1582370492442,2020-02-22T11:21:32.442Z,buy,7.7e-07,2650.0,0.0020405
DNT/BTC,1582370731840,2020-02-22T11:25:31.840Z,sell,7.6e-07,8116.0,0.00616816
DNT/BTC,1582370749621,2020-02-22T11:25:49.621Z,sell,7.6e-07,8010.0,0.0060876
DNT/BTC,1582370959634,2020-02-22T11:29:19.634Z,sell,7.6e-07,1837.0,0.00139612
DNT/BTC,1582371361745,2020-02-22T11:36:01.745Z,sell,7.5e-07,106439.0,0.07982925
DNT/BTC,1582371867508,2020-02-22T11:44:27.508Z,sell,7.5e-07,57931.0,0.04344825
DNT/BTC,1582371867508,2020-02-22T11:44:27.508Z,sell,7.5e-07,57931.0,0.04344825
DNT/BTC,1582372687523,2020-02-22T11:58:07.523Z,sell,7.6e-07,37475.0,0.028481
DNT/BTC,1582374276790,2020-02-22T12:24:36.790Z,sell,7.6e-07,2734.0,0.00207784
DNT/BTC,1582374276790,2020-02-22T12:24:36.790Z,sell,7.6e-07,2734.0,0.00207784
DNT/BTC,1582375702637,2020-02-22T12:48:22.637Z,buy,7.7e-07,140.0,0.0001078
DNT/BTC,1582375864070,2020-02-22T12:51:04.070Z,sell,7.6e-07,10753.0,0.00817228
DNT/BTC,1582376536045,2020-02-22T13:02:16.045Z,buy,7.7e-07,177.0,0.00013629
DNT/BTC,1582376715762,2020-02-22T13:05:15.762Z,buy,7.7e-07,1298.0,0.00099946
DNT/BTC,1582376755917,2020-02-22T13:05:55.917Z,sell,7.6e-07,2485.0,0.0018886
DNT/BTC,1582376755918,2020-02-22T13:05:55.918Z,sell,7.6e-07,2751.0,0.00209076
DNT/BTC,1582376917172,2020-02-22T13:08:37.172Z,buy,7.7e-07,804.0,0.00061908
DNT/BTC,1582376964571,2020-02-22T13:09:24.571Z,sell,7.6e-07,693.0,0.00052668
DNT/BTC,1582376995998,2020-02-22T13:09:55.998Z,sell,7.6e-07,151.0,0.00011476
DNT/BTC,1582376995998,2020-02-22T13:09:55.998Z,sell,7.6e-07,151.0,0.00011476
DNT/BTC,1582377967510,2020-02-22T13:26:07.510Z,sell,7.6e-07,145765.0,0.1107814
DNT/BTC,1582378607816,2020-02-22T13:36:47.816Z,buy,7.7e-07,155.0,0.00011935
DNT/BTC,1582379325515,2020-02-22T13:48:45.515Z,buy,7.7e-07,6494.0,0.00500038
DNT/BTC,1582380127301,2020-02-22T14:02:07.301Z,buy,7.7e-07,170344.0,0.13116488
DNT/BTC,1582380127301,2020-02-22T14:02:07.301Z,buy,7.7e-07,170344.0,0.13116488
DNT/BTC,1582381042949,2020-02-22T14:17:22.949Z,sell,7.6e-07,14943.0,0.01135668
DNT/BTC,1582381043189,2020-02-22T14:17:23.189Z,sell,7.6e-07,231.0,0.00017556
DNT/BTC,1582382963360,2020-02-22T14:49:23.360Z,buy,7.7e-07,2597.0,0.00199969
DNT/BTC,1582383467142,2020-02-22T14:57:47.142Z,sell,7.6e-07,36137.0,0.02746412
DNT/BTC,1582383467142,2020-02-22T14:57:47.142Z,sell,7.6e-07,36137.0,0.02746412
DNT/BTC,1582384678210,2020-02-22T15:17:58.210Z,sell,7.6e-07,62227.0,0.04729252
DNT/BTC,1582384826075,2020-02-22T15:20:26.075Z,buy,7.7e-07,2284.0,0.00175868
DNT/BTC,1582384978162,2020-02-22T15:22:58.162Z,sell,7.6e-07,5229.0,0.00397404
DNT/BTC,1582385053717,2020-02-22T15:24:13.717Z,buy,7.7e-07,650.0,0.0005005
DNT/BTC,1582386012283,2020-02-22T15:40:12.283Z,sell,7.6e-07,126920.0,0.0964592
DNT/BTC,1582386025898,2020-02-22T15:40:25.898Z,buy,7.6e-07,3273.0,0.00248748
DNT/BTC,1582386188311,2020-02-22T15:43:08.311Z,sell,7.6e-07,13207.0,0.01003732
DNT/BTC,1582386779231,2020-02-22T15:52:59.231Z,buy,7.6e-07,1300.0,0.000988
DNT/BTC,1582387054118,2020-02-22T15:57:34.118Z,buy,7.6e-07,9288.0,0.00705888
DNT/BTC,1582387054118,2020-02-22T15:57:34.118Z,buy,7.6e-07,9288.0,0.00705888
DNT/BTC,1582387667196,2020-02-22T16:07:47.196Z,buy,7.6e-07,230.0,0.0001748
DNT/BTC,1582387916423,2020-02-22T16:11:56.423Z,sell,7.5e-07,170173.0,0.12762975
DNT/BTC,1582388304927,2020-02-22T16:18:24.927Z,sell,7.5e-07,13157.0,0.00986775
DNT/BTC,1582388305711,2020-02-22T16:18:25.711Z,sell,7.5e-07,13157.0,0.00986775
DNT/BTC,1582389687410,2020-02-22T16:41:27.410Z,sell,7.5e-07,91929.0,0.06894675
DNT/BTC,1582390321532,2020-02-22T16:52:01.532Z,buy,7.6e-07,1973.0,0.00149948
DNT/BTC,1582390609170,2020-02-22T16:56:49.170Z,sell,7.5e-07,1971.0,0.00147825
DNT/BTC,1582390609170,2020-02-22T16:56:49.170Z,sell,7.5e-07,1971.0,0.00147825
DNT/BTC,1582392223332,2020-02-22T17:23:43.332Z,sell,7.5e-07,39651.0,0.02973825
DNT/BTC,1582392264041,2020-02-22T17:24:24.041Z,sell,7.5e-07,871.0,0.00065325
DNT/BTC,1582392391042,2020-02-22T17:26:31.042Z,sell,7.5e-07,1394.0,0.0010455
DNT/BTC,1582392483270,2020-02-22T17:28:03.270Z,buy,7.6e-07,38146.0,0.02899096
DNT/BTC,1582392483270,2020-02-22T17:28:03.270Z,buy,7.6e-07,38146.0,0.02899096
DNT/BTC,1582394904136,2020-02-22T18:08:24.136Z,sell,7.5e-07,16787.0,0.01259025
DNT/BTC,1582395898839,2020-02-22T18:24:58.839Z,sell,7.5e-07,204.0,0.000153
DNT/BTC,1582395898839,2020-02-22T18:24:58.839Z,sell,7.5e-07,204.0,0.000153
DNT/BTC,1582396417869,2020-02-22T18:33:37.869Z,sell,7.5e-07,233.0,0.00017475
DNT/BTC,1582396708901,2020-02-22T18:38:28.901Z,buy,7.6e-07,1500.0,0.00114
DNT/BTC,1582397001253,2020-02-22T18:43:21.253Z,buy,7.6e-07,546.0,0.00041496
DNT/BTC,1582397948681,2020-02-22T18:59:08.681Z,sell,7.5e-07,26288.0,0.019716
DNT/BTC,1582399361071,2020-02-22T19:22:41.071Z,sell,7.5e-07,3121.0,0.00234075
DNT/BTC,1582399361071,2020-02-22T19:22:41.071Z,sell,7.5e-07,3121.0,0.00234075
DNT/BTC,1582400444699,2020-02-22T19:40:44.699Z,buy,7.6e-07,3000.0,0.00228
DNT/BTC,1582400905340,2020-02-22T19:48:25.340Z,sell,7.5e-07,5552.0,0.004164
DNT/BTC,1582401066700,2020-02-22T19:51:06.700Z,sell,7.5e-07,1766.0,0.0013245
DNT/BTC,1582401595235,2020-02-22T19:59:55.235Z,sell,7.5e-07,15493.0,0.01161975
DNT/BTC,1582402227237,2020-02-22T20:10:27.237Z,sell,7.5e-07,465.0,0.00034875
DNT/BTC,1582402227237,2020-02-22T20:10:27.237Z,sell,7.5e-07,465.0,0.00034875
DNT/BTC,1582403180207,2020-02-22T20:26:20.207Z,sell,7.5e-07,200.0,0.00015
DNT/BTC,1582403183826,2020-02-22T20:26:23.826Z,buy,7.6e-07,197.0,0.00014972
DNT/BTC,1582403381604,2020-02-22T20:29:41.604Z,sell,7.5e-07,589.0,0.00044175
DNT/BTC,1582403445111,2020-02-22T20:30:45.111Z,sell,7.5e-07,2874.0,0.0021555
DNT/BTC,1582403682252,2020-02-22T20:34:42.252Z,sell,7.5e-07,6493.0,0.00486975
DNT/BTC,1582404711072,2020-02-22T20:51:51.072Z,buy,7.6e-07,320.0,0.0002432
DNT/BTC,1582404764309,2020-02-22T20:52:44.309Z,sell,7.5e-07,1707.0,0.00128025
DNT/BTC,1582404839778,2020-02-22T20:53:59.778Z,buy,7.6e-07,156.0,0.00011856
DNT/BTC,1582404839778,2020-02-22T20:53:59.778Z,buy,7.6e-07,156.0,0.00011856
DNT/BTC,1582405873755,2020-02-22T21:11:13.755Z,sell,7.5e-07,3717.0,0.00278775
DNT/BTC,1582406876184,2020-02-22T21:27:56.184Z,buy,7.6e-07,155.0,0.0001178
DNT/BTC,1582407029146,2020-02-22T21:30:29.146Z,buy,7.6e-07,144.0,0.00010944
DNT/BTC,1582407029146,2020-02-22T21:30:29.146Z,buy,7.6e-07,144.0,0.00010944
DNT/BTC,1582408833839,2020-02-22T22:00:33.839Z,sell,7.5e-07,187.0,0.00014025
DNT/BTC,1582409046586,2020-02-22T22:04:06.586Z,sell,7.5e-07,2118.0,0.0015885
DNT/BTC,1582409485241,2020-02-22T22:11:25.241Z,sell,7.5e-07,2889.0,0.00216675
DNT/BTC,1582409485241,2020-02-22T22:11:25.241Z,sell,7.5e-07,2889.0,0.00216675
DNT/BTC,1582410756982,2020-02-22T22:32:36.982Z,sell,7.5e-07,229.0,0.00017175
DNT/BTC,1582410790818,2020-02-22T22:33:10.818Z,sell,7.5e-07,92515.0,0.06938625
DNT/BTC,1582410790818,2020-02-22T22:33:10.818Z,sell,7.5e-07,92515.0,0.06938625
DNT/BTC,1582416185935,2020-02-23T00:03:05.935Z,buy,7.6e-07,413.0,0.00031388
DNT/BTC,1582416185935,2020-02-23T00:03:05.935Z,buy,7.6e-07,413.0,0.00031388
DNT/BTC,1582417461506,2020-02-23T00:24:21.506Z,buy,7.6e-07,200.0,0.000152
DNT/BTC,1582417461506,2020-02-23T00:24:21.506Z,buy,7.6e-07,200.0,0.000152
DNT/BTC,1582421002492,2020-02-23T01:23:22.492Z,buy,7.6e-07,4600.0,0.003496
DNT/BTC,1582421002492,2020-02-23T01:23:22.492Z,buy,7.6e-07,4600.0,0.003496
DNT/BTC,1582421441811,2020-02-23T01:30:41.811Z,sell,7.5e-07,643059.0,0.48229425
DNT/BTC,1582421443628,2020-02-23T01:30:43.628Z,sell,7.5e-07,3478.0,0.0026085
DNT/BTC,1582421522708,2020-02-23T01:32:02.708Z,sell,7.5e-07,3892.0,0.002919
DNT/BTC,1582421765839,2020-02-23T01:36:05.839Z,sell,7.5e-07,780.0,0.000585
DNT/BTC,1582423000716,2020-02-23T01:56:40.716Z,buy,7.6e-07,1973.0,0.00149948
DNT/BTC,1582423020639,2020-02-23T01:57:00.639Z,sell,7.5e-07,4200.0,0.00315
DNT/BTC,1582423020639,2020-02-23T01:57:00.639Z,sell,7.5e-07,4200.0,0.00315
DNT/BTC,1582425543590,2020-02-23T02:39:03.590Z,sell,7.5e-07,172.0,0.000129
DNT/BTC,1582425543590,2020-02-23T02:39:03.590Z,sell,7.5e-07,172.0,0.000129
DNT/BTC,1582427695254,2020-02-23T03:14:55.254Z,buy,7.6e-07,8098.0,0.00615448
DNT/BTC,1582427792227,2020-02-23T03:16:32.227Z,sell,7.5e-07,1971.0,0.00147825
DNT/BTC,1582428708753,2020-02-23T03:31:48.753Z,sell,7.5e-07,431.0,0.00032325
DNT/BTC,1582428708753,2020-02-23T03:31:48.753Z,sell,7.5e-07,431.0,0.00032325
DNT/BTC,1582429767014,2020-02-23T03:49:27.014Z,buy,7.6e-07,17310.0,0.0131556
DNT/BTC,1582430213921,2020-02-23T03:56:53.921Z,sell,7.5e-07,8090.0,0.0060675
DNT/BTC,1582430623911,2020-02-23T04:03:43.911Z,sell,7.5e-07,13374.0,0.0100305
DNT/BTC,1582431257864,2020-02-23T04:14:17.864Z,buy,7.6e-07,74625.0,0.056715
DNT/BTC,1582431257864,2020-02-23T04:14:17.864Z,buy,7.7e-07,85567.0,0.06588659
DNT/BTC,1582431764448,2020-02-23T04:22:44.448Z,sell,7.5e-07,11891.0,0.00891825
DNT/BTC,1582431764448,2020-02-23T04:22:44.448Z,sell,7.5e-07,11891.0,0.00891825
DNT/BTC,1582434410836,2020-02-23T05:06:50.836Z,buy,7.7e-07,299.0,0.00023023
DNT/BTC,1582434410836,2020-02-23T05:06:50.836Z,buy,7.7e-07,299.0,0.00023023
DNT/BTC,1582437573506,2020-02-23T05:59:33.506Z,sell,7.5e-07,3141.0,0.00235575
DNT/BTC,1582437573506,2020-02-23T05:59:33.506Z,sell,7.5e-07,3141.0,0.00235575
DNT/BTC,1582438560712,2020-02-23T06:16:00.712Z,buy,7.7e-07,278.0,0.00021406
DNT/BTC,1582438817065,2020-02-23T06:20:17.065Z,buy,7.7e-07,1428.0,0.00109956
DNT/BTC,1582439074465,2020-02-23T06:24:34.465Z,buy,7.7e-07,12987.0,0.00999999
DNT/BTC,1582439603513,2020-02-23T06:33:23.513Z,buy,7.7e-07,2597.0,0.00199969
DNT/BTC,1582439603789,2020-02-23T06:33:23.789Z,buy,7.7e-07,256.0,0.00019712
DNT/BTC,1582439604036,2020-02-23T06:33:24.036Z,buy,7.7e-07,1410.0,0.0010857
DNT/BTC,1582439604215,2020-02-23T06:33:24.215Z,buy,7.7e-07,256.0,0.00019712
DNT/BTC,1582439604375,2020-02-23T06:33:24.375Z,buy,7.7e-07,1948.0,0.00149996
DNT/BTC,1582439604407,2020-02-23T06:33:24.407Z,buy,7.7e-07,1794.0,0.00138138
DNT/BTC,1582439604566,2020-02-23T06:33:24.566Z,buy,7.7e-07,194.0,0.00014938
DNT/BTC,1582439605560,2020-02-23T06:33:25.560Z,buy,7.7e-07,9984.0,0.00768768
DNT/BTC,1582439606535,2020-02-23T06:33:26.535Z,buy,7.7e-07,2597.0,0.00199969
DNT/BTC,1582439609891,2020-02-23T06:33:29.891Z,buy,7.7e-07,14285.0,0.01099945
DNT/BTC,1582439610118,2020-02-23T06:33:30.118Z,buy,7.7e-07,2564.0,0.00197428
DNT/BTC,1582439610781,2020-02-23T06:33:30.781Z,buy,7.7e-07,3846.0,0.00296142
DNT/BTC,1582439612423,2020-02-23T06:33:32.423Z,buy,7.7e-07,3732.0,0.00287364
DNT/BTC,1582439612945,2020-02-23T06:33:32.945Z,buy,7.7e-07,4463.0,0.00343651
DNT/BTC,1582439615014,2020-02-23T06:33:35.014Z,buy,7.7e-07,14014.0,0.01079078
DNT/BTC,1582439616589,2020-02-23T06:33:36.589Z,buy,7.7e-07,256.0,0.00019712
DNT/BTC,1582439619427,2020-02-23T06:33:39.427Z,buy,7.7e-07,2564.0,0.00197428
DNT/BTC,1582439621933,2020-02-23T06:33:41.933Z,buy,7.7e-07,256.0,0.00019712
DNT/BTC,1582439622610,2020-02-23T06:33:42.610Z,buy,7.7e-07,256.0,0.00019712
DNT/BTC,1582439622898,2020-02-23T06:33:42.898Z,buy,7.7e-07,259.0,0.00019943
DNT/BTC,1582439623033,2020-02-23T06:33:43.033Z,buy,7.7e-07,148.0,0.00011396
DNT/BTC,1582439623117,2020-02-23T06:33:43.117Z,buy,7.7e-07,2047.0,0.00157619
DNT/BTC,1582439623415,2020-02-23T06:33:43.415Z,buy,7.7e-07,3846.0,0.00296142
DNT/BTC,1582439623498,2020-02-23T06:33:43.498Z,buy,7.7e-07,230.0,0.0001771
DNT/BTC,1582439623769,2020-02-23T06:33:43.769Z,buy,7.7e-07,1282.0,0.00098714
DNT/BTC,1582439624034,2020-02-23T06:33:44.034Z,buy,7.7e-07,448.0,0.00034496
DNT/BTC,1582439624123,2020-02-23T06:33:44.123Z,buy,7.7e-07,256.0,0.00019712
DNT/BTC,1582439624168,2020-02-23T06:33:44.168Z,buy,7.7e-07,256.0,0.00019712
DNT/BTC,1582439624770,2020-02-23T06:33:44.770Z,buy,7.7e-07,512.0,0.00039424
DNT/BTC,1582439625021,2020-02-23T06:33:45.021Z,buy,7.7e-07,4799.0,0.00369523
DNT/BTC,1582439625203,2020-02-23T06:33:45.203Z,buy,7.7e-07,320.0,0.0002464
DNT/BTC,1582439625769,2020-02-23T06:33:45.769Z,buy,7.7e-07,243.0,0.00018711
DNT/BTC,1582439626949,2020-02-23T06:33:46.949Z,buy,7.7e-07,621.0,0.00047817
DNT/BTC,1582439627344,2020-02-23T06:33:47.344Z,buy,7.7e-07,2564.0,0.00197428
DNT/BTC,1582439627501,2020-02-23T06:33:47.501Z,buy,7.7e-07,5399.0,0.00415723
DNT/BTC,1582439627847,2020-02-23T06:33:47.847Z,buy,7.7e-07,256.0,0.00019712
DNT/BTC,1582439628332,2020-02-23T06:33:48.332Z,buy,7.7e-07,192.0,0.00014784
DNT/BTC,1582439628540,2020-02-23T06:33:48.540Z,buy,7.7e-07,1485.0,0.00114345
DNT/BTC,1582440546995,2020-02-23T06:49:06.995Z,sell,7.5e-07,19878.0,0.0149085
DNT/BTC,1582440820445,2020-02-23T06:53:40.445Z,sell,7.5e-07,12987.0,0.00974025
DNT/BTC,1582440820445,2020-02-23T06:53:40.445Z,sell,7.5e-07,12987.0,0.00974025
DNT/BTC,1582444250412,2020-02-23T07:50:50.412Z,sell,7.5e-07,2870.0,0.0021525
DNT/BTC,1582444250412,2020-02-23T07:50:50.412Z,sell,7.5e-07,2870.0,0.0021525
DNT/BTC,1582444757262,2020-02-23T07:59:17.262Z,sell,7.5e-07,1766.0,0.0013245
DNT/BTC,1582445251571,2020-02-23T08:07:31.571Z,buy,7.6e-07,38109.0,0.02896284
DNT/BTC,1582445335335,2020-02-23T08:08:55.335Z,buy,7.7e-07,200.0,0.000154
DNT/BTC,1582445461744,2020-02-23T08:11:01.744Z,buy,7.7e-07,10000.0,0.0077
DNT/BTC,1582446059212,2020-02-23T08:20:59.212Z,sell,7.6e-07,50000.0,0.038
DNT/BTC,1582446743748,2020-02-23T08:32:23.748Z,sell,7.6e-07,44338.0,0.03369688
DNT/BTC,1582446995456,2020-02-23T08:36:35.456Z,buy,7.7e-07,15988.0,0.01231076
DNT/BTC,1582447710737,2020-02-23T08:48:30.737Z,buy,7.7e-07,649.0,0.00049973
DNT/BTC,1582447710737,2020-02-23T08:48:30.737Z,buy,7.7e-07,649.0,0.00049973
DNT/BTC,1582450137241,2020-02-23T09:28:57.241Z,sell,7.6e-07,1376.0,0.00104576
DNT/BTC,1582450979607,2020-02-23T09:42:59.607Z,sell,7.6e-07,8459.0,0.00642884
DNT/BTC,1582451125612,2020-02-23T09:45:25.612Z,sell,7.6e-07,2597.0,0.00197372
DNT/BTC,1582451125612,2020-02-23T09:45:25.612Z,sell,7.6e-07,2597.0,0.00197372
DNT/BTC,1582453265003,2020-02-23T10:21:05.003Z,sell,7.6e-07,148.0,0.00011248
DNT/BTC,1582453265003,2020-02-23T10:21:05.003Z,sell,7.6e-07,148.0,0.00011248
DNT/BTC,1582454952015,2020-02-23T10:49:12.015Z,sell,7.6e-07,307.0,0.00023332
DNT/BTC,1582455331727,2020-02-23T10:55:31.727Z,buy,7.7e-07,1166.0,0.00089782
DNT/BTC,1582455331734,2020-02-23T10:55:31.734Z,buy,7.7e-07,1948.0,0.00149996
DNT/BTC,1582455336106,2020-02-23T10:55:36.106Z,buy,7.7e-07,53172.0,0.04094244
DNT/BTC,1582455919855,2020-02-23T11:05:19.855Z,sell,7.6e-07,590.0,0.0004484
DNT/BTC,1582455919855,2020-02-23T11:05:19.855Z,sell,7.5e-07,2885.0,0.00216375
DNT/BTC,1582456253699,2020-02-23T11:10:53.699Z,buy,7.7e-07,8027.0,0.00618079
DNT/BTC,1582456786831,2020-02-23T11:19:46.831Z,buy,7.6e-07,3831.0,0.00291156
DNT/BTC,1582456786831,2020-02-23T11:19:46.831Z,buy,7.6e-07,3831.0,0.00291156
DNT/BTC,1582459059742,2020-02-23T11:57:39.742Z,buy,7.6e-07,3855.0,0.0029298
DNT/BTC,1582459120799,2020-02-23T11:58:40.799Z,buy,7.6e-07,3855.0,0.0029298
DNT/BTC,1582459136396,2020-02-23T11:58:56.396Z,buy,7.6e-07,3855.0,0.0029298
DNT/BTC,1582459136396,2020-02-23T11:58:56.396Z,buy,7.6e-07,3855.0,0.0029298
DNT/BTC,1582460498099,2020-02-23T12:21:38.099Z,buy,7.6e-07,3883.0,0.00295108
DNT/BTC,1582460501733,2020-02-23T12:21:41.733Z,buy,7.6e-07,3883.0,0.00295108
DNT/BTC,1582460534476,2020-02-23T12:22:14.476Z,buy,7.6e-07,3883.0,0.00295108
DNT/BTC,1582460586574,2020-02-23T12:23:06.574Z,buy,7.6e-07,3883.0,0.00295108
DNT/BTC,1582460593048,2020-02-23T12:23:13.048Z,buy,7.6e-07,3883.0,0.00295108
DNT/BTC,1582460642103,2020-02-23T12:24:02.103Z,buy,7.6e-07,3883.0,0.00295108
DNT/BTC,1582460642103,2020-02-23T12:24:02.103Z,buy,7.6e-07,3883.0,0.00295108
DNT/BTC,1582463188353,2020-02-23T13:06:28.353Z,sell,7.5e-07,803.0,0.00060225
DNT/BTC,1582463628266,2020-02-23T13:13:48.266Z,sell,7.5e-07,400.0,0.0003
DNT/BTC,1582463628266,2020-02-23T13:13:48.266Z,sell,7.5e-07,400.0,0.0003
DNT/BTC,1582464374383,2020-02-23T13:26:14.383Z,buy,7.6e-07,6500.0,0.00494
DNT/BTC,1582464603219,2020-02-23T13:30:03.219Z,buy,7.6e-07,1132.0,0.00086032
DNT/BTC,1582464606192,2020-02-23T13:30:06.192Z,buy,7.6e-07,2996.0,0.00227696
DNT/BTC,1582464606834,2020-02-23T13:30:06.834Z,buy,7.6e-07,1694.0,0.00128744
DNT/BTC,1582464607495,2020-02-23T13:30:07.495Z,buy,7.6e-07,1307.0,0.00099332
DNT/BTC,1582464608779,2020-02-23T13:30:08.779Z,buy,7.6e-07,902.0,0.00068552
DNT/BTC,1582464611485,2020-02-23T13:30:11.485Z,buy,7.6e-07,19703.0,0.01497428
DNT/BTC,1582464613392,2020-02-23T13:30:13.392Z,buy,7.6e-07,982.0,0.00074632
DNT/BTC,1582464613411,2020-02-23T13:30:13.411Z,buy,7.6e-07,613.0,0.00046588
DNT/BTC,1582464613422,2020-02-23T13:30:13.422Z,buy,7.6e-07,492.0,0.00037392
DNT/BTC,1582464613554,2020-02-23T13:30:13.554Z,buy,7.6e-07,982.0,0.00074632
DNT/BTC,1582464613559,2020-02-23T13:30:13.559Z,buy,7.6e-07,245.0,0.0001862
DNT/BTC,1582464613576,2020-02-23T13:30:13.576Z,buy,7.6e-07,564.0,0.00042864
DNT/BTC,1582464613628,2020-02-23T13:30:13.628Z,buy,7.6e-07,12337.0,0.00937612
DNT/BTC,1582464613807,2020-02-23T13:30:13.807Z,buy,7.6e-07,859.0,0.00065284
DNT/BTC,1582464614352,2020-02-23T13:30:14.352Z,buy,7.6e-07,1104.0,0.00083904
DNT/BTC,1582464614389,2020-02-23T13:30:14.389Z,buy,7.6e-07,245.0,0.0001862
DNT/BTC,1582464618939,2020-02-23T13:30:18.939Z,buy,7.6e-07,13157.0,0.00999932
DNT/BTC,1582464620875,2020-02-23T13:30:20.875Z,buy,7.6e-07,65789.0,0.04999964
DNT/BTC,1582464620982,2020-02-23T13:30:20.982Z,buy,7.6e-07,157.0,0.00011932
DNT/BTC,1582464621043,2020-02-23T13:30:21.043Z,buy,7.6e-07,460.0,0.0003496
DNT/BTC,1582464923935,2020-02-23T13:35:23.935Z,sell,7.5e-07,86452.0,0.064839
DNT/BTC,1582465513051,2020-02-23T13:45:13.051Z,buy,7.6e-07,200000.0,0.152
DNT/BTC,1582465656864,2020-02-23T13:47:36.864Z,buy,7.6e-07,50000.0,0.038
DNT/BTC,1582465801421,2020-02-23T13:50:01.421Z,buy,7.6e-07,1600.0,0.001216
DNT/BTC,1582466537551,2020-02-23T14:02:17.551Z,buy,7.6e-07,16792.0,0.01276192
DNT/BTC,1582466537551,2020-02-23T14:02:17.551Z,buy,7.6e-07,16792.0,0.01276192
DNT/BTC,1582467467915,2020-02-23T14:17:47.915Z,buy,7.6e-07,7631.0,0.00579956
DNT/BTC,1582468498259,2020-02-23T14:34:58.259Z,sell,7.5e-07,34033.0,0.02552475
DNT/BTC,1582468941031,2020-02-23T14:42:21.031Z,sell,7.5e-07,7000.0,0.00525
DNT/BTC,1582469886963,2020-02-23T14:58:06.963Z,buy,7.6e-07,86618.0,0.06582968
DNT/BTC,1582469886963,2020-02-23T14:58:06.963Z,buy,7.6e-07,86618.0,0.06582968
DNT/BTC,1582471452793,2020-02-23T15:24:12.793Z,sell,7.6e-07,1463.0,0.00111188
DNT/BTC,1582471530012,2020-02-23T15:25:30.012Z,buy,7.7e-07,25974.0,0.01999998
DNT/BTC,1582471535606,2020-02-23T15:25:35.606Z,sell,7.6e-07,1212.0,0.00092112
DNT/BTC,1582471535607,2020-02-23T15:25:35.607Z,sell,7.6e-07,1090.0,0.0008284
DNT/BTC,1582471535611,2020-02-23T15:25:35.611Z,sell,7.6e-07,1476.0,0.00112176
DNT/BTC,1582472498641,2020-02-23T15:41:38.641Z,sell,7.6e-07,6878.0,0.00522728
DNT/BTC,1582472637091,2020-02-23T15:43:57.091Z,buy,7.7e-07,4462.0,0.00343574
DNT/BTC,1582472950580,2020-02-23T15:49:10.580Z,sell,7.6e-07,2587.0,0.00196612
DNT/BTC,1582473060224,2020-02-23T15:51:00.224Z,sell,7.6e-07,140.0,0.0001064
DNT/BTC,1582473060224,2020-02-23T15:51:00.224Z,sell,7.6e-07,140.0,0.0001064
DNT/BTC,1582473779614,2020-02-23T16:02:59.614Z,sell,7.6e-07,11518.0,0.00875368
DNT/BTC,1582473789572,2020-02-23T16:03:09.572Z,sell,7.6e-07,12961.0,0.00985036
DNT/BTC,1582473794661,2020-02-23T16:03:14.661Z,sell,7.6e-07,17282.0,0.01313432
DNT/BTC,1582473800158,2020-02-23T16:03:20.158Z,sell,7.6e-07,8641.0,0.00656716
DNT/BTC,1582474433003,2020-02-23T16:13:53.003Z,buy,7.7e-07,418.0,0.00032186
DNT/BTC,1582474476733,2020-02-23T16:14:36.733Z,buy,7.7e-07,12987.0,0.00999999
DNT/BTC,1582475355141,2020-02-23T16:29:15.141Z,buy,7.7e-07,3875.0,0.00298375
DNT/BTC,1582476084379,2020-02-23T16:41:24.379Z,buy,7.7e-07,18283.0,0.01407791
DNT/BTC,1582476084379,2020-02-23T16:41:24.379Z,buy,7.7e-07,18283.0,0.01407791
DNT/BTC,1582477088716,2020-02-23T16:58:08.716Z,sell,7.6e-07,5263.0,0.00399988
DNT/BTC,1582477449486,2020-02-23T17:04:09.486Z,buy,7.7e-07,1630.0,0.0012551
DNT/BTC,1582477740672,2020-02-23T17:09:00.672Z,sell,7.6e-07,3942.0,0.00299592
DNT/BTC,1582477910803,2020-02-23T17:11:50.803Z,sell,7.6e-07,10000.0,0.0076
DNT/BTC,1582477961808,2020-02-23T17:12:41.808Z,sell,7.6e-07,44786.0,0.03403736
DNT/BTC,1582478100832,2020-02-23T17:15:00.832Z,sell,7.6e-07,92812.0,0.07053712
DNT/BTC,1582478280762,2020-02-23T17:18:00.762Z,sell,7.6e-07,161.0,0.00012236
DNT/BTC,1582479377709,2020-02-23T17:36:17.709Z,buy,7.7e-07,155.0,0.00011935
DNT/BTC,1582479377709,2020-02-23T17:36:17.709Z,buy,7.7e-07,155.0,0.00011935
DNT/BTC,1582480209567,2020-02-23T17:50:09.567Z,buy,7.7e-07,4014.0,0.00309078
DNT/BTC,1582480836145,2020-02-23T18:00:36.145Z,sell,7.6e-07,2500.0,0.0019
DNT/BTC,1582480886279,2020-02-23T18:01:26.279Z,sell,7.6e-07,2235.0,0.0016986
DNT/BTC,1582481139919,2020-02-23T18:05:39.919Z,buy,7.7e-07,2900.0,0.002233
DNT/BTC,1582481332478,2020-02-23T18:08:52.478Z,buy,7.7e-07,1560.0,0.0012012
DNT/BTC,1582481447557,2020-02-23T18:10:47.557Z,buy,7.7e-07,222.0,0.00017094
DNT/BTC,1582481462884,2020-02-23T18:11:02.884Z,buy,7.7e-07,444.0,0.00034188
DNT/BTC,1582481483902,2020-02-23T18:11:23.902Z,buy,7.7e-07,225.0,0.00017325
DNT/BTC,1582481485822,2020-02-23T18:11:25.822Z,buy,7.7e-07,225.0,0.00017325
DNT/BTC,1582481488203,2020-02-23T18:11:28.203Z,buy,7.7e-07,255.0,0.00019635
DNT/BTC,1582481489924,2020-02-23T18:11:29.924Z,buy,7.7e-07,233.0,0.00017941
DNT/BTC,1582481493718,2020-02-23T18:11:33.718Z,buy,7.7e-07,255.0,0.00019635
DNT/BTC,1582481496283,2020-02-23T18:11:36.283Z,buy,7.7e-07,444.0,0.00034188
DNT/BTC,1582481498651,2020-02-23T18:11:38.651Z,buy,7.7e-07,325.0,0.00025025
DNT/BTC,1582481820926,2020-02-23T18:17:00.926Z,buy,7.7e-07,540.0,0.0004158
DNT/BTC,1582482039306,2020-02-23T18:20:39.306Z,sell,7.6e-07,3838.0,0.00291688
DNT/BTC,1582482157548,2020-02-23T18:22:37.548Z,sell,7.6e-07,3838.0,0.00291688
DNT/BTC,1582482275534,2020-02-23T18:24:35.534Z,sell,7.6e-07,37109.0,0.02820284
DNT/BTC,1582482727482,2020-02-23T18:32:07.482Z,sell,7.6e-07,2500.0,0.0019
DNT/BTC,1582482778764,2020-02-23T18:32:58.764Z,sell,7.6e-07,2500.0,0.0019
DNT/BTC,1582482778764,2020-02-23T18:32:58.764Z,sell,7.6e-07,2500.0,0.0019
DNT/BTC,1582483537137,2020-02-23T18:45:37.137Z,buy,7.7e-07,19480.0,0.0149996
DNT/BTC,1582483633941,2020-02-23T18:47:13.941Z,buy,7.7e-07,6493.0,0.00499961
DNT/BTC,1582484130129,2020-02-23T18:55:30.129Z,buy,7.7e-07,5000.0,0.00385
DNT/BTC,1582486086020,2020-02-23T19:28:06.020Z,sell,7.6e-07,210.0,0.0001596
DNT/BTC,1582486303058,2020-02-23T19:31:43.058Z,buy,7.7e-07,1298.0,0.00099946
DNT/BTC,1582486303058,2020-02-23T19:31:43.058Z,buy,7.7e-07,1298.0,0.00099946
DNT/BTC,1582486718094,2020-02-23T19:38:38.094Z,buy,7.7e-07,15975.0,0.01230075
DNT/BTC,1582487437096,2020-02-23T19:50:37.096Z,buy,7.7e-07,1294.0,0.00099638
DNT/BTC,1582487986500,2020-02-23T19:59:46.500Z,sell,7.6e-07,109366.0,0.08311816
DNT/BTC,1582488711595,2020-02-23T20:11:51.595Z,sell,7.6e-07,266428.0,0.20248528
DNT/BTC,1582488808478,2020-02-23T20:13:28.478Z,sell,7.6e-07,6027.0,0.00458052
DNT/BTC,1582489209271,2020-02-23T20:20:09.271Z,buy,7.7e-07,9267.0,0.00713559
DNT/BTC,1582489268859,2020-02-23T20:21:08.859Z,buy,7.7e-07,2598.0,0.00200046
DNT/BTC,1582489578120,2020-02-23T20:26:18.120Z,sell,7.6e-07,1600.0,0.001216
DNT/BTC,1582489578120,2020-02-23T20:26:18.120Z,sell,7.6e-07,1600.0,0.001216
DNT/BTC,1582489912812,2020-02-23T20:31:52.812Z,buy,7.7e-07,688.0,0.00052976
DNT/BTC,1582490112503,2020-02-23T20:35:12.503Z,sell,7.6e-07,3175.0,0.002413
DNT/BTC,1582490174432,2020-02-23T20:36:14.432Z,buy,7.7e-07,3928.0,0.00302456
DNT/BTC,1582490477018,2020-02-23T20:41:17.018Z,sell,7.6e-07,1089.0,0.00082764
DNT/BTC,1582490851011,2020-02-23T20:47:31.011Z,sell,7.6e-07,4913.0,0.00373388
DNT/BTC,1582491234544,2020-02-23T20:53:54.544Z,sell,7.6e-07,26890.0,0.0204364
DNT/BTC,1582491546775,2020-02-23T20:59:06.775Z,sell,7.6e-07,20242.0,0.01538392
DNT/BTC,1582491767988,2020-02-23T21:02:47.988Z,sell,7.6e-07,26889.0,0.02043564
DNT/BTC,1582492467250,2020-02-23T21:14:27.250Z,buy,7.7e-07,12987.0,0.00999999
DNT/BTC,1582492530881,2020-02-23T21:15:30.881Z,sell,7.6e-07,132933.0,0.10102908
DNT/BTC,1582492852820,2020-02-23T21:20:52.820Z,buy,7.6e-07,26000.0,0.01976
DNT/BTC,1582492972114,2020-02-23T21:22:52.114Z,buy,7.6e-07,50908.0,0.03869008
DNT/BTC,1582493086839,2020-02-23T21:24:46.839Z,sell,7.6e-07,3075.0,0.002337
DNT/BTC,1582493086839,2020-02-23T21:24:46.839Z,sell,7.6e-07,3075.0,0.002337
DNT/BTC,1582493656904,2020-02-23T21:34:16.904Z,sell,7.6e-07,13336.0,0.01013536
DNT/BTC,1582493656923,2020-02-23T21:34:16.923Z,buy,7.6e-07,26664.0,0.02026464
DNT/BTC,1582493656923,2020-02-23T21:34:16.923Z,buy,7.6e-07,26664.0,0.02026464
DNT/BTC,1582498228918,2020-02-23T22:50:28.918Z,buy,7.7e-07,394.0,0.00030338
DNT/BTC,1582498228918,2020-02-23T22:50:28.918Z,buy,7.7e-07,394.0,0.00030338
DNT/BTC,1582498593987,2020-02-23T22:56:33.987Z,sell,7.6e-07,4021.0,0.00305596
DNT/BTC,1582498662818,2020-02-23T22:57:42.818Z,buy,7.6e-07,584.0,0.00044384
DNT/BTC,1582498675744,2020-02-23T22:57:55.744Z,buy,7.6e-07,1383.0,0.00105108
DNT/BTC,1582498692823,2020-02-23T22:58:12.823Z,buy,7.6e-07,2031.0,0.00154356
DNT/BTC,1582499737166,2020-02-23T23:15:37.166Z,buy,7.7e-07,4350.0,0.0033495
DNT/BTC,1582499737733,2020-02-23T23:15:37.733Z,buy,7.7e-07,163.0,0.00012551
DNT/BTC,1582500935280,2020-02-23T23:35:35.280Z,sell,7.6e-07,4022.0,0.00305672
DNT/BTC,1582500968585,2020-02-23T23:36:08.585Z,sell,7.5e-07,2355.0,0.00176625
DNT/BTC,1582501242434,2020-02-23T23:40:42.434Z,buy,7.7e-07,5369.0,0.00413413
DNT/BTC,1582501242434,2020-02-23T23:40:42.434Z,buy,7.7e-07,5369.0,0.00413413
DNT/BTC,1582501860331,2020-02-23T23:51:00.331Z,sell,7.6e-07,127083.0,0.09658308
DNT/BTC,1582501995818,2020-02-23T23:53:15.818Z,sell,7.6e-07,25664.0,0.01950464
DNT/BTC,1582501995894,2020-02-23T23:53:15.894Z,buy,7.6e-07,1277.0,0.00097052
DNT/BTC,1582501995910,2020-02-23T23:53:15.910Z,buy,7.6e-07,1973.0,0.00149948
DNT/BTC,1582502072605,2020-02-23T23:54:32.605Z,buy,7.6e-07,2856.0,0.00217056
DNT/BTC,1582502091464,2020-02-23T23:54:51.464Z,sell,7.6e-07,2250.0,0.00171
DNT/BTC,1582503759358,2020-02-24T00:22:39.358Z,buy,7.6e-07,412.0,0.00031312
DNT/BTC,1582503771896,2020-02-24T00:22:51.896Z,buy,7.6e-07,36613.0,0.02782588
DNT/BTC,1582503771917,2020-02-24T00:22:51.917Z,buy,7.6e-07,8994.0,0.00683544
DNT/BTC,1582503784666,2020-02-24T00:23:04.666Z,sell,7.5e-07,1470.0,0.0011025
DNT/BTC,1582504400291,2020-02-24T00:33:20.291Z,sell,7.5e-07,5685.0,0.00426375
DNT/BTC,1582504400291,2020-02-24T00:33:20.291Z,sell,7.5e-07,5685.0,0.00426375
DNT/BTC,1582505995035,2020-02-24T00:59:55.035Z,sell,7.6e-07,47657.0,0.03621932
DNT/BTC,1582507913588,2020-02-24T01:31:53.588Z,sell,7.6e-07,10650.0,0.008094
DNT/BTC,1582507913588,2020-02-24T01:31:53.588Z,sell,7.6e-07,10650.0,0.008094
DNT/BTC,1582508732483,2020-02-24T01:45:32.483Z,sell,7.6e-07,199.0,0.00015124
DNT/BTC,1582509140210,2020-02-24T01:52:20.210Z,sell,7.6e-07,16901.0,0.01284476
DNT/BTC,1582510436755,2020-02-24T02:13:56.755Z,sell,7.6e-07,1206.0,0.00091656
DNT/BTC,1582510436755,2020-02-24T02:13:56.755Z,sell,7.6e-07,1206.0,0.00091656
DNT/BTC,1582512045821,2020-02-24T02:40:45.821Z,sell,7.6e-07,124044.0,0.09427344
DNT/BTC,1582512309699,2020-02-24T02:45:09.699Z,sell,7.5e-07,125123.0,0.09384225
DNT/BTC,1582512327860,2020-02-24T02:45:27.860Z,sell,7.5e-07,358546.0,0.2689095
DNT/BTC,1582512327862,2020-02-24T02:45:27.862Z,sell,7.5e-07,79541.0,0.05965575
DNT/BTC,1582512327871,2020-02-24T02:45:27.871Z,sell,7.5e-07,19222.0,0.0144165
DNT/BTC,1582512383155,2020-02-24T02:46:23.155Z,buy,7.6e-07,57987.0,0.04407012
DNT/BTC,1582512388536,2020-02-24T02:46:28.536Z,sell,7.6e-07,147.0,0.00011172
DNT/BTC,1582512394407,2020-02-24T02:46:34.407Z,buy,7.7e-07,2298.0,0.00176946
DNT/BTC,1582512423072,2020-02-24T02:47:03.072Z,sell,7.6e-07,160.0,0.0001216
DNT/BTC,1582512452005,2020-02-24T02:47:32.005Z,sell,7.6e-07,9000.0,0.00684
DNT/BTC,1582512528498,2020-02-24T02:48:48.498Z,buy,7.7e-07,649.0,0.00049973
DNT/BTC,1582512730747,2020-02-24T02:52:10.747Z,sell,7.6e-07,651.0,0.00049476
DNT/BTC,1582512730747,2020-02-24T02:52:10.747Z,sell,7.6e-07,651.0,0.00049476
DNT/BTC,1582514178013,2020-02-24T03:16:18.013Z,sell,7.5e-07,9100.0,0.006825
DNT/BTC,1582514771709,2020-02-24T03:26:11.709Z,buy,7.7e-07,5285.0,0.00406945
DNT/BTC,1582515032684,2020-02-24T03:30:32.684Z,buy,7.7e-07,649.0,0.00049973
DNT/BTC,1582515088702,2020-02-24T03:31:28.702Z,buy,7.7e-07,194.0,0.00014938
DNT/BTC,1582515518916,2020-02-24T03:38:38.916Z,sell,7.5e-07,17505.0,0.01312875
DNT/BTC,1582516082216,2020-02-24T03:48:02.216Z,sell,7.5e-07,8731.0,0.00654825
DNT/BTC,1582516082216,2020-02-24T03:48:02.216Z,sell,7.5e-07,8731.0,0.00654825
DNT/BTC,1582518453292,2020-02-24T04:27:33.292Z,sell,7.5e-07,115367.0,0.08652525
DNT/BTC,1582518522882,2020-02-24T04:28:42.882Z,sell,7.5e-07,22390.0,0.0167925
DNT/BTC,1582518736832,2020-02-24T04:32:16.832Z,sell,7.5e-07,9116.0,0.006837
DNT/BTC,1582518736832,2020-02-24T04:32:16.832Z,sell,7.5e-07,9116.0,0.006837
DNT/BTC,1582520461186,2020-02-24T05:01:01.186Z,buy,7.7e-07,123456.0,0.09506112
DNT/BTC,1582520516635,2020-02-24T05:01:56.635Z,buy,7.7e-07,279.0,0.00021483
DNT/BTC,1582520516635,2020-02-24T05:01:56.635Z,buy,7.7e-07,279.0,0.00021483
DNT/BTC,1582522469237,2020-02-24T05:34:29.237Z,sell,7.6e-07,55499.0,0.04217924
DNT/BTC,1582522469237,2020-02-24T05:34:29.237Z,sell,7.5e-07,3457.0,0.00259275
DNT/BTC,1582522909896,2020-02-24T05:41:49.896Z,sell,7.5e-07,160032.0,0.120024
DNT/BTC,1582523067820,2020-02-24T05:44:27.820Z,sell,7.5e-07,5736.0,0.004302
DNT/BTC,1582523067820,2020-02-24T05:44:27.820Z,sell,7.5e-07,5736.0,0.004302
DNT/BTC,1582524134955,2020-02-24T06:02:14.955Z,sell,7.5e-07,294.0,0.0002205
DNT/BTC,1582525198289,2020-02-24T06:19:58.289Z,sell,7.5e-07,200.0,0.00015
DNT/BTC,1582525202003,2020-02-24T06:20:02.003Z,buy,7.7e-07,195.0,0.00015015
DNT/BTC,1582525627141,2020-02-24T06:27:07.141Z,buy,7.7e-07,1428.0,0.00109956
DNT/BTC,1582525915478,2020-02-24T06:31:55.478Z,buy,7.7e-07,150000.0,0.1155
DNT/BTC,1582525946508,2020-02-24T06:32:26.508Z,buy,7.7e-07,112258.0,0.08643866
DNT/BTC,1582526393240,2020-02-24T06:39:53.240Z,sell,7.6e-07,194.0,0.00014744
DNT/BTC,1582526393240,2020-02-24T06:39:53.240Z,sell,7.6e-07,194.0,0.00014744
DNT/BTC,1582526726962,2020-02-24T06:45:26.962Z,sell,7.6e-07,6356.0,0.00483056
DNT/BTC,1582526727723,2020-02-24T06:45:27.723Z,sell,7.6e-07,247.0,0.00018772
DNT/BTC,1582527533848,2020-02-24T06:58:53.848Z,sell,7.6e-07,17295.0,0.0131442
DNT/BTC,1582527803937,2020-02-24T07:03:23.937Z,sell,7.6e-07,12768.0,0.00970368
DNT/BTC,1582528554726,2020-02-24T07:15:54.726Z,sell,7.5e-07,33627.0,0.02522025
DNT/BTC,1582528554726,2020-02-24T07:15:54.726Z,sell,7.5e-07,33627.0,0.02522025
DNT/BTC,1582532050516,2020-02-24T08:14:10.516Z,sell,7.5e-07,4007.0,0.00300525
DNT/BTC,1582532050516,2020-02-24T08:14:10.516Z,sell,7.5e-07,4007.0,0.00300525
DNT/BTC,1582532342601,2020-02-24T08:19:02.601Z,sell,7.5e-07,3852.0,0.002889
DNT/BTC,1582532556387,2020-02-24T08:22:36.387Z,sell,7.5e-07,3639.0,0.00272925
DNT/BTC,1582533401848,2020-02-24T08:36:41.848Z,buy,7.6e-07,132.0,0.00010032
DNT/BTC,1582533595440,2020-02-24T08:39:55.440Z,sell,7.5e-07,4713.0,0.00353475
DNT/BTC,1582533612962,2020-02-24T08:40:12.962Z,sell,7.5e-07,5279.0,0.00395925
DNT/BTC,1582534280235,2020-02-24T08:51:20.235Z,sell,7.5e-07,460.0,0.000345
DNT/BTC,1582534280235,2020-02-24T08:51:20.235Z,sell,7.5e-07,460.0,0.000345
DNT/BTC,1582535725114,2020-02-24T09:15:25.114Z,sell,7.5e-07,14014.0,0.0105105
DNT/BTC,1582536959288,2020-02-24T09:35:59.288Z,buy,7.6e-07,170000.0,0.1292
DNT/BTC,1582537412355,2020-02-24T09:43:32.355Z,buy,7.6e-07,133.0,0.00010108
DNT/BTC,1582537824361,2020-02-24T09:50:24.361Z,sell,7.5e-07,2500.0,0.001875
DNT/BTC,1582537824361,2020-02-24T09:50:24.361Z,sell,7.5e-07,2500.0,0.001875
DNT/BTC,1582539946633,2020-02-24T10:25:46.633Z,sell,7.5e-07,800.0,0.0006
DNT/BTC,1582540364580,2020-02-24T10:32:44.580Z,buy,7.6e-07,141331.0,0.10741156
DNT/BTC,1582540377533,2020-02-24T10:32:57.533Z,sell,7.6e-07,2194.0,0.00166744
DNT/BTC,1582540377536,2020-02-24T10:32:57.536Z,sell,7.6e-07,1169.0,0.00088844
DNT/BTC,1582540377541,2020-02-24T10:32:57.541Z,sell,7.6e-07,1705.0,0.0012958
DNT/BTC,1582540377552,2020-02-24T10:32:57.552Z,sell,7.6e-07,2161.0,0.00164236
DNT/BTC,1582540377556,2020-02-24T10:32:57.556Z,sell,7.6e-07,1212.0,0.00092112
DNT/BTC,1582540377559,2020-02-24T10:32:57.559Z,sell,7.6e-07,1318.0,0.00100168
DNT/BTC,1582540377562,2020-02-24T10:32:57.562Z,sell,7.6e-07,2469.0,0.00187644
DNT/BTC,1582540377563,2020-02-24T10:32:57.563Z,sell,7.6e-07,1590.0,0.0012084
DNT/BTC,1582540377565,2020-02-24T10:32:57.565Z,sell,7.6e-07,2750.0,0.00209
DNT/BTC,1582540377575,2020-02-24T10:32:57.575Z,sell,7.6e-07,1476.0,0.00112176
DNT/BTC,1582540390896,2020-02-24T10:33:10.896Z,sell,7.6e-07,213.0,0.00016188
DNT/BTC,1582541055602,2020-02-24T10:44:15.602Z,buy,7.7e-07,222.0,0.00017094
DNT/BTC,1582541058536,2020-02-24T10:44:18.536Z,buy,7.7e-07,222.0,0.00017094
DNT/BTC,1582541060113,2020-02-24T10:44:20.113Z,buy,7.7e-07,211.0,0.00016247
DNT/BTC,1582541062229,2020-02-24T10:44:22.229Z,buy,7.7e-07,215.0,0.00016555
DNT/BTC,1582541066010,2020-02-24T10:44:26.010Z,buy,7.7e-07,222.0,0.00017094
DNT/BTC,1582541075828,2020-02-24T10:44:35.828Z,buy,7.7e-07,222.0,0.00017094
DNT/BTC,1582541077966,2020-02-24T10:44:37.966Z,buy,7.7e-07,255.0,0.00019635
DNT/BTC,1582541079907,2020-02-24T10:44:39.907Z,buy,7.7e-07,244.0,0.00018788
DNT/BTC,1582541082129,2020-02-24T10:44:42.129Z,buy,7.7e-07,266.0,0.00020482
DNT/BTC,1582541084439,2020-02-24T10:44:44.439Z,buy,7.7e-07,233.0,0.00017941
DNT/BTC,1582541086542,2020-02-24T10:44:46.542Z,buy,7.7e-07,233.0,0.00017941
DNT/BTC,1582541088668,2020-02-24T10:44:48.668Z,buy,7.7e-07,444.0,0.00034188
DNT/BTC,1582541090326,2020-02-24T10:44:50.326Z,buy,7.7e-07,333.0,0.00025641
DNT/BTC,1582541092522,2020-02-24T10:44:52.522Z,buy,7.7e-07,333.0,0.00025641
DNT/BTC,1582541094349,2020-02-24T10:44:54.349Z,buy,7.7e-07,155.0,0.00011935
DNT/BTC,1582541096062,2020-02-24T10:44:56.062Z,buy,7.7e-07,155.0,0.00011935
DNT/BTC,1582541097871,2020-02-24T10:44:57.871Z,buy,7.7e-07,444.0,0.00034188
DNT/BTC,1582541100021,2020-02-24T10:45:00.021Z,buy,7.7e-07,325.0,0.00025025
DNT/BTC,1582541101697,2020-02-24T10:45:01.697Z,buy,7.7e-07,255.0,0.00019635
DNT/BTC,1582541103576,2020-02-24T10:45:03.576Z,buy,7.7e-07,255.0,0.00019635
DNT/BTC,1582541105770,2020-02-24T10:45:05.770Z,buy,7.7e-07,255.0,0.00019635
DNT/BTC,1582541119591,2020-02-24T10:45:19.591Z,buy,7.7e-07,27182.0,0.02093014
DNT/BTC,1582541121884,2020-02-24T10:45:21.884Z,buy,7.7e-07,255.0,0.00019635
DNT/BTC,1582541134292,2020-02-24T10:45:34.292Z,buy,7.7e-07,222.0,0.00017094
DNT/BTC,1582541136594,2020-02-24T10:45:36.594Z,buy,7.7e-07,233.0,0.00017941
DNT/BTC,1582541139335,2020-02-24T10:45:39.335Z,buy,7.7e-07,233.0,0.00017941
DNT/BTC,1582541141987,2020-02-24T10:45:41.987Z,buy,7.7e-07,333.0,0.00025641
DNT/BTC,1582541144548,2020-02-24T10:45:44.548Z,buy,7.7e-07,333.0,0.00025641
DNT/BTC,1582541147483,2020-02-24T10:45:47.483Z,buy,7.7e-07,222.0,0.00017094
DNT/BTC,1582541149988,2020-02-24T10:45:49.988Z,buy,7.7e-07,222.0,0.00017094
DNT/BTC,1582541149988,2020-02-24T10:45:49.988Z,buy,7.7e-07,222.0,0.00017094
DNT/BTC,1582541882372,2020-02-24T10:58:02.372Z,buy,7.7e-07,16703.0,0.01286131
DNT/BTC,1582542064916,2020-02-24T11:01:04.916Z,sell,7.6e-07,657.0,0.00049932
DNT/BTC,1582542079821,2020-02-24T11:01:19.821Z,sell,7.6e-07,123456.0,0.09382656
DNT/BTC,1582542982485,2020-02-24T11:16:22.485Z,buy,7.7e-07,31000.0,0.02387
DNT/BTC,1582543116062,2020-02-24T11:18:36.062Z,buy,7.7e-07,37647.0,0.02898819
DNT/BTC,1582543126945,2020-02-24T11:18:46.945Z,buy,7.7e-07,222.0,0.00017094
DNT/BTC,1582543128971,2020-02-24T11:18:48.971Z,buy,7.7e-07,222.0,0.00017094
DNT/BTC,1582543224797,2020-02-24T11:20:24.797Z,buy,7.7e-07,143.0,0.00011011
DNT/BTC,1582543273454,2020-02-24T11:21:13.454Z,sell,7.6e-07,66299.0,0.05038724
DNT/BTC,1582543573807,2020-02-24T11:26:13.807Z,sell,7.6e-07,1445.0,0.0010982
DNT/BTC,1582543631991,2020-02-24T11:27:11.991Z,sell,7.6e-07,5194.0,0.00394744
DNT/BTC,1582543825291,2020-02-24T11:30:25.291Z,buy,7.7e-07,605.0,0.00046585
DNT/BTC,1582544064838,2020-02-24T11:34:24.838Z,buy,7.7e-07,248.0,0.00019096
DNT/BTC,1582544064838,2020-02-24T11:34:24.838Z,buy,7.7e-07,248.0,0.00019096
DNT/BTC,1582546335114,2020-02-24T12:12:15.114Z,buy,7.7e-07,3387.0,0.00260799
DNT/BTC,1582546335117,2020-02-24T12:12:15.117Z,buy,7.7e-07,10220.0,0.0078694
DNT/BTC,1582546335120,2020-02-24T12:12:15.120Z,buy,7.7e-07,10220.0,0.0078694
DNT/BTC,1582546335123,2020-02-24T12:12:15.123Z,buy,7.7e-07,3766.0,0.00289982
DNT/BTC,1582546905715,2020-02-24T12:21:45.715Z,buy,7.7e-07,200000.0,0.154
DNT/BTC,1582547267443,2020-02-24T12:27:47.443Z,sell,7.6e-07,1555.0,0.0011818
DNT/BTC,1582547267443,2020-02-24T12:27:47.443Z,sell,7.6e-07,1555.0,0.0011818
DNT/BTC,1582549501892,2020-02-24T13:05:01.892Z,sell,7.6e-07,2600.0,0.001976
DNT/BTC,1582549538261,2020-02-24T13:05:38.261Z,buy,7.7e-07,6000.0,0.00462
DNT/BTC,1582549715207,2020-02-24T13:08:35.207Z,sell,7.6e-07,195.0,0.0001482
DNT/BTC,1582549773369,2020-02-24T13:09:33.369Z,sell,7.6e-07,15454.0,0.01174504
DNT/BTC,1582549830006,2020-02-24T13:10:30.006Z,buy,7.7e-07,1037.0,0.00079849
DNT/BTC,1582549889280,2020-02-24T13:11:29.280Z,buy,7.7e-07,389.0,0.00029953
DNT/BTC,1582550587634,2020-02-24T13:23:07.634Z,buy,7.7e-07,2597.0,0.00199969
DNT/BTC,1582550587634,2020-02-24T13:23:07.634Z,buy,7.7e-07,2597.0,0.00199969
DNT/BTC,1582552827920,2020-02-24T14:00:27.920Z,buy,7.7e-07,132.0,0.00010164
DNT/BTC,1582553057454,2020-02-24T14:04:17.454Z,buy,7.7e-07,132.0,0.00010164
DNT/BTC,1582553191052,2020-02-24T14:06:31.052Z,sell,7.6e-07,5058.0,0.00384408
DNT/BTC,1582553193837,2020-02-24T14:06:33.837Z,buy,7.7e-07,207.0,0.00015939
DNT/BTC,1582553220632,2020-02-24T14:07:00.632Z,sell,7.6e-07,4000.0,0.00304
DNT/BTC,1582553746108,2020-02-24T14:15:46.108Z,buy,7.7e-07,14000.0,0.01078
DNT/BTC,1582553770405,2020-02-24T14:16:10.405Z,buy,7.7e-07,132.0,0.00010164
DNT/BTC,1582553770405,2020-02-24T14:16:10.405Z,buy,7.7e-07,132.0,0.00010164
DNT/BTC,1582554366297,2020-02-24T14:26:06.297Z,buy,7.7e-07,32474.0,0.02500498
DNT/BTC,1582554384292,2020-02-24T14:26:24.292Z,sell,7.6e-07,22580.0,0.0171608
DNT/BTC,1582554435111,2020-02-24T14:27:15.111Z,sell,7.6e-07,568.0,0.00043168
DNT/BTC,1582555115837,2020-02-24T14:38:35.837Z,buy,7.7e-07,32475.0,0.02500575
DNT/BTC,1582556048691,2020-02-24T14:54:08.691Z,buy,7.7e-07,1451.0,0.00111727
DNT/BTC,1582556198307,2020-02-24T14:56:38.307Z,buy,7.7e-07,3296.0,0.00253792
DNT/BTC,1582557134779,2020-02-24T15:12:14.779Z,buy,7.7e-07,155.0,0.00011935
DNT/BTC,1582557136443,2020-02-24T15:12:16.443Z,buy,7.7e-07,155.0,0.00011935
DNT/BTC,1582557140171,2020-02-24T15:12:20.171Z,buy,7.7e-07,155.0,0.00011935
DNT/BTC,1582557140171,2020-02-24T15:12:20.171Z,buy,7.7e-07,155.0,0.00011935
DNT/BTC,1582557642219,2020-02-24T15:20:42.219Z,buy,7.7e-07,15798.0,0.01216446
DNT/BTC,1582557760312,2020-02-24T15:22:40.312Z,sell,7.6e-07,6742.0,0.00512392
DNT/BTC,1582558199300,2020-02-24T15:29:59.300Z,buy,7.7e-07,1799.0,0.00138523
DNT/BTC,1582558201186,2020-02-24T15:30:01.186Z,buy,7.7e-07,34436.0,0.02651572
DNT/BTC,1582558201801,2020-02-24T15:30:01.801Z,buy,7.7e-07,1291.0,0.00099407
DNT/BTC,1582558473692,2020-02-24T15:34:33.692Z,buy,7.7e-07,7136.0,0.00549472
DNT/BTC,1582558954186,2020-02-24T15:42:34.186Z,buy,7.7e-07,200.0,0.000154
DNT/BTC,1582558962930,2020-02-24T15:42:42.930Z,sell,7.6e-07,300.0,0.000228
DNT/BTC,1582560003214,2020-02-24T16:00:03.214Z,buy,7.7e-07,414.0,0.00031878
DNT/BTC,1582560446956,2020-02-24T16:07:26.956Z,sell,7.6e-07,66300.0,0.050388
DNT/BTC,1582560446956,2020-02-24T16:07:26.956Z,sell,7.6e-07,66300.0,0.050388
DNT/BTC,1582563647363,2020-02-24T17:00:47.363Z,sell,7.6e-07,1410.0,0.0010716
DNT/BTC,1582563647363,2020-02-24T17:00:47.363Z,sell,7.6e-07,1410.0,0.0010716
DNT/BTC,1582566399382,2020-02-24T17:46:39.382Z,sell,7.6e-07,12051.0,0.00915876
DNT/BTC,1582566745422,2020-02-24T17:52:25.422Z,sell,7.6e-07,67609.0,0.05138284
DNT/BTC,1582567090006,2020-02-24T17:58:10.006Z,sell,7.6e-07,16686.0,0.01268136
DNT/BTC,1582567099749,2020-02-24T17:58:19.749Z,sell,7.6e-07,1799.0,0.00136724
DNT/BTC,1582567099749,2020-02-24T17:58:19.749Z,sell,7.6e-07,1799.0,0.00136724
DNT/BTC,1582567422235,2020-02-24T18:03:42.235Z,sell,7.6e-07,500000.0,0.38
DNT/BTC,1582567724150,2020-02-24T18:08:44.150Z,sell,7.6e-07,657.0,0.00049932
DNT/BTC,1582567742609,2020-02-24T18:09:02.609Z,sell,7.6e-07,2818.0,0.00214168
DNT/BTC,1582567785221,2020-02-24T18:09:45.221Z,sell,7.6e-07,1326.0,0.00100776
DNT/BTC,1582567785779,2020-02-24T18:09:45.779Z,sell,7.6e-07,1730.0,0.0013148
DNT/BTC,1582567794260,2020-02-24T18:09:54.260Z,sell,7.6e-07,327.0,0.00024852
DNT/BTC,1582567794277,2020-02-24T18:09:54.277Z,sell,7.6e-07,327.0,0.00024852
DNT/BTC,1582567794303,2020-02-24T18:09:54.303Z,sell,7.6e-07,327.0,0.00024852
DNT/BTC,1582567794321,2020-02-24T18:09:54.321Z,sell,7.6e-07,327.0,0.00024852
DNT/BTC,1582567794333,2020-02-24T18:09:54.333Z,sell,7.6e-07,327.0,0.00024852
DNT/BTC,1582567974682,2020-02-24T18:12:54.682Z,sell,7.6e-07,39996.0,0.03039696
DNT/BTC,1582568201807,2020-02-24T18:16:41.807Z,sell,7.5e-07,13889.0,0.01041675
DNT/BTC,1582568201807,2020-02-24T18:16:41.807Z,sell,7.5e-07,4444.0,0.003333
DNT/BTC,1582568691321,2020-02-24T18:24:51.321Z,sell,7.5e-07,50000.0,0.0375
DNT/BTC,1582568692327,2020-02-24T18:24:52.327Z,sell,7.5e-07,12515.0,0.00938625
DNT/BTC,1582568911361,2020-02-24T18:28:31.361Z,sell,7.5e-07,450.0,0.0003375
DNT/BTC,1582568919683,2020-02-24T18:28:39.683Z,buy,7.6e-07,136.0,0.00010336
DNT/BTC,1582569819231,2020-02-24T18:43:39.231Z,buy,7.6e-07,87713.0,0.06666188
DNT/BTC,1582570235131,2020-02-24T18:50:35.131Z,sell,7.5e-07,261146.0,0.1958595
DNT/BTC,1582570235131,2020-02-24T18:50:35.131Z,sell,7.4e-07,46576.0,0.03446624
DNT/BTC,1582570235131,2020-02-24T18:50:35.131Z,sell,7.4e-07,3591.0,0.00265734
DNT/BTC,1582570235131,2020-02-24T18:50:35.131Z,sell,7.4e-07,95116.0,0.07038584
DNT/BTC,1582570236552,2020-02-24T18:50:36.552Z,buy,7.5e-07,134.0,0.0001005
DNT/BTC,1582570237447,2020-02-24T18:50:37.447Z,buy,7.5e-07,477.0,0.00035775
DNT/BTC,1582570237663,2020-02-24T18:50:37.663Z,buy,7.5e-07,791.0,0.00059325
DNT/BTC,1582570245027,2020-02-24T18:50:45.027Z,buy,7.5e-07,1553.0,0.00116475
DNT/BTC,1582570273139,2020-02-24T18:51:13.139Z,sell,7.4e-07,2650.0,0.001961
DNT/BTC,1582570286384,2020-02-24T18:51:26.384Z,buy,7.5e-07,539.0,0.00040425
DNT/BTC,1582570393741,2020-02-24T18:53:13.741Z,buy,7.5e-07,134.0,0.0001005
DNT/BTC,1582570454399,2020-02-24T18:54:14.399Z,buy,7.5e-07,134.0,0.0001005
DNT/BTC,1582570473456,2020-02-24T18:54:33.456Z,buy,7.5e-07,42501.0,0.03187575
DNT/BTC,1582570497835,2020-02-24T18:54:57.835Z,buy,7.5e-07,103274.0,0.0774555
DNT/BTC,1582570515558,2020-02-24T18:55:15.558Z,buy,7.6e-07,222.0,0.00016872
DNT/BTC,1582570518588,2020-02-24T18:55:18.588Z,buy,7.6e-07,155.0,0.0001178
DNT/BTC,1582570518588,2020-02-24T18:55:18.588Z,buy,7.6e-07,155.0,0.0001178
DNT/BTC,1582571606924,2020-02-24T19:13:26.924Z,buy,7.6e-07,265027.0,0.20142052
DNT/BTC,1582571912608,2020-02-24T19:18:32.608Z,buy,7.6e-07,150000.0,0.114
DNT/BTC,1582571943112,2020-02-24T19:19:03.112Z,buy,7.6e-07,40000.0,0.0304
DNT/BTC,1582572027850,2020-02-24T19:20:27.850Z,buy,7.6e-07,29000.0,0.02204
DNT/BTC,1582572053414,2020-02-24T19:20:53.414Z,sell,7.5e-07,100000.0,0.075
DNT/BTC,1582572287996,2020-02-24T19:24:47.996Z,buy,7.6e-07,91401.0,0.06946476
DNT/BTC,1582572473450,2020-02-24T19:27:53.450Z,sell,7.5e-07,223.0,0.00016725
DNT/BTC,1582572714327,2020-02-24T19:31:54.327Z,buy,7.6e-07,1469.0,0.00111644
DNT/BTC,1582572749172,2020-02-24T19:32:29.172Z,buy,7.6e-07,50000.0,0.038
DNT/BTC,1582572815735,2020-02-24T19:33:35.735Z,sell,7.5e-07,160187.0,0.12014025
DNT/BTC,1582572815735,2020-02-24T19:33:35.735Z,sell,7.5e-07,160187.0,0.12014025
DNT/BTC,1582574152226,2020-02-24T19:55:52.226Z,sell,7.5e-07,37245.0,0.02793375
DNT/BTC,1582574193372,2020-02-24T19:56:33.372Z,buy,7.6e-07,2077.0,0.00157852
DNT/BTC,1582574193378,2020-02-24T19:56:33.378Z,buy,7.6e-07,3196.0,0.00242896
DNT/BTC,1582574193394,2020-02-24T19:56:33.394Z,buy,7.6e-07,1449.0,0.00110124
DNT/BTC,1582574450431,2020-02-24T20:00:50.431Z,buy,7.6e-07,658.0,0.00050008
DNT/BTC,1582575767844,2020-02-24T20:22:47.844Z,sell,7.5e-07,84666.0,0.0634995
DNT/BTC,1582575814194,2020-02-24T20:23:34.194Z,buy,7.6e-07,1290.0,0.0009804
DNT/BTC,1582576068190,2020-02-24T20:27:48.190Z,buy,7.6e-07,2232.0,0.00169632
DNT/BTC,1582576352242,2020-02-24T20:32:32.242Z,sell,7.5e-07,933.0,0.00069975
DNT/BTC,1582576352242,2020-02-24T20:32:32.242Z,sell,7.5e-07,933.0,0.00069975
DNT/BTC,1582576442528,2020-02-24T20:34:02.528Z,buy,7.5e-07,2610.0,0.0019575
DNT/BTC,1582577206724,2020-02-24T20:46:46.724Z,sell,7.4e-07,250000.0,0.185
DNT/BTC,1582577452011,2020-02-24T20:50:52.011Z,sell,7.4e-07,233532.0,0.17281368
DNT/BTC,1582578184087,2020-02-24T21:03:04.087Z,buy,7.5e-07,312.0,0.000234
DNT/BTC,1582579103303,2020-02-24T21:18:23.303Z,sell,7.4e-07,2832.0,0.00209568
DNT/BTC,1582579919062,2020-02-24T21:31:59.062Z,sell,7.4e-07,20001.0,0.01480074
DNT/BTC,1582579919062,2020-02-24T21:31:59.062Z,sell,7.4e-07,20001.0,0.01480074
DNT/BTC,1582579988858,2020-02-24T21:33:08.858Z,sell,7.4e-07,106153.0,0.07855322
DNT/BTC,1582579990176,2020-02-24T21:33:10.176Z,buy,7.4e-07,136.0,0.00010064
DNT/BTC,1582580006464,2020-02-24T21:33:26.464Z,sell,7.3e-07,9045.0,0.00660285
DNT/BTC,1582580006464,2020-02-24T21:33:26.464Z,sell,7.3e-07,5030.0,0.0036719
DNT/BTC,1582580006464,2020-02-24T21:33:26.464Z,sell,7.3e-07,7513.0,0.00548449
DNT/BTC,1582580006464,2020-02-24T21:33:26.464Z,sell,7.3e-07,2765.0,0.00201845
DNT/BTC,1582580006464,2020-02-24T21:33:26.464Z,sell,7.3e-07,99571.0,0.07268683
DNT/BTC,1582580008140,2020-02-24T21:33:28.140Z,buy,7.4e-07,4119.0,0.00304806
DNT/BTC,1582580015178,2020-02-24T21:33:35.178Z,buy,7.4e-07,768.0,0.00056832
DNT/BTC,1582580020689,2020-02-24T21:33:40.689Z,buy,7.4e-07,2469.0,0.00182706
DNT/BTC,1582580020763,2020-02-24T21:33:40.763Z,buy,7.4e-07,2469.0,0.00182706
DNT/BTC,1582580021944,2020-02-24T21:33:41.944Z,buy,7.4e-07,6662.0,0.00492988
DNT/BTC,1582580176690,2020-02-24T21:36:16.690Z,sell,7.4e-07,136.0,0.00010064
DNT/BTC,1582580178291,2020-02-24T21:36:18.291Z,buy,7.4e-07,28.0,2.072e-05
DNT/BTC,1582580233055,2020-02-24T21:37:13.055Z,buy,7.5e-07,295.0,0.00022125
DNT/BTC,1582581615501,2020-02-24T22:00:15.501Z,sell,7.4e-07,257.0,0.00019018
DNT/BTC,1582581615515,2020-02-24T22:00:15.515Z,buy,7.4e-07,3342.0,0.00247308
DNT/BTC,1582581615614,2020-02-24T22:00:15.614Z,buy,7.4e-07,1800.0,0.001332
DNT/BTC,1582581662854,2020-02-24T22:01:02.854Z,sell,7.4e-07,136.0,0.00010064
DNT/BTC,1582581662854,2020-02-24T22:01:02.854Z,sell,7.3e-07,522.0,0.00038106
DNT/BTC,1582583425795,2020-02-24T22:30:25.795Z,sell,7.4e-07,32096.0,0.02375104
DNT/BTC,1582583425795,2020-02-24T22:30:25.795Z,sell,7.4e-07,32096.0,0.02375104
DNT/BTC,1582583583901,2020-02-24T22:33:03.901Z,sell,7.4e-07,7100.0,0.005254
DNT/BTC,1582583804310,2020-02-24T22:36:44.310Z,sell,7.4e-07,2594.0,0.00191956
DNT/BTC,1582584149813,2020-02-24T22:42:29.813Z,sell,7.4e-07,9337.0,0.00690938
DNT/BTC,1582585212724,2020-02-24T23:00:12.724Z,buy,7.5e-07,3031.0,0.00227325
DNT/BTC,1582586595396,2020-02-24T23:23:15.396Z,sell,7.4e-07,239.0,0.00017686
DNT/BTC,1582586595396,2020-02-24T23:23:15.396Z,sell,7.4e-07,239.0,0.00017686
DNT/BTC,1582587571153,2020-02-24T23:39:31.153Z,sell,7.4e-07,249.0,0.00018426
DNT/BTC,1582588146978,2020-02-24T23:49:06.978Z,sell,7.4e-07,3411.0,0.00252414
DNT/BTC,1582588147000,2020-02-24T23:49:07.000Z,buy,7.4e-07,1060.0,0.0007844
DNT/BTC,1582588147041,2020-02-24T23:49:07.041Z,buy,7.4e-07,1631.0,0.00120694
DNT/BTC,1582588147046,2020-02-24T23:49:07.046Z,buy,7.4e-07,1060.0,0.0007844
DNT/BTC,1582588147587,2020-02-24T23:49:07.587Z,buy,7.4e-07,6474.0,0.00479076
DNT/BTC,1582588873472,2020-02-25T00:01:13.472Z,sell,7.4e-07,1322.0,0.00097828
DNT/BTC,1582589093419,2020-02-25T00:04:53.419Z,sell,7.4e-07,34769.0,0.02572906
DNT/BTC,1582589093419,2020-02-25T00:04:53.419Z,sell,7.3e-07,16599.0,0.01211727
DNT/BTC,1582589104402,2020-02-25T00:05:04.402Z,sell,7.3e-07,15959.0,0.01165007
DNT/BTC,1582590049392,2020-02-25T00:20:49.392Z,sell,7.4e-07,7757.0,0.00574018
DNT/BTC,1582590049392,2020-02-25T00:20:49.392Z,sell,7.3e-07,61673.0,0.04502129
DNT/BTC,1582590147623,2020-02-25T00:22:27.623Z,sell,7.3e-07,657.0,0.00047961
DNT/BTC,1582590147623,2020-02-25T00:22:27.623Z,sell,7.3e-07,657.0,0.00047961
DNT/BTC,1582592194567,2020-02-25T00:56:34.567Z,buy,7.5e-07,129.0,9.675e-05
DNT/BTC,1582592200872,2020-02-25T00:56:40.872Z,buy,7.5e-07,129.0,9.675e-05
DNT/BTC,1582592201372,2020-02-25T00:56:41.372Z,buy,7.5e-07,156.0,0.000117
DNT/BTC,1582592201587,2020-02-25T00:56:41.587Z,buy,7.5e-07,156.0,0.000117
DNT/BTC,1582592201834,2020-02-25T00:56:41.834Z,buy,7.5e-07,156.0,0.000117
DNT/BTC,1582592207562,2020-02-25T00:56:47.562Z,buy,7.5e-07,267.0,0.00020025
DNT/BTC,1582592207562,2020-02-25T00:56:47.562Z,buy,7.5e-07,267.0,0.00020025
DNT/BTC,1582595658442,2020-02-25T01:54:18.442Z,sell,7.4e-07,155.0,0.0001147
DNT/BTC,1582595658442,2020-02-25T01:54:18.442Z,sell,7.4e-07,155.0,0.0001147
DNT/BTC,1582595826114,2020-02-25T01:57:06.114Z,sell,7.3e-07,258.0,0.00018834
DNT/BTC,1582597172498,2020-02-25T02:19:32.498Z,buy,7.4e-07,3859.0,0.00285566
DNT/BTC,1582597208766,2020-02-25T02:20:08.766Z,buy,7.4e-07,3087.0,0.00228438
DNT/BTC,1582597271833,2020-02-25T02:21:11.833Z,sell,7.3e-07,6695.0,0.00488735
DNT/BTC,1582597271833,2020-02-25T02:21:11.833Z,sell,7.3e-07,6695.0,0.00488735
DNT/BTC,1582600084535,2020-02-25T03:08:04.535Z,buy,7.4e-07,735.0,0.0005439
DNT/BTC,1582600090501,2020-02-25T03:08:10.501Z,buy,7.4e-07,735.0,0.0005439
DNT/BTC,1582600098446,2020-02-25T03:08:18.446Z,buy,7.4e-07,735.0,0.0005439
DNT/BTC,1582600106462,2020-02-25T03:08:26.462Z,buy,7.4e-07,735.0,0.0005439
DNT/BTC,1582600313662,2020-02-25T03:11:53.662Z,buy,7.4e-07,9439.0,0.00698486
DNT/BTC,1582600436135,2020-02-25T03:13:56.135Z,buy,7.4e-07,1500.0,0.00111
DNT/BTC,1582600436135,2020-02-25T03:13:56.135Z,buy,7.4e-07,1500.0,0.00111
DNT/BTC,1582603265851,2020-02-25T04:01:05.851Z,sell,7.3e-07,643.0,0.00046939
DNT/BTC,1582603486664,2020-02-25T04:04:46.664Z,sell,7.3e-07,24729.0,0.01805217
DNT/BTC,1582603486664,2020-02-25T04:04:46.664Z,sell,7.3e-07,24729.0,0.01805217
DNT/BTC,1582604819079,2020-02-25T04:26:59.079Z,sell,7.3e-07,19700.0,0.014381
DNT/BTC,1582606472867,2020-02-25T04:54:32.867Z,sell,7.3e-07,146425.0,0.10689025
DNT/BTC,1582606472867,2020-02-25T04:54:32.867Z,sell,7.3e-07,146425.0,0.10689025
DNT/BTC,1582609745532,2020-02-25T05:49:05.532Z,sell,7.3e-07,6895.0,0.00503335
DNT/BTC,1582609935467,2020-02-25T05:52:15.467Z,sell,7.3e-07,500.0,0.000365
DNT/BTC,1582609944924,2020-02-25T05:52:24.924Z,buy,7.4e-07,144.0,0.00010656
DNT/BTC,1582609944924,2020-02-25T05:52:24.924Z,buy,7.4e-07,144.0,0.00010656
DNT/BTC,1582610971563,2020-02-25T06:09:31.563Z,sell,7.3e-07,53007.0,0.03869511
DNT/BTC,1582611664541,2020-02-25T06:21:04.541Z,buy,7.4e-07,13513.0,0.00999962
DNT/BTC,1582611824927,2020-02-25T06:23:44.927Z,buy,7.4e-07,6927.0,0.00512598
DNT/BTC,1582612083449,2020-02-25T06:28:03.449Z,buy,7.4e-07,8728.0,0.00645872
DNT/BTC,1582612848099,2020-02-25T06:40:48.099Z,sell,7.3e-07,2779.0,0.00202867
DNT/BTC,1582613287598,2020-02-25T06:48:07.598Z,sell,7.3e-07,714319.0,0.52145287
DNT/BTC,1582613355761,2020-02-25T06:49:15.761Z,sell,7.3e-07,137.0,0.00010001
DNT/BTC,1582613357899,2020-02-25T06:49:17.899Z,buy,7.3e-07,137.0,0.00010001
DNT/BTC,1582613431899,2020-02-25T06:50:31.899Z,sell,7.2e-07,63715.0,0.0458748
DNT/BTC,1582613431899,2020-02-25T06:50:31.899Z,sell,7.2e-07,3943.0,0.0028389599999999
DNT/BTC,1582613431899,2020-02-25T06:50:31.899Z,sell,7.2e-07,3700.0,0.002664
DNT/BTC,1582613431899,2020-02-25T06:50:31.899Z,sell,7.2e-07,27834.0,0.02004048
DNT/BTC,1582613431899,2020-02-25T06:50:31.899Z,sell,7.2e-07,14250.0,0.01026
DNT/BTC,1582613431899,2020-02-25T06:50:31.899Z,sell,7.2e-07,14251.0,0.01026072
DNT/BTC,1582613431899,2020-02-25T06:50:31.899Z,sell,7.2e-07,63715.0,0.0458748
DNT/BTC,1582613431899,2020-02-25T06:50:31.899Z,sell,7.2e-07,3943.0,0.0028389599999999
DNT/BTC,1582613431899,2020-02-25T06:50:31.899Z,sell,7.2e-07,3700.0,0.002664
DNT/BTC,1582613431899,2020-02-25T06:50:31.899Z,sell,7.2e-07,27834.0,0.02004048
DNT/BTC,1582613431899,2020-02-25T06:50:31.899Z,sell,7.2e-07,14250.0,0.01026
DNT/BTC,1582613431899,2020-02-25T06:50:31.899Z,sell,7.2e-07,14251.0,0.01026072
DNT/BTC,1582613551672,2020-02-25T06:52:31.672Z,sell,7.2e-07,2513.0,0.0018093599999999
DNT/BTC,1582613694561,2020-02-25T06:54:54.561Z,sell,7.2e-07,101088.0,0.07278336
DNT/BTC,1582613694574,2020-02-25T06:54:54.574Z,buy,7.2e-07,912.0,0.00065664
DNT/BTC,1582613701681,2020-02-25T06:55:01.681Z,sell,7.2e-07,13363.0,0.00962136
DNT/BTC,1582613701696,2020-02-25T06:55:01.696Z,buy,7.2e-07,1637.0,0.00117864
DNT/BTC,1582613725405,2020-02-25T06:55:25.405Z,sell,7.1e-07,40561.0,0.02879831
DNT/BTC,1582613725405,2020-02-25T06:55:25.405Z,sell,7.1e-07,13213.0,0.0093812299999999
DNT/BTC,1582613725405,2020-02-25T06:55:25.405Z,sell,7.1e-07,71428.0,0.0507138799999999
DNT/BTC,1582613725405,2020-02-25T06:55:25.405Z,sell,7.1e-07,42857.0,0.03042847
DNT/BTC,1582613725405,2020-02-25T06:55:25.405Z,sell,7.1e-07,9171.0,0.00651141
DNT/BTC,1582613725405,2020-02-25T06:55:25.405Z,sell,7.1e-07,50000.0,0.0355
DNT/BTC,1582613732841,2020-02-25T06:55:32.841Z,buy,7.2e-07,137.0,9.864e-05
DNT/BTC,1582613733029,2020-02-25T06:55:33.029Z,sell,7.1e-07,902.0,0.0006404199999999
DNT/BTC,1582613733148,2020-02-25T06:55:33.148Z,sell,7.1e-07,1104.0,0.00078384
DNT/BTC,1582613748943,2020-02-25T06:55:48.943Z,buy,7.2e-07,3338.0,0.00240336
DNT/BTC,1582614060372,2020-02-25T07:01:00.372Z,buy,7.2e-07,598.0,0.0004305599999999
DNT/BTC,1582614066546,2020-02-25T07:01:06.546Z,sell,7.1e-07,86871.0,0.0616784099999999
DNT/BTC,1582614076685,2020-02-25T07:01:16.685Z,buy,7.2e-07,137.0,9.864e-05
DNT/BTC,1582614099090,2020-02-25T07:01:39.090Z,buy,7.2e-07,137.0,9.864e-05
DNT/BTC,1582614135965,2020-02-25T07:02:15.965Z,buy,7.2e-07,137.0,9.864e-05
DNT/BTC,1582614260055,2020-02-25T07:04:20.055Z,sell,7.1e-07,12920.0,0.0091732
DNT/BTC,1582614552069,2020-02-25T07:09:12.069Z,sell,7.1e-07,150000.0,0.1065
DNT/BTC,1582614552751,2020-02-25T07:09:12.751Z,buy,7.2e-07,139.0,0.00010008
DNT/BTC,1582614627905,2020-02-25T07:10:27.905Z,buy,7.2e-07,139.0,0.00010008
DNT/BTC,1582614673282,2020-02-25T07:11:13.282Z,buy,7.2e-07,139.0,0.00010008
DNT/BTC,1582614735693,2020-02-25T07:12:15.693Z,buy,7.2e-07,139.0,0.00010008
DNT/BTC,1582614793059,2020-02-25T07:13:13.059Z,buy,7.2e-07,139.0,0.00010008
DNT/BTC,1582614855018,2020-02-25T07:14:15.018Z,buy,7.2e-07,139.0,0.00010008
DNT/BTC,1582615011664,2020-02-25T07:16:51.664Z,buy,7.2e-07,28041.0,0.02018952
DNT/BTC,1582615098497,2020-02-25T07:18:18.497Z,buy,7.3e-07,200.0,0.000146
DNT/BTC,1582616649007,2020-02-25T07:44:09.007Z,buy,7.3e-07,52292.0,0.03817316
DNT/BTC,1582616649007,2020-02-25T07:44:09.007Z,buy,7.3e-07,52292.0,0.03817316
DNT/BTC,1582617664027,2020-02-25T08:01:04.027Z,sell,7.2e-07,598.0,0.0004305599999999
DNT/BTC,1582617821227,2020-02-25T08:03:41.227Z,sell,7.2e-07,12974.0,0.00934128
DNT/BTC,1582617821351,2020-02-25T08:03:41.351Z,sell,7.2e-07,213.0,0.00015336
DNT/BTC,1582617978018,2020-02-25T08:06:18.018Z,sell,7.2e-07,6137.0,0.00441864
DNT/BTC,1582618011316,2020-02-25T08:06:51.316Z,sell,7.2e-07,6138.0,0.00441936
DNT/BTC,1582618060156,2020-02-25T08:07:40.156Z,sell,7.2e-07,27087.0,0.0195026399999999
DNT/BTC,1582618677735,2020-02-25T08:17:57.735Z,buy,7.3e-07,155.0,0.00011315
DNT/BTC,1582618836027,2020-02-25T08:20:36.027Z,sell,7.2e-07,179627.0,0.12933144
DNT/BTC,1582618836048,2020-02-25T08:20:36.048Z,buy,7.2e-07,46.0,3.312e-05
DNT/BTC,1582618836141,2020-02-25T08:20:36.141Z,buy,7.2e-07,3617.0,0.00260424
DNT/BTC,1582618864134,2020-02-25T08:21:04.134Z,sell,7.1e-07,18705.0,0.01328055
DNT/BTC,1582618881424,2020-02-25T08:21:21.424Z,sell,7.1e-07,210463.0,0.1494287299999999
DNT/BTC,1582619040031,2020-02-25T08:24:00.031Z,buy,7.2e-07,3870.0,0.0027864
DNT/BTC,1582619221690,2020-02-25T08:27:01.690Z,buy,7.2e-07,5299.0,0.00381528
DNT/BTC,1582619268593,2020-02-25T08:27:48.593Z,buy,7.2e-07,4004.0,0.00288288
DNT/BTC,1582619268593,2020-02-25T08:27:48.593Z,buy,7.2e-07,4004.0,0.00288288
DNT/BTC,1582620421223,2020-02-25T08:47:01.223Z,buy,7.2e-07,292.0,0.00021024
DNT/BTC,1582620587809,2020-02-25T08:49:47.809Z,buy,7.2e-07,1560.0,0.0011232
DNT/BTC,1582622291172,2020-02-25T09:18:11.172Z,sell,7.1e-07,113896.0,0.0808661599999999
DNT/BTC,1582622291194,2020-02-25T09:18:11.194Z,buy,7.1e-07,5286.0,0.00375306
DNT/BTC,1582622291198,2020-02-25T09:18:11.198Z,buy,7.1e-07,2083.0,0.00147893
DNT/BTC,1582622291198,2020-02-25T09:18:11.198Z,buy,7.1e-07,3435.0,0.00243885
DNT/BTC,1582622291215,2020-02-25T09:18:11.215Z,buy,7.1e-07,43.0,3.053e-05
DNT/BTC,1582622291264,2020-02-25T09:18:11.264Z,buy,7.1e-07,4003.0,0.00284213
DNT/BTC,1582622293565,2020-02-25T09:18:13.565Z,buy,7.1e-07,141.0,0.00010011
DNT/BTC,1582622297383,2020-02-25T09:18:17.383Z,buy,7.1e-07,564.0,0.00040044
DNT/BTC,1582622300962,2020-02-25T09:18:20.962Z,sell,7e-07,120079.0,0.0840553
DNT/BTC,1582622300962,2020-02-25T09:18:20.962Z,sell,7e-07,1822.0,0.0012753999999999
DNT/BTC,1582622300962,2020-02-25T09:18:20.962Z,sell,7e-07,1822.0,0.0012753999999999
DNT/BTC,1582622300962,2020-02-25T09:18:20.962Z,sell,7e-07,135437.0,0.0948059
DNT/BTC,1582622305024,2020-02-25T09:18:25.024Z,sell,7e-07,60345.0,0.0422415
DNT/BTC,1582622306201,2020-02-25T09:18:26.201Z,sell,7e-07,2947.0,0.0020629
DNT/BTC,1582622308096,2020-02-25T09:18:28.096Z,buy,7.1e-07,184.0,0.00013064
DNT/BTC,1582622308264,2020-02-25T09:18:28.264Z,sell,7e-07,995.0,0.0006965
DNT/BTC,1582622308369,2020-02-25T09:18:28.369Z,sell,7e-07,1990.0,0.001393
DNT/BTC,1582622308958,2020-02-25T09:18:28.958Z,sell,7e-07,2649.0,0.0018543
DNT/BTC,1582622314593,2020-02-25T09:18:34.593Z,sell,7e-07,5277.0,0.0036939
DNT/BTC,1582622351762,2020-02-25T09:19:11.762Z,buy,7.1e-07,141.0,0.00010011
DNT/BTC,1582622374970,2020-02-25T09:19:34.970Z,buy,7.1e-07,52088.0,0.03698248
DNT/BTC,1582622387742,2020-02-25T09:19:47.742Z,buy,7.1e-07,4146.0,0.00294366
DNT/BTC,1582622426209,2020-02-25T09:20:26.209Z,buy,7.1e-07,141.0,0.00010011
DNT/BTC,1582622433556,2020-02-25T09:20:33.556Z,sell,7e-07,126000.0,0.0882
DNT/BTC,1582622466422,2020-02-25T09:21:06.422Z,buy,7.1e-07,143.0,0.00010153
DNT/BTC,1582622473080,2020-02-25T09:21:13.080Z,sell,7e-07,1142.0,0.0007993999999999
DNT/BTC,1582622475393,2020-02-25T09:21:15.393Z,buy,7.1e-07,1408.0,0.00099968
DNT/BTC,1582622524155,2020-02-25T09:22:04.155Z,buy,7.1e-07,52133.0,0.03701443
DNT/BTC,1582622532319,2020-02-25T09:22:12.319Z,buy,7.1e-07,5433.0,0.00385743
DNT/BTC,1582622539478,2020-02-25T09:22:19.478Z,buy,7.2e-07,5334.0,0.00384048
DNT/BTC,1582622591795,2020-02-25T09:23:11.795Z,buy,7.2e-07,642.0,0.00046224
DNT/BTC,1582622591795,2020-02-25T09:23:11.795Z,buy,7.2e-07,642.0,0.00046224
DNT/BTC,1582623063421,2020-02-25T09:31:03.421Z,buy,7.2e-07,764.0,0.00055008
DNT/BTC,1582623063426,2020-02-25T09:31:03.426Z,buy,7.2e-07,758.0,0.00054576
DNT/BTC,1582623494137,2020-02-25T09:38:14.137Z,buy,7.2e-07,3472.0,0.00249984
DNT/BTC,1582623734215,2020-02-25T09:42:14.215Z,sell,7.1e-07,4260.0,0.0030246
DNT/BTC,1582623818044,2020-02-25T09:43:38.044Z,sell,7.1e-07,4009.0,0.00284639
DNT/BTC,1582624026360,2020-02-25T09:47:06.360Z,buy,7.2e-07,5344.0,0.00384768
DNT/BTC,1582624195590,2020-02-25T09:49:55.590Z,sell,7.1e-07,171.0,0.0001214099999999
DNT/BTC,1582624203498,2020-02-25T09:50:03.498Z,sell,7.1e-07,171.0,0.0001214099999999
DNT/BTC,1582624210882,2020-02-25T09:50:10.882Z,sell,7.1e-07,178.0,0.00012638
DNT/BTC,1582624265086,2020-02-25T09:51:05.086Z,buy,7.2e-07,200.0,0.000144
DNT/BTC,1582624322783,2020-02-25T09:52:02.783Z,sell,7.1e-07,287170.0,0.2038906999999999
DNT/BTC,1582624322783,2020-02-25T09:52:02.783Z,sell,7e-07,56111.0,0.0392777
DNT/BTC,1582624322915,2020-02-25T09:52:02.915Z,buy,7.2e-07,97431.0,0.07015032
DNT/BTC,1582624324989,2020-02-25T09:52:04.989Z,sell,7.1e-07,1850.0,0.0013135
DNT/BTC,1582624352533,2020-02-25T09:52:32.533Z,sell,7.1e-07,6778.0,0.00481238
DNT/BTC,1582624364226,2020-02-25T09:52:44.226Z,sell,7.1e-07,5084.0,0.00360964
DNT/BTC,1582624463182,2020-02-25T09:54:23.182Z,sell,7.1e-07,6290.0,0.0044659
DNT/BTC,1582625186047,2020-02-25T10:06:26.047Z,buy,7.1e-07,2710.0,0.0019241
DNT/BTC,1582625231949,2020-02-25T10:07:11.949Z,buy,7.2e-07,658.0,0.00047376
DNT/BTC,1582625985135,2020-02-25T10:19:45.135Z,sell,7.1e-07,40739.0,0.02892469
DNT/BTC,1582626000171,2020-02-25T10:20:00.171Z,sell,7e-07,4073.0,0.0028511
DNT/BTC,1582626000171,2020-02-25T10:20:00.171Z,sell,7e-07,4073.0,0.0028511
DNT/BTC,1582626217256,2020-02-25T10:23:37.256Z,sell,7e-07,157.0,0.0001099
DNT/BTC,1582626631459,2020-02-25T10:30:31.459Z,buy,7.2e-07,323.0,0.00023256
DNT/BTC,1582627002818,2020-02-25T10:36:42.818Z,buy,7.2e-07,2861.0,0.00205992
DNT/BTC,1582627227182,2020-02-25T10:40:27.182Z,buy,7.1e-07,26761.0,0.01900031
DNT/BTC,1582627246070,2020-02-25T10:40:46.070Z,buy,7.1e-07,42726.0,0.0303354599999999
DNT/BTC,1582627553713,2020-02-25T10:45:53.713Z,buy,7.1e-07,42694.0,0.0303127399999999
DNT/BTC,1582627605074,2020-02-25T10:46:45.074Z,buy,7.1e-07,1408.0,0.00099968
DNT/BTC,1582627712800,2020-02-25T10:48:32.800Z,buy,7.1e-07,4464.0,0.00316944
DNT/BTC,1582627835296,2020-02-25T10:50:35.296Z,buy,7.1e-07,73005.0,0.05183355
DNT/BTC,1582628074576,2020-02-25T10:54:34.576Z,sell,7.1e-07,73005.0,0.05183355
DNT/BTC,1582628181260,2020-02-25T10:56:21.260Z,buy,7.1e-07,751.0,0.00053321
DNT/BTC,1582628826650,2020-02-25T11:07:06.650Z,sell,7e-07,219769.0,0.1538382999999999
DNT/BTC,1582628828673,2020-02-25T11:07:08.673Z,buy,7.1e-07,15578.0,0.01106038
DNT/BTC,1582628844082,2020-02-25T11:07:24.082Z,sell,7e-07,104116.0,0.0728812
DNT/BTC,1582628845550,2020-02-25T11:07:25.550Z,sell,7e-07,9206.0,0.0064442
DNT/BTC,1582628845571,2020-02-25T11:07:25.571Z,buy,7e-07,783.0,0.0005480999999999
DNT/BTC,1582628845576,2020-02-25T11:07:25.576Z,buy,7e-07,1206.0,0.0008441999999999
DNT/BTC,1582628845613,2020-02-25T11:07:25.613Z,buy,7e-07,11052.0,0.0077364
DNT/BTC,1582628854816,2020-02-25T11:07:34.816Z,buy,7e-07,1661.0,0.0011627
DNT/BTC,1582628869033,2020-02-25T11:07:49.033Z,buy,7.1e-07,1726.0,0.00122546
DNT/BTC,1582629003994,2020-02-25T11:10:03.994Z,sell,7e-07,15531.0,0.0108717
DNT/BTC,1582629017268,2020-02-25T11:10:17.268Z,sell,6.9e-07,285.0,0.0001966499999999
DNT/BTC,1582629017268,2020-02-25T11:10:17.268Z,sell,6.9e-07,7500.0,0.005175
DNT/BTC,1582629017268,2020-02-25T11:10:17.268Z,sell,6.9e-07,3750.0,0.0025875
DNT/BTC,1582629017268,2020-02-25T11:10:17.268Z,sell,6.9e-07,3750.0,0.0025875
DNT/BTC,1582629017268,2020-02-25T11:10:17.268Z,sell,6.9e-07,1117.0,0.00077073
DNT/BTC,1582629017268,2020-02-25T11:10:17.268Z,sell,6.9e-07,18518.0,0.01277742
DNT/BTC,1582629017268,2020-02-25T11:10:17.268Z,sell,6.9e-07,9259.0,0.00638871
DNT/BTC,1582629017268,2020-02-25T11:10:17.268Z,sell,6.9e-07,4630.0,0.0031947
DNT/BTC,1582629017268,2020-02-25T11:10:17.268Z,sell,6.9e-07,2315.0,0.00159735
DNT/BTC,1582629017268,2020-02-25T11:10:17.268Z,sell,6.9e-07,2315.0,0.00159735
DNT/BTC,1582629017268,2020-02-25T11:10:17.268Z,sell,6.9e-07,6500.0,0.0044849999999999
DNT/BTC,1582629020440,2020-02-25T11:10:20.440Z,sell,6.9e-07,4141.0,0.0028572899999999
DNT/BTC,1582629024413,2020-02-25T11:10:24.413Z,sell,6.9e-07,12395.0,0.0085525499999999
DNT/BTC,1582629024473,2020-02-25T11:10:24.473Z,sell,6.9e-07,1012.0,0.0006982799999999
DNT/BTC,1582629024704,2020-02-25T11:10:24.704Z,sell,6.9e-07,51051.0,0.0352251899999999
DNT/BTC,1582629024793,2020-02-25T11:10:24.793Z,sell,6.9e-07,3554.0,0.00245226
DNT/BTC,1582629025026,2020-02-25T11:10:25.026Z,sell,6.9e-07,2333.0,0.00160977
DNT/BTC,1582629025060,2020-02-25T11:10:25.060Z,sell,6.9e-07,7008.0,0.0048355199999999
DNT/BTC,1582629184474,2020-02-25T11:13:04.474Z,sell,6.9e-07,18269.0,0.01260561
DNT/BTC,1582629229471,2020-02-25T11:13:49.471Z,buy,7e-07,14129.0,0.0098903
DNT/BTC,1582629229471,2020-02-25T11:13:49.471Z,buy,7e-07,14129.0,0.0098903
DNT/BTC,1582629860573,2020-02-25T11:24:20.573Z,sell,6.9e-07,199.0,0.00013731
DNT/BTC,1582629867352,2020-02-25T11:24:27.352Z,sell,6.9e-07,145.0,0.0001000499999999
DNT/BTC,1582630145338,2020-02-25T11:29:05.338Z,buy,7e-07,918.0,0.0006426
DNT/BTC,1582630181834,2020-02-25T11:29:41.834Z,buy,7e-07,3586.0,0.0025101999999999
DNT/BTC,1582630242986,2020-02-25T11:30:42.986Z,buy,7e-07,7142.0,0.0049994
DNT/BTC,1582630319282,2020-02-25T11:31:59.282Z,buy,7e-07,643716.0,0.4506012
DNT/BTC,1582630330051,2020-02-25T11:32:10.051Z,buy,7.1e-07,275.0,0.00019525
DNT/BTC,1582630372060,2020-02-25T11:32:52.060Z,buy,7.1e-07,101137.0,0.0718072699999999
DNT/BTC,1582630588962,2020-02-25T11:36:28.962Z,sell,7e-07,24975.0,0.0174824999999999
DNT/BTC,1582631118053,2020-02-25T11:45:18.053Z,buy,7.1e-07,199.0,0.00014129
DNT/BTC,1582631782705,2020-02-25T11:56:22.705Z,buy,7.1e-07,1134.0,0.00080514
DNT/BTC,1582632060456,2020-02-25T12:01:00.456Z,sell,7e-07,143.0,0.0001001
DNT/BTC,1582632203551,2020-02-25T12:03:23.551Z,buy,7.1e-07,25000.0,0.01775
DNT/BTC,1582632526358,2020-02-25T12:08:46.358Z,sell,7e-07,1970.0,0.001379
DNT/BTC,1582632807633,2020-02-25T12:13:27.633Z,buy,7.1e-07,141675.0,0.1005892499999999
DNT/BTC,1582632807633,2020-02-25T12:13:27.633Z,buy,7.1e-07,141675.0,0.1005892499999999
DNT/BTC,1582632955741,2020-02-25T12:15:55.741Z,buy,7.1e-07,15151.0,0.01075721
DNT/BTC,1582633834921,2020-02-25T12:30:34.921Z,buy,7.1e-07,161918.0,0.11496178
DNT/BTC,1582633835758,2020-02-25T12:30:35.758Z,sell,7.1e-07,11319.0,0.00803649
DNT/BTC,1582633837195,2020-02-25T12:30:37.195Z,sell,7.1e-07,2451.0,0.0017402099999999
DNT/BTC,1582633838345,2020-02-25T12:30:38.345Z,sell,7.1e-07,2887.0,0.00204977
DNT/BTC,1582633839564,2020-02-25T12:30:39.564Z,sell,7.1e-07,11319.0,0.00803649
DNT/BTC,1582633840274,2020-02-25T12:30:40.274Z,sell,7.1e-07,2887.0,0.00204977
DNT/BTC,1582633841524,2020-02-25T12:30:41.524Z,sell,7.1e-07,2451.0,0.0017402099999999
DNT/BTC,1582633842918,2020-02-25T12:30:42.918Z,sell,7.1e-07,2887.0,0.00204977
DNT/BTC,1582633844206,2020-02-25T12:30:44.206Z,sell,7.1e-07,11319.0,0.00803649
DNT/BTC,1582633844910,2020-02-25T12:30:44.910Z,sell,7.1e-07,2887.0,0.00204977
DNT/BTC,1582633845659,2020-02-25T12:30:45.659Z,sell,7.1e-07,2451.0,0.0017402099999999
DNT/BTC,1582633847603,2020-02-25T12:30:47.603Z,sell,7.1e-07,11319.0,0.00803649
DNT/BTC,1582633867498,2020-02-25T12:31:07.498Z,sell,7.1e-07,31461.0,0.02233731
DNT/BTC,1582633870655,2020-02-25T12:31:10.655Z,sell,7.1e-07,14129.0,0.01003159
DNT/BTC,1582635314355,2020-02-25T12:55:14.355Z,buy,7.2e-07,1000.0,0.0007199999999999
DNT/BTC,1582635666655,2020-02-25T13:01:06.655Z,buy,7.2e-07,141.0,0.00010152
DNT/BTC,1582635666655,2020-02-25T13:01:06.655Z,buy,7.2e-07,141.0,0.00010152
DNT/BTC,1582636830178,2020-02-25T13:20:30.178Z,sell,7.1e-07,240.0,0.0001704
DNT/BTC,1582637071793,2020-02-25T13:24:31.793Z,sell,7.1e-07,28635.0,0.02033085
DNT/BTC,1582637074825,2020-02-25T13:24:34.825Z,buy,7.1e-07,141.0,0.00010011
DNT/BTC,1582637175644,2020-02-25T13:26:15.644Z,buy,7.1e-07,141.0,0.00010011
DNT/BTC,1582637175789,2020-02-25T13:26:15.789Z,sell,7e-07,66293.0,0.0464051
DNT/BTC,1582637198586,2020-02-25T13:26:38.586Z,sell,7e-07,1219.0,0.0008533
DNT/BTC,1582637233575,2020-02-25T13:27:13.575Z,buy,7.1e-07,141.0,0.00010011
DNT/BTC,1582637294418,2020-02-25T13:28:14.418Z,buy,7.1e-07,141.0,0.00010011
DNT/BTC,1582637875760,2020-02-25T13:37:55.760Z,sell,7.1e-07,141.0,0.00010011
DNT/BTC,1582637875760,2020-02-25T13:37:55.760Z,sell,7e-07,4.0,2.8e-06
DNT/BTC,1582637935488,2020-02-25T13:38:55.488Z,sell,7.1e-07,171276.0,0.12160596
DNT/BTC,1582637942894,2020-02-25T13:39:02.894Z,buy,7.1e-07,100649.0,0.07146079
DNT/BTC,1582638151298,2020-02-25T13:42:31.298Z,buy,7.2e-07,555.0,0.0003996
DNT/BTC,1582638791269,2020-02-25T13:53:11.269Z,buy,7.2e-07,303.0,0.0002181599999999
DNT/BTC,1582639235350,2020-02-25T14:00:35.350Z,sell,7.1e-07,155.0,0.0001100499999999
DNT/BTC,1582639235350,2020-02-25T14:00:35.350Z,sell,7.1e-07,155.0,0.0001100499999999
DNT/BTC,1582639342067,2020-02-25T14:02:22.067Z,buy,7.1e-07,200.0,0.0001419999999999
DNT/BTC,1582639694570,2020-02-25T14:08:14.570Z,buy,7.1e-07,667.0,0.00047357
DNT/BTC,1582640795446,2020-02-25T14:26:35.446Z,buy,7.1e-07,185.0,0.00013135
DNT/BTC,1582641400678,2020-02-25T14:36:40.678Z,sell,7e-07,197375.0,0.1381625
DNT/BTC,1582641568418,2020-02-25T14:39:28.418Z,buy,7.1e-07,2777.0,0.00197167
DNT/BTC,1582641571560,2020-02-25T14:39:31.560Z,buy,7.1e-07,2679.0,0.00190209
DNT/BTC,1582641922223,2020-02-25T14:45:22.223Z,sell,7e-07,17609.0,0.0123263
DNT/BTC,1582641922241,2020-02-25T14:45:22.241Z,buy,7e-07,996.0,0.0006971999999999
DNT/BTC,1582641942053,2020-02-25T14:45:42.053Z,buy,7e-07,143.0,0.0001001
DNT/BTC,1582642155129,2020-02-25T14:49:15.129Z,buy,7e-07,143.0,0.0001001
DNT/BTC,1582642422477,2020-02-25T14:53:42.477Z,buy,7e-07,31221.0,0.0218546999999999
DNT/BTC,1582642529832,2020-02-25T14:55:29.832Z,buy,7e-07,143.0,0.0001001
DNT/BTC,1582642557781,2020-02-25T14:55:57.781Z,sell,6.9e-07,95355.0,0.0657949499999999
DNT/BTC,1582642575651,2020-02-25T14:56:15.651Z,buy,7e-07,143.0,0.0001001
DNT/BTC,1582642578048,2020-02-25T14:56:18.048Z,buy,7e-07,143.0,0.0001001
DNT/BTC,1582642629610,2020-02-25T14:57:09.610Z,sell,6.9e-07,95355.0,0.0657949499999999
DNT/BTC,1582642634631,2020-02-25T14:57:14.631Z,buy,7e-07,143.0,0.0001001
DNT/BTC,1582642773950,2020-02-25T14:59:33.950Z,buy,7e-07,96504.0,0.0675528
DNT/BTC,1582642773950,2020-02-25T14:59:33.950Z,buy,7e-07,96504.0,0.0675528
DNT/BTC,1582642867865,2020-02-25T15:01:07.865Z,buy,7e-07,631.0,0.0004417
DNT/BTC,1582643009929,2020-02-25T15:03:29.929Z,buy,7e-07,51.0,3.57e-05
DNT/BTC,1582643742171,2020-02-25T15:15:42.171Z,buy,7e-07,1785.0,0.0012495
DNT/BTC,1582643839633,2020-02-25T15:17:19.633Z,sell,6.9e-07,1988.0,0.0013717199999999
DNT/BTC,1582643877306,2020-02-25T15:17:57.306Z,sell,6.9e-07,159740.0,0.1102205999999999
DNT/BTC,1582643877327,2020-02-25T15:17:57.327Z,buy,6.9e-07,307.0,0.0002118299999999
DNT/BTC,1582643885503,2020-02-25T15:18:05.503Z,sell,6.8e-07,64804.0,0.04406672
DNT/BTC,1582643885503,2020-02-25T15:18:05.503Z,sell,6.8e-07,2233.0,0.0015184399999999
DNT/BTC,1582643885503,2020-02-25T15:18:05.503Z,sell,6.8e-07,559.0,0.0003801199999999
DNT/BTC,1582643885503,2020-02-25T15:18:05.503Z,sell,6.8e-07,3676.0,0.00249968
DNT/BTC,1582643885503,2020-02-25T15:18:05.503Z,sell,6.8e-07,2757.0,0.0018747599999999
DNT/BTC,1582643885503,2020-02-25T15:18:05.503Z,sell,6.8e-07,919.0,0.00062492
DNT/BTC,1582643885503,2020-02-25T15:18:05.503Z,sell,6.8e-07,35183.0,0.0239244399999999
DNT/BTC,1582643885503,2020-02-25T15:18:05.503Z,sell,6.8e-07,7196.0,0.00489328
DNT/BTC,1582643885503,2020-02-25T15:18:05.503Z,sell,6.8e-07,7196.0,0.00489328
DNT/BTC,1582643885503,2020-02-25T15:18:05.503Z,sell,6.8e-07,7197.0,0.0048939599999999
DNT/BTC,1582643885503,2020-02-25T15:18:05.503Z,sell,6.8e-07,7197.0,0.0048939599999999
DNT/BTC,1582643885503,2020-02-25T15:18:05.503Z,sell,6.8e-07,17964.0,0.0122155199999999
DNT/BTC,1582643885503,2020-02-25T15:18:05.503Z,sell,6.8e-07,4491.0,0.0030538799999999
DNT/BTC,1582643885503,2020-02-25T15:18:05.503Z,sell,6.8e-07,1498.0,0.00101864
DNT/BTC,1582643885503,2020-02-25T15:18:05.503Z,sell,6.8e-07,2081.0,0.00141508
DNT/BTC,1582643885503,2020-02-25T15:18:05.503Z,sell,6.8e-07,3257.0,0.0022147599999999
DNT/BTC,1582643885503,2020-02-25T15:18:05.503Z,sell,6.8e-07,839.0,0.0005705199999999
DNT/BTC,1582643885503,2020-02-25T15:18:05.503Z,sell,6.8e-07,1761.0,0.00119748
DNT/BTC,1582643885503,2020-02-25T15:18:05.503Z,sell,6.8e-07,12487.0,0.00849116
DNT/BTC,1582643885503,2020-02-25T15:18:05.503Z,sell,6.8e-07,22221.0,0.0151102799999999
DNT/BTC,1582643885503,2020-02-25T15:18:05.503Z,sell,6.8e-07,25000.0,0.0169999999999999
DNT/BTC,1582643885503,2020-02-25T15:18:05.503Z,sell,6.8e-07,122061.0,0.0830014799999999
DNT/BTC,1582643885503,2020-02-25T15:18:05.503Z,sell,6.8e-07,2000.0,0.0013599999999999
DNT/BTC,1582643885503,2020-02-25T15:18:05.503Z,sell,6.8e-07,140000.0,0.0951999999999999
DNT/BTC,1582643885503,2020-02-25T15:18:05.503Z,sell,6.8e-07,82466.0,0.0560768799999999
DNT/BTC,1582643885503,2020-02-25T15:18:05.503Z,sell,6.8e-07,407011.0,0.2767674799999999
DNT/BTC,1582643885503,2020-02-25T15:18:05.503Z,sell,6.8e-07,16149.0,0.01098132
DNT/BTC,1582643885503,2020-02-25T15:18:05.503Z,sell,6.8e-07,30128.0,0.0204870399999999
DNT/BTC,1582643885503,2020-02-25T15:18:05.503Z,sell,6.8e-07,1951.0,0.00132668
DNT/BTC,1582643885503,2020-02-25T15:18:05.503Z,sell,6.8e-07,130738.0,0.08890184
DNT/BTC,1582643885503,2020-02-25T15:18:05.503Z,sell,6.8e-07,12379.0,0.00841772
DNT/BTC,1582643885503,2020-02-25T15:18:05.503Z,sell,6.8e-07,19041.0,0.0129478799999999
DNT/BTC,1582643885503,2020-02-25T15:18:05.503Z,sell,6.7e-07,66832.0,0.04477744
DNT/BTC,1582643885503,2020-02-25T15:18:05.503Z,sell,6.7e-07,75172.0,0.05036524
DNT/BTC,1582643885503,2020-02-25T15:18:05.503Z,sell,6.7e-07,3496.0,0.00234232
DNT/BTC,1582643885503,2020-02-25T15:18:05.503Z,sell,6.7e-07,52239.0,0.03500013
DNT/BTC,1582643885503,2020-02-25T15:18:05.503Z,sell,6.7e-07,3122.0,0.00209174
DNT/BTC,1582643885503,2020-02-25T15:18:05.503Z,sell,6.7e-07,3122.0,0.00209174
DNT/BTC,1582643885503,2020-02-25T15:18:05.503Z,sell,6.7e-07,6243.0,0.00418281
DNT/BTC,1582643885503,2020-02-25T15:18:05.503Z,sell,6.7e-07,57000.0,0.03819
DNT/BTC,1582643885503,2020-02-25T15:18:05.503Z,sell,6.7e-07,45000.0,0.03015
DNT/BTC,1582643885503,2020-02-25T15:18:05.503Z,sell,6.7e-07,32012.0,0.02144804
DNT/BTC,1582643885503,2020-02-25T15:18:05.503Z,sell,6.7e-07,45000.0,0.03015
DNT/BTC,1582643885503,2020-02-25T15:18:05.503Z,sell,6.7e-07,24000.0,0.01608
DNT/BTC,1582643885503,2020-02-25T15:18:05.503Z,sell,6.7e-07,1250.0,0.0008375
DNT/BTC,1582643885503,2020-02-25T15:18:05.503Z,sell,6.7e-07,8572.0,0.00574324
DNT/BTC,1582643885503,2020-02-25T15:18:05.503Z,sell,6.7e-07,967.0,0.00064789
DNT/BTC,1582643885503,2020-02-25T15:18:05.503Z,sell,6.7e-07,22119.0,0.01481973
DNT/BTC,1582643885503,2020-02-25T15:18:05.503Z,sell,6.7e-07,17105.0,0.01146035
DNT/BTC,1582643885503,2020-02-25T15:18:05.503Z,sell,6.7e-07,3750.0,0.0025125
DNT/BTC,1582643885533,2020-02-25T15:18:05.533Z,buy,6.8e-07,445.0,0.0003026
DNT/BTC,1582643885616,2020-02-25T15:18:05.616Z,buy,6.8e-07,437.0,0.00029716
DNT/BTC,1582643885616,2020-02-25T15:18:05.616Z,buy,6.8e-07,437.0,0.00029716
DNT/BTC,1582643885616,2020-02-25T15:18:05.616Z,buy,6.8e-07,8.0,5.44e-06
DNT/BTC,1582643885684,2020-02-25T15:18:05.684Z,sell,6.7e-07,481627.0,0.32269009
DNT/BTC,1582643885684,2020-02-25T15:18:05.684Z,sell,6.6e-07,166161.0,0.10966626
DNT/BTC,1582643885684,2020-02-25T15:18:05.684Z,sell,6.6e-07,302.0,0.00019932
DNT/BTC,1582643885684,2020-02-25T15:18:05.684Z,sell,6.6e-07,329.0,0.00021714
DNT/BTC,1582643885684,2020-02-25T15:18:05.684Z,sell,6.6e-07,289.0,0.00019074
DNT/BTC,1582643885684,2020-02-25T15:18:05.684Z,sell,6.6e-07,290.0,0.0001914
DNT/BTC,1582643885745,2020-02-25T15:18:05.745Z,sell,6.8e-07,21029.0,0.0142997199999999
DNT/BTC,1582643885752,2020-02-25T15:18:05.752Z,sell,6.8e-07,3685.0,0.0025058
DNT/BTC,1582643885763,2020-02-25T15:18:05.763Z,buy,6.8e-07,4000.0,0.0027199999999999
DNT/BTC,1582643885783,2020-02-25T15:18:05.783Z,buy,6.8e-07,1299.0,0.0008833199999999
DNT/BTC,1582643885844,2020-02-25T15:18:05.844Z,buy,6.8e-07,11095.0,0.0075445999999999
DNT/BTC,1582643885844,2020-02-25T15:18:05.844Z,buy,6.9e-07,9605.0,0.00662745
DNT/BTC,1582643885863,2020-02-25T15:18:05.863Z,sell,6.7e-07,64140.0,0.0429738
DNT/BTC,1582643885927,2020-02-25T15:18:05.927Z,buy,6.9e-07,382.0,0.0002635799999999
DNT/BTC,1582643885928,2020-02-25T15:18:05.928Z,buy,6.9e-07,379.0,0.00026151
DNT/BTC,1582643886010,2020-02-25T15:18:06.010Z,sell,6.8e-07,716.0,0.00048688
DNT/BTC,1582643886010,2020-02-25T15:18:06.010Z,sell,6.7e-07,15485.0,0.01037495
DNT/BTC,1582643886225,2020-02-25T15:18:06.225Z,sell,6.8e-07,4000.0,0.0027199999999999
DNT/BTC,1582643886225,2020-02-25T15:18:06.225Z,sell,6.7e-07,4091.0,0.00274097
DNT/BTC,1582643886658,2020-02-25T15:18:06.658Z,sell,6.8e-07,4716.0,0.0032068799999999
DNT/BTC,1582643887560,2020-02-25T15:18:07.560Z,sell,6.7e-07,2352.0,0.00157584
DNT/BTC,1582643888557,2020-02-25T15:18:08.557Z,buy,6.8e-07,1224.0,0.0008323199999999
DNT/BTC,1582643892025,2020-02-25T15:18:12.025Z,sell,6.7e-07,1233.0,0.00082611
DNT/BTC,1582643892506,2020-02-25T15:18:12.506Z,sell,6.7e-07,7134.0,0.00477978
DNT/BTC,1582643897587,2020-02-25T15:18:17.587Z,sell,6.7e-07,2407.0,0.00161269
DNT/BTC,1582643901806,2020-02-25T15:18:21.806Z,sell,6.7e-07,2074.0,0.00138958
DNT/BTC,1582643902981,2020-02-25T15:18:22.981Z,sell,6.7e-07,61641.0,0.04129947
DNT/BTC,1582643906252,2020-02-25T15:18:26.252Z,buy,6.8e-07,1709.0,0.00116212
DNT/BTC,1582643906254,2020-02-25T15:18:26.254Z,buy,6.8e-07,7897.0,0.00536996
DNT/BTC,1582643906269,2020-02-25T15:18:26.269Z,buy,6.8e-07,2630.0,0.0017883999999999
DNT/BTC,1582643906459,2020-02-25T15:18:26.459Z,sell,6.7e-07,16188.0,0.01084596
DNT/BTC,1582643906466,2020-02-25T15:18:26.466Z,sell,6.7e-07,9727.0,0.00651709
DNT/BTC,1582643906471,2020-02-25T15:18:26.471Z,sell,6.7e-07,1576.0,0.00105592
DNT/BTC,1582643906472,2020-02-25T15:18:26.472Z,sell,6.7e-07,16214.0,0.01086338
DNT/BTC,1582643906476,2020-02-25T15:18:26.476Z,sell,6.7e-07,3188.0,0.00213596
DNT/BTC,1582643906507,2020-02-25T15:18:26.507Z,sell,6.7e-07,852.0,0.00057084
DNT/BTC,1582643906512,2020-02-25T15:18:26.512Z,sell,6.7e-07,16212.0,0.01086204
DNT/BTC,1582643906516,2020-02-25T15:18:26.516Z,sell,6.7e-07,38895.0,0.02605965
DNT/BTC,1582643906517,2020-02-25T15:18:26.517Z,sell,6.7e-07,32377.0,0.02169259
DNT/BTC,1582643906540,2020-02-25T15:18:26.540Z,sell,6.7e-07,16205.0,0.01085735
DNT/BTC,1582643906649,2020-02-25T15:18:26.649Z,sell,6.7e-07,16194.0,0.01084998
DNT/BTC,1582643906710,2020-02-25T15:18:26.710Z,sell,6.7e-07,1984.0,0.00132928
DNT/BTC,1582643906714,2020-02-25T15:18:26.714Z,sell,6.7e-07,1228.0,0.00082276
DNT/BTC,1582643906806,2020-02-25T15:18:26.806Z,sell,6.7e-07,15678.0,0.01050426
DNT/BTC,1582643906823,2020-02-25T15:18:26.823Z,buy,6.7e-07,6466.0,0.00433222
DNT/BTC,1582643906824,2020-02-25T15:18:26.824Z,buy,6.7e-07,7027.0,0.00470809
DNT/BTC,1582643906827,2020-02-25T15:18:26.827Z,buy,6.7e-07,1865.0,0.00124955
DNT/BTC,1582643907205,2020-02-25T15:18:27.205Z,buy,6.7e-07,2941.0,0.00197047
DNT/BTC,1582643907749,2020-02-25T15:18:27.749Z,buy,6.7e-07,1624.0,0.00108808
DNT/BTC,1582643907995,2020-02-25T15:18:27.995Z,buy,6.7e-07,2471.0,0.00165557
DNT/BTC,1582643909150,2020-02-25T15:18:29.150Z,buy,6.7e-07,10659.0,0.00714153
DNT/BTC,1582643910857,2020-02-25T15:18:30.857Z,sell,6.7e-07,6466.0,0.00433222
DNT/BTC,1582643911222,2020-02-25T15:18:31.222Z,buy,6.8e-07,3194.0,0.00217192
DNT/BTC,1582643924000,2020-02-25T15:18:44.000Z,sell,6.7e-07,138252.0,0.09262884
DNT/BTC,1582643931114,2020-02-25T15:18:51.114Z,buy,6.8e-07,3630.0,0.0024684
DNT/BTC,1582643931870,2020-02-25T15:18:51.870Z,sell,6.7e-07,5195.0,0.00348065
DNT/BTC,1582643934288,2020-02-25T15:18:54.288Z,sell,6.7e-07,110052.0,0.07373484
DNT/BTC,1582643948070,2020-02-25T15:19:08.070Z,sell,6.7e-07,3800.0,0.002546
DNT/BTC,1582643948143,2020-02-25T15:19:08.143Z,sell,6.7e-07,3800.0,0.002546
DNT/BTC,1582643956087,2020-02-25T15:19:16.087Z,sell,6.7e-07,8324.0,0.00557708
DNT/BTC,1582643959802,2020-02-25T15:19:19.802Z,sell,6.7e-07,34837.0,0.02334079
DNT/BTC,1582643982890,2020-02-25T15:19:42.890Z,sell,6.7e-07,42253.0,0.02830951
DNT/BTC,1582643984928,2020-02-25T15:19:44.928Z,buy,6.8e-07,2500.0,0.0017
DNT/BTC,1582644014800,2020-02-25T15:20:14.800Z,sell,6.7e-07,207.0,0.00013869
DNT/BTC,1582644019310,2020-02-25T15:20:19.310Z,sell,6.7e-07,2258.0,0.00151286
DNT/BTC,1582644026181,2020-02-25T15:20:26.181Z,sell,6.7e-07,592.0,0.00039664
DNT/BTC,1582644035932,2020-02-25T15:20:35.932Z,buy,6.7e-07,11441.0,0.00766547
DNT/BTC,1582644035946,2020-02-25T15:20:35.946Z,buy,6.7e-07,6631.0,0.00444277
DNT/BTC,1582644035946,2020-02-25T15:20:35.946Z,buy,6.8e-07,1409.0,0.0009581199999999
DNT/BTC,1582644042406,2020-02-25T15:20:42.406Z,sell,6.6e-07,9720.0,0.0064152
DNT/BTC,1582644053382,2020-02-25T15:20:53.382Z,sell,6.7e-07,1794.0,0.00120198
DNT/BTC,1582644053866,2020-02-25T15:20:53.866Z,buy,6.8e-07,49429.0,0.03361172
DNT/BTC,1582644172915,2020-02-25T15:22:52.915Z,sell,6.7e-07,17231.0,0.01154477
DNT/BTC,1582644244237,2020-02-25T15:24:04.237Z,buy,6.8e-07,898.0,0.00061064
DNT/BTC,1582644546690,2020-02-25T15:29:06.690Z,sell,6.7e-07,1001.0,0.00067067
DNT/BTC,1582644760005,2020-02-25T15:32:40.005Z,sell,6.7e-07,407407.0,0.27296269
DNT/BTC,1582644867706,2020-02-25T15:34:27.706Z,sell,6.7e-07,2895.0,0.00193965
DNT/BTC,1582644871662,2020-02-25T15:34:31.662Z,buy,6.8e-07,190133.0,0.1292904399999999
DNT/BTC,1582644918295,2020-02-25T15:35:18.295Z,sell,6.8e-07,1161.0,0.00078948
DNT/BTC,1582644932151,2020-02-25T15:35:32.151Z,sell,6.8e-07,122666.0,0.08341288
DNT/BTC,1582645129752,2020-02-25T15:38:49.752Z,buy,6.8e-07,14705.0,0.0099993999999999
DNT/BTC,1582645192041,2020-02-25T15:39:52.041Z,sell,6.7e-07,6953.0,0.00465851
DNT/BTC,1582645406781,2020-02-25T15:43:26.781Z,buy,6.8e-07,29046.0,0.01975128
DNT/BTC,1582645503233,2020-02-25T15:45:03.233Z,buy,6.8e-07,1265.0,0.0008602
DNT/BTC,1582645505645,2020-02-25T15:45:05.645Z,buy,6.8e-07,3523.0,0.0023956399999999
DNT/BTC,1582645508157,2020-02-25T15:45:08.157Z,buy,6.8e-07,14705.0,0.0099993999999999
DNT/BTC,1582645509084,2020-02-25T15:45:09.084Z,buy,6.8e-07,1848.0,0.0012566399999999
DNT/BTC,1582645509205,2020-02-25T15:45:09.205Z,buy,6.8e-07,1417.0,0.0009635599999999
DNT/BTC,1582645513635,2020-02-25T15:45:13.635Z,buy,6.8e-07,592.0,0.00040256
DNT/BTC,1582645513774,2020-02-25T15:45:13.774Z,buy,6.8e-07,937.0,0.00063716
DNT/BTC,1582645514035,2020-02-25T15:45:14.035Z,buy,6.8e-07,1132.0,0.00076976
DNT/BTC,1582645514180,2020-02-25T15:45:14.180Z,buy,6.8e-07,415.0,0.0002822
DNT/BTC,1582645514243,2020-02-25T15:45:14.243Z,buy,6.8e-07,284.0,0.00019312
DNT/BTC,1582645514279,2020-02-25T15:45:14.279Z,buy,6.8e-07,993.0,0.0006752399999999
DNT/BTC,1582645514393,2020-02-25T15:45:14.393Z,buy,6.8e-07,647.0,0.00043996
DNT/BTC,1582645515178,2020-02-25T15:45:15.178Z,buy,6.8e-07,1267.0,0.0008615599999999
DNT/BTC,1582645515193,2020-02-25T15:45:15.193Z,buy,6.8e-07,292.0,0.00019856
DNT/BTC,1582645515499,2020-02-25T15:45:15.499Z,buy,6.8e-07,6893.0,0.00468724
DNT/BTC,1582645524340,2020-02-25T15:45:24.340Z,buy,6.8e-07,14705.0,0.0099993999999999
DNT/BTC,1582645544384,2020-02-25T15:45:44.384Z,buy,6.8e-07,300.0,0.0002039999999999
DNT/BTC,1582645575915,2020-02-25T15:46:15.915Z,buy,6.9e-07,600.0,0.000414
DNT/BTC,1582645764564,2020-02-25T15:49:24.564Z,sell,6.8e-07,2941.0,0.00199988
DNT/BTC,1582645845366,2020-02-25T15:50:45.366Z,sell,6.8e-07,5744.0,0.00390592
DNT/BTC,1582645846938,2020-02-25T15:50:46.938Z,buy,6.8e-07,190.0,0.0001292
DNT/BTC,1582646154369,2020-02-25T15:55:54.369Z,buy,6.8e-07,7352.0,0.00499936
DNT/BTC,1582646200374,2020-02-25T15:56:40.374Z,sell,6.7e-07,559135.0,0.37462045
DNT/BTC,1582646200374,2020-02-25T15:56:40.374Z,sell,6.7e-07,559135.0,0.37462045
DNT/BTC,1582646387884,2020-02-25T15:59:47.884Z,sell,6.7e-07,29943.0,0.02006181
DNT/BTC,1582646446797,2020-02-25T16:00:46.797Z,sell,6.7e-07,116057.0,0.07775819
DNT/BTC,1582646822335,2020-02-25T16:07:02.335Z,sell,6.7e-07,313646.0,0.21014282
DNT/BTC,1582647076756,2020-02-25T16:11:16.756Z,buy,6.8e-07,2265.0,0.0015401999999999
DNT/BTC,1582647199630,2020-02-25T16:13:19.630Z,buy,6.8e-07,109401.0,0.0743926799999999
DNT/BTC,1582647199641,2020-02-25T16:13:19.641Z,sell,6.8e-07,17504.0,0.0119027199999999
DNT/BTC,1582647199646,2020-02-25T16:13:19.646Z,sell,6.8e-07,21844.0,0.01485392
DNT/BTC,1582647199648,2020-02-25T16:13:19.648Z,sell,6.8e-07,2209.0,0.0015021199999999
DNT/BTC,1582647199667,2020-02-25T16:13:19.667Z,sell,6.8e-07,9631.0,0.00654908
DNT/BTC,1582647199939,2020-02-25T16:13:19.939Z,sell,6.8e-07,482.0,0.0003277599999999
DNT/BTC,1582647200546,2020-02-25T16:13:20.546Z,sell,6.8e-07,9483.0,0.00644844
DNT/BTC,1582647201370,2020-02-25T16:13:21.370Z,sell,6.8e-07,7924.0,0.0053883199999999
DNT/BTC,1582647221125,2020-02-25T16:13:41.125Z,sell,6.8e-07,6388.0,0.00434384
DNT/BTC,1582647221951,2020-02-25T16:13:41.951Z,sell,6.8e-07,5088.0,0.0034598399999999
DNT/BTC,1582647231329,2020-02-25T16:13:51.329Z,sell,6.8e-07,34352.0,0.02335936
DNT/BTC,1582647248378,2020-02-25T16:14:08.378Z,sell,6.7e-07,24950.0,0.0167165
DNT/BTC,1582647296092,2020-02-25T16:14:56.092Z,sell,6.8e-07,10821.0,0.0073582799999999
DNT/BTC,1582647373490,2020-02-25T16:16:13.490Z,sell,6.8e-07,8333.0,0.0056664399999999
DNT/BTC,1582647465253,2020-02-25T16:17:45.253Z,buy,6.8e-07,3676.0,0.00249968
DNT/BTC,1582647482347,2020-02-25T16:18:02.347Z,buy,6.8e-07,15000.0,0.0101999999999999
DNT/BTC,1582647949290,2020-02-25T16:25:49.290Z,buy,6.8e-07,180947.0,0.12304396
DNT/BTC,1582648009915,2020-02-25T16:26:49.915Z,sell,6.8e-07,10268.0,0.00698224
DNT/BTC,1582648054012,2020-02-25T16:27:34.012Z,sell,6.8e-07,18209.0,0.0123821199999999
DNT/BTC,1582648181382,2020-02-25T16:29:41.382Z,sell,6.8e-07,15332.0,0.01042576
DNT/BTC,1582648194864,2020-02-25T16:29:54.864Z,sell,6.7e-07,19502.0,0.01306634
DNT/BTC,1582648457600,2020-02-25T16:34:17.600Z,buy,6.8e-07,2000.0,0.0013599999999999
DNT/BTC,1582648544265,2020-02-25T16:35:44.265Z,sell,6.7e-07,361769.0,0.24238523
DNT/BTC,1582648604346,2020-02-25T16:36:44.346Z,sell,6.7e-07,289335.0,0.19385445
DNT/BTC,1582649123933,2020-02-25T16:45:23.933Z,sell,6.7e-07,579282.0,0.38811894
DNT/BTC,1582649375640,2020-02-25T16:49:35.640Z,buy,6.7e-07,598.0,0.00040066
DNT/BTC,1582649483352,2020-02-25T16:51:23.352Z,buy,6.7e-07,118158.0,0.07916586
DNT/BTC,1582649485083,2020-02-25T16:51:25.083Z,buy,6.7e-07,146352.0,0.09805584
DNT/BTC,1582649615389,2020-02-25T16:53:35.389Z,sell,6.7e-07,251909.0,0.16877903
DNT/BTC,1582649637128,2020-02-25T16:53:57.128Z,buy,6.7e-07,46357.0,0.03105919
DNT/BTC,1582649645552,2020-02-25T16:54:05.552Z,buy,6.8e-07,148.0,0.00010064
DNT/BTC,1582649653633,2020-02-25T16:54:13.633Z,sell,6.7e-07,53395.0,0.03577465
DNT/BTC,1582649653633,2020-02-25T16:54:13.633Z,sell,6.6e-07,9193.0,0.00606738
DNT/BTC,1582649682838,2020-02-25T16:54:42.838Z,buy,6.8e-07,152.0,0.0001033599999999
DNT/BTC,1582649682838,2020-02-25T16:54:42.838Z,buy,6.8e-07,152.0,0.0001033599999999
DNT/BTC,1582649890493,2020-02-25T16:58:10.493Z,buy,6.8e-07,6589.0,0.00448052
DNT/BTC,1582649986012,2020-02-25T16:59:46.012Z,sell,6.7e-07,2222.0,0.00148874
DNT/BTC,1582650009988,2020-02-25T17:00:09.988Z,buy,6.7e-07,152.0,0.00010184
DNT/BTC,1582650036095,2020-02-25T17:00:36.095Z,buy,6.7e-07,378.0,0.00025326
DNT/BTC,1582650043903,2020-02-25T17:00:43.903Z,buy,6.7e-07,260781.0,0.17472327
DNT/BTC,1582650051825,2020-02-25T17:00:51.825Z,buy,6.8e-07,152.0,0.0001033599999999
DNT/BTC,1582650060567,2020-02-25T17:01:00.567Z,buy,6.8e-07,499429.0,0.3396117199999999
DNT/BTC,1582650060618,2020-02-25T17:01:00.618Z,sell,6.8e-07,1751.0,0.00119068
DNT/BTC,1582650065524,2020-02-25T17:01:05.524Z,buy,6.9e-07,152.0,0.00010488
DNT/BTC,1582650107696,2020-02-25T17:01:47.696Z,buy,6.9e-07,155.0,0.00010695
DNT/BTC,1582650170299,2020-02-25T17:02:50.299Z,buy,6.9e-07,154.0,0.0001062599999999
DNT/BTC,1582650232296,2020-02-25T17:03:52.296Z,buy,6.9e-07,152.0,0.00010488
DNT/BTC,1582650372087,2020-02-25T17:06:12.087Z,sell,6.8e-07,500799.0,0.34054332
DNT/BTC,1582650378811,2020-02-25T17:06:18.811Z,sell,6.8e-07,57745.0,0.0392666
DNT/BTC,1582650379148,2020-02-25T17:06:19.148Z,buy,6.8e-07,159729.0,0.1086157199999999
DNT/BTC,1582650391022,2020-02-25T17:06:31.022Z,sell,6.8e-07,171927.0,0.1169103599999999
DNT/BTC,1582650404718,2020-02-25T17:06:44.718Z,buy,6.8e-07,992181.0,0.67468308
DNT/BTC,1582650447726,2020-02-25T17:07:27.726Z,buy,6.8e-07,137999.0,0.0938393199999999
DNT/BTC,1582650463895,2020-02-25T17:07:43.895Z,buy,6.8e-07,61878.0,0.0420770399999999
DNT/BTC,1582650624545,2020-02-25T17:10:24.545Z,buy,6.8e-07,169349.0,0.11515732
DNT/BTC,1582650819014,2020-02-25T17:13:39.014Z,sell,6.8e-07,10857.0,0.0073827599999999
DNT/BTC,1582650920740,2020-02-25T17:15:20.740Z,sell,6.8e-07,1911.0,0.00129948
DNT/BTC,1582651293692,2020-02-25T17:21:33.692Z,buy,6.9e-07,580.0,0.0004001999999999
DNT/BTC,1582651338032,2020-02-25T17:22:18.032Z,sell,6.8e-07,6753.0,0.0045920399999999
DNT/BTC,1582651786817,2020-02-25T17:29:46.817Z,sell,6.8e-07,247.0,0.0001679599999999
DNT/BTC,1582652008873,2020-02-25T17:33:28.873Z,sell,6.8e-07,152.0,0.0001033599999999
DNT/BTC,1582652441134,2020-02-25T17:40:41.134Z,buy,6.9e-07,5508.0,0.00380052
DNT/BTC,1582652441749,2020-02-25T17:40:41.749Z,buy,6.9e-07,8164.0,0.00563316
DNT/BTC,1582652441773,2020-02-25T17:40:41.773Z,buy,6.9e-07,10597.0,0.0073119299999999
DNT/BTC,1582652632357,2020-02-25T17:43:52.357Z,sell,6.8e-07,11637.0,0.0079131599999999
DNT/BTC,1582652704086,2020-02-25T17:45:04.086Z,buy,6.9e-07,28985.0,0.0199996499999999
DNT/BTC,1582652704086,2020-02-25T17:45:04.086Z,buy,6.9e-07,28985.0,0.0199996499999999
DNT/BTC,1582653604798,2020-02-25T18:00:04.798Z,buy,6.9e-07,725.0,0.0005002499999999
DNT/BTC,1582653662256,2020-02-25T18:01:02.256Z,sell,6.8e-07,631.0,0.00042908
DNT/BTC,1582653700694,2020-02-25T18:01:40.694Z,sell,6.8e-07,79285.0,0.0539138
DNT/BTC,1582654671916,2020-02-25T18:17:51.916Z,buy,6.9e-07,248152.0,0.17122488
DNT/BTC,1582654672691,2020-02-25T18:17:52.691Z,sell,6.9e-07,11391.0,0.00785979
DNT/BTC,1582655292375,2020-02-25T18:28:12.375Z,sell,6.9e-07,2031.0,0.00140139
DNT/BTC,1582655617196,2020-02-25T18:33:37.196Z,sell,6.9e-07,4106.0,0.0028331399999999
DNT/BTC,1582655617196,2020-02-25T18:33:37.196Z,sell,6.9e-07,4106.0,0.0028331399999999
DNT/BTC,1582656400062,2020-02-25T18:46:40.062Z,buy,7e-07,1245.0,0.0008715
DNT/BTC,1582656726609,2020-02-25T18:52:06.609Z,sell,6.9e-07,14690.0,0.0101360999999999
DNT/BTC,1582656834302,2020-02-25T18:53:54.302Z,sell,6.9e-07,5344.0,0.0036873599999999
DNT/BTC,1582656835489,2020-02-25T18:53:55.489Z,sell,6.9e-07,5299.0,0.00365631
DNT/BTC,1582656853319,2020-02-25T18:54:13.319Z,sell,6.9e-07,5318.0,0.0036694199999999
DNT/BTC,1582657228326,2020-02-25T19:00:28.326Z,buy,7e-07,150.0,0.0001049999999999
DNT/BTC,1582657434609,2020-02-25T19:03:54.609Z,sell,6.9e-07,1482.0,0.00102258
DNT/BTC,1582657447515,2020-02-25T19:04:07.515Z,buy,7e-07,166.0,0.0001161999999999
DNT/BTC,1582658071898,2020-02-25T19:14:31.898Z,buy,7e-07,406.0,0.0002841999999999
DNT/BTC,1582658689702,2020-02-25T19:24:49.702Z,sell,6.9e-07,50000.0,0.0344999999999999
DNT/BTC,1582658900289,2020-02-25T19:28:20.289Z,buy,7e-07,825.0,0.0005775
DNT/BTC,1582659032759,2020-02-25T19:30:32.759Z,buy,7e-07,4968.0,0.0034776
DNT/BTC,1582659033995,2020-02-25T19:30:33.995Z,buy,7e-07,7163.0,0.0050141
DNT/BTC,1582659033995,2020-02-25T19:30:33.995Z,buy,7e-07,7163.0,0.0050141
DNT/BTC,1582659375505,2020-02-25T19:36:15.505Z,buy,7e-07,3500.0,0.00245
DNT/BTC,1582660678954,2020-02-25T19:57:58.954Z,sell,6.9e-07,224.0,0.0001545599999999
DNT/BTC,1582660694159,2020-02-25T19:58:14.159Z,sell,6.9e-07,6057.0,0.0041793299999999
DNT/BTC,1582661015084,2020-02-25T20:03:35.084Z,sell,6.9e-07,349.0,0.00024081
DNT/BTC,1582661021272,2020-02-25T20:03:41.272Z,buy,7e-07,1549.0,0.0010842999999999
DNT/BTC,1582661718552,2020-02-25T20:15:18.552Z,sell,6.9e-07,400.0,0.000276
DNT/BTC,1582661967696,2020-02-25T20:19:27.696Z,sell,6.9e-07,6583.0,0.0045422699999999
DNT/BTC,1582662260719,2020-02-25T20:24:20.719Z,buy,7e-07,11610.0,0.0081269999999999
DNT/BTC,1582662260719,2020-02-25T20:24:20.719Z,buy,7e-07,11610.0,0.0081269999999999
DNT/BTC,1582667014810,2020-02-25T21:43:34.810Z,buy,7e-07,4068.0,0.0028476
DNT/BTC,1582667014810,2020-02-25T21:43:34.810Z,buy,7e-07,4068.0,0.0028476
DNT/BTC,1582668797966,2020-02-25T22:13:17.966Z,sell,6.9e-07,61829.0,0.04266201
DNT/BTC,1582668797967,2020-02-25T22:13:17.967Z,sell,6.9e-07,8363.0,0.00577047
DNT/BTC,1582668797999,2020-02-25T22:13:17.999Z,sell,6.9e-07,78343.0,0.0540566699999999
