symbol,timestamp,datetime,side,price,amount,btc_volume
DNT/BTC,1581782493371,2020-02-15T16:01:33.371Z,buy,9.4e-07,586.0,0.00055084
DNT/BTC,1581782516853,2020-02-15T16:01:56.853Z,buy,9.4e-07,587.0,0.00055178
DNT/BTC,1581782525302,2020-02-15T16:02:05.302Z,buy,9.4e-07,588.0,0.00055272
DNT/BTC,1581782533246,2020-02-15T16:02:13.246Z,buy,9.4e-07,1595.0,0.0014993
DNT/BTC,1581782565561,2020-02-15T16:02:45.561Z,sell,9.3e-07,500000.0,0.4649999999999999
DNT/BTC,1581782570225,2020-02-15T16:02:50.225Z,sell,9.3e-07,500000.0,0.4649999999999999
DNT/BTC,1581782588308,2020-02-15T16:03:08.308Z,sell,9.3e-07,11712.0,0.01089216
DNT/BTC,1581782592748,2020-02-15T16:03:12.748Z,sell,9.3e-07,11720.0,0.0108996
DNT/BTC,1581782613361,2020-02-15T16:03:33.361Z,sell,9.3e-07,540814.0,0.50295702
DNT/BTC,1581782629258,2020-02-15T16:03:49.258Z,buy,9.3e-07,107.0,9.951e-05
DNT/BTC,1581782657722,2020-02-15T16:04:17.722Z,sell,9.2e-07,9992.0,0.00919264
DNT/BTC,1581782657722,2020-02-15T16:04:17.722Z,sell,9.2e-07,564064.0,0.51893888
DNT/BTC,1581782657722,2020-02-15T16:04:17.722Z,sell,9.1e-07,377488.0,0.34351408
DNT/BTC,1581782657722,2020-02-15T16:04:17.722Z,sell,9e-07,9867.0,0.0088802999999999
DNT/BTC,1581782657722,2020-02-15T16:04:17.722Z,sell,9e-07,2000.0,0.0018
DNT/BTC,1581782657722,2020-02-15T16:04:17.722Z,sell,9e-07,14095.0,0.0126854999999999
DNT/BTC,1581782657722,2020-02-15T16:04:17.722Z,sell,9e-07,8523.0,0.0076707
DNT/BTC,1581782657722,2020-02-15T16:04:17.722Z,sell,9e-07,59080.0,0.053172
DNT/BTC,1581782659332,2020-02-15T16:04:19.332Z,buy,9.1e-07,1648.0,0.00149968
DNT/BTC,1581782660842,2020-02-15T16:04:20.842Z,buy,9.1e-07,1648.0,0.00149968
DNT/BTC,1581782660846,2020-02-15T16:04:20.846Z,buy,9.1e-07,14572.0,0.01326052
DNT/BTC,1581782660991,2020-02-15T16:04:20.991Z,buy,9.1e-07,12970.0,0.0118027
DNT/BTC,1581782662060,2020-02-15T16:04:22.060Z,buy,9.1e-07,167.0,0.00015197
DNT/BTC,1581782663169,2020-02-15T16:04:23.169Z,buy,9.1e-07,2187.0,0.00199017
DNT/BTC,1581782663483,2020-02-15T16:04:23.483Z,buy,9.1e-07,1648.0,0.00149968
DNT/BTC,1581782663798,2020-02-15T16:04:23.798Z,buy,9.1e-07,3433.0,0.00312403
DNT/BTC,1581782663817,2020-02-15T16:04:23.817Z,buy,9.1e-07,11714.0,0.01065974
DNT/BTC,1581782665356,2020-02-15T16:04:25.356Z,buy,9.1e-07,31868.0,0.02899988
DNT/BTC,1581782665949,2020-02-15T16:04:25.949Z,buy,9.1e-07,31868.0,0.02899988
DNT/BTC,1581782668133,2020-02-15T16:04:28.133Z,buy,9.1e-07,21608.0,0.0196632799999999
DNT/BTC,1581782672293,2020-02-15T16:04:32.293Z,sell,9.1e-07,3835.0,0.00348985
DNT/BTC,1581782673644,2020-02-15T16:04:33.644Z,buy,9.1e-07,6449.0,0.00586859
DNT/BTC,1581782677177,2020-02-15T16:04:37.177Z,sell,9.1e-07,162.0,0.00014742
DNT/BTC,1581782679373,2020-02-15T16:04:39.373Z,buy,9.2e-07,809.0,0.0007442799999999
DNT/BTC,1581782679981,2020-02-15T16:04:39.981Z,sell,9.1e-07,15465.0,0.01407315
DNT/BTC,1581782679981,2020-02-15T16:04:39.981Z,sell,9e-07,324.0,0.0002916
DNT/BTC,1581782696529,2020-02-15T16:04:56.529Z,sell,9.1e-07,3071.0,0.00279461
DNT/BTC,1581782696529,2020-02-15T16:04:56.529Z,sell,9e-07,29366.0,0.0264294
DNT/BTC,1581782712947,2020-02-15T16:05:12.947Z,buy,9.2e-07,26378.0,0.02426776
DNT/BTC,1581782720250,2020-02-15T16:05:20.250Z,buy,9.2e-07,1277.0,0.00117484
DNT/BTC,1581782739329,2020-02-15T16:05:39.329Z,buy,9.2e-07,629.0,0.00057868
DNT/BTC,1581782741256,2020-02-15T16:05:41.256Z,buy,9.2e-07,5767.0,0.0053056399999999
DNT/BTC,1581782742435,2020-02-15T16:05:42.435Z,sell,9.1e-07,75772.0,0.06895252
DNT/BTC,1581782742456,2020-02-15T16:05:42.456Z,buy,9.2e-07,1053.0,0.0009687599999999
DNT/BTC,1581782775250,2020-02-15T16:06:15.250Z,sell,9.1e-07,394.0,0.0003585399999999
DNT/BTC,1581782785585,2020-02-15T16:06:25.585Z,buy,9.2e-07,107.0,9.844e-05
DNT/BTC,1581782785890,2020-02-15T16:06:25.890Z,buy,9.2e-07,107.0,9.844e-05
DNT/BTC,1581782812164,2020-02-15T16:06:52.164Z,buy,9.2e-07,3967.0,0.00364964
DNT/BTC,1581782858892,2020-02-15T16:07:38.892Z,sell,9.1e-07,1000.0,0.00091
DNT/BTC,1581782860120,2020-02-15T16:07:40.120Z,buy,9.2e-07,1008.0,0.00092736
DNT/BTC,1581782920227,2020-02-15T16:08:40.227Z,buy,9.2e-07,107.0,9.844e-05
DNT/BTC,1581782920255,2020-02-15T16:08:40.255Z,buy,9.2e-07,107.0,9.844e-05
DNT/BTC,1581782926368,2020-02-15T16:08:46.368Z,buy,9.2e-07,3201.0,0.0029449199999999
DNT/BTC,1581782932401,2020-02-15T16:08:52.401Z,sell,9.1e-07,133.0,0.00012103
DNT/BTC,1581782936588,2020-02-15T16:08:56.588Z,buy,9.2e-07,48113.0,0.04426396
DNT/BTC,1581782966505,2020-02-15T16:09:26.505Z,buy,9.2e-07,26281.0,0.02417852
DNT/BTC,1581783000684,2020-02-15T16:10:00.684Z,buy,9.3e-07,108.0,0.00010044
DNT/BTC,1581783001160,2020-02-15T16:10:01.160Z,buy,9.3e-07,107.0,9.951e-05
DNT/BTC,1581783004269,2020-02-15T16:10:04.269Z,buy,9.3e-07,108.0,0.00010044
DNT/BTC,1581783085501,2020-02-15T16:11:25.501Z,buy,9.3e-07,108.0,0.00010044
DNT/BTC,1581783086227,2020-02-15T16:11:26.227Z,buy,9.3e-07,108.0,0.00010044
DNT/BTC,1581783137638,2020-02-15T16:12:17.638Z,buy,9.3e-07,2150.0,0.0019995
DNT/BTC,1581783154168,2020-02-15T16:12:34.168Z,buy,9.3e-07,108.0,0.00010044
DNT/BTC,1581783154191,2020-02-15T16:12:34.191Z,buy,9.3e-07,108.0,0.00010044
DNT/BTC,1581783182944,2020-02-15T16:13:02.944Z,buy,9.3e-07,3546.0,0.00329778
DNT/BTC,1581783225783,2020-02-15T16:13:45.783Z,buy,9.3e-07,108.0,0.00010044
DNT/BTC,1581783225991,2020-02-15T16:13:45.991Z,buy,9.3e-07,32.0,2.976e-05
DNT/BTC,1581783226499,2020-02-15T16:13:46.499Z,buy,9.3e-07,108.0,0.00010044
DNT/BTC,1581783270427,2020-02-15T16:14:30.427Z,buy,9.3e-07,1672.0,0.00155496
DNT/BTC,1581783286784,2020-02-15T16:14:46.784Z,buy,9.3e-07,108.0,0.00010044
DNT/BTC,1581783291614,2020-02-15T16:14:51.614Z,buy,9.3e-07,108.0,0.00010044
DNT/BTC,1581783493670,2020-02-15T16:18:13.670Z,sell,9.2e-07,59401.0,0.05464892
DNT/BTC,1581783493691,2020-02-15T16:18:13.691Z,buy,9.2e-07,9121.0,0.0083913199999999
DNT/BTC,1581783494328,2020-02-15T16:18:14.328Z,buy,9.2e-07,3984.0,0.00366528
DNT/BTC,1581783496870,2020-02-15T16:18:16.870Z,buy,9.2e-07,109.0,0.00010028
DNT/BTC,1581783497518,2020-02-15T16:18:17.518Z,buy,9.2e-07,109.0,0.00010028
DNT/BTC,1581783499458,2020-02-15T16:18:19.458Z,buy,9.2e-07,109.0,0.00010028
DNT/BTC,1581783501321,2020-02-15T16:18:21.321Z,buy,9.2e-07,109.0,0.00010028
DNT/BTC,1581783503288,2020-02-15T16:18:23.288Z,buy,9.2e-07,109.0,0.00010028
DNT/BTC,1581783534204,2020-02-15T16:18:54.204Z,buy,9.2e-07,109.0,0.00010028
DNT/BTC,1581783542700,2020-02-15T16:19:02.700Z,buy,9.2e-07,109.0,0.00010028
DNT/BTC,1581783542986,2020-02-15T16:19:02.986Z,buy,9.2e-07,109.0,0.00010028
DNT/BTC,1581783548703,2020-02-15T16:19:08.703Z,buy,9.2e-07,109.0,0.00010028
DNT/BTC,1581783553371,2020-02-15T16:19:13.371Z,buy,9.2e-07,184630.0,0.1698596
DNT/BTC,1581783596411,2020-02-15T16:19:56.411Z,buy,9.2e-07,5494.0,0.00505448
DNT/BTC,1581783621844,2020-02-15T16:20:21.844Z,buy,9.2e-07,12000.0,0.01104
DNT/BTC,1581783625223,2020-02-15T16:20:25.223Z,buy,9.2e-07,994.0,0.00091448
DNT/BTC,1581783738437,2020-02-15T16:22:18.437Z,sell,9.1e-07,500.0,0.000455
DNT/BTC,1581783746946,2020-02-15T16:22:26.946Z,buy,9.2e-07,26325.0,0.024219
DNT/BTC,1581783765529,2020-02-15T16:22:45.529Z,buy,9.2e-07,19393.0,0.01784156
DNT/BTC,1581783779535,2020-02-15T16:22:59.535Z,sell,9.2e-07,15344.0,0.0141164799999999
DNT/BTC,1581783787738,2020-02-15T16:23:07.738Z,buy,9.2e-07,1281.0,0.00117852
DNT/BTC,1581783835052,2020-02-15T16:23:55.052Z,sell,9.1e-07,16705.0,0.01520155
DNT/BTC,1581783841494,2020-02-15T16:24:01.494Z,sell,9.1e-07,104518.0,0.09511138
DNT/BTC,1581783968605,2020-02-15T16:26:08.605Z,sell,9.1e-07,57610.0,0.0524250999999999
DNT/BTC,1581783969171,2020-02-15T16:26:09.171Z,sell,9.1e-07,119.0,0.00010829
DNT/BTC,1581784005965,2020-02-15T16:26:45.965Z,buy,9.2e-07,190.0,0.0001748
DNT/BTC,1581784010293,2020-02-15T16:26:50.293Z,buy,9.2e-07,189.0,0.00017388
DNT/BTC,1581784014106,2020-02-15T16:26:54.106Z,buy,9.2e-07,189.0,0.00017388
DNT/BTC,1581784018385,2020-02-15T16:26:58.385Z,buy,9.2e-07,189.0,0.00017388
DNT/BTC,1581784022289,2020-02-15T16:27:02.289Z,buy,9.2e-07,189.0,0.00017388
DNT/BTC,1581784026849,2020-02-15T16:27:06.849Z,buy,9.2e-07,189.0,0.00017388
DNT/BTC,1581784031183,2020-02-15T16:27:11.183Z,buy,9.2e-07,189.0,0.00017388
DNT/BTC,1581784040782,2020-02-15T16:27:20.782Z,buy,9.2e-07,189.0,0.00017388
DNT/BTC,1581784041024,2020-02-15T16:27:21.024Z,buy,9.2e-07,190.0,0.0001748
DNT/BTC,1581784155226,2020-02-15T16:29:15.226Z,sell,9.1e-07,2046.0,0.00186186
DNT/BTC,1581784171765,2020-02-15T16:29:31.765Z,sell,9.1e-07,60000.0,0.0545999999999999
DNT/BTC,1581784181258,2020-02-15T16:29:41.258Z,sell,9.1e-07,5154.0,0.00469014
DNT/BTC,1581784183364,2020-02-15T16:29:43.364Z,buy,9.1e-07,84.0,7.643999999999999e-05
DNT/BTC,1581784199124,2020-02-15T16:29:59.124Z,buy,9.2e-07,193167.0,0.17771364
DNT/BTC,1581784199145,2020-02-15T16:29:59.145Z,sell,9.2e-07,10756.0,0.00989552
DNT/BTC,1581784199146,2020-02-15T16:29:59.146Z,sell,9.2e-07,388.0,0.0003569599999999
DNT/BTC,1581784199175,2020-02-15T16:29:59.175Z,sell,9.2e-07,1100.0,0.0010119999999999
DNT/BTC,1581784199176,2020-02-15T16:29:59.176Z,sell,9.2e-07,7722.0,0.0071042399999999
DNT/BTC,1581784208187,2020-02-15T16:30:08.187Z,sell,9.2e-07,2359.0,0.00217028
DNT/BTC,1581784208418,2020-02-15T16:30:08.418Z,sell,9.2e-07,335.0,0.0003082
DNT/BTC,1581784213446,2020-02-15T16:30:13.446Z,sell,9.2e-07,7342.0,0.00675464
DNT/BTC,1581784242001,2020-02-15T16:30:42.001Z,sell,9.2e-07,32353.0,0.0297647599999999
DNT/BTC,1581784258622,2020-02-15T16:30:58.622Z,sell,9.2e-07,1179.0,0.00108468
DNT/BTC,1581784259341,2020-02-15T16:30:59.341Z,sell,9.2e-07,3996.0,0.00367632
DNT/BTC,1581784293572,2020-02-15T16:31:33.572Z,sell,9.2e-07,1294.0,0.00119048
DNT/BTC,1581784301303,2020-02-15T16:31:41.303Z,sell,9.2e-07,167507.0,0.1541064399999999
DNT/BTC,1581784339080,2020-02-15T16:32:19.080Z,sell,9.1e-07,73844.0,0.06719804
DNT/BTC,1581784339080,2020-02-15T16:32:19.080Z,sell,9.1e-07,4128.0,0.00375648
DNT/BTC,1581784339080,2020-02-15T16:32:19.080Z,sell,9e-07,180317.0,0.1622853
DNT/BTC,1581784342810,2020-02-15T16:32:22.810Z,buy,9.1e-07,1179.0,0.00107289
DNT/BTC,1581784342816,2020-02-15T16:32:22.816Z,buy,9.1e-07,103.0,9.373e-05
DNT/BTC,1581784344391,2020-02-15T16:32:24.391Z,sell,9.1e-07,1278.0,0.0011629799999999
DNT/BTC,1581784347224,2020-02-15T16:32:27.224Z,sell,9.1e-07,1439.0,0.00130949
DNT/BTC,1581784348549,2020-02-15T16:32:28.549Z,sell,9.1e-07,1278.0,0.0011629799999999
DNT/BTC,1581784348747,2020-02-15T16:32:28.747Z,sell,9.1e-07,1334.0,0.00121394
DNT/BTC,1581784351784,2020-02-15T16:32:31.784Z,buy,9.2e-07,2165.0,0.0019918
DNT/BTC,1581784352875,2020-02-15T16:32:32.875Z,sell,9.1e-07,1456.0,0.00132496
DNT/BTC,1581784353422,2020-02-15T16:32:33.422Z,buy,9.2e-07,4831.0,0.0044445199999999
DNT/BTC,1581784358464,2020-02-15T16:32:38.464Z,sell,9.1e-07,21914.0,0.01994174
DNT/BTC,1581784358472,2020-02-15T16:32:38.472Z,buy,9.1e-07,6838.0,0.00622258
DNT/BTC,1581784359206,2020-02-15T16:32:39.206Z,sell,9.1e-07,1675.0,0.00152425
DNT/BTC,1581784367098,2020-02-15T16:32:47.098Z,buy,9.1e-07,394.0,0.0003585399999999
DNT/BTC,1581784451398,2020-02-15T16:34:11.398Z,buy,9.1e-07,1100.0,0.001001
DNT/BTC,1581784531528,2020-02-15T16:35:31.528Z,sell,9e-07,11004.0,0.0099036
DNT/BTC,1581784577822,2020-02-15T16:36:17.822Z,sell,9e-07,699.0,0.0006291
DNT/BTC,1581784621517,2020-02-15T16:37:01.517Z,sell,9e-07,54673.0,0.0492057
DNT/BTC,1581784693454,2020-02-15T16:38:13.454Z,sell,9e-07,11796.0,0.0106164
DNT/BTC,1581784765456,2020-02-15T16:39:25.456Z,sell,9e-07,40987.0,0.0368883
DNT/BTC,1581784774830,2020-02-15T16:39:34.830Z,sell,9e-07,41106.0,0.0369954
DNT/BTC,1581784786858,2020-02-15T16:39:46.858Z,sell,9e-07,8372.0,0.0075347999999999
DNT/BTC,1581784799009,2020-02-15T16:39:59.009Z,sell,9e-07,531.0,0.0004778999999999
DNT/BTC,1581784833615,2020-02-15T16:40:33.615Z,sell,9e-07,8931.0,0.0080378999999999
DNT/BTC,1581784836489,2020-02-15T16:40:36.489Z,sell,9e-07,112202.0,0.1009818
DNT/BTC,1581784959578,2020-02-15T16:42:39.578Z,sell,9e-07,3505.0,0.0031544999999999
DNT/BTC,1581785043268,2020-02-15T16:44:03.268Z,sell,9e-07,100468.0,0.0904212
DNT/BTC,1581785056832,2020-02-15T16:44:16.832Z,sell,9e-07,120.0,0.000108
DNT/BTC,1581785074544,2020-02-15T16:44:34.544Z,sell,9e-07,1680.0,0.0015119999999999
DNT/BTC,1581785074550,2020-02-15T16:44:34.550Z,sell,9e-07,5209.0,0.0046881
DNT/BTC,1581785074579,2020-02-15T16:44:34.579Z,sell,9e-07,1680.0,0.0015119999999999
DNT/BTC,1581785074587,2020-02-15T16:44:34.587Z,sell,9e-07,521.0,0.0004688999999999
DNT/BTC,1581785074614,2020-02-15T16:44:34.614Z,sell,9e-07,1680.0,0.0015119999999999
DNT/BTC,1581785074654,2020-02-15T16:44:34.654Z,sell,9e-07,6007.0,0.0054063
DNT/BTC,1581785076104,2020-02-15T16:44:36.104Z,sell,9e-07,6023.0,0.0054207
DNT/BTC,1581785076118,2020-02-15T16:44:36.118Z,sell,9e-07,1680.0,0.0015119999999999
DNT/BTC,1581785076169,2020-02-15T16:44:36.169Z,sell,9e-07,2206.0,0.0019854
DNT/BTC,1581785077031,2020-02-15T16:44:37.031Z,sell,9e-07,202.0,0.0001818
DNT/BTC,1581785077031,2020-02-15T16:44:37.031Z,sell,8.9e-07,7680.0,0.0068352
DNT/BTC,1581785077031,2020-02-15T16:44:37.031Z,sell,8.9e-07,14196.0,0.0126344399999999
DNT/BTC,1581785077519,2020-02-15T16:44:37.519Z,sell,9e-07,1680.0,0.0015119999999999
DNT/BTC,1581785077780,2020-02-15T16:44:37.780Z,sell,9e-07,5127.0,0.0046143
DNT/BTC,1581785113450,2020-02-15T16:45:13.450Z,sell,8.9e-07,229655.0,0.20439295
DNT/BTC,1581785125243,2020-02-15T16:45:25.243Z,buy,9e-07,445.0,0.0004005
DNT/BTC,1581785152210,2020-02-15T16:45:52.210Z,buy,9e-07,6989.0,0.0062901
DNT/BTC,1581785243389,2020-02-15T16:47:23.389Z,buy,9e-07,3886.0,0.0034974
DNT/BTC,1581785316971,2020-02-15T16:48:36.971Z,buy,9e-07,69346.0,0.0624114
DNT/BTC,1581785352254,2020-02-15T16:49:12.254Z,sell,9e-07,10993.0,0.0098937
DNT/BTC,1581785352266,2020-02-15T16:49:12.266Z,sell,9e-07,82398.0,0.0741582
DNT/BTC,1581785393827,2020-02-15T16:49:53.827Z,sell,9e-07,7374.0,0.0066365999999999
DNT/BTC,1581785393827,2020-02-15T16:49:53.827Z,sell,8.9e-07,3989.0,0.00355021
DNT/BTC,1581785580186,2020-02-15T16:53:00.186Z,buy,9e-07,24766.0,0.0222893999999999
DNT/BTC,1581785606063,2020-02-15T16:53:26.063Z,sell,9e-07,1196.0,0.0010764
DNT/BTC,1581785628354,2020-02-15T16:53:48.354Z,buy,9e-07,1316.0,0.0011844
DNT/BTC,1581785657965,2020-02-15T16:54:17.965Z,buy,9e-07,8832.0,0.0079487999999999
DNT/BTC,1581785662377,2020-02-15T16:54:22.377Z,sell,9e-07,6032.0,0.0054288
DNT/BTC,1581785681515,2020-02-15T16:54:41.515Z,buy,9.1e-07,222176.0,0.20218016
DNT/BTC,1581785681515,2020-02-15T16:54:41.515Z,buy,9.2e-07,19053.0,0.01752876
DNT/BTC,1581785701488,2020-02-15T16:55:01.488Z,buy,9.1e-07,4396.0,0.00400036
DNT/BTC,1581785701557,2020-02-15T16:55:01.557Z,buy,9.1e-07,1319.0,0.00120029
DNT/BTC,1581785727167,2020-02-15T16:55:27.167Z,buy,9.1e-07,1200.0,0.0010919999999999
DNT/BTC,1581785768564,2020-02-15T16:56:08.564Z,buy,9.1e-07,60677.0,0.05521607
DNT/BTC,1581785824174,2020-02-15T16:57:04.174Z,buy,9.2e-07,1630.0,0.0014996
DNT/BTC,1581785836862,2020-02-15T16:57:16.862Z,buy,9.2e-07,11664.0,0.01073088
DNT/BTC,1581785843154,2020-02-15T16:57:23.154Z,sell,9.1e-07,81227.0,0.07391657
DNT/BTC,1581785843154,2020-02-15T16:57:23.154Z,sell,9.1e-07,81227.0,0.07391657
DNT/BTC,1581786135073,2020-02-15T17:02:15.073Z,sell,9e-07,1859.0,0.0016730999999999
DNT/BTC,1581786135073,2020-02-15T17:02:15.073Z,sell,8.9e-07,49166.0,0.0437577399999999
DNT/BTC,1581786138967,2020-02-15T17:02:18.967Z,sell,9e-07,1287.0,0.0011583
DNT/BTC,1581786142848,2020-02-15T17:02:22.848Z,sell,9e-07,1425.0,0.0012825
DNT/BTC,1581786143634,2020-02-15T17:02:23.634Z,sell,9e-07,1272.0,0.0011447999999999
DNT/BTC,1581786148427,2020-02-15T17:02:28.427Z,sell,9e-07,1373.0,0.0012357
DNT/BTC,1581786158662,2020-02-15T17:02:38.662Z,sell,8.9e-07,81580.0,0.0726062
DNT/BTC,1581786166768,2020-02-15T17:02:46.768Z,buy,9e-07,1415.0,0.0012735
DNT/BTC,1581786222603,2020-02-15T17:03:42.603Z,buy,9e-07,600.0,0.00054
DNT/BTC,1581786306315,2020-02-15T17:05:06.315Z,buy,9e-07,110.0,9.9e-05
DNT/BTC,1581786307858,2020-02-15T17:05:07.858Z,buy,9e-07,110.0,9.9e-05
DNT/BTC,1581786313667,2020-02-15T17:05:13.667Z,buy,9e-07,110.0,9.9e-05
DNT/BTC,1581786316867,2020-02-15T17:05:16.867Z,buy,9e-07,110.0,9.9e-05
DNT/BTC,1581786322351,2020-02-15T17:05:22.351Z,buy,9e-07,112.0,0.0001008
DNT/BTC,1581786326047,2020-02-15T17:05:26.047Z,buy,9e-07,112.0,0.0001008
DNT/BTC,1581786330978,2020-02-15T17:05:30.978Z,buy,9e-07,112.0,0.0001008
DNT/BTC,1581786333394,2020-02-15T17:05:33.394Z,buy,9e-07,112.0,0.0001008
DNT/BTC,1581786335813,2020-02-15T17:05:35.813Z,sell,8.9e-07,111170.0,0.0989413
DNT/BTC,1581786336317,2020-02-15T17:05:36.317Z,buy,9e-07,112.0,0.0001008
DNT/BTC,1581786338222,2020-02-15T17:05:38.222Z,buy,9e-07,112.0,0.0001008
DNT/BTC,1581786343332,2020-02-15T17:05:43.332Z,buy,9e-07,112.0,0.0001008
DNT/BTC,1581786346294,2020-02-15T17:05:46.294Z,buy,9e-07,112.0,0.0001008
DNT/BTC,1581786351008,2020-02-15T17:05:51.008Z,buy,9e-07,112.0,0.0001008
DNT/BTC,1581786395208,2020-02-15T17:06:35.208Z,buy,9e-07,59978.0,0.0539802
DNT/BTC,1581786413156,2020-02-15T17:06:53.156Z,buy,9e-07,112.0,0.0001008
DNT/BTC,1581786457351,2020-02-15T17:07:37.351Z,sell,8.9e-07,19583.0,0.01742887
DNT/BTC,1581786485417,2020-02-15T17:08:05.417Z,buy,9e-07,2386.0,0.0021474
DNT/BTC,1581786502129,2020-02-15T17:08:22.129Z,buy,9e-07,53112.0,0.0478008
DNT/BTC,1581786502185,2020-02-15T17:08:22.185Z,buy,9e-07,3681.0,0.0033128999999999
DNT/BTC,1581786523337,2020-02-15T17:08:43.337Z,buy,9.1e-07,51762.0,0.04710342
DNT/BTC,1581786523404,2020-02-15T17:08:43.404Z,sell,9.1e-07,3196.0,0.00290836
DNT/BTC,1581786593676,2020-02-15T17:09:53.676Z,sell,9e-07,134.0,0.0001205999999999
DNT/BTC,1581786675127,2020-02-15T17:11:15.127Z,sell,9e-07,40141.0,0.0361268999999999
DNT/BTC,1581786683427,2020-02-15T17:11:23.427Z,buy,9e-07,175076.0,0.1575684
DNT/BTC,1581786688495,2020-02-15T17:11:28.495Z,buy,9e-07,1200.0,0.00108
DNT/BTC,1581786742413,2020-02-15T17:12:22.413Z,sell,8.9e-07,51025.0,0.0454122499999999
DNT/BTC,1581786758662,2020-02-15T17:12:38.662Z,sell,8.9e-07,119.0,0.00010591
DNT/BTC,1581786817122,2020-02-15T17:13:37.122Z,buy,9e-07,3192.0,0.0028728
DNT/BTC,1581786835266,2020-02-15T17:13:55.266Z,sell,9e-07,540.0,0.000486
DNT/BTC,1581786835266,2020-02-15T17:13:55.266Z,sell,8.9e-07,107986.0,0.0961075399999999
DNT/BTC,1581787105486,2020-02-15T17:18:25.486Z,buy,9e-07,2476.0,0.0022283999999999
DNT/BTC,1581787105495,2020-02-15T17:18:25.495Z,buy,9e-07,1304.0,0.0011736
DNT/BTC,1581787139727,2020-02-15T17:18:59.727Z,buy,9e-07,584.0,0.0005256
DNT/BTC,1581787258427,2020-02-15T17:20:58.427Z,buy,9e-07,380.0,0.0003419999999999
DNT/BTC,1581787261576,2020-02-15T17:21:01.576Z,sell,8.9e-07,638823.0,0.56855247
DNT/BTC,1581787261591,2020-02-15T17:21:01.591Z,buy,8.9e-07,171862.0,0.15295718
DNT/BTC,1581787261653,2020-02-15T17:21:01.653Z,sell,8.9e-07,11836.0,0.01053404
DNT/BTC,1581787261669,2020-02-15T17:21:01.669Z,buy,8.9e-07,2948.0,0.00262372
DNT/BTC,1581787261672,2020-02-15T17:21:01.672Z,buy,8.9e-07,1720.0,0.0015308
DNT/BTC,1581787261694,2020-02-15T17:21:01.694Z,buy,8.9e-07,2589.0,0.0023042099999999
DNT/BTC,1581787261756,2020-02-15T17:21:01.756Z,buy,8.9e-07,1028.0,0.00091492
DNT/BTC,1581787262081,2020-02-15T17:21:02.081Z,buy,8.9e-07,287.0,0.0002554299999999
DNT/BTC,1581787264508,2020-02-15T17:21:04.508Z,buy,8.9e-07,120662.0,0.10738918
DNT/BTC,1581787265636,2020-02-15T17:21:05.636Z,sell,8.8e-07,93978.0,0.08270064
DNT/BTC,1581787265636,2020-02-15T17:21:05.636Z,sell,8.8e-07,39162.0,0.03446256
DNT/BTC,1581787268152,2020-02-15T17:21:08.152Z,sell,8.9e-07,118.0,0.00010502
DNT/BTC,1581787320145,2020-02-15T17:22:00.145Z,sell,8.9e-07,1915.0,0.0017043499999999
DNT/BTC,1581787330860,2020-02-15T17:22:10.860Z,sell,8.9e-07,9670.0,0.0086062999999999
DNT/BTC,1581787477608,2020-02-15T17:24:37.608Z,buy,8.9e-07,447.0,0.0003978299999999
DNT/BTC,1581787556416,2020-02-15T17:25:56.416Z,buy,8.9e-07,325.0,0.00028925
DNT/BTC,1581787568052,2020-02-15T17:26:08.052Z,buy,8.9e-07,113.0,0.00010057
DNT/BTC,1581787593461,2020-02-15T17:26:33.461Z,buy,8.9e-07,11988.0,0.01066932
DNT/BTC,1581787595422,2020-02-15T17:26:35.422Z,sell,8.9e-07,19597.0,0.0174413299999999
DNT/BTC,1581787597462,2020-02-15T17:26:37.462Z,buy,9e-07,823.0,0.0007407
DNT/BTC,1581787604709,2020-02-15T17:26:44.709Z,sell,8.9e-07,1007.0,0.0008962299999999
DNT/BTC,1581787754409,2020-02-15T17:29:14.409Z,buy,9e-07,14269.0,0.0128420999999999
DNT/BTC,1581788018349,2020-02-15T17:33:38.349Z,sell,8.9e-07,192.0,0.00017088
DNT/BTC,1581788034796,2020-02-15T17:33:54.796Z,sell,8.9e-07,1369.0,0.0012184099999999
DNT/BTC,1581788141843,2020-02-15T17:35:41.843Z,buy,9e-07,105978.0,0.0953802
DNT/BTC,1581788146136,2020-02-15T17:35:46.136Z,buy,9e-07,48722.0,0.0438498
DNT/BTC,1581788146152,2020-02-15T17:35:46.152Z,sell,9e-07,1881.0,0.0016929
DNT/BTC,1581788146158,2020-02-15T17:35:46.158Z,sell,9e-07,625.0,0.0005625
DNT/BTC,1581788181701,2020-02-15T17:36:21.701Z,buy,9.1e-07,521.0,0.0004741099999999
DNT/BTC,1581788238602,2020-02-15T17:37:18.602Z,sell,9e-07,773.0,0.0006956999999999
DNT/BTC,1581788387320,2020-02-15T17:39:47.320Z,sell,9e-07,105540.0,0.094986
DNT/BTC,1581788450281,2020-02-15T17:40:50.281Z,buy,9e-07,1666.0,0.0014994
DNT/BTC,1581788547030,2020-02-15T17:42:27.030Z,buy,9e-07,36374.0,0.0327366
DNT/BTC,1581788547857,2020-02-15T17:42:27.857Z,sell,9e-07,4227.0,0.0038043
DNT/BTC,1581788572426,2020-02-15T17:42:52.426Z,buy,9.1e-07,596.0,0.00054236
DNT/BTC,1581788572896,2020-02-15T17:42:52.896Z,buy,9.1e-07,659.0,0.0005996899999999
DNT/BTC,1581788572918,2020-02-15T17:42:52.918Z,buy,9.1e-07,707.0,0.00064337
DNT/BTC,1581788572922,2020-02-15T17:42:52.922Z,buy,9.1e-07,202.0,0.0001838199999999
DNT/BTC,1581788573084,2020-02-15T17:42:53.084Z,buy,9.1e-07,707.0,0.00064337
DNT/BTC,1581788573208,2020-02-15T17:42:53.208Z,buy,9.1e-07,465.0,0.00042315
DNT/BTC,1581788573241,2020-02-15T17:42:53.241Z,buy,9.1e-07,801.0,0.0007289099999999
DNT/BTC,1581788573343,2020-02-15T17:42:53.343Z,buy,9.1e-07,405.0,0.00036855
DNT/BTC,1581788573651,2020-02-15T17:42:53.651Z,buy,9.1e-07,202.0,0.0001838199999999
DNT/BTC,1581788686270,2020-02-15T17:44:46.270Z,buy,9e-07,82715.0,0.0744435
DNT/BTC,1581788774565,2020-02-15T17:46:14.565Z,sell,9e-07,6158.0,0.0055422
DNT/BTC,1581788808378,2020-02-15T17:46:48.378Z,sell,9e-07,5505.0,0.0049545
DNT/BTC,1581788848593,2020-02-15T17:47:28.593Z,buy,9.1e-07,13628.0,0.01240148
DNT/BTC,1581788954411,2020-02-15T17:49:14.411Z,buy,9.1e-07,6885.0,0.0062653499999999
DNT/BTC,1581788982497,2020-02-15T17:49:42.497Z,sell,9e-07,5262.0,0.0047358
DNT/BTC,1581788996462,2020-02-15T17:49:56.462Z,buy,9.1e-07,86168.0,0.07841288
DNT/BTC,1581789014616,2020-02-15T17:50:14.616Z,buy,9.1e-07,1002.0,0.0009118199999999
DNT/BTC,1581789072116,2020-02-15T17:51:12.116Z,buy,9.1e-07,13791.0,0.01254981
DNT/BTC,1581789201983,2020-02-15T17:53:21.983Z,buy,9.1e-07,28123.0,0.02559193
DNT/BTC,1581789301435,2020-02-15T17:55:01.435Z,sell,9e-07,7000.0,0.0063
DNT/BTC,1581789374875,2020-02-15T17:56:14.875Z,buy,9.1e-07,116107.0,0.10565737
DNT/BTC,1581789374875,2020-02-15T17:56:14.875Z,buy,9.2e-07,26923.0,0.02476916
DNT/BTC,1581789384749,2020-02-15T17:56:24.749Z,buy,9.1e-07,6890.0,0.0062699
DNT/BTC,1581789384759,2020-02-15T17:56:24.759Z,sell,9.1e-07,1332.0,0.00121212
DNT/BTC,1581789384759,2020-02-15T17:56:24.759Z,sell,9.1e-07,9522.0,0.0086650199999999
DNT/BTC,1581789384766,2020-02-15T17:56:24.766Z,sell,9.1e-07,7779.0,0.00707889
DNT/BTC,1581789386803,2020-02-15T17:56:26.803Z,buy,9.1e-07,1197.0,0.00108927
DNT/BTC,1581789386803,2020-02-15T17:56:26.803Z,buy,9.1e-07,1197.0,0.00108927
DNT/BTC,1581789467944,2020-02-15T17:57:47.944Z,buy,9.1e-07,131.0,0.0001192099999999
DNT/BTC,1581789503026,2020-02-15T17:58:23.026Z,buy,9.1e-07,220.0,0.0002002
DNT/BTC,1581789822281,2020-02-15T18:03:42.281Z,buy,9.1e-07,29000.0,0.02639
DNT/BTC,1581789851172,2020-02-15T18:04:11.172Z,buy,9.1e-07,127.0,0.0001155699999999
DNT/BTC,1581789851172,2020-02-15T18:04:11.172Z,buy,9.2e-07,4.0,3.68e-06
DNT/BTC,1581789887810,2020-02-15T18:04:47.810Z,buy,9.2e-07,27842.0,0.02561464
DNT/BTC,1581789956921,2020-02-15T18:05:56.921Z,sell,9.1e-07,282.0,0.00025662
DNT/BTC,1581790014824,2020-02-15T18:06:54.824Z,sell,9e-07,63924.0,0.0575315999999999
DNT/BTC,1581790043236,2020-02-15T18:07:23.236Z,sell,9e-07,3459.0,0.0031130999999999
DNT/BTC,1581790047306,2020-02-15T18:07:27.306Z,sell,9e-07,3474.0,0.0031265999999999
DNT/BTC,1581790049688,2020-02-15T18:07:29.688Z,buy,9.1e-07,121.0,0.00011011
DNT/BTC,1581790050773,2020-02-15T18:07:30.773Z,sell,9e-07,3510.0,0.003159
DNT/BTC,1581790053742,2020-02-15T18:07:33.742Z,buy,9.1e-07,21979.0,0.02000089
DNT/BTC,1581790054268,2020-02-15T18:07:34.268Z,sell,9e-07,3477.0,0.0031293
DNT/BTC,1581790057776,2020-02-15T18:07:37.776Z,sell,9e-07,3465.0,0.0031184999999999
DNT/BTC,1581790064639,2020-02-15T18:07:44.639Z,buy,9.1e-07,2512.0,0.00228592
DNT/BTC,1581790066801,2020-02-15T18:07:46.801Z,buy,9.1e-07,1929.0,0.00175539
DNT/BTC,1581790068985,2020-02-15T18:07:48.985Z,buy,9.2e-07,5101.0,0.00469292
DNT/BTC,1581790070962,2020-02-15T18:07:50.962Z,buy,9.2e-07,5105.0,0.0046965999999999
DNT/BTC,1581790072931,2020-02-15T18:07:52.931Z,buy,9.2e-07,8555.0,0.0078706
DNT/BTC,1581790075826,2020-02-15T18:07:55.826Z,buy,9.2e-07,8534.0,0.00785128
DNT/BTC,1581790077730,2020-02-15T18:07:57.730Z,buy,9.2e-07,8551.0,0.00786692
DNT/BTC,1581790080586,2020-02-15T18:08:00.586Z,buy,9.2e-07,12008.0,0.0110473599999999
DNT/BTC,1581790084121,2020-02-15T18:08:04.121Z,buy,9.2e-07,12018.0,0.01105656
DNT/BTC,1581790086736,2020-02-15T18:08:06.736Z,buy,9.2e-07,2468.0,0.00227056
DNT/BTC,1581790089781,2020-02-15T18:08:09.781Z,sell,9e-07,26478.0,0.0238302
DNT/BTC,1581790092816,2020-02-15T18:08:12.816Z,sell,9e-07,38487.0,0.0346383
DNT/BTC,1581790095180,2020-02-15T18:08:15.180Z,sell,9e-07,50522.0,0.0454698
DNT/BTC,1581790098848,2020-02-15T18:08:18.848Z,sell,9e-07,1853.0,0.0016676999999999
DNT/BTC,1581790103292,2020-02-15T18:08:23.292Z,buy,9.2e-07,10155.0,0.0093426
DNT/BTC,1581790106827,2020-02-15T18:08:26.827Z,buy,9.2e-07,60663.0,0.05580996
DNT/BTC,1581790109848,2020-02-15T18:08:29.848Z,buy,9.2e-07,60654.0,0.05580168
DNT/BTC,1581790113655,2020-02-15T18:08:33.655Z,buy,9.2e-07,50500.0,0.04646
DNT/BTC,1581790116945,2020-02-15T18:08:36.945Z,sell,9e-07,8416.0,0.0075743999999999
DNT/BTC,1581790119301,2020-02-15T18:08:39.301Z,sell,9e-07,69094.0,0.0621846
DNT/BTC,1581790122867,2020-02-15T18:08:42.867Z,sell,9e-07,11799.0,0.0106191
DNT/BTC,1581790125459,2020-02-15T18:08:45.459Z,sell,8.9e-07,110341.0,0.0982034899999999
DNT/BTC,1581790131176,2020-02-15T18:08:51.176Z,buy,9.1e-07,665.0,0.0006051499999999
DNT/BTC,1581790135021,2020-02-15T18:08:55.021Z,buy,9.2e-07,78213.0,0.07195596
DNT/BTC,1581790164946,2020-02-15T18:09:24.946Z,buy,9.1e-07,8152.0,0.00741832
DNT/BTC,1581790193222,2020-02-15T18:09:53.222Z,sell,9e-07,507.0,0.0004563
DNT/BTC,1581790199713,2020-02-15T18:09:59.713Z,sell,9e-07,3770.0,0.0033929999999999
DNT/BTC,1581790268180,2020-02-15T18:11:08.180Z,sell,8.9e-07,1886.0,0.0016785399999999
DNT/BTC,1581790368196,2020-02-15T18:12:48.196Z,buy,9.1e-07,121.0,0.00011011
DNT/BTC,1581790379087,2020-02-15T18:12:59.087Z,buy,9.1e-07,1200.0,0.0010919999999999
DNT/BTC,1581790386719,2020-02-15T18:13:06.719Z,sell,9e-07,385.0,0.0003464999999999
DNT/BTC,1581790388654,2020-02-15T18:13:08.654Z,buy,9.1e-07,15000.0,0.0136499999999999
DNT/BTC,1581790429979,2020-02-15T18:13:49.979Z,sell,9e-07,213.0,0.0001917
DNT/BTC,1581790433981,2020-02-15T18:13:53.981Z,buy,9.1e-07,121.0,0.00011011
DNT/BTC,1581790435764,2020-02-15T18:13:55.764Z,sell,9e-07,8521.0,0.0076688999999999
DNT/BTC,1581790438375,2020-02-15T18:13:58.375Z,buy,9.1e-07,121.0,0.00011011
DNT/BTC,1581790602492,2020-02-15T18:16:42.492Z,sell,9e-07,300363.0,0.2703267
DNT/BTC,1581790721585,2020-02-15T18:18:41.585Z,sell,9e-07,4640.0,0.004176
DNT/BTC,1581790748809,2020-02-15T18:19:08.809Z,sell,9e-07,183456.0,0.1651104
DNT/BTC,1581790748809,2020-02-15T18:19:08.809Z,sell,8.9e-07,422599.0,0.37611311
DNT/BTC,1581790748828,2020-02-15T18:19:08.828Z,buy,8.9e-07,1179.0,0.00104931
DNT/BTC,1581790748830,2020-02-15T18:19:08.830Z,buy,8.9e-07,32304.0,0.0287505599999999
DNT/BTC,1581790748831,2020-02-15T18:19:08.831Z,buy,8.9e-07,2046.0,0.0018209399999999
DNT/BTC,1581790748831,2020-02-15T18:19:08.831Z,buy,8.9e-07,1685.0,0.00149965
DNT/BTC,1581790751968,2020-02-15T18:19:11.968Z,sell,8.8e-07,14749.0,0.01297912
DNT/BTC,1581790751968,2020-02-15T18:19:11.968Z,sell,8.8e-07,1713.0,0.00150744
DNT/BTC,1581790798737,2020-02-15T18:19:58.737Z,buy,9e-07,2339.0,0.0021051
DNT/BTC,1581790808876,2020-02-15T18:20:08.876Z,sell,8.8e-07,6484.0,0.00570592
DNT/BTC,1581790846834,2020-02-15T18:20:46.834Z,sell,8.9e-07,2048.0,0.00182272
DNT/BTC,1581790949391,2020-02-15T18:22:29.391Z,sell,8.9e-07,16181.0,0.0144010899999999
DNT/BTC,1581791099106,2020-02-15T18:24:59.106Z,buy,9e-07,14881.0,0.0133929
DNT/BTC,1581791107222,2020-02-15T18:25:07.222Z,buy,9e-07,592.0,0.0005327999999999
DNT/BTC,1581791126114,2020-02-15T18:25:26.114Z,buy,9e-07,162.0,0.0001458
DNT/BTC,1581791239038,2020-02-15T18:27:19.038Z,sell,8.9e-07,252741.0,0.22493949
DNT/BTC,1581791602785,2020-02-15T18:33:22.785Z,sell,8.9e-07,87462.0,0.07784118
DNT/BTC,1581791658051,2020-02-15T18:34:18.051Z,sell,8.9e-07,6796.0,0.0060484399999999
DNT/BTC,1581791873093,2020-02-15T18:37:53.093Z,sell,8.9e-07,733.0,0.00065237
DNT/BTC,1581792354021,2020-02-15T18:45:54.021Z,sell,8.9e-07,1220.0,0.0010858
DNT/BTC,1581792354021,2020-02-15T18:45:54.021Z,sell,8.9e-07,1220.0,0.0010858
DNT/BTC,1581793233580,2020-02-15T19:00:33.580Z,sell,8.9e-07,348488.0,0.31015432
DNT/BTC,1581793269730,2020-02-15T19:01:09.730Z,buy,9e-07,159606.0,0.1436454
DNT/BTC,1581793269730,2020-02-15T19:01:09.730Z,buy,9.1e-07,380305.0,0.34607755
DNT/BTC,1581793269939,2020-02-15T19:01:09.939Z,sell,9e-07,1179.0,0.0010611
DNT/BTC,1581793274050,2020-02-15T19:01:14.050Z,buy,9.1e-07,4491.0,0.00408681
DNT/BTC,1581793277104,2020-02-15T19:01:17.104Z,buy,9.1e-07,6795.0,0.00618345
DNT/BTC,1581793277104,2020-02-15T19:01:17.104Z,buy,9.2e-07,369182.0,0.3396474399999999
DNT/BTC,1581793277133,2020-02-15T19:01:17.133Z,sell,9.1e-07,1179.0,0.00107289
DNT/BTC,1581793277137,2020-02-15T19:01:17.137Z,sell,9.1e-07,2230.0,0.0020293
DNT/BTC,1581793277272,2020-02-15T19:01:17.272Z,sell,9.1e-07,2817.0,0.00256347
DNT/BTC,1581793277349,2020-02-15T19:01:17.349Z,sell,9.1e-07,774.0,0.00070434
DNT/BTC,1581793280082,2020-02-15T19:01:20.082Z,sell,9.1e-07,6682.0,0.00608062
DNT/BTC,1581793280927,2020-02-15T19:01:20.927Z,buy,9.1e-07,4678.0,0.00425698
DNT/BTC,1581793280927,2020-02-15T19:01:20.927Z,buy,9.2e-07,2322.0,0.0021362399999999
DNT/BTC,1581793284525,2020-02-15T19:01:24.525Z,buy,9.2e-07,167355.0,0.1539666
DNT/BTC,1581793285895,2020-02-15T19:01:25.895Z,buy,9.2e-07,4281.0,0.00393852
DNT/BTC,1581793307867,2020-02-15T19:01:47.867Z,buy,9.3e-07,675091.0,0.62783463
DNT/BTC,1581793307867,2020-02-15T19:01:47.867Z,buy,9.4e-07,738016.0,0.69373504
DNT/BTC,1581793307867,2020-02-15T19:01:47.867Z,buy,9.5e-07,263954.0,0.2507563
DNT/BTC,1581793309214,2020-02-15T19:01:49.214Z,sell,9.3e-07,6572.0,0.00611196
DNT/BTC,1581793310032,2020-02-15T19:01:50.032Z,buy,9.3e-07,354.0,0.00032922
DNT/BTC,1581793311327,2020-02-15T19:01:51.327Z,buy,9.3e-07,1076.0,0.0010006799999999
DNT/BTC,1581793312934,2020-02-15T19:01:52.934Z,buy,9.3e-07,17048.0,0.01585464
DNT/BTC,1581793312950,2020-02-15T19:01:52.950Z,sell,9.3e-07,1706.0,0.00158658
DNT/BTC,1581793315702,2020-02-15T19:01:55.702Z,sell,9.3e-07,1060.0,0.0009858
DNT/BTC,1581793317217,2020-02-15T19:01:57.217Z,sell,9.3e-07,3301.0,0.00306993
DNT/BTC,1581793318765,2020-02-15T19:01:58.765Z,buy,9.4e-07,1311.0,0.00123234
DNT/BTC,1581793318789,2020-02-15T19:01:58.789Z,sell,9.4e-07,350.0,0.000329
DNT/BTC,1581793318805,2020-02-15T19:01:58.805Z,sell,9.4e-07,350.0,0.000329
DNT/BTC,1581793318810,2020-02-15T19:01:58.810Z,sell,9.4e-07,350.0,0.000329
DNT/BTC,1581793318845,2020-02-15T19:01:58.845Z,sell,9.4e-07,1552.0,0.00145888
DNT/BTC,1581793319285,2020-02-15T19:01:59.285Z,sell,9.4e-07,1057.0,0.00099358
DNT/BTC,1581793319974,2020-02-15T19:01:59.974Z,sell,9.4e-07,1060.0,0.0009964
DNT/BTC,1581793320581,2020-02-15T19:02:00.581Z,sell,9.4e-07,8152.0,0.00766288
DNT/BTC,1581793320886,2020-02-15T19:02:00.886Z,sell,9.4e-07,113.0,0.00010622
DNT/BTC,1581793321003,2020-02-15T19:02:01.003Z,buy,9.5e-07,13885.0,0.01319075
DNT/BTC,1581793327403,2020-02-15T19:02:07.403Z,buy,9.5e-07,1169.0,0.00111055
DNT/BTC,1581793338500,2020-02-15T19:02:18.500Z,buy,9.5e-07,198404.0,0.1884838
DNT/BTC,1581793338500,2020-02-15T19:02:18.500Z,buy,9.6e-07,224555.0,0.2155727999999999
DNT/BTC,1581793338543,2020-02-15T19:02:18.543Z,sell,9.5e-07,290.0,0.0002755
DNT/BTC,1581793338570,2020-02-15T19:02:18.570Z,sell,9.5e-07,290.0,0.0002755
DNT/BTC,1581793338578,2020-02-15T19:02:18.578Z,sell,9.5e-07,889.0,0.00084455
DNT/BTC,1581793338578,2020-02-15T19:02:18.578Z,sell,9.5e-07,1070.0,0.0010165
DNT/BTC,1581793338583,2020-02-15T19:02:18.583Z,sell,9.5e-07,1227.0,0.00116565
DNT/BTC,1581793341059,2020-02-15T19:02:21.059Z,buy,9.5e-07,422.0,0.0004009
DNT/BTC,1581793341065,2020-02-15T19:02:21.065Z,sell,9.5e-07,31768.0,0.0301796
DNT/BTC,1581793342411,2020-02-15T19:02:22.411Z,buy,9.5e-07,1053.0,0.00100035
DNT/BTC,1581793343059,2020-02-15T19:02:23.059Z,buy,9.5e-07,107.0,0.00010165
DNT/BTC,1581793345971,2020-02-15T19:02:25.971Z,buy,9.5e-07,32418.0,0.0307971
DNT/BTC,1581793345992,2020-02-15T19:02:25.992Z,sell,9.5e-07,3235.0,0.00307325
DNT/BTC,1581793346183,2020-02-15T19:02:26.183Z,sell,9.5e-07,1179.0,0.00112005
DNT/BTC,1581793348183,2020-02-15T19:02:28.183Z,sell,9.5e-07,592.0,0.0005624
DNT/BTC,1581793349608,2020-02-15T19:02:29.608Z,sell,9.5e-07,1497.0,0.00142215
DNT/BTC,1581793349608,2020-02-15T19:02:29.608Z,sell,9.4e-07,872.0,0.00081968
DNT/BTC,1581793350604,2020-02-15T19:02:30.604Z,sell,9.5e-07,4422.0,0.0042009
DNT/BTC,1581793350604,2020-02-15T19:02:30.604Z,sell,9.4e-07,135578.0,0.12744332
DNT/BTC,1581793354181,2020-02-15T19:02:34.181Z,sell,9.5e-07,214.0,0.0002033
DNT/BTC,1581793358618,2020-02-15T19:02:38.618Z,sell,9.5e-07,825.0,0.00078375
DNT/BTC,1581793359171,2020-02-15T19:02:39.171Z,sell,9.5e-07,36832.0,0.0349904
DNT/BTC,1581793363241,2020-02-15T19:02:43.241Z,buy,9.6e-07,1042.0,0.0010003199999999
DNT/BTC,1581793367827,2020-02-15T19:02:47.827Z,sell,9.5e-07,521.0,0.00049495
DNT/BTC,1581793368517,2020-02-15T19:02:48.517Z,sell,9.5e-07,19000.0,0.01805
DNT/BTC,1581793369292,2020-02-15T19:02:49.292Z,buy,9.6e-07,732.0,0.0007027199999999
DNT/BTC,1581793370719,2020-02-15T19:02:50.719Z,sell,9.5e-07,3264.0,0.0031008
DNT/BTC,1581793373199,2020-02-15T19:02:53.199Z,buy,9.6e-07,59247.0,0.0568771199999999
DNT/BTC,1581793373806,2020-02-15T19:02:53.806Z,buy,9.6e-07,7549.0,0.00724704
DNT/BTC,1581793373806,2020-02-15T19:02:53.806Z,buy,9.7e-07,915416.0,0.88795352
DNT/BTC,1581793373806,2020-02-15T19:02:53.806Z,buy,9.8e-07,759124.0,0.7439415199999999
DNT/BTC,1581793373806,2020-02-15T19:02:53.806Z,buy,9.9e-07,1617297.0,1.60112403
DNT/BTC,1581793373861,2020-02-15T19:02:53.861Z,sell,9.6e-07,3500.0,0.0033599999999999
DNT/BTC,1581793373868,2020-02-15T19:02:53.868Z,sell,9.6e-07,2367.0,0.00227232
DNT/BTC,1581793373869,2020-02-15T19:02:53.869Z,sell,9.6e-07,1680.0,0.0016128
DNT/BTC,1581793373873,2020-02-15T19:02:53.873Z,sell,9.6e-07,1680.0,0.0016128
DNT/BTC,1581793374684,2020-02-15T19:02:54.684Z,sell,9.7e-07,3453.0,0.00334941
DNT/BTC,1581793375146,2020-02-15T19:02:55.146Z,buy,9.8e-07,14194.0,0.01391012
DNT/BTC,1581793375456,2020-02-15T19:02:55.456Z,buy,9.8e-07,38315.0,0.0375487
DNT/BTC,1581793375456,2020-02-15T19:02:55.456Z,buy,9.9e-07,1978354.0,1.95857046
DNT/BTC,1581793375519,2020-02-15T19:02:55.519Z,sell,9.8e-07,12193.0,0.0119491399999999
DNT/BTC,1581793375921,2020-02-15T19:02:55.921Z,sell,9.7e-07,1732.0,0.00168004
DNT/BTC,1581793375921,2020-02-15T19:02:55.921Z,sell,9.7e-07,16322.0,0.01583234
DNT/BTC,1581793375948,2020-02-15T19:02:55.948Z,buy,9.8e-07,7897.0,0.00773906
DNT/BTC,1581793375948,2020-02-15T19:02:55.948Z,buy,9.9e-07,126101.0,0.12483999
DNT/BTC,1581793376008,2020-02-15T19:02:56.008Z,sell,9.7e-07,2323.0,0.00225331
DNT/BTC,1581793376045,2020-02-15T19:02:56.045Z,sell,9.8e-07,11961.0,0.01172178
DNT/BTC,1581793376239,2020-02-15T19:02:56.239Z,sell,9.7e-07,1732.0,0.00168004
DNT/BTC,1581793376653,2020-02-15T19:02:56.653Z,sell,9.7e-07,74698.0,0.07245706
DNT/BTC,1581793377419,2020-02-15T19:02:57.419Z,buy,9.8e-07,7775.0,0.0076194999999999
DNT/BTC,1581793377593,2020-02-15T19:02:57.593Z,sell,9.8e-07,10683.0,0.0104693399999999
DNT/BTC,1581793377750,2020-02-15T19:02:57.750Z,buy,9.9e-07,571060.0,0.5653494
DNT/BTC,1581793378003,2020-02-15T19:02:58.003Z,buy,9.9e-07,425143.0,0.42089157
DNT/BTC,1581793378030,2020-02-15T19:02:58.030Z,sell,9.9e-07,76650.0,0.0758835
DNT/BTC,1581793378182,2020-02-15T19:02:58.182Z,sell,9.9e-07,2057.0,0.00203643
DNT/BTC,1581793378184,2020-02-15T19:02:58.184Z,sell,9.9e-07,2790.0,0.0027621
DNT/BTC,1581793379097,2020-02-15T19:02:59.097Z,buy,1e-06,55123.0,0.055123
DNT/BTC,1581793379490,2020-02-15T19:02:59.490Z,buy,1e-06,98000.0,0.0979999999999999
DNT/BTC,1581793379557,2020-02-15T19:02:59.557Z,sell,9.9e-07,1144.0,0.00113256
DNT/BTC,1581793379562,2020-02-15T19:02:59.562Z,sell,9.9e-07,1732.0,0.00171468
DNT/BTC,1581793379628,2020-02-15T19:02:59.628Z,buy,1e-06,199650.0,0.19965
DNT/BTC,1581793379649,2020-02-15T19:02:59.649Z,sell,9.9e-07,55959.0,0.05539941
DNT/BTC,1581793380017,2020-02-15T19:03:00.017Z,buy,1e-06,99825.0,0.099825
DNT/BTC,1581793380038,2020-02-15T19:03:00.038Z,sell,9.9e-07,1313.0,0.00129987
DNT/BTC,1581793380143,2020-02-15T19:03:00.143Z,buy,1e-06,1000.0,0.001
DNT/BTC,1581793380164,2020-02-15T19:03:00.164Z,buy,1e-06,69877.0,0.069877
DNT/BTC,1581793380268,2020-02-15T19:03:00.268Z,buy,1e-06,178116.0,0.178116
DNT/BTC,1581793380331,2020-02-15T19:03:00.331Z,sell,9.9e-07,112.0,0.00011088
DNT/BTC,1581793380496,2020-02-15T19:03:00.496Z,buy,1e-06,13601.0,0.013601
DNT/BTC,1581793380690,2020-02-15T19:03:00.690Z,buy,1e-06,55123.0,0.055123
DNT/BTC,1581793381714,2020-02-15T19:03:01.714Z,buy,1e-06,249562.0,0.2495619999999999
DNT/BTC,1581793382243,2020-02-15T19:03:02.243Z,buy,1e-06,147237.0,0.147237
DNT/BTC,1581793382259,2020-02-15T19:03:02.259Z,sell,1e-06,11148.0,0.011148
DNT/BTC,1581793382265,2020-02-15T19:03:02.265Z,sell,1e-06,1680.0,0.0016799999999999
DNT/BTC,1581793382265,2020-02-15T19:03:02.265Z,sell,1e-06,18677.0,0.018677
DNT/BTC,1581793382725,2020-02-15T19:03:02.725Z,buy,1.01e-06,142726.0,0.14415326
DNT/BTC,1581793383173,2020-02-15T19:03:03.173Z,sell,1e-06,974.0,0.0009739999999999
DNT/BTC,1581793383176,2020-02-15T19:03:03.176Z,sell,1e-06,925.0,0.0009249999999999
DNT/BTC,1581793383357,2020-02-15T19:03:03.357Z,buy,1.01e-06,57059.0,0.05762959
DNT/BTC,1581793383389,2020-02-15T19:03:03.389Z,sell,1.01e-06,1179.0,0.00119079
DNT/BTC,1581793383417,2020-02-15T19:03:03.417Z,sell,1.01e-06,2903.0,0.00293203
DNT/BTC,1581793383444,2020-02-15T19:03:03.444Z,sell,1.01e-06,1179.0,0.00119079
DNT/BTC,1581793383522,2020-02-15T19:03:03.522Z,buy,1.02e-06,3226.0,0.00329052
DNT/BTC,1581793383570,2020-02-15T19:03:03.570Z,sell,1.01e-06,324.0,0.00032724
DNT/BTC,1581793383595,2020-02-15T19:03:03.595Z,sell,1.01e-06,1213.0,0.00122513
DNT/BTC,1581793384067,2020-02-15T19:03:04.067Z,buy,1.02e-06,14095.0,0.0143769
DNT/BTC,1581793384257,2020-02-15T19:03:04.257Z,sell,1.01e-06,243.0,0.00024543
DNT/BTC,1581793384341,2020-02-15T19:03:04.341Z,buy,1.02e-06,155794.0,0.15890988
DNT/BTC,1581793384356,2020-02-15T19:03:04.356Z,sell,1.01e-06,2296.0,0.00231896
DNT/BTC,1581793384577,2020-02-15T19:03:04.577Z,sell,1.01e-06,1052.0,0.00106252
DNT/BTC,1581793384841,2020-02-15T19:03:04.841Z,buy,1.02e-06,98000.0,0.09996
DNT/BTC,1581793384899,2020-02-15T19:03:04.899Z,buy,1.02e-06,40000.0,0.0407999999999999
DNT/BTC,1581793384920,2020-02-15T19:03:04.920Z,buy,1.02e-06,777166.0,0.7927093199999999
DNT/BTC,1581793384920,2020-02-15T19:03:04.920Z,buy,1.03e-06,1158785.0,1.19354855
DNT/BTC,1581793384934,2020-02-15T19:03:04.934Z,sell,1.03e-06,191815.0,0.19756945
DNT/BTC,1581793384985,2020-02-15T19:03:04.985Z,sell,1.03e-06,2510.0,0.0025853
DNT/BTC,1581793385387,2020-02-15T19:03:05.387Z,sell,1.03e-06,1373.0,0.00141419
DNT/BTC,1581793385974,2020-02-15T19:03:05.974Z,buy,1.04e-06,95985.0,0.0998244
DNT/BTC,1581793386156,2020-02-15T19:03:06.156Z,sell,1.03e-06,1144.0,0.00117832
DNT/BTC,1581793386749,2020-02-15T19:03:06.749Z,sell,1.03e-06,11652.0,0.01200156
DNT/BTC,1581793387432,2020-02-15T19:03:07.432Z,sell,1.03e-06,1144.0,0.00117832
DNT/BTC,1581793387625,2020-02-15T19:03:07.625Z,sell,1.03e-06,2451.0,0.00252453
DNT/BTC,1581793388420,2020-02-15T19:03:08.420Z,buy,1.04e-06,4616.0,0.00480064
DNT/BTC,1581793388763,2020-02-15T19:03:08.763Z,sell,1.03e-06,69877.0,0.07197331
DNT/BTC,1581793389041,2020-02-15T19:03:09.041Z,buy,1.04e-06,705.0,0.0007332
DNT/BTC,1581793389095,2020-02-15T19:03:09.095Z,buy,1.04e-06,98000.0,0.10192
DNT/BTC,1581793390196,2020-02-15T19:03:10.196Z,buy,1.04e-06,105592.0,0.10981568
DNT/BTC,1581793390764,2020-02-15T19:03:10.764Z,sell,1.03e-06,2071.0,0.00213313
DNT/BTC,1581793391527,2020-02-15T19:03:11.527Z,buy,1.04e-06,25625.0,0.02665
DNT/BTC,1581793391620,2020-02-15T19:03:11.620Z,buy,1.04e-06,89478.0,0.09305712
DNT/BTC,1581793391928,2020-02-15T19:03:11.928Z,buy,1.04e-06,40724.0,0.04235296
DNT/BTC,1581793392103,2020-02-15T19:03:12.103Z,sell,1.03e-06,2207.0,0.00227321
DNT/BTC,1581793392381,2020-02-15T19:03:12.381Z,buy,1.04e-06,311598.0,0.32406192
DNT/BTC,1581793393509,2020-02-15T19:03:13.509Z,sell,1.03e-06,55305.0,0.05696415
DNT/BTC,1581793394127,2020-02-15T19:03:14.127Z,buy,1.04e-06,157486.0,0.16378544
DNT/BTC,1581793394166,2020-02-15T19:03:14.166Z,sell,1.04e-06,1200.0,0.001248
DNT/BTC,1581793394198,2020-02-15T19:03:14.198Z,sell,1.04e-06,399.0,0.00041496
DNT/BTC,1581793394481,2020-02-15T19:03:14.481Z,buy,1.05e-06,694749.0,0.7294864499999999
DNT/BTC,1581793394951,2020-02-15T19:03:14.951Z,sell,1.04e-06,569.0,0.00059176
DNT/BTC,1581793395357,2020-02-15T19:03:15.357Z,buy,1.05e-06,47758.0,0.0501458999999999
DNT/BTC,1581793395643,2020-02-15T19:03:15.643Z,buy,1.05e-06,47535.0,0.04991175
DNT/BTC,1581793395861,2020-02-15T19:03:15.861Z,buy,1.05e-06,416.0,0.0004367999999999
DNT/BTC,1581793396042,2020-02-15T19:03:16.042Z,sell,1.04e-06,2451.0,0.00254904
DNT/BTC,1581793396489,2020-02-15T19:03:16.489Z,sell,1.04e-06,4121.0,0.00428584
DNT/BTC,1581793397271,2020-02-15T19:03:17.271Z,buy,1.05e-06,148590.0,0.1560194999999999
DNT/BTC,1581793397677,2020-02-15T19:03:17.677Z,sell,1.04e-06,3646.0,0.00379184
DNT/BTC,1581793397686,2020-02-15T19:03:17.686Z,buy,1.05e-06,381.0,0.0004000499999999
DNT/BTC,1581793397902,2020-02-15T19:03:17.902Z,buy,1.05e-06,58191.0,0.06110055
DNT/BTC,1581793398069,2020-02-15T19:03:18.069Z,sell,1.04e-06,2264.0,0.00235456
DNT/BTC,1581793398663,2020-02-15T19:03:18.663Z,buy,1.05e-06,55123.0,0.05787915
DNT/BTC,1581793398999,2020-02-15T19:03:18.999Z,buy,1.05e-06,9524.0,0.0100001999999999
DNT/BTC,1581793399002,2020-02-15T19:03:19.002Z,sell,1.04e-06,1367.0,0.00142168
DNT/BTC,1581793399053,2020-02-15T19:03:19.053Z,sell,1.04e-06,314.0,0.00032656
DNT/BTC,1581793399248,2020-02-15T19:03:19.248Z,sell,1.04e-06,1718.0,0.0017867199999999
DNT/BTC,1581793399257,2020-02-15T19:03:19.257Z,sell,1.04e-06,568.0,0.00059072
DNT/BTC,1581793399308,2020-02-15T19:03:19.308Z,sell,1.04e-06,927.0,0.00096408
DNT/BTC,1581793399330,2020-02-15T19:03:19.330Z,sell,1.04e-06,1649.0,0.00171496
DNT/BTC,1581793399471,2020-02-15T19:03:19.471Z,sell,1.04e-06,694.0,0.00072176
DNT/BTC,1581793399580,2020-02-15T19:03:19.580Z,sell,1.04e-06,5684.0,0.00591136
DNT/BTC,1581793399674,2020-02-15T19:03:19.674Z,sell,1.04e-06,872.0,0.00090688
DNT/BTC,1581793399688,2020-02-15T19:03:19.688Z,sell,1.04e-06,3325.0,0.003458
DNT/BTC,1581793399787,2020-02-15T19:03:19.787Z,sell,1.04e-06,312.0,0.00032448
DNT/BTC,1581793399863,2020-02-15T19:03:19.863Z,sell,1.04e-06,423639.0,0.44058456
DNT/BTC,1581793399877,2020-02-15T19:03:19.877Z,sell,1.03e-06,1854.0,0.00190962
DNT/BTC,1581793399877,2020-02-15T19:03:19.877Z,sell,1.03e-06,16320.0,0.0168096
DNT/BTC,1581793399877,2020-02-15T19:03:19.877Z,sell,1.03e-06,24036.0,0.02475708
DNT/BTC,1581793400086,2020-02-15T19:03:20.086Z,buy,1.04e-06,10577.0,0.01100008
DNT/BTC,1581793400690,2020-02-15T19:03:20.690Z,buy,1.04e-06,133279.0,0.13861016
DNT/BTC,1581793400761,2020-02-15T19:03:20.761Z,sell,1.03e-06,110246.0,0.11355338
DNT/BTC,1581793401049,2020-02-15T19:03:21.049Z,buy,1.04e-06,1429.0,0.00148616
DNT/BTC,1581793401242,2020-02-15T19:03:21.242Z,sell,1.03e-06,199650.0,0.2056395
DNT/BTC,1581793401535,2020-02-15T19:03:21.535Z,buy,1.04e-06,953.0,0.00099112
DNT/BTC,1581793402041,2020-02-15T19:03:22.041Z,sell,1.03e-06,431.0,0.00044393
DNT/BTC,1581793402050,2020-02-15T19:03:22.050Z,sell,1.03e-06,1053.0,0.00108459
DNT/BTC,1581793402051,2020-02-15T19:03:22.051Z,sell,1.03e-06,1674.0,0.00172422
DNT/BTC,1581793402053,2020-02-15T19:03:22.053Z,sell,1.03e-06,389.0,0.00040067
DNT/BTC,1581793402054,2020-02-15T19:03:22.054Z,sell,1.03e-06,213.0,0.00021939
DNT/BTC,1581793402055,2020-02-15T19:03:22.055Z,sell,1.03e-06,445.0,0.00045835
DNT/BTC,1581793402066,2020-02-15T19:03:22.066Z,sell,1.03e-06,422.0,0.00043466
DNT/BTC,1581793402075,2020-02-15T19:03:22.075Z,sell,1.03e-06,21957.0,0.02261571
DNT/BTC,1581793402077,2020-02-15T19:03:22.077Z,sell,1.03e-06,209.0,0.00021527
DNT/BTC,1581793402080,2020-02-15T19:03:22.080Z,sell,1.03e-06,7653.0,0.00788259
DNT/BTC,1581793402088,2020-02-15T19:03:22.088Z,sell,1.03e-06,431.0,0.00044393
DNT/BTC,1581793402100,2020-02-15T19:03:22.100Z,sell,1.03e-06,4391.0,0.00452273
DNT/BTC,1581793402107,2020-02-15T19:03:22.107Z,sell,1.03e-06,217.0,0.00022351
DNT/BTC,1581793402138,2020-02-15T19:03:22.138Z,sell,1.03e-06,44708.0,0.04604924
DNT/BTC,1581793402147,2020-02-15T19:03:22.147Z,buy,1.03e-06,1200.0,0.001236
DNT/BTC,1581793402152,2020-02-15T19:03:22.152Z,buy,1.03e-06,1456.0,0.00149968
DNT/BTC,1581793402165,2020-02-15T19:03:22.165Z,buy,1.03e-06,1200.0,0.001236
DNT/BTC,1581793402266,2020-02-15T19:03:22.266Z,sell,1.02e-06,5320.0,0.0054264
DNT/BTC,1581793402266,2020-02-15T19:03:22.266Z,sell,1.02e-06,6746.0,0.00688092
DNT/BTC,1581793402281,2020-02-15T19:03:22.281Z,sell,1.02e-06,5778.0,0.00589356
DNT/BTC,1581793402281,2020-02-15T19:03:22.281Z,sell,1.01e-06,7095.0,0.00716595
DNT/BTC,1581793402714,2020-02-15T19:03:22.714Z,sell,1.02e-06,329.0,0.00033558
DNT/BTC,1581793402727,2020-02-15T19:03:22.727Z,sell,1.02e-06,2084.0,0.00212568
DNT/BTC,1581793402768,2020-02-15T19:03:22.768Z,sell,1.02e-06,9069.0,0.0092503799999999
DNT/BTC,1581793403155,2020-02-15T19:03:23.155Z,buy,1.03e-06,220951.0,0.22757953
DNT/BTC,1581793403181,2020-02-15T19:03:23.181Z,buy,1.03e-06,31416.0,0.03235848
DNT/BTC,1581793403202,2020-02-15T19:03:23.202Z,sell,1.02e-06,292.0,0.00029784
DNT/BTC,1581793403444,2020-02-15T19:03:23.444Z,buy,1.03e-06,971.0,0.00100013
DNT/BTC,1581793403684,2020-02-15T19:03:23.684Z,sell,1.02e-06,14907.0,0.0152051399999999
DNT/BTC,1581793404752,2020-02-15T19:03:24.752Z,buy,1.03e-06,180000.0,0.1854
DNT/BTC,1581793404969,2020-02-15T19:03:24.969Z,buy,1.03e-06,4855.0,0.00500065
DNT/BTC,1581793405099,2020-02-15T19:03:25.099Z,sell,1.02e-06,9887.0,0.01008474
DNT/BTC,1581793405332,2020-02-15T19:03:25.332Z,sell,1.02e-06,2495.0,0.0025449
DNT/BTC,1581793405400,2020-02-15T19:03:25.400Z,buy,1.03e-06,22726.0,0.02340778
DNT/BTC,1581793405400,2020-02-15T19:03:25.400Z,buy,1.04e-06,43879.0,0.04563416
DNT/BTC,1581793405626,2020-02-15T19:03:25.626Z,buy,1.04e-06,498336.0,0.51826944
DNT/BTC,1581793406196,2020-02-15T19:03:26.196Z,sell,1.03e-06,99.0,0.00010197
DNT/BTC,1581793406196,2020-02-15T19:03:26.196Z,sell,1.02e-06,812.0,0.0008282399999999
DNT/BTC,1581793406853,2020-02-15T19:03:26.853Z,sell,1.03e-06,289.0,0.00029767
DNT/BTC,1581793407085,2020-02-15T19:03:27.085Z,sell,1.03e-06,816.0,0.00084048
DNT/BTC,1581793407793,2020-02-15T19:03:27.793Z,buy,1.04e-06,57383.0,0.05967832
DNT/BTC,1581793408425,2020-02-15T19:03:28.425Z,sell,1.03e-06,2451.0,0.00252453
DNT/BTC,1581793408531,2020-02-15T19:03:28.531Z,sell,1.03e-06,9382.0,0.00966346
DNT/BTC,1581793408611,2020-02-15T19:03:28.611Z,buy,1.04e-06,145082.0,0.15088528
DNT/BTC,1581793409096,2020-02-15T19:03:29.096Z,sell,1.03e-06,12275.0,0.01264325
DNT/BTC,1581793409170,2020-02-15T19:03:29.170Z,sell,1.02e-06,812.0,0.0008282399999999
DNT/BTC,1581793409170,2020-02-15T19:03:29.170Z,sell,1.02e-06,2273.0,0.00231846
DNT/BTC,1581793409506,2020-02-15T19:03:29.506Z,buy,1.03e-06,73958.0,0.07617674
DNT/BTC,1581793409888,2020-02-15T19:03:29.888Z,buy,1.03e-06,196680.0,0.2025804
DNT/BTC,1581793410049,2020-02-15T19:03:30.049Z,buy,1.03e-06,14064.0,0.01448592
DNT/BTC,1581793410232,2020-02-15T19:03:30.232Z,sell,1.02e-06,499.0,0.00050898
DNT/BTC,1581793410777,2020-02-15T19:03:30.777Z,sell,1.02e-06,2212.0,0.00225624
DNT/BTC,1581793411370,2020-02-15T19:03:31.370Z,buy,1.03e-06,98000.0,0.10094
DNT/BTC,1581793411488,2020-02-15T19:03:31.488Z,buy,1.03e-06,103794.0,0.10690782
DNT/BTC,1581793411838,2020-02-15T19:03:31.838Z,buy,1.03e-06,32781.0,0.03376443
DNT/BTC,1581793411985,2020-02-15T19:03:31.985Z,buy,1.03e-06,55123.0,0.05677669
DNT/BTC,1581793412206,2020-02-15T19:03:32.206Z,sell,1.02e-06,2398.0,0.00244596
DNT/BTC,1581793412261,2020-02-15T19:03:32.261Z,buy,1.03e-06,368.0,0.00037904
DNT/BTC,1581793412501,2020-02-15T19:03:32.501Z,buy,1.03e-06,1316395.0,1.35588685
DNT/BTC,1581793412501,2020-02-15T19:03:32.501Z,buy,1.04e-06,384457.0,0.39983528
DNT/BTC,1581793412501,2020-02-15T19:03:32.501Z,buy,1.05e-06,1886598.0,1.9809279
DNT/BTC,1581793413144,2020-02-15T19:03:33.144Z,buy,1.05e-06,3380.0,0.0035489999999999
DNT/BTC,1581793413318,2020-02-15T19:03:33.318Z,sell,1.04e-06,1772.0,0.00184288
DNT/BTC,1581793413329,2020-02-15T19:03:33.329Z,sell,1.04e-06,309.0,0.0003213599999999
DNT/BTC,1581793413366,2020-02-15T19:03:33.366Z,sell,1.04e-06,21208.0,0.02205632
DNT/BTC,1581793413366,2020-02-15T19:03:33.366Z,sell,1.03e-06,28922.0,0.02978966
DNT/BTC,1581793413392,2020-02-15T19:03:33.392Z,buy,1.04e-06,22727.0,0.02363608
DNT/BTC,1581793414100,2020-02-15T19:03:34.100Z,buy,1.04e-06,3522.0,0.00366288
DNT/BTC,1581793414170,2020-02-15T19:03:34.170Z,sell,1.04e-06,2806.0,0.00291824
DNT/BTC,1581793414185,2020-02-15T19:03:34.185Z,sell,1.04e-06,2673.0,0.00277992
DNT/BTC,1581793414540,2020-02-15T19:03:34.540Z,buy,1.05e-06,95071.0,0.0998245499999999
DNT/BTC,1581793414556,2020-02-15T19:03:34.556Z,buy,1.05e-06,176543.0,0.1853701499999999
DNT/BTC,1581793414928,2020-02-15T19:03:34.928Z,sell,1.04e-06,2400.0,0.002496
DNT/BTC,1581793415035,2020-02-15T19:03:35.035Z,buy,1.05e-06,366811.0,0.3851515499999999
DNT/BTC,1581793415049,2020-02-15T19:03:35.049Z,sell,1.05e-06,122558.0,0.1286859
DNT/BTC,1581793415056,2020-02-15T19:03:35.056Z,sell,1.05e-06,1978.0,0.0020769
DNT/BTC,1581793415091,2020-02-15T19:03:35.091Z,sell,1.05e-06,3586.0,0.0037652999999999
DNT/BTC,1581793415140,2020-02-15T19:03:35.140Z,buy,1.06e-06,93294.0,0.09889164
DNT/BTC,1581793415245,2020-02-15T19:03:35.245Z,sell,1.05e-06,7537.0,0.00791385
DNT/BTC,1581793415337,2020-02-15T19:03:35.337Z,buy,1.06e-06,137891.0,0.14616446
DNT/BTC,1581793415393,2020-02-15T19:03:35.393Z,sell,1.06e-06,825.0,0.0008745
DNT/BTC,1581793415578,2020-02-15T19:03:35.578Z,sell,1.06e-06,10599.0,0.01123494
DNT/BTC,1581793415753,2020-02-15T19:03:35.753Z,buy,1.07e-06,96687.0,0.1034550899999999
DNT/BTC,1581793416072,2020-02-15T19:03:36.072Z,sell,1.06e-06,2451.0,0.00259806
DNT/BTC,1581793416218,2020-02-15T19:03:36.218Z,buy,1.07e-06,374.0,0.00040018
DNT/BTC,1581793416219,2020-02-15T19:03:36.219Z,buy,1.07e-06,187.0,0.00020009
DNT/BTC,1581793416226,2020-02-15T19:03:36.226Z,buy,1.07e-06,187.0,0.00020009
DNT/BTC,1581793416251,2020-02-15T19:03:36.251Z,buy,1.07e-06,4673.0,0.0050001099999999
DNT/BTC,1581793416291,2020-02-15T19:03:36.291Z,sell,1.06e-06,2196.0,0.00232776
DNT/BTC,1581793416577,2020-02-15T19:03:36.577Z,sell,1.06e-06,1731.0,0.00183486
DNT/BTC,1581793416733,2020-02-15T19:03:36.733Z,sell,1.06e-06,10683.0,0.01132398
DNT/BTC,1581793417360,2020-02-15T19:03:37.360Z,buy,1.07e-06,935.0,0.00100045
DNT/BTC,1581793417481,2020-02-15T19:03:37.481Z,buy,1.07e-06,37009.0,0.03959963
DNT/BTC,1581793417831,2020-02-15T19:03:37.831Z,sell,1.06e-06,588.0,0.00062328
DNT/BTC,1581793417960,2020-02-15T19:03:37.960Z,sell,1.06e-06,1731.0,0.00183486
DNT/BTC,1581793418231,2020-02-15T19:03:38.231Z,buy,1.07e-06,136746.0,0.14631822
DNT/BTC,1581793418590,2020-02-15T19:03:38.590Z,buy,1.07e-06,53237.0,0.0569635899999999
DNT/BTC,1581793419095,2020-02-15T19:03:39.095Z,buy,1.07e-06,13928.0,0.0149029599999999
DNT/BTC,1581793419161,2020-02-15T19:03:39.161Z,buy,1.07e-06,105414.0,0.1127929799999999
DNT/BTC,1581793419161,2020-02-15T19:03:39.161Z,buy,1.08e-06,518540.0,0.5600232
DNT/BTC,1581793419161,2020-02-15T19:03:39.161Z,buy,1.09e-06,538975.0,0.5874827499999999
DNT/BTC,1581793419177,2020-02-15T19:03:39.177Z,sell,1.09e-06,24331.0,0.02652079
DNT/BTC,1581793419183,2020-02-15T19:03:39.183Z,sell,1.09e-06,31934.0,0.0348080599999999
DNT/BTC,1581793419195,2020-02-15T19:03:39.195Z,buy,1.1e-06,2161.0,0.0023771
DNT/BTC,1581793419200,2020-02-15T19:03:39.200Z,buy,1.1e-06,24331.0,0.0267641
DNT/BTC,1581793419419,2020-02-15T19:03:39.419Z,sell,1.09e-06,11401.0,0.01242709
DNT/BTC,1581793419600,2020-02-15T19:03:39.600Z,sell,1.09e-06,78003.0,0.08502327
DNT/BTC,1581793419600,2020-02-15T19:03:39.600Z,sell,1.07e-06,132469.0,0.1417418299999999
DNT/BTC,1581793419600,2020-02-15T19:03:39.600Z,sell,1.06e-06,356428.0,0.37781368
DNT/BTC,1581793419896,2020-02-15T19:03:39.896Z,buy,1.08e-06,1388.0,0.00149904
DNT/BTC,1581793419923,2020-02-15T19:03:39.923Z,buy,1.08e-06,8727.0,0.00942516
DNT/BTC,1581793419923,2020-02-15T19:03:39.923Z,buy,1.09e-06,27964.0,0.03048076
DNT/BTC,1581793419923,2020-02-15T19:03:39.923Z,buy,1.1e-06,460947.0,0.5070417
DNT/BTC,1581793419985,2020-02-15T19:03:39.985Z,sell,1.07e-06,4950.0,0.0052965
DNT/BTC,1581793420116,2020-02-15T19:03:40.116Z,sell,1.08e-06,8653.0,0.00934524
DNT/BTC,1581793420461,2020-02-15T19:03:40.461Z,buy,1.09e-06,4950.0,0.0053955
DNT/BTC,1581793420477,2020-02-15T19:03:40.477Z,sell,1.09e-06,1180.0,0.0012862
DNT/BTC,1581793420482,2020-02-15T19:03:40.482Z,sell,1.09e-06,1180.0,0.0012862
DNT/BTC,1581793420500,2020-02-15T19:03:40.500Z,sell,1.09e-06,413.0,0.0004501699999999
DNT/BTC,1581793420541,2020-02-15T19:03:40.541Z,sell,1.09e-06,19983.0,0.0217814699999999
DNT/BTC,1581793420546,2020-02-15T19:03:40.546Z,sell,1.09e-06,262.0,0.0002855799999999
DNT/BTC,1581793422117,2020-02-15T19:03:42.117Z,buy,1.09e-06,293561.0,0.31998149
DNT/BTC,1581793422117,2020-02-15T19:03:42.117Z,buy,1.1e-06,178137.0,0.1959507
DNT/BTC,1581793422239,2020-02-15T19:03:42.239Z,buy,1.09e-06,26821.0,0.02923489
DNT/BTC,1581793422584,2020-02-15T19:03:42.584Z,buy,1.09e-06,55362.0,0.0603445799999999
DNT/BTC,1581793422643,2020-02-15T19:03:42.643Z,buy,1.09e-06,108139.0,0.11787151
DNT/BTC,1581793422680,2020-02-15T19:03:42.680Z,buy,1.09e-06,4324.0,0.00471316
DNT/BTC,1581793422823,2020-02-15T19:03:42.823Z,buy,1.09e-06,1164.0,0.0012687599999999
DNT/BTC,1581793422823,2020-02-15T19:03:42.823Z,buy,1.1e-06,113065.0,0.1243715
DNT/BTC,1581793423286,2020-02-15T19:03:43.286Z,buy,1.1e-06,19787.0,0.0217657
DNT/BTC,1581793423310,2020-02-15T19:03:43.310Z,sell,1.09e-06,918.0,0.00100062
DNT/BTC,1581793423438,2020-02-15T19:03:43.438Z,sell,1.08e-06,14858.0,0.01604664
DNT/BTC,1581793423438,2020-02-15T19:03:43.438Z,sell,1.08e-06,2111.0,0.00227988
DNT/BTC,1581793423438,2020-02-15T19:03:43.438Z,sell,1.08e-06,3156.0,0.00340848
DNT/BTC,1581793423438,2020-02-15T19:03:43.438Z,sell,1.08e-06,18942.0,0.02045736
DNT/BTC,1581793423438,2020-02-15T19:03:43.438Z,sell,1.08e-06,3004.0,0.00324432
DNT/BTC,1581793424583,2020-02-15T19:03:44.583Z,sell,1.08e-06,132.0,0.00014256
DNT/BTC,1581793424673,2020-02-15T19:03:44.673Z,buy,1.08e-06,1294.0,0.00139752
DNT/BTC,1581793425752,2020-02-15T19:03:45.752Z,buy,1.09e-06,46732.0,0.05093788
DNT/BTC,1581793425887,2020-02-15T19:03:45.887Z,sell,1.08e-06,47535.0,0.0513378
DNT/BTC,1581793425915,2020-02-15T19:03:45.915Z,sell,1.08e-06,47758.0,0.05157864
DNT/BTC,1581793426238,2020-02-15T19:03:46.238Z,buy,1.09e-06,306.0,0.00033354
DNT/BTC,1581793426269,2020-02-15T19:03:46.269Z,sell,1.08e-06,10005.0,0.0108054
DNT/BTC,1581793426288,2020-02-15T19:03:46.288Z,sell,1.08e-06,33225.0,0.035883
DNT/BTC,1581793426288,2020-02-15T19:03:46.288Z,sell,1.07e-06,118032.0,0.12629424
DNT/BTC,1581793426427,2020-02-15T19:03:46.427Z,sell,1.06e-06,3630.0,0.0038478
DNT/BTC,1581793426585,2020-02-15T19:03:46.585Z,buy,1.07e-06,935.0,0.00100045
DNT/BTC,1581793426769,2020-02-15T19:03:46.769Z,buy,1.07e-06,5806.0,0.00621242
DNT/BTC,1581793426769,2020-02-15T19:03:46.769Z,buy,1.09e-06,112494.0,0.12261846
DNT/BTC,1581793426857,2020-02-15T19:03:46.857Z,buy,1.09e-06,90909.0,0.09909081
DNT/BTC,1581793427017,2020-02-15T19:03:47.017Z,buy,1.09e-06,1535066.0,1.67322194
DNT/BTC,1581793427021,2020-02-15T19:03:47.021Z,sell,1.09e-06,4855.0,0.00529195
DNT/BTC,1581793427042,2020-02-15T19:03:47.042Z,sell,1.09e-06,30886.0,0.03366574
DNT/BTC,1581793427067,2020-02-15T19:03:47.067Z,buy,1.1e-06,26825.0,0.0295075
DNT/BTC,1581793427103,2020-02-15T19:03:47.103Z,sell,1.09e-06,1089.0,0.0011870099999999
DNT/BTC,1581793428187,2020-02-15T19:03:48.187Z,sell,1.09e-06,87519.0,0.09539571
DNT/BTC,1581793428448,2020-02-15T19:03:48.448Z,buy,1.1e-06,1214880.0,1.336368
DNT/BTC,1581793428712,2020-02-15T19:03:48.712Z,sell,1.09e-06,354.0,0.0003858599999999
DNT/BTC,1581793428728,2020-02-15T19:03:48.728Z,buy,1.1e-06,150079.0,0.1650869
DNT/BTC,1581793429225,2020-02-15T19:03:49.225Z,sell,1.1e-06,189.0,0.0002079
DNT/BTC,1581793429724,2020-02-15T19:03:49.724Z,sell,1.1e-06,101354.0,0.1114894
DNT/BTC,1581793429724,2020-02-15T19:03:49.724Z,sell,1.09e-06,129762.0,0.1414405799999999
DNT/BTC,1581793429724,2020-02-15T19:03:49.724Z,sell,1.08e-06,32505.0,0.0351054
DNT/BTC,1581793429724,2020-02-15T19:03:49.724Z,sell,1.07e-06,39620.0,0.0423934
DNT/BTC,1581793431004,2020-02-15T19:03:51.004Z,sell,1.07e-06,1255.0,0.0013428499999999
DNT/BTC,1581793431108,2020-02-15T19:03:51.108Z,buy,1.08e-06,3203.0,0.00345924
DNT/BTC,1581793431108,2020-02-15T19:03:51.108Z,buy,1.09e-06,2610.0,0.0028449
DNT/BTC,1581793431108,2020-02-15T19:03:51.108Z,buy,1.1e-06,109173.0,0.1200903
DNT/BTC,1581793431108,2020-02-15T19:03:51.108Z,buy,1.11e-06,43752.0,0.04856472
DNT/BTC,1581793431603,2020-02-15T19:03:51.603Z,sell,1.08e-06,102.0,0.00011016
DNT/BTC,1581793431631,2020-02-15T19:03:51.631Z,sell,1.09e-06,102.0,0.0001111799999999
DNT/BTC,1581793432444,2020-02-15T19:03:52.444Z,buy,1.1e-06,6180.0,0.006798
DNT/BTC,1581793433214,2020-02-15T19:03:53.214Z,sell,1.1e-06,501.0,0.0005511
DNT/BTC,1581793433378,2020-02-15T19:03:53.378Z,sell,1.1e-06,50151.0,0.0551661
DNT/BTC,1581793433378,2020-02-15T19:03:53.378Z,sell,1.09e-06,26122.0,0.02847298
DNT/BTC,1581793433378,2020-02-15T19:03:53.378Z,sell,1.08e-06,27417.0,0.02961036
DNT/BTC,1581793433813,2020-02-15T19:03:53.813Z,buy,1.1e-06,25513.0,0.0280643
DNT/BTC,1581793434271,2020-02-15T19:03:54.271Z,sell,1.1e-06,10000.0,0.011
DNT/BTC,1581793434480,2020-02-15T19:03:54.480Z,buy,1.11e-06,279720.0,0.3104891999999999
DNT/BTC,1581793434550,2020-02-15T19:03:54.550Z,buy,1.11e-06,7927.0,0.00879897
DNT/BTC,1581793435382,2020-02-15T19:03:55.382Z,buy,1.11e-06,37568.0,0.04170048
DNT/BTC,1581793435410,2020-02-15T19:03:55.410Z,buy,1.11e-06,342.0,0.00037962
DNT/BTC,1581793435479,2020-02-15T19:03:55.479Z,sell,1.1e-06,6454.0,0.0070994
DNT/BTC,1581793436073,2020-02-15T19:03:56.073Z,sell,1.1e-06,711.0,0.0007821
DNT/BTC,1581793436950,2020-02-15T19:03:56.950Z,buy,1.11e-06,3896.0,0.00432456
DNT/BTC,1581793437144,2020-02-15T19:03:57.144Z,sell,1.1e-06,268586.0,0.2954446
DNT/BTC,1581793437676,2020-02-15T19:03:57.676Z,buy,1.1e-06,232076.0,0.2552836
DNT/BTC,1581793438358,2020-02-15T19:03:58.358Z,buy,1.1e-06,25872.0,0.0284592
DNT/BTC,1581793438461,2020-02-15T19:03:58.461Z,sell,1.09e-06,354.0,0.0003858599999999
DNT/BTC,1581793438461,2020-02-15T19:03:58.461Z,sell,1.08e-06,688.0,0.00074304
DNT/BTC,1581793438472,2020-02-15T19:03:58.472Z,buy,1.1e-06,1572.0,0.0017292
DNT/BTC,1581793439099,2020-02-15T19:03:59.099Z,sell,1.09e-06,820.0,0.0008937999999999
DNT/BTC,1581793439139,2020-02-15T19:03:59.139Z,buy,1.1e-06,26454.0,0.0290994
DNT/BTC,1581793439766,2020-02-15T19:03:59.766Z,buy,1.1e-06,144.0,0.0001584
DNT/BTC,1581793440208,2020-02-15T19:04:00.208Z,sell,1.09e-06,31937.0,0.03481133
DNT/BTC,1581793440456,2020-02-15T19:04:00.456Z,buy,1.09e-06,16002.0,0.0174421799999999
DNT/BTC,1581793440503,2020-02-15T19:04:00.503Z,sell,1.08e-06,109.0,0.00011772
DNT/BTC,1581793440631,2020-02-15T19:04:00.631Z,buy,1.09e-06,3867.0,0.00421503
DNT/BTC,1581793441180,2020-02-15T19:04:01.180Z,sell,1.08e-06,53237.0,0.05749596
DNT/BTC,1581793441180,2020-02-15T19:04:01.180Z,sell,1.08e-06,3164.0,0.00341712
DNT/BTC,1581793441282,2020-02-15T19:04:01.282Z,sell,1.08e-06,11418.0,0.01233144
DNT/BTC,1581793442374,2020-02-15T19:04:02.374Z,buy,1.09e-06,8611.0,0.00938599
DNT/BTC,1581793444078,2020-02-15T19:04:04.078Z,buy,1.09e-06,222.0,0.0002419799999999
DNT/BTC,1581793444078,2020-02-15T19:04:04.078Z,buy,1.1e-06,126309.0,0.1389399
DNT/BTC,1581793444437,2020-02-15T19:04:04.437Z,sell,1.09e-06,21988.0,0.02396692
DNT/BTC,1581793444679,2020-02-15T19:04:04.679Z,buy,1.09e-06,3978.0,0.0043360199999999
DNT/BTC,1581793444979,2020-02-15T19:04:04.979Z,buy,1.09e-06,6546.0,0.00713514
DNT/BTC,1581793445443,2020-02-15T19:04:05.443Z,buy,1.09e-06,22850.0,0.0249064999999999
DNT/BTC,1581793445443,2020-02-15T19:04:05.443Z,buy,1.1e-06,133253.0,0.1465783
DNT/BTC,1581793446721,2020-02-15T19:04:06.721Z,sell,1.09e-06,5000.0,0.00545
DNT/BTC,1581793446825,2020-02-15T19:04:06.825Z,sell,1.09e-06,4416.0,0.0048134399999999
DNT/BTC,1581793447247,2020-02-15T19:04:07.247Z,buy,1.1e-06,37369.0,0.0411059
DNT/BTC,1581793448321,2020-02-15T19:04:08.321Z,buy,1.1e-06,10807.0,0.0118877
DNT/BTC,1581793448402,2020-02-15T19:04:08.402Z,buy,1.1e-06,44600.0,0.04906
DNT/BTC,1581793448681,2020-02-15T19:04:08.681Z,sell,1.09e-06,500.0,0.000545
DNT/BTC,1581793449235,2020-02-15T19:04:09.235Z,buy,1.1e-06,71957.0,0.0791527
DNT/BTC,1581793449303,2020-02-15T19:04:09.303Z,sell,1.09e-06,26400.0,0.028776
DNT/BTC,1581793449303,2020-02-15T19:04:09.303Z,sell,1.08e-06,154060.0,0.1663848
DNT/BTC,1581793449853,2020-02-15T19:04:09.853Z,buy,1.09e-06,909.0,0.00099081
DNT/BTC,1581793449886,2020-02-15T19:04:09.886Z,buy,1.09e-06,24963.0,0.02720967
DNT/BTC,1581793449886,2020-02-15T19:04:09.886Z,buy,1.1e-06,72293.0,0.0795223
DNT/BTC,1581793450004,2020-02-15T19:04:10.004Z,buy,1.1e-06,20383.0,0.0224213
DNT/BTC,1581793450331,2020-02-15T19:04:10.331Z,buy,1.1e-06,85090.0,0.093599
DNT/BTC,1581793450826,2020-02-15T19:04:10.826Z,buy,1.1e-06,1751.0,0.0019261
DNT/BTC,1581793451084,2020-02-15T19:04:11.084Z,sell,1.1e-06,10000.0,0.011
DNT/BTC,1581793451429,2020-02-15T19:04:11.429Z,sell,1.1e-06,4384.0,0.0048224
DNT/BTC,1581793452302,2020-02-15T19:04:12.302Z,sell,1.1e-06,3229.0,0.0035519
DNT/BTC,1581793454013,2020-02-15T19:04:14.013Z,sell,1.1e-06,10508.0,0.0115588
DNT/BTC,1581793454554,2020-02-15T19:04:14.554Z,sell,1.09e-06,3634.0,0.00396106
DNT/BTC,1581793454554,2020-02-15T19:04:14.554Z,sell,1.08e-06,7433.0,0.00802764
DNT/BTC,1581793454554,2020-02-15T19:04:14.554Z,sell,1.07e-06,27303.0,0.0292142099999999
DNT/BTC,1581793454944,2020-02-15T19:04:14.944Z,buy,1.1e-06,880.0,0.000968
DNT/BTC,1581793455774,2020-02-15T19:04:15.774Z,sell,1.09e-06,354.0,0.0003858599999999
DNT/BTC,1581793457060,2020-02-15T19:04:17.060Z,sell,1.09e-06,189.0,0.00020601
DNT/BTC,1581793457226,2020-02-15T19:04:17.226Z,sell,1.09e-06,34145.0,0.0372180499999999
DNT/BTC,1581793457226,2020-02-15T19:04:17.226Z,sell,1.08e-06,26112.0,0.02820096
DNT/BTC,1581793457226,2020-02-15T19:04:17.226Z,sell,1.07e-06,136226.0,0.14576182
DNT/BTC,1581793457802,2020-02-15T19:04:17.802Z,buy,1.09e-06,26112.0,0.0284620799999999
DNT/BTC,1581793458365,2020-02-15T19:04:18.365Z,sell,1.09e-06,9347.0,0.01018823
DNT/BTC,1581793458397,2020-02-15T19:04:18.397Z,sell,1.09e-06,134618.0,0.1467336199999999
DNT/BTC,1581793458601,2020-02-15T19:04:18.601Z,sell,1.09e-06,38102.0,0.04153118
DNT/BTC,1581793458822,2020-02-15T19:04:18.822Z,buy,1.1e-06,1435.0,0.0015785
DNT/BTC,1581793459484,2020-02-15T19:04:19.484Z,buy,1.1e-06,193725.0,0.2130975
DNT/BTC,1581793460227,2020-02-15T19:04:20.227Z,buy,1.1e-06,64172.0,0.0705892
DNT/BTC,1581793460403,2020-02-15T19:04:20.403Z,sell,1.09e-06,309804.0,0.3376863599999999
DNT/BTC,1581793460868,2020-02-15T19:04:20.868Z,sell,1.08e-06,8275.0,0.008937
DNT/BTC,1581793460868,2020-02-15T19:04:20.868Z,sell,1.07e-06,27403.0,0.0293212099999999
DNT/BTC,1581793461009,2020-02-15T19:04:21.009Z,sell,1.08e-06,186.0,0.00020088
DNT/BTC,1581793461091,2020-02-15T19:04:21.091Z,buy,1.09e-06,272.0,0.00029648
DNT/BTC,1581793461180,2020-02-15T19:04:21.180Z,sell,1.08e-06,187.0,0.00020196
DNT/BTC,1581793461372,2020-02-15T19:04:21.372Z,buy,1.09e-06,24348.0,0.0265393199999999
DNT/BTC,1581793463115,2020-02-15T19:04:23.115Z,sell,1.08e-06,3160.0,0.0034128
DNT/BTC,1581793463141,2020-02-15T19:04:23.141Z,buy,1.09e-06,37145.0,0.04048805
DNT/BTC,1581793463443,2020-02-15T19:04:23.443Z,buy,1.09e-06,28811.0,0.03140399
DNT/BTC,1581793465299,2020-02-15T19:04:25.299Z,buy,1.09e-06,21587.0,0.0235298299999999
DNT/BTC,1581793466981,2020-02-15T19:04:26.981Z,buy,1.09e-06,223.0,0.00024307
DNT/BTC,1581793467449,2020-02-15T19:04:27.449Z,buy,1.09e-06,1311.0,0.00142899
DNT/BTC,1581793468444,2020-02-15T19:04:28.444Z,buy,1.09e-06,82482.0,0.08990538
DNT/BTC,1581793469353,2020-02-15T19:04:29.353Z,buy,1.09e-06,45086.0,0.04914374
DNT/BTC,1581793470497,2020-02-15T19:04:30.497Z,buy,1.1e-06,2238.0,0.0024618
DNT/BTC,1581793471129,2020-02-15T19:04:31.129Z,sell,1.09e-06,10000.0,0.0109
DNT/BTC,1581793471602,2020-02-15T19:04:31.602Z,sell,1.09e-06,2648.0,0.00288632
DNT/BTC,1581793471635,2020-02-15T19:04:31.635Z,buy,1.1e-06,226147.0,0.2487617
DNT/BTC,1581793471716,2020-02-15T19:04:31.716Z,sell,1.09e-06,196000.0,0.21364
DNT/BTC,1581793472528,2020-02-15T19:04:32.528Z,sell,1.09e-06,3752.0,0.00408968
DNT/BTC,1581793472617,2020-02-15T19:04:32.617Z,sell,1.09e-06,6136.0,0.00668824
DNT/BTC,1581793473079,2020-02-15T19:04:33.079Z,sell,1.09e-06,4450.0,0.0048505
DNT/BTC,1581793473079,2020-02-15T19:04:33.079Z,sell,1.08e-06,56208.0,0.06070464
DNT/BTC,1581793473079,2020-02-15T19:04:33.079Z,sell,1.07e-06,81928.0,0.08766296
DNT/BTC,1581793473127,2020-02-15T19:04:33.127Z,sell,1.08e-06,3194.0,0.00344952
DNT/BTC,1581793473265,2020-02-15T19:04:33.265Z,buy,1.09e-06,745.0,0.0008120499999999
DNT/BTC,1581793473633,2020-02-15T19:04:33.633Z,buy,1.09e-06,2449.0,0.0026694099999999
DNT/BTC,1581793474431,2020-02-15T19:04:34.431Z,sell,1.09e-06,10621.0,0.01157689
DNT/BTC,1581793475546,2020-02-15T19:04:35.546Z,sell,1.08e-06,734.0,0.00079272
DNT/BTC,1581793475709,2020-02-15T19:04:35.709Z,sell,1.08e-06,4904.0,0.00529632
DNT/BTC,1581793475709,2020-02-15T19:04:35.709Z,sell,1.07e-06,168116.0,0.1798841199999999
DNT/BTC,1581793475709,2020-02-15T19:04:35.709Z,sell,1.06e-06,26965.0,0.0285829
DNT/BTC,1581793475709,2020-02-15T19:04:35.709Z,sell,1.05e-06,52091.0,0.0546955499999999
DNT/BTC,1581793475709,2020-02-15T19:04:35.709Z,sell,1.05e-06,3063.0,0.0032161499999999
DNT/BTC,1581793475709,2020-02-15T19:04:35.709Z,sell,1.05e-06,12620.0,0.0132509999999999
DNT/BTC,1581793475709,2020-02-15T19:04:35.709Z,sell,1.05e-06,8440.0,0.0088619999999999
DNT/BTC,1581793477079,2020-02-15T19:04:37.079Z,sell,1.07e-06,323.0,0.00034561
DNT/BTC,1581793477079,2020-02-15T19:04:37.079Z,sell,1.06e-06,25276.0,0.02679256
DNT/BTC,1581793477118,2020-02-15T19:04:37.118Z,buy,1.07e-06,1401.0,0.00149907
DNT/BTC,1581793477123,2020-02-15T19:04:37.123Z,buy,1.07e-06,1377.0,0.00147339
DNT/BTC,1581793477130,2020-02-15T19:04:37.130Z,buy,1.07e-06,458.0,0.00049006
DNT/BTC,1581793477151,2020-02-15T19:04:37.151Z,buy,1.07e-06,1377.0,0.00147339
DNT/BTC,1581793477155,2020-02-15T19:04:37.155Z,buy,1.07e-06,458.0,0.00049006
DNT/BTC,1581793477180,2020-02-15T19:04:37.180Z,buy,1.07e-06,458.0,0.00049006
DNT/BTC,1581793477201,2020-02-15T19:04:37.201Z,buy,1.07e-06,458.0,0.00049006
DNT/BTC,1581793477661,2020-02-15T19:04:37.661Z,sell,1.06e-06,1590.0,0.0016854
DNT/BTC,1581793477661,2020-02-15T19:04:37.661Z,sell,1.05e-06,461352.0,0.4844195999999999
DNT/BTC,1581793477661,2020-02-15T19:04:37.661Z,sell,1.04e-06,262665.0,0.2731716
DNT/BTC,1581793477661,2020-02-15T19:04:37.661Z,sell,1.03e-06,191939.0,0.19769717
DNT/BTC,1581793477661,2020-02-15T19:04:37.661Z,sell,1.02e-06,266639.0,0.27197178
DNT/BTC,1581793477661,2020-02-15T19:04:37.661Z,sell,1.01e-06,708927.0,0.71601627
DNT/BTC,1581793477661,2020-02-15T19:04:37.661Z,sell,1e-06,374320.0,0.37432
DNT/BTC,1581793477661,2020-02-15T19:04:37.661Z,sell,9.9e-07,15253.0,0.01510047
DNT/BTC,1581793477661,2020-02-15T19:04:37.661Z,sell,9.9e-07,2531.0,0.00250569
DNT/BTC,1581793477661,2020-02-15T19:04:37.661Z,sell,9.9e-07,1040.0,0.0010296
DNT/BTC,1581793477661,2020-02-15T19:04:37.661Z,sell,9.9e-07,8916.0,0.00882684
DNT/BTC,1581793477661,2020-02-15T19:04:37.661Z,sell,9.9e-07,14059.0,0.01391841
DNT/BTC,1581793477661,2020-02-15T19:04:37.661Z,sell,9.9e-07,2814.0,0.00278586
DNT/BTC,1581793477661,2020-02-15T19:04:37.661Z,sell,9.9e-07,5478.0,0.00542322
DNT/BTC,1581793477661,2020-02-15T19:04:37.661Z,sell,9.9e-07,1124.0,0.00111276
DNT/BTC,1581793477661,2020-02-15T19:04:37.661Z,sell,9.9e-07,5629.0,0.00557271
DNT/BTC,1581793477661,2020-02-15T19:04:37.661Z,sell,9.9e-07,11247.0,0.01113453
DNT/BTC,1581793477661,2020-02-15T19:04:37.661Z,sell,9.9e-07,136.0,0.00013464
DNT/BTC,1581793477661,2020-02-15T19:04:37.661Z,sell,9.9e-07,9011.0,0.00892089
DNT/BTC,1581793477661,2020-02-15T19:04:37.661Z,sell,9.9e-07,23510.0,0.0232749
DNT/BTC,1581793477661,2020-02-15T19:04:37.661Z,sell,1.06e-06,1590.0,0.0016854
DNT/BTC,1581793477661,2020-02-15T19:04:37.661Z,sell,1.05e-06,461352.0,0.4844195999999999
DNT/BTC,1581793477661,2020-02-15T19:04:37.661Z,sell,1.04e-06,262665.0,0.2731716
DNT/BTC,1581793477661,2020-02-15T19:04:37.661Z,sell,1.03e-06,191939.0,0.19769717
DNT/BTC,1581793477661,2020-02-15T19:04:37.661Z,sell,1.02e-06,266639.0,0.27197178
DNT/BTC,1581793477661,2020-02-15T19:04:37.661Z,sell,1.01e-06,708927.0,0.71601627
DNT/BTC,1581793477661,2020-02-15T19:04:37.661Z,sell,1e-06,374320.0,0.37432
DNT/BTC,1581793477661,2020-02-15T19:04:37.661Z,sell,9.9e-07,15253.0,0.01510047
DNT/BTC,1581793477661,2020-02-15T19:04:37.661Z,sell,9.9e-07,2531.0,0.00250569
DNT/BTC,1581793477661,2020-02-15T19:04:37.661Z,sell,9.9e-07,1040.0,0.0010296
DNT/BTC,1581793477661,2020-02-15T19:04:37.661Z,sell,9.9e-07,8916.0,0.00882684
DNT/BTC,1581793477661,2020-02-15T19:04:37.661Z,sell,9.9e-07,14059.0,0.01391841
DNT/BTC,1581793477661,2020-02-15T19:04:37.661Z,sell,9.9e-07,2814.0,0.00278586
DNT/BTC,1581793477661,2020-02-15T19:04:37.661Z,sell,9.9e-07,5478.0,0.00542322
DNT/BTC,1581793477661,2020-02-15T19:04:37.661Z,sell,9.9e-07,1124.0,0.00111276
DNT/BTC,1581793477661,2020-02-15T19:04:37.661Z,sell,9.9e-07,5629.0,0.00557271
DNT/BTC,1581793477661,2020-02-15T19:04:37.661Z,sell,9.9e-07,11247.0,0.01113453
DNT/BTC,1581793477661,2020-02-15T19:04:37.661Z,sell,9.9e-07,136.0,0.00013464
DNT/BTC,1581793477661,2020-02-15T19:04:37.661Z,sell,9.9e-07,9011.0,0.00892089
DNT/BTC,1581793477661,2020-02-15T19:04:37.661Z,sell,9.9e-07,23510.0,0.0232749
DNT/BTC,1581793477661,2020-02-15T19:04:37.661Z,sell,9.9e-07,2661.0,0.00263439
DNT/BTC,1581793477661,2020-02-15T19:04:37.661Z,sell,9.9e-07,11377.0,0.01126323
DNT/BTC,1581793477661,2020-02-15T19:04:37.661Z,sell,9.9e-07,5629.0,0.00557271
DNT/BTC,1581793477661,2020-02-15T19:04:37.661Z,sell,9.9e-07,55980.0,0.0554202
DNT/BTC,1581793477661,2020-02-15T19:04:37.661Z,sell,9.9e-07,716.0,0.00070884
DNT/BTC,1581793477661,2020-02-15T19:04:37.661Z,sell,9.8e-07,829.0,0.0008124199999999
DNT/BTC,1581793477661,2020-02-15T19:04:37.661Z,sell,9.8e-07,1005.0,0.0009849
DNT/BTC,1581793477661,2020-02-15T19:04:37.661Z,sell,9.8e-07,8855.0,0.0086778999999999
DNT/BTC,1581793477661,2020-02-15T19:04:37.661Z,sell,9.8e-07,3772.0,0.0036965599999999
DNT/BTC,1581793477661,2020-02-15T19:04:37.661Z,sell,9.8e-07,18649.0,0.01827602
DNT/BTC,1581793477661,2020-02-15T19:04:37.661Z,sell,9.7e-07,11.0,1.067e-05
DNT/BTC,1581793477661,2020-02-15T19:04:37.661Z,sell,9.7e-07,479.0,0.00046463
DNT/BTC,1581793477661,2020-02-15T19:04:37.661Z,sell,9.7e-07,36380.0,0.0352886
DNT/BTC,1581793477661,2020-02-15T19:04:37.661Z,sell,9.6e-07,1384.0,0.0013286399999999
DNT/BTC,1581793477661,2020-02-15T19:04:37.661Z,sell,9.6e-07,6234.0,0.0059846399999999
DNT/BTC,1581793477661,2020-02-15T19:04:37.661Z,sell,9.6e-07,3140.0,0.0030143999999999
DNT/BTC,1581793477661,2020-02-15T19:04:37.661Z,sell,9.6e-07,1660.0,0.0015936
DNT/BTC,1581793477661,2020-02-15T19:04:37.661Z,sell,9.6e-07,2311.0,0.0022185599999999
DNT/BTC,1581793477661,2020-02-15T19:04:37.661Z,sell,9.6e-07,26188.0,0.0251404799999999
DNT/BTC,1581793477672,2020-02-15T19:04:37.672Z,buy,9.7e-07,3457.0,0.00335329
DNT/BTC,1581793477673,2020-02-15T19:04:37.673Z,buy,9.7e-07,3457.0,0.00335329
DNT/BTC,1581793477673,2020-02-15T19:04:37.673Z,buy,9.7e-07,3457.0,0.00335329
DNT/BTC,1581793477673,2020-02-15T19:04:37.673Z,buy,9.7e-07,3457.0,0.00335329
DNT/BTC,1581793477673,2020-02-15T19:04:37.673Z,buy,9.7e-07,3457.0,0.00335329
DNT/BTC,1581793477673,2020-02-15T19:04:37.673Z,buy,9.7e-07,3457.0,0.00335329
DNT/BTC,1581793477675,2020-02-15T19:04:37.675Z,buy,9.7e-07,3457.0,0.00335329
DNT/BTC,1581793477675,2020-02-15T19:04:37.675Z,buy,9.7e-07,3457.0,0.00335329
DNT/BTC,1581793477675,2020-02-15T19:04:37.675Z,buy,9.7e-07,3457.0,0.00335329
DNT/BTC,1581793477677,2020-02-15T19:04:37.677Z,buy,9.7e-07,3457.0,0.00335329
DNT/BTC,1581793477679,2020-02-15T19:04:37.679Z,buy,9.7e-07,3457.0,0.00335329
DNT/BTC,1581793477679,2020-02-15T19:04:37.679Z,buy,9.7e-07,3457.0,0.00335329
DNT/BTC,1581793477679,2020-02-15T19:04:37.679Z,buy,9.7e-07,27699.0,0.02686803
DNT/BTC,1581793477679,2020-02-15T19:04:37.679Z,buy,9.7e-07,3457.0,0.00335329
DNT/BTC,1581793477680,2020-02-15T19:04:37.680Z,buy,9.7e-07,3457.0,0.00335329
DNT/BTC,1581793477680,2020-02-15T19:04:37.680Z,buy,9.7e-07,3457.0,0.00335329
DNT/BTC,1581793477682,2020-02-15T19:04:37.682Z,buy,9.7e-07,10155.0,0.00985035
DNT/BTC,1581793477682,2020-02-15T19:04:37.682Z,buy,9.7e-07,10155.0,0.00985035
DNT/BTC,1581793477683,2020-02-15T19:04:37.683Z,buy,9.7e-07,10155.0,0.00985035
DNT/BTC,1581793477683,2020-02-15T19:04:37.683Z,buy,9.7e-07,3457.0,0.00335329
DNT/BTC,1581793477684,2020-02-15T19:04:37.684Z,buy,9.7e-07,3457.0,0.00335329
DNT/BTC,1581793477684,2020-02-15T19:04:37.684Z,buy,9.7e-07,3457.0,0.00335329
DNT/BTC,1581793477684,2020-02-15T19:04:37.684Z,buy,9.7e-07,3457.0,0.00335329
DNT/BTC,1581793477684,2020-02-15T19:04:37.684Z,buy,9.7e-07,3457.0,0.00335329
DNT/BTC,1581793477684,2020-02-15T19:04:37.684Z,buy,9.7e-07,3457.0,0.00335329
DNT/BTC,1581793477685,2020-02-15T19:04:37.685Z,buy,9.7e-07,3457.0,0.00335329
DNT/BTC,1581793477685,2020-02-15T19:04:37.685Z,buy,9.7e-07,3457.0,0.00335329
DNT/BTC,1581793477687,2020-02-15T19:04:37.687Z,buy,9.7e-07,3457.0,0.00335329
DNT/BTC,1581793477687,2020-02-15T19:04:37.687Z,buy,9.7e-07,1500.0,0.001455
DNT/BTC,1581793477688,2020-02-15T19:04:37.688Z,buy,9.7e-07,1274.0,0.00123578
DNT/BTC,1581793477688,2020-02-15T19:04:37.688Z,buy,9.7e-07,3457.0,0.00335329
DNT/BTC,1581793477688,2020-02-15T19:04:37.688Z,buy,9.7e-07,3457.0,0.00335329
DNT/BTC,1581793477688,2020-02-15T19:04:37.688Z,buy,9.7e-07,3457.0,0.00335329
DNT/BTC,1581793477688,2020-02-15T19:04:37.688Z,buy,9.7e-07,3457.0,0.00335329
DNT/BTC,1581793477688,2020-02-15T19:04:37.688Z,buy,9.7e-07,3457.0,0.00335329
DNT/BTC,1581793477688,2020-02-15T19:04:37.688Z,buy,9.7e-07,3457.0,0.00335329
DNT/BTC,1581793477691,2020-02-15T19:04:37.691Z,buy,9.7e-07,1934.0,0.00187598
DNT/BTC,1581793477693,2020-02-15T19:04:37.693Z,buy,9.7e-07,10155.0,0.00985035
DNT/BTC,1581793477697,2020-02-15T19:04:37.697Z,buy,9.7e-07,10155.0,0.00985035
DNT/BTC,1581793477711,2020-02-15T19:04:37.711Z,buy,9.7e-07,1179.0,0.00114363
DNT/BTC,1581793477736,2020-02-15T19:04:37.736Z,sell,9.6e-07,6490.0,0.0062304
DNT/BTC,1581793477764,2020-02-15T19:04:37.764Z,sell,9.6e-07,19289.0,0.01851744
DNT/BTC,1581793477795,2020-02-15T19:04:37.795Z,sell,9.6e-07,4296.0,0.00412416
DNT/BTC,1581793477857,2020-02-15T19:04:37.857Z,sell,9.6e-07,790.0,0.0007583999999999
DNT/BTC,1581793477965,2020-02-15T19:04:37.965Z,buy,9.7e-07,309.0,0.00029973
DNT/BTC,1581793477989,2020-02-15T19:04:37.989Z,buy,9.7e-07,305.0,0.00029585
DNT/BTC,1581793478005,2020-02-15T19:04:38.005Z,buy,9.7e-07,301.0,0.00029197
DNT/BTC,1581793478018,2020-02-15T19:04:38.018Z,sell,9.6e-07,61460.0,0.0590015999999999
DNT/BTC,1581793478018,2020-02-15T19:04:38.018Z,sell,9.5e-07,1869.0,0.00177555
DNT/BTC,1581793478018,2020-02-15T19:04:38.018Z,sell,9.4e-07,4597.0,0.00432118
DNT/BTC,1581793478032,2020-02-15T19:04:38.032Z,buy,9.5e-07,1578.0,0.0014991
DNT/BTC,1581793478071,2020-02-15T19:04:38.071Z,buy,9.5e-07,8317.0,0.00790115
DNT/BTC,1581793478170,2020-02-15T19:04:38.170Z,buy,9.5e-07,1179.0,0.00112005
DNT/BTC,1581793478285,2020-02-15T19:04:38.285Z,buy,9.5e-07,13423.0,0.01275185
DNT/BTC,1581793478349,2020-02-15T19:04:38.349Z,buy,9.5e-07,6845.0,0.00650275
DNT/BTC,1581793478453,2020-02-15T19:04:38.453Z,buy,9.5e-07,1673.0,0.00158935
DNT/BTC,1581793478524,2020-02-15T19:04:38.524Z,sell,9.6e-07,975.0,0.0009359999999999
DNT/BTC,1581793478793,2020-02-15T19:04:38.793Z,sell,9.6e-07,277.0,0.00026592
DNT/BTC,1581793478927,2020-02-15T19:04:38.927Z,buy,9.7e-07,3453.0,0.00334941
DNT/BTC,1581793479008,2020-02-15T19:04:39.008Z,sell,9.6e-07,320.0,0.0003072
DNT/BTC,1581793479283,2020-02-15T19:04:39.283Z,buy,9.7e-07,1260.0,0.0012222
DNT/BTC,1581793479496,2020-02-15T19:04:39.496Z,sell,9.6e-07,20362.0,0.01954752
DNT/BTC,1581793479763,2020-02-15T19:04:39.763Z,buy,9.7e-07,3309.0,0.00320973
DNT/BTC,1581793479807,2020-02-15T19:04:39.807Z,sell,9.6e-07,8658.0,0.00831168
DNT/BTC,1581793479810,2020-02-15T19:04:39.810Z,buy,9.7e-07,101.0,9.797e-05
DNT/BTC,1581793480210,2020-02-15T19:04:40.210Z,buy,9.7e-07,10526.0,0.01021022
DNT/BTC,1581793480565,2020-02-15T19:04:40.565Z,sell,9.6e-07,7045.0,0.0067632
DNT/BTC,1581793480949,2020-02-15T19:04:40.949Z,buy,9.7e-07,25060.0,0.0243082
DNT/BTC,1581793481507,2020-02-15T19:04:41.507Z,buy,9.7e-07,22034.0,0.02137298
DNT/BTC,1581793481875,2020-02-15T19:04:41.875Z,buy,9.7e-07,32929.0,0.03194113
DNT/BTC,1581793481978,2020-02-15T19:04:41.978Z,buy,9.7e-07,17374.0,0.01685278
DNT/BTC,1581793482037,2020-02-15T19:04:42.037Z,buy,9.7e-07,101456.0,0.09841232
DNT/BTC,1581793482083,2020-02-15T19:04:42.083Z,buy,9.7e-07,8440.0,0.0081868
DNT/BTC,1581793482106,2020-02-15T19:04:42.106Z,buy,9.7e-07,42098.0,0.04083506
DNT/BTC,1581793482383,2020-02-15T19:04:42.383Z,buy,9.7e-07,546.0,0.00052962
DNT/BTC,1581793482629,2020-02-15T19:04:42.629Z,buy,9.7e-07,32884.0,0.03189748
DNT/BTC,1581793482688,2020-02-15T19:04:42.688Z,buy,9.7e-07,23399.0,0.02269703
DNT/BTC,1581793483011,2020-02-15T19:04:43.011Z,buy,9.7e-07,12384.0,0.01201248
DNT/BTC,1581793483111,2020-02-15T19:04:43.111Z,buy,9.7e-07,771679.0,0.74852863
DNT/BTC,1581793483269,2020-02-15T19:04:43.269Z,buy,9.8e-07,55003.0,0.0539029399999999
DNT/BTC,1581793483301,2020-02-15T19:04:43.301Z,sell,9.8e-07,305.0,0.0002989
DNT/BTC,1581793483302,2020-02-15T19:04:43.302Z,buy,9.9e-07,4896.0,0.00484704
DNT/BTC,1581793483320,2020-02-15T19:04:43.320Z,buy,9.9e-07,2446.0,0.00242154
DNT/BTC,1581793483320,2020-02-15T19:04:43.320Z,buy,1e-06,4074.0,0.0040739999999999
DNT/BTC,1581793483320,2020-02-15T19:04:43.320Z,buy,1.01e-06,675.0,0.00068175
DNT/BTC,1581793483320,2020-02-15T19:04:43.320Z,buy,1.03e-06,3725.0,0.00383675
DNT/BTC,1581793483331,2020-02-15T19:04:43.331Z,sell,9.8e-07,304.0,0.0002979199999999
DNT/BTC,1581793483348,2020-02-15T19:04:43.348Z,buy,1.02e-06,9537.0,0.00972774
DNT/BTC,1581793483595,2020-02-15T19:04:43.595Z,buy,9.9e-07,16145.0,0.01598355
DNT/BTC,1581793483595,2020-02-15T19:04:43.595Z,buy,1.02e-06,30086.0,0.0306877199999999
DNT/BTC,1581793483982,2020-02-15T19:04:43.982Z,buy,1.02e-06,1971.0,0.0020104199999999
DNT/BTC,1581793484007,2020-02-15T19:04:44.007Z,buy,1.02e-06,973.0,0.00099246
DNT/BTC,1581793484019,2020-02-15T19:04:44.019Z,buy,1.02e-06,8868.0,0.00904536
DNT/BTC,1581793484211,2020-02-15T19:04:44.211Z,buy,1.02e-06,8333.0,0.00849966
DNT/BTC,1581793484355,2020-02-15T19:04:44.355Z,sell,1e-06,2540.0,0.0025399999999999
DNT/BTC,1581793484362,2020-02-15T19:04:44.362Z,sell,1e-06,4977.0,0.004977
DNT/BTC,1581793484539,2020-02-15T19:04:44.539Z,buy,1.01e-06,7517.0,0.00759217
DNT/BTC,1581793484539,2020-02-15T19:04:44.539Z,buy,1.02e-06,15281.0,0.0155866199999999
DNT/BTC,1581793484554,2020-02-15T19:04:44.554Z,buy,1.02e-06,12836.0,0.01309272
DNT/BTC,1581793484554,2020-02-15T19:04:44.554Z,buy,1.03e-06,25898.0,0.02667494
DNT/BTC,1581793484569,2020-02-15T19:04:44.569Z,buy,1.03e-06,11978.0,0.01233734
DNT/BTC,1581793484587,2020-02-15T19:04:44.587Z,buy,1.03e-06,14964.0,0.01541292
DNT/BTC,1581793484587,2020-02-15T19:04:44.587Z,buy,1.05e-06,59130.0,0.0620864999999999
DNT/BTC,1581793484702,2020-02-15T19:04:44.702Z,sell,1e-06,1179.0,0.001179
DNT/BTC,1581793484704,2020-02-15T19:04:44.704Z,sell,1e-06,1179.0,0.001179
DNT/BTC,1581793485019,2020-02-15T19:04:45.019Z,sell,1e-06,1179.0,0.001179
DNT/BTC,1581793485021,2020-02-15T19:04:45.021Z,buy,1.02e-06,8307.0,0.00847314
DNT/BTC,1581793485247,2020-02-15T19:04:45.247Z,buy,1.01e-06,1179.0,0.00119079
DNT/BTC,1581793485247,2020-02-15T19:04:45.247Z,buy,1.02e-06,2741.0,0.00279582
DNT/BTC,1581793485303,2020-02-15T19:04:45.303Z,sell,1e-06,799.0,0.000799
DNT/BTC,1581793485457,2020-02-15T19:04:45.457Z,sell,1e-06,279.0,0.000279
DNT/BTC,1581793485486,2020-02-15T19:04:45.486Z,buy,1.01e-06,1078.0,0.00108878
DNT/BTC,1581793485486,2020-02-15T19:04:45.486Z,buy,1.02e-06,2934.0,0.0029926799999999
DNT/BTC,1581793485652,2020-02-15T19:04:45.652Z,sell,1e-06,1179.0,0.001179
DNT/BTC,1581793485762,2020-02-15T19:04:45.762Z,buy,1.01e-06,1179.0,0.00119079
DNT/BTC,1581793485762,2020-02-15T19:04:45.762Z,buy,1.02e-06,66834.0,0.06817068
DNT/BTC,1581793486004,2020-02-15T19:04:46.004Z,sell,1e-06,55612.0,0.0556119999999999
DNT/BTC,1581793486102,2020-02-15T19:04:46.102Z,sell,1e-06,1179.0,0.001179
DNT/BTC,1581793486576,2020-02-15T19:04:46.576Z,buy,1.01e-06,60108.0,0.06070908
DNT/BTC,1581793486878,2020-02-15T19:04:46.878Z,sell,1e-06,1179.0,0.001179
DNT/BTC,1581793487052,2020-02-15T19:04:47.052Z,sell,1e-06,278.0,0.000278
DNT/BTC,1581793487210,2020-02-15T19:04:47.210Z,sell,1e-06,1179.0,0.001179
DNT/BTC,1581793487392,2020-02-15T19:04:47.392Z,buy,1.01e-06,6044.0,0.00610444
DNT/BTC,1581793487392,2020-02-15T19:04:47.392Z,buy,1.02e-06,199990.0,0.2039898
DNT/BTC,1581793487843,2020-02-15T19:04:47.843Z,sell,1.01e-06,298.0,0.00030098
DNT/BTC,1581793488356,2020-02-15T19:04:48.356Z,buy,1.02e-06,4685.0,0.0047787
DNT/BTC,1581793488359,2020-02-15T19:04:48.359Z,buy,1.02e-06,1179.0,0.00120258
DNT/BTC,1581793488361,2020-02-15T19:04:48.361Z,buy,1.02e-06,1179.0,0.00120258
DNT/BTC,1581793488366,2020-02-15T19:04:48.366Z,buy,1.02e-06,1470.0,0.0014994
DNT/BTC,1581793489197,2020-02-15T19:04:49.197Z,buy,1.02e-06,54294.0,0.05537988
DNT/BTC,1581793489496,2020-02-15T19:04:49.496Z,buy,1.02e-06,1470.0,0.0014994
DNT/BTC,1581793489502,2020-02-15T19:04:49.502Z,buy,1.02e-06,888.0,0.00090576
DNT/BTC,1581793490211,2020-02-15T19:04:50.211Z,buy,1.02e-06,980.0,0.0009996
DNT/BTC,1581793490329,2020-02-15T19:04:50.329Z,buy,1.02e-06,66091.0,0.06741282
DNT/BTC,1581793490329,2020-02-15T19:04:50.329Z,buy,1.03e-06,41898.0,0.04315494
DNT/BTC,1581793490344,2020-02-15T19:04:50.344Z,sell,1.03e-06,1470.0,0.0015141
DNT/BTC,1581793490346,2020-02-15T19:04:50.346Z,sell,1.03e-06,1470.0,0.0015141
DNT/BTC,1581793490362,2020-02-15T19:04:50.362Z,sell,1.03e-06,515.0,0.00053045
DNT/BTC,1581793492980,2020-02-15T19:04:52.980Z,sell,1.03e-06,5393.0,0.00555479
DNT/BTC,1581793493078,2020-02-15T19:04:53.078Z,sell,1.03e-06,807.0,0.00083121
DNT/BTC,1581793493168,2020-02-15T19:04:53.168Z,sell,1.03e-06,10427.0,0.01073981
DNT/BTC,1581793493413,2020-02-15T19:04:53.413Z,sell,1.03e-06,57867.0,0.05960301
DNT/BTC,1581793493959,2020-02-15T19:04:53.959Z,sell,1.03e-06,15985.0,0.01646455
DNT/BTC,1581793494347,2020-02-15T19:04:54.347Z,sell,1.03e-06,3912.0,0.00402936
DNT/BTC,1581793494618,2020-02-15T19:04:54.618Z,buy,1.04e-06,2358.0,0.00245232
DNT/BTC,1581793494654,2020-02-15T19:04:54.654Z,sell,1.04e-06,36845.0,0.0383188
DNT/BTC,1581793494654,2020-02-15T19:04:54.654Z,sell,1.03e-06,942.0,0.00097026
DNT/BTC,1581793494752,2020-02-15T19:04:54.752Z,sell,1.04e-06,1980.0,0.0020592
DNT/BTC,1581793494919,2020-02-15T19:04:54.919Z,sell,1.04e-06,6192.0,0.00643968
DNT/BTC,1581793494919,2020-02-15T19:04:54.919Z,sell,1.03e-06,189543.0,0.19522929
DNT/BTC,1581793495296,2020-02-15T19:04:55.296Z,buy,1.05e-06,1148.0,0.0012054
DNT/BTC,1581793495374,2020-02-15T19:04:55.374Z,sell,1.03e-06,23000.0,0.02369
DNT/BTC,1581793496272,2020-02-15T19:04:56.272Z,sell,1.03e-06,324.0,0.00033372
DNT/BTC,1581793497278,2020-02-15T19:04:57.278Z,sell,1.04e-06,1179.0,0.00122616
DNT/BTC,1581793497435,2020-02-15T19:04:57.435Z,sell,1.04e-06,97256.0,0.10114624
DNT/BTC,1581793498294,2020-02-15T19:04:58.294Z,buy,1.05e-06,63731.0,0.0669175499999999
DNT/BTC,1581793498518,2020-02-15T19:04:58.518Z,sell,1.05e-06,1179.0,0.0012379499999999
DNT/BTC,1581793499185,2020-02-15T19:04:59.185Z,sell,1.05e-06,1179.0,0.0012379499999999
DNT/BTC,1581793499209,2020-02-15T19:04:59.209Z,sell,1.05e-06,1720.0,0.0018059999999999
DNT/BTC,1581793499674,2020-02-15T19:04:59.674Z,sell,1.05e-06,784379.0,0.8235979499999999
DNT/BTC,1581793501954,2020-02-15T19:05:01.954Z,buy,1.06e-06,84919.0,0.09001414
DNT/BTC,1581793502241,2020-02-15T19:05:02.241Z,sell,1.05e-06,75394.0,0.0791636999999999
DNT/BTC,1581793503104,2020-02-15T19:05:03.104Z,buy,1.05e-06,300.0,0.0003149999999999
DNT/BTC,1581793503232,2020-02-15T19:05:03.232Z,buy,1.05e-06,11664.0,0.0122471999999999
DNT/BTC,1581793503699,2020-02-15T19:05:03.699Z,buy,1.05e-06,132.0,0.0001385999999999
DNT/BTC,1581793504628,2020-02-15T19:05:04.628Z,buy,1.05e-06,213446.0,0.2241182999999999
DNT/BTC,1581793505484,2020-02-15T19:05:05.484Z,buy,1.05e-06,86380.0,0.0906989999999999
DNT/BTC,1581793506177,2020-02-15T19:05:06.177Z,sell,1.04e-06,101456.0,0.10551424
DNT/BTC,1581793506811,2020-02-15T19:05:06.811Z,sell,1.04e-06,2085.0,0.0021684
DNT/BTC,1581793506907,2020-02-15T19:05:06.907Z,buy,1.05e-06,13363.0,0.01403115
DNT/BTC,1581793507244,2020-02-15T19:05:07.244Z,buy,1.05e-06,3381.0,0.0035500499999999
DNT/BTC,1581793507857,2020-02-15T19:05:07.857Z,sell,1.05e-06,342.0,0.0003590999999999
DNT/BTC,1581793508197,2020-02-15T19:05:08.197Z,buy,1.06e-06,2154.0,0.00228324
DNT/BTC,1581793508431,2020-02-15T19:05:08.431Z,sell,1.05e-06,2906.0,0.0030513
DNT/BTC,1581793508431,2020-02-15T19:05:08.431Z,sell,1.04e-06,23548.0,0.02448992
DNT/BTC,1581793508938,2020-02-15T19:05:08.938Z,buy,1.06e-06,1995.0,0.0021147
DNT/BTC,1581793509499,2020-02-15T19:05:09.499Z,sell,1.05e-06,5941.0,0.0062380499999999
DNT/BTC,1581793512487,2020-02-15T19:05:12.487Z,sell,1.05e-06,4082.0,0.0042860999999999
DNT/BTC,1581793513639,2020-02-15T19:05:13.639Z,sell,1.05e-06,16281.0,0.0170950499999999
DNT/BTC,1581793516501,2020-02-15T19:05:16.501Z,sell,1.04e-06,394.0,0.00040976
DNT/BTC,1581793517162,2020-02-15T19:05:17.162Z,sell,1.04e-06,394.0,0.00040976
DNT/BTC,1581793517937,2020-02-15T19:05:17.937Z,sell,1.04e-06,247175.0,0.257062
DNT/BTC,1581793517953,2020-02-15T19:05:17.953Z,buy,1.04e-06,1179.0,0.00122616
DNT/BTC,1581793517953,2020-02-15T19:05:17.953Z,buy,1.04e-06,1179.0,0.00122616
DNT/BTC,1581793517962,2020-02-15T19:05:17.962Z,buy,1.04e-06,1442.0,0.00149968
DNT/BTC,1581793517994,2020-02-15T19:05:17.994Z,buy,1.04e-06,94938.0,0.09873552
DNT/BTC,1581793518009,2020-02-15T19:05:18.009Z,buy,1.04e-06,287.0,0.00029848
DNT/BTC,1581793520552,2020-02-15T19:05:20.552Z,sell,1.03e-06,37009.0,0.03811927
DNT/BTC,1581793520564,2020-02-15T19:05:20.564Z,sell,1.03e-06,8303.0,0.00855209
DNT/BTC,1581793520573,2020-02-15T19:05:20.573Z,sell,1.03e-06,41250.0,0.0424875
DNT/BTC,1581793521235,2020-02-15T19:05:21.235Z,sell,1.03e-06,2934.0,0.00302202
DNT/BTC,1581793521390,2020-02-15T19:05:21.390Z,sell,1.03e-06,3127.0,0.00322081
DNT/BTC,1581793521852,2020-02-15T19:05:21.852Z,sell,1.03e-06,10526.0,0.01084178
DNT/BTC,1581793521981,2020-02-15T19:05:21.981Z,sell,1.03e-06,1179.0,0.00121437
DNT/BTC,1581793522345,2020-02-15T19:05:22.345Z,sell,1.03e-06,16084.0,0.01656652
DNT/BTC,1581793522345,2020-02-15T19:05:22.345Z,sell,1.02e-06,8976.0,0.00915552
DNT/BTC,1581793522532,2020-02-15T19:05:22.532Z,sell,1.03e-06,33349.0,0.03434947
DNT/BTC,1581793522768,2020-02-15T19:05:22.768Z,sell,1.03e-06,18465.0,0.01901895
DNT/BTC,1581793522782,2020-02-15T19:05:22.782Z,buy,1.03e-06,1456.0,0.00149968
DNT/BTC,1581793522898,2020-02-15T19:05:22.898Z,sell,1.02e-06,17374.0,0.01772148
DNT/BTC,1581793522900,2020-02-15T19:05:22.900Z,sell,1.02e-06,6438.0,0.00656676
DNT/BTC,1581793522900,2020-02-15T19:05:22.900Z,sell,1.01e-06,15596.0,0.01575196
DNT/BTC,1581793523214,2020-02-15T19:05:23.214Z,sell,1.01e-06,3001.0,0.00303101
DNT/BTC,1581793523381,2020-02-15T19:05:23.381Z,sell,1e-06,8440.0,0.00844
DNT/BTC,1581793523397,2020-02-15T19:05:23.397Z,sell,1e-06,16815.0,0.016815
DNT/BTC,1581793523397,2020-02-15T19:05:23.397Z,sell,9.9e-07,25283.0,0.02503017
DNT/BTC,1581793523397,2020-02-15T19:05:23.397Z,sell,9.9e-07,26881.0,0.02661219
DNT/BTC,1581793523397,2020-02-15T19:05:23.397Z,sell,9.9e-07,928.0,0.00091872
DNT/BTC,1581793523397,2020-02-15T19:05:23.397Z,sell,9.9e-07,3724.0,0.00368676
DNT/BTC,1581793523397,2020-02-15T19:05:23.397Z,sell,9.9e-07,361.0,0.00035739
DNT/BTC,1581793523397,2020-02-15T19:05:23.397Z,sell,9.9e-07,1508.0,0.00149292
DNT/BTC,1581793523397,2020-02-15T19:05:23.397Z,sell,9.9e-07,4831.0,0.00478269
DNT/BTC,1581793523397,2020-02-15T19:05:23.397Z,sell,9.9e-07,923.0,0.00091377
DNT/BTC,1581793523950,2020-02-15T19:05:23.950Z,sell,1e-06,3572.0,0.0035719999999999
DNT/BTC,1581793523950,2020-02-15T19:05:23.950Z,sell,9.9e-07,29312.0,0.02901888
DNT/BTC,1581793523954,2020-02-15T19:05:23.954Z,sell,9.9e-07,12384.0,0.01226016
DNT/BTC,1581793523975,2020-02-15T19:05:23.975Z,sell,1e-06,1786.0,0.0017859999999999
DNT/BTC,1581793523975,2020-02-15T19:05:23.975Z,sell,9.9e-07,21613.0,0.02139687
DNT/BTC,1581793524070,2020-02-15T19:05:24.070Z,sell,1e-06,257.0,0.000257
DNT/BTC,1581793524091,2020-02-15T19:05:24.091Z,sell,1e-06,257.0,0.000257
DNT/BTC,1581793524101,2020-02-15T19:05:24.101Z,sell,1e-06,257.0,0.000257
DNT/BTC,1581793524127,2020-02-15T19:05:24.127Z,sell,1e-06,257.0,0.000257
DNT/BTC,1581793524462,2020-02-15T19:05:24.462Z,sell,1e-06,10920.0,0.01092
DNT/BTC,1581793524470,2020-02-15T19:05:24.470Z,sell,1e-06,4896.0,0.004896
DNT/BTC,1581793524481,2020-02-15T19:05:24.481Z,sell,1e-06,9537.0,0.009537
DNT/BTC,1581793524967,2020-02-15T19:05:24.967Z,sell,9.9e-07,9851.0,0.00975249
DNT/BTC,1581793524967,2020-02-15T19:05:24.967Z,sell,9.8e-07,36380.0,0.0356524
DNT/BTC,1581793524974,2020-02-15T19:05:24.974Z,sell,9.8e-07,1971.0,0.0019315799999999
DNT/BTC,1581793524986,2020-02-15T19:05:24.986Z,sell,9.8e-07,973.0,0.0009535399999999
DNT/BTC,1581793525000,2020-02-15T19:05:25.000Z,sell,9.8e-07,8868.0,0.00869064
DNT/BTC,1581793525472,2020-02-15T19:05:25.472Z,sell,9.9e-07,8333.0,0.00824967
DNT/BTC,1581793525477,2020-02-15T19:05:25.477Z,sell,1e-06,288.0,0.000288
DNT/BTC,1581793525477,2020-02-15T19:05:25.477Z,sell,9.9e-07,38446.0,0.03806154
DNT/BTC,1581793525483,2020-02-15T19:05:25.483Z,sell,9.9e-07,22798.0,0.02257002
DNT/BTC,1581793525998,2020-02-15T19:05:25.998Z,sell,9.9e-07,11978.0,0.01185822
DNT/BTC,1581793526007,2020-02-15T19:05:26.007Z,sell,9.9e-07,18918.0,0.01872882
DNT/BTC,1581793526007,2020-02-15T19:05:26.007Z,sell,9.8e-07,55176.0,0.05407248
DNT/BTC,1581793526023,2020-02-15T19:05:26.023Z,sell,9.8e-07,3920.0,0.0038415999999999
DNT/BTC,1581793526027,2020-02-15T19:05:26.027Z,sell,9.8e-07,4012.0,0.0039317599999999
DNT/BTC,1581793526063,2020-02-15T19:05:26.063Z,sell,9.8e-07,8307.0,0.00814086
DNT/BTC,1581793526263,2020-02-15T19:05:26.263Z,sell,9.9e-07,32899.0,0.03257001
DNT/BTC,1581793526263,2020-02-15T19:05:26.263Z,sell,9.8e-07,35114.0,0.03441172
DNT/BTC,1581793526676,2020-02-15T19:05:26.676Z,buy,9.9e-07,257.0,0.00025443
DNT/BTC,1581793526676,2020-02-15T19:05:26.676Z,buy,1e-06,140.0,0.00014
DNT/BTC,1581793527091,2020-02-15T19:05:27.091Z,buy,1e-06,3500.0,0.0034999999999999
DNT/BTC,1581793529873,2020-02-15T19:05:29.873Z,sell,9.9e-07,3379.0,0.00334521
DNT/BTC,1581793529998,2020-02-15T19:05:29.998Z,sell,9.9e-07,2219.0,0.00219681
DNT/BTC,1581793530099,2020-02-15T19:05:30.099Z,buy,1e-06,18621.0,0.018621
DNT/BTC,1581793530196,2020-02-15T19:05:30.196Z,sell,9.9e-07,3094.0,0.00306306
DNT/BTC,1581793530733,2020-02-15T19:05:30.733Z,sell,9.9e-07,1829.0,0.00181071
DNT/BTC,1581793531417,2020-02-15T19:05:31.417Z,buy,1e-06,1463.0,0.0014629999999999
DNT/BTC,1581793531697,2020-02-15T19:05:31.697Z,buy,1e-06,30280.0,0.0302799999999999
DNT/BTC,1581793531697,2020-02-15T19:05:31.697Z,buy,1.01e-06,15784.0,0.01594184
DNT/BTC,1581793532539,2020-02-15T19:05:32.539Z,sell,1e-06,1096.0,0.001096
DNT/BTC,1581793532549,2020-02-15T19:05:32.549Z,sell,1e-06,25846.0,0.0258459999999999
DNT/BTC,1581793532553,2020-02-15T19:05:32.553Z,sell,1e-06,8521.0,0.0085209999999999
DNT/BTC,1581793532606,2020-02-15T19:05:32.606Z,sell,1e-06,2898.0,0.002898
DNT/BTC,1581793533130,2020-02-15T19:05:33.130Z,buy,1.01e-06,199.0,0.00020099
DNT/BTC,1581793533857,2020-02-15T19:05:33.857Z,sell,1e-06,4474.0,0.004474
DNT/BTC,1581793533953,2020-02-15T19:05:33.953Z,buy,1.01e-06,4754.0,0.00480154
DNT/BTC,1581793534168,2020-02-15T19:05:34.168Z,buy,1.01e-06,7888.0,0.00796688
DNT/BTC,1581793534168,2020-02-15T19:05:34.168Z,buy,1.02e-06,614.0,0.00062628
DNT/BTC,1581793535053,2020-02-15T19:05:35.053Z,sell,1e-06,978.0,0.000978
DNT/BTC,1581793535471,2020-02-15T19:05:35.471Z,buy,1.01e-06,34741.0,0.03508841
DNT/BTC,1581793535471,2020-02-15T19:05:35.471Z,buy,1.02e-06,36413.0,0.03714126
DNT/BTC,1581793535471,2020-02-15T19:05:35.471Z,buy,1.03e-06,102969.0,0.10605807
DNT/BTC,1581793535492,2020-02-15T19:05:35.492Z,sell,1.03e-06,4948.0,0.00509644
DNT/BTC,1581793535499,2020-02-15T19:05:35.499Z,sell,1.03e-06,4754.0,0.00489662
DNT/BTC,1581793535514,2020-02-15T19:05:35.514Z,sell,1.03e-06,109.0,0.00011227
DNT/BTC,1581793535702,2020-02-15T19:05:35.702Z,sell,1.03e-06,1179.0,0.00121437
DNT/BTC,1581793536318,2020-02-15T19:05:36.318Z,sell,1.03e-06,81801.0,0.08425503
DNT/BTC,1581793537143,2020-02-15T19:05:37.143Z,sell,1.03e-06,426.0,0.00043878
DNT/BTC,1581793537180,2020-02-15T19:05:37.180Z,sell,1.03e-06,1463.0,0.00150689
DNT/BTC,1581793537198,2020-02-15T19:05:37.198Z,sell,1.03e-06,3031.0,0.00312193
DNT/BTC,1581793537340,2020-02-15T19:05:37.340Z,buy,1.04e-06,10618.0,0.01104272
DNT/BTC,1581793538471,2020-02-15T19:05:38.471Z,buy,1.04e-06,962.0,0.00100048
DNT/BTC,1581793538777,2020-02-15T19:05:38.777Z,buy,1.04e-06,8078.0,0.00840112
DNT/BTC,1581793539007,2020-02-15T19:05:39.007Z,buy,1.04e-06,84923.0,0.08831992
DNT/BTC,1581793539007,2020-02-15T19:05:39.007Z,buy,1.05e-06,408258.0,0.4286708999999999
DNT/BTC,1581793539007,2020-02-15T19:05:39.007Z,buy,1.06e-06,25076.0,0.02658056
DNT/BTC,1581793539447,2020-02-15T19:05:39.447Z,sell,1.04e-06,1179.0,0.00122616
DNT/BTC,1581793539476,2020-02-15T19:05:39.476Z,sell,1.04e-06,504.0,0.00052416
DNT/BTC,1581793540113,2020-02-15T19:05:40.113Z,sell,1.04e-06,713.0,0.00074152
DNT/BTC,1581793540113,2020-02-15T19:05:40.113Z,sell,1.03e-06,65222.0,0.06717866
DNT/BTC,1581793540125,2020-02-15T19:05:40.125Z,buy,1.03e-06,1456.0,0.00149968
DNT/BTC,1581793540637,2020-02-15T19:05:40.637Z,buy,1.03e-06,971.0,0.00100013
DNT/BTC,1581793540919,2020-02-15T19:05:40.919Z,buy,1.03e-06,189.0,0.00019467
DNT/BTC,1581793541309,2020-02-15T19:05:41.309Z,buy,1.03e-06,354.0,0.00036462
DNT/BTC,1581793541926,2020-02-15T19:05:41.926Z,buy,1.03e-06,51671.0,0.05322113
DNT/BTC,1581793541926,2020-02-15T19:05:41.926Z,buy,1.04e-06,72748.0,0.07565792
DNT/BTC,1581793541926,2020-02-15T19:05:41.926Z,buy,1.05e-06,30520.0,0.032046
DNT/BTC,1581793543215,2020-02-15T19:05:43.215Z,buy,1.04e-06,222.0,0.00023088
DNT/BTC,1581793543293,2020-02-15T19:05:43.293Z,buy,1.04e-06,58713.0,0.06106152
DNT/BTC,1581793545108,2020-02-15T19:05:45.108Z,sell,1.04e-06,103344.0,0.10747776
DNT/BTC,1581793545139,2020-02-15T19:05:45.139Z,sell,1.04e-06,417.0,0.00043368
DNT/BTC,1581793547681,2020-02-15T19:05:47.681Z,sell,1.04e-06,765255.0,0.7958652
DNT/BTC,1581793547829,2020-02-15T19:05:47.829Z,sell,1.03e-06,205828.0,0.21200284
DNT/BTC,1581793547954,2020-02-15T19:05:47.954Z,buy,1.04e-06,9523.0,0.00990392
DNT/BTC,1581793548447,2020-02-15T19:05:48.447Z,buy,1.04e-06,20127.0,0.02093208
DNT/BTC,1581793549204,2020-02-15T19:05:49.204Z,buy,1.04e-06,7708.0,0.00801632
DNT/BTC,1581793549222,2020-02-15T19:05:49.222Z,buy,1.04e-06,38452.0,0.03999008
DNT/BTC,1581793549731,2020-02-15T19:05:49.731Z,sell,1.03e-06,103344.0,0.10644432
DNT/BTC,1581793549964,2020-02-15T19:05:49.964Z,buy,1.04e-06,15869.0,0.01650376
DNT/BTC,1581793549967,2020-02-15T19:05:49.967Z,buy,1.04e-06,11315.0,0.0117676
DNT/BTC,1581793550090,2020-02-15T19:05:50.090Z,buy,1.04e-06,30035.0,0.0312364
DNT/BTC,1581793550466,2020-02-15T19:05:50.466Z,buy,1.04e-06,22889.0,0.02380456
DNT/BTC,1581793550466,2020-02-15T19:05:50.466Z,buy,1.04e-06,21372.0,0.02222688
DNT/BTC,1581793550589,2020-02-15T19:05:50.589Z,buy,1.04e-06,4472.0,0.00465088
DNT/BTC,1581793551003,2020-02-15T19:05:51.003Z,buy,1.04e-06,9975.0,0.010374
DNT/BTC,1581793551016,2020-02-15T19:05:51.016Z,buy,1.04e-06,8710.0,0.0090584
DNT/BTC,1581793551141,2020-02-15T19:05:51.141Z,buy,1.04e-06,42223.0,0.04391192
DNT/BTC,1581793551174,2020-02-15T19:05:51.174Z,buy,1.04e-06,8100.0,0.008424
DNT/BTC,1581793551496,2020-02-15T19:05:51.496Z,buy,1.04e-06,1800.0,0.001872
DNT/BTC,1581793551515,2020-02-15T19:05:51.515Z,buy,1.04e-06,20825.0,0.021658
DNT/BTC,1581793551655,2020-02-15T19:05:51.655Z,buy,1.04e-06,10942.0,0.01137968
DNT/BTC,1581793551679,2020-02-15T19:05:51.679Z,buy,1.04e-06,67687.0,0.07039448
DNT/BTC,1581793552019,2020-02-15T19:05:52.019Z,buy,1.04e-06,3580.0,0.0037232
DNT/BTC,1581793552033,2020-02-15T19:05:52.033Z,buy,1.04e-06,3665.0,0.0038116
DNT/BTC,1581793552044,2020-02-15T19:05:52.044Z,buy,1.04e-06,889.0,0.0009245599999999
DNT/BTC,1581793552151,2020-02-15T19:05:52.151Z,buy,1.04e-06,7612.0,0.00791648
DNT/BTC,1581793552174,2020-02-15T19:05:52.174Z,buy,1.04e-06,35384.0,0.03679936
DNT/BTC,1581793552532,2020-02-15T19:05:52.532Z,buy,1.04e-06,7589.0,0.00789256
DNT/BTC,1581793552534,2020-02-15T19:05:52.534Z,buy,1.04e-06,62130.0,0.0646152
DNT/BTC,1581793554929,2020-02-15T19:05:54.929Z,sell,1.03e-06,30981.0,0.03191043
DNT/BTC,1581793557580,2020-02-15T19:05:57.580Z,sell,1.03e-06,46685.0,0.04808555
DNT/BTC,1581793558296,2020-02-15T19:05:58.296Z,buy,1.04e-06,2662.0,0.00276848
DNT/BTC,1581793558340,2020-02-15T19:05:58.340Z,buy,1.04e-06,3150.0,0.003276
DNT/BTC,1581793558619,2020-02-15T19:05:58.619Z,buy,1.04e-06,161700.0,0.168168
DNT/BTC,1581793558953,2020-02-15T19:05:58.953Z,sell,1.03e-06,1200.0,0.001236
DNT/BTC,1581793559244,2020-02-15T19:05:59.244Z,sell,1.03e-06,980.0,0.0010094
DNT/BTC,1581793560168,2020-02-15T19:06:00.168Z,sell,1.03e-06,1200.0,0.001236
DNT/BTC,1581793560557,2020-02-15T19:06:00.557Z,sell,1.03e-06,524040.0,0.5397612
DNT/BTC,1581793560662,2020-02-15T19:06:00.662Z,buy,1.03e-06,16445.0,0.01693835
DNT/BTC,1581793561188,2020-02-15T19:06:01.188Z,sell,1.02e-06,1200.0,0.001224
DNT/BTC,1581793562393,2020-02-15T19:06:02.393Z,sell,1.02e-06,1179.0,0.00120258
DNT/BTC,1581793562393,2020-02-15T19:06:02.393Z,sell,1.01e-06,21.0,2.121e-05
DNT/BTC,1581793562509,2020-02-15T19:06:02.509Z,buy,1.03e-06,250836.0,0.25836108
DNT/BTC,1581793563846,2020-02-15T19:06:03.846Z,sell,1.01e-06,1200.0,0.001212
DNT/BTC,1581793564253,2020-02-15T19:06:04.253Z,buy,1.03e-06,2264.0,0.00233192
DNT/BTC,1581793565002,2020-02-15T19:06:05.002Z,sell,1.01e-06,1200.0,0.001212
DNT/BTC,1581793565043,2020-02-15T19:06:05.043Z,sell,1.01e-06,39484.0,0.03987884
DNT/BTC,1581793566212,2020-02-15T19:06:06.212Z,sell,1.01e-06,1200.0,0.001212
DNT/BTC,1581793567431,2020-02-15T19:06:07.431Z,sell,1.01e-06,1200.0,0.001212
DNT/BTC,1581793568669,2020-02-15T19:06:08.669Z,sell,1.01e-06,1200.0,0.001212
DNT/BTC,1581793570152,2020-02-15T19:06:10.152Z,buy,1.03e-06,857.0,0.00088271
DNT/BTC,1581793570152,2020-02-15T19:06:10.152Z,buy,1.04e-06,19843.0,0.02063672
DNT/BTC,1581793570200,2020-02-15T19:06:10.200Z,sell,1.01e-06,403470.0,0.4075047
DNT/BTC,1581793570200,2020-02-15T19:06:10.200Z,sell,1e-06,1342120.0,1.34212
DNT/BTC,1581793570200,2020-02-15T19:06:10.200Z,sell,9.9e-07,821072.0,0.81286128
DNT/BTC,1581793570200,2020-02-15T19:06:10.200Z,sell,9.8e-07,353502.0,0.34643196
DNT/BTC,1581793570200,2020-02-15T19:06:10.200Z,sell,9.7e-07,952325.0,0.92375525
DNT/BTC,1581793570200,2020-02-15T19:06:10.200Z,sell,9.6e-07,450318.0,0.4323052799999999
DNT/BTC,1581793570200,2020-02-15T19:06:10.200Z,sell,9.6e-07,2311.0,0.0022185599999999
DNT/BTC,1581793570250,2020-02-15T19:06:10.250Z,buy,1.02e-06,30.0,3.06e-05
DNT/BTC,1581793570388,2020-02-15T19:06:10.388Z,sell,9.9e-07,2391.0,0.00236709
DNT/BTC,1581793570430,2020-02-15T19:06:10.430Z,sell,9.9e-07,2079.0,0.00205821
DNT/BTC,1581793570469,2020-02-15T19:06:10.469Z,buy,1.01e-06,182.0,0.00018382
DNT/BTC,1581793570519,2020-02-15T19:06:10.519Z,buy,1e-06,31009.0,0.031009
