symbol,timestamp,datetime,side,price,amount,btc_volume
DNT/BTC,1560531605817,2019-06-14T17:00:05.817Z,sell,2.11e-06,526.0,0.00110986
DNT/BTC,1560531613024,2019-06-14T17:00:13.024Z,sell,2.11e-06,2470.0,0.0052117
DNT/BTC,1560531620716,2019-06-14T17:00:20.716Z,buy,2.12e-06,18380.0,0.0389656
DNT/BTC,1560531626872,2019-06-14T17:00:26.872Z,buy,2.12e-06,13962.0,0.02959944
DNT/BTC,1560531662887,2019-06-14T17:01:02.887Z,buy,2.12e-06,1653.0,0.00350436
DNT/BTC,1560531662932,2019-06-14T17:01:02.932Z,sell,2.12e-06,1069.0,0.00226628
DNT/BTC,1560531668390,2019-06-14T17:01:08.390Z,sell,2.12e-06,7934.0,0.01682008
DNT/BTC,1560531668391,2019-06-14T17:01:08.391Z,sell,2.12e-06,7934.0,0.01682008
DNT/BTC,1560531668405,2019-06-14T17:01:08.405Z,sell,2.12e-06,11756.0,0.02492272
DNT/BTC,1560531668452,2019-06-14T17:01:08.452Z,sell,2.12e-06,5860.0,0.0124232
DNT/BTC,1560531668963,2019-06-14T17:01:08.963Z,buy,2.13e-06,1174.0,0.00250062
DNT/BTC,1560531671695,2019-06-14T17:01:11.695Z,buy,2.13e-06,7015.0,0.0149419499999999
DNT/BTC,1560531671695,2019-06-14T17:01:11.695Z,buy,2.14e-06,5734.0,0.0122707599999999
DNT/BTC,1560531671695,2019-06-14T17:01:11.695Z,buy,2.15e-06,9524.0,0.0204766
DNT/BTC,1560531671695,2019-06-14T17:01:11.695Z,sell,2.15e-06,12911.0,0.02775865
DNT/BTC,1560531671715,2019-06-14T17:01:11.715Z,sell,2.15e-06,1679.0,0.00360985
DNT/BTC,1560531671719,2019-06-14T17:01:11.719Z,sell,2.15e-06,1679.0,0.00360985
DNT/BTC,1560531671724,2019-06-14T17:01:11.724Z,sell,2.15e-06,1679.0,0.00360985
DNT/BTC,1560531671724,2019-06-14T17:01:11.724Z,sell,2.15e-06,1679.0,0.00360985
DNT/BTC,1560531671728,2019-06-14T17:01:11.728Z,sell,2.15e-06,31041.0,0.06673815
DNT/BTC,1560531671750,2019-06-14T17:01:11.750Z,buy,2.14e-06,5037.0,0.01077918
DNT/BTC,1560531672017,2019-06-14T17:01:12.017Z,buy,2.14e-06,5571.0,0.0119219399999999
DNT/BTC,1560531673503,2019-06-14T17:01:13.503Z,buy,2.13e-06,33484.0,0.07132092
DNT/BTC,1560531673503,2019-06-14T17:01:13.503Z,buy,2.14e-06,3985.0,0.0085279
DNT/BTC,1560531674852,2019-06-14T17:01:14.852Z,sell,2.11e-06,33972.0,0.07168092
DNT/BTC,1560531701058,2019-06-14T17:01:41.058Z,buy,2.13e-06,938.0,0.00199794
DNT/BTC,1560531716926,2019-06-14T17:01:56.926Z,buy,2.13e-06,528.0,0.0011246399999999
DNT/BTC,1560531732693,2019-06-14T17:02:12.693Z,buy,2.13e-06,4198.0,0.00894174
DNT/BTC,1560531757084,2019-06-14T17:02:37.084Z,buy,2.13e-06,9579.0,0.0204032699999999
DNT/BTC,1560531817530,2019-06-14T17:03:37.530Z,sell,2.12e-06,578.0,0.00122536
DNT/BTC,1560531840943,2019-06-14T17:04:00.943Z,buy,2.13e-06,15781.0,0.0336135299999999
DNT/BTC,1560531875715,2019-06-14T17:04:35.715Z,buy,2.13e-06,3000.0,0.00639
DNT/BTC,1560531891652,2019-06-14T17:04:51.652Z,buy,2.13e-06,9521.0,0.02027973
DNT/BTC,1560531898909,2019-06-14T17:04:58.909Z,buy,2.13e-06,475.0,0.00101175
DNT/BTC,1560531945794,2019-06-14T17:05:45.794Z,buy,2.13e-06,1766.0,0.00376158
DNT/BTC,1560531945835,2019-06-14T17:05:45.835Z,sell,2.13e-06,4234.0,0.00901842
DNT/BTC,1560531952274,2019-06-14T17:05:52.274Z,buy,2.14e-06,2336.0,0.00499904
DNT/BTC,1560531952284,2019-06-14T17:05:52.284Z,buy,2.14e-06,1963.0,0.00420082
DNT/BTC,1560531962156,2019-06-14T17:06:02.156Z,buy,2.14e-06,934.0,0.00199876
DNT/BTC,1560531976968,2019-06-14T17:06:16.968Z,sell,2.13e-06,5233.0,0.01114629
DNT/BTC,1560531978664,2019-06-14T17:06:18.664Z,sell,2.12e-06,23923.0,0.05071676
DNT/BTC,1560531994406,2019-06-14T17:06:34.406Z,sell,2.13e-06,2222.0,0.00473286
DNT/BTC,1560531994406,2019-06-14T17:06:34.406Z,sell,2.12e-06,15766.0,0.03342392
DNT/BTC,1560532029521,2019-06-14T17:07:09.521Z,sell,2.12e-06,13530.0,0.0286836
DNT/BTC,1560532300830,2019-06-14T17:11:40.830Z,buy,2.12e-06,943.0,0.00199916
DNT/BTC,1560532428560,2019-06-14T17:13:48.560Z,buy,2.12e-06,22980.0,0.0487176
DNT/BTC,1560532434164,2019-06-14T17:13:54.164Z,buy,2.13e-06,14954.0,0.03185202
DNT/BTC,1560532484474,2019-06-14T17:14:44.474Z,sell,2.12e-06,4739.0,0.01004668
DNT/BTC,1560532580659,2019-06-14T17:16:20.659Z,buy,2.13e-06,16666.0,0.03549858
DNT/BTC,1560532580691,2019-06-14T17:16:20.691Z,sell,2.13e-06,13343.0,0.02842059
DNT/BTC,1560532597638,2019-06-14T17:16:37.638Z,sell,2.13e-06,6179.0,0.01316127
DNT/BTC,1560532607559,2019-06-14T17:16:47.559Z,sell,2.13e-06,4694.0,0.00999822
DNT/BTC,1560532619155,2019-06-14T17:16:59.155Z,sell,2.13e-06,4739.0,0.01009407
DNT/BTC,1560532685221,2019-06-14T17:18:05.221Z,sell,2.13e-06,54388.0,0.11584644
DNT/BTC,1560532696864,2019-06-14T17:18:16.864Z,buy,2.14e-06,32009.0,0.0684992599999999
DNT/BTC,1560532701571,2019-06-14T17:18:21.571Z,buy,2.13e-06,472.0,0.00100536
DNT/BTC,1560532823675,2019-06-14T17:20:23.675Z,buy,2.14e-06,38247.0,0.0818485799999999
DNT/BTC,1560532836597,2019-06-14T17:20:36.597Z,buy,2.13e-06,37891.0,0.08070783
DNT/BTC,1560532842649,2019-06-14T17:20:42.649Z,buy,2.13e-06,470.0,0.0010011
DNT/BTC,1560532859262,2019-06-14T17:20:59.262Z,sell,2.13e-06,4666.0,0.0099385799999999
DNT/BTC,1560532888543,2019-06-14T17:21:28.543Z,sell,2.13e-06,477.0,0.00101601
DNT/BTC,1560532890846,2019-06-14T17:21:30.846Z,buy,2.14e-06,12035.0,0.0257548999999999
DNT/BTC,1560532890846,2019-06-14T17:21:30.846Z,buy,2.15e-06,162875.0,0.35018125
DNT/BTC,1560532890861,2019-06-14T17:21:30.861Z,sell,2.15e-06,13538.0,0.0291067
DNT/BTC,1560532890866,2019-06-14T17:21:30.866Z,sell,2.15e-06,5998.0,0.0128957
DNT/BTC,1560532890882,2019-06-14T17:21:30.882Z,sell,2.15e-06,83488.0,0.1794992
DNT/BTC,1560532890902,2019-06-14T17:21:30.902Z,buy,2.16e-06,8145.0,0.0175932
DNT/BTC,1560532891428,2019-06-14T17:21:31.428Z,buy,2.15e-06,4483.0,0.00963845
DNT/BTC,1560532891900,2019-06-14T17:21:31.900Z,buy,2.15e-06,2250.0,0.0048375
DNT/BTC,1560532983047,2019-06-14T17:23:03.047Z,buy,2.15e-06,24592.0,0.0528728
DNT/BTC,1560532995035,2019-06-14T17:23:15.035Z,sell,2.14e-06,1221.0,0.00261294
DNT/BTC,1560532995602,2019-06-14T17:23:15.602Z,sell,2.14e-06,1895.0,0.0040552999999999
DNT/BTC,1560532995960,2019-06-14T17:23:15.960Z,sell,2.14e-06,1056.0,0.00225984
DNT/BTC,1560532997632,2019-06-14T17:23:17.632Z,sell,2.14e-06,4699.0,0.01005586
DNT/BTC,1560533003743,2019-06-14T17:23:23.743Z,sell,2.14e-06,1418.0,0.0030345199999999
DNT/BTC,1560533004141,2019-06-14T17:23:24.141Z,sell,2.14e-06,2118.0,0.00453252
DNT/BTC,1560533005029,2019-06-14T17:23:25.029Z,sell,2.14e-06,566.0,0.00121124
DNT/BTC,1560533007143,2019-06-14T17:23:27.143Z,sell,2.14e-06,1281.0,0.0027413399999999
DNT/BTC,1560533007375,2019-06-14T17:23:27.375Z,sell,2.14e-06,1846.0,0.0039504399999999
DNT/BTC,1560533009535,2019-06-14T17:23:29.535Z,sell,2.14e-06,6776.0,0.0145006399999999
DNT/BTC,1560533010078,2019-06-14T17:23:30.078Z,sell,2.14e-06,598.0,0.0012797199999999
DNT/BTC,1560533010078,2019-06-14T17:23:30.078Z,sell,2.13e-06,200.0,0.000426
DNT/BTC,1560533010078,2019-06-14T17:23:30.078Z,sell,2.13e-06,1659.0,0.00353367
DNT/BTC,1560533010936,2019-06-14T17:23:30.936Z,sell,2.13e-06,710.0,0.0015123
DNT/BTC,1560533025419,2019-06-14T17:23:45.419Z,sell,2.13e-06,1184.0,0.00252192
DNT/BTC,1560533080903,2019-06-14T17:24:40.903Z,buy,2.15e-06,1162.0,0.0024983
DNT/BTC,1560533264476,2019-06-14T17:27:44.476Z,sell,2.13e-06,2369.0,0.0050459699999999
DNT/BTC,1560533281749,2019-06-14T17:28:01.749Z,sell,2.13e-06,14972.0,0.03189036
DNT/BTC,1560533281805,2019-06-14T17:28:01.805Z,buy,2.13e-06,2452.0,0.00522276
DNT/BTC,1560533281810,2019-06-14T17:28:01.810Z,buy,2.13e-06,818.0,0.00174234
DNT/BTC,1560533393786,2019-06-14T17:29:53.786Z,buy,2.14e-06,7182.0,0.01536948
DNT/BTC,1560533394200,2019-06-14T17:29:54.200Z,sell,2.14e-06,818.0,0.0017505199999999
DNT/BTC,1560533397744,2019-06-14T17:29:57.744Z,sell,2.14e-06,1304.0,0.0027905599999999
DNT/BTC,1560533399607,2019-06-14T17:29:59.607Z,sell,2.14e-06,1425.0,0.0030494999999999
DNT/BTC,1560533405782,2019-06-14T17:30:05.782Z,sell,2.14e-06,787.0,0.00168418
DNT/BTC,1560533408361,2019-06-14T17:30:08.361Z,sell,2.14e-06,1095.0,0.0023433
DNT/BTC,1560533410221,2019-06-14T17:30:10.221Z,sell,2.14e-06,820.0,0.0017548
DNT/BTC,1560533420175,2019-06-14T17:30:20.175Z,sell,2.14e-06,746.0,0.00159644
DNT/BTC,1560533421128,2019-06-14T17:30:21.128Z,sell,2.14e-06,752.0,0.0016092799999999
DNT/BTC,1560533611231,2019-06-14T17:33:31.231Z,buy,2.14e-06,934.0,0.00199876
DNT/BTC,1560533649982,2019-06-14T17:34:09.982Z,buy,2.14e-06,840.0,0.0017976
DNT/BTC,1560533773009,2019-06-14T17:36:13.009Z,buy,2.14e-06,934.0,0.00199876
DNT/BTC,1560533808590,2019-06-14T17:36:48.590Z,sell,2.14e-06,8918.0,0.0190845199999999
DNT/BTC,1560533808609,2019-06-14T17:36:48.609Z,sell,2.14e-06,3058.0,0.00654412
DNT/BTC,1560533809356,2019-06-14T17:36:49.356Z,sell,2.14e-06,11713.0,0.02506582
DNT/BTC,1560533809392,2019-06-14T17:36:49.392Z,sell,2.14e-06,11300.0,0.024182
DNT/BTC,1560533861703,2019-06-14T17:37:41.703Z,sell,2.14e-06,1958.0,0.0041901199999999
DNT/BTC,1560533882452,2019-06-14T17:38:02.452Z,sell,2.14e-06,1300.0,0.0027819999999999
DNT/BTC,1560533882452,2019-06-14T17:38:02.452Z,sell,2.13e-06,5010.0,0.0106713
DNT/BTC,1560533896389,2019-06-14T17:38:16.389Z,sell,2.13e-06,870.0,0.0018530999999999
DNT/BTC,1560533936894,2019-06-14T17:38:56.894Z,sell,2.13e-06,100853.0,0.2148168899999999
DNT/BTC,1560533971471,2019-06-14T17:39:31.471Z,sell,2.13e-06,15000.0,0.03195
DNT/BTC,1560533971593,2019-06-14T17:39:31.593Z,buy,2.13e-06,9680.0,0.0206184
DNT/BTC,1560534064897,2019-06-14T17:41:04.897Z,buy,2.14e-06,19850.0,0.0424789999999999
DNT/BTC,1560534108962,2019-06-14T17:41:48.962Z,buy,2.14e-06,3000.0,0.0064199999999999
DNT/BTC,1560534154146,2019-06-14T17:42:34.146Z,sell,2.13e-06,1891.0,0.00402783
DNT/BTC,1560534154146,2019-06-14T17:42:34.146Z,sell,2.13e-06,1416.0,0.00301608
DNT/BTC,1560534407601,2019-06-14T17:46:47.601Z,sell,2.13e-06,4862.0,0.01035606
DNT/BTC,1560534490616,2019-06-14T17:48:10.616Z,sell,2.13e-06,15777.0,0.03360501
DNT/BTC,1560534516681,2019-06-14T17:48:36.681Z,buy,2.13e-06,2990.0,0.0063687
DNT/BTC,1560534563813,2019-06-14T17:49:23.813Z,sell,2.13e-06,1704.0,0.00362952
DNT/BTC,1560534563813,2019-06-14T17:49:23.813Z,sell,2.12e-06,14594.0,0.03093928
DNT/BTC,1560534584220,2019-06-14T17:49:44.220Z,sell,2.12e-06,82054.0,0.17395448
DNT/BTC,1560534617005,2019-06-14T17:50:17.005Z,sell,2.12e-06,74142.0,0.15718104
DNT/BTC,1560534796999,2019-06-14T17:53:16.999Z,buy,2.14e-06,9905.0,0.0211967
DNT/BTC,1560534864177,2019-06-14T17:54:24.177Z,buy,2.13e-06,174.0,0.00037062
DNT/BTC,1560535094068,2019-06-14T17:58:14.068Z,buy,2.13e-06,5119.0,0.01090347
DNT/BTC,1560535124163,2019-06-14T17:58:44.163Z,sell,2.13e-06,845.0,0.00179985
DNT/BTC,1560535124163,2019-06-14T17:58:44.163Z,sell,2.12e-06,20075.0,0.042559
DNT/BTC,1560535124163,2019-06-14T17:58:44.163Z,sell,2.13e-06,845.0,0.00179985
DNT/BTC,1560535124163,2019-06-14T17:58:44.163Z,sell,2.12e-06,20075.0,0.042559
DNT/BTC,1560535207884,2019-06-14T18:00:07.884Z,sell,2.12e-06,491.0,0.00104092
DNT/BTC,1560535245605,2019-06-14T18:00:45.605Z,buy,2.14e-06,1604.0,0.00343256
DNT/BTC,1560535255315,2019-06-14T18:00:55.315Z,sell,2.12e-06,493.0,0.00104516
DNT/BTC,1560535491160,2019-06-14T18:04:51.160Z,sell,2.12e-06,533.0,0.00112996
DNT/BTC,1560535537362,2019-06-14T18:05:37.362Z,sell,2.12e-06,7957.0,0.01686884
DNT/BTC,1560535538778,2019-06-14T18:05:38.778Z,sell,2.12e-06,9534.0,0.02021208
DNT/BTC,1560535574374,2019-06-14T18:06:14.374Z,sell,2.12e-06,5158.0,0.01093496
DNT/BTC,1560535575131,2019-06-14T18:06:15.131Z,buy,2.12e-06,11983.0,0.02540396
DNT/BTC,1560535611399,2019-06-14T18:06:51.399Z,sell,2.12e-06,9754.0,0.02067848
DNT/BTC,1560535611399,2019-06-14T18:06:51.399Z,sell,2.11e-06,35201.0,0.07427411
DNT/BTC,1560535625375,2019-06-14T18:07:05.375Z,buy,2.13e-06,475.0,0.00101175
DNT/BTC,1560535681409,2019-06-14T18:08:01.409Z,sell,2.11e-06,52144.0,0.11002384
DNT/BTC,1560535681409,2019-06-14T18:08:01.409Z,sell,2.1e-06,457428.0,0.9605988
DNT/BTC,1560535681432,2019-06-14T18:08:01.432Z,buy,2.1e-06,2264.0,0.0047544
DNT/BTC,1560535682741,2019-06-14T18:08:02.741Z,sell,2.1e-06,2262.0,0.0047501999999999
DNT/BTC,1560535719284,2019-06-14T18:08:39.284Z,sell,2.09e-06,221115.0,0.4621303499999999
DNT/BTC,1560535789583,2019-06-14T18:09:49.583Z,sell,2.1e-06,8836.0,0.0185556
DNT/BTC,1560535789611,2019-06-14T18:09:49.611Z,buy,2.11e-06,44589.0,0.09408279
DNT/BTC,1560535801161,2019-06-14T18:10:01.161Z,buy,2.11e-06,31546.0,0.06656206
DNT/BTC,1560535819416,2019-06-14T18:10:19.416Z,buy,2.12e-06,771.0,0.00163452
DNT/BTC,1560535927259,2019-06-14T18:12:07.259Z,buy,2.12e-06,9277.0,0.01966724
DNT/BTC,1560535965529,2019-06-14T18:12:45.529Z,buy,2.12e-06,37930.0,0.0804116
DNT/BTC,1560535965558,2019-06-14T18:12:45.558Z,sell,2.12e-06,5855.0,0.0124126
DNT/BTC,1560536101946,2019-06-14T18:15:01.946Z,sell,2.12e-06,329634.0,0.69882408
DNT/BTC,1560536281651,2019-06-14T18:18:01.651Z,buy,2.12e-06,8798.0,0.01865176
DNT/BTC,1560536332187,2019-06-14T18:18:52.187Z,buy,2.13e-06,142841.0,0.30425133
DNT/BTC,1560536361184,2019-06-14T18:19:21.184Z,buy,2.13e-06,50000.0,0.1065
DNT/BTC,1560536440778,2019-06-14T18:20:40.778Z,buy,2.14e-06,9232.0,0.01975648
DNT/BTC,1560536500488,2019-06-14T18:21:40.488Z,sell,2.12e-06,153573.0,0.32557476
DNT/BTC,1560536682845,2019-06-14T18:24:42.845Z,sell,2.12e-06,7608.0,0.01612896
DNT/BTC,1560536802744,2019-06-14T18:26:42.744Z,sell,2.13e-06,4070.0,0.0086690999999999
DNT/BTC,1560536807944,2019-06-14T18:26:47.944Z,buy,2.14e-06,500.0,0.00107
DNT/BTC,1560536844969,2019-06-14T18:27:24.969Z,sell,2.13e-06,4694.0,0.00999822
DNT/BTC,1560536856041,2019-06-14T18:27:36.041Z,sell,2.13e-06,3954.0,0.00842202
DNT/BTC,1560536856043,2019-06-14T18:27:36.043Z,sell,2.13e-06,1593.0,0.00339309
DNT/BTC,1560536875507,2019-06-14T18:27:55.507Z,sell,2.13e-06,2310.0,0.0049203
DNT/BTC,1560536894188,2019-06-14T18:28:14.188Z,buy,2.14e-06,48631.0,0.10407034
DNT/BTC,1560536928690,2019-06-14T18:28:48.690Z,sell,2.13e-06,19958.0,0.04251054
DNT/BTC,1560536928692,2019-06-14T18:28:48.692Z,sell,2.13e-06,17053.0,0.03632289
DNT/BTC,1560536928700,2019-06-14T18:28:48.700Z,sell,2.13e-06,17053.0,0.03632289
DNT/BTC,1560536928859,2019-06-14T18:28:48.859Z,sell,2.13e-06,17053.0,0.03632289
DNT/BTC,1560536928873,2019-06-14T18:28:48.873Z,sell,2.13e-06,17053.0,0.03632289
DNT/BTC,1560536944576,2019-06-14T18:29:04.576Z,sell,2.13e-06,1417.0,0.00301821
DNT/BTC,1560536953222,2019-06-14T18:29:13.222Z,buy,2.14e-06,90018.0,0.1926385199999999
DNT/BTC,1560537000572,2019-06-14T18:30:00.572Z,buy,2.15e-06,4652.0,0.0100018
DNT/BTC,1560537112430,2019-06-14T18:31:52.430Z,sell,2.14e-06,13246.0,0.0283464399999999
DNT/BTC,1560537112479,2019-06-14T18:31:52.479Z,sell,2.14e-06,4948.0,0.01058872
DNT/BTC,1560537112531,2019-06-14T18:31:52.531Z,sell,2.14e-06,8531.0,0.01825634
DNT/BTC,1560537112633,2019-06-14T18:31:52.633Z,sell,2.14e-06,24561.0,0.0525605399999999
DNT/BTC,1560537113423,2019-06-14T18:31:53.423Z,sell,2.14e-06,23077.0,0.0493847799999999
DNT/BTC,1560537115993,2019-06-14T18:31:55.993Z,sell,2.13e-06,14023.0,0.0298689899999999
DNT/BTC,1560537123697,2019-06-14T18:32:03.697Z,buy,2.15e-06,1107.0,0.00238005
DNT/BTC,1560537125216,2019-06-14T18:32:05.216Z,buy,2.15e-06,50668.0,0.1089362
DNT/BTC,1560537125504,2019-06-14T18:32:05.504Z,sell,2.15e-06,2831.0,0.00608665
DNT/BTC,1560537125509,2019-06-14T18:32:05.509Z,sell,2.15e-06,174408.0,0.3749772
DNT/BTC,1560537125720,2019-06-14T18:32:05.720Z,sell,2.13e-06,32214.0,0.06861582
DNT/BTC,1560537185026,2019-06-14T18:33:05.026Z,sell,2.15e-06,1331.0,0.00286165
DNT/BTC,1560537240853,2019-06-14T18:34:00.853Z,sell,2.15e-06,11254.0,0.0241961
DNT/BTC,1560537287606,2019-06-14T18:34:47.606Z,buy,2.16e-06,559.0,0.00120744
DNT/BTC,1560537289713,2019-06-14T18:34:49.713Z,sell,2.15e-06,30134.0,0.0647881
DNT/BTC,1560537289713,2019-06-14T18:34:49.713Z,sell,2.14e-06,69373.0,0.14845822
DNT/BTC,1560537289713,2019-06-14T18:34:49.713Z,sell,2.13e-06,54038.0,0.11510094
DNT/BTC,1560537291401,2019-06-14T18:34:51.401Z,sell,2.14e-06,6221.0,0.0133129399999999
DNT/BTC,1560537302676,2019-06-14T18:35:02.676Z,sell,2.14e-06,707.0,0.00151298
DNT/BTC,1560537313310,2019-06-14T18:35:13.310Z,buy,2.15e-06,698.0,0.0015007
DNT/BTC,1560537324501,2019-06-14T18:35:24.501Z,sell,2.14e-06,600.0,0.001284
DNT/BTC,1560537324937,2019-06-14T18:35:24.937Z,sell,2.14e-06,600.0,0.001284
DNT/BTC,1560537351169,2019-06-14T18:35:51.169Z,buy,2.15e-06,1599.0,0.00343785
DNT/BTC,1560537351194,2019-06-14T18:35:51.194Z,buy,2.15e-06,6904.0,0.0148436
DNT/BTC,1560537387679,2019-06-14T18:36:27.679Z,buy,2.15e-06,8868.0,0.0190662
DNT/BTC,1560537739710,2019-06-14T18:42:19.710Z,buy,2.15e-06,221436.0,0.4760874
DNT/BTC,1560537740260,2019-06-14T18:42:20.260Z,buy,2.15e-06,3527.0,0.00758305
DNT/BTC,1560537744185,2019-06-14T18:42:24.185Z,buy,2.16e-06,1223.0,0.00264168
DNT/BTC,1560537792322,2019-06-14T18:43:12.322Z,sell,2.15e-06,24097.0,0.05180855
DNT/BTC,1560537792562,2019-06-14T18:43:12.562Z,sell,2.14e-06,2020.0,0.0043228
DNT/BTC,1560537824643,2019-06-14T18:43:44.643Z,sell,2.15e-06,25973.0,0.05584195
DNT/BTC,1560537825269,2019-06-14T18:43:45.269Z,buy,2.15e-06,48316.0,0.1038794
DNT/BTC,1560537828482,2019-06-14T18:43:48.482Z,sell,2.14e-06,4684.0,0.01002376
DNT/BTC,1560537841482,2019-06-14T18:44:01.482Z,buy,2.16e-06,1157.0,0.00249912
DNT/BTC,1560537845280,2019-06-14T18:44:05.280Z,buy,2.15e-06,9268.0,0.0199262
DNT/BTC,1560537846524,2019-06-14T18:44:06.524Z,buy,2.16e-06,37426.0,0.08084016
DNT/BTC,1560537853103,2019-06-14T18:44:13.103Z,buy,2.16e-06,4068.0,0.00878688
DNT/BTC,1560537882938,2019-06-14T18:44:42.938Z,buy,2.16e-06,500.0,0.00108
DNT/BTC,1560537955207,2019-06-14T18:45:55.207Z,buy,2.16e-06,463.0,0.00100008
DNT/BTC,1560537967260,2019-06-14T18:46:07.260Z,buy,2.16e-06,35197.0,0.07602552
DNT/BTC,1560537967260,2019-06-14T18:46:07.260Z,buy,2.17e-06,39741.0,0.08623797
DNT/BTC,1560537974499,2019-06-14T18:46:14.499Z,buy,2.17e-06,1543.0,0.00334831
DNT/BTC,1560537974835,2019-06-14T18:46:14.835Z,sell,2.16e-06,5999.0,0.01295784
DNT/BTC,1560537974847,2019-06-14T18:46:14.847Z,sell,2.16e-06,10382.0,0.02242512
DNT/BTC,1560537974849,2019-06-14T18:46:14.849Z,sell,2.16e-06,2215.0,0.0047844
DNT/BTC,1560537975637,2019-06-14T18:46:15.637Z,sell,2.14e-06,509.0,0.0010892599999999
DNT/BTC,1560537980848,2019-06-14T18:46:20.848Z,buy,2.16e-06,8167.0,0.01764072
DNT/BTC,1560537980875,2019-06-14T18:46:20.875Z,sell,2.16e-06,6000.0,0.01296
DNT/BTC,1560537981772,2019-06-14T18:46:21.772Z,sell,2.16e-06,44325.0,0.095742
DNT/BTC,1560537984851,2019-06-14T18:46:24.851Z,sell,2.14e-06,1602.0,0.0034282799999999
DNT/BTC,1560537984857,2019-06-14T18:46:24.857Z,sell,2.14e-06,749.0,0.0016028599999999
DNT/BTC,1560537985054,2019-06-14T18:46:25.054Z,sell,2.14e-06,544.0,0.00116416
DNT/BTC,1560537987902,2019-06-14T18:46:27.902Z,sell,2.15e-06,794.0,0.0017071
DNT/BTC,1560537995910,2019-06-14T18:46:35.910Z,buy,2.17e-06,1714.0,0.00371938
DNT/BTC,1560538004679,2019-06-14T18:46:44.679Z,buy,2.17e-06,124047.0,0.26918199
DNT/BTC,1560538015574,2019-06-14T18:46:55.574Z,buy,2.17e-06,5384.0,0.0116832799999999
DNT/BTC,1560538022642,2019-06-14T18:47:02.642Z,buy,2.17e-06,21087.0,0.04575879
DNT/BTC,1560538024157,2019-06-14T18:47:04.157Z,buy,2.17e-06,27132.0,0.05887644
DNT/BTC,1560538026285,2019-06-14T18:47:06.285Z,buy,2.17e-06,1838.0,0.00398846
DNT/BTC,1560538026360,2019-06-14T18:47:06.360Z,buy,2.18e-06,15815.0,0.0344767
DNT/BTC,1560538028528,2019-06-14T18:47:08.528Z,buy,2.18e-06,33168.0,0.07230624
DNT/BTC,1560538033854,2019-06-14T18:47:13.854Z,buy,2.18e-06,12732.0,0.0277557599999999
DNT/BTC,1560538036908,2019-06-14T18:47:16.908Z,sell,2.17e-06,768.0,0.00166656
DNT/BTC,1560538041320,2019-06-14T18:47:21.320Z,buy,2.18e-06,7113.0,0.0155063399999999
DNT/BTC,1560538041466,2019-06-14T18:47:21.466Z,sell,2.18e-06,43177.0,0.0941258599999999
DNT/BTC,1560538041735,2019-06-14T18:47:21.735Z,sell,2.17e-06,1602.0,0.00347634
DNT/BTC,1560538043346,2019-06-14T18:47:23.346Z,sell,2.17e-06,2627.0,0.00570059
DNT/BTC,1560538043346,2019-06-14T18:47:23.346Z,sell,2.16e-06,1388.0,0.00299808
DNT/BTC,1560538044797,2019-06-14T18:47:24.797Z,sell,2.16e-06,2337.0,0.00504792
DNT/BTC,1560538047099,2019-06-14T18:47:27.099Z,sell,2.16e-06,840.0,0.0018144
DNT/BTC,1560538047217,2019-06-14T18:47:27.217Z,sell,2.16e-06,771.0,0.00166536
DNT/BTC,1560538047534,2019-06-14T18:47:27.534Z,sell,2.16e-06,3015.0,0.0065124
DNT/BTC,1560538052395,2019-06-14T18:47:32.395Z,buy,2.18e-06,4283.0,0.00933694
DNT/BTC,1560538052395,2019-06-14T18:47:32.395Z,buy,2.19e-06,141769.0,0.31047411
DNT/BTC,1560538052424,2019-06-14T18:47:32.424Z,sell,2.19e-06,7449.0,0.01631331
DNT/BTC,1560538052436,2019-06-14T18:47:32.436Z,sell,2.19e-06,109687.0,0.24021453
DNT/BTC,1560538052465,2019-06-14T18:47:32.465Z,sell,2.19e-06,35298.0,0.07730262
DNT/BTC,1560538053595,2019-06-14T18:47:33.595Z,sell,2.18e-06,5464.0,0.01191152
DNT/BTC,1560538060157,2019-06-14T18:47:40.157Z,sell,2.18e-06,572.0,0.0012469599999999
DNT/BTC,1560538062576,2019-06-14T18:47:42.576Z,buy,2.19e-06,4275.0,0.00936225
DNT/BTC,1560538063226,2019-06-14T18:47:43.226Z,sell,2.19e-06,5547.0,0.01214793
DNT/BTC,1560538068014,2019-06-14T18:47:48.014Z,sell,2.19e-06,2696.0,0.00590424
DNT/BTC,1560538068271,2019-06-14T18:47:48.271Z,sell,2.19e-06,4070.0,0.0089133
DNT/BTC,1560538069898,2019-06-14T18:47:49.898Z,sell,2.19e-06,56483.0,0.12369777
DNT/BTC,1560538074131,2019-06-14T18:47:54.131Z,sell,2.19e-06,4329.0,0.00948051
DNT/BTC,1560538075298,2019-06-14T18:47:55.298Z,sell,2.19e-06,1599.0,0.00350181
DNT/BTC,1560538077180,2019-06-14T18:47:57.180Z,buy,2.2e-06,8311.0,0.0182842
DNT/BTC,1560538078065,2019-06-14T18:47:58.065Z,buy,2.2e-06,28403.0,0.0624866
DNT/BTC,1560538078980,2019-06-14T18:47:58.980Z,buy,2.2e-06,7401.0,0.0162822
DNT/BTC,1560538082951,2019-06-14T18:48:02.951Z,buy,2.2e-06,60957.0,0.1341054
DNT/BTC,1560538083755,2019-06-14T18:48:03.755Z,buy,2.2e-06,2006.0,0.0044132
DNT/BTC,1560538085116,2019-06-14T18:48:05.116Z,sell,2.19e-06,4694.0,0.01027986
DNT/BTC,1560538085450,2019-06-14T18:48:05.450Z,sell,2.19e-06,4385.0,0.00960315
DNT/BTC,1560538086029,2019-06-14T18:48:06.029Z,sell,2.19e-06,18930.0,0.0414567
DNT/BTC,1560538086994,2019-06-14T18:48:06.994Z,buy,2.2e-06,38528.0,0.0847616
DNT/BTC,1560538087083,2019-06-14T18:48:07.083Z,buy,2.2e-06,5774.0,0.0127028
DNT/BTC,1560538087763,2019-06-14T18:48:07.763Z,sell,2.19e-06,780.0,0.0017082
DNT/BTC,1560538089097,2019-06-14T18:48:09.097Z,sell,2.19e-06,4385.0,0.00960315
DNT/BTC,1560538089239,2019-06-14T18:48:09.239Z,buy,2.2e-06,15152.0,0.0333344
DNT/BTC,1560538089279,2019-06-14T18:48:09.279Z,sell,2.2e-06,6945.0,0.015279
DNT/BTC,1560538089997,2019-06-14T18:48:09.997Z,sell,2.2e-06,4634.0,0.0101948
DNT/BTC,1560538090779,2019-06-14T18:48:10.779Z,sell,2.2e-06,4634.0,0.0101948
DNT/BTC,1560538090805,2019-06-14T18:48:10.805Z,sell,2.2e-06,3827.0,0.0084194
DNT/BTC,1560538090999,2019-06-14T18:48:10.999Z,sell,2.2e-06,23837.0,0.0524414
DNT/BTC,1560538092215,2019-06-14T18:48:12.215Z,sell,2.19e-06,41198.0,0.09022362
DNT/BTC,1560538092351,2019-06-14T18:48:12.351Z,sell,2.19e-06,33611.0,0.07360809
DNT/BTC,1560538092824,2019-06-14T18:48:12.824Z,sell,2.19e-06,463.0,0.00101397
DNT/BTC,1560538093198,2019-06-14T18:48:13.198Z,sell,2.19e-06,1562.0,0.00342078
DNT/BTC,1560538093447,2019-06-14T18:48:13.447Z,sell,2.19e-06,2288.0,0.00501072
DNT/BTC,1560538093643,2019-06-14T18:48:13.643Z,sell,2.19e-06,1218.0,0.00266742
DNT/BTC,1560538095435,2019-06-14T18:48:15.435Z,buy,2.2e-06,17036.0,0.0374792
DNT/BTC,1560538095681,2019-06-14T18:48:15.681Z,buy,2.2e-06,15593.0,0.0343046
DNT/BTC,1560538095845,2019-06-14T18:48:15.845Z,sell,2.19e-06,8771.0,0.01920849
DNT/BTC,1560538096943,2019-06-14T18:48:16.943Z,buy,2.2e-06,1262.0,0.0027764
DNT/BTC,1560538097018,2019-06-14T18:48:17.018Z,sell,2.19e-06,36760.0,0.0805044
DNT/BTC,1560538097728,2019-06-14T18:48:17.728Z,sell,2.19e-06,2394.0,0.00524286
DNT/BTC,1560538097736,2019-06-14T18:48:17.736Z,sell,2.19e-06,1309.0,0.00286671
DNT/BTC,1560538098188,2019-06-14T18:48:18.188Z,sell,2.19e-06,518.0,0.00113442
DNT/BTC,1560538098645,2019-06-14T18:48:18.645Z,sell,2.19e-06,28403.0,0.06220257
DNT/BTC,1560538100937,2019-06-14T18:48:20.937Z,sell,2.19e-06,28949.0,0.06339831
DNT/BTC,1560538100937,2019-06-14T18:48:20.937Z,sell,2.18e-06,3060.0,0.0066707999999999
DNT/BTC,1560538101860,2019-06-14T18:48:21.860Z,sell,2.18e-06,36865.0,0.0803657
DNT/BTC,1560538102178,2019-06-14T18:48:22.178Z,sell,2.18e-06,1963.0,0.0042793399999999
DNT/BTC,1560538102352,2019-06-14T18:48:22.352Z,sell,2.18e-06,7641.0,0.01665738
DNT/BTC,1560538102352,2019-06-14T18:48:22.352Z,sell,2.17e-06,5873.0,0.01274441
DNT/BTC,1560538103911,2019-06-14T18:48:23.911Z,sell,2.17e-06,701.0,0.00152117
DNT/BTC,1560538105136,2019-06-14T18:48:25.136Z,sell,2.17e-06,2200.0,0.004774
DNT/BTC,1560538105409,2019-06-14T18:48:25.409Z,sell,2.17e-06,698.0,0.00151466
DNT/BTC,1560538106439,2019-06-14T18:48:26.439Z,sell,2.17e-06,703.0,0.0015255099999999
DNT/BTC,1560538106557,2019-06-14T18:48:26.557Z,sell,2.17e-06,1282.0,0.00278194
DNT/BTC,1560538106716,2019-06-14T18:48:26.716Z,sell,2.17e-06,4242.0,0.00920514
DNT/BTC,1560538106804,2019-06-14T18:48:26.804Z,sell,2.17e-06,547.0,0.00118699
DNT/BTC,1560538106828,2019-06-14T18:48:26.828Z,sell,2.17e-06,13962.0,0.03029754
DNT/BTC,1560538107142,2019-06-14T18:48:27.142Z,sell,2.17e-06,475.0,0.00103075
DNT/BTC,1560538108272,2019-06-14T18:48:28.272Z,buy,2.18e-06,897.0,0.00195546
DNT/BTC,1560538109915,2019-06-14T18:48:29.915Z,buy,2.18e-06,1279.0,0.0027882199999999
DNT/BTC,1560538110703,2019-06-14T18:48:30.703Z,sell,2.18e-06,1162.0,0.00253316
DNT/BTC,1560538113257,2019-06-14T18:48:33.257Z,sell,2.18e-06,2336.0,0.00509248
DNT/BTC,1560538127524,2019-06-14T18:48:47.524Z,sell,2.18e-06,1368.0,0.0029822399999999
DNT/BTC,1560538129741,2019-06-14T18:48:49.741Z,buy,2.19e-06,501.0,0.00109719
DNT/BTC,1560538131647,2019-06-14T18:48:51.647Z,buy,2.19e-06,8221.0,0.01800399
DNT/BTC,1560538131647,2019-06-14T18:48:51.647Z,buy,2.2e-06,2493.0,0.0054846
DNT/BTC,1560538142556,2019-06-14T18:49:02.556Z,buy,2.2e-06,4435.0,0.009757
DNT/BTC,1560538150785,2019-06-14T18:49:10.785Z,sell,2.18e-06,35298.0,0.07694964
DNT/BTC,1560538150980,2019-06-14T18:49:10.980Z,buy,2.18e-06,25749.0,0.05613282
DNT/BTC,1560538150980,2019-06-14T18:49:10.980Z,buy,2.2e-06,8561.0,0.0188342
DNT/BTC,1560538162100,2019-06-14T18:49:22.100Z,buy,2.2e-06,5000.0,0.011
DNT/BTC,1560538185459,2019-06-14T18:49:45.459Z,sell,2.19e-06,10000.0,0.0219
DNT/BTC,1560538186285,2019-06-14T18:49:46.285Z,sell,2.19e-06,4193.0,0.00918267
DNT/BTC,1560538191737,2019-06-14T18:49:51.737Z,buy,2.2e-06,10800.0,0.02376
DNT/BTC,1560538201162,2019-06-14T18:50:01.162Z,sell,2.17e-06,27104.0,0.05881568
DNT/BTC,1560538205244,2019-06-14T18:50:05.244Z,sell,2.16e-06,2607.0,0.00563112
DNT/BTC,1560538205786,2019-06-14T18:50:05.786Z,sell,2.16e-06,29908.0,0.06460128
DNT/BTC,1560538206546,2019-06-14T18:50:06.546Z,sell,2.17e-06,2201.0,0.00477617
DNT/BTC,1560538253663,2019-06-14T18:50:53.663Z,buy,2.18e-06,157.0,0.00034226
DNT/BTC,1560538254805,2019-06-14T18:50:54.805Z,buy,2.18e-06,23306.0,0.05080708
DNT/BTC,1560538254805,2019-06-14T18:50:54.805Z,buy,2.19e-06,10546.0,0.02309574
DNT/BTC,1560538285260,2019-06-14T18:51:25.260Z,sell,2.17e-06,2826.0,0.0061324199999999
DNT/BTC,1560538286894,2019-06-14T18:51:26.894Z,sell,2.17e-06,1409.0,0.00305753
DNT/BTC,1560538291054,2019-06-14T18:51:31.054Z,buy,2.18e-06,11553.0,0.02518554
DNT/BTC,1560538291353,2019-06-14T18:51:31.353Z,sell,2.18e-06,4461.0,0.00972498
DNT/BTC,1560538292349,2019-06-14T18:51:32.349Z,sell,2.17e-06,13784.0,0.02991128
DNT/BTC,1560538294485,2019-06-14T18:51:34.485Z,sell,2.16e-06,3276.0,0.00707616
DNT/BTC,1560538297169,2019-06-14T18:51:37.169Z,buy,2.17e-06,787.0,0.00170779
DNT/BTC,1560538300437,2019-06-14T18:51:40.437Z,sell,2.16e-06,8576.0,0.01852416
DNT/BTC,1560538300947,2019-06-14T18:51:40.947Z,sell,2.16e-06,938.0,0.00202608
DNT/BTC,1560538301357,2019-06-14T18:51:41.357Z,sell,2.16e-06,2712.0,0.00585792
DNT/BTC,1560538301357,2019-06-14T18:51:41.357Z,sell,2.15e-06,2049.0,0.00440535
DNT/BTC,1560538302365,2019-06-14T18:51:42.365Z,sell,2.15e-06,159548.0,0.3430282
DNT/BTC,1560538302715,2019-06-14T18:51:42.715Z,buy,2.15e-06,1570.0,0.0033755
DNT/BTC,1560538307160,2019-06-14T18:51:47.160Z,sell,2.14e-06,67356.0,0.14414184
DNT/BTC,1560538307464,2019-06-14T18:51:47.464Z,sell,2.14e-06,60896.0,0.1303174399999999
DNT/BTC,1560538308897,2019-06-14T18:51:48.897Z,sell,2.14e-06,34275.0,0.0733485
DNT/BTC,1560538309097,2019-06-14T18:51:49.097Z,buy,2.15e-06,5000.0,0.01075
DNT/BTC,1560538309341,2019-06-14T18:51:49.341Z,sell,2.14e-06,1481.0,0.0031693399999999
DNT/BTC,1560538309452,2019-06-14T18:51:49.452Z,sell,2.14e-06,1481.0,0.0031693399999999
DNT/BTC,1560538309894,2019-06-14T18:51:49.894Z,sell,2.14e-06,1863.0,0.0039868199999999
DNT/BTC,1560538310550,2019-06-14T18:51:50.550Z,sell,2.14e-06,1692.0,0.00362088
DNT/BTC,1560538311095,2019-06-14T18:51:51.095Z,sell,2.14e-06,1822.0,0.0038990799999999
DNT/BTC,1560538357093,2019-06-14T18:52:37.093Z,sell,2.14e-06,22818.0,0.0488305199999999
DNT/BTC,1560538360198,2019-06-14T18:52:40.198Z,sell,2.14e-06,12719.0,0.02721866
DNT/BTC,1560538363626,2019-06-14T18:52:43.626Z,buy,2.15e-06,964.0,0.0020726
DNT/BTC,1560538375460,2019-06-14T18:52:55.460Z,buy,2.15e-06,6977.0,0.01500055
DNT/BTC,1560538437966,2019-06-14T18:53:57.966Z,buy,2.15e-06,114600.0,0.24639
DNT/BTC,1560538438298,2019-06-14T18:53:58.298Z,buy,2.15e-06,30084.0,0.0646806
DNT/BTC,1560538442154,2019-06-14T18:54:02.154Z,sell,2.15e-06,943.0,0.00202745
DNT/BTC,1560538464754,2019-06-14T18:54:24.754Z,sell,2.15e-06,1441.0,0.00309815
DNT/BTC,1560538475301,2019-06-14T18:54:35.301Z,buy,2.15e-06,591.0,0.00127065
DNT/BTC,1560538484304,2019-06-14T18:54:44.304Z,buy,2.15e-06,2211.0,0.00475365
DNT/BTC,1560538487151,2019-06-14T18:54:47.151Z,sell,2.14e-06,892.0,0.00190888
DNT/BTC,1560538539111,2019-06-14T18:55:39.111Z,sell,2.15e-06,62358.0,0.1340697
DNT/BTC,1560538577853,2019-06-14T18:56:17.853Z,sell,2.15e-06,123923.0,0.26643445
DNT/BTC,1560538586744,2019-06-14T18:56:26.744Z,sell,2.15e-06,2003.0,0.00430645
DNT/BTC,1560538586840,2019-06-14T18:56:26.840Z,sell,2.15e-06,20963.0,0.04507045
DNT/BTC,1560538650017,2019-06-14T18:57:30.017Z,sell,2.15e-06,16035.0,0.03447525
DNT/BTC,1560538662440,2019-06-14T18:57:42.440Z,buy,2.16e-06,4629.0,0.00999864
DNT/BTC,1560538662466,2019-06-14T18:57:42.466Z,buy,2.16e-06,31711.0,0.06849576
DNT/BTC,1560538665859,2019-06-14T18:57:45.859Z,buy,2.17e-06,28898.0,0.06270866
DNT/BTC,1560538665859,2019-06-14T18:57:45.859Z,buy,2.18e-06,205774.0,0.4485873199999999
DNT/BTC,1560538665859,2019-06-14T18:57:45.859Z,buy,2.19e-06,71210.0,0.1559499
DNT/BTC,1560538665859,2019-06-14T18:57:45.859Z,buy,2.2e-06,12024.0,0.0264528
DNT/BTC,1560538665880,2019-06-14T18:57:45.880Z,sell,2.2e-06,14647.0,0.0322234
DNT/BTC,1560538665887,2019-06-14T18:57:45.887Z,sell,2.2e-06,14646.0,0.0322212
DNT/BTC,1560538665892,2019-06-14T18:57:45.892Z,sell,2.2e-06,2709.0,0.0059598
DNT/BTC,1560538665918,2019-06-14T18:57:45.918Z,sell,2.2e-06,3702.0,0.0081444
DNT/BTC,1560538666034,2019-06-14T18:57:46.034Z,sell,2.2e-06,18604.0,0.0409288
DNT/BTC,1560538666117,2019-06-14T18:57:46.117Z,sell,2.2e-06,70000.0,0.154
DNT/BTC,1560538666272,2019-06-14T18:57:46.272Z,sell,2.2e-06,2871.0,0.0063162
DNT/BTC,1560538666442,2019-06-14T18:57:46.442Z,sell,2.2e-06,9460.0,0.020812
DNT/BTC,1560538669868,2019-06-14T18:57:49.868Z,sell,2.17e-06,20781.0,0.04509477
DNT/BTC,1560538682004,2019-06-14T18:58:02.004Z,buy,2.19e-06,9460.0,0.0207174
DNT/BTC,1560538682488,2019-06-14T18:58:02.488Z,sell,2.19e-06,10288.0,0.02253072
DNT/BTC,1560538683310,2019-06-14T18:58:03.310Z,sell,2.19e-06,13339.0,0.02921241
DNT/BTC,1560538718428,2019-06-14T18:58:38.428Z,sell,2.18e-06,51673.0,0.1126471399999999
DNT/BTC,1560538718428,2019-06-14T18:58:38.428Z,sell,2.18e-06,51673.0,0.1126471399999999
DNT/BTC,1560538724702,2019-06-14T18:58:44.702Z,sell,2.17e-06,21097.0,0.04578049
DNT/BTC,1560538727228,2019-06-14T18:58:47.228Z,sell,2.17e-06,990.0,0.0021483
DNT/BTC,1560538729878,2019-06-14T18:58:49.878Z,sell,2.17e-06,111244.0,0.24139948
DNT/BTC,1560538737303,2019-06-14T18:58:57.303Z,sell,2.17e-06,988.0,0.00214396
DNT/BTC,1560538777720,2019-06-14T18:59:37.720Z,sell,2.17e-06,4629.0,0.01004493
DNT/BTC,1560538814735,2019-06-14T19:00:14.735Z,sell,2.17e-06,2199.0,0.00477183
DNT/BTC,1560538815232,2019-06-14T19:00:15.232Z,sell,2.17e-06,5768.0,0.01251656
DNT/BTC,1560538839398,2019-06-14T19:00:39.398Z,buy,2.18e-06,14220.0,0.0309996
DNT/BTC,1560538842498,2019-06-14T19:00:42.498Z,buy,2.18e-06,4739.0,0.01033102
DNT/BTC,1560538844846,2019-06-14T19:00:44.846Z,sell,2.17e-06,2199.0,0.00477183
DNT/BTC,1560538851727,2019-06-14T19:00:51.727Z,sell,2.17e-06,2199.0,0.00477183
DNT/BTC,1560538864770,2019-06-14T19:01:04.770Z,sell,2.17e-06,2199.0,0.00477183
DNT/BTC,1560538865654,2019-06-14T19:01:05.654Z,sell,2.17e-06,2199.0,0.00477183
DNT/BTC,1560538874757,2019-06-14T19:01:14.757Z,sell,2.17e-06,2199.0,0.00477183
DNT/BTC,1560538879884,2019-06-14T19:01:19.884Z,sell,2.17e-06,2199.0,0.00477183
DNT/BTC,1560538889936,2019-06-14T19:01:29.936Z,sell,2.17e-06,2199.0,0.00477183
DNT/BTC,1560538899997,2019-06-14T19:01:39.997Z,sell,2.17e-06,2199.0,0.00477183
DNT/BTC,1560539005392,2019-06-14T19:03:25.392Z,sell,2.17e-06,27699.0,0.06010683
DNT/BTC,1560539050545,2019-06-14T19:04:10.545Z,buy,2.17e-06,2880.0,0.0062496
DNT/BTC,1560539050545,2019-06-14T19:04:10.545Z,buy,2.18e-06,39076.0,0.08518568
DNT/BTC,1560539050545,2019-06-14T19:04:10.545Z,buy,2.19e-06,250036.0,0.54757884
DNT/BTC,1560539050545,2019-06-14T19:04:10.545Z,buy,2.2e-06,162553.0,0.3576166
DNT/BTC,1560539050809,2019-06-14T19:04:10.809Z,sell,2.18e-06,2628.0,0.0057290399999999
DNT/BTC,1560539050873,2019-06-14T19:04:10.873Z,sell,2.17e-06,2628.0,0.00570276
DNT/BTC,1560539051249,2019-06-14T19:04:11.249Z,buy,2.18e-06,2628.0,0.0057290399999999
DNT/BTC,1560539051282,2019-06-14T19:04:11.282Z,sell,2.18e-06,12483.0,0.0272129399999999
DNT/BTC,1560539051338,2019-06-14T19:04:11.338Z,sell,2.18e-06,1663.0,0.00362534
DNT/BTC,1560539057333,2019-06-14T19:04:17.333Z,buy,2.18e-06,1663.0,0.00362534
DNT/BTC,1560539068627,2019-06-14T19:04:28.627Z,sell,2.18e-06,6000.0,0.01308
DNT/BTC,1560539068647,2019-06-14T19:04:28.647Z,sell,2.18e-06,3322.0,0.0072419599999999
DNT/BTC,1560539111548,2019-06-14T19:05:11.548Z,sell,2.18e-06,4248.0,0.0092606399999999
DNT/BTC,1560539152710,2019-06-14T19:05:52.710Z,buy,2.19e-06,53128.0,0.11635032
DNT/BTC,1560539182122,2019-06-14T19:06:22.122Z,buy,2.19e-06,705.0,0.00154395
DNT/BTC,1560539202949,2019-06-14T19:06:42.949Z,buy,2.19e-06,13288.0,0.02910072
DNT/BTC,1560539242639,2019-06-14T19:07:22.639Z,buy,2.19e-06,132.0,0.00028908
DNT/BTC,1560539292993,2019-06-14T19:08:12.993Z,buy,2.19e-06,1334.0,0.00292146
DNT/BTC,1560539346298,2019-06-14T19:09:06.298Z,sell,2.18e-06,8814.0,0.01921452
DNT/BTC,1560539346298,2019-06-14T19:09:06.298Z,sell,2.17e-06,1900.0,0.004123
DNT/BTC,1560539411211,2019-06-14T19:10:11.211Z,sell,2.17e-06,704.0,0.00152768
DNT/BTC,1560539491063,2019-06-14T19:11:31.063Z,sell,2.17e-06,76346.0,0.16567082
DNT/BTC,1560539491063,2019-06-14T19:11:31.063Z,sell,2.16e-06,520647.0,1.12459752
DNT/BTC,1560539500695,2019-06-14T19:11:40.695Z,sell,2.16e-06,42121.0,0.09098136
DNT/BTC,1560539500695,2019-06-14T19:11:40.695Z,sell,2.15e-06,57491.0,0.12360565
DNT/BTC,1560539501435,2019-06-14T19:11:41.435Z,sell,2.16e-06,2213.0,0.00478008
DNT/BTC,1560539501508,2019-06-14T19:11:41.508Z,sell,2.16e-06,2195.0,0.0047412
DNT/BTC,1560539501723,2019-06-14T19:11:41.723Z,sell,2.16e-06,2195.0,0.0047412
DNT/BTC,1560539505078,2019-06-14T19:11:45.078Z,sell,2.16e-06,100080.0,0.2161728
DNT/BTC,1560539511393,2019-06-14T19:11:51.393Z,sell,2.16e-06,4431.0,0.00957096
DNT/BTC,1560539514043,2019-06-14T19:11:54.043Z,sell,2.16e-06,13276.0,0.02867616
DNT/BTC,1560539521561,2019-06-14T19:12:01.561Z,sell,2.16e-06,1386.0,0.00299376
DNT/BTC,1560539548426,2019-06-14T19:12:28.426Z,buy,2.17e-06,29911.0,0.06490687
DNT/BTC,1560539549358,2019-06-14T19:12:29.358Z,buy,2.17e-06,7709.0,0.01672853
DNT/BTC,1560539581390,2019-06-14T19:13:01.390Z,sell,2.17e-06,1764.0,0.00382788
DNT/BTC,1560539595454,2019-06-14T19:13:15.454Z,buy,2.18e-06,43956.0,0.0958240799999999
DNT/BTC,1560539660456,2019-06-14T19:14:20.456Z,buy,2.18e-06,687.0,0.0014976599999999
DNT/BTC,1560539794431,2019-06-14T19:16:34.431Z,buy,2.18e-06,7917.0,0.01725906
DNT/BTC,1560539794454,2019-06-14T19:16:34.454Z,sell,2.18e-06,6349.0,0.0138408199999999
DNT/BTC,1560539830425,2019-06-14T19:17:10.425Z,sell,2.18e-06,6011.0,0.01310398
DNT/BTC,1560539845724,2019-06-14T19:17:25.724Z,sell,2.18e-06,19469.0,0.0424424199999999
DNT/BTC,1560539899177,2019-06-14T19:18:19.177Z,buy,2.18e-06,162.0,0.00035316
DNT/BTC,1560539918458,2019-06-14T19:18:38.458Z,sell,2.17e-06,4995.0,0.01083915
DNT/BTC,1560539982817,2019-06-14T19:19:42.817Z,sell,2.17e-06,1570.0,0.0034069
DNT/BTC,1560540114836,2019-06-14T19:21:54.836Z,sell,2.16e-06,33168.0,0.07164288
DNT/BTC,1560540169122,2019-06-14T19:22:49.122Z,sell,2.16e-06,17036.0,0.03679776
DNT/BTC,1560540196804,2019-06-14T19:23:16.804Z,buy,2.17e-06,163.0,0.0003537099999999
DNT/BTC,1560540320352,2019-06-14T19:25:20.352Z,buy,2.17e-06,552.0,0.00119784
DNT/BTC,1560540510399,2019-06-14T19:28:30.399Z,sell,2.16e-06,463.0,0.00100008
DNT/BTC,1560540553368,2019-06-14T19:29:13.368Z,buy,2.16e-06,500.0,0.00108
DNT/BTC,1560540589938,2019-06-14T19:29:49.938Z,sell,2.15e-06,15398.0,0.0331057
DNT/BTC,1560540591479,2019-06-14T19:29:51.479Z,buy,2.16e-06,930.0,0.0020088
DNT/BTC,1560540607601,2019-06-14T19:30:07.601Z,buy,2.16e-06,9558.0,0.02064528
DNT/BTC,1560540611367,2019-06-14T19:30:11.367Z,sell,2.15e-06,552.0,0.0011868
DNT/BTC,1560540616628,2019-06-14T19:30:16.628Z,buy,2.16e-06,10464.0,0.02260224
DNT/BTC,1560540620613,2019-06-14T19:30:20.613Z,buy,2.17e-06,14055.0,0.0304993499999999
DNT/BTC,1560540621630,2019-06-14T19:30:21.630Z,buy,2.17e-06,20415.0,0.04430055
DNT/BTC,1560540623474,2019-06-14T19:30:23.474Z,buy,2.17e-06,14793.0,0.03210081
DNT/BTC,1560540725052,2019-06-14T19:32:05.052Z,buy,2.17e-06,33751.0,0.0732396699999999
DNT/BTC,1560540732656,2019-06-14T19:32:12.656Z,buy,2.17e-06,18348.0,0.03981516
DNT/BTC,1560540734376,2019-06-14T19:32:14.376Z,buy,2.17e-06,21787.0,0.04727779
DNT/BTC,1560540798052,2019-06-14T19:33:18.052Z,sell,2.17e-06,934.0,0.00202678
DNT/BTC,1560540816621,2019-06-14T19:33:36.621Z,buy,2.18e-06,688.0,0.00149984
DNT/BTC,1560540831356,2019-06-14T19:33:51.356Z,buy,2.18e-06,16519.0,0.0360114199999999
DNT/BTC,1560540855940,2019-06-14T19:34:15.940Z,sell,2.17e-06,5366.0,0.01164422
DNT/BTC,1560540889759,2019-06-14T19:34:49.759Z,sell,2.16e-06,12100.0,0.026136
DNT/BTC,1560540971985,2019-06-14T19:36:11.985Z,sell,2.16e-06,5369.0,0.01159704
DNT/BTC,1560540998007,2019-06-14T19:36:38.007Z,sell,2.16e-06,1836.0,0.00396576
DNT/BTC,1560540998007,2019-06-14T19:36:38.007Z,sell,2.15e-06,25106.0,0.0539779
DNT/BTC,1560541131214,2019-06-14T19:38:51.214Z,sell,2.16e-06,23148.0,0.04999968
DNT/BTC,1560541163138,2019-06-14T19:39:23.138Z,buy,2.16e-06,5105.0,0.0110268
DNT/BTC,1560541305323,2019-06-14T19:41:45.323Z,sell,2.16e-06,786.0,0.00169776
DNT/BTC,1560541308486,2019-06-14T19:41:48.486Z,sell,2.16e-06,378.0,0.00081648
DNT/BTC,1560541308486,2019-06-14T19:41:48.486Z,sell,2.15e-06,21808.0,0.0468872
DNT/BTC,1560541308486,2019-06-14T19:41:48.486Z,sell,2.14e-06,194653.0,0.4165574199999999
DNT/BTC,1560541308486,2019-06-14T19:41:48.486Z,sell,2.13e-06,4597.0,0.00979161
DNT/BTC,1560541309131,2019-06-14T19:41:49.131Z,sell,2.15e-06,2194.0,0.0047171
DNT/BTC,1560541309131,2019-06-14T19:41:49.131Z,sell,2.15e-06,601.0,0.00129215
DNT/BTC,1560541309144,2019-06-14T19:41:49.144Z,sell,2.15e-06,8723.0,0.01875445
DNT/BTC,1560541309164,2019-06-14T19:41:49.164Z,sell,2.15e-06,2207.0,0.00474505
DNT/BTC,1560541309170,2019-06-14T19:41:49.170Z,sell,2.15e-06,2229.0,0.00479235
DNT/BTC,1560541309177,2019-06-14T19:41:49.177Z,sell,2.15e-06,2204.0,0.0047386
DNT/BTC,1560541309178,2019-06-14T19:41:49.178Z,sell,2.15e-06,11475.0,0.02467125
DNT/BTC,1560541309188,2019-06-14T19:41:49.188Z,sell,2.15e-06,740.0,0.001591
DNT/BTC,1560541309206,2019-06-14T19:41:49.206Z,sell,2.15e-06,2207.0,0.00474505
DNT/BTC,1560541309267,2019-06-14T19:41:49.267Z,sell,2.15e-06,2204.0,0.0047386
DNT/BTC,1560541309271,2019-06-14T19:41:49.271Z,sell,2.15e-06,2204.0,0.0047386
DNT/BTC,1560541309301,2019-06-14T19:41:49.301Z,sell,2.15e-06,2199.0,0.00472785
DNT/BTC,1560541309368,2019-06-14T19:41:49.368Z,sell,2.15e-06,2229.0,0.00479235
DNT/BTC,1560541309523,2019-06-14T19:41:49.523Z,sell,2.15e-06,2204.0,0.0047386
DNT/BTC,1560541309565,2019-06-14T19:41:49.565Z,sell,2.15e-06,2228.0,0.0047902
DNT/BTC,1560541309648,2019-06-14T19:41:49.648Z,sell,2.15e-06,2230.0,0.0047945
DNT/BTC,1560541309742,2019-06-14T19:41:49.742Z,sell,2.15e-06,693.0,0.00148995
DNT/BTC,1560541309826,2019-06-14T19:41:49.826Z,sell,2.15e-06,2229.0,0.00479235
DNT/BTC,1560541310431,2019-06-14T19:41:50.431Z,sell,2.15e-06,6476.0,0.0139234
DNT/BTC,1560541329077,2019-06-14T19:42:09.077Z,sell,2.15e-06,1387.0,0.00298205
DNT/BTC,1560541343794,2019-06-14T19:42:23.794Z,sell,2.15e-06,1946.0,0.0041839
DNT/BTC,1560541351298,2019-06-14T19:42:31.298Z,sell,2.15e-06,10800.0,0.02322
DNT/BTC,1560541356161,2019-06-14T19:42:36.161Z,buy,2.16e-06,4629.0,0.00999864
DNT/BTC,1560541384221,2019-06-14T19:43:04.221Z,sell,2.15e-06,4163.0,0.00895045
DNT/BTC,1560541402393,2019-06-14T19:43:22.393Z,sell,2.15e-06,648.0,0.0013932
DNT/BTC,1560541717836,2019-06-14T19:48:37.836Z,sell,2.15e-06,1017.0,0.00218655
DNT/BTC,1560541723165,2019-06-14T19:48:43.165Z,buy,2.16e-06,1931.0,0.00417096
DNT/BTC,1560541723189,2019-06-14T19:48:43.189Z,sell,2.16e-06,3069.0,0.00662904
DNT/BTC,1560541818875,2019-06-14T19:50:18.875Z,buy,2.16e-06,614.0,0.00132624
DNT/BTC,1560541835279,2019-06-14T19:50:35.279Z,buy,2.16e-06,500.0,0.00108
DNT/BTC,1560542002170,2019-06-14T19:53:22.170Z,buy,2.16e-06,500.0,0.00108
DNT/BTC,1560542002977,2019-06-14T19:53:22.977Z,sell,2.15e-06,3970.0,0.0085355
DNT/BTC,1560542083086,2019-06-14T19:54:43.086Z,sell,2.15e-06,77300.0,0.166195
DNT/BTC,1560542083525,2019-06-14T19:54:43.525Z,buy,2.15e-06,163.0,0.00035045
DNT/BTC,1560542091793,2019-06-14T19:54:51.793Z,sell,2.14e-06,34145.0,0.0730702999999999
DNT/BTC,1560542091857,2019-06-14T19:54:51.857Z,buy,2.14e-06,4122.0,0.0088210799999999
DNT/BTC,1560542127548,2019-06-14T19:55:27.548Z,sell,2.14e-06,1018.0,0.0021785199999999
DNT/BTC,1560542158115,2019-06-14T19:55:58.115Z,sell,2.14e-06,13992.0,0.0299428799999999
DNT/BTC,1560542188924,2019-06-14T19:56:28.924Z,buy,2.15e-06,491.0,0.00105565
DNT/BTC,1560542188962,2019-06-14T19:56:28.962Z,sell,2.15e-06,23877.0,0.05133555
DNT/BTC,1560542193649,2019-06-14T19:56:33.649Z,buy,2.16e-06,509.0,0.00109944
DNT/BTC,1560542310123,2019-06-14T19:58:30.123Z,buy,2.16e-06,170.0,0.0003672
DNT/BTC,1560542310123,2019-06-14T19:58:30.123Z,buy,2.16e-06,170.0,0.0003672
DNT/BTC,1560542466796,2019-06-14T20:01:06.796Z,buy,2.16e-06,4238.0,0.00915408
DNT/BTC,1560542467120,2019-06-14T20:01:07.120Z,sell,2.16e-06,731.0,0.00157896
DNT/BTC,1560542607951,2019-06-14T20:03:27.951Z,buy,2.16e-06,6536.0,0.01411776
DNT/BTC,1560543128119,2019-06-14T20:12:08.119Z,sell,2.15e-06,474.0,0.0010191
DNT/BTC,1560543144309,2019-06-14T20:12:24.309Z,sell,2.15e-06,6269.0,0.01347835
DNT/BTC,1560543156627,2019-06-14T20:12:36.627Z,sell,2.15e-06,618.0,0.0013287
DNT/BTC,1560543156627,2019-06-14T20:12:36.627Z,sell,2.14e-06,4351.0,0.0093111399999999
DNT/BTC,1560543219614,2019-06-14T20:13:39.614Z,sell,2.15e-06,54117.0,0.11635155
DNT/BTC,1560543244600,2019-06-14T20:14:04.600Z,buy,2.15e-06,1951.0,0.00419465
DNT/BTC,1560543434527,2019-06-14T20:17:14.527Z,buy,2.15e-06,14885.0,0.03200275
DNT/BTC,1560543435024,2019-06-14T20:17:15.024Z,sell,2.15e-06,47795.0,0.10275925
DNT/BTC,1560543543968,2019-06-14T20:19:03.968Z,sell,2.14e-06,9377.0,0.02006678
DNT/BTC,1560543560494,2019-06-14T20:19:20.494Z,buy,2.15e-06,474.0,0.0010191
DNT/BTC,1560543641610,2019-06-14T20:20:41.610Z,buy,2.15e-06,166.0,0.0003569
DNT/BTC,1560543769790,2019-06-14T20:22:49.790Z,buy,2.15e-06,790.0,0.0016985
DNT/BTC,1560544007910,2019-06-14T20:26:47.910Z,sell,2.15e-06,9604.0,0.0206486
DNT/BTC,1560544094632,2019-06-14T20:28:14.632Z,sell,2.14e-06,29791.0,0.0637527399999999
DNT/BTC,1560544144470,2019-06-14T20:29:04.470Z,sell,2.14e-06,80926.0,0.17318164
DNT/BTC,1560544149646,2019-06-14T20:29:09.646Z,sell,2.14e-06,60694.0,0.12988516
DNT/BTC,1560544157158,2019-06-14T20:29:17.158Z,sell,2.14e-06,91041.0,0.19482774
DNT/BTC,1560544162136,2019-06-14T20:29:22.136Z,sell,2.14e-06,39896.0,0.08537744
DNT/BTC,1560544167649,2019-06-14T20:29:27.649Z,buy,2.14e-06,5625.0,0.0120375
DNT/BTC,1560544217681,2019-06-14T20:30:17.681Z,buy,2.14e-06,45520.0,0.0974128
DNT/BTC,1560544337755,2019-06-14T20:32:17.755Z,sell,2.14e-06,599.0,0.00128186
DNT/BTC,1560544337755,2019-06-14T20:32:17.755Z,sell,2.13e-06,6112.0,0.01301856
DNT/BTC,1560544337755,2019-06-14T20:32:17.755Z,sell,2.13e-06,15997.0,0.03407361
DNT/BTC,1560544425789,2019-06-14T20:33:45.789Z,buy,2.14e-06,7022.0,0.0150270799999999
DNT/BTC,1560544627642,2019-06-14T20:37:07.642Z,sell,2.14e-06,3167.0,0.0067773799999999
DNT/BTC,1560544674145,2019-06-14T20:37:54.145Z,sell,2.13e-06,9001.0,0.01917213
DNT/BTC,1560544705387,2019-06-14T20:38:25.387Z,sell,2.13e-06,89056.0,0.18968928
DNT/BTC,1560544820565,2019-06-14T20:40:20.565Z,sell,2.13e-06,3209.0,0.00683517
DNT/BTC,1560545151224,2019-06-14T20:45:51.224Z,sell,2.13e-06,4250.0,0.0090525
DNT/BTC,1560545223649,2019-06-14T20:47:03.649Z,buy,2.14e-06,1492.0,0.00319288
DNT/BTC,1560545376606,2019-06-14T20:49:36.606Z,sell,2.13e-06,50663.0,0.1079121899999999
DNT/BTC,1560545386155,2019-06-14T20:49:46.155Z,sell,2.13e-06,23053.0,0.0491028899999999
DNT/BTC,1560545386155,2019-06-14T20:49:46.155Z,sell,2.12e-06,94352.0,0.20002624
DNT/BTC,1560545386176,2019-06-14T20:49:46.176Z,buy,2.12e-06,34159.0,0.07241708
DNT/BTC,1560545386183,2019-06-14T20:49:46.183Z,buy,2.12e-06,48495.0,0.1028094
DNT/BTC,1560545386185,2019-06-14T20:49:46.185Z,buy,2.12e-06,48512.0,0.10284544
DNT/BTC,1560545386196,2019-06-14T20:49:46.196Z,buy,2.12e-06,2853.0,0.00604836
DNT/BTC,1560545386198,2019-06-14T20:49:46.198Z,buy,2.12e-06,778.0,0.00164936
DNT/BTC,1560545386205,2019-06-14T20:49:46.205Z,buy,2.12e-06,18899.0,0.04006588
DNT/BTC,1560545386370,2019-06-14T20:49:46.370Z,buy,2.12e-06,2719.0,0.00576428
DNT/BTC,1560545386384,2019-06-14T20:49:46.384Z,buy,2.12e-06,90588.0,0.19204656
DNT/BTC,1560545386636,2019-06-14T20:49:46.636Z,buy,2.12e-06,65544.0,0.13895328
DNT/BTC,1560545386856,2019-06-14T20:49:46.856Z,buy,2.13e-06,33004.0,0.07029852
DNT/BTC,1560545391730,2019-06-14T20:49:51.730Z,buy,2.12e-06,2195.0,0.0046534
DNT/BTC,1560545393960,2019-06-14T20:49:53.960Z,buy,2.13e-06,12868.0,0.02740884
DNT/BTC,1560545398729,2019-06-14T20:49:58.729Z,buy,2.13e-06,12265.0,0.02612445
DNT/BTC,1560545477748,2019-06-14T20:51:17.748Z,buy,2.14e-06,589.0,0.00126046
DNT/BTC,1560545483067,2019-06-14T20:51:23.067Z,sell,2.13e-06,1732.0,0.00368916
DNT/BTC,1560545483127,2019-06-14T20:51:23.127Z,sell,2.12e-06,1732.0,0.00367184
DNT/BTC,1560545514972,2019-06-14T20:51:54.972Z,buy,2.13e-06,4056.0,0.00863928
DNT/BTC,1560545630295,2019-06-14T20:53:50.295Z,buy,2.13e-06,4957.0,0.0105584099999999
DNT/BTC,1560545651901,2019-06-14T20:54:11.901Z,sell,2.13e-06,6170.0,0.0131421
DNT/BTC,1560545651944,2019-06-14T20:54:11.944Z,sell,2.12e-06,4989.0,0.01057668
DNT/BTC,1560545668759,2019-06-14T20:54:28.759Z,buy,2.13e-06,8432.0,0.01796016
DNT/BTC,1560545677762,2019-06-14T20:54:37.762Z,buy,2.13e-06,427.0,0.00090951
DNT/BTC,1560545677762,2019-06-14T20:54:37.762Z,buy,2.13e-06,427.0,0.00090951
DNT/BTC,1560545947747,2019-06-14T20:59:07.747Z,buy,2.13e-06,7042.0,0.01499946
DNT/BTC,1560546004305,2019-06-14T21:00:04.305Z,sell,2.12e-06,4651.0,0.00986012
DNT/BTC,1560546009732,2019-06-14T21:00:09.732Z,sell,2.12e-06,114486.0,0.24271032
DNT/BTC,1560546063679,2019-06-14T21:01:03.679Z,sell,2.12e-06,92958.0,0.19707096
DNT/BTC,1560546132551,2019-06-14T21:02:12.551Z,sell,2.12e-06,107138.0,0.22713256
DNT/BTC,1560546145583,2019-06-14T21:02:25.583Z,sell,2.12e-06,9378.0,0.01988136
DNT/BTC,1560546214203,2019-06-14T21:03:34.203Z,sell,2.12e-06,24368.0,0.05166016
DNT/BTC,1560546214459,2019-06-14T21:03:34.459Z,sell,2.12e-06,16065.0,0.0340578
DNT/BTC,1560546218294,2019-06-14T21:03:38.294Z,sell,2.11e-06,2695.0,0.00568645
DNT/BTC,1560546272793,2019-06-14T21:04:32.793Z,sell,2.11e-06,754.0,0.00159094
DNT/BTC,1560546278538,2019-06-14T21:04:38.538Z,sell,2.1e-06,2197.0,0.0046136999999999
DNT/BTC,1560546367601,2019-06-14T21:06:07.601Z,sell,2.1e-06,851.0,0.0017870999999999
DNT/BTC,1560546392550,2019-06-14T21:06:32.550Z,buy,2.11e-06,888.0,0.00187368
DNT/BTC,1560546392722,2019-06-14T21:06:32.722Z,buy,2.11e-06,774.0,0.00163314
DNT/BTC,1560546401995,2019-06-14T21:06:41.995Z,sell,2.1e-06,6610.0,0.013881
DNT/BTC,1560546404266,2019-06-14T21:06:44.266Z,sell,2.1e-06,2738.0,0.0057497999999999
DNT/BTC,1560546420937,2019-06-14T21:07:00.937Z,buy,2.11e-06,1184.0,0.00249824
DNT/BTC,1560546464081,2019-06-14T21:07:44.081Z,sell,2.1e-06,2187.0,0.0045927
DNT/BTC,1560546489822,2019-06-14T21:08:09.822Z,buy,2.11e-06,645.0,0.00136095
DNT/BTC,1560546511845,2019-06-14T21:08:31.845Z,sell,2.1e-06,52254.0,0.1097334
DNT/BTC,1560546512112,2019-06-14T21:08:32.112Z,buy,2.1e-06,3197.0,0.0067136999999999
DNT/BTC,1560546520173,2019-06-14T21:08:40.173Z,sell,2.09e-06,1578.0,0.00329802
DNT/BTC,1560546545187,2019-06-14T21:09:05.187Z,sell,2.09e-06,4761.0,0.00995049
DNT/BTC,1560546557371,2019-06-14T21:09:17.371Z,sell,2.09e-06,1560.0,0.0032603999999999
DNT/BTC,1560546566384,2019-06-14T21:09:26.384Z,sell,2.09e-06,1074.0,0.00224466
DNT/BTC,1560546656122,2019-06-14T21:10:56.122Z,buy,2.09e-06,167.0,0.0003490299999999
DNT/BTC,1560546659176,2019-06-14T21:10:59.176Z,buy,2.09e-06,2225.0,0.00465025
DNT/BTC,1560546662851,2019-06-14T21:11:02.851Z,buy,2.09e-06,13696.0,0.02862464
DNT/BTC,1560546694031,2019-06-14T21:11:34.031Z,buy,2.09e-06,562.0,0.00117458
DNT/BTC,1560546725154,2019-06-14T21:12:05.154Z,buy,2.09e-06,10325.0,0.0215792499999999
DNT/BTC,1560546732319,2019-06-14T21:12:12.319Z,sell,2.09e-06,9877.0,0.02064293
DNT/BTC,1560546737865,2019-06-14T21:12:17.865Z,buy,2.09e-06,957.0,0.0020001299999999
DNT/BTC,1560546826452,2019-06-14T21:13:46.452Z,buy,2.09e-06,23923.0,0.04999907
DNT/BTC,1560546842400,2019-06-14T21:14:02.400Z,buy,2.09e-06,479.0,0.00100111
DNT/BTC,1560546855275,2019-06-14T21:14:15.275Z,sell,2.08e-06,19803.0,0.04119024
DNT/BTC,1560546856968,2019-06-14T21:14:16.968Z,sell,2.07e-06,884.0,0.00182988
DNT/BTC,1560546856968,2019-06-14T21:14:16.968Z,sell,2.07e-06,23976.0,0.04963032
DNT/BTC,1560546858742,2019-06-14T21:14:18.742Z,sell,2.07e-06,2738.0,0.00566766
DNT/BTC,1560546871775,2019-06-14T21:14:31.775Z,sell,2.07e-06,10523.0,0.02178261
DNT/BTC,1560546872835,2019-06-14T21:14:32.835Z,buy,2.08e-06,2607.0,0.00542256
DNT/BTC,1560546877396,2019-06-14T21:14:37.396Z,sell,2.07e-06,2346.0,0.00485622
DNT/BTC,1560546898712,2019-06-14T21:14:58.712Z,sell,2.07e-06,4400.0,0.009108
DNT/BTC,1560546898878,2019-06-14T21:14:58.878Z,sell,2.07e-06,4864.0,0.01006848
DNT/BTC,1560546899408,2019-06-14T21:14:59.408Z,sell,2.07e-06,3776.0,0.00781632
DNT/BTC,1560546899573,2019-06-14T21:14:59.573Z,sell,2.06e-06,2430.0,0.0050058
DNT/BTC,1560546900330,2019-06-14T21:15:00.330Z,buy,2.07e-06,1351.0,0.00279657
DNT/BTC,1560546907955,2019-06-14T21:15:07.955Z,sell,2.06e-06,855.0,0.0017613
DNT/BTC,1560546911036,2019-06-14T21:15:11.036Z,sell,2.06e-06,2980.0,0.0061388
DNT/BTC,1560546911525,2019-06-14T21:15:11.525Z,sell,2.06e-06,3912.0,0.00805872
DNT/BTC,1560546911891,2019-06-14T21:15:11.891Z,buy,2.07e-06,4831.0,0.01000017
DNT/BTC,1560546919456,2019-06-14T21:15:19.456Z,sell,2.06e-06,9788.0,0.02016328
DNT/BTC,1560546931081,2019-06-14T21:15:31.081Z,buy,2.07e-06,14492.0,0.02999844
DNT/BTC,1560546931144,2019-06-14T21:15:31.144Z,buy,2.07e-06,14492.0,0.02999844
DNT/BTC,1560546931183,2019-06-14T21:15:31.183Z,buy,2.07e-06,2922.0,0.00604854
DNT/BTC,1560546931184,2019-06-14T21:15:31.184Z,buy,2.07e-06,8028.0,0.01661796
DNT/BTC,1560546931196,2019-06-14T21:15:31.196Z,buy,2.07e-06,8593.0,0.01778751
DNT/BTC,1560546931197,2019-06-14T21:15:31.197Z,buy,2.07e-06,8028.0,0.01661796
DNT/BTC,1560546931263,2019-06-14T21:15:31.263Z,buy,2.07e-06,8029.0,0.01662003
DNT/BTC,1560546931280,2019-06-14T21:15:31.280Z,buy,2.07e-06,8029.0,0.01662003
DNT/BTC,1560546931293,2019-06-14T21:15:31.293Z,buy,2.07e-06,8899.0,0.01842093
DNT/BTC,1560546931331,2019-06-14T21:15:31.331Z,buy,2.07e-06,8029.0,0.01662003
DNT/BTC,1560546931357,2019-06-14T21:15:31.357Z,buy,2.07e-06,8029.0,0.01662003
DNT/BTC,1560546931414,2019-06-14T21:15:31.414Z,buy,2.07e-06,14888.0,0.03081816
DNT/BTC,1560546931626,2019-06-14T21:15:31.626Z,buy,2.07e-06,39019.0,0.08076933
DNT/BTC,1560546937070,2019-06-14T21:15:37.070Z,buy,2.07e-06,1923.0,0.00398061
DNT/BTC,1560546951614,2019-06-14T21:15:51.614Z,buy,2.07e-06,488.0,0.00101016
DNT/BTC,1560547006417,2019-06-14T21:16:46.417Z,buy,2.07e-06,135181.0,0.27982467
DNT/BTC,1560547015004,2019-06-14T21:16:55.004Z,buy,2.08e-06,20415.0,0.0424632
DNT/BTC,1560547023272,2019-06-14T21:17:03.272Z,sell,2.07e-06,8849.0,0.01831743
DNT/BTC,1560547023962,2019-06-14T21:17:03.962Z,buy,2.08e-06,961.0,0.00199888
DNT/BTC,1560547024054,2019-06-14T21:17:04.054Z,buy,2.08e-06,1923.0,0.00399984
DNT/BTC,1560547024847,2019-06-14T21:17:04.847Z,buy,2.08e-06,4393.0,0.00913744
DNT/BTC,1560547027429,2019-06-14T21:17:07.429Z,buy,2.08e-06,2403.0,0.00499824
DNT/BTC,1560547028585,2019-06-14T21:17:08.585Z,buy,2.08e-06,2403.0,0.00499824
DNT/BTC,1560547042621,2019-06-14T21:17:22.621Z,buy,2.08e-06,722.0,0.00150176
DNT/BTC,1560547140359,2019-06-14T21:19:00.359Z,buy,2.08e-06,96538.0,0.20079904
DNT/BTC,1560547140827,2019-06-14T21:19:00.827Z,buy,2.08e-06,23682.0,0.04925856
DNT/BTC,1560547145018,2019-06-14T21:19:05.018Z,buy,2.09e-06,2571.0,0.00537339
DNT/BTC,1560547146458,2019-06-14T21:19:06.458Z,buy,2.09e-06,3047.0,0.00636823
DNT/BTC,1560547180100,2019-06-14T21:19:40.100Z,buy,2.09e-06,2000.0,0.00418
DNT/BTC,1560547186098,2019-06-14T21:19:46.098Z,buy,2.09e-06,1835.0,0.00383515
DNT/BTC,1560547261538,2019-06-14T21:21:01.538Z,sell,2.08e-06,687.0,0.00142896
DNT/BTC,1560547263649,2019-06-14T21:21:03.649Z,sell,2.08e-06,869.0,0.00180752
DNT/BTC,1560547263649,2019-06-14T21:21:03.649Z,sell,2.07e-06,31568.0,0.06534576
DNT/BTC,1560547320223,2019-06-14T21:22:00.223Z,buy,2.08e-06,24051.0,0.05002608
DNT/BTC,1560547320251,2019-06-14T21:22:00.251Z,sell,2.08e-06,27921.0,0.05807568
DNT/BTC,1560547320263,2019-06-14T21:22:00.263Z,buy,2.09e-06,1733.0,0.00362197
DNT/BTC,1560547320897,2019-06-14T21:22:00.897Z,sell,2.08e-06,969.0,0.00201552
DNT/BTC,1560547325894,2019-06-14T21:22:05.894Z,buy,2.09e-06,14055.0,0.0293749499999999
DNT/BTC,1560547329130,2019-06-14T21:22:09.130Z,buy,2.09e-06,14793.0,0.03091737
DNT/BTC,1560547330271,2019-06-14T21:22:10.271Z,sell,2.08e-06,1733.0,0.00360464
DNT/BTC,1560547367516,2019-06-14T21:22:47.516Z,buy,2.09e-06,543.0,0.0011348699999999
DNT/BTC,1560547393094,2019-06-14T21:23:13.094Z,buy,2.09e-06,778.0,0.00162602
DNT/BTC,1560547448256,2019-06-14T21:24:08.256Z,buy,2.09e-06,1720.0,0.0035948
DNT/BTC,1560547455262,2019-06-14T21:24:15.262Z,sell,2.08e-06,1720.0,0.0035776
DNT/BTC,1560547456250,2019-06-14T21:24:16.250Z,sell,2.08e-06,25683.0,0.05342064
DNT/BTC,1560547456797,2019-06-14T21:24:16.797Z,buy,2.08e-06,1317.0,0.00273936
DNT/BTC,1560547490267,2019-06-14T21:24:50.267Z,buy,2.09e-06,1707.0,0.00356763
DNT/BTC,1560547495762,2019-06-14T21:24:55.762Z,buy,2.09e-06,479.0,0.00100111
DNT/BTC,1560547536596,2019-06-14T21:25:36.596Z,sell,2.08e-06,667.0,0.00138736
DNT/BTC,1560547552984,2019-06-14T21:25:52.984Z,sell,2.08e-06,18000.0,0.03744
DNT/BTC,1560547593561,2019-06-14T21:26:33.561Z,buy,2.09e-06,10489.0,0.02192201
DNT/BTC,1560547686179,2019-06-14T21:28:06.179Z,buy,2.1e-06,4327.0,0.0090867
DNT/BTC,1560547700326,2019-06-14T21:28:20.326Z,buy,2.11e-06,1707.0,0.00360177
DNT/BTC,1560547700369,2019-06-14T21:28:20.369Z,sell,2.11e-06,2373.0,0.00500703
DNT/BTC,1560547700399,2019-06-14T21:28:20.399Z,sell,2.1e-06,5478.0,0.0115037999999999
DNT/BTC,1560547701931,2019-06-14T21:28:21.931Z,sell,2.09e-06,2607.0,0.0054486299999999
DNT/BTC,1560547702172,2019-06-14T21:28:22.172Z,buy,2.1e-06,4761.0,0.0099981
DNT/BTC,1560547708319,2019-06-14T21:28:28.319Z,buy,2.1e-06,177.0,0.0003717
DNT/BTC,1560547709007,2019-06-14T21:28:29.007Z,buy,2.1e-06,8119.0,0.0170499
DNT/BTC,1560547712265,2019-06-14T21:28:32.265Z,buy,2.1e-06,6824.0,0.0143303999999999
DNT/BTC,1560547722255,2019-06-14T21:28:42.255Z,buy,2.1e-06,1718.0,0.0036077999999999
DNT/BTC,1560547722495,2019-06-14T21:28:42.495Z,buy,2.1e-06,945.0,0.0019844999999999
DNT/BTC,1560547730925,2019-06-14T21:28:50.925Z,sell,2.1e-06,5547.0,0.0116487
DNT/BTC,1560547744064,2019-06-14T21:29:04.064Z,buy,2.1e-06,54001.0,0.1134020999999999
DNT/BTC,1560547744398,2019-06-14T21:29:04.398Z,buy,2.11e-06,930.0,0.0019623
DNT/BTC,1560547749026,2019-06-14T21:29:09.026Z,buy,2.11e-06,156.0,0.00032916
DNT/BTC,1560547752714,2019-06-14T21:29:12.714Z,sell,2.1e-06,2403.0,0.0050462999999999
DNT/BTC,1560547753419,2019-06-14T21:29:13.419Z,sell,2.1e-06,2403.0,0.0050462999999999
DNT/BTC,1560547826073,2019-06-14T21:30:26.073Z,sell,2.1e-06,14238.0,0.0298997999999999
DNT/BTC,1560547826137,2019-06-14T21:30:26.137Z,sell,2.1e-06,14238.0,0.0298997999999999
DNT/BTC,1560547826203,2019-06-14T21:30:26.203Z,sell,2.1e-06,8336.0,0.0175056
DNT/BTC,1560547827892,2019-06-14T21:30:27.892Z,sell,2.09e-06,9523.0,0.01990307
DNT/BTC,1560547867027,2019-06-14T21:31:07.027Z,buy,2.1e-06,3822.0,0.0080261999999999
DNT/BTC,1560547871599,2019-06-14T21:31:11.599Z,sell,2.09e-06,2163.0,0.00452067
DNT/BTC,1560547932983,2019-06-14T21:32:12.983Z,sell,2.09e-06,12177.0,0.02544993
DNT/BTC,1560547943116,2019-06-14T21:32:23.116Z,sell,2.09e-06,20274.0,0.04237266
DNT/BTC,1560547984927,2019-06-14T21:33:04.927Z,buy,2.1e-06,911.0,0.0019130999999999
DNT/BTC,1560547996221,2019-06-14T21:33:16.221Z,buy,2.1e-06,761.0,0.0015980999999999
DNT/BTC,1560548010016,2019-06-14T21:33:30.016Z,sell,2.09e-06,4761.0,0.00995049
DNT/BTC,1560548010446,2019-06-14T21:33:30.446Z,sell,2.09e-06,1317.0,0.00275253
DNT/BTC,1560548065384,2019-06-14T21:34:25.384Z,sell,2.09e-06,4830.0,0.0100947
DNT/BTC,1560548075458,2019-06-14T21:34:35.458Z,sell,2.09e-06,5000.0,0.01045
DNT/BTC,1560548138356,2019-06-14T21:35:38.356Z,sell,2.09e-06,2425.0,0.00506825
DNT/BTC,1560548138443,2019-06-14T21:35:38.443Z,buy,2.09e-06,834.0,0.0017430599999999
DNT/BTC,1560548138649,2019-06-14T21:35:38.649Z,sell,2.08e-06,927.0,0.00192816
DNT/BTC,1560548138773,2019-06-14T21:35:38.773Z,buy,2.08e-06,1734.0,0.00360672
DNT/BTC,1560548154879,2019-06-14T21:35:54.879Z,buy,2.09e-06,7608.0,0.01590072
DNT/BTC,1560548191876,2019-06-14T21:36:31.876Z,buy,2.09e-06,8411.0,0.01757899
DNT/BTC,1560548192885,2019-06-14T21:36:32.885Z,buy,2.09e-06,50831.0,0.10623679
DNT/BTC,1560548197883,2019-06-14T21:36:37.883Z,buy,2.09e-06,29153.0,0.0609297699999999
DNT/BTC,1560548210881,2019-06-14T21:36:50.881Z,buy,2.09e-06,8285.0,0.01731565
DNT/BTC,1560548216882,2019-06-14T21:36:56.882Z,buy,2.09e-06,78656.0,0.16439104
DNT/BTC,1560548218877,2019-06-14T21:36:58.877Z,buy,2.09e-06,520.0,0.0010868
DNT/BTC,1560548226885,2019-06-14T21:37:06.885Z,buy,2.09e-06,508.0,0.00106172
DNT/BTC,1560548290169,2019-06-14T21:38:10.169Z,buy,2.09e-06,24916.0,0.05207444
DNT/BTC,1560548340655,2019-06-14T21:39:00.655Z,sell,2.08e-06,740.0,0.0015392
DNT/BTC,1560548351068,2019-06-14T21:39:11.068Z,buy,2.09e-06,145381.0,0.3038462899999999
DNT/BTC,1560548652910,2019-06-14T21:44:12.910Z,buy,2.1e-06,21177.0,0.0444716999999999
DNT/BTC,1560548685454,2019-06-14T21:44:45.454Z,sell,2.1e-06,1105.0,0.0023204999999999
DNT/BTC,1560548686909,2019-06-14T21:44:46.909Z,buy,2.1e-06,1737.0,0.0036477
DNT/BTC,1560548747798,2019-06-14T21:45:47.798Z,buy,2.11e-06,565.0,0.00119215
DNT/BTC,1560548790580,2019-06-14T21:46:30.580Z,sell,2.09e-06,11581.0,0.02420429
DNT/BTC,1560548790916,2019-06-14T21:46:30.916Z,buy,2.1e-06,1453.0,0.0030513
DNT/BTC,1560548791351,2019-06-14T21:46:31.351Z,sell,2.09e-06,9616.0,0.0200974399999999
DNT/BTC,1560548792435,2019-06-14T21:46:32.435Z,sell,2.09e-06,2966.0,0.00619894
DNT/BTC,1560548793781,2019-06-14T21:46:33.781Z,buy,2.11e-06,1566.0,0.00330426
DNT/BTC,1560548796458,2019-06-14T21:46:36.458Z,sell,2.09e-06,16032.0,0.0335068799999999
DNT/BTC,1560548796638,2019-06-14T21:46:36.638Z,sell,2.09e-06,327934.0,0.68538206
DNT/BTC,1560548799081,2019-06-14T21:46:39.081Z,sell,2.08e-06,19138.0,0.03980704
DNT/BTC,1560548928539,2019-06-14T21:48:48.539Z,buy,2.1e-06,485.0,0.0010184999999999
DNT/BTC,1560548949787,2019-06-14T21:49:09.787Z,sell,2.08e-06,13009.0,0.02705872
DNT/BTC,1560548949789,2019-06-14T21:49:09.789Z,sell,2.08e-06,13612.0,0.02831296
DNT/BTC,1560548952448,2019-06-14T21:49:12.448Z,sell,2.08e-06,624.0,0.00129792
DNT/BTC,1560548952448,2019-06-14T21:49:12.448Z,sell,2.07e-06,8992.0,0.01861344
DNT/BTC,1560548967421,2019-06-14T21:49:27.421Z,sell,2.07e-06,19612.0,0.04059684
DNT/BTC,1560549012345,2019-06-14T21:50:12.345Z,sell,2.07e-06,565.0,0.00116955
DNT/BTC,1560549092663,2019-06-14T21:51:32.663Z,buy,2.09e-06,746.0,0.0015591399999999
DNT/BTC,1560549092690,2019-06-14T21:51:32.690Z,buy,2.09e-06,954.0,0.00199386
DNT/BTC,1560549100927,2019-06-14T21:51:40.927Z,buy,2.09e-06,1058.0,0.00221122
DNT/BTC,1560549100952,2019-06-14T21:51:40.952Z,buy,2.09e-06,1226.0,0.0025623399999999
DNT/BTC,1560549108924,2019-06-14T21:51:48.924Z,buy,2.09e-06,375.0,0.0007837499999999
DNT/BTC,1560549215483,2019-06-14T21:53:35.483Z,sell,2.08e-06,48582.0,0.10105056
DNT/BTC,1560549262973,2019-06-14T21:54:22.973Z,buy,2.1e-06,178.0,0.0003738
DNT/BTC,1560549269901,2019-06-14T21:54:29.901Z,sell,2.08e-06,30788.0,0.06403904
DNT/BTC,1560549269935,2019-06-14T21:54:29.935Z,buy,2.08e-06,5520.0,0.0114816
DNT/BTC,1560549269935,2019-06-14T21:54:29.935Z,buy,2.08e-06,5520.0,0.0114816
DNT/BTC,1560549319892,2019-06-14T21:55:19.892Z,sell,2.07e-06,16305.0,0.03375135
DNT/BTC,1560549319895,2019-06-14T21:55:19.895Z,sell,2.07e-06,27966.0,0.05788962
DNT/BTC,1560549320412,2019-06-14T21:55:20.412Z,sell,2.07e-06,1886.0,0.00390402
DNT/BTC,1560549321316,2019-06-14T21:55:21.316Z,sell,2.07e-06,9662.0,0.02000034
DNT/BTC,1560549330950,2019-06-14T21:55:30.950Z,buy,2.08e-06,10557.0,0.02195856
DNT/BTC,1560549813412,2019-06-14T22:03:33.412Z,buy,2.09e-06,9670.0,0.0202103
DNT/BTC,1560549861637,2019-06-14T22:04:21.637Z,buy,2.09e-06,18338.0,0.03832642
DNT/BTC,1560549861794,2019-06-14T22:04:21.794Z,sell,2.09e-06,5829.0,0.01218261
DNT/BTC,1560549907619,2019-06-14T22:05:07.619Z,sell,2.09e-06,44750.0,0.0935275
DNT/BTC,1560549932813,2019-06-14T22:05:32.813Z,sell,2.09e-06,11.0,2.299e-05
DNT/BTC,1560549932813,2019-06-14T22:05:32.813Z,sell,2.08e-06,72114.0,0.14999712
DNT/BTC,1560549932813,2019-06-14T22:05:32.813Z,sell,2.07e-06,177879.0,0.36820953
DNT/BTC,1560549934977,2019-06-14T22:05:34.977Z,buy,2.08e-06,6364.0,0.01323712
DNT/BTC,1560549977313,2019-06-14T22:06:17.313Z,sell,2.07e-06,102000.0,0.21114
DNT/BTC,1560549979003,2019-06-14T22:06:19.003Z,buy,2.08e-06,19779.0,0.04114032
DNT/BTC,1560550135574,2019-06-14T22:08:55.574Z,sell,2.07e-06,31449.0,0.06509943
DNT/BTC,1560550135574,2019-06-14T22:08:55.574Z,sell,2.06e-06,137124.0,0.28247544
DNT/BTC,1560550137129,2019-06-14T22:08:57.129Z,buy,2.08e-06,1763.0,0.00366704
DNT/BTC,1560550162988,2019-06-14T22:09:22.988Z,buy,2.07e-06,11867.0,0.02456469
DNT/BTC,1560550163803,2019-06-14T22:09:23.803Z,buy,2.07e-06,500.0,0.001035
DNT/BTC,1560550201245,2019-06-14T22:10:01.245Z,buy,2.07e-06,484.0,0.00100188
DNT/BTC,1560550221453,2019-06-14T22:10:21.453Z,sell,2.06e-06,6971.0,0.01436026
DNT/BTC,1560550278742,2019-06-14T22:11:18.742Z,sell,2.06e-06,185159.0,0.38142754
DNT/BTC,1560550314156,2019-06-14T22:11:54.156Z,buy,2.07e-06,603.0,0.00124821
DNT/BTC,1560550364850,2019-06-14T22:12:44.850Z,buy,2.07e-06,1013.0,0.00209691
DNT/BTC,1560550401918,2019-06-14T22:13:21.918Z,buy,2.07e-06,8700.0,0.018009
DNT/BTC,1560550408557,2019-06-14T22:13:28.557Z,buy,2.08e-06,2885.0,0.0060008
DNT/BTC,1560550417587,2019-06-14T22:13:37.587Z,buy,2.08e-06,10000.0,0.0208
DNT/BTC,1560550448973,2019-06-14T22:14:08.973Z,buy,2.08e-06,177.0,0.0003681599999999
DNT/BTC,1560550502987,2019-06-14T22:15:02.987Z,buy,2.08e-06,141.0,0.00029328
DNT/BTC,1560550590275,2019-06-14T22:16:30.275Z,buy,2.08e-06,154.0,0.00032032
DNT/BTC,1560550600017,2019-06-14T22:16:40.017Z,buy,2.08e-06,147.0,0.0003057599999999
DNT/BTC,1560550626423,2019-06-14T22:17:06.423Z,sell,2.07e-06,15901.0,0.03291507
DNT/BTC,1560550626637,2019-06-14T22:17:06.637Z,sell,2.07e-06,1886.0,0.00390402
DNT/BTC,1560550628434,2019-06-14T22:17:08.434Z,sell,2.07e-06,9662.0,0.02000034
DNT/BTC,1560550654910,2019-06-14T22:17:34.910Z,sell,2.07e-06,1427.0,0.00295389
DNT/BTC,1560550655849,2019-06-14T22:17:35.849Z,sell,2.07e-06,1427.0,0.00295389
DNT/BTC,1560550736952,2019-06-14T22:18:56.952Z,sell,2.07e-06,140123.0,0.29005461
DNT/BTC,1560550736952,2019-06-14T22:18:56.952Z,sell,2.06e-06,14422.0,0.02970932
DNT/BTC,1560550913391,2019-06-14T22:21:53.391Z,buy,2.08e-06,178.0,0.00037024
DNT/BTC,1560550913472,2019-06-14T22:21:53.472Z,sell,2.07e-06,490.0,0.0010143
DNT/BTC,1560551010327,2019-06-14T22:23:30.327Z,sell,2.07e-06,521.0,0.00107847
DNT/BTC,1560551088157,2019-06-14T22:24:48.157Z,sell,2.07e-06,3527.0,0.00730089
DNT/BTC,1560551165649,2019-06-14T22:26:05.649Z,sell,2.07e-06,33801.0,0.06996807
DNT/BTC,1560551173045,2019-06-14T22:26:13.045Z,buy,2.07e-06,60445.0,0.12512115
DNT/BTC,1560551217742,2019-06-14T22:26:57.742Z,sell,2.06e-06,14864.0,0.03061984
DNT/BTC,1560551318052,2019-06-14T22:28:38.052Z,buy,2.07e-06,663.0,0.00137241
DNT/BTC,1560551487341,2019-06-14T22:31:27.341Z,sell,2.06e-06,13421.0,0.02764726
DNT/BTC,1560551487369,2019-06-14T22:31:27.369Z,buy,2.06e-06,1343.0,0.00276658
DNT/BTC,1560551494633,2019-06-14T22:31:34.633Z,sell,2.05e-06,2172.0,0.0044525999999999
DNT/BTC,1560551494633,2019-06-14T22:31:34.633Z,sell,2.05e-06,7314.0,0.0149936999999999
DNT/BTC,1560551596619,2019-06-14T22:33:16.619Z,buy,2.07e-06,1207.0,0.00249849
DNT/BTC,1560551707483,2019-06-14T22:35:07.483Z,sell,2.05e-06,629.0,0.00128945
DNT/BTC,1560551712331,2019-06-14T22:35:12.331Z,sell,2.05e-06,14285.0,0.0292842499999999
DNT/BTC,1560551716396,2019-06-14T22:35:16.396Z,sell,2.05e-06,2738.0,0.0056129
DNT/BTC,1560551805011,2019-06-14T22:36:45.011Z,sell,2.05e-06,2100.0,0.004305
DNT/BTC,1560551883071,2019-06-14T22:38:03.071Z,sell,2.05e-06,76062.0,0.1559270999999999
DNT/BTC,1560551890844,2019-06-14T22:38:10.844Z,sell,2.05e-06,3414.0,0.0069986999999999
DNT/BTC,1560552032416,2019-06-14T22:40:32.416Z,buy,2.07e-06,729.0,0.00150903
DNT/BTC,1560552096501,2019-06-14T22:41:36.501Z,sell,2.06e-06,20000.0,0.0412
DNT/BTC,1560552120598,2019-06-14T22:42:00.598Z,sell,2.06e-06,18046.0,0.03717476
DNT/BTC,1560552123459,2019-06-14T22:42:03.459Z,sell,2.05e-06,642.0,0.0013161
DNT/BTC,1560552201613,2019-06-14T22:43:21.613Z,sell,2.05e-06,52851.0,0.10834455
DNT/BTC,1560552225804,2019-06-14T22:43:45.804Z,sell,2.06e-06,4036.0,0.00831416
DNT/BTC,1560552225830,2019-06-14T22:43:45.830Z,sell,2.06e-06,19641.0,0.04046046
DNT/BTC,1560552327124,2019-06-14T22:45:27.124Z,buy,2.06e-06,1651.0,0.00340106
DNT/BTC,1560552471039,2019-06-14T22:47:51.039Z,buy,2.07e-06,1449.0,0.00299943
DNT/BTC,1560552555490,2019-06-14T22:49:15.490Z,sell,2.05e-06,5101.0,0.0104570499999999
DNT/BTC,1560552596141,2019-06-14T22:49:56.141Z,buy,2.06e-06,4248.0,0.00875088
DNT/BTC,1560552620327,2019-06-14T22:50:20.327Z,buy,2.06e-06,724.0,0.00149144
DNT/BTC,1560552620415,2019-06-14T22:50:20.415Z,buy,2.06e-06,1932.0,0.00397992
DNT/BTC,1560552620465,2019-06-14T22:50:20.465Z,buy,2.06e-06,531.0,0.00109386
DNT/BTC,1560552620467,2019-06-14T22:50:20.467Z,buy,2.06e-06,3864.0,0.00795984
DNT/BTC,1560552620476,2019-06-14T22:50:20.476Z,buy,2.06e-06,1449.0,0.00298494
DNT/BTC,1560552620759,2019-06-14T22:50:20.759Z,buy,2.06e-06,1148.0,0.00236488
DNT/BTC,1560552620787,2019-06-14T22:50:20.787Z,buy,2.06e-06,976.0,0.00201056
DNT/BTC,1560552621016,2019-06-14T22:50:21.016Z,buy,2.06e-06,4830.0,0.0099498
DNT/BTC,1560552621356,2019-06-14T22:50:21.356Z,buy,2.06e-06,1256.0,0.00258736
DNT/BTC,1560552621437,2019-06-14T22:50:21.437Z,buy,2.06e-06,970.0,0.0019982
DNT/BTC,1560552621491,2019-06-14T22:50:21.491Z,buy,2.06e-06,868.0,0.00178808
DNT/BTC,1560552621543,2019-06-14T22:50:21.543Z,buy,2.06e-06,773.0,0.00159238
DNT/BTC,1560552621612,2019-06-14T22:50:21.612Z,buy,2.06e-06,4830.0,0.0099498
DNT/BTC,1560552621676,2019-06-14T22:50:21.676Z,buy,2.06e-06,739.0,0.00152234
DNT/BTC,1560552621886,2019-06-14T22:50:21.886Z,buy,2.06e-06,628.0,0.00129368
DNT/BTC,1560552621910,2019-06-14T22:50:21.910Z,buy,2.06e-06,996.0,0.00205176
DNT/BTC,1560552777204,2019-06-14T22:52:57.204Z,sell,2.05e-06,27399.0,0.0561679499999999
DNT/BTC,1560552777222,2019-06-14T22:52:57.222Z,buy,2.05e-06,5000.0,0.0102499999999999
DNT/BTC,1560552777253,2019-06-14T22:52:57.253Z,buy,2.05e-06,2901.0,0.00594705
DNT/BTC,1560552777253,2019-06-14T22:52:57.253Z,buy,2.05e-06,8148.0,0.0167034
DNT/BTC,1560552777255,2019-06-14T22:52:57.255Z,buy,2.05e-06,8148.0,0.0167034
DNT/BTC,1560552777299,2019-06-14T22:52:57.299Z,buy,2.05e-06,9316.0,0.0190977999999999
DNT/BTC,1560552777302,2019-06-14T22:52:57.302Z,buy,2.05e-06,9316.0,0.0190977999999999
DNT/BTC,1560552777319,2019-06-14T22:52:57.319Z,buy,2.05e-06,8169.0,0.01674645
DNT/BTC,1560552777323,2019-06-14T22:52:57.323Z,buy,2.05e-06,1147.0,0.00235135
DNT/BTC,1560552778019,2019-06-14T22:52:58.019Z,sell,2.04e-06,9326.0,0.01902504
DNT/BTC,1560552778366,2019-06-14T22:52:58.366Z,sell,2.04e-06,6552.0,0.0133660799999999
DNT/BTC,1560552779255,2019-06-14T22:52:59.255Z,sell,2.04e-06,7173.0,0.0146329199999999
DNT/BTC,1560552779587,2019-06-14T22:52:59.587Z,sell,2.04e-06,4352.0,0.00887808
DNT/BTC,1560552779681,2019-06-14T22:52:59.681Z,sell,2.04e-06,5793.0,0.01181772
DNT/BTC,1560552779807,2019-06-14T22:52:59.807Z,sell,2.04e-06,9565.0,0.0195125999999999
DNT/BTC,1560552780308,2019-06-14T22:53:00.308Z,sell,2.04e-06,3395.0,0.0069258
DNT/BTC,1560552786893,2019-06-14T22:53:06.893Z,sell,2.04e-06,1195.0,0.0024378
DNT/BTC,1560552814119,2019-06-14T22:53:34.119Z,buy,2.05e-06,1932.0,0.0039606
DNT/BTC,1560552814135,2019-06-14T22:53:34.135Z,buy,2.05e-06,1148.0,0.0023534
DNT/BTC,1560552814147,2019-06-14T22:53:34.147Z,buy,2.05e-06,44191.0,0.0905915499999999
DNT/BTC,1560552814265,2019-06-14T22:53:34.265Z,sell,2.05e-06,531.0,0.00108855
DNT/BTC,1560552814300,2019-06-14T22:53:34.300Z,sell,2.05e-06,531.0,0.00108855
DNT/BTC,1560552814328,2019-06-14T22:53:34.328Z,sell,2.05e-06,445.0,0.00091225
DNT/BTC,1560552814347,2019-06-14T22:53:34.347Z,buy,2.05e-06,976.0,0.0020008
DNT/BTC,1560552814363,2019-06-14T22:53:34.363Z,sell,2.05e-06,280.0,0.000574
DNT/BTC,1560552814363,2019-06-14T22:53:34.363Z,sell,2.04e-06,251.0,0.00051204
DNT/BTC,1560552814492,2019-06-14T22:53:34.492Z,sell,2.05e-06,868.0,0.0017793999999999
DNT/BTC,1560552814543,2019-06-14T22:53:34.543Z,sell,2.05e-06,7964.0,0.0163262
DNT/BTC,1560552814565,2019-06-14T22:53:34.565Z,sell,2.04e-06,1400.0,0.002856
DNT/BTC,1560552814606,2019-06-14T22:53:34.606Z,sell,2.04e-06,6694.0,0.01365576
DNT/BTC,1560552854157,2019-06-14T22:54:14.157Z,buy,2.05e-06,4033.0,0.00826765
DNT/BTC,1560552854157,2019-06-14T22:54:14.157Z,buy,2.05e-06,4033.0,0.00826765
DNT/BTC,1560552879160,2019-06-14T22:54:39.160Z,buy,2.05e-06,4312.0,0.0088396
DNT/BTC,1560552905502,2019-06-14T22:55:05.502Z,sell,2.05e-06,499.0,0.00102295
DNT/BTC,1560552911149,2019-06-14T22:55:11.149Z,buy,2.05e-06,2792.0,0.0057236
DNT/BTC,1560553107992,2019-06-14T22:58:27.992Z,buy,2.06e-06,811.0,0.00167066
DNT/BTC,1560553113014,2019-06-14T22:58:33.014Z,buy,2.06e-06,9010.0,0.0185606
DNT/BTC,1560553114515,2019-06-14T22:58:34.515Z,buy,2.06e-06,9091.0,0.01872746
DNT/BTC,1560553219760,2019-06-14T23:00:19.760Z,sell,2.05e-06,5042.0,0.0103360999999999
DNT/BTC,1560553237139,2019-06-14T23:00:37.139Z,buy,2.05e-06,1219.0,0.0024989499999999
DNT/BTC,1560553265172,2019-06-14T23:01:05.172Z,buy,2.05e-06,11823.0,0.02423715
DNT/BTC,1560553273075,2019-06-14T23:01:13.075Z,buy,2.06e-06,234574.0,0.48322244
DNT/BTC,1560553273105,2019-06-14T23:01:13.105Z,sell,2.06e-06,6223.0,0.01281938
DNT/BTC,1560553273120,2019-06-14T23:01:13.120Z,sell,2.06e-06,4703.0,0.00968818
DNT/BTC,1560553273328,2019-06-14T23:01:13.328Z,sell,2.06e-06,100740.0,0.2075244
DNT/BTC,1560553275170,2019-06-14T23:01:15.170Z,buy,2.07e-06,35124.0,0.07270668
DNT/BTC,1560553449751,2019-06-14T23:04:09.751Z,buy,2.08e-06,486.0,0.00101088
DNT/BTC,1560553450599,2019-06-14T23:04:10.599Z,buy,2.08e-06,3080.0,0.0064064
DNT/BTC,1560553619335,2019-06-14T23:06:59.335Z,buy,2.08e-06,903.0,0.00187824
DNT/BTC,1560553660523,2019-06-14T23:07:40.523Z,buy,2.08e-06,10024.0,0.02084992
DNT/BTC,1560553693607,2019-06-14T23:08:13.607Z,buy,2.08e-06,2382.0,0.00495456
DNT/BTC,1560553773889,2019-06-14T23:09:33.889Z,buy,2.08e-06,369355.0,0.7682584
DNT/BTC,1560553773906,2019-06-14T23:09:33.906Z,sell,2.08e-06,9981.0,0.02076048
DNT/BTC,1560553773918,2019-06-14T23:09:33.918Z,sell,2.08e-06,9981.0,0.02076048
DNT/BTC,1560553773926,2019-06-14T23:09:33.926Z,sell,2.08e-06,22500.0,0.0468
DNT/BTC,1560553773931,2019-06-14T23:09:33.931Z,sell,2.08e-06,9981.0,0.02076048
DNT/BTC,1560553774475,2019-06-14T23:09:34.475Z,sell,2.08e-06,8010.0,0.0166608
DNT/BTC,1560553775122,2019-06-14T23:09:35.122Z,sell,2.08e-06,22500.0,0.0468
DNT/BTC,1560553776173,2019-06-14T23:09:36.173Z,sell,2.08e-06,2873.0,0.00597584
DNT/BTC,1560553776191,2019-06-14T23:09:36.191Z,sell,2.08e-06,2873.0,0.00597584
DNT/BTC,1560553776787,2019-06-14T23:09:36.787Z,sell,2.08e-06,2873.0,0.00597584
DNT/BTC,1560553779030,2019-06-14T23:09:39.030Z,sell,2.08e-06,700.0,0.001456
DNT/BTC,1560553779032,2019-06-14T23:09:39.032Z,sell,2.08e-06,6000.0,0.01248
DNT/BTC,1560553797989,2019-06-14T23:09:57.989Z,sell,2.08e-06,612.0,0.00127296
DNT/BTC,1560553812143,2019-06-14T23:10:12.143Z,buy,2.09e-06,562.0,0.00117458
DNT/BTC,1560553813267,2019-06-14T23:10:13.267Z,buy,2.09e-06,130705.0,0.27317345
DNT/BTC,1560553818820,2019-06-14T23:10:18.820Z,buy,2.1e-06,571.0,0.0011990999999999
DNT/BTC,1560553844903,2019-06-14T23:10:44.903Z,sell,2.09e-06,4103.0,0.00857527
DNT/BTC,1560553854966,2019-06-14T23:10:54.966Z,sell,2.09e-06,10762.0,0.0224925799999999
DNT/BTC,1560553860727,2019-06-14T23:11:00.727Z,sell,2.09e-06,484.0,0.0010115599999999
DNT/BTC,1560553918388,2019-06-14T23:11:58.388Z,sell,2.09e-06,9200.0,0.019228
DNT/BTC,1560553918438,2019-06-14T23:11:58.438Z,sell,2.09e-06,62.0,0.00012958
DNT/BTC,1560553943009,2019-06-14T23:12:23.009Z,sell,2.08e-06,11000.0,0.02288
DNT/BTC,1560554067884,2019-06-14T23:14:27.884Z,buy,2.09e-06,491.0,0.00102619
DNT/BTC,1560554067893,2019-06-14T23:14:27.893Z,buy,2.09e-06,3167.0,0.00661903
DNT/BTC,1560554067922,2019-06-14T23:14:27.922Z,buy,2.09e-06,957.0,0.0020001299999999
DNT/BTC,1560554068035,2019-06-14T23:14:28.035Z,buy,2.09e-06,501.0,0.0010470899999999
DNT/BTC,1560554068077,2019-06-14T23:14:28.077Z,buy,2.09e-06,1098.0,0.00229482
DNT/BTC,1560554068101,2019-06-14T23:14:28.101Z,buy,2.09e-06,3971.0,0.00829939
DNT/BTC,1560554068165,2019-06-14T23:14:28.165Z,buy,2.09e-06,484.0,0.0010115599999999
DNT/BTC,1560554068562,2019-06-14T23:14:28.562Z,buy,2.09e-06,517.0,0.00108053
DNT/BTC,1560554068690,2019-06-14T23:14:28.690Z,buy,2.09e-06,603.0,0.00126027
DNT/BTC,1560554071387,2019-06-14T23:14:31.387Z,sell,2.08e-06,160.0,0.0003328
DNT/BTC,1560554071633,2019-06-14T23:14:31.633Z,buy,2.08e-06,46150.0,0.095992
DNT/BTC,1560554148865,2019-06-14T23:15:48.865Z,buy,2.1e-06,5009.0,0.0105189
DNT/BTC,1560554162216,2019-06-14T23:16:02.216Z,buy,2.09e-06,3895.0,0.00814055
DNT/BTC,1560554295231,2019-06-14T23:18:15.231Z,buy,2.09e-06,1639.0,0.0034255099999999
DNT/BTC,1560554298235,2019-06-14T23:18:18.235Z,buy,2.09e-06,1703.0,0.00355927
DNT/BTC,1560554307882,2019-06-14T23:18:27.882Z,sell,2.08e-06,970.0,0.0020176
DNT/BTC,1560554318576,2019-06-14T23:18:38.576Z,sell,2.08e-06,903.0,0.00187824
DNT/BTC,1560554433650,2019-06-14T23:20:33.650Z,sell,2.08e-06,1219.0,0.00253552
DNT/BTC,1560554535376,2019-06-14T23:22:15.376Z,buy,2.1e-06,9175.0,0.0192674999999999
DNT/BTC,1560554582256,2019-06-14T23:23:02.256Z,buy,2.09e-06,12719.0,0.02658271
DNT/BTC,1560554583251,2019-06-14T23:23:03.251Z,buy,2.09e-06,7336.0,0.0153322399999999
DNT/BTC,1560554588941,2019-06-14T23:23:08.941Z,buy,2.1e-06,2000.0,0.0042
DNT/BTC,1560554607221,2019-06-14T23:23:27.221Z,sell,2.08e-06,9166.0,0.01906528
DNT/BTC,1560554673668,2019-06-14T23:24:33.668Z,buy,2.1e-06,834.0,0.0017513999999999
DNT/BTC,1560554713259,2019-06-14T23:25:13.259Z,buy,2.09e-06,4830.0,0.0100947
DNT/BTC,1560554714265,2019-06-14T23:25:14.265Z,buy,2.09e-06,7336.0,0.0153322399999999
DNT/BTC,1560554928011,2019-06-14T23:28:48.011Z,buy,2.09e-06,161.0,0.00033649
DNT/BTC,1560554972884,2019-06-14T23:29:32.884Z,buy,2.09e-06,484.0,0.0010115599999999
DNT/BTC,1560555096271,2019-06-14T23:31:36.271Z,sell,2.08e-06,2498.0,0.00519584
DNT/BTC,1560555097542,2019-06-14T23:31:37.542Z,sell,2.08e-06,5951.0,0.01237808
DNT/BTC,1560555330972,2019-06-14T23:35:30.972Z,sell,2.08e-06,666.0,0.00138528
DNT/BTC,1560555380798,2019-06-14T23:36:20.798Z,buy,2.09e-06,170.0,0.0003552999999999
DNT/BTC,1560555446737,2019-06-14T23:37:26.737Z,sell,2.08e-06,6824.0,0.01419392
DNT/BTC,1560555481915,2019-06-14T23:38:01.915Z,buy,2.09e-06,173.0,0.0003615699999999
DNT/BTC,1560555729846,2019-06-14T23:42:09.846Z,buy,2.09e-06,481.0,0.00100529
DNT/BTC,1560555740139,2019-06-14T23:42:20.139Z,sell,2.08e-06,33713.0,0.07012304
DNT/BTC,1560555768912,2019-06-14T23:42:48.912Z,buy,2.09e-06,1470.0,0.0030723
DNT/BTC,1560555791043,2019-06-14T23:43:11.043Z,buy,2.09e-06,178.0,0.00037202
DNT/BTC,1560555800532,2019-06-14T23:43:20.532Z,buy,2.09e-06,6382.0,0.0133383799999999
DNT/BTC,1560555808551,2019-06-14T23:43:28.551Z,sell,2.08e-06,15961.0,0.03319888
DNT/BTC,1560555808596,2019-06-14T23:43:28.596Z,sell,2.08e-06,2655.0,0.0055224
DNT/BTC,1560555809564,2019-06-14T23:43:29.564Z,buy,2.08e-06,2655.0,0.0055224
DNT/BTC,1560555809564,2019-06-14T23:43:29.564Z,buy,2.09e-06,3087.0,0.0064518299999999
DNT/BTC,1560555910780,2019-06-14T23:45:10.780Z,buy,2.09e-06,718.0,0.0015006199999999
DNT/BTC,1560555921861,2019-06-14T23:45:21.861Z,buy,2.09e-06,2388.0,0.0049909199999999
DNT/BTC,1560555942339,2019-06-14T23:45:42.339Z,sell,2.08e-06,24038.0,0.04999904
DNT/BTC,1560556043799,2019-06-14T23:47:23.799Z,sell,2.07e-06,9358.0,0.01937106
DNT/BTC,1560556046072,2019-06-14T23:47:26.072Z,sell,2.07e-06,562.0,0.00116334
DNT/BTC,1560556115401,2019-06-14T23:48:35.401Z,sell,2.07e-06,4629.0,0.00958203
DNT/BTC,1560556273378,2019-06-14T23:51:13.378Z,buy,2.08e-06,150.0,0.000312
DNT/BTC,1560556324169,2019-06-14T23:52:04.169Z,sell,2.07e-06,35821.0,0.07414947
DNT/BTC,1560556324678,2019-06-14T23:52:04.678Z,buy,2.07e-06,4920.0,0.0101844
DNT/BTC,1560556386711,2019-06-14T23:53:06.711Z,sell,2.06e-06,7462.0,0.01537172
DNT/BTC,1560556389621,2019-06-14T23:53:09.621Z,sell,2.06e-06,9708.0,0.01999848
DNT/BTC,1560556409488,2019-06-14T23:53:29.488Z,sell,2.06e-06,64123.0,0.13209338
DNT/BTC,1560556409488,2019-06-14T23:53:29.488Z,sell,2.06e-06,64123.0,0.13209338
DNT/BTC,1560556545919,2019-06-14T23:55:45.919Z,sell,2.06e-06,40000.0,0.0824
DNT/BTC,1560556568325,2019-06-14T23:56:08.325Z,sell,2.06e-06,52168.0,0.10746608
DNT/BTC,1560556610214,2019-06-14T23:56:50.214Z,buy,2.07e-06,1822.0,0.00377154
DNT/BTC,1560556618321,2019-06-14T23:56:58.321Z,buy,2.07e-06,2173.0,0.00449811
DNT/BTC,1560556694585,2019-06-14T23:58:14.585Z,sell,2.06e-06,52406.0,0.10795636
DNT/BTC,1560556705112,2019-06-14T23:58:25.112Z,sell,2.06e-06,18168.0,0.03742608
DNT/BTC,1560556721323,2019-06-14T23:58:41.323Z,buy,2.06e-06,2655.0,0.0054693
DNT/BTC,1560556721841,2019-06-14T23:58:41.841Z,sell,2.06e-06,2199.0,0.00452994
DNT/BTC,1560556723671,2019-06-14T23:58:43.671Z,sell,2.05e-06,6641.0,0.0136140499999999
DNT/BTC,1560556733064,2019-06-14T23:58:53.064Z,buy,2.06e-06,10381.0,0.02138486
DNT/BTC,1560556733064,2019-06-14T23:58:53.064Z,buy,2.07e-06,4986.0,0.01032102
DNT/BTC,1560556733964,2019-06-14T23:58:53.964Z,buy,2.07e-06,9755.0,0.02019285
DNT/BTC,1560556807406,2019-06-15T00:00:07.406Z,buy,2.07e-06,2592.0,0.00536544
DNT/BTC,1560556822376,2019-06-15T00:00:22.376Z,buy,2.07e-06,10156.0,0.02102292
DNT/BTC,1560556857970,2019-06-15T00:00:57.970Z,buy,2.08e-06,6658.0,0.01384864
DNT/BTC,1560556902066,2019-06-15T00:01:42.066Z,sell,2.07e-06,4854.0,0.01004778
DNT/BTC,1560556922957,2019-06-15T00:02:02.957Z,buy,2.08e-06,697.0,0.00144976
DNT/BTC,1560556962736,2019-06-15T00:02:42.736Z,sell,2.07e-06,1062.0,0.00219834
DNT/BTC,1560556974065,2019-06-15T00:02:54.065Z,sell,2.07e-06,2586.0,0.00535302
DNT/BTC,1560557018499,2019-06-15T00:03:38.499Z,buy,2.08e-06,1201.0,0.00249808
DNT/BTC,1560557080786,2019-06-15T00:04:40.786Z,sell,2.07e-06,25212.0,0.05218884
DNT/BTC,1560557081377,2019-06-15T00:04:41.377Z,buy,2.07e-06,1855.0,0.00383985
DNT/BTC,1560557193931,2019-06-15T00:06:33.931Z,sell,2.06e-06,16028.0,0.03301768
DNT/BTC,1560557193935,2019-06-15T00:06:33.935Z,sell,2.06e-06,19615.0,0.0404069
DNT/BTC,1560557194017,2019-06-15T00:06:34.017Z,sell,2.06e-06,4354.0,0.00896924
DNT/BTC,1560557194728,2019-06-15T00:06:34.728Z,sell,2.06e-06,9708.0,0.01999848
DNT/BTC,1560557243737,2019-06-15T00:07:23.737Z,sell,2.06e-06,9886.0,0.02036516
DNT/BTC,1560557244391,2019-06-15T00:07:24.391Z,buy,2.07e-06,26037.0,0.05389659
DNT/BTC,1560557244415,2019-06-15T00:07:24.415Z,sell,2.06e-06,16691.0,0.03438346
DNT/BTC,1560557244831,2019-06-15T00:07:24.831Z,sell,2.06e-06,13210.0,0.0272126
DNT/BTC,1560557245068,2019-06-15T00:07:25.068Z,sell,2.06e-06,4354.0,0.00896924
DNT/BTC,1560557246390,2019-06-15T00:07:26.390Z,buy,2.07e-06,6577.0,0.01361439
DNT/BTC,1560557295388,2019-06-15T00:08:15.388Z,buy,2.07e-06,24038.0,0.04975866
DNT/BTC,1560557303072,2019-06-15T00:08:23.072Z,sell,2.06e-06,4354.0,0.00896924
DNT/BTC,1560557352441,2019-06-15T00:09:12.441Z,buy,2.08e-06,2456.0,0.00510848
DNT/BTC,1560557373708,2019-06-15T00:09:33.708Z,buy,2.08e-06,3028.0,0.00629824
DNT/BTC,1560557383768,2019-06-15T00:09:43.768Z,buy,2.08e-06,14423.0,0.02999984
DNT/BTC,1560557383960,2019-06-15T00:09:43.960Z,buy,2.08e-06,25784.0,0.05363072
DNT/BTC,1560557384133,2019-06-15T00:09:44.133Z,sell,2.08e-06,5840.0,0.0121472
DNT/BTC,1560557384501,2019-06-15T00:09:44.501Z,sell,2.08e-06,8583.0,0.01785264
DNT/BTC,1560557432152,2019-06-15T00:10:32.152Z,buy,2.08e-06,26563.0,0.05525104
DNT/BTC,1560557480856,2019-06-15T00:11:20.856Z,sell,2.08e-06,7272.0,0.01512576
DNT/BTC,1560557480861,2019-06-15T00:11:20.861Z,sell,2.08e-06,8759.0,0.01821872
DNT/BTC,1560557480972,2019-06-15T00:11:20.972Z,sell,2.08e-06,5169.0,0.01075152
DNT/BTC,1560557485511,2019-06-15T00:11:25.511Z,sell,2.08e-06,9662.0,0.02009696
DNT/BTC,1560557485650,2019-06-15T00:11:25.650Z,sell,2.08e-06,3289.0,0.00684112
DNT/BTC,1560557508401,2019-06-15T00:11:48.401Z,buy,2.08e-06,117000.0,0.24336
DNT/BTC,1560557548237,2019-06-15T00:12:28.237Z,sell,2.08e-06,27917.0,0.05806736
DNT/BTC,1560557577888,2019-06-15T00:12:57.888Z,sell,2.08e-06,12904.0,0.02684032
DNT/BTC,1560557625508,2019-06-15T00:13:45.508Z,sell,2.08e-06,5298.0,0.01101984
DNT/BTC,1560557673723,2019-06-15T00:14:33.723Z,sell,2.08e-06,576.0,0.00119808
DNT/BTC,1560557676839,2019-06-15T00:14:36.839Z,sell,2.08e-06,37114.0,0.07719712
DNT/BTC,1560557723495,2019-06-15T00:15:23.495Z,sell,2.08e-06,9420.0,0.0195936
DNT/BTC,1560557723636,2019-06-15T00:15:23.636Z,sell,2.08e-06,3196.0,0.0066476799999999
DNT/BTC,1560557724007,2019-06-15T00:15:24.007Z,sell,2.08e-06,531.0,0.00110448
DNT/BTC,1560557726610,2019-06-15T00:15:26.610Z,sell,2.06e-06,14882.0,0.03065692
DNT/BTC,1560557726832,2019-06-15T00:15:26.832Z,buy,2.07e-06,2634.0,0.00545238
DNT/BTC,1560557726837,2019-06-15T00:15:26.837Z,buy,2.07e-06,24.0,4.968e-05
DNT/BTC,1560557751188,2019-06-15T00:15:51.188Z,buy,2.08e-06,16833.0,0.03501264
DNT/BTC,1560557777886,2019-06-15T00:16:17.886Z,buy,2.08e-06,9420.0,0.0195936
DNT/BTC,1560557778117,2019-06-15T00:16:18.117Z,sell,2.08e-06,2634.0,0.00547872
DNT/BTC,1560558068290,2019-06-15T00:21:08.290Z,sell,2.08e-06,6936.0,0.01442688
DNT/BTC,1560558068297,2019-06-15T00:21:08.297Z,sell,2.08e-06,6914.0,0.01438112
DNT/BTC,1560558070026,2019-06-15T00:21:10.026Z,sell,2.08e-06,4937.0,0.01026896
DNT/BTC,1560558071702,2019-06-15T00:21:11.702Z,sell,2.08e-06,9615.0,0.0199991999999999
DNT/BTC,1560558108440,2019-06-15T00:21:48.440Z,buy,2.09e-06,159.0,0.00033231
DNT/BTC,1560558142449,2019-06-15T00:22:22.449Z,sell,2.08e-06,8242.0,0.01714336
DNT/BTC,1560558142468,2019-06-15T00:22:22.468Z,sell,2.08e-06,107491.0,0.22358128
DNT/BTC,1560558145750,2019-06-15T00:22:25.750Z,sell,2.07e-06,9615.0,0.01990305
DNT/BTC,1560558194003,2019-06-15T00:23:14.003Z,buy,2.08e-06,616.0,0.00128128
DNT/BTC,1560558194027,2019-06-15T00:23:14.027Z,buy,2.08e-06,20573.0,0.04279184
DNT/BTC,1560558195431,2019-06-15T00:23:15.431Z,buy,2.08e-06,17173.0,0.03571984
DNT/BTC,1560558202296,2019-06-15T00:23:22.296Z,sell,2.08e-06,34066.0,0.07085728
DNT/BTC,1560558255147,2019-06-15T00:24:15.147Z,buy,2.08e-06,6511.0,0.01354288
DNT/BTC,1560558263865,2019-06-15T00:24:23.865Z,buy,2.08e-06,721.0,0.00149968
DNT/BTC,1560558341173,2019-06-15T00:25:41.173Z,sell,2.07e-06,12894.0,0.02669058
DNT/BTC,1560558341606,2019-06-15T00:25:41.606Z,sell,2.07e-06,4937.0,0.01021959
DNT/BTC,1560558341754,2019-06-15T00:25:41.754Z,sell,2.07e-06,5000.0,0.01035
DNT/BTC,1560558341924,2019-06-15T00:25:41.924Z,sell,2.07e-06,23535.0,0.04871745
DNT/BTC,1560558342170,2019-06-15T00:25:42.170Z,sell,2.07e-06,9662.0,0.02000034
DNT/BTC,1560558342222,2019-06-15T00:25:42.222Z,sell,2.07e-06,29300.0,0.060651
DNT/BTC,1560558359008,2019-06-15T00:25:59.008Z,buy,2.08e-06,484.0,0.00100672
DNT/BTC,1560558401435,2019-06-15T00:26:41.435Z,buy,2.08e-06,1271.0,0.00264368
DNT/BTC,1560558425094,2019-06-15T00:27:05.094Z,buy,2.08e-06,628.0,0.00130624
DNT/BTC,1560558425184,2019-06-15T00:27:05.184Z,sell,2.08e-06,12510.0,0.0260208
DNT/BTC,1560558459609,2019-06-15T00:27:39.609Z,buy,2.09e-06,59138.0,0.12359842
DNT/BTC,1560558459640,2019-06-15T00:27:39.640Z,sell,2.09e-06,2456.0,0.00513304
DNT/BTC,1560558459642,2019-06-15T00:27:39.642Z,sell,2.09e-06,6292.0,0.0131502799999999
DNT/BTC,1560558459643,2019-06-15T00:27:39.643Z,sell,2.09e-06,20329.0,0.0424876099999999
DNT/BTC,1560558459880,2019-06-15T00:27:39.880Z,sell,2.08e-06,25398.0,0.05282784
DNT/BTC,1560558466876,2019-06-15T00:27:46.876Z,sell,2.09e-06,10385.0,0.02170465
DNT/BTC,1560558505754,2019-06-15T00:28:25.754Z,sell,2.09e-06,4830.0,0.0100947
DNT/BTC,1560558576251,2019-06-15T00:29:36.251Z,buy,2.1e-06,714.0,0.0014994
DNT/BTC,1560558626706,2019-06-15T00:30:26.706Z,buy,2.1e-06,1133.0,0.0023792999999999
DNT/BTC,1560558665469,2019-06-15T00:31:05.469Z,buy,2.1e-06,14622.0,0.0307061999999999
DNT/BTC,1560558666330,2019-06-15T00:31:06.330Z,sell,2.1e-06,500.0,0.00105
DNT/BTC,1560558671067,2019-06-15T00:31:11.067Z,sell,2.09e-06,811.0,0.00169499
DNT/BTC,1560558673265,2019-06-15T00:31:13.265Z,sell,2.1e-06,8823.0,0.0185282999999999
DNT/BTC,1560558687478,2019-06-15T00:31:27.478Z,buy,2.1e-06,8119.0,0.0170499
DNT/BTC,1560558735665,2019-06-15T00:32:15.665Z,sell,2.09e-06,3243.0,0.00677787
DNT/BTC,1560558741888,2019-06-15T00:32:21.888Z,sell,2.09e-06,6001.0,0.0125420899999999
DNT/BTC,1560558842933,2019-06-15T00:34:02.933Z,buy,2.11e-06,1280.0,0.0027008
DNT/BTC,1560558858136,2019-06-15T00:34:18.136Z,buy,2.11e-06,871.0,0.00183781
DNT/BTC,1560558860792,2019-06-15T00:34:20.792Z,buy,2.11e-06,67516.0,0.14245876
DNT/BTC,1560558860822,2019-06-15T00:34:20.822Z,sell,2.11e-06,6289.0,0.01326979
DNT/BTC,1560558860840,2019-06-15T00:34:20.840Z,sell,2.11e-06,6690.0,0.0141159
DNT/BTC,1560558860918,2019-06-15T00:34:20.918Z,buy,2.1e-06,2823.0,0.0059282999999999
DNT/BTC,1560558860928,2019-06-15T00:34:20.928Z,buy,2.1e-06,874.0,0.0018353999999999
DNT/BTC,1560558919490,2019-06-15T00:35:19.490Z,buy,2.1e-06,3443.0,0.0072302999999999
DNT/BTC,1560558921491,2019-06-15T00:35:21.491Z,buy,2.1e-06,14150.0,0.029715
DNT/BTC,1560558960728,2019-06-15T00:36:00.728Z,sell,2.09e-06,4937.0,0.0103183299999999
DNT/BTC,1560558961393,2019-06-15T00:36:01.393Z,sell,2.09e-06,9570.0,0.0200013
DNT/BTC,1560558968788,2019-06-15T00:36:08.788Z,buy,2.1e-06,477.0,0.0010017
DNT/BTC,1560558973189,2019-06-15T00:36:13.189Z,buy,2.1e-06,9569.0,0.0200949
DNT/BTC,1560558973241,2019-06-15T00:36:13.241Z,sell,2.1e-06,996.0,0.0020916
DNT/BTC,1560558988476,2019-06-15T00:36:28.476Z,sell,2.09e-06,484.0,0.0010115599999999
DNT/BTC,1560558994348,2019-06-15T00:36:34.348Z,sell,2.09e-06,442107.0,0.92400363
DNT/BTC,1560558994371,2019-06-15T00:36:34.371Z,sell,2.08e-06,8744.0,0.01818752
DNT/BTC,1560558997374,2019-06-15T00:36:37.374Z,sell,2.08e-06,5883.0,0.01223664
DNT/BTC,1560559227668,2019-06-15T00:40:27.668Z,buy,2.09e-06,178.0,0.00037202
DNT/BTC,1560559313668,2019-06-15T00:41:53.668Z,buy,2.09e-06,143541.0,0.3000006899999999
DNT/BTC,1560559314510,2019-06-15T00:41:54.510Z,buy,2.09e-06,49516.0,0.10348844
DNT/BTC,1560559319428,2019-06-15T00:41:59.428Z,sell,2.08e-06,375155.0,0.7803224
DNT/BTC,1560559333692,2019-06-15T00:42:13.692Z,buy,2.08e-06,501.0,0.00104208
DNT/BTC,1560559345002,2019-06-15T00:42:25.002Z,buy,2.08e-06,39789.0,0.08276112
DNT/BTC,1560559355195,2019-06-15T00:42:35.195Z,buy,2.08e-06,6463.0,0.01344304
DNT/BTC,1560559390714,2019-06-15T00:43:10.714Z,sell,2.07e-06,4807.0,0.00995049
DNT/BTC,1560559448612,2019-06-15T00:44:08.612Z,sell,2.07e-06,142033.0,0.29400831
DNT/BTC,1560559482824,2019-06-15T00:44:42.824Z,buy,2.08e-06,120192.0,0.24999936
DNT/BTC,1560559485515,2019-06-15T00:44:45.515Z,buy,2.08e-06,21888.0,0.04552704
DNT/BTC,1560559489520,2019-06-15T00:44:49.520Z,buy,2.08e-06,3747.0,0.00779376
DNT/BTC,1560559497160,2019-06-15T00:44:57.160Z,buy,2.08e-06,163624.0,0.34033792
DNT/BTC,1560559498883,2019-06-15T00:44:58.883Z,buy,2.08e-06,18837.0,0.03918096
DNT/BTC,1560559501751,2019-06-15T00:45:01.751Z,sell,2.08e-06,522.0,0.00108576
DNT/BTC,1560559544972,2019-06-15T00:45:44.972Z,buy,2.09e-06,39359.0,0.0822603099999999
DNT/BTC,1560559544996,2019-06-15T00:45:44.996Z,sell,2.09e-06,8487.0,0.01773783
DNT/BTC,1560559647304,2019-06-15T00:47:27.304Z,sell,2.08e-06,111800.0,0.232544
DNT/BTC,1560559669944,2019-06-15T00:47:49.944Z,buy,2.09e-06,149.0,0.00031141
DNT/BTC,1560559695138,2019-06-15T00:48:15.138Z,sell,2.07e-06,537470.0,1.1125629
DNT/BTC,1560559708912,2019-06-15T00:48:28.912Z,buy,2.08e-06,27521.0,0.05724368
DNT/BTC,1560559732592,2019-06-15T00:48:52.592Z,buy,2.09e-06,47535.0,0.09934815
DNT/BTC,1560559733693,2019-06-15T00:48:53.693Z,buy,2.09e-06,71303.0,0.1490232699999999
DNT/BTC,1560559733762,2019-06-15T00:48:53.762Z,buy,2.09e-06,2365.0,0.0049428499999999
DNT/BTC,1560559733765,2019-06-15T00:48:53.765Z,buy,2.09e-06,2139.0,0.00447051
DNT/BTC,1560559733819,2019-06-15T00:48:53.819Z,buy,2.09e-06,4686.0,0.0097937399999999
DNT/BTC,1560559733865,2019-06-15T00:48:53.865Z,buy,2.09e-06,2208.0,0.00461472
DNT/BTC,1560559733964,2019-06-15T00:48:53.964Z,buy,2.09e-06,6150.0,0.0128534999999999
DNT/BTC,1560559733984,2019-06-15T00:48:53.984Z,buy,2.09e-06,6488.0,0.01355992
DNT/BTC,1560559733996,2019-06-15T00:48:53.996Z,buy,2.09e-06,709.0,0.0014818099999999
DNT/BTC,1560559734159,2019-06-15T00:48:54.159Z,buy,2.09e-06,6150.0,0.0128534999999999
DNT/BTC,1560559734170,2019-06-15T00:48:54.170Z,buy,2.09e-06,6519.0,0.01362471
DNT/BTC,1560559734319,2019-06-15T00:48:54.319Z,buy,2.09e-06,6830.0,0.0142747
DNT/BTC,1560559734326,2019-06-15T00:48:54.326Z,buy,2.09e-06,4753.0,0.00993377
DNT/BTC,1560559734534,2019-06-15T00:48:54.534Z,buy,2.09e-06,10314.0,0.0215562599999999
DNT/BTC,1560559735073,2019-06-15T00:48:55.073Z,buy,2.1e-06,9507.0,0.0199647
DNT/BTC,1560559821215,2019-06-15T00:50:21.215Z,sell,2.09e-06,5207.0,0.0108826299999999
DNT/BTC,1560559893537,2019-06-15T00:51:33.537Z,buy,2.09e-06,23174.0,0.0484336599999999
DNT/BTC,1560559896956,2019-06-15T00:51:36.956Z,buy,2.1e-06,499.0,0.0010478999999999
DNT/BTC,1560559908539,2019-06-15T00:51:48.539Z,buy,2.09e-06,11269.0,0.02355221
DNT/BTC,1560559989435,2019-06-15T00:53:09.435Z,buy,2.1e-06,857.0,0.0017996999999999
DNT/BTC,1560560002510,2019-06-15T00:53:22.510Z,buy,2.1e-06,29876.0,0.0627395999999999
DNT/BTC,1560560002510,2019-06-15T00:53:22.510Z,buy,2.1e-06,29876.0,0.0627395999999999
DNT/BTC,1560560070404,2019-06-15T00:54:30.404Z,buy,2.1e-06,613.0,0.0012873
DNT/BTC,1560560093622,2019-06-15T00:54:53.622Z,buy,2.1e-06,6190.0,0.0129989999999999
DNT/BTC,1560560121003,2019-06-15T00:55:21.003Z,buy,2.1e-06,1327.0,0.0027866999999999
DNT/BTC,1560560144788,2019-06-15T00:55:44.788Z,buy,2.1e-06,2369.0,0.0049748999999999
DNT/BTC,1560560145717,2019-06-15T00:55:45.717Z,buy,2.1e-06,4075.0,0.0085575
DNT/BTC,1560560145991,2019-06-15T00:55:45.991Z,buy,2.1e-06,52442.0,0.1101282
DNT/BTC,1560560171041,2019-06-15T00:56:11.041Z,buy,2.1e-06,57973.0,0.1217432999999999
DNT/BTC,1560560174240,2019-06-15T00:56:14.240Z,buy,2.1e-06,9523.0,0.0199982999999999
DNT/BTC,1560560174267,2019-06-15T00:56:14.267Z,buy,2.1e-06,47819.0,0.1004198999999999
DNT/BTC,1560560195017,2019-06-15T00:56:35.017Z,buy,2.1e-06,18431.0,0.0387051
DNT/BTC,1560560205034,2019-06-15T00:56:45.034Z,sell,2.1e-06,1012.0,0.0021252
DNT/BTC,1560560242215,2019-06-15T00:57:22.215Z,sell,2.1e-06,96545.0,0.2027445
DNT/BTC,1560560254782,2019-06-15T00:57:34.782Z,buy,2.11e-06,1895.0,0.00399845
DNT/BTC,1560560282761,2019-06-15T00:58:02.761Z,buy,2.11e-06,636.0,0.00134196
DNT/BTC,1560560292226,2019-06-15T00:58:12.226Z,sell,2.1e-06,6536.0,0.0137256
DNT/BTC,1560560300367,2019-06-15T00:58:20.367Z,sell,2.1e-06,1200.0,0.0025199999999999
DNT/BTC,1560560368338,2019-06-15T00:59:28.338Z,sell,2.1e-06,40623.0,0.0853082999999999
DNT/BTC,1560560387209,2019-06-15T00:59:47.209Z,buy,2.11e-06,500.0,0.001055
DNT/BTC,1560560394922,2019-06-15T00:59:54.922Z,buy,2.11e-06,67657.0,0.14275627
DNT/BTC,1560560395284,2019-06-15T00:59:55.284Z,sell,2.1e-06,57630.0,0.1210229999999999
DNT/BTC,1560560430118,2019-06-15T01:00:30.118Z,buy,2.11e-06,142180.0,0.2999998
DNT/BTC,1560560455695,2019-06-15T01:00:55.695Z,buy,2.11e-06,39431.0,0.08319941
DNT/BTC,1560560470366,2019-06-15T01:01:10.366Z,buy,2.11e-06,947.0,0.00199817
DNT/BTC,1560560488007,2019-06-15T01:01:28.007Z,buy,2.11e-06,23989.0,0.05061679
DNT/BTC,1560560488529,2019-06-15T01:01:28.529Z,sell,2.11e-06,73023.0,0.15407853
DNT/BTC,1560560489021,2019-06-15T01:01:29.021Z,sell,2.11e-06,73023.0,0.15407853
DNT/BTC,1560560514119,2019-06-15T01:01:54.119Z,sell,2.11e-06,1923.0,0.00405753
DNT/BTC,1560560546053,2019-06-15T01:02:26.053Z,sell,2.11e-06,1902.0,0.00401322
DNT/BTC,1560560593979,2019-06-15T01:03:13.979Z,sell,2.11e-06,957.0,0.00201927
DNT/BTC,1560560622340,2019-06-15T01:03:42.340Z,buy,2.12e-06,134.0,0.00028408
DNT/BTC,1560560644159,2019-06-15T01:04:04.159Z,buy,2.12e-06,100000.0,0.212
DNT/BTC,1560560661372,2019-06-15T01:04:21.372Z,sell,2.11e-06,1932.0,0.00407652
DNT/BTC,1560560663676,2019-06-15T01:04:23.676Z,buy,2.12e-06,943.0,0.00199916
DNT/BTC,1560560672873,2019-06-15T01:04:32.873Z,buy,2.12e-06,64612.0,0.13697744
DNT/BTC,1560560682127,2019-06-15T01:04:42.127Z,sell,2.11e-06,106112.0,0.22389632
DNT/BTC,1560560682127,2019-06-15T01:04:42.127Z,sell,2.1e-06,15235.0,0.0319934999999999
DNT/BTC,1560560682320,2019-06-15T01:04:42.320Z,buy,2.1e-06,1732.0,0.0036371999999999
DNT/BTC,1560560683202,2019-06-15T01:04:43.202Z,buy,2.1e-06,106456.0,0.2235575999999999
DNT/BTC,1560560683367,2019-06-15T01:04:43.367Z,sell,2.1e-06,2663.0,0.0055923
DNT/BTC,1560560683367,2019-06-15T01:04:43.367Z,sell,2.09e-06,219.0,0.0004577099999999
DNT/BTC,1560560684075,2019-06-15T01:04:44.075Z,sell,2.09e-06,1822.0,0.00380798
DNT/BTC,1560560684574,2019-06-15T01:04:44.574Z,sell,2.1e-06,722.0,0.0015161999999999
DNT/BTC,1560560685059,2019-06-15T01:04:45.059Z,sell,2.1e-06,1641.0,0.0034460999999999
DNT/BTC,1560560686448,2019-06-15T01:04:46.448Z,sell,2.1e-06,961.0,0.0020180999999999
DNT/BTC,1560560687401,2019-06-15T01:04:47.401Z,sell,2.1e-06,1201.0,0.0025220999999999
DNT/BTC,1560560696834,2019-06-15T01:04:56.834Z,buy,2.11e-06,4395.0,0.00927345
DNT/BTC,1560560732750,2019-06-15T01:05:32.750Z,sell,2.11e-06,1214.0,0.00256154
DNT/BTC,1560560750605,2019-06-15T01:05:50.605Z,sell,2.11e-06,1212.0,0.00255732
DNT/BTC,1560560846324,2019-06-15T01:07:26.324Z,sell,2.11e-06,79393.0,0.16751923
DNT/BTC,1560560981901,2019-06-15T01:09:41.901Z,sell,2.11e-06,141509.0,0.29858399
DNT/BTC,1560560981916,2019-06-15T01:09:41.916Z,sell,2.11e-06,16210.0,0.0342031
DNT/BTC,1560560982522,2019-06-15T01:09:42.522Z,sell,2.11e-06,103966.0,0.21936826
DNT/BTC,1560560982522,2019-06-15T01:09:42.522Z,sell,2.1e-06,16210.0,0.0340409999999999
DNT/BTC,1560560987092,2019-06-15T01:09:47.092Z,sell,2.1e-06,2026.0,0.0042546
DNT/BTC,1560560990844,2019-06-15T01:09:50.844Z,sell,2.1e-06,720.0,0.0015119999999999
DNT/BTC,1560561011510,2019-06-15T01:10:11.510Z,buy,2.11e-06,4862.0,0.01025882
DNT/BTC,1560561057212,2019-06-15T01:10:57.212Z,sell,2.11e-06,16338.0,0.03447318
DNT/BTC,1560561057342,2019-06-15T01:10:57.342Z,sell,2.11e-06,38363.0,0.08094593
DNT/BTC,1560561058101,2019-06-15T01:10:58.101Z,sell,2.11e-06,5785.0,0.01220635
DNT/BTC,1560561234772,2019-06-15T01:13:54.772Z,buy,2.12e-06,551.0,0.00116812
DNT/BTC,1560561244973,2019-06-15T01:14:04.973Z,sell,2.11e-06,20182.0,0.04258402
DNT/BTC,1560561334322,2019-06-15T01:15:34.322Z,sell,2.11e-06,627.0,0.00132297
DNT/BTC,1560561338693,2019-06-15T01:15:38.693Z,sell,2.11e-06,686.0,0.00144746
DNT/BTC,1560561518286,2019-06-15T01:18:38.286Z,buy,2.12e-06,783.0,0.00165996
DNT/BTC,1560561555208,2019-06-15T01:19:15.208Z,buy,2.12e-06,10477.0,0.02221124
DNT/BTC,1560561566110,2019-06-15T01:19:26.110Z,buy,2.12e-06,2125.0,0.004505
DNT/BTC,1560561566226,2019-06-15T01:19:26.226Z,sell,2.12e-06,689.0,0.00146068
DNT/BTC,1560561589777,2019-06-15T01:19:49.777Z,sell,2.12e-06,7142.0,0.01514104
DNT/BTC,1560561611681,2019-06-15T01:20:11.681Z,sell,2.12e-06,1893.0,0.00401316
DNT/BTC,1560561635758,2019-06-15T01:20:35.758Z,sell,2.12e-06,105773.0,0.22423876
DNT/BTC,1560561639761,2019-06-15T01:20:39.761Z,sell,2.11e-06,1975.0,0.00416725
DNT/BTC,1560561639828,2019-06-15T01:20:39.828Z,sell,2.11e-06,488.0,0.00102968
DNT/BTC,1560561641890,2019-06-15T01:20:41.890Z,sell,2.11e-06,717.0,0.00151287
DNT/BTC,1560561684893,2019-06-15T01:21:24.893Z,buy,2.12e-06,4831.0,0.01024172
DNT/BTC,1560561684917,2019-06-15T01:21:24.917Z,sell,2.12e-06,13897.0,0.02946164
DNT/BTC,1560561820764,2019-06-15T01:23:40.764Z,buy,2.13e-06,83612.0,0.1780935599999999
DNT/BTC,1560561820764,2019-06-15T01:23:40.764Z,buy,2.14e-06,210212.0,0.44985368
DNT/BTC,1560561820764,2019-06-15T01:23:40.764Z,buy,2.15e-06,171292.0,0.3682778
DNT/BTC,1560561824456,2019-06-15T01:23:44.456Z,sell,2.13e-06,1921.0,0.00409173
DNT/BTC,1560561824717,2019-06-15T01:23:44.717Z,sell,2.13e-06,2568.0,0.00546984
DNT/BTC,1560561825006,2019-06-15T01:23:45.006Z,sell,2.12e-06,4075.0,0.008639
DNT/BTC,1560561825006,2019-06-15T01:23:45.006Z,sell,2.12e-06,1763.0,0.00373756
DNT/BTC,1560561826820,2019-06-15T01:23:46.820Z,sell,2.12e-06,834.0,0.00176808
DNT/BTC,1560561826945,2019-06-15T01:23:46.945Z,sell,2.12e-06,486.0,0.00103032
DNT/BTC,1560561827066,2019-06-15T01:23:47.066Z,sell,2.12e-06,3080.0,0.0065296
DNT/BTC,1560561827736,2019-06-15T01:23:47.736Z,sell,2.12e-06,857.0,0.00181684
DNT/BTC,1560561850374,2019-06-15T01:24:10.374Z,buy,2.13e-06,845.0,0.00179985
DNT/BTC,1560561853669,2019-06-15T01:24:13.669Z,sell,2.12e-06,2415.0,0.0051198
DNT/BTC,1560561855069,2019-06-15T01:24:15.069Z,sell,2.12e-06,2415.0,0.0051198
DNT/BTC,1560561857913,2019-06-15T01:24:17.913Z,sell,2.12e-06,5309.0,0.01125508
DNT/BTC,1560561859019,2019-06-15T01:24:19.019Z,sell,2.12e-06,5309.0,0.01125508
DNT/BTC,1560561872073,2019-06-15T01:24:32.073Z,sell,2.12e-06,4961.0,0.01051732
DNT/BTC,1560561888721,2019-06-15T01:24:48.721Z,buy,2.13e-06,612.0,0.00130356
DNT/BTC,1560562087123,2019-06-15T01:28:07.123Z,buy,2.13e-06,82540.0,0.1758102
DNT/BTC,1560562122936,2019-06-15T01:28:42.936Z,sell,2.12e-06,23923.0,0.05071676
DNT/BTC,1560562293302,2019-06-15T01:31:33.302Z,sell,2.12e-06,34032.0,0.07214784
DNT/BTC,1560562332241,2019-06-15T01:32:12.241Z,buy,2.13e-06,5647.0,0.01202811
DNT/BTC,1560562430757,2019-06-15T01:33:50.757Z,buy,2.13e-06,9390.0,0.0200007
DNT/BTC,1560562430863,2019-06-15T01:33:50.863Z,buy,2.13e-06,4400.0,0.009372
DNT/BTC,1560562534839,2019-06-15T01:35:34.839Z,buy,2.13e-06,60535.0,0.1289395499999999
DNT/BTC,1560562542991,2019-06-15T01:35:42.991Z,buy,2.14e-06,38459.0,0.0823022599999999
DNT/BTC,1560562602963,2019-06-15T01:36:42.963Z,sell,2.13e-06,4694.0,0.00999822
DNT/BTC,1560562619368,2019-06-15T01:36:59.368Z,buy,2.14e-06,1401.0,0.00299814
DNT/BTC,1560562694031,2019-06-15T01:38:14.031Z,buy,2.14e-06,16947.0,0.03626658
DNT/BTC,1560562789180,2019-06-15T01:39:49.180Z,buy,2.14e-06,10349.0,0.0221468599999999
DNT/BTC,1560562862761,2019-06-15T01:41:02.761Z,buy,2.14e-06,168065.0,0.3596590999999999
DNT/BTC,1560562924056,2019-06-15T01:42:04.056Z,buy,2.14e-06,472.0,0.00101008
DNT/BTC,1560562968898,2019-06-15T01:42:48.898Z,buy,2.14e-06,68710.0,0.1470394
DNT/BTC,1560562969792,2019-06-15T01:42:49.792Z,sell,2.14e-06,4917.0,0.01052238
DNT/BTC,1560562977783,2019-06-15T01:42:57.783Z,sell,2.14e-06,66560.0,0.1424384
DNT/BTC,1560562979151,2019-06-15T01:42:59.151Z,sell,2.13e-06,4831.0,0.01029003
DNT/BTC,1560562979575,2019-06-15T01:42:59.575Z,sell,2.13e-06,957.0,0.00203841
DNT/BTC,1560562980741,2019-06-15T01:43:00.741Z,sell,2.13e-06,714.0,0.00152082
DNT/BTC,1560562982650,2019-06-15T01:43:02.650Z,sell,2.13e-06,2000.0,0.00426
DNT/BTC,1560563027769,2019-06-15T01:43:47.769Z,sell,2.13e-06,517.0,0.00110121
