symbol,timestamp,datetime,side,price,amount,btc_volume
DUSK/BTC,1603037017268,2020-10-18T16:03:37.268Z,buy,3.51e-06,60.0,0.0002106
DUSK/BTC,1603037022894,2020-10-18T16:03:42.894Z,buy,3.51e-06,147.0,0.0005159699999999
DUSK/BTC,1603037210982,2020-10-18T16:06:50.982Z,sell,3.5e-06,9967.0,0.0348845
DUSK/BTC,1603037210993,2020-10-18T16:06:50.993Z,sell,3.5e-06,5004.0,0.017514
DUSK/BTC,1603037211129,2020-10-18T16:06:51.129Z,sell,3.5e-06,2500.0,0.0087499999999999
DUSK/BTC,1603037211319,2020-10-18T16:06:51.319Z,sell,3.5e-06,1248.0,0.004368
DUSK/BTC,1603037211420,2020-10-18T16:06:51.420Z,sell,3.5e-06,623.0,0.0021805
DUSK/BTC,1603037314415,2020-10-18T16:08:34.415Z,sell,3.5e-06,2501.0,0.0087534999999999
DUSK/BTC,1603038364302,2020-10-18T16:26:04.302Z,sell,3.5e-06,18326.0,0.064141
DUSK/BTC,1603038364303,2020-10-18T16:26:04.303Z,sell,3.5e-06,3366.0,0.011781
DUSK/BTC,1603038364303,2020-10-18T16:26:04.303Z,sell,3.49e-06,14960.0,0.0522104
DUSK/BTC,1603038364486,2020-10-18T16:26:04.486Z,sell,3.49e-06,8561.0,0.02987789
DUSK/BTC,1603038364684,2020-10-18T16:26:04.684Z,sell,3.49e-06,6000.0,0.02094
DUSK/BTC,1603038364885,2020-10-18T16:26:04.885Z,sell,3.49e-06,2000.0,0.00698
DUSK/BTC,1603038390210,2020-10-18T16:26:30.210Z,buy,3.49e-06,35.0,0.00012215
DUSK/BTC,1603038391873,2020-10-18T16:26:31.873Z,buy,3.49e-06,84.0,0.00029316
DUSK/BTC,1603038533281,2020-10-18T16:28:53.281Z,sell,3.48e-06,2000.0,0.00696
DUSK/BTC,1603038747756,2020-10-18T16:32:27.756Z,buy,3.49e-06,1435.0,0.00500815
DUSK/BTC,1603038747758,2020-10-18T16:32:27.758Z,buy,3.49e-06,415.0,0.00144835
DUSK/BTC,1603038792395,2020-10-18T16:33:12.395Z,buy,3.49e-06,85.0,0.00029665
DUSK/BTC,1603039542137,2020-10-18T16:45:42.137Z,buy,3.49e-06,1573.0,0.00548977
DUSK/BTC,1603039542145,2020-10-18T16:45:42.145Z,buy,3.49e-06,788.0,0.00275012
DUSK/BTC,1603039542260,2020-10-18T16:45:42.260Z,buy,3.49e-06,394.0,0.00137506
DUSK/BTC,1603039588573,2020-10-18T16:46:28.573Z,buy,3.49e-06,83.0,0.00028967
DUSK/BTC,1603039738627,2020-10-18T16:48:58.627Z,buy,3.49e-06,15.0,5.235e-05
DUSK/BTC,1603039739709,2020-10-18T16:48:59.709Z,buy,3.5e-06,2000.0,0.007
DUSK/BTC,1603039739709,2020-10-18T16:48:59.709Z,buy,3.5e-06,2000.0,0.007
DUSK/BTC,1603040454285,2020-10-18T17:00:54.285Z,sell,3.49e-06,60.0,0.0002094
DUSK/BTC,1603040895509,2020-10-18T17:08:15.509Z,buy,3.5e-06,625.0,0.0021874999999999
DUSK/BTC,1603040895509,2020-10-18T17:08:15.509Z,buy,3.51e-06,2907.0,0.01020357
DUSK/BTC,1603040935594,2020-10-18T17:08:55.594Z,buy,3.5e-06,641.0,0.0022435
DUSK/BTC,1603041591949,2020-10-18T17:19:51.949Z,sell,3.49e-06,83.0,0.00028967
DUSK/BTC,1603041655940,2020-10-18T17:20:55.940Z,sell,3.49e-06,286.0,0.00099814
DUSK/BTC,1603041910342,2020-10-18T17:25:10.342Z,buy,3.5e-06,45.0,0.0001575
DUSK/BTC,1603042580053,2020-10-18T17:36:20.053Z,sell,3.49e-06,2254.0,0.00786646
DUSK/BTC,1603042584595,2020-10-18T17:36:24.595Z,buy,3.5e-06,115.0,0.0004024999999999
DUSK/BTC,1603042671655,2020-10-18T17:37:51.655Z,sell,3.49e-06,113.0,0.00039437
DUSK/BTC,1603042671655,2020-10-18T17:37:51.655Z,sell,3.48e-06,302.0,0.00105096
DUSK/BTC,1603042911638,2020-10-18T17:41:51.638Z,buy,3.5e-06,1717.0,0.0060095
DUSK/BTC,1603042911642,2020-10-18T17:41:51.642Z,buy,3.5e-06,910.0,0.003185
DUSK/BTC,1603042911642,2020-10-18T17:41:51.642Z,buy,3.5e-06,910.0,0.003185
DUSK/BTC,1603043472498,2020-10-18T17:51:12.498Z,buy,3.5e-06,57.0,0.0001995
DUSK/BTC,1603043472498,2020-10-18T17:51:12.498Z,buy,3.51e-06,5499.0,0.0193014899999999
DUSK/BTC,1603043472498,2020-10-18T17:51:12.498Z,buy,3.52e-06,8539.0,0.03005728
DUSK/BTC,1603043472509,2020-10-18T17:51:12.509Z,buy,3.51e-06,5556.0,0.0195015599999999
DUSK/BTC,1603043472609,2020-10-18T17:51:12.609Z,buy,3.51e-06,4279.0,0.01501929
DUSK/BTC,1603043472710,2020-10-18T17:51:12.710Z,buy,3.51e-06,2138.0,0.00750438
DUSK/BTC,1603043472757,2020-10-18T17:51:12.757Z,buy,3.51e-06,2000.0,0.0070199999999999
DUSK/BTC,1603043647834,2020-10-18T17:54:07.834Z,buy,3.51e-06,428.0,0.00150228
DUSK/BTC,1603043804760,2020-10-18T17:56:44.760Z,sell,3.5e-06,377.0,0.0013195
DUSK/BTC,1603043969522,2020-10-18T17:59:29.522Z,sell,3.5e-06,473.0,0.0016555
DUSK/BTC,1603044898082,2020-10-18T18:14:58.082Z,buy,3.52e-06,2000.0,0.00704
DUSK/BTC,1603044901358,2020-10-18T18:15:01.358Z,buy,3.53e-06,3305.0,0.01166665
DUSK/BTC,1603044901639,2020-10-18T18:15:01.639Z,sell,3.53e-06,57.0,0.00020121
DUSK/BTC,1603044907089,2020-10-18T18:15:07.089Z,buy,3.54e-06,4830.0,0.0170982
DUSK/BTC,1603044913734,2020-10-18T18:15:13.734Z,buy,3.55e-06,98437.0,0.34945135
DUSK/BTC,1603044938740,2020-10-18T18:15:38.740Z,buy,3.56e-06,281.0,0.00100036
DUSK/BTC,1603044996445,2020-10-18T18:16:36.445Z,sell,3.54e-06,992.0,0.00351168
DUSK/BTC,1603044996651,2020-10-18T18:16:36.651Z,sell,3.54e-06,1008.0,0.00356832
DUSK/BTC,1603044996973,2020-10-18T18:16:36.973Z,sell,3.53e-06,6935.0,0.02448055
DUSK/BTC,1603044996978,2020-10-18T18:16:36.978Z,sell,3.53e-06,566.0,0.00199798
DUSK/BTC,1603045006149,2020-10-18T18:16:46.149Z,sell,3.52e-06,640.0,0.0022528
DUSK/BTC,1603045010087,2020-10-18T18:16:50.087Z,sell,3.52e-06,199.0,0.00070048
DUSK/BTC,1603045104391,2020-10-18T18:18:24.391Z,sell,3.52e-06,427.0,0.00150304
DUSK/BTC,1603045104666,2020-10-18T18:18:24.666Z,sell,3.52e-06,1566.0,0.00551232
DUSK/BTC,1603045160427,2020-10-18T18:19:20.427Z,buy,3.53e-06,34.0,0.00012002
DUSK/BTC,1603045179148,2020-10-18T18:19:39.148Z,buy,3.53e-06,1966.0,0.00693998
DUSK/BTC,1603045179148,2020-10-18T18:19:39.148Z,buy,3.54e-06,2000.0,0.00708
DUSK/BTC,1603045179148,2020-10-18T18:19:39.148Z,buy,3.55e-06,10288.0,0.0365224
DUSK/BTC,1603045179655,2020-10-18T18:19:39.655Z,sell,3.54e-06,757.0,0.00267978
DUSK/BTC,1603045179657,2020-10-18T18:19:39.657Z,sell,3.54e-06,1243.0,0.00440022
DUSK/BTC,1603045837333,2020-10-18T18:30:37.333Z,buy,3.54e-06,29.0,0.00010266
DUSK/BTC,1603046062526,2020-10-18T18:34:22.526Z,sell,3.53e-06,2000.0,0.00706
DUSK/BTC,1603046062529,2020-10-18T18:34:22.529Z,sell,3.53e-06,443.0,0.00156379
DUSK/BTC,1603046062733,2020-10-18T18:34:22.733Z,sell,3.52e-06,2278.0,0.00801856
DUSK/BTC,1603046068356,2020-10-18T18:34:28.356Z,buy,3.52e-06,421.0,0.00148192
DUSK/BTC,1603046166346,2020-10-18T18:36:06.346Z,sell,3.51e-06,7476.0,0.02624076
DUSK/BTC,1603046166346,2020-10-18T18:36:06.346Z,sell,3.51e-06,7476.0,0.02624076
DUSK/BTC,1603047580812,2020-10-18T18:59:40.812Z,sell,3.51e-06,2190.0,0.0076869
DUSK/BTC,1603047651443,2020-10-18T19:00:51.443Z,buy,3.52e-06,59.0,0.00020768
DUSK/BTC,1603047657169,2020-10-18T19:00:57.169Z,sell,3.51e-06,648.0,0.0022744799999999
DUSK/BTC,1603047657179,2020-10-18T19:00:57.179Z,sell,3.51e-06,361.0,0.00126711
DUSK/BTC,1603049072497,2020-10-18T19:24:32.497Z,buy,3.51e-06,34.0,0.0001193399999999
DUSK/BTC,1603049673818,2020-10-18T19:34:33.818Z,buy,3.51e-06,36.0,0.00012636
DUSK/BTC,1603049673818,2020-10-18T19:34:33.818Z,buy,3.51e-06,36.0,0.00012636
DUSK/BTC,1603050154395,2020-10-18T19:42:34.395Z,sell,3.5e-06,1150.0,0.004025
DUSK/BTC,1603050154635,2020-10-18T19:42:34.635Z,buy,3.5e-06,1000.0,0.0035
DUSK/BTC,1603050154636,2020-10-18T19:42:34.636Z,buy,3.5e-06,1000.0,0.0035
DUSK/BTC,1603050154641,2020-10-18T19:42:34.641Z,buy,3.5e-06,1000.0,0.0035
DUSK/BTC,1603050191092,2020-10-18T19:43:11.092Z,sell,3.49e-06,3781.0,0.01319569
DUSK/BTC,1603050191334,2020-10-18T19:43:11.334Z,buy,3.49e-06,1000.0,0.00349
DUSK/BTC,1603050236407,2020-10-18T19:43:56.407Z,sell,3.48e-06,17356.0,0.06039888
DUSK/BTC,1603050265516,2020-10-18T19:44:25.516Z,buy,3.49e-06,35.0,0.00012215
DUSK/BTC,1603050415902,2020-10-18T19:46:55.902Z,sell,3.48e-06,17987.0,0.06259476
DUSK/BTC,1603051186446,2020-10-18T19:59:46.446Z,buy,3.49e-06,711.0,0.00248139
DUSK/BTC,1603051253355,2020-10-18T20:00:53.355Z,sell,3.48e-06,59.0,0.00020532
DUSK/BTC,1603051411615,2020-10-18T20:03:31.615Z,buy,3.49e-06,2025.0,0.00706725
DUSK/BTC,1603051418958,2020-10-18T20:03:38.958Z,sell,3.48e-06,112.0,0.00038976
DUSK/BTC,1603052745485,2020-10-18T20:25:45.485Z,buy,3.5e-06,1668.0,0.005838
DUSK/BTC,1603052745485,2020-10-18T20:25:45.485Z,buy,3.5e-06,1668.0,0.005838
DUSK/BTC,1603055639586,2020-10-18T21:13:59.586Z,sell,3.48e-06,3421.0,0.01190508
DUSK/BTC,1603055639586,2020-10-18T21:13:59.586Z,sell,3.47e-06,33383.0,0.1158390099999999
DUSK/BTC,1603055639586,2020-10-18T21:13:59.586Z,sell,3.46e-06,39516.0,0.13672536
DUSK/BTC,1603055639586,2020-10-18T21:13:59.586Z,sell,3.45e-06,8168.0,0.0281796
DUSK/BTC,1603055639586,2020-10-18T21:13:59.586Z,sell,3.45e-06,3210.0,0.0110745
DUSK/BTC,1603055639825,2020-10-18T21:13:59.825Z,buy,3.48e-06,37.0,0.00012876
DUSK/BTC,1603055639889,2020-10-18T21:13:59.889Z,sell,3.46e-06,630.0,0.0021798
DUSK/BTC,1603055640695,2020-10-18T21:14:00.695Z,sell,3.46e-06,1541.0,0.00533186
DUSK/BTC,1603055708491,2020-10-18T21:15:08.491Z,buy,3.47e-06,35.0,0.00012145
DUSK/BTC,1603055824820,2020-10-18T21:17:04.820Z,sell,3.45e-06,35.0,0.00012075
DUSK/BTC,1603055892869,2020-10-18T21:18:12.869Z,buy,3.47e-06,9.0,3.123e-05
DUSK/BTC,1603056335231,2020-10-18T21:25:35.231Z,buy,3.47e-06,46.0,0.00015962
DUSK/BTC,1603056335231,2020-10-18T21:25:35.231Z,buy,3.47e-06,46.0,0.00015962
DUSK/BTC,1603056644067,2020-10-18T21:30:44.067Z,sell,3.45e-06,1214.0,0.0041883
DUSK/BTC,1603056969523,2020-10-18T21:36:09.523Z,buy,3.47e-06,1852.0,0.0064264399999999
DUSK/BTC,1603056969524,2020-10-18T21:36:09.524Z,buy,3.47e-06,58.0,0.0002012599999999
DUSK/BTC,1603058165916,2020-10-18T21:56:05.916Z,sell,3.47e-06,3863.0,0.0134046099999999
DUSK/BTC,1603058289257,2020-10-18T21:58:09.257Z,buy,3.48e-06,83.0,0.00028884
DUSK/BTC,1603059027569,2020-10-18T22:10:27.569Z,buy,3.48e-06,2369.0,0.00824412
DUSK/BTC,1603059027569,2020-10-18T22:10:27.569Z,buy,3.48e-06,2369.0,0.00824412
DUSK/BTC,1603060218982,2020-10-18T22:30:18.982Z,buy,3.49e-06,130.0,0.0004537
DUSK/BTC,1603060717199,2020-10-18T22:38:37.199Z,sell,3.48e-06,16128.0,0.05612544
DUSK/BTC,1603061074590,2020-10-18T22:44:34.590Z,sell,3.47e-06,29986.0,0.1040514199999999
DUSK/BTC,1603061074678,2020-10-18T22:44:34.678Z,sell,3.47e-06,10627.0,0.0368756899999999
DUSK/BTC,1603061118252,2020-10-18T22:45:18.252Z,sell,3.46e-06,130.0,0.0004498
DUSK/BTC,1603061130107,2020-10-18T22:45:30.107Z,sell,3.47e-06,468.0,0.0016239599999999
DUSK/BTC,1603061180366,2020-10-18T22:46:20.366Z,sell,3.46e-06,2322.0,0.00803412
DUSK/BTC,1603061209368,2020-10-18T22:46:49.368Z,sell,3.45e-06,11535.0,0.03979575
DUSK/BTC,1603061912570,2020-10-18T22:58:32.570Z,buy,3.47e-06,2000.0,0.00694
DUSK/BTC,1603062231421,2020-10-18T23:03:51.421Z,sell,3.46e-06,1619.0,0.00560174
DUSK/BTC,1603062231421,2020-10-18T23:03:51.421Z,sell,3.46e-06,1619.0,0.00560174
DUSK/BTC,1603062936787,2020-10-18T23:15:36.787Z,sell,3.46e-06,665.0,0.0023009
DUSK/BTC,1603063559914,2020-10-18T23:25:59.914Z,buy,3.47e-06,138.0,0.0004788599999999
DUSK/BTC,1603064728925,2020-10-18T23:45:28.925Z,buy,3.47e-06,293.0,0.0010167099999999
DUSK/BTC,1603064809431,2020-10-18T23:46:49.431Z,buy,3.47e-06,419.0,0.00145393
DUSK/BTC,1603064809443,2020-10-18T23:46:49.443Z,buy,3.47e-06,209.0,0.00072523
DUSK/BTC,1603064809455,2020-10-18T23:46:49.455Z,buy,3.47e-06,209.0,0.00072523
DUSK/BTC,1603064809467,2020-10-18T23:46:49.467Z,buy,3.47e-06,167.0,0.00057949
DUSK/BTC,1603064809481,2020-10-18T23:46:49.481Z,buy,3.47e-06,167.0,0.00057949
DUSK/BTC,1603065116551,2020-10-18T23:51:56.551Z,buy,3.47e-06,790.0,0.0027413
DUSK/BTC,1603065138195,2020-10-18T23:52:18.195Z,sell,3.46e-06,2697.0,0.00933162
DUSK/BTC,1603065822519,2020-10-19T00:03:42.519Z,buy,3.47e-06,28.0,9.716e-05
DUSK/BTC,1603065823513,2020-10-19T00:03:43.513Z,buy,3.48e-06,516.0,0.00179568
DUSK/BTC,1603065823513,2020-10-19T00:03:43.513Z,buy,3.48e-06,516.0,0.00179568
DUSK/BTC,1603066479035,2020-10-19T00:14:39.035Z,sell,3.46e-06,278.0,0.00096188
DUSK/BTC,1603066514861,2020-10-19T00:15:14.861Z,buy,3.48e-06,5358.0,0.01864584
DUSK/BTC,1603066515553,2020-10-19T00:15:15.553Z,sell,3.47e-06,2000.0,0.00694
DUSK/BTC,1603066687399,2020-10-19T00:18:07.399Z,sell,3.46e-06,1112.0,0.00384752
DUSK/BTC,1603066901418,2020-10-19T00:21:41.418Z,sell,3.46e-06,1120.0,0.0038752
DUSK/BTC,1603066901664,2020-10-19T00:21:41.664Z,sell,3.45e-06,663.0,0.00228735
DUSK/BTC,1603067774926,2020-10-19T00:36:14.926Z,sell,3.45e-06,58.0,0.0002001
DUSK/BTC,1603067774926,2020-10-19T00:36:14.926Z,sell,3.44e-06,23242.0,0.07995248
DUSK/BTC,1603067775062,2020-10-19T00:36:15.062Z,sell,3.44e-06,7826.0,0.02692144
DUSK/BTC,1603067775268,2020-10-19T00:36:15.268Z,sell,3.44e-06,4374.0,0.01504656
DUSK/BTC,1603067797115,2020-10-19T00:36:37.115Z,buy,3.45e-06,2000.0,0.0069
DUSK/BTC,1603067797115,2020-10-19T00:36:37.115Z,buy,3.47e-06,702.0,0.0024359399999999
DUSK/BTC,1603067797667,2020-10-19T00:36:37.667Z,sell,3.44e-06,1419.0,0.00488136
DUSK/BTC,1603068293807,2020-10-19T00:44:53.807Z,buy,3.45e-06,35.0,0.00012075
DUSK/BTC,1603069022884,2020-10-19T00:57:02.884Z,sell,3.44e-06,419.0,0.00144136
DUSK/BTC,1603069022886,2020-10-19T00:57:02.886Z,sell,3.44e-06,960.0,0.0033024
DUSK/BTC,1603069023060,2020-10-19T00:57:03.060Z,sell,3.43e-06,688.0,0.00235984
DUSK/BTC,1603069023166,2020-10-19T00:57:03.166Z,sell,3.43e-06,344.0,0.00117992
DUSK/BTC,1603069169351,2020-10-19T00:59:29.351Z,buy,3.45e-06,4697.0,0.01620465
DUSK/BTC,1603069169901,2020-10-19T00:59:29.901Z,buy,3.45e-06,2383.0,0.00822135
DUSK/BTC,1603069170132,2020-10-19T00:59:30.132Z,sell,3.44e-06,2000.0,0.00688
DUSK/BTC,1603069202976,2020-10-19T01:00:02.976Z,sell,3.43e-06,664.0,0.00227752
DUSK/BTC,1603069217666,2020-10-19T01:00:17.666Z,sell,3.43e-06,435.0,0.00149205
DUSK/BTC,1603069217910,2020-10-19T01:00:17.910Z,sell,3.43e-06,224.0,0.00076832
DUSK/BTC,1603069289685,2020-10-19T01:01:29.685Z,buy,3.44e-06,59.0,0.00020296
DUSK/BTC,1603069289685,2020-10-19T01:01:29.685Z,buy,3.44e-06,59.0,0.00020296
DUSK/BTC,1603069875620,2020-10-19T01:11:15.620Z,sell,3.43e-06,1153.0,0.00395479
DUSK/BTC,1603069875637,2020-10-19T01:11:15.637Z,sell,3.43e-06,1055.0,0.00361865
DUSK/BTC,1603069875650,2020-10-19T01:11:15.650Z,sell,3.43e-06,1119.0,0.00383817
DUSK/BTC,1603069875949,2020-10-19T01:11:15.949Z,sell,3.43e-06,558.0,0.00191394
DUSK/BTC,1603069878366,2020-10-19T01:11:18.366Z,sell,3.43e-06,722.0,0.00247646
DUSK/BTC,1603069883853,2020-10-19T01:11:23.853Z,sell,3.43e-06,482.0,0.00165326
DUSK/BTC,1603069889460,2020-10-19T01:11:29.460Z,sell,3.43e-06,322.0,0.00110446
DUSK/BTC,1603070002601,2020-10-19T01:13:22.601Z,sell,3.43e-06,6092.0,0.02089556
DUSK/BTC,1603070072938,2020-10-19T01:14:32.938Z,buy,3.43e-06,610.0,0.0020923
DUSK/BTC,1603070103803,2020-10-19T01:15:03.803Z,sell,3.43e-06,36.0,0.00012348
DUSK/BTC,1603070772239,2020-10-19T01:26:12.239Z,buy,3.44e-06,81.0,0.00027864
DUSK/BTC,1603071029605,2020-10-19T01:30:29.605Z,sell,3.43e-06,3242.0,0.01112006
DUSK/BTC,1603071029625,2020-10-19T01:30:29.625Z,sell,3.42e-06,3242.0,0.01108764
DUSK/BTC,1603071029625,2020-10-19T01:30:29.625Z,sell,3.42e-06,25410.0,0.0869022
DUSK/BTC,1603071029625,2020-10-19T01:30:29.625Z,sell,3.41e-06,27839.0,0.0949309899999999
DUSK/BTC,1603071029625,2020-10-19T01:30:29.625Z,sell,3.4e-06,5750.0,0.01955
DUSK/BTC,1603071079896,2020-10-19T01:31:19.896Z,buy,3.41e-06,70.0,0.0002387
DUSK/BTC,1603071119866,2020-10-19T01:31:59.866Z,buy,3.41e-06,1930.0,0.0065813
DUSK/BTC,1603071123962,2020-10-19T01:32:03.962Z,sell,3.41e-06,36.0,0.00012276
DUSK/BTC,1603071672138,2020-10-19T01:41:12.138Z,sell,3.41e-06,38.0,0.00012958
DUSK/BTC,1603072143480,2020-10-19T01:49:03.480Z,buy,3.42e-06,10.0,3.42e-05
DUSK/BTC,1603072152198,2020-10-19T01:49:12.198Z,buy,3.42e-06,31.0,0.0001060199999999
DUSK/BTC,1603072650683,2020-10-19T01:57:30.683Z,buy,3.42e-06,1959.0,0.00669978
DUSK/BTC,1603072707404,2020-10-19T01:58:27.404Z,buy,3.43e-06,1600.0,0.005488
DUSK/BTC,1603072751815,2020-10-19T01:59:11.815Z,sell,3.42e-06,600.0,0.002052
DUSK/BTC,1603072835724,2020-10-19T02:00:35.724Z,sell,3.42e-06,624.0,0.00213408
DUSK/BTC,1603072835733,2020-10-19T02:00:35.733Z,sell,3.42e-06,945.0,0.0032319
DUSK/BTC,1603072836035,2020-10-19T02:00:36.035Z,sell,3.42e-06,471.0,0.00161082
DUSK/BTC,1603072836035,2020-10-19T02:00:36.035Z,sell,3.42e-06,471.0,0.00161082
DUSK/BTC,1603074623990,2020-10-19T02:30:23.990Z,buy,3.43e-06,88.0,0.00030184
DUSK/BTC,1603076320645,2020-10-19T02:58:40.645Z,sell,3.42e-06,2491.0,0.00851922
DUSK/BTC,1603076320658,2020-10-19T02:58:40.658Z,sell,3.42e-06,401.0,0.00137142
DUSK/BTC,1603076320907,2020-10-19T02:58:40.907Z,sell,3.42e-06,1042.0,0.00356364
DUSK/BTC,1603076321206,2020-10-19T02:58:41.206Z,sell,3.42e-06,520.0,0.0017783999999999
DUSK/BTC,1603076321206,2020-10-19T02:58:41.206Z,sell,3.42e-06,520.0,0.0017783999999999
DUSK/BTC,1603077996929,2020-10-19T03:26:36.929Z,sell,3.42e-06,91.0,0.0003112199999999
DUSK/BTC,1603077996929,2020-10-19T03:26:36.929Z,sell,3.42e-06,91.0,0.0003112199999999
DUSK/BTC,1603080049375,2020-10-19T04:00:49.375Z,sell,3.42e-06,23976.0,0.08199792
DUSK/BTC,1603080049507,2020-10-19T04:00:49.507Z,sell,3.41e-06,6582.0,0.02244462
DUSK/BTC,1603080218158,2020-10-19T04:03:38.158Z,sell,3.4e-06,547.0,0.0018598
DUSK/BTC,1603081553974,2020-10-19T04:25:53.974Z,sell,3.4e-06,20564.0,0.0699176
DUSK/BTC,1603081558436,2020-10-19T04:25:58.436Z,sell,3.39e-06,17084.0,0.05791476
DUSK/BTC,1603081558436,2020-10-19T04:25:58.436Z,sell,3.38e-06,27987.0,0.09459606
DUSK/BTC,1603081558436,2020-10-19T04:25:58.436Z,sell,3.37e-06,6948.0,0.02341476
DUSK/BTC,1603081558436,2020-10-19T04:25:58.436Z,sell,3.36e-06,8691.0,0.02920176
DUSK/BTC,1603081558444,2020-10-19T04:25:58.444Z,buy,3.37e-06,560.0,0.0018872
DUSK/BTC,1603081558444,2020-10-19T04:25:58.444Z,buy,3.38e-06,38186.0,0.12906868
DUSK/BTC,1603081558446,2020-10-19T04:25:58.446Z,buy,3.38e-06,373.0,0.00126074
DUSK/BTC,1603081558454,2020-10-19T04:25:58.454Z,buy,3.38e-06,373.0,0.00126074
DUSK/BTC,1603081558466,2020-10-19T04:25:58.466Z,sell,3.37e-06,7400.0,0.024938
DUSK/BTC,1603081558684,2020-10-19T04:25:58.684Z,sell,3.37e-06,18.0,6.066e-05
DUSK/BTC,1603081558727,2020-10-19T04:25:58.727Z,sell,3.36e-06,8606.0,0.02891616
DUSK/BTC,1603081559087,2020-10-19T04:25:59.087Z,sell,3.35e-06,28776.0,0.0963996
DUSK/BTC,1603081559087,2020-10-19T04:25:59.087Z,sell,3.34e-06,424.0,0.00141616
DUSK/BTC,1603081559087,2020-10-19T04:25:59.087Z,sell,3.34e-06,753.0,0.00251502
DUSK/BTC,1603081559087,2020-10-19T04:25:59.087Z,sell,3.34e-06,18461.0,0.06165974
DUSK/BTC,1603081559087,2020-10-19T04:25:59.087Z,sell,3.34e-06,36.0,0.00012024
DUSK/BTC,1603081559306,2020-10-19T04:25:59.306Z,sell,3.35e-06,984.0,0.0032964
DUSK/BTC,1603081559346,2020-10-19T04:25:59.346Z,buy,3.35e-06,494.0,0.0016549
DUSK/BTC,1603081559364,2020-10-19T04:25:59.364Z,buy,3.35e-06,522.0,0.0017487
DUSK/BTC,1603081560511,2020-10-19T04:26:00.511Z,sell,3.34e-06,75.0,0.0002505
DUSK/BTC,1603081560976,2020-10-19T04:26:00.976Z,buy,3.35e-06,32.0,0.0001072
DUSK/BTC,1603081563108,2020-10-19T04:26:03.108Z,buy,3.35e-06,350.0,0.0011725
DUSK/BTC,1603081572072,2020-10-19T04:26:12.072Z,sell,3.34e-06,200.0,0.000668
DUSK/BTC,1603081574186,2020-10-19T04:26:14.186Z,sell,3.34e-06,31.0,0.00010354
DUSK/BTC,1603081582507,2020-10-19T04:26:22.507Z,sell,3.34e-06,72429.0,0.24191286
DUSK/BTC,1603081593355,2020-10-19T04:26:33.355Z,buy,3.35e-06,1151.0,0.00385585
DUSK/BTC,1603081593355,2020-10-19T04:26:33.355Z,buy,3.35e-06,1151.0,0.00385585
DUSK/BTC,1603081599770,2020-10-19T04:26:39.770Z,buy,3.35e-06,59.0,0.00019765
DUSK/BTC,1603081600973,2020-10-19T04:26:40.973Z,buy,3.35e-06,108.0,0.0003618
DUSK/BTC,1603081602861,2020-10-19T04:26:42.861Z,buy,3.35e-06,971.0,0.00325285
DUSK/BTC,1603081624258,2020-10-19T04:27:04.258Z,sell,3.34e-06,37.0,0.00012358
DUSK/BTC,1603081624528,2020-10-19T04:27:04.528Z,buy,3.35e-06,60.0,0.000201
DUSK/BTC,1603081627596,2020-10-19T04:27:07.596Z,buy,3.35e-06,1493.0,0.00500155
DUSK/BTC,1603081628055,2020-10-19T04:27:08.055Z,buy,3.35e-06,2986.0,0.0100031
DUSK/BTC,1603081628068,2020-10-19T04:27:08.068Z,buy,3.35e-06,25635.0,0.08587725
DUSK/BTC,1603081643153,2020-10-19T04:27:23.153Z,buy,3.36e-06,600.0,0.002016
DUSK/BTC,1603081656852,2020-10-19T04:27:36.852Z,buy,3.36e-06,5628.0,0.01891008
DUSK/BTC,1603081656863,2020-10-19T04:27:36.863Z,sell,3.36e-06,2451.0,0.00823536
DUSK/BTC,1603081675334,2020-10-19T04:27:55.334Z,sell,3.36e-06,36.0,0.00012096
DUSK/BTC,1603081710484,2020-10-19T04:28:30.484Z,buy,3.37e-06,1128.0,0.0038013599999999
DUSK/BTC,1603081716506,2020-10-19T04:28:36.506Z,buy,3.37e-06,35680.0,0.1202416
DUSK/BTC,1603081716512,2020-10-19T04:28:36.512Z,sell,3.37e-06,11698.0,0.03942226
DUSK/BTC,1603081716519,2020-10-19T04:28:36.519Z,sell,3.37e-06,5869.0,0.01977853
DUSK/BTC,1603081716522,2020-10-19T04:28:36.522Z,sell,3.37e-06,2348.0,0.00791276
DUSK/BTC,1603082004145,2020-10-19T04:33:24.145Z,buy,3.38e-06,224.0,0.00075712
DUSK/BTC,1603082004379,2020-10-19T04:33:24.379Z,buy,3.38e-06,435.0,0.0014703
DUSK/BTC,1603082004854,2020-10-19T04:33:24.854Z,sell,3.36e-06,600.0,0.002016
DUSK/BTC,1603082070114,2020-10-19T04:34:30.114Z,sell,3.36e-06,224.0,0.00075264
DUSK/BTC,1603082070373,2020-10-19T04:34:30.373Z,sell,3.36e-06,444.0,0.00149184
DUSK/BTC,1603082576173,2020-10-19T04:42:56.173Z,buy,3.38e-06,4568.0,0.01543984
DUSK/BTC,1603083220791,2020-10-19T04:53:40.791Z,buy,3.38e-06,1309.0,0.00442442
DUSK/BTC,1603083274482,2020-10-19T04:54:34.482Z,buy,3.38e-06,386.0,0.00130468
DUSK/BTC,1603083274486,2020-10-19T04:54:34.486Z,buy,3.38e-06,384.0,0.00129792
DUSK/BTC,1603083346311,2020-10-19T04:55:46.311Z,buy,3.38e-06,302.0,0.00102076
DUSK/BTC,1603083350266,2020-10-19T04:55:50.266Z,buy,3.38e-06,287.0,0.0009700599999999
DUSK/BTC,1603083757545,2020-10-19T05:02:37.545Z,buy,3.38e-06,206.0,0.00069628
DUSK/BTC,1603083906674,2020-10-19T05:05:06.674Z,buy,3.38e-06,465.0,0.0015716999999999
DUSK/BTC,1603084725843,2020-10-19T05:18:45.843Z,sell,3.36e-06,11024.0,0.03704064
DUSK/BTC,1603084979484,2020-10-19T05:22:59.484Z,buy,3.37e-06,100.0,0.000337
DUSK/BTC,1603084979497,2020-10-19T05:22:59.497Z,buy,3.37e-06,715.0,0.00240955
DUSK/BTC,1603084979723,2020-10-19T05:22:59.723Z,buy,3.37e-06,357.0,0.00120309
DUSK/BTC,1603085009669,2020-10-19T05:23:29.669Z,buy,3.37e-06,803.0,0.00270611
DUSK/BTC,1603085009675,2020-10-19T05:23:29.675Z,buy,3.37e-06,25.0,8.425e-05
DUSK/BTC,1603085016483,2020-10-19T05:23:36.483Z,buy,3.38e-06,4403.0,0.0148821399999999
DUSK/BTC,1603085125523,2020-10-19T05:25:25.523Z,buy,3.37e-06,5904.0,0.01989648
DUSK/BTC,1603085129370,2020-10-19T05:25:29.370Z,buy,3.38e-06,665.0,0.0022477
DUSK/BTC,1603085129376,2020-10-19T05:25:29.376Z,buy,3.38e-06,325.0,0.0010984999999999
DUSK/BTC,1603085129376,2020-10-19T05:25:29.376Z,buy,3.38e-06,325.0,0.0010984999999999
DUSK/BTC,1603085209453,2020-10-19T05:26:49.453Z,buy,3.39e-06,65.0,0.00022035
DUSK/BTC,1603085425194,2020-10-19T05:30:25.194Z,buy,3.39e-06,11.0,3.729e-05
DUSK/BTC,1603086445661,2020-10-19T05:47:25.661Z,buy,3.38e-06,9.0,3.042e-05
DUSK/BTC,1603086488871,2020-10-19T05:48:08.871Z,buy,3.38e-06,59.0,0.0001994199999999
DUSK/BTC,1603087521990,2020-10-19T06:05:21.990Z,buy,3.38e-06,11.0,3.718e-05
DUSK/BTC,1603087672872,2020-10-19T06:07:52.872Z,buy,3.38e-06,10.0,3.3799999999999995e-05
DUSK/BTC,1603087826150,2020-10-19T06:10:26.150Z,buy,3.38e-06,1028.0,0.0034746399999999
DUSK/BTC,1603087826154,2020-10-19T06:10:26.154Z,buy,3.38e-06,32.0,0.00010816
DUSK/BTC,1603087838846,2020-10-19T06:10:38.846Z,buy,3.39e-06,25073.0,0.08499747
DUSK/BTC,1603087939423,2020-10-19T06:12:19.423Z,sell,3.38e-06,2000.0,0.0067599999999999
DUSK/BTC,1603088544748,2020-10-19T06:22:24.748Z,sell,3.36e-06,2617.0,0.00879312
DUSK/BTC,1603088544757,2020-10-19T06:22:24.757Z,buy,3.36e-06,432.0,0.00145152
DUSK/BTC,1603088546527,2020-10-19T06:22:26.527Z,buy,3.36e-06,303.0,0.00101808
DUSK/BTC,1603088573351,2020-10-19T06:22:53.351Z,buy,3.36e-06,36.0,0.00012096
DUSK/BTC,1603088588428,2020-10-19T06:23:08.428Z,buy,3.36e-06,60.0,0.0002016
DUSK/BTC,1603088588428,2020-10-19T06:23:08.428Z,buy,3.36e-06,60.0,0.0002016
DUSK/BTC,1603089022369,2020-10-19T06:30:22.369Z,buy,3.36e-06,130.0,0.0004368
DUSK/BTC,1603089033448,2020-10-19T06:30:33.448Z,buy,3.36e-06,169.0,0.00056784
DUSK/BTC,1603089107113,2020-10-19T06:31:47.113Z,buy,3.37e-06,152.0,0.00051224
DUSK/BTC,1603089836174,2020-10-19T06:43:56.174Z,buy,3.37e-06,88.0,0.0002965599999999
DUSK/BTC,1603089916061,2020-10-19T06:45:16.061Z,buy,3.37e-06,76.0,0.00025612
DUSK/BTC,1603089932869,2020-10-19T06:45:32.869Z,buy,3.37e-06,1744.0,0.0058772799999999
DUSK/BTC,1603089932869,2020-10-19T06:45:32.869Z,buy,3.37e-06,1744.0,0.0058772799999999
DUSK/BTC,1603093042447,2020-10-19T07:37:22.447Z,buy,3.39e-06,9.0,3.051e-05
DUSK/BTC,1603093079831,2020-10-19T07:37:59.831Z,sell,3.37e-06,2450.0,0.0082565
DUSK/BTC,1603093201692,2020-10-19T07:40:01.692Z,buy,3.39e-06,10.0,3.3900000000000004e-05
DUSK/BTC,1603093459738,2020-10-19T07:44:19.738Z,buy,3.38e-06,118.0,0.0003988399999999
DUSK/BTC,1603093459738,2020-10-19T07:44:19.738Z,buy,3.38e-06,118.0,0.0003988399999999
DUSK/BTC,1603094622481,2020-10-19T08:03:42.481Z,buy,3.38e-06,148.0,0.00050024
DUSK/BTC,1603095622217,2020-10-19T08:20:22.217Z,sell,3.36e-06,1412.0,0.00474432
DUSK/BTC,1603095849704,2020-10-19T08:24:09.704Z,sell,3.36e-06,8926.0,0.02999136
DUSK/BTC,1603095849704,2020-10-19T08:24:09.704Z,sell,3.36e-06,8926.0,0.02999136
DUSK/BTC,1603097538550,2020-10-19T08:52:18.550Z,sell,3.36e-06,396.0,0.00133056
DUSK/BTC,1603097886214,2020-10-19T08:58:06.214Z,sell,3.36e-06,748.0,0.00251328
DUSK/BTC,1603098039277,2020-10-19T09:00:39.277Z,buy,3.36e-06,891.0,0.00299376
DUSK/BTC,1603098508616,2020-10-19T09:08:28.616Z,buy,3.36e-06,352.0,0.00118272
DUSK/BTC,1603098508640,2020-10-19T09:08:28.640Z,buy,3.37e-06,2623.0,0.00883951
DUSK/BTC,1603098508640,2020-10-19T09:08:28.640Z,buy,3.38e-06,83.0,0.0002805399999999
DUSK/BTC,1603098576022,2020-10-19T09:09:36.022Z,buy,3.37e-06,1909.0,0.00643333
DUSK/BTC,1603098576022,2020-10-19T09:09:36.022Z,buy,3.38e-06,10427.0,0.03524326
DUSK/BTC,1603098576022,2020-10-19T09:09:36.022Z,buy,3.39e-06,3863.0,0.01309557
DUSK/BTC,1603098576244,2020-10-19T09:09:36.244Z,sell,3.38e-06,352.0,0.00118976
DUSK/BTC,1603098576244,2020-10-19T09:09:36.244Z,sell,3.38e-06,1648.0,0.00557024
DUSK/BTC,1603098576244,2020-10-19T09:09:36.244Z,sell,3.38e-06,352.0,0.00118976
DUSK/BTC,1603098576244,2020-10-19T09:09:36.244Z,sell,3.38e-06,1648.0,0.00557024
DUSK/BTC,1603101009291,2020-10-19T09:50:09.291Z,buy,3.38e-06,60.0,0.0002028
DUSK/BTC,1603101009291,2020-10-19T09:50:09.291Z,buy,3.38e-06,60.0,0.0002028
DUSK/BTC,1603102274823,2020-10-19T10:11:14.823Z,buy,3.39e-06,108.0,0.00036612
DUSK/BTC,1603102285684,2020-10-19T10:11:25.684Z,buy,3.39e-06,1892.0,0.00641388
DUSK/BTC,1603103120969,2020-10-19T10:25:20.969Z,buy,3.39e-06,59.0,0.00020001
DUSK/BTC,1603103426665,2020-10-19T10:30:26.665Z,sell,3.39e-06,74.0,0.00025086
DUSK/BTC,1603103552921,2020-10-19T10:32:32.921Z,sell,3.39e-06,877.0,0.00297303
DUSK/BTC,1603103552921,2020-10-19T10:32:32.921Z,sell,3.38e-06,123.0,0.00041574
DUSK/BTC,1603103832360,2020-10-19T10:37:12.360Z,sell,3.38e-06,1009.0,0.00341042
DUSK/BTC,1603103832360,2020-10-19T10:37:12.360Z,sell,3.38e-06,1009.0,0.00341042
DUSK/BTC,1603106731019,2020-10-19T11:25:31.019Z,sell,3.39e-06,109.0,0.00036951
DUSK/BTC,1603107279629,2020-10-19T11:34:39.629Z,sell,3.39e-06,400.0,0.001356
DUSK/BTC,1603107419220,2020-10-19T11:36:59.220Z,sell,3.39e-06,114.0,0.00038646
DUSK/BTC,1603107419222,2020-10-19T11:36:59.222Z,sell,3.38e-06,209.0,0.0007064199999999
DUSK/BTC,1603107421532,2020-10-19T11:37:01.532Z,sell,3.38e-06,117.0,0.00039546
DUSK/BTC,1603107421532,2020-10-19T11:37:01.532Z,sell,3.38e-06,117.0,0.00039546
DUSK/BTC,1603108034703,2020-10-19T11:47:14.703Z,sell,3.38e-06,601.0,0.0020313799999999
DUSK/BTC,1603108036285,2020-10-19T11:47:16.285Z,sell,3.37e-06,4487.0,0.01512119
DUSK/BTC,1603108276830,2020-10-19T11:51:16.830Z,buy,3.39e-06,98.0,0.00033222
DUSK/BTC,1603108529029,2020-10-19T11:55:29.029Z,buy,3.39e-06,1902.0,0.00644778
DUSK/BTC,1603108529042,2020-10-19T11:55:29.042Z,sell,3.39e-06,189.0,0.00064071
DUSK/BTC,1603108874396,2020-10-19T12:01:14.396Z,buy,3.39e-06,59.0,0.00020001
DUSK/BTC,1603109019300,2020-10-19T12:03:39.300Z,sell,3.39e-06,155.0,0.00052545
DUSK/BTC,1603109602310,2020-10-19T12:13:22.310Z,buy,3.4e-06,1204.0,0.0040936
DUSK/BTC,1603109797300,2020-10-19T12:16:37.300Z,sell,3.38e-06,318.0,0.0010748399999999
DUSK/BTC,1603109996750,2020-10-19T12:19:56.750Z,buy,3.4e-06,774.0,0.0026316
DUSK/BTC,1603110053841,2020-10-19T12:20:53.841Z,buy,3.4e-06,428.0,0.0014552
DUSK/BTC,1603110053846,2020-10-19T12:20:53.846Z,buy,3.4e-06,5469.0,0.0185946
DUSK/BTC,1603110053846,2020-10-19T12:20:53.846Z,buy,3.41e-06,4718.0,0.01608838
DUSK/BTC,1603110053861,2020-10-19T12:20:53.861Z,buy,3.41e-06,19800.0,0.067518
DUSK/BTC,1603110053866,2020-10-19T12:20:53.866Z,buy,3.41e-06,2690.0,0.0091729
DUSK/BTC,1603110053866,2020-10-19T12:20:53.866Z,buy,3.42e-06,37.0,0.00012654
DUSK/BTC,1603110054515,2020-10-19T12:20:54.515Z,sell,3.4e-06,735.0,0.002499
DUSK/BTC,1603110056025,2020-10-19T12:20:56.025Z,buy,3.41e-06,118.0,0.00040238
DUSK/BTC,1603110056025,2020-10-19T12:20:56.025Z,buy,3.42e-06,3576.0,0.01222992
DUSK/BTC,1603110096751,2020-10-19T12:21:36.751Z,buy,3.42e-06,11800.0,0.0403559999999999
DUSK/BTC,1603110230550,2020-10-19T12:23:50.550Z,buy,3.42e-06,1283.0,0.0043878599999999
DUSK/BTC,1603110238924,2020-10-19T12:23:58.924Z,buy,3.42e-06,5200.0,0.0177839999999999
DUSK/BTC,1603110325254,2020-10-19T12:25:25.254Z,buy,3.42e-06,59.0,0.0002017799999999
DUSK/BTC,1603110325254,2020-10-19T12:25:25.254Z,buy,3.43e-06,2681.0,0.00919583
DUSK/BTC,1603110899577,2020-10-19T12:34:59.577Z,sell,3.42e-06,2000.0,0.00684
DUSK/BTC,1603110899577,2020-10-19T12:34:59.577Z,sell,3.41e-06,78.0,0.0002659799999999
DUSK/BTC,1603110899589,2020-10-19T12:34:59.589Z,buy,3.42e-06,212.0,0.0007250399999999
DUSK/BTC,1603110899601,2020-10-19T12:34:59.601Z,buy,3.42e-06,133.0,0.0004548599999999
DUSK/BTC,1603110899863,2020-10-19T12:34:59.863Z,sell,3.41e-06,1256.0,0.00428296
DUSK/BTC,1603110899968,2020-10-19T12:34:59.968Z,sell,3.41e-06,628.0,0.00214148
DUSK/BTC,1603110900066,2020-10-19T12:35:00.066Z,sell,3.41e-06,314.0,0.00107074
DUSK/BTC,1603110934382,2020-10-19T12:35:34.382Z,buy,3.42e-06,1828.0,0.0062517599999999
DUSK/BTC,1603110938578,2020-10-19T12:35:38.578Z,buy,3.42e-06,1647.0,0.00563274
DUSK/BTC,1603110941788,2020-10-19T12:35:41.788Z,sell,3.41e-06,558.0,0.00190278
DUSK/BTC,1603110974227,2020-10-19T12:36:14.227Z,buy,3.42e-06,447.0,0.00152874
DUSK/BTC,1603110989198,2020-10-19T12:36:29.198Z,buy,3.42e-06,403.0,0.0013782599999999
DUSK/BTC,1603110993854,2020-10-19T12:36:33.854Z,buy,3.42e-06,363.0,0.00124146
DUSK/BTC,1603110993854,2020-10-19T12:36:33.854Z,buy,3.42e-06,363.0,0.00124146
DUSK/BTC,1603111118224,2020-10-19T12:38:38.224Z,sell,3.4e-06,774.0,0.0026316
DUSK/BTC,1603111121532,2020-10-19T12:38:41.532Z,sell,3.4e-06,970.0,0.003298
DUSK/BTC,1603111127599,2020-10-19T12:38:47.599Z,buy,3.41e-06,327.0,0.00111507
DUSK/BTC,1603111131961,2020-10-19T12:38:51.961Z,buy,3.41e-06,295.0,0.00100595
DUSK/BTC,1603111135743,2020-10-19T12:38:55.743Z,buy,3.41e-06,266.0,0.00090706
DUSK/BTC,1603111139360,2020-10-19T12:38:59.360Z,buy,3.41e-06,239.0,0.00081499
DUSK/BTC,1603111174082,2020-10-19T12:39:34.082Z,buy,3.41e-06,35.0,0.00011935
DUSK/BTC,1603111376202,2020-10-19T12:42:56.202Z,buy,3.41e-06,838.0,0.0028575799999999
DUSK/BTC,1603112531585,2020-10-19T13:02:11.585Z,buy,3.41e-06,2407.0,0.0082078699999999
DUSK/BTC,1603112639863,2020-10-19T13:03:59.863Z,buy,3.42e-06,488.0,0.00166896
DUSK/BTC,1603113610409,2020-10-19T13:20:10.409Z,buy,3.42e-06,25650.0,0.087723
DUSK/BTC,1603113610409,2020-10-19T13:20:10.409Z,buy,3.43e-06,16554.0,0.05678022
DUSK/BTC,1603113610409,2020-10-19T13:20:10.409Z,buy,3.44e-06,23264.0,0.08002816
DUSK/BTC,1603113610409,2020-10-19T13:20:10.409Z,buy,3.45e-06,11913.0,0.04109985
DUSK/BTC,1603113610646,2020-10-19T13:20:10.646Z,sell,3.42e-06,83.0,0.00028386
DUSK/BTC,1603113610702,2020-10-19T13:20:10.702Z,buy,3.44e-06,2000.0,0.00688
DUSK/BTC,1603113610715,2020-10-19T13:20:10.715Z,sell,3.43e-06,2000.0,0.00686
DUSK/BTC,1603113610733,2020-10-19T13:20:10.733Z,sell,3.42e-06,428.0,0.00146376
DUSK/BTC,1603113611368,2020-10-19T13:20:11.368Z,sell,3.42e-06,303.0,0.00103626
DUSK/BTC,1603113611383,2020-10-19T13:20:11.383Z,sell,3.42e-06,247.0,0.00084474
DUSK/BTC,1603113611405,2020-10-19T13:20:11.405Z,sell,3.42e-06,212.0,0.0007250399999999
DUSK/BTC,1603113611416,2020-10-19T13:20:11.416Z,sell,3.42e-06,212.0,0.0007250399999999
DUSK/BTC,1603113611428,2020-10-19T13:20:11.428Z,sell,3.42e-06,167.0,0.0005711399999999
DUSK/BTC,1603113611448,2020-10-19T13:20:11.448Z,sell,3.42e-06,167.0,0.0005711399999999
DUSK/BTC,1603113634225,2020-10-19T13:20:34.225Z,buy,3.43e-06,584.0,0.00200312
DUSK/BTC,1603113635408,2020-10-19T13:20:35.408Z,buy,3.43e-06,292.0,0.00100156
DUSK/BTC,1603113636697,2020-10-19T13:20:36.697Z,buy,3.43e-06,292.0,0.00100156
DUSK/BTC,1603113662312,2020-10-19T13:21:02.312Z,buy,3.43e-06,1157.0,0.00396851
DUSK/BTC,1603113662312,2020-10-19T13:21:02.312Z,buy,3.44e-06,39232.0,0.13495808
DUSK/BTC,1603113662312,2020-10-19T13:21:02.312Z,buy,3.45e-06,75037.0,0.25887765
DUSK/BTC,1603113662312,2020-10-19T13:21:02.312Z,buy,3.46e-06,163.0,0.00056398
DUSK/BTC,1603113662963,2020-10-19T13:21:02.963Z,sell,3.44e-06,2000.0,0.00688
DUSK/BTC,1603113662967,2020-10-19T13:21:02.967Z,sell,3.43e-06,637.0,0.00218491
DUSK/BTC,1603113662992,2020-10-19T13:21:02.992Z,sell,3.43e-06,296.0,0.00101528
DUSK/BTC,1603113664480,2020-10-19T13:21:04.480Z,sell,3.43e-06,1067.0,0.00365981
DUSK/BTC,1603113665789,2020-10-19T13:21:05.789Z,sell,3.43e-06,254.0,0.00087122
DUSK/BTC,1603113667254,2020-10-19T13:21:07.254Z,buy,3.44e-06,4924.0,0.01693856
DUSK/BTC,1603113672722,2020-10-19T13:21:12.722Z,buy,3.45e-06,1976.0,0.0068172
DUSK/BTC,1603113672725,2020-10-19T13:21:12.725Z,buy,3.45e-06,10813.0,0.03730485
DUSK/BTC,1603113672736,2020-10-19T13:21:12.736Z,buy,3.45e-06,8472.0,0.0292284
DUSK/BTC,1603113672738,2020-10-19T13:21:12.738Z,buy,3.45e-06,1407.0,0.00485415
DUSK/BTC,1603113672750,2020-10-19T13:21:12.750Z,buy,3.46e-06,35401.0,0.1224874599999999
DUSK/BTC,1603113672750,2020-10-19T13:21:12.750Z,buy,3.47e-06,2171.0,0.0075333699999999
DUSK/BTC,1603113672750,2020-10-19T13:21:12.750Z,buy,3.48e-06,5588.0,0.01944624
DUSK/BTC,1603113672782,2020-10-19T13:21:12.782Z,buy,3.49e-06,8400.0,0.029316
DUSK/BTC,1603113673004,2020-10-19T13:21:13.004Z,buy,3.48e-06,2000.0,0.00696
DUSK/BTC,1603113673090,2020-10-19T13:21:13.090Z,sell,3.47e-06,2000.0,0.00694
DUSK/BTC,1603113674782,2020-10-19T13:21:14.782Z,sell,3.47e-06,12294.0,0.04266018
DUSK/BTC,1603113676081,2020-10-19T13:21:16.081Z,sell,3.47e-06,451.0,0.00156497
DUSK/BTC,1603113693907,2020-10-19T13:21:33.907Z,buy,3.48e-06,575.0,0.002001
DUSK/BTC,1603113696226,2020-10-19T13:21:36.226Z,buy,3.48e-06,288.0,0.00100224
DUSK/BTC,1603113696628,2020-10-19T13:21:36.628Z,buy,3.48e-06,432.0,0.00150336
DUSK/BTC,1603113697125,2020-10-19T13:21:37.125Z,buy,3.48e-06,288.0,0.00100224
DUSK/BTC,1603113710607,2020-10-19T13:21:50.607Z,buy,3.48e-06,33413.0,0.11627724
DUSK/BTC,1603113710643,2020-10-19T13:21:50.643Z,sell,3.48e-06,58.0,0.00020184
DUSK/BTC,1603113788270,2020-10-19T13:23:08.270Z,sell,3.48e-06,58.0,0.00020184
DUSK/BTC,1603113809629,2020-10-19T13:23:29.629Z,sell,3.48e-06,59.0,0.00020532
DUSK/BTC,1603113856023,2020-10-19T13:24:16.023Z,sell,3.48e-06,8672.0,0.03017856
DUSK/BTC,1603113856040,2020-10-19T13:24:16.040Z,sell,3.48e-06,3703.0,0.01288644
DUSK/BTC,1603113856075,2020-10-19T13:24:16.075Z,sell,3.48e-06,35744.0,0.12438912
DUSK/BTC,1603113856177,2020-10-19T13:24:16.177Z,sell,3.48e-06,17858.0,0.06214584
DUSK/BTC,1603113856385,2020-10-19T13:24:16.385Z,sell,3.48e-06,8914.0,0.03102072
DUSK/BTC,1603113856579,2020-10-19T13:24:16.579Z,sell,3.48e-06,4450.0,0.015486
DUSK/BTC,1603113856678,2020-10-19T13:24:16.678Z,sell,3.48e-06,454.0,0.00157992
DUSK/BTC,1603113868164,2020-10-19T13:24:28.164Z,sell,3.47e-06,2054.0,0.00712738
DUSK/BTC,1603113868164,2020-10-19T13:24:28.164Z,sell,3.47e-06,166.0,0.00057602
DUSK/BTC,1603113868263,2020-10-19T13:24:28.263Z,sell,3.47e-06,403.0,0.0013984099999999
DUSK/BTC,1603113868263,2020-10-19T13:24:28.263Z,sell,3.46e-06,2452.0,0.0084839199999999
DUSK/BTC,1603113868263,2020-10-19T13:24:28.263Z,sell,3.45e-06,131.0,0.00045195
DUSK/BTC,1603113871382,2020-10-19T13:24:31.382Z,buy,3.47e-06,93.0,0.00032271
DUSK/BTC,1603114020245,2020-10-19T13:27:00.245Z,buy,3.47e-06,201.0,0.00069747
DUSK/BTC,1603114020245,2020-10-19T13:27:00.245Z,buy,3.47e-06,201.0,0.00069747
DUSK/BTC,1603114851276,2020-10-19T13:40:51.276Z,buy,3.47e-06,49.0,0.00017003
DUSK/BTC,1603115060290,2020-10-19T13:44:20.290Z,buy,3.47e-06,2529.0,0.00877563
DUSK/BTC,1603115060290,2020-10-19T13:44:20.290Z,buy,3.48e-06,41.0,0.00014268
DUSK/BTC,1603115095705,2020-10-19T13:44:55.705Z,sell,3.46e-06,2000.0,0.00692
DUSK/BTC,1603115095706,2020-10-19T13:44:55.706Z,sell,3.45e-06,637.0,0.00219765
DUSK/BTC,1603115095730,2020-10-19T13:44:55.730Z,sell,3.45e-06,4064.0,0.0140208
DUSK/BTC,1603115095746,2020-10-19T13:44:55.746Z,sell,3.45e-06,1226.0,0.0042297
DUSK/BTC,1603115096065,2020-10-19T13:44:56.065Z,sell,3.44e-06,3207.0,0.01103208
DUSK/BTC,1603115096065,2020-10-19T13:44:56.065Z,sell,3.43e-06,1139.0,0.00390677
DUSK/BTC,1603115099934,2020-10-19T13:44:59.934Z,buy,3.45e-06,84.0,0.0002898
DUSK/BTC,1603115101415,2020-10-19T13:45:01.415Z,buy,3.45e-06,252.0,0.0008694
DUSK/BTC,1603115101430,2020-10-19T13:45:01.430Z,buy,3.45e-06,210.0,0.0007245
DUSK/BTC,1603115101446,2020-10-19T13:45:01.446Z,buy,3.45e-06,210.0,0.0007245
DUSK/BTC,1603115101461,2020-10-19T13:45:01.461Z,buy,3.45e-06,168.0,0.0005796
DUSK/BTC,1603115101475,2020-10-19T13:45:01.475Z,buy,3.45e-06,168.0,0.0005796
DUSK/BTC,1603115127340,2020-10-19T13:45:27.340Z,buy,3.45e-06,908.0,0.0031326
DUSK/BTC,1603115127343,2020-10-19T13:45:27.343Z,buy,3.46e-06,621.0,0.00214866
DUSK/BTC,1603115127343,2020-10-19T13:45:27.343Z,buy,3.47e-06,2080.0,0.0072175999999999
DUSK/BTC,1603115127372,2020-10-19T13:45:27.372Z,sell,3.46e-06,626.0,0.0021659599999999
DUSK/BTC,1603115127376,2020-10-19T13:45:27.376Z,sell,3.46e-06,20.0,6.92e-05
DUSK/BTC,1603115127651,2020-10-19T13:45:27.651Z,buy,3.46e-06,626.0,0.0021659599999999
DUSK/BTC,1603115859141,2020-10-19T13:57:39.141Z,sell,3.46e-06,421.0,0.00145666
DUSK/BTC,1603115859144,2020-10-19T13:57:39.144Z,sell,3.46e-06,282.0,0.00097572
DUSK/BTC,1603115859144,2020-10-19T13:57:39.144Z,sell,3.46e-06,671.0,0.00232166
DUSK/BTC,1603115861465,2020-10-19T13:57:41.465Z,sell,3.44e-06,1374.0,0.00472656
DUSK/BTC,1603115926416,2020-10-19T13:58:46.416Z,buy,3.46e-06,35.0,0.0001211
DUSK/BTC,1603116270875,2020-10-19T14:04:30.875Z,sell,3.44e-06,626.0,0.00215344
DUSK/BTC,1603116521169,2020-10-19T14:08:41.169Z,buy,3.45e-06,2279.0,0.00786255
DUSK/BTC,1603116521203,2020-10-19T14:08:41.203Z,buy,3.45e-06,71.0,0.00024495
DUSK/BTC,1603116598922,2020-10-19T14:09:58.922Z,buy,3.47e-06,1807.0,0.0062702899999999
DUSK/BTC,1603116606339,2020-10-19T14:10:06.339Z,buy,3.47e-06,818.0,0.0028384599999999
DUSK/BTC,1603116606339,2020-10-19T14:10:06.339Z,buy,3.48e-06,189.0,0.00065772
DUSK/BTC,1603116645397,2020-10-19T14:10:45.397Z,buy,3.48e-06,580.0,0.0020184
DUSK/BTC,1603116741611,2020-10-19T14:12:21.611Z,sell,3.46e-06,1204.0,0.00416584
DUSK/BTC,1603116741641,2020-10-19T14:12:21.641Z,sell,3.46e-06,796.0,0.00275416
DUSK/BTC,1603117093762,2020-10-19T14:18:13.762Z,sell,3.45e-06,621.0,0.00214245
DUSK/BTC,1603117093762,2020-10-19T14:18:13.762Z,sell,3.44e-06,2000.0,0.00688
DUSK/BTC,1603117093776,2020-10-19T14:18:13.776Z,sell,3.43e-06,861.0,0.00295323
DUSK/BTC,1603117093787,2020-10-19T14:18:13.787Z,sell,3.43e-06,18149.0,0.06225107
DUSK/BTC,1603117093800,2020-10-19T14:18:13.800Z,sell,3.43e-06,3243.0,0.01112349
DUSK/BTC,1603117093800,2020-10-19T14:18:13.800Z,sell,3.42e-06,1810.0,0.0061902
DUSK/BTC,1603117093812,2020-10-19T14:18:13.812Z,buy,3.44e-06,9.0,3.096e-05
DUSK/BTC,1603117098606,2020-10-19T14:18:18.606Z,sell,3.41e-06,2587.0,0.00882167
DUSK/BTC,1603117102670,2020-10-19T14:18:22.670Z,sell,3.4e-06,12448.0,0.0423232
DUSK/BTC,1603117102670,2020-10-19T14:18:22.670Z,sell,3.39e-06,7952.0,0.02695728
DUSK/BTC,1603117110856,2020-10-19T14:18:30.856Z,buy,3.4e-06,477.0,0.0016218
DUSK/BTC,1603117110856,2020-10-19T14:18:30.856Z,buy,3.4e-06,571.0,0.0019414
DUSK/BTC,1603117114809,2020-10-19T14:18:34.809Z,buy,3.4e-06,809.0,0.0027506
DUSK/BTC,1603117122300,2020-10-19T14:18:42.300Z,buy,3.4e-06,70.0,0.000238
DUSK/BTC,1603117208244,2020-10-19T14:20:08.244Z,buy,3.4e-06,59.0,0.0002006
DUSK/BTC,1603117561480,2020-10-19T14:26:01.480Z,buy,3.4e-06,14.0,4.76e-05
DUSK/BTC,1603117561480,2020-10-19T14:26:01.480Z,buy,3.4e-06,14.0,4.76e-05
DUSK/BTC,1603117829446,2020-10-19T14:30:29.446Z,sell,3.39e-06,54.0,0.00018306
DUSK/BTC,1603118256874,2020-10-19T14:37:36.874Z,sell,3.39e-06,1890.0,0.0064071
DUSK/BTC,1603119226123,2020-10-19T14:53:46.123Z,sell,3.4e-06,914.0,0.0031076
DUSK/BTC,1603119226133,2020-10-19T14:53:46.133Z,sell,3.4e-06,457.0,0.0015538
DUSK/BTC,1603119226145,2020-10-19T14:53:46.145Z,sell,3.4e-06,37.0,0.0001258
DUSK/BTC,1603119384000,2020-10-19T14:56:24.000Z,buy,3.41e-06,315.0,0.00107415
DUSK/BTC,1603120043154,2020-10-19T15:07:23.154Z,sell,3.39e-06,14177.0,0.04806003
DUSK/BTC,1603120043382,2020-10-19T15:07:23.382Z,buy,3.4e-06,41.0,0.0001394
DUSK/BTC,1603120049874,2020-10-19T15:07:29.874Z,buy,3.4e-06,1959.0,0.0066606
DUSK/BTC,1603120664430,2020-10-19T15:17:44.430Z,buy,3.41e-06,1744.0,0.00594704
DUSK/BTC,1603120664443,2020-10-19T15:17:44.443Z,buy,3.42e-06,2641.0,0.0090322199999999
DUSK/BTC,1603120665573,2020-10-19T15:17:45.573Z,buy,3.42e-06,5803.0,0.0198462599999999
DUSK/BTC,1603120665582,2020-10-19T15:17:45.582Z,buy,3.43e-06,2035.0,0.00698005
DUSK/BTC,1603120665582,2020-10-19T15:17:45.582Z,buy,3.44e-06,597.0,0.00205368
DUSK/BTC,1603120688190,2020-10-19T15:18:08.190Z,sell,3.42e-06,2000.0,0.00684
DUSK/BTC,1603120722593,2020-10-19T15:18:42.593Z,sell,3.41e-06,2623.0,0.00894443
DUSK/BTC,1603120722643,2020-10-19T15:18:42.643Z,buy,3.41e-06,2766.0,0.0094320599999999
DUSK/BTC,1603120966997,2020-10-19T15:22:46.997Z,sell,3.4e-06,1000.0,0.0034
DUSK/BTC,1603120966997,2020-10-19T15:22:46.997Z,sell,3.4e-06,1000.0,0.0034
DUSK/BTC,1603121181703,2020-10-19T15:26:21.703Z,sell,3.4e-06,4223.0,0.0143582
DUSK/BTC,1603121182986,2020-10-19T15:26:22.986Z,sell,3.4e-06,529.0,0.0017986
DUSK/BTC,1603121192910,2020-10-19T15:26:32.910Z,sell,3.4e-06,84.0,0.0002856
DUSK/BTC,1603121371769,2020-10-19T15:29:31.769Z,sell,3.41e-06,427.0,0.00145607
DUSK/BTC,1603121371778,2020-10-19T15:29:31.778Z,sell,3.41e-06,296.0,0.00100936
DUSK/BTC,1603121371785,2020-10-19T15:29:31.785Z,sell,3.41e-06,120.0,0.0004091999999999
DUSK/BTC,1603121371785,2020-10-19T15:29:31.785Z,sell,3.4e-06,48.0,0.0001632
DUSK/BTC,1603121583444,2020-10-19T15:33:03.444Z,sell,3.41e-06,256.0,0.00087296
DUSK/BTC,1603121583454,2020-10-19T15:33:03.454Z,sell,3.41e-06,210.0,0.0007161
DUSK/BTC,1603121583469,2020-10-19T15:33:03.469Z,sell,3.41e-06,210.0,0.0007161
DUSK/BTC,1603121583489,2020-10-19T15:33:03.489Z,sell,3.41e-06,168.0,0.00057288
DUSK/BTC,1603121583517,2020-10-19T15:33:03.517Z,sell,3.41e-06,589.0,0.00200849
DUSK/BTC,1603121583619,2020-10-19T15:33:03.619Z,sell,3.41e-06,295.0,0.00100595
DUSK/BTC,1603121875252,2020-10-19T15:37:55.252Z,sell,3.4e-06,2000.0,0.0068
DUSK/BTC,1603121875252,2020-10-19T15:37:55.252Z,sell,3.39e-06,63.0,0.00021357
DUSK/BTC,1603121914896,2020-10-19T15:38:34.896Z,sell,3.4e-06,472.0,0.0016048
DUSK/BTC,1603121931199,2020-10-19T15:38:51.199Z,buy,3.41e-06,35.0,0.00011935
DUSK/BTC,1603121946828,2020-10-19T15:39:06.828Z,sell,3.39e-06,1996.0,0.00676644
DUSK/BTC,1603121946828,2020-10-19T15:39:06.828Z,sell,3.38e-06,2094.0,0.00707772
DUSK/BTC,1603122007003,2020-10-19T15:40:07.003Z,buy,3.39e-06,36.0,0.00012204
DUSK/BTC,1603122077521,2020-10-19T15:41:17.521Z,buy,3.39e-06,85.0,0.00028815
DUSK/BTC,1603122078792,2020-10-19T15:41:18.792Z,buy,3.39e-06,429.0,0.00145431
DUSK/BTC,1603122078818,2020-10-19T15:41:18.818Z,buy,3.39e-06,257.0,0.00087123
DUSK/BTC,1603122078838,2020-10-19T15:41:18.838Z,buy,3.39e-06,214.0,0.00072546
DUSK/BTC,1603122078860,2020-10-19T15:41:18.860Z,buy,3.39e-06,171.0,0.00057969
DUSK/BTC,1603122078947,2020-10-19T15:41:18.947Z,buy,3.39e-06,808.0,0.00273912
DUSK/BTC,1603122274206,2020-10-19T15:44:34.206Z,buy,3.4e-06,298.0,0.0010132
DUSK/BTC,1603122274219,2020-10-19T15:44:34.219Z,buy,3.4e-06,213.0,0.0007242
DUSK/BTC,1603122274228,2020-10-19T15:44:34.228Z,buy,3.4e-06,170.0,0.000578
DUSK/BTC,1603122305718,2020-10-19T15:45:05.718Z,sell,3.38e-06,500.0,0.0016899999999999
DUSK/BTC,1603122325668,2020-10-19T15:45:25.668Z,buy,3.4e-06,1319.0,0.0044846
DUSK/BTC,1603122517979,2020-10-19T15:48:37.979Z,sell,3.39e-06,2000.0,0.00678
DUSK/BTC,1603122887579,2020-10-19T15:54:47.579Z,sell,3.38e-06,145.0,0.0004900999999999
DUSK/BTC,1603122930012,2020-10-19T15:55:30.012Z,sell,3.38e-06,85.0,0.0002873
DUSK/BTC,1603122930031,2020-10-19T15:55:30.031Z,sell,3.38e-06,298.0,0.00100724
DUSK/BTC,1603122930040,2020-10-19T15:55:30.040Z,sell,3.38e-06,257.0,0.0008686599999999
DUSK/BTC,1603122930048,2020-10-19T15:55:30.048Z,sell,3.38e-06,213.0,0.00071994
DUSK/BTC,1603122930065,2020-10-19T15:55:30.065Z,sell,3.38e-06,214.0,0.00072332
DUSK/BTC,1603123205581,2020-10-19T16:00:05.581Z,sell,3.38e-06,288.0,0.0009734399999999
DUSK/BTC,1603123205581,2020-10-19T16:00:05.581Z,sell,3.37e-06,141.0,0.0004751699999999
DUSK/BTC,1603123567209,2020-10-19T16:06:07.209Z,sell,3.37e-06,512.0,0.00172544
DUSK/BTC,1603123567221,2020-10-19T16:06:07.221Z,buy,3.37e-06,430.0,0.0014491
DUSK/BTC,1603123567234,2020-10-19T16:06:07.234Z,buy,3.37e-06,300.0,0.001011
DUSK/BTC,1603123567247,2020-10-19T16:06:07.247Z,buy,3.37e-06,257.0,0.00086609
DUSK/BTC,1603123567257,2020-10-19T16:06:07.257Z,buy,3.37e-06,215.0,0.00072455
DUSK/BTC,1603123567268,2020-10-19T16:06:07.268Z,buy,3.37e-06,215.0,0.00072455
DUSK/BTC,1603123567280,2020-10-19T16:06:07.280Z,buy,3.37e-06,512.0,0.00172544
DUSK/BTC,1603123789715,2020-10-19T16:09:49.715Z,sell,3.36e-06,947.0,0.00318192
DUSK/BTC,1603123789997,2020-10-19T16:09:49.997Z,sell,3.36e-06,723.0,0.00242928
DUSK/BTC,1603123839114,2020-10-19T16:10:39.114Z,sell,3.36e-06,330.0,0.0011088
DUSK/BTC,1603123839131,2020-10-19T16:10:39.131Z,buy,3.36e-06,86.0,0.00028896
DUSK/BTC,1603123839231,2020-10-19T16:10:39.231Z,buy,3.36e-06,866.0,0.00290976
DUSK/BTC,1603123909925,2020-10-19T16:11:49.925Z,buy,3.37e-06,36.0,0.00012132
DUSK/BTC,1603123953681,2020-10-19T16:12:33.681Z,buy,3.37e-06,503.0,0.0016951099999999
DUSK/BTC,1603123958496,2020-10-19T16:12:38.496Z,buy,3.37e-06,648.0,0.00218376
DUSK/BTC,1603123961747,2020-10-19T16:12:41.747Z,buy,3.37e-06,618.0,0.00208266
DUSK/BTC,1603123981756,2020-10-19T16:13:01.756Z,buy,3.37e-06,195.0,0.00065715
DUSK/BTC,1603123981756,2020-10-19T16:13:01.756Z,buy,3.37e-06,195.0,0.00065715
DUSK/BTC,1603124704245,2020-10-19T16:25:04.245Z,buy,3.38e-06,432.0,0.0014601599999999
DUSK/BTC,1603125016921,2020-10-19T16:30:16.921Z,sell,3.36e-06,580.0,0.0019488
DUSK/BTC,1603126072290,2020-10-19T16:47:52.290Z,buy,3.38e-06,59.0,0.0001994199999999
DUSK/BTC,1603126072298,2020-10-19T16:47:52.298Z,sell,3.38e-06,430.0,0.0014533999999999
DUSK/BTC,1603126072301,2020-10-19T16:47:52.301Z,sell,3.38e-06,233.0,0.00078754
DUSK/BTC,1603126074174,2020-10-19T16:47:54.174Z,sell,3.36e-06,282.0,0.00094752
DUSK/BTC,1603126074380,2020-10-19T16:47:54.380Z,sell,3.36e-06,281.0,0.00094416
DUSK/BTC,1603126101305,2020-10-19T16:48:21.305Z,buy,3.39e-06,3538.0,0.01199382
DUSK/BTC,1603126101405,2020-10-19T16:48:21.405Z,buy,3.39e-06,1764.0,0.00597996
DUSK/BTC,1603126101537,2020-10-19T16:48:21.537Z,sell,3.38e-06,2000.0,0.0067599999999999
DUSK/BTC,1603126151635,2020-10-19T16:49:11.635Z,sell,3.37e-06,59.0,0.00019883
DUSK/BTC,1603126151692,2020-10-19T16:49:11.692Z,buy,3.37e-06,384.0,0.00129408
DUSK/BTC,1603126216422,2020-10-19T16:50:16.422Z,buy,3.37e-06,36.0,0.00012132
DUSK/BTC,1603126220106,2020-10-19T16:50:20.106Z,sell,3.36e-06,188.0,0.00063168
DUSK/BTC,1603127212420,2020-10-19T17:06:52.420Z,sell,3.36e-06,86.0,0.00028896
DUSK/BTC,1603127367119,2020-10-19T17:09:27.119Z,sell,3.36e-06,486.0,0.00163296
DUSK/BTC,1603127531017,2020-10-19T17:12:11.017Z,buy,3.39e-06,12639.0,0.04284621
DUSK/BTC,1603127531239,2020-10-19T17:12:11.239Z,sell,3.38e-06,2000.0,0.0067599999999999
DUSK/BTC,1603127531239,2020-10-19T17:12:11.239Z,sell,3.38e-06,2000.0,0.0067599999999999
DUSK/BTC,1603127831633,2020-10-19T17:17:11.633Z,sell,3.36e-06,83.0,0.00027888
DUSK/BTC,1603128566961,2020-10-19T17:29:26.961Z,sell,3.36e-06,74.0,0.00024864
DUSK/BTC,1603128566980,2020-10-19T17:29:26.980Z,buy,3.36e-06,86.0,0.00028896
DUSK/BTC,1603128595318,2020-10-19T17:29:55.318Z,sell,3.35e-06,1054.0,0.0035309
DUSK/BTC,1603128621120,2020-10-19T17:30:21.120Z,buy,3.37e-06,2000.0,0.0067399999999999
DUSK/BTC,1603128621120,2020-10-19T17:30:21.120Z,buy,3.39e-06,1151.0,0.00390189
DUSK/BTC,1603128948545,2020-10-19T17:35:48.545Z,sell,3.37e-06,1186.0,0.00399682
DUSK/BTC,1603128950880,2020-10-19T17:35:50.880Z,sell,3.36e-06,1186.0,0.00398496
DUSK/BTC,1603129880993,2020-10-19T17:51:20.993Z,sell,3.36e-06,302.0,0.00101472
DUSK/BTC,1603130809341,2020-10-19T18:06:49.341Z,buy,3.39e-06,885.0,0.00300015
DUSK/BTC,1603130871120,2020-10-19T18:07:51.120Z,sell,3.36e-06,512.0,0.00172032
DUSK/BTC,1603130871120,2020-10-19T18:07:51.120Z,sell,3.35e-06,916.0,0.0030686
DUSK/BTC,1603130920435,2020-10-19T18:08:40.435Z,buy,3.37e-06,36.0,0.00012132
DUSK/BTC,1603131003095,2020-10-19T18:10:03.095Z,buy,3.37e-06,295.0,0.00099415
DUSK/BTC,1603131003366,2020-10-19T18:10:03.366Z,buy,3.37e-06,295.0,0.00099415
DUSK/BTC,1603131003366,2020-10-19T18:10:03.366Z,buy,3.37e-06,295.0,0.00099415
DUSK/BTC,1603132937180,2020-10-19T18:42:17.180Z,sell,3.35e-06,4404.0,0.0147534
DUSK/BTC,1603132937188,2020-10-19T18:42:17.188Z,sell,3.35e-06,2201.0,0.00737335
DUSK/BTC,1603132937406,2020-10-19T18:42:17.406Z,buy,3.36e-06,432.0,0.00145152
DUSK/BTC,1603132937414,2020-10-19T18:42:17.414Z,sell,3.35e-06,1315.0,0.00440525
DUSK/BTC,1603132939770,2020-10-19T18:42:19.770Z,sell,3.35e-06,200.0,0.00067
DUSK/BTC,1603132998424,2020-10-19T18:43:18.424Z,buy,3.36e-06,1520.0,0.0051072
DUSK/BTC,1603132998588,2020-10-19T18:43:18.588Z,buy,3.36e-06,48.0,0.00016128
DUSK/BTC,1603133105056,2020-10-19T18:45:05.056Z,sell,3.35e-06,36.0,0.0001206
DUSK/BTC,1603133141658,2020-10-19T18:45:41.658Z,sell,3.35e-06,1000.0,0.00335
DUSK/BTC,1603133203262,2020-10-19T18:46:43.262Z,sell,3.36e-06,12071.0,0.04055856
DUSK/BTC,1603133203276,2020-10-19T18:46:43.276Z,buy,3.36e-06,7827.0,0.02629872
DUSK/BTC,1603133203279,2020-10-19T18:46:43.279Z,buy,3.36e-06,2575.0,0.008652
DUSK/BTC,1603133203280,2020-10-19T18:46:43.280Z,buy,3.36e-06,6037.0,0.02028432
DUSK/BTC,1603133203280,2020-10-19T18:46:43.280Z,buy,3.36e-06,6037.0,0.02028432
DUSK/BTC,1603135696710,2020-10-19T19:28:16.710Z,buy,3.37e-06,233.0,0.0007852099999999
DUSK/BTC,1603135768008,2020-10-19T19:29:28.008Z,sell,3.35e-06,13770.0,0.0461295
DUSK/BTC,1603136668763,2020-10-19T19:44:28.763Z,sell,3.35e-06,60.0,0.000201
DUSK/BTC,1603136668763,2020-10-19T19:44:28.763Z,sell,3.34e-06,10061.0,0.03360374
DUSK/BTC,1603136751011,2020-10-19T19:45:51.011Z,buy,3.35e-06,36.0,0.0001206
DUSK/BTC,1603136751011,2020-10-19T19:45:51.011Z,buy,3.35e-06,36.0,0.0001206
DUSK/BTC,1603137025878,2020-10-19T19:50:25.878Z,buy,3.35e-06,49.0,0.00016415
DUSK/BTC,1603137570156,2020-10-19T19:59:30.156Z,buy,3.35e-06,1915.0,0.00641525
DUSK/BTC,1603137578551,2020-10-19T19:59:38.551Z,buy,3.36e-06,2000.0,0.00672
DUSK/BTC,1603137586541,2020-10-19T19:59:46.541Z,buy,3.37e-06,1177.0,0.00396649
DUSK/BTC,1603137591477,2020-10-19T19:59:51.477Z,buy,3.38e-06,5232.0,0.0176841599999999
DUSK/BTC,1603137815808,2020-10-19T20:03:35.808Z,sell,3.36e-06,40.0,0.0001344
DUSK/BTC,1603138517629,2020-10-19T20:15:17.629Z,sell,3.36e-06,1960.0,0.0065856
DUSK/BTC,1603138846661,2020-10-19T20:20:46.661Z,sell,3.35e-06,2621.0,0.00878035
DUSK/BTC,1603138849315,2020-10-19T20:20:49.315Z,sell,3.34e-06,463.0,0.00154642
DUSK/BTC,1603138895937,2020-10-19T20:21:35.937Z,buy,3.36e-06,2623.0,0.00881328
DUSK/BTC,1603138895937,2020-10-19T20:21:35.937Z,buy,3.37e-06,1377.0,0.00464049
DUSK/BTC,1603138908650,2020-10-19T20:21:48.650Z,sell,3.35e-06,2793.0,0.00935655
DUSK/BTC,1603138908875,2020-10-19T20:21:48.875Z,buy,3.36e-06,2000.0,0.00672
DUSK/BTC,1603138908920,2020-10-19T20:21:48.920Z,sell,3.36e-06,896.0,0.00301056
DUSK/BTC,1603138908920,2020-10-19T20:21:48.920Z,sell,3.36e-06,896.0,0.00301056
DUSK/BTC,1603140570015,2020-10-19T20:49:30.015Z,sell,3.35e-06,320.0,0.001072
DUSK/BTC,1603141197722,2020-10-19T20:59:57.722Z,sell,3.35e-06,1680.0,0.005628
DUSK/BTC,1603141238654,2020-10-19T21:00:38.654Z,buy,3.36e-06,316.0,0.00106176
DUSK/BTC,1603141502106,2020-10-19T21:05:02.106Z,buy,3.35e-06,36.0,0.0001206
DUSK/BTC,1603141505497,2020-10-19T21:05:05.497Z,buy,3.35e-06,421.0,0.00141035
DUSK/BTC,1603142097034,2020-10-19T21:14:57.034Z,sell,3.34e-06,3160.0,0.0105544
DUSK/BTC,1603142239906,2020-10-19T21:17:19.906Z,sell,3.34e-06,871.0,0.00290914
DUSK/BTC,1603142267691,2020-10-19T21:17:47.691Z,buy,3.35e-06,326.0,0.0010921
DUSK/BTC,1603142272371,2020-10-19T21:17:52.371Z,buy,3.35e-06,313.0,0.00104855
DUSK/BTC,1603142275716,2020-10-19T21:17:55.716Z,buy,3.35e-06,308.0,0.0010318
DUSK/BTC,1603142279637,2020-10-19T21:17:59.637Z,buy,3.35e-06,297.0,0.00099495
DUSK/BTC,1603142283885,2020-10-19T21:18:03.885Z,buy,3.35e-06,299.0,0.00100165
DUSK/BTC,1603142288008,2020-10-19T21:18:08.008Z,buy,3.35e-06,288.0,0.0009648
DUSK/BTC,1603142288008,2020-10-19T21:18:08.008Z,buy,3.35e-06,288.0,0.0009648
DUSK/BTC,1603142580562,2020-10-19T21:23:00.562Z,buy,3.35e-06,931.0,0.00311885
DUSK/BTC,1603142580570,2020-10-19T21:23:00.570Z,buy,3.35e-06,592.0,0.0019832
DUSK/BTC,1603142636837,2020-10-19T21:23:56.837Z,buy,3.35e-06,1917.0,0.00642195
DUSK/BTC,1603142636849,2020-10-19T21:23:56.849Z,buy,3.35e-06,1144.0,0.0038324
DUSK/BTC,1603142660289,2020-10-19T21:24:20.289Z,buy,3.35e-06,470.0,0.0015745
DUSK/BTC,1603142679329,2020-10-19T21:24:39.329Z,sell,3.34e-06,432.0,0.00144288
DUSK/BTC,1603142761418,2020-10-19T21:26:01.418Z,sell,3.34e-06,300.0,0.001002
DUSK/BTC,1603143010288,2020-10-19T21:30:10.288Z,buy,3.35e-06,433.0,0.00145055
DUSK/BTC,1603143010305,2020-10-19T21:30:10.305Z,buy,3.35e-06,303.0,0.00101505
DUSK/BTC,1603143010313,2020-10-19T21:30:10.313Z,buy,3.35e-06,413.0,0.00138355
DUSK/BTC,1603143038666,2020-10-19T21:30:38.666Z,sell,3.34e-06,400.0,0.001336
DUSK/BTC,1603143397246,2020-10-19T21:36:37.246Z,buy,3.35e-06,3061.0,0.01025435
DUSK/BTC,1603143397261,2020-10-19T21:36:37.261Z,buy,3.35e-06,624.0,0.0020904
DUSK/BTC,1603143833816,2020-10-19T21:43:53.816Z,sell,3.34e-06,19220.0,0.0641948
DUSK/BTC,1603143906449,2020-10-19T21:45:06.449Z,sell,3.34e-06,1431.0,0.00477954
DUSK/BTC,1603144625683,2020-10-19T21:57:05.683Z,buy,3.36e-06,1004.0,0.00337344
DUSK/BTC,1603145693094,2020-10-19T22:14:53.094Z,sell,3.34e-06,32424.0,0.10829616
DUSK/BTC,1603145748980,2020-10-19T22:15:48.980Z,buy,3.34e-06,2014.0,0.00672676
DUSK/BTC,1603145748980,2020-10-19T22:15:48.980Z,buy,3.34e-06,2014.0,0.00672676
DUSK/BTC,1603146263180,2020-10-19T22:24:23.180Z,sell,3.33e-06,490.0,0.0016317
DUSK/BTC,1603146263180,2020-10-19T22:24:23.180Z,sell,3.33e-06,1425.0,0.0047452499999999
DUSK/BTC,1603146263245,2020-10-19T22:24:23.245Z,sell,3.33e-06,745.0,0.0024808499999999
DUSK/BTC,1603146265009,2020-10-19T22:24:25.009Z,sell,3.32e-06,210.0,0.0006972
DUSK/BTC,1603146269314,2020-10-19T22:24:29.314Z,sell,3.32e-06,296.0,0.00098272
DUSK/BTC,1603146278553,2020-10-19T22:24:38.553Z,sell,3.32e-06,1811.0,0.00601252
DUSK/BTC,1603146593700,2020-10-19T22:29:53.700Z,sell,3.32e-06,660.0,0.0021912
DUSK/BTC,1603146611051,2020-10-19T22:30:11.051Z,sell,3.32e-06,5711.0,0.01896052
DUSK/BTC,1603146639728,2020-10-19T22:30:39.728Z,buy,3.33e-06,44.0,0.00014652
DUSK/BTC,1603146962414,2020-10-19T22:36:02.414Z,sell,3.31e-06,777.0,0.00257187
DUSK/BTC,1603146962414,2020-10-19T22:36:02.414Z,sell,3.31e-06,545.0,0.00180395
DUSK/BTC,1603146962414,2020-10-19T22:36:02.414Z,sell,3.31e-06,1345.0,0.00445195
DUSK/BTC,1603146962414,2020-10-19T22:36:02.414Z,sell,3.3e-06,292.0,0.0009636
DUSK/BTC,1603146962414,2020-10-19T22:36:02.414Z,sell,3.3e-06,388.0,0.0012804
DUSK/BTC,1603146962414,2020-10-19T22:36:02.414Z,sell,3.3e-06,196.0,0.0006468
DUSK/BTC,1603146962414,2020-10-19T22:36:02.414Z,sell,3.3e-06,196.0,0.0006468
DUSK/BTC,1603147203588,2020-10-19T22:40:03.588Z,sell,3.31e-06,37.0,0.00012247
DUSK/BTC,1603147614201,2020-10-19T22:46:54.201Z,buy,3.31e-06,3904.0,0.01292224
DUSK/BTC,1603147680664,2020-10-19T22:48:00.664Z,buy,3.32e-06,2623.0,0.00870836
DUSK/BTC,1603147680664,2020-10-19T22:48:00.664Z,buy,3.33e-06,21956.0,0.07311348
DUSK/BTC,1603147680672,2020-10-19T22:48:00.672Z,sell,3.33e-06,2521.0,0.00839493
DUSK/BTC,1603147680702,2020-10-19T22:48:00.702Z,buy,3.31e-06,637.0,0.00210847
DUSK/BTC,1603147680717,2020-10-19T22:48:00.717Z,buy,3.33e-06,2521.0,0.00839493
DUSK/BTC,1603147680717,2020-10-19T22:48:00.717Z,buy,3.34e-06,18679.0,0.06238786
DUSK/BTC,1603147688043,2020-10-19T22:48:08.043Z,buy,3.34e-06,672.0,0.00224448
DUSK/BTC,1603147812904,2020-10-19T22:50:12.904Z,sell,3.33e-06,312.0,0.00103896
DUSK/BTC,1603147864496,2020-10-19T22:51:04.496Z,buy,3.34e-06,2069.0,0.00691046
DUSK/BTC,1603147949896,2020-10-19T22:52:29.896Z,buy,3.34e-06,689.0,0.00230126
DUSK/BTC,1603148003664,2020-10-19T22:53:23.664Z,sell,3.33e-06,224.0,0.00074592
DUSK/BTC,1603148384219,2020-10-19T22:59:44.219Z,buy,3.34e-06,20459.0,0.06833306
DUSK/BTC,1603148385480,2020-10-19T22:59:45.480Z,buy,3.35e-06,623.0,0.00208705
DUSK/BTC,1603148568657,2020-10-19T23:02:48.657Z,buy,3.35e-06,1377.0,0.00461295
DUSK/BTC,1603148601191,2020-10-19T23:03:21.191Z,buy,3.35e-06,60.0,0.000201
DUSK/BTC,1603148601191,2020-10-19T23:03:21.191Z,buy,3.36e-06,112.0,0.00037632
DUSK/BTC,1603148601191,2020-10-19T23:03:21.191Z,buy,3.35e-06,60.0,0.000201
DUSK/BTC,1603148601191,2020-10-19T23:03:21.191Z,buy,3.36e-06,112.0,0.00037632
DUSK/BTC,1603149671163,2020-10-19T23:21:11.163Z,buy,3.36e-06,1043.0,0.00350448
DUSK/BTC,1603152079546,2020-10-20T00:01:19.546Z,sell,3.35e-06,137.0,0.00045895
DUSK/BTC,1603152079546,2020-10-20T00:01:19.546Z,sell,3.35e-06,137.0,0.00045895
DUSK/BTC,1603153290384,2020-10-20T00:21:30.384Z,buy,3.36e-06,366.0,0.00122976
DUSK/BTC,1603153290384,2020-10-20T00:21:30.384Z,buy,3.37e-06,79.0,0.00026623
DUSK/BTC,1603155551542,2020-10-20T00:59:11.542Z,sell,3.35e-06,1416.0,0.0047436
DUSK/BTC,1603155551544,2020-10-20T00:59:11.544Z,sell,3.35e-06,447.0,0.00149745
DUSK/BTC,1603155551544,2020-10-20T00:59:11.544Z,sell,3.35e-06,447.0,0.00149745
DUSK/BTC,1603155968998,2020-10-20T01:06:08.998Z,buy,3.36e-06,1414.0,0.00475104
DUSK/BTC,1603155969004,2020-10-20T01:06:09.004Z,buy,3.36e-06,586.0,0.00196896
DUSK/BTC,1603155969009,2020-10-20T01:06:09.009Z,buy,3.37e-06,1957.0,0.00659509
DUSK/BTC,1603155969009,2020-10-20T01:06:09.009Z,buy,3.38e-06,12781.0,0.04319978
DUSK/BTC,1603155969009,2020-10-20T01:06:09.009Z,buy,3.39e-06,3356.0,0.01137684
DUSK/BTC,1603155969035,2020-10-20T01:06:09.035Z,buy,3.4e-06,2675.0,0.009095
DUSK/BTC,1603155969151,2020-10-20T01:06:09.151Z,sell,3.36e-06,303.0,0.00101808
DUSK/BTC,1603155969314,2020-10-20T01:06:09.314Z,sell,3.38e-06,2000.0,0.0067599999999999
DUSK/BTC,1603155969381,2020-10-20T01:06:09.381Z,buy,3.38e-06,1371.0,0.0046339799999999
DUSK/BTC,1603155969381,2020-10-20T01:06:09.381Z,buy,3.39e-06,629.0,0.00213231
DUSK/BTC,1603156481557,2020-10-20T01:14:41.557Z,buy,3.39e-06,7931.0,0.02688609
DUSK/BTC,1603157333743,2020-10-20T01:28:53.743Z,sell,3.38e-06,81.0,0.00027378
DUSK/BTC,1603157414451,2020-10-20T01:30:14.451Z,buy,3.4e-06,10.0,3.4e-05
DUSK/BTC,1603157441807,2020-10-20T01:30:41.807Z,buy,3.4e-06,427.0,0.0014518
DUSK/BTC,1603157441813,2020-10-20T01:30:41.813Z,buy,3.4e-06,637.0,0.0021658
DUSK/BTC,1603157442023,2020-10-20T01:30:42.023Z,buy,3.4e-06,690.0,0.002346
DUSK/BTC,1603157442034,2020-10-20T01:30:42.034Z,buy,3.4e-06,298.0,0.0010132
DUSK/BTC,1603157442218,2020-10-20T01:30:42.218Z,buy,3.4e-06,459.0,0.0015606
DUSK/BTC,1603157442375,2020-10-20T01:30:42.375Z,buy,3.4e-06,295.0,0.001003
DUSK/BTC,1603157443361,2020-10-20T01:30:43.361Z,buy,3.4e-06,2512.0,0.0085408
DUSK/BTC,1603157474647,2020-10-20T01:31:14.647Z,buy,3.4e-06,2437.0,0.0082858
DUSK/BTC,1603158275776,2020-10-20T01:44:35.776Z,buy,3.4e-06,566.0,0.0019244
DUSK/BTC,1603158383443,2020-10-20T01:46:23.443Z,sell,3.38e-06,1919.0,0.00648622
DUSK/BTC,1603158385432,2020-10-20T01:46:25.432Z,buy,3.38e-06,577.0,0.0019502599999999
DUSK/BTC,1603158388917,2020-10-20T01:46:28.917Z,buy,3.38e-06,460.0,0.0015547999999999
DUSK/BTC,1603158391851,2020-10-20T01:46:31.851Z,buy,3.38e-06,448.0,0.00151424
DUSK/BTC,1603158395545,2020-10-20T01:46:35.545Z,buy,3.38e-06,435.0,0.0014703
DUSK/BTC,1603158400472,2020-10-20T01:46:40.472Z,buy,3.38e-06,400.0,0.001352
DUSK/BTC,1603158407124,2020-10-20T01:46:47.124Z,buy,3.38e-06,380.0,0.0012844
DUSK/BTC,1603158409216,2020-10-20T01:46:49.216Z,buy,3.38e-06,362.0,0.0012235599999999
DUSK/BTC,1603158412545,2020-10-20T01:46:52.545Z,buy,3.38e-06,364.0,0.00123032
DUSK/BTC,1603158412562,2020-10-20T01:46:52.562Z,buy,3.38e-06,364.0,0.00123032
DUSK/BTC,1603158418116,2020-10-20T01:46:58.116Z,buy,3.38e-06,337.0,0.00113906
DUSK/BTC,1603158420560,2020-10-20T01:47:00.560Z,buy,3.38e-06,308.0,0.00104104
DUSK/BTC,1603158425678,2020-10-20T01:47:05.678Z,buy,3.38e-06,286.0,0.0009666799999999
DUSK/BTC,1603158428320,2020-10-20T01:47:08.320Z,buy,3.38e-06,279.0,0.0009430199999999
DUSK/BTC,1603158433212,2020-10-20T01:47:13.212Z,buy,3.38e-06,280.0,0.0009463999999999
DUSK/BTC,1603158436549,2020-10-20T01:47:16.549Z,buy,3.38e-06,279.0,0.0009430199999999
DUSK/BTC,1603158440973,2020-10-20T01:47:20.973Z,buy,3.38e-06,10.0,3.3799999999999995e-05
DUSK/BTC,1603158441209,2020-10-20T01:47:21.209Z,buy,3.38e-06,260.0,0.0008788
DUSK/BTC,1603158556749,2020-10-20T01:49:16.749Z,sell,3.37e-06,2565.0,0.00864405
DUSK/BTC,1603158570791,2020-10-20T01:49:30.791Z,sell,3.37e-06,671.0,0.00226127
DUSK/BTC,1603158570791,2020-10-20T01:49:30.791Z,sell,3.37e-06,671.0,0.00226127
DUSK/BTC,1603159376088,2020-10-20T02:02:56.088Z,buy,3.39e-06,17113.0,0.05801307
DUSK/BTC,1603159376092,2020-10-20T02:02:56.092Z,buy,3.4e-06,3622.0,0.0123148
DUSK/BTC,1603159376092,2020-10-20T02:02:56.092Z,buy,3.4e-06,11568.0,0.0393312
DUSK/BTC,1603159376124,2020-10-20T02:02:56.124Z,buy,3.41e-06,3561.0,0.01214301
DUSK/BTC,1603159376124,2020-10-20T02:02:56.124Z,buy,3.42e-06,13492.0,0.04614264
DUSK/BTC,1603159376150,2020-10-20T02:02:56.150Z,buy,3.41e-06,16600.0,0.056606
DUSK/BTC,1603159376452,2020-10-20T02:02:56.452Z,sell,3.41e-06,427.0,0.00145607
DUSK/BTC,1603159376464,2020-10-20T02:02:56.464Z,sell,3.41e-06,298.0,0.00101618
DUSK/BTC,1603159376472,2020-10-20T02:02:56.472Z,sell,3.41e-06,257.0,0.00087637
DUSK/BTC,1603159376487,2020-10-20T02:02:56.487Z,sell,3.41e-06,215.0,0.00073315
DUSK/BTC,1603159376525,2020-10-20T02:02:56.525Z,sell,3.41e-06,215.0,0.00073315
DUSK/BTC,1603159376533,2020-10-20T02:02:56.533Z,sell,3.41e-06,171.0,0.00058311
DUSK/BTC,1603159376545,2020-10-20T02:02:56.545Z,sell,3.41e-06,170.0,0.0005796999999999
DUSK/BTC,1603159376557,2020-10-20T02:02:56.557Z,sell,3.41e-06,86.0,0.00029326
DUSK/BTC,1603159417894,2020-10-20T02:03:37.894Z,sell,3.41e-06,161.0,0.00054901
DUSK/BTC,1603159418251,2020-10-20T02:03:38.251Z,buy,3.41e-06,699.0,0.00238359
DUSK/BTC,1603159485085,2020-10-20T02:04:45.085Z,buy,3.41e-06,60.0,0.0002045999999999
DUSK/BTC,1603159750141,2020-10-20T02:09:10.141Z,buy,3.41e-06,59.0,0.00020119
DUSK/BTC,1603159808255,2020-10-20T02:10:08.255Z,sell,3.41e-06,59.0,0.00020119
DUSK/BTC,1603159821908,2020-10-20T02:10:21.908Z,buy,3.42e-06,129.0,0.00044118
DUSK/BTC,1603159825904,2020-10-20T02:10:25.904Z,buy,3.42e-06,648.0,0.00221616
DUSK/BTC,1603159829447,2020-10-20T02:10:29.447Z,buy,3.42e-06,630.0,0.0021546
DUSK/BTC,1603159833892,2020-10-20T02:10:33.892Z,buy,3.42e-06,511.0,0.0017476199999999
DUSK/BTC,1603159837669,2020-10-20T02:10:37.669Z,buy,3.42e-06,592.0,0.00202464
DUSK/BTC,1603159843722,2020-10-20T02:10:43.722Z,buy,3.42e-06,526.0,0.0017989199999999
DUSK/BTC,1603159846241,2020-10-20T02:10:46.241Z,buy,3.42e-06,516.0,0.00176472
DUSK/BTC,1603159850947,2020-10-20T02:10:50.947Z,buy,3.42e-06,430.0,0.0014705999999999
DUSK/BTC,1603159854488,2020-10-20T02:10:54.488Z,buy,3.42e-06,423.0,0.00144666
DUSK/BTC,1603159858263,2020-10-20T02:10:58.263Z,buy,3.42e-06,420.0,0.0014364
DUSK/BTC,1603159862469,2020-10-20T02:11:02.469Z,buy,3.42e-06,391.0,0.0013372199999999
DUSK/BTC,1603159866699,2020-10-20T02:11:06.699Z,buy,3.42e-06,373.0,0.0012756599999999
DUSK/BTC,1603159866712,2020-10-20T02:11:06.712Z,buy,3.42e-06,438.0,0.00149796
DUSK/BTC,1603159978126,2020-10-20T02:12:58.126Z,buy,3.42e-06,71.0,0.0002428199999999
DUSK/BTC,1603159978126,2020-10-20T02:12:58.126Z,buy,3.43e-06,4691.0,0.01609013
DUSK/BTC,1603159978126,2020-10-20T02:12:58.126Z,buy,3.43e-06,563.0,0.00193109
DUSK/BTC,1603160043726,2020-10-20T02:14:03.726Z,sell,3.42e-06,33.0,0.00011286
DUSK/BTC,1603160950954,2020-10-20T02:29:10.954Z,buy,3.44e-06,437.0,0.00150328
DUSK/BTC,1603161025021,2020-10-20T02:30:25.021Z,sell,3.42e-06,332.0,0.00113544
DUSK/BTC,1603161025021,2020-10-20T02:30:25.021Z,sell,3.42e-06,332.0,0.00113544
DUSK/BTC,1603162171426,2020-10-20T02:49:31.426Z,sell,3.42e-06,123.0,0.00042066
DUSK/BTC,1603162910168,2020-10-20T03:01:50.168Z,buy,3.44e-06,12919.0,0.04444136
DUSK/BTC,1603162926487,2020-10-20T03:02:06.487Z,sell,3.44e-06,1259.0,0.00433096
DUSK/BTC,1603162937802,2020-10-20T03:02:17.802Z,sell,3.44e-06,1761.0,0.00605784
DUSK/BTC,1603163216011,2020-10-20T03:06:56.011Z,buy,3.45e-06,5800.0,0.02001
DUSK/BTC,1603163216017,2020-10-20T03:06:56.017Z,buy,3.45e-06,421.0,0.00145245
DUSK/BTC,1603163216019,2020-10-20T03:06:56.019Z,buy,3.45e-06,2220.0,0.007659
DUSK/BTC,1603163216019,2020-10-20T03:06:56.019Z,buy,3.46e-06,214.0,0.00074044
DUSK/BTC,1603163216019,2020-10-20T03:06:56.019Z,buy,3.47e-06,208.0,0.00072176
DUSK/BTC,1603163235273,2020-10-20T03:07:15.273Z,buy,3.47e-06,8400.0,0.0291479999999999
DUSK/BTC,1603163260845,2020-10-20T03:07:40.845Z,buy,3.47e-06,4479.0,0.01554213
DUSK/BTC,1603163371407,2020-10-20T03:09:31.407Z,sell,3.46e-06,187.0,0.00064702
DUSK/BTC,1603163734076,2020-10-20T03:15:34.076Z,sell,3.46e-06,1813.0,0.00627298
DUSK/BTC,1603163736506,2020-10-20T03:15:36.506Z,sell,3.44e-06,2791.0,0.00960104
DUSK/BTC,1603163781908,2020-10-20T03:16:21.908Z,sell,3.44e-06,885.0,0.0030444
DUSK/BTC,1603164284204,2020-10-20T03:24:44.204Z,buy,3.45e-06,196.0,0.0006762
DUSK/BTC,1603164367368,2020-10-20T03:26:07.368Z,sell,3.44e-06,7012.0,0.02412128
DUSK/BTC,1603164457872,2020-10-20T03:27:37.872Z,sell,3.44e-06,750.0,0.00258
DUSK/BTC,1603164570464,2020-10-20T03:29:30.464Z,buy,3.47e-06,60.0,0.0002082
DUSK/BTC,1603164592715,2020-10-20T03:29:52.715Z,sell,3.44e-06,1186.0,0.00407984
DUSK/BTC,1603164592715,2020-10-20T03:29:52.715Z,sell,3.44e-06,1186.0,0.00407984
DUSK/BTC,1603164963197,2020-10-20T03:36:03.197Z,sell,3.44e-06,60.0,0.0002064
DUSK/BTC,1603165057535,2020-10-20T03:37:37.535Z,sell,3.44e-06,62.0,0.00021328
DUSK/BTC,1603165057535,2020-10-20T03:37:37.535Z,sell,3.43e-06,2985.0,0.01023855
DUSK/BTC,1603165057535,2020-10-20T03:37:37.535Z,sell,3.42e-06,647.0,0.00221274
DUSK/BTC,1603165253888,2020-10-20T03:40:53.888Z,buy,3.44e-06,60.0,0.0002064
DUSK/BTC,1603166157215,2020-10-20T03:55:57.215Z,buy,3.44e-06,1243.0,0.00427592
DUSK/BTC,1603166202660,2020-10-20T03:56:42.660Z,buy,3.44e-06,600.0,0.002064
DUSK/BTC,1603166615958,2020-10-20T04:03:35.958Z,sell,3.42e-06,89.0,0.00030438
DUSK/BTC,1603166848485,2020-10-20T04:07:28.485Z,buy,3.44e-06,97.0,0.00033368
DUSK/BTC,1603166856607,2020-10-20T04:07:36.607Z,buy,3.45e-06,210.0,0.0007245
DUSK/BTC,1603166856620,2020-10-20T04:07:36.620Z,buy,3.45e-06,168.0,0.0005796
DUSK/BTC,1603166860858,2020-10-20T04:07:40.858Z,buy,3.45e-06,168.0,0.0005796
DUSK/BTC,1603166948976,2020-10-20T04:09:08.976Z,buy,3.45e-06,1454.0,0.0050163
DUSK/BTC,1603166948976,2020-10-20T04:09:08.976Z,buy,3.46e-06,896.0,0.00310016
DUSK/BTC,1603167228724,2020-10-20T04:13:48.724Z,buy,3.46e-06,147.0,0.00050862
DUSK/BTC,1603167692746,2020-10-20T04:21:32.746Z,sell,3.45e-06,290.0,0.0010005
DUSK/BTC,1603167764484,2020-10-20T04:22:44.484Z,sell,3.45e-06,228.0,0.0007866
DUSK/BTC,1603167989473,2020-10-20T04:26:29.473Z,buy,3.47e-06,2325.0,0.00806775
DUSK/BTC,1603168071185,2020-10-20T04:27:51.185Z,sell,3.44e-06,60.0,0.0002064
DUSK/BTC,1603168158879,2020-10-20T04:29:18.879Z,buy,3.47e-06,2087.0,0.00724189
DUSK/BTC,1603168158879,2020-10-20T04:29:18.879Z,buy,3.47e-06,2087.0,0.00724189
DUSK/BTC,1603168358283,2020-10-20T04:32:38.283Z,buy,3.47e-06,59.0,0.00020473
DUSK/BTC,1603168509571,2020-10-20T04:35:09.571Z,sell,3.45e-06,71.0,0.00024495
DUSK/BTC,1603168565690,2020-10-20T04:36:05.690Z,buy,3.47e-06,349.0,0.0012110299999999
DUSK/BTC,1603168772232,2020-10-20T04:39:32.232Z,sell,3.44e-06,140.0,0.0004816
DUSK/BTC,1603168778028,2020-10-20T04:39:38.028Z,sell,3.44e-06,378.0,0.00130032
DUSK/BTC,1603168785112,2020-10-20T04:39:45.112Z,sell,3.44e-06,6538.0,0.02249072
DUSK/BTC,1603168845608,2020-10-20T04:40:45.608Z,buy,3.45e-06,2000.0,0.0069
DUSK/BTC,1603168846300,2020-10-20T04:40:46.300Z,buy,3.47e-06,1197.0,0.0041535899999999
DUSK/BTC,1603169089624,2020-10-20T04:44:49.624Z,buy,3.47e-06,7916.0,0.02746852
DUSK/BTC,1603169089852,2020-10-20T04:44:49.852Z,sell,3.46e-06,421.0,0.00145666
DUSK/BTC,1603169089853,2020-10-20T04:44:49.853Z,sell,3.46e-06,1579.0,0.00546334
DUSK/BTC,1603169476124,2020-10-20T04:51:16.124Z,sell,3.44e-06,59.0,0.00020296
DUSK/BTC,1603169612302,2020-10-20T04:53:32.302Z,sell,3.44e-06,399.0,0.00137256
DUSK/BTC,1603169612356,2020-10-20T04:53:32.356Z,sell,3.44e-06,296.0,0.00101824
DUSK/BTC,1603169612363,2020-10-20T04:53:32.363Z,sell,3.44e-06,253.0,0.00087032
DUSK/BTC,1603169612376,2020-10-20T04:53:32.376Z,sell,3.44e-06,210.0,0.0007224
DUSK/BTC,1603169612408,2020-10-20T04:53:32.408Z,sell,3.44e-06,168.0,0.00057792
DUSK/BTC,1603169612423,2020-10-20T04:53:32.423Z,sell,3.44e-06,168.0,0.00057792
DUSK/BTC,1603169612437,2020-10-20T04:53:32.437Z,sell,3.44e-06,60.0,0.0002064
DUSK/BTC,1603169612445,2020-10-20T04:53:32.445Z,sell,3.44e-06,387.0,0.00133128
DUSK/BTC,1603169612775,2020-10-20T04:53:32.775Z,sell,3.43e-06,447.0,0.00153321
DUSK/BTC,1603169681327,2020-10-20T04:54:41.327Z,sell,3.43e-06,1611.0,0.00552573
DUSK/BTC,1603169681332,2020-10-20T04:54:41.332Z,sell,3.42e-06,637.0,0.00217854
DUSK/BTC,1603169681344,2020-10-20T04:54:41.344Z,sell,3.42e-06,994.0,0.00339948
DUSK/BTC,1603169681865,2020-10-20T04:54:41.865Z,buy,3.43e-06,84.0,0.00028812
DUSK/BTC,1603169683645,2020-10-20T04:54:43.645Z,sell,3.42e-06,217.0,0.00074214
DUSK/BTC,1603169750272,2020-10-20T04:55:50.272Z,buy,3.43e-06,60.0,0.0002058
DUSK/BTC,1603170080873,2020-10-20T05:01:20.873Z,buy,3.43e-06,35.0,0.00012005
DUSK/BTC,1603170381435,2020-10-20T05:06:21.435Z,sell,3.41e-06,1080.0,0.0036828
DUSK/BTC,1603170450919,2020-10-20T05:07:30.919Z,sell,3.41e-06,919.0,0.00313379
DUSK/BTC,1603170757195,2020-10-20T05:12:37.195Z,buy,3.43e-06,502.0,0.00172186
DUSK/BTC,1603171160056,2020-10-20T05:19:20.056Z,buy,3.43e-06,734.0,0.00251762
DUSK/BTC,1603171703802,2020-10-20T05:28:23.802Z,sell,3.41e-06,84.0,0.00028644
DUSK/BTC,1603171758755,2020-10-20T05:29:18.755Z,sell,3.41e-06,96.0,0.00032736
DUSK/BTC,1603171758755,2020-10-20T05:29:18.755Z,sell,3.41e-06,96.0,0.00032736
DUSK/BTC,1603172197949,2020-10-20T05:36:37.949Z,sell,3.41e-06,114.0,0.00038874
DUSK/BTC,1603172197953,2020-10-20T05:36:37.953Z,sell,3.4e-06,2442.0,0.0083028
DUSK/BTC,1603172197953,2020-10-20T05:36:37.953Z,sell,3.39e-06,229.0,0.00077631
DUSK/BTC,1603172197960,2020-10-20T05:36:37.960Z,sell,3.39e-06,5000.0,0.01695
DUSK/BTC,1603172449769,2020-10-20T05:40:49.769Z,buy,3.4e-06,85.0,0.000289
DUSK/BTC,1603172654709,2020-10-20T05:44:14.709Z,sell,3.39e-06,3116.0,0.01056324
DUSK/BTC,1603172654719,2020-10-20T05:44:14.719Z,sell,3.39e-06,1045.0,0.00354255
DUSK/BTC,1603173843835,2020-10-20T06:04:03.835Z,buy,3.4e-06,35.0,0.000119
DUSK/BTC,1603174088021,2020-10-20T06:08:08.021Z,buy,3.4e-06,1880.0,0.006392
DUSK/BTC,1603174088021,2020-10-20T06:08:08.021Z,buy,3.41e-06,3841.0,0.01309781
DUSK/BTC,1603174088325,2020-10-20T06:08:08.325Z,sell,3.4e-06,1732.0,0.0058888
DUSK/BTC,1603174088333,2020-10-20T06:08:08.333Z,sell,3.4e-06,268.0,0.0009112
DUSK/BTC,1603174088337,2020-10-20T06:08:08.337Z,sell,3.39e-06,577.0,0.00195603
DUSK/BTC,1603174218546,2020-10-20T06:10:18.546Z,sell,3.39e-06,1423.0,0.00482397
DUSK/BTC,1603175046644,2020-10-20T06:24:06.644Z,buy,3.39e-06,1071.0,0.00363069
DUSK/BTC,1603175046644,2020-10-20T06:24:06.644Z,buy,3.4e-06,6476.0,0.0220184
DUSK/BTC,1603175067419,2020-10-20T06:24:27.419Z,buy,3.4e-06,3528.0,0.0119952
DUSK/BTC,1603175112303,2020-10-20T06:25:12.303Z,sell,3.39e-06,442.0,0.00149838
DUSK/BTC,1603175112303,2020-10-20T06:25:12.303Z,sell,3.39e-06,442.0,0.00149838
DUSK/BTC,1603175418594,2020-10-20T06:30:18.594Z,buy,3.4e-06,82.0,0.0002788
DUSK/BTC,1603175955370,2020-10-20T06:39:15.370Z,sell,3.39e-06,705.0,0.00238995
DUSK/BTC,1603175955376,2020-10-20T06:39:15.376Z,sell,3.39e-06,853.0,0.00289167
DUSK/BTC,1603175955376,2020-10-20T06:39:15.376Z,sell,3.38e-06,764.0,0.00258232
DUSK/BTC,1603176035574,2020-10-20T06:40:35.574Z,sell,3.38e-06,249.0,0.00084162
DUSK/BTC,1603176855183,2020-10-20T06:54:15.183Z,buy,3.4e-06,1130.0,0.003842
DUSK/BTC,1603177544460,2020-10-20T07:05:44.460Z,sell,3.39e-06,100.0,0.000339
DUSK/BTC,1603177547902,2020-10-20T07:05:47.902Z,buy,3.4e-06,50.0,0.00017
DUSK/BTC,1603177618254,2020-10-20T07:06:58.254Z,sell,3.39e-06,1473.0,0.00499347
DUSK/BTC,1603178091003,2020-10-20T07:14:51.003Z,buy,3.4e-06,880.0,0.002992
DUSK/BTC,1603178100510,2020-10-20T07:15:00.510Z,buy,3.41e-06,1772.0,0.00604252
DUSK/BTC,1603178105036,2020-10-20T07:15:05.036Z,buy,3.41e-06,228.0,0.00077748
DUSK/BTC,1603178125440,2020-10-20T07:15:25.440Z,buy,3.42e-06,2536.0,0.00867312
DUSK/BTC,1603178131339,2020-10-20T07:15:31.339Z,buy,3.42e-06,1268.0,0.00433656
DUSK/BTC,1603178138035,2020-10-20T07:15:38.035Z,buy,3.42e-06,705.0,0.0024111
DUSK/BTC,1603178138052,2020-10-20T07:15:38.052Z,sell,3.42e-06,247.0,0.00084474
DUSK/BTC,1603178197632,2020-10-20T07:16:37.632Z,buy,3.43e-06,316.0,0.00108388
DUSK/BTC,1603178644301,2020-10-20T07:24:04.301Z,sell,3.42e-06,1001.0,0.00342342
DUSK/BTC,1603178644301,2020-10-20T07:24:04.301Z,sell,3.42e-06,1001.0,0.00342342
DUSK/BTC,1603178756659,2020-10-20T07:25:56.659Z,sell,3.41e-06,2000.0,0.00682
DUSK/BTC,1603179069495,2020-10-20T07:31:09.495Z,sell,3.4e-06,500.0,0.0017
DUSK/BTC,1603179802898,2020-10-20T07:43:22.898Z,sell,3.41e-06,2497.0,0.00851477
DUSK/BTC,1603179802905,2020-10-20T07:43:22.905Z,sell,3.41e-06,1249.0,0.00425909
DUSK/BTC,1603179936417,2020-10-20T07:45:36.417Z,sell,3.41e-06,131.0,0.00044671
DUSK/BTC,1603179936417,2020-10-20T07:45:36.417Z,sell,3.4e-06,1559.0,0.0053006
DUSK/BTC,1603179936417,2020-10-20T07:45:36.417Z,sell,3.39e-06,2579.0,0.00874281
DUSK/BTC,1603179936646,2020-10-20T07:45:36.646Z,buy,3.4e-06,2000.0,0.0068
DUSK/BTC,1603179936649,2020-10-20T07:45:36.649Z,buy,3.41e-06,376.0,0.00128216
DUSK/BTC,1603180116802,2020-10-20T07:48:36.802Z,sell,3.4e-06,253.0,0.0008602
DUSK/BTC,1603180116990,2020-10-20T07:48:36.990Z,buy,3.41e-06,440.0,0.0015004
DUSK/BTC,1603180242312,2020-10-20T07:50:42.312Z,buy,3.41e-06,44.0,0.00015004
DUSK/BTC,1603180328038,2020-10-20T07:52:08.038Z,buy,3.41e-06,293.0,0.00099913
DUSK/BTC,1603180529100,2020-10-20T07:55:29.100Z,sell,3.4e-06,1328.0,0.0045152
DUSK/BTC,1603180529258,2020-10-20T07:55:29.258Z,sell,3.39e-06,729.0,0.00247131
DUSK/BTC,1603180529271,2020-10-20T07:55:29.271Z,sell,3.39e-06,1271.0,0.00430869
DUSK/BTC,1603180529356,2020-10-20T07:55:29.356Z,sell,3.38e-06,999.0,0.00337662
DUSK/BTC,1603180529553,2020-10-20T07:55:29.553Z,sell,3.38e-06,499.0,0.00168662
DUSK/BTC,1603180530148,2020-10-20T07:55:30.148Z,buy,3.39e-06,85.0,0.00028815
DUSK/BTC,1603180533565,2020-10-20T07:55:33.565Z,sell,3.38e-06,10271.0,0.03471598
DUSK/BTC,1603180533580,2020-10-20T07:55:33.580Z,sell,3.38e-06,5418.0,0.01831284
DUSK/BTC,1603180533758,2020-10-20T07:55:33.758Z,sell,3.38e-06,2705.0,0.0091428999999999
DUSK/BTC,1603180533862,2020-10-20T07:55:33.862Z,sell,3.38e-06,1352.0,0.00456976
DUSK/BTC,1603180535564,2020-10-20T07:55:35.564Z,sell,3.38e-06,10398.0,0.03514524
DUSK/BTC,1603180535581,2020-10-20T07:55:35.581Z,sell,3.38e-06,5865.0,0.0198237
DUSK/BTC,1603180536256,2020-10-20T07:55:36.256Z,sell,3.38e-06,2917.0,0.0098594599999999
DUSK/BTC,1603180538767,2020-10-20T07:55:38.767Z,sell,3.38e-06,7088.0,0.02395744
DUSK/BTC,1603180538783,2020-10-20T07:55:38.783Z,sell,3.38e-06,4972.0,0.01680536
DUSK/BTC,1603180540297,2020-10-20T07:55:40.297Z,sell,3.38e-06,2455.0,0.0082979
DUSK/BTC,1603180540375,2020-10-20T07:55:40.375Z,sell,3.38e-06,4896.0,0.01654848
DUSK/BTC,1603180540460,2020-10-20T07:55:40.460Z,sell,3.38e-06,3672.0,0.01241136
DUSK/BTC,1603180540658,2020-10-20T07:55:40.658Z,sell,3.38e-06,1834.0,0.0061989199999999
DUSK/BTC,1603180540758,2020-10-20T07:55:40.758Z,sell,3.38e-06,916.0,0.0030960799999999
DUSK/BTC,1603180540958,2020-10-20T07:55:40.958Z,sell,3.38e-06,457.0,0.00154466
DUSK/BTC,1603180541469,2020-10-20T07:55:41.469Z,sell,3.38e-06,3396.0,0.01147848
DUSK/BTC,1603180553470,2020-10-20T07:55:53.470Z,sell,3.38e-06,161.0,0.00054418
DUSK/BTC,1603180553470,2020-10-20T07:55:53.470Z,sell,3.37e-06,1582.0,0.0053313399999999
DUSK/BTC,1603180553666,2020-10-20T07:55:53.666Z,sell,3.37e-06,870.0,0.0029319
DUSK/BTC,1603180553763,2020-10-20T07:55:53.763Z,sell,3.37e-06,435.0,0.00146595
DUSK/BTC,1603180557482,2020-10-20T07:55:57.482Z,sell,3.37e-06,1661.0,0.00559757
DUSK/BTC,1603180557499,2020-10-20T07:55:57.499Z,sell,3.37e-06,1041.0,0.00350817
DUSK/BTC,1603180557665,2020-10-20T07:55:57.665Z,sell,3.37e-06,520.0,0.0017523999999999
DUSK/BTC,1603180932132,2020-10-20T08:02:12.132Z,sell,3.37e-06,1830.0,0.0061671
DUSK/BTC,1603180932144,2020-10-20T08:02:12.144Z,sell,3.37e-06,926.0,0.0031206199999999
DUSK/BTC,1603180933851,2020-10-20T08:02:13.851Z,sell,3.37e-06,456.0,0.0015367199999999
DUSK/BTC,1603181014642,2020-10-20T08:03:34.642Z,sell,3.37e-06,163.0,0.00054931
DUSK/BTC,1603181016989,2020-10-20T08:03:36.989Z,sell,3.37e-06,57.0,0.0001920899999999
DUSK/BTC,1603181023114,2020-10-20T08:03:43.114Z,sell,3.37e-06,765.0,0.00257805
DUSK/BTC,1603181026434,2020-10-20T08:03:46.434Z,sell,3.37e-06,3442.0,0.01159954
DUSK/BTC,1603181026500,2020-10-20T08:03:46.500Z,sell,3.37e-06,1086.0,0.00365982
DUSK/BTC,1603182129094,2020-10-20T08:22:09.094Z,buy,3.38e-06,36.0,0.0001216799999999
DUSK/BTC,1603182129094,2020-10-20T08:22:09.094Z,buy,3.38e-06,36.0,0.0001216799999999
DUSK/BTC,1603182844361,2020-10-20T08:34:04.361Z,buy,3.38e-06,1604.0,0.00542152
DUSK/BTC,1603182844370,2020-10-20T08:34:04.370Z,sell,3.38e-06,1497.0,0.0050598599999999
DUSK/BTC,1603184035266,2020-10-20T08:53:55.266Z,sell,3.36e-06,1022.0,0.00343392
DUSK/BTC,1603184107541,2020-10-20T08:55:07.541Z,sell,3.36e-06,507.0,0.00170352
DUSK/BTC,1603184144088,2020-10-20T08:55:44.088Z,sell,3.36e-06,639.0,0.00214704
DUSK/BTC,1603184144097,2020-10-20T08:55:44.097Z,sell,3.35e-06,19712.0,0.0660352
DUSK/BTC,1603184144324,2020-10-20T08:55:44.324Z,sell,3.35e-06,3434.0,0.0115039
DUSK/BTC,1603184176065,2020-10-20T08:56:16.065Z,sell,3.35e-06,85.0,0.00028475
DUSK/BTC,1603184224553,2020-10-20T08:57:04.553Z,sell,3.35e-06,37.0,0.00012395
DUSK/BTC,1603184224565,2020-10-20T08:57:04.565Z,sell,3.35e-06,1481.0,0.00496135
DUSK/BTC,1603184337130,2020-10-20T08:58:57.130Z,sell,3.34e-06,2900.0,0.009686
DUSK/BTC,1603184337142,2020-10-20T08:58:57.142Z,buy,3.34e-06,391.0,0.00130594
DUSK/BTC,1603184337150,2020-10-20T08:58:57.150Z,buy,3.34e-06,304.0,0.00101536
DUSK/BTC,1603184337166,2020-10-20T08:58:57.166Z,buy,3.34e-06,260.0,0.0008684
DUSK/BTC,1603184337179,2020-10-20T08:58:57.179Z,buy,3.34e-06,217.0,0.00072478
DUSK/BTC,1603184337189,2020-10-20T08:58:57.189Z,buy,3.34e-06,173.0,0.00057782
DUSK/BTC,1603184337203,2020-10-20T08:58:57.203Z,buy,3.34e-06,173.0,0.00057782
DUSK/BTC,1603184337220,2020-10-20T08:58:57.220Z,buy,3.34e-06,174.0,0.00058116
DUSK/BTC,1603184337234,2020-10-20T08:58:57.234Z,buy,3.34e-06,86.0,0.00028724
DUSK/BTC,1603184348202,2020-10-20T08:59:08.202Z,buy,3.34e-06,60.0,0.0002004
DUSK/BTC,1603184361619,2020-10-20T08:59:21.619Z,buy,3.34e-06,1749.0,0.00584166
DUSK/BTC,1603184513366,2020-10-20T09:01:53.366Z,buy,3.34e-06,18.0,6.012e-05
DUSK/BTC,1603185149662,2020-10-20T09:12:29.662Z,buy,3.34e-06,36.0,0.00012024
DUSK/BTC,1603185149662,2020-10-20T09:12:29.662Z,buy,3.34e-06,36.0,0.00012024
DUSK/BTC,1603186047406,2020-10-20T09:27:27.406Z,sell,3.33e-06,1058.0,0.0035231399999999
DUSK/BTC,1603186106905,2020-10-20T09:28:26.905Z,buy,3.34e-06,64.0,0.00021376
DUSK/BTC,1603186162899,2020-10-20T09:29:22.899Z,buy,3.35e-06,2000.0,0.0067
DUSK/BTC,1603186162899,2020-10-20T09:29:22.899Z,buy,3.36e-06,2000.0,0.00672
DUSK/BTC,1603186162899,2020-10-20T09:29:22.899Z,buy,3.37e-06,378.0,0.00127386
DUSK/BTC,1603186162927,2020-10-20T09:29:22.927Z,buy,3.37e-06,1378.0,0.00464386
DUSK/BTC,1603186163018,2020-10-20T09:29:23.018Z,buy,3.37e-06,2383.0,0.00803071
DUSK/BTC,1603186163246,2020-10-20T09:29:23.246Z,sell,3.36e-06,391.0,0.00131376
DUSK/BTC,1603186163269,2020-10-20T09:29:23.269Z,sell,3.36e-06,304.0,0.00102144
DUSK/BTC,1603186163284,2020-10-20T09:29:23.284Z,sell,3.36e-06,260.0,0.0008736
DUSK/BTC,1603186163303,2020-10-20T09:29:23.303Z,sell,3.36e-06,217.0,0.00072912
DUSK/BTC,1603186163318,2020-10-20T09:29:23.318Z,sell,3.36e-06,173.0,0.00058128
DUSK/BTC,1603186163334,2020-10-20T09:29:23.334Z,sell,3.36e-06,174.0,0.00058464
DUSK/BTC,1603186163349,2020-10-20T09:29:23.349Z,sell,3.36e-06,173.0,0.00058128
DUSK/BTC,1603186163364,2020-10-20T09:29:23.364Z,sell,3.36e-06,86.0,0.00028896
DUSK/BTC,1603186163364,2020-10-20T09:29:23.364Z,sell,3.36e-06,222.0,0.00074592
DUSK/BTC,1603186163364,2020-10-20T09:29:23.364Z,sell,3.35e-06,433.0,0.00145055
DUSK/BTC,1603186211676,2020-10-20T09:30:11.676Z,sell,3.35e-06,446.0,0.0014941
DUSK/BTC,1603186211689,2020-10-20T09:30:11.689Z,sell,3.35e-06,1121.0,0.00375535
DUSK/BTC,1603186280741,2020-10-20T09:31:20.741Z,sell,3.34e-06,224.0,0.00074816
DUSK/BTC,1603186554260,2020-10-20T09:35:54.260Z,sell,3.34e-06,1776.0,0.00593184
DUSK/BTC,1603187897574,2020-10-20T09:58:17.574Z,sell,3.33e-06,499.0,0.0016616699999999
DUSK/BTC,1603187909610,2020-10-20T09:58:29.610Z,buy,3.34e-06,163.0,0.00054442
DUSK/BTC,1603187945178,2020-10-20T09:59:05.178Z,sell,3.33e-06,165.0,0.0005494499999999
DUSK/BTC,1603187945191,2020-10-20T09:59:05.191Z,sell,3.33e-06,310.0,0.0010322999999999
DUSK/BTC,1603188108800,2020-10-20T10:01:48.800Z,sell,3.33e-06,10619.0,0.03536127
DUSK/BTC,1603188108813,2020-10-20T10:01:48.813Z,sell,3.33e-06,1476.0,0.00491508
DUSK/BTC,1603188112048,2020-10-20T10:01:52.048Z,sell,3.32e-06,3628.0,0.01204496
DUSK/BTC,1603188307455,2020-10-20T10:05:07.455Z,sell,3.32e-06,60.0,0.0001992
DUSK/BTC,1603188307455,2020-10-20T10:05:07.455Z,sell,3.31e-06,2305.0,0.00762955
DUSK/BTC,1603188307455,2020-10-20T10:05:07.455Z,sell,3.3e-06,3356.0,0.0110748
DUSK/BTC,1603188307763,2020-10-20T10:05:07.763Z,sell,3.31e-06,1000.0,0.00331
DUSK/BTC,1603188489433,2020-10-20T10:08:09.433Z,sell,3.3e-06,10323.0,0.0340659
DUSK/BTC,1603188613198,2020-10-20T10:10:13.198Z,sell,3.3e-06,2870.0,0.009471
DUSK/BTC,1603188664055,2020-10-20T10:11:04.055Z,sell,3.3e-06,37.0,0.0001221
DUSK/BTC,1603188738389,2020-10-20T10:12:18.389Z,buy,3.31e-06,259.0,0.00085729
DUSK/BTC,1603188738389,2020-10-20T10:12:18.389Z,buy,3.31e-06,259.0,0.00085729
DUSK/BTC,1603188857354,2020-10-20T10:14:17.354Z,sell,3.3e-06,200.0,0.00066
DUSK/BTC,1603189546562,2020-10-20T10:25:46.562Z,buy,3.31e-06,1688.0,0.00558728
DUSK/BTC,1603189815778,2020-10-20T10:30:15.778Z,sell,3.3e-06,33697.0,0.1112001
DUSK/BTC,1603189815902,2020-10-20T10:30:15.902Z,sell,3.29e-06,16922.0,0.0556733799999999
DUSK/BTC,1603189815902,2020-10-20T10:30:15.902Z,sell,3.29e-06,252.0,0.0008290799999999
DUSK/BTC,1603189815902,2020-10-20T10:30:15.902Z,sell,3.29e-06,5670.0,0.0186543
DUSK/BTC,1603189815912,2020-10-20T10:30:15.912Z,buy,3.29e-06,309.0,0.00101661
DUSK/BTC,1603189815926,2020-10-20T10:30:15.926Z,buy,3.29e-06,264.0,0.00086856
DUSK/BTC,1603189816005,2020-10-20T10:30:16.005Z,sell,3.28e-06,2462.0,0.00807536
DUSK/BTC,1603189816005,2020-10-20T10:30:16.005Z,sell,3.27e-06,12996.0,0.04249692
DUSK/BTC,1603189816005,2020-10-20T10:30:16.005Z,sell,3.27e-06,288.0,0.00094176
DUSK/BTC,1603189816278,2020-10-20T10:30:16.278Z,buy,3.28e-06,221.0,0.00072488
DUSK/BTC,1603189816279,2020-10-20T10:30:16.279Z,buy,3.28e-06,1779.0,0.00583512
DUSK/BTC,1603189817633,2020-10-20T10:30:17.633Z,buy,3.29e-06,1028.0,0.0033821199999999
DUSK/BTC,1603189817640,2020-10-20T10:30:17.640Z,buy,3.29e-06,1025.0,0.00337225
DUSK/BTC,1603189819053,2020-10-20T10:30:19.053Z,sell,3.27e-06,56.0,0.00018312
DUSK/BTC,1603189820009,2020-10-20T10:30:20.009Z,sell,3.27e-06,213.0,0.00069651
DUSK/BTC,1603189831024,2020-10-20T10:30:31.024Z,sell,3.27e-06,9739.0,0.03184653
DUSK/BTC,1603189831037,2020-10-20T10:30:31.037Z,buy,3.27e-06,267.0,0.00087309
DUSK/BTC,1603189831038,2020-10-20T10:30:31.038Z,sell,3.26e-06,20400.0,0.066504
DUSK/BTC,1603189831038,2020-10-20T10:30:31.038Z,sell,3.26e-06,2240.0,0.0073024
DUSK/BTC,1603189831038,2020-10-20T10:30:31.038Z,sell,3.26e-06,1120.0,0.0036512
DUSK/BTC,1603189831038,2020-10-20T10:30:31.038Z,sell,3.26e-06,1119.0,0.00364794
DUSK/BTC,1603189831045,2020-10-20T10:30:31.045Z,buy,3.27e-06,400.0,0.001308
DUSK/BTC,1603189831067,2020-10-20T10:30:31.067Z,buy,3.27e-06,88.0,0.00028776
DUSK/BTC,1603189832191,2020-10-20T10:30:32.191Z,sell,3.26e-06,375.0,0.0012225
DUSK/BTC,1603189837185,2020-10-20T10:30:37.185Z,sell,3.26e-06,318.0,0.00103668
DUSK/BTC,1603189838604,2020-10-20T10:30:38.604Z,buy,3.27e-06,276.0,0.00090252
DUSK/BTC,1603189851634,2020-10-20T10:30:51.634Z,buy,3.27e-06,177.0,0.00057879
DUSK/BTC,1603189851635,2020-10-20T10:30:51.635Z,buy,3.27e-06,2620.0,0.0085674
DUSK/BTC,1603189851667,2020-10-20T10:30:51.667Z,buy,3.27e-06,177.0,0.00057879
DUSK/BTC,1603189851721,2020-10-20T10:30:51.721Z,buy,3.27e-06,696.0,0.00227592
DUSK/BTC,1603189862375,2020-10-20T10:31:02.375Z,sell,3.26e-06,5780.0,0.0188428
DUSK/BTC,1603189862377,2020-10-20T10:31:02.377Z,sell,3.26e-06,3767.0,0.01228042
DUSK/BTC,1603189862377,2020-10-20T10:31:02.377Z,sell,3.26e-06,16003.0,0.05216978
DUSK/BTC,1603189862384,2020-10-20T10:31:02.384Z,sell,3.25e-06,5780.0,0.018785
DUSK/BTC,1603189862384,2020-10-20T10:31:02.384Z,sell,3.25e-06,66.0,0.0002144999999999
DUSK/BTC,1603189862384,2020-10-20T10:31:02.384Z,sell,3.25e-06,40.0,0.00013
DUSK/BTC,1603189862384,2020-10-20T10:31:02.384Z,sell,3.25e-06,445.0,0.0014462499999999
DUSK/BTC,1603189862388,2020-10-20T10:31:02.388Z,sell,3.25e-06,25550.0,0.0830375
DUSK/BTC,1603189862395,2020-10-20T10:31:02.395Z,sell,3.25e-06,2601.0,0.0084532499999999
DUSK/BTC,1603189862396,2020-10-20T10:31:02.396Z,sell,3.25e-06,20000.0,0.065
DUSK/BTC,1603189862418,2020-10-20T10:31:02.418Z,buy,3.26e-06,5730.0,0.0186798
DUSK/BTC,1603189862439,2020-10-20T10:31:02.439Z,buy,3.26e-06,5503.0,0.01793978
DUSK/BTC,1603189862541,2020-10-20T10:31:02.541Z,sell,3.26e-06,600.0,0.001956
DUSK/BTC,1603189863676,2020-10-20T10:31:03.676Z,sell,3.25e-06,684.0,0.0022229999999999
DUSK/BTC,1603189873628,2020-10-20T10:31:13.628Z,sell,3.25e-06,616.0,0.002002
DUSK/BTC,1603189924840,2020-10-20T10:32:04.840Z,sell,3.25e-06,38.0,0.0001235
DUSK/BTC,1603189955030,2020-10-20T10:32:35.030Z,sell,3.25e-06,1543.0,0.00501475
DUSK/BTC,1603189996282,2020-10-20T10:33:16.282Z,buy,3.26e-06,722.0,0.00235372
DUSK/BTC,1603189997762,2020-10-20T10:33:17.762Z,buy,3.26e-06,1299.0,0.00423474
DUSK/BTC,1603190108217,2020-10-20T10:35:08.217Z,buy,3.26e-06,14.0,4.564e-05
DUSK/BTC,1603190120429,2020-10-20T10:35:20.429Z,buy,3.27e-06,446.0,0.00145842
DUSK/BTC,1603190121631,2020-10-20T10:35:21.631Z,buy,3.27e-06,76.0,0.00024852
DUSK/BTC,1603190172538,2020-10-20T10:36:12.538Z,sell,3.26e-06,459.0,0.00149634
DUSK/BTC,1603190216579,2020-10-20T10:36:56.579Z,sell,3.26e-06,8111.0,0.02644186
DUSK/BTC,1603190310977,2020-10-20T10:38:30.977Z,sell,3.26e-06,12026.0,0.03920476
DUSK/BTC,1603190310977,2020-10-20T10:38:30.977Z,sell,3.25e-06,14751.0,0.04794075
DUSK/BTC,1603190310977,2020-10-20T10:38:30.977Z,sell,3.24e-06,18832.0,0.0610156799999999
DUSK/BTC,1603190311212,2020-10-20T10:38:31.212Z,buy,3.25e-06,2000.0,0.0065
DUSK/BTC,1603190362163,2020-10-20T10:39:22.163Z,sell,3.25e-06,1042.0,0.0033864999999999
DUSK/BTC,1603190362238,2020-10-20T10:39:22.238Z,sell,3.25e-06,1042.0,0.0033864999999999
DUSK/BTC,1603190426584,2020-10-20T10:40:26.584Z,sell,3.25e-06,2341.0,0.0076082499999999
DUSK/BTC,1603190674734,2020-10-20T10:44:34.734Z,buy,3.26e-06,2000.0,0.00652
DUSK/BTC,1603191204834,2020-10-20T10:53:24.834Z,sell,3.26e-06,11574.0,0.03773124
DUSK/BTC,1603191204834,2020-10-20T10:53:24.834Z,sell,3.25e-06,28875.0,0.0938437499999999
DUSK/BTC,1603191205079,2020-10-20T10:53:25.079Z,buy,3.26e-06,35.0,0.0001141
DUSK/BTC,1603191217582,2020-10-20T10:53:37.582Z,sell,3.24e-06,46365.0,0.1502225999999999
DUSK/BTC,1603191217626,2020-10-20T10:53:37.626Z,sell,3.23e-06,20000.0,0.0646
DUSK/BTC,1603191217626,2020-10-20T10:53:37.626Z,sell,3.23e-06,500.0,0.001615
DUSK/BTC,1603191217671,2020-10-20T10:53:37.671Z,sell,3.23e-06,3328.0,0.01074944
DUSK/BTC,1603191217680,2020-10-20T10:53:37.680Z,buy,3.23e-06,180.0,0.0005814
DUSK/BTC,1603191219190,2020-10-20T10:53:39.190Z,sell,3.22e-06,217.0,0.00069874
DUSK/BTC,1603191219190,2020-10-20T10:53:39.190Z,sell,3.22e-06,428.0,0.00137816
DUSK/BTC,1603191219190,2020-10-20T10:53:39.190Z,sell,3.22e-06,4621.0,0.01487962
DUSK/BTC,1603191219190,2020-10-20T10:53:39.190Z,sell,3.21e-06,9369.0,0.03007449
DUSK/BTC,1603191219190,2020-10-20T10:53:39.190Z,sell,3.2e-06,406.0,0.0012992
DUSK/BTC,1603191221101,2020-10-20T10:53:41.101Z,sell,3.21e-06,948.0,0.00304308
DUSK/BTC,1603191228916,2020-10-20T10:53:48.916Z,sell,3.21e-06,945.0,0.00303345
DUSK/BTC,1603191229059,2020-10-20T10:53:49.059Z,sell,3.21e-06,4074.0,0.01307754
DUSK/BTC,1603191229110,2020-10-20T10:53:49.110Z,sell,3.21e-06,577.0,0.00185217
DUSK/BTC,1603191233614,2020-10-20T10:53:53.614Z,buy,3.22e-06,32.0,0.00010304
DUSK/BTC,1603191256517,2020-10-20T10:54:16.517Z,buy,3.22e-06,367.0,0.00118174
DUSK/BTC,1603191286471,2020-10-20T10:54:46.471Z,buy,3.22e-06,297.0,0.00095634
DUSK/BTC,1603191304006,2020-10-20T10:55:04.006Z,sell,3.21e-06,38.0,0.00012198
DUSK/BTC,1603191304279,2020-10-20T10:55:04.279Z,buy,3.22e-06,62.0,0.00019964
DUSK/BTC,1603191315280,2020-10-20T10:55:15.280Z,buy,3.22e-06,264.0,0.00085008
DUSK/BTC,1603191315281,2020-10-20T10:55:15.281Z,buy,3.22e-06,263.0,0.00084686
DUSK/BTC,1603191325990,2020-10-20T10:55:25.990Z,sell,3.21e-06,200.0,0.000642
DUSK/BTC,1603191327713,2020-10-20T10:55:27.713Z,buy,3.22e-06,715.0,0.0023023
DUSK/BTC,1603191327713,2020-10-20T10:55:27.713Z,buy,3.23e-06,285.0,0.00092055
DUSK/BTC,1603191330914,2020-10-20T10:55:30.914Z,buy,3.23e-06,165.0,0.00053295
DUSK/BTC,1603191331715,2020-10-20T10:55:31.715Z,sell,3.21e-06,1000.0,0.00321
DUSK/BTC,1603191332075,2020-10-20T10:55:32.075Z,sell,3.21e-06,155.0,0.00049755
DUSK/BTC,1603191374310,2020-10-20T10:56:14.310Z,sell,3.21e-06,171.0,0.00054891
DUSK/BTC,1603191881584,2020-10-20T11:04:41.584Z,sell,3.21e-06,2892.0,0.00928332
DUSK/BTC,1603191881598,2020-10-20T11:04:41.598Z,sell,3.2e-06,20000.0,0.064
DUSK/BTC,1603191882574,2020-10-20T11:04:42.574Z,sell,3.2e-06,1042.0,0.0033344
DUSK/BTC,1603191883671,2020-10-20T11:04:43.671Z,sell,3.2e-06,1042.0,0.0033344
DUSK/BTC,1603191884229,2020-10-20T11:04:44.229Z,sell,3.2e-06,1042.0,0.0033344
DUSK/BTC,1603191900831,2020-10-20T11:05:00.831Z,sell,3.2e-06,14806.0,0.0473791999999999
DUSK/BTC,1603191900831,2020-10-20T11:05:00.831Z,sell,3.19e-06,23286.0,0.07428234
DUSK/BTC,1603191900831,2020-10-20T11:05:00.831Z,sell,3.18e-06,2676.0,0.00850968
DUSK/BTC,1603191900831,2020-10-20T11:05:00.831Z,sell,3.17e-06,5480.0,0.0173716
DUSK/BTC,1603191900831,2020-10-20T11:05:00.831Z,sell,3.16e-06,13527.0,0.0427453199999999
DUSK/BTC,1603191900831,2020-10-20T11:05:00.831Z,sell,3.15e-06,54379.0,0.17129385
DUSK/BTC,1603191900831,2020-10-20T11:05:00.831Z,sell,3.14e-06,16773.0,0.05266722
DUSK/BTC,1603191900831,2020-10-20T11:05:00.831Z,sell,3.13e-06,2555.0,0.00799715
DUSK/BTC,1603191900831,2020-10-20T11:05:00.831Z,sell,3.13e-06,588.0,0.00184044
DUSK/BTC,1603191900894,2020-10-20T11:05:00.894Z,buy,3.18e-06,1271.0,0.00404178
DUSK/BTC,1603191901115,2020-10-20T11:05:01.115Z,buy,3.18e-06,1066.0,0.00338988
DUSK/BTC,1603191901161,2020-10-20T11:05:01.161Z,sell,3.17e-06,2000.0,0.00634
DUSK/BTC,1603191901163,2020-10-20T11:05:01.163Z,sell,3.17e-06,1060.0,0.0033602
DUSK/BTC,1603191901272,2020-10-20T11:05:01.272Z,sell,3.17e-06,2000.0,0.00634
DUSK/BTC,1603191901422,2020-10-20T11:05:01.422Z,buy,3.18e-06,1065.0,0.0033867
DUSK/BTC,1603191901450,2020-10-20T11:05:01.450Z,sell,3.17e-06,1074.0,0.00340458
DUSK/BTC,1603191901475,2020-10-20T11:05:01.475Z,buy,3.18e-06,1071.0,0.00340578
DUSK/BTC,1603191901537,2020-10-20T11:05:01.537Z,sell,3.17e-06,2000.0,0.00634
DUSK/BTC,1603191901556,2020-10-20T11:05:01.556Z,buy,3.19e-06,63.0,0.00020097
DUSK/BTC,1603191901614,2020-10-20T11:05:01.614Z,sell,3.17e-06,2000.0,0.00634
DUSK/BTC,1603191901661,2020-10-20T11:05:01.661Z,buy,3.18e-06,2000.0,0.00636
DUSK/BTC,1603191901744,2020-10-20T11:05:01.744Z,buy,3.19e-06,125.0,0.00039875
DUSK/BTC,1603191902020,2020-10-20T11:05:02.020Z,sell,3.17e-06,3028.0,0.00959876
DUSK/BTC,1603191902565,2020-10-20T11:05:02.565Z,sell,3.17e-06,405.0,0.00128385
DUSK/BTC,1603191902575,2020-10-20T11:05:02.575Z,sell,3.17e-06,640.0,0.0020288
DUSK/BTC,1603191902775,2020-10-20T11:05:02.775Z,sell,3.17e-06,642.0,0.00203514
DUSK/BTC,1603191903301,2020-10-20T11:05:03.301Z,sell,3.17e-06,4525.0,0.01434425
DUSK/BTC,1603191905316,2020-10-20T11:05:05.316Z,sell,3.17e-06,1077.0,0.00341409
DUSK/BTC,1603191905955,2020-10-20T11:05:05.955Z,buy,3.17e-06,407.0,0.00129019
DUSK/BTC,1603191906042,2020-10-20T11:05:06.042Z,buy,3.17e-06,645.0,0.00204465
DUSK/BTC,1603191906075,2020-10-20T11:05:06.075Z,sell,3.16e-06,1052.0,0.00332432
DUSK/BTC,1603191908049,2020-10-20T11:05:08.049Z,sell,3.16e-06,1052.0,0.00332432
DUSK/BTC,1603191908345,2020-10-20T11:05:08.345Z,buy,3.17e-06,2066.0,0.00654922
DUSK/BTC,1603191908834,2020-10-20T11:05:08.834Z,sell,3.16e-06,1048.0,0.00331168
DUSK/BTC,1603191909094,2020-10-20T11:05:09.094Z,sell,3.16e-06,2842.0,0.00898072
DUSK/BTC,1603191909096,2020-10-20T11:05:09.096Z,sell,3.16e-06,1945.0,0.0061461999999999
DUSK/BTC,1603191909430,2020-10-20T11:05:09.430Z,sell,3.16e-06,808.0,0.00255328
DUSK/BTC,1603191919858,2020-10-20T11:05:19.858Z,sell,3.16e-06,1085.0,0.0034286
DUSK/BTC,1603191920272,2020-10-20T11:05:20.272Z,sell,3.16e-06,221.0,0.00069836
DUSK/BTC,1603191920322,2020-10-20T11:05:20.322Z,sell,3.16e-06,200.0,0.000632
DUSK/BTC,1603191920518,2020-10-20T11:05:20.518Z,sell,3.16e-06,318.0,0.0010048799999999
DUSK/BTC,1603191923616,2020-10-20T11:05:23.616Z,sell,3.16e-06,20000.0,0.0631999999999999
DUSK/BTC,1603191923618,2020-10-20T11:05:23.618Z,sell,3.16e-06,1620.0,0.0051192
DUSK/BTC,1603191923652,2020-10-20T11:05:23.652Z,buy,3.16e-06,2158.0,0.00681928
DUSK/BTC,1603191925139,2020-10-20T11:05:25.139Z,sell,3.15e-06,316.0,0.0009954
DUSK/BTC,1603191925596,2020-10-20T11:05:25.596Z,sell,3.15e-06,365.0,0.00114975
DUSK/BTC,1603191936419,2020-10-20T11:05:36.419Z,sell,3.15e-06,2424.0,0.0076356
DUSK/BTC,1603191936460,2020-10-20T11:05:36.460Z,buy,3.15e-06,41107.0,0.12948705
DUSK/BTC,1603191936652,2020-10-20T11:05:36.652Z,buy,3.16e-06,2000.0,0.0063199999999999
DUSK/BTC,1603191936760,2020-10-20T11:05:36.760Z,buy,3.17e-06,2000.0,0.00634
DUSK/BTC,1603191937279,2020-10-20T11:05:37.279Z,sell,3.16e-06,802.0,0.00253432
DUSK/BTC,1603191991014,2020-10-20T11:06:31.014Z,buy,3.17e-06,35.0,0.00011095
DUSK/BTC,1603191992619,2020-10-20T11:06:32.619Z,sell,3.17e-06,109.0,0.00034553
DUSK/BTC,1603192021628,2020-10-20T11:07:01.628Z,sell,3.17e-06,160.0,0.0005072
DUSK/BTC,1603192021628,2020-10-20T11:07:01.628Z,sell,3.16e-06,909.0,0.00287244
DUSK/BTC,1603192024457,2020-10-20T11:07:04.457Z,sell,3.16e-06,39.0,0.00012324
DUSK/BTC,1603192042591,2020-10-20T11:07:22.591Z,buy,3.18e-06,224.0,0.00071232
DUSK/BTC,1603192043329,2020-10-20T11:07:23.329Z,buy,3.18e-06,600.0,0.001908
DUSK/BTC,1603192080721,2020-10-20T11:08:00.721Z,buy,3.18e-06,11.0,3.498e-05
DUSK/BTC,1603192081723,2020-10-20T11:08:01.723Z,buy,3.18e-06,1812.0,0.00576216
DUSK/BTC,1603192093489,2020-10-20T11:08:13.489Z,sell,3.18e-06,600.0,0.001908
DUSK/BTC,1603192093554,2020-10-20T11:08:13.554Z,sell,3.18e-06,224.0,0.00071232
DUSK/BTC,1603192107566,2020-10-20T11:08:27.566Z,sell,3.18e-06,3788.0,0.01204584
DUSK/BTC,1603192165838,2020-10-20T11:09:25.838Z,buy,3.19e-06,500.0,0.001595
DUSK/BTC,1603192165844,2020-10-20T11:09:25.844Z,buy,3.19e-06,501.0,0.00159819
DUSK/BTC,1603192245854,2020-10-20T11:10:45.854Z,buy,3.19e-06,380.0,0.0012122
DUSK/BTC,1603192288483,2020-10-20T11:11:28.483Z,buy,3.19e-06,500.0,0.001595
DUSK/BTC,1603192290864,2020-10-20T11:11:30.864Z,buy,3.19e-06,1021.0,0.00325699
DUSK/BTC,1603192290864,2020-10-20T11:11:30.864Z,buy,3.19e-06,1021.0,0.00325699
DUSK/BTC,1603192528077,2020-10-20T11:15:28.077Z,buy,3.19e-06,11200.0,0.035728
DUSK/BTC,1603192531266,2020-10-20T11:15:31.266Z,buy,3.19e-06,74.0,0.0002360599999999
DUSK/BTC,1603192681242,2020-10-20T11:18:01.242Z,sell,3.18e-06,2000.0,0.00636
DUSK/BTC,1603192748655,2020-10-20T11:19:08.655Z,buy,3.18e-06,63.0,0.00020034
DUSK/BTC,1603192851881,2020-10-20T11:20:51.881Z,buy,3.18e-06,171.0,0.00054378
DUSK/BTC,1603192869196,2020-10-20T11:21:09.196Z,sell,3.17e-06,173.0,0.00054841
DUSK/BTC,1603193002722,2020-10-20T11:23:22.722Z,sell,3.17e-06,3621.0,0.01147857
DUSK/BTC,1603193048455,2020-10-20T11:24:08.455Z,buy,3.17e-06,961.0,0.00304637
DUSK/BTC,1603193156106,2020-10-20T11:25:56.106Z,sell,3.16e-06,768.0,0.0024268799999999
DUSK/BTC,1603193156597,2020-10-20T11:25:56.597Z,sell,3.16e-06,384.0,0.0012134399999999
DUSK/BTC,1603193243978,2020-10-20T11:27:23.978Z,sell,3.16e-06,9000.0,0.02844
DUSK/BTC,1603193243993,2020-10-20T11:27:23.993Z,sell,3.16e-06,826.0,0.00261016
DUSK/BTC,1603193244141,2020-10-20T11:27:24.141Z,sell,3.16e-06,4175.0,0.013193
DUSK/BTC,1603193244256,2020-10-20T11:27:24.256Z,sell,3.16e-06,2086.0,0.0065917599999999
DUSK/BTC,1603193244539,2020-10-20T11:27:24.539Z,sell,3.16e-06,1040.0,0.0032863999999999
DUSK/BTC,1603193244640,2020-10-20T11:27:24.640Z,sell,3.16e-06,520.0,0.0016431999999999
DUSK/BTC,1603193246165,2020-10-20T11:27:26.165Z,sell,3.16e-06,5200.0,0.016432
DUSK/BTC,1603193246186,2020-10-20T11:27:26.186Z,sell,3.16e-06,2760.0,0.0087216
DUSK/BTC,1603193246343,2020-10-20T11:27:26.343Z,sell,3.16e-06,1475.0,0.0046609999999999
DUSK/BTC,1603193246840,2020-10-20T11:27:26.840Z,sell,3.16e-06,735.0,0.0023225999999999
DUSK/BTC,1603193247354,2020-10-20T11:27:27.354Z,sell,3.16e-06,4108.0,0.01298128
DUSK/BTC,1603193247370,2020-10-20T11:27:27.370Z,sell,3.16e-06,2420.0,0.0076472
DUSK/BTC,1603193248461,2020-10-20T11:27:28.461Z,sell,3.16e-06,2850.0,0.009006
DUSK/BTC,1603193249043,2020-10-20T11:27:29.043Z,sell,3.16e-06,2611.0,0.00825076
DUSK/BTC,1603193249343,2020-10-20T11:27:29.343Z,sell,3.16e-06,1303.0,0.00411748
DUSK/BTC,1603193251259,2020-10-20T11:27:31.259Z,sell,3.16e-06,1689.0,0.00533724
DUSK/BTC,1603193252359,2020-10-20T11:27:32.359Z,sell,3.16e-06,1171.0,0.0037003599999999
DUSK/BTC,1603193252372,2020-10-20T11:27:32.372Z,sell,3.16e-06,2058.0,0.0065032799999999
DUSK/BTC,1603193253063,2020-10-20T11:27:33.063Z,sell,3.16e-06,1023.0,0.00323268
DUSK/BTC,1603193253340,2020-10-20T11:27:33.340Z,sell,3.16e-06,510.0,0.0016116
DUSK/BTC,1603193253478,2020-10-20T11:27:33.478Z,sell,3.16e-06,812.0,0.0025659199999999
DUSK/BTC,1603193253492,2020-10-20T11:27:33.492Z,sell,3.16e-06,661.0,0.00208876
DUSK/BTC,1603193254044,2020-10-20T11:27:34.044Z,sell,3.16e-06,329.0,0.0010396399999999
DUSK/BTC,1603193254662,2020-10-20T11:27:34.662Z,sell,3.16e-06,563.0,0.00177908
DUSK/BTC,1603193254678,2020-10-20T11:27:34.678Z,sell,3.16e-06,445.0,0.0014061999999999
DUSK/BTC,1603193255825,2020-10-20T11:27:35.825Z,sell,3.16e-06,390.0,0.0012324
DUSK/BTC,1603193255850,2020-10-20T11:27:35.850Z,sell,3.16e-06,416.0,0.00131456
DUSK/BTC,1603193257630,2020-10-20T11:27:37.630Z,sell,3.16e-06,270.0,0.0008531999999999
DUSK/BTC,1603193270439,2020-10-20T11:27:50.439Z,sell,3.16e-06,1550.0,0.004898
DUSK/BTC,1603193270553,2020-10-20T11:27:50.553Z,sell,3.16e-06,1080.0,0.0034127999999999
DUSK/BTC,1603193270651,2020-10-20T11:27:50.651Z,sell,3.16e-06,539.0,0.00170324
DUSK/BTC,1603193271723,2020-10-20T11:27:51.723Z,sell,3.16e-06,912.0,0.0028819199999999
DUSK/BTC,1603193271744,2020-10-20T11:27:51.744Z,sell,3.16e-06,723.0,0.00228468
DUSK/BTC,1603193274553,2020-10-20T11:27:54.553Z,sell,3.16e-06,353.0,0.0011154799999999
DUSK/BTC,1603193311492,2020-10-20T11:28:31.492Z,sell,3.16e-06,63.0,0.00019908
DUSK/BTC,1603193311492,2020-10-20T11:28:31.492Z,sell,3.15e-06,25.0,7.875e-05
DUSK/BTC,1603193332143,2020-10-20T11:28:52.143Z,buy,3.16e-06,459.0,0.0014504399999999
DUSK/BTC,1603193352359,2020-10-20T11:29:12.359Z,sell,3.15e-06,951.0,0.00299565
DUSK/BTC,1603193379549,2020-10-20T11:29:39.549Z,sell,3.15e-06,475.0,0.00149625
DUSK/BTC,1603193408614,2020-10-20T11:30:08.614Z,buy,3.16e-06,402.0,0.00127032
DUSK/BTC,1603193465437,2020-10-20T11:31:05.437Z,sell,3.15e-06,551.0,0.00173565
DUSK/BTC,1603193473768,2020-10-20T11:31:13.768Z,buy,3.16e-06,343.0,0.00108388
DUSK/BTC,1603193474144,2020-10-20T11:31:14.144Z,sell,3.15e-06,427.0,0.00134505
DUSK/BTC,1603193512577,2020-10-20T11:31:52.577Z,buy,3.16e-06,174.0,0.00054984
