symbol,timestamp,datetime,side,price,amount,btc_volume
EDO/BTC,1577466538374,2019-12-27T17:08:58.374Z,sell,2.789e-05,7.0,0.0001952299999999
EDO/BTC,1577466695644,2019-12-27T17:11:35.644Z,sell,2.789e-05,134.0,0.00373726
EDO/BTC,1577466695653,2019-12-27T17:11:35.653Z,sell,2.789e-05,182.0,0.00507598
EDO/BTC,1577466695673,2019-12-27T17:11:35.673Z,sell,2.78e-05,71.0,0.0019738
EDO/BTC,1577466943094,2019-12-27T17:15:43.094Z,sell,2.78e-05,281.0,0.0078118
EDO/BTC,1577466943096,2019-12-27T17:15:43.096Z,sell,2.777e-05,23.0,0.00063871
EDO/BTC,1577466943108,2019-12-27T17:15:43.108Z,sell,2.777e-05,134.0,0.00372118
EDO/BTC,1577466943114,2019-12-27T17:15:43.114Z,sell,2.777e-05,166.0,0.00460982
EDO/BTC,1577466943164,2019-12-27T17:15:43.164Z,sell,2.777e-05,29.0,0.00080533
EDO/BTC,1577466944157,2019-12-27T17:15:44.157Z,sell,2.777e-05,283.0,0.00785891
EDO/BTC,1577467024844,2019-12-27T17:17:04.844Z,buy,2.782e-05,6.0,0.00016692
EDO/BTC,1577467024844,2019-12-27T17:17:04.844Z,buy,2.783e-05,657.0,0.0182843099999999
EDO/BTC,1577467053617,2019-12-27T17:17:33.617Z,buy,2.78e-05,6.0,0.0001668
EDO/BTC,1577467053617,2019-12-27T17:17:33.617Z,buy,2.783e-05,355.0,0.00987965
EDO/BTC,1577467087130,2019-12-27T17:18:07.130Z,sell,2.779e-05,373.0,0.01036567
EDO/BTC,1577467088227,2019-12-27T17:18:08.227Z,sell,2.778e-05,512.0,0.01422336
EDO/BTC,1577467089233,2019-12-27T17:18:09.233Z,sell,2.777e-05,397.0,0.01102469
EDO/BTC,1577467090221,2019-12-27T17:18:10.221Z,sell,2.777e-05,276.0,0.00766452
EDO/BTC,1577467092230,2019-12-27T17:18:12.230Z,sell,2.777e-05,190.0,0.0052763
EDO/BTC,1577467093222,2019-12-27T17:18:13.222Z,sell,2.777e-05,132.0,0.00366564
EDO/BTC,1577467094235,2019-12-27T17:18:14.235Z,sell,2.777e-05,91.0,0.00252707
EDO/BTC,1577467095239,2019-12-27T17:18:15.239Z,sell,2.777e-05,64.0,0.00177728
EDO/BTC,1577467096230,2019-12-27T17:18:16.230Z,sell,2.777e-05,44.0,0.00122188
EDO/BTC,1577467100889,2019-12-27T17:18:20.889Z,buy,2.781e-05,6.0,0.00016686
EDO/BTC,1577467100889,2019-12-27T17:18:20.889Z,buy,2.782e-05,6.0,0.00016692
EDO/BTC,1577467100889,2019-12-27T17:18:20.889Z,buy,2.783e-05,171.0,0.00475893
EDO/BTC,1577467100908,2019-12-27T17:18:20.908Z,sell,2.777e-05,38.0,0.00105526
EDO/BTC,1577467109189,2019-12-27T17:18:29.189Z,buy,2.784e-05,265.0,0.0073776
EDO/BTC,1577467125629,2019-12-27T17:18:45.629Z,buy,2.784e-05,144.0,0.00400896
EDO/BTC,1577467189949,2019-12-27T17:19:49.949Z,buy,2.782e-05,4.0,0.00011128
EDO/BTC,1577467285325,2019-12-27T17:21:25.325Z,buy,2.782e-05,1.0,2.782e-05
EDO/BTC,1577467285325,2019-12-27T17:21:25.325Z,buy,2.783e-05,569.0,0.01583527
EDO/BTC,1577467393893,2019-12-27T17:23:13.893Z,buy,2.784e-05,4.0,0.00011136
EDO/BTC,1577467654800,2019-12-27T17:27:34.800Z,sell,2.778e-05,276.0,0.00766728
EDO/BTC,1577467654800,2019-12-27T17:27:34.800Z,sell,2.777e-05,62.0,0.00172174
EDO/BTC,1577469002773,2019-12-27T17:50:02.773Z,buy,2.783e-05,5.0,0.00013915
EDO/BTC,1577469002773,2019-12-27T17:50:02.773Z,buy,2.784e-05,1.0,2.784e-05
EDO/BTC,1577469002773,2019-12-27T17:50:02.773Z,buy,2.785e-05,7.0,0.00019495
EDO/BTC,1577469002773,2019-12-27T17:50:02.773Z,buy,2.79e-05,5.0,0.0001395
EDO/BTC,1577469002773,2019-12-27T17:50:02.773Z,buy,2.8e-05,1624.0,0.045472
EDO/BTC,1577469546971,2019-12-27T17:59:06.971Z,buy,2.794e-05,4.0,0.00011176
EDO/BTC,1577469546971,2019-12-27T17:59:06.971Z,buy,2.803e-05,28.0,0.00078484
EDO/BTC,1577469546971,2019-12-27T17:59:06.971Z,buy,2.794e-05,4.0,0.00011176
EDO/BTC,1577469546971,2019-12-27T17:59:06.971Z,buy,2.803e-05,28.0,0.00078484
EDO/BTC,1577470468680,2019-12-27T18:14:28.680Z,buy,2.795e-05,281.0,0.00785395
EDO/BTC,1577470479263,2019-12-27T18:14:39.263Z,buy,2.795e-05,277.0,0.00774215
EDO/BTC,1577470516953,2019-12-27T18:15:16.953Z,sell,2.779e-05,10.0,0.0002779
EDO/BTC,1577470577790,2019-12-27T18:16:17.790Z,sell,2.779e-05,6.0,0.00016674
EDO/BTC,1577471420942,2019-12-27T18:30:20.942Z,buy,2.79e-05,214.0,0.0059706
EDO/BTC,1577471420942,2019-12-27T18:30:20.942Z,buy,2.791e-05,19.0,0.00053029
EDO/BTC,1577471704556,2019-12-27T18:35:04.556Z,buy,2.791e-05,16.0,0.00044656
EDO/BTC,1577472655509,2019-12-27T18:50:55.509Z,buy,2.791e-05,646.0,0.0180298599999999
EDO/BTC,1577472655509,2019-12-27T18:50:55.509Z,buy,2.791e-05,646.0,0.0180298599999999
EDO/BTC,1577474732276,2019-12-27T19:25:32.276Z,sell,2.787e-05,179.0,0.00498873
EDO/BTC,1577474732276,2019-12-27T19:25:32.276Z,sell,2.784e-05,97.0,0.00270048
EDO/BTC,1577474732276,2019-12-27T19:25:32.276Z,sell,2.787e-05,179.0,0.00498873
EDO/BTC,1577474732276,2019-12-27T19:25:32.276Z,sell,2.784e-05,97.0,0.00270048
EDO/BTC,1577477903056,2019-12-27T20:18:23.056Z,sell,2.79e-05,358.0,0.0099882
EDO/BTC,1577477903056,2019-12-27T20:18:23.056Z,sell,2.789e-05,74.0,0.00206386
EDO/BTC,1577477903056,2019-12-27T20:18:23.056Z,sell,2.79e-05,358.0,0.0099882
EDO/BTC,1577477903056,2019-12-27T20:18:23.056Z,sell,2.789e-05,74.0,0.00206386
EDO/BTC,1577479095980,2019-12-27T20:38:15.980Z,sell,2.79e-05,101.0,0.0028179
EDO/BTC,1577479095980,2019-12-27T20:38:15.980Z,sell,2.778e-05,131.0,0.00363918
EDO/BTC,1577480140346,2019-12-27T20:55:40.346Z,sell,2.779e-05,11.0,0.00030569
EDO/BTC,1577480140346,2019-12-27T20:55:40.346Z,sell,2.778e-05,4.0,0.00011112
EDO/BTC,1577480140346,2019-12-27T20:55:40.346Z,sell,2.777e-05,146.0,0.00405442
EDO/BTC,1577480252224,2019-12-27T20:57:32.224Z,buy,2.793e-05,4.0,0.00011172
EDO/BTC,1577480439260,2019-12-27T21:00:39.260Z,sell,2.777e-05,5.0,0.00013885
EDO/BTC,1577480525991,2019-12-27T21:02:05.991Z,sell,2.777e-05,16.0,0.00044432
EDO/BTC,1577480534097,2019-12-27T21:02:14.097Z,buy,2.793e-05,53.0,0.00148029
EDO/BTC,1577480542158,2019-12-27T21:02:22.158Z,buy,2.793e-05,35.0,0.00097755
EDO/BTC,1577480544393,2019-12-27T21:02:24.393Z,buy,2.793e-05,4.0,0.00011172
EDO/BTC,1577480550735,2019-12-27T21:02:30.735Z,buy,2.793e-05,53.0,0.00148029
EDO/BTC,1577480558152,2019-12-27T21:02:38.152Z,buy,2.793e-05,126.0,0.00351918
EDO/BTC,1577480558152,2019-12-27T21:02:38.152Z,buy,2.797e-05,5.0,0.00013985
EDO/BTC,1577480558152,2019-12-27T21:02:38.152Z,buy,2.798e-05,247.0,0.00691106
EDO/BTC,1577480573642,2019-12-27T21:02:53.642Z,buy,2.808e-05,4.0,0.00011232
EDO/BTC,1577480574097,2019-12-27T21:02:54.097Z,buy,2.808e-05,9.0,0.00025272
EDO/BTC,1577480574145,2019-12-27T21:02:54.145Z,sell,2.808e-05,31.0,0.00087048
EDO/BTC,1577480574278,2019-12-27T21:02:54.278Z,sell,2.808e-05,10.0,0.0002808
EDO/BTC,1577480599807,2019-12-27T21:03:19.807Z,buy,2.81e-05,6.0,0.0001685999999999
EDO/BTC,1577480608722,2019-12-27T21:03:28.722Z,buy,2.81e-05,4.0,0.0001124
EDO/BTC,1577480613236,2019-12-27T21:03:33.236Z,buy,2.81e-05,43.0,0.0012083
EDO/BTC,1577480613236,2019-12-27T21:03:33.236Z,buy,2.812e-05,131.0,0.0036837199999999
EDO/BTC,1577480616811,2019-12-27T21:03:36.811Z,buy,2.812e-05,174.0,0.00489288
EDO/BTC,1577480616838,2019-12-27T21:03:36.838Z,buy,2.812e-05,4.0,0.00011248
EDO/BTC,1577480617079,2019-12-27T21:03:37.079Z,buy,2.812e-05,65.0,0.0018277999999999
EDO/BTC,1577480617255,2019-12-27T21:03:37.255Z,buy,2.812e-05,4.0,0.00011248
EDO/BTC,1577480624249,2019-12-27T21:03:44.249Z,sell,2.813e-05,65.0,0.00182845
EDO/BTC,1577480639318,2019-12-27T21:03:59.318Z,buy,2.826e-05,41.0,0.00115866
EDO/BTC,1577480639318,2019-12-27T21:03:59.318Z,buy,2.83e-05,424.0,0.0119992
EDO/BTC,1577480639318,2019-12-27T21:03:59.318Z,buy,2.833e-05,55.0,0.00155815
EDO/BTC,1577480639318,2019-12-27T21:03:59.318Z,buy,2.835e-05,88.0,0.0024948
EDO/BTC,1577480639318,2019-12-27T21:03:59.318Z,buy,2.838e-05,246.0,0.00698148
EDO/BTC,1577480643027,2019-12-27T21:04:03.027Z,buy,2.837e-05,159.0,0.00451083
EDO/BTC,1577480644020,2019-12-27T21:04:04.020Z,sell,2.817e-05,55.0,0.00154935
EDO/BTC,1577480644599,2019-12-27T21:04:04.599Z,sell,2.815e-05,37.0,0.00104155
EDO/BTC,1577480645859,2019-12-27T21:04:05.859Z,buy,2.828e-05,37.0,0.00104636
EDO/BTC,1577480645859,2019-12-27T21:04:05.859Z,buy,2.829e-05,59.0,0.00166911
EDO/BTC,1577480645859,2019-12-27T21:04:05.859Z,buy,2.839e-05,113.0,0.00320807
EDO/BTC,1577480647763,2019-12-27T21:04:07.763Z,buy,2.839e-05,68.0,0.00193052
EDO/BTC,1577480654503,2019-12-27T21:04:14.503Z,buy,2.827e-05,532.0,0.01503964
EDO/BTC,1577480654503,2019-12-27T21:04:14.503Z,buy,2.838e-05,143.0,0.00405834
EDO/BTC,1577480654503,2019-12-27T21:04:14.503Z,buy,2.839e-05,245.0,0.00695555
EDO/BTC,1577480654527,2019-12-27T21:04:14.527Z,sell,2.839e-05,759.0,0.02154801
EDO/BTC,1577480654564,2019-12-27T21:04:14.564Z,sell,2.839e-05,2479.0,0.07037881
EDO/BTC,1577480654651,2019-12-27T21:04:14.651Z,sell,2.839e-05,11.0,0.00031229
EDO/BTC,1577480656755,2019-12-27T21:04:16.755Z,sell,2.839e-05,1711.0,0.04857529
EDO/BTC,1577480659763,2019-12-27T21:04:19.763Z,sell,2.839e-05,1168.0,0.03315952
EDO/BTC,1577480661170,2019-12-27T21:04:21.170Z,sell,2.839e-05,809.0,0.02296751
EDO/BTC,1577480662669,2019-12-27T21:04:22.669Z,sell,2.839e-05,559.0,0.01587001
EDO/BTC,1577480663663,2019-12-27T21:04:23.663Z,sell,2.839e-05,388.0,0.01101532
EDO/BTC,1577480663812,2019-12-27T21:04:23.812Z,sell,2.839e-05,1069.0,0.03034891
EDO/BTC,1577480664005,2019-12-27T21:04:24.005Z,sell,2.839e-05,104.0,0.00295256
EDO/BTC,1577480664671,2019-12-27T21:04:24.671Z,sell,2.839e-05,1085.0,0.03080315
EDO/BTC,1577480664799,2019-12-27T21:04:24.799Z,buy,2.84e-05,29.0,0.0008236
EDO/BTC,1577480666168,2019-12-27T21:04:26.168Z,sell,2.84e-05,503.0,0.0142852
EDO/BTC,1577480666168,2019-12-27T21:04:26.168Z,sell,2.839e-05,267.0,0.00758013
EDO/BTC,1577480667164,2019-12-27T21:04:27.164Z,sell,2.839e-05,535.0,0.01518865
EDO/BTC,1577480668166,2019-12-27T21:04:28.166Z,sell,2.839e-05,371.0,0.01053269
EDO/BTC,1577480669562,2019-12-27T21:04:29.562Z,sell,2.839e-05,257.0,0.00729623
EDO/BTC,1577480676111,2019-12-27T21:04:36.111Z,sell,2.839e-05,34.0,0.00096526
EDO/BTC,1577480683476,2019-12-27T21:04:43.476Z,sell,2.817e-05,219.0,0.0061692299999999
EDO/BTC,1577480687971,2019-12-27T21:04:47.971Z,sell,2.815e-05,323.0,0.00909245
EDO/BTC,1577480689072,2019-12-27T21:04:49.072Z,sell,2.812e-05,4.0,0.00011248
EDO/BTC,1577480689072,2019-12-27T21:04:49.072Z,sell,2.811e-05,35.0,0.00098385
EDO/BTC,1577480698456,2019-12-27T21:04:58.456Z,sell,2.794e-05,40.0,0.0011176
EDO/BTC,1577480706451,2019-12-27T21:05:06.451Z,sell,2.794e-05,1.0,2.794e-05
EDO/BTC,1577480707561,2019-12-27T21:05:07.561Z,buy,2.791e-05,34.0,0.00094894
EDO/BTC,1577480716032,2019-12-27T21:05:16.032Z,buy,2.812e-05,4.0,0.00011248
EDO/BTC,1577480716032,2019-12-27T21:05:16.032Z,buy,2.815e-05,219.0,0.00616485
EDO/BTC,1577480716096,2019-12-27T21:05:16.096Z,sell,2.815e-05,373.0,0.01049995
EDO/BTC,1577480716106,2019-12-27T21:05:16.106Z,sell,2.815e-05,11.0,0.00030965
EDO/BTC,1577480717705,2019-12-27T21:05:17.705Z,sell,2.815e-05,265.0,0.00745975
EDO/BTC,1577480720099,2019-12-27T21:05:20.099Z,sell,2.815e-05,182.0,0.0051233
EDO/BTC,1577480721102,2019-12-27T21:05:21.102Z,sell,2.815e-05,126.0,0.0035469
EDO/BTC,1577480722112,2019-12-27T21:05:22.112Z,sell,2.815e-05,88.0,0.0024772
EDO/BTC,1577480723698,2019-12-27T21:05:23.698Z,sell,2.815e-05,61.0,0.00171715
EDO/BTC,1577480734003,2019-12-27T21:05:34.003Z,sell,2.815e-05,19.0,0.00053485
EDO/BTC,1577480734003,2019-12-27T21:05:34.003Z,sell,2.799e-05,18.0,0.00050382
EDO/BTC,1577480882503,2019-12-27T21:08:02.503Z,buy,2.816e-05,13.0,0.00036608
EDO/BTC,1577480980804,2019-12-27T21:09:40.804Z,sell,2.811e-05,142.0,0.00399162
EDO/BTC,1577480980804,2019-12-27T21:09:40.804Z,sell,2.8e-05,532.0,0.014896
EDO/BTC,1577480980820,2019-12-27T21:09:40.820Z,buy,2.8e-05,44.0,0.001232
EDO/BTC,1577480980825,2019-12-27T21:09:40.825Z,buy,2.8e-05,107.0,0.002996
EDO/BTC,1577480980835,2019-12-27T21:09:40.835Z,buy,2.8e-05,53.0,0.001484
EDO/BTC,1577480998822,2019-12-27T21:09:58.822Z,sell,2.8e-05,68.0,0.0019039999999999
EDO/BTC,1577480998822,2019-12-27T21:09:58.822Z,sell,2.799e-05,400.0,0.011196
EDO/BTC,1577481008991,2019-12-27T21:10:08.991Z,sell,2.799e-05,48.0,0.00134352
EDO/BTC,1577481041593,2019-12-27T21:10:41.593Z,buy,2.8e-05,6.0,0.000168
EDO/BTC,1577481051345,2019-12-27T21:10:51.345Z,sell,2.801e-05,34.0,0.00095234
EDO/BTC,1577481051345,2019-12-27T21:10:51.345Z,sell,2.8e-05,1095.0,0.03066
EDO/BTC,1577481163883,2019-12-27T21:12:43.883Z,sell,2.801e-05,347.0,0.00971947
EDO/BTC,1577481186566,2019-12-27T21:13:06.566Z,buy,2.802e-05,345.0,0.0096668999999999
EDO/BTC,1577481186566,2019-12-27T21:13:06.566Z,buy,2.802e-05,345.0,0.0096668999999999
EDO/BTC,1577481714629,2019-12-27T21:21:54.629Z,sell,2.8e-05,531.0,0.014868
EDO/BTC,1577481766441,2019-12-27T21:22:46.441Z,sell,2.801e-05,34.0,0.00095234
EDO/BTC,1577482190144,2019-12-27T21:29:50.144Z,buy,2.814e-05,1.0,2.814e-05
EDO/BTC,1577482346560,2019-12-27T21:32:26.560Z,sell,2.804e-05,250.0,0.00701
EDO/BTC,1577482555726,2019-12-27T21:35:55.726Z,buy,2.814e-05,214.0,0.00602196
EDO/BTC,1577482564956,2019-12-27T21:36:04.956Z,buy,2.816e-05,68.0,0.00191488
EDO/BTC,1577482564956,2019-12-27T21:36:04.956Z,buy,2.824e-05,37.0,0.00104488
EDO/BTC,1577482564956,2019-12-27T21:36:04.956Z,buy,2.83e-05,4.0,0.0001132
EDO/BTC,1577482564956,2019-12-27T21:36:04.956Z,buy,2.841e-05,13.0,0.00036933
EDO/BTC,1577482572276,2019-12-27T21:36:12.276Z,buy,2.837e-05,286.0,0.00811382
EDO/BTC,1577482572276,2019-12-27T21:36:12.276Z,buy,2.838e-05,419.0,0.01189122
EDO/BTC,1577482572282,2019-12-27T21:36:12.282Z,sell,2.838e-05,770.0,0.0218526
EDO/BTC,1577482589733,2019-12-27T21:36:29.733Z,buy,2.833e-05,368.0,0.01042544
EDO/BTC,1577482589733,2019-12-27T21:36:29.733Z,buy,2.834e-05,188.0,0.00532792
EDO/BTC,1577482589741,2019-12-27T21:36:29.741Z,sell,2.835e-05,708.0,0.0200718
EDO/BTC,1577482593064,2019-12-27T21:36:33.064Z,buy,2.833e-05,631.0,0.01787623
EDO/BTC,1577482593071,2019-12-27T21:36:33.071Z,sell,2.833e-05,1118.0,0.03167294
EDO/BTC,1577482594170,2019-12-27T21:36:34.170Z,buy,2.838e-05,102.0,0.00289476
EDO/BTC,1577482600402,2019-12-27T21:36:40.402Z,buy,2.835e-05,102.0,0.0028917
EDO/BTC,1577482603383,2019-12-27T21:36:43.383Z,sell,2.821e-05,37.0,0.00104377
EDO/BTC,1577482603383,2019-12-27T21:36:43.383Z,sell,2.82e-05,35.0,0.000987
EDO/BTC,1577482603383,2019-12-27T21:36:43.383Z,sell,2.817e-05,129.0,0.00363393
EDO/BTC,1577482637347,2019-12-27T21:37:17.347Z,buy,2.83e-05,37.0,0.0010471
EDO/BTC,1577482637367,2019-12-27T21:37:17.367Z,sell,2.83e-05,134.0,0.0037922
EDO/BTC,1577482637377,2019-12-27T21:37:17.377Z,sell,2.83e-05,620.0,0.017546
EDO/BTC,1577482637470,2019-12-27T21:37:17.470Z,sell,2.83e-05,432.0,0.0122256
EDO/BTC,1577482806093,2019-12-27T21:40:06.093Z,buy,2.835e-05,25.0,0.00070875
EDO/BTC,1577482827067,2019-12-27T21:40:27.067Z,buy,2.83e-05,4.0,0.0001132
EDO/BTC,1577482827067,2019-12-27T21:40:27.067Z,buy,2.835e-05,52.0,0.0014742
EDO/BTC,1577482954447,2019-12-27T21:42:34.447Z,buy,2.835e-05,2.0,5.67e-05
EDO/BTC,1577482954447,2019-12-27T21:42:34.447Z,buy,2.838e-05,98.0,0.00278124
EDO/BTC,1577483054736,2019-12-27T21:44:14.736Z,sell,2.834e-05,125.0,0.0035425
EDO/BTC,1577483056053,2019-12-27T21:44:16.053Z,sell,2.834e-05,86.0,0.00243724
EDO/BTC,1577483058357,2019-12-27T21:44:18.357Z,sell,2.834e-05,59.0,0.00167206
EDO/BTC,1577483059839,2019-12-27T21:44:19.839Z,sell,2.834e-05,41.0,0.00116194
EDO/BTC,1577483070677,2019-12-27T21:44:30.677Z,sell,2.834e-05,302.0,0.0085586799999999
EDO/BTC,1577483070692,2019-12-27T21:44:30.692Z,sell,2.834e-05,238.0,0.00674492
EDO/BTC,1577483070811,2019-12-27T21:44:30.811Z,sell,2.834e-05,178.0,0.00504452
EDO/BTC,1577483071963,2019-12-27T21:44:31.963Z,sell,2.834e-05,192.0,0.00544128
EDO/BTC,1577483076605,2019-12-27T21:44:36.605Z,sell,2.829e-05,36.0,0.00101844
EDO/BTC,1577483088613,2019-12-27T21:44:48.613Z,buy,2.838e-05,45.0,0.0012771
EDO/BTC,1577483211395,2019-12-27T21:46:51.395Z,sell,2.83e-05,91.0,0.0025753
EDO/BTC,1577483212902,2019-12-27T21:46:52.902Z,sell,2.83e-05,63.0,0.0017829
EDO/BTC,1577483213390,2019-12-27T21:46:53.390Z,sell,2.83e-05,35.0,0.0009905
EDO/BTC,1577483230670,2019-12-27T21:47:10.670Z,sell,2.83e-05,4.0,0.0001132
EDO/BTC,1577483347893,2019-12-27T21:49:07.893Z,sell,2.83e-05,250.0,0.007075
EDO/BTC,1577483432404,2019-12-27T21:50:32.404Z,sell,2.83e-05,4.0,0.0001132
EDO/BTC,1577483544493,2019-12-27T21:52:24.493Z,sell,2.83e-05,1747.0,0.0494401
EDO/BTC,1577483544504,2019-12-27T21:52:24.504Z,sell,2.83e-05,923.0,0.0261209
EDO/BTC,1577483545955,2019-12-27T21:52:25.955Z,sell,2.814e-05,4.0,0.00011256
EDO/BTC,1577483606078,2019-12-27T21:53:26.078Z,sell,2.819e-05,240.0,0.0067656
EDO/BTC,1577483606078,2019-12-27T21:53:26.078Z,sell,2.813e-05,37.0,0.00104081
EDO/BTC,1577483606078,2019-12-27T21:53:26.078Z,sell,2.812e-05,4.0,0.00011248
EDO/BTC,1577483606078,2019-12-27T21:53:26.078Z,sell,2.811e-05,45.0,0.00126495
EDO/BTC,1577484783313,2019-12-27T22:13:03.313Z,sell,2.811e-05,4.0,0.00011244
EDO/BTC,1577484783363,2019-12-27T22:13:03.363Z,buy,2.811e-05,7.0,0.00019677
EDO/BTC,1577484783363,2019-12-27T22:13:03.363Z,buy,2.811e-05,7.0,0.00019677
EDO/BTC,1577484813687,2019-12-27T22:13:33.687Z,sell,2.804e-05,39.0,0.00109356
EDO/BTC,1577484847656,2019-12-27T22:14:07.656Z,buy,2.81e-05,240.0,0.006744
EDO/BTC,1577484924463,2019-12-27T22:15:24.463Z,sell,2.808e-05,91.0,0.00255528
EDO/BTC,1577486301256,2019-12-27T22:38:21.256Z,sell,2.811e-05,772.0,0.02170092
EDO/BTC,1577486737958,2019-12-27T22:45:37.958Z,buy,2.818e-05,88.0,0.00247984
EDO/BTC,1577486921845,2019-12-27T22:48:41.845Z,buy,2.821e-05,4.0,0.00011284
EDO/BTC,1577486928660,2019-12-27T22:48:48.660Z,buy,2.822e-05,37.0,0.00104414
EDO/BTC,1577486928716,2019-12-27T22:48:48.716Z,sell,2.822e-05,44.0,0.00124168
EDO/BTC,1577486948017,2019-12-27T22:49:08.017Z,sell,2.822e-05,4.0,0.00011288
EDO/BTC,1577488160360,2019-12-27T23:09:20.360Z,sell,2.823e-05,220.0,0.0062106
EDO/BTC,1577488160380,2019-12-27T23:09:20.380Z,sell,2.822e-05,154.0,0.00434588
EDO/BTC,1577488161902,2019-12-27T23:09:21.902Z,sell,2.822e-05,106.0,0.00299132
EDO/BTC,1577488162254,2019-12-27T23:09:22.254Z,sell,2.822e-05,6.0,0.00016932
EDO/BTC,1577488163912,2019-12-27T23:09:23.912Z,sell,2.822e-05,77.0,0.00217294
EDO/BTC,1577488165718,2019-12-27T23:09:25.718Z,sell,2.822e-05,53.0,0.00149566
EDO/BTC,1577488168704,2019-12-27T23:09:28.704Z,sell,2.822e-05,36.0,0.00101592
EDO/BTC,1577488181774,2019-12-27T23:09:41.774Z,sell,2.822e-05,61.0,0.00172142
EDO/BTC,1577488181782,2019-12-27T23:09:41.782Z,sell,2.822e-05,12.0,0.00033864
EDO/BTC,1577488181782,2019-12-27T23:09:41.782Z,sell,2.822e-05,12.0,0.00033864
EDO/BTC,1577491091183,2019-12-27T23:58:11.183Z,sell,2.802e-05,36.0,0.00100872
EDO/BTC,1577491091183,2019-12-27T23:58:11.183Z,sell,2.802e-05,36.0,0.00100872
EDO/BTC,1577492549113,2019-12-28T00:22:29.113Z,buy,2.829e-05,36.0,0.00101844
EDO/BTC,1577492549113,2019-12-28T00:22:29.113Z,buy,2.83e-05,384.0,0.0108672
EDO/BTC,1577492549160,2019-12-28T00:22:29.160Z,buy,2.83e-05,250.0,0.007075
EDO/BTC,1577492595028,2019-12-28T00:23:15.028Z,buy,2.84e-05,123.0,0.0034931999999999
EDO/BTC,1577492595035,2019-12-28T00:23:15.035Z,buy,2.84e-05,250.0,0.0070999999999999
EDO/BTC,1577492679932,2019-12-28T00:24:39.932Z,sell,2.827e-05,7.0,0.00019789
EDO/BTC,1577492744318,2019-12-28T00:25:44.318Z,sell,2.823e-05,7.0,0.00019761
EDO/BTC,1577492751550,2019-12-28T00:25:51.550Z,buy,2.833e-05,4.0,0.00011332
EDO/BTC,1577494564452,2019-12-28T00:56:04.452Z,sell,2.819e-05,4.0,0.00011276
EDO/BTC,1577494564452,2019-12-28T00:56:04.452Z,sell,2.819e-05,4.0,0.00011276
EDO/BTC,1577494923848,2019-12-28T01:02:03.848Z,sell,2.823e-05,4.0,0.00011292
EDO/BTC,1577494923848,2019-12-28T01:02:03.848Z,sell,2.822e-05,18076.0,0.5101047200000001
EDO/BTC,1577494923862,2019-12-28T01:02:03.862Z,sell,2.821e-05,4.0,0.00011284
EDO/BTC,1577494923862,2019-12-28T01:02:03.862Z,sell,2.82e-05,4.0,0.0001128
EDO/BTC,1577494923862,2019-12-28T01:02:03.862Z,sell,2.819e-05,4.0,0.00011276
EDO/BTC,1577494976597,2019-12-28T01:02:56.597Z,sell,2.82e-05,205.0,0.005781
EDO/BTC,1577494994804,2019-12-28T01:03:14.804Z,sell,2.818e-05,214.0,0.00603052
EDO/BTC,1577495583960,2019-12-28T01:13:03.960Z,sell,2.812e-05,4.0,0.00011248
EDO/BTC,1577495591662,2019-12-28T01:13:11.662Z,sell,2.802e-05,67.0,0.00187734
EDO/BTC,1577495599049,2019-12-28T01:13:19.049Z,sell,2.806e-05,183.0,0.00513498
EDO/BTC,1577495848042,2019-12-28T01:17:28.042Z,sell,2.806e-05,4.0,0.00011224
EDO/BTC,1577495848042,2019-12-28T01:17:28.042Z,sell,2.798e-05,242.0,0.00677116
EDO/BTC,1577495848042,2019-12-28T01:17:28.042Z,sell,2.797e-05,232.0,0.00648904
EDO/BTC,1577495852675,2019-12-28T01:17:32.675Z,buy,2.821e-05,250.0,0.0070525
EDO/BTC,1577495852724,2019-12-28T01:17:32.724Z,buy,2.821e-05,20.0,0.0005641999999999
EDO/BTC,1577497038493,2019-12-28T01:37:18.493Z,sell,2.797e-05,300.0,0.008391
EDO/BTC,1577497292693,2019-12-28T01:41:32.693Z,sell,2.798e-05,13.0,0.00036374
EDO/BTC,1577497292693,2019-12-28T01:41:32.693Z,sell,2.798e-05,13.0,0.00036374
EDO/BTC,1577500145571,2019-12-28T02:29:05.571Z,sell,2.798e-05,4.0,0.00011192
EDO/BTC,1577500145571,2019-12-28T02:29:05.571Z,sell,2.797e-05,21.0,0.00058737
EDO/BTC,1577500145571,2019-12-28T02:29:05.571Z,sell,2.794e-05,41.0,0.00114554
EDO/BTC,1577500145571,2019-12-28T02:29:05.571Z,sell,2.782e-05,132.0,0.00367224
EDO/BTC,1577500173460,2019-12-28T02:29:33.460Z,buy,2.802e-05,37.0,0.00103674
EDO/BTC,1577500173460,2019-12-28T02:29:33.460Z,buy,2.802e-05,37.0,0.00103674
EDO/BTC,1577502003141,2019-12-28T03:00:03.141Z,buy,2.799e-05,132.0,0.00369468
EDO/BTC,1577502003141,2019-12-28T03:00:03.141Z,buy,2.8e-05,205.0,0.00574
EDO/BTC,1577502003141,2019-12-28T03:00:03.141Z,buy,2.801e-05,163.0,0.00456563
EDO/BTC,1577502006819,2019-12-28T03:00:06.819Z,buy,2.811e-05,196.0,0.00550956
EDO/BTC,1577502006819,2019-12-28T03:00:06.819Z,buy,2.812e-05,4.0,0.00011248
EDO/BTC,1577502006819,2019-12-28T03:00:06.819Z,buy,2.822e-05,300.0,0.008466
EDO/BTC,1577502009764,2019-12-28T03:00:09.764Z,buy,2.812e-05,650.0,0.018278
EDO/BTC,1577502009764,2019-12-28T03:00:09.764Z,buy,2.822e-05,150.0,0.004233
EDO/BTC,1577502011522,2019-12-28T03:00:11.522Z,buy,2.822e-05,592.0,0.01670624
EDO/BTC,1577502011522,2019-12-28T03:00:11.522Z,buy,2.823e-05,129.0,0.00364167
EDO/BTC,1577502011522,2019-12-28T03:00:11.522Z,buy,2.826e-05,37.0,0.00104562
EDO/BTC,1577502011522,2019-12-28T03:00:11.522Z,buy,2.828e-05,4.0,0.00011312
EDO/BTC,1577502011522,2019-12-28T03:00:11.522Z,buy,2.83e-05,4.0,0.0001132
EDO/BTC,1577502011522,2019-12-28T03:00:11.522Z,buy,2.833e-05,3.0,8.499000000000001e-05
EDO/BTC,1577502011522,2019-12-28T03:00:11.522Z,buy,2.835e-05,7.0,0.00019845
EDO/BTC,1577502011522,2019-12-28T03:00:11.522Z,buy,2.839e-05,24.0,0.00068136
EDO/BTC,1577502014382,2019-12-28T03:00:14.382Z,buy,2.835e-05,563.0,0.01596105
EDO/BTC,1577502014382,2019-12-28T03:00:14.382Z,buy,2.836e-05,237.0,0.00672132
EDO/BTC,1577502016091,2019-12-28T03:00:16.091Z,buy,2.835e-05,375.0,0.01063125
EDO/BTC,1577502016091,2019-12-28T03:00:16.091Z,buy,2.837e-05,262.0,0.00743294
EDO/BTC,1577502016091,2019-12-28T03:00:16.091Z,buy,2.84e-05,163.0,0.0046292
EDO/BTC,1577502017770,2019-12-28T03:00:17.770Z,buy,2.836e-05,250.0,0.00709
EDO/BTC,1577502017770,2019-12-28T03:00:17.770Z,buy,2.84e-05,437.0,0.0124108
EDO/BTC,1577502017770,2019-12-28T03:00:17.770Z,buy,2.841e-05,113.0,0.00321033
EDO/BTC,1577502019252,2019-12-28T03:00:19.252Z,sell,2.818e-05,248.0,0.00698864
EDO/BTC,1577502019268,2019-12-28T03:00:19.268Z,sell,2.816e-05,140.0,0.0039424
EDO/BTC,1577502019591,2019-12-28T03:00:19.591Z,buy,2.84e-05,166.0,0.0047144
EDO/BTC,1577502019591,2019-12-28T03:00:19.591Z,buy,2.841e-05,487.0,0.01383567
EDO/BTC,1577502019591,2019-12-28T03:00:19.591Z,buy,2.842e-05,147.0,0.00417774
EDO/BTC,1577502022412,2019-12-28T03:00:22.412Z,buy,2.836e-05,158.0,0.00448088
EDO/BTC,1577502022412,2019-12-28T03:00:22.412Z,buy,2.84e-05,158.0,0.0044872
EDO/BTC,1577502022412,2019-12-28T03:00:22.412Z,buy,2.842e-05,484.0,0.01375528
EDO/BTC,1577502024405,2019-12-28T03:00:24.405Z,buy,2.835e-05,248.0,0.0070308
EDO/BTC,1577502024405,2019-12-28T03:00:24.405Z,buy,2.836e-05,158.0,0.00448088
EDO/BTC,1577502024405,2019-12-28T03:00:24.405Z,buy,2.842e-05,276.0,0.0078439199999999
EDO/BTC,1577502024405,2019-12-28T03:00:24.405Z,buy,2.843e-05,118.0,0.00335474
EDO/BTC,1577502025858,2019-12-28T03:00:25.858Z,buy,2.841e-05,373.0,0.01059693
EDO/BTC,1577502025858,2019-12-28T03:00:25.858Z,buy,2.843e-05,427.0,0.01213961
EDO/BTC,1577502027866,2019-12-28T03:00:27.866Z,buy,2.839e-05,452.0,0.01283228
EDO/BTC,1577502027866,2019-12-28T03:00:27.866Z,buy,2.843e-05,348.0,0.00989364
EDO/BTC,1577502029837,2019-12-28T03:00:29.837Z,buy,2.843e-05,800.0,0.022744
EDO/BTC,1577502031911,2019-12-28T03:00:31.911Z,buy,2.843e-05,800.0,0.022744
EDO/BTC,1577502033638,2019-12-28T03:00:33.638Z,buy,2.843e-05,800.0,0.022744
EDO/BTC,1577502034288,2019-12-28T03:00:34.288Z,sell,2.822e-05,37.0,0.00104414
EDO/BTC,1577502035253,2019-12-28T03:00:35.253Z,buy,2.84e-05,102.0,0.0028967999999999
EDO/BTC,1577502035253,2019-12-28T03:00:35.253Z,buy,2.841e-05,40.0,0.0011364
EDO/BTC,1577502035253,2019-12-28T03:00:35.253Z,buy,2.843e-05,658.0,0.01870694
EDO/BTC,1577502036787,2019-12-28T03:00:36.787Z,buy,2.843e-05,418.0,0.01188374
EDO/BTC,1577502036787,2019-12-28T03:00:36.787Z,buy,2.844e-05,382.0,0.01086408
EDO/BTC,1577502038349,2019-12-28T03:00:38.349Z,buy,2.844e-05,800.0,0.0227519999999999
EDO/BTC,1577502039837,2019-12-28T03:00:39.837Z,buy,2.844e-05,800.0,0.0227519999999999
EDO/BTC,1577502041382,2019-12-28T03:00:41.382Z,buy,2.844e-05,380.0,0.0108072
EDO/BTC,1577502041382,2019-12-28T03:00:41.382Z,buy,2.845e-05,420.0,0.011949
EDO/BTC,1577502042979,2019-12-28T03:00:42.979Z,buy,2.845e-05,800.0,0.02276
EDO/BTC,1577502044865,2019-12-28T03:00:44.865Z,buy,2.845e-05,800.0,0.02276
EDO/BTC,1577502047147,2019-12-28T03:00:47.147Z,buy,2.845e-05,800.0,0.02276
EDO/BTC,1577502048835,2019-12-28T03:00:48.835Z,buy,2.845e-05,800.0,0.02276
EDO/BTC,1577502050656,2019-12-28T03:00:50.656Z,buy,2.845e-05,544.0,0.0154768
EDO/BTC,1577502052726,2019-12-28T03:00:52.726Z,buy,2.844e-05,500.0,0.01422
EDO/BTC,1577502054326,2019-12-28T03:00:54.326Z,buy,2.844e-05,626.0,0.01780344
EDO/BTC,1577502054326,2019-12-28T03:00:54.326Z,buy,2.845e-05,174.0,0.0049503
EDO/BTC,1577502055993,2019-12-28T03:00:55.993Z,buy,2.845e-05,800.0,0.02276
EDO/BTC,1577502057383,2019-12-28T03:00:57.383Z,buy,2.844e-05,143.0,0.00406692
EDO/BTC,1577502057383,2019-12-28T03:00:57.383Z,buy,2.845e-05,648.0,0.0184356
EDO/BTC,1577502057383,2019-12-28T03:00:57.383Z,buy,2.846e-05,9.0,0.0002561399999999
EDO/BTC,1577502059558,2019-12-28T03:00:59.558Z,buy,2.846e-05,800.0,0.022768
EDO/BTC,1577502061778,2019-12-28T03:01:01.778Z,buy,2.846e-05,519.0,0.01477074
EDO/BTC,1577502061778,2019-12-28T03:01:01.778Z,buy,2.847e-05,1673.0,0.04763031
EDO/BTC,1577502061778,2019-12-28T03:01:01.778Z,buy,2.848e-05,1296.0,0.03691008
EDO/BTC,1577502061778,2019-12-28T03:01:01.778Z,buy,2.849e-05,1595.0,0.04544155
EDO/BTC,1577502061778,2019-12-28T03:01:01.778Z,buy,2.85e-05,3050.0,0.086925
EDO/BTC,1577502063129,2019-12-28T03:01:03.129Z,buy,2.83e-05,4.0,0.0001132
EDO/BTC,1577502064342,2019-12-28T03:01:04.342Z,buy,2.852e-05,25.0,0.000713
EDO/BTC,1577502064342,2019-12-28T03:01:04.342Z,buy,2.854e-05,136.0,0.00388144
EDO/BTC,1577502066149,2019-12-28T03:01:06.149Z,buy,2.85e-05,80.0,0.00228
EDO/BTC,1577502067439,2019-12-28T03:01:07.439Z,buy,2.85e-05,80.0,0.00228
EDO/BTC,1577502068349,2019-12-28T03:01:08.349Z,buy,2.85e-05,840.0,0.02394
EDO/BTC,1577502068349,2019-12-28T03:01:08.349Z,buy,2.854e-05,803.0,0.02291762
EDO/BTC,1577502068349,2019-12-28T03:01:08.349Z,buy,2.855e-05,299.0,0.00853645
EDO/BTC,1577502068349,2019-12-28T03:01:08.349Z,buy,2.857e-05,69.0,0.00197133
EDO/BTC,1577502068349,2019-12-28T03:01:08.349Z,buy,2.858e-05,35.0,0.0010003
EDO/BTC,1577502068349,2019-12-28T03:01:08.349Z,buy,2.859e-05,37.0,0.00105783
EDO/BTC,1577502068349,2019-12-28T03:01:08.349Z,buy,2.865e-05,29.0,0.00083085
EDO/BTC,1577502068349,2019-12-28T03:01:08.349Z,buy,2.871e-05,299.0,0.00858429
EDO/BTC,1577502068349,2019-12-28T03:01:08.349Z,buy,2.873e-05,248.0,0.00712504
EDO/BTC,1577502068349,2019-12-28T03:01:08.349Z,buy,2.875e-05,379.0,0.01089625
EDO/BTC,1577502068349,2019-12-28T03:01:08.349Z,buy,2.877e-05,40.0,0.0011508
EDO/BTC,1577502068349,2019-12-28T03:01:08.349Z,buy,2.878e-05,540.0,0.0155412
EDO/BTC,1577502068349,2019-12-28T03:01:08.349Z,buy,2.879e-05,92.0,0.00264868
EDO/BTC,1577502068349,2019-12-28T03:01:08.349Z,buy,2.881e-05,32821.0,0.94557301
EDO/BTC,1577502068365,2019-12-28T03:01:08.365Z,sell,2.881e-05,78.0,0.00224718
EDO/BTC,1577502068665,2019-12-28T03:01:08.665Z,buy,2.872e-05,6.0,0.00017232
EDO/BTC,1577502068735,2019-12-28T03:01:08.735Z,sell,2.848e-05,13.0,0.00037024
EDO/BTC,1577502068828,2019-12-28T03:01:08.828Z,buy,2.872e-05,186.0,0.00534192
EDO/BTC,1577502068923,2019-12-28T03:01:08.923Z,sell,2.85e-05,25.0,0.0007125
EDO/BTC,1577502068994,2019-12-28T03:01:08.994Z,sell,2.858e-05,73.0,0.00208634
EDO/BTC,1577502070009,2019-12-28T03:01:10.009Z,sell,2.848e-05,28.0,0.00079744
EDO/BTC,1577502071294,2019-12-28T03:01:11.294Z,sell,2.854e-05,60.0,0.0017124
EDO/BTC,1577502072924,2019-12-28T03:01:12.924Z,sell,2.858e-05,88.0,0.00251504
EDO/BTC,1577502075685,2019-12-28T03:01:15.685Z,buy,2.871e-05,39.0,0.00111969
EDO/BTC,1577502076036,2019-12-28T03:01:16.036Z,sell,2.858e-05,57.0,0.00162906
EDO/BTC,1577502076354,2019-12-28T03:01:16.354Z,buy,2.871e-05,36.0,0.00103356
EDO/BTC,1577502076354,2019-12-28T03:01:16.354Z,buy,2.872e-05,377.0,0.0108274399999999
EDO/BTC,1577502076354,2019-12-28T03:01:16.354Z,buy,2.875e-05,73.0,0.00209875
EDO/BTC,1577502076354,2019-12-28T03:01:16.354Z,buy,2.88e-05,13.0,0.0003744
EDO/BTC,1577502076354,2019-12-28T03:01:16.354Z,buy,2.882e-05,247.0,0.00711854
EDO/BTC,1577502076354,2019-12-28T03:01:16.354Z,buy,2.883e-05,4.0,0.00011532
EDO/BTC,1577502076354,2019-12-28T03:01:16.354Z,buy,2.884e-05,70.0,0.0020188
EDO/BTC,1577502076401,2019-12-28T03:01:16.401Z,sell,2.859e-05,76.0,0.00217284
EDO/BTC,1577502076416,2019-12-28T03:01:16.416Z,sell,2.859e-05,76.0,0.00217284
EDO/BTC,1577502076439,2019-12-28T03:01:16.439Z,sell,2.858e-05,250.0,0.007145
EDO/BTC,1577502076505,2019-12-28T03:01:16.505Z,sell,2.859e-05,33.0,0.00094347
EDO/BTC,1577502076507,2019-12-28T03:01:16.507Z,sell,2.859e-05,49.0,0.00140091
EDO/BTC,1577502076563,2019-12-28T03:01:16.563Z,sell,2.859e-05,7.0,0.00020013
EDO/BTC,1577502076563,2019-12-28T03:01:16.563Z,sell,2.858e-05,55.0,0.0015719
EDO/BTC,1577502076609,2019-12-28T03:01:16.609Z,sell,2.858e-05,50.0,0.001429
EDO/BTC,1577502076665,2019-12-28T03:01:16.665Z,sell,2.858e-05,61.0,0.00174338
EDO/BTC,1577502076709,2019-12-28T03:01:16.709Z,sell,2.858e-05,21.0,0.00060018
EDO/BTC,1577502076816,2019-12-28T03:01:16.816Z,sell,2.858e-05,58.0,0.00165764
EDO/BTC,1577502078427,2019-12-28T03:01:18.427Z,buy,2.882e-05,39.0,0.00112398
EDO/BTC,1577502078427,2019-12-28T03:01:18.427Z,buy,2.883e-05,742.0,0.02139186
EDO/BTC,1577502078427,2019-12-28T03:01:18.427Z,buy,2.884e-05,19.0,0.00054796
EDO/BTC,1577502079123,2019-12-28T03:01:19.123Z,sell,2.865e-05,4.0,0.0001146
EDO/BTC,1577502079123,2019-12-28T03:01:19.123Z,sell,2.859e-05,50.0,0.0014295
EDO/BTC,1577502080014,2019-12-28T03:01:20.014Z,buy,2.883e-05,50.0,0.0014415
EDO/BTC,1577502080014,2019-12-28T03:01:20.014Z,buy,2.884e-05,71.0,0.00204764
EDO/BTC,1577502080014,2019-12-28T03:01:20.014Z,buy,2.885e-05,679.0,0.01958915
EDO/BTC,1577502081278,2019-12-28T03:01:21.278Z,sell,2.861e-05,244.0,0.0069808399999999
EDO/BTC,1577502081278,2019-12-28T03:01:21.278Z,sell,2.86e-05,37.0,0.0010582
EDO/BTC,1577502081278,2019-12-28T03:01:21.278Z,sell,2.858e-05,1493.0,0.04266994
EDO/BTC,1577502081278,2019-12-28T03:01:21.278Z,sell,2.855e-05,619.0,0.01767245
EDO/BTC,1577502081278,2019-12-28T03:01:21.278Z,sell,2.853e-05,1749.0,0.04989897
EDO/BTC,1577502081278,2019-12-28T03:01:21.278Z,sell,2.847e-05,4.0,0.00011388
EDO/BTC,1577502081278,2019-12-28T03:01:21.278Z,sell,2.843e-05,14.0,0.00039802
EDO/BTC,1577502081278,2019-12-28T03:01:21.278Z,sell,2.842e-05,17.0,0.0004831399999999
EDO/BTC,1577502081278,2019-12-28T03:01:21.278Z,sell,2.84e-05,21.0,0.0005964
EDO/BTC,1577502081305,2019-12-28T03:01:21.305Z,buy,2.869e-05,1.0,2.869e-05
EDO/BTC,1577502081434,2019-12-28T03:01:21.434Z,buy,2.869e-05,17.0,0.00048773
EDO/BTC,1577502081901,2019-12-28T03:01:21.901Z,buy,2.868e-05,244.0,0.00699792
EDO/BTC,1577502081901,2019-12-28T03:01:21.901Z,buy,2.869e-05,19.0,0.00054511
EDO/BTC,1577502081901,2019-12-28T03:01:21.901Z,buy,2.881e-05,216.0,0.00622296
EDO/BTC,1577502081901,2019-12-28T03:01:21.901Z,buy,2.882e-05,66.0,0.00190212
EDO/BTC,1577502082565,2019-12-28T03:01:22.565Z,sell,2.845e-05,36.0,0.0010242
EDO/BTC,1577502082707,2019-12-28T03:01:22.707Z,buy,2.854e-05,11.0,0.00031394
EDO/BTC,1577502083619,2019-12-28T03:01:23.619Z,buy,2.854e-05,25.0,0.0007135
EDO/BTC,1577502083619,2019-12-28T03:01:23.619Z,buy,2.865e-05,4.0,0.0001146
EDO/BTC,1577502083619,2019-12-28T03:01:23.619Z,buy,2.881e-05,216.0,0.00622296
EDO/BTC,1577502083619,2019-12-28T03:01:23.619Z,buy,2.882e-05,77.0,0.00221914
EDO/BTC,1577502083619,2019-12-28T03:01:23.619Z,buy,2.883e-05,21.0,0.00060543
EDO/BTC,1577502083619,2019-12-28T03:01:23.619Z,buy,2.884e-05,236.0,0.00680624
EDO/BTC,1577502083619,2019-12-28T03:01:23.619Z,buy,2.885e-05,176.0,0.0050776
EDO/BTC,1577502085591,2019-12-28T03:01:25.591Z,buy,2.88e-05,868.0,0.0249984
EDO/BTC,1577502087364,2019-12-28T03:01:27.364Z,buy,2.88e-05,477.0,0.0137375999999999
EDO/BTC,1577502088820,2019-12-28T03:01:28.820Z,buy,2.88e-05,404.0,0.0116352
EDO/BTC,1577502088820,2019-12-28T03:01:28.820Z,buy,2.882e-05,129.0,0.00371778
EDO/BTC,1577502089258,2019-12-28T03:01:29.258Z,buy,2.882e-05,868.0,0.0250157599999999
EDO/BTC,1577502090677,2019-12-28T03:01:30.677Z,buy,2.882e-05,266.0,0.0076661199999999
EDO/BTC,1577502091306,2019-12-28T03:01:31.306Z,buy,2.882e-05,870.0,0.0250734
EDO/BTC,1577502091306,2019-12-28T03:01:31.306Z,buy,2.885e-05,679.0,0.01958915
EDO/BTC,1577502091306,2019-12-28T03:01:31.306Z,buy,2.886e-05,731.0,0.02109666
EDO/BTC,1577502091306,2019-12-28T03:01:31.306Z,buy,2.888e-05,9.0,0.00025992
EDO/BTC,1577502091306,2019-12-28T03:01:31.306Z,buy,2.889e-05,378.0,0.01092042
EDO/BTC,1577502091306,2019-12-28T03:01:31.306Z,buy,2.891e-05,37.0,0.00106967
EDO/BTC,1577502091306,2019-12-28T03:01:31.306Z,buy,2.892e-05,26.0,0.00075192
EDO/BTC,1577502091306,2019-12-28T03:01:31.306Z,buy,2.894e-05,923.0,0.02671162
EDO/BTC,1577502091306,2019-12-28T03:01:31.306Z,buy,2.896e-05,1902.0,0.05508192
EDO/BTC,1577502091866,2019-12-28T03:01:31.866Z,buy,2.88e-05,86.0,0.0024768
EDO/BTC,1577502092648,2019-12-28T03:01:32.648Z,buy,2.88e-05,60.0,0.001728
EDO/BTC,1577502093041,2019-12-28T03:01:33.041Z,buy,2.88e-05,133.0,0.0038304
EDO/BTC,1577502093818,2019-12-28T03:01:33.818Z,sell,2.866e-05,37.0,0.00106042
EDO/BTC,1577502093818,2019-12-28T03:01:33.818Z,sell,2.865e-05,4.0,0.0001146
EDO/BTC,1577502093818,2019-12-28T03:01:33.818Z,sell,2.862e-05,191.0,0.00546642
EDO/BTC,1577502094129,2019-12-28T03:01:34.129Z,buy,2.875e-05,37.0,0.00106375
EDO/BTC,1577502094129,2019-12-28T03:01:34.129Z,buy,2.88e-05,517.0,0.0148896
EDO/BTC,1577502094707,2019-12-28T03:01:34.707Z,buy,2.879e-05,67.0,0.00192893
EDO/BTC,1577502096013,2019-12-28T03:01:36.013Z,buy,2.879e-05,68.0,0.00195772
EDO/BTC,1577502096091,2019-12-28T03:01:36.091Z,buy,2.879e-05,60.0,0.0017274
EDO/BTC,1577502096091,2019-12-28T03:01:36.091Z,buy,2.88e-05,808.0,0.0232704
EDO/BTC,1577502096633,2019-12-28T03:01:36.633Z,sell,2.862e-05,77.0,0.00220374
EDO/BTC,1577502096679,2019-12-28T03:01:36.679Z,buy,2.862e-05,280.0,0.0080136
EDO/BTC,1577502096695,2019-12-28T03:01:36.695Z,sell,2.861e-05,247.0,0.00706667
EDO/BTC,1577502097145,2019-12-28T03:01:37.145Z,sell,2.86e-05,37.0,0.0010582
EDO/BTC,1577502097145,2019-12-28T03:01:37.145Z,sell,2.859e-05,37.0,0.00105783
EDO/BTC,1577502097145,2019-12-28T03:01:37.145Z,sell,2.855e-05,17.0,0.00048535
EDO/BTC,1577502097145,2019-12-28T03:01:37.145Z,sell,2.852e-05,46.0,0.00131192
EDO/BTC,1577502097661,2019-12-28T03:01:37.661Z,buy,2.869e-05,37.0,0.00106153
EDO/BTC,1577502097661,2019-12-28T03:01:37.661Z,buy,2.878e-05,77.0,0.0022160599999999
EDO/BTC,1577502097661,2019-12-28T03:01:37.661Z,buy,2.879e-05,247.0,0.00711113
EDO/BTC,1577502097661,2019-12-28T03:01:37.661Z,buy,2.88e-05,426.0,0.0122688
EDO/BTC,1577502098032,2019-12-28T03:01:38.032Z,sell,2.854e-05,56.0,0.00159824
EDO/BTC,1577502098047,2019-12-28T03:01:38.047Z,buy,2.879e-05,56.0,0.00161224
EDO/BTC,1577502098047,2019-12-28T03:01:38.047Z,buy,2.88e-05,172.0,0.0049536
EDO/BTC,1577502098447,2019-12-28T03:01:38.447Z,sell,2.856e-05,152.0,0.00434112
EDO/BTC,1577502098447,2019-12-28T03:01:38.447Z,sell,2.855e-05,8.0,0.0002284
EDO/BTC,1577502099515,2019-12-28T03:01:39.515Z,buy,2.878e-05,8.0,0.00023024
EDO/BTC,1577502099515,2019-12-28T03:01:39.515Z,buy,2.879e-05,169.0,0.00486551
EDO/BTC,1577502099515,2019-12-28T03:01:39.515Z,buy,2.88e-05,691.0,0.0199008
EDO/BTC,1577502101431,2019-12-28T03:01:41.431Z,buy,2.88e-05,888.0,0.0255743999999999
EDO/BTC,1577502101829,2019-12-28T03:01:41.829Z,buy,2.88e-05,5289.0,0.1523232
EDO/BTC,1577502103250,2019-12-28T03:01:43.250Z,buy,2.88e-05,455.0,0.013104
EDO/BTC,1577502105670,2019-12-28T03:01:45.670Z,buy,2.88e-05,506.0,0.0145727999999999
EDO/BTC,1577502105670,2019-12-28T03:01:45.670Z,buy,2.883e-05,4.0,0.00011532
EDO/BTC,1577502105670,2019-12-28T03:01:45.670Z,buy,2.896e-05,266.0,0.00770336
EDO/BTC,1577502107666,2019-12-28T03:01:47.666Z,sell,2.869e-05,70.0,0.0020083
EDO/BTC,1577502108967,2019-12-28T03:01:48.967Z,buy,2.885e-05,342.0,0.0098667
EDO/BTC,1577502108967,2019-12-28T03:01:48.967Z,buy,2.896e-05,122.0,0.00353312
EDO/BTC,1577502110375,2019-12-28T03:01:50.375Z,buy,2.896e-05,777.0,0.02250192
EDO/BTC,1577502111004,2019-12-28T03:01:51.004Z,buy,2.896e-05,1.0,2.896e-05
EDO/BTC,1577502111864,2019-12-28T03:01:51.864Z,buy,2.895e-05,5.0,0.00014475
EDO/BTC,1577502111864,2019-12-28T03:01:51.864Z,buy,2.896e-05,429.0,0.01242384
EDO/BTC,1577502113242,2019-12-28T03:01:53.242Z,sell,2.87e-05,55.0,0.0015785
EDO/BTC,1577502113943,2019-12-28T03:01:53.943Z,sell,2.87e-05,13.0,0.0003731
EDO/BTC,1577502114972,2019-12-28T03:01:54.972Z,buy,2.895e-05,68.0,0.0019686
EDO/BTC,1577502114972,2019-12-28T03:01:54.972Z,buy,2.896e-05,1445.0,0.0418472
EDO/BTC,1577502114972,2019-12-28T03:01:54.972Z,buy,2.897e-05,6.0,0.0001738199999999
EDO/BTC,1577502114972,2019-12-28T03:01:54.972Z,buy,2.898e-05,10.0,0.0002898
EDO/BTC,1577502114972,2019-12-28T03:01:54.972Z,buy,2.899e-05,298.0,0.0086390199999999
EDO/BTC,1577502114972,2019-12-28T03:01:54.972Z,buy,2.9e-05,40426.0,1.172354
EDO/BTC,1577502115264,2019-12-28T03:01:55.264Z,buy,2.9e-05,70.0,0.00203
EDO/BTC,1577502115264,2019-12-28T03:01:55.264Z,buy,2.902e-05,693.0,0.02011086
EDO/BTC,1577502115264,2019-12-28T03:01:55.264Z,buy,2.905e-05,37.0,0.00107485
EDO/BTC,1577502115348,2019-12-28T03:01:55.348Z,buy,2.905e-05,6.0,0.0001743
EDO/BTC,1577502116343,2019-12-28T03:01:56.343Z,buy,2.905e-05,10.0,0.0002905
EDO/BTC,1577502116390,2019-12-28T03:01:56.390Z,buy,2.905e-05,378.0,0.0109809
EDO/BTC,1577502116390,2019-12-28T03:01:56.390Z,buy,2.906e-05,25.0,0.0007265
EDO/BTC,1577502116390,2019-12-28T03:01:56.390Z,buy,2.907e-05,6.0,0.00017442
EDO/BTC,1577502116390,2019-12-28T03:01:56.390Z,buy,2.91e-05,11.0,0.0003201
EDO/BTC,1577502116409,2019-12-28T03:01:56.409Z,sell,2.917e-05,156.0,0.00455052
EDO/BTC,1577502116444,2019-12-28T03:01:56.444Z,sell,2.917e-05,17.0,0.00049589
EDO/BTC,1577502116576,2019-12-28T03:01:56.576Z,sell,2.917e-05,289.0,0.00843013
EDO/BTC,1577502116614,2019-12-28T03:01:56.614Z,sell,2.917e-05,60.0,0.0017502
EDO/BTC,1577502116862,2019-12-28T03:01:56.862Z,sell,2.917e-05,69.0,0.00201273
EDO/BTC,1577502116970,2019-12-28T03:01:56.970Z,buy,2.918e-05,4.0,0.00011672
EDO/BTC,1577502116970,2019-12-28T03:01:56.970Z,buy,2.919e-05,29.0,0.00084651
EDO/BTC,1577502116970,2019-12-28T03:01:56.970Z,buy,2.92e-05,6.0,0.0001752
EDO/BTC,1577502116970,2019-12-28T03:01:56.970Z,buy,2.924e-05,37.0,0.00108188
EDO/BTC,1577502116970,2019-12-28T03:01:56.970Z,buy,2.926e-05,133.0,0.00389158
EDO/BTC,1577502116970,2019-12-28T03:01:56.970Z,buy,2.929e-05,182.0,0.00533078
EDO/BTC,1577502117045,2019-12-28T03:01:57.045Z,sell,2.917e-05,162.0,0.00472554
EDO/BTC,1577502117142,2019-12-28T03:01:57.142Z,sell,2.918e-05,188.0,0.00548584
EDO/BTC,1577502117142,2019-12-28T03:01:57.142Z,sell,2.917e-05,498.0,0.01452666
EDO/BTC,1577502117151,2019-12-28T03:01:57.151Z,sell,2.917e-05,96.0,0.00280032
EDO/BTC,1577502117789,2019-12-28T03:01:57.789Z,sell,2.918e-05,68.0,0.00198424
EDO/BTC,1577502117798,2019-12-28T03:01:57.798Z,buy,2.929e-05,38.0,0.00111302
EDO/BTC,1577502117798,2019-12-28T03:01:57.798Z,buy,2.932e-05,14.0,0.00041048
EDO/BTC,1577502117837,2019-12-28T03:01:57.837Z,sell,2.917e-05,17.0,0.00049589
EDO/BTC,1577502118124,2019-12-28T03:01:58.124Z,sell,2.917e-05,51.0,0.00148767
EDO/BTC,1577502118229,2019-12-28T03:01:58.229Z,buy,2.928e-05,68.0,0.00199104
EDO/BTC,1577502118229,2019-12-28T03:01:58.229Z,buy,2.932e-05,11.0,0.00032252
EDO/BTC,1577502118229,2019-12-28T03:01:58.229Z,buy,2.933e-05,44.0,0.0012905199999999
EDO/BTC,1577502118229,2019-12-28T03:01:58.229Z,buy,2.934e-05,4.0,0.00011736
EDO/BTC,1577502118229,2019-12-28T03:01:58.229Z,buy,2.936e-05,4.0,0.00011744
EDO/BTC,1577502118233,2019-12-28T03:01:58.233Z,buy,2.94e-05,50.0,0.00147
EDO/BTC,1577502118233,2019-12-28T03:01:58.233Z,buy,2.946e-05,25.0,0.0007365
EDO/BTC,1577502118233,2019-12-28T03:01:58.233Z,buy,2.949e-05,110.0,0.0032439
EDO/BTC,1577502118244,2019-12-28T03:01:58.244Z,sell,2.937e-05,11.0,0.0003230699999999
EDO/BTC,1577502118612,2019-12-28T03:01:58.612Z,sell,2.937e-05,261.0,0.0076655699999999
EDO/BTC,1577502118753,2019-12-28T03:01:58.753Z,buy,2.949e-05,193.0,0.00569157
EDO/BTC,1577502118785,2019-12-28T03:01:58.785Z,sell,2.937e-05,68.0,0.00199716
EDO/BTC,1577502119903,2019-12-28T03:01:59.903Z,buy,2.95e-05,190.0,0.005605
EDO/BTC,1577502121590,2019-12-28T03:02:01.590Z,sell,2.939e-05,7.0,0.00020573
EDO/BTC,1577502121590,2019-12-28T03:02:01.590Z,sell,2.938e-05,221.0,0.00649298
EDO/BTC,1577502121903,2019-12-28T03:02:01.903Z,sell,2.938e-05,4.0,0.00011752
EDO/BTC,1577502122721,2019-12-28T03:02:02.721Z,buy,2.949e-05,22.0,0.00064878
EDO/BTC,1577502122840,2019-12-28T03:02:02.840Z,sell,2.938e-05,57.0,0.00167466
EDO/BTC,1577502125397,2019-12-28T03:02:05.397Z,buy,2.948e-05,17.0,0.00050116
EDO/BTC,1577502125397,2019-12-28T03:02:05.397Z,buy,2.949e-05,203.0,0.00598647
EDO/BTC,1577502125397,2019-12-28T03:02:05.397Z,buy,2.95e-05,191.0,0.0056345
EDO/BTC,1577502125397,2019-12-28T03:02:05.397Z,buy,2.952e-05,2682.0,0.07917264
EDO/BTC,1577502125397,2019-12-28T03:02:05.397Z,buy,2.953e-05,319.0,0.00942007
EDO/BTC,1577502125397,2019-12-28T03:02:05.397Z,buy,2.954e-05,2496.0,0.0737318399999999
EDO/BTC,1577502125397,2019-12-28T03:02:05.397Z,buy,2.956e-05,37.0,0.00109372
EDO/BTC,1577502125397,2019-12-28T03:02:05.397Z,buy,2.959e-05,25.0,0.00073975
EDO/BTC,1577502125397,2019-12-28T03:02:05.397Z,buy,2.96e-05,58223.0,1.7234008
EDO/BTC,1577502125484,2019-12-28T03:02:05.484Z,buy,2.958e-05,184.0,0.00544272
EDO/BTC,1577502125490,2019-12-28T03:02:05.490Z,buy,2.958e-05,184.0,0.00544272
EDO/BTC,1577502125531,2019-12-28T03:02:05.531Z,buy,2.96e-05,184.0,0.0054464
EDO/BTC,1577502125538,2019-12-28T03:02:05.538Z,buy,2.96e-05,184.0,0.0054464
EDO/BTC,1577502125636,2019-12-28T03:02:05.636Z,buy,2.96e-05,184.0,0.0054464
EDO/BTC,1577502125639,2019-12-28T03:02:05.639Z,buy,2.96e-05,184.0,0.0054464
EDO/BTC,1577502125672,2019-12-28T03:02:05.672Z,buy,2.96e-05,184.0,0.0054464
EDO/BTC,1577502125872,2019-12-28T03:02:05.872Z,sell,2.94e-05,37.0,0.0010878
EDO/BTC,1577502126126,2019-12-28T03:02:06.126Z,sell,2.94e-05,850.0,0.02499
EDO/BTC,1577502126126,2019-12-28T03:02:06.126Z,sell,2.939e-05,37.0,0.00108743
EDO/BTC,1577502126126,2019-12-28T03:02:06.126Z,sell,2.938e-05,242.0,0.00710996
EDO/BTC,1577502126126,2019-12-28T03:02:06.126Z,sell,2.937e-05,706.0,0.02073522
EDO/BTC,1577502126595,2019-12-28T03:02:06.595Z,buy,2.948e-05,37.0,0.0010907599999999
EDO/BTC,1577502126595,2019-12-28T03:02:06.595Z,buy,2.959e-05,18.0,0.00053262
EDO/BTC,1577502126654,2019-12-28T03:02:06.654Z,sell,2.94e-05,86.0,0.0025284
EDO/BTC,1577502126770,2019-12-28T03:02:06.770Z,buy,2.959e-05,224.0,0.00662816
EDO/BTC,1577502126770,2019-12-28T03:02:06.770Z,buy,2.96e-05,3142.0,0.0930032
EDO/BTC,1577502133137,2019-12-28T03:02:13.137Z,buy,2.951e-05,736.0,0.02171936
EDO/BTC,1577502133137,2019-12-28T03:02:13.137Z,buy,2.96e-05,654.0,0.0193584
EDO/BTC,1577502133218,2019-12-28T03:02:13.218Z,buy,2.96e-05,877.0,0.0259592
EDO/BTC,1577502133314,2019-12-28T03:02:13.314Z,buy,2.96e-05,776.0,0.0229696
EDO/BTC,1577502135106,2019-12-28T03:02:15.106Z,buy,2.958e-05,388.0,0.01147704
EDO/BTC,1577502135591,2019-12-28T03:02:15.591Z,buy,2.958e-05,144.0,0.00425952
EDO/BTC,1577502135591,2019-12-28T03:02:15.591Z,buy,2.96e-05,503.0,0.0148888
EDO/BTC,1577502135591,2019-12-28T03:02:15.591Z,buy,2.961e-05,221.0,0.00654381
EDO/BTC,1577502136958,2019-12-28T03:02:16.958Z,buy,2.961e-05,194.0,0.00574434
EDO/BTC,1577502137098,2019-12-28T03:02:17.098Z,buy,2.961e-05,447.0,0.01323567
EDO/BTC,1577502138708,2019-12-28T03:02:18.708Z,buy,2.961e-05,504.0,0.01492344
EDO/BTC,1577502138708,2019-12-28T03:02:18.708Z,buy,2.966e-05,184.0,0.00545744
EDO/BTC,1577502138888,2019-12-28T03:02:18.888Z,buy,2.966e-05,97.0,0.00287702
EDO/BTC,1577502138946,2019-12-28T03:02:18.946Z,sell,2.946e-05,17.0,0.00050082
EDO/BTC,1577502140428,2019-12-28T03:02:20.428Z,buy,2.955e-05,17.0,0.00050235
EDO/BTC,1577502140428,2019-12-28T03:02:20.428Z,buy,2.966e-05,537.0,0.01592742
EDO/BTC,1577502140891,2019-12-28T03:02:20.891Z,buy,2.967e-05,49.0,0.00145383
EDO/BTC,1577502142107,2019-12-28T03:02:22.107Z,buy,2.967e-05,868.0,0.0257535599999999
EDO/BTC,1577502142440,2019-12-28T03:02:22.440Z,buy,2.967e-05,48.0,0.0014241599999999
EDO/BTC,1577502143793,2019-12-28T03:02:23.793Z,buy,2.967e-05,877.0,0.02602059
EDO/BTC,1577502144204,2019-12-28T03:02:24.204Z,sell,2.949e-05,283.0,0.00834567
EDO/BTC,1577502144318,2019-12-28T03:02:24.318Z,sell,2.949e-05,154.0,0.00454146
EDO/BTC,1577502145372,2019-12-28T03:02:25.372Z,sell,2.95e-05,42.0,0.0012389999999999
EDO/BTC,1577502145969,2019-12-28T03:02:25.969Z,buy,2.966e-05,145.0,0.0043007
EDO/BTC,1577502145969,2019-12-28T03:02:25.969Z,buy,2.967e-05,643.0,0.01907781
EDO/BTC,1577502147015,2019-12-28T03:02:27.015Z,buy,2.966e-05,159.0,0.00471594
EDO/BTC,1577502147015,2019-12-28T03:02:27.015Z,buy,2.967e-05,62.0,0.00183954
EDO/BTC,1577502147067,2019-12-28T03:02:27.067Z,buy,2.967e-05,55.0,0.00163185
EDO/BTC,1577502147726,2019-12-28T03:02:27.726Z,buy,2.967e-05,44.0,0.00130548
EDO/BTC,1577502149229,2019-12-28T03:02:29.229Z,buy,2.967e-05,567.0,0.01682289
EDO/BTC,1577502150528,2019-12-28T03:02:30.528Z,buy,2.967e-05,59.0,0.00175053
EDO/BTC,1577502150906,2019-12-28T03:02:30.906Z,buy,2.967e-05,98.0,0.00290766
EDO/BTC,1577502150906,2019-12-28T03:02:30.906Z,buy,2.969e-05,6.0,0.00017814
EDO/BTC,1577502150906,2019-12-28T03:02:30.906Z,buy,2.971e-05,4.0,0.00011884
EDO/BTC,1577502150906,2019-12-28T03:02:30.906Z,buy,2.978e-05,23.0,0.00068494
EDO/BTC,1577502151071,2019-12-28T03:02:31.071Z,buy,2.96e-05,22.0,0.0006512
EDO/BTC,1577502151071,2019-12-28T03:02:31.071Z,buy,2.978e-05,1296.0,0.03859488
EDO/BTC,1577502151071,2019-12-28T03:02:31.071Z,buy,2.979e-05,181.0,0.00539199
EDO/BTC,1577502151071,2019-12-28T03:02:31.071Z,buy,2.981e-05,456.0,0.01359336
EDO/BTC,1577502151071,2019-12-28T03:02:31.071Z,buy,2.983e-05,25.0,0.00074575
EDO/BTC,1577502151071,2019-12-28T03:02:31.071Z,buy,2.984e-05,3633.0,0.10840872
EDO/BTC,1577502151071,2019-12-28T03:02:31.071Z,buy,2.988e-05,4.0,0.00011952
EDO/BTC,1577502151134,2019-12-28T03:02:31.134Z,sell,2.988e-05,3071.0,0.0917614799999999
EDO/BTC,1577502151279,2019-12-28T03:02:31.279Z,buy,2.977e-05,83.0,0.00247091
EDO/BTC,1577502151547,2019-12-28T03:02:31.547Z,sell,2.953e-05,24.0,0.00070872
EDO/BTC,1577502151563,2019-12-28T03:02:31.563Z,sell,2.953e-05,170.0,0.0050201
EDO/BTC,1577502151573,2019-12-28T03:02:31.573Z,sell,2.953e-05,170.0,0.0050201
EDO/BTC,1577502151612,2019-12-28T03:02:31.612Z,sell,2.954e-05,226.0,0.0066760399999999
EDO/BTC,1577502151694,2019-12-28T03:02:31.694Z,buy,2.977e-05,52.0,0.00154804
EDO/BTC,1577502151790,2019-12-28T03:02:31.790Z,sell,2.955e-05,387.0,0.01143585
EDO/BTC,1577502151790,2019-12-28T03:02:31.790Z,sell,2.954e-05,33.0,0.0009748199999999
EDO/BTC,1577502152571,2019-12-28T03:02:32.571Z,buy,2.976e-05,53.0,0.00157728
EDO/BTC,1577502153577,2019-12-28T03:02:33.577Z,buy,2.975e-05,67.0,0.00199325
EDO/BTC,1577502153961,2019-12-28T03:02:33.961Z,buy,2.975e-05,264.0,0.007854
EDO/BTC,1577502153961,2019-12-28T03:02:33.961Z,buy,2.976e-05,140.0,0.0041664
EDO/BTC,1577502153961,2019-12-28T03:02:33.961Z,buy,2.977e-05,384.0,0.01143168
EDO/BTC,1577502156427,2019-12-28T03:02:36.427Z,sell,2.972e-05,321.0,0.00954012
EDO/BTC,1577502156427,2019-12-28T03:02:36.427Z,sell,2.971e-05,4.0,0.00011884
EDO/BTC,1577502156788,2019-12-28T03:02:36.788Z,sell,2.958e-05,37.0,0.00109446
EDO/BTC,1577502156788,2019-12-28T03:02:36.788Z,sell,2.957e-05,213.0,0.00629841
EDO/BTC,1577502157225,2019-12-28T03:02:37.225Z,buy,2.967e-05,37.0,0.00109779
EDO/BTC,1577502157225,2019-12-28T03:02:37.225Z,buy,2.975e-05,213.0,0.00633675
EDO/BTC,1577502157225,2019-12-28T03:02:37.225Z,buy,2.976e-05,133.0,0.00395808
EDO/BTC,1577502157225,2019-12-28T03:02:37.225Z,buy,2.977e-05,289.0,0.00860353
EDO/BTC,1577502157225,2019-12-28T03:02:37.225Z,buy,2.978e-05,65.0,0.0019357
EDO/BTC,1577502158238,2019-12-28T03:02:38.238Z,sell,2.958e-05,159.0,0.00470322
EDO/BTC,1577502158244,2019-12-28T03:02:38.244Z,sell,2.958e-05,35.0,0.0010353
EDO/BTC,1577502158252,2019-12-28T03:02:38.252Z,sell,2.955e-05,559.0,0.01651845
EDO/BTC,1577502158252,2019-12-28T03:02:38.252Z,sell,2.953e-05,4.0,0.00011812
EDO/BTC,1577502158252,2019-12-28T03:02:38.252Z,sell,2.95e-05,225.0,0.0066374999999999
EDO/BTC,1577502158261,2019-12-28T03:02:38.261Z,sell,2.95e-05,109.0,0.0032155
EDO/BTC,1577502158261,2019-12-28T03:02:38.261Z,sell,2.937e-05,1035.0,0.03039795
EDO/BTC,1577502159126,2019-12-28T03:02:39.126Z,buy,2.967e-05,37.0,0.00109779
EDO/BTC,1577502159126,2019-12-28T03:02:39.126Z,buy,2.974e-05,453.0,0.01347222
EDO/BTC,1577502159126,2019-12-28T03:02:39.126Z,buy,2.975e-05,157.0,0.00467075
EDO/BTC,1577502159126,2019-12-28T03:02:39.126Z,buy,2.976e-05,173.0,0.0051484799999999
EDO/BTC,1577502159126,2019-12-28T03:02:39.126Z,buy,2.978e-05,134.0,0.00399052
EDO/BTC,1577502159126,2019-12-28T03:02:39.126Z,buy,2.98e-05,194.0,0.0057812
EDO/BTC,1577502159126,2019-12-28T03:02:39.126Z,buy,2.989e-05,37.0,0.00110593
EDO/BTC,1577502159126,2019-12-28T03:02:39.126Z,buy,2.99e-05,922.0,0.0275678
EDO/BTC,1577502159126,2019-12-28T03:02:39.126Z,buy,2.995e-05,1518.0,0.0454641
EDO/BTC,1577502159126,2019-12-28T03:02:39.126Z,buy,2.996e-05,1003.0,0.03004988
EDO/BTC,1577502159126,2019-12-28T03:02:39.126Z,buy,2.997e-05,4.0,0.00011988
EDO/BTC,1577502159126,2019-12-28T03:02:39.126Z,buy,2.998e-05,500.0,0.01499
EDO/BTC,1577502159126,2019-12-28T03:02:39.126Z,buy,2.999e-05,25.0,0.00074975
EDO/BTC,1577502159126,2019-12-28T03:02:39.126Z,buy,3e-05,297.0,0.00891
EDO/BTC,1577502161464,2019-12-28T03:02:41.464Z,sell,2.966e-05,4.0,0.00011864
EDO/BTC,1577502161464,2019-12-28T03:02:41.464Z,sell,2.955e-05,97.0,0.00286635
EDO/BTC,1577502162634,2019-12-28T03:02:42.634Z,buy,2.971e-05,4.0,0.00011884
EDO/BTC,1577502162634,2019-12-28T03:02:42.634Z,buy,2.974e-05,151.0,0.00449074
EDO/BTC,1577502162634,2019-12-28T03:02:42.634Z,buy,2.988e-05,4.0,0.00011952
EDO/BTC,1577502162634,2019-12-28T03:02:42.634Z,buy,2.997e-05,4.0,0.00011988
EDO/BTC,1577502162634,2019-12-28T03:02:42.634Z,buy,2.999e-05,139.0,0.00416861
EDO/BTC,1577502162634,2019-12-28T03:02:42.634Z,buy,3e-05,8386.0,0.25158
EDO/BTC,1577502164516,2019-12-28T03:02:44.516Z,sell,2.966e-05,4.0,0.00011864
EDO/BTC,1577502164516,2019-12-28T03:02:44.516Z,sell,2.957e-05,48.0,0.00141936
EDO/BTC,1577502165119,2019-12-28T03:02:45.119Z,buy,2.96e-05,12.0,0.0003552
EDO/BTC,1577502165119,2019-12-28T03:02:45.119Z,buy,2.997e-05,52.0,0.00155844
EDO/BTC,1577502165119,2019-12-28T03:02:45.119Z,buy,2.998e-05,303.0,0.00908394
EDO/BTC,1577502165119,2019-12-28T03:02:45.119Z,buy,3e-05,188.0,0.00564
EDO/BTC,1577502166935,2019-12-28T03:02:46.935Z,buy,2.999e-05,75.0,0.00224925
EDO/BTC,1577502166935,2019-12-28T03:02:46.935Z,buy,3e-05,480.0,0.0144
EDO/BTC,1577502169561,2019-12-28T03:02:49.561Z,sell,2.971e-05,4.0,0.00011884
EDO/BTC,1577502169561,2019-12-28T03:02:49.561Z,sell,2.966e-05,4.0,0.00011864
EDO/BTC,1577502169561,2019-12-28T03:02:49.561Z,sell,2.963e-05,45.0,0.00133335
EDO/BTC,1577502169687,2019-12-28T03:02:49.687Z,buy,2.999e-05,75.0,0.00224925
EDO/BTC,1577502169687,2019-12-28T03:02:49.687Z,buy,3e-05,669.0,0.02007
EDO/BTC,1577502170650,2019-12-28T03:02:50.650Z,buy,2.997e-05,4.0,0.00011988
EDO/BTC,1577502170650,2019-12-28T03:02:50.650Z,buy,2.998e-05,45.0,0.0013491
EDO/BTC,1577502170650,2019-12-28T03:02:50.650Z,buy,2.999e-05,2.0,5.998e-05
EDO/BTC,1577502171438,2019-12-28T03:02:51.438Z,sell,2.966e-05,33.0,0.00097878
EDO/BTC,1577502171438,2019-12-28T03:02:51.438Z,sell,2.965e-05,244.0,0.0072346
EDO/BTC,1577502171500,2019-12-28T03:02:51.500Z,buy,2.998e-05,244.0,0.00731512
EDO/BTC,1577502171500,2019-12-28T03:02:51.500Z,buy,2.999e-05,500.0,0.014995
EDO/BTC,1577502173914,2019-12-28T03:02:53.914Z,buy,2.987e-05,1712.0,0.05113744
EDO/BTC,1577502173914,2019-12-28T03:02:53.914Z,buy,2.988e-05,4.0,0.00011952
EDO/BTC,1577502173914,2019-12-28T03:02:53.914Z,buy,2.997e-05,4.0,0.00011988
EDO/BTC,1577502173914,2019-12-28T03:02:53.914Z,buy,2.998e-05,5283.0,0.15838434
EDO/BTC,1577502173914,2019-12-28T03:02:53.914Z,buy,3e-05,1685.0,0.05055
EDO/BTC,1577502175007,2019-12-28T03:02:55.007Z,sell,2.966e-05,15.0,0.0004449
EDO/BTC,1577502175007,2019-12-28T03:02:55.007Z,sell,2.964e-05,196.0,0.00580944
EDO/BTC,1577502175767,2019-12-28T03:02:55.767Z,sell,2.971e-05,4.0,0.00011884
EDO/BTC,1577502175767,2019-12-28T03:02:55.767Z,sell,2.958e-05,49.0,0.00144942
EDO/BTC,1577502176091,2019-12-28T03:02:56.091Z,buy,2.997e-05,4.0,0.00011988
EDO/BTC,1577502176091,2019-12-28T03:02:56.091Z,buy,2.999e-05,407.0,0.01220593
EDO/BTC,1577502176091,2019-12-28T03:02:56.091Z,buy,3e-05,455.0,0.01365
EDO/BTC,1577502176531,2019-12-28T03:02:56.531Z,sell,2.96e-05,53.0,0.0015688
EDO/BTC,1577502178174,2019-12-28T03:02:58.174Z,buy,2.988e-05,188.0,0.00561744
EDO/BTC,1577502178174,2019-12-28T03:02:58.174Z,buy,3e-05,5356.0,0.16068
EDO/BTC,1577502180024,2019-12-28T03:03:00.024Z,buy,3e-05,114.0,0.00342
EDO/BTC,1577502181490,2019-12-28T03:03:01.490Z,buy,2.979e-05,4.0,0.00011916
EDO/BTC,1577502181490,2019-12-28T03:03:01.490Z,buy,3e-05,673.0,0.02019
EDO/BTC,1577502184830,2019-12-28T03:03:04.830Z,buy,3e-05,868.0,0.02604
EDO/BTC,1577502186316,2019-12-28T03:03:06.316Z,buy,3e-05,688.0,0.02064
EDO/BTC,1577502188116,2019-12-28T03:03:08.116Z,buy,3e-05,877.0,0.02631
EDO/BTC,1577502190004,2019-12-28T03:03:10.004Z,buy,3e-05,434.0,0.01302
EDO/BTC,1577502191551,2019-12-28T03:03:11.551Z,buy,3e-05,1559.0,0.04677
EDO/BTC,1577502191758,2019-12-28T03:03:11.758Z,buy,3e-05,777.0,0.02331
EDO/BTC,1577502193955,2019-12-28T03:03:13.955Z,buy,3e-05,868.0,0.02604
EDO/BTC,1577502194797,2019-12-28T03:03:14.797Z,buy,2.999e-05,1.0,2.999e-05
EDO/BTC,1577502195786,2019-12-28T03:03:15.786Z,buy,2.999e-05,544.0,0.01631456
EDO/BTC,1577502198217,2019-12-28T03:03:18.217Z,buy,3e-05,444.0,0.01332
EDO/BTC,1577502199930,2019-12-28T03:03:19.930Z,buy,3e-05,788.0,0.02364
EDO/BTC,1577502201588,2019-12-28T03:03:21.588Z,buy,2.999e-05,535.0,0.01604465
EDO/BTC,1577502201588,2019-12-28T03:03:21.588Z,buy,3e-05,409.0,0.01227
EDO/BTC,1577502201659,2019-12-28T03:03:21.659Z,sell,2.992e-05,7.0,0.00020944
EDO/BTC,1577502201659,2019-12-28T03:03:21.659Z,sell,2.986e-05,43.0,0.0012839799999999
EDO/BTC,1577502204079,2019-12-28T03:03:24.079Z,buy,2.998e-05,43.0,0.00128914
EDO/BTC,1577502204079,2019-12-28T03:03:24.079Z,buy,2.999e-05,421.0,0.01262579
EDO/BTC,1577502206277,2019-12-28T03:03:26.277Z,buy,2.998e-05,7.0,0.00020986
EDO/BTC,1577502206277,2019-12-28T03:03:26.277Z,buy,3e-05,550.0,0.0165
EDO/BTC,1577502207941,2019-12-28T03:03:27.941Z,buy,3e-05,886.0,0.02658
EDO/BTC,1577502209775,2019-12-28T03:03:29.775Z,buy,3e-05,77.0,0.00231
EDO/BTC,1577502210437,2019-12-28T03:03:30.437Z,buy,3e-05,1324.0,0.03972
EDO/BTC,1577502211451,2019-12-28T03:03:31.451Z,buy,3e-05,444.0,0.01332
EDO/BTC,1577502211951,2019-12-28T03:03:31.951Z,sell,2.986e-05,178.0,0.00531508
EDO/BTC,1577502213106,2019-12-28T03:03:33.106Z,sell,2.987e-05,4.0,0.00011948
EDO/BTC,1577502215091,2019-12-28T03:03:35.091Z,sell,2.988e-05,40.0,0.0011952
EDO/BTC,1577502217567,2019-12-28T03:03:37.567Z,sell,2.99e-05,749.0,0.0223950999999999
EDO/BTC,1577502219155,2019-12-28T03:03:39.155Z,buy,2.999e-05,500.0,0.014995
EDO/BTC,1577502219155,2019-12-28T03:03:39.155Z,buy,3e-05,267.0,0.00801
EDO/BTC,1577502219159,2019-12-28T03:03:39.159Z,sell,2.99e-05,535.0,0.0159965
EDO/BTC,1577502220270,2019-12-28T03:03:40.270Z,sell,2.989e-05,248.0,0.00741272
EDO/BTC,1577502221067,2019-12-28T03:03:41.067Z,sell,2.976e-05,37.0,0.00110112
EDO/BTC,1577502221067,2019-12-28T03:03:41.067Z,sell,2.973e-05,210.0,0.0062433
EDO/BTC,1577502221067,2019-12-28T03:03:41.067Z,sell,2.971e-05,4.0,0.00011884
EDO/BTC,1577502221067,2019-12-28T03:03:41.067Z,sell,2.966e-05,4.0,0.00011864
EDO/BTC,1577502221067,2019-12-28T03:03:41.067Z,sell,2.956e-05,872.0,0.02577632
EDO/BTC,1577502221085,2019-12-28T03:03:41.085Z,buy,2.997e-05,248.0,0.0074325599999999
EDO/BTC,1577502221085,2019-12-28T03:03:41.085Z,buy,2.998e-05,519.0,0.01555962
EDO/BTC,1577502223582,2019-12-28T03:03:43.582Z,buy,2.985e-05,37.0,0.00110445
EDO/BTC,1577502223582,2019-12-28T03:03:43.582Z,buy,2.997e-05,4.0,0.00011988
EDO/BTC,1577502223582,2019-12-28T03:03:43.582Z,buy,2.999e-05,210.0,0.0062978999999999
EDO/BTC,1577502223582,2019-12-28T03:03:43.582Z,buy,3e-05,616.0,0.01848
EDO/BTC,1577502223815,2019-12-28T03:03:43.815Z,buy,2.976e-05,184.0,0.00547584
EDO/BTC,1577502225439,2019-12-28T03:03:45.439Z,buy,2.988e-05,4.0,0.00011952
EDO/BTC,1577502225439,2019-12-28T03:03:45.439Z,buy,2.999e-05,535.0,0.01604465
EDO/BTC,1577502225439,2019-12-28T03:03:45.439Z,buy,3e-05,16.0,0.00048
EDO/BTC,1577502227256,2019-12-28T03:03:47.256Z,buy,2.999e-05,444.0,0.0133155599999999
EDO/BTC,1577502229396,2019-12-28T03:03:49.396Z,buy,3e-05,4445.0,0.13335
EDO/BTC,1577502231709,2019-12-28T03:03:51.709Z,buy,3e-05,767.0,0.02301
EDO/BTC,1577502233363,2019-12-28T03:03:53.363Z,buy,3e-05,86.0,0.00258
EDO/BTC,1577502234181,2019-12-28T03:03:54.181Z,buy,3e-05,1.0,3e-05
EDO/BTC,1577502237865,2019-12-28T03:03:57.865Z,buy,3e-05,464.0,0.01392
EDO/BTC,1577502239324,2019-12-28T03:03:59.324Z,buy,3e-05,767.0,0.02301
EDO/BTC,1577502240867,2019-12-28T03:04:00.867Z,buy,3e-05,867.0,0.02601
EDO/BTC,1577502241167,2019-12-28T03:04:01.167Z,sell,2.986e-05,4.0,0.00011944
EDO/BTC,1577502242788,2019-12-28T03:04:02.788Z,buy,3e-05,877.0,0.02631
EDO/BTC,1577502244846,2019-12-28T03:04:04.846Z,buy,3e-05,921.0,0.02763
EDO/BTC,1577502246733,2019-12-28T03:04:06.733Z,buy,3e-05,735.0,0.02205
EDO/BTC,1577502249884,2019-12-28T03:04:09.884Z,buy,3e-05,563.0,0.01689
EDO/BTC,1577502249886,2019-12-28T03:04:09.886Z,buy,3e-05,563.0,0.01689
EDO/BTC,1577502249886,2019-12-28T03:04:09.886Z,buy,3e-05,786.0,0.02358
EDO/BTC,1577502249894,2019-12-28T03:04:09.894Z,buy,3e-05,788.0,0.02364
EDO/BTC,1577502253115,2019-12-28T03:04:13.115Z,buy,3e-05,563.0,0.01689
EDO/BTC,1577502253120,2019-12-28T03:04:13.120Z,buy,3e-05,306.0,0.00918
EDO/BTC,1577502253128,2019-12-28T03:04:13.128Z,buy,3e-05,563.0,0.01689
EDO/BTC,1577502253526,2019-12-28T03:04:13.526Z,buy,3e-05,788.0,0.02364
EDO/BTC,1577502254376,2019-12-28T03:04:14.376Z,buy,3e-05,194.0,0.00582
EDO/BTC,1577502256155,2019-12-28T03:04:16.155Z,buy,2.999e-05,191.0,0.00572809
EDO/BTC,1577502256159,2019-12-28T03:04:16.159Z,buy,2.999e-05,359.0,0.01076641
EDO/BTC,1577502260462,2019-12-28T03:04:20.462Z,buy,3e-05,218.0,0.00654
EDO/BTC,1577502260766,2019-12-28T03:04:20.766Z,buy,3e-05,535.0,0.01605
EDO/BTC,1577502260769,2019-12-28T03:04:20.769Z,buy,3e-05,555.0,0.01665
EDO/BTC,1577502267295,2019-12-28T03:04:27.295Z,buy,2.999e-05,205.0,0.00614795
EDO/BTC,1577502269602,2019-12-28T03:04:29.602Z,sell,2.999e-05,179.0,0.00536821
EDO/BTC,1577502269654,2019-12-28T03:04:29.654Z,buy,3e-05,658.0,0.01974
EDO/BTC,1577502269658,2019-12-28T03:04:29.658Z,buy,3e-05,760.0,0.0228
EDO/BTC,1577502269658,2019-12-28T03:04:29.658Z,buy,3e-05,760.0,0.0228
EDO/BTC,1577502270339,2019-12-28T03:04:30.339Z,buy,3e-05,577.0,0.01731
EDO/BTC,1577502271995,2019-12-28T03:04:31.995Z,buy,3e-05,544.0,0.01632
EDO/BTC,1577502273957,2019-12-28T03:04:33.957Z,buy,3e-05,8554.0,0.25662
EDO/BTC,1577502275840,2019-12-28T03:04:35.840Z,buy,3e-05,154.0,0.00462
EDO/BTC,1577502276760,2019-12-28T03:04:36.760Z,buy,3e-05,480.0,0.0144
EDO/BTC,1577502277390,2019-12-28T03:04:37.390Z,buy,3e-05,688.0,0.02064
EDO/BTC,1577502279312,2019-12-28T03:04:39.312Z,buy,3e-05,74.0,0.00222
EDO/BTC,1577502280121,2019-12-28T03:04:40.121Z,buy,3e-05,182.0,0.00546
EDO/BTC,1577502284582,2019-12-28T03:04:44.582Z,sell,2.995e-05,721.0,0.02159395
EDO/BTC,1577502291162,2019-12-28T03:04:51.162Z,buy,3e-05,677.0,0.02031
EDO/BTC,1577502293165,2019-12-28T03:04:53.165Z,buy,3e-05,688.0,0.02064
EDO/BTC,1577502296122,2019-12-28T03:04:56.122Z,sell,2.998e-05,55.0,0.0016489
EDO/BTC,1577502296199,2019-12-28T03:04:56.199Z,sell,2.998e-05,59.0,0.00176882
EDO/BTC,1577502298530,2019-12-28T03:04:58.530Z,sell,2.997e-05,221.0,0.00662337
EDO/BTC,1577502301733,2019-12-28T03:05:01.733Z,sell,2.999e-05,57.0,0.0017094299999999
EDO/BTC,1577502302037,2019-12-28T03:05:02.037Z,sell,2.998e-05,4.0,0.00011992
EDO/BTC,1577502302857,2019-12-28T03:05:02.857Z,buy,3e-05,88.0,0.00264
EDO/BTC,1577502305022,2019-12-28T03:05:05.022Z,buy,3e-05,454.0,0.01362
EDO/BTC,1577502306769,2019-12-28T03:05:06.769Z,buy,3e-05,744.0,0.02232
EDO/BTC,1577502307105,2019-12-28T03:05:07.105Z,sell,2.999e-05,21.0,0.00062979
EDO/BTC,1577502308059,2019-12-28T03:05:08.059Z,buy,3e-05,25.0,0.00075
EDO/BTC,1577502308813,2019-12-28T03:05:08.813Z,buy,3e-05,5453.0,0.16359
EDO/BTC,1577502311132,2019-12-28T03:05:11.132Z,buy,3e-05,57.0,0.00171
EDO/BTC,1577502313775,2019-12-28T03:05:13.775Z,buy,3e-05,888.0,0.02664
EDO/BTC,1577502319792,2019-12-28T03:05:19.792Z,sell,2.999e-05,2648.0,0.07941352
EDO/BTC,1577502319809,2019-12-28T03:05:19.809Z,sell,2.999e-05,357.0,0.01070643
EDO/BTC,1577502320853,2019-12-28T03:05:20.853Z,sell,2.999e-05,238.0,0.00713762
EDO/BTC,1577502322154,2019-12-28T03:05:22.154Z,sell,2.998e-05,4999.0,0.14987002
EDO/BTC,1577502323357,2019-12-28T03:05:23.357Z,sell,2.997e-05,5163.0,0.15473511
EDO/BTC,1577502324559,2019-12-28T03:05:24.559Z,sell,2.997e-05,318.0,0.00953046
EDO/BTC,1577502324559,2019-12-28T03:05:24.559Z,sell,2.996e-05,1322.0,0.03960712
EDO/BTC,1577502327422,2019-12-28T03:05:27.422Z,buy,3e-05,253.0,0.00759
EDO/BTC,1577502329515,2019-12-28T03:05:29.515Z,buy,2.996e-05,253.0,0.00757988
EDO/BTC,1577502333057,2019-12-28T03:05:33.057Z,sell,2.995e-05,563.0,0.01686185
EDO/BTC,1577502333058,2019-12-28T03:05:33.058Z,sell,2.995e-05,452.0,0.0135374
EDO/BTC,1577502333058,2019-12-28T03:05:33.058Z,sell,2.994e-05,543.0,0.01625742
EDO/BTC,1577502336186,2019-12-28T03:05:36.186Z,sell,2.993e-05,395.0,0.01182235
EDO/BTC,1577502336572,2019-12-28T03:05:36.572Z,sell,2.975e-05,21.0,0.00062475
EDO/BTC,1577502336844,2019-12-28T03:05:36.844Z,sell,2.971e-05,4.0,0.00011884
EDO/BTC,1577502336844,2019-12-28T03:05:36.844Z,sell,2.966e-05,4.0,0.00011864
EDO/BTC,1577502336844,2019-12-28T03:05:36.844Z,sell,2.956e-05,37.0,0.00109372
EDO/BTC,1577502336844,2019-12-28T03:05:36.844Z,sell,2.955e-05,31.0,0.00091605
EDO/BTC,1577502336844,2019-12-28T03:05:36.844Z,sell,2.953e-05,106.0,0.00313018
EDO/BTC,1577502338414,2019-12-28T03:05:38.414Z,buy,2.979e-05,1.0,2.979e-05
EDO/BTC,1577502339321,2019-12-28T03:05:39.321Z,buy,2.978e-05,37.0,0.00110186
EDO/BTC,1577502339630,2019-12-28T03:05:39.630Z,buy,2.978e-05,71.0,0.00211438
EDO/BTC,1577502341690,2019-12-28T03:05:41.690Z,buy,2.971e-05,1.0,2.971e-05
EDO/BTC,1577502341755,2019-12-28T03:05:41.755Z,buy,2.971e-05,3.0,8.913e-05
EDO/BTC,1577502341755,2019-12-28T03:05:41.755Z,buy,2.98e-05,68.0,0.0020264
EDO/BTC,1577502359733,2019-12-28T03:05:59.733Z,buy,2.971e-05,670.0,0.0199057
EDO/BTC,1577502362839,2019-12-28T03:06:02.839Z,sell,2.959e-05,184.0,0.00544456
EDO/BTC,1577502365355,2019-12-28T03:06:05.355Z,sell,2.96e-05,37.0,0.0010952
EDO/BTC,1577502369780,2019-12-28T03:06:09.780Z,buy,2.973e-05,462.0,0.01373526
EDO/BTC,1577502376798,2019-12-28T03:06:16.798Z,buy,2.973e-05,672.0,0.01997856
EDO/BTC,1577502376818,2019-12-28T03:06:16.818Z,sell,2.973e-05,411.0,0.01221903
EDO/BTC,1577502390554,2019-12-28T03:06:30.554Z,sell,2.955e-05,11.0,0.00032505
EDO/BTC,1577502390554,2019-12-28T03:06:30.554Z,sell,2.953e-05,5032.0,0.14859496
EDO/BTC,1577502391541,2019-12-28T03:06:31.541Z,buy,2.971e-05,55.0,0.00163405
EDO/BTC,1577502391836,2019-12-28T03:06:31.836Z,buy,2.97e-05,221.0,0.0065637
EDO/BTC,1577502392399,2019-12-28T03:06:32.399Z,buy,2.97e-05,59.0,0.0017523
EDO/BTC,1577502402284,2019-12-28T03:06:42.284Z,buy,2.967e-05,1.0,2.967e-05
EDO/BTC,1577502420473,2019-12-28T03:07:00.473Z,sell,2.956e-05,37.0,0.00109372
EDO/BTC,1577502420473,2019-12-28T03:07:00.473Z,sell,2.945e-05,280.0,0.008246
EDO/BTC,1577502420473,2019-12-28T03:07:00.473Z,sell,2.938e-05,75.0,0.0022035
EDO/BTC,1577502420473,2019-12-28T03:07:00.473Z,sell,2.937e-05,168.0,0.00493416
EDO/BTC,1577502420473,2019-12-28T03:07:00.473Z,sell,2.936e-05,4.0,0.00011744
EDO/BTC,1577502420473,2019-12-28T03:07:00.473Z,sell,2.934e-05,684.0,0.02006856
EDO/BTC,1577502420473,2019-12-28T03:07:00.473Z,sell,2.928e-05,6875.0,0.2013
EDO/BTC,1577502420473,2019-12-28T03:07:00.473Z,sell,2.927e-05,730.0,0.0213671
EDO/BTC,1577502420473,2019-12-28T03:07:00.473Z,sell,2.926e-05,20.0,0.0005852
EDO/BTC,1577502420473,2019-12-28T03:07:00.473Z,sell,2.924e-05,37.0,0.00108188
EDO/BTC,1577502420473,2019-12-28T03:07:00.473Z,sell,2.922e-05,8369.0,0.24454218
EDO/BTC,1577502420473,2019-12-28T03:07:00.473Z,sell,2.92e-05,18.0,0.0005256
EDO/BTC,1577502420473,2019-12-28T03:07:00.473Z,sell,2.919e-05,186.0,0.00542934
EDO/BTC,1577502420473,2019-12-28T03:07:00.473Z,sell,2.918e-05,32.0,0.00093376
EDO/BTC,1577502420473,2019-12-28T03:07:00.473Z,sell,2.916e-05,112.0,0.00326592
EDO/BTC,1577502420473,2019-12-28T03:07:00.473Z,sell,2.915e-05,6864.0,0.2000856
EDO/BTC,1577502426666,2019-12-28T03:07:06.666Z,buy,2.936e-05,4.0,0.00011744
EDO/BTC,1577502426666,2019-12-28T03:07:06.666Z,buy,2.942e-05,33.0,0.00097086
EDO/BTC,1577502431814,2019-12-28T03:07:11.814Z,buy,2.942e-05,34.0,0.00100028
EDO/BTC,1577502435864,2019-12-28T03:07:15.864Z,buy,2.95e-05,1.0,2.95e-05
EDO/BTC,1577502441887,2019-12-28T03:07:21.887Z,buy,2.95e-05,185.0,0.0054575
EDO/BTC,1577502442024,2019-12-28T03:07:22.024Z,sell,2.95e-05,429.0,0.0126555
EDO/BTC,1577502455521,2019-12-28T03:07:35.521Z,sell,2.942e-05,5.0,0.0001471
EDO/BTC,1577502465338,2019-12-28T03:07:45.338Z,sell,2.943e-05,959.0,0.02822337
EDO/BTC,1577502470624,2019-12-28T03:07:50.624Z,buy,2.951e-05,47.0,0.00138697
EDO/BTC,1577502473669,2019-12-28T03:07:53.669Z,buy,2.951e-05,4.0,0.00011804
EDO/BTC,1577502473894,2019-12-28T03:07:53.894Z,sell,2.95e-05,13.0,0.0003835
EDO/BTC,1577502474992,2019-12-28T03:07:54.992Z,buy,2.95e-05,5.0,0.0001475
EDO/BTC,1577502475762,2019-12-28T03:07:55.762Z,buy,2.95e-05,40.0,0.00118
EDO/BTC,1577502477911,2019-12-28T03:07:57.911Z,sell,2.929e-05,39.0,0.00114231
EDO/BTC,1577502508170,2019-12-28T03:08:28.170Z,buy,2.94e-05,51.0,0.0014994
EDO/BTC,1577502508223,2019-12-28T03:08:28.223Z,buy,2.94e-05,38.0,0.0011172
EDO/BTC,1577502508603,2019-12-28T03:08:28.603Z,sell,2.931e-05,39.0,0.00114309
EDO/BTC,1577502509669,2019-12-28T03:08:29.669Z,buy,2.949e-05,8.0,0.00023592
EDO/BTC,1577502509714,2019-12-28T03:08:29.714Z,buy,2.949e-05,4.0,0.00011796
EDO/BTC,1577502511468,2019-12-28T03:08:31.468Z,buy,2.949e-05,6.0,0.00017694
EDO/BTC,1577502513451,2019-12-28T03:08:33.451Z,buy,2.949e-05,12.0,0.00035388
EDO/BTC,1577502513944,2019-12-28T03:08:33.944Z,sell,2.931e-05,1156.0,0.03388236
EDO/BTC,1577502523756,2019-12-28T03:08:43.756Z,buy,2.948e-05,621.0,0.01830708
EDO/BTC,1577502523756,2019-12-28T03:08:43.756Z,buy,2.949e-05,103.0,0.00303747
EDO/BTC,1577502523756,2019-12-28T03:08:43.756Z,buy,2.95e-05,1905.0,0.0561975
EDO/BTC,1577502523756,2019-12-28T03:08:43.756Z,buy,2.951e-05,135.0,0.00398385
EDO/BTC,1577502523756,2019-12-28T03:08:43.756Z,buy,2.953e-05,4.0,0.00011812
EDO/BTC,1577502523756,2019-12-28T03:08:43.756Z,buy,2.956e-05,37.0,0.00109372
EDO/BTC,1577502523756,2019-12-28T03:08:43.756Z,buy,2.957e-05,724.0,0.02140868
EDO/BTC,1577502523756,2019-12-28T03:08:43.756Z,buy,2.96e-05,17871.0,0.5289816
EDO/BTC,1577502531855,2019-12-28T03:08:51.855Z,buy,2.948e-05,186.0,0.00548328
EDO/BTC,1577502542279,2019-12-28T03:09:02.279Z,buy,2.95e-05,31.0,0.0009145
EDO/BTC,1577502542279,2019-12-28T03:09:02.279Z,buy,2.959e-05,414.0,0.01225026
EDO/BTC,1577502542279,2019-12-28T03:09:02.279Z,buy,2.96e-05,538.0,0.0159248
EDO/BTC,1577502542279,2019-12-28T03:09:02.279Z,buy,2.966e-05,172.0,0.00510152
EDO/BTC,1577502542279,2019-12-28T03:09:02.279Z,buy,2.971e-05,38.0,0.00112898
EDO/BTC,1577502542279,2019-12-28T03:09:02.279Z,buy,2.975e-05,7829.0,0.23291275
EDO/BTC,1577502542371,2019-12-28T03:09:02.371Z,buy,2.959e-05,1.0,2.959e-05
EDO/BTC,1577502542967,2019-12-28T03:09:02.967Z,buy,2.959e-05,1.0,2.959e-05
EDO/BTC,1577502545379,2019-12-28T03:09:05.379Z,sell,2.951e-05,37.0,0.00109187
EDO/BTC,1577502549233,2019-12-28T03:09:09.233Z,buy,2.959e-05,212.0,0.00627308
EDO/BTC,1577502549233,2019-12-28T03:09:09.233Z,buy,2.975e-05,224.0,0.006664
EDO/BTC,1577502549233,2019-12-28T03:09:09.233Z,buy,2.977e-05,186.0,0.00553722
EDO/BTC,1577502549233,2019-12-28T03:09:09.233Z,buy,2.98e-05,107.0,0.0031885999999999
EDO/BTC,1577502549233,2019-12-28T03:09:09.233Z,buy,2.984e-05,7903.0,0.2358255199999999
EDO/BTC,1577502559366,2019-12-28T03:09:19.366Z,buy,2.972e-05,3959.0,0.11766148
EDO/BTC,1577502559366,2019-12-28T03:09:19.366Z,buy,2.973e-05,37.0,0.00110001
EDO/BTC,1577502559366,2019-12-28T03:09:19.366Z,buy,2.974e-05,143.0,0.00425282
EDO/BTC,1577502559366,2019-12-28T03:09:19.366Z,buy,2.984e-05,167.0,0.00498328
EDO/BTC,1577502559366,2019-12-28T03:09:19.366Z,buy,2.988e-05,4.0,0.00011952
EDO/BTC,1577502559366,2019-12-28T03:09:19.366Z,buy,2.989e-05,460.0,0.0137494
EDO/BTC,1577502559366,2019-12-28T03:09:19.366Z,buy,2.991e-05,4857.0,0.14527287
EDO/BTC,1577502559366,2019-12-28T03:09:19.366Z,buy,2.993e-05,664.0,0.01987352
EDO/BTC,1577502565167,2019-12-28T03:09:25.167Z,buy,2.991e-05,449.0,0.01342959
EDO/BTC,1577502565167,2019-12-28T03:09:25.167Z,buy,2.992e-05,75.0,0.002244
EDO/BTC,1577502565167,2019-12-28T03:09:25.167Z,buy,2.993e-05,5168.0,0.15467824
EDO/BTC,1577502571888,2019-12-28T03:09:31.888Z,buy,2.988e-05,1070.0,0.0319715999999999
EDO/BTC,1577502571888,2019-12-28T03:09:31.888Z,buy,2.989e-05,636.0,0.01901004
EDO/BTC,1577502571888,2019-12-28T03:09:31.888Z,buy,2.995e-05,14.0,0.0004193
EDO/BTC,1577502571888,2019-12-28T03:09:31.888Z,buy,2.996e-05,1434.0,0.04296264
EDO/BTC,1577502571888,2019-12-28T03:09:31.888Z,buy,2.997e-05,4.0,0.00011988
EDO/BTC,1577502571888,2019-12-28T03:09:31.888Z,buy,2.998e-05,600.0,0.017988
EDO/BTC,1577502572301,2019-12-28T03:09:32.301Z,sell,2.988e-05,127.0,0.00379476
EDO/BTC,1577502578873,2019-12-28T03:09:38.873Z,sell,2.988e-05,636.0,0.01900368
EDO/BTC,1577502593000,2019-12-28T03:09:53.000Z,buy,2.989e-05,159.0,0.00475251
EDO/BTC,1577502593000,2019-12-28T03:09:53.000Z,buy,2.996e-05,154.0,0.00461384
EDO/BTC,1577502593000,2019-12-28T03:09:53.000Z,buy,2.998e-05,13.0,0.00038974
EDO/BTC,1577502599014,2019-12-28T03:09:59.014Z,buy,2.992e-05,1070.0,0.0320144
EDO/BTC,1577502599014,2019-12-28T03:09:59.014Z,buy,2.993e-05,127.0,0.00380111
EDO/BTC,1577502599014,2019-12-28T03:09:59.014Z,buy,2.994e-05,535.0,0.0160179
EDO/BTC,1577502599027,2019-12-28T03:09:59.027Z,sell,2.998e-05,686.0,0.02056628
EDO/BTC,1577502599032,2019-12-28T03:09:59.032Z,sell,2.998e-05,102.0,0.00305796
EDO/BTC,1577502599086,2019-12-28T03:09:59.086Z,sell,2.988e-05,21.0,0.0006274799999999
EDO/BTC,1577502599086,2019-12-28T03:09:59.086Z,sell,2.972e-05,446.0,0.01325512
EDO/BTC,1577502599086,2019-12-28T03:09:59.086Z,sell,2.971e-05,4.0,0.00011884
EDO/BTC,1577502599086,2019-12-28T03:09:59.086Z,sell,2.966e-05,4.0,0.00011864
EDO/BTC,1577502599086,2019-12-28T03:09:59.086Z,sell,2.96e-05,60.0,0.001776
EDO/BTC,1577502599137,2019-12-28T03:09:59.137Z,sell,2.961e-05,37.0,0.00109557
EDO/BTC,1577502599137,2019-12-28T03:09:59.137Z,sell,2.959e-05,22.0,0.00065098
EDO/BTC,1577502600147,2019-12-28T03:10:00.147Z,sell,2.962e-05,274.0,0.00811588
EDO/BTC,1577502606456,2019-12-28T03:10:06.456Z,buy,2.97e-05,37.0,0.0010989
EDO/BTC,1577502606456,2019-12-28T03:10:06.456Z,buy,2.988e-05,4.0,0.00011952
EDO/BTC,1577502606456,2019-12-28T03:10:06.456Z,buy,2.989e-05,219.0,0.00654591
EDO/BTC,1577502606456,2019-12-28T03:10:06.456Z,buy,2.997e-05,89.0,0.00266733
EDO/BTC,1577502615061,2019-12-28T03:10:15.061Z,buy,2.998e-05,4.0,0.00011992
EDO/BTC,1577502615241,2019-12-28T03:10:15.241Z,sell,2.971e-05,4.0,0.00011884
EDO/BTC,1577502615241,2019-12-28T03:10:15.241Z,sell,2.966e-05,4.0,0.00011864
EDO/BTC,1577502615241,2019-12-28T03:10:15.241Z,sell,2.965e-05,37.0,0.00109705
EDO/BTC,1577502615241,2019-12-28T03:10:15.241Z,sell,2.957e-05,14.0,0.00041398
EDO/BTC,1577502615241,2019-12-28T03:10:15.241Z,sell,2.956e-05,37.0,0.00109372
EDO/BTC,1577502615241,2019-12-28T03:10:15.241Z,sell,2.954e-05,367.0,0.0108411799999999
EDO/BTC,1577502615241,2019-12-28T03:10:15.241Z,sell,2.953e-05,4.0,0.00011812
EDO/BTC,1577502615241,2019-12-28T03:10:15.241Z,sell,2.952e-05,11.0,0.0003247199999999
EDO/BTC,1577502615241,2019-12-28T03:10:15.241Z,sell,2.951e-05,66.0,0.00194766
EDO/BTC,1577502615241,2019-12-28T03:10:15.241Z,sell,2.948e-05,18.0,0.00053064
EDO/BTC,1577502615241,2019-12-28T03:10:15.241Z,sell,2.945e-05,20.0,0.000589
EDO/BTC,1577502615241,2019-12-28T03:10:15.241Z,sell,2.944e-05,500.0,0.01472
EDO/BTC,1577502616908,2019-12-28T03:10:16.908Z,buy,2.971e-05,4.0,0.00011884
EDO/BTC,1577502616908,2019-12-28T03:10:16.908Z,buy,2.974e-05,4.0,0.00011896
EDO/BTC,1577502619456,2019-12-28T03:10:19.456Z,buy,2.974e-05,6.0,0.00017844
EDO/BTC,1577502619746,2019-12-28T03:10:19.746Z,buy,2.974e-05,12.0,0.00035688
EDO/BTC,1577502619759,2019-12-28T03:10:19.759Z,buy,2.974e-05,9.0,0.00026766
EDO/BTC,1577502622200,2019-12-28T03:10:22.200Z,buy,2.974e-05,6.0,0.00017844
EDO/BTC,1577502622200,2019-12-28T03:10:22.200Z,buy,2.988e-05,4.0,0.00011952
EDO/BTC,1577502622200,2019-12-28T03:10:22.200Z,buy,2.989e-05,70.0,0.0020923
EDO/BTC,1577502627297,2019-12-28T03:10:27.297Z,sell,2.971e-05,4.0,0.00011884
EDO/BTC,1577502627297,2019-12-28T03:10:27.297Z,sell,2.962e-05,177.0,0.00524274
EDO/BTC,1577502627297,2019-12-28T03:10:27.297Z,sell,2.96e-05,37.0,0.0010952
EDO/BTC,1577502627297,2019-12-28T03:10:27.297Z,sell,2.959e-05,2912.0,0.0861660799999999
EDO/BTC,1577502632296,2019-12-28T03:10:32.296Z,buy,2.969e-05,37.0,0.00109853
EDO/BTC,1577502632296,2019-12-28T03:10:32.296Z,buy,2.988e-05,4.0,0.00011952
EDO/BTC,1577502632296,2019-12-28T03:10:32.296Z,buy,2.989e-05,267.0,0.00798063
EDO/BTC,1577502632296,2019-12-28T03:10:32.296Z,buy,2.997e-05,3637.0,0.10900089
EDO/BTC,1577502632296,2019-12-28T03:10:32.296Z,buy,2.998e-05,8396.0,0.25171208
EDO/BTC,1577502634101,2019-12-28T03:10:34.101Z,sell,2.966e-05,4.0,0.00011864
EDO/BTC,1577502634101,2019-12-28T03:10:34.101Z,sell,2.964e-05,33.0,0.00097812
EDO/BTC,1577502637117,2019-12-28T03:10:37.117Z,buy,2.973e-05,33.0,0.00098109
EDO/BTC,1577502643740,2019-12-28T03:10:43.740Z,buy,2.996e-05,1.0,2.996e-05
EDO/BTC,1577502645759,2019-12-28T03:10:45.759Z,buy,2.996e-05,1176.0,0.03523296
EDO/BTC,1577502645759,2019-12-28T03:10:45.759Z,buy,2.997e-05,4.0,0.00011988
EDO/BTC,1577502645759,2019-12-28T03:10:45.759Z,buy,2.998e-05,9799.0,0.29377402
EDO/BTC,1577502650557,2019-12-28T03:10:50.557Z,buy,2.994e-05,4.0,0.00011976
EDO/BTC,1577502651271,2019-12-28T03:10:51.271Z,buy,2.994e-05,8.0,0.00023952
EDO/BTC,1577502652571,2019-12-28T03:10:52.571Z,buy,2.994e-05,6.0,0.00017964
EDO/BTC,1577502654751,2019-12-28T03:10:54.751Z,buy,2.994e-05,12.0,0.00035928
EDO/BTC,1577502668695,2019-12-28T03:11:08.695Z,buy,2.995e-05,1.0,2.995e-05
EDO/BTC,1577502674390,2019-12-28T03:11:14.390Z,sell,2.994e-05,430.0,0.0128742
EDO/BTC,1577502682244,2019-12-28T03:11:22.244Z,buy,2.995e-05,15.0,0.00044925
EDO/BTC,1577502682792,2019-12-28T03:11:22.792Z,buy,2.995e-05,14.0,0.0004193
EDO/BTC,1577502683006,2019-12-28T03:11:23.006Z,buy,2.995e-05,5.0,0.00014975
EDO/BTC,1577502683095,2019-12-28T03:11:23.095Z,buy,2.995e-05,5.0,0.00014975
EDO/BTC,1577502683098,2019-12-28T03:11:23.098Z,buy,2.995e-05,8.0,0.0002396
EDO/BTC,1577502683205,2019-12-28T03:11:23.205Z,buy,2.995e-05,15.0,0.00044925
EDO/BTC,1577502683810,2019-12-28T03:11:23.810Z,buy,2.995e-05,8.0,0.0002396
EDO/BTC,1577502684110,2019-12-28T03:11:24.110Z,buy,2.995e-05,15.0,0.00044925
EDO/BTC,1577502684662,2019-12-28T03:11:24.662Z,buy,2.995e-05,3.0,8.985e-05
EDO/BTC,1577502684662,2019-12-28T03:11:24.662Z,buy,2.998e-05,5.0,0.0001499
EDO/BTC,1577502685248,2019-12-28T03:11:25.248Z,buy,2.998e-05,16.0,0.00047968
EDO/BTC,1577502685527,2019-12-28T03:11:25.527Z,buy,2.998e-05,15.0,0.0004497
EDO/BTC,1577502685603,2019-12-28T03:11:25.603Z,buy,2.998e-05,8.0,0.00023984
EDO/BTC,1577502685640,2019-12-28T03:11:25.640Z,buy,2.998e-05,15.0,0.0004497
EDO/BTC,1577502685915,2019-12-28T03:11:25.915Z,buy,2.998e-05,17.0,0.00050966
EDO/BTC,1577502686111,2019-12-28T03:11:26.111Z,buy,2.998e-05,14.0,0.00041972
EDO/BTC,1577502687118,2019-12-28T03:11:27.118Z,buy,2.998e-05,17.0,0.00050966
EDO/BTC,1577502687333,2019-12-28T03:11:27.333Z,buy,2.998e-05,14.0,0.00041972
EDO/BTC,1577502687406,2019-12-28T03:11:27.406Z,buy,2.998e-05,5.0,0.0001499
EDO/BTC,1577502687516,2019-12-28T03:11:27.516Z,buy,2.998e-05,16.0,0.00047968
EDO/BTC,1577502687822,2019-12-28T03:11:27.822Z,buy,2.998e-05,15.0,0.0004497
EDO/BTC,1577502688680,2019-12-28T03:11:28.680Z,buy,2.998e-05,14.0,0.00041972
EDO/BTC,1577502688680,2019-12-28T03:11:28.680Z,buy,2.999e-05,2.0,5.998e-05
EDO/BTC,1577502688830,2019-12-28T03:11:28.830Z,buy,2.999e-05,17.0,0.00050983
EDO/BTC,1577502688981,2019-12-28T03:11:28.981Z,buy,2.999e-05,14.0,0.00041986
EDO/BTC,1577502689538,2019-12-28T03:11:29.538Z,buy,2.999e-05,15.0,0.00044985
EDO/BTC,1577502689836,2019-12-28T03:11:29.836Z,buy,2.999e-05,15.0,0.00044985
EDO/BTC,1577502689920,2019-12-28T03:11:29.920Z,buy,2.999e-05,14.0,0.00041986
EDO/BTC,1577502690602,2019-12-28T03:11:30.602Z,buy,2.999e-05,1245.0,0.03733755
EDO/BTC,1577502690723,2019-12-28T03:11:30.723Z,buy,2.999e-05,14.0,0.00041986
EDO/BTC,1577502690846,2019-12-28T03:11:30.846Z,buy,2.999e-05,5.0,0.0001499499999999
EDO/BTC,1577502691550,2019-12-28T03:11:31.550Z,buy,2.999e-05,8.0,0.00023992
EDO/BTC,1577502691705,2019-12-28T03:11:31.705Z,buy,2.999e-05,5.0,0.0001499499999999
EDO/BTC,1577502691852,2019-12-28T03:11:31.852Z,buy,2.999e-05,8.0,0.00023992
EDO/BTC,1577502692003,2019-12-28T03:11:32.003Z,buy,2.999e-05,15.0,0.00044985
EDO/BTC,1577502692859,2019-12-28T03:11:32.859Z,buy,2.999e-05,15.0,0.00044985
EDO/BTC,1577502693082,2019-12-28T03:11:33.082Z,buy,2.999e-05,16.0,0.00047984
EDO/BTC,1577502693164,2019-12-28T03:11:33.164Z,buy,2.999e-05,17.0,0.00050983
EDO/BTC,1577502694006,2019-12-28T03:11:34.006Z,buy,2.999e-05,17.0,0.00050983
EDO/BTC,1577502694144,2019-12-28T03:11:34.144Z,buy,2.999e-05,15.0,0.00044985
EDO/BTC,1577502694172,2019-12-28T03:11:34.172Z,buy,2.999e-05,14.0,0.00041986
EDO/BTC,1577502694481,2019-12-28T03:11:34.481Z,buy,2.999e-05,5.0,0.0001499499999999
EDO/BTC,1577502695296,2019-12-28T03:11:35.296Z,buy,2.999e-05,8.0,0.00023992
EDO/BTC,1577502695442,2019-12-28T03:11:35.442Z,buy,2.999e-05,15.0,0.00044985
EDO/BTC,1577502696147,2019-12-28T03:11:36.147Z,buy,2.999e-05,16.0,0.00047984
EDO/BTC,1577502696435,2019-12-28T03:11:36.435Z,buy,2.999e-05,16.0,0.00047984
EDO/BTC,1577502696609,2019-12-28T03:11:36.609Z,buy,2.999e-05,17.0,0.00050983
EDO/BTC,1577502696856,2019-12-28T03:11:36.856Z,buy,2.999e-05,15.0,0.00044985
EDO/BTC,1577502697271,2019-12-28T03:11:37.271Z,buy,2.999e-05,15.0,0.00044985
EDO/BTC,1577502697544,2019-12-28T03:11:37.544Z,buy,2.999e-05,14.0,0.00041986
EDO/BTC,1577502698446,2019-12-28T03:11:38.446Z,buy,2.999e-05,15.0,0.00044985
EDO/BTC,1577502698627,2019-12-28T03:11:38.627Z,buy,2.999e-05,5.0,0.0001499499999999
EDO/BTC,1577502698747,2019-12-28T03:11:38.747Z,buy,2.998e-05,8.0,0.00023984
EDO/BTC,1577502699004,2019-12-28T03:11:39.004Z,buy,2.998e-05,14.0,0.00041972
EDO/BTC,1577502702652,2019-12-28T03:11:42.652Z,buy,2.999e-05,1394.0,0.04180606
EDO/BTC,1577502703381,2019-12-28T03:11:43.381Z,buy,2.999e-05,15.0,0.00044985
EDO/BTC,1577502703746,2019-12-28T03:11:43.746Z,buy,2.999e-05,8.0,0.00023992
EDO/BTC,1577502703984,2019-12-28T03:11:43.984Z,buy,2.999e-05,15.0,0.00044985
EDO/BTC,1577502704009,2019-12-28T03:11:44.009Z,buy,2.999e-05,14.0,0.00041986
EDO/BTC,1577502704245,2019-12-28T03:11:44.245Z,buy,2.999e-05,5.0,0.0001499499999999
EDO/BTC,1577502704291,2019-12-28T03:11:44.291Z,buy,2.999e-05,14.0,0.00041986
EDO/BTC,1577502705146,2019-12-28T03:11:45.146Z,buy,2.999e-05,15.0,0.00044985
EDO/BTC,1577502705283,2019-12-28T03:11:45.283Z,buy,2.999e-05,14.0,0.00041986
EDO/BTC,1577502705454,2019-12-28T03:11:45.454Z,buy,2.999e-05,5.0,0.0001499499999999
EDO/BTC,1577502706291,2019-12-28T03:11:46.291Z,buy,2.999e-05,14.0,0.00041986
EDO/BTC,1577502706409,2019-12-28T03:11:46.409Z,buy,2.999e-05,5.0,0.0001499499999999
EDO/BTC,1577502706602,2019-12-28T03:11:46.602Z,buy,2.999e-05,8.0,0.00023992
EDO/BTC,1577502707404,2019-12-28T03:11:47.404Z,buy,2.999e-05,5.0,0.0001499499999999
EDO/BTC,1577502707555,2019-12-28T03:11:47.555Z,buy,2.999e-05,8.0,0.00023992
EDO/BTC,1577502707719,2019-12-28T03:11:47.719Z,buy,2.999e-05,15.0,0.00044985
EDO/BTC,1577502708557,2019-12-28T03:11:48.557Z,buy,2.999e-05,8.0,0.00023992
EDO/BTC,1577502708683,2019-12-28T03:11:48.683Z,buy,2.999e-05,15.0,0.00044985
EDO/BTC,1577502709381,2019-12-28T03:11:49.381Z,buy,2.999e-05,16.0,0.00047984
EDO/BTC,1577502709405,2019-12-28T03:11:49.405Z,buy,2.999e-05,5.0,0.0001499499999999
EDO/BTC,1577502709856,2019-12-28T03:11:49.856Z,buy,2.999e-05,15.0,0.00044985
EDO/BTC,1577502710327,2019-12-28T03:11:50.327Z,buy,2.999e-05,14.0,0.00041986
EDO/BTC,1577502710397,2019-12-28T03:11:50.397Z,buy,2.999e-05,8.0,0.00023992
EDO/BTC,1577502710679,2019-12-28T03:11:50.679Z,buy,2.999e-05,15.0,0.00044985
EDO/BTC,1577502711514,2019-12-28T03:11:51.514Z,buy,2.999e-05,8.0,0.00023992
EDO/BTC,1577502711959,2019-12-28T03:11:51.959Z,buy,2.999e-05,15.0,0.00044985
EDO/BTC,1577502712379,2019-12-28T03:11:52.379Z,buy,2.999e-05,5.0,0.0001499499999999
EDO/BTC,1577502712509,2019-12-28T03:11:52.509Z,buy,2.999e-05,16.0,0.00047984
EDO/BTC,1577502713356,2019-12-28T03:11:53.356Z,buy,2.999e-05,16.0,0.00047984
EDO/BTC,1577502713373,2019-12-28T03:11:53.373Z,buy,2.999e-05,5.0,0.0001499499999999
EDO/BTC,1577502713750,2019-12-28T03:11:53.750Z,buy,2.999e-05,8.0,0.00023992
EDO/BTC,1577502714365,2019-12-28T03:11:54.365Z,buy,2.999e-05,15.0,0.00044985
EDO/BTC,1577502714634,2019-12-28T03:11:54.634Z,buy,2.999e-05,15.0,0.00044985
EDO/BTC,1577502715628,2019-12-28T03:11:55.628Z,buy,2.999e-05,15.0,0.00044985
EDO/BTC,1577502715937,2019-12-28T03:11:55.937Z,buy,2.999e-05,17.0,0.00050983
EDO/BTC,1577502716192,2019-12-28T03:11:56.192Z,buy,2.999e-05,8.0,0.00023992
EDO/BTC,1577502716337,2019-12-28T03:11:56.337Z,buy,2.999e-05,16.0,0.00047984
EDO/BTC,1577502717231,2019-12-28T03:11:57.231Z,buy,2.999e-05,14.0,0.00041986
EDO/BTC,1577502717327,2019-12-28T03:11:57.327Z,buy,2.999e-05,5.0,0.0001499499999999
EDO/BTC,1577502717616,2019-12-28T03:11:57.616Z,buy,2.999e-05,15.0,0.00044985
EDO/BTC,1577502718026,2019-12-28T03:11:58.026Z,buy,2.999e-05,8.0,0.00023992
EDO/BTC,1577502718876,2019-12-28T03:11:58.876Z,buy,2.999e-05,17.0,0.00050983
EDO/BTC,1577502719018,2019-12-28T03:11:59.018Z,buy,2.999e-05,15.0,0.00044985
EDO/BTC,1577502719180,2019-12-28T03:11:59.180Z,buy,2.999e-05,14.0,0.00041986
EDO/BTC,1577502720009,2019-12-28T03:12:00.009Z,buy,2.999e-05,15.0,0.00044985
EDO/BTC,1577502720150,2019-12-28T03:12:00.150Z,buy,2.999e-05,14.0,0.00041986
EDO/BTC,1577502720311,2019-12-28T03:12:00.311Z,buy,2.999e-05,5.0,0.0001499499999999
EDO/BTC,1577502721287,2019-12-28T03:12:01.287Z,buy,2.997e-05,4.0,0.00011988
EDO/BTC,1577502721287,2019-12-28T03:12:01.287Z,buy,2.999e-05,1.0,2.999e-05
EDO/BTC,1577502721693,2019-12-28T03:12:01.693Z,buy,2.999e-05,14.0,0.00041986
EDO/BTC,1577502721761,2019-12-28T03:12:01.761Z,buy,2.999e-05,15.0,0.00044985
EDO/BTC,1577502722282,2019-12-28T03:12:02.282Z,buy,2.999e-05,8.0,0.00023992
EDO/BTC,1577502723121,2019-12-28T03:12:03.121Z,buy,2.999e-05,14.0,0.00041986
EDO/BTC,1577502723277,2019-12-28T03:12:03.277Z,buy,2.999e-05,5.0,0.0001499499999999
EDO/BTC,1577502723426,2019-12-28T03:12:03.426Z,buy,2.999e-05,8.0,0.00023992
EDO/BTC,1577502724152,2019-12-28T03:12:04.152Z,buy,2.999e-05,15.0,0.00044985
EDO/BTC,1577502724260,2019-12-28T03:12:04.260Z,buy,2.999e-05,5.0,0.0001499499999999
EDO/BTC,1577502724430,2019-12-28T03:12:04.430Z,buy,2.999e-05,8.0,0.00023992
EDO/BTC,1577502725095,2019-12-28T03:12:05.095Z,buy,2.999e-05,15.0,0.00044985
EDO/BTC,1577502725258,2019-12-28T03:12:05.258Z,buy,2.999e-05,5.0,0.0001499499999999
EDO/BTC,1577502725402,2019-12-28T03:12:05.402Z,buy,2.999e-05,8.0,0.00023992
EDO/BTC,1577502726253,2019-12-28T03:12:06.253Z,buy,2.999e-05,5.0,0.0001499499999999
EDO/BTC,1577502726365,2019-12-28T03:12:06.365Z,buy,2.999e-05,10.0,0.0002998999999999
EDO/BTC,1577502726548,2019-12-28T03:12:06.548Z,buy,2.999e-05,15.0,0.00044985
EDO/BTC,1577502726933,2019-12-28T03:12:06.933Z,buy,2.999e-05,8.0,0.00023992
EDO/BTC,1577502727796,2019-12-28T03:12:07.796Z,buy,2.998e-05,17.0,0.00050966
EDO/BTC,1577502728097,2019-12-28T03:12:08.097Z,buy,2.998e-05,14.0,0.00041972
EDO/BTC,1577502728497,2019-12-28T03:12:08.497Z,buy,2.998e-05,15.0,0.0004497
EDO/BTC,1577502729510,2019-12-28T03:12:09.510Z,buy,2.998e-05,15.0,0.0004497
EDO/BTC,1577502729813,2019-12-28T03:12:09.813Z,buy,2.998e-05,16.0,0.00047968
EDO/BTC,1577502729905,2019-12-28T03:12:09.905Z,buy,2.998e-05,8.0,0.00023984
EDO/BTC,1577502729974,2019-12-28T03:12:09.974Z,buy,2.998e-05,17.0,0.00050966
EDO/BTC,1577502730799,2019-12-28T03:12:10.799Z,buy,2.998e-05,17.0,0.00050966
EDO/BTC,1577502731074,2019-12-28T03:12:11.074Z,buy,2.998e-05,14.0,0.00041972
EDO/BTC,1577502731215,2019-12-28T03:12:11.215Z,buy,2.998e-05,5.0,0.0001499
EDO/BTC,1577502731468,2019-12-28T03:12:11.468Z,buy,2.998e-05,15.0,0.0004497
EDO/BTC,1577502732332,2019-12-28T03:12:12.332Z,buy,2.998e-05,8.0,0.00023984
EDO/BTC,1577502732636,2019-12-28T03:12:12.636Z,buy,2.998e-05,16.0,0.00047968
EDO/BTC,1577502733025,2019-12-28T03:12:13.025Z,buy,2.998e-05,15.0,0.0004497
EDO/BTC,1577502733913,2019-12-28T03:12:13.913Z,buy,2.998e-05,15.0,0.0004497
EDO/BTC,1577502734023,2019-12-28T03:12:14.023Z,buy,2.998e-05,14.0,0.00041972
EDO/BTC,1577502734181,2019-12-28T03:12:14.181Z,buy,2.998e-05,5.0,0.0001499
EDO/BTC,1577502734323,2019-12-28T03:12:14.323Z,buy,2.998e-05,8.0,0.00023984
EDO/BTC,1577502735303,2019-12-28T03:12:15.303Z,buy,2.998e-05,8.0,0.00023984
EDO/BTC,1577502735710,2019-12-28T03:12:15.710Z,buy,2.998e-05,5.0,0.0001499
EDO/BTC,1577502735766,2019-12-28T03:12:15.766Z,buy,2.998e-05,16.0,0.00047968
EDO/BTC,1577502736005,2019-12-28T03:12:16.005Z,buy,2.998e-05,15.0,0.0004497
EDO/BTC,1577502736886,2019-12-28T03:12:16.886Z,buy,2.998e-05,15.0,0.0004497
EDO/BTC,1577502737432,2019-12-28T03:12:17.432Z,buy,2.998e-05,15.0,0.0004497
EDO/BTC,1577502737617,2019-12-28T03:12:17.617Z,buy,2.998e-05,14.0,0.00041972
EDO/BTC,1577502737711,2019-12-28T03:12:17.711Z,buy,2.998e-05,5.0,0.0001499
EDO/BTC,1577502737751,2019-12-28T03:12:17.751Z,buy,2.998e-05,16.0,0.00047968
EDO/BTC,1577502737826,2019-12-28T03:12:17.826Z,buy,2.998e-05,8.0,0.00023984
EDO/BTC,1577502738406,2019-12-28T03:12:18.406Z,buy,2.998e-05,17.0,0.00050966
EDO/BTC,1577502738725,2019-12-28T03:12:18.725Z,buy,2.998e-05,17.0,0.00050966
EDO/BTC,1577502739559,2019-12-28T03:12:19.559Z,buy,2.998e-05,16.0,0.00047968
EDO/BTC,1577502739730,2019-12-28T03:12:19.730Z,buy,2.998e-05,17.0,0.00050966
EDO/BTC,1577502740398,2019-12-28T03:12:20.398Z,buy,2.998e-05,15.0,0.0004497
EDO/BTC,1577502740744,2019-12-28T03:12:20.744Z,buy,2.998e-05,17.0,0.00050966
EDO/BTC,1577502741089,2019-12-28T03:12:21.089Z,buy,2.998e-05,16.0,0.00047968
EDO/BTC,1577502741378,2019-12-28T03:12:21.378Z,buy,2.998e-05,86.0,0.00257828
EDO/BTC,1577502741977,2019-12-28T03:12:21.977Z,buy,2.998e-05,14.0,0.00041972
EDO/BTC,1577502742247,2019-12-28T03:12:22.247Z,buy,2.998e-05,8.0,0.00023984
EDO/BTC,1577502742650,2019-12-28T03:12:22.650Z,buy,2.998e-05,5.0,0.0001499
EDO/BTC,1577502743525,2019-12-28T03:12:23.525Z,buy,2.998e-05,16.0,0.00047968
EDO/BTC,1577502743807,2019-12-28T03:12:23.807Z,buy,2.998e-05,15.0,0.0004497
EDO/BTC,1577502743962,2019-12-28T03:12:23.962Z,buy,2.998e-05,14.0,0.00041972
EDO/BTC,1577502744213,2019-12-28T03:12:24.213Z,buy,2.998e-05,17.0,0.00050966
EDO/BTC,1577502744291,2019-12-28T03:12:24.291Z,buy,2.998e-05,5.0,0.0001499
EDO/BTC,1577502745146,2019-12-28T03:12:25.146Z,buy,2.998e-05,5.0,0.0001499
EDO/BTC,1577502745224,2019-12-28T03:12:25.224Z,buy,2.998e-05,8.0,0.00023984
EDO/BTC,1577502745372,2019-12-28T03:12:25.372Z,buy,2.998e-05,15.0,0.0004497
EDO/BTC,1577502745522,2019-12-28T03:12:25.522Z,buy,2.998e-05,16.0,0.00047968
EDO/BTC,1577502746502,2019-12-28T03:12:26.502Z,buy,2.998e-05,16.0,0.00047968
EDO/BTC,1577502746911,2019-12-28T03:12:26.911Z,buy,2.998e-05,15.0,0.0004497
EDO/BTC,1577502747179,2019-12-28T03:12:27.179Z,buy,2.998e-05,17.0,0.00050966
EDO/BTC,1577502747335,2019-12-28T03:12:27.335Z,buy,2.998e-05,15.0,0.0004497
EDO/BTC,1577502748192,2019-12-28T03:12:28.192Z,buy,2.998e-05,8.0,0.00023984
EDO/BTC,1577502748340,2019-12-28T03:12:28.340Z,buy,2.998e-05,15.0,0.0004497
EDO/BTC,1577502748490,2019-12-28T03:12:28.490Z,buy,2.998e-05,16.0,0.00047968
EDO/BTC,1577502749337,2019-12-28T03:12:29.337Z,buy,2.998e-05,15.0,0.0004497
EDO/BTC,1577502749613,2019-12-28T03:12:29.613Z,buy,2.998e-05,17.0,0.00050966
EDO/BTC,1577502750012,2019-12-28T03:12:30.012Z,buy,2.998e-05,16.0,0.00047968
EDO/BTC,1577502750935,2019-12-28T03:12:30.935Z,buy,2.998e-05,10.0,0.0002998
EDO/BTC,1577502751035,2019-12-28T03:12:31.035Z,buy,2.998e-05,5.0,0.0001499
EDO/BTC,1577502751164,2019-12-28T03:12:31.164Z,buy,2.998e-05,8.0,0.00023984
EDO/BTC,1577502751318,2019-12-28T03:12:31.318Z,buy,2.998e-05,15.0,0.0004497
EDO/BTC,1577502751452,2019-12-28T03:12:31.452Z,buy,2.998e-05,14.0,0.00041972
EDO/BTC,1577502752447,2019-12-28T03:12:32.447Z,buy,2.998e-05,16.0,0.00047968
EDO/BTC,1577502752597,2019-12-28T03:12:32.597Z,buy,2.998e-05,17.0,0.00050966
EDO/BTC,1577502752748,2019-12-28T03:12:32.748Z,buy,2.998e-05,15.0,0.0004497
EDO/BTC,1577502752850,2019-12-28T03:12:32.850Z,buy,2.998e-05,15.0,0.0004497
EDO/BTC,1577502753722,2019-12-28T03:12:33.722Z,buy,2.998e-05,15.0,0.0004497
EDO/BTC,1577502754010,2019-12-28T03:12:34.010Z,buy,2.998e-05,5.0,0.0001499
EDO/BTC,1577502754411,2019-12-28T03:12:34.411Z,buy,2.998e-05,14.0,0.00041972
EDO/BTC,1577502755286,2019-12-28T03:12:35.286Z,buy,2.998e-05,15.0,0.0004497
EDO/BTC,1577502755425,2019-12-28T03:12:35.425Z,buy,2.998e-05,16.0,0.00047968
EDO/BTC,1577502755549,2019-12-28T03:12:35.549Z,buy,2.998e-05,17.0,0.00050966
EDO/BTC,1577502756427,2019-12-28T03:12:36.427Z,buy,2.998e-05,16.0,0.00047968
EDO/BTC,1577502756564,2019-12-28T03:12:36.564Z,buy,2.998e-05,17.0,0.00050966
EDO/BTC,1577502757247,2019-12-28T03:12:37.247Z,buy,2.998e-05,15.0,0.0004497
EDO/BTC,1577502757553,2019-12-28T03:12:37.553Z,buy,2.998e-05,17.0,0.00050966
EDO/BTC,1577502757992,2019-12-28T03:12:37.992Z,buy,2.998e-05,16.0,0.00047968
EDO/BTC,1577502758419,2019-12-28T03:12:38.419Z,buy,2.998e-05,16.0,0.00047968
EDO/BTC,1577502759245,2019-12-28T03:12:39.245Z,buy,2.998e-05,15.0,0.0004497
EDO/BTC,1577502759379,2019-12-28T03:12:39.379Z,buy,2.998e-05,14.0,0.00041972
EDO/BTC,1577502759434,2019-12-28T03:12:39.434Z,sell,2.994e-05,70.0,0.0020958
EDO/BTC,1577502759744,2019-12-28T03:12:39.744Z,buy,2.998e-05,17.0,0.00050966
EDO/BTC,1577502759941,2019-12-28T03:12:39.941Z,buy,2.998e-05,16.0,0.00047968
EDO/BTC,1577502760828,2019-12-28T03:12:40.828Z,buy,2.998e-05,14.0,0.00041972
EDO/BTC,1577502761099,2019-12-28T03:12:41.099Z,buy,2.998e-05,8.0,0.00023984
EDO/BTC,1577502761502,2019-12-28T03:12:41.502Z,buy,2.998e-05,5.0,0.0001499
EDO/BTC,1577502761796,2019-12-28T03:12:41.796Z,buy,2.998e-05,15.0,0.0004497
EDO/BTC,1577502762671,2019-12-28T03:12:42.671Z,buy,2.998e-05,15.0,0.0004497
EDO/BTC,1577502762936,2019-12-28T03:12:42.936Z,buy,2.998e-05,5.0,0.0001499
EDO/BTC,1577502763341,2019-12-28T03:12:43.341Z,buy,2.998e-05,14.0,0.00041972
EDO/BTC,1577502763521,2019-12-28T03:12:43.521Z,buy,2.998e-05,17.0,0.00050966
EDO/BTC,1577502763633,2019-12-28T03:12:43.633Z,buy,2.998e-05,8.0,0.00023984
EDO/BTC,1577502763813,2019-12-28T03:12:43.813Z,buy,2.998e-05,15.0,0.0004497
EDO/BTC,1577502764644,2019-12-28T03:12:44.644Z,buy,2.998e-05,15.0,0.0004497
EDO/BTC,1577502764770,2019-12-28T03:12:44.770Z,buy,2.998e-05,14.0,0.00041972
EDO/BTC,1577502764926,2019-12-28T03:12:44.926Z,buy,2.998e-05,5.0,0.0001499
EDO/BTC,1577502765789,2019-12-28T03:12:45.789Z,buy,2.998e-05,14.0,0.00041972
EDO/BTC,1577502765900,2019-12-28T03:12:45.900Z,buy,2.998e-05,5.0,0.0001499
EDO/BTC,1577502766046,2019-12-28T03:12:46.046Z,buy,2.998e-05,8.0,0.00023984
EDO/BTC,1577502766765,2019-12-28T03:12:46.765Z,buy,2.998e-05,15.0,0.0004497
EDO/BTC,1577502766909,2019-12-28T03:12:46.909Z,buy,2.998e-05,5.0,0.0001499
EDO/BTC,1577502767044,2019-12-28T03:12:47.044Z,buy,2.998e-05,8.0,0.00023984
EDO/BTC,1577502767901,2019-12-28T03:12:47.901Z,buy,2.998e-05,5.0,0.0001499
EDO/BTC,1577502768169,2019-12-28T03:12:48.169Z,buy,2.998e-05,15.0,0.0004497
EDO/BTC,1577502768583,2019-12-28T03:12:48.583Z,buy,2.998e-05,8.0,0.00023984
EDO/BTC,1577502769469,2019-12-28T03:12:49.469Z,buy,2.998e-05,17.0,0.00050966
EDO/BTC,1577502769604,2019-12-28T03:12:49.604Z,buy,2.998e-05,15.0,0.0004497
EDO/BTC,1577502769986,2019-12-28T03:12:49.986Z,buy,2.998e-05,14.0,0.00041972
EDO/BTC,1577502770857,2019-12-28T03:12:50.857Z,buy,2.998e-05,5.0,0.0001499
EDO/BTC,1577502771015,2019-12-28T03:12:51.015Z,buy,2.998e-05,8.0,0.00023984
EDO/BTC,1577502771157,2019-12-28T03:12:51.157Z,buy,2.998e-05,15.0,0.0004497
EDO/BTC,1577502772147,2019-12-28T03:12:52.147Z,buy,2.998e-05,15.0,0.0004497
EDO/BTC,1577502772567,2019-12-28T03:12:52.567Z,buy,2.998e-05,8.0,0.00023984
EDO/BTC,1577502772590,2019-12-28T03:12:52.590Z,buy,2.998e-05,17.0,0.00050966
EDO/BTC,1577502772846,2019-12-28T03:12:52.846Z,buy,2.998e-05,16.0,0.00047968
EDO/BTC,1577502773989,2019-12-28T03:12:53.989Z,buy,2.998e-05,8.0,0.00023984
EDO/BTC,1577502773989,2019-12-28T03:12:53.989Z,buy,2.998e-05,5.0,0.0001499
EDO/BTC,1577502774129,2019-12-28T03:12:54.129Z,buy,2.998e-05,15.0,0.0004497
EDO/BTC,1577502774441,2019-12-28T03:12:54.441Z,buy,2.998e-05,14.0,0.00041972
EDO/BTC,1577502774498,2019-12-28T03:12:54.498Z,buy,2.998e-05,16.0,0.00047968
EDO/BTC,1577502775418,2019-12-28T03:12:55.418Z,buy,2.998e-05,17.0,0.00050966
EDO/BTC,1577502775682,2019-12-28T03:12:55.682Z,buy,2.998e-05,14.0,0.00041972
EDO/BTC,1577502776104,2019-12-28T03:12:56.104Z,buy,2.998e-05,15.0,0.0004497
EDO/BTC,1577502776965,2019-12-28T03:12:56.965Z,buy,2.998e-05,8.0,0.00023984
EDO/BTC,1577502777250,2019-12-28T03:12:57.250Z,buy,2.998e-05,16.0,0.00047968
EDO/BTC,1577502777659,2019-12-28T03:12:57.659Z,buy,2.998e-05,15.0,0.0004497
EDO/BTC,1577502778664,2019-12-28T03:12:58.664Z,buy,2.998e-05,14.0,0.00041972
EDO/BTC,1577502778798,2019-12-28T03:12:58.798Z,buy,2.998e-05,5.0,0.0001499
EDO/BTC,1577502779079,2019-12-28T03:12:59.079Z,buy,2.998e-05,15.0,0.0004497
EDO/BTC,1577502779204,2019-12-28T03:12:59.204Z,buy,2.998e-05,8.0,0.00023984
EDO/BTC,1577502780394,2019-12-28T03:13:00.394Z,buy,2.998e-05,17.0,0.00050966
EDO/BTC,1577502780435,2019-12-28T03:13:00.435Z,buy,2.998e-05,1873.0,0.05615254
EDO/BTC,1577502780435,2019-12-28T03:13:00.435Z,buy,2.999e-05,4726.0,0.14173274
EDO/BTC,1577502780509,2019-12-28T03:13:00.509Z,buy,2.999e-05,15.0,0.00044985
EDO/BTC,1577502780631,2019-12-28T03:13:00.631Z,buy,2.999e-05,15.0,0.00044985
EDO/BTC,1577502780764,2019-12-28T03:13:00.764Z,buy,2.997e-05,4.0,0.00011988
EDO/BTC,1577502780764,2019-12-28T03:13:00.764Z,buy,2.999e-05,12.0,0.00035988
EDO/BTC,1577502780838,2019-12-28T03:13:00.838Z,buy,2.999e-05,5.0,0.0001499499999999
EDO/BTC,1577502780848,2019-12-28T03:13:00.848Z,buy,2.999e-05,14.0,0.00041986
EDO/BTC,1577502781771,2019-12-28T03:13:01.771Z,buy,2.999e-05,5.0,0.0001499499999999
EDO/BTC,1577502782058,2019-12-28T03:13:02.058Z,buy,2.999e-05,15.0,0.00044985
EDO/BTC,1577502782469,2019-12-28T03:13:02.469Z,buy,2.999e-05,8.0,0.00023992
EDO/BTC,1577502783356,2019-12-28T03:13:03.356Z,buy,2.999e-05,17.0,0.00050983
EDO/BTC,1577502783479,2019-12-28T03:13:03.479Z,buy,2.999e-05,15.0,0.00044985
EDO/BTC,1577502783635,2019-12-28T03:13:03.635Z,buy,2.999e-05,14.0,0.00041986
EDO/BTC,1577502784477,2019-12-28T03:13:04.477Z,buy,2.999e-05,15.0,0.00044985
EDO/BTC,1577502784618,2019-12-28T03:13:04.618Z,buy,2.999e-05,14.0,0.00041986
EDO/BTC,1577502784936,2019-12-28T03:13:04.936Z,buy,2.999e-05,5.0,0.0001499499999999
EDO/BTC,1577502785877,2019-12-28T03:13:05.877Z,buy,2.999e-05,8.0,0.00023992
EDO/BTC,1577502786163,2019-12-28T03:13:06.163Z,buy,2.999e-05,16.0,0.00047984
EDO/BTC,1577502786304,2019-12-28T03:13:06.304Z,buy,2.999e-05,5.0,0.0001499499999999
EDO/BTC,1577502786306,2019-12-28T03:13:06.306Z,buy,2.999e-05,15.0,0.00044985
EDO/BTC,1577502787161,2019-12-28T03:13:07.161Z,buy,2.999e-05,16.0,0.00047984
EDO/BTC,1577502787309,2019-12-28T03:13:07.309Z,buy,2.999e-05,17.0,0.00050983
EDO/BTC,1577502787989,2019-12-28T03:13:07.989Z,buy,2.999e-05,15.0,0.00044985
EDO/BTC,1577502788134,2019-12-28T03:13:08.134Z,buy,2.999e-05,16.0,0.00047984
EDO/BTC,1577502788285,2019-12-28T03:13:08.285Z,buy,2.999e-05,17.0,0.00050983
EDO/BTC,1577502789145,2019-12-28T03:13:09.145Z,buy,2.999e-05,16.0,0.00047984
EDO/BTC,1577502789285,2019-12-28T03:13:09.285Z,buy,2.999e-05,17.0,0.00050983
EDO/BTC,1577502789439,2019-12-28T03:13:09.439Z,buy,2.999e-05,15.0,0.00044985
EDO/BTC,1577502790425,2019-12-28T03:13:10.425Z,buy,2.999e-05,15.0,0.00044985
EDO/BTC,1577502790586,2019-12-28T03:13:10.586Z,buy,2.999e-05,14.0,0.00041986
EDO/BTC,1577502790817,2019-12-28T03:13:10.817Z,buy,2.999e-05,17.0,0.00050983
EDO/BTC,1577502790899,2019-12-28T03:13:10.899Z,buy,2.999e-05,5.0,0.0001499499999999
EDO/BTC,1577502791835,2019-12-28T03:13:11.835Z,buy,2.999e-05,8.0,0.00023992
EDO/BTC,1577502791970,2019-12-28T03:13:11.970Z,buy,2.999e-05,15.0,0.00044985
EDO/BTC,1577502792136,2019-12-28T03:13:12.136Z,buy,2.999e-05,16.0,0.00047984
EDO/BTC,1577502792249,2019-12-28T03:13:12.249Z,buy,2.999e-05,5.0,0.0001499499999999
EDO/BTC,1577502793395,2019-12-28T03:13:13.395Z,buy,2.999e-05,15.0,0.00044985
EDO/BTC,1577502793571,2019-12-28T03:13:13.571Z,buy,2.999e-05,14.0,0.00041986
EDO/BTC,1577502793648,2019-12-28T03:13:13.648Z,buy,2.999e-05,16.0,0.00047984
EDO/BTC,1577502793808,2019-12-28T03:13:13.808Z,buy,2.999e-05,17.0,0.00050983
EDO/BTC,1577502793954,2019-12-28T03:13:13.954Z,buy,2.999e-05,5.0,0.0001499499999999
EDO/BTC,1577502794947,2019-12-28T03:13:14.947Z,buy,2.999e-05,15.0,0.00044985
EDO/BTC,1577502795101,2019-12-28T03:13:15.101Z,buy,2.999e-05,16.0,0.00047984
EDO/BTC,1577502795101,2019-12-28T03:13:15.101Z,buy,2.999e-05,16.0,0.00047984
EDO/BTC,1577502795349,2019-12-28T03:13:15.349Z,buy,2.999e-05,8.0,0.00023992
EDO/BTC,1577502795753,2019-12-28T03:13:15.753Z,buy,2.999e-05,15.0,0.00044985
EDO/BTC,1577502795784,2019-12-28T03:13:15.784Z,buy,2.999e-05,17.0,0.00050983
EDO/BTC,1577502796794,2019-12-28T03:13:16.794Z,buy,2.999e-05,8.0,0.00023992
EDO/BTC,1577502796930,2019-12-28T03:13:16.930Z,buy,2.999e-05,15.0,0.00044985
EDO/BTC,1577502797074,2019-12-28T03:13:17.074Z,buy,2.999e-05,16.0,0.00047984
EDO/BTC,1577502797185,2019-12-28T03:13:17.185Z,buy,2.999e-05,5.0,0.0001499499999999
EDO/BTC,1577502798093,2019-12-28T03:13:18.093Z,buy,2.999e-05,16.0,0.00047984
EDO/BTC,1577502798217,2019-12-28T03:13:18.217Z,buy,2.999e-05,17.0,0.00050983
EDO/BTC,1577502798360,2019-12-28T03:13:18.360Z,buy,2.999e-05,15.0,0.00044985
EDO/BTC,1577502798507,2019-12-28T03:13:18.507Z,buy,2.999e-05,14.0,0.00041986
EDO/BTC,1577502799487,2019-12-28T03:13:19.487Z,buy,2.999e-05,14.0,0.00041986
EDO/BTC,1577502799779,2019-12-28T03:13:19.779Z,buy,2.999e-05,5.0,0.0001499499999999
EDO/BTC,1577502799893,2019-12-28T03:13:19.893Z,buy,2.999e-05,15.0,0.00044985
EDO/BTC,1577502799996,2019-12-28T03:13:19.996Z,buy,2.999e-05,8.0,0.00023992
EDO/BTC,1577502800895,2019-12-28T03:13:20.895Z,buy,2.999e-05,15.0,0.00044985
EDO/BTC,1577502801044,2019-12-28T03:13:21.044Z,buy,2.999e-05,16.0,0.00047984
EDO/BTC,1577502801172,2019-12-28T03:13:21.172Z,buy,2.999e-05,17.0,0.00050983
EDO/BTC,1577502802179,2019-12-28T03:13:22.179Z,buy,2.999e-05,17.0,0.00050983
EDO/BTC,1577502802571,2019-12-28T03:13:22.571Z,buy,2.999e-05,16.0,0.00047984
EDO/BTC,1577502802641,2019-12-28T03:13:22.641Z,buy,2.999e-05,14.0,0.00041986
EDO/BTC,1577502802860,2019-12-28T03:13:22.860Z,buy,2.999e-05,15.0,0.00044985
EDO/BTC,1577502803720,2019-12-28T03:13:23.720Z,buy,2.999e-05,8.0,0.00023992
EDO/BTC,1577502804420,2019-12-28T03:13:24.420Z,buy,2.999e-05,15.0,0.00044985
EDO/BTC,1577502804553,2019-12-28T03:13:24.553Z,buy,2.999e-05,16.0,0.00047984
EDO/BTC,1577502804588,2019-12-28T03:13:24.588Z,buy,2.999e-05,5.0,0.0001499499999999
