symbol,timestamp,datetime,side,price,amount,btc_volume
EDO/BTC,1575475710034,2019-12-04T16:08:30.034Z,sell,3.205e-05,100.0,0.003205
EDO/BTC,1575476865054,2019-12-04T16:27:45.054Z,buy,3.209e-05,6.0,0.00019254
EDO/BTC,1575478044132,2019-12-04T16:47:24.132Z,buy,3.209e-05,384.0,0.01232256
EDO/BTC,1575478044132,2019-12-04T16:47:24.132Z,buy,3.21e-05,153.0,0.0049113
EDO/BTC,1575478044132,2019-12-04T16:47:24.132Z,buy,3.212e-05,993.0,0.03189516
EDO/BTC,1575478044132,2019-12-04T16:47:24.132Z,buy,3.213e-05,2110.0,0.0677943
EDO/BTC,1575478044132,2019-12-04T16:47:24.132Z,buy,3.218e-05,4.0,0.00012872
EDO/BTC,1575478044132,2019-12-04T16:47:24.132Z,buy,3.226e-05,8.0,0.00025808
EDO/BTC,1575478044132,2019-12-04T16:47:24.132Z,buy,3.23e-05,14.0,0.0004522
EDO/BTC,1575478044132,2019-12-04T16:47:24.132Z,buy,3.235e-05,4.0,0.0001294
EDO/BTC,1575478044132,2019-12-04T16:47:24.132Z,buy,3.24e-05,30.0,0.000972
EDO/BTC,1575478071447,2019-12-04T16:47:51.447Z,sell,3.227e-05,15.0,0.00048405
EDO/BTC,1575478071447,2019-12-04T16:47:51.447Z,sell,3.22e-05,2.0,6.44e-05
EDO/BTC,1575478071470,2019-12-04T16:47:51.470Z,sell,3.22e-05,17.0,0.0005474
EDO/BTC,1575478071748,2019-12-04T16:47:51.748Z,sell,3.22e-05,17.0,0.0005474
EDO/BTC,1575478071891,2019-12-04T16:47:51.891Z,sell,3.22e-05,17.0,0.0005474
EDO/BTC,1575478072452,2019-12-04T16:47:52.452Z,sell,3.22e-05,17.0,0.0005474
EDO/BTC,1575478072704,2019-12-04T16:47:52.704Z,sell,3.22e-05,17.0,0.0005474
EDO/BTC,1575478072748,2019-12-04T16:47:52.748Z,sell,3.22e-05,17.0,0.0005474
EDO/BTC,1575478072972,2019-12-04T16:47:52.972Z,sell,3.22e-05,17.0,0.0005474
EDO/BTC,1575478074486,2019-12-04T16:47:54.486Z,sell,3.221e-05,19.0,0.00061199
EDO/BTC,1575478074486,2019-12-04T16:47:54.486Z,sell,3.221e-05,19.0,0.00061199
EDO/BTC,1575479100510,2019-12-04T17:05:00.510Z,sell,3.221e-05,188.0,0.0060554799999999
EDO/BTC,1575479100629,2019-12-04T17:05:00.629Z,buy,3.221e-05,131.0,0.00421951
EDO/BTC,1575479101728,2019-12-04T17:05:01.728Z,buy,3.221e-05,91.0,0.00293111
EDO/BTC,1575479102731,2019-12-04T17:05:02.731Z,buy,3.221e-05,63.0,0.00202923
EDO/BTC,1575479103929,2019-12-04T17:05:03.929Z,buy,3.221e-05,44.0,0.00141724
EDO/BTC,1575480063012,2019-12-04T17:21:03.012Z,sell,3.218e-05,4.0,0.00012872
EDO/BTC,1575480128195,2019-12-04T17:22:08.195Z,buy,3.217e-05,4.0,0.00012868
EDO/BTC,1575480479644,2019-12-04T17:27:59.644Z,buy,3.217e-05,20.0,0.0006433999999999
EDO/BTC,1575480573151,2019-12-04T17:29:33.151Z,sell,3.21e-05,14.0,0.0004494
EDO/BTC,1575480573151,2019-12-04T17:29:33.151Z,sell,3.205e-05,87.0,0.0027883499999999
EDO/BTC,1575480638218,2019-12-04T17:30:38.218Z,sell,3.205e-05,102.0,0.0032691
EDO/BTC,1575480638218,2019-12-04T17:30:38.218Z,sell,3.205e-05,102.0,0.0032691
EDO/BTC,1575482136159,2019-12-04T17:55:36.159Z,sell,3.206e-05,177.0,0.00567462
EDO/BTC,1575482136159,2019-12-04T17:55:36.159Z,sell,3.205e-05,177.0,0.00567285
EDO/BTC,1575482136159,2019-12-04T17:55:36.159Z,sell,3.202e-05,124.0,0.00397048
EDO/BTC,1575482136159,2019-12-04T17:55:36.159Z,sell,3.2e-05,254.0,0.008128
EDO/BTC,1575482136159,2019-12-04T17:55:36.159Z,sell,3.199e-05,945.0,0.03023055
EDO/BTC,1575482144134,2019-12-04T17:55:44.134Z,buy,3.199e-05,1098.0,0.03512502
EDO/BTC,1575482145231,2019-12-04T17:55:45.231Z,buy,3.199e-05,408.0,0.0130519199999999
EDO/BTC,1575482797889,2019-12-04T18:06:37.889Z,sell,3.2e-05,112.0,0.003584
EDO/BTC,1575483060481,2019-12-04T18:11:00.481Z,buy,3.217e-05,77.0,0.00247709
EDO/BTC,1575483317854,2019-12-04T18:15:17.854Z,buy,3.216e-05,498.0,0.0160156799999999
EDO/BTC,1575483327074,2019-12-04T18:15:27.074Z,buy,3.216e-05,4.0,0.00012864
EDO/BTC,1575483332808,2019-12-04T18:15:32.808Z,sell,3.199e-05,3508.0,0.1122209199999999
EDO/BTC,1575483332808,2019-12-04T18:15:32.808Z,sell,3.198e-05,31.0,0.00099138
EDO/BTC,1575483332808,2019-12-04T18:15:32.808Z,sell,3.193e-05,1136.0,0.03627248
EDO/BTC,1575483332866,2019-12-04T18:15:32.866Z,buy,3.193e-05,1325.0,0.04230725
EDO/BTC,1575484021758,2019-12-04T18:27:01.758Z,sell,3.203e-05,15.0,0.00048045
EDO/BTC,1575484038946,2019-12-04T18:27:18.946Z,sell,3.195e-05,237.0,0.00757215
EDO/BTC,1575484038982,2019-12-04T18:27:18.982Z,buy,3.195e-05,183.0,0.00584685
EDO/BTC,1575484038986,2019-12-04T18:27:18.986Z,buy,3.195e-05,62.0,0.0019809
EDO/BTC,1575484124417,2019-12-04T18:28:44.417Z,buy,3.21e-05,5.0,0.0001605
EDO/BTC,1575484124417,2019-12-04T18:28:44.417Z,buy,3.21e-05,5.0,0.0001605
EDO/BTC,1575486610236,2019-12-04T19:10:10.236Z,buy,3.215e-05,10.0,0.0003215
EDO/BTC,1575486739840,2019-12-04T19:12:19.840Z,sell,3.194e-05,61.0,0.00194834
EDO/BTC,1575486812345,2019-12-04T19:13:32.345Z,sell,3.193e-05,432.0,0.01379376
EDO/BTC,1575486812345,2019-12-04T19:13:32.345Z,sell,3.192e-05,9.0,0.00028728
EDO/BTC,1575487627170,2019-12-04T19:27:07.170Z,buy,3.213e-05,37.0,0.00118881
EDO/BTC,1575487627170,2019-12-04T19:27:07.170Z,buy,3.213e-05,37.0,0.00118881
EDO/BTC,1575488775889,2019-12-04T19:46:15.889Z,buy,3.2e-05,6.0,0.000192
EDO/BTC,1575488944260,2019-12-04T19:49:04.260Z,sell,3.193e-05,93.0,0.00296949
EDO/BTC,1575488995087,2019-12-04T19:49:55.087Z,sell,3.193e-05,101.0,0.00322493
EDO/BTC,1575488995174,2019-12-04T19:49:55.174Z,buy,3.193e-05,113.0,0.00360809
EDO/BTC,1575488996473,2019-12-04T19:49:56.473Z,buy,3.193e-05,59.0,0.00188387
EDO/BTC,1575489324868,2019-12-04T19:55:24.868Z,buy,3.209e-05,46.0,0.00147614
EDO/BTC,1575490621553,2019-12-04T20:17:01.553Z,sell,3.19e-05,228.0,0.0072732
EDO/BTC,1575490627644,2019-12-04T20:17:07.644Z,buy,3.19e-05,151.0,0.0048169
EDO/BTC,1575490628859,2019-12-04T20:17:08.859Z,buy,3.19e-05,105.0,0.0033495
EDO/BTC,1575490630648,2019-12-04T20:17:10.648Z,buy,3.19e-05,72.0,0.0022968
EDO/BTC,1575490688232,2019-12-04T20:18:08.232Z,buy,3.19e-05,4.0,0.0001276
EDO/BTC,1575490688232,2019-12-04T20:18:08.232Z,buy,3.19e-05,4.0,0.0001276
EDO/BTC,1575491447404,2019-12-04T20:30:47.404Z,sell,3.189e-05,6.0,0.00019134
EDO/BTC,1575491787221,2019-12-04T20:36:27.221Z,buy,3.2e-05,156.0,0.004992
EDO/BTC,1575492658604,2019-12-04T20:50:58.604Z,buy,3.2e-05,4.0,0.000128
EDO/BTC,1575492658604,2019-12-04T20:50:58.604Z,buy,3.209e-05,730.0,0.0234257
EDO/BTC,1575492658604,2019-12-04T20:50:58.604Z,buy,3.21e-05,14.0,0.0004494
EDO/BTC,1575492692866,2019-12-04T20:51:32.866Z,buy,3.218e-05,809.0,0.02603362
EDO/BTC,1575492692866,2019-12-04T20:51:32.866Z,buy,3.221e-05,407.0,0.01310947
EDO/BTC,1575492728233,2019-12-04T20:52:08.233Z,sell,3.221e-05,4.0,0.00012884
EDO/BTC,1575492795850,2019-12-04T20:53:15.850Z,sell,3.221e-05,30.0,0.0009662999999999
EDO/BTC,1575492852012,2019-12-04T20:54:12.012Z,sell,3.221e-05,344.0,0.01108024
EDO/BTC,1575492853027,2019-12-04T20:54:13.027Z,sell,3.221e-05,239.0,0.00769819
EDO/BTC,1575492854221,2019-12-04T20:54:14.221Z,sell,3.221e-05,166.0,0.0053468599999999
EDO/BTC,1575492855625,2019-12-04T20:54:15.625Z,sell,3.221e-05,114.0,0.00367194
EDO/BTC,1575492859016,2019-12-04T20:54:19.016Z,sell,3.221e-05,78.0,0.00251238
EDO/BTC,1575492861419,2019-12-04T20:54:21.419Z,sell,3.221e-05,54.0,0.0017393399999999
EDO/BTC,1575492865956,2019-12-04T20:54:25.956Z,sell,3.221e-05,36.0,0.00115956
EDO/BTC,1575493490766,2019-12-04T21:04:50.766Z,sell,3.224e-05,7.0,0.00022568
EDO/BTC,1575493502274,2019-12-04T21:05:02.274Z,buy,3.227e-05,171.0,0.00551817
EDO/BTC,1575493502274,2019-12-04T21:05:02.274Z,buy,3.228e-05,460.0,0.0148488
EDO/BTC,1575493502274,2019-12-04T21:05:02.274Z,buy,3.229e-05,734.0,0.0237008599999999
EDO/BTC,1575493502290,2019-12-04T21:05:02.290Z,sell,3.229e-05,117.0,0.0037779299999999
EDO/BTC,1575493555115,2019-12-04T21:05:55.115Z,sell,3.229e-05,595.0,0.01921255
EDO/BTC,1575493556143,2019-12-04T21:05:56.143Z,buy,3.23e-05,14.0,0.0004522
EDO/BTC,1575493556162,2019-12-04T21:05:56.162Z,sell,3.23e-05,369.0,0.0119186999999999
EDO/BTC,1575493556162,2019-12-04T21:05:56.162Z,sell,3.229e-05,54.0,0.00174366
EDO/BTC,1575493557208,2019-12-04T21:05:57.208Z,sell,3.229e-05,293.0,0.0094609699999999
EDO/BTC,1575493559013,2019-12-04T21:05:59.013Z,sell,3.229e-05,202.0,0.0065225799999999
EDO/BTC,1575493561611,2019-12-04T21:06:01.611Z,sell,3.229e-05,139.0,0.00448831
EDO/BTC,1575493561973,2019-12-04T21:06:01.973Z,sell,3.229e-05,4.0,0.00012916
EDO/BTC,1575493565933,2019-12-04T21:06:05.933Z,sell,3.229e-05,96.0,0.0030998399999999
EDO/BTC,1575493567013,2019-12-04T21:06:07.013Z,sell,3.229e-05,67.0,0.00216343
EDO/BTC,1575493571011,2019-12-04T21:06:11.011Z,sell,3.229e-05,45.0,0.0014530499999999
EDO/BTC,1575494124924,2019-12-04T21:15:24.924Z,buy,3.227e-05,4.0,0.00012908
EDO/BTC,1575494124924,2019-12-04T21:15:24.924Z,buy,3.227e-05,4.0,0.00012908
EDO/BTC,1575494501499,2019-12-04T21:21:41.499Z,buy,3.224e-05,427.0,0.01376648
EDO/BTC,1575494571784,2019-12-04T21:22:51.784Z,buy,3.224e-05,46.0,0.00148304
EDO/BTC,1575494598033,2019-12-04T21:23:18.033Z,sell,3.222e-05,4.0,0.00012888
EDO/BTC,1575494598033,2019-12-04T21:23:18.033Z,sell,3.211e-05,107.0,0.00343577
EDO/BTC,1575494598033,2019-12-04T21:23:18.033Z,sell,3.21e-05,14.0,0.0004494
EDO/BTC,1575494598033,2019-12-04T21:23:18.033Z,sell,3.208e-05,309.0,0.00991272
EDO/BTC,1575494598033,2019-12-04T21:23:18.033Z,sell,3.205e-05,124.0,0.0039742
EDO/BTC,1575494598033,2019-12-04T21:23:18.033Z,sell,3.2e-05,4.0,0.000128
EDO/BTC,1575494598033,2019-12-04T21:23:18.033Z,sell,3.193e-05,1216.0,0.03882688
EDO/BTC,1575494615354,2019-12-04T21:23:35.354Z,buy,3.217e-05,45.0,0.00144765
EDO/BTC,1575496353914,2019-12-04T21:52:33.914Z,sell,3.215e-05,4.0,0.0001286
EDO/BTC,1575496353914,2019-12-04T21:52:33.914Z,sell,3.211e-05,4.0,0.00012844
EDO/BTC,1575496353914,2019-12-04T21:52:33.914Z,sell,3.199e-05,8.0,0.00025592
EDO/BTC,1575496353914,2019-12-04T21:52:33.914Z,sell,3.196e-05,140.0,0.0044744
EDO/BTC,1575496436052,2019-12-04T21:53:56.052Z,sell,3.216e-05,55.0,0.0017687999999999
EDO/BTC,1575496436490,2019-12-04T21:53:56.490Z,buy,3.218e-05,654.0,0.02104572
EDO/BTC,1575496436852,2019-12-04T21:53:56.852Z,buy,3.223e-05,318.0,0.01024914
EDO/BTC,1575496470745,2019-12-04T21:54:30.745Z,buy,3.229e-05,4336.0,0.1400094399999999
EDO/BTC,1575496471592,2019-12-04T21:54:31.592Z,buy,3.23e-05,364.0,0.0117571999999999
EDO/BTC,1575496483572,2019-12-04T21:54:43.572Z,sell,3.229e-05,189.0,0.0061028099999999
EDO/BTC,1575496508038,2019-12-04T21:55:08.038Z,buy,3.231e-05,964.0,0.03114684
EDO/BTC,1575496581916,2019-12-04T21:56:21.916Z,sell,3.23e-05,360.0,0.011628
EDO/BTC,1575496581922,2019-12-04T21:56:21.922Z,sell,3.23e-05,364.0,0.0117571999999999
EDO/BTC,1575496604331,2019-12-04T21:56:44.331Z,buy,3.229e-05,392.0,0.01265768
EDO/BTC,1575496604331,2019-12-04T21:56:44.331Z,buy,3.23e-05,151.0,0.0048773
EDO/BTC,1575496620891,2019-12-04T21:57:00.891Z,buy,3.232e-05,855.0,0.0276336
EDO/BTC,1575496620936,2019-12-04T21:57:00.936Z,sell,3.232e-05,773.0,0.02498336
EDO/BTC,1575496620936,2019-12-04T21:57:00.936Z,sell,3.232e-05,773.0,0.02498336
EDO/BTC,1575497815835,2019-12-04T22:16:55.835Z,sell,3.211e-05,124.0,0.00398164
EDO/BTC,1575497815835,2019-12-04T22:16:55.835Z,sell,3.21e-05,14.0,0.0004494
EDO/BTC,1575497815835,2019-12-04T22:16:55.835Z,sell,3.201e-05,117.0,0.00374517
EDO/BTC,1575497815835,2019-12-04T22:16:55.835Z,sell,3.2e-05,4.0,0.000128
EDO/BTC,1575497815835,2019-12-04T22:16:55.835Z,sell,3.199e-05,44.0,0.00140756
EDO/BTC,1575497876579,2019-12-04T22:17:56.579Z,buy,3.218e-05,4.0,0.00012872
EDO/BTC,1575497876579,2019-12-04T22:17:56.579Z,buy,3.221e-05,4.0,0.00012884
EDO/BTC,1575499133539,2019-12-04T22:38:53.539Z,sell,3.223e-05,38.0,0.00122474
EDO/BTC,1575499723967,2019-12-04T22:48:43.967Z,buy,3.21e-05,174.0,0.0055854
EDO/BTC,1575499723967,2019-12-04T22:48:43.967Z,buy,3.21e-05,174.0,0.0055854
EDO/BTC,1575500592562,2019-12-04T23:03:12.562Z,sell,3.212e-05,7.0,0.0002248399999999
EDO/BTC,1575500592562,2019-12-04T23:03:12.562Z,sell,3.212e-05,7.0,0.0002248399999999
EDO/BTC,1575505374206,2019-12-05T00:22:54.206Z,buy,3.23e-05,14.0,0.0004522
EDO/BTC,1575505374206,2019-12-05T00:22:54.206Z,buy,3.233e-05,586.0,0.0189453799999999
EDO/BTC,1575505374206,2019-12-05T00:22:54.206Z,buy,3.23e-05,14.0,0.0004522
EDO/BTC,1575505374206,2019-12-05T00:22:54.206Z,buy,3.233e-05,586.0,0.0189453799999999
EDO/BTC,1575505541693,2019-12-05T00:25:41.693Z,buy,3.232e-05,4.0,0.00012928
EDO/BTC,1575505541693,2019-12-05T00:25:41.693Z,buy,3.235e-05,305.0,0.00986675
EDO/BTC,1575505541693,2019-12-05T00:25:41.693Z,buy,3.232e-05,4.0,0.00012928
EDO/BTC,1575505541693,2019-12-05T00:25:41.693Z,buy,3.235e-05,305.0,0.00986675
EDO/BTC,1575510236193,2019-12-05T01:43:56.193Z,buy,3.237e-05,1.0,3.237e-05
EDO/BTC,1575510236193,2019-12-05T01:43:56.193Z,buy,3.237e-05,1.0,3.237e-05
EDO/BTC,1575511390083,2019-12-05T02:03:10.083Z,sell,3.218e-05,4.0,0.00012872
EDO/BTC,1575511390117,2019-12-05T02:03:10.117Z,sell,3.215e-05,62.0,0.0019933
EDO/BTC,1575511390174,2019-12-05T02:03:10.174Z,sell,3.215e-05,46.0,0.0014789
EDO/BTC,1575511391165,2019-12-05T02:03:11.165Z,sell,3.215e-05,32.0,0.0010288
EDO/BTC,1575511448211,2019-12-05T02:04:08.211Z,buy,3.216e-05,4.0,0.00012864
EDO/BTC,1575511548958,2019-12-05T02:05:48.958Z,sell,3.215e-05,53.0,0.00170395
EDO/BTC,1575511572884,2019-12-05T02:06:12.884Z,sell,3.215e-05,71.0,0.00228265
EDO/BTC,1575511572909,2019-12-05T02:06:12.909Z,buy,3.212e-05,361.0,0.01159532
EDO/BTC,1575512151201,2019-12-05T02:15:51.201Z,buy,3.234e-05,46.0,0.00148764
EDO/BTC,1575512459710,2019-12-05T02:20:59.710Z,sell,3.23e-05,123.0,0.0039729
EDO/BTC,1575512517733,2019-12-05T02:21:57.733Z,buy,3.23e-05,140.0,0.004522
EDO/BTC,1575512517733,2019-12-05T02:21:57.733Z,buy,3.232e-05,123.0,0.00397536
EDO/BTC,1575512517733,2019-12-05T02:21:57.733Z,buy,3.233e-05,46.0,0.0014871799999999
EDO/BTC,1575512809596,2019-12-05T02:26:49.596Z,buy,3.232e-05,123.0,0.00397536
EDO/BTC,1575512809667,2019-12-05T02:26:49.667Z,sell,3.232e-05,31.0,0.00100192
EDO/BTC,1575513744810,2019-12-05T02:42:24.810Z,sell,3.213e-05,196.0,0.0062974799999999
EDO/BTC,1575513744810,2019-12-05T02:42:24.810Z,sell,3.212e-05,318.0,0.01021416
EDO/BTC,1575513744810,2019-12-05T02:42:24.810Z,sell,3.21e-05,14.0,0.0004494
EDO/BTC,1575513744810,2019-12-05T02:42:24.810Z,sell,3.206e-05,404.0,0.01295224
EDO/BTC,1575513744810,2019-12-05T02:42:24.810Z,sell,3.213e-05,196.0,0.0062974799999999
EDO/BTC,1575513744810,2019-12-05T02:42:24.810Z,sell,3.212e-05,318.0,0.01021416
EDO/BTC,1575513744810,2019-12-05T02:42:24.810Z,sell,3.21e-05,14.0,0.0004494
EDO/BTC,1575513744810,2019-12-05T02:42:24.810Z,sell,3.206e-05,404.0,0.01295224
EDO/BTC,1575514082021,2019-12-05T02:48:02.021Z,sell,3.2e-05,4.0,0.000128
EDO/BTC,1575514082021,2019-12-05T02:48:02.021Z,sell,3.197e-05,125.0,0.00399625
EDO/BTC,1575514082021,2019-12-05T02:48:02.021Z,sell,3.191e-05,130.0,0.0041483
EDO/BTC,1575514082021,2019-12-05T02:48:02.021Z,sell,3.19e-05,202.0,0.0064438
EDO/BTC,1575514082021,2019-12-05T02:48:02.021Z,sell,3.189e-05,398.0,0.01269222
EDO/BTC,1575514082102,2019-12-05T02:48:02.102Z,buy,3.189e-05,143.0,0.00456027
EDO/BTC,1575514672271,2019-12-05T02:57:52.271Z,sell,3.193e-05,4.0,0.00012772
EDO/BTC,1575514672271,2019-12-05T02:57:52.271Z,sell,3.188e-05,8.0,0.00025504
EDO/BTC,1575514838583,2019-12-05T03:00:38.583Z,buy,3.187e-05,46.0,0.00146602
EDO/BTC,1575514838595,2019-12-05T03:00:38.595Z,buy,3.187e-05,35.0,0.00111545
EDO/BTC,1575514868359,2019-12-05T03:01:08.359Z,buy,3.187e-05,215.0,0.0068520499999999
EDO/BTC,1575517170734,2019-12-05T03:39:30.734Z,sell,3.191e-05,1036.0,0.03305876
EDO/BTC,1575517170734,2019-12-05T03:39:30.734Z,sell,3.191e-05,1036.0,0.03305876
EDO/BTC,1575517345101,2019-12-05T03:42:25.101Z,sell,3.183e-05,298.0,0.00948534
EDO/BTC,1575517348160,2019-12-05T03:42:28.160Z,sell,3.182e-05,4.0,0.00012728
EDO/BTC,1575517348160,2019-12-05T03:42:28.160Z,sell,3.18e-05,277.0,0.0088086
EDO/BTC,1575517351283,2019-12-05T03:42:31.283Z,sell,3.18e-05,170.0,0.005406
EDO/BTC,1575517354304,2019-12-05T03:42:34.304Z,sell,3.179e-05,312.0,0.00991848
EDO/BTC,1575517354304,2019-12-05T03:42:34.304Z,sell,3.178e-05,99.0,0.00314622
EDO/BTC,1575517357325,2019-12-05T03:42:37.325Z,sell,3.174e-05,300.0,0.009522
EDO/BTC,1575517564052,2019-12-05T03:46:04.052Z,sell,3.177e-05,287.0,0.00911799
EDO/BTC,1575519450242,2019-12-05T04:17:30.242Z,sell,3.18e-05,45.0,0.001431
EDO/BTC,1575519450242,2019-12-05T04:17:30.242Z,sell,3.175e-05,108.0,0.0034289999999999
EDO/BTC,1575519479238,2019-12-05T04:17:59.238Z,sell,3.175e-05,459.0,0.01457325
EDO/BTC,1575519479238,2019-12-05T04:17:59.238Z,sell,3.174e-05,1492.0,0.0473560799999999
EDO/BTC,1575519479238,2019-12-05T04:17:59.238Z,sell,3.173e-05,4.0,0.00012692
EDO/BTC,1575519479238,2019-12-05T04:17:59.238Z,sell,3.17e-05,327.0,0.0103658999999999
EDO/BTC,1575519479238,2019-12-05T04:17:59.238Z,sell,3.167e-05,120.0,0.0038004
EDO/BTC,1575519479268,2019-12-05T04:17:59.268Z,sell,3.167e-05,6.0,0.00019002
EDO/BTC,1575519479268,2019-12-05T04:17:59.268Z,sell,3.166e-05,68.0,0.00215288
EDO/BTC,1575519479268,2019-12-05T04:17:59.268Z,sell,3.165e-05,36.0,0.0011393999999999
EDO/BTC,1575519479353,2019-12-05T04:17:59.353Z,buy,3.17e-05,8.0,0.0002536
EDO/BTC,1575519489013,2019-12-05T04:18:09.013Z,sell,3.16e-05,4.0,0.0001264
EDO/BTC,1575519489013,2019-12-05T04:18:09.013Z,sell,3.159e-05,32.0,0.00101088
EDO/BTC,1575519489013,2019-12-05T04:18:09.013Z,sell,3.154e-05,4.0,0.00012616
EDO/BTC,1575519489013,2019-12-05T04:18:09.013Z,sell,3.152e-05,437.0,0.01377424
EDO/BTC,1575519489013,2019-12-05T04:18:09.013Z,sell,3.151e-05,507.0,0.01597557
EDO/BTC,1575519489013,2019-12-05T04:18:09.013Z,sell,3.15e-05,1340.0,0.04221
EDO/BTC,1575519489031,2019-12-05T04:18:09.031Z,buy,3.15e-05,20.0,0.00063
EDO/BTC,1575519489031,2019-12-05T04:18:09.031Z,buy,3.15e-05,20.0,0.00063
EDO/BTC,1575519489032,2019-12-05T04:18:09.032Z,buy,3.15e-05,349.0,0.0109935
EDO/BTC,1575519489045,2019-12-05T04:18:09.045Z,buy,3.15e-05,81.0,0.0025515
EDO/BTC,1575519489061,2019-12-05T04:18:09.061Z,buy,3.15e-05,202.0,0.006363
EDO/BTC,1575519489098,2019-12-05T04:18:09.098Z,buy,3.15e-05,47.0,0.0014805
EDO/BTC,1575519489266,2019-12-05T04:18:09.266Z,buy,3.15e-05,3826.0,0.120519
EDO/BTC,1575519489962,2019-12-05T04:18:09.962Z,buy,3.15e-05,73.0,0.0022995
EDO/BTC,1575519490267,2019-12-05T04:18:10.267Z,buy,3.155e-05,2707.0,0.08540585
EDO/BTC,1575519491269,2019-12-05T04:18:11.269Z,buy,3.155e-05,1461.0,0.04609455
EDO/BTC,1575519492406,2019-12-05T04:18:12.406Z,sell,3.15e-05,122.0,0.003843
EDO/BTC,1575519492406,2019-12-05T04:18:12.406Z,sell,3.148e-05,282.0,0.0088773599999999
EDO/BTC,1575519496443,2019-12-05T04:18:16.443Z,sell,3.149e-05,275.0,0.0086597499999999
EDO/BTC,1575519498716,2019-12-05T04:18:18.716Z,sell,3.15e-05,84.0,0.002646
EDO/BTC,1575519498819,2019-12-05T04:18:18.819Z,sell,3.15e-05,154.0,0.004851
EDO/BTC,1575519499054,2019-12-05T04:18:19.054Z,sell,3.15e-05,61.0,0.0019215
EDO/BTC,1575519506848,2019-12-05T04:18:26.848Z,buy,3.168e-05,17.0,0.00053856
EDO/BTC,1575519507790,2019-12-05T04:18:27.790Z,buy,3.168e-05,17.0,0.00053856
EDO/BTC,1575519532348,2019-12-05T04:18:52.348Z,buy,3.168e-05,17.0,0.00053856
EDO/BTC,1575519532664,2019-12-05T04:18:52.664Z,buy,3.168e-05,17.0,0.00053856
EDO/BTC,1575519716044,2019-12-05T04:21:56.044Z,buy,3.159e-05,230.0,0.0072657
EDO/BTC,1575519718652,2019-12-05T04:21:58.652Z,buy,3.16e-05,264.0,0.0083424
EDO/BTC,1575519721855,2019-12-05T04:22:01.855Z,buy,3.161e-05,180.0,0.0056897999999999
EDO/BTC,1575519723352,2019-12-05T04:22:03.352Z,buy,3.161e-05,125.0,0.00395125
EDO/BTC,1575519723352,2019-12-05T04:22:03.352Z,buy,3.161e-05,125.0,0.00395125
EDO/BTC,1575520835295,2019-12-05T04:40:35.295Z,buy,3.168e-05,275.0,0.008712
EDO/BTC,1575520858311,2019-12-05T04:40:58.311Z,buy,3.17e-05,14.0,0.0004437999999999
EDO/BTC,1575522598410,2019-12-05T05:09:58.410Z,buy,3.172e-05,9.0,0.00028548
EDO/BTC,1575522598433,2019-12-05T05:09:58.433Z,buy,3.182e-05,126.0,0.0040093199999999
EDO/BTC,1575522598436,2019-12-05T05:09:58.436Z,buy,3.182e-05,47.0,0.0014955399999999
EDO/BTC,1575522598739,2019-12-05T05:09:58.739Z,buy,3.182e-05,75.0,0.0023864999999999
EDO/BTC,1575522598739,2019-12-05T05:09:58.739Z,buy,3.182e-05,75.0,0.0023864999999999
EDO/BTC,1575524771009,2019-12-05T05:46:11.009Z,buy,3.188e-05,6.0,0.00019128
EDO/BTC,1575524798414,2019-12-05T05:46:38.414Z,sell,3.167e-05,4.0,0.00012668
EDO/BTC,1575524798414,2019-12-05T05:46:38.414Z,sell,3.165e-05,4.0,0.0001266
EDO/BTC,1575524798414,2019-12-05T05:46:38.414Z,sell,3.163e-05,9.0,0.00028467
EDO/BTC,1575524798705,2019-12-05T05:46:38.705Z,sell,3.163e-05,17.0,0.00053771
EDO/BTC,1575524941711,2019-12-05T05:49:01.711Z,sell,3.163e-05,156.0,0.00493428
EDO/BTC,1575524941711,2019-12-05T05:49:01.711Z,sell,3.163e-05,156.0,0.00493428
EDO/BTC,1575526514762,2019-12-05T06:15:14.762Z,buy,3.182e-05,4.0,0.00012728
EDO/BTC,1575526514762,2019-12-05T06:15:14.762Z,buy,3.187e-05,12.0,0.0003824399999999
EDO/BTC,1575527250893,2019-12-05T06:27:30.893Z,sell,3.165e-05,4.0,0.0001266
EDO/BTC,1575527250893,2019-12-05T06:27:30.893Z,sell,3.163e-05,1.0,3.163e-05
EDO/BTC,1575527250893,2019-12-05T06:27:30.893Z,sell,3.161e-05,737.0,0.02329657
EDO/BTC,1575527250911,2019-12-05T06:27:30.911Z,sell,3.161e-05,856.0,0.0270581599999999
EDO/BTC,1575527250975,2019-12-05T06:27:30.975Z,sell,3.161e-05,1118.0,0.03533998
EDO/BTC,1575527252067,2019-12-05T06:27:32.067Z,sell,3.161e-05,775.0,0.02449775
EDO/BTC,1575527253671,2019-12-05T06:27:33.671Z,sell,3.161e-05,536.0,0.01694296
EDO/BTC,1575527254679,2019-12-05T06:27:34.679Z,sell,3.161e-05,372.0,0.0117589199999999
EDO/BTC,1575527255869,2019-12-05T06:27:35.869Z,sell,3.161e-05,196.0,0.0061955599999999
EDO/BTC,1575527255869,2019-12-05T06:27:35.869Z,sell,3.16e-05,4.0,0.0001264
EDO/BTC,1575527255869,2019-12-05T06:27:35.869Z,sell,3.159e-05,58.0,0.00183222
EDO/BTC,1575528405521,2019-12-05T06:46:45.521Z,buy,3.159e-05,154.0,0.00486486
EDO/BTC,1575528405521,2019-12-05T06:46:45.521Z,buy,3.159e-05,154.0,0.00486486
EDO/BTC,1575529070846,2019-12-05T06:57:50.846Z,sell,3.156e-05,310.0,0.0097836
EDO/BTC,1575529070846,2019-12-05T06:57:50.846Z,sell,3.155e-05,491.0,0.01549105
EDO/BTC,1575529070846,2019-12-05T06:57:50.846Z,sell,3.153e-05,319.0,0.0100580699999999
EDO/BTC,1575529070846,2019-12-05T06:57:50.846Z,sell,3.15e-05,1983.0,0.0624645
EDO/BTC,1575529303846,2019-12-05T07:01:43.846Z,buy,3.159e-05,58.0,0.00183222
EDO/BTC,1575529550238,2019-12-05T07:05:50.238Z,sell,3.152e-05,4.0,0.00012608
EDO/BTC,1575529550238,2019-12-05T07:05:50.238Z,sell,3.15e-05,2275.0,0.0716625
EDO/BTC,1575529853522,2019-12-05T07:10:53.522Z,sell,3.152e-05,15.0,0.0004728
EDO/BTC,1575530325693,2019-12-05T07:18:45.693Z,buy,3.17e-05,4.0,0.0001268
EDO/BTC,1575530851242,2019-12-05T07:27:31.242Z,sell,3.162e-05,7.0,0.00022134
EDO/BTC,1575530851242,2019-12-05T07:27:31.242Z,sell,3.153e-05,7.0,0.00022071
EDO/BTC,1575530851242,2019-12-05T07:27:31.242Z,sell,3.15e-05,293.0,0.0092295
EDO/BTC,1575530851242,2019-12-05T07:27:31.242Z,sell,3.148e-05,512.0,0.01611776
EDO/BTC,1575530851242,2019-12-05T07:27:31.242Z,sell,3.147e-05,100.0,0.003147
EDO/BTC,1575530851242,2019-12-05T07:27:31.242Z,sell,3.146e-05,4.0,0.00012584
EDO/BTC,1575530851242,2019-12-05T07:27:31.242Z,sell,3.144e-05,1184.0,0.0372249599999999
EDO/BTC,1575530851242,2019-12-05T07:27:31.242Z,sell,3.143e-05,7.0,0.00022001
EDO/BTC,1575530851257,2019-12-05T07:27:31.257Z,sell,3.14e-05,99.0,0.0031085999999999
EDO/BTC,1575530851257,2019-12-05T07:27:31.257Z,sell,3.139e-05,439.0,0.01378021
EDO/BTC,1575530851326,2019-12-05T07:27:31.326Z,buy,3.145e-05,277.0,0.00871165
EDO/BTC,1575530851462,2019-12-05T07:27:31.462Z,sell,3.14e-05,518.0,0.0162651999999999
EDO/BTC,1575530878949,2019-12-05T07:27:58.949Z,buy,3.141e-05,548.0,0.01721268
EDO/BTC,1575530879956,2019-12-05T07:27:59.956Z,buy,3.141e-05,547.0,0.01718127
EDO/BTC,1575530881056,2019-12-05T07:28:01.056Z,buy,3.141e-05,483.0,0.01517103
EDO/BTC,1575530881056,2019-12-05T07:28:01.056Z,buy,3.142e-05,5.0,0.0001571
EDO/BTC,1575530940243,2019-12-05T07:29:00.243Z,sell,3.139e-05,4.0,0.00012556
EDO/BTC,1575530940243,2019-12-05T07:29:00.243Z,sell,3.138e-05,430.0,0.0134934
EDO/BTC,1575530940302,2019-12-05T07:29:00.302Z,buy,3.138e-05,55.0,0.0017259
EDO/BTC,1575531154567,2019-12-05T07:32:34.567Z,sell,3.146e-05,11.0,0.00034606
EDO/BTC,1575531155361,2019-12-05T07:32:35.361Z,sell,3.146e-05,21.0,0.00066066
EDO/BTC,1575531289370,2019-12-05T07:34:49.370Z,sell,3.146e-05,43.0,0.00135278
EDO/BTC,1575531368257,2019-12-05T07:36:08.257Z,sell,3.146e-05,69.0,0.00217074
EDO/BTC,1575531457969,2019-12-05T07:37:37.969Z,sell,3.146e-05,32.0,0.00100672
EDO/BTC,1575531457969,2019-12-05T07:37:37.969Z,sell,3.146e-05,32.0,0.00100672
EDO/BTC,1575532108995,2019-12-05T07:48:28.995Z,sell,3.145e-05,297.0,0.0093406499999999
EDO/BTC,1575532252349,2019-12-05T07:50:52.349Z,sell,3.144e-05,469.0,0.0147453599999999
EDO/BTC,1575532454418,2019-12-05T07:54:14.418Z,sell,3.144e-05,21.0,0.00066024
EDO/BTC,1575532467099,2019-12-05T07:54:27.099Z,sell,3.135e-05,21.0,0.00065835
EDO/BTC,1575532467161,2019-12-05T07:54:27.161Z,buy,3.135e-05,93.0,0.00291555
EDO/BTC,1575532468361,2019-12-05T07:54:28.361Z,buy,3.135e-05,40.0,0.001254
EDO/BTC,1575532588888,2019-12-05T07:56:28.888Z,buy,3.135e-05,244.0,0.0076494
EDO/BTC,1575532588888,2019-12-05T07:56:28.888Z,buy,3.144e-05,6.0,0.0001886399999999
EDO/BTC,1575532590254,2019-12-05T07:56:30.254Z,buy,3.144e-05,192.0,0.0060364799999999
EDO/BTC,1575532592542,2019-12-05T07:56:32.542Z,buy,3.144e-05,44.0,0.00138336
EDO/BTC,1575532596013,2019-12-05T07:56:36.013Z,sell,3.135e-05,13.0,0.00040755
EDO/BTC,1575532619125,2019-12-05T07:56:59.125Z,buy,3.157e-05,310.0,0.0097866999999999
EDO/BTC,1575532621278,2019-12-05T07:57:01.278Z,buy,3.162e-05,324.0,0.01024488
EDO/BTC,1575532621278,2019-12-05T07:57:01.278Z,buy,3.165e-05,4.0,0.0001266
EDO/BTC,1575532621278,2019-12-05T07:57:01.278Z,buy,3.17e-05,10.0,0.000317
EDO/BTC,1575532621278,2019-12-05T07:57:01.278Z,buy,3.171e-05,25.0,0.0007927499999999
EDO/BTC,1575532621278,2019-12-05T07:57:01.278Z,buy,3.178e-05,129.0,0.00409962
EDO/BTC,1575532621278,2019-12-05T07:57:01.278Z,buy,3.182e-05,4.0,0.00012728
EDO/BTC,1575532621278,2019-12-05T07:57:01.278Z,buy,3.186e-05,146.0,0.00465156
EDO/BTC,1575532621278,2019-12-05T07:57:01.278Z,buy,3.188e-05,2.0,6.376e-05
EDO/BTC,1575532621278,2019-12-05T07:57:01.278Z,buy,3.19e-05,14.0,0.0004466
EDO/BTC,1575532621278,2019-12-05T07:57:01.278Z,buy,3.194e-05,4.0,0.00012776
EDO/BTC,1575532621278,2019-12-05T07:57:01.278Z,buy,3.198e-05,205.0,0.0065559
EDO/BTC,1575532623546,2019-12-05T07:57:03.546Z,buy,3.165e-05,14.0,0.0004431
EDO/BTC,1575532623912,2019-12-05T07:57:03.912Z,buy,3.165e-05,4.0,0.0001266
EDO/BTC,1575532630828,2019-12-05T07:57:10.828Z,sell,3.174e-05,157.0,0.0049831799999999
EDO/BTC,1575532630854,2019-12-05T07:57:10.854Z,buy,3.182e-05,4.0,0.00012728
EDO/BTC,1575532632605,2019-12-05T07:57:12.605Z,sell,3.174e-05,7.0,0.00022218
EDO/BTC,1575533040231,2019-12-05T08:04:00.231Z,buy,3.178e-05,4.0,0.00012712
EDO/BTC,1575533040231,2019-12-05T08:04:00.231Z,buy,3.18e-05,310.0,0.009858
EDO/BTC,1575533504096,2019-12-05T08:11:44.096Z,sell,3.165e-05,11.0,0.00034815
EDO/BTC,1575533605335,2019-12-05T08:13:25.335Z,sell,3.16e-05,4.0,0.0001264
EDO/BTC,1575534153078,2019-12-05T08:22:33.078Z,sell,3.155e-05,7.0,0.00022085
EDO/BTC,1575534153078,2019-12-05T08:22:33.078Z,sell,3.15e-05,22.0,0.000693
EDO/BTC,1575534153078,2019-12-05T08:22:33.078Z,sell,3.155e-05,7.0,0.00022085
EDO/BTC,1575534153078,2019-12-05T08:22:33.078Z,sell,3.15e-05,22.0,0.000693
EDO/BTC,1575535589675,2019-12-05T08:46:29.675Z,sell,3.147e-05,4.0,0.00012588
EDO/BTC,1575535589675,2019-12-05T08:46:29.675Z,sell,3.146e-05,7.0,0.00022022
EDO/BTC,1575535589675,2019-12-05T08:46:29.675Z,sell,3.14e-05,99.0,0.0031085999999999
EDO/BTC,1575535589675,2019-12-05T08:46:29.675Z,sell,3.136e-05,7.0,0.0002195199999999
EDO/BTC,1575535589675,2019-12-05T08:46:29.675Z,sell,3.134e-05,32.0,0.00100288
EDO/BTC,1575535589675,2019-12-05T08:46:29.675Z,sell,3.133e-05,98.0,0.00307034
EDO/BTC,1575535589675,2019-12-05T08:46:29.675Z,sell,3.132e-05,8.0,0.00025056
EDO/BTC,1575535589675,2019-12-05T08:46:29.675Z,sell,3.13e-05,84.0,0.0026292
EDO/BTC,1575537533192,2019-12-05T09:18:53.192Z,buy,3.145e-05,109.0,0.0034280499999999
EDO/BTC,1575537533220,2019-12-05T09:18:53.220Z,sell,3.145e-05,309.0,0.0097180499999999
EDO/BTC,1575537558382,2019-12-05T09:19:18.382Z,sell,3.127e-05,12.0,0.00037524
EDO/BTC,1575537558508,2019-12-05T09:19:18.508Z,buy,3.127e-05,162.0,0.0050657399999999
EDO/BTC,1575537558749,2019-12-05T09:19:18.749Z,buy,3.128e-05,145.0,0.0045356
EDO/BTC,1575537558749,2019-12-05T09:19:18.749Z,buy,3.145e-05,105.0,0.00330225
EDO/BTC,1575537558749,2019-12-05T09:19:18.749Z,buy,3.128e-05,145.0,0.0045356
EDO/BTC,1575537558749,2019-12-05T09:19:18.749Z,buy,3.145e-05,105.0,0.00330225
EDO/BTC,1575538437247,2019-12-05T09:33:57.247Z,sell,3.128e-05,6.0,0.00018768
EDO/BTC,1575538437247,2019-12-05T09:33:57.247Z,sell,3.127e-05,6.0,0.00018762
EDO/BTC,1575538437247,2019-12-05T09:33:57.247Z,sell,3.125e-05,104.0,0.00325
EDO/BTC,1575538437247,2019-12-05T09:33:57.247Z,sell,3.12e-05,291.0,0.0090791999999999
EDO/BTC,1575538437247,2019-12-05T09:33:57.247Z,sell,3.119e-05,59.0,0.00184021
EDO/BTC,1575538437247,2019-12-05T09:33:57.247Z,sell,3.117e-05,423.0,0.01318491
EDO/BTC,1575538437247,2019-12-05T09:33:57.247Z,sell,3.117e-05,6.0,0.00018702
EDO/BTC,1575538465897,2019-12-05T09:34:25.897Z,buy,3.133e-05,250.0,0.0078325
EDO/BTC,1575538469567,2019-12-05T09:34:29.567Z,buy,3.133e-05,38.0,0.00119054
EDO/BTC,1575538469567,2019-12-05T09:34:29.567Z,buy,3.134e-05,59.0,0.00184906
EDO/BTC,1575538469567,2019-12-05T09:34:29.567Z,buy,3.136e-05,153.0,0.00479808
EDO/BTC,1575538755631,2019-12-05T09:39:15.631Z,buy,3.137e-05,414.0,0.01298718
EDO/BTC,1575538858873,2019-12-05T09:40:58.873Z,buy,3.138e-05,1.0,3.138e-05
EDO/BTC,1575539009745,2019-12-05T09:43:29.745Z,buy,3.13e-05,250.0,0.007825
EDO/BTC,1575539016050,2019-12-05T09:43:36.050Z,buy,3.129e-05,5.0,0.00015645
EDO/BTC,1575539016050,2019-12-05T09:43:36.050Z,buy,3.13e-05,245.0,0.0076685
EDO/BTC,1575539394133,2019-12-05T09:49:54.133Z,sell,3.131e-05,7.0,0.0002191699999999
EDO/BTC,1575540223828,2019-12-05T10:03:43.828Z,buy,3.138e-05,128.0,0.00401664
EDO/BTC,1575540223828,2019-12-05T10:03:43.828Z,buy,3.139e-05,647.0,0.02030933
EDO/BTC,1575540475568,2019-12-05T10:07:55.568Z,buy,3.139e-05,217.0,0.00681163
EDO/BTC,1575540475568,2019-12-05T10:07:55.568Z,buy,3.139e-05,217.0,0.00681163
EDO/BTC,1575542579862,2019-12-05T10:42:59.862Z,buy,3.147e-05,9.0,0.00028323
EDO/BTC,1575542579862,2019-12-05T10:42:59.862Z,buy,3.15e-05,664.0,0.020916
EDO/BTC,1575542579909,2019-12-05T10:42:59.909Z,buy,3.154e-05,437.0,0.01378298
EDO/BTC,1575542580922,2019-12-05T10:43:00.922Z,buy,3.157e-05,324.0,0.0102286799999999
EDO/BTC,1575543366671,2019-12-05T10:56:06.671Z,buy,3.16e-05,4.0,0.0001264
EDO/BTC,1575543366671,2019-12-05T10:56:06.671Z,buy,3.16e-05,4.0,0.0001264
EDO/BTC,1575544487521,2019-12-05T11:14:47.521Z,sell,3.151e-05,212.0,0.00668012
EDO/BTC,1575544487521,2019-12-05T11:14:47.521Z,sell,3.15e-05,779.0,0.0245385
EDO/BTC,1575545003133,2019-12-05T11:23:23.133Z,sell,3.155e-05,4.0,0.0001262
EDO/BTC,1575545003133,2019-12-05T11:23:23.133Z,sell,3.15e-05,26.0,0.000819
EDO/BTC,1575545941705,2019-12-05T11:39:01.705Z,sell,3.15e-05,1010.0,0.031815
EDO/BTC,1575546049354,2019-12-05T11:40:49.354Z,sell,3.15e-05,33.0,0.0010395
EDO/BTC,1575546856044,2019-12-05T11:54:16.044Z,sell,3.151e-05,456.0,0.01436856
EDO/BTC,1575546856044,2019-12-05T11:54:16.044Z,sell,3.151e-05,456.0,0.01436856
EDO/BTC,1575547955985,2019-12-05T12:12:35.985Z,sell,3.15e-05,100.0,0.00315
EDO/BTC,1575547955994,2019-12-05T12:12:35.994Z,sell,3.15e-05,70.0,0.002205
EDO/BTC,1575547957271,2019-12-05T12:12:37.271Z,sell,3.15e-05,48.0,0.0015119999999999
EDO/BTC,1575547958876,2019-12-05T12:12:38.876Z,sell,3.15e-05,33.0,0.0010395
EDO/BTC,1575548230533,2019-12-05T12:17:10.533Z,sell,3.15e-05,144.0,0.004536
EDO/BTC,1575548230546,2019-12-05T12:17:10.546Z,sell,3.15e-05,103.0,0.0032445
EDO/BTC,1575548230571,2019-12-05T12:17:10.571Z,sell,3.15e-05,289.0,0.0091035
EDO/BTC,1575548253218,2019-12-05T12:17:33.218Z,sell,3.15e-05,227.0,0.0071505
EDO/BTC,1575548258019,2019-12-05T12:17:38.019Z,sell,3.15e-05,153.0,0.0048195
EDO/BTC,1575548259121,2019-12-05T12:17:39.121Z,sell,3.15e-05,106.0,0.003339
EDO/BTC,1575548261427,2019-12-05T12:17:41.427Z,sell,3.15e-05,73.0,0.0022995
EDO/BTC,1575548268032,2019-12-05T12:17:48.032Z,sell,3.15e-05,48.0,0.0015119999999999
EDO/BTC,1575548268060,2019-12-05T12:17:48.060Z,sell,3.15e-05,627.0,0.0197505
EDO/BTC,1575548268218,2019-12-05T12:17:48.218Z,sell,3.15e-05,1018.0,0.032067
EDO/BTC,1575548276343,2019-12-05T12:17:56.343Z,sell,3.15e-05,789.0,0.0248535
EDO/BTC,1575548848523,2019-12-05T12:27:28.523Z,buy,3.135e-05,250.0,0.0078375
EDO/BTC,1575548888154,2019-12-05T12:28:08.154Z,buy,3.135e-05,4.0,0.0001254
EDO/BTC,1575548967562,2019-12-05T12:29:27.562Z,sell,3.13e-05,18.0,0.0005634
EDO/BTC,1575549057684,2019-12-05T12:30:57.684Z,buy,3.134e-05,158.0,0.00495172
EDO/BTC,1575549057684,2019-12-05T12:30:57.684Z,buy,3.136e-05,92.0,0.0028851199999999
EDO/BTC,1575549057937,2019-12-05T12:30:57.937Z,buy,3.136e-05,337.0,0.0105683199999999
EDO/BTC,1575549192643,2019-12-05T12:33:12.643Z,buy,3.14e-05,1184.0,0.0371776
EDO/BTC,1575549192643,2019-12-05T12:33:12.643Z,buy,3.144e-05,1089.0,0.03423816
EDO/BTC,1575549192643,2019-12-05T12:33:12.643Z,buy,3.147e-05,4.0,0.00012588
EDO/BTC,1575549192643,2019-12-05T12:33:12.643Z,buy,3.15e-05,14.0,0.000441
EDO/BTC,1575549192643,2019-12-05T12:33:12.643Z,buy,3.151e-05,325.0,0.01024075
EDO/BTC,1575550393544,2019-12-05T12:53:13.544Z,sell,3.152e-05,496.0,0.01563392
EDO/BTC,1575550393544,2019-12-05T12:53:13.544Z,sell,3.151e-05,3731.0,0.11756381
EDO/BTC,1575550393544,2019-12-05T12:53:13.544Z,sell,3.152e-05,496.0,0.01563392
EDO/BTC,1575550393544,2019-12-05T12:53:13.544Z,sell,3.151e-05,3731.0,0.11756381
EDO/BTC,1575551213216,2019-12-05T13:06:53.216Z,sell,3.13e-05,18.0,0.0005634
EDO/BTC,1575551213216,2019-12-05T13:06:53.216Z,sell,3.127e-05,4.0,0.00012508
EDO/BTC,1575551213216,2019-12-05T13:06:53.216Z,sell,3.12e-05,461.0,0.0143832
EDO/BTC,1575551213216,2019-12-05T13:06:53.216Z,sell,3.118e-05,4.0,0.00012472
EDO/BTC,1575551213216,2019-12-05T13:06:53.216Z,sell,3.117e-05,955.0,0.02976735
EDO/BTC,1575551230335,2019-12-05T13:07:10.335Z,buy,3.117e-05,6.0,0.00018702
EDO/BTC,1575551230335,2019-12-05T13:07:10.335Z,buy,3.135e-05,170.0,0.0053295
EDO/BTC,1575551230335,2019-12-05T13:07:10.335Z,buy,3.136e-05,74.0,0.0023206399999999
EDO/BTC,1575551233342,2019-12-05T13:07:13.342Z,sell,3.115e-05,152.0,0.0047348
EDO/BTC,1575551233342,2019-12-05T13:07:13.342Z,sell,3.115e-05,89.0,0.00277235
EDO/BTC,1575551233342,2019-12-05T13:07:13.342Z,sell,3.114e-05,527.0,0.01641078
EDO/BTC,1575551233342,2019-12-05T13:07:13.342Z,sell,3.112e-05,20.0,0.0006224
EDO/BTC,1575551233342,2019-12-05T13:07:13.342Z,sell,3.111e-05,26.0,0.00080886
EDO/BTC,1575551233342,2019-12-05T13:07:13.342Z,sell,3.11e-05,319.0,0.0099209
EDO/BTC,1575551233342,2019-12-05T13:07:13.342Z,sell,3.109e-05,4.0,0.00012436
EDO/BTC,1575551233342,2019-12-05T13:07:13.342Z,sell,3.108e-05,21.0,0.00065268
EDO/BTC,1575551233342,2019-12-05T13:07:13.342Z,sell,3.107e-05,8.0,0.00024856
EDO/BTC,1575551233342,2019-12-05T13:07:13.342Z,sell,3.106e-05,316.0,0.00981496
EDO/BTC,1575551233342,2019-12-05T13:07:13.342Z,sell,3.105e-05,72.0,0.0022356
EDO/BTC,1575551233342,2019-12-05T13:07:13.342Z,sell,3.104e-05,835.0,0.0259184
EDO/BTC,1575551233342,2019-12-05T13:07:13.342Z,sell,3.101e-05,65.0,0.00201565
EDO/BTC,1575551233342,2019-12-05T13:07:13.342Z,sell,3.1e-05,5.0,0.000155
EDO/BTC,1575551233342,2019-12-05T13:07:13.342Z,sell,3.098e-05,8.0,0.00024784
EDO/BTC,1575551233342,2019-12-05T13:07:13.342Z,sell,3.096e-05,105.0,0.0032508
EDO/BTC,1575551233342,2019-12-05T13:07:13.342Z,sell,3.095e-05,166.0,0.0051377
EDO/BTC,1575551233342,2019-12-05T13:07:13.342Z,sell,3.094e-05,25.0,0.0007735
EDO/BTC,1575551233342,2019-12-05T13:07:13.342Z,sell,3.091e-05,14.0,0.00043274
EDO/BTC,1575551233342,2019-12-05T13:07:13.342Z,sell,3.088e-05,250.0,0.00772
EDO/BTC,1575551233342,2019-12-05T13:07:13.342Z,sell,3.087e-05,243.0,0.00750141
EDO/BTC,1575551233342,2019-12-05T13:07:13.342Z,sell,3.086e-05,768.0,0.02370048
EDO/BTC,1575551233342,2019-12-05T13:07:13.342Z,sell,3.08e-05,86.0,0.0026488
EDO/BTC,1575551233342,2019-12-05T13:07:13.342Z,sell,3.079e-05,8.0,0.00024632
EDO/BTC,1575551233342,2019-12-05T13:07:13.342Z,sell,3.078e-05,274.0,0.00843372
EDO/BTC,1575551233342,2019-12-05T13:07:13.342Z,sell,3.077e-05,15.0,0.0004615499999999
EDO/BTC,1575551233342,2019-12-05T13:07:13.342Z,sell,3.075e-05,1309.0,0.04025175
EDO/BTC,1575551233342,2019-12-05T13:07:13.342Z,sell,3.074e-05,1968.0,0.06049632
EDO/BTC,1575551233342,2019-12-05T13:07:13.342Z,sell,3.073e-05,8.0,0.00024584
EDO/BTC,1575551233342,2019-12-05T13:07:13.342Z,sell,3.072e-05,285.0,0.0087552
EDO/BTC,1575551233342,2019-12-05T13:07:13.342Z,sell,3.071e-05,241.0,0.00740111
EDO/BTC,1575551233342,2019-12-05T13:07:13.342Z,sell,3.07e-05,162.0,0.0049734
EDO/BTC,1575551233342,2019-12-05T13:07:13.342Z,sell,3.07e-05,418.0,0.0128326
EDO/BTC,1575551233342,2019-12-05T13:07:13.342Z,sell,3.069e-05,233.0,0.00715077
EDO/BTC,1575551233342,2019-12-05T13:07:13.342Z,sell,3.066e-05,26.0,0.00079716
EDO/BTC,1575551233342,2019-12-05T13:07:13.342Z,sell,3.066e-05,215.0,0.0065919
EDO/BTC,1575551233356,2019-12-05T13:07:13.356Z,buy,3.066e-05,303.0,0.00928998
EDO/BTC,1575551233356,2019-12-05T13:07:13.356Z,buy,3.066e-05,303.0,0.00928998
EDO/BTC,1575551233356,2019-12-05T13:07:13.356Z,buy,3.066e-05,303.0,0.00928998
EDO/BTC,1575551233358,2019-12-05T13:07:13.358Z,buy,3.066e-05,136.0,0.00416976
EDO/BTC,1575551233358,2019-12-05T13:07:13.358Z,buy,3.08e-05,167.0,0.0051436
EDO/BTC,1575551233358,2019-12-05T13:07:13.358Z,buy,3.08e-05,136.0,0.0041888
EDO/BTC,1575551233786,2019-12-05T13:07:13.786Z,sell,3.089e-05,221.0,0.00682669
EDO/BTC,1575551233786,2019-12-05T13:07:13.786Z,sell,3.088e-05,42.0,0.00129696
EDO/BTC,1575551233786,2019-12-05T13:07:13.786Z,sell,3.064e-05,11.0,0.00033704
EDO/BTC,1575551234274,2019-12-05T13:07:14.274Z,sell,3.091e-05,21.0,0.00064911
EDO/BTC,1575551235037,2019-12-05T13:07:15.037Z,buy,3.102e-05,48.0,0.00148896
EDO/BTC,1575551235052,2019-12-05T13:07:15.052Z,buy,3.102e-05,16.0,0.00049632
EDO/BTC,1575551235082,2019-12-05T13:07:15.082Z,buy,3.102e-05,48.0,0.00148896
EDO/BTC,1575551236908,2019-12-05T13:07:16.908Z,buy,3.093e-05,4.0,0.00012372
EDO/BTC,1575551237060,2019-12-05T13:07:17.060Z,buy,3.093e-05,96.0,0.0029692799999999
EDO/BTC,1575551237937,2019-12-05T13:07:17.937Z,sell,3.091e-05,14.0,0.00043274
EDO/BTC,1575551247857,2019-12-05T13:07:27.857Z,buy,3.093e-05,234.0,0.0072376199999999
EDO/BTC,1575551266670,2019-12-05T13:07:46.670Z,buy,3.093e-05,18.0,0.0005567399999999
EDO/BTC,1575551268451,2019-12-05T13:07:48.451Z,buy,3.093e-05,18.0,0.0005567399999999
EDO/BTC,1575551269559,2019-12-05T13:07:49.559Z,buy,3.092e-05,129.0,0.00398868
EDO/BTC,1575551272139,2019-12-05T13:07:52.139Z,sell,3.091e-05,138.0,0.00426558
EDO/BTC,1575551272972,2019-12-05T13:07:52.972Z,buy,3.084e-05,795.0,0.0245178
EDO/BTC,1575551278617,2019-12-05T13:07:58.617Z,buy,3.084e-05,85.0,0.0026214
EDO/BTC,1575551288519,2019-12-05T13:08:08.519Z,sell,3.078e-05,152.0,0.00467856
EDO/BTC,1575551289009,2019-12-05T13:08:09.009Z,buy,3.083e-05,194.0,0.00598102
EDO/BTC,1575551290607,2019-12-05T13:08:10.607Z,buy,3.084e-05,497.0,0.01532748
EDO/BTC,1575551292730,2019-12-05T13:08:12.730Z,sell,3.084e-05,13.0,0.00040092
EDO/BTC,1575551296593,2019-12-05T13:08:16.593Z,sell,3.078e-05,171.0,0.00526338
EDO/BTC,1575551296593,2019-12-05T13:08:16.593Z,sell,3.076e-05,173.0,0.0053214799999999
EDO/BTC,1575551296593,2019-12-05T13:08:16.593Z,sell,3.071e-05,14.0,0.00042994
EDO/BTC,1575551296593,2019-12-05T13:08:16.593Z,sell,3.068e-05,66.0,0.0020248799999999
EDO/BTC,1575551296593,2019-12-05T13:08:16.593Z,sell,3.066e-05,1987.0,0.06092142
EDO/BTC,1575551296593,2019-12-05T13:08:16.593Z,sell,3.064e-05,607.0,0.0185984799999999
EDO/BTC,1575551296593,2019-12-05T13:08:16.593Z,sell,3.061e-05,4.0,0.00012244
EDO/BTC,1575551296593,2019-12-05T13:08:16.593Z,sell,3.06e-05,1841.0,0.0563346
EDO/BTC,1575551296593,2019-12-05T13:08:16.593Z,sell,3.059e-05,2017.0,0.0617000299999999
EDO/BTC,1575551296593,2019-12-05T13:08:16.593Z,sell,3.058e-05,313.0,0.00957154
EDO/BTC,1575551296609,2019-12-05T13:08:16.609Z,buy,3.059e-05,20.0,0.0006117999999999
EDO/BTC,1575551296612,2019-12-05T13:08:16.612Z,buy,3.059e-05,1049.0,0.03208891
EDO/BTC,1575551296614,2019-12-05T13:08:16.614Z,buy,3.059e-05,43.0,0.00131537
EDO/BTC,1575551296618,2019-12-05T13:08:16.618Z,buy,3.059e-05,20.0,0.0006117999999999
EDO/BTC,1575551296623,2019-12-05T13:08:16.623Z,buy,3.059e-05,48.0,0.00146832
EDO/BTC,1575551296632,2019-12-05T13:08:16.632Z,sell,3.058e-05,207.0,0.00633006
EDO/BTC,1575551296632,2019-12-05T13:08:16.632Z,sell,3.057e-05,37.0,0.00113109
EDO/BTC,1575551296665,2019-12-05T13:08:16.665Z,buy,3.059e-05,49.0,0.0014989099999999
EDO/BTC,1575551296720,2019-12-05T13:08:16.720Z,buy,3.059e-05,11975.0,0.36631525
EDO/BTC,1575551297062,2019-12-05T13:08:17.062Z,buy,3.059e-05,21.0,0.00064239
EDO/BTC,1575551297550,2019-12-05T13:08:17.550Z,buy,3.059e-05,49.0,0.0014989099999999
EDO/BTC,1575551297614,2019-12-05T13:08:17.614Z,buy,3.059e-05,49.0,0.0014989099999999
EDO/BTC,1575551297816,2019-12-05T13:08:17.816Z,buy,3.059e-05,3444.0,0.10535196
EDO/BTC,1575551297924,2019-12-05T13:08:17.924Z,sell,3.058e-05,19.0,0.00058102
EDO/BTC,1575551298068,2019-12-05T13:08:18.068Z,buy,3.086e-05,20.0,0.0006172
EDO/BTC,1575551298346,2019-12-05T13:08:18.346Z,buy,3.086e-05,4.0,0.00012344
EDO/BTC,1575551299375,2019-12-05T13:08:19.375Z,sell,3.083e-05,43.0,0.00132569
EDO/BTC,1575551299402,2019-12-05T13:08:19.402Z,sell,3.083e-05,185.0,0.00570355
EDO/BTC,1575551299417,2019-12-05T13:08:19.417Z,buy,3.084e-05,162.0,0.00499608
EDO/BTC,1575551299417,2019-12-05T13:08:19.417Z,buy,3.085e-05,402.0,0.0124017
EDO/BTC,1575551299662,2019-12-05T13:08:19.662Z,sell,3.083e-05,4.0,0.00012332
EDO/BTC,1575551299766,2019-12-05T13:08:19.766Z,sell,3.083e-05,362.0,0.01116046
EDO/BTC,1575551357592,2019-12-05T13:09:17.592Z,buy,3.086e-05,4.0,0.00012344
EDO/BTC,1575551366942,2019-12-05T13:09:26.942Z,buy,3.086e-05,81.0,0.00249966
EDO/BTC,1575551366942,2019-12-05T13:09:26.942Z,buy,3.088e-05,37.0,0.00114256
EDO/BTC,1575551366942,2019-12-05T13:09:26.942Z,buy,3.089e-05,385.0,0.01189265
EDO/BTC,1575551419401,2019-12-05T13:10:19.401Z,sell,3.075e-05,4.0,0.000123
EDO/BTC,1575551419401,2019-12-05T13:10:19.401Z,sell,3.07e-05,134.0,0.0041138
EDO/BTC,1575551419401,2019-12-05T13:10:19.401Z,sell,3.059e-05,4.0,0.00012236
EDO/BTC,1575551419401,2019-12-05T13:10:19.401Z,sell,3.058e-05,454.0,0.01388332
EDO/BTC,1575551419401,2019-12-05T13:10:19.401Z,sell,3.057e-05,16.0,0.00048912
EDO/BTC,1575551422498,2019-12-05T13:10:22.498Z,buy,3.077e-05,4.0,0.00012308
EDO/BTC,1575551436080,2019-12-05T13:10:36.080Z,sell,3.061e-05,323.0,0.00988703
EDO/BTC,1575551436181,2019-12-05T13:10:36.181Z,buy,3.061e-05,3211.0,0.09828871
EDO/BTC,1575551437279,2019-12-05T13:10:37.279Z,buy,3.061e-05,2228.0,0.06819908
EDO/BTC,1575551438372,2019-12-05T13:10:38.372Z,buy,3.061e-05,1545.0,0.04729245
EDO/BTC,1575551439472,2019-12-05T13:10:39.472Z,buy,3.061e-05,1072.0,0.03281392
EDO/BTC,1575551440576,2019-12-05T13:10:40.576Z,buy,3.061e-05,744.0,0.02277384
EDO/BTC,1575551441329,2019-12-05T13:10:41.329Z,buy,3.061e-05,51.0,0.00156111
EDO/BTC,1575551441875,2019-12-05T13:10:41.875Z,buy,3.061e-05,551.0,0.01686611
EDO/BTC,1575551443172,2019-12-05T13:10:43.172Z,buy,3.061e-05,381.0,0.01166241
EDO/BTC,1575551447274,2019-12-05T13:10:47.274Z,buy,3.061e-05,258.0,0.00789738
EDO/BTC,1575551448285,2019-12-05T13:10:48.285Z,buy,3.061e-05,179.0,0.00547919
EDO/BTC,1575551448321,2019-12-05T13:10:48.321Z,buy,3.061e-05,112.0,0.00342832
EDO/BTC,1575551504858,2019-12-05T13:11:44.858Z,sell,3.061e-05,292.0,0.00893812
EDO/BTC,1575551504909,2019-12-05T13:11:44.909Z,buy,3.061e-05,331.0,0.01013191
EDO/BTC,1575551506009,2019-12-05T13:11:46.009Z,buy,3.061e-05,230.0,0.0070403
EDO/BTC,1575551507318,2019-12-05T13:11:47.318Z,buy,3.061e-05,159.0,0.00486699
EDO/BTC,1575551514418,2019-12-05T13:11:54.418Z,buy,3.061e-05,105.0,0.00321405
EDO/BTC,1575551522222,2019-12-05T13:12:02.222Z,buy,3.061e-05,69.0,0.00211209
EDO/BTC,1575551524227,2019-12-05T13:12:04.227Z,buy,3.061e-05,47.0,0.00143867
EDO/BTC,1575551654495,2019-12-05T13:14:14.495Z,buy,3.061e-05,27.0,0.00082647
EDO/BTC,1575551771723,2019-12-05T13:16:11.723Z,buy,3.061e-05,4.0,0.00012244
EDO/BTC,1575551771981,2019-12-05T13:16:11.981Z,buy,3.061e-05,600.0,0.018366
EDO/BTC,1575551772005,2019-12-05T13:16:12.005Z,buy,3.061e-05,434.0,0.01328474
EDO/BTC,1575551773068,2019-12-05T13:16:13.068Z,buy,3.061e-05,301.0,0.00921361
EDO/BTC,1575551774871,2019-12-05T13:16:14.871Z,buy,3.061e-05,207.0,0.00633627
EDO/BTC,1575551776576,2019-12-05T13:16:16.576Z,buy,3.061e-05,143.0,0.00437723
EDO/BTC,1575551777579,2019-12-05T13:16:17.579Z,buy,3.061e-05,100.0,0.003061
EDO/BTC,1575551777834,2019-12-05T13:16:17.834Z,buy,3.061e-05,200.0,0.006122
EDO/BTC,1575551780887,2019-12-05T13:16:20.887Z,buy,3.061e-05,204.0,0.00624444
EDO/BTC,1575551784789,2019-12-05T13:16:24.789Z,buy,3.061e-05,138.0,0.00422418
EDO/BTC,1575551785405,2019-12-05T13:16:25.405Z,buy,3.061e-05,100.0,0.003061
EDO/BTC,1575551785895,2019-12-05T13:16:25.895Z,buy,3.061e-05,166.0,0.00508126
EDO/BTC,1575551786991,2019-12-05T13:16:26.991Z,buy,3.061e-05,115.0,0.00352015
EDO/BTC,1575551788108,2019-12-05T13:16:28.108Z,buy,3.061e-05,668.0,0.02044748
EDO/BTC,1575551788120,2019-12-05T13:16:28.120Z,buy,3.061e-05,547.0,0.01674367
EDO/BTC,1575551788173,2019-12-05T13:16:28.173Z,buy,3.061e-05,216.0,0.00661176
EDO/BTC,1575551792733,2019-12-05T13:16:32.733Z,buy,3.075e-05,323.0,0.00993225
EDO/BTC,1575551792733,2019-12-05T13:16:32.733Z,buy,3.076e-05,61.0,0.0018763599999999
EDO/BTC,1575551796696,2019-12-05T13:16:36.696Z,buy,3.073e-05,33.0,0.00101409
EDO/BTC,1575551797896,2019-12-05T13:16:37.896Z,buy,3.07e-05,74.0,0.0022718
EDO/BTC,1575551800701,2019-12-05T13:16:40.701Z,buy,3.067e-05,52.0,0.00159484
EDO/BTC,1575551802492,2019-12-05T13:16:42.492Z,buy,3.067e-05,83.0,0.00254561
EDO/BTC,1575551807197,2019-12-05T13:16:47.197Z,buy,3.067e-05,83.0,0.00254561
EDO/BTC,1575551808600,2019-12-05T13:16:48.600Z,buy,3.067e-05,83.0,0.00254561
EDO/BTC,1575551810695,2019-12-05T13:16:50.695Z,buy,3.067e-05,83.0,0.00254561
EDO/BTC,1575551812895,2019-12-05T13:16:52.895Z,buy,3.067e-05,83.0,0.00254561
EDO/BTC,1575551814201,2019-12-05T13:16:54.201Z,buy,3.067e-05,83.0,0.00254561
EDO/BTC,1575551815308,2019-12-05T13:16:55.308Z,buy,3.067e-05,83.0,0.00254561
EDO/BTC,1575551816697,2019-12-05T13:16:56.697Z,buy,3.067e-05,83.0,0.00254561
EDO/BTC,1575551819303,2019-12-05T13:16:59.303Z,buy,3.067e-05,59.0,0.00180953
EDO/BTC,1575551854907,2019-12-05T13:17:34.907Z,buy,3.067e-05,20.0,0.0006134
EDO/BTC,1575551854907,2019-12-05T13:17:34.907Z,buy,3.082e-05,44.0,0.00135608
EDO/BTC,1575552005113,2019-12-05T13:20:05.113Z,sell,3.061e-05,4.0,0.00012244
EDO/BTC,1575552005113,2019-12-05T13:20:05.113Z,sell,3.06e-05,461.0,0.0141065999999999
EDO/BTC,1575552005113,2019-12-05T13:20:05.113Z,sell,3.059e-05,4.0,0.00012236
EDO/BTC,1575552005113,2019-12-05T13:20:05.113Z,sell,3.058e-05,549.0,0.01678842
EDO/BTC,1575552005113,2019-12-05T13:20:05.113Z,sell,3.056e-05,33.0,0.00100848
EDO/BTC,1575552005113,2019-12-05T13:20:05.113Z,sell,3.053e-05,1264.0,0.03858992
EDO/BTC,1575552005113,2019-12-05T13:20:05.113Z,sell,3.052e-05,40.0,0.0012208
EDO/BTC,1575552005113,2019-12-05T13:20:05.113Z,sell,3.051e-05,14.0,0.00042714
EDO/BTC,1575552005113,2019-12-05T13:20:05.113Z,sell,3.05e-05,9.0,0.0002745
EDO/BTC,1575552005113,2019-12-05T13:20:05.113Z,sell,3.049e-05,648.0,0.01975752
EDO/BTC,1575552005113,2019-12-05T13:20:05.113Z,sell,3.049e-05,335.0,0.01021415
EDO/BTC,1575552005113,2019-12-05T13:20:05.113Z,sell,3.046e-05,165.0,0.0050259
EDO/BTC,1575552005113,2019-12-05T13:20:05.113Z,sell,3.041e-05,888.0,0.02700408
EDO/BTC,1575552005113,2019-12-05T13:20:05.113Z,sell,3.04e-05,2068.0,0.0628672
EDO/BTC,1575552010727,2019-12-05T13:20:10.727Z,sell,3.044e-05,5.0,0.0001522
EDO/BTC,1575552011675,2019-12-05T13:20:11.675Z,buy,3.053e-05,18.0,0.00054954
EDO/BTC,1575552011790,2019-12-05T13:20:11.790Z,buy,3.053e-05,18.0,0.00054954
EDO/BTC,1575552012921,2019-12-05T13:20:12.921Z,sell,3.044e-05,5.0,0.0001522
EDO/BTC,1575552017562,2019-12-05T13:20:17.562Z,buy,3.047e-05,137.0,0.00417439
EDO/BTC,1575552017562,2019-12-05T13:20:17.562Z,buy,3.059e-05,4.0,0.00012236
EDO/BTC,1575552017562,2019-12-05T13:20:17.562Z,buy,3.071e-05,14.0,0.00042994
EDO/BTC,1575552017562,2019-12-05T13:20:17.562Z,buy,3.073e-05,174.0,0.00534702
EDO/BTC,1575552035183,2019-12-05T13:20:35.183Z,sell,3.051e-05,14.0,0.00042714
EDO/BTC,1575552035183,2019-12-05T13:20:35.183Z,sell,3.048e-05,176.0,0.00536448
EDO/BTC,1575552035183,2019-12-05T13:20:35.183Z,sell,3.047e-05,122.0,0.00371734
EDO/BTC,1575552038570,2019-12-05T13:20:38.570Z,buy,3.066e-05,70.0,0.0021462
EDO/BTC,1575552136643,2019-12-05T13:22:16.643Z,buy,3.063e-05,135.0,0.00413505
EDO/BTC,1575552161729,2019-12-05T13:22:41.729Z,buy,3.063e-05,313.0,0.00958719
EDO/BTC,1575552271661,2019-12-05T13:24:31.661Z,sell,3.053e-05,16.0,0.00048848
EDO/BTC,1575552272707,2019-12-05T13:24:32.707Z,buy,3.063e-05,267.0,0.00817821
EDO/BTC,1575552285784,2019-12-05T13:24:45.784Z,buy,3.064e-05,124.0,0.00379936
EDO/BTC,1575552290457,2019-12-05T13:24:50.457Z,buy,3.065e-05,126.0,0.0038619
EDO/BTC,1575552293559,2019-12-05T13:24:53.559Z,buy,3.066e-05,652.0,0.01999032
EDO/BTC,1575552383748,2019-12-05T13:26:23.748Z,buy,3.065e-05,1.0,3.065e-05
EDO/BTC,1575552399523,2019-12-05T13:26:39.523Z,buy,3.065e-05,128.0,0.0039232
EDO/BTC,1575552408660,2019-12-05T13:26:48.660Z,sell,3.065e-05,33.0,0.00101145
EDO/BTC,1575552408669,2019-12-05T13:26:48.669Z,sell,3.065e-05,89.0,0.00272785
EDO/BTC,1575552447697,2019-12-05T13:27:27.697Z,buy,3.066e-05,102.0,0.00312732
EDO/BTC,1575552447723,2019-12-05T13:27:27.723Z,sell,3.066e-05,257.0,0.00787962
EDO/BTC,1575552505240,2019-12-05T13:28:25.240Z,sell,3.054e-05,57.0,0.00174078
EDO/BTC,1575552507597,2019-12-05T13:28:27.597Z,buy,3.07e-05,10.0,0.000307
EDO/BTC,1575552582107,2019-12-05T13:29:42.107Z,buy,3.07e-05,576.0,0.0176832
EDO/BTC,1575552586824,2019-12-05T13:29:46.824Z,sell,3.054e-05,135.0,0.0041229
EDO/BTC,1575552586824,2019-12-05T13:29:46.824Z,sell,3.053e-05,259.0,0.00790727
EDO/BTC,1575552586824,2019-12-05T13:29:46.824Z,sell,3.045e-05,222.0,0.0067599
EDO/BTC,1575552586824,2019-12-05T13:29:46.824Z,sell,3.042e-05,1530.0,0.0465426
EDO/BTC,1575552586832,2019-12-05T13:29:46.832Z,buy,3.042e-05,784.0,0.02384928
EDO/BTC,1575552586879,2019-12-05T13:29:46.879Z,sell,3.044e-05,83.0,0.00252652
EDO/BTC,1575552588639,2019-12-05T13:29:48.639Z,buy,3.049e-05,486.0,0.01481814
EDO/BTC,1575552666192,2019-12-05T13:31:06.192Z,buy,3.061e-05,210.0,0.0064281
EDO/BTC,1575552701821,2019-12-05T13:31:41.821Z,buy,3.069e-05,125.0,0.00383625
EDO/BTC,1575552913042,2019-12-05T13:35:13.042Z,sell,3.069e-05,200.0,0.006138
EDO/BTC,1575553017525,2019-12-05T13:36:57.525Z,buy,3.07e-05,156.0,0.0047892
EDO/BTC,1575553068422,2019-12-05T13:37:48.422Z,sell,3.07e-05,33.0,0.0010131
EDO/BTC,1575553108042,2019-12-05T13:38:28.042Z,sell,3.07e-05,95.0,0.0029165
EDO/BTC,1575553113936,2019-12-05T13:38:33.936Z,sell,3.07e-05,22.0,0.0006754
EDO/BTC,1575553113936,2019-12-05T13:38:33.936Z,sell,3.069e-05,28.0,0.00085932
EDO/BTC,1575553857078,2019-12-05T13:50:57.078Z,buy,3.068e-05,774.0,0.0237463199999999
EDO/BTC,1575553927667,2019-12-05T13:52:07.667Z,sell,3.068e-05,213.0,0.0065348399999999
EDO/BTC,1575553929674,2019-12-05T13:52:09.674Z,sell,3.065e-05,50.0,0.0015325
EDO/BTC,1575553929674,2019-12-05T13:52:09.674Z,sell,3.065e-05,50.0,0.0015325
EDO/BTC,1575554469075,2019-12-05T14:01:09.075Z,buy,3.07e-05,669.0,0.0205383
EDO/BTC,1575554470561,2019-12-05T14:01:10.561Z,buy,3.071e-05,364.0,0.01117844
EDO/BTC,1575554472343,2019-12-05T14:01:12.343Z,buy,3.072e-05,142.0,0.00436224
EDO/BTC,1575554474206,2019-12-05T14:01:14.206Z,buy,3.072e-05,142.0,0.00436224
EDO/BTC,1575554474232,2019-12-05T14:01:14.232Z,buy,3.072e-05,142.0,0.00436224
EDO/BTC,1575554476459,2019-12-05T14:01:16.459Z,buy,3.072e-05,142.0,0.00436224
EDO/BTC,1575554477560,2019-12-05T14:01:17.560Z,buy,3.072e-05,142.0,0.00436224
EDO/BTC,1575554482769,2019-12-05T14:01:22.769Z,buy,3.072e-05,142.0,0.00436224
EDO/BTC,1575554488072,2019-12-05T14:01:28.072Z,buy,3.072e-05,142.0,0.00436224
EDO/BTC,1575554494062,2019-12-05T14:01:34.062Z,buy,3.072e-05,140.0,0.0043008
EDO/BTC,1575554499447,2019-12-05T14:01:39.447Z,buy,3.072e-05,26.0,0.0007987199999999
EDO/BTC,1575554740437,2019-12-05T14:05:40.437Z,buy,3.072e-05,195.0,0.0059904
EDO/BTC,1575555182863,2019-12-05T14:13:02.863Z,sell,3.07e-05,475.0,0.0145825
EDO/BTC,1575555182918,2019-12-05T14:13:02.918Z,sell,3.07e-05,60.0,0.001842
EDO/BTC,1575555194484,2019-12-05T14:13:14.484Z,buy,3.077e-05,4.0,0.00012308
EDO/BTC,1575555194484,2019-12-05T14:13:14.484Z,buy,3.089e-05,61.0,0.0018842899999999
EDO/BTC,1575555194484,2019-12-05T14:13:14.484Z,buy,3.09e-05,109.0,0.0033680999999999
EDO/BTC,1575555255978,2019-12-05T14:14:15.978Z,sell,3.069e-05,174.0,0.00534006
EDO/BTC,1575555423082,2019-12-05T14:17:03.082Z,sell,3.068e-05,245.0,0.0075165999999999
EDO/BTC,1575555423082,2019-12-05T14:17:03.082Z,sell,3.067e-05,555.0,0.01702185
EDO/BTC,1575556160463,2019-12-05T14:29:20.463Z,sell,3.078e-05,5.0,0.0001539
EDO/BTC,1575556271229,2019-12-05T14:31:11.229Z,buy,3.09e-05,46.0,0.0014214
EDO/BTC,1575556546171,2019-12-05T14:35:46.171Z,buy,3.09e-05,5.0,0.0001545
EDO/BTC,1575556660568,2019-12-05T14:37:40.568Z,sell,3.068e-05,13.0,0.0003988399999999
EDO/BTC,1575556997788,2019-12-05T14:43:17.788Z,sell,3.068e-05,4.0,0.00012272
EDO/BTC,1575557221039,2019-12-05T14:47:01.039Z,sell,3.077e-05,28.0,0.0008615599999999
EDO/BTC,1575557221039,2019-12-05T14:47:01.039Z,sell,3.068e-05,2028.0,0.0622190399999999
EDO/BTC,1575557221132,2019-12-05T14:47:01.132Z,sell,3.067e-05,83.0,0.00254561
EDO/BTC,1575557231032,2019-12-05T14:47:11.032Z,sell,3.065e-05,548.0,0.0167962
EDO/BTC,1575557231032,2019-12-05T14:47:11.032Z,sell,3.065e-05,548.0,0.0167962
EDO/BTC,1575557627026,2019-12-05T14:53:47.026Z,buy,3.068e-05,9.0,0.00027612
EDO/BTC,1575558774384,2019-12-05T15:12:54.384Z,sell,3.066e-05,104.0,0.00318864
EDO/BTC,1575558774408,2019-12-05T15:12:54.408Z,sell,3.066e-05,66.0,0.00202356
EDO/BTC,1575558774408,2019-12-05T15:12:54.408Z,sell,3.065e-05,6.0,0.0001839
EDO/BTC,1575558775673,2019-12-05T15:12:55.673Z,sell,3.066e-05,50.0,0.001533
EDO/BTC,1575558776688,2019-12-05T15:12:56.688Z,sell,3.066e-05,35.0,0.0010731
EDO/BTC,1575558890251,2019-12-05T15:14:50.251Z,buy,3.068e-05,759.0,0.0232861199999999
EDO/BTC,1575559572918,2019-12-05T15:26:12.918Z,buy,3.08e-05,97.0,0.0029876
EDO/BTC,1575559761574,2019-12-05T15:29:21.574Z,buy,3.08e-05,9.0,0.0002772
EDO/BTC,1575560570074,2019-12-05T15:42:50.074Z,buy,3.08e-05,51.0,0.0015708
EDO/BTC,1575560570074,2019-12-05T15:42:50.074Z,buy,3.08e-05,51.0,0.0015708
EDO/BTC,1575560981678,2019-12-05T15:49:41.678Z,buy,3.08e-05,142.0,0.0043736
EDO/BTC,1575562019618,2019-12-05T16:06:59.618Z,buy,3.08e-05,95.0,0.002926
EDO/BTC,1575562082103,2019-12-05T16:08:02.103Z,buy,3.08e-05,13.0,0.0004004
EDO/BTC,1575562489925,2019-12-05T16:14:49.925Z,sell,3.084e-05,166.0,0.00511944
EDO/BTC,1575562489925,2019-12-05T16:14:49.925Z,sell,3.073e-05,238.0,0.00731374
EDO/BTC,1575562658736,2019-12-05T16:17:38.736Z,buy,3.088e-05,5.0,0.0001544
EDO/BTC,1575562658736,2019-12-05T16:17:38.736Z,buy,3.089e-05,59.0,0.0018225099999999
EDO/BTC,1575563329022,2019-12-05T16:28:49.022Z,buy,3.089e-05,5.0,0.00015445
EDO/BTC,1575563329279,2019-12-05T16:28:49.279Z,buy,3.089e-05,100.0,0.0030889999999999
EDO/BTC,1575563433310,2019-12-05T16:30:33.310Z,sell,3.086e-05,287.0,0.00885682
EDO/BTC,1575563571369,2019-12-05T16:32:51.369Z,buy,3.089e-05,77.0,0.00237853
EDO/BTC,1575563571369,2019-12-05T16:32:51.369Z,buy,3.09e-05,587.0,0.0181383
EDO/BTC,1575563571369,2019-12-05T16:32:51.369Z,buy,3.089e-05,77.0,0.00237853
EDO/BTC,1575563571369,2019-12-05T16:32:51.369Z,buy,3.09e-05,587.0,0.0181383
EDO/BTC,1575564233405,2019-12-05T16:43:53.405Z,sell,3.087e-05,261.0,0.00805707
EDO/BTC,1575564233405,2019-12-05T16:43:53.405Z,sell,3.072e-05,130.0,0.0039936
EDO/BTC,1575564233405,2019-12-05T16:43:53.405Z,sell,3.07e-05,272.0,0.0083504
EDO/BTC,1575564265771,2019-12-05T16:44:25.771Z,buy,3.091e-05,567.0,0.01752597
EDO/BTC,1575564287531,2019-12-05T16:44:47.531Z,sell,3.076e-05,4.0,0.00012304
EDO/BTC,1575564287531,2019-12-05T16:44:47.531Z,sell,3.071e-05,14.0,0.00042994
EDO/BTC,1575564287704,2019-12-05T16:44:47.704Z,sell,3.071e-05,18.0,0.00055278
EDO/BTC,1575564677720,2019-12-05T16:51:17.720Z,sell,3.071e-05,344.0,0.01056424
EDO/BTC,1575564724050,2019-12-05T16:52:04.050Z,buy,3.091e-05,64.0,0.00197824
EDO/BTC,1575564764445,2019-12-05T16:52:44.445Z,sell,3.07e-05,384.0,0.0117888
EDO/BTC,1575564764451,2019-12-05T16:52:44.451Z,sell,3.07e-05,384.0,0.0117888
EDO/BTC,1575564961068,2019-12-05T16:56:01.068Z,sell,3.07e-05,360.0,0.011052
EDO/BTC,1575565104199,2019-12-05T16:58:24.199Z,buy,3.091e-05,64.0,0.00197824
EDO/BTC,1575565386762,2019-12-05T17:03:06.762Z,sell,3.07e-05,184.0,0.0056488
EDO/BTC,1575566012299,2019-12-05T17:13:32.299Z,buy,3.091e-05,28.0,0.00086548
EDO/BTC,1575566456211,2019-12-05T17:20:56.211Z,sell,3.08e-05,18.0,0.0005544
EDO/BTC,1575566499225,2019-12-05T17:21:39.225Z,buy,3.08e-05,189.0,0.0058212
EDO/BTC,1575566499225,2019-12-05T17:21:39.225Z,buy,3.091e-05,1900.0,0.058729
EDO/BTC,1575566528738,2019-12-05T17:22:08.738Z,sell,3.091e-05,244.0,0.00754204
EDO/BTC,1575566952185,2019-12-05T17:29:12.185Z,buy,3.091e-05,32.0,0.00098912
EDO/BTC,1575566952185,2019-12-05T17:29:12.185Z,buy,3.094e-05,658.0,0.0203585199999999
EDO/BTC,1575566952258,2019-12-05T17:29:12.258Z,sell,3.094e-05,394.0,0.0121903599999999
EDO/BTC,1575566970371,2019-12-05T17:29:30.371Z,sell,3.094e-05,242.0,0.0074874799999999
EDO/BTC,1575566970371,2019-12-05T17:29:30.371Z,sell,3.094e-05,242.0,0.0074874799999999
EDO/BTC,1575567613443,2019-12-05T17:40:13.443Z,sell,3.08e-05,226.0,0.0069608
EDO/BTC,1575568400460,2019-12-05T17:53:20.460Z,buy,3.1e-05,33.0,0.001023
EDO/BTC,1575568414024,2019-12-05T17:53:34.024Z,buy,3.1e-05,6.0,0.000186
EDO/BTC,1575568415633,2019-12-05T17:53:35.633Z,buy,3.1e-05,6.0,0.000186
EDO/BTC,1575568428195,2019-12-05T17:53:48.195Z,buy,3.1e-05,33.0,0.001023
EDO/BTC,1575568449426,2019-12-05T17:54:09.426Z,buy,3.1e-05,210.0,0.00651
EDO/BTC,1575568449459,2019-12-05T17:54:09.459Z,sell,3.1e-05,290.0,0.00899
EDO/BTC,1575568474381,2019-12-05T17:54:34.381Z,buy,3.102e-05,33.0,0.00102366
EDO/BTC,1575568678976,2019-12-05T17:57:58.976Z,buy,3.102e-05,16.0,0.00049632
EDO/BTC,1575569098277,2019-12-05T18:04:58.277Z,buy,3.102e-05,33.0,0.00102366
EDO/BTC,1575569705370,2019-12-05T18:15:05.370Z,buy,3.102e-05,320.0,0.0099263999999999
EDO/BTC,1575570268184,2019-12-05T18:24:28.184Z,sell,3.083e-05,16.0,0.00049328
EDO/BTC,1575570290179,2019-12-05T18:24:50.179Z,buy,3.089e-05,13.0,0.0004015699999999
EDO/BTC,1575570290179,2019-12-05T18:24:50.179Z,buy,3.089e-05,13.0,0.0004015699999999
EDO/BTC,1575570588433,2019-12-05T18:29:48.433Z,buy,3.089e-05,14.0,0.0004324599999999
EDO/BTC,1575570634343,2019-12-05T18:30:34.343Z,buy,3.102e-05,19.0,0.0005893799999999
EDO/BTC,1575570945391,2019-12-05T18:35:45.391Z,sell,3.087e-05,23.0,0.00071001
EDO/BTC,1575570954581,2019-12-05T18:35:54.581Z,sell,3.083e-05,3.0,9.249e-05
EDO/BTC,1575570954581,2019-12-05T18:35:54.581Z,sell,3.08e-05,1300.0,0.04004
EDO/BTC,1575571440963,2019-12-05T18:44:00.963Z,sell,3.082e-05,64.0,0.00197248
EDO/BTC,1575571440963,2019-12-05T18:44:00.963Z,sell,3.08e-05,5297.0,0.1631476
EDO/BTC,1575571440963,2019-12-05T18:44:00.963Z,sell,3.077e-05,4.0,0.00012308
EDO/BTC,1575571440963,2019-12-05T18:44:00.963Z,sell,3.074e-05,204.0,0.00627096
EDO/BTC,1575571825448,2019-12-05T18:50:25.448Z,buy,3.094e-05,4.0,0.00012376
EDO/BTC,1575571825490,2019-12-05T18:50:25.490Z,sell,3.094e-05,29.0,0.00089726
EDO/BTC,1575571825506,2019-12-05T18:50:25.506Z,sell,3.074e-05,4.0,0.00012296
EDO/BTC,1575571825506,2019-12-05T18:50:25.506Z,sell,3.071e-05,7.0,0.00021497
EDO/BTC,1575572135649,2019-12-05T18:55:35.649Z,buy,3.1e-05,64.0,0.001984
EDO/BTC,1575572135649,2019-12-05T18:55:35.649Z,buy,3.102e-05,741.0,0.0229858199999999
EDO/BTC,1575573200300,2019-12-05T19:13:20.300Z,buy,3.101e-05,4.0,0.00012404
EDO/BTC,1575573200455,2019-12-05T19:13:20.455Z,sell,3.101e-05,28.0,0.00086828
EDO/BTC,1575573248366,2019-12-05T19:14:08.366Z,sell,3.101e-05,4.0,0.00012404
EDO/BTC,1575573250917,2019-12-05T19:14:10.917Z,buy,3.101e-05,119.0,0.00369019
EDO/BTC,1575573250917,2019-12-05T19:14:10.917Z,buy,3.104e-05,135.0,0.0041904
EDO/BTC,1575573250917,2019-12-05T19:14:10.917Z,buy,3.101e-05,119.0,0.00369019
EDO/BTC,1575573250917,2019-12-05T19:14:10.917Z,buy,3.104e-05,135.0,0.0041904
EDO/BTC,1575574273830,2019-12-05T19:31:13.830Z,buy,3.099e-05,15.0,0.00046485
EDO/BTC,1575574328384,2019-12-05T19:32:08.384Z,buy,3.099e-05,4.0,0.00012396
EDO/BTC,1575575270655,2019-12-05T19:47:50.655Z,sell,3.077e-05,4.0,0.00012308
EDO/BTC,1575575270655,2019-12-05T19:47:50.655Z,sell,3.071e-05,7.0,0.00021497
EDO/BTC,1575575270655,2019-12-05T19:47:50.655Z,sell,3.07e-05,350.0,0.010745
EDO/BTC,1575576056905,2019-12-05T20:00:56.905Z,buy,3.086e-05,549.0,0.0169421399999999
EDO/BTC,1575576056905,2019-12-05T20:00:56.905Z,buy,3.087e-05,767.0,0.02367729
EDO/BTC,1575576103939,2019-12-05T20:01:43.939Z,buy,3.087e-05,10.0,0.0003087
EDO/BTC,1575576315110,2019-12-05T20:05:15.110Z,buy,3.074e-05,38.0,0.00116812
EDO/BTC,1575576333792,2019-12-05T20:05:33.792Z,buy,3.087e-05,44.0,0.00135828
EDO/BTC,1575576450446,2019-12-05T20:07:30.446Z,sell,3.073e-05,5.0,0.00015365
EDO/BTC,1575576450446,2019-12-05T20:07:30.446Z,sell,3.073e-05,5.0,0.00015365
EDO/BTC,1575577344269,2019-12-05T20:22:24.269Z,sell,3.074e-05,180.0,0.0055332
EDO/BTC,1575577352143,2019-12-05T20:22:32.143Z,sell,3.074e-05,121.0,0.00371954
EDO/BTC,1575577766579,2019-12-05T20:29:26.579Z,sell,3.074e-05,33.0,0.00101442
EDO/BTC,1575577790246,2019-12-05T20:29:50.246Z,sell,3.074e-05,122.0,0.00375028
EDO/BTC,1575577818293,2019-12-05T20:30:18.293Z,sell,3.074e-05,33.0,0.00101442
EDO/BTC,1575577885696,2019-12-05T20:31:25.696Z,sell,3.074e-05,33.0,0.00101442
EDO/BTC,1575577885696,2019-12-05T20:31:25.696Z,sell,3.074e-05,33.0,0.00101442
EDO/BTC,1575580493376,2019-12-05T21:14:53.376Z,buy,3.091e-05,9.0,0.00027819
EDO/BTC,1575580622217,2019-12-05T21:17:02.217Z,buy,3.091e-05,5.0,0.00015455
EDO/BTC,1575580996593,2019-12-05T21:23:16.593Z,buy,3.094e-05,4.0,0.00012376
EDO/BTC,1575580998838,2019-12-05T21:23:18.838Z,sell,3.094e-05,30.0,0.0009281999999999
EDO/BTC,1575581391023,2019-12-05T21:29:51.023Z,buy,3.094e-05,36.0,0.00111384
EDO/BTC,1575581391265,2019-12-05T21:29:51.265Z,buy,3.094e-05,800.0,0.024752
EDO/BTC,1575581391265,2019-12-05T21:29:51.265Z,buy,3.094e-05,800.0,0.024752
EDO/BTC,1575581592810,2019-12-05T21:33:12.810Z,buy,3.094e-05,670.0,0.0207298
EDO/BTC,1575582447875,2019-12-05T21:47:27.875Z,buy,3.098e-05,4.0,0.00012392
EDO/BTC,1575582447875,2019-12-05T21:47:27.875Z,buy,3.099e-05,7.0,0.00021693
EDO/BTC,1575582759081,2019-12-05T21:52:39.081Z,buy,3.098e-05,541.0,0.01676018
EDO/BTC,1575582759081,2019-12-05T21:52:39.081Z,buy,3.099e-05,54.0,0.0016734599999999
EDO/BTC,1575582759081,2019-12-05T21:52:39.081Z,buy,3.1e-05,902.0,0.027962
EDO/BTC,1575584203886,2019-12-05T22:16:43.886Z,buy,3.111e-05,22.0,0.0006844199999999
EDO/BTC,1575584203955,2019-12-05T22:16:43.955Z,sell,3.111e-05,91.0,0.0028310099999999
EDO/BTC,1575584245557,2019-12-05T22:17:25.557Z,sell,3.1e-05,17.0,0.000527
EDO/BTC,1575584259074,2019-12-05T22:17:39.074Z,sell,3.1e-05,17.0,0.000527
EDO/BTC,1575584259074,2019-12-05T22:17:39.074Z,sell,3.1e-05,17.0,0.000527
EDO/BTC,1575585912013,2019-12-05T22:45:12.013Z,buy,3.111e-05,4.0,0.00012444
EDO/BTC,1575585912070,2019-12-05T22:45:12.070Z,sell,3.111e-05,29.0,0.00090219
EDO/BTC,1575585912109,2019-12-05T22:45:12.109Z,sell,3.1e-05,29.0,0.000899
EDO/BTC,1575585912684,2019-12-05T22:45:12.684Z,sell,3.111e-05,33.0,0.00102663
EDO/BTC,1575586468802,2019-12-05T22:54:28.802Z,buy,3.112e-05,4.0,0.00012448
EDO/BTC,1575586468811,2019-12-05T22:54:28.811Z,sell,3.112e-05,29.0,0.00090248
EDO/BTC,1575587752454,2019-12-05T23:15:52.454Z,buy,3.113e-05,33.0,0.00102729
EDO/BTC,1575587752454,2019-12-05T23:15:52.454Z,buy,3.113e-05,33.0,0.00102729
EDO/BTC,1575590198350,2019-12-05T23:56:38.350Z,sell,3.1e-05,27.0,0.000837
EDO/BTC,1575590228454,2019-12-05T23:57:08.454Z,buy,3.099e-05,4.0,0.00012396
EDO/BTC,1575590450447,2019-12-06T00:00:50.447Z,buy,3.1e-05,6.0,0.000186
EDO/BTC,1575590723348,2019-12-06T00:05:23.348Z,buy,3.1e-05,65.0,0.002015
EDO/BTC,1575590878532,2019-12-06T00:07:58.532Z,buy,3.1e-05,306.0,0.009486
EDO/BTC,1575590894954,2019-12-06T00:08:14.954Z,buy,3.113e-05,202.0,0.00628826
EDO/BTC,1575590900915,2019-12-06T00:08:20.915Z,buy,3.117e-05,2003.0,0.06243351
EDO/BTC,1575590901252,2019-12-06T00:08:21.252Z,sell,3.117e-05,650.0,0.0202605
EDO/BTC,1575590973562,2019-12-06T00:09:33.562Z,buy,3.116e-05,4.0,0.00012464
EDO/BTC,1575590976672,2019-12-06T00:09:36.672Z,buy,3.122e-05,773.0,0.02413306
EDO/BTC,1575590996238,2019-12-06T00:09:56.238Z,sell,3.117e-05,197.0,0.00614049
EDO/BTC,1575591006691,2019-12-06T00:10:06.691Z,buy,3.127e-05,4.0,0.00012508
EDO/BTC,1575591006691,2019-12-06T00:10:06.691Z,buy,3.13e-05,368.0,0.0115184
EDO/BTC,1575591006784,2019-12-06T00:10:06.784Z,sell,3.125e-05,22.0,0.0006875
EDO/BTC,1575591007195,2019-12-06T00:10:07.195Z,sell,3.125e-05,29.0,0.00090625
EDO/BTC,1575591023069,2019-12-06T00:10:23.069Z,sell,3.127e-05,131.0,0.0040963699999999
EDO/BTC,1575591031461,2019-12-06T00:10:31.461Z,sell,3.127e-05,190.0,0.0059412999999999
EDO/BTC,1575591032720,2019-12-06T00:10:32.720Z,sell,3.126e-05,8.0,0.00025008
EDO/BTC,1575591032720,2019-12-06T00:10:32.720Z,sell,3.125e-05,8.0,0.00025
EDO/BTC,1575591032924,2019-12-06T00:10:32.924Z,buy,3.126e-05,290.0,0.0090654
EDO/BTC,1575591046062,2019-12-06T00:10:46.062Z,buy,3.135e-05,16.0,0.0005016
EDO/BTC,1575591092776,2019-12-06T00:11:32.776Z,buy,3.134e-05,780.0,0.0244452
EDO/BTC,1575591092785,2019-12-06T00:11:32.785Z,sell,3.132e-05,94.0,0.00294408
EDO/BTC,1575591092796,2019-12-06T00:11:32.796Z,sell,3.132e-05,165.0,0.0051677999999999
EDO/BTC,1575591092865,2019-12-06T00:11:32.865Z,sell,3.132e-05,1717.0,0.0537764399999999
EDO/BTC,1575591093864,2019-12-06T00:11:33.864Z,sell,3.132e-05,1192.0,0.0373334399999999
EDO/BTC,1575591094262,2019-12-06T00:11:34.262Z,sell,3.132e-05,480.0,0.0150336
EDO/BTC,1575591094862,2019-12-06T00:11:34.862Z,sell,3.132e-05,1162.0,0.03639384
EDO/BTC,1575591097266,2019-12-06T00:11:37.266Z,sell,3.132e-05,797.0,0.0249620399999999
EDO/BTC,1575591292998,2019-12-06T00:14:52.998Z,buy,3.133e-05,884.0,0.02769572
EDO/BTC,1575591299249,2019-12-06T00:14:59.249Z,sell,3.126e-05,202.0,0.00631452
EDO/BTC,1575591303378,2019-12-06T00:15:03.378Z,sell,3.126e-05,6.0,0.00018756
EDO/BTC,1575591304290,2019-12-06T00:15:04.290Z,sell,3.126e-05,128.0,0.00400128
EDO/BTC,1575591312593,2019-12-06T00:15:12.593Z,sell,3.126e-05,269.0,0.00840894
EDO/BTC,1575591312593,2019-12-06T00:15:12.593Z,sell,3.126e-05,269.0,0.00840894
EDO/BTC,1575591371132,2019-12-06T00:16:11.132Z,buy,3.136e-05,15.0,0.0004703999999999
EDO/BTC,1575591379463,2019-12-06T00:16:19.463Z,buy,3.142e-05,1.0,3.142e-05
EDO/BTC,1575591562682,2019-12-06T00:19:22.682Z,buy,3.142e-05,1.0,3.142e-05
EDO/BTC,1575591616807,2019-12-06T00:20:16.807Z,sell,3.117e-05,311.0,0.00969387
EDO/BTC,1575591656942,2019-12-06T00:20:56.942Z,sell,3.114e-05,4496.0,0.1400054399999999
EDO/BTC,1575591735195,2019-12-06T00:22:15.195Z,sell,3.113e-05,64.0,0.00199232
EDO/BTC,1575591807610,2019-12-06T00:23:27.610Z,buy,3.128e-05,311.0,0.00972808
EDO/BTC,1575591807631,2019-12-06T00:23:27.631Z,buy,3.137e-05,556.0,0.01744172
EDO/BTC,1575591807631,2019-12-06T00:23:27.631Z,buy,3.138e-05,327.0,0.01026126
EDO/BTC,1575591810758,2019-12-06T00:23:30.758Z,buy,3.142e-05,1027.0,0.03226834
EDO/BTC,1575591813706,2019-12-06T00:23:33.706Z,sell,3.129e-05,122.0,0.00381738
EDO/BTC,1575591819451,2019-12-06T00:23:39.451Z,sell,3.129e-05,144.0,0.00450576
EDO/BTC,1575591823506,2019-12-06T00:23:43.506Z,sell,3.129e-05,290.0,0.0090741
EDO/BTC,1575591854758,2019-12-06T00:24:14.758Z,sell,3.118e-05,232.0,0.00723376
EDO/BTC,1575591937290,2019-12-06T00:25:37.290Z,sell,3.112e-05,4.0,0.00012448
EDO/BTC,1575591954762,2019-12-06T00:25:54.762Z,sell,3.113e-05,29.0,0.00090277
EDO/BTC,1575591954762,2019-12-06T00:25:54.762Z,sell,3.111e-05,14.0,0.00043554
EDO/BTC,1575592005104,2019-12-06T00:26:45.104Z,buy,3.108e-05,565.0,0.0175602
EDO/BTC,1575592005485,2019-12-06T00:26:45.485Z,buy,3.107e-05,100.0,0.003107
EDO/BTC,1575592012787,2019-12-06T00:26:52.787Z,sell,3.107e-05,128.0,0.00397696
EDO/BTC,1575592054056,2019-12-06T00:27:34.056Z,buy,3.11e-05,128.0,0.0039808
EDO/BTC,1575592054123,2019-12-06T00:27:34.123Z,sell,3.11e-05,516.0,0.0160476
EDO/BTC,1575592054603,2019-12-06T00:27:34.603Z,buy,3.11e-05,34.0,0.0010574
EDO/BTC,1575592055000,2019-12-06T00:27:35.000Z,buy,3.11e-05,34.0,0.0010574
EDO/BTC,1575592055329,2019-12-06T00:27:35.329Z,buy,3.11e-05,33.0,0.0010263
EDO/BTC,1575592055652,2019-12-06T00:27:35.652Z,buy,3.11e-05,33.0,0.0010263
EDO/BTC,1575592055975,2019-12-06T00:27:35.975Z,buy,3.11e-05,33.0,0.0010263
EDO/BTC,1575592056315,2019-12-06T00:27:36.315Z,buy,3.11e-05,65.0,0.0020215
EDO/BTC,1575592056339,2019-12-06T00:27:36.339Z,buy,3.11e-05,33.0,0.0010263
EDO/BTC,1575592056353,2019-12-06T00:27:36.353Z,buy,3.11e-05,33.0,0.0010263
EDO/BTC,1575592056408,2019-12-06T00:27:36.408Z,buy,3.11e-05,33.0,0.0010263
EDO/BTC,1575592059120,2019-12-06T00:27:39.120Z,sell,3.101e-05,4.0,0.00012404
EDO/BTC,1575592068398,2019-12-06T00:27:48.398Z,buy,3.1e-05,2140.0,0.06634
EDO/BTC,1575592068398,2019-12-06T00:27:48.398Z,buy,3.101e-05,4570.0,0.1417157
EDO/BTC,1575592112188,2019-12-06T00:28:32.188Z,buy,3.118e-05,29.0,0.00090422
EDO/BTC,1575592112230,2019-12-06T00:28:32.230Z,buy,3.13e-05,996.0,0.0311748
EDO/BTC,1575592118885,2019-12-06T00:28:38.885Z,sell,3.119e-05,717.0,0.0223632299999999
EDO/BTC,1575592166283,2019-12-06T00:29:26.283Z,buy,3.13e-05,391.0,0.0122383
EDO/BTC,1575592166283,2019-12-06T00:29:26.283Z,buy,3.131e-05,676.0,0.0211655599999999
EDO/BTC,1575592166283,2019-12-06T00:29:26.283Z,buy,3.134e-05,487.0,0.01526258
EDO/BTC,1575592166283,2019-12-06T00:29:26.283Z,buy,3.135e-05,327.0,0.01025145
EDO/BTC,1575592169545,2019-12-06T00:29:29.545Z,buy,3.134e-05,394.0,0.01234796
EDO/BTC,1575592170443,2019-12-06T00:29:30.443Z,sell,3.128e-05,162.0,0.00506736
EDO/BTC,1575592173357,2019-12-06T00:29:33.357Z,sell,3.128e-05,197.0,0.00616216
EDO/BTC,1575592177081,2019-12-06T00:29:37.081Z,sell,3.129e-05,174.0,0.00544446
EDO/BTC,1575592183586,2019-12-06T00:29:43.586Z,sell,3.129e-05,116.0,0.00362964
EDO/BTC,1575592183602,2019-12-06T00:29:43.602Z,buy,3.127e-05,506.0,0.01582262
EDO/BTC,1575592187828,2019-12-06T00:29:47.828Z,sell,3.126e-05,445.0,0.0139107
EDO/BTC,1575592187915,2019-12-06T00:29:47.915Z,buy,3.126e-05,232.0,0.00725232
EDO/BTC,1575592237212,2019-12-06T00:30:37.212Z,buy,3.136e-05,768.0,0.02408448
EDO/BTC,1575592237439,2019-12-06T00:30:37.439Z,buy,3.137e-05,243.0,0.00762291
EDO/BTC,1575592240577,2019-12-06T00:30:40.577Z,buy,3.14e-05,202.0,0.0063427999999999
EDO/BTC,1575592241056,2019-12-06T00:30:41.056Z,sell,3.128e-05,239.0,0.00747592
EDO/BTC,1575592245712,2019-12-06T00:30:45.712Z,sell,3.128e-05,157.0,0.00491096
EDO/BTC,1575592263235,2019-12-06T00:31:03.235Z,sell,3.129e-05,315.0,0.00985635
EDO/BTC,1575592306327,2019-12-06T00:31:46.327Z,sell,3.113e-05,447.0,0.01391511
EDO/BTC,1575592306351,2019-12-06T00:31:46.351Z,sell,3.112e-05,4.0,0.00012448
EDO/BTC,1575592324906,2019-12-06T00:32:04.906Z,sell,3.111e-05,14.0,0.00043554
EDO/BTC,1575592333478,2019-12-06T00:32:13.478Z,sell,3.105e-05,32.0,0.0009936
EDO/BTC,1575592338117,2019-12-06T00:32:18.117Z,sell,3.104e-05,4.0,0.00012416
EDO/BTC,1575592341534,2019-12-06T00:32:21.534Z,buy,3.102e-05,443.0,0.01374186
EDO/BTC,1575592341534,2019-12-06T00:32:21.534Z,buy,3.103e-05,5671.0,0.17597113
EDO/BTC,1575592413869,2019-12-06T00:33:33.869Z,buy,3.124e-05,15.0,0.0004686
EDO/BTC,1575592414765,2019-12-06T00:33:34.765Z,buy,3.124e-05,45.0,0.0014058
EDO/BTC,1575592483668,2019-12-06T00:34:43.668Z,sell,3.118e-05,2020.0,0.0629836
EDO/BTC,1575592484873,2019-12-06T00:34:44.873Z,sell,3.118e-05,1400.0,0.043652
EDO/BTC,1575592485877,2019-12-06T00:34:45.877Z,sell,3.118e-05,972.0,0.03030696
EDO/BTC,1575592486978,2019-12-06T00:34:46.978Z,sell,3.118e-05,660.0,0.0205788
EDO/BTC,1575592636008,2019-12-06T00:37:16.008Z,sell,3.122e-05,63.0,0.00196686
EDO/BTC,1575592689145,2019-12-06T00:38:09.145Z,buy,3.127e-05,4.0,0.00012508
EDO/BTC,1575592694530,2019-12-06T00:38:14.530Z,buy,3.127e-05,22.0,0.00068794
EDO/BTC,1575592699084,2019-12-06T00:38:19.084Z,buy,3.127e-05,6.0,0.00018762
EDO/BTC,1575592699084,2019-12-06T00:38:19.084Z,buy,3.13e-05,14.0,0.0004382
EDO/BTC,1575592705367,2019-12-06T00:38:25.367Z,buy,3.13e-05,4.0,0.0001252
EDO/BTC,1575592712791,2019-12-06T00:38:32.791Z,sell,3.121e-05,444.0,0.01385724
EDO/BTC,1575592783847,2019-12-06T00:39:43.847Z,buy,3.136e-05,63.0,0.00197568
EDO/BTC,1575592830824,2019-12-06T00:40:30.824Z,sell,3.122e-05,64.0,0.00199808
EDO/BTC,1575593076423,2019-12-06T00:44:36.423Z,sell,3.123e-05,64.0,0.00199872
EDO/BTC,1575593222657,2019-12-06T00:47:02.657Z,buy,3.14e-05,103.0,0.0032341999999999
EDO/BTC,1575593579831,2019-12-06T00:52:59.831Z,sell,3.125e-05,63.0,0.00196875
EDO/BTC,1575593579960,2019-12-06T00:52:59.960Z,buy,3.127e-05,404.0,0.01263308
EDO/BTC,1575593810433,2019-12-06T00:56:50.433Z,buy,3.13e-05,4.0,0.0001252
EDO/BTC,1575593920031,2019-12-06T00:58:40.031Z,sell,3.117e-05,64.0,0.00199488
EDO/BTC,1575593970746,2019-12-06T00:59:30.746Z,sell,3.122e-05,64.0,0.00199808
EDO/BTC,1575594077791,2019-12-06T01:01:17.791Z,sell,3.121e-05,3350.0,0.1045535
EDO/BTC,1575594152110,2019-12-06T01:02:32.110Z,buy,3.13e-05,162.0,0.0050706
EDO/BTC,1575594232852,2019-12-06T01:03:52.852Z,buy,3.127e-05,4.0,0.00012508
EDO/BTC,1575594240105,2019-12-06T01:04:00.105Z,sell,3.122e-05,121.0,0.00377762
EDO/BTC,1575594245820,2019-12-06T01:04:05.820Z,buy,3.122e-05,122.0,0.00380884
EDO/BTC,1575594341372,2019-12-06T01:05:41.372Z,sell,3.112e-05,4.0,0.00012448
EDO/BTC,1575594341401,2019-12-06T01:05:41.401Z,sell,3.111e-05,14.0,0.00043554
EDO/BTC,1575594341401,2019-12-06T01:05:41.401Z,sell,3.107e-05,36.0,0.00111852
EDO/BTC,1575594341401,2019-12-06T01:05:41.401Z,sell,3.095e-05,169.0,0.00523055
EDO/BTC,1575594344424,2019-12-06T01:05:44.424Z,sell,3.094e-05,328.0,0.0101483199999999
EDO/BTC,1575594372236,2019-12-06T01:06:12.236Z,sell,3.103e-05,17.0,0.00052751
EDO/BTC,1575594372248,2019-12-06T01:06:12.248Z,sell,3.098e-05,140.0,0.0043371999999999
EDO/BTC,1575594372248,2019-12-06T01:06:12.248Z,sell,3.094e-05,27.0,0.0008353799999999
EDO/BTC,1575594372329,2019-12-06T01:06:12.329Z,sell,3.094e-05,496.0,0.0153462399999999
EDO/BTC,1575594377817,2019-12-06T01:06:17.817Z,buy,3.103e-05,642.0,0.01992126
EDO/BTC,1575594403466,2019-12-06T01:06:43.466Z,buy,3.101e-05,129.0,0.00400029
EDO/BTC,1575594406832,2019-12-06T01:06:46.832Z,buy,3.103e-05,16.0,0.00049648
EDO/BTC,1575594420730,2019-12-06T01:07:00.730Z,buy,3.111e-05,3309.0,0.10294299
EDO/BTC,1575594446076,2019-12-06T01:07:26.076Z,buy,3.112e-05,4.0,0.00012448
EDO/BTC,1575594460343,2019-12-06T01:07:40.343Z,buy,3.126e-05,140.0,0.0043764
EDO/BTC,1575594460343,2019-12-06T01:07:40.343Z,buy,3.127e-05,4.0,0.00012508
EDO/BTC,1575594460343,2019-12-06T01:07:40.343Z,buy,3.129e-05,36.0,0.00112644
EDO/BTC,1575594460343,2019-12-06T01:07:40.343Z,buy,3.13e-05,18.0,0.0005634
EDO/BTC,1575594463878,2019-12-06T01:07:43.878Z,buy,3.133e-05,328.0,0.01027624
EDO/BTC,1575594468905,2019-12-06T01:07:48.905Z,sell,3.121e-05,3341.0,0.10427261
EDO/BTC,1575594470177,2019-12-06T01:07:50.177Z,buy,3.123e-05,523.0,0.01633329
EDO/BTC,1575594472985,2019-12-06T01:07:52.985Z,sell,3.121e-05,1507.0,0.04703347
EDO/BTC,1575594476636,2019-12-06T01:07:56.636Z,sell,3.121e-05,454.0,0.01416934
EDO/BTC,1575594538563,2019-12-06T01:08:58.563Z,buy,3.124e-05,1276.0,0.03986224
EDO/BTC,1575594633934,2019-12-06T01:10:33.934Z,buy,3.126e-05,557.0,0.01741182
EDO/BTC,1575594638485,2019-12-06T01:10:38.485Z,sell,3.124e-05,185.0,0.0057794
EDO/BTC,1575594642433,2019-12-06T01:10:42.433Z,sell,3.124e-05,124.0,0.00387376
EDO/BTC,1575594646850,2019-12-06T01:10:46.850Z,sell,3.124e-05,248.0,0.00774752
EDO/BTC,1575594781244,2019-12-06T01:13:01.244Z,buy,3.13e-05,557.0,0.0174341
EDO/BTC,1575594784254,2019-12-06T01:13:04.254Z,buy,3.134e-05,685.0,0.0214679
EDO/BTC,1575594785935,2019-12-06T01:13:05.935Z,sell,3.126e-05,186.0,0.00581436
EDO/BTC,1575594789754,2019-12-06T01:13:09.754Z,sell,3.126e-05,123.0,0.00384498
EDO/BTC,1575594793149,2019-12-06T01:13:13.149Z,sell,3.126e-05,248.0,0.00775248
EDO/BTC,1575594796283,2019-12-06T01:13:16.283Z,sell,3.126e-05,232.0,0.00725232
EDO/BTC,1575594849521,2019-12-06T01:14:09.521Z,sell,3.112e-05,4.0,0.00012448
EDO/BTC,1575594849521,2019-12-06T01:14:09.521Z,sell,3.111e-05,14.0,0.00043554
EDO/BTC,1575594849521,2019-12-06T01:14:09.521Z,sell,3.11e-05,319.0,0.0099209
EDO/BTC,1575594895991,2019-12-06T01:14:55.991Z,buy,3.109e-05,64.0,0.00198976
EDO/BTC,1575594895991,2019-12-06T01:14:55.991Z,buy,3.109e-05,64.0,0.00198976
EDO/BTC,1575594942873,2019-12-06T01:15:42.873Z,buy,3.11e-05,232.0,0.0072152
EDO/BTC,1575595486636,2019-12-06T01:24:46.636Z,buy,3.13e-05,18.0,0.0005634
EDO/BTC,1575595568593,2019-12-06T01:26:08.593Z,sell,3.121e-05,47.0,0.00146687
EDO/BTC,1575595580241,2019-12-06T01:26:20.241Z,buy,3.13e-05,4.0,0.0001252
EDO/BTC,1575595898617,2019-12-06T01:31:38.617Z,sell,3.119e-05,11.0,0.00034309
EDO/BTC,1575596216269,2019-12-06T01:36:56.269Z,buy,3.133e-05,1615.0,0.05059795
EDO/BTC,1575596216299,2019-12-06T01:36:56.299Z,buy,3.133e-05,1726.0,0.05407558
EDO/BTC,1575596219972,2019-12-06T01:36:59.972Z,buy,3.134e-05,650.0,0.020371
EDO/BTC,1575596236610,2019-12-06T01:37:16.610Z,buy,3.138e-05,47.0,0.00147486
EDO/BTC,1575596236610,2019-12-06T01:37:16.610Z,buy,3.142e-05,694.0,0.02180548
EDO/BTC,1575596241624,2019-12-06T01:37:21.624Z,sell,3.13e-05,3336.0,0.1044168
EDO/BTC,1575596247951,2019-12-06T01:37:27.951Z,sell,3.134e-05,22.0,0.00068948
EDO/BTC,1575596247951,2019-12-06T01:37:27.951Z,sell,3.13e-05,422.0,0.0132086
EDO/BTC,1575596252068,2019-12-06T01:37:32.068Z,sell,3.13e-05,22.0,0.0006886
EDO/BTC,1575596270425,2019-12-06T01:37:50.425Z,sell,3.113e-05,318.0,0.00989934
EDO/BTC,1575596324025,2019-12-06T01:38:44.025Z,sell,3.112e-05,370.0,0.0115144
EDO/BTC,1575596343324,2019-12-06T01:39:03.324Z,buy,3.115e-05,235.0,0.0073202499999999
EDO/BTC,1575596363235,2019-12-06T01:39:23.235Z,buy,3.117e-05,595.0,0.01854615
EDO/BTC,1575596368500,2019-12-06T01:39:28.500Z,buy,3.116e-05,444.0,0.01383504
EDO/BTC,1575596373723,2019-12-06T01:39:33.723Z,buy,3.118e-05,151.0,0.00470818
EDO/BTC,1575596413501,2019-12-06T01:40:13.501Z,sell,3.111e-05,14.0,0.00043554
EDO/BTC,1575596905313,2019-12-06T01:48:25.313Z,buy,3.117e-05,3336.0,0.10398312
EDO/BTC,1575596922202,2019-12-06T01:48:42.202Z,buy,3.129e-05,328.0,0.01026312
EDO/BTC,1575596931829,2019-12-06T01:48:51.829Z,buy,3.13e-05,18.0,0.0005634
EDO/BTC,1575596931829,2019-12-06T01:48:51.829Z,buy,3.131e-05,555.0,0.0173770499999999
EDO/BTC,1575596953794,2019-12-06T01:49:13.794Z,sell,3.126e-05,3511.0,0.10975386
EDO/BTC,1575596958251,2019-12-06T01:49:18.251Z,sell,3.128e-05,1300.0,0.040664
EDO/BTC,1575596958251,2019-12-06T01:49:18.251Z,sell,3.127e-05,178.0,0.0055660599999999
EDO/BTC,1575596962781,2019-12-06T01:49:22.781Z,sell,3.127e-05,85.0,0.0026579499999999
EDO/BTC,1575596969829,2019-12-06T01:49:29.829Z,sell,3.125e-05,285.0,0.00890625
EDO/BTC,1575597053811,2019-12-06T01:50:53.811Z,buy,3.116e-05,5457.0,0.17004012
EDO/BTC,1575597078431,2019-12-06T01:51:18.431Z,buy,3.125e-05,4.0,0.000125
EDO/BTC,1575597078431,2019-12-06T01:51:18.431Z,buy,3.128e-05,1278.0,0.03997584
EDO/BTC,1575597078893,2019-12-06T01:51:18.893Z,buy,3.131e-05,293.0,0.00917383
EDO/BTC,1575597106785,2019-12-06T01:51:46.785Z,sell,3.13e-05,442.0,0.0138346
EDO/BTC,1575597294944,2019-12-06T01:54:54.944Z,buy,3.113e-05,505.0,0.01572065
EDO/BTC,1575597313160,2019-12-06T01:55:13.160Z,sell,3.112e-05,4.0,0.00012448
EDO/BTC,1575597372709,2019-12-06T01:56:12.709Z,buy,3.129e-05,4.0,0.00012516
EDO/BTC,1575597403855,2019-12-06T01:56:43.855Z,buy,3.13e-05,4.0,0.0001252
EDO/BTC,1575597767477,2019-12-06T02:02:47.477Z,buy,3.132e-05,3325.0,0.104139
EDO/BTC,1575597767477,2019-12-06T02:02:47.477Z,buy,3.133e-05,1120.0,0.0350896
EDO/BTC,1575597771067,2019-12-06T02:02:51.067Z,buy,3.133e-05,292.0,0.00914836
EDO/BTC,1575597774066,2019-12-06T02:02:54.066Z,buy,3.14e-05,481.0,0.0151034
EDO/BTC,1575597789492,2019-12-06T02:03:09.492Z,buy,3.144e-05,20.0,0.0006287999999999
EDO/BTC,1575597789492,2019-12-06T02:03:09.492Z,buy,3.146e-05,451.0,0.01418846
EDO/BTC,1575597789492,2019-12-06T02:03:09.492Z,buy,3.147e-05,4.0,0.00012588
EDO/BTC,1575597794334,2019-12-06T02:03:14.334Z,sell,3.132e-05,440.0,0.0137808
EDO/BTC,1575597794353,2019-12-06T02:03:14.353Z,buy,3.132e-05,2881.0,0.09023292
EDO/BTC,1575597799080,2019-12-06T02:03:19.080Z,sell,3.131e-05,3322.0,0.1040118199999999
EDO/BTC,1575597812984,2019-12-06T02:03:32.984Z,sell,3.13e-05,4.0,0.0001252
EDO/BTC,1575597877853,2019-12-06T02:04:37.853Z,buy,3.117e-05,440.0,0.0137148
EDO/BTC,1575597881955,2019-12-06T02:04:41.955Z,buy,3.117e-05,5231.0,0.16305027
EDO/BTC,1575597946649,2019-12-06T02:05:46.649Z,buy,3.133e-05,440.0,0.0137852
EDO/BTC,1575597954070,2019-12-06T02:05:54.070Z,buy,3.138e-05,318.0,0.00997884
EDO/BTC,1575597972951,2019-12-06T02:06:12.951Z,sell,3.131e-05,440.0,0.0137763999999999
EDO/BTC,1575598363479,2019-12-06T02:12:43.479Z,sell,3.138e-05,68.0,0.00213384
EDO/BTC,1575598363545,2019-12-06T02:12:43.545Z,sell,3.138e-05,91.0,0.00285558
EDO/BTC,1575598363566,2019-12-06T02:12:43.566Z,sell,3.114e-05,28.0,0.0008719199999999
EDO/BTC,1575598363566,2019-12-06T02:12:43.566Z,sell,3.114e-05,28.0,0.0008719199999999
EDO/BTC,1575598675695,2019-12-06T02:17:55.695Z,sell,3.126e-05,127.0,0.00397002
EDO/BTC,1575598813797,2019-12-06T02:20:13.797Z,sell,3.114e-05,305.0,0.0094977
EDO/BTC,1575598817352,2019-12-06T02:20:17.352Z,sell,3.112e-05,4.0,0.00012448
EDO/BTC,1575598817352,2019-12-06T02:20:17.352Z,sell,3.111e-05,14.0,0.00043554
EDO/BTC,1575598817352,2019-12-06T02:20:17.352Z,sell,3.11e-05,37.0,0.0011507
EDO/BTC,1575598817352,2019-12-06T02:20:17.352Z,sell,3.106e-05,319.0,0.00990814
EDO/BTC,1575598832007,2019-12-06T02:20:32.007Z,sell,3.103e-05,128.0,0.00397184
EDO/BTC,1575598832007,2019-12-06T02:20:32.007Z,sell,3.095e-05,1999.0,0.06186905
EDO/BTC,1575598832007,2019-12-06T02:20:32.007Z,sell,3.094e-05,588.0,0.01819272
EDO/BTC,1575598832007,2019-12-06T02:20:32.007Z,sell,3.093e-05,51.0,0.0015774299999999
EDO/BTC,1575598835040,2019-12-06T02:20:35.040Z,sell,3.091e-05,335.0,0.01035485
EDO/BTC,1575598837110,2019-12-06T02:20:37.110Z,buy,3.107e-05,333.0,0.01034631
EDO/BTC,1575598840827,2019-12-06T02:20:40.827Z,buy,3.105e-05,107.0,0.00332235
EDO/BTC,1575598840851,2019-12-06T02:20:40.851Z,sell,3.106e-05,333.0,0.01034298
EDO/BTC,1575598844979,2019-12-06T02:20:44.979Z,buy,3.109e-05,333.0,0.01035297
EDO/BTC,1575598926651,2019-12-06T02:22:06.651Z,buy,3.107e-05,3322.0,0.10321454
EDO/BTC,1575598939431,2019-12-06T02:22:19.431Z,buy,3.111e-05,14.0,0.00043554
EDO/BTC,1575598949860,2019-12-06T02:22:29.860Z,buy,3.112e-05,1667.0,0.05187704
EDO/BTC,1575598949888,2019-12-06T02:22:29.888Z,buy,3.118e-05,580.0,0.0180844
EDO/BTC,1575598952907,2019-12-06T02:22:32.907Z,buy,3.124e-05,716.0,0.02236784
EDO/BTC,1575598952907,2019-12-06T02:22:32.907Z,buy,3.127e-05,4.0,0.00012508
EDO/BTC,1575598963997,2019-12-06T02:22:43.997Z,buy,3.128e-05,238.0,0.00744464
EDO/BTC,1575598963997,2019-12-06T02:22:43.997Z,buy,3.13e-05,18.0,0.0005634
EDO/BTC,1575598970118,2019-12-06T02:22:50.118Z,sell,3.115e-05,439.0,0.0136748499999999
EDO/BTC,1575598970118,2019-12-06T02:22:50.118Z,sell,3.113e-05,3315.0,0.10319595
EDO/BTC,1575598979400,2019-12-06T02:22:59.400Z,sell,3.113e-05,2253.0,0.07013589
EDO/BTC,1575599022594,2019-12-06T02:23:42.594Z,sell,3.112e-05,4.0,0.00012448
EDO/BTC,1575599029486,2019-12-06T02:23:49.486Z,sell,3.111e-05,14.0,0.00043554
EDO/BTC,1575599036830,2019-12-06T02:23:56.830Z,buy,3.11e-05,439.0,0.0136528999999999
EDO/BTC,1575599044347,2019-12-06T02:24:04.347Z,buy,3.11e-05,1229.0,0.0382218999999999
EDO/BTC,1575599092689,2019-12-06T02:24:52.689Z,buy,3.105e-05,3221.0,0.10001205
EDO/BTC,1575599092717,2019-12-06T02:24:52.717Z,sell,3.11e-05,1365.0,0.0424514999999999
EDO/BTC,1575599092770,2019-12-06T02:24:52.770Z,sell,3.11e-05,2600.0,0.0808599999999999
EDO/BTC,1575599158815,2019-12-06T02:25:58.815Z,buy,3.129e-05,4134.0,0.12935286
EDO/BTC,1575599158815,2019-12-06T02:25:58.815Z,buy,3.13e-05,668.0,0.0209084
EDO/BTC,1575599158815,2019-12-06T02:25:58.815Z,buy,3.132e-05,37.0,0.00115884
EDO/BTC,1575599158815,2019-12-06T02:25:58.815Z,buy,3.14e-05,93.0,0.0029202
EDO/BTC,1575599255740,2019-12-06T02:27:35.740Z,sell,3.126e-05,436.0,0.01362936
EDO/BTC,1575599555445,2019-12-06T02:32:35.445Z,sell,3.128e-05,1598.0,0.04998544
EDO/BTC,1575599632835,2019-12-06T02:33:52.835Z,sell,3.128e-05,40.0,0.0012512
EDO/BTC,1575599649503,2019-12-06T02:34:09.503Z,sell,3.116e-05,320.0,0.0099712
EDO/BTC,1575600396983,2019-12-06T02:46:36.983Z,buy,3.128e-05,320.0,0.0100096
EDO/BTC,1575600396983,2019-12-06T02:46:36.983Z,buy,3.129e-05,786.0,0.02459394
EDO/BTC,1575600512569,2019-12-06T02:48:32.569Z,sell,3.114e-05,4807.0,0.1496899799999999
EDO/BTC,1575601057467,2019-12-06T02:57:37.467Z,sell,3.114e-05,4460.0,0.1388844
EDO/BTC,1575601071652,2019-12-06T02:57:51.652Z,sell,3.115e-05,27.0,0.00084105
EDO/BTC,1575601764977,2019-12-06T03:09:24.977Z,buy,3.133e-05,311.0,0.00974363
EDO/BTC,1575601847169,2019-12-06T03:10:47.169Z,sell,3.118e-05,317.0,0.00988406
EDO/BTC,1575601852250,2019-12-06T03:10:52.250Z,sell,3.123e-05,47.0,0.00146781
EDO/BTC,1575601852250,2019-12-06T03:10:52.250Z,sell,3.123e-05,47.0,0.00146781
EDO/BTC,1575602251819,2019-12-06T03:17:31.819Z,buy,3.133e-05,317.0,0.00993161
EDO/BTC,1575602340737,2019-12-06T03:19:00.737Z,sell,3.114e-05,77.0,0.0023977799999999
EDO/BTC,1575603522445,2019-12-06T03:38:42.445Z,sell,3.112e-05,4.0,0.00012448
EDO/BTC,1575603522445,2019-12-06T03:38:42.445Z,sell,3.111e-05,14.0,0.00043554
EDO/BTC,1575603522445,2019-12-06T03:38:42.445Z,sell,3.094e-05,3.0,9.282e-05
EDO/BTC,1575603548542,2019-12-06T03:39:08.542Z,buy,3.098e-05,4.0,0.00012392
EDO/BTC,1575604040307,2019-12-06T03:47:20.307Z,buy,3.122e-05,322.0,0.01005284
EDO/BTC,1575604216367,2019-12-06T03:50:16.367Z,buy,3.1e-05,31.0,0.000961
EDO/BTC,1575604307339,2019-12-06T03:51:47.339Z,sell,3.119e-05,34.0,0.0010604599999999
EDO/BTC,1575604321022,2019-12-06T03:52:01.022Z,buy,3.122e-05,654.0,0.02041788
EDO/BTC,1575604321044,2019-12-06T03:52:01.044Z,sell,3.119e-05,479.0,0.0149400099999999
EDO/BTC,1575604337460,2019-12-06T03:52:17.460Z,buy,3.125e-05,47.0,0.00146875
EDO/BTC,1575604337460,2019-12-06T03:52:17.460Z,buy,3.13e-05,368.0,0.0115184
EDO/BTC,1575604365790,2019-12-06T03:52:45.790Z,buy,3.13e-05,204.0,0.0063852
EDO/BTC,1575604365790,2019-12-06T03:52:45.790Z,buy,3.133e-05,77.0,0.00241241
EDO/BTC,1575604367156,2019-12-06T03:52:47.156Z,sell,3.126e-05,1606.0,0.05020356
EDO/BTC,1575604372463,2019-12-06T03:52:52.463Z,sell,3.126e-05,278.0,0.00869028
EDO/BTC,1575604858237,2019-12-06T04:00:58.237Z,sell,3.131e-05,19.0,0.0005948899999999
EDO/BTC,1575604858237,2019-12-06T04:00:58.237Z,sell,3.128e-05,14.0,0.0004379199999999
EDO/BTC,1575604858237,2019-12-06T04:00:58.237Z,sell,3.131e-05,19.0,0.0005948899999999
EDO/BTC,1575604858237,2019-12-06T04:00:58.237Z,sell,3.128e-05,14.0,0.0004379199999999
EDO/BTC,1575605943207,2019-12-06T04:19:03.207Z,sell,3.112e-05,4.0,0.00012448
EDO/BTC,1575605943207,2019-12-06T04:19:03.207Z,sell,3.111e-05,14.0,0.00043554
EDO/BTC,1575605943207,2019-12-06T04:19:03.207Z,sell,3.099e-05,320.0,0.0099168
EDO/BTC,1575605943207,2019-12-06T04:19:03.207Z,sell,3.094e-05,5.0,0.0001547
EDO/BTC,1575605943228,2019-12-06T04:19:03.228Z,buy,3.092e-05,4946.0,0.15293032
EDO/BTC,1575606436017,2019-12-06T04:27:16.017Z,sell,3.109e-05,49.0,0.00152341
EDO/BTC,1575606437731,2019-12-06T04:27:17.731Z,sell,3.11e-05,45.0,0.0013995
EDO/BTC,1575607656283,2019-12-06T04:47:36.283Z,sell,3.11e-05,4.0,0.0001244
EDO/BTC,1575607686534,2019-12-06T04:48:06.534Z,buy,3.104e-05,1606.0,0.04985024
EDO/BTC,1575607738237,2019-12-06T04:48:58.237Z,buy,3.112e-05,4.0,0.00012448
EDO/BTC,1575607740226,2019-12-06T04:49:00.226Z,sell,3.112e-05,322.0,0.01002064
EDO/BTC,1575607834525,2019-12-06T04:50:34.525Z,sell,3.099e-05,4.0,0.00012396
EDO/BTC,1575607834573,2019-12-06T04:50:34.573Z,sell,3.094e-05,4.0,0.00012376
EDO/BTC,1575607834573,2019-12-06T04:50:34.573Z,sell,3.091e-05,14.0,0.00043274
EDO/BTC,1575607834573,2019-12-06T04:50:34.573Z,sell,3.09e-05,876.0,0.0270684
EDO/BTC,1575607838406,2019-12-06T04:50:38.406Z,sell,3.088e-05,1481.0,0.04573328
EDO/BTC,1575607841828,2019-12-06T04:50:41.828Z,buy,3.099e-05,323.0,0.01000977
EDO/BTC,1575607842987,2019-12-06T04:50:42.987Z,sell,3.087e-05,759.0,0.02343033
EDO/BTC,1575607846930,2019-12-06T04:50:46.930Z,buy,3.098e-05,5350.0,0.165743
EDO/BTC,1575607947360,2019-12-06T04:52:27.360Z,buy,3.111e-05,14.0,0.00043554
EDO/BTC,1575607947418,2019-12-06T04:52:27.418Z,buy,3.112e-05,654.0,0.02035248
EDO/BTC,1575608154422,2019-12-06T04:55:54.422Z,sell,3.123e-05,4765.0,0.14881095
EDO/BTC,1575608189598,2019-12-06T04:56:29.598Z,buy,3.123e-05,4.0,0.00012492
EDO/BTC,1575608244998,2019-12-06T04:57:24.998Z,sell,3.12e-05,3578.0,0.1116336
EDO/BTC,1575608244998,2019-12-06T04:57:24.998Z,sell,3.112e-05,3202.0,0.09964624
EDO/BTC,1575608245923,2019-12-06T04:57:25.923Z,sell,3.1e-05,341.0,0.010571
EDO/BTC,1575608340223,2019-12-06T04:59:00.223Z,sell,3.12e-05,49.0,0.0015287999999999
EDO/BTC,1575608349921,2019-12-06T04:59:09.921Z,sell,3.12e-05,1481.0,0.0462072
EDO/BTC,1575608349921,2019-12-06T04:59:09.921Z,sell,3.12e-05,1481.0,0.0462072
EDO/BTC,1575608945336,2019-12-06T05:09:05.336Z,buy,3.119e-05,321.0,0.01001199
EDO/BTC,1575608961041,2019-12-06T05:09:21.041Z,sell,3.094e-05,4.0,0.00012376
EDO/BTC,1575608961041,2019-12-06T05:09:21.041Z,sell,3.091e-05,14.0,0.00043274
EDO/BTC,1575608961041,2019-12-06T05:09:21.041Z,sell,3.086e-05,78.0,0.00240708
EDO/BTC,1575608961041,2019-12-06T05:09:21.041Z,sell,3.084e-05,290.0,0.0089436
EDO/BTC,1575609089305,2019-12-06T05:11:29.305Z,buy,3.111e-05,14.0,0.00043554
EDO/BTC,1575609089331,2019-12-06T05:11:29.331Z,buy,3.112e-05,354.0,0.01101648
EDO/BTC,1575609091567,2019-12-06T05:11:31.567Z,sell,3.111e-05,171.0,0.0053198099999999
EDO/BTC,1575611756755,2019-12-06T05:55:56.755Z,buy,3.118e-05,11.0,0.00034298
EDO/BTC,1575611757681,2019-12-06T05:55:57.681Z,sell,3.103e-05,81.0,0.00251343
EDO/BTC,1575611757681,2019-12-06T05:55:57.681Z,sell,3.103e-05,81.0,0.00251343
EDO/BTC,1575612003451,2019-12-06T06:00:03.451Z,buy,3.118e-05,413.0,0.01287734
EDO/BTC,1575613695114,2019-12-06T06:28:15.114Z,buy,3.118e-05,47.0,0.00146546
EDO/BTC,1575613695555,2019-12-06T06:28:15.555Z,sell,3.118e-05,594.0,0.01852092
EDO/BTC,1575614001160,2019-12-06T06:33:21.160Z,sell,3.106e-05,720.0,0.0223632
EDO/BTC,1575614001160,2019-12-06T06:33:21.160Z,sell,3.096e-05,102.0,0.00315792
EDO/BTC,1575614001160,2019-12-06T06:33:21.160Z,sell,3.094e-05,4.0,0.00012376
EDO/BTC,1575614001160,2019-12-06T06:33:21.160Z,sell,3.091e-05,14.0,0.00043274
EDO/BTC,1575614001160,2019-12-06T06:33:21.160Z,sell,3.088e-05,636.0,0.01963968
EDO/BTC,1575614001160,2019-12-06T06:33:21.160Z,sell,3.106e-05,720.0,0.0223632
EDO/BTC,1575614001160,2019-12-06T06:33:21.160Z,sell,3.096e-05,102.0,0.00315792
EDO/BTC,1575614001160,2019-12-06T06:33:21.160Z,sell,3.094e-05,4.0,0.00012376
EDO/BTC,1575614001160,2019-12-06T06:33:21.160Z,sell,3.091e-05,14.0,0.00043274
EDO/BTC,1575614001160,2019-12-06T06:33:21.160Z,sell,3.088e-05,636.0,0.01963968
EDO/BTC,1575615738540,2019-12-06T07:02:18.540Z,sell,3.094e-05,13.0,0.00040222
EDO/BTC,1575616566293,2019-12-06T07:16:06.293Z,sell,3.094e-05,408.0,0.01262352
EDO/BTC,1575616566293,2019-12-06T07:16:06.293Z,sell,3.087e-05,47.0,0.00145089
EDO/BTC,1575616566293,2019-12-06T07:16:06.293Z,sell,3.086e-05,1545.0,0.0476787
EDO/BTC,1575616904119,2019-12-06T07:21:44.119Z,sell,3.087e-05,317.0,0.00978579
EDO/BTC,1575616919597,2019-12-06T07:21:59.597Z,sell,3.086e-05,82.0,0.00253052
EDO/BTC,1575616919630,2019-12-06T07:21:59.630Z,buy,3.086e-05,48.0,0.00148128
EDO/BTC,1575616919662,2019-12-06T07:21:59.662Z,buy,3.086e-05,38.0,0.00117268
EDO/BTC,1575617289109,2019-12-06T07:28:09.109Z,buy,3.107e-05,64.0,0.00198848
EDO/BTC,1575617297003,2019-12-06T07:28:17.003Z,sell,3.086e-05,1803.0,0.05564058
EDO/BTC,1575617297003,2019-12-06T07:28:17.003Z,sell,3.085e-05,6992.0,0.2157031999999999
EDO/BTC,1575617297003,2019-12-06T07:28:17.003Z,sell,3.086e-05,1803.0,0.05564058
EDO/BTC,1575617297003,2019-12-06T07:28:17.003Z,sell,3.085e-05,6992.0,0.2157031999999999
EDO/BTC,1575617779259,2019-12-06T07:36:19.259Z,buy,3.101e-05,64.0,0.00198464
EDO/BTC,1575618143901,2019-12-06T07:42:23.901Z,sell,3.085e-05,637.0,0.0196514499999999
EDO/BTC,1575618143901,2019-12-06T07:42:23.901Z,sell,3.082e-05,35.0,0.0010787
EDO/BTC,1575618143901,2019-12-06T07:42:23.901Z,sell,3.081e-05,3590.0,0.1106079
EDO/BTC,1575618143901,2019-12-06T07:42:23.901Z,sell,3.077e-05,118.0,0.0036308599999999
EDO/BTC,1575618143901,2019-12-06T07:42:23.901Z,sell,3.075e-05,547.0,0.01682025
EDO/BTC,1575618143901,2019-12-06T07:42:23.901Z,sell,3.074e-05,658.0,0.02022692
EDO/BTC,1575618143901,2019-12-06T07:42:23.901Z,sell,3.073e-05,8.0,0.00024584
EDO/BTC,1575618143901,2019-12-06T07:42:23.901Z,sell,3.071e-05,14.0,0.00042994
EDO/BTC,1575618143901,2019-12-06T07:42:23.901Z,sell,3.069e-05,458.0,0.0140560199999999
EDO/BTC,1575618143901,2019-12-06T07:42:23.901Z,sell,3.068e-05,3.0,9.204e-05
EDO/BTC,1575618143901,2019-12-06T07:42:23.901Z,sell,3.068e-05,1.0,3.068e-05
EDO/BTC,1575618143910,2019-12-06T07:42:23.910Z,sell,3.065e-05,1182.0,0.0362283
EDO/BTC,1575618144572,2019-12-06T07:42:24.572Z,sell,3.065e-05,635.0,0.01946275
EDO/BTC,1575618144576,2019-12-06T07:42:24.576Z,sell,3.065e-05,596.0,0.0182674
EDO/BTC,1575618145445,2019-12-06T07:42:25.445Z,sell,3.065e-05,882.0,0.0270333
EDO/BTC,1575618145445,2019-12-06T07:42:25.445Z,sell,3.061e-05,4.0,0.00012244
EDO/BTC,1575618145445,2019-12-06T07:42:25.445Z,sell,3.06e-05,104.0,0.0031823999999999
EDO/BTC,1575618145876,2019-12-06T07:42:25.876Z,sell,3.06e-05,7.0,0.0002142
EDO/BTC,1575618145876,2019-12-06T07:42:25.876Z,sell,3.059e-05,4.0,0.00012236
EDO/BTC,1575618145876,2019-12-06T07:42:25.876Z,sell,3.056e-05,2769.0,0.08462064
EDO/BTC,1575618145922,2019-12-06T07:42:25.922Z,buy,3.07e-05,189.0,0.0058023
EDO/BTC,1575618209375,2019-12-06T07:43:29.375Z,buy,3.077e-05,4.0,0.00012308
EDO/BTC,1575618209375,2019-12-06T07:43:29.375Z,buy,3.078e-05,15.0,0.0004617
EDO/BTC,1575618243566,2019-12-06T07:44:03.566Z,buy,3.078e-05,17.0,0.00052326
EDO/BTC,1575619601661,2019-12-06T08:06:41.661Z,buy,3.078e-05,16.0,0.00049248
EDO/BTC,1575620363570,2019-12-06T08:19:23.570Z,sell,3.063e-05,4.0,0.00012252
EDO/BTC,1575620714214,2019-12-06T08:25:14.214Z,buy,3.064e-05,5.0,0.0001531999999999
EDO/BTC,1575620886624,2019-12-06T08:28:06.624Z,buy,3.077e-05,636.0,0.01956972
EDO/BTC,1575620886624,2019-12-06T08:28:06.624Z,buy,3.077e-05,636.0,0.01956972
EDO/BTC,1575620976929,2019-12-06T08:29:36.929Z,sell,3.069e-05,60.0,0.0018414
EDO/BTC,1575620995917,2019-12-06T08:29:55.917Z,buy,3.079e-05,4.0,0.00012316
EDO/BTC,1575620997341,2019-12-06T08:29:57.341Z,buy,3.079e-05,1096.0,0.03374584
EDO/BTC,1575620997888,2019-12-06T08:29:57.888Z,buy,3.079e-05,378.0,0.01163862
EDO/BTC,1575620997888,2019-12-06T08:29:57.888Z,buy,3.089e-05,72.0,0.00222408
EDO/BTC,1575620998421,2019-12-06T08:29:58.421Z,buy,3.089e-05,19.0,0.00058691
EDO/BTC,1575621418260,2019-12-06T08:36:58.260Z,sell,3.065e-05,132.0,0.0040458
EDO/BTC,1575621418375,2019-12-06T08:36:58.375Z,sell,3.065e-05,181.0,0.00554765
EDO/BTC,1575621418471,2019-12-06T08:36:58.471Z,sell,3.064e-05,566.0,0.01734224
EDO/BTC,1575621512489,2019-12-06T08:38:32.489Z,buy,3.084e-05,6.0,0.00018504
EDO/BTC,1575621512489,2019-12-06T08:38:32.489Z,buy,3.085e-05,320.0,0.0098719999999999
EDO/BTC,1575621595047,2019-12-06T08:39:55.047Z,sell,3.064e-05,403.0,0.0123479199999999
EDO/BTC,1575621723092,2019-12-06T08:42:03.092Z,sell,3.064e-05,7.0,0.00021448
EDO/BTC,1575622141669,2019-12-06T08:49:01.669Z,buy,3.089e-05,25.0,0.0007722499999999
EDO/BTC,1575622826126,2019-12-06T09:00:26.126Z,sell,3.086e-05,544.0,0.01678784
EDO/BTC,1575624283047,2019-12-06T09:24:43.047Z,buy,3.091e-05,14.0,0.00043274
EDO/BTC,1575624283047,2019-12-06T09:24:43.047Z,buy,3.094e-05,212.0,0.00655928
EDO/BTC,1575624292262,2019-12-06T09:24:52.262Z,buy,3.094e-05,6.0,0.00018564
EDO/BTC,1575624292262,2019-12-06T09:24:52.262Z,buy,3.094e-05,6.0,0.00018564
EDO/BTC,1575624631090,2019-12-06T09:30:31.090Z,sell,3.091e-05,543.0,0.01678413
EDO/BTC,1575625419329,2019-12-06T09:43:39.329Z,sell,3.078e-05,78.0,0.00240084
EDO/BTC,1575625540796,2019-12-06T09:45:40.796Z,sell,3.078e-05,10.0,0.0003078
EDO/BTC,1575626287677,2019-12-06T09:58:07.677Z,sell,3.078e-05,55.0,0.0016929
EDO/BTC,1575626287677,2019-12-06T09:58:07.677Z,sell,3.078e-05,55.0,0.0016929
EDO/BTC,1575628073351,2019-12-06T10:27:53.351Z,sell,3.078e-05,4.0,0.00012312
EDO/BTC,1575628073351,2019-12-06T10:27:53.351Z,sell,3.077e-05,4.0,0.00012308
EDO/BTC,1575628073351,2019-12-06T10:27:53.351Z,sell,3.074e-05,153.0,0.00470322
EDO/BTC,1575628750253,2019-12-06T10:39:10.253Z,buy,3.093e-05,1.0,3.093e-05
EDO/BTC,1575628861879,2019-12-06T10:41:01.879Z,buy,3.093e-05,340.0,0.0105161999999999
EDO/BTC,1575628861879,2019-12-06T10:41:01.879Z,buy,3.094e-05,693.0,0.02144142
EDO/BTC,1575628861879,2019-12-06T10:41:01.879Z,buy,3.093e-05,340.0,0.0105161999999999
EDO/BTC,1575628861879,2019-12-06T10:41:01.879Z,buy,3.094e-05,693.0,0.02144142
EDO/BTC,1575630203845,2019-12-06T11:03:23.845Z,buy,3.094e-05,4.0,0.00012376
EDO/BTC,1575630843668,2019-12-06T11:14:03.668Z,buy,3.1e-05,425.0,0.013175
EDO/BTC,1575630843668,2019-12-06T11:14:03.668Z,buy,3.103e-05,361.0,0.01120183
EDO/BTC,1575630843668,2019-12-06T11:14:03.668Z,buy,3.106e-05,557.0,0.0173004199999999
EDO/BTC,1575630861757,2019-12-06T11:14:21.757Z,buy,3.107e-05,5.0,0.00015535
EDO/BTC,1575630861777,2019-12-06T11:14:21.777Z,buy,3.111e-05,22.0,0.0006844199999999
EDO/BTC,1575630861777,2019-12-06T11:14:21.777Z,buy,3.112e-05,4.0,0.00012448
EDO/BTC,1575630861777,2019-12-06T11:14:21.777Z,buy,3.117e-05,3271.0,0.10195707
EDO/BTC,1575630866067,2019-12-06T11:14:26.067Z,buy,3.12e-05,499.0,0.0155687999999999
EDO/BTC,1575630896787,2019-12-06T11:14:56.787Z,buy,3.127e-05,4.0,0.00012508
EDO/BTC,1575630896787,2019-12-06T11:14:56.787Z,buy,3.129e-05,328.0,0.01026312
EDO/BTC,1575630896787,2019-12-06T11:14:56.787Z,buy,3.13e-05,41.0,0.0012833
EDO/BTC,1575630896787,2019-12-06T11:14:56.787Z,buy,3.135e-05,14.0,0.0004389
EDO/BTC,1575630896787,2019-12-06T11:14:56.787Z,buy,3.136e-05,19.0,0.0005958399999999
EDO/BTC,1575630896787,2019-12-06T11:14:56.787Z,buy,3.138e-05,1760.0,0.0552288
EDO/BTC,1575630896787,2019-12-06T11:14:56.787Z,buy,3.139e-05,2397.0,0.07524183
EDO/BTC,1575630896787,2019-12-06T11:14:56.787Z,buy,3.141e-05,928.0,0.0291484799999999
EDO/BTC,1575630896787,2019-12-06T11:14:56.787Z,buy,3.142e-05,255.0,0.0080121
EDO/BTC,1575630896787,2019-12-06T11:14:56.787Z,buy,3.147e-05,4.0,0.00012588
EDO/BTC,1575630896787,2019-12-06T11:14:56.787Z,buy,3.149e-05,567.0,0.01785483
EDO/BTC,1575630896787,2019-12-06T11:14:56.787Z,buy,3.15e-05,31.0,0.0009765
EDO/BTC,1575630896803,2019-12-06T11:14:56.803Z,sell,3.15e-05,2284.0,0.071946
EDO/BTC,1575630905618,2019-12-06T11:15:05.618Z,sell,3.13e-05,6.0,0.0001878
EDO/BTC,1575630907101,2019-12-06T11:15:07.101Z,sell,3.13e-05,6.0,0.0001878
EDO/BTC,1575630908850,2019-12-06T11:15:08.850Z,sell,3.13e-05,6.0,0.0001878
EDO/BTC,1575630910292,2019-12-06T11:15:10.292Z,buy,3.133e-05,4.0,0.00012532
EDO/BTC,1575630910292,2019-12-06T11:15:10.292Z,buy,3.147e-05,4.0,0.00012588
EDO/BTC,1575630910292,2019-12-06T11:15:10.292Z,buy,3.151e-05,35.0,0.00110285
EDO/BTC,1575630915878,2019-12-06T11:15:15.878Z,sell,3.134e-05,404.0,0.01266136
EDO/BTC,1575630921467,2019-12-06T11:15:21.467Z,sell,3.135e-05,622.0,0.0194997
EDO/BTC,1575630921467,2019-12-06T11:15:21.467Z,sell,3.134e-05,2889.0,0.09054126
EDO/BTC,1575630931471,2019-12-06T11:15:31.471Z,buy,3.141e-05,363.0,0.01140183
EDO/BTC,1575630931506,2019-12-06T11:15:31.506Z,sell,3.142e-05,229.0,0.00719518
EDO/BTC,1575630931566,2019-12-06T11:15:31.566Z,sell,3.142e-05,498.0,0.01564716
EDO/BTC,1575630939636,2019-12-06T11:15:39.636Z,buy,3.145e-05,885.0,0.02783325
EDO/BTC,1575630955047,2019-12-06T11:15:55.047Z,sell,3.133e-05,563.0,0.01763879
EDO/BTC,1575630955047,2019-12-06T11:15:55.047Z,sell,3.132e-05,857.0,0.02684124
EDO/BTC,1575630955047,2019-12-06T11:15:55.047Z,sell,3.131e-05,124.0,0.0038824399999999
EDO/BTC,1575630986830,2019-12-06T11:16:26.830Z,buy,3.137e-05,176.0,0.00552112
EDO/BTC,1575630987229,2019-12-06T11:16:27.229Z,buy,3.138e-05,474.0,0.01487412
EDO/BTC,1575630994036,2019-12-06T11:16:34.036Z,buy,3.141e-05,563.0,0.01768383
EDO/BTC,1575630995663,2019-12-06T11:16:35.663Z,sell,3.134e-05,22.0,0.00068948
EDO/BTC,1575630995663,2019-12-06T11:16:35.663Z,sell,3.132e-05,179.0,0.00560628
