symbol,timestamp,datetime,side,price,amount,btc_volume
EDO/BTC,1568390402620,2019-09-13T16:00:02.620Z,sell,2.84e-05,38.38,0.001089992
EDO/BTC,1568390530038,2019-09-13T16:02:10.038Z,buy,2.87e-05,243.9,0.00699993
EDO/BTC,1568391405835,2019-09-13T16:16:45.835Z,buy,2.87e-05,142.37,0.004086019
EDO/BTC,1568391604424,2019-09-13T16:20:04.424Z,sell,2.86e-05,105.22,0.003009292
EDO/BTC,1568392068865,2019-09-13T16:27:48.865Z,buy,2.87e-05,3.52,0.000101024
EDO/BTC,1568392073099,2019-09-13T16:27:53.099Z,sell,2.86e-05,367.26,0.010503636
EDO/BTC,1568392417570,2019-09-13T16:33:37.570Z,sell,2.86e-05,40.97,0.001171742
EDO/BTC,1568392742595,2019-09-13T16:39:02.595Z,sell,2.86e-05,465.57,0.013315302
EDO/BTC,1568392743967,2019-09-13T16:39:03.967Z,sell,2.85e-05,140.29,0.003998265
EDO/BTC,1568392948513,2019-09-13T16:42:28.513Z,sell,2.85e-05,187.07,0.005331495
EDO/BTC,1568393201168,2019-09-13T16:46:41.168Z,sell,2.85e-05,1528.19,0.043553415
EDO/BTC,1568393201168,2019-09-13T16:46:41.168Z,sell,2.84e-05,1368.23,0.038857732
EDO/BTC,1568393201204,2019-09-13T16:46:41.204Z,buy,2.84e-05,18.37,0.000521708
EDO/BTC,1568393246980,2019-09-13T16:47:26.980Z,sell,2.83e-05,706.71,0.019999893
EDO/BTC,1568393393019,2019-09-13T16:49:53.019Z,sell,2.83e-05,191.46,0.005418318
EDO/BTC,1568393422982,2019-09-13T16:50:22.982Z,sell,2.83e-05,191.6,0.00542228
EDO/BTC,1568393569580,2019-09-13T16:52:49.580Z,sell,2.83e-05,66.45,0.001880535
EDO/BTC,1568393569580,2019-09-13T16:52:49.580Z,sell,2.83e-05,66.45,0.001880535
EDO/BTC,1568394500439,2019-09-13T17:08:20.439Z,sell,2.85e-05,18.37,0.000523545
EDO/BTC,1568394548913,2019-09-13T17:09:08.913Z,sell,2.85e-05,3.54,0.00010089
EDO/BTC,1568394848829,2019-09-13T17:14:08.829Z,sell,2.85e-05,3.53,0.000100605
EDO/BTC,1568395601772,2019-09-13T17:26:41.772Z,sell,2.85e-05,44.23,0.001260555
EDO/BTC,1568396164178,2019-09-13T17:36:04.178Z,sell,2.85e-05,94.42,0.00269097
EDO/BTC,1568396520471,2019-09-13T17:42:00.471Z,sell,2.85e-05,100.0,0.00285
EDO/BTC,1568396531240,2019-09-13T17:42:11.240Z,sell,2.85e-05,100.0,0.00285
EDO/BTC,1568396536856,2019-09-13T17:42:16.856Z,sell,2.85e-05,100.0,0.00285
EDO/BTC,1568396542987,2019-09-13T17:42:22.987Z,sell,2.85e-05,100.0,0.00285
EDO/BTC,1568396550333,2019-09-13T17:42:30.333Z,sell,2.85e-05,100.0,0.00285
EDO/BTC,1568396557964,2019-09-13T17:42:37.964Z,sell,2.85e-05,112.34,0.00320169
EDO/BTC,1568397056370,2019-09-13T17:50:56.370Z,sell,2.85e-05,100.74,0.00287109
EDO/BTC,1568397056370,2019-09-13T17:50:56.370Z,sell,2.85e-05,100.74,0.00287109
EDO/BTC,1568399145175,2019-09-13T18:25:45.175Z,sell,2.83e-05,80.49,0.002277867
EDO/BTC,1568399197468,2019-09-13T18:26:37.468Z,sell,2.83e-05,1369.71,0.038762793
EDO/BTC,1568399213840,2019-09-13T18:26:53.840Z,sell,2.82e-05,4792.15,0.1351386299999999
EDO/BTC,1568399318340,2019-09-13T18:28:38.340Z,sell,2.83e-05,269.49,0.007626567
EDO/BTC,1568399318340,2019-09-13T18:28:38.340Z,sell,2.83e-05,269.49,0.007626567
EDO/BTC,1568401264818,2019-09-13T19:01:04.818Z,sell,2.83e-05,13.66,0.000386578
EDO/BTC,1568401651064,2019-09-13T19:07:31.064Z,buy,2.84e-05,6211.0,0.1763924
EDO/BTC,1568401796333,2019-09-13T19:09:56.333Z,buy,2.84e-05,3.87,0.000109908
EDO/BTC,1568401966865,2019-09-13T19:12:46.865Z,buy,2.84e-05,2233.17,0.063422028
EDO/BTC,1568401966865,2019-09-13T19:12:46.865Z,buy,2.85e-05,1774.56,0.05057496
EDO/BTC,1568401966897,2019-09-13T19:12:46.897Z,sell,2.85e-05,39.45,0.001124325
EDO/BTC,1568401966971,2019-09-13T19:12:46.971Z,sell,2.85e-05,9.79,0.0002790149999999
EDO/BTC,1568401967062,2019-09-13T19:12:47.062Z,sell,2.85e-05,38.85,0.001107225
EDO/BTC,1568402492934,2019-09-13T19:21:32.934Z,sell,2.85e-05,380.87,0.010854795
EDO/BTC,1568402492934,2019-09-13T19:21:32.934Z,sell,2.85e-05,380.87,0.010854795
EDO/BTC,1568403856309,2019-09-13T19:44:16.309Z,buy,2.86e-05,265.0,0.007579
EDO/BTC,1568404975211,2019-09-13T20:02:55.211Z,buy,2.86e-05,75.41,0.002156726
EDO/BTC,1568404975211,2019-09-13T20:02:55.211Z,buy,2.86e-05,75.41,0.002156726
EDO/BTC,1568406129270,2019-09-13T20:22:09.270Z,buy,2.86e-05,349.65,0.00999999
EDO/BTC,1568407589107,2019-09-13T20:46:29.107Z,buy,2.86e-05,94.54,0.002703844
EDO/BTC,1568408062813,2019-09-13T20:54:22.813Z,sell,2.85e-05,1179.45,0.033614325
EDO/BTC,1568408062813,2019-09-13T20:54:22.813Z,sell,2.84e-05,89.97,0.0025551479999999
EDO/BTC,1568408062813,2019-09-13T20:54:22.813Z,sell,2.83e-05,477.1,0.01350193
EDO/BTC,1568408533337,2019-09-13T21:02:13.337Z,buy,2.85e-05,320.6,0.0091371
EDO/BTC,1568408533337,2019-09-13T21:02:13.337Z,buy,2.85e-05,320.6,0.0091371
EDO/BTC,1568408588568,2019-09-13T21:03:08.568Z,buy,2.85e-05,35.09,0.001000065
EDO/BTC,1568408830313,2019-09-13T21:07:10.313Z,sell,2.84e-05,23.39,0.000664276
EDO/BTC,1568409143741,2019-09-13T21:12:23.741Z,sell,2.84e-05,60.0,0.001704
EDO/BTC,1568409640104,2019-09-13T21:20:40.104Z,sell,2.84e-05,14.48,0.000411232
EDO/BTC,1568410142979,2019-09-13T21:29:02.979Z,sell,2.84e-05,69.95,0.00198658
EDO/BTC,1568410170194,2019-09-13T21:29:30.194Z,sell,2.84e-05,72.97,0.002072348
EDO/BTC,1568410353167,2019-09-13T21:32:33.167Z,sell,2.84e-05,100.0,0.00284
EDO/BTC,1568410376073,2019-09-13T21:32:56.073Z,sell,2.84e-05,196.3,0.00557492
EDO/BTC,1568410444795,2019-09-13T21:34:04.795Z,sell,2.84e-05,363.02,0.0103097679999999
EDO/BTC,1568410592077,2019-09-13T21:36:32.077Z,buy,2.84e-05,326.45,0.0092711799999999
EDO/BTC,1568410592440,2019-09-13T21:36:32.440Z,buy,2.84e-05,250.0,0.0070999999999999
EDO/BTC,1568411045875,2019-09-13T21:44:05.875Z,sell,2.83e-05,23.44,0.000663352
EDO/BTC,1568412127654,2019-09-13T22:02:07.654Z,sell,2.83e-05,3.54,0.000100182
EDO/BTC,1568412127654,2019-09-13T22:02:07.654Z,sell,2.83e-05,3.54,0.000100182
EDO/BTC,1568412376326,2019-09-13T22:06:16.326Z,sell,2.82e-05,370.0,0.010434
EDO/BTC,1568413804326,2019-09-13T22:30:04.326Z,sell,2.82e-05,66.58,0.001877556
EDO/BTC,1568414388020,2019-09-13T22:39:48.020Z,sell,2.82e-05,23.44,0.000661008
EDO/BTC,1568414665589,2019-09-13T22:44:25.589Z,sell,2.82e-05,400.0,0.01128
EDO/BTC,1568415645240,2019-09-13T23:00:45.240Z,sell,2.82e-05,1520.84,0.042887688
EDO/BTC,1568415645240,2019-09-13T23:00:45.240Z,sell,2.81e-05,555.45,0.015608145
EDO/BTC,1568415645240,2019-09-13T23:00:45.240Z,sell,2.8e-05,4007.67,0.11221476
EDO/BTC,1568415645304,2019-09-13T23:00:45.304Z,buy,2.8e-05,58.68,0.00164304
EDO/BTC,1568415645318,2019-09-13T23:00:45.318Z,buy,2.8e-05,31.65,0.0008862
EDO/BTC,1568415645348,2019-09-13T23:00:45.348Z,buy,2.8e-05,621.98,0.01741544
EDO/BTC,1568415645416,2019-09-13T23:00:45.416Z,buy,2.8e-05,199.18,0.00557704
EDO/BTC,1568415645766,2019-09-13T23:00:45.766Z,buy,2.8e-05,338.98,0.00949144
EDO/BTC,1568415660976,2019-09-13T23:01:00.976Z,sell,2.8e-05,1214.24,0.03399872
EDO/BTC,1568415723776,2019-09-13T23:02:03.776Z,sell,2.79e-05,94.7,0.00264213
EDO/BTC,1568415724185,2019-09-13T23:02:04.185Z,buy,2.8e-05,3.58,0.00010024
EDO/BTC,1568415724185,2019-09-13T23:02:04.185Z,buy,2.8e-05,3.58,0.00010024
EDO/BTC,1568415764241,2019-09-13T23:02:44.241Z,buy,2.8e-05,60.0,0.00168
EDO/BTC,1568416104706,2019-09-13T23:08:24.706Z,sell,2.79e-05,1632.51,0.045547029
EDO/BTC,1568416104932,2019-09-13T23:08:24.932Z,sell,2.79e-05,3.94,0.000109926
EDO/BTC,1568416563573,2019-09-13T23:16:03.573Z,sell,2.79e-05,29.58,0.000825282
EDO/BTC,1568416580835,2019-09-13T23:16:20.835Z,sell,2.79e-05,85.33,0.002380707
EDO/BTC,1568416655725,2019-09-13T23:17:35.725Z,sell,2.79e-05,4.06,0.0001132739999999
EDO/BTC,1568417034982,2019-09-13T23:23:54.982Z,sell,2.79e-05,406.0,0.0113274
EDO/BTC,1568417530602,2019-09-13T23:32:10.602Z,buy,2.8e-05,198.0,0.005544
EDO/BTC,1568418145755,2019-09-13T23:42:25.755Z,sell,2.79e-05,106.21,0.0029632589999999
EDO/BTC,1568419246332,2019-09-14T00:00:46.332Z,buy,2.8e-05,2723.2,0.0762495999999999
EDO/BTC,1568419246332,2019-09-14T00:00:46.332Z,buy,2.81e-05,512.74,0.014407994
EDO/BTC,1568419246332,2019-09-14T00:00:46.332Z,buy,2.82e-05,58.32,0.001644624
EDO/BTC,1568419246332,2019-09-14T00:00:46.332Z,buy,2.83e-05,226.86,0.006420138
EDO/BTC,1568419246407,2019-09-14T00:00:46.407Z,sell,2.81e-05,49.36,0.0013870159999999
EDO/BTC,1568419246407,2019-09-14T00:00:46.407Z,sell,2.81e-05,49.36,0.0013870159999999
EDO/BTC,1568419864579,2019-09-14T00:11:04.579Z,buy,2.82e-05,7.11,0.000200502
EDO/BTC,1568419955724,2019-09-14T00:12:35.724Z,buy,2.82e-05,7.11,0.000200502
EDO/BTC,1568420703384,2019-09-14T00:25:03.384Z,buy,2.82e-05,35.4,0.00099828
EDO/BTC,1568421171831,2019-09-14T00:32:51.831Z,buy,2.82e-05,104.98,0.002960436
EDO/BTC,1568421171831,2019-09-14T00:32:51.831Z,buy,2.82e-05,104.98,0.002960436
EDO/BTC,1568427906252,2019-09-14T02:25:06.252Z,buy,2.82e-05,224.92,0.006342744
EDO/BTC,1568427973348,2019-09-14T02:26:13.348Z,buy,2.82e-05,7.25,0.00020445
EDO/BTC,1568428176968,2019-09-14T02:29:36.968Z,sell,2.81e-05,363.86,0.010224466
EDO/BTC,1568428194468,2019-09-14T02:29:54.468Z,sell,2.81e-05,53.38,0.001499978
EDO/BTC,1568428194468,2019-09-14T02:29:54.468Z,sell,2.81e-05,53.38,0.001499978
EDO/BTC,1568429527085,2019-09-14T02:52:07.085Z,sell,2.81e-05,1762.58,0.049528498
EDO/BTC,1568429768627,2019-09-14T02:56:08.627Z,sell,2.81e-05,99.55,0.0027973549999999
EDO/BTC,1568429768627,2019-09-14T02:56:08.627Z,sell,2.81e-05,99.55,0.0027973549999999
EDO/BTC,1568437791796,2019-09-14T05:09:51.796Z,buy,2.81e-05,251.62,0.007070522
EDO/BTC,1568437791796,2019-09-14T05:09:51.796Z,buy,2.81e-05,251.62,0.007070522
EDO/BTC,1568440066528,2019-09-14T05:47:46.528Z,buy,2.81e-05,59.71,0.001677851
EDO/BTC,1568440066529,2019-09-14T05:47:46.529Z,buy,2.81e-05,59.71,0.001677851
EDO/BTC,1568440066548,2019-09-14T05:47:46.548Z,buy,2.81e-05,35.97,0.001010757
EDO/BTC,1568440089683,2019-09-14T05:48:09.683Z,buy,2.81e-05,75.0,0.0021075
EDO/BTC,1568440652068,2019-09-14T05:57:32.068Z,buy,2.81e-05,308.66,0.008673346
EDO/BTC,1568440719113,2019-09-14T05:58:39.113Z,buy,2.81e-05,277.81,0.007806461
EDO/BTC,1568440719113,2019-09-14T05:58:39.113Z,buy,2.81e-05,277.81,0.007806461
EDO/BTC,1568441665034,2019-09-14T06:14:25.034Z,buy,2.81e-05,6.29,0.000176749
EDO/BTC,1568441945774,2019-09-14T06:19:05.774Z,buy,2.81e-05,57.64,0.001619684
EDO/BTC,1568441946052,2019-09-14T06:19:06.052Z,buy,2.81e-05,49.13,0.001380553
EDO/BTC,1568441946258,2019-09-14T06:19:06.258Z,buy,2.81e-05,44.26,0.0012437059999999
EDO/BTC,1568442044181,2019-09-14T06:20:44.181Z,sell,2.8e-05,243.65,0.0068222
EDO/BTC,1568442044325,2019-09-14T06:20:44.325Z,sell,2.8e-05,4.07,0.00011396
EDO/BTC,1568442044326,2019-09-14T06:20:44.326Z,sell,2.8e-05,4.16,0.00011648
EDO/BTC,1568443335769,2019-09-14T06:42:15.769Z,sell,2.8e-05,12.52,0.00035056
EDO/BTC,1568443335769,2019-09-14T06:42:15.769Z,sell,2.8e-05,12.52,0.00035056
EDO/BTC,1568444618279,2019-09-14T07:03:38.279Z,buy,2.81e-05,177.93,0.0049998329999999
EDO/BTC,1568444619770,2019-09-14T07:03:39.770Z,buy,2.81e-05,23.78,0.000668218
EDO/BTC,1568444648166,2019-09-14T07:04:08.166Z,sell,2.81e-05,3.58,0.000100598
EDO/BTC,1568444709258,2019-09-14T07:05:09.258Z,sell,2.81e-05,353.35,0.009929135
EDO/BTC,1568445126141,2019-09-14T07:12:06.141Z,buy,2.81e-05,4.09,0.000114929
EDO/BTC,1568445895280,2019-09-14T07:24:55.280Z,sell,2.82e-05,1152.22,0.032492604
EDO/BTC,1568445896188,2019-09-14T07:24:56.188Z,buy,2.83e-05,17.63,0.000498929
EDO/BTC,1568446689867,2019-09-14T07:38:09.867Z,buy,2.83e-05,5.31,0.000150273
EDO/BTC,1568446689867,2019-09-14T07:38:09.867Z,buy,2.83e-05,5.31,0.000150273
EDO/BTC,1568447292241,2019-09-14T07:48:12.241Z,buy,2.83e-05,5.24,0.000148292
EDO/BTC,1568449314797,2019-09-14T08:21:54.797Z,sell,2.82e-05,203.22,0.005730804
EDO/BTC,1568449314797,2019-09-14T08:21:54.797Z,sell,2.81e-05,2636.61,0.074088741
EDO/BTC,1568449314797,2019-09-14T08:21:54.797Z,sell,2.8e-05,11.94,0.00033432
EDO/BTC,1568449314797,2019-09-14T08:21:54.797Z,sell,2.82e-05,203.22,0.005730804
EDO/BTC,1568449314797,2019-09-14T08:21:54.797Z,sell,2.81e-05,2636.61,0.074088741
EDO/BTC,1568449314797,2019-09-14T08:21:54.797Z,sell,2.8e-05,11.94,0.00033432
EDO/BTC,1568451813043,2019-09-14T09:03:33.043Z,buy,2.82e-05,50.0,0.00141
EDO/BTC,1568452432347,2019-09-14T09:13:52.347Z,buy,2.82e-05,923.59,0.026045238
EDO/BTC,1568452432347,2019-09-14T09:13:52.347Z,buy,2.82e-05,923.59,0.026045238
EDO/BTC,1568453698744,2019-09-14T09:34:58.744Z,buy,2.83e-05,12.24,0.000346392
EDO/BTC,1568453698744,2019-09-14T09:34:58.744Z,buy,2.83e-05,11.39,0.000322337
EDO/BTC,1568453698744,2019-09-14T09:34:58.744Z,buy,2.85e-05,123.46,0.00351861
EDO/BTC,1568453853071,2019-09-14T09:37:33.071Z,sell,2.82e-05,13.62,0.000384084
EDO/BTC,1568453941162,2019-09-14T09:39:01.162Z,buy,2.83e-05,42.55,0.0012041649999999
EDO/BTC,1568453941162,2019-09-14T09:39:01.162Z,buy,2.84e-05,1238.32,0.035168288
EDO/BTC,1568454087295,2019-09-14T09:41:27.295Z,buy,2.84e-05,237.05,0.00673222
EDO/BTC,1568454087313,2019-09-14T09:41:27.313Z,buy,2.84e-05,127.73,0.003627532
EDO/BTC,1568454087347,2019-09-14T09:41:27.347Z,buy,2.84e-05,109.78,0.003117752
EDO/BTC,1568454346258,2019-09-14T09:45:46.258Z,buy,2.84e-05,159.24,0.004522416
EDO/BTC,1568454346616,2019-09-14T09:45:46.616Z,sell,2.84e-05,109.33,0.0031049719999999
EDO/BTC,1568454348665,2019-09-14T09:45:48.665Z,sell,2.84e-05,65.65,0.00186446
EDO/BTC,1568454394661,2019-09-14T09:46:34.661Z,buy,2.84e-05,100.0,0.00284
EDO/BTC,1568454839825,2019-09-14T09:53:59.825Z,buy,2.84e-05,46.96,0.001333664
EDO/BTC,1568455245662,2019-09-14T10:00:45.662Z,sell,2.82e-05,3468.04,0.097798728
EDO/BTC,1568455245662,2019-09-14T10:00:45.662Z,sell,2.81e-05,53.08,0.0014915479999999
EDO/BTC,1568455832112,2019-09-14T10:10:32.112Z,sell,2.81e-05,48.42,0.001360602
EDO/BTC,1568455832112,2019-09-14T10:10:32.112Z,sell,2.81e-05,48.42,0.001360602
EDO/BTC,1568456047331,2019-09-14T10:14:07.331Z,buy,2.84e-05,2461.59,0.069909156
EDO/BTC,1568456076038,2019-09-14T10:14:36.038Z,buy,2.86e-05,1538.15,0.04399109
EDO/BTC,1568456076194,2019-09-14T10:14:36.194Z,sell,2.86e-05,595.2,0.01702272
EDO/BTC,1568456076727,2019-09-14T10:14:36.727Z,sell,2.86e-05,250.0,0.00715
EDO/BTC,1568456081047,2019-09-14T10:14:41.047Z,sell,2.86e-05,122.33,0.003498638
EDO/BTC,1568456081850,2019-09-14T10:14:41.850Z,sell,2.86e-05,266.6,0.00762476
EDO/BTC,1568456082128,2019-09-14T10:14:42.128Z,sell,2.86e-05,141.34,0.004042324
EDO/BTC,1568456098410,2019-09-14T10:14:58.410Z,buy,2.87e-05,1800.0,0.05166
EDO/BTC,1568456115483,2019-09-14T10:15:15.483Z,buy,2.88e-05,2271.45,0.0654177599999999
EDO/BTC,1568456115483,2019-09-14T10:15:15.483Z,buy,2.89e-05,2498.13,0.072195957
EDO/BTC,1568456115560,2019-09-14T10:15:15.560Z,sell,2.89e-05,11.05,0.000319345
EDO/BTC,1568456115580,2019-09-14T10:15:15.580Z,sell,2.89e-05,2226.64,0.064349896
EDO/BTC,1568456115915,2019-09-14T10:15:15.915Z,sell,2.89e-05,4.1,0.00011849
EDO/BTC,1568456116460,2019-09-14T10:15:16.460Z,buy,2.9e-05,75.0,0.002175
EDO/BTC,1568456119615,2019-09-14T10:15:19.615Z,sell,2.89e-05,69.03,0.001994967
EDO/BTC,1568456120271,2019-09-14T10:15:20.271Z,sell,2.89e-05,348.05,0.010058645
EDO/BTC,1568456122492,2019-09-14T10:15:22.492Z,sell,2.89e-05,123.0,0.0035547
EDO/BTC,1568456124887,2019-09-14T10:15:24.887Z,sell,2.89e-05,526.28,0.015209492
EDO/BTC,1568456125052,2019-09-14T10:15:25.052Z,buy,2.9e-05,13.89,0.00040281
EDO/BTC,1568456131963,2019-09-14T10:15:31.963Z,sell,2.89e-05,709.21,0.020496169
EDO/BTC,1568456140760,2019-09-14T10:15:40.760Z,sell,2.89e-05,5.3,0.00015317
EDO/BTC,1568456212791,2019-09-14T10:16:52.791Z,sell,2.88e-05,92.0,0.0026496
EDO/BTC,1568456212791,2019-09-14T10:16:52.791Z,sell,2.86e-05,48.44,0.001385384
EDO/BTC,1568456285852,2019-09-14T10:18:05.852Z,sell,2.86e-05,5.08,0.000145288
EDO/BTC,1568456348814,2019-09-14T10:19:08.814Z,sell,2.86e-05,388.99,0.011125114
EDO/BTC,1568456632602,2019-09-14T10:23:52.602Z,sell,2.86e-05,13.89,0.000397254
EDO/BTC,1568456860658,2019-09-14T10:27:40.658Z,buy,2.87e-05,1502.05,0.043108835
EDO/BTC,1568457291914,2019-09-14T10:34:51.914Z,buy,2.87e-05,275.0,0.0078925
EDO/BTC,1568457598810,2019-09-14T10:39:58.810Z,buy,2.87e-05,1567.58,0.044989546
EDO/BTC,1568457720664,2019-09-14T10:42:00.664Z,sell,2.86e-05,50.3,0.0014385799999999
EDO/BTC,1568457720664,2019-09-14T10:42:00.664Z,sell,2.85e-05,42.41,0.001208685
EDO/BTC,1568457720664,2019-09-14T10:42:00.664Z,sell,2.85e-05,35.35,0.001007475
EDO/BTC,1568458807130,2019-09-14T11:00:07.130Z,buy,2.87e-05,35.0,0.0010045
EDO/BTC,1568458807130,2019-09-14T11:00:07.130Z,buy,2.87e-05,35.0,0.0010045
EDO/BTC,1568459865960,2019-09-14T11:17:45.960Z,buy,2.87e-05,6.51,0.000186837
EDO/BTC,1568459865960,2019-09-14T11:17:45.960Z,buy,2.87e-05,6.51,0.000186837
EDO/BTC,1568463534168,2019-09-14T12:18:54.168Z,sell,2.85e-05,5.24,0.00014934
EDO/BTC,1568463534168,2019-09-14T12:18:54.168Z,sell,2.85e-05,5.24,0.00014934
EDO/BTC,1568465817469,2019-09-14T12:56:57.469Z,buy,2.87e-05,1069.15,0.030684605
EDO/BTC,1568466308220,2019-09-14T13:05:08.220Z,buy,2.87e-05,50.62,0.0014527939999999
EDO/BTC,1568466502719,2019-09-14T13:08:22.719Z,sell,2.85e-05,4203.0,0.1197855
EDO/BTC,1568466523788,2019-09-14T13:08:43.788Z,sell,2.85e-05,63.18,0.00180063
EDO/BTC,1568466523788,2019-09-14T13:08:43.788Z,sell,2.84e-05,373.8,0.01061592
EDO/BTC,1568466523788,2019-09-14T13:08:43.788Z,sell,2.83e-05,1315.09,0.0372170469999999
EDO/BTC,1568466523832,2019-09-14T13:08:43.832Z,buy,2.83e-05,48.38,0.001369154
EDO/BTC,1568466523904,2019-09-14T13:08:43.904Z,buy,2.83e-05,598.21,0.016929343
EDO/BTC,1568466525057,2019-09-14T13:08:45.057Z,buy,2.83e-05,598.21,0.016929343
EDO/BTC,1568466532624,2019-09-14T13:08:52.624Z,sell,2.82e-05,48.44,0.001366008
EDO/BTC,1568466532624,2019-09-14T13:08:52.624Z,sell,2.82e-05,86.8,0.00244776
EDO/BTC,1568466571130,2019-09-14T13:09:31.130Z,sell,2.82e-05,6126.45,0.17276589
EDO/BTC,1568466571201,2019-09-14T13:09:31.201Z,buy,2.82e-05,638.3,0.01800006
EDO/BTC,1568466571261,2019-09-14T13:09:31.261Z,buy,2.82e-05,125.34,0.003534588
EDO/BTC,1568466571292,2019-09-14T13:09:31.292Z,buy,2.82e-05,311.18,0.008775276
EDO/BTC,1568466571782,2019-09-14T13:09:31.782Z,buy,2.82e-05,4.0,0.0001128
EDO/BTC,1568466624769,2019-09-14T13:10:24.769Z,sell,2.83e-05,141.83,0.004013789
EDO/BTC,1568466624769,2019-09-14T13:10:24.769Z,sell,2.82e-05,709.2,0.01999944
EDO/BTC,1568466624769,2019-09-14T13:10:24.769Z,sell,2.81e-05,1733.52,0.0487119119999999
EDO/BTC,1568466624810,2019-09-14T13:10:24.810Z,buy,2.81e-05,141.83,0.003985423
EDO/BTC,1568466624829,2019-09-14T13:10:24.829Z,buy,2.81e-05,27.66,0.000777246
EDO/BTC,1568466624830,2019-09-14T13:10:24.830Z,buy,2.81e-05,34.3,0.0009638299999999
EDO/BTC,1568466624856,2019-09-14T13:10:24.856Z,buy,2.81e-05,27.66,0.000777246
EDO/BTC,1568466625352,2019-09-14T13:10:25.352Z,buy,2.81e-05,291.83,0.0082004229999999
EDO/BTC,1568466625791,2019-09-14T13:10:25.791Z,buy,2.81e-05,70.82,0.0019900419999999
EDO/BTC,1568466626145,2019-09-14T13:10:26.145Z,buy,2.81e-05,104.48,0.0029358879999999
EDO/BTC,1568466626424,2019-09-14T13:10:26.424Z,buy,2.81e-05,74.7,0.00209907
EDO/BTC,1568466626426,2019-09-14T13:10:26.426Z,buy,2.81e-05,67.57,0.0018987169999999
EDO/BTC,1568466626703,2019-09-14T13:10:26.703Z,buy,2.81e-05,67.72,0.001902932
EDO/BTC,1568466626983,2019-09-14T13:10:26.983Z,buy,2.81e-05,67.72,0.001902932
EDO/BTC,1568466627048,2019-09-14T13:10:27.048Z,buy,2.81e-05,175.3,0.00492593
EDO/BTC,1568466627259,2019-09-14T13:10:27.259Z,buy,2.81e-05,67.72,0.001902932
EDO/BTC,1568466627740,2019-09-14T13:10:27.740Z,buy,2.81e-05,809.04,0.022734024
EDO/BTC,1568466884222,2019-09-14T13:14:44.222Z,buy,2.84e-05,444.0,0.0126096
EDO/BTC,1568466884222,2019-09-14T13:14:44.222Z,buy,2.84e-05,444.0,0.0126096
EDO/BTC,1568467495915,2019-09-14T13:24:55.915Z,buy,2.83e-05,7.75,0.000219325
EDO/BTC,1568468117331,2019-09-14T13:35:17.331Z,sell,2.82e-05,7.52,0.000212064
EDO/BTC,1568468408338,2019-09-14T13:40:08.338Z,buy,2.82e-05,3.55,0.00010011
EDO/BTC,1568468631826,2019-09-14T13:43:51.826Z,sell,2.81e-05,96.51,0.002711931
EDO/BTC,1568468681958,2019-09-14T13:44:41.958Z,sell,2.81e-05,704.15,0.0197866149999999
EDO/BTC,1568468681958,2019-09-14T13:44:41.958Z,sell,2.81e-05,704.15,0.0197866149999999
EDO/BTC,1568470552116,2019-09-14T14:15:52.116Z,buy,2.82e-05,16.59,0.000467838
EDO/BTC,1568471112485,2019-09-14T14:25:12.485Z,sell,2.82e-05,46.04,0.001298328
EDO/BTC,1568471113151,2019-09-14T14:25:13.151Z,sell,2.81e-05,141.83,0.003985423
EDO/BTC,1568471232426,2019-09-14T14:27:12.426Z,sell,2.81e-05,109.34,0.003072454
EDO/BTC,1568471232662,2019-09-14T14:27:12.662Z,sell,2.81e-05,63.3,0.0017787299999999
EDO/BTC,1568471789706,2019-09-14T14:36:29.706Z,sell,2.81e-05,3266.12,0.091777972
EDO/BTC,1568471844086,2019-09-14T14:37:24.086Z,sell,2.8e-05,352.73,0.00987644
EDO/BTC,1568471975436,2019-09-14T14:39:35.436Z,sell,2.8e-05,85.33,0.00238924
EDO/BTC,1568471975436,2019-09-14T14:39:35.436Z,sell,2.8e-05,85.33,0.00238924
EDO/BTC,1568473470783,2019-09-14T15:04:30.783Z,sell,2.81e-05,23.47,0.0006595069999999
EDO/BTC,1568473471557,2019-09-14T15:04:31.557Z,sell,2.81e-05,809.04,0.022734024
EDO/BTC,1568474169399,2019-09-14T15:16:09.399Z,sell,2.81e-05,20.44,0.000574364
EDO/BTC,1568474169678,2019-09-14T15:16:09.678Z,buy,2.81e-05,58.71,0.0016497509999999
EDO/BTC,1568474366583,2019-09-14T15:19:26.583Z,sell,2.81e-05,58.07,0.001631767
EDO/BTC,1568474395044,2019-09-14T15:19:55.044Z,sell,2.81e-05,58.06,0.001631486
EDO/BTC,1568474559551,2019-09-14T15:22:39.551Z,sell,2.81e-05,225.0,0.0063225
EDO/BTC,1568474559551,2019-09-14T15:22:39.551Z,sell,2.81e-05,225.0,0.0063225
EDO/BTC,1568476239117,2019-09-14T15:50:39.117Z,sell,2.81e-05,7.11,0.000199791
EDO/BTC,1568476240351,2019-09-14T15:50:40.351Z,sell,2.81e-05,7.11,0.000199791
EDO/BTC,1568476833425,2019-09-14T16:00:33.425Z,buy,2.82e-05,7.11,0.000200502
EDO/BTC,1568476879058,2019-09-14T16:01:19.058Z,buy,2.82e-05,7.11,0.000200502
EDO/BTC,1568476879058,2019-09-14T16:01:19.058Z,buy,2.82e-05,7.11,0.000200502
EDO/BTC,1568480426398,2019-09-14T17:00:26.398Z,buy,2.82e-05,94.7,0.00267054
EDO/BTC,1568480426398,2019-09-14T17:00:26.398Z,buy,2.82e-05,94.7,0.00267054
EDO/BTC,1568480938611,2019-09-14T17:08:58.611Z,buy,2.82e-05,58.08,0.001637856
EDO/BTC,1568481196354,2019-09-14T17:13:16.354Z,buy,2.82e-05,114.81,0.003237642
EDO/BTC,1568481196905,2019-09-14T17:13:16.905Z,buy,2.82e-05,800.0,0.02256
EDO/BTC,1568481430885,2019-09-14T17:17:10.885Z,sell,2.8e-05,250.0,0.007
EDO/BTC,1568481431079,2019-09-14T17:17:11.079Z,sell,2.8e-05,4.2,0.0001176
EDO/BTC,1568481431079,2019-09-14T17:17:11.079Z,sell,2.79e-05,600.24,0.016746696
EDO/BTC,1568481431079,2019-09-14T17:17:11.079Z,sell,2.79e-05,280.1,0.00781479
EDO/BTC,1568481431470,2019-09-14T17:17:11.470Z,sell,2.8e-05,4.23,0.00011844
EDO/BTC,1568481431470,2019-09-14T17:17:11.470Z,sell,2.79e-05,971.05,0.027092295
EDO/BTC,1568481444874,2019-09-14T17:17:24.874Z,sell,2.79e-05,100.0,0.00279
EDO/BTC,1568481465871,2019-09-14T17:17:45.871Z,sell,2.79e-05,100.0,0.00279
EDO/BTC,1568481484376,2019-09-14T17:18:04.376Z,sell,2.79e-05,100.0,0.00279
EDO/BTC,1568481498174,2019-09-14T17:18:18.174Z,sell,2.79e-05,374.9,0.0104597099999999
EDO/BTC,1568481505499,2019-09-14T17:18:25.499Z,sell,2.79e-05,100.0,0.00279
EDO/BTC,1568481509883,2019-09-14T17:18:29.883Z,sell,2.79e-05,314.91,0.008785989
EDO/BTC,1568482016923,2019-09-14T17:26:56.923Z,sell,2.79e-05,2076.27,0.057927933
EDO/BTC,1568482016923,2019-09-14T17:26:56.923Z,sell,2.78e-05,630.28,0.017521784
EDO/BTC,1568482016923,2019-09-14T17:26:56.923Z,sell,2.77e-05,852.16,0.023604832
EDO/BTC,1568482017160,2019-09-14T17:26:57.160Z,buy,2.79e-05,103.22,0.002879838
EDO/BTC,1568482017913,2019-09-14T17:26:57.913Z,buy,2.79e-05,70.09,0.001955511
EDO/BTC,1568482018666,2019-09-14T17:26:58.666Z,buy,2.79e-05,80.31,0.002240649
EDO/BTC,1568482018732,2019-09-14T17:26:58.732Z,buy,2.79e-05,65.78,0.001835262
EDO/BTC,1568482018779,2019-09-14T17:26:58.779Z,buy,2.79e-05,65.78,0.001835262
EDO/BTC,1568482018958,2019-09-14T17:26:58.958Z,buy,2.79e-05,65.78,0.001835262
EDO/BTC,1568482021139,2019-09-14T17:27:01.139Z,sell,2.78e-05,21.18,0.000588804
EDO/BTC,1568482021504,2019-09-14T17:27:01.504Z,buy,2.78e-05,249.8,0.00694444
EDO/BTC,1568482037897,2019-09-14T17:27:17.897Z,sell,2.77e-05,63.04,0.001746208
EDO/BTC,1568482039912,2019-09-14T17:27:19.912Z,sell,2.77e-05,140.0,0.003878
EDO/BTC,1568482042251,2019-09-14T17:27:22.251Z,buy,2.81e-05,35.59,0.001000079
EDO/BTC,1568482144859,2019-09-14T17:29:04.859Z,sell,2.78e-05,19.0,0.0005282
EDO/BTC,1568482146574,2019-09-14T17:29:06.574Z,buy,2.78e-05,3.6,0.00010008
EDO/BTC,1568482152241,2019-09-14T17:29:12.241Z,buy,2.78e-05,3.6,0.00010008
EDO/BTC,1568482156628,2019-09-14T17:29:16.628Z,buy,2.78e-05,3.6,0.00010008
EDO/BTC,1568482160652,2019-09-14T17:29:20.652Z,buy,2.78e-05,3.6,0.00010008
EDO/BTC,1568482164542,2019-09-14T17:29:24.542Z,buy,2.78e-05,3.6,0.00010008
EDO/BTC,1568482168570,2019-09-14T17:29:28.570Z,buy,2.78e-05,3.6,0.00010008
EDO/BTC,1568482172493,2019-09-14T17:29:32.493Z,buy,2.78e-05,3.6,0.00010008
EDO/BTC,1568482178957,2019-09-14T17:29:38.957Z,buy,2.78e-05,3.6,0.00010008
EDO/BTC,1568482181206,2019-09-14T17:29:41.206Z,sell,2.77e-05,37.53,0.001039581
EDO/BTC,1568482958664,2019-09-14T17:42:38.664Z,buy,2.8e-05,1054.87,0.0295363599999999
EDO/BTC,1568482978086,2019-09-14T17:42:58.086Z,buy,2.8e-05,321.02,0.00898856
EDO/BTC,1568483016538,2019-09-14T17:43:36.538Z,buy,2.8e-05,321.84,0.0090115199999999
EDO/BTC,1568483016538,2019-09-14T17:43:36.538Z,buy,2.81e-05,269.98,0.007586438
EDO/BTC,1568483016663,2019-09-14T17:43:36.663Z,buy,2.8e-05,208.51,0.0058382799999999
EDO/BTC,1568483016945,2019-09-14T17:43:36.945Z,buy,2.8e-05,114.16,0.00319648
EDO/BTC,1568483016945,2019-09-14T17:43:36.945Z,buy,2.81e-05,51.46,0.001446026
EDO/BTC,1568483016964,2019-09-14T17:43:36.964Z,buy,2.81e-05,76.32,0.002144592
EDO/BTC,1568483016964,2019-09-14T17:43:36.964Z,buy,2.82e-05,8.46,0.000238572
EDO/BTC,1568483016964,2019-09-14T17:43:36.964Z,buy,2.83e-05,603.29,0.017073107
EDO/BTC,1568483016964,2019-09-14T17:43:36.964Z,buy,2.84e-05,262.96,0.0074680639999999
EDO/BTC,1568483016964,2019-09-14T17:43:36.964Z,buy,2.85e-05,21.17,0.000603345
EDO/BTC,1568483017113,2019-09-14T17:43:37.113Z,buy,2.85e-05,14.42,0.00041097
EDO/BTC,1568483017113,2019-09-14T17:43:37.113Z,buy,2.86e-05,27.07,0.000774202
EDO/BTC,1568483017232,2019-09-14T17:43:37.232Z,buy,2.86e-05,254.38,0.007275268
EDO/BTC,1568483017611,2019-09-14T17:43:37.611Z,buy,2.85e-05,75.0,0.0021375
EDO/BTC,1568483017611,2019-09-14T17:43:37.611Z,buy,2.86e-05,510.61,0.014603446
EDO/BTC,1568483018205,2019-09-14T17:43:38.205Z,buy,2.86e-05,38.48,0.001100528
EDO/BTC,1568483019139,2019-09-14T17:43:39.139Z,buy,2.86e-05,75.0,0.002145
EDO/BTC,1568483021019,2019-09-14T17:43:41.019Z,buy,2.86e-05,585.61,0.016748446
EDO/BTC,1568483048353,2019-09-14T17:44:08.353Z,buy,2.86e-05,583.57,0.016690102
EDO/BTC,1568483056871,2019-09-14T17:44:16.871Z,buy,2.85e-05,145.9,0.00415815
EDO/BTC,1568483056871,2019-09-14T17:44:16.871Z,buy,2.86e-05,437.67,0.012517362
EDO/BTC,1568483059268,2019-09-14T17:44:19.268Z,buy,2.86e-05,583.57,0.016690102
EDO/BTC,1568483060966,2019-09-14T17:44:20.966Z,buy,2.86e-05,583.57,0.016690102
EDO/BTC,1568483062363,2019-09-14T17:44:22.363Z,buy,2.86e-05,282.43,0.008077498
EDO/BTC,1568483062363,2019-09-14T17:44:22.363Z,buy,2.87e-05,301.14,0.0086427179999999
EDO/BTC,1568483067308,2019-09-14T17:44:27.308Z,buy,2.87e-05,3.59,0.000103033
EDO/BTC,1568483094254,2019-09-14T17:44:54.254Z,buy,2.86e-05,583.57,0.016690102
EDO/BTC,1568483143048,2019-09-14T17:45:43.048Z,buy,2.86e-05,585.62,0.016748732
EDO/BTC,1568483492558,2019-09-14T17:51:32.558Z,buy,2.85e-05,143.88,0.00410058
EDO/BTC,1568483806961,2019-09-14T17:56:46.961Z,buy,2.85e-05,250.0,0.007125
EDO/BTC,1568483811325,2019-09-14T17:56:51.325Z,buy,2.85e-05,122.32,0.00348612
EDO/BTC,1568483811376,2019-09-14T17:56:51.376Z,buy,2.85e-05,114.25,0.003256125
EDO/BTC,1568483965750,2019-09-14T17:59:25.750Z,buy,2.85e-05,249.5,0.00711075
EDO/BTC,1568483965750,2019-09-14T17:59:25.750Z,buy,2.85e-05,249.5,0.00711075
EDO/BTC,1568484038030,2019-09-14T18:00:38.030Z,buy,2.85e-05,61.41,0.001750185
EDO/BTC,1568484266450,2019-09-14T18:04:26.450Z,sell,2.83e-05,73.29,0.002074107
EDO/BTC,1568484266450,2019-09-14T18:04:26.450Z,sell,2.82e-05,391.71,0.011046222
EDO/BTC,1568484687969,2019-09-14T18:11:27.969Z,sell,2.83e-05,455.51,0.012890933
EDO/BTC,1568484811976,2019-09-14T18:13:31.976Z,buy,2.83e-05,1.07,3.0281e-05
EDO/BTC,1568485034267,2019-09-14T18:17:14.267Z,buy,2.83e-05,7.26,0.000205458
EDO/BTC,1568485034449,2019-09-14T18:17:14.449Z,buy,2.83e-05,7.55,0.000213665
EDO/BTC,1568485034912,2019-09-14T18:17:14.912Z,buy,2.83e-05,6.94,0.000196402
EDO/BTC,1568485036718,2019-09-14T18:17:16.718Z,buy,2.83e-05,7.13,0.000201779
EDO/BTC,1568485037218,2019-09-14T18:17:17.218Z,buy,2.83e-05,7.42,0.000209986
EDO/BTC,1568485037339,2019-09-14T18:17:17.339Z,buy,2.83e-05,7.41,0.000209703
EDO/BTC,1568485076493,2019-09-14T18:17:56.493Z,buy,2.83e-05,464.93,0.013157519
EDO/BTC,1568485077097,2019-09-14T18:17:57.097Z,buy,2.83e-05,441.78,0.012502374
EDO/BTC,1568485446494,2019-09-14T18:24:06.494Z,sell,2.82e-05,6.59,0.000185838
EDO/BTC,1568485764129,2019-09-14T18:29:24.129Z,buy,2.85e-05,4.2,0.0001197
EDO/BTC,1568486386163,2019-09-14T18:39:46.163Z,buy,2.85e-05,1148.04,0.03271914
EDO/BTC,1568486386185,2019-09-14T18:39:46.185Z,sell,2.85e-05,93.01,0.002650785
EDO/BTC,1568486408052,2019-09-14T18:40:08.052Z,sell,2.85e-05,3.55,0.000101175
EDO/BTC,1568486468057,2019-09-14T18:41:08.057Z,sell,2.85e-05,3.54,0.00010089
EDO/BTC,1568486528064,2019-09-14T18:42:08.064Z,sell,2.85e-05,3.53,0.000100605
EDO/BTC,1568487352066,2019-09-14T18:55:52.066Z,buy,2.87e-05,151.81,0.004356947
EDO/BTC,1568487554934,2019-09-14T18:59:14.934Z,sell,2.85e-05,4.2,0.0001197
EDO/BTC,1568487554934,2019-09-14T18:59:14.934Z,sell,2.85e-05,4.2,0.0001197
EDO/BTC,1568487985014,2019-09-14T19:06:25.014Z,buy,2.86e-05,4.2,0.00012012
EDO/BTC,1568489769823,2019-09-14T19:36:09.823Z,sell,2.85e-05,42.16,0.00120156
EDO/BTC,1568489771402,2019-09-14T19:36:11.402Z,sell,2.85e-05,4.2,0.0001197
EDO/BTC,1568489835871,2019-09-14T19:37:15.871Z,sell,2.85e-05,42.16,0.00120156
EDO/BTC,1568490108154,2019-09-14T19:41:48.154Z,sell,2.85e-05,1124.59,0.0320508149999999
EDO/BTC,1568490140502,2019-09-14T19:42:20.502Z,buy,2.86e-05,4.21,0.000120406
EDO/BTC,1568490140502,2019-09-14T19:42:20.502Z,buy,2.86e-05,4.21,0.000120406
EDO/BTC,1568491247244,2019-09-14T20:00:47.244Z,sell,2.85e-05,703.03,0.020036355
EDO/BTC,1568491941513,2019-09-14T20:12:21.513Z,sell,2.83e-05,4.21,0.000119143
EDO/BTC,1568492247726,2019-09-14T20:17:27.726Z,buy,2.85e-05,4.19,0.000119415
EDO/BTC,1568492261847,2019-09-14T20:17:41.847Z,buy,2.85e-05,8.07,0.000229995
EDO/BTC,1568492553538,2019-09-14T20:22:33.538Z,sell,2.83e-05,97.68,0.002764344
EDO/BTC,1568492632962,2019-09-14T20:23:52.962Z,sell,2.82e-05,8.07,0.000227574
EDO/BTC,1568492830584,2019-09-14T20:27:10.584Z,buy,2.83e-05,1048.99,0.029686417
EDO/BTC,1568492830584,2019-09-14T20:27:10.584Z,buy,2.83e-05,1048.99,0.029686417
EDO/BTC,1568494633285,2019-09-14T20:57:13.285Z,sell,2.82e-05,4.19,0.000118158
EDO/BTC,1568495004098,2019-09-14T21:03:24.098Z,buy,2.83e-05,4.26,0.000120558
EDO/BTC,1568495973526,2019-09-14T21:19:33.526Z,buy,2.83e-05,32.41,0.0009172029999999
EDO/BTC,1568495973526,2019-09-14T21:19:33.526Z,buy,2.83e-05,32.41,0.0009172029999999
EDO/BTC,1568496598030,2019-09-14T21:29:58.030Z,buy,2.83e-05,342.08,0.0096808639999999
EDO/BTC,1568496798439,2019-09-14T21:33:18.439Z,sell,2.82e-05,4.26,0.000120132
EDO/BTC,1568497099936,2019-09-14T21:38:19.936Z,buy,2.83e-05,4.2,0.00011886
EDO/BTC,1568497574139,2019-09-14T21:46:14.139Z,sell,2.82e-05,4.24,0.000119568
EDO/BTC,1568497575455,2019-09-14T21:46:15.455Z,buy,2.82e-05,80.0,0.002256
EDO/BTC,1568497580603,2019-09-14T21:46:20.603Z,buy,2.82e-05,123.58,0.003484956
EDO/BTC,1568497583898,2019-09-14T21:46:23.898Z,buy,2.82e-05,100.0,0.00282
EDO/BTC,1568499490524,2019-09-14T22:18:10.524Z,sell,2.81e-05,4.2,0.00011802
EDO/BTC,1568499490524,2019-09-14T22:18:10.524Z,sell,2.81e-05,4.2,0.00011802
EDO/BTC,1568499862254,2019-09-14T22:24:22.254Z,buy,2.82e-05,4.25,0.00011985
EDO/BTC,1568501662187,2019-09-14T22:54:22.187Z,sell,2.81e-05,4.25,0.0001194249999999
EDO/BTC,1568501954304,2019-09-14T22:59:14.304Z,buy,2.82e-05,4.16,0.000117312
EDO/BTC,1568501954304,2019-09-14T22:59:14.304Z,buy,2.82e-05,4.16,0.000117312
EDO/BTC,1568503746222,2019-09-14T23:29:06.222Z,sell,2.81e-05,4.16,0.000116896
EDO/BTC,1568504179409,2019-09-14T23:36:19.409Z,buy,2.82e-05,4.23,0.000119286
EDO/BTC,1568504179409,2019-09-14T23:36:19.409Z,buy,2.82e-05,4.23,0.000119286
EDO/BTC,1568505554449,2019-09-14T23:59:14.449Z,sell,2.81e-05,1640.2,0.04608962
EDO/BTC,1568505554839,2019-09-14T23:59:14.839Z,sell,2.81e-05,39.08,0.001098148
EDO/BTC,1568505595842,2019-09-14T23:59:55.842Z,sell,2.81e-05,733.58,0.020613598
EDO/BTC,1568505595842,2019-09-14T23:59:55.842Z,sell,2.8e-05,1020.4,0.0285711999999999
EDO/BTC,1568505960984,2019-09-15T00:06:00.984Z,sell,2.8e-05,1868.17,0.05230876
EDO/BTC,1568505961009,2019-09-15T00:06:01.009Z,sell,2.79e-05,905.67,0.0252681929999999
EDO/BTC,1568505964119,2019-09-15T00:06:04.119Z,sell,2.79e-05,187.37,0.005227623
EDO/BTC,1568505988809,2019-09-15T00:06:28.809Z,sell,2.79e-05,96.6,0.00269514
EDO/BTC,1568506023854,2019-09-15T00:07:03.854Z,sell,2.79e-05,98.49,0.002747871
EDO/BTC,1568506023889,2019-09-15T00:07:03.889Z,sell,2.79e-05,155.58,0.004340682
EDO/BTC,1568506026925,2019-09-15T00:07:06.925Z,sell,2.79e-05,66.0,0.0018414
EDO/BTC,1568506029699,2019-09-15T00:07:09.699Z,buy,2.8e-05,8.46,0.00023688
EDO/BTC,1568506344273,2019-09-15T00:12:24.273Z,sell,2.79e-05,44.12,0.001230948
EDO/BTC,1568506498778,2019-09-15T00:14:58.778Z,sell,2.79e-05,13.17,0.000367443
EDO/BTC,1568506524897,2019-09-15T00:15:24.897Z,buy,2.8e-05,9.0,0.000252
EDO/BTC,1568506579527,2019-09-15T00:16:19.527Z,sell,2.79e-05,4.22,0.0001177379999999
EDO/BTC,1568507150685,2019-09-15T00:25:50.685Z,sell,2.79e-05,5.08,0.000141732
EDO/BTC,1568507150685,2019-09-15T00:25:50.685Z,sell,2.79e-05,5.08,0.000141732
EDO/BTC,1568508132442,2019-09-15T00:42:12.442Z,buy,2.8e-05,36.65,0.0010262
EDO/BTC,1568508424604,2019-09-15T00:47:04.604Z,buy,2.8e-05,190.0,0.00532
EDO/BTC,1568508424946,2019-09-15T00:47:04.946Z,buy,2.8e-05,420.0,0.01176
EDO/BTC,1568510312109,2019-09-15T01:18:32.109Z,buy,2.8e-05,358.54,0.01003912
EDO/BTC,1568510347520,2019-09-15T01:19:07.520Z,buy,2.8e-05,321.4,0.0089991999999999
EDO/BTC,1568510347520,2019-09-15T01:19:07.520Z,buy,2.8e-05,321.4,0.0089991999999999
EDO/BTC,1568511105768,2019-09-15T01:31:45.768Z,buy,2.8e-05,341.31,0.00955668
EDO/BTC,1568511105768,2019-09-15T01:31:45.768Z,buy,2.8e-05,341.31,0.00955668
EDO/BTC,1568515622119,2019-09-15T02:47:02.119Z,sell,2.79e-05,13.32,0.000371628
EDO/BTC,1568515622119,2019-09-15T02:47:02.119Z,sell,2.79e-05,13.32,0.000371628
EDO/BTC,1568516158362,2019-09-15T02:55:58.362Z,sell,2.79e-05,120.0,0.003348
EDO/BTC,1568516307383,2019-09-15T02:58:27.383Z,sell,2.79e-05,126.0,0.0035154
EDO/BTC,1568516915832,2019-09-15T03:08:35.832Z,buy,2.8e-05,77.01,0.00215628
EDO/BTC,1568517680311,2019-09-15T03:21:20.311Z,buy,2.8e-05,610.82,0.01710296
EDO/BTC,1568517680676,2019-09-15T03:21:20.676Z,buy,2.8e-05,17.82,0.00049896
EDO/BTC,1568518559989,2019-09-15T03:35:59.989Z,buy,2.8e-05,301.05,0.0084294
EDO/BTC,1568518566455,2019-09-15T03:36:06.455Z,buy,2.8e-05,225.11,0.00630308
EDO/BTC,1568518566455,2019-09-15T03:36:06.455Z,buy,2.8e-05,225.11,0.00630308
EDO/BTC,1568520029288,2019-09-15T04:00:29.288Z,sell,2.79e-05,150.0,0.004185
EDO/BTC,1568520201409,2019-09-15T04:03:21.409Z,sell,2.79e-05,112.67,0.003143493
EDO/BTC,1568520636999,2019-09-15T04:10:36.999Z,sell,2.79e-05,42.0,0.0011718
EDO/BTC,1568520800072,2019-09-15T04:13:20.072Z,sell,2.79e-05,10.38,0.000289602
EDO/BTC,1568521714607,2019-09-15T04:28:34.607Z,buy,2.8e-05,201.27,0.00563556
EDO/BTC,1568521714607,2019-09-15T04:28:34.607Z,buy,2.8e-05,201.27,0.00563556
EDO/BTC,1568522220692,2019-09-15T04:37:00.692Z,sell,2.79e-05,79.16,0.002208564
EDO/BTC,1568523483629,2019-09-15T04:58:03.629Z,sell,2.79e-05,100.0,0.00279
EDO/BTC,1568524212423,2019-09-15T05:10:12.423Z,buy,2.8e-05,298.8,0.0083664
EDO/BTC,1568524212423,2019-09-15T05:10:12.423Z,buy,2.8e-05,298.8,0.0083664
EDO/BTC,1568526058408,2019-09-15T05:40:58.408Z,buy,2.8e-05,7032.39,0.19690692
EDO/BTC,1568526058678,2019-09-15T05:40:58.678Z,buy,2.81e-05,140.6,0.00395086
EDO/BTC,1568526081287,2019-09-15T05:41:21.287Z,buy,2.81e-05,227.67,0.0063975269999999
EDO/BTC,1568526081303,2019-09-15T05:41:21.303Z,sell,2.81e-05,38.58,0.001084098
EDO/BTC,1568526081304,2019-09-15T05:41:21.304Z,sell,2.81e-05,38.58,0.001084098
EDO/BTC,1568526081304,2019-09-15T05:41:21.304Z,sell,2.81e-05,38.58,0.001084098
EDO/BTC,1568526081304,2019-09-15T05:41:21.304Z,sell,2.81e-05,38.58,0.001084098
EDO/BTC,1568526081304,2019-09-15T05:41:21.304Z,sell,2.81e-05,3.82,0.0001073419999999
EDO/BTC,1568526081339,2019-09-15T05:41:21.339Z,buy,2.81e-05,38.59,0.001084379
EDO/BTC,1568526081339,2019-09-15T05:41:21.339Z,buy,2.82e-05,80.96,0.0022830719999999
EDO/BTC,1568526081677,2019-09-15T05:41:21.677Z,sell,2.81e-05,6.49,0.000182369
EDO/BTC,1568526081677,2019-09-15T05:41:21.677Z,sell,2.81e-05,6.49,0.000182369
EDO/BTC,1568527853460,2019-09-15T06:10:53.460Z,buy,2.81e-05,70.82,0.0019900419999999
EDO/BTC,1568528987085,2019-09-15T06:29:47.085Z,buy,2.81e-05,35.59,0.001000079
EDO/BTC,1568529057456,2019-09-15T06:30:57.456Z,buy,2.81e-05,78.29,0.002199949
EDO/BTC,1568529057456,2019-09-15T06:30:57.456Z,buy,2.81e-05,78.29,0.002199949
EDO/BTC,1568531093486,2019-09-15T07:04:53.486Z,buy,2.81e-05,22.3,0.00062663
EDO/BTC,1568531093486,2019-09-15T07:04:53.486Z,buy,2.81e-05,22.3,0.00062663
EDO/BTC,1568533757528,2019-09-15T07:49:17.528Z,sell,2.79e-05,539.27,0.015045633
EDO/BTC,1568533757528,2019-09-15T07:49:17.528Z,sell,2.78e-05,1475.94,0.041031132
EDO/BTC,1568533972676,2019-09-15T07:52:52.676Z,buy,2.8e-05,254.23,0.0071184399999999
EDO/BTC,1568533997768,2019-09-15T07:53:17.768Z,sell,2.79e-05,85.33,0.002380707
EDO/BTC,1568534033202,2019-09-15T07:53:53.202Z,buy,2.8e-05,158.76,0.0044452799999999
EDO/BTC,1568534262019,2019-09-15T07:57:42.019Z,sell,2.79e-05,310.85,0.008672715
EDO/BTC,1568534368107,2019-09-15T07:59:28.107Z,sell,2.79e-05,200.32,0.005588928
EDO/BTC,1568534368367,2019-09-15T07:59:28.367Z,sell,2.79e-05,359.08,0.010018332
EDO/BTC,1568534517565,2019-09-15T08:01:57.565Z,buy,2.8e-05,207.13,0.00579964
EDO/BTC,1568534517565,2019-09-15T08:01:57.565Z,buy,2.8e-05,207.13,0.00579964
EDO/BTC,1568535855644,2019-09-15T08:24:15.644Z,buy,2.8e-05,805.23,0.02254644
EDO/BTC,1568537484325,2019-09-15T08:51:24.325Z,sell,2.8e-05,74.75,0.002093
EDO/BTC,1568537539107,2019-09-15T08:52:19.107Z,sell,2.8e-05,2.49,6.972e-05
EDO/BTC,1568537539107,2019-09-15T08:52:19.107Z,sell,2.79e-05,105.03,0.002930337
EDO/BTC,1568537539107,2019-09-15T08:52:19.107Z,sell,2.8e-05,2.49,6.972e-05
EDO/BTC,1568537539107,2019-09-15T08:52:19.107Z,sell,2.79e-05,105.03,0.002930337
EDO/BTC,1568538136370,2019-09-15T09:02:16.370Z,sell,2.79e-05,78.59,0.002192661
EDO/BTC,1568538136370,2019-09-15T09:02:16.370Z,sell,2.78e-05,881.54,0.024506812
EDO/BTC,1568538766609,2019-09-15T09:12:46.609Z,sell,2.79e-05,255.31,0.007123149
EDO/BTC,1568538767225,2019-09-15T09:12:47.225Z,sell,2.79e-05,359.08,0.010018332
EDO/BTC,1568538854003,2019-09-15T09:14:14.003Z,buy,2.8e-05,4.5,0.000126
EDO/BTC,1568538893353,2019-09-15T09:14:53.353Z,buy,2.81e-05,206.34,0.005798154
EDO/BTC,1568538903661,2019-09-15T09:15:03.661Z,sell,2.81e-05,145.3,0.00408293
EDO/BTC,1568538904592,2019-09-15T09:15:04.592Z,sell,2.81e-05,122.32,0.0034371919999999
EDO/BTC,1568538915143,2019-09-15T09:15:15.143Z,buy,2.82e-05,35.94,0.001013508
EDO/BTC,1568539494701,2019-09-15T09:24:54.701Z,sell,2.8e-05,67.35,0.0018857999999999
EDO/BTC,1568540666764,2019-09-15T09:44:26.764Z,sell,2.79e-05,67.36,0.001879344
EDO/BTC,1568540666764,2019-09-15T09:44:26.764Z,sell,2.79e-05,67.36,0.001879344
EDO/BTC,1568541433230,2019-09-15T09:57:13.230Z,sell,2.79e-05,1196.19,0.033373701
EDO/BTC,1568541433230,2019-09-15T09:57:13.230Z,sell,2.78e-05,942.63,0.026205114
EDO/BTC,1568541695688,2019-09-15T10:01:35.688Z,sell,2.81e-05,35.69,0.0010028889999999
EDO/BTC,1568542084951,2019-09-15T10:08:04.951Z,buy,2.79e-05,3.98,0.000111042
EDO/BTC,1568542086154,2019-09-15T10:08:06.154Z,sell,2.78e-05,4.88,0.000135664
EDO/BTC,1568543033270,2019-09-15T10:23:53.270Z,buy,2.79e-05,358.42,0.009999918
EDO/BTC,1568543472736,2019-09-15T10:31:12.736Z,buy,2.79e-05,581.21,0.016215759
EDO/BTC,1568543472736,2019-09-15T10:31:12.736Z,buy,2.79e-05,581.21,0.016215759
EDO/BTC,1568544346523,2019-09-15T10:45:46.523Z,buy,2.82e-05,7.76,0.000218832
EDO/BTC,1568545413421,2019-09-15T11:03:33.421Z,buy,2.82e-05,12.0,0.0003384
EDO/BTC,1568545668455,2019-09-15T11:07:48.455Z,buy,2.82e-05,245.46,0.006921972
EDO/BTC,1568546169197,2019-09-15T11:16:09.197Z,buy,2.82e-05,51.24,0.001444968
EDO/BTC,1568546520708,2019-09-15T11:22:00.708Z,sell,2.79e-05,51.18,0.001427922
EDO/BTC,1568546520708,2019-09-15T11:22:00.708Z,sell,2.79e-05,51.18,0.001427922
EDO/BTC,1568548301455,2019-09-15T11:51:41.455Z,sell,2.79e-05,23.66,0.000660114
EDO/BTC,1568549410030,2019-09-15T12:10:10.030Z,buy,2.82e-05,3402.07,0.095938374
EDO/BTC,1568549507268,2019-09-15T12:11:47.268Z,buy,2.83e-05,3799.57,0.107527831
EDO/BTC,1568549545080,2019-09-15T12:12:25.080Z,buy,2.83e-05,949.89,0.026881887
EDO/BTC,1568549550111,2019-09-15T12:12:30.111Z,buy,2.83e-05,709.92,0.0200907359999999
EDO/BTC,1568549555164,2019-09-15T12:12:35.164Z,buy,2.83e-05,1069.89,0.030277887
EDO/BTC,1568549561771,2019-09-15T12:12:41.771Z,buy,2.83e-05,1069.89,0.030277887
EDO/BTC,1568549561771,2019-09-15T12:12:41.771Z,buy,2.83e-05,1069.89,0.030277887
EDO/BTC,1568550313464,2019-09-15T12:25:13.464Z,buy,2.81e-05,298.5,0.0083878499999999
EDO/BTC,1568550753265,2019-09-15T12:32:33.265Z,buy,2.83e-05,1681.18,0.047577394
EDO/BTC,1568551340878,2019-09-15T12:42:20.878Z,sell,2.83e-05,25.0,0.0007075
EDO/BTC,1568551349102,2019-09-15T12:42:29.102Z,sell,2.83e-05,25.03,0.000708349
EDO/BTC,1568551389527,2019-09-15T12:43:09.527Z,sell,2.83e-05,25.19,0.000712877
EDO/BTC,1568551389527,2019-09-15T12:43:09.527Z,sell,2.83e-05,25.19,0.000712877
EDO/BTC,1568555541498,2019-09-15T13:52:21.498Z,sell,2.83e-05,11.03,0.000312149
EDO/BTC,1568555541498,2019-09-15T13:52:21.498Z,sell,2.83e-05,11.03,0.000312149
EDO/BTC,1568557307103,2019-09-15T14:21:47.103Z,sell,2.83e-05,36.99,0.001046817
EDO/BTC,1568558400940,2019-09-15T14:40:00.940Z,sell,2.83e-05,242.0,0.0068486
EDO/BTC,1568558670827,2019-09-15T14:44:30.827Z,sell,2.83e-05,224.7,0.00635901
EDO/BTC,1568558915506,2019-09-15T14:48:35.506Z,buy,2.84e-05,966.37,0.027444908
EDO/BTC,1568558915785,2019-09-15T14:48:35.785Z,sell,2.84e-05,100.67,0.002859028
EDO/BTC,1568558915785,2019-09-15T14:48:35.785Z,sell,2.84e-05,100.67,0.002859028
EDO/BTC,1568560091535,2019-09-15T15:08:11.535Z,sell,2.83e-05,296.73,0.008397459
EDO/BTC,1568561045221,2019-09-15T15:24:05.221Z,sell,2.83e-05,3.91,0.000110653
EDO/BTC,1568561074981,2019-09-15T15:24:34.981Z,sell,2.83e-05,58.08,0.001643664
EDO/BTC,1568561706054,2019-09-15T15:35:06.054Z,sell,2.83e-05,66.55,0.001883365
EDO/BTC,1568561706054,2019-09-15T15:35:06.054Z,sell,2.83e-05,66.55,0.001883365
EDO/BTC,1568562558816,2019-09-15T15:49:18.816Z,sell,2.83e-05,91.14,0.002579262
EDO/BTC,1568562558816,2019-09-15T15:49:18.816Z,sell,2.82e-05,580.86,0.016380252
EDO/BTC,1568563263710,2019-09-15T16:01:03.710Z,buy,2.84e-05,126.77,0.003600268
EDO/BTC,1568563263710,2019-09-15T16:01:03.710Z,buy,2.85e-05,32.8,0.0009348
EDO/BTC,1568563675129,2019-09-15T16:07:55.129Z,buy,2.84e-05,39.93,0.001134012
EDO/BTC,1568563675129,2019-09-15T16:07:55.129Z,buy,2.85e-05,1012.7,0.02886195
EDO/BTC,1568563675654,2019-09-15T16:07:55.654Z,buy,2.85e-05,1052.63,0.029999955
EDO/BTC,1568564458838,2019-09-15T16:20:58.838Z,sell,2.83e-05,36.54,0.001034082
EDO/BTC,1568564458838,2019-09-15T16:20:58.838Z,sell,2.83e-05,36.54,0.001034082
EDO/BTC,1568565640259,2019-09-15T16:40:40.259Z,sell,2.83e-05,7.11,0.000201213
EDO/BTC,1568565641753,2019-09-15T16:40:41.753Z,sell,2.83e-05,7.11,0.000201213
EDO/BTC,1568565726334,2019-09-15T16:42:06.334Z,sell,2.83e-05,397.15,0.011239345
EDO/BTC,1568566450615,2019-09-15T16:54:10.615Z,buy,2.84e-05,66.72,0.001894848
EDO/BTC,1568566509041,2019-09-15T16:55:09.041Z,sell,2.84e-05,3.54,0.000100536
EDO/BTC,1568566509041,2019-09-15T16:55:09.041Z,sell,2.84e-05,3.54,0.000100536
EDO/BTC,1568568215064,2019-09-15T17:23:35.064Z,sell,2.84e-05,65.08,0.001848272
EDO/BTC,1568568217074,2019-09-15T17:23:37.074Z,sell,2.83e-05,24.83,0.0007026889999999
EDO/BTC,1568569939322,2019-09-15T17:52:19.322Z,buy,2.85e-05,20.45,0.000582825
EDO/BTC,1568569939322,2019-09-15T17:52:19.322Z,buy,2.85e-05,20.45,0.000582825
EDO/BTC,1568570494976,2019-09-15T18:01:34.976Z,buy,2.85e-05,1918.07,0.054664995
EDO/BTC,1568570540566,2019-09-15T18:02:20.566Z,buy,2.86e-05,4.59,0.000131274
EDO/BTC,1568571333022,2019-09-15T18:15:33.022Z,buy,2.86e-05,122.38,0.003500068
EDO/BTC,1568571948251,2019-09-15T18:25:48.251Z,buy,2.86e-05,34.97,0.001000142
EDO/BTC,1568572328702,2019-09-15T18:32:08.702Z,sell,2.84e-05,4.59,0.0001303559999999
EDO/BTC,1568572596533,2019-09-15T18:36:36.533Z,sell,2.84e-05,245.21,0.006963964
EDO/BTC,1568572826804,2019-09-15T18:40:26.804Z,buy,2.86e-05,4.59,0.000131274
EDO/BTC,1568573517713,2019-09-15T18:51:57.713Z,buy,2.85e-05,143.85,0.004099725
EDO/BTC,1568573517713,2019-09-15T18:51:57.713Z,buy,2.86e-05,699.21,0.019997406
EDO/BTC,1568573521899,2019-09-15T18:52:01.899Z,buy,2.87e-05,3058.29,0.087772923
EDO/BTC,1568573521899,2019-09-15T18:52:01.899Z,buy,2.88e-05,635.3,0.01829664
EDO/BTC,1568573521899,2019-09-15T18:52:01.899Z,buy,2.89e-05,758.05,0.021907645
EDO/BTC,1568573525932,2019-09-15T18:52:05.932Z,buy,2.89e-05,121.74,0.003518286
EDO/BTC,1568573525932,2019-09-15T18:52:05.932Z,buy,2.9e-05,1725.18,0.05003022
EDO/BTC,1568573528896,2019-09-15T18:52:08.896Z,buy,2.9e-05,16.76,0.00048604
EDO/BTC,1568573528896,2019-09-15T18:52:08.896Z,buy,2.9e-05,16.76,0.00048604
EDO/BTC,1568573592477,2019-09-15T18:53:12.477Z,buy,2.88e-05,628.73,0.018107424
EDO/BTC,1568573592477,2019-09-15T18:53:12.477Z,buy,2.9e-05,1186.72,0.03441488
EDO/BTC,1568573592477,2019-09-15T18:53:12.477Z,buy,2.91e-05,1380.09,0.0401606189999999
EDO/BTC,1568573592477,2019-09-15T18:53:12.477Z,buy,2.92e-05,435.21,0.012708132
EDO/BTC,1568573594643,2019-09-15T18:53:14.643Z,sell,2.88e-05,4.09,0.0001177919999999
EDO/BTC,1568573597024,2019-09-15T18:53:17.024Z,sell,2.88e-05,108.12,0.003113856
EDO/BTC,1568573597151,2019-09-15T18:53:17.151Z,sell,2.88e-05,106.81,0.003076128
EDO/BTC,1568573597322,2019-09-15T18:53:17.322Z,sell,2.88e-05,35.08,0.0010103039999999
EDO/BTC,1568573597422,2019-09-15T18:53:17.422Z,sell,2.88e-05,69.49,0.002001312
EDO/BTC,1568573598070,2019-09-15T18:53:18.070Z,sell,2.88e-05,42.58,0.001226304
EDO/BTC,1568573599505,2019-09-15T18:53:19.505Z,buy,2.9e-05,109.95,0.00318855
EDO/BTC,1568573599505,2019-09-15T18:53:19.505Z,buy,2.91e-05,4.09,0.000119019
EDO/BTC,1568573599505,2019-09-15T18:53:19.505Z,buy,2.92e-05,319.5,0.0093294
EDO/BTC,1568573599505,2019-09-15T18:53:19.505Z,buy,2.93e-05,9317.57,0.273004801
EDO/BTC,1568573601395,2019-09-15T18:53:21.395Z,sell,2.89e-05,113.12,0.003269168
EDO/BTC,1568573601524,2019-09-15T18:53:21.524Z,sell,2.89e-05,103.79,0.002999531
EDO/BTC,1568573601684,2019-09-15T18:53:21.684Z,sell,2.89e-05,33.09,0.000956301
EDO/BTC,1568573602369,2019-09-15T18:53:22.369Z,sell,2.89e-05,35.0,0.0010115
EDO/BTC,1568573602637,2019-09-15T18:53:22.637Z,sell,2.89e-05,108.27,0.003129003
EDO/BTC,1568573602794,2019-09-15T18:53:22.794Z,sell,2.89e-05,109.88,0.003175532
EDO/BTC,1568573602865,2019-09-15T18:53:22.865Z,sell,2.89e-05,351.0,0.0101439
EDO/BTC,1568573603065,2019-09-15T18:53:23.065Z,sell,2.89e-05,105.07,0.0030365229999999
EDO/BTC,1568573603230,2019-09-15T18:53:23.230Z,sell,2.89e-05,107.15,0.003096635
EDO/BTC,1568573603341,2019-09-15T18:53:23.341Z,sell,2.89e-05,103.97,0.003004733
EDO/BTC,1568573603507,2019-09-15T18:53:23.507Z,sell,2.89e-05,103.81,0.003000109
EDO/BTC,1568573603591,2019-09-15T18:53:23.591Z,sell,2.89e-05,70.0,0.002023
EDO/BTC,1568573603966,2019-09-15T18:53:23.966Z,sell,2.89e-05,351.0,0.0101439
EDO/BTC,1568573604024,2019-09-15T18:53:24.024Z,sell,2.89e-05,175.0,0.0050575
EDO/BTC,1568573604607,2019-09-15T18:53:24.607Z,sell,2.89e-05,108.06,0.003122934
EDO/BTC,1568573604767,2019-09-15T18:53:24.767Z,sell,2.89e-05,37.0,0.0010693
EDO/BTC,1568573604793,2019-09-15T18:53:24.793Z,sell,2.89e-05,109.57,0.003166573
EDO/BTC,1568573604896,2019-09-15T18:53:24.896Z,sell,2.89e-05,32.38,0.000935782
EDO/BTC,1568573605167,2019-09-15T18:53:25.167Z,sell,2.89e-05,109.53,0.003165417
EDO/BTC,1568573605383,2019-09-15T18:53:25.383Z,sell,2.89e-05,76.35,0.002206515
EDO/BTC,1568573605444,2019-09-15T18:53:25.444Z,sell,2.89e-05,54.12,0.001564068
EDO/BTC,1568573628010,2019-09-15T18:53:48.010Z,sell,2.91e-05,21.81,0.000634671
EDO/BTC,1568573628021,2019-09-15T18:53:48.021Z,sell,2.91e-05,21.83,0.0006352529999999
EDO/BTC,1568573628056,2019-09-15T18:53:48.056Z,buy,2.92e-05,21.7,0.00063364
EDO/BTC,1568573628091,2019-09-15T18:53:48.091Z,sell,2.91e-05,96.68,0.002813388
EDO/BTC,1568573628100,2019-09-15T18:53:48.100Z,sell,2.91e-05,581.78,0.016929798
EDO/BTC,1568573628139,2019-09-15T18:53:48.139Z,sell,2.91e-05,59.41,0.001728831
EDO/BTC,1568573630216,2019-09-15T18:53:50.216Z,sell,2.91e-05,512.2,0.01490502
EDO/BTC,1568573630392,2019-09-15T18:53:50.392Z,sell,2.91e-05,233.29,0.0067887389999999
EDO/BTC,1568573631595,2019-09-15T18:53:51.595Z,buy,2.92e-05,33.91,0.0009901719999999
EDO/BTC,1568573631691,2019-09-15T18:53:51.691Z,sell,2.91e-05,1028.6,0.0299322599999999
EDO/BTC,1568573637471,2019-09-15T18:53:57.471Z,sell,2.91e-05,114.39,0.0033287489999999
EDO/BTC,1568573652494,2019-09-15T18:54:12.494Z,sell,2.9e-05,486.19,0.01409951
EDO/BTC,1568573652494,2019-09-15T18:54:12.494Z,sell,2.89e-05,999.74,0.028892486
EDO/BTC,1568573652494,2019-09-15T18:54:12.494Z,sell,2.88e-05,98.58,0.002839104
EDO/BTC,1568573653661,2019-09-15T18:54:13.661Z,sell,2.88e-05,34.93,0.001005984
EDO/BTC,1568573670776,2019-09-15T18:54:30.776Z,buy,2.9e-05,242.17,0.0070229299999999
EDO/BTC,1568573715954,2019-09-15T18:55:15.954Z,sell,2.88e-05,33.91,0.000976608
EDO/BTC,1568573732129,2019-09-15T18:55:32.129Z,sell,2.88e-05,15.44,0.0004446719999999
EDO/BTC,1568573760444,2019-09-15T18:56:00.444Z,buy,2.91e-05,295.74,0.008606034
EDO/BTC,1568573760444,2019-09-15T18:56:00.444Z,buy,2.92e-05,217.95,0.00636414
EDO/BTC,1568573897917,2019-09-15T18:58:17.917Z,sell,2.88e-05,16.76,0.000482688
EDO/BTC,1568574022563,2019-09-15T19:00:22.563Z,sell,2.88e-05,4.58,0.000131904
EDO/BTC,1568574067284,2019-09-15T19:01:07.284Z,sell,2.88e-05,513.17,0.0147792959999999
EDO/BTC,1568574131943,2019-09-15T19:02:11.943Z,buy,2.92e-05,41.09,0.001199828
EDO/BTC,1568574136390,2019-09-15T19:02:16.390Z,sell,2.88e-05,70.0,0.002016
EDO/BTC,1568574177629,2019-09-15T19:02:57.629Z,sell,2.88e-05,27.34,0.0007873919999999
EDO/BTC,1568574313998,2019-09-15T19:05:13.998Z,buy,2.92e-05,4.48,0.000130816
EDO/BTC,1568574938781,2019-09-15T19:15:38.781Z,buy,2.92e-05,684.93,0.019999956
EDO/BTC,1568575539778,2019-09-15T19:25:39.778Z,buy,2.92e-05,100.0,0.00292
EDO/BTC,1568576351117,2019-09-15T19:39:11.117Z,sell,2.89e-05,5.09,0.000147101
EDO/BTC,1568576419170,2019-09-15T19:40:19.170Z,sell,2.89e-05,388.09,0.011215801
EDO/BTC,1568576419170,2019-09-15T19:40:19.170Z,sell,2.89e-05,388.09,0.011215801
EDO/BTC,1568577563546,2019-09-15T19:59:23.546Z,sell,2.87e-05,17.21,0.000493927
EDO/BTC,1568577563546,2019-09-15T19:59:23.546Z,sell,2.86e-05,1830.29,0.052346294
EDO/BTC,1568577568428,2019-09-15T19:59:28.428Z,sell,2.85e-05,1170.52,0.03335982
EDO/BTC,1568578056280,2019-09-15T20:07:36.280Z,buy,2.88e-05,125.56,0.0036161279999999
EDO/BTC,1568578458789,2019-09-15T20:14:18.789Z,sell,2.85e-05,39.29,0.001119765
EDO/BTC,1568579301615,2019-09-15T20:28:21.615Z,buy,2.87e-05,50.0,0.001435
EDO/BTC,1568579550951,2019-09-15T20:32:30.951Z,sell,2.85e-05,363.87,0.010370295
EDO/BTC,1568579685498,2019-09-15T20:34:45.498Z,buy,2.85e-05,7.62,0.00021717
EDO/BTC,1568579685760,2019-09-15T20:34:45.760Z,buy,2.85e-05,7.67,0.000218595
EDO/BTC,1568579687538,2019-09-15T20:34:47.538Z,buy,2.85e-05,7.23,0.000206055
EDO/BTC,1568579687538,2019-09-15T20:34:47.538Z,buy,2.85e-05,7.23,0.000206055
EDO/BTC,1568581328000,2019-09-15T21:02:08.000Z,buy,2.85e-05,440.39,0.012551115
EDO/BTC,1568581812630,2019-09-15T21:10:12.630Z,buy,2.85e-05,328.7,0.00936795
EDO/BTC,1568581812630,2019-09-15T21:10:12.630Z,buy,2.85e-05,328.7,0.00936795
EDO/BTC,1568586894912,2019-09-15T22:34:54.912Z,sell,2.85e-05,24.22,0.00069027
EDO/BTC,1568586894912,2019-09-15T22:34:54.912Z,sell,2.85e-05,24.22,0.00069027
EDO/BTC,1568587456603,2019-09-15T22:44:16.603Z,buy,2.87e-05,121.95,0.003499965
EDO/BTC,1568587457053,2019-09-15T22:44:17.053Z,buy,2.87e-05,4.52,0.0001297239999999
EDO/BTC,1568587489531,2019-09-15T22:44:49.531Z,sell,2.85e-05,840.3,0.02394855
EDO/BTC,1568588119960,2019-09-15T22:55:19.960Z,buy,2.85e-05,8.07,0.000229995
EDO/BTC,1568588304688,2019-09-15T22:58:24.688Z,buy,2.85e-05,2697.4,0.0768759
EDO/BTC,1568588304688,2019-09-15T22:58:24.688Z,buy,2.85e-05,2697.4,0.0768759
EDO/BTC,1568590708017,2019-09-15T23:38:28.017Z,sell,2.85e-05,3.91,0.000111435
EDO/BTC,1568590708017,2019-09-15T23:38:28.017Z,sell,2.85e-05,3.91,0.000111435
EDO/BTC,1568592013238,2019-09-16T00:00:13.238Z,sell,2.85e-05,396.09,0.011288565
EDO/BTC,1568592919107,2019-09-16T00:15:19.107Z,buy,2.86e-05,8.07,0.000230802
EDO/BTC,1568592919107,2019-09-16T00:15:19.107Z,buy,2.88e-05,491.93,0.0141675839999999
EDO/BTC,1568592948777,2019-09-16T00:15:48.777Z,buy,2.88e-05,250.0,0.0072
EDO/BTC,1568592966686,2019-09-16T00:16:06.686Z,buy,2.88e-05,250.0,0.0072
EDO/BTC,1568593005671,2019-09-16T00:16:45.671Z,buy,2.87e-05,3.51,0.000100737
EDO/BTC,1568593005671,2019-09-16T00:16:45.671Z,buy,2.88e-05,113.87,0.003279456
EDO/BTC,1568593005671,2019-09-16T00:16:45.671Z,buy,2.89e-05,82.62,0.002387718
EDO/BTC,1568593034256,2019-09-16T00:17:14.256Z,buy,2.89e-05,4.34,0.000125426
EDO/BTC,1568593174961,2019-09-16T00:19:34.961Z,buy,2.89e-05,406.77,0.011755653
EDO/BTC,1568593202581,2019-09-16T00:20:02.581Z,buy,2.9e-05,384.83,0.01116007
EDO/BTC,1568593202611,2019-09-16T00:20:02.611Z,sell,2.9e-05,458.39,0.01329331
EDO/BTC,1568593202692,2019-09-16T00:20:02.692Z,sell,2.9e-05,159.06,0.00461274
EDO/BTC,1568593621455,2019-09-16T00:27:01.455Z,buy,2.88e-05,30.0,0.000864
EDO/BTC,1568593621455,2019-09-16T00:27:01.455Z,buy,2.89e-05,3.48,0.000100572
EDO/BTC,1568593621457,2019-09-16T00:27:01.457Z,buy,2.89e-05,0.01,2.89e-07
EDO/BTC,1568593956507,2019-09-16T00:32:36.507Z,buy,2.91e-05,300.0,0.00873
EDO/BTC,1568594001693,2019-09-16T00:33:21.693Z,buy,2.91e-05,7.02,0.000204282
EDO/BTC,1568594013694,2019-09-16T00:33:33.694Z,buy,2.91e-05,297.03,0.0086435729999999
EDO/BTC,1568594078742,2019-09-16T00:34:38.742Z,sell,2.91e-05,2.97,8.6427e-05
EDO/BTC,1568594078742,2019-09-16T00:34:38.742Z,sell,2.89e-05,39.03,0.001127967
EDO/BTC,1568594204612,2019-09-16T00:36:44.612Z,buy,2.92e-05,66.64,0.001945888
EDO/BTC,1568594205709,2019-09-16T00:36:45.709Z,sell,2.92e-05,3.36,9.8112e-05
EDO/BTC,1568594224512,2019-09-16T00:37:04.512Z,sell,2.89e-05,4.34,0.000125426
EDO/BTC,1568594226544,2019-09-16T00:37:06.544Z,sell,2.92e-05,230.0,0.006716
EDO/BTC,1568594286537,2019-09-16T00:38:06.537Z,buy,2.91e-05,40.75,0.001185825
EDO/BTC,1568594286537,2019-09-16T00:38:06.537Z,buy,2.93e-05,259.25,0.007596025
EDO/BTC,1568594286537,2019-09-16T00:38:06.537Z,buy,2.91e-05,40.75,0.001185825
EDO/BTC,1568594286537,2019-09-16T00:38:06.537Z,buy,2.93e-05,259.25,0.007596025
EDO/BTC,1568594398278,2019-09-16T00:39:58.278Z,sell,2.91e-05,34.62,0.0010074419999999
EDO/BTC,1568594644917,2019-09-16T00:44:04.917Z,sell,2.91e-05,439.95,0.0128025449999999
EDO/BTC,1568594788014,2019-09-16T00:46:28.014Z,sell,2.91e-05,39.0,0.0011348999999999
EDO/BTC,1568594865233,2019-09-16T00:47:45.233Z,sell,2.91e-05,3.96,0.0001152359999999
EDO/BTC,1568595099845,2019-09-16T00:51:39.845Z,sell,2.91e-05,34.67,0.001008897
EDO/BTC,1568595240966,2019-09-16T00:54:00.966Z,sell,2.91e-05,80.0,0.0023279999999999
EDO/BTC,1568595268585,2019-09-16T00:54:28.585Z,sell,2.91e-05,150.0,0.004365
EDO/BTC,1568595362656,2019-09-16T00:56:02.656Z,buy,2.92e-05,68.6,0.00200312
EDO/BTC,1568595510689,2019-09-16T00:58:30.689Z,buy,2.94e-05,300.0,0.00882
EDO/BTC,1568595817090,2019-09-16T01:03:37.090Z,buy,2.94e-05,200.0,0.00588
EDO/BTC,1568595840175,2019-09-16T01:04:00.175Z,buy,2.94e-05,350.0,0.01029
EDO/BTC,1568595869336,2019-09-16T01:04:29.336Z,buy,2.95e-05,225.06,0.00663927
EDO/BTC,1568595869619,2019-09-16T01:04:29.619Z,sell,2.95e-05,3.4,0.0001003
EDO/BTC,1568595901213,2019-09-16T01:05:01.213Z,sell,2.95e-05,1.54,4.543e-05
EDO/BTC,1568595901213,2019-09-16T01:05:01.213Z,sell,2.93e-05,154.56,0.004528608
EDO/BTC,1568595901213,2019-09-16T01:05:01.213Z,sell,2.92e-05,107.05,0.00312586
EDO/BTC,1568595908445,2019-09-16T01:05:08.445Z,sell,2.92e-05,190.05,0.00554946
EDO/BTC,1568595930011,2019-09-16T01:05:30.011Z,sell,2.92e-05,389.0,0.0113588
EDO/BTC,1568596167956,2019-09-16T01:09:27.956Z,sell,2.92e-05,194.32,0.005674144
EDO/BTC,1568596167956,2019-09-16T01:09:27.956Z,sell,2.91e-05,167.65,0.004878615
EDO/BTC,1568596167956,2019-09-16T01:09:27.956Z,sell,2.9e-05,4135.78,0.11993762
EDO/BTC,1568596167982,2019-09-16T01:09:27.982Z,buy,2.9e-05,34.23,0.00099267
EDO/BTC,1568596167998,2019-09-16T01:09:27.998Z,buy,2.9e-05,34.24,0.00099296
EDO/BTC,1568596168064,2019-09-16T01:09:28.064Z,buy,2.9e-05,16.67,0.00048343
EDO/BTC,1568596172897,2019-09-16T01:09:32.897Z,sell,2.88e-05,17.0,0.0004896
EDO/BTC,1568596181071,2019-09-16T01:09:41.071Z,sell,2.89e-05,1868.52,0.054000228
EDO/BTC,1568596181071,2019-09-16T01:09:41.071Z,sell,2.88e-05,1289.11,0.0371263679999999
EDO/BTC,1568596181071,2019-09-16T01:09:41.071Z,sell,2.87e-05,1844.64,0.052941168
EDO/BTC,1568596181071,2019-09-16T01:09:41.071Z,sell,2.86e-05,1060.22,0.030322292
EDO/BTC,1568596181071,2019-09-16T01:09:41.071Z,sell,2.85e-05,2686.92,0.07657722
EDO/BTC,1568596181091,2019-09-16T01:09:41.091Z,buy,2.85e-05,1168.29,0.033296265
EDO/BTC,1568596181095,2019-09-16T01:09:41.095Z,buy,2.85e-05,650.36,0.01853526
EDO/BTC,1568596181099,2019-09-16T01:09:41.099Z,buy,2.85e-05,1522.48,0.04339068
EDO/BTC,1568596181099,2019-09-16T01:09:41.099Z,buy,2.85e-05,1167.07,0.033261495
EDO/BTC,1568596181107,2019-09-16T01:09:41.107Z,buy,2.85e-05,774.33,0.022068405
EDO/BTC,1568596181124,2019-09-16T01:09:41.124Z,buy,2.85e-05,1522.48,0.04339068
EDO/BTC,1568596181128,2019-09-16T01:09:41.128Z,sell,2.84e-05,392.41,0.011144444
EDO/BTC,1568596181129,2019-09-16T01:09:41.129Z,buy,2.85e-05,386.17,0.011005845
EDO/BTC,1568596181183,2019-09-16T01:09:41.183Z,sell,2.89e-05,135.41,0.003913349
EDO/BTC,1568596181205,2019-09-16T01:09:41.205Z,sell,2.89e-05,34.59,0.000999651
EDO/BTC,1568596181281,2019-09-16T01:09:41.281Z,sell,2.89e-05,98.51,0.002846939
EDO/BTC,1568596181286,2019-09-16T01:09:41.286Z,sell,2.89e-05,55.73,0.001610597
EDO/BTC,1568596181449,2019-09-16T01:09:41.449Z,sell,2.89e-05,137.39,0.003970571
EDO/BTC,1568596181653,2019-09-16T01:09:41.653Z,sell,2.89e-05,193.05,0.005579145
EDO/BTC,1568596181687,2019-09-16T01:09:41.687Z,sell,2.89e-05,137.32,0.003968548
EDO/BTC,1568596181752,2019-09-16T01:09:41.752Z,buy,2.86e-05,118.63,0.003392818
EDO/BTC,1568596181752,2019-09-16T01:09:41.752Z,buy,2.89e-05,182.77,0.005282053
EDO/BTC,1568596182774,2019-09-16T01:09:42.774Z,buy,2.88e-05,51.72,0.0014895359999999
EDO/BTC,1568596184244,2019-09-16T01:09:44.244Z,sell,2.85e-05,763.33,0.021754905
EDO/BTC,1568596185257,2019-09-16T01:09:45.257Z,buy,2.87e-05,3.72,0.000106764
EDO/BTC,1568596188356,2019-09-16T01:09:48.356Z,sell,2.85e-05,351.0,0.0100035
EDO/BTC,1568596189615,2019-09-16T01:09:49.615Z,buy,2.86e-05,133.33,0.003813238
EDO/BTC,1568596194298,2019-09-16T01:09:54.298Z,buy,2.87e-05,586.19,0.016823653
EDO/BTC,1568596197160,2019-09-16T01:09:57.160Z,buy,2.86e-05,233.01,0.006664086
EDO/BTC,1568596198619,2019-09-16T01:09:58.619Z,buy,2.86e-05,358.9,0.0102645399999999
EDO/BTC,1568596201319,2019-09-16T01:10:01.319Z,buy,2.87e-05,6.58,0.000188846
EDO/BTC,1568596201346,2019-09-16T01:10:01.346Z,buy,2.87e-05,394.71,0.011328177
EDO/BTC,1568596202975,2019-09-16T01:10:02.975Z,buy,2.87e-05,208.98,0.0059977259999999
EDO/BTC,1568596248597,2019-09-16T01:10:48.597Z,buy,2.87e-05,217.37,0.006238519
EDO/BTC,1568596257456,2019-09-16T01:10:57.456Z,buy,2.87e-05,195.64,0.0056148679999999
EDO/BTC,1568596263446,2019-09-16T01:11:03.446Z,sell,2.86e-05,77.7,0.00222222
EDO/BTC,1568596263448,2019-09-16T01:11:03.448Z,sell,2.86e-05,20.84,0.000596024
EDO/BTC,1568596314870,2019-09-16T01:11:54.870Z,sell,2.86e-05,56.86,0.001626196
EDO/BTC,1568596314990,2019-09-16T01:11:54.990Z,sell,2.86e-05,77.7,0.00222222
EDO/BTC,1568596315087,2019-09-16T01:11:55.087Z,sell,2.86e-05,77.7,0.00222222
EDO/BTC,1568596315194,2019-09-16T01:11:55.194Z,sell,2.86e-05,77.7,0.00222222
EDO/BTC,1568596315282,2019-09-16T01:11:55.282Z,sell,2.86e-05,9.19,0.000262834
EDO/BTC,1568596481775,2019-09-16T01:14:41.775Z,sell,2.86e-05,116.74,0.003338764
EDO/BTC,1568596482015,2019-09-16T01:14:42.015Z,sell,2.86e-05,184.87,0.005287282
EDO/BTC,1568596546631,2019-09-16T01:15:46.631Z,buy,2.86e-05,6.59,0.000188474
EDO/BTC,1568596719165,2019-09-16T01:18:39.165Z,buy,2.86e-05,300.0,0.00858
EDO/BTC,1568596729776,2019-09-16T01:18:49.776Z,buy,2.86e-05,44.78,0.001280708
EDO/BTC,1568596762413,2019-09-16T01:19:22.413Z,buy,2.87e-05,300.0,0.00861
EDO/BTC,1568596973082,2019-09-16T01:22:53.082Z,buy,2.87e-05,250.0,0.007175
EDO/BTC,1568597463684,2019-09-16T01:31:03.684Z,buy,2.87e-05,1.0,2.87e-05
EDO/BTC,1568597463684,2019-09-16T01:31:03.684Z,buy,2.87e-05,1.0,2.87e-05
EDO/BTC,1568597963586,2019-09-16T01:39:23.586Z,buy,2.87e-05,300.0,0.00861
EDO/BTC,1568597991651,2019-09-16T01:39:51.651Z,buy,2.87e-05,300.0,0.00861
EDO/BTC,1568598007302,2019-09-16T01:40:07.302Z,buy,2.87e-05,43.13,0.001237831
EDO/BTC,1568598012643,2019-09-16T01:40:12.643Z,buy,2.88e-05,6.86,0.000197568
EDO/BTC,1568598062283,2019-09-16T01:41:02.283Z,buy,2.88e-05,1.07,3.0816e-05
EDO/BTC,1568599300891,2019-09-16T02:01:40.891Z,sell,2.87e-05,4.44,0.000127428
EDO/BTC,1568600984030,2019-09-16T02:29:44.030Z,sell,2.87e-05,3.49,0.000100163
EDO/BTC,1568600984030,2019-09-16T02:29:44.030Z,sell,2.87e-05,3.49,0.000100163
EDO/BTC,1568601621349,2019-09-16T02:40:21.349Z,buy,2.87e-05,4.99,0.000143213
EDO/BTC,1568602030506,2019-09-16T02:47:10.506Z,buy,2.88e-05,200.0,0.0057599999999999
EDO/BTC,1568602097037,2019-09-16T02:48:17.037Z,buy,2.88e-05,1200.0,0.03456
EDO/BTC,1568602359749,2019-09-16T02:52:39.749Z,buy,2.88e-05,347.22,0.009999936
EDO/BTC,1568602956427,2019-09-16T03:02:36.427Z,buy,2.88e-05,1.23,3.5424e-05
EDO/BTC,1568603104976,2019-09-16T03:05:04.976Z,buy,2.88e-05,47.93,0.001380384
EDO/BTC,1568603355574,2019-09-16T03:09:15.574Z,buy,2.88e-05,15.0,0.000432
EDO/BTC,1568603355574,2019-09-16T03:09:15.574Z,buy,2.88e-05,15.0,0.000432
EDO/BTC,1568605064716,2019-09-16T03:37:44.716Z,buy,2.88e-05,354.78,0.010217664
EDO/BTC,1568605064716,2019-09-16T03:37:44.716Z,buy,2.88e-05,354.78,0.010217664
EDO/BTC,1568607018558,2019-09-16T04:10:18.558Z,buy,2.89e-05,22.08,0.0006381119999999
EDO/BTC,1568607018558,2019-09-16T04:10:18.558Z,buy,2.9e-05,323.94,0.00939426
EDO/BTC,1568607064413,2019-09-16T04:11:04.413Z,buy,2.9e-05,34.27,0.00099383
EDO/BTC,1568607209141,2019-09-16T04:13:29.141Z,buy,2.9e-05,150.0,0.00435
EDO/BTC,1568607238093,2019-09-16T04:13:58.093Z,buy,2.9e-05,344.82,0.00999978
EDO/BTC,1568607247994,2019-09-16T04:14:07.994Z,buy,2.9e-05,171.0,0.004959
EDO/BTC,1568607337518,2019-09-16T04:15:37.518Z,buy,2.9e-05,869.63,0.02521927
EDO/BTC,1568607337573,2019-09-16T04:15:37.573Z,sell,2.9e-05,0.37,1.073e-05
EDO/BTC,1568607370187,2019-09-16T04:16:10.187Z,buy,2.9e-05,357.74,0.01037446
EDO/BTC,1568607951576,2019-09-16T04:25:51.576Z,buy,2.91e-05,34.48,0.001003368
EDO/BTC,1568608098719,2019-09-16T04:28:18.719Z,sell,2.9e-05,33.26,0.00096454
EDO/BTC,1568608098719,2019-09-16T04:28:18.719Z,sell,2.88e-05,88.57,0.0025508159999999
EDO/BTC,1568608098719,2019-09-16T04:28:18.719Z,sell,2.9e-05,33.26,0.00096454
EDO/BTC,1568608098719,2019-09-16T04:28:18.719Z,sell,2.88e-05,88.57,0.0025508159999999
EDO/BTC,1568609019332,2019-09-16T04:43:39.332Z,sell,2.89e-05,34.48,0.000996472
EDO/BTC,1568610222361,2019-09-16T05:03:42.361Z,sell,2.89e-05,44.51,0.001286339
EDO/BTC,1568610222361,2019-09-16T05:03:42.361Z,sell,2.88e-05,1873.56,0.053958528
EDO/BTC,1568610922756,2019-09-16T05:15:22.756Z,sell,2.88e-05,5.54,0.000159552
EDO/BTC,1568611071819,2019-09-16T05:17:51.819Z,buy,2.89e-05,250.0,0.007225
EDO/BTC,1568611071922,2019-09-16T05:17:51.922Z,buy,2.89e-05,681.65,0.019699685
EDO/BTC,1568611151932,2019-09-16T05:19:11.932Z,buy,2.89e-05,342.71,0.009904319
EDO/BTC,1568611151932,2019-09-16T05:19:11.932Z,buy,2.89e-05,342.71,0.009904319
EDO/BTC,1568611782069,2019-09-16T05:29:42.069Z,sell,2.89e-05,335.31,0.009690459
EDO/BTC,1568611782069,2019-09-16T05:29:42.069Z,sell,2.88e-05,1376.69,0.039648672
EDO/BTC,1568611799502,2019-09-16T05:29:59.502Z,sell,2.88e-05,1722.43,0.049605984
EDO/BTC,1568611852099,2019-09-16T05:30:52.099Z,sell,2.88e-05,1724.85,0.0496756799999999
EDO/BTC,1568611856233,2019-09-16T05:30:56.233Z,sell,2.88e-05,38.42,0.001106496
EDO/BTC,1568612311511,2019-09-16T05:38:31.511Z,sell,2.88e-05,65.07,0.0018740159999999
EDO/BTC,1568612311776,2019-09-16T05:38:31.776Z,buy,2.89e-05,22.0,0.0006358
EDO/BTC,1568612311776,2019-09-16T05:38:31.776Z,buy,2.9e-05,228.0,0.006612
EDO/BTC,1568612311893,2019-09-16T05:38:31.893Z,sell,2.88e-05,81.52,0.0023477759999999
EDO/BTC,1568612312041,2019-09-16T05:38:32.041Z,buy,2.9e-05,220.41,0.00639189
EDO/BTC,1568612312160,2019-09-16T05:38:32.160Z,sell,2.88e-05,65.07,0.0018740159999999
EDO/BTC,1568612312588,2019-09-16T05:38:32.588Z,buy,2.9e-05,144.22,0.00418238
EDO/BTC,1568612325209,2019-09-16T05:38:45.209Z,buy,2.9e-05,1274.8,0.0369692
EDO/BTC,1568612362993,2019-09-16T05:39:22.993Z,buy,2.9e-05,110.38,0.0032010199999999
EDO/BTC,1568612565519,2019-09-16T05:42:45.519Z,buy,2.9e-05,250.0,0.00725
EDO/BTC,1568612565864,2019-09-16T05:42:45.864Z,buy,2.9e-05,78.93,0.00228897
EDO/BTC,1568612565864,2019-09-16T05:42:45.864Z,buy,2.91e-05,42.87,0.0012475169999999
EDO/BTC,1568612661100,2019-09-16T05:44:21.100Z,buy,2.9e-05,872.44,0.02530076
EDO/BTC,1568613143531,2019-09-16T05:52:23.531Z,sell,2.88e-05,2598.65,0.07484112
EDO/BTC,1568613143704,2019-09-16T05:52:23.704Z,buy,2.9e-05,1.21,3.509e-05
EDO/BTC,1568613335220,2019-09-16T05:55:35.220Z,sell,2.88e-05,262.0,0.0075455999999999
EDO/BTC,1568613981405,2019-09-16T06:06:21.405Z,buy,2.88e-05,6.85,0.0001972799999999
EDO/BTC,1568614585799,2019-09-16T06:16:25.799Z,sell,2.87e-05,121.65,0.003491355
EDO/BTC,1568614647562,2019-09-16T06:17:27.562Z,sell,2.87e-05,29.57,0.000848659
EDO/BTC,1568614647562,2019-09-16T06:17:27.562Z,sell,2.87e-05,29.57,0.000848659
EDO/BTC,1568615092871,2019-09-16T06:24:52.871Z,sell,2.87e-05,703.82,0.020199634
EDO/BTC,1568615102635,2019-09-16T06:25:02.635Z,sell,2.87e-05,48.48,0.001391376
EDO/BTC,1568615102635,2019-09-16T06:25:02.635Z,sell,2.86e-05,655.34,0.018742724
EDO/BTC,1568616575724,2019-09-16T06:49:35.724Z,sell,2.86e-05,2296.36,0.065675896
EDO/BTC,1568617455018,2019-09-16T07:04:15.018Z,buy,2.89e-05,5940.69,0.171685941
EDO/BTC,1568617895849,2019-09-16T07:11:35.849Z,sell,2.88e-05,1216.13,0.035024544
EDO/BTC,1568617895849,2019-09-16T07:11:35.849Z,sell,2.87e-05,346.66,0.009949142
EDO/BTC,1568617895849,2019-09-16T07:11:35.849Z,sell,2.86e-05,337.0,0.0096382
EDO/BTC,1568617895849,2019-09-16T07:11:35.849Z,sell,2.85e-05,2414.71,0.068819235
EDO/BTC,1568617895849,2019-09-16T07:11:35.849Z,sell,2.85e-05,631.6,0.0180006
EDO/BTC,1568618103261,2019-09-16T07:15:03.261Z,sell,2.85e-05,789.48,0.02250018
EDO/BTC,1568618103261,2019-09-16T07:15:03.261Z,sell,2.85e-05,789.48,0.02250018
EDO/BTC,1568618450419,2019-09-16T07:20:50.419Z,sell,2.86e-05,27.91,0.000798226
EDO/BTC,1568618546728,2019-09-16T07:22:26.728Z,sell,2.86e-05,350.26,0.010017436
EDO/BTC,1568618546945,2019-09-16T07:22:26.945Z,sell,2.86e-05,350.26,0.010017436
EDO/BTC,1568618547110,2019-09-16T07:22:27.110Z,sell,2.86e-05,350.26,0.010017436
EDO/BTC,1568618547146,2019-09-16T07:22:27.146Z,sell,2.86e-05,316.85,0.00906191
EDO/BTC,1568618600022,2019-09-16T07:23:20.022Z,sell,2.85e-05,191.79,0.005466015
EDO/BTC,1568618741477,2019-09-16T07:25:41.477Z,sell,2.85e-05,176.4,0.0050274
EDO/BTC,1568618887467,2019-09-16T07:28:07.467Z,sell,2.85e-05,4.16,0.00011856
EDO/BTC,1568619297228,2019-09-16T07:34:57.228Z,buy,2.86e-05,450.8,0.01289288
EDO/BTC,1568619333413,2019-09-16T07:35:33.413Z,buy,2.88e-05,1331.21,0.038338848
EDO/BTC,1568619347402,2019-09-16T07:35:47.402Z,buy,2.88e-05,764.95,0.02203056
EDO/BTC,1568619438278,2019-09-16T07:37:18.278Z,buy,2.88e-05,3.5,0.0001008
EDO/BTC,1568619471051,2019-09-16T07:37:51.051Z,buy,2.89e-05,684.45,0.019780605
EDO/BTC,1568619483995,2019-09-16T07:38:03.995Z,buy,2.89e-05,126.45,0.003654405
EDO/BTC,1568619582135,2019-09-16T07:39:42.135Z,buy,2.89e-05,3.49,0.000100861
EDO/BTC,1568619708788,2019-09-16T07:41:48.788Z,buy,2.89e-05,143.38,0.004143682
EDO/BTC,1568620089022,2019-09-16T07:48:09.022Z,sell,2.89e-05,3.48,0.000100572
EDO/BTC,1568620090072,2019-09-16T07:48:10.072Z,buy,2.9e-05,1.14,3.306e-05
EDO/BTC,1568620090138,2019-09-16T07:48:10.138Z,sell,2.89e-05,4.45,0.000128605
EDO/BTC,1568620578176,2019-09-16T07:56:18.176Z,buy,2.9e-05,1.2,3.48e-05
EDO/BTC,1568620584170,2019-09-16T07:56:24.170Z,sell,2.89e-05,6.85,0.000197965
EDO/BTC,1568620961670,2019-09-16T08:02:41.670Z,buy,2.9e-05,1191.56,0.03455524
EDO/BTC,1568621640295,2019-09-16T08:14:00.295Z,buy,2.9e-05,521.78,0.01513162
EDO/BTC,1568621640295,2019-09-16T08:14:00.295Z,buy,2.9e-05,521.78,0.01513162
EDO/BTC,1568621870174,2019-09-16T08:17:50.174Z,buy,2.91e-05,134.12,0.003902892
EDO/BTC,1568622544354,2019-09-16T08:29:04.354Z,sell,2.9e-05,581.34,0.01685886
EDO/BTC,1568622544354,2019-09-16T08:29:04.354Z,sell,2.89e-05,560.05,0.016185445
EDO/BTC,1568622544354,2019-09-16T08:29:04.354Z,sell,2.88e-05,258.61,0.007447968
EDO/BTC,1568622668055,2019-09-16T08:31:08.055Z,buy,2.91e-05,6.94,0.000201954
EDO/BTC,1568622738342,2019-09-16T08:32:18.342Z,buy,2.91e-05,6.94,0.000201954
EDO/BTC,1568623190894,2019-09-16T08:39:50.894Z,buy,2.91e-05,75.0,0.0021825
EDO/BTC,1568623820078,2019-09-16T08:50:20.078Z,sell,2.9e-05,127.02,0.00368358
EDO/BTC,1568623859981,2019-09-16T08:50:59.981Z,sell,2.9e-05,202.3,0.0058667
EDO/BTC,1568623874116,2019-09-16T08:51:14.116Z,sell,2.89e-05,117.07,0.003383323
EDO/BTC,1568623874116,2019-09-16T08:51:14.116Z,sell,2.88e-05,324.63,0.0093493439999999
EDO/BTC,1568624795716,2019-09-16T09:06:35.716Z,buy,2.91e-05,250.0,0.007275
EDO/BTC,1568624795716,2019-09-16T09:06:35.716Z,buy,2.91e-05,250.0,0.007275
EDO/BTC,1568626421554,2019-09-16T09:33:41.554Z,buy,2.91e-05,1277.6,0.0371781599999999
EDO/BTC,1568626421701,2019-09-16T09:33:41.701Z,sell,2.91e-05,130.0,0.003783
EDO/BTC,1568627011139,2019-09-16T09:43:31.139Z,sell,2.91e-05,1592.4,0.04633884
EDO/BTC,1568627122762,2019-09-16T09:45:22.762Z,sell,2.9e-05,22.67,0.00065743
EDO/BTC,1568627137520,2019-09-16T09:45:37.520Z,sell,2.89e-05,121.04,0.003498056
EDO/BTC,1568627665042,2019-09-16T09:54:25.042Z,sell,2.89e-05,320.29,0.009256381
EDO/BTC,1568627665042,2019-09-16T09:54:25.042Z,sell,2.89e-05,320.29,0.009256381
EDO/BTC,1568628907216,2019-09-16T10:15:07.216Z,sell,2.89e-05,9.8,0.00028322
EDO/BTC,1568628950506,2019-09-16T10:15:50.506Z,sell,2.89e-05,173.38,0.005010682
EDO/BTC,1568628950506,2019-09-16T10:15:50.506Z,sell,2.88e-05,689.54,0.0198587519999999
EDO/BTC,1568628973887,2019-09-16T10:16:13.887Z,sell,2.88e-05,1802.44,0.051910272
EDO/BTC,1568629840245,2019-09-16T10:30:40.245Z,sell,2.88e-05,3.48,0.000100224
EDO/BTC,1568629840245,2019-09-16T10:30:40.245Z,sell,2.86e-05,3.46,9.8956e-05
EDO/BTC,1568629841796,2019-09-16T10:30:41.796Z,sell,2.86e-05,6.94,0.000198484
EDO/BTC,1568630621082,2019-09-16T10:43:41.082Z,sell,2.87e-05,3.98,0.000114226
EDO/BTC,1568630641217,2019-09-16T10:44:01.217Z,sell,2.86e-05,368.34,0.010534524
EDO/BTC,1568631257059,2019-09-16T10:54:17.059Z,buy,2.88e-05,75.03,0.0021608639999999
EDO/BTC,1568631257059,2019-09-16T10:54:17.059Z,buy,2.88e-05,75.03,0.0021608639999999
EDO/BTC,1568631328179,2019-09-16T10:55:28.179Z,buy,2.88e-05,3.5,0.0001008
EDO/BTC,1568631506833,2019-09-16T10:58:26.833Z,buy,2.89e-05,1145.57,0.033106973
EDO/BTC,1568632580578,2019-09-16T11:16:20.578Z,sell,2.87e-05,67.07,0.0019249089999999
EDO/BTC,1568632580578,2019-09-16T11:16:20.578Z,sell,2.86e-05,3.26,9.3236e-05
EDO/BTC,1568633038226,2019-09-16T11:23:58.226Z,sell,2.86e-05,50.0,0.00143
EDO/BTC,1568633097927,2019-09-16T11:24:57.927Z,buy,2.87e-05,700.0,0.02009
EDO/BTC,1568633097927,2019-09-16T11:24:57.927Z,buy,2.88e-05,300.0,0.00864
EDO/BTC,1568633121103,2019-09-16T11:25:21.103Z,sell,2.86e-05,74.85,0.00214071
EDO/BTC,1568634002390,2019-09-16T11:40:02.390Z,sell,2.86e-05,3.21,9.1806e-05
EDO/BTC,1568634002390,2019-09-16T11:40:02.390Z,sell,2.84e-05,56.78,0.001612552
EDO/BTC,1568634002390,2019-09-16T11:40:02.390Z,sell,2.86e-05,3.21,9.1806e-05
EDO/BTC,1568634002390,2019-09-16T11:40:02.390Z,sell,2.84e-05,56.78,0.001612552
EDO/BTC,1568635247837,2019-09-16T12:00:47.837Z,buy,2.87e-05,378.13,0.010852331
EDO/BTC,1568635247837,2019-09-16T12:00:47.837Z,buy,2.88e-05,3046.52,0.0877397759999999
EDO/BTC,1568635513824,2019-09-16T12:05:13.824Z,sell,2.88e-05,125.15,0.00360432
EDO/BTC,1568635513824,2019-09-16T12:05:13.824Z,sell,2.87e-05,302.01,0.008667687
EDO/BTC,1568636629928,2019-09-16T12:23:49.928Z,sell,2.86e-05,34.97,0.001000142
EDO/BTC,1568636645424,2019-09-16T12:24:05.424Z,sell,2.86e-05,34.97,0.001000142
EDO/BTC,1568636665345,2019-09-16T12:24:25.345Z,sell,2.86e-05,38.47,0.001100242
EDO/BTC,1568636672869,2019-09-16T12:24:32.869Z,sell,2.86e-05,29.35,0.00083941
EDO/BTC,1568636710840,2019-09-16T12:25:10.840Z,sell,2.85e-05,2278.66,0.06494181
EDO/BTC,1568636717891,2019-09-16T12:25:17.891Z,sell,2.85e-05,1139.33,0.032470905
EDO/BTC,1568636725272,2019-09-16T12:25:25.272Z,sell,2.85e-05,116.04,0.00330714
EDO/BTC,1568636792473,2019-09-16T12:26:32.473Z,sell,2.84e-05,1023.3,0.02906172
EDO/BTC,1568636989390,2019-09-16T12:29:49.390Z,sell,2.84e-05,133.98,0.0038050319999999
EDO/BTC,1568637003296,2019-09-16T12:30:03.296Z,sell,2.84e-05,116.65,0.00331286
EDO/BTC,1568637003296,2019-09-16T12:30:03.296Z,sell,2.83e-05,935.98,0.026488234
EDO/BTC,1568637045492,2019-09-16T12:30:45.492Z,buy,2.86e-05,7.06,0.0002019159999999
EDO/BTC,1568637057874,2019-09-16T12:30:57.874Z,buy,2.86e-05,7.06,0.0002019159999999
EDO/BTC,1568637138688,2019-09-16T12:32:18.688Z,sell,2.83e-05,85.33,0.002414839
EDO/BTC,1568637146985,2019-09-16T12:32:26.985Z,buy,2.86e-05,1279.02,0.036579972
EDO/BTC,1568637146985,2019-09-16T12:32:26.985Z,buy,2.88e-05,42.21,0.001215648
EDO/BTC,1568637146985,2019-09-16T12:32:26.985Z,buy,2.89e-05,1310.75,0.037880675
EDO/BTC,1568637146985,2019-09-16T12:32:26.985Z,buy,2.9e-05,378.19,0.01096751
EDO/BTC,1568637146985,2019-09-16T12:32:26.985Z,buy,2.91e-05,100.82,0.0029338619999999
EDO/BTC,1568637146985,2019-09-16T12:32:26.985Z,buy,2.92e-05,647.67,0.018911964
EDO/BTC,1568637146985,2019-09-16T12:32:26.985Z,buy,2.93e-05,217.58,0.006375094
EDO/BTC,1568637146985,2019-09-16T12:32:26.985Z,buy,2.94e-05,8878.93,0.261040542
EDO/BTC,1568637146985,2019-09-16T12:32:26.985Z,buy,2.95e-05,7483.81,0.220772395
EDO/BTC,1568637147492,2019-09-16T12:32:27.492Z,sell,2.88e-05,250.0,0.0072
EDO/BTC,1568637149511,2019-09-16T12:32:29.511Z,sell,2.89e-05,201.46,0.005822194
EDO/BTC,1568637185025,2019-09-16T12:33:05.025Z,sell,2.88e-05,50.66,0.001459008
EDO/BTC,1568637298753,2019-09-16T12:34:58.753Z,buy,2.9e-05,472.91,0.01371439
EDO/BTC,1568637319454,2019-09-16T12:35:19.454Z,sell,2.88e-05,113.3,0.0032630399999999
EDO/BTC,1568637327467,2019-09-16T12:35:27.467Z,buy,2.89e-05,18.0,0.0005202
EDO/BTC,1568637327692,2019-09-16T12:35:27.692Z,buy,2.89e-05,204.0,0.0058956
EDO/BTC,1568637329423,2019-09-16T12:35:29.423Z,buy,2.89e-05,132.73,0.003835897
EDO/BTC,1568637329423,2019-09-16T12:35:29.423Z,buy,2.9e-05,3.53,0.00010237
EDO/BTC,1568637330728,2019-09-16T12:35:30.728Z,buy,2.91e-05,22.71,0.000660861
EDO/BTC,1568637330728,2019-09-16T12:35:30.728Z,buy,2.94e-05,81.29,0.002389926
EDO/BTC,1568637335860,2019-09-16T12:35:35.860Z,sell,2.9e-05,136.26,0.00395154
EDO/BTC,1568637380145,2019-09-16T12:36:20.145Z,sell,2.88e-05,304.0,0.0087552
EDO/BTC,1568637423062,2019-09-16T12:37:03.062Z,buy,2.89e-05,206.73,0.005974497
EDO/BTC,1568637579678,2019-09-16T12:39:39.678Z,buy,2.9e-05,270.82,0.00785378
EDO/BTC,1568637588393,2019-09-16T12:39:48.393Z,sell,2.9e-05,1733.46,0.05027034
EDO/BTC,1568637599460,2019-09-16T12:39:59.460Z,sell,2.9e-05,1736.41,0.05035589
EDO/BTC,1568637599460,2019-09-16T12:39:59.460Z,sell,2.9e-05,1736.41,0.05035589
EDO/BTC,1568637699853,2019-09-16T12:41:39.853Z,sell,2.9e-05,5000.9,0.1450261
EDO/BTC,1568637834910,2019-09-16T12:43:54.910Z,sell,2.9e-05,70.67,0.00204943
EDO/BTC,1568638255241,2019-09-16T12:50:55.241Z,sell,2.9e-05,8499.39,0.2464823099999999
EDO/BTC,1568638372557,2019-09-16T12:52:52.557Z,sell,2.9e-05,22.63,0.0006562699999999
EDO/BTC,1568638527271,2019-09-16T12:55:27.271Z,sell,2.89e-05,1130.2,0.03266278
EDO/BTC,1568638527271,2019-09-16T12:55:27.271Z,sell,2.88e-05,596.91,0.0171910079999999
EDO/BTC,1568638551444,2019-09-16T12:55:51.444Z,sell,2.89e-05,69.0,0.0019941
EDO/BTC,1568638551444,2019-09-16T12:55:51.444Z,sell,2.88e-05,184.69,0.0053190719999999
EDO/BTC,1568638551444,2019-09-16T12:55:51.444Z,sell,2.87e-05,218.74,0.006277838
EDO/BTC,1568638850415,2019-09-16T13:00:50.415Z,sell,2.87e-05,71.93,0.002064391
EDO/BTC,1568639087884,2019-09-16T13:04:47.884Z,sell,2.87e-05,916.69,0.026309003
EDO/BTC,1568639348150,2019-09-16T13:09:08.150Z,buy,2.91e-05,1203.04,0.0350084639999999
EDO/BTC,1568639369626,2019-09-16T13:09:29.626Z,sell,2.87e-05,445.24,0.012778388
EDO/BTC,1568639740700,2019-09-16T13:15:40.700Z,sell,2.87e-05,22.63,0.0006494809999999
EDO/BTC,1568640125091,2019-09-16T13:22:05.091Z,buy,2.91e-05,256.0,0.0074496
EDO/BTC,1568640258599,2019-09-16T13:24:18.599Z,sell,2.9e-05,42.31,0.00122699
EDO/BTC,1568640258599,2019-09-16T13:24:18.599Z,sell,2.88e-05,345.13,0.0099397439999999
EDO/BTC,1568640258599,2019-09-16T13:24:18.599Z,sell,2.87e-05,496.05,0.014236635
EDO/BTC,1568640358225,2019-09-16T13:25:58.225Z,sell,2.87e-05,1662.62,0.047717194
EDO/BTC,1568640358225,2019-09-16T13:25:58.225Z,sell,2.87e-05,1662.62,0.047717194
EDO/BTC,1568642031897,2019-09-16T13:53:51.897Z,sell,2.86e-05,55.62,0.0015907319999999
EDO/BTC,1568642057943,2019-09-16T13:54:17.943Z,sell,2.86e-05,85.33,0.002440438
EDO/BTC,1568642791150,2019-09-16T14:06:31.150Z,buy,2.88e-05,62.27,0.001793376
EDO/BTC,1568642807366,2019-09-16T14:06:47.366Z,buy,2.89e-05,74.98,0.002166922
EDO/BTC,1568643139571,2019-09-16T14:12:19.571Z,buy,2.89e-05,1.24,3.5836e-05
EDO/BTC,1568643639355,2019-09-16T14:20:39.355Z,sell,2.87e-05,7.06,0.0002026219999999
EDO/BTC,1568643639715,2019-09-16T14:20:39.715Z,sell,2.87e-05,7.06,0.0002026219999999
EDO/BTC,1568643652528,2019-09-16T14:20:52.528Z,buy,2.89e-05,452.04,0.013063956
EDO/BTC,1568643652528,2019-09-16T14:20:52.528Z,buy,2.89e-05,452.04,0.013063956
EDO/BTC,1568643987062,2019-09-16T14:26:27.062Z,buy,2.89e-05,131.26,0.0037934139999999
EDO/BTC,1568643989044,2019-09-16T14:26:29.044Z,sell,2.89e-05,3.48,0.000100572
EDO/BTC,1568644088205,2019-09-16T14:28:08.205Z,sell,2.89e-05,3.48,0.000100572
EDO/BTC,1568644289867,2019-09-16T14:31:29.867Z,sell,2.89e-05,500.0,0.01445
EDO/BTC,1568644483282,2019-09-16T14:34:43.282Z,sell,2.89e-05,302.28,0.008735892
EDO/BTC,1568644483341,2019-09-16T14:34:43.341Z,buy,2.89e-05,12.87,0.000371943
EDO/BTC,1568644510749,2019-09-16T14:35:10.749Z,sell,2.88e-05,136.43,0.003929184
EDO/BTC,1568644552367,2019-09-16T14:35:52.367Z,sell,2.88e-05,1300.0,0.03744
EDO/BTC,1568644695886,2019-09-16T14:38:15.886Z,sell,2.88e-05,9.39,0.000270432
EDO/BTC,1568645758075,2019-09-16T14:55:58.075Z,sell,2.87e-05,4.16,0.000119392
EDO/BTC,1568646649086,2019-09-16T15:10:49.086Z,buy,2.88e-05,6.96,0.000200448
EDO/BTC,1568646691007,2019-09-16T15:11:31.007Z,buy,2.88e-05,6.96,0.000200448
EDO/BTC,1568646713517,2019-09-16T15:11:53.517Z,buy,2.88e-05,35.25,0.0010152
EDO/BTC,1568646763637,2019-09-16T15:12:43.637Z,buy,2.89e-05,45.02,0.001301078
EDO/BTC,1568646763637,2019-09-16T15:12:43.637Z,buy,2.89e-05,45.02,0.001301078
EDO/BTC,1568648334924,2019-09-16T15:38:54.924Z,sell,2.88e-05,90.04,0.002593152
EDO/BTC,1568648334924,2019-09-16T15:38:54.924Z,sell,2.87e-05,28.43,0.0008159409999999
EDO/BTC,1568649504464,2019-09-16T15:58:24.464Z,sell,2.88e-05,75.0,0.00216
EDO/BTC,1568650174356,2019-09-16T16:09:34.356Z,sell,2.88e-05,61.2,0.00176256
EDO/BTC,1568650174356,2019-09-16T16:09:34.356Z,sell,2.88e-05,61.2,0.00176256
EDO/BTC,1568650424514,2019-09-16T16:13:44.514Z,buy,2.9e-05,46.78,0.00135662
EDO/BTC,1568650424514,2019-09-16T16:13:44.514Z,buy,2.91e-05,563.91,0.016409781
EDO/BTC,1568650461140,2019-09-16T16:14:21.140Z,buy,2.91e-05,3.48,0.000101268
EDO/BTC,1568650508269,2019-09-16T16:15:08.269Z,sell,2.91e-05,0.99,2.8809e-05
EDO/BTC,1568651545649,2019-09-16T16:32:25.649Z,sell,2.89e-05,1370.27,0.039600803
EDO/BTC,1568651545649,2019-09-16T16:32:25.649Z,sell,2.88e-05,3553.67,0.102345696
EDO/BTC,1568651545649,2019-09-16T16:32:25.649Z,sell,2.87e-05,3780.02,0.108486574
EDO/BTC,1568651588293,2019-09-16T16:33:08.293Z,buy,2.88e-05,3.48,0.000100224
EDO/BTC,1568651642679,2019-09-16T16:34:02.679Z,buy,2.88e-05,156.25,0.0045
EDO/BTC,1568652164568,2019-09-16T16:42:44.568Z,buy,2.88e-05,116.28,0.003348864
EDO/BTC,1568652189855,2019-09-16T16:43:09.855Z,sell,2.87e-05,115.69,0.0033203029999999
EDO/BTC,1568652888004,2019-09-16T16:54:48.004Z,buy,2.88e-05,7.29,0.0002099519999999
EDO/BTC,1568652922915,2019-09-16T16:55:22.915Z,buy,2.88e-05,7.25,0.0002087999999999
EDO/BTC,1568652974844,2019-09-16T16:56:14.844Z,buy,2.88e-05,189.89,0.0054688319999999
EDO/BTC,1568652976203,2019-09-16T16:56:16.203Z,buy,2.88e-05,54.4,0.00156672
EDO/BTC,1568652986373,2019-09-16T16:56:26.373Z,sell,2.88e-05,4.46,0.000128448
EDO/BTC,1568652995203,2019-09-16T16:56:35.203Z,buy,2.9e-05,117.24,0.00339996
EDO/BTC,1568653691640,2019-09-16T17:08:11.640Z,sell,2.89e-05,142.35,0.004113915
EDO/BTC,1568653691640,2019-09-16T17:08:11.640Z,sell,2.89e-05,142.35,0.004113915
EDO/BTC,1568653783468,2019-09-16T17:09:43.468Z,buy,2.89e-05,15.48,0.000447372
EDO/BTC,1568653972551,2019-09-16T17:12:52.551Z,buy,2.89e-05,136.71,0.003950919
EDO/BTC,1568654448990,2019-09-16T17:20:48.990Z,buy,2.89e-05,1605.46,0.046397794
EDO/BTC,1568654448990,2019-09-16T17:20:48.990Z,buy,2.9e-05,394.54,0.01144166
EDO/BTC,1568655865178,2019-09-16T17:44:25.178Z,sell,2.89e-05,34.13,0.000986357
EDO/BTC,1568656328969,2019-09-16T17:52:08.969Z,sell,2.89e-05,117.12,0.003384768
EDO/BTC,1568657191516,2019-09-16T18:06:31.516Z,buy,2.9e-05,36.99,0.00107271
EDO/BTC,1568657191516,2019-09-16T18:06:31.516Z,buy,2.9e-05,36.99,0.00107271
EDO/BTC,1568658133376,2019-09-16T18:22:13.376Z,buy,2.9e-05,192.15,0.00557235
EDO/BTC,1568658373872,2019-09-16T18:26:13.872Z,buy,2.91e-05,2.48,7.2168e-05
EDO/BTC,1568658373872,2019-09-16T18:26:13.872Z,buy,2.92e-05,19.56,0.000571152
EDO/BTC,1568658417091,2019-09-16T18:26:57.091Z,buy,2.92e-05,22.31,0.000651452
EDO/BTC,1568658442448,2019-09-16T18:27:22.448Z,buy,2.92e-05,4.44,0.000129648
EDO/BTC,1568658467993,2019-09-16T18:27:47.993Z,sell,2.9e-05,270.64,0.00784856
EDO/BTC,1568658467993,2019-09-16T18:27:47.993Z,sell,2.89e-05,1464.87,0.042334743
EDO/BTC,1568658564638,2019-09-16T18:29:24.638Z,buy,2.92e-05,38.61,0.001127412
EDO/BTC,1568658564638,2019-09-16T18:29:24.638Z,buy,2.92e-05,38.61,0.001127412
EDO/BTC,1568661803568,2019-09-16T19:23:23.568Z,buy,2.92e-05,101.57,0.002965844
EDO/BTC,1568661803568,2019-09-16T19:23:23.568Z,buy,2.92e-05,101.57,0.002965844
EDO/BTC,1568662810006,2019-09-16T19:40:10.006Z,buy,2.92e-05,134.56,0.003929152
EDO/BTC,1568663090175,2019-09-16T19:44:50.175Z,buy,2.92e-05,100.0,0.00292
EDO/BTC,1568663861483,2019-09-16T19:57:41.483Z,sell,2.89e-05,202.87,0.005862943
EDO/BTC,1568664228762,2019-09-16T20:03:48.762Z,sell,2.89e-05,199.6,0.00576844
EDO/BTC,1568664753740,2019-09-16T20:12:33.740Z,sell,2.89e-05,1618.86,0.046785054
EDO/BTC,1568664753740,2019-09-16T20:12:33.740Z,sell,2.88e-05,101.3,0.00291744
EDO/BTC,1568664753740,2019-09-16T20:12:33.740Z,sell,2.89e-05,1618.86,0.046785054
EDO/BTC,1568664753740,2019-09-16T20:12:33.740Z,sell,2.88e-05,101.3,0.00291744
EDO/BTC,1568665980991,2019-09-16T20:33:00.991Z,sell,2.88e-05,3.48,0.000100224
EDO/BTC,1568665981243,2019-09-16T20:33:01.243Z,buy,2.88e-05,500.0,0.0144
EDO/BTC,1568666174302,2019-09-16T20:36:14.302Z,buy,2.88e-05,98.56,0.002838528
EDO/BTC,1568666223482,2019-09-16T20:37:03.482Z,sell,2.87e-05,99.87,0.002866269
EDO/BTC,1568666769580,2019-09-16T20:46:09.580Z,buy,2.88e-05,51.85,0.00149328
EDO/BTC,1568666784221,2019-09-16T20:46:24.221Z,buy,2.88e-05,14.65,0.00042192
EDO/BTC,1568666830490,2019-09-16T20:47:10.490Z,buy,2.88e-05,6.69,0.000192672
EDO/BTC,1568666834067,2019-09-16T20:47:14.067Z,buy,2.88e-05,171.29,0.004933152
EDO/BTC,1568666835114,2019-09-16T20:47:15.114Z,buy,2.88e-05,20.65,0.00059472
EDO/BTC,1568666878104,2019-09-16T20:47:58.104Z,buy,2.88e-05,507.49,0.014615712
EDO/BTC,1568666883307,2019-09-16T20:48:03.307Z,sell,2.88e-05,101.08,0.002911104
EDO/BTC,1568666986620,2019-09-16T20:49:46.620Z,buy,2.89e-05,11.26,0.000325414
EDO/BTC,1568667297435,2019-09-16T20:54:57.435Z,sell,2.89e-05,940.5,0.02718045
EDO/BTC,1568667656842,2019-09-16T21:00:56.842Z,buy,2.9e-05,6.75,0.00019575
EDO/BTC,1568667836455,2019-09-16T21:03:56.455Z,sell,2.89e-05,6.71,0.000193919
EDO/BTC,1568667843545,2019-09-16T21:04:03.545Z,sell,2.89e-05,177.25,0.005122525
EDO/BTC,1568667843545,2019-09-16T21:04:03.545Z,sell,2.89e-05,177.25,0.005122525
EDO/BTC,1568669054128,2019-09-16T21:24:14.128Z,sell,2.87e-05,22.83,0.000655221
EDO/BTC,1568669114522,2019-09-16T21:25:14.522Z,sell,2.87e-05,380.11,0.010909157
EDO/BTC,1568669243890,2019-09-16T21:27:23.890Z,buy,2.88e-05,1850.93,0.053306784
EDO/BTC,1568669243890,2019-09-16T21:27:23.890Z,buy,2.89e-05,372.86,0.010775654
EDO/BTC,1568669243897,2019-09-16T21:27:23.897Z,buy,2.89e-05,5.29,0.000152881
EDO/BTC,1568669243901,2019-09-16T21:27:23.901Z,buy,2.9e-05,571.54,0.0165746599999999
EDO/BTC,1568669247019,2019-09-16T21:27:27.019Z,buy,2.9e-05,446.65,0.01295285
EDO/BTC,1568669247019,2019-09-16T21:27:27.019Z,buy,2.91e-05,933.31,0.0271593209999999
EDO/BTC,1568669247350,2019-09-16T21:27:27.350Z,buy,2.91e-05,85.76,0.002495616
EDO/BTC,1568669247364,2019-09-16T21:27:27.364Z,buy,2.91e-05,85.76,0.002495616
EDO/BTC,1568669247364,2019-09-16T21:27:27.364Z,buy,2.91e-05,85.76,0.002495616
EDO/BTC,1568669254231,2019-09-16T21:27:34.231Z,buy,2.91e-05,88.29,0.002569239
EDO/BTC,1568669254231,2019-09-16T21:27:34.231Z,buy,2.92e-05,119.95,0.00350254
EDO/BTC,1568669254276,2019-09-16T21:27:34.276Z,buy,2.92e-05,1735.0,0.050662
EDO/BTC,1568669254282,2019-09-16T21:27:34.282Z,buy,2.92e-05,325.1,0.00949292
EDO/BTC,1568669254505,2019-09-16T21:27:34.505Z,buy,2.92e-05,209.96,0.006130832
EDO/BTC,1568669254668,2019-09-16T21:27:34.668Z,buy,2.92e-05,41.76,0.001219392
EDO/BTC,1568669254784,2019-09-16T21:27:34.784Z,buy,2.92e-05,40.04,0.001169168
EDO/BTC,1568669256068,2019-09-16T21:27:36.068Z,buy,2.92e-05,209.1,0.00610572
EDO/BTC,1568669256115,2019-09-16T21:27:36.115Z,buy,2.92e-05,144.25,0.0042121
EDO/BTC,1568669256347,2019-09-16T21:27:36.347Z,buy,2.92e-05,105.75,0.0030879
EDO/BTC,1568669256383,2019-09-16T21:27:36.383Z,buy,2.92e-05,59.91,0.001749372
EDO/BTC,1568669256621,2019-09-16T21:27:36.621Z,buy,2.92e-05,108.62,0.003171704
EDO/BTC,1568669256660,2019-09-16T21:27:36.660Z,buy,2.92e-05,209.03,0.006103676
EDO/BTC,1568669257345,2019-09-16T21:27:37.345Z,buy,2.92e-05,102.98,0.003007016
EDO/BTC,1568669257376,2019-09-16T21:27:37.376Z,buy,2.92e-05,547.58,0.015989336
EDO/BTC,1568669258132,2019-09-16T21:27:38.132Z,buy,2.92e-05,67.02,0.001956984
EDO/BTC,1568669258444,2019-09-16T21:27:38.444Z,buy,2.92e-05,36.48,0.001065216
EDO/BTC,1568669260408,2019-09-16T21:27:40.408Z,buy,2.92e-05,5.95,0.00017374
EDO/BTC,1568669260448,2019-09-16T21:27:40.448Z,buy,2.92e-05,503.93,0.014714756
EDO/BTC,1568669260490,2019-09-16T21:27:40.490Z,buy,2.93e-05,198.2,0.00580726
EDO/BTC,1568669260490,2019-09-16T21:27:40.490Z,buy,2.93e-05,105.0,0.0030765
EDO/BTC,1568669262003,2019-09-16T21:27:42.003Z,sell,2.9e-05,351.0,0.010179
EDO/BTC,1568669264172,2019-09-16T21:27:44.172Z,buy,2.92e-05,351.0,0.0102492
EDO/BTC,1568669308366,2019-09-16T21:28:28.366Z,buy,2.93e-05,105.7,0.00309701
EDO/BTC,1568669443622,2019-09-16T21:30:43.622Z,sell,2.9e-05,783.68,0.02272672
EDO/BTC,1568669443622,2019-09-16T21:30:43.622Z,sell,2.89e-05,88.76,0.002565164
EDO/BTC,1568669867498,2019-09-16T21:37:47.498Z,buy,2.93e-05,345.24,0.010115532
EDO/BTC,1568669874129,2019-09-16T21:37:54.129Z,buy,2.93e-05,1000.0,0.0293
EDO/BTC,1568669891528,2019-09-16T21:38:11.528Z,buy,2.93e-05,990.0,0.029007
EDO/BTC,1568669898406,2019-09-16T21:38:18.406Z,buy,2.93e-05,3.47,0.000101671
EDO/BTC,1568669898406,2019-09-16T21:38:18.406Z,buy,2.94e-05,278.32,0.008182608
EDO/BTC,1568669898406,2019-09-16T21:38:18.406Z,buy,2.95e-05,718.21,0.021187195
EDO/BTC,1568669900666,2019-09-16T21:38:20.666Z,buy,2.95e-05,37.74,0.00111333
EDO/BTC,1568669997851,2019-09-16T21:39:57.851Z,buy,2.95e-05,54.4,0.0016048
EDO/BTC,1568669997871,2019-09-16T21:39:57.871Z,sell,2.95e-05,513.61,0.015151495
EDO/BTC,1568670011902,2019-09-16T21:40:11.902Z,buy,2.93e-05,20.7,0.00060651
EDO/BTC,1568670011973,2019-09-16T21:40:11.973Z,sell,2.92e-05,6.69,0.000195348
EDO/BTC,1568670019441,2019-09-16T21:40:19.441Z,sell,2.92e-05,797.13,0.023276196
EDO/BTC,1568670019441,2019-09-16T21:40:19.441Z,sell,2.9e-05,397.06,0.01151474
EDO/BTC,1568670586231,2019-09-16T21:49:46.231Z,sell,2.9e-05,371.83,0.0107830699999999
EDO/BTC,1568671408732,2019-09-16T22:03:28.732Z,buy,2.91e-05,10.39,0.000302349
EDO/BTC,1568671410212,2019-09-16T22:03:30.212Z,buy,2.91e-05,394.26,0.011472966
EDO/BTC,1568671410212,2019-09-16T22:03:30.212Z,buy,2.91e-05,394.26,0.011472966
EDO/BTC,1568671603725,2019-09-16T22:06:43.725Z,buy,2.93e-05,10.39,0.000304427
EDO/BTC,1568671603725,2019-09-16T22:06:43.725Z,buy,2.96e-05,196.35,0.00581196
EDO/BTC,1568671603725,2019-09-16T22:06:43.725Z,buy,2.97e-05,2.41,7.157700000000001e-05
EDO/BTC,1568671604060,2019-09-16T22:06:44.060Z,buy,2.96e-05,84.31,0.002495576
EDO/BTC,1568671604172,2019-09-16T22:06:44.172Z,buy,2.96e-05,84.31,0.002495576
EDO/BTC,1568671604228,2019-09-16T22:06:44.228Z,sell,2.93e-05,3.69,0.000108117
EDO/BTC,1568671806062,2019-09-16T22:10:06.062Z,sell,2.93e-05,175.0,0.0051275
EDO/BTC,1568671987489,2019-09-16T22:13:07.489Z,sell,2.93e-05,230.21,0.006745153
EDO/BTC,1568672101832,2019-09-16T22:15:01.832Z,sell,2.93e-05,34.13,0.001000009
EDO/BTC,1568672101945,2019-09-16T22:15:01.945Z,sell,2.93e-05,14.04,0.0004113719999999
EDO/BTC,1568672219456,2019-09-16T22:16:59.456Z,buy,2.95e-05,152.58,0.00450111
EDO/BTC,1568672223518,2019-09-16T22:17:03.518Z,buy,2.95e-05,37.11,0.0010947449999999
EDO/BTC,1568672228308,2019-09-16T22:17:08.308Z,buy,2.95e-05,9.28,0.0002737599999999
EDO/BTC,1568672549494,2019-09-16T22:22:29.494Z,buy,2.94e-05,50.0,0.00147
EDO/BTC,1568672549494,2019-09-16T22:22:29.494Z,sell,2.91e-05,62.34,0.001814094
EDO/BTC,1568672549494,2019-09-16T22:22:29.494Z,sell,2.9e-05,25.56,0.00074124
EDO/BTC,1568672889225,2019-09-16T22:28:09.225Z,buy,2.91e-05,36.27,0.001055457
EDO/BTC,1568672889225,2019-09-16T22:28:09.225Z,buy,2.94e-05,112.43,0.003305442
EDO/BTC,1568672889545,2019-09-16T22:28:09.545Z,buy,2.94e-05,28.7,0.0008437799999999
EDO/BTC,1568672895182,2019-09-16T22:28:15.182Z,buy,2.94e-05,97.3,0.00286062
EDO/BTC,1568672895303,2019-09-16T22:28:15.303Z,buy,2.94e-05,95.77,0.0028156379999999
EDO/BTC,1568672895514,2019-09-16T22:28:15.514Z,buy,2.94e-05,56.93,0.001673742
EDO/BTC,1568672895568,2019-09-16T22:28:15.568Z,buy,2.94e-05,10.66,0.000313404
EDO/BTC,1568673134532,2019-09-16T22:32:14.532Z,buy,2.93e-05,10.71,0.000313803
EDO/BTC,1568673134532,2019-09-16T22:32:14.532Z,buy,2.94e-05,192.75,0.00566685
EDO/BTC,1568673134575,2019-09-16T22:32:14.575Z,buy,2.94e-05,46.54,0.0013682759999999
EDO/BTC,1568673134813,2019-09-16T22:32:14.813Z,buy,2.94e-05,51.76,0.001521744
EDO/BTC,1568673134839,2019-09-16T22:32:14.839Z,buy,2.94e-05,208.58,0.006132252
EDO/BTC,1568673160984,2019-09-16T22:32:40.984Z,buy,2.94e-05,99.13,0.002914422
EDO/BTC,1568673161080,2019-09-16T22:32:41.080Z,buy,2.94e-05,73.76,0.002168544
EDO/BTC,1568673161080,2019-09-16T22:32:41.080Z,buy,2.95e-05,3.42,0.0001008899999999
EDO/BTC,1568673161080,2019-09-16T22:32:41.080Z,buy,2.97e-05,21.51,0.000638847
EDO/BTC,1568673161276,2019-09-16T22:32:41.276Z,buy,2.97e-05,52.17,0.001549449
EDO/BTC,1568673161350,2019-09-16T22:32:41.350Z,buy,2.97e-05,49.48,0.001469556
EDO/BTC,1568673161546,2019-09-16T22:32:41.546Z,buy,2.97e-05,143.59,0.004264623
EDO/BTC,1568673161546,2019-09-16T22:32:41.546Z,buy,2.98e-05,101.48,0.003024104
EDO/BTC,1568673161943,2019-09-16T22:32:41.943Z,sell,2.94e-05,850.28,0.024998232
EDO/BTC,1568673165011,2019-09-16T22:32:45.011Z,sell,2.94e-05,488.32,0.014356608
EDO/BTC,1568673178677,2019-09-16T22:32:58.677Z,buy,2.95e-05,206.06,0.00607877
EDO/BTC,1568673178944,2019-09-16T22:32:58.944Z,buy,2.95e-05,43.94,0.0012962299999999
EDO/BTC,1568673179116,2019-09-16T22:32:59.116Z,buy,2.95e-05,161.72,0.00477074
EDO/BTC,1568673179217,2019-09-16T22:32:59.217Z,buy,2.95e-05,207.63,0.006125085
EDO/BTC,1568673179380,2019-09-16T22:32:59.380Z,buy,2.95e-05,50.66,0.00149447
EDO/BTC,1568673180458,2019-09-16T22:33:00.458Z,buy,2.95e-05,95.5,0.00281725
EDO/BTC,1568673180599,2019-09-16T22:33:00.599Z,buy,2.95e-05,82.0,0.0024189999999999
EDO/BTC,1568673180599,2019-09-16T22:33:00.599Z,buy,2.98e-05,11.57,0.000344786
EDO/BTC,1568673180719,2019-09-16T22:33:00.719Z,buy,2.98e-05,101.39,0.0030214219999999
EDO/BTC,1568673180912,2019-09-16T22:33:00.912Z,buy,2.95e-05,28.6,0.0008437
EDO/BTC,1568673182504,2019-09-16T22:33:02.504Z,buy,2.95e-05,231.53,0.0068301349999999
EDO/BTC,1568673186932,2019-09-16T22:33:06.932Z,buy,2.95e-05,158.37,0.004671915
EDO/BTC,1568673273502,2019-09-16T22:34:33.502Z,buy,2.96e-05,3.42,0.000101232
EDO/BTC,1568673738232,2019-09-16T22:42:18.232Z,sell,2.93e-05,349.65,0.010244745
EDO/BTC,1568673738232,2019-09-16T22:42:18.232Z,sell,2.93e-05,101.04,0.002960472
EDO/BTC,1568674238321,2019-09-16T22:50:38.321Z,sell,2.93e-05,17.48,0.000512164
EDO/BTC,1568674238321,2019-09-16T22:50:38.321Z,sell,2.93e-05,17.48,0.000512164
EDO/BTC,1568675177793,2019-09-16T23:06:17.793Z,sell,2.94e-05,4.62,0.000135828
EDO/BTC,1568675207700,2019-09-16T23:06:47.700Z,sell,2.94e-05,34.54,0.001015476
EDO/BTC,1568675207700,2019-09-16T23:06:47.700Z,sell,2.93e-05,3.42,0.000100206
EDO/BTC,1568675207700,2019-09-16T23:06:47.700Z,sell,2.92e-05,343.74,0.010037208
EDO/BTC,1568675207700,2019-09-16T23:06:47.700Z,sell,2.92e-05,78.29,0.002286068
EDO/BTC,1568676014739,2019-09-16T23:20:14.739Z,sell,2.93e-05,93.45,0.002738085
EDO/BTC,1568676322681,2019-09-16T23:25:22.681Z,buy,2.95e-05,49.79,0.001468805
EDO/BTC,1568676398285,2019-09-16T23:26:38.285Z,buy,2.95e-05,154.02,0.00454359
EDO/BTC,1568676398285,2019-09-16T23:26:38.285Z,buy,2.96e-05,417.66,0.012362736
EDO/BTC,1568677318028,2019-09-16T23:41:58.028Z,buy,2.96e-05,3.41,0.000100936
EDO/BTC,1568677318028,2019-09-16T23:41:58.028Z,buy,2.97e-05,3.34,9.9198e-05
EDO/BTC,1568677793946,2019-09-16T23:49:53.946Z,buy,2.97e-05,58.35,0.001732995
EDO/BTC,1568677793946,2019-09-16T23:49:53.946Z,buy,2.97e-05,58.35,0.001732995
EDO/BTC,1568677997429,2019-09-16T23:53:17.429Z,buy,2.97e-05,1447.81,0.042999957
EDO/BTC,1568678446265,2019-09-17T00:00:46.265Z,sell,2.94e-05,1314.4,0.03864336
EDO/BTC,1568678446265,2019-09-17T00:00:46.265Z,sell,2.93e-05,1921.7,0.05630581
EDO/BTC,1568678446265,2019-09-17T00:00:46.265Z,sell,2.92e-05,188.55,0.00550566
EDO/BTC,1568678448985,2019-09-17T00:00:48.985Z,buy,2.95e-05,33.9,0.00100005
EDO/BTC,1568678480036,2019-09-17T00:01:20.036Z,sell,2.94e-05,3.41,0.000100254
EDO/BTC,1568678515171,2019-09-17T00:01:55.171Z,buy,2.93e-05,81.93,0.002400549
EDO/BTC,1568678581733,2019-09-17T00:03:01.733Z,buy,2.96e-05,228.3,0.00675768
EDO/BTC,1568678582954,2019-09-17T00:03:02.954Z,buy,2.96e-05,25.5,0.0007548
EDO/BTC,1568678940175,2019-09-17T00:09:00.175Z,buy,2.96e-05,35.06,0.001037776
EDO/BTC,1568678944860,2019-09-17T00:09:04.860Z,buy,2.96e-05,35.07,0.001038072
EDO/BTC,1568679576654,2019-09-17T00:19:36.654Z,buy,2.96e-05,35.0,0.001036
EDO/BTC,1568679931839,2019-09-17T00:25:31.839Z,buy,2.96e-05,195.9,0.00579864
EDO/BTC,1568680245813,2019-09-17T00:30:45.813Z,buy,2.96e-05,222.18,0.006576528
EDO/BTC,1568680251799,2019-09-17T00:30:51.799Z,buy,2.96e-05,24.67,0.000730232
EDO/BTC,1568680251850,2019-09-17T00:30:51.850Z,buy,2.96e-05,288.02,0.008525392
EDO/BTC,1568680661125,2019-09-17T00:37:41.125Z,buy,2.96e-05,136.66,0.004045136
EDO/BTC,1568680661402,2019-09-17T00:37:41.402Z,buy,2.96e-05,113.34,0.003354864
EDO/BTC,1568680661450,2019-09-17T00:37:41.450Z,buy,2.96e-05,23.33,0.000690568
EDO/BTC,1568680661676,2019-09-17T00:37:41.676Z,buy,2.96e-05,98.35,0.00291116
EDO/BTC,1568680665642,2019-09-17T00:37:45.642Z,buy,2.96e-05,100.0,0.00296
EDO/BTC,1568680665642,2019-09-17T00:37:45.642Z,buy,2.96e-05,100.0,0.00296
EDO/BTC,1568681801919,2019-09-17T00:56:41.919Z,buy,2.96e-05,67.57,0.002000072
EDO/BTC,1568681811408,2019-09-17T00:56:51.408Z,buy,2.96e-05,17.96,0.000531616
EDO/BTC,1568681811408,2019-09-17T00:56:51.408Z,buy,2.97e-05,232.04,0.006891588
EDO/BTC,1568681811475,2019-09-17T00:56:51.475Z,buy,2.97e-05,1082.36,0.0321460919999999
EDO/BTC,1568681811475,2019-09-17T00:56:51.475Z,buy,2.98e-05,625.85,0.01865033
EDO/BTC,1568681811614,2019-09-17T00:56:51.614Z,buy,2.98e-05,680.07,0.020266086
EDO/BTC,1568681811614,2019-09-17T00:56:51.614Z,buy,2.99e-05,982.99,0.0293914009999999
EDO/BTC,1568681811681,2019-09-17T00:56:51.681Z,buy,2.99e-05,195.51,0.0058457489999999
EDO/BTC,1568681811796,2019-09-17T00:56:51.796Z,buy,2.99e-05,195.17,0.0058355829999999
EDO/BTC,1568681811948,2019-09-17T00:56:51.948Z,buy,2.99e-05,29.32,0.0008766679999999
EDO/BTC,1568681812101,2019-09-17T00:56:52.101Z,buy,2.98e-05,8.72,0.000259856
EDO/BTC,1568681812101,2019-09-17T00:56:52.101Z,buy,2.99e-05,87.87,0.002627313
EDO/BTC,1568681812221,2019-09-17T00:56:52.221Z,buy,2.99e-05,94.15,0.002815085
EDO/BTC,1568681812386,2019-09-17T00:56:52.386Z,buy,2.99e-05,59.27,0.001772173
EDO/BTC,1568681812499,2019-09-17T00:56:52.499Z,buy,2.99e-05,141.3,0.00422487
EDO/BTC,1568681812652,2019-09-17T00:56:52.652Z,buy,2.99e-05,569.4,0.0170250599999999
EDO/BTC,1568681812672,2019-09-17T00:56:52.672Z,buy,2.99e-05,99.69,0.002980731
EDO/BTC,1568681812674,2019-09-17T00:56:52.674Z,buy,2.99e-05,560.04,0.0167451959999999
EDO/BTC,1568681812764,2019-09-17T00:56:52.764Z,buy,2.99e-05,179.01,0.0053523989999999
EDO/BTC,1568681813148,2019-09-17T00:56:53.148Z,buy,2.99e-05,250.0,0.007475
EDO/BTC,1568681813403,2019-09-17T00:56:53.403Z,buy,2.99e-05,199.02,0.005950698
EDO/BTC,1568681813419,2019-09-17T00:56:53.419Z,buy,2.99e-05,220.98,0.0066073019999999
EDO/BTC,1568681813886,2019-09-17T00:56:53.886Z,buy,2.99e-05,345.05,0.0103169949999999
EDO/BTC,1568681813892,2019-09-17T00:56:53.892Z,buy,2.99e-05,561.89,0.0168005109999999
EDO/BTC,1568681814179,2019-09-17T00:56:54.179Z,buy,2.99e-05,83.46,0.002495454
EDO/BTC,1568681814404,2019-09-17T00:56:54.404Z,buy,2.99e-05,420.0,0.012558
EDO/BTC,1568681814446,2019-09-17T00:56:54.446Z,buy,2.99e-05,250.0,0.007475
EDO/BTC,1568681814498,2019-09-17T00:56:54.498Z,buy,2.99e-05,74.98,0.002241902
EDO/BTC,1568681814956,2019-09-17T00:56:54.956Z,buy,2.99e-05,9.24,0.000276276
EDO/BTC,1568681814956,2019-09-17T00:56:54.956Z,buy,3e-05,130.38,0.0039114
EDO/BTC,1568681814956,2019-09-17T00:56:54.956Z,buy,3.01e-05,80.92,0.002435692
EDO/BTC,1568681814956,2019-09-17T00:56:54.956Z,buy,3.02e-05,341.35,0.01030877
EDO/BTC,1568681814956,2019-09-17T00:56:54.956Z,buy,3.02e-05,7.33,0.000221366
EDO/BTC,1568681814956,2019-09-17T00:56:54.956Z,buy,3.03e-05,29.2,0.00088476
EDO/BTC,1568681814983,2019-09-17T00:56:54.983Z,buy,3.03e-05,560.04,0.016969212
EDO/BTC,1568681816254,2019-09-17T00:56:56.254Z,buy,3.03e-05,669.96,0.020299788
EDO/BTC,1568681816254,2019-09-17T00:56:56.254Z,buy,3.04e-05,1010.15,0.03070856
EDO/BTC,1568681817404,2019-09-17T00:56:57.404Z,buy,3.03e-05,37.73,0.001143219
EDO/BTC,1568681819065,2019-09-17T00:56:59.065Z,buy,3.03e-05,111.75,0.003386025
EDO/BTC,1568681819065,2019-09-17T00:56:59.065Z,buy,3.04e-05,1568.36,0.047678144
EDO/BTC,1568681820570,2019-09-17T00:57:00.570Z,buy,3.02e-05,83.46,0.0025204919999999
EDO/BTC,1568681820570,2019-09-17T00:57:00.570Z,buy,3.04e-05,848.5,0.0257944
EDO/BTC,1568681820599,2019-09-17T00:57:00.599Z,buy,3.04e-05,560.04,0.017025216
EDO/BTC,1568681823821,2019-09-17T00:57:03.821Z,buy,3.01e-05,3.41,0.000102641
EDO/BTC,1568681823821,2019-09-17T00:57:03.821Z,buy,3.04e-05,79.2,0.00240768
EDO/BTC,1568681824123,2019-09-17T00:57:04.123Z,buy,3.04e-05,82.09,0.002495536
EDO/BTC,1568681837256,2019-09-17T00:57:17.256Z,buy,3.03e-05,225.0,0.0068175
EDO/BTC,1568681837256,2019-09-17T00:57:17.256Z,buy,3.04e-05,335.04,0.010185216
EDO/BTC,1568681837425,2019-09-17T00:57:17.425Z,buy,3.04e-05,920.7,0.02798928
EDO/BTC,1568681837521,2019-09-17T00:57:17.521Z,buy,3.03e-05,81.55,0.002470965
EDO/BTC,1568681859746,2019-09-17T00:57:39.746Z,buy,3.03e-05,414.19,0.012549957
EDO/BTC,1568681859746,2019-09-17T00:57:39.746Z,buy,3.04e-05,145.85,0.00443384
EDO/BTC,1568681877473,2019-09-17T00:57:57.473Z,buy,3.02e-05,42.3,0.0012774599999999
