symbol,timestamp,datetime,side,price,amount,btc_volume
EDO/BTC,1566756001818,2019-08-25T18:00:01.818Z,buy,4.34e-05,1265.66,0.054929644
EDO/BTC,1566756001994,2019-08-25T18:00:01.994Z,sell,4.34e-05,4.3,0.0001866199999999
EDO/BTC,1566756002097,2019-08-25T18:00:02.097Z,sell,4.34e-05,671.92,0.0291613279999999
EDO/BTC,1566756002141,2019-08-25T18:00:02.141Z,sell,4.34e-05,2.47,0.000107198
EDO/BTC,1566756002370,2019-08-25T18:00:02.370Z,sell,4.34e-05,250.05,0.01085217
EDO/BTC,1566756004743,2019-08-25T18:00:04.743Z,sell,4.34e-05,100.0,0.00434
EDO/BTC,1566756005857,2019-08-25T18:00:05.857Z,sell,4.34e-05,504.3,0.02188662
EDO/BTC,1566756005857,2019-08-25T18:00:05.857Z,sell,4.33e-05,219.65,0.009510845
EDO/BTC,1566756005857,2019-08-25T18:00:05.857Z,sell,4.32e-05,10.77,0.0004652639999999
EDO/BTC,1566756007045,2019-08-25T18:00:07.045Z,sell,4.32e-05,12.06,0.000520992
EDO/BTC,1566756013760,2019-08-25T18:00:13.760Z,sell,4.32e-05,41.64,0.001798848
EDO/BTC,1566756014577,2019-08-25T18:00:14.577Z,sell,4.32e-05,41.32,0.001785024
EDO/BTC,1566756015164,2019-08-25T18:00:15.164Z,sell,4.32e-05,41.44,0.001790208
EDO/BTC,1566756016904,2019-08-25T18:00:16.904Z,sell,4.32e-05,90.24,0.0038983679999999
EDO/BTC,1566756028304,2019-08-25T18:00:28.304Z,sell,4.32e-05,31.8,0.00137376
EDO/BTC,1566756033516,2019-08-25T18:00:33.516Z,sell,4.32e-05,48.03,0.002074896
EDO/BTC,1566756033516,2019-08-25T18:00:33.516Z,sell,4.31e-05,922.3,0.0397511299999999
EDO/BTC,1566756033516,2019-08-25T18:00:33.516Z,sell,4.3e-05,47.0,0.002021
EDO/BTC,1566756034231,2019-08-25T18:00:34.231Z,sell,4.3e-05,421.55,0.01812665
EDO/BTC,1566756034416,2019-08-25T18:00:34.416Z,sell,4.3e-05,261.7,0.0112531
EDO/BTC,1566756078262,2019-08-25T18:01:18.262Z,sell,4.3e-05,79.44,0.00341592
EDO/BTC,1566756078262,2019-08-25T18:01:18.262Z,sell,4.28e-05,1759.76,0.075317728
EDO/BTC,1566756078262,2019-08-25T18:01:18.262Z,sell,4.27e-05,2111.87,0.090176849
EDO/BTC,1566756078262,2019-08-25T18:01:18.262Z,sell,4.26e-05,99.9,0.00425574
EDO/BTC,1566756078287,2019-08-25T18:01:18.287Z,buy,4.27e-05,158.88,0.006784176
EDO/BTC,1566756078518,2019-08-25T18:01:18.518Z,buy,4.27e-05,33.78,0.001442406
EDO/BTC,1566756079543,2019-08-25T18:01:19.543Z,buy,4.27e-05,313.72,0.013395844
EDO/BTC,1566756080414,2019-08-25T18:01:20.414Z,sell,4.26e-05,824.99,0.035144574
EDO/BTC,1566756083503,2019-08-25T18:01:23.503Z,sell,4.25e-05,79.44,0.0033762
EDO/BTC,1566756094183,2019-08-25T18:01:34.183Z,sell,4.25e-05,46.08,0.0019584
EDO/BTC,1566756111597,2019-08-25T18:01:51.597Z,buy,4.26e-05,981.84,0.041826384
EDO/BTC,1566756129979,2019-08-25T18:02:09.979Z,buy,4.26e-05,704.22,0.029999772
EDO/BTC,1566756190173,2019-08-25T18:03:10.173Z,sell,4.27e-05,250.0,0.010675
EDO/BTC,1566756198409,2019-08-25T18:03:18.409Z,sell,4.27e-05,7180.42,0.306603934
EDO/BTC,1566756222906,2019-08-25T18:03:42.906Z,buy,4.26e-05,133.09,0.005669634
EDO/BTC,1566756316188,2019-08-25T18:05:16.188Z,sell,4.27e-05,51.56,0.002201612
EDO/BTC,1566756338349,2019-08-25T18:05:38.349Z,sell,4.27e-05,3.46,0.000147742
EDO/BTC,1566756340144,2019-08-25T18:05:40.144Z,sell,4.27e-05,12.79,0.000546133
EDO/BTC,1566756361533,2019-08-25T18:06:01.533Z,sell,4.27e-05,237.21,0.010128867
EDO/BTC,1566756362008,2019-08-25T18:06:02.008Z,sell,4.27e-05,678.82,0.028985614
EDO/BTC,1566756365537,2019-08-25T18:06:05.537Z,sell,4.27e-05,679.27,0.029004829
EDO/BTC,1566756384532,2019-08-25T18:06:24.532Z,sell,4.27e-05,100.0,0.00427
EDO/BTC,1566756402928,2019-08-25T18:06:42.928Z,sell,4.27e-05,2000.8,0.08543416
EDO/BTC,1566756403851,2019-08-25T18:06:43.851Z,sell,4.27e-05,100.0,0.00427
EDO/BTC,1566756511299,2019-08-25T18:08:31.299Z,buy,4.28e-05,3205.74,0.1372056719999999
EDO/BTC,1566756533122,2019-08-25T18:08:53.122Z,sell,4.28e-05,228.2,0.0097669599999999
EDO/BTC,1566756538167,2019-08-25T18:08:58.167Z,buy,4.28e-05,472.73,0.020232844
EDO/BTC,1566756544195,2019-08-25T18:09:04.195Z,sell,4.28e-05,403.82,0.017283496
EDO/BTC,1566756546686,2019-08-25T18:09:06.686Z,sell,4.28e-05,250.0,0.0107
EDO/BTC,1566756546741,2019-08-25T18:09:06.741Z,sell,4.28e-05,274.61,0.011753308
EDO/BTC,1566756546952,2019-08-25T18:09:06.952Z,sell,4.26e-05,357.89,0.0152461139999999
EDO/BTC,1566756546952,2019-08-25T18:09:06.952Z,sell,4.25e-05,49.55,0.002105875
EDO/BTC,1566756547072,2019-08-25T18:09:07.072Z,sell,4.25e-05,420.0,0.01785
EDO/BTC,1566756561877,2019-08-25T18:09:21.877Z,sell,4.26e-05,302.81,0.012899706
EDO/BTC,1566756580154,2019-08-25T18:09:40.154Z,sell,4.25e-05,307.0,0.0130475
EDO/BTC,1566756600019,2019-08-25T18:10:00.019Z,sell,4.25e-05,440.2,0.0187085
EDO/BTC,1566756608607,2019-08-25T18:10:08.607Z,buy,4.25e-05,166.26,0.00706605
EDO/BTC,1566756624214,2019-08-25T18:10:24.214Z,sell,4.25e-05,304.95,0.012960375
EDO/BTC,1566756624214,2019-08-25T18:10:24.214Z,sell,4.24e-05,944.35,0.04004044
EDO/BTC,1566756624214,2019-08-25T18:10:24.214Z,sell,4.23e-05,4825.32,0.2041110359999999
EDO/BTC,1566756624493,2019-08-25T18:10:24.493Z,buy,4.23e-05,2.82,0.0001192859999999
EDO/BTC,1566756626192,2019-08-25T18:10:26.192Z,buy,4.23e-05,132.32,0.0055971359999999
EDO/BTC,1566756627246,2019-08-25T18:10:27.246Z,sell,4.22e-05,300.0,0.01266
EDO/BTC,1566756627264,2019-08-25T18:10:27.264Z,sell,4.22e-05,93.96,0.003965112
EDO/BTC,1566756628150,2019-08-25T18:10:28.150Z,buy,4.21e-05,7.05,0.000296805
EDO/BTC,1566756628364,2019-08-25T18:10:28.364Z,sell,4.2e-05,161.95,0.0068018999999999
EDO/BTC,1566756632177,2019-08-25T18:10:32.177Z,sell,4.2e-05,33.52,0.00140784
EDO/BTC,1566756632912,2019-08-25T18:10:32.912Z,sell,4.2e-05,47.02,0.00197484
EDO/BTC,1566756633100,2019-08-25T18:10:33.100Z,sell,4.19e-05,209.06,0.008759614
EDO/BTC,1566756633100,2019-08-25T18:10:33.100Z,sell,4.18e-05,195.54,0.0081735719999999
EDO/BTC,1566756633100,2019-08-25T18:10:33.100Z,sell,4.17e-05,545.4,0.0227431799999999
EDO/BTC,1566756634788,2019-08-25T18:10:34.788Z,sell,4.19e-05,108.89,0.004562491
EDO/BTC,1566756635146,2019-08-25T18:10:35.146Z,sell,4.18e-05,47.0,0.0019646
EDO/BTC,1566756635367,2019-08-25T18:10:35.367Z,buy,4.19e-05,250.0,0.010475
EDO/BTC,1566756637078,2019-08-25T18:10:37.078Z,buy,4.19e-05,32.44,0.001359236
EDO/BTC,1566756639056,2019-08-25T18:10:39.056Z,buy,4.18e-05,674.07,0.028176126
EDO/BTC,1566756641059,2019-08-25T18:10:41.059Z,buy,4.18e-05,1335.31,0.055815958
EDO/BTC,1566756641349,2019-08-25T18:10:41.349Z,sell,4.17e-05,485.37,0.020239929
EDO/BTC,1566756641349,2019-08-25T18:10:41.349Z,sell,4.16e-05,707.75,0.0294424
EDO/BTC,1566756641349,2019-08-25T18:10:41.349Z,sell,4.15e-05,2659.29,0.110360535
EDO/BTC,1566756641349,2019-08-25T18:10:41.349Z,sell,4.14e-05,4564.67,0.188977338
EDO/BTC,1566756641349,2019-08-25T18:10:41.349Z,sell,4.13e-05,9789.74,0.404316262
EDO/BTC,1566756641349,2019-08-25T18:10:41.349Z,sell,4.12e-05,4328.01,0.178314012
EDO/BTC,1566756641355,2019-08-25T18:10:41.355Z,buy,4.12e-05,957.95,0.03946754
EDO/BTC,1566756641386,2019-08-25T18:10:41.386Z,buy,4.12e-05,2511.42,0.103470504
EDO/BTC,1566756641388,2019-08-25T18:10:41.388Z,buy,4.12e-05,2936.96,0.1210027519999999
EDO/BTC,1566756641418,2019-08-25T18:10:41.418Z,buy,4.12e-05,95.71,0.0039432519999999
EDO/BTC,1566756641445,2019-08-25T18:10:41.445Z,buy,4.12e-05,7.07,0.000291284
EDO/BTC,1566756641525,2019-08-25T18:10:41.525Z,buy,4.12e-05,121.14,0.004990968
EDO/BTC,1566756641546,2019-08-25T18:10:41.546Z,buy,4.12e-05,66.1,0.0027233199999999
EDO/BTC,1566756641558,2019-08-25T18:10:41.558Z,buy,4.12e-05,419.28,0.0172743359999999
EDO/BTC,1566756641569,2019-08-25T18:10:41.569Z,buy,4.12e-05,95.48,0.003933776
EDO/BTC,1566756641583,2019-08-25T18:10:41.583Z,buy,4.12e-05,183.65,0.00756638
EDO/BTC,1566756641583,2019-08-25T18:10:41.583Z,buy,4.14e-05,233.61,0.009671454
EDO/BTC,1566756641990,2019-08-25T18:10:41.990Z,buy,4.14e-05,144.88,0.0059980319999999
EDO/BTC,1566756642067,2019-08-25T18:10:42.067Z,sell,4.13e-05,84.59,0.003493567
EDO/BTC,1566756642745,2019-08-25T18:10:42.745Z,buy,4.14e-05,417.26,0.017274564
EDO/BTC,1566756642800,2019-08-25T18:10:42.800Z,sell,4.13e-05,141.42,0.005840646
EDO/BTC,1566756642804,2019-08-25T18:10:42.804Z,buy,4.14e-05,112.57,0.004660398
EDO/BTC,1566756642860,2019-08-25T18:10:42.860Z,buy,4.14e-05,417.26,0.017274564
EDO/BTC,1566756643053,2019-08-25T18:10:43.053Z,buy,4.14e-05,250.0,0.01035
EDO/BTC,1566756643076,2019-08-25T18:10:43.076Z,buy,4.14e-05,55.45,0.00229563
EDO/BTC,1566756643244,2019-08-25T18:10:43.244Z,buy,4.14e-05,53.04,0.002195856
EDO/BTC,1566756643311,2019-08-25T18:10:43.311Z,buy,4.14e-05,48.48,0.0020070719999999
EDO/BTC,1566756643505,2019-08-25T18:10:43.505Z,buy,4.14e-05,71.98,0.002979972
EDO/BTC,1566756643570,2019-08-25T18:10:43.570Z,buy,4.14e-05,171.07,0.0070822979999999
EDO/BTC,1566756643638,2019-08-25T18:10:43.638Z,buy,4.14e-05,200.1,0.0082841399999999
EDO/BTC,1566756643783,2019-08-25T18:10:43.783Z,sell,4.13e-05,34.82,0.001438066
EDO/BTC,1566756643941,2019-08-25T18:10:43.941Z,sell,4.13e-05,326.47,0.013483211
EDO/BTC,1566756643941,2019-08-25T18:10:43.941Z,sell,4.12e-05,509.56,0.020993872
EDO/BTC,1566756644953,2019-08-25T18:10:44.953Z,buy,4.14e-05,95.71,0.0039623939999999
EDO/BTC,1566756646525,2019-08-25T18:10:46.525Z,buy,4.13e-05,2.55,0.0001053149999999
EDO/BTC,1566756646811,2019-08-25T18:10:46.811Z,sell,4.12e-05,423.46,0.0174465519999999
EDO/BTC,1566756647084,2019-08-25T18:10:47.084Z,buy,4.12e-05,41.32,0.001702384
EDO/BTC,1566756647352,2019-08-25T18:10:47.352Z,buy,4.13e-05,97.35,0.0040205549999999
EDO/BTC,1566756647352,2019-08-25T18:10:47.352Z,buy,4.14e-05,76.32,0.0031596479999999
EDO/BTC,1566756647441,2019-08-25T18:10:47.441Z,buy,4.14e-05,76.33,0.0031600619999999
EDO/BTC,1566756650166,2019-08-25T18:10:50.166Z,buy,4.12e-05,11.75,0.0004841
EDO/BTC,1566756650166,2019-08-25T18:10:50.166Z,buy,4.13e-05,406.52,0.016789276
EDO/BTC,1566756650258,2019-08-25T18:10:50.258Z,buy,4.13e-05,60.28,0.002489564
EDO/BTC,1566756654293,2019-08-25T18:10:54.293Z,sell,4.12e-05,129.38,0.005330456
EDO/BTC,1566756655650,2019-08-25T18:10:55.650Z,buy,4.13e-05,29.9,0.0012348699999999
EDO/BTC,1566756666091,2019-08-25T18:11:06.091Z,buy,4.13e-05,1131.56,0.046733428
EDO/BTC,1566756666113,2019-08-25T18:11:06.113Z,buy,4.13e-05,329.57,0.013611241
EDO/BTC,1566756668053,2019-08-25T18:11:08.053Z,buy,4.13e-05,88.5,0.00365505
EDO/BTC,1566756668333,2019-08-25T18:11:08.333Z,buy,4.14e-05,120.61,0.004993254
EDO/BTC,1566756683061,2019-08-25T18:11:23.061Z,buy,4.14e-05,2256.87,0.0934344179999999
EDO/BTC,1566756688850,2019-08-25T18:11:28.850Z,buy,4.14e-05,2.8,0.0001159199999999
EDO/BTC,1566756690055,2019-08-25T18:11:30.055Z,buy,4.14e-05,262.77,0.0108786779999999
EDO/BTC,1566756701747,2019-08-25T18:11:41.747Z,sell,4.13e-05,51.65,0.002133145
EDO/BTC,1566756701780,2019-08-25T18:11:41.780Z,buy,4.14e-05,216.26,0.008953164
EDO/BTC,1566756701911,2019-08-25T18:11:41.911Z,sell,4.14e-05,25.03,0.001036242
EDO/BTC,1566756702094,2019-08-25T18:11:42.094Z,sell,4.13e-05,7.2,0.00029736
EDO/BTC,1566756703170,2019-08-25T18:11:43.170Z,buy,4.15e-05,4.81,0.000199615
EDO/BTC,1566756703808,2019-08-25T18:11:43.808Z,sell,4.14e-05,293.33,0.0121438619999999
EDO/BTC,1566756709003,2019-08-25T18:11:49.003Z,buy,4.15e-05,38.44,0.0015952599999999
EDO/BTC,1566756709026,2019-08-25T18:11:49.026Z,buy,4.15e-05,4451.27,0.184727705
EDO/BTC,1566756710071,2019-08-25T18:11:50.071Z,buy,4.16e-05,4577.09,0.190406944
EDO/BTC,1566756710132,2019-08-25T18:11:50.132Z,buy,4.17e-05,57.69,0.0024056729999999
EDO/BTC,1566756711071,2019-08-25T18:11:51.071Z,buy,4.16e-05,123.39,0.005133024
EDO/BTC,1566756711071,2019-08-25T18:11:51.071Z,buy,4.17e-05,4442.33,0.185245161
EDO/BTC,1566756711116,2019-08-25T18:11:51.116Z,buy,4.18e-05,210.16,0.008784688
EDO/BTC,1566756711474,2019-08-25T18:11:51.474Z,buy,4.17e-05,38.4,0.0016012799999999
EDO/BTC,1566756712063,2019-08-25T18:11:52.063Z,buy,4.17e-05,637.47,0.026582499
EDO/BTC,1566756712063,2019-08-25T18:11:52.063Z,buy,4.18e-05,4462.89,0.186548802
EDO/BTC,1566756713064,2019-08-25T18:11:53.064Z,buy,4.18e-05,54.25,0.00226765
EDO/BTC,1566756713064,2019-08-25T18:11:53.064Z,buy,4.19e-05,1032.25,0.043251275
EDO/BTC,1566756714064,2019-08-25T18:11:54.064Z,buy,4.19e-05,48.22,0.002020418
EDO/BTC,1566756714064,2019-08-25T18:11:54.064Z,buy,4.2e-05,1201.55,0.0504650999999999
EDO/BTC,1566756715071,2019-08-25T18:11:55.071Z,buy,4.18e-05,404.96,0.016927328
EDO/BTC,1566756715401,2019-08-25T18:11:55.401Z,sell,4.17e-05,160.0,0.0066719999999999
EDO/BTC,1566756715631,2019-08-25T18:11:55.631Z,sell,4.18e-05,43.32,0.001810776
EDO/BTC,1566756715644,2019-08-25T18:11:55.644Z,sell,4.18e-05,115.03,0.004808254
EDO/BTC,1566756715648,2019-08-25T18:11:55.648Z,sell,4.18e-05,43.32,0.001810776
EDO/BTC,1566756715725,2019-08-25T18:11:55.725Z,sell,4.18e-05,13.97,0.000583946
EDO/BTC,1566756715764,2019-08-25T18:11:55.764Z,sell,4.18e-05,13.97,0.000583946
EDO/BTC,1566756715808,2019-08-25T18:11:55.808Z,sell,4.18e-05,86.59,0.003619462
EDO/BTC,1566756715823,2019-08-25T18:11:55.823Z,sell,4.18e-05,86.64,0.003621552
EDO/BTC,1566756715917,2019-08-25T18:11:55.917Z,sell,4.18e-05,13.96,0.000583528
EDO/BTC,1566756715975,2019-08-25T18:11:55.975Z,sell,4.18e-05,7.05,0.00029469
EDO/BTC,1566756715990,2019-08-25T18:11:55.990Z,sell,4.18e-05,160.0,0.0066879999999999
EDO/BTC,1566756716064,2019-08-25T18:11:56.064Z,buy,4.19e-05,111.96,0.004691124
EDO/BTC,1566756716087,2019-08-25T18:11:56.087Z,buy,4.19e-05,252.41,0.010575979
EDO/BTC,1566756718065,2019-08-25T18:11:58.065Z,buy,4.21e-05,478.46,0.020143166
EDO/BTC,1566756718078,2019-08-25T18:11:58.078Z,sell,4.18e-05,470.11,0.019650598
EDO/BTC,1566756718827,2019-08-25T18:11:58.827Z,sell,4.18e-05,337.76,0.014118368
EDO/BTC,1566756719137,2019-08-25T18:11:59.137Z,buy,4.2e-05,230.88,0.00969696
EDO/BTC,1566756719137,2019-08-25T18:11:59.137Z,buy,4.21e-05,247.58,0.010423118
EDO/BTC,1566756719137,2019-08-25T18:11:59.137Z,buy,4.22e-05,550.68,0.023238696
EDO/BTC,1566756719137,2019-08-25T18:11:59.137Z,buy,4.23e-05,174.9,0.00739827
EDO/BTC,1566756719495,2019-08-25T18:11:59.495Z,buy,4.23e-05,35.78,0.001513494
EDO/BTC,1566756721061,2019-08-25T18:12:01.061Z,buy,4.23e-05,307.27,0.0129975209999999
EDO/BTC,1566756721061,2019-08-25T18:12:01.061Z,buy,4.24e-05,93.08,0.003946592
EDO/BTC,1566756722649,2019-08-25T18:12:02.649Z,sell,4.21e-05,11.7,0.00049257
EDO/BTC,1566756724539,2019-08-25T18:12:04.539Z,sell,4.22e-05,17.98,0.000758756
EDO/BTC,1566756724540,2019-08-25T18:12:04.540Z,sell,4.22e-05,17.99,0.000759178
EDO/BTC,1566756725064,2019-08-25T18:12:05.064Z,buy,4.24e-05,373.56,0.015838944
EDO/BTC,1566756727064,2019-08-25T18:12:07.064Z,buy,4.25e-05,74.98,0.00318665
EDO/BTC,1566756728034,2019-08-25T18:12:08.034Z,sell,4.22e-05,14.98,0.000632156
EDO/BTC,1566756728079,2019-08-25T18:12:08.079Z,sell,4.22e-05,17.98,0.000758756
EDO/BTC,1566756728108,2019-08-25T18:12:08.108Z,sell,4.22e-05,17.99,0.000759178
EDO/BTC,1566756729027,2019-08-25T18:12:09.027Z,sell,4.23e-05,29.59,0.001251657
EDO/BTC,1566756729041,2019-08-25T18:12:09.041Z,sell,4.23e-05,38.4,0.0016243199999999
EDO/BTC,1566756729077,2019-08-25T18:12:09.077Z,sell,4.23e-05,17.95,0.000759285
EDO/BTC,1566756729114,2019-08-25T18:12:09.114Z,sell,4.23e-05,30.04,0.001270692
EDO/BTC,1566756729163,2019-08-25T18:12:09.163Z,sell,4.23e-05,22.53,0.000953019
EDO/BTC,1566756729264,2019-08-25T18:12:09.264Z,sell,4.23e-05,22.53,0.000953019
EDO/BTC,1566756729363,2019-08-25T18:12:09.363Z,sell,4.23e-05,22.53,0.000953019
EDO/BTC,1566756729475,2019-08-25T18:12:09.475Z,sell,4.23e-05,22.53,0.000953019
EDO/BTC,1566756729571,2019-08-25T18:12:09.571Z,sell,4.23e-05,22.53,0.000953019
EDO/BTC,1566756729674,2019-08-25T18:12:09.674Z,sell,4.23e-05,22.53,0.000953019
EDO/BTC,1566756729783,2019-08-25T18:12:09.783Z,sell,4.23e-05,22.53,0.000953019
EDO/BTC,1566756729816,2019-08-25T18:12:09.816Z,sell,4.23e-05,2.54,0.0001074419999999
EDO/BTC,1566756729852,2019-08-25T18:12:09.852Z,sell,4.23e-05,22.53,0.000953019
EDO/BTC,1566756729944,2019-08-25T18:12:09.944Z,sell,4.23e-05,22.46,0.000950058
EDO/BTC,1566756731380,2019-08-25T18:12:11.380Z,sell,4.22e-05,38.44,0.001622168
EDO/BTC,1566756736064,2019-08-25T18:12:16.064Z,buy,4.23e-05,312.2,0.0132060599999999
EDO/BTC,1566756736064,2019-08-25T18:12:16.064Z,buy,4.24e-05,49.64,0.002104736
EDO/BTC,1566756737071,2019-08-25T18:12:17.071Z,buy,4.24e-05,312.2,0.01323728
EDO/BTC,1566756739071,2019-08-25T18:12:19.071Z,buy,4.24e-05,241.29,0.010230696
EDO/BTC,1566756741061,2019-08-25T18:12:21.061Z,buy,4.25e-05,38.44,0.0016337
EDO/BTC,1566756743384,2019-08-25T18:12:23.384Z,sell,4.23e-05,57.69,0.0024402869999999
EDO/BTC,1566756756847,2019-08-25T18:12:36.847Z,buy,4.25e-05,0.78,3.3150000000000006e-05
EDO/BTC,1566756761068,2019-08-25T18:12:41.068Z,buy,4.24e-05,361.84,0.015342016
EDO/BTC,1566756770853,2019-08-25T18:12:50.853Z,buy,4.25e-05,56.91,0.002418675
EDO/BTC,1566756771065,2019-08-25T18:12:51.065Z,buy,4.26e-05,438.1,0.01866306
EDO/BTC,1566756771169,2019-08-25T18:12:51.169Z,sell,4.26e-05,7.05,0.0003003299999999
EDO/BTC,1566756771258,2019-08-25T18:12:51.258Z,sell,4.26e-05,2.82,0.000120132
EDO/BTC,1566756771980,2019-08-25T18:12:51.980Z,buy,4.27e-05,904.27,0.038612329
EDO/BTC,1566756772187,2019-08-25T18:12:52.187Z,sell,4.27e-05,210.16,0.008973832
EDO/BTC,1566756772372,2019-08-25T18:12:52.372Z,sell,4.27e-05,113.26,0.004836202
EDO/BTC,1566756772372,2019-08-25T18:12:52.372Z,sell,4.26e-05,136.74,0.005825124
EDO/BTC,1566756772965,2019-08-25T18:12:52.965Z,sell,4.26e-05,111.96,0.004769496
EDO/BTC,1566756775007,2019-08-25T18:12:55.007Z,sell,4.26e-05,94.96,0.0040452959999999
EDO/BTC,1566756778689,2019-08-25T18:12:58.689Z,buy,4.28e-05,153.77,0.006581356
EDO/BTC,1566756784039,2019-08-25T18:13:04.039Z,buy,4.29e-05,0.81,3.4749e-05
EDO/BTC,1566756844281,2019-08-25T18:14:04.281Z,sell,4.25e-05,282.39,0.012001575
EDO/BTC,1566756860082,2019-08-25T18:14:20.082Z,buy,4.28e-05,0.77,3.2956e-05
EDO/BTC,1566756877587,2019-08-25T18:14:37.587Z,sell,4.25e-05,122.55,0.005208375
EDO/BTC,1566756887684,2019-08-25T18:14:47.684Z,sell,4.25e-05,122.25,0.005195625
EDO/BTC,1566756894158,2019-08-25T18:14:54.158Z,sell,4.25e-05,122.25,0.005195625
EDO/BTC,1566756896126,2019-08-25T18:14:56.126Z,buy,4.28e-05,0.72,3.0816e-05
EDO/BTC,1566756905654,2019-08-25T18:15:05.654Z,sell,4.25e-05,122.55,0.005208375
EDO/BTC,1566756918245,2019-08-25T18:15:18.245Z,buy,4.28e-05,0.84,3.5952e-05
EDO/BTC,1566756946407,2019-08-25T18:15:46.407Z,sell,4.26e-05,128.6,0.00547836
EDO/BTC,1566756976058,2019-08-25T18:16:16.058Z,buy,4.28e-05,0.52,2.2256e-05
EDO/BTC,1566756976058,2019-08-25T18:16:16.058Z,buy,4.29e-05,82.82,0.0035529779999999
EDO/BTC,1566756978721,2019-08-25T18:16:18.721Z,sell,4.27e-05,90.79,0.003876733
EDO/BTC,1566756985544,2019-08-25T18:16:25.544Z,sell,4.27e-05,16.3,0.00069601
EDO/BTC,1566756985968,2019-08-25T18:16:25.968Z,sell,4.27e-05,21.91,0.000935557
EDO/BTC,1566757038394,2019-08-25T18:17:18.394Z,buy,4.29e-05,116.55,0.004999995
EDO/BTC,1566757039958,2019-08-25T18:17:19.958Z,buy,4.29e-05,116.55,0.004999995
EDO/BTC,1566757053740,2019-08-25T18:17:33.740Z,buy,4.29e-05,0.67,2.8743e-05
EDO/BTC,1566757129892,2019-08-25T18:18:49.892Z,buy,4.29e-05,36.41,0.0015619889999999
EDO/BTC,1566757132347,2019-08-25T18:18:52.347Z,buy,4.29e-05,198.57,0.008518653
EDO/BTC,1566757136392,2019-08-25T18:18:56.392Z,buy,4.29e-05,37.24,0.001597596
EDO/BTC,1566757136628,2019-08-25T18:18:56.628Z,buy,4.29e-05,0.8,3.4320000000000003e-05
EDO/BTC,1566757136779,2019-08-25T18:18:56.779Z,buy,4.29e-05,54.17,0.002323893
EDO/BTC,1566757136779,2019-08-25T18:18:56.779Z,buy,4.3e-05,17.94,0.00077142
EDO/BTC,1566757141771,2019-08-25T18:19:01.771Z,buy,4.3e-05,494.27,0.02125361
EDO/BTC,1566757145326,2019-08-25T18:19:05.326Z,buy,4.3e-05,0.82,3.526e-05
EDO/BTC,1566757159115,2019-08-25T18:19:19.115Z,buy,4.3e-05,629.87,0.02708441
EDO/BTC,1566757159222,2019-08-25T18:19:19.222Z,buy,4.31e-05,447.38,0.0192820779999999
EDO/BTC,1566757159223,2019-08-25T18:19:19.223Z,sell,4.3e-05,7.05,0.00030315
EDO/BTC,1566757159363,2019-08-25T18:19:19.363Z,sell,4.3e-05,401.54,0.01726622
EDO/BTC,1566757160133,2019-08-25T18:19:20.133Z,sell,4.3e-05,480.95,0.02068085
EDO/BTC,1566757161090,2019-08-25T18:19:21.090Z,sell,4.3e-05,1196.08,0.05143144
EDO/BTC,1566757181723,2019-08-25T18:19:41.723Z,sell,4.28e-05,35.78,0.001531384
EDO/BTC,1566757253802,2019-08-25T18:20:53.802Z,buy,4.3e-05,0.67,2.8810000000000004e-05
EDO/BTC,1566757440158,2019-08-25T18:24:00.158Z,buy,4.3e-05,41.02,0.00176386
EDO/BTC,1566757510611,2019-08-25T18:25:10.611Z,sell,4.26e-05,684.18,0.0291460679999999
EDO/BTC,1566757537133,2019-08-25T18:25:37.133Z,sell,4.25e-05,148.47,0.006309975
EDO/BTC,1566757537133,2019-08-25T18:25:37.133Z,sell,4.24e-05,74.76,0.003169824
EDO/BTC,1566757537208,2019-08-25T18:25:37.208Z,buy,4.25e-05,7.05,0.000299625
EDO/BTC,1566757538811,2019-08-25T18:25:38.811Z,buy,4.25e-05,124.39,0.005286575
EDO/BTC,1566757539111,2019-08-25T18:25:39.111Z,buy,4.24e-05,929.51,0.039411224
EDO/BTC,1566757554386,2019-08-25T18:25:54.386Z,buy,4.25e-05,37.53,0.001595025
EDO/BTC,1566757554441,2019-08-25T18:25:54.441Z,buy,4.25e-05,110.98,0.00471665
EDO/BTC,1566757556750,2019-08-25T18:25:56.750Z,buy,4.26e-05,23.34,0.000994284
EDO/BTC,1566757556750,2019-08-25T18:25:56.750Z,buy,4.28e-05,33.01,0.0014128279999999
EDO/BTC,1566757557600,2019-08-25T18:25:57.600Z,buy,4.28e-05,35.17,0.001505276
EDO/BTC,1566757609120,2019-08-25T18:26:49.120Z,buy,4.28e-05,0.8,3.424e-05
EDO/BTC,1566757632475,2019-08-25T18:27:12.475Z,buy,4.28e-05,0.76,3.2528e-05
EDO/BTC,1566757666026,2019-08-25T18:27:46.026Z,sell,4.26e-05,40.47,0.001724022
EDO/BTC,1566757671015,2019-08-25T18:27:51.015Z,buy,4.28e-05,22.78,0.000974984
EDO/BTC,1566757671146,2019-08-25T18:27:51.146Z,sell,4.28e-05,256.52,0.010979056
EDO/BTC,1566757671154,2019-08-25T18:27:51.154Z,sell,4.28e-05,616.57,0.026389196
EDO/BTC,1566757767877,2019-08-25T18:29:27.877Z,buy,4.29e-05,0.66,2.8314e-05
EDO/BTC,1566757832671,2019-08-25T18:30:32.671Z,buy,4.29e-05,0.68,2.9172e-05
EDO/BTC,1566757837687,2019-08-25T18:30:37.687Z,buy,4.28e-05,2.98,0.000127544
EDO/BTC,1566757837687,2019-08-25T18:30:37.687Z,buy,4.29e-05,2.29,9.8241e-05
EDO/BTC,1566757837687,2019-08-25T18:30:37.687Z,buy,4.3e-05,27.53,0.00118379
EDO/BTC,1566757839137,2019-08-25T18:30:39.137Z,buy,4.29e-05,32.05,0.0013749449999999
EDO/BTC,1566757867014,2019-08-25T18:31:07.014Z,buy,4.28e-05,0.85,3.638e-05
EDO/BTC,1566757871944,2019-08-25T18:31:11.944Z,sell,4.26e-05,14.14,0.000602364
EDO/BTC,1566757878162,2019-08-25T18:31:18.162Z,sell,4.26e-05,79.44,0.003384144
EDO/BTC,1566757922014,2019-08-25T18:32:02.014Z,buy,4.28e-05,0.65,2.782e-05
EDO/BTC,1566757993512,2019-08-25T18:33:13.512Z,buy,4.29e-05,0.74,3.1746e-05
EDO/BTC,1566758213057,2019-08-25T18:36:53.057Z,sell,4.26e-05,734.97,0.031309722
EDO/BTC,1566758484330,2019-08-25T18:41:24.330Z,sell,4.26e-05,100.0,0.00426
EDO/BTC,1566758504789,2019-08-25T18:41:44.789Z,sell,4.26e-05,100.0,0.00426
EDO/BTC,1566758523931,2019-08-25T18:42:03.931Z,sell,4.26e-05,100.0,0.00426
EDO/BTC,1566758545492,2019-08-25T18:42:25.492Z,sell,4.26e-05,100.0,0.00426
EDO/BTC,1566758935958,2019-08-25T18:48:55.958Z,buy,4.28e-05,366.11,0.015669508
EDO/BTC,1566758950930,2019-08-25T18:49:10.930Z,sell,4.28e-05,259.11,0.0110899079999999
EDO/BTC,1566758950930,2019-08-25T18:49:10.930Z,sell,4.26e-05,648.33,0.027618858
EDO/BTC,1566758950930,2019-08-25T18:49:10.930Z,sell,4.25e-05,296.6,0.0126055
EDO/BTC,1566759113228,2019-08-25T18:51:53.228Z,buy,4.28e-05,0.76,3.2528e-05
EDO/BTC,1566759129381,2019-08-25T18:52:09.381Z,buy,4.28e-05,0.72,3.0816e-05
EDO/BTC,1566759188619,2019-08-25T18:53:08.619Z,sell,4.25e-05,1119.91,0.047596175
EDO/BTC,1566759188619,2019-08-25T18:53:08.619Z,sell,4.24e-05,92.66,0.003928784
EDO/BTC,1566759188631,2019-08-25T18:53:08.631Z,sell,4.24e-05,2317.29,0.098253096
EDO/BTC,1566759188631,2019-08-25T18:53:08.631Z,sell,4.23e-05,107.85,0.004562055
EDO/BTC,1566759410060,2019-08-25T18:56:50.060Z,buy,4.25e-05,2.86,0.00012155
EDO/BTC,1566759410060,2019-08-25T18:56:50.060Z,buy,4.26e-05,1187.99,0.050608374
EDO/BTC,1566759443171,2019-08-25T18:57:23.171Z,sell,4.24e-05,193.88,0.008220512
EDO/BTC,1566759443171,2019-08-25T18:57:23.171Z,sell,4.24e-05,193.88,0.008220512
EDO/BTC,1566760025241,2019-08-25T19:07:05.241Z,sell,4.24e-05,26.55,0.00112572
EDO/BTC,1566760224597,2019-08-25T19:10:24.597Z,buy,4.26e-05,161.0,0.0068585999999999
EDO/BTC,1566760236354,2019-08-25T19:10:36.354Z,buy,4.26e-05,593.59,0.025286934
EDO/BTC,1566760303725,2019-08-25T19:11:43.725Z,buy,4.26e-05,702.57,0.029929482
EDO/BTC,1566760307904,2019-08-25T19:11:47.904Z,sell,4.24e-05,4.8,0.00020352
EDO/BTC,1566760383936,2019-08-25T19:13:03.936Z,sell,4.24e-05,176.54,0.007485296
EDO/BTC,1566760388503,2019-08-25T19:13:08.503Z,sell,4.24e-05,157.82,0.006691568
EDO/BTC,1566760389338,2019-08-25T19:13:09.338Z,buy,4.24e-05,405.83,0.017207192
EDO/BTC,1566760673976,2019-08-25T19:17:53.976Z,buy,4.26e-05,74.28,0.003164328
EDO/BTC,1566760810393,2019-08-25T19:20:10.393Z,buy,4.26e-05,68.06,0.002899356
EDO/BTC,1566760816934,2019-08-25T19:20:16.934Z,buy,4.26e-05,704.22,0.029999772
EDO/BTC,1566761013724,2019-08-25T19:23:33.724Z,buy,4.25e-05,93.89,0.003990325
EDO/BTC,1566761013727,2019-08-25T19:23:33.727Z,buy,4.25e-05,69.51,0.002954175
EDO/BTC,1566761013727,2019-08-25T19:23:33.727Z,buy,4.26e-05,48.17,0.002052042
EDO/BTC,1566761013727,2019-08-25T19:23:33.727Z,buy,4.26e-05,23.47,0.0009998219999999
EDO/BTC,1566761013727,2019-08-25T19:23:33.727Z,buy,4.26e-05,38.84,0.001654584
EDO/BTC,1566761013732,2019-08-25T19:23:33.732Z,buy,4.26e-05,62.82,0.002676132
EDO/BTC,1566761013733,2019-08-25T19:23:33.733Z,buy,4.26e-05,23.47,0.0009998219999999
EDO/BTC,1566761014226,2019-08-25T19:23:34.226Z,buy,4.26e-05,23.47,0.0009998219999999
EDO/BTC,1566761014228,2019-08-25T19:23:34.228Z,buy,4.26e-05,23.47,0.0009998219999999
EDO/BTC,1566761014229,2019-08-25T19:23:34.229Z,buy,4.26e-05,24.35,0.00103731
EDO/BTC,1566761014235,2019-08-25T19:23:34.235Z,buy,4.26e-05,23.47,0.0009998219999999
EDO/BTC,1566761031178,2019-08-25T19:23:51.178Z,buy,4.26e-05,125.08,0.005328408
EDO/BTC,1566761031178,2019-08-25T19:23:51.178Z,buy,4.27e-05,753.43,0.032171461
EDO/BTC,1566761039394,2019-08-25T19:23:59.394Z,sell,4.26e-05,66.06,0.002814156
EDO/BTC,1566761304747,2019-08-25T19:28:24.747Z,sell,4.26e-05,0.01,4.26e-07
EDO/BTC,1566761427211,2019-08-25T19:30:27.211Z,buy,4.26e-05,6.07,0.000258582
EDO/BTC,1566761427211,2019-08-25T19:30:27.211Z,buy,4.27e-05,12.09,0.000516243
EDO/BTC,1566761992457,2019-08-25T19:39:52.457Z,sell,4.23e-05,408.35,0.017273205
EDO/BTC,1566761992457,2019-08-25T19:39:52.457Z,sell,4.22e-05,425.33,0.017948926
EDO/BTC,1566761992457,2019-08-25T19:39:52.457Z,sell,4.21e-05,938.96,0.039530216
EDO/BTC,1566761992457,2019-08-25T19:39:52.457Z,sell,4.2e-05,1912.55,0.0803271
EDO/BTC,1566761992457,2019-08-25T19:39:52.457Z,sell,4.19e-05,1285.37,0.053857003
EDO/BTC,1566761992457,2019-08-25T19:39:52.457Z,sell,4.18e-05,859.28,0.035917904
EDO/BTC,1566761992457,2019-08-25T19:39:52.457Z,sell,4.17e-05,2227.34,0.092880078
EDO/BTC,1566761992457,2019-08-25T19:39:52.457Z,sell,4.16e-05,85.98,0.003576768
EDO/BTC,1566761992457,2019-08-25T19:39:52.457Z,sell,4.16e-05,4148.57,0.172580512
EDO/BTC,1566761992482,2019-08-25T19:39:52.482Z,buy,4.16e-05,1072.23,0.044604768
EDO/BTC,1566761992485,2019-08-25T19:39:52.485Z,buy,4.16e-05,1158.24,0.048182784
EDO/BTC,1566761992523,2019-08-25T19:39:52.523Z,buy,4.16e-05,5039.24,0.209632384
EDO/BTC,1566761992530,2019-08-25T19:39:52.530Z,buy,4.16e-05,790.82,0.032898112
EDO/BTC,1566761992538,2019-08-25T19:39:52.538Z,buy,4.16e-05,239.96,0.009982336
EDO/BTC,1566761992577,2019-08-25T19:39:52.577Z,buy,4.16e-05,4301.89,0.178958624
EDO/BTC,1566761992578,2019-08-25T19:39:52.578Z,buy,4.16e-05,71.81,0.002987296
EDO/BTC,1566761992610,2019-08-25T19:39:52.610Z,buy,4.16e-05,1768.02,0.073549632
EDO/BTC,1566761992610,2019-08-25T19:39:52.610Z,buy,4.16e-05,191.97,0.007985952
EDO/BTC,1566761992647,2019-08-25T19:39:52.647Z,sell,4.15e-05,600.98,0.02494067
EDO/BTC,1566761992663,2019-08-25T19:39:52.663Z,buy,4.16e-05,1208.65,0.05027984
EDO/BTC,1566761992737,2019-08-25T19:39:52.737Z,sell,4.18e-05,416.35,0.01740343
EDO/BTC,1566761992757,2019-08-25T19:39:52.757Z,buy,4.18e-05,360.61,0.015073498
EDO/BTC,1566761992876,2019-08-25T19:39:52.876Z,sell,4.15e-05,449.52,0.0186550799999999
EDO/BTC,1566761993291,2019-08-25T19:39:53.291Z,sell,4.15e-05,264.12,0.01096098
EDO/BTC,1566761993346,2019-08-25T19:39:53.346Z,sell,4.15e-05,420.0,0.01743
EDO/BTC,1566761993412,2019-08-25T19:39:53.412Z,sell,4.15e-05,250.0,0.010375
EDO/BTC,1566761993893,2019-08-25T19:39:53.893Z,buy,4.17e-05,37.86,0.0015787619999999
EDO/BTC,1566761994165,2019-08-25T19:39:54.165Z,sell,4.16e-05,217.32,0.009040512
EDO/BTC,1566761994445,2019-08-25T19:39:54.445Z,sell,4.15e-05,74.28,0.00308262
EDO/BTC,1566761995110,2019-08-25T19:39:55.110Z,buy,4.17e-05,100.85,0.0042054449999999
EDO/BTC,1566761995812,2019-08-25T19:39:55.812Z,sell,4.16e-05,35.02,0.001456832
EDO/BTC,1566761995812,2019-08-25T19:39:55.812Z,sell,4.15e-05,180.12,0.00747498
EDO/BTC,1566761998169,2019-08-25T19:39:58.169Z,sell,4.15e-05,817.54,0.03392791
EDO/BTC,1566761998230,2019-08-25T19:39:58.230Z,sell,4.15e-05,220.6,0.0091548999999999
EDO/BTC,1566761999631,2019-08-25T19:39:59.631Z,sell,4.15e-05,253.1,0.01050365
EDO/BTC,1566762000561,2019-08-25T19:40:00.561Z,buy,4.16e-05,80.84,0.003362944
EDO/BTC,1566762005000,2019-08-25T19:40:05.000Z,buy,4.16e-05,178.37,0.007420192
EDO/BTC,1566762007573,2019-08-25T19:40:07.573Z,buy,4.16e-05,728.31,0.030297696
EDO/BTC,1566762009258,2019-08-25T19:40:09.258Z,buy,4.16e-05,97.52,0.004056832
EDO/BTC,1566762047344,2019-08-25T19:40:47.344Z,sell,4.15e-05,12.76,0.00052954
EDO/BTC,1566762047656,2019-08-25T19:40:47.656Z,buy,4.16e-05,103.08,0.004288128
EDO/BTC,1566762053989,2019-08-25T19:40:53.989Z,buy,4.16e-05,75.72,0.003149952
EDO/BTC,1566762058214,2019-08-25T19:40:58.214Z,sell,4.15e-05,1240.54,0.05148241
EDO/BTC,1566762058482,2019-08-25T19:40:58.482Z,sell,4.15e-05,2.73,0.0001132949999999
EDO/BTC,1566762060031,2019-08-25T19:41:00.031Z,sell,4.15e-05,877.55,0.0364183249999999
EDO/BTC,1566762068197,2019-08-25T19:41:08.197Z,sell,4.15e-05,221.43,0.009189345
EDO/BTC,1566762070073,2019-08-25T19:41:10.073Z,sell,4.15e-05,186.43,0.007736845
EDO/BTC,1566762074750,2019-08-25T19:41:14.750Z,sell,4.15e-05,52.05,0.002160075
EDO/BTC,1566762074968,2019-08-25T19:41:14.968Z,sell,4.15e-05,44.34,0.00184011
EDO/BTC,1566762079493,2019-08-25T19:41:19.493Z,buy,4.16e-05,108.64,0.004519424
EDO/BTC,1566762085123,2019-08-25T19:41:25.123Z,sell,4.15e-05,413.07,0.017142405
EDO/BTC,1566762085434,2019-08-25T19:41:25.434Z,sell,4.15e-05,934.12,0.03876598
EDO/BTC,1566762103392,2019-08-25T19:41:43.392Z,sell,4.15e-05,1206.13,0.050054395
EDO/BTC,1566762103392,2019-08-25T19:41:43.392Z,sell,4.14e-05,672.19,0.027828666
EDO/BTC,1566762103392,2019-08-25T19:41:43.392Z,sell,4.13e-05,834.45,0.034462785
EDO/BTC,1566762103392,2019-08-25T19:41:43.392Z,sell,4.13e-05,44.12,0.001822156
EDO/BTC,1566762103392,2019-08-25T19:41:43.392Z,sell,4.12e-05,82.66,0.003405592
EDO/BTC,1566762104718,2019-08-25T19:41:44.718Z,buy,4.15e-05,418.36,0.01736194
EDO/BTC,1566762105512,2019-08-25T19:41:45.512Z,sell,4.14e-05,361.0,0.0149454
EDO/BTC,1566762107332,2019-08-25T19:41:47.332Z,buy,4.14e-05,153.64,0.0063606959999999
EDO/BTC,1566762107515,2019-08-25T19:41:47.515Z,buy,4.14e-05,419.37,0.017361918
EDO/BTC,1566762131605,2019-08-25T19:42:11.605Z,buy,4.14e-05,120.85,0.0050031899999999
EDO/BTC,1566762146200,2019-08-25T19:42:26.200Z,buy,4.14e-05,343.59,0.0142246259999999
EDO/BTC,1566762153747,2019-08-25T19:42:33.747Z,sell,4.13e-05,1062.52,0.043882076
EDO/BTC,1566762153747,2019-08-25T19:42:33.747Z,sell,4.12e-05,626.02,0.0257920239999999
EDO/BTC,1566762154736,2019-08-25T19:42:34.736Z,sell,4.12e-05,1358.94,0.055988328
EDO/BTC,1566762154774,2019-08-25T19:42:34.774Z,sell,4.11e-05,524.48,0.021556128
EDO/BTC,1566762155351,2019-08-25T19:42:35.351Z,sell,4.11e-05,140.03,0.005755233
EDO/BTC,1566762157856,2019-08-25T19:42:37.856Z,sell,4.11e-05,49.5,0.00203445
EDO/BTC,1566762158015,2019-08-25T19:42:38.015Z,buy,4.12e-05,313.15,0.0129017799999999
EDO/BTC,1566762161474,2019-08-25T19:42:41.474Z,sell,4.11e-05,22.36,0.000918996
EDO/BTC,1566762162535,2019-08-25T19:42:42.535Z,buy,4.12e-05,120.11,0.0049485319999999
EDO/BTC,1566762167609,2019-08-25T19:42:47.609Z,buy,4.12e-05,242.13,0.0099757559999999
EDO/BTC,1566762170641,2019-08-25T19:42:50.641Z,buy,4.12e-05,120.88,0.004980256
EDO/BTC,1566762172437,2019-08-25T19:42:52.437Z,buy,4.12e-05,313.87,0.012931444
EDO/BTC,1566762172437,2019-08-25T19:42:52.437Z,buy,4.13e-05,606.14,0.025033582
EDO/BTC,1566762174638,2019-08-25T19:42:54.638Z,buy,4.13e-05,121.07,0.005000191
EDO/BTC,1566762177400,2019-08-25T19:42:57.400Z,buy,4.13e-05,36.32,0.001500016
EDO/BTC,1566762189371,2019-08-25T19:43:09.371Z,buy,4.13e-05,79.78,0.003294914
EDO/BTC,1566762198255,2019-08-25T19:43:18.255Z,sell,4.12e-05,204.29,0.008416748
EDO/BTC,1566762203329,2019-08-25T19:43:23.329Z,buy,4.12e-05,125.71,0.005179252
EDO/BTC,1566762203947,2019-08-25T19:43:23.947Z,buy,4.13e-05,0.9,3.7170000000000005e-05
EDO/BTC,1566762209853,2019-08-25T19:43:29.853Z,buy,4.13e-05,362.79,0.014983227
EDO/BTC,1566762224451,2019-08-25T19:43:44.451Z,buy,4.13e-05,931.32,0.038463516
EDO/BTC,1566762224936,2019-08-25T19:43:44.936Z,buy,4.14e-05,0.72,2.9808e-05
EDO/BTC,1566762238883,2019-08-25T19:43:58.883Z,buy,4.14e-05,3.28,0.0001357919999999
EDO/BTC,1566762249158,2019-08-25T19:44:09.158Z,buy,4.14e-05,362.74,0.0150174359999999
EDO/BTC,1566762295148,2019-08-25T19:44:55.148Z,sell,4.14e-05,55.87,0.0023130179999999
EDO/BTC,1566762348421,2019-08-25T19:45:48.421Z,buy,4.14e-05,13.32,0.000551448
EDO/BTC,1566762348790,2019-08-25T19:45:48.790Z,buy,4.14e-05,13.05,0.00054027
EDO/BTC,1566762356410,2019-08-25T19:45:56.410Z,buy,4.14e-05,4.0,0.0001656
EDO/BTC,1566762388043,2019-08-25T19:46:28.043Z,buy,4.14e-05,524.04,0.0216952559999999
EDO/BTC,1566762414461,2019-08-25T19:46:54.461Z,buy,4.15e-05,811.35,0.033671025
EDO/BTC,1566762574418,2019-08-25T19:49:34.418Z,sell,4.14e-05,96.82,0.0040083479999999
EDO/BTC,1566762575395,2019-08-25T19:49:35.395Z,sell,4.14e-05,99.79,0.0041313059999999
EDO/BTC,1566762576472,2019-08-25T19:49:36.472Z,sell,4.14e-05,250.26,0.0103607639999999
EDO/BTC,1566762576954,2019-08-25T19:49:36.954Z,sell,4.13e-05,99.79,0.004121327
EDO/BTC,1566762580470,2019-08-25T19:49:40.470Z,sell,4.13e-05,4341.38,0.179298994
EDO/BTC,1566762581472,2019-08-25T19:49:41.472Z,sell,4.12e-05,716.26,0.029509912
EDO/BTC,1566762584477,2019-08-25T19:49:44.477Z,sell,4.12e-05,949.88,0.039135056
EDO/BTC,1566762588026,2019-08-25T19:49:48.026Z,buy,4.13e-05,334.78,0.0138264139999999
EDO/BTC,1566762588026,2019-08-25T19:49:48.026Z,buy,4.14e-05,138.61,0.005738454
EDO/BTC,1566762590475,2019-08-25T19:49:50.475Z,sell,4.11e-05,337.68,0.013878648
EDO/BTC,1566762595354,2019-08-25T19:49:55.354Z,sell,4.1e-05,360.61,0.01478501
EDO/BTC,1566762595380,2019-08-25T19:49:55.380Z,sell,4.1e-05,265.48,0.01088468
EDO/BTC,1566762603270,2019-08-25T19:50:03.270Z,sell,4.09e-05,32.8,0.00134152
EDO/BTC,1566762605832,2019-08-25T19:50:05.832Z,buy,4.1e-05,2.44,0.00010004
EDO/BTC,1566762606307,2019-08-25T19:50:06.307Z,buy,4.1e-05,8.0,0.000328
EDO/BTC,1566762617130,2019-08-25T19:50:17.130Z,buy,4.1e-05,84.32,0.0034571199999999
EDO/BTC,1566762670161,2019-08-25T19:51:10.161Z,buy,4.1e-05,250.0,0.01025
EDO/BTC,1566762670268,2019-08-25T19:51:10.268Z,buy,4.1e-05,420.69,0.01724829
EDO/BTC,1566762695682,2019-08-25T19:51:35.682Z,buy,4.1e-05,12.34,0.00050594
EDO/BTC,1566762695941,2019-08-25T19:51:35.941Z,buy,4.11e-05,13.14,0.000540054
EDO/BTC,1566762698309,2019-08-25T19:51:38.309Z,buy,4.11e-05,243.3,0.00999963
EDO/BTC,1566762727367,2019-08-25T19:52:07.367Z,buy,4.11e-05,0.83,3.4113000000000004e-05
EDO/BTC,1566762794682,2019-08-25T19:53:14.682Z,sell,4.1e-05,56.42,0.00231322
EDO/BTC,1566762794682,2019-08-25T19:53:14.682Z,sell,4.09e-05,581.01,0.023763309
EDO/BTC,1566762841090,2019-08-25T19:54:01.090Z,buy,4.11e-05,250.0,0.010275
EDO/BTC,1566762841253,2019-08-25T19:54:01.253Z,buy,4.11e-05,419.66,0.017248026
EDO/BTC,1566762841481,2019-08-25T19:54:01.481Z,buy,4.11e-05,717.25,0.029478975
EDO/BTC,1566762912122,2019-08-25T19:55:12.122Z,buy,4.13e-05,128.72,0.005316136
EDO/BTC,1566762914255,2019-08-25T19:55:14.255Z,buy,4.14e-05,11.55,0.00047817
EDO/BTC,1566762923738,2019-08-25T19:55:23.738Z,buy,4.12e-05,3.67,0.000151204
EDO/BTC,1566763000554,2019-08-25T19:56:40.554Z,buy,4.14e-05,188.56,0.0078063839999999
EDO/BTC,1566763000554,2019-08-25T19:56:40.554Z,buy,4.14e-05,188.56,0.0078063839999999
EDO/BTC,1566763461016,2019-08-25T20:04:21.016Z,buy,4.12e-05,92.92,0.003828304
EDO/BTC,1566763601219,2019-08-25T20:06:41.219Z,sell,4.12e-05,13.86,0.000571032
EDO/BTC,1566764079564,2019-08-25T20:14:39.564Z,buy,4.13e-05,428.41,0.017693333
EDO/BTC,1566764079564,2019-08-25T20:14:39.564Z,buy,4.15e-05,824.01,0.034196415
EDO/BTC,1566764079567,2019-08-25T20:14:39.567Z,buy,4.15e-05,1854.01,0.076941415
EDO/BTC,1566764505658,2019-08-25T20:21:45.658Z,buy,4.15e-05,0.87,3.6105e-05
EDO/BTC,1566764637692,2019-08-25T20:23:57.692Z,sell,4.13e-05,243.05,0.010037965
EDO/BTC,1566765021255,2019-08-25T20:30:21.255Z,buy,4.15e-05,227.73,0.009450795
EDO/BTC,1566765175602,2019-08-25T20:32:55.602Z,buy,4.15e-05,0.89,3.6935e-05
EDO/BTC,1566765716643,2019-08-25T20:41:56.643Z,sell,4.13e-05,4074.68,0.168284284
EDO/BTC,1566765717637,2019-08-25T20:41:57.637Z,sell,4.13e-05,726.1,0.02998793
EDO/BTC,1566765735328,2019-08-25T20:42:15.328Z,buy,4.14e-05,8.0,0.0003312
EDO/BTC,1566765819771,2019-08-25T20:43:39.771Z,sell,4.11e-05,478.42,0.019663062
EDO/BTC,1566765819771,2019-08-25T20:43:39.771Z,sell,4.1e-05,1132.47,0.04643127
EDO/BTC,1566765819771,2019-08-25T20:43:39.771Z,sell,4.09e-05,710.11,0.029043499
EDO/BTC,1566765838026,2019-08-25T20:43:58.026Z,buy,4.11e-05,8.9,0.00036579
EDO/BTC,1566765996743,2019-08-25T20:46:36.743Z,sell,4.1e-05,14.17,0.00058097
EDO/BTC,1566765996743,2019-08-25T20:46:36.743Z,sell,4.09e-05,13.29,0.0005435609999999
EDO/BTC,1566766183262,2019-08-25T20:49:43.262Z,buy,4.11e-05,281.32,0.011562252
EDO/BTC,1566766327601,2019-08-25T20:52:07.601Z,sell,4.09e-05,840.95,0.034394855
EDO/BTC,1566766327601,2019-08-25T20:52:07.601Z,sell,4.08e-05,1290.02,0.052632816
EDO/BTC,1566766327601,2019-08-25T20:52:07.601Z,sell,4.07e-05,2234.68,0.0909514759999999
EDO/BTC,1566766327689,2019-08-25T20:52:07.689Z,buy,4.07e-05,1448.3,0.05894581
EDO/BTC,1566766328026,2019-08-25T20:52:08.026Z,buy,4.11e-05,177.17,0.007281687
EDO/BTC,1566766328026,2019-08-25T20:52:08.026Z,buy,4.12e-05,72.83,0.003000596
EDO/BTC,1566766328301,2019-08-25T20:52:08.301Z,buy,4.11e-05,205.99,0.008466189
EDO/BTC,1566766328328,2019-08-25T20:52:08.328Z,buy,4.11e-05,309.07,0.012702777
EDO/BTC,1566766328328,2019-08-25T20:52:08.328Z,buy,4.12e-05,60.6,0.00249672
EDO/BTC,1566766328419,2019-08-25T20:52:08.419Z,buy,4.12e-05,214.0,0.0088168
EDO/BTC,1566766450775,2019-08-25T20:54:10.775Z,buy,4.11e-05,421.97,0.017342967
EDO/BTC,1566766492708,2019-08-25T20:54:52.708Z,buy,4.12e-05,13.47,0.000554964
EDO/BTC,1566766492714,2019-08-25T20:54:52.714Z,buy,4.13e-05,379.06,0.015655178
EDO/BTC,1566766492726,2019-08-25T20:54:52.726Z,buy,4.13e-05,419.8,0.01733774
EDO/BTC,1566766495232,2019-08-25T20:54:55.232Z,buy,4.13e-05,44.58,0.001841154
EDO/BTC,1566766495242,2019-08-25T20:54:55.242Z,buy,4.13e-05,44.58,0.001841154
EDO/BTC,1566766500506,2019-08-25T20:55:00.506Z,buy,4.13e-05,135.95,0.005614735
EDO/BTC,1566766518334,2019-08-25T20:55:18.334Z,sell,4.1e-05,69.73,0.00285893
EDO/BTC,1566766518437,2019-08-25T20:55:18.437Z,sell,4.1e-05,69.73,0.00285893
EDO/BTC,1566766518539,2019-08-25T20:55:18.539Z,sell,4.1e-05,57.2,0.0023452
EDO/BTC,1566766518644,2019-08-25T20:55:18.644Z,sell,4.1e-05,12.53,0.00051373
EDO/BTC,1566766518746,2019-08-25T20:55:18.746Z,sell,4.1e-05,69.73,0.00285893
EDO/BTC,1566766518845,2019-08-25T20:55:18.845Z,sell,4.1e-05,69.73,0.00285893
EDO/BTC,1566766518948,2019-08-25T20:55:18.948Z,sell,4.1e-05,58.93,0.00241613
EDO/BTC,1566766538935,2019-08-25T20:55:38.935Z,buy,4.12e-05,15.77,0.000649724
EDO/BTC,1566766590436,2019-08-25T20:56:30.436Z,buy,4.12e-05,694.74,0.028623288
EDO/BTC,1566766590436,2019-08-25T20:56:30.436Z,buy,4.13e-05,1.71,7.0623e-05
EDO/BTC,1566766590436,2019-08-25T20:56:30.436Z,buy,4.12e-05,694.74,0.028623288
EDO/BTC,1566766590436,2019-08-25T20:56:30.436Z,buy,4.13e-05,1.71,7.0623e-05
EDO/BTC,1566766725577,2019-08-25T20:58:45.577Z,buy,4.11e-05,0.68,2.7948000000000004e-05
EDO/BTC,1566766962258,2019-08-25T21:02:42.258Z,buy,4.11e-05,0.77,3.1647000000000004e-05
EDO/BTC,1566766968740,2019-08-25T21:02:48.740Z,sell,4.1e-05,586.69,0.02405429
EDO/BTC,1566767109543,2019-08-25T21:05:09.543Z,buy,4.1e-05,422.59,0.0173261899999999
EDO/BTC,1566767125012,2019-08-25T21:05:25.012Z,buy,4.1e-05,100.0,0.0041
EDO/BTC,1566767144845,2019-08-25T21:05:44.845Z,buy,4.1e-05,100.0,0.0041
EDO/BTC,1566767144982,2019-08-25T21:05:44.982Z,buy,4.1e-05,122.32,0.00501512
EDO/BTC,1566767159292,2019-08-25T21:05:59.292Z,buy,4.1e-05,207.74,0.00851734
EDO/BTC,1566767164328,2019-08-25T21:06:04.328Z,buy,4.1e-05,100.0,0.0041
EDO/BTC,1566767289527,2019-08-25T21:08:09.527Z,buy,4.1e-05,422.59,0.0173261899999999
EDO/BTC,1566767304167,2019-08-25T21:08:24.167Z,buy,4.1e-05,100.0,0.0041
EDO/BTC,1566767323994,2019-08-25T21:08:43.994Z,buy,4.1e-05,100.0,0.0041
EDO/BTC,1566767346300,2019-08-25T21:09:06.300Z,buy,4.1e-05,100.0,0.0041
EDO/BTC,1566767364627,2019-08-25T21:09:24.627Z,buy,4.1e-05,100.0,0.0041
EDO/BTC,1566767385351,2019-08-25T21:09:45.351Z,buy,4.1e-05,100.0,0.0041
EDO/BTC,1566767404210,2019-08-25T21:10:04.210Z,buy,4.1e-05,100.0,0.0041
EDO/BTC,1566767469114,2019-08-25T21:11:09.114Z,buy,4.1e-05,422.65,0.01732865
EDO/BTC,1566767485004,2019-08-25T21:11:25.004Z,buy,4.1e-05,100.0,0.0041
EDO/BTC,1566767504283,2019-08-25T21:11:44.283Z,buy,4.1e-05,100.0,0.0041
EDO/BTC,1566767524202,2019-08-25T21:12:04.202Z,buy,4.1e-05,100.0,0.0041
EDO/BTC,1566767543909,2019-08-25T21:12:23.909Z,buy,4.1e-05,100.0,0.0041
EDO/BTC,1566767564440,2019-08-25T21:12:44.440Z,buy,4.1e-05,100.0,0.0041
EDO/BTC,1566767584207,2019-08-25T21:13:04.207Z,buy,4.1e-05,100.0,0.0041
EDO/BTC,1566767610568,2019-08-25T21:13:30.568Z,sell,4.09e-05,55.65,0.0022760849999999
EDO/BTC,1566767620746,2019-08-25T21:13:40.746Z,sell,4.09e-05,15.0,0.0006135
EDO/BTC,1566767624012,2019-08-25T21:13:44.012Z,buy,4.11e-05,250.0,0.010275
EDO/BTC,1566767624138,2019-08-25T21:13:44.138Z,buy,4.11e-05,421.63,0.017328993
EDO/BTC,1566767644872,2019-08-25T21:14:04.872Z,buy,4.11e-05,100.0,0.00411
EDO/BTC,1566767665071,2019-08-25T21:14:25.071Z,buy,4.11e-05,100.0,0.00411
EDO/BTC,1566767684739,2019-08-25T21:14:44.739Z,buy,4.11e-05,100.0,0.00411
EDO/BTC,1566767704569,2019-08-25T21:15:04.569Z,buy,4.11e-05,100.0,0.00411
EDO/BTC,1566767724391,2019-08-25T21:15:24.391Z,buy,4.11e-05,100.0,0.00411
EDO/BTC,1566767745586,2019-08-25T21:15:45.586Z,buy,4.11e-05,100.0,0.00411
EDO/BTC,1566767761225,2019-08-25T21:16:01.225Z,buy,4.11e-05,81.48,0.003348828
EDO/BTC,1566767761225,2019-08-25T21:16:01.225Z,buy,4.12e-05,1183.95,0.04877874
EDO/BTC,1566767983736,2019-08-25T21:19:43.736Z,sell,4.1e-05,975.6,0.0399996
EDO/BTC,1566767983736,2019-08-25T21:19:43.736Z,sell,4.09e-05,1024.4,0.04189796
EDO/BTC,1566768004138,2019-08-25T21:20:04.138Z,buy,4.11e-05,81.43,0.003346773
EDO/BTC,1566768004813,2019-08-25T21:20:04.813Z,buy,4.11e-05,456.87,0.018777357
EDO/BTC,1566768004964,2019-08-25T21:20:04.964Z,buy,4.12e-05,216.89,0.008935868
EDO/BTC,1566768006038,2019-08-25T21:20:06.038Z,buy,4.12e-05,214.29,0.0088287479999999
EDO/BTC,1566768006443,2019-08-25T21:20:06.443Z,buy,4.12e-05,55.17,0.002273004
EDO/BTC,1566768006810,2019-08-25T21:20:06.810Z,buy,4.12e-05,1398.42,0.057614904
EDO/BTC,1566768009282,2019-08-25T21:20:09.282Z,buy,4.13e-05,18.71,0.000772723
EDO/BTC,1566768009282,2019-08-25T21:20:09.282Z,buy,4.14e-05,9.23,0.000382122
EDO/BTC,1566768011808,2019-08-25T21:20:11.808Z,buy,4.13e-05,975.6,0.04029228
EDO/BTC,1566768672754,2019-08-25T21:31:12.754Z,buy,4.13e-05,14.43,0.000595959
EDO/BTC,1566769078508,2019-08-25T21:37:58.508Z,sell,4.1e-05,85.0,0.003485
EDO/BTC,1566769117182,2019-08-25T21:38:37.182Z,buy,4.13e-05,436.0,0.0180068
EDO/BTC,1566769752522,2019-08-25T21:49:12.522Z,buy,4.13e-05,150.0,0.006195
EDO/BTC,1566769752522,2019-08-25T21:49:12.522Z,buy,4.13e-05,150.0,0.006195
EDO/BTC,1566770541974,2019-08-25T22:02:21.974Z,buy,4.11e-05,715.52,0.029407872
EDO/BTC,1566770589222,2019-08-25T22:03:09.222Z,buy,4.11e-05,250.0,0.010275
EDO/BTC,1566770589222,2019-08-25T22:03:09.222Z,buy,4.11e-05,472.94,0.019437834
EDO/BTC,1566770589353,2019-08-25T22:03:09.353Z,buy,4.12e-05,422.35,0.01740082
EDO/BTC,1566770589382,2019-08-25T22:03:09.382Z,sell,4.11e-05,5.41,0.000222351
EDO/BTC,1566770595923,2019-08-25T22:03:15.923Z,buy,4.12e-05,8.0,0.0003296
EDO/BTC,1566770761297,2019-08-25T22:06:01.297Z,buy,4.11e-05,184.56,0.007585416
EDO/BTC,1566770761297,2019-08-25T22:06:01.297Z,buy,4.12e-05,65.44,0.002696128
EDO/BTC,1566770761572,2019-08-25T22:06:01.572Z,buy,4.12e-05,421.68,0.017373216
EDO/BTC,1566770784745,2019-08-25T22:06:24.745Z,buy,4.12e-05,100.0,0.0041199999999999
EDO/BTC,1566770804505,2019-08-25T22:06:44.505Z,buy,4.12e-05,100.0,0.0041199999999999
EDO/BTC,1566770819308,2019-08-25T22:06:59.308Z,buy,4.12e-05,250.0,0.0103
EDO/BTC,1566770825670,2019-08-25T22:07:05.670Z,buy,4.12e-05,100.0,0.0041199999999999
EDO/BTC,1566770844387,2019-08-25T22:07:24.387Z,buy,4.12e-05,100.0,0.0041199999999999
EDO/BTC,1566770845292,2019-08-25T22:07:25.292Z,buy,4.12e-05,111.79,0.004605748
EDO/BTC,1566771960539,2019-08-25T22:26:00.539Z,sell,4.1e-05,206.79,0.00847839
EDO/BTC,1566772220742,2019-08-25T22:30:20.742Z,buy,4.12e-05,45.47,0.001873364
EDO/BTC,1566772432165,2019-08-25T22:33:52.165Z,buy,4.12e-05,158.87,0.006545444
EDO/BTC,1566772432165,2019-08-25T22:33:52.165Z,buy,4.13e-05,91.13,0.003763669
EDO/BTC,1566772432165,2019-08-25T22:33:52.165Z,buy,4.13e-05,500.0,0.02065
EDO/BTC,1566772432312,2019-08-25T22:33:52.312Z,buy,4.13e-05,204.01,0.008425613
EDO/BTC,1566772432312,2019-08-25T22:33:52.312Z,buy,4.14e-05,1045.77,0.0432948779999999
EDO/BTC,1566772432574,2019-08-25T22:33:52.574Z,buy,4.14e-05,118.84,0.0049199759999999
EDO/BTC,1566772432574,2019-08-25T22:33:52.574Z,buy,4.14e-05,118.84,0.0049199759999999
EDO/BTC,1566773918692,2019-08-25T22:58:38.692Z,sell,4.12e-05,336.63,0.0138691559999999
EDO/BTC,1566773918692,2019-08-25T22:58:38.692Z,sell,4.11e-05,363.86,0.014954646
EDO/BTC,1566773918692,2019-08-25T22:58:38.692Z,sell,4.09e-05,1236.55,0.0505748949999999
EDO/BTC,1566773920304,2019-08-25T22:58:40.304Z,sell,4.1e-05,364.65,0.01495065
EDO/BTC,1566773920304,2019-08-25T22:58:40.304Z,sell,4.09e-05,226.77,0.009274893
EDO/BTC,1566773920304,2019-08-25T22:58:40.304Z,sell,4.08e-05,138.49,0.005650392
EDO/BTC,1566773940230,2019-08-25T22:59:00.230Z,sell,4.1e-05,486.23,0.01993543
EDO/BTC,1566773940230,2019-08-25T22:59:00.230Z,sell,4.09e-05,721.49,0.029508941
EDO/BTC,1566773962468,2019-08-25T22:59:22.468Z,buy,4.14e-05,0.87,3.6018e-05
EDO/BTC,1566774201746,2019-08-25T23:03:21.746Z,buy,4.12e-05,73.26,0.003018312
EDO/BTC,1566774215261,2019-08-25T23:03:35.261Z,buy,4.12e-05,674.63,0.027794756
EDO/BTC,1566774917579,2019-08-25T23:15:17.579Z,buy,4.13e-05,8.0,0.0003304
EDO/BTC,1566775809423,2019-08-25T23:30:09.423Z,buy,4.11e-05,296.3,0.01217793
EDO/BTC,1566775809423,2019-08-25T23:30:09.423Z,buy,4.12e-05,121.63,0.0050111559999999
EDO/BTC,1566775809777,2019-08-25T23:30:09.777Z,buy,4.12e-05,250.0,0.0103
EDO/BTC,1566775816939,2019-08-25T23:30:16.939Z,sell,4.1e-05,50.9,0.0020869
EDO/BTC,1566775816939,2019-08-25T23:30:16.939Z,sell,4.1e-05,50.9,0.0020869
EDO/BTC,1566776370846,2019-08-25T23:39:30.846Z,sell,4.1e-05,747.14,0.03063274
EDO/BTC,1566776373592,2019-08-25T23:39:33.592Z,sell,4.1e-05,6.32,0.00025912
EDO/BTC,1566776415967,2019-08-25T23:40:15.967Z,sell,4.1e-05,420.63,0.01724583
EDO/BTC,1566776415967,2019-08-25T23:40:15.967Z,sell,4.09e-05,891.13,0.036447217
EDO/BTC,1566776590402,2019-08-25T23:43:10.402Z,buy,4.11e-05,125.04,0.005139144
EDO/BTC,1566776590402,2019-08-25T23:43:10.402Z,buy,4.12e-05,90.96,0.0037475519999999
EDO/BTC,1566776635218,2019-08-25T23:43:55.218Z,buy,4.13e-05,620.12,0.025610956
EDO/BTC,1566776636051,2019-08-25T23:43:56.051Z,sell,4.13e-05,2.46,0.000101598
EDO/BTC,1566776637047,2019-08-25T23:43:57.047Z,buy,4.14e-05,81.04,0.003355056
EDO/BTC,1566776642705,2019-08-25T23:44:02.705Z,sell,4.13e-05,3.74,0.000154462
EDO/BTC,1566778021517,2019-08-26T00:07:01.517Z,sell,4.1e-05,766.56,0.03142896
EDO/BTC,1566778022527,2019-08-26T00:07:02.527Z,sell,4.09e-05,1624.62,0.0664469579999999
EDO/BTC,1566778022781,2019-08-26T00:07:02.781Z,buy,4.11e-05,5.07,0.000208377
EDO/BTC,1566778090346,2019-08-26T00:08:10.346Z,buy,4.09e-05,417.85,0.017090065
EDO/BTC,1566778095826,2019-08-26T00:08:15.826Z,buy,4.09e-05,378.53,0.0154818769999999
EDO/BTC,1566778095826,2019-08-26T00:08:15.826Z,buy,4.1e-05,39.32,0.00161212
EDO/BTC,1566778249845,2019-08-26T00:10:49.845Z,buy,4.12e-05,0.68,2.8016e-05
EDO/BTC,1566778449537,2019-08-26T00:14:09.537Z,buy,4.11e-05,415.93,0.017094723
EDO/BTC,1566778464329,2019-08-26T00:14:24.329Z,buy,4.11e-05,100.0,0.00411
EDO/BTC,1566778483837,2019-08-26T00:14:43.837Z,buy,4.11e-05,100.0,0.00411
EDO/BTC,1566778504152,2019-08-26T00:15:04.152Z,buy,4.11e-05,100.0,0.00411
EDO/BTC,1566778547369,2019-08-26T00:15:47.369Z,sell,4.07e-05,139.97,0.005696779
EDO/BTC,1566778547369,2019-08-26T00:15:47.369Z,sell,4.06e-05,414.17,0.016815302
EDO/BTC,1566778547369,2019-08-26T00:15:47.369Z,sell,4.05e-05,421.47,0.017069535
EDO/BTC,1566778548550,2019-08-26T00:15:48.550Z,sell,4.07e-05,48.53,0.001975171
EDO/BTC,1566778548617,2019-08-26T00:15:48.617Z,sell,4.06e-05,61.34,0.002490404
EDO/BTC,1566778548617,2019-08-26T00:15:48.617Z,sell,4.05e-05,14.38,0.00058239
EDO/BTC,1566778548926,2019-08-26T00:15:48.926Z,buy,4.1e-05,28.82,0.00118162
EDO/BTC,1566778550749,2019-08-26T00:15:50.749Z,sell,4.06e-05,182.57,0.0074123419999999
EDO/BTC,1566778550870,2019-08-26T00:15:50.870Z,buy,4.06e-05,45.75,0.0018574499999999
EDO/BTC,1566778551096,2019-08-26T00:15:51.096Z,buy,4.06e-05,8.94,0.0003629639999999
EDO/BTC,1566778551415,2019-08-26T00:15:51.415Z,buy,4.06e-05,285.04,0.011572624
EDO/BTC,1566778553703,2019-08-26T00:15:53.703Z,sell,4.06e-05,49.5,0.0020096999999999
EDO/BTC,1566778554537,2019-08-26T00:15:54.537Z,sell,4.07e-05,48.53,0.001975171
EDO/BTC,1566778561955,2019-08-26T00:16:01.955Z,sell,4.05e-05,287.95,0.011661975
EDO/BTC,1566778562550,2019-08-26T00:16:02.550Z,sell,4.07e-05,48.53,0.001975171
EDO/BTC,1566778563930,2019-08-26T00:16:03.930Z,buy,4.09e-05,28.85,0.001179965
EDO/BTC,1566778580550,2019-08-26T00:16:20.550Z,sell,4.05e-05,1059.01,0.042889905
EDO/BTC,1566778581550,2019-08-26T00:16:21.550Z,sell,4.04e-05,4420.22,0.178576888
EDO/BTC,1566778582551,2019-08-26T00:16:22.551Z,sell,4.03e-05,2506.19,0.100999457
EDO/BTC,1566778583554,2019-08-26T00:16:23.554Z,sell,4.03e-05,0.01,4.03e-07
EDO/BTC,1566778583554,2019-08-26T00:16:23.554Z,sell,4.02e-05,572.7,0.02302254
EDO/BTC,1566778585563,2019-08-26T00:16:25.563Z,sell,4.01e-05,927.35,0.037186735
EDO/BTC,1566778585563,2019-08-26T00:16:25.563Z,sell,3.99e-05,8.0,0.0003192
EDO/BTC,1566778585563,2019-08-26T00:16:25.563Z,sell,3.99e-05,8.0,0.0003192
EDO/BTC,1566778585563,2019-08-26T00:16:25.563Z,sell,3.99e-05,8.0,0.0003192
EDO/BTC,1566778585563,2019-08-26T00:16:25.563Z,sell,3.99e-05,825.87,0.032952213
EDO/BTC,1566778586825,2019-08-26T00:16:26.825Z,buy,4.02e-05,82.33,0.003309666
EDO/BTC,1566778588546,2019-08-26T00:16:28.546Z,buy,4e-05,24.72,0.0009888
EDO/BTC,1566778588547,2019-08-26T00:16:28.547Z,sell,3.99e-05,6147.93,0.245302407
EDO/BTC,1566778588552,2019-08-26T00:16:28.552Z,sell,3.97e-05,37.78,0.001499866
EDO/BTC,1566778588552,2019-08-26T00:16:28.552Z,sell,3.96e-05,32.22,0.001275912
EDO/BTC,1566778588751,2019-08-26T00:16:28.751Z,buy,4e-05,7.54,0.0003016
EDO/BTC,1566778589440,2019-08-26T00:16:29.440Z,buy,4e-05,24.87,0.0009948
EDO/BTC,1566778589607,2019-08-26T00:16:29.607Z,buy,4e-05,9.15,0.000366
EDO/BTC,1566778590038,2019-08-26T00:16:30.038Z,buy,4e-05,10.0,0.0004
EDO/BTC,1566778590361,2019-08-26T00:16:30.361Z,buy,4e-05,10.0,0.0004
EDO/BTC,1566778590985,2019-08-26T00:16:30.985Z,buy,4e-05,9.15,0.000366
EDO/BTC,1566778591778,2019-08-26T00:16:31.778Z,buy,4e-05,158.66,0.0063464
EDO/BTC,1566778593337,2019-08-26T00:16:33.337Z,sell,3.97e-05,2.54,0.000100838
EDO/BTC,1566778593337,2019-08-26T00:16:33.337Z,sell,3.96e-05,30.41,0.001204236
EDO/BTC,1566778593519,2019-08-26T00:16:33.519Z,sell,3.97e-05,500.0,0.01985
EDO/BTC,1566778593598,2019-08-26T00:16:33.598Z,buy,3.97e-05,145.28,0.005767616
EDO/BTC,1566778593600,2019-08-26T00:16:33.600Z,buy,3.97e-05,145.28,0.005767616
EDO/BTC,1566778593609,2019-08-26T00:16:33.609Z,buy,3.97e-05,123.78,0.004914066
EDO/BTC,1566778593635,2019-08-26T00:16:33.635Z,buy,3.97e-05,145.28,0.005767616
EDO/BTC,1566778593656,2019-08-26T00:16:33.656Z,buy,3.97e-05,427.71,0.016980087
EDO/BTC,1566778593689,2019-08-26T00:16:33.689Z,buy,3.97e-05,12.59,0.000499823
EDO/BTC,1566778594930,2019-08-26T00:16:34.930Z,sell,3.96e-05,49.5,0.0019602
EDO/BTC,1566778594955,2019-08-26T00:16:34.955Z,sell,3.96e-05,302.5,0.011979
EDO/BTC,1566778594955,2019-08-26T00:16:34.955Z,sell,3.95e-05,5569.55,0.219997225
EDO/BTC,1566778594955,2019-08-26T00:16:34.955Z,sell,3.94e-05,307.71,0.012123774
EDO/BTC,1566778595311,2019-08-26T00:16:35.311Z,buy,3.96e-05,149.16,0.005906736
EDO/BTC,1566778595892,2019-08-26T00:16:35.892Z,buy,3.96e-05,24.34,0.000963864
EDO/BTC,1566778596495,2019-08-26T00:16:36.495Z,buy,3.96e-05,33.75,0.0013365
EDO/BTC,1566778596516,2019-08-26T00:16:36.516Z,sell,3.94e-05,1952.92,0.076945048
EDO/BTC,1566778596555,2019-08-26T00:16:36.555Z,buy,3.96e-05,141.06,0.005585976
EDO/BTC,1566778597428,2019-08-26T00:16:37.428Z,buy,3.96e-05,393.58,0.015585768
EDO/BTC,1566778597541,2019-08-26T00:16:37.541Z,sell,3.96e-05,233.42,0.009243432
EDO/BTC,1566778598553,2019-08-26T00:16:38.553Z,sell,3.94e-05,488.71,0.019255174
EDO/BTC,1566778598553,2019-08-26T00:16:38.553Z,sell,3.93e-05,96.7,0.00380031
EDO/BTC,1566778598553,2019-08-26T00:16:38.553Z,sell,3.92e-05,188.93,0.0074060559999999
EDO/BTC,1566778600227,2019-08-26T00:16:40.227Z,buy,3.96e-05,91.24,0.003613104
EDO/BTC,1566778600246,2019-08-26T00:16:40.246Z,sell,3.93e-05,1243.79,0.048880947
EDO/BTC,1566778601098,2019-08-26T00:16:41.098Z,buy,3.96e-05,23.78,0.000941688
EDO/BTC,1566778601541,2019-08-26T00:16:41.541Z,sell,3.93e-05,338.65,0.0133089449999999
EDO/BTC,1566778602289,2019-08-26T00:16:42.289Z,buy,3.96e-05,120.25,0.0047619
EDO/BTC,1566778602551,2019-08-26T00:16:42.551Z,sell,3.92e-05,589.32,0.023101344
EDO/BTC,1566778604277,2019-08-26T00:16:44.277Z,buy,3.96e-05,508.0,0.0201168
EDO/BTC,1566778604289,2019-08-26T00:16:44.289Z,buy,3.96e-05,250.0,0.0099
EDO/BTC,1566778604355,2019-08-26T00:16:44.355Z,buy,3.94e-05,30.53,0.001202882
EDO/BTC,1566778604355,2019-08-26T00:16:44.355Z,buy,3.96e-05,105.47,0.004176612
EDO/BTC,1566778604563,2019-08-26T00:16:44.563Z,buy,3.96e-05,600.0,0.02376
EDO/BTC,1566778609633,2019-08-26T00:16:49.633Z,buy,3.95e-05,148.71,0.005874045
EDO/BTC,1566778609641,2019-08-26T00:16:49.641Z,buy,3.95e-05,34.98,0.0013817099999999
EDO/BTC,1566778609641,2019-08-26T00:16:49.641Z,buy,3.96e-05,318.16,0.012599136
EDO/BTC,1566778615145,2019-08-26T00:16:55.145Z,buy,3.96e-05,168.27,0.006663492
EDO/BTC,1566778615889,2019-08-26T00:16:55.889Z,buy,3.96e-05,134.77,0.005336892
EDO/BTC,1566778633730,2019-08-26T00:17:13.730Z,sell,3.93e-05,32.14,0.001263102
EDO/BTC,1566778633730,2019-08-26T00:17:13.730Z,sell,3.92e-05,459.79,0.018023768
EDO/BTC,1566778636020,2019-08-26T00:17:16.020Z,buy,3.94e-05,430.97,0.016980218
EDO/BTC,1566778641278,2019-08-26T00:17:21.278Z,buy,3.94e-05,8.0,0.0003152
EDO/BTC,1566778650978,2019-08-26T00:17:30.978Z,buy,3.94e-05,8.68,0.000341992
EDO/BTC,1566778671901,2019-08-26T00:17:51.901Z,sell,3.93e-05,100.43,0.003946899
EDO/BTC,1566778684151,2019-08-26T00:18:04.151Z,sell,3.92e-05,44.1,0.00172872
EDO/BTC,1566778684201,2019-08-26T00:18:04.201Z,sell,3.92e-05,14.66,0.0005746719999999
EDO/BTC,1566778684223,2019-08-26T00:18:04.223Z,sell,3.92e-05,44.1,0.00172872
EDO/BTC,1566778689497,2019-08-26T00:18:09.497Z,buy,3.94e-05,327.38,0.012898772
EDO/BTC,1566778689497,2019-08-26T00:18:09.497Z,buy,3.96e-05,172.62,0.006835752
EDO/BTC,1566778689569,2019-08-26T00:18:09.569Z,buy,3.96e-05,107.9,0.00427284
EDO/BTC,1566778689569,2019-08-26T00:18:09.569Z,buy,3.97e-05,392.1,0.01556637
EDO/BTC,1566778704186,2019-08-26T00:18:24.186Z,sell,3.92e-05,232.31,0.0091065519999999
EDO/BTC,1566778704464,2019-08-26T00:18:24.464Z,buy,3.93e-05,2.81,0.000110433
EDO/BTC,1566778733054,2019-08-26T00:18:53.054Z,sell,3.92e-05,204.73,0.0080254159999999
EDO/BTC,1566778735428,2019-08-26T00:18:55.428Z,buy,3.93e-05,5.23,0.000205539
EDO/BTC,1566778740541,2019-08-26T00:19:00.541Z,sell,3.91e-05,1080.22,0.042236602
EDO/BTC,1566778740541,2019-08-26T00:19:00.541Z,sell,3.9e-05,1428.09,0.05569551
EDO/BTC,1566778740638,2019-08-26T00:19:00.638Z,buy,3.9e-05,75.65,0.00295035
EDO/BTC,1566778741091,2019-08-26T00:19:01.091Z,buy,3.89e-05,18.42,0.000716538
EDO/BTC,1566778741134,2019-08-26T00:19:01.134Z,buy,3.89e-05,318.75,0.0123993749999999
EDO/BTC,1566778741134,2019-08-26T00:19:01.134Z,buy,3.9e-05,116.64,0.00454896
EDO/BTC,1566778741289,2019-08-26T00:19:01.289Z,buy,3.89e-05,53.63,0.002086207
EDO/BTC,1566778741500,2019-08-26T00:19:01.500Z,buy,3.89e-05,168.3,0.00654687
EDO/BTC,1566778743325,2019-08-26T00:19:03.325Z,sell,3.88e-05,23.0,0.0008924
EDO/BTC,1566778743946,2019-08-26T00:19:03.946Z,buy,3.89e-05,334.68,0.013019052
EDO/BTC,1566778745340,2019-08-26T00:19:05.340Z,buy,3.89e-05,423.68,0.016481152
EDO/BTC,1566778745340,2019-08-26T00:19:05.340Z,buy,3.9e-05,45.37,0.0017694299999999
EDO/BTC,1566778746641,2019-08-26T00:19:06.641Z,sell,3.89e-05,168.27,0.006545703
EDO/BTC,1566778749020,2019-08-26T00:19:09.020Z,buy,3.9e-05,375.59,0.01464801
EDO/BTC,1566778750049,2019-08-26T00:19:10.049Z,buy,3.89e-05,49.5,0.0019255499999999
EDO/BTC,1566778750401,2019-08-26T00:19:10.401Z,sell,3.91e-05,34.2,0.00133722
EDO/BTC,1566778750496,2019-08-26T00:19:10.496Z,sell,3.91e-05,34.2,0.00133722
EDO/BTC,1566778751104,2019-08-26T00:19:11.104Z,buy,3.92e-05,25.59,0.0010031279999999
EDO/BTC,1566778752314,2019-08-26T00:19:12.314Z,sell,3.92e-05,32.29,0.0012657679999999
EDO/BTC,1566778761702,2019-08-26T00:19:21.702Z,buy,3.93e-05,13.97,0.000549021
EDO/BTC,1566778761734,2019-08-26T00:19:21.734Z,buy,3.93e-05,10.2,0.0004008599999999
EDO/BTC,1566778762202,2019-08-26T00:19:22.202Z,buy,3.93e-05,45.97,0.001806621
EDO/BTC,1566778762202,2019-08-26T00:19:22.202Z,buy,3.94e-05,57.88,0.002280472
EDO/BTC,1566778762597,2019-08-26T00:19:22.597Z,sell,3.94e-05,235.94,0.009296036
EDO/BTC,1566778762833,2019-08-26T00:19:22.833Z,buy,3.95e-05,770.17,0.030421715
EDO/BTC,1566778762922,2019-08-26T00:19:22.922Z,sell,3.95e-05,202.65,0.008004675
EDO/BTC,1566778763382,2019-08-26T00:19:23.382Z,sell,3.95e-05,335.46,0.0132506699999999
EDO/BTC,1566778763449,2019-08-26T00:19:23.449Z,sell,3.94e-05,55.37,0.002181578
EDO/BTC,1566778763649,2019-08-26T00:19:23.649Z,buy,3.95e-05,121.27,0.004790165
EDO/BTC,1566778772537,2019-08-26T00:19:32.537Z,buy,3.96e-05,31.25,0.0012375
EDO/BTC,1566778784630,2019-08-26T00:19:44.630Z,sell,3.95e-05,144.65,0.005713675
EDO/BTC,1566778784630,2019-08-26T00:19:44.630Z,sell,3.94e-05,2280.29,0.089843426
EDO/BTC,1566778784730,2019-08-26T00:19:44.730Z,buy,3.94e-05,7.05,0.00027777
EDO/BTC,1566778785145,2019-08-26T00:19:45.145Z,sell,3.93e-05,27.98,0.001099614
EDO/BTC,1566778785145,2019-08-26T00:19:45.145Z,sell,3.91e-05,25.31,0.000989621
EDO/BTC,1566778785257,2019-08-26T00:19:45.257Z,buy,3.91e-05,52.71,0.002060961
EDO/BTC,1566778785701,2019-08-26T00:19:45.701Z,buy,3.91e-05,28.8,0.00112608
EDO/BTC,1566778787900,2019-08-26T00:19:47.900Z,buy,3.91e-05,95.5,0.00373405
EDO/BTC,1566778789479,2019-08-26T00:19:49.479Z,sell,3.92e-05,38.74,0.001518608
EDO/BTC,1566778795656,2019-08-26T00:19:55.656Z,sell,3.91e-05,35.4,0.00138414
EDO/BTC,1566778796121,2019-08-26T00:19:56.121Z,sell,3.9e-05,17.39,0.00067821
EDO/BTC,1566778798109,2019-08-26T00:19:58.109Z,buy,3.91e-05,434.28,0.016980348
EDO/BTC,1566778799688,2019-08-26T00:19:59.688Z,sell,3.92e-05,134.46,0.005270832
EDO/BTC,1566778800729,2019-08-26T00:20:00.729Z,sell,3.92e-05,227.43,0.008915256
EDO/BTC,1566778801309,2019-08-26T00:20:01.309Z,sell,3.88e-05,81.16,0.003149008
EDO/BTC,1566778803489,2019-08-26T00:20:03.489Z,buy,3.88e-05,99.01,0.003841588
EDO/BTC,1566778803973,2019-08-26T00:20:03.973Z,buy,3.88e-05,329.81,0.012796628
EDO/BTC,1566778804143,2019-08-26T00:20:04.143Z,sell,3.87e-05,617.18,0.0238848659999999
EDO/BTC,1566778804886,2019-08-26T00:20:04.886Z,sell,3.87e-05,41.49,0.001605663
EDO/BTC,1566778805058,2019-08-26T00:20:05.058Z,buy,3.87e-05,9.26,0.000358362
EDO/BTC,1566778805493,2019-08-26T00:20:05.493Z,buy,3.87e-05,186.98,0.0072361259999999
EDO/BTC,1566778805493,2019-08-26T00:20:05.493Z,buy,3.88e-05,123.2,0.00478016
EDO/BTC,1566778814934,2019-08-26T00:20:14.934Z,buy,3.88e-05,225.29,0.008741252
EDO/BTC,1566778815094,2019-08-26T00:20:15.094Z,buy,3.88e-05,8.01,0.000310788
EDO/BTC,1566778820127,2019-08-26T00:20:20.127Z,buy,3.88e-05,10.39,0.000403132
EDO/BTC,1566778820493,2019-08-26T00:20:20.493Z,buy,3.88e-05,8.0,0.0003104
EDO/BTC,1566778823145,2019-08-26T00:20:23.145Z,buy,3.88e-05,7.05,0.00027354
EDO/BTC,1566778824558,2019-08-26T00:20:24.558Z,buy,3.88e-05,18.77,0.000728276
EDO/BTC,1566778825387,2019-08-26T00:20:25.387Z,buy,3.88e-05,18.78,0.000728664
EDO/BTC,1566778825586,2019-08-26T00:20:25.586Z,buy,3.88e-05,146.39,0.0056799319999999
EDO/BTC,1566778830242,2019-08-26T00:20:30.242Z,buy,3.88e-05,150.0,0.00582
EDO/BTC,1566778840846,2019-08-26T00:20:40.846Z,buy,3.88e-05,68.56,0.002660128
EDO/BTC,1566778842853,2019-08-26T00:20:42.853Z,sell,3.86e-05,1816.61,0.070121146
EDO/BTC,1566778843032,2019-08-26T00:20:43.032Z,buy,3.86e-05,424.94,0.016402684
EDO/BTC,1566778844237,2019-08-26T00:20:44.237Z,buy,3.86e-05,134.77,0.005202122
EDO/BTC,1566778844282,2019-08-26T00:20:44.282Z,buy,3.86e-05,10.3,0.00039758
EDO/BTC,1566778845377,2019-08-26T00:20:45.377Z,buy,3.86e-05,168.27,0.006495222
EDO/BTC,1566778846128,2019-08-26T00:20:46.128Z,sell,3.85e-05,56.35,0.002169475
EDO/BTC,1566778846128,2019-08-26T00:20:46.128Z,sell,3.85e-05,21.31,0.000820435
EDO/BTC,1566778846128,2019-08-26T00:20:46.128Z,sell,3.85e-05,188.93,0.007273805
EDO/BTC,1566778846128,2019-08-26T00:20:46.128Z,sell,3.85e-05,60.51,0.002329635
EDO/BTC,1566778846128,2019-08-26T00:20:46.128Z,sell,3.85e-05,188.56,0.00725956
EDO/BTC,1566778846128,2019-08-26T00:20:46.128Z,sell,3.85e-05,2067.68,0.07960568
EDO/BTC,1566778846128,2019-08-26T00:20:46.128Z,sell,3.84e-05,179.71,0.006900864
EDO/BTC,1566778846128,2019-08-26T00:20:46.128Z,sell,3.83e-05,601.71,0.023045493
EDO/BTC,1566778846128,2019-08-26T00:20:46.128Z,sell,3.82e-05,229.15,0.00875353
EDO/BTC,1566778846128,2019-08-26T00:20:46.128Z,sell,3.82e-05,896.4,0.03424248
EDO/BTC,1566778846128,2019-08-26T00:20:46.128Z,sell,3.82e-05,48.89,0.001867598
EDO/BTC,1566778846128,2019-08-26T00:20:46.128Z,sell,3.82e-05,162.92,0.0062235439999999
EDO/BTC,1566778846128,2019-08-26T00:20:46.128Z,sell,3.82e-05,728.88,0.027843216
EDO/BTC,1566778846128,2019-08-26T00:20:46.128Z,sell,3.82e-05,83.0,0.0031706
EDO/BTC,1566778846128,2019-08-26T00:20:46.128Z,sell,3.82e-05,10.08,0.000385056
EDO/BTC,1566778846128,2019-08-26T00:20:46.128Z,sell,3.82e-05,25.42,0.000971044
EDO/BTC,1566778846190,2019-08-26T00:20:46.190Z,buy,3.83e-05,69.7,0.00266951
EDO/BTC,1566778846250,2019-08-26T00:20:46.250Z,buy,3.83e-05,7.05,0.000270015
EDO/BTC,1566778846302,2019-08-26T00:20:46.302Z,buy,3.83e-05,308.89,0.011830487
EDO/BTC,1566778846347,2019-08-26T00:20:46.347Z,buy,3.83e-05,287.84,0.011024272
EDO/BTC,1566778846466,2019-08-26T00:20:46.466Z,buy,3.83e-05,72.51,0.002777133
EDO/BTC,1566778846569,2019-08-26T00:20:46.569Z,buy,3.83e-05,442.06,0.016930898
EDO/BTC,1566778846672,2019-08-26T00:20:46.672Z,sell,3.82e-05,121.27,0.004632514
EDO/BTC,1566778846674,2019-08-26T00:20:46.674Z,buy,3.83e-05,132.18,0.005062494
EDO/BTC,1566778846833,2019-08-26T00:20:46.833Z,buy,3.83e-05,361.6,0.01384928
EDO/BTC,1566778847290,2019-08-26T00:20:47.290Z,buy,3.83e-05,997.75,0.038213825
EDO/BTC,1566778847372,2019-08-26T00:20:47.372Z,buy,3.83e-05,269.72,0.010330276
EDO/BTC,1566778847372,2019-08-26T00:20:47.372Z,buy,3.84e-05,665.14,0.0255413759999999
EDO/BTC,1566778847372,2019-08-26T00:20:47.372Z,buy,3.85e-05,93.14,0.00358589
EDO/BTC,1566778848440,2019-08-26T00:20:48.440Z,sell,3.83e-05,117.0,0.0044811
EDO/BTC,1566778848737,2019-08-26T00:20:48.737Z,sell,3.83e-05,140.0,0.005362
EDO/BTC,1566778849619,2019-08-26T00:20:49.619Z,buy,3.84e-05,5.21,0.000200064
EDO/BTC,1566778849649,2019-08-26T00:20:49.649Z,sell,3.83e-05,87.32,0.003344356
EDO/BTC,1566778851309,2019-08-26T00:20:51.309Z,sell,3.82e-05,47.85,0.00182787
EDO/BTC,1566778851374,2019-08-26T00:20:51.374Z,sell,3.82e-05,64.56,0.002466192
EDO/BTC,1566778851732,2019-08-26T00:20:51.732Z,sell,3.82e-05,38.07,0.001454274
EDO/BTC,1566778853965,2019-08-26T00:20:53.965Z,buy,3.83e-05,57.33,0.002195739
EDO/BTC,1566778853965,2019-08-26T00:20:53.965Z,buy,3.84e-05,49.55,0.0019027199999999
EDO/BTC,1566778855457,2019-08-26T00:20:55.457Z,sell,3.82e-05,36.41,0.0013908619999999
EDO/BTC,1566778855618,2019-08-26T00:20:55.618Z,buy,3.84e-05,74.84,0.002873856
EDO/BTC,1566778855814,2019-08-26T00:20:55.814Z,sell,3.83e-05,80.05,0.003065915
EDO/BTC,1566778855814,2019-08-26T00:20:55.814Z,sell,3.82e-05,153.95,0.00588089
EDO/BTC,1566778857120,2019-08-26T00:20:57.120Z,sell,3.82e-05,72.11,0.002754602
EDO/BTC,1566778857134,2019-08-26T00:20:57.134Z,buy,3.83e-05,7.06,0.000270398
EDO/BTC,1566778857554,2019-08-26T00:20:57.554Z,buy,3.83e-05,42.44,0.001625452
EDO/BTC,1566778857554,2019-08-26T00:20:57.554Z,buy,3.84e-05,384.71,0.0147728639999999
EDO/BTC,1566778857688,2019-08-26T00:20:57.688Z,sell,3.82e-05,37.53,0.001433646
EDO/BTC,1566778859884,2019-08-26T00:20:59.884Z,sell,3.83e-05,344.32,0.013187456
EDO/BTC,1566778859884,2019-08-26T00:20:59.884Z,sell,3.82e-05,740.56,0.0282893919999999
EDO/BTC,1566778859895,2019-08-26T00:20:59.895Z,sell,3.82e-05,74.93,0.002862326
EDO/BTC,1566778861753,2019-08-26T00:21:01.753Z,buy,3.83e-05,7.05,0.000270015
EDO/BTC,1566778861841,2019-08-26T00:21:01.841Z,buy,3.83e-05,428.27,0.016402741
EDO/BTC,1566778863409,2019-08-26T00:21:03.409Z,sell,3.82e-05,37.26,0.001423332
EDO/BTC,1566778863422,2019-08-26T00:21:03.422Z,buy,3.84e-05,427.15,0.01640256
EDO/BTC,1566778867753,2019-08-26T00:21:07.753Z,buy,3.84e-05,159.93,0.006141312
EDO/BTC,1566778868111,2019-08-26T00:21:08.111Z,sell,3.83e-05,18.0,0.0006894
EDO/BTC,1566778869035,2019-08-26T00:21:09.035Z,sell,3.83e-05,22.4,0.00085792
EDO/BTC,1566778870608,2019-08-26T00:21:10.608Z,buy,3.85e-05,711.83,0.027405455
EDO/BTC,1566778871183,2019-08-26T00:21:11.183Z,buy,3.85e-05,426.04,0.01640254
EDO/BTC,1566778873549,2019-08-26T00:21:13.549Z,buy,3.85e-05,453.28,0.01745128
EDO/BTC,1566778906852,2019-08-26T00:21:46.852Z,buy,3.86e-05,259.06,0.009999716
EDO/BTC,1566778922626,2019-08-26T00:22:02.626Z,buy,3.86e-05,220.66,0.008517476
EDO/BTC,1566778922858,2019-08-26T00:22:02.858Z,sell,3.87e-05,7.05,0.0002728349999999
EDO/BTC,1566778922911,2019-08-26T00:22:02.911Z,sell,3.87e-05,70.69,0.002735703
EDO/BTC,1566778922958,2019-08-26T00:22:02.958Z,sell,3.87e-05,45.66,0.001767042
EDO/BTC,1566778961436,2019-08-26T00:22:41.436Z,sell,3.87e-05,73.46,0.0028429019999999
EDO/BTC,1566778967995,2019-08-26T00:22:47.995Z,sell,3.86e-05,550.82,0.021261652
EDO/BTC,1566778967995,2019-08-26T00:22:47.995Z,sell,3.85e-05,500.0,0.01925
EDO/BTC,1566778967995,2019-08-26T00:22:47.995Z,sell,3.84e-05,25.78,0.000989952
EDO/BTC,1566778967995,2019-08-26T00:22:47.995Z,sell,3.83e-05,1064.24,0.040760392
EDO/BTC,1566778967995,2019-08-26T00:22:47.995Z,sell,3.82e-05,3613.65,0.13804143
EDO/BTC,1566778967995,2019-08-26T00:22:47.995Z,sell,3.81e-05,11648.67,0.4438143269999999
EDO/BTC,1566778967995,2019-08-26T00:22:47.995Z,sell,3.81e-05,334.34,0.0127383539999999
EDO/BTC,1566778968110,2019-08-26T00:22:48.110Z,buy,3.84e-05,54.25,0.0020832
EDO/BTC,1566778968221,2019-08-26T00:22:48.221Z,buy,3.84e-05,10.36,0.0003978239999999
EDO/BTC,1566778968252,2019-08-26T00:22:48.252Z,buy,3.84e-05,427.15,0.01640256
EDO/BTC,1566778968305,2019-08-26T00:22:48.305Z,buy,3.84e-05,500.0,0.0192
EDO/BTC,1566778968517,2019-08-26T00:22:48.517Z,buy,3.84e-05,227.08,0.008719872
EDO/BTC,1566778968517,2019-08-26T00:22:48.517Z,buy,3.85e-05,120.89,0.004654265
EDO/BTC,1566778968752,2019-08-26T00:22:48.752Z,buy,3.86e-05,25.78,0.000995108
EDO/BTC,1566778968752,2019-08-26T00:22:48.752Z,buy,3.88e-05,25.22,0.000978536
EDO/BTC,1566778972416,2019-08-26T00:22:52.416Z,sell,3.86e-05,21.6,0.00083376
EDO/BTC,1566778972859,2019-08-26T00:22:52.859Z,buy,3.88e-05,7.05,0.00027354
EDO/BTC,1566778988023,2019-08-26T00:23:08.023Z,buy,3.86e-05,7.05,0.00027213
EDO/BTC,1566779011434,2019-08-26T00:23:31.434Z,sell,3.84e-05,11.84,0.0004546559999999
EDO/BTC,1566779011552,2019-08-26T00:23:31.552Z,buy,3.84e-05,122.93,0.004720512
EDO/BTC,1566779018216,2019-08-26T00:23:38.216Z,buy,3.86e-05,0.92,3.5512e-05
EDO/BTC,1566779020627,2019-08-26T00:23:40.627Z,sell,3.85e-05,14.43,0.000555555
EDO/BTC,1566779029947,2019-08-26T00:23:49.947Z,sell,3.85e-05,7.17,0.000276045
EDO/BTC,1566779030550,2019-08-26T00:23:50.550Z,buy,3.85e-05,160.8,0.0061908
EDO/BTC,1566779031852,2019-08-26T00:23:51.852Z,buy,3.85e-05,7.06,0.00027181
EDO/BTC,1566779032406,2019-08-26T00:23:52.406Z,buy,3.85e-05,7.02,0.0002702699999999
EDO/BTC,1566779032796,2019-08-26T00:23:52.796Z,sell,3.84e-05,22.4,0.0008601599999999
EDO/BTC,1566779034553,2019-08-26T00:23:54.553Z,buy,3.84e-05,218.46,0.008388864
EDO/BTC,1566779043556,2019-08-26T00:24:03.556Z,buy,3.85e-05,521.28,0.02006928
EDO/BTC,1566779046840,2019-08-26T00:24:06.840Z,sell,3.85e-05,18.0,0.000693
EDO/BTC,1566779047744,2019-08-26T00:24:07.744Z,sell,3.85e-05,22.4,0.0008623999999999
EDO/BTC,1566779061852,2019-08-26T00:24:21.852Z,buy,3.87e-05,43.51,0.0016838369999999
EDO/BTC,1566779067535,2019-08-26T00:24:27.535Z,buy,3.88e-05,173.82,0.006744216
EDO/BTC,1566779067558,2019-08-26T00:24:27.558Z,buy,3.88e-05,10.32,0.000400416
EDO/BTC,1566779073690,2019-08-26T00:24:33.690Z,sell,3.87e-05,350.0,0.013545
EDO/BTC,1566779094000,2019-08-26T00:24:54.000Z,buy,3.89e-05,0.78,3.0342e-05
EDO/BTC,1566779126330,2019-08-26T00:25:26.330Z,buy,3.89e-05,6.34,0.0002466259999999
EDO/BTC,1566779131554,2019-08-26T00:25:31.554Z,buy,3.89e-05,1233.7,0.04799093
EDO/BTC,1566779146246,2019-08-26T00:25:46.246Z,sell,3.88e-05,18.18,0.000705384
EDO/BTC,1566779150551,2019-08-26T00:25:50.551Z,buy,3.89e-05,26.63,0.001035907
EDO/BTC,1566779155476,2019-08-26T00:25:55.476Z,buy,3.91e-05,51.16,0.002000356
EDO/BTC,1566779204306,2019-08-26T00:26:44.306Z,sell,3.9e-05,5.67,0.00022113
EDO/BTC,1566779242117,2019-08-26T00:27:22.117Z,sell,3.9e-05,5.21,0.0002031899999999
EDO/BTC,1566779255258,2019-08-26T00:27:35.258Z,buy,3.91e-05,10.51,0.000410941
EDO/BTC,1566779255258,2019-08-26T00:27:35.258Z,buy,3.93e-05,116.07,0.004561551
EDO/BTC,1566779285767,2019-08-26T00:28:05.767Z,sell,3.91e-05,330.87,0.012937017
EDO/BTC,1566779285767,2019-08-26T00:28:05.767Z,sell,3.9e-05,1008.21,0.03932019
EDO/BTC,1566779285767,2019-08-26T00:28:05.767Z,sell,3.89e-05,1305.99,0.0508030109999999
EDO/BTC,1566779285767,2019-08-26T00:28:05.767Z,sell,3.88e-05,2585.3,0.10030964
EDO/BTC,1566779285827,2019-08-26T00:28:05.827Z,buy,3.95e-05,0.85,3.3575e-05
EDO/BTC,1566779297054,2019-08-26T00:28:17.054Z,sell,3.89e-05,134.77,0.005242553
EDO/BTC,1566779313511,2019-08-26T00:28:33.511Z,buy,3.92e-05,26.89,0.001054088
EDO/BTC,1566779315603,2019-08-26T00:28:35.603Z,sell,3.89e-05,167.97,0.006534033
EDO/BTC,1566779326747,2019-08-26T00:28:46.747Z,buy,3.92e-05,134.77,0.005282984
EDO/BTC,1566779352227,2019-08-26T00:29:12.227Z,buy,3.9e-05,336.89,0.01313871
EDO/BTC,1566779352227,2019-08-26T00:29:12.227Z,buy,3.91e-05,86.04,0.003364164
EDO/BTC,1566779352535,2019-08-26T00:29:12.535Z,buy,3.91e-05,0.89,3.4799000000000003e-05
EDO/BTC,1566779362219,2019-08-26T00:29:22.219Z,buy,3.91e-05,255.76,0.010000216
EDO/BTC,1566779380404,2019-08-26T00:29:40.404Z,buy,3.91e-05,168.27,0.006579357
EDO/BTC,1566779407687,2019-08-26T00:30:07.687Z,buy,3.92e-05,26.81,0.001050952
EDO/BTC,1566779407687,2019-08-26T00:30:07.687Z,buy,3.94e-05,113.85,0.00448569
EDO/BTC,1566779409471,2019-08-26T00:30:09.471Z,buy,3.94e-05,418.15,0.01647511
EDO/BTC,1566779409859,2019-08-26T00:30:09.859Z,buy,3.94e-05,86.77,0.003418738
EDO/BTC,1566779409859,2019-08-26T00:30:09.859Z,buy,3.95e-05,275.14,0.0108680299999999
EDO/BTC,1566779412890,2019-08-26T00:30:12.890Z,buy,3.94e-05,16.0,0.0006304
EDO/BTC,1566779412890,2019-08-26T00:30:12.890Z,buy,3.95e-05,128.54,0.00507733
EDO/BTC,1566779412890,2019-08-26T00:30:12.890Z,buy,3.94e-05,16.0,0.0006304
EDO/BTC,1566779412890,2019-08-26T00:30:12.890Z,buy,3.95e-05,128.54,0.00507733
EDO/BTC,1566779433135,2019-08-26T00:30:33.135Z,sell,3.91e-05,173.5,0.00678385
EDO/BTC,1566779433135,2019-08-26T00:30:33.135Z,sell,3.91e-05,8.0,0.0003128
EDO/BTC,1566779433161,2019-08-26T00:30:33.161Z,sell,3.91e-05,41.63,0.001627733
EDO/BTC,1566779434346,2019-08-26T00:30:34.346Z,buy,3.94e-05,298.11,0.011745534
EDO/BTC,1566779434346,2019-08-26T00:30:34.346Z,buy,3.95e-05,63.57,0.0025110149999999
EDO/BTC,1566779472036,2019-08-26T00:31:12.036Z,buy,3.93e-05,384.53,0.0151120289999999
EDO/BTC,1566779472036,2019-08-26T00:31:12.036Z,buy,3.95e-05,115.47,0.0045610649999999
EDO/BTC,1566779472123,2019-08-26T00:31:12.123Z,buy,3.95e-05,500.0,0.01975
EDO/BTC,1566779472521,2019-08-26T00:31:12.521Z,buy,3.95e-05,56.14,0.00221753
EDO/BTC,1566779472590,2019-08-26T00:31:12.590Z,sell,3.95e-05,5.67,0.000223965
EDO/BTC,1566779531923,2019-08-26T00:32:11.923Z,buy,3.95e-05,3.08,0.00012166
EDO/BTC,1566779531923,2019-08-26T00:32:11.923Z,buy,3.97e-05,236.26,0.009379522
EDO/BTC,1566779537048,2019-08-26T00:32:17.048Z,sell,3.92e-05,134.77,0.005282984
EDO/BTC,1566779539222,2019-08-26T00:32:19.222Z,buy,3.94e-05,25.25,0.00099485
EDO/BTC,1566779539222,2019-08-26T00:32:19.222Z,buy,3.97e-05,203.97,0.008097609
EDO/BTC,1566779650480,2019-08-26T00:34:10.480Z,buy,3.95e-05,352.16,0.01391032
EDO/BTC,1566779650480,2019-08-26T00:34:10.480Z,buy,3.96e-05,63.89,0.002530044
EDO/BTC,1566779666979,2019-08-26T00:34:26.979Z,buy,3.96e-05,134.77,0.005336892
EDO/BTC,1566779704193,2019-08-26T00:35:04.193Z,sell,3.93e-05,231.56,0.009100308
EDO/BTC,1566779704193,2019-08-26T00:35:04.193Z,sell,3.9e-05,99.12,0.00386568
EDO/BTC,1566779704310,2019-08-26T00:35:04.310Z,buy,3.9e-05,9.2,0.0003587999999999
EDO/BTC,1566779704409,2019-08-26T00:35:04.409Z,buy,3.9e-05,53.08,0.00207012
EDO/BTC,1566779704434,2019-08-26T00:35:04.434Z,buy,3.9e-05,421.59,0.01644201
EDO/BTC,1566779704466,2019-08-26T00:35:04.466Z,buy,3.9e-05,37.42,0.00145938
EDO/BTC,1566779704504,2019-08-26T00:35:04.504Z,buy,3.9e-05,7.05,0.00027495
EDO/BTC,1566779704578,2019-08-26T00:35:04.578Z,buy,3.9e-05,1601.7,0.0624663
EDO/BTC,1566779704713,2019-08-26T00:35:04.713Z,buy,3.92e-05,25.59,0.0010031279999999
EDO/BTC,1566779704847,2019-08-26T00:35:04.847Z,sell,3.92e-05,53.08,0.0020807359999999
EDO/BTC,1566779704867,2019-08-26T00:35:04.867Z,buy,3.96e-05,319.94,0.012669624
EDO/BTC,1566779705200,2019-08-26T00:35:05.200Z,sell,3.9e-05,53.08,0.00207012
EDO/BTC,1566779707887,2019-08-26T00:35:07.887Z,sell,3.91e-05,168.27,0.006579357
EDO/BTC,1566779830091,2019-08-26T00:37:10.091Z,buy,3.95e-05,56.0,0.002212
EDO/BTC,1566779830641,2019-08-26T00:37:10.641Z,buy,3.96e-05,415.2,0.01644192
EDO/BTC,1566779878742,2019-08-26T00:37:58.742Z,buy,3.93e-05,53.08,0.002086044
EDO/BTC,1566779892962,2019-08-26T00:38:12.962Z,buy,3.94e-05,112.27,0.004423438
EDO/BTC,1566779892962,2019-08-26T00:38:12.962Z,buy,3.95e-05,556.06,0.0219643699999999
EDO/BTC,1566779904639,2019-08-26T00:38:24.639Z,buy,3.95e-05,0.93,3.6735e-05
EDO/BTC,1566779905823,2019-08-26T00:38:25.823Z,buy,3.95e-05,255.63,0.0100973849999999
EDO/BTC,1566779963711,2019-08-26T00:39:23.711Z,buy,3.95e-05,0.9,3.555e-05
EDO/BTC,1566780112474,2019-08-26T00:41:52.474Z,buy,3.95e-05,394.84,0.0155961799999999
EDO/BTC,1566780114921,2019-08-26T00:41:54.921Z,sell,3.95e-05,7.05,0.000278475
EDO/BTC,1566780115392,2019-08-26T00:41:55.392Z,buy,3.97e-05,5.93,0.000235421
EDO/BTC,1566780115555,2019-08-26T00:41:55.555Z,sell,3.97e-05,53.08,0.002107276
EDO/BTC,1566780118641,2019-08-26T00:41:58.641Z,buy,3.98e-05,60.64,0.002413472
EDO/BTC,1566780118707,2019-08-26T00:41:58.707Z,sell,3.98e-05,5.67,0.000225666
EDO/BTC,1566780120819,2019-08-26T00:42:00.819Z,sell,3.99e-05,7.05,0.000281295
EDO/BTC,1566780121087,2019-08-26T00:42:01.087Z,sell,3.99e-05,645.82,0.025768218
EDO/BTC,1566780121146,2019-08-26T00:42:01.146Z,sell,4e-05,277.61,0.0111044
EDO/BTC,1566780121210,2019-08-26T00:42:01.210Z,sell,4e-05,2.6,0.000104
EDO/BTC,1566780125211,2019-08-26T00:42:05.211Z,buy,3.98e-05,3.08,0.000122584
EDO/BTC,1566780127768,2019-08-26T00:42:07.768Z,sell,3.98e-05,329.27,0.013104946
EDO/BTC,1566780130134,2019-08-26T00:42:10.134Z,sell,3.95e-05,251.17,0.0099212149999999
EDO/BTC,1566780147161,2019-08-26T00:42:27.161Z,sell,3.94e-05,25.12,0.000989728
EDO/BTC,1566780147283,2019-08-26T00:42:27.283Z,buy,3.94e-05,7.05,0.00027777
EDO/BTC,1566780156133,2019-08-26T00:42:36.133Z,sell,3.92e-05,179.7,0.0070442399999999
EDO/BTC,1566780180990,2019-08-26T00:43:00.990Z,buy,3.94e-05,102.16,0.004025104
EDO/BTC,1566780180990,2019-08-26T00:43:00.990Z,buy,3.96e-05,139.91,0.005540436
EDO/BTC,1566780181350,2019-08-26T00:43:01.350Z,buy,3.96e-05,692.62,0.027427752
EDO/BTC,1566780181350,2019-08-26T00:43:01.350Z,buy,3.97e-05,552.15,0.021920355
EDO/BTC,1566780228764,2019-08-26T00:43:48.764Z,sell,3.94e-05,200.0,0.00788
EDO/BTC,1566780310202,2019-08-26T00:45:10.202Z,buy,3.97e-05,1239.76,0.049218472
EDO/BTC,1566780314632,2019-08-26T00:45:14.632Z,buy,3.97e-05,3.43,0.000136171
EDO/BTC,1566780406323,2019-08-26T00:46:46.323Z,sell,3.98e-05,7.05,0.00028059
EDO/BTC,1566780406336,2019-08-26T00:46:46.336Z,buy,3.99e-05,3.08,0.000122892
EDO/BTC,1566780407526,2019-08-26T00:46:47.526Z,sell,3.99e-05,149.25,0.005955075
EDO/BTC,1566780407811,2019-08-26T00:46:47.811Z,sell,4e-05,5.67,0.0002268
EDO/BTC,1566780413921,2019-08-26T00:46:53.921Z,sell,4e-05,241.7,0.009668
EDO/BTC,1566780413921,2019-08-26T00:46:53.921Z,sell,3.99e-05,646.02,0.025776198
EDO/BTC,1566780437593,2019-08-26T00:47:17.593Z,buy,3.99e-05,0.78,3.1122000000000005e-05
EDO/BTC,1566780477235,2019-08-26T00:47:57.235Z,buy,3.99e-05,588.47,0.023479953
EDO/BTC,1566780477327,2019-08-26T00:47:57.327Z,sell,3.99e-05,7.05,0.000281295
EDO/BTC,1566780477604,2019-08-26T00:47:57.604Z,sell,3.99e-05,240.4,0.00959196
EDO/BTC,1566780489619,2019-08-26T00:48:09.619Z,buy,4e-05,466.89,0.0186756
EDO/BTC,1566780489619,2019-08-26T00:48:09.619Z,buy,4.01e-05,770.66,0.0309034659999999
EDO/BTC,1566780660102,2019-08-26T00:51:00.102Z,sell,3.98e-05,255.5,0.0101689
EDO/BTC,1566780660102,2019-08-26T00:51:00.102Z,sell,3.98e-05,8.0,0.0003184
EDO/BTC,1566780669591,2019-08-26T00:51:09.591Z,buy,4e-05,263.5,0.01054
EDO/BTC,1566780669591,2019-08-26T00:51:09.591Z,buy,4.01e-05,149.98,0.0060141979999999
EDO/BTC,1566780670066,2019-08-26T00:51:10.066Z,buy,4.01e-05,1026.55,0.0411646549999999
EDO/BTC,1566780672641,2019-08-26T00:51:12.641Z,buy,4.01e-05,27.31,0.0010951309999999
EDO/BTC,1566780672907,2019-08-26T00:51:12.907Z,buy,4.01e-05,271.46,0.010885546
EDO/BTC,1566780700563,2019-08-26T00:51:40.563Z,buy,4.01e-05,4.83,0.000193683
EDO/BTC,1566780700776,2019-08-26T00:51:40.776Z,sell,3.97e-05,26.86,0.001066342
EDO/BTC,1566780703872,2019-08-26T00:51:43.872Z,buy,4.01e-05,34.91,0.001399891
EDO/BTC,1566780729193,2019-08-26T00:52:09.193Z,buy,4.01e-05,73.46,0.0029457459999999
EDO/BTC,1566780729193,2019-08-26T00:52:09.193Z,buy,4.02e-05,3.07,0.000123414
EDO/BTC,1566780729193,2019-08-26T00:52:09.193Z,buy,4.03e-05,3.32,0.000133796
EDO/BTC,1566780729193,2019-08-26T00:52:09.193Z,buy,4.04e-05,281.27,0.0113633079999999
EDO/BTC,1566780729193,2019-08-26T00:52:09.193Z,buy,4.05e-05,26.86,0.00108783
EDO/BTC,1566780729193,2019-08-26T00:52:09.193Z,buy,4.06e-05,112.02,0.004548012
EDO/BTC,1566780729266,2019-08-26T00:52:09.266Z,buy,4.05e-05,329.0,0.0133245
EDO/BTC,1566780729266,2019-08-26T00:52:09.266Z,buy,4.06e-05,171.0,0.0069425999999999
EDO/BTC,1566780729379,2019-08-26T00:52:09.379Z,buy,4.06e-05,268.62,0.010905972
EDO/BTC,1566780729379,2019-08-26T00:52:09.379Z,buy,4.08e-05,163.57,0.006673656
EDO/BTC,1566780729444,2019-08-26T00:52:09.444Z,buy,4.05e-05,329.64,0.01335042
EDO/BTC,1566780729483,2019-08-26T00:52:09.483Z,sell,4.06e-05,30.45,0.0012362699999999
EDO/BTC,1566780729706,2019-08-26T00:52:09.706Z,buy,4.01e-05,14.31,0.000573831
EDO/BTC,1566780730904,2019-08-26T00:52:10.904Z,sell,4.02e-05,66.5,0.0026733
EDO/BTC,1566780731763,2019-08-26T00:52:11.763Z,sell,4.02e-05,14.09,0.000566418
EDO/BTC,1566780731763,2019-08-26T00:52:11.763Z,sell,4.01e-05,29.91,0.001199391
EDO/BTC,1566780731994,2019-08-26T00:52:11.994Z,sell,4.01e-05,44.0,0.0017644
EDO/BTC,1566780732066,2019-08-26T00:52:12.066Z,sell,4.01e-05,44.0,0.0017644
EDO/BTC,1566780744462,2019-08-26T00:52:24.462Z,sell,4.01e-05,331.02,0.0132739019999999
EDO/BTC,1566780745247,2019-08-26T00:52:25.247Z,sell,4e-05,286.62,0.0114648
EDO/BTC,1566780745667,2019-08-26T00:52:25.667Z,sell,4e-05,87.12,0.0034848
EDO/BTC,1566780746087,2019-08-26T00:52:26.087Z,buy,4e-05,63.18,0.0025272
EDO/BTC,1566780799301,2019-08-26T00:53:19.301Z,buy,4.01e-05,0.81,3.2481e-05
EDO/BTC,1566780872457,2019-08-26T00:54:32.457Z,sell,3.98e-05,13.97,0.000556006
EDO/BTC,1566780883673,2019-08-26T00:54:43.673Z,buy,4e-05,100.0,0.004
EDO/BTC,1566780902048,2019-08-26T00:55:02.048Z,sell,3.97e-05,259.06,0.010284682
EDO/BTC,1566780904660,2019-08-26T00:55:04.660Z,buy,4e-05,100.0,0.004
EDO/BTC,1566780943051,2019-08-26T00:55:43.051Z,buy,4e-05,11.43,0.0004572
EDO/BTC,1566780943235,2019-08-26T00:55:43.235Z,buy,4e-05,351.47,0.0140588
EDO/BTC,1566780943235,2019-08-26T00:55:43.235Z,buy,4.01e-05,879.94,0.035285594
EDO/BTC,1566780956629,2019-08-26T00:55:56.629Z,buy,4e-05,256.07,0.0102428
EDO/BTC,1566781110215,2019-08-26T00:58:30.215Z,buy,4e-05,0.92,3.680000000000001e-05
EDO/BTC,1566781149070,2019-08-26T00:59:09.070Z,buy,4e-05,58.26,0.0023304
EDO/BTC,1566781149070,2019-08-26T00:59:09.070Z,buy,4.01e-05,625.71,0.025090971
EDO/BTC,1566781149478,2019-08-26T00:59:09.478Z,buy,4.01e-05,354.05,0.014197405
EDO/BTC,1566781150502,2019-08-26T00:59:10.502Z,buy,4.01e-05,342.91,0.013750691
EDO/BTC,1566781150502,2019-08-26T00:59:10.502Z,buy,4.02e-05,3.17,0.000127434
EDO/BTC,1566781150502,2019-08-26T00:59:10.502Z,buy,4.03e-05,3.07,0.0001237209999999
EDO/BTC,1566781150502,2019-08-26T00:59:10.502Z,buy,4.05e-05,4.25,0.000172125
EDO/BTC,1566781151465,2019-08-26T00:59:11.465Z,buy,4.05e-05,49.38,0.00199989
EDO/BTC,1566781214159,2019-08-26T01:00:14.159Z,buy,4.04e-05,3.07,0.0001240279999999
EDO/BTC,1566781214159,2019-08-26T01:00:14.159Z,buy,4.05e-05,41.27,0.001671435
EDO/BTC,1566781214159,2019-08-26T01:00:14.159Z,buy,4.06e-05,5.04,0.0002046239999999
EDO/BTC,1566781331489,2019-08-26T01:02:11.489Z,sell,4.04e-05,164.59,0.006649436
EDO/BTC,1566781350589,2019-08-26T01:02:30.589Z,sell,4.04e-05,163.0,0.0065852
EDO/BTC,1566781350589,2019-08-26T01:02:30.589Z,sell,4.03e-05,500.0,0.0201499999999999
EDO/BTC,1566781351172,2019-08-26T01:02:31.172Z,buy,4.03e-05,455.98,0.018375994
EDO/BTC,1566781351586,2019-08-26T01:02:31.586Z,buy,4.03e-05,150.76,0.006075628
EDO/BTC,1566781353436,2019-08-26T01:02:33.436Z,buy,4.03e-05,24.82,0.001000246
EDO/BTC,1566781389671,2019-08-26T01:03:09.671Z,buy,4.03e-05,55.0,0.0022164999999999
EDO/BTC,1566781389671,2019-08-26T01:03:09.671Z,buy,4.05e-05,3.07,0.000124335
EDO/BTC,1566781389671,2019-08-26T01:03:09.671Z,buy,4.06e-05,11.41,0.000463246
EDO/BTC,1566781389671,2019-08-26T01:03:09.671Z,buy,4.08e-05,1156.04,0.047166432
EDO/BTC,1566781390850,2019-08-26T01:03:10.850Z,sell,4.01e-05,24.79,0.000994079
EDO/BTC,1566781404530,2019-08-26T01:03:24.530Z,buy,4.06e-05,3.07,0.0001246419999999
EDO/BTC,1566781404530,2019-08-26T01:03:24.530Z,buy,4.07e-05,96.93,0.003945051
EDO/BTC,1566781423591,2019-08-26T01:03:43.591Z,buy,4.07e-05,100.0,0.00407
EDO/BTC,1566781570116,2019-08-26T01:06:10.116Z,buy,4.06e-05,851.52,0.034571712
EDO/BTC,1566781570116,2019-08-26T01:06:10.116Z,buy,4.07e-05,356.96,0.0145282719999999
EDO/BTC,1566781599999,2019-08-26T01:06:39.999Z,buy,4.07e-05,0.8,3.256e-05
EDO/BTC,1566781626428,2019-08-26T01:07:06.428Z,buy,4.06e-05,3.22,0.000130732
EDO/BTC,1566781626658,2019-08-26T01:07:06.658Z,sell,4.06e-05,2316.28,0.094040968
EDO/BTC,1566781699086,2019-08-26T01:08:19.086Z,buy,4.06e-05,2.49,0.000101094
EDO/BTC,1566781713793,2019-08-26T01:08:33.793Z,sell,4.02e-05,303.1,0.01218462
EDO/BTC,1566781714690,2019-08-26T01:08:34.690Z,buy,4.02e-05,250.72,0.010078944
EDO/BTC,1566781717494,2019-08-26T01:08:37.494Z,sell,4.01e-05,19.7,0.00078997
EDO/BTC,1566781749370,2019-08-26T01:09:09.370Z,sell,3.98e-05,98.76,0.003930648
EDO/BTC,1566781749961,2019-08-26T01:09:09.961Z,buy,4.01e-05,308.19,0.0123584189999999
EDO/BTC,1566781749961,2019-08-26T01:09:09.961Z,buy,4.02e-05,907.44,0.036479088
EDO/BTC,1566781750182,2019-08-26T01:09:10.182Z,buy,4.02e-05,411.76,0.016552752
EDO/BTC,1566781811689,2019-08-26T01:10:11.689Z,buy,4.02e-05,409.56,0.016464312
EDO/BTC,1566781811689,2019-08-26T01:10:11.689Z,buy,4.05e-05,250.72,0.01015416
EDO/BTC,1566781811689,2019-08-26T01:10:11.689Z,buy,4.06e-05,548.16,0.0222552959999999
EDO/BTC,1566781824001,2019-08-26T01:10:24.001Z,buy,4.05e-05,15.65,0.000633825
EDO/BTC,1566781824001,2019-08-26T01:10:24.001Z,buy,4.06e-05,84.35,0.0034246099999999
EDO/BTC,1566781843917,2019-08-26T01:10:43.917Z,buy,4.06e-05,100.0,0.0040599999999999
EDO/BTC,1566781844497,2019-08-26T01:10:44.497Z,buy,4.06e-05,180.56,0.007330736
EDO/BTC,1566781898665,2019-08-26T01:11:38.665Z,sell,4.02e-05,2.48,9.9696e-05
EDO/BTC,1566781989628,2019-08-26T01:13:09.628Z,buy,4.06e-05,217.14,0.008815884
EDO/BTC,1566781989694,2019-08-26T01:13:09.694Z,buy,4.06e-05,500.0,0.0203
EDO/BTC,1566781989766,2019-08-26T01:13:09.766Z,buy,4.06e-05,367.3,0.01491238
EDO/BTC,1566781989766,2019-08-26T01:13:09.766Z,buy,4.07e-05,40.49,0.001647943
EDO/BTC,1566781990978,2019-08-26T01:13:10.978Z,buy,4.07e-05,406.79,0.016556353
EDO/BTC,1566782002298,2019-08-26T01:13:22.298Z,sell,4.06e-05,2.71,0.0001100259999999
EDO/BTC,1566782049771,2019-08-26T01:14:09.771Z,buy,4.06e-05,500.0,0.0203
EDO/BTC,1566782049976,2019-08-26T01:14:09.976Z,buy,4.06e-05,407.79,0.016556274
EDO/BTC,1566782050047,2019-08-26T01:14:10.047Z,buy,4.06e-05,589.5,0.0239337
EDO/BTC,1566782050047,2019-08-26T01:14:10.047Z,buy,4.07e-05,79.41,0.003231987
EDO/BTC,1566782061150,2019-08-26T01:14:21.150Z,sell,4.04e-05,34.91,0.0014103639999999
EDO/BTC,1566782064034,2019-08-26T01:14:24.034Z,buy,4.07e-05,0.88,3.5816e-05
EDO/BTC,1566782109075,2019-08-26T01:15:09.075Z,buy,4.06e-05,409.03,0.0166066179999999
EDO/BTC,1566782109360,2019-08-26T01:15:09.360Z,buy,4.06e-05,669.87,0.027196722
EDO/BTC,1566782110284,2019-08-26T01:15:10.284Z,buy,4.06e-05,408.02,0.0165656119999999
EDO/BTC,1566782171083,2019-08-26T01:16:11.083Z,buy,4.06e-05,13.08,0.000531048
EDO/BTC,1566782171083,2019-08-26T01:16:11.083Z,buy,4.07e-05,392.95,0.015993065
EDO/BTC,1566782172104,2019-08-26T01:16:12.104Z,buy,4.07e-05,0.81,3.2967000000000005e-05
EDO/BTC,1566782350884,2019-08-26T01:19:10.884Z,buy,4.07e-05,296.26,0.012057782
EDO/BTC,1566782350884,2019-08-26T01:19:10.884Z,buy,4.08e-05,8.04,0.0003280319999999
EDO/BTC,1566782350884,2019-08-26T01:19:10.884Z,buy,4.09e-05,100.74,0.0041202659999999
EDO/BTC,1566782364966,2019-08-26T01:19:24.966Z,buy,4.09e-05,94.82,0.0038781379999999
EDO/BTC,1566782364966,2019-08-26T01:19:24.966Z,buy,4.1e-05,5.18,0.00021238
EDO/BTC,1566782383944,2019-08-26T01:19:43.944Z,buy,4.1e-05,100.0,0.0041
EDO/BTC,1566782404759,2019-08-26T01:20:04.759Z,buy,4.1e-05,91.18,0.00373838
EDO/BTC,1566782404759,2019-08-26T01:20:04.759Z,buy,4.13e-05,8.82,0.000364266
EDO/BTC,1566782421996,2019-08-26T01:20:21.996Z,buy,4.11e-05,32.92,0.001353012
EDO/BTC,1566782422102,2019-08-26T01:20:22.102Z,sell,4.11e-05,13.21,0.000542931
EDO/BTC,1566782422203,2019-08-26T01:20:22.203Z,sell,4.11e-05,35.28,0.001450008
EDO/BTC,1566782422307,2019-08-26T01:20:22.307Z,sell,4.11e-05,53.88,0.002214468
EDO/BTC,1566782422701,2019-08-26T01:20:22.701Z,sell,4.11e-05,728.19,0.029928609
EDO/BTC,1566782513527,2019-08-26T01:21:53.527Z,buy,4.12e-05,0.74,3.0488e-05
EDO/BTC,1566782521209,2019-08-26T01:22:01.209Z,buy,4.12e-05,328.79,0.013546148
EDO/BTC,1566782521209,2019-08-26T01:22:01.209Z,buy,4.13e-05,89.94,0.003714522
EDO/BTC,1566782521209,2019-08-26T01:22:01.209Z,buy,4.14e-05,81.27,0.0033645779999999
EDO/BTC,1566782524313,2019-08-26T01:22:04.313Z,buy,4.13e-05,100.0,0.00413
EDO/BTC,1566782612259,2019-08-26T01:23:32.259Z,sell,4.08e-05,129.21,0.005271768
EDO/BTC,1566782612259,2019-08-26T01:23:32.259Z,sell,4.07e-05,120.79,0.004916153
EDO/BTC,1566782612375,2019-08-26T01:23:32.375Z,sell,4.07e-05,300.42,0.012227094
EDO/BTC,1566782612375,2019-08-26T01:23:32.375Z,sell,4.06e-05,151.97,0.0061699819999999
EDO/BTC,1566782612378,2019-08-26T01:23:32.378Z,sell,4.06e-05,756.31,0.0307061859999999
EDO/BTC,1566782612403,2019-08-26T01:23:32.403Z,sell,4.06e-05,247.94,0.010066364
EDO/BTC,1566782633991,2019-08-26T01:23:53.991Z,sell,4.05e-05,252.51,0.010226655
EDO/BTC,1566782633991,2019-08-26T01:23:53.991Z,sell,4.04e-05,960.73,0.038813492
EDO/BTC,1566782634133,2019-08-26T01:23:54.133Z,sell,4.04e-05,34.13,0.001378852
EDO/BTC,1566782634133,2019-08-26T01:23:54.133Z,sell,4.03e-05,10.87,0.0004380609999999
EDO/BTC,1566782634144,2019-08-26T01:23:54.144Z,sell,4.03e-05,250.0,0.0100749999999999
EDO/BTC,1566782634218,2019-08-26T01:23:54.218Z,sell,4.03e-05,420.0,0.016926
EDO/BTC,1566782636926,2019-08-26T01:23:56.926Z,sell,4.03e-05,460.31,0.0185504929999999
EDO/BTC,1566782659154,2019-08-26T01:24:19.154Z,sell,4.04e-05,69.98,0.002827192
EDO/BTC,1566782659154,2019-08-26T01:24:19.154Z,sell,4.02e-05,180.02,0.007236804
EDO/BTC,1566782831412,2019-08-26T01:27:11.412Z,buy,4.04e-05,410.97,0.016603188
EDO/BTC,1566782833222,2019-08-26T01:27:13.222Z,buy,4.04e-05,410.97,0.016603188
EDO/BTC,1566782863781,2019-08-26T01:27:43.781Z,buy,4.05e-05,100.0,0.00405
EDO/BTC,1566783001263,2019-08-26T01:30:01.263Z,buy,4.04e-05,123.78,0.005000712
EDO/BTC,1566783001450,2019-08-26T01:30:01.450Z,buy,4.05e-05,409.96,0.01660338
EDO/BTC,1566783001450,2019-08-26T01:30:01.450Z,buy,4.05e-05,409.96,0.01660338
EDO/BTC,1566783021074,2019-08-26T01:30:21.074Z,buy,4.04e-05,250.0,0.0101
EDO/BTC,1566783051727,2019-08-26T01:30:51.727Z,buy,4.04e-05,73.73,0.002978692
EDO/BTC,1566783055180,2019-08-26T01:30:55.180Z,buy,4.04e-05,0.01,4.04e-07
EDO/BTC,1566783079313,2019-08-26T01:31:19.313Z,sell,4.04e-05,128.89,0.0052071559999999
EDO/BTC,1566783126278,2019-08-26T01:32:06.278Z,buy,4.05e-05,24.7,0.00100035
EDO/BTC,1566783126731,2019-08-26T01:32:06.731Z,buy,4.05e-05,489.09,0.019808145
EDO/BTC,1566783130251,2019-08-26T01:32:10.251Z,buy,4.06e-05,245.12,0.0099518719999999
EDO/BTC,1566783164661,2019-08-26T01:32:44.661Z,buy,4.08e-05,211.79,0.008641032
EDO/BTC,1566783174554,2019-08-26T01:32:54.554Z,buy,4.07e-05,246.7,0.01004069
EDO/BTC,1566783192180,2019-08-26T01:33:12.180Z,buy,4.09e-05,0.85,3.4765e-05
EDO/BTC,1566783301501,2019-08-26T01:35:01.501Z,buy,4.08e-05,249.05,0.01016124
EDO/BTC,1566783301501,2019-08-26T01:35:01.501Z,buy,4.09e-05,156.7,0.00640903
EDO/BTC,1566783356902,2019-08-26T01:35:56.902Z,buy,4.09e-05,0.87,3.5583e-05
EDO/BTC,1566783429615,2019-08-26T01:37:09.615Z,buy,4.09e-05,250.0,0.010225
EDO/BTC,1566783429764,2019-08-26T01:37:09.764Z,buy,4.09e-05,372.32,0.0152278879999999
EDO/BTC,1566783429764,2019-08-26T01:37:09.764Z,buy,4.1e-05,32.47,0.00133127
EDO/BTC,1566783601291,2019-08-26T01:40:01.291Z,buy,4.1e-05,250.0,0.01025
EDO/BTC,1566783601531,2019-08-26T01:40:01.531Z,buy,4.1e-05,288.52,0.0118293199999999
EDO/BTC,1566783601531,2019-08-26T01:40:01.531Z,buy,4.11e-05,117.59,0.004832949
EDO/BTC,1566783602751,2019-08-26T01:40:02.751Z,buy,4.11e-05,406.11,0.016691121
EDO/BTC,1566783623521,2019-08-26T01:40:23.521Z,buy,4.11e-05,0.91,3.7401e-05
EDO/BTC,1566783729252,2019-08-26T01:42:09.252Z,buy,4.11e-05,500.0,0.02055
EDO/BTC,1566783729948,2019-08-26T01:42:09.948Z,buy,4.11e-05,500.0,0.02055
EDO/BTC,1566783743968,2019-08-26T01:42:23.968Z,buy,4.11e-05,100.0,0.00411
EDO/BTC,1566783762891,2019-08-26T01:42:42.891Z,buy,4.11e-05,0.68,2.7948000000000004e-05
EDO/BTC,1566783780912,2019-08-26T01:43:00.912Z,buy,4.11e-05,70.09,0.002880699
EDO/BTC,1566783874059,2019-08-26T01:44:34.059Z,buy,4.13e-05,0.72,2.9736e-05
EDO/BTC,1566783878649,2019-08-26T01:44:38.649Z,buy,4.12e-05,2.5,0.000103
EDO/BTC,1566783910001,2019-08-26T01:45:10.001Z,buy,4.13e-05,258.58,0.010679354
EDO/BTC,1566783910001,2019-08-26T01:45:10.001Z,buy,4.14e-05,161.42,0.0066827879999999
EDO/BTC,1566783910072,2019-08-26T01:45:10.072Z,buy,4.14e-05,319.94,0.0132455159999999
EDO/BTC,1566783910072,2019-08-26T01:45:10.072Z,buy,4.15e-05,82.52,0.0034245799999999
EDO/BTC,1566783911057,2019-08-26T01:45:11.057Z,sell,4.12e-05,2.61,0.0001075319999999
EDO/BTC,1566784001968,2019-08-26T01:46:41.968Z,sell,4.12e-05,15.97,0.000657964
EDO/BTC,1566784081601,2019-08-26T01:48:01.601Z,buy,4.14e-05,3.07,0.000127098
EDO/BTC,1566784081601,2019-08-26T01:48:01.601Z,buy,4.15e-05,131.62,0.00546223
EDO/BTC,1566784081601,2019-08-26T01:48:01.601Z,buy,4.16e-05,1354.31,0.056339296
EDO/BTC,1566784133440,2019-08-26T01:48:53.440Z,sell,4.11e-05,40.55,0.001666605
EDO/BTC,1566784134660,2019-08-26T01:48:54.660Z,sell,4.11e-05,23.87,0.000981057
EDO/BTC,1566784134834,2019-08-26T01:48:54.834Z,sell,4.11e-05,73.64,0.003026604
EDO/BTC,1566784137056,2019-08-26T01:48:57.056Z,sell,4.11e-05,74.46,0.003060306
EDO/BTC,1566784141868,2019-08-26T01:49:01.868Z,sell,4.11e-05,11.97,0.000491967
EDO/BTC,1566784204652,2019-08-26T01:50:04.652Z,buy,4.15e-05,0.83,3.4445e-05
EDO/BTC,1566784209970,2019-08-26T01:50:09.970Z,buy,4.15e-05,500.88,0.02078652
EDO/BTC,1566784209970,2019-08-26T01:50:09.970Z,buy,4.16e-05,719.33,0.029924128
EDO/BTC,1566784330346,2019-08-26T01:52:10.346Z,buy,4.16e-05,1220.34,0.050766144
EDO/BTC,1566784335961,2019-08-26T01:52:15.961Z,sell,4.12e-05,324.02,0.013349624
EDO/BTC,1566784335961,2019-08-26T01:52:15.961Z,sell,4.11e-05,863.75,0.035500125
EDO/BTC,1566784335961,2019-08-26T01:52:15.961Z,sell,4.1e-05,242.29,0.0099338899999999
EDO/BTC,1566784336036,2019-08-26T01:52:16.036Z,buy,4.1e-05,324.02,0.01328482
EDO/BTC,1566784336049,2019-08-26T01:52:16.049Z,buy,4.1e-05,407.04,0.01668864
EDO/BTC,1566784336192,2019-08-26T01:52:16.192Z,buy,4.1e-05,324.01,0.01328441
EDO/BTC,1566784336211,2019-08-26T01:52:16.211Z,buy,4.1e-05,500.0,0.0205
EDO/BTC,1566784336535,2019-08-26T01:52:16.535Z,sell,4.09e-05,250.0,0.010225
EDO/BTC,1566784336569,2019-08-26T01:52:16.569Z,sell,4.09e-05,242.0,0.0098978
EDO/BTC,1566784338944,2019-08-26T01:52:18.944Z,buy,4.1e-05,234.42,0.00961122
EDO/BTC,1566784339353,2019-08-26T01:52:19.353Z,sell,4.09e-05,92.81,0.003795929
EDO/BTC,1566784339353,2019-08-26T01:52:19.353Z,sell,4.08e-05,179.47,0.007322376
EDO/BTC,1566784350261,2019-08-26T01:52:30.261Z,buy,4.08e-05,0.91,3.7128e-05
EDO/BTC,1566784353267,2019-08-26T01:52:33.267Z,sell,4.07e-05,668.49,0.027207543
EDO/BTC,1566784353267,2019-08-26T01:52:33.267Z,sell,4.06e-05,7.05,0.00028623
EDO/BTC,1566784353305,2019-08-26T01:52:33.305Z,buy,4.06e-05,7.05,0.00028623
EDO/BTC,1566784355385,2019-08-26T01:52:35.385Z,buy,4.06e-05,44.0,0.0017863999999999
EDO/BTC,1566784356102,2019-08-26T01:52:36.102Z,buy,4.06e-05,242.36,0.009839816
EDO/BTC,1566784376632,2019-08-26T01:52:56.632Z,buy,4.09e-05,61.12,0.0024998079999999
EDO/BTC,1566784377593,2019-08-26T01:52:57.593Z,sell,4.07e-05,7.05,0.000286935
EDO/BTC,1566784377754,2019-08-26T01:52:57.754Z,sell,4.07e-05,58.72,0.002389904
EDO/BTC,1566784401809,2019-08-26T01:53:21.809Z,buy,4.06e-05,314.24,0.0127581439999999
EDO/BTC,1566784402133,2019-08-26T01:53:22.133Z,buy,4.07e-05,249.86,0.010169302
EDO/BTC,1566784403808,2019-08-26T01:53:23.808Z,buy,4.07e-05,261.14,0.0106283979999999
EDO/BTC,1566784561573,2019-08-26T01:56:01.573Z,buy,4.1e-05,363.75,0.01491375
EDO/BTC,1566784561573,2019-08-26T01:56:01.573Z,buy,4.11e-05,42.45,0.001744695
EDO/BTC,1566784597168,2019-08-26T01:56:37.168Z,buy,4.12e-05,0.69,2.8428e-05
EDO/BTC,1566784861369,2019-08-26T02:01:01.369Z,buy,4.13e-05,179.47,0.007412111
EDO/BTC,1566784861369,2019-08-26T02:01:01.369Z,buy,4.14e-05,60.67,0.002511738
EDO/BTC,1566784864331,2019-08-26T02:01:04.331Z,buy,4.14e-05,100.0,0.00414
EDO/BTC,1566784885981,2019-08-26T02:01:25.981Z,buy,4.13e-05,100.0,0.00413
EDO/BTC,1566784903794,2019-08-26T02:01:43.794Z,buy,4.13e-05,100.0,0.00413
EDO/BTC,1566784906046,2019-08-26T02:01:46.046Z,buy,4.13e-05,0.89,3.6757e-05
EDO/BTC,1566784925119,2019-08-26T02:02:05.119Z,buy,4.13e-05,100.0,0.00413
EDO/BTC,1566784945437,2019-08-26T02:02:25.437Z,buy,4.13e-05,26.18,0.001081234
EDO/BTC,1566784945437,2019-08-26T02:02:25.437Z,buy,4.14e-05,73.82,0.0030561479999999
EDO/BTC,1566784965071,2019-08-26T02:02:45.071Z,buy,4.14e-05,100.0,0.00414
EDO/BTC,1566784976764,2019-08-26T02:02:56.764Z,buy,4.14e-05,190.43,0.0078838019999999
EDO/BTC,1566785043585,2019-08-26T02:04:03.585Z,sell,4.13e-05,108.44,0.004478572
EDO/BTC,1566785046854,2019-08-26T02:04:06.854Z,sell,4.13e-05,825.33,0.034086129
EDO/BTC,1566785049435,2019-08-26T02:04:09.435Z,buy,4.14e-05,500.0,0.0207
EDO/BTC,1566785049542,2019-08-26T02:04:09.542Z,buy,4.14e-05,292.55,0.01211157
EDO/BTC,1566785049542,2019-08-26T02:04:09.542Z,buy,4.15e-05,109.61,0.0045488149999999
EDO/BTC,1566785092214,2019-08-26T02:04:52.214Z,sell,4.12e-05,200.79,0.008272548
EDO/BTC,1566785096547,2019-08-26T02:04:56.547Z,sell,4.11e-05,47.12,0.001936632
EDO/BTC,1566785169462,2019-08-26T02:06:09.462Z,buy,4.15e-05,197.92,0.00821368
EDO/BTC,1566785169462,2019-08-26T02:06:09.462Z,buy,4.16e-05,201.17,0.008368672
EDO/BTC,1566785184222,2019-08-26T02:06:24.222Z,buy,4.16e-05,100.0,0.00416
EDO/BTC,1566785224280,2019-08-26T02:07:04.280Z,buy,4.16e-05,4.46,0.000185536
EDO/BTC,1566785224280,2019-08-26T02:07:04.280Z,buy,4.17e-05,95.54,0.003984018
EDO/BTC,1566785237150,2019-08-26T02:07:17.150Z,buy,4.16e-05,35.43,0.001473888
EDO/BTC,1566785239046,2019-08-26T02:07:19.046Z,buy,4.16e-05,0.82,3.4112e-05
EDO/BTC,1566785244562,2019-08-26T02:07:24.562Z,buy,4.16e-05,100.0,0.00416
EDO/BTC,1566785264440,2019-08-26T02:07:44.440Z,buy,4.16e-05,69.65,0.00289744
EDO/BTC,1566785264440,2019-08-26T02:07:44.440Z,buy,4.17e-05,30.35,0.001265595
EDO/BTC,1566785285168,2019-08-26T02:08:05.168Z,buy,4.17e-05,100.0,0.00417
EDO/BTC,1566785350437,2019-08-26T02:09:10.437Z,buy,4.17e-05,474.78,0.0197983259999999
EDO/BTC,1566785350437,2019-08-26T02:09:10.437Z,buy,4.18e-05,729.31,0.030485158
EDO/BTC,1566785409583,2019-08-26T02:10:09.583Z,buy,4.18e-05,330.19,0.013801942
EDO/BTC,1566785409583,2019-08-26T02:10:09.583Z,buy,4.19e-05,865.8,0.03627702
EDO/BTC,1566785411359,2019-08-26T02:10:11.359Z,sell,4.15e-05,22.61,0.000938315
EDO/BTC,1566785411481,2019-08-26T02:10:11.481Z,sell,4.15e-05,5.67,0.000235305
EDO/BTC,1566785412725,2019-08-26T02:10:12.725Z,sell,4.15e-05,140.66,0.00583739
EDO/BTC,1566785461072,2019-08-26T02:11:01.072Z,sell,4.14e-05,120.25,0.0049783499999999
EDO/BTC,1566785470061,2019-08-26T02:11:10.061Z,buy,4.17e-05,148.53,0.0061937009999999
EDO/BTC,1566785470061,2019-08-26T02:11:10.061Z,buy,4.18e-05,140.66,0.005879588
EDO/BTC,1566785470061,2019-08-26T02:11:10.061Z,buy,4.19e-05,904.71,0.037907349
EDO/BTC,1566785549486,2019-08-26T02:12:29.486Z,buy,4.19e-05,0.88,3.6872e-05
EDO/BTC,1566785622085,2019-08-26T02:13:42.085Z,sell,4.15e-05,8.93,0.000370595
EDO/BTC,1566785651652,2019-08-26T02:14:11.652Z,buy,4.19e-05,397.07,0.016637233
EDO/BTC,1566785735190,2019-08-26T02:15:35.190Z,buy,4.19e-05,0.81,3.3939e-05
EDO/BTC,1566785821899,2019-08-26T02:17:01.899Z,buy,4.19e-05,125.39,0.005253841
EDO/BTC,1566785821899,2019-08-26T02:17:01.899Z,buy,4.2e-05,1073.37,0.0450815399999999
EDO/BTC,1566785842413,2019-08-26T02:17:22.413Z,buy,4.19e-05,71.59,0.002999621
EDO/BTC,1566786009599,2019-08-26T02:20:09.599Z,buy,4.19e-05,1194.99,0.050070081
EDO/BTC,1566786014135,2019-08-26T02:20:14.135Z,buy,4.19e-05,6.63,0.000277797
EDO/BTC,1566786109561,2019-08-26T02:21:49.561Z,buy,4.18e-05,0.88,3.6784e-05
EDO/BTC,1566786191449,2019-08-26T02:23:11.449Z,buy,4.18e-05,13.29,0.0005555219999999
EDO/BTC,1566786191449,2019-08-26T02:23:11.449Z,buy,4.19e-05,386.57,0.016197283
EDO/BTC,1566786370776,2019-08-26T02:26:10.776Z,buy,4.19e-05,651.18,0.027284442
EDO/BTC,1566786370776,2019-08-26T02:26:10.776Z,buy,4.2e-05,549.79,0.0230911799999999
EDO/BTC,1566786401611,2019-08-26T02:26:41.611Z,buy,4.2e-05,47.61,0.0019996199999999
EDO/BTC,1566786475989,2019-08-26T02:27:55.989Z,buy,4.2e-05,0.89,3.738e-05
EDO/BTC,1566786512803,2019-08-26T02:28:32.803Z,sell,4.2e-05,26.19,0.00109998
EDO/BTC,1566786512844,2019-08-26T02:28:32.844Z,sell,4.16e-05,26.19,0.001089504
EDO/BTC,1566786512844,2019-08-26T02:28:32.844Z,sell,4.16e-05,26.19,0.001089504
EDO/BTC,1566786618959,2019-08-26T02:30:18.959Z,sell,4.18e-05,189.84,0.007935312
EDO/BTC,1566786848732,2019-08-26T02:34:08.732Z,sell,4.18e-05,66.94,0.002798092
EDO/BTC,1566786882369,2019-08-26T02:34:42.369Z,sell,4.16e-05,296.21,0.012322336
EDO/BTC,1566786883621,2019-08-26T02:34:43.621Z,buy,4.21e-05,23.76,0.001000296
