symbol,timestamp,datetime,side,price,amount,btc_volume
EDO/BTC,1549303257316,2019-02-04T18:00:57.316Z,sell,0.0001909,9.92,0.001893728
EDO/BTC,1549303297772,2019-02-04T18:01:37.772Z,sell,0.0001909,68.95,0.013162555
EDO/BTC,1549303384630,2019-02-04T18:03:04.630Z,buy,0.000191,35.15,0.00671365
EDO/BTC,1549303414168,2019-02-04T18:03:34.168Z,buy,0.000191,231.68,0.04425088
EDO/BTC,1549303414168,2019-02-04T18:03:34.168Z,buy,0.0001917,62.75,0.012029175
EDO/BTC,1549303414168,2019-02-04T18:03:34.168Z,buy,0.0001922,31.4,0.00603508
EDO/BTC,1549303414168,2019-02-04T18:03:34.168Z,buy,0.0001924,2242.22,0.4314031279999999
EDO/BTC,1549303939901,2019-02-04T18:12:19.901Z,sell,0.0001918,100.0,0.01918
EDO/BTC,1549303939901,2019-02-04T18:12:19.901Z,sell,0.0001917,6.52,0.001249884
EDO/BTC,1549303939901,2019-02-04T18:12:19.901Z,sell,0.0001915,215.99,0.041362085
EDO/BTC,1549303939901,2019-02-04T18:12:19.901Z,sell,0.0001914,104.49,0.0199993859999999
EDO/BTC,1549303939901,2019-02-04T18:12:19.901Z,sell,0.0001913,123.3,0.0235872899999999
EDO/BTC,1549303939901,2019-02-04T18:12:19.901Z,sell,0.0001912,104.4,0.01996128
EDO/BTC,1549303939901,2019-02-04T18:12:19.901Z,sell,0.0001911,78.48,0.014997528
EDO/BTC,1549303939919,2019-02-04T18:12:19.919Z,buy,0.000191,97.0,0.018527
EDO/BTC,1549303939964,2019-02-04T18:12:19.964Z,buy,0.000191,97.0,0.018527
EDO/BTC,1549303939997,2019-02-04T18:12:19.997Z,buy,0.000191,306.76,0.05859116
EDO/BTC,1549303940105,2019-02-04T18:12:20.105Z,buy,0.000191,94.54,0.01805714
EDO/BTC,1549303987120,2019-02-04T18:13:07.120Z,buy,0.000191,15.71,0.00300061
EDO/BTC,1549304013555,2019-02-04T18:13:33.555Z,sell,0.0001909,97.14,0.018544026
EDO/BTC,1549304045302,2019-02-04T18:14:05.302Z,sell,0.0001909,29.72,0.005673548
EDO/BTC,1549304233602,2019-02-04T18:17:13.602Z,sell,0.0001909,6.95,0.001326755
EDO/BTC,1549304265950,2019-02-04T18:17:45.950Z,buy,0.000191,52.35,0.00999885
EDO/BTC,1549304267753,2019-02-04T18:17:47.753Z,buy,0.000191,72.86,0.01391626
EDO/BTC,1549304268208,2019-02-04T18:17:48.208Z,buy,0.000191,32.5,0.0062075
EDO/BTC,1549304268208,2019-02-04T18:17:48.208Z,buy,0.0001916,215.83,0.041353028
EDO/BTC,1549304268249,2019-02-04T18:17:48.249Z,sell,0.0001918,21.79,0.004179322
EDO/BTC,1549304268291,2019-02-04T18:17:48.291Z,sell,0.0001909,21.79,0.004159711
EDO/BTC,1549304337258,2019-02-04T18:18:57.258Z,buy,0.000192,7.33,0.00140736
EDO/BTC,1549304431337,2019-02-04T18:20:31.337Z,buy,0.0001919,11.21,0.002151199
EDO/BTC,1549304486555,2019-02-04T18:21:26.555Z,buy,0.000192,24.01,0.00460992
EDO/BTC,1549305014213,2019-02-04T18:30:14.213Z,buy,0.000192,42.74,0.00820608
EDO/BTC,1549305114024,2019-02-04T18:31:54.024Z,buy,0.0001921,15.71,0.003017891
EDO/BTC,1549305128122,2019-02-04T18:32:08.122Z,sell,0.0001921,5.24,0.001006604
EDO/BTC,1549305149922,2019-02-04T18:32:29.922Z,buy,0.0001923,57.84,0.011122632
EDO/BTC,1549305257899,2019-02-04T18:34:17.899Z,buy,0.0001923,14.38,0.002765274
EDO/BTC,1549305257994,2019-02-04T18:34:17.994Z,buy,0.0001923,17.65,0.0033940949999999
EDO/BTC,1549305383238,2019-02-04T18:36:23.238Z,sell,0.000192,124.08,0.02382336
EDO/BTC,1549305728158,2019-02-04T18:42:08.158Z,sell,0.0001915,122.24,0.02340896
EDO/BTC,1549306123114,2019-02-04T18:48:43.114Z,sell,0.0001914,6.54,0.001251756
EDO/BTC,1549306123114,2019-02-04T18:48:43.114Z,sell,0.0001913,1.9,0.0003634699999999
EDO/BTC,1549306124070,2019-02-04T18:48:44.070Z,sell,0.0001913,5.79,0.001107627
EDO/BTC,1549306158629,2019-02-04T18:49:18.629Z,buy,0.0001921,6.16,0.001183336
EDO/BTC,1549306393897,2019-02-04T18:53:13.897Z,buy,0.0001919,39.76,0.007629944
EDO/BTC,1549306394167,2019-02-04T18:53:14.167Z,sell,0.0001919,12.35,0.002369965
EDO/BTC,1549306466092,2019-02-04T18:54:26.092Z,sell,0.0001918,869.97,0.166860246
EDO/BTC,1549306623034,2019-02-04T18:57:03.034Z,buy,0.0001919,54.15,0.010391385
EDO/BTC,1549306623051,2019-02-04T18:57:03.051Z,buy,0.0001919,10.74,0.002061006
EDO/BTC,1549306623111,2019-02-04T18:57:03.111Z,buy,0.0001919,10.74,0.002061006
EDO/BTC,1549306623111,2019-02-04T18:57:03.111Z,buy,0.0001919,10.74,0.002061006
EDO/BTC,1549306925102,2019-02-04T19:02:05.102Z,buy,0.0001919,14.75,0.002830525
EDO/BTC,1549306926773,2019-02-04T19:02:06.773Z,sell,0.0001919,2.97,0.000569943
EDO/BTC,1549306942371,2019-02-04T19:02:22.371Z,sell,0.0001917,60.0,0.011502
EDO/BTC,1549306987604,2019-02-04T19:03:07.604Z,buy,0.0001919,101.73,0.019521987
EDO/BTC,1549306987761,2019-02-04T19:03:07.761Z,buy,0.0001919,0.01,1.919e-06
EDO/BTC,1549306987761,2019-02-04T19:03:07.761Z,buy,0.000192,70.98,0.01362816
EDO/BTC,1549306987761,2019-02-04T19:03:07.761Z,buy,0.0001922,6.54,0.001256988
EDO/BTC,1549306987761,2019-02-04T19:03:07.761Z,buy,0.0001924,6.52,0.0012544479999999
EDO/BTC,1549306987761,2019-02-04T19:03:07.761Z,buy,0.0001925,161.85,0.0311561249999999
EDO/BTC,1549307047452,2019-02-04T19:04:07.452Z,sell,0.0001917,48.94,0.009381798
EDO/BTC,1549307047452,2019-02-04T19:04:07.452Z,sell,0.0001916,78.28,0.014998448
EDO/BTC,1549307047452,2019-02-04T19:04:07.452Z,sell,0.0001915,59.0,0.0112985
EDO/BTC,1549307047748,2019-02-04T19:04:07.748Z,sell,0.0001914,151.63,0.0290219819999999
EDO/BTC,1549307047932,2019-02-04T19:04:07.932Z,sell,0.0001914,50.55,0.00967527
EDO/BTC,1549307187734,2019-02-04T19:06:27.734Z,sell,0.0001916,97.66,0.018711656
EDO/BTC,1549307307988,2019-02-04T19:08:27.988Z,buy,0.0001922,6.54,0.001256988
EDO/BTC,1549307307988,2019-02-04T19:08:27.988Z,buy,0.0001924,25.84,0.004971616
EDO/BTC,1549307441009,2019-02-04T19:10:41.009Z,buy,0.0001924,14.43,0.002776332
EDO/BTC,1549307441722,2019-02-04T19:10:41.722Z,buy,0.0001924,11.44,0.002201056
EDO/BTC,1549307442650,2019-02-04T19:10:42.650Z,buy,0.0001924,13.24,0.002547376
EDO/BTC,1549307442750,2019-02-04T19:10:42.750Z,buy,0.0001924,14.5,0.0027898
EDO/BTC,1549307444004,2019-02-04T19:10:44.004Z,buy,0.0001924,11.16,0.002147184
EDO/BTC,1549307444267,2019-02-04T19:10:44.267Z,buy,0.0001924,14.04,0.0027012959999999
EDO/BTC,1549307445088,2019-02-04T19:10:45.088Z,buy,0.0001924,14.5,0.0027898
EDO/BTC,1549307445562,2019-02-04T19:10:45.562Z,buy,0.0001924,13.95,0.00268398
EDO/BTC,1549307445790,2019-02-04T19:10:45.790Z,buy,0.0001924,14.5,0.0027898
EDO/BTC,1549307446435,2019-02-04T19:10:46.435Z,buy,0.0001924,14.5,0.0027898
EDO/BTC,1549307447154,2019-02-04T19:10:47.154Z,buy,0.0001924,10.74,0.002066376
EDO/BTC,1549307500699,2019-02-04T19:11:40.699Z,sell,0.0001921,10.39,0.001995919
EDO/BTC,1549307500699,2019-02-04T19:11:40.699Z,sell,0.0001916,4.59,0.000879444
EDO/BTC,1549307628713,2019-02-04T19:13:48.713Z,buy,0.0001916,6.56,0.001256896
EDO/BTC,1549307703160,2019-02-04T19:15:03.160Z,sell,0.0001914,6.54,0.001251756
EDO/BTC,1549307703160,2019-02-04T19:15:03.160Z,sell,0.0001909,412.46,0.078738614
EDO/BTC,1549307708313,2019-02-04T19:15:08.313Z,buy,0.0001916,15.72,0.003011952
EDO/BTC,1549307724534,2019-02-04T19:15:24.534Z,sell,0.000191,6.55,0.00125105
EDO/BTC,1549307724534,2019-02-04T19:15:24.534Z,sell,0.0001909,6.6,0.00125994
EDO/BTC,1549307724534,2019-02-04T19:15:24.534Z,sell,0.0001908,400.84,0.076480272
EDO/BTC,1549307754605,2019-02-04T19:15:54.605Z,sell,0.0001909,30.13,0.005751817
EDO/BTC,1549307768346,2019-02-04T19:16:08.346Z,buy,0.0001909,15.72,0.003000948
EDO/BTC,1549307785177,2019-02-04T19:16:25.177Z,sell,0.0001908,6.56,0.001251648
EDO/BTC,1549307785230,2019-02-04T19:16:25.230Z,buy,0.0001908,73.97,0.014113476
EDO/BTC,1549307785339,2019-02-04T19:16:25.339Z,buy,0.0001908,97.29,0.018562932
EDO/BTC,1549308083171,2019-02-04T19:21:23.171Z,buy,0.0001915,13.11,0.0025105649999999
EDO/BTC,1549308090516,2019-02-04T19:21:30.516Z,buy,0.0001916,18.98,0.003636568
EDO/BTC,1549308110361,2019-02-04T19:21:50.361Z,buy,0.0001916,106.64,0.020432224
EDO/BTC,1549308115209,2019-02-04T19:21:55.209Z,sell,0.0001916,47.7,0.00913932
EDO/BTC,1549308243053,2019-02-04T19:24:03.053Z,buy,0.0001919,31.44,0.006033336
EDO/BTC,1549308243053,2019-02-04T19:24:03.053Z,buy,0.000192,72.78,0.01397376
EDO/BTC,1549308255401,2019-02-04T19:24:15.401Z,sell,0.0001916,11.66,0.002234056
EDO/BTC,1549308631204,2019-02-04T19:30:31.204Z,buy,0.000192,6.4,0.0012288
EDO/BTC,1549309429902,2019-02-04T19:43:49.902Z,buy,0.000192,6.0,0.001152
EDO/BTC,1549309888612,2019-02-04T19:51:28.612Z,buy,0.0001916,20.14,0.003858824
EDO/BTC,1549309994964,2019-02-04T19:53:14.964Z,buy,0.0001917,5.78,0.001108026
EDO/BTC,1549309994964,2019-02-04T19:53:14.964Z,buy,0.0001917,5.78,0.001108026
EDO/BTC,1549310255051,2019-02-04T19:57:35.051Z,buy,0.0001913,5.88,0.0011248439999999
EDO/BTC,1549310287528,2019-02-04T19:58:07.528Z,buy,0.0001913,15.68,0.0029995839999999
EDO/BTC,1549310542531,2019-02-04T20:02:22.531Z,buy,0.0001913,7.88,0.001507444
EDO/BTC,1549310605189,2019-02-04T20:03:25.189Z,buy,0.0001913,14.0,0.0026782
EDO/BTC,1549310658791,2019-02-04T20:04:18.791Z,sell,0.0001906,107.82,0.020550492
EDO/BTC,1549310658791,2019-02-04T20:04:18.791Z,sell,0.0001905,114.79,0.021867495
EDO/BTC,1549310658791,2019-02-04T20:04:18.791Z,sell,0.0001904,200.0,0.0380799999999999
EDO/BTC,1549310658791,2019-02-04T20:04:18.791Z,sell,0.0001902,217.6,0.04138752
EDO/BTC,1549310658812,2019-02-04T20:04:18.812Z,buy,0.00019,186.11,0.0353609
EDO/BTC,1549310658815,2019-02-04T20:04:18.815Z,buy,0.00019,6.57,0.0012483
EDO/BTC,1549310658815,2019-02-04T20:04:18.815Z,buy,0.00019,32.62,0.0061978
EDO/BTC,1549310658833,2019-02-04T20:04:18.833Z,buy,0.00019,33.11,0.0062909
EDO/BTC,1549310658916,2019-02-04T20:04:18.916Z,buy,0.00019,227.56,0.0432364
EDO/BTC,1549310658990,2019-02-04T20:04:18.990Z,buy,0.00019,375.3,0.071307
EDO/BTC,1549310659057,2019-02-04T20:04:19.057Z,buy,0.00019,100.0,0.019
EDO/BTC,1549310659368,2019-02-04T20:04:19.368Z,sell,0.0001897,21.45,0.004069065
EDO/BTC,1549310659368,2019-02-04T20:04:19.368Z,sell,0.0001895,38.35,0.007267325
EDO/BTC,1549310659368,2019-02-04T20:04:19.368Z,sell,0.0001895,200.98,0.0380857099999999
EDO/BTC,1549310659864,2019-02-04T20:04:19.864Z,sell,0.0001895,31.13,0.005899135
EDO/BTC,1549310660452,2019-02-04T20:04:20.452Z,sell,0.0001896,21.07,0.003994872
EDO/BTC,1549310660452,2019-02-04T20:04:20.452Z,sell,0.0001895,9.32,0.00176614
EDO/BTC,1549310660711,2019-02-04T20:04:20.711Z,sell,0.0001895,59.4,0.0112563
EDO/BTC,1549310660728,2019-02-04T20:04:20.728Z,sell,0.0001895,559.64,0.10605178
EDO/BTC,1549310661297,2019-02-04T20:04:21.297Z,sell,0.0001895,59.4,0.0112563
EDO/BTC,1549310661913,2019-02-04T20:04:21.913Z,buy,0.00019,227.08,0.0431452
EDO/BTC,1549310666073,2019-02-04T20:04:26.073Z,buy,0.00019,8.25,0.0015675
EDO/BTC,1549310681275,2019-02-04T20:04:41.275Z,buy,0.00019,161.19,0.0306261
EDO/BTC,1549310709287,2019-02-04T20:05:09.287Z,buy,0.0001912,6.56,0.001254272
EDO/BTC,1549310709287,2019-02-04T20:05:09.287Z,buy,0.0001913,9.23,0.001765699
EDO/BTC,1549310721338,2019-02-04T20:05:21.338Z,buy,0.0001913,418.41,0.0800418329999999
EDO/BTC,1549310744412,2019-02-04T20:05:44.412Z,buy,0.0001913,118.34,0.0226384419999999
EDO/BTC,1549310789386,2019-02-04T20:06:29.386Z,buy,0.0001913,10.45,0.001999085
EDO/BTC,1549311045264,2019-02-04T20:10:45.264Z,sell,0.0001912,59.34,0.011345808
EDO/BTC,1549311080689,2019-02-04T20:11:20.689Z,buy,0.0001913,15.21,0.0029096729999999
EDO/BTC,1549311082702,2019-02-04T20:11:22.702Z,buy,0.0001913,20.14,0.003852782
EDO/BTC,1549311350204,2019-02-04T20:15:50.204Z,sell,0.0001912,1509.69,0.288652728
EDO/BTC,1549311410242,2019-02-04T20:16:50.242Z,buy,0.0001909,224.38,0.042834142
EDO/BTC,1549311413332,2019-02-04T20:16:53.332Z,buy,0.0001909,224.4,0.04283796
EDO/BTC,1549311419691,2019-02-04T20:16:59.691Z,sell,0.0001908,13.93,0.002657844
EDO/BTC,1549311428525,2019-02-04T20:17:08.525Z,buy,0.0001908,5.25,0.0010017
EDO/BTC,1549311461380,2019-02-04T20:17:41.380Z,sell,0.0001905,104.49,0.0199053449999999
EDO/BTC,1549311487532,2019-02-04T20:18:07.532Z,sell,0.0001905,0.49,9.3345e-05
EDO/BTC,1549311487570,2019-02-04T20:18:07.570Z,buy,0.0001905,78.21,0.0148990049999999
EDO/BTC,1549311487716,2019-02-04T20:18:07.716Z,buy,0.0001905,226.94,0.04323207
EDO/BTC,1549311487964,2019-02-04T20:18:07.964Z,buy,0.0001905,224.87,0.042837735
EDO/BTC,1549311492969,2019-02-04T20:18:12.969Z,buy,0.0001905,37.21,0.007088505
EDO/BTC,1549311517285,2019-02-04T20:18:37.285Z,buy,0.0001905,5.31,0.001011555
EDO/BTC,1549311518034,2019-02-04T20:18:38.034Z,buy,0.0001905,5.31,0.001011555
EDO/BTC,1549311518053,2019-02-04T20:18:38.053Z,buy,0.0001905,5.31,0.001011555
EDO/BTC,1549311518325,2019-02-04T20:18:38.325Z,buy,0.0001905,5.31,0.001011555
EDO/BTC,1549311526604,2019-02-04T20:18:46.604Z,buy,0.0001905,7.12,0.00135636
EDO/BTC,1549311724051,2019-02-04T20:22:04.051Z,buy,0.0001905,35.11,0.0066884549999999
EDO/BTC,1549311796914,2019-02-04T20:23:16.914Z,buy,0.0001905,12.9,0.00245745
EDO/BTC,1549311796914,2019-02-04T20:23:16.914Z,buy,0.0001909,210.1,0.04010809
EDO/BTC,1549311887329,2019-02-04T20:24:47.329Z,buy,0.0001905,222.98,0.04247769
EDO/BTC,1549311901279,2019-02-04T20:25:01.279Z,buy,0.0001905,62.28,0.01186434
EDO/BTC,1549311901279,2019-02-04T20:25:01.279Z,buy,0.0001909,160.94,0.030723446
EDO/BTC,1549312090516,2019-02-04T20:28:10.516Z,sell,0.0001903,60.19,0.011454157
EDO/BTC,1549312125534,2019-02-04T20:28:45.534Z,sell,0.0001903,49.85,0.009486455
EDO/BTC,1549312173030,2019-02-04T20:29:33.030Z,sell,0.0001904,65.43,0.012457872
EDO/BTC,1549312364505,2019-02-04T20:32:44.505Z,buy,0.0001909,9.19,0.001754371
EDO/BTC,1549312377591,2019-02-04T20:32:57.591Z,buy,0.0001913,9.7,0.0018556099999999
EDO/BTC,1549312560060,2019-02-04T20:36:00.060Z,buy,0.0001913,34.57,0.006613241
EDO/BTC,1549312615191,2019-02-04T20:36:55.191Z,sell,0.0001911,218.67,0.041787837
EDO/BTC,1549312709439,2019-02-04T20:38:29.439Z,sell,0.0001911,8.19,0.001565109
EDO/BTC,1549312758377,2019-02-04T20:39:18.377Z,buy,0.0001913,10.0,0.0019129999999999
EDO/BTC,1549312918382,2019-02-04T20:41:58.382Z,sell,0.0001911,1389.88,0.265606068
EDO/BTC,1549312918382,2019-02-04T20:41:58.382Z,sell,0.0001908,663.07,0.126513756
EDO/BTC,1549312918382,2019-02-04T20:41:58.382Z,sell,0.0001907,6.56,0.001250992
EDO/BTC,1549312918382,2019-02-04T20:41:58.382Z,sell,0.0001905,296.1,0.05640705
EDO/BTC,1549312918382,2019-02-04T20:41:58.382Z,sell,0.00019,28.9,0.005491
EDO/BTC,1549312918412,2019-02-04T20:41:58.412Z,buy,0.00019,685.49,0.1302431
EDO/BTC,1549312918412,2019-02-04T20:41:58.412Z,buy,0.00019,184.23,0.0350037
EDO/BTC,1549312918417,2019-02-04T20:41:58.417Z,buy,0.00019,685.36,0.1302184
EDO/BTC,1549312918475,2019-02-04T20:41:58.475Z,buy,0.00019,5.45,0.0010355
EDO/BTC,1549312918482,2019-02-04T20:41:58.482Z,buy,0.00019,197.62,0.0375478
EDO/BTC,1549312918503,2019-02-04T20:41:58.503Z,buy,0.00019,682.48,0.1296712
EDO/BTC,1549312918507,2019-02-04T20:41:58.507Z,buy,0.00019,114.83,0.0218177
EDO/BTC,1549312918532,2019-02-04T20:41:58.532Z,buy,0.00019,46.34,0.0088046
EDO/BTC,1549312918533,2019-02-04T20:41:58.533Z,buy,0.00019,75.99,0.0144381
EDO/BTC,1549312918544,2019-02-04T20:41:58.544Z,buy,0.00019,197.51,0.0375269
EDO/BTC,1549312918559,2019-02-04T20:41:58.559Z,buy,0.00019,46.44,0.0088236
EDO/BTC,1549312918562,2019-02-04T20:41:58.562Z,buy,0.00019,419.81,0.0797639
EDO/BTC,1549312918578,2019-02-04T20:41:58.578Z,buy,0.00019,9.87,0.0018752999999999
EDO/BTC,1549312918630,2019-02-04T20:41:58.630Z,buy,0.00019,13.45,0.0025555
EDO/BTC,1549312918696,2019-02-04T20:41:58.696Z,buy,0.00019,225.04,0.0427576
EDO/BTC,1549312918749,2019-02-04T20:41:58.749Z,buy,0.00019,6.41,0.0012179
EDO/BTC,1549312919907,2019-02-04T20:41:59.907Z,buy,0.00019,5.27,0.0010012999999999
EDO/BTC,1549312920334,2019-02-04T20:42:00.334Z,buy,0.00019,682.48,0.1296712
EDO/BTC,1549312922138,2019-02-04T20:42:02.138Z,buy,0.00019,227.49,0.0432231
EDO/BTC,1549312922490,2019-02-04T20:42:02.490Z,buy,0.00019,376.04,0.0714476
EDO/BTC,1549312923761,2019-02-04T20:42:03.761Z,buy,0.00019,227.49,0.0432231
EDO/BTC,1549312925629,2019-02-04T20:42:05.629Z,buy,0.00019,227.49,0.0432231
EDO/BTC,1549312934367,2019-02-04T20:42:14.367Z,sell,0.0001899,37.29,0.007081371
EDO/BTC,1549312936434,2019-02-04T20:42:16.434Z,sell,0.0001901,12.0,0.0022812
EDO/BTC,1549312936565,2019-02-04T20:42:16.565Z,sell,0.0001901,27.79,0.005282879
EDO/BTC,1549312953407,2019-02-04T20:42:33.407Z,sell,0.00019,99.22,0.0188518
EDO/BTC,1549312953736,2019-02-04T20:42:33.736Z,sell,0.0001899,52.47,0.009964053
EDO/BTC,1549312954115,2019-02-04T20:42:34.115Z,buy,0.0001898,92.63,0.0175811739999999
EDO/BTC,1549312988697,2019-02-04T20:43:08.697Z,buy,0.0001899,15.81,0.003002319
EDO/BTC,1549312992553,2019-02-04T20:43:12.553Z,sell,0.0001895,76.7,0.01453465
EDO/BTC,1549312992553,2019-02-04T20:43:12.553Z,sell,0.0001893,147.07,0.027840351
EDO/BTC,1549312994149,2019-02-04T20:43:14.149Z,sell,0.0001893,23.19,0.004389867
EDO/BTC,1549312996103,2019-02-04T20:43:16.103Z,sell,0.0001893,121.0,0.0229053
EDO/BTC,1549312998844,2019-02-04T20:43:18.844Z,sell,0.0001893,121.19,0.0229412669999999
EDO/BTC,1549312998844,2019-02-04T20:43:18.844Z,sell,0.0001891,92.87,0.017561717
EDO/BTC,1549312998844,2019-02-04T20:43:18.844Z,sell,0.000189,132.04,0.02495556
EDO/BTC,1549312998844,2019-02-04T20:43:18.844Z,sell,0.0001889,343.75,0.064934375
EDO/BTC,1549312998844,2019-02-04T20:43:18.844Z,sell,0.0001888,325.11,0.061380768
EDO/BTC,1549312998844,2019-02-04T20:43:18.844Z,sell,0.0001887,189.18,0.035698266
EDO/BTC,1549312998844,2019-02-04T20:43:18.844Z,sell,0.0001886,260.25,0.04908315
EDO/BTC,1549312998844,2019-02-04T20:43:18.844Z,sell,0.0001885,104.64,0.01972464
EDO/BTC,1549312998868,2019-02-04T20:43:18.868Z,buy,0.000189,57.95,0.01095255
EDO/BTC,1549312998886,2019-02-04T20:43:18.886Z,buy,0.000189,14.7,0.0027783
EDO/BTC,1549312998889,2019-02-04T20:43:18.889Z,buy,0.000189,27.25,0.00515025
EDO/BTC,1549313000199,2019-02-04T20:43:20.199Z,sell,0.0001885,48.98,0.00923273
EDO/BTC,1549313000199,2019-02-04T20:43:20.199Z,sell,0.0001884,80.19,0.015107796
EDO/BTC,1549313001793,2019-02-04T20:43:21.793Z,sell,0.0001885,9.85,0.001856725
EDO/BTC,1549313002380,2019-02-04T20:43:22.380Z,buy,0.0001885,53.4,0.0100659
EDO/BTC,1549313003945,2019-02-04T20:43:23.945Z,sell,0.0001884,57.95,0.01091778
EDO/BTC,1549313007668,2019-02-04T20:43:27.668Z,buy,0.0001887,23.98,0.004525026
EDO/BTC,1549313008274,2019-02-04T20:43:28.274Z,buy,0.0001888,150.31,0.028378528
EDO/BTC,1549313008274,2019-02-04T20:43:28.274Z,buy,0.0001892,99.69,0.018861348
EDO/BTC,1549313008363,2019-02-04T20:43:28.363Z,buy,0.0001892,14.95,0.0028285399999999
EDO/BTC,1549313010842,2019-02-04T20:43:30.842Z,buy,0.0001891,92.87,0.017561717
EDO/BTC,1549313010842,2019-02-04T20:43:30.842Z,buy,0.0001893,27.25,0.0051584249999999
EDO/BTC,1549313010842,2019-02-04T20:43:30.842Z,buy,0.0001895,112.95,0.021404025
EDO/BTC,1549313010887,2019-02-04T20:43:30.887Z,buy,0.0001895,48.02,0.00909979
EDO/BTC,1549313018451,2019-02-04T20:43:38.451Z,sell,0.0001888,79.44,0.014998272
EDO/BTC,1549313018451,2019-02-04T20:43:38.451Z,sell,0.0001886,95.71,0.018050906
EDO/BTC,1549313019348,2019-02-04T20:43:39.348Z,sell,0.0001887,79.49,0.014999763
EDO/BTC,1549313019348,2019-02-04T20:43:39.348Z,sell,0.0001886,95.54,0.018018844
EDO/BTC,1549313046248,2019-02-04T20:44:06.248Z,sell,0.0001887,331.11,0.062480457
EDO/BTC,1549313046248,2019-02-04T20:44:06.248Z,sell,0.0001886,79.14,0.014925804
EDO/BTC,1549313046248,2019-02-04T20:44:06.248Z,sell,0.0001885,781.09,0.147235465
EDO/BTC,1549313046248,2019-02-04T20:44:06.248Z,sell,0.0001884,490.18,0.092349912
EDO/BTC,1549313046493,2019-02-04T20:44:06.493Z,buy,0.0001884,688.27,0.129670068
EDO/BTC,1549313047169,2019-02-04T20:44:07.169Z,buy,0.0001884,57.53,0.010838652
EDO/BTC,1549313047402,2019-02-04T20:44:07.402Z,buy,0.0001884,159.3,0.03001212
EDO/BTC,1549313047576,2019-02-04T20:44:07.576Z,buy,0.0001884,95.62,0.018014808
EDO/BTC,1549313047645,2019-02-04T20:44:07.645Z,buy,0.0001884,5.3,0.00099852
EDO/BTC,1549313048228,2019-02-04T20:44:08.228Z,buy,0.0001884,229.42,0.0432227279999999
EDO/BTC,1549313048433,2019-02-04T20:44:08.433Z,buy,0.0001884,15.92,0.002999328
EDO/BTC,1549313049939,2019-02-04T20:44:09.939Z,buy,0.0001884,229.42,0.0432227279999999
EDO/BTC,1549313052794,2019-02-04T20:44:12.794Z,buy,0.0001884,7.88,0.001484592
EDO/BTC,1549313062582,2019-02-04T20:44:22.582Z,buy,0.0001884,5.88,0.001107792
EDO/BTC,1549313065870,2019-02-04T20:44:25.870Z,sell,0.0001883,181.59,0.034193397
EDO/BTC,1549313065870,2019-02-04T20:44:25.870Z,sell,0.0001882,11.28,0.002122896
EDO/BTC,1549313065870,2019-02-04T20:44:25.870Z,sell,0.0001881,187.08,0.035189748
EDO/BTC,1549313065870,2019-02-04T20:44:25.870Z,sell,0.000188,199.07,0.03742516
EDO/BTC,1549313065870,2019-02-04T20:44:25.870Z,sell,0.000188,390.38,0.0733914399999999
EDO/BTC,1549313065870,2019-02-04T20:44:25.870Z,sell,0.0001879,126.19,0.023711101
EDO/BTC,1549313065870,2019-02-04T20:44:25.870Z,sell,0.0001878,1.43,0.000268554
EDO/BTC,1549313068118,2019-02-04T20:44:28.118Z,buy,0.0001884,228.94,0.043132296
EDO/BTC,1549313068118,2019-02-04T20:44:28.118Z,buy,0.0001884,10.39,0.001957476
EDO/BTC,1549313068642,2019-02-04T20:44:28.642Z,sell,0.0001878,62.57,0.011750646
EDO/BTC,1549313068642,2019-02-04T20:44:28.642Z,sell,0.0001877,57.43,0.010779611
EDO/BTC,1549313070553,2019-02-04T20:44:30.553Z,sell,0.0001878,6.66,0.001250748
EDO/BTC,1549313070553,2019-02-04T20:44:30.553Z,sell,0.0001875,7.92,0.001485
EDO/BTC,1549313070553,2019-02-04T20:44:30.553Z,sell,0.0001874,22.75,0.00426335
EDO/BTC,1549313074974,2019-02-04T20:44:34.974Z,buy,0.0001882,10.72,0.002017504
EDO/BTC,1549313076484,2019-02-04T20:44:36.484Z,buy,0.0001882,18.18,0.0034214759999999
EDO/BTC,1549313082955,2019-02-04T20:44:42.955Z,buy,0.0001883,6.66,0.001254078
EDO/BTC,1549313099528,2019-02-04T20:44:59.528Z,sell,0.0001883,23.13,0.0043553789999999
EDO/BTC,1549313103327,2019-02-04T20:45:03.327Z,sell,0.0001882,34.95,0.00657759
EDO/BTC,1549313104236,2019-02-04T20:45:04.236Z,buy,0.0001882,7.97,0.001499954
EDO/BTC,1549313114570,2019-02-04T20:45:14.570Z,buy,0.0001882,10.22,0.001923404
EDO/BTC,1549313114570,2019-02-04T20:45:14.570Z,buy,0.0001883,27.6,0.00519708
EDO/BTC,1549313114570,2019-02-04T20:45:14.570Z,buy,0.0001884,67.29,0.012677436
EDO/BTC,1549313121873,2019-02-04T20:45:21.873Z,buy,0.0001884,15.92,0.002999328
EDO/BTC,1549313187955,2019-02-04T20:46:27.955Z,sell,0.0001883,63.72,0.011998476
EDO/BTC,1549313239529,2019-02-04T20:47:19.529Z,buy,0.0001883,68.04,0.012811932
EDO/BTC,1549313290447,2019-02-04T20:48:10.447Z,sell,0.0001883,22.75,0.004283825
EDO/BTC,1549313344958,2019-02-04T20:49:04.958Z,buy,0.0001884,82.38,0.015520392
EDO/BTC,1549313344958,2019-02-04T20:49:04.958Z,buy,0.0001887,146.86,0.027712482
EDO/BTC,1549313380118,2019-02-04T20:49:40.118Z,buy,0.0001887,355.45,0.067073415
EDO/BTC,1549313380150,2019-02-04T20:49:40.150Z,sell,0.0001887,13.2,0.00249084
EDO/BTC,1549313380266,2019-02-04T20:49:40.266Z,sell,0.0001887,90.0,0.016983
EDO/BTC,1549313481465,2019-02-04T20:51:21.465Z,buy,0.0001891,6.64,0.0012556239999999
EDO/BTC,1549313483295,2019-02-04T20:51:23.295Z,buy,0.0001892,16.51,0.003123692
EDO/BTC,1549313488356,2019-02-04T20:51:28.356Z,buy,0.0001893,9.4,0.00177942
EDO/BTC,1549313489979,2019-02-04T20:51:29.979Z,buy,0.0001893,5.83,0.001103619
EDO/BTC,1549313550521,2019-02-04T20:52:30.521Z,buy,0.0001893,41.46,0.007848378
EDO/BTC,1549313562512,2019-02-04T20:52:42.512Z,buy,0.0001894,52.79,0.009998426
EDO/BTC,1549313570266,2019-02-04T20:52:50.266Z,buy,0.0001894,52.79,0.009998426
EDO/BTC,1549313570266,2019-02-04T20:52:50.266Z,buy,0.0001894,52.79,0.009998426
EDO/BTC,1549313845813,2019-02-04T20:57:25.813Z,buy,0.0001894,54.73,0.010365862
EDO/BTC,1549313972496,2019-02-04T20:59:32.496Z,sell,0.0001894,10.6,0.0020076399999999
EDO/BTC,1549314023783,2019-02-04T21:00:23.783Z,sell,0.0001894,230.02,0.043565788
EDO/BTC,1549314023928,2019-02-04T21:00:23.928Z,sell,0.0001894,190.32,0.036046608
EDO/BTC,1549314023928,2019-02-04T21:00:23.928Z,sell,0.0001893,113.84,0.021549912
EDO/BTC,1549314024222,2019-02-04T21:00:24.222Z,sell,0.0001892,24.5,0.0046354
EDO/BTC,1549314024222,2019-02-04T21:00:24.222Z,sell,0.000189,11.31,0.00213759
EDO/BTC,1549314024222,2019-02-04T21:00:24.222Z,sell,0.0001889,24.19,0.004569491
EDO/BTC,1549314126723,2019-02-04T21:02:06.723Z,buy,0.0001896,25.69,0.004870824
EDO/BTC,1549314135090,2019-02-04T21:02:15.090Z,sell,0.0001891,7.88,0.001490108
EDO/BTC,1549314166656,2019-02-04T21:02:46.656Z,buy,0.0001896,14.62,0.002771952
EDO/BTC,1549314523023,2019-02-04T21:08:43.023Z,buy,0.0001896,18.88,0.003579648
EDO/BTC,1549314594843,2019-02-04T21:09:54.843Z,sell,0.0001892,52.85,0.00999922
EDO/BTC,1549314594843,2019-02-04T21:09:54.843Z,sell,0.0001891,222.01,0.041982091
EDO/BTC,1549314662821,2019-02-04T21:11:02.821Z,sell,0.0001892,8.4,0.00158928
EDO/BTC,1549314683944,2019-02-04T21:11:23.944Z,buy,0.0001896,28.5,0.0054036
EDO/BTC,1549314728479,2019-02-04T21:12:08.479Z,sell,0.0001892,38.61,0.007305012
EDO/BTC,1549314881892,2019-02-04T21:14:41.892Z,sell,0.0001892,7.92,0.001498464
EDO/BTC,1549315044568,2019-02-04T21:17:24.568Z,sell,0.0001892,253.55,0.04797166
EDO/BTC,1549315281484,2019-02-04T21:21:21.484Z,buy,0.0001894,27.77,0.005259638
EDO/BTC,1549315282532,2019-02-04T21:21:22.532Z,buy,0.0001894,9.3,0.00176142
EDO/BTC,1549315289023,2019-02-04T21:21:29.023Z,buy,0.0001895,11.28,0.0021375599999999
EDO/BTC,1549315292239,2019-02-04T21:21:32.239Z,sell,0.0001895,24.68,0.00467686
EDO/BTC,1549315292239,2019-02-04T21:21:32.239Z,sell,0.0001892,404.36,0.076504912
EDO/BTC,1549315344321,2019-02-04T21:22:24.321Z,buy,0.0001892,132.91,0.025146572
EDO/BTC,1549315573848,2019-02-04T21:26:13.848Z,sell,0.0001891,57.41,0.010856231
EDO/BTC,1549315866747,2019-02-04T21:31:06.747Z,sell,0.0001891,6.04,0.001142164
EDO/BTC,1549315913666,2019-02-04T21:31:53.666Z,sell,0.0001888,200.0,0.03776
EDO/BTC,1549315913666,2019-02-04T21:31:53.666Z,sell,0.0001885,193.02,0.03638427
EDO/BTC,1549315960805,2019-02-04T21:32:40.805Z,buy,0.000189,18.15,0.00343035
EDO/BTC,1549315973572,2019-02-04T21:32:53.572Z,buy,0.000189,8.0,0.001512
EDO/BTC,1549316081973,2019-02-04T21:34:41.973Z,sell,0.0001885,219.64,0.04140214
EDO/BTC,1549316179509,2019-02-04T21:36:19.509Z,buy,0.0001889,6.64,0.001254296
EDO/BTC,1549316179509,2019-02-04T21:36:19.509Z,buy,0.000189,1.3,0.0002457
EDO/BTC,1549316323340,2019-02-04T21:38:43.340Z,buy,0.000189,209.82,0.03965598
EDO/BTC,1549316406605,2019-02-04T21:40:06.605Z,buy,0.000189,15.0,0.002835
EDO/BTC,1549316808252,2019-02-04T21:46:48.252Z,buy,0.000189,226.67,0.04284063
EDO/BTC,1549316809691,2019-02-04T21:46:49.691Z,buy,0.000189,37.58,0.00710262
EDO/BTC,1549316895309,2019-02-04T21:48:15.309Z,sell,0.0001886,187.84,0.035426624
EDO/BTC,1549317059332,2019-02-04T21:50:59.332Z,sell,0.0001886,64.11,0.012091146
EDO/BTC,1549317078989,2019-02-04T21:51:18.989Z,sell,0.0001886,53.13,0.010020318
EDO/BTC,1549317091617,2019-02-04T21:51:31.617Z,buy,0.0001887,22.63,0.004270281
EDO/BTC,1549317103336,2019-02-04T21:51:43.336Z,buy,0.0001887,228.77,0.043168899
EDO/BTC,1549317103415,2019-02-04T21:51:43.415Z,buy,0.0001887,206.49,0.038964663
EDO/BTC,1549317103415,2019-02-04T21:51:43.415Z,buy,0.0001888,20.21,0.003815648
EDO/BTC,1549317117223,2019-02-04T21:51:57.223Z,sell,0.0001886,140.15,0.02643229
EDO/BTC,1549317117770,2019-02-04T21:51:57.770Z,buy,0.0001888,17.95,0.00338896
EDO/BTC,1549317123353,2019-02-04T21:52:03.353Z,buy,0.0001888,6.0,0.0011328
EDO/BTC,1549317131335,2019-02-04T21:52:11.335Z,sell,0.0001886,33.14,0.006250204
EDO/BTC,1549317132372,2019-02-04T21:52:12.372Z,buy,0.0001888,6.0,0.0011328
EDO/BTC,1549317147854,2019-02-04T21:52:27.854Z,sell,0.0001886,52.85,0.00996751
EDO/BTC,1549317153177,2019-02-04T21:52:33.177Z,sell,0.0001886,25.34,0.004779124
EDO/BTC,1549317153335,2019-02-04T21:52:33.335Z,buy,0.0001887,228.77,0.043168899
EDO/BTC,1549317153469,2019-02-04T21:52:33.469Z,buy,0.0001887,49.4,0.00932178
EDO/BTC,1549317153469,2019-02-04T21:52:33.469Z,buy,0.0001888,176.09,0.033245792
EDO/BTC,1549317153469,2019-02-04T21:52:33.469Z,buy,0.0001887,49.4,0.00932178
EDO/BTC,1549317153469,2019-02-04T21:52:33.469Z,buy,0.0001888,176.09,0.033245792
EDO/BTC,1549317177876,2019-02-04T21:52:57.876Z,sell,0.0001886,52.85,0.00996751
EDO/BTC,1549317178431,2019-02-04T21:52:58.431Z,buy,0.0001888,17.95,0.00338896
EDO/BTC,1549317183023,2019-02-04T21:53:03.023Z,sell,0.0001886,104.54,0.019716244
EDO/BTC,1549317250471,2019-02-04T21:54:10.471Z,sell,0.0001884,31.77,0.005985468
EDO/BTC,1549317250542,2019-02-04T21:54:10.542Z,buy,0.0001884,229.26,0.043192584
EDO/BTC,1549317250795,2019-02-04T21:54:10.795Z,buy,0.0001884,225.5,0.0424842
EDO/BTC,1549317252130,2019-02-04T21:54:12.130Z,buy,0.0001884,82.02,0.015452568
EDO/BTC,1549317252130,2019-02-04T21:54:12.130Z,buy,0.0001887,146.75,0.027691725
EDO/BTC,1549317329324,2019-02-04T21:55:29.324Z,buy,0.0001887,127.68,0.024093216
EDO/BTC,1549317329324,2019-02-04T21:55:29.324Z,buy,0.0001888,99.07,0.0187044159999999
EDO/BTC,1549317405815,2019-02-04T21:56:45.815Z,buy,0.0001887,11.28,0.002128536
EDO/BTC,1549317405815,2019-02-04T21:56:45.815Z,buy,0.0001888,2.55,0.0004814399999999
EDO/BTC,1549317776399,2019-02-04T22:02:56.399Z,sell,0.0001888,13.18,0.002488384
EDO/BTC,1549317776399,2019-02-04T22:02:56.399Z,sell,0.0001886,31.74,0.0059861639999999
EDO/BTC,1549317776399,2019-02-04T22:02:56.399Z,sell,0.0001883,31.89,0.006004887
EDO/BTC,1549317872720,2019-02-04T22:04:32.720Z,buy,0.0001889,7.94,0.001499866
EDO/BTC,1549318073566,2019-02-04T22:07:53.566Z,buy,0.0001888,105.41,0.019901408
EDO/BTC,1549318073566,2019-02-04T22:07:53.566Z,buy,0.0001889,121.49,0.022949461
EDO/BTC,1549318092494,2019-02-04T22:08:12.494Z,buy,0.0001888,78.48,0.014817024
EDO/BTC,1549318092494,2019-02-04T22:08:12.494Z,buy,0.0001889,148.39,0.028030871
EDO/BTC,1549318114931,2019-02-04T22:08:34.931Z,sell,0.0001884,8.57,0.001614588
EDO/BTC,1549318116489,2019-02-04T22:08:36.489Z,buy,0.0001889,226.87,0.042855743
EDO/BTC,1549318119570,2019-02-04T22:08:39.570Z,buy,0.0001889,226.85,0.042851965
EDO/BTC,1549318149469,2019-02-04T22:09:09.469Z,sell,0.0001884,8.57,0.001614588
EDO/BTC,1549318283125,2019-02-04T22:11:23.125Z,buy,0.0001889,15.82,0.002988398
EDO/BTC,1549318283764,2019-02-04T22:11:23.764Z,buy,0.0001889,34.15,0.006450935
EDO/BTC,1549318443603,2019-02-04T22:14:03.603Z,buy,0.0001889,226.65,0.042814185
EDO/BTC,1549318761158,2019-02-04T22:19:21.158Z,buy,0.0001889,226.98,0.042876522
EDO/BTC,1549318761583,2019-02-04T22:19:21.583Z,buy,0.0001889,37.61,0.007104529
EDO/BTC,1549318883688,2019-02-04T22:21:23.688Z,buy,0.0001889,40.3,0.00761267
EDO/BTC,1549318902292,2019-02-04T22:21:42.292Z,buy,0.0001889,17.0,0.0032113
EDO/BTC,1549319165425,2019-02-04T22:26:05.425Z,buy,0.0001889,6.0,0.0011334
EDO/BTC,1549319178651,2019-02-04T22:26:18.651Z,buy,0.0001889,2.13,0.000402357
EDO/BTC,1549319212563,2019-02-04T22:26:52.563Z,sell,0.0001885,15.0,0.0028275
EDO/BTC,1549319317019,2019-02-04T22:28:37.019Z,buy,0.000189,207.8,0.0392742
EDO/BTC,1549319317019,2019-02-04T22:28:37.019Z,buy,0.0001892,18.86,0.0035683119999999
EDO/BTC,1549319521606,2019-02-04T22:32:01.606Z,sell,0.0001886,25.3,0.00477158
EDO/BTC,1549319544577,2019-02-04T22:32:24.577Z,buy,0.0001892,25.3,0.00478676
EDO/BTC,1549319544577,2019-02-04T22:32:24.577Z,buy,0.0001893,11.28,0.0021353039999999
EDO/BTC,1549319544577,2019-02-04T22:32:24.577Z,buy,0.0001895,189.78,0.03596331
EDO/BTC,1549319546137,2019-02-04T22:32:26.137Z,buy,0.0001893,228.97,0.0433440209999999
EDO/BTC,1549319547834,2019-02-04T22:32:27.834Z,buy,0.0001893,228.97,0.0433440209999999
EDO/BTC,1549319548426,2019-02-04T22:32:28.426Z,buy,0.0001893,226.85,0.042942705
EDO/BTC,1549319548747,2019-02-04T22:32:28.747Z,buy,0.0001893,5.41,0.0010241129999999
EDO/BTC,1549319640054,2019-02-04T22:34:00.054Z,buy,0.0001893,209.8,0.03971514
EDO/BTC,1549319640054,2019-02-04T22:34:00.054Z,buy,0.0001895,16.78,0.00317981
EDO/BTC,1549319666753,2019-02-04T22:34:26.753Z,buy,0.0001892,155.46,0.029413032
EDO/BTC,1549319666753,2019-02-04T22:34:26.753Z,buy,0.0001896,73.15,0.01386924
EDO/BTC,1549319666772,2019-02-04T22:34:26.772Z,buy,0.0001896,226.84,0.043008864
EDO/BTC,1549319670969,2019-02-04T22:34:30.969Z,sell,0.0001889,6.63,0.001252407
EDO/BTC,1549319684453,2019-02-04T22:34:44.453Z,sell,0.0001888,6.63,0.001251744
EDO/BTC,1549319685037,2019-02-04T22:34:45.037Z,sell,0.0001885,321.28,0.0605612799999999
EDO/BTC,1549319688601,2019-02-04T22:34:48.601Z,sell,0.0001887,43.05,0.008123535
EDO/BTC,1549319689162,2019-02-04T22:34:49.162Z,sell,0.0001886,281.02,0.053000372
EDO/BTC,1549319690193,2019-02-04T22:34:50.193Z,sell,0.0001885,93.07,0.0175436949999999
EDO/BTC,1549319690193,2019-02-04T22:34:50.193Z,sell,0.0001884,579.07,0.109096788
EDO/BTC,1549319691694,2019-02-04T22:34:51.694Z,sell,0.0001884,281.32,0.053000688
EDO/BTC,1549319691694,2019-02-04T22:34:51.694Z,sell,0.0001883,79.56,0.014981148
EDO/BTC,1549319692509,2019-02-04T22:34:52.509Z,buy,0.0001895,37.56,0.00711762
EDO/BTC,1549319693536,2019-02-04T22:34:53.536Z,buy,0.0001895,61.53,0.011659935
EDO/BTC,1549319693536,2019-02-04T22:34:53.536Z,buy,0.0001896,167.08,0.031678368
EDO/BTC,1549319705167,2019-02-04T22:35:05.167Z,buy,0.0001894,228.91,0.043355554
EDO/BTC,1549319715337,2019-02-04T22:35:15.337Z,buy,0.0001894,50.92,0.009644248
EDO/BTC,1549319716441,2019-02-04T22:35:16.441Z,sell,0.0001894,52.99,0.010036306
EDO/BTC,1549319717009,2019-02-04T22:35:17.009Z,sell,0.0001884,245.16,0.046188144
EDO/BTC,1549319718525,2019-02-04T22:35:18.525Z,buy,0.0001894,228.91,0.043355554
EDO/BTC,1549319730902,2019-02-04T22:35:30.902Z,sell,0.0001885,43.68,0.00823368
EDO/BTC,1549319731520,2019-02-04T22:35:31.520Z,sell,0.0001884,180.3,0.03396852
EDO/BTC,1549319731537,2019-02-04T22:35:31.537Z,buy,0.0001885,12.32,0.00232232
EDO/BTC,1549319731537,2019-02-04T22:35:31.537Z,buy,0.0001893,43.68,0.008268624
EDO/BTC,1549319731537,2019-02-04T22:35:31.537Z,buy,0.0001894,143.99,0.027271706
EDO/BTC,1549319731537,2019-02-04T22:35:31.537Z,buy,0.0001895,28.92,0.00548034
EDO/BTC,1549319736928,2019-02-04T22:35:36.928Z,buy,0.0001894,228.91,0.043355554
EDO/BTC,1549319794698,2019-02-04T22:36:34.698Z,buy,0.0001895,50.69,0.0096057549999999
EDO/BTC,1549319794698,2019-02-04T22:36:34.698Z,buy,0.0001897,178.1,0.03378557
EDO/BTC,1549319965799,2019-02-04T22:39:25.799Z,sell,0.0001887,103.81,0.019588947
EDO/BTC,1549320031904,2019-02-04T22:40:31.904Z,buy,0.0001896,228.54,0.043331184
EDO/BTC,1549320033539,2019-02-04T22:40:33.539Z,buy,0.0001896,50.2,0.00951792
EDO/BTC,1549320033539,2019-02-04T22:40:33.539Z,buy,0.0001897,178.34,0.033831098
EDO/BTC,1549320193930,2019-02-04T22:43:13.930Z,buy,0.0001897,228.54,0.043354038
EDO/BTC,1549320195740,2019-02-04T22:43:15.740Z,buy,0.0001897,228.54,0.043354038
EDO/BTC,1549320309213,2019-02-04T22:45:09.213Z,buy,0.0001897,206.86,0.039241342
EDO/BTC,1549320569873,2019-02-04T22:49:29.873Z,sell,0.0001888,319.47,0.060315936
EDO/BTC,1549320573180,2019-02-04T22:49:33.180Z,buy,0.0001888,174.28,0.032904064
EDO/BTC,1549320573180,2019-02-04T22:49:33.180Z,buy,0.0001892,75.72,0.0143262239999999
EDO/BTC,1549320573283,2019-02-04T22:49:33.283Z,buy,0.0001892,50.94,0.009637848
EDO/BTC,1549320719817,2019-02-04T22:51:59.817Z,buy,0.0001896,38.75,0.007347
EDO/BTC,1549320719817,2019-02-04T22:51:59.817Z,buy,0.0001897,12.18,0.002310546
EDO/BTC,1549320719822,2019-02-04T22:51:59.822Z,buy,0.0001897,250.0,0.047425
EDO/BTC,1549320719822,2019-02-04T22:51:59.822Z,buy,0.0001897,250.0,0.047425
EDO/BTC,1549320960528,2019-02-04T22:56:00.528Z,sell,0.000189,38.88,0.00734832
EDO/BTC,1549320961081,2019-02-04T22:56:01.081Z,sell,0.0001889,13.23,0.002499147
EDO/BTC,1549320966466,2019-02-04T22:56:06.466Z,sell,0.0001888,6.63,0.001251744
EDO/BTC,1549320967037,2019-02-04T22:56:07.037Z,sell,0.0001887,333.86,0.062999382
EDO/BTC,1549321373691,2019-02-04T23:02:53.691Z,sell,0.0001887,6.63,0.001251081
EDO/BTC,1549321487368,2019-02-04T23:04:47.368Z,sell,0.0001887,6.63,0.001251081
EDO/BTC,1549321579017,2019-02-04T23:06:19.017Z,sell,0.0001886,7.24,0.001365464
EDO/BTC,1549321923621,2019-02-04T23:12:03.621Z,sell,0.0001886,46.34,0.008739724
EDO/BTC,1549322085453,2019-02-04T23:14:45.453Z,buy,0.0001891,118.44,0.0223970039999999
EDO/BTC,1549322085453,2019-02-04T23:14:45.453Z,buy,0.0001892,6.63,0.0012543959999999
EDO/BTC,1549322085453,2019-02-04T23:14:45.453Z,buy,0.0001894,6.63,0.001255722
EDO/BTC,1549322085453,2019-02-04T23:14:45.453Z,buy,0.0001895,94.57,0.017921015
EDO/BTC,1549322355307,2019-02-04T23:19:15.307Z,sell,0.0001888,21.14,0.003991232
EDO/BTC,1549322809877,2019-02-04T23:26:49.877Z,sell,0.0001888,22.86,0.004315968
EDO/BTC,1549322809877,2019-02-04T23:26:49.877Z,sell,0.0001887,6.63,0.001251081
EDO/BTC,1549322809877,2019-02-04T23:26:49.877Z,sell,0.0001886,25.29,0.004769694
EDO/BTC,1549322809877,2019-02-04T23:26:49.877Z,sell,0.0001885,105.58,0.01990183
EDO/BTC,1549322809877,2019-02-04T23:26:49.877Z,sell,0.0001884,599.58,0.112960872
EDO/BTC,1549323160580,2019-02-04T23:32:40.580Z,buy,0.0001894,15.38,0.002912972
EDO/BTC,1549323164080,2019-02-04T23:32:44.080Z,buy,0.0001894,18.71,0.003543674
EDO/BTC,1549324268898,2019-02-04T23:51:08.898Z,buy,0.0001888,9.91,0.001871008
EDO/BTC,1549324268898,2019-02-04T23:51:08.898Z,buy,0.0001889,19.61,0.003704329
EDO/BTC,1549324268898,2019-02-04T23:51:08.898Z,buy,0.0001893,105.58,0.0199862939999999
EDO/BTC,1549324268898,2019-02-04T23:51:08.898Z,buy,0.0001894,93.35,0.01768049
EDO/BTC,1549324268975,2019-02-04T23:51:08.975Z,buy,0.0001894,124.79,0.023635226
EDO/BTC,1549324268975,2019-02-04T23:51:08.975Z,buy,0.0001895,101.56,0.01924562
EDO/BTC,1549324268975,2019-02-04T23:51:08.975Z,buy,0.0001894,124.79,0.023635226
EDO/BTC,1549324268975,2019-02-04T23:51:08.975Z,buy,0.0001895,101.56,0.01924562
EDO/BTC,1549324442826,2019-02-04T23:54:02.826Z,buy,0.0001895,226.23,0.0428705849999999
EDO/BTC,1549324850292,2019-02-05T00:00:50.292Z,buy,0.0001895,137.26,0.02601077
EDO/BTC,1549324850292,2019-02-05T00:00:50.292Z,buy,0.0001896,89.2,0.01691232
EDO/BTC,1549324855184,2019-02-05T00:00:55.184Z,buy,0.0001896,226.49,0.042942504
EDO/BTC,1549324875288,2019-02-05T00:01:15.288Z,buy,0.0001896,53.05,0.01005828
EDO/BTC,1549324875288,2019-02-05T00:01:15.288Z,buy,0.0001897,173.42,0.032897774
EDO/BTC,1549325000085,2019-02-05T00:03:20.085Z,buy,0.0001898,141.9,0.02693262
EDO/BTC,1549325000085,2019-02-05T00:03:20.085Z,buy,0.0001899,0.25,4.7475e-05
EDO/BTC,1549325026994,2019-02-05T00:03:46.994Z,buy,0.0001899,11.42,0.002168658
EDO/BTC,1549325033702,2019-02-05T00:03:53.702Z,buy,0.0001899,1.81,0.000343719
EDO/BTC,1549325033702,2019-02-05T00:03:53.702Z,buy,0.00019,6.19,0.0011761
EDO/BTC,1549325047594,2019-02-05T00:04:07.594Z,sell,0.0001899,8.61,0.001635039
EDO/BTC,1549325108149,2019-02-05T00:05:08.149Z,buy,0.00019,50.0,0.0095
EDO/BTC,1549325134967,2019-02-05T00:05:34.967Z,sell,0.0001899,100.9,0.01916091
EDO/BTC,1549325168708,2019-02-05T00:06:08.708Z,buy,0.00019,227.55,0.0432345
EDO/BTC,1549325279236,2019-02-05T00:07:59.236Z,buy,0.00019,162.94,0.0309586
EDO/BTC,1549325279236,2019-02-05T00:07:59.236Z,buy,0.0001901,64.88,0.012333688
EDO/BTC,1549325286930,2019-02-05T00:08:06.930Z,buy,0.0001901,21.34,0.004056734
EDO/BTC,1549325311895,2019-02-05T00:08:31.895Z,buy,0.0001902,60.0,0.0114119999999999
EDO/BTC,1549325360428,2019-02-05T00:09:20.428Z,sell,0.0001899,15.92,0.003023208
EDO/BTC,1549325480589,2019-02-05T00:11:20.589Z,sell,0.00019,19.15,0.0036385
EDO/BTC,1549325626947,2019-02-05T00:13:46.947Z,sell,0.00019,56.87,0.0108053
EDO/BTC,1549326012746,2019-02-05T00:20:12.746Z,buy,0.0001902,21.95,0.00417489
EDO/BTC,1549326012746,2019-02-05T00:20:12.746Z,buy,0.0001903,245.65,0.046747195
EDO/BTC,1549326012746,2019-02-05T00:20:12.746Z,buy,0.0001904,205.86,0.039195744
EDO/BTC,1549326012746,2019-02-05T00:20:12.746Z,buy,0.0001906,6.54,0.001246524
EDO/BTC,1549326071908,2019-02-05T00:21:11.908Z,buy,0.0001902,200.0,0.03804
EDO/BTC,1549326275973,2019-02-05T00:24:35.973Z,sell,0.00019,14.24,0.0027056
EDO/BTC,1549326275973,2019-02-05T00:24:35.973Z,sell,0.0001899,6.56,0.001245744
EDO/BTC,1549326305333,2019-02-05T00:25:05.333Z,sell,0.00019,52.63,0.0099997
EDO/BTC,1549326405504,2019-02-05T00:26:45.504Z,sell,0.0001899,11.71,0.002223729
EDO/BTC,1549326433662,2019-02-05T00:27:13.662Z,sell,0.0001899,6.32,0.001200168
EDO/BTC,1549326461934,2019-02-05T00:27:41.934Z,sell,0.0001899,138.55,0.026310645
EDO/BTC,1549326474946,2019-02-05T00:27:54.946Z,sell,0.0001899,220.94,0.041956506
EDO/BTC,1549326572574,2019-02-05T00:29:32.574Z,sell,0.0001891,7.94,0.001501454
EDO/BTC,1549326572714,2019-02-05T00:29:32.714Z,buy,0.0001895,10.39,0.001968905
EDO/BTC,1549326574616,2019-02-05T00:29:34.616Z,sell,0.0001893,7.94,0.001503042
EDO/BTC,1549326607756,2019-02-05T00:30:07.756Z,sell,0.0001893,23.14,0.004380402
EDO/BTC,1549326617232,2019-02-05T00:30:17.232Z,sell,0.0001893,5.29,0.001001397
EDO/BTC,1549326617265,2019-02-05T00:30:17.265Z,buy,0.0001893,76.25,0.0144341249999999
EDO/BTC,1549326617368,2019-02-05T00:30:17.368Z,buy,0.0001893,34.4,0.0065119199999999
EDO/BTC,1549326617468,2019-02-05T00:30:17.468Z,buy,0.0001893,152.87,0.028938291
EDO/BTC,1549326723761,2019-02-05T00:32:03.761Z,sell,0.0001892,26.33,0.0049816359999999
EDO/BTC,1549326724960,2019-02-05T00:32:04.960Z,sell,0.0001892,7.94,0.001502248
EDO/BTC,1549326967918,2019-02-05T00:36:07.918Z,buy,0.0001899,6.0,0.0011394
EDO/BTC,1549327280576,2019-02-05T00:41:20.576Z,sell,0.0001893,5.34,0.001010862
EDO/BTC,1549327287087,2019-02-05T00:41:27.087Z,sell,0.000189,13.78,0.00260442
EDO/BTC,1549327291106,2019-02-05T00:41:31.106Z,buy,0.000189,6.63,0.00125307
EDO/BTC,1549327291208,2019-02-05T00:41:31.208Z,buy,0.000189,12.56,0.00237384
EDO/BTC,1549327503028,2019-02-05T00:45:03.028Z,buy,0.0001895,12.56,0.00238012
EDO/BTC,1549327503028,2019-02-05T00:45:03.028Z,buy,0.0001896,6.63,0.001257048
EDO/BTC,1549327503028,2019-02-05T00:45:03.028Z,buy,0.0001897,16.53,0.003135741
EDO/BTC,1549327503028,2019-02-05T00:45:03.028Z,buy,0.0001899,0.61,0.000115839
EDO/BTC,1549327503028,2019-02-05T00:45:03.028Z,buy,0.00019,189.07,0.0359233
EDO/BTC,1549327503573,2019-02-05T00:45:03.573Z,buy,0.0001905,24.63,0.004692015
EDO/BTC,1549327579757,2019-02-05T00:46:19.757Z,buy,0.0001905,224.99,0.042860595
EDO/BTC,1549327579757,2019-02-05T00:46:19.757Z,buy,0.0001905,224.99,0.042860595
EDO/BTC,1549328089277,2019-02-05T00:54:49.277Z,buy,0.0001905,15.74,0.00299847
EDO/BTC,1549328371406,2019-02-05T00:59:31.406Z,buy,0.0001905,26.24,0.00499872
EDO/BTC,1549328380148,2019-02-05T00:59:40.148Z,buy,0.0001905,26.24,0.00499872
EDO/BTC,1549328529025,2019-02-05T01:02:09.025Z,sell,0.0001894,17.41,0.003297454
EDO/BTC,1549328658137,2019-02-05T01:04:18.137Z,sell,0.0001896,6.6,0.00125136
EDO/BTC,1549328662549,2019-02-05T01:04:22.549Z,sell,0.0001894,7.75,0.00146785
EDO/BTC,1549329494675,2019-02-05T01:18:14.675Z,sell,0.0001895,6.0,0.001137
EDO/BTC,1549329760499,2019-02-05T01:22:40.499Z,buy,0.0001902,6.6,0.0012553199999999
EDO/BTC,1549329767034,2019-02-05T01:22:47.034Z,buy,0.0001903,14.94,0.002843082
EDO/BTC,1549329785321,2019-02-05T01:23:05.321Z,sell,0.0001896,9.06,0.001717776
EDO/BTC,1549330857698,2019-02-05T01:40:57.698Z,sell,0.0001896,31.85,0.00603876
EDO/BTC,1549330860589,2019-02-05T01:41:00.589Z,sell,0.0001896,45.25,0.0085794
EDO/BTC,1549330882125,2019-02-05T01:41:22.125Z,sell,0.0001896,50.1,0.00949896
EDO/BTC,1549330882125,2019-02-05T01:41:22.125Z,sell,0.0001896,50.1,0.00949896
EDO/BTC,1549331650565,2019-02-05T01:54:10.565Z,sell,0.0001897,89.33,0.016945901
EDO/BTC,1549331670972,2019-02-05T01:54:30.972Z,sell,0.0001897,59.82,0.011347854
EDO/BTC,1549331737736,2019-02-05T01:55:37.736Z,buy,0.0001898,228.7,0.0434072599999999
EDO/BTC,1549331737782,2019-02-05T01:55:37.782Z,buy,0.0001898,226.74,0.043035252
EDO/BTC,1549331835993,2019-02-05T01:57:15.993Z,buy,0.0001898,76.2,0.01446276
EDO/BTC,1549331882636,2019-02-05T01:58:02.636Z,buy,0.0001898,46.37,0.008801026
EDO/BTC,1549331959017,2019-02-05T01:59:19.017Z,sell,0.0001897,105.32,0.019979204
EDO/BTC,1549331959105,2019-02-05T01:59:19.105Z,sell,0.0001897,61.92,0.011746224
EDO/BTC,1549332012022,2019-02-05T02:00:12.022Z,sell,0.0001897,63.25,0.011998525
EDO/BTC,1549332026319,2019-02-05T02:00:26.319Z,sell,0.0001897,40.13,0.007612661
EDO/BTC,1549332026520,2019-02-05T02:00:26.520Z,sell,0.0001897,45.04,0.008544088
EDO/BTC,1549332118208,2019-02-05T02:01:58.208Z,buy,0.0001898,13.77,0.002613546
EDO/BTC,1549332193648,2019-02-05T02:03:13.648Z,buy,0.0001898,58.41,0.011086218
EDO/BTC,1549332193648,2019-02-05T02:03:13.648Z,buy,0.0001902,9.06,0.001723212
EDO/BTC,1549332193648,2019-02-05T02:03:13.648Z,buy,0.0001903,48.0,0.0091343999999999
EDO/BTC,1549332193648,2019-02-05T02:03:13.648Z,buy,0.0001905,112.37,0.021406485
EDO/BTC,1549332686735,2019-02-05T02:11:26.735Z,sell,0.0001899,12.02,0.002282598
EDO/BTC,1549332693263,2019-02-05T02:11:33.263Z,sell,0.0001898,5.51,0.001045798
EDO/BTC,1549332877079,2019-02-05T02:14:37.079Z,sell,0.0001899,5.55,0.001053945
EDO/BTC,1549332878138,2019-02-05T02:14:38.138Z,sell,0.0001899,5.55,0.001053945
EDO/BTC,1549332879171,2019-02-05T02:14:39.171Z,sell,0.0001899,5.55,0.001053945
EDO/BTC,1549333270740,2019-02-05T02:21:10.740Z,sell,0.0001902,20.35,0.00387057
EDO/BTC,1549333901683,2019-02-05T02:31:41.683Z,sell,0.0001899,131.63,0.024996537
EDO/BTC,1549333901683,2019-02-05T02:31:41.683Z,sell,0.0001898,109.42,0.020767916
EDO/BTC,1549333910370,2019-02-05T02:31:50.370Z,buy,0.00019,25.04,0.0047576
EDO/BTC,1549333921689,2019-02-05T02:32:01.689Z,sell,0.0001898,8.53,0.001618994
EDO/BTC,1549333926525,2019-02-05T02:32:06.525Z,buy,0.0001902,22.97,0.004368894
EDO/BTC,1549333926525,2019-02-05T02:32:06.525Z,buy,0.0001904,2.1,0.00039984
EDO/BTC,1549333957173,2019-02-05T02:32:37.173Z,buy,0.0001904,10.49,0.001997296
EDO/BTC,1549333957173,2019-02-05T02:32:37.173Z,buy,0.0001905,65.67,0.012510135
EDO/BTC,1549333957173,2019-02-05T02:32:37.173Z,buy,0.0001906,0.05,9.53e-06
EDO/BTC,1549333957173,2019-02-05T02:32:37.173Z,buy,0.0001907,65.0,0.0123955
EDO/BTC,1549333957173,2019-02-05T02:32:37.173Z,buy,0.0001908,8.79,0.0016771319999999
EDO/BTC,1549334209465,2019-02-05T02:36:49.465Z,buy,0.0001908,249.57,0.0476179559999999
EDO/BTC,1549334212460,2019-02-05T02:36:52.460Z,buy,0.0001908,998.3,0.19047564
EDO/BTC,1549334285989,2019-02-05T02:38:05.989Z,sell,0.00019,89.92,0.0170848
EDO/BTC,1549334288355,2019-02-05T02:38:08.355Z,sell,0.0001901,7.88,0.001497988
EDO/BTC,1549334480782,2019-02-05T02:41:20.782Z,sell,0.0001901,17.49,0.003324849
EDO/BTC,1549334480782,2019-02-05T02:41:20.782Z,sell,0.0001901,17.49,0.003324849
EDO/BTC,1549334828146,2019-02-05T02:47:08.146Z,buy,0.0001906,7.88,0.001501928
EDO/BTC,1549334828146,2019-02-05T02:47:08.146Z,buy,0.0001907,7.25,0.001382575
EDO/BTC,1549335080489,2019-02-05T02:51:20.489Z,sell,0.00019,6.35,0.0012065
EDO/BTC,1549335093811,2019-02-05T02:51:33.811Z,sell,0.0001893,9.59,0.001815387
EDO/BTC,1549336268595,2019-02-05T03:11:08.595Z,sell,0.0001898,52.68,0.009998664
EDO/BTC,1549336280623,2019-02-05T03:11:20.623Z,sell,0.0001891,6.6,0.0012480599999999
EDO/BTC,1549336578465,2019-02-05T03:16:18.465Z,buy,0.0001903,7.91,0.001505273
EDO/BTC,1549337401482,2019-02-05T03:30:01.482Z,buy,0.0001903,1.68,0.000319704
EDO/BTC,1549337401562,2019-02-05T03:30:01.562Z,sell,0.0001903,50.86,0.009678658
EDO/BTC,1549337428070,2019-02-05T03:30:28.070Z,buy,0.0001909,26.19,0.004999671
EDO/BTC,1549337454682,2019-02-05T03:30:54.682Z,buy,0.0001909,37.01,0.007065209
EDO/BTC,1549337454702,2019-02-05T03:30:54.702Z,sell,0.0001909,60.08,0.011469272
EDO/BTC,1549337454728,2019-02-05T03:30:54.728Z,sell,0.0001909,60.72,0.011591448
EDO/BTC,1549337454997,2019-02-05T03:30:54.997Z,sell,0.0001909,79.76,0.015226184
EDO/BTC,1549337500710,2019-02-05T03:31:40.710Z,sell,0.0001909,37.49,0.007156841
EDO/BTC,1549337566477,2019-02-05T03:32:46.477Z,sell,0.0001909,105.05,0.020054045
EDO/BTC,1549337654054,2019-02-05T03:34:14.054Z,sell,0.0001909,46.37,0.008852033
EDO/BTC,1549337655449,2019-02-05T03:34:15.449Z,sell,0.0001909,97.35,0.018584115
EDO/BTC,1549338024031,2019-02-05T03:40:24.031Z,sell,0.00019,6.59,0.0012521
EDO/BTC,1549338024031,2019-02-05T03:40:24.031Z,sell,0.00019,6.59,0.0012521
EDO/BTC,1549338081890,2019-02-05T03:41:21.890Z,sell,0.00019,5.27,0.0010012999999999
EDO/BTC,1549338094746,2019-02-05T03:41:34.746Z,sell,0.0001898,14.96,0.002839408
EDO/BTC,1549338128637,2019-02-05T03:42:08.637Z,buy,0.0001905,14.96,0.00284988
EDO/BTC,1549338128637,2019-02-05T03:42:08.637Z,buy,0.0001906,0.85,0.00016201
EDO/BTC,1549338683527,2019-02-05T03:51:23.527Z,sell,0.0001896,16.61,0.003149256
EDO/BTC,1549338728716,2019-02-05T03:52:08.716Z,buy,0.0001904,15.82,0.0030121279999999
EDO/BTC,1549338915429,2019-02-05T03:55:15.429Z,buy,0.0001904,225.02,0.042843808
EDO/BTC,1549339320324,2019-02-05T04:02:00.324Z,buy,0.0001904,16.61,0.0031625439999999
EDO/BTC,1549339356064,2019-02-05T04:02:36.064Z,sell,0.0001904,20.53,0.003908912
EDO/BTC,1549339372592,2019-02-05T04:02:52.592Z,sell,0.0001898,18.55,0.00352079
EDO/BTC,1549340355884,2019-02-05T04:19:15.884Z,sell,0.0001899,13.3,0.00252567
EDO/BTC,1549340402001,2019-02-05T04:20:02.001Z,buy,0.0001899,39.08,0.007421292
EDO/BTC,1549340617193,2019-02-05T04:23:37.193Z,buy,0.00019,230.49,0.0437931
EDO/BTC,1549341128529,2019-02-05T04:32:08.529Z,sell,0.0001901,26.77,0.005088977
EDO/BTC,1549341232155,2019-02-05T04:33:52.155Z,sell,0.0001901,63.25,0.012023825
EDO/BTC,1549341241091,2019-02-05T04:34:01.091Z,sell,0.0001901,39.08,0.007429108
EDO/BTC,1549341262186,2019-02-05T04:34:22.186Z,sell,0.0001901,63.45,0.012061845
EDO/BTC,1549341448810,2019-02-05T04:37:28.810Z,sell,0.0001901,52.99,0.010073399
EDO/BTC,1549341472609,2019-02-05T04:37:52.609Z,sell,0.0001901,49.37,0.009385237
EDO/BTC,1549341511273,2019-02-05T04:38:31.273Z,sell,0.0001901,35.36,0.006721936
EDO/BTC,1549341511273,2019-02-05T04:38:31.273Z,sell,0.0001901,35.36,0.006721936
EDO/BTC,1549341680984,2019-02-05T04:41:20.984Z,sell,0.0001898,18.03,0.003422094
EDO/BTC,1549341788713,2019-02-05T04:43:08.713Z,buy,0.00019,15.81,0.0030039
EDO/BTC,1549342248983,2019-02-05T04:50:48.983Z,buy,0.0001899,51.82,0.009840618
EDO/BTC,1549342280638,2019-02-05T04:51:20.638Z,sell,0.0001898,18.94,0.003594812
EDO/BTC,1549342586938,2019-02-05T04:56:26.938Z,sell,0.0001898,11.89,0.002256722
EDO/BTC,1549342590235,2019-02-05T04:56:30.235Z,sell,0.0001898,14.73,0.002795754
EDO/BTC,1549342824481,2019-02-05T05:00:24.481Z,buy,0.0001899,0.83,0.000157617
EDO/BTC,1549342824481,2019-02-05T05:00:24.481Z,buy,0.0001901,117.87,0.022407087
EDO/BTC,1549342824481,2019-02-05T05:00:24.481Z,buy,0.0001902,108.61,0.0206576219999999
EDO/BTC,1549342824700,2019-02-05T05:00:24.700Z,buy,0.0001902,102.86,0.019563972
EDO/BTC,1549342824700,2019-02-05T05:00:24.700Z,buy,0.0001903,158.54,0.0301701619999999
EDO/BTC,1549342824700,2019-02-05T05:00:24.700Z,buy,0.0001904,145.37,0.027678448
EDO/BTC,1549342824700,2019-02-05T05:00:24.700Z,buy,0.0001905,78.73,0.014998065
EDO/BTC,1549342824733,2019-02-05T05:00:24.733Z,sell,0.0001905,88.0,0.016764
EDO/BTC,1549342824743,2019-02-05T05:00:24.743Z,sell,0.0001905,77.31,0.014727555
EDO/BTC,1549342824784,2019-02-05T05:00:24.784Z,sell,0.0001905,30.83,0.005873115
EDO/BTC,1549342824903,2019-02-05T05:00:24.903Z,sell,0.0001905,6.95,0.001323975
EDO/BTC,1549342824955,2019-02-05T05:00:24.955Z,sell,0.0001905,6.95,0.001323975
EDO/BTC,1549342825004,2019-02-05T05:00:25.004Z,sell,0.0001905,6.95,0.001323975
EDO/BTC,1549342825084,2019-02-05T05:00:25.084Z,sell,0.0001905,6.95,0.001323975
EDO/BTC,1549342825113,2019-02-05T05:00:25.113Z,sell,0.0001905,3.36,0.00064008
EDO/BTC,1549342825113,2019-02-05T05:00:25.113Z,sell,0.0001898,3.59,0.000681382
EDO/BTC,1549343050215,2019-02-05T05:04:10.215Z,sell,0.0001898,1.34,0.000254332
EDO/BTC,1549344638757,2019-02-05T05:30:38.757Z,sell,0.0001891,38.03,0.0071914729999999
EDO/BTC,1549344668532,2019-02-05T05:31:08.532Z,buy,0.0001891,15.86,0.0029991259999999
EDO/BTC,1549344668972,2019-02-05T05:31:08.972Z,buy,0.0001891,5.29,0.001000339
EDO/BTC,1549344706030,2019-02-05T05:31:46.030Z,sell,0.000189,20.0,0.00378
EDO/BTC,1549344720061,2019-02-05T05:32:00.061Z,sell,0.0001888,17.3,0.00326624
EDO/BTC,1549344772009,2019-02-05T05:32:52.009Z,sell,0.0001888,80.64,0.015224832
EDO/BTC,1549344772009,2019-02-05T05:32:52.009Z,sell,0.0001888,80.64,0.015224832
EDO/BTC,1549345595554,2019-02-05T05:46:35.554Z,sell,0.0001889,13.23,0.002499147
EDO/BTC,1549345595554,2019-02-05T05:46:35.554Z,sell,0.0001888,1.71,0.000322848
EDO/BTC,1549345992549,2019-02-05T05:53:12.549Z,sell,0.0001889,7.42,0.001401638
EDO/BTC,1549346428356,2019-02-05T06:00:28.356Z,buy,0.0001894,29.63,0.005611922
EDO/BTC,1549346428585,2019-02-05T06:00:28.585Z,buy,0.0001894,8.4,0.00159096
EDO/BTC,1549346428585,2019-02-05T06:00:28.585Z,buy,0.0001895,4.79,0.000907705
EDO/BTC,1549346428795,2019-02-05T06:00:28.795Z,buy,0.0001895,10.53,0.001995435
EDO/BTC,1549346429418,2019-02-05T06:00:29.418Z,buy,0.0001895,7.9,0.00149705
EDO/BTC,1549346566821,2019-02-05T06:02:46.821Z,sell,0.0001892,19.94,0.003772648
EDO/BTC,1549347688891,2019-02-05T06:21:28.891Z,sell,0.0001889,17.93,0.003386977
EDO/BTC,1549347712420,2019-02-05T06:21:52.420Z,sell,0.0001889,246.9,0.04663941
EDO/BTC,1549347712420,2019-02-05T06:21:52.420Z,sell,0.0001888,92.18,0.017403584
EDO/BTC,1549348068873,2019-02-05T06:27:48.873Z,sell,0.0001889,6.63,0.001252407
EDO/BTC,1549348068873,2019-02-05T06:27:48.873Z,sell,0.0001888,125.84,0.023758592
EDO/BTC,1549348069117,2019-02-05T06:27:49.117Z,buy,0.0001888,687.41,0.129783008
EDO/BTC,1549348070728,2019-02-05T06:27:50.728Z,buy,0.0001887,96.41,0.018192567
EDO/BTC,1549348070728,2019-02-05T06:27:50.728Z,buy,0.0001888,588.59,0.111125792
EDO/BTC,1549348072311,2019-02-05T06:27:52.311Z,buy,0.0001888,229.14,0.043261632
EDO/BTC,1549348074328,2019-02-05T06:27:54.328Z,buy,0.0001888,229.14,0.043261632
EDO/BTC,1549348098188,2019-02-05T06:28:18.188Z,buy,0.0001888,304.1,0.05741408
EDO/BTC,1549348161985,2019-02-05T06:29:21.985Z,buy,0.0001888,0.01,1.888e-06
EDO/BTC,1549348309006,2019-02-05T06:31:49.006Z,sell,0.0001888,163.85,0.03093488
EDO/BTC,1549348325163,2019-02-05T06:32:05.163Z,sell,0.0001887,51.62,0.009740694
EDO/BTC,1549348325163,2019-02-05T06:32:05.163Z,sell,0.0001886,37.12,0.0070008319999999
EDO/BTC,1549348325163,2019-02-05T06:32:05.163Z,sell,0.0001884,5.41,0.001019244
EDO/BTC,1549348347230,2019-02-05T06:32:27.230Z,sell,0.0001885,21.35,0.004024475
EDO/BTC,1549348347230,2019-02-05T06:32:27.230Z,sell,0.0001885,21.35,0.004024475
EDO/BTC,1549348413384,2019-02-05T06:33:33.384Z,sell,0.0001885,5.31,0.0010009349999999
EDO/BTC,1549348414872,2019-02-05T06:33:34.872Z,buy,0.0001885,12.36,0.00232986
EDO/BTC,1549349282727,2019-02-05T06:48:02.727Z,sell,0.0001886,6.64,0.0012523039999999
EDO/BTC,1549349459065,2019-02-05T06:50:59.065Z,buy,0.0001888,19.94,0.003764672
EDO/BTC,1549349459065,2019-02-05T06:50:59.065Z,buy,0.0001889,33.86,0.006396154
EDO/BTC,1549350197399,2019-02-05T07:03:17.399Z,buy,0.0001893,6.64,0.001256952
EDO/BTC,1549350248829,2019-02-05T07:04:08.829Z,sell,0.0001893,4.75,0.000899175
EDO/BTC,1549350688133,2019-02-05T07:11:28.133Z,buy,0.0001885,16.07,0.003029195
EDO/BTC,1549350902527,2019-02-05T07:15:02.527Z,sell,0.0001887,6.63,0.001251081
EDO/BTC,1549350902527,2019-02-05T07:15:02.527Z,sell,0.0001886,75.98,0.014329828
EDO/BTC,1549350902527,2019-02-05T07:15:02.527Z,sell,0.0001885,61.44,0.01158144
EDO/BTC,1549350909377,2019-02-05T07:15:09.377Z,buy,0.0001885,4.93,0.000929305
EDO/BTC,1549350909377,2019-02-05T07:15:09.377Z,buy,0.0001891,10.99,0.0020782089999999
EDO/BTC,1549351164153,2019-02-05T07:19:24.153Z,buy,0.0001893,7.19,0.001361067
EDO/BTC,1549351164153,2019-02-05T07:19:24.153Z,buy,0.0001896,72.3,0.01370808
EDO/BTC,1549351175925,2019-02-05T07:19:35.925Z,buy,0.0001897,6.63,0.001257711
EDO/BTC,1549351175925,2019-02-05T07:19:35.925Z,buy,0.0001898,64.88,0.012314224
EDO/BTC,1549351224149,2019-02-05T07:20:24.149Z,buy,0.0001899,13.23,0.002512377
EDO/BTC,1549351224149,2019-02-05T07:20:24.149Z,buy,0.00019,51.08,0.0097052
EDO/BTC,1549351224615,2019-02-05T07:20:24.615Z,sell,0.0001885,150.84,0.02843334
EDO/BTC,1549351233926,2019-02-05T07:20:33.926Z,sell,0.0001887,64.25,0.012123975
EDO/BTC,1549351789782,2019-02-05T07:29:49.782Z,sell,0.000189,13.23,0.00250047
EDO/BTC,1549351789782,2019-02-05T07:29:49.782Z,sell,0.0001889,6.63,0.001252407
EDO/BTC,1549351789782,2019-02-05T07:29:49.782Z,sell,0.0001888,33.08,0.006245504
EDO/BTC,1549351789782,2019-02-05T07:29:49.782Z,sell,0.000189,13.23,0.00250047
EDO/BTC,1549351789782,2019-02-05T07:29:49.782Z,sell,0.0001889,6.63,0.001252407
EDO/BTC,1549351789782,2019-02-05T07:29:49.782Z,sell,0.0001888,33.08,0.006245504
EDO/BTC,1549352152945,2019-02-05T07:35:52.945Z,sell,0.0001887,51.54,0.009725598
EDO/BTC,1549352667426,2019-02-05T07:44:27.426Z,buy,0.0001891,50.0,0.009455
EDO/BTC,1549353015976,2019-02-05T07:50:15.976Z,sell,0.0001887,15.91,0.003002217
EDO/BTC,1549353096196,2019-02-05T07:51:36.196Z,sell,0.0001887,10.07,0.001900209
EDO/BTC,1549353634562,2019-02-05T08:00:34.562Z,sell,0.0001887,21.12,0.003985344
EDO/BTC,1549353724224,2019-02-05T08:02:04.224Z,sell,0.0001887,16.31,0.003077697
EDO/BTC,1549353725774,2019-02-05T08:02:05.774Z,sell,0.0001887,9.23,0.001741701
EDO/BTC,1549353739296,2019-02-05T08:02:19.296Z,sell,0.0001884,10.85,0.00204414
EDO/BTC,1549354800178,2019-02-05T08:20:00.178Z,buy,0.000189,35.01,0.00661689
EDO/BTC,1549354800178,2019-02-05T08:20:00.178Z,buy,0.0001891,14.25,0.0026946749999999
EDO/BTC,1549354800178,2019-02-05T08:20:00.178Z,buy,0.0001892,110.9,0.02098228
EDO/BTC,1549354800178,2019-02-05T08:20:00.178Z,buy,0.0001893,66.64,0.012614952
EDO/BTC,1549354803959,2019-02-05T08:20:03.959Z,buy,0.0001893,7.92,0.001499256
EDO/BTC,1549354846652,2019-02-05T08:20:46.652Z,buy,0.0001898,12.78,0.002425644
EDO/BTC,1549354902817,2019-02-05T08:21:42.817Z,buy,0.0001898,10.65,0.00202137
EDO/BTC,1549354941173,2019-02-05T08:22:21.173Z,buy,0.0001898,10.65,0.00202137
EDO/BTC,1549354983150,2019-02-05T08:23:03.150Z,buy,0.0001898,10.65,0.00202137
EDO/BTC,1549355020362,2019-02-05T08:23:40.362Z,buy,0.0001898,39.38,0.007474324
EDO/BTC,1549355059144,2019-02-05T08:24:19.144Z,buy,0.0001898,10.65,0.00202137
EDO/BTC,1549355102748,2019-02-05T08:25:02.748Z,buy,0.0001897,10.65,0.002020305
EDO/BTC,1549355161977,2019-02-05T08:26:01.977Z,buy,0.0001897,10.65,0.002020305
EDO/BTC,1549355222876,2019-02-05T08:27:02.876Z,buy,0.0001897,10.65,0.002020305
EDO/BTC,1549355269764,2019-02-05T08:27:49.764Z,buy,0.0001897,10.65,0.002020305
EDO/BTC,1549355325644,2019-02-05T08:28:45.644Z,buy,0.0001897,10.65,0.002020305
EDO/BTC,1549355354442,2019-02-05T08:29:14.442Z,sell,0.0001886,120.88,0.022797968
EDO/BTC,1549355354442,2019-02-05T08:29:14.442Z,sell,0.0001885,19.59,0.003692715
EDO/BTC,1549355370717,2019-02-05T08:29:30.717Z,buy,0.0001896,10.65,0.00201924
EDO/BTC,1549355370717,2019-02-05T08:29:30.717Z,buy,0.0001896,10.65,0.00201924
EDO/BTC,1549355398614,2019-02-05T08:29:58.614Z,sell,0.0001885,15.25,0.002874625
EDO/BTC,1549355420438,2019-02-05T08:30:20.438Z,buy,0.0001895,10.65,0.002018175
EDO/BTC,1549355434924,2019-02-05T08:30:34.924Z,buy,0.0001894,15.25,0.00288835
EDO/BTC,1549355434924,2019-02-05T08:30:34.924Z,buy,0.0001896,11.12,0.002108352
EDO/BTC,1549355444778,2019-02-05T08:30:44.778Z,buy,0.0001895,23.56,0.00446462
EDO/BTC,1549355452243,2019-02-05T08:30:52.243Z,buy,0.0001896,79.11,0.014999256
EDO/BTC,1549355489326,2019-02-05T08:31:29.326Z,buy,0.0001896,10.65,0.00201924
EDO/BTC,1549355491114,2019-02-05T08:31:31.114Z,buy,0.0001896,26.37,0.004999752
EDO/BTC,1549355528642,2019-02-05T08:32:08.642Z,buy,0.0001896,10.65,0.00201924
EDO/BTC,1549355616745,2019-02-05T08:33:36.745Z,buy,0.0001898,10.65,0.00202137
EDO/BTC,1549356081432,2019-02-05T08:41:21.432Z,sell,0.0001895,15.8,0.0029941
EDO/BTC,1549356586203,2019-02-05T08:49:46.203Z,buy,0.0001898,62.01,0.011769498
EDO/BTC,1549356586203,2019-02-05T08:49:46.203Z,buy,0.0001899,26.75,0.005079825
EDO/BTC,1549356976745,2019-02-05T08:56:16.745Z,buy,0.0001899,42.12,0.007998588
EDO/BTC,1549357361113,2019-02-05T09:02:41.113Z,sell,0.0001895,13.41,0.002541195
EDO/BTC,1549358288742,2019-02-05T09:18:08.742Z,buy,0.0001895,5.28,0.00100056
EDO/BTC,1549358434077,2019-02-05T09:20:34.077Z,sell,0.0001889,28.79,0.005438431
EDO/BTC,1549358443213,2019-02-05T09:20:43.213Z,sell,0.0001889,11.47,0.002166683
EDO/BTC,1549358480666,2019-02-05T09:21:20.666Z,sell,0.0001888,55.95,0.01056336
EDO/BTC,1549358480666,2019-02-05T09:21:20.666Z,sell,0.0001887,96.71,0.018249177
EDO/BTC,1549358480666,2019-02-05T09:21:20.666Z,sell,0.0001886,405.41,0.076460326
EDO/BTC,1549358480666,2019-02-05T09:21:20.666Z,sell,0.0001885,41.2,0.0077662
EDO/BTC,1549358480666,2019-02-05T09:21:20.666Z,sell,0.0001882,164.85,0.0310247699999999
EDO/BTC,1549358589962,2019-02-05T09:23:09.962Z,buy,0.0001888,37.32,0.007046016
EDO/BTC,1549358598344,2019-02-05T09:23:18.344Z,sell,0.0001884,5.31,0.0010004039999999
EDO/BTC,1549358598344,2019-02-05T09:23:18.344Z,sell,0.0001881,100.28,0.018862668
EDO/BTC,1549358600027,2019-02-05T09:23:20.027Z,buy,0.0001887,5.84,0.001102008
EDO/BTC,1549358600044,2019-02-05T09:23:20.044Z,sell,0.0001881,8.78,0.0016515179999999
EDO/BTC,1549358724779,2019-02-05T09:25:24.779Z,buy,0.0001887,2.14,0.000403818
EDO/BTC,1549358724779,2019-02-05T09:25:24.779Z,buy,0.0001889,4.57,0.000863273
EDO/BTC,1549358724779,2019-02-05T09:25:24.779Z,buy,0.0001891,2.61,0.000493551
EDO/BTC,1549358727063,2019-02-05T09:25:27.063Z,buy,0.0001891,10.65,0.002013915
EDO/BTC,1549358786789,2019-02-05T09:26:26.789Z,buy,0.0001891,10.65,0.002013915
EDO/BTC,1549358847285,2019-02-05T09:27:27.285Z,buy,0.0001891,10.65,0.002013915
EDO/BTC,1549358903140,2019-02-05T09:28:23.140Z,buy,0.0001891,10.65,0.002013915
EDO/BTC,1549358946493,2019-02-05T09:29:06.493Z,buy,0.0001891,10.65,0.002013915
EDO/BTC,1549358946493,2019-02-05T09:29:06.493Z,buy,0.0001891,10.65,0.002013915
EDO/BTC,1549358992716,2019-02-05T09:29:52.716Z,buy,0.0001891,10.65,0.002013915
EDO/BTC,1549359000379,2019-02-05T09:30:00.379Z,buy,0.0001891,120.77,0.022837607
EDO/BTC,1549359054731,2019-02-05T09:30:54.731Z,buy,0.0001899,10.65,0.002022435
EDO/BTC,1549359170869,2019-02-05T09:32:50.869Z,buy,0.0001896,10.65,0.00201924
EDO/BTC,1549359211960,2019-02-05T09:33:31.960Z,buy,0.0001896,10.65,0.00201924
EDO/BTC,1549359255705,2019-02-05T09:34:15.705Z,buy,0.0001896,10.65,0.00201924
EDO/BTC,1549359303668,2019-02-05T09:35:03.668Z,buy,0.0001896,10.65,0.00201924
EDO/BTC,1549359353743,2019-02-05T09:35:53.743Z,buy,0.0001896,10.65,0.00201924
EDO/BTC,1549359400623,2019-02-05T09:36:40.623Z,buy,0.0001896,10.65,0.00201924
EDO/BTC,1549359451519,2019-02-05T09:37:31.519Z,buy,0.0001896,10.65,0.00201924
EDO/BTC,1549359508917,2019-02-05T09:38:28.917Z,buy,0.0001896,10.65,0.00201924
EDO/BTC,1549359553072,2019-02-05T09:39:13.072Z,buy,0.0001896,10.65,0.00201924
EDO/BTC,1549359599754,2019-02-05T09:39:59.754Z,buy,0.0001896,10.65,0.00201924
EDO/BTC,1549360403266,2019-02-05T09:53:23.266Z,buy,0.0001901,13.23,0.002515023
EDO/BTC,1549360403266,2019-02-05T09:53:23.266Z,buy,0.0001902,12.94,0.0024611879999999
EDO/BTC,1549360403447,2019-02-05T09:53:23.447Z,sell,0.00019,10.52,0.0019988
EDO/BTC,1549362344566,2019-02-05T10:25:44.566Z,sell,0.0001891,125.62,0.023754742
EDO/BTC,1549362344566,2019-02-05T10:25:44.566Z,sell,0.000189,264.41,0.04997349
EDO/BTC,1549362344566,2019-02-05T10:25:44.566Z,sell,0.0001889,194.21,0.036686269
EDO/BTC,1549362528550,2019-02-05T10:28:48.550Z,sell,0.0001889,87.91,0.016606199
EDO/BTC,1549362528550,2019-02-05T10:28:48.550Z,sell,0.0001889,87.91,0.016606199
EDO/BTC,1549362803098,2019-02-05T10:33:23.098Z,sell,0.0001889,56.53,0.010678517
EDO/BTC,1549362883865,2019-02-05T10:34:43.865Z,sell,0.0001889,6.0,0.0011334
EDO/BTC,1549363234435,2019-02-05T10:40:34.435Z,buy,0.0001898,10.65,0.00202137
EDO/BTC,1549363297294,2019-02-05T10:41:37.294Z,buy,0.0001895,10.65,0.002018175
EDO/BTC,1549363355086,2019-02-05T10:42:35.086Z,buy,0.0001895,10.65,0.002018175
EDO/BTC,1549363404385,2019-02-05T10:43:24.385Z,buy,0.0001895,10.65,0.002018175
EDO/BTC,1549363435352,2019-02-05T10:43:55.352Z,sell,0.0001889,47.89,0.009046421
EDO/BTC,1549363738513,2019-02-05T10:48:58.513Z,sell,0.0001889,50.0,0.009445
EDO/BTC,1549363920155,2019-02-05T10:52:00.155Z,sell,0.0001889,140.25,0.026493225
EDO/BTC,1549364527817,2019-02-05T11:02:07.817Z,buy,0.0001895,20.1,0.00380895
EDO/BTC,1549364814050,2019-02-05T11:06:54.050Z,buy,0.0001895,10.65,0.002018175
EDO/BTC,1549364867937,2019-02-05T11:07:47.937Z,buy,0.0001895,10.65,0.002018175
EDO/BTC,1549365186981,2019-02-05T11:13:06.981Z,buy,0.0001895,11.37,0.002154615
EDO/BTC,1549365186981,2019-02-05T11:13:06.981Z,buy,0.0001895,11.37,0.002154615
EDO/BTC,1549366535244,2019-02-05T11:35:35.244Z,sell,0.0001889,6.54,0.001235406
EDO/BTC,1549366535552,2019-02-05T11:35:35.552Z,sell,0.0001889,6.56,0.001239184
EDO/BTC,1549366535846,2019-02-05T11:35:35.846Z,sell,0.0001889,5.74,0.001084286
EDO/BTC,1549366976088,2019-02-05T11:42:56.088Z,sell,0.0001889,508.01,0.095963089
EDO/BTC,1549367595360,2019-02-05T11:53:15.360Z,sell,0.0001889,88.13,0.016647757
EDO/BTC,1549367738983,2019-02-05T11:55:38.983Z,sell,0.0001889,54.95,0.010380055
EDO/BTC,1549367896050,2019-02-05T11:58:16.050Z,sell,0.0001889,157.66,0.029781974
EDO/BTC,1549367897595,2019-02-05T11:58:17.595Z,buy,0.0001889,378.17,0.071436313
EDO/BTC,1549367906108,2019-02-05T11:58:26.108Z,buy,0.0001888,60.75,0.0114696
EDO/BTC,1549367906108,2019-02-05T11:58:26.108Z,buy,0.0001889,166.17,0.031389513
EDO/BTC,1549367910089,2019-02-05T11:58:30.089Z,buy,0.0001889,226.91,0.042863299
EDO/BTC,1549367915870,2019-02-05T11:58:35.870Z,buy,0.0001889,226.92,0.042865188
EDO/BTC,1549367919082,2019-02-05T11:58:39.082Z,buy,0.0001889,226.92,0.042865188
EDO/BTC,1549368068277,2019-02-05T12:01:08.277Z,buy,0.0001887,75.27,0.014203449
EDO/BTC,1549368068277,2019-02-05T12:01:08.277Z,buy,0.0001888,153.64,0.0290072319999999
EDO/BTC,1549368081708,2019-02-05T12:01:21.708Z,buy,0.0001888,162.31,0.030644128
EDO/BTC,1549368081708,2019-02-05T12:01:21.708Z,buy,0.0001889,66.6,0.01258074
EDO/BTC,1549368223930,2019-02-05T12:03:43.930Z,buy,0.0001888,42.31,0.007988128
EDO/BTC,1549368223930,2019-02-05T12:03:43.930Z,buy,0.0001889,31.8,0.00600702
EDO/BTC,1549368263162,2019-02-05T12:04:23.162Z,buy,0.0001889,10.65,0.002011785
EDO/BTC,1549368309097,2019-02-05T12:05:09.097Z,buy,0.0001889,10.65,0.002011785
EDO/BTC,1549368356017,2019-02-05T12:05:56.017Z,buy,0.0001889,10.65,0.002011785
EDO/BTC,1549368420177,2019-02-05T12:07:00.177Z,buy,0.0001889,10.65,0.002011785
EDO/BTC,1549368480486,2019-02-05T12:08:00.486Z,buy,0.0001889,10.65,0.002011785
EDO/BTC,1549368527169,2019-02-05T12:08:47.169Z,buy,0.0001889,10.65,0.002011785
EDO/BTC,1549368578560,2019-02-05T12:09:38.560Z,buy,0.0001889,10.65,0.002011785
EDO/BTC,1549368642182,2019-02-05T12:10:42.182Z,buy,0.0001889,10.65,0.002011785
EDO/BTC,1549368688305,2019-02-05T12:11:28.305Z,buy,0.0001889,10.65,0.002011785
EDO/BTC,1549368707538,2019-02-05T12:11:47.538Z,sell,0.0001888,15.37,0.002901856
EDO/BTC,1549368707538,2019-02-05T12:11:47.538Z,sell,0.0001881,218.58,0.041114898
EDO/BTC,1549368707538,2019-02-05T12:11:47.538Z,sell,0.000188,39.0,0.007332
EDO/BTC,1549368707538,2019-02-05T12:11:47.538Z,sell,0.0001878,48.99,0.009200322
EDO/BTC,1549368707538,2019-02-05T12:11:47.538Z,sell,0.0001875,17.97,0.003369375
EDO/BTC,1549368707538,2019-02-05T12:11:47.538Z,sell,0.0001874,6.39,0.001197486
EDO/BTC,1549368707538,2019-02-05T12:11:47.538Z,sell,0.000187,33.09,0.00618783
EDO/BTC,1549368707538,2019-02-05T12:11:47.538Z,sell,0.0001869,172.43,0.032227167
EDO/BTC,1549368707825,2019-02-05T12:11:47.825Z,sell,0.0001872,16.52,0.003092544
EDO/BTC,1549368708304,2019-02-05T12:11:48.304Z,sell,0.0001873,9.92,0.0018580159999999
EDO/BTC,1549368713297,2019-02-05T12:11:53.297Z,buy,0.0001881,6.39,0.0012019589999999
EDO/BTC,1549368729965,2019-02-05T12:12:09.965Z,sell,0.0001879,13.3,0.00249907
EDO/BTC,1549368729965,2019-02-05T12:12:09.965Z,sell,0.0001878,264.69,0.049708782
EDO/BTC,1549368729965,2019-02-05T12:12:09.965Z,sell,0.0001877,233.21,0.043773517
EDO/BTC,1549368774270,2019-02-05T12:12:54.270Z,sell,0.0001877,67.62,0.012692274
EDO/BTC,1549368774270,2019-02-05T12:12:54.270Z,sell,0.0001876,175.93,0.033004468
EDO/BTC,1549368781009,2019-02-05T12:13:01.009Z,buy,0.0001878,31.22,0.005863116
EDO/BTC,1549368781668,2019-02-05T12:13:01.668Z,buy,0.0001878,31.22,0.005863116
EDO/BTC,1549368784390,2019-02-05T12:13:04.390Z,buy,0.0001873,15.62,0.0029256259999999
EDO/BTC,1549368784464,2019-02-05T12:13:04.464Z,buy,0.0001873,15.62,0.0029256259999999
EDO/BTC,1549368784775,2019-02-05T12:13:04.775Z,buy,0.0001873,15.62,0.0029256259999999
EDO/BTC,1549368785235,2019-02-05T12:13:05.235Z,buy,0.0001871,15.62,0.0029225019999999
EDO/BTC,1549368785482,2019-02-05T12:13:05.482Z,buy,0.0001871,9.35,0.0017493849999999
EDO/BTC,1549368785723,2019-02-05T12:13:05.723Z,buy,0.0001871,24.97,0.004671887
EDO/BTC,1549368786251,2019-02-05T12:13:06.251Z,buy,0.0001871,46.6,0.00871886
EDO/BTC,1549368786251,2019-02-05T12:13:06.251Z,sell,0.000187,9.92,0.0018550399999999
EDO/BTC,1549368786769,2019-02-05T12:13:06.769Z,sell,0.000187,60.11,0.01124057
EDO/BTC,1549368786769,2019-02-05T12:13:06.769Z,sell,0.000187,60.11,0.01124057
EDO/BTC,1549368788026,2019-02-05T12:13:08.026Z,sell,0.000187,29.96,0.00560252
EDO/BTC,1549368788026,2019-02-05T12:13:08.026Z,sell,0.0001869,79.31,0.014823039
EDO/BTC,1549368789257,2019-02-05T12:13:09.257Z,sell,0.000187,80.21,0.0149992699999999
EDO/BTC,1549368789257,2019-02-05T12:13:09.257Z,sell,0.0001869,72.93,0.013630617
EDO/BTC,1549368792071,2019-02-05T12:13:12.071Z,sell,0.000187,6.61,0.00123607
EDO/BTC,1549368792270,2019-02-05T12:13:12.270Z,sell,0.000187,88.4,0.0165308
EDO/BTC,1549368792270,2019-02-05T12:13:12.270Z,sell,0.0001869,296.78,0.0554681819999999
EDO/BTC,1549368792270,2019-02-05T12:13:12.270Z,sell,0.0001868,406.0,0.0758408
EDO/BTC,1549368792270,2019-02-05T12:13:12.270Z,sell,0.0001866,62.1,0.01158786
EDO/BTC,1549368792286,2019-02-05T12:13:12.286Z,buy,0.0001866,406.0,0.0757596
EDO/BTC,1549368792293,2019-02-05T12:13:12.293Z,buy,0.0001866,406.0,0.0757596
EDO/BTC,1549368792312,2019-02-05T12:13:12.312Z,buy,0.0001866,209.36,0.039066576
EDO/BTC,1549368792390,2019-02-05T12:13:12.390Z,buy,0.0001866,231.79,0.043252014
EDO/BTC,1549368792711,2019-02-05T12:13:12.711Z,buy,0.0001866,17.23,0.003215118
EDO/BTC,1549368793516,2019-02-05T12:13:13.516Z,sell,0.0001865,85.79,0.015999835
EDO/BTC,1549368793935,2019-02-05T12:13:13.935Z,buy,0.0001865,9.22,0.00171953
EDO/BTC,1549368793935,2019-02-05T12:13:13.935Z,buy,0.0001866,222.57,0.041531562
EDO/BTC,1549368794218,2019-02-05T12:13:14.218Z,buy,0.0001866,160.78,0.030001548
EDO/BTC,1549368794381,2019-02-05T12:13:14.381Z,buy,0.0001866,99.58,0.018581628
EDO/BTC,1549368794606,2019-02-05T12:13:14.606Z,buy,0.0001866,230.88,0.043082208
EDO/BTC,1549368794770,2019-02-05T12:13:14.770Z,buy,0.0001866,11.7,0.00218322
EDO/BTC,1549368798887,2019-02-05T12:13:18.887Z,buy,0.0001866,60.87,0.011358342
EDO/BTC,1549368801838,2019-02-05T12:13:21.838Z,sell,0.0001863,16.24,0.0030255119999999
EDO/BTC,1549368808398,2019-02-05T12:13:28.398Z,buy,0.0001866,153.53,0.028648698
EDO/BTC,1549368824456,2019-02-05T12:13:44.456Z,buy,0.0001866,48.72,0.009091152
EDO/BTC,1549368837795,2019-02-05T12:13:57.795Z,buy,0.0001866,24.7,0.00460902
EDO/BTC,1549368837907,2019-02-05T12:13:57.907Z,buy,0.0001866,17.67,0.003297222
EDO/BTC,1549368844039,2019-02-05T12:14:04.039Z,sell,0.0001868,36.39,0.0067976519999999
EDO/BTC,1549368844039,2019-02-05T12:14:04.039Z,sell,0.0001867,80.34,0.014999478
EDO/BTC,1549368844039,2019-02-05T12:14:04.039Z,sell,0.0001865,20.89,0.003895985
EDO/BTC,1549368844039,2019-02-05T12:14:04.039Z,sell,0.0001864,80.47,0.014999608
EDO/BTC,1549368844039,2019-02-05T12:14:04.039Z,sell,0.0001863,427.35,0.079615305
EDO/BTC,1549368844039,2019-02-05T12:14:04.039Z,sell,0.0001861,48.27,0.008983047
EDO/BTC,1549368844039,2019-02-05T12:14:04.039Z,sell,0.0001859,410.86,0.076378874
EDO/BTC,1549368844039,2019-02-05T12:14:04.039Z,sell,0.0001858,18.14,0.0033704119999999
EDO/BTC,1549368844050,2019-02-05T12:14:04.050Z,buy,0.0001858,389.38,0.072346804
EDO/BTC,1549368845638,2019-02-05T12:14:05.638Z,sell,0.000186,80.0,0.0148799999999999
EDO/BTC,1549368845638,2019-02-05T12:14:05.638Z,sell,0.0001859,94.46,0.0175601139999999
EDO/BTC,1549368845638,2019-02-05T12:14:05.638Z,sell,0.0001857,95.66,0.0177640619999999
EDO/BTC,1549368876294,2019-02-05T12:14:36.294Z,sell,0.0001865,7.6,0.0014174
EDO/BTC,1549368961769,2019-02-05T12:16:01.769Z,sell,0.0001866,16.52,0.003082632
EDO/BTC,1549368974992,2019-02-05T12:16:14.992Z,sell,0.0001867,36.39,0.006794013
EDO/BTC,1549368975387,2019-02-05T12:16:15.387Z,sell,0.0001867,133.14,0.024857238
EDO/BTC,1549368975853,2019-02-05T12:16:15.853Z,buy,0.0001867,8.03,0.001499201
EDO/BTC,1549368980637,2019-02-05T12:16:20.637Z,sell,0.0001866,94.46,0.017626236
EDO/BTC,1549368995433,2019-02-05T12:16:35.433Z,buy,0.0001867,161.03,0.030064301
EDO/BTC,1549369020135,2019-02-05T12:17:00.135Z,buy,0.0001867,132.15,0.024672405
EDO/BTC,1549369038368,2019-02-05T12:17:18.368Z,buy,0.0001869,16.05,0.002999745
EDO/BTC,1549369105584,2019-02-05T12:18:25.584Z,buy,0.0001869,16.05,0.002999745
EDO/BTC,1549369143631,2019-02-05T12:19:03.631Z,sell,0.0001867,17.81,0.0033251269999999
EDO/BTC,1549369143631,2019-02-05T12:19:03.631Z,sell,0.0001866,0.65,0.00012129
EDO/BTC,1549369363475,2019-02-05T12:22:43.475Z,buy,0.0001869,39.06,0.007300314
EDO/BTC,1549369429623,2019-02-05T12:23:49.623Z,sell,0.0001869,82.43,0.015406167
EDO/BTC,1549369429623,2019-02-05T12:23:49.623Z,sell,0.0001868,114.96,0.0214745279999999
EDO/BTC,1549369536751,2019-02-05T12:25:36.751Z,buy,0.0001872,24.7,0.00462384
EDO/BTC,1549369536751,2019-02-05T12:25:36.751Z,buy,0.0001873,40.26,0.0075406979999999
EDO/BTC,1549369536751,2019-02-05T12:25:36.751Z,buy,0.0001874,80.51,0.015087574
EDO/BTC,1549369536751,2019-02-05T12:25:36.751Z,buy,0.0001876,264.69,0.049655844
EDO/BTC,1549369536751,2019-02-05T12:25:36.751Z,buy,0.0001877,220.32,0.041354064
EDO/BTC,1549369536751,2019-02-05T12:25:36.751Z,buy,0.0001879,52.55,0.0098741449999999
EDO/BTC,1549369541454,2019-02-05T12:25:41.454Z,sell,0.0001872,14.64,0.002740608
EDO/BTC,1549369553363,2019-02-05T12:25:53.363Z,buy,0.0001878,14.64,0.002749392
EDO/BTC,1549369553363,2019-02-05T12:25:53.363Z,buy,0.0001879,149.7,0.0281286299999999
EDO/BTC,1549369553363,2019-02-05T12:25:53.363Z,buy,0.000188,160.78,0.03022664
EDO/BTC,1549369553363,2019-02-05T12:25:53.363Z,buy,0.0001881,15.95,0.0030001949999999
EDO/BTC,1549369553363,2019-02-05T12:25:53.363Z,buy,0.0001882,218.36,0.041095352
EDO/BTC,1549369553435,2019-02-05T12:25:53.435Z,sell,0.0001882,8.3,0.00156206
EDO/BTC,1549369553544,2019-02-05T12:25:53.544Z,sell,0.0001882,77.29,0.014545978
EDO/BTC,1549369553651,2019-02-05T12:25:53.651Z,sell,0.0001882,12.71,0.002392022
EDO/BTC,1549369553757,2019-02-05T12:25:53.757Z,sell,0.0001882,17.67,0.003325494
EDO/BTC,1549369553864,2019-02-05T12:25:53.864Z,sell,0.0001882,24.95,0.0046955899999999
EDO/BTC,1549369553896,2019-02-05T12:25:53.896Z,sell,0.0001882,8.3,0.00156206
EDO/BTC,1549369554011,2019-02-05T12:25:54.011Z,sell,0.0001882,8.3,0.00156206
EDO/BTC,1549369554450,2019-02-05T12:25:54.450Z,sell,0.0001882,67.49,0.0127016179999999
EDO/BTC,1549369554868,2019-02-05T12:25:54.868Z,sell,0.0001882,8.3,0.00156206
EDO/BTC,1549369563434,2019-02-05T12:26:03.434Z,sell,0.0001882,11.01,0.002072082
EDO/BTC,1549369567809,2019-02-05T12:26:07.809Z,sell,0.0001882,40.26,0.007576932
EDO/BTC,1549369891411,2019-02-05T12:31:31.411Z,buy,0.0001885,10.98,0.00206973
EDO/BTC,1549369923881,2019-02-05T12:32:03.881Z,buy,0.0001885,20.01,0.003771885
EDO/BTC,1549370017626,2019-02-05T12:33:37.626Z,sell,0.0001878,17.23,0.003235794
EDO/BTC,1549370019336,2019-02-05T12:33:39.336Z,sell,0.0001878,8.03,0.001508034
EDO/BTC,1549370452837,2019-02-05T12:40:52.837Z,buy,0.0001882,11.98,0.002254636
EDO/BTC,1549370459406,2019-02-05T12:40:59.406Z,buy,0.0001883,7.97,0.0015007509999999
EDO/BTC,1549370476961,2019-02-05T12:41:16.961Z,buy,0.0001883,33.65,0.006336295
EDO/BTC,1549370482969,2019-02-05T12:41:22.969Z,sell,0.0001883,66.45,0.012512535
EDO/BTC,1549370555796,2019-02-05T12:42:35.796Z,sell,0.0001883,37.53,0.007066899
EDO/BTC,1549370731583,2019-02-05T12:45:31.583Z,sell,0.000188,167.39,0.0314693199999999
EDO/BTC,1549370899906,2019-02-05T12:48:19.906Z,sell,0.0001878,104.91,0.019702098
EDO/BTC,1549371113536,2019-02-05T12:51:53.536Z,buy,0.000188,10.74,0.00201912
EDO/BTC,1549371140090,2019-02-05T12:52:20.090Z,buy,0.0001885,26.52,0.00499902
EDO/BTC,1549371218334,2019-02-05T12:53:38.334Z,buy,0.0001885,11.4,0.0021489
EDO/BTC,1549371816179,2019-02-05T13:03:36.179Z,sell,0.0001879,6.4,0.00120256
EDO/BTC,1549371816179,2019-02-05T13:03:36.179Z,sell,0.0001878,49.36,0.009269808
EDO/BTC,1549371910206,2019-02-05T13:05:10.206Z,buy,0.0001884,6.4,0.00120576
EDO/BTC,1549371910206,2019-02-05T13:05:10.206Z,buy,0.0001885,130.36,0.02457286
EDO/BTC,1549371910206,2019-02-05T13:05:10.206Z,buy,0.0001886,24.24,0.004571664
EDO/BTC,1549371910312,2019-02-05T13:05:10.312Z,buy,0.0001886,16.0,0.0030176
EDO/BTC,1549372203747,2019-02-05T13:10:03.747Z,buy,0.0001886,54.34,0.010248524
EDO/BTC,1549372259269,2019-02-05T13:10:59.269Z,sell,0.0001878,27.15,0.00509877
EDO/BTC,1549372259608,2019-02-05T13:10:59.608Z,buy,0.0001878,28.85,0.00541803
EDO/BTC,1549372259608,2019-02-05T13:10:59.608Z,buy,0.0001878,28.85,0.00541803
EDO/BTC,1549372888848,2019-02-05T13:21:28.848Z,buy,0.0001884,17.9,0.0033723599999999
EDO/BTC,1549373127026,2019-02-05T13:25:27.026Z,sell,0.0001876,85.21,0.015985396
EDO/BTC,1549373127026,2019-02-05T13:25:27.026Z,sell,0.0001874,18.06,0.003384444
EDO/BTC,1549373533688,2019-02-05T13:32:13.688Z,buy,0.0001883,19.98,0.003762234
EDO/BTC,1549374311373,2019-02-05T13:45:11.373Z,buy,0.000188,20.29,0.0038145199999999
EDO/BTC,1549374311373,2019-02-05T13:45:11.373Z,buy,0.0001881,4.71,0.000885951
EDO/BTC,1549374359353,2019-02-05T13:45:59.353Z,buy,0.0001881,88.82,0.016707042
EDO/BTC,1549374402325,2019-02-05T13:46:42.325Z,sell,0.0001881,1.18,0.000221958
EDO/BTC,1549374517383,2019-02-05T13:48:37.383Z,sell,0.0001875,38.03,0.007130625
EDO/BTC,1549374548811,2019-02-05T13:49:08.811Z,buy,0.0001879,16.0,0.0030064
EDO/BTC,1549374654846,2019-02-05T13:50:54.846Z,buy,0.0001879,28.1,0.00527999
EDO/BTC,1549374883658,2019-02-05T13:54:43.658Z,buy,0.000188,10.64,0.00200032
EDO/BTC,1549375622086,2019-02-05T14:07:02.086Z,buy,0.000188,264.97,0.04981436
EDO/BTC,1549375669761,2019-02-05T14:07:49.761Z,buy,0.000188,428.64,0.0805843199999999
EDO/BTC,1549375669761,2019-02-05T14:07:49.761Z,buy,0.000188,428.64,0.0805843199999999
EDO/BTC,1549376437738,2019-02-05T14:20:37.738Z,buy,0.0001885,19.48,0.00367198
EDO/BTC,1549376437738,2019-02-05T14:20:37.738Z,buy,0.0001886,65.38,0.012330668
EDO/BTC,1549376437738,2019-02-05T14:20:37.738Z,buy,0.0001888,13.3,0.00251104
EDO/BTC,1549376437738,2019-02-05T14:20:37.738Z,buy,0.0001889,18.06,0.003411534
EDO/BTC,1549376437738,2019-02-05T14:20:37.738Z,buy,0.000189,217.28,0.04106592
EDO/BTC,1549376437766,2019-02-05T14:20:37.766Z,sell,0.000189,84.68,0.01600452
EDO/BTC,1549376437766,2019-02-05T14:20:37.766Z,sell,0.000189,84.68,0.01600452
EDO/BTC,1549376437767,2019-02-05T14:20:37.767Z,sell,0.000189,275.06,0.05198634
EDO/BTC,1549376437775,2019-02-05T14:20:37.775Z,sell,0.000189,6.58,0.00124362
EDO/BTC,1549376437776,2019-02-05T14:20:37.776Z,sell,0.000189,64.68,0.01222452
EDO/BTC,1549376437828,2019-02-05T14:20:37.828Z,sell,0.000189,76.5,0.0144585
EDO/BTC,1549376437911,2019-02-05T14:20:37.911Z,sell,0.000189,5.74,0.00108486
EDO/BTC,1549376438011,2019-02-05T14:20:38.011Z,sell,0.000189,400.0,0.0756
EDO/BTC,1549376470218,2019-02-05T14:21:10.218Z,sell,0.000189,5.33,0.00100737
EDO/BTC,1549376483485,2019-02-05T14:21:23.485Z,buy,0.0001891,18.69,0.003534279
EDO/BTC,1549376508932,2019-02-05T14:21:48.932Z,sell,0.000189,10.64,0.00201096
EDO/BTC,1549376536006,2019-02-05T14:22:16.006Z,sell,0.000189,8.62,0.00162918
EDO/BTC,1549376560984,2019-02-05T14:22:40.984Z,sell,0.000189,15.54,0.00293706
EDO/BTC,1549376623803,2019-02-05T14:23:43.803Z,sell,0.000189,8.51,0.00160839
EDO/BTC,1549376631678,2019-02-05T14:23:51.678Z,sell,0.000189,18.61,0.00351729
EDO/BTC,1549376646897,2019-02-05T14:24:06.897Z,buy,0.0001891,99.04,0.018728464
EDO/BTC,1549376655852,2019-02-05T14:24:15.852Z,sell,0.0001891,10.95,0.002070645
EDO/BTC,1549376668066,2019-02-05T14:24:28.066Z,sell,0.0001892,19.94,0.003772648
EDO/BTC,1549376874037,2019-02-05T14:27:54.037Z,buy,0.0001897,15.94,0.003023818
EDO/BTC,1549376888002,2019-02-05T14:28:08.002Z,sell,0.0001897,5.3,0.00100541
EDO/BTC,1549376907835,2019-02-05T14:28:27.835Z,buy,0.0001899,16.02,0.003042198
EDO/BTC,1549376919411,2019-02-05T14:28:39.411Z,sell,0.0001892,11.4,0.00215688
EDO/BTC,1549376935516,2019-02-05T14:28:55.516Z,sell,0.0001892,16.05,0.00303666
EDO/BTC,1549377015808,2019-02-05T14:30:15.808Z,buy,0.0001899,15.8,0.00300042
EDO/BTC,1549377018848,2019-02-05T14:30:18.848Z,sell,0.0001899,7.78,0.001477422
EDO/BTC,1549377032529,2019-02-05T14:30:32.529Z,buy,0.00019,36.84,0.0069996
EDO/BTC,1549377039165,2019-02-05T14:30:39.165Z,sell,0.0001899,29.07,0.005520393
EDO/BTC,1549377039658,2019-02-05T14:30:39.658Z,buy,0.0001899,24.95,0.004738005
EDO/BTC,1549377039658,2019-02-05T14:30:39.658Z,buy,0.00019,1.36,0.0002584
EDO/BTC,1549377087061,2019-02-05T14:31:27.061Z,buy,0.00019,47.36,0.0089984
EDO/BTC,1549377097915,2019-02-05T14:31:37.915Z,buy,0.00019,36.84,0.0069996
EDO/BTC,1549377103477,2019-02-05T14:31:43.477Z,buy,0.00019,26.31,0.0049989
EDO/BTC,1549377686163,2019-02-05T14:41:26.163Z,sell,0.0001893,26.03,0.004927479
EDO/BTC,1549377692618,2019-02-05T14:41:32.618Z,sell,0.0001893,7.97,0.001508721
EDO/BTC,1549377692618,2019-02-05T14:41:32.618Z,sell,0.0001893,7.97,0.001508721
EDO/BTC,1549379715918,2019-02-05T15:15:15.918Z,sell,0.0001893,19.0,0.0035967
EDO/BTC,1549379716293,2019-02-05T15:15:16.293Z,buy,0.0001901,225.77,0.042918877
EDO/BTC,1549379720246,2019-02-05T15:15:20.246Z,buy,0.0001901,208.77,0.039687177
EDO/BTC,1549379720246,2019-02-05T15:15:20.246Z,buy,0.0001903,17.0,0.0032351
EDO/BTC,1549379858826,2019-02-05T15:17:38.826Z,buy,0.0001893,30.25,0.005726325
EDO/BTC,1549380234528,2019-02-05T15:23:54.528Z,buy,0.0001893,39.37,0.0074527409999999
EDO/BTC,1549380415134,2019-02-05T15:26:55.134Z,buy,0.0001893,39.39,0.007456527
EDO/BTC,1549380728167,2019-02-05T15:32:08.167Z,sell,0.0001892,18.82,0.003560744
EDO/BTC,1549380995073,2019-02-05T15:36:35.073Z,sell,0.0001892,7.13,0.0013489959999999
EDO/BTC,1549381017559,2019-02-05T15:36:57.559Z,buy,0.0001893,60.85,0.011518905
EDO/BTC,1549381027102,2019-02-05T15:37:07.102Z,buy,0.0001893,3.98,0.000753414
EDO/BTC,1549381150532,2019-02-05T15:39:10.532Z,buy,0.0001898,6.99,0.001326702
EDO/BTC,1549381150532,2019-02-05T15:39:10.532Z,buy,0.0001902,34.96,0.006649392
EDO/BTC,1549381150532,2019-02-05T15:39:10.532Z,buy,0.0001898,6.99,0.001326702
EDO/BTC,1549381150532,2019-02-05T15:39:10.532Z,buy,0.0001902,34.96,0.006649392
EDO/BTC,1549381351481,2019-02-05T15:42:31.481Z,sell,0.0001892,13.21,0.002499332
EDO/BTC,1549381351481,2019-02-05T15:42:31.481Z,sell,0.0001891,2.84,0.000537044
EDO/BTC,1549381357452,2019-02-05T15:42:37.452Z,sell,0.0001891,9.55,0.001805905
EDO/BTC,1549381677438,2019-02-05T15:47:57.438Z,sell,0.0001894,162.23,0.0307263619999999
EDO/BTC,1549381858180,2019-02-05T15:50:58.180Z,sell,0.0001895,6.27,0.001188165
EDO/BTC,1549382222009,2019-02-05T15:57:02.009Z,sell,0.0001894,72.63,0.0137561219999999
EDO/BTC,1549382239613,2019-02-05T15:57:19.613Z,sell,0.0001894,42.23,0.0079983619999999
EDO/BTC,1549382401653,2019-02-05T16:00:01.653Z,sell,0.0001893,229.85,0.043510605
EDO/BTC,1549382439851,2019-02-05T16:00:39.851Z,sell,0.0001893,6.03,0.001141479
EDO/BTC,1549383086933,2019-02-05T16:11:26.933Z,sell,0.0001893,18.83,0.0035645189999999
EDO/BTC,1549383729711,2019-02-05T16:22:09.711Z,sell,0.0001893,30.1,0.00569793
EDO/BTC,1549383895997,2019-02-05T16:24:55.997Z,sell,0.0001893,3.89,0.000736377
EDO/BTC,1549383895997,2019-02-05T16:24:55.997Z,sell,0.0001891,17.79,0.003364089
EDO/BTC,1549383908971,2019-02-05T16:25:08.971Z,buy,0.00019,15.86,0.0030134
EDO/BTC,1549383942462,2019-02-05T16:25:42.462Z,buy,0.00019,7.89,0.0014991
EDO/BTC,1549383950097,2019-02-05T16:25:50.097Z,buy,0.00019,17.37,0.0033003
EDO/BTC,1549383950789,2019-02-05T16:25:50.789Z,sell,0.00019,15.78,0.0029982
EDO/BTC,1549383951957,2019-02-05T16:25:51.957Z,sell,0.00019,15.78,0.0029982
EDO/BTC,1549384011786,2019-02-05T16:26:51.786Z,sell,0.00019,8.63,0.0016397
EDO/BTC,1549384099750,2019-02-05T16:28:19.750Z,buy,0.0001901,60.85,0.011567585
EDO/BTC,1549384101149,2019-02-05T16:28:21.149Z,sell,0.0001901,8.95,0.001701395
EDO/BTC,1549384101977,2019-02-05T16:28:21.977Z,sell,0.0001901,8.5,0.00161585
EDO/BTC,1549384328896,2019-02-05T16:32:08.896Z,sell,0.0001901,5.28,0.001003728
EDO/BTC,1549384359965,2019-02-05T16:32:39.965Z,sell,0.0001901,8.47,0.001610147
EDO/BTC,1549384372870,2019-02-05T16:32:52.870Z,sell,0.00019,6.81,0.0012939
EDO/BTC,1549384372870,2019-02-05T16:32:52.870Z,sell,0.00019,6.81,0.0012939
EDO/BTC,1549384871467,2019-02-05T16:41:11.467Z,sell,0.00019,1.13,0.0002147
EDO/BTC,1549384871467,2019-02-05T16:41:11.467Z,sell,0.0001895,62.14,0.01177553
EDO/BTC,1549384894111,2019-02-05T16:41:34.111Z,sell,0.000189,17.56,0.00331884
EDO/BTC,1549386257089,2019-02-05T17:04:17.089Z,sell,0.0001892,66.93,0.012663156
EDO/BTC,1549386257089,2019-02-05T17:04:17.089Z,sell,0.0001891,254.73,0.0481694429999999
EDO/BTC,1549386257089,2019-02-05T17:04:17.089Z,sell,0.000189,2926.53,0.5531141700000001
EDO/BTC,1549386549077,2019-02-05T17:09:09.077Z,buy,0.0001899,42.12,0.007998588
EDO/BTC,1549387593959,2019-02-05T17:26:33.959Z,sell,0.000189,46.57,0.00880173
EDO/BTC,1549387630318,2019-02-05T17:27:10.318Z,buy,0.0001894,15.87,0.0030057779999999
EDO/BTC,1549387684406,2019-02-05T17:28:04.406Z,buy,0.0001894,42.27,0.008005938
EDO/BTC,1549387684406,2019-02-05T17:28:04.406Z,buy,0.0001895,15.79,0.002992205
EDO/BTC,1549387684439,2019-02-05T17:28:04.439Z,buy,0.0001895,22.46,0.00425617
EDO/BTC,1549387684441,2019-02-05T17:28:04.441Z,buy,0.0001895,0.1,1.895e-05
EDO/BTC,1549387684441,2019-02-05T17:28:04.441Z,buy,0.0001895,0.1,1.895e-05
EDO/BTC,1549388486349,2019-02-05T17:41:26.349Z,sell,0.000189,15.4,0.0029106
EDO/BTC,1549389977387,2019-02-05T18:06:17.387Z,sell,0.000189,887.59,0.16775451
EDO/BTC,1549390028742,2019-02-05T18:07:08.742Z,buy,0.0001888,15.87,0.002996256
EDO/BTC,1549390674818,2019-02-05T18:17:54.818Z,buy,0.0001888,7.94,0.001499072
EDO/BTC,1549390760455,2019-02-05T18:19:20.455Z,buy,0.0001888,5.41,0.001021408
EDO/BTC,1549390761051,2019-02-05T18:19:21.051Z,sell,0.0001887,99.61,0.018796407
EDO/BTC,1549390761051,2019-02-05T18:19:21.051Z,sell,0.0001887,99.61,0.018796407
EDO/BTC,1549391408040,2019-02-05T18:30:08.040Z,buy,0.0001888,22.23,0.004197024
EDO/BTC,1549391408369,2019-02-05T18:30:08.369Z,buy,0.0001888,13.82,0.002609216
EDO/BTC,1549391408456,2019-02-05T18:30:08.456Z,buy,0.0001889,8.6,0.00162454
EDO/BTC,1549391417961,2019-02-05T18:30:17.961Z,buy,0.0001889,5.41,0.001021949
EDO/BTC,1549391423159,2019-02-05T18:30:23.159Z,sell,0.0001887,6.39,0.001205793
EDO/BTC,1549391495279,2019-02-05T18:31:35.279Z,sell,0.0001887,47.69,0.008999103
EDO/BTC,1549391853215,2019-02-05T18:37:33.215Z,sell,0.0001887,376.25,0.070998375
EDO/BTC,1549393438467,2019-02-05T19:03:58.467Z,buy,0.0001882,129.87,0.024441534
EDO/BTC,1549393438467,2019-02-05T19:03:58.467Z,buy,0.0001885,97.4,0.0183599
EDO/BTC,1549393508115,2019-02-05T19:05:08.115Z,buy,0.0001885,15.92,0.00300092
EDO/BTC,1549393562063,2019-02-05T19:06:02.063Z,buy,0.0001885,7.96,0.00150046
EDO/BTC,1549394049115,2019-02-05T19:14:09.115Z,buy,0.0001883,5.31,0.0009998729999999
EDO/BTC,1549394080436,2019-02-05T19:14:40.436Z,buy,0.0001883,72.92,0.013730836
EDO/BTC,1549394080436,2019-02-05T19:14:40.436Z,buy,0.0001884,27.08,0.0051018719999999
EDO/BTC,1549394080436,2019-02-05T19:14:40.436Z,buy,0.0001883,72.92,0.013730836
EDO/BTC,1549394080436,2019-02-05T19:14:40.436Z,buy,0.0001884,27.08,0.0051018719999999
EDO/BTC,1549394535889,2019-02-05T19:22:15.889Z,buy,0.0001884,11.11,0.002093124
EDO/BTC,1549394537402,2019-02-05T19:22:17.402Z,buy,0.0001885,25.3,0.00476905
EDO/BTC,1549394538520,2019-02-05T19:22:18.520Z,buy,0.0001885,2.88,0.00054288
EDO/BTC,1549394553748,2019-02-05T19:22:33.748Z,buy,0.0001887,11.1,0.00209457
EDO/BTC,1549394554701,2019-02-05T19:22:34.701Z,buy,0.0001887,11.09,0.002092683
EDO/BTC,1549395380722,2019-02-05T19:36:20.722Z,sell,0.000188,37.24,0.0070011199999999
EDO/BTC,1549395409838,2019-02-05T19:36:49.838Z,sell,0.0001878,7.0,0.0013146
EDO/BTC,1549395495774,2019-02-05T19:38:15.774Z,sell,0.0001878,79.46,0.014922588
EDO/BTC,1549395577979,2019-02-05T19:39:37.979Z,sell,0.0001867,283.88,0.053000396
EDO/BTC,1549395578903,2019-02-05T19:39:38.903Z,buy,0.0001867,99.85,0.018641995
EDO/BTC,1549395579409,2019-02-05T19:39:39.409Z,sell,0.0001866,48.31,0.009014646
EDO/BTC,1549395579409,2019-02-05T19:39:39.409Z,sell,0.0001865,112.69,0.021016685
EDO/BTC,1549395581125,2019-02-05T19:39:41.125Z,buy,0.0001867,120.7,0.02253469
EDO/BTC,1549395588458,2019-02-05T19:39:48.458Z,buy,0.0001867,173.4,0.03237378
EDO/BTC,1549395588458,2019-02-05T19:39:48.458Z,buy,0.0001872,103.06,0.019292832
EDO/BTC,1549395591018,2019-02-05T19:39:51.018Z,sell,0.0001879,37.18,0.0069861219999999
EDO/BTC,1549395591231,2019-02-05T19:39:51.231Z,buy,0.0001878,18.55,0.00348369
EDO/BTC,1549395597323,2019-02-05T19:39:57.323Z,sell,0.0001879,13.32,0.002502828
EDO/BTC,1549396116852,2019-02-05T19:48:36.852Z,sell,0.000187,14.81,0.00276947
EDO/BTC,1549396147991,2019-02-05T19:49:07.991Z,buy,0.000188,16.04,0.00301552
EDO/BTC,1549396373025,2019-02-05T19:52:53.025Z,buy,0.000188,60.06,0.0112912799999999
EDO/BTC,1549396581950,2019-02-05T19:56:21.950Z,buy,0.0001882,16.1,0.00303002
EDO/BTC,1549396627535,2019-02-05T19:57:07.535Z,buy,0.0001882,16.0,0.0030112
EDO/BTC,1549396678210,2019-02-05T19:57:58.210Z,buy,0.0001882,10.13,0.001906466
EDO/BTC,1549396678210,2019-02-05T19:57:58.210Z,buy,0.0001883,219.71,0.041371393
EDO/BTC,1549396680677,2019-02-05T19:58:00.677Z,buy,0.0001883,49.3,0.0092831899999999
EDO/BTC,1549396680677,2019-02-05T19:58:00.677Z,buy,0.0001884,180.18,0.033945912
EDO/BTC,1549396749004,2019-02-05T19:59:09.004Z,buy,0.0001886,228.27,0.043051722
EDO/BTC,1549396789116,2019-02-05T19:59:49.116Z,buy,0.0001887,15.85,0.002990895
EDO/BTC,1549396796463,2019-02-05T19:59:56.463Z,buy,0.0001887,12.91,0.002436117
EDO/BTC,1549396797182,2019-02-05T19:59:57.182Z,buy,0.0001887,15.84,0.002989008
EDO/BTC,1549396810107,2019-02-05T20:00:10.107Z,buy,0.0001887,131.44,0.024802728
EDO/BTC,1549396810107,2019-02-05T20:00:10.107Z,buy,0.0001888,19.36,0.003655168
EDO/BTC,1549396926900,2019-02-05T20:02:06.900Z,buy,0.0001894,102.44,0.019402136
EDO/BTC,1549396926900,2019-02-05T20:02:06.900Z,buy,0.0001895,51.94,0.00984263
EDO/BTC,1549396926900,2019-02-05T20:02:06.900Z,buy,0.0001897,72.96,0.013840512
EDO/BTC,1549396927083,2019-02-05T20:02:07.083Z,buy,0.0001897,155.21,0.029443337
EDO/BTC,1549396927083,2019-02-05T20:02:07.083Z,buy,0.00019,39.24,0.0074556
EDO/BTC,1549396927083,2019-02-05T20:02:07.083Z,buy,0.0001902,13.21,0.002512542
EDO/BTC,1549396927083,2019-02-05T20:02:07.083Z,buy,0.0001903,300.66,0.057215598
EDO/BTC,1549396927083,2019-02-05T20:02:07.083Z,buy,0.0001904,79.56,0.015148224
EDO/BTC,1549396927083,2019-02-05T20:02:07.083Z,buy,0.0001905,101.8,0.0193928999999999
EDO/BTC,1549396927083,2019-02-05T20:02:07.083Z,buy,0.0001906,111.12,0.021179472
EDO/BTC,1549396928208,2019-02-05T20:02:08.208Z,sell,0.0001896,25.16,0.004770336
EDO/BTC,1549396940904,2019-02-05T20:02:20.904Z,buy,0.0001905,51.78,0.00986409
EDO/BTC,1549397125367,2019-02-05T20:05:25.367Z,buy,0.0001899,14.81,0.002812419
EDO/BTC,1549397129383,2019-02-05T20:05:29.383Z,buy,0.0001899,15.82,0.003004218
EDO/BTC,1549397639558,2019-02-05T20:13:59.558Z,buy,0.0001902,5.32,0.001011864
EDO/BTC,1549397639558,2019-02-05T20:13:59.558Z,buy,0.0001902,5.32,0.001011864
EDO/BTC,1549397879355,2019-02-05T20:17:59.355Z,sell,0.0001896,74.43,0.014111928
EDO/BTC,1549398128713,2019-02-05T20:22:08.713Z,sell,0.0001896,2.84,0.000538464
EDO/BTC,1549398128713,2019-02-05T20:22:08.713Z,sell,0.0001891,8.28,0.0015657479999999
EDO/BTC,1549398150680,2019-02-05T20:22:30.680Z,sell,0.0001889,7.96,0.001503644
EDO/BTC,1549399535979,2019-02-05T20:45:35.979Z,buy,0.0001899,129.87,0.024662313
EDO/BTC,1549399550079,2019-02-05T20:45:50.079Z,sell,0.0001887,18.08,0.0034116959999999
EDO/BTC,1549400103468,2019-02-05T20:55:03.468Z,buy,0.0001898,6.15,0.00116727
EDO/BTC,1549400745039,2019-02-05T21:05:45.039Z,buy,0.0001897,52.88,0.010031336
EDO/BTC,1549400745039,2019-02-05T21:05:45.039Z,buy,0.00019,7.96,0.0015124
EDO/BTC,1549400745039,2019-02-05T21:05:45.039Z,buy,0.0001901,66.93,0.012723393
EDO/BTC,1549400745039,2019-02-05T21:05:45.039Z,buy,0.0001903,33.51,0.0063769529999999
EDO/BTC,1549400745039,2019-02-05T21:05:45.039Z,buy,0.0001904,66.18,0.012600672
EDO/BTC,1549401162230,2019-02-05T21:12:42.230Z,sell,0.0001892,12.83,0.002427436
EDO/BTC,1549401162230,2019-02-05T21:12:42.230Z,sell,0.0001892,12.83,0.002427436
EDO/BTC,1549401556597,2019-02-05T21:19:16.597Z,sell,0.0001894,5.45,0.00103223
EDO/BTC,1549402303616,2019-02-05T21:31:43.616Z,sell,0.0001894,42.12,0.007977528
EDO/BTC,1549403108681,2019-02-05T21:45:08.681Z,sell,0.0001894,7.91,0.001498154
EDO/BTC,1549404064669,2019-02-05T22:01:04.669Z,sell,0.00019,7.94,0.0015086
EDO/BTC,1549404129120,2019-02-05T22:02:09.120Z,sell,0.00019,5.31,0.0010089
EDO/BTC,1549404188636,2019-02-05T22:03:08.636Z,sell,0.00019,5.3,0.001007
EDO/BTC,1549404475049,2019-02-05T22:07:55.049Z,sell,0.00019,16.6,0.003154
EDO/BTC,1549404475049,2019-02-05T22:07:55.049Z,sell,0.00019,16.6,0.003154
EDO/BTC,1549407362952,2019-02-05T22:56:02.952Z,sell,0.0001901,7.36,0.001399136
EDO/BTC,1549407470059,2019-02-05T22:57:50.059Z,sell,0.0001901,49.57,0.009423257
EDO/BTC,1549407503695,2019-02-05T22:58:23.695Z,sell,0.0001901,65.81,0.012510481
EDO/BTC,1549407585923,2019-02-05T22:59:45.923Z,sell,0.0001901,64.01,0.012168301
EDO/BTC,1549407853140,2019-02-05T23:04:13.140Z,sell,0.0001901,30.0,0.005703
EDO/BTC,1549407870343,2019-02-05T23:04:30.343Z,sell,0.0001901,43.19,0.008210419
EDO/BTC,1549408065586,2019-02-05T23:07:45.586Z,sell,0.0001901,47.16,0.008965116
EDO/BTC,1549408065586,2019-02-05T23:07:45.586Z,sell,0.0001901,47.16,0.008965116
EDO/BTC,1549408610345,2019-02-05T23:16:50.345Z,sell,0.0001892,31.74,0.006005208
EDO/BTC,1549408627291,2019-02-05T23:17:07.291Z,buy,0.0001901,15.86,0.003014986
EDO/BTC,1549408630240,2019-02-05T23:17:10.240Z,sell,0.0001892,31.77,0.0060108839999999
EDO/BTC,1549408870414,2019-02-05T23:21:10.414Z,buy,0.0001901,7.88,0.001497988
EDO/BTC,1549409448496,2019-02-05T23:30:48.496Z,buy,0.0001901,5.32,0.001011332
EDO/BTC,1549411251947,2019-02-06T00:00:51.947Z,sell,0.00019,151.66,0.0288154
EDO/BTC,1549411251947,2019-02-06T00:00:51.947Z,sell,0.0001895,76.52,0.01450054
EDO/BTC,1549411251947,2019-02-06T00:00:51.947Z,sell,0.00019,151.66,0.0288154
EDO/BTC,1549411251947,2019-02-06T00:00:51.947Z,sell,0.0001895,76.52,0.01450054
EDO/BTC,1549412647808,2019-02-06T00:24:07.808Z,buy,0.00019,15.83,0.0030077
EDO/BTC,1549412734239,2019-02-06T00:25:34.239Z,buy,0.0001901,7.89,0.001499889
EDO/BTC,1549412747844,2019-02-06T00:25:47.844Z,sell,0.0001895,6.47,0.001226065
EDO/BTC,1549412747844,2019-02-06T00:25:47.844Z,sell,0.0001892,3.18,0.000601656
EDO/BTC,1549412779581,2019-02-06T00:26:19.581Z,sell,0.0001892,9.65,0.00182578
EDO/BTC,1549414844513,2019-02-06T01:00:44.513Z,buy,0.0001891,59.79,0.0113062889999999
EDO/BTC,1549414846167,2019-02-06T01:00:46.167Z,buy,0.0001891,299.15,0.0565692649999999
EDO/BTC,1549414846167,2019-02-06T01:00:46.167Z,buy,0.0001891,299.15,0.0565692649999999
EDO/BTC,1549414868121,2019-02-06T01:01:08.121Z,buy,0.0001891,15.86,0.0029991259999999
EDO/BTC,1549414869161,2019-02-06T01:01:09.161Z,buy,0.0001891,5.29,0.001000339
EDO/BTC,1549414950760,2019-02-06T01:02:30.760Z,buy,0.0001891,180.1,0.0340569099999999
EDO/BTC,1549415584295,2019-02-06T01:13:04.295Z,sell,0.0001887,29.21,0.005511927
EDO/BTC,1549415584882,2019-02-06T01:13:04.882Z,sell,0.0001886,13.43,0.002532898
EDO/BTC,1549415674689,2019-02-06T01:14:34.689Z,sell,0.0001887,77.21,0.0145695269999999
EDO/BTC,1549415728510,2019-02-06T01:15:28.510Z,sell,0.0001886,6.0,0.0011316
EDO/BTC,1549415729730,2019-02-06T01:15:29.730Z,sell,0.0001886,77.66,0.0146466759999999
EDO/BTC,1549415731924,2019-02-06T01:15:31.924Z,sell,0.0001886,1.25,0.00023575
EDO/BTC,1549415732947,2019-02-06T01:15:32.947Z,sell,0.0001885,123.08,0.02320058
EDO/BTC,1549415737578,2019-02-06T01:15:37.578Z,sell,0.0001885,9.3,0.00175305
EDO/BTC,1549415743124,2019-02-06T01:15:43.124Z,sell,0.0001885,33.96,0.00640146
EDO/BTC,1549415743714,2019-02-06T01:15:43.714Z,sell,0.0001885,31.72,0.0059792199999999
EDO/BTC,1549415750482,2019-02-06T01:15:50.482Z,sell,0.0001885,14.0,0.002639
EDO/BTC,1549415750894,2019-02-06T01:15:50.894Z,sell,0.0001885,5.97,0.001125345
EDO/BTC,1549415759185,2019-02-06T01:15:59.185Z,sell,0.0001884,5.31,0.0010004039999999
EDO/BTC,1549415759936,2019-02-06T01:15:59.936Z,buy,0.0001891,0.01,1.891e-06
EDO/BTC,1549415759936,2019-02-06T01:15:59.936Z,buy,0.0001894,77.2,0.01462168
EDO/BTC,1549415759936,2019-02-06T01:15:59.936Z,buy,0.0001895,123.08,0.02332366
EDO/BTC,1549415759936,2019-02-06T01:15:59.936Z,buy,0.0001901,26.62,0.005060462
EDO/BTC,1549415761508,2019-02-06T01:16:01.508Z,sell,0.0001884,32.2,0.00606648
EDO/BTC,1549415763777,2019-02-06T01:16:03.777Z,buy,0.00019,72.12,0.0137028
EDO/BTC,1549415763777,2019-02-06T01:16:03.777Z,buy,0.0001901,146.81,0.027908581
EDO/BTC,1549415763777,2019-02-06T01:16:03.777Z,buy,0.0001904,7.48,0.001424192
EDO/BTC,1549415766181,2019-02-06T01:16:06.181Z,buy,0.0001883,261.32,0.049206556
EDO/BTC,1549415784528,2019-02-06T01:16:24.528Z,buy,0.0001903,68.19,0.012976557
EDO/BTC,1549415784528,2019-02-06T01:16:24.528Z,buy,0.0001905,160.31,0.030539055
EDO/BTC,1549415786815,2019-02-06T01:16:26.815Z,buy,0.0001902,10.63,0.002021826
EDO/BTC,1549415786815,2019-02-06T01:16:26.815Z,buy,0.0001905,60.86,0.01159383
EDO/BTC,1549415786815,2019-02-06T01:16:26.815Z,buy,0.0001906,371.28,0.070765968
EDO/BTC,1549415786815,2019-02-06T01:16:26.815Z,buy,0.0001907,242.37,0.046219959
EDO/BTC,1549415788754,2019-02-06T01:16:28.754Z,buy,0.0001907,228.38,0.043552066
EDO/BTC,1549415789987,2019-02-06T01:16:29.987Z,sell,0.000189,158.73,0.02999997
EDO/BTC,1549415790652,2019-02-06T01:16:30.652Z,buy,0.0001906,158.73,0.0302539379999999
EDO/BTC,1549415790652,2019-02-06T01:16:30.652Z,buy,0.0001907,69.65,0.013282255
EDO/BTC,1549415791764,2019-02-06T01:16:31.764Z,sell,0.0001889,37.61,0.007104529
EDO/BTC,1549415794629,2019-02-06T01:16:34.629Z,buy,0.0001905,50.0,0.009525
EDO/BTC,1549415794629,2019-02-06T01:16:34.629Z,buy,0.0001907,178.38,0.034017066
EDO/BTC,1549415796785,2019-02-06T01:16:36.785Z,sell,0.0001889,19.97,0.003772333
EDO/BTC,1549415799379,2019-02-06T01:16:39.379Z,sell,0.0001889,60.73,0.011471897
EDO/BTC,1549415800532,2019-02-06T01:16:40.532Z,buy,0.0001905,15.32,0.00291846
EDO/BTC,1549415800532,2019-02-06T01:16:40.532Z,buy,0.0001907,213.06,0.040630542
EDO/BTC,1549415815837,2019-02-06T01:16:55.837Z,sell,0.0001889,37.18,0.007023302
EDO/BTC,1549415835883,2019-02-06T01:17:15.883Z,sell,0.0001888,15.46,0.002918848
EDO/BTC,1549415835883,2019-02-06T01:17:15.883Z,sell,0.0001887,57.4,0.01083138
EDO/BTC,1549415905606,2019-02-06T01:18:25.606Z,sell,0.0001884,13.27,0.002500068
EDO/BTC,1549415905606,2019-02-06T01:18:25.606Z,sell,0.0001883,46.33,0.008723939
EDO/BTC,1549415914451,2019-02-06T01:18:34.451Z,buy,0.00019,15.89,0.0030191
EDO/BTC,1549415951966,2019-02-06T01:19:11.966Z,sell,0.0001884,8.13,0.001531692
EDO/BTC,1549416089152,2019-02-06T01:21:29.152Z,sell,0.0001884,55.72,0.010497648
EDO/BTC,1549416138404,2019-02-06T01:22:18.404Z,buy,0.0001897,106.45,0.020193565
EDO/BTC,1549416138404,2019-02-06T01:22:18.404Z,buy,0.0001898,143.55,0.02724579
EDO/BTC,1549416163783,2019-02-06T01:22:43.783Z,buy,0.0001897,115.46,0.021902762
EDO/BTC,1549416163783,2019-02-06T01:22:43.783Z,buy,0.0001898,134.54,0.025535692
EDO/BTC,1549416163976,2019-02-06T01:22:43.976Z,buy,0.0001898,115.46,0.021914308
EDO/BTC,1549416183104,2019-02-06T01:23:03.104Z,buy,0.0001898,86.45,0.01640821
EDO/BTC,1549416183104,2019-02-06T01:23:03.104Z,buy,0.00019,26.38,0.0050122
EDO/BTC,1549416183104,2019-02-06T01:23:03.104Z,buy,0.0001907,76.49,0.014586643
EDO/BTC,1549416183139,2019-02-06T01:23:03.139Z,buy,0.0001907,250.0,0.047675
EDO/BTC,1549416267989,2019-02-06T01:24:27.989Z,sell,0.0001892,15.89,0.003006388
EDO/BTC,1549416301184,2019-02-06T01:25:01.184Z,sell,0.0001894,13.2,0.00250008
EDO/BTC,1549416301184,2019-02-06T01:25:01.184Z,sell,0.0001891,2.77,0.0005238069999999
EDO/BTC,1549416302114,2019-02-06T01:25:02.114Z,sell,0.0001892,15.97,0.003021524
EDO/BTC,1549416303531,2019-02-06T01:25:03.531Z,sell,0.0001892,15.97,0.003021524
EDO/BTC,1549416304663,2019-02-06T01:25:04.663Z,sell,0.0001892,15.97,0.003021524
EDO/BTC,1549416318474,2019-02-06T01:25:18.474Z,buy,0.0001903,10.5,0.0019981499999999
EDO/BTC,1549416318757,2019-02-06T01:25:18.757Z,buy,0.0001903,5.39,0.001025717
EDO/BTC,1549416321621,2019-02-06T01:25:21.621Z,sell,0.0001903,3.01,0.000572803
EDO/BTC,1549416327702,2019-02-06T01:25:27.702Z,sell,0.0001901,15.78,0.002999778
EDO/BTC,1549416500390,2019-02-06T01:28:20.390Z,sell,0.0001886,21.31,0.004019066
EDO/BTC,1549416736969,2019-02-06T01:32:16.969Z,buy,0.0001902,21.31,0.004053162
