symbol,timestamp,datetime,side,price,amount,btc_volume
EDO/BTC,1574802162543,2019-11-26T21:02:42.543Z,sell,3.413e-05,7.0,0.00023891
EDO/BTC,1574802203935,2019-11-26T21:03:23.935Z,sell,3.413e-05,453.0,0.01546089
EDO/BTC,1574802471681,2019-11-26T21:07:51.681Z,buy,3.409e-05,44.0,0.00149996
EDO/BTC,1574802471737,2019-11-26T21:07:51.737Z,buy,3.409e-05,44.0,0.00149996
EDO/BTC,1574802471792,2019-11-26T21:07:51.792Z,buy,3.409e-05,44.0,0.00149996
EDO/BTC,1574802471858,2019-11-26T21:07:51.858Z,buy,3.409e-05,44.0,0.00149996
EDO/BTC,1574802485886,2019-11-26T21:08:05.886Z,sell,3.406e-05,14.0,0.00047684
EDO/BTC,1574802485886,2019-11-26T21:08:05.886Z,sell,3.403e-05,1.0,3.403e-05
EDO/BTC,1574802536939,2019-11-26T21:08:56.939Z,buy,3.409e-05,170.0,0.0057953
EDO/BTC,1574802570607,2019-11-26T21:09:30.607Z,buy,3.409e-05,9.0,0.00030681
EDO/BTC,1574802902074,2019-11-26T21:15:02.074Z,sell,3.403e-05,121.0,0.00411763
EDO/BTC,1574803221515,2019-11-26T21:20:21.515Z,sell,3.403e-05,156.0,0.00530868
EDO/BTC,1574803252477,2019-11-26T21:20:52.477Z,sell,3.405e-05,89.0,0.00303045
EDO/BTC,1574803255877,2019-11-26T21:20:55.877Z,sell,3.405e-05,61.0,0.00207705
EDO/BTC,1574803258873,2019-11-26T21:20:58.873Z,sell,3.405e-05,41.0,0.00139605
EDO/BTC,1574803436982,2019-11-26T21:23:56.982Z,sell,3.405e-05,79.0,0.00268995
EDO/BTC,1574803450964,2019-11-26T21:24:10.964Z,sell,3.403e-05,169.0,0.00575107
EDO/BTC,1574803456218,2019-11-26T21:24:16.218Z,sell,3.403e-05,104.0,0.0035391199999999
EDO/BTC,1574803774710,2019-11-26T21:29:34.710Z,sell,3.403e-05,694.0,0.0236168199999999
EDO/BTC,1574804051778,2019-11-26T21:34:11.778Z,buy,3.408e-05,14.0,0.00047712
EDO/BTC,1574804282635,2019-11-26T21:38:02.635Z,buy,3.408e-05,483.0,0.01646064
EDO/BTC,1574804282635,2019-11-26T21:38:02.635Z,buy,3.409e-05,397.0,0.01353373
EDO/BTC,1574804550223,2019-11-26T21:42:30.223Z,sell,3.403e-05,67.0,0.00228001
EDO/BTC,1574804551224,2019-11-26T21:42:31.224Z,sell,3.403e-05,46.0,0.00156538
EDO/BTC,1574804552228,2019-11-26T21:42:32.228Z,sell,3.403e-05,32.0,0.00108896
EDO/BTC,1574804628545,2019-11-26T21:43:48.545Z,sell,3.403e-05,83.0,0.00282449
EDO/BTC,1574805201504,2019-11-26T21:53:21.504Z,buy,3.4e-05,17.0,0.000578
EDO/BTC,1574805201504,2019-11-26T21:53:21.504Z,buy,3.4e-05,17.0,0.000578
EDO/BTC,1574805958106,2019-11-26T22:05:58.106Z,sell,3.404e-05,4.0,0.00013616
EDO/BTC,1574806951068,2019-11-26T22:22:31.068Z,sell,3.406e-05,250.0,0.008515
EDO/BTC,1574806951091,2019-11-26T22:22:31.091Z,sell,3.406e-05,175.0,0.0059605
EDO/BTC,1574806952211,2019-11-26T22:22:32.211Z,sell,3.406e-05,36.0,0.00122616
EDO/BTC,1574807006244,2019-11-26T22:23:26.244Z,buy,3.407e-05,7.0,0.0002384899999999
EDO/BTC,1574807290271,2019-11-26T22:28:10.271Z,buy,3.407e-05,60.0,0.0020442
EDO/BTC,1574807535764,2019-11-26T22:32:15.764Z,sell,3.408e-05,293.0,0.00998544
EDO/BTC,1574807705950,2019-11-26T22:35:05.950Z,sell,3.408e-05,74.0,0.00252192
EDO/BTC,1574807723230,2019-11-26T22:35:23.230Z,buy,3.409e-05,447.0,0.01523823
EDO/BTC,1574807723452,2019-11-26T22:35:23.452Z,buy,3.409e-05,443.0,0.01510187
EDO/BTC,1574807725048,2019-11-26T22:35:25.048Z,sell,3.408e-05,4.0,0.00013632
EDO/BTC,1574807751591,2019-11-26T22:35:51.591Z,sell,3.408e-05,355.0,0.0120984
EDO/BTC,1574807751591,2019-11-26T22:35:51.591Z,sell,3.407e-05,1028.0,0.03502396
EDO/BTC,1574808423443,2019-11-26T22:47:03.443Z,buy,3.409e-05,29.0,0.00098861
EDO/BTC,1574808566991,2019-11-26T22:49:26.991Z,buy,3.408e-05,320.0,0.0109056
EDO/BTC,1574808661972,2019-11-26T22:51:01.972Z,sell,3.404e-05,30.0,0.0010211999999999
EDO/BTC,1574808661972,2019-11-26T22:51:01.972Z,sell,3.404e-05,30.0,0.0010211999999999
EDO/BTC,1574809489265,2019-11-26T23:04:49.265Z,sell,3.399e-05,238.0,0.0080896199999999
EDO/BTC,1574809551930,2019-11-26T23:05:51.930Z,sell,3.398e-05,646.0,0.02195108
EDO/BTC,1574809590589,2019-11-26T23:06:30.589Z,sell,3.396e-05,30.0,0.0010188
EDO/BTC,1574809590589,2019-11-26T23:06:30.589Z,sell,3.395e-05,4.0,0.0001358
EDO/BTC,1574809590589,2019-11-26T23:06:30.589Z,sell,3.394e-05,4.0,0.00013576
EDO/BTC,1574809590589,2019-11-26T23:06:30.589Z,sell,3.392e-05,69.0,0.00234048
EDO/BTC,1574810259098,2019-11-26T23:17:39.098Z,sell,3.394e-05,166.0,0.00563404
EDO/BTC,1574810259098,2019-11-26T23:17:39.098Z,sell,3.393e-05,43.0,0.00145899
EDO/BTC,1574810401856,2019-11-26T23:20:01.856Z,sell,3.393e-05,688.0,0.02334384
EDO/BTC,1574810401856,2019-11-26T23:20:01.856Z,sell,3.392e-05,238.0,0.00807296
EDO/BTC,1574810401856,2019-11-26T23:20:01.856Z,sell,3.387e-05,222.0,0.00751914
EDO/BTC,1574810401856,2019-11-26T23:20:01.856Z,sell,3.386e-05,1477.0,0.0500112199999999
EDO/BTC,1574810401856,2019-11-26T23:20:01.856Z,sell,3.384e-05,5016.0,0.16974144
EDO/BTC,1574810415724,2019-11-26T23:20:15.724Z,buy,3.399e-05,147.0,0.00499653
EDO/BTC,1574810665062,2019-11-26T23:24:25.062Z,sell,3.399e-05,52.0,0.0017674799999999
EDO/BTC,1574810665062,2019-11-26T23:24:25.062Z,sell,3.388e-05,79.0,0.00267652
EDO/BTC,1574810665062,2019-11-26T23:24:25.062Z,sell,3.399e-05,52.0,0.0017674799999999
EDO/BTC,1574810665062,2019-11-26T23:24:25.062Z,sell,3.388e-05,79.0,0.00267652
EDO/BTC,1574812324825,2019-11-26T23:52:04.825Z,buy,3.404e-05,45.0,0.0015318
EDO/BTC,1574812324825,2019-11-26T23:52:04.825Z,buy,3.405e-05,101.0,0.00343905
EDO/BTC,1574812679745,2019-11-26T23:57:59.745Z,sell,3.393e-05,162.0,0.00549666
EDO/BTC,1574812679745,2019-11-26T23:57:59.745Z,sell,3.392e-05,449.0,0.01523008
EDO/BTC,1574812679745,2019-11-26T23:57:59.745Z,sell,3.386e-05,136.0,0.00460496
EDO/BTC,1574812679745,2019-11-26T23:57:59.745Z,sell,3.385e-05,144.0,0.0048744
EDO/BTC,1574812825271,2019-11-27T00:00:25.271Z,buy,3.402e-05,53.0,0.00180306
EDO/BTC,1574812825271,2019-11-27T00:00:25.271Z,buy,3.402e-05,53.0,0.00180306
EDO/BTC,1574814768716,2019-11-27T00:32:48.716Z,sell,3.395e-05,16.0,0.0005432
EDO/BTC,1574814771290,2019-11-27T00:32:51.290Z,sell,3.395e-05,16.0,0.0005432
EDO/BTC,1574815968645,2019-11-27T00:52:48.645Z,buy,3.401e-05,102.0,0.00346902
EDO/BTC,1574816123032,2019-11-27T00:55:23.032Z,sell,3.395e-05,16.0,0.0005432
EDO/BTC,1574816123033,2019-11-27T00:55:23.033Z,sell,3.395e-05,16.0,0.0005432
EDO/BTC,1574816123348,2019-11-27T00:55:23.348Z,sell,3.395e-05,17.0,0.00057715
EDO/BTC,1574816123365,2019-11-27T00:55:23.365Z,sell,3.395e-05,16.0,0.0005432
EDO/BTC,1574816123422,2019-11-27T00:55:23.422Z,sell,3.395e-05,16.0,0.0005432
EDO/BTC,1574816123422,2019-11-27T00:55:23.422Z,sell,3.395e-05,16.0,0.0005432
EDO/BTC,1574816458577,2019-11-27T01:00:58.577Z,sell,3.395e-05,16.0,0.0005432
EDO/BTC,1574816458805,2019-11-27T01:00:58.805Z,sell,3.395e-05,16.0,0.0005432
EDO/BTC,1574816463167,2019-11-27T01:01:03.167Z,sell,3.395e-05,16.0,0.0005432
EDO/BTC,1574816560866,2019-11-27T01:02:40.866Z,sell,3.395e-05,17.0,0.00057715
EDO/BTC,1574816563864,2019-11-27T01:02:43.864Z,sell,3.395e-05,7.0,0.00023765
EDO/BTC,1574816564412,2019-11-27T01:02:44.412Z,sell,3.395e-05,16.0,0.0005432
EDO/BTC,1574816717462,2019-11-27T01:05:17.462Z,buy,3.401e-05,75.0,0.00255075
EDO/BTC,1574816717462,2019-11-27T01:05:17.462Z,buy,3.402e-05,858.0,0.02918916
EDO/BTC,1574816718555,2019-11-27T01:05:18.555Z,buy,3.404e-05,72.0,0.00245088
EDO/BTC,1574816756615,2019-11-27T01:05:56.615Z,sell,3.402e-05,318.0,0.01081836
EDO/BTC,1574816802298,2019-11-27T01:06:42.298Z,sell,3.391e-05,9.0,0.00030519
EDO/BTC,1574816802298,2019-11-27T01:06:42.298Z,sell,3.385e-05,635.0,0.02149475
EDO/BTC,1574818926398,2019-11-27T01:42:06.398Z,sell,3.386e-05,6.0,0.0002031599999999
EDO/BTC,1574818926398,2019-11-27T01:42:06.398Z,sell,3.386e-05,6.0,0.0002031599999999
EDO/BTC,1574819741352,2019-11-27T01:55:41.352Z,sell,3.386e-05,67.0,0.00226862
EDO/BTC,1574819741370,2019-11-27T01:55:41.370Z,buy,3.386e-05,202.0,0.00683972
EDO/BTC,1574820259438,2019-11-27T02:04:19.438Z,buy,3.407e-05,5.0,0.00017035
EDO/BTC,1574820537606,2019-11-27T02:08:57.606Z,buy,3.407e-05,7.0,0.0002384899999999
EDO/BTC,1574821018711,2019-11-27T02:16:58.711Z,sell,3.386e-05,318.0,0.01076748
EDO/BTC,1574821018711,2019-11-27T02:16:58.711Z,sell,3.385e-05,443.0,0.01499555
EDO/BTC,1574821028136,2019-11-27T02:17:08.136Z,buy,3.385e-05,3.0,0.00010155
EDO/BTC,1574821043130,2019-11-27T02:17:23.130Z,sell,3.384e-05,3529.0,0.11942136
EDO/BTC,1574821047864,2019-11-27T02:17:27.864Z,buy,3.404e-05,47.0,0.00159988
EDO/BTC,1574821048561,2019-11-27T02:17:28.561Z,buy,3.404e-05,6.0,0.00020424
EDO/BTC,1574821048561,2019-11-27T02:17:28.561Z,buy,3.406e-05,72.0,0.00245232
EDO/BTC,1574821048912,2019-11-27T02:17:28.912Z,buy,3.405e-05,46.0,0.0015663
EDO/BTC,1574821049057,2019-11-27T02:17:29.057Z,buy,3.405e-05,52.0,0.0017706
EDO/BTC,1574821049339,2019-11-27T02:17:29.339Z,buy,3.405e-05,47.0,0.00160035
EDO/BTC,1574821050795,2019-11-27T02:17:30.795Z,buy,3.405e-05,45.0,0.00153225
EDO/BTC,1574821050809,2019-11-27T02:17:30.809Z,buy,3.405e-05,45.0,0.00153225
EDO/BTC,1574821051288,2019-11-27T02:17:31.288Z,buy,3.406e-05,73.0,0.00248638
EDO/BTC,1574821051686,2019-11-27T02:17:31.686Z,buy,3.406e-05,53.0,0.00180518
EDO/BTC,1574821051987,2019-11-27T02:17:31.987Z,buy,3.406e-05,58.0,0.00197548
EDO/BTC,1574821052568,2019-11-27T02:17:32.568Z,buy,3.406e-05,78.0,0.00265668
EDO/BTC,1574821054917,2019-11-27T02:17:34.917Z,buy,3.406e-05,62.0,0.00211172
EDO/BTC,1574821055518,2019-11-27T02:17:35.518Z,buy,3.406e-05,46.0,0.00156676
EDO/BTC,1574821055518,2019-11-27T02:17:35.518Z,buy,3.406e-05,46.0,0.00156676
EDO/BTC,1574823468169,2019-11-27T02:57:48.169Z,buy,3.407e-05,9.0,0.0003066299999999
EDO/BTC,1574823751119,2019-11-27T03:02:31.119Z,sell,3.385e-05,141.0,0.00477285
EDO/BTC,1574823751119,2019-11-27T03:02:31.119Z,sell,3.384e-05,59.0,0.00199656
EDO/BTC,1574823751119,2019-11-27T03:02:31.119Z,sell,3.382e-05,3196.0,0.10808872
EDO/BTC,1574823751119,2019-11-27T03:02:31.119Z,sell,3.382e-05,593.0,0.02005526
EDO/BTC,1574824476814,2019-11-27T03:14:36.814Z,sell,3.385e-05,283.0,0.00957955
EDO/BTC,1574824476814,2019-11-27T03:14:36.814Z,sell,3.383e-05,173.0,0.0058525899999999
EDO/BTC,1574824476814,2019-11-27T03:14:36.814Z,sell,3.382e-05,227.0,0.00767714
EDO/BTC,1574824476814,2019-11-27T03:14:36.814Z,sell,3.385e-05,283.0,0.00957955
EDO/BTC,1574824476814,2019-11-27T03:14:36.814Z,sell,3.383e-05,173.0,0.0058525899999999
EDO/BTC,1574824476814,2019-11-27T03:14:36.814Z,sell,3.382e-05,227.0,0.00767714
EDO/BTC,1574825744863,2019-11-27T03:35:44.863Z,sell,3.382e-05,43.0,0.00145426
EDO/BTC,1574826468556,2019-11-27T03:47:48.556Z,sell,3.382e-05,218.0,0.00737276
EDO/BTC,1574826486928,2019-11-27T03:48:06.928Z,sell,3.382e-05,133.0,0.00449806
EDO/BTC,1574827324626,2019-11-27T04:02:04.626Z,sell,3.382e-05,206.0,0.00696692
EDO/BTC,1574827325433,2019-11-27T04:02:05.433Z,sell,3.382e-05,72.0,0.00243504
EDO/BTC,1574827374599,2019-11-27T04:02:54.599Z,sell,3.382e-05,430.0,0.0145426
EDO/BTC,1574827574704,2019-11-27T04:06:14.704Z,sell,3.385e-05,9.0,0.00030465
EDO/BTC,1574827603760,2019-11-27T04:06:43.760Z,sell,3.385e-05,170.0,0.0057545
EDO/BTC,1574827620886,2019-11-27T04:07:00.886Z,sell,3.385e-05,3132.0,0.1060182
EDO/BTC,1574827652700,2019-11-27T04:07:32.700Z,buy,3.388e-05,614.0,0.02080232
EDO/BTC,1574827652700,2019-11-27T04:07:32.700Z,buy,3.389e-05,700.0,0.023723
EDO/BTC,1574827701252,2019-11-27T04:08:21.252Z,buy,3.394e-05,446.0,0.0151372399999999
EDO/BTC,1574827712950,2019-11-27T04:08:32.950Z,buy,3.399e-05,424.0,0.01441176
EDO/BTC,1574827716816,2019-11-27T04:08:36.816Z,buy,3.402e-05,5.0,0.0001701
EDO/BTC,1574827722822,2019-11-27T04:08:42.822Z,sell,3.399e-05,431.0,0.01464969
EDO/BTC,1574827723180,2019-11-27T04:08:43.180Z,buy,3.397e-05,640.0,0.0217408
EDO/BTC,1574827731642,2019-11-27T04:08:51.642Z,buy,3.397e-05,44.0,0.00149468
EDO/BTC,1574827731642,2019-11-27T04:08:51.642Z,buy,3.4e-05,408.0,0.013872
EDO/BTC,1574827731642,2019-11-27T04:08:51.642Z,buy,3.403e-05,447.0,0.0152114099999999
EDO/BTC,1574827739084,2019-11-27T04:08:59.084Z,buy,3.407e-05,9.0,0.0003066299999999
EDO/BTC,1574827744630,2019-11-27T04:09:04.630Z,sell,3.407e-05,449.0,0.0152974299999999
EDO/BTC,1574827744961,2019-11-27T04:09:04.961Z,sell,3.407e-05,3.0,0.0001022099999999
EDO/BTC,1574827748288,2019-11-27T04:09:08.288Z,sell,3.403e-05,1.0,3.403e-05
EDO/BTC,1574827749257,2019-11-27T04:09:09.257Z,buy,3.399e-05,364.0,0.0123723599999999
EDO/BTC,1574827751818,2019-11-27T04:09:11.818Z,buy,3.399e-05,82.0,0.0027871799999999
EDO/BTC,1574827751818,2019-11-27T04:09:11.818Z,buy,3.409e-05,5.0,0.00017045
EDO/BTC,1574827751864,2019-11-27T04:09:11.864Z,sell,3.409e-05,828.0,0.02822652
EDO/BTC,1574827759597,2019-11-27T04:09:19.597Z,buy,3.412e-05,4.0,0.00013648
EDO/BTC,1574827778653,2019-11-27T04:09:38.653Z,sell,3.412e-05,26.0,0.0008871199999999
EDO/BTC,1574827787611,2019-11-27T04:09:47.611Z,sell,3.409e-05,179.0,0.00610211
EDO/BTC,1574827789847,2019-11-27T04:09:49.847Z,buy,3.414e-05,440.0,0.0150216
EDO/BTC,1574827791862,2019-11-27T04:09:51.862Z,buy,3.414e-05,84.0,0.00286776
EDO/BTC,1574827791862,2019-11-27T04:09:51.862Z,buy,3.415e-05,135.0,0.00461025
EDO/BTC,1574827796474,2019-11-27T04:09:56.474Z,buy,3.413e-05,109.0,0.00372017
EDO/BTC,1574827799516,2019-11-27T04:09:59.516Z,buy,3.414e-05,55.0,0.0018777
EDO/BTC,1574827801020,2019-11-27T04:10:01.020Z,buy,3.414e-05,55.0,0.0018777
EDO/BTC,1574827807863,2019-11-27T04:10:07.863Z,buy,3.414e-05,294.0,0.01003716
EDO/BTC,1574827807863,2019-11-27T04:10:07.863Z,buy,3.416e-05,289.0,0.00987224
EDO/BTC,1574827807863,2019-11-27T04:10:07.863Z,buy,3.419e-05,19.0,0.00064961
EDO/BTC,1574827807863,2019-11-27T04:10:07.863Z,buy,3.42e-05,251.0,0.0085842
EDO/BTC,1574827807877,2019-11-27T04:10:07.877Z,sell,3.42e-05,322.0,0.0110123999999999
EDO/BTC,1574827807943,2019-11-27T04:10:07.943Z,sell,3.42e-05,13.0,0.0004445999999999
EDO/BTC,1574827812558,2019-11-27T04:10:12.558Z,sell,3.42e-05,425.0,0.014535
EDO/BTC,1574827822788,2019-11-27T04:10:22.788Z,buy,3.427e-05,22.0,0.00075394
EDO/BTC,1574827822788,2019-11-27T04:10:22.788Z,buy,3.429e-05,4.0,0.00013716
EDO/BTC,1574827822788,2019-11-27T04:10:22.788Z,buy,3.438e-05,7.0,0.00024066
EDO/BTC,1574827822788,2019-11-27T04:10:22.788Z,buy,3.44e-05,14.0,0.0004816
EDO/BTC,1574827825655,2019-11-27T04:10:25.655Z,buy,3.439e-05,23.0,0.00079097
EDO/BTC,1574827826958,2019-11-27T04:10:26.958Z,buy,3.439e-05,24.0,0.00082536
EDO/BTC,1574827827365,2019-11-27T04:10:27.365Z,buy,3.439e-05,144.0,0.00495216
EDO/BTC,1574827843988,2019-11-27T04:10:43.988Z,sell,3.425e-05,78.0,0.0026715
EDO/BTC,1574827851171,2019-11-27T04:10:51.171Z,buy,3.438e-05,140.0,0.0048132
EDO/BTC,1574827853403,2019-11-27T04:10:53.403Z,buy,3.428e-05,14.0,0.0004799199999999
EDO/BTC,1574827853403,2019-11-27T04:10:53.403Z,buy,3.436e-05,55.0,0.0018898
EDO/BTC,1574827854938,2019-11-27T04:10:54.938Z,buy,3.436e-05,70.0,0.0024052
EDO/BTC,1574827874133,2019-11-27T04:11:14.133Z,buy,3.43e-05,3.0,0.0001029
EDO/BTC,1574827874133,2019-11-27T04:11:14.133Z,buy,3.438e-05,121.0,0.00415998
EDO/BTC,1574827874756,2019-11-27T04:11:14.756Z,buy,3.436e-05,157.0,0.00539452
EDO/BTC,1574827874756,2019-11-27T04:11:14.756Z,buy,3.437e-05,102.0,0.00350574
EDO/BTC,1574827874756,2019-11-27T04:11:14.756Z,buy,3.439e-05,300.0,0.010317
EDO/BTC,1574827874756,2019-11-27T04:11:14.756Z,buy,3.44e-05,795.0,0.027348
EDO/BTC,1574827874756,2019-11-27T04:11:14.756Z,buy,3.441e-05,88.0,0.00302808
EDO/BTC,1574827874756,2019-11-27T04:11:14.756Z,buy,3.442e-05,2632.0,0.09059344
EDO/BTC,1574827874756,2019-11-27T04:11:14.756Z,buy,3.443e-05,4409.0,0.15180187
EDO/BTC,1574827874766,2019-11-27T04:11:14.766Z,sell,3.443e-05,1720.0,0.0592196
EDO/BTC,1574827875231,2019-11-27T04:11:15.231Z,sell,3.443e-05,46.0,0.00158378
EDO/BTC,1574827876435,2019-11-27T04:11:16.435Z,buy,3.444e-05,3.0,0.00010332
EDO/BTC,1574827876435,2019-11-27T04:11:16.435Z,buy,3.445e-05,59.0,0.0020325499999999
EDO/BTC,1574827876853,2019-11-27T04:11:16.853Z,sell,3.443e-05,62.0,0.00213466
EDO/BTC,1574827877295,2019-11-27T04:11:17.295Z,sell,3.443e-05,47.0,0.00161821
EDO/BTC,1574827877680,2019-11-27T04:11:17.680Z,buy,3.445e-05,40.0,0.0013779999999999
EDO/BTC,1574827877680,2019-11-27T04:11:17.680Z,buy,3.446e-05,22.0,0.0007581199999999
EDO/BTC,1574827878964,2019-11-27T04:11:18.964Z,sell,3.443e-05,53.0,0.00182479
EDO/BTC,1574827879601,2019-11-27T04:11:19.601Z,sell,3.443e-05,47.0,0.00161821
EDO/BTC,1574827879620,2019-11-27T04:11:19.620Z,sell,3.443e-05,73.0,0.00251339
EDO/BTC,1574827880599,2019-11-27T04:11:20.599Z,buy,3.446e-05,59.0,0.00203314
EDO/BTC,1574827880726,2019-11-27T04:11:20.726Z,sell,3.443e-05,45.0,0.00154935
EDO/BTC,1574827881395,2019-11-27T04:11:21.395Z,sell,3.443e-05,58.0,0.00199694
EDO/BTC,1574827882957,2019-11-27T04:11:22.957Z,sell,3.443e-05,52.0,0.00179036
EDO/BTC,1574827883693,2019-11-27T04:11:23.693Z,sell,3.443e-05,77.0,0.00265111
EDO/BTC,1574827883797,2019-11-27T04:11:23.797Z,sell,3.425e-05,30.0,0.0010275
EDO/BTC,1574827883797,2019-11-27T04:11:23.797Z,sell,3.419e-05,16.0,0.00054704
EDO/BTC,1574827884912,2019-11-27T04:11:24.912Z,sell,3.419e-05,454.0,0.01552226
EDO/BTC,1574827884912,2019-11-27T04:11:24.912Z,sell,3.416e-05,4.0,0.00013664
EDO/BTC,1574827884912,2019-11-27T04:11:24.912Z,sell,3.412e-05,4.0,0.00013648
EDO/BTC,1574827884912,2019-11-27T04:11:24.912Z,sell,3.406e-05,278.0,0.00946868
EDO/BTC,1574827885595,2019-11-27T04:11:25.595Z,sell,3.417e-05,74.0,0.00252858
EDO/BTC,1574827886046,2019-11-27T04:11:26.046Z,sell,3.417e-05,4.0,0.00013668
EDO/BTC,1574827893187,2019-11-27T04:11:33.187Z,buy,3.428e-05,246.0,0.0084328799999999
EDO/BTC,1574827893187,2019-11-27T04:11:33.187Z,buy,3.429e-05,4.0,0.00013716
EDO/BTC,1574827895182,2019-11-27T04:11:35.182Z,buy,3.438e-05,4.0,0.00013752
EDO/BTC,1574827895182,2019-11-27T04:11:35.182Z,buy,3.445e-05,135.0,0.0046507499999999
EDO/BTC,1574827896879,2019-11-27T04:11:36.879Z,buy,3.445e-05,68.0,0.0023426
EDO/BTC,1574827898315,2019-11-27T04:11:38.315Z,buy,3.445e-05,56.0,0.0019291999999999
EDO/BTC,1574827898315,2019-11-27T04:11:38.315Z,buy,3.446e-05,13.0,0.00044798
EDO/BTC,1574827908047,2019-11-27T04:11:48.047Z,sell,3.436e-05,721.0,0.02477356
EDO/BTC,1574827950227,2019-11-27T04:12:30.227Z,sell,3.436e-05,931.0,0.03198916
EDO/BTC,1574827962541,2019-11-27T04:12:42.541Z,sell,3.416e-05,4.0,0.00013664
EDO/BTC,1574827962541,2019-11-27T04:12:42.541Z,sell,3.414e-05,10.0,0.0003414
EDO/BTC,1574827974786,2019-11-27T04:12:54.786Z,buy,3.416e-05,9.0,0.0003074399999999
EDO/BTC,1574827974917,2019-11-27T04:12:54.917Z,buy,3.416e-05,170.0,0.0058071999999999
EDO/BTC,1574828043200,2019-11-27T04:14:03.200Z,buy,3.437e-05,112.0,0.00384944
EDO/BTC,1574828043330,2019-11-27T04:14:03.330Z,sell,3.437e-05,102.0,0.00350574
EDO/BTC,1574828043330,2019-11-27T04:14:03.330Z,sell,3.437e-05,102.0,0.00350574
EDO/BTC,1574828106727,2019-11-27T04:15:06.727Z,buy,3.438e-05,4.0,0.00013752
EDO/BTC,1574828106727,2019-11-27T04:15:06.727Z,buy,3.442e-05,54.0,0.00185868
EDO/BTC,1574828131344,2019-11-27T04:15:31.344Z,buy,3.442e-05,78.0,0.00268476
EDO/BTC,1574828131344,2019-11-27T04:15:31.344Z,buy,3.445e-05,86.0,0.0029626999999999
EDO/BTC,1574828145112,2019-11-27T04:15:45.112Z,buy,3.445e-05,14.0,0.0004822999999999
EDO/BTC,1574828149273,2019-11-27T04:15:49.273Z,buy,3.445e-05,119.0,0.0040995499999999
EDO/BTC,1574828151118,2019-11-27T04:15:51.118Z,sell,3.445e-05,46.0,0.0015846999999999
EDO/BTC,1574828154465,2019-11-27T04:15:54.465Z,buy,3.446e-05,182.0,0.00627172
EDO/BTC,1574828170102,2019-11-27T04:16:10.102Z,buy,3.446e-05,76.0,0.00261896
EDO/BTC,1574828171277,2019-11-27T04:16:11.277Z,sell,3.446e-05,45.0,0.0015507
EDO/BTC,1574828173547,2019-11-27T04:16:13.547Z,sell,3.446e-05,16.0,0.00055136
EDO/BTC,1574828173547,2019-11-27T04:16:13.547Z,sell,3.445e-05,13.0,0.0004478499999999
EDO/BTC,1574828185780,2019-11-27T04:16:25.780Z,buy,3.446e-05,80.0,0.0027568
EDO/BTC,1574828185780,2019-11-27T04:16:25.780Z,buy,3.447e-05,43.0,0.00148221
EDO/BTC,1574828187860,2019-11-27T04:16:27.860Z,buy,3.447e-05,29.0,0.00099963
EDO/BTC,1574828192318,2019-11-27T04:16:32.318Z,buy,3.447e-05,115.0,0.00396405
EDO/BTC,1574828202990,2019-11-27T04:16:42.990Z,sell,3.447e-05,8.0,0.00027576
EDO/BTC,1574828202990,2019-11-27T04:16:42.990Z,sell,3.445e-05,67.0,0.0023081499999999
EDO/BTC,1574828204461,2019-11-27T04:16:44.461Z,sell,3.429e-05,4.0,0.00013716
EDO/BTC,1574828204461,2019-11-27T04:16:44.461Z,sell,3.419e-05,10.0,0.0003419
EDO/BTC,1574828465682,2019-11-27T04:21:05.682Z,sell,3.417e-05,143.0,0.00488631
EDO/BTC,1574828511823,2019-11-27T04:21:51.823Z,sell,3.417e-05,177.0,0.00604809
EDO/BTC,1574828511823,2019-11-27T04:21:51.823Z,sell,3.416e-05,9.0,0.0003074399999999
EDO/BTC,1574828511823,2019-11-27T04:21:51.823Z,sell,3.412e-05,4.0,0.00013648
EDO/BTC,1574828511823,2019-11-27T04:21:51.823Z,sell,3.409e-05,253.0,0.00862477
EDO/BTC,1574828526440,2019-11-27T04:22:06.440Z,sell,3.406e-05,99.0,0.00337194
EDO/BTC,1574828566519,2019-11-27T04:22:46.519Z,sell,3.404e-05,4.0,0.00013616
EDO/BTC,1574828566519,2019-11-27T04:22:46.519Z,sell,3.4e-05,328.0,0.011152
EDO/BTC,1574828588201,2019-11-27T04:23:08.201Z,sell,3.399e-05,58.0,0.0019714199999999
EDO/BTC,1574828596263,2019-11-27T04:23:16.263Z,buy,3.421e-05,43.0,0.00147103
EDO/BTC,1574828596307,2019-11-27T04:23:16.307Z,buy,3.421e-05,43.0,0.00147103
EDO/BTC,1574828676178,2019-11-27T04:24:36.178Z,sell,3.399e-05,9.0,0.00030591
EDO/BTC,1574828720318,2019-11-27T04:25:20.318Z,sell,3.398e-05,30.0,0.0010194
EDO/BTC,1574828720318,2019-11-27T04:25:20.318Z,sell,3.395e-05,4.0,0.0001358
EDO/BTC,1574828720318,2019-11-27T04:25:20.318Z,sell,3.394e-05,4.0,0.00013576
EDO/BTC,1574828720318,2019-11-27T04:25:20.318Z,sell,3.391e-05,211.0,0.00715501
EDO/BTC,1574828835387,2019-11-27T04:27:15.387Z,buy,3.408e-05,44.0,0.0014995199999999
EDO/BTC,1574828835444,2019-11-27T04:27:15.444Z,buy,3.408e-05,44.0,0.0014995199999999
EDO/BTC,1574828879147,2019-11-27T04:27:59.147Z,sell,3.392e-05,374.0,0.01268608
EDO/BTC,1574829380025,2019-11-27T04:36:20.025Z,sell,3.392e-05,333.0,0.01129536
EDO/BTC,1574829380025,2019-11-27T04:36:20.025Z,sell,3.391e-05,321.0,0.01088511
EDO/BTC,1574829470566,2019-11-27T04:37:50.566Z,sell,3.392e-05,285.0,0.0096672
EDO/BTC,1574829470566,2019-11-27T04:37:50.566Z,sell,3.391e-05,90.0,0.0030518999999999
EDO/BTC,1574829470566,2019-11-27T04:37:50.566Z,sell,3.392e-05,285.0,0.0096672
EDO/BTC,1574829470566,2019-11-27T04:37:50.566Z,sell,3.391e-05,90.0,0.0030518999999999
EDO/BTC,1574832111488,2019-11-27T05:21:51.488Z,sell,3.399e-05,190.0,0.0064581
EDO/BTC,1574832111488,2019-11-27T05:21:51.488Z,sell,3.398e-05,1702.0,0.05783396
EDO/BTC,1574832165966,2019-11-27T05:22:45.966Z,buy,3.408e-05,29.0,0.00098832
EDO/BTC,1574832486540,2019-11-27T05:28:06.540Z,buy,3.408e-05,200.0,0.006816
EDO/BTC,1574832491682,2019-11-27T05:28:11.682Z,sell,3.408e-05,278.0,0.00947424
EDO/BTC,1574832805470,2019-11-27T05:33:25.470Z,buy,3.412e-05,4.0,0.00013648
EDO/BTC,1574832805470,2019-11-27T05:33:25.470Z,buy,3.416e-05,704.0,0.02404864
EDO/BTC,1574832805470,2019-11-27T05:33:25.470Z,buy,3.418e-05,249.0,0.00851082
EDO/BTC,1574832885704,2019-11-27T05:34:45.704Z,buy,3.418e-05,4.0,0.00013672
EDO/BTC,1574832913469,2019-11-27T05:35:13.469Z,buy,3.429e-05,4.0,0.00013716
EDO/BTC,1574832913469,2019-11-27T05:35:13.469Z,buy,3.438e-05,354.0,0.01217052
EDO/BTC,1574832913469,2019-11-27T05:35:13.469Z,buy,3.44e-05,15.0,0.000516
EDO/BTC,1574832913469,2019-11-27T05:35:13.469Z,buy,3.445e-05,178.0,0.0061321
EDO/BTC,1574832913469,2019-11-27T05:35:13.469Z,buy,3.447e-05,140.0,0.0048258
EDO/BTC,1574832913469,2019-11-27T05:35:13.469Z,buy,3.448e-05,409.0,0.01410232
EDO/BTC,1574832913469,2019-11-27T05:35:13.469Z,buy,3.449e-05,2233.0,0.07701617
EDO/BTC,1574832913469,2019-11-27T05:35:13.469Z,buy,3.45e-05,3234.0,0.1115729999999999
EDO/BTC,1574832913469,2019-11-27T05:35:13.469Z,buy,3.451e-05,5334.0,0.18407634
EDO/BTC,1574832913469,2019-11-27T05:35:13.469Z,sell,3.451e-05,304.0,0.01049104
EDO/BTC,1574832913490,2019-11-27T05:35:13.490Z,sell,3.451e-05,9.0,0.00031059
EDO/BTC,1574832913495,2019-11-27T05:35:13.495Z,sell,3.451e-05,174.0,0.00600474
EDO/BTC,1574832913511,2019-11-27T05:35:13.511Z,buy,3.454e-05,126.0,0.00435204
EDO/BTC,1574832913511,2019-11-27T05:35:13.511Z,buy,3.455e-05,453.0,0.01565115
EDO/BTC,1574832915359,2019-11-27T05:35:15.359Z,sell,3.452e-05,126.0,0.00434952
EDO/BTC,1574832915359,2019-11-27T05:35:15.359Z,sell,3.451e-05,171.0,0.00590121
EDO/BTC,1574832918913,2019-11-27T05:35:18.913Z,buy,3.459e-05,3542.0,0.1225177799999999
EDO/BTC,1574832918913,2019-11-27T05:35:18.913Z,buy,3.46e-05,1963.0,0.0679198
EDO/BTC,1574832918913,2019-11-27T05:35:18.913Z,buy,3.461e-05,333.0,0.01152513
EDO/BTC,1574832919670,2019-11-27T05:35:19.670Z,buy,3.461e-05,133.0,0.00460313
EDO/BTC,1574832919670,2019-11-27T05:35:19.670Z,buy,3.464e-05,34.0,0.00117776
EDO/BTC,1574832926206,2019-11-27T05:35:26.206Z,buy,3.465e-05,58.0,0.0020097
EDO/BTC,1574832938289,2019-11-27T05:35:38.289Z,sell,3.452e-05,3.0,0.00010356
EDO/BTC,1574832946002,2019-11-27T05:35:46.002Z,sell,3.452e-05,707.0,0.02440564
EDO/BTC,1574832948132,2019-11-27T05:35:48.132Z,sell,3.451e-05,58.0,0.00200158
EDO/BTC,1574832948979,2019-11-27T05:35:48.979Z,sell,3.451e-05,113.0,0.00389963
EDO/BTC,1574832962766,2019-11-27T05:36:02.766Z,buy,3.456e-05,29.0,0.00100224
EDO/BTC,1574832963097,2019-11-27T05:36:03.097Z,sell,3.451e-05,3.0,0.00010353
EDO/BTC,1574832979055,2019-11-27T05:36:19.055Z,buy,3.456e-05,310.0,0.0107136
EDO/BTC,1574832979123,2019-11-27T05:36:19.123Z,sell,3.451e-05,1583.0,0.05462933
EDO/BTC,1574832990706,2019-11-27T05:36:30.706Z,sell,3.451e-05,17.0,0.00058667
EDO/BTC,1574833048103,2019-11-27T05:37:28.103Z,buy,3.453e-05,121.0,0.00417813
EDO/BTC,1574833048103,2019-11-27T05:37:28.103Z,buy,3.454e-05,524.0,0.0180989599999999
EDO/BTC,1574833048103,2019-11-27T05:37:28.103Z,buy,3.457e-05,1123.0,0.03882211
EDO/BTC,1574833050911,2019-11-27T05:37:30.911Z,buy,3.457e-05,311.0,0.01075127
EDO/BTC,1574833061870,2019-11-27T05:37:41.870Z,sell,3.451e-05,96.0,0.00331296
EDO/BTC,1574833063994,2019-11-27T05:37:43.994Z,sell,3.447e-05,4.0,0.00013788
EDO/BTC,1574833063994,2019-11-27T05:37:43.994Z,sell,3.444e-05,1.0,3.444e-05
EDO/BTC,1574833063994,2019-11-27T05:37:43.994Z,sell,3.444e-05,29.0,0.00099876
EDO/BTC,1574833063994,2019-11-27T05:37:43.994Z,sell,3.438e-05,4.0,0.00013752
EDO/BTC,1574833064443,2019-11-27T05:37:44.443Z,sell,3.429e-05,4.0,0.00013716
EDO/BTC,1574833064443,2019-11-27T05:37:44.443Z,sell,3.423e-05,10.0,0.0003423
EDO/BTC,1574833064443,2019-11-27T05:37:44.443Z,sell,3.429e-05,4.0,0.00013716
EDO/BTC,1574833064443,2019-11-27T05:37:44.443Z,sell,3.423e-05,10.0,0.0003423
EDO/BTC,1574833084457,2019-11-27T05:38:04.457Z,sell,3.421e-05,172.0,0.00588412
EDO/BTC,1574833104276,2019-11-27T05:38:24.276Z,buy,3.435e-05,353.0,0.01212555
EDO/BTC,1574833104276,2019-11-27T05:38:24.276Z,buy,3.436e-05,2243.0,0.07706948
EDO/BTC,1574833104297,2019-11-27T05:38:24.297Z,buy,3.447e-05,4.0,0.00013788
EDO/BTC,1574833104297,2019-11-27T05:38:24.297Z,buy,3.451e-05,1089.0,0.03758139
EDO/BTC,1574833219160,2019-11-27T05:40:19.160Z,buy,3.45e-05,249.0,0.0085905
EDO/BTC,1574833219160,2019-11-27T05:40:19.160Z,buy,3.451e-05,5.0,0.00017255
EDO/BTC,1574833233282,2019-11-27T05:40:33.282Z,sell,3.451e-05,1606.0,0.05542306
EDO/BTC,1574833367917,2019-11-27T05:42:47.917Z,sell,3.43e-05,304.0,0.0104272
EDO/BTC,1574833367917,2019-11-27T05:42:47.917Z,sell,3.429e-05,4.0,0.00013716
EDO/BTC,1574833367917,2019-11-27T05:42:47.917Z,sell,3.419e-05,933.0,0.03189927
EDO/BTC,1574833367917,2019-11-27T05:42:47.917Z,sell,3.418e-05,362.0,0.01237316
EDO/BTC,1574833367917,2019-11-27T05:42:47.917Z,sell,3.417e-05,502.0,0.01715334
EDO/BTC,1574833367917,2019-11-27T05:42:47.917Z,sell,3.416e-05,678.0,0.0231604799999999
EDO/BTC,1574833367917,2019-11-27T05:42:47.917Z,sell,3.415e-05,1169.0,0.03992135
EDO/BTC,1574833367917,2019-11-27T05:42:47.917Z,sell,3.413e-05,280.0,0.0095564
EDO/BTC,1574833386651,2019-11-27T05:43:06.651Z,sell,3.416e-05,102.0,0.00348432
EDO/BTC,1574833425442,2019-11-27T05:43:45.442Z,sell,3.413e-05,117.0,0.00399321
EDO/BTC,1574833961185,2019-11-27T05:52:41.185Z,buy,3.425e-05,331.0,0.01133675
EDO/BTC,1574833961185,2019-11-27T05:52:41.185Z,buy,3.426e-05,977.0,0.03347202
EDO/BTC,1574833961185,2019-11-27T05:52:41.185Z,buy,3.428e-05,697.0,0.0238931599999999
EDO/BTC,1574833961185,2019-11-27T05:52:41.185Z,buy,3.43e-05,1169.0,0.0400967
EDO/BTC,1574833961185,2019-11-27T05:52:41.185Z,buy,3.431e-05,280.0,0.0096068
EDO/BTC,1574834125811,2019-11-27T05:55:25.811Z,sell,3.422e-05,278.0,0.00951316
EDO/BTC,1574834125811,2019-11-27T05:55:25.811Z,sell,3.421e-05,219.0,0.00749199
EDO/BTC,1574834220957,2019-11-27T05:57:00.957Z,buy,3.43e-05,278.0,0.0095354
EDO/BTC,1574834220957,2019-11-27T05:57:00.957Z,buy,3.431e-05,154.0,0.00528374
EDO/BTC,1574834317893,2019-11-27T05:58:37.893Z,sell,3.413e-05,248.0,0.00846424
EDO/BTC,1574834317893,2019-11-27T05:58:37.893Z,sell,3.412e-05,4.0,0.00013648
EDO/BTC,1574834317893,2019-11-27T05:58:37.893Z,sell,3.411e-05,37.0,0.00126207
EDO/BTC,1574834574632,2019-11-27T06:02:54.632Z,buy,3.429e-05,4.0,0.00013716
EDO/BTC,1574834574632,2019-11-27T06:02:54.632Z,buy,3.431e-05,210.0,0.0072051
EDO/BTC,1574834712243,2019-11-27T06:05:12.243Z,buy,3.438e-05,4.0,0.00013752
EDO/BTC,1574834712243,2019-11-27T06:05:12.243Z,buy,3.446e-05,376.0,0.01295696
EDO/BTC,1574834803842,2019-11-27T06:06:43.842Z,sell,3.446e-05,20.0,0.0006892
EDO/BTC,1574834806933,2019-11-27T06:06:46.933Z,buy,3.446e-05,251.0,0.00864946
EDO/BTC,1574834806933,2019-11-27T06:06:46.933Z,buy,3.447e-05,35.0,0.00120645
EDO/BTC,1574834806933,2019-11-27T06:06:46.933Z,buy,3.455e-05,8.0,0.0002764
EDO/BTC,1574834806933,2019-11-27T06:06:46.933Z,buy,3.457e-05,323.0,0.01116611
EDO/BTC,1574834806933,2019-11-27T06:06:46.933Z,buy,3.459e-05,4.0,0.00013836
EDO/BTC,1574834806933,2019-11-27T06:06:46.933Z,buy,3.465e-05,82.0,0.0028413
EDO/BTC,1574834806933,2019-11-27T06:06:46.933Z,buy,3.472e-05,408.0,0.01416576
EDO/BTC,1574834806933,2019-11-27T06:06:46.933Z,buy,3.473e-05,919.0,0.03191687
EDO/BTC,1574834806933,2019-11-27T06:06:46.933Z,buy,3.475e-05,1206.0,0.0419084999999999
EDO/BTC,1574834806952,2019-11-27T06:06:46.952Z,sell,3.475e-05,640.0,0.02224
EDO/BTC,1574834807066,2019-11-27T06:06:47.066Z,sell,3.475e-05,19.0,0.0006602499999999
EDO/BTC,1574834810395,2019-11-27T06:06:50.395Z,buy,3.476e-05,14.0,0.00048664
EDO/BTC,1574834813772,2019-11-27T06:06:53.772Z,sell,3.476e-05,625.0,0.021725
EDO/BTC,1574834816756,2019-11-27T06:06:56.756Z,sell,3.476e-05,80.0,0.0027808
EDO/BTC,1574834828652,2019-11-27T06:07:08.652Z,sell,3.451e-05,3.0,0.00010353
EDO/BTC,1574834828666,2019-11-27T06:07:08.666Z,sell,3.451e-05,3.0,0.00010353
EDO/BTC,1574834828673,2019-11-27T06:07:08.673Z,sell,3.451e-05,3.0,0.00010353
EDO/BTC,1574834828744,2019-11-27T06:07:08.744Z,sell,3.451e-05,3.0,0.00010353
EDO/BTC,1574834828784,2019-11-27T06:07:08.784Z,sell,3.451e-05,89.0,0.00307139
EDO/BTC,1574834837777,2019-11-27T06:07:17.777Z,sell,3.454e-05,461.0,0.01592294
EDO/BTC,1574834837777,2019-11-27T06:07:17.777Z,sell,3.453e-05,472.0,0.01629816
EDO/BTC,1574834837871,2019-11-27T06:07:17.871Z,sell,3.45e-05,302.0,0.010419
EDO/BTC,1574834837871,2019-11-27T06:07:17.871Z,sell,3.447e-05,4.0,0.00013788
EDO/BTC,1574834838879,2019-11-27T06:07:18.879Z,buy,3.45e-05,38.0,0.0013109999999999
EDO/BTC,1574834840920,2019-11-27T06:07:20.920Z,sell,3.446e-05,33.0,0.00113718
EDO/BTC,1574834840920,2019-11-27T06:07:20.920Z,sell,3.444e-05,407.0,0.01401708
EDO/BTC,1574834840920,2019-11-27T06:07:20.920Z,sell,3.443e-05,848.0,0.02919664
EDO/BTC,1574834845423,2019-11-27T06:07:25.423Z,buy,3.45e-05,423.0,0.0145934999999999
EDO/BTC,1574834845423,2019-11-27T06:07:25.423Z,buy,3.451e-05,2127.0,0.07340277
EDO/BTC,1574834847306,2019-11-27T06:07:27.306Z,sell,3.452e-05,88.0,0.00303776
EDO/BTC,1574835081572,2019-11-27T06:11:21.572Z,buy,3.465e-05,193.0,0.00668745
EDO/BTC,1574835081572,2019-11-27T06:11:21.572Z,buy,3.467e-05,268.0,0.0092915599999999
EDO/BTC,1574835081572,2019-11-27T06:11:21.572Z,buy,3.47e-05,33.0,0.0011451
EDO/BTC,1574835106796,2019-11-27T06:11:46.796Z,sell,3.453e-05,56.0,0.00193368
EDO/BTC,1574835230582,2019-11-27T06:13:50.582Z,sell,3.449e-05,9.0,0.0003104099999999
EDO/BTC,1574835230582,2019-11-27T06:13:50.582Z,sell,3.448e-05,190.0,0.0065512
EDO/BTC,1574835313735,2019-11-27T06:15:13.735Z,sell,3.447e-05,4.0,0.00013788
EDO/BTC,1574835313735,2019-11-27T06:15:13.735Z,sell,3.445e-05,96.0,0.0033071999999999
EDO/BTC,1574835360316,2019-11-27T06:16:00.316Z,sell,3.446e-05,246.0,0.00847716
EDO/BTC,1574835360550,2019-11-27T06:16:00.550Z,buy,3.459e-05,96.0,0.0033206399999999
EDO/BTC,1574835360550,2019-11-27T06:16:00.550Z,buy,3.464e-05,228.0,0.00789792
EDO/BTC,1574835388295,2019-11-27T06:16:28.295Z,buy,3.464e-05,3.0,0.00010392
EDO/BTC,1574835407304,2019-11-27T06:16:47.304Z,sell,3.464e-05,2.0,6.928e-05
EDO/BTC,1574835570578,2019-11-27T06:19:30.578Z,buy,3.459e-05,54.0,0.00186786
EDO/BTC,1574835748660,2019-11-27T06:22:28.660Z,buy,3.459e-05,43.0,0.00148737
EDO/BTC,1574835748715,2019-11-27T06:22:28.715Z,buy,3.459e-05,43.0,0.00148737
EDO/BTC,1574836070955,2019-11-27T06:27:50.955Z,sell,3.443e-05,314.0,0.01081102
EDO/BTC,1574836071015,2019-11-27T06:27:51.015Z,buy,3.443e-05,9.0,0.00030987
EDO/BTC,1574836072404,2019-11-27T06:27:52.404Z,sell,3.44e-05,4.0,0.0001376
EDO/BTC,1574836072404,2019-11-27T06:27:52.404Z,sell,3.438e-05,4.0,0.00013752
EDO/BTC,1574836072404,2019-11-27T06:27:52.404Z,sell,3.431e-05,8.0,0.00027448
EDO/BTC,1574836072404,2019-11-27T06:27:52.404Z,sell,3.429e-05,254.0,0.00870966
EDO/BTC,1574836072404,2019-11-27T06:27:52.404Z,sell,3.426e-05,346.0,0.01185396
EDO/BTC,1574836072404,2019-11-27T06:27:52.404Z,sell,3.424e-05,125.0,0.00428
EDO/BTC,1574836072442,2019-11-27T06:27:52.442Z,buy,3.435e-05,43.0,0.00147705
EDO/BTC,1574836072497,2019-11-27T06:27:52.497Z,buy,3.435e-05,43.0,0.00147705
EDO/BTC,1574836088261,2019-11-27T06:28:08.261Z,buy,3.434e-05,3.0,0.00010302
EDO/BTC,1574836095830,2019-11-27T06:28:15.830Z,sell,3.424e-05,191.0,0.00653984
EDO/BTC,1574836314330,2019-11-27T06:31:54.330Z,sell,3.418e-05,39.0,0.00133302
EDO/BTC,1574836314330,2019-11-27T06:31:54.330Z,sell,3.417e-05,8.0,0.00027336
EDO/BTC,1574836314330,2019-11-27T06:31:54.330Z,sell,3.416e-05,4.0,0.00013664
EDO/BTC,1574836314330,2019-11-27T06:31:54.330Z,sell,3.413e-05,324.0,0.01105812
EDO/BTC,1574836314330,2019-11-27T06:31:54.330Z,sell,3.412e-05,4.0,0.00013648
EDO/BTC,1574836314330,2019-11-27T06:31:54.330Z,sell,3.411e-05,610.0,0.0208071
EDO/BTC,1574836468240,2019-11-27T06:34:28.240Z,sell,3.413e-05,204.0,0.00696252
EDO/BTC,1574836468240,2019-11-27T06:34:28.240Z,sell,3.413e-05,204.0,0.00696252
EDO/BTC,1574836921906,2019-11-27T06:42:01.906Z,buy,3.412e-05,136.0,0.00464032
EDO/BTC,1574836924586,2019-11-27T06:42:04.586Z,buy,3.413e-05,29.0,0.00098977
EDO/BTC,1574837095797,2019-11-27T06:44:55.797Z,sell,3.412e-05,2794.0,0.0953312799999999
EDO/BTC,1574837095797,2019-11-27T06:44:55.797Z,sell,3.411e-05,2324.0,0.0792716399999999
EDO/BTC,1574837224543,2019-11-27T06:47:04.543Z,sell,3.412e-05,193.0,0.00658516
EDO/BTC,1574837224543,2019-11-27T06:47:04.543Z,sell,3.411e-05,245.0,0.0083569499999999
EDO/BTC,1574837288898,2019-11-27T06:48:08.898Z,sell,3.412e-05,64.0,0.00218368
EDO/BTC,1574837388819,2019-11-27T06:49:48.819Z,sell,3.412e-05,620.0,0.0211544
EDO/BTC,1574837568643,2019-11-27T06:52:48.643Z,sell,3.415e-05,20.0,0.000683
EDO/BTC,1574837687375,2019-11-27T06:54:47.375Z,sell,3.415e-05,238.0,0.0081277
EDO/BTC,1574838141665,2019-11-27T07:02:21.665Z,buy,3.429e-05,4.0,0.00013716
EDO/BTC,1574838188276,2019-11-27T07:03:08.276Z,sell,3.429e-05,3.0,0.00010287
EDO/BTC,1574838219038,2019-11-27T07:03:39.038Z,sell,3.429e-05,31.0,0.00106299
EDO/BTC,1574838299107,2019-11-27T07:04:59.107Z,buy,3.435e-05,226.0,0.0077631
EDO/BTC,1574838303170,2019-11-27T07:05:03.170Z,sell,3.42e-05,30.0,0.001026
EDO/BTC,1574838777322,2019-11-27T07:12:57.322Z,sell,3.42e-05,200.0,0.00684
EDO/BTC,1574839033555,2019-11-27T07:17:13.555Z,buy,3.435e-05,30.0,0.0010305
EDO/BTC,1574839464062,2019-11-27T07:24:24.062Z,sell,3.42e-05,926.0,0.0316691999999999
EDO/BTC,1574839464062,2019-11-27T07:24:24.062Z,sell,3.415e-05,700.0,0.023905
EDO/BTC,1574839464062,2019-11-27T07:24:24.062Z,sell,3.412e-05,4.0,0.00013648
EDO/BTC,1574839464062,2019-11-27T07:24:24.062Z,sell,3.411e-05,828.0,0.0282430799999999
EDO/BTC,1574839464062,2019-11-27T07:24:24.062Z,sell,3.41e-05,447.0,0.0152427
EDO/BTC,1574839464062,2019-11-27T07:24:24.062Z,sell,3.409e-05,1969.0,0.06712321
EDO/BTC,1574839464062,2019-11-27T07:24:24.062Z,sell,3.408e-05,1531.0,0.05217648
EDO/BTC,1574839479216,2019-11-27T07:24:39.216Z,sell,3.407e-05,90.0,0.0030662999999999
EDO/BTC,1574839594226,2019-11-27T07:26:34.226Z,sell,3.411e-05,3.0,0.0001023299999999
EDO/BTC,1574839594226,2019-11-27T07:26:34.226Z,sell,3.408e-05,444.0,0.0151315199999999
EDO/BTC,1574839594226,2019-11-27T07:26:34.226Z,sell,3.407e-05,1096.0,0.0373407199999999
EDO/BTC,1574839594226,2019-11-27T07:26:34.226Z,sell,3.406e-05,99.0,0.00337194
EDO/BTC,1574839594226,2019-11-27T07:26:34.226Z,sell,3.404e-05,4.0,0.00013616
EDO/BTC,1574839594226,2019-11-27T07:26:34.226Z,sell,3.403e-05,448.0,0.0152454399999999
EDO/BTC,1574839594226,2019-11-27T07:26:34.226Z,sell,3.4e-05,11.0,0.000374
EDO/BTC,1574839594226,2019-11-27T07:26:34.226Z,sell,3.398e-05,5.0,0.0001699
EDO/BTC,1574839594226,2019-11-27T07:26:34.226Z,sell,3.398e-05,4.0,0.00013592
EDO/BTC,1574839596193,2019-11-27T07:26:36.193Z,sell,3.398e-05,439.0,0.01491722
EDO/BTC,1574839596193,2019-11-27T07:26:36.193Z,sell,3.397e-05,33.0,0.00112101
EDO/BTC,1574839596193,2019-11-27T07:26:36.193Z,sell,3.395e-05,4.0,0.0001358
EDO/BTC,1574839596193,2019-11-27T07:26:36.193Z,sell,3.394e-05,4.0,0.00013576
EDO/BTC,1574839596193,2019-11-27T07:26:36.193Z,sell,3.392e-05,878.0,0.02978176
EDO/BTC,1574839596524,2019-11-27T07:26:36.524Z,sell,3.39e-05,34.0,0.0011526
EDO/BTC,1574839628595,2019-11-27T07:27:08.595Z,sell,3.401e-05,22.0,0.00074822
EDO/BTC,1574839628595,2019-11-27T07:27:08.595Z,sell,3.397e-05,583.0,0.01980451
EDO/BTC,1574839628595,2019-11-27T07:27:08.595Z,sell,3.388e-05,480.0,0.0162624
EDO/BTC,1574839628595,2019-11-27T07:27:08.595Z,sell,3.379e-05,471.0,0.01591509
EDO/BTC,1574839628595,2019-11-27T07:27:08.595Z,sell,3.376e-05,4.0,0.00013504
EDO/BTC,1574839628595,2019-11-27T07:27:08.595Z,sell,3.374e-05,1186.0,0.04001564
EDO/BTC,1574839628595,2019-11-27T07:27:08.595Z,sell,3.373e-05,1312.0,0.0442537599999999
EDO/BTC,1574839628595,2019-11-27T07:27:08.595Z,sell,3.372e-05,490.0,0.0165228
EDO/BTC,1574839628595,2019-11-27T07:27:08.595Z,sell,3.372e-05,214.0,0.00721608
EDO/BTC,1574839628595,2019-11-27T07:27:08.595Z,sell,3.371e-05,2046.0,0.06897066
EDO/BTC,1574839628595,2019-11-27T07:27:08.595Z,sell,3.37e-05,584.0,0.0196808
EDO/BTC,1574839628595,2019-11-27T07:27:08.595Z,sell,3.37e-05,150.0,0.005055
EDO/BTC,1574839628609,2019-11-27T07:27:08.609Z,buy,3.373e-05,1132.0,0.03818236
EDO/BTC,1574839628617,2019-11-27T07:27:08.617Z,buy,3.373e-05,8.0,0.00026984
EDO/BTC,1574839628650,2019-11-27T07:27:08.650Z,buy,3.373e-05,188.0,0.00634124
EDO/BTC,1574839628677,2019-11-27T07:27:08.677Z,buy,3.373e-05,140.0,0.0047221999999999
EDO/BTC,1574839628939,2019-11-27T07:27:08.939Z,sell,3.37e-05,26.0,0.0008761999999999
EDO/BTC,1574839629030,2019-11-27T07:27:09.030Z,sell,3.37e-05,3.0,0.0001010999999999
EDO/BTC,1574839629789,2019-11-27T07:27:09.789Z,sell,3.37e-05,8.0,0.0002696
EDO/BTC,1574839630290,2019-11-27T07:27:10.290Z,sell,3.37e-05,1084.0,0.0365308
EDO/BTC,1574839632029,2019-11-27T07:27:12.029Z,sell,3.37e-05,1341.0,0.0451917
EDO/BTC,1574839632938,2019-11-27T07:27:12.938Z,sell,3.37e-05,868.0,0.0292516
EDO/BTC,1574839632938,2019-11-27T07:27:12.938Z,sell,3.368e-05,103.0,0.00346904
EDO/BTC,1574839632938,2019-11-27T07:27:12.938Z,sell,3.367e-05,370.0,0.0124579
EDO/BTC,1574839634350,2019-11-27T07:27:14.350Z,buy,3.372e-05,44.0,0.00148368
EDO/BTC,1574839634436,2019-11-27T07:27:14.436Z,buy,3.372e-05,180.0,0.0060696
EDO/BTC,1574839636505,2019-11-27T07:27:16.505Z,buy,3.372e-05,44.0,0.00148368
EDO/BTC,1574839642134,2019-11-27T07:27:22.134Z,buy,3.373e-05,50.0,0.0016864999999999
EDO/BTC,1574839649693,2019-11-27T07:27:29.693Z,buy,3.394e-05,4.0,0.00013576
EDO/BTC,1574839649693,2019-11-27T07:27:29.693Z,buy,3.395e-05,48.0,0.0016296
EDO/BTC,1574839650470,2019-11-27T07:27:30.470Z,buy,3.395e-05,45.0,0.00152775
EDO/BTC,1574839652258,2019-11-27T07:27:32.258Z,sell,3.377e-05,8.0,0.00027016
EDO/BTC,1574839652541,2019-11-27T07:27:32.541Z,buy,3.4e-05,8.0,0.000272
EDO/BTC,1574839652541,2019-11-27T07:27:32.541Z,buy,3.401e-05,37.0,0.00125837
EDO/BTC,1574839652586,2019-11-27T07:27:32.586Z,buy,3.401e-05,41.0,0.00139441
EDO/BTC,1574839652586,2019-11-27T07:27:32.586Z,buy,3.402e-05,5.0,0.0001701
EDO/BTC,1574839653869,2019-11-27T07:27:33.869Z,buy,3.401e-05,75.0,0.00255075
EDO/BTC,1574839655919,2019-11-27T07:27:35.919Z,buy,3.402e-05,39.0,0.00132678
EDO/BTC,1574839655919,2019-11-27T07:27:35.919Z,buy,3.404e-05,4.0,0.00013616
EDO/BTC,1574839655919,2019-11-27T07:27:35.919Z,buy,3.406e-05,3.0,0.00010218
EDO/BTC,1574839656516,2019-11-27T07:27:36.516Z,buy,3.406e-05,73.0,0.00248638
EDO/BTC,1574839656765,2019-11-27T07:27:36.765Z,buy,3.406e-05,23.0,0.00078338
EDO/BTC,1574839656765,2019-11-27T07:27:36.765Z,buy,3.408e-05,23.0,0.00078384
EDO/BTC,1574839658224,2019-11-27T07:27:38.224Z,buy,3.402e-05,62.0,0.00210924
EDO/BTC,1574839663117,2019-11-27T07:27:43.117Z,buy,3.408e-05,78.0,0.00265824
EDO/BTC,1574839676721,2019-11-27T07:27:56.721Z,buy,3.407e-05,53.0,0.0018057099999999
EDO/BTC,1574839679100,2019-11-27T07:27:59.100Z,buy,3.404e-05,58.0,0.00197432
EDO/BTC,1574839704545,2019-11-27T07:28:24.545Z,buy,3.394e-05,352.0,0.0119468799999999
EDO/BTC,1574839705592,2019-11-27T07:28:25.592Z,buy,3.394e-05,58.0,0.0019685199999999
EDO/BTC,1574839705612,2019-11-27T07:28:25.612Z,buy,3.394e-05,294.0,0.0099783599999999
EDO/BTC,1574839732376,2019-11-27T07:28:52.376Z,sell,3.388e-05,268.0,0.00907984
EDO/BTC,1574839732376,2019-11-27T07:28:52.376Z,sell,3.387e-05,500.0,0.016935
EDO/BTC,1574839732376,2019-11-27T07:28:52.376Z,sell,3.385e-05,633.0,0.02142705
EDO/BTC,1574839732376,2019-11-27T07:28:52.376Z,sell,3.384e-05,7810.0,0.2642904
EDO/BTC,1574839732376,2019-11-27T07:28:52.376Z,sell,3.381e-05,35.0,0.00118335
EDO/BTC,1574839732376,2019-11-27T07:28:52.376Z,sell,3.38e-05,1003.0,0.0339014
EDO/BTC,1574840035391,2019-11-27T07:33:55.391Z,sell,3.38e-05,2673.0,0.0903474
EDO/BTC,1574840035391,2019-11-27T07:33:55.391Z,sell,3.38e-05,2673.0,0.0903474
EDO/BTC,1574840070377,2019-11-27T07:34:30.377Z,buy,3.397e-05,47.0,0.00159659
EDO/BTC,1574840071264,2019-11-27T07:34:31.264Z,buy,3.397e-05,47.0,0.00159659
EDO/BTC,1574840200196,2019-11-27T07:36:40.196Z,buy,3.397e-05,3.0,0.00010191
EDO/BTC,1574840220676,2019-11-27T07:37:00.676Z,sell,3.377e-05,2665.0,0.08999705
EDO/BTC,1574840226761,2019-11-27T07:37:06.761Z,sell,3.376e-05,1323.0,0.04466448
EDO/BTC,1574840264067,2019-11-27T07:37:44.067Z,sell,3.373e-05,4.0,0.00013492
EDO/BTC,1574840264067,2019-11-27T07:37:44.067Z,sell,3.37e-05,214.0,0.0072118
EDO/BTC,1574840287069,2019-11-27T07:38:07.069Z,sell,3.371e-05,6.0,0.00020226
EDO/BTC,1574840287069,2019-11-27T07:38:07.069Z,sell,3.37e-05,4.0,0.0001348
EDO/BTC,1574840287069,2019-11-27T07:38:07.069Z,sell,3.368e-05,103.0,0.00346904
EDO/BTC,1574840287069,2019-11-27T07:38:07.069Z,sell,3.366e-05,62.0,0.00208692
EDO/BTC,1574840287069,2019-11-27T07:38:07.069Z,sell,3.361e-05,707.0,0.02376227
EDO/BTC,1574840287069,2019-11-27T07:38:07.069Z,sell,3.36e-05,32.0,0.0010752
EDO/BTC,1574840287069,2019-11-27T07:38:07.069Z,sell,3.359e-05,4.0,0.00013436
EDO/BTC,1574840287069,2019-11-27T07:38:07.069Z,sell,3.358e-05,101.0,0.00339158
EDO/BTC,1574840287069,2019-11-27T07:38:07.069Z,sell,3.356e-05,356.0,0.0119473599999999
EDO/BTC,1574840287069,2019-11-27T07:38:07.069Z,sell,3.355e-05,77.0,0.00258335
EDO/BTC,1574840287069,2019-11-27T07:38:07.069Z,sell,3.352e-05,169.0,0.00566488
EDO/BTC,1574840287069,2019-11-27T07:38:07.069Z,sell,3.35e-05,35.0,0.0011725
EDO/BTC,1574840287069,2019-11-27T07:38:07.069Z,sell,3.346e-05,239.0,0.00799694
EDO/BTC,1574840287069,2019-11-27T07:38:07.069Z,sell,3.345e-05,21.0,0.00070245
EDO/BTC,1574840287069,2019-11-27T07:38:07.069Z,sell,3.342e-05,134.0,0.00447828
EDO/BTC,1574840287069,2019-11-27T07:38:07.069Z,sell,3.341e-05,851.0,0.02843191
EDO/BTC,1574840287069,2019-11-27T07:38:07.069Z,sell,3.339e-05,370.0,0.0123542999999999
EDO/BTC,1574840287069,2019-11-27T07:38:07.069Z,sell,3.336e-05,183.0,0.00610488
EDO/BTC,1574840287069,2019-11-27T07:38:07.069Z,sell,3.335e-05,57.0,0.0019009499999999
EDO/BTC,1574840287069,2019-11-27T07:38:07.069Z,sell,3.333e-05,50.0,0.0016665
EDO/BTC,1574840287069,2019-11-27T07:38:07.069Z,sell,3.332e-05,613.0,0.02042516
EDO/BTC,1574840287069,2019-11-27T07:38:07.069Z,sell,3.331e-05,539.0,0.01795409
EDO/BTC,1574840287069,2019-11-27T07:38:07.069Z,sell,3.33e-05,124.0,0.0041292
EDO/BTC,1574840287069,2019-11-27T07:38:07.069Z,sell,3.327e-05,297.0,0.00988119
EDO/BTC,1574840287069,2019-11-27T07:38:07.069Z,sell,3.326e-05,20.0,0.0006651999999999
EDO/BTC,1574840287069,2019-11-27T07:38:07.069Z,sell,3.325e-05,537.0,0.01785525
EDO/BTC,1574840287069,2019-11-27T07:38:07.069Z,sell,3.324e-05,270.0,0.0089748
EDO/BTC,1574840287069,2019-11-27T07:38:07.069Z,sell,3.323e-05,139.0,0.00461897
EDO/BTC,1574840287069,2019-11-27T07:38:07.069Z,sell,3.322e-05,169.0,0.00561418
EDO/BTC,1574840287069,2019-11-27T07:38:07.069Z,sell,3.32e-05,252.0,0.0083664
EDO/BTC,1574840287069,2019-11-27T07:38:07.069Z,sell,3.319e-05,103.0,0.00341857
EDO/BTC,1574840287069,2019-11-27T07:38:07.069Z,sell,3.317e-05,168.0,0.00557256
EDO/BTC,1574840287091,2019-11-27T07:38:07.091Z,buy,3.32e-05,616.0,0.0204512
EDO/BTC,1574840287091,2019-11-27T07:38:07.091Z,buy,3.32e-05,4.0,0.0001328
EDO/BTC,1574840287091,2019-11-27T07:38:07.091Z,buy,3.35e-05,612.0,0.020502
EDO/BTC,1574840287091,2019-11-27T07:38:07.091Z,buy,3.35e-05,616.0,0.020636
EDO/BTC,1574840287091,2019-11-27T07:38:07.091Z,buy,3.35e-05,616.0,0.020636
EDO/BTC,1574840287093,2019-11-27T07:38:07.093Z,buy,3.35e-05,616.0,0.020636
EDO/BTC,1574840287094,2019-11-27T07:38:07.094Z,buy,3.35e-05,616.0,0.020636
EDO/BTC,1574840287129,2019-11-27T07:38:07.129Z,sell,3.318e-05,1576.0,0.0522916799999999
EDO/BTC,1574840287129,2019-11-27T07:38:07.129Z,sell,3.317e-05,12.0,0.00039804
EDO/BTC,1574840287129,2019-11-27T07:38:07.129Z,sell,3.315e-05,426.0,0.0141219
EDO/BTC,1574840287129,2019-11-27T07:38:07.129Z,sell,3.314e-05,1066.0,0.0353272399999999
EDO/BTC,1574840287219,2019-11-27T07:38:07.219Z,sell,3.319e-05,728.0,0.02416232
EDO/BTC,1574840287219,2019-11-27T07:38:07.219Z,sell,3.314e-05,138.0,0.00457332
EDO/BTC,1574840287219,2019-11-27T07:38:07.219Z,sell,3.312e-05,69.0,0.00228528
EDO/BTC,1574840288234,2019-11-27T07:38:08.234Z,buy,3.333e-05,1575.0,0.05249475
EDO/BTC,1574840292243,2019-11-27T07:38:12.243Z,sell,3.333e-05,78.0,0.00259974
EDO/BTC,1574840292495,2019-11-27T07:38:12.495Z,sell,3.333e-05,547.0,0.01823151
EDO/BTC,1574840292495,2019-11-27T07:38:12.495Z,sell,3.33e-05,299.0,0.0099567
EDO/BTC,1574840292495,2019-11-27T07:38:12.495Z,sell,3.319e-05,97.0,0.0032194299999999
EDO/BTC,1574840292495,2019-11-27T07:38:12.495Z,sell,3.316e-05,1068.0,0.03541488
EDO/BTC,1574840292510,2019-11-27T07:38:12.510Z,sell,3.316e-05,1340.0,0.0444344
EDO/BTC,1574840292510,2019-11-27T07:38:12.510Z,sell,3.312e-05,84.0,0.00278208
EDO/BTC,1574840292510,2019-11-27T07:38:12.510Z,sell,3.31e-05,14.0,0.0004634
EDO/BTC,1574840292510,2019-11-27T07:38:12.510Z,sell,3.309e-05,314.0,0.01039026
EDO/BTC,1574840292510,2019-11-27T07:38:12.510Z,sell,3.307e-05,1469.0,0.04857983
EDO/BTC,1574840292510,2019-11-27T07:38:12.510Z,sell,3.306e-05,4110.0,0.1358766
EDO/BTC,1574840292510,2019-11-27T07:38:12.510Z,sell,3.305e-05,332.0,0.0109725999999999
EDO/BTC,1574840292510,2019-11-27T07:38:12.510Z,sell,3.304e-05,2777.0,0.09175208
EDO/BTC,1574840292510,2019-11-27T07:38:12.510Z,sell,3.303e-05,171.0,0.00564813
EDO/BTC,1574840292510,2019-11-27T07:38:12.510Z,sell,3.302e-05,56.0,0.0018491199999999
EDO/BTC,1574840292510,2019-11-27T07:38:12.510Z,sell,3.301e-05,1211.0,0.0399751099999999
EDO/BTC,1574840292510,2019-11-27T07:38:12.510Z,sell,3.3e-05,21.0,0.000693
EDO/BTC,1574840292510,2019-11-27T07:38:12.510Z,sell,3.297e-05,32.0,0.00105504
EDO/BTC,1574840292510,2019-11-27T07:38:12.510Z,sell,3.297e-05,1027.0,0.03386019
EDO/BTC,1574840292755,2019-11-27T07:38:12.755Z,buy,3.327e-05,1211.0,0.04028997
EDO/BTC,1574840293351,2019-11-27T07:38:13.351Z,sell,3.333e-05,4.0,0.00013332
EDO/BTC,1574840293468,2019-11-27T07:38:13.468Z,buy,3.34e-05,29.0,0.0009686
EDO/BTC,1574840293664,2019-11-27T07:38:13.664Z,buy,3.34e-05,104.0,0.0034736
EDO/BTC,1574840294650,2019-11-27T07:38:14.650Z,sell,3.333e-05,1048.0,0.03492984
EDO/BTC,1574840295050,2019-11-27T07:38:15.050Z,sell,3.333e-05,4.0,0.00013332
EDO/BTC,1574840295124,2019-11-27T07:38:15.124Z,sell,3.333e-05,4.0,0.00013332
EDO/BTC,1574840296318,2019-11-27T07:38:16.318Z,buy,3.338e-05,335.0,0.0111823
EDO/BTC,1574840296924,2019-11-27T07:38:16.924Z,buy,3.337e-05,714.0,0.02382618
EDO/BTC,1574840297590,2019-11-27T07:38:17.590Z,buy,3.338e-05,117.0,0.00390546
EDO/BTC,1574840297804,2019-11-27T07:38:17.804Z,buy,3.338e-05,4.0,0.00013352
EDO/BTC,1574840298230,2019-11-27T07:38:18.230Z,buy,3.338e-05,584.0,0.01949392
EDO/BTC,1574840298387,2019-11-27T07:38:18.387Z,buy,3.337e-05,4.0,0.00013348
EDO/BTC,1574840298740,2019-11-27T07:38:18.740Z,buy,3.337e-05,4.0,0.00013348
EDO/BTC,1574840298759,2019-11-27T07:38:18.759Z,buy,3.337e-05,4.0,0.00013348
EDO/BTC,1574840298835,2019-11-27T07:38:18.835Z,buy,3.337e-05,4.0,0.00013348
EDO/BTC,1574840299329,2019-11-27T07:38:19.329Z,buy,3.337e-05,130.0,0.0043381
EDO/BTC,1574840299712,2019-11-27T07:38:19.712Z,sell,3.338e-05,335.0,0.0111823
EDO/BTC,1574840300729,2019-11-27T07:38:20.729Z,buy,3.338e-05,315.0,0.0105147
EDO/BTC,1574840300729,2019-11-27T07:38:20.729Z,buy,3.34e-05,171.0,0.0057114
EDO/BTC,1574840301356,2019-11-27T07:38:21.356Z,buy,3.34e-05,22.0,0.0007348
EDO/BTC,1574840302531,2019-11-27T07:38:22.531Z,buy,3.34e-05,28.0,0.0009352
EDO/BTC,1574840302531,2019-11-27T07:38:22.531Z,buy,3.341e-05,49.0,0.00163709
EDO/BTC,1574840304041,2019-11-27T07:38:24.041Z,buy,3.341e-05,37.0,0.00123617
EDO/BTC,1574840305430,2019-11-27T07:38:25.430Z,buy,3.341e-05,37.0,0.00123617
EDO/BTC,1574840306643,2019-11-27T07:38:26.643Z,buy,3.341e-05,37.0,0.00123617
EDO/BTC,1574840307638,2019-11-27T07:38:27.638Z,buy,3.341e-05,37.0,0.00123617
EDO/BTC,1574840308635,2019-11-27T07:38:28.635Z,buy,3.341e-05,37.0,0.00123617
EDO/BTC,1574840309838,2019-11-27T07:38:29.838Z,buy,3.341e-05,37.0,0.00123617
EDO/BTC,1574840310941,2019-11-27T07:38:30.941Z,buy,3.341e-05,37.0,0.00123617
EDO/BTC,1574840311557,2019-11-27T07:38:31.557Z,buy,3.341e-05,60.0,0.0020046
EDO/BTC,1574840312729,2019-11-27T07:38:32.729Z,buy,3.343e-05,528.0,0.01765104
EDO/BTC,1574840312729,2019-11-27T07:38:32.729Z,buy,3.344e-05,250.0,0.00836
EDO/BTC,1574840313741,2019-11-27T07:38:33.741Z,buy,3.344e-05,1079.0,0.03608176
EDO/BTC,1574840313814,2019-11-27T07:38:33.814Z,buy,3.344e-05,308.0,0.01029952
EDO/BTC,1574840314847,2019-11-27T07:38:34.847Z,buy,3.344e-05,922.0,0.0308316799999999
EDO/BTC,1574840314878,2019-11-27T07:38:34.878Z,buy,3.344e-05,308.0,0.01029952
EDO/BTC,1574840316683,2019-11-27T07:38:36.683Z,buy,3.344e-05,4.0,0.00013376
EDO/BTC,1574840316702,2019-11-27T07:38:36.702Z,buy,3.344e-05,922.0,0.0308316799999999
EDO/BTC,1574840317018,2019-11-27T07:38:37.018Z,buy,3.344e-05,694.0,0.02320736
EDO/BTC,1574840317018,2019-11-27T07:38:37.018Z,buy,3.345e-05,263.0,0.00879735
EDO/BTC,1574840317951,2019-11-27T07:38:37.951Z,buy,3.346e-05,186.0,0.00622356
EDO/BTC,1574840317951,2019-11-27T07:38:37.951Z,buy,3.348e-05,2247.0,0.07522956
EDO/BTC,1574840318080,2019-11-27T07:38:38.080Z,buy,3.348e-05,161.0,0.00539028
EDO/BTC,1574840319241,2019-11-27T07:38:39.241Z,buy,3.344e-05,135.0,0.0045144
EDO/BTC,1574840319241,2019-11-27T07:38:39.241Z,buy,3.347e-05,30.0,0.0010041
EDO/BTC,1574840320104,2019-11-27T07:38:40.104Z,buy,3.347e-05,269.0,0.00900343
EDO/BTC,1574840320104,2019-11-27T07:38:40.104Z,buy,3.349e-05,728.0,0.0243807199999999
EDO/BTC,1574840320104,2019-11-27T07:38:40.104Z,buy,3.35e-05,674.0,0.022579
EDO/BTC,1574840320104,2019-11-27T07:38:40.104Z,buy,3.351e-05,35.0,0.00117285
EDO/BTC,1574840321041,2019-11-27T07:38:41.041Z,buy,3.351e-05,235.0,0.00787485
EDO/BTC,1574840321041,2019-11-27T07:38:41.041Z,buy,3.352e-05,4.0,0.00013408
EDO/BTC,1574840321041,2019-11-27T07:38:41.041Z,buy,3.354e-05,184.0,0.00617136
EDO/BTC,1574840322197,2019-11-27T07:38:42.197Z,buy,3.354e-05,597.0,0.02002338
EDO/BTC,1574840332158,2019-11-27T07:38:52.158Z,buy,3.354e-05,90.0,0.0030186
EDO/BTC,1574840332243,2019-11-27T07:38:52.243Z,buy,3.354e-05,179.0,0.00600366
EDO/BTC,1574840332245,2019-11-27T07:38:52.245Z,buy,3.354e-05,179.0,0.00600366
EDO/BTC,1574840335315,2019-11-27T07:38:55.315Z,buy,3.346e-05,45.0,0.0015057
EDO/BTC,1574840335315,2019-11-27T07:38:55.315Z,buy,3.354e-05,139.0,0.00466206
EDO/BTC,1574840335317,2019-11-27T07:38:55.317Z,buy,3.354e-05,184.0,0.00617136
EDO/BTC,1574840343554,2019-11-27T07:39:03.554Z,buy,3.353e-05,26.0,0.00087178
EDO/BTC,1574840343554,2019-11-27T07:39:03.554Z,buy,3.354e-05,201.0,0.00674154
EDO/BTC,1574840343554,2019-11-27T07:39:03.554Z,buy,3.359e-05,4.0,0.00013436
EDO/BTC,1574840344774,2019-11-27T07:39:04.774Z,buy,3.36e-05,11.0,0.0003696
EDO/BTC,1574840344774,2019-11-27T07:39:04.774Z,buy,3.361e-05,7.0,0.00023527
EDO/BTC,1574840344774,2019-11-27T07:39:04.774Z,buy,3.366e-05,45.0,0.0015147
EDO/BTC,1574840344774,2019-11-27T07:39:04.774Z,buy,3.368e-05,103.0,0.00346904
EDO/BTC,1574840347912,2019-11-27T07:39:07.912Z,buy,3.365e-05,1.0,3.365e-05
EDO/BTC,1574840350559,2019-11-27T07:39:10.559Z,buy,3.365e-05,4.0,0.0001346
EDO/BTC,1574840363267,2019-11-27T07:39:23.267Z,sell,3.36e-05,441.0,0.0148175999999999
EDO/BTC,1574840371219,2019-11-27T07:39:31.219Z,sell,3.361e-05,92.0,0.00309212
EDO/BTC,1574840371219,2019-11-27T07:39:31.219Z,sell,3.36e-05,25.0,0.0008399999999999
EDO/BTC,1574840371219,2019-11-27T07:39:31.219Z,sell,3.359e-05,2745.0,0.09220455
EDO/BTC,1574840389344,2019-11-27T07:39:49.344Z,sell,3.341e-05,604.0,0.02017964
EDO/BTC,1574840389344,2019-11-27T07:39:49.344Z,sell,3.338e-05,451.0,0.01505438
EDO/BTC,1574840392267,2019-11-27T07:39:52.267Z,buy,3.344e-05,1.0,3.344e-05
EDO/BTC,1574840393750,2019-11-27T07:39:53.750Z,buy,3.342e-05,4.0,0.00013368
EDO/BTC,1574840399821,2019-11-27T07:39:59.821Z,buy,3.34e-05,9.0,0.0003006
EDO/BTC,1574840401163,2019-11-27T07:40:01.163Z,buy,3.34e-05,9.0,0.0003006
EDO/BTC,1574840401458,2019-11-27T07:40:01.458Z,sell,3.34e-05,33.0,0.0011022
EDO/BTC,1574840404035,2019-11-27T07:40:04.035Z,buy,3.358e-05,4.0,0.00013432
EDO/BTC,1574840404035,2019-11-27T07:40:04.035Z,buy,3.359e-05,4.0,0.00013436
EDO/BTC,1574840404035,2019-11-27T07:40:04.035Z,buy,3.362e-05,2.0,6.724e-05
EDO/BTC,1574840404692,2019-11-27T07:40:04.692Z,buy,3.362e-05,9.0,0.00030258
EDO/BTC,1574840408857,2019-11-27T07:40:08.857Z,buy,3.362e-05,6.0,0.00020172
EDO/BTC,1574840412877,2019-11-27T07:40:12.877Z,sell,3.345e-05,8.0,0.0002676
EDO/BTC,1574840412877,2019-11-27T07:40:12.877Z,sell,3.344e-05,57.0,0.0019060799999999
EDO/BTC,1574840412877,2019-11-27T07:40:12.877Z,sell,3.341e-05,4.0,0.00013364
EDO/BTC,1574840412877,2019-11-27T07:40:12.877Z,sell,3.34e-05,6532.0,0.2181688
EDO/BTC,1574840412927,2019-11-27T07:40:12.927Z,buy,3.34e-05,114.0,0.0038076
EDO/BTC,1574840412995,2019-11-27T07:40:12.995Z,buy,3.34e-05,1945.0,0.0649629999999999
EDO/BTC,1574840418532,2019-11-27T07:40:18.532Z,buy,3.359e-05,4.0,0.00013436
EDO/BTC,1574840443189,2019-11-27T07:40:43.189Z,sell,3.359e-05,8.0,0.00026872
EDO/BTC,1574840552364,2019-11-27T07:42:32.364Z,buy,3.359e-05,149.0,0.00500491
EDO/BTC,1574840567297,2019-11-27T07:42:47.297Z,buy,3.358e-05,48.0,0.00161184
EDO/BTC,1574840569801,2019-11-27T07:42:49.801Z,buy,3.358e-05,50.0,0.001679
EDO/BTC,1574840693814,2019-11-27T07:44:53.814Z,buy,3.347e-05,505.0,0.01690235
EDO/BTC,1574840740698,2019-11-27T07:45:40.698Z,sell,3.342e-05,62.0,0.00207204
EDO/BTC,1574840772844,2019-11-27T07:46:12.844Z,sell,3.342e-05,81.0,0.00270702
EDO/BTC,1574840772844,2019-11-27T07:46:12.844Z,sell,3.341e-05,23.0,0.00076843
EDO/BTC,1574840893657,2019-11-27T07:48:13.657Z,sell,3.341e-05,1053.0,0.03518073
EDO/BTC,1574840893685,2019-11-27T07:48:13.685Z,buy,3.341e-05,658.0,0.02198378
EDO/BTC,1574841060310,2019-11-27T07:51:00.310Z,sell,3.34e-05,120.0,0.0040079999999999
EDO/BTC,1574841070386,2019-11-27T07:51:10.386Z,buy,3.336e-05,177.0,0.00590472
EDO/BTC,1574841569588,2019-11-27T07:59:29.588Z,buy,3.344e-05,1.0,3.344e-05
EDO/BTC,1574841672165,2019-11-27T08:01:12.165Z,buy,3.344e-05,209.0,0.00698896
EDO/BTC,1574841672165,2019-11-27T08:01:12.165Z,buy,3.347e-05,444.0,0.01486068
EDO/BTC,1574841672165,2019-11-27T08:01:12.165Z,buy,3.349e-05,134.0,0.00448766
EDO/BTC,1574841672165,2019-11-27T08:01:12.165Z,buy,3.351e-05,532.0,0.01782732
EDO/BTC,1574841672165,2019-11-27T08:01:12.165Z,buy,3.352e-05,93.0,0.0031173599999999
EDO/BTC,1574841672165,2019-11-27T08:01:12.165Z,buy,3.353e-05,795.0,0.02665635
EDO/BTC,1574841672183,2019-11-27T08:01:12.183Z,sell,3.353e-05,775.0,0.02598575
EDO/BTC,1574842334044,2019-11-27T08:12:14.044Z,sell,3.333e-05,10.0,0.0003333
EDO/BTC,1574842334044,2019-11-27T08:12:14.044Z,sell,3.332e-05,211.0,0.00703052
EDO/BTC,1574842334044,2019-11-27T08:12:14.044Z,sell,3.33e-05,164.0,0.0054612
EDO/BTC,1574842334044,2019-11-27T08:12:14.044Z,sell,3.329e-05,118.0,0.00392822
EDO/BTC,1574842334044,2019-11-27T08:12:14.044Z,sell,3.327e-05,122.0,0.00405894
EDO/BTC,1574842334044,2019-11-27T08:12:14.044Z,sell,3.323e-05,4.0,0.00013292
EDO/BTC,1574842334044,2019-11-27T08:12:14.044Z,sell,3.322e-05,1205.0,0.0400301
EDO/BTC,1574842334044,2019-11-27T08:12:14.044Z,sell,3.32e-05,11.0,0.0003652
EDO/BTC,1574842334044,2019-11-27T08:12:14.044Z,sell,3.314e-05,779.0,0.02581606
EDO/BTC,1574842334044,2019-11-27T08:12:14.044Z,sell,3.31e-05,2210.0,0.073151
EDO/BTC,1574842334044,2019-11-27T08:12:14.044Z,sell,3.309e-05,4.0,0.00013236
EDO/BTC,1574842334044,2019-11-27T08:12:14.044Z,sell,3.308e-05,123.0,0.00406884
EDO/BTC,1574842334044,2019-11-27T08:12:14.044Z,sell,3.306e-05,4.0,0.00013224
EDO/BTC,1574842334044,2019-11-27T08:12:14.044Z,sell,3.302e-05,8.0,0.00026416
EDO/BTC,1574842334044,2019-11-27T08:12:14.044Z,sell,3.301e-05,138.0,0.0045553799999999
EDO/BTC,1574842334044,2019-11-27T08:12:14.044Z,sell,3.3e-05,97.0,0.003201
EDO/BTC,1574842335364,2019-11-27T08:12:15.364Z,sell,3.301e-05,24.0,0.0007922399999999
EDO/BTC,1574842335364,2019-11-27T08:12:15.364Z,sell,3.3e-05,43.0,0.001419
EDO/BTC,1574842337515,2019-11-27T08:12:17.515Z,buy,3.307e-05,22.0,0.00072754
EDO/BTC,1574842338934,2019-11-27T08:12:18.934Z,buy,3.307e-05,4.0,0.00013228
EDO/BTC,1574842339824,2019-11-27T08:12:19.824Z,buy,3.304e-05,199.0,0.00657496
EDO/BTC,1574842341591,2019-11-27T08:12:21.591Z,buy,3.304e-05,547.0,0.01807288
EDO/BTC,1574842341606,2019-11-27T08:12:21.606Z,sell,3.3e-05,8.0,0.000264
EDO/BTC,1574842343897,2019-11-27T08:12:23.897Z,sell,3.302e-05,17.0,0.00056134
EDO/BTC,1574842343897,2019-11-27T08:12:23.897Z,sell,3.3e-05,1995.0,0.065835
EDO/BTC,1574842346431,2019-11-27T08:12:26.431Z,sell,3.301e-05,37.0,0.0012213699999999
EDO/BTC,1574842346431,2019-11-27T08:12:26.431Z,sell,3.3e-05,319.0,0.010527
EDO/BTC,1574842360220,2019-11-27T08:12:40.220Z,buy,3.317e-05,125.0,0.00414625
EDO/BTC,1574842384088,2019-11-27T08:13:04.088Z,sell,3.31e-05,15.0,0.0004965
EDO/BTC,1574842450280,2019-11-27T08:14:10.280Z,sell,3.314e-05,138.0,0.00457332
EDO/BTC,1574842707880,2019-11-27T08:18:27.880Z,buy,3.322e-05,133.0,0.0044182599999999
EDO/BTC,1574843321616,2019-11-27T08:28:41.616Z,sell,3.322e-05,36.0,0.0011959199999999
EDO/BTC,1574843439909,2019-11-27T08:30:39.909Z,buy,3.316e-05,5.0,0.0001658
EDO/BTC,1574843439909,2019-11-27T08:30:39.909Z,buy,3.321e-05,10.0,0.0003321
EDO/BTC,1574843604940,2019-11-27T08:33:24.940Z,buy,3.319e-05,31.0,0.00102889
EDO/BTC,1574843633249,2019-11-27T08:33:53.249Z,sell,3.314e-05,7.0,0.0002319799999999
EDO/BTC,1574843633249,2019-11-27T08:33:53.249Z,sell,3.297e-05,1.0,3.297e-05
EDO/BTC,1574843633249,2019-11-27T08:33:53.249Z,sell,3.314e-05,7.0,0.0002319799999999
EDO/BTC,1574843633249,2019-11-27T08:33:53.249Z,sell,3.297e-05,1.0,3.297e-05
EDO/BTC,1574843645664,2019-11-27T08:34:05.664Z,sell,3.298e-05,35.0,0.0011543
EDO/BTC,1574843645664,2019-11-27T08:34:05.664Z,sell,3.297e-05,267.0,0.00880299
EDO/BTC,1574843645664,2019-11-27T08:34:05.664Z,sell,3.296e-05,37.0,0.00121952
EDO/BTC,1574843645664,2019-11-27T08:34:05.664Z,sell,3.293e-05,188.0,0.0061908399999999
EDO/BTC,1574843645664,2019-11-27T08:34:05.664Z,sell,3.292e-05,99.0,0.00325908
EDO/BTC,1574843645664,2019-11-27T08:34:05.664Z,sell,3.289e-05,1217.0,0.04002713
EDO/BTC,1574843645664,2019-11-27T08:34:05.664Z,sell,3.288e-05,8.0,0.00026304
EDO/BTC,1574843645664,2019-11-27T08:34:05.664Z,sell,3.286e-05,142.0,0.00466612
EDO/BTC,1574843645692,2019-11-27T08:34:05.692Z,buy,3.289e-05,45.0,0.00148005
EDO/BTC,1574843648603,2019-11-27T08:34:08.603Z,sell,3.286e-05,361.0,0.01186246
EDO/BTC,1574843648603,2019-11-27T08:34:08.603Z,sell,3.285e-05,21.0,0.00068985
EDO/BTC,1574843648603,2019-11-27T08:34:08.603Z,sell,3.284e-05,157.0,0.00515588
EDO/BTC,1574843650600,2019-11-27T08:34:10.600Z,sell,3.284e-05,124.0,0.00407216
EDO/BTC,1574843650600,2019-11-27T08:34:10.600Z,sell,3.281e-05,22.0,0.00072182
EDO/BTC,1574843654432,2019-11-27T08:34:14.432Z,sell,3.287e-05,33.0,0.00108471
EDO/BTC,1574843658778,2019-11-27T08:34:18.778Z,buy,3.288e-05,43.0,0.00141384
EDO/BTC,1574843667641,2019-11-27T08:34:27.641Z,buy,3.289e-05,8423.0,0.27703247
EDO/BTC,1574843891607,2019-11-27T08:38:11.607Z,sell,3.293e-05,106.0,0.0034905799999999
EDO/BTC,1574843891607,2019-11-27T08:38:11.607Z,sell,3.29e-05,63.0,0.0020727
EDO/BTC,1574843891607,2019-11-27T08:38:11.607Z,sell,3.283e-05,140.0,0.0045962
EDO/BTC,1574843891607,2019-11-27T08:38:11.607Z,sell,3.282e-05,63.0,0.00206766
EDO/BTC,1574843891607,2019-11-27T08:38:11.607Z,sell,3.281e-05,9.0,0.00029529
EDO/BTC,1574843891607,2019-11-27T08:38:11.607Z,sell,3.28e-05,11.0,0.0003608
EDO/BTC,1574843891607,2019-11-27T08:38:11.607Z,sell,3.279e-05,555.0,0.01819845
EDO/BTC,1574843898390,2019-11-27T08:38:18.390Z,buy,3.289e-05,45.0,0.00148005
EDO/BTC,1574843899333,2019-11-27T08:38:19.333Z,buy,3.289e-05,605.0,0.0198984499999999
EDO/BTC,1574843899355,2019-11-27T08:38:19.355Z,buy,3.289e-05,905.0,0.02976545
EDO/BTC,1574844400765,2019-11-27T08:46:40.765Z,sell,3.294e-05,7.0,0.00023058
EDO/BTC,1574844438400,2019-11-27T08:47:18.400Z,sell,3.294e-05,94.0,0.00309636
EDO/BTC,1574844445481,2019-11-27T08:47:25.481Z,buy,3.294e-05,80.0,0.0026352
EDO/BTC,1574844503238,2019-11-27T08:48:23.238Z,buy,3.298e-05,116.0,0.0038256799999999
EDO/BTC,1574844598985,2019-11-27T08:49:58.985Z,sell,3.294e-05,196.0,0.00645624
EDO/BTC,1574844602058,2019-11-27T08:50:02.058Z,sell,3.293e-05,306.0,0.01007658
EDO/BTC,1574844605138,2019-11-27T08:50:05.138Z,sell,3.292e-05,1000.0,0.03292
EDO/BTC,1574844609222,2019-11-27T08:50:09.222Z,buy,3.295e-05,61.0,0.00200995
EDO/BTC,1574844884624,2019-11-27T08:54:44.624Z,buy,3.292e-05,63.0,0.00207396
EDO/BTC,1574845013370,2019-11-27T08:56:53.370Z,buy,3.306e-05,34.0,0.00112404
EDO/BTC,1574845013370,2019-11-27T08:56:53.370Z,buy,3.309e-05,704.0,0.02329536
EDO/BTC,1574845013407,2019-11-27T08:56:53.407Z,sell,3.309e-05,195.0,0.00645255
EDO/BTC,1574845013515,2019-11-27T08:56:53.515Z,sell,3.309e-05,1239.0,0.04099851
EDO/BTC,1574845013534,2019-11-27T08:56:53.534Z,sell,3.292e-05,9.0,0.00029628
EDO/BTC,1574845028202,2019-11-27T08:57:08.202Z,sell,3.292e-05,264.0,0.00869088
EDO/BTC,1574845048912,2019-11-27T08:57:28.912Z,sell,3.292e-05,233.0,0.00767036
EDO/BTC,1574845069605,2019-11-27T08:57:49.605Z,sell,3.289e-05,49.0,0.0016116099999999
EDO/BTC,1574845069605,2019-11-27T08:57:49.605Z,sell,3.288e-05,8.0,0.00026304
EDO/BTC,1574845069605,2019-11-27T08:57:49.605Z,sell,3.272e-05,15.0,0.0004908
EDO/BTC,1574845069605,2019-11-27T08:57:49.605Z,sell,3.271e-05,309.0,0.0101073899999999
EDO/BTC,1574845069605,2019-11-27T08:57:49.605Z,sell,3.27e-05,22.0,0.0007194
EDO/BTC,1574845069605,2019-11-27T08:57:49.605Z,sell,3.266e-05,267.0,0.00872022
EDO/BTC,1574845081682,2019-11-27T08:58:01.682Z,buy,3.268e-05,60.0,0.0019608
EDO/BTC,1574845081682,2019-11-27T08:58:01.682Z,buy,3.288e-05,4.0,0.00013152
EDO/BTC,1574845081682,2019-11-27T08:58:01.682Z,buy,3.306e-05,4.0,0.00013224
EDO/BTC,1574845081682,2019-11-27T08:58:01.682Z,buy,3.309e-05,4.0,0.00013236
EDO/BTC,1574845081682,2019-11-27T08:58:01.682Z,buy,3.314e-05,19.0,0.00062966
EDO/BTC,1574845134492,2019-11-27T08:58:54.492Z,sell,3.288e-05,8.0,0.00026304
EDO/BTC,1574845272823,2019-11-27T09:01:12.823Z,buy,3.285e-05,286.0,0.0093951
EDO/BTC,1574845279993,2019-11-27T09:01:19.993Z,sell,3.271e-05,19.0,0.0006214899999999
EDO/BTC,1574845279993,2019-11-27T09:01:19.993Z,sell,3.266e-05,659.0,0.02152294
EDO/BTC,1574845279993,2019-11-27T09:01:19.993Z,sell,3.265e-05,120.0,0.003918
EDO/BTC,1574845279993,2019-11-27T09:01:19.993Z,sell,3.264e-05,1200.0,0.039168
EDO/BTC,1574845281371,2019-11-27T09:01:21.371Z,buy,3.264e-05,2718.0,0.0887155199999999
EDO/BTC,1574845286249,2019-11-27T09:01:26.249Z,sell,3.262e-05,4.0,0.00013048
EDO/BTC,1574845286249,2019-11-27T09:01:26.249Z,sell,3.26e-05,141.0,0.0045966
EDO/BTC,1574845298512,2019-11-27T09:01:38.512Z,sell,3.26e-05,47.0,0.0015322
EDO/BTC,1574845310489,2019-11-27T09:01:50.489Z,sell,3.26e-05,2163.0,0.0705138
EDO/BTC,1574845310489,2019-11-27T09:01:50.489Z,sell,3.258e-05,63.0,0.00205254
EDO/BTC,1574845316193,2019-11-27T09:01:56.193Z,buy,3.263e-05,192.0,0.00626496
EDO/BTC,1574845317261,2019-11-27T09:01:57.261Z,buy,3.27e-05,5.0,0.0001635
EDO/BTC,1574845320236,2019-11-27T09:02:00.236Z,sell,3.258e-05,20.0,0.0006516
EDO/BTC,1574845322035,2019-11-27T09:02:02.035Z,sell,3.258e-05,87.0,0.00283446
EDO/BTC,1574845327510,2019-11-27T09:02:07.510Z,sell,3.259e-05,112.0,0.00365008
EDO/BTC,1574845327510,2019-11-27T09:02:07.510Z,sell,3.258e-05,1058.0,0.03446964
EDO/BTC,1574845328490,2019-11-27T09:02:08.490Z,buy,3.258e-05,616.0,0.02006928
EDO/BTC,1574845328763,2019-11-27T09:02:08.763Z,buy,3.258e-05,513.0,0.01671354
EDO/BTC,1574845329044,2019-11-27T09:02:09.044Z,buy,3.258e-05,293.0,0.00954594
EDO/BTC,1574845333180,2019-11-27T09:02:13.180Z,sell,3.255e-05,135.0,0.00439425
EDO/BTC,1574845336504,2019-11-27T09:02:16.504Z,sell,3.255e-05,222.0,0.0072261
EDO/BTC,1574845340059,2019-11-27T09:02:20.059Z,buy,3.258e-05,46.0,0.00149868
EDO/BTC,1574845340115,2019-11-27T09:02:20.115Z,buy,3.258e-05,46.0,0.00149868
EDO/BTC,1574845340174,2019-11-27T09:02:20.174Z,buy,3.258e-05,46.0,0.00149868
EDO/BTC,1574845340222,2019-11-27T09:02:20.222Z,buy,3.258e-05,46.0,0.00149868
EDO/BTC,1574845340412,2019-11-27T09:02:20.412Z,buy,3.258e-05,46.0,0.00149868
EDO/BTC,1574845340463,2019-11-27T09:02:20.463Z,buy,3.258e-05,46.0,0.00149868
EDO/BTC,1574845340512,2019-11-27T09:02:20.512Z,buy,3.258e-05,46.0,0.00149868
EDO/BTC,1574845340578,2019-11-27T09:02:20.578Z,buy,3.258e-05,46.0,0.00149868
EDO/BTC,1574845341426,2019-11-27T09:02:21.426Z,buy,3.258e-05,46.0,0.00149868
EDO/BTC,1574845341482,2019-11-27T09:02:21.482Z,buy,3.258e-05,46.0,0.00149868
EDO/BTC,1574845341560,2019-11-27T09:02:21.560Z,buy,3.258e-05,46.0,0.00149868
EDO/BTC,1574845341650,2019-11-27T09:02:21.650Z,buy,3.258e-05,46.0,0.00149868
EDO/BTC,1574845341961,2019-11-27T09:02:21.961Z,buy,3.258e-05,45.0,0.0014661
EDO/BTC,1574845342012,2019-11-27T09:02:22.012Z,buy,3.258e-05,53.0,0.00172674
EDO/BTC,1574845366287,2019-11-27T09:02:46.287Z,buy,3.258e-05,258.0,0.00840564
EDO/BTC,1574845375494,2019-11-27T09:02:55.494Z,sell,3.255e-05,894.0,0.0290997
EDO/BTC,1574845381604,2019-11-27T09:03:01.604Z,sell,3.254e-05,99.0,0.0032214599999999
EDO/BTC,1574845407796,2019-11-27T09:03:27.796Z,sell,3.253e-05,518.0,0.01685054
EDO/BTC,1574845409901,2019-11-27T09:03:29.901Z,sell,3.25e-05,2209.0,0.0717925
EDO/BTC,1574845415218,2019-11-27T09:03:35.218Z,sell,3.244e-05,17.0,0.00055148
EDO/BTC,1574845417077,2019-11-27T09:03:37.077Z,sell,3.244e-05,927.0,0.03007188
EDO/BTC,1574845423623,2019-11-27T09:03:43.623Z,buy,3.257e-05,601.0,0.01957457
EDO/BTC,1574845428436,2019-11-27T09:03:48.436Z,sell,3.251e-05,769.0,0.02500019
EDO/BTC,1574845434965,2019-11-27T09:03:54.965Z,sell,3.244e-05,262.0,0.00849928
EDO/BTC,1574845437372,2019-11-27T09:03:57.372Z,buy,3.257e-05,15.0,0.00048855
EDO/BTC,1574845437372,2019-11-27T09:03:57.372Z,buy,3.258e-05,8.0,0.00026064
EDO/BTC,1574845445855,2019-11-27T09:04:05.855Z,buy,3.258e-05,479.0,0.01560582
EDO/BTC,1574845446235,2019-11-27T09:04:06.235Z,sell,3.245e-05,229.0,0.00743105
EDO/BTC,1574845446235,2019-11-27T09:04:06.235Z,sell,3.244e-05,2333.0,0.07568252
EDO/BTC,1574845446235,2019-11-27T09:04:06.235Z,sell,3.242e-05,520.0,0.0168584
EDO/BTC,1574845446235,2019-11-27T09:04:06.235Z,sell,3.241e-05,1012.0,0.03279892
EDO/BTC,1574845446235,2019-11-27T09:04:06.235Z,sell,3.24e-05,363.0,0.0117612
EDO/BTC,1574845446632,2019-11-27T09:04:06.632Z,buy,3.258e-05,26.0,0.00084708
EDO/BTC,1574845446632,2019-11-27T09:04:06.632Z,buy,3.27e-05,352.0,0.0115104
EDO/BTC,1574845446632,2019-11-27T09:04:06.632Z,buy,3.271e-05,4.0,0.00013084
EDO/BTC,1574845446632,2019-11-27T09:04:06.632Z,buy,3.274e-05,97.0,0.00317578
EDO/BTC,1574845447209,2019-11-27T09:04:07.209Z,buy,3.273e-05,479.0,0.01567767
EDO/BTC,1574845470714,2019-11-27T09:04:30.714Z,buy,3.272e-05,293.0,0.00958696
EDO/BTC,1574845470714,2019-11-27T09:04:30.714Z,buy,3.274e-05,187.0,0.00612238
EDO/BTC,1574845471395,2019-11-27T09:04:31.395Z,sell,3.272e-05,481.0,0.01573832
EDO/BTC,1574845471938,2019-11-27T09:04:31.938Z,buy,3.274e-05,205.0,0.0067117
EDO/BTC,1574845472697,2019-11-27T09:04:32.697Z,sell,3.278e-05,275.0,0.0090145
EDO/BTC,1574845497077,2019-11-27T09:04:57.077Z,sell,3.258e-05,198.0,0.00645084
EDO/BTC,1574845511144,2019-11-27T09:05:11.144Z,sell,3.26e-05,404.0,0.0131704
EDO/BTC,1574845511199,2019-11-27T09:05:11.199Z,sell,3.259e-05,3244.0,0.1057219599999999
EDO/BTC,1574845512132,2019-11-27T09:05:12.132Z,sell,3.253e-05,4.0,0.00013012
EDO/BTC,1574845512132,2019-11-27T09:05:12.132Z,sell,3.249e-05,7.0,0.00022743
EDO/BTC,1574845512203,2019-11-27T09:05:12.203Z,sell,3.249e-05,56.0,0.00181944
EDO/BTC,1574845589527,2019-11-27T09:06:29.527Z,buy,3.26e-05,13.0,0.0004238
EDO/BTC,1574845589968,2019-11-27T09:06:29.968Z,buy,3.26e-05,13.0,0.0004238
EDO/BTC,1574845657938,2019-11-27T09:07:37.938Z,sell,3.243e-05,14.0,0.0004540199999999
EDO/BTC,1574845659930,2019-11-27T09:07:39.930Z,buy,3.259e-05,12.0,0.00039108
EDO/BTC,1574845660186,2019-11-27T09:07:40.186Z,sell,3.243e-05,148.0,0.00479964
EDO/BTC,1574845660871,2019-11-27T09:07:40.871Z,buy,3.259e-05,13.0,0.0004236699999999
EDO/BTC,1574845662205,2019-11-27T09:07:42.205Z,sell,3.242e-05,1000.0,0.03242
EDO/BTC,1574845664041,2019-11-27T09:07:44.041Z,sell,3.243e-05,77.0,0.00249711
EDO/BTC,1574845667322,2019-11-27T09:07:47.322Z,sell,3.24e-05,689.0,0.0223236
EDO/BTC,1574845668402,2019-11-27T09:07:48.402Z,sell,3.24e-05,482.0,0.0156168
EDO/BTC,1574845669419,2019-11-27T09:07:49.419Z,sell,3.241e-05,77.0,0.00249557
EDO/BTC,1574845669419,2019-11-27T09:07:49.419Z,sell,3.24e-05,260.0,0.008424
EDO/BTC,1574845670511,2019-11-27T09:07:50.511Z,sell,3.24e-05,235.0,0.007614
EDO/BTC,1574845671606,2019-11-27T09:07:51.606Z,sell,3.241e-05,6.0,0.00019446
EDO/BTC,1574845671606,2019-11-27T09:07:51.606Z,sell,3.24e-05,158.0,0.0051192
EDO/BTC,1574845673509,2019-11-27T09:07:53.509Z,sell,3.24e-05,113.0,0.0036612
EDO/BTC,1574845675619,2019-11-27T09:07:55.619Z,sell,3.24e-05,78.0,0.0025272
EDO/BTC,1574845677408,2019-11-27T09:07:57.408Z,sell,3.24e-05,54.0,0.0017496
EDO/BTC,1574845678504,2019-11-27T09:07:58.504Z,sell,3.24e-05,37.0,0.0011988
EDO/BTC,1574845709090,2019-11-27T09:08:29.090Z,buy,3.252e-05,17.0,0.00055284
EDO/BTC,1574845709123,2019-11-27T09:08:29.123Z,sell,3.241e-05,32.0,0.00103712
EDO/BTC,1574845709429,2019-11-27T09:08:29.429Z,buy,3.252e-05,17.0,0.00055284
EDO/BTC,1574845709936,2019-11-27T09:08:29.936Z,buy,3.252e-05,17.0,0.00055284
EDO/BTC,1574845710808,2019-11-27T09:08:30.808Z,sell,3.241e-05,968.0,0.03137288
EDO/BTC,1574845710863,2019-11-27T09:08:30.863Z,sell,3.24e-05,723.0,0.0234252
EDO/BTC,1574845712019,2019-11-27T09:08:32.019Z,sell,3.24e-05,502.0,0.0162648
EDO/BTC,1574845713125,2019-11-27T09:08:33.125Z,sell,3.24e-05,348.0,0.0112752
EDO/BTC,1574845726220,2019-11-27T09:08:46.220Z,buy,3.241e-05,14.0,0.00045374
EDO/BTC,1574845727054,2019-11-27T09:08:47.054Z,sell,3.24e-05,291.0,0.0094284
EDO/BTC,1574845740873,2019-11-27T09:09:00.873Z,sell,3.24e-05,14.0,0.0004536
EDO/BTC,1574845748607,2019-11-27T09:09:08.607Z,sell,3.24e-05,150.0,0.00486
EDO/BTC,1574845752647,2019-11-27T09:09:12.647Z,sell,3.24e-05,555.0,0.017982
EDO/BTC,1574845775439,2019-11-27T09:09:35.439Z,buy,3.241e-05,1830.0,0.0593103
EDO/BTC,1574845775439,2019-11-27T09:09:35.439Z,buy,3.252e-05,54.0,0.00175608
EDO/BTC,1574845784293,2019-11-27T09:09:44.293Z,buy,3.241e-05,349.0,0.01131109
EDO/BTC,1574845790729,2019-11-27T09:09:50.729Z,buy,3.252e-05,10.0,0.0003252
EDO/BTC,1574845796720,2019-11-27T09:09:56.720Z,buy,3.25e-05,9.0,0.0002924999999999
EDO/BTC,1574845801932,2019-11-27T09:10:01.932Z,buy,3.25e-05,4.0,0.00013
EDO/BTC,1574845846986,2019-11-27T09:10:46.986Z,sell,3.246e-05,15.0,0.0004868999999999
EDO/BTC,1574845850931,2019-11-27T09:10:50.931Z,sell,3.24e-05,280.0,0.009072
EDO/BTC,1574845850934,2019-11-27T09:10:50.934Z,sell,3.24e-05,280.0,0.009072
EDO/BTC,1574845850941,2019-11-27T09:10:50.941Z,sell,3.24e-05,106.0,0.0034344
EDO/BTC,1574845850961,2019-11-27T09:10:50.961Z,buy,3.249e-05,233.0,0.00757017
EDO/BTC,1574845850961,2019-11-27T09:10:50.961Z,buy,3.25e-05,46.0,0.0014949999999999
EDO/BTC,1574845923971,2019-11-27T09:12:03.971Z,buy,3.249e-05,155.0,0.00503595
EDO/BTC,1574845923971,2019-11-27T09:12:03.971Z,buy,3.25e-05,2260.0,0.0734499999999999
EDO/BTC,1574845959789,2019-11-27T09:12:39.789Z,buy,3.249e-05,49.0,0.00159201
EDO/BTC,1574845969062,2019-11-27T09:12:49.062Z,buy,3.249e-05,10.0,0.0003249
EDO/BTC,1574845972008,2019-11-27T09:12:52.008Z,buy,3.249e-05,30.0,0.0009747
EDO/BTC,1574845973035,2019-11-27T09:12:53.035Z,buy,3.249e-05,10.0,0.0003249
EDO/BTC,1574846037277,2019-11-27T09:13:57.277Z,sell,3.24e-05,118.0,0.0038232
EDO/BTC,1574846058202,2019-11-27T09:14:18.202Z,buy,3.248e-05,7.0,0.00022736
EDO/BTC,1574846136703,2019-11-27T09:15:36.703Z,sell,3.24e-05,1293.0,0.0418932
EDO/BTC,1574846159681,2019-11-27T09:15:59.681Z,sell,3.238e-05,31.0,0.00100378
EDO/BTC,1574846159681,2019-11-27T09:15:59.681Z,sell,3.235e-05,4.0,0.0001294
EDO/BTC,1574846159681,2019-11-27T09:15:59.681Z,sell,3.234e-05,40.0,0.0012936
EDO/BTC,1574846159681,2019-11-27T09:15:59.681Z,sell,3.231e-05,16.0,0.00051696
EDO/BTC,1574846161820,2019-11-27T09:16:01.820Z,sell,3.228e-05,4.0,0.00012912
EDO/BTC,1574846161820,2019-11-27T09:16:01.820Z,sell,3.226e-05,1.0,3.226e-05
EDO/BTC,1574846162178,2019-11-27T09:16:02.178Z,sell,3.226e-05,44.0,0.00141944
EDO/BTC,1574846178678,2019-11-27T09:16:18.678Z,buy,3.226e-05,103.0,0.00332278
EDO/BTC,1574846198871,2019-11-27T09:16:38.871Z,sell,3.225e-05,22.0,0.0007095
EDO/BTC,1574846198871,2019-11-27T09:16:38.871Z,sell,3.219e-05,1458.0,0.04693302
EDO/BTC,1574846199087,2019-11-27T09:16:39.087Z,sell,3.219e-05,168.0,0.00540792
EDO/BTC,1574846201196,2019-11-27T09:16:41.196Z,sell,3.219e-05,16.0,0.00051504
EDO/BTC,1574846201636,2019-11-27T09:16:41.636Z,sell,3.219e-05,15.0,0.00048285
EDO/BTC,1574846203135,2019-11-27T09:16:43.135Z,sell,3.219e-05,350.0,0.0112665
EDO/BTC,1574846203148,2019-11-27T09:16:43.148Z,sell,3.219e-05,350.0,0.0112665
EDO/BTC,1574846203512,2019-11-27T09:16:43.512Z,sell,3.219e-05,888.0,0.02858472
EDO/BTC,1574846203512,2019-11-27T09:16:43.512Z,sell,3.218e-05,4.0,0.00012872
EDO/BTC,1574846203512,2019-11-27T09:16:43.512Z,sell,3.216e-05,120.0,0.0038591999999999
EDO/BTC,1574846204669,2019-11-27T09:16:44.669Z,sell,3.216e-05,56.0,0.0018009599999999
EDO/BTC,1574846204669,2019-11-27T09:16:44.669Z,sell,3.212e-05,11.0,0.0003533199999999
EDO/BTC,1574846209945,2019-11-27T09:16:49.945Z,buy,3.223e-05,4.0,0.00012892
EDO/BTC,1574846220416,2019-11-27T09:17:00.416Z,buy,3.223e-05,17.0,0.00054791
EDO/BTC,1574846233206,2019-11-27T09:17:13.206Z,buy,3.223e-05,88.0,0.00283624
EDO/BTC,1574846258302,2019-11-27T09:17:38.302Z,sell,3.223e-05,69.0,0.00222387
EDO/BTC,1574846258302,2019-11-27T09:17:38.302Z,sell,3.212e-05,752.0,0.0241542399999999
EDO/BTC,1574846270675,2019-11-27T09:17:50.675Z,sell,3.219e-05,465.0,0.01496835
EDO/BTC,1574846270675,2019-11-27T09:17:50.675Z,sell,3.212e-05,1237.0,0.0397324399999999
EDO/BTC,1574846270675,2019-11-27T09:17:50.675Z,sell,3.211e-05,2275.0,0.07305025
EDO/BTC,1574846270675,2019-11-27T09:17:50.675Z,sell,3.21e-05,2141.0,0.0687261
EDO/BTC,1574846271850,2019-11-27T09:17:51.850Z,buy,3.223e-05,195.0,0.00628485
EDO/BTC,1574846271850,2019-11-27T09:17:51.850Z,buy,3.224e-05,2290.0,0.0738296
EDO/BTC,1574846274556,2019-11-27T09:17:54.556Z,sell,3.208e-05,54.0,0.0017323199999999
EDO/BTC,1574846274556,2019-11-27T09:17:54.556Z,sell,3.205e-05,2141.0,0.06861905
EDO/BTC,1574846274556,2019-11-27T09:17:54.556Z,sell,3.2e-05,51.0,0.001632
EDO/BTC,1574846278575,2019-11-27T09:17:58.575Z,sell,3.196e-05,71.0,0.00226916
EDO/BTC,1574846278575,2019-11-27T09:17:58.575Z,sell,3.195e-05,21.0,0.0006709499999999
EDO/BTC,1574846278575,2019-11-27T09:17:58.575Z,sell,3.194e-05,4.0,0.00012776
EDO/BTC,1574846278575,2019-11-27T09:17:58.575Z,sell,3.19e-05,63.0,0.0020097
EDO/BTC,1574846278575,2019-11-27T09:17:58.575Z,sell,3.188e-05,8.0,0.00025504
EDO/BTC,1574846278575,2019-11-27T09:17:58.575Z,sell,3.186e-05,104.0,0.00331344
EDO/BTC,1574846278575,2019-11-27T09:17:58.575Z,sell,3.182e-05,4.0,0.00012728
EDO/BTC,1574846278575,2019-11-27T09:17:58.575Z,sell,3.18e-05,21.0,0.0006678
EDO/BTC,1574846278575,2019-11-27T09:17:58.575Z,sell,3.178e-05,99.0,0.00314622
EDO/BTC,1574846278575,2019-11-27T09:17:58.575Z,sell,3.175e-05,63.0,0.00200025
EDO/BTC,1574846278575,2019-11-27T09:17:58.575Z,sell,3.171e-05,7.0,0.00022197
EDO/BTC,1574846282711,2019-11-27T09:18:02.711Z,buy,3.19e-05,71.0,0.0022649
EDO/BTC,1574846282878,2019-11-27T09:18:02.878Z,buy,3.19e-05,71.0,0.0022649
EDO/BTC,1574846283312,2019-11-27T09:18:03.312Z,sell,3.177e-05,16.0,0.00050832
EDO/BTC,1574846283513,2019-11-27T09:18:03.513Z,sell,3.177e-05,11.0,0.00034947
EDO/BTC,1574846285161,2019-11-27T09:18:05.161Z,sell,3.18e-05,139.0,0.0044202
EDO/BTC,1574846285161,2019-11-27T09:18:05.161Z,sell,3.177e-05,142.0,0.00451134
EDO/BTC,1574846285161,2019-11-27T09:18:05.161Z,sell,3.171e-05,870.0,0.0275877
EDO/BTC,1574846287701,2019-11-27T09:18:07.701Z,sell,3.173e-05,649.0,0.02059277
EDO/BTC,1574846287701,2019-11-27T09:18:07.701Z,sell,3.172e-05,101.0,0.00320372
EDO/BTC,1574846288109,2019-11-27T09:18:08.109Z,sell,3.172e-05,1559.0,0.04945148
EDO/BTC,1574846288127,2019-11-27T09:18:08.127Z,buy,3.183e-05,250.0,0.0079575
EDO/BTC,1574846289202,2019-11-27T09:18:09.202Z,buy,3.183e-05,366.0,0.01164978
EDO/BTC,1574846289234,2019-11-27T09:18:09.234Z,sell,3.172e-05,211.0,0.00669292
EDO/BTC,1574846292625,2019-11-27T09:18:12.625Z,buy,3.177e-05,28.0,0.00088956
EDO/BTC,1574846295508,2019-11-27T09:18:15.508Z,sell,3.173e-05,7.0,0.00022211
EDO/BTC,1574846298650,2019-11-27T09:18:18.650Z,buy,3.183e-05,33.0,0.00105039
EDO/BTC,1574846298650,2019-11-27T09:18:18.650Z,buy,3.19e-05,17.0,0.0005423
EDO/BTC,1574846298650,2019-11-27T09:18:18.650Z,buy,3.2e-05,4.0,0.000128
EDO/BTC,1574846298650,2019-11-27T09:18:18.650Z,buy,3.216e-05,99.0,0.00318384
EDO/BTC,1574846298650,2019-11-27T09:18:18.650Z,buy,3.218e-05,4.0,0.00012872
EDO/BTC,1574846299613,2019-11-27T09:18:19.613Z,buy,3.209e-05,157.0,0.00503813
EDO/BTC,1574846300830,2019-11-27T09:18:20.830Z,buy,3.209e-05,157.0,0.00503813
EDO/BTC,1574846301706,2019-11-27T09:18:21.706Z,buy,3.209e-05,5.0,0.00016045
EDO/BTC,1574846301706,2019-11-27T09:18:21.706Z,buy,3.222e-05,152.0,0.00489744
EDO/BTC,1574846302816,2019-11-27T09:18:22.816Z,buy,3.222e-05,157.0,0.00505854
EDO/BTC,1574846305778,2019-11-27T09:18:25.778Z,sell,3.2e-05,4.0,0.000128
EDO/BTC,1574846305960,2019-11-27T09:18:25.960Z,sell,3.183e-05,492.0,0.0156603599999999
EDO/BTC,1574846311900,2019-11-27T09:18:31.900Z,buy,3.217e-05,17.0,0.00054689
EDO/BTC,1574846312405,2019-11-27T09:18:32.405Z,buy,3.217e-05,17.0,0.00054689
EDO/BTC,1574846338310,2019-11-27T09:18:58.310Z,sell,3.182e-05,4.0,0.00012728
EDO/BTC,1574846341607,2019-11-27T09:19:01.607Z,buy,3.182e-05,40.0,0.0012728
EDO/BTC,1574846344837,2019-11-27T09:19:04.837Z,sell,3.178e-05,99.0,0.00314622
EDO/BTC,1574846344837,2019-11-27T09:19:04.837Z,sell,3.172e-05,148.0,0.00469456
EDO/BTC,1574846345660,2019-11-27T09:19:05.660Z,sell,3.172e-05,306.0,0.00970632
EDO/BTC,1574846355398,2019-11-27T09:19:15.398Z,sell,3.172e-05,18.0,0.00057096
EDO/BTC,1574846368507,2019-11-27T09:19:28.507Z,buy,3.182e-05,2.0,6.364e-05
EDO/BTC,1574846368507,2019-11-27T09:19:28.507Z,buy,3.2e-05,4.0,0.000128
EDO/BTC,1574846368507,2019-11-27T09:19:28.507Z,buy,3.209e-05,35.0,0.00112315
EDO/BTC,1574846390155,2019-11-27T09:19:50.155Z,sell,3.19e-05,2172.0,0.0692868
EDO/BTC,1574846414694,2019-11-27T09:20:14.694Z,buy,3.202e-05,5.0,0.0001601
EDO/BTC,1574846436048,2019-11-27T09:20:36.048Z,buy,3.197e-05,4.0,0.00012788
EDO/BTC,1574846436048,2019-11-27T09:20:36.048Z,buy,3.198e-05,13.0,0.00041574
EDO/BTC,1574846436377,2019-11-27T09:20:36.377Z,buy,3.198e-05,17.0,0.00054366
EDO/BTC,1574846500595,2019-11-27T09:21:40.595Z,sell,3.19e-05,5.0,0.0001595
EDO/BTC,1574846629017,2019-11-27T09:23:49.017Z,sell,3.19e-05,4000.0,0.1276
EDO/BTC,1574846643530,2019-11-27T09:24:03.530Z,sell,3.191e-05,45.0,0.0014359499999999
EDO/BTC,1574846697841,2019-11-27T09:24:57.841Z,sell,3.191e-05,965.0,0.03079315
EDO/BTC,1574846718863,2019-11-27T09:25:18.863Z,sell,3.191e-05,4.0,0.00012764
EDO/BTC,1574846718863,2019-11-27T09:25:18.863Z,sell,3.19e-05,4453.0,0.1420507
EDO/BTC,1574846841203,2019-11-27T09:27:21.203Z,buy,3.195e-05,47.0,0.0015016499999999
EDO/BTC,1574847066455,2019-11-27T09:31:06.455Z,sell,3.192e-05,205.0,0.0065436
EDO/BTC,1574847067337,2019-11-27T09:31:07.337Z,sell,3.192e-05,526.0,0.01678992
EDO/BTC,1574847085369,2019-11-27T09:31:25.369Z,sell,3.192e-05,421.0,0.01343832
EDO/BTC,1574847095468,2019-11-27T09:31:35.468Z,sell,3.183e-05,520.0,0.0165516
EDO/BTC,1574847137357,2019-11-27T09:32:17.357Z,buy,3.193e-05,102.0,0.00325686
EDO/BTC,1574847137357,2019-11-27T09:32:17.357Z,buy,3.194e-05,1509.0,0.04819746
EDO/BTC,1574847164973,2019-11-27T09:32:44.973Z,buy,3.193e-05,209.0,0.00667337
EDO/BTC,1574847164973,2019-11-27T09:32:44.973Z,buy,3.197e-05,118.0,0.00377246
EDO/BTC,1574847164973,2019-11-27T09:32:44.973Z,buy,3.198e-05,976.0,0.03121248
EDO/BTC,1574847181123,2019-11-27T09:33:01.123Z,buy,3.198e-05,187.0,0.00598026
EDO/BTC,1574847181123,2019-11-27T09:33:01.123Z,buy,3.207e-05,299.0,0.00958893
EDO/BTC,1574847181123,2019-11-27T09:33:01.123Z,buy,3.211e-05,319.0,0.01024309
EDO/BTC,1574847181123,2019-11-27T09:33:01.123Z,buy,3.212e-05,2441.0,0.0784049199999999
EDO/BTC,1574847183180,2019-11-27T09:33:03.180Z,buy,3.211e-05,174.0,0.00558714
EDO/BTC,1574847191945,2019-11-27T09:33:11.945Z,sell,3.184e-05,174.0,0.00554016
EDO/BTC,1574847214779,2019-11-27T09:33:34.779Z,buy,3.194e-05,5.0,0.0001597
EDO/BTC,1574847222582,2019-11-27T09:33:42.582Z,sell,3.184e-05,5.0,0.0001592
EDO/BTC,1574847222582,2019-11-27T09:33:42.582Z,sell,3.184e-05,5.0,0.0001592
EDO/BTC,1574847254236,2019-11-27T09:34:14.236Z,buy,3.194e-05,147.0,0.00469518
EDO/BTC,1574847258662,2019-11-27T09:34:18.662Z,sell,3.194e-05,32.0,0.00102208
EDO/BTC,1574847261920,2019-11-27T09:34:21.920Z,buy,3.195e-05,600.0,0.01917
EDO/BTC,1574847293383,2019-11-27T09:34:53.383Z,sell,3.195e-05,539.0,0.0172210499999999
EDO/BTC,1574847293383,2019-11-27T09:34:53.383Z,sell,3.194e-05,15.0,0.0004791
EDO/BTC,1574847310794,2019-11-27T09:35:10.794Z,sell,3.183e-05,44.0,0.00140052
EDO/BTC,1574847310794,2019-11-27T09:35:10.794Z,sell,3.182e-05,36.0,0.00114552
EDO/BTC,1574847310794,2019-11-27T09:35:10.794Z,sell,3.179e-05,70.0,0.0022253
EDO/BTC,1574847316083,2019-11-27T09:35:16.083Z,sell,3.179e-05,32.0,0.00101728
EDO/BTC,1574847605076,2019-11-27T09:40:05.076Z,buy,3.199e-05,26.0,0.0008317399999999
EDO/BTC,1574847606102,2019-11-27T09:40:06.102Z,buy,3.199e-05,94.0,0.0030070599999999
EDO/BTC,1574847606344,2019-11-27T09:40:06.344Z,buy,3.199e-05,13.0,0.0004158699999999
EDO/BTC,1574847606357,2019-11-27T09:40:06.357Z,buy,3.199e-05,101.0,0.0032309899999999
EDO/BTC,1574847606999,2019-11-27T09:40:06.999Z,buy,3.2e-05,31.0,0.000992
EDO/BTC,1574847626874,2019-11-27T09:40:26.874Z,buy,3.2e-05,32.0,0.001024
EDO/BTC,1574847626895,2019-11-27T09:40:26.895Z,sell,3.199e-05,116.0,0.0037108399999999
EDO/BTC,1574847627105,2019-11-27T09:40:27.105Z,buy,3.2e-05,8.0,0.000256
EDO/BTC,1574847627221,2019-11-27T09:40:27.221Z,buy,3.2e-05,5.0,0.0001599999999999
EDO/BTC,1574847627611,2019-11-27T09:40:27.611Z,buy,3.201e-05,5.0,0.00016005
EDO/BTC,1574847627828,2019-11-27T09:40:27.828Z,buy,3.201e-05,5.0,0.00016005
EDO/BTC,1574847628203,2019-11-27T09:40:28.203Z,buy,3.201e-05,147.0,0.00470547
EDO/BTC,1574847628651,2019-11-27T09:40:28.651Z,buy,3.201e-05,13.0,0.00041613
EDO/BTC,1574847629122,2019-11-27T09:40:29.122Z,buy,3.201e-05,14.0,0.00044814
EDO/BTC,1574847629232,2019-11-27T09:40:29.232Z,buy,3.201e-05,17.0,0.00054417
EDO/BTC,1574847629620,2019-11-27T09:40:29.620Z,buy,3.201e-05,5.0,0.00016005
EDO/BTC,1574847630193,2019-11-27T09:40:30.193Z,buy,3.201e-05,7.0,0.00022407
EDO/BTC,1574847695191,2019-11-27T09:41:35.191Z,buy,3.203e-05,134.0,0.00429202
EDO/BTC,1574847900155,2019-11-27T09:45:00.155Z,sell,3.191e-05,15.0,0.0004786499999999
EDO/BTC,1574847922080,2019-11-27T09:45:22.080Z,buy,3.2e-05,525.0,0.0168
EDO/BTC,1574847926391,2019-11-27T09:45:26.391Z,buy,3.2e-05,2502.0,0.080064
EDO/BTC,1574848137109,2019-11-27T09:48:57.109Z,sell,3.191e-05,64.0,0.00204224
EDO/BTC,1574848156508,2019-11-27T09:49:16.508Z,sell,3.191e-05,64.0,0.00204224
EDO/BTC,1574848195078,2019-11-27T09:49:55.078Z,sell,3.191e-05,15.0,0.0004786499999999
EDO/BTC,1574848234935,2019-11-27T09:50:34.935Z,sell,3.191e-05,282.0,0.0089986199999999
EDO/BTC,1574848718619,2019-11-27T09:58:38.619Z,buy,3.205e-05,750.0,0.0240375
EDO/BTC,1574848778066,2019-11-27T09:59:38.066Z,buy,3.205e-05,19.0,0.00060895
EDO/BTC,1574848778066,2019-11-27T09:59:38.066Z,buy,3.206e-05,266.0,0.00852796
EDO/BTC,1574849078999,2019-11-27T10:04:38.999Z,buy,3.206e-05,4.0,0.00012824
EDO/BTC,1574849078999,2019-11-27T10:04:38.999Z,buy,3.208e-05,365.0,0.0117092
EDO/BTC,1574849318379,2019-11-27T10:08:38.379Z,buy,3.208e-05,117.0,0.00375336
EDO/BTC,1574849329375,2019-11-27T10:08:49.375Z,buy,3.216e-05,99.0,0.00318384
EDO/BTC,1574849329375,2019-11-27T10:08:49.375Z,buy,3.217e-05,93.0,0.0029918099999999
EDO/BTC,1574849404085,2019-11-27T10:10:04.085Z,sell,3.208e-05,8.0,0.00025664
EDO/BTC,1574849411733,2019-11-27T10:10:11.733Z,sell,3.209e-05,184.0,0.00590456
EDO/BTC,1574849411733,2019-11-27T10:10:11.733Z,sell,3.208e-05,51.0,0.0016360799999999
EDO/BTC,1574849482591,2019-11-27T10:11:22.591Z,buy,3.216e-05,65.0,0.0020903999999999
EDO/BTC,1574849536781,2019-11-27T10:12:16.781Z,buy,3.216e-05,69.0,0.00221904
EDO/BTC,1574849545783,2019-11-27T10:12:25.783Z,buy,3.215e-05,339.0,0.01089885
EDO/BTC,1574849580909,2019-11-27T10:13:00.909Z,sell,3.215e-05,163.0,0.00524045
EDO/BTC,1574849693710,2019-11-27T10:14:53.710Z,buy,3.216e-05,68.0,0.00218688
EDO/BTC,1574849790335,2019-11-27T10:16:30.335Z,sell,3.215e-05,7.0,0.00022505
EDO/BTC,1574850003565,2019-11-27T10:20:03.565Z,buy,3.216e-05,145.0,0.0046631999999999
EDO/BTC,1574850003565,2019-11-27T10:20:03.565Z,buy,3.217e-05,142.0,0.00456814
EDO/BTC,1574850014361,2019-11-27T10:20:14.361Z,sell,3.215e-05,100.0,0.003215
EDO/BTC,1574850020930,2019-11-27T10:20:20.930Z,sell,3.215e-05,71.0,0.00228265
EDO/BTC,1574850070869,2019-11-27T10:21:10.869Z,buy,3.217e-05,138.0,0.00443946
EDO/BTC,1574850070869,2019-11-27T10:21:10.869Z,buy,3.218e-05,96.0,0.00308928
EDO/BTC,1574850093459,2019-11-27T10:21:33.459Z,sell,3.215e-05,47.0,0.00151105
EDO/BTC,1574850330449,2019-11-27T10:25:30.449Z,buy,3.22e-05,46.0,0.0014811999999999
EDO/BTC,1574850331857,2019-11-27T10:25:31.857Z,buy,3.22e-05,32.0,0.0010304
EDO/BTC,1574850392430,2019-11-27T10:26:32.430Z,sell,3.218e-05,42.0,0.00135156
EDO/BTC,1574850438420,2019-11-27T10:27:18.420Z,buy,3.219e-05,201.0,0.00647019
EDO/BTC,1574850438439,2019-11-27T10:27:18.439Z,buy,3.219e-05,28.0,0.00090132
EDO/BTC,1574850438439,2019-11-27T10:27:18.439Z,buy,3.22e-05,142.0,0.0045724
EDO/BTC,1574850439612,2019-11-27T10:27:19.612Z,buy,3.22e-05,117.0,0.0037673999999999
EDO/BTC,1574850441012,2019-11-27T10:27:21.012Z,buy,3.22e-05,81.0,0.0026081999999999
EDO/BTC,1574850442313,2019-11-27T10:27:22.313Z,buy,3.22e-05,57.0,0.0018353999999999
EDO/BTC,1574850443618,2019-11-27T10:27:23.618Z,buy,3.22e-05,39.0,0.0012557999999999
EDO/BTC,1574850558212,2019-11-27T10:29:18.212Z,sell,3.215e-05,54.0,0.0017361
EDO/BTC,1574850558212,2019-11-27T10:29:18.212Z,sell,3.214e-05,29.0,0.00093206
EDO/BTC,1574850558217,2019-11-27T10:29:18.217Z,sell,3.214e-05,4.0,0.00012856
EDO/BTC,1574850562172,2019-11-27T10:29:22.172Z,buy,3.22e-05,14.0,0.0004507999999999
EDO/BTC,1574850562267,2019-11-27T10:29:22.267Z,buy,3.22e-05,311.0,0.0100142
EDO/BTC,1574850562281,2019-11-27T10:29:22.281Z,buy,3.22e-05,158.0,0.0050875999999999
EDO/BTC,1574850621742,2019-11-27T10:30:21.742Z,buy,3.223e-05,25.0,0.00080575
EDO/BTC,1574850667699,2019-11-27T10:31:07.699Z,buy,3.223e-05,254.0,0.00818642
EDO/BTC,1574850667699,2019-11-27T10:31:07.699Z,buy,3.224e-05,2281.0,0.07353944
EDO/BTC,1574850671196,2019-11-27T10:31:11.196Z,buy,3.224e-05,1835.0,0.0591604
EDO/BTC,1574850678600,2019-11-27T10:31:18.600Z,buy,3.224e-05,1208.0,0.03894592
EDO/BTC,1574850679703,2019-11-27T10:31:19.703Z,buy,3.224e-05,301.0,0.00970424
EDO/BTC,1574850679703,2019-11-27T10:31:19.703Z,buy,3.226e-05,478.0,0.01542028
EDO/BTC,1574850680078,2019-11-27T10:31:20.078Z,sell,3.226e-05,21.0,0.00067746
EDO/BTC,1574850681007,2019-11-27T10:31:21.007Z,buy,3.228e-05,4.0,0.00012912
EDO/BTC,1574850681007,2019-11-27T10:31:21.007Z,buy,3.23e-05,231.0,0.0074613
EDO/BTC,1574850682111,2019-11-27T10:31:22.111Z,buy,3.231e-05,40.0,0.0012924
EDO/BTC,1574850688703,2019-11-27T10:31:28.703Z,buy,3.233e-05,371.0,0.0119944299999999
EDO/BTC,1574850690013,2019-11-27T10:31:30.013Z,buy,3.235e-05,4.0,0.0001294
EDO/BTC,1574850690013,2019-11-27T10:31:30.013Z,buy,3.236e-05,370.0,0.0119732
EDO/BTC,1574850799198,2019-11-27T10:33:19.198Z,buy,3.236e-05,108.0,0.00349488
EDO/BTC,1574850800610,2019-11-27T10:33:20.610Z,buy,3.236e-05,75.0,0.002427
EDO/BTC,1574850802012,2019-11-27T10:33:22.012Z,buy,3.236e-05,52.0,0.00168272
EDO/BTC,1574850803205,2019-11-27T10:33:23.205Z,buy,3.236e-05,36.0,0.00116496
EDO/BTC,1574850803205,2019-11-27T10:33:23.205Z,buy,3.236e-05,36.0,0.00116496
EDO/BTC,1574850840708,2019-11-27T10:34:00.708Z,sell,3.23e-05,15.0,0.0004845
EDO/BTC,1574851055567,2019-11-27T10:37:35.567Z,sell,3.23e-05,189.0,0.0061047
EDO/BTC,1574851055579,2019-11-27T10:37:35.579Z,sell,3.23e-05,36.0,0.0011627999999999
EDO/BTC,1574851055587,2019-11-27T10:37:35.587Z,buy,3.231e-05,92.0,0.00297252
EDO/BTC,1574851060489,2019-11-27T10:37:40.489Z,buy,3.234e-05,92.0,0.00297528
EDO/BTC,1574851060489,2019-11-27T10:37:40.489Z,buy,3.236e-05,168.0,0.00543648
EDO/BTC,1574851062155,2019-11-27T10:37:42.155Z,buy,3.238e-05,92.0,0.0029789599999999
EDO/BTC,1574851320691,2019-11-27T10:42:00.691Z,sell,3.238e-05,120.0,0.0038856
EDO/BTC,1574851578690,2019-11-27T10:46:18.690Z,buy,3.24e-05,11.0,0.0003564
EDO/BTC,1574851578690,2019-11-27T10:46:18.690Z,buy,3.241e-05,204.0,0.00661164
EDO/BTC,1574851578706,2019-11-27T10:46:18.706Z,buy,3.241e-05,115.0,0.00372715
EDO/BTC,1574851579863,2019-11-27T10:46:19.863Z,buy,3.241e-05,128.0,0.00414848
EDO/BTC,1574851580948,2019-11-27T10:46:20.948Z,buy,3.241e-05,89.0,0.00288449
EDO/BTC,1574851581945,2019-11-27T10:46:21.945Z,buy,3.241e-05,61.0,0.00197701
EDO/BTC,1574851583560,2019-11-27T10:46:23.560Z,buy,3.241e-05,43.0,0.00139363
EDO/BTC,1574851700035,2019-11-27T10:48:20.035Z,buy,3.246e-05,171.0,0.00555066
EDO/BTC,1574851770731,2019-11-27T10:49:30.731Z,buy,3.247e-05,24.0,0.00077928
EDO/BTC,1574852126396,2019-11-27T10:55:26.396Z,sell,3.238e-05,75.0,0.0024284999999999
EDO/BTC,1574852238227,2019-11-27T10:57:18.227Z,buy,3.243e-05,751.0,0.02435493
EDO/BTC,1574852238227,2019-11-27T10:57:18.227Z,buy,3.246e-05,1079.0,0.0350243399999999
EDO/BTC,1574852238700,2019-11-27T10:57:18.700Z,sell,3.246e-05,60.0,0.0019475999999999
EDO/BTC,1574852239293,2019-11-27T10:57:19.293Z,buy,3.247e-05,68.0,0.00220796
EDO/BTC,1574852319231,2019-11-27T10:58:39.231Z,buy,3.251e-05,92.0,0.0029909199999999
EDO/BTC,1574852326375,2019-11-27T10:58:46.375Z,buy,3.25e-05,211.0,0.0068574999999999
EDO/BTC,1574852326375,2019-11-27T10:58:46.375Z,buy,3.251e-05,2043.0,0.06641793
EDO/BTC,1574852332503,2019-11-27T10:58:52.503Z,buy,3.251e-05,1690.0,0.0549418999999999
EDO/BTC,1574852332520,2019-11-27T10:58:52.520Z,buy,3.251e-05,1485.0,0.04827735
EDO/BTC,1574852348489,2019-11-27T10:59:08.489Z,buy,3.251e-05,250.0,0.0081275
EDO/BTC,1574852358755,2019-11-27T10:59:18.755Z,buy,3.25e-05,141.0,0.0045825
EDO/BTC,1574852358755,2019-11-27T10:59:18.755Z,buy,3.251e-05,2395.0,0.07786145
EDO/BTC,1574852372694,2019-11-27T10:59:32.694Z,buy,3.251e-05,3655.0,0.11882405
EDO/BTC,1574852416817,2019-11-27T11:00:16.817Z,buy,3.244e-05,310.0,0.0100564
EDO/BTC,1574852440899,2019-11-27T11:00:40.899Z,sell,3.248e-05,1255.0,0.0407624
EDO/BTC,1574852440899,2019-11-27T11:00:40.899Z,sell,3.243e-05,306.0,0.00992358
EDO/BTC,1574852440899,2019-11-27T11:00:40.899Z,sell,3.241e-05,407.0,0.01319087
EDO/BTC,1574852440899,2019-11-27T11:00:40.899Z,sell,3.24e-05,429.0,0.0138996
EDO/BTC,1574852440899,2019-11-27T11:00:40.899Z,sell,3.239e-05,140.0,0.0045346
EDO/BTC,1574852440899,2019-11-27T11:00:40.899Z,sell,3.238e-05,123.0,0.0039827399999999
EDO/BTC,1574852440899,2019-11-27T11:00:40.899Z,sell,3.237e-05,436.0,0.0141133199999999
EDO/BTC,1574852504450,2019-11-27T11:01:44.450Z,buy,3.251e-05,265.0,0.00861515
EDO/BTC,1574852512811,2019-11-27T11:01:52.811Z,sell,3.251e-05,42.0,0.00136542
EDO/BTC,1574852713090,2019-11-27T11:05:13.090Z,buy,3.249e-05,960.0,0.0311904
EDO/BTC,1574852713090,2019-11-27T11:05:13.090Z,buy,3.251e-05,771.0,0.0250652099999999
EDO/BTC,1574852713178,2019-11-27T11:05:13.178Z,sell,3.251e-05,9.0,0.00029259
EDO/BTC,1574852729790,2019-11-27T11:05:29.790Z,buy,3.253e-05,4.0,0.00013012
EDO/BTC,1574852729790,2019-11-27T11:05:29.790Z,buy,3.254e-05,99.0,0.0032214599999999
EDO/BTC,1574852921824,2019-11-27T11:08:41.824Z,buy,3.259e-05,407.0,0.0132641299999999
EDO/BTC,1574852921824,2019-11-27T11:08:41.824Z,buy,3.26e-05,2204.0,0.0718504
EDO/BTC,1574852921824,2019-11-27T11:08:41.824Z,buy,3.262e-05,298.0,0.00972076
EDO/BTC,1574852951075,2019-11-27T11:09:11.075Z,sell,3.251e-05,287.0,0.00933037
EDO/BTC,1574852951075,2019-11-27T11:09:11.075Z,sell,3.244e-05,24.0,0.00077856
EDO/BTC,1574852964864,2019-11-27T11:09:24.864Z,sell,3.248e-05,455.0,0.0147784
EDO/BTC,1574852964864,2019-11-27T11:09:24.864Z,sell,3.247e-05,407.0,0.01321529
EDO/BTC,1574852964972,2019-11-27T11:09:24.972Z,buy,3.247e-05,2150.0,0.0698105
EDO/BTC,1574853846397,2019-11-27T11:24:06.397Z,buy,3.261e-05,4.0,0.00013044
EDO/BTC,1574853856614,2019-11-27T11:24:16.614Z,buy,3.264e-05,8.0,0.00026112
EDO/BTC,1574854042569,2019-11-27T11:27:22.569Z,buy,3.267e-05,71.0,0.00231957
EDO/BTC,1574854042592,2019-11-27T11:27:22.592Z,buy,3.267e-05,51.0,0.0016661699999999
EDO/BTC,1574854044300,2019-11-27T11:27:24.300Z,buy,3.267e-05,35.0,0.0011434499999999
EDO/BTC,1574854228973,2019-11-27T11:30:28.973Z,buy,3.267e-05,65.0,0.0021235499999999
EDO/BTC,1574854232531,2019-11-27T11:30:32.531Z,buy,3.267e-05,257.0,0.00839619
EDO/BTC,1574854291193,2019-11-27T11:31:31.193Z,sell,3.267e-05,8.0,0.00026136
EDO/BTC,1574854291193,2019-11-27T11:31:31.193Z,sell,3.267e-05,8.0,0.00026136
EDO/BTC,1574854430450,2019-11-27T11:33:50.450Z,sell,3.267e-05,175.0,0.0057172499999999
EDO/BTC,1574854432315,2019-11-27T11:33:52.315Z,buy,3.271e-05,4.0,0.00013084
EDO/BTC,1574854432315,2019-11-27T11:33:52.315Z,buy,3.275e-05,20.0,0.000655
EDO/BTC,1574854432315,2019-11-27T11:33:52.315Z,buy,3.28e-05,6.0,0.0001967999999999
EDO/BTC,1574854435376,2019-11-27T11:33:55.376Z,buy,3.28e-05,4.0,0.0001312
EDO/BTC,1574854440308,2019-11-27T11:34:00.308Z,buy,3.28e-05,1.0,3.28e-05
EDO/BTC,1574854442125,2019-11-27T11:34:02.125Z,buy,3.281e-05,14.0,0.00045934
EDO/BTC,1574854469073,2019-11-27T11:34:29.073Z,sell,3.28e-05,178.0,0.0058384
EDO/BTC,1574854514821,2019-11-27T11:35:14.821Z,sell,3.28e-05,8.0,0.0002624
EDO/BTC,1574854514980,2019-11-27T11:35:14.980Z,sell,3.28e-05,9.0,0.0002951999999999
EDO/BTC,1574854515131,2019-11-27T11:35:15.131Z,sell,3.28e-05,4.0,0.0001312
EDO/BTC,1574854517528,2019-11-27T11:35:17.528Z,buy,3.287e-05,7.0,0.00023009
EDO/BTC,1574854517559,2019-11-27T11:35:17.559Z,sell,3.287e-05,201.0,0.00660687
EDO/BTC,1574854517867,2019-11-27T11:35:17.867Z,sell,3.287e-05,27.0,0.00088749
EDO/BTC,1574854518037,2019-11-27T11:35:18.037Z,sell,3.287e-05,174.0,0.00571938
EDO/BTC,1574854518037,2019-11-27T11:35:18.037Z,sell,3.274e-05,17.0,0.00055658
EDO/BTC,1574854523457,2019-11-27T11:35:23.457Z,sell,3.267e-05,28.0,0.0009147599999999
EDO/BTC,1574854523457,2019-11-27T11:35:23.457Z,sell,3.265e-05,65.0,0.00212225
EDO/BTC,1574854530510,2019-11-27T11:35:30.510Z,sell,3.265e-05,15.0,0.00048975
EDO/BTC,1574854567132,2019-11-27T11:36:07.132Z,sell,3.265e-05,1349.0,0.04404485
EDO/BTC,1574854567132,2019-11-27T11:36:07.132Z,sell,3.256e-05,1627.0,0.05297512
EDO/BTC,1574854567132,2019-11-27T11:36:07.132Z,sell,3.256e-05,915.0,0.0297924
EDO/BTC,1574854567132,2019-11-27T11:36:07.132Z,sell,3.255e-05,1530.0,0.0498015
EDO/BTC,1574854567132,2019-11-27T11:36:07.132Z,sell,3.254e-05,37.0,0.00120398
EDO/BTC,1574854699383,2019-11-27T11:38:19.383Z,buy,3.272e-05,157.0,0.00513704
EDO/BTC,1574855034777,2019-11-27T11:43:54.777Z,buy,3.276e-05,82.0,0.00268632
EDO/BTC,1574855036180,2019-11-27T11:43:56.180Z,buy,3.276e-05,57.0,0.0018673199999999
EDO/BTC,1574855038170,2019-11-27T11:43:58.170Z,buy,3.276e-05,39.0,0.00127764
EDO/BTC,1574855753143,2019-11-27T11:55:53.143Z,buy,3.277e-05,30.0,0.0009831
EDO/BTC,1574855800341,2019-11-27T11:56:40.341Z,buy,3.277e-05,3251.0,0.10653527
EDO/BTC,1574855800341,2019-11-27T11:56:40.341Z,buy,3.278e-05,700.0,0.022946
EDO/BTC,1574855800341,2019-11-27T11:56:40.341Z,buy,3.283e-05,123.0,0.00403809
EDO/BTC,1574855800443,2019-11-27T11:56:40.443Z,buy,3.287e-05,333.0,0.01094571
EDO/BTC,1574855801641,2019-11-27T11:56:41.641Z,buy,3.287e-05,222.0,0.00729714
EDO/BTC,1574855801641,2019-11-27T11:56:41.641Z,buy,3.288e-05,4.0,0.00013152
EDO/BTC,1574855820842,2019-11-27T11:57:00.842Z,buy,3.291e-05,331.0,0.01089321
EDO/BTC,1574855822541,2019-11-27T11:57:02.541Z,buy,3.292e-05,99.0,0.00325908
EDO/BTC,1574855835214,2019-11-27T11:57:15.214Z,sell,3.286e-05,8.0,0.00026288
EDO/BTC,1574855857810,2019-11-27T11:57:37.810Z,buy,3.29e-05,5.0,0.0001645
EDO/BTC,1574856031289,2019-11-27T12:00:31.289Z,buy,3.29e-05,107.0,0.0035203
EDO/BTC,1574856138243,2019-11-27T12:02:18.243Z,buy,3.29e-05,139.0,0.0045731
EDO/BTC,1574856139339,2019-11-27T12:02:19.339Z,buy,3.29e-05,97.0,0.0031913
EDO/BTC,1574856140342,2019-11-27T12:02:20.342Z,buy,3.29e-05,67.0,0.0022043
EDO/BTC,1574856141458,2019-11-27T12:02:21.458Z,buy,3.29e-05,47.0,0.0015463
EDO/BTC,1574856144837,2019-11-27T12:02:24.837Z,buy,3.29e-05,32.0,0.0010528
EDO/BTC,1574856414337,2019-11-27T12:06:54.337Z,sell,3.286e-05,60.0,0.0019716
EDO/BTC,1574856417988,2019-11-27T12:06:57.988Z,sell,3.286e-05,5.0,0.0001643
EDO/BTC,1574856417988,2019-11-27T12:06:57.988Z,sell,3.285e-05,171.0,0.00561735
EDO/BTC,1574856418580,2019-11-27T12:06:58.580Z,buy,3.289e-05,43.0,0.00141427
EDO/BTC,1574856441574,2019-11-27T12:07:21.574Z,buy,3.286e-05,129.0,0.00423894
EDO/BTC,1574856442988,2019-11-27T12:07:22.988Z,buy,3.286e-05,89.0,0.00292454
EDO/BTC,1574856448591,2019-11-27T12:07:28.591Z,buy,3.286e-05,60.0,0.0019716
EDO/BTC,1574856450118,2019-11-27T12:07:30.118Z,buy,3.286e-05,42.0,0.00138012
EDO/BTC,1574856478189,2019-11-27T12:07:58.189Z,sell,3.285e-05,575.0,0.01888875
EDO/BTC,1574856483877,2019-11-27T12:08:03.877Z,buy,3.286e-05,417.0,0.01370262
EDO/BTC,1574856488063,2019-11-27T12:08:08.063Z,buy,3.286e-05,251.0,0.00824786
EDO/BTC,1574856489119,2019-11-27T12:08:09.119Z,buy,3.286e-05,41.0,0.00134726
EDO/BTC,1574856492005,2019-11-27T12:08:12.005Z,buy,3.286e-05,175.0,0.0057505
EDO/BTC,1574856495705,2019-11-27T12:08:15.705Z,buy,3.286e-05,151.0,0.00496186
EDO/BTC,1574856499074,2019-11-27T12:08:19.074Z,buy,3.286e-05,106.0,0.00348316
EDO/BTC,1574856500637,2019-11-27T12:08:20.637Z,sell,3.285e-05,506.0,0.0166221
EDO/BTC,1574856502253,2019-11-27T12:08:22.253Z,buy,3.286e-05,74.0,0.00243164
EDO/BTC,1574856503679,2019-11-27T12:08:23.679Z,buy,3.286e-05,326.0,0.01071236
EDO/BTC,1574856503679,2019-11-27T12:08:23.679Z,buy,3.287e-05,28.0,0.00092036
EDO/BTC,1574856506561,2019-11-27T12:08:26.561Z,buy,3.287e-05,181.0,0.00594947
EDO/BTC,1574856509481,2019-11-27T12:08:29.481Z,buy,3.287e-05,115.0,0.00378005
EDO/BTC,1574856514342,2019-11-27T12:08:34.342Z,sell,3.285e-05,3956.0,0.1299546
EDO/BTC,1574856554682,2019-11-27T12:09:14.682Z,sell,3.285e-05,718.0,0.0235862999999999
EDO/BTC,1574856569175,2019-11-27T12:09:29.175Z,sell,3.271e-05,4.0,0.00013084
EDO/BTC,1574856570048,2019-11-27T12:09:30.048Z,sell,3.262e-05,21.0,0.00068502
EDO/BTC,1574856570048,2019-11-27T12:09:30.048Z,sell,3.26e-05,136.0,0.0044336
EDO/BTC,1574856570514,2019-11-27T12:09:30.514Z,buy,3.269e-05,592.0,0.01935248
