symbol,timestamp,datetime,side,price,amount,btc_volume
EDO/BTC,1573322730323,2019-11-09T18:05:30.323Z,buy,3.342e-05,3.0,0.00010026
EDO/BTC,1573322730414,2019-11-09T18:05:30.414Z,sell,3.342e-05,329.0,0.01099518
EDO/BTC,1573322731510,2019-11-09T18:05:31.510Z,sell,3.342e-05,91.0,0.00304122
EDO/BTC,1573322902821,2019-11-09T18:08:22.821Z,sell,3.332e-05,4.0,0.00013328
EDO/BTC,1573323254683,2019-11-09T18:14:14.683Z,sell,3.332e-05,188.0,0.0062641599999999
EDO/BTC,1573323275595,2019-11-09T18:14:35.595Z,sell,3.332e-05,208.0,0.00693056
EDO/BTC,1573323827862,2019-11-09T18:23:47.862Z,buy,3.332e-05,25.0,0.000833
EDO/BTC,1573324117569,2019-11-09T18:28:37.569Z,buy,3.343e-05,33.0,0.00110319
EDO/BTC,1573324117569,2019-11-09T18:28:37.569Z,buy,3.345e-05,21.0,0.00070245
EDO/BTC,1573324117569,2019-11-09T18:28:37.569Z,buy,3.349e-05,163.0,0.00545887
EDO/BTC,1573324117569,2019-11-09T18:28:37.569Z,buy,3.35e-05,300.0,0.01005
EDO/BTC,1573324117569,2019-11-09T18:28:37.569Z,buy,3.352e-05,4.0,0.00013408
EDO/BTC,1573324117599,2019-11-09T18:28:37.599Z,sell,3.353e-05,395.0,0.01324435
EDO/BTC,1573324117694,2019-11-09T18:28:37.694Z,sell,3.331e-05,208.0,0.00692848
EDO/BTC,1573324117786,2019-11-09T18:28:37.786Z,buy,3.331e-05,316.0,0.01052596
EDO/BTC,1573324117786,2019-11-09T18:28:37.786Z,buy,3.331e-05,316.0,0.01052596
EDO/BTC,1573328083510,2019-11-09T19:34:43.510Z,sell,3.331e-05,331.0,0.01102561
EDO/BTC,1573328083564,2019-11-09T19:34:43.564Z,sell,3.33e-05,307.0,0.0102231
EDO/BTC,1573328084666,2019-11-09T19:34:44.666Z,sell,3.328e-05,430.0,0.0143104
EDO/BTC,1573328108424,2019-11-09T19:35:08.424Z,buy,3.33e-05,93.0,0.0030969
EDO/BTC,1573328109242,2019-11-09T19:35:09.242Z,sell,3.329e-05,4.0,0.00013316
EDO/BTC,1573328109242,2019-11-09T19:35:09.242Z,sell,3.329e-05,4.0,0.00013316
EDO/BTC,1573328460770,2019-11-09T19:41:00.770Z,sell,3.324e-05,120.0,0.0039888
EDO/BTC,1573328460770,2019-11-09T19:41:00.770Z,sell,3.323e-05,4.0,0.00013292
EDO/BTC,1573328490797,2019-11-09T19:41:30.797Z,sell,3.323e-05,153.0,0.00508419
EDO/BTC,1573328564954,2019-11-09T19:42:44.954Z,sell,3.322e-05,252.0,0.0083714399999999
EDO/BTC,1573328575770,2019-11-09T19:42:55.770Z,sell,3.322e-05,167.0,0.00554774
EDO/BTC,1573328576766,2019-11-09T19:42:56.766Z,sell,3.322e-05,112.0,0.00372064
EDO/BTC,1573328579165,2019-11-09T19:42:59.165Z,sell,3.322e-05,224.0,0.00744128
EDO/BTC,1573328580974,2019-11-09T19:43:00.974Z,sell,3.323e-05,500.0,0.0166149999999999
EDO/BTC,1573328580974,2019-11-09T19:43:00.974Z,sell,3.322e-05,500.0,0.01661
EDO/BTC,1573328587278,2019-11-09T19:43:07.278Z,sell,3.321e-05,500.0,0.016605
EDO/BTC,1573328588372,2019-11-09T19:43:08.372Z,sell,3.32e-05,506.0,0.0167992
EDO/BTC,1573328590375,2019-11-09T19:43:10.375Z,sell,3.319e-05,70.0,0.0023233
EDO/BTC,1573328621303,2019-11-09T19:43:41.303Z,buy,3.328e-05,17.0,0.00056576
EDO/BTC,1573328634419,2019-11-09T19:43:54.419Z,buy,3.328e-05,17.0,0.00056576
EDO/BTC,1573328883012,2019-11-09T19:48:03.012Z,buy,3.329e-05,1.0,3.329e-05
EDO/BTC,1573329261282,2019-11-09T19:54:21.282Z,sell,3.32e-05,295.0,0.009794
EDO/BTC,1573329264484,2019-11-09T19:54:24.484Z,sell,3.318e-05,1036.0,0.03437448
EDO/BTC,1573329285389,2019-11-09T19:54:45.389Z,sell,3.316e-05,479.0,0.01588364
EDO/BTC,1573329294834,2019-11-09T19:54:54.834Z,buy,3.328e-05,1.0,3.328e-05
EDO/BTC,1573329529701,2019-11-09T19:58:49.701Z,sell,3.317e-05,267.0,0.00885639
EDO/BTC,1573329531298,2019-11-09T19:58:51.298Z,sell,3.315e-05,104.0,0.0034476
EDO/BTC,1573329550424,2019-11-09T19:59:10.424Z,buy,3.328e-05,1.0,3.328e-05
EDO/BTC,1573329602382,2019-11-09T20:00:02.382Z,buy,3.329e-05,1.0,3.329e-05
EDO/BTC,1573329903100,2019-11-09T20:05:03.100Z,buy,3.328e-05,14.0,0.00046592
EDO/BTC,1573329903166,2019-11-09T20:05:03.166Z,buy,3.328e-05,86.0,0.00286208
EDO/BTC,1573329904426,2019-11-09T20:05:04.426Z,buy,3.328e-05,59.0,0.00196352
EDO/BTC,1573329904862,2019-11-09T20:05:04.862Z,buy,3.328e-05,120.0,0.0039936
EDO/BTC,1573329905382,2019-11-09T20:05:05.382Z,buy,3.328e-05,16.0,0.00053248
EDO/BTC,1573329905560,2019-11-09T20:05:05.560Z,buy,3.328e-05,35.0,0.0011648
EDO/BTC,1573329905964,2019-11-09T20:05:05.964Z,buy,3.328e-05,28.0,0.00093184
EDO/BTC,1573329906323,2019-11-09T20:05:06.323Z,buy,3.328e-05,38.0,0.00126464
EDO/BTC,1573329906477,2019-11-09T20:05:06.477Z,buy,3.328e-05,32.0,0.00106496
EDO/BTC,1573329906477,2019-11-09T20:05:06.477Z,buy,3.329e-05,12.0,0.00039948
EDO/BTC,1573329906528,2019-11-09T20:05:06.528Z,buy,3.328e-05,32.0,0.00106496
EDO/BTC,1573329907656,2019-11-09T20:05:07.656Z,buy,3.328e-05,215.0,0.0071552
EDO/BTC,1573329909144,2019-11-09T20:05:09.144Z,buy,3.328e-05,38.0,0.00126464
EDO/BTC,1573329909144,2019-11-09T20:05:09.144Z,buy,3.329e-05,72.0,0.00239688
EDO/BTC,1573329909516,2019-11-09T20:05:09.516Z,buy,3.328e-05,4.0,0.00013312
EDO/BTC,1573329910154,2019-11-09T20:05:10.154Z,buy,3.328e-05,29.0,0.00096512
EDO/BTC,1573329910348,2019-11-09T20:05:10.348Z,buy,3.328e-05,24.0,0.0007987199999999
EDO/BTC,1573329910468,2019-11-09T20:05:10.468Z,buy,3.328e-05,111.0,0.00369408
EDO/BTC,1573329911454,2019-11-09T20:05:11.454Z,buy,3.328e-05,22.0,0.00073216
EDO/BTC,1573329911454,2019-11-09T20:05:11.454Z,buy,3.329e-05,14.0,0.00046606
EDO/BTC,1573329911454,2019-11-09T20:05:11.454Z,buy,3.33e-05,150.0,0.004995
EDO/BTC,1573329911610,2019-11-09T20:05:11.610Z,buy,3.328e-05,18.0,0.00059904
EDO/BTC,1573329912042,2019-11-09T20:05:12.042Z,buy,3.328e-05,21.0,0.00069888
EDO/BTC,1573329912424,2019-11-09T20:05:12.424Z,buy,3.328e-05,19.0,0.00063232
EDO/BTC,1573329912592,2019-11-09T20:05:12.592Z,buy,3.328e-05,69.0,0.00229632
EDO/BTC,1573329912592,2019-11-09T20:05:12.592Z,buy,3.33e-05,58.0,0.0019314
EDO/BTC,1573329912824,2019-11-09T20:05:12.824Z,buy,3.327e-05,4.0,0.00013308
EDO/BTC,1573329913800,2019-11-09T20:05:13.800Z,buy,3.327e-05,44.0,0.0014638799999999
EDO/BTC,1573329914323,2019-11-09T20:05:14.323Z,buy,3.327e-05,4.0,0.00013308
EDO/BTC,1573329914333,2019-11-09T20:05:14.333Z,buy,3.327e-05,10.0,0.0003327
EDO/BTC,1573329914681,2019-11-09T20:05:14.681Z,buy,3.327e-05,193.0,0.00642111
EDO/BTC,1573329914699,2019-11-09T20:05:14.699Z,sell,3.329e-05,652.0,0.02170508
EDO/BTC,1573329915300,2019-11-09T20:05:15.300Z,buy,3.33e-05,20.0,0.000666
EDO/BTC,1573329915300,2019-11-09T20:05:15.300Z,buy,3.331e-05,108.0,0.0035974799999999
EDO/BTC,1573330004690,2019-11-09T20:06:44.690Z,sell,3.324e-05,120.0,0.0039888
EDO/BTC,1573330015802,2019-11-09T20:06:55.802Z,buy,3.331e-05,1.0,3.331e-05
EDO/BTC,1573330015802,2019-11-09T20:06:55.802Z,buy,3.331e-05,1.0,3.331e-05
EDO/BTC,1573333439747,2019-11-09T21:03:59.747Z,buy,3.33e-05,20.0,0.000666
EDO/BTC,1573333566748,2019-11-09T21:06:06.748Z,buy,3.33e-05,100.0,0.00333
EDO/BTC,1573333566748,2019-11-09T21:06:06.748Z,buy,3.331e-05,109.0,0.0036307899999999
EDO/BTC,1573333566748,2019-11-09T21:06:06.748Z,buy,3.33e-05,100.0,0.00333
EDO/BTC,1573333566748,2019-11-09T21:06:06.748Z,buy,3.331e-05,109.0,0.0036307899999999
EDO/BTC,1573334055717,2019-11-09T21:14:15.717Z,sell,3.315e-05,4.0,0.0001326
EDO/BTC,1573334055717,2019-11-09T21:14:15.717Z,sell,3.313e-05,11.0,0.00036443
EDO/BTC,1573334055717,2019-11-09T21:14:15.717Z,sell,3.309e-05,4.0,0.00013236
EDO/BTC,1573334055717,2019-11-09T21:14:15.717Z,sell,3.308e-05,38.0,0.00125704
EDO/BTC,1573334055717,2019-11-09T21:14:15.717Z,sell,3.306e-05,46.0,0.00152076
EDO/BTC,1573334064368,2019-11-09T21:14:24.368Z,sell,3.31e-05,5.0,0.0001654999999999
EDO/BTC,1573334091468,2019-11-09T21:14:51.468Z,buy,3.323e-05,4.0,0.00013292
EDO/BTC,1573334091468,2019-11-09T21:14:51.468Z,buy,3.33e-05,8.0,0.0002664
EDO/BTC,1573334091468,2019-11-09T21:14:51.468Z,buy,3.331e-05,5.0,0.0001665499999999
EDO/BTC,1573334093464,2019-11-09T21:14:53.464Z,buy,3.331e-05,17.0,0.00056627
EDO/BTC,1573334093513,2019-11-09T21:14:53.513Z,buy,3.331e-05,17.0,0.00056627
EDO/BTC,1573334095311,2019-11-09T21:14:55.311Z,buy,3.331e-05,17.0,0.00056627
EDO/BTC,1573335031465,2019-11-09T21:30:31.465Z,buy,3.331e-05,242.0,0.00806102
EDO/BTC,1573335031465,2019-11-09T21:30:31.465Z,buy,3.331e-05,242.0,0.00806102
EDO/BTC,1573340874964,2019-11-09T23:07:54.964Z,buy,3.329e-05,42.0,0.00139818
EDO/BTC,1573340874984,2019-11-09T23:07:54.984Z,sell,3.329e-05,111.0,0.00369519
EDO/BTC,1573341008091,2019-11-09T23:10:08.091Z,sell,3.315e-05,4.0,0.0001326
EDO/BTC,1573341008091,2019-11-09T23:10:08.091Z,sell,3.309e-05,4.0,0.00013236
EDO/BTC,1573341008091,2019-11-09T23:10:08.091Z,sell,3.306e-05,4.0,0.00013224
EDO/BTC,1573341008091,2019-11-09T23:10:08.091Z,sell,3.305e-05,160.0,0.0052879999999999
EDO/BTC,1573341028511,2019-11-09T23:10:28.511Z,buy,3.322e-05,17.0,0.00056474
EDO/BTC,1573341028842,2019-11-09T23:10:28.842Z,buy,3.322e-05,17.0,0.00056474
EDO/BTC,1573341028889,2019-11-09T23:10:28.889Z,buy,3.322e-05,17.0,0.00056474
EDO/BTC,1573341030316,2019-11-09T23:10:30.316Z,buy,3.322e-05,17.0,0.00056474
EDO/BTC,1573341031064,2019-11-09T23:10:31.064Z,buy,3.322e-05,17.0,0.00056474
EDO/BTC,1573341031064,2019-11-09T23:10:31.064Z,buy,3.322e-05,17.0,0.00056474
EDO/BTC,1573341669473,2019-11-09T23:21:09.473Z,sell,3.317e-05,120.0,0.0039804
EDO/BTC,1573342152688,2019-11-09T23:29:12.688Z,sell,3.317e-05,10.0,0.0003317
EDO/BTC,1573343163951,2019-11-09T23:46:03.951Z,sell,3.31e-05,301.0,0.0099630999999999
EDO/BTC,1573343163951,2019-11-09T23:46:03.951Z,sell,3.305e-05,109.0,0.0036024499999999
EDO/BTC,1573343163951,2019-11-09T23:46:03.951Z,sell,3.304e-05,37.0,0.00122248
EDO/BTC,1573343163951,2019-11-09T23:46:03.951Z,sell,3.303e-05,368.0,0.01215504
EDO/BTC,1573343163951,2019-11-09T23:46:03.951Z,sell,3.301e-05,4.0,0.00013204
EDO/BTC,1573343163951,2019-11-09T23:46:03.951Z,sell,3.3e-05,68.0,0.002244
EDO/BTC,1573343163951,2019-11-09T23:46:03.951Z,sell,3.299e-05,103.0,0.00339797
EDO/BTC,1573343163951,2019-11-09T23:46:03.951Z,sell,3.298e-05,395.0,0.0130271
EDO/BTC,1573343163951,2019-11-09T23:46:03.951Z,sell,3.297e-05,37.0,0.00121989
EDO/BTC,1573343163951,2019-11-09T23:46:03.951Z,sell,3.295e-05,83.0,0.00273485
EDO/BTC,1573343187793,2019-11-09T23:46:27.793Z,sell,3.295e-05,4.0,0.0001318
EDO/BTC,1573343211621,2019-11-09T23:46:51.621Z,buy,3.296e-05,5.0,0.0001648
EDO/BTC,1573343906383,2019-11-09T23:58:26.383Z,sell,3.3e-05,500.0,0.0165
EDO/BTC,1573344055896,2019-11-10T00:00:55.896Z,buy,3.308e-05,26.0,0.00086008
EDO/BTC,1573344055896,2019-11-10T00:00:55.896Z,buy,3.315e-05,4.0,0.0001326
EDO/BTC,1573344055896,2019-11-10T00:00:55.896Z,buy,3.317e-05,233.0,0.00772861
EDO/BTC,1573344055896,2019-11-10T00:00:55.896Z,buy,3.319e-05,70.0,0.0023233
EDO/BTC,1573344055896,2019-11-10T00:00:55.896Z,buy,3.321e-05,18.0,0.00059778
EDO/BTC,1573344055934,2019-11-10T00:00:55.934Z,sell,3.322e-05,162.0,0.0053816399999999
EDO/BTC,1573344055991,2019-11-10T00:00:55.991Z,sell,3.322e-05,99.0,0.00328878
EDO/BTC,1573344056049,2019-11-10T00:00:56.049Z,sell,3.322e-05,11.0,0.00036542
EDO/BTC,1573344068988,2019-11-10T00:01:08.988Z,sell,3.322e-05,4.0,0.00013288
EDO/BTC,1573344093428,2019-11-10T00:01:33.428Z,sell,3.322e-05,17.0,0.00056474
EDO/BTC,1573344249207,2019-11-10T00:04:09.207Z,buy,3.323e-05,4.0,0.00013292
EDO/BTC,1573344249207,2019-11-10T00:04:09.207Z,buy,3.33e-05,8.0,0.0002664
EDO/BTC,1573344249207,2019-11-10T00:04:09.207Z,buy,3.331e-05,14.0,0.00046634
EDO/BTC,1573344249207,2019-11-10T00:04:09.207Z,buy,3.332e-05,4.0,0.00013328
EDO/BTC,1573344249207,2019-11-10T00:04:09.207Z,buy,3.334e-05,7.0,0.00023338
EDO/BTC,1573344249207,2019-11-10T00:04:09.207Z,buy,3.339e-05,4.0,0.00013356
EDO/BTC,1573344264165,2019-11-10T00:04:24.165Z,buy,3.338e-05,3.0,0.00010014
EDO/BTC,1573344264247,2019-11-10T00:04:24.247Z,sell,3.338e-05,355.0,0.0118499
EDO/BTC,1573344277443,2019-11-10T00:04:37.443Z,sell,3.322e-05,17.0,0.00056474
EDO/BTC,1573344302960,2019-11-10T00:05:02.960Z,buy,3.339e-05,150.0,0.0050085
EDO/BTC,1573344303111,2019-11-10T00:05:03.111Z,sell,3.322e-05,45.0,0.0014949
EDO/BTC,1573344308376,2019-11-10T00:05:08.376Z,sell,3.332e-05,40.0,0.0013327999999999
EDO/BTC,1573344383943,2019-11-10T00:06:23.943Z,sell,3.332e-05,473.0,0.01576036
EDO/BTC,1573344410469,2019-11-10T00:06:50.469Z,buy,3.333e-05,5.0,0.00016665
EDO/BTC,1573344475625,2019-11-10T00:07:55.625Z,buy,3.333e-05,3.0,9.999e-05
EDO/BTC,1573344475964,2019-11-10T00:07:55.964Z,sell,3.325e-05,120.0,0.00399
EDO/BTC,1573344513845,2019-11-10T00:08:33.845Z,sell,3.322e-05,2304.0,0.0765388799999999
EDO/BTC,1573344602737,2019-11-10T00:10:02.737Z,sell,3.319e-05,45.0,0.00149355
EDO/BTC,1573344602737,2019-11-10T00:10:02.737Z,sell,3.319e-05,45.0,0.00149355
EDO/BTC,1573344902693,2019-11-10T00:15:02.693Z,sell,3.319e-05,25.0,0.00082975
EDO/BTC,1573344902693,2019-11-10T00:15:02.693Z,sell,3.316e-05,20.0,0.0006632
EDO/BTC,1573345202740,2019-11-10T00:20:02.740Z,sell,3.316e-05,22.0,0.00072952
EDO/BTC,1573345202740,2019-11-10T00:20:02.740Z,sell,3.316e-05,22.0,0.00072952
EDO/BTC,1573348257455,2019-11-10T01:10:57.455Z,buy,3.333e-05,65.0,0.00216645
EDO/BTC,1573348257455,2019-11-10T01:10:57.455Z,buy,3.339e-05,31.0,0.00103509
EDO/BTC,1573348300951,2019-11-10T01:11:40.951Z,buy,3.337e-05,4.0,0.00013348
EDO/BTC,1573348300951,2019-11-10T01:11:40.951Z,buy,3.339e-05,39.0,0.0013022099999999
EDO/BTC,1573348309568,2019-11-10T01:11:49.568Z,sell,3.339e-05,13.0,0.0004340699999999
EDO/BTC,1573348309568,2019-11-10T01:11:49.568Z,sell,3.318e-05,4.0,0.00013272
EDO/BTC,1573348310008,2019-11-10T01:11:50.008Z,sell,3.339e-05,100.0,0.0033389999999999
EDO/BTC,1573348324250,2019-11-10T01:12:04.250Z,buy,3.341e-05,28.0,0.00093548
EDO/BTC,1573348337300,2019-11-10T01:12:17.300Z,buy,3.342e-05,5.0,0.0001671
EDO/BTC,1573348337300,2019-11-10T01:12:17.300Z,buy,3.345e-05,4.0,0.0001338
EDO/BTC,1573348337300,2019-11-10T01:12:17.300Z,buy,3.346e-05,5.0,0.0001673
EDO/BTC,1573348366070,2019-11-10T01:12:46.070Z,sell,3.33e-05,4.0,0.0001332
EDO/BTC,1573348366070,2019-11-10T01:12:46.070Z,sell,3.323e-05,4.0,0.00013292
EDO/BTC,1573348366070,2019-11-10T01:12:46.070Z,sell,3.32e-05,9.0,0.0002988
EDO/BTC,1573348366070,2019-11-10T01:12:46.070Z,sell,3.33e-05,4.0,0.0001332
EDO/BTC,1573348366070,2019-11-10T01:12:46.070Z,sell,3.323e-05,4.0,0.00013292
EDO/BTC,1573348366070,2019-11-10T01:12:46.070Z,sell,3.32e-05,9.0,0.0002988
EDO/BTC,1573349985546,2019-11-10T01:39:45.546Z,sell,3.33e-05,843.0,0.0280719
EDO/BTC,1573350043175,2019-11-10T01:40:43.175Z,sell,3.321e-05,17.0,0.00056457
EDO/BTC,1573350043175,2019-11-10T01:40:43.175Z,sell,3.321e-05,17.0,0.00056457
EDO/BTC,1573360257306,2019-11-10T04:30:57.306Z,sell,3.321e-05,384.0,0.01275264
EDO/BTC,1573360693760,2019-11-10T04:38:13.760Z,buy,3.335e-05,44.0,0.0014673999999999
EDO/BTC,1573360695343,2019-11-10T04:38:15.343Z,buy,3.335e-05,33.0,0.0011005499999999
EDO/BTC,1573360727111,2019-11-10T04:38:47.111Z,sell,3.321e-05,17.0,0.00056457
EDO/BTC,1573360728124,2019-11-10T04:38:48.124Z,sell,3.321e-05,17.0,0.00056457
EDO/BTC,1573360728311,2019-11-10T04:38:48.311Z,sell,3.321e-05,17.0,0.00056457
EDO/BTC,1573360728757,2019-11-10T04:38:48.757Z,sell,3.321e-05,17.0,0.00056457
EDO/BTC,1573360730204,2019-11-10T04:38:50.204Z,sell,3.321e-05,17.0,0.00056457
EDO/BTC,1573360730204,2019-11-10T04:38:50.204Z,sell,3.321e-05,17.0,0.00056457
EDO/BTC,1573363965032,2019-11-10T05:32:45.032Z,sell,3.334e-05,60.0,0.0020004
EDO/BTC,1573364007366,2019-11-10T05:33:27.366Z,buy,3.341e-05,4.0,0.00013364
EDO/BTC,1573364007366,2019-11-10T05:33:27.366Z,buy,3.342e-05,146.0,0.00487932
EDO/BTC,1573364007393,2019-11-10T05:33:27.393Z,buy,3.342e-05,266.0,0.00888972
EDO/BTC,1573364020734,2019-11-10T05:33:40.734Z,buy,3.342e-05,137.0,0.00457854
EDO/BTC,1573364020734,2019-11-10T05:33:40.734Z,buy,3.342e-05,137.0,0.00457854
EDO/BTC,1573364432567,2019-11-10T05:40:32.567Z,buy,3.342e-05,44.0,0.00147048
EDO/BTC,1573365209621,2019-11-10T05:53:29.621Z,buy,3.342e-05,6.0,0.00020052
EDO/BTC,1573365214997,2019-11-10T05:53:34.997Z,sell,3.329e-05,10.0,0.0003329
EDO/BTC,1573367442996,2019-11-10T06:30:42.996Z,sell,3.341e-05,598.0,0.01997918
EDO/BTC,1573367534216,2019-11-10T06:32:14.216Z,buy,3.342e-05,7.0,0.00023394
EDO/BTC,1573367534216,2019-11-10T06:32:14.216Z,buy,3.342e-05,7.0,0.00023394
EDO/BTC,1573367621185,2019-11-10T06:33:41.185Z,buy,3.342e-05,511.0,0.01707762
EDO/BTC,1573367621185,2019-11-10T06:33:41.185Z,buy,3.345e-05,4.0,0.0001338
EDO/BTC,1573367621185,2019-11-10T06:33:41.185Z,buy,3.347e-05,482.0,0.01613254
EDO/BTC,1573368434710,2019-11-10T06:47:14.710Z,buy,3.347e-05,3.0,0.00010041
EDO/BTC,1573368440084,2019-11-10T06:47:20.084Z,sell,3.332e-05,334.0,0.0111288799999999
EDO/BTC,1573368480822,2019-11-10T06:48:00.822Z,sell,3.332e-05,323.0,0.01076236
EDO/BTC,1573368493941,2019-11-10T06:48:13.941Z,sell,3.332e-05,215.0,0.0071638
EDO/BTC,1573368501879,2019-11-10T06:48:21.879Z,sell,3.332e-05,116.0,0.00386512
EDO/BTC,1573368514621,2019-11-10T06:48:34.621Z,sell,3.332e-05,1005.0,0.0334866
EDO/BTC,1573368548436,2019-11-10T06:49:08.436Z,sell,3.331e-05,299.0,0.00995969
EDO/BTC,1573368699183,2019-11-10T06:51:39.183Z,sell,3.33e-05,236.0,0.0078588
EDO/BTC,1573368719918,2019-11-10T06:51:59.918Z,sell,3.329e-05,772.0,0.02569988
EDO/BTC,1573368779460,2019-11-10T06:52:59.460Z,sell,3.323e-05,4.0,0.00013292
EDO/BTC,1573368795861,2019-11-10T06:53:15.861Z,sell,3.322e-05,222.0,0.00737484
EDO/BTC,1573368815815,2019-11-10T06:53:35.815Z,sell,3.321e-05,1217.0,0.04041657
EDO/BTC,1573368879175,2019-11-10T06:54:39.175Z,sell,3.32e-05,3244.0,0.1077008
EDO/BTC,1573369456600,2019-11-10T07:04:16.600Z,buy,3.341e-05,4.0,0.00013364
EDO/BTC,1573369456600,2019-11-10T07:04:16.600Z,buy,3.345e-05,4.0,0.0001338
EDO/BTC,1573369456600,2019-11-10T07:04:16.600Z,buy,3.346e-05,115.0,0.0038479
EDO/BTC,1573369456600,2019-11-10T07:04:16.600Z,buy,3.347e-05,85.0,0.00284495
EDO/BTC,1573369461027,2019-11-10T07:04:21.027Z,buy,3.347e-05,206.0,0.00689482
EDO/BTC,1573369721970,2019-11-10T07:08:41.970Z,buy,3.347e-05,532.0,0.01780604
EDO/BTC,1573369721970,2019-11-10T07:08:41.970Z,buy,3.348e-05,44.0,0.0014731199999999
EDO/BTC,1573369721970,2019-11-10T07:08:41.970Z,buy,3.352e-05,4.0,0.00013408
EDO/BTC,1573369721970,2019-11-10T07:08:41.970Z,buy,3.355e-05,709.0,0.02378695
EDO/BTC,1573369721970,2019-11-10T07:08:41.970Z,buy,3.358e-05,10.0,0.0003358
EDO/BTC,1573369726803,2019-11-10T07:08:46.803Z,sell,3.355e-05,66.0,0.0022143
EDO/BTC,1573369756987,2019-11-10T07:09:16.987Z,sell,3.355e-05,180.0,0.006039
EDO/BTC,1573369762750,2019-11-10T07:09:22.750Z,buy,3.355e-05,437.0,0.01466135
EDO/BTC,1573369765635,2019-11-10T07:09:25.635Z,buy,3.355e-05,292.0,0.0097966
EDO/BTC,1573369768699,2019-11-10T07:09:28.699Z,buy,3.355e-05,194.0,0.0065087
EDO/BTC,1573369771152,2019-11-10T07:09:31.152Z,sell,3.331e-05,91.0,0.00303121
EDO/BTC,1573369771301,2019-11-10T07:09:31.301Z,sell,3.331e-05,155.0,0.00516305
EDO/BTC,1573369771301,2019-11-10T07:09:31.301Z,sell,3.33e-05,108.0,0.0035964
EDO/BTC,1573369771301,2019-11-10T07:09:31.301Z,sell,3.327e-05,56.0,0.0018631199999999
EDO/BTC,1573369796877,2019-11-10T07:09:56.877Z,buy,3.344e-05,130.0,0.0043472
EDO/BTC,1573369810520,2019-11-10T07:10:10.520Z,buy,3.344e-05,86.0,0.0028758399999999
EDO/BTC,1573369813566,2019-11-10T07:10:13.566Z,buy,3.344e-05,174.0,0.0058185599999999
EDO/BTC,1573370034960,2019-11-10T07:13:54.960Z,buy,3.345e-05,4.0,0.0001338
EDO/BTC,1573370034960,2019-11-10T07:13:54.960Z,buy,3.352e-05,4.0,0.00013408
EDO/BTC,1573370034960,2019-11-10T07:13:54.960Z,buy,3.354e-05,246.0,0.00825084
EDO/BTC,1573370035060,2019-11-10T07:13:55.060Z,sell,3.354e-05,2727.0,0.09146358
EDO/BTC,1573370053009,2019-11-10T07:14:13.009Z,buy,3.357e-05,632.0,0.02121624
EDO/BTC,1573370053051,2019-11-10T07:14:13.051Z,sell,3.357e-05,2346.0,0.07875522
EDO/BTC,1573370060997,2019-11-10T07:14:20.997Z,buy,3.356e-05,44.0,0.00147664
EDO/BTC,1573370061056,2019-11-10T07:14:21.056Z,sell,3.357e-05,2934.0,0.0984943799999999
EDO/BTC,1573370066263,2019-11-10T07:14:26.263Z,sell,3.357e-05,2978.0,0.09997146
EDO/BTC,1573370070572,2019-11-10T07:14:30.572Z,sell,3.357e-05,2978.0,0.09997146
EDO/BTC,1573370074776,2019-11-10T07:14:34.776Z,sell,3.357e-05,2978.0,0.09997146
EDO/BTC,1573370076432,2019-11-10T07:14:36.432Z,sell,3.331e-05,90.0,0.0029979
EDO/BTC,1573370100184,2019-11-10T07:15:00.184Z,buy,3.357e-05,204.0,0.00684828
EDO/BTC,1573370100290,2019-11-10T07:15:00.290Z,sell,3.357e-05,2774.0,0.09312318
EDO/BTC,1573370102986,2019-11-10T07:15:02.986Z,sell,3.357e-05,3094.0,0.10386558
EDO/BTC,1573370777109,2019-11-10T07:26:17.109Z,buy,3.357e-05,67.0,0.00224919
EDO/BTC,1573370777109,2019-11-10T07:26:17.109Z,buy,3.358e-05,46.0,0.00154468
EDO/BTC,1573370777109,2019-11-10T07:26:17.109Z,buy,3.359e-05,110.0,0.0036949
EDO/BTC,1573370777109,2019-11-10T07:26:17.109Z,buy,3.36e-05,77.0,0.0025871999999999
EDO/BTC,1573370777109,2019-11-10T07:26:17.109Z,buy,3.361e-05,614.0,0.02063654
EDO/BTC,1573370777109,2019-11-10T07:26:17.109Z,buy,3.362e-05,1082.0,0.03637684
EDO/BTC,1573370777109,2019-11-10T07:26:17.109Z,buy,3.363e-05,185.0,0.00622155
EDO/BTC,1573370777109,2019-11-10T07:26:17.109Z,buy,3.364e-05,283.0,0.00952012
EDO/BTC,1573370777109,2019-11-10T07:26:17.109Z,buy,3.365e-05,512.0,0.0172288
EDO/BTC,1573370777109,2019-11-10T07:26:17.109Z,buy,3.368e-05,3.0,0.00010104
EDO/BTC,1573370909941,2019-11-10T07:28:29.941Z,sell,3.346e-05,437.0,0.01462202
EDO/BTC,1573370911020,2019-11-10T07:28:31.020Z,buy,3.346e-05,31.0,0.00103726
EDO/BTC,1573370913318,2019-11-10T07:28:33.318Z,sell,3.346e-05,150.0,0.005019
EDO/BTC,1573370950896,2019-11-10T07:29:10.896Z,buy,3.368e-05,100.0,0.003368
EDO/BTC,1573370967201,2019-11-10T07:29:27.201Z,sell,3.36e-05,10.0,0.000336
EDO/BTC,1573370967201,2019-11-10T07:29:27.201Z,sell,3.36e-05,10.0,0.000336
EDO/BTC,1573371719022,2019-11-10T07:41:59.022Z,buy,3.367e-05,10.0,0.0003367
EDO/BTC,1573371770660,2019-11-10T07:42:50.660Z,buy,3.367e-05,189.0,0.00636363
EDO/BTC,1573371770744,2019-11-10T07:42:50.744Z,sell,3.367e-05,567.0,0.01909089
EDO/BTC,1573372279607,2019-11-10T07:51:19.607Z,sell,3.36e-05,287.0,0.0096432
EDO/BTC,1573372281023,2019-11-10T07:51:21.023Z,sell,3.345e-05,4.0,0.0001338
EDO/BTC,1573372281023,2019-11-10T07:51:21.023Z,sell,3.341e-05,4.0,0.00013364
EDO/BTC,1573372281023,2019-11-10T07:51:21.023Z,sell,3.339e-05,33.0,0.0011018699999999
EDO/BTC,1573372688000,2019-11-10T07:58:08.000Z,sell,3.339e-05,37.0,0.0012354299999999
EDO/BTC,1573372688103,2019-11-10T07:58:08.103Z,buy,3.339e-05,719.0,0.0240074099999999
EDO/BTC,1573373172114,2019-11-10T08:06:12.114Z,buy,3.357e-05,302.0,0.01013814
EDO/BTC,1573373172114,2019-11-10T08:06:12.114Z,buy,3.358e-05,130.0,0.0043654
EDO/BTC,1573373172114,2019-11-10T08:06:12.114Z,buy,3.359e-05,74.0,0.00248566
EDO/BTC,1573373172114,2019-11-10T08:06:12.114Z,buy,3.36e-05,4.0,0.0001344
EDO/BTC,1573373172114,2019-11-10T08:06:12.114Z,buy,3.367e-05,3.0,0.00010101
EDO/BTC,1573373172114,2019-11-10T08:06:12.114Z,buy,3.368e-05,573.0,0.01929864
EDO/BTC,1573373172114,2019-11-10T08:06:12.114Z,buy,3.369e-05,296.0,0.0099722399999999
EDO/BTC,1573373172114,2019-11-10T08:06:12.114Z,buy,3.37e-05,618.0,0.0208266
EDO/BTC,1573373253443,2019-11-10T08:07:33.443Z,buy,3.37e-05,4633.0,0.1561321
EDO/BTC,1573373354403,2019-11-10T08:09:14.403Z,sell,3.37e-05,149.0,0.0050213
EDO/BTC,1573373481536,2019-11-10T08:11:21.536Z,buy,3.373e-05,301.0,0.0101527299999999
EDO/BTC,1573373481536,2019-11-10T08:11:21.536Z,buy,3.374e-05,4.0,0.00013496
EDO/BTC,1573373481536,2019-11-10T08:11:21.536Z,buy,3.375e-05,36.0,0.001215
EDO/BTC,1573373481536,2019-11-10T08:11:21.536Z,buy,3.376e-05,4.0,0.00013504
EDO/BTC,1573373481536,2019-11-10T08:11:21.536Z,buy,3.377e-05,551.0,0.01860727
EDO/BTC,1573373481536,2019-11-10T08:11:21.536Z,buy,3.378e-05,124.0,0.00418872
EDO/BTC,1573373525502,2019-11-10T08:12:05.502Z,sell,3.37e-05,47.0,0.0015839
EDO/BTC,1573373526832,2019-11-10T08:12:06.832Z,sell,3.37e-05,32.0,0.0010784
EDO/BTC,1573373526981,2019-11-10T08:12:06.981Z,sell,3.37e-05,38.0,0.0012806
EDO/BTC,1573373530528,2019-11-10T08:12:10.528Z,sell,3.37e-05,168.0,0.0056616
EDO/BTC,1573373531448,2019-11-10T08:12:11.448Z,sell,3.37e-05,54.0,0.0018197999999999
EDO/BTC,1573373531448,2019-11-10T08:12:11.448Z,sell,3.36e-05,4.0,0.0001344
EDO/BTC,1573373531448,2019-11-10T08:12:11.448Z,sell,3.359e-05,4.0,0.00013436
EDO/BTC,1573373531448,2019-11-10T08:12:11.448Z,sell,3.353e-05,32.0,0.00107296
EDO/BTC,1573373538117,2019-11-10T08:12:18.117Z,sell,3.37e-05,178.0,0.0059986
EDO/BTC,1573373618849,2019-11-10T08:13:38.849Z,buy,3.373e-05,138.0,0.0046547399999999
EDO/BTC,1573373618849,2019-11-10T08:13:38.849Z,buy,3.374e-05,4.0,0.00013496
EDO/BTC,1573373618849,2019-11-10T08:13:38.849Z,buy,3.376e-05,7.0,0.00023632
EDO/BTC,1573373626660,2019-11-10T08:13:46.660Z,sell,3.363e-05,58.0,0.00195054
EDO/BTC,1573373662391,2019-11-10T08:14:22.391Z,sell,3.366e-05,49.0,0.00164934
EDO/BTC,1573373706534,2019-11-10T08:15:06.534Z,sell,3.367e-05,30.0,0.0010101
EDO/BTC,1573373738790,2019-11-10T08:15:38.790Z,buy,3.377e-05,44.0,0.0014858799999999
EDO/BTC,1573373763462,2019-11-10T08:16:03.462Z,buy,3.377e-05,33.0,0.00111441
EDO/BTC,1573373889766,2019-11-10T08:18:09.766Z,buy,3.377e-05,43.0,0.00145211
EDO/BTC,1573373889766,2019-11-10T08:18:09.766Z,buy,3.378e-05,948.0,0.03202344
EDO/BTC,1573373889829,2019-11-10T08:18:09.829Z,sell,3.378e-05,513.0,0.01732914
EDO/BTC,1573373895025,2019-11-10T08:18:15.025Z,buy,3.379e-05,1903.0,0.06430237
EDO/BTC,1573373946849,2019-11-10T08:19:06.849Z,buy,3.379e-05,1902.0,0.06426858
EDO/BTC,1573373996393,2019-11-10T08:19:56.393Z,buy,3.379e-05,527.0,0.01780733
EDO/BTC,1573373996393,2019-11-10T08:19:56.393Z,buy,3.38e-05,65.0,0.002197
EDO/BTC,1573373998039,2019-11-10T08:19:58.039Z,buy,3.38e-05,5.0,0.000169
EDO/BTC,1573373998039,2019-11-10T08:19:58.039Z,buy,3.384e-05,39.0,0.00131976
EDO/BTC,1573373998287,2019-11-10T08:19:58.287Z,buy,3.384e-05,44.0,0.00148896
EDO/BTC,1573373998336,2019-11-10T08:19:58.336Z,buy,3.384e-05,148.0,0.00500832
EDO/BTC,1573373998604,2019-11-10T08:19:58.604Z,buy,3.384e-05,296.0,0.01001664
EDO/BTC,1573373998840,2019-11-10T08:19:58.840Z,buy,3.384e-05,44.0,0.00148896
EDO/BTC,1573374000002,2019-11-10T08:20:00.002Z,buy,3.384e-05,44.0,0.00148896
EDO/BTC,1573374000512,2019-11-10T08:20:00.512Z,buy,3.384e-05,44.0,0.00148896
EDO/BTC,1573374001488,2019-11-10T08:20:01.488Z,buy,3.384e-05,148.0,0.00500832
EDO/BTC,1573374001674,2019-11-10T08:20:01.674Z,buy,3.384e-05,44.0,0.00148896
EDO/BTC,1573374001972,2019-11-10T08:20:01.972Z,buy,3.384e-05,148.0,0.00500832
EDO/BTC,1573374004092,2019-11-10T08:20:04.092Z,buy,3.384e-05,44.0,0.00148896
EDO/BTC,1573374004946,2019-11-10T08:20:04.946Z,buy,3.384e-05,118.0,0.00399312
EDO/BTC,1573374006105,2019-11-10T08:20:06.105Z,buy,3.384e-05,44.0,0.00148896
EDO/BTC,1573374007354,2019-11-10T08:20:07.354Z,buy,3.384e-05,44.0,0.00148896
EDO/BTC,1573374007603,2019-11-10T08:20:07.603Z,buy,3.384e-05,59.0,0.00199656
EDO/BTC,1573374008158,2019-11-10T08:20:08.158Z,buy,3.384e-05,44.0,0.00148896
EDO/BTC,1573374008376,2019-11-10T08:20:08.376Z,buy,3.384e-05,44.0,0.00148896
EDO/BTC,1573374009022,2019-11-10T08:20:09.022Z,buy,3.384e-05,591.0,0.01999944
EDO/BTC,1573374009285,2019-11-10T08:20:09.285Z,buy,3.384e-05,44.0,0.00148896
EDO/BTC,1573374009611,2019-11-10T08:20:09.611Z,buy,3.384e-05,44.0,0.00148896
EDO/BTC,1573374012227,2019-11-10T08:20:12.227Z,buy,3.384e-05,44.0,0.00148896
EDO/BTC,1573374013798,2019-11-10T08:20:13.798Z,buy,3.384e-05,148.0,0.00500832
EDO/BTC,1573374030426,2019-11-10T08:20:30.426Z,sell,3.379e-05,3.0,0.00010137
EDO/BTC,1573374031127,2019-11-10T08:20:31.127Z,buy,3.384e-05,2955.0,0.0999972
EDO/BTC,1573374044421,2019-11-10T08:20:44.421Z,buy,3.384e-05,615.0,0.0208116
EDO/BTC,1573374184407,2019-11-10T08:23:04.407Z,buy,3.384e-05,1711.0,0.05790024
EDO/BTC,1573374184426,2019-11-10T08:23:04.426Z,buy,3.385e-05,295.0,0.00998575
EDO/BTC,1573374191058,2019-11-10T08:23:11.058Z,buy,3.389e-05,91.0,0.00308399
EDO/BTC,1573374191058,2019-11-10T08:23:11.058Z,buy,3.391e-05,640.0,0.0217024
EDO/BTC,1573374196865,2019-11-10T08:23:16.865Z,sell,3.385e-05,98.0,0.0033173
EDO/BTC,1573374204465,2019-11-10T08:23:24.465Z,sell,3.387e-05,100.0,0.003387
EDO/BTC,1573374219255,2019-11-10T08:23:39.255Z,sell,3.387e-05,68.0,0.00230316
EDO/BTC,1573374224528,2019-11-10T08:23:44.528Z,sell,3.387e-05,100.0,0.003387
EDO/BTC,1573374239898,2019-11-10T08:23:59.898Z,sell,3.387e-05,216.0,0.00731592
EDO/BTC,1573374266323,2019-11-10T08:24:26.323Z,sell,3.388e-05,93.0,0.00315084
EDO/BTC,1573374369645,2019-11-10T08:26:09.645Z,sell,3.388e-05,3.0,0.00010164
EDO/BTC,1573374392354,2019-11-10T08:26:32.354Z,sell,3.388e-05,45.0,0.0015246
EDO/BTC,1573374392354,2019-11-10T08:26:32.354Z,sell,3.387e-05,166.0,0.0056224199999999
EDO/BTC,1573374392354,2019-11-10T08:26:32.354Z,sell,3.388e-05,45.0,0.0015246
EDO/BTC,1573374392354,2019-11-10T08:26:32.354Z,sell,3.387e-05,166.0,0.0056224199999999
EDO/BTC,1573374696136,2019-11-10T08:31:36.136Z,sell,3.388e-05,58.0,0.00196504
EDO/BTC,1573374715102,2019-11-10T08:31:55.102Z,buy,3.394e-05,4.0,0.00013576
EDO/BTC,1573374715102,2019-11-10T08:31:55.102Z,buy,3.395e-05,4.0,0.0001358
EDO/BTC,1573374715102,2019-11-10T08:31:55.102Z,buy,3.398e-05,119.0,0.00404362
EDO/BTC,1573374727598,2019-11-10T08:32:07.598Z,buy,3.398e-05,26.0,0.00088348
EDO/BTC,1573374727598,2019-11-10T08:32:07.598Z,buy,3.399e-05,19.0,0.0006458099999999
EDO/BTC,1573374727658,2019-11-10T08:32:07.658Z,sell,3.399e-05,31.0,0.00105369
EDO/BTC,1573374792949,2019-11-10T08:33:12.949Z,buy,3.4e-05,893.0,0.030362
EDO/BTC,1573374836177,2019-11-10T08:33:56.177Z,buy,3.4e-05,588.0,0.019992
EDO/BTC,1573374851964,2019-11-10T08:34:11.964Z,sell,3.392e-05,41.0,0.00139072
EDO/BTC,1573374886730,2019-11-10T08:34:46.730Z,sell,3.392e-05,71.0,0.00240832
EDO/BTC,1573374900129,2019-11-10T08:35:00.129Z,buy,3.4e-05,53.0,0.001802
EDO/BTC,1573374945345,2019-11-10T08:35:45.345Z,sell,3.395e-05,54.0,0.0018333
EDO/BTC,1573374945345,2019-11-10T08:35:45.345Z,sell,3.392e-05,73.0,0.00247616
EDO/BTC,1573374964937,2019-11-10T08:36:04.937Z,sell,3.394e-05,5.0,0.0001696999999999
EDO/BTC,1573374999688,2019-11-10T08:36:39.688Z,buy,3.4e-05,1103.0,0.037502
EDO/BTC,1573374999712,2019-11-10T08:36:39.712Z,buy,3.401e-05,121.0,0.00411521
EDO/BTC,1573374999712,2019-11-10T08:36:39.712Z,buy,3.403e-05,37.0,0.00125911
EDO/BTC,1573375016809,2019-11-10T08:36:56.809Z,sell,3.397e-05,108.0,0.00366876
EDO/BTC,1573375016809,2019-11-10T08:36:56.809Z,sell,3.396e-05,74.0,0.00251304
EDO/BTC,1573375016809,2019-11-10T08:36:56.809Z,sell,3.394e-05,234.0,0.00794196
EDO/BTC,1573375016809,2019-11-10T08:36:56.809Z,sell,3.391e-05,195.0,0.00661245
EDO/BTC,1573375016809,2019-11-10T08:36:56.809Z,sell,3.39e-05,21.0,0.0007118999999999
EDO/BTC,1573375041397,2019-11-10T08:37:21.397Z,buy,3.404e-05,8.0,0.00027232
EDO/BTC,1573375041397,2019-11-10T08:37:21.397Z,buy,3.406e-05,99.0,0.00337194
EDO/BTC,1573375041397,2019-11-10T08:37:21.397Z,buy,3.412e-05,4.0,0.00013648
EDO/BTC,1573375041397,2019-11-10T08:37:21.397Z,buy,3.414e-05,22.0,0.00075108
EDO/BTC,1573375064635,2019-11-10T08:37:44.635Z,buy,3.414e-05,106.0,0.00361884
EDO/BTC,1573375064635,2019-11-10T08:37:44.635Z,buy,3.415e-05,8.0,0.0002732
EDO/BTC,1573375064826,2019-11-10T08:37:44.826Z,sell,3.415e-05,122.0,0.0041663
EDO/BTC,1573375070893,2019-11-10T08:37:50.893Z,sell,3.399e-05,89.0,0.0030251099999999
EDO/BTC,1573375070893,2019-11-10T08:37:50.893Z,sell,3.398e-05,228.0,0.00774744
EDO/BTC,1573375070934,2019-11-10T08:37:50.934Z,sell,3.399e-05,117.0,0.00397683
EDO/BTC,1573375071762,2019-11-10T08:37:51.762Z,buy,3.416e-05,4.0,0.00013664
EDO/BTC,1573375071937,2019-11-10T08:37:51.937Z,sell,3.416e-05,322.0,0.0109995199999999
EDO/BTC,1573375071964,2019-11-10T08:37:51.964Z,sell,3.416e-05,741.0,0.0253125599999999
EDO/BTC,1573375071988,2019-11-10T08:37:51.988Z,sell,3.416e-05,2250.0,0.07686
EDO/BTC,1573375126088,2019-11-10T08:38:46.088Z,buy,3.42e-05,44.0,0.0015048
EDO/BTC,1573375128344,2019-11-10T08:38:48.344Z,buy,3.42e-05,14.0,0.0004788
EDO/BTC,1573375128344,2019-11-10T08:38:48.344Z,buy,3.423e-05,30.0,0.0010269
EDO/BTC,1573375129723,2019-11-10T08:38:49.723Z,buy,3.423e-05,114.0,0.00390222
EDO/BTC,1573375137355,2019-11-10T08:38:57.355Z,buy,3.423e-05,32.0,0.00109536
EDO/BTC,1573375139093,2019-11-10T08:38:59.093Z,buy,3.423e-05,16.0,0.00054768
EDO/BTC,1573375141182,2019-11-10T08:39:01.182Z,buy,3.423e-05,8.0,0.00027384
EDO/BTC,1573375143470,2019-11-10T08:39:03.470Z,buy,3.422e-05,3.0,0.00010266
EDO/BTC,1573375143470,2019-11-10T08:39:03.470Z,buy,3.423e-05,6.0,0.00020538
EDO/BTC,1573375162419,2019-11-10T08:39:22.419Z,sell,3.404e-05,4.0,0.00013616
EDO/BTC,1573375192932,2019-11-10T08:39:52.932Z,buy,3.404e-05,50.0,0.001702
EDO/BTC,1573375228293,2019-11-10T08:40:28.293Z,buy,3.42e-05,4.0,0.0001368
EDO/BTC,1573375228293,2019-11-10T08:40:28.293Z,buy,3.423e-05,6.0,0.00020538
EDO/BTC,1573375228293,2019-11-10T08:40:28.293Z,buy,3.424e-05,44.0,0.0015065599999999
EDO/BTC,1573375228293,2019-11-10T08:40:28.293Z,buy,3.425e-05,21.0,0.00071925
EDO/BTC,1573375287344,2019-11-10T08:41:27.344Z,buy,3.424e-05,139.0,0.00475936
EDO/BTC,1573375324836,2019-11-10T08:42:04.836Z,buy,3.424e-05,52.0,0.0017804799999999
EDO/BTC,1573375360499,2019-11-10T08:42:40.499Z,buy,3.424e-05,39.0,0.0013353599999999
EDO/BTC,1573375362092,2019-11-10T08:42:42.092Z,buy,3.424e-05,59.0,0.00202016
EDO/BTC,1573375364781,2019-11-10T08:42:44.781Z,buy,3.424e-05,29.0,0.00099296
EDO/BTC,1573375366228,2019-11-10T08:42:46.228Z,buy,3.424e-05,30.0,0.0010271999999999
EDO/BTC,1573375397958,2019-11-10T08:43:17.958Z,buy,3.424e-05,105.0,0.0035952
EDO/BTC,1573375717384,2019-11-10T08:48:37.384Z,sell,3.405e-05,3.0,0.00010215
EDO/BTC,1573375876642,2019-11-10T08:51:16.642Z,sell,3.405e-05,107.0,0.00364335
EDO/BTC,1573375876642,2019-11-10T08:51:16.642Z,sell,3.404e-05,785.0,0.0267214
EDO/BTC,1573376086210,2019-11-10T08:54:46.210Z,sell,3.405e-05,122.0,0.0041541
EDO/BTC,1573376203052,2019-11-10T08:56:43.052Z,sell,3.405e-05,297.0,0.01011285
EDO/BTC,1573376217904,2019-11-10T08:56:57.904Z,sell,3.405e-05,91.0,0.00309855
EDO/BTC,1573376332026,2019-11-10T08:58:52.026Z,sell,3.405e-05,326.0,0.0111003
EDO/BTC,1573376332026,2019-11-10T08:58:52.026Z,sell,3.404e-05,274.0,0.00932696
EDO/BTC,1573376332540,2019-11-10T08:58:52.540Z,sell,3.404e-05,33.0,0.00112332
EDO/BTC,1573376332540,2019-11-10T08:58:52.540Z,sell,3.4e-05,70.0,0.00238
EDO/BTC,1573376332540,2019-11-10T08:58:52.540Z,sell,3.395e-05,4.0,0.0001358
EDO/BTC,1573376332540,2019-11-10T08:58:52.540Z,sell,3.394e-05,4.0,0.00013576
EDO/BTC,1573376332540,2019-11-10T08:58:52.540Z,sell,3.391e-05,17.0,0.0005764699999999
EDO/BTC,1573376332540,2019-11-10T08:58:52.540Z,sell,3.389e-05,4.0,0.00013556
EDO/BTC,1573376332540,2019-11-10T08:58:52.540Z,sell,3.386e-05,12.0,0.0004063199999999
EDO/BTC,1573376332540,2019-11-10T08:58:52.540Z,sell,3.384e-05,61.0,0.00206424
EDO/BTC,1573376333073,2019-11-10T08:58:53.073Z,sell,3.383e-05,87.0,0.00294321
EDO/BTC,1573376333073,2019-11-10T08:58:53.073Z,sell,3.382e-05,3.0,0.00010146
EDO/BTC,1573376334169,2019-11-10T08:58:54.169Z,sell,3.382e-05,61.0,0.00206302
EDO/BTC,1573376415114,2019-11-10T09:00:15.114Z,buy,3.395e-05,44.0,0.0014938
EDO/BTC,1573376428062,2019-11-10T09:00:28.062Z,sell,3.385e-05,11.0,0.00037235
EDO/BTC,1573376428062,2019-11-10T09:00:28.062Z,sell,3.382e-05,8.0,0.00027056
EDO/BTC,1573376428062,2019-11-10T09:00:28.062Z,sell,3.381e-05,118.0,0.00398958
EDO/BTC,1573376428062,2019-11-10T09:00:28.062Z,sell,3.381e-05,34.0,0.00114954
EDO/BTC,1573376471626,2019-11-10T09:01:11.626Z,sell,3.381e-05,389.0,0.01315209
EDO/BTC,1573376471626,2019-11-10T09:01:11.626Z,sell,3.38e-05,1059.0,0.0357942
EDO/BTC,1573376471626,2019-11-10T09:01:11.626Z,sell,3.379e-05,25.0,0.00084475
EDO/BTC,1573376471626,2019-11-10T09:01:11.626Z,sell,3.376e-05,571.0,0.01927696
EDO/BTC,1573376471626,2019-11-10T09:01:11.626Z,sell,3.375e-05,966.0,0.0326025
EDO/BTC,1573376536656,2019-11-10T09:02:16.656Z,buy,3.39e-05,3.0,0.0001016999999999
EDO/BTC,1573376536656,2019-11-10T09:02:16.656Z,buy,3.392e-05,18.0,0.00061056
EDO/BTC,1573376536656,2019-11-10T09:02:16.656Z,buy,3.393e-05,53.0,0.00179829
EDO/BTC,1573376633764,2019-11-10T09:03:53.764Z,sell,3.376e-05,138.0,0.00465888
EDO/BTC,1573376914933,2019-11-10T09:08:34.933Z,sell,3.376e-05,76.0,0.00256576
EDO/BTC,1573376914933,2019-11-10T09:08:34.933Z,sell,3.375e-05,9.0,0.00030375
EDO/BTC,1573377011914,2019-11-10T09:10:11.914Z,buy,3.394e-05,63.0,0.0021382199999999
EDO/BTC,1573377210551,2019-11-10T09:13:30.551Z,sell,3.395e-05,43.0,0.00145985
EDO/BTC,1573377210551,2019-11-10T09:13:30.551Z,sell,3.394e-05,25.0,0.0008485
EDO/BTC,1573377210551,2019-11-10T09:13:30.551Z,sell,3.376e-05,122.0,0.00411872
EDO/BTC,1573377210551,2019-11-10T09:13:30.551Z,sell,3.375e-05,188.0,0.006345
EDO/BTC,1573377210551,2019-11-10T09:13:30.551Z,sell,3.374e-05,4.0,0.00013496
EDO/BTC,1573377210551,2019-11-10T09:13:30.551Z,sell,3.373e-05,271.0,0.0091408299999999
EDO/BTC,1573377210551,2019-11-10T09:13:30.551Z,sell,3.37e-05,747.0,0.0251739
EDO/BTC,1573377332524,2019-11-10T09:15:32.524Z,sell,3.37e-05,91.0,0.0030667
EDO/BTC,1573377796607,2019-11-10T09:23:16.607Z,buy,3.389e-05,4.0,0.00013556
EDO/BTC,1573377841224,2019-11-10T09:24:01.224Z,buy,3.394e-05,4.0,0.00013576
EDO/BTC,1573377842031,2019-11-10T09:24:02.031Z,sell,3.394e-05,45.0,0.0015272999999999
EDO/BTC,1573377842031,2019-11-10T09:24:02.031Z,sell,3.394e-05,45.0,0.0015272999999999
EDO/BTC,1573378645959,2019-11-10T09:37:25.959Z,buy,3.389e-05,11.0,0.00037279
EDO/BTC,1573378645959,2019-11-10T09:37:25.959Z,buy,3.395e-05,4.0,0.0001358
EDO/BTC,1573378645959,2019-11-10T09:37:25.959Z,buy,3.397e-05,77.0,0.00261569
EDO/BTC,1573378645959,2019-11-10T09:37:25.959Z,buy,3.4e-05,18.0,0.000612
EDO/BTC,1573378878183,2019-11-10T09:41:18.183Z,buy,3.4e-05,20.0,0.00068
EDO/BTC,1573379127338,2019-11-10T09:45:27.338Z,buy,3.4e-05,81.0,0.002754
EDO/BTC,1573379184711,2019-11-10T09:46:24.711Z,buy,3.404e-05,4.0,0.00013616
EDO/BTC,1573379253145,2019-11-10T09:47:33.145Z,buy,3.412e-05,26.0,0.0008871199999999
EDO/BTC,1573379260374,2019-11-10T09:47:40.374Z,buy,3.412e-05,15.0,0.0005118
EDO/BTC,1573379260374,2019-11-10T09:47:40.374Z,buy,3.416e-05,21.0,0.00071736
EDO/BTC,1573379260374,2019-11-10T09:47:40.374Z,buy,3.419e-05,22.0,0.00075218
EDO/BTC,1573379260374,2019-11-10T09:47:40.374Z,buy,3.42e-05,74.0,0.0025307999999999
EDO/BTC,1573379260374,2019-11-10T09:47:40.374Z,buy,3.424e-05,5.0,0.0001712
EDO/BTC,1573379260374,2019-11-10T09:47:40.374Z,buy,3.425e-05,3.0,0.00010275
EDO/BTC,1573379260374,2019-11-10T09:47:40.374Z,buy,3.426e-05,80.0,0.0027408
EDO/BTC,1573379373138,2019-11-10T09:49:33.138Z,buy,3.421e-05,3.0,0.00010263
EDO/BTC,1573379373138,2019-11-10T09:49:33.138Z,buy,3.426e-05,60.0,0.0020556
EDO/BTC,1573379384992,2019-11-10T09:49:44.992Z,buy,3.426e-05,220.0,0.0075372
EDO/BTC,1573379402042,2019-11-10T09:50:02.042Z,sell,3.421e-05,38.0,0.00129998
EDO/BTC,1573379595451,2019-11-10T09:53:15.451Z,sell,3.404e-05,4.0,0.00013616
EDO/BTC,1573379834070,2019-11-10T09:57:14.070Z,sell,3.4e-05,270.0,0.00918
EDO/BTC,1573379956573,2019-11-10T09:59:16.573Z,sell,3.4e-05,6.0,0.000204
EDO/BTC,1573379965261,2019-11-10T09:59:25.261Z,sell,3.395e-05,4.0,0.0001358
EDO/BTC,1573379965261,2019-11-10T09:59:25.261Z,sell,3.394e-05,4.0,0.00013576
EDO/BTC,1573379965261,2019-11-10T09:59:25.261Z,sell,3.389e-05,4.0,0.00013556
EDO/BTC,1573379965261,2019-11-10T09:59:25.261Z,sell,3.381e-05,289.0,0.00977109
EDO/BTC,1573380068380,2019-11-10T10:01:08.380Z,buy,3.401e-05,47.0,0.00159847
EDO/BTC,1573380846554,2019-11-10T10:14:06.554Z,sell,3.4e-05,151.0,0.005134
EDO/BTC,1573381105834,2019-11-10T10:18:25.834Z,buy,3.398e-05,422.0,0.01433956
EDO/BTC,1573381105834,2019-11-10T10:18:25.834Z,buy,3.399e-05,18.0,0.00061182
EDO/BTC,1573381112951,2019-11-10T10:18:32.951Z,sell,3.387e-05,3.0,0.00010161
EDO/BTC,1573381112951,2019-11-10T10:18:32.951Z,sell,3.381e-05,6.0,0.00020286
EDO/BTC,1573381233799,2019-11-10T10:20:33.799Z,sell,3.382e-05,150.0,0.0050729999999999
EDO/BTC,1573381233799,2019-11-10T10:20:33.799Z,sell,3.381e-05,356.0,0.01203636
EDO/BTC,1573381236451,2019-11-10T10:20:36.451Z,buy,3.381e-05,61.0,0.00206241
EDO/BTC,1573381242673,2019-11-10T10:20:42.673Z,buy,3.381e-05,118.0,0.00398958
EDO/BTC,1573381243624,2019-11-10T10:20:43.624Z,buy,3.381e-05,354.0,0.01196874
EDO/BTC,1573381243649,2019-11-10T10:20:43.649Z,buy,3.381e-05,1463.0,0.04946403
EDO/BTC,1573381243649,2019-11-10T10:20:43.649Z,buy,3.381e-05,1463.0,0.04946403
EDO/BTC,1573381677801,2019-11-10T10:27:57.801Z,sell,3.381e-05,10.0,0.0003381
EDO/BTC,1573382301044,2019-11-10T10:38:21.044Z,sell,3.382e-05,151.0,0.00510682
EDO/BTC,1573382301065,2019-11-10T10:38:21.065Z,buy,3.382e-05,211.0,0.00713602
EDO/BTC,1573382334736,2019-11-10T10:38:54.736Z,buy,3.398e-05,34.0,0.00115532
EDO/BTC,1573382374657,2019-11-10T10:39:34.657Z,sell,3.381e-05,34.0,0.00114954
EDO/BTC,1573382715368,2019-11-10T10:45:15.368Z,sell,3.382e-05,49.0,0.0016571799999999
EDO/BTC,1573382987428,2019-11-10T10:49:47.428Z,sell,3.382e-05,17.0,0.0005749399999999
EDO/BTC,1573383973497,2019-11-10T11:06:13.497Z,buy,3.399e-05,250.0,0.0084975
EDO/BTC,1573383973551,2019-11-10T11:06:13.551Z,buy,3.399e-05,235.0,0.0079876499999999
EDO/BTC,1573383973551,2019-11-10T11:06:13.551Z,buy,3.401e-05,227.0,0.00772027
EDO/BTC,1573383973551,2019-11-10T11:06:13.551Z,buy,3.402e-05,29.0,0.00098658
EDO/BTC,1573383973551,2019-11-10T11:06:13.551Z,buy,3.404e-05,4.0,0.00013616
EDO/BTC,1573383973551,2019-11-10T11:06:13.551Z,buy,3.405e-05,108.0,0.0036774
EDO/BTC,1573383973551,2019-11-10T11:06:13.551Z,buy,3.406e-05,150.0,0.005109
EDO/BTC,1573383973551,2019-11-10T11:06:13.551Z,buy,3.412e-05,4.0,0.00013648
EDO/BTC,1573383973551,2019-11-10T11:06:13.551Z,buy,3.416e-05,4.0,0.00013664
EDO/BTC,1573383973551,2019-11-10T11:06:13.551Z,buy,3.42e-05,74.0,0.0025307999999999
EDO/BTC,1573383973551,2019-11-10T11:06:13.551Z,buy,3.427e-05,142.0,0.00486634
EDO/BTC,1573383973551,2019-11-10T11:06:13.551Z,buy,3.428e-05,24.0,0.0008227199999999
EDO/BTC,1573383973793,2019-11-10T11:06:13.793Z,buy,3.429e-05,4.0,0.00013716
EDO/BTC,1573383973793,2019-11-10T11:06:13.793Z,buy,3.43e-05,34.0,0.0011662
EDO/BTC,1573383973848,2019-11-10T11:06:13.848Z,buy,3.43e-05,420.0,0.014406
EDO/BTC,1573383978078,2019-11-10T11:06:18.078Z,buy,3.43e-05,344.0,0.0117992
EDO/BTC,1573383996827,2019-11-10T11:06:36.827Z,buy,3.43e-05,80.0,0.002744
EDO/BTC,1573383996833,2019-11-10T11:06:36.833Z,buy,3.43e-05,16.0,0.0005488
EDO/BTC,1573383996833,2019-11-10T11:06:36.833Z,buy,3.432e-05,234.0,0.0080308799999999
EDO/BTC,1573384003179,2019-11-10T11:06:43.179Z,sell,3.43e-05,385.0,0.0132055
EDO/BTC,1573384047293,2019-11-10T11:07:27.293Z,buy,3.42e-05,3.0,0.0001026
EDO/BTC,1573384047293,2019-11-10T11:07:27.293Z,buy,3.429e-05,356.0,0.01220724
EDO/BTC,1573384047293,2019-11-10T11:07:27.293Z,buy,3.43e-05,190.0,0.006517
EDO/BTC,1573384702481,2019-11-10T11:18:22.481Z,sell,3.413e-05,4.0,0.00013652
EDO/BTC,1573384702568,2019-11-10T11:18:22.568Z,buy,3.413e-05,70.0,0.0023891
EDO/BTC,1573384703281,2019-11-10T11:18:23.281Z,sell,3.412e-05,4.0,0.00013648
EDO/BTC,1573384703281,2019-11-10T11:18:23.281Z,sell,3.405e-05,43.0,0.00146415
EDO/BTC,1573384703281,2019-11-10T11:18:23.281Z,sell,3.412e-05,4.0,0.00013648
EDO/BTC,1573384703281,2019-11-10T11:18:23.281Z,sell,3.405e-05,43.0,0.00146415
EDO/BTC,1573384849736,2019-11-10T11:20:49.736Z,sell,3.405e-05,76.0,0.0025878
EDO/BTC,1573386553287,2019-11-10T11:49:13.287Z,buy,3.412e-05,41.0,0.00139892
EDO/BTC,1573386554573,2019-11-10T11:49:14.573Z,buy,3.412e-05,42.0,0.00143304
EDO/BTC,1573387262439,2019-11-10T12:01:02.439Z,buy,3.411e-05,5.0,0.00017055
EDO/BTC,1573387857923,2019-11-10T12:10:57.923Z,sell,3.406e-05,4.0,0.00013624
EDO/BTC,1573387857923,2019-11-10T12:10:57.923Z,sell,3.405e-05,32.0,0.0010896
EDO/BTC,1573387857923,2019-11-10T12:10:57.923Z,sell,3.404e-05,4.0,0.00013616
EDO/BTC,1573387857923,2019-11-10T12:10:57.923Z,sell,3.396e-05,4.0,0.00013584
EDO/BTC,1573387935854,2019-11-10T12:12:15.854Z,sell,3.395e-05,4.0,0.0001358
EDO/BTC,1573387935854,2019-11-10T12:12:15.854Z,sell,3.394e-05,4.0,0.00013576
EDO/BTC,1573387935854,2019-11-10T12:12:15.854Z,sell,3.393e-05,22.0,0.00074646
EDO/BTC,1573387935879,2019-11-10T12:12:15.879Z,sell,3.393e-05,30.0,0.0010179
EDO/BTC,1573387938138,2019-11-10T12:12:18.138Z,buy,3.396e-05,5.0,0.0001698
EDO/BTC,1573387944085,2019-11-10T12:12:24.085Z,sell,3.395e-05,44.0,0.0014938
EDO/BTC,1573387960067,2019-11-10T12:12:40.067Z,buy,3.395e-05,90.0,0.0030555
EDO/BTC,1573387960067,2019-11-10T12:12:40.067Z,buy,3.395e-05,90.0,0.0030555
EDO/BTC,1573388443622,2019-11-10T12:20:43.622Z,buy,3.402e-05,5.0,0.0001701
EDO/BTC,1573388552750,2019-11-10T12:22:32.750Z,buy,3.401e-05,63.0,0.00214263
EDO/BTC,1573388552750,2019-11-10T12:22:32.750Z,buy,3.402e-05,51.0,0.00173502
EDO/BTC,1573388557952,2019-11-10T12:22:37.952Z,sell,3.402e-05,3.0,0.00010206
EDO/BTC,1573388625763,2019-11-10T12:23:45.763Z,sell,3.403e-05,851.0,0.0289595299999999
EDO/BTC,1573389935683,2019-11-10T12:45:35.683Z,sell,3.395e-05,3.0,0.00010185
EDO/BTC,1573389935683,2019-11-10T12:45:35.683Z,sell,3.393e-05,11.0,0.00037323
EDO/BTC,1573390147562,2019-11-10T12:49:07.562Z,sell,3.39e-05,115.0,0.0038984999999999
EDO/BTC,1573390147615,2019-11-10T12:49:07.615Z,buy,3.39e-05,614.0,0.0208146
EDO/BTC,1573390671639,2019-11-10T12:57:51.639Z,buy,3.411e-05,147.0,0.0050141699999999
EDO/BTC,1573391230869,2019-11-10T13:07:10.869Z,buy,3.411e-05,317.0,0.0108128699999999
EDO/BTC,1573391369274,2019-11-10T13:09:29.274Z,buy,3.408e-05,18.0,0.00061344
EDO/BTC,1573391381713,2019-11-10T13:09:41.713Z,buy,3.408e-05,5.0,0.0001704
EDO/BTC,1573391520838,2019-11-10T13:12:00.838Z,buy,3.408e-05,1209.0,0.04120272
EDO/BTC,1573391520838,2019-11-10T13:12:00.838Z,buy,3.408e-05,1209.0,0.04120272
EDO/BTC,1573391669215,2019-11-10T13:14:29.215Z,buy,3.409e-05,118.0,0.00402262
EDO/BTC,1573391669215,2019-11-10T13:14:29.215Z,buy,3.411e-05,58.0,0.0019783799999999
EDO/BTC,1573391704479,2019-11-10T13:15:04.479Z,buy,3.411e-05,42.0,0.00143262
EDO/BTC,1573391704479,2019-11-10T13:15:04.479Z,buy,3.412e-05,2.0,6.824e-05
EDO/BTC,1573392003181,2019-11-10T13:20:03.181Z,buy,3.412e-05,44.0,0.00150128
EDO/BTC,1573392117742,2019-11-10T13:21:57.742Z,buy,3.412e-05,70.0,0.0023883999999999
EDO/BTC,1573392184630,2019-11-10T13:23:04.630Z,sell,3.408e-05,2955.0,0.1007064
EDO/BTC,1573392184722,2019-11-10T13:23:04.722Z,sell,3.408e-05,787.0,0.0268209599999999
EDO/BTC,1573392803270,2019-11-10T13:33:23.270Z,sell,3.4e-05,969.0,0.032946
EDO/BTC,1573393024074,2019-11-10T13:37:04.074Z,sell,3.393e-05,93.0,0.00315549
EDO/BTC,1573393516333,2019-11-10T13:45:16.333Z,sell,3.393e-05,320.0,0.0108576
EDO/BTC,1573393516333,2019-11-10T13:45:16.333Z,sell,3.392e-05,116.0,0.00393472
EDO/BTC,1573393516333,2019-11-10T13:45:16.333Z,sell,3.391e-05,255.0,0.00864705
EDO/BTC,1573393516333,2019-11-10T13:45:16.333Z,sell,3.39e-05,16648.0,0.5643672
EDO/BTC,1573393516737,2019-11-10T13:45:16.737Z,buy,3.39e-05,250.0,0.008475
EDO/BTC,1573393594778,2019-11-10T13:46:34.778Z,buy,3.4e-05,3.0,0.000102
EDO/BTC,1573393789015,2019-11-10T13:49:49.015Z,sell,3.39e-05,904.0,0.0306456
EDO/BTC,1573393800938,2019-11-10T13:50:00.938Z,sell,3.39e-05,185.0,0.0062714999999999
EDO/BTC,1573393802633,2019-11-10T13:50:02.633Z,buy,3.39e-05,38.0,0.0012882
EDO/BTC,1573393802749,2019-11-10T13:50:02.749Z,buy,3.39e-05,277.0,0.0093902999999999
EDO/BTC,1573393947947,2019-11-10T13:52:27.947Z,buy,3.39e-05,200.0,0.00678
EDO/BTC,1573393958256,2019-11-10T13:52:38.256Z,buy,3.39e-05,200.0,0.00678
EDO/BTC,1573393961753,2019-11-10T13:52:41.753Z,buy,3.39e-05,200.0,0.00678
EDO/BTC,1573393965252,2019-11-10T13:52:45.252Z,buy,3.39e-05,200.0,0.00678
EDO/BTC,1573393968468,2019-11-10T13:52:48.468Z,buy,3.39e-05,200.0,0.00678
EDO/BTC,1573393972654,2019-11-10T13:52:52.654Z,buy,3.39e-05,200.0,0.00678
EDO/BTC,1573393976757,2019-11-10T13:52:56.757Z,buy,3.39e-05,200.0,0.00678
EDO/BTC,1573393980856,2019-11-10T13:53:00.856Z,buy,3.39e-05,202.0,0.0068477999999999
EDO/BTC,1573393984465,2019-11-10T13:53:04.465Z,buy,3.39e-05,200.0,0.00678
EDO/BTC,1573393988671,2019-11-10T13:53:08.671Z,buy,3.39e-05,200.0,0.00678
EDO/BTC,1573393992769,2019-11-10T13:53:12.769Z,buy,3.39e-05,200.0,0.00678
EDO/BTC,1573393996172,2019-11-10T13:53:16.172Z,buy,3.39e-05,200.0,0.00678
EDO/BTC,1573393999371,2019-11-10T13:53:19.371Z,buy,3.39e-05,200.0,0.00678
EDO/BTC,1573394003484,2019-11-10T13:53:23.484Z,buy,3.39e-05,200.0,0.00678
EDO/BTC,1573394007879,2019-11-10T13:53:27.879Z,buy,3.39e-05,300.0,0.0101699999999999
EDO/BTC,1573394011778,2019-11-10T13:53:31.778Z,buy,3.39e-05,300.0,0.0101699999999999
EDO/BTC,1573394022575,2019-11-10T13:53:42.575Z,buy,3.39e-05,300.0,0.0101699999999999
EDO/BTC,1573394025089,2019-11-10T13:53:45.089Z,buy,3.39e-05,300.0,0.0101699999999999
EDO/BTC,1573394028181,2019-11-10T13:53:48.181Z,buy,3.39e-05,300.0,0.0101699999999999
EDO/BTC,1573394030594,2019-11-10T13:53:50.594Z,buy,3.39e-05,300.0,0.0101699999999999
EDO/BTC,1573394033593,2019-11-10T13:53:53.593Z,buy,3.39e-05,300.0,0.0101699999999999
EDO/BTC,1573394035986,2019-11-10T13:53:55.986Z,buy,3.39e-05,300.0,0.0101699999999999
EDO/BTC,1573394038985,2019-11-10T13:53:58.985Z,buy,3.39e-05,300.0,0.0101699999999999
EDO/BTC,1573394041896,2019-11-10T13:54:01.896Z,buy,3.39e-05,300.0,0.0101699999999999
EDO/BTC,1573394045202,2019-11-10T13:54:05.202Z,buy,3.39e-05,300.0,0.0101699999999999
EDO/BTC,1573394047802,2019-11-10T13:54:07.802Z,buy,3.39e-05,300.0,0.0101699999999999
EDO/BTC,1573394050399,2019-11-10T13:54:10.399Z,buy,3.39e-05,300.0,0.0101699999999999
EDO/BTC,1573394054103,2019-11-10T13:54:14.103Z,buy,3.39e-05,300.0,0.0101699999999999
EDO/BTC,1573394058207,2019-11-10T13:54:18.207Z,buy,3.39e-05,308.0,0.0104412
EDO/BTC,1573394061108,2019-11-10T13:54:21.108Z,buy,3.39e-05,308.0,0.0104412
EDO/BTC,1573394120791,2019-11-10T13:55:20.791Z,buy,3.39e-05,17.0,0.0005763
EDO/BTC,1573394177977,2019-11-10T13:56:17.977Z,buy,3.409e-05,113.0,0.00385217
EDO/BTC,1573394177977,2019-11-10T13:56:17.977Z,buy,3.411e-05,34.0,0.0011597399999999
EDO/BTC,1573394177977,2019-11-10T13:56:17.977Z,buy,3.409e-05,113.0,0.00385217
EDO/BTC,1573394177977,2019-11-10T13:56:17.977Z,buy,3.411e-05,34.0,0.0011597399999999
EDO/BTC,1573395178860,2019-11-10T14:12:58.860Z,sell,3.391e-05,32.0,0.00108512
EDO/BTC,1573396851761,2019-11-10T14:40:51.761Z,buy,3.409e-05,288.0,0.00981792
EDO/BTC,1573396851761,2019-11-10T14:40:51.761Z,buy,3.409e-05,288.0,0.00981792
EDO/BTC,1573398284297,2019-11-10T15:04:44.297Z,sell,3.394e-05,5.0,0.0001696999999999
EDO/BTC,1573398532451,2019-11-10T15:08:52.451Z,sell,3.394e-05,91.0,0.00308854
EDO/BTC,1573398532451,2019-11-10T15:08:52.451Z,sell,3.393e-05,649.0,0.02202057
EDO/BTC,1573398532451,2019-11-10T15:08:52.451Z,sell,3.391e-05,537.0,0.01820967
EDO/BTC,1573399407455,2019-11-10T15:23:27.455Z,buy,3.41e-05,60.0,0.002046
EDO/BTC,1573399407455,2019-11-10T15:23:27.455Z,buy,3.411e-05,393.0,0.0134052299999999
EDO/BTC,1573399407455,2019-11-10T15:23:27.455Z,buy,3.412e-05,523.0,0.0178447599999999
EDO/BTC,1573399407455,2019-11-10T15:23:27.455Z,buy,3.413e-05,5.0,0.00017065
EDO/BTC,1573399407455,2019-11-10T15:23:27.455Z,buy,3.416e-05,244.0,0.00833504
EDO/BTC,1573399407455,2019-11-10T15:23:27.455Z,buy,3.417e-05,725.0,0.02477325
EDO/BTC,1573399407455,2019-11-10T15:23:27.455Z,buy,3.418e-05,293.0,0.01001474
EDO/BTC,1573399407455,2019-11-10T15:23:27.455Z,buy,3.42e-05,757.0,0.0258894
EDO/BTC,1573400076804,2019-11-10T15:34:36.804Z,sell,3.404e-05,4.0,0.00013616
EDO/BTC,1573400076804,2019-11-10T15:34:36.804Z,sell,3.396e-05,36.0,0.00122256
EDO/BTC,1573400108594,2019-11-10T15:35:08.594Z,buy,3.417e-05,3.0,0.0001025099999999
EDO/BTC,1573400108594,2019-11-10T15:35:08.594Z,buy,3.417e-05,3.0,0.0001025099999999
EDO/BTC,1573400896791,2019-11-10T15:48:16.791Z,buy,3.42e-05,98.0,0.0033515999999999
EDO/BTC,1573400896866,2019-11-10T15:48:16.866Z,sell,3.427e-05,1069.0,0.03663463
EDO/BTC,1573400902143,2019-11-10T15:48:22.143Z,buy,3.429e-05,4.0,0.00013716
EDO/BTC,1573400902143,2019-11-10T15:48:22.143Z,buy,3.431e-05,24.0,0.00082344
EDO/BTC,1573400902149,2019-11-10T15:48:22.149Z,sell,3.417e-05,99.0,0.00338283
EDO/BTC,1573400902859,2019-11-10T15:48:22.859Z,sell,3.417e-05,103.0,0.00351951
EDO/BTC,1573400905203,2019-11-10T15:48:25.203Z,buy,3.431e-05,17.0,0.00058327
EDO/BTC,1573401008385,2019-11-10T15:50:08.385Z,buy,3.426e-05,3.0,0.00010278
EDO/BTC,1573401008385,2019-11-10T15:50:08.385Z,buy,3.431e-05,136.0,0.00466616
EDO/BTC,1573402153877,2019-11-10T16:09:13.877Z,buy,3.429e-05,146.0,0.00500634
EDO/BTC,1573402432574,2019-11-10T16:13:52.574Z,sell,3.417e-05,31.0,0.00105927
EDO/BTC,1573402433192,2019-11-10T16:13:53.192Z,sell,3.415e-05,50.0,0.0017075
EDO/BTC,1573402449967,2019-11-10T16:14:09.967Z,sell,3.412e-05,4.0,0.00013648
EDO/BTC,1573402449967,2019-11-10T16:14:09.967Z,sell,3.406e-05,21.0,0.00071526
EDO/BTC,1573402452937,2019-11-10T16:14:12.937Z,sell,3.406e-05,90.0,0.0030654
EDO/BTC,1573402453260,2019-11-10T16:14:13.260Z,sell,3.406e-05,25.0,0.0008515
EDO/BTC,1573402621075,2019-11-10T16:17:01.075Z,buy,3.424e-05,6.0,0.0002054399999999
EDO/BTC,1573402621075,2019-11-10T16:17:01.075Z,buy,3.428e-05,148.0,0.0050734399999999
EDO/BTC,1573402621075,2019-11-10T16:17:01.075Z,buy,3.429e-05,4.0,0.00013716
EDO/BTC,1573402621075,2019-11-10T16:17:01.075Z,buy,3.431e-05,80.0,0.0027448
EDO/BTC,1573402621754,2019-11-10T16:17:01.754Z,buy,3.431e-05,616.0,0.02113496
EDO/BTC,1573402621754,2019-11-10T16:17:01.754Z,buy,3.432e-05,7.0,0.0002402399999999
EDO/BTC,1573402623793,2019-11-10T16:17:03.793Z,buy,3.434e-05,92.0,0.00315928
EDO/BTC,1573402654172,2019-11-10T16:17:34.172Z,buy,3.434e-05,58.0,0.0019917199999999
EDO/BTC,1573402670098,2019-11-10T16:17:50.098Z,buy,3.435e-05,43.0,0.00147705
EDO/BTC,1573402687093,2019-11-10T16:18:07.093Z,sell,3.42e-05,91.0,0.0031122
EDO/BTC,1573402696665,2019-11-10T16:18:16.665Z,sell,3.42e-05,434.0,0.0148428
EDO/BTC,1573402698850,2019-11-10T16:18:18.850Z,sell,3.419e-05,291.0,0.00994929
EDO/BTC,1573402710931,2019-11-10T16:18:30.931Z,sell,3.42e-05,101.0,0.0034541999999999
EDO/BTC,1573402721680,2019-11-10T16:18:41.680Z,sell,3.412e-05,4.0,0.00013648
EDO/BTC,1573402721680,2019-11-10T16:18:41.680Z,sell,3.41e-05,85.0,0.0028985
EDO/BTC,1573402721680,2019-11-10T16:18:41.680Z,sell,3.406e-05,84.0,0.00286104
EDO/BTC,1573402729565,2019-11-10T16:18:49.565Z,sell,3.404e-05,4.0,0.00013616
EDO/BTC,1573402729565,2019-11-10T16:18:49.565Z,sell,3.4e-05,244.0,0.008296
EDO/BTC,1573402732211,2019-11-10T16:18:52.211Z,sell,3.404e-05,5.0,0.0001702
EDO/BTC,1573402734829,2019-11-10T16:18:54.829Z,sell,3.397e-05,117.0,0.00397449
EDO/BTC,1573402737546,2019-11-10T16:18:57.546Z,sell,3.398e-05,101.0,0.00343198
EDO/BTC,1573402737546,2019-11-10T16:18:57.546Z,sell,3.395e-05,4.0,0.0001358
EDO/BTC,1573402737546,2019-11-10T16:18:57.546Z,sell,3.394e-05,76.0,0.0025794399999999
EDO/BTC,1573402740133,2019-11-10T16:19:00.133Z,sell,3.391e-05,306.0,0.0103764599999999
EDO/BTC,1573402742700,2019-11-10T16:19:02.700Z,sell,3.389e-05,4.0,0.00013556
EDO/BTC,1573402745234,2019-11-10T16:19:05.234Z,sell,3.403e-05,3.0,0.00010209
EDO/BTC,1573402745234,2019-11-10T16:19:05.234Z,sell,3.386e-05,17.0,0.00057562
EDO/BTC,1573402745234,2019-11-10T16:19:05.234Z,sell,3.385e-05,59.0,0.00199715
EDO/BTC,1573402752781,2019-11-10T16:19:12.781Z,sell,3.38e-05,70.0,0.002366
EDO/BTC,1573402752781,2019-11-10T16:19:12.781Z,sell,3.377e-05,18.0,0.00060786
EDO/BTC,1573402752781,2019-11-10T16:19:12.781Z,sell,3.376e-05,4.0,0.00013504
EDO/BTC,1573402752781,2019-11-10T16:19:12.781Z,sell,3.374e-05,4.0,0.00013496
EDO/BTC,1573402752781,2019-11-10T16:19:12.781Z,sell,3.373e-05,63.0,0.0021249899999999
EDO/BTC,1573402752781,2019-11-10T16:19:12.781Z,sell,3.371e-05,184.0,0.00620264
EDO/BTC,1573402764442,2019-11-10T16:19:24.442Z,sell,3.42e-05,4.0,0.0001368
EDO/BTC,1573402785113,2019-11-10T16:19:45.113Z,sell,3.382e-05,44.0,0.00148808
EDO/BTC,1573402785113,2019-11-10T16:19:45.113Z,sell,3.377e-05,28.0,0.0009455599999999
EDO/BTC,1573402801672,2019-11-10T16:20:01.672Z,sell,3.377e-05,235.0,0.0079359499999999
EDO/BTC,1573402805544,2019-11-10T16:20:05.544Z,buy,3.389e-05,31.0,0.00105059
EDO/BTC,1573402812083,2019-11-10T16:20:12.083Z,sell,3.374e-05,279.0,0.00941346
EDO/BTC,1573402813311,2019-11-10T16:20:13.311Z,sell,3.373e-05,4.0,0.00013492
EDO/BTC,1573402813311,2019-11-10T16:20:13.311Z,sell,3.372e-05,146.0,0.00492312
EDO/BTC,1573402814781,2019-11-10T16:20:14.781Z,sell,3.371e-05,844.0,0.02845124
EDO/BTC,1573402816104,2019-11-10T16:20:16.104Z,sell,3.37e-05,1481.0,0.0499097
EDO/BTC,1573402816104,2019-11-10T16:20:16.104Z,sell,3.368e-05,107.0,0.00360376
EDO/BTC,1573402819477,2019-11-10T16:20:19.477Z,sell,3.365e-05,297.0,0.0099940499999999
EDO/BTC,1573402822074,2019-11-10T16:20:22.074Z,sell,3.36e-05,697.0,0.0234191999999999
EDO/BTC,1573402822074,2019-11-10T16:20:22.074Z,sell,3.359e-05,74.0,0.00248566
EDO/BTC,1573402822074,2019-11-10T16:20:22.074Z,sell,3.358e-05,308.0,0.01034264
EDO/BTC,1573402824875,2019-11-10T16:20:24.875Z,sell,3.358e-05,30.0,0.0010074
EDO/BTC,1573402825662,2019-11-10T16:20:25.662Z,sell,3.353e-05,13.0,0.00043589
EDO/BTC,1573402840218,2019-11-10T16:20:40.218Z,sell,3.353e-05,1487.0,0.04985911
EDO/BTC,1573402845059,2019-11-10T16:20:45.059Z,sell,3.352e-05,4.0,0.00013408
EDO/BTC,1573402845059,2019-11-10T16:20:45.059Z,sell,3.35e-05,4332.0,0.145122
EDO/BTC,1573402848508,2019-11-10T16:20:48.508Z,sell,3.345e-05,4.0,0.0001338
EDO/BTC,1573402848508,2019-11-10T16:20:48.508Z,sell,3.343e-05,1000.0,0.0334299999999999
EDO/BTC,1573402865074,2019-11-10T16:21:05.074Z,buy,3.37e-05,58.0,0.0019546
EDO/BTC,1573402868218,2019-11-10T16:21:08.218Z,buy,3.37e-05,232.0,0.0078184
EDO/BTC,1573402877434,2019-11-10T16:21:17.434Z,buy,3.37e-05,15.0,0.0005055
EDO/BTC,1573402878742,2019-11-10T16:21:18.742Z,sell,3.342e-05,5.0,0.0001671
EDO/BTC,1573402880997,2019-11-10T16:21:20.997Z,sell,3.342e-05,29.0,0.00096918
EDO/BTC,1573402880997,2019-11-10T16:21:20.997Z,sell,3.341e-05,4.0,0.00013364
EDO/BTC,1573402883322,2019-11-10T16:21:23.322Z,buy,3.341e-05,80.0,0.0026728
EDO/BTC,1573402883331,2019-11-10T16:21:23.331Z,buy,3.341e-05,41.0,0.00136981
EDO/BTC,1573402883780,2019-11-10T16:21:23.780Z,buy,3.341e-05,62.0,0.00207142
EDO/BTC,1573402883872,2019-11-10T16:21:23.872Z,buy,3.341e-05,285.0,0.00952185
EDO/BTC,1573402887001,2019-11-10T16:21:27.001Z,sell,3.351e-05,120.0,0.0040212
EDO/BTC,1573402898328,2019-11-10T16:21:38.328Z,buy,3.342e-05,74.0,0.00247308
EDO/BTC,1573402903343,2019-11-10T16:21:43.343Z,sell,3.34e-05,2832.0,0.0945888
EDO/BTC,1573402930514,2019-11-10T16:22:10.514Z,sell,3.343e-05,388.0,0.0129708399999999
EDO/BTC,1573402938452,2019-11-10T16:22:18.452Z,sell,3.341e-05,34.0,0.00113594
EDO/BTC,1573402938452,2019-11-10T16:22:18.452Z,sell,3.34e-05,229.0,0.0076485999999999
EDO/BTC,1573402940931,2019-11-10T16:22:20.931Z,sell,3.341e-05,56.0,0.00187096
EDO/BTC,1573402940931,2019-11-10T16:22:20.931Z,sell,3.34e-05,223.0,0.0074481999999999
EDO/BTC,1573402986541,2019-11-10T16:23:06.541Z,sell,3.34e-05,11241.0,0.3754494
EDO/BTC,1573402987549,2019-11-10T16:23:07.549Z,sell,3.339e-05,70.0,0.0023372999999999
EDO/BTC,1573403004038,2019-11-10T16:23:24.038Z,sell,3.341e-05,3.0,0.00010023
EDO/BTC,1573403004038,2019-11-10T16:23:24.038Z,sell,3.334e-05,6.0,0.00020004
EDO/BTC,1573403004038,2019-11-10T16:23:24.038Z,sell,3.333e-05,120.0,0.0039996
EDO/BTC,1573403004038,2019-11-10T16:23:24.038Z,sell,3.332e-05,45.0,0.0014994
EDO/BTC,1573403005044,2019-11-10T16:23:25.044Z,sell,3.33e-05,128.0,0.0042624
EDO/BTC,1573403100178,2019-11-10T16:25:00.178Z,buy,3.351e-05,1.0,3.351e-05
EDO/BTC,1573403100178,2019-11-10T16:25:00.178Z,buy,3.351e-05,86.0,0.00288186
EDO/BTC,1573403152029,2019-11-10T16:25:52.029Z,buy,3.351e-05,646.0,0.02164746
EDO/BTC,1573403152029,2019-11-10T16:25:52.029Z,buy,3.352e-05,4.0,0.00013408
EDO/BTC,1573403152029,2019-11-10T16:25:52.029Z,buy,3.358e-05,90.0,0.0030222
EDO/BTC,1573403152029,2019-11-10T16:25:52.029Z,buy,3.359e-05,4.0,0.00013436
EDO/BTC,1573403152029,2019-11-10T16:25:52.029Z,buy,3.36e-05,4.0,0.0001344
EDO/BTC,1573403152029,2019-11-10T16:25:52.029Z,buy,3.368e-05,2.0,6.736e-05
EDO/BTC,1573403158028,2019-11-10T16:25:58.028Z,sell,3.338e-05,93.0,0.00310434
EDO/BTC,1573403158028,2019-11-10T16:25:58.028Z,sell,3.337e-05,54.0,0.00180198
EDO/BTC,1573403225321,2019-11-10T16:27:05.321Z,sell,3.341e-05,24.0,0.00080184
EDO/BTC,1573403225326,2019-11-10T16:27:05.326Z,sell,3.341e-05,97.0,0.00324077
EDO/BTC,1573403233845,2019-11-10T16:27:13.845Z,sell,3.341e-05,908.0,0.03033628
EDO/BTC,1573403241959,2019-11-10T16:27:21.959Z,sell,3.341e-05,675.0,0.02255175
EDO/BTC,1573403270522,2019-11-10T16:27:50.522Z,buy,3.341e-05,147.0,0.00491127
EDO/BTC,1573403270522,2019-11-10T16:27:50.522Z,buy,3.344e-05,3.0,0.0001003199999999
EDO/BTC,1573403282389,2019-11-10T16:28:02.389Z,sell,3.33e-05,4.0,0.0001332
EDO/BTC,1573403282389,2019-11-10T16:28:02.389Z,sell,3.323e-05,4.0,0.00013292
EDO/BTC,1573403282389,2019-11-10T16:28:02.389Z,sell,3.321e-05,627.0,0.02082267
EDO/BTC,1573403367532,2019-11-10T16:29:27.532Z,buy,3.341e-05,4.0,0.00013364
EDO/BTC,1573403395454,2019-11-10T16:29:55.454Z,buy,3.345e-05,4.0,0.0001338
EDO/BTC,1573403490233,2019-11-10T16:31:30.233Z,buy,3.352e-05,4.0,0.00013408
EDO/BTC,1573403491352,2019-11-10T16:31:31.352Z,sell,3.353e-05,172.0,0.0057671599999999
EDO/BTC,1573403514913,2019-11-10T16:31:54.913Z,buy,3.358e-05,1065.0,0.0357627
EDO/BTC,1573403518803,2019-11-10T16:31:58.803Z,buy,3.358e-05,113.0,0.00379454
EDO/BTC,1573403518803,2019-11-10T16:31:58.803Z,buy,3.358e-05,113.0,0.00379454
EDO/BTC,1573403767462,2019-11-10T16:36:07.462Z,buy,3.358e-05,50.0,0.001679
EDO/BTC,1573404012858,2019-11-10T16:40:12.858Z,buy,3.357e-05,300.0,0.010071
EDO/BTC,1573404064675,2019-11-10T16:41:04.675Z,buy,3.359e-05,4.0,0.00013436
EDO/BTC,1573404064675,2019-11-10T16:41:04.675Z,buy,3.361e-05,284.0,0.00954524
EDO/BTC,1573404155923,2019-11-10T16:42:35.923Z,sell,3.353e-05,119.0,0.00399007
EDO/BTC,1573404155923,2019-11-10T16:42:35.923Z,sell,3.351e-05,27.0,0.00090477
EDO/BTC,1573404302885,2019-11-10T16:45:02.885Z,sell,3.352e-05,1341.0,0.0449503199999999
EDO/BTC,1573404320968,2019-11-10T16:45:20.968Z,buy,3.353e-05,410.0,0.0137473
EDO/BTC,1573404680904,2019-11-10T16:51:20.904Z,sell,3.353e-05,91.0,0.00305123
EDO/BTC,1573404680904,2019-11-10T16:51:20.904Z,sell,3.352e-05,219.0,0.0073408799999999
EDO/BTC,1573404680904,2019-11-10T16:51:20.904Z,sell,3.35e-05,2.0,6.7e-05
EDO/BTC,1573405461886,2019-11-10T17:04:21.886Z,sell,3.356e-05,76.0,0.00255056
EDO/BTC,1573405539485,2019-11-10T17:05:39.485Z,buy,3.356e-05,3.0,0.0001006799999999
EDO/BTC,1573405539485,2019-11-10T17:05:39.485Z,buy,3.368e-05,23.0,0.00077464
EDO/BTC,1573405574152,2019-11-10T17:06:14.152Z,buy,3.368e-05,78.0,0.00262704
EDO/BTC,1573405574152,2019-11-10T17:06:14.152Z,buy,3.373e-05,4.0,0.00013492
EDO/BTC,1573405574152,2019-11-10T17:06:14.152Z,buy,3.374e-05,4.0,0.00013496
EDO/BTC,1573405574152,2019-11-10T17:06:14.152Z,buy,3.375e-05,91.0,0.00307125
EDO/BTC,1573405596503,2019-11-10T17:06:36.503Z,buy,3.375e-05,183.0,0.00617625
EDO/BTC,1573405804019,2019-11-10T17:10:04.019Z,sell,3.368e-05,5.0,0.0001684
EDO/BTC,1573405804019,2019-11-10T17:10:04.019Z,sell,3.366e-05,40.0,0.0013464
EDO/BTC,1573405804090,2019-11-10T17:10:04.090Z,buy,3.367e-05,150.0,0.0050505
EDO/BTC,1573405960758,2019-11-10T17:12:40.758Z,buy,3.367e-05,385.0,0.01296295
EDO/BTC,1573406104065,2019-11-10T17:15:04.065Z,sell,3.367e-05,43.0,0.00144781
EDO/BTC,1573406453375,2019-11-10T17:20:53.375Z,sell,3.367e-05,45.0,0.00151515
EDO/BTC,1573406583260,2019-11-10T17:23:03.260Z,sell,3.367e-05,8.0,0.00026936
EDO/BTC,1573406755774,2019-11-10T17:25:55.774Z,buy,3.376e-05,4.0,0.00013504
EDO/BTC,1573406755774,2019-11-10T17:25:55.774Z,buy,3.389e-05,4.0,0.00013556
EDO/BTC,1573406755774,2019-11-10T17:25:55.774Z,buy,3.394e-05,4.0,0.00013576
EDO/BTC,1573406755774,2019-11-10T17:25:55.774Z,buy,3.395e-05,4.0,0.0001358
EDO/BTC,1573406755774,2019-11-10T17:25:55.774Z,buy,3.4e-05,10.0,0.00034
EDO/BTC,1573406757909,2019-11-10T17:25:57.909Z,sell,3.376e-05,4.0,0.00013504
EDO/BTC,1573406757909,2019-11-10T17:25:57.909Z,sell,3.374e-05,4.0,0.00013496
EDO/BTC,1573406757909,2019-11-10T17:25:57.909Z,sell,3.373e-05,4.0,0.00013492
EDO/BTC,1573406757909,2019-11-10T17:25:57.909Z,sell,3.371e-05,157.0,0.00529247
EDO/BTC,1573406757909,2019-11-10T17:25:57.909Z,sell,3.37e-05,26.0,0.0008761999999999
EDO/BTC,1573406995842,2019-11-10T17:29:55.842Z,buy,3.387e-05,4.0,0.00013548
EDO/BTC,1573406995842,2019-11-10T17:29:55.842Z,buy,3.387e-05,4.0,0.00013548
EDO/BTC,1573407557223,2019-11-10T17:39:17.223Z,buy,3.385e-05,26.0,0.0008801
EDO/BTC,1573408221207,2019-11-10T17:50:21.207Z,sell,3.387e-05,2.0,6.774e-05
EDO/BTC,1573408221207,2019-11-10T17:50:21.207Z,sell,3.366e-05,23.0,0.00077418
EDO/BTC,1573408222719,2019-11-10T17:50:22.719Z,sell,3.366e-05,25.0,0.0008415
EDO/BTC,1573408446852,2019-11-10T17:54:06.852Z,sell,3.373e-05,3.0,0.00010119
EDO/BTC,1573408446852,2019-11-10T17:54:06.852Z,sell,3.368e-05,17.0,0.00057256
EDO/BTC,1573408787944,2019-11-10T17:59:47.944Z,sell,3.368e-05,96.0,0.00323328
EDO/BTC,1573408973843,2019-11-10T18:02:53.843Z,sell,3.373e-05,149.0,0.00502577
EDO/BTC,1573408982741,2019-11-10T18:03:02.741Z,sell,3.373e-05,1450.0,0.0489084999999999
EDO/BTC,1573409140005,2019-11-10T18:05:40.005Z,sell,3.373e-05,10.0,0.0003372999999999
EDO/BTC,1573409140005,2019-11-10T18:05:40.005Z,sell,3.373e-05,10.0,0.0003372999999999
EDO/BTC,1573411858149,2019-11-10T18:50:58.149Z,sell,3.376e-05,100.0,0.003376
EDO/BTC,1573412087972,2019-11-10T18:54:47.972Z,buy,3.388e-05,3.0,0.00010164
EDO/BTC,1573412097219,2019-11-10T18:54:57.219Z,sell,3.377e-05,148.0,0.0049979599999999
EDO/BTC,1573412097219,2019-11-10T18:54:57.219Z,sell,3.377e-05,148.0,0.0049979599999999
EDO/BTC,1573414757077,2019-11-10T19:39:17.077Z,sell,3.377e-05,45.0,0.0015196499999999
EDO/BTC,1573415014341,2019-11-10T19:43:34.341Z,sell,3.377e-05,172.0,0.00580844
EDO/BTC,1573415380793,2019-11-10T19:49:40.793Z,sell,3.375e-05,350.0,0.0118125
EDO/BTC,1573415587658,2019-11-10T19:53:07.658Z,sell,3.366e-05,281.0,0.00945846
EDO/BTC,1573415675116,2019-11-10T19:54:35.116Z,sell,3.366e-05,27.0,0.00090882
EDO/BTC,1573415675116,2019-11-10T19:54:35.116Z,sell,3.366e-05,27.0,0.00090882
EDO/BTC,1573416681348,2019-11-10T20:11:21.348Z,sell,3.366e-05,155.0,0.0052173
EDO/BTC,1573416969921,2019-11-10T20:16:09.921Z,buy,3.366e-05,3.0,0.00010098
EDO/BTC,1573417022314,2019-11-10T20:17:02.314Z,sell,3.36e-05,4.0,0.0001344
EDO/BTC,1573417022314,2019-11-10T20:17:02.314Z,sell,3.359e-05,4.0,0.00013436
EDO/BTC,1573417022314,2019-11-10T20:17:02.314Z,sell,3.352e-05,4.0,0.00013408
EDO/BTC,1573417022314,2019-11-10T20:17:02.314Z,sell,3.351e-05,577.0,0.01933527
EDO/BTC,1573417022314,2019-11-10T20:17:02.314Z,sell,3.35e-05,37.0,0.0012395
EDO/BTC,1573417056634,2019-11-10T20:17:36.634Z,buy,3.356e-05,5.0,0.0001677999999999
EDO/BTC,1573417056634,2019-11-10T20:17:36.634Z,buy,3.357e-05,11.0,0.00036927
EDO/BTC,1573417074142,2019-11-10T20:17:54.142Z,sell,3.35e-05,127.0,0.0042545
EDO/BTC,1573417083283,2019-11-10T20:18:03.283Z,buy,3.354e-05,16.0,0.00053664
EDO/BTC,1573417083834,2019-11-10T20:18:03.834Z,buy,3.357e-05,98.0,0.00328986
EDO/BTC,1573417094758,2019-11-10T20:18:14.758Z,sell,3.353e-05,3.0,0.00010059
EDO/BTC,1573417094758,2019-11-10T20:18:14.758Z,sell,3.35e-05,134.0,0.004489
EDO/BTC,1573417094758,2019-11-10T20:18:14.758Z,sell,3.349e-05,163.0,0.00545887
EDO/BTC,1573417094758,2019-11-10T20:18:14.758Z,sell,3.345e-05,301.0,0.01006845
EDO/BTC,1573417094758,2019-11-10T20:18:14.758Z,sell,3.341e-05,4.0,0.00013364
EDO/BTC,1573417094758,2019-11-10T20:18:14.758Z,sell,3.339e-05,3.0,0.0001001699999999
EDO/BTC,1573417094758,2019-11-10T20:18:14.758Z,sell,3.333e-05,735.0,0.02449755
EDO/BTC,1573417094758,2019-11-10T20:18:14.758Z,sell,3.332e-05,4.0,0.00013328
EDO/BTC,1573417094758,2019-11-10T20:18:14.758Z,sell,3.33e-05,354.0,0.0117882
EDO/BTC,1573417094758,2019-11-10T20:18:14.758Z,sell,3.33e-05,24.0,0.0007992
EDO/BTC,1573417103567,2019-11-10T20:18:23.567Z,sell,3.331e-05,58.0,0.0019319799999999
EDO/BTC,1573417103682,2019-11-10T20:18:23.682Z,buy,3.344e-05,58.0,0.00193952
EDO/BTC,1573417119829,2019-11-10T20:18:39.829Z,buy,3.345e-05,4.0,0.0001338
EDO/BTC,1573417122332,2019-11-10T20:18:42.332Z,buy,3.352e-05,4.0,0.00013408
EDO/BTC,1573417122332,2019-11-10T20:18:42.332Z,buy,3.359e-05,4.0,0.00013436
EDO/BTC,1573417122332,2019-11-10T20:18:42.332Z,buy,3.36e-05,4.0,0.0001344
EDO/BTC,1573417122332,2019-11-10T20:18:42.332Z,buy,3.366e-05,5.0,0.0001683
EDO/BTC,1573417122351,2019-11-10T20:18:42.351Z,buy,3.366e-05,17.0,0.00057222
EDO/BTC,1573417123944,2019-11-10T20:18:43.944Z,buy,3.366e-05,17.0,0.00057222
EDO/BTC,1573417317721,2019-11-10T20:21:57.721Z,buy,3.366e-05,1.0,3.366e-05
EDO/BTC,1573417614752,2019-11-10T20:26:54.752Z,buy,3.351e-05,271.0,0.00908121
EDO/BTC,1573417703399,2019-11-10T20:28:23.399Z,buy,3.366e-05,55.0,0.0018513
EDO/BTC,1573417718177,2019-11-10T20:28:38.177Z,buy,3.368e-05,566.0,0.01906288
EDO/BTC,1573417749791,2019-11-10T20:29:09.791Z,buy,3.373e-05,526.0,0.0177419799999999
EDO/BTC,1573417781185,2019-11-10T20:29:41.185Z,sell,3.353e-05,17.0,0.00057001
EDO/BTC,1573418017185,2019-11-10T20:33:37.185Z,buy,3.374e-05,4.0,0.00013496
EDO/BTC,1573418017185,2019-11-10T20:33:37.185Z,buy,3.375e-05,6.0,0.0002025
EDO/BTC,1573418017185,2019-11-10T20:33:37.185Z,buy,3.376e-05,4.0,0.00013504
EDO/BTC,1573418017185,2019-11-10T20:33:37.185Z,buy,3.377e-05,59.0,0.00199243
EDO/BTC,1573418017185,2019-11-10T20:33:37.185Z,buy,3.388e-05,25.0,0.000847
EDO/BTC,1573418017185,2019-11-10T20:33:37.185Z,buy,3.389e-05,4.0,0.00013556
EDO/BTC,1573418017185,2019-11-10T20:33:37.185Z,buy,3.394e-05,4.0,0.00013576
EDO/BTC,1573418017185,2019-11-10T20:33:37.185Z,buy,3.395e-05,11.0,0.00037345
EDO/BTC,1573418017185,2019-11-10T20:33:37.185Z,buy,3.4e-05,1.0,3.4e-05
EDO/BTC,1573418017185,2019-11-10T20:33:37.185Z,buy,3.404e-05,42.0,0.00142968
EDO/BTC,1573418017185,2019-11-10T20:33:37.185Z,buy,3.406e-05,99.0,0.00337194
EDO/BTC,1573418017185,2019-11-10T20:33:37.185Z,buy,3.41e-05,272.0,0.0092752
EDO/BTC,1573418017205,2019-11-10T20:33:37.205Z,sell,3.41e-05,88.0,0.0030008
EDO/BTC,1573418017209,2019-11-10T20:33:37.209Z,sell,3.41e-05,38.0,0.0012958
EDO/BTC,1573418017211,2019-11-10T20:33:37.211Z,sell,3.41e-05,97.0,0.0033077
EDO/BTC,1573418017218,2019-11-10T20:33:37.218Z,sell,3.41e-05,97.0,0.0033077
EDO/BTC,1573418017231,2019-11-10T20:33:37.231Z,sell,3.41e-05,14.0,0.0004774
EDO/BTC,1573418020416,2019-11-10T20:33:40.416Z,buy,3.397e-05,5.0,0.00016985
EDO/BTC,1573418046239,2019-11-10T20:34:06.239Z,buy,3.396e-05,89.0,0.00302244
EDO/BTC,1573418053371,2019-11-10T20:34:13.371Z,sell,3.389e-05,4.0,0.00013556
EDO/BTC,1573418053371,2019-11-10T20:34:13.371Z,sell,3.376e-05,4.0,0.00013504
EDO/BTC,1573418053371,2019-11-10T20:34:13.371Z,sell,3.374e-05,4.0,0.00013496
EDO/BTC,1573418053371,2019-11-10T20:34:13.371Z,sell,3.373e-05,4.0,0.00013492
EDO/BTC,1573418053371,2019-11-10T20:34:13.371Z,sell,3.372e-05,87.0,0.00293364
EDO/BTC,1573418177997,2019-11-10T20:36:17.997Z,buy,3.386e-05,3.0,0.0001015799999999
EDO/BTC,1573418203408,2019-11-10T20:36:43.408Z,sell,3.368e-05,16.0,0.00053888
EDO/BTC,1573418787086,2019-11-10T20:46:27.086Z,buy,3.379e-05,5.0,0.00016895
EDO/BTC,1573419112777,2019-11-10T20:51:52.777Z,buy,3.379e-05,79.0,0.00266941
EDO/BTC,1573419112777,2019-11-10T20:51:52.777Z,buy,3.38e-05,114.0,0.0038532
EDO/BTC,1573419113627,2019-11-10T20:51:53.627Z,buy,3.389e-05,4.0,0.00013556
EDO/BTC,1573419113627,2019-11-10T20:51:53.627Z,buy,3.394e-05,7.0,0.0002375799999999
EDO/BTC,1573419113627,2019-11-10T20:51:53.627Z,buy,3.395e-05,4.0,0.0001358
EDO/BTC,1573419113627,2019-11-10T20:51:53.627Z,buy,3.403e-05,3.0,0.00010209
EDO/BTC,1573419113627,2019-11-10T20:51:53.627Z,buy,3.404e-05,8.0,0.00027232
EDO/BTC,1573419113627,2019-11-10T20:51:53.627Z,buy,3.405e-05,163.0,0.00555015
EDO/BTC,1573419113627,2019-11-10T20:51:53.627Z,buy,3.412e-05,4.0,0.00013648
EDO/BTC,1573419113627,2019-11-10T20:51:53.627Z,buy,3.414e-05,5.0,0.0001707
EDO/BTC,1573419113627,2019-11-10T20:51:53.627Z,buy,3.416e-05,4.0,0.00013664
EDO/BTC,1573419113627,2019-11-10T20:51:53.627Z,buy,3.419e-05,18.0,0.00061542
EDO/BTC,1573419113627,2019-11-10T20:51:53.627Z,buy,3.42e-05,4.0,0.0001368
EDO/BTC,1573419113643,2019-11-10T20:51:53.643Z,sell,3.423e-05,135.0,0.00462105
EDO/BTC,1573419113653,2019-11-10T20:51:53.653Z,sell,3.423e-05,205.0,0.00701715
EDO/BTC,1573419113655,2019-11-10T20:51:53.655Z,sell,3.423e-05,205.0,0.00701715
EDO/BTC,1573419113657,2019-11-10T20:51:53.657Z,sell,3.423e-05,205.0,0.00701715
EDO/BTC,1573419113657,2019-11-10T20:51:53.657Z,sell,3.423e-05,353.0,0.01208319
EDO/BTC,1573419113659,2019-11-10T20:51:53.659Z,sell,3.423e-05,205.0,0.00701715
EDO/BTC,1573419113671,2019-11-10T20:51:53.671Z,sell,3.423e-05,69.0,0.00236187
EDO/BTC,1573419113673,2019-11-10T20:51:53.673Z,sell,3.423e-05,69.0,0.00236187
EDO/BTC,1573419113677,2019-11-10T20:51:53.677Z,sell,3.423e-05,70.0,0.0023961
EDO/BTC,1573419113680,2019-11-10T20:51:53.680Z,sell,3.423e-05,70.0,0.0023961
EDO/BTC,1573419113685,2019-11-10T20:51:53.685Z,sell,3.423e-05,6.0,0.00020538
EDO/BTC,1573419113960,2019-11-10T20:51:53.960Z,sell,3.423e-05,27.0,0.00092421
EDO/BTC,1573419114546,2019-11-10T20:51:54.546Z,sell,3.423e-05,48.0,0.00164304
EDO/BTC,1573419114663,2019-11-10T20:51:54.663Z,sell,3.423e-05,150.0,0.0051345
EDO/BTC,1573419114866,2019-11-10T20:51:54.866Z,sell,3.385e-05,48.0,0.0016248
EDO/BTC,1573419115134,2019-11-10T20:51:55.134Z,buy,3.424e-05,5.0,0.0001712
EDO/BTC,1573419118565,2019-11-10T20:51:58.565Z,sell,3.413e-05,147.0,0.00501711
EDO/BTC,1573419119100,2019-11-10T20:51:59.100Z,sell,3.413e-05,83.0,0.00283279
EDO/BTC,1573419119761,2019-11-10T20:51:59.761Z,sell,3.413e-05,100.0,0.003413
EDO/BTC,1573419120764,2019-11-10T20:52:00.764Z,sell,3.413e-05,183.0,0.00624579
EDO/BTC,1573419121331,2019-11-10T20:52:01.331Z,sell,3.413e-05,3.0,0.00010239
EDO/BTC,1573419121961,2019-11-10T20:52:01.961Z,sell,3.413e-05,180.0,0.0061434
EDO/BTC,1573419122973,2019-11-10T20:52:02.973Z,sell,3.413e-05,183.0,0.00624579
EDO/BTC,1573419124064,2019-11-10T20:52:04.064Z,sell,3.413e-05,183.0,0.00624579
EDO/BTC,1573419125069,2019-11-10T20:52:05.069Z,sell,3.413e-05,183.0,0.00624579
EDO/BTC,1573419126169,2019-11-10T20:52:06.169Z,sell,3.413e-05,183.0,0.00624579
EDO/BTC,1573419126450,2019-11-10T20:52:06.450Z,sell,3.413e-05,149.0,0.00508537
EDO/BTC,1573419127166,2019-11-10T20:52:07.166Z,sell,3.413e-05,173.0,0.00590449
EDO/BTC,1573419128167,2019-11-10T20:52:08.167Z,sell,3.413e-05,36.0,0.00122868
EDO/BTC,1573419129608,2019-11-10T20:52:09.608Z,sell,3.413e-05,26.0,0.00088738
EDO/BTC,1573419129608,2019-11-10T20:52:09.608Z,sell,3.404e-05,4.0,0.00013616
EDO/BTC,1573419129608,2019-11-10T20:52:09.608Z,sell,3.395e-05,1.0,3.395e-05
EDO/BTC,1573419172620,2019-11-10T20:52:52.620Z,sell,3.395e-05,3.0,0.00010185
EDO/BTC,1573419172620,2019-11-10T20:52:52.620Z,sell,3.394e-05,4.0,0.00013576
EDO/BTC,1573419172620,2019-11-10T20:52:52.620Z,sell,3.389e-05,4.0,0.00013556
EDO/BTC,1573419172620,2019-11-10T20:52:52.620Z,sell,3.387e-05,9.0,0.0003048299999999
EDO/BTC,1573419172620,2019-11-10T20:52:52.620Z,sell,3.383e-05,51.0,0.00172533
EDO/BTC,1573419172620,2019-11-10T20:52:52.620Z,sell,3.395e-05,3.0,0.00010185
EDO/BTC,1573419172620,2019-11-10T20:52:52.620Z,sell,3.394e-05,4.0,0.00013576
EDO/BTC,1573419172620,2019-11-10T20:52:52.620Z,sell,3.389e-05,4.0,0.00013556
EDO/BTC,1573419172620,2019-11-10T20:52:52.620Z,sell,3.387e-05,9.0,0.0003048299999999
EDO/BTC,1573419172620,2019-11-10T20:52:52.620Z,sell,3.383e-05,51.0,0.00172533
EDO/BTC,1573419280265,2019-11-10T20:54:40.265Z,buy,3.399e-05,2325.0,0.0790267499999999
EDO/BTC,1573419280265,2019-11-10T20:54:40.265Z,buy,3.4e-05,173.0,0.005882
EDO/BTC,1573419280265,2019-11-10T20:54:40.265Z,buy,3.403e-05,294.0,0.01000482
EDO/BTC,1573419280265,2019-11-10T20:54:40.265Z,buy,3.404e-05,4.0,0.00013616
EDO/BTC,1573419280306,2019-11-10T20:54:40.306Z,buy,3.407e-05,432.0,0.0147182399999999
EDO/BTC,1573419319695,2019-11-10T20:55:19.695Z,sell,3.406e-05,393.0,0.01338558
EDO/BTC,1573419320816,2019-11-10T20:55:20.816Z,sell,3.406e-05,102.0,0.00347412
EDO/BTC,1573419335432,2019-11-10T20:55:35.432Z,sell,3.389e-05,4.0,0.00013556
EDO/BTC,1573419335432,2019-11-10T20:55:35.432Z,sell,3.378e-05,12.0,0.00040536
EDO/BTC,1573419349346,2019-11-10T20:55:49.346Z,buy,3.404e-05,4.0,0.00013616
EDO/BTC,1573419349346,2019-11-10T20:55:49.346Z,buy,3.406e-05,27.0,0.00091962
EDO/BTC,1573419349346,2019-11-10T20:55:49.346Z,buy,3.41e-05,416.0,0.0141856
EDO/BTC,1573419364453,2019-11-10T20:56:04.453Z,sell,3.41e-05,193.0,0.0065813
EDO/BTC,1573419389090,2019-11-10T20:56:29.090Z,buy,3.411e-05,25.0,0.0008527499999999
EDO/BTC,1573419389090,2019-11-10T20:56:29.090Z,buy,3.412e-05,4.0,0.00013648
EDO/BTC,1573419390798,2019-11-10T20:56:30.798Z,sell,3.415e-05,104.0,0.0035516
EDO/BTC,1573419390845,2019-11-10T20:56:30.845Z,sell,3.415e-05,10.0,0.0003415
EDO/BTC,1573419391056,2019-11-10T20:56:31.056Z,sell,3.415e-05,109.0,0.00372235
EDO/BTC,1573419429162,2019-11-10T20:57:09.162Z,buy,3.416e-05,4.0,0.00013664
EDO/BTC,1573419429162,2019-11-10T20:57:09.162Z,buy,3.418e-05,437.0,0.01493666
EDO/BTC,1573419429162,2019-11-10T20:57:09.162Z,buy,3.419e-05,117.0,0.00400023
EDO/BTC,1573419429162,2019-11-10T20:57:09.162Z,buy,3.42e-05,123.0,0.0042066
EDO/BTC,1573419431723,2019-11-10T20:57:11.723Z,sell,3.42e-05,38.0,0.0012996
EDO/BTC,1573419467338,2019-11-10T20:57:47.338Z,sell,3.404e-05,4.0,0.00013616
EDO/BTC,1573419467338,2019-11-10T20:57:47.338Z,sell,3.396e-05,3.0,0.00010188
EDO/BTC,1573419492482,2019-11-10T20:58:12.482Z,buy,3.42e-05,4.0,0.0001368
EDO/BTC,1573419492482,2019-11-10T20:58:12.482Z,buy,3.423e-05,293.0,0.01002939
EDO/BTC,1573419492482,2019-11-10T20:58:12.482Z,buy,3.424e-05,36.0,0.00123264
EDO/BTC,1573419492482,2019-11-10T20:58:12.482Z,buy,3.426e-05,147.0,0.00503622
EDO/BTC,1573419492482,2019-11-10T20:58:12.482Z,buy,3.429e-05,4.0,0.00013716
EDO/BTC,1573419492482,2019-11-10T20:58:12.482Z,buy,3.43e-05,20.0,0.000686
EDO/BTC,1573419507235,2019-11-10T20:58:27.235Z,sell,3.428e-05,116.0,0.0039764799999999
EDO/BTC,1573419533829,2019-11-10T20:58:53.829Z,buy,3.431e-05,195.0,0.00669045
EDO/BTC,1573419533829,2019-11-10T20:58:53.829Z,buy,3.432e-05,118.0,0.0040497599999999
EDO/BTC,1573419533829,2019-11-10T20:58:53.829Z,buy,3.434e-05,123.0,0.00422382
EDO/BTC,1573419533829,2019-11-10T20:58:53.829Z,buy,3.435e-05,92.0,0.0031602
EDO/BTC,1573419533829,2019-11-10T20:58:53.829Z,buy,3.438e-05,4.0,0.00013752
EDO/BTC,1573419533829,2019-11-10T20:58:53.829Z,buy,3.439e-05,237.0,0.00815043
EDO/BTC,1573419533829,2019-11-10T20:58:53.829Z,buy,3.44e-05,426.0,0.0146544
EDO/BTC,1573419533829,2019-11-10T20:58:53.829Z,buy,3.441e-05,75.0,0.0025807499999999
EDO/BTC,1573419533829,2019-11-10T20:58:53.829Z,buy,3.442e-05,118.0,0.00406156
EDO/BTC,1573419533829,2019-11-10T20:58:53.829Z,buy,3.443e-05,272.0,0.00936496
EDO/BTC,1573419533829,2019-11-10T20:58:53.829Z,buy,3.444e-05,96.0,0.00330624
EDO/BTC,1573419533829,2019-11-10T20:58:53.829Z,buy,3.445e-05,125.0,0.0043062499999999
EDO/BTC,1573419533829,2019-11-10T20:58:53.829Z,buy,3.447e-05,4.0,0.00013788
EDO/BTC,1573419533829,2019-11-10T20:58:53.829Z,buy,3.45e-05,405.0,0.0139724999999999
EDO/BTC,1573419533829,2019-11-10T20:58:53.829Z,sell,3.45e-05,10.0,0.000345
EDO/BTC,1573419533861,2019-11-10T20:58:53.861Z,sell,3.45e-05,129.0,0.0044505
EDO/BTC,1573419533861,2019-11-10T20:58:53.861Z,sell,3.45e-05,27.0,0.0009314999999999
EDO/BTC,1573419533877,2019-11-10T20:58:53.877Z,sell,3.45e-05,202.0,0.0069689999999999
EDO/BTC,1573419533877,2019-11-10T20:58:53.877Z,sell,3.45e-05,321.0,0.0110745
EDO/BTC,1573419533886,2019-11-10T20:58:53.886Z,sell,3.45e-05,61.0,0.0021045
EDO/BTC,1573419533907,2019-11-10T20:58:53.907Z,sell,3.45e-05,1316.0,0.045402
EDO/BTC,1573419533910,2019-11-10T20:58:53.910Z,sell,3.45e-05,145.0,0.0050025
EDO/BTC,1573419533918,2019-11-10T20:58:53.918Z,sell,3.45e-05,152.0,0.0052439999999999
EDO/BTC,1573419533963,2019-11-10T20:58:53.963Z,sell,3.45e-05,7556.0,0.2606819999999999
EDO/BTC,1573419534016,2019-11-10T20:58:54.016Z,sell,3.45e-05,46.0,0.0015869999999999
EDO/BTC,1573419534033,2019-11-10T20:58:54.033Z,sell,3.45e-05,8.0,0.000276
EDO/BTC,1573419534572,2019-11-10T20:58:54.572Z,sell,3.45e-05,43.0,0.0014835
EDO/BTC,1573419536302,2019-11-10T20:58:56.302Z,buy,3.452e-05,130.0,0.0044876
EDO/BTC,1573419536302,2019-11-10T20:58:56.302Z,buy,3.454e-05,19.0,0.00065626
EDO/BTC,1573419536302,2019-11-10T20:58:56.302Z,buy,3.459e-05,1.0,3.459e-05
EDO/BTC,1573419536385,2019-11-10T20:58:56.385Z,sell,3.45e-05,58.0,0.0020009999999999
EDO/BTC,1573419536876,2019-11-10T20:58:56.876Z,sell,3.45e-05,118.0,0.004071
EDO/BTC,1573419537092,2019-11-10T20:58:57.092Z,buy,3.459e-05,3.0,0.0001037699999999
EDO/BTC,1573419537092,2019-11-10T20:58:57.092Z,buy,3.46e-05,2.0,6.92e-05
EDO/BTC,1573419541800,2019-11-10T20:59:01.800Z,sell,3.45e-05,3.0,0.0001035
EDO/BTC,1573419542170,2019-11-10T20:59:02.170Z,sell,3.45e-05,3.0,0.0001035
EDO/BTC,1573419544107,2019-11-10T20:59:04.107Z,sell,3.45e-05,117.0,0.0040365
EDO/BTC,1573419556111,2019-11-10T20:59:16.111Z,sell,3.45e-05,439.0,0.0151455
EDO/BTC,1573419557677,2019-11-10T20:59:17.677Z,buy,3.457e-05,6.0,0.00020742
EDO/BTC,1573419561796,2019-11-10T20:59:21.796Z,sell,3.45e-05,65.0,0.0022424999999999
EDO/BTC,1573419595761,2019-11-10T20:59:55.761Z,sell,3.438e-05,4.0,0.00013752
EDO/BTC,1573419596727,2019-11-10T20:59:56.727Z,sell,3.435e-05,5.0,0.00017175
EDO/BTC,1573419704382,2019-11-10T21:01:44.382Z,buy,3.447e-05,1.0,3.447e-05
EDO/BTC,1573419881147,2019-11-10T21:04:41.147Z,buy,3.442e-05,3.0,0.00010326
EDO/BTC,1573419886862,2019-11-10T21:04:46.862Z,sell,3.442e-05,50.0,0.0017209999999999
EDO/BTC,1573419899315,2019-11-10T21:04:59.315Z,buy,3.444e-05,130.0,0.0044772
EDO/BTC,1573419899315,2019-11-10T21:04:59.315Z,buy,3.445e-05,170.0,0.0058565
EDO/BTC,1573419925245,2019-11-10T21:05:25.245Z,buy,3.444e-05,35.0,0.0012054
EDO/BTC,1573420813089,2019-11-10T21:20:13.089Z,buy,3.44e-05,3.0,0.0001032
EDO/BTC,1573421022299,2019-11-10T21:23:42.299Z,buy,3.44e-05,135.0,0.004644
EDO/BTC,1573421022299,2019-11-10T21:23:42.299Z,buy,3.441e-05,938.0,0.03227658
EDO/BTC,1573421022299,2019-11-10T21:23:42.299Z,buy,3.444e-05,254.0,0.00874776
EDO/BTC,1573421022299,2019-11-10T21:23:42.299Z,buy,3.445e-05,88.0,0.0030315999999999
EDO/BTC,1573421022299,2019-11-10T21:23:42.299Z,buy,3.446e-05,259.0,0.00892514
EDO/BTC,1573421022299,2019-11-10T21:23:42.299Z,buy,3.447e-05,258.0,0.00889326
EDO/BTC,1573421022299,2019-11-10T21:23:42.299Z,buy,3.448e-05,258.0,0.00889584
EDO/BTC,1573421022299,2019-11-10T21:23:42.299Z,buy,3.45e-05,4.0,0.000138
EDO/BTC,1573421022299,2019-11-10T21:23:42.299Z,buy,3.457e-05,38.0,0.00131366
EDO/BTC,1573421022299,2019-11-10T21:23:42.299Z,buy,3.459e-05,88.0,0.00304392
EDO/BTC,1573421023910,2019-11-10T21:23:43.910Z,buy,3.44e-05,87.0,0.0029928
EDO/BTC,1573421101315,2019-11-10T21:25:01.315Z,buy,3.456e-05,767.0,0.02650752
EDO/BTC,1573421137047,2019-11-10T21:25:37.047Z,sell,3.438e-05,4.0,0.00013752
EDO/BTC,1573421137047,2019-11-10T21:25:37.047Z,sell,3.435e-05,9.0,0.00030915
EDO/BTC,1573421137047,2019-11-10T21:25:37.047Z,sell,3.429e-05,4.0,0.00013716
EDO/BTC,1573421645992,2019-11-10T21:34:05.992Z,sell,3.44e-05,63.0,0.0021672
EDO/BTC,1573421674324,2019-11-10T21:34:34.324Z,buy,3.446e-05,3.0,0.00010338
EDO/BTC,1573421707835,2019-11-10T21:35:07.835Z,sell,3.44e-05,1544.0,0.0531136
EDO/BTC,1573421938517,2019-11-10T21:38:58.517Z,buy,3.438e-05,1.0,3.438e-05
EDO/BTC,1573422038119,2019-11-10T21:40:38.119Z,buy,3.439e-05,400.0,0.013756
EDO/BTC,1573422107380,2019-11-10T21:41:47.380Z,sell,3.435e-05,87.0,0.00298845
EDO/BTC,1573422415622,2019-11-10T21:46:55.622Z,sell,3.435e-05,167.0,0.00573645
EDO/BTC,1573422424670,2019-11-10T21:47:04.670Z,sell,3.435e-05,125.0,0.00429375
EDO/BTC,1573422432782,2019-11-10T21:47:12.782Z,sell,3.435e-05,377.0,0.01294995
EDO/BTC,1573422461924,2019-11-10T21:47:41.924Z,sell,3.435e-05,337.0,0.01157595
EDO/BTC,1573422504794,2019-11-10T21:48:24.794Z,sell,3.43e-05,40.0,0.001372
EDO/BTC,1573422537961,2019-11-10T21:48:57.961Z,sell,3.42e-05,4.0,0.0001368
EDO/BTC,1573422537997,2019-11-10T21:48:57.997Z,buy,3.42e-05,43.0,0.0014705999999999
EDO/BTC,1573422538054,2019-11-10T21:48:58.054Z,buy,3.42e-05,43.0,0.0014705999999999
EDO/BTC,1573422564950,2019-11-10T21:49:24.950Z,sell,3.417e-05,224.0,0.00765408
EDO/BTC,1573422593973,2019-11-10T21:49:53.973Z,sell,3.417e-05,336.0,0.01148112
EDO/BTC,1573422601885,2019-11-10T21:50:01.885Z,sell,3.416e-05,4.0,0.00013664
EDO/BTC,1573422601885,2019-11-10T21:50:01.885Z,sell,3.413e-05,164.0,0.00559732
EDO/BTC,1573422606638,2019-11-10T21:50:06.638Z,sell,3.413e-05,166.0,0.00566558
EDO/BTC,1573422606638,2019-11-10T21:50:06.638Z,sell,3.412e-05,3.0,0.0001023599999999
EDO/BTC,1573422661107,2019-11-10T21:51:01.107Z,buy,3.434e-05,75.0,0.0025755
EDO/BTC,1573422757136,2019-11-10T21:52:37.136Z,buy,3.434e-05,245.0,0.0084133
EDO/BTC,1573422757136,2019-11-10T21:52:37.136Z,buy,3.435e-05,4.0,0.0001374
EDO/BTC,1573422757136,2019-11-10T21:52:37.136Z,buy,3.438e-05,4.0,0.00013752
EDO/BTC,1573422757136,2019-11-10T21:52:37.136Z,buy,3.44e-05,457.0,0.0157208
EDO/BTC,1573422757136,2019-11-10T21:52:37.136Z,buy,3.444e-05,3.0,0.00010332
EDO/BTC,1573422757136,2019-11-10T21:52:37.136Z,buy,3.447e-05,4.0,0.00013788
EDO/BTC,1573422757136,2019-11-10T21:52:37.136Z,buy,3.45e-05,4.0,0.000138
EDO/BTC,1573422757136,2019-11-10T21:52:37.136Z,buy,3.455e-05,118.0,0.0040769
EDO/BTC,1573422757136,2019-11-10T21:52:37.136Z,buy,3.456e-05,180.0,0.0062208
EDO/BTC,1573422758825,2019-11-10T21:52:38.825Z,buy,3.434e-05,4.0,0.00013736
EDO/BTC,1573422765262,2019-11-10T21:52:45.262Z,buy,3.434e-05,186.0,0.00638724
EDO/BTC,1573422765262,2019-11-10T21:52:45.262Z,buy,3.434e-05,186.0,0.00638724
EDO/BTC,1573422785313,2019-11-10T21:53:05.313Z,buy,3.45e-05,4.0,0.000138
EDO/BTC,1573422785313,2019-11-10T21:53:05.313Z,buy,3.455e-05,126.0,0.0043533
EDO/BTC,1573422785313,2019-11-10T21:53:05.313Z,buy,3.456e-05,462.0,0.01596672
EDO/BTC,1573423124457,2019-11-10T21:58:44.457Z,sell,3.435e-05,3.0,0.00010305
EDO/BTC,1573423215458,2019-11-10T22:00:15.458Z,sell,3.435e-05,1.0,3.435e-05
EDO/BTC,1573423215458,2019-11-10T22:00:15.458Z,sell,3.43e-05,2.0,6.86e-05
EDO/BTC,1573423287080,2019-11-10T22:01:27.080Z,buy,3.449e-05,250.0,0.0086225
EDO/BTC,1573423967999,2019-11-10T22:12:47.999Z,buy,3.44e-05,260.0,0.008944
EDO/BTC,1573424242866,2019-11-10T22:17:22.866Z,sell,3.431e-05,436.0,0.01495916
EDO/BTC,1573424242866,2019-11-10T22:17:22.866Z,sell,3.43e-05,155.0,0.0053165
EDO/BTC,1573424294369,2019-11-10T22:18:14.369Z,sell,3.431e-05,252.0,0.00864612
EDO/BTC,1573424510797,2019-11-10T22:21:50.797Z,buy,3.437e-05,344.0,0.0118232799999999
EDO/BTC,1573424529550,2019-11-10T22:22:09.550Z,sell,3.436e-05,154.0,0.00529144
EDO/BTC,1573424551470,2019-11-10T22:22:31.470Z,buy,3.436e-05,3.0,0.00010308
EDO/BTC,1573424551470,2019-11-10T22:22:31.470Z,buy,3.437e-05,1.0,3.437e-05
EDO/BTC,1573424580191,2019-11-10T22:23:00.191Z,buy,3.437e-05,3.0,0.00010311
EDO/BTC,1573424596380,2019-11-10T22:23:16.380Z,buy,3.439e-05,154.0,0.00529606
EDO/BTC,1573424611693,2019-11-10T22:23:31.693Z,buy,3.439e-05,103.0,0.00354217
EDO/BTC,1573424623586,2019-11-10T22:23:43.586Z,buy,3.439e-05,206.0,0.00708434
EDO/BTC,1573424680660,2019-11-10T22:24:40.660Z,buy,3.44e-05,11.0,0.0003784
EDO/BTC,1573424680660,2019-11-10T22:24:40.660Z,buy,3.45e-05,4.0,0.000138
EDO/BTC,1573424680660,2019-11-10T22:24:40.660Z,buy,3.456e-05,314.0,0.01085184
EDO/BTC,1573424862749,2019-11-10T22:27:42.749Z,buy,3.453e-05,118.0,0.00407454
EDO/BTC,1573424862749,2019-11-10T22:27:42.749Z,buy,3.454e-05,268.0,0.00925672
EDO/BTC,1573424862749,2019-11-10T22:27:42.749Z,buy,3.455e-05,236.0,0.0081538
EDO/BTC,1573424862749,2019-11-10T22:27:42.749Z,buy,3.456e-05,55.0,0.0019008
EDO/BTC,1573424862749,2019-11-10T22:27:42.749Z,buy,3.459e-05,122.0,0.00421998
EDO/BTC,1573424862749,2019-11-10T22:27:42.749Z,buy,3.46e-05,1442.0,0.0498932
EDO/BTC,1573424862749,2019-11-10T22:27:42.749Z,buy,3.461e-05,20.0,0.0006922
EDO/BTC,1573424862775,2019-11-10T22:27:42.775Z,buy,3.462e-05,70.0,0.0024233999999999
EDO/BTC,1573424862775,2019-11-10T22:27:42.775Z,buy,3.463e-05,65.0,0.00225095
EDO/BTC,1573424862775,2019-11-10T22:27:42.775Z,buy,3.464e-05,983.0,0.03405112
EDO/BTC,1573424862775,2019-11-10T22:27:42.775Z,buy,3.465e-05,2371.0,0.08215515
EDO/BTC,1573424862780,2019-11-10T22:27:42.780Z,buy,3.465e-05,178.0,0.0061677
EDO/BTC,1573424862847,2019-11-10T22:27:42.847Z,sell,3.461e-05,10.0,0.0003461
EDO/BTC,1573424863744,2019-11-10T22:27:43.744Z,sell,3.462e-05,344.0,0.01190928
EDO/BTC,1573424865601,2019-11-10T22:27:45.601Z,sell,3.462e-05,4.0,0.00013848
EDO/BTC,1573424865830,2019-11-10T22:27:45.830Z,buy,3.469e-05,109.0,0.00378121
EDO/BTC,1573424865830,2019-11-10T22:27:45.830Z,buy,3.473e-05,3.0,0.00010419
EDO/BTC,1573424865830,2019-11-10T22:27:45.830Z,buy,3.474e-05,183.0,0.00635742
EDO/BTC,1573424865832,2019-11-10T22:27:45.832Z,buy,3.474e-05,625.0,0.0217125
EDO/BTC,1573424869069,2019-11-10T22:27:49.069Z,buy,3.474e-05,1004.0,0.03487896
EDO/BTC,1573424869069,2019-11-10T22:27:49.069Z,buy,3.475e-05,306.0,0.0106334999999999
EDO/BTC,1573424869069,2019-11-10T22:27:49.069Z,buy,3.476e-05,24.0,0.00083424
EDO/BTC,1573424869069,2019-11-10T22:27:49.069Z,buy,3.478e-05,68.0,0.00236504
EDO/BTC,1573424869069,2019-11-10T22:27:49.069Z,buy,3.48e-05,133.0,0.0046283999999999
EDO/BTC,1573424869346,2019-11-10T22:27:49.346Z,sell,3.462e-05,4.0,0.00013848
EDO/BTC,1573424871886,2019-11-10T22:27:51.886Z,buy,3.48e-05,5.0,0.000174
EDO/BTC,1573424872132,2019-11-10T22:27:52.132Z,buy,3.48e-05,758.0,0.0263784
EDO/BTC,1573424872249,2019-11-10T22:27:52.249Z,sell,3.463e-05,145.0,0.00502135
EDO/BTC,1573424872709,2019-11-10T22:27:52.709Z,buy,3.48e-05,134.0,0.0046632
EDO/BTC,1573424872709,2019-11-10T22:27:52.709Z,buy,3.481e-05,95.0,0.00330695
EDO/BTC,1573424875171,2019-11-10T22:27:55.171Z,buy,3.482e-05,74.0,0.00257668
EDO/BTC,1573424875195,2019-11-10T22:27:55.195Z,sell,3.482e-05,13.0,0.00045266
EDO/BTC,1573424881744,2019-11-10T22:28:01.744Z,buy,3.483e-05,446.0,0.0155341799999999
EDO/BTC,1573424885554,2019-11-10T22:28:05.554Z,sell,3.471e-05,146.0,0.00506766
EDO/BTC,1573424896188,2019-11-10T22:28:16.188Z,buy,3.483e-05,37.0,0.00128871
EDO/BTC,1573424910254,2019-11-10T22:28:30.254Z,sell,3.47e-05,41.0,0.0014227
EDO/BTC,1573424962663,2019-11-10T22:29:22.663Z,buy,3.469e-05,180.0,0.0062442
EDO/BTC,1573424962663,2019-11-10T22:29:22.663Z,buy,3.47e-05,5350.0,0.185645
EDO/BTC,1573424962663,2019-11-10T22:29:22.663Z,buy,3.471e-05,179.0,0.0062130899999999
EDO/BTC,1573424962663,2019-11-10T22:29:22.663Z,buy,3.472e-05,4173.0,0.14488656
EDO/BTC,1573424962663,2019-11-10T22:29:22.663Z,buy,3.479e-05,145.0,0.0050445499999999
EDO/BTC,1573424962663,2019-11-10T22:29:22.663Z,buy,3.48e-05,234.0,0.0081432
EDO/BTC,1573424962663,2019-11-10T22:29:22.663Z,buy,3.481e-05,252.0,0.00877212
EDO/BTC,1573424962663,2019-11-10T22:29:22.663Z,buy,3.482e-05,118.0,0.00410876
EDO/BTC,1573424962663,2019-11-10T22:29:22.663Z,buy,3.483e-05,1535.0,0.0534640499999999
EDO/BTC,1573424968248,2019-11-10T22:29:28.248Z,buy,3.469e-05,180.0,0.0062442
EDO/BTC,1573425034527,2019-11-10T22:30:34.527Z,sell,3.468e-05,214.0,0.00742152
EDO/BTC,1573425034527,2019-11-10T22:30:34.527Z,sell,3.465e-05,8.0,0.0002772
EDO/BTC,1573425034527,2019-11-10T22:30:34.527Z,sell,3.464e-05,56.0,0.00193984
EDO/BTC,1573425071560,2019-11-10T22:31:11.560Z,sell,3.464e-05,357.0,0.01236648
EDO/BTC,1573425071613,2019-11-10T22:31:11.613Z,sell,3.462e-05,70.0,0.0024233999999999
EDO/BTC,1573425109935,2019-11-10T22:31:49.935Z,sell,3.459e-05,4.0,0.00013836
EDO/BTC,1573425109960,2019-11-10T22:31:49.960Z,buy,3.459e-05,43.0,0.00148737
EDO/BTC,1573425109971,2019-11-10T22:31:49.971Z,buy,3.459e-05,34.0,0.00117606
EDO/BTC,1573425187130,2019-11-10T22:33:07.130Z,buy,3.481e-05,10.0,0.0003481
EDO/BTC,1573425190090,2019-11-10T22:33:10.090Z,buy,3.481e-05,57.0,0.00198417
EDO/BTC,1573425190099,2019-11-10T22:33:10.099Z,buy,3.481e-05,43.0,0.00149683
EDO/BTC,1573425190100,2019-11-10T22:33:10.100Z,buy,3.481e-05,172.0,0.00598732
EDO/BTC,1573425191946,2019-11-10T22:33:11.946Z,buy,3.481e-05,10.0,0.0003481
EDO/BTC,1573425196290,2019-11-10T22:33:16.290Z,buy,3.481e-05,20.0,0.0006962
EDO/BTC,1573425196628,2019-11-10T22:33:16.628Z,buy,3.481e-05,109.0,0.00379429
EDO/BTC,1573425196628,2019-11-10T22:33:16.628Z,buy,3.482e-05,54.0,0.00188028
EDO/BTC,1573425196630,2019-11-10T22:33:16.630Z,buy,3.482e-05,20.0,0.0006964
EDO/BTC,1573425196630,2019-11-10T22:33:16.630Z,buy,3.483e-05,88.0,0.0030650399999999
EDO/BTC,1573425196633,2019-11-10T22:33:16.633Z,buy,3.483e-05,65.0,0.00226395
EDO/BTC,1573425196646,2019-11-10T22:33:16.646Z,buy,3.487e-05,65.0,0.00226655
EDO/BTC,1573425196646,2019-11-10T22:33:16.646Z,sell,3.483e-05,10.0,0.0003482999999999
EDO/BTC,1573425196670,2019-11-10T22:33:16.670Z,buy,3.486e-05,65.0,0.0022659
EDO/BTC,1573425196670,2019-11-10T22:33:16.670Z,buy,3.487e-05,192.0,0.00669504
EDO/BTC,1573425196728,2019-11-10T22:33:16.728Z,sell,3.483e-05,69.0,0.00240327
EDO/BTC,1573425204942,2019-11-10T22:33:24.942Z,buy,3.487e-05,47.0,0.00163889
EDO/BTC,1573425205145,2019-11-10T22:33:25.145Z,buy,3.487e-05,1.0,3.487e-05
EDO/BTC,1573425220671,2019-11-10T22:33:40.671Z,buy,3.486e-05,3.0,0.00010458
EDO/BTC,1573425220671,2019-11-10T22:33:40.671Z,buy,3.487e-05,54.0,0.00188298
EDO/BTC,1573425225132,2019-11-10T22:33:45.132Z,buy,3.487e-05,10.0,0.0003487
EDO/BTC,1573425227989,2019-11-10T22:33:47.989Z,buy,3.487e-05,60.0,0.0020922
EDO/BTC,1573425421164,2019-11-10T22:37:01.164Z,sell,3.465e-05,8.0,0.0002772
EDO/BTC,1573425427290,2019-11-10T22:37:07.290Z,sell,3.463e-05,437.0,0.0151333099999999
EDO/BTC,1573425427345,2019-11-10T22:37:07.345Z,buy,3.481e-05,4.0,0.00013924
EDO/BTC,1573425427345,2019-11-10T22:37:07.345Z,buy,3.482e-05,4.0,0.00013928
EDO/BTC,1573425427345,2019-11-10T22:37:07.345Z,buy,3.487e-05,2.0,6.974e-05
EDO/BTC,1573425592083,2019-11-10T22:39:52.083Z,buy,3.486e-05,8.0,0.00027888
EDO/BTC,1573426156739,2019-11-10T22:49:16.739Z,buy,3.484e-05,143.0,0.00498212
EDO/BTC,1573426156739,2019-11-10T22:49:16.739Z,buy,3.485e-05,297.0,0.01035045
EDO/BTC,1573426156739,2019-11-10T22:49:16.739Z,buy,3.486e-05,826.0,0.02879436
EDO/BTC,1573426200964,2019-11-10T22:50:00.964Z,buy,3.485e-05,4.0,0.0001394
EDO/BTC,1573426248105,2019-11-10T22:50:48.105Z,buy,3.485e-05,3.0,0.00010455
EDO/BTC,1573426339339,2019-11-10T22:52:19.339Z,buy,3.485e-05,91.0,0.00317135
EDO/BTC,1573426339339,2019-11-10T22:52:19.339Z,buy,3.486e-05,278.0,0.00969108
EDO/BTC,1573426339339,2019-11-10T22:52:19.339Z,buy,3.487e-05,3025.0,0.10548175
EDO/BTC,1573426339339,2019-11-10T22:52:19.339Z,buy,3.489e-05,722.0,0.02519058
EDO/BTC,1573426339339,2019-11-10T22:52:19.339Z,buy,3.49e-05,389.0,0.0135761
EDO/BTC,1573426339339,2019-11-10T22:52:19.339Z,buy,3.492e-05,20.0,0.0006984
EDO/BTC,1573426339339,2019-11-10T22:52:19.339Z,buy,3.494e-05,58.0,0.00202652
EDO/BTC,1573426339432,2019-11-10T22:52:19.432Z,sell,3.494e-05,41.0,0.00143254
EDO/BTC,1573426339650,2019-11-10T22:52:19.650Z,sell,3.494e-05,263.0,0.00918922
EDO/BTC,1573426339790,2019-11-10T22:52:19.790Z,buy,3.495e-05,306.0,0.0106947
EDO/BTC,1573426339790,2019-11-10T22:52:19.790Z,buy,3.496e-05,4.0,0.00013984
EDO/BTC,1573426344539,2019-11-10T22:52:24.539Z,sell,3.494e-05,100.0,0.003494
EDO/BTC,1573426347699,2019-11-10T22:52:27.699Z,sell,3.494e-05,339.0,0.01184466
EDO/BTC,1573426347844,2019-11-10T22:52:27.844Z,sell,3.494e-05,200.0,0.006988
EDO/BTC,1573426348497,2019-11-10T22:52:28.497Z,sell,3.494e-05,46.0,0.00160724
EDO/BTC,1573426353130,2019-11-10T22:52:33.130Z,sell,3.494e-05,51.0,0.00178194
EDO/BTC,1573426360771,2019-11-10T22:52:40.771Z,buy,3.498e-05,50.0,0.001749
EDO/BTC,1573426360771,2019-11-10T22:52:40.771Z,buy,3.5e-05,16.0,0.00056
EDO/BTC,1573426362041,2019-11-10T22:52:42.041Z,buy,3.5e-05,67.0,0.002345
EDO/BTC,1573426362041,2019-11-10T22:52:42.041Z,buy,3.5e-05,67.0,0.002345
EDO/BTC,1573426368233,2019-11-10T22:52:48.233Z,sell,3.494e-05,58.0,0.00202652
EDO/BTC,1573426368233,2019-11-10T22:52:48.233Z,sell,3.485e-05,90.0,0.0031365
EDO/BTC,1573426369518,2019-11-10T22:52:49.518Z,sell,3.485e-05,113.0,0.00393805
EDO/BTC,1573426370291,2019-11-10T22:52:50.291Z,buy,3.5e-05,658.0,0.02303
EDO/BTC,1573426378596,2019-11-10T22:52:58.596Z,buy,3.5e-05,131.0,0.004585
EDO/BTC,1573426380109,2019-11-10T22:53:00.109Z,buy,3.5e-05,132.0,0.00462
EDO/BTC,1573426384684,2019-11-10T22:53:04.684Z,sell,3.485e-05,6.0,0.0002091
EDO/BTC,1573426400742,2019-11-10T22:53:20.742Z,buy,3.495e-05,3.0,0.00010485
EDO/BTC,1573426400742,2019-11-10T22:53:20.742Z,buy,3.5e-05,63.0,0.002205
EDO/BTC,1573426405480,2019-11-10T22:53:25.480Z,sell,3.485e-05,69.0,0.00240465
EDO/BTC,1573426410261,2019-11-10T22:53:30.261Z,buy,3.499e-05,168.0,0.00587832
EDO/BTC,1573426410261,2019-11-10T22:53:30.261Z,buy,3.5e-05,432.0,0.0151199999999999
EDO/BTC,1573426410298,2019-11-10T22:53:30.298Z,sell,3.5e-05,195.0,0.0068249999999999
EDO/BTC,1573426410805,2019-11-10T22:53:30.805Z,sell,3.5e-05,54.0,0.0018899999999999
EDO/BTC,1573426411142,2019-11-10T22:53:31.142Z,sell,3.5e-05,41.0,0.0014349999999999
EDO/BTC,1573426411887,2019-11-10T22:53:31.887Z,sell,3.5e-05,109.0,0.003815
EDO/BTC,1573426421207,2019-11-10T22:53:41.207Z,sell,3.486e-05,12.0,0.00041832
EDO/BTC,1573426422263,2019-11-10T22:53:42.263Z,buy,3.501e-05,100.0,0.0035009999999999
EDO/BTC,1573426424226,2019-11-10T22:53:44.226Z,sell,3.501e-05,151.0,0.0052865099999999
EDO/BTC,1573426426807,2019-11-10T22:53:46.807Z,sell,3.501e-05,30.0,0.0010502999999999
EDO/BTC,1573426434849,2019-11-10T22:53:54.849Z,sell,3.501e-05,6.0,0.0002100599999999
EDO/BTC,1573426449904,2019-11-10T22:54:09.904Z,sell,3.501e-05,3.0,0.0001050299999999
EDO/BTC,1573426453661,2019-11-10T22:54:13.661Z,sell,3.501e-05,42.0,0.0014704199999999
EDO/BTC,1573426507900,2019-11-10T22:55:07.900Z,sell,3.501e-05,128.0,0.00448128
EDO/BTC,1573426511961,2019-11-10T22:55:11.961Z,buy,3.502e-05,4.0,0.00014008
EDO/BTC,1573426545379,2019-11-10T22:55:45.379Z,buy,3.503e-05,57.0,0.00199671
EDO/BTC,1573426546292,2019-11-10T22:55:46.292Z,buy,3.503e-05,13.0,0.00045539
EDO/BTC,1573426592686,2019-11-10T22:56:32.686Z,buy,3.504e-05,33.0,0.00115632
EDO/BTC,1573426594944,2019-11-10T22:56:34.944Z,sell,3.504e-05,6.0,0.00021024
EDO/BTC,1573426601699,2019-11-10T22:56:41.699Z,sell,3.504e-05,56.0,0.00196224
EDO/BTC,1573426610707,2019-11-10T22:56:50.707Z,sell,3.501e-05,171.0,0.00598671
EDO/BTC,1573426738970,2019-11-10T22:58:58.970Z,buy,3.503e-05,9.0,0.00031527
EDO/BTC,1573426752813,2019-11-10T22:59:12.813Z,sell,3.482e-05,13.0,0.00045266
EDO/BTC,1573426759183,2019-11-10T22:59:19.183Z,buy,3.499e-05,74.0,0.00258926
EDO/BTC,1573426864327,2019-11-10T23:01:04.327Z,sell,3.482e-05,61.0,0.00212402
EDO/BTC,1573426864327,2019-11-10T23:01:04.327Z,sell,3.481e-05,8.0,0.00027848
EDO/BTC,1573426864327,2019-11-10T23:01:04.327Z,sell,3.471e-05,11.0,0.00038181
EDO/BTC,1573426864327,2019-11-10T23:01:04.327Z,sell,3.468e-05,35.0,0.0012138
EDO/BTC,1573426877275,2019-11-10T23:01:17.275Z,sell,3.483e-05,202.0,0.0070356599999999
EDO/BTC,1573426947779,2019-11-10T23:02:27.779Z,sell,3.483e-05,388.0,0.0135140399999999
EDO/BTC,1573426949468,2019-11-10T23:02:29.468Z,sell,3.465e-05,8.0,0.0002772
EDO/BTC,1573426949468,2019-11-10T23:02:29.468Z,sell,3.463e-05,20.0,0.0006926
EDO/BTC,1573426964128,2019-11-10T23:02:44.128Z,sell,3.463e-05,334.0,0.0115664199999999
EDO/BTC,1573426964155,2019-11-10T23:02:44.155Z,buy,3.463e-05,276.0,0.00955788
EDO/BTC,1573426974475,2019-11-10T23:02:54.475Z,sell,3.462e-05,70.0,0.0024233999999999
EDO/BTC,1573426974475,2019-11-10T23:02:54.475Z,sell,3.461e-05,16.0,0.00055376
EDO/BTC,1573427004422,2019-11-10T23:03:24.422Z,sell,3.463e-05,100.0,0.003463
EDO/BTC,1573427004422,2019-11-10T23:03:24.422Z,sell,3.461e-05,30.0,0.0010383
EDO/BTC,1573427099974,2019-11-10T23:04:59.974Z,sell,3.461e-05,54.0,0.00186894
EDO/BTC,1573427099974,2019-11-10T23:04:59.974Z,sell,3.459e-05,14.0,0.00048426
EDO/BTC,1573427099974,2019-11-10T23:04:59.974Z,sell,3.452e-05,62.0,0.00214024
EDO/BTC,1573427108585,2019-11-10T23:05:08.585Z,buy,3.479e-05,43.0,0.00149597
EDO/BTC,1573427108634,2019-11-10T23:05:08.634Z,buy,3.479e-05,43.0,0.00149597
EDO/BTC,1573427110315,2019-11-10T23:05:10.315Z,buy,3.479e-05,28.0,0.00097412
EDO/BTC,1573427111528,2019-11-10T23:05:11.528Z,buy,3.479e-05,58.0,0.00201782
EDO/BTC,1573427112282,2019-11-10T23:05:12.282Z,buy,3.479e-05,43.0,0.00149597
EDO/BTC,1573427112282,2019-11-10T23:05:12.282Z,buy,3.48e-05,10.0,0.000348
EDO/BTC,1573427112282,2019-11-10T23:05:12.282Z,buy,3.481e-05,8.0,0.00027848
EDO/BTC,1573427112282,2019-11-10T23:05:12.282Z,buy,3.482e-05,74.0,0.00257668
EDO/BTC,1573427112282,2019-11-10T23:05:12.282Z,buy,3.496e-05,4.0,0.00013984
EDO/BTC,1573427112282,2019-11-10T23:05:12.282Z,buy,3.499e-05,4.0,0.00013996
EDO/BTC,1573427114022,2019-11-10T23:05:14.022Z,buy,3.499e-05,7.0,0.00024493
EDO/BTC,1573427114114,2019-11-10T23:05:14.114Z,sell,3.499e-05,8.0,0.00027992
EDO/BTC,1573427114325,2019-11-10T23:05:14.325Z,buy,3.5e-05,4.0,0.00014
EDO/BTC,1573427114325,2019-11-10T23:05:14.325Z,buy,3.502e-05,4.0,0.00014008
EDO/BTC,1573427114325,2019-11-10T23:05:14.325Z,buy,3.503e-05,7.0,0.00024521
EDO/BTC,1573427114670,2019-11-10T23:05:14.670Z,buy,3.503e-05,35.0,0.00122605
EDO/BTC,1573427114904,2019-11-10T23:05:14.904Z,buy,3.503e-05,31.0,0.00108593
EDO/BTC,1573427114904,2019-11-10T23:05:14.904Z,buy,3.504e-05,4.0,0.00014016
EDO/BTC,1573427114997,2019-11-10T23:05:14.997Z,buy,3.504e-05,35.0,0.0012264
EDO/BTC,1573427120200,2019-11-10T23:05:20.200Z,buy,3.504e-05,45.0,0.0015768
