symbol,timestamp,datetime,side,price,amount,btc_volume
ELF/BTC,1585497774109,2020-03-29T16:02:54.109Z,buy,9.18e-06,250.0,0.002295
ELF/BTC,1585497774109,2020-03-29T16:02:54.109Z,buy,9.19e-06,1413.0,0.01298547
ELF/BTC,1585497774120,2020-03-29T16:02:54.120Z,sell,9.19e-06,503.0,0.00462257
ELF/BTC,1585497837226,2020-03-29T16:03:57.226Z,buy,9.19e-06,3680.0,0.0338192
ELF/BTC,1585497837237,2020-03-29T16:03:57.237Z,sell,9.19e-06,2821.0,0.02592499
ELF/BTC,1585498107181,2020-03-29T16:08:27.181Z,sell,9.16e-06,250.0,0.00229
ELF/BTC,1585498107181,2020-03-29T16:08:27.181Z,sell,9.15e-06,372.0,0.0034038
ELF/BTC,1585498107181,2020-03-29T16:08:27.181Z,sell,9.14e-06,10616.0,0.09703024
ELF/BTC,1585498107181,2020-03-29T16:08:27.181Z,sell,9.13e-06,11266.0,0.10285858
ELF/BTC,1585498107181,2020-03-29T16:08:27.181Z,sell,9.12e-06,23045.0,0.2101704
ELF/BTC,1585498107181,2020-03-29T16:08:27.181Z,sell,9.11e-06,1839.0,0.0167532899999999
ELF/BTC,1585498691672,2020-03-29T16:18:11.672Z,buy,9.16e-06,20.0,0.0001832
ELF/BTC,1585498691672,2020-03-29T16:18:11.672Z,buy,9.17e-06,250.0,0.0022925
ELF/BTC,1585498691672,2020-03-29T16:18:11.672Z,buy,9.18e-06,439.0,0.00403002
ELF/BTC,1585498909761,2020-03-29T16:21:49.761Z,sell,9.15e-06,250.0,0.0022875
ELF/BTC,1585498909761,2020-03-29T16:21:49.761Z,sell,9.14e-06,1095.0,0.0100083
ELF/BTC,1585498909761,2020-03-29T16:21:49.761Z,sell,9.13e-06,688.0,0.00628144
ELF/BTC,1585498909761,2020-03-29T16:21:49.761Z,sell,9.12e-06,87.0,0.00079344
ELF/BTC,1585499019021,2020-03-29T16:23:39.021Z,buy,9.17e-06,3168.0,0.02905056
ELF/BTC,1585499019057,2020-03-29T16:23:39.057Z,buy,9.17e-06,480.0,0.0044016
ELF/BTC,1585499019395,2020-03-29T16:23:39.395Z,buy,9.18e-06,694.0,0.00637092
ELF/BTC,1585499027148,2020-03-29T16:23:47.148Z,buy,9.19e-06,1605.0,0.01474995
ELF/BTC,1585499027247,2020-03-29T16:23:47.247Z,sell,9.19e-06,47.0,0.00043193
ELF/BTC,1585499027319,2020-03-29T16:23:47.319Z,sell,9.19e-06,1277.0,0.01173563
ELF/BTC,1585499061579,2020-03-29T16:24:21.579Z,sell,9.17e-06,37.0,0.00033929
ELF/BTC,1585499186431,2020-03-29T16:26:26.431Z,buy,9.18e-06,250.0,0.002295
ELF/BTC,1585499186431,2020-03-29T16:26:26.431Z,buy,9.19e-06,438.0,0.00402522
ELF/BTC,1585499186473,2020-03-29T16:26:26.473Z,sell,9.19e-06,2119.0,0.01947361
ELF/BTC,1585499189746,2020-03-29T16:26:29.746Z,buy,9.2e-06,4574.0,0.0420808
ELF/BTC,1585499222244,2020-03-29T16:27:02.244Z,buy,9.22e-06,53.0,0.00048866
ELF/BTC,1585499329592,2020-03-29T16:28:49.592Z,sell,9.18e-06,250.0,0.002295
ELF/BTC,1585499336908,2020-03-29T16:28:56.908Z,sell,9.17e-06,2664.0,0.02442888
ELF/BTC,1585499496342,2020-03-29T16:31:36.342Z,buy,9.18e-06,1235.0,0.0113373
ELF/BTC,1585499526405,2020-03-29T16:32:06.405Z,sell,9.17e-06,120.0,0.0011004
ELF/BTC,1585499635804,2020-03-29T16:33:55.804Z,sell,9.17e-06,300.0,0.002751
ELF/BTC,1585499679935,2020-03-29T16:34:39.935Z,sell,9.17e-06,179.0,0.00164143
ELF/BTC,1585499831480,2020-03-29T16:37:11.480Z,sell,9.17e-06,348.0,0.00319116
ELF/BTC,1585500134638,2020-03-29T16:42:14.638Z,buy,9.19e-06,1060.0,0.0097414
ELF/BTC,1585500304086,2020-03-29T16:45:04.086Z,buy,9.19e-06,218.0,0.00200342
ELF/BTC,1585500304086,2020-03-29T16:45:04.086Z,buy,9.19e-06,218.0,0.00200342
ELF/BTC,1585502131581,2020-03-29T17:15:31.581Z,sell,9.19e-06,413.0,0.00379547
ELF/BTC,1585502131581,2020-03-29T17:15:31.581Z,sell,9.18e-06,2529.0,0.02321622
ELF/BTC,1585502171339,2020-03-29T17:16:11.339Z,buy,9.18e-06,21.0,0.00019278
ELF/BTC,1585502212218,2020-03-29T17:16:52.218Z,buy,9.18e-06,21.0,0.00019278
ELF/BTC,1585503045143,2020-03-29T17:30:45.143Z,sell,9.17e-06,156.0,0.00143052
ELF/BTC,1585503266670,2020-03-29T17:34:26.670Z,buy,9.17e-06,467.0,0.00428239
ELF/BTC,1585503605983,2020-03-29T17:40:05.983Z,buy,9.17e-06,389.0,0.00356713
ELF/BTC,1585503605983,2020-03-29T17:40:05.983Z,buy,9.18e-06,195.0,0.0017901
ELF/BTC,1585503605983,2020-03-29T17:40:05.983Z,buy,9.17e-06,389.0,0.00356713
ELF/BTC,1585503605983,2020-03-29T17:40:05.983Z,buy,9.18e-06,195.0,0.0017901
ELF/BTC,1585503972324,2020-03-29T17:46:12.324Z,sell,9.15e-06,977.0,0.00893955
ELF/BTC,1585504103304,2020-03-29T17:48:23.304Z,sell,9.15e-06,250.0,0.0022875
ELF/BTC,1585504103304,2020-03-29T17:48:23.304Z,sell,9.14e-06,983.0,0.00898462
ELF/BTC,1585505326550,2020-03-29T18:08:46.550Z,buy,9.17e-06,601.0,0.00551117
ELF/BTC,1585505989871,2020-03-29T18:19:49.871Z,sell,9.14e-06,2492.0,0.02277688
ELF/BTC,1585505989871,2020-03-29T18:19:49.871Z,sell,9.13e-06,1708.0,0.01559404
ELF/BTC,1585505990650,2020-03-29T18:19:50.650Z,sell,9.12e-06,250.0,0.00228
ELF/BTC,1585505990650,2020-03-29T18:19:50.650Z,sell,9.11e-06,3200.0,0.0291519999999999
ELF/BTC,1585505993543,2020-03-29T18:19:53.543Z,buy,9.12e-06,250.0,0.00228
ELF/BTC,1585505993543,2020-03-29T18:19:53.543Z,buy,9.13e-06,1826.0,0.01667138
ELF/BTC,1585505998117,2020-03-29T18:19:58.117Z,sell,9.1e-06,4000.0,0.0363999999999999
ELF/BTC,1585505998525,2020-03-29T18:19:58.525Z,buy,9.12e-06,1500.0,0.01368
ELF/BTC,1585505998525,2020-03-29T18:19:58.525Z,buy,9.13e-06,250.0,0.0022825
ELF/BTC,1585505998525,2020-03-29T18:19:58.525Z,buy,9.14e-06,1317.0,0.01203738
ELF/BTC,1585505999442,2020-03-29T18:19:59.442Z,sell,9.1e-06,361.0,0.0032850999999999
ELF/BTC,1585505999453,2020-03-29T18:19:59.453Z,buy,9.1e-06,48.0,0.0004368
ELF/BTC,1585506001210,2020-03-29T18:20:01.210Z,sell,9.09e-06,730.0,0.0066357
ELF/BTC,1585506001630,2020-03-29T18:20:01.630Z,buy,9.09e-06,11.0,9.999e-05
ELF/BTC,1585506003555,2020-03-29T18:20:03.555Z,buy,9.13e-06,4973.0,0.04540349
ELF/BTC,1585506004599,2020-03-29T18:20:04.599Z,sell,9.08e-06,558.0,0.00506664
ELF/BTC,1585506009577,2020-03-29T18:20:09.577Z,buy,9.11e-06,250.0,0.0022775
ELF/BTC,1585506009577,2020-03-29T18:20:09.577Z,buy,9.12e-06,5776.0,0.05267712
ELF/BTC,1585506009577,2020-03-29T18:20:09.577Z,buy,9.14e-06,6833.0,0.06245362
ELF/BTC,1585506009577,2020-03-29T18:20:09.577Z,buy,9.15e-06,8519.0,0.07794885
ELF/BTC,1585506100326,2020-03-29T18:21:40.326Z,sell,9.1e-06,46.0,0.0004186
ELF/BTC,1585506789030,2020-03-29T18:33:09.030Z,buy,9.15e-06,10000.0,0.0915
ELF/BTC,1585506789030,2020-03-29T18:33:09.030Z,buy,9.15e-06,10000.0,0.0915
ELF/BTC,1585507325118,2020-03-29T18:42:05.118Z,buy,9.13e-06,333.0,0.00304029
ELF/BTC,1585507639032,2020-03-29T18:47:19.032Z,sell,9.1e-06,15108.0,0.1374828
ELF/BTC,1585507639037,2020-03-29T18:47:19.037Z,sell,9.1e-06,3035.0,0.0276184999999999
ELF/BTC,1585507639057,2020-03-29T18:47:19.057Z,sell,9.1e-06,1334.0,0.0121394
ELF/BTC,1585507639344,2020-03-29T18:47:19.344Z,sell,9.1e-06,991.0,0.0090181
ELF/BTC,1585507759961,2020-03-29T18:49:19.961Z,sell,9.11e-06,250.0,0.0022775
ELF/BTC,1585507759961,2020-03-29T18:49:19.961Z,sell,9.1e-06,2604.0,0.0236964
ELF/BTC,1585507759986,2020-03-29T18:49:19.986Z,sell,9.1e-06,13700.0,0.1246699999999999
ELF/BTC,1585507829748,2020-03-29T18:50:29.748Z,sell,9.1e-06,3100.0,0.02821
ELF/BTC,1585507834373,2020-03-29T18:50:34.373Z,sell,9.1e-06,7351.0,0.0668941
ELF/BTC,1585507834450,2020-03-29T18:50:34.450Z,sell,9.1e-06,808.0,0.0073528
ELF/BTC,1585507835692,2020-03-29T18:50:35.692Z,sell,9.1e-06,405.0,0.0036854999999999
ELF/BTC,1585507857101,2020-03-29T18:50:57.101Z,buy,9.12e-06,250.0,0.00228
ELF/BTC,1585507871170,2020-03-29T18:51:11.170Z,sell,9.1e-06,3073.0,0.0279642999999999
ELF/BTC,1585507871182,2020-03-29T18:51:11.182Z,sell,9.1e-06,61.0,0.0005551
ELF/BTC,1585507871266,2020-03-29T18:51:11.266Z,sell,9.1e-06,781.0,0.0071070999999999
ELF/BTC,1585507871289,2020-03-29T18:51:11.289Z,sell,9.1e-06,1952.0,0.0177632
ELF/BTC,1585507871332,2020-03-29T18:51:11.332Z,sell,9.1e-06,545.0,0.0049594999999999
ELF/BTC,1585507871332,2020-03-29T18:51:11.332Z,sell,9.09e-06,3652.0,0.03319668
ELF/BTC,1585507871332,2020-03-29T18:51:11.332Z,sell,9.08e-06,250.0,0.00227
ELF/BTC,1585507872214,2020-03-29T18:51:12.214Z,sell,9.07e-06,5250.0,0.0476175
ELF/BTC,1585507872664,2020-03-29T18:51:12.664Z,sell,9.08e-06,383.0,0.0034776399999999
ELF/BTC,1585507873452,2020-03-29T18:51:13.452Z,sell,9.08e-06,930.0,0.0084444
ELF/BTC,1585507873473,2020-03-29T18:51:13.473Z,sell,9.08e-06,136.0,0.0012348799999999
ELF/BTC,1585507875700,2020-03-29T18:51:15.700Z,sell,9.08e-06,1575.0,0.014301
ELF/BTC,1585507882009,2020-03-29T18:51:22.009Z,sell,9.07e-06,8.0,7.256e-05
ELF/BTC,1585507882017,2020-03-29T18:51:22.017Z,sell,9.06e-06,485.0,0.0043941
ELF/BTC,1585507883080,2020-03-29T18:51:23.080Z,sell,9.06e-06,241.0,0.00218346
ELF/BTC,1585507883119,2020-03-29T18:51:23.119Z,buy,9.06e-06,1631.0,0.01477686
ELF/BTC,1585507883205,2020-03-29T18:51:23.205Z,buy,9.06e-06,58.0,0.0005254799999999
ELF/BTC,1585507900414,2020-03-29T18:51:40.414Z,buy,9.07e-06,1500.0,0.0136049999999999
ELF/BTC,1585507901511,2020-03-29T18:51:41.511Z,sell,9.05e-06,407.0,0.0036833499999999
ELF/BTC,1585507902618,2020-03-29T18:51:42.618Z,buy,9.06e-06,250.0,0.002265
ELF/BTC,1585507902618,2020-03-29T18:51:42.618Z,buy,9.07e-06,1250.0,0.0113374999999999
ELF/BTC,1585508000814,2020-03-29T18:53:20.814Z,sell,9.07e-06,60.0,0.0005442
ELF/BTC,1585508085937,2020-03-29T18:54:45.937Z,sell,9.05e-06,250.0,0.0022624999999999
ELF/BTC,1585508085937,2020-03-29T18:54:45.937Z,sell,9.04e-06,835.0,0.0075484
ELF/BTC,1585508085937,2020-03-29T18:54:45.937Z,sell,9.03e-06,2002.0,0.01807806
ELF/BTC,1585508085937,2020-03-29T18:54:45.937Z,sell,9.03e-06,255.0,0.00230265
ELF/BTC,1585508085982,2020-03-29T18:54:45.982Z,sell,9.03e-06,267.0,0.00241101
ELF/BTC,1585508086082,2020-03-29T18:54:46.082Z,sell,9.03e-06,250.0,0.0022575
ELF/BTC,1585508089230,2020-03-29T18:54:49.230Z,sell,9.02e-06,798.0,0.00719796
ELF/BTC,1585508090108,2020-03-29T18:54:50.108Z,buy,9.03e-06,22.0,0.00019866
ELF/BTC,1585508090363,2020-03-29T18:54:50.363Z,sell,9.02e-06,3079.0,0.02777258
ELF/BTC,1585508092636,2020-03-29T18:54:52.636Z,sell,9.02e-06,3227.0,0.02910754
ELF/BTC,1585508100046,2020-03-29T18:55:00.046Z,buy,9.03e-06,412.0,0.00372036
ELF/BTC,1585508100046,2020-03-29T18:55:00.046Z,buy,9.05e-06,4721.0,0.04272505
ELF/BTC,1585508110638,2020-03-29T18:55:10.638Z,sell,9.02e-06,301.0,0.00271502
ELF/BTC,1585508156038,2020-03-29T18:55:56.038Z,sell,9.03e-06,37.0,0.00033411
ELF/BTC,1585508621809,2020-03-29T19:03:41.809Z,sell,9.04e-06,4670.0,0.0422168
ELF/BTC,1585508837581,2020-03-29T19:07:17.581Z,sell,9.03e-06,942.0,0.00850626
ELF/BTC,1585508837581,2020-03-29T19:07:17.581Z,sell,9.02e-06,851.0,0.00767602
ELF/BTC,1585508971110,2020-03-29T19:09:31.110Z,buy,9.04e-06,47.0,0.00042488
ELF/BTC,1585509113953,2020-03-29T19:11:53.953Z,buy,9.03e-06,250.0,0.0022575
ELF/BTC,1585509125166,2020-03-29T19:12:05.166Z,buy,9.04e-06,24.0,0.0002169599999999
ELF/BTC,1585509619702,2020-03-29T19:20:19.702Z,buy,9.04e-06,13.0,0.00011752
ELF/BTC,1585509647545,2020-03-29T19:20:47.545Z,buy,9.04e-06,430.0,0.0038872
ELF/BTC,1585509864325,2020-03-29T19:24:24.325Z,sell,9.02e-06,1909.0,0.01721918
ELF/BTC,1585509911162,2020-03-29T19:25:11.162Z,buy,9.04e-06,24.0,0.0002169599999999
ELF/BTC,1585510055344,2020-03-29T19:27:35.344Z,buy,9.04e-06,78.0,0.0007051199999999
ELF/BTC,1585510281533,2020-03-29T19:31:21.533Z,buy,9.04e-06,37.0,0.00033448
ELF/BTC,1585510281777,2020-03-29T19:31:21.777Z,buy,9.04e-06,41.0,0.00037064
ELF/BTC,1585510281777,2020-03-29T19:31:21.777Z,buy,9.06e-06,4674.0,0.04234644
ELF/BTC,1585510330815,2020-03-29T19:32:10.815Z,sell,9.03e-06,680.0,0.0061404
ELF/BTC,1585510354699,2020-03-29T19:32:34.699Z,sell,9.03e-06,1314.0,0.01186542
ELF/BTC,1585510354699,2020-03-29T19:32:34.699Z,sell,9.02e-06,3701.0,0.03338302
ELF/BTC,1585510355570,2020-03-29T19:32:35.570Z,buy,9.08e-06,5015.0,0.0455362
ELF/BTC,1585510358288,2020-03-29T19:32:38.288Z,sell,9.03e-06,1500.0,0.013545
ELF/BTC,1585510358288,2020-03-29T19:32:38.288Z,sell,9.02e-06,1375.0,0.0124025
ELF/BTC,1585510358965,2020-03-29T19:32:38.965Z,buy,9.08e-06,2875.0,0.026105
ELF/BTC,1585510369067,2020-03-29T19:32:49.067Z,sell,9.04e-06,250.0,0.00226
ELF/BTC,1585510369067,2020-03-29T19:32:49.067Z,sell,9.03e-06,3954.0,0.03570462
ELF/BTC,1585510369084,2020-03-29T19:32:49.084Z,buy,9.03e-06,147.0,0.00132741
ELF/BTC,1585510369087,2020-03-29T19:32:49.087Z,buy,9.03e-06,312.0,0.00281736
ELF/BTC,1585510369095,2020-03-29T19:32:49.095Z,sell,9.02e-06,4547.0,0.04101394
ELF/BTC,1585510369105,2020-03-29T19:32:49.105Z,buy,9.03e-06,209.0,0.00188727
ELF/BTC,1585510369106,2020-03-29T19:32:49.106Z,buy,9.03e-06,905.0,0.00817215
ELF/BTC,1585510369109,2020-03-29T19:32:49.109Z,buy,9.03e-06,39.0,0.00035217
ELF/BTC,1585510369119,2020-03-29T19:32:49.119Z,buy,9.03e-06,905.0,0.00817215
ELF/BTC,1585510369147,2020-03-29T19:32:49.147Z,buy,9.03e-06,47.0,0.00042441
ELF/BTC,1585510369210,2020-03-29T19:32:49.210Z,buy,9.03e-06,705.0,0.00636615
ELF/BTC,1585510369230,2020-03-29T19:32:49.230Z,buy,9.03e-06,419.0,0.00378357
ELF/BTC,1585510369231,2020-03-29T19:32:49.231Z,buy,9.03e-06,139.0,0.00125517
ELF/BTC,1585510369382,2020-03-29T19:32:49.382Z,buy,9.03e-06,26.0,0.00023478
ELF/BTC,1585510371549,2020-03-29T19:32:51.549Z,buy,9.03e-06,1380.0,0.0124614
ELF/BTC,1585510376512,2020-03-29T19:32:56.512Z,buy,9.03e-06,500.0,0.004515
ELF/BTC,1585510377173,2020-03-29T19:32:57.173Z,buy,9.03e-06,289.0,0.00260967
ELF/BTC,1585510377235,2020-03-29T19:32:57.235Z,buy,9.03e-06,509.0,0.00459627
ELF/BTC,1585510377551,2020-03-29T19:32:57.551Z,buy,9.03e-06,30.0,0.0002709
ELF/BTC,1585510377551,2020-03-29T19:32:57.551Z,buy,9.05e-06,470.0,0.0042534999999999
ELF/BTC,1585510378250,2020-03-29T19:32:58.250Z,sell,9.02e-06,356.0,0.00321112
ELF/BTC,1585510378250,2020-03-29T19:32:58.250Z,sell,9.02e-06,356.0,0.00321112
ELF/BTC,1585510414416,2020-03-29T19:33:34.416Z,buy,9.07e-06,6931.0,0.06286417
ELF/BTC,1585510421687,2020-03-29T19:33:41.687Z,sell,9.03e-06,250.0,0.0022575
ELF/BTC,1585510421687,2020-03-29T19:33:41.687Z,sell,9.02e-06,106.0,0.00095612
ELF/BTC,1585510443347,2020-03-29T19:34:03.347Z,sell,9.02e-06,19.0,0.00017138
ELF/BTC,1585510521901,2020-03-29T19:35:21.901Z,buy,9.06e-06,13.0,0.00011778
ELF/BTC,1585510613600,2020-03-29T19:36:53.600Z,buy,9.06e-06,237.0,0.00214722
ELF/BTC,1585510613600,2020-03-29T19:36:53.600Z,buy,9.07e-06,4210.0,0.0381846999999999
ELF/BTC,1585510686413,2020-03-29T19:38:06.413Z,buy,9.06e-06,12.0,0.00010872
ELF/BTC,1585510850416,2020-03-29T19:40:50.416Z,buy,9.06e-06,13.0,0.00011778
ELF/BTC,1585510943318,2020-03-29T19:42:23.318Z,buy,9.06e-06,225.0,0.0020385
ELF/BTC,1585510943318,2020-03-29T19:42:23.318Z,buy,9.07e-06,587.0,0.00532409
ELF/BTC,1585510988754,2020-03-29T19:43:08.754Z,buy,9.08e-06,2507.0,0.02276356
ELF/BTC,1585511015328,2020-03-29T19:43:35.328Z,sell,9.03e-06,250.0,0.0022575
ELF/BTC,1585511015328,2020-03-29T19:43:35.328Z,sell,9.02e-06,8777.0,0.07916854
ELF/BTC,1585511015591,2020-03-29T19:43:35.591Z,buy,9.02e-06,79.0,0.00071258
ELF/BTC,1585511015700,2020-03-29T19:43:35.700Z,buy,9.02e-06,198.0,0.00178596
ELF/BTC,1585511018553,2020-03-29T19:43:38.553Z,buy,9.04e-06,250.0,0.00226
ELF/BTC,1585511018553,2020-03-29T19:43:38.553Z,buy,9.05e-06,3598.0,0.0325619
ELF/BTC,1585511060093,2020-03-29T19:44:20.093Z,sell,9.03e-06,881.0,0.00795543
ELF/BTC,1585511131611,2020-03-29T19:45:31.611Z,buy,9.07e-06,881.0,0.00799067
ELF/BTC,1585511216006,2020-03-29T19:46:56.006Z,sell,9.04e-06,250.0,0.00226
ELF/BTC,1585511216006,2020-03-29T19:46:56.006Z,sell,9.03e-06,4337.0,0.03916311
ELF/BTC,1585511216006,2020-03-29T19:46:56.006Z,sell,9.02e-06,806.0,0.00727012
ELF/BTC,1585511241353,2020-03-29T19:47:21.353Z,sell,9.05e-06,250.0,0.0022624999999999
ELF/BTC,1585511241353,2020-03-29T19:47:21.353Z,sell,9.04e-06,3200.0,0.028928
ELF/BTC,1585511242174,2020-03-29T19:47:22.174Z,sell,9.03e-06,1550.0,0.0139965
ELF/BTC,1585511248808,2020-03-29T19:47:28.808Z,buy,9.04e-06,50.0,0.000452
ELF/BTC,1585511248862,2020-03-29T19:47:28.862Z,sell,9.01e-06,4860.0,0.0437886
ELF/BTC,1585511248862,2020-03-29T19:47:28.862Z,sell,9e-06,664.0,0.005976
ELF/BTC,1585511248862,2020-03-29T19:47:28.862Z,sell,9e-06,867.0,0.007803
ELF/BTC,1585511248913,2020-03-29T19:47:28.913Z,buy,9.04e-06,92.0,0.00083168
ELF/BTC,1585511249027,2020-03-29T19:47:29.027Z,buy,9.04e-06,48.0,0.0004339199999999
ELF/BTC,1585511254016,2020-03-29T19:47:34.016Z,sell,9.01e-06,531.0,0.00478431
ELF/BTC,1585511254016,2020-03-29T19:47:34.016Z,sell,9e-06,2601.0,0.023409
ELF/BTC,1585511254016,2020-03-29T19:47:34.016Z,sell,8.99e-06,1239.0,0.01113861
ELF/BTC,1585511309863,2020-03-29T19:48:29.863Z,sell,8.99e-06,27.0,0.00024273
ELF/BTC,1585511347112,2020-03-29T19:49:07.112Z,buy,9.02e-06,26.0,0.00023452
ELF/BTC,1585511358207,2020-03-29T19:49:18.207Z,buy,9.02e-06,1524.0,0.01374648
ELF/BTC,1585511358207,2020-03-29T19:49:18.207Z,buy,9.03e-06,1673.0,0.01510719
ELF/BTC,1585511401243,2020-03-29T19:50:01.243Z,buy,9.04e-06,60.0,0.0005424
ELF/BTC,1585511401243,2020-03-29T19:50:01.243Z,buy,9.05e-06,1595.0,0.01443475
ELF/BTC,1585511511599,2020-03-29T19:51:51.599Z,buy,9.04e-06,110.0,0.0009943999999999
ELF/BTC,1585511775335,2020-03-29T19:56:15.335Z,buy,9.03e-06,523.0,0.00472269
ELF/BTC,1585512013409,2020-03-29T20:00:13.409Z,buy,9.02e-06,200.0,0.001804
ELF/BTC,1585512021127,2020-03-29T20:00:21.127Z,sell,9e-06,96.0,0.000864
ELF/BTC,1585512285059,2020-03-29T20:04:45.059Z,buy,9.04e-06,12.0,0.0001084799999999
ELF/BTC,1585512435974,2020-03-29T20:07:15.974Z,buy,9.04e-06,1600.0,0.014464
ELF/BTC,1585512686829,2020-03-29T20:11:26.829Z,buy,9.05e-06,41.0,0.00037105
ELF/BTC,1585512694671,2020-03-29T20:11:34.671Z,sell,9.01e-06,895.0,0.00806395
ELF/BTC,1585512979319,2020-03-29T20:16:19.319Z,sell,9.01e-06,25.0,0.00022525
ELF/BTC,1585513073920,2020-03-29T20:17:53.920Z,sell,9.02e-06,178.0,0.00160556
ELF/BTC,1585513145797,2020-03-29T20:19:05.797Z,buy,9.04e-06,220.0,0.0019887999999999
ELF/BTC,1585513178027,2020-03-29T20:19:38.027Z,buy,9.04e-06,30.0,0.0002712
ELF/BTC,1585513178027,2020-03-29T20:19:38.027Z,buy,9.05e-06,303.0,0.00274215
ELF/BTC,1585513178118,2020-03-29T20:19:38.118Z,buy,9.05e-06,160.0,0.001448
ELF/BTC,1585513192826,2020-03-29T20:19:52.826Z,buy,9.06e-06,172.0,0.00155832
ELF/BTC,1585513600154,2020-03-29T20:26:40.154Z,buy,9.06e-06,501.0,0.00453906
ELF/BTC,1585513600155,2020-03-29T20:26:40.155Z,buy,9.06e-06,109.0,0.0009875399999999
ELF/BTC,1585513600314,2020-03-29T20:26:40.314Z,sell,9.06e-06,48.0,0.00043488
ELF/BTC,1585513607592,2020-03-29T20:26:47.592Z,buy,9.07e-06,541.0,0.00490687
ELF/BTC,1585513610295,2020-03-29T20:26:50.295Z,buy,9.07e-06,300.0,0.002721
ELF/BTC,1585513610386,2020-03-29T20:26:50.386Z,buy,9.07e-06,154.0,0.00139678
ELF/BTC,1585513618634,2020-03-29T20:26:58.634Z,buy,9.08e-06,389.0,0.0035321199999999
ELF/BTC,1585513618650,2020-03-29T20:26:58.650Z,buy,9.08e-06,130.0,0.0011803999999999
ELF/BTC,1585513619706,2020-03-29T20:26:59.706Z,buy,9.09e-06,143.0,0.0012998699999999
ELF/BTC,1585513622960,2020-03-29T20:27:02.960Z,buy,9.09e-06,501.0,0.0045540899999999
ELF/BTC,1585513669880,2020-03-29T20:27:49.880Z,buy,9.09e-06,37.0,0.00033633
ELF/BTC,1585513669880,2020-03-29T20:27:49.880Z,buy,9.09e-06,37.0,0.00033633
ELF/BTC,1585514012194,2020-03-29T20:33:32.194Z,sell,9.04e-06,67.0,0.00060568
ELF/BTC,1585514024246,2020-03-29T20:33:44.246Z,sell,9.03e-06,512.0,0.00462336
ELF/BTC,1585514109495,2020-03-29T20:35:09.495Z,sell,9.04e-06,12.0,0.0001084799999999
ELF/BTC,1585514285612,2020-03-29T20:38:05.612Z,buy,9.05e-06,375.0,0.00339375
ELF/BTC,1585514285613,2020-03-29T20:38:05.613Z,buy,9.05e-06,53.0,0.00047965
ELF/BTC,1585514285822,2020-03-29T20:38:05.822Z,buy,9.06e-06,270.0,0.0024462
ELF/BTC,1585514289779,2020-03-29T20:38:09.779Z,buy,9.06e-06,413.0,0.0037417799999999
ELF/BTC,1585514311444,2020-03-29T20:38:31.444Z,buy,9.06e-06,1172.0,0.0106183199999999
ELF/BTC,1585514312687,2020-03-29T20:38:32.687Z,buy,9.06e-06,1150.0,0.010419
ELF/BTC,1585514312691,2020-03-29T20:38:32.691Z,buy,9.06e-06,46.0,0.0004167599999999
ELF/BTC,1585514312691,2020-03-29T20:38:32.691Z,buy,9.07e-06,674.0,0.0061131799999999
ELF/BTC,1585514405188,2020-03-29T20:40:05.188Z,sell,9.03e-06,72.0,0.00065016
ELF/BTC,1585514417620,2020-03-29T20:40:17.620Z,sell,9.01e-06,1592.0,0.01434392
ELF/BTC,1585514424549,2020-03-29T20:40:24.549Z,sell,9.01e-06,1300.0,0.011713
ELF/BTC,1585514492715,2020-03-29T20:41:32.715Z,sell,9.02e-06,12.0,0.00010824
ELF/BTC,1585514494747,2020-03-29T20:41:34.747Z,buy,9.02e-06,959.0,0.00865018
ELF/BTC,1585514494757,2020-03-29T20:41:34.757Z,sell,9.01e-06,38.0,0.00034238
ELF/BTC,1585514494876,2020-03-29T20:41:34.876Z,buy,9.01e-06,48.0,0.00043248
ELF/BTC,1585514494893,2020-03-29T20:41:34.893Z,buy,9.01e-06,1214.0,0.01093814
ELF/BTC,1585514497684,2020-03-29T20:41:37.684Z,buy,9.02e-06,973.0,0.00877646
ELF/BTC,1585514669431,2020-03-29T20:44:29.431Z,buy,9.02e-06,8.0,7.216e-05
ELF/BTC,1585514669431,2020-03-29T20:44:29.431Z,buy,9.04e-06,20.0,0.0001808
ELF/BTC,1585514703804,2020-03-29T20:45:03.804Z,sell,9.04e-06,113.0,0.00102152
ELF/BTC,1585514703851,2020-03-29T20:45:03.851Z,sell,9.04e-06,108.0,0.00097632
ELF/BTC,1585514746133,2020-03-29T20:45:46.133Z,buy,9.03e-06,6200.0,0.055986
ELF/BTC,1585514827298,2020-03-29T20:47:07.298Z,sell,9.01e-06,48.0,0.00043248
ELF/BTC,1585515011975,2020-03-29T20:50:11.975Z,sell,9.01e-06,221.0,0.00199121
ELF/BTC,1585515029494,2020-03-29T20:50:29.494Z,buy,9.01e-06,1500.0,0.013515
ELF/BTC,1585515029494,2020-03-29T20:50:29.494Z,buy,9.02e-06,719.0,0.00648538
ELF/BTC,1585515055571,2020-03-29T20:50:55.571Z,buy,9.02e-06,729.0,0.00657558
ELF/BTC,1585515055571,2020-03-29T20:50:55.571Z,buy,9.03e-06,272.0,0.0024561599999999
ELF/BTC,1585515104120,2020-03-29T20:51:44.120Z,buy,9.02e-06,360.0,0.0032472
ELF/BTC,1585515424660,2020-03-29T20:57:04.660Z,buy,9e-06,563.0,0.005067
ELF/BTC,1585515424660,2020-03-29T20:57:04.660Z,buy,9e-06,382.0,0.003438
ELF/BTC,1585515424706,2020-03-29T20:57:04.706Z,sell,8.99e-06,994.0,0.00893606
ELF/BTC,1585515434817,2020-03-29T20:57:14.817Z,sell,8.99e-06,24.0,0.00021576
ELF/BTC,1585515454806,2020-03-29T20:57:34.806Z,sell,8.99e-06,515.0,0.00462985
ELF/BTC,1585515481830,2020-03-29T20:58:01.830Z,buy,9e-06,935.0,0.008415
ELF/BTC,1585515487593,2020-03-29T20:58:07.593Z,buy,9.01e-06,467.0,0.00420767
ELF/BTC,1585515490037,2020-03-29T20:58:10.037Z,buy,9.01e-06,466.0,0.00419866
ELF/BTC,1585515721671,2020-03-29T21:02:01.671Z,sell,8.98e-06,15.0,0.0001347
ELF/BTC,1585515737625,2020-03-29T21:02:17.625Z,buy,9.01e-06,166.0,0.00149566
ELF/BTC,1585515914511,2020-03-29T21:05:14.511Z,buy,9.01e-06,280.0,0.0025228
ELF/BTC,1585516329731,2020-03-29T21:12:09.731Z,buy,9.01e-06,32.0,0.00028832
ELF/BTC,1585516483970,2020-03-29T21:14:43.970Z,sell,8.98e-06,899.0,0.00807302
ELF/BTC,1585516483970,2020-03-29T21:14:43.970Z,sell,8.97e-06,2451.0,0.02198547
ELF/BTC,1585516483970,2020-03-29T21:14:43.970Z,sell,8.96e-06,78.0,0.00069888
ELF/BTC,1585516483970,2020-03-29T21:14:43.970Z,sell,8.95e-06,208.0,0.0018616
ELF/BTC,1585516483970,2020-03-29T21:14:43.970Z,sell,8.95e-06,631.0,0.00564745
ELF/BTC,1585516484012,2020-03-29T21:14:44.012Z,buy,8.96e-06,246.0,0.00220416
ELF/BTC,1585516489666,2020-03-29T21:14:49.666Z,sell,8.96e-06,166.0,0.00148736
ELF/BTC,1585516815681,2020-03-29T21:20:15.681Z,buy,9.01e-06,21.0,0.00018921
ELF/BTC,1585516815681,2020-03-29T21:20:15.681Z,buy,9.02e-06,189.0,0.00170478
ELF/BTC,1585517054908,2020-03-29T21:24:14.908Z,buy,9.01e-06,851.0,0.00766751
ELF/BTC,1585517196480,2020-03-29T21:26:36.480Z,sell,8.97e-06,580.0,0.0052026
ELF/BTC,1585517208451,2020-03-29T21:26:48.451Z,buy,9.01e-06,122.0,0.00109922
ELF/BTC,1585517208451,2020-03-29T21:26:48.451Z,buy,9.02e-06,378.0,0.00340956
ELF/BTC,1585517209948,2020-03-29T21:26:49.948Z,buy,9.02e-06,500.0,0.00451
ELF/BTC,1585517209948,2020-03-29T21:26:49.948Z,buy,9.02e-06,500.0,0.00451
ELF/BTC,1585517717066,2020-03-29T21:35:17.066Z,buy,9e-06,16.0,0.000144
ELF/BTC,1585517824836,2020-03-29T21:37:04.836Z,sell,8.97e-06,2250.0,0.0201825
ELF/BTC,1585517979044,2020-03-29T21:39:39.044Z,buy,9e-06,29.0,0.000261
ELF/BTC,1585518071317,2020-03-29T21:41:11.317Z,sell,8.97e-06,39.0,0.00034983
ELF/BTC,1585518071317,2020-03-29T21:41:11.317Z,sell,8.96e-06,1961.0,0.01757056
ELF/BTC,1585518968591,2020-03-29T21:56:08.591Z,buy,9e-06,15.0,0.000135
ELF/BTC,1585519223691,2020-03-29T22:00:23.691Z,buy,9e-06,187.0,0.001683
ELF/BTC,1585519232861,2020-03-29T22:00:32.861Z,buy,9e-06,556.0,0.005004
ELF/BTC,1585519260659,2020-03-29T22:01:00.659Z,sell,8.95e-06,850.0,0.0076075
ELF/BTC,1585519266068,2020-03-29T22:01:06.068Z,buy,8.99e-06,223.0,0.00200477
ELF/BTC,1585519269091,2020-03-29T22:01:09.091Z,sell,8.95e-06,9572.0,0.0856694
ELF/BTC,1585519269137,2020-03-29T22:01:09.137Z,sell,8.95e-06,688.0,0.0061576
ELF/BTC,1585519269137,2020-03-29T22:01:09.137Z,sell,8.94e-06,2579.0,0.02305626
ELF/BTC,1585519269137,2020-03-29T22:01:09.137Z,sell,8.94e-06,493.0,0.00440742
ELF/BTC,1585519269203,2020-03-29T22:01:09.203Z,sell,8.94e-06,2922.0,0.02612268
ELF/BTC,1585519269429,2020-03-29T22:01:09.429Z,buy,8.95e-06,122.0,0.0010919
ELF/BTC,1585519269534,2020-03-29T22:01:09.534Z,buy,8.94e-06,36.0,0.00032184
ELF/BTC,1585519269651,2020-03-29T22:01:09.651Z,buy,8.94e-06,80.0,0.0007152
ELF/BTC,1585519269749,2020-03-29T22:01:09.749Z,buy,8.94e-06,535.0,0.0047829
ELF/BTC,1585519270269,2020-03-29T22:01:10.269Z,buy,8.94e-06,481.0,0.00430014
ELF/BTC,1585519270269,2020-03-29T22:01:10.269Z,buy,8.95e-06,7879.0,0.07051705
ELF/BTC,1585519271253,2020-03-29T22:01:11.253Z,sell,8.93e-06,1240.0,0.0110731999999999
ELF/BTC,1585519271253,2020-03-29T22:01:11.253Z,sell,8.92e-06,1260.0,0.0112392
ELF/BTC,1585519271994,2020-03-29T22:01:11.994Z,sell,8.93e-06,11350.0,0.1013554999999999
ELF/BTC,1585519274249,2020-03-29T22:01:14.249Z,sell,8.93e-06,3499.0,0.0312460699999999
ELF/BTC,1585519278035,2020-03-29T22:01:18.035Z,buy,8.95e-06,49.0,0.00043855
ELF/BTC,1585519281024,2020-03-29T22:01:21.024Z,sell,8.92e-06,53.0,0.0004727599999999
ELF/BTC,1585519285172,2020-03-29T22:01:25.172Z,buy,8.95e-06,1451.0,0.01298645
ELF/BTC,1585519504730,2020-03-29T22:05:04.730Z,sell,8.95e-06,12.0,0.0001074
ELF/BTC,1585519514437,2020-03-29T22:05:14.437Z,buy,8.95e-06,85.0,0.00076075
ELF/BTC,1585519650455,2020-03-29T22:07:30.455Z,sell,8.92e-06,767.0,0.0068416399999999
ELF/BTC,1585519849497,2020-03-29T22:10:49.497Z,buy,8.95e-06,111.0,0.00099345
ELF/BTC,1585519924582,2020-03-29T22:12:04.582Z,buy,8.95e-06,1064.0,0.0095228
ELF/BTC,1585519968923,2020-03-29T22:12:48.923Z,sell,8.92e-06,592.0,0.00528064
ELF/BTC,1585520264642,2020-03-29T22:17:44.642Z,buy,8.94e-06,111.0,0.00099234
ELF/BTC,1585520292466,2020-03-29T22:18:12.466Z,buy,8.94e-06,49.0,0.00043806
ELF/BTC,1585520380378,2020-03-29T22:19:40.378Z,buy,8.95e-06,4.0,3.58e-05
ELF/BTC,1585520450751,2020-03-29T22:20:50.751Z,sell,8.91e-06,5827.0,0.05191857
ELF/BTC,1585520450751,2020-03-29T22:20:50.751Z,sell,8.9e-06,2453.0,0.0218317
ELF/BTC,1585520450751,2020-03-29T22:20:50.751Z,sell,8.89e-06,2577.0,0.0229095299999999
ELF/BTC,1585520450751,2020-03-29T22:20:50.751Z,sell,8.88e-06,4046.0,0.03592848
ELF/BTC,1585520450751,2020-03-29T22:20:50.751Z,sell,8.87e-06,57273.0,0.50801151
ELF/BTC,1585520450751,2020-03-29T22:20:50.751Z,sell,8.87e-06,1328.0,0.01177936
ELF/BTC,1585520450751,2020-03-29T22:20:50.751Z,sell,8.87e-06,2157.0,0.0191325899999999
ELF/BTC,1585520454113,2020-03-29T22:20:54.113Z,sell,8.89e-06,192.0,0.00170688
ELF/BTC,1585520473052,2020-03-29T22:21:13.052Z,buy,8.89e-06,1754.0,0.0155930599999999
ELF/BTC,1585520677215,2020-03-29T22:24:37.215Z,buy,8.93e-06,111.0,0.0009912299999999
ELF/BTC,1585520677215,2020-03-29T22:24:37.215Z,buy,8.93e-06,111.0,0.0009912299999999
ELF/BTC,1585520943929,2020-03-29T22:29:03.929Z,sell,8.89e-06,105.0,0.00093345
ELF/BTC,1585521057509,2020-03-29T22:30:57.509Z,buy,8.93e-06,24.0,0.00021432
ELF/BTC,1585521100142,2020-03-29T22:31:40.142Z,buy,8.93e-06,111.0,0.0009912299999999
ELF/BTC,1585521272970,2020-03-29T22:34:32.970Z,sell,8.91e-06,3449.0,0.03073059
ELF/BTC,1585521272970,2020-03-29T22:34:32.970Z,sell,8.9e-06,2253.0,0.0200517
ELF/BTC,1585521286374,2020-03-29T22:34:46.374Z,sell,8.9e-06,5500.0,0.04895
ELF/BTC,1585521300332,2020-03-29T22:35:00.332Z,sell,8.9e-06,627.0,0.0055803
ELF/BTC,1585521307090,2020-03-29T22:35:07.090Z,buy,8.91e-06,17.0,0.0001514699999999
ELF/BTC,1585521337882,2020-03-29T22:35:37.882Z,buy,8.91e-06,3.0,2.673e-05
ELF/BTC,1585521337882,2020-03-29T22:35:37.882Z,buy,8.92e-06,1225.0,0.010927
ELF/BTC,1585521486197,2020-03-29T22:38:06.197Z,buy,8.93e-06,4.0,3.572e-05
ELF/BTC,1585521555489,2020-03-29T22:39:15.489Z,buy,8.92e-06,12.0,0.0001070399999999
ELF/BTC,1585521606818,2020-03-29T22:40:06.818Z,buy,8.92e-06,351.0,0.0031309199999999
ELF/BTC,1585521606818,2020-03-29T22:40:06.818Z,buy,8.93e-06,164.0,0.00146452
ELF/BTC,1585521611715,2020-03-29T22:40:11.715Z,buy,8.93e-06,335.0,0.00299155
ELF/BTC,1585521611715,2020-03-29T22:40:11.715Z,buy,8.94e-06,3518.0,0.03145092
ELF/BTC,1585521636938,2020-03-29T22:40:36.938Z,buy,8.95e-06,15.0,0.00013425
ELF/BTC,1585521819583,2020-03-29T22:43:39.583Z,buy,8.95e-06,4.0,3.58e-05
ELF/BTC,1585522092599,2020-03-29T22:48:12.599Z,buy,8.94e-06,24.0,0.00021456
ELF/BTC,1585522200122,2020-03-29T22:50:00.122Z,buy,8.94e-06,22.0,0.00019668
ELF/BTC,1585522349794,2020-03-29T22:52:29.794Z,buy,8.94e-06,3.0,2.6820000000000004e-05
ELF/BTC,1585522665144,2020-03-29T22:57:45.144Z,sell,8.89e-06,250.0,0.0022225
ELF/BTC,1585522665144,2020-03-29T22:57:45.144Z,sell,8.88e-06,4750.0,0.0421799999999999
ELF/BTC,1585522665163,2020-03-29T22:57:45.163Z,buy,8.9e-06,3.0,2.67e-05
ELF/BTC,1585522665680,2020-03-29T22:57:45.680Z,buy,8.9e-06,247.0,0.0021983
ELF/BTC,1585522675426,2020-03-29T22:57:55.426Z,sell,8.9e-06,614.0,0.0054646
ELF/BTC,1585522690362,2020-03-29T22:58:10.362Z,sell,8.9e-06,770.0,0.006853
ELF/BTC,1585522695129,2020-03-29T22:58:15.129Z,sell,8.9e-06,1282.0,0.0114098
ELF/BTC,1585522701143,2020-03-29T22:58:21.143Z,sell,8.9e-06,954.0,0.0084906
ELF/BTC,1585522701273,2020-03-29T22:58:21.273Z,buy,8.91e-06,228.0,0.00203148
ELF/BTC,1585522762446,2020-03-29T22:59:22.446Z,buy,8.94e-06,111.0,0.00099234
ELF/BTC,1585523223671,2020-03-29T23:07:03.671Z,sell,8.9e-06,250.0,0.002225
ELF/BTC,1585523223671,2020-03-29T23:07:03.671Z,sell,8.89e-06,250.0,0.0022225
ELF/BTC,1585523364112,2020-03-29T23:09:24.112Z,sell,8.89e-06,12.0,0.00010668
ELF/BTC,1585523427283,2020-03-29T23:10:27.283Z,buy,8.89e-06,1124.0,0.0099923599999999
ELF/BTC,1585523551160,2020-03-29T23:12:31.160Z,buy,8.89e-06,50.0,0.0004444999999999
ELF/BTC,1585523587369,2020-03-29T23:13:07.369Z,sell,8.88e-06,300.0,0.0026639999999999
ELF/BTC,1585523613302,2020-03-29T23:13:33.302Z,sell,8.88e-06,70.0,0.0006215999999999
ELF/BTC,1585523613302,2020-03-29T23:13:33.302Z,sell,8.87e-06,394.0,0.00349478
ELF/BTC,1585523614677,2020-03-29T23:13:34.677Z,sell,8.87e-06,300.0,0.0026609999999999
ELF/BTC,1585523689762,2020-03-29T23:14:49.762Z,sell,8.87e-06,68.0,0.0006031599999999
ELF/BTC,1585523689762,2020-03-29T23:14:49.762Z,sell,8.86e-06,1063.0,0.00941818
ELF/BTC,1585523689777,2020-03-29T23:14:49.777Z,buy,8.86e-06,36.0,0.0003189599999999
ELF/BTC,1585523689830,2020-03-29T23:14:49.830Z,buy,8.86e-06,27.0,0.00023922
ELF/BTC,1585523689981,2020-03-29T23:14:49.981Z,buy,8.86e-06,982.0,0.00870052
ELF/BTC,1585523692227,2020-03-29T23:14:52.227Z,buy,8.89e-06,224.0,0.0019913599999999
ELF/BTC,1585523722510,2020-03-29T23:15:22.510Z,buy,8.89e-06,3370.0,0.0299592999999999
ELF/BTC,1585523731899,2020-03-29T23:15:31.899Z,sell,8.88e-06,2853.0,0.02533464
ELF/BTC,1585523731902,2020-03-29T23:15:31.902Z,sell,8.88e-06,114.0,0.00101232
ELF/BTC,1585523752061,2020-03-29T23:15:52.061Z,sell,8.85e-06,222.0,0.0019646999999999
ELF/BTC,1585523761991,2020-03-29T23:16:01.991Z,sell,8.85e-06,1165.0,0.01031025
ELF/BTC,1585523884567,2020-03-29T23:18:04.567Z,buy,8.9e-06,13.0,0.0001157
ELF/BTC,1585523973808,2020-03-29T23:19:33.808Z,buy,8.9e-06,3220.0,0.028658
ELF/BTC,1585523973808,2020-03-29T23:19:33.808Z,buy,8.9e-06,3220.0,0.028658
ELF/BTC,1585524768523,2020-03-29T23:32:48.523Z,sell,8.85e-06,1151.0,0.01018635
ELF/BTC,1585525128266,2020-03-29T23:38:48.266Z,buy,8.9e-06,250.0,0.002225
ELF/BTC,1585525128266,2020-03-29T23:38:48.266Z,buy,8.91e-06,2202.0,0.01961982
ELF/BTC,1585525499980,2020-03-29T23:44:59.980Z,buy,8.92e-06,1490.0,0.0132907999999999
ELF/BTC,1585525550250,2020-03-29T23:45:50.250Z,sell,8.9e-06,3256.0,0.0289783999999999
ELF/BTC,1585526297100,2020-03-29T23:58:17.100Z,buy,8.91e-06,1060.0,0.0094446
ELF/BTC,1585526531243,2020-03-30T00:02:11.243Z,buy,8.91e-06,100.0,0.000891
ELF/BTC,1585526616990,2020-03-30T00:03:36.990Z,buy,8.91e-06,4983.0,0.04439853
ELF/BTC,1585526618265,2020-03-30T00:03:38.265Z,buy,8.91e-06,984.0,0.00876744
ELF/BTC,1585526618265,2020-03-30T00:03:38.265Z,buy,8.92e-06,3966.0,0.03537672
ELF/BTC,1585526805830,2020-03-30T00:06:45.830Z,buy,8.92e-06,364.0,0.0032468799999999
ELF/BTC,1585526855436,2020-03-30T00:07:35.436Z,sell,8.89e-06,250.0,0.0022225
ELF/BTC,1585526867399,2020-03-30T00:07:47.399Z,sell,8.89e-06,576.0,0.00512064
ELF/BTC,1585526984431,2020-03-30T00:09:44.431Z,sell,8.89e-06,89.0,0.00079121
ELF/BTC,1585527067146,2020-03-30T00:11:07.146Z,sell,8.89e-06,161.0,0.00143129
ELF/BTC,1585527140614,2020-03-30T00:12:20.614Z,sell,8.87e-06,250.0,0.0022175
ELF/BTC,1585527152608,2020-03-30T00:12:32.608Z,sell,8.87e-06,250.0,0.0022175
ELF/BTC,1585527164904,2020-03-30T00:12:44.904Z,sell,8.87e-06,250.0,0.0022175
ELF/BTC,1585527170630,2020-03-30T00:12:50.630Z,buy,8.91e-06,225.0,0.00200475
ELF/BTC,1585527176969,2020-03-30T00:12:56.969Z,sell,8.87e-06,250.0,0.0022175
ELF/BTC,1585527188981,2020-03-30T00:13:08.981Z,sell,8.87e-06,1564.0,0.01387268
ELF/BTC,1585527201079,2020-03-30T00:13:21.079Z,sell,8.87e-06,250.0,0.0022175
ELF/BTC,1585527224448,2020-03-30T00:13:44.448Z,sell,8.87e-06,250.0,0.0022175
ELF/BTC,1585527270704,2020-03-30T00:14:30.704Z,sell,8.88e-06,56.0,0.00049728
ELF/BTC,1585527339836,2020-03-30T00:15:39.836Z,buy,8.87e-06,48.0,0.0004257599999999
ELF/BTC,1585527477902,2020-03-30T00:17:57.902Z,buy,8.87e-06,1557.0,0.01381059
ELF/BTC,1585527477902,2020-03-30T00:17:57.902Z,buy,8.87e-06,1557.0,0.01381059
ELF/BTC,1585527614946,2020-03-30T00:20:14.946Z,buy,8.91e-06,250.0,0.0022275
ELF/BTC,1585527614956,2020-03-30T00:20:14.956Z,sell,8.91e-06,829.0,0.00738639
ELF/BTC,1585527619385,2020-03-30T00:20:19.385Z,buy,8.92e-06,276.0,0.00246192
ELF/BTC,1585527621653,2020-03-30T00:20:21.653Z,sell,8.88e-06,1537.0,0.0136485599999999
ELF/BTC,1585527668064,2020-03-30T00:21:08.064Z,sell,8.88e-06,4336.0,0.03850368
ELF/BTC,1585527743369,2020-03-30T00:22:23.369Z,sell,8.88e-06,700.0,0.006216
ELF/BTC,1585527965871,2020-03-30T00:26:05.871Z,buy,8.91e-06,498.0,0.00443718
ELF/BTC,1585527965871,2020-03-30T00:26:05.871Z,buy,8.92e-06,13102.0,0.1168698399999999
ELF/BTC,1585528077869,2020-03-30T00:27:57.869Z,buy,8.92e-06,3271.0,0.0291773199999999
ELF/BTC,1585528200216,2020-03-30T00:30:00.216Z,buy,8.92e-06,2299.0,0.0205070799999999
ELF/BTC,1585528439786,2020-03-30T00:33:59.786Z,buy,8.92e-06,12.0,0.0001070399999999
ELF/BTC,1585529039165,2020-03-30T00:43:59.165Z,sell,8.9e-06,12.0,0.0001068
ELF/BTC,1585529046154,2020-03-30T00:44:06.154Z,sell,8.89e-06,13.0,0.0001155699999999
ELF/BTC,1585529052674,2020-03-30T00:44:12.674Z,sell,8.89e-06,237.0,0.00210693
ELF/BTC,1585529124882,2020-03-30T00:45:24.882Z,sell,8.88e-06,279.0,0.00247752
ELF/BTC,1585529186400,2020-03-30T00:46:26.400Z,sell,8.87e-06,262.0,0.00232394
ELF/BTC,1585529186400,2020-03-30T00:46:26.400Z,sell,8.86e-06,56.0,0.00049616
ELF/BTC,1585529480227,2020-03-30T00:51:20.227Z,buy,8.9e-06,10.0,8.9e-05
ELF/BTC,1585529480227,2020-03-30T00:51:20.227Z,buy,8.91e-06,102.0,0.00090882
ELF/BTC,1585529486531,2020-03-30T00:51:26.531Z,sell,8.87e-06,124.0,0.00109988
ELF/BTC,1585529868554,2020-03-30T00:57:48.554Z,buy,8.89e-06,120.0,0.0010668
ELF/BTC,1585530528017,2020-03-30T01:08:48.017Z,sell,8.87e-06,56.0,0.00049672
ELF/BTC,1585530528017,2020-03-30T01:08:48.017Z,sell,8.87e-06,56.0,0.00049672
ELF/BTC,1585531320295,2020-03-30T01:22:00.295Z,buy,8.89e-06,6950.0,0.0617855
ELF/BTC,1585531453395,2020-03-30T01:24:13.395Z,buy,8.89e-06,48.0,0.00042672
ELF/BTC,1585531583198,2020-03-30T01:26:23.198Z,buy,8.9e-06,124.0,0.0011036
ELF/BTC,1585531583198,2020-03-30T01:26:23.198Z,buy,8.91e-06,4241.0,0.03778731
ELF/BTC,1585531583339,2020-03-30T01:26:23.339Z,sell,8.91e-06,508.0,0.00452628
ELF/BTC,1585531676790,2020-03-30T01:27:56.790Z,buy,8.92e-06,562.0,0.00501304
ELF/BTC,1585532021696,2020-03-30T01:33:41.696Z,buy,8.92e-06,262.0,0.00233704
ELF/BTC,1585532115884,2020-03-30T01:35:15.884Z,sell,8.9e-06,62.0,0.0005518
ELF/BTC,1585532152121,2020-03-30T01:35:52.121Z,sell,8.9e-06,149.0,0.0013261
ELF/BTC,1585532164613,2020-03-30T01:36:04.613Z,buy,8.92e-06,250.0,0.0022299999999999
ELF/BTC,1585532164613,2020-03-30T01:36:04.613Z,buy,8.93e-06,654.0,0.0058402199999999
ELF/BTC,1585532181160,2020-03-30T01:36:21.160Z,buy,8.93e-06,344.0,0.0030719199999999
ELF/BTC,1585532181160,2020-03-30T01:36:21.160Z,buy,8.94e-06,2788.0,0.02492472
ELF/BTC,1585532181286,2020-03-30T01:36:21.286Z,buy,8.94e-06,3812.0,0.03407928
ELF/BTC,1585532181286,2020-03-30T01:36:21.286Z,buy,8.95e-06,3988.0,0.0356926
ELF/BTC,1585532181550,2020-03-30T01:36:21.550Z,sell,8.93e-06,57.0,0.00050901
ELF/BTC,1585532181651,2020-03-30T01:36:21.651Z,sell,8.93e-06,187.0,0.00166991
ELF/BTC,1585532195269,2020-03-30T01:36:35.269Z,buy,8.96e-06,250.0,0.00224
ELF/BTC,1585532195269,2020-03-30T01:36:35.269Z,buy,8.97e-06,6400.0,0.057408
ELF/BTC,1585532197137,2020-03-30T01:36:37.137Z,buy,8.97e-06,250.0,0.0022425
ELF/BTC,1585532197137,2020-03-30T01:36:37.137Z,buy,8.98e-06,3700.0,0.033226
ELF/BTC,1585532197756,2020-03-30T01:36:37.756Z,buy,8.98e-06,451.0,0.00404998
ELF/BTC,1585532204306,2020-03-30T01:36:44.306Z,buy,8.98e-06,11400.0,0.102372
ELF/BTC,1585532217421,2020-03-30T01:36:57.421Z,sell,8.93e-06,2000.0,0.0178599999999999
ELF/BTC,1585532222572,2020-03-30T01:37:02.572Z,sell,8.94e-06,250.0,0.002235
ELF/BTC,1585532222572,2020-03-30T01:37:02.572Z,sell,8.93e-06,4450.0,0.0397384999999999
ELF/BTC,1585532223790,2020-03-30T01:37:03.790Z,buy,8.97e-06,2864.0,0.02569008
ELF/BTC,1585532339088,2020-03-30T01:38:59.088Z,buy,8.96e-06,896.0,0.00802816
ELF/BTC,1585532339089,2020-03-30T01:38:59.089Z,buy,8.96e-06,652.0,0.00584192
ELF/BTC,1585532339106,2020-03-30T01:38:59.106Z,sell,8.96e-06,41.0,0.00036736
ELF/BTC,1585532584432,2020-03-30T01:43:04.432Z,buy,8.98e-06,9100.0,0.081718
ELF/BTC,1585532622165,2020-03-30T01:43:42.165Z,sell,8.94e-06,112.0,0.00100128
ELF/BTC,1585533011243,2020-03-30T01:50:11.243Z,sell,8.94e-06,79.0,0.00070626
ELF/BTC,1585533138480,2020-03-30T01:52:18.480Z,buy,8.98e-06,123.0,0.00110454
ELF/BTC,1585533138480,2020-03-30T01:52:18.480Z,buy,8.99e-06,603.0,0.00542097
ELF/BTC,1585533140062,2020-03-30T01:52:20.062Z,buy,8.99e-06,500.0,0.004495
ELF/BTC,1585533173097,2020-03-30T01:52:53.097Z,sell,8.96e-06,111.0,0.00099456
ELF/BTC,1585533174007,2020-03-30T01:52:54.007Z,sell,8.96e-06,111.0,0.00099456
ELF/BTC,1585533322315,2020-03-30T01:55:22.315Z,sell,8.96e-06,28.0,0.00025088
ELF/BTC,1585533641787,2020-03-30T02:00:41.787Z,sell,8.96e-06,250.0,0.00224
ELF/BTC,1585534001118,2020-03-30T02:06:41.118Z,sell,8.95e-06,12.0,0.0001074
ELF/BTC,1585534008826,2020-03-30T02:06:48.826Z,sell,8.95e-06,238.0,0.0021301
ELF/BTC,1585534008838,2020-03-30T02:06:48.838Z,buy,8.95e-06,846.0,0.0075717
ELF/BTC,1585534008844,2020-03-30T02:06:48.844Z,buy,8.95e-06,200.0,0.00179
ELF/BTC,1585534021369,2020-03-30T02:07:01.369Z,buy,8.98e-06,250.0,0.002245
ELF/BTC,1585534021369,2020-03-30T02:07:01.369Z,buy,8.99e-06,240.0,0.0021576
ELF/BTC,1585534063915,2020-03-30T02:07:43.915Z,sell,8.97e-06,499.0,0.00447603
ELF/BTC,1585534090721,2020-03-30T02:08:10.721Z,sell,8.97e-06,111.0,0.00099567
ELF/BTC,1585534092040,2020-03-30T02:08:12.040Z,sell,8.97e-06,1.0,8.97e-06
ELF/BTC,1585534092040,2020-03-30T02:08:12.040Z,sell,8.95e-06,110.0,0.0009845
ELF/BTC,1585534092040,2020-03-30T02:08:12.040Z,sell,8.97e-06,1.0,8.97e-06
ELF/BTC,1585534092040,2020-03-30T02:08:12.040Z,sell,8.95e-06,110.0,0.0009845
ELF/BTC,1585534597396,2020-03-30T02:16:37.396Z,sell,8.94e-06,159.0,0.00142146
ELF/BTC,1585534597396,2020-03-30T02:16:37.396Z,sell,8.93e-06,832.0,0.00742976
ELF/BTC,1585535146209,2020-03-30T02:25:46.209Z,sell,8.94e-06,224.0,0.00200256
ELF/BTC,1585535403500,2020-03-30T02:30:03.500Z,sell,8.94e-06,26.0,0.00023244
ELF/BTC,1585535510031,2020-03-30T02:31:50.031Z,sell,8.94e-06,250.0,0.002235
ELF/BTC,1585535510031,2020-03-30T02:31:50.031Z,sell,8.93e-06,3228.0,0.0288260399999999
ELF/BTC,1585535511442,2020-03-30T02:31:51.442Z,sell,8.92e-06,250.0,0.0022299999999999
ELF/BTC,1585535511442,2020-03-30T02:31:51.442Z,sell,8.91e-06,250.0,0.0022275
ELF/BTC,1585535546766,2020-03-30T02:32:26.766Z,sell,8.9e-06,1250.0,0.011125
ELF/BTC,1585535549394,2020-03-30T02:32:29.394Z,buy,8.91e-06,250.0,0.0022275
ELF/BTC,1585535671503,2020-03-30T02:34:31.503Z,buy,8.92e-06,250.0,0.0022299999999999
ELF/BTC,1585535671503,2020-03-30T02:34:31.503Z,buy,8.93e-06,5074.0,0.0453108199999999
ELF/BTC,1585535671503,2020-03-30T02:34:31.503Z,buy,8.94e-06,3983.0,0.03560802
ELF/BTC,1585535671503,2020-03-30T02:34:31.503Z,buy,8.95e-06,8881.0,0.07948495
ELF/BTC,1585535761510,2020-03-30T02:36:01.510Z,buy,8.95e-06,12.0,0.0001074
ELF/BTC,1585535958109,2020-03-30T02:39:18.109Z,buy,8.95e-06,23.0,0.00020585
ELF/BTC,1585536021684,2020-03-30T02:40:21.684Z,buy,8.95e-06,227.0,0.00203165
ELF/BTC,1585536021819,2020-03-30T02:40:21.819Z,sell,8.95e-06,23.0,0.00020585
ELF/BTC,1585536246995,2020-03-30T02:44:06.995Z,sell,8.93e-06,25.0,0.0002232499999999
ELF/BTC,1585536246995,2020-03-30T02:44:06.995Z,sell,8.92e-06,2471.0,0.02204132
ELF/BTC,1585536258780,2020-03-30T02:44:18.780Z,sell,8.91e-06,262.0,0.00233442
ELF/BTC,1585536258780,2020-03-30T02:44:18.780Z,sell,8.9e-06,2735.0,0.0243415
ELF/BTC,1585536262537,2020-03-30T02:44:22.537Z,sell,8.91e-06,250.0,0.0022275
ELF/BTC,1585536262537,2020-03-30T02:44:22.537Z,sell,8.9e-06,2640.0,0.023496
ELF/BTC,1585536265125,2020-03-30T02:44:25.125Z,sell,8.91e-06,1305.0,0.0116275499999999
ELF/BTC,1585536265125,2020-03-30T02:44:25.125Z,sell,8.9e-06,1558.0,0.0138661999999999
ELF/BTC,1585536343123,2020-03-30T02:45:43.123Z,buy,8.94e-06,916.0,0.00818904
ELF/BTC,1585536347999,2020-03-30T02:45:47.999Z,buy,8.94e-06,484.0,0.00432696
ELF/BTC,1585536385454,2020-03-30T02:46:25.454Z,buy,8.94e-06,155.0,0.0013857
ELF/BTC,1585536431048,2020-03-30T02:47:11.048Z,buy,8.95e-06,48.0,0.0004296
ELF/BTC,1585536431048,2020-03-30T02:47:11.048Z,buy,8.96e-06,4368.0,0.03913728
ELF/BTC,1585536431048,2020-03-30T02:47:11.048Z,buy,8.95e-06,48.0,0.0004296
ELF/BTC,1585536431048,2020-03-30T02:47:11.048Z,buy,8.96e-06,4368.0,0.03913728
ELF/BTC,1585538278469,2020-03-30T03:17:58.469Z,buy,8.96e-06,250.0,0.00224
ELF/BTC,1585538373723,2020-03-30T03:19:33.723Z,sell,8.96e-06,592.0,0.00530432
ELF/BTC,1585538518911,2020-03-30T03:21:58.911Z,sell,8.96e-06,608.0,0.00544768
ELF/BTC,1585538711985,2020-03-30T03:25:11.985Z,buy,8.98e-06,250.0,0.002245
ELF/BTC,1585538714525,2020-03-30T03:25:14.525Z,buy,8.98e-06,744.0,0.00668112
ELF/BTC,1585538714525,2020-03-30T03:25:14.525Z,buy,8.99e-06,6404.0,0.05757196
ELF/BTC,1585538714554,2020-03-30T03:25:14.554Z,buy,8.99e-06,500.0,0.004495
ELF/BTC,1585538716057,2020-03-30T03:25:16.057Z,buy,8.99e-06,500.0,0.004495
ELF/BTC,1585538752021,2020-03-30T03:25:52.021Z,buy,8.99e-06,701.0,0.00630199
ELF/BTC,1585539142208,2020-03-30T03:32:22.208Z,sell,8.96e-06,942.0,0.00844032
ELF/BTC,1585539142208,2020-03-30T03:32:22.208Z,sell,8.95e-06,4116.0,0.0368382
ELF/BTC,1585539142208,2020-03-30T03:32:22.208Z,sell,8.94e-06,250.0,0.002235
ELF/BTC,1585539142208,2020-03-30T03:32:22.208Z,sell,8.93e-06,744.0,0.0066439199999999
ELF/BTC,1585539142208,2020-03-30T03:32:22.208Z,sell,8.92e-06,8518.0,0.0759805599999999
ELF/BTC,1585539211430,2020-03-30T03:33:31.430Z,buy,8.94e-06,22.0,0.00019668
ELF/BTC,1585539219539,2020-03-30T03:33:39.539Z,buy,8.95e-06,250.0,0.0022375
ELF/BTC,1585539219539,2020-03-30T03:33:39.539Z,buy,8.97e-06,1400.0,0.012558
ELF/BTC,1585539228641,2020-03-30T03:33:48.641Z,buy,8.97e-06,250.0,0.0022425
ELF/BTC,1585539228641,2020-03-30T03:33:48.641Z,buy,8.98e-06,4950.0,0.044451
ELF/BTC,1585539770847,2020-03-30T03:42:50.847Z,sell,8.95e-06,250.0,0.0022375
ELF/BTC,1585539789877,2020-03-30T03:43:09.877Z,buy,8.98e-06,50.0,0.000449
ELF/BTC,1585539999254,2020-03-30T03:46:39.254Z,sell,8.93e-06,950.0,0.0084835
ELF/BTC,1585540001947,2020-03-30T03:46:41.947Z,sell,8.93e-06,44.0,0.0003929199999999
ELF/BTC,1585540001947,2020-03-30T03:46:41.947Z,sell,8.92e-06,4406.0,0.03930152
ELF/BTC,1585540001947,2020-03-30T03:46:41.947Z,sell,8.93e-06,44.0,0.0003929199999999
ELF/BTC,1585540001947,2020-03-30T03:46:41.947Z,sell,8.92e-06,4406.0,0.03930152
ELF/BTC,1585540120957,2020-03-30T03:48:40.957Z,sell,8.92e-06,17.0,0.0001516399999999
ELF/BTC,1585540769471,2020-03-30T03:59:29.471Z,sell,8.92e-06,245.0,0.0021853999999999
ELF/BTC,1585540769471,2020-03-30T03:59:29.471Z,sell,8.9e-06,4584.0,0.0407975999999999
ELF/BTC,1585540769471,2020-03-30T03:59:29.471Z,sell,8.89e-06,21.0,0.00018669
ELF/BTC,1585540988147,2020-03-30T04:03:08.147Z,buy,8.93e-06,42.0,0.00037506
ELF/BTC,1585540988162,2020-03-30T04:03:08.162Z,buy,8.94e-06,154.0,0.00137676
ELF/BTC,1585540988165,2020-03-30T04:03:08.165Z,buy,8.94e-06,178.0,0.00159132
ELF/BTC,1585540990837,2020-03-30T04:03:10.837Z,sell,8.9e-06,274.0,0.0024386
ELF/BTC,1585540990837,2020-03-30T04:03:10.837Z,sell,8.89e-06,60.0,0.0005334
ELF/BTC,1585540992322,2020-03-30T04:03:12.322Z,sell,8.9e-06,250.0,0.002225
ELF/BTC,1585540992322,2020-03-30T04:03:12.322Z,sell,8.89e-06,84.0,0.00074676
ELF/BTC,1585541488984,2020-03-30T04:11:28.984Z,sell,8.9e-06,250.0,0.002225
ELF/BTC,1585541488984,2020-03-30T04:11:28.984Z,sell,8.89e-06,302.0,0.00268478
ELF/BTC,1585541632179,2020-03-30T04:13:52.179Z,buy,8.94e-06,24.0,0.00021456
ELF/BTC,1585541669018,2020-03-30T04:14:29.018Z,buy,8.94e-06,226.0,0.00202044
ELF/BTC,1585541669018,2020-03-30T04:14:29.018Z,buy,8.95e-06,4874.0,0.0436223
ELF/BTC,1585542146176,2020-03-30T04:22:26.176Z,buy,8.95e-06,908.0,0.0081266
ELF/BTC,1585542146244,2020-03-30T04:22:26.244Z,sell,8.95e-06,554.0,0.0049583
ELF/BTC,1585542147585,2020-03-30T04:22:27.585Z,sell,8.95e-06,135.0,0.00120825
ELF/BTC,1585542433110,2020-03-30T04:27:13.110Z,sell,8.9e-06,984.0,0.0087575999999999
ELF/BTC,1585542593952,2020-03-30T04:29:53.952Z,buy,8.96e-06,53.0,0.00047488
ELF/BTC,1585542728747,2020-03-30T04:32:08.747Z,sell,8.91e-06,250.0,0.0022275
ELF/BTC,1585542728747,2020-03-30T04:32:08.747Z,sell,8.9e-06,135.0,0.0012014999999999
ELF/BTC,1585542728747,2020-03-30T04:32:08.747Z,sell,8.91e-06,250.0,0.0022275
ELF/BTC,1585542728747,2020-03-30T04:32:08.747Z,sell,8.9e-06,135.0,0.0012014999999999
ELF/BTC,1585543662937,2020-03-30T04:47:42.937Z,buy,8.96e-06,197.0,0.00176512
ELF/BTC,1585543662937,2020-03-30T04:47:42.937Z,buy,8.97e-06,858.0,0.00769626
ELF/BTC,1585543851153,2020-03-30T04:50:51.153Z,sell,8.93e-06,250.0,0.0022324999999999
ELF/BTC,1585543851153,2020-03-30T04:50:51.153Z,sell,8.92e-06,2550.0,0.022746
ELF/BTC,1585543950734,2020-03-30T04:52:30.734Z,sell,8.93e-06,250.0,0.0022324999999999
ELF/BTC,1585543962647,2020-03-30T04:52:42.647Z,sell,8.91e-06,720.0,0.0064151999999999
ELF/BTC,1585544453187,2020-03-30T05:00:53.187Z,sell,8.91e-06,250.0,0.0022275
ELF/BTC,1585544454335,2020-03-30T05:00:54.335Z,sell,8.9e-06,1124.0,0.0100036
ELF/BTC,1585544455435,2020-03-30T05:00:55.435Z,sell,8.9e-06,68.0,0.0006052
ELF/BTC,1585544455435,2020-03-30T05:00:55.435Z,sell,8.89e-06,498.0,0.00442722
ELF/BTC,1585544455435,2020-03-30T05:00:55.435Z,sell,8.88e-06,1702.0,0.0151137599999999
ELF/BTC,1585544455435,2020-03-30T05:00:55.435Z,sell,8.87e-06,382.0,0.00338834
ELF/BTC,1585544457338,2020-03-30T05:00:57.338Z,sell,8.88e-06,250.0,0.0022199999999999
ELF/BTC,1585544457338,2020-03-30T05:00:57.338Z,sell,8.87e-06,3958.0,0.03510746
ELF/BTC,1585544457338,2020-03-30T05:00:57.338Z,sell,8.86e-06,27.0,0.00023922
ELF/BTC,1585544457338,2020-03-30T05:00:57.338Z,sell,8.85e-06,1965.0,0.01739025
ELF/BTC,1585544457338,2020-03-30T05:00:57.338Z,sell,8.85e-06,701.0,0.00620385
ELF/BTC,1585544458360,2020-03-30T05:00:58.360Z,sell,8.87e-06,3100.0,0.027497
ELF/BTC,1585544469430,2020-03-30T05:01:09.430Z,buy,8.9e-06,48.0,0.0004272
ELF/BTC,1585544482511,2020-03-30T05:01:22.511Z,buy,8.9e-06,49.0,0.0004361
ELF/BTC,1585544489124,2020-03-30T05:01:29.124Z,buy,8.9e-06,153.0,0.0013617
ELF/BTC,1585544509008,2020-03-30T05:01:49.008Z,sell,8.88e-06,124.0,0.00110112
ELF/BTC,1585544518979,2020-03-30T05:01:58.979Z,sell,8.88e-06,250.0,0.0022199999999999
ELF/BTC,1585544524826,2020-03-30T05:02:04.826Z,sell,8.88e-06,250.0,0.0022199999999999
ELF/BTC,1585544534296,2020-03-30T05:02:14.296Z,buy,8.89e-06,13.0,0.0001155699999999
ELF/BTC,1585545147376,2020-03-30T05:12:27.376Z,sell,8.88e-06,515.0,0.0045731999999999
ELF/BTC,1585545261256,2020-03-30T05:14:21.256Z,sell,8.88e-06,49.0,0.00043512
ELF/BTC,1585545276660,2020-03-30T05:14:36.660Z,sell,8.88e-06,3368.0,0.0299078399999999
ELF/BTC,1585545673193,2020-03-30T05:21:13.193Z,sell,8.88e-06,26182.0,0.2324961599999999
ELF/BTC,1585545673220,2020-03-30T05:21:13.220Z,sell,8.87e-06,1793.0,0.01590391
ELF/BTC,1585545779765,2020-03-30T05:22:59.765Z,sell,8.86e-06,171.0,0.00151506
ELF/BTC,1585545802736,2020-03-30T05:23:22.736Z,buy,8.9e-06,250.0,0.002225
ELF/BTC,1585545802736,2020-03-30T05:23:22.736Z,buy,8.91e-06,7650.0,0.0681615
ELF/BTC,1585545802736,2020-03-30T05:23:22.736Z,buy,8.92e-06,3331.0,0.02971252
ELF/BTC,1585545802736,2020-03-30T05:23:22.736Z,buy,8.93e-06,2099.0,0.0187440699999999
ELF/BTC,1585545844170,2020-03-30T05:24:04.170Z,sell,8.89e-06,250.0,0.0022225
ELF/BTC,1585545844189,2020-03-30T05:24:04.189Z,buy,8.89e-06,2494.0,0.02217166
ELF/BTC,1585545856158,2020-03-30T05:24:16.158Z,sell,8.89e-06,250.0,0.0022225
ELF/BTC,1585545899753,2020-03-30T05:24:59.753Z,sell,8.88e-06,9406.0,0.08352528
ELF/BTC,1585545903298,2020-03-30T05:25:03.298Z,sell,8.87e-06,748.0,0.00663476
ELF/BTC,1585545915314,2020-03-30T05:25:15.314Z,sell,8.86e-06,762.0,0.00675132
ELF/BTC,1585545959072,2020-03-30T05:25:59.072Z,sell,8.84e-06,250.0,0.00221
ELF/BTC,1585545959072,2020-03-30T05:25:59.072Z,sell,8.83e-06,1987.0,0.01754521
ELF/BTC,1585545995829,2020-03-30T05:26:35.829Z,buy,8.88e-06,250.0,0.0022199999999999
ELF/BTC,1585545995829,2020-03-30T05:26:35.829Z,buy,8.89e-06,31.0,0.00027559
ELF/BTC,1585546001023,2020-03-30T05:26:41.023Z,buy,8.91e-06,458.0,0.00408078
ELF/BTC,1585546001051,2020-03-30T05:26:41.051Z,sell,8.91e-06,754.0,0.0067181399999999
ELF/BTC,1585546162622,2020-03-30T05:29:22.622Z,buy,8.92e-06,23.0,0.00020516
ELF/BTC,1585546162622,2020-03-30T05:29:22.622Z,buy,8.92e-06,23.0,0.00020516
ELF/BTC,1585546456966,2020-03-30T05:34:16.966Z,sell,8.87e-06,250.0,0.0022175
ELF/BTC,1585546860159,2020-03-30T05:41:00.159Z,sell,8.87e-06,40.0,0.0003548
ELF/BTC,1585547012439,2020-03-30T05:43:32.439Z,buy,8.91e-06,706.0,0.0062904599999999
ELF/BTC,1585547037423,2020-03-30T05:43:57.423Z,buy,8.91e-06,9103.0,0.0811077299999999
ELF/BTC,1585547081973,2020-03-30T05:44:41.973Z,buy,8.91e-06,10821.0,0.09641511
ELF/BTC,1585547164740,2020-03-30T05:46:04.740Z,sell,8.88e-06,2177.0,0.01933176
ELF/BTC,1585547199637,2020-03-30T05:46:39.637Z,buy,8.9e-06,25.0,0.0002225
ELF/BTC,1585547305275,2020-03-30T05:48:25.275Z,sell,8.88e-06,1162.0,0.01031856
ELF/BTC,1585547305275,2020-03-30T05:48:25.275Z,sell,8.87e-06,443.0,0.0039294099999999
ELF/BTC,1585547316962,2020-03-30T05:48:36.962Z,buy,8.9e-06,225.0,0.0020025
ELF/BTC,1585547316962,2020-03-30T05:48:36.962Z,buy,8.91e-06,4455.0,0.0396940499999999
ELF/BTC,1585547457885,2020-03-30T05:50:57.885Z,sell,8.88e-06,250.0,0.0022199999999999
ELF/BTC,1585547458236,2020-03-30T05:50:58.236Z,buy,8.88e-06,1927.0,0.01711176
ELF/BTC,1585549459156,2020-03-30T06:24:19.156Z,buy,8.89e-06,23.0,0.00020447
ELF/BTC,1585549459156,2020-03-30T06:24:19.156Z,buy,8.9e-06,250.0,0.002225
ELF/BTC,1585549459156,2020-03-30T06:24:19.156Z,buy,8.91e-06,263.0,0.00234333
ELF/BTC,1585549743140,2020-03-30T06:29:03.140Z,buy,8.91e-06,12.0,0.0001069199999999
ELF/BTC,1585549743140,2020-03-30T06:29:03.140Z,buy,8.92e-06,6268.0,0.05591056
ELF/BTC,1585549743140,2020-03-30T06:29:03.140Z,buy,8.91e-06,12.0,0.0001069199999999
ELF/BTC,1585549743140,2020-03-30T06:29:03.140Z,buy,8.92e-06,6268.0,0.05591056
ELF/BTC,1585549764973,2020-03-30T06:29:24.973Z,buy,8.92e-06,250.0,0.0022299999999999
ELF/BTC,1585549764973,2020-03-30T06:29:24.973Z,buy,8.93e-06,1162.0,0.01037666
ELF/BTC,1585549770579,2020-03-30T06:29:30.579Z,buy,8.92e-06,250.0,0.0022299999999999
ELF/BTC,1585549770579,2020-03-30T06:29:30.579Z,buy,8.93e-06,3051.0,0.0272454299999999
ELF/BTC,1585549772738,2020-03-30T06:29:32.738Z,buy,8.93e-06,2929.0,0.0261559699999999
ELF/BTC,1585549779868,2020-03-30T06:29:39.868Z,buy,8.95e-06,999.0,0.00894105
ELF/BTC,1585549785990,2020-03-30T06:29:45.990Z,buy,8.94e-06,250.0,0.002235
ELF/BTC,1585549785990,2020-03-30T06:29:45.990Z,buy,8.95e-06,809.0,0.00724055
ELF/BTC,1585549795819,2020-03-30T06:29:55.819Z,buy,8.96e-06,3034.0,0.02718464
ELF/BTC,1585549795819,2020-03-30T06:29:55.819Z,buy,8.97e-06,24427.0,0.21911019
ELF/BTC,1585549798621,2020-03-30T06:29:58.621Z,buy,8.98e-06,54564.0,0.48998472
ELF/BTC,1585549798632,2020-03-30T06:29:58.632Z,sell,8.98e-06,150.0,0.001347
ELF/BTC,1585549798636,2020-03-30T06:29:58.636Z,sell,8.98e-06,50.0,0.000449
ELF/BTC,1585549798652,2020-03-30T06:29:58.652Z,sell,8.98e-06,1842.0,0.01654116
ELF/BTC,1585549798734,2020-03-30T06:29:58.734Z,sell,8.98e-06,5007.0,0.04496286
ELF/BTC,1585549798736,2020-03-30T06:29:58.736Z,sell,8.98e-06,2171.0,0.01949558
ELF/BTC,1585549798825,2020-03-30T06:29:58.825Z,sell,8.97e-06,250.0,0.0022425
ELF/BTC,1585549798825,2020-03-30T06:29:58.825Z,sell,8.96e-06,1080.0,0.0096768
ELF/BTC,1585549798826,2020-03-30T06:29:58.826Z,sell,8.96e-06,1432.0,0.01283072
ELF/BTC,1585549798828,2020-03-30T06:29:58.828Z,sell,8.96e-06,1330.0,0.0119168
ELF/BTC,1585549801129,2020-03-30T06:30:01.129Z,sell,8.96e-06,250.0,0.00224
ELF/BTC,1585549801469,2020-03-30T06:30:01.469Z,buy,8.98e-06,3271.0,0.02937358
ELF/BTC,1585549801469,2020-03-30T06:30:01.469Z,buy,8.99e-06,1327.0,0.01192973
ELF/BTC,1585549815297,2020-03-30T06:30:15.297Z,buy,8.99e-06,11013.0,0.09900687
ELF/BTC,1585549827151,2020-03-30T06:30:27.151Z,buy,8.99e-06,64.0,0.00057536
ELF/BTC,1585549827151,2020-03-30T06:30:27.151Z,buy,9e-06,10814.0,0.097326
ELF/BTC,1585549827170,2020-03-30T06:30:27.170Z,sell,9e-06,1264.0,0.011376
ELF/BTC,1585549827259,2020-03-30T06:30:27.259Z,sell,9e-06,48.0,0.000432
ELF/BTC,1585549827653,2020-03-30T06:30:27.653Z,sell,9e-06,13387.0,0.120483
ELF/BTC,1585549829584,2020-03-30T06:30:29.584Z,buy,8.99e-06,8975.0,0.08068525
ELF/BTC,1585549829584,2020-03-30T06:30:29.584Z,buy,9e-06,2018.0,0.018162
ELF/BTC,1585549830219,2020-03-30T06:30:30.219Z,buy,9.01e-06,271.0,0.00244171
ELF/BTC,1585549830219,2020-03-30T06:30:30.219Z,buy,9.02e-06,229.0,0.00206558
ELF/BTC,1585549833653,2020-03-30T06:30:33.653Z,sell,9.01e-06,270.0,0.0024327
ELF/BTC,1585549833656,2020-03-30T06:30:33.656Z,sell,9.01e-06,219.0,0.00197319
ELF/BTC,1585549833752,2020-03-30T06:30:33.752Z,buy,9.02e-06,4924.0,0.04441448
ELF/BTC,1585549833768,2020-03-30T06:30:33.768Z,sell,9.02e-06,49.0,0.00044198
ELF/BTC,1585549833834,2020-03-30T06:30:33.834Z,sell,9.02e-06,80.0,0.0007216
ELF/BTC,1585549833917,2020-03-30T06:30:33.917Z,buy,9.03e-06,266.0,0.00240198
ELF/BTC,1585549833990,2020-03-30T06:30:33.990Z,sell,9.02e-06,1015.0,0.0091553
ELF/BTC,1585549834181,2020-03-30T06:30:34.181Z,sell,9.02e-06,1705.0,0.0153791
ELF/BTC,1585549834285,2020-03-30T06:30:34.285Z,buy,9.04e-06,20214.0,0.18273456
ELF/BTC,1585549834404,2020-03-30T06:30:34.404Z,sell,9.02e-06,9898.0,0.08927996
ELF/BTC,1585549834719,2020-03-30T06:30:34.719Z,sell,9.02e-06,3097.0,0.02793494
ELF/BTC,1585549834918,2020-03-30T06:30:34.918Z,buy,9.05e-06,15966.0,0.1444923
ELF/BTC,1585549834935,2020-03-30T06:30:34.935Z,sell,9.04e-06,250.0,0.00226
ELF/BTC,1585549835183,2020-03-30T06:30:35.183Z,sell,9.04e-06,111.0,0.00100344
ELF/BTC,1585549835198,2020-03-30T06:30:35.198Z,sell,9.04e-06,139.0,0.0012565599999999
ELF/BTC,1585549835233,2020-03-30T06:30:35.233Z,sell,9.04e-06,200.0,0.001808
ELF/BTC,1585549835422,2020-03-30T06:30:35.422Z,sell,9.04e-06,50.0,0.000452
ELF/BTC,1585549835543,2020-03-30T06:30:35.543Z,sell,9.02e-06,38.0,0.00034276
ELF/BTC,1585549835612,2020-03-30T06:30:35.612Z,buy,9.07e-06,387.0,0.00351009
ELF/BTC,1585549835620,2020-03-30T06:30:35.620Z,sell,9.07e-06,2614.0,0.0237089799999999
ELF/BTC,1585549835623,2020-03-30T06:30:35.623Z,sell,9.07e-06,170.0,0.0015419
ELF/BTC,1585549835666,2020-03-30T06:30:35.666Z,sell,9.07e-06,1640.0,0.0148747999999999
ELF/BTC,1585549835672,2020-03-30T06:30:35.672Z,sell,9.07e-06,160.0,0.0014512
ELF/BTC,1585549835817,2020-03-30T06:30:35.817Z,sell,9.05e-06,1502.0,0.0135931
ELF/BTC,1585549835859,2020-03-30T06:30:35.859Z,sell,9.05e-06,740.0,0.006697
ELF/BTC,1585549835892,2020-03-30T06:30:35.892Z,buy,9.06e-06,1440.0,0.0130464
ELF/BTC,1585549835892,2020-03-30T06:30:35.892Z,buy,9.07e-06,1493.0,0.01354151
ELF/BTC,1585549835895,2020-03-30T06:30:35.895Z,sell,9.07e-06,1301.0,0.01180007
ELF/BTC,1585549835928,2020-03-30T06:30:35.928Z,sell,9.07e-06,2527.0,0.02291989
ELF/BTC,1585549836029,2020-03-30T06:30:36.029Z,sell,9.07e-06,1502.0,0.0136231399999999
ELF/BTC,1585549836050,2020-03-30T06:30:36.050Z,sell,9.07e-06,173.0,0.0015691099999999
ELF/BTC,1585549836067,2020-03-30T06:30:36.067Z,sell,9.06e-06,250.0,0.002265
ELF/BTC,1585549836071,2020-03-30T06:30:36.071Z,sell,9.05e-06,2046.0,0.0185163
ELF/BTC,1585549836119,2020-03-30T06:30:36.119Z,sell,9.04e-06,250.0,0.00226
ELF/BTC,1585549836119,2020-03-30T06:30:36.119Z,sell,9.03e-06,1252.0,0.01130556
ELF/BTC,1585549836175,2020-03-30T06:30:36.175Z,sell,9.04e-06,250.0,0.00226
ELF/BTC,1585549836275,2020-03-30T06:30:36.275Z,sell,9.04e-06,1335.0,0.0120684
ELF/BTC,1585549836584,2020-03-30T06:30:36.584Z,buy,9.04e-06,900.0,0.008136
ELF/BTC,1585549836765,2020-03-30T06:30:36.765Z,sell,9.03e-06,1502.0,0.01356306
ELF/BTC,1585549836853,2020-03-30T06:30:36.853Z,buy,9.04e-06,300.0,0.002712
ELF/BTC,1585549836925,2020-03-30T06:30:36.925Z,buy,9.04e-06,300.0,0.002712
ELF/BTC,1585549837529,2020-03-30T06:30:37.529Z,buy,9.04e-06,2.0,1.808e-05
ELF/BTC,1585549837688,2020-03-30T06:30:37.688Z,buy,9.05e-06,173.0,0.00156565
ELF/BTC,1585549838619,2020-03-30T06:30:38.619Z,buy,9.05e-06,1259.0,0.01139395
ELF/BTC,1585549838619,2020-03-30T06:30:38.619Z,buy,9.06e-06,2921.0,0.02646426
ELF/BTC,1585549839372,2020-03-30T06:30:39.372Z,sell,9.06e-06,227.0,0.00205662
ELF/BTC,1585549839372,2020-03-30T06:30:39.372Z,sell,9.04e-06,1275.0,0.011526
ELF/BTC,1585549839383,2020-03-30T06:30:39.383Z,buy,9.07e-06,250.0,0.0022675
ELF/BTC,1585549839448,2020-03-30T06:30:39.448Z,sell,9.04e-06,250.0,0.00226
ELF/BTC,1585549839448,2020-03-30T06:30:39.448Z,sell,9.03e-06,1252.0,0.01130556
ELF/BTC,1585549839538,2020-03-30T06:30:39.538Z,sell,9.03e-06,1502.0,0.01356306
ELF/BTC,1585549841296,2020-03-30T06:30:41.296Z,buy,9.04e-06,180.0,0.0016271999999999
ELF/BTC,1585549842465,2020-03-30T06:30:42.465Z,buy,9.04e-06,1237.0,0.01118248
ELF/BTC,1585549842465,2020-03-30T06:30:42.465Z,buy,9.05e-06,348.0,0.0031494
ELF/BTC,1585549845910,2020-03-30T06:30:45.910Z,buy,9.07e-06,250.0,0.0022675
ELF/BTC,1585549845910,2020-03-30T06:30:45.910Z,buy,9.08e-06,2589.0,0.0235081199999999
ELF/BTC,1585549848775,2020-03-30T06:30:48.775Z,buy,9.08e-06,6546.0,0.05943768
ELF/BTC,1585549848775,2020-03-30T06:30:48.775Z,buy,9.09e-06,3963.0,0.03602367
ELF/BTC,1585549848775,2020-03-30T06:30:48.775Z,buy,9.1e-06,2143.0,0.0195013
ELF/BTC,1585549848775,2020-03-30T06:30:48.775Z,buy,9.11e-06,5657.0,0.0515352699999999
ELF/BTC,1585549851533,2020-03-30T06:30:51.533Z,sell,9.04e-06,521.0,0.00470984
ELF/BTC,1585549852024,2020-03-30T06:30:52.024Z,buy,9.09e-06,250.0,0.0022724999999999
ELF/BTC,1585549852024,2020-03-30T06:30:52.024Z,buy,9.1e-06,3008.0,0.0273728
ELF/BTC,1585549852024,2020-03-30T06:30:52.024Z,buy,9.11e-06,34143.0,0.31104273
ELF/BTC,1585549852024,2020-03-30T06:30:52.024Z,buy,9.12e-06,159.0,0.00145008
ELF/BTC,1585549852033,2020-03-30T06:30:52.033Z,sell,9.12e-06,3721.0,0.03393552
ELF/BTC,1585549852040,2020-03-30T06:30:52.040Z,sell,9.12e-06,3751.0,0.03420912
ELF/BTC,1585549852072,2020-03-30T06:30:52.072Z,sell,9.12e-06,19055.0,0.1737816
ELF/BTC,1585549852073,2020-03-30T06:30:52.073Z,sell,9.12e-06,8987.0,0.08196144
ELF/BTC,1585549852079,2020-03-30T06:30:52.079Z,sell,9.12e-06,7810.0,0.0712272
ELF/BTC,1585549852097,2020-03-30T06:30:52.097Z,buy,9.12e-06,3706.0,0.03379872
ELF/BTC,1585549852403,2020-03-30T06:30:52.403Z,buy,9.09e-06,429.0,0.0038996099999999
ELF/BTC,1585549852403,2020-03-30T06:30:52.403Z,buy,9.1e-06,4771.0,0.0434161
ELF/BTC,1585549853147,2020-03-30T06:30:53.147Z,buy,9.1e-06,5756.0,0.0523796
ELF/BTC,1585549853147,2020-03-30T06:30:53.147Z,buy,9.11e-06,744.0,0.0067778399999999
ELF/BTC,1585549853401,2020-03-30T06:30:53.401Z,buy,9.11e-06,11516.0,0.1049107599999999
ELF/BTC,1585549853720,2020-03-30T06:30:53.720Z,buy,9.11e-06,1677.0,0.0152774699999999
ELF/BTC,1585549853720,2020-03-30T06:30:53.720Z,buy,9.12e-06,647.0,0.00590064
ELF/BTC,1585549854009,2020-03-30T06:30:54.009Z,buy,9.13e-06,139.0,0.00126907
ELF/BTC,1585549854009,2020-03-30T06:30:54.009Z,buy,9.14e-06,1811.0,0.01655254
ELF/BTC,1585549854124,2020-03-30T06:30:54.124Z,sell,9.14e-06,331.0,0.00302534
ELF/BTC,1585549854131,2020-03-30T06:30:54.131Z,sell,9.14e-06,179.0,0.00163606
ELF/BTC,1585549854150,2020-03-30T06:30:54.150Z,sell,9.14e-06,190.0,0.0017366
ELF/BTC,1585549854281,2020-03-30T06:30:54.281Z,sell,9.14e-06,135.0,0.0012339
ELF/BTC,1585549854282,2020-03-30T06:30:54.282Z,sell,9.14e-06,1117.0,0.01020938
ELF/BTC,1585549854282,2020-03-30T06:30:54.282Z,sell,9.14e-06,345.0,0.0031533
ELF/BTC,1585549854314,2020-03-30T06:30:54.314Z,sell,9.14e-06,102.0,0.00093228
ELF/BTC,1585549854337,2020-03-30T06:30:54.337Z,sell,9.14e-06,386.0,0.00352804
ELF/BTC,1585549854801,2020-03-30T06:30:54.801Z,buy,9.15e-06,730.0,0.0066795
ELF/BTC,1585549854801,2020-03-30T06:30:54.801Z,buy,9.16e-06,725.0,0.006641
ELF/BTC,1585549854801,2020-03-30T06:30:54.801Z,buy,9.17e-06,945.0,0.00866565
ELF/BTC,1585549854849,2020-03-30T06:30:54.849Z,sell,9.14e-06,200.0,0.001828
ELF/BTC,1585549855558,2020-03-30T06:30:55.558Z,buy,9.17e-06,154.0,0.00141218
ELF/BTC,1585549855558,2020-03-30T06:30:55.558Z,buy,9.18e-06,744.0,0.00682992
ELF/BTC,1585549855558,2020-03-30T06:30:55.558Z,buy,9.19e-06,2953.0,0.02713807
ELF/BTC,1585549855558,2020-03-30T06:30:55.558Z,buy,9.2e-06,5549.0,0.0510508
ELF/BTC,1585549855919,2020-03-30T06:30:55.919Z,sell,9.19e-06,155.0,0.00142445
ELF/BTC,1585549855957,2020-03-30T06:30:55.957Z,sell,9.14e-06,48.0,0.00043872
ELF/BTC,1585549856612,2020-03-30T06:30:56.612Z,buy,9.15e-06,129.0,0.00118035
ELF/BTC,1585549856612,2020-03-30T06:30:56.612Z,buy,9.17e-06,559.0,0.00512603
ELF/BTC,1585549856612,2020-03-30T06:30:56.612Z,buy,9.2e-06,540.0,0.004968
ELF/BTC,1585549856612,2020-03-30T06:30:56.612Z,buy,9.21e-06,7443.0,0.06855003
ELF/BTC,1585549856710,2020-03-30T06:30:56.710Z,buy,9.21e-06,1815.0,0.01671615
ELF/BTC,1585549857370,2020-03-30T06:30:57.370Z,sell,9.16e-06,250.0,0.00229
ELF/BTC,1585549857370,2020-03-30T06:30:57.370Z,sell,9.15e-06,114.0,0.0010431
ELF/BTC,1585549857425,2020-03-30T06:30:57.425Z,sell,9.16e-06,250.0,0.00229
ELF/BTC,1585549857440,2020-03-30T06:30:57.440Z,sell,9.15e-06,18.0,0.0001647
ELF/BTC,1585549858378,2020-03-30T06:30:58.378Z,sell,9.16e-06,250.0,0.00229
ELF/BTC,1585549858378,2020-03-30T06:30:58.378Z,sell,9.15e-06,349.0,0.00319335
ELF/BTC,1585549860510,2020-03-30T06:31:00.510Z,sell,9.16e-06,135.0,0.0012366
ELF/BTC,1585549860510,2020-03-30T06:31:00.510Z,sell,9.15e-06,1710.0,0.0156465
ELF/BTC,1585549861810,2020-03-30T06:31:01.810Z,sell,9.18e-06,219.0,0.00201042
ELF/BTC,1585549861841,2020-03-30T06:31:01.841Z,sell,9.18e-06,686.0,0.00629748
ELF/BTC,1585549862340,2020-03-30T06:31:02.340Z,buy,9.19e-06,231.0,0.00212289
ELF/BTC,1585549864108,2020-03-30T06:31:04.108Z,buy,9.19e-06,500.0,0.004595
ELF/BTC,1585549864357,2020-03-30T06:31:04.357Z,buy,9.19e-06,238.0,0.00218722
ELF/BTC,1585549864960,2020-03-30T06:31:04.960Z,sell,9.18e-06,204.0,0.00187272
ELF/BTC,1585549865457,2020-03-30T06:31:05.457Z,buy,9.18e-06,250.0,0.002295
ELF/BTC,1585549865474,2020-03-30T06:31:05.474Z,sell,9.18e-06,1500.0,0.01377
ELF/BTC,1585549865479,2020-03-30T06:31:05.479Z,buy,9.19e-06,500.0,0.004595
ELF/BTC,1585549866180,2020-03-30T06:31:06.180Z,buy,9.18e-06,250.0,0.002295
ELF/BTC,1585549866180,2020-03-30T06:31:06.180Z,buy,9.19e-06,12177.0,0.11190663
ELF/BTC,1585549866180,2020-03-30T06:31:06.180Z,buy,9.2e-06,2916.0,0.0268272
ELF/BTC,1585549867085,2020-03-30T06:31:07.085Z,buy,9.2e-06,500.0,0.0046
ELF/BTC,1585549868373,2020-03-30T06:31:08.373Z,buy,9.2e-06,5407.0,0.0497444
ELF/BTC,1585549868528,2020-03-30T06:31:08.528Z,buy,9.2e-06,23.0,0.0002116
ELF/BTC,1585549872699,2020-03-30T06:31:12.699Z,sell,9.18e-06,250.0,0.002295
ELF/BTC,1585549872699,2020-03-30T06:31:12.699Z,sell,9.17e-06,40814.0,0.37426438
ELF/BTC,1585549872814,2020-03-30T06:31:12.814Z,buy,9.16e-06,250.0,0.00229
ELF/BTC,1585549872814,2020-03-30T06:31:12.814Z,buy,9.17e-06,493.0,0.00452081
ELF/BTC,1585549872818,2020-03-30T06:31:12.818Z,sell,9.14e-06,2831.0,0.02587534
ELF/BTC,1585549872822,2020-03-30T06:31:12.822Z,buy,9.17e-06,1164.0,0.01067388
ELF/BTC,1585549873376,2020-03-30T06:31:13.376Z,sell,9.12e-06,1851.0,0.01688112
ELF/BTC,1585549873376,2020-03-30T06:31:13.376Z,sell,9.11e-06,2556.0,0.02328516
ELF/BTC,1585549874226,2020-03-30T06:31:14.226Z,sell,9.15e-06,1595.0,0.01459425
ELF/BTC,1585549875352,2020-03-30T06:31:15.352Z,buy,9.16e-06,210.0,0.0019236
ELF/BTC,1585549875373,2020-03-30T06:31:15.373Z,buy,9.16e-06,40.0,0.0003664
ELF/BTC,1585549875373,2020-03-30T06:31:15.373Z,buy,9.17e-06,831.0,0.00762027
ELF/BTC,1585549876219,2020-03-30T06:31:16.219Z,sell,9.13e-06,1655.0,0.01511015
ELF/BTC,1585549876276,2020-03-30T06:31:16.276Z,sell,9.13e-06,913.0,0.00833569
ELF/BTC,1585549876582,2020-03-30T06:31:16.582Z,buy,9.17e-06,764.0,0.00700588
ELF/BTC,1585549877614,2020-03-30T06:31:17.614Z,buy,9.17e-06,459.0,0.00420903
ELF/BTC,1585549881711,2020-03-30T06:31:21.711Z,buy,9.18e-06,42.0,0.00038556
ELF/BTC,1585549882397,2020-03-30T06:31:22.397Z,sell,9.14e-06,250.0,0.002285
ELF/BTC,1585549882397,2020-03-30T06:31:22.397Z,sell,9.13e-06,1565.0,0.01428845
ELF/BTC,1585549882416,2020-03-30T06:31:22.416Z,sell,9.13e-06,2685.0,0.02451405
ELF/BTC,1585549882416,2020-03-30T06:31:22.416Z,sell,9.12e-06,250.0,0.00228
ELF/BTC,1585549882416,2020-03-30T06:31:22.416Z,sell,9.09e-06,5736.0,0.05214024
ELF/BTC,1585549882416,2020-03-30T06:31:22.416Z,sell,9.09e-06,223.0,0.0020270699999999
ELF/BTC,1585549884964,2020-03-30T06:31:24.964Z,sell,9.12e-06,2550.0,0.023256
ELF/BTC,1585549886444,2020-03-30T06:31:26.444Z,buy,9.14e-06,180.0,0.0016452
ELF/BTC,1585549890090,2020-03-30T06:31:30.090Z,buy,9.14e-06,4751.0,0.04342414
ELF/BTC,1585549891239,2020-03-30T06:31:31.239Z,sell,9.13e-06,110.0,0.0010043
ELF/BTC,1585549892311,2020-03-30T06:31:32.311Z,buy,9.15e-06,730.0,0.0066795
ELF/BTC,1585549892311,2020-03-30T06:31:32.311Z,buy,9.16e-06,4016.0,0.03678656
ELF/BTC,1585549892311,2020-03-30T06:31:32.311Z,buy,9.17e-06,250.0,0.0022925
ELF/BTC,1585549892311,2020-03-30T06:31:32.311Z,buy,9.18e-06,3674.0,0.03372732
ELF/BTC,1585549892401,2020-03-30T06:31:32.401Z,sell,9.18e-06,29.0,0.00026622
ELF/BTC,1585549892430,2020-03-30T06:31:32.430Z,sell,9.18e-06,1044.0,0.00958392
ELF/BTC,1585549893239,2020-03-30T06:31:33.239Z,sell,9.18e-06,23.0,0.00021114
ELF/BTC,1585549897136,2020-03-30T06:31:37.136Z,buy,9.19e-06,500.0,0.004595
ELF/BTC,1585549898247,2020-03-30T06:31:38.247Z,buy,9.19e-06,500.0,0.004595
ELF/BTC,1585549898500,2020-03-30T06:31:38.500Z,sell,9.18e-06,525.0,0.0048195
ELF/BTC,1585549898563,2020-03-30T06:31:38.563Z,sell,9.18e-06,229.0,0.00210222
ELF/BTC,1585549898634,2020-03-30T06:31:38.634Z,buy,9.17e-06,1132.0,0.01038044
ELF/BTC,1585549899500,2020-03-30T06:31:39.500Z,buy,9.18e-06,500.0,0.00459
ELF/BTC,1585549900736,2020-03-30T06:31:40.736Z,buy,9.18e-06,500.0,0.00459
ELF/BTC,1585549902412,2020-03-30T06:31:42.412Z,buy,9.18e-06,500.0,0.00459
ELF/BTC,1585549903126,2020-03-30T06:31:43.126Z,buy,9.18e-06,56888.0,0.52223184
ELF/BTC,1585549903144,2020-03-30T06:31:43.144Z,buy,9.19e-06,2650.0,0.0243535
ELF/BTC,1585549903145,2020-03-30T06:31:43.145Z,buy,9.19e-06,1382.0,0.01270058
ELF/BTC,1585549903190,2020-03-30T06:31:43.190Z,buy,9.19e-06,1177.0,0.01081663
ELF/BTC,1585549903950,2020-03-30T06:31:43.950Z,buy,9.2e-06,500.0,0.0046
ELF/BTC,1585549904083,2020-03-30T06:31:44.083Z,sell,9.19e-06,21.0,0.00019299
ELF/BTC,1585549904358,2020-03-30T06:31:44.358Z,buy,9.2e-06,8642.0,0.0795064
ELF/BTC,1585549904455,2020-03-30T06:31:44.455Z,buy,9.2e-06,1809.0,0.0166428
ELF/BTC,1585549904723,2020-03-30T06:31:44.723Z,sell,9.19e-06,1214.0,0.01115666
ELF/BTC,1585549905233,2020-03-30T06:31:45.233Z,buy,9.2e-06,1936.0,0.0178112
ELF/BTC,1585549905233,2020-03-30T06:31:45.233Z,buy,9.21e-06,3459.0,0.03185739
ELF/BTC,1585549905405,2020-03-30T06:31:45.405Z,buy,9.21e-06,4841.0,0.04458561
ELF/BTC,1585549906173,2020-03-30T06:31:46.173Z,buy,9.21e-06,984.0,0.00906264
ELF/BTC,1585549907273,2020-03-30T06:31:47.273Z,buy,9.21e-06,2782.0,0.02562222
ELF/BTC,1585549907785,2020-03-30T06:31:47.785Z,sell,9.2e-06,79.0,0.0007268
ELF/BTC,1585549909261,2020-03-30T06:31:49.261Z,buy,9.21e-06,1400.0,0.012894
ELF/BTC,1585549909527,2020-03-30T06:31:49.527Z,buy,9.21e-06,5395.0,0.04968795
ELF/BTC,1585549909691,2020-03-30T06:31:49.691Z,buy,9.21e-06,23.0,0.00021183
ELF/BTC,1585549909747,2020-03-30T06:31:49.747Z,sell,9.2e-06,1562.0,0.0143704
ELF/BTC,1585549909747,2020-03-30T06:31:49.747Z,sell,9.19e-06,250.0,0.0022975
ELF/BTC,1585549909747,2020-03-30T06:31:49.747Z,sell,9.18e-06,5852.0,0.05372136
ELF/BTC,1585549910553,2020-03-30T06:31:50.553Z,buy,9.21e-06,56154.0,0.51717834
ELF/BTC,1585549910553,2020-03-30T06:31:50.553Z,buy,9.22e-06,22942.0,0.21152524
ELF/BTC,1585549910553,2020-03-30T06:31:50.553Z,buy,9.23e-06,31588.0,0.29155724
ELF/BTC,1585549911166,2020-03-30T06:31:51.166Z,buy,9.21e-06,162.0,0.00149202
ELF/BTC,1585549911166,2020-03-30T06:31:51.166Z,buy,9.22e-06,1477.0,0.01361794
ELF/BTC,1585549917733,2020-03-30T06:31:57.733Z,sell,9.21e-06,250.0,0.0023025
ELF/BTC,1585549917733,2020-03-30T06:31:57.733Z,sell,9.2e-06,5265.0,0.048438
ELF/BTC,1585549923594,2020-03-30T06:32:03.594Z,sell,9.21e-06,11.0,0.00010131
ELF/BTC,1585549923594,2020-03-30T06:32:03.594Z,sell,9.2e-06,99.0,0.0009108
ELF/BTC,1585549924675,2020-03-30T06:32:04.675Z,sell,9.22e-06,11.0,0.00010142
ELF/BTC,1585549924675,2020-03-30T06:32:04.675Z,sell,9.2e-06,151.0,0.0013892
ELF/BTC,1585549924675,2020-03-30T06:32:04.675Z,sell,9.19e-06,87.0,0.00079953
ELF/BTC,1585549925045,2020-03-30T06:32:05.045Z,sell,9.2e-06,243.0,0.0022356
ELF/BTC,1585549925403,2020-03-30T06:32:05.403Z,sell,9.2e-06,257.0,0.0023644
ELF/BTC,1585549925827,2020-03-30T06:32:05.827Z,sell,9.2e-06,1473.0,0.0135516
ELF/BTC,1585549925832,2020-03-30T06:32:05.832Z,sell,9.2e-06,525.0,0.00483
ELF/BTC,1585549926787,2020-03-30T06:32:06.787Z,sell,9.2e-06,284.0,0.0026128
ELF/BTC,1585549926787,2020-03-30T06:32:06.787Z,sell,9.19e-06,706.0,0.00648814
ELF/BTC,1585549929403,2020-03-30T06:32:09.403Z,sell,9.18e-06,13.0,0.00011934
ELF/BTC,1585549930075,2020-03-30T06:32:10.075Z,sell,9.18e-06,1057.0,0.00970326
ELF/BTC,1585549930075,2020-03-30T06:32:10.075Z,sell,9.17e-06,4193.0,0.03844981
ELF/BTC,1585549930075,2020-03-30T06:32:10.075Z,sell,9.16e-06,5543.0,0.05077388
ELF/BTC,1585549930075,2020-03-30T06:32:10.075Z,sell,9.15e-06,727.0,0.00665205
ELF/BTC,1585549930258,2020-03-30T06:32:10.258Z,buy,9.15e-06,1080.0,0.009882
ELF/BTC,1585549930477,2020-03-30T06:32:10.477Z,buy,9.15e-06,194.0,0.0017751
ELF/BTC,1585549936845,2020-03-30T06:32:16.845Z,sell,9.14e-06,189.0,0.00172746
ELF/BTC,1585549937586,2020-03-30T06:32:17.586Z,buy,9.17e-06,250.0,0.0022925
ELF/BTC,1585549937586,2020-03-30T06:32:17.586Z,buy,9.18e-06,9.0,8.262e-05
ELF/BTC,1585549945869,2020-03-30T06:32:25.869Z,buy,9.17e-06,3000.0,0.02751
ELF/BTC,1585549952336,2020-03-30T06:32:32.336Z,buy,9.16e-06,3030.0,0.0277548
ELF/BTC,1585549965909,2020-03-30T06:32:45.909Z,buy,9.18e-06,2634.0,0.02418012
ELF/BTC,1585549969339,2020-03-30T06:32:49.339Z,buy,9.18e-06,1287.0,0.01181466
ELF/BTC,1585549969339,2020-03-30T06:32:49.339Z,buy,9.19e-06,805.0,0.00739795
ELF/BTC,1585549976507,2020-03-30T06:32:56.507Z,sell,9.16e-06,12.0,0.00010992
ELF/BTC,1585549982995,2020-03-30T06:33:02.995Z,buy,9.18e-06,3100.0,0.028458
ELF/BTC,1585549987432,2020-03-30T06:33:07.432Z,buy,9.18e-06,40.0,0.0003672
ELF/BTC,1585549987432,2020-03-30T06:33:07.432Z,buy,9.19e-06,3138.0,0.02883822
ELF/BTC,1585549988302,2020-03-30T06:33:08.302Z,sell,9.15e-06,3567.0,0.03263805
ELF/BTC,1585549990638,2020-03-30T06:33:10.638Z,sell,9.16e-06,711.0,0.00651276
ELF/BTC,1585549994569,2020-03-30T06:33:14.569Z,buy,9.17e-06,12.0,0.00011004
ELF/BTC,1585550000959,2020-03-30T06:33:20.959Z,buy,9.17e-06,15.0,0.00013755
ELF/BTC,1585550002766,2020-03-30T06:33:22.766Z,sell,9.15e-06,12.0,0.0001098
ELF/BTC,1585550002766,2020-03-30T06:33:22.766Z,sell,9.13e-06,1596.0,0.01457148
ELF/BTC,1585550002785,2020-03-30T06:33:22.785Z,sell,9.13e-06,159.0,0.00145167
ELF/BTC,1585550005546,2020-03-30T06:33:25.546Z,buy,9.15e-06,228.0,0.0020862
ELF/BTC,1585550006141,2020-03-30T06:33:26.141Z,buy,9.15e-06,932.0,0.0085278
ELF/BTC,1585550006141,2020-03-30T06:33:26.141Z,buy,9.15e-06,1878.0,0.0171837
ELF/BTC,1585550030108,2020-03-30T06:33:50.108Z,sell,9.13e-06,3210.0,0.0293073
ELF/BTC,1585550030108,2020-03-30T06:33:50.108Z,sell,9.12e-06,2711.0,0.02472432
ELF/BTC,1585550030831,2020-03-30T06:33:50.831Z,buy,9.12e-06,686.0,0.00625632
ELF/BTC,1585550030837,2020-03-30T06:33:50.837Z,buy,9.12e-06,616.0,0.00561792
ELF/BTC,1585550031805,2020-03-30T06:33:51.805Z,buy,9.12e-06,4.0,3.648e-05
ELF/BTC,1585550041236,2020-03-30T06:34:01.236Z,buy,9.12e-06,883.0,0.00805296
ELF/BTC,1585550042116,2020-03-30T06:34:02.116Z,sell,9.09e-06,874.0,0.00794466
ELF/BTC,1585550042116,2020-03-30T06:34:02.116Z,sell,9.08e-06,935.0,0.0084897999999999
ELF/BTC,1585550042151,2020-03-30T06:34:02.151Z,sell,9.08e-06,6352.0,0.05767616
ELF/BTC,1585550042151,2020-03-30T06:34:02.151Z,sell,9.07e-06,2290.0,0.0207703
ELF/BTC,1585550042163,2020-03-30T06:34:02.163Z,buy,9.09e-06,35.0,0.0003181499999999
ELF/BTC,1585550042379,2020-03-30T06:34:02.379Z,buy,9.08e-06,21.0,0.0001906799999999
ELF/BTC,1585550042379,2020-03-30T06:34:02.379Z,buy,9.09e-06,279.0,0.00253611
ELF/BTC,1585550042563,2020-03-30T06:34:02.563Z,buy,9.09e-06,300.0,0.002727
ELF/BTC,1585550042582,2020-03-30T06:34:02.582Z,buy,9.09e-06,96.0,0.0008726399999999
ELF/BTC,1585550043059,2020-03-30T06:34:03.059Z,buy,9.11e-06,500.0,0.004555
ELF/BTC,1585550043382,2020-03-30T06:34:03.382Z,buy,9.11e-06,1445.0,0.0131639499999999
ELF/BTC,1585550057140,2020-03-30T06:34:17.140Z,buy,9.11e-06,19.0,0.0001730899999999
ELF/BTC,1585550057140,2020-03-30T06:34:17.140Z,buy,9.12e-06,281.0,0.00256272
ELF/BTC,1585550059190,2020-03-30T06:34:19.190Z,buy,9.11e-06,24.0,0.0002186399999999
ELF/BTC,1585550063296,2020-03-30T06:34:23.296Z,buy,9.11e-06,440.0,0.0040084
ELF/BTC,1585550065178,2020-03-30T06:34:25.178Z,sell,9.09e-06,177.0,0.00160893
ELF/BTC,1585550065178,2020-03-30T06:34:25.178Z,sell,9.07e-06,40118.0,0.36387026
ELF/BTC,1585550065200,2020-03-30T06:34:25.200Z,buy,9.07e-06,4068.0,0.03689676
ELF/BTC,1585550065201,2020-03-30T06:34:25.201Z,buy,9.07e-06,6785.0,0.0615399499999999
ELF/BTC,1585550065693,2020-03-30T06:34:25.693Z,sell,9.09e-06,1350.0,0.0122715
ELF/BTC,1585550066482,2020-03-30T06:34:26.482Z,sell,9.09e-06,5600.0,0.050904
ELF/BTC,1585550076973,2020-03-30T06:34:36.973Z,buy,9.11e-06,1718.0,0.01565098
ELF/BTC,1585550092177,2020-03-30T06:34:52.177Z,buy,9.11e-06,546.0,0.00497406
ELF/BTC,1585550097336,2020-03-30T06:34:57.336Z,buy,9.11e-06,990.0,0.0090189
ELF/BTC,1585550097336,2020-03-30T06:34:57.336Z,buy,9.13e-06,3292.0,0.03005596
ELF/BTC,1585550098940,2020-03-30T06:34:58.940Z,buy,9.13e-06,3.0,2.739e-05
ELF/BTC,1585550099825,2020-03-30T06:34:59.825Z,sell,9.09e-06,32.0,0.00029088
ELF/BTC,1585550111848,2020-03-30T06:35:11.848Z,buy,9.13e-06,3210.0,0.0293073
ELF/BTC,1585550111848,2020-03-30T06:35:11.848Z,buy,9.14e-06,21.0,0.00019194
ELF/BTC,1585550111913,2020-03-30T06:35:11.913Z,sell,9.14e-06,1526.0,0.01394764
ELF/BTC,1585550111915,2020-03-30T06:35:11.915Z,sell,9.14e-06,1375.0,0.0125675
ELF/BTC,1585550111915,2020-03-30T06:35:11.915Z,sell,9.14e-06,1422.0,0.01299708
ELF/BTC,1585550111919,2020-03-30T06:35:11.919Z,sell,9.14e-06,1625.0,0.0148525
ELF/BTC,1585550111924,2020-03-30T06:35:11.924Z,sell,9.14e-06,99.0,0.00090486
ELF/BTC,1585550111933,2020-03-30T06:35:11.933Z,sell,9.14e-06,1625.0,0.0148525
ELF/BTC,1585550112042,2020-03-30T06:35:12.042Z,sell,9.14e-06,132.0,0.00120648
ELF/BTC,1585550112358,2020-03-30T06:35:12.358Z,sell,9.14e-06,361.0,0.00329954
ELF/BTC,1585550112394,2020-03-30T06:35:12.394Z,sell,9.14e-06,3210.0,0.0293394
ELF/BTC,1585550114934,2020-03-30T06:35:14.934Z,sell,9.14e-06,1625.0,0.0148525
ELF/BTC,1585550114938,2020-03-30T06:35:14.938Z,sell,9.14e-06,16.0,0.00014624
ELF/BTC,1585550181278,2020-03-30T06:36:21.278Z,sell,9.1e-06,1462.0,0.0133041999999999
ELF/BTC,1585550182644,2020-03-30T06:36:22.644Z,buy,9.13e-06,2720.0,0.0248336
ELF/BTC,1585550184529,2020-03-30T06:36:24.529Z,buy,9.13e-06,967.0,0.00882871
ELF/BTC,1585550184729,2020-03-30T06:36:24.729Z,sell,9.13e-06,33.0,0.00030129
ELF/BTC,1585550240179,2020-03-30T06:37:20.179Z,sell,9.11e-06,42.0,0.0003826199999999
ELF/BTC,1585550279532,2020-03-30T06:37:59.532Z,sell,9.11e-06,708.0,0.00644988
ELF/BTC,1585550296416,2020-03-30T06:38:16.416Z,sell,9.11e-06,410.0,0.0037351
ELF/BTC,1585550352571,2020-03-30T06:39:12.571Z,sell,9.07e-06,21.0,0.0001904699999999
ELF/BTC,1585550353267,2020-03-30T06:39:13.267Z,sell,9.06e-06,23.0,0.0002083799999999
ELF/BTC,1585550358445,2020-03-30T06:39:18.445Z,buy,9.11e-06,3210.0,0.0292430999999999
ELF/BTC,1585550371251,2020-03-30T06:39:31.251Z,buy,9.11e-06,2092.0,0.0190581199999999
ELF/BTC,1585550374694,2020-03-30T06:39:34.694Z,buy,9.11e-06,1605.0,0.0146215499999999
ELF/BTC,1585550374694,2020-03-30T06:39:34.694Z,buy,9.13e-06,489.0,0.00446457
ELF/BTC,1585550374838,2020-03-30T06:39:34.838Z,sell,9.09e-06,1171.0,0.01064439
ELF/BTC,1585550374843,2020-03-30T06:39:34.843Z,sell,9.09e-06,70.0,0.0006362999999999
ELF/BTC,1585550378090,2020-03-30T06:39:38.090Z,sell,9.09e-06,1529.0,0.0138986099999999
ELF/BTC,1585550378355,2020-03-30T06:39:38.355Z,sell,9.09e-06,70.0,0.0006362999999999
ELF/BTC,1585550378870,2020-03-30T06:39:38.870Z,sell,9.09e-06,70.0,0.0006362999999999
ELF/BTC,1585550385493,2020-03-30T06:39:45.493Z,sell,9.08e-06,1145.0,0.0103965999999999
ELF/BTC,1585550385800,2020-03-30T06:39:45.800Z,sell,9.08e-06,307.0,0.0027875599999999
ELF/BTC,1585550397322,2020-03-30T06:39:57.322Z,sell,9.08e-06,136.0,0.0012348799999999
ELF/BTC,1585550397324,2020-03-30T06:39:57.324Z,sell,9.08e-06,114.0,0.0010351199999999
ELF/BTC,1585550397326,2020-03-30T06:39:57.326Z,buy,9.1e-06,4.0,3.64e-05
ELF/BTC,1585550397380,2020-03-30T06:39:57.380Z,buy,9.07e-06,250.0,0.0022675
ELF/BTC,1585550397708,2020-03-30T06:39:57.708Z,buy,9.08e-06,37.0,0.00033596
ELF/BTC,1585550398706,2020-03-30T06:39:58.706Z,buy,9.08e-06,18.0,0.00016344
ELF/BTC,1585550400794,2020-03-30T06:40:00.794Z,sell,9.07e-06,499.0,0.00452593
ELF/BTC,1585550400824,2020-03-30T06:40:00.824Z,sell,9.07e-06,573.0,0.00519711
ELF/BTC,1585550404813,2020-03-30T06:40:04.813Z,buy,9.09e-06,55.0,0.00049995
ELF/BTC,1585550420121,2020-03-30T06:40:20.121Z,buy,9.09e-06,400.0,0.003636
ELF/BTC,1585550421518,2020-03-30T06:40:21.518Z,sell,9.07e-06,34.0,0.0003083799999999
ELF/BTC,1585550433624,2020-03-30T06:40:33.624Z,sell,9.08e-06,740.0,0.0067192
ELF/BTC,1585550436901,2020-03-30T06:40:36.901Z,sell,9.08e-06,1372.0,0.01245776
ELF/BTC,1585550436901,2020-03-30T06:40:36.901Z,sell,9.07e-06,216.0,0.00195912
ELF/BTC,1585550436901,2020-03-30T06:40:36.901Z,sell,9.05e-06,1997.0,0.0180728499999999
ELF/BTC,1585550436901,2020-03-30T06:40:36.901Z,sell,9.04e-06,12272.0,0.11093888
ELF/BTC,1585550436901,2020-03-30T06:40:36.901Z,sell,9.03e-06,390.0,0.0035217
ELF/BTC,1585550443175,2020-03-30T06:40:43.175Z,buy,9.08e-06,1284.0,0.01165872
ELF/BTC,1585550456256,2020-03-30T06:40:56.256Z,buy,9.09e-06,799.0,0.0072629099999999
ELF/BTC,1585550465965,2020-03-30T06:41:05.965Z,sell,9.09e-06,1379.0,0.0125351099999999
ELF/BTC,1585550469309,2020-03-30T06:41:09.309Z,buy,9.1e-06,1284.0,0.0116844
ELF/BTC,1585550479161,2020-03-30T06:41:19.161Z,buy,9.1e-06,2415.0,0.0219765
ELF/BTC,1585550513137,2020-03-30T06:41:53.137Z,sell,9.1e-06,535.0,0.0048684999999999
ELF/BTC,1585550594090,2020-03-30T06:43:14.090Z,sell,9.1e-06,1376.0,0.0125215999999999
ELF/BTC,1585550594162,2020-03-30T06:43:14.162Z,sell,9.1e-06,2034.0,0.0185094
ELF/BTC,1585550598973,2020-03-30T06:43:18.973Z,sell,9.08e-06,28.0,0.00025424
ELF/BTC,1585550614581,2020-03-30T06:43:34.581Z,buy,9.1e-06,1840.0,0.016744
ELF/BTC,1585550674291,2020-03-30T06:44:34.291Z,sell,9.07e-06,250.0,0.0022675
ELF/BTC,1585550674291,2020-03-30T06:44:34.291Z,sell,9.05e-06,1631.0,0.0147605499999999
ELF/BTC,1585550674291,2020-03-30T06:44:34.291Z,sell,9.04e-06,7020.0,0.0634608
ELF/BTC,1585550674291,2020-03-30T06:44:34.291Z,sell,9.03e-06,32078.0,0.28966434
ELF/BTC,1585550677592,2020-03-30T06:44:37.592Z,sell,9.03e-06,3073.0,0.02774919
ELF/BTC,1585550677621,2020-03-30T06:44:37.621Z,buy,9.03e-06,9632.0,0.08697696
ELF/BTC,1585550677881,2020-03-30T06:44:37.881Z,buy,9.03e-06,300.0,0.002709
ELF/BTC,1585550677882,2020-03-30T06:44:37.882Z,buy,9.03e-06,269.0,0.00242907
ELF/BTC,1585550677886,2020-03-30T06:44:37.886Z,buy,9.03e-06,269.0,0.00242907
ELF/BTC,1585550677886,2020-03-30T06:44:37.886Z,buy,9.03e-06,269.0,0.00242907
ELF/BTC,1585550677898,2020-03-30T06:44:37.898Z,buy,9.03e-06,2111.0,0.01906233
ELF/BTC,1585550677914,2020-03-30T06:44:37.914Z,buy,9.03e-06,269.0,0.00242907
ELF/BTC,1585550677918,2020-03-30T06:44:37.918Z,buy,9.03e-06,8808.0,0.07953624
ELF/BTC,1585550680075,2020-03-30T06:44:40.075Z,sell,9.03e-06,923.0,0.00833469
ELF/BTC,1585550680858,2020-03-30T06:44:40.858Z,buy,9.03e-06,305.0,0.00275415
ELF/BTC,1585550684577,2020-03-30T06:44:44.577Z,sell,9.01e-06,21.0,0.00018921
ELF/BTC,1585550684577,2020-03-30T06:44:44.577Z,sell,9e-06,11978.0,0.107802
ELF/BTC,1585550684586,2020-03-30T06:44:44.586Z,buy,9e-06,4624.0,0.041616
ELF/BTC,1585550684593,2020-03-30T06:44:44.593Z,buy,9e-06,2348.0,0.021132
ELF/BTC,1585550684596,2020-03-30T06:44:44.596Z,buy,9e-06,47.0,0.000423
ELF/BTC,1585550684598,2020-03-30T06:44:44.598Z,buy,9e-06,141.0,0.001269
ELF/BTC,1585550684607,2020-03-30T06:44:44.607Z,buy,9e-06,2086.0,0.018774
ELF/BTC,1585550684609,2020-03-30T06:44:44.609Z,buy,9e-06,1884.0,0.016956
ELF/BTC,1585550686666,2020-03-30T06:44:46.666Z,buy,9e-06,431.0,0.003879
ELF/BTC,1585550686667,2020-03-30T06:44:46.667Z,buy,9e-06,212.0,0.001908
ELF/BTC,1585550688615,2020-03-30T06:44:48.615Z,sell,9e-06,600.0,0.0054
ELF/BTC,1585550688615,2020-03-30T06:44:48.615Z,sell,8.99e-06,235.0,0.00211265
ELF/BTC,1585550697293,2020-03-30T06:44:57.293Z,buy,9.01e-06,535.0,0.00482035
ELF/BTC,1585550701507,2020-03-30T06:45:01.507Z,buy,9.01e-06,4.0,3.604e-05
ELF/BTC,1585550713790,2020-03-30T06:45:13.790Z,sell,8.99e-06,300.0,0.002697
ELF/BTC,1585550715440,2020-03-30T06:45:15.440Z,sell,8.99e-06,663.0,0.00596037
ELF/BTC,1585550741715,2020-03-30T06:45:41.715Z,sell,8.98e-06,815.0,0.0073187
ELF/BTC,1585550742529,2020-03-30T06:45:42.529Z,sell,8.96e-06,1212.0,0.01085952
ELF/BTC,1585550742529,2020-03-30T06:45:42.529Z,sell,8.95e-06,39.0,0.00034905
ELF/BTC,1585550742529,2020-03-30T06:45:42.529Z,sell,8.94e-06,570.0,0.0050958
ELF/BTC,1585550747031,2020-03-30T06:45:47.031Z,buy,8.99e-06,485.0,0.00436015
ELF/BTC,1585550791204,2020-03-30T06:46:31.204Z,sell,8.97e-06,1937.0,0.01737489
ELF/BTC,1585550826642,2020-03-30T06:47:06.642Z,sell,8.95e-06,13.0,0.00011635
ELF/BTC,1585550875751,2020-03-30T06:47:55.751Z,buy,8.97e-06,48.0,0.00043056
ELF/BTC,1585550899603,2020-03-30T06:48:19.603Z,buy,8.97e-06,1500.0,0.013455
ELF/BTC,1585550899927,2020-03-30T06:48:19.927Z,sell,8.97e-06,156.0,0.00139932
ELF/BTC,1585550917846,2020-03-30T06:48:37.846Z,buy,8.98e-06,636.0,0.00571128
ELF/BTC,1585550917902,2020-03-30T06:48:37.902Z,buy,8.99e-06,39.0,0.00035061
ELF/BTC,1585550917902,2020-03-30T06:48:37.902Z,buy,9e-06,3039.0,0.027351
ELF/BTC,1585550918010,2020-03-30T06:48:38.010Z,buy,9e-06,1751.0,0.015759
ELF/BTC,1585550942092,2020-03-30T06:49:02.092Z,sell,8.96e-06,2247.0,0.02013312
ELF/BTC,1585550944996,2020-03-30T06:49:04.996Z,sell,8.95e-06,461.0,0.00412595
ELF/BTC,1585550945130,2020-03-30T06:49:05.130Z,sell,8.94e-06,250.0,0.002235
ELF/BTC,1585550946577,2020-03-30T06:49:06.577Z,buy,8.94e-06,1011.0,0.00903834
ELF/BTC,1585550979339,2020-03-30T06:49:39.339Z,sell,8.93e-06,744.0,0.0066439199999999
ELF/BTC,1585550981549,2020-03-30T06:49:41.549Z,sell,8.92e-06,17.0,0.0001516399999999
ELF/BTC,1585550981686,2020-03-30T06:49:41.686Z,buy,8.92e-06,70.0,0.0006244
ELF/BTC,1585550982450,2020-03-30T06:49:42.450Z,buy,8.92e-06,2257.0,0.0201324399999999
ELF/BTC,1585550982527,2020-03-30T06:49:42.527Z,buy,8.92e-06,647.0,0.0057712399999999
ELF/BTC,1585550982686,2020-03-30T06:49:42.686Z,buy,8.93e-06,1146.0,0.01023378
ELF/BTC,1585550987908,2020-03-30T06:49:47.908Z,buy,8.93e-06,1244.0,0.01110892
ELF/BTC,1585551031970,2020-03-30T06:50:31.970Z,buy,8.97e-06,4.0,3.588e-05
ELF/BTC,1585551047431,2020-03-30T06:50:47.431Z,sell,8.93e-06,250.0,0.0022324999999999
ELF/BTC,1585551059361,2020-03-30T06:50:59.361Z,sell,8.92e-06,250.0,0.0022299999999999
ELF/BTC,1585551071209,2020-03-30T06:51:11.209Z,sell,8.94e-06,2815.0,0.0251661
ELF/BTC,1585551074435,2020-03-30T06:51:14.435Z,buy,8.96e-06,4.0,3.584e-05
ELF/BTC,1585551091704,2020-03-30T06:51:31.704Z,buy,8.96e-06,25.0,0.000224
ELF/BTC,1585551100503,2020-03-30T06:51:40.503Z,buy,8.96e-06,383.0,0.00343168
ELF/BTC,1585551100503,2020-03-30T06:51:40.503Z,buy,8.98e-06,1812.0,0.01627176
ELF/BTC,1585551132168,2020-03-30T06:52:12.168Z,buy,8.98e-06,4.0,3.592e-05
ELF/BTC,1585551287635,2020-03-30T06:54:47.635Z,buy,8.97e-06,4.0,3.588e-05
ELF/BTC,1585551367304,2020-03-30T06:56:07.304Z,sell,8.93e-06,542.0,0.0048400599999999
ELF/BTC,1585551408250,2020-03-30T06:56:48.250Z,sell,8.94e-06,2489.0,0.02225166
ELF/BTC,1585551408250,2020-03-30T06:56:48.250Z,sell,8.93e-06,689.0,0.0061527699999999
ELF/BTC,1585551476703,2020-03-30T06:57:56.703Z,buy,8.95e-06,59.0,0.00052805
ELF/BTC,1585551549337,2020-03-30T06:59:09.337Z,buy,8.94e-06,19.0,0.00016986
ELF/BTC,1585551549337,2020-03-30T06:59:09.337Z,buy,8.95e-06,191.0,0.00170945
ELF/BTC,1585551549337,2020-03-30T06:59:09.337Z,buy,8.97e-06,26.0,0.00023322
ELF/BTC,1585551612480,2020-03-30T07:00:12.480Z,buy,8.97e-06,250.0,0.0022425
ELF/BTC,1585551612480,2020-03-30T07:00:12.480Z,buy,8.98e-06,84.0,0.00075432
ELF/BTC,1585551713824,2020-03-30T07:01:53.824Z,sell,8.93e-06,250.0,0.0022324999999999
ELF/BTC,1585551739072,2020-03-30T07:02:19.072Z,buy,8.96e-06,1500.0,0.01344
ELF/BTC,1585551774173,2020-03-30T07:02:54.173Z,sell,8.92e-06,250.0,0.0022299999999999
ELF/BTC,1585551825393,2020-03-30T07:03:45.393Z,sell,8.91e-06,715.0,0.0063706499999999
ELF/BTC,1585551825393,2020-03-30T07:03:45.393Z,sell,8.9e-06,3048.0,0.0271271999999999
ELF/BTC,1585551825798,2020-03-30T07:03:45.798Z,sell,8.89e-06,3066.0,0.0272567399999999
ELF/BTC,1585551825798,2020-03-30T07:03:45.798Z,sell,8.88e-06,2176.0,0.01932288
ELF/BTC,1585551826192,2020-03-30T07:03:46.192Z,sell,8.88e-06,2461.0,0.02185368
ELF/BTC,1585551826993,2020-03-30T07:03:46.993Z,sell,8.88e-06,250.0,0.0022199999999999
ELF/BTC,1585551827392,2020-03-30T07:03:47.392Z,sell,8.88e-06,2467.0,0.02190696
ELF/BTC,1585551827392,2020-03-30T07:03:47.392Z,sell,8.87e-06,6031.0,0.0534949699999999
ELF/BTC,1585551828017,2020-03-30T07:03:48.017Z,sell,8.87e-06,5003.0,0.04437661
ELF/BTC,1585551839204,2020-03-30T07:03:59.204Z,buy,8.9e-06,907.0,0.0080723
ELF/BTC,1585551849603,2020-03-30T07:04:09.603Z,sell,8.87e-06,135.0,0.00119745
ELF/BTC,1585551881972,2020-03-30T07:04:41.972Z,buy,8.9e-06,250.0,0.002225
ELF/BTC,1585551881972,2020-03-30T07:04:41.972Z,buy,8.93e-06,2747.0,0.0245307099999999
ELF/BTC,1585551896289,2020-03-30T07:04:56.289Z,sell,8.88e-06,2735.0,0.0242868
ELF/BTC,1585551896289,2020-03-30T07:04:56.289Z,sell,8.87e-06,7074.0,0.06274638
ELF/BTC,1585551896289,2020-03-30T07:04:56.289Z,sell,8.86e-06,1406.0,0.01245716
ELF/BTC,1585551896289,2020-03-30T07:04:56.289Z,sell,8.85e-06,33227.0,0.29405895
ELF/BTC,1585551896310,2020-03-30T07:04:56.310Z,buy,8.85e-06,468.0,0.0041418
ELF/BTC,1585551896312,2020-03-30T07:04:56.312Z,buy,8.85e-06,1167.0,0.01032795
ELF/BTC,1585551896312,2020-03-30T07:04:56.312Z,buy,8.85e-06,14253.0,0.12613905
ELF/BTC,1585551896315,2020-03-30T07:04:56.315Z,buy,8.85e-06,7348.0,0.0650298
ELF/BTC,1585551896318,2020-03-30T07:04:56.318Z,buy,8.85e-06,12058.0,0.1067133
ELF/BTC,1585551896320,2020-03-30T07:04:56.320Z,buy,8.85e-06,7982.0,0.0706407
ELF/BTC,1585551896333,2020-03-30T07:04:56.333Z,buy,8.85e-06,7623.0,0.06746355
ELF/BTC,1585551896343,2020-03-30T07:04:56.343Z,sell,8.84e-06,1959.0,0.01731756
ELF/BTC,1585551896370,2020-03-30T07:04:56.370Z,buy,8.85e-06,243.0,0.00215055
ELF/BTC,1585551896392,2020-03-30T07:04:56.392Z,buy,8.85e-06,5472.0,0.0484272
ELF/BTC,1585551896414,2020-03-30T07:04:56.414Z,buy,8.85e-06,3201.0,0.02832885
ELF/BTC,1585551896415,2020-03-30T07:04:56.415Z,buy,8.85e-06,4546.0,0.0402321
ELF/BTC,1585551896417,2020-03-30T07:04:56.417Z,buy,8.85e-06,1770.0,0.0156645
ELF/BTC,1585551896892,2020-03-30T07:04:56.892Z,sell,8.88e-06,3900.0,0.0346319999999999
ELF/BTC,1585551897434,2020-03-30T07:04:57.434Z,sell,8.88e-06,5828.0,0.0517526399999999
ELF/BTC,1585551897434,2020-03-30T07:04:57.434Z,sell,8.87e-06,1520.0,0.0134824
ELF/BTC,1585551897465,2020-03-30T07:04:57.465Z,sell,8.87e-06,3883.0,0.03444221
ELF/BTC,1585551897465,2020-03-30T07:04:57.465Z,sell,8.86e-06,1470.0,0.0130242
ELF/BTC,1585551897465,2020-03-30T07:04:57.465Z,sell,8.85e-06,2270.0,0.0200895
ELF/BTC,1585551897659,2020-03-30T07:04:57.659Z,buy,8.89e-06,16.0,0.00014224
ELF/BTC,1585551897679,2020-03-30T07:04:57.679Z,buy,8.89e-06,4.0,3.556e-05
ELF/BTC,1585551897679,2020-03-30T07:04:57.679Z,buy,8.91e-06,8.0,7.128e-05
ELF/BTC,1585551897757,2020-03-30T07:04:57.757Z,sell,8.85e-06,23.0,0.00020355
ELF/BTC,1585551897780,2020-03-30T07:04:57.780Z,sell,8.85e-06,23.0,0.00020355
ELF/BTC,1585551897791,2020-03-30T07:04:57.791Z,sell,8.85e-06,491.0,0.0043453499999999
ELF/BTC,1585551897791,2020-03-30T07:04:57.791Z,sell,8.84e-06,4350.0,0.038454
ELF/BTC,1585551899000,2020-03-30T07:04:59.000Z,sell,8.85e-06,319.0,0.00282315
ELF/BTC,1585551899000,2020-03-30T07:04:59.000Z,sell,8.84e-06,5076.0,0.04487184
ELF/BTC,1585551899003,2020-03-30T07:04:59.003Z,sell,8.84e-06,5407.0,0.04779788
ELF/BTC,1585551899977,2020-03-30T07:04:59.977Z,sell,8.84e-06,5395.0,0.0476918
ELF/BTC,1585551901541,2020-03-30T07:05:01.541Z,buy,8.88e-06,337.0,0.00299256
ELF/BTC,1585551903982,2020-03-30T07:05:03.982Z,buy,8.88e-06,1500.0,0.01332
ELF/BTC,1585551903982,2020-03-30T07:05:03.982Z,buy,8.89e-06,371.0,0.00329819
ELF/BTC,1585551904639,2020-03-30T07:05:04.639Z,sell,8.88e-06,891.0,0.00791208
ELF/BTC,1585551915385,2020-03-30T07:05:15.385Z,buy,8.85e-06,4494.0,0.0397719
ELF/BTC,1585551923063,2020-03-30T07:05:23.063Z,sell,8.85e-06,718.0,0.0063543
ELF/BTC,1585551950978,2020-03-30T07:05:50.978Z,sell,8.85e-06,432.0,0.0038232
ELF/BTC,1585551950978,2020-03-30T07:05:50.978Z,sell,8.83e-06,232.0,0.00204856
ELF/BTC,1585551951094,2020-03-30T07:05:51.094Z,buy,8.83e-06,2036.0,0.01797788
ELF/BTC,1585551951095,2020-03-30T07:05:51.095Z,buy,8.83e-06,203.0,0.00179249
ELF/BTC,1585551951096,2020-03-30T07:05:51.096Z,sell,8.84e-06,1639.0,0.01448876
ELF/BTC,1585551951096,2020-03-30T07:05:51.096Z,sell,8.84e-06,1639.0,0.01448876
ELF/BTC,1585551951096,2020-03-30T07:05:51.096Z,sell,8.83e-06,360.0,0.0031788
ELF/BTC,1585551952462,2020-03-30T07:05:52.462Z,sell,8.84e-06,1670.0,0.0147628
ELF/BTC,1585551952462,2020-03-30T07:05:52.462Z,sell,8.83e-06,366.0,0.00323178
ELF/BTC,1585551956708,2020-03-30T07:05:56.708Z,sell,8.83e-06,611.0,0.00539513
ELF/BTC,1585551960949,2020-03-30T07:06:00.949Z,sell,8.85e-06,127.0,0.00112395
ELF/BTC,1585551978343,2020-03-30T07:06:18.343Z,sell,8.82e-06,13.0,0.00011466
ELF/BTC,1585551987269,2020-03-30T07:06:27.269Z,sell,8.84e-06,132.0,0.00116688
ELF/BTC,1585551993015,2020-03-30T07:06:33.015Z,sell,8.82e-06,761.0,0.00671202
ELF/BTC,1585551999038,2020-03-30T07:06:39.038Z,buy,8.85e-06,350.0,0.0030975
ELF/BTC,1585552031155,2020-03-30T07:07:11.155Z,sell,8.85e-06,123.0,0.00108855
ELF/BTC,1585552051400,2020-03-30T07:07:31.400Z,buy,8.87e-06,915.0,0.00811605
ELF/BTC,1585552051400,2020-03-30T07:07:31.400Z,buy,8.88e-06,6739.0,0.05984232
ELF/BTC,1585552052072,2020-03-30T07:07:32.072Z,sell,8.84e-06,3049.0,0.02695316
ELF/BTC,1585552081842,2020-03-30T07:08:01.842Z,sell,8.86e-06,751.0,0.00665386
ELF/BTC,1585552081842,2020-03-30T07:08:01.842Z,sell,8.84e-06,6439.0,0.05692076
ELF/BTC,1585552081842,2020-03-30T07:08:01.842Z,sell,8.83e-06,632.0,0.00558056
ELF/BTC,1585552081842,2020-03-30T07:08:01.842Z,sell,8.82e-06,877.0,0.00773514
ELF/BTC,1585552216839,2020-03-30T07:10:16.839Z,buy,8.87e-06,129.0,0.00114423
ELF/BTC,1585552505946,2020-03-30T07:15:05.946Z,sell,8.85e-06,1654.0,0.0146379
ELF/BTC,1585552521237,2020-03-30T07:15:21.237Z,sell,8.85e-06,2774.0,0.0245499
ELF/BTC,1585552521473,2020-03-30T07:15:21.473Z,sell,8.85e-06,1307.0,0.01156695
ELF/BTC,1585552521744,2020-03-30T07:15:21.744Z,sell,8.84e-06,12597.0,0.11135748
ELF/BTC,1585552528159,2020-03-30T07:15:28.159Z,sell,8.83e-06,2877.0,0.02540391
ELF/BTC,1585552528922,2020-03-30T07:15:28.922Z,sell,8.83e-06,500.0,0.004415
ELF/BTC,1585552529969,2020-03-30T07:15:29.969Z,sell,8.83e-06,756.0,0.00667548
ELF/BTC,1585552529969,2020-03-30T07:15:29.969Z,sell,8.82e-06,6688.0,0.05898816
ELF/BTC,1585552530021,2020-03-30T07:15:30.021Z,sell,8.82e-06,500.0,0.00441
ELF/BTC,1585552531578,2020-03-30T07:15:31.578Z,buy,8.85e-06,12.0,0.0001062
ELF/BTC,1585552563363,2020-03-30T07:16:03.363Z,buy,8.85e-06,165.0,0.00146025
ELF/BTC,1585552563394,2020-03-30T07:16:03.394Z,buy,8.85e-06,73.0,0.00064605
ELF/BTC,1585552569375,2020-03-30T07:16:09.375Z,buy,8.86e-06,148.0,0.00131128
ELF/BTC,1585552600682,2020-03-30T07:16:40.682Z,buy,8.86e-06,102.0,0.00090372
ELF/BTC,1585552600682,2020-03-30T07:16:40.682Z,buy,8.87e-06,635.0,0.00563245
ELF/BTC,1585552616765,2020-03-30T07:16:56.765Z,buy,8.87e-06,119.0,0.00105553
ELF/BTC,1585552616766,2020-03-30T07:16:56.766Z,buy,8.88e-06,119.0,0.00105672
ELF/BTC,1585552616766,2020-03-30T07:16:56.766Z,buy,8.88e-06,119.0,0.00105672
ELF/BTC,1585552616767,2020-03-30T07:16:56.767Z,buy,8.88e-06,119.0,0.00105672
ELF/BTC,1585552616767,2020-03-30T07:16:56.767Z,buy,8.88e-06,119.0,0.00105672
ELF/BTC,1585552616768,2020-03-30T07:16:56.768Z,buy,8.88e-06,119.0,0.00105672
ELF/BTC,1585552616768,2020-03-30T07:16:56.768Z,buy,8.88e-06,119.0,0.00105672
ELF/BTC,1585552616768,2020-03-30T07:16:56.768Z,buy,8.88e-06,119.0,0.00105672
ELF/BTC,1585552616768,2020-03-30T07:16:56.768Z,buy,8.88e-06,119.0,0.00105672
ELF/BTC,1585552616768,2020-03-30T07:16:56.768Z,buy,8.88e-06,119.0,0.00105672
ELF/BTC,1585552616768,2020-03-30T07:16:56.768Z,buy,8.88e-06,119.0,0.00105672
ELF/BTC,1585552616769,2020-03-30T07:16:56.769Z,buy,8.88e-06,119.0,0.00105672
ELF/BTC,1585552616769,2020-03-30T07:16:56.769Z,buy,8.88e-06,119.0,0.00105672
ELF/BTC,1585552616770,2020-03-30T07:16:56.770Z,buy,8.88e-06,119.0,0.00105672
ELF/BTC,1585552616770,2020-03-30T07:16:56.770Z,buy,8.88e-06,119.0,0.00105672
ELF/BTC,1585552616772,2020-03-30T07:16:56.772Z,buy,8.88e-06,119.0,0.00105672
ELF/BTC,1585552616772,2020-03-30T07:16:56.772Z,buy,8.88e-06,119.0,0.00105672
ELF/BTC,1585552616772,2020-03-30T07:16:56.772Z,buy,8.88e-06,119.0,0.00105672
ELF/BTC,1585552616772,2020-03-30T07:16:56.772Z,buy,8.88e-06,119.0,0.00105672
ELF/BTC,1585552616772,2020-03-30T07:16:56.772Z,buy,8.88e-06,119.0,0.00105672
ELF/BTC,1585552616772,2020-03-30T07:16:56.772Z,buy,8.88e-06,119.0,0.00105672
ELF/BTC,1585552616772,2020-03-30T07:16:56.772Z,buy,8.88e-06,119.0,0.00105672
ELF/BTC,1585552616772,2020-03-30T07:16:56.772Z,buy,8.88e-06,119.0,0.00105672
ELF/BTC,1585552616772,2020-03-30T07:16:56.772Z,buy,8.88e-06,119.0,0.00105672
ELF/BTC,1585552616772,2020-03-30T07:16:56.772Z,buy,8.88e-06,119.0,0.00105672
ELF/BTC,1585552616775,2020-03-30T07:16:56.775Z,buy,8.88e-06,119.0,0.00105672
ELF/BTC,1585552616778,2020-03-30T07:16:56.778Z,buy,8.88e-06,28.0,0.00024864
ELF/BTC,1585552616780,2020-03-30T07:16:56.780Z,buy,8.88e-06,119.0,0.00105672
ELF/BTC,1585552616800,2020-03-30T07:16:56.800Z,buy,8.88e-06,385.0,0.0034188
ELF/BTC,1585552616800,2020-03-30T07:16:56.800Z,buy,8.89e-06,241.0,0.00214249
ELF/BTC,1585552616811,2020-03-30T07:16:56.811Z,buy,8.89e-06,690.0,0.0061341
ELF/BTC,1585552616853,2020-03-30T07:16:56.853Z,buy,8.88e-06,3032.0,0.02692416
ELF/BTC,1585552616860,2020-03-30T07:16:56.860Z,buy,8.88e-06,70.0,0.0006215999999999
ELF/BTC,1585552618438,2020-03-30T07:16:58.438Z,buy,8.88e-06,49.0,0.00043512
ELF/BTC,1585552620944,2020-03-30T07:17:00.944Z,buy,8.88e-06,250.0,0.0022199999999999
ELF/BTC,1585552620944,2020-03-30T07:17:00.944Z,buy,8.89e-06,2794.0,0.02483866
ELF/BTC,1585552662303,2020-03-30T07:17:42.303Z,sell,8.84e-06,250.0,0.00221
ELF/BTC,1585552672341,2020-03-30T07:17:52.341Z,sell,8.82e-06,2329.0,0.02054178
ELF/BTC,1585552672427,2020-03-30T07:17:52.427Z,sell,8.82e-06,371.0,0.00327222
ELF/BTC,1585552672433,2020-03-30T07:17:52.433Z,sell,8.82e-06,2507.0,0.02211174
ELF/BTC,1585552680065,2020-03-30T07:18:00.065Z,sell,8.82e-06,1373.0,0.01210986
ELF/BTC,1585552687217,2020-03-30T07:18:07.217Z,sell,8.81e-06,750.0,0.0066075
ELF/BTC,1585552696372,2020-03-30T07:18:16.372Z,sell,8.8e-06,7109.0,0.0625592
ELF/BTC,1585552696372,2020-03-30T07:18:16.372Z,sell,8.79e-06,1800.0,0.015822
ELF/BTC,1585552697777,2020-03-30T07:18:17.777Z,buy,8.81e-06,250.0,0.0022025
ELF/BTC,1585552697848,2020-03-30T07:18:17.848Z,sell,8.81e-06,1113.0,0.00980553
ELF/BTC,1585552698975,2020-03-30T07:18:18.975Z,sell,8.79e-06,1978.0,0.01738662
ELF/BTC,1585552698988,2020-03-30T07:18:18.988Z,sell,8.79e-06,1839.0,0.01616481
ELF/BTC,1585552700330,2020-03-30T07:18:20.330Z,sell,8.79e-06,139.0,0.00122181
ELF/BTC,1585552773202,2020-03-30T07:19:33.202Z,buy,8.82e-06,250.0,0.002205
ELF/BTC,1585552786810,2020-03-30T07:19:46.810Z,buy,8.84e-06,250.0,0.00221
ELF/BTC,1585552786810,2020-03-30T07:19:46.810Z,buy,8.86e-06,5668.0,0.0502184799999999
ELF/BTC,1585552825246,2020-03-30T07:20:25.246Z,buy,8.87e-06,1003.0,0.00889661
ELF/BTC,1585552825246,2020-03-30T07:20:25.246Z,buy,8.88e-06,1423.0,0.01263624
ELF/BTC,1585553157600,2020-03-30T07:25:57.600Z,sell,8.85e-06,250.0,0.0022125
ELF/BTC,1585553212450,2020-03-30T07:26:52.450Z,sell,8.84e-06,1973.0,0.01744132
ELF/BTC,1585553212888,2020-03-30T07:26:52.888Z,buy,8.84e-06,3253.0,0.02875652
ELF/BTC,1585553319103,2020-03-30T07:28:39.103Z,sell,8.84e-06,12.0,0.00010608
ELF/BTC,1585553319346,2020-03-30T07:28:39.346Z,buy,8.84e-06,6.0,5.304e-05
ELF/BTC,1585553319460,2020-03-30T07:28:39.460Z,buy,8.85e-06,20.0,0.000177
ELF/BTC,1585553427814,2020-03-30T07:30:27.814Z,buy,8.86e-06,21.0,0.00018606
ELF/BTC,1585553467871,2020-03-30T07:31:07.871Z,buy,8.89e-06,11.0,9.779e-05
ELF/BTC,1585553471871,2020-03-30T07:31:11.871Z,buy,8.89e-06,11.0,9.779e-05
ELF/BTC,1585553475730,2020-03-30T07:31:15.730Z,buy,8.89e-06,13.0,0.0001155699999999
ELF/BTC,1585553480032,2020-03-30T07:31:20.032Z,buy,8.89e-06,13.0,0.0001155699999999
ELF/BTC,1585553483959,2020-03-30T07:31:23.959Z,buy,8.89e-06,13.0,0.0001155699999999
ELF/BTC,1585553488528,2020-03-30T07:31:28.528Z,buy,8.89e-06,13.0,0.0001155699999999
ELF/BTC,1585553492431,2020-03-30T07:31:32.431Z,buy,8.89e-06,13.0,0.0001155699999999
ELF/BTC,1585553496824,2020-03-30T07:31:36.824Z,buy,8.89e-06,13.0,0.0001155699999999
ELF/BTC,1585553500954,2020-03-30T07:31:40.954Z,buy,8.89e-06,13.0,0.0001155699999999
ELF/BTC,1585553505113,2020-03-30T07:31:45.113Z,buy,8.89e-06,13.0,0.0001155699999999
ELF/BTC,1585553508984,2020-03-30T07:31:48.984Z,buy,8.89e-06,13.0,0.0001155699999999
ELF/BTC,1585553510655,2020-03-30T07:31:50.655Z,buy,8.89e-06,1834.0,0.01630426
ELF/BTC,1585553511659,2020-03-30T07:31:51.659Z,buy,8.88e-06,143.0,0.00126984
ELF/BTC,1585553513061,2020-03-30T07:31:53.061Z,buy,8.88e-06,13.0,0.0001154399999999
ELF/BTC,1585553518095,2020-03-30T07:31:58.095Z,buy,8.88e-06,13.0,0.0001154399999999
ELF/BTC,1585553522350,2020-03-30T07:32:02.350Z,buy,8.88e-06,13.0,0.0001154399999999
ELF/BTC,1585553526353,2020-03-30T07:32:06.353Z,buy,8.88e-06,13.0,0.0001154399999999
ELF/BTC,1585553530291,2020-03-30T07:32:10.291Z,buy,8.88e-06,13.0,0.0001154399999999
ELF/BTC,1585553534176,2020-03-30T07:32:14.176Z,buy,8.88e-06,13.0,0.0001154399999999
ELF/BTC,1585553538052,2020-03-30T07:32:18.052Z,buy,8.88e-06,13.0,0.0001154399999999
ELF/BTC,1585553542039,2020-03-30T07:32:22.039Z,buy,8.88e-06,13.0,0.0001154399999999
ELF/BTC,1585553545945,2020-03-30T07:32:25.945Z,buy,8.88e-06,13.0,0.0001154399999999
ELF/BTC,1585553562439,2020-03-30T07:32:42.439Z,buy,8.88e-06,13.0,0.0001154399999999
ELF/BTC,1585553562681,2020-03-30T07:32:42.681Z,buy,8.88e-06,14.0,0.00012432
ELF/BTC,1585553563165,2020-03-30T07:32:43.165Z,buy,8.88e-06,14.0,0.00012432
ELF/BTC,1585553563400,2020-03-30T07:32:43.400Z,buy,8.88e-06,14.0,0.00012432
ELF/BTC,1585553563902,2020-03-30T07:32:43.902Z,buy,8.88e-06,14.0,0.00012432
ELF/BTC,1585553564301,2020-03-30T07:32:44.301Z,buy,8.88e-06,14.0,0.00012432
ELF/BTC,1585553564606,2020-03-30T07:32:44.606Z,buy,8.88e-06,14.0,0.00012432
ELF/BTC,1585553564827,2020-03-30T07:32:44.827Z,buy,8.88e-06,14.0,0.00012432
