symbol,timestamp,datetime,side,price,amount,btc_volume
EVX/BTC,1528385405512,2018-06-07T15:30:05.512Z,buy,0.00013627,67.0,0.00913009
EVX/BTC,1528385419051,2018-06-07T15:30:19.051Z,buy,0.00013619,12.0,0.00163428
EVX/BTC,1528385581706,2018-06-07T15:33:01.706Z,buy,0.00013635,70.0,0.0095445
EVX/BTC,1528385791753,2018-06-07T15:36:31.753Z,sell,0.0001361,63.0,0.0085743
EVX/BTC,1528385791753,2018-06-07T15:36:31.753Z,sell,0.00013608,29.0,0.00394632
EVX/BTC,1528385796723,2018-06-07T15:36:36.723Z,sell,0.00013635,22.0,0.0029997
EVX/BTC,1528385976570,2018-06-07T15:39:36.570Z,buy,0.00013641,73.0,0.00995793
EVX/BTC,1528386619691,2018-06-07T15:50:19.691Z,buy,0.00013627,1.0,0.00013627
EVX/BTC,1528386991146,2018-06-07T15:56:31.146Z,buy,0.00013626,13.0,0.00177138
EVX/BTC,1528386991173,2018-06-07T15:56:31.173Z,buy,0.00013627,127.0,0.01730629
EVX/BTC,1528386991206,2018-06-07T15:56:31.206Z,buy,0.00013627,55.0,0.00749485
EVX/BTC,1528387145903,2018-06-07T15:59:05.903Z,sell,0.00013592,33.0,0.00448536
EVX/BTC,1528387289988,2018-06-07T16:01:29.988Z,buy,0.00013632,18.0,0.00245376
EVX/BTC,1528387292239,2018-06-07T16:01:32.239Z,sell,0.00013632,55.0,0.0074976
EVX/BTC,1528387312388,2018-06-07T16:01:52.388Z,buy,0.00013641,1.0,0.00013641
EVX/BTC,1528387369622,2018-06-07T16:02:49.622Z,sell,0.00013633,29.0,0.00395357
EVX/BTC,1528387386343,2018-06-07T16:03:06.343Z,sell,0.00013632,32.0,0.00436224
EVX/BTC,1528387481012,2018-06-07T16:04:41.012Z,sell,0.00013632,248.0,0.03380736
EVX/BTC,1528387488005,2018-06-07T16:04:48.005Z,sell,0.00013632,53.0,0.00722496
EVX/BTC,1528387497923,2018-06-07T16:04:57.923Z,buy,0.00013633,100.0,0.013633
EVX/BTC,1528387521679,2018-06-07T16:05:21.679Z,sell,0.000136,67.0,0.009112
EVX/BTC,1528387532457,2018-06-07T16:05:32.457Z,sell,0.00013601,81.0,0.01101681
EVX/BTC,1528387542995,2018-06-07T16:05:42.995Z,sell,0.00013601,62.0,0.00843262
EVX/BTC,1528387542995,2018-06-07T16:05:42.995Z,sell,0.000136,281.0,0.038216
EVX/BTC,1528387642554,2018-06-07T16:07:22.554Z,sell,0.00013601,10.0,0.0013601
EVX/BTC,1528387741856,2018-06-07T16:09:01.856Z,buy,0.0001363,67.0,0.0091321
EVX/BTC,1528387741856,2018-06-07T16:09:01.856Z,buy,0.00013631,29.0,0.00395299
EVX/BTC,1528387741856,2018-06-07T16:09:01.856Z,buy,0.00013633,113.0,0.0154052899999999
EVX/BTC,1528387742658,2018-06-07T16:09:02.658Z,sell,0.00013651,112.0,0.01528912
EVX/BTC,1528387742712,2018-06-07T16:09:02.712Z,sell,0.00013651,225.0,0.03071475
EVX/BTC,1528387744020,2018-06-07T16:09:04.020Z,sell,0.00013651,253.0,0.03453703
EVX/BTC,1528387811035,2018-06-07T16:10:11.035Z,buy,0.00013665,1.0,0.00013665
EVX/BTC,1528387872137,2018-06-07T16:11:12.137Z,sell,0.00013665,58.0,0.0079256999999999
EVX/BTC,1528387875159,2018-06-07T16:11:15.159Z,sell,0.00013665,42.0,0.0057392999999999
EVX/BTC,1528387887135,2018-06-07T16:11:27.135Z,buy,0.00013684,1.0,0.00013684
EVX/BTC,1528387887157,2018-06-07T16:11:27.157Z,buy,0.00013684,1.0,0.00013684
EVX/BTC,1528387923234,2018-06-07T16:12:03.234Z,sell,0.00013665,18.0,0.0024596999999999
EVX/BTC,1528387966222,2018-06-07T16:12:46.222Z,sell,0.00013665,14.0,0.0019130999999999
EVX/BTC,1528387981373,2018-06-07T16:13:01.373Z,sell,0.00013665,729.0,0.09961785
EVX/BTC,1528388075143,2018-06-07T16:14:35.143Z,sell,0.00013665,160.0,0.0218639999999999
EVX/BTC,1528388223253,2018-06-07T16:17:03.253Z,buy,0.0001368,36.0,0.0049248
EVX/BTC,1528388289316,2018-06-07T16:18:09.316Z,sell,0.00013638,16.0,0.00218208
EVX/BTC,1528388459281,2018-06-07T16:20:59.281Z,sell,0.0001366,57.0,0.0077862
EVX/BTC,1528388533592,2018-06-07T16:22:13.592Z,sell,0.00013613,29.0,0.00394777
EVX/BTC,1528388533592,2018-06-07T16:22:13.592Z,sell,0.00013612,67.0,0.00912004
EVX/BTC,1528388533592,2018-06-07T16:22:13.592Z,sell,0.00013598,35.0,0.0047593
EVX/BTC,1528388561525,2018-06-07T16:22:41.525Z,sell,0.00013598,26.0,0.00353548
EVX/BTC,1528388671969,2018-06-07T16:24:31.969Z,buy,0.00013648,1.0,0.00013648
EVX/BTC,1528388755693,2018-06-07T16:25:55.693Z,buy,0.00013647,16.0,0.00218352
EVX/BTC,1528388755693,2018-06-07T16:25:55.693Z,buy,0.00013648,28.0,0.0038214399999999
EVX/BTC,1528388756251,2018-06-07T16:25:56.251Z,sell,0.00013648,356.0,0.04858688
EVX/BTC,1528388767421,2018-06-07T16:26:07.421Z,sell,0.00013648,32.0,0.00436736
EVX/BTC,1528388924627,2018-06-07T16:28:44.627Z,buy,0.00013666,1.0,0.00013666
EVX/BTC,1528388924627,2018-06-07T16:28:44.627Z,buy,0.00013666,1.0,0.00013666
EVX/BTC,1528389225243,2018-06-07T16:33:45.243Z,buy,0.00013664,31.0,0.0042358399999999
EVX/BTC,1528389423229,2018-06-07T16:37:03.229Z,sell,0.00013625,131.0,0.01784875
EVX/BTC,1528389585140,2018-06-07T16:39:45.140Z,buy,0.00013644,73.0,0.00996012
EVX/BTC,1528389816945,2018-06-07T16:43:36.945Z,sell,0.00013605,56.0,0.0076188
EVX/BTC,1528390132277,2018-06-07T16:48:52.277Z,buy,0.00013602,224.0,0.03046848
EVX/BTC,1528390139215,2018-06-07T16:48:59.215Z,buy,0.00013602,112.0,0.01523424
EVX/BTC,1528390212157,2018-06-07T16:50:12.157Z,buy,0.00013599,1.0,0.00013599
EVX/BTC,1528390212853,2018-06-07T16:50:12.853Z,buy,0.00013599,1.0,0.00013599
EVX/BTC,1528390241856,2018-06-07T16:50:41.856Z,buy,0.00013599,1.0,0.00013599
EVX/BTC,1528390268058,2018-06-07T16:51:08.058Z,sell,0.00013573,31.0,0.00420763
EVX/BTC,1528390388889,2018-06-07T16:53:08.889Z,buy,0.00013599,53.0,0.00720747
EVX/BTC,1528390412400,2018-06-07T16:53:32.400Z,buy,0.000136,63.0,0.008568
EVX/BTC,1528390532564,2018-06-07T16:55:32.564Z,sell,0.00013583,1.0,0.00013583
EVX/BTC,1528390548711,2018-06-07T16:55:48.711Z,sell,0.00013584,51.0,0.00692784
EVX/BTC,1528391056818,2018-06-07T17:04:16.818Z,buy,0.00013616,1.0,0.00013616
EVX/BTC,1528391185521,2018-06-07T17:06:25.521Z,buy,0.00013605,1.0,0.00013605
EVX/BTC,1528391196982,2018-06-07T17:06:36.982Z,buy,0.00013605,1.0,0.00013605
EVX/BTC,1528391223818,2018-06-07T17:07:03.818Z,sell,0.00013565,15.0,0.0020347499999999
EVX/BTC,1528391334001,2018-06-07T17:08:54.001Z,buy,0.00013625,1.0,0.00013625
EVX/BTC,1528391334284,2018-06-07T17:08:54.284Z,buy,0.00013622,1.0,0.00013622
EVX/BTC,1528391361626,2018-06-07T17:09:21.626Z,sell,0.00013567,64.0,0.00868288
EVX/BTC,1528391533204,2018-06-07T17:12:13.204Z,buy,0.00013612,36.0,0.00490032
EVX/BTC,1528391554081,2018-06-07T17:12:34.081Z,buy,0.0001361,22.0,0.0029942
EVX/BTC,1528391568659,2018-06-07T17:12:48.659Z,buy,0.00013611,8.0,0.00108888
EVX/BTC,1528391898829,2018-06-07T17:18:18.829Z,buy,0.00013611,20.0,0.0027222
EVX/BTC,1528391981271,2018-06-07T17:19:41.271Z,buy,0.00013604,10.0,0.0013604
EVX/BTC,1528392171497,2018-06-07T17:22:51.497Z,sell,0.00013566,55.0,0.0074613
EVX/BTC,1528392241801,2018-06-07T17:24:01.801Z,buy,0.00013594,1.0,0.00013594
EVX/BTC,1528392430861,2018-06-07T17:27:10.861Z,sell,0.00013565,57.0,0.00773205
EVX/BTC,1528392430861,2018-06-07T17:27:10.861Z,sell,0.00013564,241.0,0.03268924
EVX/BTC,1528392430861,2018-06-07T17:27:10.861Z,sell,0.00013563,44.0,0.00596772
EVX/BTC,1528392430861,2018-06-07T17:27:10.861Z,sell,0.00013562,250.0,0.033905
EVX/BTC,1528392430861,2018-06-07T17:27:10.861Z,sell,0.00013555,6.0,0.0008132999999999
EVX/BTC,1528392430861,2018-06-07T17:27:10.861Z,sell,0.00013553,8.0,0.00108424
EVX/BTC,1528392430861,2018-06-07T17:27:10.861Z,sell,0.00013548,192.0,0.02601216
EVX/BTC,1528392522883,2018-06-07T17:28:42.883Z,buy,0.00013583,1.0,0.00013583
EVX/BTC,1528392524231,2018-06-07T17:28:44.231Z,buy,0.00013583,1.0,0.00013583
EVX/BTC,1528392524231,2018-06-07T17:28:44.231Z,buy,0.00013583,1.0,0.00013583
EVX/BTC,1528392753620,2018-06-07T17:32:33.620Z,buy,0.00013583,32.0,0.00434656
EVX/BTC,1528393368128,2018-06-07T17:42:48.128Z,buy,0.00013583,26.0,0.00353158
EVX/BTC,1528393570141,2018-06-07T17:46:10.141Z,buy,0.00013583,9.0,0.00122247
EVX/BTC,1528394972393,2018-06-07T18:09:32.393Z,sell,0.00013583,39.0,0.00529737
EVX/BTC,1528395583352,2018-06-07T18:19:43.352Z,buy,0.00013618,32.0,0.00435776
EVX/BTC,1528395870431,2018-06-07T18:24:30.431Z,buy,0.00013618,81.0,0.0110305799999999
EVX/BTC,1528395885640,2018-06-07T18:24:45.640Z,buy,0.00013619,17.0,0.00231523
EVX/BTC,1528396008253,2018-06-07T18:26:48.253Z,buy,0.00013615,1.0,0.00013615
EVX/BTC,1528396008253,2018-06-07T18:26:48.253Z,buy,0.00013615,1.0,0.00013615
EVX/BTC,1528396987560,2018-06-07T18:43:07.560Z,buy,0.00013615,11.0,0.00149765
EVX/BTC,1528397546913,2018-06-07T18:52:26.913Z,sell,0.00013579,66.0,0.00896214
EVX/BTC,1528397546913,2018-06-07T18:52:26.913Z,sell,0.00013577,11.0,0.00149347
EVX/BTC,1528397546913,2018-06-07T18:52:26.913Z,sell,0.0001357,17.0,0.0023068999999999
EVX/BTC,1528397546913,2018-06-07T18:52:26.913Z,sell,0.00013558,102.0,0.01382916
EVX/BTC,1528397547156,2018-06-07T18:52:27.156Z,buy,0.00013558,337.0,0.04569046
EVX/BTC,1528397548202,2018-06-07T18:52:28.202Z,buy,0.00013558,27.0,0.00366066
EVX/BTC,1528397550885,2018-06-07T18:52:30.885Z,buy,0.00013558,1.0,0.00013558
EVX/BTC,1528397552167,2018-06-07T18:52:32.167Z,buy,0.00013558,1.0,0.00013558
EVX/BTC,1528397552202,2018-06-07T18:52:32.202Z,buy,0.00013558,1.0,0.00013558
EVX/BTC,1528397552611,2018-06-07T18:52:32.611Z,buy,0.00013558,1.0,0.00013558
EVX/BTC,1528397552697,2018-06-07T18:52:32.697Z,buy,0.00013558,1.0,0.00013558
EVX/BTC,1528397552843,2018-06-07T18:52:32.843Z,buy,0.00013558,1.0,0.00013558
EVX/BTC,1528397552933,2018-06-07T18:52:32.933Z,buy,0.00013558,1.0,0.00013558
EVX/BTC,1528397553002,2018-06-07T18:52:33.002Z,buy,0.00013558,1.0,0.00013558
EVX/BTC,1528397553093,2018-06-07T18:52:33.093Z,buy,0.00013558,1.0,0.00013558
EVX/BTC,1528397553298,2018-06-07T18:52:33.298Z,buy,0.00013558,1.0,0.00013558
EVX/BTC,1528397553785,2018-06-07T18:52:33.785Z,buy,0.00013558,1.0,0.00013558
EVX/BTC,1528397553977,2018-06-07T18:52:33.977Z,buy,0.00013558,1.0,0.00013558
EVX/BTC,1528397574846,2018-06-07T18:52:54.846Z,buy,0.00013558,1.0,0.00013558
EVX/BTC,1528397638267,2018-06-07T18:53:58.267Z,sell,0.00013554,57.0,0.00772578
EVX/BTC,1528397646252,2018-06-07T18:54:06.252Z,buy,0.00013554,8.0,0.00108432
EVX/BTC,1528397649907,2018-06-07T18:54:09.907Z,sell,0.00013547,63.0,0.00853461
EVX/BTC,1528397673588,2018-06-07T18:54:33.588Z,buy,0.00013554,28.0,0.00379512
EVX/BTC,1528397673588,2018-06-07T18:54:33.588Z,buy,0.00013588,45.0,0.0061146
EVX/BTC,1528398030352,2018-06-07T19:00:30.352Z,buy,0.00013586,18.0,0.00244548
EVX/BTC,1528398041439,2018-06-07T19:00:41.439Z,sell,0.00013547,3.0,0.00040641
EVX/BTC,1528398096896,2018-06-07T19:01:36.896Z,buy,0.00013596,36.0,0.00489456
EVX/BTC,1528398289139,2018-06-07T19:04:49.139Z,buy,0.00013606,36.0,0.0048981599999999
EVX/BTC,1528398300595,2018-06-07T19:05:00.595Z,buy,0.00013606,36.0,0.0048981599999999
EVX/BTC,1528398313987,2018-06-07T19:05:13.987Z,buy,0.00013608,40.0,0.0054432
EVX/BTC,1528398387740,2018-06-07T19:06:27.740Z,buy,0.00013612,58.0,0.00789496
EVX/BTC,1528398403184,2018-06-07T19:06:43.184Z,buy,0.00013619,255.0,0.03472845
EVX/BTC,1528398425043,2018-06-07T19:07:05.043Z,buy,0.00013619,18.0,0.00245142
EVX/BTC,1528398425087,2018-06-07T19:07:05.087Z,buy,0.00013619,255.0,0.03472845
EVX/BTC,1528398443425,2018-06-07T19:07:23.425Z,buy,0.00013619,255.0,0.03472845
EVX/BTC,1528398736969,2018-06-07T19:12:16.969Z,sell,0.00013596,61.0,0.00829356
EVX/BTC,1528398744481,2018-06-07T19:12:24.481Z,buy,0.00013626,10.0,0.0013626
EVX/BTC,1528398750816,2018-06-07T19:12:30.816Z,sell,0.00013595,12.0,0.0016313999999999
EVX/BTC,1528398750816,2018-06-07T19:12:30.816Z,sell,0.00013573,5.0,0.00067865
EVX/BTC,1528399381891,2018-06-07T19:23:01.891Z,buy,0.000136,61.0,0.008296
EVX/BTC,1528399381891,2018-06-07T19:23:01.891Z,buy,0.00013601,18.0,0.00244818
EVX/BTC,1528399592412,2018-06-07T19:26:32.412Z,buy,0.00013609,10.0,0.0013609
EVX/BTC,1528399592412,2018-06-07T19:26:32.412Z,buy,0.00013609,10.0,0.0013609
EVX/BTC,1528399721613,2018-06-07T19:28:41.613Z,sell,0.00013574,66.0,0.00895884
EVX/BTC,1528399770186,2018-06-07T19:29:30.186Z,sell,0.00013554,784.0,0.10626336
EVX/BTC,1528400297995,2018-06-07T19:38:17.995Z,sell,0.00013548,143.0,0.01937364
EVX/BTC,1528400297995,2018-06-07T19:38:17.995Z,sell,0.00013547,73.0,0.00988931
EVX/BTC,1528400540688,2018-06-07T19:42:20.688Z,sell,0.00013547,27.0,0.00365769
EVX/BTC,1528400930618,2018-06-07T19:48:50.618Z,sell,0.00013547,56.0,0.00758632
EVX/BTC,1528401844680,2018-06-07T20:04:04.680Z,buy,0.00013573,73.0,0.00990829
EVX/BTC,1528402117080,2018-06-07T20:08:37.080Z,buy,0.00013573,70.0,0.0095011
EVX/BTC,1528403082006,2018-06-07T20:24:42.006Z,sell,0.00013596,25.0,0.0033989999999999
EVX/BTC,1528403124971,2018-06-07T20:25:24.971Z,buy,0.00013604,2.0,0.00027208
EVX/BTC,1528403149566,2018-06-07T20:25:49.566Z,buy,0.00013604,8.0,0.00108832
EVX/BTC,1528403182978,2018-06-07T20:26:22.978Z,buy,0.00013602,38.0,0.00516876
EVX/BTC,1528403182978,2018-06-07T20:26:22.978Z,buy,0.00013602,38.0,0.00516876
EVX/BTC,1528403508260,2018-06-07T20:31:48.260Z,sell,0.00013574,7.0,0.00095018
EVX/BTC,1528403569909,2018-06-07T20:32:49.909Z,buy,0.00013602,18.0,0.0024483599999999
EVX/BTC,1528403569909,2018-06-07T20:32:49.909Z,buy,0.00013605,61.0,0.00829905
EVX/BTC,1528403630397,2018-06-07T20:33:50.397Z,sell,0.00013574,5.0,0.0006787
EVX/BTC,1528403630397,2018-06-07T20:33:50.397Z,sell,0.00013573,17.0,0.00230741
EVX/BTC,1528403839121,2018-06-07T20:37:19.121Z,sell,0.00013576,47.0,0.0063807199999999
EVX/BTC,1528403878662,2018-06-07T20:37:58.662Z,buy,0.00013608,1.0,0.00013608
EVX/BTC,1528405194189,2018-06-07T20:59:54.189Z,sell,0.00013574,82.0,0.01113068
EVX/BTC,1528405313480,2018-06-07T21:01:53.480Z,sell,0.00013574,68.0,0.00923032
EVX/BTC,1528405313480,2018-06-07T21:01:53.480Z,sell,0.00013573,5.0,0.00067865
EVX/BTC,1528405749827,2018-06-07T21:09:09.827Z,buy,0.00013596,36.0,0.00489456
EVX/BTC,1528406257303,2018-06-07T21:17:37.303Z,sell,0.00013573,98.0,0.01330154
EVX/BTC,1528406271227,2018-06-07T21:17:51.227Z,sell,0.00013573,22.0,0.00298606
EVX/BTC,1528406534066,2018-06-07T21:22:14.066Z,sell,0.00013573,235.0,0.03189655
EVX/BTC,1528406540424,2018-06-07T21:22:20.424Z,sell,0.00013573,10.0,0.0013573
EVX/BTC,1528406708684,2018-06-07T21:25:08.684Z,buy,0.00013613,73.0,0.00993749
EVX/BTC,1528406740296,2018-06-07T21:25:40.296Z,sell,0.00013574,13.0,0.00176462
EVX/BTC,1528406740296,2018-06-07T21:25:40.296Z,sell,0.00013574,13.0,0.00176462
EVX/BTC,1528406840283,2018-06-07T21:27:20.283Z,sell,0.00013573,29.0,0.00393617
EVX/BTC,1528406859175,2018-06-07T21:27:39.175Z,sell,0.00013573,19.0,0.00257887
EVX/BTC,1528407080614,2018-06-07T21:31:20.614Z,buy,0.00013606,13.0,0.00176878
EVX/BTC,1528407080614,2018-06-07T21:31:20.614Z,buy,0.00013613,26.0,0.00353938
EVX/BTC,1528407080614,2018-06-07T21:31:20.614Z,buy,0.00013622,8.0,0.00108976
EVX/BTC,1528407080614,2018-06-07T21:31:20.614Z,buy,0.00013629,353.0,0.04811037
EVX/BTC,1528407161242,2018-06-07T21:32:41.242Z,buy,0.00013637,1.0,0.00013637
EVX/BTC,1528407162674,2018-06-07T21:32:42.674Z,buy,0.00013637,1.0,0.00013637
EVX/BTC,1528407162682,2018-06-07T21:32:42.682Z,buy,0.00013637,1.0,0.00013637
EVX/BTC,1528407162696,2018-06-07T21:32:42.696Z,buy,0.00013637,1.0,0.00013637
EVX/BTC,1528407184136,2018-06-07T21:33:04.136Z,sell,0.0001359,26.0,0.0035334
EVX/BTC,1528407189106,2018-06-07T21:33:09.106Z,sell,0.0001359,22.0,0.0029898
EVX/BTC,1528407189735,2018-06-07T21:33:09.735Z,sell,0.0001359,13.0,0.0017667
EVX/BTC,1528407189735,2018-06-07T21:33:09.735Z,sell,0.00013577,29.0,0.00393733
EVX/BTC,1528407190129,2018-06-07T21:33:10.129Z,sell,0.00013576,117.0,0.01588392
EVX/BTC,1528407224092,2018-06-07T21:33:44.092Z,sell,0.00013581,29.0,0.0039384899999999
EVX/BTC,1528407227053,2018-06-07T21:33:47.053Z,sell,0.00013573,27.0,0.00366471
EVX/BTC,1528407227053,2018-06-07T21:33:47.053Z,sell,0.00013572,31.0,0.00420732
EVX/BTC,1528407256059,2018-06-07T21:34:16.059Z,sell,0.00013572,29.0,0.00393588
EVX/BTC,1528407316803,2018-06-07T21:35:16.803Z,buy,0.00013581,1.0,0.00013581
EVX/BTC,1528407445593,2018-06-07T21:37:25.593Z,buy,0.00013581,29.0,0.0039384899999999
EVX/BTC,1528407856852,2018-06-07T21:44:16.852Z,buy,0.00013581,35.0,0.00475335
EVX/BTC,1528408393047,2018-06-07T21:53:13.047Z,buy,0.00013617,29.0,0.00394893
EVX/BTC,1528408393047,2018-06-07T21:53:13.047Z,buy,0.00013618,29.0,0.00394922
EVX/BTC,1528408393047,2018-06-07T21:53:13.047Z,buy,0.00013636,15.0,0.0020454
EVX/BTC,1528408393103,2018-06-07T21:53:13.103Z,buy,0.00013636,399.0,0.05440764
EVX/BTC,1528408422589,2018-06-07T21:53:42.589Z,sell,0.00013595,126.0,0.0171297
EVX/BTC,1528408422589,2018-06-07T21:53:42.589Z,sell,0.00013578,649.0,0.08812122
EVX/BTC,1528408422589,2018-06-07T21:53:42.589Z,sell,0.00013573,18.0,0.00244314
EVX/BTC,1528408422589,2018-06-07T21:53:42.589Z,sell,0.00013572,30.0,0.0040716
EVX/BTC,1528408491982,2018-06-07T21:54:51.982Z,sell,0.00013559,63.0,0.00854217
EVX/BTC,1528408506661,2018-06-07T21:55:06.661Z,sell,0.00013551,13.0,0.00176163
EVX/BTC,1528408517359,2018-06-07T21:55:17.359Z,sell,0.00013548,11.0,0.00149028
EVX/BTC,1528408517359,2018-06-07T21:55:17.359Z,sell,0.00013547,242.0,0.03278374
EVX/BTC,1528408660930,2018-06-07T21:57:40.930Z,sell,0.00013589,38.0,0.00516382
EVX/BTC,1528408941074,2018-06-07T22:02:21.074Z,sell,0.00013589,38.0,0.00516382
EVX/BTC,1528408941591,2018-06-07T22:02:21.591Z,sell,0.00013554,56.0,0.00759024
EVX/BTC,1528408942018,2018-06-07T22:02:22.018Z,sell,0.00013553,68.0,0.00921604
EVX/BTC,1528408942200,2018-06-07T22:02:22.200Z,sell,0.00013551,21.0,0.00284571
EVX/BTC,1528408942200,2018-06-07T22:02:22.200Z,sell,0.00013548,70.0,0.0094836
EVX/BTC,1528408942200,2018-06-07T22:02:22.200Z,sell,0.00013547,152.0,0.02059144
EVX/BTC,1528408943725,2018-06-07T22:02:23.725Z,sell,0.00013547,600.0,0.081282
EVX/BTC,1528408949442,2018-06-07T22:02:29.442Z,sell,0.00013547,78.0,0.01056666
EVX/BTC,1528408949517,2018-06-07T22:02:29.517Z,sell,0.00013547,152.0,0.02059144
EVX/BTC,1528408950853,2018-06-07T22:02:30.853Z,sell,0.00013547,115.0,0.01557905
EVX/BTC,1528408951632,2018-06-07T22:02:31.632Z,sell,0.00013547,202.0,0.02736494
EVX/BTC,1528408953293,2018-06-07T22:02:33.293Z,sell,0.00013547,150.0,0.0203205
EVX/BTC,1528409042529,2018-06-07T22:04:02.529Z,sell,0.00013549,36.0,0.00487764
EVX/BTC,1528409042565,2018-06-07T22:04:02.565Z,sell,0.00013547,226.0,0.03061622
EVX/BTC,1528409042594,2018-06-07T22:04:02.594Z,sell,0.00013547,270.0,0.0365769
EVX/BTC,1528409043382,2018-06-07T22:04:03.382Z,buy,0.00013547,16.0,0.00216752
EVX/BTC,1528409052343,2018-06-07T22:04:12.343Z,sell,0.00013546,23.0,0.00311558
EVX/BTC,1528409052343,2018-06-07T22:04:12.343Z,sell,0.00013537,270.0,0.0365499
EVX/BTC,1528409052345,2018-06-07T22:04:12.345Z,sell,0.00013537,23.0,0.00311351
EVX/BTC,1528409052365,2018-06-07T22:04:12.365Z,sell,0.00013537,23.0,0.00311351
EVX/BTC,1528409052366,2018-06-07T22:04:12.366Z,sell,0.00013537,12.0,0.00162444
EVX/BTC,1528409052366,2018-06-07T22:04:12.366Z,sell,0.00013536,36.0,0.00487296
EVX/BTC,1528409052412,2018-06-07T22:04:12.412Z,sell,0.00013536,35.0,0.0047376
EVX/BTC,1528409052537,2018-06-07T22:04:12.537Z,sell,0.00013536,77.0,0.01042272
EVX/BTC,1528409055621,2018-06-07T22:04:15.621Z,sell,0.00013547,14.0,0.00189658
EVX/BTC,1528409055621,2018-06-07T22:04:15.621Z,sell,0.00013536,218.0,0.02950848
EVX/BTC,1528409056040,2018-06-07T22:04:16.040Z,sell,0.00013536,61.0,0.00825696
EVX/BTC,1528409057314,2018-06-07T22:04:17.314Z,sell,0.00013536,154.0,0.02084544
EVX/BTC,1528409058073,2018-06-07T22:04:18.073Z,sell,0.00013536,101.0,0.01367136
EVX/BTC,1528409058969,2018-06-07T22:04:18.969Z,sell,0.00013536,15.0,0.0020304
EVX/BTC,1528409060463,2018-06-07T22:04:20.463Z,sell,0.00013536,78.0,0.01055808
EVX/BTC,1528409060505,2018-06-07T22:04:20.505Z,sell,0.00013536,16.0,0.00216576
EVX/BTC,1528409061104,2018-06-07T22:04:21.104Z,sell,0.00013536,11.0,0.00148896
EVX/BTC,1528409062209,2018-06-07T22:04:22.209Z,sell,0.00013536,270.0,0.0365472
EVX/BTC,1528409062209,2018-06-07T22:04:22.209Z,sell,0.00013532,23.0,0.0031123599999999
EVX/BTC,1528409079376,2018-06-07T22:04:39.376Z,sell,0.00013532,45.0,0.0060894
EVX/BTC,1528409079376,2018-06-07T22:04:39.376Z,sell,0.0001352,20.0,0.002704
EVX/BTC,1528409097931,2018-06-07T22:04:57.931Z,buy,0.00013552,122.0,0.01653344
EVX/BTC,1528409113582,2018-06-07T22:05:13.582Z,buy,0.00013545,18.0,0.0024381
EVX/BTC,1528409158408,2018-06-07T22:05:58.408Z,buy,0.00013554,1.0,0.00013554
EVX/BTC,1528409256895,2018-06-07T22:07:36.895Z,buy,0.00013553,25.0,0.0033882499999999
EVX/BTC,1528409330985,2018-06-07T22:08:50.985Z,buy,0.00013554,17.0,0.00230418
EVX/BTC,1528409347487,2018-06-07T22:09:07.487Z,buy,0.00013555,84.0,0.0113861999999999
EVX/BTC,1528409403523,2018-06-07T22:10:03.523Z,buy,0.00013568,40.0,0.0054272
EVX/BTC,1528409481536,2018-06-07T22:11:21.536Z,buy,0.00013568,22.0,0.00298496
EVX/BTC,1528409491095,2018-06-07T22:11:31.095Z,buy,0.00013564,49.0,0.00664636
EVX/BTC,1528409491095,2018-06-07T22:11:31.095Z,buy,0.00013565,94.0,0.0127511
EVX/BTC,1528409507975,2018-06-07T22:11:47.975Z,buy,0.00013547,14.0,0.00189658
EVX/BTC,1528409524335,2018-06-07T22:12:04.335Z,buy,0.00013565,49.0,0.0066468499999999
EVX/BTC,1528409538859,2018-06-07T22:12:18.859Z,buy,0.00013574,255.0,0.0346137
EVX/BTC,1528409669871,2018-06-07T22:14:29.871Z,sell,0.00013526,8.0,0.00108208
EVX/BTC,1528409826503,2018-06-07T22:17:06.503Z,sell,0.00013524,29.0,0.00392196
EVX/BTC,1528409826503,2018-06-07T22:17:06.503Z,sell,0.0001352,1.0,0.0001352
EVX/BTC,1528409826503,2018-06-07T22:17:06.503Z,sell,0.00013511,68.0,0.00918748
EVX/BTC,1528409826503,2018-06-07T22:17:06.503Z,sell,0.00013501,130.0,0.0175513
EVX/BTC,1528409832668,2018-06-07T22:17:12.668Z,sell,0.00013502,46.0,0.00621092
EVX/BTC,1528409832668,2018-06-07T22:17:12.668Z,sell,0.00013501,12.0,0.00162012
EVX/BTC,1528409832668,2018-06-07T22:17:12.668Z,sell,0.000135,41.0,0.005535
EVX/BTC,1528409833262,2018-06-07T22:17:13.262Z,buy,0.00013543,61.0,0.00826123
EVX/BTC,1528409855215,2018-06-07T22:17:35.215Z,buy,0.00013571,255.0,0.03460605
EVX/BTC,1528409868310,2018-06-07T22:17:48.310Z,buy,0.00013571,75.0,0.01017825
EVX/BTC,1528409868310,2018-06-07T22:17:48.310Z,buy,0.00013593,67.0,0.00910731
EVX/BTC,1528409868310,2018-06-07T22:17:48.310Z,buy,0.00013594,70.0,0.0095158
EVX/BTC,1528409868310,2018-06-07T22:17:48.310Z,buy,0.00013606,43.0,0.00585058
EVX/BTC,1528409942486,2018-06-07T22:19:02.486Z,buy,0.00013598,72.0,0.00979056
EVX/BTC,1528409942486,2018-06-07T22:19:02.486Z,buy,0.00013598,72.0,0.00979056
EVX/BTC,1528410469739,2018-06-07T22:27:49.739Z,buy,0.00013587,2.0,0.00027174
EVX/BTC,1528410535783,2018-06-07T22:28:55.783Z,buy,0.00013597,27.0,0.0036711899999999
EVX/BTC,1528410541534,2018-06-07T22:29:01.534Z,buy,0.00013597,45.0,0.00611865
EVX/BTC,1528410614922,2018-06-07T22:30:14.922Z,buy,0.00013593,11.0,0.00149523
EVX/BTC,1528410623991,2018-06-07T22:30:23.991Z,buy,0.00013592,22.0,0.00299024
EVX/BTC,1528410676336,2018-06-07T22:31:16.336Z,buy,0.00013598,50.0,0.006799
EVX/BTC,1528410679058,2018-06-07T22:31:19.058Z,buy,0.00013598,217.0,0.02950766
EVX/BTC,1528410679058,2018-06-07T22:31:19.058Z,buy,0.00013599,50.0,0.0067995
EVX/BTC,1528410686452,2018-06-07T22:31:26.452Z,buy,0.00013599,68.0,0.00924732
EVX/BTC,1528410686546,2018-06-07T22:31:26.546Z,buy,0.00013603,225.0,0.03060675
EVX/BTC,1528410686565,2018-06-07T22:31:26.565Z,buy,0.00013603,157.0,0.02135671
EVX/BTC,1528410687067,2018-06-07T22:31:27.067Z,buy,0.00013603,37.0,0.00503311
EVX/BTC,1528410688024,2018-06-07T22:31:28.024Z,buy,0.00013603,53.0,0.00720959
EVX/BTC,1528410688591,2018-06-07T22:31:28.591Z,buy,0.00013603,34.0,0.00462502
EVX/BTC,1528410689470,2018-06-07T22:31:29.470Z,buy,0.00013603,371.0,0.05046713
EVX/BTC,1528410696326,2018-06-07T22:31:36.326Z,buy,0.00013603,76.0,0.01033828
EVX/BTC,1528410696330,2018-06-07T22:31:36.330Z,buy,0.00013603,171.0,0.02326113
EVX/BTC,1528410696570,2018-06-07T22:31:36.570Z,buy,0.00013603,76.0,0.01033828
EVX/BTC,1528410696597,2018-06-07T22:31:36.597Z,buy,0.00013603,603.0,0.08202609
EVX/BTC,1528410699954,2018-06-07T22:31:39.954Z,buy,0.00013603,74.0,0.01006622
EVX/BTC,1528410703170,2018-06-07T22:31:43.170Z,buy,0.00013603,432.0,0.05876496
EVX/BTC,1528410723479,2018-06-07T22:32:03.479Z,buy,0.00013603,37.0,0.00503311
EVX/BTC,1528410727237,2018-06-07T22:32:07.237Z,sell,0.00013599,37.0,0.00503163
EVX/BTC,1528410730538,2018-06-07T22:32:10.538Z,sell,0.00013599,13.0,0.00176787
EVX/BTC,1528410730538,2018-06-07T22:32:10.538Z,sell,0.00013549,61.0,0.0082648899999999
EVX/BTC,1528410731245,2018-06-07T22:32:11.245Z,buy,0.00013603,34.0,0.00462502
EVX/BTC,1528410768684,2018-06-07T22:32:48.684Z,buy,0.00013607,36.0,0.00489852
EVX/BTC,1528410804198,2018-06-07T22:33:24.198Z,buy,0.00013606,36.0,0.0048981599999999
EVX/BTC,1528410823456,2018-06-07T22:33:43.456Z,buy,0.00013606,25.0,0.0034015
EVX/BTC,1528410848072,2018-06-07T22:34:08.072Z,buy,0.00013607,110.0,0.0149676999999999
EVX/BTC,1528410862778,2018-06-07T22:34:22.778Z,buy,0.0001362,100.0,0.01362
EVX/BTC,1528410875146,2018-06-07T22:34:35.146Z,buy,0.00013621,67.0,0.00912607
EVX/BTC,1528410979586,2018-06-07T22:36:19.586Z,buy,0.00013633,5.0,0.00068165
EVX/BTC,1528411123290,2018-06-07T22:38:43.290Z,sell,0.00013598,26.0,0.00353548
EVX/BTC,1528411128603,2018-06-07T22:38:48.603Z,sell,0.00013597,47.0,0.00639059
EVX/BTC,1528411998268,2018-06-07T22:53:18.268Z,buy,0.00013632,1.0,0.00013632
EVX/BTC,1528412504599,2018-06-07T23:01:44.599Z,buy,0.00013632,12.0,0.00163584
EVX/BTC,1528412593681,2018-06-07T23:03:13.681Z,buy,0.00013628,13.0,0.0017716399999999
EVX/BTC,1528412593681,2018-06-07T23:03:13.681Z,buy,0.00013632,60.0,0.0081792
EVX/BTC,1528412594105,2018-06-07T23:03:14.105Z,buy,0.00013632,28.0,0.00381696
EVX/BTC,1528412594173,2018-06-07T23:03:14.173Z,buy,0.00013633,93.0,0.01267869
EVX/BTC,1528412595169,2018-06-07T23:03:15.169Z,buy,0.00013636,100.0,0.013636
EVX/BTC,1528412595239,2018-06-07T23:03:15.239Z,buy,0.00013637,93.0,0.01268241
EVX/BTC,1528412767223,2018-06-07T23:06:07.223Z,buy,0.00013637,7.0,0.00095459
EVX/BTC,1528412774403,2018-06-07T23:06:14.403Z,sell,0.00013637,113.0,0.01540981
EVX/BTC,1528412866394,2018-06-07T23:07:46.394Z,sell,0.00013604,85.0,0.0115634
EVX/BTC,1528413100491,2018-06-07T23:11:40.491Z,buy,0.00013633,14.0,0.0019086199999999
EVX/BTC,1528413362414,2018-06-07T23:16:02.414Z,sell,0.00013595,10.0,0.0013595
EVX/BTC,1528413362414,2018-06-07T23:16:02.414Z,sell,0.00013595,10.0,0.0013595
EVX/BTC,1528413826019,2018-06-07T23:23:46.019Z,buy,0.00013623,73.0,0.0099447899999999
EVX/BTC,1528414175210,2018-06-07T23:29:35.210Z,buy,0.00013623,1.0,0.00013623
EVX/BTC,1528414290537,2018-06-07T23:31:30.537Z,buy,0.00013623,10.0,0.0013622999999999
EVX/BTC,1528414298674,2018-06-07T23:31:38.674Z,buy,0.00013623,2.0,0.00027246
EVX/BTC,1528414672445,2018-06-07T23:37:52.445Z,buy,0.0001362,7.0,0.0009534
EVX/BTC,1528414837278,2018-06-07T23:40:37.278Z,buy,0.00013618,132.0,0.0179757599999999
EVX/BTC,1528414955092,2018-06-07T23:42:35.092Z,buy,0.00013616,10.0,0.0013616
EVX/BTC,1528414955161,2018-06-07T23:42:35.161Z,buy,0.00013617,102.0,0.01388934
EVX/BTC,1528414957052,2018-06-07T23:42:37.052Z,buy,0.00013622,100.0,0.0136219999999999
EVX/BTC,1528414957110,2018-06-07T23:42:37.110Z,buy,0.00013622,11.0,0.0014984199999999
EVX/BTC,1528414962189,2018-06-07T23:42:42.189Z,buy,0.00013616,206.0,0.0280489599999999
EVX/BTC,1528415005637,2018-06-07T23:43:25.637Z,buy,0.00013638,1.0,0.00013638
EVX/BTC,1528415084538,2018-06-07T23:44:44.538Z,buy,0.00013638,73.0,0.00995574
EVX/BTC,1528415091809,2018-06-07T23:44:51.809Z,buy,0.00013638,36.0,0.00490968
EVX/BTC,1528415103740,2018-06-07T23:45:03.740Z,buy,0.00013638,2.0,0.00027276
EVX/BTC,1528415182587,2018-06-07T23:46:22.587Z,buy,0.00013638,73.0,0.00995574
EVX/BTC,1528415342441,2018-06-07T23:49:02.441Z,buy,0.00013638,12.0,0.00163656
EVX/BTC,1528415396786,2018-06-07T23:49:56.786Z,sell,0.00013604,66.0,0.00897864
EVX/BTC,1528415396786,2018-06-07T23:49:56.786Z,sell,0.00013603,47.0,0.00639341
EVX/BTC,1528415639539,2018-06-07T23:53:59.539Z,buy,0.00013637,1.0,0.00013637
EVX/BTC,1528416104893,2018-06-08T00:01:44.893Z,sell,0.00013581,241.0,0.0327302099999999
EVX/BTC,1528416104893,2018-06-08T00:01:44.893Z,sell,0.00013578,68.0,0.00923304
EVX/BTC,1528416104893,2018-06-08T00:01:44.893Z,sell,0.00013553,70.0,0.0094871
EVX/BTC,1528416104893,2018-06-08T00:01:44.893Z,sell,0.00013529,171.0,0.0231345899999999
EVX/BTC,1528416133022,2018-06-08T00:02:13.022Z,buy,0.00013612,22.0,0.00299464
EVX/BTC,1528416152619,2018-06-08T00:02:32.619Z,buy,0.00013617,1.0,0.00013617
EVX/BTC,1528416152619,2018-06-08T00:02:32.619Z,buy,0.00013617,1.0,0.00013617
EVX/BTC,1528416239712,2018-06-08T00:03:59.712Z,buy,0.00013596,1.0,0.00013596
EVX/BTC,1528416546500,2018-06-08T00:09:06.500Z,buy,0.00013589,1.0,0.00013589
EVX/BTC,1528416546734,2018-06-08T00:09:06.734Z,buy,0.00013589,1.0,0.00013589
EVX/BTC,1528416546734,2018-06-08T00:09:06.734Z,buy,0.00013589,1.0,0.00013589
EVX/BTC,1528417017353,2018-06-08T00:16:57.353Z,buy,0.00013569,1.0,0.00013569
EVX/BTC,1528417221696,2018-06-08T00:20:21.696Z,buy,0.0001356,1.0,0.0001356
EVX/BTC,1528417225247,2018-06-08T00:20:25.247Z,buy,0.00013558,36.0,0.00488088
EVX/BTC,1528417225720,2018-06-08T00:20:25.720Z,buy,0.00013557,1.0,0.00013557
EVX/BTC,1528417227468,2018-06-08T00:20:27.468Z,sell,0.00013517,2.0,0.00027034
EVX/BTC,1528417344102,2018-06-08T00:22:24.102Z,buy,0.00013575,36.0,0.004887
EVX/BTC,1528417378509,2018-06-08T00:22:58.509Z,buy,0.0001357,36.0,0.0048851999999999
EVX/BTC,1528417400006,2018-06-08T00:23:20.006Z,buy,0.00013589,1.0,0.00013589
EVX/BTC,1528417408155,2018-06-08T00:23:28.155Z,buy,0.00013589,28.0,0.00380492
EVX/BTC,1528417444701,2018-06-08T00:24:04.701Z,buy,0.00013576,70.0,0.0095032
EVX/BTC,1528417458441,2018-06-08T00:24:18.441Z,buy,0.00013582,105.0,0.0142611
EVX/BTC,1528417469484,2018-06-08T00:24:29.484Z,buy,0.00013582,31.0,0.00421042
EVX/BTC,1528417487201,2018-06-08T00:24:47.201Z,buy,0.0001359,67.0,0.0091053
EVX/BTC,1528417585948,2018-06-08T00:26:25.948Z,buy,0.00013614,70.0,0.0095298
EVX/BTC,1528417623259,2018-06-08T00:27:03.259Z,buy,0.00013615,67.0,0.00912205
EVX/BTC,1528418016358,2018-06-08T00:33:36.358Z,sell,0.00013555,99.0,0.01341945
EVX/BTC,1528418016358,2018-06-08T00:33:36.358Z,sell,0.00013554,729.0,0.0988086599999999
EVX/BTC,1528418049607,2018-06-08T00:34:09.607Z,sell,0.00013538,17.0,0.00230146
EVX/BTC,1528418077747,2018-06-08T00:34:37.747Z,sell,0.00013538,88.0,0.0119134399999999
EVX/BTC,1528418077747,2018-06-08T00:34:37.747Z,sell,0.0001352,175.0,0.02366
EVX/BTC,1528418077747,2018-06-08T00:34:37.747Z,sell,0.00013515,59.0,0.00797385
EVX/BTC,1528418077747,2018-06-08T00:34:37.747Z,sell,0.00013514,364.0,0.04919096
EVX/BTC,1528418173330,2018-06-08T00:36:13.330Z,buy,0.00013553,36.0,0.00487908
EVX/BTC,1528418554970,2018-06-08T00:42:34.970Z,sell,0.00013515,66.0,0.0089199
EVX/BTC,1528418555035,2018-06-08T00:42:35.035Z,buy,0.00013515,73.0,0.00986595
EVX/BTC,1528418555078,2018-06-08T00:42:35.078Z,buy,0.00013515,39.0,0.00527085
EVX/BTC,1528418561784,2018-06-08T00:42:41.784Z,buy,0.00013515,47.0,0.00635205
EVX/BTC,1528418585098,2018-06-08T00:43:05.098Z,buy,0.00013515,30.0,0.0040545
EVX/BTC,1528418664144,2018-06-08T00:44:24.144Z,buy,0.00013553,255.0,0.03456015
EVX/BTC,1528419171406,2018-06-08T00:52:51.406Z,buy,0.0001355,255.0,0.0345525
EVX/BTC,1528419187693,2018-06-08T00:53:07.693Z,buy,0.0001355,255.0,0.0345525
EVX/BTC,1528419256072,2018-06-08T00:54:16.072Z,buy,0.0001355,8.0,0.001084
EVX/BTC,1528419396011,2018-06-08T00:56:36.011Z,buy,0.0001355,1.0,0.0001355
EVX/BTC,1528419396011,2018-06-08T00:56:36.011Z,buy,0.0001355,1.0,0.0001355
EVX/BTC,1528420663675,2018-06-08T01:17:43.675Z,buy,0.00013583,1.0,0.00013583
EVX/BTC,1528421175143,2018-06-08T01:26:15.143Z,buy,0.00013583,57.0,0.00774231
EVX/BTC,1528421316872,2018-06-08T01:28:36.872Z,buy,0.00013583,37.0,0.00502571
EVX/BTC,1528421355453,2018-06-08T01:29:15.453Z,sell,0.00013542,37.0,0.00501054
EVX/BTC,1528422686156,2018-06-08T01:51:26.156Z,buy,0.00013571,1.0,0.00013571
EVX/BTC,1528422705148,2018-06-08T01:51:45.148Z,sell,0.00013516,12.0,0.00162192
EVX/BTC,1528422705148,2018-06-08T01:51:45.148Z,sell,0.00013516,12.0,0.00162192
EVX/BTC,1528424142656,2018-06-08T02:15:42.656Z,sell,0.0001356,55.0,0.0074579999999999
EVX/BTC,1528425288055,2018-06-08T02:34:48.055Z,buy,0.00013574,52.0,0.00705848
EVX/BTC,1528425288055,2018-06-08T02:34:48.055Z,buy,0.0001359,21.0,0.0028539
EVX/BTC,1528425355449,2018-06-08T02:35:55.449Z,buy,0.00013587,1.0,0.00013587
EVX/BTC,1528425872505,2018-06-08T02:44:32.505Z,buy,0.00013586,73.0,0.00991778
EVX/BTC,1528426168635,2018-06-08T02:49:28.635Z,sell,0.0001356,6.0,0.0008135999999999
EVX/BTC,1528426168635,2018-06-08T02:49:28.635Z,sell,0.00013535,36.0,0.0048726
EVX/BTC,1528426168635,2018-06-08T02:49:28.635Z,sell,0.00013526,31.0,0.00419306
EVX/BTC,1528426179177,2018-06-08T02:49:39.177Z,sell,0.0001353,36.0,0.0048708
EVX/BTC,1528426242830,2018-06-08T02:50:42.830Z,sell,0.00013532,29.0,0.00392428
EVX/BTC,1528426242830,2018-06-08T02:50:42.830Z,sell,0.00013526,15.0,0.0020289
EVX/BTC,1528426242830,2018-06-08T02:50:42.830Z,sell,0.00013532,29.0,0.00392428
EVX/BTC,1528426242830,2018-06-08T02:50:42.830Z,sell,0.00013526,15.0,0.0020289
EVX/BTC,1528426386283,2018-06-08T02:53:06.283Z,buy,0.0001355,8.0,0.001084
EVX/BTC,1528426386283,2018-06-08T02:53:06.283Z,buy,0.0001357,36.0,0.0048851999999999
EVX/BTC,1528426386283,2018-06-08T02:53:06.283Z,buy,0.00013586,29.0,0.0039399399999999
EVX/BTC,1528426964375,2018-06-08T03:02:44.375Z,buy,0.00013579,43.0,0.00583897
EVX/BTC,1528426964375,2018-06-08T03:02:44.375Z,buy,0.0001358,10.0,0.0013579999999999
EVX/BTC,1528426964375,2018-06-08T03:02:44.375Z,buy,0.00013585,20.0,0.002717
EVX/BTC,1528427048353,2018-06-08T03:04:08.353Z,buy,0.00013585,55.0,0.00747175
EVX/BTC,1528427048353,2018-06-08T03:04:08.353Z,buy,0.00013587,18.0,0.00244566
EVX/BTC,1528427483777,2018-06-08T03:11:23.777Z,buy,0.00013587,19.0,0.00258153
EVX/BTC,1528427484428,2018-06-08T03:11:24.428Z,sell,0.00013587,348.0,0.04728276
EVX/BTC,1528427516696,2018-06-08T03:11:56.696Z,buy,0.00013602,8.0,0.00108816
EVX/BTC,1528427604041,2018-06-08T03:13:24.041Z,sell,0.00013565,47.0,0.00637555
EVX/BTC,1528427604417,2018-06-08T03:13:24.417Z,sell,0.00013565,18.0,0.0024416999999999
EVX/BTC,1528428023885,2018-06-08T03:20:23.885Z,buy,0.00013588,36.0,0.00489168
EVX/BTC,1528428026541,2018-06-08T03:20:26.541Z,buy,0.00013588,30.0,0.0040764
EVX/BTC,1528428142001,2018-06-08T03:22:22.001Z,sell,0.00013548,65.0,0.0088062
EVX/BTC,1528428142001,2018-06-08T03:22:22.001Z,sell,0.00013547,8.0,0.00108376
EVX/BTC,1528428142001,2018-06-08T03:22:22.001Z,sell,0.00013541,138.0,0.01868658
EVX/BTC,1528428142001,2018-06-08T03:22:22.001Z,sell,0.0001354,203.0,0.0274862
EVX/BTC,1528428207690,2018-06-08T03:23:27.690Z,buy,0.00013601,1.0,0.00013601
EVX/BTC,1528428208957,2018-06-08T03:23:28.957Z,buy,0.000136,1.0,0.000136
EVX/BTC,1528428586192,2018-06-08T03:29:46.192Z,buy,0.000136,19.0,0.002584
EVX/BTC,1528428655422,2018-06-08T03:30:55.422Z,buy,0.00013577,61.0,0.00828197
EVX/BTC,1528428859106,2018-06-08T03:34:19.106Z,sell,0.00013577,5.0,0.00067885
EVX/BTC,1528428859106,2018-06-08T03:34:19.106Z,sell,0.00013547,68.0,0.00921196
EVX/BTC,1528428859106,2018-06-08T03:34:19.106Z,sell,0.00013521,1.0,0.00013521
EVX/BTC,1528428859106,2018-06-08T03:34:19.106Z,sell,0.00013577,5.0,0.00067885
EVX/BTC,1528428859106,2018-06-08T03:34:19.106Z,sell,0.00013547,68.0,0.00921196
EVX/BTC,1528428859106,2018-06-08T03:34:19.106Z,sell,0.00013521,1.0,0.00013521
EVX/BTC,1528429905714,2018-06-08T03:51:45.714Z,sell,0.00013532,62.0,0.0083898399999999
EVX/BTC,1528429914864,2018-06-08T03:51:54.864Z,sell,0.00013529,70.0,0.0094703
EVX/BTC,1528429914864,2018-06-08T03:51:54.864Z,sell,0.00013518,14.0,0.00189252
EVX/BTC,1528429914864,2018-06-08T03:51:54.864Z,sell,0.00013517,20.0,0.0027034
EVX/BTC,1528429914864,2018-06-08T03:51:54.864Z,sell,0.00013516,68.0,0.00919088
EVX/BTC,1528429914864,2018-06-08T03:51:54.864Z,sell,0.00013514,1.0,0.00013514
EVX/BTC,1528429960721,2018-06-08T03:52:40.721Z,sell,0.00013532,35.0,0.0047362
EVX/BTC,1528429971643,2018-06-08T03:52:51.643Z,sell,0.00013514,387.0,0.05229918
EVX/BTC,1528429985897,2018-06-08T03:53:05.897Z,buy,0.00013549,54.0,0.0073164599999999
EVX/BTC,1528430004488,2018-06-08T03:53:24.488Z,buy,0.00013549,1.0,0.00013549
EVX/BTC,1528430194395,2018-06-08T03:56:34.395Z,buy,0.00013542,1.0,0.00013542
EVX/BTC,1528430466487,2018-06-08T04:01:06.487Z,sell,0.00013501,125.0,0.01687625
EVX/BTC,1528430489426,2018-06-08T04:01:29.426Z,buy,0.00013535,30.0,0.0040605
EVX/BTC,1528430604640,2018-06-08T04:03:24.640Z,buy,0.00013534,35.0,0.0047369
EVX/BTC,1528430628137,2018-06-08T04:03:48.137Z,buy,0.00013534,1.0,0.00013534
EVX/BTC,1528430628193,2018-06-08T04:03:48.193Z,buy,0.00013534,1.0,0.00013534
EVX/BTC,1528430628796,2018-06-08T04:03:48.796Z,buy,0.00013534,1.0,0.00013534
EVX/BTC,1528430628875,2018-06-08T04:03:48.875Z,buy,0.00013534,1.0,0.00013534
EVX/BTC,1528430629043,2018-06-08T04:03:49.043Z,buy,0.00013534,1.0,0.00013534
EVX/BTC,1528430629330,2018-06-08T04:03:49.330Z,buy,0.00013534,1.0,0.00013534
EVX/BTC,1528430629362,2018-06-08T04:03:49.362Z,buy,0.00013534,1.0,0.00013534
EVX/BTC,1528430630025,2018-06-08T04:03:50.025Z,buy,0.00013534,1.0,0.00013534
EVX/BTC,1528430632862,2018-06-08T04:03:52.862Z,buy,0.00013534,1.0,0.00013534
EVX/BTC,1528430632865,2018-06-08T04:03:52.865Z,buy,0.00013534,1.0,0.00013534
EVX/BTC,1528430732825,2018-06-08T04:05:32.825Z,sell,0.00013501,7.0,0.00094507
EVX/BTC,1528430758832,2018-06-08T04:05:58.832Z,sell,0.00013501,18.0,0.00243018
EVX/BTC,1528430822763,2018-06-08T04:07:02.763Z,buy,0.00013529,16.0,0.00216464
EVX/BTC,1528430822763,2018-06-08T04:07:02.763Z,buy,0.0001353,19.0,0.0025707
EVX/BTC,1528430826977,2018-06-08T04:07:06.977Z,buy,0.0001353,1.0,0.0001353
EVX/BTC,1528430827020,2018-06-08T04:07:07.020Z,buy,0.00013535,1.0,0.00013535
EVX/BTC,1528430827037,2018-06-08T04:07:07.037Z,buy,0.00013535,1.0,0.00013535
EVX/BTC,1528430827071,2018-06-08T04:07:07.071Z,buy,0.00013535,1.0,0.00013535
EVX/BTC,1528430827658,2018-06-08T04:07:07.658Z,buy,0.00013535,1.0,0.00013535
EVX/BTC,1528430827840,2018-06-08T04:07:07.840Z,buy,0.00013535,1.0,0.00013535
EVX/BTC,1528430827852,2018-06-08T04:07:07.852Z,buy,0.00013535,1.0,0.00013535
EVX/BTC,1528431250772,2018-06-08T04:14:10.772Z,sell,0.00013501,62.0,0.00837062
EVX/BTC,1528431250772,2018-06-08T04:14:10.772Z,sell,0.000135,306.0,0.04131
EVX/BTC,1528431480483,2018-06-08T04:18:00.483Z,buy,0.00013528,1.0,0.00013528
EVX/BTC,1528431598854,2018-06-08T04:19:58.854Z,sell,0.000135,1174.0,0.15849
EVX/BTC,1528432070311,2018-06-08T04:27:50.311Z,buy,0.00013528,19.0,0.00257032
EVX/BTC,1528432291445,2018-06-08T04:31:31.445Z,sell,0.000135,2149.0,0.290115
EVX/BTC,1528432298649,2018-06-08T04:31:38.649Z,buy,0.00013522,1.0,0.00013522
EVX/BTC,1528432298649,2018-06-08T04:31:38.649Z,buy,0.00013522,1.0,0.00013522
EVX/BTC,1528432509906,2018-06-08T04:35:09.906Z,sell,0.000135,44.0,0.00594
EVX/BTC,1528432605137,2018-06-08T04:36:45.137Z,buy,0.00013522,41.0,0.00554402
EVX/BTC,1528432744303,2018-06-08T04:39:04.303Z,sell,0.000135,81.0,0.010935
EVX/BTC,1528432746265,2018-06-08T04:39:06.265Z,buy,0.00013523,62.0,0.00838426
EVX/BTC,1528432756247,2018-06-08T04:39:16.247Z,buy,0.00013528,71.0,0.00960488
EVX/BTC,1528433029476,2018-06-08T04:43:49.476Z,sell,0.000135,1233.0,0.166455
EVX/BTC,1528433029589,2018-06-08T04:43:49.589Z,sell,0.00013496,15.0,0.0020244
EVX/BTC,1528433045212,2018-06-08T04:44:05.212Z,buy,0.000135,4.0,0.00054
EVX/BTC,1528433058418,2018-06-08T04:44:18.418Z,buy,0.000135,36.0,0.00486
EVX/BTC,1528433071102,2018-06-08T04:44:31.102Z,buy,0.000135,36.0,0.00486
EVX/BTC,1528433078871,2018-06-08T04:44:38.871Z,buy,0.000135,1.0,0.000135
EVX/BTC,1528433079009,2018-06-08T04:44:39.009Z,buy,0.000135,1.0,0.000135
EVX/BTC,1528433079068,2018-06-08T04:44:39.068Z,buy,0.000135,1.0,0.000135
EVX/BTC,1528433079174,2018-06-08T04:44:39.174Z,buy,0.000135,1.0,0.000135
EVX/BTC,1528433079319,2018-06-08T04:44:39.319Z,buy,0.000135,1.0,0.000135
EVX/BTC,1528433079387,2018-06-08T04:44:39.387Z,buy,0.000135,1.0,0.000135
EVX/BTC,1528433079525,2018-06-08T04:44:39.525Z,buy,0.000135,1.0,0.000135
EVX/BTC,1528433079637,2018-06-08T04:44:39.637Z,buy,0.000135,1.0,0.000135
EVX/BTC,1528433079692,2018-06-08T04:44:39.692Z,buy,0.000135,1.0,0.000135
EVX/BTC,1528433079746,2018-06-08T04:44:39.746Z,buy,0.000135,1.0,0.000135
EVX/BTC,1528433079813,2018-06-08T04:44:39.813Z,buy,0.000135,1.0,0.000135
EVX/BTC,1528433079889,2018-06-08T04:44:39.889Z,buy,0.000135,1.0,0.000135
EVX/BTC,1528433079939,2018-06-08T04:44:39.939Z,buy,0.000135,1.0,0.000135
EVX/BTC,1528433079979,2018-06-08T04:44:39.979Z,buy,0.000135,1.0,0.000135
EVX/BTC,1528433080011,2018-06-08T04:44:40.011Z,buy,0.000135,1.0,0.000135
EVX/BTC,1528433080047,2018-06-08T04:44:40.047Z,buy,0.000135,1.0,0.000135
EVX/BTC,1528433080058,2018-06-08T04:44:40.058Z,buy,0.000135,1.0,0.000135
EVX/BTC,1528433082010,2018-06-08T04:44:42.010Z,buy,0.000135,1.0,0.000135
EVX/BTC,1528433082678,2018-06-08T04:44:42.678Z,buy,0.000135,1.0,0.000135
EVX/BTC,1528433083031,2018-06-08T04:44:43.031Z,buy,0.000135,1.0,0.000135
EVX/BTC,1528433083295,2018-06-08T04:44:43.295Z,buy,0.000135,1.0,0.000135
EVX/BTC,1528433083670,2018-06-08T04:44:43.670Z,buy,0.000135,1.0,0.000135
EVX/BTC,1528433155041,2018-06-08T04:45:55.041Z,buy,0.00013499,1.0,0.00013499
EVX/BTC,1528433289940,2018-06-08T04:48:09.940Z,buy,0.00013499,58.0,0.00782942
EVX/BTC,1528433293483,2018-06-08T04:48:13.483Z,buy,0.000135,37.0,0.004995
EVX/BTC,1528433300466,2018-06-08T04:48:20.466Z,buy,0.000135,255.0,0.034425
EVX/BTC,1528433746006,2018-06-08T04:55:46.006Z,buy,0.000135,9.0,0.001215
EVX/BTC,1528433917564,2018-06-08T04:58:37.564Z,buy,0.0001349,1.0,0.0001349
EVX/BTC,1528434068589,2018-06-08T05:01:08.589Z,buy,0.0001349,124.0,0.0167276
EVX/BTC,1528434229959,2018-06-08T05:03:49.959Z,buy,0.0001349,78.0,0.0105222
EVX/BTC,1528434255675,2018-06-08T05:04:15.675Z,buy,0.00013497,38.0,0.00512886
EVX/BTC,1528434537204,2018-06-08T05:08:57.204Z,buy,0.000135,225.0,0.030375
EVX/BTC,1528434686753,2018-06-08T05:11:26.753Z,buy,0.000135,542.0,0.07317
EVX/BTC,1528434686753,2018-06-08T05:11:26.753Z,buy,0.00013527,825.0,0.11159775
EVX/BTC,1528434686753,2018-06-08T05:11:26.753Z,buy,0.00013528,99.0,0.0133927199999999
EVX/BTC,1528434817124,2018-06-08T05:13:37.124Z,buy,0.0001357,9.0,0.0012212999999999
EVX/BTC,1528434848490,2018-06-08T05:14:08.490Z,sell,0.00013528,16.0,0.00216448
EVX/BTC,1528435595672,2018-06-08T05:26:35.672Z,sell,0.00013528,944.0,0.1277043199999999
EVX/BTC,1528435869082,2018-06-08T05:31:09.082Z,buy,0.0001357,36.0,0.0048851999999999
EVX/BTC,1528435869082,2018-06-08T05:31:09.082Z,buy,0.0001357,36.0,0.0048851999999999
EVX/BTC,1528435991523,2018-06-08T05:33:11.523Z,sell,0.00013534,44.0,0.00595496
EVX/BTC,1528435991523,2018-06-08T05:33:11.523Z,sell,0.00013533,221.0,0.02990793
EVX/BTC,1528435991523,2018-06-08T05:33:11.523Z,sell,0.00013528,125.0,0.0169099999999999
EVX/BTC,1528436121332,2018-06-08T05:35:21.332Z,sell,0.00013538,15.0,0.0020307
EVX/BTC,1528436406917,2018-06-08T05:40:06.917Z,buy,0.00013567,51.0,0.00691917
EVX/BTC,1528436786604,2018-06-08T05:46:26.604Z,sell,0.00013534,52.0,0.0070376799999999
EVX/BTC,1528436786604,2018-06-08T05:46:26.604Z,sell,0.00013533,101.0,0.01366833
EVX/BTC,1528436786604,2018-06-08T05:46:26.604Z,sell,0.00013528,750.0,0.10146
EVX/BTC,1528436796845,2018-06-08T05:46:36.845Z,sell,0.00013538,50.0,0.006769
EVX/BTC,1528436804143,2018-06-08T05:46:44.143Z,sell,0.00013508,371.0,0.0501146799999999
EVX/BTC,1528436804171,2018-06-08T05:46:44.171Z,buy,0.00013506,383.0,0.05172798
EVX/BTC,1528436804191,2018-06-08T05:46:44.191Z,buy,0.00013506,329.0,0.04443474
EVX/BTC,1528437371007,2018-06-08T05:56:11.007Z,buy,0.000135,32.0,0.00432
EVX/BTC,1528437413334,2018-06-08T05:56:53.334Z,buy,0.000135,40.0,0.0054
EVX/BTC,1528437413489,2018-06-08T05:56:53.489Z,buy,0.000135,39.0,0.005265
EVX/BTC,1528437464382,2018-06-08T05:57:44.382Z,buy,0.000135,74.0,0.00999
EVX/BTC,1528437471445,2018-06-08T05:57:51.445Z,buy,0.000135,144.0,0.01944
EVX/BTC,1528437477872,2018-06-08T05:57:57.872Z,buy,0.00013529,71.0,0.0096055899999999
EVX/BTC,1528437803775,2018-06-08T06:03:23.775Z,buy,0.00013526,70.0,0.0094682
EVX/BTC,1528437803775,2018-06-08T06:03:23.775Z,buy,0.00013527,99.0,0.01339173
EVX/BTC,1528437803775,2018-06-08T06:03:23.775Z,buy,0.00013529,69.0,0.00933501
EVX/BTC,1528437804932,2018-06-08T06:03:24.932Z,buy,0.00013529,22.0,0.00297638
EVX/BTC,1528437972021,2018-06-08T06:06:12.021Z,sell,0.00013499,8.0,0.00107992
EVX/BTC,1528437972021,2018-06-08T06:06:12.021Z,sell,0.00013491,59.0,0.00795969
EVX/BTC,1528437972021,2018-06-08T06:06:12.021Z,sell,0.0001349,741.0,0.0999609
EVX/BTC,1528438304283,2018-06-08T06:11:44.283Z,buy,0.0001353,2.0,0.0002706
EVX/BTC,1528438460673,2018-06-08T06:14:20.673Z,buy,0.0001353,57.0,0.0077121
EVX/BTC,1528438460673,2018-06-08T06:14:20.673Z,buy,0.00013531,18.0,0.00243558
EVX/BTC,1528439238575,2018-06-08T06:27:18.575Z,sell,0.00013488,10.0,0.0013488
EVX/BTC,1528439238575,2018-06-08T06:27:18.575Z,sell,0.00013472,41.0,0.00552352
EVX/BTC,1528439308232,2018-06-08T06:28:28.232Z,sell,0.00013467,30.0,0.0040401
EVX/BTC,1528439308232,2018-06-08T06:28:28.232Z,sell,0.00013467,30.0,0.0040401
EVX/BTC,1528439668760,2018-06-08T06:34:28.760Z,sell,0.00013478,70.0,0.0094346
EVX/BTC,1528439668760,2018-06-08T06:34:28.760Z,sell,0.00013466,25.0,0.0033664999999999
EVX/BTC,1528439706938,2018-06-08T06:35:06.938Z,buy,0.00013464,1.0,0.00013464
EVX/BTC,1528439707769,2018-06-08T06:35:07.769Z,buy,0.00013464,1.0,0.00013464
EVX/BTC,1528439709050,2018-06-08T06:35:09.050Z,buy,0.00013464,1.0,0.00013464
EVX/BTC,1528439709088,2018-06-08T06:35:09.088Z,buy,0.00013464,1.0,0.00013464
EVX/BTC,1528439709142,2018-06-08T06:35:09.142Z,buy,0.00013464,1.0,0.00013464
EVX/BTC,1528439709604,2018-06-08T06:35:09.604Z,buy,0.00013464,1.0,0.00013464
EVX/BTC,1528439710990,2018-06-08T06:35:10.990Z,buy,0.00013464,1.0,0.00013464
EVX/BTC,1528439712223,2018-06-08T06:35:12.223Z,buy,0.00013464,1.0,0.00013464
EVX/BTC,1528439712295,2018-06-08T06:35:12.295Z,buy,0.00013464,1.0,0.00013464
EVX/BTC,1528439712997,2018-06-08T06:35:12.997Z,buy,0.00013464,1.0,0.00013464
EVX/BTC,1528439714077,2018-06-08T06:35:14.077Z,buy,0.00013464,1.0,0.00013464
EVX/BTC,1528439714258,2018-06-08T06:35:14.258Z,buy,0.00013464,1.0,0.00013464
EVX/BTC,1528439714371,2018-06-08T06:35:14.371Z,buy,0.00013464,1.0,0.00013464
EVX/BTC,1528439714863,2018-06-08T06:35:14.863Z,buy,0.00013464,1.0,0.00013464
EVX/BTC,1528439717188,2018-06-08T06:35:17.188Z,buy,0.00013466,1.0,0.00013466
EVX/BTC,1528439717231,2018-06-08T06:35:17.231Z,buy,0.00013466,1.0,0.00013466
EVX/BTC,1528439717331,2018-06-08T06:35:17.331Z,buy,0.00013466,1.0,0.00013466
EVX/BTC,1528439718962,2018-06-08T06:35:18.962Z,buy,0.00013466,1.0,0.00013466
EVX/BTC,1528439719142,2018-06-08T06:35:19.142Z,buy,0.00013466,1.0,0.00013466
EVX/BTC,1528439719152,2018-06-08T06:35:19.152Z,buy,0.00013466,1.0,0.00013466
EVX/BTC,1528439719189,2018-06-08T06:35:19.189Z,buy,0.00013466,1.0,0.00013466
EVX/BTC,1528439719298,2018-06-08T06:35:19.298Z,buy,0.00013466,1.0,0.00013466
EVX/BTC,1528439719826,2018-06-08T06:35:19.826Z,buy,0.00013466,1.0,0.00013466
EVX/BTC,1528439719932,2018-06-08T06:35:19.932Z,buy,0.00013466,1.0,0.00013466
EVX/BTC,1528439720835,2018-06-08T06:35:20.835Z,buy,0.00013466,1.0,0.00013466
EVX/BTC,1528439721212,2018-06-08T06:35:21.212Z,buy,0.00013466,1.0,0.00013466
EVX/BTC,1528439722608,2018-06-08T06:35:22.608Z,buy,0.00013466,1.0,0.00013466
EVX/BTC,1528439722710,2018-06-08T06:35:22.710Z,buy,0.00013466,1.0,0.00013466
EVX/BTC,1528439774398,2018-06-08T06:36:14.398Z,buy,0.00013466,1.0,0.00013466
EVX/BTC,1528439774989,2018-06-08T06:36:14.989Z,buy,0.00013466,6.0,0.0008079599999999
EVX/BTC,1528439776449,2018-06-08T06:36:16.449Z,buy,0.00013466,1.0,0.00013466
EVX/BTC,1528439777475,2018-06-08T06:36:17.475Z,buy,0.00013466,1.0,0.00013466
EVX/BTC,1528439817690,2018-06-08T06:36:57.690Z,buy,0.00013466,74.0,0.0099648399999999
EVX/BTC,1528439960270,2018-06-08T06:39:20.270Z,buy,0.00013466,225.0,0.0302985
EVX/BTC,1528439975084,2018-06-08T06:39:35.084Z,buy,0.00013466,112.0,0.0150819199999999
EVX/BTC,1528439975138,2018-06-08T06:39:35.138Z,buy,0.00013466,110.0,0.0148125999999999
EVX/BTC,1528440045196,2018-06-08T06:40:45.196Z,buy,0.00013511,1.0,0.00013511
EVX/BTC,1528440866304,2018-06-08T06:54:26.304Z,buy,0.00013498,29.0,0.00391442
EVX/BTC,1528440866304,2018-06-08T06:54:26.304Z,buy,0.00013501,31.0,0.00418531
EVX/BTC,1528441239084,2018-06-08T07:00:39.084Z,buy,0.00013495,11.0,0.00148445
EVX/BTC,1528441260597,2018-06-08T07:01:00.597Z,sell,0.00013462,67.0,0.00901954
EVX/BTC,1528441260597,2018-06-08T07:01:00.597Z,sell,0.00013461,57.0,0.0076727699999999
EVX/BTC,1528441281465,2018-06-08T07:01:21.465Z,sell,0.00013456,79.0,0.01063024
EVX/BTC,1528441281784,2018-06-08T07:01:21.784Z,buy,0.00013455,147.0,0.0197788499999999
EVX/BTC,1528441310276,2018-06-08T07:01:50.276Z,buy,0.00013494,36.0,0.00485784
EVX/BTC,1528441909312,2018-06-08T07:11:49.312Z,buy,0.00013492,10.0,0.0013491999999999
EVX/BTC,1528442282513,2018-06-08T07:18:02.513Z,sell,0.00013453,8.0,0.00107624
EVX/BTC,1528442341504,2018-06-08T07:19:01.504Z,sell,0.00013453,3.0,0.00040359
EVX/BTC,1528442342706,2018-06-08T07:19:02.706Z,buy,0.00013453,69.0,0.00928257
EVX/BTC,1528442343176,2018-06-08T07:19:03.176Z,buy,0.00013492,21.0,0.00283332
EVX/BTC,1528442343176,2018-06-08T07:19:03.176Z,buy,0.00013493,8.0,0.00107944
EVX/BTC,1528442343176,2018-06-08T07:19:03.176Z,buy,0.00013494,40.0,0.0053976
EVX/BTC,1528442400804,2018-06-08T07:20:00.804Z,sell,0.00013452,69.0,0.00928188
EVX/BTC,1528442413589,2018-06-08T07:20:13.589Z,buy,0.00013492,133.0,0.01794436
EVX/BTC,1528442620372,2018-06-08T07:23:40.372Z,sell,0.00013494,319.0,0.04304586
EVX/BTC,1528442620372,2018-06-08T07:23:40.372Z,sell,0.00013494,319.0,0.04304586
EVX/BTC,1528443058551,2018-06-08T07:30:58.551Z,sell,0.00013494,72.0,0.00971568
EVX/BTC,1528443190716,2018-06-08T07:33:10.716Z,sell,0.00013453,8.0,0.00107624
EVX/BTC,1528444445146,2018-06-08T07:54:05.146Z,sell,0.00013457,24.0,0.00322968
EVX/BTC,1528444596412,2018-06-08T07:56:36.412Z,buy,0.000135,18.0,0.00243
EVX/BTC,1528444667810,2018-06-08T07:57:47.810Z,sell,0.00013453,6.0,0.00080718
EVX/BTC,1528444681360,2018-06-08T07:58:01.360Z,buy,0.00013499,34.0,0.00458966
EVX/BTC,1528445052862,2018-06-08T08:04:12.862Z,buy,0.00013498,70.0,0.0094486
EVX/BTC,1528445052862,2018-06-08T08:04:12.862Z,buy,0.000135,22.0,0.00297
EVX/BTC,1528445089663,2018-06-08T08:04:49.663Z,sell,0.00013453,110.0,0.0147983
EVX/BTC,1528445089663,2018-06-08T08:04:49.663Z,sell,0.00013452,631.0,0.08488212
EVX/BTC,1528445089663,2018-06-08T08:04:49.663Z,sell,0.00013449,8.0,0.00107592
EVX/BTC,1528445089663,2018-06-08T08:04:49.663Z,sell,0.00013443,70.0,0.0094101
EVX/BTC,1528445089663,2018-06-08T08:04:49.663Z,sell,0.00013442,15.0,0.0020163
EVX/BTC,1528445089663,2018-06-08T08:04:49.663Z,sell,0.0001343,15.0,0.0020145
EVX/BTC,1528445089663,2018-06-08T08:04:49.663Z,sell,0.00013428,14.0,0.00187992
EVX/BTC,1528445089663,2018-06-08T08:04:49.663Z,sell,0.00013409,23.0,0.00308407
EVX/BTC,1528445089663,2018-06-08T08:04:49.663Z,sell,0.00013408,34.0,0.00455872
EVX/BTC,1528445089663,2018-06-08T08:04:49.663Z,sell,0.000134,1480.0,0.19832
EVX/BTC,1528445094269,2018-06-08T08:04:54.269Z,sell,0.00013397,290.0,0.0388513
EVX/BTC,1528445094269,2018-06-08T08:04:54.269Z,sell,0.0001338,50.0,0.00669
EVX/BTC,1528445094269,2018-06-08T08:04:54.269Z,sell,0.00013376,28.0,0.0037452799999999
EVX/BTC,1528445094269,2018-06-08T08:04:54.269Z,sell,0.00013361,245.0,0.03273445
EVX/BTC,1528445094269,2018-06-08T08:04:54.269Z,sell,0.0001336,122.0,0.0162992
EVX/BTC,1528445094269,2018-06-08T08:04:54.269Z,sell,0.00013352,10.0,0.0013352
EVX/BTC,1528445094269,2018-06-08T08:04:54.269Z,sell,0.0001335,28.0,0.003738
EVX/BTC,1528445094269,2018-06-08T08:04:54.269Z,sell,0.00013339,12.0,0.00160068
EVX/BTC,1528445094269,2018-06-08T08:04:54.269Z,sell,0.00013333,695.0,0.0926643499999999
EVX/BTC,1528445094269,2018-06-08T08:04:54.269Z,sell,0.0001333,38.0,0.0050653999999999
EVX/BTC,1528445094269,2018-06-08T08:04:54.269Z,sell,0.00013319,179.0,0.02384101
EVX/BTC,1528445097522,2018-06-08T08:04:57.522Z,buy,0.0001338,8.0,0.0010704
EVX/BTC,1528445097807,2018-06-08T08:04:57.807Z,sell,0.00013329,37.0,0.00493173
EVX/BTC,1528445099898,2018-06-08T08:04:59.898Z,sell,0.00013335,37.0,0.0049339499999999
EVX/BTC,1528445099898,2018-06-08T08:04:59.898Z,sell,0.00013333,3.0,0.00039999
EVX/BTC,1528445100944,2018-06-08T08:05:00.944Z,sell,0.00013337,21.0,0.00280077
EVX/BTC,1528445110567,2018-06-08T08:05:10.567Z,sell,0.0001334,70.0,0.0093379999999999
EVX/BTC,1528445112081,2018-06-08T08:05:12.081Z,buy,0.00013354,1.0,0.00013354
EVX/BTC,1528445112092,2018-06-08T08:05:12.092Z,buy,0.00013354,1.0,0.00013354
EVX/BTC,1528445112146,2018-06-08T08:05:12.146Z,buy,0.00013354,1.0,0.00013354
EVX/BTC,1528445112215,2018-06-08T08:05:12.215Z,buy,0.00013354,1.0,0.00013354
EVX/BTC,1528445112220,2018-06-08T08:05:12.220Z,buy,0.00013354,1.0,0.00013354
EVX/BTC,1528445112610,2018-06-08T08:05:12.610Z,buy,0.00013354,1.0,0.00013354
EVX/BTC,1528445112809,2018-06-08T08:05:12.809Z,buy,0.00013354,1.0,0.00013354
EVX/BTC,1528445112873,2018-06-08T08:05:12.873Z,buy,0.00013354,1.0,0.00013354
EVX/BTC,1528445112975,2018-06-08T08:05:12.975Z,buy,0.00013354,1.0,0.00013354
EVX/BTC,1528445113126,2018-06-08T08:05:13.126Z,buy,0.00013354,1.0,0.00013354
EVX/BTC,1528445113155,2018-06-08T08:05:13.155Z,buy,0.00013354,1.0,0.00013354
EVX/BTC,1528445113512,2018-06-08T08:05:13.512Z,buy,0.00013341,1.0,0.00013341
EVX/BTC,1528445113716,2018-06-08T08:05:13.716Z,buy,0.00013341,1.0,0.00013341
EVX/BTC,1528445114225,2018-06-08T08:05:14.225Z,buy,0.00013341,21.0,0.00280161
EVX/BTC,1528445114847,2018-06-08T08:05:14.847Z,buy,0.00013341,1.0,0.00013341
EVX/BTC,1528445115339,2018-06-08T08:05:15.339Z,sell,0.0001334,27.0,0.0036017999999999
EVX/BTC,1528445116299,2018-06-08T08:05:16.299Z,buy,0.00013341,1.0,0.00013341
EVX/BTC,1528445116547,2018-06-08T08:05:16.547Z,sell,0.0001334,29.0,0.0038686
EVX/BTC,1528445116662,2018-06-08T08:05:16.662Z,buy,0.00013341,1.0,0.00013341
EVX/BTC,1528445116743,2018-06-08T08:05:16.743Z,buy,0.00013341,1.0,0.00013341
EVX/BTC,1528445116865,2018-06-08T08:05:16.865Z,buy,0.00013341,1.0,0.00013341
EVX/BTC,1528445117306,2018-06-08T08:05:17.306Z,buy,0.00013341,1.0,0.00013341
EVX/BTC,1528445117604,2018-06-08T08:05:17.604Z,buy,0.00013341,1.0,0.00013341
EVX/BTC,1528445117803,2018-06-08T08:05:17.803Z,buy,0.00013341,1.0,0.00013341
EVX/BTC,1528445117875,2018-06-08T08:05:17.875Z,buy,0.00013341,1.0,0.00013341
EVX/BTC,1528445117901,2018-06-08T08:05:17.901Z,buy,0.00013341,1.0,0.00013341
EVX/BTC,1528445117965,2018-06-08T08:05:17.965Z,buy,0.00013341,1.0,0.00013341
EVX/BTC,1528445118047,2018-06-08T08:05:18.047Z,buy,0.00013341,1.0,0.00013341
EVX/BTC,1528445118354,2018-06-08T08:05:18.354Z,buy,0.00013341,1.0,0.00013341
EVX/BTC,1528445118607,2018-06-08T08:05:18.607Z,buy,0.00013341,1.0,0.00013341
EVX/BTC,1528445118770,2018-06-08T08:05:18.770Z,buy,0.00013341,1.0,0.00013341
EVX/BTC,1528445118802,2018-06-08T08:05:18.802Z,buy,0.00013341,1.0,0.00013341
EVX/BTC,1528445118806,2018-06-08T08:05:18.806Z,buy,0.00013341,1.0,0.00013341
EVX/BTC,1528445119457,2018-06-08T08:05:19.457Z,sell,0.0001334,18.0,0.0024012
EVX/BTC,1528445119615,2018-06-08T08:05:19.615Z,buy,0.00013393,1.0,0.00013393
EVX/BTC,1528445119631,2018-06-08T08:05:19.631Z,buy,0.00013393,1.0,0.00013393
EVX/BTC,1528445119664,2018-06-08T08:05:19.664Z,buy,0.00013393,1.0,0.00013393
EVX/BTC,1528445119847,2018-06-08T08:05:19.847Z,buy,0.00013393,1.0,0.00013393
EVX/BTC,1528445119901,2018-06-08T08:05:19.901Z,buy,0.00013393,1.0,0.00013393
EVX/BTC,1528445120601,2018-06-08T08:05:20.601Z,buy,0.00013393,1.0,0.00013393
EVX/BTC,1528445120774,2018-06-08T08:05:20.774Z,buy,0.00013393,1.0,0.00013393
EVX/BTC,1528445120899,2018-06-08T08:05:20.899Z,buy,0.00013393,1.0,0.00013393
EVX/BTC,1528445121862,2018-06-08T08:05:21.862Z,buy,0.00013393,1.0,0.00013393
EVX/BTC,1528445121866,2018-06-08T08:05:21.866Z,buy,0.00013393,1.0,0.00013393
EVX/BTC,1528445121952,2018-06-08T08:05:21.952Z,buy,0.00013393,1.0,0.00013393
EVX/BTC,1528445121959,2018-06-08T08:05:21.959Z,buy,0.00013393,1.0,0.00013393
EVX/BTC,1528445122044,2018-06-08T08:05:22.044Z,buy,0.00013393,1.0,0.00013393
EVX/BTC,1528445122271,2018-06-08T08:05:22.271Z,buy,0.00013393,1.0,0.00013393
EVX/BTC,1528445122929,2018-06-08T08:05:22.929Z,buy,0.00013392,1.0,0.00013392
EVX/BTC,1528445122976,2018-06-08T08:05:22.976Z,buy,0.00013392,1.0,0.00013392
EVX/BTC,1528445123158,2018-06-08T08:05:23.158Z,buy,0.00013392,1.0,0.00013392
EVX/BTC,1528445124517,2018-06-08T08:05:24.517Z,buy,0.00013392,1.0,0.00013392
EVX/BTC,1528445125460,2018-06-08T08:05:25.460Z,buy,0.00013392,1.0,0.00013392
EVX/BTC,1528445125467,2018-06-08T08:05:25.467Z,buy,0.00013392,1.0,0.00013392
EVX/BTC,1528445125508,2018-06-08T08:05:25.508Z,buy,0.00013392,1.0,0.00013392
EVX/BTC,1528445125518,2018-06-08T08:05:25.518Z,buy,0.00013392,1.0,0.00013392
EVX/BTC,1528445125649,2018-06-08T08:05:25.649Z,buy,0.00013392,1.0,0.00013392
EVX/BTC,1528445125774,2018-06-08T08:05:25.774Z,buy,0.00013392,21.0,0.0028123199999999
EVX/BTC,1528445125924,2018-06-08T08:05:25.924Z,buy,0.00013392,2.0,0.00026784
EVX/BTC,1528445125946,2018-06-08T08:05:25.946Z,buy,0.00013392,1.0,0.00013392
EVX/BTC,1528445126018,2018-06-08T08:05:26.018Z,buy,0.00013392,1.0,0.00013392
EVX/BTC,1528445126095,2018-06-08T08:05:26.095Z,buy,0.00013392,10.0,0.0013392
EVX/BTC,1528445127985,2018-06-08T08:05:27.985Z,buy,0.00013392,1.0,0.00013392
EVX/BTC,1528445128024,2018-06-08T08:05:28.024Z,buy,0.00013392,1.0,0.00013392
EVX/BTC,1528445128051,2018-06-08T08:05:28.051Z,buy,0.00013392,1.0,0.00013392
EVX/BTC,1528445128151,2018-06-08T08:05:28.151Z,buy,0.00013392,10.0,0.0013392
EVX/BTC,1528445129009,2018-06-08T08:05:29.009Z,buy,0.00013392,1.0,0.00013392
EVX/BTC,1528445129068,2018-06-08T08:05:29.068Z,buy,0.00013392,1.0,0.00013392
EVX/BTC,1528445129176,2018-06-08T08:05:29.176Z,buy,0.00013392,1.0,0.00013392
EVX/BTC,1528445129250,2018-06-08T08:05:29.250Z,buy,0.00013392,1.0,0.00013392
EVX/BTC,1528445129589,2018-06-08T08:05:29.589Z,sell,0.0001334,31.0,0.0041354
EVX/BTC,1528445129589,2018-06-08T08:05:29.589Z,sell,0.00013323,36.0,0.00479628
EVX/BTC,1528445129640,2018-06-08T08:05:29.640Z,buy,0.00013392,1.0,0.00013392
EVX/BTC,1528445130200,2018-06-08T08:05:30.200Z,buy,0.00013392,1.0,0.00013392
EVX/BTC,1528445130302,2018-06-08T08:05:30.302Z,sell,0.00013324,67.0,0.0089270799999999
EVX/BTC,1528445130524,2018-06-08T08:05:30.524Z,buy,0.00013392,1.0,0.00013392
EVX/BTC,1528445130828,2018-06-08T08:05:30.828Z,buy,0.00013392,1.0,0.00013392
EVX/BTC,1528445131018,2018-06-08T08:05:31.018Z,buy,0.00013392,1.0,0.00013392
EVX/BTC,1528445131211,2018-06-08T08:05:31.211Z,sell,0.00013325,12.0,0.001599
EVX/BTC,1528445131211,2018-06-08T08:05:31.211Z,sell,0.00013324,27.0,0.0035974799999999
EVX/BTC,1528445131211,2018-06-08T08:05:31.211Z,sell,0.00013323,28.0,0.00373044
EVX/BTC,1528445131383,2018-06-08T08:05:31.383Z,buy,0.00013391,1.0,0.00013391
EVX/BTC,1528445131698,2018-06-08T08:05:31.698Z,buy,0.00013391,1.0,0.00013391
EVX/BTC,1528445131804,2018-06-08T08:05:31.804Z,buy,0.00013391,1.0,0.00013391
EVX/BTC,1528445131893,2018-06-08T08:05:31.893Z,buy,0.00013391,1.0,0.00013391
EVX/BTC,1528445132218,2018-06-08T08:05:32.218Z,buy,0.0001339,6.0,0.0008034
EVX/BTC,1528445132414,2018-06-08T08:05:32.414Z,buy,0.0001339,1.0,0.0001339
EVX/BTC,1528445132915,2018-06-08T08:05:32.915Z,buy,0.0001339,1.0,0.0001339
EVX/BTC,1528445134763,2018-06-08T08:05:34.763Z,buy,0.00013388,1.0,0.00013388
EVX/BTC,1528445134809,2018-06-08T08:05:34.809Z,buy,0.00013388,1.0,0.00013388
EVX/BTC,1528445135125,2018-06-08T08:05:35.125Z,buy,0.00013388,1.0,0.00013388
EVX/BTC,1528445136265,2018-06-08T08:05:36.265Z,buy,0.00013387,29.0,0.0038822299999999
EVX/BTC,1528445136404,2018-06-08T08:05:36.404Z,buy,0.00013387,1.0,0.00013387
EVX/BTC,1528445136790,2018-06-08T08:05:36.790Z,buy,0.00013386,1.0,0.00013386
EVX/BTC,1528445137471,2018-06-08T08:05:37.471Z,buy,0.00013385,1.0,0.00013385
EVX/BTC,1528445137773,2018-06-08T08:05:37.773Z,buy,0.00013385,1.0,0.00013385
EVX/BTC,1528445137901,2018-06-08T08:05:37.901Z,buy,0.00013385,1.0,0.00013385
EVX/BTC,1528445137994,2018-06-08T08:05:37.994Z,buy,0.00013385,1.0,0.00013385
EVX/BTC,1528445138593,2018-06-08T08:05:38.593Z,buy,0.00013385,1.0,0.00013385
EVX/BTC,1528445138753,2018-06-08T08:05:38.753Z,buy,0.00013385,1.0,0.00013385
EVX/BTC,1528445138810,2018-06-08T08:05:38.810Z,buy,0.00013385,1.0,0.00013385
EVX/BTC,1528445138911,2018-06-08T08:05:38.911Z,buy,0.00013385,1.0,0.00013385
EVX/BTC,1528445139056,2018-06-08T08:05:39.056Z,buy,0.00013385,1.0,0.00013385
EVX/BTC,1528445139197,2018-06-08T08:05:39.197Z,buy,0.00013384,1.0,0.00013384
EVX/BTC,1528445139590,2018-06-08T08:05:39.590Z,buy,0.00013384,1.0,0.00013384
EVX/BTC,1528445139625,2018-06-08T08:05:39.625Z,buy,0.00013384,1.0,0.00013384
EVX/BTC,1528445139638,2018-06-08T08:05:39.638Z,buy,0.00013384,1.0,0.00013384
EVX/BTC,1528445139655,2018-06-08T08:05:39.655Z,buy,0.00013384,1.0,0.00013384
EVX/BTC,1528445139676,2018-06-08T08:05:39.676Z,buy,0.00013384,1.0,0.00013384
EVX/BTC,1528445140392,2018-06-08T08:05:40.392Z,buy,0.00013384,1.0,0.00013384
EVX/BTC,1528445141056,2018-06-08T08:05:41.056Z,buy,0.00013384,1.0,0.00013384
EVX/BTC,1528445141546,2018-06-08T08:05:41.546Z,buy,0.00013384,1.0,0.00013384
EVX/BTC,1528445141584,2018-06-08T08:05:41.584Z,buy,0.00013384,1.0,0.00013384
EVX/BTC,1528445141611,2018-06-08T08:05:41.611Z,buy,0.00013384,1.0,0.00013384
EVX/BTC,1528445141641,2018-06-08T08:05:41.641Z,buy,0.00013384,2.0,0.00026768
EVX/BTC,1528445141800,2018-06-08T08:05:41.800Z,buy,0.00013384,1.0,0.00013384
EVX/BTC,1528445142103,2018-06-08T08:05:42.103Z,buy,0.00013384,1.0,0.00013384
EVX/BTC,1528445142466,2018-06-08T08:05:42.466Z,buy,0.00013383,1.0,0.00013383
EVX/BTC,1528445143614,2018-06-08T08:05:43.614Z,buy,0.00013383,1.0,0.00013383
EVX/BTC,1528445144017,2018-06-08T08:05:44.017Z,buy,0.00013383,1.0,0.00013383
EVX/BTC,1528445144126,2018-06-08T08:05:44.126Z,buy,0.00013383,1.0,0.00013383
EVX/BTC,1528445144850,2018-06-08T08:05:44.850Z,buy,0.00013383,1.0,0.00013383
EVX/BTC,1528445145310,2018-06-08T08:05:45.310Z,buy,0.00013382,1.0,0.00013382
EVX/BTC,1528445145634,2018-06-08T08:05:45.634Z,buy,0.00013382,1.0,0.00013382
EVX/BTC,1528445145796,2018-06-08T08:05:45.796Z,buy,0.00013382,1.0,0.00013382
EVX/BTC,1528445145824,2018-06-08T08:05:45.824Z,buy,0.00013382,1.0,0.00013382
EVX/BTC,1528445145893,2018-06-08T08:05:45.893Z,buy,0.00013382,1.0,0.00013382
EVX/BTC,1528445145910,2018-06-08T08:05:45.910Z,buy,0.00013382,1.0,0.00013382
EVX/BTC,1528445146324,2018-06-08T08:05:46.324Z,buy,0.00013382,1.0,0.00013382
EVX/BTC,1528445146428,2018-06-08T08:05:46.428Z,buy,0.00013382,1.0,0.00013382
EVX/BTC,1528445146453,2018-06-08T08:05:46.453Z,buy,0.00013382,1.0,0.00013382
EVX/BTC,1528445146599,2018-06-08T08:05:46.599Z,buy,0.00013382,1.0,0.00013382
EVX/BTC,1528445147281,2018-06-08T08:05:47.281Z,buy,0.00013381,1.0,0.00013381
EVX/BTC,1528445148052,2018-06-08T08:05:48.052Z,buy,0.0001338,1.0,0.0001338
EVX/BTC,1528445148947,2018-06-08T08:05:48.947Z,buy,0.0001338,1.0,0.0001338
EVX/BTC,1528445149049,2018-06-08T08:05:49.049Z,buy,0.0001338,2.0,0.0002676
EVX/BTC,1528445149269,2018-06-08T08:05:49.269Z,buy,0.00013379,1.0,0.00013379
EVX/BTC,1528445190349,2018-06-08T08:06:30.349Z,sell,0.0001333,67.0,0.0089310999999999
EVX/BTC,1528445192070,2018-06-08T08:06:32.070Z,buy,0.00013361,15.0,0.0020041499999999
EVX/BTC,1528445192360,2018-06-08T08:06:32.360Z,buy,0.00013361,76.0,0.01015436
EVX/BTC,1528445192848,2018-06-08T08:06:32.848Z,buy,0.00013374,80.0,0.0106992
EVX/BTC,1528445219278,2018-06-08T08:06:59.278Z,sell,0.00013326,13.0,0.00173238
EVX/BTC,1528445219278,2018-06-08T08:06:59.278Z,sell,0.00013325,23.0,0.00306475
EVX/BTC,1528445245085,2018-06-08T08:07:25.085Z,buy,0.00013341,17.0,0.00226797
EVX/BTC,1528445245608,2018-06-08T08:07:25.608Z,buy,0.00013341,40.0,0.0053364
EVX/BTC,1528445248079,2018-06-08T08:07:28.079Z,buy,0.00013342,1.0,0.00013342
EVX/BTC,1528445248421,2018-06-08T08:07:28.421Z,buy,0.00013341,1.0,0.00013341
EVX/BTC,1528445248935,2018-06-08T08:07:28.935Z,buy,0.00013341,1.0,0.00013341
EVX/BTC,1528445249067,2018-06-08T08:07:29.067Z,buy,0.00013341,1.0,0.00013341
EVX/BTC,1528445249465,2018-06-08T08:07:29.465Z,buy,0.00013341,1.0,0.00013341
EVX/BTC,1528445249559,2018-06-08T08:07:29.559Z,buy,0.00013341,1.0,0.00013341
EVX/BTC,1528445249622,2018-06-08T08:07:29.622Z,buy,0.00013341,1.0,0.00013341
EVX/BTC,1528445249629,2018-06-08T08:07:29.629Z,buy,0.00013341,1.0,0.00013341
EVX/BTC,1528445249929,2018-06-08T08:07:29.929Z,buy,0.00013341,1.0,0.00013341
EVX/BTC,1528445250445,2018-06-08T08:07:30.445Z,buy,0.00013341,1.0,0.00013341
EVX/BTC,1528445250562,2018-06-08T08:07:30.562Z,buy,0.00013341,1.0,0.00013341
EVX/BTC,1528445250615,2018-06-08T08:07:30.615Z,buy,0.00013341,1.0,0.00013341
EVX/BTC,1528445250642,2018-06-08T08:07:30.642Z,buy,0.00013341,1.0,0.00013341
EVX/BTC,1528445250666,2018-06-08T08:07:30.666Z,buy,0.00013341,1.0,0.00013341
EVX/BTC,1528445251155,2018-06-08T08:07:31.155Z,buy,0.0001334,1.0,0.0001334
EVX/BTC,1528445251661,2018-06-08T08:07:31.661Z,buy,0.0001334,1.0,0.0001334
EVX/BTC,1528445251712,2018-06-08T08:07:31.712Z,buy,0.0001334,1.0,0.0001334
EVX/BTC,1528445251735,2018-06-08T08:07:31.735Z,buy,0.0001334,1.0,0.0001334
EVX/BTC,1528445251777,2018-06-08T08:07:31.777Z,buy,0.0001334,1.0,0.0001334
EVX/BTC,1528445251821,2018-06-08T08:07:31.821Z,buy,0.0001334,1.0,0.0001334
EVX/BTC,1528445252434,2018-06-08T08:07:32.434Z,buy,0.0001334,1.0,0.0001334
EVX/BTC,1528445252691,2018-06-08T08:07:32.691Z,buy,0.0001334,1.0,0.0001334
EVX/BTC,1528445253033,2018-06-08T08:07:33.033Z,buy,0.0001334,1.0,0.0001334
EVX/BTC,1528445253697,2018-06-08T08:07:33.697Z,buy,0.00013342,1.0,0.00013342
EVX/BTC,1528445253931,2018-06-08T08:07:33.931Z,buy,0.00013342,1.0,0.00013342
EVX/BTC,1528445254417,2018-06-08T08:07:34.417Z,buy,0.00013342,1.0,0.00013342
EVX/BTC,1528445254632,2018-06-08T08:07:34.632Z,buy,0.00013342,1.0,0.00013342
EVX/BTC,1528445254662,2018-06-08T08:07:34.662Z,buy,0.00013342,1.0,0.00013342
EVX/BTC,1528445254857,2018-06-08T08:07:34.857Z,buy,0.00013342,1.0,0.00013342
EVX/BTC,1528445254914,2018-06-08T08:07:34.914Z,buy,0.00013342,1.0,0.00013342
EVX/BTC,1528445255100,2018-06-08T08:07:35.100Z,buy,0.00013342,1.0,0.00013342
EVX/BTC,1528445255108,2018-06-08T08:07:35.108Z,buy,0.00013342,1.0,0.00013342
EVX/BTC,1528445255134,2018-06-08T08:07:35.134Z,buy,0.00013342,1.0,0.00013342
EVX/BTC,1528445255138,2018-06-08T08:07:35.138Z,buy,0.00013342,2.0,0.00026684
EVX/BTC,1528445255249,2018-06-08T08:07:35.249Z,buy,0.00013342,1.0,0.00013342
EVX/BTC,1528445255845,2018-06-08T08:07:35.845Z,buy,0.00013342,1.0,0.00013342
EVX/BTC,1528445256280,2018-06-08T08:07:36.280Z,buy,0.00013342,1.0,0.00013342
EVX/BTC,1528445256639,2018-06-08T08:07:36.639Z,buy,0.00013342,1.0,0.00013342
EVX/BTC,1528445257254,2018-06-08T08:07:37.254Z,buy,0.00013342,1.0,0.00013342
EVX/BTC,1528445258791,2018-06-08T08:07:38.791Z,buy,0.00013342,1.0,0.00013342
EVX/BTC,1528445258857,2018-06-08T08:07:38.857Z,buy,0.00013342,1.0,0.00013342
EVX/BTC,1528445258911,2018-06-08T08:07:38.911Z,buy,0.00013342,1.0,0.00013342
EVX/BTC,1528445259024,2018-06-08T08:07:39.024Z,buy,0.00013342,1.0,0.00013342
EVX/BTC,1528445260274,2018-06-08T08:07:40.274Z,buy,0.00013342,1.0,0.00013342
EVX/BTC,1528445261117,2018-06-08T08:07:41.117Z,buy,0.00013342,1.0,0.00013342
EVX/BTC,1528445261117,2018-06-08T08:07:41.117Z,buy,0.00013342,1.0,0.00013342
EVX/BTC,1528445261378,2018-06-08T08:07:41.378Z,buy,0.00013342,1.0,0.00013342
EVX/BTC,1528445261770,2018-06-08T08:07:41.770Z,buy,0.00013342,1.0,0.00013342
EVX/BTC,1528445261818,2018-06-08T08:07:41.818Z,buy,0.00013342,1.0,0.00013342
EVX/BTC,1528445261881,2018-06-08T08:07:41.881Z,buy,0.00013342,1.0,0.00013342
EVX/BTC,1528445261884,2018-06-08T08:07:41.884Z,buy,0.00013342,1.0,0.00013342
EVX/BTC,1528445262062,2018-06-08T08:07:42.062Z,buy,0.00013342,1.0,0.00013342
EVX/BTC,1528445262216,2018-06-08T08:07:42.216Z,buy,0.00013342,1.0,0.00013342
EVX/BTC,1528445262646,2018-06-08T08:07:42.646Z,buy,0.00013342,1.0,0.00013342
EVX/BTC,1528445263614,2018-06-08T08:07:43.614Z,buy,0.00013342,1.0,0.00013342
EVX/BTC,1528445263664,2018-06-08T08:07:43.664Z,buy,0.00013342,1.0,0.00013342
EVX/BTC,1528445263685,2018-06-08T08:07:43.685Z,buy,0.00013342,1.0,0.00013342
EVX/BTC,1528445263724,2018-06-08T08:07:43.724Z,buy,0.00013342,1.0,0.00013342
EVX/BTC,1528445263755,2018-06-08T08:07:43.755Z,buy,0.00013342,1.0,0.00013342
EVX/BTC,1528445263822,2018-06-08T08:07:43.822Z,buy,0.00013342,1.0,0.00013342
EVX/BTC,1528445264029,2018-06-08T08:07:44.029Z,buy,0.00013342,1.0,0.00013342
EVX/BTC,1528445264038,2018-06-08T08:07:44.038Z,buy,0.00013342,1.0,0.00013342
EVX/BTC,1528445264041,2018-06-08T08:07:44.041Z,buy,0.00013342,1.0,0.00013342
EVX/BTC,1528445264052,2018-06-08T08:07:44.052Z,buy,0.00013342,1.0,0.00013342
EVX/BTC,1528445264270,2018-06-08T08:07:44.270Z,buy,0.00013342,1.0,0.00013342
EVX/BTC,1528445264660,2018-06-08T08:07:44.660Z,buy,0.00013342,1.0,0.00013342
EVX/BTC,1528445264816,2018-06-08T08:07:44.816Z,buy,0.00013342,1.0,0.00013342
EVX/BTC,1528445266009,2018-06-08T08:07:46.009Z,buy,0.00013342,1.0,0.00013342
EVX/BTC,1528445266102,2018-06-08T08:07:46.102Z,buy,0.00013342,1.0,0.00013342
EVX/BTC,1528445266134,2018-06-08T08:07:46.134Z,buy,0.00013342,1.0,0.00013342
EVX/BTC,1528445266762,2018-06-08T08:07:46.762Z,buy,0.00013342,1.0,0.00013342
EVX/BTC,1528445267184,2018-06-08T08:07:47.184Z,buy,0.00013359,1.0,0.00013359
EVX/BTC,1528445267464,2018-06-08T08:07:47.464Z,buy,0.00013359,1.0,0.00013359
EVX/BTC,1528445267575,2018-06-08T08:07:47.575Z,buy,0.00013358,1.0,0.00013358
EVX/BTC,1528445268187,2018-06-08T08:07:48.187Z,buy,0.00013358,1.0,0.00013358
EVX/BTC,1528445268217,2018-06-08T08:07:48.217Z,buy,0.00013358,1.0,0.00013358
EVX/BTC,1528445268330,2018-06-08T08:07:48.330Z,buy,0.00013358,1.0,0.00013358
EVX/BTC,1528445268369,2018-06-08T08:07:48.369Z,buy,0.00013358,1.0,0.00013358
EVX/BTC,1528445268378,2018-06-08T08:07:48.378Z,buy,0.00013358,1.0,0.00013358
EVX/BTC,1528445268706,2018-06-08T08:07:48.706Z,buy,0.00013358,1.0,0.00013358
EVX/BTC,1528445269079,2018-06-08T08:07:49.079Z,buy,0.00013358,1.0,0.00013358
EVX/BTC,1528445269166,2018-06-08T08:07:49.166Z,buy,0.00013358,1.0,0.00013358
EVX/BTC,1528445269662,2018-06-08T08:07:49.662Z,buy,0.00013358,1.0,0.00013358
EVX/BTC,1528445269717,2018-06-08T08:07:49.717Z,buy,0.00013359,1.0,0.00013359
EVX/BTC,1528445269806,2018-06-08T08:07:49.806Z,buy,0.00013359,1.0,0.00013359
EVX/BTC,1528445269997,2018-06-08T08:07:49.997Z,buy,0.00013359,1.0,0.00013359
EVX/BTC,1528445270090,2018-06-08T08:07:50.090Z,buy,0.00013359,1.0,0.00013359
EVX/BTC,1528445270478,2018-06-08T08:07:50.478Z,buy,0.00013359,1.0,0.00013359
EVX/BTC,1528445271463,2018-06-08T08:07:51.463Z,buy,0.00013359,1.0,0.00013359
EVX/BTC,1528445272158,2018-06-08T08:07:52.158Z,buy,0.00013359,1.0,0.00013359
EVX/BTC,1528445272243,2018-06-08T08:07:52.243Z,buy,0.00013359,1.0,0.00013359
EVX/BTC,1528445272349,2018-06-08T08:07:52.349Z,buy,0.00013359,1.0,0.00013359
EVX/BTC,1528445272381,2018-06-08T08:07:52.381Z,buy,0.00013359,1.0,0.00013359
EVX/BTC,1528445272479,2018-06-08T08:07:52.479Z,buy,0.00013359,1.0,0.00013359
EVX/BTC,1528445281887,2018-06-08T08:08:01.887Z,sell,0.00013325,726.0,0.0967395
EVX/BTC,1528445281887,2018-06-08T08:08:01.887Z,sell,0.00013317,41.0,0.00545997
EVX/BTC,1528445281887,2018-06-08T08:08:01.887Z,sell,0.00013297,300.0,0.0398909999999999
EVX/BTC,1528445281887,2018-06-08T08:08:01.887Z,sell,0.00013279,20.0,0.0026558
EVX/BTC,1528445281887,2018-06-08T08:08:01.887Z,sell,0.00013273,24.0,0.00318552
EVX/BTC,1528445281887,2018-06-08T08:08:01.887Z,sell,0.00013263,70.0,0.0092841
EVX/BTC,1528445281887,2018-06-08T08:08:01.887Z,sell,0.00013262,39.0,0.0051721799999999
EVX/BTC,1528445281887,2018-06-08T08:08:01.887Z,sell,0.00013252,70.0,0.0092764
EVX/BTC,1528445281887,2018-06-08T08:08:01.887Z,sell,0.0001325,58.0,0.007685
EVX/BTC,1528445282158,2018-06-08T08:08:02.158Z,buy,0.00013252,409.0,0.05420068
EVX/BTC,1528445282632,2018-06-08T08:08:02.632Z,buy,0.00013297,114.0,0.01515858
EVX/BTC,1528445283072,2018-06-08T08:08:03.072Z,sell,0.00013297,32.0,0.00425504
EVX/BTC,1528445283332,2018-06-08T08:08:03.332Z,sell,0.00013297,38.0,0.00505286
EVX/BTC,1528445285039,2018-06-08T08:08:05.039Z,sell,0.00013297,36.0,0.00478692
EVX/BTC,1528445285746,2018-06-08T08:08:05.746Z,sell,0.00013297,32.0,0.00425504
EVX/BTC,1528445286325,2018-06-08T08:08:06.325Z,buy,0.000133,11.0,0.001463
EVX/BTC,1528445289081,2018-06-08T08:08:09.081Z,buy,0.000133,365.0,0.048545
EVX/BTC,1528445289081,2018-06-08T08:08:09.081Z,buy,0.00013328,39.0,0.00519792
EVX/BTC,1528445289081,2018-06-08T08:08:09.081Z,buy,0.00013359,166.0,0.02217594
EVX/BTC,1528445289081,2018-06-08T08:08:09.081Z,buy,0.00013364,57.0,0.00761748
EVX/BTC,1528445289081,2018-06-08T08:08:09.081Z,buy,0.00013379,70.0,0.0093653
EVX/BTC,1528445289081,2018-06-08T08:08:09.081Z,buy,0.0001338,101.0,0.0135138
EVX/BTC,1528445289081,2018-06-08T08:08:09.081Z,buy,0.00013382,33.0,0.0044160599999999
EVX/BTC,1528445289081,2018-06-08T08:08:09.081Z,buy,0.00013383,70.0,0.0093681
EVX/BTC,1528445289081,2018-06-08T08:08:09.081Z,buy,0.00013388,225.0,0.030123
EVX/BTC,1528445294989,2018-06-08T08:08:14.989Z,buy,0.00013373,8.0,0.00106984
EVX/BTC,1528445297370,2018-06-08T08:08:17.370Z,buy,0.00013371,1.0,0.00013371
EVX/BTC,1528445297619,2018-06-08T08:08:17.619Z,buy,0.00013371,1.0,0.00013371
EVX/BTC,1528445297629,2018-06-08T08:08:17.629Z,buy,0.00013371,1.0,0.00013371
EVX/BTC,1528445299268,2018-06-08T08:08:19.268Z,buy,0.00013371,1.0,0.00013371
EVX/BTC,1528445299538,2018-06-08T08:08:19.538Z,buy,0.00013371,1.0,0.00013371
EVX/BTC,1528445299609,2018-06-08T08:08:19.609Z,buy,0.00013371,1.0,0.00013371
EVX/BTC,1528445299613,2018-06-08T08:08:19.613Z,buy,0.00013371,1.0,0.00013371
EVX/BTC,1528445299661,2018-06-08T08:08:19.661Z,buy,0.00013371,1.0,0.00013371
EVX/BTC,1528445299852,2018-06-08T08:08:19.852Z,buy,0.00013371,1.0,0.00013371
EVX/BTC,1528445300180,2018-06-08T08:08:20.180Z,buy,0.00013371,1.0,0.00013371
EVX/BTC,1528445300214,2018-06-08T08:08:20.214Z,buy,0.00013371,1.0,0.00013371
EVX/BTC,1528445303766,2018-06-08T08:08:23.766Z,buy,0.00013371,24.0,0.00320904
EVX/BTC,1528445378520,2018-06-08T08:09:38.520Z,buy,0.00013365,1.0,0.00013365
EVX/BTC,1528445378733,2018-06-08T08:09:38.733Z,buy,0.00013365,1.0,0.00013365
EVX/BTC,1528445378761,2018-06-08T08:09:38.761Z,buy,0.00013365,1.0,0.00013365
EVX/BTC,1528445378761,2018-06-08T08:09:38.761Z,buy,0.00013365,1.0,0.00013365
EVX/BTC,1528445378792,2018-06-08T08:09:38.792Z,buy,0.00013365,1.0,0.00013365
EVX/BTC,1528445379238,2018-06-08T08:09:39.238Z,buy,0.00013365,1.0,0.00013365
EVX/BTC,1528445422924,2018-06-08T08:10:22.924Z,sell,0.00013287,35.0,0.0046504499999999
EVX/BTC,1528445422924,2018-06-08T08:10:22.924Z,sell,0.00013286,14.0,0.0018600399999999
EVX/BTC,1528445424570,2018-06-08T08:10:24.570Z,sell,0.00013286,67.0,0.00890162
EVX/BTC,1528445446125,2018-06-08T08:10:46.125Z,buy,0.00013355,1.0,0.00013355
EVX/BTC,1528445446712,2018-06-08T08:10:46.712Z,buy,0.00013357,1.0,0.00013357
EVX/BTC,1528445446932,2018-06-08T08:10:46.932Z,buy,0.00013357,6.0,0.00080142
EVX/BTC,1528445447708,2018-06-08T08:10:47.708Z,buy,0.00013356,1.0,0.00013356
EVX/BTC,1528445447847,2018-06-08T08:10:47.847Z,buy,0.00013356,1.0,0.00013356
EVX/BTC,1528445453817,2018-06-08T08:10:53.817Z,buy,0.00013353,31.0,0.00413943
EVX/BTC,1528445459919,2018-06-08T08:10:59.919Z,buy,0.00013352,70.0,0.0093464
EVX/BTC,1528445465884,2018-06-08T08:11:05.884Z,buy,0.00013355,723.0,0.09655665
EVX/BTC,1528445477886,2018-06-08T08:11:17.886Z,buy,0.00013355,1.0,0.00013355
EVX/BTC,1528445478210,2018-06-08T08:11:18.210Z,buy,0.00013358,1.0,0.00013358
EVX/BTC,1528445478212,2018-06-08T08:11:18.212Z,buy,0.00013358,1.0,0.00013358
EVX/BTC,1528445479285,2018-06-08T08:11:19.285Z,buy,0.00013358,1.0,0.00013358
EVX/BTC,1528445479894,2018-06-08T08:11:19.894Z,buy,0.00013358,1.0,0.00013358
EVX/BTC,1528445479897,2018-06-08T08:11:19.897Z,buy,0.00013358,2.0,0.00026716
EVX/BTC,1528445534355,2018-06-08T08:12:14.355Z,buy,0.0001337,1.0,0.0001337
EVX/BTC,1528445566759,2018-06-08T08:12:46.759Z,buy,0.0001337,12.0,0.0016044
EVX/BTC,1528445566759,2018-06-08T08:12:46.759Z,buy,0.00013371,16.0,0.00213936
EVX/BTC,1528445572897,2018-06-08T08:12:52.897Z,buy,0.00013372,28.0,0.00374416
EVX/BTC,1528445767286,2018-06-08T08:16:07.286Z,sell,0.00013349,3.0,0.00040047
EVX/BTC,1528445821826,2018-06-08T08:17:01.826Z,sell,0.00013349,150.0,0.0200235
EVX/BTC,1528445849837,2018-06-08T08:17:29.837Z,sell,0.00013349,73.0,0.00974477
EVX/BTC,1528445895303,2018-06-08T08:18:15.303Z,sell,0.00013349,13.0,0.00173537
EVX/BTC,1528445924533,2018-06-08T08:18:44.533Z,sell,0.00013353,65.0,0.00867945
EVX/BTC,1528445924967,2018-06-08T08:18:44.967Z,sell,0.00013353,3.0,0.00040059
EVX/BTC,1528445924967,2018-06-08T08:18:44.967Z,sell,0.00013347,26.0,0.00347022
EVX/BTC,1528445924967,2018-06-08T08:18:44.967Z,sell,0.00013329,35.0,0.00466515
EVX/BTC,1528445929685,2018-06-08T08:18:49.685Z,buy,0.00013385,29.0,0.00388165
EVX/BTC,1528445943695,2018-06-08T08:19:03.695Z,buy,0.00013384,68.0,0.00910112
EVX/BTC,1528445966320,2018-06-08T08:19:26.320Z,buy,0.00013385,389.0,0.05206765
EVX/BTC,1528445966332,2018-06-08T08:19:26.332Z,buy,0.00013385,272.0,0.0364072
EVX/BTC,1528445969478,2018-06-08T08:19:29.478Z,sell,0.00013385,13.0,0.00174005
EVX/BTC,1528445982748,2018-06-08T08:19:42.748Z,buy,0.00013384,37.0,0.00495208
EVX/BTC,1528445997550,2018-06-08T08:19:57.550Z,buy,0.00013388,17.0,0.00227596
EVX/BTC,1528446003027,2018-06-08T08:20:03.027Z,sell,0.00013352,375.0,0.05007
EVX/BTC,1528446003027,2018-06-08T08:20:03.027Z,sell,0.0001335,29.0,0.0038715
EVX/BTC,1528446003027,2018-06-08T08:20:03.027Z,sell,0.00013335,95.0,0.0126682499999999
EVX/BTC,1528446007616,2018-06-08T08:20:07.616Z,buy,0.00013391,29.0,0.00388339
EVX/BTC,1528446204168,2018-06-08T08:23:24.168Z,buy,0.00013392,155.0,0.0207575999999999
EVX/BTC,1528446204168,2018-06-08T08:23:24.168Z,buy,0.00013392,155.0,0.0207575999999999
EVX/BTC,1528446248636,2018-06-08T08:24:08.636Z,buy,0.00013393,4.0,0.00053572
EVX/BTC,1528446251402,2018-06-08T08:24:11.402Z,buy,0.00013484,13.0,0.00175292
EVX/BTC,1528446254162,2018-06-08T08:24:14.162Z,buy,0.0001347,23.0,0.0030981
EVX/BTC,1528446290233,2018-06-08T08:24:50.233Z,buy,0.00013387,17.0,0.0022757899999999
EVX/BTC,1528446432723,2018-06-08T08:27:12.723Z,buy,0.00013408,36.0,0.0048268799999999
EVX/BTC,1528446452245,2018-06-08T08:27:32.245Z,buy,0.00013408,34.0,0.00455872
EVX/BTC,1528446679714,2018-06-08T08:31:19.714Z,buy,0.00013439,36.0,0.00483804
EVX/BTC,1528446703127,2018-06-08T08:31:43.127Z,sell,0.00013362,29.0,0.00387498
EVX/BTC,1528446703164,2018-06-08T08:31:43.164Z,buy,0.00013362,310.0,0.0414222
EVX/BTC,1528447046136,2018-06-08T08:37:26.136Z,sell,0.00013393,68.0,0.0091072399999999
EVX/BTC,1528447683778,2018-06-08T08:48:03.778Z,buy,0.0001343,1.0,0.0001343
EVX/BTC,1528447684050,2018-06-08T08:48:04.050Z,buy,0.0001343,1.0,0.0001343
EVX/BTC,1528447780456,2018-06-08T08:49:40.456Z,buy,0.0001343,9.0,0.0012087
EVX/BTC,1528448141414,2018-06-08T08:55:41.414Z,buy,0.0001343,74.0,0.0099382
EVX/BTC,1528448985569,2018-06-08T09:09:45.569Z,sell,0.00013378,29.0,0.00387962
EVX/BTC,1528448985569,2018-06-08T09:09:45.569Z,sell,0.00013377,6.0,0.00080262
EVX/BTC,1528449207335,2018-06-08T09:13:27.335Z,sell,0.000134,60.0,0.00804
EVX/BTC,1528449611720,2018-06-08T09:20:11.720Z,sell,0.00013401,12.0,0.00160812
EVX/BTC,1528449611720,2018-06-08T09:20:11.720Z,sell,0.00013401,12.0,0.00160812
EVX/BTC,1528450629350,2018-06-08T09:37:09.350Z,sell,0.00013401,190.0,0.0254619
EVX/BTC,1528450629980,2018-06-08T09:37:09.980Z,sell,0.000134,419.0,0.056146
EVX/BTC,1528450631458,2018-06-08T09:37:11.458Z,buy,0.00013401,1.0,0.00013401
EVX/BTC,1528450632464,2018-06-08T09:37:12.464Z,buy,0.00013401,1.0,0.00013401
EVX/BTC,1528450657534,2018-06-08T09:37:37.534Z,sell,0.000134,32.0,0.004288
EVX/BTC,1528450786471,2018-06-08T09:39:46.471Z,sell,0.000134,186.0,0.024924
EVX/BTC,1528450786471,2018-06-08T09:39:46.471Z,sell,0.00013366,74.0,0.00989084
EVX/BTC,1528450786471,2018-06-08T09:39:46.471Z,sell,0.00013326,70.0,0.0093282
EVX/BTC,1528450786471,2018-06-08T09:39:46.471Z,sell,0.0001331,70.0,0.009317
EVX/BTC,1528450786471,2018-06-08T09:39:46.471Z,sell,0.00013309,100.0,0.0133089999999999
EVX/BTC,1528450786471,2018-06-08T09:39:46.471Z,sell,0.000133,1057.0,0.140581
EVX/BTC,1528450786471,2018-06-08T09:39:46.471Z,sell,0.00013292,244.0,0.03243248
EVX/BTC,1528450786471,2018-06-08T09:39:46.471Z,sell,0.00013279,125.0,0.01659875
EVX/BTC,1528450786471,2018-06-08T09:39:46.471Z,sell,0.00013275,8.0,0.001062
EVX/BTC,1528450786471,2018-06-08T09:39:46.471Z,sell,0.0001325,42.0,0.005565
EVX/BTC,1528450786471,2018-06-08T09:39:46.471Z,sell,0.00013248,328.0,0.04345344
EVX/BTC,1528450786471,2018-06-08T09:39:46.471Z,sell,0.0001324,841.0,0.1113484
EVX/BTC,1528450786471,2018-06-08T09:39:46.471Z,sell,0.00013228,37.0,0.00489436
EVX/BTC,1528450786471,2018-06-08T09:39:46.471Z,sell,0.00013216,10.0,0.0013216
EVX/BTC,1528450786471,2018-06-08T09:39:46.471Z,sell,0.00013201,1112.0,0.14679512
EVX/BTC,1528450786471,2018-06-08T09:39:46.471Z,sell,0.000132,217.0,0.028644
EVX/BTC,1528450786471,2018-06-08T09:39:46.471Z,sell,0.000132,66.0,0.008712
EVX/BTC,1528450787666,2018-06-08T09:39:47.666Z,buy,0.00013326,6.0,0.00079956
EVX/BTC,1528450787910,2018-06-08T09:39:47.910Z,buy,0.00013326,23.0,0.00306498
EVX/BTC,1528450791359,2018-06-08T09:39:51.359Z,buy,0.00013314,37.0,0.00492618
EVX/BTC,1528450815240,2018-06-08T09:40:15.240Z,buy,0.00013319,1.0,0.00013319
EVX/BTC,1528450815363,2018-06-08T09:40:15.363Z,buy,0.00013319,1.0,0.00013319
EVX/BTC,1528450815525,2018-06-08T09:40:15.525Z,buy,0.00013319,1.0,0.00013319
EVX/BTC,1528450815638,2018-06-08T09:40:15.638Z,buy,0.00013319,1.0,0.00013319
EVX/BTC,1528450815689,2018-06-08T09:40:15.689Z,buy,0.00013319,1.0,0.00013319
EVX/BTC,1528450815720,2018-06-08T09:40:15.720Z,buy,0.00013319,1.0,0.00013319
EVX/BTC,1528450816085,2018-06-08T09:40:16.085Z,buy,0.00013319,1.0,0.00013319
EVX/BTC,1528450816320,2018-06-08T09:40:16.320Z,buy,0.00013319,1.0,0.00013319
EVX/BTC,1528450816561,2018-06-08T09:40:16.561Z,buy,0.00013319,1.0,0.00013319
EVX/BTC,1528450816601,2018-06-08T09:40:16.601Z,buy,0.00013319,1.0,0.00013319
EVX/BTC,1528450816603,2018-06-08T09:40:16.603Z,buy,0.00013319,1.0,0.00013319
EVX/BTC,1528450816661,2018-06-08T09:40:16.661Z,buy,0.00013319,1.0,0.00013319
EVX/BTC,1528450817171,2018-06-08T09:40:17.171Z,buy,0.00013319,1.0,0.00013319
EVX/BTC,1528450817510,2018-06-08T09:40:17.510Z,buy,0.00013319,1.0,0.00013319
EVX/BTC,1528450817866,2018-06-08T09:40:17.866Z,buy,0.00013319,1.0,0.00013319
EVX/BTC,1528450817944,2018-06-08T09:40:17.944Z,buy,0.00013319,1.0,0.00013319
EVX/BTC,1528450817994,2018-06-08T09:40:17.994Z,buy,0.00013319,1.0,0.00013319
EVX/BTC,1528450818222,2018-06-08T09:40:18.222Z,buy,0.00013319,1.0,0.00013319
EVX/BTC,1528450818238,2018-06-08T09:40:18.238Z,buy,0.00013319,1.0,0.00013319
EVX/BTC,1528450818367,2018-06-08T09:40:18.367Z,buy,0.00013319,1.0,0.00013319
EVX/BTC,1528450818532,2018-06-08T09:40:18.532Z,buy,0.00013319,1.0,0.00013319
EVX/BTC,1528450818762,2018-06-08T09:40:18.762Z,buy,0.00013319,1.0,0.00013319
EVX/BTC,1528450818767,2018-06-08T09:40:18.767Z,buy,0.00013319,1.0,0.00013319
EVX/BTC,1528450818811,2018-06-08T09:40:18.811Z,buy,0.00013319,1.0,0.00013319
EVX/BTC,1528450818985,2018-06-08T09:40:18.985Z,buy,0.00013319,1.0,0.00013319
EVX/BTC,1528450818986,2018-06-08T09:40:18.986Z,buy,0.00013319,1.0,0.00013319
EVX/BTC,1528450819258,2018-06-08T09:40:19.258Z,buy,0.00013319,1.0,0.00013319
EVX/BTC,1528450819327,2018-06-08T09:40:19.327Z,buy,0.00013319,1.0,0.00013319
EVX/BTC,1528450819644,2018-06-08T09:40:19.644Z,buy,0.00013319,2.0,0.00026638
EVX/BTC,1528450819778,2018-06-08T09:40:19.778Z,buy,0.00013319,1.0,0.00013319
EVX/BTC,1528450819810,2018-06-08T09:40:19.810Z,buy,0.00013319,1.0,0.00013319
EVX/BTC,1528450819860,2018-06-08T09:40:19.860Z,buy,0.00013319,1.0,0.00013319
EVX/BTC,1528450820332,2018-06-08T09:40:20.332Z,buy,0.00013319,1.0,0.00013319
EVX/BTC,1528450820429,2018-06-08T09:40:20.429Z,buy,0.00013319,1.0,0.00013319
EVX/BTC,1528450820582,2018-06-08T09:40:20.582Z,buy,0.00013319,1.0,0.00013319
EVX/BTC,1528450820714,2018-06-08T09:40:20.714Z,buy,0.00013319,1.0,0.00013319
EVX/BTC,1528450820715,2018-06-08T09:40:20.715Z,buy,0.00013319,1.0,0.00013319
EVX/BTC,1528450820716,2018-06-08T09:40:20.716Z,buy,0.00013319,2.0,0.00026638
EVX/BTC,1528450820731,2018-06-08T09:40:20.731Z,buy,0.00013319,1.0,0.00013319
EVX/BTC,1528450820845,2018-06-08T09:40:20.845Z,buy,0.00013319,1.0,0.00013319
EVX/BTC,1528450820847,2018-06-08T09:40:20.847Z,buy,0.00013319,1.0,0.00013319
EVX/BTC,1528450821048,2018-06-08T09:40:21.048Z,buy,0.00013319,2.0,0.00026638
EVX/BTC,1528450821197,2018-06-08T09:40:21.197Z,buy,0.00013319,1.0,0.00013319
EVX/BTC,1528450821235,2018-06-08T09:40:21.235Z,buy,0.00013319,1.0,0.00013319
EVX/BTC,1528450821235,2018-06-08T09:40:21.235Z,buy,0.00013319,1.0,0.00013319
EVX/BTC,1528450821352,2018-06-08T09:40:21.352Z,buy,0.00013319,1.0,0.00013319
EVX/BTC,1528450853655,2018-06-08T09:40:53.655Z,sell,0.00013301,84.0,0.01117284
EVX/BTC,1528450854176,2018-06-08T09:40:54.176Z,buy,0.00013301,238.0,0.03165638
EVX/BTC,1528450855632,2018-06-08T09:40:55.632Z,buy,0.00013301,1.0,0.00013301
EVX/BTC,1528450855685,2018-06-08T09:40:55.685Z,buy,0.00013301,1.0,0.00013301
EVX/BTC,1528450856037,2018-06-08T09:40:56.037Z,buy,0.00013301,1.0,0.00013301
EVX/BTC,1528450856090,2018-06-08T09:40:56.090Z,buy,0.00013301,1.0,0.00013301
EVX/BTC,1528450856376,2018-06-08T09:40:56.376Z,buy,0.00013301,1.0,0.00013301
EVX/BTC,1528450856452,2018-06-08T09:40:56.452Z,buy,0.00013301,1.0,0.00013301
EVX/BTC,1528450856601,2018-06-08T09:40:56.601Z,buy,0.00013315,1.0,0.00013315
EVX/BTC,1528450857354,2018-06-08T09:40:57.354Z,buy,0.00013315,1.0,0.00013315
EVX/BTC,1528450857367,2018-06-08T09:40:57.367Z,buy,0.00013315,1.0,0.00013315
EVX/BTC,1528450857526,2018-06-08T09:40:57.526Z,buy,0.00013315,1.0,0.00013315
EVX/BTC,1528450857565,2018-06-08T09:40:57.565Z,buy,0.00013315,1.0,0.00013315
EVX/BTC,1528450857636,2018-06-08T09:40:57.636Z,buy,0.00013315,1.0,0.00013315
EVX/BTC,1528450857701,2018-06-08T09:40:57.701Z,buy,0.00013315,1.0,0.00013315
EVX/BTC,1528450857820,2018-06-08T09:40:57.820Z,buy,0.00013315,1.0,0.00013315
EVX/BTC,1528450857836,2018-06-08T09:40:57.836Z,buy,0.00013319,1.0,0.00013319
EVX/BTC,1528450857871,2018-06-08T09:40:57.871Z,buy,0.00013319,1.0,0.00013319
EVX/BTC,1528450857878,2018-06-08T09:40:57.878Z,buy,0.00013319,1.0,0.00013319
EVX/BTC,1528450857898,2018-06-08T09:40:57.898Z,buy,0.00013319,1.0,0.00013319
EVX/BTC,1528450858059,2018-06-08T09:40:58.059Z,buy,0.00013319,1.0,0.00013319
EVX/BTC,1528450858223,2018-06-08T09:40:58.223Z,buy,0.00013319,1.0,0.00013319
EVX/BTC,1528450858345,2018-06-08T09:40:58.345Z,buy,0.00013319,1.0,0.00013319
EVX/BTC,1528450858358,2018-06-08T09:40:58.358Z,buy,0.00013319,1.0,0.00013319
EVX/BTC,1528450858359,2018-06-08T09:40:58.359Z,buy,0.00013319,1.0,0.00013319
EVX/BTC,1528450858468,2018-06-08T09:40:58.468Z,buy,0.00013319,1.0,0.00013319
EVX/BTC,1528450858559,2018-06-08T09:40:58.559Z,buy,0.00013319,1.0,0.00013319
EVX/BTC,1528450858604,2018-06-08T09:40:58.604Z,buy,0.00013319,1.0,0.00013319
EVX/BTC,1528450858632,2018-06-08T09:40:58.632Z,buy,0.00013319,1.0,0.00013319
EVX/BTC,1528450859359,2018-06-08T09:40:59.359Z,buy,0.00013319,1.0,0.00013319
EVX/BTC,1528450859370,2018-06-08T09:40:59.370Z,buy,0.00013319,1.0,0.00013319
EVX/BTC,1528450859559,2018-06-08T09:40:59.559Z,buy,0.00013319,1.0,0.00013319
EVX/BTC,1528450859562,2018-06-08T09:40:59.562Z,buy,0.00013319,1.0,0.00013319
EVX/BTC,1528450859625,2018-06-08T09:40:59.625Z,buy,0.00013319,1.0,0.00013319
EVX/BTC,1528450859955,2018-06-08T09:40:59.955Z,buy,0.00013319,1.0,0.00013319
EVX/BTC,1528450859987,2018-06-08T09:40:59.987Z,buy,0.00013319,1.0,0.00013319
EVX/BTC,1528450859993,2018-06-08T09:40:59.993Z,buy,0.00013319,1.0,0.00013319
EVX/BTC,1528450860039,2018-06-08T09:41:00.039Z,buy,0.00013319,1.0,0.00013319
EVX/BTC,1528450860086,2018-06-08T09:41:00.086Z,buy,0.00013319,1.0,0.00013319
EVX/BTC,1528450860120,2018-06-08T09:41:00.120Z,buy,0.00013319,1.0,0.00013319
EVX/BTC,1528450860210,2018-06-08T09:41:00.210Z,buy,0.00013319,1.0,0.00013319
EVX/BTC,1528450860225,2018-06-08T09:41:00.225Z,buy,0.00013319,1.0,0.00013319
EVX/BTC,1528450860249,2018-06-08T09:41:00.249Z,buy,0.00013319,1.0,0.00013319
EVX/BTC,1528450860257,2018-06-08T09:41:00.257Z,buy,0.00013319,1.0,0.00013319
EVX/BTC,1528450860344,2018-06-08T09:41:00.344Z,buy,0.00013319,10.0,0.0013319
EVX/BTC,1528450860655,2018-06-08T09:41:00.655Z,buy,0.00013319,1.0,0.00013319
EVX/BTC,1528450860712,2018-06-08T09:41:00.712Z,buy,0.00013319,1.0,0.00013319
EVX/BTC,1528450860746,2018-06-08T09:41:00.746Z,buy,0.00013319,1.0,0.00013319
EVX/BTC,1528450860790,2018-06-08T09:41:00.790Z,buy,0.00013319,1.0,0.00013319
EVX/BTC,1528450860835,2018-06-08T09:41:00.835Z,buy,0.00013319,1.0,0.00013319
EVX/BTC,1528450860867,2018-06-08T09:41:00.867Z,buy,0.00013319,1.0,0.00013319
EVX/BTC,1528450861041,2018-06-08T09:41:01.041Z,buy,0.00013319,1.0,0.00013319
EVX/BTC,1528450861047,2018-06-08T09:41:01.047Z,buy,0.00013319,1.0,0.00013319
EVX/BTC,1528450861059,2018-06-08T09:41:01.059Z,buy,0.00013319,1.0,0.00013319
EVX/BTC,1528450861060,2018-06-08T09:41:01.060Z,buy,0.00013319,1.0,0.00013319
EVX/BTC,1528450861130,2018-06-08T09:41:01.130Z,buy,0.00013319,1.0,0.00013319
EVX/BTC,1528450861146,2018-06-08T09:41:01.146Z,buy,0.00013319,1.0,0.00013319
EVX/BTC,1528450861187,2018-06-08T09:41:01.187Z,buy,0.00013319,1.0,0.00013319
EVX/BTC,1528450861212,2018-06-08T09:41:01.212Z,buy,0.00013319,1.0,0.00013319
EVX/BTC,1528450862053,2018-06-08T09:41:02.053Z,buy,0.00013319,1.0,0.00013319
EVX/BTC,1528450862262,2018-06-08T09:41:02.262Z,buy,0.00013319,1.0,0.00013319
EVX/BTC,1528450862356,2018-06-08T09:41:02.356Z,buy,0.00013319,1.0,0.00013319
EVX/BTC,1528450862512,2018-06-08T09:41:02.512Z,buy,0.00013319,1.0,0.00013319
EVX/BTC,1528450862523,2018-06-08T09:41:02.523Z,buy,0.00013319,1.0,0.00013319
EVX/BTC,1528450862593,2018-06-08T09:41:02.593Z,buy,0.00013319,1.0,0.00013319
EVX/BTC,1528450862595,2018-06-08T09:41:02.595Z,buy,0.00013319,1.0,0.00013319
EVX/BTC,1528450862635,2018-06-08T09:41:02.635Z,buy,0.00013319,1.0,0.00013319
EVX/BTC,1528450862696,2018-06-08T09:41:02.696Z,buy,0.00013319,1.0,0.00013319
EVX/BTC,1528450862761,2018-06-08T09:41:02.761Z,buy,0.00013319,1.0,0.00013319
EVX/BTC,1528450862801,2018-06-08T09:41:02.801Z,buy,0.00013319,1.0,0.00013319
EVX/BTC,1528450862819,2018-06-08T09:41:02.819Z,buy,0.00013319,1.0,0.00013319
EVX/BTC,1528450862870,2018-06-08T09:41:02.870Z,buy,0.00013319,1.0,0.00013319
EVX/BTC,1528450862883,2018-06-08T09:41:02.883Z,buy,0.00013319,1.0,0.00013319
EVX/BTC,1528450862971,2018-06-08T09:41:02.971Z,buy,0.00013319,1.0,0.00013319
EVX/BTC,1528450862973,2018-06-08T09:41:02.973Z,buy,0.00013319,1.0,0.00013319
EVX/BTC,1528450862994,2018-06-08T09:41:02.994Z,buy,0.00013319,1.0,0.00013319
EVX/BTC,1528450863522,2018-06-08T09:41:03.522Z,buy,0.00013319,1.0,0.00013319
EVX/BTC,1528450863536,2018-06-08T09:41:03.536Z,buy,0.00013319,1.0,0.00013319
EVX/BTC,1528450863747,2018-06-08T09:41:03.747Z,buy,0.00013319,1.0,0.00013319
EVX/BTC,1528450863784,2018-06-08T09:41:03.784Z,buy,0.00013319,1.0,0.00013319
EVX/BTC,1528450863915,2018-06-08T09:41:03.915Z,buy,0.00013319,1.0,0.00013319
EVX/BTC,1528450864031,2018-06-08T09:41:04.031Z,buy,0.00013319,1.0,0.00013319
EVX/BTC,1528450864116,2018-06-08T09:41:04.116Z,buy,0.00013319,1.0,0.00013319
EVX/BTC,1528450864273,2018-06-08T09:41:04.273Z,buy,0.00013319,1.0,0.00013319
EVX/BTC,1528450864297,2018-06-08T09:41:04.297Z,buy,0.00013319,1.0,0.00013319
EVX/BTC,1528450864320,2018-06-08T09:41:04.320Z,buy,0.00013319,2.0,0.00026638
EVX/BTC,1528450864410,2018-06-08T09:41:04.410Z,buy,0.00013319,1.0,0.00013319
EVX/BTC,1528450864786,2018-06-08T09:41:04.786Z,buy,0.00013319,1.0,0.00013319
EVX/BTC,1528450864822,2018-06-08T09:41:04.822Z,buy,0.00013319,1.0,0.00013319
EVX/BTC,1528450864892,2018-06-08T09:41:04.892Z,buy,0.00013319,1.0,0.00013319
EVX/BTC,1528450864950,2018-06-08T09:41:04.950Z,buy,0.00013319,2.0,0.00026638
EVX/BTC,1528450865087,2018-06-08T09:41:05.087Z,buy,0.00013319,1.0,0.00013319
EVX/BTC,1528450865097,2018-06-08T09:41:05.097Z,buy,0.00013319,1.0,0.00013319
EVX/BTC,1528450866190,2018-06-08T09:41:06.190Z,buy,0.00013319,1.0,0.00013319
EVX/BTC,1528450867070,2018-06-08T09:41:07.070Z,buy,0.00013319,10.0,0.0013319
EVX/BTC,1528450895660,2018-06-08T09:41:35.660Z,buy,0.00013319,1.0,0.00013319
EVX/BTC,1528450895705,2018-06-08T09:41:35.705Z,buy,0.00013319,1.0,0.00013319
EVX/BTC,1528450895822,2018-06-08T09:41:35.822Z,buy,0.00013319,1.0,0.00013319
EVX/BTC,1528450896055,2018-06-08T09:41:36.055Z,buy,0.00013319,7.0,0.0009323299999999
EVX/BTC,1528450896223,2018-06-08T09:41:36.223Z,buy,0.00013319,1.0,0.00013319
EVX/BTC,1528450919721,2018-06-08T09:41:59.721Z,buy,0.00013319,2.0,0.00026638
EVX/BTC,1528450933062,2018-06-08T09:42:13.062Z,buy,0.00013319,1.0,0.00013319
EVX/BTC,1528450933144,2018-06-08T09:42:13.144Z,buy,0.00013319,1.0,0.00013319
EVX/BTC,1528450933426,2018-06-08T09:42:13.426Z,buy,0.00013319,1.0,0.00013319
EVX/BTC,1528450933695,2018-06-08T09:42:13.695Z,buy,0.00013319,1.0,0.00013319
EVX/BTC,1528450934281,2018-06-08T09:42:14.281Z,buy,0.00013319,1.0,0.00013319
EVX/BTC,1528450965094,2018-06-08T09:42:45.094Z,buy,0.00013319,41.0,0.0054607899999999
EVX/BTC,1528450972771,2018-06-08T09:42:52.771Z,buy,0.00013319,1.0,0.00013319
EVX/BTC,1528450972863,2018-06-08T09:42:52.863Z,buy,0.00013319,1.0,0.00013319
EVX/BTC,1528451002208,2018-06-08T09:43:22.208Z,buy,0.00013319,2.0,0.00026638
EVX/BTC,1528451204628,2018-06-08T09:46:44.628Z,sell,0.00013287,1.0,0.00013287
EVX/BTC,1528451206798,2018-06-08T09:46:46.798Z,sell,0.00013281,1.0,0.00013281
EVX/BTC,1528451209479,2018-06-08T09:46:49.479Z,buy,0.00013319,2.0,0.00026638
EVX/BTC,1528451215729,2018-06-08T09:46:55.729Z,buy,0.00013319,31.0,0.00412889
EVX/BTC,1528451268924,2018-06-08T09:47:48.924Z,buy,0.00013377,15.0,0.0020065499999999
EVX/BTC,1528451391870,2018-06-08T09:49:51.870Z,sell,0.00013302,1.0,0.00013302
EVX/BTC,1528451393239,2018-06-08T09:49:53.239Z,sell,0.00013303,1.0,0.00013303
EVX/BTC,1528451395265,2018-06-08T09:49:55.265Z,sell,0.00013303,1.0,0.00013303
EVX/BTC,1528451406467,2018-06-08T09:50:06.467Z,sell,0.00013305,21.0,0.00279405
EVX/BTC,1528451407172,2018-06-08T09:50:07.172Z,sell,0.00013305,8.0,0.0010644
EVX/BTC,1528451407172,2018-06-08T09:50:07.172Z,sell,0.00013303,9.0,0.0011972699999999
EVX/BTC,1528451409136,2018-06-08T09:50:09.136Z,sell,0.00013303,9.0,0.0011972699999999
EVX/BTC,1528451409136,2018-06-08T09:50:09.136Z,sell,0.00013284,16.0,0.00212544
EVX/BTC,1528451409136,2018-06-08T09:50:09.136Z,sell,0.00013283,18.0,0.00239094
EVX/BTC,1528451415413,2018-06-08T09:50:15.413Z,sell,0.00013287,6.0,0.00079722
EVX/BTC,1528451430666,2018-06-08T09:50:30.666Z,sell,0.00013296,8.0,0.00106368
EVX/BTC,1528451437404,2018-06-08T09:50:37.404Z,sell,0.00013285,8.0,0.0010628
EVX/BTC,1528451438926,2018-06-08T09:50:38.926Z,sell,0.00013285,45.0,0.00597825
EVX/BTC,1528451445844,2018-06-08T09:50:45.844Z,sell,0.00013284,48.0,0.00637632
EVX/BTC,1528451448889,2018-06-08T09:50:48.889Z,sell,0.00013284,7.0,0.00092988
EVX/BTC,1528451452805,2018-06-08T09:50:52.805Z,sell,0.00013284,9.0,0.00119556
EVX/BTC,1528451481385,2018-06-08T09:51:21.385Z,sell,0.00013284,97.0,0.01288548
EVX/BTC,1528451491801,2018-06-08T09:51:31.801Z,sell,0.00013288,8.0,0.00106304
EVX/BTC,1528451491801,2018-06-08T09:51:31.801Z,sell,0.00013284,2.0,0.00026568
EVX/BTC,1528451497105,2018-06-08T09:51:37.105Z,sell,0.00013284,14.0,0.00185976
EVX/BTC,1528451510624,2018-06-08T09:51:50.624Z,sell,0.00013284,6.0,0.00079704
EVX/BTC,1528451536152,2018-06-08T09:52:16.152Z,sell,0.00013284,3.0,0.00039852
EVX/BTC,1528451561343,2018-06-08T09:52:41.343Z,sell,0.00013284,29.0,0.00385236
EVX/BTC,1528451586152,2018-06-08T09:53:06.152Z,sell,0.00013284,129.0,0.01713636
EVX/BTC,1528451588741,2018-06-08T09:53:08.741Z,sell,0.00013285,34.0,0.0045169
EVX/BTC,1528451595808,2018-06-08T09:53:15.808Z,sell,0.00013285,6.0,0.0007971
EVX/BTC,1528451600850,2018-06-08T09:53:20.850Z,sell,0.00013285,11.0,0.00146135
EVX/BTC,1528451613843,2018-06-08T09:53:33.843Z,sell,0.00013285,21.0,0.00278985
EVX/BTC,1528451633543,2018-06-08T09:53:53.543Z,sell,0.00013285,289.0,0.03839365
EVX/BTC,1528451633543,2018-06-08T09:53:53.543Z,sell,0.00013283,23.0,0.00305509
EVX/BTC,1528451633543,2018-06-08T09:53:53.543Z,sell,0.00013281,8.0,0.00106248
EVX/BTC,1528451633543,2018-06-08T09:53:53.543Z,sell,0.00013252,73.0,0.00967396
EVX/BTC,1528451633543,2018-06-08T09:53:53.543Z,sell,0.00013235,245.0,0.0324257499999999
EVX/BTC,1528451633543,2018-06-08T09:53:53.543Z,sell,0.00013215,19.0,0.00251085
EVX/BTC,1528451633543,2018-06-08T09:53:53.543Z,sell,0.00013208,36.0,0.0047548799999999
EVX/BTC,1528451633543,2018-06-08T09:53:53.543Z,sell,0.00013204,39.0,0.0051495599999999
EVX/BTC,1528451633543,2018-06-08T09:53:53.543Z,sell,0.00013203,39.0,0.00514917
EVX/BTC,1528451633543,2018-06-08T09:53:53.543Z,sell,0.00013202,24.0,0.00316848
EVX/BTC,1528451633543,2018-06-08T09:53:53.543Z,sell,0.000132,64.0,0.008448
EVX/BTC,1528451634004,2018-06-08T09:53:54.004Z,sell,0.00013252,39.0,0.00516828
EVX/BTC,1528451634151,2018-06-08T09:53:54.151Z,buy,0.0001327,39.0,0.0051753
EVX/BTC,1528451634381,2018-06-08T09:53:54.381Z,buy,0.00013268,24.0,0.00318432
EVX/BTC,1528451635063,2018-06-08T09:53:55.063Z,buy,0.00013281,19.0,0.00252339
EVX/BTC,1528451635550,2018-06-08T09:53:55.550Z,sell,0.00013257,103.0,0.01365471
EVX/BTC,1528451635646,2018-06-08T09:53:55.646Z,buy,0.00013254,103.0,0.01365162
EVX/BTC,1528451635648,2018-06-08T09:53:55.648Z,buy,0.00013254,84.0,0.01113336
EVX/BTC,1528451635668,2018-06-08T09:53:55.668Z,buy,0.00013254,238.0,0.03154452
EVX/BTC,1528451635690,2018-06-08T09:53:55.690Z,buy,0.00013254,220.0,0.0291588
EVX/BTC,1528451635693,2018-06-08T09:53:55.693Z,buy,0.00013254,1.0,0.00013254
EVX/BTC,1528451636114,2018-06-08T09:53:56.114Z,sell,0.00013252,84.0,0.01113168
EVX/BTC,1528451638561,2018-06-08T09:53:58.561Z,sell,0.00013252,37.0,0.00490324
EVX/BTC,1528451638883,2018-06-08T09:53:58.883Z,sell,0.00013252,136.0,0.01802272
EVX/BTC,1528451638955,2018-06-08T09:53:58.955Z,sell,0.00013252,37.0,0.00490324
EVX/BTC,1528451640315,2018-06-08T09:54:00.315Z,sell,0.00013252,37.0,0.00490324
EVX/BTC,1528451646598,2018-06-08T09:54:06.598Z,buy,0.00013261,245.0,0.0324894499999999
EVX/BTC,1528451655219,2018-06-08T09:54:15.219Z,buy,0.00013293,8.0,0.00106344
EVX/BTC,1528451658942,2018-06-08T09:54:18.942Z,buy,0.00013292,1.0,0.00013292
EVX/BTC,1528451658984,2018-06-08T09:54:18.984Z,buy,0.00013292,1.0,0.00013292
EVX/BTC,1528451659292,2018-06-08T09:54:19.292Z,buy,0.00013292,1.0,0.00013292
EVX/BTC,1528451659540,2018-06-08T09:54:19.540Z,buy,0.00013292,1.0,0.00013292
EVX/BTC,1528451659618,2018-06-08T09:54:19.618Z,buy,0.00013292,1.0,0.00013292
EVX/BTC,1528451659627,2018-06-08T09:54:19.627Z,buy,0.00013292,1.0,0.00013292
EVX/BTC,1528451659873,2018-06-08T09:54:19.873Z,buy,0.00013292,1.0,0.00013292
EVX/BTC,1528451659913,2018-06-08T09:54:19.913Z,buy,0.00013292,1.0,0.00013292
EVX/BTC,1528451660019,2018-06-08T09:54:20.019Z,buy,0.00013291,1.0,0.00013291
EVX/BTC,1528451660581,2018-06-08T09:54:20.581Z,buy,0.0001329,1.0,0.0001329
EVX/BTC,1528451660630,2018-06-08T09:54:20.630Z,buy,0.0001329,1.0,0.0001329
EVX/BTC,1528451660790,2018-06-08T09:54:20.790Z,buy,0.0001329,1.0,0.0001329
EVX/BTC,1528451661339,2018-06-08T09:54:21.339Z,buy,0.0001329,1.0,0.0001329
EVX/BTC,1528451661361,2018-06-08T09:54:21.361Z,buy,0.0001329,1.0,0.0001329
EVX/BTC,1528451661660,2018-06-08T09:54:21.660Z,buy,0.0001329,1.0,0.0001329
EVX/BTC,1528451661666,2018-06-08T09:54:21.666Z,buy,0.0001329,1.0,0.0001329
EVX/BTC,1528451661684,2018-06-08T09:54:21.684Z,buy,0.0001329,1.0,0.0001329
EVX/BTC,1528451661716,2018-06-08T09:54:21.716Z,buy,0.00013292,1.0,0.00013292
EVX/BTC,1528451661722,2018-06-08T09:54:21.722Z,buy,0.00013292,2.0,0.00026584
EVX/BTC,1528451661728,2018-06-08T09:54:21.728Z,buy,0.00013292,1.0,0.00013292
EVX/BTC,1528451661740,2018-06-08T09:54:21.740Z,buy,0.00013292,1.0,0.00013292
EVX/BTC,1528451661870,2018-06-08T09:54:21.870Z,buy,0.00013292,1.0,0.00013292
EVX/BTC,1528451661876,2018-06-08T09:54:21.876Z,buy,0.00013292,1.0,0.00013292
EVX/BTC,1528451661914,2018-06-08T09:54:21.914Z,buy,0.00013292,1.0,0.00013292
EVX/BTC,1528451661930,2018-06-08T09:54:21.930Z,buy,0.00013292,1.0,0.00013292
EVX/BTC,1528451661946,2018-06-08T09:54:21.946Z,buy,0.00013292,1.0,0.00013292
EVX/BTC,1528451662093,2018-06-08T09:54:22.093Z,buy,0.00013292,7.0,0.0009304399999999
EVX/BTC,1528451662456,2018-06-08T09:54:22.456Z,buy,0.00013292,1.0,0.00013292
EVX/BTC,1528451663075,2018-06-08T09:54:23.075Z,buy,0.00013292,1.0,0.00013292
EVX/BTC,1528451663203,2018-06-08T09:54:23.203Z,buy,0.00013292,1.0,0.00013292
EVX/BTC,1528451663432,2018-06-08T09:54:23.432Z,buy,0.00013292,1.0,0.00013292
EVX/BTC,1528451663600,2018-06-08T09:54:23.600Z,buy,0.00013292,1.0,0.00013292
EVX/BTC,1528451663626,2018-06-08T09:54:23.626Z,buy,0.00013292,1.0,0.00013292
EVX/BTC,1528451664643,2018-06-08T09:54:24.643Z,buy,0.00013292,1.0,0.00013292
EVX/BTC,1528451664699,2018-06-08T09:54:24.699Z,buy,0.00013292,1.0,0.00013292
