symbol,timestamp,datetime,side,price,amount,btc_volume
EVX/BTC,1543424416407,2018-11-28T17:00:16.407Z,sell,6.416e-05,64.0,0.00410624
EVX/BTC,1543424434424,2018-11-28T17:00:34.424Z,sell,6.415e-05,88.0,0.0056452
EVX/BTC,1543424469168,2018-11-28T17:01:09.168Z,sell,6.415e-05,146.0,0.0093659
EVX/BTC,1543424487252,2018-11-28T17:01:27.252Z,sell,6.415e-05,146.0,0.0093659
EVX/BTC,1543424496923,2018-11-28T17:01:36.923Z,sell,6.415e-05,88.0,0.0056452
EVX/BTC,1543424515353,2018-11-28T17:01:55.353Z,sell,6.416e-05,98.0,0.0062876799999999
EVX/BTC,1543424517885,2018-11-28T17:01:57.885Z,sell,6.416e-05,44.0,0.0028230399999999
EVX/BTC,1543424543427,2018-11-28T17:02:23.427Z,sell,6.415e-05,77.0,0.00493955
EVX/BTC,1543424561197,2018-11-28T17:02:41.197Z,sell,6.415e-05,123.0,0.00789045
EVX/BTC,1543424575252,2018-11-28T17:02:55.252Z,sell,6.415e-05,16.0,0.0010264
EVX/BTC,1543424593335,2018-11-28T17:03:13.335Z,buy,6.438e-05,134.0,0.00862692
EVX/BTC,1543424611220,2018-11-28T17:03:31.220Z,buy,6.438e-05,56.0,0.00360528
EVX/BTC,1543424628930,2018-11-28T17:03:48.930Z,buy,6.438e-05,146.0,0.00939948
EVX/BTC,1543424638482,2018-11-28T17:03:58.482Z,buy,6.437e-05,127.0,0.00817499
EVX/BTC,1543424656586,2018-11-28T17:04:16.586Z,buy,6.438e-05,128.0,0.00824064
EVX/BTC,1543424674165,2018-11-28T17:04:34.165Z,buy,6.438e-05,141.0,0.00907758
EVX/BTC,1543424692097,2018-11-28T17:04:52.097Z,buy,6.438e-05,146.0,0.00939948
EVX/BTC,1543424710075,2018-11-28T17:05:10.075Z,buy,6.438e-05,47.0,0.00302586
EVX/BTC,1543424735578,2018-11-28T17:05:35.578Z,buy,6.438e-05,136.0,0.00875568
EVX/BTC,1543424767148,2018-11-28T17:06:07.148Z,buy,6.436e-05,52.0,0.00334672
EVX/BTC,1543424793372,2018-11-28T17:06:33.372Z,buy,6.436e-05,99.0,0.00637164
EVX/BTC,1543424811121,2018-11-28T17:06:51.121Z,buy,6.435e-05,127.0,0.00817245
EVX/BTC,1543424828694,2018-11-28T17:07:08.694Z,buy,6.438e-05,119.0,0.00766122
EVX/BTC,1543424875424,2018-11-28T17:07:55.424Z,sell,6.414e-05,18.0,0.00115452
EVX/BTC,1543424875466,2018-11-28T17:07:55.466Z,buy,6.414e-05,2.0,0.00012828
EVX/BTC,1543424883152,2018-11-28T17:08:03.152Z,buy,6.437e-05,111.0,0.00714507
EVX/BTC,1543424909566,2018-11-28T17:08:29.566Z,buy,6.438e-05,86.0,0.00553668
EVX/BTC,1543424952969,2018-11-28T17:09:12.969Z,buy,6.438e-05,85.0,0.0054723
EVX/BTC,1543424979713,2018-11-28T17:09:39.713Z,buy,6.438e-05,93.0,0.00598734
EVX/BTC,1543424997679,2018-11-28T17:09:57.679Z,buy,6.445e-05,123.0,0.00792735
EVX/BTC,1543425018603,2018-11-28T17:10:18.603Z,buy,6.437e-05,72.0,0.00463464
EVX/BTC,1543425037484,2018-11-28T17:10:37.484Z,buy,6.437e-05,66.0,0.0042484199999999
EVX/BTC,1543425055345,2018-11-28T17:10:55.345Z,buy,6.437e-05,144.0,0.00926928
EVX/BTC,1543425071982,2018-11-28T17:11:11.982Z,sell,6.416e-05,28.0,0.0017964799999999
EVX/BTC,1543425073022,2018-11-28T17:11:13.022Z,buy,6.437e-05,97.0,0.0062438899999999
EVX/BTC,1543425090536,2018-11-28T17:11:30.536Z,buy,6.437e-05,104.0,0.0066944799999999
EVX/BTC,1543425116898,2018-11-28T17:11:56.898Z,buy,6.437e-05,107.0,0.00688759
EVX/BTC,1543425135087,2018-11-28T17:12:15.087Z,buy,6.437e-05,59.0,0.00379783
EVX/BTC,1543425153208,2018-11-28T17:12:33.208Z,buy,6.437e-05,98.0,0.0063082599999999
EVX/BTC,1543425171034,2018-11-28T17:12:51.034Z,buy,6.437e-05,99.0,0.00637263
EVX/BTC,1543425205048,2018-11-28T17:13:25.048Z,buy,6.429e-05,60.0,0.0038573999999999
EVX/BTC,1543425218176,2018-11-28T17:13:38.176Z,sell,6.416e-05,563.0,0.03612208
EVX/BTC,1543425219828,2018-11-28T17:13:39.828Z,sell,6.416e-05,135.0,0.0086616
EVX/BTC,1543425220497,2018-11-28T17:13:40.497Z,sell,6.416e-05,704.0,0.0451686399999999
EVX/BTC,1543425220497,2018-11-28T17:13:40.497Z,sell,6.408e-05,146.0,0.00935568
EVX/BTC,1543425220497,2018-11-28T17:13:40.497Z,sell,6.402e-05,329.0,0.02106258
EVX/BTC,1543425220497,2018-11-28T17:13:40.497Z,sell,6.4e-05,156.0,0.009984
EVX/BTC,1543425220497,2018-11-28T17:13:40.497Z,sell,6.395e-05,37.0,0.00236615
EVX/BTC,1543425220497,2018-11-28T17:13:40.497Z,sell,6.387e-05,79.0,0.00504573
EVX/BTC,1543425220497,2018-11-28T17:13:40.497Z,sell,6.372e-05,376.0,0.02395872
EVX/BTC,1543425221941,2018-11-28T17:13:41.941Z,sell,6.374e-05,136.0,0.00866864
EVX/BTC,1543425229107,2018-11-28T17:13:49.107Z,buy,6.429e-05,71.0,0.0045645899999999
EVX/BTC,1543425231194,2018-11-28T17:13:51.194Z,sell,6.401e-05,147.0,0.00940947
EVX/BTC,1543425231194,2018-11-28T17:13:51.194Z,sell,6.391e-05,54.0,0.00345114
EVX/BTC,1543425248504,2018-11-28T17:14:08.504Z,sell,6.4e-05,61.0,0.003904
EVX/BTC,1543425266479,2018-11-28T17:14:26.479Z,sell,6.401e-05,116.0,0.00742516
EVX/BTC,1543425284104,2018-11-28T17:14:44.104Z,sell,6.393e-05,129.0,0.00824697
EVX/BTC,1543425305466,2018-11-28T17:15:05.466Z,sell,6.395e-05,89.0,0.0056915499999999
EVX/BTC,1543425323377,2018-11-28T17:15:23.377Z,sell,6.395e-05,62.0,0.0039648999999999
EVX/BTC,1543425341099,2018-11-28T17:15:41.099Z,sell,6.392e-05,108.0,0.00690336
EVX/BTC,1543425341526,2018-11-28T17:15:41.526Z,sell,6.392e-05,40.0,0.0025567999999999
EVX/BTC,1543425342063,2018-11-28T17:15:42.063Z,buy,6.392e-05,51.0,0.00325992
EVX/BTC,1543425364484,2018-11-28T17:16:04.484Z,sell,6.407e-05,142.0,0.00909794
EVX/BTC,1543425390512,2018-11-28T17:16:30.512Z,sell,6.407e-05,123.0,0.00788061
EVX/BTC,1543425409205,2018-11-28T17:16:49.205Z,sell,6.407e-05,148.0,0.00948236
EVX/BTC,1543425418470,2018-11-28T17:16:58.470Z,sell,6.408e-05,140.0,0.0089711999999999
EVX/BTC,1543425436594,2018-11-28T17:17:16.594Z,sell,6.407e-05,58.0,0.00371606
EVX/BTC,1543425454277,2018-11-28T17:17:34.277Z,sell,6.407e-05,65.0,0.00416455
EVX/BTC,1543425472526,2018-11-28T17:17:52.526Z,sell,6.407e-05,95.0,0.00608665
EVX/BTC,1543425490519,2018-11-28T17:18:10.519Z,sell,6.407e-05,62.0,0.00397234
EVX/BTC,1543425508552,2018-11-28T17:18:28.552Z,sell,6.407e-05,108.0,0.00691956
EVX/BTC,1543425569921,2018-11-28T17:19:29.921Z,sell,6.407e-05,19.0,0.00121733
EVX/BTC,1543425655373,2018-11-28T17:20:55.373Z,buy,6.423e-05,89.0,0.00571647
EVX/BTC,1543425673146,2018-11-28T17:21:13.146Z,buy,6.422e-05,99.0,0.00635778
EVX/BTC,1543425699830,2018-11-28T17:21:39.830Z,buy,6.423e-05,114.0,0.00732222
EVX/BTC,1543425717610,2018-11-28T17:21:57.610Z,buy,6.423e-05,142.0,0.00912066
EVX/BTC,1543425735410,2018-11-28T17:22:15.410Z,buy,6.422e-05,121.0,0.00777062
EVX/BTC,1543425761506,2018-11-28T17:22:41.506Z,buy,6.423e-05,48.0,0.00308304
EVX/BTC,1543425779104,2018-11-28T17:22:59.104Z,buy,6.422e-05,110.0,0.0070642
EVX/BTC,1543425797374,2018-11-28T17:23:17.374Z,buy,6.421e-05,95.0,0.00609995
EVX/BTC,1543425815142,2018-11-28T17:23:35.142Z,buy,6.423e-05,92.0,0.00590916
EVX/BTC,1543425832663,2018-11-28T17:23:52.663Z,buy,6.423e-05,142.0,0.00912066
EVX/BTC,1543425858847,2018-11-28T17:24:18.847Z,buy,6.423e-05,102.0,0.00655146
EVX/BTC,1543425864729,2018-11-28T17:24:24.729Z,sell,6.406e-05,90.0,0.0057654
EVX/BTC,1543425876591,2018-11-28T17:24:36.591Z,buy,6.423e-05,48.0,0.00308304
EVX/BTC,1543425894258,2018-11-28T17:24:54.258Z,buy,6.423e-05,94.0,0.00603762
EVX/BTC,1543425912346,2018-11-28T17:25:12.346Z,buy,6.423e-05,52.0,0.00333996
EVX/BTC,1543425930811,2018-11-28T17:25:30.811Z,buy,6.422e-05,91.0,0.00584402
EVX/BTC,1543425965554,2018-11-28T17:26:05.554Z,buy,6.422e-05,84.0,0.00539448
EVX/BTC,1543425999868,2018-11-28T17:26:39.868Z,buy,6.423e-05,133.0,0.00854259
EVX/BTC,1543426017861,2018-11-28T17:26:57.861Z,buy,6.423e-05,51.0,0.00327573
EVX/BTC,1543426035830,2018-11-28T17:27:15.830Z,buy,6.422e-05,64.0,0.00411008
EVX/BTC,1543426053306,2018-11-28T17:27:33.306Z,buy,6.423e-05,104.0,0.00667992
EVX/BTC,1543426071710,2018-11-28T17:27:51.710Z,buy,6.423e-05,147.0,0.00944181
EVX/BTC,1543426080939,2018-11-28T17:28:00.939Z,buy,6.422e-05,57.0,0.00366054
EVX/BTC,1543426089808,2018-11-28T17:28:09.808Z,sell,6.406e-05,207.0,0.01326042
EVX/BTC,1543426089808,2018-11-28T17:28:09.808Z,sell,6.4e-05,148.0,0.009472
EVX/BTC,1543426100616,2018-11-28T17:28:20.616Z,sell,6.392e-05,56.0,0.00357952
EVX/BTC,1543426119051,2018-11-28T17:28:39.051Z,sell,6.373e-05,74.0,0.00471602
EVX/BTC,1543426138124,2018-11-28T17:28:58.124Z,sell,6.374e-05,73.0,0.00465302
EVX/BTC,1543426164402,2018-11-28T17:29:24.402Z,sell,6.376e-05,137.0,0.00873512
EVX/BTC,1543426197103,2018-11-28T17:29:57.103Z,sell,6.374e-05,149.0,0.0094972599999999
EVX/BTC,1543426206531,2018-11-28T17:30:06.531Z,sell,6.374e-05,115.0,0.0073301
EVX/BTC,1543426225486,2018-11-28T17:30:25.486Z,sell,6.374e-05,111.0,0.00707514
EVX/BTC,1543426249080,2018-11-28T17:30:49.080Z,sell,6.38e-05,57.0,0.0036366
EVX/BTC,1543426266905,2018-11-28T17:31:06.905Z,sell,6.381e-05,118.0,0.00752958
EVX/BTC,1543426329928,2018-11-28T17:32:09.928Z,sell,6.382e-05,127.0,0.00810514
EVX/BTC,1543426428883,2018-11-28T17:33:48.883Z,sell,6.383e-05,140.0,0.0089362
EVX/BTC,1543426455083,2018-11-28T17:34:15.083Z,sell,6.374e-05,100.0,0.0063739999999999
EVX/BTC,1543426503754,2018-11-28T17:35:03.754Z,buy,6.4e-05,31.0,0.001984
EVX/BTC,1543426528972,2018-11-28T17:35:28.972Z,sell,6.381e-05,148.0,0.00944388
EVX/BTC,1543426605547,2018-11-28T17:36:45.547Z,sell,6.387e-05,80.0,0.0051096
EVX/BTC,1543426624025,2018-11-28T17:37:04.025Z,sell,6.384e-05,114.0,0.0072777599999999
EVX/BTC,1543426644801,2018-11-28T17:37:24.801Z,sell,6.388e-05,113.0,0.00721844
EVX/BTC,1543426761441,2018-11-28T17:39:21.441Z,sell,6.392e-05,84.0,0.00536928
EVX/BTC,1543426762379,2018-11-28T17:39:22.379Z,buy,6.4e-05,368.0,0.023552
EVX/BTC,1543426801297,2018-11-28T17:40:01.297Z,sell,6.394e-05,126.0,0.00805644
EVX/BTC,1543426883575,2018-11-28T17:41:23.575Z,buy,6.409e-05,157.0,0.01006213
EVX/BTC,1543427005310,2018-11-28T17:43:25.310Z,buy,6.409e-05,156.0,0.00999804
EVX/BTC,1543427016393,2018-11-28T17:43:36.393Z,buy,6.429e-05,104.0,0.00668616
EVX/BTC,1543427043474,2018-11-28T17:44:03.474Z,buy,6.444e-05,67.0,0.00431748
EVX/BTC,1543427077917,2018-11-28T17:44:37.917Z,buy,6.444e-05,114.0,0.00734616
EVX/BTC,1543427095799,2018-11-28T17:44:55.799Z,buy,6.444e-05,144.0,0.00927936
EVX/BTC,1543427148001,2018-11-28T17:45:48.001Z,buy,6.443e-05,51.0,0.00328593
EVX/BTC,1543427173555,2018-11-28T17:46:13.555Z,buy,6.444e-05,67.0,0.00431748
EVX/BTC,1543427197429,2018-11-28T17:46:37.429Z,buy,6.444e-05,147.0,0.00947268
EVX/BTC,1543427198416,2018-11-28T17:46:38.416Z,buy,6.445e-05,31.0,0.0019979499999999
EVX/BTC,1543427200418,2018-11-28T17:46:40.418Z,buy,6.445e-05,2998.0,0.1932210999999999
EVX/BTC,1543427203415,2018-11-28T17:46:43.415Z,buy,6.446e-05,85.0,0.0054791
EVX/BTC,1543427204408,2018-11-28T17:46:44.408Z,buy,6.451e-05,147.0,0.00948297
EVX/BTC,1543427205417,2018-11-28T17:46:45.417Z,buy,6.462e-05,79.0,0.00510498
EVX/BTC,1543427207430,2018-11-28T17:46:47.430Z,buy,6.455e-05,978.0,0.0631299
EVX/BTC,1543427211414,2018-11-28T17:46:51.414Z,buy,6.455e-05,46.0,0.0029693
EVX/BTC,1543427256415,2018-11-28T17:47:36.415Z,buy,6.455e-05,1611.0,0.10399005
EVX/BTC,1543427258424,2018-11-28T17:47:38.424Z,buy,6.455e-05,17.0,0.00109735
EVX/BTC,1543427262418,2018-11-28T17:47:42.418Z,buy,6.455e-05,92.0,0.0059386
EVX/BTC,1543427267418,2018-11-28T17:47:47.418Z,buy,6.458e-05,146.0,0.00942868
EVX/BTC,1543427269411,2018-11-28T17:47:49.411Z,buy,6.457e-05,183.0,0.01181631
EVX/BTC,1543427271413,2018-11-28T17:47:51.413Z,buy,6.457e-05,111.0,0.00716727
EVX/BTC,1543427275411,2018-11-28T17:47:55.411Z,buy,6.463e-05,32.0,0.00206816
EVX/BTC,1543427276419,2018-11-28T17:47:56.419Z,buy,6.457e-05,72.0,0.00464904
EVX/BTC,1543427278417,2018-11-28T17:47:58.417Z,buy,6.457e-05,75.0,0.00484275
EVX/BTC,1543427280414,2018-11-28T17:48:00.414Z,buy,6.463e-05,32.0,0.00206816
EVX/BTC,1543427336461,2018-11-28T17:48:56.461Z,buy,6.463e-05,247.0,0.01596361
EVX/BTC,1543427342800,2018-11-28T17:49:02.800Z,buy,6.469e-05,101.0,0.00653369
EVX/BTC,1543427356441,2018-11-28T17:49:16.441Z,sell,6.472e-05,23.0,0.00148856
EVX/BTC,1543427369667,2018-11-28T17:49:29.667Z,buy,6.501e-05,120.0,0.0078012
EVX/BTC,1543427370423,2018-11-28T17:49:30.423Z,sell,6.466e-05,278.0,0.01797548
EVX/BTC,1543427371429,2018-11-28T17:49:31.429Z,sell,6.465e-05,264.0,0.0170676
EVX/BTC,1543427374815,2018-11-28T17:49:34.815Z,buy,6.475e-05,906.0,0.0586635
EVX/BTC,1543427375429,2018-11-28T17:49:35.429Z,sell,6.473e-05,1544.0,0.09994312
EVX/BTC,1543427376433,2018-11-28T17:49:36.433Z,sell,6.473e-05,874.0,0.0565740199999999
EVX/BTC,1543427378517,2018-11-28T17:49:38.517Z,sell,6.451e-05,146.0,0.00941846
EVX/BTC,1543427379933,2018-11-28T17:49:39.933Z,buy,6.475e-05,1829.0,0.11842775
EVX/BTC,1543427379933,2018-11-28T17:49:39.933Z,buy,6.488e-05,326.0,0.02115088
EVX/BTC,1543427379933,2018-11-28T17:49:39.933Z,buy,6.495e-05,2719.0,0.17659905
EVX/BTC,1543427379999,2018-11-28T17:49:39.999Z,sell,6.495e-05,214.0,0.0138993
EVX/BTC,1543427380070,2018-11-28T17:49:40.070Z,sell,6.495e-05,268.0,0.0174066
EVX/BTC,1543427380158,2018-11-28T17:49:40.158Z,sell,6.495e-05,45.0,0.00292275
EVX/BTC,1543427381445,2018-11-28T17:49:41.445Z,sell,6.496e-05,307.0,0.01994272
EVX/BTC,1543427381445,2018-11-28T17:49:41.445Z,sell,6.495e-05,193.0,0.01253535
EVX/BTC,1543427384046,2018-11-28T17:49:44.046Z,buy,6.508e-05,144.0,0.00937152
EVX/BTC,1543427384046,2018-11-28T17:49:44.046Z,buy,6.526e-05,159.0,0.01037634
EVX/BTC,1543427385166,2018-11-28T17:49:45.166Z,buy,6.526e-05,100.0,0.006526
EVX/BTC,1543427389343,2018-11-28T17:49:49.343Z,sell,6.513e-05,559.0,0.0364076699999999
EVX/BTC,1543427389447,2018-11-28T17:49:49.447Z,sell,6.513e-05,45.0,0.0029308499999999
EVX/BTC,1543427408433,2018-11-28T17:50:08.433Z,sell,6.52e-05,500.0,0.0326
EVX/BTC,1543427414554,2018-11-28T17:50:14.554Z,sell,6.501e-05,294.0,0.01911294
EVX/BTC,1543427414658,2018-11-28T17:50:14.658Z,sell,6.501e-05,61.0,0.00396561
EVX/BTC,1543427416387,2018-11-28T17:50:16.387Z,sell,6.494e-05,145.0,0.0094162999999999
EVX/BTC,1543427416387,2018-11-28T17:50:16.387Z,sell,6.486e-05,326.0,0.02114436
EVX/BTC,1543427416387,2018-11-28T17:50:16.387Z,sell,6.48e-05,61.0,0.0039528
EVX/BTC,1543427416387,2018-11-28T17:50:16.387Z,sell,6.459e-05,137.0,0.00884883
EVX/BTC,1543427416387,2018-11-28T17:50:16.387Z,sell,6.457e-05,150.0,0.0096855
EVX/BTC,1543427419957,2018-11-28T17:50:19.957Z,sell,6.475e-05,30.0,0.0019425
EVX/BTC,1543427444436,2018-11-28T17:50:44.436Z,sell,6.475e-05,185.0,0.01197875
EVX/BTC,1543427445869,2018-11-28T17:50:45.869Z,sell,6.457e-05,16.0,0.00103312
EVX/BTC,1543427489119,2018-11-28T17:51:29.119Z,sell,6.457e-05,464.0,0.02996048
EVX/BTC,1543427489119,2018-11-28T17:51:29.119Z,sell,6.454e-05,140.0,0.0090356
EVX/BTC,1543427494293,2018-11-28T17:51:34.293Z,buy,6.49e-05,241.0,0.0156409
EVX/BTC,1543427494346,2018-11-28T17:51:34.346Z,sell,6.49e-05,265.0,0.0171985
EVX/BTC,1543427633486,2018-11-28T17:53:53.486Z,sell,6.491e-05,16.0,0.00103856
EVX/BTC,1543427637498,2018-11-28T17:53:57.498Z,sell,6.491e-05,1971.0,0.12793761
EVX/BTC,1543427638447,2018-11-28T17:53:58.447Z,sell,6.49e-05,3397.0,0.2204653
EVX/BTC,1543427657850,2018-11-28T17:54:17.850Z,buy,6.491e-05,307.0,0.01992737
EVX/BTC,1543427657850,2018-11-28T17:54:17.850Z,buy,6.492e-05,9.0,0.00058428
EVX/BTC,1543427695242,2018-11-28T17:54:55.242Z,buy,6.491e-05,140.0,0.0090874
EVX/BTC,1543427713268,2018-11-28T17:55:13.268Z,buy,6.49e-05,78.0,0.0050622
EVX/BTC,1543427730830,2018-11-28T17:55:30.830Z,buy,6.489e-05,52.0,0.00337428
EVX/BTC,1543427734679,2018-11-28T17:55:34.679Z,sell,6.447e-05,340.0,0.0219198
EVX/BTC,1543427734679,2018-11-28T17:55:34.679Z,sell,6.444e-05,63.0,0.00405972
EVX/BTC,1543427796421,2018-11-28T17:56:36.421Z,sell,6.45e-05,147.0,0.0094814999999999
EVX/BTC,1543427796421,2018-11-28T17:56:36.421Z,sell,6.449e-05,116.0,0.00748084
EVX/BTC,1543427796421,2018-11-28T17:56:36.421Z,sell,6.445e-05,328.0,0.0211395999999999
EVX/BTC,1543427796509,2018-11-28T17:56:36.509Z,buy,6.444e-05,176.0,0.01134144
EVX/BTC,1543427807788,2018-11-28T17:56:47.788Z,sell,6.423e-05,200.0,0.012846
EVX/BTC,1543427807788,2018-11-28T17:56:47.788Z,sell,6.422e-05,294.0,0.01888068
EVX/BTC,1543427807788,2018-11-28T17:56:47.788Z,sell,6.418e-05,146.0,0.00937028
EVX/BTC,1543427807788,2018-11-28T17:56:47.788Z,sell,6.41e-05,233.0,0.0149353
EVX/BTC,1543427807788,2018-11-28T17:56:47.788Z,sell,6.409e-05,1655.0,0.10606895
EVX/BTC,1543427807804,2018-11-28T17:56:47.804Z,buy,6.409e-05,298.0,0.01909882
EVX/BTC,1543427807812,2018-11-28T17:56:47.812Z,buy,6.409e-05,265.0,0.01698385
EVX/BTC,1543427807814,2018-11-28T17:56:47.814Z,buy,6.409e-05,265.0,0.01698385
EVX/BTC,1543427807824,2018-11-28T17:56:47.824Z,buy,6.409e-05,265.0,0.01698385
EVX/BTC,1543427807824,2018-11-28T17:56:47.824Z,buy,6.409e-05,38.0,0.00243542
EVX/BTC,1543427807892,2018-11-28T17:56:47.892Z,buy,6.409e-05,174.0,0.01115166
EVX/BTC,1543427810904,2018-11-28T17:56:50.904Z,sell,6.392e-05,234.0,0.01495728
EVX/BTC,1543427810904,2018-11-28T17:56:50.904Z,sell,6.389e-05,31.0,0.00198059
EVX/BTC,1543427811172,2018-11-28T17:56:51.172Z,buy,6.403e-05,30.0,0.0019209
EVX/BTC,1543427811172,2018-11-28T17:56:51.172Z,buy,6.409e-05,70.0,0.0044863
EVX/BTC,1543427826712,2018-11-28T17:57:06.712Z,sell,6.387e-05,79.0,0.00504573
EVX/BTC,1543427826712,2018-11-28T17:57:06.712Z,sell,6.382e-05,150.0,0.009573
EVX/BTC,1543427826712,2018-11-28T17:57:06.712Z,sell,6.374e-05,279.0,0.0177834599999999
EVX/BTC,1543427826831,2018-11-28T17:57:06.831Z,buy,6.374e-05,37.0,0.0023583799999999
EVX/BTC,1543427826926,2018-11-28T17:57:06.926Z,buy,6.374e-05,330.0,0.0210342
EVX/BTC,1543427832785,2018-11-28T17:57:12.785Z,sell,6.371e-05,61.0,0.00388631
EVX/BTC,1543427835205,2018-11-28T17:57:15.205Z,buy,6.374e-05,204.0,0.01300296
EVX/BTC,1543427836649,2018-11-28T17:57:16.649Z,buy,6.374e-05,60.0,0.0038244
EVX/BTC,1543427841471,2018-11-28T17:57:21.471Z,buy,6.374e-05,1708.0,0.1088679199999999
EVX/BTC,1543427843136,2018-11-28T17:57:23.136Z,buy,6.389e-05,150.0,0.0095835
EVX/BTC,1543427843136,2018-11-28T17:57:23.136Z,buy,6.397e-05,145.0,0.00927565
EVX/BTC,1543427861240,2018-11-28T17:57:41.240Z,buy,6.397e-05,149.0,0.00953153
EVX/BTC,1543427871414,2018-11-28T17:57:51.414Z,sell,6.375e-05,102.0,0.0065025
EVX/BTC,1543427903434,2018-11-28T17:58:23.434Z,buy,6.401e-05,59.0,0.00377659
EVX/BTC,1543427921352,2018-11-28T17:58:41.352Z,buy,6.401e-05,132.0,0.00844932
EVX/BTC,1543427921352,2018-11-28T17:58:41.352Z,buy,6.401e-05,132.0,0.00844932
EVX/BTC,1543428011286,2018-11-28T18:00:11.286Z,buy,6.401e-05,558.0,0.03571758
EVX/BTC,1543428012484,2018-11-28T18:00:12.484Z,buy,6.405e-05,265.0,0.01697325
EVX/BTC,1543428014486,2018-11-28T18:00:14.486Z,buy,6.406e-05,264.0,0.01691184
EVX/BTC,1543428015485,2018-11-28T18:00:15.485Z,buy,6.405e-05,149.0,0.00954345
EVX/BTC,1543428018309,2018-11-28T18:00:18.309Z,buy,6.412e-05,20.0,0.0012824
EVX/BTC,1543428018491,2018-11-28T18:00:18.491Z,buy,6.412e-05,20.0,0.0012824
EVX/BTC,1543428020116,2018-11-28T18:00:20.116Z,buy,6.412e-05,54.0,0.00346248
EVX/BTC,1543428022335,2018-11-28T18:00:22.335Z,buy,6.412e-05,27.0,0.00173124
EVX/BTC,1543428022347,2018-11-28T18:00:22.347Z,buy,6.412e-05,20.0,0.0012824
EVX/BTC,1543428022492,2018-11-28T18:00:22.492Z,buy,6.412e-05,7.0,0.00044884
EVX/BTC,1543428025649,2018-11-28T18:00:25.649Z,sell,6.401e-05,63.0,0.00403263
EVX/BTC,1543428027141,2018-11-28T18:00:27.141Z,buy,6.419e-05,74.0,0.0047500599999999
EVX/BTC,1543428028583,2018-11-28T18:00:28.583Z,buy,6.419e-05,37.0,0.0023750299999999
EVX/BTC,1543428030146,2018-11-28T18:00:30.146Z,buy,6.419e-05,19.0,0.0012196099999999
EVX/BTC,1543428060382,2018-11-28T18:01:00.382Z,sell,6.405e-05,125.0,0.00800625
EVX/BTC,1543428192631,2018-11-28T18:03:12.631Z,buy,6.43e-05,99.0,0.0063657
EVX/BTC,1543428210086,2018-11-28T18:03:30.086Z,buy,6.43e-05,103.0,0.0066229
EVX/BTC,1543428233213,2018-11-28T18:03:53.213Z,buy,6.427e-05,49.0,0.00314923
EVX/BTC,1543428251182,2018-11-28T18:04:11.182Z,buy,6.428e-05,151.0,0.00970628
EVX/BTC,1543428254126,2018-11-28T18:04:14.126Z,buy,6.423e-05,30.0,0.0019269
EVX/BTC,1543428264684,2018-11-28T18:04:24.684Z,sell,6.406e-05,140.0,0.0089684
EVX/BTC,1543428291410,2018-11-28T18:04:51.410Z,sell,6.391e-05,146.0,0.00933086
EVX/BTC,1543428300382,2018-11-28T18:05:00.382Z,sell,6.391e-05,2.0,0.00012782
EVX/BTC,1543428300382,2018-11-28T18:05:00.382Z,sell,6.39e-05,153.0,0.0097767
EVX/BTC,1543428300382,2018-11-28T18:05:00.382Z,sell,6.372e-05,119.0,0.00758268
EVX/BTC,1543428347920,2018-11-28T18:05:47.920Z,sell,6.395e-05,50.0,0.0031975
EVX/BTC,1543428366040,2018-11-28T18:06:06.040Z,sell,6.396e-05,89.0,0.00569244
EVX/BTC,1543428393966,2018-11-28T18:06:33.966Z,sell,6.38e-05,90.0,0.005742
EVX/BTC,1543428476934,2018-11-28T18:07:56.934Z,sell,6.381e-05,82.0,0.00523242
EVX/BTC,1543428497647,2018-11-28T18:08:17.647Z,sell,6.383e-05,113.0,0.00721279
EVX/BTC,1543428523494,2018-11-28T18:08:43.494Z,sell,6.388e-05,148.0,0.00945424
EVX/BTC,1543428550222,2018-11-28T18:09:10.222Z,sell,6.389e-05,125.0,0.00798625
EVX/BTC,1543428579102,2018-11-28T18:09:39.102Z,sell,6.393e-05,92.0,0.00588156
EVX/BTC,1543428596246,2018-11-28T18:09:56.246Z,sell,6.393e-05,126.0,0.00805518
EVX/BTC,1543428631978,2018-11-28T18:10:31.978Z,sell,6.401e-05,81.0,0.00518481
EVX/BTC,1543428652037,2018-11-28T18:10:52.037Z,buy,6.416e-05,148.0,0.00949568
EVX/BTC,1543428662036,2018-11-28T18:11:02.036Z,sell,6.401e-05,138.0,0.00883338
EVX/BTC,1543428679469,2018-11-28T18:11:19.469Z,buy,6.422e-05,104.0,0.00667888
EVX/BTC,1543428703733,2018-11-28T18:11:43.733Z,sell,6.403e-05,148.0,0.00947644
EVX/BTC,1543428712228,2018-11-28T18:11:52.228Z,buy,6.422e-05,15.0,0.0009633
EVX/BTC,1543428712228,2018-11-28T18:11:52.228Z,buy,6.423e-05,147.0,0.00944181
EVX/BTC,1543428712228,2018-11-28T18:11:52.228Z,buy,6.424e-05,2402.0,0.15430448
EVX/BTC,1543428712272,2018-11-28T18:11:52.272Z,sell,6.424e-05,265.0,0.0170236
EVX/BTC,1543428714584,2018-11-28T18:11:54.584Z,buy,6.43e-05,146.0,0.0093878
EVX/BTC,1543428715590,2018-11-28T18:11:55.590Z,buy,6.431e-05,17.0,0.00109327
EVX/BTC,1543428716585,2018-11-28T18:11:56.585Z,buy,6.431e-05,17.0,0.00109327
EVX/BTC,1543428718584,2018-11-28T18:11:58.584Z,buy,6.431e-05,17.0,0.00109327
EVX/BTC,1543428722588,2018-11-28T18:12:02.588Z,buy,6.431e-05,17.0,0.00109327
EVX/BTC,1543428725582,2018-11-28T18:12:05.582Z,buy,6.431e-05,17.0,0.00109327
EVX/BTC,1543428730585,2018-11-28T18:12:10.585Z,buy,6.431e-05,17.0,0.00109327
EVX/BTC,1543428731610,2018-11-28T18:12:11.610Z,buy,6.431e-05,17.0,0.00109327
EVX/BTC,1543428732586,2018-11-28T18:12:12.586Z,buy,6.431e-05,17.0,0.00109327
EVX/BTC,1543428780601,2018-11-28T18:13:00.601Z,buy,6.431e-05,10.0,0.0006431
EVX/BTC,1543428780601,2018-11-28T18:13:00.601Z,buy,6.435e-05,140.0,0.009009
EVX/BTC,1543428787147,2018-11-28T18:13:07.147Z,buy,6.435e-05,6.0,0.0003861
EVX/BTC,1543428787147,2018-11-28T18:13:07.147Z,buy,6.437e-05,146.0,0.00939802
EVX/BTC,1543428787147,2018-11-28T18:13:07.147Z,buy,6.446e-05,103.0,0.00663938
EVX/BTC,1543428792824,2018-11-28T18:13:12.824Z,buy,6.446e-05,276.0,0.01779096
EVX/BTC,1543428792824,2018-11-28T18:13:12.824Z,buy,6.452e-05,49.0,0.00316148
EVX/BTC,1543428800493,2018-11-28T18:13:20.493Z,buy,6.452e-05,155.0,0.0100006
EVX/BTC,1543428801845,2018-11-28T18:13:21.845Z,buy,6.452e-05,29.0,0.00187108
EVX/BTC,1543428801845,2018-11-28T18:13:21.845Z,buy,6.458e-05,144.0,0.0092995199999999
EVX/BTC,1543428801845,2018-11-28T18:13:21.845Z,buy,6.462e-05,79.0,0.00510498
EVX/BTC,1543428801845,2018-11-28T18:13:21.845Z,buy,6.463e-05,337.0,0.0217803099999999
EVX/BTC,1543428801845,2018-11-28T18:13:21.845Z,buy,6.488e-05,161.0,0.01044568
EVX/BTC,1543428801845,2018-11-28T18:13:21.845Z,buy,6.492e-05,39.0,0.00253188
EVX/BTC,1543428801845,2018-11-28T18:13:21.845Z,buy,6.493e-05,137.0,0.00889541
EVX/BTC,1543428801845,2018-11-28T18:13:21.845Z,buy,6.495e-05,137.0,0.00889815
EVX/BTC,1543428801845,2018-11-28T18:13:21.845Z,buy,6.529e-05,179.0,0.01168691
EVX/BTC,1543428801845,2018-11-28T18:13:21.845Z,buy,6.532e-05,269.0,0.01757108
EVX/BTC,1543428801845,2018-11-28T18:13:21.845Z,buy,6.533e-05,594.0,0.03880602
EVX/BTC,1543428801845,2018-11-28T18:13:21.845Z,buy,6.536e-05,25.0,0.001634
EVX/BTC,1543428801845,2018-11-28T18:13:21.845Z,buy,6.538e-05,79.0,0.00516502
EVX/BTC,1543428801845,2018-11-28T18:13:21.845Z,buy,6.547e-05,430.0,0.0281521
EVX/BTC,1543428801845,2018-11-28T18:13:21.845Z,buy,6.55e-05,105.0,0.0068775
EVX/BTC,1543428801845,2018-11-28T18:13:21.845Z,buy,6.556e-05,1707.0,0.11191092
EVX/BTC,1543428801845,2018-11-28T18:13:21.845Z,buy,6.559e-05,607.0,0.03981313
EVX/BTC,1543428801845,2018-11-28T18:13:21.845Z,buy,6.56e-05,2165.0,0.1420239999999999
EVX/BTC,1543428801961,2018-11-28T18:13:21.961Z,sell,6.45e-05,105.0,0.0067725
EVX/BTC,1543428803286,2018-11-28T18:13:23.286Z,sell,6.471e-05,18.0,0.0011647799999999
EVX/BTC,1543428803286,2018-11-28T18:13:23.286Z,sell,6.458e-05,130.0,0.0083953999999999
EVX/BTC,1543428803419,2018-11-28T18:13:23.419Z,sell,6.472e-05,20.0,0.0012944
EVX/BTC,1543428803525,2018-11-28T18:13:23.525Z,sell,6.472e-05,20.0,0.0012944
EVX/BTC,1543428803635,2018-11-28T18:13:23.635Z,sell,6.472e-05,20.0,0.0012944
EVX/BTC,1543428803926,2018-11-28T18:13:23.926Z,sell,6.472e-05,20.0,0.0012944
EVX/BTC,1543428803980,2018-11-28T18:13:23.980Z,sell,6.472e-05,36.0,0.00232992
EVX/BTC,1543428803991,2018-11-28T18:13:23.991Z,sell,6.472e-05,63.0,0.00407736
EVX/BTC,1543428804296,2018-11-28T18:13:24.296Z,sell,6.472e-05,20.0,0.0012944
EVX/BTC,1543428804493,2018-11-28T18:13:24.493Z,sell,6.472e-05,20.0,0.0012944
EVX/BTC,1543428810002,2018-11-28T18:13:30.002Z,sell,6.474e-05,25.0,0.0016185
EVX/BTC,1543428833473,2018-11-28T18:13:53.473Z,buy,6.497e-05,18.0,0.00116946
EVX/BTC,1543428833473,2018-11-28T18:13:53.473Z,buy,6.512e-05,155.0,0.0100936
EVX/BTC,1543428833473,2018-11-28T18:13:53.473Z,buy,6.515e-05,325.0,0.0211737499999999
EVX/BTC,1543428833473,2018-11-28T18:13:53.473Z,buy,6.539e-05,105.0,0.0068659499999999
EVX/BTC,1543428833473,2018-11-28T18:13:53.473Z,buy,6.552e-05,47.0,0.0030794399999999
EVX/BTC,1543428834566,2018-11-28T18:13:54.566Z,sell,6.479e-05,50.0,0.0032394999999999
EVX/BTC,1543428969003,2018-11-28T18:16:09.003Z,sell,6.513e-05,245.0,0.0159568499999999
EVX/BTC,1543428969003,2018-11-28T18:16:09.003Z,sell,6.509e-05,62.0,0.00403558
EVX/BTC,1543428980216,2018-11-28T18:16:20.216Z,sell,6.513e-05,147.0,0.0095741099999999
EVX/BTC,1543428983833,2018-11-28T18:16:23.833Z,sell,6.504e-05,178.0,0.01157712
EVX/BTC,1543428983837,2018-11-28T18:16:23.837Z,sell,6.503e-05,326.0,0.02119978
EVX/BTC,1543428983839,2018-11-28T18:16:23.839Z,sell,6.479e-05,178.0,0.0115326199999999
EVX/BTC,1543428983863,2018-11-28T18:16:23.863Z,sell,6.479e-05,108.0,0.00699732
EVX/BTC,1543428983863,2018-11-28T18:16:23.863Z,sell,6.478e-05,214.0,0.01386292
EVX/BTC,1543428983863,2018-11-28T18:16:23.863Z,sell,6.477e-05,330.0,0.0213741
EVX/BTC,1543428983863,2018-11-28T18:16:23.863Z,sell,6.476e-05,237.0,0.01534812
EVX/BTC,1543428983863,2018-11-28T18:16:23.863Z,sell,6.474e-05,119.0,0.0077040599999999
EVX/BTC,1543428983863,2018-11-28T18:16:23.863Z,sell,6.473e-05,811.0,0.05249603
EVX/BTC,1543428983863,2018-11-28T18:16:23.863Z,sell,6.472e-05,305.0,0.0197396
EVX/BTC,1543428983863,2018-11-28T18:16:23.863Z,sell,6.471e-05,114.0,0.0073769399999999
EVX/BTC,1543428983863,2018-11-28T18:16:23.863Z,sell,6.47e-05,106.0,0.0068582
EVX/BTC,1543428983863,2018-11-28T18:16:23.863Z,sell,6.469e-05,220.0,0.0142318
EVX/BTC,1543428983905,2018-11-28T18:16:23.905Z,sell,6.467e-05,56.0,0.00362152
EVX/BTC,1543428983905,2018-11-28T18:16:23.905Z,sell,6.462e-05,104.0,0.00672048
EVX/BTC,1543428983905,2018-11-28T18:16:23.905Z,sell,6.46e-05,14.0,0.0009044
EVX/BTC,1543428983911,2018-11-28T18:16:23.911Z,sell,6.46e-05,32.0,0.0020672
EVX/BTC,1543428983911,2018-11-28T18:16:23.911Z,sell,6.459e-05,54.0,0.00348786
EVX/BTC,1543428983911,2018-11-28T18:16:23.911Z,sell,6.455e-05,92.0,0.0059386
EVX/BTC,1543428985627,2018-11-28T18:16:25.627Z,buy,6.457e-05,294.0,0.01898358
EVX/BTC,1543428985794,2018-11-28T18:16:25.794Z,sell,6.463e-05,147.0,0.00950061
EVX/BTC,1543428989354,2018-11-28T18:16:29.354Z,buy,6.479e-05,63.0,0.0040817699999999
EVX/BTC,1543428999613,2018-11-28T18:16:39.613Z,buy,6.451e-05,16.0,0.00103216
EVX/BTC,1543429000334,2018-11-28T18:16:40.334Z,sell,6.439e-05,69.0,0.00444291
EVX/BTC,1543429005081,2018-11-28T18:16:45.081Z,sell,6.439e-05,75.0,0.00482925
EVX/BTC,1543429005081,2018-11-28T18:16:45.081Z,sell,6.437e-05,31.0,0.00199547
EVX/BTC,1543429005081,2018-11-28T18:16:45.081Z,sell,6.427e-05,177.0,0.01137579
EVX/BTC,1543429005081,2018-11-28T18:16:45.081Z,sell,6.426e-05,26.0,0.0016707599999999
EVX/BTC,1543429015307,2018-11-28T18:16:55.307Z,sell,6.432e-05,91.0,0.00585312
EVX/BTC,1543429033903,2018-11-28T18:17:13.903Z,sell,6.43e-05,107.0,0.0068801
EVX/BTC,1543429050841,2018-11-28T18:17:30.841Z,buy,6.446e-05,144.0,0.00928224
EVX/BTC,1543429055918,2018-11-28T18:17:35.918Z,buy,6.451e-05,78.0,0.00503178
EVX/BTC,1543429061233,2018-11-28T18:17:41.233Z,sell,6.426e-05,78.0,0.00501228
EVX/BTC,1543429078953,2018-11-28T18:17:58.953Z,sell,6.427e-05,133.0,0.00854791
EVX/BTC,1543429086818,2018-11-28T18:18:06.818Z,buy,6.451e-05,26.0,0.00167726
EVX/BTC,1543429121240,2018-11-28T18:18:41.240Z,sell,6.425e-05,111.0,0.00713175
EVX/BTC,1543429147245,2018-11-28T18:19:07.245Z,sell,6.426e-05,136.0,0.00873936
EVX/BTC,1543429164664,2018-11-28T18:19:24.664Z,sell,6.427e-05,143.0,0.00919061
EVX/BTC,1543429170805,2018-11-28T18:19:30.805Z,buy,6.451e-05,23.0,0.00148373
EVX/BTC,1543429195328,2018-11-28T18:19:55.328Z,sell,6.428e-05,119.0,0.00764932
EVX/BTC,1543429218296,2018-11-28T18:20:18.296Z,buy,6.451e-05,69.0,0.00445119
EVX/BTC,1543429218296,2018-11-28T18:20:18.296Z,buy,6.452e-05,569.0,0.03671188
EVX/BTC,1543429227225,2018-11-28T18:20:27.225Z,buy,6.453e-05,94.0,0.0060658199999999
EVX/BTC,1543429274868,2018-11-28T18:21:14.868Z,buy,6.458e-05,26.0,0.00167908
EVX/BTC,1543429274868,2018-11-28T18:21:14.868Z,buy,6.459e-05,134.0,0.00865506
EVX/BTC,1543429433246,2018-11-28T18:23:53.246Z,buy,6.469e-05,31.0,0.00200539
EVX/BTC,1543429433246,2018-11-28T18:23:53.246Z,buy,6.472e-05,142.0,0.00919024
EVX/BTC,1543429443800,2018-11-28T18:24:03.800Z,sell,6.472e-05,54.0,0.00349488
EVX/BTC,1543429481383,2018-11-28T18:24:41.383Z,sell,6.472e-05,1328.0,0.08594816
EVX/BTC,1543429481469,2018-11-28T18:24:41.469Z,sell,6.472e-05,322.0,0.02083984
EVX/BTC,1543429481654,2018-11-28T18:24:41.654Z,sell,6.472e-05,496.0,0.03210112
EVX/BTC,1543429482648,2018-11-28T18:24:42.648Z,sell,6.472e-05,662.0,0.04284464
EVX/BTC,1543429484651,2018-11-28T18:24:44.651Z,sell,6.465e-05,142.0,0.0091803
EVX/BTC,1543429495078,2018-11-28T18:24:55.078Z,buy,6.475e-05,72.0,0.004662
EVX/BTC,1543429529311,2018-11-28T18:25:29.311Z,buy,6.475e-05,116.0,0.007511
EVX/BTC,1543429555525,2018-11-28T18:25:55.525Z,buy,6.475e-05,69.0,0.00446775
EVX/BTC,1543429581963,2018-11-28T18:26:21.963Z,buy,6.475e-05,122.0,0.0078995
EVX/BTC,1543429599574,2018-11-28T18:26:39.574Z,buy,6.475e-05,117.0,0.00757575
EVX/BTC,1543429633618,2018-11-28T18:27:13.618Z,buy,6.475e-05,99.0,0.00641025
EVX/BTC,1543429651479,2018-11-28T18:27:31.479Z,buy,6.475e-05,63.0,0.00407925
EVX/BTC,1543429668504,2018-11-28T18:27:48.504Z,buy,6.475e-05,56.0,0.003626
EVX/BTC,1543429685801,2018-11-28T18:28:05.801Z,buy,6.475e-05,129.0,0.00835275
EVX/BTC,1543429711273,2018-11-28T18:28:31.273Z,buy,6.475e-05,88.0,0.005698
EVX/BTC,1543429730753,2018-11-28T18:28:50.753Z,buy,6.475e-05,142.0,0.0091945
EVX/BTC,1543429730753,2018-11-28T18:28:50.753Z,buy,6.476e-05,46.0,0.0029789599999999
EVX/BTC,1543429730753,2018-11-28T18:28:50.753Z,buy,6.49e-05,958.0,0.0621742
EVX/BTC,1543429731679,2018-11-28T18:28:51.679Z,sell,6.49e-05,93.0,0.0060357
EVX/BTC,1543429757679,2018-11-28T18:29:17.679Z,sell,6.475e-05,16.0,0.001036
EVX/BTC,1543429794085,2018-11-28T18:29:54.085Z,buy,6.485e-05,113.0,0.00732805
EVX/BTC,1543429820201,2018-11-28T18:30:20.201Z,sell,6.455e-05,89.0,0.0057449499999999
EVX/BTC,1543429838875,2018-11-28T18:30:38.875Z,buy,6.49e-05,133.0,0.0086317
EVX/BTC,1543429889335,2018-11-28T18:31:29.335Z,buy,6.49e-05,141.0,0.0091509
EVX/BTC,1543429907680,2018-11-28T18:31:47.680Z,buy,6.487e-05,23.0,0.0014920099999999
EVX/BTC,1543429924846,2018-11-28T18:32:04.846Z,sell,6.465e-05,59.0,0.0038143499999999
EVX/BTC,1543429963226,2018-11-28T18:32:43.226Z,sell,6.463e-05,54.0,0.00349002
EVX/BTC,1543429969052,2018-11-28T18:32:49.052Z,sell,6.463e-05,88.0,0.0056874399999999
EVX/BTC,1543429969072,2018-11-28T18:32:49.072Z,buy,6.46e-05,208.0,0.0134367999999999
EVX/BTC,1543429973225,2018-11-28T18:32:53.225Z,buy,6.481e-05,26.0,0.00168506
EVX/BTC,1543429978903,2018-11-28T18:32:58.903Z,sell,6.453e-05,99.0,0.0063884699999999
EVX/BTC,1543430005092,2018-11-28T18:33:25.092Z,sell,6.454e-05,135.0,0.0087129
EVX/BTC,1543430020832,2018-11-28T18:33:40.832Z,sell,6.453e-05,143.0,0.00922779
EVX/BTC,1543430020832,2018-11-28T18:33:40.832Z,sell,6.452e-05,12.0,0.00077424
EVX/BTC,1543430030786,2018-11-28T18:33:50.786Z,sell,6.44e-05,70.0,0.004508
EVX/BTC,1543430033452,2018-11-28T18:33:53.452Z,buy,6.446e-05,700.0,0.045122
EVX/BTC,1543430048335,2018-11-28T18:34:08.335Z,buy,6.46e-05,143.0,0.0092378
EVX/BTC,1543430065998,2018-11-28T18:34:25.998Z,buy,6.473e-05,50.0,0.0032365
EVX/BTC,1543430081371,2018-11-28T18:34:41.371Z,buy,6.471e-05,141.0,0.00912411
EVX/BTC,1543430111069,2018-11-28T18:35:11.069Z,buy,6.467e-05,107.0,0.00691969
EVX/BTC,1543430136669,2018-11-28T18:35:36.669Z,buy,6.472e-05,68.0,0.00440096
EVX/BTC,1543430277788,2018-11-28T18:37:57.788Z,buy,6.471e-05,343.0,0.0221955299999999
EVX/BTC,1543430288447,2018-11-28T18:38:08.447Z,buy,6.478e-05,74.0,0.00479372
EVX/BTC,1543430402465,2018-11-28T18:40:02.465Z,sell,6.464e-05,141.0,0.00911424
EVX/BTC,1543430421353,2018-11-28T18:40:21.353Z,buy,6.49e-05,86.0,0.0055814
EVX/BTC,1543430447383,2018-11-28T18:40:47.383Z,buy,6.49e-05,47.0,0.0030503
EVX/BTC,1543430469928,2018-11-28T18:41:09.928Z,buy,6.487e-05,142.0,0.0092115399999999
EVX/BTC,1543430480305,2018-11-28T18:41:20.305Z,buy,6.485e-05,106.0,0.0068741
EVX/BTC,1543430538431,2018-11-28T18:42:18.431Z,buy,6.488e-05,72.0,0.00467136
EVX/BTC,1543430555871,2018-11-28T18:42:35.871Z,buy,6.487e-05,97.0,0.0062923899999999
EVX/BTC,1543430579603,2018-11-28T18:42:59.603Z,buy,6.484e-05,248.0,0.01608032
EVX/BTC,1543430579603,2018-11-28T18:42:59.603Z,buy,6.49e-05,1980.0,0.128502
EVX/BTC,1543430579752,2018-11-28T18:42:59.752Z,sell,6.49e-05,859.0,0.0557491
EVX/BTC,1543430592022,2018-11-28T18:43:12.022Z,sell,6.464e-05,95.0,0.0061408
EVX/BTC,1543430617870,2018-11-28T18:43:37.870Z,buy,6.489e-05,25.0,0.00162225
EVX/BTC,1543430618753,2018-11-28T18:43:38.753Z,sell,6.489e-05,19.0,0.00123291
EVX/BTC,1543430680858,2018-11-28T18:44:40.858Z,buy,6.491e-05,51.0,0.00331041
EVX/BTC,1543430683548,2018-11-28T18:44:43.548Z,buy,6.491e-05,70.0,0.0045437
EVX/BTC,1543430705866,2018-11-28T18:45:05.866Z,sell,6.473e-05,227.0,0.01469371
EVX/BTC,1543430705866,2018-11-28T18:45:05.866Z,sell,6.471e-05,142.0,0.0091888199999999
EVX/BTC,1543430705866,2018-11-28T18:45:05.866Z,sell,6.452e-05,106.0,0.00683912
EVX/BTC,1543430705866,2018-11-28T18:45:05.866Z,sell,6.45e-05,328.0,0.0211559999999999
EVX/BTC,1543430705866,2018-11-28T18:45:05.866Z,sell,6.446e-05,61.0,0.00393206
EVX/BTC,1543430705866,2018-11-28T18:45:05.866Z,sell,6.436e-05,26.0,0.00167336
EVX/BTC,1543430705866,2018-11-28T18:45:05.866Z,sell,6.43e-05,278.0,0.0178754
EVX/BTC,1543430705866,2018-11-28T18:45:05.866Z,sell,6.429e-05,453.0,0.02912337
EVX/BTC,1543430705866,2018-11-28T18:45:05.866Z,sell,6.428e-05,41.0,0.00263548
EVX/BTC,1543430705866,2018-11-28T18:45:05.866Z,sell,6.423e-05,155.0,0.00995565
EVX/BTC,1543430705866,2018-11-28T18:45:05.866Z,sell,6.418e-05,907.0,0.05821126
EVX/BTC,1543430705866,2018-11-28T18:45:05.866Z,sell,6.417e-05,137.0,0.00879129
EVX/BTC,1543430705866,2018-11-28T18:45:05.866Z,sell,6.416e-05,139.0,0.00891824
EVX/BTC,1543430717426,2018-11-28T18:45:17.426Z,buy,6.452e-05,117.0,0.00754884
EVX/BTC,1543430780206,2018-11-28T18:46:20.206Z,buy,6.451e-05,18.0,0.00116118
EVX/BTC,1543430782603,2018-11-28T18:46:22.603Z,buy,6.452e-05,193.0,0.0124523599999999
EVX/BTC,1543430800815,2018-11-28T18:46:40.815Z,buy,6.451e-05,32.0,0.00206432
EVX/BTC,1543430800917,2018-11-28T18:46:40.917Z,buy,6.451e-05,32.0,0.00206432
EVX/BTC,1543430801021,2018-11-28T18:46:41.021Z,buy,6.451e-05,32.0,0.00206432
EVX/BTC,1543430801127,2018-11-28T18:46:41.127Z,buy,6.451e-05,32.0,0.00206432
EVX/BTC,1543430834770,2018-11-28T18:47:14.770Z,buy,6.442e-05,32.0,0.00206144
EVX/BTC,1543430834890,2018-11-28T18:47:14.890Z,buy,6.442e-05,134.0,0.0086322799999999
EVX/BTC,1543430834890,2018-11-28T18:47:14.890Z,buy,6.46e-05,194.0,0.0125323999999999
EVX/BTC,1543430892577,2018-11-28T18:48:12.577Z,buy,6.471e-05,119.0,0.0077004899999999
EVX/BTC,1543431234450,2018-11-28T18:53:54.450Z,buy,6.478e-05,203.0,0.01315034
EVX/BTC,1543431243862,2018-11-28T18:54:03.862Z,buy,6.485e-05,140.0,0.009079
EVX/BTC,1543431244515,2018-11-28T18:54:04.515Z,buy,6.485e-05,1.0,6.485e-05
EVX/BTC,1543431244624,2018-11-28T18:54:04.624Z,sell,6.485e-05,48.0,0.0031128
EVX/BTC,1543431253981,2018-11-28T18:54:13.981Z,sell,6.456e-05,89.0,0.00574584
EVX/BTC,1543431271279,2018-11-28T18:54:31.279Z,buy,6.489e-05,123.0,0.00798147
EVX/BTC,1543431305202,2018-11-28T18:55:05.202Z,buy,6.489e-05,72.0,0.0046720799999999
EVX/BTC,1543431322947,2018-11-28T18:55:22.947Z,buy,6.489e-05,139.0,0.00901971
EVX/BTC,1543431340672,2018-11-28T18:55:40.672Z,buy,6.488e-05,141.0,0.00914808
EVX/BTC,1543431350537,2018-11-28T18:55:50.537Z,buy,6.489e-05,98.0,0.00635922
EVX/BTC,1543431357718,2018-11-28T18:55:57.718Z,sell,6.461e-05,26.0,0.00167986
EVX/BTC,1543431377183,2018-11-28T18:56:17.183Z,buy,6.47e-05,73.0,0.0047231
EVX/BTC,1543431483465,2018-11-28T18:58:03.465Z,buy,6.471e-05,18.0,0.0011647799999999
EVX/BTC,1543431483465,2018-11-28T18:58:03.465Z,buy,6.474e-05,141.0,0.0091283399999999
EVX/BTC,1543431486839,2018-11-28T18:58:06.839Z,sell,6.474e-05,19.0,0.0012300599999999
EVX/BTC,1543431493631,2018-11-28T18:58:13.631Z,buy,6.481e-05,126.0,0.00816606
EVX/BTC,1543431511007,2018-11-28T18:58:31.007Z,sell,6.458e-05,95.0,0.0061350999999999
EVX/BTC,1543431511007,2018-11-28T18:58:31.007Z,sell,6.458e-05,95.0,0.0061350999999999
EVX/BTC,1543431538506,2018-11-28T18:58:58.506Z,buy,6.489e-05,117.0,0.00759213
EVX/BTC,1543431564454,2018-11-28T18:59:24.454Z,buy,6.488e-05,105.0,0.0068124
EVX/BTC,1543431582330,2018-11-28T18:59:42.330Z,buy,6.489e-05,141.0,0.00914949
EVX/BTC,1543431591755,2018-11-28T18:59:51.755Z,buy,6.488e-05,79.0,0.00512552
EVX/BTC,1543431615982,2018-11-28T19:00:15.982Z,buy,6.489e-05,106.0,0.0068783399999999
EVX/BTC,1543431639005,2018-11-28T19:00:39.005Z,buy,6.489e-05,141.0,0.00914949
EVX/BTC,1543431639852,2018-11-28T19:00:39.852Z,sell,6.489e-05,92.0,0.0059698799999999
EVX/BTC,1543431715014,2018-11-28T19:01:55.014Z,buy,6.49e-05,106.0,0.0068794
EVX/BTC,1543431715861,2018-11-28T19:01:55.861Z,sell,6.49e-05,67.0,0.0043483
EVX/BTC,1543431747881,2018-11-28T19:02:27.881Z,sell,6.477e-05,131.0,0.00848487
EVX/BTC,1543431789869,2018-11-28T19:03:09.869Z,sell,6.477e-05,44.0,0.00284988
EVX/BTC,1543431806700,2018-11-28T19:03:26.700Z,sell,6.472e-05,91.0,0.00588952
EVX/BTC,1543431825410,2018-11-28T19:03:45.410Z,sell,6.473e-05,70.0,0.0045311
EVX/BTC,1543431852023,2018-11-28T19:04:12.023Z,sell,6.472e-05,120.0,0.0077664
EVX/BTC,1543431954048,2018-11-28T19:05:54.048Z,sell,6.473e-05,140.0,0.0090622
EVX/BTC,1543431963985,2018-11-28T19:06:03.985Z,sell,6.472e-05,130.0,0.0084136
EVX/BTC,1543431990219,2018-11-28T19:06:30.219Z,sell,6.473e-05,117.0,0.00757341
EVX/BTC,1543432049946,2018-11-28T19:07:29.946Z,sell,6.475e-05,140.0,0.009065
EVX/BTC,1543432077669,2018-11-28T19:07:57.669Z,sell,6.472e-05,120.0,0.0077664
EVX/BTC,1543432103675,2018-11-28T19:08:23.675Z,sell,6.472e-05,119.0,0.00770168
EVX/BTC,1543432103768,2018-11-28T19:08:23.768Z,sell,6.472e-05,21.0,0.00135912
EVX/BTC,1543432104883,2018-11-28T19:08:24.883Z,sell,6.471e-05,51.0,0.0033002099999999
EVX/BTC,1543432105892,2018-11-28T19:08:25.892Z,sell,6.472e-05,141.0,0.00912552
EVX/BTC,1543432122859,2018-11-28T19:08:42.859Z,buy,6.479e-05,53.0,0.00343387
EVX/BTC,1543432167978,2018-11-28T19:09:27.978Z,buy,6.488e-05,141.0,0.00914808
EVX/BTC,1543432167978,2018-11-28T19:09:27.978Z,buy,6.491e-05,13.0,0.00084383
EVX/BTC,1543432177265,2018-11-28T19:09:37.265Z,sell,6.458e-05,101.0,0.0065225799999999
EVX/BTC,1543432303908,2018-11-28T19:11:43.908Z,sell,6.456e-05,141.0,0.00910296
EVX/BTC,1543432339316,2018-11-28T19:12:19.316Z,sell,6.455e-05,70.0,0.0045185
EVX/BTC,1543432356171,2018-11-28T19:12:36.171Z,buy,6.488e-05,278.0,0.01803664
EVX/BTC,1543432356171,2018-11-28T19:12:36.171Z,buy,6.489e-05,1429.0,0.09272781
EVX/BTC,1543432356171,2018-11-28T19:12:36.171Z,buy,6.491e-05,95.0,0.00616645
EVX/BTC,1543432356171,2018-11-28T19:12:36.171Z,buy,6.492e-05,286.0,0.01856712
EVX/BTC,1543432356171,2018-11-28T19:12:36.171Z,buy,6.495e-05,140.0,0.009093
EVX/BTC,1543432356171,2018-11-28T19:12:36.171Z,buy,6.497e-05,326.0,0.02118022
EVX/BTC,1543432356171,2018-11-28T19:12:36.171Z,buy,6.498e-05,62.0,0.00402876
EVX/BTC,1543432377075,2018-11-28T19:12:57.075Z,buy,6.501e-05,109.0,0.00708609
EVX/BTC,1543432377075,2018-11-28T19:12:57.075Z,buy,6.502e-05,139.0,0.00903778
EVX/BTC,1543432377075,2018-11-28T19:12:57.075Z,buy,6.503e-05,114.0,0.00741342
EVX/BTC,1543432377075,2018-11-28T19:12:57.075Z,buy,6.504e-05,188.0,0.01222752
EVX/BTC,1543432377075,2018-11-28T19:12:57.075Z,buy,6.505e-05,326.0,0.0212062999999999
EVX/BTC,1543432377075,2018-11-28T19:12:57.075Z,buy,6.506e-05,119.0,0.00774214
EVX/BTC,1543432377075,2018-11-28T19:12:57.075Z,buy,6.507e-05,106.0,0.00689742
EVX/BTC,1543432397126,2018-11-28T19:13:17.126Z,buy,6.507e-05,502.0,0.03266514
EVX/BTC,1543432397911,2018-11-28T19:13:17.911Z,sell,6.507e-05,157.0,0.01021599
EVX/BTC,1543432401562,2018-11-28T19:13:21.562Z,sell,6.507e-05,23.0,0.00149661
EVX/BTC,1543432406730,2018-11-28T19:13:26.730Z,buy,6.508e-05,386.0,0.0251208799999999
EVX/BTC,1543432406730,2018-11-28T19:13:26.730Z,buy,6.509e-05,388.0,0.02525492
EVX/BTC,1543432414515,2018-11-28T19:13:34.515Z,sell,6.507e-05,91.0,0.00592137
EVX/BTC,1543432423561,2018-11-28T19:13:43.561Z,sell,6.49e-05,103.0,0.0066847
EVX/BTC,1543432665678,2018-11-28T19:17:45.678Z,buy,6.509e-05,332.0,0.02160988
EVX/BTC,1543432680693,2018-11-28T19:18:00.693Z,buy,6.509e-05,16.0,0.00104144
EVX/BTC,1543432681095,2018-11-28T19:18:01.095Z,buy,6.509e-05,16.0,0.00104144
EVX/BTC,1543432681198,2018-11-28T19:18:01.198Z,buy,6.509e-05,16.0,0.00104144
EVX/BTC,1543432681408,2018-11-28T19:18:01.408Z,buy,6.509e-05,16.0,0.00104144
EVX/BTC,1543432681512,2018-11-28T19:18:01.512Z,buy,6.509e-05,16.0,0.00104144
EVX/BTC,1543432681616,2018-11-28T19:18:01.616Z,buy,6.509e-05,16.0,0.00104144
EVX/BTC,1543432903606,2018-11-28T19:21:43.606Z,buy,6.509e-05,9.0,0.00058581
EVX/BTC,1543432903606,2018-11-28T19:21:43.606Z,buy,6.51e-05,106.0,0.0069006
EVX/BTC,1543432903606,2018-11-28T19:21:43.606Z,buy,6.515e-05,260.0,0.016939
EVX/BTC,1543432904964,2018-11-28T19:21:44.964Z,sell,6.515e-05,329.0,0.0214343499999999
EVX/BTC,1543432950483,2018-11-28T19:22:30.483Z,buy,6.516e-05,24.0,0.00156384
EVX/BTC,1543432985663,2018-11-28T19:23:05.663Z,buy,6.516e-05,95.0,0.0061902
EVX/BTC,1543433179470,2018-11-28T19:26:19.470Z,sell,6.516e-05,62.0,0.00403992
EVX/BTC,1543433223137,2018-11-28T19:27:03.137Z,sell,6.516e-05,26.0,0.00169416
EVX/BTC,1543433381533,2018-11-28T19:29:41.533Z,buy,6.517e-05,60.0,0.0039102
EVX/BTC,1543433399025,2018-11-28T19:29:59.025Z,sell,6.516e-05,127.0,0.00827532
EVX/BTC,1543433461301,2018-11-28T19:31:01.301Z,buy,6.517e-05,60.0,0.0039102
EVX/BTC,1543433461301,2018-11-28T19:31:01.301Z,buy,6.519e-05,33.0,0.00215127
EVX/BTC,1543433461301,2018-11-28T19:31:01.301Z,buy,6.522e-05,91.0,0.00593502
EVX/BTC,1543433461301,2018-11-28T19:31:01.301Z,buy,6.529e-05,92.0,0.00600668
EVX/BTC,1543433461301,2018-11-28T19:31:01.301Z,buy,6.53e-05,20.0,0.001306
EVX/BTC,1543433461301,2018-11-28T19:31:01.301Z,buy,6.538e-05,79.0,0.00516502
EVX/BTC,1543433461301,2018-11-28T19:31:01.301Z,buy,6.54e-05,313.0,0.0204702
EVX/BTC,1543433473646,2018-11-28T19:31:13.646Z,sell,6.517e-05,276.0,0.01798692
EVX/BTC,1543433473646,2018-11-28T19:31:13.646Z,sell,6.515e-05,805.0,0.05244575
EVX/BTC,1543433508356,2018-11-28T19:31:48.356Z,sell,6.535e-05,305.0,0.01993175
EVX/BTC,1543433517978,2018-11-28T19:31:57.978Z,sell,6.535e-05,31.0,0.00202585
EVX/BTC,1543433536361,2018-11-28T19:32:16.361Z,buy,6.546e-05,177.0,0.01158642
EVX/BTC,1543433545488,2018-11-28T19:32:25.488Z,buy,6.547e-05,24.0,0.00157128
EVX/BTC,1543433546192,2018-11-28T19:32:26.192Z,sell,6.546e-05,23.0,0.00150558
EVX/BTC,1543433546297,2018-11-28T19:32:26.297Z,sell,6.546e-05,80.0,0.0052368
EVX/BTC,1543433562623,2018-11-28T19:32:42.623Z,buy,6.547e-05,115.0,0.00752905
EVX/BTC,1543433609502,2018-11-28T19:33:29.502Z,buy,6.559e-05,276.0,0.01810284
EVX/BTC,1543433677654,2018-11-28T19:34:37.654Z,buy,6.56e-05,16.0,0.0010496
EVX/BTC,1543433732186,2018-11-28T19:35:32.186Z,sell,6.559e-05,1841.0,0.12075119
EVX/BTC,1543433751876,2018-11-28T19:35:51.876Z,sell,6.559e-05,64.0,0.00419776
EVX/BTC,1543433751876,2018-11-28T19:35:51.876Z,sell,6.551e-05,31.0,0.00203081
EVX/BTC,1543433751930,2018-11-28T19:35:51.930Z,buy,6.551e-05,17.0,0.00111367
EVX/BTC,1543433751930,2018-11-28T19:35:51.930Z,buy,6.56e-05,2319.0,0.1521264
EVX/BTC,1543433761296,2018-11-28T19:36:01.296Z,buy,6.566e-05,281.0,0.01845046
EVX/BTC,1543433773643,2018-11-28T19:36:13.643Z,buy,6.566e-05,49.0,0.00321734
EVX/BTC,1543433775262,2018-11-28T19:36:15.262Z,buy,6.57e-05,649.0,0.0426393
EVX/BTC,1543433784746,2018-11-28T19:36:24.746Z,buy,6.57e-05,135.0,0.0088694999999999
EVX/BTC,1543433791374,2018-11-28T19:36:31.374Z,buy,6.577e-05,451.0,0.02966227
EVX/BTC,1543433795191,2018-11-28T19:36:35.191Z,buy,6.577e-05,138.0,0.00907626
EVX/BTC,1543433799766,2018-11-28T19:36:39.766Z,buy,6.58e-05,100.0,0.00658
EVX/BTC,1543433799766,2018-11-28T19:36:39.766Z,buy,6.59e-05,784.0,0.0516656
EVX/BTC,1543433799766,2018-11-28T19:36:39.766Z,buy,6.6e-05,4761.0,0.314226
EVX/BTC,1543433799784,2018-11-28T19:36:39.784Z,sell,6.6e-05,105.0,0.00693
EVX/BTC,1543433799901,2018-11-28T19:36:39.901Z,sell,6.6e-05,306.0,0.020196
EVX/BTC,1543433800196,2018-11-28T19:36:40.196Z,sell,6.6e-05,563.0,0.037158
EVX/BTC,1543433802262,2018-11-28T19:36:42.262Z,sell,6.6e-05,20.0,0.00132
EVX/BTC,1543433802612,2018-11-28T19:36:42.612Z,sell,6.6e-05,20.0,0.00132
EVX/BTC,1543433802701,2018-11-28T19:36:42.701Z,sell,6.6e-05,51.0,0.003366
EVX/BTC,1543433804531,2018-11-28T19:36:44.531Z,buy,6.607e-05,21.0,0.00138747
EVX/BTC,1543433806133,2018-11-28T19:36:46.133Z,sell,6.6e-05,50.0,0.0033
EVX/BTC,1543433808659,2018-11-28T19:36:48.659Z,sell,6.6e-05,563.0,0.037158
EVX/BTC,1543433808782,2018-11-28T19:36:48.782Z,sell,6.6e-05,23.0,0.001518
EVX/BTC,1543433808922,2018-11-28T19:36:48.922Z,sell,6.6e-05,50.0,0.0033
EVX/BTC,1543433817012,2018-11-28T19:36:57.012Z,sell,6.6e-05,563.0,0.037158
EVX/BTC,1543433818654,2018-11-28T19:36:58.654Z,buy,6.607e-05,657.0,0.04340799
EVX/BTC,1543433839495,2018-11-28T19:37:19.495Z,sell,6.6e-05,335.0,0.02211
EVX/BTC,1543433870053,2018-11-28T19:37:50.053Z,sell,6.6e-05,140.0,0.00924
EVX/BTC,1543433907179,2018-11-28T19:38:27.179Z,sell,6.6e-05,525.0,0.03465
EVX/BTC,1543433941205,2018-11-28T19:39:01.205Z,sell,6.6e-05,89.0,0.005874
EVX/BTC,1543433941209,2018-11-28T19:39:01.209Z,sell,6.6e-05,832.0,0.054912
EVX/BTC,1543433942955,2018-11-28T19:39:02.955Z,sell,6.6e-05,20.0,0.00132
EVX/BTC,1543433943961,2018-11-28T19:39:03.961Z,sell,6.6e-05,45.0,0.00297
EVX/BTC,1543433945106,2018-11-28T19:39:05.106Z,sell,6.6e-05,23.0,0.001518
EVX/BTC,1543433973241,2018-11-28T19:39:33.241Z,sell,6.6e-05,451.0,0.029766
EVX/BTC,1543433998439,2018-11-28T19:39:58.439Z,sell,6.6e-05,566.0,0.037356
EVX/BTC,1543433998439,2018-11-28T19:39:58.439Z,sell,6.578e-05,323.0,0.02124694
EVX/BTC,1543433998449,2018-11-28T19:39:58.449Z,buy,6.578e-05,101.0,0.0066437799999999
EVX/BTC,1543433999478,2018-11-28T19:39:59.478Z,sell,6.58e-05,101.0,0.0066458
EVX/BTC,1543433999478,2018-11-28T19:39:59.478Z,sell,6.559e-05,145.0,0.00951055
EVX/BTC,1543433999478,2018-11-28T19:39:59.478Z,sell,6.552e-05,116.0,0.00760032
EVX/BTC,1543433999478,2018-11-28T19:39:59.478Z,sell,6.545e-05,191.0,0.01250095
EVX/BTC,1543433999490,2018-11-28T19:39:59.490Z,buy,6.547e-05,231.0,0.01512357
EVX/BTC,1543434002256,2018-11-28T19:40:02.256Z,sell,6.559e-05,30.0,0.0019677
EVX/BTC,1543434002256,2018-11-28T19:40:02.256Z,sell,6.546e-05,48.0,0.00314208
EVX/BTC,1543434002330,2018-11-28T19:40:02.330Z,sell,6.545e-05,109.0,0.00713405
EVX/BTC,1543434002330,2018-11-28T19:40:02.330Z,sell,6.544e-05,386.0,0.02525984
EVX/BTC,1543434002741,2018-11-28T19:40:02.741Z,sell,6.533e-05,78.0,0.00509574
EVX/BTC,1543434003196,2018-11-28T19:40:03.196Z,sell,6.536e-05,78.0,0.00509808
EVX/BTC,1543434003658,2018-11-28T19:40:03.658Z,sell,6.533e-05,78.0,0.00509574
EVX/BTC,1543434004144,2018-11-28T19:40:04.144Z,sell,6.538e-05,78.0,0.00509964
EVX/BTC,1543434004629,2018-11-28T19:40:04.629Z,sell,6.538e-05,78.0,0.00509964
EVX/BTC,1543434004915,2018-11-28T19:40:04.915Z,buy,6.569e-05,22.0,0.00144518
EVX/BTC,1543434005134,2018-11-28T19:40:05.134Z,sell,6.538e-05,78.0,0.00509964
EVX/BTC,1543434005591,2018-11-28T19:40:05.591Z,sell,6.538e-05,78.0,0.00509964
EVX/BTC,1543434006046,2018-11-28T19:40:06.046Z,sell,6.53e-05,294.0,0.0191982
EVX/BTC,1543434006046,2018-11-28T19:40:06.046Z,sell,6.528e-05,96.0,0.00626688
EVX/BTC,1543434006206,2018-11-28T19:40:06.206Z,buy,6.569e-05,60.0,0.0039414
EVX/BTC,1543434006517,2018-11-28T19:40:06.517Z,sell,6.528e-05,78.0,0.00509184
EVX/BTC,1543434007304,2018-11-28T19:40:07.304Z,sell,6.528e-05,64.0,0.00417792
EVX/BTC,1543434008987,2018-11-28T19:40:08.987Z,sell,6.526e-05,91.0,0.0059386599999999
EVX/BTC,1543434008987,2018-11-28T19:40:08.987Z,sell,6.522e-05,45.0,0.0029349
EVX/BTC,1543434008987,2018-11-28T19:40:08.987Z,sell,6.521e-05,19.0,0.00123899
EVX/BTC,1543434009027,2018-11-28T19:40:09.027Z,sell,6.521e-05,78.0,0.00508638
EVX/BTC,1543434009545,2018-11-28T19:40:09.545Z,sell,6.519e-05,73.0,0.00475887
EVX/BTC,1543434009545,2018-11-28T19:40:09.545Z,sell,6.515e-05,5.0,0.00032575
EVX/BTC,1543434010010,2018-11-28T19:40:10.010Z,sell,6.515e-05,78.0,0.0050817
EVX/BTC,1543434010045,2018-11-28T19:40:10.045Z,buy,6.528e-05,31.0,0.00202368
EVX/BTC,1543434010440,2018-11-28T19:40:10.440Z,sell,6.515e-05,78.0,0.0050817
EVX/BTC,1543434010897,2018-11-28T19:40:10.897Z,sell,6.515e-05,78.0,0.0050817
EVX/BTC,1543434015314,2018-11-28T19:40:15.314Z,buy,6.518e-05,28.0,0.00182504
EVX/BTC,1543434016034,2018-11-28T19:40:16.034Z,buy,6.518e-05,16.0,0.00104288
EVX/BTC,1543434027061,2018-11-28T19:40:27.061Z,buy,6.525e-05,266.0,0.0173565
EVX/BTC,1543434040391,2018-11-28T19:40:40.391Z,buy,6.551e-05,48.0,0.00314448
EVX/BTC,1543434073665,2018-11-28T19:41:13.665Z,buy,6.552e-05,18.0,0.00117936
EVX/BTC,1543434074047,2018-11-28T19:41:14.047Z,sell,6.552e-05,83.0,0.00543816
EVX/BTC,1543434116977,2018-11-28T19:41:56.977Z,buy,6.56e-05,55.0,0.0036079999999999
EVX/BTC,1543434116977,2018-11-28T19:41:56.977Z,buy,6.564e-05,324.0,0.02126736
EVX/BTC,1543434118052,2018-11-28T19:41:58.052Z,sell,6.564e-05,230.0,0.0150972
EVX/BTC,1543434133204,2018-11-28T19:42:13.204Z,buy,6.567e-05,76.0,0.00499092
EVX/BTC,1543434139286,2018-11-28T19:42:19.286Z,buy,6.567e-05,21.0,0.00137907
EVX/BTC,1543434160734,2018-11-28T19:42:40.734Z,buy,6.568e-05,42.0,0.0027585599999999
EVX/BTC,1543434168996,2018-11-28T19:42:48.996Z,buy,6.568e-05,3.0,0.00019704
EVX/BTC,1543434191854,2018-11-28T19:43:11.854Z,sell,6.568e-05,126.0,0.0082756799999999
EVX/BTC,1543434202316,2018-11-28T19:43:22.316Z,buy,6.569e-05,36.0,0.00236484
EVX/BTC,1543434206244,2018-11-28T19:43:26.244Z,sell,6.564e-05,231.0,0.01516284
EVX/BTC,1543434222826,2018-11-28T19:43:42.826Z,sell,6.568e-05,103.0,0.0067650399999999
EVX/BTC,1543434234581,2018-11-28T19:43:54.581Z,buy,6.569e-05,38.0,0.00249622
EVX/BTC,1543434251435,2018-11-28T19:44:11.435Z,buy,6.572e-05,16.0,0.00105152
EVX/BTC,1543434255952,2018-11-28T19:44:15.952Z,sell,6.569e-05,2.0,0.00013138
EVX/BTC,1543434280527,2018-11-28T19:44:40.527Z,buy,6.569e-05,18.0,0.00118242
EVX/BTC,1543434302349,2018-11-28T19:45:02.349Z,buy,6.572e-05,16.0,0.00105152
EVX/BTC,1543434339108,2018-11-28T19:45:39.108Z,buy,6.572e-05,16.0,0.00105152
EVX/BTC,1543434402984,2018-11-28T19:46:42.984Z,buy,6.572e-05,16.0,0.00105152
EVX/BTC,1543434424699,2018-11-28T19:47:04.699Z,buy,6.566e-05,16.0,0.00105056
EVX/BTC,1543434431442,2018-11-28T19:47:11.442Z,buy,6.572e-05,16.0,0.00105152
EVX/BTC,1543434455349,2018-11-28T19:47:35.349Z,buy,6.572e-05,11.0,0.00072292
EVX/BTC,1543434455349,2018-11-28T19:47:35.349Z,buy,6.573e-05,323.0,0.02123079
EVX/BTC,1543434457274,2018-11-28T19:47:37.274Z,sell,6.573e-05,25.0,0.00164325
EVX/BTC,1543434461466,2018-11-28T19:47:41.466Z,sell,6.573e-05,55.0,0.0036151499999999
EVX/BTC,1543434545336,2018-11-28T19:49:05.336Z,sell,6.573e-05,103.0,0.00677019
EVX/BTC,1543434675426,2018-11-28T19:51:15.426Z,buy,6.583e-05,16.0,0.00105328
EVX/BTC,1543434684194,2018-11-28T19:51:24.194Z,buy,6.583e-05,20.0,0.0013166
EVX/BTC,1543434704858,2018-11-28T19:51:44.858Z,buy,6.583e-05,35.0,0.0023040499999999
EVX/BTC,1543434730704,2018-11-28T19:52:10.704Z,buy,6.583e-05,35.0,0.0023040499999999
EVX/BTC,1543434771479,2018-11-28T19:52:51.479Z,buy,6.583e-05,17.0,0.00111911
EVX/BTC,1543435018881,2018-11-28T19:56:58.881Z,sell,6.541e-05,47.0,0.00307427
EVX/BTC,1543435095284,2018-11-28T19:58:15.284Z,sell,6.547e-05,20.0,0.0013093999999999
EVX/BTC,1543435095284,2018-11-28T19:58:15.284Z,sell,6.546e-05,304.0,0.01989984
EVX/BTC,1543435095284,2018-11-28T19:58:15.284Z,sell,6.537e-05,1.0,6.537e-05
EVX/BTC,1543435095284,2018-11-28T19:58:15.284Z,sell,6.547e-05,20.0,0.0013093999999999
EVX/BTC,1543435095284,2018-11-28T19:58:15.284Z,sell,6.546e-05,304.0,0.01989984
EVX/BTC,1543435095284,2018-11-28T19:58:15.284Z,sell,6.537e-05,1.0,6.537e-05
EVX/BTC,1543435148695,2018-11-28T19:59:08.695Z,sell,6.545e-05,24.0,0.0015708
EVX/BTC,1543435175205,2018-11-28T19:59:35.205Z,buy,6.537e-05,30.0,0.0019611
EVX/BTC,1543435184892,2018-11-28T19:59:44.892Z,sell,6.518e-05,33.0,0.00215094
EVX/BTC,1543435213677,2018-11-28T20:00:13.677Z,sell,6.521e-05,348.0,0.0226930799999999
EVX/BTC,1543435213677,2018-11-28T20:00:13.677Z,sell,6.518e-05,507.0,0.03304626
EVX/BTC,1543435213677,2018-11-28T20:00:13.677Z,sell,6.515e-05,155.0,0.01009825
EVX/BTC,1543435213677,2018-11-28T20:00:13.677Z,sell,6.514e-05,364.0,0.02371096
EVX/BTC,1543435213699,2018-11-28T20:00:13.699Z,buy,6.509e-05,363.0,0.02362767
EVX/BTC,1543435213700,2018-11-28T20:00:13.700Z,buy,6.509e-05,348.0,0.02265132
EVX/BTC,1543435213712,2018-11-28T20:00:13.712Z,buy,6.509e-05,159.0,0.01034931
EVX/BTC,1543435213724,2018-11-28T20:00:13.724Z,buy,6.509e-05,648.0,0.04217832
EVX/BTC,1543435213732,2018-11-28T20:00:13.732Z,buy,6.509e-05,111.0,0.00722499
EVX/BTC,1543435213732,2018-11-28T20:00:13.732Z,buy,6.509e-05,285.0,0.01855065
EVX/BTC,1543435213744,2018-11-28T20:00:13.744Z,buy,6.509e-05,285.0,0.01855065
EVX/BTC,1543435213765,2018-11-28T20:00:13.765Z,buy,6.509e-05,241.0,0.01568669
EVX/BTC,1543435213851,2018-11-28T20:00:13.851Z,buy,6.509e-05,103.0,0.00670427
EVX/BTC,1543435215242,2018-11-28T20:00:15.242Z,sell,6.502e-05,139.0,0.00903778
EVX/BTC,1543435215242,2018-11-28T20:00:15.242Z,sell,6.501e-05,92.0,0.00598092
EVX/BTC,1543435215242,2018-11-28T20:00:15.242Z,sell,6.5e-05,117.0,0.0076049999999999
EVX/BTC,1543435216810,2018-11-28T20:00:16.810Z,sell,6.494e-05,53.0,0.00344182
EVX/BTC,1543435216810,2018-11-28T20:00:16.810Z,sell,6.482e-05,234.0,0.01516788
EVX/BTC,1543435216810,2018-11-28T20:00:16.810Z,sell,6.481e-05,11.0,0.00071291
EVX/BTC,1543435219322,2018-11-28T20:00:19.322Z,sell,6.481e-05,145.0,0.00939745
EVX/BTC,1543435224141,2018-11-28T20:00:24.141Z,sell,6.5e-05,30.0,0.00195
EVX/BTC,1543435275074,2018-11-28T20:01:15.074Z,buy,6.507e-05,23.0,0.00149661
EVX/BTC,1543435276330,2018-11-28T20:01:16.330Z,buy,6.507e-05,23.0,0.00149661
EVX/BTC,1543435276710,2018-11-28T20:01:16.710Z,buy,6.507e-05,38.0,0.00247266
EVX/BTC,1543435277299,2018-11-28T20:01:17.299Z,buy,6.507e-05,77.0,0.00501039
EVX/BTC,1543435277419,2018-11-28T20:01:17.419Z,buy,6.507e-05,23.0,0.00149661
EVX/BTC,1543435277788,2018-11-28T20:01:17.788Z,buy,6.507e-05,26.0,0.00169182
EVX/BTC,1543435279465,2018-11-28T20:01:19.465Z,buy,6.507e-05,23.0,0.00149661
EVX/BTC,1543435352664,2018-11-28T20:02:32.664Z,buy,6.507e-05,34.0,0.00221238
EVX/BTC,1543435352664,2018-11-28T20:02:32.664Z,buy,6.509e-05,139.0,0.00904751
EVX/BTC,1543435352664,2018-11-28T20:02:32.664Z,buy,6.514e-05,648.0,0.04221072
EVX/BTC,1543435353152,2018-11-28T20:02:33.152Z,buy,6.522e-05,197.0,0.01284834
EVX/BTC,1543435545632,2018-11-28T20:05:45.632Z,buy,6.545e-05,16.0,0.0010472
EVX/BTC,1543435590166,2018-11-28T20:06:30.166Z,buy,6.522e-05,20.0,0.0013044
EVX/BTC,1543435700181,2018-11-28T20:08:20.181Z,buy,6.522e-05,319.0,0.02080518
EVX/BTC,1543435703427,2018-11-28T20:08:23.427Z,sell,6.519e-05,24.0,0.00156456
EVX/BTC,1543435838180,2018-11-28T20:10:38.180Z,buy,6.532e-05,20.0,0.0013064
EVX/BTC,1543436052683,2018-11-28T20:14:12.683Z,sell,6.52e-05,77.0,0.0050203999999999
EVX/BTC,1543436131210,2018-11-28T20:15:31.210Z,buy,6.531e-05,116.0,0.00757596
EVX/BTC,1543436228178,2018-11-28T20:17:08.178Z,sell,6.523e-05,324.0,0.02113452
EVX/BTC,1543436228729,2018-11-28T20:17:08.729Z,sell,6.523e-05,23.0,0.00150029
EVX/BTC,1543436237282,2018-11-28T20:17:17.282Z,sell,6.523e-05,23.0,0.00150029
EVX/BTC,1543436360779,2018-11-28T20:19:20.779Z,buy,6.532e-05,10.0,0.0006532
EVX/BTC,1543436381266,2018-11-28T20:19:41.266Z,buy,6.545e-05,83.0,0.00543235
EVX/BTC,1543436381266,2018-11-28T20:19:41.266Z,buy,6.546e-05,71.0,0.00464766
EVX/BTC,1543436381266,2018-11-28T20:19:41.266Z,buy,6.547e-05,92.0,0.0060232399999999
EVX/BTC,1543436381266,2018-11-28T20:19:41.266Z,buy,6.557e-05,154.0,0.0100977799999999
EVX/BTC,1543436394821,2018-11-28T20:19:54.821Z,buy,6.58e-05,883.0,0.0581014
EVX/BTC,1543436394881,2018-11-28T20:19:54.881Z,sell,6.58e-05,92.0,0.0060536
EVX/BTC,1543436394885,2018-11-28T20:19:54.885Z,sell,6.58e-05,32.0,0.0021056
EVX/BTC,1543436394935,2018-11-28T20:19:54.935Z,sell,6.533e-05,124.0,0.00810092
EVX/BTC,1543436411573,2018-11-28T20:20:11.573Z,buy,6.58e-05,124.0,0.0081592
EVX/BTC,1543436411573,2018-11-28T20:20:11.573Z,buy,6.581e-05,477.0,0.0313913699999999
EVX/BTC,1543436411737,2018-11-28T20:20:11.737Z,sell,6.581e-05,118.0,0.0077655799999999
EVX/BTC,1543436412704,2018-11-28T20:20:12.704Z,sell,6.582e-05,20.0,0.0013164
EVX/BTC,1543436412784,2018-11-28T20:20:12.784Z,sell,6.582e-05,91.0,0.00598962
EVX/BTC,1543436412892,2018-11-28T20:20:12.892Z,sell,6.581e-05,138.0,0.00908178
EVX/BTC,1543436413642,2018-11-28T20:20:13.642Z,sell,6.581e-05,111.0,0.0073049099999999
EVX/BTC,1543436413860,2018-11-28T20:20:13.860Z,sell,6.581e-05,20.0,0.0013162
EVX/BTC,1543436414531,2018-11-28T20:20:14.531Z,buy,6.583e-05,98.0,0.00645134
EVX/BTC,1543436415279,2018-11-28T20:20:15.279Z,sell,6.581e-05,56.0,0.0036853599999999
EVX/BTC,1543436417085,2018-11-28T20:20:17.085Z,buy,6.583e-05,165.0,0.01086195
EVX/BTC,1543436417085,2018-11-28T20:20:17.085Z,buy,6.612e-05,158.0,0.01044696
EVX/BTC,1543436417085,2018-11-28T20:20:17.085Z,buy,6.614e-05,79.0,0.00522506
EVX/BTC,1543436417085,2018-11-28T20:20:17.085Z,buy,6.615e-05,100.0,0.0066149999999999
EVX/BTC,1543436417127,2018-11-28T20:20:17.127Z,sell,6.615e-05,218.0,0.0144206999999999
EVX/BTC,1543436417131,2018-11-28T20:20:17.131Z,sell,6.615e-05,169.0,0.01117935
EVX/BTC,1543436417227,2018-11-28T20:20:17.227Z,sell,6.615e-05,360.0,0.023814
EVX/BTC,1543436417233,2018-11-28T20:20:17.233Z,sell,6.615e-05,255.0,0.0168682499999999
EVX/BTC,1543436421726,2018-11-28T20:20:21.726Z,sell,6.583e-05,47.0,0.00309401
EVX/BTC,1543436422921,2018-11-28T20:20:22.921Z,sell,6.583e-05,38.0,0.00250154
EVX/BTC,1543436496527,2018-11-28T20:21:36.527Z,buy,6.62e-05,16.0,0.0010592
EVX/BTC,1543436501242,2018-11-28T20:21:41.242Z,sell,6.611e-05,31.0,0.00204941
EVX/BTC,1543436526300,2018-11-28T20:22:06.300Z,buy,6.623e-05,24.0,0.0015895199999999
EVX/BTC,1543436526300,2018-11-28T20:22:06.300Z,buy,6.629e-05,16.0,0.00106064
EVX/BTC,1543436526300,2018-11-28T20:22:06.300Z,buy,6.63e-05,21.0,0.0013923
EVX/BTC,1543436526300,2018-11-28T20:22:06.300Z,buy,6.631e-05,24.0,0.00159144
EVX/BTC,1543436526300,2018-11-28T20:22:06.300Z,buy,6.633e-05,35.0,0.00232155
EVX/BTC,1543436526300,2018-11-28T20:22:06.300Z,buy,6.634e-05,217.0,0.01439578
EVX/BTC,1543436526300,2018-11-28T20:22:06.300Z,buy,6.646e-05,87.0,0.00578202
EVX/BTC,1543436526300,2018-11-28T20:22:06.300Z,buy,6.648e-05,275.0,0.018282
EVX/BTC,1543436526405,2018-11-28T20:22:06.405Z,sell,6.648e-05,45.0,0.0029916
EVX/BTC,1543436526484,2018-11-28T20:22:06.484Z,sell,6.648e-05,48.0,0.00319104
EVX/BTC,1543436526604,2018-11-28T20:22:06.604Z,sell,6.648e-05,126.0,0.00837648
EVX/BTC,1543436527079,2018-11-28T20:22:07.079Z,sell,6.648e-05,303.0,0.02014344
EVX/BTC,1543436528020,2018-11-28T20:22:08.020Z,sell,6.597e-05,23.0,0.0015173099999999
EVX/BTC,1543436529247,2018-11-28T20:22:09.247Z,sell,6.631e-05,24.0,0.00159144
EVX/BTC,1543436530640,2018-11-28T20:22:10.640Z,sell,6.597e-05,124.0,0.00818028
EVX/BTC,1543436545570,2018-11-28T20:22:25.570Z,sell,6.597e-05,148.0,0.00976356
EVX/BTC,1543436551252,2018-11-28T20:22:31.252Z,sell,6.597e-05,17.0,0.00112149
EVX/BTC,1543436552245,2018-11-28T20:22:32.245Z,sell,6.597e-05,25.0,0.0016492499999999
EVX/BTC,1543436560630,2018-11-28T20:22:40.630Z,sell,6.597e-05,123.0,0.00811431
EVX/BTC,1543436562611,2018-11-28T20:22:42.611Z,sell,6.597e-05,128.0,0.00844416
EVX/BTC,1543436569560,2018-11-28T20:22:49.560Z,sell,6.597e-05,1500.0,0.0989549999999999
EVX/BTC,1543436570248,2018-11-28T20:22:50.248Z,sell,6.597e-05,320.0,0.0211103999999999
EVX/BTC,1543436578164,2018-11-28T20:22:58.164Z,sell,6.597e-05,292.0,0.0192632399999999
EVX/BTC,1543436607323,2018-11-28T20:23:27.323Z,sell,6.594e-05,43.0,0.00283542
EVX/BTC,1543436622469,2018-11-28T20:23:42.469Z,buy,6.594e-05,57.0,0.0037585799999999
EVX/BTC,1543436647584,2018-11-28T20:24:07.584Z,buy,6.611e-05,16.0,0.00105776
EVX/BTC,1543436669733,2018-11-28T20:24:29.733Z,sell,6.576e-05,160.0,0.0105215999999999
EVX/BTC,1543436727556,2018-11-28T20:25:27.556Z,sell,6.577e-05,23.0,0.00151271
EVX/BTC,1543436911815,2018-11-28T20:28:31.815Z,buy,6.612e-05,141.0,0.00932292
EVX/BTC,1543436932305,2018-11-28T20:28:52.305Z,sell,6.612e-05,77.0,0.0050912399999999
EVX/BTC,1543436938777,2018-11-28T20:28:58.777Z,sell,6.612e-05,70.0,0.0046283999999999
EVX/BTC,1543437096359,2018-11-28T20:31:36.359Z,buy,6.613e-05,1843.0,0.12187759
EVX/BTC,1543437098306,2018-11-28T20:31:38.306Z,buy,6.613e-05,141.0,0.00932433
EVX/BTC,1543437114470,2018-11-28T20:31:54.470Z,sell,6.599e-05,291.0,0.01920309
EVX/BTC,1543437177817,2018-11-28T20:32:57.817Z,sell,6.599e-05,200.0,0.013198
EVX/BTC,1543437296436,2018-11-28T20:34:56.436Z,sell,6.605e-05,150.0,0.0099075
EVX/BTC,1543437381693,2018-11-28T20:36:21.693Z,buy,6.621e-05,24.0,0.00158904
EVX/BTC,1543437469749,2018-11-28T20:37:49.749Z,buy,6.62e-05,147.0,0.0097314
EVX/BTC,1543437948635,2018-11-28T20:45:48.635Z,sell,6.609e-05,390.0,0.0257751
EVX/BTC,1543438033789,2018-11-28T20:47:13.789Z,buy,6.621e-05,16.0,0.00105936
EVX/BTC,1543438038654,2018-11-28T20:47:18.654Z,buy,6.621e-05,16.0,0.00105936
EVX/BTC,1543438048753,2018-11-28T20:47:28.753Z,buy,6.621e-05,26.0,0.00172146
EVX/BTC,1543438052373,2018-11-28T20:47:32.373Z,sell,6.609e-05,128.0,0.00845952
EVX/BTC,1543438065907,2018-11-28T20:47:45.907Z,buy,6.621e-05,36.0,0.00238356
EVX/BTC,1543438070683,2018-11-28T20:47:50.683Z,buy,6.621e-05,36.0,0.00238356
EVX/BTC,1543438077094,2018-11-28T20:47:57.094Z,buy,6.621e-05,36.0,0.00238356
EVX/BTC,1543438084207,2018-11-28T20:48:04.207Z,buy,6.621e-05,37.0,0.00244977
EVX/BTC,1543438084207,2018-11-28T20:48:04.207Z,buy,6.644e-05,99.0,0.00657756
EVX/BTC,1543438168212,2018-11-28T20:49:28.212Z,buy,6.64e-05,135.0,0.008964
EVX/BTC,1543438258521,2018-11-28T20:50:58.521Z,buy,6.64e-05,5.0,0.000332
EVX/BTC,1543438258521,2018-11-28T20:50:58.521Z,buy,6.644e-05,79.0,0.00524876
EVX/BTC,1543438343080,2018-11-28T20:52:23.080Z,sell,6.61e-05,23.0,0.0015202999999999
EVX/BTC,1543438397444,2018-11-28T20:53:17.444Z,buy,6.641e-05,34.0,0.00225794
EVX/BTC,1543438397444,2018-11-28T20:53:17.444Z,buy,6.643e-05,2.0,0.00013286
EVX/BTC,1543438417515,2018-11-28T20:53:37.515Z,buy,6.641e-05,260.0,0.0172666
EVX/BTC,1543438417515,2018-11-28T20:53:37.515Z,buy,6.643e-05,1.0,6.643e-05
EVX/BTC,1543438420105,2018-11-28T20:53:40.105Z,sell,6.64e-05,165.0,0.010956
EVX/BTC,1543438420122,2018-11-28T20:53:40.122Z,sell,6.64e-05,140.0,0.009296
EVX/BTC,1543438420698,2018-11-28T20:53:40.698Z,sell,6.64e-05,1125.0,0.0747
EVX/BTC,1543438425853,2018-11-28T20:53:45.853Z,sell,6.641e-05,343.0,0.0227786299999999
EVX/BTC,1543438426067,2018-11-28T20:53:46.067Z,sell,6.641e-05,124.0,0.00823484
EVX/BTC,1543438431938,2018-11-28T20:53:51.938Z,sell,6.64e-05,1125.0,0.0747
EVX/BTC,1543438440305,2018-11-28T20:54:00.305Z,sell,6.64e-05,1125.0,0.0747
EVX/BTC,1543438451423,2018-11-28T20:54:11.423Z,sell,6.64e-05,50.0,0.00332
EVX/BTC,1543438474787,2018-11-28T20:54:34.787Z,sell,6.64e-05,1125.0,0.0747
EVX/BTC,1543438479650,2018-11-28T20:54:39.650Z,sell,6.64e-05,1044.0,0.0693216
EVX/BTC,1543438479650,2018-11-28T20:54:39.650Z,sell,6.61e-05,356.0,0.0235315999999999
EVX/BTC,1543438507423,2018-11-28T20:55:07.423Z,sell,6.607e-05,7169.0,0.4736558299999999
EVX/BTC,1543438515140,2018-11-28T20:55:15.140Z,sell,6.607e-05,648.0,0.0428133599999999
EVX/BTC,1543438647690,2018-11-28T20:57:27.690Z,buy,6.611e-05,69.0,0.00456159
EVX/BTC,1543438647690,2018-11-28T20:57:27.690Z,buy,6.611e-05,69.0,0.00456159
EVX/BTC,1543439023283,2018-11-28T21:03:43.283Z,sell,6.581e-05,44.0,0.0028956399999999
EVX/BTC,1543439026008,2018-11-28T21:03:46.008Z,sell,6.581e-05,23.0,0.00151363
EVX/BTC,1543439185654,2018-11-28T21:06:25.654Z,buy,6.611e-05,39.0,0.00257829
EVX/BTC,1543439185654,2018-11-28T21:06:25.654Z,buy,6.612e-05,19.0,0.00125628
EVX/BTC,1543439185654,2018-11-28T21:06:25.654Z,buy,6.622e-05,161.0,0.01066142
EVX/BTC,1543439185654,2018-11-28T21:06:25.654Z,buy,6.623e-05,141.0,0.00933843
EVX/BTC,1543439190518,2018-11-28T21:06:30.518Z,buy,6.623e-05,359.0,0.0237765699999999
EVX/BTC,1543439192243,2018-11-28T21:06:32.243Z,buy,6.623e-05,540.0,0.0357641999999999
EVX/BTC,1543439192243,2018-11-28T21:06:32.243Z,buy,6.644e-05,502.0,0.0333528799999999
EVX/BTC,1543439192243,2018-11-28T21:06:32.243Z,buy,6.645e-05,615.0,0.04086675
EVX/BTC,1543439215548,2018-11-28T21:06:55.548Z,buy,6.645e-05,141.0,0.00936945
EVX/BTC,1543439218915,2018-11-28T21:06:58.915Z,buy,6.645e-05,23.0,0.00152835
EVX/BTC,1543439225374,2018-11-28T21:07:05.374Z,buy,6.645e-05,47.0,0.00312315
EVX/BTC,1543439232050,2018-11-28T21:07:12.050Z,buy,6.645e-05,23.0,0.00152835
EVX/BTC,1543439616349,2018-11-28T21:13:36.349Z,sell,6.596e-05,27.0,0.00178092
EVX/BTC,1543439720542,2018-11-28T21:15:20.542Z,sell,6.599e-05,275.0,0.01814725
EVX/BTC,1543439720542,2018-11-28T21:15:20.542Z,sell,6.598e-05,272.0,0.01794656
EVX/BTC,1543439720542,2018-11-28T21:15:20.542Z,sell,6.597e-05,2248.0,0.14830056
EVX/BTC,1543439720542,2018-11-28T21:15:20.542Z,sell,6.596e-05,2720.0,0.1794112
EVX/BTC,1543439743980,2018-11-28T21:15:43.980Z,sell,6.596e-05,4190.0,0.2763724
EVX/BTC,1543439744042,2018-11-28T21:15:44.042Z,buy,6.596e-05,239.0,0.01576444
EVX/BTC,1543439744059,2018-11-28T21:15:44.059Z,buy,6.596e-05,178.0,0.01174088
EVX/BTC,1543439744080,2018-11-28T21:15:44.080Z,buy,6.596e-05,178.0,0.01174088
EVX/BTC,1543439744785,2018-11-28T21:15:44.785Z,buy,6.596e-05,29.0,0.0019128399999999
EVX/BTC,1543439744811,2018-11-28T21:15:44.811Z,buy,6.596e-05,33.0,0.00217668
EVX/BTC,1543439745695,2018-11-28T21:15:45.695Z,buy,6.595e-05,64.0,0.0042208
EVX/BTC,1543439753088,2018-11-28T21:15:53.088Z,buy,6.595e-05,238.0,0.0156961
EVX/BTC,1543439753088,2018-11-28T21:15:53.088Z,buy,6.596e-05,22.0,0.00145112
EVX/BTC,1543439754706,2018-11-28T21:15:54.706Z,buy,6.596e-05,238.0,0.01569848
EVX/BTC,1543439840431,2018-11-28T21:17:20.431Z,sell,6.583e-05,23.0,0.00151409
EVX/BTC,1543439840431,2018-11-28T21:17:20.431Z,sell,6.534e-05,117.0,0.0076447799999999
EVX/BTC,1543439840431,2018-11-28T21:17:20.431Z,sell,6.529e-05,99.0,0.00646371
EVX/BTC,1543439841068,2018-11-28T21:17:21.068Z,buy,6.568e-05,98.0,0.0064366399999999
EVX/BTC,1543439865997,2018-11-28T21:17:45.997Z,sell,6.525e-05,33.0,0.00215325
EVX/BTC,1543439870191,2018-11-28T21:17:50.191Z,sell,6.536e-05,611.0,0.03993496
EVX/BTC,1543439870191,2018-11-28T21:17:50.191Z,sell,6.528e-05,864.0,0.05640192
EVX/BTC,1543439870191,2018-11-28T21:17:50.191Z,sell,6.525e-05,120.0,0.00783
EVX/BTC,1543439870213,2018-11-28T21:17:50.213Z,buy,6.525e-05,1741.0,0.11360025
EVX/BTC,1543439870220,2018-11-28T21:17:50.220Z,buy,6.525e-05,454.0,0.0296235
EVX/BTC,1543439884304,2018-11-28T21:18:04.304Z,buy,6.567e-05,46.0,0.00302082
EVX/BTC,1543439889395,2018-11-28T21:18:09.395Z,sell,6.525e-05,398.0,0.0259695
EVX/BTC,1543439889395,2018-11-28T21:18:09.395Z,sell,6.522e-05,691.0,0.04506702
EVX/BTC,1543439889395,2018-11-28T21:18:09.395Z,sell,6.521e-05,191.0,0.0124551099999999
EVX/BTC,1543439889395,2018-11-28T21:18:09.395Z,sell,6.519e-05,9.0,0.00058671
EVX/BTC,1543439889395,2018-11-28T21:18:09.395Z,sell,6.503e-05,39.0,0.00253617
EVX/BTC,1543439889395,2018-11-28T21:18:09.395Z,sell,6.502e-05,139.0,0.00903778
EVX/BTC,1543439890780,2018-11-28T21:18:10.780Z,buy,6.5e-05,75.0,0.004875
EVX/BTC,1543439891372,2018-11-28T21:18:11.372Z,buy,6.5e-05,121.0,0.0078649999999999
EVX/BTC,1543439891804,2018-11-28T21:18:11.804Z,sell,6.498e-05,92.0,0.00597816
EVX/BTC,1543439906802,2018-11-28T21:18:26.802Z,sell,6.489e-05,133.0,0.00863037
EVX/BTC,1543439908482,2018-11-28T21:18:28.482Z,buy,6.499e-05,70.0,0.0045493
EVX/BTC,1543439921574,2018-11-28T21:18:41.574Z,buy,6.5e-05,50.0,0.00325
EVX/BTC,1543439924980,2018-11-28T21:18:44.980Z,buy,6.5e-05,1910.0,0.1241499999999999
EVX/BTC,1543439931030,2018-11-28T21:18:51.030Z,sell,6.5e-05,1329.0,0.0863849999999999
EVX/BTC,1543439931030,2018-11-28T21:18:51.030Z,sell,6.479e-05,138.0,0.00894102
EVX/BTC,1543439931030,2018-11-28T21:18:51.030Z,sell,6.478e-05,139.0,0.00900442
EVX/BTC,1543439931030,2018-11-28T21:18:51.030Z,sell,6.467e-05,877.0,0.05671559
EVX/BTC,1543439931030,2018-11-28T21:18:51.030Z,sell,6.464e-05,276.0,0.01784064
EVX/BTC,1543439931030,2018-11-28T21:18:51.030Z,sell,6.462e-05,899.0,0.05809338
EVX/BTC,1543439931057,2018-11-28T21:18:51.057Z,buy,6.45e-05,286.0,0.0184469999999999
EVX/BTC,1543439931064,2018-11-28T21:18:51.064Z,buy,6.45e-05,177.0,0.0114165
EVX/BTC,1543439931070,2018-11-28T21:18:51.070Z,buy,6.45e-05,286.0,0.0184469999999999
EVX/BTC,1543439931074,2018-11-28T21:18:51.074Z,buy,6.45e-05,244.0,0.015738
EVX/BTC,1543439931096,2018-11-28T21:18:51.096Z,buy,6.45e-05,169.0,0.0109004999999999
EVX/BTC,1543439931117,2018-11-28T21:18:51.117Z,buy,6.45e-05,35.0,0.0022575
EVX/BTC,1543439931419,2018-11-28T21:18:51.419Z,buy,6.45e-05,121.0,0.0078045
EVX/BTC,1543439932117,2018-11-28T21:18:52.117Z,buy,6.45e-05,125.0,0.0080625
EVX/BTC,1543439932176,2018-11-28T21:18:52.176Z,buy,6.45e-05,125.0,0.0080625
EVX/BTC,1543439933012,2018-11-28T21:18:53.012Z,buy,6.45e-05,70.0,0.004515
EVX/BTC,1543439934099,2018-11-28T21:18:54.099Z,sell,6.437e-05,46.0,0.00296102
EVX/BTC,1543439934099,2018-11-28T21:18:54.099Z,sell,6.434e-05,24.0,0.00154416
EVX/BTC,1543439934139,2018-11-28T21:18:54.139Z,buy,6.435e-05,283.0,0.01821105
EVX/BTC,1543439936751,2018-11-28T21:18:56.751Z,sell,6.438e-05,21.0,0.00135198
EVX/BTC,1543439943627,2018-11-28T21:19:03.627Z,sell,6.438e-05,30.0,0.0019314
EVX/BTC,1543439944961,2018-11-28T21:19:04.961Z,buy,6.45e-05,47.0,0.0030315
EVX/BTC,1543439945208,2018-11-28T21:19:05.208Z,buy,6.45e-05,44.0,0.002838
EVX/BTC,1543439952565,2018-11-28T21:19:12.565Z,sell,6.438e-05,39.0,0.00251082
EVX/BTC,1543439952653,2018-11-28T21:19:12.653Z,buy,6.438e-05,17.0,0.00109446
EVX/BTC,1543439958263,2018-11-28T21:19:18.263Z,buy,6.45e-05,3264.0,0.210528
EVX/BTC,1543439958360,2018-11-28T21:19:18.360Z,sell,6.431e-05,108.0,0.0069454799999999
EVX/BTC,1543439975250,2018-11-28T21:19:35.250Z,sell,6.427e-05,154.0,0.00989758
EVX/BTC,1543439975250,2018-11-28T21:19:35.250Z,sell,6.424e-05,3.0,0.0001927199999999
EVX/BTC,1543439977341,2018-11-28T21:19:37.341Z,sell,6.424e-05,71.0,0.00456104
EVX/BTC,1543440062661,2018-11-28T21:21:02.661Z,sell,6.43e-05,23.0,0.0014789
EVX/BTC,1543440062699,2018-11-28T21:21:02.699Z,buy,6.43e-05,96.0,0.0061728
EVX/BTC,1543440062707,2018-11-28T21:21:02.707Z,buy,6.43e-05,1.0,6.43e-05
EVX/BTC,1543440106021,2018-11-28T21:21:46.021Z,sell,6.431e-05,160.0,0.0102896
EVX/BTC,1543440106021,2018-11-28T21:21:46.021Z,sell,6.424e-05,365.0,0.0234476
EVX/BTC,1543440106021,2018-11-28T21:21:46.021Z,sell,6.422e-05,141.0,0.00905502
EVX/BTC,1543440106021,2018-11-28T21:21:46.021Z,sell,6.407e-05,44.0,0.00281908
EVX/BTC,1543440106021,2018-11-28T21:21:46.021Z,sell,6.401e-05,1447.0,0.09262247
EVX/BTC,1543440106021,2018-11-28T21:21:46.021Z,sell,6.398e-05,23.0,0.00147154
EVX/BTC,1543440106021,2018-11-28T21:21:46.021Z,sell,6.394e-05,196.0,0.01253224
EVX/BTC,1543440106042,2018-11-28T21:21:46.042Z,buy,6.394e-05,606.0,0.03874764
EVX/BTC,1543440106050,2018-11-28T21:21:46.050Z,buy,6.394e-05,11.0,0.00070334
EVX/BTC,1543440106050,2018-11-28T21:21:46.050Z,buy,6.458e-05,310.0,0.0200197999999999
EVX/BTC,1543440106050,2018-11-28T21:21:46.050Z,buy,6.464e-05,46.0,0.00297344
EVX/BTC,1543440106050,2018-11-28T21:21:46.050Z,buy,6.475e-05,154.0,0.0099715
EVX/BTC,1543440106050,2018-11-28T21:21:46.050Z,buy,6.482e-05,85.0,0.0055097
EVX/BTC,1543440107478,2018-11-28T21:21:47.478Z,buy,6.473e-05,121.0,0.00783233
EVX/BTC,1543440107478,2018-11-28T21:21:47.478Z,buy,6.48e-05,170.0,0.011016
EVX/BTC,1543440108280,2018-11-28T21:21:48.280Z,buy,6.449e-05,23.0,0.00148327
EVX/BTC,1543440108280,2018-11-28T21:21:48.280Z,buy,6.48e-05,74.0,0.0047952
EVX/BTC,1543440108280,2018-11-28T21:21:48.280Z,buy,6.481e-05,193.0,0.01250833
EVX/BTC,1543440122433,2018-11-28T21:22:02.433Z,buy,6.477e-05,63.0,0.00408051
EVX/BTC,1543440132228,2018-11-28T21:22:12.228Z,sell,6.44e-05,20.0,0.0012879999999999
EVX/BTC,1543440133423,2018-11-28T21:22:13.423Z,sell,6.44e-05,170.0,0.010948
EVX/BTC,1543440133657,2018-11-28T21:22:13.657Z,sell,6.44e-05,42.0,0.0027048
EVX/BTC,1543440134941,2018-11-28T21:22:14.941Z,sell,6.439e-05,66.0,0.00424974
EVX/BTC,1543440135132,2018-11-28T21:22:15.132Z,sell,6.439e-05,66.0,0.00424974
EVX/BTC,1543440135428,2018-11-28T21:22:15.428Z,sell,6.439e-05,27.0,0.0017385299999999
EVX/BTC,1543440146587,2018-11-28T21:22:26.587Z,buy,6.439e-05,623.0,0.04011497
EVX/BTC,1543440152200,2018-11-28T21:22:32.200Z,buy,6.459e-05,157.0,0.01014063
EVX/BTC,1543440174595,2018-11-28T21:22:54.595Z,buy,6.45e-05,141.0,0.0090945
EVX/BTC,1543440175596,2018-11-28T21:22:55.596Z,buy,6.449e-05,75.0,0.00483675
EVX/BTC,1543440177519,2018-11-28T21:22:57.519Z,buy,6.467e-05,23.0,0.00148741
EVX/BTC,1543440178334,2018-11-28T21:22:58.334Z,sell,6.467e-05,144.0,0.00931248
EVX/BTC,1543440178591,2018-11-28T21:22:58.591Z,buy,6.468e-05,140.0,0.0090552
EVX/BTC,1543440179594,2018-11-28T21:22:59.594Z,buy,6.481e-05,413.0,0.02676653
EVX/BTC,1543440184594,2018-11-28T21:23:04.594Z,buy,6.482e-05,24.0,0.00155568
EVX/BTC,1543440186594,2018-11-28T21:23:06.594Z,buy,6.484e-05,139.0,0.00901276
EVX/BTC,1543440192596,2018-11-28T21:23:12.596Z,buy,6.48e-05,290.0,0.018792
EVX/BTC,1543440255864,2018-11-28T21:24:15.864Z,buy,6.496e-05,65.0,0.0042224
EVX/BTC,1543440581790,2018-11-28T21:29:41.790Z,sell,6.48e-05,27.0,0.0017496
EVX/BTC,1543440581836,2018-11-28T21:29:41.836Z,sell,6.477e-05,139.0,0.00900303
EVX/BTC,1543440581874,2018-11-28T21:29:41.874Z,sell,6.467e-05,139.0,0.00898913
EVX/BTC,1543440593254,2018-11-28T21:29:53.254Z,buy,6.495e-05,89.0,0.00578055
EVX/BTC,1543440613556,2018-11-28T21:30:13.556Z,buy,6.495e-05,129.0,0.00837855
EVX/BTC,1543440632077,2018-11-28T21:30:32.077Z,buy,6.495e-05,93.0,0.00604035
EVX/BTC,1543440651928,2018-11-28T21:30:51.928Z,buy,6.495e-05,139.0,0.00902805
EVX/BTC,1543440653924,2018-11-28T21:30:53.924Z,sell,6.477e-05,23.0,0.00148971
EVX/BTC,1543440653924,2018-11-28T21:30:53.924Z,sell,6.47e-05,140.0,0.009058
EVX/BTC,1543440653924,2018-11-28T21:30:53.924Z,sell,6.467e-05,117.0,0.00756639
EVX/BTC,1543440664084,2018-11-28T21:31:04.084Z,buy,6.494e-05,128.0,0.00831232
EVX/BTC,1543440665115,2018-11-28T21:31:05.115Z,sell,6.468e-05,58.0,0.00375144
EVX/BTC,1543440724361,2018-11-28T21:32:04.361Z,sell,6.471e-05,39.0,0.00252369
EVX/BTC,1543440857604,2018-11-28T21:34:17.604Z,sell,6.471e-05,143.0,0.00925353
EVX/BTC,1543440857604,2018-11-28T21:34:17.604Z,sell,6.47e-05,308.0,0.0199276
EVX/BTC,1543440857604,2018-11-28T21:34:17.604Z,sell,6.467e-05,1149.0,0.07430583
EVX/BTC,1543440882835,2018-11-28T21:34:42.835Z,sell,6.467e-05,16.0,0.00103472
EVX/BTC,1543440882836,2018-11-28T21:34:42.836Z,sell,6.467e-05,169.0,0.01092923
EVX/BTC,1543440882842,2018-11-28T21:34:42.842Z,sell,6.467e-05,31.0,0.00200477
EVX/BTC,1543440882891,2018-11-28T21:34:42.891Z,sell,6.467e-05,31.0,0.00200477
EVX/BTC,1543440920513,2018-11-28T21:35:20.513Z,sell,6.467e-05,69.0,0.00446223
EVX/BTC,1543441037963,2018-11-28T21:37:17.963Z,sell,6.467e-05,1346.0,0.08704582
EVX/BTC,1543441037963,2018-11-28T21:37:17.963Z,sell,6.463e-05,140.0,0.0090482
EVX/BTC,1543441049135,2018-11-28T21:37:29.135Z,sell,6.43e-05,120.0,0.007716
EVX/BTC,1543441064274,2018-11-28T21:37:44.274Z,sell,6.437e-05,114.0,0.00733818
EVX/BTC,1543441114122,2018-11-28T21:38:34.122Z,sell,6.443e-05,57.0,0.00367251
EVX/BTC,1543441114224,2018-11-28T21:38:34.224Z,buy,6.458e-05,58.0,0.0037456399999999
EVX/BTC,1543441118665,2018-11-28T21:38:38.665Z,buy,6.465e-05,16.0,0.0010344
EVX/BTC,1543441138096,2018-11-28T21:38:58.096Z,buy,6.465e-05,145.0,0.00937425
EVX/BTC,1543441146568,2018-11-28T21:39:06.568Z,buy,6.493e-05,16.0,0.00103888
EVX/BTC,1543441166722,2018-11-28T21:39:26.722Z,sell,6.451e-05,68.0,0.00438668
EVX/BTC,1543441171308,2018-11-28T21:39:31.308Z,buy,6.493e-05,20.0,0.0012986
EVX/BTC,1543441179506,2018-11-28T21:39:39.506Z,sell,6.453e-05,81.0,0.0052269299999999
EVX/BTC,1543441236734,2018-11-28T21:40:36.734Z,buy,6.494e-05,16.0,0.00103904
EVX/BTC,1543441313540,2018-11-28T21:41:53.540Z,sell,6.456e-05,71.0,0.00458376
EVX/BTC,1543441324578,2018-11-28T21:42:04.578Z,buy,6.495e-05,16.0,0.0010392
EVX/BTC,1543441338940,2018-11-28T21:42:18.940Z,buy,6.495e-05,134.0,0.0087033
EVX/BTC,1543441344659,2018-11-28T21:42:24.659Z,buy,6.496e-05,29.0,0.00188384
EVX/BTC,1543441348875,2018-11-28T21:42:28.875Z,buy,6.496e-05,47.0,0.00305312
EVX/BTC,1543441355075,2018-11-28T21:42:35.075Z,buy,6.496e-05,47.0,0.00305312
EVX/BTC,1543441358693,2018-11-28T21:42:38.693Z,buy,6.496e-05,47.0,0.00305312
EVX/BTC,1543441363500,2018-11-28T21:42:43.500Z,buy,6.496e-05,47.0,0.00305312
EVX/BTC,1543441370586,2018-11-28T21:42:50.586Z,buy,6.496e-05,149.0,0.00967904
EVX/BTC,1543441374499,2018-11-28T21:42:54.499Z,buy,6.496e-05,32.0,0.00207872
EVX/BTC,1543441374578,2018-11-28T21:42:54.578Z,sell,6.496e-05,80.0,0.0051968
EVX/BTC,1543441374590,2018-11-28T21:42:54.590Z,sell,6.456e-05,80.0,0.0051648
EVX/BTC,1543441383808,2018-11-28T21:43:03.808Z,buy,6.499e-05,16.0,0.00103984
EVX/BTC,1543441392091,2018-11-28T21:43:12.091Z,buy,6.499e-05,80.0,0.0051992
EVX/BTC,1543441396552,2018-11-28T21:43:16.552Z,buy,6.499e-05,120.0,0.0077988
EVX/BTC,1543441404618,2018-11-28T21:43:24.618Z,buy,6.499e-05,60.0,0.0038994
EVX/BTC,1543441408395,2018-11-28T21:43:28.395Z,buy,6.499e-05,66.0,0.00428934
EVX/BTC,1543441408395,2018-11-28T21:43:28.395Z,buy,6.501e-05,52.0,0.00338052
EVX/BTC,1543441445209,2018-11-28T21:44:05.209Z,sell,6.457e-05,820.0,0.0529474
EVX/BTC,1543441451563,2018-11-28T21:44:11.563Z,buy,6.457e-05,167.0,0.01078319
EVX/BTC,1543441456669,2018-11-28T21:44:16.669Z,sell,6.456e-05,60.0,0.0038736
EVX/BTC,1543441457725,2018-11-28T21:44:17.725Z,sell,6.456e-05,81.0,0.00522936
EVX/BTC,1543441464610,2018-11-28T21:44:24.610Z,buy,6.457e-05,384.0,0.02479488
EVX/BTC,1543441493040,2018-11-28T21:44:53.040Z,sell,6.431e-05,133.0,0.00855323
EVX/BTC,1543441526210,2018-11-28T21:45:26.210Z,sell,6.441e-05,116.0,0.00747156
EVX/BTC,1543441650737,2018-11-28T21:47:30.737Z,buy,6.457e-05,375.0,0.02421375
EVX/BTC,1543441686214,2018-11-28T21:48:06.214Z,sell,6.458e-05,115.0,0.0074267
EVX/BTC,1543441720092,2018-11-28T21:48:40.092Z,sell,6.459e-05,121.0,0.00781539
EVX/BTC,1543441756741,2018-11-28T21:49:16.741Z,sell,6.458e-05,142.0,0.0091703599999999
EVX/BTC,1543441784837,2018-11-28T21:49:44.837Z,sell,6.457e-05,32.0,0.00206624
EVX/BTC,1543441801804,2018-11-28T21:50:01.804Z,sell,6.458e-05,142.0,0.0091703599999999
EVX/BTC,1543441811577,2018-11-28T21:50:11.577Z,sell,6.458e-05,136.0,0.00878288
EVX/BTC,1543441830714,2018-11-28T21:50:30.714Z,sell,6.458e-05,48.0,0.0030998399999999
EVX/BTC,1543441849059,2018-11-28T21:50:49.059Z,sell,6.458e-05,132.0,0.0085245599999999
EVX/BTC,1543441867099,2018-11-28T21:51:07.099Z,sell,6.458e-05,78.0,0.0050372399999999
EVX/BTC,1543441884599,2018-11-28T21:51:24.599Z,sell,6.458e-05,100.0,0.0064579999999999
EVX/BTC,1543441902753,2018-11-28T21:51:42.753Z,sell,6.458e-05,91.0,0.00587678
EVX/BTC,1543441920740,2018-11-28T21:52:00.740Z,sell,6.459e-05,104.0,0.00671736
EVX/BTC,1543441939085,2018-11-28T21:52:19.085Z,sell,6.46e-05,83.0,0.0053618
EVX/BTC,1543441950968,2018-11-28T21:52:30.968Z,buy,6.498e-05,17.0,0.00110466
EVX/BTC,1543441974806,2018-11-28T21:52:54.806Z,sell,6.454e-05,142.0,0.00916468
EVX/BTC,1543442008011,2018-11-28T21:53:28.011Z,sell,6.452e-05,130.0,0.0083876
EVX/BTC,1543442019878,2018-11-28T21:53:39.878Z,sell,6.453e-05,83.0,0.00535599
EVX/BTC,1543442037904,2018-11-28T21:53:57.904Z,sell,6.453e-05,141.0,0.00909873
EVX/BTC,1543442049103,2018-11-28T21:54:09.103Z,sell,6.453e-05,118.0,0.0076145399999999
EVX/BTC,1543442049103,2018-11-28T21:54:09.103Z,sell,6.453e-05,118.0,0.0076145399999999
EVX/BTC,1543442308804,2018-11-28T21:58:28.804Z,buy,6.496e-05,24.0,0.00155904
EVX/BTC,1543442328351,2018-11-28T21:58:48.351Z,sell,6.452e-05,98.0,0.00632296
EVX/BTC,1543442346503,2018-11-28T21:59:06.503Z,sell,6.445e-05,126.0,0.0081207
EVX/BTC,1543442366195,2018-11-28T21:59:26.195Z,buy,6.495e-05,16.0,0.0010392
EVX/BTC,1543442366791,2018-11-28T21:59:26.791Z,sell,6.45e-05,136.0,0.0087719999999999
EVX/BTC,1543442403982,2018-11-28T22:00:03.982Z,sell,6.447e-05,141.0,0.00909027
EVX/BTC,1543442413925,2018-11-28T22:00:13.925Z,sell,6.448e-05,82.0,0.00528736
EVX/BTC,1543442432667,2018-11-28T22:00:32.667Z,sell,6.445e-05,105.0,0.00676725
EVX/BTC,1543442451621,2018-11-28T22:00:51.621Z,sell,6.445e-05,110.0,0.0070894999999999
EVX/BTC,1543442510515,2018-11-28T22:01:50.515Z,buy,6.493e-05,210.0,0.0136353
EVX/BTC,1543442547622,2018-11-28T22:02:27.622Z,sell,6.458e-05,57.0,0.00368106
EVX/BTC,1543442567241,2018-11-28T22:02:47.241Z,sell,6.459e-05,55.0,0.00355245
EVX/BTC,1543442585383,2018-11-28T22:03:05.383Z,sell,6.458e-05,141.0,0.0091057799999999
EVX/BTC,1543442613647,2018-11-28T22:03:33.647Z,sell,6.458e-05,74.0,0.00477892
EVX/BTC,1543442641342,2018-11-28T22:04:01.342Z,sell,6.458e-05,133.0,0.0085891399999999
EVX/BTC,1543442658852,2018-11-28T22:04:18.852Z,sell,6.459e-05,61.0,0.00393999
EVX/BTC,1543442677205,2018-11-28T22:04:37.205Z,sell,6.458e-05,88.0,0.0056830399999999
EVX/BTC,1543442695902,2018-11-28T22:04:55.902Z,sell,6.458e-05,133.0,0.0085891399999999
EVX/BTC,1543442713810,2018-11-28T22:05:13.810Z,sell,6.445e-05,68.0,0.0043825999999999
EVX/BTC,1543442732970,2018-11-28T22:05:32.970Z,sell,6.445e-05,85.0,0.00547825
EVX/BTC,1543442751438,2018-11-28T22:05:51.438Z,sell,6.445e-05,69.0,0.0044470499999999
EVX/BTC,1543442769419,2018-11-28T22:06:09.419Z,sell,6.446e-05,82.0,0.00528572
EVX/BTC,1543442810043,2018-11-28T22:06:50.043Z,sell,6.445e-05,128.0,0.0082496
EVX/BTC,1543442837888,2018-11-28T22:07:17.888Z,sell,6.445e-05,69.0,0.0044470499999999
EVX/BTC,1543442856723,2018-11-28T22:07:36.723Z,sell,6.446e-05,108.0,0.00696168
EVX/BTC,1543442874604,2018-11-28T22:07:54.604Z,sell,6.445e-05,81.0,0.00522045
EVX/BTC,1543442891948,2018-11-28T22:08:11.948Z,sell,6.445e-05,110.0,0.0070894999999999
EVX/BTC,1543442910361,2018-11-28T22:08:30.361Z,sell,6.445e-05,67.0,0.00431815
EVX/BTC,1543442928437,2018-11-28T22:08:48.437Z,sell,6.445e-05,101.0,0.0065094499999999
EVX/BTC,1543442945823,2018-11-28T22:09:05.823Z,sell,6.445e-05,141.0,0.0090874499999999
EVX/BTC,1543442963866,2018-11-28T22:09:23.866Z,sell,6.445e-05,78.0,0.0050271
EVX/BTC,1543442982780,2018-11-28T22:09:42.780Z,sell,6.445e-05,142.0,0.0091519
EVX/BTC,1543442993340,2018-11-28T22:09:53.340Z,sell,6.445e-05,137.0,0.00882965
EVX/BTC,1543442997019,2018-11-28T22:09:57.019Z,buy,6.475e-05,48.0,0.003108
EVX/BTC,1543443019078,2018-11-28T22:10:19.078Z,sell,6.446e-05,141.0,0.00908886
EVX/BTC,1543443029620,2018-11-28T22:10:29.620Z,sell,6.445e-05,68.0,0.0043825999999999
EVX/BTC,1543443048742,2018-11-28T22:10:48.742Z,sell,6.445e-05,128.0,0.0082496
EVX/BTC,1543443058879,2018-11-28T22:10:58.879Z,sell,6.444e-05,16.0,0.00103104
EVX/BTC,1543443067170,2018-11-28T22:11:07.170Z,sell,6.445e-05,134.0,0.0086363
EVX/BTC,1543443085841,2018-11-28T22:11:25.841Z,sell,6.427e-05,92.0,0.00591284
EVX/BTC,1543443085993,2018-11-28T22:11:25.993Z,sell,6.427e-05,50.0,0.0032135
EVX/BTC,1543443096452,2018-11-28T22:11:36.452Z,sell,6.427e-05,79.0,0.00507733
EVX/BTC,1543443108979,2018-11-28T22:11:48.979Z,sell,6.429e-05,49.0,0.0031502099999999
EVX/BTC,1543443127563,2018-11-28T22:12:07.563Z,sell,6.429e-05,121.0,0.00777909
EVX/BTC,1543443150553,2018-11-28T22:12:30.553Z,sell,6.432e-05,110.0,0.0070751999999999
EVX/BTC,1543443169853,2018-11-28T22:12:49.853Z,sell,6.432e-05,85.0,0.0054671999999999
EVX/BTC,1543443175514,2018-11-28T22:12:55.514Z,sell,6.432e-05,57.0,0.00366624
EVX/BTC,1543443175514,2018-11-28T22:12:55.514Z,sell,6.431e-05,291.0,0.01871421
EVX/BTC,1543443175514,2018-11-28T22:12:55.514Z,sell,6.412e-05,20.0,0.0012824
EVX/BTC,1543443175514,2018-11-28T22:12:55.514Z,sell,6.408e-05,19.0,0.00121752
EVX/BTC,1543443175514,2018-11-28T22:12:55.514Z,sell,6.389e-05,16.0,0.00102224
EVX/BTC,1543443187488,2018-11-28T22:13:07.488Z,buy,6.411e-05,62.0,0.00397482
EVX/BTC,1543443188017,2018-11-28T22:13:08.017Z,buy,6.411e-05,93.0,0.00596223
EVX/BTC,1543443188263,2018-11-28T22:13:08.263Z,buy,6.411e-05,1.0,6.411e-05
EVX/BTC,1543443188465,2018-11-28T22:13:08.465Z,buy,6.417e-05,63.0,0.00404271
EVX/BTC,1543443191152,2018-11-28T22:13:11.152Z,buy,6.467e-05,210.0,0.0135807
EVX/BTC,1543443198182,2018-11-28T22:13:18.182Z,buy,6.466e-05,186.0,0.01202676
EVX/BTC,1543443210708,2018-11-28T22:13:30.708Z,sell,6.419e-05,143.0,0.0091791699999999
EVX/BTC,1543443231784,2018-11-28T22:13:51.784Z,sell,6.418e-05,68.0,0.00436424
EVX/BTC,1543443244084,2018-11-28T22:14:04.084Z,buy,6.465e-05,46.0,0.0029739
EVX/BTC,1543443249259,2018-11-28T22:14:09.259Z,buy,6.464e-05,19.0,0.00122816
EVX/BTC,1543443250984,2018-11-28T22:14:10.984Z,sell,6.418e-05,79.0,0.00507022
EVX/BTC,1543443252290,2018-11-28T22:14:12.290Z,buy,6.464e-05,26.0,0.00168064
EVX/BTC,1543443383931,2018-11-28T22:16:23.931Z,buy,6.456e-05,46.0,0.00296976
EVX/BTC,1543443671425,2018-11-28T22:21:11.425Z,sell,6.424e-05,80.0,0.0051392
EVX/BTC,1543444049639,2018-11-28T22:27:29.639Z,sell,6.424e-05,137.0,0.0088008799999999
EVX/BTC,1543444063562,2018-11-28T22:27:43.562Z,sell,6.428e-05,135.0,0.0086778
EVX/BTC,1543444076150,2018-11-28T22:27:56.150Z,sell,6.429e-05,111.0,0.00713619
EVX/BTC,1543444089900,2018-11-28T22:28:09.900Z,buy,6.454e-05,210.0,0.0135534
EVX/BTC,1543444533487,2018-11-28T22:35:33.487Z,buy,6.456e-05,210.0,0.0135576
EVX/BTC,1543444686177,2018-11-28T22:38:06.177Z,buy,6.456e-05,374.0,0.02414544
EVX/BTC,1543444698680,2018-11-28T22:38:18.680Z,sell,6.457e-05,99.0,0.00639243
EVX/BTC,1543445016465,2018-11-28T22:43:36.465Z,sell,6.457e-05,343.0,0.02214751
EVX/BTC,1543445026588,2018-11-28T22:43:46.588Z,sell,6.457e-05,1102.0,0.07115614
EVX/BTC,1543445154105,2018-11-28T22:45:54.105Z,sell,6.457e-05,404.0,0.02608628
EVX/BTC,1543445164802,2018-11-28T22:46:04.802Z,buy,6.464e-05,59.0,0.00381376
EVX/BTC,1543445197065,2018-11-28T22:46:37.065Z,sell,6.457e-05,1219.0,0.07871083
EVX/BTC,1543445198060,2018-11-28T22:46:38.060Z,sell,6.456e-05,355.0,0.0229188
EVX/BTC,1543445199092,2018-11-28T22:46:39.092Z,sell,6.45e-05,142.0,0.0091589999999999
EVX/BTC,1543445210199,2018-11-28T22:46:50.199Z,buy,6.464e-05,94.0,0.00607616
EVX/BTC,1543445240848,2018-11-28T22:47:20.848Z,buy,6.464e-05,59.0,0.00381376
EVX/BTC,1543445269729,2018-11-28T22:47:49.729Z,buy,6.462e-05,140.0,0.0090468
EVX/BTC,1543445288405,2018-11-28T22:48:08.405Z,buy,6.464e-05,115.0,0.0074336
EVX/BTC,1543445306179,2018-11-28T22:48:26.179Z,buy,6.463e-05,122.0,0.0078848599999999
EVX/BTC,1543445342436,2018-11-28T22:49:02.436Z,buy,6.46e-05,134.0,0.0086564
EVX/BTC,1543445361023,2018-11-28T22:49:21.023Z,buy,6.459e-05,80.0,0.0051672
EVX/BTC,1543445380601,2018-11-28T22:49:40.601Z,buy,6.464e-05,97.0,0.00627008
EVX/BTC,1543445398726,2018-11-28T22:49:58.726Z,buy,6.464e-05,142.0,0.00917888
EVX/BTC,1543445400127,2018-11-28T22:50:00.127Z,sell,6.464e-05,128.0,0.00827392
EVX/BTC,1543445423914,2018-11-28T22:50:23.914Z,buy,6.463e-05,140.0,0.0090482
EVX/BTC,1543445434863,2018-11-28T22:50:34.863Z,buy,6.464e-05,91.0,0.00588224
EVX/BTC,1543445443116,2018-11-28T22:50:43.116Z,buy,6.463e-05,142.0,0.00917746
EVX/BTC,1543445444942,2018-11-28T22:50:44.942Z,buy,6.465e-05,48.0,0.0031032
EVX/BTC,1543445455595,2018-11-28T22:50:55.595Z,buy,6.467e-05,142.0,0.00918314
EVX/BTC,1543445464913,2018-11-28T22:51:04.913Z,sell,6.443e-05,132.0,0.00850476
EVX/BTC,1543445478477,2018-11-28T22:51:18.477Z,buy,6.468e-05,20.0,0.0012936
EVX/BTC,1543445483542,2018-11-28T22:51:23.542Z,buy,6.474e-05,110.0,0.0071213999999999
EVX/BTC,1543445512549,2018-11-28T22:51:52.549Z,buy,6.474e-05,83.0,0.0053734199999999
EVX/BTC,1543445530387,2018-11-28T22:52:10.387Z,buy,6.474e-05,47.0,0.0030427799999999
EVX/BTC,1543445549750,2018-11-28T22:52:29.750Z,buy,6.474e-05,121.0,0.00783354
EVX/BTC,1543445567639,2018-11-28T22:52:47.639Z,buy,6.474e-05,95.0,0.0061502999999999
EVX/BTC,1543445587540,2018-11-28T22:53:07.540Z,buy,6.474e-05,111.0,0.0071861399999999
EVX/BTC,1543445616237,2018-11-28T22:53:36.237Z,buy,6.474e-05,75.0,0.0048555
EVX/BTC,1543445635256,2018-11-28T22:53:55.256Z,buy,6.474e-05,95.0,0.0061502999999999
EVX/BTC,1543445635256,2018-11-28T22:53:55.256Z,buy,6.474e-05,95.0,0.0061502999999999
EVX/BTC,1543445672803,2018-11-28T22:54:32.803Z,buy,6.474e-05,91.0,0.0058913399999999
EVX/BTC,1543445691507,2018-11-28T22:54:51.507Z,buy,6.474e-05,139.0,0.00899886
EVX/BTC,1543445702085,2018-11-28T22:55:02.085Z,buy,6.475e-05,172.0,0.011137
EVX/BTC,1543445704078,2018-11-28T22:55:04.078Z,sell,6.476e-05,218.0,0.0141176799999999
EVX/BTC,1543445707706,2018-11-28T22:55:07.706Z,sell,6.475e-05,62.0,0.0040145
EVX/BTC,1543445707818,2018-11-28T22:55:07.818Z,sell,6.475e-05,46.0,0.0029785
EVX/BTC,1543445717629,2018-11-28T22:55:17.629Z,sell,6.46e-05,94.0,0.0060723999999999
EVX/BTC,1543445764813,2018-11-28T22:56:04.813Z,sell,6.46e-05,35.0,0.002261
EVX/BTC,1543445764813,2018-11-28T22:56:04.813Z,sell,6.454e-05,12.0,0.00077448
EVX/BTC,1543445791537,2018-11-28T22:56:31.537Z,buy,6.474e-05,199.0,0.0128832599999999
EVX/BTC,1543445802219,2018-11-28T22:56:42.219Z,buy,6.473e-05,184.0,0.01191032
EVX/BTC,1543445890157,2018-11-28T22:58:10.157Z,buy,6.473e-05,52.0,0.00336596
EVX/BTC,1543445907294,2018-11-28T22:58:27.294Z,sell,6.447e-05,142.0,0.00915474
EVX/BTC,1543445907294,2018-11-28T22:58:27.294Z,sell,6.434e-05,285.0,0.0183369
EVX/BTC,1543445941045,2018-11-28T22:59:01.045Z,buy,6.474e-05,77.0,0.0049849799999999
EVX/BTC,1543445950977,2018-11-28T22:59:10.977Z,sell,6.444e-05,118.0,0.00760392
EVX/BTC,1543445969619,2018-11-28T22:59:29.619Z,sell,6.445e-05,54.0,0.0034802999999999
EVX/BTC,1543446008202,2018-11-28T23:00:08.202Z,sell,6.427e-05,143.0,0.00919061
EVX/BTC,1543446044138,2018-11-28T23:00:44.138Z,sell,6.429e-05,104.0,0.00668616
EVX/BTC,1543446063080,2018-11-28T23:01:03.080Z,sell,6.429e-05,100.0,0.006429
EVX/BTC,1543446081902,2018-11-28T23:01:21.902Z,sell,6.43e-05,142.0,0.0091306
EVX/BTC,1543446126464,2018-11-28T23:02:06.464Z,sell,6.428e-05,115.0,0.0073922
EVX/BTC,1543446165035,2018-11-28T23:02:45.035Z,sell,6.427e-05,115.0,0.00739105
EVX/BTC,1543446224725,2018-11-28T23:03:44.725Z,sell,6.429e-05,59.0,0.0037931099999999
EVX/BTC,1543446240204,2018-11-28T23:04:00.204Z,sell,6.433e-05,50.0,0.0032165
EVX/BTC,1543446259216,2018-11-28T23:04:19.216Z,sell,6.408e-05,111.0,0.0071128799999999
EVX/BTC,1543446268073,2018-11-28T23:04:28.073Z,buy,6.478e-05,111.0,0.00719058
EVX/BTC,1543446268073,2018-11-28T23:04:28.073Z,buy,6.479e-05,59.0,0.0038226099999999
EVX/BTC,1543446268073,2018-11-28T23:04:28.073Z,buy,6.48e-05,19.0,0.0012312
EVX/BTC,1543446375396,2018-11-28T23:06:15.396Z,sell,6.455e-05,81.0,0.0052285499999999
EVX/BTC,1543446436953,2018-11-28T23:07:16.953Z,buy,6.495e-05,94.0,0.0061053
EVX/BTC,1543446471127,2018-11-28T23:07:51.127Z,buy,6.497e-05,77.0,0.00500269
EVX/BTC,1543446496332,2018-11-28T23:08:16.332Z,sell,6.456e-05,107.0,0.00690792
EVX/BTC,1543446512622,2018-11-28T23:08:32.622Z,sell,6.458e-05,137.0,0.00884746
EVX/BTC,1543446551477,2018-11-28T23:09:11.477Z,sell,6.457e-05,77.0,0.00497189
EVX/BTC,1543446570850,2018-11-28T23:09:30.850Z,sell,6.457e-05,141.0,0.00910437
EVX/BTC,1543446580478,2018-11-28T23:09:40.478Z,sell,6.458e-05,141.0,0.0091057799999999
EVX/BTC,1543446599189,2018-11-28T23:09:59.189Z,sell,6.457e-05,88.0,0.00568216
EVX/BTC,1543446619372,2018-11-28T23:10:19.372Z,sell,6.457e-05,110.0,0.0071027
EVX/BTC,1543446638132,2018-11-28T23:10:38.132Z,sell,6.457e-05,131.0,0.00845867
EVX/BTC,1543446656794,2018-11-28T23:10:56.794Z,sell,6.458e-05,127.0,0.00820166
EVX/BTC,1543446675618,2018-11-28T23:11:15.618Z,sell,6.457e-05,100.0,0.006457
EVX/BTC,1543446693750,2018-11-28T23:11:33.750Z,sell,6.458e-05,118.0,0.0076204399999999
EVX/BTC,1543446712193,2018-11-28T23:11:52.193Z,sell,6.457e-05,118.0,0.00761926
EVX/BTC,1543446740007,2018-11-28T23:12:20.007Z,sell,6.459e-05,136.0,0.00878424
EVX/BTC,1543446767222,2018-11-28T23:12:47.222Z,sell,6.458e-05,105.0,0.0067808999999999
EVX/BTC,1543446785233,2018-11-28T23:13:05.233Z,buy,6.458e-05,116.0,0.0074912799999999
EVX/BTC,1543446804143,2018-11-28T23:13:24.143Z,sell,6.457e-05,117.0,0.00755469
EVX/BTC,1543446823900,2018-11-28T23:13:43.900Z,sell,6.458e-05,134.0,0.00865372
EVX/BTC,1543446886856,2018-11-28T23:14:46.856Z,sell,6.462e-05,103.0,0.00665586
EVX/BTC,1543446895028,2018-11-28T23:14:55.028Z,sell,6.47e-05,349.0,0.0225803
EVX/BTC,1543446919080,2018-11-28T23:15:19.080Z,buy,6.504e-05,78.0,0.00507312
EVX/BTC,1543446949274,2018-11-28T23:15:49.274Z,buy,6.507e-05,136.0,0.00884952
EVX/BTC,1543446976474,2018-11-28T23:16:16.474Z,buy,6.504e-05,73.0,0.00474792
EVX/BTC,1543447009988,2018-11-28T23:16:49.988Z,buy,6.504e-05,140.0,0.0091056
EVX/BTC,1543447035803,2018-11-28T23:17:15.803Z,sell,6.478e-05,98.0,0.00634844
EVX/BTC,1543447054765,2018-11-28T23:17:34.765Z,sell,6.482e-05,141.0,0.00913962
EVX/BTC,1543447066511,2018-11-28T23:17:46.511Z,sell,6.484e-05,16.0,0.00103744
EVX/BTC,1543447076205,2018-11-28T23:17:56.205Z,buy,6.497e-05,23.0,0.00149431
EVX/BTC,1543447076205,2018-11-28T23:17:56.205Z,buy,6.504e-05,22.0,0.00143088
EVX/BTC,1543447099239,2018-11-28T23:18:19.239Z,buy,6.507e-05,117.0,0.00761319
EVX/BTC,1543447107176,2018-11-28T23:18:27.176Z,buy,6.507e-05,23.0,0.00149661
EVX/BTC,1543447107176,2018-11-28T23:18:27.176Z,buy,6.508e-05,16.0,0.00104128
EVX/BTC,1543447116300,2018-11-28T23:18:36.300Z,buy,6.506e-05,56.0,0.00364336
EVX/BTC,1543447120112,2018-11-28T23:18:40.112Z,buy,6.506e-05,84.0,0.00546504
EVX/BTC,1543447120112,2018-11-28T23:18:40.112Z,buy,6.508e-05,15.0,0.0009761999999999
EVX/BTC,1543447123982,2018-11-28T23:18:43.982Z,buy,6.507e-05,99.0,0.00644193
EVX/BTC,1543447145057,2018-11-28T23:19:05.057Z,sell,6.489e-05,131.0,0.0085005899999999
EVX/BTC,1543447159009,2018-11-28T23:19:19.009Z,buy,6.508e-05,16.0,0.00104128
EVX/BTC,1543447165680,2018-11-28T23:19:25.680Z,buy,6.508e-05,24.0,0.0015619199999999
EVX/BTC,1543447170522,2018-11-28T23:19:30.522Z,sell,6.495e-05,18.0,0.0011691
EVX/BTC,1543447229611,2018-11-28T23:20:29.611Z,sell,6.495e-05,116.0,0.0075342
EVX/BTC,1543447233247,2018-11-28T23:20:33.247Z,sell,6.496e-05,161.0,0.01045856
EVX/BTC,1543447242740,2018-11-28T23:20:42.740Z,buy,6.507e-05,18.0,0.00117126
EVX/BTC,1543447260312,2018-11-28T23:21:00.312Z,sell,6.494e-05,140.0,0.0090916
EVX/BTC,1543447262617,2018-11-28T23:21:02.617Z,sell,6.496e-05,350.0,0.022736
EVX/BTC,1543447271066,2018-11-28T23:21:11.066Z,buy,6.506e-05,91.0,0.00592046
EVX/BTC,1543447272309,2018-11-28T23:21:12.309Z,sell,6.497e-05,454.0,0.02949638
EVX/BTC,1543447277606,2018-11-28T23:21:17.606Z,buy,6.497e-05,499.0,0.0324200299999999
EVX/BTC,1543447291098,2018-11-28T23:21:31.098Z,sell,6.498e-05,63.0,0.00409374
EVX/BTC,1543447329671,2018-11-28T23:22:09.671Z,sell,6.5e-05,177.0,0.011505
EVX/BTC,1543447349665,2018-11-28T23:22:29.665Z,buy,6.499e-05,1544.0,0.10034456
EVX/BTC,1543447359583,2018-11-28T23:22:39.583Z,sell,6.457e-05,134.0,0.00865238
EVX/BTC,1543447386768,2018-11-28T23:23:06.768Z,buy,6.504e-05,54.0,0.00351216
EVX/BTC,1543447423571,2018-11-28T23:23:43.571Z,buy,6.499e-05,129.0,0.0083837099999999
EVX/BTC,1543447453247,2018-11-28T23:24:13.247Z,buy,6.496e-05,134.0,0.00870464
EVX/BTC,1543447550614,2018-11-28T23:25:50.614Z,sell,6.459e-05,187.0,0.01207833
EVX/BTC,1543447582266,2018-11-28T23:26:22.266Z,buy,6.494e-05,56.0,0.00363664
EVX/BTC,1543447675737,2018-11-28T23:27:55.737Z,sell,6.459e-05,71.0,0.00458589
EVX/BTC,1543447982014,2018-11-28T23:33:02.014Z,buy,6.494e-05,78.0,0.00506532
EVX/BTC,1543449090314,2018-11-28T23:51:30.314Z,buy,6.494e-05,57.0,0.00370158
EVX/BTC,1543449103118,2018-11-28T23:51:43.118Z,buy,6.507e-05,140.0,0.0091098
EVX/BTC,1543449103118,2018-11-28T23:51:43.118Z,buy,6.507e-05,140.0,0.0091098
EVX/BTC,1543449235934,2018-11-28T23:53:55.934Z,buy,6.508e-05,207.0,0.0134715599999999
EVX/BTC,1543449235934,2018-11-28T23:53:55.934Z,buy,6.512e-05,276.0,0.01797312
EVX/BTC,1543449235934,2018-11-28T23:53:55.934Z,buy,6.516e-05,414.0,0.02697624
EVX/BTC,1543449235934,2018-11-28T23:53:55.934Z,buy,6.527e-05,93.0,0.00607011
EVX/BTC,1543449235934,2018-11-28T23:53:55.934Z,buy,6.547e-05,337.0,0.02206339
EVX/BTC,1543449235934,2018-11-28T23:53:55.934Z,buy,6.548e-05,46.0,0.00301208
EVX/BTC,1543449250834,2018-11-28T23:54:10.834Z,sell,6.494e-05,128.0,0.00831232
EVX/BTC,1543449280511,2018-11-28T23:54:40.511Z,buy,6.535e-05,139.0,0.00908365
EVX/BTC,1543449280511,2018-11-28T23:54:40.511Z,buy,6.536e-05,66.0,0.00431376
EVX/BTC,1543449280511,2018-11-28T23:54:40.511Z,buy,6.548e-05,75.0,0.004911
EVX/BTC,1543449280511,2018-11-28T23:54:40.511Z,buy,6.554e-05,46.0,0.00301484
EVX/BTC,1543449280511,2018-11-28T23:54:40.511Z,buy,6.558e-05,398.0,0.02610084
EVX/BTC,1543449280511,2018-11-28T23:54:40.511Z,buy,6.567e-05,38.0,0.00249546
EVX/BTC,1543449338885,2018-11-28T23:55:38.885Z,sell,6.513e-05,77.0,0.0050150099999999
EVX/BTC,1543449419754,2018-11-28T23:56:59.754Z,buy,6.548e-05,99.0,0.00648252
EVX/BTC,1543449470353,2018-11-28T23:57:50.353Z,buy,6.549e-05,74.0,0.00484626
EVX/BTC,1543449519826,2018-11-28T23:58:39.826Z,buy,6.549e-05,62.0,0.00406038
EVX/BTC,1543449636343,2018-11-29T00:00:36.343Z,buy,6.548e-05,729.0,0.04773492
EVX/BTC,1543449636405,2018-11-29T00:00:36.405Z,sell,6.548e-05,73.0,0.00478004
EVX/BTC,1543449636553,2018-11-29T00:00:36.553Z,sell,6.548e-05,74.0,0.00484552
EVX/BTC,1543449637084,2018-11-29T00:00:37.084Z,sell,6.548e-05,38.0,0.00248824
EVX/BTC,1543449637153,2018-11-29T00:00:37.153Z,sell,6.548e-05,30.0,0.0019644
EVX/BTC,1543449637153,2018-11-29T00:00:37.153Z,sell,6.548e-05,70.0,0.0045836
EVX/BTC,1543449637194,2018-11-29T00:00:37.194Z,sell,6.548e-05,21.0,0.00137508
EVX/BTC,1543449637207,2018-11-29T00:00:37.207Z,sell,6.548e-05,20.0,0.0013096
EVX/BTC,1543449637387,2018-11-29T00:00:37.387Z,sell,6.548e-05,169.0,0.01106612
EVX/BTC,1543449637411,2018-11-29T00:00:37.411Z,sell,6.548e-05,157.0,0.01028036
EVX/BTC,1543449638089,2018-11-29T00:00:38.089Z,sell,6.548e-05,75.0,0.004911
EVX/BTC,1543449638625,2018-11-29T00:00:38.625Z,sell,6.548e-05,169.0,0.01106612
EVX/BTC,1543449638994,2018-11-29T00:00:38.994Z,sell,6.548e-05,32.0,0.00209536
EVX/BTC,1543449639536,2018-11-29T00:00:39.536Z,buy,6.567e-05,153.0,0.01004751
EVX/BTC,1543449639536,2018-11-29T00:00:39.536Z,buy,6.568e-05,1.0,6.568e-05
EVX/BTC,1543449639536,2018-11-29T00:00:39.536Z,buy,6.583e-05,15.0,0.00098745
EVX/BTC,1543449643932,2018-11-29T00:00:43.932Z,sell,6.548e-05,79.0,0.00517292
EVX/BTC,1543449731696,2018-11-29T00:02:11.696Z,sell,6.549e-05,38.0,0.00248862
EVX/BTC,1543449832851,2018-11-29T00:03:52.851Z,buy,6.58e-05,56.0,0.0036848
EVX/BTC,1543450218963,2018-11-29T00:10:18.963Z,buy,6.582e-05,151.0,0.00993882
EVX/BTC,1543450274719,2018-11-29T00:11:14.719Z,buy,6.582e-05,16.0,0.00105312
EVX/BTC,1543450396414,2018-11-29T00:13:16.414Z,buy,6.582e-05,552.0,0.03633264
EVX/BTC,1543450403737,2018-11-29T00:13:23.737Z,sell,6.582e-05,47.0,0.00309354
EVX/BTC,1543450410823,2018-11-29T00:13:30.823Z,sell,6.582e-05,21.0,0.00138222
EVX/BTC,1543450413002,2018-11-29T00:13:33.002Z,sell,6.582e-05,36.0,0.00236952
EVX/BTC,1543450413081,2018-11-29T00:13:33.081Z,sell,6.582e-05,140.0,0.0092148
EVX/BTC,1543450425427,2018-11-29T00:13:45.427Z,buy,6.555e-05,290.0,0.0190095
EVX/BTC,1543450425601,2018-11-29T00:13:45.601Z,sell,6.542e-05,55.0,0.0035980999999999
EVX/BTC,1543450425601,2018-11-29T00:13:45.601Z,sell,6.541e-05,138.0,0.00902658
EVX/BTC,1543450425635,2018-11-29T00:13:45.635Z,buy,6.532e-05,55.0,0.0035926
EVX/BTC,1543450425646,2018-11-29T00:13:45.646Z,buy,6.532e-05,43.0,0.00280876
