symbol,timestamp,datetime,side,price,amount,btc_volume
FUEL/BTC,1584306524619,2020-03-15T21:08:44.619Z,buy,2.6e-07,986814.0,0.25657164
FUEL/BTC,1584307470881,2020-03-15T21:24:30.881Z,buy,2.6e-07,14896.0,0.00387296
FUEL/BTC,1584308104343,2020-03-15T21:35:04.343Z,sell,2.5e-07,407.0,0.0001017499999999
FUEL/BTC,1584308434631,2020-03-15T21:40:34.631Z,buy,2.6e-07,1600.0,0.000416
FUEL/BTC,1584308802516,2020-03-15T21:46:42.516Z,buy,2.6e-07,9579.0,0.00249054
FUEL/BTC,1584308802516,2020-03-15T21:46:42.516Z,buy,2.6e-07,9579.0,0.00249054
FUEL/BTC,1584310217733,2020-03-15T22:10:17.733Z,buy,2.6e-07,96153.0,0.02499978
FUEL/BTC,1584310356475,2020-03-15T22:12:36.475Z,buy,2.6e-07,531.0,0.00013806
FUEL/BTC,1584310610717,2020-03-15T22:16:50.717Z,sell,2.5e-07,15972.0,0.003993
FUEL/BTC,1584310638164,2020-03-15T22:17:18.164Z,buy,2.6e-07,8424.0,0.00219024
FUEL/BTC,1584310638911,2020-03-15T22:17:18.911Z,sell,2.5e-07,47916.0,0.011979
FUEL/BTC,1584311923669,2020-03-15T22:38:43.669Z,buy,2.6e-07,237562.0,0.06176612
FUEL/BTC,1584311923669,2020-03-15T22:38:43.669Z,buy,2.6e-07,237562.0,0.06176612
FUEL/BTC,1584312877167,2020-03-15T22:54:37.167Z,buy,2.6e-07,1401075.0,0.3642795
FUEL/BTC,1584312878476,2020-03-15T22:54:38.476Z,buy,2.6e-07,1401.0,0.00036426
FUEL/BTC,1584314351343,2020-03-15T23:19:11.343Z,buy,2.6e-07,576.0,0.00014976
FUEL/BTC,1584314455022,2020-03-15T23:20:55.022Z,buy,2.6e-07,1110.0,0.0002886
FUEL/BTC,1584314671245,2020-03-15T23:24:31.245Z,sell,2.5e-07,842.0,0.0002105
FUEL/BTC,1584314867762,2020-03-15T23:27:47.762Z,sell,2.5e-07,421.0,0.00010525
FUEL/BTC,1584314867762,2020-03-15T23:27:47.762Z,sell,2.5e-07,421.0,0.00010525
FUEL/BTC,1584315648107,2020-03-15T23:40:48.107Z,sell,2.5e-07,1402476.0,0.3506189999999999
FUEL/BTC,1584315812340,2020-03-15T23:43:32.340Z,sell,2.5e-07,421.0,0.00010525
FUEL/BTC,1584316114512,2020-03-15T23:48:34.512Z,buy,2.6e-07,1187.0,0.00030862
FUEL/BTC,1584316118490,2020-03-15T23:48:38.490Z,sell,2.5e-07,593.0,0.00014825
FUEL/BTC,1584316157802,2020-03-15T23:49:17.802Z,buy,2.6e-07,552.0,0.00014352
FUEL/BTC,1584316160700,2020-03-15T23:49:20.700Z,sell,2.5e-07,572.0,0.000143
FUEL/BTC,1584317213317,2020-03-16T00:06:53.317Z,sell,2.5e-07,1000.0,0.00025
FUEL/BTC,1584317232991,2020-03-16T00:07:12.991Z,sell,2.5e-07,403596.0,0.1008989999999999
FUEL/BTC,1584317243720,2020-03-16T00:07:23.720Z,buy,2.6e-07,1564.0,0.00040664
FUEL/BTC,1584317249156,2020-03-16T00:07:29.156Z,sell,2.5e-07,1601.0,0.00040025
FUEL/BTC,1584317872449,2020-03-16T00:17:52.449Z,buy,2.6e-07,830.0,0.0002158
FUEL/BTC,1584318009477,2020-03-16T00:20:09.477Z,buy,2.6e-07,1706.0,0.00044356
FUEL/BTC,1584318013975,2020-03-16T00:20:13.975Z,sell,2.5e-07,766.0,0.0001915
FUEL/BTC,1584318013975,2020-03-16T00:20:13.975Z,sell,2.5e-07,766.0,0.0001915
FUEL/BTC,1584319050037,2020-03-16T00:37:30.037Z,buy,2.6e-07,647.0,0.00016822
FUEL/BTC,1584319055258,2020-03-16T00:37:35.258Z,sell,2.5e-07,2210.0,0.0005524999999999
FUEL/BTC,1584319069829,2020-03-16T00:37:49.829Z,buy,2.6e-07,525.0,0.0001365
FUEL/BTC,1584319069829,2020-03-16T00:37:49.829Z,buy,2.6e-07,525.0,0.0001365
FUEL/BTC,1584322510739,2020-03-16T01:35:10.739Z,sell,2.5e-07,946.0,0.0002365
FUEL/BTC,1584322510739,2020-03-16T01:35:10.739Z,sell,2.5e-07,946.0,0.0002365
FUEL/BTC,1584326081760,2020-03-16T02:34:41.760Z,sell,2.5e-07,25007.0,0.0062517499999999
FUEL/BTC,1584326081760,2020-03-16T02:34:41.760Z,sell,2.5e-07,25007.0,0.0062517499999999
FUEL/BTC,1584326683118,2020-03-16T02:44:43.118Z,sell,2.5e-07,160000.0,0.04
FUEL/BTC,1584326691684,2020-03-16T02:44:51.684Z,sell,2.5e-07,160000.0,0.04
FUEL/BTC,1584327038046,2020-03-16T02:50:38.046Z,buy,2.6e-07,463.0,0.00012038
FUEL/BTC,1584327042648,2020-03-16T02:50:42.648Z,sell,2.5e-07,584.0,0.000146
FUEL/BTC,1584327143041,2020-03-16T02:52:23.041Z,sell,2.5e-07,56274.0,0.0140685
FUEL/BTC,1584327143041,2020-03-16T02:52:23.041Z,sell,2.5e-07,56274.0,0.0140685
FUEL/BTC,1584333028135,2020-03-16T04:30:28.135Z,sell,2.5e-07,384186.0,0.0960464999999999
FUEL/BTC,1584333028135,2020-03-16T04:30:28.135Z,sell,2.5e-07,384186.0,0.0960464999999999
FUEL/BTC,1584333308065,2020-03-16T04:35:08.065Z,sell,2.5e-07,549.0,0.00013725
FUEL/BTC,1584333737922,2020-03-16T04:42:17.922Z,sell,2.5e-07,277777.0,0.06944425
FUEL/BTC,1584334198121,2020-03-16T04:49:58.121Z,buy,2.6e-07,407.0,0.00010582
FUEL/BTC,1584334200616,2020-03-16T04:50:00.616Z,sell,2.5e-07,601.0,0.00015025
FUEL/BTC,1584334200616,2020-03-16T04:50:00.616Z,sell,2.5e-07,601.0,0.00015025
FUEL/BTC,1584337618633,2020-03-16T05:46:58.633Z,sell,2.5e-07,989142.0,0.2472855
FUEL/BTC,1584337618633,2020-03-16T05:46:58.633Z,sell,2.5e-07,989142.0,0.2472855
FUEL/BTC,1584337917930,2020-03-16T05:51:57.930Z,sell,2.5e-07,869565.0,0.2173912499999999
FUEL/BTC,1584338088471,2020-03-16T05:54:48.471Z,sell,2.5e-07,369776.0,0.092444
FUEL/BTC,1584338121072,2020-03-16T05:55:21.072Z,sell,2.5e-07,320037.0,0.0800092499999999
FUEL/BTC,1584338375830,2020-03-16T05:59:35.830Z,sell,2.5e-07,1811400.0,0.45285
FUEL/BTC,1584338438926,2020-03-16T06:00:38.926Z,sell,2.5e-07,944794.0,0.2361984999999999
FUEL/BTC,1584338450335,2020-03-16T06:00:50.335Z,buy,2.6e-07,400.0,0.000104
FUEL/BTC,1584338503449,2020-03-16T06:01:43.449Z,sell,2.5e-07,2060272.0,0.515068
FUEL/BTC,1584338552316,2020-03-16T06:02:32.316Z,sell,2.5e-07,5896018.0,1.4740045
FUEL/BTC,1584338566023,2020-03-16T06:02:46.023Z,sell,2.5e-07,1643620.0,0.4109049999999999
FUEL/BTC,1584338605032,2020-03-16T06:03:25.032Z,buy,2.5e-07,8695.0,0.00217375
FUEL/BTC,1584338654192,2020-03-16T06:04:14.192Z,sell,2.4e-07,100000.0,0.0239999999999999
FUEL/BTC,1584338654192,2020-03-16T06:04:14.192Z,sell,2.4e-07,8350.0,0.0020039999999999
FUEL/BTC,1584338705862,2020-03-16T06:05:05.862Z,sell,2.4e-07,25351.0,0.0060842399999999
FUEL/BTC,1584338821189,2020-03-16T06:07:01.189Z,buy,2.5e-07,8328.0,0.002082
FUEL/BTC,1584339356297,2020-03-16T06:15:56.297Z,buy,2.5e-07,1004.0,0.000251
FUEL/BTC,1584339630584,2020-03-16T06:20:30.584Z,sell,2.4e-07,2083333.0,0.4999999199999999
FUEL/BTC,1584339669507,2020-03-16T06:21:09.507Z,buy,2.5e-07,44421.0,0.0111052499999999
FUEL/BTC,1584339781551,2020-03-16T06:23:01.551Z,buy,2.5e-07,3000.0,0.00075
FUEL/BTC,1584339972657,2020-03-16T06:26:12.657Z,sell,2.4e-07,986463.0,0.2367511199999999
FUEL/BTC,1584340519599,2020-03-16T06:35:19.599Z,sell,2.4e-07,25781.0,0.00618744
FUEL/BTC,1584340721869,2020-03-16T06:38:41.869Z,sell,2.4e-07,722716.0,0.17345184
FUEL/BTC,1584340766026,2020-03-16T06:39:26.026Z,buy,2.5e-07,10373.0,0.00259325
FUEL/BTC,1584340771680,2020-03-16T06:39:31.680Z,sell,2.4e-07,28000.0,0.0067199999999999
FUEL/BTC,1584340890329,2020-03-16T06:41:30.329Z,sell,2.4e-07,131052.0,0.03145248
FUEL/BTC,1584341160317,2020-03-16T06:46:00.317Z,sell,2.4e-07,96811.0,0.0232346399999999
FUEL/BTC,1584341160317,2020-03-16T06:46:00.317Z,sell,2.4e-07,96811.0,0.0232346399999999
FUEL/BTC,1584341263149,2020-03-16T06:47:43.149Z,sell,2.4e-07,378126.0,0.09075024
FUEL/BTC,1584341359340,2020-03-16T06:49:19.340Z,sell,2.4e-07,6000.0,0.0014399999999999
FUEL/BTC,1584342243011,2020-03-16T07:04:03.011Z,sell,2.4e-07,147696.0,0.03544704
FUEL/BTC,1584342362371,2020-03-16T07:06:02.371Z,sell,2.4e-07,64382.0,0.0154516799999999
FUEL/BTC,1584343369135,2020-03-16T07:22:49.135Z,sell,2.4e-07,192143.0,0.0461143199999999
FUEL/BTC,1584343991080,2020-03-16T07:33:11.080Z,sell,2.4e-07,286318.0,0.06871632
FUEL/BTC,1584344101914,2020-03-16T07:35:01.914Z,sell,2.4e-07,1054.0,0.00025296
FUEL/BTC,1584344216496,2020-03-16T07:36:56.496Z,sell,2.4e-07,171505.0,0.0411611999999999
FUEL/BTC,1584344278365,2020-03-16T07:37:58.365Z,sell,2.4e-07,6332533.0,1.51980792
FUEL/BTC,1584344281965,2020-03-16T07:38:01.965Z,sell,2.4e-07,3475791.0,0.83418984
FUEL/BTC,1584344286835,2020-03-16T07:38:06.835Z,sell,2.4e-07,241363.0,0.0579271199999999
FUEL/BTC,1584344289332,2020-03-16T07:38:09.332Z,buy,2.4e-07,2219.0,0.00053256
FUEL/BTC,1584344590851,2020-03-16T07:43:10.851Z,buy,2.4e-07,314166.0,0.07539984
FUEL/BTC,1584344616270,2020-03-16T07:43:36.270Z,buy,2.4e-07,10471.0,0.00251304
FUEL/BTC,1584344648053,2020-03-16T07:44:08.053Z,buy,2.4e-07,223750.0,0.0537
FUEL/BTC,1584344648053,2020-03-16T07:44:08.053Z,buy,2.4e-07,223750.0,0.0537
FUEL/BTC,1584344865064,2020-03-16T07:47:45.064Z,buy,2.4e-07,22879.0,0.00549096
FUEL/BTC,1584345162714,2020-03-16T07:52:42.714Z,sell,2.3e-07,2383071.0,0.54810633
FUEL/BTC,1584345164900,2020-03-16T07:52:44.900Z,sell,2.2e-07,2041.0,0.00044902
FUEL/BTC,1584345165362,2020-03-16T07:52:45.362Z,buy,2.3e-07,2801.0,0.00064423
FUEL/BTC,1584345173798,2020-03-16T07:52:53.798Z,sell,2.2e-07,8686.0,0.00191092
FUEL/BTC,1584345177735,2020-03-16T07:52:57.735Z,buy,2.3e-07,6596.0,0.0015170799999999
FUEL/BTC,1584345309899,2020-03-16T07:55:09.899Z,buy,2.3e-07,435.0,0.0001000499999999
FUEL/BTC,1584345319288,2020-03-16T07:55:19.288Z,buy,2.3e-07,130434.0,0.02999982
FUEL/BTC,1584346045616,2020-03-16T08:07:25.616Z,buy,2.3e-07,17391.0,0.00399993
FUEL/BTC,1584346049866,2020-03-16T08:07:29.866Z,sell,2.2e-07,31982.0,0.00703604
FUEL/BTC,1584346071745,2020-03-16T08:07:51.745Z,buy,2.3e-07,10031.0,0.00230713
FUEL/BTC,1584346349407,2020-03-16T08:12:29.407Z,buy,2.3e-07,4347.0,0.00099981
FUEL/BTC,1584346451493,2020-03-16T08:14:11.493Z,buy,2.3e-07,434351.0,0.09990073
FUEL/BTC,1584347717102,2020-03-16T08:35:17.102Z,buy,2.3e-07,3081.0,0.00070863
FUEL/BTC,1584347723137,2020-03-16T08:35:23.137Z,buy,2.3e-07,625.0,0.00014375
FUEL/BTC,1584348087239,2020-03-16T08:41:27.239Z,buy,2.3e-07,794626.0,0.18276398
FUEL/BTC,1584348087239,2020-03-16T08:41:27.239Z,buy,2.3e-07,794626.0,0.18276398
FUEL/BTC,1584349207093,2020-03-16T09:00:07.093Z,buy,2.4e-07,3182.0,0.00076368
FUEL/BTC,1584349219870,2020-03-16T09:00:19.870Z,sell,2.3e-07,10739.0,0.00246997
FUEL/BTC,1584349462148,2020-03-16T09:04:22.148Z,buy,2.4e-07,833.0,0.0001999199999999
FUEL/BTC,1584349970212,2020-03-16T09:12:50.212Z,sell,2.3e-07,21972.0,0.0050535599999999
FUEL/BTC,1584349996545,2020-03-16T09:13:16.545Z,buy,2.4e-07,833.0,0.0001999199999999
FUEL/BTC,1584351302351,2020-03-16T09:35:02.351Z,sell,2.3e-07,1537.0,0.0003535099999999
FUEL/BTC,1584351367387,2020-03-16T09:36:07.387Z,sell,2.3e-07,16667.0,0.0038334099999999
FUEL/BTC,1584351367387,2020-03-16T09:36:07.387Z,sell,2.3e-07,16667.0,0.0038334099999999
FUEL/BTC,1584353082241,2020-03-16T10:04:42.241Z,buy,2.4e-07,5000.0,0.0012
FUEL/BTC,1584353467587,2020-03-16T10:11:07.587Z,sell,2.3e-07,748981.0,0.17226563
FUEL/BTC,1584353508990,2020-03-16T10:11:48.990Z,sell,2.3e-07,361323.0,0.08310429
FUEL/BTC,1584353524387,2020-03-16T10:12:04.387Z,buy,2.4e-07,8773.0,0.0021055199999999
FUEL/BTC,1584353570925,2020-03-16T10:12:50.925Z,sell,2.3e-07,100000.0,0.023
FUEL/BTC,1584353775018,2020-03-16T10:16:15.018Z,sell,2.3e-07,341222.0,0.0784810599999999
FUEL/BTC,1584353981131,2020-03-16T10:19:41.131Z,sell,2.3e-07,38940.0,0.0089562
FUEL/BTC,1584354352102,2020-03-16T10:25:52.102Z,buy,2.3e-07,144915.0,0.03333045
FUEL/BTC,1584354897454,2020-03-16T10:34:57.454Z,sell,2.3e-07,478.0,0.00010994
FUEL/BTC,1584354897454,2020-03-16T10:34:57.454Z,sell,2.3e-07,478.0,0.00010994
FUEL/BTC,1584355164261,2020-03-16T10:39:24.261Z,sell,2.3e-07,86869.0,0.01997987
FUEL/BTC,1584355365414,2020-03-16T10:42:45.414Z,sell,2.3e-07,59455.0,0.01367465
FUEL/BTC,1584355778252,2020-03-16T10:49:38.252Z,sell,2.3e-07,249124.0,0.05729852
FUEL/BTC,1584356459181,2020-03-16T11:00:59.181Z,sell,2.3e-07,327357.0,0.07529211
FUEL/BTC,1584356532922,2020-03-16T11:02:12.922Z,sell,2.2e-07,20443.0,0.00449746
FUEL/BTC,1584356539224,2020-03-16T11:02:19.224Z,buy,2.3e-07,492050.0,0.1131715
FUEL/BTC,1584356539224,2020-03-16T11:02:19.224Z,buy,2.3e-07,492050.0,0.1131715
FUEL/BTC,1584358966436,2020-03-16T11:42:46.436Z,sell,2.3e-07,172240.0,0.0396151999999999
FUEL/BTC,1584360043111,2020-03-16T12:00:43.111Z,sell,2.3e-07,2500.0,0.000575
FUEL/BTC,1584360050177,2020-03-16T12:00:50.177Z,sell,2.3e-07,2500.0,0.000575
FUEL/BTC,1584360050177,2020-03-16T12:00:50.177Z,sell,2.3e-07,2500.0,0.000575
FUEL/BTC,1584361705699,2020-03-16T12:28:25.699Z,sell,2.3e-07,24374.0,0.00560602
FUEL/BTC,1584361756493,2020-03-16T12:29:16.493Z,sell,2.3e-07,20891.0,0.00480493
FUEL/BTC,1584362141733,2020-03-16T12:35:41.733Z,buy,2.4e-07,50000.0,0.0119999999999999
FUEL/BTC,1584362593740,2020-03-16T12:43:13.740Z,sell,2.3e-07,99014.0,0.02277322
FUEL/BTC,1584362593740,2020-03-16T12:43:13.740Z,sell,2.3e-07,99014.0,0.02277322
FUEL/BTC,1584364228346,2020-03-16T13:10:28.346Z,sell,2.3e-07,443209.0,0.1019380699999999
FUEL/BTC,1584364325704,2020-03-16T13:12:05.704Z,buy,2.4e-07,8690.0,0.0020856
FUEL/BTC,1584365177215,2020-03-16T13:26:17.215Z,sell,2.3e-07,3311537.0,0.76165351
FUEL/BTC,1584365418513,2020-03-16T13:30:18.513Z,sell,2.3e-07,18007.0,0.0041416099999999
FUEL/BTC,1584365655321,2020-03-16T13:34:15.321Z,sell,2.3e-07,21987.0,0.00505701
FUEL/BTC,1584365764217,2020-03-16T13:36:04.217Z,sell,2.3e-07,18512.0,0.00425776
FUEL/BTC,1584365764217,2020-03-16T13:36:04.217Z,sell,2.3e-07,18512.0,0.00425776
FUEL/BTC,1584366435724,2020-03-16T13:47:15.724Z,sell,2.3e-07,16649.0,0.00382927
FUEL/BTC,1584366487487,2020-03-16T13:48:07.487Z,sell,2.3e-07,6000.0,0.00138
FUEL/BTC,1584367228509,2020-03-16T14:00:28.509Z,buy,2.4e-07,12996.0,0.0031190399999999
FUEL/BTC,1584367557015,2020-03-16T14:05:57.015Z,buy,2.4e-07,8333.0,0.0019999199999999
FUEL/BTC,1584367557054,2020-03-16T14:05:57.054Z,sell,2.3e-07,1994.0,0.0004586199999999
FUEL/BTC,1584367557151,2020-03-16T14:05:57.151Z,sell,2.3e-07,2000.0,0.00046
FUEL/BTC,1584367557350,2020-03-16T14:05:57.350Z,sell,2.3e-07,1994.0,0.0004586199999999
FUEL/BTC,1584367566940,2020-03-16T14:06:06.940Z,sell,2.3e-07,8333.0,0.00191659
FUEL/BTC,1584367869212,2020-03-16T14:11:09.212Z,sell,2.3e-07,26000.0,0.00598
FUEL/BTC,1584367869212,2020-03-16T14:11:09.212Z,sell,2.3e-07,26000.0,0.00598
FUEL/BTC,1584370928002,2020-03-16T15:02:08.002Z,sell,2.3e-07,1117172.0,0.25694956
FUEL/BTC,1584370928002,2020-03-16T15:02:08.002Z,sell,2.3e-07,1117172.0,0.25694956
FUEL/BTC,1584371591281,2020-03-16T15:13:11.281Z,buy,2.4e-07,4440.0,0.0010655999999999
FUEL/BTC,1584371602261,2020-03-16T15:13:22.261Z,sell,2.3e-07,9496.0,0.00218408
FUEL/BTC,1584372770248,2020-03-16T15:32:50.248Z,buy,2.4e-07,211203.0,0.0506887199999999
FUEL/BTC,1584373897356,2020-03-16T15:51:37.356Z,sell,2.3e-07,2287.0,0.00052601
FUEL/BTC,1584373897356,2020-03-16T15:51:37.356Z,sell,2.3e-07,2287.0,0.00052601
FUEL/BTC,1584375971135,2020-03-16T16:26:11.135Z,buy,2.4e-07,176592.0,0.0423820799999999
FUEL/BTC,1584375971135,2020-03-16T16:26:11.135Z,buy,2.4e-07,176592.0,0.0423820799999999
FUEL/BTC,1584377597173,2020-03-16T16:53:17.173Z,buy,2.4e-07,421.0,0.00010104
FUEL/BTC,1584377684264,2020-03-16T16:54:44.264Z,sell,2.3e-07,115265.0,0.02651095
FUEL/BTC,1584378999214,2020-03-16T17:16:39.214Z,buy,2.4e-07,416666.0,0.0999998399999999
FUEL/BTC,1584379395397,2020-03-16T17:23:15.397Z,buy,2.4e-07,2083333.0,0.4999999199999999
FUEL/BTC,1584379417596,2020-03-16T17:23:37.596Z,buy,2.4e-07,27092.0,0.0065020799999999
FUEL/BTC,1584379549835,2020-03-16T17:25:49.835Z,buy,2.4e-07,16666.0,0.0039998399999999
FUEL/BTC,1584379549835,2020-03-16T17:25:49.835Z,buy,2.4e-07,16666.0,0.0039998399999999
FUEL/BTC,1584379722769,2020-03-16T17:28:42.769Z,buy,2.4e-07,3438.0,0.0008251199999999
FUEL/BTC,1584379810818,2020-03-16T17:30:10.818Z,buy,2.4e-07,52935.0,0.0127044
FUEL/BTC,1584380247927,2020-03-16T17:37:27.927Z,buy,2.4e-07,1952.0,0.0004684799999999
FUEL/BTC,1584380914912,2020-03-16T17:48:34.912Z,sell,2.4e-07,1952.0,0.0004684799999999
FUEL/BTC,1584381785960,2020-03-16T18:03:05.960Z,sell,2.4e-07,156929.0,0.0376629599999999
FUEL/BTC,1584381883300,2020-03-16T18:04:43.300Z,sell,2.3e-07,500.0,0.000115
FUEL/BTC,1584382246899,2020-03-16T18:10:46.899Z,buy,2.4e-07,214730.0,0.0515351999999999
FUEL/BTC,1584382447897,2020-03-16T18:14:07.897Z,sell,2.4e-07,101985.0,0.0244764
FUEL/BTC,1584382491156,2020-03-16T18:14:51.156Z,sell,2.3e-07,112530.0,0.0258819
FUEL/BTC,1584383028247,2020-03-16T18:23:48.247Z,buy,2.4e-07,12500.0,0.0029999999999999
FUEL/BTC,1584383028247,2020-03-16T18:23:48.247Z,buy,2.4e-07,12500.0,0.0029999999999999
FUEL/BTC,1584383772034,2020-03-16T18:36:12.034Z,buy,2.4e-07,118026.0,0.02832624
FUEL/BTC,1584383852130,2020-03-16T18:37:32.130Z,sell,2.4e-07,18362.0,0.0044068799999999
FUEL/BTC,1584385405038,2020-03-16T19:03:25.038Z,sell,2.4e-07,3438.0,0.0008251199999999
FUEL/BTC,1584386143412,2020-03-16T19:15:43.412Z,sell,2.4e-07,112418.0,0.02698032
FUEL/BTC,1584386215659,2020-03-16T19:16:55.659Z,sell,2.4e-07,2562.0,0.0006148799999999
FUEL/BTC,1584386220853,2020-03-16T19:17:00.853Z,sell,2.4e-07,2492.0,0.00059808
FUEL/BTC,1584386220853,2020-03-16T19:17:00.853Z,sell,2.4e-07,2492.0,0.00059808
FUEL/BTC,1584386846004,2020-03-16T19:27:26.004Z,buy,2.5e-07,310838.0,0.0777095
FUEL/BTC,1584386920702,2020-03-16T19:28:40.702Z,buy,2.5e-07,1267.0,0.00031675
FUEL/BTC,1584386928110,2020-03-16T19:28:48.110Z,sell,2.4e-07,949.0,0.0002277599999999
FUEL/BTC,1584386928110,2020-03-16T19:28:48.110Z,sell,2.4e-07,52935.0,0.0127044
FUEL/BTC,1584387004537,2020-03-16T19:30:04.537Z,sell,2.4e-07,1000.0,0.0002399999999999
FUEL/BTC,1584387227675,2020-03-16T19:33:47.675Z,sell,2.4e-07,354469.0,0.0850725599999999
FUEL/BTC,1584387304357,2020-03-16T19:35:04.357Z,buy,2.4e-07,490.0,0.0001175999999999
FUEL/BTC,1584387869449,2020-03-16T19:44:29.449Z,buy,2.4e-07,125000.0,0.03
FUEL/BTC,1584387924377,2020-03-16T19:45:24.377Z,buy,2.4e-07,16997.0,0.0040792799999999
FUEL/BTC,1584388934345,2020-03-16T20:02:14.345Z,buy,2.4e-07,1476.0,0.0003542399999999
FUEL/BTC,1584388939520,2020-03-16T20:02:19.520Z,sell,2.3e-07,448.0,0.00010304
FUEL/BTC,1584389236131,2020-03-16T20:07:16.131Z,sell,2.3e-07,401668.0,0.09238364
FUEL/BTC,1584389423646,2020-03-16T20:10:23.646Z,buy,2.4e-07,8333.0,0.0019999199999999
FUEL/BTC,1584389437936,2020-03-16T20:10:37.936Z,sell,2.3e-07,8325.0,0.00191475
FUEL/BTC,1584389437936,2020-03-16T20:10:37.936Z,sell,2.3e-07,8325.0,0.00191475
FUEL/BTC,1584392643336,2020-03-16T21:04:03.336Z,sell,2.3e-07,4670942.0,1.07431666
FUEL/BTC,1584392643336,2020-03-16T21:04:03.336Z,sell,2.3e-07,4670942.0,1.07431666
FUEL/BTC,1584393141948,2020-03-16T21:12:21.948Z,sell,2.3e-07,1344.0,0.0003091199999999
FUEL/BTC,1584393215455,2020-03-16T21:13:35.455Z,buy,2.4e-07,8333.0,0.0019999199999999
FUEL/BTC,1584393237155,2020-03-16T21:13:57.155Z,sell,2.3e-07,81071.0,0.01864633
FUEL/BTC,1584393249795,2020-03-16T21:14:09.795Z,sell,2.3e-07,8324.0,0.0019145199999999
FUEL/BTC,1584394498479,2020-03-16T21:34:58.479Z,sell,2.3e-07,564.0,0.00012972
FUEL/BTC,1584394498479,2020-03-16T21:34:58.479Z,sell,2.3e-07,564.0,0.00012972
FUEL/BTC,1584396325294,2020-03-16T22:05:25.294Z,sell,2.3e-07,32762.0,0.00753526
FUEL/BTC,1584396761975,2020-03-16T22:12:41.975Z,sell,2.3e-07,15012.0,0.00345276
FUEL/BTC,1584397025620,2020-03-16T22:17:05.620Z,buy,2.4e-07,8333.0,0.0019999199999999
FUEL/BTC,1584397055056,2020-03-16T22:17:35.056Z,sell,2.3e-07,8325.0,0.00191475
FUEL/BTC,1584397055056,2020-03-16T22:17:35.056Z,sell,2.3e-07,8325.0,0.00191475
FUEL/BTC,1584398745807,2020-03-16T22:45:45.807Z,sell,2.3e-07,157894.0,0.03631562
FUEL/BTC,1584398935196,2020-03-16T22:48:55.196Z,sell,2.3e-07,112726.0,0.02592698
FUEL/BTC,1584399304250,2020-03-16T22:55:04.250Z,buy,2.4e-07,1250.0,0.0003
FUEL/BTC,1584399304250,2020-03-16T22:55:04.250Z,buy,2.4e-07,1250.0,0.0003
FUEL/BTC,1584402334908,2020-03-16T23:45:34.908Z,sell,2.3e-07,3753.0,0.00086319
FUEL/BTC,1584402334908,2020-03-16T23:45:34.908Z,sell,2.3e-07,3753.0,0.00086319
FUEL/BTC,1584403244525,2020-03-17T00:00:44.525Z,sell,2.3e-07,1313.0,0.00030199
FUEL/BTC,1584403244525,2020-03-17T00:00:44.525Z,sell,2.3e-07,1313.0,0.00030199
FUEL/BTC,1584406220504,2020-03-17T00:50:20.504Z,sell,2.3e-07,1428.0,0.00032844
FUEL/BTC,1584406220504,2020-03-17T00:50:20.504Z,sell,2.3e-07,1428.0,0.00032844
FUEL/BTC,1584408139707,2020-03-17T01:22:19.707Z,sell,2.3e-07,135795.0,0.03123285
FUEL/BTC,1584408142342,2020-03-17T01:22:22.342Z,buy,2.3e-07,435.0,0.0001000499999999
FUEL/BTC,1584408191446,2020-03-17T01:23:11.446Z,buy,2.3e-07,435.0,0.0001000499999999
FUEL/BTC,1584408254703,2020-03-17T01:24:14.703Z,buy,2.3e-07,435.0,0.0001000499999999
FUEL/BTC,1584408310358,2020-03-17T01:25:10.358Z,buy,2.3e-07,435.0,0.0001000499999999
FUEL/BTC,1584408376256,2020-03-17T01:26:16.256Z,buy,2.3e-07,435.0,0.0001000499999999
FUEL/BTC,1584408380078,2020-03-17T01:26:20.078Z,buy,2.3e-07,435.0,0.0001000499999999
FUEL/BTC,1584408388612,2020-03-17T01:26:28.612Z,buy,2.3e-07,8695.0,0.00199985
FUEL/BTC,1584408405246,2020-03-17T01:26:45.246Z,sell,2.2e-07,8686.0,0.00191092
FUEL/BTC,1584408405246,2020-03-17T01:26:45.246Z,sell,2.2e-07,9000.0,0.00198
FUEL/BTC,1584408405246,2020-03-17T01:26:45.246Z,sell,2.2e-07,34306.0,0.00754732
FUEL/BTC,1584408431163,2020-03-17T01:27:11.163Z,buy,2.3e-07,435.0,0.0001000499999999
FUEL/BTC,1584408440504,2020-03-17T01:27:20.504Z,buy,2.3e-07,3295.0,0.00075785
FUEL/BTC,1584408481882,2020-03-17T01:28:01.882Z,buy,2.3e-07,3260.0,0.0007498
FUEL/BTC,1584408495183,2020-03-17T01:28:15.183Z,buy,2.3e-07,435.0,0.0001000499999999
FUEL/BTC,1584408546629,2020-03-17T01:29:06.629Z,buy,2.3e-07,435.0,0.0001000499999999
FUEL/BTC,1584408615733,2020-03-17T01:30:15.733Z,buy,2.3e-07,435.0,0.0001000499999999
FUEL/BTC,1584408675866,2020-03-17T01:31:15.866Z,buy,2.3e-07,435.0,0.0001000499999999
FUEL/BTC,1584408679948,2020-03-17T01:31:19.948Z,buy,2.3e-07,435.0,0.0001000499999999
FUEL/BTC,1584408713754,2020-03-17T01:31:53.754Z,buy,2.3e-07,435.0,0.0001000499999999
FUEL/BTC,1584408735343,2020-03-17T01:32:15.343Z,buy,2.3e-07,435.0,0.0001000499999999
FUEL/BTC,1584408908236,2020-03-17T01:35:08.236Z,buy,2.3e-07,1953.0,0.00044919
FUEL/BTC,1584408917275,2020-03-17T01:35:17.275Z,buy,2.3e-07,665.0,0.00015295
FUEL/BTC,1584408917275,2020-03-17T01:35:17.275Z,buy,2.3e-07,665.0,0.00015295
FUEL/BTC,1584410260928,2020-03-17T01:57:40.928Z,sell,2.2e-07,237098.0,0.05216156
FUEL/BTC,1584410274928,2020-03-17T01:57:54.928Z,buy,2.3e-07,9013.0,0.00207299
FUEL/BTC,1584410343387,2020-03-17T01:59:03.387Z,sell,2.2e-07,5501.0,0.00121022
FUEL/BTC,1584410596454,2020-03-17T02:03:16.454Z,buy,2.3e-07,6610.0,0.0015203
FUEL/BTC,1584411843657,2020-03-17T02:24:03.657Z,buy,2.3e-07,41621.0,0.00957283
FUEL/BTC,1584411843657,2020-03-17T02:24:03.657Z,buy,2.3e-07,41621.0,0.00957283
FUEL/BTC,1584413141106,2020-03-17T02:45:41.106Z,buy,2.3e-07,195606.0,0.04498938
FUEL/BTC,1584413847664,2020-03-17T02:57:27.664Z,sell,2.3e-07,8433.0,0.00193959
FUEL/BTC,1584413847664,2020-03-17T02:57:27.664Z,sell,2.3e-07,8433.0,0.00193959
FUEL/BTC,1584416096438,2020-03-17T03:34:56.438Z,sell,2.3e-07,2015.0,0.00046345
FUEL/BTC,1584416096438,2020-03-17T03:34:56.438Z,sell,2.3e-07,2015.0,0.00046345
FUEL/BTC,1584418336819,2020-03-17T04:12:16.819Z,sell,2.3e-07,9090.0,0.0020907
FUEL/BTC,1584418336819,2020-03-17T04:12:16.819Z,sell,2.3e-07,9090.0,0.0020907
FUEL/BTC,1584423313503,2020-03-17T05:35:13.503Z,buy,2.4e-07,447.0,0.0001072799999999
FUEL/BTC,1584423331218,2020-03-17T05:35:31.218Z,sell,2.3e-07,10406.0,0.00239338
FUEL/BTC,1584423331218,2020-03-17T05:35:31.218Z,sell,2.3e-07,10406.0,0.00239338
FUEL/BTC,1584424382978,2020-03-17T05:53:02.978Z,sell,2.3e-07,5555.0,0.00127765
FUEL/BTC,1584426130447,2020-03-17T06:22:10.447Z,sell,2.3e-07,24641.0,0.00566743
FUEL/BTC,1584426238979,2020-03-17T06:23:58.979Z,sell,2.3e-07,3788.0,0.00087124
FUEL/BTC,1584426326762,2020-03-17T06:25:26.762Z,sell,2.3e-07,24641.0,0.00566743
FUEL/BTC,1584426422209,2020-03-17T06:27:02.209Z,sell,2.3e-07,24641.0,0.00566743
FUEL/BTC,1584426619993,2020-03-17T06:30:19.993Z,sell,2.3e-07,12059.0,0.00277357
FUEL/BTC,1584426619993,2020-03-17T06:30:19.993Z,sell,2.3e-07,12059.0,0.00277357
FUEL/BTC,1584427435913,2020-03-17T06:43:55.913Z,sell,2.3e-07,83516.0,0.01920868
FUEL/BTC,1584429853297,2020-03-17T07:24:13.297Z,sell,2.3e-07,27662.0,0.00636226
FUEL/BTC,1584429853297,2020-03-17T07:24:13.297Z,sell,2.3e-07,27662.0,0.00636226
FUEL/BTC,1584430511168,2020-03-17T07:35:11.168Z,buy,2.4e-07,468.0,0.00011232
FUEL/BTC,1584430946355,2020-03-17T07:42:26.355Z,buy,2.4e-07,10051565.0,2.4123756
FUEL/BTC,1584430949967,2020-03-17T07:42:29.967Z,buy,2.5e-07,8812516.0,2.203129
FUEL/BTC,1584430953572,2020-03-17T07:42:33.572Z,buy,2.6e-07,770.0,0.0002002
FUEL/BTC,1584430954952,2020-03-17T07:42:34.952Z,sell,2.5e-07,3295.0,0.0008237499999999
FUEL/BTC,1584430955274,2020-03-17T07:42:35.274Z,buy,2.6e-07,2585.0,0.0006721
FUEL/BTC,1584430955971,2020-03-17T07:42:35.971Z,sell,2.5e-07,2000.0,0.0005
FUEL/BTC,1584430955986,2020-03-17T07:42:35.986Z,sell,2.5e-07,1396.0,0.0003489999999999
FUEL/BTC,1584430956077,2020-03-17T07:42:36.077Z,sell,2.5e-07,2000.0,0.0005
FUEL/BTC,1584430956247,2020-03-17T07:42:36.247Z,sell,2.5e-07,1396.0,0.0003489999999999
FUEL/BTC,1584430973431,2020-03-17T07:42:53.431Z,sell,2.5e-07,10471.0,0.00261775
FUEL/BTC,1584430979157,2020-03-17T07:42:59.157Z,sell,2.5e-07,6610.0,0.0016524999999999
FUEL/BTC,1584431000958,2020-03-17T07:43:20.958Z,sell,2.5e-07,5677.0,0.00141925
FUEL/BTC,1584431108211,2020-03-17T07:45:08.211Z,sell,2.5e-07,417.0,0.00010425
FUEL/BTC,1584431334542,2020-03-17T07:48:54.542Z,sell,2.5e-07,100000.0,0.0249999999999999
FUEL/BTC,1584431467305,2020-03-17T07:51:07.305Z,buy,2.6e-07,770.0,0.0002002
FUEL/BTC,1584431502534,2020-03-17T07:51:42.534Z,sell,2.5e-07,9248.0,0.002312
FUEL/BTC,1584431585429,2020-03-17T07:53:05.429Z,sell,2.5e-07,10000.0,0.0025
FUEL/BTC,1584432397157,2020-03-17T08:06:37.157Z,buy,2.6e-07,8930.0,0.0023218
FUEL/BTC,1584432781712,2020-03-17T08:13:01.712Z,sell,2.5e-07,51222.0,0.0128055
FUEL/BTC,1584432783941,2020-03-17T08:13:03.941Z,sell,2.5e-07,57228.0,0.0143069999999999
FUEL/BTC,1584432989381,2020-03-17T08:16:29.381Z,sell,2.5e-07,82098.0,0.0205244999999999
FUEL/BTC,1584432993908,2020-03-17T08:16:33.908Z,buy,2.5e-07,1760.0,0.0004399999999999
FUEL/BTC,1584432993908,2020-03-17T08:16:33.908Z,buy,2.5e-07,1760.0,0.0004399999999999
FUEL/BTC,1584433487408,2020-03-17T08:24:47.408Z,buy,2.5e-07,83026.0,0.0207565
FUEL/BTC,1584433800573,2020-03-17T08:30:00.573Z,buy,2.5e-07,23983.0,0.0059957499999999
FUEL/BTC,1584434106270,2020-03-17T08:35:06.270Z,sell,2.4e-07,1959.0,0.0004701599999999
FUEL/BTC,1584434111737,2020-03-17T08:35:11.737Z,buy,2.5e-07,441.0,0.00011025
FUEL/BTC,1584434111737,2020-03-17T08:35:11.737Z,buy,2.5e-07,441.0,0.00011025
FUEL/BTC,1584437700703,2020-03-17T09:35:00.703Z,sell,2.4e-07,432.0,0.00010368
FUEL/BTC,1584437702740,2020-03-17T09:35:02.740Z,buy,2.5e-07,9840.0,0.00246
FUEL/BTC,1584437702740,2020-03-17T09:35:02.740Z,buy,2.5e-07,9840.0,0.00246
FUEL/BTC,1584438993034,2020-03-17T09:56:33.034Z,buy,2.5e-07,20000000.0,5.0
FUEL/BTC,1584439007267,2020-03-17T09:56:47.267Z,buy,2.5e-07,329953.0,0.08248825
FUEL/BTC,1584439156667,2020-03-17T09:59:16.667Z,buy,2.6e-07,95381.0,0.02479906
FUEL/BTC,1584439161737,2020-03-17T09:59:21.737Z,buy,2.6e-07,6666.0,0.00173316
FUEL/BTC,1584439175593,2020-03-17T09:59:35.593Z,sell,2.5e-07,9488.0,0.002372
FUEL/BTC,1584439505061,2020-03-17T10:05:05.061Z,sell,2.5e-07,16654.0,0.0041635
FUEL/BTC,1584439797056,2020-03-17T10:09:57.056Z,sell,2.5e-07,890421.0,0.2226052499999999
FUEL/BTC,1584440412024,2020-03-17T10:20:12.024Z,sell,2.5e-07,71899.0,0.0179747499999999
FUEL/BTC,1584440463672,2020-03-17T10:21:03.672Z,sell,2.5e-07,5211.0,0.0013027499999999
FUEL/BTC,1584440577071,2020-03-17T10:22:57.071Z,sell,2.5e-07,60967.0,0.01524175
FUEL/BTC,1584440683916,2020-03-17T10:24:43.916Z,buy,2.5e-07,1090.0,0.0002725
FUEL/BTC,1584440738864,2020-03-17T10:25:38.864Z,sell,2.4e-07,19417.0,0.00466008
FUEL/BTC,1584440767531,2020-03-17T10:26:07.531Z,sell,2.4e-07,782709.0,0.18785016
FUEL/BTC,1584440770545,2020-03-17T10:26:10.545Z,buy,2.5e-07,8846.0,0.0022115
FUEL/BTC,1584440770545,2020-03-17T10:26:10.545Z,buy,2.5e-07,8846.0,0.0022115
FUEL/BTC,1584442191032,2020-03-17T10:49:51.032Z,buy,2.5e-07,1258714.0,0.3146784999999999
FUEL/BTC,1584442370783,2020-03-17T10:52:50.783Z,buy,2.6e-07,91581.0,0.02381106
FUEL/BTC,1584442371701,2020-03-17T10:52:51.701Z,buy,2.6e-07,91582.0,0.02381132
FUEL/BTC,1584442371712,2020-03-17T10:52:51.712Z,buy,2.6e-07,21153.0,0.00549978
FUEL/BTC,1584442385632,2020-03-17T10:53:05.632Z,sell,2.5e-07,8893.0,0.00222325
FUEL/BTC,1584443238115,2020-03-17T11:07:18.115Z,buy,2.6e-07,26076.0,0.00677976
FUEL/BTC,1584443336561,2020-03-17T11:08:56.561Z,buy,2.6e-07,39524.0,0.01027624
FUEL/BTC,1584443369968,2020-03-17T11:09:29.968Z,sell,2.5e-07,91606.0,0.0229014999999999
FUEL/BTC,1584443455599,2020-03-17T11:10:55.599Z,buy,2.6e-07,76923.0,0.01999998
FUEL/BTC,1584443509451,2020-03-17T11:11:49.451Z,buy,2.6e-07,2092926.0,0.54416076
FUEL/BTC,1584443545394,2020-03-17T11:12:25.394Z,buy,2.6e-07,1806274.0,0.46963124
FUEL/BTC,1584443571993,2020-03-17T11:12:51.993Z,buy,2.6e-07,188281.0,0.04895306
FUEL/BTC,1584443793608,2020-03-17T11:16:33.608Z,sell,2.5e-07,151086.0,0.0377715
FUEL/BTC,1584443940580,2020-03-17T11:19:00.580Z,buy,2.6e-07,25000.0,0.0065
FUEL/BTC,1584443984406,2020-03-17T11:19:44.406Z,buy,2.6e-07,174156.0,0.04528056
FUEL/BTC,1584444187784,2020-03-17T11:23:07.784Z,sell,2.5e-07,1052.0,0.000263
FUEL/BTC,1584444187784,2020-03-17T11:23:07.784Z,sell,2.5e-07,1052.0,0.000263
FUEL/BTC,1584444626539,2020-03-17T11:30:26.539Z,buy,2.6e-07,176168.0,0.04580368
FUEL/BTC,1584444827427,2020-03-17T11:33:47.427Z,buy,2.6e-07,10261.0,0.00266786
FUEL/BTC,1584444839810,2020-03-17T11:33:59.810Z,buy,2.6e-07,335356.0,0.08719256
FUEL/BTC,1584444867243,2020-03-17T11:34:27.243Z,buy,2.6e-07,9272.0,0.00241072
FUEL/BTC,1584444896743,2020-03-17T11:34:56.743Z,sell,2.5e-07,1971.0,0.00049275
FUEL/BTC,1584445966482,2020-03-17T11:52:46.482Z,buy,2.6e-07,9657096.0,2.51084496
FUEL/BTC,1584445971172,2020-03-17T11:52:51.172Z,buy,2.6e-07,2859658.0,0.74351108
FUEL/BTC,1584445974525,2020-03-17T11:52:54.525Z,buy,2.6e-07,1429829.0,0.37175554
FUEL/BTC,1584445980504,2020-03-17T11:53:00.504Z,buy,2.6e-07,53255.0,0.0138463
FUEL/BTC,1584445983167,2020-03-17T11:53:03.167Z,buy,2.6e-07,643636.0,0.16734536
FUEL/BTC,1584445984618,2020-03-17T11:53:04.618Z,buy,2.6e-07,770.0,0.0002002
FUEL/BTC,1584445985159,2020-03-17T11:53:05.159Z,buy,2.6e-07,43244.0,0.01124344
FUEL/BTC,1584445987123,2020-03-17T11:53:07.123Z,buy,2.6e-07,64366.0,0.01673516
FUEL/BTC,1584445989016,2020-03-17T11:53:09.016Z,buy,2.6e-07,5435.0,0.0014131
FUEL/BTC,1584445991348,2020-03-17T11:53:11.348Z,buy,2.6e-07,74377.0,0.01933802
FUEL/BTC,1584445993160,2020-03-17T11:53:13.160Z,buy,2.6e-07,53255.0,0.0138463
FUEL/BTC,1584445994958,2020-03-17T11:53:14.958Z,buy,2.6e-07,8658.0,0.00225108
FUEL/BTC,1584445996959,2020-03-17T11:53:16.959Z,buy,2.6e-07,54355.0,0.0141323
FUEL/BTC,1584445997818,2020-03-17T11:53:17.818Z,buy,2.6e-07,770.0,0.0002002
FUEL/BTC,1584445999942,2020-03-17T11:53:19.942Z,buy,2.6e-07,86588.0,0.02251288
FUEL/BTC,1584446001632,2020-03-17T11:53:21.632Z,buy,2.6e-07,1282313.0,0.33340138
FUEL/BTC,1584446002143,2020-03-17T11:53:22.143Z,buy,2.6e-07,64366.0,0.01673516
FUEL/BTC,1584446004300,2020-03-17T11:53:24.300Z,buy,2.6e-07,34535.0,0.0089791
FUEL/BTC,1584446006719,2020-03-17T11:53:26.719Z,buy,2.6e-07,85488.0,0.02222688
FUEL/BTC,1584446008233,2020-03-17T11:53:28.233Z,buy,2.6e-07,34535.0,0.0089791
FUEL/BTC,1584446010602,2020-03-17T11:53:30.602Z,buy,2.6e-07,75477.0,0.01962402
FUEL/BTC,1584446012346,2020-03-17T11:53:32.346Z,buy,2.6e-07,345355.0,0.0897923
FUEL/BTC,1584446014778,2020-03-17T11:53:34.778Z,buy,2.6e-07,86588.0,0.02251288
FUEL/BTC,1584446018734,2020-03-17T11:53:38.734Z,buy,2.6e-07,121456.0,0.03157856
FUEL/BTC,1584446020480,2020-03-17T11:53:40.480Z,buy,2.6e-07,8658.0,0.00225108
FUEL/BTC,1584446022321,2020-03-17T11:53:42.321Z,buy,2.6e-07,8658.0,0.00225108
FUEL/BTC,1584446024581,2020-03-17T11:53:44.581Z,buy,2.6e-07,8658.0,0.00225108
FUEL/BTC,1584446026533,2020-03-17T11:53:46.533Z,buy,2.6e-07,8658.0,0.00225108
FUEL/BTC,1584446028431,2020-03-17T11:53:48.431Z,buy,2.6e-07,8658.0,0.00225108
FUEL/BTC,1584446029780,2020-03-17T11:53:49.780Z,buy,2.6e-07,8658.0,0.00225108
FUEL/BTC,1584446031273,2020-03-17T11:53:51.273Z,buy,2.6e-07,8658.0,0.00225108
FUEL/BTC,1584446033553,2020-03-17T11:53:53.553Z,buy,2.6e-07,8658.0,0.00225108
FUEL/BTC,1584446035600,2020-03-17T11:53:55.600Z,buy,2.6e-07,8658.0,0.00225108
FUEL/BTC,1584446037345,2020-03-17T11:53:57.345Z,buy,2.6e-07,8658.0,0.00225108
FUEL/BTC,1584446039238,2020-03-17T11:53:59.238Z,buy,2.6e-07,8658.0,0.00225108
FUEL/BTC,1584446040938,2020-03-17T11:54:00.938Z,buy,2.6e-07,8658.0,0.00225108
FUEL/BTC,1584446042894,2020-03-17T11:54:02.894Z,buy,2.6e-07,8658.0,0.00225108
FUEL/BTC,1584446046166,2020-03-17T11:54:06.166Z,buy,2.6e-07,18658.0,0.00485108
FUEL/BTC,1584446048706,2020-03-17T11:54:08.706Z,buy,2.6e-07,8658.0,0.00225108
FUEL/BTC,1584446050069,2020-03-17T11:54:10.069Z,buy,2.6e-07,8658.0,0.00225108
FUEL/BTC,1584446052165,2020-03-17T11:54:12.165Z,buy,2.6e-07,8658.0,0.00225108
FUEL/BTC,1584446152591,2020-03-17T11:55:52.591Z,buy,2.6e-07,769230.0,0.1999998
FUEL/BTC,1584446198281,2020-03-17T11:56:38.281Z,buy,2.6e-07,1012555.0,0.2632643
FUEL/BTC,1584446212434,2020-03-17T11:56:52.434Z,buy,2.6e-07,339089.0,0.08816314
FUEL/BTC,1584446331228,2020-03-17T11:58:51.228Z,buy,2.6e-07,3846153.0,0.99999978
FUEL/BTC,1584446443621,2020-03-17T12:00:43.621Z,buy,2.6e-07,811374.0,0.21095724
FUEL/BTC,1584446451434,2020-03-17T12:00:51.434Z,sell,2.5e-07,1410.0,0.0003525
FUEL/BTC,1584446534293,2020-03-17T12:02:14.293Z,sell,2.5e-07,210992.0,0.0527479999999999
FUEL/BTC,1584446975455,2020-03-17T12:09:35.455Z,buy,2.6e-07,8686.0,0.00225836
FUEL/BTC,1584446976883,2020-03-17T12:09:36.883Z,buy,2.6e-07,8686.0,0.00225836
FUEL/BTC,1584446978789,2020-03-17T12:09:38.789Z,buy,2.6e-07,6868.0,0.00178568
FUEL/BTC,1584446980012,2020-03-17T12:09:40.012Z,buy,2.6e-07,86868.0,0.02258568
FUEL/BTC,1584446981704,2020-03-17T12:09:41.704Z,buy,2.6e-07,86868.0,0.02258568
FUEL/BTC,1584446983128,2020-03-17T12:09:43.128Z,buy,2.6e-07,6868.0,0.00178568
FUEL/BTC,1584446984407,2020-03-17T12:09:44.407Z,buy,2.6e-07,568568.0,0.14782768
FUEL/BTC,1584446986590,2020-03-17T12:09:46.590Z,buy,2.6e-07,567567.0,0.14756742
FUEL/BTC,1584446988550,2020-03-17T12:09:48.550Z,buy,2.6e-07,4564.0,0.00118664
FUEL/BTC,1584446990117,2020-03-17T12:09:50.117Z,buy,2.6e-07,86588.0,0.02251288
FUEL/BTC,1584446991458,2020-03-17T12:09:51.458Z,buy,2.6e-07,4355.0,0.0011323
FUEL/BTC,1584446993461,2020-03-17T12:09:53.461Z,buy,2.6e-07,8658.0,0.00225108
FUEL/BTC,1584446994708,2020-03-17T12:09:54.708Z,buy,2.6e-07,4566.0,0.00118716
FUEL/BTC,1584447003831,2020-03-17T12:10:03.831Z,buy,2.6e-07,175677.0,0.04567602
FUEL/BTC,1584447006247,2020-03-17T12:10:06.247Z,buy,2.6e-07,474777.0,0.12344202
FUEL/BTC,1584447010752,2020-03-17T12:10:10.752Z,buy,2.6e-07,86588.0,0.02251288
FUEL/BTC,1584447013780,2020-03-17T12:10:13.780Z,buy,2.6e-07,865888.0,0.22513088
FUEL/BTC,1584447334445,2020-03-17T12:15:34.445Z,buy,2.6e-07,608530.0,0.1582178
FUEL/BTC,1584447489184,2020-03-17T12:18:09.184Z,buy,2.6e-07,3846153.0,0.99999978
FUEL/BTC,1584447498916,2020-03-17T12:18:18.916Z,buy,2.6e-07,1825592.0,0.47465392
FUEL/BTC,1584447510333,2020-03-17T12:18:30.333Z,buy,2.6e-07,66672.0,0.01733472
FUEL/BTC,1584447524199,2020-03-17T12:18:44.199Z,sell,2.6e-07,10373.0,0.00269698
FUEL/BTC,1584447552086,2020-03-17T12:19:12.086Z,sell,2.6e-07,77045.0,0.0200317
FUEL/BTC,1584447566683,2020-03-17T12:19:26.683Z,buy,2.7e-07,371.0,0.00010017
FUEL/BTC,1584447573713,2020-03-17T12:19:33.713Z,buy,2.7e-07,375.0,0.00010125
FUEL/BTC,1584447614168,2020-03-17T12:20:14.168Z,sell,2.6e-07,1042548.0,0.27106248
FUEL/BTC,1584447616949,2020-03-17T12:20:16.949Z,buy,2.7e-07,6978.0,0.00188406
FUEL/BTC,1584447640077,2020-03-17T12:20:40.077Z,buy,2.7e-07,185195.0,0.05000265
FUEL/BTC,1584447690436,2020-03-17T12:21:30.436Z,buy,2.7e-07,4556.0,0.00123012
FUEL/BTC,1584447770117,2020-03-17T12:22:50.117Z,buy,2.7e-07,6781.0,0.00183087
FUEL/BTC,1584447775029,2020-03-17T12:22:55.029Z,buy,2.7e-07,555.0,0.00014985
FUEL/BTC,1584447777484,2020-03-17T12:22:57.484Z,buy,2.7e-07,555.0,0.00014985
FUEL/BTC,1584447779709,2020-03-17T12:22:59.709Z,buy,2.7e-07,555.0,0.00014985
FUEL/BTC,1584447781456,2020-03-17T12:23:01.456Z,buy,2.7e-07,555.0,0.00014985
FUEL/BTC,1584447783405,2020-03-17T12:23:03.405Z,buy,2.7e-07,555.0,0.00014985
FUEL/BTC,1584447786011,2020-03-17T12:23:06.011Z,buy,2.7e-07,555.0,0.00014985
FUEL/BTC,1584447786011,2020-03-17T12:23:06.011Z,buy,2.7e-07,555.0,0.00014985
FUEL/BTC,1584447788087,2020-03-17T12:23:08.087Z,buy,2.7e-07,555.0,0.00014985
FUEL/BTC,1584447790400,2020-03-17T12:23:10.400Z,buy,2.7e-07,555.0,0.00014985
FUEL/BTC,1584447792073,2020-03-17T12:23:12.073Z,buy,2.7e-07,555.0,0.00014985
FUEL/BTC,1584447795231,2020-03-17T12:23:15.231Z,buy,2.7e-07,555.0,0.00014985
FUEL/BTC,1584447835888,2020-03-17T12:23:55.888Z,sell,2.6e-07,4551.0,0.00118326
FUEL/BTC,1584447970479,2020-03-17T12:26:10.479Z,sell,2.6e-07,8101.0,0.00210626
FUEL/BTC,1584447972789,2020-03-17T12:26:12.789Z,sell,2.5e-07,20833.0,0.0052082499999999
FUEL/BTC,1584447974701,2020-03-17T12:26:14.701Z,buy,2.6e-07,1153846.0,0.29999996
FUEL/BTC,1584447978255,2020-03-17T12:26:18.255Z,buy,2.6e-07,1153846.0,0.29999996
FUEL/BTC,1584447988179,2020-03-17T12:26:28.179Z,buy,2.6e-07,555.0,0.0001443
FUEL/BTC,1584447990396,2020-03-17T12:26:30.396Z,buy,2.6e-07,555.0,0.0001443
FUEL/BTC,1584447994055,2020-03-17T12:26:34.055Z,buy,2.6e-07,555.0,0.0001443
FUEL/BTC,1584447995943,2020-03-17T12:26:35.943Z,buy,2.6e-07,555.0,0.0001443
FUEL/BTC,1584447997766,2020-03-17T12:26:37.766Z,buy,2.6e-07,555.0,0.0001443
FUEL/BTC,1584447999550,2020-03-17T12:26:39.550Z,buy,2.6e-07,555.0,0.0001443
FUEL/BTC,1584448001863,2020-03-17T12:26:41.863Z,buy,2.6e-07,555.0,0.0001443
FUEL/BTC,1584448003347,2020-03-17T12:26:43.347Z,buy,2.6e-07,555.0,0.0001443
FUEL/BTC,1584448005313,2020-03-17T12:26:45.313Z,buy,2.6e-07,555.0,0.0001443
FUEL/BTC,1584448007228,2020-03-17T12:26:47.228Z,buy,2.6e-07,555.0,0.0001443
FUEL/BTC,1584448009040,2020-03-17T12:26:49.040Z,buy,2.6e-07,555.0,0.0001443
FUEL/BTC,1584448010679,2020-03-17T12:26:50.679Z,buy,2.6e-07,555.0,0.0001443
FUEL/BTC,1584448012469,2020-03-17T12:26:52.469Z,buy,2.6e-07,555.0,0.0001443
FUEL/BTC,1584448018317,2020-03-17T12:26:58.317Z,buy,2.6e-07,3010645.0,0.7827677
FUEL/BTC,1584448020446,2020-03-17T12:27:00.446Z,buy,2.6e-07,1188.0,0.00030888
FUEL/BTC,1584448031719,2020-03-17T12:27:11.719Z,sell,2.5e-07,161796.0,0.040449
FUEL/BTC,1584448032283,2020-03-17T12:27:12.283Z,sell,2.5e-07,41667.0,0.0104167499999999
FUEL/BTC,1584448032452,2020-03-17T12:27:12.452Z,sell,2.5e-07,833.0,0.00020825
FUEL/BTC,1584448032474,2020-03-17T12:27:12.474Z,sell,2.5e-07,4260.0,0.001065
FUEL/BTC,1584448033729,2020-03-17T12:27:13.729Z,buy,2.6e-07,38462.0,0.01000012
FUEL/BTC,1584448039780,2020-03-17T12:27:19.780Z,buy,2.6e-07,355713.0,0.09248538
FUEL/BTC,1584448040086,2020-03-17T12:27:20.086Z,sell,2.6e-07,43970.0,0.0114322
FUEL/BTC,1584448046607,2020-03-17T12:27:26.607Z,buy,2.6e-07,72286.0,0.01879436
FUEL/BTC,1584448053084,2020-03-17T12:27:33.084Z,buy,2.6e-07,2000.0,0.00052
FUEL/BTC,1584448070408,2020-03-17T12:27:50.408Z,buy,2.7e-07,679.0,0.00018333
FUEL/BTC,1584448114889,2020-03-17T12:28:34.889Z,sell,2.6e-07,37312.0,0.00970112
FUEL/BTC,1584448273311,2020-03-17T12:31:13.311Z,buy,2.7e-07,375.0,0.00010125
FUEL/BTC,1584448279321,2020-03-17T12:31:19.321Z,buy,2.7e-07,375.0,0.00010125
FUEL/BTC,1584448498266,2020-03-17T12:34:58.266Z,sell,2.6e-07,1789.0,0.00046514
FUEL/BTC,1584448684481,2020-03-17T12:38:04.481Z,sell,2.6e-07,1362.0,0.00035412
FUEL/BTC,1584448715749,2020-03-17T12:38:35.749Z,sell,2.6e-07,76923.0,0.01999998
FUEL/BTC,1584448898139,2020-03-17T12:41:38.139Z,sell,2.6e-07,44280.0,0.0115128
FUEL/BTC,1584449358060,2020-03-17T12:49:18.060Z,sell,2.6e-07,1108.0,0.00028808
FUEL/BTC,1584449524629,2020-03-17T12:52:04.629Z,sell,2.6e-07,1322012.0,0.34372312
FUEL/BTC,1584449643161,2020-03-17T12:54:03.161Z,sell,2.5e-07,3007634.0,0.7519085
FUEL/BTC,1584450437747,2020-03-17T13:07:17.747Z,sell,2.5e-07,185009.0,0.0462522499999999
FUEL/BTC,1584451098991,2020-03-17T13:18:18.991Z,buy,2.6e-07,385.0,0.0001001
FUEL/BTC,1584451098991,2020-03-17T13:18:18.991Z,buy,2.6e-07,385.0,0.0001001
FUEL/BTC,1584452101352,2020-03-17T13:35:01.352Z,buy,2.6e-07,815.0,0.0002119
FUEL/BTC,1584452103350,2020-03-17T13:35:03.350Z,buy,2.6e-07,729.0,0.00018954
FUEL/BTC,1584452478329,2020-03-17T13:41:18.329Z,buy,2.6e-07,1000.0,0.00026
FUEL/BTC,1584453158472,2020-03-17T13:52:38.472Z,buy,2.6e-07,8106.0,0.00210756
FUEL/BTC,1584453637631,2020-03-17T14:00:37.631Z,buy,2.6e-07,32634.0,0.00848484
FUEL/BTC,1584453910627,2020-03-17T14:05:10.627Z,buy,2.6e-07,389.0,0.00010114
FUEL/BTC,1584453910627,2020-03-17T14:05:10.627Z,buy,2.6e-07,389.0,0.00010114
FUEL/BTC,1584455166172,2020-03-17T14:26:06.172Z,buy,2.6e-07,13460.0,0.0034996
FUEL/BTC,1584455801015,2020-03-17T14:36:41.015Z,sell,2.5e-07,94640.0,0.02366
FUEL/BTC,1584455867029,2020-03-17T14:37:47.029Z,buy,2.6e-07,2000.0,0.00052
FUEL/BTC,1584455923672,2020-03-17T14:38:43.672Z,buy,2.6e-07,2150351.0,0.55909126
FUEL/BTC,1584455924777,2020-03-17T14:38:44.777Z,buy,2.6e-07,769.0,0.0001999399999999
FUEL/BTC,1584456856692,2020-03-17T14:54:16.692Z,buy,2.6e-07,72164.0,0.01876264
FUEL/BTC,1584457065737,2020-03-17T14:57:45.737Z,buy,2.6e-07,649.0,0.00016874
FUEL/BTC,1584457075622,2020-03-17T14:57:55.622Z,sell,2.5e-07,648.0,0.0001619999999999
FUEL/BTC,1584457129222,2020-03-17T14:58:49.222Z,buy,2.6e-07,7716.0,0.00200616
FUEL/BTC,1584457129222,2020-03-17T14:58:49.222Z,buy,2.6e-07,7716.0,0.00200616
FUEL/BTC,1584458135681,2020-03-17T15:15:35.681Z,buy,2.6e-07,7000.0,0.00182
FUEL/BTC,1584458153441,2020-03-17T15:15:53.441Z,buy,2.6e-07,7000.0,0.00182
FUEL/BTC,1584458156036,2020-03-17T15:15:56.036Z,buy,2.6e-07,7000.0,0.00182
FUEL/BTC,1584458160407,2020-03-17T15:16:00.407Z,buy,2.6e-07,7000.0,0.00182
FUEL/BTC,1584458161643,2020-03-17T15:16:01.643Z,buy,2.6e-07,7000.0,0.00182
FUEL/BTC,1584458165688,2020-03-17T15:16:05.688Z,buy,2.6e-07,7000.0,0.00182
FUEL/BTC,1584458166776,2020-03-17T15:16:06.776Z,buy,2.6e-07,7000.0,0.00182
FUEL/BTC,1584458167898,2020-03-17T15:16:07.898Z,buy,2.6e-07,7000.0,0.00182
FUEL/BTC,1584458170327,2020-03-17T15:16:10.327Z,buy,2.6e-07,7000.0,0.00182
FUEL/BTC,1584458426500,2020-03-17T15:20:26.500Z,buy,2.6e-07,5155.0,0.0013403
FUEL/BTC,1584458482885,2020-03-17T15:21:22.885Z,buy,2.6e-07,23076.0,0.00599976
FUEL/BTC,1584459111183,2020-03-17T15:31:51.183Z,buy,2.6e-07,717798.0,0.18662748
FUEL/BTC,1584459373771,2020-03-17T15:36:13.771Z,buy,2.6e-07,389.0,0.00010114
FUEL/BTC,1584459409744,2020-03-17T15:36:49.744Z,sell,2.5e-07,32258.0,0.0080645
FUEL/BTC,1584459599909,2020-03-17T15:39:59.909Z,buy,2.6e-07,7692.0,0.00199992
FUEL/BTC,1584460260906,2020-03-17T15:51:00.906Z,buy,2.6e-07,77000.0,0.02002
FUEL/BTC,1584460260906,2020-03-17T15:51:00.906Z,buy,2.6e-07,77000.0,0.02002
FUEL/BTC,1584461845497,2020-03-17T16:17:25.497Z,sell,2.5e-07,19547.0,0.00488675
FUEL/BTC,1584462915650,2020-03-17T16:35:15.650Z,sell,2.5e-07,1632883.0,0.4082207499999999
FUEL/BTC,1584463018341,2020-03-17T16:36:58.341Z,sell,2.5e-07,717080.0,0.1792699999999999
FUEL/BTC,1584463371227,2020-03-17T16:42:51.227Z,sell,2.5e-07,44836.0,0.011209
FUEL/BTC,1584463371227,2020-03-17T16:42:51.227Z,sell,2.5e-07,44836.0,0.011209
FUEL/BTC,1584464179100,2020-03-17T16:56:19.100Z,sell,2.5e-07,15036082.0,3.7590205
FUEL/BTC,1584464181693,2020-03-17T16:56:21.693Z,buy,2.5e-07,400.0,0.0001
FUEL/BTC,1584464214058,2020-03-17T16:56:54.058Z,buy,2.5e-07,8000000.0,2.0
FUEL/BTC,1584464230200,2020-03-17T16:57:10.200Z,buy,2.5e-07,400.0,0.0001
FUEL/BTC,1584464247544,2020-03-17T16:57:27.544Z,buy,2.5e-07,4000000.0,1.0
FUEL/BTC,1584464294662,2020-03-17T16:58:14.662Z,sell,2.4e-07,17784.0,0.00426816
FUEL/BTC,1584464316202,2020-03-17T16:58:36.202Z,buy,2.5e-07,8123.0,0.00203075
FUEL/BTC,1584464528492,2020-03-17T17:02:08.492Z,buy,2.5e-07,401.0,0.00010025
FUEL/BTC,1584465581731,2020-03-17T17:19:41.731Z,buy,2.5e-07,252869.0,0.06321725
FUEL/BTC,1584465584461,2020-03-17T17:19:44.461Z,buy,2.5e-07,54545.0,0.0136362499999999
FUEL/BTC,1584465587407,2020-03-17T17:19:47.407Z,buy,2.5e-07,545464.0,0.136366
FUEL/BTC,1584465589812,2020-03-17T17:19:49.812Z,buy,2.5e-07,786546.0,0.1966365
FUEL/BTC,1584465592461,2020-03-17T17:19:52.461Z,buy,2.5e-07,287884.0,0.071971
FUEL/BTC,1584465594945,2020-03-17T17:19:54.945Z,buy,2.5e-07,67865.0,0.01696625
FUEL/BTC,1584465598424,2020-03-17T17:19:58.424Z,buy,2.5e-07,78452.0,0.019613
FUEL/BTC,1584465601117,2020-03-17T17:20:01.117Z,buy,2.5e-07,45758.0,0.0114395
FUEL/BTC,1584465603220,2020-03-17T17:20:03.220Z,buy,2.5e-07,7854.0,0.0019635
FUEL/BTC,1584465744963,2020-03-17T17:22:24.963Z,buy,2.5e-07,37600.0,0.0094
FUEL/BTC,1584465920339,2020-03-17T17:25:20.339Z,buy,2.5e-07,372043.0,0.0930107499999999
FUEL/BTC,1584466222748,2020-03-17T17:30:22.748Z,buy,2.5e-07,64566.0,0.0161415
FUEL/BTC,1584466226396,2020-03-17T17:30:26.396Z,buy,2.5e-07,754747.0,0.18868675
FUEL/BTC,1584466228946,2020-03-17T17:30:28.946Z,buy,2.5e-07,34535.0,0.0086337499999999
FUEL/BTC,1584466231731,2020-03-17T17:30:31.731Z,buy,2.5e-07,535357.0,0.13383925
FUEL/BTC,1584466233996,2020-03-17T17:30:33.996Z,buy,2.5e-07,43535.0,0.01088375
FUEL/BTC,1584466237008,2020-03-17T17:30:37.008Z,buy,2.5e-07,345353.0,0.0863382499999999
FUEL/BTC,1584466240070,2020-03-17T17:30:40.070Z,buy,2.5e-07,543553.0,0.13588825
FUEL/BTC,1584466242181,2020-03-17T17:30:42.181Z,buy,2.5e-07,74373.0,0.01859325
FUEL/BTC,1584466244553,2020-03-17T17:30:44.553Z,buy,2.5e-07,25325.0,0.00633125
FUEL/BTC,1584466246163,2020-03-17T17:30:46.163Z,buy,2.5e-07,74377.0,0.01859425
FUEL/BTC,1584466247975,2020-03-17T17:30:47.975Z,buy,2.5e-07,543535.0,0.13588375
FUEL/BTC,1584466250575,2020-03-17T17:30:50.575Z,buy,2.5e-07,32424.0,0.008106
FUEL/BTC,1584466254145,2020-03-17T17:30:54.145Z,buy,2.5e-07,324244.0,0.081061
FUEL/BTC,1584466256144,2020-03-17T17:30:56.144Z,buy,2.5e-07,74377.0,0.01859425
FUEL/BTC,1584466258046,2020-03-17T17:30:58.046Z,buy,2.5e-07,54355.0,0.01358875
FUEL/BTC,1584466259842,2020-03-17T17:30:59.842Z,buy,2.5e-07,23424.0,0.005856
FUEL/BTC,1584466262155,2020-03-17T17:31:02.155Z,buy,2.5e-07,64366.0,0.0160914999999999
FUEL/BTC,1584466263891,2020-03-17T17:31:03.891Z,buy,2.5e-07,7547.0,0.00188675
FUEL/BTC,1584466265945,2020-03-17T17:31:05.945Z,buy,2.5e-07,6436.0,0.001609
FUEL/BTC,1584466275316,2020-03-17T17:31:15.316Z,buy,2.5e-07,6436.0,0.001609
FUEL/BTC,1584466277578,2020-03-17T17:31:17.578Z,buy,2.5e-07,54355.0,0.01358875
FUEL/BTC,1584466279025,2020-03-17T17:31:19.025Z,buy,2.5e-07,3244.0,0.000811
FUEL/BTC,1584466280687,2020-03-17T17:31:20.687Z,buy,2.5e-07,6436.0,0.001609
FUEL/BTC,1584466282849,2020-03-17T17:31:22.849Z,buy,2.5e-07,4324.0,0.001081
FUEL/BTC,1584466283383,2020-03-17T17:31:23.383Z,buy,2.5e-07,302044.0,0.075511
FUEL/BTC,1584466284968,2020-03-17T17:31:24.968Z,buy,2.5e-07,6436.0,0.001609
FUEL/BTC,1584466288282,2020-03-17T17:31:28.282Z,buy,2.5e-07,4324.0,0.001081
FUEL/BTC,1584466290264,2020-03-17T17:31:30.264Z,buy,2.5e-07,6236.0,0.0015589999999999
FUEL/BTC,1584466292164,2020-03-17T17:31:32.164Z,buy,2.5e-07,555.0,0.0001387499999999
FUEL/BTC,1584466293805,2020-03-17T17:31:33.805Z,buy,2.5e-07,666.0,0.0001664999999999
FUEL/BTC,1584466294825,2020-03-17T17:31:34.825Z,buy,2.5e-07,666.0,0.0001664999999999
FUEL/BTC,1584466296782,2020-03-17T17:31:36.782Z,buy,2.5e-07,63466.0,0.0158665
FUEL/BTC,1584466299009,2020-03-17T17:31:39.009Z,buy,2.5e-07,5435.0,0.00135875
FUEL/BTC,1584466300570,2020-03-17T17:31:40.570Z,buy,2.5e-07,5435.0,0.00135875
FUEL/BTC,1584466302980,2020-03-17T17:31:42.980Z,buy,2.5e-07,666.0,0.0001664999999999
FUEL/BTC,1584466305479,2020-03-17T17:31:45.479Z,buy,2.5e-07,666.0,0.0001664999999999
FUEL/BTC,1584466307246,2020-03-17T17:31:47.246Z,buy,2.5e-07,6436.0,0.001609
FUEL/BTC,1584466309561,2020-03-17T17:31:49.561Z,buy,2.5e-07,6436.0,0.001609
FUEL/BTC,1584466312551,2020-03-17T17:31:52.551Z,buy,2.5e-07,2432.0,0.0006079999999999
FUEL/BTC,1584466315303,2020-03-17T17:31:55.303Z,buy,2.5e-07,4377.0,0.00109425
FUEL/BTC,1584466318119,2020-03-17T17:31:58.119Z,buy,2.5e-07,6436.0,0.001609
FUEL/BTC,1584466320003,2020-03-17T17:32:00.003Z,buy,2.5e-07,555.0,0.0001387499999999
FUEL/BTC,1584466322730,2020-03-17T17:32:02.730Z,buy,2.5e-07,6436.0,0.001609
FUEL/BTC,1584466325205,2020-03-17T17:32:05.205Z,buy,2.5e-07,5345.0,0.00133625
FUEL/BTC,1584466333328,2020-03-17T17:32:13.328Z,buy,2.5e-07,123426.0,0.0308565
FUEL/BTC,1584466338145,2020-03-17T17:32:18.145Z,buy,2.5e-07,34889.0,0.0087222499999999
FUEL/BTC,1584466354435,2020-03-17T17:32:34.435Z,sell,2.5e-07,96178.0,0.0240445
FUEL/BTC,1584466370583,2020-03-17T17:32:50.583Z,buy,2.5e-07,800000.0,0.1999999999999999
FUEL/BTC,1584466518962,2020-03-17T17:35:18.962Z,buy,2.5e-07,748.0,0.000187
FUEL/BTC,1584466523327,2020-03-17T17:35:23.327Z,buy,2.5e-07,847.0,0.00021175
FUEL/BTC,1584466523327,2020-03-17T17:35:23.327Z,buy,2.5e-07,847.0,0.00021175
FUEL/BTC,1584467072329,2020-03-17T17:44:32.329Z,buy,2.5e-07,12579.0,0.00314475
FUEL/BTC,1584467077564,2020-03-17T17:44:37.564Z,buy,2.5e-07,3500.0,0.0008749999999999
FUEL/BTC,1584467173059,2020-03-17T17:46:13.059Z,buy,2.5e-07,400.0,0.0001
FUEL/BTC,1584467442560,2020-03-17T17:50:42.560Z,buy,2.5e-07,80000.0,0.02
FUEL/BTC,1584467975791,2020-03-17T17:59:35.791Z,buy,2.5e-07,862.0,0.0002154999999999
FUEL/BTC,1584467979372,2020-03-17T17:59:39.372Z,sell,2.4e-07,863.0,0.0002071199999999
FUEL/BTC,1584468249752,2020-03-17T18:04:09.752Z,buy,2.5e-07,13421.0,0.0033552499999999
FUEL/BTC,1584468310383,2020-03-17T18:05:10.383Z,buy,2.5e-07,382350.0,0.0955874999999999
FUEL/BTC,1584468314370,2020-03-17T18:05:14.370Z,buy,2.5e-07,63664.0,0.015916
FUEL/BTC,1584468316118,2020-03-17T18:05:16.118Z,buy,2.5e-07,64366.0,0.0160914999999999
FUEL/BTC,1584468338483,2020-03-17T18:05:38.483Z,buy,2.5e-07,331312.0,0.082828
FUEL/BTC,1584469788994,2020-03-17T18:29:48.994Z,sell,2.4e-07,13407.0,0.0032176799999999
FUEL/BTC,1584469788994,2020-03-17T18:29:48.994Z,sell,2.4e-07,13407.0,0.0032176799999999
FUEL/BTC,1584470929649,2020-03-17T18:48:49.649Z,buy,2.5e-07,2000.0,0.0005
FUEL/BTC,1584470929649,2020-03-17T18:48:49.649Z,buy,2.5e-07,2000.0,0.0005
FUEL/BTC,1584474592089,2020-03-17T19:49:52.089Z,buy,2.5e-07,53483.0,0.0133707499999999
FUEL/BTC,1584474623783,2020-03-17T19:50:23.783Z,buy,2.5e-07,463801.0,0.1159502499999999
FUEL/BTC,1584474623783,2020-03-17T19:50:23.783Z,buy,2.5e-07,463801.0,0.1159502499999999
FUEL/BTC,1584475554750,2020-03-17T20:05:54.750Z,buy,2.5e-07,1365439.0,0.3413597499999999
FUEL/BTC,1584476065911,2020-03-17T20:14:25.911Z,buy,2.5e-07,2424.0,0.000606
FUEL/BTC,1584477212348,2020-03-17T20:33:32.348Z,sell,2.4e-07,29087.0,0.0069808799999999
FUEL/BTC,1584477457506,2020-03-17T20:37:37.506Z,sell,2.4e-07,338750.0,0.0813
FUEL/BTC,1584477764993,2020-03-17T20:42:44.993Z,buy,2.5e-07,5679.0,0.00141975
FUEL/BTC,1584477977996,2020-03-17T20:46:17.996Z,buy,2.5e-07,28667.0,0.0071667499999999
FUEL/BTC,1584478077488,2020-03-17T20:47:57.488Z,buy,2.5e-07,12000.0,0.003
FUEL/BTC,1584478077488,2020-03-17T20:47:57.488Z,buy,2.5e-07,12000.0,0.003
FUEL/BTC,1584478321850,2020-03-17T20:52:01.850Z,buy,2.5e-07,248613.0,0.06215325
FUEL/BTC,1584478352200,2020-03-17T20:52:32.200Z,buy,2.5e-07,595569.0,0.14889225
FUEL/BTC,1584478365893,2020-03-17T20:52:45.893Z,sell,2.4e-07,999.0,0.0002397599999999
FUEL/BTC,1584478834899,2020-03-17T21:00:34.899Z,buy,2.5e-07,53962.0,0.0134904999999999
FUEL/BTC,1584479003192,2020-03-17T21:03:23.192Z,buy,2.5e-07,12000000.0,3.0
FUEL/BTC,1584481075405,2020-03-17T21:37:55.405Z,buy,2.5e-07,7671.0,0.00191775
FUEL/BTC,1584481099031,2020-03-17T21:38:19.031Z,sell,2.4e-07,1917.0,0.0004600799999999
FUEL/BTC,1584481099031,2020-03-17T21:38:19.031Z,sell,2.4e-07,1917.0,0.0004600799999999
FUEL/BTC,1584481705881,2020-03-17T21:48:25.881Z,buy,2.5e-07,3817.0,0.0009542499999999
FUEL/BTC,1584481868360,2020-03-17T21:51:08.360Z,sell,2.4e-07,6000.0,0.0014399999999999
FUEL/BTC,1584482638178,2020-03-17T22:03:58.178Z,buy,2.5e-07,61743.0,0.01543575
FUEL/BTC,1584482845001,2020-03-17T22:07:25.001Z,buy,2.5e-07,40110.0,0.0100275
FUEL/BTC,1584483530639,2020-03-17T22:18:50.639Z,buy,2.5e-07,737288.0,0.1843219999999999
FUEL/BTC,1584483536472,2020-03-17T22:18:56.472Z,buy,2.5e-07,393900.0,0.098475
FUEL/BTC,1584483546047,2020-03-17T22:19:06.047Z,buy,2.5e-07,1029900.0,0.257475
FUEL/BTC,1584483597856,2020-03-17T22:19:57.856Z,buy,2.5e-07,283838.0,0.0709595
FUEL/BTC,1584483601519,2020-03-17T22:20:01.519Z,buy,2.5e-07,600300.0,0.150075
FUEL/BTC,1584483613725,2020-03-17T22:20:13.725Z,buy,2.5e-07,102000.0,0.0255
FUEL/BTC,1584483635640,2020-03-17T22:20:35.640Z,buy,2.5e-07,90700.0,0.0226749999999999
FUEL/BTC,1584483710186,2020-03-17T22:21:50.186Z,buy,2.5e-07,99000.0,0.0247499999999999
FUEL/BTC,1584483715613,2020-03-17T22:21:55.613Z,buy,2.5e-07,10380.0,0.002595
FUEL/BTC,1584483940129,2020-03-17T22:25:40.129Z,buy,2.5e-07,4000000.0,1.0
FUEL/BTC,1584484456585,2020-03-17T22:34:16.585Z,sell,2.4e-07,28638.0,0.0068731199999999
FUEL/BTC,1584484456585,2020-03-17T22:34:16.585Z,sell,2.4e-07,28638.0,0.0068731199999999
FUEL/BTC,1584485650983,2020-03-17T22:54:10.983Z,buy,2.5e-07,1600000.0,0.3999999999999999
FUEL/BTC,1584485650983,2020-03-17T22:54:10.983Z,buy,2.5e-07,1600000.0,0.3999999999999999
FUEL/BTC,1584488112590,2020-03-17T23:35:12.590Z,buy,2.5e-07,444.0,0.000111
FUEL/BTC,1584488112590,2020-03-17T23:35:12.590Z,buy,2.5e-07,444.0,0.000111
FUEL/BTC,1584490314410,2020-03-18T00:11:54.410Z,buy,2.5e-07,12000000.0,3.0
FUEL/BTC,1584490321470,2020-03-18T00:12:01.470Z,buy,2.5e-07,1600000.0,0.3999999999999999
FUEL/BTC,1584490326540,2020-03-18T00:12:06.540Z,buy,2.5e-07,2000000.0,0.5
FUEL/BTC,1584490331893,2020-03-18T00:12:11.893Z,buy,2.5e-07,484888.0,0.121222
FUEL/BTC,1584490338257,2020-03-18T00:12:18.257Z,buy,2.5e-07,63999.0,0.01599975
FUEL/BTC,1584490342501,2020-03-18T00:12:22.501Z,buy,2.5e-07,554.0,0.0001385
FUEL/BTC,1584490359357,2020-03-18T00:12:39.357Z,buy,2.6e-07,666.0,0.00017316
FUEL/BTC,1584490375319,2020-03-18T00:12:55.319Z,sell,2.5e-07,66528.0,0.016632
FUEL/BTC,1584490375319,2020-03-18T00:12:55.319Z,sell,2.4e-07,16083579.0,3.86005896
FUEL/BTC,1584490380825,2020-03-18T00:13:00.825Z,sell,2.4e-07,3165923.0,0.7598215199999999
FUEL/BTC,1584490385224,2020-03-18T00:13:05.224Z,buy,2.4e-07,417.0,0.0001000799999999
FUEL/BTC,1584490390503,2020-03-18T00:13:10.503Z,sell,2.3e-07,1364437.0,0.31382051
FUEL/BTC,1584490390503,2020-03-18T00:13:10.503Z,sell,2.3e-07,8158.0,0.00187634
FUEL/BTC,1584490390503,2020-03-18T00:13:10.503Z,sell,2.3e-07,12238.0,0.00281474
FUEL/BTC,1584490390503,2020-03-18T00:13:10.503Z,sell,2.3e-07,9178.0,0.00211094
FUEL/BTC,1584490390503,2020-03-18T00:13:10.503Z,sell,2.3e-07,3060.0,0.0007038
FUEL/BTC,1584490404443,2020-03-18T00:13:24.443Z,buy,2.4e-07,4394727.0,1.0547344799999998
FUEL/BTC,1584490407600,2020-03-18T00:13:27.600Z,sell,2.3e-07,2424.0,0.0005575199999999
FUEL/BTC,1584490418266,2020-03-18T00:13:38.266Z,buy,2.4e-07,22868.0,0.00548832
FUEL/BTC,1584490429118,2020-03-18T00:13:49.118Z,buy,2.4e-07,3322.0,0.0007972799999999
FUEL/BTC,1584490454188,2020-03-18T00:14:14.188Z,sell,2.3e-07,4394727.0,1.01078721
FUEL/BTC,1584490469057,2020-03-18T00:14:29.057Z,buy,2.4e-07,4347.0,0.00104328
FUEL/BTC,1584490469178,2020-03-18T00:14:29.178Z,buy,2.4e-07,4347.0,0.00104328
FUEL/BTC,1584490601376,2020-03-18T00:16:41.376Z,buy,2.4e-07,417.0,0.0001000799999999
FUEL/BTC,1584490626000,2020-03-18T00:17:06.000Z,sell,2.3e-07,2041.0,0.00046943
FUEL/BTC,1584490734954,2020-03-18T00:18:54.954Z,buy,2.4e-07,71609.0,0.01718616
FUEL/BTC,1584490734954,2020-03-18T00:18:54.954Z,buy,2.4e-07,71609.0,0.01718616
FUEL/BTC,1584491722557,2020-03-18T00:35:22.557Z,buy,2.4e-07,1241.0,0.0002978399999999
FUEL/BTC,1584491728279,2020-03-18T00:35:28.279Z,buy,2.4e-07,864.0,0.00020736
FUEL/BTC,1584491828780,2020-03-18T00:37:08.780Z,sell,2.3e-07,61681.0,0.01418663
FUEL/BTC,1584493057851,2020-03-18T00:57:37.851Z,sell,2.3e-07,39524.0,0.00909052
FUEL/BTC,1584493057851,2020-03-18T00:57:37.851Z,sell,2.3e-07,39524.0,0.00909052
FUEL/BTC,1584494504540,2020-03-18T01:21:44.540Z,sell,2.3e-07,30000.0,0.0069
FUEL/BTC,1584494536559,2020-03-18T01:22:16.559Z,sell,2.3e-07,5679.0,0.00130617
FUEL/BTC,1584494898767,2020-03-18T01:28:18.767Z,sell,2.3e-07,1497.0,0.00034431
FUEL/BTC,1584495827030,2020-03-18T01:43:47.030Z,buy,2.4e-07,10416.0,0.0024998399999999
FUEL/BTC,1584496185036,2020-03-18T01:49:45.036Z,buy,2.4e-07,83333.0,0.0199999199999999
FUEL/BTC,1584496185036,2020-03-18T01:49:45.036Z,buy,2.4e-07,83333.0,0.0199999199999999
FUEL/BTC,1584501827129,2020-03-18T03:23:47.129Z,buy,2.4e-07,127976.0,0.0307142399999999
FUEL/BTC,1584501827129,2020-03-18T03:23:47.129Z,buy,2.4e-07,127976.0,0.0307142399999999
FUEL/BTC,1584504040959,2020-03-18T04:00:40.959Z,buy,2.4e-07,25881.0,0.0062114399999999
FUEL/BTC,1584504422365,2020-03-18T04:07:02.365Z,buy,2.4e-07,84300.0,0.0202319999999999
FUEL/BTC,1584504567467,2020-03-18T04:09:27.467Z,buy,2.4e-07,61265.0,0.0147035999999999
FUEL/BTC,1584504684767,2020-03-18T04:11:24.767Z,buy,2.4e-07,15000.0,0.0035999999999999
FUEL/BTC,1584505145945,2020-03-18T04:19:05.945Z,sell,2.3e-07,5389.0,0.00123947
FUEL/BTC,1584505145945,2020-03-18T04:19:05.945Z,sell,2.3e-07,5389.0,0.00123947
FUEL/BTC,1584505545317,2020-03-18T04:25:45.317Z,buy,2.4e-07,25804.0,0.0061929599999999
FUEL/BTC,1584505723069,2020-03-18T04:28:43.069Z,buy,2.4e-07,462791.0,0.1110698399999999
FUEL/BTC,1584508048403,2020-03-18T05:07:28.403Z,sell,2.3e-07,2824.0,0.00064952
FUEL/BTC,1584508704362,2020-03-18T05:18:24.362Z,buy,2.4e-07,299155.0,0.0717971999999999
FUEL/BTC,1584508704362,2020-03-18T05:18:24.362Z,buy,2.4e-07,299155.0,0.0717971999999999
FUEL/BTC,1584508767271,2020-03-18T05:19:27.271Z,buy,2.5e-07,3844.0,0.0009609999999999
FUEL/BTC,1584509698684,2020-03-18T05:34:58.684Z,sell,2.4e-07,1857.0,0.0004456799999999
FUEL/BTC,1584510604843,2020-03-18T05:50:04.843Z,sell,2.4e-07,1995160.0,0.4788383999999999
FUEL/BTC,1584510721556,2020-03-18T05:52:01.556Z,sell,2.4e-07,373969.0,0.08975256
FUEL/BTC,1584510817673,2020-03-18T05:53:37.673Z,sell,2.4e-07,49950.0,0.0119879999999999
FUEL/BTC,1584511214226,2020-03-18T06:00:14.226Z,sell,2.4e-07,27098.0,0.00650352
FUEL/BTC,1584511265316,2020-03-18T06:01:05.316Z,sell,2.4e-07,61209.0,0.0146901599999999
FUEL/BTC,1584511265316,2020-03-18T06:01:05.316Z,sell,2.4e-07,61209.0,0.0146901599999999
FUEL/BTC,1584513385561,2020-03-18T06:36:25.561Z,sell,2.4e-07,240484.0,0.0577161599999999
FUEL/BTC,1584513975304,2020-03-18T06:46:15.304Z,sell,2.3e-07,1031858.0,0.23732734
FUEL/BTC,1584514699098,2020-03-18T06:58:19.098Z,sell,2.3e-07,3924.0,0.00090252
FUEL/BTC,1584514699098,2020-03-18T06:58:19.098Z,sell,2.3e-07,3924.0,0.00090252
FUEL/BTC,1584515957942,2020-03-18T07:19:17.942Z,buy,2.4e-07,8333.0,0.0019999199999999
FUEL/BTC,1584515977124,2020-03-18T07:19:37.124Z,sell,2.3e-07,8325.0,0.00191475
FUEL/BTC,1584516908949,2020-03-18T07:35:08.949Z,buy,2.4e-07,789.0,0.00018936
FUEL/BTC,1584516917981,2020-03-18T07:35:17.981Z,buy,2.4e-07,664.0,0.00015936
FUEL/BTC,1584516917981,2020-03-18T07:35:17.981Z,buy,2.4e-07,664.0,0.00015936
FUEL/BTC,1584518328782,2020-03-18T07:58:48.782Z,buy,2.4e-07,5521.0,0.00132504
FUEL/BTC,1584518333542,2020-03-18T07:58:53.542Z,sell,2.3e-07,4136.0,0.00095128
FUEL/BTC,1584519524335,2020-03-18T08:18:44.335Z,buy,2.4e-07,704.0,0.0001689599999999
FUEL/BTC,1584519530626,2020-03-18T08:18:50.626Z,sell,2.3e-07,2082.0,0.00047886
FUEL/BTC,1584519548318,2020-03-18T08:19:08.318Z,buy,2.4e-07,571.0,0.0001370399999999
FUEL/BTC,1584519552459,2020-03-18T08:19:12.459Z,sell,2.3e-07,571.0,0.00013133
FUEL/BTC,1584519552459,2020-03-18T08:19:12.459Z,sell,2.3e-07,571.0,0.00013133
FUEL/BTC,1584520810421,2020-03-18T08:40:10.421Z,sell,2.3e-07,248364.0,0.0571237199999999
FUEL/BTC,1584522015566,2020-03-18T09:00:15.566Z,sell,2.3e-07,20812.0,0.00478676
FUEL/BTC,1584522015566,2020-03-18T09:00:15.566Z,sell,2.3e-07,20812.0,0.00478676
FUEL/BTC,1584524074348,2020-03-18T09:34:34.348Z,buy,2.4e-07,22281.0,0.0053474399999999
FUEL/BTC,1584524074348,2020-03-18T09:34:34.348Z,buy,2.4e-07,22281.0,0.0053474399999999
FUEL/BTC,1584526189708,2020-03-18T10:09:49.708Z,buy,2.4e-07,1141.0,0.0002738399999999
FUEL/BTC,1584526198313,2020-03-18T10:09:58.313Z,sell,2.3e-07,1141.0,0.00026243
FUEL/BTC,1584526203357,2020-03-18T10:10:03.357Z,buy,2.4e-07,546.0,0.00013104
FUEL/BTC,1584526248304,2020-03-18T10:10:48.304Z,sell,2.3e-07,11328.0,0.00260544
FUEL/BTC,1584526248304,2020-03-18T10:10:48.304Z,sell,2.3e-07,11328.0,0.00260544
FUEL/BTC,1584528664923,2020-03-18T10:51:04.923Z,buy,2.4e-07,22398.0,0.00537552
FUEL/BTC,1584528664923,2020-03-18T10:51:04.923Z,buy,2.4e-07,22398.0,0.00537552
FUEL/BTC,1584530043670,2020-03-18T11:14:03.670Z,buy,2.4e-07,6297.0,0.0015112799999999
FUEL/BTC,1584530058380,2020-03-18T11:14:18.380Z,buy,2.4e-07,102635.0,0.0246324
FUEL/BTC,1584531820941,2020-03-18T11:43:40.941Z,sell,2.3e-07,31279.0,0.00719417
FUEL/BTC,1584531825714,2020-03-18T11:43:45.714Z,buy,2.4e-07,1027.0,0.00024648
FUEL/BTC,1584531830860,2020-03-18T11:43:50.860Z,sell,2.3e-07,1573.0,0.00036179
FUEL/BTC,1584532007309,2020-03-18T11:46:47.309Z,buy,2.4e-07,901.0,0.0002162399999999
FUEL/BTC,1584532011149,2020-03-18T11:46:51.149Z,sell,2.3e-07,675.0,0.00015525
FUEL/BTC,1584532197301,2020-03-18T11:49:57.301Z,sell,2.3e-07,6751565.0,1.55285995
FUEL/BTC,1584532199987,2020-03-18T11:49:59.987Z,buy,2.3e-07,435.0,0.0001000499999999
FUEL/BTC,1584532202123,2020-03-18T11:50:02.123Z,buy,2.3e-07,2801.0,0.00064423
FUEL/BTC,1584532209278,2020-03-18T11:50:09.278Z,sell,2.2e-07,2041.0,0.00044902
FUEL/BTC,1584532209278,2020-03-18T11:50:09.278Z,sell,2.2e-07,40000.0,0.0088
FUEL/BTC,1584532209278,2020-03-18T11:50:09.278Z,sell,2.2e-07,118466.0,0.02606252
FUEL/BTC,1584532212831,2020-03-18T11:50:12.831Z,buy,2.3e-07,435.0,0.0001000499999999
FUEL/BTC,1584532256380,2020-03-18T11:50:56.380Z,buy,2.3e-07,49362.0,0.01135326
FUEL/BTC,1584532256380,2020-03-18T11:50:56.380Z,buy,2.3e-07,49362.0,0.01135326
FUEL/BTC,1584532361516,2020-03-18T11:52:41.516Z,buy,2.3e-07,232345.0,0.05343935
FUEL/BTC,1584532436575,2020-03-18T11:53:56.575Z,buy,2.3e-07,7233.0,0.00166359
FUEL/BTC,1584532465201,2020-03-18T11:54:25.201Z,buy,2.3e-07,687403.0,0.15810269
FUEL/BTC,1584532811308,2020-03-18T12:00:11.308Z,sell,2.3e-07,165756.0,0.03812388
FUEL/BTC,1584532811311,2020-03-18T12:00:11.311Z,sell,2.3e-07,24086.0,0.00553978
FUEL/BTC,1584532898206,2020-03-18T12:01:38.206Z,buy,2.3e-07,100000.0,0.023
FUEL/BTC,1584533163074,2020-03-18T12:06:03.074Z,buy,2.3e-07,182060.0,0.0418737999999999
FUEL/BTC,1584533223102,2020-03-18T12:07:03.102Z,sell,2.2e-07,10000.0,0.0022
FUEL/BTC,1584533236965,2020-03-18T12:07:16.965Z,buy,2.3e-07,12401.0,0.00285223
FUEL/BTC,1584533300764,2020-03-18T12:08:20.764Z,buy,2.3e-07,79868.0,0.01836964
FUEL/BTC,1584533396732,2020-03-18T12:09:56.732Z,buy,2.4e-07,2085.0,0.0005003999999999
FUEL/BTC,1584533400923,2020-03-18T12:10:00.923Z,sell,2.3e-07,1733.0,0.00039859
FUEL/BTC,1584534592802,2020-03-18T12:29:52.802Z,buy,2.4e-07,1032.0,0.0002476799999999
FUEL/BTC,1584534602203,2020-03-18T12:30:02.203Z,sell,2.3e-07,1500.0,0.000345
FUEL/BTC,1584534923157,2020-03-18T12:35:23.157Z,buy,2.4e-07,9101.0,0.0021842399999999
FUEL/BTC,1584534950580,2020-03-18T12:35:50.580Z,sell,2.3e-07,10861.0,0.00249803
FUEL/BTC,1584535622420,2020-03-18T12:47:02.420Z,buy,2.4e-07,581.0,0.0001394399999999
FUEL/BTC,1584535630430,2020-03-18T12:47:10.430Z,sell,2.3e-07,558.0,0.00012834
FUEL/BTC,1584535630430,2020-03-18T12:47:10.430Z,sell,2.3e-07,558.0,0.00012834
FUEL/BTC,1584536687640,2020-03-18T13:04:47.640Z,buy,2.4e-07,450.0,0.000108
FUEL/BTC,1584536695868,2020-03-18T13:04:55.868Z,sell,2.3e-07,437.0,0.00010051
FUEL/BTC,1584537530980,2020-03-18T13:18:50.980Z,buy,2.4e-07,8500.0,0.0020399999999999
FUEL/BTC,1584538039484,2020-03-18T13:27:19.484Z,sell,2.3e-07,1804468.0,0.41502764
FUEL/BTC,1584538049139,2020-03-18T13:27:29.139Z,sell,2.3e-07,4990.0,0.0011477
FUEL/BTC,1584538088841,2020-03-18T13:28:08.841Z,buy,2.4e-07,2231.0,0.00053544
FUEL/BTC,1584538794728,2020-03-18T13:39:54.728Z,sell,2.3e-07,999.0,0.00022977
FUEL/BTC,1584538794728,2020-03-18T13:39:54.728Z,sell,2.3e-07,999.0,0.00022977
FUEL/BTC,1584539676243,2020-03-18T13:54:36.243Z,sell,2.3e-07,3996.0,0.00091908
FUEL/BTC,1584539863066,2020-03-18T13:57:43.066Z,sell,2.3e-07,334995.0,0.07704885
FUEL/BTC,1584539899237,2020-03-18T13:58:19.237Z,sell,2.3e-07,79788.0,0.01835124
FUEL/BTC,1584539905878,2020-03-18T13:58:25.878Z,sell,2.3e-07,11160.0,0.0025668
FUEL/BTC,1584540110621,2020-03-18T14:01:50.621Z,buy,2.4e-07,16417.0,0.0039400799999999
FUEL/BTC,1584540360371,2020-03-18T14:06:00.371Z,sell,2.3e-07,10261.0,0.00236003
FUEL/BTC,1584540622973,2020-03-18T14:10:22.973Z,sell,2.3e-07,188281.0,0.04330463
FUEL/BTC,1584541531397,2020-03-18T14:25:31.397Z,buy,2.4e-07,77261.0,0.01854264
FUEL/BTC,1584541796610,2020-03-18T14:29:56.610Z,buy,2.4e-07,5520.0,0.0013248
FUEL/BTC,1584541796610,2020-03-18T14:29:56.610Z,buy,2.4e-07,5520.0,0.0013248
FUEL/BTC,1584543181520,2020-03-18T14:53:01.520Z,buy,2.4e-07,30050.0,0.007212
FUEL/BTC,1584543399161,2020-03-18T14:56:39.161Z,buy,2.4e-07,110035.0,0.0264084
FUEL/BTC,1584544044927,2020-03-18T15:07:24.927Z,buy,2.4e-07,4791.0,0.0011498399999999
FUEL/BTC,1584544716155,2020-03-18T15:18:36.155Z,buy,2.4e-07,1000.0,0.0002399999999999
FUEL/BTC,1584544716155,2020-03-18T15:18:36.155Z,buy,2.4e-07,1000.0,0.0002399999999999
FUEL/BTC,1584547167068,2020-03-18T15:59:27.068Z,buy,2.4e-07,26357.0,0.0063256799999999
FUEL/BTC,1584547236446,2020-03-18T16:00:36.446Z,buy,2.4e-07,130082.0,0.0312196799999999
FUEL/BTC,1584547236446,2020-03-18T16:00:36.446Z,buy,2.4e-07,130082.0,0.0312196799999999
FUEL/BTC,1584548507266,2020-03-18T16:21:47.266Z,sell,2.3e-07,175991.0,0.04047793
FUEL/BTC,1584548628114,2020-03-18T16:23:48.114Z,buy,2.4e-07,10790.0,0.0025895999999999
FUEL/BTC,1584548632905,2020-03-18T16:23:52.905Z,buy,2.4e-07,3125.0,0.0007499999999999
FUEL/BTC,1584548640122,2020-03-18T16:24:00.122Z,buy,2.4e-07,11523.0,0.0027655199999999
FUEL/BTC,1584548643581,2020-03-18T16:24:03.581Z,buy,2.4e-07,8333.0,0.0019999199999999
FUEL/BTC,1584548665078,2020-03-18T16:24:25.078Z,sell,2.3e-07,8325.0,0.00191475
FUEL/BTC,1584549360611,2020-03-18T16:36:00.611Z,buy,2.4e-07,10000.0,0.0024
FUEL/BTC,1584549397285,2020-03-18T16:36:37.285Z,sell,2.3e-07,15320.0,0.0035236
FUEL/BTC,1584550079326,2020-03-18T16:47:59.326Z,buy,2.4e-07,5571137.0,1.3370728799999998
FUEL/BTC,1584550088256,2020-03-18T16:48:08.256Z,sell,2.4e-07,435.0,0.0001043999999999
FUEL/BTC,1584550114790,2020-03-18T16:48:34.790Z,sell,2.4e-07,102910.0,0.0246984
FUEL/BTC,1584550482963,2020-03-18T16:54:42.963Z,buy,2.4e-07,202950.0,0.0487079999999999
FUEL/BTC,1584550482963,2020-03-18T16:54:42.963Z,buy,2.4e-07,202950.0,0.0487079999999999
FUEL/BTC,1584551560391,2020-03-18T17:12:40.391Z,buy,2.4e-07,389020.0,0.0933648
FUEL/BTC,1584551560391,2020-03-18T17:12:40.391Z,buy,2.5e-07,110980.0,0.027745
FUEL/BTC,1584552894865,2020-03-18T17:34:54.865Z,sell,2.4e-07,1813.0,0.0004351199999999
FUEL/BTC,1584552894865,2020-03-18T17:34:54.865Z,sell,2.4e-07,1813.0,0.0004351199999999
FUEL/BTC,1584558550435,2020-03-18T19:09:10.435Z,sell,2.4e-07,77183.0,0.01852392
FUEL/BTC,1584558801721,2020-03-18T19:13:21.721Z,buy,2.5e-07,8000.0,0.002
FUEL/BTC,1584558835494,2020-03-18T19:13:55.494Z,sell,2.4e-07,7992.0,0.0019180799999999
FUEL/BTC,1584558835494,2020-03-18T19:13:55.494Z,sell,2.4e-07,7992.0,0.0019180799999999
FUEL/BTC,1584560140042,2020-03-18T19:35:40.042Z,sell,2.4e-07,45771.0,0.01098504
FUEL/BTC,1584560228928,2020-03-18T19:37:08.928Z,sell,2.4e-07,70804.0,0.0169929599999999
FUEL/BTC,1584560228928,2020-03-18T19:37:08.928Z,sell,2.4e-07,70804.0,0.0169929599999999
FUEL/BTC,1584562474934,2020-03-18T20:14:34.934Z,sell,2.4e-07,43434.0,0.0104241599999999
FUEL/BTC,1584562584787,2020-03-18T20:16:24.787Z,buy,2.5e-07,8000.0,0.002
FUEL/BTC,1584562600195,2020-03-18T20:16:40.195Z,sell,2.4e-07,7992.0,0.0019180799999999
FUEL/BTC,1584562600195,2020-03-18T20:16:40.195Z,sell,2.4e-07,7992.0,0.0019180799999999
FUEL/BTC,1584565177281,2020-03-18T20:59:37.281Z,sell,2.4e-07,1716.0,0.0004118399999999
FUEL/BTC,1584565196944,2020-03-18T20:59:56.944Z,sell,2.4e-07,25000.0,0.0059999999999999
FUEL/BTC,1584565196944,2020-03-18T20:59:56.944Z,sell,2.4e-07,25000.0,0.0059999999999999
FUEL/BTC,1584566234832,2020-03-18T21:17:14.832Z,buy,2.5e-07,2003.0,0.00050075
FUEL/BTC,1584566350215,2020-03-18T21:19:10.215Z,buy,2.5e-07,8000.0,0.002
FUEL/BTC,1584566368479,2020-03-18T21:19:28.479Z,sell,2.4e-07,7992.0,0.0019180799999999
FUEL/BTC,1584567799244,2020-03-18T21:43:19.244Z,buy,2.5e-07,9395.0,0.0023487499999999
FUEL/BTC,1584567799244,2020-03-18T21:43:19.244Z,buy,2.5e-07,9395.0,0.0023487499999999
FUEL/BTC,1584570973266,2020-03-18T22:36:13.266Z,buy,2.5e-07,800.0,0.0001999999999999
FUEL/BTC,1584570973266,2020-03-18T22:36:13.266Z,buy,2.5e-07,800.0,0.0001999999999999
FUEL/BTC,1584573785551,2020-03-18T23:23:05.551Z,sell,2.4e-07,5520.0,0.0013248
FUEL/BTC,1584574518551,2020-03-18T23:35:18.551Z,buy,2.5e-07,436.0,0.0001089999999999
FUEL/BTC,1584574518551,2020-03-18T23:35:18.551Z,buy,2.5e-07,436.0,0.0001089999999999
FUEL/BTC,1584576039574,2020-03-19T00:00:39.574Z,buy,2.5e-07,404.0,0.000101
FUEL/BTC,1584576618851,2020-03-19T00:10:18.851Z,buy,2.5e-07,20674.0,0.0051684999999999
FUEL/BTC,1584576895217,2020-03-19T00:14:55.217Z,sell,2.4e-07,22708.0,0.00544992
FUEL/BTC,1584578017125,2020-03-19T00:33:37.125Z,sell,2.4e-07,4166.0,0.0009998399999999
FUEL/BTC,1584578017125,2020-03-19T00:33:37.125Z,sell,2.4e-07,4166.0,0.0009998399999999
FUEL/BTC,1584578704332,2020-03-19T00:45:04.332Z,buy,2.5e-07,434.0,0.0001085
FUEL/BTC,1584579756213,2020-03-19T01:02:36.213Z,sell,2.4e-07,232112.0,0.0557068799999999
FUEL/BTC,1584579840488,2020-03-19T01:04:00.488Z,buy,2.5e-07,10032.0,0.002508
FUEL/BTC,1584580088133,2020-03-19T01:08:08.133Z,sell,2.4e-07,291677.0,0.0700024799999999
FUEL/BTC,1584580088236,2020-03-19T01:08:08.236Z,buy,2.4e-07,158849.0,0.03812376
FUEL/BTC,1584580088236,2020-03-19T01:08:08.236Z,buy,2.4e-07,19601.0,0.0047042399999999
FUEL/BTC,1584581372986,2020-03-19T01:29:32.986Z,sell,2.4e-07,117448.0,0.0281875199999999
FUEL/BTC,1584581376454,2020-03-19T01:29:36.454Z,buy,2.4e-07,1834.0,0.00044016
FUEL/BTC,1584581416793,2020-03-19T01:30:16.793Z,sell,2.3e-07,832351.0,0.19144073
FUEL/BTC,1584581472869,2020-03-19T01:31:12.869Z,sell,2.3e-07,2497054.0,0.57432242
FUEL/BTC,1584581489857,2020-03-19T01:31:29.857Z,sell,2.3e-07,6111.0,0.0014055299999999
FUEL/BTC,1584581489857,2020-03-19T01:31:29.857Z,sell,2.3e-07,6111.0,0.0014055299999999
FUEL/BTC,1584581719035,2020-03-19T01:35:19.035Z,buy,2.4e-07,2484.0,0.00059616
FUEL/BTC,1584581732819,2020-03-19T01:35:32.819Z,buy,2.4e-07,436.0,0.0001046399999999
FUEL/BTC,1584582981279,2020-03-19T01:56:21.279Z,buy,2.4e-07,463.0,0.0001111199999999
FUEL/BTC,1584583568687,2020-03-19T02:06:08.687Z,sell,2.3e-07,545.0,0.0001253499999999
FUEL/BTC,1584583693027,2020-03-19T02:08:13.027Z,buy,2.4e-07,23116.0,0.0055478399999999
FUEL/BTC,1584583842483,2020-03-19T02:10:42.483Z,buy,2.4e-07,15600.0,0.0037439999999999
FUEL/BTC,1584583842735,2020-03-19T02:10:42.735Z,buy,2.4e-07,10000.0,0.0024
FUEL/BTC,1584583898071,2020-03-19T02:11:38.071Z,buy,2.4e-07,466.0,0.0001118399999999
FUEL/BTC,1584584055468,2020-03-19T02:14:15.468Z,buy,2.4e-07,3000.0,0.0007199999999999
FUEL/BTC,1584584076293,2020-03-19T02:14:36.293Z,buy,2.4e-07,3000.0,0.0007199999999999
FUEL/BTC,1584584329573,2020-03-19T02:18:49.573Z,buy,2.4e-07,25000.0,0.0059999999999999
FUEL/BTC,1584584844655,2020-03-19T02:27:24.655Z,buy,2.4e-07,468.0,0.00011232
FUEL/BTC,1584585018433,2020-03-19T02:30:18.433Z,buy,2.4e-07,270949.0,0.0650277599999999
FUEL/BTC,1584585018815,2020-03-19T02:30:18.815Z,buy,2.4e-07,294098.0,0.07058352
FUEL/BTC,1584585019318,2020-03-19T02:30:19.318Z,buy,2.4e-07,13149.0,0.0031557599999999
FUEL/BTC,1584585019318,2020-03-19T02:30:19.318Z,buy,2.4e-07,13149.0,0.0031557599999999
FUEL/BTC,1584585311967,2020-03-19T02:35:11.967Z,buy,2.4e-07,1044.0,0.00025056
FUEL/BTC,1584585312231,2020-03-19T02:35:12.231Z,buy,2.4e-07,10000.0,0.0024
FUEL/BTC,1584585361224,2020-03-19T02:36:01.224Z,buy,2.4e-07,338338.0,0.0812011199999999
FUEL/BTC,1584585908939,2020-03-19T02:45:08.939Z,buy,2.4e-07,9850.0,0.0023639999999999
FUEL/BTC,1584586238425,2020-03-19T02:50:38.425Z,buy,2.4e-07,1653332.0,0.39679968
FUEL/BTC,1584586635966,2020-03-19T02:57:15.966Z,buy,2.5e-07,1153516.0,0.288379
FUEL/BTC,1584588060557,2020-03-19T03:21:00.557Z,buy,2.5e-07,3200000.0,0.7999999999999999
FUEL/BTC,1584588060809,2020-03-19T03:21:00.809Z,buy,2.5e-07,10000.0,0.0025
FUEL/BTC,1584588087384,2020-03-19T03:21:27.384Z,sell,2.4e-07,4347.0,0.00104328
FUEL/BTC,1584588087384,2020-03-19T03:21:27.384Z,sell,2.4e-07,4347.0,0.00104328
FUEL/BTC,1584588895777,2020-03-19T03:34:55.777Z,sell,2.4e-07,1991.0,0.0004778399999999
FUEL/BTC,1584589711080,2020-03-19T03:48:31.080Z,sell,2.4e-07,72216.0,0.0173318399999999
FUEL/BTC,1584590177459,2020-03-19T03:56:17.459Z,buy,2.5e-07,236161.0,0.0590402499999999
FUEL/BTC,1584591251782,2020-03-19T04:14:11.782Z,buy,2.5e-07,15784.0,0.003946
FUEL/BTC,1584591252052,2020-03-19T04:14:12.052Z,buy,2.5e-07,10000.0,0.0025
FUEL/BTC,1584591252054,2020-03-19T04:14:12.054Z,buy,2.5e-07,10000.0,0.0025
FUEL/BTC,1584591292467,2020-03-19T04:14:52.467Z,buy,2.5e-07,51795.0,0.01294875
FUEL/BTC,1584591292467,2020-03-19T04:14:52.467Z,buy,2.5e-07,51795.0,0.01294875
FUEL/BTC,1584592194590,2020-03-19T04:29:54.590Z,buy,2.5e-07,1948.0,0.0004869999999999
FUEL/BTC,1584592199104,2020-03-19T04:29:59.104Z,sell,2.4e-07,2094.0,0.00050256
FUEL/BTC,1584593291372,2020-03-19T04:48:11.372Z,buy,2.5e-07,1441.0,0.00036025
FUEL/BTC,1584593298020,2020-03-19T04:48:18.020Z,sell,2.4e-07,1439.0,0.0003453599999999
FUEL/BTC,1584594011070,2020-03-19T05:00:11.070Z,sell,2.4e-07,79424.0,0.0190617599999999
FUEL/BTC,1584594011227,2020-03-19T05:00:11.227Z,sell,2.4e-07,158849.0,0.03812376
FUEL/BTC,1584594011227,2020-03-19T05:00:11.227Z,sell,2.4e-07,158849.0,0.03812376
FUEL/BTC,1584595053014,2020-03-19T05:17:33.014Z,buy,2.5e-07,22441.0,0.00561025
FUEL/BTC,1584595198082,2020-03-19T05:19:58.082Z,buy,2.5e-07,8000.0,0.002
FUEL/BTC,1584595235725,2020-03-19T05:20:35.725Z,sell,2.4e-07,7992.0,0.0019180799999999
FUEL/BTC,1584595257205,2020-03-19T05:20:57.205Z,sell,2.4e-07,96007.0,0.02304168
FUEL/BTC,1584595522750,2020-03-19T05:25:22.750Z,sell,2.4e-07,338000.0,0.08112
FUEL/BTC,1584596069355,2020-03-19T05:34:29.355Z,buy,2.5e-07,399600.0,0.0998999999999999
FUEL/BTC,1584596120543,2020-03-19T05:35:20.543Z,buy,2.5e-07,461.0,0.00011525
FUEL/BTC,1584596261022,2020-03-19T05:37:41.022Z,buy,2.5e-07,807.0,0.00020175
FUEL/BTC,1584596725686,2020-03-19T05:45:25.686Z,sell,2.4e-07,6509.0,0.00156216
FUEL/BTC,1584596725686,2020-03-19T05:45:25.686Z,sell,2.4e-07,6509.0,0.00156216
FUEL/BTC,1584599335714,2020-03-19T06:28:55.714Z,buy,2.5e-07,303311.0,0.07582775
FUEL/BTC,1584599335969,2020-03-19T06:28:55.969Z,buy,2.5e-07,40000.0,0.01
FUEL/BTC,1584599364318,2020-03-19T06:29:24.318Z,buy,2.5e-07,800.0,0.0001999999999999
FUEL/BTC,1584599364628,2020-03-19T06:29:24.628Z,buy,2.5e-07,800.0,0.0001999999999999
FUEL/BTC,1584600136183,2020-03-19T06:42:16.183Z,buy,2.5e-07,84388.0,0.0210969999999999
FUEL/BTC,1584600154655,2020-03-19T06:42:34.655Z,buy,2.5e-07,47899.0,0.01197475
FUEL/BTC,1584600158841,2020-03-19T06:42:38.841Z,buy,2.5e-07,100387.0,0.0250967499999999
FUEL/BTC,1584600158841,2020-03-19T06:42:38.841Z,buy,2.5e-07,100387.0,0.0250967499999999
FUEL/BTC,1584600553334,2020-03-19T06:49:13.334Z,buy,2.5e-07,14034.0,0.0035085
FUEL/BTC,1584600658777,2020-03-19T06:50:58.777Z,sell,2.4e-07,40069.0,0.00961656
FUEL/BTC,1584601223848,2020-03-19T07:00:23.848Z,sell,2.4e-07,10000.0,0.0024
FUEL/BTC,1584601438782,2020-03-19T07:03:58.782Z,buy,2.5e-07,7746.0,0.0019364999999999
FUEL/BTC,1584602060236,2020-03-19T07:14:20.236Z,buy,2.5e-07,34057.0,0.00851425
FUEL/BTC,1584602233691,2020-03-19T07:17:13.691Z,sell,2.4e-07,32354.0,0.00776496
FUEL/BTC,1584602596376,2020-03-19T07:23:16.376Z,buy,2.5e-07,145262.0,0.0363155
FUEL/BTC,1584602850279,2020-03-19T07:27:30.279Z,buy,2.5e-07,6085.0,0.00152125
FUEL/BTC,1584602926727,2020-03-19T07:28:46.727Z,buy,2.5e-07,7936.0,0.001984
FUEL/BTC,1584602926981,2020-03-19T07:28:46.981Z,buy,2.5e-07,20000.0,0.005
FUEL/BTC,1584603304746,2020-03-19T07:35:04.746Z,buy,2.5e-07,470.0,0.0001175
FUEL/BTC,1584603304746,2020-03-19T07:35:04.746Z,buy,2.5e-07,470.0,0.0001175
FUEL/BTC,1584604060214,2020-03-19T07:47:40.214Z,buy,2.5e-07,28000.0,0.0069999999999999
FUEL/BTC,1584604277741,2020-03-19T07:51:17.741Z,buy,2.5e-07,500.0,0.000125
FUEL/BTC,1584604592401,2020-03-19T07:56:32.401Z,buy,2.5e-07,22327.0,0.00558175
FUEL/BTC,1584604705234,2020-03-19T07:58:25.234Z,buy,2.5e-07,7472.0,0.0018679999999999
FUEL/BTC,1584604738605,2020-03-19T07:58:58.605Z,buy,2.5e-07,8265.0,0.00206625
FUEL/BTC,1584604847515,2020-03-19T08:00:47.515Z,sell,2.4e-07,21000.0,0.0050399999999999
FUEL/BTC,1584604982927,2020-03-19T08:03:02.927Z,sell,2.4e-07,14034.0,0.00336816
FUEL/BTC,1584606847533,2020-03-19T08:34:07.533Z,sell,2.4e-07,419616.0,0.1007078399999999
FUEL/BTC,1584606847533,2020-03-19T08:34:07.533Z,sell,2.4e-07,419616.0,0.1007078399999999
FUEL/BTC,1584608625606,2020-03-19T09:03:45.606Z,buy,2.5e-07,10373.0,0.00259325
FUEL/BTC,1584609385646,2020-03-19T09:16:25.646Z,buy,2.5e-07,404.0,0.000101
FUEL/BTC,1584609523883,2020-03-19T09:18:43.883Z,buy,2.5e-07,2500.0,0.000625
FUEL/BTC,1584609524090,2020-03-19T09:18:44.090Z,buy,2.5e-07,719.0,0.00017975
FUEL/BTC,1584609524090,2020-03-19T09:18:44.090Z,buy,2.5e-07,2500.0,0.000625
FUEL/BTC,1584609524090,2020-03-19T09:18:44.090Z,buy,2.5e-07,719.0,0.00017975
FUEL/BTC,1584609524090,2020-03-19T09:18:44.090Z,buy,2.5e-07,2500.0,0.000625
FUEL/BTC,1584611031581,2020-03-19T09:43:51.581Z,sell,2.4e-07,600.0,0.0001439999999999
FUEL/BTC,1584611085387,2020-03-19T09:44:45.387Z,buy,2.5e-07,700.0,0.000175
FUEL/BTC,1584611662362,2020-03-19T09:54:22.362Z,sell,2.4e-07,9270.0,0.0022248
FUEL/BTC,1584611708793,2020-03-19T09:55:08.793Z,buy,2.5e-07,2163.0,0.00054075
FUEL/BTC,1584611890820,2020-03-19T09:58:10.820Z,buy,2.5e-07,14394.0,0.0035984999999999
FUEL/BTC,1584612000834,2020-03-19T10:00:00.834Z,sell,2.4e-07,5520.0,0.0013248
FUEL/BTC,1584612068850,2020-03-19T10:01:08.850Z,buy,2.5e-07,2161.0,0.0005402499999999
FUEL/BTC,1584612123322,2020-03-19T10:02:03.322Z,buy,2.5e-07,9714.0,0.0024285
FUEL/BTC,1584612396351,2020-03-19T10:06:36.351Z,sell,2.4e-07,2000.0,0.0004799999999999
FUEL/BTC,1584612396351,2020-03-19T10:06:36.351Z,sell,2.4e-07,2000.0,0.0004799999999999
FUEL/BTC,1584613585498,2020-03-19T10:26:25.498Z,buy,2.5e-07,48049.0,0.0120122499999999
FUEL/BTC,1584614097144,2020-03-19T10:34:57.144Z,sell,2.4e-07,840.0,0.0002016
FUEL/BTC,1584614843716,2020-03-19T10:47:23.716Z,sell,2.4e-07,22441.0,0.0053858399999999
FUEL/BTC,1584614957515,2020-03-19T10:49:17.515Z,sell,2.4e-07,399200.0,0.0958079999999999
FUEL/BTC,1584614957515,2020-03-19T10:49:17.515Z,sell,2.4e-07,399200.0,0.0958079999999999
FUEL/BTC,1584616495822,2020-03-19T11:14:55.822Z,buy,2.5e-07,3127.0,0.00078175
FUEL/BTC,1584616495822,2020-03-19T11:14:55.822Z,buy,2.5e-07,3127.0,0.00078175
FUEL/BTC,1584618796143,2020-03-19T11:53:16.143Z,buy,2.5e-07,259553.0,0.06488825
FUEL/BTC,1584618929559,2020-03-19T11:55:29.559Z,buy,2.5e-07,7869.0,0.00196725
FUEL/BTC,1584619718347,2020-03-19T12:08:38.347Z,buy,2.5e-07,41699.0,0.01042475
FUEL/BTC,1584619718347,2020-03-19T12:08:38.347Z,buy,2.5e-07,41699.0,0.01042475
FUEL/BTC,1584622471249,2020-03-19T12:54:31.249Z,buy,2.5e-07,43980.0,0.010995
FUEL/BTC,1584622886334,2020-03-19T13:01:26.334Z,sell,2.4e-07,2547158.0,0.61131792
FUEL/BTC,1584622886334,2020-03-19T13:01:26.334Z,sell,2.3e-07,106084.0,0.02439932
FUEL/BTC,1584622886449,2020-03-19T13:01:26.449Z,buy,2.4e-07,35900.0,0.0086159999999999
FUEL/BTC,1584622888911,2020-03-19T13:01:28.911Z,sell,2.4e-07,3000.0,0.0007199999999999
FUEL/BTC,1584622897133,2020-03-19T13:01:37.133Z,sell,2.4e-07,5315.0,0.0012755999999999
FUEL/BTC,1584622898605,2020-03-19T13:01:38.605Z,sell,2.4e-07,5612.0,0.00134688
FUEL/BTC,1584622900066,2020-03-19T13:01:40.066Z,sell,2.4e-07,5117.0,0.0012280799999999
FUEL/BTC,1584622901534,2020-03-19T13:01:41.534Z,sell,2.4e-07,5117.0,0.0012280799999999
FUEL/BTC,1584622934107,2020-03-19T13:02:14.107Z,sell,2.4e-07,211640.0,0.0507935999999999
FUEL/BTC,1584622934218,2020-03-19T13:02:14.218Z,buy,2.4e-07,79424.0,0.0190617599999999
FUEL/BTC,1584623264351,2020-03-19T13:07:44.351Z,buy,2.4e-07,41666.0,0.00999984
FUEL/BTC,1584623264351,2020-03-19T13:07:44.351Z,buy,2.4e-07,41666.0,0.00999984
FUEL/BTC,1584623756407,2020-03-19T13:15:56.407Z,buy,2.4e-07,417.0,0.0001000799999999
FUEL/BTC,1584623778031,2020-03-19T13:16:18.031Z,buy,2.4e-07,417.0,0.0001000799999999
FUEL/BTC,1584623835103,2020-03-19T13:17:15.103Z,buy,2.4e-07,417.0,0.0001000799999999
FUEL/BTC,1584624911269,2020-03-19T13:35:11.269Z,buy,2.4e-07,1818.0,0.0004363199999999
FUEL/BTC,1584625363415,2020-03-19T13:42:43.415Z,buy,2.4e-07,1436.0,0.0003446399999999
FUEL/BTC,1584625856615,2020-03-19T13:50:56.615Z,buy,2.4e-07,2000.0,0.0004799999999999
FUEL/BTC,1584625856618,2020-03-19T13:50:56.618Z,buy,2.4e-07,648.0,0.0001555199999999
FUEL/BTC,1584625856832,2020-03-19T13:50:56.832Z,buy,2.4e-07,1921.0,0.0004610399999999
FUEL/BTC,1584626169075,2020-03-19T13:56:09.075Z,buy,2.4e-07,31251.0,0.0075002399999999
FUEL/BTC,1584626267123,2020-03-19T13:57:47.123Z,sell,2.3e-07,11523.0,0.00265029
FUEL/BTC,1584626462690,2020-03-19T14:01:02.690Z,buy,2.4e-07,17500.0,0.0042
FUEL/BTC,1584626478913,2020-03-19T14:01:18.913Z,sell,2.3e-07,8681.0,0.00199663
FUEL/BTC,1584626482219,2020-03-19T14:01:22.219Z,buy,2.4e-07,1412.0,0.0003388799999999
FUEL/BTC,1584626482219,2020-03-19T14:01:22.219Z,buy,2.4e-07,1412.0,0.0003388799999999
FUEL/BTC,1584627263906,2020-03-19T14:14:23.906Z,buy,2.4e-07,95165.0,0.0228395999999999
FUEL/BTC,1584627523597,2020-03-19T14:18:43.597Z,buy,2.4e-07,3300.0,0.000792
FUEL/BTC,1584628473829,2020-03-19T14:34:33.829Z,buy,2.4e-07,3156.0,0.00075744
FUEL/BTC,1584628474229,2020-03-19T14:34:34.229Z,buy,2.4e-07,4384.0,0.00105216
FUEL/BTC,1584628474336,2020-03-19T14:34:34.336Z,buy,2.4e-07,4384.0,0.00105216
FUEL/BTC,1584628499968,2020-03-19T14:34:59.968Z,buy,2.4e-07,1849.0,0.0004437599999999
FUEL/BTC,1584628500097,2020-03-19T14:35:00.097Z,buy,2.4e-07,3322.0,0.0007972799999999
FUEL/BTC,1584628500369,2020-03-19T14:35:00.369Z,buy,2.4e-07,3322.0,0.0007972799999999
FUEL/BTC,1584628615789,2020-03-19T14:36:55.789Z,buy,2.4e-07,2658.0,0.0006379199999999
FUEL/BTC,1584628615925,2020-03-19T14:36:55.925Z,buy,2.4e-07,2658.0,0.0006379199999999
FUEL/BTC,1584628657230,2020-03-19T14:37:37.230Z,buy,2.4e-07,2126.0,0.0005102399999999
FUEL/BTC,1584628657348,2020-03-19T14:37:37.348Z,buy,2.4e-07,2126.0,0.0005102399999999
FUEL/BTC,1584628657520,2020-03-19T14:37:37.520Z,buy,2.4e-07,584.0,0.0001401599999999
FUEL/BTC,1584628658084,2020-03-19T14:37:38.084Z,buy,2.4e-07,2519.0,0.00060456
FUEL/BTC,1584628658533,2020-03-19T14:37:38.533Z,buy,2.4e-07,526.0,0.0001262399999999
FUEL/BTC,1584628658567,2020-03-19T14:37:38.567Z,buy,2.4e-07,2305.0,0.0005532
FUEL/BTC,1584628659622,2020-03-19T14:37:39.622Z,buy,2.4e-07,483.0,0.0001159199999999
FUEL/BTC,1584628748962,2020-03-19T14:39:08.962Z,buy,2.4e-07,2000.0,0.0004799999999999
FUEL/BTC,1584628749157,2020-03-19T14:39:09.157Z,buy,2.4e-07,2000.0,0.0004799999999999
FUEL/BTC,1584628751485,2020-03-19T14:39:11.485Z,buy,2.4e-07,744.0,0.0001785599999999
FUEL/BTC,1584628765232,2020-03-19T14:39:25.232Z,buy,2.4e-07,40839.0,0.0098013599999999
FUEL/BTC,1584628765346,2020-03-19T14:39:25.346Z,buy,2.4e-07,2000.0,0.0004799999999999
FUEL/BTC,1584628924522,2020-03-19T14:42:04.522Z,buy,2.4e-07,474.0,0.00011376
FUEL/BTC,1584628924578,2020-03-19T14:42:04.578Z,buy,2.4e-07,2000.0,0.0004799999999999
FUEL/BTC,1584628925012,2020-03-19T14:42:05.012Z,buy,2.4e-07,574.0,0.0001377599999999
FUEL/BTC,1584629606154,2020-03-19T14:53:26.154Z,buy,2.4e-07,44692.0,0.0107260799999999
FUEL/BTC,1584629606154,2020-03-19T14:53:26.154Z,buy,2.4e-07,44692.0,0.0107260799999999
FUEL/BTC,1584630209047,2020-03-19T15:03:29.047Z,buy,2.4e-07,14676.0,0.00352224
FUEL/BTC,1584630395313,2020-03-19T15:06:35.313Z,buy,2.4e-07,78248.0,0.0187795199999999
FUEL/BTC,1584631869496,2020-03-19T15:31:09.496Z,sell,2.3e-07,78005.0,0.01794115
FUEL/BTC,1584632049550,2020-03-19T15:34:09.550Z,sell,2.3e-07,51795.0,0.01191285
FUEL/BTC,1584632083899,2020-03-19T15:34:43.899Z,buy,2.4e-07,420.0,0.0001008
FUEL/BTC,1584632181394,2020-03-19T15:36:21.394Z,sell,2.3e-07,43936.0,0.01010528
FUEL/BTC,1584632257115,2020-03-19T15:37:37.115Z,sell,2.3e-07,3127.0,0.00071921
FUEL/BTC,1584632456382,2020-03-19T15:40:56.382Z,buy,2.4e-07,51307.0,0.0123136799999999
FUEL/BTC,1584632498509,2020-03-19T15:41:38.509Z,buy,2.4e-07,926.0,0.0002222399999999
FUEL/BTC,1584632563546,2020-03-19T15:42:43.546Z,sell,2.3e-07,31251.0,0.00718773
FUEL/BTC,1584632640560,2020-03-19T15:44:00.560Z,sell,2.3e-07,335020.0,0.0770546
FUEL/BTC,1584632640560,2020-03-19T15:44:00.560Z,sell,2.3e-07,335020.0,0.0770546
FUEL/BTC,1584633246559,2020-03-19T15:54:06.559Z,sell,2.3e-07,502568.0,0.11559064
FUEL/BTC,1584633488116,2020-03-19T15:58:08.116Z,buy,2.4e-07,1610862.0,0.38660688
FUEL/BTC,1584633858308,2020-03-19T16:04:18.308Z,buy,2.4e-07,56549.0,0.0135717599999999
FUEL/BTC,1584635470706,2020-03-19T16:31:10.706Z,sell,2.3e-07,10250.0,0.0023575
FUEL/BTC,1584635539835,2020-03-19T16:32:19.835Z,buy,2.4e-07,56550.0,0.0135719999999999
FUEL/BTC,1584635698254,2020-03-19T16:34:58.254Z,sell,2.3e-07,862.0,0.00019826
FUEL/BTC,1584636117480,2020-03-19T16:41:57.480Z,buy,2.4e-07,2000.0,0.0004799999999999
FUEL/BTC,1584636117720,2020-03-19T16:41:57.720Z,buy,2.4e-07,1791.0,0.0004298399999999
FUEL/BTC,1584636154961,2020-03-19T16:42:34.961Z,buy,2.4e-07,208334.0,0.0500001599999999
FUEL/BTC,1584636214737,2020-03-19T16:43:34.737Z,buy,2.4e-07,2000.0,0.0004799999999999
FUEL/BTC,1584636216952,2020-03-19T16:43:36.952Z,buy,2.4e-07,2000.0,0.0004799999999999
FUEL/BTC,1584636216952,2020-03-19T16:43:36.952Z,buy,2.4e-07,2000.0,0.0004799999999999
FUEL/BTC,1584636263039,2020-03-19T16:44:23.039Z,buy,2.4e-07,915.0,0.0002195999999999
FUEL/BTC,1584636383493,2020-03-19T16:46:23.493Z,buy,2.4e-07,5933.0,0.00142392
FUEL/BTC,1584636460805,2020-03-19T16:47:40.805Z,buy,2.4e-07,23333.0,0.0055999199999999
FUEL/BTC,1584636612719,2020-03-19T16:50:12.719Z,buy,2.4e-07,28363.0,0.0068071199999999
FUEL/BTC,1584637411433,2020-03-19T17:03:31.433Z,buy,2.4e-07,2785.0,0.0006684
FUEL/BTC,1584637461048,2020-03-19T17:04:21.048Z,buy,2.4e-07,6350.0,0.001524
FUEL/BTC,1584637514294,2020-03-19T17:05:14.294Z,sell,2.3e-07,70000.0,0.0161
FUEL/BTC,1584637537095,2020-03-19T17:05:37.095Z,sell,2.3e-07,491.0,0.0001129299999999
FUEL/BTC,1584637706505,2020-03-19T17:08:26.505Z,buy,2.4e-07,6173396.0,1.48161504
FUEL/BTC,1584638507787,2020-03-19T17:21:47.787Z,sell,2.4e-07,9771.0,0.0023450399999999
FUEL/BTC,1584638626988,2020-03-19T17:23:46.988Z,sell,2.4e-07,8543.0,0.00205032
FUEL/BTC,1584638884321,2020-03-19T17:28:04.321Z,sell,2.4e-07,6681912.0,1.6036588799999998
FUEL/BTC,1584638884321,2020-03-19T17:28:04.321Z,sell,2.4e-07,6681912.0,1.6036588799999998
FUEL/BTC,1584641746080,2020-03-19T18:15:46.080Z,buy,2.4e-07,53022.0,0.0127252799999999
FUEL/BTC,1584641904576,2020-03-19T18:18:24.576Z,buy,2.4e-07,15627.0,0.0037504799999999
FUEL/BTC,1584641949942,2020-03-19T18:19:09.942Z,buy,2.4e-07,70833.0,0.0169999199999999
FUEL/BTC,1584642050298,2020-03-19T18:20:50.298Z,sell,2.3e-07,285067.0,0.06556541
FUEL/BTC,1584642095305,2020-03-19T18:21:35.305Z,sell,2.3e-07,15090.0,0.0034706999999999
FUEL/BTC,1584642095305,2020-03-19T18:21:35.305Z,sell,2.3e-07,15090.0,0.0034706999999999
FUEL/BTC,1584642546001,2020-03-19T18:29:06.001Z,sell,2.3e-07,109584.0,0.02520432
FUEL/BTC,1584642621234,2020-03-19T18:30:21.234Z,sell,2.3e-07,914.0,0.00021022
FUEL/BTC,1584643092475,2020-03-19T18:38:12.475Z,buy,2.4e-07,4166.0,0.0009998399999999
FUEL/BTC,1584643108231,2020-03-19T18:38:28.231Z,buy,2.4e-07,3911.0,0.0009386399999999
FUEL/BTC,1584643134159,2020-03-19T18:38:54.159Z,sell,2.3e-07,269035.0,0.06187805
FUEL/BTC,1584643136464,2020-03-19T18:38:56.464Z,sell,2.3e-07,204348.0,0.04700004
FUEL/BTC,1584643651484,2020-03-19T18:47:31.484Z,sell,2.3e-07,326036.0,0.07498828
FUEL/BTC,1584645093148,2020-03-19T19:11:33.148Z,buy,2.4e-07,2000.0,0.0004799999999999
FUEL/BTC,1584645093194,2020-03-19T19:11:33.194Z,buy,2.4e-07,2000.0,0.0004799999999999
FUEL/BTC,1584645093194,2020-03-19T19:11:33.194Z,buy,2.4e-07,2000.0,0.0004799999999999
FUEL/BTC,1584646048232,2020-03-19T19:27:28.232Z,buy,2.4e-07,32083.0,0.0076999199999999
FUEL/BTC,1584646379880,2020-03-19T19:32:59.880Z,sell,2.3e-07,42341.0,0.00973843
FUEL/BTC,1584646537551,2020-03-19T19:35:37.551Z,buy,2.4e-07,2000.0,0.0004799999999999
FUEL/BTC,1584646662090,2020-03-19T19:37:42.090Z,buy,2.4e-07,292008.0,0.0700819199999999
FUEL/BTC,1584647444823,2020-03-19T19:50:44.823Z,buy,2.4e-07,66192.0,0.0158860799999999
FUEL/BTC,1584647507732,2020-03-19T19:51:47.732Z,buy,2.4e-07,421.0,0.00010104
FUEL/BTC,1584647507732,2020-03-19T19:51:47.732Z,buy,2.4e-07,421.0,0.00010104
FUEL/BTC,1584649709541,2020-03-19T20:28:29.541Z,buy,2.4e-07,4712.0,0.00113088
FUEL/BTC,1584650490624,2020-03-19T20:41:30.624Z,sell,2.3e-07,23116.0,0.00531668
FUEL/BTC,1584651052015,2020-03-19T20:50:52.015Z,buy,2.4e-07,17500.0,0.0042
FUEL/BTC,1584651052015,2020-03-19T20:50:52.015Z,buy,2.4e-07,17500.0,0.0042
FUEL/BTC,1584652484237,2020-03-19T21:14:44.237Z,buy,2.4e-07,62542.0,0.0150100799999999
FUEL/BTC,1584653296837,2020-03-19T21:28:16.837Z,buy,2.4e-07,62500.0,0.015
FUEL/BTC,1584653799227,2020-03-19T21:36:39.227Z,buy,2.4e-07,16270.0,0.0039047999999999
FUEL/BTC,1584654092878,2020-03-19T21:41:32.878Z,buy,2.4e-07,1093189.0,0.26236536
FUEL/BTC,1584654092878,2020-03-19T21:41:32.878Z,buy,2.4e-07,1093189.0,0.26236536
FUEL/BTC,1584655439992,2020-03-19T22:03:59.992Z,buy,2.4e-07,2381.0,0.00057144
FUEL/BTC,1584655808148,2020-03-19T22:10:08.148Z,buy,2.4e-07,467.0,0.0001120799999999
FUEL/BTC,1584656951193,2020-03-19T22:29:11.193Z,sell,2.3e-07,7869.0,0.0018098699999999
FUEL/BTC,1584657371270,2020-03-19T22:36:11.270Z,buy,2.4e-07,813235.0,0.1951763999999999
FUEL/BTC,1584657428806,2020-03-19T22:37:08.806Z,buy,2.4e-07,709489.0,0.17027736
FUEL/BTC,1584657454483,2020-03-19T22:37:34.483Z,buy,2.4e-07,239148.0,0.0573955199999999
FUEL/BTC,1584657506705,2020-03-19T22:38:26.705Z,sell,2.3e-07,1350.0,0.0003105
FUEL/BTC,1584657506705,2020-03-19T22:38:26.705Z,sell,2.3e-07,1350.0,0.0003105
FUEL/BTC,1584657931689,2020-03-19T22:45:31.689Z,buy,2.4e-07,609.0,0.00014616
FUEL/BTC,1584658784676,2020-03-19T22:59:44.676Z,sell,2.3e-07,7449.0,0.00171327
FUEL/BTC,1584660365254,2020-03-19T23:26:05.254Z,sell,2.3e-07,133846.0,0.03078458
FUEL/BTC,1584660468256,2020-03-19T23:27:48.256Z,buy,2.4e-07,498158.0,0.1195579199999999
FUEL/BTC,1584660512062,2020-03-19T23:28:32.062Z,buy,2.4e-07,3000.0,0.0007199999999999
FUEL/BTC,1584660512062,2020-03-19T23:28:32.062Z,buy,2.4e-07,3000.0,0.0007199999999999
FUEL/BTC,1584661151201,2020-03-19T23:39:11.201Z,sell,2.3e-07,11032.0,0.00253736
FUEL/BTC,1584661669881,2020-03-19T23:47:49.881Z,sell,2.3e-07,545.0,0.0001253499999999
FUEL/BTC,1584662092259,2020-03-19T23:54:52.259Z,sell,2.3e-07,5000.0,0.00115
FUEL/BTC,1584662414406,2020-03-20T00:00:14.406Z,sell,2.3e-07,20811.0,0.00478653
FUEL/BTC,1584662587404,2020-03-20T00:03:07.404Z,buy,2.4e-07,2000.0,0.0004799999999999
FUEL/BTC,1584662776539,2020-03-20T00:06:16.539Z,buy,2.4e-07,1873.0,0.0004495199999999
FUEL/BTC,1584663133294,2020-03-20T00:12:13.294Z,sell,2.3e-07,50351.0,0.01158073
FUEL/BTC,1584663133587,2020-03-20T00:12:13.587Z,buy,2.4e-07,1275.0,0.0003059999999999
FUEL/BTC,1584663133683,2020-03-20T00:12:13.683Z,buy,2.4e-07,2000.0,0.0004799999999999
FUEL/BTC,1584663228545,2020-03-20T00:13:48.545Z,buy,2.4e-07,2000.0,0.0004799999999999
FUEL/BTC,1584663394596,2020-03-20T00:16:34.596Z,buy,2.4e-07,1666.0,0.0003998399999999
FUEL/BTC,1584663394702,2020-03-20T00:16:34.702Z,buy,2.4e-07,2000.0,0.0004799999999999
FUEL/BTC,1584663426130,2020-03-20T00:17:06.130Z,sell,2.3e-07,7297.0,0.00167831
FUEL/BTC,1584663426130,2020-03-20T00:17:06.130Z,sell,2.3e-07,7297.0,0.00167831
FUEL/BTC,1584664300661,2020-03-20T00:31:40.661Z,buy,2.4e-07,478.0,0.0001147199999999
FUEL/BTC,1584664522922,2020-03-20T00:35:22.922Z,buy,2.4e-07,1980.0,0.0004751999999999
FUEL/BTC,1584664556024,2020-03-20T00:35:56.024Z,buy,2.4e-07,3992437.0,0.95818488
FUEL/BTC,1584664563927,2020-03-20T00:36:03.927Z,buy,2.4e-07,714934.0,0.1715841599999999
FUEL/BTC,1584664782360,2020-03-20T00:39:42.360Z,buy,2.4e-07,334690.0,0.0803256
FUEL/BTC,1584665133178,2020-03-20T00:45:33.178Z,sell,2.4e-07,3786.0,0.00090864
FUEL/BTC,1584665276224,2020-03-20T00:47:56.224Z,sell,2.4e-07,714934.0,0.1715841599999999
FUEL/BTC,1584666428132,2020-03-20T01:07:08.132Z,sell,2.4e-07,79285.0,0.0190283999999999
FUEL/BTC,1584666971671,2020-03-20T01:16:11.671Z,buy,2.5e-07,29082.0,0.0072705
FUEL/BTC,1584666971671,2020-03-20T01:16:11.671Z,buy,2.5e-07,29082.0,0.0072705
FUEL/BTC,1584667227365,2020-03-20T01:20:27.365Z,sell,2.4e-07,29054.0,0.0069729599999999
FUEL/BTC,1584668102981,2020-03-20T01:35:02.981Z,sell,2.4e-07,2234.0,0.0005361599999999
FUEL/BTC,1584670234152,2020-03-20T02:10:34.152Z,buy,2.5e-07,2000.0,0.0005
FUEL/BTC,1584670250393,2020-03-20T02:10:50.393Z,sell,2.4e-07,8334.0,0.00200016
FUEL/BTC,1584670250393,2020-03-20T02:10:50.393Z,sell,2.4e-07,8334.0,0.00200016
FUEL/BTC,1584670913738,2020-03-20T02:21:53.738Z,sell,2.4e-07,366687.0,0.08800488
FUEL/BTC,1584671077954,2020-03-20T02:24:37.954Z,sell,2.4e-07,2000.0,0.0004799999999999
FUEL/BTC,1584671134271,2020-03-20T02:25:34.271Z,buy,2.5e-07,40000.0,0.01
FUEL/BTC,1584671768830,2020-03-20T02:36:08.830Z,sell,2.4e-07,92587.0,0.02222088
FUEL/BTC,1584672336676,2020-03-20T02:45:36.676Z,buy,2.5e-07,2076.0,0.0005189999999999
FUEL/BTC,1584672336676,2020-03-20T02:45:36.676Z,buy,2.5e-07,2076.0,0.0005189999999999
FUEL/BTC,1584674233976,2020-03-20T03:17:13.976Z,sell,2.4e-07,1143551.0,0.2744522399999999
FUEL/BTC,1584675583862,2020-03-20T03:39:43.862Z,sell,2.4e-07,537587.0,0.1290208799999999
FUEL/BTC,1584675599854,2020-03-20T03:39:59.854Z,sell,2.4e-07,1612764.0,0.3870633599999999
FUEL/BTC,1584675670520,2020-03-20T03:41:10.520Z,sell,2.4e-07,3000.0,0.0007199999999999
FUEL/BTC,1584675670520,2020-03-20T03:41:10.520Z,sell,2.4e-07,3000.0,0.0007199999999999
FUEL/BTC,1584676847629,2020-03-20T04:00:47.629Z,buy,2.5e-07,460.0,0.0001149999999999
FUEL/BTC,1584676872154,2020-03-20T04:01:12.154Z,sell,2.4e-07,12232.0,0.0029356799999999
FUEL/BTC,1584677296706,2020-03-20T04:08:16.706Z,sell,2.4e-07,6343.0,0.00152232
FUEL/BTC,1584677383713,2020-03-20T04:09:43.713Z,sell,2.4e-07,6993.0,0.0016783199999999
FUEL/BTC,1584677421451,2020-03-20T04:10:21.451Z,sell,2.4e-07,101099.0,0.02426376
FUEL/BTC,1584678280567,2020-03-20T04:24:40.567Z,buy,2.5e-07,5000.0,0.00125
FUEL/BTC,1584678280567,2020-03-20T04:24:40.567Z,buy,2.5e-07,5000.0,0.00125
FUEL/BTC,1584679587109,2020-03-20T04:46:27.109Z,buy,2.5e-07,1000000.0,0.25
FUEL/BTC,1584680458891,2020-03-20T05:00:58.891Z,buy,2.5e-07,17831.0,0.00445775
FUEL/BTC,1584680805072,2020-03-20T05:06:45.072Z,buy,2.5e-07,18223.0,0.00455575
FUEL/BTC,1584681789976,2020-03-20T05:23:09.976Z,buy,2.5e-07,400000.0,0.0999999999999999
FUEL/BTC,1584681789976,2020-03-20T05:23:09.976Z,buy,2.5e-07,400000.0,0.0999999999999999
FUEL/BTC,1584683111104,2020-03-20T05:45:11.104Z,buy,2.5e-07,441.0,0.00011025
FUEL/BTC,1584684008644,2020-03-20T06:00:08.644Z,buy,2.5e-07,35751.0,0.00893775
FUEL/BTC,1584684069726,2020-03-20T06:01:09.726Z,buy,2.5e-07,40000.0,0.01
FUEL/BTC,1584684152916,2020-03-20T06:02:32.916Z,sell,2.4e-07,40000.0,0.0096
FUEL/BTC,1584684190931,2020-03-20T06:03:10.931Z,buy,2.5e-07,6000.0,0.0015
FUEL/BTC,1584684503300,2020-03-20T06:08:23.300Z,buy,2.5e-07,393667.0,0.09841675
FUEL/BTC,1584684788684,2020-03-20T06:13:08.684Z,sell,2.4e-07,17186.0,0.00412464
FUEL/BTC,1584684788684,2020-03-20T06:13:08.684Z,sell,2.4e-07,17186.0,0.00412464
FUEL/BTC,1584687493312,2020-03-20T06:58:13.312Z,sell,2.4e-07,926.0,0.0002222399999999
FUEL/BTC,1584687493312,2020-03-20T06:58:13.312Z,sell,2.4e-07,926.0,0.0002222399999999
FUEL/BTC,1584689706942,2020-03-20T07:35:06.942Z,buy,2.5e-07,727.0,0.00018175
FUEL/BTC,1584690027593,2020-03-20T07:40:27.593Z,buy,2.5e-07,637604.0,0.159401
FUEL/BTC,1584690031608,2020-03-20T07:40:31.608Z,buy,2.5e-07,800.0,0.0001999999999999
FUEL/BTC,1584690194197,2020-03-20T07:43:14.197Z,buy,2.5e-07,10066.0,0.0025165
FUEL/BTC,1584690350291,2020-03-20T07:45:50.291Z,buy,2.5e-07,20131.0,0.00503275
FUEL/BTC,1584690755126,2020-03-20T07:52:35.126Z,buy,2.5e-07,10000.0,0.0025
FUEL/BTC,1584691002962,2020-03-20T07:56:42.962Z,sell,2.4e-07,16270.0,0.0039047999999999
FUEL/BTC,1584691002962,2020-03-20T07:56:42.962Z,sell,2.4e-07,16270.0,0.0039047999999999
FUEL/BTC,1584692381503,2020-03-20T08:19:41.503Z,sell,2.4e-07,1266.0,0.00030384
FUEL/BTC,1584692417941,2020-03-20T08:20:17.941Z,sell,2.4e-07,2329.0,0.00055896
FUEL/BTC,1584692423049,2020-03-20T08:20:23.049Z,buy,2.5e-07,485729.0,0.1214322499999999
FUEL/BTC,1584692473389,2020-03-20T08:21:13.389Z,buy,2.5e-07,4664.0,0.001166
FUEL/BTC,1584692651847,2020-03-20T08:24:11.847Z,buy,2.5e-07,3166.0,0.0007915
FUEL/BTC,1584692800080,2020-03-20T08:26:40.080Z,buy,2.5e-07,4087725.0,1.02193125
FUEL/BTC,1584692802493,2020-03-20T08:26:42.493Z,sell,2.5e-07,3322.0,0.0008305
FUEL/BTC,1584692806963,2020-03-20T08:26:46.963Z,sell,2.5e-07,7753.0,0.0019382499999999
FUEL/BTC,1584692807292,2020-03-20T08:26:47.292Z,sell,2.5e-07,1320.0,0.00033
FUEL/BTC,1584692807292,2020-03-20T08:26:47.292Z,sell,2.5e-07,1188.0,0.000297
FUEL/BTC,1584692807486,2020-03-20T08:26:47.486Z,sell,2.5e-07,2000.0,0.0005
FUEL/BTC,1584692809355,2020-03-20T08:26:49.355Z,sell,2.5e-07,2000.0,0.0005
FUEL/BTC,1584692811951,2020-03-20T08:26:51.951Z,sell,2.5e-07,670.0,0.0001675
FUEL/BTC,1584692818537,2020-03-20T08:26:58.537Z,sell,2.5e-07,10790.0,0.0026975
FUEL/BTC,1584692819810,2020-03-20T08:26:59.810Z,sell,2.5e-07,4516.0,0.001129
FUEL/BTC,1584692822902,2020-03-20T08:27:02.902Z,sell,2.5e-07,10416.0,0.002604
FUEL/BTC,1584692829308,2020-03-20T08:27:09.308Z,buy,2.6e-07,770.0,0.0002002
FUEL/BTC,1584692879984,2020-03-20T08:27:59.984Z,sell,2.5e-07,1339.0,0.00033475
FUEL/BTC,1584692994323,2020-03-20T08:29:54.323Z,buy,2.6e-07,2595.0,0.0006747
FUEL/BTC,1584693111803,2020-03-20T08:31:51.803Z,sell,2.5e-07,22213.0,0.00555325
FUEL/BTC,1584693298124,2020-03-20T08:34:58.124Z,sell,2.5e-07,2851.0,0.00071275
FUEL/BTC,1584693604028,2020-03-20T08:40:04.028Z,sell,2.5e-07,4150.0,0.0010375
FUEL/BTC,1584694293940,2020-03-20T08:51:33.940Z,sell,2.5e-07,4162253.0,1.04056325
FUEL/BTC,1584694293940,2020-03-20T08:51:33.940Z,sell,2.5e-07,4162253.0,1.04056325
FUEL/BTC,1584694904283,2020-03-20T09:01:44.283Z,sell,2.5e-07,13446.0,0.0033615
FUEL/BTC,1584695141052,2020-03-20T09:05:41.052Z,sell,2.5e-07,27905.0,0.00697625
FUEL/BTC,1584695570219,2020-03-20T09:12:50.219Z,sell,2.5e-07,591257.0,0.1478142499999999
FUEL/BTC,1584695588297,2020-03-20T09:13:08.297Z,sell,2.4e-07,6399.0,0.00153576
FUEL/BTC,1584695588329,2020-03-20T09:13:08.329Z,sell,2.4e-07,4440.0,0.0010655999999999
FUEL/BTC,1584695588540,2020-03-20T09:13:08.540Z,sell,2.4e-07,2094.0,0.00050256
FUEL/BTC,1584695588785,2020-03-20T09:13:08.785Z,sell,2.4e-07,5924.0,0.0014217599999999
FUEL/BTC,1584695589358,2020-03-20T09:13:09.358Z,sell,2.4e-07,5924.0,0.0014217599999999
FUEL/BTC,1584695591719,2020-03-20T09:13:11.719Z,buy,2.5e-07,20000.0,0.005
FUEL/BTC,1584695591878,2020-03-20T09:13:11.878Z,buy,2.5e-07,663.0,0.00016575
FUEL/BTC,1584695592032,2020-03-20T09:13:12.032Z,buy,2.5e-07,300767.0,0.07519175
FUEL/BTC,1584695607815,2020-03-20T09:13:27.815Z,buy,2.5e-07,753090.0,0.1882724999999999
FUEL/BTC,1584695668148,2020-03-20T09:14:28.148Z,sell,2.5e-07,16654.0,0.0041635
FUEL/BTC,1584696180929,2020-03-20T09:23:00.929Z,sell,2.5e-07,5964.0,0.001491
FUEL/BTC,1584696392577,2020-03-20T09:26:32.577Z,sell,2.5e-07,803947.0,0.20098675
FUEL/BTC,1584696395682,2020-03-20T09:26:35.682Z,sell,2.5e-07,79447.0,0.0198617499999999
FUEL/BTC,1584696402347,2020-03-20T09:26:42.347Z,sell,2.5e-07,602960.0,0.1507399999999999
FUEL/BTC,1584696444102,2020-03-20T09:27:24.102Z,sell,2.5e-07,44647.0,0.01116175
FUEL/BTC,1584696450944,2020-03-20T09:27:30.944Z,sell,2.5e-07,452220.0,0.1130549999999999
FUEL/BTC,1584696458611,2020-03-20T09:27:38.611Z,sell,2.5e-07,339165.0,0.08479125
FUEL/BTC,1584696498115,2020-03-20T09:28:18.115Z,sell,2.5e-07,254374.0,0.0635935
FUEL/BTC,1584696556633,2020-03-20T09:29:16.633Z,sell,2.5e-07,179238.0,0.0448094999999999
FUEL/BTC,1584696565119,2020-03-20T09:29:25.119Z,sell,2.5e-07,257439.0,0.06435975
FUEL/BTC,1584696738498,2020-03-20T09:32:18.498Z,buy,2.6e-07,385.0,0.0001001
FUEL/BTC,1584696750908,2020-03-20T09:32:30.908Z,sell,2.5e-07,28220.0,0.007055
FUEL/BTC,1584696760576,2020-03-20T09:32:40.576Z,sell,2.5e-07,677.0,0.00016925
FUEL/BTC,1584696870642,2020-03-20T09:34:30.642Z,buy,2.6e-07,439.0,0.00011414
FUEL/BTC,1584697235413,2020-03-20T09:40:35.413Z,sell,2.5e-07,601877.0,0.15046925
FUEL/BTC,1584697299403,2020-03-20T09:41:39.403Z,sell,2.4e-07,930230.0,0.2232552
FUEL/BTC,1584697322319,2020-03-20T09:42:02.319Z,sell,2.4e-07,1395346.0,0.3348830399999999
FUEL/BTC,1584697598973,2020-03-20T09:46:38.973Z,buy,2.5e-07,440.0,0.0001099999999999
FUEL/BTC,1584697727573,2020-03-20T09:48:47.573Z,sell,2.4e-07,1395346.0,0.3348830399999999
FUEL/BTC,1584697768743,2020-03-20T09:49:28.743Z,buy,2.5e-07,161142.0,0.0402854999999999
