symbol,timestamp,datetime,side,price,amount,btc_volume
GNT/BTC,1585497957095,2020-03-29T16:05:57.095Z,sell,5.29e-06,66.0,0.00034914
GNT/BTC,1585497999536,2020-03-29T16:06:39.536Z,sell,5.29e-06,3043.0,0.01609747
GNT/BTC,1585497999536,2020-03-29T16:06:39.536Z,sell,5.28e-06,11628.0,0.06139584
GNT/BTC,1585498220179,2020-03-29T16:10:20.179Z,buy,5.31e-06,37.0,0.00019647
GNT/BTC,1585498220179,2020-03-29T16:10:20.179Z,buy,5.32e-06,676.0,0.00359632
GNT/BTC,1585498367618,2020-03-29T16:12:47.618Z,buy,5.32e-06,1147.0,0.0061020399999999
GNT/BTC,1585498559618,2020-03-29T16:15:59.618Z,buy,5.31e-06,140.0,0.0007434
GNT/BTC,1585498697819,2020-03-29T16:18:17.819Z,sell,5.29e-06,48.0,0.00025392
GNT/BTC,1585498698189,2020-03-29T16:18:18.189Z,buy,5.29e-06,299.0,0.00158171
GNT/BTC,1585498714715,2020-03-29T16:18:34.715Z,sell,5.28e-06,1230.0,0.0064944
GNT/BTC,1585498892258,2020-03-29T16:21:32.258Z,sell,5.29e-06,5293.0,0.02799997
GNT/BTC,1585498892258,2020-03-29T16:21:32.258Z,sell,5.28e-06,11941.0,0.06304848
GNT/BTC,1585498895346,2020-03-29T16:21:35.346Z,buy,5.28e-06,23.0,0.00012144
GNT/BTC,1585498906992,2020-03-29T16:21:46.992Z,sell,5.27e-06,584.0,0.00307768
GNT/BTC,1585498906992,2020-03-29T16:21:46.992Z,sell,5.26e-06,1339.0,0.00704314
GNT/BTC,1585499083529,2020-03-29T16:24:43.529Z,sell,5.27e-06,2995.0,0.01578365
GNT/BTC,1585499147228,2020-03-29T16:25:47.228Z,sell,5.27e-06,128.0,0.00067456
GNT/BTC,1585499153268,2020-03-29T16:25:53.268Z,buy,5.28e-06,33.0,0.00017424
GNT/BTC,1585499182170,2020-03-29T16:26:22.170Z,buy,5.28e-06,39.0,0.00020592
GNT/BTC,1585499186701,2020-03-29T16:26:26.701Z,buy,5.28e-06,1470.0,0.0077616
GNT/BTC,1585499460077,2020-03-29T16:31:00.077Z,sell,5.27e-06,1260.0,0.0066402
GNT/BTC,1585499790858,2020-03-29T16:36:30.858Z,buy,5.29e-06,22.0,0.00011638
GNT/BTC,1585499880324,2020-03-29T16:38:00.324Z,buy,5.29e-06,26.0,0.00013754
GNT/BTC,1585500204457,2020-03-29T16:43:24.457Z,sell,5.3e-06,231.0,0.0012243
GNT/BTC,1585500206455,2020-03-29T16:43:26.455Z,buy,5.31e-06,28.0,0.00014868
GNT/BTC,1585500286472,2020-03-29T16:44:46.472Z,buy,5.31e-06,38.0,0.00020178
GNT/BTC,1585500357391,2020-03-29T16:45:57.391Z,buy,5.31e-06,489.0,0.00259659
GNT/BTC,1585500359379,2020-03-29T16:45:59.379Z,buy,5.32e-06,218.0,0.00115976
GNT/BTC,1585500361094,2020-03-29T16:46:01.094Z,buy,5.32e-06,37.0,0.00019684
GNT/BTC,1585500751481,2020-03-29T16:52:31.481Z,buy,5.31e-06,186.0,0.00098766
GNT/BTC,1585500924915,2020-03-29T16:55:24.915Z,sell,5.3e-06,493.0,0.0026129
GNT/BTC,1585500969282,2020-03-29T16:56:09.282Z,sell,5.3e-06,7486.0,0.0396758
GNT/BTC,1585500969282,2020-03-29T16:56:09.282Z,sell,5.3e-06,7486.0,0.0396758
GNT/BTC,1585501663104,2020-03-29T17:07:43.104Z,sell,5.29e-06,42.0,0.00022218
GNT/BTC,1585502985496,2020-03-29T17:29:45.496Z,buy,5.3e-06,43.0,0.0002279
GNT/BTC,1585502987443,2020-03-29T17:29:47.443Z,buy,5.31e-06,19.0,0.00010089
GNT/BTC,1585503030299,2020-03-29T17:30:30.299Z,buy,5.32e-06,1288.0,0.0068521599999999
GNT/BTC,1585503047792,2020-03-29T17:30:47.792Z,buy,5.32e-06,591.0,0.00314412
GNT/BTC,1585503144216,2020-03-29T17:32:24.216Z,sell,5.31e-06,47.0,0.00024957
GNT/BTC,1585503144216,2020-03-29T17:32:24.216Z,sell,5.3e-06,914.0,0.0048442
GNT/BTC,1585503148039,2020-03-29T17:32:28.039Z,buy,5.32e-06,91.0,0.00048412
GNT/BTC,1585503149055,2020-03-29T17:32:29.055Z,buy,5.32e-06,36.0,0.0001915199999999
GNT/BTC,1585503337521,2020-03-29T17:35:37.521Z,sell,5.29e-06,27.0,0.00014283
GNT/BTC,1585503450062,2020-03-29T17:37:30.062Z,sell,5.29e-06,5316.0,0.02812164
GNT/BTC,1585503450062,2020-03-29T17:37:30.062Z,sell,5.28e-06,10909.0,0.05759952
GNT/BTC,1585503450062,2020-03-29T17:37:30.062Z,sell,5.27e-06,575.0,0.00303025
GNT/BTC,1585503451438,2020-03-29T17:37:31.438Z,buy,5.28e-06,2653.0,0.01400784
GNT/BTC,1585503452353,2020-03-29T17:37:32.353Z,buy,5.28e-06,1393.0,0.00735504
GNT/BTC,1585503453313,2020-03-29T17:37:33.313Z,buy,5.29e-06,49.0,0.00025921
GNT/BTC,1585503453313,2020-03-29T17:37:33.313Z,buy,5.3e-06,6531.0,0.0346143
GNT/BTC,1585503454135,2020-03-29T17:37:34.135Z,sell,5.27e-06,7819.0,0.04120613
GNT/BTC,1585503459560,2020-03-29T17:37:39.560Z,sell,5.27e-06,49.0,0.00025823
GNT/BTC,1585503459560,2020-03-29T17:37:39.560Z,sell,5.26e-06,1070.0,0.0056282
GNT/BTC,1585503467448,2020-03-29T17:37:47.448Z,buy,5.28e-06,4500.0,0.02376
GNT/BTC,1585503469259,2020-03-29T17:37:49.259Z,buy,5.28e-06,2715.0,0.0143352
GNT/BTC,1585503473662,2020-03-29T17:37:53.662Z,buy,5.28e-06,518.0,0.00273504
GNT/BTC,1585503491407,2020-03-29T17:38:11.407Z,buy,5.28e-06,1998.0,0.01054944
GNT/BTC,1585503671650,2020-03-29T17:41:11.650Z,sell,5.27e-06,19.0,0.00010013
GNT/BTC,1585503682116,2020-03-29T17:41:22.116Z,buy,5.28e-06,1416.0,0.00747648
GNT/BTC,1585503682548,2020-03-29T17:41:22.548Z,buy,5.28e-06,1408.0,0.00743424
GNT/BTC,1585504052845,2020-03-29T17:47:32.845Z,sell,5.28e-06,19.0,0.00010032
GNT/BTC,1585504052845,2020-03-29T17:47:32.845Z,sell,5.27e-06,363.0,0.00191301
GNT/BTC,1585504525246,2020-03-29T17:55:25.246Z,sell,5.28e-06,58.0,0.00030624
GNT/BTC,1585504525246,2020-03-29T17:55:25.246Z,sell,5.28e-06,58.0,0.00030624
GNT/BTC,1585504640296,2020-03-29T17:57:20.296Z,buy,5.29e-06,54.0,0.00028566
GNT/BTC,1585504736329,2020-03-29T17:58:56.329Z,buy,5.29e-06,66.0,0.00034914
GNT/BTC,1585504808853,2020-03-29T18:00:08.853Z,buy,5.29e-06,33.0,0.00017457
GNT/BTC,1585504889431,2020-03-29T18:01:29.431Z,buy,5.3e-06,57.0,0.0003021
GNT/BTC,1585504966292,2020-03-29T18:02:46.292Z,buy,5.3e-06,290.0,0.001537
GNT/BTC,1585504968396,2020-03-29T18:02:48.396Z,buy,5.3e-06,51.0,0.0002703
GNT/BTC,1585505129936,2020-03-29T18:05:29.936Z,buy,5.3e-06,37.0,0.0001961
GNT/BTC,1585505614437,2020-03-29T18:13:34.437Z,sell,5.28e-06,204.0,0.00107712
GNT/BTC,1585505621343,2020-03-29T18:13:41.343Z,sell,5.28e-06,368.0,0.00194304
GNT/BTC,1585505710223,2020-03-29T18:15:10.223Z,buy,5.29e-06,19.0,0.00010051
GNT/BTC,1585505710223,2020-03-29T18:15:10.223Z,buy,5.3e-06,481.0,0.0025493
GNT/BTC,1585505881436,2020-03-29T18:18:01.436Z,sell,5.28e-06,4.0,2.112e-05
GNT/BTC,1585506130106,2020-03-29T18:22:10.106Z,sell,5.27e-06,83.0,0.00043741
GNT/BTC,1585506143726,2020-03-29T18:22:23.726Z,sell,5.26e-06,285.0,0.0014991
GNT/BTC,1585506145069,2020-03-29T18:22:25.069Z,buy,5.29e-06,20.0,0.0001058
GNT/BTC,1585506949246,2020-03-29T18:35:49.246Z,buy,5.28e-06,19.0,0.00010032
GNT/BTC,1585506952979,2020-03-29T18:35:52.979Z,buy,5.29e-06,34.0,0.00017986
GNT/BTC,1585507291598,2020-03-29T18:41:31.598Z,buy,5.29e-06,31.0,0.00016399
GNT/BTC,1585507485733,2020-03-29T18:44:45.733Z,buy,5.29e-06,62.0,0.00032798
GNT/BTC,1585507636381,2020-03-29T18:47:16.381Z,buy,5.29e-06,4870.0,0.0257623
GNT/BTC,1585507693734,2020-03-29T18:48:13.734Z,buy,5.3e-06,4521.0,0.0239613
GNT/BTC,1585507693734,2020-03-29T18:48:13.734Z,buy,5.3e-06,4521.0,0.0239613
GNT/BTC,1585509010169,2020-03-29T19:10:10.169Z,buy,5.29e-06,20.0,0.0001058
GNT/BTC,1585509180287,2020-03-29T19:13:00.287Z,sell,5.28e-06,38.0,0.00020064
GNT/BTC,1585509180287,2020-03-29T19:13:00.287Z,sell,5.27e-06,675.0,0.00355725
GNT/BTC,1585509500496,2020-03-29T19:18:20.496Z,buy,5.29e-06,4354.0,0.02303266
GNT/BTC,1585509501481,2020-03-29T19:18:21.481Z,buy,5.29e-06,4354.0,0.02303266
GNT/BTC,1585509502249,2020-03-29T19:18:22.249Z,buy,5.29e-06,1143.0,0.00604647
GNT/BTC,1585509503009,2020-03-29T19:18:23.009Z,buy,5.29e-06,659.0,0.00348611
GNT/BTC,1585509503994,2020-03-29T19:18:23.994Z,buy,5.29e-06,659.0,0.00348611
GNT/BTC,1585510075999,2020-03-29T19:27:55.999Z,buy,5.29e-06,38.0,0.00020102
GNT/BTC,1585510154393,2020-03-29T19:29:14.393Z,sell,5.3e-06,270.0,0.001431
GNT/BTC,1585510154544,2020-03-29T19:29:14.544Z,sell,5.3e-06,39.0,0.0002067
GNT/BTC,1585510304472,2020-03-29T19:31:44.472Z,buy,5.3e-06,316.0,0.0016748
GNT/BTC,1585510309221,2020-03-29T19:31:49.221Z,buy,5.3e-06,444.0,0.0023532
GNT/BTC,1585510309221,2020-03-29T19:31:49.221Z,buy,5.31e-06,56.0,0.00029736
GNT/BTC,1585510322226,2020-03-29T19:32:02.226Z,buy,5.31e-06,5569.0,0.02957139
GNT/BTC,1585510343119,2020-03-29T19:32:23.119Z,buy,5.3e-06,86.0,0.0004558
GNT/BTC,1585510343169,2020-03-29T19:32:23.169Z,sell,5.3e-06,390.0,0.002067
GNT/BTC,1585510391769,2020-03-29T19:33:11.769Z,sell,5.28e-06,19.0,0.00010032
GNT/BTC,1585510422709,2020-03-29T19:33:42.709Z,buy,5.3e-06,160.0,0.000848
GNT/BTC,1585510423358,2020-03-29T19:33:43.358Z,buy,5.3e-06,826.0,0.0043778
GNT/BTC,1585510440428,2020-03-29T19:34:00.428Z,buy,5.3e-06,1103.0,0.0058459
GNT/BTC,1585510475514,2020-03-29T19:34:35.514Z,buy,5.3e-06,50.0,0.000265
GNT/BTC,1585510525212,2020-03-29T19:35:25.212Z,buy,5.3e-06,37.0,0.0001961
GNT/BTC,1585510547472,2020-03-29T19:35:47.472Z,buy,5.3e-06,20.0,0.000106
GNT/BTC,1585510591080,2020-03-29T19:36:31.080Z,buy,5.3e-06,594.0,0.0031482
GNT/BTC,1585510703864,2020-03-29T19:38:23.864Z,sell,5.27e-06,6262.0,0.03300074
GNT/BTC,1585510779974,2020-03-29T19:39:39.974Z,sell,5.28e-06,4682.0,0.02472096
GNT/BTC,1585510944240,2020-03-29T19:42:24.240Z,buy,5.29e-06,41.0,0.00021689
GNT/BTC,1585510946360,2020-03-29T19:42:26.360Z,buy,5.29e-06,7.0,3.703e-05
GNT/BTC,1585510946360,2020-03-29T19:42:26.360Z,buy,5.3e-06,660.0,0.003498
GNT/BTC,1585510947541,2020-03-29T19:42:27.541Z,sell,5.29e-06,20.0,0.0001058
GNT/BTC,1585510981302,2020-03-29T19:43:01.302Z,buy,5.3e-06,739.0,0.0039167
GNT/BTC,1585510981410,2020-03-29T19:43:01.410Z,buy,5.3e-06,11646.0,0.0617238
GNT/BTC,1585510998531,2020-03-29T19:43:18.531Z,buy,5.31e-06,645.0,0.00342495
GNT/BTC,1585511000548,2020-03-29T19:43:20.548Z,buy,5.31e-06,6525.0,0.03464775
GNT/BTC,1585511021982,2020-03-29T19:43:41.982Z,buy,5.31e-06,500.0,0.002655
GNT/BTC,1585511022947,2020-03-29T19:43:42.947Z,buy,5.31e-06,500.0,0.002655
GNT/BTC,1585511023753,2020-03-29T19:43:43.753Z,buy,5.31e-06,500.0,0.002655
GNT/BTC,1585511063525,2020-03-29T19:44:23.525Z,buy,5.31e-06,30.0,0.0001593
GNT/BTC,1585511067764,2020-03-29T19:44:27.764Z,buy,5.31e-06,509.0,0.00270279
GNT/BTC,1585511067764,2020-03-29T19:44:27.764Z,buy,5.32e-06,16769.0,0.08921108
GNT/BTC,1585511118695,2020-03-29T19:45:18.695Z,sell,5.32e-06,647.0,0.00344204
GNT/BTC,1585511133541,2020-03-29T19:45:33.541Z,sell,5.32e-06,6623.0,0.03523436
GNT/BTC,1585511140265,2020-03-29T19:45:40.265Z,buy,5.33e-06,213.0,0.00113529
GNT/BTC,1585511141096,2020-03-29T19:45:41.096Z,sell,5.33e-06,3358.0,0.01789814
GNT/BTC,1585511141964,2020-03-29T19:45:41.964Z,sell,5.33e-06,3315.0,0.01766895
GNT/BTC,1585511143198,2020-03-29T19:45:43.198Z,sell,5.33e-06,3499.0,0.01864967
GNT/BTC,1585511144268,2020-03-29T19:45:44.268Z,sell,5.33e-06,3274.0,0.0174504199999999
GNT/BTC,1585511144560,2020-03-29T19:45:44.560Z,buy,5.34e-06,39.0,0.00020826
GNT/BTC,1585511145010,2020-03-29T19:45:45.010Z,sell,5.33e-06,1184.0,0.00631072
GNT/BTC,1585511254994,2020-03-29T19:47:34.994Z,sell,5.32e-06,173.0,0.00092036
GNT/BTC,1585511259609,2020-03-29T19:47:39.609Z,sell,5.32e-06,1169.0,0.00621908
GNT/BTC,1585511259609,2020-03-29T19:47:39.609Z,sell,5.32e-06,1169.0,0.00621908
GNT/BTC,1585511312253,2020-03-29T19:48:32.253Z,sell,5.32e-06,1070.0,0.0056924
GNT/BTC,1585511383496,2020-03-29T19:49:43.496Z,buy,5.33e-06,19.0,0.00010127
GNT/BTC,1585511395458,2020-03-29T19:49:55.458Z,sell,5.32e-06,448.0,0.00238336
GNT/BTC,1585511530792,2020-03-29T19:52:10.792Z,sell,5.32e-06,581.0,0.00309092
GNT/BTC,1585511583954,2020-03-29T19:53:03.954Z,sell,5.32e-06,54.0,0.00028728
GNT/BTC,1585511785066,2020-03-29T19:56:25.066Z,sell,5.32e-06,658.0,0.0035005599999999
GNT/BTC,1585512008573,2020-03-29T20:00:08.573Z,buy,5.33e-06,626.0,0.00333658
GNT/BTC,1585512091666,2020-03-29T20:01:31.666Z,sell,5.32e-06,1519.0,0.00808108
GNT/BTC,1585512269897,2020-03-29T20:04:29.897Z,buy,5.33e-06,19.0,0.00010127
GNT/BTC,1585512286176,2020-03-29T20:04:46.176Z,buy,5.34e-06,1247.0,0.0066589799999999
GNT/BTC,1585512286923,2020-03-29T20:04:46.923Z,sell,5.34e-06,20.0,0.0001068
GNT/BTC,1585512312189,2020-03-29T20:05:12.189Z,buy,5.35e-06,896.0,0.0047935999999999
GNT/BTC,1585512312209,2020-03-29T20:05:12.209Z,sell,5.35e-06,2237.0,0.01196795
GNT/BTC,1585512312436,2020-03-29T20:05:12.436Z,sell,5.35e-06,899.0,0.0048096499999999
GNT/BTC,1585512313400,2020-03-29T20:05:13.400Z,sell,5.35e-06,2662.0,0.0142417
GNT/BTC,1585512313765,2020-03-29T20:05:13.765Z,sell,5.35e-06,599.0,0.00320465
GNT/BTC,1585512314462,2020-03-29T20:05:14.462Z,sell,5.35e-06,2217.0,0.0118609499999999
GNT/BTC,1585512314525,2020-03-29T20:05:14.525Z,sell,5.35e-06,1226.0,0.0065590999999999
GNT/BTC,1585512314787,2020-03-29T20:05:14.787Z,sell,5.35e-06,899.0,0.0048096499999999
GNT/BTC,1585512318534,2020-03-29T20:05:18.534Z,sell,5.35e-06,9132.0,0.0488561999999999
GNT/BTC,1585512319318,2020-03-29T20:05:19.318Z,sell,5.35e-06,339.0,0.0018136499999999
GNT/BTC,1585512320317,2020-03-29T20:05:20.317Z,sell,5.35e-06,291.0,0.0015568499999999
GNT/BTC,1585512449664,2020-03-29T20:07:29.664Z,buy,5.36e-06,22.0,0.00011792
GNT/BTC,1585512449664,2020-03-29T20:07:29.664Z,buy,5.37e-06,5270.0,0.0282999
GNT/BTC,1585512449664,2020-03-29T20:07:29.664Z,buy,5.38e-06,326.0,0.00175388
GNT/BTC,1585512466006,2020-03-29T20:07:46.006Z,buy,5.37e-06,747.0,0.00401139
GNT/BTC,1585512466006,2020-03-29T20:07:46.006Z,buy,5.38e-06,16598.0,0.08929724
GNT/BTC,1585512466101,2020-03-29T20:07:46.101Z,sell,5.38e-06,80.0,0.0004304
GNT/BTC,1585512466175,2020-03-29T20:07:46.175Z,sell,5.38e-06,227.0,0.00122126
GNT/BTC,1585512466186,2020-03-29T20:07:46.186Z,sell,5.38e-06,870.0,0.0046806
GNT/BTC,1585512466193,2020-03-29T20:07:46.193Z,sell,5.38e-06,4500.0,0.02421
GNT/BTC,1585512466197,2020-03-29T20:07:46.197Z,sell,5.38e-06,4096.0,0.02203648
GNT/BTC,1585512466208,2020-03-29T20:07:46.208Z,sell,5.38e-06,200.0,0.001076
GNT/BTC,1585512466294,2020-03-29T20:07:46.294Z,sell,5.38e-06,249.0,0.00133962
GNT/BTC,1585512466318,2020-03-29T20:07:46.318Z,sell,5.38e-06,249.0,0.00133962
GNT/BTC,1585512466379,2020-03-29T20:07:46.379Z,sell,5.38e-06,6500.0,0.03497
GNT/BTC,1585512466390,2020-03-29T20:07:46.390Z,sell,5.38e-06,2270.0,0.0122126
GNT/BTC,1585512466500,2020-03-29T20:07:46.500Z,sell,5.38e-06,2270.0,0.0122126
GNT/BTC,1585512466578,2020-03-29T20:07:46.578Z,sell,5.38e-06,17383.0,0.09352054
GNT/BTC,1585512466626,2020-03-29T20:07:46.626Z,sell,5.38e-06,824.0,0.00443312
GNT/BTC,1585512466637,2020-03-29T20:07:46.637Z,sell,5.38e-06,1098.0,0.00590724
GNT/BTC,1585512466657,2020-03-29T20:07:46.657Z,sell,5.38e-06,2184.0,0.01174992
GNT/BTC,1585512466787,2020-03-29T20:07:46.787Z,sell,5.38e-06,2015.0,0.0108407
GNT/BTC,1585512466842,2020-03-29T20:07:46.842Z,sell,5.38e-06,2320.0,0.0124816
GNT/BTC,1585512466909,2020-03-29T20:07:46.909Z,sell,5.38e-06,200.0,0.001076
GNT/BTC,1585512467329,2020-03-29T20:07:47.329Z,sell,5.38e-06,500.0,0.00269
GNT/BTC,1585512471131,2020-03-29T20:07:51.131Z,sell,5.38e-06,99.0,0.00053262
GNT/BTC,1585512478882,2020-03-29T20:07:58.882Z,buy,5.39e-06,364.0,0.00196196
GNT/BTC,1585512482525,2020-03-29T20:08:02.525Z,sell,5.38e-06,245.0,0.0013181
GNT/BTC,1585512486707,2020-03-29T20:08:06.707Z,sell,5.38e-06,426.0,0.00229188
GNT/BTC,1585512495464,2020-03-29T20:08:15.464Z,sell,5.38e-06,979.0,0.00526702
GNT/BTC,1585512501017,2020-03-29T20:08:21.017Z,buy,5.39e-06,2015.0,0.01086085
GNT/BTC,1585512523777,2020-03-29T20:08:43.777Z,buy,5.39e-06,7135.0,0.03845765
GNT/BTC,1585512542720,2020-03-29T20:09:02.720Z,buy,5.39e-06,459.0,0.00247401
GNT/BTC,1585512556425,2020-03-29T20:09:16.425Z,sell,5.38e-06,20.0,0.0001076
GNT/BTC,1585512640621,2020-03-29T20:10:40.621Z,sell,5.38e-06,252.0,0.00135576
GNT/BTC,1585512677530,2020-03-29T20:11:17.530Z,sell,5.38e-06,1099.0,0.00591262
GNT/BTC,1585512800268,2020-03-29T20:13:20.268Z,buy,5.39e-06,930.0,0.0050127
GNT/BTC,1585512801634,2020-03-29T20:13:21.634Z,buy,5.39e-06,382.0,0.00205898
GNT/BTC,1585512856392,2020-03-29T20:14:16.392Z,sell,5.38e-06,2751.0,0.01480038
GNT/BTC,1585512901080,2020-03-29T20:15:01.080Z,buy,5.39e-06,11744.0,0.06330016
GNT/BTC,1585512902103,2020-03-29T20:15:02.103Z,buy,5.39e-06,43.0,0.00023177
GNT/BTC,1585512980482,2020-03-29T20:16:20.482Z,buy,5.39e-06,23.0,0.00012397
GNT/BTC,1585513077992,2020-03-29T20:17:57.992Z,sell,5.38e-06,90.0,0.0004842
GNT/BTC,1585513126731,2020-03-29T20:18:46.731Z,sell,5.38e-06,11728.0,0.06309664
GNT/BTC,1585513127103,2020-03-29T20:18:47.103Z,sell,5.36e-06,3059.0,0.01639624
GNT/BTC,1585513127650,2020-03-29T20:18:47.650Z,sell,5.35e-06,7135.0,0.03817225
GNT/BTC,1585513129836,2020-03-29T20:18:49.836Z,sell,5.35e-06,379.0,0.0020276499999999
GNT/BTC,1585513131159,2020-03-29T20:18:51.159Z,sell,5.35e-06,238.0,0.0012733
GNT/BTC,1585513184395,2020-03-29T20:19:44.395Z,buy,5.37e-06,1820.0,0.0097734
GNT/BTC,1585513184759,2020-03-29T20:19:44.759Z,sell,5.37e-06,230.0,0.0012351
GNT/BTC,1585513244753,2020-03-29T20:20:44.753Z,sell,5.37e-06,152.0,0.00081624
GNT/BTC,1585513279807,2020-03-29T20:21:19.807Z,sell,5.37e-06,458.0,0.00245946
GNT/BTC,1585513409908,2020-03-29T20:23:29.908Z,sell,5.37e-06,500.0,0.002685
GNT/BTC,1585513646050,2020-03-29T20:27:26.050Z,sell,5.37e-06,51.0,0.00027387
GNT/BTC,1585513780353,2020-03-29T20:29:40.353Z,buy,5.38e-06,15646.0,0.08417548
GNT/BTC,1585513782459,2020-03-29T20:29:42.459Z,sell,5.38e-06,1026.0,0.00551988
GNT/BTC,1585513901014,2020-03-29T20:31:41.014Z,buy,5.38e-06,2603.0,0.01400414
GNT/BTC,1585513968474,2020-03-29T20:32:48.474Z,sell,5.35e-06,20.0,0.000107
GNT/BTC,1585514136942,2020-03-29T20:35:36.942Z,sell,5.35e-06,207.0,0.0011074499999999
GNT/BTC,1585514141912,2020-03-29T20:35:41.912Z,buy,5.37e-06,250.0,0.0013425
GNT/BTC,1585514146245,2020-03-29T20:35:46.245Z,buy,5.38e-06,125.0,0.0006725
GNT/BTC,1585514305887,2020-03-29T20:38:25.887Z,buy,5.38e-06,29.0,0.00015602
GNT/BTC,1585514319455,2020-03-29T20:38:39.455Z,buy,5.38e-06,1022.0,0.00549836
GNT/BTC,1585514334004,2020-03-29T20:38:54.004Z,sell,5.37e-06,287.0,0.00154119
GNT/BTC,1585514409932,2020-03-29T20:40:09.932Z,sell,5.36e-06,46.0,0.00024656
GNT/BTC,1585514409932,2020-03-29T20:40:09.932Z,sell,5.35e-06,5475.0,0.0292912499999999
GNT/BTC,1585514409932,2020-03-29T20:40:09.932Z,sell,5.36e-06,46.0,0.00024656
GNT/BTC,1585514409932,2020-03-29T20:40:09.932Z,sell,5.35e-06,5475.0,0.0292912499999999
GNT/BTC,1585514951048,2020-03-29T20:49:11.048Z,sell,5.35e-06,99.0,0.00052965
GNT/BTC,1585514951063,2020-03-29T20:49:11.063Z,buy,5.35e-06,80.0,0.000428
GNT/BTC,1585514953156,2020-03-29T20:49:13.156Z,buy,5.35e-06,39.0,0.0002086499999999
GNT/BTC,1585514967498,2020-03-29T20:49:27.498Z,sell,5.34e-06,80.0,0.0004272
GNT/BTC,1585514998826,2020-03-29T20:49:58.826Z,sell,5.34e-06,746.0,0.00398364
GNT/BTC,1585514998826,2020-03-29T20:49:58.826Z,sell,5.33e-06,9036.0,0.04816188
GNT/BTC,1585515002165,2020-03-29T20:50:02.165Z,sell,5.33e-06,203.0,0.00108199
GNT/BTC,1585515264884,2020-03-29T20:54:24.884Z,buy,5.36e-06,38.0,0.00020368
GNT/BTC,1585515341275,2020-03-29T20:55:41.275Z,buy,5.37e-06,15000.0,0.08055
GNT/BTC,1585515402312,2020-03-29T20:56:42.312Z,sell,5.36e-06,183.0,0.00098088
GNT/BTC,1585515448571,2020-03-29T20:57:28.571Z,sell,5.37e-06,37.0,0.00019869
GNT/BTC,1585515448571,2020-03-29T20:57:28.571Z,sell,5.36e-06,321.0,0.00172056
GNT/BTC,1585515456064,2020-03-29T20:57:36.064Z,buy,5.38e-06,28.0,0.00015064
GNT/BTC,1585515572597,2020-03-29T20:59:32.597Z,sell,5.35e-06,48.0,0.0002567999999999
GNT/BTC,1585515573507,2020-03-29T20:59:33.507Z,sell,5.34e-06,3421.0,0.01826814
GNT/BTC,1585515643883,2020-03-29T21:00:43.883Z,sell,5.34e-06,22.0,0.00011748
GNT/BTC,1585515828276,2020-03-29T21:03:48.276Z,sell,5.34e-06,22.0,0.00011748
GNT/BTC,1585515854850,2020-03-29T21:04:14.850Z,buy,5.37e-06,38.0,0.00020406
GNT/BTC,1585515888067,2020-03-29T21:04:48.067Z,buy,5.37e-06,19.0,0.00010203
GNT/BTC,1585515893273,2020-03-29T21:04:53.273Z,buy,5.37e-06,1848.0,0.00992376
GNT/BTC,1585516007124,2020-03-29T21:06:47.124Z,sell,5.36e-06,19.0,0.00010184
GNT/BTC,1585516007124,2020-03-29T21:06:47.124Z,sell,5.35e-06,702.0,0.0037557
GNT/BTC,1585516119223,2020-03-29T21:08:39.223Z,sell,5.34e-06,1967.0,0.0105037799999999
GNT/BTC,1585516166788,2020-03-29T21:09:26.788Z,sell,5.34e-06,1966.0,0.01049844
GNT/BTC,1585516183973,2020-03-29T21:09:43.973Z,sell,5.34e-06,1966.0,0.01049844
GNT/BTC,1585516318435,2020-03-29T21:11:58.435Z,sell,5.34e-06,1966.0,0.01049844
GNT/BTC,1585516657081,2020-03-29T21:17:37.081Z,buy,5.37e-06,3037.0,0.01630869
GNT/BTC,1585516657081,2020-03-29T21:17:37.081Z,buy,5.38e-06,2512.0,0.01351456
GNT/BTC,1585516667547,2020-03-29T21:17:47.547Z,buy,5.38e-06,37.0,0.00019906
GNT/BTC,1585516669761,2020-03-29T21:17:49.761Z,sell,5.38e-06,83.0,0.00044654
GNT/BTC,1585516670445,2020-03-29T21:17:50.445Z,sell,5.37e-06,25.0,0.00013425
GNT/BTC,1585516817357,2020-03-29T21:20:17.357Z,sell,5.38e-06,19.0,0.00010222
GNT/BTC,1585516837210,2020-03-29T21:20:37.210Z,sell,5.35e-06,1960.0,0.0104859999999999
GNT/BTC,1585517339042,2020-03-29T21:28:59.042Z,sell,5.34e-06,71.0,0.00037914
GNT/BTC,1585517592949,2020-03-29T21:33:12.949Z,buy,5.37e-06,20.0,0.0001074
GNT/BTC,1585517754837,2020-03-29T21:35:54.837Z,buy,5.37e-06,19.0,0.00010203
GNT/BTC,1585517754837,2020-03-29T21:35:54.837Z,buy,5.37e-06,19.0,0.00010203
GNT/BTC,1585518480452,2020-03-29T21:48:00.452Z,sell,5.34e-06,200.0,0.001068
GNT/BTC,1585518784561,2020-03-29T21:53:04.561Z,sell,5.34e-06,1411.0,0.00753474
GNT/BTC,1585519148762,2020-03-29T21:59:08.762Z,sell,5.36e-06,319.0,0.00170984
GNT/BTC,1585519148762,2020-03-29T21:59:08.762Z,sell,5.35e-06,6813.0,0.03644955
GNT/BTC,1585519149551,2020-03-29T21:59:09.551Z,buy,5.34e-06,618.0,0.0033001199999999
GNT/BTC,1585519153332,2020-03-29T21:59:13.332Z,sell,5.33e-06,2000.0,0.01066
GNT/BTC,1585519154521,2020-03-29T21:59:14.521Z,buy,5.34e-06,282.0,0.0015058799999999
GNT/BTC,1585519158067,2020-03-29T21:59:18.067Z,buy,5.34e-06,689.0,0.0036792599999999
GNT/BTC,1585519197793,2020-03-29T21:59:57.793Z,sell,5.33e-06,586.0,0.00312338
GNT/BTC,1585519197843,2020-03-29T21:59:57.843Z,buy,5.34e-06,1529.0,0.00816486
GNT/BTC,1585519205832,2020-03-29T22:00:05.832Z,buy,5.34e-06,1520.0,0.0081168
GNT/BTC,1585519212781,2020-03-29T22:00:12.781Z,buy,5.34e-06,48.0,0.00025632
GNT/BTC,1585519347820,2020-03-29T22:02:27.820Z,buy,5.33e-06,90.0,0.0004797
GNT/BTC,1585519347820,2020-03-29T22:02:27.820Z,buy,5.34e-06,2910.0,0.0155393999999999
GNT/BTC,1585519784739,2020-03-29T22:09:44.739Z,buy,5.34e-06,200.0,0.001068
GNT/BTC,1585519950811,2020-03-29T22:12:30.811Z,buy,5.34e-06,2250.0,0.012015
GNT/BTC,1585520206503,2020-03-29T22:16:46.503Z,buy,5.34e-06,781.0,0.0041705399999999
GNT/BTC,1585520210188,2020-03-29T22:16:50.188Z,buy,5.34e-06,10000.0,0.0533999999999999
GNT/BTC,1585520812963,2020-03-29T22:26:52.963Z,sell,5.34e-06,1020.0,0.0054468
GNT/BTC,1585520850412,2020-03-29T22:27:30.412Z,buy,5.37e-06,375.0,0.00201375
GNT/BTC,1585520935138,2020-03-29T22:28:55.138Z,buy,5.37e-06,2000.0,0.01074
GNT/BTC,1585520943748,2020-03-29T22:29:03.748Z,sell,5.35e-06,344.0,0.0018403999999999
GNT/BTC,1585520943748,2020-03-29T22:29:03.748Z,sell,5.35e-06,344.0,0.0018403999999999
GNT/BTC,1585521386345,2020-03-29T22:36:26.345Z,sell,5.35e-06,1711.0,0.00915385
GNT/BTC,1585521650019,2020-03-29T22:40:50.019Z,buy,5.37e-06,405.0,0.00217485
GNT/BTC,1585521661592,2020-03-29T22:41:01.592Z,buy,5.37e-06,1001.0,0.00537537
GNT/BTC,1585521673127,2020-03-29T22:41:13.127Z,buy,5.37e-06,1001.0,0.00537537
GNT/BTC,1585521683612,2020-03-29T22:41:23.612Z,buy,5.37e-06,267.0,0.00143379
GNT/BTC,1585521683612,2020-03-29T22:41:23.612Z,buy,5.38e-06,5760.0,0.0309888
GNT/BTC,1585521683889,2020-03-29T22:41:23.889Z,sell,5.37e-06,378.0,0.00202986
GNT/BTC,1585521684016,2020-03-29T22:41:24.016Z,sell,5.37e-06,624.0,0.00335088
GNT/BTC,1585521684016,2020-03-29T22:41:24.016Z,sell,5.36e-06,401.0,0.00214936
GNT/BTC,1585521684175,2020-03-29T22:41:24.175Z,buy,5.36e-06,1002.0,0.00537072
GNT/BTC,1585521696828,2020-03-29T22:41:36.828Z,sell,5.36e-06,2217.0,0.01188312
GNT/BTC,1585521963660,2020-03-29T22:46:03.660Z,sell,5.35e-06,125.0,0.00066875
GNT/BTC,1585522232396,2020-03-29T22:50:32.396Z,buy,5.37e-06,36.0,0.00019332
GNT/BTC,1585522234121,2020-03-29T22:50:34.121Z,buy,5.37e-06,11.0,5.907e-05
GNT/BTC,1585522234121,2020-03-29T22:50:34.121Z,buy,5.38e-06,26.0,0.00013988
GNT/BTC,1585522245728,2020-03-29T22:50:45.728Z,sell,5.36e-06,5001.0,0.02680536
GNT/BTC,1585522432939,2020-03-29T22:53:52.939Z,sell,5.35e-06,238.0,0.0012733
GNT/BTC,1585522433148,2020-03-29T22:53:53.148Z,sell,5.35e-06,443.0,0.00237005
GNT/BTC,1585522434855,2020-03-29T22:53:54.855Z,sell,5.34e-06,604.0,0.00322536
GNT/BTC,1585522439767,2020-03-29T22:53:59.767Z,sell,5.35e-06,60.0,0.000321
GNT/BTC,1585522439936,2020-03-29T22:53:59.936Z,sell,5.35e-06,154.0,0.0008238999999999
GNT/BTC,1585522442514,2020-03-29T22:54:02.514Z,sell,5.35e-06,78.0,0.0004172999999999
GNT/BTC,1585522442686,2020-03-29T22:54:02.686Z,sell,5.35e-06,30.0,0.0001605
GNT/BTC,1585522444241,2020-03-29T22:54:04.241Z,sell,5.35e-06,53.0,0.00028355
GNT/BTC,1585522444514,2020-03-29T22:54:04.514Z,sell,5.35e-06,20.0,0.000107
GNT/BTC,1585522557422,2020-03-29T22:55:57.422Z,buy,5.37e-06,48.0,0.00025776
GNT/BTC,1585522557439,2020-03-29T22:55:57.439Z,sell,5.37e-06,1048.0,0.00562776
GNT/BTC,1585523292917,2020-03-29T23:08:12.917Z,sell,5.36e-06,166.0,0.00088976
GNT/BTC,1585523498682,2020-03-29T23:11:38.682Z,sell,5.36e-06,288.0,0.00154368
GNT/BTC,1585523501243,2020-03-29T23:11:41.243Z,sell,5.36e-06,354.0,0.00189744
GNT/BTC,1585523715614,2020-03-29T23:15:15.614Z,sell,5.35e-06,728.0,0.0038948
GNT/BTC,1585523780122,2020-03-29T23:16:20.122Z,sell,5.35e-06,566.0,0.0030280999999999
GNT/BTC,1585524038319,2020-03-29T23:20:38.319Z,sell,5.35e-06,245.0,0.0013107499999999
GNT/BTC,1585524299153,2020-03-29T23:24:59.153Z,sell,5.36e-06,47.0,0.00025192
GNT/BTC,1585524299153,2020-03-29T23:24:59.153Z,sell,5.35e-06,1874.0,0.0100258999999999
GNT/BTC,1585524425793,2020-03-29T23:27:05.793Z,sell,5.35e-06,896.0,0.0047935999999999
GNT/BTC,1585524425793,2020-03-29T23:27:05.793Z,sell,5.35e-06,896.0,0.0047935999999999
GNT/BTC,1585524655138,2020-03-29T23:30:55.138Z,sell,5.35e-06,807.0,0.00431745
GNT/BTC,1585524881027,2020-03-29T23:34:41.027Z,sell,5.35e-06,9618.0,0.0514562999999999
GNT/BTC,1585524881027,2020-03-29T23:34:41.027Z,sell,5.34e-06,14363.0,0.0766984199999999
GNT/BTC,1585525134584,2020-03-29T23:38:54.584Z,sell,5.34e-06,36.0,0.00019224
GNT/BTC,1585525184819,2020-03-29T23:39:44.819Z,sell,5.34e-06,4656.0,0.02486304
GNT/BTC,1585525209130,2020-03-29T23:40:09.130Z,buy,5.36e-06,47.0,0.00025192
GNT/BTC,1585525209130,2020-03-29T23:40:09.130Z,buy,5.37e-06,330.0,0.0017721
GNT/BTC,1585525710082,2020-03-29T23:48:30.082Z,buy,5.37e-06,1800.0,0.009666
GNT/BTC,1585525712217,2020-03-29T23:48:32.217Z,sell,5.35e-06,33.0,0.0001765499999999
GNT/BTC,1585526046366,2020-03-29T23:54:06.366Z,sell,5.35e-06,102.0,0.0005457
GNT/BTC,1585526046366,2020-03-29T23:54:06.366Z,sell,5.34e-06,1451.0,0.0077483399999999
GNT/BTC,1585526321283,2020-03-29T23:58:41.283Z,sell,5.35e-06,26.0,0.0001391
GNT/BTC,1585526321283,2020-03-29T23:58:41.283Z,sell,5.34e-06,1820.0,0.0097188
GNT/BTC,1585526482591,2020-03-30T00:01:22.591Z,sell,5.35e-06,100.0,0.000535
GNT/BTC,1585526482591,2020-03-30T00:01:22.591Z,sell,5.34e-06,1432.0,0.00764688
GNT/BTC,1585526490125,2020-03-30T00:01:30.125Z,sell,5.34e-06,600.0,0.003204
GNT/BTC,1585526549082,2020-03-30T00:02:29.082Z,sell,5.34e-06,419.0,0.0022374599999999
GNT/BTC,1585526638273,2020-03-30T00:03:58.273Z,sell,5.34e-06,46.0,0.00024564
GNT/BTC,1585527597555,2020-03-30T00:19:57.555Z,sell,5.33e-06,1919.0,0.01022827
GNT/BTC,1585527598884,2020-03-30T00:19:58.884Z,buy,5.37e-06,25.0,0.00013425
GNT/BTC,1585527598889,2020-03-30T00:19:58.889Z,buy,5.37e-06,19.0,0.00010203
GNT/BTC,1585527725273,2020-03-30T00:22:05.273Z,sell,5.33e-06,983.0,0.00523939
GNT/BTC,1585527725273,2020-03-30T00:22:05.273Z,sell,5.33e-06,983.0,0.00523939
GNT/BTC,1585528063676,2020-03-30T00:27:43.676Z,sell,5.34e-06,147.0,0.00078498
GNT/BTC,1585528071563,2020-03-30T00:27:51.563Z,sell,5.34e-06,61.0,0.00032574
GNT/BTC,1585528364187,2020-03-30T00:32:44.187Z,sell,5.34e-06,99.0,0.00052866
GNT/BTC,1585528441826,2020-03-30T00:34:01.826Z,sell,5.35e-06,24.0,0.0001283999999999
GNT/BTC,1585528551016,2020-03-30T00:35:51.016Z,buy,5.36e-06,19.0,0.00010184
GNT/BTC,1585528769810,2020-03-30T00:39:29.810Z,sell,5.33e-06,46.0,0.00024518
GNT/BTC,1585528771233,2020-03-30T00:39:31.233Z,buy,5.37e-06,19.0,0.00010203
GNT/BTC,1585528796349,2020-03-30T00:39:56.349Z,sell,5.35e-06,48.0,0.0002567999999999
GNT/BTC,1585528796349,2020-03-30T00:39:56.349Z,sell,5.34e-06,152.0,0.00081168
GNT/BTC,1585528907602,2020-03-30T00:41:47.602Z,buy,5.36e-06,187.0,0.00100232
GNT/BTC,1585529289134,2020-03-30T00:48:09.134Z,buy,5.36e-06,22.0,0.00011792
GNT/BTC,1585529316555,2020-03-30T00:48:36.555Z,buy,5.36e-06,35.0,0.0001876
GNT/BTC,1585529544813,2020-03-30T00:52:24.813Z,sell,5.33e-06,680.0,0.0036244
GNT/BTC,1585529839930,2020-03-30T00:57:19.930Z,buy,5.36e-06,266.0,0.00142576
GNT/BTC,1585529917165,2020-03-30T00:58:37.165Z,sell,5.36e-06,70.0,0.0003752
GNT/BTC,1585529917165,2020-03-30T00:58:37.165Z,sell,5.35e-06,1065.0,0.00569775
GNT/BTC,1585529919608,2020-03-30T00:58:39.608Z,sell,5.36e-06,153.0,0.00082008
GNT/BTC,1585529919608,2020-03-30T00:58:39.608Z,sell,5.35e-06,699.0,0.0037396499999999
GNT/BTC,1585530093094,2020-03-30T01:01:33.094Z,sell,5.33e-06,1897.0,0.01011101
GNT/BTC,1585530572171,2020-03-30T01:09:32.171Z,sell,5.33e-06,6776.0,0.03611608
GNT/BTC,1585530573368,2020-03-30T01:09:33.368Z,sell,5.32e-06,18809.0,0.10006388
GNT/BTC,1585530958780,2020-03-30T01:15:58.780Z,sell,5.31e-06,1989.0,0.01056159
GNT/BTC,1585531021519,2020-03-30T01:17:01.519Z,sell,5.31e-06,192.0,0.0010195199999999
GNT/BTC,1585531173410,2020-03-30T01:19:33.410Z,sell,5.31e-06,47.0,0.00024957
GNT/BTC,1585531173691,2020-03-30T01:19:33.691Z,sell,5.31e-06,28.0,0.00014868
GNT/BTC,1585531173691,2020-03-30T01:19:33.691Z,sell,5.31e-06,28.0,0.00014868
GNT/BTC,1585531327735,2020-03-30T01:22:07.735Z,sell,5.32e-06,19.0,0.00010108
GNT/BTC,1585531562443,2020-03-30T01:26:02.443Z,sell,5.32e-06,116.0,0.00061712
GNT/BTC,1585531896955,2020-03-30T01:31:36.955Z,sell,5.32e-06,36.0,0.0001915199999999
GNT/BTC,1585531909653,2020-03-30T01:31:49.653Z,sell,5.32e-06,41.0,0.00021812
GNT/BTC,1585532041504,2020-03-30T01:34:01.504Z,buy,5.33e-06,22.0,0.00011726
GNT/BTC,1585532144219,2020-03-30T01:35:44.219Z,sell,5.31e-06,28.0,0.00014868
GNT/BTC,1585532149175,2020-03-30T01:35:49.175Z,buy,5.33e-06,52.0,0.00027716
GNT/BTC,1585532169866,2020-03-30T01:36:09.866Z,buy,5.33e-06,1.0,5.33e-06
GNT/BTC,1585532169866,2020-03-30T01:36:09.866Z,buy,5.34e-06,1875.0,0.0100124999999999
GNT/BTC,1585532279857,2020-03-30T01:37:59.857Z,sell,5.33e-06,20.0,0.0001065999999999
GNT/BTC,1585532279857,2020-03-30T01:37:59.857Z,sell,5.32e-06,1245.0,0.0066234
GNT/BTC,1585532755685,2020-03-30T01:45:55.685Z,sell,5.3e-06,376.0,0.0019928
GNT/BTC,1585532807792,2020-03-30T01:46:47.792Z,buy,5.34e-06,2000.0,0.0106799999999999
GNT/BTC,1585532897287,2020-03-30T01:48:17.287Z,buy,5.33e-06,19.0,0.00010127
GNT/BTC,1585533225326,2020-03-30T01:53:45.326Z,buy,5.33e-06,187.0,0.00099671
GNT/BTC,1585533409323,2020-03-30T01:56:49.323Z,sell,5.32e-06,147.0,0.00078204
GNT/BTC,1585533409323,2020-03-30T01:56:49.323Z,sell,5.31e-06,160.0,0.0008496
GNT/BTC,1585533754336,2020-03-30T02:02:34.336Z,sell,5.31e-06,19.0,0.00010089
GNT/BTC,1585533754336,2020-03-30T02:02:34.336Z,sell,5.3e-06,471.0,0.0024963
GNT/BTC,1585533919817,2020-03-30T02:05:19.817Z,buy,5.33e-06,36.0,0.0001918799999999
GNT/BTC,1585534039219,2020-03-30T02:07:19.219Z,sell,5.3e-06,12618.0,0.0668754
GNT/BTC,1585534039492,2020-03-30T02:07:19.492Z,sell,5.3e-06,500.0,0.00265
GNT/BTC,1585534040380,2020-03-30T02:07:20.380Z,sell,5.3e-06,2627.0,0.0139231
GNT/BTC,1585534040380,2020-03-30T02:07:20.380Z,sell,5.29e-06,493.0,0.00260797
GNT/BTC,1585534040380,2020-03-30T02:07:20.380Z,sell,5.29e-06,152.0,0.00080408
GNT/BTC,1585534059666,2020-03-30T02:07:39.666Z,sell,5.29e-06,469.0,0.00248101
GNT/BTC,1585534103817,2020-03-30T02:08:23.817Z,sell,5.29e-06,4623.0,0.02445567
GNT/BTC,1585534128427,2020-03-30T02:08:48.427Z,sell,5.29e-06,4177.0,0.02209633
GNT/BTC,1585534234930,2020-03-30T02:10:34.930Z,buy,5.31e-06,3766.0,0.01999746
GNT/BTC,1585534406403,2020-03-30T02:13:26.403Z,sell,5.31e-06,19.0,0.00010089
GNT/BTC,1585534576090,2020-03-30T02:16:16.090Z,sell,5.3e-06,440.0,0.002332
GNT/BTC,1585534576090,2020-03-30T02:16:16.090Z,sell,5.3e-06,440.0,0.002332
GNT/BTC,1585534998587,2020-03-30T02:23:18.587Z,buy,5.32e-06,1535.0,0.0081662
GNT/BTC,1585534998587,2020-03-30T02:23:18.587Z,buy,5.33e-06,7863.0,0.0419097899999999
GNT/BTC,1585535146344,2020-03-30T02:25:46.344Z,buy,5.33e-06,3448.0,0.01837784
GNT/BTC,1585535146344,2020-03-30T02:25:46.344Z,buy,5.34e-06,5932.0,0.03167688
GNT/BTC,1585535258437,2020-03-30T02:27:38.437Z,sell,5.3e-06,23.0,0.0001219
GNT/BTC,1585535261110,2020-03-30T02:27:41.110Z,sell,5.3e-06,7072.0,0.0374816
GNT/BTC,1585535261110,2020-03-30T02:27:41.110Z,sell,5.29e-06,5966.0,0.03156014
GNT/BTC,1585535350150,2020-03-30T02:29:10.150Z,sell,5.29e-06,17741.0,0.09384989
GNT/BTC,1585535417928,2020-03-30T02:30:17.928Z,buy,5.32e-06,49.0,0.00026068
GNT/BTC,1585535418093,2020-03-30T02:30:18.093Z,sell,5.32e-06,160.0,0.0008512
GNT/BTC,1585535418205,2020-03-30T02:30:18.205Z,sell,5.32e-06,58.0,0.00030856
GNT/BTC,1585535418742,2020-03-30T02:30:18.742Z,sell,5.32e-06,14.0,7.448e-05
GNT/BTC,1585535418742,2020-03-30T02:30:18.742Z,sell,5.31e-06,486.0,0.00258066
GNT/BTC,1585535959266,2020-03-30T02:39:19.266Z,sell,5.3e-06,19.0,0.0001007
GNT/BTC,1585536275726,2020-03-30T02:44:35.726Z,sell,5.29e-06,48.0,0.00025392
GNT/BTC,1585536275726,2020-03-30T02:44:35.726Z,sell,5.28e-06,336.0,0.00177408
GNT/BTC,1585536784296,2020-03-30T02:53:04.296Z,buy,5.31e-06,10000.0,0.0531
GNT/BTC,1585536784352,2020-03-30T02:53:04.352Z,buy,5.31e-06,6528.0,0.03466368
GNT/BTC,1585536785502,2020-03-30T02:53:05.502Z,buy,5.32e-06,48.0,0.00025536
GNT/BTC,1585536785506,2020-03-30T02:53:05.506Z,buy,5.33e-06,6706.0,0.03574298
GNT/BTC,1585536785534,2020-03-30T02:53:05.534Z,buy,5.33e-06,186.0,0.00099138
GNT/BTC,1585537202394,2020-03-30T03:00:02.394Z,sell,5.3e-06,23728.0,0.1257584
GNT/BTC,1585537412162,2020-03-30T03:03:32.162Z,sell,5.3e-06,5302.0,0.0281006
GNT/BTC,1585537412162,2020-03-30T03:03:32.162Z,sell,5.29e-06,6698.0,0.03543242
GNT/BTC,1585537510764,2020-03-30T03:05:10.764Z,sell,5.3e-06,19.0,0.0001007
GNT/BTC,1585537510764,2020-03-30T03:05:10.764Z,sell,5.29e-06,12828.0,0.06786012
GNT/BTC,1585537902393,2020-03-30T03:11:42.393Z,sell,5.28e-06,11327.0,0.05980656
GNT/BTC,1585537902393,2020-03-30T03:11:42.393Z,sell,5.27e-06,34725.0,0.18300075
GNT/BTC,1585537902393,2020-03-30T03:11:42.393Z,sell,5.26e-06,14179.0,0.0745815399999999
GNT/BTC,1585537902393,2020-03-30T03:11:42.393Z,sell,5.25e-06,19988.0,0.1049369999999999
GNT/BTC,1585537902393,2020-03-30T03:11:42.393Z,sell,5.24e-06,11645.0,0.0610198
GNT/BTC,1585537902393,2020-03-30T03:11:42.393Z,sell,5.24e-06,88.0,0.00046112
GNT/BTC,1585537902704,2020-03-30T03:11:42.704Z,buy,5.28e-06,513.0,0.00270864
GNT/BTC,1585537903715,2020-03-30T03:11:43.715Z,sell,5.27e-06,162.0,0.00085374
GNT/BTC,1585537904449,2020-03-30T03:11:44.449Z,sell,5.26e-06,1923.0,0.0101149799999999
GNT/BTC,1585537904480,2020-03-30T03:11:44.480Z,sell,5.25e-06,384.0,0.002016
GNT/BTC,1585537906772,2020-03-30T03:11:46.772Z,buy,5.27e-06,588.0,0.00309876
GNT/BTC,1585537908090,2020-03-30T03:11:48.090Z,buy,5.28e-06,237.0,0.00125136
GNT/BTC,1585537972954,2020-03-30T03:12:52.954Z,sell,5.26e-06,36.0,0.00018936
GNT/BTC,1585537981016,2020-03-30T03:13:01.016Z,buy,5.26e-06,2031.0,0.01068306
GNT/BTC,1585537982526,2020-03-30T03:13:02.526Z,buy,5.26e-06,22.0,0.00011572
GNT/BTC,1585537991920,2020-03-30T03:13:11.920Z,buy,5.26e-06,2259.0,0.01188234
GNT/BTC,1585537994454,2020-03-30T03:13:14.454Z,buy,5.29e-06,12088.0,0.06394552
GNT/BTC,1585537994454,2020-03-30T03:13:14.454Z,buy,5.3e-06,4778.0,0.0253234
GNT/BTC,1585538145436,2020-03-30T03:15:45.436Z,sell,5.27e-06,49.0,0.00025823
GNT/BTC,1585538145436,2020-03-30T03:15:45.436Z,sell,5.27e-06,49.0,0.00025823
GNT/BTC,1585538223257,2020-03-30T03:17:03.257Z,buy,5.27e-06,7.0,3.689e-05
GNT/BTC,1585538309090,2020-03-30T03:18:29.090Z,buy,5.27e-06,150.0,0.0007905
GNT/BTC,1585538313102,2020-03-30T03:18:33.102Z,sell,5.27e-06,801.0,0.00422127
GNT/BTC,1585538334839,2020-03-30T03:18:54.839Z,buy,5.28e-06,172.0,0.00090816
GNT/BTC,1585538361177,2020-03-30T03:19:21.177Z,buy,5.29e-06,211.0,0.00111619
GNT/BTC,1585538397252,2020-03-30T03:19:57.252Z,sell,5.29e-06,74.0,0.00039146
GNT/BTC,1585538404224,2020-03-30T03:20:04.224Z,sell,5.29e-06,188.0,0.00099452
GNT/BTC,1585538439755,2020-03-30T03:20:39.755Z,sell,5.29e-06,308.0,0.00162932
GNT/BTC,1585538439755,2020-03-30T03:20:39.755Z,sell,5.28e-06,998.0,0.00526944
GNT/BTC,1585538440450,2020-03-30T03:20:40.450Z,sell,5.27e-06,48.0,0.00025296
GNT/BTC,1585538440450,2020-03-30T03:20:40.450Z,sell,5.26e-06,452.0,0.0023775199999999
GNT/BTC,1585538654586,2020-03-30T03:24:14.586Z,buy,5.29e-06,19.0,0.00010051
GNT/BTC,1585538924021,2020-03-30T03:28:44.021Z,buy,5.29e-06,427.0,0.00225883
GNT/BTC,1585538924034,2020-03-30T03:28:44.034Z,sell,5.29e-06,1664.0,0.00880256
GNT/BTC,1585538933837,2020-03-30T03:28:53.837Z,sell,5.29e-06,3235.0,0.01711315
GNT/BTC,1585539171456,2020-03-30T03:32:51.456Z,buy,5.29e-06,38.0,0.00020102
GNT/BTC,1585539172460,2020-03-30T03:32:52.460Z,buy,5.3e-06,36.0,0.0001908
GNT/BTC,1585539245326,2020-03-30T03:34:05.326Z,buy,5.3e-06,70.0,0.000371
GNT/BTC,1585539246388,2020-03-30T03:34:06.388Z,buy,5.3e-06,21.0,0.0001113
GNT/BTC,1585539340541,2020-03-30T03:35:40.541Z,buy,5.31e-06,35.0,0.00018585
GNT/BTC,1585539450126,2020-03-30T03:37:30.126Z,sell,5.3e-06,24.0,0.0001272
GNT/BTC,1585540162839,2020-03-30T03:49:22.839Z,buy,5.3e-06,7.0,3.71e-05
GNT/BTC,1585540296288,2020-03-30T03:51:36.288Z,sell,5.28e-06,19.0,0.00010032
GNT/BTC,1585540331614,2020-03-30T03:52:11.614Z,buy,5.28e-06,16.0,8.448e-05
GNT/BTC,1585540425504,2020-03-30T03:53:45.504Z,sell,5.28e-06,3.0,1.584e-05
GNT/BTC,1585540426305,2020-03-30T03:53:46.305Z,sell,5.27e-06,49.0,0.00025823
GNT/BTC,1585540427263,2020-03-30T03:53:47.263Z,sell,5.26e-06,65.0,0.0003418999999999
GNT/BTC,1585541393038,2020-03-30T04:09:53.038Z,buy,5.28e-06,5.0,2.64e-05
GNT/BTC,1585541393275,2020-03-30T04:09:53.275Z,buy,5.28e-06,14.0,7.392e-05
GNT/BTC,1585541613614,2020-03-30T04:13:33.614Z,buy,5.29e-06,35.0,0.00018515
GNT/BTC,1585541717253,2020-03-30T04:15:17.253Z,buy,5.29e-06,14.0,7.406e-05
GNT/BTC,1585541717253,2020-03-30T04:15:17.253Z,buy,5.29e-06,14.0,7.406e-05
GNT/BTC,1585541763551,2020-03-30T04:16:03.551Z,buy,5.31e-06,96.0,0.0005097599999999
GNT/BTC,1585542115488,2020-03-30T04:21:55.488Z,buy,5.28e-06,19.0,0.00010032
GNT/BTC,1585542121129,2020-03-30T04:22:01.129Z,buy,5.28e-06,19.0,0.00010032
GNT/BTC,1585542214563,2020-03-30T04:23:34.563Z,buy,5.28e-06,441.0,0.00232848
GNT/BTC,1585542215359,2020-03-30T04:23:35.359Z,sell,5.28e-06,379.0,0.00200112
GNT/BTC,1585542220599,2020-03-30T04:23:40.599Z,sell,5.28e-06,1559.0,0.00823152
GNT/BTC,1585542222438,2020-03-30T04:23:42.438Z,sell,5.28e-06,83.0,0.00043824
GNT/BTC,1585542228739,2020-03-30T04:23:48.739Z,sell,5.28e-06,776.0,0.00409728
GNT/BTC,1585542944216,2020-03-30T04:35:44.216Z,buy,5.29e-06,20.0,0.0001058
GNT/BTC,1585543044266,2020-03-30T04:37:24.266Z,sell,5.27e-06,25.0,0.00013175
GNT/BTC,1585543192156,2020-03-30T04:39:52.156Z,sell,5.27e-06,23.0,0.00012121
GNT/BTC,1585543192828,2020-03-30T04:39:52.828Z,sell,5.26e-06,359.0,0.0018883399999999
GNT/BTC,1585543354168,2020-03-30T04:42:34.168Z,buy,5.29e-06,48.0,0.00025392
GNT/BTC,1585543354168,2020-03-30T04:42:34.168Z,buy,5.3e-06,3054.0,0.0161862
GNT/BTC,1585544428516,2020-03-30T05:00:28.516Z,sell,5.28e-06,19.0,0.00010032
GNT/BTC,1585544448977,2020-03-30T05:00:48.977Z,sell,5.27e-06,38.0,0.00020026
GNT/BTC,1585544504271,2020-03-30T05:01:44.271Z,sell,5.27e-06,11.0,5.797e-05
GNT/BTC,1585544504271,2020-03-30T05:01:44.271Z,sell,5.26e-06,959.0,0.00504434
GNT/BTC,1585544505697,2020-03-30T05:01:45.697Z,sell,5.26e-06,3355.0,0.0176472999999999
GNT/BTC,1585544508265,2020-03-30T05:01:48.265Z,sell,5.26e-06,466.0,0.00245116
GNT/BTC,1585544509833,2020-03-30T05:01:49.833Z,sell,5.26e-06,115.0,0.0006048999999999
GNT/BTC,1585544509833,2020-03-30T05:01:49.833Z,sell,5.25e-06,217.0,0.0011392499999999
GNT/BTC,1585544510425,2020-03-30T05:01:50.425Z,sell,5.25e-06,222.0,0.0011654999999999
GNT/BTC,1585544523732,2020-03-30T05:02:03.732Z,sell,5.25e-06,77.0,0.00040425
GNT/BTC,1585544523732,2020-03-30T05:02:03.732Z,sell,5.24e-06,6583.0,0.03449492
GNT/BTC,1585544523732,2020-03-30T05:02:03.732Z,sell,5.23e-06,419.0,0.0021913699999999
GNT/BTC,1585544527701,2020-03-30T05:02:07.701Z,sell,5.23e-06,1079.0,0.00564317
GNT/BTC,1585544528505,2020-03-30T05:02:08.505Z,sell,5.23e-06,1.0,5.23e-06
GNT/BTC,1585544528505,2020-03-30T05:02:08.505Z,sell,5.22e-06,1078.0,0.00562716
GNT/BTC,1585544536882,2020-03-30T05:02:16.882Z,buy,5.26e-06,29.0,0.00015254
GNT/BTC,1585544596305,2020-03-30T05:03:16.305Z,buy,5.26e-06,30.0,0.0001578
GNT/BTC,1585544615477,2020-03-30T05:03:35.477Z,buy,5.24e-06,20.0,0.0001048
GNT/BTC,1585544625879,2020-03-30T05:03:45.879Z,buy,5.24e-06,38.0,0.00019912
GNT/BTC,1585544632318,2020-03-30T05:03:52.318Z,buy,5.24e-06,1448.0,0.0075875199999999
GNT/BTC,1585544655675,2020-03-30T05:04:15.675Z,buy,5.24e-06,632.0,0.00331168
GNT/BTC,1585544711985,2020-03-30T05:05:11.985Z,buy,5.24e-06,51.0,0.0002672399999999
GNT/BTC,1585544896742,2020-03-30T05:08:16.742Z,sell,5.24e-06,20.0,0.0001048
GNT/BTC,1585544896742,2020-03-30T05:08:16.742Z,sell,5.23e-06,206.0,0.00107738
GNT/BTC,1585545000288,2020-03-30T05:10:00.288Z,sell,5.22e-06,105.0,0.0005481
GNT/BTC,1585545000288,2020-03-30T05:10:00.288Z,sell,5.21e-06,5366.0,0.02795686
GNT/BTC,1585545000288,2020-03-30T05:10:00.288Z,sell,5.2e-06,4329.0,0.0225108
GNT/BTC,1585545008250,2020-03-30T05:10:08.250Z,sell,5.22e-06,40.0,0.0002088
GNT/BTC,1585545020456,2020-03-30T05:10:20.456Z,sell,5.22e-06,3253.0,0.01698066
GNT/BTC,1585545020689,2020-03-30T05:10:20.689Z,sell,5.22e-06,291.0,0.00151902
GNT/BTC,1585545022487,2020-03-30T05:10:22.487Z,sell,5.19e-06,60.0,0.0003114
GNT/BTC,1585545024933,2020-03-30T05:10:24.933Z,sell,5.19e-06,930.0,0.0048267
GNT/BTC,1585545052090,2020-03-30T05:10:52.090Z,sell,5.18e-06,1587.0,0.00822066
GNT/BTC,1585545061517,2020-03-30T05:11:01.517Z,sell,5.18e-06,933.0,0.00483294
GNT/BTC,1585545069469,2020-03-30T05:11:09.469Z,buy,5.2e-06,4500.0,0.0234
GNT/BTC,1585545069707,2020-03-30T05:11:09.707Z,buy,5.2e-06,4500.0,0.0234
GNT/BTC,1585545069718,2020-03-30T05:11:09.718Z,sell,5.2e-06,1732.0,0.0090064
GNT/BTC,1585545069847,2020-03-30T05:11:09.847Z,sell,5.2e-06,4500.0,0.0234
GNT/BTC,1585545070044,2020-03-30T05:11:10.044Z,sell,5.2e-06,4216.0,0.0219232
GNT/BTC,1585545070359,2020-03-30T05:11:10.359Z,sell,5.2e-06,768.0,0.0039936
GNT/BTC,1585545095331,2020-03-30T05:11:35.331Z,sell,5.2e-06,41.0,0.0002132
GNT/BTC,1585545221279,2020-03-30T05:13:41.279Z,sell,5.2e-06,20.0,0.000104
GNT/BTC,1585545221279,2020-03-30T05:13:41.279Z,sell,5.2e-06,20.0,0.000104
GNT/BTC,1585545389648,2020-03-30T05:16:29.648Z,sell,5.2e-06,11397.0,0.0592644
GNT/BTC,1585545441100,2020-03-30T05:17:21.100Z,sell,5.19e-06,4276.0,0.02219244
GNT/BTC,1585545814753,2020-03-30T05:23:34.753Z,sell,5.19e-06,3947.0,0.02048493
GNT/BTC,1585546038541,2020-03-30T05:27:18.541Z,sell,5.19e-06,1127.0,0.00584913
GNT/BTC,1585546074933,2020-03-30T05:27:54.933Z,sell,5.21e-06,82.0,0.00042722
GNT/BTC,1585546083441,2020-03-30T05:28:03.441Z,buy,5.21e-06,541.0,0.00281861
GNT/BTC,1585546087381,2020-03-30T05:28:07.381Z,sell,5.2e-06,366.0,0.0019032
GNT/BTC,1585546215379,2020-03-30T05:30:15.379Z,buy,5.21e-06,46.0,0.00023966
GNT/BTC,1585546215504,2020-03-30T05:30:15.504Z,buy,5.21e-06,77.0,0.00040117
GNT/BTC,1585546321181,2020-03-30T05:32:01.181Z,buy,5.21e-06,93.0,0.00048453
GNT/BTC,1585546321861,2020-03-30T05:32:01.861Z,buy,5.21e-06,31.0,0.00016151
GNT/BTC,1585546420089,2020-03-30T05:33:40.089Z,buy,5.21e-06,92.0,0.00047932
GNT/BTC,1585546420089,2020-03-30T05:33:40.089Z,buy,5.22e-06,708.0,0.00369576
GNT/BTC,1585546547839,2020-03-30T05:35:47.839Z,buy,5.23e-06,66.0,0.00034518
GNT/BTC,1585546595548,2020-03-30T05:36:35.548Z,sell,5.22e-06,38.0,0.00019836
GNT/BTC,1585546753653,2020-03-30T05:39:13.653Z,sell,5.2e-06,20.0,0.000104
GNT/BTC,1585546753653,2020-03-30T05:39:13.653Z,sell,5.19e-06,2261.0,0.01173459
GNT/BTC,1585546757309,2020-03-30T05:39:17.309Z,sell,5.2e-06,633.0,0.0032916
GNT/BTC,1585546758633,2020-03-30T05:39:18.633Z,sell,5.2e-06,3178.0,0.0165256
GNT/BTC,1585546761105,2020-03-30T05:39:21.105Z,sell,5.2e-06,858.0,0.0044616
GNT/BTC,1585546767635,2020-03-30T05:39:27.635Z,sell,5.2e-06,500.0,0.0026
GNT/BTC,1585546809429,2020-03-30T05:40:09.429Z,buy,5.22e-06,36.0,0.00018792
GNT/BTC,1585546854355,2020-03-30T05:40:54.355Z,sell,5.21e-06,436.0,0.00227156
GNT/BTC,1585547941163,2020-03-30T05:59:01.163Z,buy,5.22e-06,123.0,0.00064206
GNT/BTC,1585547941338,2020-03-30T05:59:01.338Z,sell,5.22e-06,38.0,0.00019836
GNT/BTC,1585548011512,2020-03-30T06:00:11.512Z,sell,5.22e-06,1.0,5.22e-06
GNT/BTC,1585548017537,2020-03-30T06:00:17.537Z,buy,5.22e-06,19.0,9.918e-05
GNT/BTC,1585548017711,2020-03-30T06:00:17.711Z,sell,5.22e-06,46.0,0.00024012
GNT/BTC,1585548018730,2020-03-30T06:00:18.730Z,sell,5.22e-06,87.0,0.00045414
GNT/BTC,1585548076417,2020-03-30T06:01:16.417Z,buy,5.22e-06,1000.0,0.00522
GNT/BTC,1585548125179,2020-03-30T06:02:05.179Z,buy,5.22e-06,26.0,0.00013572
GNT/BTC,1585548125363,2020-03-30T06:02:05.363Z,sell,5.22e-06,574.0,0.00299628
GNT/BTC,1585548452757,2020-03-30T06:07:32.757Z,sell,5.21e-06,20.0,0.0001042
GNT/BTC,1585548453753,2020-03-30T06:07:33.753Z,sell,5.2e-06,135.0,0.000702
GNT/BTC,1585548519694,2020-03-30T06:08:39.694Z,buy,5.23e-06,41.0,0.00021443
GNT/BTC,1585548741744,2020-03-30T06:12:21.744Z,buy,5.23e-06,217.0,0.00113491
GNT/BTC,1585548745222,2020-03-30T06:12:25.222Z,sell,5.22e-06,36.0,0.00018792
GNT/BTC,1585548753402,2020-03-30T06:12:33.402Z,buy,5.23e-06,1483.0,0.00775609
GNT/BTC,1585548753402,2020-03-30T06:12:33.402Z,buy,5.23e-06,1483.0,0.00775609
GNT/BTC,1585549046258,2020-03-30T06:17:26.258Z,buy,5.24e-06,4036.0,0.02114864
GNT/BTC,1585549458225,2020-03-30T06:24:18.225Z,buy,5.25e-06,4512.0,0.0236879999999999
GNT/BTC,1585549458399,2020-03-30T06:24:18.399Z,sell,5.25e-06,95.0,0.00049875
GNT/BTC,1585549458638,2020-03-30T06:24:18.638Z,sell,5.25e-06,60.0,0.0003149999999999
GNT/BTC,1585549458798,2020-03-30T06:24:18.798Z,sell,5.25e-06,160.0,0.0008399999999999
GNT/BTC,1585549484041,2020-03-30T06:24:44.041Z,sell,5.25e-06,60.0,0.0003149999999999
GNT/BTC,1585549484963,2020-03-30T06:24:44.963Z,buy,5.26e-06,328.0,0.0017252799999999
GNT/BTC,1585549484963,2020-03-30T06:24:44.963Z,buy,5.27e-06,7695.0,0.04055265
GNT/BTC,1585549662944,2020-03-30T06:27:42.944Z,sell,5.26e-06,127.0,0.00066802
GNT/BTC,1585549700235,2020-03-30T06:28:20.235Z,sell,5.26e-06,59.0,0.00031034
GNT/BTC,1585549755323,2020-03-30T06:29:15.323Z,buy,5.27e-06,941.0,0.00495907
GNT/BTC,1585549811692,2020-03-30T06:30:11.692Z,sell,5.27e-06,20.0,0.0001054
GNT/BTC,1585549823960,2020-03-30T06:30:23.960Z,buy,5.27e-06,19.0,0.00010013
GNT/BTC,1585550002123,2020-03-30T06:33:22.123Z,buy,5.27e-06,87.0,0.00045849
GNT/BTC,1585550002123,2020-03-30T06:33:22.123Z,buy,5.28e-06,635.0,0.0033528
GNT/BTC,1585550002123,2020-03-30T06:33:22.123Z,buy,5.28e-06,733.0,0.00387024
GNT/BTC,1585550135873,2020-03-30T06:35:35.873Z,sell,5.24e-06,79.0,0.00041396
GNT/BTC,1585550476756,2020-03-30T06:41:16.756Z,buy,5.27e-06,48.0,0.00025296
GNT/BTC,1585550636292,2020-03-30T06:43:56.292Z,sell,5.27e-06,500.0,0.002635
GNT/BTC,1585550637180,2020-03-30T06:43:57.180Z,sell,5.27e-06,500.0,0.002635
GNT/BTC,1585550665013,2020-03-30T06:44:25.013Z,sell,5.27e-06,208.0,0.00109616
GNT/BTC,1585550711577,2020-03-30T06:45:11.577Z,sell,5.27e-06,221.0,0.00116467
GNT/BTC,1585550724007,2020-03-30T06:45:24.007Z,sell,5.27e-06,135.0,0.00071145
GNT/BTC,1585550974996,2020-03-30T06:49:34.996Z,sell,5.27e-06,6727.0,0.03545129
GNT/BTC,1585550980352,2020-03-30T06:49:40.352Z,sell,5.27e-06,522.0,0.00275094
GNT/BTC,1585551002273,2020-03-30T06:50:02.273Z,sell,5.27e-06,10145.0,0.05346415
GNT/BTC,1585551238687,2020-03-30T06:53:58.687Z,buy,5.25e-06,127.0,0.0006667499999999
GNT/BTC,1585551246922,2020-03-30T06:54:06.922Z,buy,5.25e-06,1926.0,0.0101114999999999
GNT/BTC,1585551461586,2020-03-30T06:57:41.586Z,sell,5.26e-06,49.0,0.0002577399999999
GNT/BTC,1585551461586,2020-03-30T06:57:41.586Z,sell,5.25e-06,1562.0,0.0082005
GNT/BTC,1585551470421,2020-03-30T06:57:50.421Z,buy,5.25e-06,9125.0,0.04790625
GNT/BTC,1585551793420,2020-03-30T07:03:13.420Z,sell,5.24e-06,200.0,0.0010479999999999
GNT/BTC,1585551795118,2020-03-30T07:03:15.118Z,sell,5.24e-06,402.0,0.00210648
GNT/BTC,1585551798843,2020-03-30T07:03:18.843Z,sell,5.24e-06,428.0,0.00224272
GNT/BTC,1585551799533,2020-03-30T07:03:19.533Z,sell,5.24e-06,459.0,0.00240516
GNT/BTC,1585551799659,2020-03-30T07:03:19.659Z,sell,5.24e-06,10843.0,0.05681732
GNT/BTC,1585551847280,2020-03-30T07:04:07.280Z,sell,5.23e-06,5383.0,0.02815309
GNT/BTC,1585552178305,2020-03-30T07:09:38.305Z,buy,5.24e-06,3830.0,0.0200692
GNT/BTC,1585552241615,2020-03-30T07:10:41.615Z,sell,5.24e-06,808.0,0.0042339199999999
GNT/BTC,1585552241615,2020-03-30T07:10:41.615Z,sell,5.24e-06,808.0,0.0042339199999999
GNT/BTC,1585552530138,2020-03-30T07:15:30.138Z,sell,5.23e-06,58.0,0.00030334
GNT/BTC,1585552530138,2020-03-30T07:15:30.138Z,sell,5.22e-06,1210.0,0.0063162
GNT/BTC,1585552531855,2020-03-30T07:15:31.855Z,sell,5.23e-06,5162.0,0.02699726
GNT/BTC,1585552532743,2020-03-30T07:15:32.743Z,sell,5.23e-06,500.0,0.002615
GNT/BTC,1585552533682,2020-03-30T07:15:33.682Z,sell,5.23e-06,74.0,0.00038702
GNT/BTC,1585552533682,2020-03-30T07:15:33.682Z,sell,5.22e-06,426.0,0.00222372
GNT/BTC,1585552537391,2020-03-30T07:15:37.391Z,sell,5.21e-06,941.0,0.00490261
GNT/BTC,1585552598654,2020-03-30T07:16:38.654Z,buy,5.23e-06,904.0,0.00472792
GNT/BTC,1585552598654,2020-03-30T07:16:38.654Z,buy,5.24e-06,3578.0,0.01874872
GNT/BTC,1585552716807,2020-03-30T07:18:36.807Z,buy,5.24e-06,5550.0,0.029082
GNT/BTC,1585552716819,2020-03-30T07:18:36.819Z,sell,5.24e-06,1129.0,0.00591596
GNT/BTC,1585552818057,2020-03-30T07:20:18.057Z,buy,5.25e-06,855.0,0.00448875
GNT/BTC,1585552823260,2020-03-30T07:20:23.260Z,buy,5.25e-06,52.0,0.0002729999999999
GNT/BTC,1585552823260,2020-03-30T07:20:23.260Z,buy,5.26e-06,319.0,0.00167794
GNT/BTC,1585552826255,2020-03-30T07:20:26.255Z,buy,5.26e-06,1226.0,0.0064487599999999
GNT/BTC,1585552826785,2020-03-30T07:20:26.785Z,buy,5.26e-06,510.0,0.0026826
GNT/BTC,1585553018494,2020-03-30T07:23:38.494Z,sell,5.24e-06,463.0,0.00242612
GNT/BTC,1585553018494,2020-03-30T07:23:38.494Z,sell,5.23e-06,1437.0,0.0075155099999999
GNT/BTC,1585553063087,2020-03-30T07:24:23.087Z,buy,5.24e-06,4500.0,0.02358
GNT/BTC,1585553143861,2020-03-30T07:25:43.861Z,buy,5.23e-06,4500.0,0.023535
GNT/BTC,1585553251095,2020-03-30T07:27:31.095Z,sell,5.24e-06,41.0,0.00021484
GNT/BTC,1585553748758,2020-03-30T07:35:48.758Z,buy,5.25e-06,33.0,0.0001732499999999
GNT/BTC,1585554040691,2020-03-30T07:40:40.691Z,sell,5.22e-06,158.0,0.00082476
GNT/BTC,1585554040948,2020-03-30T07:40:40.948Z,sell,5.22e-06,360.0,0.0018792
GNT/BTC,1585554041002,2020-03-30T07:40:41.002Z,sell,5.22e-06,1692.0,0.00883224
GNT/BTC,1585554161763,2020-03-30T07:42:41.763Z,sell,5.22e-06,6174.0,0.03222828
GNT/BTC,1585554161763,2020-03-30T07:42:41.763Z,sell,5.21e-06,2639.0,0.01374919
GNT/BTC,1585554169199,2020-03-30T07:42:49.199Z,buy,5.22e-06,785.0,0.0040977
GNT/BTC,1585554169581,2020-03-30T07:42:49.581Z,sell,5.22e-06,505.0,0.0026361
GNT/BTC,1585554184115,2020-03-30T07:43:04.115Z,sell,5.21e-06,48.0,0.00025008
GNT/BTC,1585554184217,2020-03-30T07:43:04.217Z,sell,5.2e-06,1772.0,0.0092144
GNT/BTC,1585554598019,2020-03-30T07:49:58.019Z,buy,5.23e-06,20.0,0.0001046
GNT/BTC,1585555673519,2020-03-30T08:07:53.519Z,buy,5.23e-06,20.0,0.0001046
GNT/BTC,1585555673519,2020-03-30T08:07:53.519Z,buy,5.23e-06,20.0,0.0001046
GNT/BTC,1585556026891,2020-03-30T08:13:46.891Z,buy,5.24e-06,258.0,0.00135192
GNT/BTC,1585556105624,2020-03-30T08:15:05.624Z,buy,5.24e-06,102.0,0.0005344799999999
GNT/BTC,1585556106710,2020-03-30T08:15:06.710Z,buy,5.24e-06,148.0,0.0007755199999999
GNT/BTC,1585556224074,2020-03-30T08:17:04.074Z,sell,5.23e-06,40.0,0.0002092
GNT/BTC,1585556224074,2020-03-30T08:17:04.074Z,sell,5.22e-06,429.0,0.00223938
GNT/BTC,1585556377937,2020-03-30T08:19:37.937Z,sell,5.23e-06,1300.0,0.0067989999999999
GNT/BTC,1585556405716,2020-03-30T08:20:05.716Z,buy,5.24e-06,1103.0,0.0057797199999999
GNT/BTC,1585556420065,2020-03-30T08:20:20.065Z,buy,5.25e-06,4500.0,0.023625
GNT/BTC,1585556535131,2020-03-30T08:22:15.131Z,buy,5.25e-06,200.0,0.00105
GNT/BTC,1585556987819,2020-03-30T08:29:47.819Z,sell,5.24e-06,26.0,0.0001362399999999
GNT/BTC,1585557073056,2020-03-30T08:31:13.056Z,buy,5.25e-06,1870.0,0.0098175
GNT/BTC,1585557167165,2020-03-30T08:32:47.165Z,sell,5.24e-06,10.0,5.24e-05
GNT/BTC,1585557167165,2020-03-30T08:32:47.165Z,sell,5.23e-06,2381.0,0.01245263
GNT/BTC,1585558176146,2020-03-30T08:49:36.146Z,sell,5.24e-06,20.0,0.0001048
GNT/BTC,1585558176146,2020-03-30T08:49:36.146Z,sell,5.23e-06,623.0,0.00325829
GNT/BTC,1585558176146,2020-03-30T08:49:36.146Z,sell,5.22e-06,1247.0,0.00650934
GNT/BTC,1585558196306,2020-03-30T08:49:56.306Z,sell,5.23e-06,999.0,0.00522477
GNT/BTC,1585558618552,2020-03-30T08:56:58.552Z,buy,5.24e-06,49.0,0.00025676
GNT/BTC,1585558618552,2020-03-30T08:56:58.552Z,buy,5.25e-06,38.0,0.0001995
GNT/BTC,1585558618841,2020-03-30T08:56:58.841Z,buy,5.26e-06,49.0,0.0002577399999999
GNT/BTC,1585559126666,2020-03-30T09:05:26.666Z,buy,5.25e-06,4500.0,0.023625
GNT/BTC,1585559157673,2020-03-30T09:05:57.673Z,buy,5.24e-06,20.0,0.0001048
GNT/BTC,1585559157954,2020-03-30T09:05:57.954Z,sell,5.24e-06,1022.0,0.00535528
GNT/BTC,1585559199206,2020-03-30T09:06:39.206Z,sell,5.24e-06,11762.0,0.06163288
GNT/BTC,1585559199206,2020-03-30T09:06:39.206Z,sell,5.24e-06,11762.0,0.06163288
GNT/BTC,1585559501320,2020-03-30T09:11:41.320Z,sell,5.25e-06,3019.0,0.01584975
GNT/BTC,1585559571845,2020-03-30T09:12:51.845Z,buy,5.26e-06,117.0,0.00061542
GNT/BTC,1585559637211,2020-03-30T09:13:57.211Z,buy,5.26e-06,500.0,0.00263
GNT/BTC,1585559648481,2020-03-30T09:14:08.481Z,buy,5.26e-06,49.0,0.0002577399999999
GNT/BTC,1585559796604,2020-03-30T09:16:36.604Z,buy,5.26e-06,23.0,0.00012098
GNT/BTC,1585559833070,2020-03-30T09:17:13.070Z,sell,5.23e-06,48.0,0.00025104
GNT/BTC,1585560153160,2020-03-30T09:22:33.160Z,buy,5.24e-06,138.0,0.00072312
GNT/BTC,1585560678375,2020-03-30T09:31:18.375Z,sell,5.24e-06,20.0,0.0001048
GNT/BTC,1585560919672,2020-03-30T09:35:19.672Z,sell,5.23e-06,490.0,0.0025627
GNT/BTC,1585561017582,2020-03-30T09:36:57.582Z,buy,5.25e-06,933.0,0.00489825
GNT/BTC,1585561245672,2020-03-30T09:40:45.672Z,buy,5.25e-06,64.0,0.000336
GNT/BTC,1585561775056,2020-03-30T09:49:35.056Z,sell,5.23e-06,1912.0,0.00999976
GNT/BTC,1585561775057,2020-03-30T09:49:35.057Z,sell,5.22e-06,1912.0,0.00998064
GNT/BTC,1585561782355,2020-03-30T09:49:42.355Z,buy,5.24e-06,50.0,0.0002619999999999
GNT/BTC,1585561837422,2020-03-30T09:50:37.422Z,buy,5.25e-06,438.0,0.0022995
GNT/BTC,1585562063861,2020-03-30T09:54:23.861Z,buy,5.25e-06,38.0,0.0001995
GNT/BTC,1585562269075,2020-03-30T09:57:49.075Z,buy,5.25e-06,31.0,0.00016275
GNT/BTC,1585562570660,2020-03-30T10:02:50.660Z,sell,5.24e-06,175.0,0.000917
GNT/BTC,1585562692003,2020-03-30T10:04:52.003Z,sell,5.24e-06,494.0,0.0025885599999999
GNT/BTC,1585562692003,2020-03-30T10:04:52.003Z,sell,5.24e-06,494.0,0.0025885599999999
GNT/BTC,1585563148900,2020-03-30T10:12:28.900Z,buy,5.25e-06,20.0,0.0001049999999999
GNT/BTC,1585563191785,2020-03-30T10:13:11.785Z,sell,5.25e-06,20.0,0.0001049999999999
GNT/BTC,1585563325396,2020-03-30T10:15:25.396Z,buy,5.26e-06,5703.0,0.0299977799999999
GNT/BTC,1585563748296,2020-03-30T10:22:28.296Z,buy,5.26e-06,6151.0,0.0323542599999999
GNT/BTC,1585563767598,2020-03-30T10:22:47.598Z,buy,5.25e-06,20.0,0.0001049999999999
GNT/BTC,1585563835952,2020-03-30T10:23:55.952Z,sell,5.25e-06,2318.0,0.0121695
GNT/BTC,1585564018899,2020-03-30T10:26:58.899Z,buy,5.27e-06,1152.0,0.00607104
GNT/BTC,1585564018899,2020-03-30T10:26:58.899Z,buy,5.28e-06,5878.0,0.03103584
GNT/BTC,1585564159450,2020-03-30T10:29:19.450Z,sell,5.25e-06,236.0,0.0012389999999999
GNT/BTC,1585564159450,2020-03-30T10:29:19.450Z,sell,5.24e-06,5856.0,0.0306854399999999
GNT/BTC,1585564300736,2020-03-30T10:31:40.736Z,sell,5.24e-06,2633.0,0.0137969199999999
GNT/BTC,1585564301457,2020-03-30T10:31:41.457Z,sell,5.24e-06,653.0,0.00342172
GNT/BTC,1585564302075,2020-03-30T10:31:42.075Z,sell,5.24e-06,654.0,0.0034269599999999
GNT/BTC,1585564302893,2020-03-30T10:31:42.893Z,sell,5.24e-06,4226.0,0.02214424
GNT/BTC,1585564345381,2020-03-30T10:32:25.381Z,sell,5.23e-06,2887.0,0.01509901
GNT/BTC,1585564347269,2020-03-30T10:32:27.269Z,sell,5.23e-06,2310.0,0.0120813
GNT/BTC,1585564543916,2020-03-30T10:35:43.916Z,sell,5.23e-06,2926.0,0.0153029799999999
GNT/BTC,1585564543916,2020-03-30T10:35:43.916Z,sell,5.22e-06,31481.0,0.16433082
GNT/BTC,1585564543916,2020-03-30T10:35:43.916Z,sell,5.21e-06,8997.0,0.04687437
GNT/BTC,1585564607632,2020-03-30T10:36:47.632Z,buy,5.23e-06,140.0,0.0007322
GNT/BTC,1585564839474,2020-03-30T10:40:39.474Z,buy,5.24e-06,593.0,0.00310732
GNT/BTC,1585564839474,2020-03-30T10:40:39.474Z,buy,5.25e-06,1503.0,0.00789075
GNT/BTC,1585565051650,2020-03-30T10:44:11.650Z,buy,5.25e-06,55.0,0.00028875
GNT/BTC,1585565294167,2020-03-30T10:48:14.167Z,buy,5.25e-06,20.0,0.0001049999999999
GNT/BTC,1585565300874,2020-03-30T10:48:20.874Z,sell,5.24e-06,20.0,0.0001048
GNT/BTC,1585565578263,2020-03-30T10:52:58.263Z,sell,5.23e-06,704.0,0.00368192
GNT/BTC,1585565583992,2020-03-30T10:53:03.992Z,buy,5.23e-06,74.0,0.00038702
GNT/BTC,1585565600718,2020-03-30T10:53:20.718Z,buy,5.23e-06,482.0,0.0025208599999999
GNT/BTC,1585565646991,2020-03-30T10:54:06.991Z,sell,5.22e-06,49.0,0.00025578
GNT/BTC,1585565647179,2020-03-30T10:54:07.179Z,buy,5.22e-06,20.0,0.0001044
GNT/BTC,1585565647347,2020-03-30T10:54:07.347Z,buy,5.23e-06,20.0,0.0001046
GNT/BTC,1585565661237,2020-03-30T10:54:21.237Z,buy,5.23e-06,10.0,5.23e-05
GNT/BTC,1585565661237,2020-03-30T10:54:21.237Z,buy,5.24e-06,2460.0,0.0128904
GNT/BTC,1585565720322,2020-03-30T10:55:20.322Z,sell,5.21e-06,2439.0,0.01270719
GNT/BTC,1585565720350,2020-03-30T10:55:20.350Z,buy,5.21e-06,2382.0,0.01241022
GNT/BTC,1585565735784,2020-03-30T10:55:35.784Z,buy,5.24e-06,593.0,0.00310732
GNT/BTC,1585565735784,2020-03-30T10:55:35.784Z,buy,5.25e-06,355.0,0.00186375
GNT/BTC,1585565736774,2020-03-30T10:55:36.774Z,buy,5.25e-06,212.0,0.0011129999999999
GNT/BTC,1585565736981,2020-03-30T10:55:36.981Z,buy,5.25e-06,1833.0,0.00962325
GNT/BTC,1585566128478,2020-03-30T11:02:08.478Z,buy,5.25e-06,896.0,0.004704
GNT/BTC,1585566128478,2020-03-30T11:02:08.478Z,buy,5.26e-06,9104.0,0.04788704
GNT/BTC,1585566128478,2020-03-30T11:02:08.478Z,buy,5.25e-06,896.0,0.004704
GNT/BTC,1585566128478,2020-03-30T11:02:08.478Z,buy,5.26e-06,9104.0,0.04788704
GNT/BTC,1585566467001,2020-03-30T11:07:47.001Z,sell,5.24e-06,240.0,0.0012576
GNT/BTC,1585566711100,2020-03-30T11:11:51.100Z,buy,5.25e-06,107.0,0.00056175
GNT/BTC,1585566711100,2020-03-30T11:11:51.100Z,buy,5.26e-06,1697.0,0.0089262199999999
GNT/BTC,1585566759171,2020-03-30T11:12:39.171Z,sell,5.24e-06,500.0,0.00262
GNT/BTC,1585566764316,2020-03-30T11:12:44.316Z,sell,5.24e-06,235.0,0.0012314
GNT/BTC,1585566764316,2020-03-30T11:12:44.316Z,sell,5.23e-06,1417.0,0.00741091
GNT/BTC,1585566908095,2020-03-30T11:15:08.095Z,buy,5.24e-06,20.0,0.0001048
GNT/BTC,1585566908095,2020-03-30T11:15:08.095Z,buy,5.25e-06,1694.0,0.0088935
GNT/BTC,1585566913002,2020-03-30T11:15:13.002Z,sell,5.25e-06,500.0,0.0026249999999999
GNT/BTC,1585566913857,2020-03-30T11:15:13.857Z,sell,5.25e-06,500.0,0.0026249999999999
GNT/BTC,1585566924304,2020-03-30T11:15:24.304Z,sell,5.25e-06,333.0,0.0017482499999999
GNT/BTC,1585566924304,2020-03-30T11:15:24.304Z,sell,5.24e-06,4337.0,0.02272588
GNT/BTC,1585566935129,2020-03-30T11:15:35.129Z,sell,5.24e-06,333.0,0.0017449199999999
GNT/BTC,1585566935129,2020-03-30T11:15:35.129Z,sell,5.23e-06,3289.0,0.01720147
GNT/BTC,1585567122152,2020-03-30T11:18:42.152Z,sell,5.22e-06,2591.0,0.01352502
GNT/BTC,1585567881374,2020-03-30T11:31:21.374Z,buy,5.24e-06,49.0,0.00025676
GNT/BTC,1585567896957,2020-03-30T11:31:36.957Z,buy,5.25e-06,437.0,0.00229425
GNT/BTC,1585568381085,2020-03-30T11:39:41.085Z,sell,5.24e-06,20.0,0.0001048
GNT/BTC,1585568422062,2020-03-30T11:40:22.062Z,sell,5.24e-06,2.0,1.048e-05
GNT/BTC,1585568422062,2020-03-30T11:40:22.062Z,sell,5.23e-06,34.0,0.00017782
GNT/BTC,1585569009783,2020-03-30T11:50:09.783Z,buy,5.25e-06,37.0,0.0001942499999999
GNT/BTC,1585569020562,2020-03-30T11:50:20.562Z,buy,5.25e-06,188.0,0.000987
GNT/BTC,1585569020562,2020-03-30T11:50:20.562Z,buy,5.25e-06,188.0,0.000987
GNT/BTC,1585569839955,2020-03-30T12:03:59.955Z,sell,5.23e-06,494.0,0.00258362
GNT/BTC,1585569904571,2020-03-30T12:05:04.571Z,sell,5.23e-06,423.0,0.00221229
GNT/BTC,1585569935511,2020-03-30T12:05:35.511Z,sell,5.24e-06,20.0,0.0001048
GNT/BTC,1585570067932,2020-03-30T12:07:47.932Z,sell,5.23e-06,722.0,0.00377606
GNT/BTC,1585570160425,2020-03-30T12:09:20.425Z,buy,5.24e-06,807.0,0.0042286799999999
GNT/BTC,1585570356010,2020-03-30T12:12:36.010Z,sell,5.23e-06,7558.0,0.03952834
GNT/BTC,1585570356010,2020-03-30T12:12:36.010Z,sell,5.22e-06,505.0,0.0026361
GNT/BTC,1585570440588,2020-03-30T12:14:00.588Z,buy,5.24e-06,49.0,0.00025676
GNT/BTC,1585570503238,2020-03-30T12:15:03.238Z,buy,5.25e-06,117.0,0.00061425
GNT/BTC,1585570519066,2020-03-30T12:15:19.066Z,buy,5.25e-06,2237.0,0.01174425
GNT/BTC,1585570877363,2020-03-30T12:21:17.363Z,buy,5.25e-06,20.0,0.0001049999999999
GNT/BTC,1585570877363,2020-03-30T12:21:17.363Z,buy,5.26e-06,3393.0,0.0178471799999999
GNT/BTC,1585571133369,2020-03-30T12:25:33.369Z,sell,5.23e-06,753.0,0.00393819
GNT/BTC,1585571262650,2020-03-30T12:27:42.650Z,sell,5.23e-06,776.0,0.00405848
GNT/BTC,1585571303591,2020-03-30T12:28:23.591Z,buy,5.26e-06,322.0,0.00169372
GNT/BTC,1585571303591,2020-03-30T12:28:23.591Z,buy,5.27e-06,16948.0,0.08931596
GNT/BTC,1585571303591,2020-03-30T12:28:23.591Z,buy,5.28e-06,16164.0,0.08534592
GNT/BTC,1585571303591,2020-03-30T12:28:23.591Z,buy,5.29e-06,8483.0,0.04487507
GNT/BTC,1585571305684,2020-03-30T12:28:25.684Z,sell,5.27e-06,48.0,0.00025296
GNT/BTC,1585571447409,2020-03-30T12:30:47.409Z,buy,5.29e-06,187.0,0.00098923
GNT/BTC,1585571741858,2020-03-30T12:35:41.858Z,sell,5.26e-06,20.0,0.0001052
GNT/BTC,1585571743857,2020-03-30T12:35:43.857Z,sell,5.25e-06,31.0,0.00016275
GNT/BTC,1585571775773,2020-03-30T12:36:15.773Z,sell,5.26e-06,115.0,0.0006048999999999
GNT/BTC,1585571775773,2020-03-30T12:36:15.773Z,sell,5.25e-06,571.0,0.00299775
GNT/BTC,1585571793169,2020-03-30T12:36:33.169Z,buy,5.25e-06,177.0,0.00092925
GNT/BTC,1585571794095,2020-03-30T12:36:34.095Z,buy,5.25e-06,689.0,0.00361725
GNT/BTC,1585571795342,2020-03-30T12:36:35.342Z,buy,5.25e-06,235.0,0.00123375
GNT/BTC,1585571802534,2020-03-30T12:36:42.534Z,buy,5.25e-06,108.0,0.000567
GNT/BTC,1585571802534,2020-03-30T12:36:42.534Z,buy,5.26e-06,137.0,0.0007206199999999
GNT/BTC,1585572590202,2020-03-30T12:49:50.202Z,sell,5.24e-06,1600.0,0.0083839999999999
GNT/BTC,1585572590202,2020-03-30T12:49:50.202Z,sell,5.24e-06,1600.0,0.0083839999999999
GNT/BTC,1585572680294,2020-03-30T12:51:20.294Z,buy,5.27e-06,587.0,0.00309349
GNT/BTC,1585572680294,2020-03-30T12:51:20.294Z,buy,5.28e-06,7119.0,0.03758832
GNT/BTC,1585572692564,2020-03-30T12:51:32.564Z,buy,5.28e-06,31249.0,0.16499472
GNT/BTC,1585572729805,2020-03-30T12:52:09.805Z,buy,5.28e-06,1.0,5.28e-06
GNT/BTC,1585572729805,2020-03-30T12:52:09.805Z,buy,5.29e-06,2099.0,0.01110371
GNT/BTC,1585572860169,2020-03-30T12:54:20.169Z,sell,5.27e-06,21.0,0.00011067
GNT/BTC,1585573036179,2020-03-30T12:57:16.179Z,sell,5.28e-06,19.0,0.00010032
GNT/BTC,1585573139863,2020-03-30T12:58:59.863Z,buy,5.29e-06,20.0,0.0001058
GNT/BTC,1585573146580,2020-03-30T12:59:06.580Z,buy,5.29e-06,94.0,0.00049726
GNT/BTC,1585573147711,2020-03-30T12:59:07.711Z,sell,5.28e-06,168.0,0.00088704
GNT/BTC,1585573147711,2020-03-30T12:59:07.711Z,sell,5.27e-06,6632.0,0.03495064
GNT/BTC,1585573148554,2020-03-30T12:59:08.554Z,buy,5.29e-06,5649.0,0.02988321
GNT/BTC,1585573155658,2020-03-30T12:59:15.658Z,buy,5.29e-06,1883.0,0.00996107
GNT/BTC,1585573158627,2020-03-30T12:59:18.627Z,buy,5.29e-06,6271.0,0.03317359
GNT/BTC,1585573160386,2020-03-30T12:59:20.386Z,buy,5.29e-06,244.0,0.00129076
GNT/BTC,1585573161341,2020-03-30T12:59:21.341Z,buy,5.29e-06,207.0,0.00109503
GNT/BTC,1585573215911,2020-03-30T13:00:15.911Z,sell,5.25e-06,281.0,0.00147525
GNT/BTC,1585573609233,2020-03-30T13:06:49.233Z,buy,5.29e-06,37.0,0.00019573
GNT/BTC,1585573609318,2020-03-30T13:06:49.318Z,buy,5.29e-06,112.0,0.00059248
GNT/BTC,1585573609740,2020-03-30T13:06:49.740Z,buy,5.29e-06,37.0,0.00019573
GNT/BTC,1585573610400,2020-03-30T13:06:50.400Z,buy,5.29e-06,75.0,0.00039675
GNT/BTC,1585573618999,2020-03-30T13:06:58.999Z,buy,5.29e-06,37.0,0.00019573
GNT/BTC,1585573620241,2020-03-30T13:07:00.241Z,buy,5.29e-06,941.0,0.00497789
GNT/BTC,1585573623046,2020-03-30T13:07:03.046Z,buy,5.3e-06,376.0,0.0019928
GNT/BTC,1585573623064,2020-03-30T13:07:03.064Z,buy,5.3e-06,353.0,0.0018709
GNT/BTC,1585573625815,2020-03-30T13:07:05.815Z,buy,5.3e-06,37.0,0.0001961
GNT/BTC,1585573627305,2020-03-30T13:07:07.305Z,buy,5.3e-06,21.0,0.0001113
GNT/BTC,1585573630177,2020-03-30T13:07:10.177Z,buy,5.3e-06,94.0,0.0004982
GNT/BTC,1585573630423,2020-03-30T13:07:10.423Z,buy,5.3e-06,6003.0,0.0318159
GNT/BTC,1585573630564,2020-03-30T13:07:10.564Z,buy,5.3e-06,941.0,0.0049873
GNT/BTC,1585573630629,2020-03-30T13:07:10.629Z,buy,5.3e-06,37.0,0.0001961
GNT/BTC,1585573630647,2020-03-30T13:07:10.647Z,buy,5.3e-06,47.0,0.0002491
GNT/BTC,1585573781531,2020-03-30T13:09:41.531Z,buy,5.3e-06,4752.0,0.0251856
GNT/BTC,1585573827246,2020-03-30T13:10:27.246Z,sell,5.29e-06,31.0,0.00016399
GNT/BTC,1585573845344,2020-03-30T13:10:45.344Z,sell,5.27e-06,3135.0,0.01652145
GNT/BTC,1585573897297,2020-03-30T13:11:37.297Z,sell,5.25e-06,5523.0,0.0289957499999999
GNT/BTC,1585573898417,2020-03-30T13:11:38.417Z,buy,5.25e-06,77.0,0.00040425
GNT/BTC,1585573904121,2020-03-30T13:11:44.121Z,sell,5.24e-06,11012.0,0.05770288
GNT/BTC,1585574580294,2020-03-30T13:23:00.294Z,sell,5.26e-06,20.0,0.0001052
GNT/BTC,1585574602412,2020-03-30T13:23:22.412Z,sell,5.25e-06,1867.0,0.00980175
GNT/BTC,1585574929071,2020-03-30T13:28:49.071Z,buy,5.26e-06,19.0,9.994e-05
GNT/BTC,1585574975414,2020-03-30T13:29:35.414Z,sell,5.25e-06,1181.0,0.00620025
GNT/BTC,1585574975971,2020-03-30T13:29:35.971Z,sell,5.25e-06,2915.0,0.01530375
GNT/BTC,1585574976834,2020-03-30T13:29:36.834Z,sell,5.25e-06,4.0,2.1e-05
GNT/BTC,1585574976834,2020-03-30T13:29:36.834Z,sell,5.24e-06,5052.0,0.02647248
GNT/BTC,1585574976834,2020-03-30T13:29:36.834Z,sell,5.23e-06,8035.0,0.04202305
GNT/BTC,1585574976834,2020-03-30T13:29:36.834Z,sell,5.22e-06,17309.0,0.09035298
GNT/BTC,1585575015478,2020-03-30T13:30:15.478Z,buy,5.23e-06,29.0,0.00015167
GNT/BTC,1585575015571,2020-03-30T13:30:15.571Z,buy,5.24e-06,49.0,0.00025676
GNT/BTC,1585575048496,2020-03-30T13:30:48.496Z,buy,5.26e-06,887.0,0.00466562
GNT/BTC,1585575424019,2020-03-30T13:37:04.019Z,buy,5.25e-06,34.0,0.0001785
GNT/BTC,1585575424019,2020-03-30T13:37:04.019Z,buy,5.26e-06,137.0,0.0007206199999999
GNT/BTC,1585575747888,2020-03-30T13:42:27.888Z,sell,5.23e-06,26.0,0.00013598
GNT/BTC,1585575783615,2020-03-30T13:43:03.615Z,sell,5.23e-06,763.0,0.00399049
GNT/BTC,1585575783615,2020-03-30T13:43:03.615Z,sell,5.22e-06,9084.0,0.04741848
GNT/BTC,1585575783615,2020-03-30T13:43:03.615Z,sell,5.21e-06,14113.0,0.07352873
GNT/BTC,1585575785475,2020-03-30T13:43:05.475Z,buy,5.24e-06,400.0,0.0020959999999999
GNT/BTC,1585575787462,2020-03-30T13:43:07.462Z,buy,5.24e-06,194.0,0.00101656
GNT/BTC,1585575787750,2020-03-30T13:43:07.750Z,buy,5.25e-06,26.0,0.0001364999999999
GNT/BTC,1585576036824,2020-03-30T13:47:16.824Z,buy,5.25e-06,1670.0,0.0087675
GNT/BTC,1585576117869,2020-03-30T13:48:37.869Z,sell,5.24e-06,20.0,0.0001048
GNT/BTC,1585576117869,2020-03-30T13:48:37.869Z,sell,5.24e-06,20.0,0.0001048
GNT/BTC,1585576200091,2020-03-30T13:50:00.091Z,sell,5.23e-06,40.0,0.0002092
GNT/BTC,1585576200091,2020-03-30T13:50:00.091Z,sell,5.22e-06,460.0,0.0024012
GNT/BTC,1585576519264,2020-03-30T13:55:19.264Z,buy,5.24e-06,49.0,0.00025676
GNT/BTC,1585576519264,2020-03-30T13:55:19.264Z,buy,5.25e-06,5669.0,0.0297622499999999
GNT/BTC,1585576710221,2020-03-30T13:58:30.221Z,sell,5.22e-06,49.0,0.00025578
GNT/BTC,1585576710221,2020-03-30T13:58:30.221Z,sell,5.21e-06,4951.0,0.02579471
GNT/BTC,1585576711711,2020-03-30T13:58:31.711Z,buy,5.24e-06,746.0,0.00390904
GNT/BTC,1585576770261,2020-03-30T13:59:30.261Z,buy,5.24e-06,1314.0,0.00688536
GNT/BTC,1585576770261,2020-03-30T13:59:30.261Z,buy,5.25e-06,120.0,0.0006299999999999
GNT/BTC,1585576956014,2020-03-30T14:02:36.014Z,buy,5.25e-06,1184.0,0.0062159999999999
GNT/BTC,1585576974521,2020-03-30T14:02:54.521Z,buy,5.26e-06,12873.0,0.0677119799999999
GNT/BTC,1585577606046,2020-03-30T14:13:26.046Z,buy,5.26e-06,2058.0,0.0108250799999999
GNT/BTC,1585577735011,2020-03-30T14:15:35.011Z,buy,5.26e-06,2.0,1.052e-05
GNT/BTC,1585577736008,2020-03-30T14:15:36.008Z,buy,5.27e-06,628.0,0.00330956
GNT/BTC,1585577737034,2020-03-30T14:15:37.034Z,buy,5.27e-06,35.0,0.00018445
GNT/BTC,1585577738463,2020-03-30T14:15:38.463Z,buy,5.28e-06,163.0,0.00086064
GNT/BTC,1585577869868,2020-03-30T14:17:49.868Z,sell,5.24e-06,21.0,0.00011004
GNT/BTC,1585578240175,2020-03-30T14:24:00.175Z,sell,5.25e-06,20.0,0.0001049999999999
GNT/BTC,1585578377465,2020-03-30T14:26:17.465Z,sell,5.24e-06,488.0,0.00255712
GNT/BTC,1585578383899,2020-03-30T14:26:23.899Z,sell,5.24e-06,78.0,0.00040872
GNT/BTC,1585578384641,2020-03-30T14:26:24.641Z,sell,5.23e-06,355.0,0.00185665
GNT/BTC,1585579624795,2020-03-30T14:47:04.795Z,sell,5.24e-06,20.0,0.0001048
GNT/BTC,1585579624795,2020-03-30T14:47:04.795Z,sell,5.23e-06,480.0,0.0025104
GNT/BTC,1585579624795,2020-03-30T14:47:04.795Z,sell,5.24e-06,20.0,0.0001048
GNT/BTC,1585579624795,2020-03-30T14:47:04.795Z,sell,5.23e-06,480.0,0.0025104
GNT/BTC,1585579819619,2020-03-30T14:50:19.619Z,sell,5.23e-06,1873.0,0.00979579
GNT/BTC,1585579819630,2020-03-30T14:50:19.630Z,buy,5.23e-06,601.0,0.00314323
GNT/BTC,1585579819983,2020-03-30T14:50:19.983Z,sell,5.23e-06,626.0,0.00327398
GNT/BTC,1585579820288,2020-03-30T14:50:20.288Z,buy,5.23e-06,1898.0,0.00992654
GNT/BTC,1585579847599,2020-03-30T14:50:47.599Z,sell,5.23e-06,711.0,0.00371853
GNT/BTC,1585580169021,2020-03-30T14:56:09.021Z,buy,5.26e-06,40.0,0.0002104
GNT/BTC,1585580205076,2020-03-30T14:56:45.076Z,sell,5.26e-06,92.0,0.00048392
GNT/BTC,1585580210934,2020-03-30T14:56:50.934Z,sell,5.26e-06,92.0,0.00048392
GNT/BTC,1585580261805,2020-03-30T14:57:41.805Z,buy,5.27e-06,260.0,0.0013702
GNT/BTC,1585580338191,2020-03-30T14:58:58.191Z,sell,5.26e-06,26.0,0.0001367599999999
GNT/BTC,1585580346136,2020-03-30T14:59:06.136Z,buy,5.26e-06,559.0,0.0029403399999999
GNT/BTC,1585580450073,2020-03-30T15:00:50.073Z,buy,5.26e-06,222.0,0.00116772
GNT/BTC,1585580481163,2020-03-30T15:01:21.163Z,sell,5.25e-06,48.0,0.000252
GNT/BTC,1585580488277,2020-03-30T15:01:28.277Z,buy,5.25e-06,67.0,0.0003517499999999
GNT/BTC,1585580639013,2020-03-30T15:03:59.013Z,buy,5.27e-06,40.0,0.0002108
GNT/BTC,1585580833012,2020-03-30T15:07:13.012Z,sell,5.24e-06,68.0,0.00035632
GNT/BTC,1585580893665,2020-03-30T15:08:13.665Z,sell,5.24e-06,363.0,0.00190212
GNT/BTC,1585580913517,2020-03-30T15:08:33.517Z,buy,5.27e-06,115.0,0.00060605
GNT/BTC,1585581512029,2020-03-30T15:18:32.029Z,buy,5.26e-06,23.0,0.00012098
GNT/BTC,1585581612350,2020-03-30T15:20:12.350Z,buy,5.26e-06,38.0,0.00019988
GNT/BTC,1585581888405,2020-03-30T15:24:48.405Z,buy,5.26e-06,98.0,0.0005154799999999
GNT/BTC,1585581940690,2020-03-30T15:25:40.690Z,buy,5.25e-06,5736.0,0.030114
GNT/BTC,1585581940772,2020-03-30T15:25:40.772Z,sell,5.22e-06,3829.0,0.01998738
GNT/BTC,1585581940948,2020-03-30T15:25:40.948Z,sell,5.22e-06,1628.0,0.00849816
GNT/BTC,1585581942353,2020-03-30T15:25:42.353Z,buy,5.22e-06,3136.0,0.01636992
GNT/BTC,1585581942686,2020-03-30T15:25:42.686Z,sell,5.21e-06,408.0,0.00212568
GNT/BTC,1585581945623,2020-03-30T15:25:45.623Z,buy,5.24e-06,1614.0,0.0084573599999999
GNT/BTC,1585581972689,2020-03-30T15:26:12.689Z,buy,5.25e-06,3957.0,0.0207742499999999
GNT/BTC,1585582083641,2020-03-30T15:28:03.641Z,buy,5.23e-06,203.0,0.00106169
GNT/BTC,1585582083697,2020-03-30T15:28:03.697Z,buy,5.23e-06,8260.0,0.0431998
GNT/BTC,1585582100009,2020-03-30T15:28:20.009Z,buy,5.23e-06,3037.0,0.01588351
GNT/BTC,1585582259410,2020-03-30T15:30:59.410Z,buy,5.23e-06,4500.0,0.023535
GNT/BTC,1585582259546,2020-03-30T15:30:59.546Z,buy,5.23e-06,2319.0,0.01212837
GNT/BTC,1585582261497,2020-03-30T15:31:01.497Z,sell,5.23e-06,515.0,0.00269345
GNT/BTC,1585582527471,2020-03-30T15:35:27.471Z,sell,5.23e-06,20.0,0.0001046
GNT/BTC,1585582527471,2020-03-30T15:35:27.471Z,sell,5.22e-06,4253.0,0.02220066
GNT/BTC,1585582527471,2020-03-30T15:35:27.471Z,sell,5.21e-06,5250.0,0.0273525
GNT/BTC,1585582531224,2020-03-30T15:35:31.224Z,sell,5.21e-06,5520.0,0.0287592
GNT/BTC,1585582531224,2020-03-30T15:35:31.224Z,sell,5.2e-06,2027.0,0.0105404
GNT/BTC,1585582531662,2020-03-30T15:35:31.662Z,buy,5.21e-06,1208.0,0.00629368
GNT/BTC,1585582531732,2020-03-30T15:35:31.732Z,buy,5.21e-06,4356.0,0.02269476
GNT/BTC,1585582531883,2020-03-30T15:35:31.883Z,buy,5.21e-06,565.0,0.00294365
GNT/BTC,1585582532261,2020-03-30T15:35:32.261Z,buy,5.21e-06,1024.0,0.00533504
GNT/BTC,1585582532324,2020-03-30T15:35:32.324Z,buy,5.21e-06,872.0,0.00454312
GNT/BTC,1585582532679,2020-03-30T15:35:32.679Z,buy,5.21e-06,436.0,0.00227156
GNT/BTC,1585582533686,2020-03-30T15:35:33.686Z,buy,5.21e-06,500.0,0.002605
GNT/BTC,1585582534573,2020-03-30T15:35:34.573Z,buy,5.21e-06,500.0,0.002605
GNT/BTC,1585582535330,2020-03-30T15:35:35.330Z,buy,5.21e-06,19142.0,0.09972982
GNT/BTC,1585582535440,2020-03-30T15:35:35.440Z,buy,5.23e-06,500.0,0.002615
GNT/BTC,1585582550184,2020-03-30T15:35:50.184Z,buy,5.24e-06,81.0,0.00042444
GNT/BTC,1585582673069,2020-03-30T15:37:53.069Z,buy,5.22e-06,67.0,0.00034974
GNT/BTC,1585582673069,2020-03-30T15:37:53.069Z,buy,5.23e-06,3674.0,0.01921502
GNT/BTC,1585582673742,2020-03-30T15:37:53.742Z,buy,5.24e-06,36857.0,0.19313068
GNT/BTC,1585582673742,2020-03-30T15:37:53.742Z,buy,5.25e-06,9667.0,0.05075175
GNT/BTC,1585582764128,2020-03-30T15:39:24.128Z,sell,5.22e-06,49.0,0.00025578
GNT/BTC,1585582764128,2020-03-30T15:39:24.128Z,sell,5.21e-06,3640.0,0.0189644
GNT/BTC,1585582770112,2020-03-30T15:39:30.112Z,buy,5.24e-06,593.0,0.00310732
GNT/BTC,1585582770112,2020-03-30T15:39:30.112Z,buy,5.25e-06,2298.0,0.0120644999999999
GNT/BTC,1585582879547,2020-03-30T15:41:19.547Z,buy,5.26e-06,3802.0,0.01999852
GNT/BTC,1585582879547,2020-03-30T15:41:19.547Z,buy,5.26e-06,3802.0,0.01999852
GNT/BTC,1585583296712,2020-03-30T15:48:16.712Z,buy,5.25e-06,20.0,0.0001049999999999
GNT/BTC,1585583296712,2020-03-30T15:48:16.712Z,buy,5.26e-06,1775.0,0.0093365
GNT/BTC,1585583360564,2020-03-30T15:49:20.564Z,sell,5.23e-06,629.0,0.0032896699999999
GNT/BTC,1585583880453,2020-03-30T15:58:00.453Z,buy,5.26e-06,895.0,0.0047076999999999
GNT/BTC,1585584078784,2020-03-30T16:01:18.784Z,buy,5.26e-06,4895.0,0.0257477
GNT/BTC,1585584109932,2020-03-30T16:01:49.932Z,sell,5.22e-06,357.0,0.00186354
GNT/BTC,1585584116847,2020-03-30T16:01:56.847Z,buy,5.24e-06,49.0,0.00025676
GNT/BTC,1585584116847,2020-03-30T16:01:56.847Z,buy,5.25e-06,5783.0,0.03036075
GNT/BTC,1585584116847,2020-03-30T16:01:56.847Z,buy,5.26e-06,3689.0,0.01940414
GNT/BTC,1585584378986,2020-03-30T16:06:18.986Z,buy,5.27e-06,221.0,0.00116467
GNT/BTC,1585584378986,2020-03-30T16:06:18.986Z,buy,5.28e-06,6838.0,0.03610464
GNT/BTC,1585584464977,2020-03-30T16:07:44.977Z,buy,5.28e-06,4453.0,0.02351184
GNT/BTC,1585584484481,2020-03-30T16:08:04.481Z,sell,5.27e-06,71.0,0.00037417
GNT/BTC,1585584515790,2020-03-30T16:08:35.790Z,buy,5.28e-06,20.0,0.0001056
GNT/BTC,1585584515790,2020-03-30T16:08:35.790Z,buy,5.29e-06,863.0,0.00456527
GNT/BTC,1585584533579,2020-03-30T16:08:53.579Z,buy,5.29e-06,7240.0,0.0382996
GNT/BTC,1585584599607,2020-03-30T16:09:59.607Z,sell,5.28e-06,431.0,0.00227568
GNT/BTC,1585584600313,2020-03-30T16:10:00.313Z,sell,5.28e-06,216.0,0.00114048
GNT/BTC,1585584600489,2020-03-30T16:10:00.489Z,sell,5.28e-06,1250.0,0.0066
GNT/BTC,1585584601457,2020-03-30T16:10:01.457Z,sell,5.28e-06,625.0,0.0033
GNT/BTC,1585584601661,2020-03-30T16:10:01.661Z,sell,5.28e-06,109.0,0.00057552
GNT/BTC,1585584603313,2020-03-30T16:10:03.313Z,sell,5.28e-06,366.0,0.00193248
GNT/BTC,1585584605019,2020-03-30T16:10:05.019Z,sell,5.28e-06,27.0,0.00014256
GNT/BTC,1585584615801,2020-03-30T16:10:15.801Z,sell,5.28e-06,42.0,0.00022176
GNT/BTC,1585584624973,2020-03-30T16:10:24.973Z,buy,5.29e-06,2382.0,0.01260078
GNT/BTC,1585584695564,2020-03-30T16:11:35.564Z,buy,5.29e-06,20.0,0.0001058
GNT/BTC,1585584804642,2020-03-30T16:13:24.642Z,buy,5.29e-06,19.0,0.00010051
GNT/BTC,1585585031710,2020-03-30T16:17:11.710Z,sell,5.27e-06,48.0,0.00025296
GNT/BTC,1585585319960,2020-03-30T16:21:59.960Z,buy,5.29e-06,911.0,0.00481919
GNT/BTC,1585585587153,2020-03-30T16:26:27.153Z,sell,5.25e-06,1826.0,0.0095865
GNT/BTC,1585585975965,2020-03-30T16:32:55.965Z,sell,5.25e-06,22.0,0.0001154999999999
GNT/BTC,1585585980375,2020-03-30T16:33:00.375Z,sell,5.25e-06,388.0,0.0020369999999999
GNT/BTC,1585586139259,2020-03-30T16:35:39.259Z,sell,5.27e-06,28.0,0.00014756
GNT/BTC,1585586140979,2020-03-30T16:35:40.979Z,sell,5.26e-06,31.0,0.00016306
GNT/BTC,1585586214273,2020-03-30T16:36:54.273Z,buy,5.29e-06,30.0,0.0001587
GNT/BTC,1585586214487,2020-03-30T16:36:54.487Z,sell,5.28e-06,207.0,0.00109296
GNT/BTC,1585586294130,2020-03-30T16:38:14.130Z,buy,5.29e-06,39.0,0.00020631
GNT/BTC,1585586370994,2020-03-30T16:39:30.994Z,sell,5.28e-06,168.0,0.00088704
GNT/BTC,1585586473346,2020-03-30T16:41:13.346Z,sell,5.26e-06,959.0,0.00504434
GNT/BTC,1585586473346,2020-03-30T16:41:13.346Z,sell,5.26e-06,959.0,0.00504434
GNT/BTC,1585587352171,2020-03-30T16:55:52.171Z,sell,5.27e-06,78.0,0.00041106
GNT/BTC,1585588168235,2020-03-30T17:09:28.235Z,buy,5.27e-06,19.0,0.00010013
GNT/BTC,1585588217752,2020-03-30T17:10:17.752Z,buy,5.27e-06,19.0,0.00010013
GNT/BTC,1585588217762,2020-03-30T17:10:17.762Z,sell,5.28e-06,1497.0,0.00790416
GNT/BTC,1585589359238,2020-03-30T17:29:19.238Z,sell,5.26e-06,3842.0,0.02020892
GNT/BTC,1585589803460,2020-03-30T17:36:43.460Z,sell,5.26e-06,329.0,0.0017305399999999
GNT/BTC,1585589865228,2020-03-30T17:37:45.228Z,sell,5.27e-06,19.0,0.00010013
GNT/BTC,1585590021999,2020-03-30T17:40:21.999Z,sell,5.26e-06,84.0,0.00044184
GNT/BTC,1585590021999,2020-03-30T17:40:21.999Z,sell,5.26e-06,84.0,0.00044184
GNT/BTC,1585590833591,2020-03-30T17:53:53.591Z,buy,5.27e-06,250.0,0.0013175
GNT/BTC,1585590834636,2020-03-30T17:53:54.636Z,buy,5.29e-06,301.0,0.00159229
GNT/BTC,1585590918110,2020-03-30T17:55:18.110Z,sell,5.27e-06,49.0,0.00025823
GNT/BTC,1585590918110,2020-03-30T17:55:18.110Z,sell,5.26e-06,260.0,0.0013675999999999
GNT/BTC,1585591016490,2020-03-30T17:56:56.490Z,sell,5.26e-06,14412.0,0.0758071199999999
GNT/BTC,1585591016490,2020-03-30T17:56:56.490Z,sell,5.25e-06,2437.0,0.01279425
GNT/BTC,1585592225070,2020-03-30T18:17:05.070Z,sell,5.26e-06,20.0,0.0001052
GNT/BTC,1585592225070,2020-03-30T18:17:05.070Z,sell,5.25e-06,1223.0,0.0064207499999999
GNT/BTC,1585593255214,2020-03-30T18:34:15.214Z,sell,5.26e-06,200.0,0.001052
GNT/BTC,1585593255296,2020-03-30T18:34:15.296Z,sell,5.26e-06,96.0,0.0005049599999999
GNT/BTC,1585593262231,2020-03-30T18:34:22.231Z,buy,5.26e-06,23.0,0.00012098
GNT/BTC,1585593264066,2020-03-30T18:34:24.066Z,buy,5.26e-06,143.0,0.00075218
GNT/BTC,1585593294836,2020-03-30T18:34:54.836Z,sell,5.26e-06,48.0,0.0002524799999999
GNT/BTC,1585593350704,2020-03-30T18:35:50.704Z,buy,5.27e-06,38.0,0.00020026
GNT/BTC,1585593350704,2020-03-30T18:35:50.704Z,buy,5.27e-06,38.0,0.00020026
GNT/BTC,1585593941245,2020-03-30T18:45:41.245Z,sell,5.25e-06,20.0,0.0001049999999999
GNT/BTC,1585594667167,2020-03-30T18:57:47.167Z,sell,5.25e-06,20.0,0.0001049999999999
GNT/BTC,1585595123223,2020-03-30T19:05:23.223Z,sell,5.24e-06,25.0,0.0001309999999999
GNT/BTC,1585595385672,2020-03-30T19:09:45.672Z,sell,5.24e-06,599.0,0.00313876
GNT/BTC,1585595391307,2020-03-30T19:09:51.307Z,sell,5.24e-06,205.0,0.0010742
GNT/BTC,1585595394270,2020-03-30T19:09:54.270Z,buy,5.24e-06,51.0,0.0002672399999999
GNT/BTC,1585595444135,2020-03-30T19:10:44.135Z,buy,5.24e-06,2054.0,0.01076296
GNT/BTC,1585595450506,2020-03-30T19:10:50.506Z,sell,5.23e-06,212.0,0.00110876
GNT/BTC,1585595454096,2020-03-30T19:10:54.096Z,buy,5.24e-06,1561.0,0.00817964
GNT/BTC,1585595645882,2020-03-30T19:14:05.882Z,sell,5.24e-06,379.0,0.0019859599999999
GNT/BTC,1585595766264,2020-03-30T19:16:06.264Z,sell,5.24e-06,326.0,0.00170824
GNT/BTC,1585595767307,2020-03-30T19:16:07.307Z,sell,5.24e-06,212.0,0.0011108799999999
GNT/BTC,1585595768913,2020-03-30T19:16:08.913Z,sell,5.24e-06,284.0,0.0014881599999999
GNT/BTC,1585595814869,2020-03-30T19:16:54.869Z,sell,5.24e-06,230.0,0.0012052
GNT/BTC,1585595838822,2020-03-30T19:17:18.822Z,sell,5.24e-06,281.0,0.00147244
GNT/BTC,1585595844962,2020-03-30T19:17:24.962Z,sell,5.24e-06,265.0,0.0013886
GNT/BTC,1585595993570,2020-03-30T19:19:53.570Z,sell,5.24e-06,200.0,0.0010479999999999
GNT/BTC,1585595993795,2020-03-30T19:19:53.795Z,sell,5.24e-06,27.0,0.00014148
GNT/BTC,1585596069283,2020-03-30T19:21:09.283Z,sell,5.22e-06,279.0,0.00145638
GNT/BTC,1585596071345,2020-03-30T19:21:11.345Z,sell,5.22e-06,231.0,0.00120582
GNT/BTC,1585596071688,2020-03-30T19:21:11.688Z,sell,5.22e-06,354.0,0.00184788
GNT/BTC,1585596141104,2020-03-30T19:22:21.104Z,buy,5.24e-06,5093.0,0.02668732
GNT/BTC,1585596729500,2020-03-30T19:32:09.500Z,buy,5.24e-06,20.0,0.0001048
GNT/BTC,1585596945702,2020-03-30T19:35:45.702Z,buy,5.26e-06,46.0,0.00024196
GNT/BTC,1585596945702,2020-03-30T19:35:45.702Z,buy,5.26e-06,46.0,0.00024196
GNT/BTC,1585597283801,2020-03-30T19:41:23.801Z,buy,5.25e-06,4821.0,0.02531025
GNT/BTC,1585597364998,2020-03-30T19:42:44.998Z,buy,5.26e-06,4732.0,0.0248903199999999
GNT/BTC,1585597387789,2020-03-30T19:43:07.789Z,sell,5.24e-06,42.0,0.00022008
GNT/BTC,1585597388265,2020-03-30T19:43:08.265Z,sell,5.24e-06,42.0,0.00022008
GNT/BTC,1585597479209,2020-03-30T19:44:39.209Z,sell,5.24e-06,72.0,0.0003772799999999
GNT/BTC,1585597646745,2020-03-30T19:47:26.745Z,buy,5.27e-06,700.0,0.003689
GNT/BTC,1585597946491,2020-03-30T19:52:26.491Z,sell,5.25e-06,40.0,0.0002099999999999
GNT/BTC,1585597948465,2020-03-30T19:52:28.465Z,sell,5.24e-06,83.0,0.00043492
GNT/BTC,1585597963134,2020-03-30T19:52:43.134Z,sell,5.24e-06,505.0,0.0026462
GNT/BTC,1585598028810,2020-03-30T19:53:48.810Z,buy,5.24e-06,1256.0,0.00658144
GNT/BTC,1585598028810,2020-03-30T19:53:48.810Z,buy,5.25e-06,186.0,0.0009764999999999
GNT/BTC,1585598075853,2020-03-30T19:54:35.853Z,sell,5.24e-06,894.0,0.00468456
GNT/BTC,1585598080937,2020-03-30T19:54:40.937Z,sell,5.24e-06,1249.0,0.00654476
GNT/BTC,1585598081479,2020-03-30T19:54:41.479Z,sell,5.24e-06,585.0,0.0030654
GNT/BTC,1585598084376,2020-03-30T19:54:44.376Z,sell,5.24e-06,458.0,0.00239992
GNT/BTC,1585598091972,2020-03-30T19:54:51.972Z,sell,5.24e-06,321.0,0.0016820399999999
GNT/BTC,1585598368930,2020-03-30T19:59:28.930Z,sell,5.23e-06,529.0,0.00276667
GNT/BTC,1585598745719,2020-03-30T20:05:45.719Z,buy,5.25e-06,33.0,0.0001732499999999
GNT/BTC,1585598790619,2020-03-30T20:06:30.619Z,sell,5.23e-06,564.0,0.00294972
GNT/BTC,1585598792361,2020-03-30T20:06:32.361Z,buy,5.23e-06,292.0,0.00152716
GNT/BTC,1585598794577,2020-03-30T20:06:34.577Z,sell,5.23e-06,178.0,0.00093094
GNT/BTC,1585598794577,2020-03-30T20:06:34.577Z,sell,5.22e-06,182.0,0.00095004
GNT/BTC,1585599060836,2020-03-30T20:11:00.836Z,sell,5.22e-06,7912.0,0.04130064
GNT/BTC,1585599060853,2020-03-30T20:11:00.853Z,sell,5.21e-06,1770.0,0.0092217
GNT/BTC,1585599061101,2020-03-30T20:11:01.101Z,buy,5.22e-06,80.0,0.0004176
GNT/BTC,1585599061116,2020-03-30T20:11:01.116Z,buy,5.22e-06,7800.0,0.040716
GNT/BTC,1585599061123,2020-03-30T20:11:01.123Z,buy,5.22e-06,7700.0,0.040194
GNT/BTC,1585599085132,2020-03-30T20:11:25.132Z,buy,5.22e-06,15025.0,0.0784305
GNT/BTC,1585599085857,2020-03-30T20:11:25.857Z,buy,5.22e-06,7800.0,0.040716
GNT/BTC,1585599085858,2020-03-30T20:11:25.858Z,buy,5.22e-06,7800.0,0.040716
GNT/BTC,1585599113506,2020-03-30T20:11:53.506Z,buy,5.22e-06,39.0,0.00020358
GNT/BTC,1585599376187,2020-03-30T20:16:16.187Z,buy,5.22e-06,1765.0,0.0092133
GNT/BTC,1585599433112,2020-03-30T20:17:13.112Z,sell,5.21e-06,432.0,0.00225072
GNT/BTC,1585599459108,2020-03-30T20:17:39.108Z,sell,5.21e-06,21.0,0.00010941
GNT/BTC,1585599459578,2020-03-30T20:17:39.578Z,buy,5.21e-06,1833.0,0.00954993
GNT/BTC,1585599460179,2020-03-30T20:17:40.179Z,buy,5.21e-06,114.0,0.00059394
GNT/BTC,1585599524418,2020-03-30T20:18:44.418Z,buy,5.21e-06,1440.0,0.0075024
GNT/BTC,1585599581322,2020-03-30T20:19:41.322Z,buy,5.21e-06,6011.0,0.03131731
GNT/BTC,1585599715947,2020-03-30T20:21:55.947Z,buy,5.21e-06,71.0,0.00036991
GNT/BTC,1585599717336,2020-03-30T20:21:57.336Z,sell,5.2e-06,751.0,0.0039052
GNT/BTC,1585599757568,2020-03-30T20:22:37.568Z,sell,5.2e-06,2498.0,0.0129896
GNT/BTC,1585599757749,2020-03-30T20:22:37.749Z,sell,5.2e-06,2499.0,0.0129948
GNT/BTC,1585599763938,2020-03-30T20:22:43.938Z,sell,5.2e-06,930.0,0.004836
GNT/BTC,1585599776646,2020-03-30T20:22:56.646Z,sell,5.2e-06,4141.0,0.0215332
GNT/BTC,1585599791603,2020-03-30T20:23:11.603Z,buy,5.2e-06,20.0,0.000104
GNT/BTC,1585599825497,2020-03-30T20:23:45.497Z,sell,5.19e-06,24.0,0.00012456
GNT/BTC,1585599861544,2020-03-30T20:24:21.544Z,sell,5.19e-06,1162.0,0.00603078
GNT/BTC,1585599861593,2020-03-30T20:24:21.593Z,buy,5.19e-06,120.0,0.0006228
GNT/BTC,1585599868946,2020-03-30T20:24:28.946Z,sell,5.18e-06,337.0,0.00174566
GNT/BTC,1585599868946,2020-03-30T20:24:28.946Z,sell,5.17e-06,5060.0,0.0261601999999999
GNT/BTC,1585599868946,2020-03-30T20:24:28.946Z,sell,5.16e-06,25542.0,0.13179672
GNT/BTC,1585599868946,2020-03-30T20:24:28.946Z,sell,5.16e-06,87.0,0.0004489199999999
GNT/BTC,1585599871503,2020-03-30T20:24:31.503Z,buy,5.19e-06,58.0,0.00030102
GNT/BTC,1585599872949,2020-03-30T20:24:32.949Z,buy,5.19e-06,19946.0,0.10351974
GNT/BTC,1585599903871,2020-03-30T20:25:03.871Z,sell,5.17e-06,100.0,0.000517
GNT/BTC,1585599903871,2020-03-30T20:25:03.871Z,sell,5.16e-06,159.0,0.00082044
GNT/BTC,1585599920621,2020-03-30T20:25:20.621Z,buy,5.19e-06,4586.0,0.02380134
GNT/BTC,1585599920637,2020-03-30T20:25:20.637Z,sell,5.19e-06,575.0,0.00298425
GNT/BTC,1585599920876,2020-03-30T20:25:20.876Z,sell,5.19e-06,301.0,0.00156219
GNT/BTC,1585599923485,2020-03-30T20:25:23.485Z,sell,5.19e-06,405.0,0.00210195
GNT/BTC,1585599925495,2020-03-30T20:25:25.495Z,sell,5.17e-06,2106.0,0.01088802
GNT/BTC,1585600194333,2020-03-30T20:29:54.333Z,buy,5.19e-06,70.0,0.0003633
GNT/BTC,1585600194333,2020-03-30T20:29:54.333Z,buy,5.2e-06,4690.0,0.024388
GNT/BTC,1585600194333,2020-03-30T20:29:54.333Z,buy,5.19e-06,70.0,0.0003633
GNT/BTC,1585600194333,2020-03-30T20:29:54.333Z,buy,5.2e-06,4690.0,0.024388
GNT/BTC,1585600550584,2020-03-30T20:35:50.584Z,buy,5.2e-06,83.0,0.0004316
GNT/BTC,1585600610967,2020-03-30T20:36:50.967Z,sell,5.17e-06,27.0,0.0001395899999999
GNT/BTC,1585600611440,2020-03-30T20:36:51.440Z,sell,5.17e-06,242.0,0.00125114
GNT/BTC,1585600611440,2020-03-30T20:36:51.440Z,sell,5.16e-06,1769.0,0.0091280399999999
GNT/BTC,1585601177748,2020-03-30T20:46:17.748Z,sell,5.17e-06,20.0,0.0001033999999999
GNT/BTC,1585601177748,2020-03-30T20:46:17.748Z,sell,5.16e-06,1847.0,0.0095305199999999
GNT/BTC,1585601241430,2020-03-30T20:47:21.430Z,sell,5.16e-06,1866.0,0.00962856
GNT/BTC,1585601282596,2020-03-30T20:48:02.596Z,buy,5.19e-06,32.0,0.00016608
GNT/BTC,1585601543930,2020-03-30T20:52:23.930Z,sell,5.17e-06,105.0,0.00054285
GNT/BTC,1585601543930,2020-03-30T20:52:23.930Z,sell,5.16e-06,189.0,0.0009752399999999
GNT/BTC,1585601570267,2020-03-30T20:52:50.267Z,sell,5.16e-06,182.0,0.00093912
GNT/BTC,1585602314782,2020-03-30T21:05:14.782Z,sell,5.18e-06,832.0,0.00430976
GNT/BTC,1585602315062,2020-03-30T21:05:15.062Z,buy,5.17e-06,800.0,0.004136
GNT/BTC,1585602315064,2020-03-30T21:05:15.064Z,buy,5.17e-06,700.0,0.003619
GNT/BTC,1585602315065,2020-03-30T21:05:15.065Z,buy,5.17e-06,800.0,0.004136
GNT/BTC,1585602315073,2020-03-30T21:05:15.073Z,buy,5.17e-06,800.0,0.004136
GNT/BTC,1585602315697,2020-03-30T21:05:15.697Z,buy,5.17e-06,3680.0,0.0190256
GNT/BTC,1585602781042,2020-03-30T21:13:01.042Z,buy,5.19e-06,18.0,9.342e-05
GNT/BTC,1585602800717,2020-03-30T21:13:20.717Z,buy,5.2e-06,963.0,0.0050076
GNT/BTC,1585602805774,2020-03-30T21:13:25.774Z,sell,5.19e-06,41.0,0.00021279
GNT/BTC,1585602863813,2020-03-30T21:14:23.813Z,sell,5.19e-06,438.0,0.00227322
GNT/BTC,1585602864515,2020-03-30T21:14:24.515Z,sell,5.19e-06,262.0,0.00135978
GNT/BTC,1585602864515,2020-03-30T21:14:24.515Z,sell,5.17e-06,432.0,0.0022334399999999
GNT/BTC,1585602865807,2020-03-30T21:14:25.807Z,sell,5.16e-06,694.0,0.0035810399999999
GNT/BTC,1585603019657,2020-03-30T21:16:59.657Z,sell,5.18e-06,250.0,0.001295
GNT/BTC,1585603120091,2020-03-30T21:18:40.091Z,buy,5.19e-06,49.0,0.00025431
GNT/BTC,1585603120091,2020-03-30T21:18:40.091Z,buy,5.2e-06,604.0,0.0031408
GNT/BTC,1585603120091,2020-03-30T21:18:40.091Z,buy,5.21e-06,1147.0,0.00597587
GNT/BTC,1585603220592,2020-03-30T21:20:20.592Z,buy,5.2e-06,382.0,0.0019864
GNT/BTC,1585603221392,2020-03-30T21:20:21.392Z,buy,5.2e-06,266.0,0.0013832
GNT/BTC,1585603221426,2020-03-30T21:20:21.426Z,buy,5.2e-06,768.0,0.0039936
GNT/BTC,1585603252179,2020-03-30T21:20:52.179Z,buy,5.21e-06,58.0,0.00030218
GNT/BTC,1585603252179,2020-03-30T21:20:52.179Z,buy,5.21e-06,58.0,0.00030218
GNT/BTC,1585603868392,2020-03-30T21:31:08.392Z,sell,5.19e-06,46.0,0.00023874
GNT/BTC,1585604134868,2020-03-30T21:35:34.868Z,sell,5.18e-06,89.0,0.00046102
GNT/BTC,1585604335689,2020-03-30T21:38:55.689Z,sell,5.19e-06,20.0,0.0001038
GNT/BTC,1585604337639,2020-03-30T21:38:57.639Z,sell,5.18e-06,180.0,0.0009324
GNT/BTC,1585604655491,2020-03-30T21:44:15.491Z,sell,5.18e-06,76.0,0.00039368
GNT/BTC,1585604705956,2020-03-30T21:45:05.956Z,sell,5.18e-06,875.0,0.0045325
GNT/BTC,1585604770617,2020-03-30T21:46:10.617Z,sell,5.18e-06,580.0,0.0030044
GNT/BTC,1585604785258,2020-03-30T21:46:25.258Z,sell,5.18e-06,500.0,0.00259
GNT/BTC,1585604986945,2020-03-30T21:49:46.945Z,sell,5.18e-06,11870.0,0.0614866
GNT/BTC,1585605035089,2020-03-30T21:50:35.089Z,sell,5.18e-06,500.0,0.00259
GNT/BTC,1585605130792,2020-03-30T21:52:10.792Z,sell,5.18e-06,150.0,0.000777
GNT/BTC,1585605225588,2020-03-30T21:53:45.588Z,sell,5.18e-06,150.0,0.000777
GNT/BTC,1585605226904,2020-03-30T21:53:46.904Z,sell,5.17e-06,407.0,0.0021041899999999
GNT/BTC,1585605734202,2020-03-30T22:02:14.202Z,sell,5.17e-06,9987.0,0.05163279
GNT/BTC,1585605736320,2020-03-30T22:02:16.320Z,sell,5.17e-06,748.0,0.0038671599999999
GNT/BTC,1585605762415,2020-03-30T22:02:42.415Z,sell,5.17e-06,1270.0,0.0065658999999999
GNT/BTC,1585605763145,2020-03-30T22:02:43.145Z,sell,5.17e-06,1270.0,0.0065658999999999
GNT/BTC,1585605764118,2020-03-30T22:02:44.118Z,sell,5.17e-06,1270.0,0.0065658999999999
GNT/BTC,1585605764850,2020-03-30T22:02:44.850Z,sell,5.17e-06,736.0,0.0038051199999999
GNT/BTC,1585605765175,2020-03-30T22:02:45.175Z,sell,5.17e-06,1270.0,0.0065658999999999
GNT/BTC,1585605766207,2020-03-30T22:02:46.207Z,sell,5.17e-06,1270.0,0.0065658999999999
GNT/BTC,1585605766990,2020-03-30T22:02:46.990Z,sell,5.17e-06,1270.0,0.0065658999999999
GNT/BTC,1585605768005,2020-03-30T22:02:48.005Z,sell,5.17e-06,1270.0,0.0065658999999999
GNT/BTC,1585605768861,2020-03-30T22:02:48.861Z,sell,5.17e-06,1270.0,0.0065658999999999
GNT/BTC,1585605770622,2020-03-30T22:02:50.622Z,sell,5.17e-06,1270.0,0.0065658999999999
GNT/BTC,1585605771724,2020-03-30T22:02:51.724Z,sell,5.17e-06,1270.0,0.0065658999999999
GNT/BTC,1585605772861,2020-03-30T22:02:52.861Z,sell,5.17e-06,7725.0,0.0399382499999999
GNT/BTC,1585605772861,2020-03-30T22:02:52.861Z,sell,5.16e-06,1210.0,0.0062435999999999
GNT/BTC,1585605779332,2020-03-30T22:02:59.332Z,buy,5.19e-06,41.0,0.00021279
GNT/BTC,1585606148544,2020-03-30T22:09:08.544Z,buy,5.19e-06,63.0,0.00032697
GNT/BTC,1585606221625,2020-03-30T22:10:21.625Z,buy,5.19e-06,23.0,0.00011937
GNT/BTC,1585606222634,2020-03-30T22:10:22.634Z,buy,5.19e-06,31.0,0.00016089
GNT/BTC,1585606260452,2020-03-30T22:11:00.452Z,buy,5.19e-06,21.0,0.00010899
GNT/BTC,1585606274328,2020-03-30T22:11:14.328Z,sell,5.17e-06,49.0,0.0002533299999999
GNT/BTC,1585606274373,2020-03-30T22:11:14.373Z,sell,5.16e-06,7974.0,0.0411458399999999
GNT/BTC,1585606274373,2020-03-30T22:11:14.373Z,sell,5.16e-06,7974.0,0.0411458399999999
GNT/BTC,1585606897634,2020-03-30T22:21:37.634Z,sell,5.18e-06,792.0,0.00410256
GNT/BTC,1585606897634,2020-03-30T22:21:37.634Z,sell,5.18e-06,3729.0,0.01931622
GNT/BTC,1585606897808,2020-03-30T22:21:37.808Z,sell,5.18e-06,595.0,0.0030821
GNT/BTC,1585606980731,2020-03-30T22:23:00.731Z,sell,5.16e-06,2275.0,0.011739
GNT/BTC,1585606984234,2020-03-30T22:23:04.234Z,sell,5.16e-06,215.0,0.0011094
GNT/BTC,1585607266814,2020-03-30T22:27:46.814Z,buy,5.18e-06,3056.0,0.01583008
GNT/BTC,1585607302310,2020-03-30T22:28:22.310Z,buy,5.18e-06,193.0,0.00099974
GNT/BTC,1585607688557,2020-03-30T22:34:48.557Z,buy,5.18e-06,58.0,0.00030044
GNT/BTC,1585608047094,2020-03-30T22:40:47.094Z,sell,5.16e-06,165.0,0.0008514
GNT/BTC,1585608180742,2020-03-30T22:43:00.742Z,buy,5.18e-06,2726.0,0.01412068
GNT/BTC,1585608180742,2020-03-30T22:43:00.742Z,buy,5.19e-06,6164.0,0.03199116
GNT/BTC,1585608478436,2020-03-30T22:47:58.436Z,buy,5.19e-06,917.0,0.00475923
GNT/BTC,1585608957743,2020-03-30T22:55:57.743Z,buy,5.19e-06,165.0,0.00085635
GNT/BTC,1585608957743,2020-03-30T22:55:57.743Z,buy,5.2e-06,335.0,0.001742
GNT/BTC,1585608958650,2020-03-30T22:55:58.650Z,buy,5.2e-06,500.0,0.0026
GNT/BTC,1585608959506,2020-03-30T22:55:59.506Z,buy,5.2e-06,500.0,0.0026
GNT/BTC,1585608960395,2020-03-30T22:56:00.395Z,buy,5.2e-06,500.0,0.0026
GNT/BTC,1585608961244,2020-03-30T22:56:01.244Z,buy,5.2e-06,500.0,0.0026
GNT/BTC,1585608962111,2020-03-30T22:56:02.111Z,buy,5.2e-06,500.0,0.0026
GNT/BTC,1585608963012,2020-03-30T22:56:03.012Z,buy,5.2e-06,500.0,0.0026
GNT/BTC,1585608963871,2020-03-30T22:56:03.871Z,buy,5.2e-06,500.0,0.0026
GNT/BTC,1585608964233,2020-03-30T22:56:04.233Z,buy,5.2e-06,3207.0,0.0166764
GNT/BTC,1585608964233,2020-03-30T22:56:04.233Z,buy,5.21e-06,36167.0,0.18843007
GNT/BTC,1585608964677,2020-03-30T22:56:04.677Z,buy,5.22e-06,500.0,0.00261
GNT/BTC,1585609021874,2020-03-30T22:57:01.874Z,buy,5.21e-06,40.0,0.0002084
GNT/BTC,1585609213462,2020-03-30T23:00:13.462Z,buy,5.22e-06,9903.0,0.05169366
GNT/BTC,1585609367174,2020-03-30T23:02:47.174Z,buy,5.23e-06,3277.0,0.0171387099999999
GNT/BTC,1585609718643,2020-03-30T23:08:38.643Z,buy,5.23e-06,560.0,0.0029288
GNT/BTC,1585609731632,2020-03-30T23:08:51.632Z,buy,5.23e-06,1034.0,0.00540782
GNT/BTC,1585609862887,2020-03-30T23:11:02.887Z,buy,5.23e-06,11840.0,0.0619232
GNT/BTC,1585609862887,2020-03-30T23:11:02.887Z,buy,5.23e-06,11840.0,0.0619232
GNT/BTC,1585609896718,2020-03-30T23:11:36.718Z,buy,5.23e-06,9700.0,0.050731
GNT/BTC,1585610031929,2020-03-30T23:13:51.929Z,sell,5.2e-06,74.0,0.0003848
GNT/BTC,1585610270030,2020-03-30T23:17:50.030Z,buy,5.23e-06,33.0,0.00017259
GNT/BTC,1585610274293,2020-03-30T23:17:54.293Z,sell,5.22e-06,48.0,0.00025056
GNT/BTC,1585610341786,2020-03-30T23:19:01.786Z,buy,5.23e-06,33.0,0.00017259
GNT/BTC,1585610414265,2020-03-30T23:20:14.265Z,buy,5.23e-06,5998.0,0.03136954
GNT/BTC,1585610415261,2020-03-30T23:20:15.261Z,buy,5.23e-06,33.0,0.00017259
GNT/BTC,1585610601328,2020-03-30T23:23:21.328Z,sell,5.21e-06,20.0,0.0001042
GNT/BTC,1585611267401,2020-03-30T23:34:27.401Z,buy,5.22e-06,34.0,0.00017748
GNT/BTC,1585611267401,2020-03-30T23:34:27.401Z,buy,5.23e-06,7146.0,0.0373735799999999
GNT/BTC,1585611302028,2020-03-30T23:35:02.028Z,sell,5.21e-06,832.0,0.00433472
GNT/BTC,1585611340602,2020-03-30T23:35:40.602Z,sell,5.21e-06,80.0,0.0004168
GNT/BTC,1585611548435,2020-03-30T23:39:08.435Z,buy,5.24e-06,1032.0,0.00540768
GNT/BTC,1585611557845,2020-03-30T23:39:17.845Z,buy,5.24e-06,2641.0,0.01383884
GNT/BTC,1585611979289,2020-03-30T23:46:19.289Z,buy,5.25e-06,39.0,0.00020475
GNT/BTC,1585612057181,2020-03-30T23:47:37.181Z,buy,5.25e-06,36.0,0.0001889999999999
GNT/BTC,1585612120369,2020-03-30T23:48:40.369Z,buy,5.25e-06,980.0,0.0051449999999999
GNT/BTC,1585612131666,2020-03-30T23:48:51.666Z,buy,5.25e-06,1.0,5.25e-06
GNT/BTC,1585612131802,2020-03-30T23:48:51.802Z,sell,5.25e-06,59.0,0.0003097499999999
GNT/BTC,1585612132294,2020-03-30T23:48:52.294Z,sell,5.25e-06,304.0,0.001596
GNT/BTC,1585612132587,2020-03-30T23:48:52.587Z,buy,5.25e-06,34.0,0.0001785
GNT/BTC,1585612484709,2020-03-30T23:54:44.709Z,sell,5.23e-06,20.0,0.0001046
GNT/BTC,1585612484709,2020-03-30T23:54:44.709Z,sell,5.22e-06,288.0,0.00150336
GNT/BTC,1585612487592,2020-03-30T23:54:47.592Z,buy,5.24e-06,50.0,0.0002619999999999
GNT/BTC,1585612487592,2020-03-30T23:54:47.592Z,buy,5.25e-06,9686.0,0.0508514999999999
GNT/BTC,1585612578081,2020-03-30T23:56:18.081Z,buy,5.26e-06,5966.0,0.03138116
GNT/BTC,1585612578081,2020-03-30T23:56:18.081Z,buy,5.26e-06,5966.0,0.03138116
GNT/BTC,1585613616404,2020-03-31T00:13:36.404Z,buy,5.25e-06,22.0,0.0001154999999999
GNT/BTC,1585613616404,2020-03-31T00:13:36.404Z,buy,5.26e-06,1036.0,0.0054493599999999
GNT/BTC,1585614303731,2020-03-31T00:25:03.731Z,sell,5.23e-06,20.0,0.0001046
GNT/BTC,1585614303731,2020-03-31T00:25:03.731Z,sell,5.22e-06,21.0,0.00010962
GNT/BTC,1585614308665,2020-03-31T00:25:08.665Z,sell,5.22e-06,28.0,0.00014616
GNT/BTC,1585614308677,2020-03-31T00:25:08.677Z,buy,5.22e-06,628.0,0.00327816
GNT/BTC,1585614316158,2020-03-31T00:25:16.158Z,buy,5.22e-06,1765.0,0.0092133
GNT/BTC,1585615429173,2020-03-31T00:43:49.173Z,buy,5.24e-06,40.0,0.0002096
GNT/BTC,1585615431646,2020-03-31T00:43:51.646Z,buy,5.24e-06,29.0,0.00015196
GNT/BTC,1585615431646,2020-03-31T00:43:51.646Z,buy,5.24e-06,29.0,0.00015196
GNT/BTC,1585616186615,2020-03-31T00:56:26.615Z,buy,5.24e-06,20.0,0.0001048
GNT/BTC,1585616221461,2020-03-31T00:57:01.461Z,buy,5.25e-06,723.0,0.0037957499999999
GNT/BTC,1585616221721,2020-03-31T00:57:01.721Z,buy,5.25e-06,75.0,0.00039375
GNT/BTC,1585616221750,2020-03-31T00:57:01.750Z,sell,5.25e-06,20.0,0.0001049999999999
GNT/BTC,1585616222923,2020-03-31T00:57:02.923Z,buy,5.26e-06,657.0,0.0034558199999999
GNT/BTC,1585616226761,2020-03-31T00:57:06.761Z,buy,5.25e-06,6643.0,0.03487575
GNT/BTC,1585616226848,2020-03-31T00:57:06.848Z,buy,5.26e-06,3793.0,0.01995118
GNT/BTC,1585616228521,2020-03-31T00:57:08.521Z,buy,5.26e-06,477.0,0.00250902
GNT/BTC,1585616229801,2020-03-31T00:57:09.801Z,buy,5.26e-06,358.0,0.0018830799999999
GNT/BTC,1585616230310,2020-03-31T00:57:10.310Z,buy,5.26e-06,2364.0,0.0124346399999999
GNT/BTC,1585616231477,2020-03-31T00:57:11.477Z,buy,5.26e-06,3867.0,0.0203404199999999
GNT/BTC,1585616232617,2020-03-31T00:57:12.617Z,buy,5.26e-06,966.0,0.0050811599999999
GNT/BTC,1585616235980,2020-03-31T00:57:15.980Z,buy,5.26e-06,4714.0,0.0247956399999999
GNT/BTC,1585616237147,2020-03-31T00:57:17.147Z,buy,5.26e-06,2149.0,0.01130374
GNT/BTC,1585616238395,2020-03-31T00:57:18.395Z,buy,5.26e-06,1747.0,0.00918922
GNT/BTC,1585616240489,2020-03-31T00:57:20.489Z,buy,5.26e-06,23.0,0.00012098
GNT/BTC,1585616245191,2020-03-31T00:57:25.191Z,buy,5.26e-06,1662.0,0.0087421199999999
GNT/BTC,1585616250338,2020-03-31T00:57:30.338Z,buy,5.26e-06,912.0,0.0047971199999999
GNT/BTC,1585616267455,2020-03-31T00:57:47.455Z,buy,5.26e-06,21.0,0.00011046
GNT/BTC,1585616268118,2020-03-31T00:57:48.118Z,sell,5.25e-06,121.0,0.00063525
GNT/BTC,1585616268438,2020-03-31T00:57:48.438Z,buy,5.26e-06,106.0,0.0005575599999999
GNT/BTC,1585616334547,2020-03-31T00:58:54.547Z,buy,5.26e-06,31.0,0.00016306
GNT/BTC,1585616347037,2020-03-31T00:59:07.037Z,buy,5.26e-06,1662.0,0.0087421199999999
GNT/BTC,1585616414534,2020-03-31T01:00:14.534Z,buy,5.26e-06,147.0,0.0007732199999999
GNT/BTC,1585616446483,2020-03-31T01:00:46.483Z,buy,5.26e-06,97.0,0.0005102199999999
GNT/BTC,1585616604022,2020-03-31T01:03:24.022Z,buy,5.26e-06,3950.0,0.0207769999999999
GNT/BTC,1585616656092,2020-03-31T01:04:16.092Z,buy,5.26e-06,4500.0,0.0236699999999999
GNT/BTC,1585616711838,2020-03-31T01:05:11.838Z,buy,5.26e-06,426.0,0.0022407599999999
GNT/BTC,1585616827087,2020-03-31T01:07:07.087Z,buy,5.26e-06,588.0,0.0030928799999999
GNT/BTC,1585616828103,2020-03-31T01:07:08.103Z,buy,5.26e-06,15900.0,0.083634
GNT/BTC,1585616828512,2020-03-31T01:07:08.512Z,buy,5.26e-06,11345.0,0.0596747
GNT/BTC,1585616996473,2020-03-31T01:09:56.473Z,buy,5.27e-06,1308.0,0.00689316
GNT/BTC,1585617152602,2020-03-31T01:12:32.602Z,buy,5.27e-06,20.0,0.0001054
GNT/BTC,1585617152602,2020-03-31T01:12:32.602Z,buy,5.28e-06,12651.0,0.06679728
GNT/BTC,1585617154982,2020-03-31T01:12:34.982Z,buy,5.28e-06,3082.0,0.01627296
GNT/BTC,1585617763234,2020-03-31T01:22:43.234Z,buy,5.27e-06,872.0,0.00459544
GNT/BTC,1585618098456,2020-03-31T01:28:18.456Z,buy,5.26e-06,20.0,0.0001052
GNT/BTC,1585618098456,2020-03-31T01:28:18.456Z,buy,5.27e-06,3149.0,0.01659523
GNT/BTC,1585618220423,2020-03-31T01:30:20.423Z,buy,5.28e-06,54442.0,0.28745376
GNT/BTC,1585618533931,2020-03-31T01:35:33.931Z,sell,5.24e-06,45.0,0.0002357999999999
