symbol,timestamp,datetime,side,price,amount,btc_volume
GNT/BTC,1577642617434,2019-12-29T18:03:37.434Z,buy,3.94e-06,67.0,0.00026398
GNT/BTC,1577642722092,2019-12-29T18:05:22.092Z,sell,3.91e-06,257.0,0.00100487
GNT/BTC,1577643519523,2019-12-29T18:18:39.523Z,buy,3.94e-06,240.0,0.0009456
GNT/BTC,1577643520551,2019-12-29T18:18:40.551Z,buy,3.94e-06,29.0,0.00011426
GNT/BTC,1577643545838,2019-12-29T18:19:05.838Z,buy,3.94e-06,51.0,0.00020094
GNT/BTC,1577643825486,2019-12-29T18:23:45.486Z,buy,3.94e-06,3063.0,0.01206822
GNT/BTC,1577644051463,2019-12-29T18:27:31.463Z,buy,3.94e-06,3000.0,0.01182
GNT/BTC,1577644183281,2019-12-29T18:29:43.281Z,buy,3.94e-06,3301.0,0.01300594
GNT/BTC,1577644218559,2019-12-29T18:30:18.559Z,sell,3.94e-06,1000.0,0.00394
GNT/BTC,1577644220460,2019-12-29T18:30:20.460Z,sell,3.94e-06,691.0,0.00272254
GNT/BTC,1577644352597,2019-12-29T18:32:32.597Z,buy,3.94e-06,44.0,0.00017336
GNT/BTC,1577644429995,2019-12-29T18:33:49.995Z,sell,3.93e-06,126.0,0.0004951799999999
GNT/BTC,1577644431289,2019-12-29T18:33:51.289Z,sell,3.92e-06,252.0,0.00098784
GNT/BTC,1577644769322,2019-12-29T18:39:29.322Z,buy,3.94e-06,1219.0,0.00480286
GNT/BTC,1577644769350,2019-12-29T18:39:29.350Z,sell,3.94e-06,898.0,0.00353812
GNT/BTC,1577644770442,2019-12-29T18:39:30.442Z,sell,3.94e-06,623.0,0.00245462
GNT/BTC,1577644771242,2019-12-29T18:39:31.242Z,buy,3.95e-06,2272.0,0.0089744
GNT/BTC,1577645317286,2019-12-29T18:48:37.286Z,sell,3.93e-06,27.0,0.0001061099999999
GNT/BTC,1577645634864,2019-12-29T18:53:54.864Z,sell,3.93e-06,1900.0,0.007467
GNT/BTC,1577645745662,2019-12-29T18:55:45.662Z,sell,3.93e-06,78.0,0.0003065399999999
GNT/BTC,1577645787631,2019-12-29T18:56:27.631Z,buy,3.94e-06,51.0,0.00020094
GNT/BTC,1577645907530,2019-12-29T18:58:27.530Z,buy,3.94e-06,62.0,0.00024428
GNT/BTC,1577645907530,2019-12-29T18:58:27.530Z,buy,3.94e-06,62.0,0.00024428
GNT/BTC,1577646216631,2019-12-29T19:03:36.631Z,buy,3.94e-06,68.0,0.00026792
GNT/BTC,1577646838376,2019-12-29T19:13:58.376Z,buy,3.94e-06,231.0,0.00091014
GNT/BTC,1577647118785,2019-12-29T19:18:38.785Z,buy,3.94e-06,105.0,0.0004137
GNT/BTC,1577647126091,2019-12-29T19:18:46.091Z,buy,3.94e-06,52.0,0.00020488
GNT/BTC,1577647456301,2019-12-29T19:24:16.301Z,buy,3.94e-06,88.0,0.00034672
GNT/BTC,1577647753339,2019-12-29T19:29:13.339Z,sell,3.92e-06,44.0,0.0001724799999999
GNT/BTC,1577647792718,2019-12-29T19:29:52.718Z,sell,3.92e-06,672.0,0.00263424
GNT/BTC,1577647904941,2019-12-29T19:31:44.941Z,buy,3.94e-06,48.0,0.00018912
GNT/BTC,1577647914168,2019-12-29T19:31:54.168Z,buy,3.94e-06,822.0,0.00323868
GNT/BTC,1577648016685,2019-12-29T19:33:36.685Z,sell,3.92e-06,117.0,0.0004586399999999
GNT/BTC,1577648067159,2019-12-29T19:34:27.159Z,buy,3.94e-06,1050.0,0.004137
GNT/BTC,1577648067621,2019-12-29T19:34:27.621Z,buy,3.93e-06,126.0,0.0004951799999999
GNT/BTC,1577648538031,2019-12-29T19:42:18.031Z,sell,3.92e-06,202.0,0.0007918399999999
GNT/BTC,1577648915041,2019-12-29T19:48:35.041Z,buy,3.93e-06,238.0,0.0009353399999999
GNT/BTC,1577649146456,2019-12-29T19:52:26.456Z,buy,3.93e-06,469.0,0.0018431699999999
GNT/BTC,1577649320655,2019-12-29T19:55:20.655Z,buy,3.92e-06,382.0,0.0014974399999999
GNT/BTC,1577649320708,2019-12-29T19:55:20.708Z,buy,3.92e-06,382.0,0.0014974399999999
GNT/BTC,1577649320738,2019-12-29T19:55:20.738Z,buy,3.92e-06,617.0,0.0024186399999999
GNT/BTC,1577649321857,2019-12-29T19:55:21.857Z,buy,3.92e-06,428.0,0.00167776
GNT/BTC,1577649323156,2019-12-29T19:55:23.156Z,buy,3.92e-06,296.0,0.0011603199999999
GNT/BTC,1577649327441,2019-12-29T19:55:27.441Z,buy,3.92e-06,164.0,0.00064288
GNT/BTC,1577649327463,2019-12-29T19:55:27.463Z,buy,3.92e-06,315.0,0.0012347999999999
GNT/BTC,1577649328746,2019-12-29T19:55:28.746Z,buy,3.92e-06,1117.0,0.00437864
GNT/BTC,1577649328763,2019-12-29T19:55:28.763Z,buy,3.92e-06,1000.0,0.00392
GNT/BTC,1577649330885,2019-12-29T19:55:30.885Z,buy,3.92e-06,299.0,0.0011720799999999
GNT/BTC,1577649332298,2019-12-29T19:55:32.298Z,sell,3.93e-06,595.0,0.00233835
GNT/BTC,1577649332833,2019-12-29T19:55:32.833Z,buy,3.93e-06,154.0,0.00060522
GNT/BTC,1577649343598,2019-12-29T19:55:43.598Z,sell,3.91e-06,370.0,0.0014467
GNT/BTC,1577649362835,2019-12-29T19:56:02.835Z,sell,3.91e-06,634.0,0.00247894
GNT/BTC,1577649362835,2019-12-29T19:56:02.835Z,sell,3.91e-06,634.0,0.00247894
GNT/BTC,1577649599346,2019-12-29T19:59:59.346Z,buy,3.92e-06,177.0,0.0006938399999999
GNT/BTC,1577649819482,2019-12-29T20:03:39.482Z,buy,3.93e-06,144.0,0.0005659199999999
GNT/BTC,1577650170900,2019-12-29T20:09:30.900Z,buy,3.92e-06,382.0,0.0014974399999999
GNT/BTC,1577650170904,2019-12-29T20:09:30.904Z,buy,3.92e-06,1255.0,0.0049196
GNT/BTC,1577650175630,2019-12-29T20:09:35.630Z,buy,3.92e-06,418.0,0.0016385599999999
GNT/BTC,1577650251400,2019-12-29T20:10:51.400Z,buy,3.92e-06,250.0,0.00098
GNT/BTC,1577650404137,2019-12-29T20:13:24.137Z,buy,3.92e-06,2695.0,0.0105644
GNT/BTC,1577650404137,2019-12-29T20:13:24.137Z,buy,3.93e-06,4152.0,0.01631736
GNT/BTC,1577650551647,2019-12-29T20:15:51.647Z,buy,3.92e-06,1477.0,0.0057898399999999
GNT/BTC,1577650553444,2019-12-29T20:15:53.444Z,buy,3.92e-06,1019.0,0.00399448
GNT/BTC,1577650566765,2019-12-29T20:16:06.765Z,buy,3.92e-06,638.0,0.00250096
GNT/BTC,1577650579465,2019-12-29T20:16:19.465Z,buy,3.92e-06,402.0,0.0015758399999999
GNT/BTC,1577650581875,2019-12-29T20:16:21.875Z,buy,3.92e-06,276.0,0.0010819199999999
GNT/BTC,1577650591506,2019-12-29T20:16:31.506Z,sell,3.91e-06,1938.0,0.0075775799999999
GNT/BTC,1577650591524,2019-12-29T20:16:31.524Z,buy,3.92e-06,266.0,0.00104272
GNT/BTC,1577650658996,2019-12-29T20:17:38.996Z,sell,3.91e-06,168.0,0.00065688
GNT/BTC,1577650659003,2019-12-29T20:17:39.003Z,sell,3.91e-06,940.0,0.0036753999999999
GNT/BTC,1577650682106,2019-12-29T20:18:02.106Z,sell,3.91e-06,2216.0,0.00866456
GNT/BTC,1577650682106,2019-12-29T20:18:02.106Z,sell,3.9e-06,1000.0,0.0039
GNT/BTC,1577650692445,2019-12-29T20:18:12.445Z,buy,3.91e-06,552.0,0.00215832
GNT/BTC,1577650717006,2019-12-29T20:18:37.006Z,buy,3.92e-06,610.0,0.0023912
GNT/BTC,1577651010188,2019-12-29T20:23:30.188Z,sell,3.9e-06,1954.0,0.0076206
GNT/BTC,1577651144246,2019-12-29T20:25:44.246Z,sell,3.9e-06,1944.0,0.0075816
GNT/BTC,1577651155812,2019-12-29T20:25:55.812Z,sell,3.9e-06,1000.0,0.0039
GNT/BTC,1577651178217,2019-12-29T20:26:18.217Z,sell,3.9e-06,439.0,0.0017121
GNT/BTC,1577651178825,2019-12-29T20:26:18.825Z,sell,3.9e-06,65.0,0.0002535
GNT/BTC,1577651178887,2019-12-29T20:26:18.887Z,buy,3.9e-06,266.0,0.0010374
GNT/BTC,1577651180486,2019-12-29T20:26:20.486Z,buy,3.9e-06,1134.0,0.0044226
GNT/BTC,1577651181530,2019-12-29T20:26:21.530Z,sell,3.89e-06,28.0,0.00010892
GNT/BTC,1577651181530,2019-12-29T20:26:21.530Z,sell,3.88e-06,219.0,0.00084972
GNT/BTC,1577651181530,2019-12-29T20:26:21.530Z,sell,3.88e-06,270.0,0.0010476
GNT/BTC,1577651196850,2019-12-29T20:26:36.850Z,sell,3.88e-06,1125.0,0.004365
GNT/BTC,1577651229508,2019-12-29T20:27:09.508Z,sell,3.89e-06,26.0,0.00010114
GNT/BTC,1577651257407,2019-12-29T20:27:37.407Z,sell,3.88e-06,2183.0,0.00847004
GNT/BTC,1577651260834,2019-12-29T20:27:40.834Z,sell,3.88e-06,1346.0,0.00522248
GNT/BTC,1577651280539,2019-12-29T20:28:00.539Z,sell,3.89e-06,111.0,0.00043179
GNT/BTC,1577651280558,2019-12-29T20:28:00.558Z,sell,3.88e-06,111.0,0.00043068
GNT/BTC,1577651280660,2019-12-29T20:28:00.660Z,sell,3.88e-06,1023.0,0.00396924
GNT/BTC,1577651287897,2019-12-29T20:28:07.897Z,sell,3.87e-06,448.0,0.00173376
GNT/BTC,1577651287897,2019-12-29T20:28:07.897Z,sell,3.87e-06,500.0,0.001935
GNT/BTC,1577651302065,2019-12-29T20:28:22.065Z,buy,3.89e-06,28.0,0.00010892
GNT/BTC,1577651623450,2019-12-29T20:33:43.450Z,buy,3.9e-06,1479.0,0.0057681
GNT/BTC,1577651628780,2019-12-29T20:33:48.780Z,buy,3.9e-06,31.0,0.0001209
GNT/BTC,1577651764062,2019-12-29T20:36:04.062Z,buy,3.9e-06,1354.0,0.0052806
GNT/BTC,1577651764085,2019-12-29T20:36:04.085Z,sell,3.9e-06,1146.0,0.0044694
GNT/BTC,1577651765890,2019-12-29T20:36:05.890Z,buy,3.9e-06,1134.0,0.0044226
GNT/BTC,1577651765989,2019-12-29T20:36:05.989Z,sell,3.9e-06,1366.0,0.0053273999999999
GNT/BTC,1577651768682,2019-12-29T20:36:08.682Z,buy,3.91e-06,1250.0,0.0048874999999999
GNT/BTC,1577651774406,2019-12-29T20:36:14.406Z,buy,3.91e-06,500.0,0.0019549999999999
GNT/BTC,1577651836786,2019-12-29T20:37:16.786Z,sell,3.9e-06,500.0,0.00195
GNT/BTC,1577652082954,2019-12-29T20:41:22.954Z,buy,3.91e-06,126.0,0.00049266
GNT/BTC,1577652520132,2019-12-29T20:48:40.132Z,sell,3.91e-06,621.0,0.00242811
GNT/BTC,1577652567934,2019-12-29T20:49:27.934Z,buy,3.92e-06,36.0,0.00014112
GNT/BTC,1577652569068,2019-12-29T20:49:29.068Z,buy,3.92e-06,36.0,0.00014112
GNT/BTC,1577652570996,2019-12-29T20:49:30.996Z,buy,3.92e-06,28.0,0.0001097599999999
GNT/BTC,1577652603906,2019-12-29T20:50:03.906Z,buy,3.92e-06,240.0,0.0009407999999999
GNT/BTC,1577652603906,2019-12-29T20:50:03.906Z,buy,3.93e-06,1808.0,0.0071054399999999
GNT/BTC,1577652603906,2019-12-29T20:50:03.906Z,buy,3.94e-06,6354.0,0.02503476
GNT/BTC,1577652603906,2019-12-29T20:50:03.906Z,buy,3.95e-06,1214.0,0.0047953
GNT/BTC,1577652604724,2019-12-29T20:50:04.724Z,buy,3.92e-06,26.0,0.00010192
GNT/BTC,1577652608313,2019-12-29T20:50:08.313Z,sell,3.93e-06,126.0,0.0004951799999999
GNT/BTC,1577652608313,2019-12-29T20:50:08.313Z,sell,3.93e-06,126.0,0.0004951799999999
GNT/BTC,1577652971651,2019-12-29T20:56:11.651Z,buy,3.94e-06,60.0,0.0002364
GNT/BTC,1577653414208,2019-12-29T21:03:34.208Z,sell,3.93e-06,257.0,0.00101001
GNT/BTC,1577653514711,2019-12-29T21:05:14.711Z,buy,3.94e-06,88.0,0.00034672
GNT/BTC,1577654105534,2019-12-29T21:15:05.534Z,sell,3.93e-06,54.0,0.0002122199999999
GNT/BTC,1577654317248,2019-12-29T21:18:37.248Z,sell,3.93e-06,309.0,0.00121437
GNT/BTC,1577654628157,2019-12-29T21:23:48.157Z,sell,3.93e-06,29.0,0.00011397
GNT/BTC,1577655216447,2019-12-29T21:33:36.447Z,buy,3.94e-06,55.0,0.0002167
GNT/BTC,1577655403701,2019-12-29T21:36:43.701Z,buy,3.94e-06,40.0,0.0001576
GNT/BTC,1577655489369,2019-12-29T21:38:09.369Z,buy,3.94e-06,44.0,0.00017336
GNT/BTC,1577655980057,2019-12-29T21:46:20.057Z,buy,3.94e-06,53.0,0.00020882
GNT/BTC,1577656117248,2019-12-29T21:48:37.248Z,buy,3.94e-06,141.0,0.00055554
GNT/BTC,1577656195650,2019-12-29T21:49:55.650Z,buy,3.94e-06,33.0,0.00013002
GNT/BTC,1577656195650,2019-12-29T21:49:55.650Z,buy,3.94e-06,33.0,0.00013002
GNT/BTC,1577656311623,2019-12-29T21:51:51.623Z,sell,3.93e-06,779.0,0.0030614699999999
GNT/BTC,1577656764316,2019-12-29T21:59:24.316Z,buy,3.94e-06,27.0,0.00010638
GNT/BTC,1577656830797,2019-12-29T22:00:30.797Z,sell,3.93e-06,557.0,0.00218901
GNT/BTC,1577656830797,2019-12-29T22:00:30.797Z,sell,3.92e-06,117.0,0.0004586399999999
GNT/BTC,1577656831023,2019-12-29T22:00:31.023Z,sell,3.93e-06,44.0,0.00017292
GNT/BTC,1577657017176,2019-12-29T22:03:37.176Z,buy,3.94e-06,805.0,0.0031717
GNT/BTC,1577657058376,2019-12-29T22:04:18.376Z,sell,3.93e-06,329.0,0.0012929699999999
GNT/BTC,1577657082510,2019-12-29T22:04:42.510Z,sell,3.93e-06,348.0,0.0013676399999999
GNT/BTC,1577657155485,2019-12-29T22:05:55.485Z,buy,3.94e-06,50.0,0.000197
GNT/BTC,1577657264489,2019-12-29T22:07:44.489Z,buy,3.94e-06,57.0,0.00022458
GNT/BTC,1577657612883,2019-12-29T22:13:32.883Z,sell,3.93e-06,26.0,0.0001021799999999
GNT/BTC,1577657910035,2019-12-29T22:18:30.035Z,buy,3.94e-06,98.0,0.00038612
GNT/BTC,1577658202711,2019-12-29T22:23:22.711Z,sell,3.92e-06,761.0,0.0029831199999999
GNT/BTC,1577658202711,2019-12-29T22:23:22.711Z,sell,3.91e-06,4236.0,0.01656276
GNT/BTC,1577658205714,2019-12-29T22:23:25.714Z,sell,3.92e-06,538.0,0.00210896
GNT/BTC,1577658205714,2019-12-29T22:23:25.714Z,sell,3.91e-06,402.0,0.00157182
GNT/BTC,1577658215740,2019-12-29T22:23:35.740Z,sell,3.92e-06,538.0,0.00210896
GNT/BTC,1577658230824,2019-12-29T22:23:50.824Z,buy,3.93e-06,27.0,0.0001061099999999
GNT/BTC,1577658317338,2019-12-29T22:25:17.338Z,sell,3.91e-06,259.0,0.00101269
GNT/BTC,1577658809662,2019-12-29T22:33:29.662Z,buy,3.93e-06,321.0,0.0012615299999999
GNT/BTC,1577658810667,2019-12-29T22:33:30.667Z,buy,3.93e-06,26.0,0.0001021799999999
GNT/BTC,1577658845735,2019-12-29T22:34:05.735Z,buy,3.93e-06,306.0,0.00120258
GNT/BTC,1577659105757,2019-12-29T22:38:25.757Z,buy,3.94e-06,94.0,0.00037036
GNT/BTC,1577659722519,2019-12-29T22:48:42.519Z,sell,3.92e-06,213.0,0.0008349599999999
GNT/BTC,1577659722519,2019-12-29T22:48:42.519Z,sell,3.92e-06,213.0,0.0008349599999999
GNT/BTC,1577659870529,2019-12-29T22:51:10.529Z,buy,3.94e-06,1117.0,0.00440098
GNT/BTC,1577659871252,2019-12-29T22:51:11.252Z,buy,3.94e-06,2163.0,0.00852222
GNT/BTC,1577659994561,2019-12-29T22:53:14.561Z,buy,3.95e-06,231.0,0.00091245
GNT/BTC,1577660719130,2019-12-29T23:05:19.130Z,sell,3.93e-06,406.0,0.0015955799999999
GNT/BTC,1577660749640,2019-12-29T23:05:49.640Z,buy,3.94e-06,59.0,0.00023246
GNT/BTC,1577661229615,2019-12-29T23:13:49.615Z,buy,3.94e-06,44.0,0.00017336
GNT/BTC,1577661316136,2019-12-29T23:15:16.136Z,buy,3.94e-06,23.0,9.062e-05
GNT/BTC,1577661509926,2019-12-29T23:18:29.926Z,buy,3.95e-06,35.0,0.00013825
GNT/BTC,1577661544266,2019-12-29T23:19:04.266Z,buy,3.95e-06,2411.0,0.00952345
GNT/BTC,1577661544273,2019-12-29T23:19:04.273Z,buy,3.95e-06,619.0,0.00244505
GNT/BTC,1577661544556,2019-12-29T23:19:04.556Z,buy,3.95e-06,2799.0,0.01105605
GNT/BTC,1577661544584,2019-12-29T23:19:04.584Z,buy,3.95e-06,4098.0,0.0161871
GNT/BTC,1577661544724,2019-12-29T23:19:04.724Z,buy,3.95e-06,5000.0,0.01975
GNT/BTC,1577661544894,2019-12-29T23:19:04.894Z,buy,3.95e-06,2799.0,0.01105605
GNT/BTC,1577661638083,2019-12-29T23:20:38.083Z,buy,3.95e-06,2077.0,0.00820415
GNT/BTC,1577661971324,2019-12-29T23:26:11.324Z,sell,3.93e-06,8722.0,0.0342774599999999
GNT/BTC,1577662086431,2019-12-29T23:28:06.431Z,buy,3.94e-06,126.0,0.00049644
GNT/BTC,1577662094545,2019-12-29T23:28:14.545Z,buy,3.95e-06,1747.0,0.00690065
GNT/BTC,1577662094556,2019-12-29T23:28:14.556Z,buy,3.96e-06,1222.0,0.00483912
GNT/BTC,1577662105350,2019-12-29T23:28:25.350Z,buy,3.96e-06,253.0,0.00100188
GNT/BTC,1577662170146,2019-12-29T23:29:30.146Z,buy,3.96e-06,9024.0,0.03573504
GNT/BTC,1577662247715,2019-12-29T23:30:47.715Z,sell,3.96e-06,1000.0,0.00396
GNT/BTC,1577662247862,2019-12-29T23:30:47.862Z,sell,3.96e-06,39.0,0.00015444
GNT/BTC,1577662248598,2019-12-29T23:30:48.598Z,sell,3.96e-06,1000.0,0.00396
GNT/BTC,1577662255007,2019-12-29T23:30:55.007Z,sell,3.96e-06,1000.0,0.00396
GNT/BTC,1577662256853,2019-12-29T23:30:56.853Z,sell,3.96e-06,1170.0,0.0046332
GNT/BTC,1577662410074,2019-12-29T23:33:30.074Z,sell,3.96e-06,673.0,0.00266508
GNT/BTC,1577662411078,2019-12-29T23:33:31.078Z,sell,3.96e-06,201.0,0.00079596
GNT/BTC,1577662688111,2019-12-29T23:38:08.111Z,sell,3.96e-06,38.0,0.00015048
GNT/BTC,1577663308884,2019-12-29T23:48:28.884Z,sell,3.96e-06,228.0,0.00090288
GNT/BTC,1577663308884,2019-12-29T23:48:28.884Z,sell,3.96e-06,228.0,0.00090288
GNT/BTC,1577663949594,2019-12-29T23:59:09.594Z,sell,3.96e-06,26.0,0.00010296
GNT/BTC,1577664225776,2019-12-30T00:03:45.776Z,sell,3.96e-06,34.0,0.00013464
GNT/BTC,1577664225795,2019-12-30T00:03:45.795Z,sell,3.96e-06,227.0,0.00089892
GNT/BTC,1577664899284,2019-12-30T00:14:59.284Z,sell,3.96e-06,52.0,0.00020592
GNT/BTC,1577665422684,2019-12-30T00:23:42.684Z,sell,3.96e-06,45.0,0.0001782
GNT/BTC,1577665736773,2019-12-30T00:28:56.773Z,sell,3.96e-06,2076.0,0.00822096
GNT/BTC,1577665736795,2019-12-30T00:28:56.795Z,sell,3.96e-06,1455.0,0.0057618
GNT/BTC,1577665736983,2019-12-30T00:28:56.983Z,sell,3.96e-06,44.0,0.00017424
GNT/BTC,1577665743826,2019-12-30T00:29:03.826Z,sell,3.96e-06,990.0,0.0039204
GNT/BTC,1577665745331,2019-12-30T00:29:05.331Z,sell,3.96e-06,684.0,0.00270864
GNT/BTC,1577665746627,2019-12-30T00:29:06.627Z,sell,3.96e-06,474.0,0.00187704
GNT/BTC,1577665761928,2019-12-30T00:29:21.928Z,sell,3.96e-06,292.0,0.00115632
GNT/BTC,1577666010047,2019-12-30T00:33:30.047Z,buy,3.97e-06,107.0,0.00042479
GNT/BTC,1577666025275,2019-12-30T00:33:45.275Z,sell,3.96e-06,75.0,0.000297
GNT/BTC,1577666025971,2019-12-30T00:33:45.971Z,sell,3.96e-06,2791.0,0.01105236
GNT/BTC,1577666025984,2019-12-30T00:33:45.984Z,sell,3.96e-06,2094.0,0.00829224
GNT/BTC,1577666030481,2019-12-30T00:33:50.481Z,sell,3.96e-06,1412.0,0.00559152
GNT/BTC,1577666031887,2019-12-30T00:33:51.887Z,sell,3.96e-06,977.0,0.00386892
GNT/BTC,1577666045403,2019-12-30T00:34:05.403Z,sell,3.96e-06,611.0,0.00241956
GNT/BTC,1577666047102,2019-12-30T00:34:07.102Z,sell,3.96e-06,421.0,0.00166716
GNT/BTC,1577666049503,2019-12-30T00:34:09.503Z,sell,3.96e-06,289.0,0.00114444
GNT/BTC,1577666701629,2019-12-30T00:45:01.629Z,buy,3.97e-06,32.0,0.00012704
GNT/BTC,1577666701629,2019-12-30T00:45:01.629Z,buy,3.97e-06,32.0,0.00012704
GNT/BTC,1577667808740,2019-12-30T01:03:28.740Z,sell,3.96e-06,227.0,0.00089892
GNT/BTC,1577667865824,2019-12-30T01:04:25.824Z,sell,3.96e-06,9016.0,0.03570336
GNT/BTC,1577667865824,2019-12-30T01:04:25.824Z,sell,3.95e-06,13884.0,0.0548418
GNT/BTC,1577667866041,2019-12-30T01:04:26.041Z,buy,3.96e-06,7.0,2.772e-05
GNT/BTC,1577667876086,2019-12-30T01:04:36.086Z,sell,3.95e-06,2066.0,0.0081607
GNT/BTC,1577667879018,2019-12-30T01:04:39.018Z,buy,3.95e-06,36.0,0.0001422
GNT/BTC,1577668069395,2019-12-30T01:07:49.395Z,sell,3.94e-06,746.0,0.00293924
GNT/BTC,1577668069670,2019-12-30T01:07:49.670Z,buy,3.94e-06,302.0,0.00118988
GNT/BTC,1577668070149,2019-12-30T01:07:50.149Z,buy,3.94e-06,63.0,0.00024822
GNT/BTC,1577668073534,2019-12-30T01:07:53.534Z,buy,3.94e-06,6916.0,0.02724904
GNT/BTC,1577668074143,2019-12-30T01:07:54.143Z,buy,3.94e-06,45.0,0.0001773
GNT/BTC,1577668074143,2019-12-30T01:07:54.143Z,buy,3.95e-06,1087.0,0.00429365
GNT/BTC,1577668074143,2019-12-30T01:07:54.143Z,buy,3.96e-06,9240.0,0.0365904
GNT/BTC,1577668074143,2019-12-30T01:07:54.143Z,buy,3.97e-06,21948.0,0.08713356
GNT/BTC,1577668076617,2019-12-30T01:07:56.617Z,buy,3.95e-06,426.0,0.0016827
GNT/BTC,1577668709722,2019-12-30T01:18:29.722Z,buy,3.96e-06,612.0,0.00242352
GNT/BTC,1577668711014,2019-12-30T01:18:31.014Z,buy,3.96e-06,36.0,0.00014256
GNT/BTC,1577669609954,2019-12-30T01:33:29.954Z,buy,3.95e-06,330.0,0.0013035
GNT/BTC,1577669610966,2019-12-30T01:33:30.966Z,buy,3.95e-06,30.0,0.0001185
GNT/BTC,1577669630823,2019-12-30T01:33:50.823Z,buy,3.95e-06,249.0,0.00098355
GNT/BTC,1577669644616,2019-12-30T01:34:04.616Z,buy,3.95e-06,29.0,0.00011455
GNT/BTC,1577669676291,2019-12-30T01:34:36.291Z,buy,3.95e-06,351.0,0.00138645
GNT/BTC,1577670069823,2019-12-30T01:41:09.823Z,buy,3.95e-06,26.0,0.0001027
GNT/BTC,1577670069823,2019-12-30T01:41:09.823Z,buy,3.95e-06,26.0,0.0001027
GNT/BTC,1577670518680,2019-12-30T01:48:38.680Z,buy,3.95e-06,102.0,0.0004029
GNT/BTC,1577670742643,2019-12-30T01:52:22.643Z,sell,3.94e-06,154.0,0.00060676
GNT/BTC,1577670742643,2019-12-30T01:52:22.643Z,sell,3.93e-06,7812.0,0.0307011599999999
GNT/BTC,1577670742676,2019-12-30T01:52:22.676Z,buy,3.93e-06,3784.0,0.0148711199999999
GNT/BTC,1577670742731,2019-12-30T01:52:22.731Z,buy,3.93e-06,443.0,0.0017409899999999
GNT/BTC,1577670742819,2019-12-30T01:52:22.819Z,buy,3.93e-06,65.0,0.00025545
GNT/BTC,1577670742821,2019-12-30T01:52:22.821Z,buy,3.93e-06,33.0,0.00012969
GNT/BTC,1577670742831,2019-12-30T01:52:22.831Z,buy,3.93e-06,5000.0,0.0196499999999999
GNT/BTC,1577670742929,2019-12-30T01:52:22.929Z,buy,3.93e-06,991.0,0.0038946299999999
GNT/BTC,1577670743011,2019-12-30T01:52:23.011Z,sell,3.93e-06,5000.0,0.0196499999999999
GNT/BTC,1577670743112,2019-12-30T01:52:23.112Z,buy,3.93e-06,37.0,0.0001454099999999
GNT/BTC,1577670743339,2019-12-30T01:52:23.339Z,buy,3.95e-06,1768.0,0.0069836
GNT/BTC,1577670743339,2019-12-30T01:52:23.339Z,buy,3.96e-06,1344.0,0.00532224
GNT/BTC,1577670743339,2019-12-30T01:52:23.339Z,buy,3.97e-06,3820.0,0.0151654
GNT/BTC,1577670743924,2019-12-30T01:52:23.924Z,buy,3.94e-06,126.0,0.00049644
GNT/BTC,1577670743924,2019-12-30T01:52:23.924Z,buy,3.96e-06,6806.0,0.02695176
GNT/BTC,1577671069630,2019-12-30T01:57:49.630Z,sell,3.94e-06,154.0,0.00060676
GNT/BTC,1577671224846,2019-12-30T02:00:24.846Z,buy,3.94e-06,2701.0,0.01064194
GNT/BTC,1577671225429,2019-12-30T02:00:25.429Z,buy,3.94e-06,9733.0,0.03834802
GNT/BTC,1577671225429,2019-12-30T02:00:25.429Z,buy,3.95e-06,426.0,0.0016827
GNT/BTC,1577671225429,2019-12-30T02:00:25.429Z,buy,3.96e-06,22081.0,0.08744076
GNT/BTC,1577671232172,2019-12-30T02:00:32.172Z,sell,3.94e-06,154.0,0.00060676
GNT/BTC,1577671314530,2019-12-30T02:01:54.530Z,sell,3.94e-06,82.0,0.00032308
GNT/BTC,1577671371522,2019-12-30T02:02:51.522Z,sell,3.94e-06,119.0,0.00046886
GNT/BTC,1577671372726,2019-12-30T02:02:52.726Z,buy,3.94e-06,896.0,0.00353024
GNT/BTC,1577671373668,2019-12-30T02:02:53.668Z,buy,3.95e-06,63.0,0.00024885
GNT/BTC,1577671373668,2019-12-30T02:02:53.668Z,buy,3.96e-06,2120.0,0.0083952
GNT/BTC,1577671412965,2019-12-30T02:03:32.965Z,sell,3.94e-06,263.0,0.00103622
GNT/BTC,1577672061292,2019-12-30T02:14:21.292Z,sell,3.94e-06,1041.0,0.00410154
GNT/BTC,1577672117647,2019-12-30T02:15:17.647Z,buy,3.94e-06,45.0,0.0001773
GNT/BTC,1577672247378,2019-12-30T02:17:27.378Z,sell,3.93e-06,1594.0,0.00626442
GNT/BTC,1577672247406,2019-12-30T02:17:27.406Z,buy,3.93e-06,1287.0,0.00505791
GNT/BTC,1577672247575,2019-12-30T02:17:27.575Z,buy,3.93e-06,36.0,0.0001414799999999
GNT/BTC,1577672247575,2019-12-30T02:17:27.575Z,buy,3.93e-06,720.0,0.0028296
GNT/BTC,1577672248612,2019-12-30T02:17:28.612Z,buy,3.93e-06,1417.0,0.0055688099999999
GNT/BTC,1577672249709,2019-12-30T02:17:29.709Z,buy,3.93e-06,2407.0,0.0094595099999999
GNT/BTC,1577672249735,2019-12-30T02:17:29.735Z,buy,3.93e-06,483.0,0.00189819
GNT/BTC,1577672255198,2019-12-30T02:17:35.198Z,buy,3.94e-06,51.0,0.00020094
GNT/BTC,1577672282905,2019-12-30T02:18:02.905Z,sell,3.93e-06,1041.0,0.0040911299999999
GNT/BTC,1577672286239,2019-12-30T02:18:06.239Z,buy,3.93e-06,78.0,0.0003065399999999
GNT/BTC,1577672310681,2019-12-30T02:18:30.681Z,buy,3.93e-06,672.0,0.00264096
GNT/BTC,1577672311985,2019-12-30T02:18:31.985Z,buy,3.93e-06,40.0,0.0001571999999999
GNT/BTC,1577672341070,2019-12-30T02:19:01.070Z,buy,3.93e-06,36.0,0.0001414799999999
GNT/BTC,1577672341481,2019-12-30T02:19:01.481Z,buy,3.93e-06,26.0,0.0001021799999999
GNT/BTC,1577672372039,2019-12-30T02:19:32.039Z,sell,3.92e-06,14719.0,0.0576984799999999
GNT/BTC,1577672373278,2019-12-30T02:19:33.278Z,buy,3.92e-06,1139.0,0.00446488
GNT/BTC,1577672375416,2019-12-30T02:19:35.416Z,buy,3.92e-06,1576.0,0.00617792
GNT/BTC,1577672376052,2019-12-30T02:19:36.052Z,buy,3.92e-06,877.0,0.0034378399999999
GNT/BTC,1577672376538,2019-12-30T02:19:36.538Z,buy,3.92e-06,263.0,0.00103096
GNT/BTC,1577672515834,2019-12-30T02:21:55.834Z,buy,3.94e-06,2010.0,0.0079194
GNT/BTC,1577672629776,2019-12-30T02:23:49.776Z,buy,3.94e-06,27.0,0.00010638
GNT/BTC,1577672728506,2019-12-30T02:25:28.506Z,buy,3.94e-06,313.0,0.00123322
GNT/BTC,1577672728506,2019-12-30T02:25:28.506Z,buy,3.95e-06,426.0,0.0016827
GNT/BTC,1577672728506,2019-12-30T02:25:28.506Z,buy,3.96e-06,494.0,0.00195624
GNT/BTC,1577672730092,2019-12-30T02:25:30.092Z,sell,3.94e-06,1140.0,0.0044916
GNT/BTC,1577672732005,2019-12-30T02:25:32.005Z,buy,3.96e-06,1992.0,0.00788832
GNT/BTC,1577672752929,2019-12-30T02:25:52.929Z,sell,3.94e-06,1238.0,0.00487772
GNT/BTC,1577672757584,2019-12-30T02:25:57.584Z,sell,3.94e-06,1078.0,0.00424732
GNT/BTC,1577672859342,2019-12-30T02:27:39.342Z,sell,3.94e-06,85.0,0.0003349
GNT/BTC,1577672859342,2019-12-30T02:27:39.342Z,sell,3.93e-06,144.0,0.0005659199999999
GNT/BTC,1577672929660,2019-12-30T02:28:49.660Z,sell,3.93e-06,408.0,0.0016034399999999
GNT/BTC,1577673207641,2019-12-30T02:33:27.641Z,sell,3.92e-06,28.0,0.0001097599999999
GNT/BTC,1577673210637,2019-12-30T02:33:30.637Z,sell,3.91e-06,92.0,0.00035972
GNT/BTC,1577673601583,2019-12-30T02:40:01.583Z,sell,3.91e-06,470.0,0.0018376999999999
GNT/BTC,1577673632001,2019-12-30T02:40:32.001Z,sell,3.92e-06,5233.0,0.0205133599999999
GNT/BTC,1577673632001,2019-12-30T02:40:32.001Z,sell,3.92e-06,5233.0,0.0205133599999999
GNT/BTC,1577673711353,2019-12-30T02:41:51.353Z,sell,3.91e-06,7251.0,0.02835141
GNT/BTC,1577673711391,2019-12-30T02:41:51.391Z,buy,3.91e-06,3480.0,0.0136067999999999
GNT/BTC,1577673711418,2019-12-30T02:41:51.418Z,buy,3.91e-06,1544.0,0.00603704
GNT/BTC,1577673711461,2019-12-30T02:41:51.461Z,buy,3.91e-06,1463.0,0.00572033
GNT/BTC,1577673711462,2019-12-30T02:41:51.462Z,buy,3.91e-06,4009.0,0.01567519
GNT/BTC,1577673712414,2019-12-30T02:41:52.414Z,sell,3.91e-06,1062.0,0.0041524199999999
GNT/BTC,1577673713440,2019-12-30T02:41:53.440Z,sell,3.91e-06,35.0,0.00013685
GNT/BTC,1577673730925,2019-12-30T02:42:10.925Z,buy,3.93e-06,9.0,3.5369999999999995e-05
GNT/BTC,1577674133027,2019-12-30T02:48:53.027Z,buy,3.93e-06,634.0,0.00249162
GNT/BTC,1577674134360,2019-12-30T02:48:54.360Z,buy,3.93e-06,40.0,0.0001571999999999
GNT/BTC,1577674865768,2019-12-30T03:01:05.768Z,buy,3.94e-06,76.0,0.00029944
GNT/BTC,1577674979390,2019-12-30T03:02:59.390Z,buy,3.94e-06,1264.0,0.00498016
GNT/BTC,1577674979390,2019-12-30T03:02:59.390Z,buy,3.95e-06,5703.0,0.02252685
GNT/BTC,1577674979390,2019-12-30T03:02:59.390Z,buy,3.96e-06,5760.0,0.0228096
GNT/BTC,1577674979796,2019-12-30T03:02:59.796Z,buy,3.94e-06,355.0,0.0013987
GNT/BTC,1577674980203,2019-12-30T03:03:00.203Z,buy,3.94e-06,28.0,0.00011032
GNT/BTC,1577674980906,2019-12-30T03:03:00.906Z,buy,3.94e-06,126.0,0.00049644
GNT/BTC,1577675012749,2019-12-30T03:03:32.749Z,sell,3.93e-06,425.0,0.0016702499999999
GNT/BTC,1577675025818,2019-12-30T03:03:45.818Z,buy,3.94e-06,126.0,0.00049644
GNT/BTC,1577675922885,2019-12-30T03:18:42.885Z,sell,3.94e-06,540.0,0.0021276
GNT/BTC,1577676116434,2019-12-30T03:21:56.434Z,buy,3.95e-06,1418.0,0.0056011
GNT/BTC,1577676809719,2019-12-30T03:33:29.719Z,buy,3.96e-06,119.0,0.00047124
GNT/BTC,1577677016694,2019-12-30T03:36:56.694Z,buy,3.96e-06,10146.0,0.04017816
GNT/BTC,1577677016694,2019-12-30T03:36:56.694Z,buy,3.96e-06,10146.0,0.04017816
GNT/BTC,1577677709717,2019-12-30T03:48:29.717Z,buy,3.96e-06,26.0,0.00010296
GNT/BTC,1577677711724,2019-12-30T03:48:31.724Z,buy,3.97e-06,64.0,0.00025408
GNT/BTC,1577677720511,2019-12-30T03:48:40.511Z,buy,3.97e-06,2268.0,0.00900396
GNT/BTC,1577677891590,2019-12-30T03:51:31.590Z,sell,3.95e-06,808.0,0.0031916
GNT/BTC,1577678568109,2019-12-30T04:02:48.109Z,buy,3.96e-06,246.0,0.00097416
GNT/BTC,1577679508949,2019-12-30T04:18:28.949Z,buy,3.96e-06,155.0,0.0006138
GNT/BTC,1577680256339,2019-12-30T04:30:56.339Z,buy,3.96e-06,34.0,0.00013464
GNT/BTC,1577680408713,2019-12-30T04:33:28.713Z,buy,3.96e-06,173.0,0.00068508
GNT/BTC,1577680409728,2019-12-30T04:33:29.728Z,buy,3.96e-06,30.0,0.0001188
GNT/BTC,1577680478656,2019-12-30T04:34:38.656Z,sell,3.94e-06,186.0,0.00073284
GNT/BTC,1577680499787,2019-12-30T04:34:59.787Z,buy,3.94e-06,314.0,0.00123716
GNT/BTC,1577680499787,2019-12-30T04:34:59.787Z,buy,3.95e-06,539.0,0.00212905
GNT/BTC,1577680499787,2019-12-30T04:34:59.787Z,buy,3.94e-06,314.0,0.00123716
GNT/BTC,1577680499787,2019-12-30T04:34:59.787Z,buy,3.95e-06,539.0,0.00212905
GNT/BTC,1577680722721,2019-12-30T04:38:42.721Z,sell,3.94e-06,892.0,0.00351448
GNT/BTC,1577680722721,2019-12-30T04:38:42.721Z,sell,3.93e-06,26008.0,0.1022114399999999
GNT/BTC,1577680723537,2019-12-30T04:38:43.537Z,sell,3.94e-06,126.0,0.00049644
GNT/BTC,1577680727965,2019-12-30T04:38:47.965Z,sell,3.94e-06,1000.0,0.00394
GNT/BTC,1577680728213,2019-12-30T04:38:48.213Z,sell,3.94e-06,659.0,0.00259646
GNT/BTC,1577680728213,2019-12-30T04:38:48.213Z,sell,3.93e-06,1000.0,0.0039299999999999
GNT/BTC,1577680734005,2019-12-30T04:38:54.005Z,buy,3.94e-06,5000.0,0.0197
GNT/BTC,1577680734861,2019-12-30T04:38:54.861Z,buy,3.95e-06,5000.0,0.01975
GNT/BTC,1577680735762,2019-12-30T04:38:55.762Z,buy,3.96e-06,5000.0,0.0198
GNT/BTC,1577681311965,2019-12-30T04:48:31.965Z,buy,3.96e-06,343.0,0.00135828
GNT/BTC,1577681312692,2019-12-30T04:48:32.692Z,buy,3.96e-06,33.0,0.00013068
GNT/BTC,1577681506287,2019-12-30T04:51:46.287Z,buy,3.96e-06,316.0,0.00125136
GNT/BTC,1577682213656,2019-12-30T05:03:33.656Z,sell,3.94e-06,154.0,0.00060676
GNT/BTC,1577682214660,2019-12-30T05:03:34.660Z,sell,3.94e-06,256.0,0.00100864
GNT/BTC,1577682921062,2019-12-30T05:15:21.062Z,buy,3.96e-06,26.0,0.00010296
GNT/BTC,1577683109929,2019-12-30T05:18:29.929Z,buy,3.96e-06,63.0,0.00024948
GNT/BTC,1577683340172,2019-12-30T05:22:20.172Z,sell,3.95e-06,1146.0,0.0045267
GNT/BTC,1577683342835,2019-12-30T05:22:22.835Z,sell,3.94e-06,1729.0,0.00681226
GNT/BTC,1577683699221,2019-12-30T05:28:19.221Z,sell,3.94e-06,90.0,0.0003546
GNT/BTC,1577684009668,2019-12-30T05:33:29.668Z,buy,3.95e-06,91.0,0.00035945
GNT/BTC,1577684011998,2019-12-30T05:33:31.998Z,buy,3.96e-06,234.0,0.00092664
GNT/BTC,1577684012686,2019-12-30T05:33:32.686Z,buy,3.96e-06,31.0,0.00012276
GNT/BTC,1577684012686,2019-12-30T05:33:32.686Z,buy,3.96e-06,31.0,0.00012276
GNT/BTC,1577684922060,2019-12-30T05:48:42.060Z,sell,3.95e-06,29.0,0.00011455
GNT/BTC,1577684923705,2019-12-30T05:48:43.705Z,sell,3.94e-06,302.0,0.00118988
GNT/BTC,1577685053934,2019-12-30T05:50:53.934Z,buy,3.96e-06,1265.0,0.0050094
GNT/BTC,1577685105132,2019-12-30T05:51:45.132Z,buy,3.96e-06,2245.0,0.0088902
GNT/BTC,1577685409941,2019-12-30T05:56:49.941Z,sell,3.94e-06,1261.0,0.00496834
GNT/BTC,1577685808664,2019-12-30T06:03:28.664Z,sell,3.96e-06,30.0,0.0001188
GNT/BTC,1577685809683,2019-12-30T06:03:29.683Z,sell,3.94e-06,597.0,0.00235218
GNT/BTC,1577686134511,2019-12-30T06:08:54.511Z,buy,3.97e-06,1525.0,0.00605425
GNT/BTC,1577686144139,2019-12-30T06:09:04.139Z,buy,3.97e-06,504.0,0.00200088
GNT/BTC,1577686149211,2019-12-30T06:09:09.211Z,buy,3.97e-06,252.0,0.00100044
GNT/BTC,1577686506292,2019-12-30T06:15:06.292Z,sell,3.94e-06,30.0,0.0001182
GNT/BTC,1577686710210,2019-12-30T06:18:30.210Z,buy,3.97e-06,261.0,0.00103617
GNT/BTC,1577686711236,2019-12-30T06:18:31.236Z,buy,3.97e-06,29.0,0.00011513
GNT/BTC,1577686748897,2019-12-30T06:19:08.897Z,sell,3.94e-06,9158.0,0.03608252
GNT/BTC,1577686932604,2019-12-30T06:22:12.604Z,sell,3.96e-06,1421.0,0.00562716
GNT/BTC,1577686934112,2019-12-30T06:22:14.112Z,sell,3.96e-06,697.0,0.00276012
GNT/BTC,1577687065553,2019-12-30T06:24:25.553Z,sell,3.95e-06,201.0,0.00079395
GNT/BTC,1577687472643,2019-12-30T06:31:12.643Z,sell,3.95e-06,80.0,0.000316
GNT/BTC,1577687472680,2019-12-30T06:31:12.680Z,sell,3.94e-06,80.0,0.0003152
GNT/BTC,1577687472808,2019-12-30T06:31:12.808Z,sell,3.94e-06,148.0,0.00058312
GNT/BTC,1577687472899,2019-12-30T06:31:12.899Z,sell,3.94e-06,5072.0,0.01998368
GNT/BTC,1577687472996,2019-12-30T06:31:12.996Z,sell,3.94e-06,2260.0,0.0089044
GNT/BTC,1577687477586,2019-12-30T06:31:17.586Z,sell,3.94e-06,112.0,0.00044128
GNT/BTC,1577687486954,2019-12-30T06:31:26.954Z,sell,3.94e-06,319.0,0.00125686
GNT/BTC,1577687487000,2019-12-30T06:31:27.000Z,sell,3.93e-06,319.0,0.00125367
GNT/BTC,1577687490991,2019-12-30T06:31:30.991Z,buy,3.94e-06,126.0,0.00049644
GNT/BTC,1577687491128,2019-12-30T06:31:31.128Z,sell,3.94e-06,193.0,0.00076042
GNT/BTC,1577687501038,2019-12-30T06:31:41.038Z,buy,3.95e-06,50.0,0.0001975
GNT/BTC,1577687501667,2019-12-30T06:31:41.667Z,sell,3.94e-06,253.0,0.00099682
GNT/BTC,1577687508451,2019-12-30T06:31:48.451Z,sell,3.94e-06,241.0,0.00094954
GNT/BTC,1577687513724,2019-12-30T06:31:53.724Z,sell,3.94e-06,171.0,0.00067374
GNT/BTC,1577687516171,2019-12-30T06:31:56.171Z,sell,3.93e-06,359.0,0.0014108699999999
GNT/BTC,1577687519860,2019-12-30T06:31:59.860Z,buy,3.93e-06,50.0,0.0001964999999999
GNT/BTC,1577687523350,2019-12-30T06:32:03.350Z,buy,3.94e-06,167.0,0.00065798
GNT/BTC,1577687523385,2019-12-30T06:32:03.385Z,sell,3.94e-06,1.0,3.94e-06
GNT/BTC,1577687524287,2019-12-30T06:32:04.287Z,sell,3.93e-06,126.0,0.0004951799999999
GNT/BTC,1577687525327,2019-12-30T06:32:05.327Z,buy,3.94e-06,126.0,0.00049644
GNT/BTC,1577687527191,2019-12-30T06:32:07.191Z,sell,3.93e-06,126.0,0.0004951799999999
GNT/BTC,1577687527191,2019-12-30T06:32:07.191Z,sell,3.92e-06,1042.0,0.00408464
GNT/BTC,1577687527455,2019-12-30T06:32:07.455Z,buy,3.93e-06,56.0,0.00022008
GNT/BTC,1577687527465,2019-12-30T06:32:07.465Z,buy,3.93e-06,55.0,0.0002161499999999
GNT/BTC,1577687529615,2019-12-30T06:32:09.615Z,buy,3.93e-06,1.0,3.93e-06
GNT/BTC,1577687529615,2019-12-30T06:32:09.615Z,buy,3.94e-06,1282.0,0.00505108
GNT/BTC,1577687529615,2019-12-30T06:32:09.615Z,buy,3.95e-06,5426.0,0.0214327
GNT/BTC,1577687529615,2019-12-30T06:32:09.615Z,buy,3.96e-06,4722.0,0.01869912
GNT/BTC,1577687529615,2019-12-30T06:32:09.615Z,buy,3.97e-06,20809.0,0.08261173
GNT/BTC,1577687529718,2019-12-30T06:32:09.718Z,buy,3.94e-06,2209.0,0.00870346
GNT/BTC,1577687531803,2019-12-30T06:32:11.803Z,sell,3.95e-06,426.0,0.0016827
GNT/BTC,1577687576076,2019-12-30T06:32:56.076Z,buy,3.96e-06,400.0,0.001584
GNT/BTC,1577687612119,2019-12-30T06:33:32.119Z,buy,3.96e-06,138.0,0.00054648
GNT/BTC,1577687612119,2019-12-30T06:33:32.119Z,buy,3.96e-06,138.0,0.00054648
GNT/BTC,1577687612826,2019-12-30T06:33:32.826Z,buy,3.96e-06,26.0,0.00010296
GNT/BTC,1577687834125,2019-12-30T06:37:14.125Z,sell,3.94e-06,2492.0,0.00981848
GNT/BTC,1577688881877,2019-12-30T06:54:41.877Z,sell,3.94e-06,892.0,0.00351448
GNT/BTC,1577689413994,2019-12-30T07:03:33.994Z,buy,3.96e-06,113.0,0.00044748
GNT/BTC,1577689761200,2019-12-30T07:09:21.200Z,sell,3.94e-06,302.0,0.00118988
GNT/BTC,1577689762687,2019-12-30T07:09:22.687Z,sell,3.93e-06,1338.0,0.0052583399999999
GNT/BTC,1577689762866,2019-12-30T07:09:22.866Z,sell,3.93e-06,44.0,0.00017292
GNT/BTC,1577689765138,2019-12-30T07:09:25.138Z,buy,3.94e-06,302.0,0.00118988
GNT/BTC,1577689767049,2019-12-30T07:09:27.049Z,sell,3.93e-06,1170.0,0.0045981
GNT/BTC,1577689767252,2019-12-30T07:09:27.252Z,buy,3.94e-06,856.0,0.00337264
GNT/BTC,1577689768527,2019-12-30T07:09:28.527Z,buy,3.94e-06,44.0,0.00017336
GNT/BTC,1577689770026,2019-12-30T07:09:30.026Z,buy,3.94e-06,848.0,0.00334112
GNT/BTC,1577689770037,2019-12-30T07:09:30.037Z,sell,3.94e-06,864.0,0.00340416
GNT/BTC,1577689770957,2019-12-30T07:09:30.957Z,sell,3.94e-06,844.0,0.00332536
GNT/BTC,1577689773123,2019-12-30T07:09:33.123Z,sell,3.94e-06,227.0,0.00089438
GNT/BTC,1577689776170,2019-12-30T07:09:36.170Z,buy,3.95e-06,857.0,0.00338515
GNT/BTC,1577690116722,2019-12-30T07:15:16.722Z,buy,3.95e-06,33.0,0.00013035
GNT/BTC,1577690310006,2019-12-30T07:18:30.006Z,buy,3.95e-06,388.0,0.0015326
GNT/BTC,1577690311007,2019-12-30T07:18:31.007Z,buy,3.95e-06,28.0,0.0001106
GNT/BTC,1577691119481,2019-12-30T07:31:59.481Z,buy,3.96e-06,1161.0,0.00459756
GNT/BTC,1577691119481,2019-12-30T07:31:59.481Z,buy,3.96e-06,1161.0,0.00459756
GNT/BTC,1577691358313,2019-12-30T07:35:58.313Z,sell,3.94e-06,154.0,0.00060676
GNT/BTC,1577691367656,2019-12-30T07:36:07.656Z,buy,3.94e-06,428.0,0.00168632
GNT/BTC,1577691368599,2019-12-30T07:36:08.599Z,buy,3.94e-06,26.0,0.00010244
GNT/BTC,1577691374603,2019-12-30T07:36:14.603Z,buy,3.94e-06,214.0,0.00084316
GNT/BTC,1577691375676,2019-12-30T07:36:15.676Z,buy,3.94e-06,214.0,0.00084316
GNT/BTC,1577691379572,2019-12-30T07:36:19.572Z,buy,3.94e-06,107.0,0.00042158
GNT/BTC,1577691380544,2019-12-30T07:36:20.544Z,sell,3.93e-06,60.0,0.0002357999999999
GNT/BTC,1577691491252,2019-12-30T07:38:11.252Z,sell,3.93e-06,492.0,0.0019335599999999
GNT/BTC,1577691528195,2019-12-30T07:38:48.195Z,buy,3.94e-06,4040.0,0.0159176
GNT/BTC,1577691751696,2019-12-30T07:42:31.696Z,buy,3.93e-06,500.0,0.0019649999999999
GNT/BTC,1577691842893,2019-12-30T07:44:02.893Z,buy,3.93e-06,4500.0,0.017685
GNT/BTC,1577691842893,2019-12-30T07:44:02.893Z,buy,3.94e-06,126.0,0.00049644
GNT/BTC,1577691842893,2019-12-30T07:44:02.893Z,buy,3.95e-06,6651.0,0.02627145
GNT/BTC,1577691842893,2019-12-30T07:44:02.893Z,buy,3.96e-06,5748.0,0.02276208
GNT/BTC,1577691843222,2019-12-30T07:44:03.222Z,sell,3.93e-06,1129.0,0.0044369699999999
GNT/BTC,1577691843363,2019-12-30T07:44:03.363Z,sell,3.92e-06,244.0,0.0009564799999999
GNT/BTC,1577692091383,2019-12-30T07:48:11.383Z,buy,3.94e-06,28.0,0.00011032
GNT/BTC,1577692091383,2019-12-30T07:48:11.383Z,buy,3.95e-06,1129.0,0.00445955
GNT/BTC,1577692091383,2019-12-30T07:48:11.383Z,buy,3.96e-06,1.0,3.96e-06
GNT/BTC,1577692118696,2019-12-30T07:48:38.696Z,sell,3.94e-06,475.0,0.0018715
GNT/BTC,1577692388672,2019-12-30T07:53:08.672Z,sell,3.93e-06,6612.0,0.0259851599999999
GNT/BTC,1577692391662,2019-12-30T07:53:11.662Z,sell,3.93e-06,12690.0,0.0498717
GNT/BTC,1577692784711,2019-12-30T07:59:44.711Z,buy,3.94e-06,32.0,0.00012608
GNT/BTC,1577693012854,2019-12-30T08:03:32.854Z,buy,3.94e-06,727.0,0.00286438
GNT/BTC,1577693014161,2019-12-30T08:03:34.161Z,buy,3.94e-06,54.0,0.00021276
GNT/BTC,1577693043993,2019-12-30T08:04:03.993Z,buy,3.95e-06,29.0,0.00011455
GNT/BTC,1577693104252,2019-12-30T08:05:04.252Z,sell,3.93e-06,126.0,0.0004951799999999
GNT/BTC,1577693169067,2019-12-30T08:06:09.067Z,buy,3.94e-06,126.0,0.00049644
GNT/BTC,1577693169067,2019-12-30T08:06:09.067Z,buy,3.95e-06,1314.0,0.0051903
GNT/BTC,1577693192779,2019-12-30T08:06:32.779Z,buy,3.95e-06,1132.0,0.0044714
GNT/BTC,1577693217704,2019-12-30T08:06:57.704Z,sell,3.93e-06,1416.0,0.0055648799999999
GNT/BTC,1577693218411,2019-12-30T08:06:58.411Z,sell,3.93e-06,1416.0,0.0055648799999999
GNT/BTC,1577693219236,2019-12-30T08:06:59.236Z,sell,3.93e-06,632.0,0.00248376
GNT/BTC,1577693297406,2019-12-30T08:08:17.406Z,sell,3.92e-06,28.0,0.0001097599999999
GNT/BTC,1577693297406,2019-12-30T08:08:17.406Z,sell,3.91e-06,1901.0,0.00743291
GNT/BTC,1577693357373,2019-12-30T08:09:17.373Z,sell,3.92e-06,27.0,0.0001058399999999
GNT/BTC,1577693357373,2019-12-30T08:09:17.373Z,sell,3.91e-06,1453.0,0.00568123
GNT/BTC,1577693363435,2019-12-30T08:09:23.435Z,sell,3.91e-06,2721.0,0.01063911
GNT/BTC,1577693409471,2019-12-30T08:10:09.471Z,sell,3.91e-06,1199.0,0.00468809
GNT/BTC,1577693717250,2019-12-30T08:15:17.250Z,buy,3.93e-06,87.0,0.0003419099999999
GNT/BTC,1577693910438,2019-12-30T08:18:30.438Z,buy,3.93e-06,62.0,0.0002436599999999
GNT/BTC,1577693942090,2019-12-30T08:19:02.090Z,sell,3.91e-06,862.0,0.00337042
GNT/BTC,1577693942090,2019-12-30T08:19:02.090Z,sell,3.9e-06,184254.0,0.7185906
GNT/BTC,1577693942853,2019-12-30T08:19:02.853Z,buy,3.91e-06,426.0,0.00166566
GNT/BTC,1577693943332,2019-12-30T08:19:03.332Z,sell,3.91e-06,68.0,0.0002658799999999
GNT/BTC,1577693970221,2019-12-30T08:19:30.221Z,buy,3.91e-06,58.0,0.00022678
GNT/BTC,1577694175985,2019-12-30T08:22:55.985Z,buy,3.93e-06,2107.0,0.00828051
GNT/BTC,1577694177747,2019-12-30T08:22:57.747Z,buy,3.94e-06,3557.0,0.01401458
GNT/BTC,1577694177747,2019-12-30T08:22:57.747Z,buy,3.95e-06,79.0,0.00031205
GNT/BTC,1577694179002,2019-12-30T08:22:59.002Z,sell,3.93e-06,126.0,0.0004951799999999
GNT/BTC,1577694179021,2019-12-30T08:22:59.021Z,sell,3.92e-06,28.0,0.0001097599999999
GNT/BTC,1577694179021,2019-12-30T08:22:59.021Z,sell,3.91e-06,98.0,0.00038318
GNT/BTC,1577694179318,2019-12-30T08:22:59.318Z,buy,3.95e-06,1661.0,0.00656095
GNT/BTC,1577694231416,2019-12-30T08:23:51.416Z,buy,3.94e-06,36.0,0.00014184
GNT/BTC,1577694239464,2019-12-30T08:23:59.464Z,sell,3.93e-06,426.0,0.00167418
GNT/BTC,1577694328839,2019-12-30T08:25:28.839Z,sell,3.93e-06,1410.0,0.0055413
GNT/BTC,1577694328839,2019-12-30T08:25:28.839Z,sell,3.93e-06,1410.0,0.0055413
GNT/BTC,1577694729413,2019-12-30T08:32:09.413Z,sell,3.93e-06,102.0,0.0004008599999999
GNT/BTC,1577694795453,2019-12-30T08:33:15.453Z,sell,3.92e-06,145.0,0.0005683999999999
GNT/BTC,1577694796166,2019-12-30T08:33:16.166Z,buy,3.92e-06,36.0,0.00014112
GNT/BTC,1577694808959,2019-12-30T08:33:28.959Z,buy,3.92e-06,32.0,0.00012544
GNT/BTC,1577694855692,2019-12-30T08:34:15.692Z,sell,3.91e-06,133.0,0.00052003
GNT/BTC,1577695709836,2019-12-30T08:48:29.836Z,sell,3.91e-06,100.0,0.0003909999999999
GNT/BTC,1577696236070,2019-12-30T08:57:16.070Z,buy,3.93e-06,126.0,0.0004951799999999
GNT/BTC,1577696236070,2019-12-30T08:57:16.070Z,buy,3.94e-06,274.0,0.00107956
GNT/BTC,1577696617665,2019-12-30T09:03:37.665Z,sell,3.93e-06,126.0,0.0004951799999999
GNT/BTC,1577696618277,2019-12-30T09:03:38.277Z,sell,3.92e-06,53.0,0.0002077599999999
GNT/BTC,1577697277092,2019-12-30T09:14:37.092Z,buy,3.94e-06,28.0,0.00011032
GNT/BTC,1577697309655,2019-12-30T09:15:09.655Z,sell,3.92e-06,33.0,0.00012936
GNT/BTC,1577697509666,2019-12-30T09:18:29.666Z,buy,3.94e-06,182.0,0.00071708
GNT/BTC,1577697510657,2019-12-30T09:18:30.657Z,buy,3.94e-06,27.0,0.00010638
GNT/BTC,1577697608785,2019-12-30T09:20:08.785Z,sell,3.92e-06,250.0,0.00098
GNT/BTC,1577697834152,2019-12-30T09:23:54.152Z,buy,3.93e-06,30.0,0.0001178999999999
GNT/BTC,1577697913050,2019-12-30T09:25:13.050Z,sell,3.92e-06,321.0,0.0012583199999999
GNT/BTC,1577697913050,2019-12-30T09:25:13.050Z,sell,3.92e-06,321.0,0.0012583199999999
GNT/BTC,1577698048748,2019-12-30T09:27:28.748Z,buy,3.93e-06,423.0,0.00166239
GNT/BTC,1577698207372,2019-12-30T09:30:07.372Z,buy,3.93e-06,4621.0,0.0181605299999999
GNT/BTC,1577698207372,2019-12-30T09:30:07.372Z,buy,3.94e-06,1743.0,0.00686742
GNT/BTC,1577698209379,2019-12-30T09:30:09.379Z,sell,3.93e-06,44.0,0.00017292
GNT/BTC,1577698420904,2019-12-30T09:33:40.904Z,sell,3.93e-06,82.0,0.00032226
GNT/BTC,1577698421630,2019-12-30T09:33:41.630Z,sell,3.92e-06,324.0,0.0012700799999999
GNT/BTC,1577699310649,2019-12-30T09:48:30.649Z,sell,3.93e-06,363.0,0.00142659
GNT/BTC,1577699611313,2019-12-30T09:53:31.313Z,sell,3.93e-06,317.0,0.00124581
GNT/BTC,1577699612403,2019-12-30T09:53:32.403Z,sell,3.93e-06,500.0,0.0019649999999999
GNT/BTC,1577700123409,2019-12-30T10:02:03.409Z,sell,3.93e-06,345.0,0.0013558499999999
GNT/BTC,1577700210798,2019-12-30T10:03:30.798Z,sell,3.93e-06,269.0,0.0010571699999999
GNT/BTC,1577700775497,2019-12-30T10:12:55.497Z,buy,3.94e-06,26.0,0.00010244
GNT/BTC,1577701035789,2019-12-30T10:17:15.789Z,sell,3.93e-06,629.0,0.00247197
GNT/BTC,1577701113750,2019-12-30T10:18:33.750Z,buy,3.94e-06,100.0,0.000394
GNT/BTC,1577701115458,2019-12-30T10:18:35.458Z,buy,3.95e-06,36.0,0.0001422
GNT/BTC,1577701115458,2019-12-30T10:18:35.458Z,buy,3.95e-06,36.0,0.0001422
GNT/BTC,1577702014764,2019-12-30T10:33:34.764Z,sell,3.93e-06,189.0,0.0007427699999999
GNT/BTC,1577702243749,2019-12-30T10:37:23.749Z,sell,3.93e-06,1835.0,0.00721155
GNT/BTC,1577702908667,2019-12-30T10:48:28.667Z,sell,3.93e-06,249.0,0.00097857
GNT/BTC,1577703381620,2019-12-30T10:56:21.620Z,sell,3.93e-06,8000.0,0.0314399999999999
GNT/BTC,1577703516165,2019-12-30T10:58:36.165Z,buy,3.95e-06,31.0,0.00012245
GNT/BTC,1577703823049,2019-12-30T11:03:43.049Z,buy,3.94e-06,116.0,0.00045704
GNT/BTC,1577703981165,2019-12-30T11:06:21.165Z,sell,3.93e-06,1218.0,0.0047867399999999
GNT/BTC,1577703981336,2019-12-30T11:06:21.336Z,sell,3.93e-06,48.0,0.0001886399999999
GNT/BTC,1577704337951,2019-12-30T11:12:17.951Z,sell,3.93e-06,1500.0,0.0058949999999999
GNT/BTC,1577704338357,2019-12-30T11:12:18.357Z,sell,3.93e-06,270.0,0.0010611
GNT/BTC,1577704611397,2019-12-30T11:16:51.397Z,sell,3.93e-06,2974.0,0.0116878199999999
GNT/BTC,1577704707984,2019-12-30T11:18:27.984Z,sell,3.93e-06,35.0,0.0001375499999999
GNT/BTC,1577704707984,2019-12-30T11:18:27.984Z,sell,3.93e-06,35.0,0.0001375499999999
GNT/BTC,1577705133636,2019-12-30T11:25:33.636Z,sell,3.93e-06,1945.0,0.0076438499999999
GNT/BTC,1577705134485,2019-12-30T11:25:34.485Z,sell,3.93e-06,1921.0,0.00754953
GNT/BTC,1577705135005,2019-12-30T11:25:35.005Z,sell,3.93e-06,1920.0,0.0075455999999999
GNT/BTC,1577705135594,2019-12-30T11:25:35.594Z,sell,3.93e-06,1912.0,0.0075141599999999
GNT/BTC,1577705136311,2019-12-30T11:25:36.311Z,sell,3.93e-06,2216.0,0.0087088799999999
GNT/BTC,1577705136809,2019-12-30T11:25:36.809Z,sell,3.93e-06,2214.0,0.0087010199999999
GNT/BTC,1577705137374,2019-12-30T11:25:37.374Z,sell,3.93e-06,5723.0,0.0224913899999999
GNT/BTC,1577705610828,2019-12-30T11:33:30.828Z,buy,3.94e-06,385.0,0.0015169
GNT/BTC,1577705612141,2019-12-30T11:33:32.141Z,buy,3.94e-06,34.0,0.00013396
GNT/BTC,1577706021299,2019-12-30T11:40:21.299Z,sell,3.93e-06,126.0,0.0004951799999999
GNT/BTC,1577706323535,2019-12-30T11:45:23.535Z,buy,3.94e-06,29.0,0.00011426
GNT/BTC,1577706509018,2019-12-30T11:48:29.018Z,buy,3.94e-06,160.0,0.0006304
GNT/BTC,1577707259254,2019-12-30T12:00:59.254Z,buy,3.94e-06,55.0,0.0002167
GNT/BTC,1577707408664,2019-12-30T12:03:28.664Z,sell,3.92e-06,63.0,0.00024696
GNT/BTC,1577707410949,2019-12-30T12:03:30.949Z,sell,3.91e-06,175.0,0.00068425
GNT/BTC,1577707705741,2019-12-30T12:08:25.741Z,buy,3.94e-06,6964.0,0.02743816
GNT/BTC,1577707706333,2019-12-30T12:08:26.333Z,buy,3.95e-06,3340.0,0.013193
GNT/BTC,1577707711679,2019-12-30T12:08:31.679Z,buy,3.94e-06,852.0,0.00335688
GNT/BTC,1577708126786,2019-12-30T12:15:26.786Z,buy,3.94e-06,141.0,0.00055554
GNT/BTC,1577708126786,2019-12-30T12:15:26.786Z,buy,3.95e-06,1798.0,0.0071021
GNT/BTC,1577708235340,2019-12-30T12:17:15.340Z,buy,3.95e-06,1990.0,0.0078605
GNT/BTC,1577708307059,2019-12-30T12:18:27.059Z,sell,3.93e-06,2117.0,0.0083198099999999
GNT/BTC,1577708307059,2019-12-30T12:18:27.059Z,sell,3.93e-06,2117.0,0.0083198099999999
GNT/BTC,1577708902483,2019-12-30T12:28:22.483Z,sell,3.92e-06,312.0,0.0012230399999999
GNT/BTC,1577708905288,2019-12-30T12:28:25.288Z,buy,3.94e-06,40.0,0.0001576
GNT/BTC,1577709201878,2019-12-30T12:33:21.878Z,buy,3.94e-06,28.0,0.00011032
GNT/BTC,1577709208713,2019-12-30T12:33:28.713Z,buy,3.94e-06,58.0,0.00022852
GNT/BTC,1577709210735,2019-12-30T12:33:30.735Z,buy,3.95e-06,194.0,0.0007663
GNT/BTC,1577709212018,2019-12-30T12:33:32.018Z,buy,3.95e-06,32.0,0.0001264
GNT/BTC,1577709465591,2019-12-30T12:37:45.591Z,sell,3.93e-06,126.0,0.0004951799999999
GNT/BTC,1577709465591,2019-12-30T12:37:45.591Z,sell,3.92e-06,381.0,0.00149352
GNT/BTC,1577709578717,2019-12-30T12:39:38.717Z,sell,3.92e-06,343.0,0.0013445599999999
GNT/BTC,1577709683790,2019-12-30T12:41:23.790Z,sell,3.92e-06,226.0,0.0008859199999999
GNT/BTC,1577709683790,2019-12-30T12:41:23.790Z,sell,3.91e-06,7387.0,0.02888317
GNT/BTC,1577709683891,2019-12-30T12:41:23.891Z,sell,3.91e-06,1000.0,0.0039099999999999
GNT/BTC,1577709684948,2019-12-30T12:41:24.948Z,sell,3.91e-06,1000.0,0.0039099999999999
GNT/BTC,1577709685889,2019-12-30T12:41:25.889Z,sell,3.91e-06,1000.0,0.0039099999999999
GNT/BTC,1577710110727,2019-12-30T12:48:30.727Z,buy,3.93e-06,210.0,0.0008253
GNT/BTC,1577710111732,2019-12-30T12:48:31.732Z,buy,3.93e-06,26.0,0.0001021799999999
GNT/BTC,1577710565574,2019-12-30T12:56:05.574Z,sell,3.91e-06,683.0,0.00267053
GNT/BTC,1577710848222,2019-12-30T13:00:48.222Z,sell,3.91e-06,454.0,0.00177514
GNT/BTC,1577710848476,2019-12-30T13:00:48.476Z,sell,3.91e-06,4125.0,0.01612875
GNT/BTC,1577710870810,2019-12-30T13:01:10.810Z,sell,3.91e-06,171.0,0.0006686099999999
GNT/BTC,1577710870822,2019-12-30T13:01:10.822Z,buy,3.91e-06,3069.0,0.01199979
GNT/BTC,1577711065452,2019-12-30T13:04:25.452Z,sell,3.9e-06,560.0,0.002184
GNT/BTC,1577711151842,2019-12-30T13:05:51.842Z,buy,3.93e-06,149.0,0.00058557
GNT/BTC,1577711370036,2019-12-30T13:09:30.036Z,buy,3.93e-06,364.0,0.0014305199999999
GNT/BTC,1577711384504,2019-12-30T13:09:44.504Z,buy,3.93e-06,839.0,0.0032972699999999
GNT/BTC,1577711384504,2019-12-30T13:09:44.504Z,buy,3.94e-06,1890.0,0.0074466
GNT/BTC,1577711386285,2019-12-30T13:09:46.285Z,buy,3.93e-06,126.0,0.0004951799999999
GNT/BTC,1577711407185,2019-12-30T13:10:07.185Z,sell,3.91e-06,537.0,0.00209967
GNT/BTC,1577711407476,2019-12-30T13:10:07.476Z,sell,3.91e-06,509.0,0.0019901899999999
GNT/BTC,1577711492324,2019-12-30T13:11:32.324Z,sell,3.91e-06,95.0,0.00037145
GNT/BTC,1577711675169,2019-12-30T13:14:35.169Z,buy,3.93e-06,1101.0,0.00432693
GNT/BTC,1577711675169,2019-12-30T13:14:35.169Z,buy,3.93e-06,1101.0,0.00432693
GNT/BTC,1577711908024,2019-12-30T13:18:28.024Z,sell,3.91e-06,193.0,0.00075463
GNT/BTC,1577712006428,2019-12-30T13:20:06.428Z,buy,3.93e-06,963.0,0.0037845899999999
GNT/BTC,1577712006428,2019-12-30T13:20:06.428Z,buy,3.94e-06,501.0,0.00197394
GNT/BTC,1577712007218,2019-12-30T13:20:07.218Z,buy,3.93e-06,126.0,0.0004951799999999
GNT/BTC,1577712817573,2019-12-30T13:33:37.573Z,buy,3.93e-06,30.0,0.0001178999999999
GNT/BTC,1577713237164,2019-12-30T13:40:37.164Z,buy,3.93e-06,854.0,0.0033562199999999
GNT/BTC,1577713237164,2019-12-30T13:40:37.164Z,buy,3.94e-06,1341.0,0.00528354
GNT/BTC,1577713718052,2019-12-30T13:48:38.052Z,sell,3.91e-06,171.0,0.0006686099999999
GNT/BTC,1577714616743,2019-12-30T14:03:36.743Z,buy,3.93e-06,552.0,0.00216936
GNT/BTC,1577714619067,2019-12-30T14:03:39.067Z,buy,3.94e-06,5950.0,0.023443
GNT/BTC,1577714633135,2019-12-30T14:03:53.135Z,buy,3.94e-06,50.0,0.000197
GNT/BTC,1577714638168,2019-12-30T14:03:58.168Z,sell,3.93e-06,126.0,0.0004951799999999
GNT/BTC,1577715048539,2019-12-30T14:10:48.539Z,buy,3.94e-06,26.0,0.00010244
GNT/BTC,1577715048539,2019-12-30T14:10:48.539Z,buy,3.94e-06,26.0,0.00010244
GNT/BTC,1577716665943,2019-12-30T14:37:45.943Z,sell,3.91e-06,28.0,0.0001094799999999
GNT/BTC,1577716981899,2019-12-30T14:43:01.899Z,buy,3.94e-06,832.0,0.00327808
GNT/BTC,1577717709297,2019-12-30T14:55:09.297Z,buy,3.93e-06,2481.0,0.00975033
GNT/BTC,1577717712477,2019-12-30T14:55:12.477Z,buy,3.93e-06,410.0,0.0016112999999999
GNT/BTC,1577717716353,2019-12-30T14:55:16.353Z,buy,3.93e-06,617.0,0.00242481
GNT/BTC,1577717744264,2019-12-30T14:55:44.264Z,buy,3.94e-06,12690.0,0.0499986
GNT/BTC,1577717806579,2019-12-30T14:56:46.579Z,buy,3.94e-06,126.0,0.00049644
GNT/BTC,1577718083880,2019-12-30T15:01:23.880Z,sell,3.93e-06,396.0,0.00155628
GNT/BTC,1577718084144,2019-12-30T15:01:24.144Z,sell,3.93e-06,545.0,0.00214185
GNT/BTC,1577718086427,2019-12-30T15:01:26.427Z,buy,3.94e-06,126.0,0.00049644
GNT/BTC,1577718087241,2019-12-30T15:01:27.241Z,sell,3.93e-06,126.0,0.0004951799999999
GNT/BTC,1577718097143,2019-12-30T15:01:37.143Z,sell,3.93e-06,189.0,0.0007427699999999
GNT/BTC,1577718123197,2019-12-30T15:02:03.197Z,sell,3.93e-06,512.0,0.00201216
GNT/BTC,1577718123197,2019-12-30T15:02:03.197Z,sell,3.93e-06,512.0,0.00201216
GNT/BTC,1577718729012,2019-12-30T15:12:09.012Z,sell,3.93e-06,1152.0,0.0045273599999999
GNT/BTC,1577718731314,2019-12-30T15:12:11.314Z,sell,3.93e-06,2190.0,0.0086066999999999
GNT/BTC,1577718905312,2019-12-30T15:15:05.312Z,sell,3.92e-06,30.0,0.0001175999999999
GNT/BTC,1577719181872,2019-12-30T15:19:41.872Z,buy,3.94e-06,49.0,0.00019306
GNT/BTC,1577720891625,2019-12-30T15:48:11.625Z,buy,3.93e-06,37.0,0.0001454099999999
GNT/BTC,1577721101863,2019-12-30T15:51:41.863Z,buy,3.93e-06,1109.0,0.0043583699999999
GNT/BTC,1577721103706,2019-12-30T15:51:43.706Z,buy,3.94e-06,3891.0,0.01533054
GNT/BTC,1577721106638,2019-12-30T15:51:46.638Z,buy,3.94e-06,1250.0,0.004925
GNT/BTC,1577721321727,2019-12-30T15:55:21.727Z,sell,3.93e-06,933.0,0.00366669
GNT/BTC,1577721321727,2019-12-30T15:55:21.727Z,sell,3.92e-06,1120.0,0.0043904
GNT/BTC,1577721324556,2019-12-30T15:55:24.556Z,buy,3.93e-06,538.0,0.0021143399999999
GNT/BTC,1577721331144,2019-12-30T15:55:31.144Z,buy,3.93e-06,538.0,0.0021143399999999
GNT/BTC,1577721352650,2019-12-30T15:55:52.650Z,sell,3.91e-06,200.0,0.0007819999999999
GNT/BTC,1577721449293,2019-12-30T15:57:29.293Z,buy,3.93e-06,44.0,0.00017292
GNT/BTC,1577721449293,2019-12-30T15:57:29.293Z,buy,3.94e-06,1048.0,0.00412912
GNT/BTC,1577721449435,2019-12-30T15:57:29.435Z,buy,3.93e-06,100.0,0.0003929999999999
GNT/BTC,1577721449577,2019-12-30T15:57:29.577Z,buy,3.93e-06,1853.0,0.0072822899999999
GNT/BTC,1577721449720,2019-12-30T15:57:29.720Z,buy,3.93e-06,74.0,0.0002908199999999
GNT/BTC,1577721449868,2019-12-30T15:57:29.868Z,buy,3.93e-06,214.0,0.0008410199999999
GNT/BTC,1577721449868,2019-12-30T15:57:29.868Z,buy,3.94e-06,1788.0,0.00704472
GNT/BTC,1577721450023,2019-12-30T15:57:30.023Z,buy,3.94e-06,170.0,0.0006698
GNT/BTC,1577721450173,2019-12-30T15:57:30.173Z,buy,3.94e-06,14659.0,0.05775646
GNT/BTC,1577721450315,2019-12-30T15:57:30.315Z,buy,3.94e-06,65.0,0.0002561
GNT/BTC,1577721453940,2019-12-30T15:57:33.940Z,sell,3.93e-06,126.0,0.0004951799999999
GNT/BTC,1577721590539,2019-12-30T15:59:50.539Z,buy,3.94e-06,506.0,0.00199364
GNT/BTC,1577721590646,2019-12-30T15:59:50.646Z,buy,3.94e-06,2565.0,0.0101061
GNT/BTC,1577721594107,2019-12-30T15:59:54.107Z,buy,3.94e-06,506.0,0.00199364
GNT/BTC,1577721594204,2019-12-30T15:59:54.204Z,buy,3.94e-06,8331.0,0.03282414
GNT/BTC,1577721597865,2019-12-30T15:59:57.865Z,buy,3.94e-06,506.0,0.00199364
GNT/BTC,1577721597971,2019-12-30T15:59:57.971Z,buy,3.94e-06,506.0,0.00199364
GNT/BTC,1577721602514,2019-12-30T16:00:02.514Z,buy,3.94e-06,506.0,0.00199364
GNT/BTC,1577721602612,2019-12-30T16:00:02.612Z,buy,3.94e-06,506.0,0.00199364
GNT/BTC,1577721602707,2019-12-30T16:00:02.707Z,buy,3.94e-06,4651.0,0.01832494
GNT/BTC,1577721602725,2019-12-30T16:00:02.725Z,buy,3.94e-06,868.0,0.00341992
GNT/BTC,1577721602740,2019-12-30T16:00:02.740Z,buy,3.94e-06,7890.0,0.0310866
GNT/BTC,1577721602740,2019-12-30T16:00:02.740Z,buy,3.94e-06,7890.0,0.0310866
GNT/BTC,1577721798460,2019-12-30T16:03:18.460Z,buy,3.95e-06,4496.0,0.0177592
GNT/BTC,1577721801281,2019-12-30T16:03:21.281Z,sell,3.95e-06,1129.0,0.00445955
GNT/BTC,1577721822870,2019-12-30T16:03:42.870Z,buy,3.96e-06,124.0,0.00049104
GNT/BTC,1577722254799,2019-12-30T16:10:54.799Z,sell,3.94e-06,415.0,0.0016351
GNT/BTC,1577722430258,2019-12-30T16:13:50.258Z,buy,3.95e-06,392.0,0.0015484
GNT/BTC,1577722430268,2019-12-30T16:13:50.268Z,buy,3.95e-06,377.0,0.00148915
GNT/BTC,1577722430360,2019-12-30T16:13:50.360Z,buy,3.95e-06,127.0,0.00050165
GNT/BTC,1577722430458,2019-12-30T16:13:50.458Z,buy,3.95e-06,2113.0,0.00834635
GNT/BTC,1577722430580,2019-12-30T16:13:50.580Z,buy,3.95e-06,2058.0,0.0081291
GNT/BTC,1577722430668,2019-12-30T16:13:50.668Z,buy,3.95e-06,176.0,0.0006952
GNT/BTC,1577722501874,2019-12-30T16:15:01.874Z,sell,3.94e-06,84.0,0.00033096
GNT/BTC,1577722896030,2019-12-30T16:21:36.030Z,buy,3.96e-06,4966.0,0.01966536
GNT/BTC,1577722896052,2019-12-30T16:21:36.052Z,buy,3.96e-06,2982.0,0.01180872
GNT/BTC,1577723023097,2019-12-30T16:23:43.097Z,sell,3.96e-06,71.0,0.00028116
GNT/BTC,1577723159894,2019-12-30T16:25:59.894Z,buy,3.97e-06,575.0,0.00228275
GNT/BTC,1577723159894,2019-12-30T16:25:59.894Z,buy,3.98e-06,1456.0,0.00579488
GNT/BTC,1577723852758,2019-12-30T16:37:32.758Z,buy,3.97e-06,1284.0,0.00509748
GNT/BTC,1577723853129,2019-12-30T16:37:33.129Z,buy,3.98e-06,1117.0,0.00444566
GNT/BTC,1577724429497,2019-12-30T16:47:09.497Z,buy,3.98e-06,3636.0,0.01447128
GNT/BTC,1577724450497,2019-12-30T16:47:30.497Z,buy,3.98e-06,4545.0,0.0180891
GNT/BTC,1577724471376,2019-12-30T16:47:51.376Z,buy,3.98e-06,3636.0,0.01447128
GNT/BTC,1577724472814,2019-12-30T16:47:52.814Z,buy,3.98e-06,3636.0,0.01447128
GNT/BTC,1577724501977,2019-12-30T16:48:21.977Z,sell,3.96e-06,1976.0,0.00782496
GNT/BTC,1577724815658,2019-12-30T16:53:35.658Z,buy,3.98e-06,152.0,0.00060496
GNT/BTC,1577724815658,2019-12-30T16:53:35.658Z,buy,3.99e-06,1485.0,0.00592515
GNT/BTC,1577724816923,2019-12-30T16:53:36.923Z,buy,3.98e-06,126.0,0.00050148
GNT/BTC,1577724820099,2019-12-30T16:53:40.099Z,sell,3.97e-06,126.0,0.00050022
GNT/BTC,1577724851317,2019-12-30T16:54:11.317Z,buy,3.98e-06,2178.0,0.00866844
GNT/BTC,1577724936854,2019-12-30T16:55:36.854Z,buy,3.98e-06,3495.0,0.0139101
GNT/BTC,1577724937569,2019-12-30T16:55:37.569Z,sell,3.98e-06,100.0,0.000398
GNT/BTC,1577725093114,2019-12-30T16:58:13.114Z,sell,3.98e-06,73.0,0.00029054
GNT/BTC,1577725093114,2019-12-30T16:58:13.114Z,sell,3.97e-06,1429.0,0.00567313
GNT/BTC,1577725093114,2019-12-30T16:58:13.114Z,sell,3.96e-06,2089.0,0.00827244
GNT/BTC,1577725094738,2019-12-30T16:58:14.738Z,sell,3.97e-06,96.0,0.00038112
GNT/BTC,1577725094738,2019-12-30T16:58:14.738Z,sell,3.97e-06,96.0,0.00038112
GNT/BTC,1577725408966,2019-12-30T17:03:28.966Z,buy,3.98e-06,426.0,0.00169548
GNT/BTC,1577725450554,2019-12-30T17:04:10.554Z,buy,3.98e-06,5442.0,0.02165916
GNT/BTC,1577725450554,2019-12-30T17:04:10.554Z,buy,3.99e-06,12740.0,0.0508326
GNT/BTC,1577725569694,2019-12-30T17:06:09.694Z,sell,3.98e-06,126.0,0.00050148
GNT/BTC,1577725744901,2019-12-30T17:09:04.901Z,sell,3.96e-06,346.0,0.00137016
GNT/BTC,1577726101051,2019-12-30T17:15:01.051Z,sell,3.96e-06,56.0,0.00022176
GNT/BTC,1577726162633,2019-12-30T17:16:02.633Z,buy,3.98e-06,126.0,0.00050148
GNT/BTC,1577726162633,2019-12-30T17:16:02.633Z,buy,3.99e-06,8965.0,0.03577035
GNT/BTC,1577726521628,2019-12-30T17:22:01.628Z,buy,3.99e-06,89.0,0.00035511
GNT/BTC,1577726526155,2019-12-30T17:22:06.155Z,buy,3.99e-06,182.0,0.00072618
GNT/BTC,1577726549493,2019-12-30T17:22:29.493Z,buy,3.99e-06,1820.0,0.0072618
GNT/BTC,1577726566596,2019-12-30T17:22:46.596Z,buy,3.99e-06,1820.0,0.0072618
GNT/BTC,1577726575461,2019-12-30T17:22:55.461Z,buy,3.99e-06,323.0,0.00128877
GNT/BTC,1577726575461,2019-12-30T17:22:55.461Z,buy,4e-06,1497.0,0.0059879999999999
GNT/BTC,1577726577183,2019-12-30T17:22:57.183Z,sell,3.98e-06,126.0,0.00050148
GNT/BTC,1577726577662,2019-12-30T17:22:57.662Z,sell,3.99e-06,426.0,0.00169974
GNT/BTC,1577726578785,2019-12-30T17:22:58.785Z,buy,3.98e-06,316.0,0.00125768
GNT/BTC,1577726585163,2019-12-30T17:23:05.163Z,buy,3.99e-06,1820.0,0.0072618
GNT/BTC,1577726585957,2019-12-30T17:23:05.957Z,sell,3.98e-06,126.0,0.00050148
GNT/BTC,1577726623397,2019-12-30T17:23:43.397Z,buy,3.98e-06,1311.0,0.00521778
GNT/BTC,1577726623397,2019-12-30T17:23:43.397Z,buy,3.99e-06,7787.0,0.0310701299999999
GNT/BTC,1577726624746,2019-12-30T17:23:44.746Z,sell,3.98e-06,126.0,0.00050148
GNT/BTC,1577726631025,2019-12-30T17:23:51.025Z,buy,3.99e-06,126.0,0.00050274
GNT/BTC,1577726631025,2019-12-30T17:23:51.025Z,buy,4e-06,3242.0,0.0129679999999999
GNT/BTC,1577726631804,2019-12-30T17:23:51.804Z,sell,3.98e-06,126.0,0.00050148
GNT/BTC,1577726681564,2019-12-30T17:24:41.564Z,buy,3.99e-06,3070.0,0.0122493
GNT/BTC,1577726682218,2019-12-30T17:24:42.218Z,sell,3.98e-06,126.0,0.00050148
GNT/BTC,1577726904676,2019-12-30T17:28:24.676Z,buy,3.99e-06,421.0,0.00167979
GNT/BTC,1577726940549,2019-12-30T17:29:00.549Z,sell,3.98e-06,126.0,0.00050148
GNT/BTC,1577726940549,2019-12-30T17:29:00.549Z,sell,3.97e-06,1555.0,0.00617335
GNT/BTC,1577726941998,2019-12-30T17:29:01.998Z,buy,3.99e-06,4286.0,0.01710114
GNT/BTC,1577726942703,2019-12-30T17:29:02.703Z,buy,3.99e-06,552.0,0.00220248
GNT/BTC,1577726942703,2019-12-30T17:29:02.703Z,buy,4e-06,31848.0,0.127392
GNT/BTC,1577726953242,2019-12-30T17:29:13.242Z,sell,3.98e-06,126.0,0.00050148
GNT/BTC,1577726954487,2019-12-30T17:29:14.487Z,buy,3.99e-06,2114.0,0.00843486
GNT/BTC,1577726955457,2019-12-30T17:29:15.457Z,sell,3.98e-06,126.0,0.00050148
GNT/BTC,1577726955760,2019-12-30T17:29:15.760Z,buy,4e-06,2114.0,0.008456
GNT/BTC,1577727301042,2019-12-30T17:35:01.042Z,buy,3.99e-06,126.0,0.00050274
GNT/BTC,1577727301042,2019-12-30T17:35:01.042Z,buy,4e-06,181.0,0.0007239999999999
GNT/BTC,1577727432941,2019-12-30T17:37:12.941Z,buy,4e-06,1250.0,0.005
GNT/BTC,1577727486949,2019-12-30T17:38:06.949Z,buy,4e-06,244.0,0.000976
GNT/BTC,1577727523950,2019-12-30T17:38:43.950Z,sell,3.98e-06,85.0,0.0003383
GNT/BTC,1577727541638,2019-12-30T17:39:01.638Z,sell,3.98e-06,41.0,0.00016318
GNT/BTC,1577727842409,2019-12-30T17:44:02.409Z,buy,3.98e-06,235.0,0.0009353
GNT/BTC,1577727842409,2019-12-30T17:44:02.409Z,buy,3.99e-06,5126.0,0.02045274
GNT/BTC,1577727843260,2019-12-30T17:44:03.260Z,buy,3.99e-06,157.0,0.00062643
GNT/BTC,1577727843260,2019-12-30T17:44:03.260Z,buy,4e-06,2118.0,0.008472
GNT/BTC,1577728109183,2019-12-30T17:48:29.183Z,sell,3.98e-06,126.0,0.00050148
GNT/BTC,1577728199361,2019-12-30T17:49:59.361Z,sell,3.97e-06,129.0,0.00051213
GNT/BTC,1577728520829,2019-12-30T17:55:20.829Z,buy,3.99e-06,1338.0,0.00533862
GNT/BTC,1577728521766,2019-12-30T17:55:21.766Z,buy,4e-06,1338.0,0.005352
GNT/BTC,1577728521766,2019-12-30T17:55:21.766Z,buy,4e-06,1338.0,0.005352
GNT/BTC,1577729073544,2019-12-30T18:04:33.544Z,sell,3.98e-06,918.0,0.00365364
GNT/BTC,1577729213362,2019-12-30T18:06:53.362Z,sell,3.97e-06,954.0,0.00378738
GNT/BTC,1577729248374,2019-12-30T18:07:28.374Z,buy,3.98e-06,43.0,0.00017114
GNT/BTC,1577729490542,2019-12-30T18:11:30.542Z,buy,3.98e-06,45.0,0.0001791
GNT/BTC,1577729547267,2019-12-30T18:12:27.267Z,buy,3.98e-06,844.0,0.00335912
GNT/BTC,1577729548576,2019-12-30T18:12:28.576Z,buy,3.98e-06,2825.0,0.0112435
GNT/BTC,1577729548594,2019-12-30T18:12:28.594Z,buy,3.98e-06,616.0,0.00245168
GNT/BTC,1577729550473,2019-12-30T18:12:30.473Z,buy,3.99e-06,552.0,0.00220248
GNT/BTC,1577729689606,2019-12-30T18:14:49.606Z,sell,3.99e-06,1000.0,0.00399
GNT/BTC,1577729702844,2019-12-30T18:15:02.844Z,sell,3.99e-06,87.0,0.00034713
GNT/BTC,1577729834152,2019-12-30T18:17:14.152Z,sell,3.99e-06,1156.0,0.00461244
GNT/BTC,1577729835762,2019-12-30T18:17:15.762Z,sell,3.99e-06,1000.0,0.00399
GNT/BTC,1577729835777,2019-12-30T18:17:15.777Z,sell,3.99e-06,1169.0,0.00466431
GNT/BTC,1577729838818,2019-12-30T18:17:18.818Z,sell,3.99e-06,1002.0,0.00399798
GNT/BTC,1577729840916,2019-12-30T18:17:20.916Z,sell,3.99e-06,1271.0,0.00507129
GNT/BTC,1577729841376,2019-12-30T18:17:21.376Z,sell,3.99e-06,846.0,0.00337554
GNT/BTC,1577729841376,2019-12-30T18:17:21.376Z,sell,3.98e-06,154.0,0.00061292
GNT/BTC,1577729841999,2019-12-30T18:17:21.999Z,sell,3.99e-06,126.0,0.00050274
GNT/BTC,1577729842014,2019-12-30T18:17:22.014Z,sell,3.99e-06,1666.0,0.00664734
GNT/BTC,1577729842307,2019-12-30T18:17:22.307Z,sell,3.99e-06,1000.0,0.00399
GNT/BTC,1577729843228,2019-12-30T18:17:23.228Z,sell,3.99e-06,792.0,0.00316008
GNT/BTC,1577729845796,2019-12-30T18:17:25.796Z,sell,3.98e-06,1000.0,0.00398
GNT/BTC,1577729862129,2019-12-30T18:17:42.129Z,sell,3.99e-06,1659.0,0.00661941
GNT/BTC,1577729865539,2019-12-30T18:17:45.539Z,sell,3.99e-06,1449.0,0.00578151
GNT/BTC,1577729865602,2019-12-30T18:17:45.602Z,sell,3.99e-06,1594.0,0.00636006
GNT/BTC,1577729865602,2019-12-30T18:17:45.602Z,sell,3.98e-06,65.0,0.0002587
GNT/BTC,1577729869046,2019-12-30T18:17:49.046Z,sell,3.99e-06,1594.0,0.00636006
GNT/BTC,1577729871648,2019-12-30T18:17:51.648Z,sell,3.99e-06,1594.0,0.00636006
GNT/BTC,1577729875844,2019-12-30T18:17:55.844Z,sell,3.99e-06,1084.0,0.00432516
GNT/BTC,1577729880753,2019-12-30T18:18:00.753Z,sell,3.99e-06,1353.0,0.00539847
GNT/BTC,1577729880761,2019-12-30T18:18:00.761Z,sell,3.99e-06,147.0,0.00058653
GNT/BTC,1577729880871,2019-12-30T18:18:00.871Z,buy,4e-06,9.0,3.6e-05
GNT/BTC,1577729885947,2019-12-30T18:18:05.947Z,sell,3.99e-06,1480.0,0.0059052
GNT/BTC,1577729887352,2019-12-30T18:18:07.352Z,sell,3.99e-06,1111.0,0.00443289
GNT/BTC,1577729889453,2019-12-30T18:18:09.453Z,sell,3.99e-06,764.0,0.00304836
GNT/BTC,1577729890551,2019-12-30T18:18:10.551Z,sell,3.99e-06,530.0,0.0021146999999999
GNT/BTC,1577729891562,2019-12-30T18:18:11.562Z,sell,3.99e-06,368.0,0.00146832
GNT/BTC,1577729929859,2019-12-30T18:18:49.859Z,buy,4e-06,11887.0,0.047548
GNT/BTC,1577729930168,2019-12-30T18:18:50.168Z,buy,4e-06,11343.0,0.0453719999999999
GNT/BTC,1577729930262,2019-12-30T18:18:50.262Z,buy,4e-06,9014.0,0.036056
GNT/BTC,1577729930378,2019-12-30T18:18:50.378Z,buy,4e-06,499.0,0.001996
GNT/BTC,1577729930499,2019-12-30T18:18:50.499Z,buy,4e-06,7503.0,0.0300119999999999
GNT/BTC,1577729943516,2019-12-30T18:19:03.516Z,sell,3.99e-06,426.0,0.00169974
GNT/BTC,1577730223300,2019-12-30T18:23:43.300Z,sell,3.98e-06,26.0,0.00010348
GNT/BTC,1577730476383,2019-12-30T18:27:56.383Z,sell,3.98e-06,28.0,0.00011144
GNT/BTC,1577730489497,2019-12-30T18:28:09.497Z,buy,3.99e-06,27.0,0.00010773
GNT/BTC,1577730714964,2019-12-30T18:31:54.964Z,buy,3.99e-06,1102.0,0.00439698
GNT/BTC,1577730716524,2019-12-30T18:31:56.524Z,buy,3.99e-06,2258.0,0.00900942
GNT/BTC,1577730717159,2019-12-30T18:31:57.159Z,buy,4e-06,2258.0,0.009032
GNT/BTC,1577730854583,2019-12-30T18:34:14.583Z,buy,3.99e-06,4400.0,0.017556
GNT/BTC,1577731176033,2019-12-30T18:39:36.033Z,buy,3.99e-06,4400.0,0.017556
GNT/BTC,1577731215102,2019-12-30T18:40:15.102Z,buy,3.99e-06,4400.0,0.017556
GNT/BTC,1577731215102,2019-12-30T18:40:15.102Z,buy,3.99e-06,4400.0,0.017556
GNT/BTC,1577732875153,2019-12-30T19:07:55.153Z,buy,3.99e-06,5786.0,0.0230861399999999
GNT/BTC,1577732875153,2019-12-30T19:07:55.153Z,buy,4e-06,14229.0,0.0569159999999999
GNT/BTC,1577733301912,2019-12-30T19:15:01.912Z,sell,3.98e-06,904.0,0.00359792
GNT/BTC,1577733302437,2019-12-30T19:15:02.437Z,sell,3.98e-06,297.0,0.00118206
GNT/BTC,1577733303603,2019-12-30T19:15:03.603Z,sell,3.98e-06,38.0,0.00015124
GNT/BTC,1577733305445,2019-12-30T19:15:05.445Z,sell,3.98e-06,949.0,0.00377702
GNT/BTC,1577733306992,2019-12-30T19:15:06.992Z,sell,3.98e-06,49.0,0.00019502
GNT/BTC,1577733312466,2019-12-30T19:15:12.466Z,buy,3.99e-06,10.0,3.99e-05
GNT/BTC,1577733313658,2019-12-30T19:15:13.658Z,sell,3.98e-06,53.0,0.00021094
GNT/BTC,1577733327181,2019-12-30T19:15:27.181Z,buy,3.99e-06,1430.0,0.0057057
GNT/BTC,1577733328159,2019-12-30T19:15:28.159Z,buy,3.99e-06,904.0,0.0036069599999999
GNT/BTC,1577733328159,2019-12-30T19:15:28.159Z,buy,4e-06,526.0,0.002104
GNT/BTC,1577733328615,2019-12-30T19:15:28.615Z,buy,4e-06,904.0,0.003616
GNT/BTC,1577733329051,2019-12-30T19:15:29.051Z,sell,3.99e-06,426.0,0.00169974
GNT/BTC,1577733371094,2019-12-30T19:16:11.094Z,sell,3.99e-06,26.0,0.0001037399999999
GNT/BTC,1577733523752,2019-12-30T19:18:43.752Z,sell,3.98e-06,124.0,0.00049352
GNT/BTC,1577733626075,2019-12-30T19:20:26.075Z,buy,4e-06,400.0,0.0015999999999999
GNT/BTC,1577733823762,2019-12-30T19:23:43.762Z,sell,3.98e-06,126.0,0.00050148
GNT/BTC,1577733972956,2019-12-30T19:26:12.956Z,sell,3.98e-06,985.0,0.0039203
GNT/BTC,1577733973130,2019-12-30T19:26:13.130Z,buy,3.98e-06,34.0,0.00013532
GNT/BTC,1577733973795,2019-12-30T19:26:13.795Z,buy,3.98e-06,6966.0,0.02772468
GNT/BTC,1577733974744,2019-12-30T19:26:14.744Z,buy,3.98e-06,2264.0,0.00901072
GNT/BTC,1577733975490,2019-12-30T19:26:15.490Z,buy,3.98e-06,2288.0,0.00910624
GNT/BTC,1577733975490,2019-12-30T19:26:15.490Z,buy,3.99e-06,126.0,0.00050274
GNT/BTC,1577733975490,2019-12-30T19:26:15.490Z,buy,4e-06,1802.0,0.007208
GNT/BTC,1577733975490,2019-12-30T19:26:15.490Z,buy,4.01e-06,336.0,0.00134736
GNT/BTC,1577733975503,2019-12-30T19:26:15.503Z,sell,4e-06,226.0,0.000904
GNT/BTC,1577733975782,2019-12-30T19:26:15.782Z,sell,4e-06,279.0,0.001116
GNT/BTC,1577733976684,2019-12-30T19:26:16.684Z,buy,4.01e-06,2288.0,0.00917488
GNT/BTC,1577733977841,2019-12-30T19:26:17.841Z,sell,3.99e-06,552.0,0.00220248
GNT/BTC,1577734011684,2019-12-30T19:26:51.684Z,sell,3.98e-06,378.0,0.00150444
GNT/BTC,1577734012649,2019-12-30T19:26:52.649Z,buy,4e-06,476.0,0.0019039999999999
GNT/BTC,1577734013363,2019-12-30T19:26:53.363Z,sell,3.99e-06,426.0,0.00169974
GNT/BTC,1577734037139,2019-12-30T19:27:17.139Z,buy,4e-06,378.0,0.0015119999999999
GNT/BTC,1577734085134,2019-12-30T19:28:05.134Z,sell,3.99e-06,3457.0,0.0137934299999999
GNT/BTC,1577734151376,2019-12-30T19:29:11.376Z,sell,3.98e-06,857.0,0.00341086
GNT/BTC,1577734151376,2019-12-30T19:29:11.376Z,sell,3.97e-06,11740.0,0.0466078
GNT/BTC,1577734151518,2019-12-30T19:29:11.518Z,buy,3.97e-06,5000.0,0.01985
GNT/BTC,1577734151518,2019-12-30T19:29:11.518Z,buy,3.97e-06,226.0,0.00089722
GNT/BTC,1577734151568,2019-12-30T19:29:11.568Z,buy,3.97e-06,2027.0,0.00804719
GNT/BTC,1577734151571,2019-12-30T19:29:11.571Z,buy,3.97e-06,41.0,0.00016277
GNT/BTC,1577734151608,2019-12-30T19:29:11.608Z,buy,3.97e-06,226.0,0.00089722
GNT/BTC,1577734151718,2019-12-30T19:29:11.718Z,buy,3.97e-06,226.0,0.00089722
GNT/BTC,1577734151823,2019-12-30T19:29:11.823Z,buy,3.97e-06,226.0,0.00089722
GNT/BTC,1577734151854,2019-12-30T19:29:11.854Z,buy,3.97e-06,844.0,0.00335068
GNT/BTC,1577734151931,2019-12-30T19:29:11.931Z,buy,3.97e-06,6980.0,0.0277106
GNT/BTC,1577734151938,2019-12-30T19:29:11.938Z,buy,3.97e-06,226.0,0.00089722
GNT/BTC,1577734152041,2019-12-30T19:29:12.041Z,buy,3.97e-06,57.0,0.00022629
GNT/BTC,1577734152761,2019-12-30T19:29:12.761Z,buy,3.97e-06,281.0,0.00111557
GNT/BTC,1577734152998,2019-12-30T19:29:12.998Z,buy,3.97e-06,6980.0,0.0277106
GNT/BTC,1577734153864,2019-12-30T19:29:13.864Z,buy,3.97e-06,6980.0,0.0277106
GNT/BTC,1577734155051,2019-12-30T19:29:15.051Z,buy,3.97e-06,6980.0,0.0277106
GNT/BTC,1577734155707,2019-12-30T19:29:15.707Z,buy,3.97e-06,710.0,0.0028187
GNT/BTC,1577734156562,2019-12-30T19:29:16.562Z,buy,3.97e-06,6980.0,0.0277106
GNT/BTC,1577734157482,2019-12-30T19:29:17.482Z,buy,3.97e-06,6980.0,0.0277106
GNT/BTC,1577734158422,2019-12-30T19:29:18.422Z,buy,3.97e-06,6980.0,0.0277106
GNT/BTC,1577734159479,2019-12-30T19:29:19.479Z,buy,3.97e-06,6980.0,0.0277106
GNT/BTC,1577734160018,2019-12-30T19:29:20.018Z,buy,3.97e-06,5402.0,0.02144594
GNT/BTC,1577734160648,2019-12-30T19:29:20.648Z,buy,3.97e-06,2292.0,0.00909924
GNT/BTC,1577734161391,2019-12-30T19:29:21.391Z,buy,3.97e-06,6980.0,0.0277106
GNT/BTC,1577734162162,2019-12-30T19:29:22.162Z,buy,3.97e-06,2729.0,0.01083413
GNT/BTC,1577734162875,2019-12-30T19:29:22.875Z,buy,3.97e-06,6726.0,0.02670222
GNT/BTC,1577734163521,2019-12-30T19:29:23.521Z,buy,3.97e-06,796.0,0.00316012
GNT/BTC,1577734164938,2019-12-30T19:29:24.938Z,buy,3.97e-06,796.0,0.00316012
GNT/BTC,1577734165984,2019-12-30T19:29:25.984Z,buy,3.97e-06,636.0,0.00252492
GNT/BTC,1577734166530,2019-12-30T19:29:26.530Z,buy,3.97e-06,6980.0,0.0277106
GNT/BTC,1577734167151,2019-12-30T19:29:27.151Z,buy,3.97e-06,6980.0,0.0277106
GNT/BTC,1577734167788,2019-12-30T19:29:27.788Z,buy,3.97e-06,1755.0,0.00696735
GNT/BTC,1577734168831,2019-12-30T19:29:28.831Z,buy,3.97e-06,6556.0,0.02602732
GNT/BTC,1577734169457,2019-12-30T19:29:29.457Z,buy,3.97e-06,1485.0,0.00589545
GNT/BTC,1577734171956,2019-12-30T19:29:31.956Z,buy,3.97e-06,1000.0,0.00397
GNT/BTC,1577734174288,2019-12-30T19:29:34.288Z,buy,3.97e-06,3500.0,0.013895
GNT/BTC,1577734176219,2019-12-30T19:29:36.219Z,buy,3.97e-06,906.0,0.00359682
GNT/BTC,1577734177384,2019-12-30T19:29:37.384Z,buy,3.97e-06,20015.0,0.07945955
GNT/BTC,1577734177714,2019-12-30T19:29:37.714Z,buy,3.97e-06,3161.0,0.01254917
GNT/BTC,1577734178350,2019-12-30T19:29:38.350Z,buy,3.97e-06,2500.0,0.009925
GNT/BTC,1577734180289,2019-12-30T19:29:40.289Z,buy,3.97e-06,3500.0,0.013895
GNT/BTC,1577734182554,2019-12-30T19:29:42.554Z,buy,3.97e-06,1250.0,0.0049625
GNT/BTC,1577734182565,2019-12-30T19:29:42.565Z,buy,3.97e-06,6737.0,0.02674589
GNT/BTC,1577734183260,2019-12-30T19:29:43.260Z,buy,3.97e-06,3434.0,0.01363298
GNT/BTC,1577734185629,2019-12-30T19:29:45.629Z,buy,3.97e-06,625.0,0.00248125
GNT/BTC,1577734187980,2019-12-30T19:29:47.980Z,buy,3.97e-06,937.0,0.00371989
GNT/BTC,1577734188085,2019-12-30T19:29:48.085Z,buy,3.97e-06,5675.0,0.02252975
GNT/BTC,1577734391688,2019-12-30T19:33:11.688Z,sell,3.97e-06,100.0,0.000397
GNT/BTC,1577734392484,2019-12-30T19:33:12.484Z,sell,3.97e-06,2215.0,0.00879355
GNT/BTC,1577734417008,2019-12-30T19:33:37.008Z,buy,3.99e-06,1661.0,0.0066273899999999
GNT/BTC,1577734417008,2019-12-30T19:33:37.008Z,buy,4e-06,9970.0,0.03988
GNT/BTC,1577734417008,2019-12-30T19:33:37.008Z,buy,4.01e-06,8384.0,0.03361984
GNT/BTC,1577734432586,2019-12-30T19:33:52.586Z,sell,3.99e-06,1691.0,0.00674709
GNT/BTC,1577734433378,2019-12-30T19:33:53.378Z,sell,3.99e-06,2200.0,0.008778
GNT/BTC,1577734464033,2019-12-30T19:34:24.033Z,sell,3.99e-06,48.0,0.0001915199999999
GNT/BTC,1577734731994,2019-12-30T19:38:51.994Z,sell,3.98e-06,126.0,0.00050148
GNT/BTC,1577734731998,2019-12-30T19:38:51.998Z,buy,4e-06,9.0,3.6e-05
GNT/BTC,1577734731998,2019-12-30T19:38:51.998Z,buy,4e-06,9.0,3.6e-05
GNT/BTC,1577735092877,2019-12-30T19:44:52.877Z,buy,3.99e-06,42.0,0.00016758
GNT/BTC,1577735094694,2019-12-30T19:44:54.694Z,buy,3.99e-06,84.0,0.00033516
GNT/BTC,1577735094694,2019-12-30T19:44:54.694Z,buy,4e-06,89.0,0.000356
GNT/BTC,1577735426450,2019-12-30T19:50:26.450Z,sell,3.98e-06,727.0,0.00289346
GNT/BTC,1577735819554,2019-12-30T19:56:59.554Z,buy,3.99e-06,26.0,0.0001037399999999
GNT/BTC,1577736129818,2019-12-30T20:02:09.818Z,sell,3.98e-06,360.0,0.0014328
GNT/BTC,1577736172738,2019-12-30T20:02:52.738Z,sell,3.98e-06,720.0,0.0028656
GNT/BTC,1577736172949,2019-12-30T20:02:52.949Z,sell,3.98e-06,59.0,0.00023482
GNT/BTC,1577736172952,2019-12-30T20:02:52.952Z,sell,3.98e-06,64.0,0.00025472
GNT/BTC,1577736500395,2019-12-30T20:08:20.395Z,sell,3.98e-06,26.0,0.00010348
GNT/BTC,1577736924465,2019-12-30T20:15:24.465Z,buy,3.99e-06,27.0,0.00010773
GNT/BTC,1577737261619,2019-12-30T20:21:01.619Z,sell,3.98e-06,903.0,0.00359394
GNT/BTC,1577737264628,2019-12-30T20:21:04.628Z,sell,3.98e-06,537.0,0.00213726
GNT/BTC,1577737268743,2019-12-30T20:21:08.743Z,sell,3.98e-06,441.0,0.00175518
GNT/BTC,1577737535208,2019-12-30T20:25:35.208Z,buy,3.99e-06,2714.0,0.01082886
GNT/BTC,1577737535227,2019-12-30T20:25:35.227Z,sell,3.99e-06,2286.0,0.00912114
GNT/BTC,1577737598456,2019-12-30T20:26:38.456Z,sell,3.98e-06,1255.0,0.0049949
GNT/BTC,1577737808118,2019-12-30T20:30:08.118Z,buy,3.99e-06,1255.0,0.00500745
GNT/BTC,1577737808118,2019-12-30T20:30:08.118Z,buy,4e-06,5703.0,0.022812
GNT/BTC,1577737808118,2019-12-30T20:30:08.118Z,buy,4.01e-06,417.0,0.00167217
GNT/BTC,1577737809631,2019-12-30T20:30:09.631Z,buy,3.99e-06,426.0,0.00169974
GNT/BTC,1577737809658,2019-12-30T20:30:09.658Z,buy,3.99e-06,126.0,0.00050274
GNT/BTC,1577737824299,2019-12-30T20:30:24.299Z,sell,3.98e-06,1807.0,0.00719186
GNT/BTC,1577738269464,2019-12-30T20:37:49.464Z,sell,3.97e-06,703.0,0.00279091
GNT/BTC,1577738269464,2019-12-30T20:37:49.464Z,sell,3.96e-06,1291.0,0.00511236
GNT/BTC,1577738269464,2019-12-30T20:37:49.464Z,sell,3.97e-06,703.0,0.00279091
GNT/BTC,1577738269464,2019-12-30T20:37:49.464Z,sell,3.96e-06,1291.0,0.00511236
GNT/BTC,1577738501241,2019-12-30T20:41:41.241Z,sell,3.97e-06,323.0,0.00128231
GNT/BTC,1577738526390,2019-12-30T20:42:06.390Z,sell,3.97e-06,334.0,0.00132598
GNT/BTC,1577739032545,2019-12-30T20:50:32.545Z,buy,3.98e-06,126.0,0.00050148
GNT/BTC,1577739032545,2019-12-30T20:50:32.545Z,buy,3.99e-06,46.0,0.00018354
GNT/BTC,1577739723086,2019-12-30T21:02:03.086Z,sell,3.98e-06,3034.0,0.01207532
GNT/BTC,1577739812817,2019-12-30T21:03:32.817Z,sell,3.97e-06,2629.0,0.01043713
GNT/BTC,1577740060047,2019-12-30T21:07:40.047Z,sell,3.97e-06,1500.0,0.005955
GNT/BTC,1577740156691,2019-12-30T21:09:16.691Z,buy,3.99e-06,1168.0,0.00466032
GNT/BTC,1577740321351,2019-12-30T21:12:01.351Z,buy,3.99e-06,584.0,0.00233016
GNT/BTC,1577740332756,2019-12-30T21:12:12.756Z,buy,3.99e-06,1113.0,0.0044408699999999
GNT/BTC,1577740402166,2019-12-30T21:13:22.166Z,buy,3.99e-06,585.0,0.00233415
GNT/BTC,1577740916820,2019-12-30T21:21:56.820Z,sell,3.98e-06,126.0,0.00050148
GNT/BTC,1577741107224,2019-12-30T21:25:07.224Z,buy,3.99e-06,524.0,0.00209076
GNT/BTC,1577741181391,2019-12-30T21:26:21.391Z,sell,3.98e-06,1507.0,0.00599786
GNT/BTC,1577741439327,2019-12-30T21:30:39.327Z,buy,3.98e-06,42.0,0.00016716
GNT/BTC,1577741480236,2019-12-30T21:31:20.236Z,buy,3.99e-06,586.0,0.00233814
GNT/BTC,1577741514592,2019-12-30T21:31:54.592Z,buy,3.99e-06,240.0,0.0009576
GNT/BTC,1577741514592,2019-12-30T21:31:54.592Z,buy,4e-06,346.0,0.001384
GNT/BTC,1577741517036,2019-12-30T21:31:57.036Z,sell,3.98e-06,1480.0,0.0058904
GNT/BTC,1577741577205,2019-12-30T21:32:57.205Z,buy,3.99e-06,586.0,0.00233814
GNT/BTC,1577741678248,2019-12-30T21:34:38.248Z,buy,3.99e-06,556.0,0.00221844
GNT/BTC,1577741678248,2019-12-30T21:34:38.248Z,buy,4e-06,30.0,0.0001199999999999
GNT/BTC,1577741690464,2019-12-30T21:34:50.464Z,sell,3.98e-06,126.0,0.00050148
GNT/BTC,1577741690464,2019-12-30T21:34:50.464Z,sell,3.98e-06,126.0,0.00050148
GNT/BTC,1577742017813,2019-12-30T21:40:17.813Z,sell,3.98e-06,170.0,0.0006766
GNT/BTC,1577742215164,2019-12-30T21:43:35.164Z,buy,3.99e-06,126.0,0.00050274
GNT/BTC,1577742254824,2019-12-30T21:44:14.824Z,buy,4e-06,1440.0,0.0057599999999999
GNT/BTC,1577742304130,2019-12-30T21:45:04.130Z,buy,4e-06,2912.0,0.0116479999999999
GNT/BTC,1577742427501,2019-12-30T21:47:07.501Z,buy,4e-06,91.0,0.0003639999999999
GNT/BTC,1577742469994,2019-12-30T21:47:49.994Z,buy,4e-06,1375.0,0.0055
GNT/BTC,1577742565654,2019-12-30T21:49:25.654Z,sell,3.99e-06,51.0,0.00020349
GNT/BTC,1577742664712,2019-12-30T21:51:04.712Z,buy,4e-06,85.0,0.0003399999999999
GNT/BTC,1577742699407,2019-12-30T21:51:39.407Z,sell,3.99e-06,375.0,0.00149625
GNT/BTC,1577742699407,2019-12-30T21:51:39.407Z,sell,3.98e-06,388.0,0.00154424
GNT/BTC,1577742706250,2019-12-30T21:51:46.250Z,buy,4e-06,426.0,0.001704
GNT/BTC,1577742740478,2019-12-30T21:52:20.478Z,sell,4e-06,397.0,0.001588
GNT/BTC,1577742748816,2019-12-30T21:52:28.816Z,sell,4e-06,208.0,0.000832
GNT/BTC,1577742753480,2019-12-30T21:52:33.480Z,sell,4e-06,189.0,0.0007559999999999
GNT/BTC,1577742787815,2019-12-30T21:53:07.815Z,sell,3.99e-06,1009.0,0.00402591
GNT/BTC,1577743089522,2019-12-30T21:58:09.522Z,buy,4e-06,80.0,0.0003199999999999
GNT/BTC,1577743357136,2019-12-30T22:02:37.136Z,buy,4e-06,2924.0,0.011696
GNT/BTC,1577743365175,2019-12-30T22:02:45.175Z,buy,4e-06,369.0,0.0014759999999999
GNT/BTC,1577743366488,2019-12-30T22:02:46.488Z,buy,4e-06,586.0,0.0023439999999999
GNT/BTC,1577743370733,2019-12-30T22:02:50.733Z,sell,4e-06,238.0,0.0009519999999999
GNT/BTC,1577743376787,2019-12-30T22:02:56.787Z,sell,4e-06,251.0,0.001004
GNT/BTC,1577743453924,2019-12-30T22:04:13.924Z,buy,4e-06,655.0,0.00262
GNT/BTC,1577743453924,2019-12-30T22:04:13.924Z,buy,4.01e-06,879.0,0.00352479
GNT/BTC,1577743459246,2019-12-30T22:04:19.246Z,sell,4e-06,1088.0,0.004352
GNT/BTC,1577743472385,2019-12-30T22:04:32.385Z,buy,4.01e-06,80.0,0.0003208
GNT/BTC,1577743506376,2019-12-30T22:05:06.376Z,buy,4.01e-06,1008.0,0.00404208
GNT/BTC,1577743506391,2019-12-30T22:05:06.391Z,sell,4.01e-06,935.0,0.00374935
GNT/BTC,1577743610514,2019-12-30T22:06:50.514Z,buy,4.01e-06,26.0,0.00010426
GNT/BTC,1577743861507,2019-12-30T22:11:01.507Z,sell,4e-06,1129.0,0.004516
GNT/BTC,1577743883193,2019-12-30T22:11:23.193Z,sell,3.99e-06,2810.0,0.0112119
GNT/BTC,1577743889758,2019-12-30T22:11:29.758Z,buy,4e-06,50.0,0.0001999999999999
GNT/BTC,1577743910459,2019-12-30T22:11:50.459Z,buy,4e-06,89.0,0.000356
GNT/BTC,1577744051810,2019-12-30T22:14:11.810Z,buy,4e-06,58.0,0.000232
GNT/BTC,1577744059494,2019-12-30T22:14:19.494Z,buy,4e-06,86.0,0.0003439999999999
GNT/BTC,1577744292244,2019-12-30T22:18:12.244Z,buy,4e-06,30.0,0.0001199999999999
GNT/BTC,1577744372863,2019-12-30T22:19:32.863Z,buy,4e-06,26.0,0.000104
GNT/BTC,1577744380554,2019-12-30T22:19:40.554Z,buy,4e-06,35.0,0.00014
GNT/BTC,1577744624009,2019-12-30T22:23:44.009Z,sell,3.99e-06,39.0,0.00015561
GNT/BTC,1577744752783,2019-12-30T22:25:52.783Z,buy,4e-06,28.0,0.000112
GNT/BTC,1577744759156,2019-12-30T22:25:59.156Z,sell,3.99e-06,1096.0,0.00437304
GNT/BTC,1577744760670,2019-12-30T22:26:00.670Z,buy,4e-06,53.0,0.000212
GNT/BTC,1577745009920,2019-12-30T22:30:09.920Z,buy,4e-06,19.0,7.599999999999999e-05
GNT/BTC,1577745009920,2019-12-30T22:30:09.920Z,buy,4.01e-06,1255.0,0.0050325499999999
GNT/BTC,1577745009920,2019-12-30T22:30:09.920Z,buy,4.02e-06,858.0,0.0034491599999999
GNT/BTC,1577745009920,2019-12-30T22:30:09.920Z,buy,4e-06,19.0,7.599999999999999e-05
GNT/BTC,1577745009920,2019-12-30T22:30:09.920Z,buy,4.01e-06,1255.0,0.0050325499999999
GNT/BTC,1577745009920,2019-12-30T22:30:09.920Z,buy,4.02e-06,858.0,0.0034491599999999
GNT/BTC,1577745348521,2019-12-30T22:35:48.521Z,sell,4e-06,426.0,0.001704
GNT/BTC,1577745348536,2019-12-30T22:35:48.536Z,sell,3.99e-06,426.0,0.00169974
GNT/BTC,1577745351561,2019-12-30T22:35:51.561Z,sell,3.99e-06,200.0,0.000798
GNT/BTC,1577745352539,2019-12-30T22:35:52.539Z,sell,3.99e-06,49.0,0.00019551
GNT/BTC,1577745355161,2019-12-30T22:35:55.161Z,sell,3.99e-06,1032.0,0.00411768
GNT/BTC,1577745470599,2019-12-30T22:37:50.599Z,buy,4e-06,48.0,0.000192
GNT/BTC,1577745511911,2019-12-30T22:38:31.911Z,sell,3.99e-06,316.0,0.00126084
GNT/BTC,1577745608901,2019-12-30T22:40:08.901Z,sell,3.99e-06,3012.0,0.01201788
GNT/BTC,1577745609124,2019-12-30T22:40:09.124Z,sell,3.99e-06,113.0,0.0004508699999999
GNT/BTC,1577745619636,2019-12-30T22:40:19.636Z,sell,3.98e-06,41.0,0.00016318
GNT/BTC,1577745620522,2019-12-30T22:40:20.522Z,buy,3.99e-06,83.0,0.00033117
GNT/BTC,1577745631043,2019-12-30T22:40:31.043Z,sell,3.98e-06,155.0,0.0006169
GNT/BTC,1577745631526,2019-12-30T22:40:31.526Z,sell,3.98e-06,11255.0,0.0447949
GNT/BTC,1577745631526,2019-12-30T22:40:31.526Z,sell,3.97e-06,16045.0,0.06369865
GNT/BTC,1577745632377,2019-12-30T22:40:32.377Z,sell,3.97e-06,3200.0,0.012704
GNT/BTC,1577745633193,2019-12-30T22:40:33.193Z,sell,3.97e-06,3236.0,0.01284692
GNT/BTC,1577745633193,2019-12-30T22:40:33.193Z,sell,3.96e-06,9164.0,0.03628944
GNT/BTC,1577745633465,2019-12-30T22:40:33.465Z,buy,3.97e-06,259.0,0.00102823
GNT/BTC,1577745639063,2019-12-30T22:40:39.063Z,buy,3.98e-06,1456.0,0.00579488
GNT/BTC,1577745639063,2019-12-30T22:40:39.063Z,buy,3.99e-06,3544.0,0.01414056
GNT/BTC,1577745640256,2019-12-30T22:40:40.256Z,buy,3.98e-06,181.0,0.00072038
GNT/BTC,1577745640259,2019-12-30T22:40:40.259Z,buy,3.98e-06,126.0,0.00050148
GNT/BTC,1577745640391,2019-12-30T22:40:40.391Z,buy,3.98e-06,1951.0,0.00776498
GNT/BTC,1577745640391,2019-12-30T22:40:40.391Z,buy,3.99e-06,8.0,3.192e-05
GNT/BTC,1577745640510,2019-12-30T22:40:40.510Z,sell,3.99e-06,869.0,0.00346731
GNT/BTC,1577745645791,2019-12-30T22:40:45.791Z,buy,3.99e-06,126.0,0.00050274
GNT/BTC,1577745646117,2019-12-30T22:40:46.117Z,sell,3.99e-06,2259.0,0.00901341
GNT/BTC,1577745646234,2019-12-30T22:40:46.234Z,buy,3.99e-06,1209.0,0.00482391
GNT/BTC,1577745654934,2019-12-30T22:40:54.934Z,sell,3.98e-06,208.0,0.00082784
GNT/BTC,1577745869437,2019-12-30T22:44:29.437Z,buy,4e-06,422.0,0.0016879999999999
GNT/BTC,1577745869437,2019-12-30T22:44:29.437Z,buy,4.01e-06,1989.0,0.00797589
GNT/BTC,1577745894216,2019-12-30T22:44:54.216Z,sell,3.99e-06,1209.0,0.00482391
GNT/BTC,1577745904422,2019-12-30T22:45:04.422Z,sell,3.99e-06,1219.0,0.00486381
GNT/BTC,1577746119030,2019-12-30T22:48:39.030Z,sell,3.98e-06,7013.0,0.02791174
GNT/BTC,1577746287274,2019-12-30T22:51:27.274Z,buy,3.98e-06,50.0,0.000199
GNT/BTC,1577746373315,2019-12-30T22:52:53.315Z,buy,3.98e-06,844.0,0.00335912
GNT/BTC,1577746373349,2019-12-30T22:52:53.349Z,buy,3.98e-06,1049.0,0.00417502
GNT/BTC,1577746377971,2019-12-30T22:52:57.971Z,sell,3.98e-06,4608.0,0.01833984
GNT/BTC,1577746378433,2019-12-30T22:52:58.433Z,buy,3.98e-06,285.0,0.0011343
GNT/BTC,1577746382711,2019-12-30T22:53:02.711Z,buy,3.98e-06,1543.0,0.00614114
GNT/BTC,1577746385429,2019-12-30T22:53:05.429Z,buy,3.99e-06,1156.0,0.00461244
GNT/BTC,1577746386645,2019-12-30T22:53:06.645Z,buy,4e-06,1142.0,0.004568
GNT/BTC,1577746387244,2019-12-30T22:53:07.244Z,buy,4e-06,344.0,0.0013759999999999
GNT/BTC,1577746394968,2019-12-30T22:53:14.968Z,buy,4e-06,632.0,0.002528
GNT/BTC,1577746424682,2019-12-30T22:53:44.682Z,sell,3.99e-06,426.0,0.00169974
GNT/BTC,1577746617316,2019-12-30T22:56:57.316Z,sell,3.99e-06,125.0,0.00049875
GNT/BTC,1577747194587,2019-12-30T23:06:34.587Z,sell,3.99e-06,887.0,0.00353913
GNT/BTC,1577747194787,2019-12-30T23:06:34.787Z,sell,3.99e-06,46.0,0.00018354
GNT/BTC,1577747242889,2019-12-30T23:07:22.889Z,buy,4e-06,207.0,0.000828
GNT/BTC,1577747242889,2019-12-30T23:07:22.889Z,buy,4e-06,207.0,0.000828
GNT/BTC,1577749665138,2019-12-30T23:47:45.138Z,buy,3.99e-06,555.0,0.0022144499999999
GNT/BTC,1577749665138,2019-12-30T23:47:45.138Z,buy,4e-06,3196.0,0.012784
GNT/BTC,1577749682159,2019-12-30T23:48:02.159Z,sell,3.99e-06,86.0,0.0003431399999999
GNT/BTC,1577749921511,2019-12-30T23:52:01.511Z,sell,3.99e-06,1008.0,0.00402192
GNT/BTC,1577750460160,2019-12-31T00:01:00.160Z,buy,4e-06,6763.0,0.027052
GNT/BTC,1577750460160,2019-12-31T00:01:00.160Z,buy,4.01e-06,1930.0,0.0077392999999999
GNT/BTC,1577750460160,2019-12-31T00:01:00.160Z,buy,4.02e-06,7390.0,0.0297077999999999
GNT/BTC,1577750460160,2019-12-31T00:01:00.160Z,buy,4.03e-06,16397.0,0.06607991
GNT/BTC,1577750460552,2019-12-31T00:01:00.552Z,buy,4.01e-06,248.0,0.0009944799999999
GNT/BTC,1577750461589,2019-12-31T00:01:01.589Z,buy,4.01e-06,126.0,0.00050526
GNT/BTC,1577750625498,2019-12-31T00:03:45.498Z,buy,4.02e-06,28.0,0.0001125599999999
GNT/BTC,1577750820915,2019-12-31T00:07:00.915Z,buy,4.02e-06,512.0,0.00205824
GNT/BTC,1577750820915,2019-12-31T00:07:00.915Z,buy,4.03e-06,2214.0,0.00892242
GNT/BTC,1577750821047,2019-12-31T00:07:01.047Z,buy,4.03e-06,885.0,0.00356655
GNT/BTC,1577750821047,2019-12-31T00:07:01.047Z,buy,4.03e-06,885.0,0.00356655
GNT/BTC,1577750853579,2019-12-31T00:07:33.579Z,sell,4.02e-06,2796.0,0.0112399199999999
GNT/BTC,1577750853876,2019-12-31T00:07:33.876Z,buy,4.02e-06,58.0,0.0002331599999999
GNT/BTC,1577750859560,2019-12-31T00:07:39.560Z,buy,4.03e-06,465.0,0.00187395
GNT/BTC,1577750859757,2019-12-31T00:07:39.757Z,sell,4.01e-06,3347.0,0.01342147
GNT/BTC,1577750975567,2019-12-31T00:09:35.567Z,sell,4.01e-06,465.0,0.0018646499999999
GNT/BTC,1577751303784,2019-12-31T00:15:03.784Z,sell,4.01e-06,58.0,0.0002325799999999
GNT/BTC,1577751383138,2019-12-31T00:16:23.138Z,buy,4.02e-06,233.0,0.00093666
GNT/BTC,1577751383199,2019-12-31T00:16:23.199Z,buy,4.02e-06,284.0,0.00114168
GNT/BTC,1577751383250,2019-12-31T00:16:23.250Z,buy,4.03e-06,277.0,0.00111631
GNT/BTC,1577751383326,2019-12-31T00:16:23.326Z,buy,4.03e-06,500.0,0.002015
GNT/BTC,1577751383381,2019-12-31T00:16:23.381Z,buy,4.03e-06,478.0,0.00192634
GNT/BTC,1577751383475,2019-12-31T00:16:23.475Z,buy,4.03e-06,262.0,0.00105586
GNT/BTC,1577751383580,2019-12-31T00:16:23.580Z,buy,4.03e-06,478.0,0.00192634
GNT/BTC,1577751383613,2019-12-31T00:16:23.613Z,buy,4.03e-06,75.0,0.00030225
GNT/BTC,1577751383613,2019-12-31T00:16:23.613Z,buy,4.04e-06,1995.0,0.0080598
GNT/BTC,1577751383744,2019-12-31T00:16:23.744Z,sell,4.03e-06,956.0,0.00385268
GNT/BTC,1577751383757,2019-12-31T00:16:23.757Z,sell,4.03e-06,478.0,0.00192634
GNT/BTC,1577751384841,2019-12-31T00:16:24.841Z,sell,4.03e-06,604.0,0.00243412
GNT/BTC,1577751386185,2019-12-31T00:16:26.185Z,buy,4.04e-06,37.0,0.00014948
GNT/BTC,1577751396233,2019-12-31T00:16:36.233Z,buy,4.04e-06,150.0,0.000606
GNT/BTC,1577751417619,2019-12-31T00:16:57.619Z,buy,4.03e-06,997.0,0.00401791
GNT/BTC,1577751441907,2019-12-31T00:17:21.907Z,buy,4.03e-06,997.0,0.00401791
GNT/BTC,1577751448905,2019-12-31T00:17:28.905Z,buy,4.04e-06,362.0,0.00146248
GNT/BTC,1577751450121,2019-12-31T00:17:30.121Z,buy,4.03e-06,4576.0,0.01844128
GNT/BTC,1577751497350,2019-12-31T00:18:17.350Z,buy,4.03e-06,1211.0,0.00488033
GNT/BTC,1577751518081,2019-12-31T00:18:38.081Z,buy,4.03e-06,1005.0,0.00405015
GNT/BTC,1577751602071,2019-12-31T00:20:02.071Z,sell,4.02e-06,1002.0,0.0040280399999999
GNT/BTC,1577751660522,2019-12-31T00:21:00.522Z,sell,4.03e-06,1995.0,0.00803985
GNT/BTC,1577751661732,2019-12-31T00:21:01.732Z,sell,4.03e-06,1382.0,0.00556946
GNT/BTC,1577751663420,2019-12-31T00:21:03.420Z,sell,4.03e-06,954.0,0.00384462
GNT/BTC,1577751751492,2019-12-31T00:22:31.492Z,buy,4.04e-06,34.0,0.00013736
GNT/BTC,1577751790523,2019-12-31T00:23:10.523Z,buy,4.04e-06,56.0,0.00022624
GNT/BTC,1577751829139,2019-12-31T00:23:49.139Z,sell,4.03e-06,59.0,0.00023777
GNT/BTC,1577751914557,2019-12-31T00:25:14.557Z,buy,4.04e-06,44.0,0.00017776
GNT/BTC,1577752022980,2019-12-31T00:27:02.980Z,sell,4.03e-06,28.0,0.00011284
GNT/BTC,1577752057910,2019-12-31T00:27:37.910Z,buy,4.04e-06,47.0,0.00018988
GNT/BTC,1577752091053,2019-12-31T00:28:11.053Z,buy,4.04e-06,35.0,0.0001414
GNT/BTC,1577752128500,2019-12-31T00:28:48.500Z,buy,4.04e-06,48.0,0.00019392
GNT/BTC,1577752203552,2019-12-31T00:30:03.552Z,buy,4.04e-06,69.0,0.00027876
GNT/BTC,1577752304563,2019-12-31T00:31:44.563Z,buy,4.04e-06,70.0,0.0002828
GNT/BTC,1577752450570,2019-12-31T00:34:10.570Z,buy,4.04e-06,46.0,0.00018584
GNT/BTC,1577752457976,2019-12-31T00:34:17.976Z,buy,4.04e-06,554.0,0.00223816
GNT/BTC,1577752575555,2019-12-31T00:36:15.555Z,buy,4.04e-06,55.0,0.0002222
GNT/BTC,1577752598372,2019-12-31T00:36:38.372Z,buy,4.04e-06,9380.0,0.0378952
GNT/BTC,1577752599377,2019-12-31T00:36:39.377Z,sell,4.04e-06,96.0,0.00038784
GNT/BTC,1577752773595,2019-12-31T00:39:33.595Z,sell,4.04e-06,248.0,0.00100192
GNT/BTC,1577753199944,2019-12-31T00:46:39.944Z,sell,4.03e-06,408.0,0.00164424
GNT/BTC,1577753222437,2019-12-31T00:47:02.437Z,buy,4.04e-06,47.0,0.00018988
GNT/BTC,1577753241555,2019-12-31T00:47:21.555Z,buy,4.04e-06,50.0,0.000202
GNT/BTC,1577753247214,2019-12-31T00:47:27.214Z,buy,4.04e-06,29.0,0.00011716
GNT/BTC,1577753571897,2019-12-31T00:52:51.897Z,sell,4.04e-06,5.0,2.0200000000000003e-05
GNT/BTC,1577753682796,2019-12-31T00:54:42.796Z,sell,4.03e-06,842.0,0.00339326
GNT/BTC,1577753683740,2019-12-31T00:54:43.740Z,sell,4.03e-06,594.0,0.00239382
GNT/BTC,1577753684171,2019-12-31T00:54:44.171Z,sell,4.03e-06,42.0,0.00016926
GNT/BTC,1577753687045,2019-12-31T00:54:47.045Z,sell,4.03e-06,433.0,0.00174499
GNT/BTC,1577753687234,2019-12-31T00:54:47.234Z,sell,4.03e-06,45.0,0.00018135
GNT/BTC,1577753688352,2019-12-31T00:54:48.352Z,sell,4.03e-06,331.0,0.00133393
GNT/BTC,1577753688451,2019-12-31T00:54:48.451Z,sell,4.03e-06,831.0,0.00334893
GNT/BTC,1577753705558,2019-12-31T00:55:05.558Z,buy,4.04e-06,39.0,0.00015756
GNT/BTC,1577753739521,2019-12-31T00:55:39.521Z,buy,4.04e-06,65.0,0.0002626
GNT/BTC,1577753941840,2019-12-31T00:59:01.840Z,sell,4.02e-06,1046.0,0.00420492
GNT/BTC,1577753982525,2019-12-31T00:59:42.525Z,buy,4.04e-06,34.0,0.00013736
GNT/BTC,1577754033472,2019-12-31T01:00:33.472Z,buy,4.04e-06,50.0,0.000202
GNT/BTC,1577754132367,2019-12-31T01:02:12.367Z,buy,4.04e-06,619.0,0.00250076
GNT/BTC,1577754215535,2019-12-31T01:03:35.535Z,buy,4.04e-06,63.0,0.00025452
GNT/BTC,1577754332540,2019-12-31T01:05:32.540Z,buy,4.04e-06,42.0,0.00016968
GNT/BTC,1577754390849,2019-12-31T01:06:30.849Z,buy,4.04e-06,30.0,0.0001212
GNT/BTC,1577754390849,2019-12-31T01:06:30.849Z,buy,4.04e-06,30.0,0.0001212
GNT/BTC,1577754436398,2019-12-31T01:07:16.398Z,sell,4.03e-06,1118.0,0.00450554
GNT/BTC,1577754450583,2019-12-31T01:07:30.583Z,buy,4.04e-06,41.0,0.00016564
GNT/BTC,1577754476275,2019-12-31T01:07:56.275Z,buy,4.04e-06,380.0,0.0015352
GNT/BTC,1577754476275,2019-12-31T01:07:56.275Z,buy,4.05e-06,873.0,0.00353565
GNT/BTC,1577754825696,2019-12-31T01:13:45.696Z,buy,4.04e-06,47.0,0.00018988
GNT/BTC,1577754827492,2019-12-31T01:13:47.492Z,buy,4.04e-06,47.0,0.00018988
GNT/BTC,1577754899587,2019-12-31T01:14:59.587Z,buy,4.04e-06,49.0,0.00019796
GNT/BTC,1577754908167,2019-12-31T01:15:08.167Z,sell,4.03e-06,64.0,0.00025792
GNT/BTC,1577755050629,2019-12-31T01:17:30.629Z,buy,4.04e-06,39.0,0.00015756
GNT/BTC,1577755766542,2019-12-31T01:29:26.542Z,buy,4.04e-06,43.0,0.00017372
GNT/BTC,1577755852504,2019-12-31T01:30:52.504Z,buy,4.04e-06,52.0,0.00021008
GNT/BTC,1577755930556,2019-12-31T01:32:10.556Z,buy,4.04e-06,32.0,0.00012928
GNT/BTC,1577755976511,2019-12-31T01:32:56.511Z,buy,4.04e-06,49.0,0.00019796
GNT/BTC,1577756025664,2019-12-31T01:33:45.664Z,buy,4.04e-06,92.0,0.00037168
GNT/BTC,1577756147497,2019-12-31T01:35:47.497Z,buy,4.04e-06,47.0,0.00018988
GNT/BTC,1577756298829,2019-12-31T01:38:18.829Z,buy,4.04e-06,33.0,0.00013332
GNT/BTC,1577756314511,2019-12-31T01:38:34.511Z,buy,4.04e-06,1002.0,0.00404808
GNT/BTC,1577757448644,2019-12-31T01:57:28.644Z,buy,4.04e-06,55.0,0.0002222
GNT/BTC,1577757529839,2019-12-31T01:58:49.839Z,buy,4.04e-06,75.0,0.000303
GNT/BTC,1577757548035,2019-12-31T01:59:08.035Z,buy,4.04e-06,47.0,0.00018988
GNT/BTC,1577757720678,2019-12-31T02:02:00.678Z,sell,4.03e-06,74.0,0.00029822
GNT/BTC,1577757727477,2019-12-31T02:02:07.477Z,sell,4.03e-06,88.0,0.00035464
GNT/BTC,1577757729496,2019-12-31T02:02:09.496Z,buy,4.04e-06,57.0,0.00023028
GNT/BTC,1577757811503,2019-12-31T02:03:31.503Z,buy,4.04e-06,57.0,0.00023028
GNT/BTC,1577757826320,2019-12-31T02:03:46.320Z,sell,4.03e-06,39.0,0.00015717
GNT/BTC,1577757879348,2019-12-31T02:04:39.348Z,buy,4.04e-06,47.0,0.00018988
GNT/BTC,1577757909495,2019-12-31T02:05:09.495Z,buy,4.04e-06,39.0,0.00015756
GNT/BTC,1577757909495,2019-12-31T02:05:09.495Z,buy,4.04e-06,39.0,0.00015756
GNT/BTC,1577758036567,2019-12-31T02:07:16.567Z,buy,4.04e-06,71.0,0.00028684
GNT/BTC,1577758314511,2019-12-31T02:11:54.511Z,buy,4.04e-06,51.0,0.00020604
GNT/BTC,1577758412833,2019-12-31T02:13:32.833Z,buy,4.04e-06,50.0,0.000202
GNT/BTC,1577758578520,2019-12-31T02:16:18.520Z,buy,4.04e-06,66.0,0.00026664
GNT/BTC,1577758753527,2019-12-31T02:19:13.527Z,buy,4.04e-06,49.0,0.00019796
GNT/BTC,1577758817816,2019-12-31T02:20:17.816Z,sell,4.03e-06,1579.0,0.00636337
GNT/BTC,1577758817861,2019-12-31T02:20:17.861Z,sell,4.03e-06,307.0,0.00123721
GNT/BTC,1577758818480,2019-12-31T02:20:18.480Z,buy,4.03e-06,333.0,0.00134199
GNT/BTC,1577758818921,2019-12-31T02:20:18.921Z,buy,4.03e-06,4602.0,0.01854606
GNT/BTC,1577759211507,2019-12-31T02:26:51.507Z,buy,4.04e-06,65.0,0.0002626
GNT/BTC,1577759279544,2019-12-31T02:27:59.544Z,buy,4.04e-06,40.0,0.0001616
GNT/BTC,1577759366516,2019-12-31T02:29:26.516Z,buy,4.04e-06,46.0,0.00018584
GNT/BTC,1577759384007,2019-12-31T02:29:44.007Z,sell,4.03e-06,257.0,0.00103571
GNT/BTC,1577759384007,2019-12-31T02:29:44.007Z,sell,4.02e-06,9878.0,0.03970956
GNT/BTC,1577759458464,2019-12-31T02:30:58.464Z,sell,4.02e-06,11500.0,0.0462299999999999
GNT/BTC,1577759460176,2019-12-31T02:31:00.176Z,sell,4.02e-06,1859.0,0.0074731799999999
GNT/BTC,1577759461139,2019-12-31T02:31:01.139Z,buy,4.03e-06,928.0,0.00373984
GNT/BTC,1577759461609,2019-12-31T02:31:01.609Z,buy,4.03e-06,1782.0,0.00718146
GNT/BTC,1577759461903,2019-12-31T02:31:01.903Z,buy,4.03e-06,30.0,0.0001209
GNT/BTC,1577759462725,2019-12-31T02:31:02.725Z,sell,4.02e-06,1019.0,0.0040963799999999
GNT/BTC,1577759462744,2019-12-31T02:31:02.744Z,buy,4.03e-06,225.0,0.00090675
GNT/BTC,1577759481120,2019-12-31T02:31:21.120Z,sell,4.02e-06,517.0,0.0020783399999999
GNT/BTC,1577759481120,2019-12-31T02:31:21.120Z,sell,4.01e-06,3444.0,0.0138104399999999
GNT/BTC,1577759488460,2019-12-31T02:31:28.460Z,sell,4.01e-06,1183.0,0.00474383
GNT/BTC,1577759489432,2019-12-31T02:31:29.432Z,buy,4.02e-06,29.0,0.0001165799999999
GNT/BTC,1577759490806,2019-12-31T02:31:30.806Z,sell,4e-06,1000.0,0.004
GNT/BTC,1577759491729,2019-12-31T02:31:31.729Z,sell,4e-06,1000.0,0.004
GNT/BTC,1577759494117,2019-12-31T02:31:34.117Z,buy,4.01e-06,14383.0,0.05767583
GNT/BTC,1577759494566,2019-12-31T02:31:34.566Z,sell,4e-06,17244.0,0.068976
GNT/BTC,1577759494566,2019-12-31T02:31:34.566Z,sell,3.99e-06,10130.0,0.0404187
GNT/BTC,1577759495117,2019-12-31T02:31:35.117Z,buy,4e-06,426.0,0.001704
GNT/BTC,1577759495172,2019-12-31T02:31:35.172Z,sell,3.99e-06,1000.0,0.00399
GNT/BTC,1577759500195,2019-12-31T02:31:40.195Z,sell,3.99e-06,11845.0,0.04726155
GNT/BTC,1577759503129,2019-12-31T02:31:43.129Z,sell,3.99e-06,1000.0,0.00399
GNT/BTC,1577759504137,2019-12-31T02:31:44.137Z,sell,3.99e-06,1000.0,0.00399
GNT/BTC,1577759530254,2019-12-31T02:32:10.254Z,sell,4e-06,26.0,0.000104
GNT/BTC,1577759530254,2019-12-31T02:32:10.254Z,sell,3.99e-06,478.0,0.00190722
GNT/BTC,1577759575689,2019-12-31T02:32:55.689Z,sell,3.99e-06,250.0,0.0009975
GNT/BTC,1577759670523,2019-12-31T02:34:30.523Z,buy,4.01e-06,47.0,0.00018847
GNT/BTC,1577759675293,2019-12-31T02:34:35.293Z,buy,4.01e-06,60.0,0.0002406
GNT/BTC,1577759725616,2019-12-31T02:35:25.616Z,buy,4.01e-06,19.0,7.619e-05
GNT/BTC,1577759725616,2019-12-31T02:35:25.616Z,buy,4.02e-06,1527.0,0.00613854
GNT/BTC,1577759725616,2019-12-31T02:35:25.616Z,buy,4.03e-06,54.0,0.00021762
GNT/BTC,1577760004702,2019-12-31T02:40:04.702Z,sell,4.01e-06,1000.0,0.00401
GNT/BTC,1577760036286,2019-12-31T02:40:36.286Z,sell,4.01e-06,101.0,0.00040501
GNT/BTC,1577760036286,2019-12-31T02:40:36.286Z,sell,4e-06,549.0,0.002196
GNT/BTC,1577760058898,2019-12-31T02:40:58.898Z,sell,4e-06,500.0,0.002
GNT/BTC,1577760112343,2019-12-31T02:41:52.343Z,sell,4e-06,416.0,0.001664
GNT/BTC,1577760150403,2019-12-31T02:42:30.403Z,sell,4e-06,73.0,0.000292
GNT/BTC,1577760528084,2019-12-31T02:48:48.084Z,buy,4.02e-06,426.0,0.00171252
GNT/BTC,1577760528084,2019-12-31T02:48:48.084Z,buy,4.03e-06,1231.0,0.00496093
GNT/BTC,1577760528084,2019-12-31T02:48:48.084Z,buy,4.04e-06,43.0,0.00017372
GNT/BTC,1577760719537,2019-12-31T02:51:59.537Z,buy,4.03e-06,30.0,0.0001209
GNT/BTC,1577760910388,2019-12-31T02:55:10.388Z,buy,4.03e-06,522.0,0.00210366
GNT/BTC,1577760910388,2019-12-31T02:55:10.388Z,buy,4.03e-06,522.0,0.00210366
GNT/BTC,1577761526191,2019-12-31T03:05:26.191Z,sell,4.01e-06,1862.0,0.0074666199999999
GNT/BTC,1577761553501,2019-12-31T03:05:53.501Z,buy,4.01e-06,59.0,0.0002365899999999
GNT/BTC,1577761678990,2019-12-31T03:07:58.990Z,sell,4e-06,426.0,0.001704
GNT/BTC,1577761687171,2019-12-31T03:08:07.171Z,buy,4.01e-06,36.0,0.0001443599999999
GNT/BTC,1577761715252,2019-12-31T03:08:35.252Z,sell,3.99e-06,2554.0,0.01019046
GNT/BTC,1577761918561,2019-12-31T03:11:58.561Z,buy,4e-06,426.0,0.001704
GNT/BTC,1577761918561,2019-12-31T03:11:58.561Z,buy,4.01e-06,126.0,0.00050526
GNT/BTC,1577761918561,2019-12-31T03:11:58.561Z,buy,4.02e-06,148.0,0.00059496
GNT/BTC,1577762112209,2019-12-31T03:15:12.209Z,buy,4.02e-06,103.0,0.0004140599999999
GNT/BTC,1577762298158,2019-12-31T03:18:18.158Z,buy,4.01e-06,64.0,0.00025664
GNT/BTC,1577762332530,2019-12-31T03:18:52.530Z,buy,4.01e-06,30.0,0.0001203
GNT/BTC,1577762570599,2019-12-31T03:22:50.599Z,buy,4e-06,49.0,0.000196
GNT/BTC,1577762627795,2019-12-31T03:23:47.795Z,buy,4e-06,36.0,0.000144
GNT/BTC,1577762778545,2019-12-31T03:26:18.545Z,buy,4e-06,66.0,0.0002639999999999
GNT/BTC,1577763180664,2019-12-31T03:33:00.664Z,buy,4e-06,1594.0,0.006376
GNT/BTC,1577763180664,2019-12-31T03:33:00.664Z,buy,4.02e-06,1886.0,0.0075817199999999
GNT/BTC,1577763180664,2019-12-31T03:33:00.664Z,buy,4.03e-06,126.0,0.00050778
GNT/BTC,1577763180664,2019-12-31T03:33:00.664Z,buy,4.04e-06,11368.0,0.04592672
GNT/BTC,1577763182390,2019-12-31T03:33:02.390Z,buy,4.02e-06,126.0,0.00050652
GNT/BTC,1577763182893,2019-12-31T03:33:02.893Z,buy,4.02e-06,426.0,0.00171252
GNT/BTC,1577763183478,2019-12-31T03:33:03.478Z,sell,4.01e-06,1341.0,0.00537741
GNT/BTC,1577763183515,2019-12-31T03:33:03.515Z,buy,4.01e-06,11562.0,0.0463636199999999
GNT/BTC,1577764345982,2019-12-31T03:52:25.982Z,sell,4e-06,426.0,0.001704
GNT/BTC,1577764345982,2019-12-31T03:52:25.982Z,sell,3.99e-06,1600.0,0.006384
GNT/BTC,1577764345982,2019-12-31T03:52:25.982Z,sell,3.98e-06,790.0,0.0031442
GNT/BTC,1577764347957,2019-12-31T03:52:27.957Z,buy,3.99e-06,126.0,0.00050274
GNT/BTC,1577764349300,2019-12-31T03:52:29.300Z,sell,3.98e-06,2886.0,0.01148628
GNT/BTC,1577764349453,2019-12-31T03:52:29.453Z,buy,4e-06,1000.0,0.004
GNT/BTC,1577764355410,2019-12-31T03:52:35.410Z,sell,3.99e-06,426.0,0.00169974
GNT/BTC,1577764355614,2019-12-31T03:52:35.614Z,sell,3.98e-06,383.0,0.00152434
GNT/BTC,1577764369865,2019-12-31T03:52:49.865Z,buy,3.99e-06,73.0,0.00029127
GNT/BTC,1577764369865,2019-12-31T03:52:49.865Z,buy,3.99e-06,73.0,0.00029127
GNT/BTC,1577764571456,2019-12-31T03:56:11.456Z,buy,3.99e-06,53.0,0.00021147
GNT/BTC,1577764577053,2019-12-31T03:56:17.053Z,buy,3.99e-06,55.0,0.00021945
GNT/BTC,1577764736280,2019-12-31T03:58:56.280Z,buy,3.99e-06,50.0,0.0001995
GNT/BTC,1577764831771,2019-12-31T04:00:31.771Z,buy,3.99e-06,381.0,0.00152019
GNT/BTC,1577764884560,2019-12-31T04:01:24.560Z,buy,3.99e-06,85.0,0.00033915
GNT/BTC,1577765288665,2019-12-31T04:08:08.665Z,buy,3.99e-06,26.0,0.0001037399999999
GNT/BTC,1577765331531,2019-12-31T04:08:51.531Z,buy,3.99e-06,50.0,0.0001995
GNT/BTC,1577765442479,2019-12-31T04:10:42.479Z,buy,3.99e-06,86.0,0.0003431399999999
GNT/BTC,1577765671559,2019-12-31T04:14:31.559Z,sell,3.98e-06,67.0,0.00026666
GNT/BTC,1577765681756,2019-12-31T04:14:41.756Z,buy,3.99e-06,313.0,0.00124887
GNT/BTC,1577765681770,2019-12-31T04:14:41.770Z,buy,3.99e-06,273.0,0.00108927
GNT/BTC,1577765715098,2019-12-31T04:15:15.098Z,buy,3.99e-06,60.0,0.0002394
GNT/BTC,1577766071558,2019-12-31T04:21:11.558Z,buy,3.99e-06,49.0,0.00019551
GNT/BTC,1577766257550,2019-12-31T04:24:17.550Z,buy,3.99e-06,76.0,0.00030324
GNT/BTC,1577766416168,2019-12-31T04:26:56.168Z,buy,3.99e-06,1059.0,0.00422541
GNT/BTC,1577766416287,2019-12-31T04:26:56.287Z,buy,4e-06,613.0,0.0024519999999999
GNT/BTC,1577767055175,2019-12-31T04:37:35.175Z,sell,3.99e-06,244.0,0.0009735599999999
GNT/BTC,1577767065534,2019-12-31T04:37:45.534Z,sell,3.99e-06,899.0,0.00358701
GNT/BTC,1577767107762,2019-12-31T04:38:27.762Z,sell,3.98e-06,188.0,0.00074824
GNT/BTC,1577767142141,2019-12-31T04:39:02.141Z,sell,3.98e-06,1229.0,0.00489142
GNT/BTC,1577767142203,2019-12-31T04:39:02.203Z,buy,3.98e-06,333.0,0.00132534
GNT/BTC,1577767281619,2019-12-31T04:41:21.619Z,buy,3.99e-06,43.0,0.0001715699999999
GNT/BTC,1577767363218,2019-12-31T04:42:43.218Z,sell,3.97e-06,10800.0,0.042876
GNT/BTC,1577767363218,2019-12-31T04:42:43.218Z,sell,3.97e-06,553.0,0.00219541
GNT/BTC,1577767388291,2019-12-31T04:43:08.291Z,sell,3.97e-06,448.0,0.00177856
GNT/BTC,1577767388291,2019-12-31T04:43:08.291Z,sell,3.97e-06,448.0,0.00177856
GNT/BTC,1577768121198,2019-12-31T04:55:21.198Z,buy,3.99e-06,548.0,0.00218652
GNT/BTC,1577768121581,2019-12-31T04:55:21.581Z,buy,4e-06,1619.0,0.006476
GNT/BTC,1577768121773,2019-12-31T04:55:21.773Z,buy,4e-06,80.0,0.0003199999999999
GNT/BTC,1577768125979,2019-12-31T04:55:25.979Z,sell,3.99e-06,1673.0,0.00667527
GNT/BTC,1577769331815,2019-12-31T05:15:31.815Z,buy,4e-06,28.0,0.000112
GNT/BTC,1577770674729,2019-12-31T05:37:54.729Z,sell,3.99e-06,189.0,0.00075411
GNT/BTC,1577770675640,2019-12-31T05:37:55.640Z,sell,3.99e-06,813.0,0.00324387
GNT/BTC,1577770683832,2019-12-31T05:38:03.832Z,sell,3.98e-06,189.0,0.00075222
GNT/BTC,1577770787524,2019-12-31T05:39:47.524Z,sell,3.98e-06,178.0,0.00070844
GNT/BTC,1577770954019,2019-12-31T05:42:34.019Z,sell,3.98e-06,692.0,0.00275416
GNT/BTC,1577770954019,2019-12-31T05:42:34.019Z,sell,3.98e-06,692.0,0.00275416
GNT/BTC,1577771037229,2019-12-31T05:43:57.229Z,sell,3.98e-06,1038.0,0.00413124
GNT/BTC,1577771037429,2019-12-31T05:43:57.429Z,sell,3.98e-06,46.0,0.00018308
GNT/BTC,1577771122224,2019-12-31T05:45:22.224Z,sell,3.98e-06,519.0,0.00206562
GNT/BTC,1577771146275,2019-12-31T05:45:46.275Z,buy,3.99e-06,9.0,3.591e-05
GNT/BTC,1577771184768,2019-12-31T05:46:24.768Z,sell,3.98e-06,520.0,0.0020696
