symbol,timestamp,datetime,side,price,amount,btc_volume
GRS/BTC,1539370800692,2018-10-12T19:00:00.692Z,sell,8.469e-05,11.0,0.00093159
GRS/BTC,1539370804469,2018-10-12T19:00:04.469Z,sell,8.461e-05,12.0,0.00101532
GRS/BTC,1539370836268,2018-10-12T19:00:36.268Z,sell,8.461e-05,80.0,0.0067688
GRS/BTC,1539371169983,2018-10-12T19:06:09.983Z,sell,8.445e-05,13.0,0.00109785
GRS/BTC,1539371169983,2018-10-12T19:06:09.983Z,sell,8.425e-05,29.0,0.00244325
GRS/BTC,1539371169983,2018-10-12T19:06:09.983Z,sell,8.419e-05,285.0,0.02399415
GRS/BTC,1539371177162,2018-10-12T19:06:17.162Z,sell,8.42e-05,89.0,0.0074938
GRS/BTC,1539371258357,2018-10-12T19:07:38.357Z,sell,8.42e-05,207.0,0.0174294
GRS/BTC,1539371258357,2018-10-12T19:07:38.357Z,sell,8.416e-05,12.0,0.0010099199999999
GRS/BTC,1539371258357,2018-10-12T19:07:38.357Z,sell,8.408e-05,66.0,0.0055492799999999
GRS/BTC,1539371258357,2018-10-12T19:07:38.357Z,sell,8.407e-05,198.0,0.01664586
GRS/BTC,1539371258357,2018-10-12T19:07:38.357Z,sell,8.402e-05,13.0,0.00109226
GRS/BTC,1539371258357,2018-10-12T19:07:38.357Z,sell,8.4e-05,1056.0,0.0887039999999999
GRS/BTC,1539371258373,2018-10-12T19:07:38.373Z,buy,8.4e-05,263.0,0.0220919999999999
GRS/BTC,1539371259198,2018-10-12T19:07:39.198Z,sell,8.4e-05,24.0,0.002016
GRS/BTC,1539371346206,2018-10-12T19:09:06.206Z,buy,8.46e-05,66.0,0.0055835999999999
GRS/BTC,1539371346206,2018-10-12T19:09:06.206Z,buy,8.461e-05,52.0,0.00439972
GRS/BTC,1539371360750,2018-10-12T19:09:20.750Z,buy,8.461e-05,183.0,0.01548363
GRS/BTC,1539371379446,2018-10-12T19:09:39.446Z,sell,8.402e-05,118.0,0.00991436
GRS/BTC,1539371486742,2018-10-12T19:11:26.742Z,buy,8.46e-05,118.0,0.0099828
GRS/BTC,1539371500003,2018-10-12T19:11:40.003Z,sell,8.402e-05,118.0,0.00991436
GRS/BTC,1539371630566,2018-10-12T19:13:50.566Z,buy,8.46e-05,118.0,0.0099828
GRS/BTC,1539371648998,2018-10-12T19:14:08.998Z,sell,8.404e-05,30.0,0.0025212
GRS/BTC,1539371648998,2018-10-12T19:14:08.998Z,sell,8.403e-05,88.0,0.0073946399999999
GRS/BTC,1539371817424,2018-10-12T19:16:57.424Z,sell,8.403e-05,117.0,0.00983151
GRS/BTC,1539372034743,2018-10-12T19:20:34.743Z,sell,8.403e-05,17.0,0.0014285099999999
GRS/BTC,1539372063007,2018-10-12T19:21:03.007Z,sell,8.403e-05,4.0,0.00033612
GRS/BTC,1539372063415,2018-10-12T19:21:03.415Z,buy,8.401e-05,34.0,0.00285634
GRS/BTC,1539372063702,2018-10-12T19:21:03.702Z,buy,8.401e-05,309.0,0.02595909
GRS/BTC,1539372063934,2018-10-12T19:21:03.934Z,buy,8.401e-05,69.0,0.00579669
GRS/BTC,1539372066596,2018-10-12T19:21:06.596Z,buy,8.457e-05,31.0,0.00262167
GRS/BTC,1539372332865,2018-10-12T19:25:32.865Z,buy,8.458e-05,80.0,0.0067664
GRS/BTC,1539372333758,2018-10-12T19:25:33.758Z,buy,8.458e-05,118.0,0.00998044
GRS/BTC,1539372333854,2018-10-12T19:25:33.854Z,buy,8.458e-05,2.0,0.00016916
GRS/BTC,1539372333854,2018-10-12T19:25:33.854Z,buy,8.459e-05,78.0,0.00659802
GRS/BTC,1539372357499,2018-10-12T19:25:57.499Z,sell,8.412e-05,17.0,0.00143004
GRS/BTC,1539372357499,2018-10-12T19:25:57.499Z,sell,8.4e-05,101.0,0.008484
GRS/BTC,1539372755853,2018-10-12T19:32:35.853Z,buy,8.459e-05,118.0,0.00998162
GRS/BTC,1539372794626,2018-10-12T19:33:14.626Z,sell,8.4e-05,118.0,0.0099119999999999
GRS/BTC,1539373017054,2018-10-12T19:36:57.054Z,sell,8.401e-05,1.0,8.401e-05
GRS/BTC,1539373727215,2018-10-12T19:48:47.215Z,buy,8.459e-05,329.0,0.02783011
GRS/BTC,1539374094922,2018-10-12T19:54:54.922Z,buy,8.459e-05,118.0,0.00998162
GRS/BTC,1539374124071,2018-10-12T19:55:24.071Z,sell,8.42e-05,118.0,0.0099356
GRS/BTC,1539374124071,2018-10-12T19:55:24.071Z,sell,8.42e-05,118.0,0.0099356
GRS/BTC,1539374538129,2018-10-12T20:02:18.129Z,sell,8.42e-05,1004.0,0.0845368
GRS/BTC,1539374699654,2018-10-12T20:04:59.654Z,sell,8.425e-05,148.0,0.012469
GRS/BTC,1539374699654,2018-10-12T20:04:59.654Z,sell,8.42e-05,569.0,0.0479098
GRS/BTC,1539374700858,2018-10-12T20:05:00.858Z,buy,8.42e-05,13.0,0.0010946
GRS/BTC,1539374701513,2018-10-12T20:05:01.513Z,buy,8.42e-05,13.0,0.0010946
GRS/BTC,1539374701973,2018-10-12T20:05:01.973Z,buy,8.42e-05,11.0,0.0009262
GRS/BTC,1539374742006,2018-10-12T20:05:42.006Z,buy,8.459e-05,168.0,0.01421112
GRS/BTC,1539374849332,2018-10-12T20:07:29.332Z,buy,8.459e-05,177.0,0.01497243
GRS/BTC,1539374849332,2018-10-12T20:07:29.332Z,buy,8.46e-05,139.0,0.0117594
GRS/BTC,1539374849332,2018-10-12T20:07:29.332Z,buy,8.461e-05,709.0,0.05998849
GRS/BTC,1539374849344,2018-10-12T20:07:29.344Z,buy,8.461e-05,168.0,0.01421448
GRS/BTC,1539374849471,2018-10-12T20:07:29.471Z,buy,8.46e-05,1022.0,0.0864612
GRS/BTC,1539374852637,2018-10-12T20:07:32.637Z,sell,8.42e-05,116.0,0.0097672
GRS/BTC,1539374852637,2018-10-12T20:07:32.637Z,sell,8.402e-05,262.0,0.02201324
GRS/BTC,1539374852637,2018-10-12T20:07:32.637Z,sell,8.401e-05,215.0,0.01806215
GRS/BTC,1539374852637,2018-10-12T20:07:32.637Z,sell,8.4e-05,429.0,0.036036
GRS/BTC,1539374933987,2018-10-12T20:08:53.987Z,buy,8.458e-05,2.0,0.00016916
GRS/BTC,1539374998512,2018-10-12T20:09:58.512Z,sell,8.401e-05,48.0,0.00403248
GRS/BTC,1539375127429,2018-10-12T20:12:07.429Z,sell,8.401e-05,80.0,0.0067208
GRS/BTC,1539375128023,2018-10-12T20:12:08.023Z,buy,8.401e-05,13.0,0.00109213
GRS/BTC,1539375128960,2018-10-12T20:12:08.960Z,buy,8.401e-05,13.0,0.00109213
GRS/BTC,1539375129410,2018-10-12T20:12:09.410Z,buy,8.401e-05,13.0,0.00109213
GRS/BTC,1539375130039,2018-10-12T20:12:10.039Z,sell,8.4e-05,215.0,0.01806
GRS/BTC,1539375130419,2018-10-12T20:12:10.419Z,buy,8.4e-05,9.0,0.0007559999999999
GRS/BTC,1539375130419,2018-10-12T20:12:10.419Z,buy,8.401e-05,5.0,0.00042005
GRS/BTC,1539375136019,2018-10-12T20:12:16.019Z,buy,8.401e-05,13.0,0.00109213
GRS/BTC,1539375136457,2018-10-12T20:12:16.457Z,buy,8.401e-05,328.0,0.02755528
GRS/BTC,1539375137005,2018-10-12T20:12:17.005Z,buy,8.401e-05,216.0,0.01814616
GRS/BTC,1539375138016,2018-10-12T20:12:18.016Z,buy,8.401e-05,223.0,0.01873423
GRS/BTC,1539375138456,2018-10-12T20:12:18.456Z,buy,8.401e-05,223.0,0.01873423
GRS/BTC,1539375138932,2018-10-12T20:12:18.932Z,buy,8.401e-05,153.0,0.01285353
GRS/BTC,1539375139462,2018-10-12T20:12:19.462Z,buy,8.401e-05,13.0,0.00109213
GRS/BTC,1539375140106,2018-10-12T20:12:20.106Z,buy,8.401e-05,46.0,0.00386446
GRS/BTC,1539375141350,2018-10-12T20:12:21.350Z,buy,8.401e-05,47.0,0.00394847
GRS/BTC,1539375141996,2018-10-12T20:12:21.996Z,buy,8.401e-05,24.0,0.00201624
GRS/BTC,1539375142414,2018-10-12T20:12:22.414Z,buy,8.401e-05,23.0,0.00193223
GRS/BTC,1539375249138,2018-10-12T20:14:09.138Z,sell,8.402e-05,22.0,0.00184844
GRS/BTC,1539375249138,2018-10-12T20:14:09.138Z,sell,8.401e-05,1.0,8.401e-05
GRS/BTC,1539375249138,2018-10-12T20:14:09.138Z,sell,8.393e-05,77.0,0.00646261
GRS/BTC,1539375417433,2018-10-12T20:16:57.433Z,buy,8.441e-05,50.0,0.0042205
GRS/BTC,1539375417721,2018-10-12T20:16:57.721Z,buy,8.441e-05,25.0,0.00211025
GRS/BTC,1539375418348,2018-10-12T20:16:58.348Z,buy,8.441e-05,24.0,0.00202584
GRS/BTC,1539375419241,2018-10-12T20:16:59.241Z,buy,8.443e-05,16.0,0.00135088
GRS/BTC,1539375419822,2018-10-12T20:16:59.822Z,buy,8.443e-05,13.0,0.00109759
GRS/BTC,1539375420766,2018-10-12T20:17:00.766Z,buy,8.443e-05,2.0,0.00016886
GRS/BTC,1539375524415,2018-10-12T20:18:44.415Z,buy,8.45e-05,13.0,0.0010984999999999
GRS/BTC,1539375525191,2018-10-12T20:18:45.191Z,buy,8.45e-05,13.0,0.0010984999999999
GRS/BTC,1539375777083,2018-10-12T20:22:57.083Z,sell,8.443e-05,24.0,0.00202632
GRS/BTC,1539375777083,2018-10-12T20:22:57.083Z,sell,8.441e-05,1.0,8.441e-05
GRS/BTC,1539375777083,2018-10-12T20:22:57.083Z,sell,8.413e-05,36.0,0.0030286799999999
GRS/BTC,1539375890188,2018-10-12T20:24:50.188Z,buy,8.45e-05,60.0,0.00507
GRS/BTC,1539375899071,2018-10-12T20:24:59.071Z,buy,8.413e-05,13.0,0.00109369
GRS/BTC,1539375899945,2018-10-12T20:24:59.945Z,buy,8.413e-05,1.0,8.413e-05
GRS/BTC,1539375984141,2018-10-12T20:26:24.141Z,buy,8.425e-05,13.0,0.00109525
GRS/BTC,1539376002111,2018-10-12T20:26:42.111Z,buy,8.435e-05,13.0,0.00109655
GRS/BTC,1539376088725,2018-10-12T20:28:08.725Z,buy,8.454e-05,336.0,0.02840544
GRS/BTC,1539376125449,2018-10-12T20:28:45.449Z,sell,8.435e-05,13.0,0.00109655
GRS/BTC,1539376125449,2018-10-12T20:28:45.449Z,sell,8.425e-05,13.0,0.00109525
GRS/BTC,1539376125449,2018-10-12T20:28:45.449Z,sell,8.413e-05,25.0,0.00210325
GRS/BTC,1539376125449,2018-10-12T20:28:45.449Z,sell,8.4e-05,199.0,0.0167159999999999
GRS/BTC,1539376126067,2018-10-12T20:28:46.067Z,buy,8.4e-05,1.0,8.4e-05
GRS/BTC,1539376230019,2018-10-12T20:30:30.019Z,sell,8.401e-05,29.0,0.00243629
GRS/BTC,1539376869485,2018-10-12T20:41:09.485Z,buy,8.45e-05,29.0,0.0024505
GRS/BTC,1539376869485,2018-10-12T20:41:09.485Z,buy,8.45e-05,29.0,0.0024505
GRS/BTC,1539377971264,2018-10-12T20:59:31.264Z,sell,8.401e-05,80.0,0.0067208
GRS/BTC,1539378321490,2018-10-12T21:05:21.490Z,sell,8.401e-05,23.0,0.00193223
GRS/BTC,1539379125266,2018-10-12T21:18:45.266Z,buy,8.45e-05,170.0,0.014365
GRS/BTC,1539379125978,2018-10-12T21:18:45.978Z,buy,8.45e-05,85.0,0.0071825
GRS/BTC,1539379147012,2018-10-12T21:19:07.012Z,buy,8.45e-05,42.0,0.0035489999999999
GRS/BTC,1539379147469,2018-10-12T21:19:07.469Z,buy,8.45e-05,42.0,0.0035489999999999
GRS/BTC,1539379148924,2018-10-12T21:19:08.924Z,buy,8.452e-05,101.0,0.00853652
GRS/BTC,1539379149893,2018-10-12T21:19:09.893Z,buy,8.452e-05,101.0,0.00853652
GRS/BTC,1539379150858,2018-10-12T21:19:10.858Z,buy,8.452e-05,50.0,0.004226
GRS/BTC,1539379151670,2018-10-12T21:19:11.670Z,buy,8.452e-05,138.0,0.01166376
GRS/BTC,1539379152193,2018-10-12T21:19:12.193Z,buy,8.452e-05,13.0,0.00109876
GRS/BTC,1539379152626,2018-10-12T21:19:12.626Z,buy,8.452e-05,13.0,0.00109876
GRS/BTC,1539379153195,2018-10-12T21:19:13.195Z,buy,8.452e-05,13.0,0.00109876
GRS/BTC,1539379153679,2018-10-12T21:19:13.679Z,buy,8.452e-05,50.0,0.004226
GRS/BTC,1539379154134,2018-10-12T21:19:14.134Z,buy,8.452e-05,49.0,0.0041414799999999
GRS/BTC,1539379158933,2018-10-12T21:19:18.933Z,buy,8.459e-05,52.0,0.00439868
GRS/BTC,1539379159901,2018-10-12T21:19:19.901Z,buy,8.459e-05,17.0,0.00143803
GRS/BTC,1539379160970,2018-10-12T21:19:20.970Z,buy,8.459e-05,29.0,0.00245311
GRS/BTC,1539379161950,2018-10-12T21:19:21.950Z,buy,8.459e-05,15.0,0.00126885
GRS/BTC,1539379162931,2018-10-12T21:19:22.931Z,buy,8.459e-05,13.0,0.00109967
GRS/BTC,1539379201159,2018-10-12T21:20:01.159Z,buy,8.459e-05,1.0,8.459e-05
GRS/BTC,1539379202307,2018-10-12T21:20:02.307Z,buy,8.461e-05,492.0,0.04162812
GRS/BTC,1539379771375,2018-10-12T21:29:31.375Z,sell,8.459e-05,12.0,0.00101508
GRS/BTC,1539379771375,2018-10-12T21:29:31.375Z,sell,8.452e-05,1.0,8.452e-05
GRS/BTC,1539379771375,2018-10-12T21:29:31.375Z,sell,8.45e-05,21.0,0.0017744999999999
GRS/BTC,1539379771375,2018-10-12T21:29:31.375Z,sell,8.449e-05,119.0,0.01005431
GRS/BTC,1539380374408,2018-10-12T21:39:34.408Z,buy,8.461e-05,491.0,0.04154351
GRS/BTC,1539380374408,2018-10-12T21:39:34.408Z,buy,8.461e-05,491.0,0.04154351
GRS/BTC,1539381350311,2018-10-12T21:55:50.311Z,buy,8.461e-05,13.0,0.00109993
GRS/BTC,1539381351159,2018-10-12T21:55:51.159Z,buy,8.461e-05,13.0,0.00109993
GRS/BTC,1539381466127,2018-10-12T21:57:46.127Z,buy,8.46e-05,13.0,0.0010998
GRS/BTC,1539381466881,2018-10-12T21:57:46.881Z,buy,8.46e-05,13.0,0.0010998
GRS/BTC,1539381467642,2018-10-12T21:57:47.642Z,buy,8.46e-05,13.0,0.0010998
GRS/BTC,1539381477693,2018-10-12T21:57:57.693Z,buy,8.46e-05,37.0,0.0031301999999999
GRS/BTC,1539381478686,2018-10-12T21:57:58.686Z,buy,8.46e-05,25.0,0.0021149999999999
GRS/BTC,1539381479706,2018-10-12T21:57:59.706Z,buy,8.46e-05,13.0,0.0010998
GRS/BTC,1539381480297,2018-10-12T21:58:00.297Z,buy,8.46e-05,31.0,0.0026226
GRS/BTC,1539381480756,2018-10-12T21:58:00.756Z,buy,8.46e-05,13.0,0.0010998
GRS/BTC,1539381481379,2018-10-12T21:58:01.379Z,buy,8.46e-05,13.0,0.0010998
GRS/BTC,1539381482370,2018-10-12T21:58:02.370Z,buy,8.46e-05,13.0,0.0010998
GRS/BTC,1539381566272,2018-10-12T21:59:26.272Z,buy,8.46e-05,100.0,0.0084599999999999
GRS/BTC,1539381719547,2018-10-12T22:01:59.547Z,buy,8.46e-05,118.0,0.0099828
GRS/BTC,1539381978815,2018-10-12T22:06:18.815Z,buy,8.46e-05,150.0,0.01269
GRS/BTC,1539381979402,2018-10-12T22:06:19.402Z,buy,8.46e-05,150.0,0.01269
GRS/BTC,1539381980315,2018-10-12T22:06:20.315Z,buy,8.46e-05,18.0,0.0015228
GRS/BTC,1539381980824,2018-10-12T22:06:20.824Z,buy,8.46e-05,13.0,0.0010998
GRS/BTC,1539381981422,2018-10-12T22:06:21.422Z,buy,8.46e-05,13.0,0.0010998
GRS/BTC,1539381990424,2018-10-12T22:06:30.424Z,buy,8.46e-05,13.0,0.0010998
GRS/BTC,1539381992242,2018-10-12T22:06:32.242Z,buy,8.46e-05,29.0,0.0024533999999999
GRS/BTC,1539381993084,2018-10-12T22:06:33.084Z,buy,8.46e-05,14.0,0.0011844
GRS/BTC,1539381993946,2018-10-12T22:06:33.946Z,buy,8.46e-05,13.0,0.0010998
GRS/BTC,1539382008504,2018-10-12T22:06:48.504Z,buy,8.46e-05,190.0,0.0160739999999999
GRS/BTC,1539382106951,2018-10-12T22:08:26.951Z,buy,8.461e-05,810.0,0.0685341
GRS/BTC,1539382123281,2018-10-12T22:08:43.281Z,buy,8.461e-05,1000.0,0.08461
GRS/BTC,1539382180670,2018-10-12T22:09:40.670Z,sell,8.451e-05,16.0,0.00135216
GRS/BTC,1539382191655,2018-10-12T22:09:51.655Z,buy,8.461e-05,167.0,0.01412987
GRS/BTC,1539382191655,2018-10-12T22:09:51.655Z,buy,8.469e-05,832.0,0.07046208
GRS/BTC,1539382191655,2018-10-12T22:09:51.655Z,buy,8.489e-05,1.0,8.489e-05
GRS/BTC,1539382214026,2018-10-12T22:10:14.026Z,buy,8.489e-05,161.0,0.0136672899999999
GRS/BTC,1539382214026,2018-10-12T22:10:14.026Z,buy,8.494e-05,339.0,0.02879466
GRS/BTC,1539382242339,2018-10-12T22:10:42.339Z,buy,8.5e-05,29.0,0.002465
GRS/BTC,1539382242339,2018-10-12T22:10:42.339Z,buy,8.507e-05,190.0,0.0161633
GRS/BTC,1539382242339,2018-10-12T22:10:42.339Z,buy,8.51e-05,196.0,0.0166796
GRS/BTC,1539382242339,2018-10-12T22:10:42.339Z,buy,8.521e-05,50.0,0.0042605
GRS/BTC,1539382242339,2018-10-12T22:10:42.339Z,buy,8.525e-05,29.0,0.00247225
GRS/BTC,1539382242339,2018-10-12T22:10:42.339Z,buy,8.529e-05,6.0,0.00051174
GRS/BTC,1539382254368,2018-10-12T22:10:54.368Z,buy,8.525e-05,196.0,0.0167089999999999
GRS/BTC,1539382254368,2018-10-12T22:10:54.368Z,buy,8.529e-05,197.0,0.01680213
GRS/BTC,1539382254368,2018-10-12T22:10:54.368Z,buy,8.541e-05,107.0,0.00913887
GRS/BTC,1539382313130,2018-10-12T22:11:53.130Z,buy,8.541e-05,59.0,0.00503919
GRS/BTC,1539382313130,2018-10-12T22:11:53.130Z,buy,8.545e-05,248.0,0.0211916
GRS/BTC,1539382313130,2018-10-12T22:11:53.130Z,buy,8.55e-05,28.0,0.002394
GRS/BTC,1539382313130,2018-10-12T22:11:53.130Z,buy,8.553e-05,100.0,0.008553
GRS/BTC,1539382313130,2018-10-12T22:11:53.130Z,buy,8.564e-05,25.0,0.002141
GRS/BTC,1539382313130,2018-10-12T22:11:53.130Z,buy,8.567e-05,40.0,0.0034268
GRS/BTC,1539382346714,2018-10-12T22:12:26.714Z,sell,8.497e-05,24.0,0.00203928
GRS/BTC,1539382362957,2018-10-12T22:12:42.957Z,buy,8.565e-05,15.0,0.0012847499999999
GRS/BTC,1539382403429,2018-10-12T22:13:23.429Z,buy,8.565e-05,26.0,0.0022269
GRS/BTC,1539382451013,2018-10-12T22:14:11.013Z,buy,8.565e-05,45.0,0.0038542499999999
GRS/BTC,1539382451013,2018-10-12T22:14:11.013Z,buy,8.567e-05,840.0,0.0719628
GRS/BTC,1539382451013,2018-10-12T22:14:11.013Z,buy,8.575e-05,28.0,0.002401
GRS/BTC,1539382451013,2018-10-12T22:14:11.013Z,buy,8.584e-05,107.0,0.00918488
GRS/BTC,1539382451013,2018-10-12T22:14:11.013Z,buy,8.593e-05,147.0,0.0126317099999999
GRS/BTC,1539382729356,2018-10-12T22:18:49.356Z,buy,8.58e-05,117.0,0.0100386
GRS/BTC,1539382729398,2018-10-12T22:18:49.398Z,sell,8.58e-05,12.0,0.0010295999999999
GRS/BTC,1539382787616,2018-10-12T22:19:47.616Z,sell,8.58e-05,604.0,0.0518232
GRS/BTC,1539382790846,2018-10-12T22:19:50.846Z,sell,8.511e-05,29.0,0.00246819
GRS/BTC,1539382790846,2018-10-12T22:19:50.846Z,sell,8.51e-05,68.0,0.0057868
GRS/BTC,1539382882791,2018-10-12T22:21:22.791Z,sell,8.51e-05,17.0,0.0014467
GRS/BTC,1539382882791,2018-10-12T22:21:22.791Z,sell,8.502e-05,30.0,0.0025506
GRS/BTC,1539382882791,2018-10-12T22:21:22.791Z,sell,8.494e-05,28.0,0.0023783199999999
GRS/BTC,1539382986688,2018-10-12T22:23:06.688Z,buy,8.562e-05,53.0,0.0045378599999999
GRS/BTC,1539382986688,2018-10-12T22:23:06.688Z,buy,8.563e-05,5.0,0.00042815
GRS/BTC,1539383210520,2018-10-12T22:26:50.520Z,sell,8.501e-05,1.0,8.501e-05
GRS/BTC,1539383475664,2018-10-12T22:31:15.664Z,sell,8.499e-05,26.0,0.00220974
GRS/BTC,1539383592824,2018-10-12T22:33:12.824Z,buy,8.499e-05,60.0,0.0050994
GRS/BTC,1539383923347,2018-10-12T22:38:43.347Z,buy,8.499e-05,94.0,0.00798906
GRS/BTC,1539383923347,2018-10-12T22:38:43.347Z,buy,8.499e-05,94.0,0.00798906
GRS/BTC,1539385031679,2018-10-12T22:57:11.679Z,sell,8.499e-05,1.0,8.499e-05
GRS/BTC,1539385304642,2018-10-12T23:01:44.642Z,sell,8.499e-05,2.0,0.00016998
GRS/BTC,1539385313036,2018-10-12T23:01:53.036Z,sell,8.499e-05,3.0,0.00025497
GRS/BTC,1539385313036,2018-10-12T23:01:53.036Z,sell,8.494e-05,197.0,0.01673318
GRS/BTC,1539385313036,2018-10-12T23:01:53.036Z,sell,8.475e-05,28.0,0.002373
GRS/BTC,1539385313036,2018-10-12T23:01:53.036Z,sell,8.456e-05,74.0,0.00625744
GRS/BTC,1539385313036,2018-10-12T23:01:53.036Z,sell,8.454e-05,115.0,0.0097221
GRS/BTC,1539385321969,2018-10-12T23:02:01.969Z,buy,8.53e-05,59.0,0.0050327
GRS/BTC,1539385448856,2018-10-12T23:04:08.856Z,sell,8.459e-05,80.0,0.0067672
GRS/BTC,1539385449532,2018-10-12T23:04:09.532Z,buy,8.528e-05,95.0,0.0081016
GRS/BTC,1539385509700,2018-10-12T23:05:09.700Z,sell,8.458e-05,9.0,0.00076122
GRS/BTC,1539385561986,2018-10-12T23:06:01.986Z,sell,8.458e-05,189.0,0.01598562
GRS/BTC,1539385562711,2018-10-12T23:06:02.711Z,buy,8.458e-05,82.0,0.00693556
GRS/BTC,1539385562825,2018-10-12T23:06:02.825Z,buy,8.458e-05,13.0,0.00109954
GRS/BTC,1539385563772,2018-10-12T23:06:03.772Z,buy,8.458e-05,87.0,0.00735846
GRS/BTC,1539385564272,2018-10-12T23:06:04.272Z,buy,8.458e-05,40.0,0.0033832
GRS/BTC,1539385564333,2018-10-12T23:06:04.333Z,buy,8.458e-05,87.0,0.00735846
GRS/BTC,1539385583977,2018-10-12T23:06:23.977Z,buy,8.458e-05,53.0,0.00448274
GRS/BTC,1539385584369,2018-10-12T23:06:24.369Z,buy,8.458e-05,52.0,0.00439816
GRS/BTC,1539385596771,2018-10-12T23:06:36.771Z,sell,8.458e-05,1.0,8.458e-05
GRS/BTC,1539386559723,2018-10-12T23:22:39.723Z,sell,8.454e-05,23.0,0.00194442
GRS/BTC,1539386758535,2018-10-12T23:25:58.535Z,buy,8.506e-05,80.0,0.0068048
GRS/BTC,1539386758535,2018-10-12T23:25:58.535Z,buy,8.507e-05,157.0,0.01335599
GRS/BTC,1539386891521,2018-10-12T23:28:11.521Z,sell,8.466e-05,45.0,0.0038097
GRS/BTC,1539386891521,2018-10-12T23:28:11.521Z,sell,8.465e-05,164.0,0.0138826
GRS/BTC,1539386891521,2018-10-12T23:28:11.521Z,sell,8.464e-05,197.0,0.01667408
GRS/BTC,1539386924090,2018-10-12T23:28:44.090Z,sell,8.458e-05,197.0,0.01666226
GRS/BTC,1539387001014,2018-10-12T23:30:01.014Z,sell,8.458e-05,181.0,0.01530898
GRS/BTC,1539387320641,2018-10-12T23:35:20.641Z,sell,8.458e-05,2.0,0.00016916
GRS/BTC,1539387370553,2018-10-12T23:36:10.553Z,sell,8.458e-05,14.0,0.00118412
GRS/BTC,1539387387118,2018-10-12T23:36:27.118Z,sell,8.45e-05,1.0,8.45e-05
GRS/BTC,1539387407379,2018-10-12T23:36:47.379Z,sell,8.45e-05,101.0,0.0085344999999999
GRS/BTC,1539387407379,2018-10-12T23:36:47.379Z,sell,8.43e-05,33.0,0.0027819
GRS/BTC,1539387408334,2018-10-12T23:36:48.334Z,buy,8.43e-05,33.0,0.0027819
GRS/BTC,1539387408334,2018-10-12T23:36:48.334Z,buy,8.43e-05,33.0,0.0027819
GRS/BTC,1539387700442,2018-10-12T23:41:40.442Z,sell,8.441e-05,18.0,0.00151938
GRS/BTC,1539387875227,2018-10-12T23:44:35.227Z,buy,8.513e-05,347.0,0.02954011
GRS/BTC,1539387875227,2018-10-12T23:44:35.227Z,buy,8.529e-05,47.0,0.00400863
GRS/BTC,1539387933759,2018-10-12T23:45:33.759Z,buy,8.53e-05,47.0,0.0040091
GRS/BTC,1539387933759,2018-10-12T23:45:33.759Z,buy,8.533e-05,273.0,0.02329509
GRS/BTC,1539387933759,2018-10-12T23:45:33.759Z,buy,8.536e-05,74.0,0.00631664
GRS/BTC,1539387933759,2018-10-12T23:45:33.759Z,buy,8.55e-05,28.0,0.002394
GRS/BTC,1539387933759,2018-10-12T23:45:33.759Z,buy,8.56e-05,46.0,0.0039375999999999
GRS/BTC,1539387933759,2018-10-12T23:45:33.759Z,buy,8.562e-05,27.0,0.00231174
GRS/BTC,1539387933759,2018-10-12T23:45:33.759Z,buy,8.563e-05,108.0,0.00924804
GRS/BTC,1539387933759,2018-10-12T23:45:33.759Z,buy,8.575e-05,28.0,0.002401
GRS/BTC,1539387933759,2018-10-12T23:45:33.759Z,buy,8.591e-05,135.0,0.01159785
GRS/BTC,1539387933759,2018-10-12T23:45:33.759Z,buy,8.592e-05,465.0,0.0399528
GRS/BTC,1539387933759,2018-10-12T23:45:33.759Z,buy,8.593e-05,1744.0,0.14986192
GRS/BTC,1539387933759,2018-10-12T23:45:33.759Z,buy,8.6e-05,1000.0,0.086
GRS/BTC,1539387933759,2018-10-12T23:45:33.759Z,buy,8.621e-05,68.0,0.00586228
GRS/BTC,1539387933759,2018-10-12T23:45:33.759Z,buy,8.625e-05,27.0,0.00232875
GRS/BTC,1539387933759,2018-10-12T23:45:33.759Z,buy,8.633e-05,12.0,0.0010359599999999
GRS/BTC,1539387933759,2018-10-12T23:45:33.759Z,buy,8.641e-05,727.0,0.0628200699999999
GRS/BTC,1539387933759,2018-10-12T23:45:33.759Z,buy,8.642e-05,39.0,0.00337038
GRS/BTC,1539387937809,2018-10-12T23:45:37.809Z,sell,8.477e-05,149.0,0.01263073
GRS/BTC,1539387939752,2018-10-12T23:45:39.752Z,buy,8.547e-05,1.0,8.547e-05
GRS/BTC,1539387980702,2018-10-12T23:46:20.702Z,buy,8.583e-05,18.0,0.0015449399999999
GRS/BTC,1539387994520,2018-10-12T23:46:34.520Z,buy,8.58e-05,59.0,0.0050622
GRS/BTC,1539388000570,2018-10-12T23:46:40.570Z,buy,8.58e-05,12.0,0.0010295999999999
GRS/BTC,1539388000756,2018-10-12T23:46:40.756Z,buy,8.58e-05,59.0,0.0050622
GRS/BTC,1539388021201,2018-10-12T23:47:01.201Z,buy,8.58e-05,15.0,0.001287
GRS/BTC,1539388207009,2018-10-12T23:50:07.009Z,sell,8.526e-05,32.0,0.00272832
GRS/BTC,1539388219186,2018-10-12T23:50:19.186Z,sell,8.526e-05,15.0,0.0012789
GRS/BTC,1539388243557,2018-10-12T23:50:43.557Z,sell,8.526e-05,18.0,0.0015346799999999
GRS/BTC,1539388939929,2018-10-13T00:02:19.929Z,sell,8.526e-05,17.0,0.0014494199999999
GRS/BTC,1539388940897,2018-10-13T00:02:20.897Z,sell,8.526e-05,16.0,0.00136416
GRS/BTC,1539388941905,2018-10-13T00:02:21.905Z,sell,8.526e-05,13.0,0.00110838
GRS/BTC,1539388942443,2018-10-13T00:02:22.443Z,sell,8.526e-05,2.0,0.00017052
GRS/BTC,1539388942443,2018-10-13T00:02:22.443Z,sell,8.525e-05,11.0,0.00093775
GRS/BTC,1539388943351,2018-10-13T00:02:23.351Z,sell,8.525e-05,13.0,0.00110825
GRS/BTC,1539388943887,2018-10-13T00:02:23.887Z,sell,8.525e-05,23.0,0.00196075
GRS/BTC,1539388944390,2018-10-13T00:02:24.390Z,sell,8.525e-05,23.0,0.00196075
GRS/BTC,1539388944918,2018-10-13T00:02:24.918Z,sell,8.525e-05,46.0,0.0039215
GRS/BTC,1539389015763,2018-10-13T00:03:35.763Z,sell,8.525e-05,12.0,0.001023
GRS/BTC,1539389015763,2018-10-13T00:03:35.763Z,sell,8.524e-05,1.0,8.524e-05
GRS/BTC,1539389016243,2018-10-13T00:03:36.243Z,sell,8.524e-05,13.0,0.00110812
GRS/BTC,1539389017435,2018-10-13T00:03:37.435Z,sell,8.524e-05,13.0,0.00110812
GRS/BTC,1539389018660,2018-10-13T00:03:38.660Z,sell,8.524e-05,13.0,0.00110812
GRS/BTC,1539389019212,2018-10-13T00:03:39.212Z,sell,8.524e-05,85.0,0.0072454
GRS/BTC,1539389021674,2018-10-13T00:03:41.674Z,sell,8.524e-05,36.0,0.00306864
GRS/BTC,1539389022375,2018-10-13T00:03:42.375Z,sell,8.524e-05,35.0,0.0029834
GRS/BTC,1539389023230,2018-10-13T00:03:43.230Z,sell,8.517e-05,15.0,0.00127755
GRS/BTC,1539389023657,2018-10-13T00:03:43.657Z,sell,8.517e-05,13.0,0.00110721
GRS/BTC,1539389024225,2018-10-13T00:03:44.225Z,sell,8.517e-05,2.0,0.00017034
GRS/BTC,1539389114182,2018-10-13T00:05:14.182Z,buy,8.516e-05,1.0,8.516e-05
GRS/BTC,1539389115816,2018-10-13T00:05:15.816Z,buy,8.516e-05,1.0,8.516e-05
GRS/BTC,1539389123384,2018-10-13T00:05:23.384Z,buy,8.516e-05,9.0,0.00076644
GRS/BTC,1539389230715,2018-10-13T00:07:10.715Z,sell,8.516e-05,59.0,0.00502444
GRS/BTC,1539389231239,2018-10-13T00:07:11.239Z,sell,8.516e-05,152.0,0.01294432
GRS/BTC,1539389231706,2018-10-13T00:07:11.706Z,sell,8.516e-05,125.0,0.010645
GRS/BTC,1539389232235,2018-10-13T00:07:12.235Z,sell,8.516e-05,122.0,0.01038952
GRS/BTC,1539389232863,2018-10-13T00:07:12.863Z,sell,8.516e-05,13.0,0.00110708
GRS/BTC,1539389233273,2018-10-13T00:07:13.273Z,sell,8.516e-05,13.0,0.00110708
GRS/BTC,1539389293817,2018-10-13T00:08:13.817Z,sell,8.516e-05,2.0,0.00017032
GRS/BTC,1539389324781,2018-10-13T00:08:44.781Z,sell,8.516e-05,13.0,0.00110708
GRS/BTC,1539389533078,2018-10-13T00:12:13.078Z,buy,8.523e-05,44.0,0.00375012
GRS/BTC,1539389533140,2018-10-13T00:12:13.140Z,buy,8.523e-05,34.0,0.0028978199999999
GRS/BTC,1539389781272,2018-10-13T00:16:21.272Z,sell,8.516e-05,13.0,0.00110708
GRS/BTC,1539389854813,2018-10-13T00:17:34.813Z,sell,8.516e-05,24.0,0.00204384
GRS/BTC,1539389868245,2018-10-13T00:17:48.245Z,sell,8.516e-05,77.0,0.00655732
GRS/BTC,1539389868643,2018-10-13T00:17:48.643Z,sell,8.516e-05,77.0,0.00655732
GRS/BTC,1539389913731,2018-10-13T00:18:33.731Z,buy,8.523e-05,7.0,0.00059661
GRS/BTC,1539389913731,2018-10-13T00:18:33.731Z,buy,8.543e-05,144.0,0.01230192
GRS/BTC,1539390838206,2018-10-13T00:33:58.206Z,sell,8.507e-05,50.0,0.0042534999999999
GRS/BTC,1539390838466,2018-10-13T00:33:58.466Z,sell,8.507e-05,68.0,0.00578476
GRS/BTC,1539390839210,2018-10-13T00:33:59.210Z,sell,8.507e-05,50.0,0.0042534999999999
GRS/BTC,1539390840240,2018-10-13T00:34:00.240Z,sell,8.507e-05,35.0,0.00297745
GRS/BTC,1539390841241,2018-10-13T00:34:01.241Z,sell,8.506e-05,31.0,0.00263686
GRS/BTC,1539390843309,2018-10-13T00:34:03.309Z,sell,8.504e-05,185.0,0.0157324
GRS/BTC,1539390843309,2018-10-13T00:34:03.309Z,sell,8.503e-05,166.0,0.01411498
GRS/BTC,1539390850941,2018-10-13T00:34:10.941Z,sell,8.5e-05,30.0,0.00255
GRS/BTC,1539390851222,2018-10-13T00:34:11.222Z,sell,8.5e-05,32.0,0.00272
GRS/BTC,1539390851250,2018-10-13T00:34:11.250Z,sell,8.5e-05,50.0,0.00425
GRS/BTC,1539390851250,2018-10-13T00:34:11.250Z,sell,8.5e-05,50.0,0.00425
GRS/BTC,1539391320430,2018-10-13T00:42:00.430Z,sell,8.5e-05,19.0,0.001615
GRS/BTC,1539391563953,2018-10-13T00:46:03.953Z,sell,8.5e-05,19.0,0.001615
GRS/BTC,1539391564840,2018-10-13T00:46:04.840Z,sell,8.5e-05,19.0,0.001615
GRS/BTC,1539391565837,2018-10-13T00:46:05.837Z,sell,8.5e-05,13.0,0.001105
GRS/BTC,1539391566272,2018-10-13T00:46:06.272Z,sell,8.5e-05,13.0,0.001105
GRS/BTC,1539391671269,2018-10-13T00:47:51.269Z,sell,8.5e-05,1.0,8.5e-05
GRS/BTC,1539392096308,2018-10-13T00:54:56.308Z,buy,8.566e-05,17.0,0.00145622
GRS/BTC,1539392585120,2018-10-13T01:03:05.120Z,buy,8.566e-05,1.0,8.566e-05
GRS/BTC,1539392637729,2018-10-13T01:03:57.729Z,sell,8.5e-05,574.0,0.04879
GRS/BTC,1539392644820,2018-10-13T01:04:04.820Z,sell,8.488e-05,216.0,0.01833408
GRS/BTC,1539392853831,2018-10-13T01:07:33.831Z,sell,8.484e-05,425.0,0.036057
GRS/BTC,1539392853831,2018-10-13T01:07:33.831Z,sell,8.478e-05,58.0,0.00491724
GRS/BTC,1539392865123,2018-10-13T01:07:45.123Z,sell,8.478e-05,169.0,0.01432782
GRS/BTC,1539392904096,2018-10-13T01:08:24.096Z,sell,8.475e-05,13.0,0.00110175
GRS/BTC,1539392914010,2018-10-13T01:08:34.010Z,sell,8.475e-05,15.0,0.00127125
GRS/BTC,1539392914010,2018-10-13T01:08:34.010Z,sell,8.465e-05,66.0,0.0055869
GRS/BTC,1539392933637,2018-10-13T01:08:53.637Z,sell,8.45e-05,29.0,0.0024505
GRS/BTC,1539392933637,2018-10-13T01:08:53.637Z,sell,8.445e-05,33.0,0.00278685
GRS/BTC,1539392933637,2018-10-13T01:08:53.637Z,sell,8.43e-05,847.0,0.0714021
GRS/BTC,1539392942972,2018-10-13T01:09:02.972Z,buy,8.515e-05,1.0,8.515e-05
GRS/BTC,1539392965197,2018-10-13T01:09:25.197Z,sell,8.45e-05,13.0,0.0010984999999999
GRS/BTC,1539392975027,2018-10-13T01:09:35.027Z,sell,8.45e-05,105.0,0.0088725
GRS/BTC,1539392981682,2018-10-13T01:09:41.682Z,sell,8.431e-05,356.0,0.03001436
GRS/BTC,1539392993701,2018-10-13T01:09:53.701Z,sell,8.431e-05,192.0,0.01618752
GRS/BTC,1539393143151,2018-10-13T01:12:23.151Z,sell,8.433e-05,24.0,0.00202392
GRS/BTC,1539393178058,2018-10-13T01:12:58.058Z,buy,8.469e-05,70.0,0.0059283
GRS/BTC,1539393183962,2018-10-13T01:13:03.962Z,buy,8.465e-05,28.0,0.0023702
GRS/BTC,1539393204339,2018-10-13T01:13:24.339Z,sell,8.465e-05,19.0,0.00160835
GRS/BTC,1539393204339,2018-10-13T01:13:24.339Z,sell,8.433e-05,5.0,0.00042165
GRS/BTC,1539393216469,2018-10-13T01:13:36.469Z,buy,8.479e-05,29.0,0.00245891
GRS/BTC,1539393218127,2018-10-13T01:13:38.127Z,sell,8.479e-05,18.0,0.00152622
GRS/BTC,1539393219187,2018-10-13T01:13:39.187Z,buy,8.479e-05,80.0,0.0067832
GRS/BTC,1539393895643,2018-10-13T01:24:55.643Z,sell,8.439e-05,22.0,0.00185658
GRS/BTC,1539393925361,2018-10-13T01:25:25.361Z,buy,8.48e-05,22.0,0.0018656
GRS/BTC,1539393928062,2018-10-13T01:25:28.062Z,buy,8.481e-05,168.0,0.01424808
GRS/BTC,1539393931376,2018-10-13T01:25:31.376Z,buy,8.481e-05,1.0,8.481e-05
GRS/BTC,1539393977961,2018-10-13T01:26:17.961Z,sell,8.441e-05,21.0,0.00177261
GRS/BTC,1539393977961,2018-10-13T01:26:17.961Z,sell,8.441e-05,21.0,0.00177261
GRS/BTC,1539394896364,2018-10-13T01:41:36.364Z,buy,8.478e-05,6.0,0.00050868
GRS/BTC,1539395672014,2018-10-13T01:54:32.014Z,sell,8.432e-05,145.0,0.0122264
GRS/BTC,1539395672014,2018-10-13T01:54:32.014Z,sell,8.431e-05,273.0,0.02301663
GRS/BTC,1539395675143,2018-10-13T01:54:35.143Z,sell,8.432e-05,19.0,0.00160208
GRS/BTC,1539395733574,2018-10-13T01:55:33.574Z,buy,8.471e-05,47.0,0.00398137
GRS/BTC,1539395734215,2018-10-13T01:55:34.215Z,buy,8.471e-05,70.0,0.0059296999999999
GRS/BTC,1539395734904,2018-10-13T01:55:34.904Z,buy,8.471e-05,28.0,0.00237188
GRS/BTC,1539395734946,2018-10-13T01:55:34.946Z,sell,8.471e-05,77.0,0.0065226699999999
GRS/BTC,1539395735889,2018-10-13T01:55:35.889Z,buy,8.481e-05,3.0,0.00025443
GRS/BTC,1539395735919,2018-10-13T01:55:35.919Z,sell,8.481e-05,67.0,0.00568227
GRS/BTC,1539396479798,2018-10-13T02:07:59.798Z,buy,8.504e-05,1.0,8.504e-05
GRS/BTC,1539396577801,2018-10-13T02:09:37.801Z,buy,8.504e-05,60.0,0.0051024
GRS/BTC,1539396610395,2018-10-13T02:10:10.395Z,sell,8.434e-05,64.0,0.00539776
GRS/BTC,1539396926252,2018-10-13T02:15:26.252Z,sell,8.436e-05,32.0,0.00269952
GRS/BTC,1539396988437,2018-10-13T02:16:28.437Z,sell,8.435e-05,32.0,0.0026992
GRS/BTC,1539397512348,2018-10-13T02:25:12.348Z,sell,8.436e-05,136.0,0.0114729599999999
GRS/BTC,1539397512348,2018-10-13T02:25:12.348Z,sell,8.435e-05,761.0,0.06419035
GRS/BTC,1539397512348,2018-10-13T02:25:12.348Z,sell,8.436e-05,136.0,0.0114729599999999
GRS/BTC,1539397512348,2018-10-13T02:25:12.348Z,sell,8.435e-05,761.0,0.06419035
GRS/BTC,1539397690503,2018-10-13T02:28:10.503Z,buy,8.481e-05,13.0,0.00110253
GRS/BTC,1539398106408,2018-10-13T02:35:06.408Z,buy,8.479e-05,124.0,0.01051396
GRS/BTC,1539398106408,2018-10-13T02:35:06.408Z,buy,8.48e-05,345.0,0.029256
GRS/BTC,1539398264820,2018-10-13T02:37:44.820Z,sell,8.43e-05,3.0,0.0002529
GRS/BTC,1539398392198,2018-10-13T02:39:52.198Z,sell,8.434e-05,3.0,0.0002530199999999
GRS/BTC,1539398595563,2018-10-13T02:43:15.563Z,buy,8.488e-05,107.0,0.00908216
GRS/BTC,1539398596403,2018-10-13T02:43:16.403Z,buy,8.488e-05,53.0,0.00449864
GRS/BTC,1539398597027,2018-10-13T02:43:17.027Z,buy,8.488e-05,53.0,0.00449864
GRS/BTC,1539398709207,2018-10-13T02:45:09.207Z,buy,8.499e-05,54.0,0.00458946
GRS/BTC,1539398711433,2018-10-13T02:45:11.433Z,buy,8.499e-05,27.0,0.00229473
GRS/BTC,1539398712288,2018-10-13T02:45:12.288Z,buy,8.499e-05,14.0,0.00118986
GRS/BTC,1539398712799,2018-10-13T02:45:12.799Z,buy,8.499e-05,14.0,0.00118986
GRS/BTC,1539398715587,2018-10-13T02:45:15.587Z,buy,8.499e-05,13.0,0.00110487
GRS/BTC,1539398715926,2018-10-13T02:45:15.926Z,buy,8.499e-05,13.0,0.00110487
GRS/BTC,1539398739679,2018-10-13T02:45:39.679Z,buy,8.499e-05,13.0,0.00110487
GRS/BTC,1539398740458,2018-10-13T02:45:40.458Z,buy,8.499e-05,7.0,0.00059493
GRS/BTC,1539398740641,2018-10-13T02:45:40.641Z,sell,8.499e-05,6.0,0.00050994
GRS/BTC,1539398749778,2018-10-13T02:45:49.778Z,buy,8.499e-05,13.0,0.00110487
GRS/BTC,1539398750467,2018-10-13T02:45:50.467Z,buy,8.499e-05,13.0,0.00110487
GRS/BTC,1539398755032,2018-10-13T02:45:55.032Z,buy,8.499e-05,3.0,0.00025497
GRS/BTC,1539398756189,2018-10-13T02:45:56.189Z,sell,8.5e-05,13.0,0.001105
GRS/BTC,1539398756189,2018-10-13T02:45:56.189Z,sell,8.499e-05,10.0,0.0008499
GRS/BTC,1539398756963,2018-10-13T02:45:56.963Z,buy,8.499e-05,23.0,0.0019547699999999
GRS/BTC,1539398756963,2018-10-13T02:45:56.963Z,buy,8.505e-05,30.0,0.0025515
GRS/BTC,1539398757919,2018-10-13T02:45:57.919Z,buy,8.505e-05,26.0,0.0022113
GRS/BTC,1539398758885,2018-10-13T02:45:58.885Z,buy,8.505e-05,13.0,0.00110565
GRS/BTC,1539398760795,2018-10-13T02:46:00.795Z,buy,8.505e-05,20.0,0.0017009999999999
GRS/BTC,1539398761728,2018-10-13T02:46:01.728Z,buy,8.505e-05,13.0,0.00110565
GRS/BTC,1539398762731,2018-10-13T02:46:02.731Z,buy,8.505e-05,24.0,0.0020412
GRS/BTC,1539398765086,2018-10-13T02:46:05.086Z,buy,8.505e-05,101.0,0.00859005
GRS/BTC,1539398766039,2018-10-13T02:46:06.039Z,buy,8.505e-05,51.0,0.00433755
GRS/BTC,1539398767028,2018-10-13T02:46:07.028Z,buy,8.505e-05,25.0,0.0021262499999999
GRS/BTC,1539398773103,2018-10-13T02:46:13.103Z,buy,8.505e-05,13.0,0.00110565
GRS/BTC,1539398775813,2018-10-13T02:46:15.813Z,buy,8.505e-05,12.0,0.0010206
GRS/BTC,1539398776787,2018-10-13T02:46:16.787Z,buy,8.508e-05,34.0,0.00289272
GRS/BTC,1539398777738,2018-10-13T02:46:17.738Z,buy,8.508e-05,17.0,0.00144636
GRS/BTC,1539398778067,2018-10-13T02:46:18.067Z,sell,8.505e-05,1.0,8.505e-05
GRS/BTC,1539398778778,2018-10-13T02:46:18.778Z,buy,8.505e-05,13.0,0.00110565
GRS/BTC,1539398779736,2018-10-13T02:46:19.736Z,buy,8.5e-05,13.0,0.001105
GRS/BTC,1539398780798,2018-10-13T02:46:20.798Z,buy,8.5e-05,93.0,0.007905
GRS/BTC,1539398781728,2018-10-13T02:46:21.728Z,buy,8.5e-05,46.0,0.00391
GRS/BTC,1539398782798,2018-10-13T02:46:22.798Z,buy,8.5e-05,23.0,0.001955
GRS/BTC,1539398783786,2018-10-13T02:46:23.786Z,buy,8.5e-05,13.0,0.001105
GRS/BTC,1539398784775,2018-10-13T02:46:24.775Z,buy,8.5e-05,10.0,0.00085
GRS/BTC,1539398785469,2018-10-13T02:46:25.469Z,sell,8.5e-05,3.0,0.000255
GRS/BTC,1539398785785,2018-10-13T02:46:25.785Z,buy,8.5e-05,28.0,0.00238
GRS/BTC,1539398786785,2018-10-13T02:46:26.785Z,buy,8.5e-05,13.0,0.001105
GRS/BTC,1539398787780,2018-10-13T02:46:27.780Z,buy,8.5e-05,3.0,0.000255
GRS/BTC,1539398788694,2018-10-13T02:46:28.694Z,buy,8.505e-05,28.0,0.0023813999999999
GRS/BTC,1539398788740,2018-10-13T02:46:28.740Z,sell,8.5e-05,10.0,0.00085
GRS/BTC,1539398789814,2018-10-13T02:46:29.814Z,buy,8.5e-05,19.0,0.001615
GRS/BTC,1539398790819,2018-10-13T02:46:30.819Z,buy,8.5e-05,13.0,0.001105
GRS/BTC,1539398791808,2018-10-13T02:46:31.808Z,buy,8.5e-05,5.0,0.000425
GRS/BTC,1539398792763,2018-10-13T02:46:32.763Z,buy,8.505e-05,14.0,0.0011906999999999
GRS/BTC,1539398793729,2018-10-13T02:46:33.729Z,buy,8.505e-05,13.0,0.00110565
GRS/BTC,1539398794564,2018-10-13T02:46:34.564Z,sell,8.5e-05,8.0,0.00068
GRS/BTC,1539398794743,2018-10-13T02:46:34.743Z,buy,8.5e-05,13.0,0.001105
GRS/BTC,1539398795734,2018-10-13T02:46:35.734Z,buy,8.5e-05,25.0,0.002125
GRS/BTC,1539398809805,2018-10-13T02:46:49.805Z,sell,8.441e-05,1.0,8.441e-05
GRS/BTC,1539398838167,2018-10-13T02:47:18.167Z,sell,8.443e-05,24.0,0.00202632
GRS/BTC,1539399366796,2018-10-13T02:56:06.796Z,sell,8.436e-05,13.0,0.00109668
GRS/BTC,1539399427809,2018-10-13T02:57:07.809Z,sell,8.436e-05,13.0,0.00109668
GRS/BTC,1539399719456,2018-10-13T03:01:59.456Z,buy,8.498e-05,1.0,8.498e-05
GRS/BTC,1539400478971,2018-10-13T03:14:38.971Z,buy,8.474e-05,12.0,0.00101688
GRS/BTC,1539400541025,2018-10-13T03:15:41.025Z,buy,8.5e-05,36.0,0.00306
GRS/BTC,1539400541025,2018-10-13T03:15:41.025Z,buy,8.505e-05,553.0,0.0470326499999999
GRS/BTC,1539400542157,2018-10-13T03:15:42.157Z,buy,8.505e-05,126.0,0.0107163
GRS/BTC,1539400542186,2018-10-13T03:15:42.186Z,buy,8.505e-05,188.0,0.0159893999999999
GRS/BTC,1539400542186,2018-10-13T03:15:42.186Z,buy,8.518e-05,9.0,0.00076662
GRS/BTC,1539400542269,2018-10-13T03:15:42.269Z,buy,8.518e-05,57.0,0.0048552599999999
GRS/BTC,1539400542959,2018-10-13T03:15:42.959Z,buy,8.542e-05,58.0,0.00495436
GRS/BTC,1539400542981,2018-10-13T03:15:42.981Z,sell,8.542e-05,135.0,0.0115317
GRS/BTC,1539400575262,2018-10-13T03:16:15.262Z,sell,8.478e-05,126.0,0.01068228
GRS/BTC,1539400826769,2018-10-13T03:20:26.769Z,sell,8.479e-05,6.0,0.00050874
GRS/BTC,1539400891365,2018-10-13T03:21:31.365Z,sell,8.479e-05,6.0,0.00050874
GRS/BTC,1539400891365,2018-10-13T03:21:31.365Z,sell,8.479e-05,6.0,0.00050874
GRS/BTC,1539401434803,2018-10-13T03:30:34.803Z,sell,8.479e-05,1.0,8.479e-05
GRS/BTC,1539402501694,2018-10-13T03:48:21.694Z,buy,8.534e-05,138.0,0.01177692
GRS/BTC,1539402517698,2018-10-13T03:48:37.698Z,sell,8.534e-05,33.0,0.00281622
GRS/BTC,1539402517879,2018-10-13T03:48:37.879Z,sell,8.534e-05,80.0,0.0068272
GRS/BTC,1539402518518,2018-10-13T03:48:38.518Z,sell,8.534e-05,64.0,0.00546176
GRS/BTC,1539402518734,2018-10-13T03:48:38.734Z,buy,8.533e-05,12.0,0.00102396
GRS/BTC,1539402518774,2018-10-13T03:48:38.774Z,buy,8.533e-05,1.0,8.533e-05
GRS/BTC,1539402518774,2018-10-13T03:48:38.774Z,buy,8.534e-05,128.0,0.01092352
GRS/BTC,1539402518848,2018-10-13T03:48:38.848Z,buy,8.544e-05,58.0,0.00495552
GRS/BTC,1539402518948,2018-10-13T03:48:38.948Z,sell,8.536e-05,80.0,0.0068287999999999
GRS/BTC,1539402518994,2018-10-13T03:48:38.994Z,sell,8.536e-05,60.0,0.0051216
GRS/BTC,1539402518994,2018-10-13T03:48:38.994Z,sell,8.534e-05,27.0,0.00230418
GRS/BTC,1539402519192,2018-10-13T03:48:39.192Z,sell,8.534e-05,8.0,0.00068272
GRS/BTC,1539402519192,2018-10-13T03:48:39.192Z,sell,8.48e-05,23.0,0.0019504
GRS/BTC,1539402519192,2018-10-13T03:48:39.192Z,sell,8.462e-05,58.0,0.00490796
GRS/BTC,1539402519192,2018-10-13T03:48:39.192Z,sell,8.454e-05,6.0,0.00050724
GRS/BTC,1539402520371,2018-10-13T03:48:40.371Z,sell,8.534e-05,125.0,0.0106675
GRS/BTC,1539402520556,2018-10-13T03:48:40.556Z,sell,8.534e-05,125.0,0.0106675
GRS/BTC,1539402687817,2018-10-13T03:51:27.817Z,buy,8.526e-05,56.0,0.00477456
GRS/BTC,1539402882279,2018-10-13T03:54:42.279Z,sell,8.457e-05,10.0,0.0008457
GRS/BTC,1539403160500,2018-10-13T03:59:20.500Z,sell,8.457e-05,12.0,0.00101484
GRS/BTC,1539403160500,2018-10-13T03:59:20.500Z,sell,8.456e-05,199.0,0.01682744
GRS/BTC,1539403160500,2018-10-13T03:59:20.500Z,sell,8.454e-05,237.0,0.02003598
GRS/BTC,1539403160500,2018-10-13T03:59:20.500Z,sell,8.429e-05,75.0,0.0063217499999999
GRS/BTC,1539403160500,2018-10-13T03:59:20.500Z,sell,8.427e-05,155.0,0.01306185
GRS/BTC,1539403160500,2018-10-13T03:59:20.500Z,sell,8.425e-05,1044.0,0.087957
GRS/BTC,1539403160500,2018-10-13T03:59:20.500Z,sell,8.422e-05,24.0,0.00202128
GRS/BTC,1539403160500,2018-10-13T03:59:20.500Z,sell,8.406e-05,100.0,0.008406
GRS/BTC,1539403160500,2018-10-13T03:59:20.500Z,sell,8.405e-05,490.0,0.0411845
GRS/BTC,1539403160500,2018-10-13T03:59:20.500Z,sell,8.401e-05,789.0,0.06628389
GRS/BTC,1539403160500,2018-10-13T03:59:20.500Z,sell,8.4e-05,1059.0,0.088956
GRS/BTC,1539403164114,2018-10-13T03:59:24.114Z,buy,8.458e-05,70.0,0.0059206
GRS/BTC,1539403164896,2018-10-13T03:59:24.896Z,buy,8.458e-05,35.0,0.0029603
GRS/BTC,1539403165134,2018-10-13T03:59:25.134Z,buy,8.458e-05,47.0,0.00397526
GRS/BTC,1539403165494,2018-10-13T03:59:25.494Z,buy,8.458e-05,70.0,0.0059206
GRS/BTC,1539403167204,2018-10-13T03:59:27.204Z,buy,8.458e-05,70.0,0.0059206
GRS/BTC,1539403168817,2018-10-13T03:59:28.817Z,buy,8.458e-05,94.0,0.00795052
GRS/BTC,1539403169018,2018-10-13T03:59:29.018Z,buy,8.458e-05,47.0,0.00397526
GRS/BTC,1539403169032,2018-10-13T03:59:29.032Z,buy,8.458e-05,59.0,0.00499022
GRS/BTC,1539403169393,2018-10-13T03:59:29.393Z,buy,8.458e-05,70.0,0.0059206
GRS/BTC,1539403169461,2018-10-13T03:59:29.461Z,buy,8.458e-05,94.0,0.00795052
GRS/BTC,1539403170239,2018-10-13T03:59:30.239Z,buy,8.458e-05,70.0,0.0059206
GRS/BTC,1539403171540,2018-10-13T03:59:31.540Z,buy,8.458e-05,63.0,0.00532854
GRS/BTC,1539403287808,2018-10-13T04:01:27.808Z,buy,8.499e-05,29.0,0.0024647099999999
GRS/BTC,1539403314088,2018-10-13T04:01:54.088Z,buy,8.5e-05,168.0,0.01428
GRS/BTC,1539403431449,2018-10-13T04:03:51.449Z,buy,8.5e-05,548.0,0.04658
GRS/BTC,1539403432621,2018-10-13T04:03:52.621Z,buy,8.499e-05,3.0,0.00025497
GRS/BTC,1539403482884,2018-10-13T04:04:42.884Z,buy,8.499e-05,168.0,0.0142783199999999
GRS/BTC,1539403530675,2018-10-13T04:05:30.675Z,buy,8.499e-05,2.0,0.00016998
GRS/BTC,1539403532299,2018-10-13T04:05:32.299Z,buy,8.499e-05,1.0,8.499e-05
GRS/BTC,1539403857276,2018-10-13T04:10:57.276Z,buy,8.499e-05,374.0,0.03178626
GRS/BTC,1539403857276,2018-10-13T04:10:57.276Z,buy,8.5e-05,287.0,0.024395
GRS/BTC,1539403860451,2018-10-13T04:11:00.451Z,buy,8.5e-05,2.0,0.00017
GRS/BTC,1539404049193,2018-10-13T04:14:09.193Z,buy,8.5e-05,37.0,0.003145
GRS/BTC,1539404049193,2018-10-13T04:14:09.193Z,buy,8.5e-05,37.0,0.003145
GRS/BTC,1539404614640,2018-10-13T04:23:34.640Z,buy,8.5e-05,284.0,0.02414
GRS/BTC,1539404654674,2018-10-13T04:24:14.674Z,buy,8.5e-05,10.0,0.00085
GRS/BTC,1539404654674,2018-10-13T04:24:14.674Z,buy,8.507e-05,194.0,0.01650358
GRS/BTC,1539404654674,2018-10-13T04:24:14.674Z,buy,8.509e-05,66.0,0.00561594
GRS/BTC,1539404654674,2018-10-13T04:24:14.674Z,buy,8.525e-05,25.0,0.00213125
GRS/BTC,1539404759203,2018-10-13T04:25:59.203Z,buy,8.525e-05,369.0,0.03145725
GRS/BTC,1539405124391,2018-10-13T04:32:04.391Z,buy,8.524e-05,348.0,0.02966352
GRS/BTC,1539405124391,2018-10-13T04:32:04.391Z,buy,8.526e-05,2.0,0.00017052
GRS/BTC,1539405124391,2018-10-13T04:32:04.391Z,buy,8.533e-05,125.0,0.01066625
GRS/BTC,1539405124391,2018-10-13T04:32:04.391Z,buy,8.535e-05,21.0,0.00179235
GRS/BTC,1539405378934,2018-10-13T04:36:18.934Z,buy,8.535e-05,227.0,0.01937445
GRS/BTC,1539405789467,2018-10-13T04:43:09.467Z,buy,8.535e-05,151.0,0.01288785
GRS/BTC,1539405814006,2018-10-13T04:43:34.006Z,buy,8.535e-05,113.0,0.00964455
GRS/BTC,1539405931199,2018-10-13T04:45:31.199Z,buy,8.535e-05,195.0,0.01664325
GRS/BTC,1539406253552,2018-10-13T04:50:53.552Z,buy,8.535e-05,79.0,0.00674265
GRS/BTC,1539406253552,2018-10-13T04:50:53.552Z,buy,8.539e-05,53.0,0.00452567
GRS/BTC,1539406397963,2018-10-13T04:53:17.963Z,buy,8.539e-05,1.0,8.539e-05
GRS/BTC,1539407264123,2018-10-13T05:07:44.123Z,sell,8.487e-05,1.0,8.487e-05
GRS/BTC,1539407264123,2018-10-13T05:07:44.123Z,sell,8.487e-05,1.0,8.487e-05
GRS/BTC,1539407900667,2018-10-13T05:18:20.667Z,sell,8.476e-05,11.0,0.0009323599999999
GRS/BTC,1539407900693,2018-10-13T05:18:20.693Z,sell,8.476e-05,18.0,0.00152568
GRS/BTC,1539407900693,2018-10-13T05:18:20.693Z,sell,8.475e-05,46.0,0.0038985
GRS/BTC,1539407901141,2018-10-13T05:18:21.141Z,sell,8.475e-05,11.0,0.00093225
GRS/BTC,1539407971013,2018-10-13T05:19:31.013Z,sell,8.475e-05,63.0,0.00533925
GRS/BTC,1539407972283,2018-10-13T05:19:32.283Z,sell,8.475e-05,70.0,0.0059325
GRS/BTC,1539407973407,2018-10-13T05:19:33.407Z,sell,8.475e-05,5.0,0.00042375
GRS/BTC,1539408006754,2018-10-13T05:20:06.754Z,sell,8.47e-05,30.0,0.002541
GRS/BTC,1539408008080,2018-10-13T05:20:08.080Z,sell,8.47e-05,7.0,0.0005928999999999
GRS/BTC,1539408008080,2018-10-13T05:20:08.080Z,sell,8.44e-05,40.0,0.003376
GRS/BTC,1539408016555,2018-10-13T05:20:16.555Z,sell,8.442e-05,184.0,0.0155332799999999
GRS/BTC,1539408016555,2018-10-13T05:20:16.555Z,sell,8.441e-05,107.0,0.00903187
GRS/BTC,1539408171096,2018-10-13T05:22:51.096Z,sell,8.441e-05,16.0,0.00135056
GRS/BTC,1539408230960,2018-10-13T05:23:50.960Z,sell,8.441e-05,15.0,0.00126615
GRS/BTC,1539408897696,2018-10-13T05:34:57.696Z,sell,8.45e-05,60.0,0.00507
GRS/BTC,1539409805160,2018-10-13T05:50:05.160Z,sell,8.45e-05,12.0,0.001014
GRS/BTC,1539409863110,2018-10-13T05:51:03.110Z,sell,8.441e-05,35.0,0.00295435
GRS/BTC,1539409950401,2018-10-13T05:52:30.401Z,buy,8.476e-05,18.0,0.00152568
GRS/BTC,1539410043153,2018-10-13T05:54:03.153Z,sell,8.441e-05,38.0,0.00320758
GRS/BTC,1539410043153,2018-10-13T05:54:03.153Z,sell,8.425e-05,226.0,0.0190405
GRS/BTC,1539410043819,2018-10-13T05:54:03.819Z,buy,8.425e-05,141.0,0.01187925
GRS/BTC,1539410102271,2018-10-13T05:55:02.271Z,sell,8.401e-05,120.0,0.0100812
GRS/BTC,1539410102271,2018-10-13T05:55:02.271Z,sell,8.4e-05,301.0,0.0252839999999999
GRS/BTC,1539410103482,2018-10-13T05:55:03.482Z,buy,8.425e-05,16.0,0.001348
GRS/BTC,1539410163436,2018-10-13T05:56:03.436Z,buy,8.469e-05,35.0,0.00296415
GRS/BTC,1539410269683,2018-10-13T05:57:49.683Z,sell,8.438e-05,118.0,0.00995684
GRS/BTC,1539410278756,2018-10-13T05:57:58.756Z,buy,8.459e-05,1.0,8.459e-05
GRS/BTC,1539410392200,2018-10-13T05:59:52.200Z,sell,8.414e-05,12.0,0.00100968
GRS/BTC,1539410859205,2018-10-13T06:07:39.205Z,buy,8.456e-05,206.0,0.01741936
GRS/BTC,1539410859205,2018-10-13T06:07:39.205Z,buy,8.46e-05,120.0,0.010152
GRS/BTC,1539410859205,2018-10-13T06:07:39.205Z,buy,8.456e-05,206.0,0.01741936
GRS/BTC,1539410859205,2018-10-13T06:07:39.205Z,buy,8.46e-05,120.0,0.010152
GRS/BTC,1539410928618,2018-10-13T06:08:48.618Z,buy,8.468e-05,1.0,8.468e-05
GRS/BTC,1539412136225,2018-10-13T06:28:56.225Z,buy,8.467e-05,2.0,0.00016934
GRS/BTC,1539412339135,2018-10-13T06:32:19.135Z,sell,8.408e-05,22.0,0.0018497599999999
GRS/BTC,1539412339417,2018-10-13T06:32:19.417Z,buy,8.408e-05,48.0,0.00403584
GRS/BTC,1539412339922,2018-10-13T06:32:19.922Z,sell,8.402e-05,70.0,0.0058814
GRS/BTC,1539412340670,2018-10-13T06:32:20.670Z,sell,8.402e-05,22.0,0.00184844
GRS/BTC,1539412561606,2018-10-13T06:36:01.606Z,sell,8.41e-05,1749.0,0.1470909
GRS/BTC,1539412561606,2018-10-13T06:36:01.606Z,sell,8.409e-05,167.0,0.01404303
GRS/BTC,1539412561606,2018-10-13T06:36:01.606Z,sell,8.402e-05,1848.0,0.1552689599999999
GRS/BTC,1539412561878,2018-10-13T06:36:01.878Z,buy,8.402e-05,386.0,0.03243172
GRS/BTC,1539412564598,2018-10-13T06:36:04.598Z,buy,8.457e-05,167.0,0.0141231899999999
GRS/BTC,1539412564598,2018-10-13T06:36:04.598Z,buy,8.458e-05,35.0,0.0029603
GRS/BTC,1539412564598,2018-10-13T06:36:04.598Z,buy,8.459e-05,138.0,0.01167342
GRS/BTC,1539412812010,2018-10-13T06:40:12.010Z,sell,8.412e-05,37.0,0.00311244
GRS/BTC,1539412812010,2018-10-13T06:40:12.010Z,sell,8.411e-05,386.0,0.03246646
GRS/BTC,1539412840430,2018-10-13T06:40:40.430Z,sell,8.402e-05,386.0,0.03243172
GRS/BTC,1539412840430,2018-10-13T06:40:40.430Z,sell,8.4e-05,575.0,0.0482999999999999
GRS/BTC,1539413313808,2018-10-13T06:48:33.808Z,sell,8.402e-05,2300.0,0.193246
GRS/BTC,1539413313808,2018-10-13T06:48:33.808Z,sell,8.4e-05,366.0,0.0307439999999999
GRS/BTC,1539413313808,2018-10-13T06:48:33.808Z,sell,8.398e-05,197.0,0.01654406
GRS/BTC,1539413313808,2018-10-13T06:48:33.808Z,sell,8.396e-05,27.0,0.00226692
GRS/BTC,1539413518902,2018-10-13T06:51:58.902Z,buy,8.453e-05,18.0,0.00152154
GRS/BTC,1539413518902,2018-10-13T06:51:58.902Z,buy,8.454e-05,243.0,0.02054322
GRS/BTC,1539413518902,2018-10-13T06:51:58.902Z,buy,8.462e-05,92.0,0.00778504
GRS/BTC,1539413518902,2018-10-13T06:51:58.902Z,buy,8.466e-05,208.0,0.01760928
GRS/BTC,1539413518902,2018-10-13T06:51:58.902Z,buy,8.499e-05,139.0,0.01181361
GRS/BTC,1539413588701,2018-10-13T06:53:08.701Z,buy,8.478e-05,36.0,0.00305208
GRS/BTC,1539413666940,2018-10-13T06:54:26.940Z,sell,8.417e-05,21.0,0.00176757
GRS/BTC,1539413725657,2018-10-13T06:55:25.657Z,sell,8.416e-05,20.0,0.0016832
GRS/BTC,1539413903752,2018-10-13T06:58:23.752Z,sell,8.416e-05,31.0,0.00260896
GRS/BTC,1539413903752,2018-10-13T06:58:23.752Z,sell,8.416e-05,31.0,0.00260896
GRS/BTC,1539414465295,2018-10-13T07:07:45.295Z,buy,8.472e-05,1.0,8.472e-05
GRS/BTC,1539414720621,2018-10-13T07:12:00.621Z,buy,8.472e-05,19.0,0.00160968
GRS/BTC,1539414720621,2018-10-13T07:12:00.621Z,buy,8.473e-05,8.0,0.00067784
GRS/BTC,1539414783504,2018-10-13T07:13:03.504Z,sell,8.417e-05,29.0,0.00244093
GRS/BTC,1539415244478,2018-10-13T07:20:44.478Z,buy,8.465e-05,18.0,0.0015237
GRS/BTC,1539415244738,2018-10-13T07:20:44.738Z,buy,8.465e-05,20.0,0.001693
GRS/BTC,1539415244757,2018-10-13T07:20:44.757Z,buy,8.465e-05,20.0,0.001693
GRS/BTC,1539415244886,2018-10-13T07:20:44.886Z,buy,8.465e-05,96.0,0.0081263999999999
GRS/BTC,1539415245133,2018-10-13T07:20:45.133Z,buy,8.465e-05,20.0,0.001693
GRS/BTC,1539415245152,2018-10-13T07:20:45.152Z,buy,8.465e-05,1054.0,0.0892211
GRS/BTC,1539416206092,2018-10-13T07:36:46.092Z,buy,8.454e-05,18.0,0.00152172
GRS/BTC,1539416556861,2018-10-13T07:42:36.861Z,sell,8.406e-05,16.0,0.00134496
GRS/BTC,1539416852703,2018-10-13T07:47:32.703Z,sell,8.404e-05,22.0,0.00184888
GRS/BTC,1539416852703,2018-10-13T07:47:32.703Z,sell,8.402e-05,26.0,0.00218452
GRS/BTC,1539417053650,2018-10-13T07:50:53.650Z,buy,8.446e-05,104.0,0.00878384
GRS/BTC,1539417054052,2018-10-13T07:50:54.052Z,buy,8.446e-05,22.0,0.00185812
GRS/BTC,1539417133810,2018-10-13T07:52:13.810Z,buy,8.446e-05,7.0,0.00059122
GRS/BTC,1539417133810,2018-10-13T07:52:13.810Z,buy,8.456e-05,152.0,0.01285312
GRS/BTC,1539417310866,2018-10-13T07:55:10.866Z,sell,8.4e-05,96.0,0.008064
GRS/BTC,1539417311544,2018-10-13T07:55:11.544Z,sell,8.4e-05,97.0,0.0081479999999999
GRS/BTC,1539417311544,2018-10-13T07:55:11.544Z,sell,8.4e-05,97.0,0.0081479999999999
GRS/BTC,1539417506453,2018-10-13T07:58:26.453Z,buy,8.454e-05,37.0,0.00312798
GRS/BTC,1539417513650,2018-10-13T07:58:33.650Z,sell,8.401e-05,89.0,0.00747689
GRS/BTC,1539417513650,2018-10-13T07:58:33.650Z,sell,8.4e-05,11.0,0.0009239999999999
GRS/BTC,1539417514580,2018-10-13T07:58:34.580Z,sell,8.4e-05,122.0,0.010248
GRS/BTC,1539417514580,2018-10-13T07:58:34.580Z,sell,8.399e-05,2.0,0.00016798
GRS/BTC,1539417515223,2018-10-13T07:58:35.223Z,sell,8.399e-05,124.0,0.01041476
GRS/BTC,1539417515533,2018-10-13T07:58:35.533Z,sell,8.399e-05,36.0,0.00302364
GRS/BTC,1539417515533,2018-10-13T07:58:35.533Z,sell,8.397e-05,98.0,0.00822906
GRS/BTC,1539417516299,2018-10-13T07:58:36.299Z,sell,8.401e-05,22.0,0.00184822
GRS/BTC,1539417516299,2018-10-13T07:58:36.299Z,sell,8.397e-05,58.0,0.0048702599999999
GRS/BTC,1539417516299,2018-10-13T07:58:36.299Z,sell,8.396e-05,54.0,0.00453384
GRS/BTC,1539417559643,2018-10-13T07:59:19.643Z,sell,8.401e-05,37.0,0.00310837
GRS/BTC,1539417559643,2018-10-13T07:59:19.643Z,sell,8.4e-05,60.0,0.0050399999999999
GRS/BTC,1539417559643,2018-10-13T07:59:19.643Z,sell,8.396e-05,2.0,0.00016792
GRS/BTC,1539417581656,2018-10-13T07:59:41.656Z,buy,8.453e-05,41.0,0.00346573
GRS/BTC,1539417830669,2018-10-13T08:03:50.669Z,sell,8.453e-05,80.0,0.0067624
GRS/BTC,1539417830672,2018-10-13T08:03:50.672Z,sell,8.453e-05,138.0,0.01166514
GRS/BTC,1539417830975,2018-10-13T08:03:50.975Z,sell,8.453e-05,138.0,0.01166514
GRS/BTC,1539417831077,2018-10-13T08:03:51.077Z,sell,8.453e-05,138.0,0.01166514
GRS/BTC,1539417831078,2018-10-13T08:03:51.078Z,sell,8.453e-05,28.0,0.00236684
GRS/BTC,1539417831238,2018-10-13T08:03:51.238Z,sell,8.453e-05,138.0,0.01166514
GRS/BTC,1539417831278,2018-10-13T08:03:51.278Z,sell,8.453e-05,43.0,0.00363479
GRS/BTC,1539417831339,2018-10-13T08:03:51.339Z,sell,8.453e-05,258.0,0.02180874
GRS/BTC,1539417831430,2018-10-13T08:03:51.430Z,sell,8.453e-05,68.0,0.00574804
GRS/BTC,1539417831476,2018-10-13T08:03:51.476Z,sell,8.453e-05,181.0,0.01529993
GRS/BTC,1539417831700,2018-10-13T08:03:51.700Z,sell,8.453e-05,147.0,0.01242591
GRS/BTC,1539417831707,2018-10-13T08:03:51.707Z,sell,8.453e-05,59.0,0.00498727
GRS/BTC,1539417832965,2018-10-13T08:03:52.965Z,sell,8.453e-05,66.0,0.00557898
GRS/BTC,1539417833602,2018-10-13T08:03:53.602Z,sell,8.453e-05,228.0,0.01927284
GRS/BTC,1539417833631,2018-10-13T08:03:53.631Z,sell,8.453e-05,56.0,0.00473368
GRS/BTC,1539417833643,2018-10-13T08:03:53.643Z,sell,8.453e-05,91.0,0.00769223
GRS/BTC,1539417833718,2018-10-13T08:03:53.718Z,sell,8.453e-05,304.0,0.02569712
GRS/BTC,1539417833822,2018-10-13T08:03:53.822Z,sell,8.453e-05,230.0,0.0194419
GRS/BTC,1539417833922,2018-10-13T08:03:53.922Z,sell,8.453e-05,31.0,0.00262043
GRS/BTC,1539417921972,2018-10-13T08:05:21.972Z,sell,8.453e-05,188.0,0.01589164
GRS/BTC,1539418002814,2018-10-13T08:06:42.814Z,buy,8.454e-05,86.0,0.00727044
GRS/BTC,1539418241618,2018-10-13T08:10:41.618Z,buy,8.496e-05,219.0,0.01860624
GRS/BTC,1539418242541,2018-10-13T08:10:42.541Z,sell,8.453e-05,51.0,0.00431103
GRS/BTC,1539418244885,2018-10-13T08:10:44.885Z,sell,8.453e-05,94.0,0.00794582
GRS/BTC,1539418245317,2018-10-13T08:10:45.317Z,sell,8.453e-05,59.0,0.00498727
GRS/BTC,1539418245543,2018-10-13T08:10:45.543Z,sell,8.453e-05,70.0,0.0059171
GRS/BTC,1539418245545,2018-10-13T08:10:45.545Z,sell,8.453e-05,47.0,0.00397291
GRS/BTC,1539418246233,2018-10-13T08:10:46.233Z,sell,8.453e-05,5.0,0.00042265
GRS/BTC,1539418246302,2018-10-13T08:10:46.302Z,sell,8.453e-05,70.0,0.0059171
GRS/BTC,1539418250249,2018-10-13T08:10:50.249Z,sell,8.453e-05,70.0,0.0059171
GRS/BTC,1539418257627,2018-10-13T08:10:57.627Z,sell,8.453e-05,105.0,0.00887565
GRS/BTC,1539418258550,2018-10-13T08:10:58.550Z,sell,8.453e-05,105.0,0.00887565
GRS/BTC,1539418259276,2018-10-13T08:10:59.276Z,sell,8.453e-05,28.0,0.00236684
GRS/BTC,1539418259276,2018-10-13T08:10:59.276Z,sell,8.435e-05,84.0,0.0070854
GRS/BTC,1539418268032,2018-10-13T08:11:08.032Z,sell,8.436e-05,15.0,0.0012654
GRS/BTC,1539418268075,2018-10-13T08:11:08.075Z,sell,8.435e-05,25.0,0.00210875
GRS/BTC,1539418268746,2018-10-13T08:11:08.746Z,buy,8.436e-05,79.0,0.00666444
GRS/BTC,1539418271163,2018-10-13T08:11:11.163Z,sell,8.437e-05,17.0,0.00143429
GRS/BTC,1539418272086,2018-10-13T08:11:12.086Z,sell,8.436e-05,17.0,0.0014341199999999
GRS/BTC,1539418272241,2018-10-13T08:11:12.241Z,buy,8.437e-05,50.0,0.0042185
GRS/BTC,1539418309805,2018-10-13T08:11:49.805Z,sell,8.401e-05,3.0,0.00025203
GRS/BTC,1539418373778,2018-10-13T08:12:53.778Z,sell,8.401e-05,14.0,0.00117614
GRS/BTC,1539419635406,2018-10-13T08:33:55.406Z,buy,8.46e-05,31.0,0.0026226
GRS/BTC,1539419635406,2018-10-13T08:33:55.406Z,buy,8.464e-05,195.0,0.0165048
GRS/BTC,1539419635952,2018-10-13T08:33:55.952Z,buy,8.46e-05,448.0,0.0379008
GRS/BTC,1539419637666,2018-10-13T08:33:57.666Z,buy,8.46e-05,330.0,0.027918
GRS/BTC,1539419637939,2018-10-13T08:33:57.939Z,buy,8.46e-05,330.0,0.027918
GRS/BTC,1539419637961,2018-10-13T08:33:57.961Z,buy,8.46e-05,50.0,0.0042299999999999
GRS/BTC,1539419638459,2018-10-13T08:33:58.459Z,buy,8.46e-05,330.0,0.027918
GRS/BTC,1539419639759,2018-10-13T08:33:59.759Z,sell,8.403e-05,113.0,0.00949539
GRS/BTC,1539419640390,2018-10-13T08:34:00.390Z,sell,8.403e-05,114.0,0.00957942
GRS/BTC,1539419641164,2018-10-13T08:34:01.164Z,sell,8.403e-05,78.0,0.00655434
GRS/BTC,1539419641164,2018-10-13T08:34:01.164Z,sell,8.402e-05,58.0,0.00487316
GRS/BTC,1539419641923,2018-10-13T08:34:01.923Z,sell,8.402e-05,83.0,0.00697366
GRS/BTC,1539419641923,2018-10-13T08:34:01.923Z,sell,8.401e-05,64.0,0.00537664
GRS/BTC,1539419642603,2018-10-13T08:34:02.603Z,sell,8.401e-05,142.0,0.01192942
GRS/BTC,1539419648862,2018-10-13T08:34:08.862Z,buy,8.459e-05,169.0,0.01429571
GRS/BTC,1539419778868,2018-10-13T08:36:18.868Z,buy,8.459e-05,31.0,0.00262229
GRS/BTC,1539419778868,2018-10-13T08:36:18.868Z,buy,8.46e-05,658.0,0.0556667999999999
GRS/BTC,1539420494490,2018-10-13T08:48:14.490Z,sell,8.403e-05,1.0,8.403e-05
GRS/BTC,1539420545020,2018-10-13T08:49:05.020Z,sell,8.403e-05,69.0,0.00579807
GRS/BTC,1539420545020,2018-10-13T08:49:05.020Z,sell,8.401e-05,1144.0,0.09610744
GRS/BTC,1539420863564,2018-10-13T08:54:23.564Z,sell,8.401e-05,159.0,0.01335759
GRS/BTC,1539420864608,2018-10-13T08:54:24.608Z,sell,8.401e-05,118.0,0.00991318
GRS/BTC,1539420864885,2018-10-13T08:54:24.885Z,sell,8.401e-05,80.0,0.0067208
GRS/BTC,1539420865562,2018-10-13T08:54:25.562Z,sell,8.401e-05,117.0,0.00982917
GRS/BTC,1539420865862,2018-10-13T08:54:25.862Z,sell,8.401e-05,27.0,0.00226827
GRS/BTC,1539420867051,2018-10-13T08:54:27.051Z,sell,8.401e-05,41.0,0.00344441
GRS/BTC,1539420868432,2018-10-13T08:54:28.432Z,sell,8.401e-05,190.0,0.0159619
GRS/BTC,1539420868520,2018-10-13T08:54:28.520Z,sell,8.401e-05,129.0,0.01083729
GRS/BTC,1539420868520,2018-10-13T08:54:28.520Z,sell,8.401e-05,129.0,0.01083729
GRS/BTC,1539420969805,2018-10-13T08:56:09.805Z,buy,8.458e-05,41.0,0.00346778
GRS/BTC,1539420969805,2018-10-13T08:56:09.805Z,buy,8.459e-05,55.0,0.00465245
GRS/BTC,1539420969805,2018-10-13T08:56:09.805Z,buy,8.46e-05,67.0,0.0056682
GRS/BTC,1539421225613,2018-10-13T09:00:25.613Z,sell,8.402e-05,128.0,0.01075456
GRS/BTC,1539421225613,2018-10-13T09:00:25.613Z,sell,8.401e-05,1206.0,0.10131606
GRS/BTC,1539421225613,2018-10-13T09:00:25.613Z,sell,8.4e-05,319.0,0.0267959999999999
GRS/BTC,1539421670660,2018-10-13T09:07:50.660Z,buy,8.43e-05,1.0,8.43e-05
GRS/BTC,1539422311383,2018-10-13T09:18:31.383Z,sell,8.411e-05,32.0,0.00269152
GRS/BTC,1539422370175,2018-10-13T09:19:30.175Z,sell,8.411e-05,32.0,0.00269152
GRS/BTC,1539422391415,2018-10-13T09:19:51.415Z,buy,8.427e-05,475.0,0.04002825
GRS/BTC,1539422394247,2018-10-13T09:19:54.247Z,buy,8.428e-05,117.0,0.00986076
GRS/BTC,1539422394247,2018-10-13T09:19:54.247Z,buy,8.429e-05,322.0,0.02714138
GRS/BTC,1539422489200,2018-10-13T09:21:29.200Z,buy,8.429e-05,456.0,0.0384362399999999
GRS/BTC,1539422504211,2018-10-13T09:21:44.211Z,buy,8.429e-05,475.0,0.04003775
GRS/BTC,1539422813446,2018-10-13T09:26:53.446Z,buy,8.429e-05,241.0,0.0203138899999999
GRS/BTC,1539422815075,2018-10-13T09:26:55.075Z,buy,8.429e-05,404.0,0.03405316
GRS/BTC,1539423006121,2018-10-13T09:30:06.121Z,buy,8.429e-05,147.0,0.01239063
GRS/BTC,1539423006133,2018-10-13T09:30:06.133Z,buy,8.429e-05,147.0,0.01239063
GRS/BTC,1539423006137,2018-10-13T09:30:06.137Z,buy,8.429e-05,147.0,0.01239063
GRS/BTC,1539423006139,2018-10-13T09:30:06.139Z,buy,8.429e-05,147.0,0.01239063
GRS/BTC,1539423109262,2018-10-13T09:31:49.262Z,buy,8.429e-05,475.0,0.04003775
GRS/BTC,1539423113212,2018-10-13T09:31:53.212Z,buy,8.429e-05,434.0,0.03658186
GRS/BTC,1539423117218,2018-10-13T09:31:57.218Z,buy,8.429e-05,475.0,0.04003775
GRS/BTC,1539423121201,2018-10-13T09:32:01.201Z,buy,8.429e-05,475.0,0.04003775
GRS/BTC,1539423125210,2018-10-13T09:32:05.210Z,buy,8.429e-05,475.0,0.04003775
GRS/BTC,1539423128405,2018-10-13T09:32:08.405Z,buy,8.429e-05,475.0,0.04003775
GRS/BTC,1539423131241,2018-10-13T09:32:11.241Z,buy,8.429e-05,434.0,0.03658186
GRS/BTC,1539423134210,2018-10-13T09:32:14.210Z,buy,8.429e-05,434.0,0.03658186
GRS/BTC,1539423166463,2018-10-13T09:32:46.463Z,buy,8.429e-05,475.0,0.04003775
GRS/BTC,1539423198196,2018-10-13T09:33:18.196Z,buy,8.429e-05,475.0,0.04003775
GRS/BTC,1539423201196,2018-10-13T09:33:21.196Z,buy,8.429e-05,152.0,0.01281208
GRS/BTC,1539423201196,2018-10-13T09:33:21.196Z,buy,8.43e-05,323.0,0.0272289
GRS/BTC,1539423311032,2018-10-13T09:35:11.032Z,buy,8.43e-05,1.0,8.43e-05
GRS/BTC,1539423546210,2018-10-13T09:39:06.210Z,buy,8.431e-05,364.0,0.03068884
GRS/BTC,1539423546210,2018-10-13T09:39:06.210Z,buy,8.432e-05,86.0,0.00725152
GRS/BTC,1539423702803,2018-10-13T09:41:42.803Z,buy,8.43e-05,71.0,0.0059853
GRS/BTC,1539423703392,2018-10-13T09:41:43.392Z,buy,8.43e-05,70.0,0.005901
GRS/BTC,1539423711958,2018-10-13T09:41:51.958Z,buy,8.432e-05,17.0,0.00143344
GRS/BTC,1539423712399,2018-10-13T09:41:52.399Z,buy,8.432e-05,16.0,0.00134912
GRS/BTC,1539423786828,2018-10-13T09:43:06.828Z,buy,8.46e-05,100.0,0.0084599999999999
GRS/BTC,1539423791735,2018-10-13T09:43:11.735Z,buy,8.48e-05,59.0,0.0050032
GRS/BTC,1539424389153,2018-10-13T09:53:09.153Z,buy,8.479e-05,42.0,0.00356118
GRS/BTC,1539424389153,2018-10-13T09:53:09.153Z,buy,8.48e-05,136.0,0.0115328
GRS/BTC,1539424389153,2018-10-13T09:53:09.153Z,buy,8.479e-05,42.0,0.00356118
GRS/BTC,1539424389153,2018-10-13T09:53:09.153Z,buy,8.48e-05,136.0,0.0115328
GRS/BTC,1539424501029,2018-10-13T09:55:01.029Z,buy,8.498e-05,32.0,0.00271936
GRS/BTC,1539424811473,2018-10-13T10:00:11.473Z,buy,8.498e-05,19.0,0.00161462
GRS/BTC,1539424861166,2018-10-13T10:01:01.166Z,buy,8.498e-05,35.0,0.0029743
GRS/BTC,1539424921897,2018-10-13T10:02:01.897Z,sell,8.48e-05,11.0,0.0009328
GRS/BTC,1539424981565,2018-10-13T10:03:01.565Z,buy,8.479e-05,15.0,0.00127185
GRS/BTC,1539425214430,2018-10-13T10:06:54.430Z,buy,8.498e-05,1.0,8.498e-05
GRS/BTC,1539426193763,2018-10-13T10:23:13.763Z,sell,8.461e-05,127.0,0.01074547
GRS/BTC,1539426194136,2018-10-13T10:23:14.136Z,sell,8.46e-05,13.0,0.0010998
GRS/BTC,1539426222156,2018-10-13T10:23:42.156Z,sell,8.46e-05,135.0,0.0114209999999999
GRS/BTC,1539426222404,2018-10-13T10:23:42.404Z,sell,8.46e-05,50.0,0.0042299999999999
GRS/BTC,1539426289453,2018-10-13T10:24:49.453Z,sell,8.46e-05,41.0,0.0034685999999999
GRS/BTC,1539426316245,2018-10-13T10:25:16.245Z,buy,8.461e-05,91.0,0.00769951
GRS/BTC,1539426462664,2018-10-13T10:27:42.664Z,buy,8.461e-05,963.0,0.08147943
GRS/BTC,1539426462664,2018-10-13T10:27:42.664Z,buy,8.494e-05,125.0,0.0106175
GRS/BTC,1539426462664,2018-10-13T10:27:42.664Z,buy,8.498e-05,1011.0,0.08591478
GRS/BTC,1539426479210,2018-10-13T10:27:59.210Z,sell,8.498e-05,33.0,0.00280434
GRS/BTC,1539426479741,2018-10-13T10:27:59.741Z,sell,8.498e-05,33.0,0.00280434
GRS/BTC,1539426554426,2018-10-13T10:29:14.426Z,buy,8.5e-05,29.0,0.002465
GRS/BTC,1539426554426,2018-10-13T10:29:14.426Z,buy,8.509e-05,60.0,0.0051054
GRS/BTC,1539426554426,2018-10-13T10:29:14.426Z,buy,8.522e-05,118.0,0.01005596
GRS/BTC,1539426570289,2018-10-13T10:29:30.289Z,sell,8.461e-05,224.0,0.01895264
GRS/BTC,1539426570289,2018-10-13T10:29:30.289Z,sell,8.46e-05,144.0,0.0121824
GRS/BTC,1539427967560,2018-10-13T10:52:47.560Z,sell,8.46e-05,96.0,0.0081216
GRS/BTC,1539427971871,2018-10-13T10:52:51.871Z,buy,8.46e-05,194.0,0.0164124
GRS/BTC,1539427972528,2018-10-13T10:52:52.528Z,buy,8.46e-05,97.0,0.0082062
GRS/BTC,1539427972835,2018-10-13T10:52:52.835Z,buy,8.46e-05,56.0,0.0047376
GRS/BTC,1539427973657,2018-10-13T10:52:53.657Z,buy,8.46e-05,20.0,0.001692
GRS/BTC,1539427974448,2018-10-13T10:52:54.448Z,buy,8.46e-05,13.0,0.0010998
GRS/BTC,1539427974950,2018-10-13T10:52:54.950Z,buy,8.46e-05,7.0,0.0005922
GRS/BTC,1539427974950,2018-10-13T10:52:54.950Z,buy,8.46e-05,7.0,0.0005922
GRS/BTC,1539428754901,2018-10-13T11:05:54.901Z,buy,8.461e-05,13.0,0.00109993
GRS/BTC,1539428755307,2018-10-13T11:05:55.307Z,buy,8.461e-05,13.0,0.00109993
GRS/BTC,1539428755763,2018-10-13T11:05:55.763Z,buy,8.461e-05,364.0,0.03079804
GRS/BTC,1539428758296,2018-10-13T11:05:58.296Z,buy,8.461e-05,169.0,0.01429909
GRS/BTC,1539428759168,2018-10-13T11:05:59.168Z,buy,8.461e-05,163.0,0.01379143
GRS/BTC,1539428759846,2018-10-13T11:05:59.846Z,buy,8.461e-05,72.0,0.00609192
GRS/BTC,1539428953350,2018-10-13T11:09:13.350Z,sell,8.46e-05,6.0,0.0005076
GRS/BTC,1539428953350,2018-10-13T11:09:13.350Z,sell,8.458e-05,61.0,0.00515938
GRS/BTC,1539428975211,2018-10-13T11:09:35.211Z,buy,8.487e-05,329.0,0.02792223
GRS/BTC,1539429058161,2018-10-13T11:10:58.161Z,sell,8.458e-05,1.0,8.458e-05
GRS/BTC,1539429094789,2018-10-13T11:11:34.789Z,buy,8.461e-05,490.0,0.0414589
GRS/BTC,1539429095296,2018-10-13T11:11:35.296Z,buy,8.461e-05,490.0,0.0414589
GRS/BTC,1539429095854,2018-10-13T11:11:35.854Z,buy,8.461e-05,490.0,0.0414589
GRS/BTC,1539429096407,2018-10-13T11:11:36.407Z,buy,8.461e-05,340.0,0.0287674
GRS/BTC,1539429096934,2018-10-13T11:11:36.934Z,buy,8.461e-05,17.0,0.00143837
GRS/BTC,1539429109757,2018-10-13T11:11:49.757Z,buy,8.461e-05,14.0,0.00118454
GRS/BTC,1539429110207,2018-10-13T11:11:50.207Z,buy,8.461e-05,13.0,0.00109993
GRS/BTC,1539429110705,2018-10-13T11:11:50.705Z,buy,8.461e-05,13.0,0.00109993
GRS/BTC,1539429175001,2018-10-13T11:12:55.001Z,sell,8.458e-05,13.0,0.00109954
GRS/BTC,1539429180684,2018-10-13T11:13:00.684Z,buy,8.461e-05,153.0,0.01294533
GRS/BTC,1539429186694,2018-10-13T11:13:06.694Z,buy,8.461e-05,302.0,0.02555222
GRS/BTC,1539429187234,2018-10-13T11:13:07.234Z,buy,8.461e-05,302.0,0.02555222
GRS/BTC,1539429187852,2018-10-13T11:13:07.852Z,buy,8.461e-05,92.0,0.00778412
GRS/BTC,1539429188210,2018-10-13T11:13:08.210Z,buy,8.461e-05,92.0,0.00778412
GRS/BTC,1539429188727,2018-10-13T11:13:08.727Z,buy,8.461e-05,490.0,0.0414589
GRS/BTC,1539429189208,2018-10-13T11:13:09.208Z,buy,8.461e-05,83.0,0.00702263
GRS/BTC,1539429215688,2018-10-13T11:13:35.688Z,buy,8.461e-05,128.0,0.01083008
GRS/BTC,1539429267255,2018-10-13T11:14:27.255Z,sell,8.458e-05,13.0,0.00109954
GRS/BTC,1539429564375,2018-10-13T11:19:24.375Z,buy,8.492e-05,15.0,0.0012737999999999
GRS/BTC,1539429566546,2018-10-13T11:19:26.546Z,buy,8.492e-05,15.0,0.0012737999999999
GRS/BTC,1539431244311,2018-10-13T11:47:24.311Z,buy,8.485e-05,13.0,0.00110305
GRS/BTC,1539431307815,2018-10-13T11:48:27.815Z,sell,8.458e-05,33.0,0.00279114
GRS/BTC,1539431365330,2018-10-13T11:49:25.330Z,sell,8.458e-05,47.0,0.00397526
GRS/BTC,1539431442210,2018-10-13T11:50:42.210Z,buy,8.458e-05,27.0,0.00228366
GRS/BTC,1539431442948,2018-10-13T11:50:42.948Z,buy,8.458e-05,13.0,0.00109954
GRS/BTC,1539431443770,2018-10-13T11:50:43.770Z,buy,8.458e-05,13.0,0.00109954
GRS/BTC,1539431443770,2018-10-13T11:50:43.770Z,buy,8.458e-05,13.0,0.00109954
GRS/BTC,1539431860794,2018-10-13T11:57:40.794Z,sell,8.458e-05,12.0,0.00101496
GRS/BTC,1539431921576,2018-10-13T11:58:41.576Z,sell,8.458e-05,1.0,8.458e-05
GRS/BTC,1539431921576,2018-10-13T11:58:41.576Z,sell,8.435e-05,11.0,0.00092785
GRS/BTC,1539432420867,2018-10-13T12:07:00.867Z,sell,8.435e-05,163.0,0.01374905
GRS/BTC,1539432420867,2018-10-13T12:07:00.867Z,sell,8.432e-05,1.0,8.432e-05
GRS/BTC,1539432420867,2018-10-13T12:07:00.867Z,sell,8.431e-05,282.0,0.02377542
GRS/BTC,1539433184182,2018-10-13T12:19:44.182Z,sell,8.433e-05,57.0,0.00480681
GRS/BTC,1539433184182,2018-10-13T12:19:44.182Z,sell,8.432e-05,118.0,0.00994976
GRS/BTC,1539433184182,2018-10-13T12:19:44.182Z,sell,8.431e-05,1211.0,0.10209941
GRS/BTC,1539433185392,2018-10-13T12:19:45.392Z,buy,8.431e-05,493.0,0.04156483
GRS/BTC,1539433186253,2018-10-13T12:19:46.253Z,sell,8.43e-05,1.0,8.43e-05
GRS/BTC,1539433186297,2018-10-13T12:19:46.297Z,buy,8.43e-05,13.0,0.0010959
GRS/BTC,1539433186718,2018-10-13T12:19:46.718Z,buy,8.43e-05,13.0,0.0010959
GRS/BTC,1539433187338,2018-10-13T12:19:47.338Z,buy,8.43e-05,77.0,0.0064911
GRS/BTC,1539433187721,2018-10-13T12:19:47.721Z,buy,8.43e-05,77.0,0.0064911
GRS/BTC,1539433188297,2018-10-13T12:19:48.297Z,buy,8.431e-05,76.0,0.00640756
GRS/BTC,1539433216138,2018-10-13T12:20:16.138Z,sell,8.411e-05,57.0,0.00479427
GRS/BTC,1539433239189,2018-10-13T12:20:39.189Z,buy,8.431e-05,475.0,0.04004725
GRS/BTC,1539433249193,2018-10-13T12:20:49.193Z,buy,8.431e-05,475.0,0.04004725
GRS/BTC,1539433250423,2018-10-13T12:20:50.423Z,buy,8.431e-05,493.0,0.04156483
GRS/BTC,1539433251087,2018-10-13T12:20:51.087Z,buy,8.431e-05,493.0,0.04156483
GRS/BTC,1539433251589,2018-10-13T12:20:51.589Z,buy,8.431e-05,13.0,0.00109603
GRS/BTC,1539433252090,2018-10-13T12:20:52.090Z,buy,8.431e-05,13.0,0.00109603
GRS/BTC,1539433252192,2018-10-13T12:20:52.192Z,buy,8.431e-05,475.0,0.04004725
GRS/BTC,1539433252778,2018-10-13T12:20:52.778Z,buy,8.431e-05,260.0,0.0219206
GRS/BTC,1539433253084,2018-10-13T12:20:53.084Z,buy,8.431e-05,16.0,0.00134896
GRS/BTC,1539433253606,2018-10-13T12:20:53.606Z,buy,8.431e-05,16.0,0.00134896
GRS/BTC,1539433286366,2018-10-13T12:21:26.366Z,buy,8.431e-05,128.0,0.01079168
GRS/BTC,1539433287039,2018-10-13T12:21:27.039Z,buy,8.431e-05,24.0,0.00202344
GRS/BTC,1539433287550,2018-10-13T12:21:27.550Z,buy,8.431e-05,64.0,0.00539584
GRS/BTC,1539433288533,2018-10-13T12:21:28.533Z,buy,8.431e-05,32.0,0.00269792
GRS/BTC,1539433289789,2018-10-13T12:21:29.789Z,buy,8.431e-05,16.0,0.00134896
GRS/BTC,1539433290590,2018-10-13T12:21:30.590Z,buy,8.431e-05,13.0,0.00109603
GRS/BTC,1539433291602,2018-10-13T12:21:31.602Z,buy,8.431e-05,15.0,0.00126465
GRS/BTC,1539433292072,2018-10-13T12:21:32.072Z,buy,8.431e-05,15.0,0.00126465
GRS/BTC,1539433292559,2018-10-13T12:21:32.559Z,buy,8.431e-05,46.0,0.0038782599999999
GRS/BTC,1539433293652,2018-10-13T12:21:33.652Z,buy,8.431e-05,23.0,0.0019391299999999
GRS/BTC,1539433294167,2018-10-13T12:21:34.167Z,buy,8.431e-05,23.0,0.0019391299999999
GRS/BTC,1539433294848,2018-10-13T12:21:34.848Z,buy,8.431e-05,13.0,0.00109603
GRS/BTC,1539433341218,2018-10-13T12:22:21.218Z,buy,8.431e-05,461.0,0.03886691
GRS/BTC,1539433353208,2018-10-13T12:22:33.208Z,buy,8.431e-05,475.0,0.04004725
GRS/BTC,1539433354761,2018-10-13T12:22:34.761Z,buy,8.431e-05,13.0,0.00109603
GRS/BTC,1539433355306,2018-10-13T12:22:35.306Z,buy,8.431e-05,221.0,0.0186325099999999
GRS/BTC,1539433356422,2018-10-13T12:22:36.422Z,buy,8.431e-05,475.0,0.04004725
GRS/BTC,1539433356696,2018-10-13T12:22:36.696Z,buy,8.431e-05,111.0,0.00935841
GRS/BTC,1539433357471,2018-10-13T12:22:37.471Z,buy,8.431e-05,13.0,0.00109603
GRS/BTC,1539433358189,2018-10-13T12:22:38.189Z,buy,8.431e-05,13.0,0.00109603
GRS/BTC,1539433358970,2018-10-13T12:22:38.970Z,buy,8.431e-05,13.0,0.00109603
GRS/BTC,1539433359730,2018-10-13T12:22:39.730Z,buy,8.431e-05,13.0,0.00109603
GRS/BTC,1539433360481,2018-10-13T12:22:40.481Z,buy,8.431e-05,23.0,0.0019391299999999
GRS/BTC,1539433360910,2018-10-13T12:22:40.910Z,buy,8.431e-05,23.0,0.0019391299999999
GRS/BTC,1539433361433,2018-10-13T12:22:41.433Z,buy,8.431e-05,13.0,0.00109603
GRS/BTC,1539433362171,2018-10-13T12:22:42.171Z,buy,8.431e-05,13.0,0.00109603
GRS/BTC,1539433372469,2018-10-13T12:22:52.469Z,buy,8.431e-05,172.0,0.01450132
GRS/BTC,1539433372924,2018-10-13T12:22:52.924Z,buy,8.431e-05,171.0,0.01441701
GRS/BTC,1539433402922,2018-10-13T12:23:22.922Z,sell,8.437e-05,29.0,0.00244673
GRS/BTC,1539433702026,2018-10-13T12:28:22.026Z,buy,8.437e-05,16.0,0.00134992
GRS/BTC,1539433702667,2018-10-13T12:28:22.667Z,sell,8.435e-05,33.0,0.00278355
GRS/BTC,1539433702670,2018-10-13T12:28:22.670Z,buy,8.437e-05,16.0,0.00134992
GRS/BTC,1539433846088,2018-10-13T12:30:46.088Z,buy,8.457e-05,17.0,0.00143769
GRS/BTC,1539433871245,2018-10-13T12:31:11.245Z,sell,8.431e-05,172.0,0.01450132
GRS/BTC,1539433871245,2018-10-13T12:31:11.245Z,sell,8.413e-05,299.0,0.02515487
GRS/BTC,1539433871245,2018-10-13T12:31:11.245Z,sell,8.412e-05,260.0,0.0218712
GRS/BTC,1539433871245,2018-10-13T12:31:11.245Z,sell,8.411e-05,775.0,0.06518525
GRS/BTC,1539433871245,2018-10-13T12:31:11.245Z,sell,8.41e-05,198.0,0.0166517999999999
GRS/BTC,1539433871245,2018-10-13T12:31:11.245Z,sell,8.405e-05,100.0,0.008405
GRS/BTC,1539433871245,2018-10-13T12:31:11.245Z,sell,8.401e-05,14.0,0.00117614
GRS/BTC,1539433871245,2018-10-13T12:31:11.245Z,sell,8.4e-05,30.0,0.0025199999999999
GRS/BTC,1539433872094,2018-10-13T12:31:12.094Z,buy,8.4e-05,76.0,0.006384
GRS/BTC,1539433872373,2018-10-13T12:31:12.373Z,buy,8.4e-05,50.0,0.0042
GRS/BTC,1539433872401,2018-10-13T12:31:12.401Z,buy,8.4e-05,26.0,0.0021839999999999
GRS/BTC,1539433873098,2018-10-13T12:31:13.098Z,buy,8.432e-05,13.0,0.00109616
GRS/BTC,1539433873652,2018-10-13T12:31:13.652Z,buy,8.431e-05,99.0,0.00834669
GRS/BTC,1539433874130,2018-10-13T12:31:14.130Z,buy,8.431e-05,71.0,0.00598601
GRS/BTC,1539433874624,2018-10-13T12:31:14.624Z,buy,8.431e-05,71.0,0.00598601
GRS/BTC,1539433878104,2018-10-13T12:31:18.104Z,buy,8.456e-05,50.0,0.004228
GRS/BTC,1539433900994,2018-10-13T12:31:40.994Z,sell,8.4e-05,13.0,0.0010919999999999
GRS/BTC,1539433900994,2018-10-13T12:31:40.994Z,sell,8.396e-05,3.0,0.00025188
GRS/BTC,1539433980172,2018-10-13T12:33:00.172Z,buy,8.456e-05,13.0,0.00109928
GRS/BTC,1539433980951,2018-10-13T12:33:00.951Z,buy,8.456e-05,13.0,0.00109928
GRS/BTC,1539433981400,2018-10-13T12:33:01.400Z,buy,8.456e-05,13.0,0.00109928
GRS/BTC,1539433981862,2018-10-13T12:33:01.862Z,buy,8.456e-05,13.0,0.00109928
GRS/BTC,1539433985792,2018-10-13T12:33:05.792Z,buy,8.456e-05,13.0,0.00109928
GRS/BTC,1539434013229,2018-10-13T12:33:33.229Z,buy,8.456e-05,44.0,0.00372064
GRS/BTC,1539434013467,2018-10-13T12:33:33.467Z,buy,8.456e-05,44.0,0.00372064
GRS/BTC,1539434014180,2018-10-13T12:33:34.180Z,buy,8.457e-05,270.0,0.0228339
GRS/BTC,1539434014465,2018-10-13T12:33:34.465Z,buy,8.457e-05,156.0,0.01319292
GRS/BTC,1539434526538,2018-10-13T12:42:06.538Z,sell,8.444e-05,1156.0,0.09761264
GRS/BTC,1539434603311,2018-10-13T12:43:23.311Z,buy,8.48e-05,42.0,0.0035616
GRS/BTC,1539434603311,2018-10-13T12:43:23.311Z,buy,8.482e-05,546.0,0.04631172
GRS/BTC,1539434603311,2018-10-13T12:43:23.311Z,buy,8.48e-05,42.0,0.0035616
GRS/BTC,1539434603311,2018-10-13T12:43:23.311Z,buy,8.482e-05,546.0,0.04631172
GRS/BTC,1539435090747,2018-10-13T12:51:30.747Z,buy,8.48e-05,12.0,0.0010176
GRS/BTC,1539435102014,2018-10-13T12:51:42.014Z,sell,8.448e-05,1.0,8.448e-05
GRS/BTC,1539435841239,2018-10-13T13:04:01.239Z,buy,8.482e-05,2.0,0.00016964
GRS/BTC,1539436113393,2018-10-13T13:08:33.393Z,sell,8.453e-05,191.0,0.01614523
GRS/BTC,1539436113881,2018-10-13T13:08:33.881Z,buy,8.453e-05,23.0,0.00194419
GRS/BTC,1539436292018,2018-10-13T13:11:32.018Z,buy,8.453e-05,44.0,0.00371932
GRS/BTC,1539436516111,2018-10-13T13:15:16.111Z,sell,8.449e-05,25.0,0.00211225
GRS/BTC,1539436907597,2018-10-13T13:21:47.597Z,sell,8.451e-05,23.0,0.00194373
GRS/BTC,1539437450012,2018-10-13T13:30:50.012Z,buy,8.482e-05,14.0,0.00118748
GRS/BTC,1539437502850,2018-10-13T13:31:42.850Z,sell,8.451e-05,14.0,0.00118314
GRS/BTC,1539437502850,2018-10-13T13:31:42.850Z,sell,8.45e-05,431.0,0.0364195
GRS/BTC,1539437502850,2018-10-13T13:31:42.850Z,sell,8.451e-05,14.0,0.00118314
GRS/BTC,1539437502850,2018-10-13T13:31:42.850Z,sell,8.45e-05,431.0,0.0364195
GRS/BTC,1539439440779,2018-10-13T14:04:00.779Z,sell,8.455e-05,100.0,0.0084549999999999
GRS/BTC,1539439732927,2018-10-13T14:08:52.927Z,buy,8.478e-05,1.0,8.478e-05
GRS/BTC,1539439735823,2018-10-13T14:08:55.823Z,sell,8.455e-05,93.0,0.00786315
GRS/BTC,1539439735823,2018-10-13T14:08:55.823Z,sell,8.454e-05,193.0,0.01631622
GRS/BTC,1539439735823,2018-10-13T14:08:55.823Z,sell,8.453e-05,273.0,0.02307669
GRS/BTC,1539439758029,2018-10-13T14:09:18.029Z,sell,8.453e-05,307.0,0.02595071
GRS/BTC,1539439919315,2018-10-13T14:11:59.315Z,buy,8.453e-05,185.0,0.01563805
GRS/BTC,1539439930021,2018-10-13T14:12:10.021Z,buy,8.453e-05,290.0,0.0245137
GRS/BTC,1539439932106,2018-10-13T14:12:12.106Z,buy,8.453e-05,45.0,0.00380385
GRS/BTC,1539439932736,2018-10-13T14:12:12.736Z,buy,8.453e-05,196.0,0.01656788
GRS/BTC,1539439933919,2018-10-13T14:12:13.919Z,buy,8.453e-05,160.0,0.0135248
GRS/BTC,1539439934827,2018-10-13T14:12:14.827Z,buy,8.478e-05,80.0,0.0067824
GRS/BTC,1539439936863,2018-10-13T14:12:16.863Z,buy,8.478e-05,80.0,0.0067824
GRS/BTC,1539439938868,2018-10-13T14:12:18.868Z,buy,8.478e-05,27.0,0.00228906
GRS/BTC,1539439938868,2018-10-13T14:12:18.868Z,buy,8.483e-05,53.0,0.00449599
GRS/BTC,1539439943238,2018-10-13T14:12:23.238Z,sell,8.461e-05,93.0,0.00786873
GRS/BTC,1539439943238,2018-10-13T14:12:23.238Z,sell,8.452e-05,7.0,0.0005916399999999
GRS/BTC,1539439959816,2018-10-13T14:12:39.816Z,buy,8.483e-05,127.0,0.01077341
GRS/BTC,1539439961729,2018-10-13T14:12:41.729Z,buy,8.483e-05,108.0,0.00916164
GRS/BTC,1539439966879,2018-10-13T14:12:46.879Z,buy,8.483e-05,107.0,0.00907681
GRS/BTC,1539440188996,2018-10-13T14:16:28.996Z,sell,8.452e-05,42.0,0.00354984
GRS/BTC,1539440200345,2018-10-13T14:16:40.345Z,sell,8.452e-05,35.0,0.0029582
GRS/BTC,1539440227741,2018-10-13T14:17:07.741Z,buy,8.483e-05,80.0,0.0067864
GRS/BTC,1539440426819,2018-10-13T14:20:26.819Z,buy,8.483e-05,28.0,0.00237524
GRS/BTC,1539440426819,2018-10-13T14:20:26.819Z,buy,8.492e-05,117.0,0.0099356399999999
GRS/BTC,1539440428081,2018-10-13T14:20:28.081Z,buy,8.492e-05,86.0,0.00730312
GRS/BTC,1539440429208,2018-10-13T14:20:29.208Z,buy,8.491e-05,29.0,0.00246239
GRS/BTC,1539440649038,2018-10-13T14:24:09.038Z,sell,8.452e-05,200.0,0.016904
GRS/BTC,1539440658784,2018-10-13T14:24:18.784Z,buy,8.492e-05,80.0,0.0067935999999999
GRS/BTC,1539440693677,2018-10-13T14:24:53.677Z,buy,8.492e-05,223.0,0.0189371599999999
GRS/BTC,1539440694732,2018-10-13T14:24:54.732Z,buy,8.492e-05,85.0,0.0072181999999999
GRS/BTC,1539440698819,2018-10-13T14:24:58.819Z,buy,8.492e-05,207.0,0.0175784399999999
GRS/BTC,1539440703839,2018-10-13T14:25:03.839Z,buy,8.492e-05,94.0,0.00798248
GRS/BTC,1539440719104,2018-10-13T14:25:19.104Z,buy,8.492e-05,97.0,0.00823724
GRS/BTC,1539440723423,2018-10-13T14:25:23.423Z,buy,8.492e-05,80.0,0.0067935999999999
GRS/BTC,1539440734991,2018-10-13T14:25:34.991Z,buy,8.492e-05,80.0,0.0067935999999999
GRS/BTC,1539440750616,2018-10-13T14:25:50.616Z,sell,8.453e-05,247.0,0.02087891
GRS/BTC,1539440751566,2018-10-13T14:25:51.566Z,buy,8.453e-05,330.0,0.0278949
GRS/BTC,1539440751842,2018-10-13T14:25:51.842Z,sell,8.452e-05,219.0,0.01850988
GRS/BTC,1539440751954,2018-10-13T14:25:51.954Z,sell,8.452e-05,310.0,0.0262011999999999
GRS/BTC,1539440752766,2018-10-13T14:25:52.766Z,buy,8.453e-05,165.0,0.01394745
GRS/BTC,1539440755184,2018-10-13T14:25:55.184Z,buy,8.453e-05,82.0,0.00693146
GRS/BTC,1539440756923,2018-10-13T14:25:56.923Z,buy,8.453e-05,41.0,0.00346573
GRS/BTC,1539440757739,2018-10-13T14:25:57.739Z,buy,8.453e-05,89.0,0.00752317
GRS/BTC,1539440758071,2018-10-13T14:25:58.071Z,buy,8.453e-05,89.0,0.00752317
GRS/BTC,1539440758553,2018-10-13T14:25:58.553Z,buy,8.453e-05,38.0,0.00321214
GRS/BTC,1539440758757,2018-10-13T14:25:58.757Z,buy,8.453e-05,44.0,0.00371932
GRS/BTC,1539440760824,2018-10-13T14:26:00.824Z,buy,8.453e-05,40.0,0.0033812
GRS/BTC,1539440797348,2018-10-13T14:26:37.348Z,buy,8.453e-05,38.0,0.00321214
GRS/BTC,1539440797348,2018-10-13T14:26:37.348Z,buy,8.453e-05,38.0,0.00321214
GRS/BTC,1539441241085,2018-10-13T14:34:01.085Z,buy,8.49e-05,43.0,0.0036507
GRS/BTC,1539441241152,2018-10-13T14:34:01.152Z,sell,8.453e-05,43.0,0.00363479
GRS/BTC,1539441613328,2018-10-13T14:40:13.328Z,buy,8.494e-05,93.0,0.0078994199999999
GRS/BTC,1539441641751,2018-10-13T14:40:41.751Z,buy,8.494e-05,86.0,0.00730484
GRS/BTC,1539441715552,2018-10-13T14:41:55.552Z,buy,8.5e-05,30.0,0.00255
GRS/BTC,1539441715552,2018-10-13T14:41:55.552Z,buy,8.512e-05,87.0,0.00740544
GRS/BTC,1539441801326,2018-10-13T14:43:21.326Z,buy,8.512e-05,39.0,0.0033196799999999
GRS/BTC,1539442129792,2018-10-13T14:48:49.792Z,sell,8.457e-05,72.0,0.0060890399999999
GRS/BTC,1539442129792,2018-10-13T14:48:49.792Z,sell,8.456e-05,349.0,0.02951144
GRS/BTC,1539442129792,2018-10-13T14:48:49.792Z,sell,8.455e-05,262.0,0.0221520999999999
GRS/BTC,1539442456594,2018-10-13T14:54:16.594Z,buy,8.486e-05,92.0,0.00780712
GRS/BTC,1539442457014,2018-10-13T14:54:17.014Z,buy,8.486e-05,19.0,0.0016123399999999
GRS/BTC,1539442544183,2018-10-13T14:55:44.183Z,buy,8.486e-05,19.0,0.0016123399999999
GRS/BTC,1539442548764,2018-10-13T14:55:48.764Z,sell,8.486e-05,25.0,0.0021215
GRS/BTC,1539442558065,2018-10-13T14:55:58.065Z,buy,8.512e-05,41.0,0.00348992
GRS/BTC,1539442573180,2018-10-13T14:56:13.180Z,buy,8.524e-05,30.0,0.0025572
GRS/BTC,1539442585120,2018-10-13T14:56:25.120Z,buy,8.525e-05,150.0,0.0127875
GRS/BTC,1539442596352,2018-10-13T14:56:36.352Z,buy,8.538e-05,44.0,0.00375672
GRS/BTC,1539442601253,2018-10-13T14:56:41.253Z,buy,8.538e-05,44.0,0.00375672
GRS/BTC,1539442602499,2018-10-13T14:56:42.499Z,sell,8.538e-05,130.0,0.0110994
GRS/BTC,1539442602499,2018-10-13T14:56:42.499Z,sell,8.525e-05,170.0,0.0144925
GRS/BTC,1539442664620,2018-10-13T14:57:44.620Z,buy,8.525e-05,12.0,0.001023
GRS/BTC,1539442841622,2018-10-13T15:00:41.622Z,sell,8.525e-05,970.0,0.0826925
GRS/BTC,1539442951060,2018-10-13T15:02:31.060Z,buy,8.539e-05,58.0,0.00495262
GRS/BTC,1539443027689,2018-10-13T15:03:47.689Z,sell,8.484e-05,1.0,8.484e-05
GRS/BTC,1539443052521,2018-10-13T15:04:12.521Z,sell,8.484e-05,1.0,8.484e-05
GRS/BTC,1539443224421,2018-10-13T15:07:04.421Z,sell,8.484e-05,55.0,0.0046662
GRS/BTC,1539443274099,2018-10-13T15:07:54.099Z,buy,8.484e-05,118.0,0.01001112
GRS/BTC,1539443333854,2018-10-13T15:08:53.854Z,buy,8.484e-05,234.0,0.0198525599999999
GRS/BTC,1539443361921,2018-10-13T15:09:21.921Z,buy,8.484e-05,491.0,0.0416564399999999
GRS/BTC,1539443390193,2018-10-13T15:09:50.193Z,buy,8.484e-05,3.0,0.00025452
GRS/BTC,1539443419727,2018-10-13T15:10:19.727Z,sell,8.472e-05,15.0,0.0012708
GRS/BTC,1539443419727,2018-10-13T15:10:19.727Z,sell,8.471e-05,47.0,0.00398137
GRS/BTC,1539443419727,2018-10-13T15:10:19.727Z,sell,8.455e-05,24.0,0.0020292
GRS/BTC,1539443419727,2018-10-13T15:10:19.727Z,sell,8.453e-05,603.0,0.05097159
GRS/BTC,1539443420091,2018-10-13T15:10:20.091Z,buy,8.453e-05,13.0,0.00109889
GRS/BTC,1539443420502,2018-10-13T15:10:20.502Z,buy,8.453e-05,13.0,0.00109889
GRS/BTC,1539443421125,2018-10-13T15:10:21.125Z,buy,8.453e-05,101.0,0.00853753
GRS/BTC,1539443421547,2018-10-13T15:10:21.547Z,buy,8.453e-05,58.0,0.00490274
GRS/BTC,1539443421674,2018-10-13T15:10:21.674Z,buy,8.453e-05,40.0,0.0033812
GRS/BTC,1539443422093,2018-10-13T15:10:22.093Z,buy,8.453e-05,44.0,0.00371932
GRS/BTC,1539443422544,2018-10-13T15:10:22.544Z,buy,8.453e-05,29.0,0.00245137
GRS/BTC,1539443423128,2018-10-13T15:10:23.128Z,buy,8.453e-05,493.0,0.04167329
GRS/BTC,1539443423566,2018-10-13T15:10:23.566Z,buy,8.453e-05,14.0,0.00118342
GRS/BTC,1539443424570,2018-10-13T15:10:24.570Z,buy,8.453e-05,23.0,0.00194419
GRS/BTC,1539443424893,2018-10-13T15:10:24.893Z,buy,8.453e-05,80.0,0.0067624
GRS/BTC,1539443425206,2018-10-13T15:10:25.206Z,buy,8.453e-05,15.0,0.00126795
GRS/BTC,1539443425591,2018-10-13T15:10:25.591Z,buy,8.453e-05,15.0,0.00126795
GRS/BTC,1539443425763,2018-10-13T15:10:25.763Z,buy,8.453e-05,80.0,0.0067624
GRS/BTC,1539443426258,2018-10-13T15:10:26.258Z,buy,8.453e-05,13.0,0.00109889
GRS/BTC,1539443426473,2018-10-13T15:10:26.473Z,buy,8.453e-05,80.0,0.0067624
GRS/BTC,1539443427670,2018-10-13T15:10:27.670Z,buy,8.453e-05,99.0,0.00836847
GRS/BTC,1539443440933,2018-10-13T15:10:40.933Z,sell,8.452e-05,30.0,0.0025356
GRS/BTC,1539443440933,2018-10-13T15:10:40.933Z,sell,8.425e-05,249.0,0.02097825
GRS/BTC,1539443440933,2018-10-13T15:10:40.933Z,sell,8.42e-05,227.0,0.0191134
GRS/BTC,1539443441191,2018-10-13T15:10:41.191Z,buy,8.42e-05,69.0,0.0058098
GRS/BTC,1539443560897,2018-10-13T15:12:40.897Z,sell,8.426e-05,6.0,0.00050556
GRS/BTC,1539443624111,2018-10-13T15:13:44.111Z,sell,8.426e-05,142.0,0.0119649199999999
GRS/BTC,1539443624111,2018-10-13T15:13:44.111Z,sell,8.425e-05,43.0,0.00362275
GRS/BTC,1539443677096,2018-10-13T15:14:37.096Z,buy,8.471e-05,151.0,0.0127912099999999
GRS/BTC,1539443677977,2018-10-13T15:14:37.977Z,buy,8.471e-05,119.0,0.01008049
GRS/BTC,1539443678054,2018-10-13T15:14:38.054Z,buy,8.472e-05,39.0,0.00330408
GRS/BTC,1539443685418,2018-10-13T15:14:45.418Z,buy,8.472e-05,12.0,0.00101664
GRS/BTC,1539443895710,2018-10-13T15:18:15.710Z,sell,8.429e-05,453.0,0.0381833699999999
GRS/BTC,1539443895710,2018-10-13T15:18:15.710Z,sell,8.428e-05,59.0,0.00497252
GRS/BTC,1539443895710,2018-10-13T15:18:15.710Z,sell,8.424e-05,166.0,0.01398384
GRS/BTC,1539443895710,2018-10-13T15:18:15.710Z,sell,8.423e-05,338.0,0.02846974
GRS/BTC,1539443895710,2018-10-13T15:18:15.710Z,sell,8.422e-05,875.0,0.0736925
GRS/BTC,1539443985178,2018-10-13T15:19:45.178Z,buy,8.458e-05,30.0,0.0025374
GRS/BTC,1539443985498,2018-10-13T15:19:45.498Z,buy,8.458e-05,29.0,0.00245282
GRS/BTC,1539444056955,2018-10-13T15:20:56.955Z,sell,8.458e-05,30.0,0.0025374
GRS/BTC,1539444056955,2018-10-13T15:20:56.955Z,sell,8.437e-05,198.0,0.01670526
GRS/BTC,1539444056955,2018-10-13T15:20:56.955Z,sell,8.427e-05,60.0,0.0050562
GRS/BTC,1539444056955,2018-10-13T15:20:56.955Z,sell,8.422e-05,40.0,0.0033688
GRS/BTC,1539444089204,2018-10-13T15:21:29.204Z,buy,8.457e-05,17.0,0.00143769
GRS/BTC,1539444089648,2018-10-13T15:21:29.648Z,buy,8.457e-05,17.0,0.00143769
GRS/BTC,1539444111648,2018-10-13T15:21:51.648Z,sell,8.422e-05,20.0,0.0016844
GRS/BTC,1539444223495,2018-10-13T15:23:43.495Z,buy,8.457e-05,296.0,0.0250327199999999
GRS/BTC,1539444223495,2018-10-13T15:23:43.495Z,buy,8.457e-05,296.0,0.0250327199999999
GRS/BTC,1539444501867,2018-10-13T15:28:21.867Z,buy,8.471e-05,166.0,0.0140618599999999
GRS/BTC,1539444501867,2018-10-13T15:28:21.867Z,buy,8.472e-05,422.0,0.03575184
GRS/BTC,1539444503047,2018-10-13T15:28:23.047Z,buy,8.472e-05,453.0,0.03837816
GRS/BTC,1539444503047,2018-10-13T15:28:23.047Z,buy,8.473e-05,174.0,0.0147430199999999
GRS/BTC,1539444503901,2018-10-13T15:28:23.901Z,buy,8.473e-05,23.0,0.00194879
GRS/BTC,1539444503901,2018-10-13T15:28:23.901Z,buy,8.484e-05,16.0,0.00135744
GRS/BTC,1539444504079,2018-10-13T15:28:24.079Z,sell,8.492e-05,288.0,0.02445696
GRS/BTC,1539444691758,2018-10-13T15:31:31.758Z,sell,8.492e-05,333.0,0.02827836
GRS/BTC,1539444694129,2018-10-13T15:31:34.129Z,buy,8.492e-05,449.0,0.0381290799999999
GRS/BTC,1539444694323,2018-10-13T15:31:34.323Z,buy,8.492e-05,433.0,0.0367703599999999
GRS/BTC,1539444694960,2018-10-13T15:31:34.960Z,buy,8.492e-05,17.0,0.00144364
GRS/BTC,1539444706458,2018-10-13T15:31:46.458Z,buy,8.502e-05,40.0,0.0034008
GRS/BTC,1539444768965,2018-10-13T15:32:48.965Z,buy,8.502e-05,20.0,0.0017004
GRS/BTC,1539444768965,2018-10-13T15:32:48.965Z,buy,8.525e-05,58.0,0.0049445
GRS/BTC,1539444768965,2018-10-13T15:32:48.965Z,buy,8.526e-05,2.0,0.00017052
GRS/BTC,1539444769393,2018-10-13T15:32:49.393Z,sell,8.5e-05,244.0,0.02074
GRS/BTC,1539444916771,2018-10-13T15:35:16.771Z,buy,8.53e-05,27.0,0.0023031
GRS/BTC,1539444916771,2018-10-13T15:35:16.771Z,buy,8.531e-05,53.0,0.00452143
GRS/BTC,1539445015894,2018-10-13T15:36:55.894Z,sell,8.49e-05,299.0,0.0253851
GRS/BTC,1539445015894,2018-10-13T15:36:55.894Z,sell,8.489e-05,280.0,0.0237691999999999
GRS/BTC,1539445029714,2018-10-13T15:37:09.714Z,sell,8.489e-05,965.0,0.08191885
GRS/BTC,1539445041235,2018-10-13T15:37:21.235Z,buy,8.53e-05,1.0,8.53e-05
GRS/BTC,1539445057381,2018-10-13T15:37:37.381Z,buy,8.529e-05,47.0,0.00400863
GRS/BTC,1539445102143,2018-10-13T15:38:22.143Z,buy,8.53e-05,196.0,0.0167188
GRS/BTC,1539445277569,2018-10-13T15:41:17.569Z,sell,8.501e-05,45.0,0.00382545
GRS/BTC,1539445313597,2018-10-13T15:41:53.597Z,buy,8.53e-05,1.0,8.53e-05
GRS/BTC,1539445313597,2018-10-13T15:41:53.597Z,buy,8.539e-05,116.0,0.00990524
GRS/BTC,1539445329740,2018-10-13T15:42:09.740Z,buy,8.539e-05,20.0,0.0017077999999999
GRS/BTC,1539445329740,2018-10-13T15:42:09.740Z,buy,8.545e-05,76.0,0.0064942
GRS/BTC,1539445334271,2018-10-13T15:42:14.271Z,buy,8.545e-05,33.0,0.00281985
GRS/BTC,1539445407274,2018-10-13T15:43:27.274Z,sell,8.545e-05,469.0,0.04007605
GRS/BTC,1539445415479,2018-10-13T15:43:35.479Z,sell,8.545e-05,16.0,0.0013672
GRS/BTC,1539445416238,2018-10-13T15:43:36.238Z,sell,8.545e-05,15.0,0.00128175
GRS/BTC,1539445649882,2018-10-13T15:47:29.882Z,buy,8.544e-05,1.0,8.544e-05
GRS/BTC,1539445649882,2018-10-13T15:47:29.882Z,buy,8.546e-05,25.0,0.0021365
GRS/BTC,1539445650494,2018-10-13T15:47:30.494Z,sell,8.546e-05,10.0,0.0008546
GRS/BTC,1539445983186,2018-10-13T15:53:03.186Z,buy,8.545e-05,16.0,0.0013672
GRS/BTC,1539446260002,2018-10-13T15:57:40.002Z,buy,8.546e-05,360.0,0.0307656
GRS/BTC,1539446269561,2018-10-13T15:57:49.561Z,buy,8.546e-05,1528.0,0.1305828799999999
GRS/BTC,1539446286364,2018-10-13T15:58:06.364Z,sell,8.546e-05,51.0,0.00435846
GRS/BTC,1539446287631,2018-10-13T15:58:07.631Z,sell,8.546e-05,25.0,0.0021365
GRS/BTC,1539446288070,2018-10-13T15:58:08.070Z,sell,8.546e-05,56.0,0.00478576
GRS/BTC,1539446289639,2018-10-13T15:58:09.639Z,sell,8.546e-05,28.0,0.00239288
GRS/BTC,1539446290049,2018-10-13T15:58:10.049Z,sell,8.546e-05,97.0,0.00828962
GRS/BTC,1539446290491,2018-10-13T15:58:10.491Z,sell,8.546e-05,97.0,0.00828962
GRS/BTC,1539446301773,2018-10-13T15:58:21.773Z,sell,8.546e-05,173.0,0.01478458
GRS/BTC,1539446303642,2018-10-13T15:58:23.642Z,sell,8.546e-05,87.0,0.00743502
GRS/BTC,1539446304128,2018-10-13T15:58:24.128Z,sell,8.546e-05,86.0,0.00734956
GRS/BTC,1539446659019,2018-10-13T16:04:19.019Z,buy,8.545e-05,1.0,8.545e-05
GRS/BTC,1539446659019,2018-10-13T16:04:19.019Z,buy,8.548e-05,34.0,0.00290632
GRS/BTC,1539446724119,2018-10-13T16:05:24.119Z,buy,8.548e-05,43.0,0.00367564
GRS/BTC,1539446724119,2018-10-13T16:05:24.119Z,buy,8.55e-05,29.0,0.0024795
GRS/BTC,1539446724119,2018-10-13T16:05:24.119Z,buy,8.552e-05,12.0,0.0010262399999999
GRS/BTC,1539446724239,2018-10-13T16:05:24.239Z,sell,8.56e-05,75.0,0.0064199999999999
GRS/BTC,1539446897814,2018-10-13T16:08:17.814Z,buy,8.561e-05,15.0,0.00128415
GRS/BTC,1539446930400,2018-10-13T16:08:50.400Z,buy,8.561e-05,21.0,0.00179781
GRS/BTC,1539446977640,2018-10-13T16:09:37.640Z,buy,8.562e-05,113.0,0.00967506
GRS/BTC,1539446977640,2018-10-13T16:09:37.640Z,buy,8.565e-05,3.0,0.00025695
GRS/BTC,1539446989656,2018-10-13T16:09:49.656Z,buy,8.565e-05,56.0,0.0047963999999999
GRS/BTC,1539447004359,2018-10-13T16:10:04.359Z,sell,8.565e-05,18.0,0.0015417
GRS/BTC,1539447011201,2018-10-13T16:10:11.201Z,sell,8.565e-05,39.0,0.0033403499999999
GRS/BTC,1539447012681,2018-10-13T16:10:12.681Z,sell,8.562e-05,12.0,0.00102744
GRS/BTC,1539447012819,2018-10-13T16:10:12.819Z,buy,8.561e-05,1.0,8.561e-05
GRS/BTC,1539447012819,2018-10-13T16:10:12.819Z,buy,8.565e-05,133.0,0.01139145
GRS/BTC,1539447046696,2018-10-13T16:10:46.696Z,buy,8.561e-05,13.0,0.00111293
GRS/BTC,1539447046696,2018-10-13T16:10:46.696Z,buy,8.565e-05,334.0,0.0286071
GRS/BTC,1539447075684,2018-10-13T16:11:15.684Z,sell,8.565e-05,189.0,0.01618785
GRS/BTC,1539447076481,2018-10-13T16:11:16.481Z,sell,8.565e-05,189.0,0.01618785
GRS/BTC,1539447076919,2018-10-13T16:11:16.919Z,sell,8.565e-05,94.0,0.0080511
GRS/BTC,1539447077453,2018-10-13T16:11:17.453Z,sell,8.565e-05,94.0,0.0080511
GRS/BTC,1539447099657,2018-10-13T16:11:39.657Z,sell,8.565e-05,39.0,0.0033403499999999
GRS/BTC,1539447099997,2018-10-13T16:11:39.997Z,sell,8.565e-05,92.0,0.0078798
GRS/BTC,1539447342736,2018-10-13T16:15:42.736Z,buy,8.566e-05,60.0,0.0051396
GRS/BTC,1539447391427,2018-10-13T16:16:31.427Z,buy,8.566e-05,174.0,0.01490484
GRS/BTC,1539447391427,2018-10-13T16:16:31.427Z,buy,8.567e-05,29.0,0.00248443
GRS/BTC,1539447526491,2018-10-13T16:18:46.491Z,buy,8.567e-05,119.0,0.0101947299999999
GRS/BTC,1539447526491,2018-10-13T16:18:46.491Z,buy,8.575e-05,28.0,0.002401
GRS/BTC,1539447526491,2018-10-13T16:18:46.491Z,buy,8.579e-05,119.0,0.01020901
GRS/BTC,1539447526491,2018-10-13T16:18:46.491Z,buy,8.586e-05,72.0,0.00618192
GRS/BTC,1539447526491,2018-10-13T16:18:46.491Z,buy,8.596e-05,101.0,0.0086819599999999
GRS/BTC,1539447526491,2018-10-13T16:18:46.491Z,buy,8.599e-05,226.0,0.0194337399999999
GRS/BTC,1539447526491,2018-10-13T16:18:46.491Z,buy,8.6e-05,223.0,0.019178
GRS/BTC,1539447526491,2018-10-13T16:18:46.491Z,buy,8.605e-05,83.0,0.00714215
GRS/BTC,1539447526491,2018-10-13T16:18:46.491Z,buy,8.611e-05,14.0,0.00120554
GRS/BTC,1539447526491,2018-10-13T16:18:46.491Z,buy,8.613e-05,100.0,0.008613
GRS/BTC,1539447526513,2018-10-13T16:18:46.513Z,sell,8.618e-05,223.0,0.01921814
GRS/BTC,1539447526519,2018-10-13T16:18:46.519Z,buy,8.622e-05,23.0,0.00198306
GRS/BTC,1539447526536,2018-10-13T16:18:46.536Z,sell,8.618e-05,366.0,0.03154188
GRS/BTC,1539447526556,2018-10-13T16:18:46.556Z,sell,8.618e-05,152.0,0.01309936
GRS/BTC,1539447526584,2018-10-13T16:18:46.584Z,buy,8.622e-05,17.0,0.0014657399999999
GRS/BTC,1539447526584,2018-10-13T16:18:46.584Z,buy,8.624e-05,27.0,0.00232848
GRS/BTC,1539447526584,2018-10-13T16:18:46.584Z,buy,8.625e-05,59.0,0.0050887499999999
GRS/BTC,1539447526611,2018-10-13T16:18:46.611Z,buy,8.625e-05,32.0,0.00276
GRS/BTC,1539447526611,2018-10-13T16:18:46.611Z,buy,8.63e-05,83.0,0.0071629
GRS/BTC,1539447526637,2018-10-13T16:18:46.637Z,buy,8.63e-05,19.0,0.0016397
GRS/BTC,1539447526637,2018-10-13T16:18:46.637Z,buy,8.639e-05,40.0,0.0034556
GRS/BTC,1539447526641,2018-10-13T16:18:46.641Z,buy,8.623e-05,98.0,0.00845054
GRS/BTC,1539447526641,2018-10-13T16:18:46.641Z,buy,8.639e-05,197.0,0.01701883
GRS/BTC,1539447526641,2018-10-13T16:18:46.641Z,buy,8.639e-05,57.0,0.00492423
GRS/BTC,1539447526642,2018-10-13T16:18:46.642Z,buy,8.639e-05,115.0,0.00993485
GRS/BTC,1539447526645,2018-10-13T16:18:46.645Z,buy,8.639e-05,288.0,0.02488032
GRS/BTC,1539447526658,2018-10-13T16:18:46.658Z,buy,8.639e-05,57.0,0.00492423
GRS/BTC,1539447526664,2018-10-13T16:18:46.664Z,buy,8.639e-05,63.0,0.00544257
GRS/BTC,1539447526690,2018-10-13T16:18:46.690Z,buy,8.639e-05,173.0,0.01494547
GRS/BTC,1539447526723,2018-10-13T16:18:46.723Z,sell,8.636e-05,46.0,0.00397256
GRS/BTC,1539447526727,2018-10-13T16:18:46.727Z,buy,8.639e-05,688.0,0.05943632
GRS/BTC,1539447526727,2018-10-13T16:18:46.727Z,buy,8.64e-05,137.0,0.0118368
GRS/BTC,1539447526727,2018-10-13T16:18:46.727Z,buy,8.642e-05,56.0,0.00483952
GRS/BTC,1539447526727,2018-10-13T16:18:46.727Z,buy,8.643e-05,21.0,0.00181503
GRS/BTC,1539447526736,2018-10-13T16:18:46.736Z,sell,8.644e-05,167.0,0.01443548
GRS/BTC,1539447526745,2018-10-13T16:18:46.745Z,buy,8.645e-05,69.0,0.00596505
GRS/BTC,1539447526752,2018-10-13T16:18:46.752Z,sell,8.644e-05,69.0,0.00596436
GRS/BTC,1539447526760,2018-10-13T16:18:46.760Z,sell,8.644e-05,16.0,0.00138304
GRS/BTC,1539447526760,2018-10-13T16:18:46.760Z,sell,8.636e-05,27.0,0.00233172
GRS/BTC,1539447526764,2018-10-13T16:18:46.764Z,buy,8.645e-05,21.0,0.00181545
GRS/BTC,1539447526775,2018-10-13T16:18:46.775Z,buy,8.645e-05,21.0,0.00181545
GRS/BTC,1539447526784,2018-10-13T16:18:46.784Z,buy,8.645e-05,23.0,0.00198835
GRS/BTC,1539447526788,2018-10-13T16:18:46.788Z,buy,8.645e-05,23.0,0.00198835
GRS/BTC,1539447526850,2018-10-13T16:18:46.850Z,buy,8.645e-05,17.0,0.00146965
GRS/BTC,1539447526871,2018-10-13T16:18:46.871Z,sell,8.644e-05,28.0,0.00242032
GRS/BTC,1539447526871,2018-10-13T16:18:46.871Z,sell,8.636e-05,19.0,0.00164084
GRS/BTC,1539447526871,2018-10-13T16:18:46.871Z,sell,8.627e-05,55.0,0.00474485
GRS/BTC,1539447526881,2018-10-13T16:18:46.881Z,buy,8.645e-05,72.0,0.0062244
GRS/BTC,1539447526896,2018-10-13T16:18:46.896Z,buy,8.645e-05,72.0,0.0062244
GRS/BTC,1539447526913,2018-10-13T16:18:46.913Z,buy,8.644e-05,13.0,0.00112372
GRS/BTC,1539447527046,2018-10-13T16:18:47.046Z,buy,8.644e-05,15.0,0.0012966
GRS/BTC,1539447527046,2018-10-13T16:18:47.046Z,buy,8.645e-05,95.0,0.00821275
GRS/BTC,1539447527131,2018-10-13T16:18:47.131Z,buy,8.645e-05,57.0,0.00492765
GRS/BTC,1539447527141,2018-10-13T16:18:47.141Z,sell,8.627e-05,68.0,0.00586636
GRS/BTC,1539447527147,2018-10-13T16:18:47.147Z,sell,8.627e-05,380.0,0.0327826
GRS/BTC,1539447527159,2018-10-13T16:18:47.159Z,sell,8.627e-05,618.0,0.05331486
GRS/BTC,1539447527215,2018-10-13T16:18:47.215Z,sell,8.627e-05,99.0,0.00854073
GRS/BTC,1539447527363,2018-10-13T16:18:47.363Z,buy,8.644e-05,28.0,0.00242032
GRS/BTC,1539447527363,2018-10-13T16:18:47.363Z,buy,8.645e-05,20.0,0.001729
GRS/BTC,1539447527363,2018-10-13T16:18:47.363Z,buy,8.646e-05,9.0,0.00077814
GRS/BTC,1539447527431,2018-10-13T16:18:47.431Z,sell,8.627e-05,116.0,0.01000732
GRS/BTC,1539447527491,2018-10-13T16:18:47.491Z,buy,8.646e-05,9.0,0.00077814
GRS/BTC,1539447527491,2018-10-13T16:18:47.491Z,buy,8.647e-05,65.0,0.00562055
GRS/BTC,1539447527673,2018-10-13T16:18:47.673Z,buy,8.647e-05,39.0,0.00337233
GRS/BTC,1539447527673,2018-10-13T16:18:47.673Z,buy,8.65e-05,9.0,0.0007785
GRS/BTC,1539447527685,2018-10-13T16:18:47.685Z,buy,8.65e-05,69.0,0.0059685
GRS/BTC,1539447527685,2018-10-13T16:18:47.685Z,buy,8.653e-05,4.0,0.00034612
GRS/BTC,1539447527765,2018-10-13T16:18:47.765Z,sell,8.627e-05,22.0,0.0018979399999999
GRS/BTC,1539447527892,2018-10-13T16:18:47.892Z,sell,8.618e-05,37.0,0.00318866
GRS/BTC,1539447528277,2018-10-13T16:18:48.277Z,sell,8.618e-05,75.0,0.0064635
GRS/BTC,1539447528765,2018-10-13T16:18:48.765Z,sell,8.618e-05,13.0,0.00112034
GRS/BTC,1539447529216,2018-10-13T16:18:49.216Z,sell,8.618e-05,66.0,0.00568788
GRS/BTC,1539447529782,2018-10-13T16:18:49.782Z,sell,8.618e-05,88.0,0.00758384
GRS/BTC,1539447530193,2018-10-13T16:18:50.193Z,sell,8.618e-05,351.0,0.03024918
GRS/BTC,1539447530318,2018-10-13T16:18:50.318Z,sell,8.618e-05,88.0,0.00758384
GRS/BTC,1539447530814,2018-10-13T16:18:50.814Z,sell,8.618e-05,68.0,0.00586024
GRS/BTC,1539447531425,2018-10-13T16:18:51.425Z,sell,8.618e-05,68.0,0.00586024
GRS/BTC,1539447531789,2018-10-13T16:18:51.789Z,sell,8.618e-05,122.0,0.01051396
GRS/BTC,1539447532281,2018-10-13T16:18:52.281Z,sell,8.618e-05,122.0,0.01051396
GRS/BTC,1539447536354,2018-10-13T16:18:56.354Z,sell,8.618e-05,122.0,0.01051396
GRS/BTC,1539447536579,2018-10-13T16:18:56.579Z,sell,8.618e-05,18.0,0.00155124
GRS/BTC,1539447536809,2018-10-13T16:18:56.809Z,sell,8.618e-05,113.0,0.00973834
GRS/BTC,1539447537028,2018-10-13T16:18:57.028Z,sell,8.618e-05,58.0,0.00499844
GRS/BTC,1539447537391,2018-10-13T16:18:57.391Z,sell,8.618e-05,113.0,0.00973834
GRS/BTC,1539447537821,2018-10-13T16:18:57.821Z,sell,8.618e-05,90.0,0.0077562
GRS/BTC,1539447538365,2018-10-13T16:18:58.365Z,sell,8.618e-05,90.0,0.0077562
GRS/BTC,1539447538790,2018-10-13T16:18:58.790Z,sell,8.618e-05,60.0,0.0051708
GRS/BTC,1539447539418,2018-10-13T16:18:59.418Z,sell,8.618e-05,59.0,0.00508462
GRS/BTC,1539447542761,2018-10-13T16:19:02.761Z,sell,8.61e-05,88.0,0.0075768
GRS/BTC,1539447543295,2018-10-13T16:19:03.295Z,sell,8.61e-05,272.0,0.0234192
GRS/BTC,1539447548150,2018-10-13T16:19:08.150Z,sell,8.61e-05,329.0,0.0283269
GRS/BTC,1539447548769,2018-10-13T16:19:08.769Z,sell,8.61e-05,14.0,0.0012054
GRS/BTC,1539447552769,2018-10-13T16:19:12.769Z,sell,8.61e-05,59.0,0.0050799
GRS/BTC,1539447558606,2018-10-13T16:19:18.606Z,sell,8.61e-05,30.0,0.002583
GRS/BTC,1539447619796,2018-10-13T16:20:19.796Z,buy,8.617e-05,1.0,8.617e-05
GRS/BTC,1539447642160,2018-10-13T16:20:42.160Z,buy,8.618e-05,1.0,8.618e-05
GRS/BTC,1539447658766,2018-10-13T16:20:58.766Z,buy,8.618e-05,11.0,0.00094798
GRS/BTC,1539447696343,2018-10-13T16:21:36.343Z,buy,8.626e-05,3.0,0.00025878
GRS/BTC,1539447701268,2018-10-13T16:21:41.268Z,sell,8.612e-05,465.0,0.0400458
GRS/BTC,1539447704226,2018-10-13T16:21:44.226Z,sell,8.612e-05,426.0,0.03668712
GRS/BTC,1539447704226,2018-10-13T16:21:44.226Z,sell,8.611e-05,41.0,0.00353051
GRS/BTC,1539447707222,2018-10-13T16:21:47.222Z,sell,8.611e-05,17.0,0.00146387
GRS/BTC,1539447707222,2018-10-13T16:21:47.222Z,sell,8.61e-05,450.0,0.038745
GRS/BTC,1539447710210,2018-10-13T16:21:50.210Z,sell,8.61e-05,465.0,0.0400365
GRS/BTC,1539447713219,2018-10-13T16:21:53.219Z,sell,8.61e-05,465.0,0.0400365
GRS/BTC,1539447716211,2018-10-13T16:21:56.211Z,sell,8.61e-05,8.0,0.0006888
GRS/BTC,1539447716211,2018-10-13T16:21:56.211Z,sell,8.601e-05,29.0,0.00249429
GRS/BTC,1539447719220,2018-10-13T16:21:59.220Z,sell,8.593e-05,125.0,0.0107412499999999
GRS/BTC,1539447719220,2018-10-13T16:21:59.220Z,sell,8.588e-05,229.0,0.01966652
GRS/BTC,1539447734073,2018-10-13T16:22:14.073Z,sell,8.576e-05,35.0,0.0030016
GRS/BTC,1539447801096,2018-10-13T16:23:21.096Z,buy,8.626e-05,72.0,0.00621072
GRS/BTC,1539447801096,2018-10-13T16:23:21.096Z,buy,8.626e-05,72.0,0.00621072
GRS/BTC,1539447847470,2018-10-13T16:24:07.470Z,buy,8.626e-05,115.0,0.0099199
GRS/BTC,1539447878785,2018-10-13T16:24:38.785Z,buy,8.626e-05,123.0,0.01060998
GRS/BTC,1539447878785,2018-10-13T16:24:38.785Z,buy,8.627e-05,117.0,0.01009359
GRS/BTC,1539447882654,2018-10-13T16:24:42.654Z,buy,8.635e-05,194.0,0.0167519
GRS/BTC,1539447886847,2018-10-13T16:24:46.847Z,buy,8.65e-05,173.0,0.0149645
GRS/BTC,1539447891534,2018-10-13T16:24:51.534Z,buy,8.648e-05,14.0,0.00121072
GRS/BTC,1539447891534,2018-10-13T16:24:51.534Z,buy,8.65e-05,26.0,0.002249
GRS/BTC,1539447891534,2018-10-13T16:24:51.534Z,buy,8.652e-05,327.0,0.02829204
GRS/BTC,1539447909231,2018-10-13T16:25:09.231Z,sell,8.581e-05,196.0,0.01681876
GRS/BTC,1539447909231,2018-10-13T16:25:09.231Z,sell,8.58e-05,29.0,0.0024882
GRS/BTC,1539447938230,2018-10-13T16:25:38.230Z,sell,8.581e-05,340.0,0.0291753999999999
GRS/BTC,1539447938230,2018-10-13T16:25:38.230Z,sell,8.58e-05,60.0,0.005148
GRS/BTC,1539447943194,2018-10-13T16:25:43.194Z,sell,8.58e-05,213.0,0.0182754
GRS/BTC,1539447943194,2018-10-13T16:25:43.194Z,sell,8.579e-05,251.0,0.02153329
GRS/BTC,1539447946414,2018-10-13T16:25:46.414Z,sell,8.58e-05,28.0,0.0024024
GRS/BTC,1539447946414,2018-10-13T16:25:46.414Z,sell,8.579e-05,436.0,0.03740444
GRS/BTC,1539447967358,2018-10-13T16:26:07.358Z,sell,8.579e-05,478.0,0.04100762
GRS/BTC,1539447967358,2018-10-13T16:26:07.358Z,sell,8.577e-05,110.0,0.0094347
GRS/BTC,1539448184946,2018-10-13T16:29:44.946Z,sell,8.577e-05,34.0,0.00291618
GRS/BTC,1539448185411,2018-10-13T16:29:45.411Z,sell,8.577e-05,21.0,0.00180117
GRS/BTC,1539448186068,2018-10-13T16:29:46.068Z,sell,8.577e-05,21.0,0.00180117
GRS/BTC,1539448186395,2018-10-13T16:29:46.395Z,sell,8.577e-05,13.0,0.00111501
GRS/BTC,1539448187374,2018-10-13T16:29:47.374Z,sell,8.577e-05,176.0,0.01509552
GRS/BTC,1539448187862,2018-10-13T16:29:47.862Z,sell,8.577e-05,169.0,0.01449513
GRS/BTC,1539448188870,2018-10-13T16:29:48.870Z,sell,8.577e-05,81.0,0.00694737
GRS/BTC,1539448200869,2018-10-13T16:30:00.869Z,sell,8.577e-05,361.0,0.03096297
GRS/BTC,1539448201467,2018-10-13T16:30:01.467Z,sell,8.577e-05,360.0,0.0308772
GRS/BTC,1539448201467,2018-10-13T16:30:01.467Z,sell,8.576e-05,1.0,8.576e-05
GRS/BTC,1539448202224,2018-10-13T16:30:02.224Z,sell,8.576e-05,206.0,0.01766656
GRS/BTC,1539448202910,2018-10-13T16:30:02.910Z,sell,8.576e-05,20.0,0.0017152
GRS/BTC,1539448203465,2018-10-13T16:30:03.465Z,sell,8.576e-05,25.0,0.002144
GRS/BTC,1539448212022,2018-10-13T16:30:12.022Z,sell,8.594e-05,29.0,0.0024922599999999
GRS/BTC,1539448223887,2018-10-13T16:30:23.887Z,buy,8.611e-05,88.0,0.00757768
GRS/BTC,1539448223887,2018-10-13T16:30:23.887Z,buy,8.628e-05,162.0,0.01397736
GRS/BTC,1539448228235,2018-10-13T16:30:28.235Z,sell,8.595e-05,23.0,0.00197685
GRS/BTC,1539448228235,2018-10-13T16:30:28.235Z,sell,8.594e-05,14.0,0.00120316
GRS/BTC,1539448256247,2018-10-13T16:30:56.247Z,sell,8.587e-05,195.0,0.01674465
GRS/BTC,1539448256247,2018-10-13T16:30:56.247Z,sell,8.583e-05,47.0,0.00403401
GRS/BTC,1539448285762,2018-10-13T16:31:25.762Z,buy,8.633e-05,115.0,0.00992795
GRS/BTC,1539448326401,2018-10-13T16:32:06.401Z,sell,8.577e-05,75.0,0.00643275
GRS/BTC,1539448326401,2018-10-13T16:32:06.401Z,sell,8.576e-05,392.0,0.03361792
GRS/BTC,1539448395401,2018-10-13T16:33:15.401Z,sell,8.576e-05,178.0,0.01526528
GRS/BTC,1539448395401,2018-10-13T16:33:15.401Z,sell,8.565e-05,287.0,0.0245815499999999
GRS/BTC,1539448397250,2018-10-13T16:33:17.250Z,buy,8.611e-05,34.0,0.00292774
GRS/BTC,1539448411252,2018-10-13T16:33:31.252Z,sell,8.565e-05,127.0,0.01087755
GRS/BTC,1539448411651,2018-10-13T16:33:31.651Z,sell,8.565e-05,127.0,0.01087755
GRS/BTC,1539448423879,2018-10-13T16:33:43.879Z,sell,8.565e-05,112.0,0.0095927999999999
GRS/BTC,1539448424272,2018-10-13T16:33:44.272Z,sell,8.565e-05,56.0,0.0047963999999999
GRS/BTC,1539448424668,2018-10-13T16:33:44.668Z,sell,8.565e-05,56.0,0.0047963999999999
GRS/BTC,1539448436880,2018-10-13T16:33:56.880Z,sell,8.566e-05,13.0,0.00111358
GRS/BTC,1539448438961,2018-10-13T16:33:58.961Z,sell,8.566e-05,28.0,0.00239848
