symbol,timestamp,datetime,side,price,amount,btc_volume
GTO/BTC,1589040223842,2020-05-09T16:03:43.842Z,sell,5.6e-07,55055.0,0.0308308
GTO/BTC,1589040223981,2020-05-09T16:03:43.981Z,sell,5.6e-07,224.0,0.00012544
GTO/BTC,1589040317986,2020-05-09T16:05:17.986Z,buy,5.7e-07,49776.0,0.02837232
GTO/BTC,1589040470887,2020-05-09T16:07:50.887Z,buy,5.7e-07,7372.0,0.00420204
GTO/BTC,1589040517471,2020-05-09T16:08:37.471Z,buy,5.7e-07,12280.0,0.0069996
GTO/BTC,1589040652765,2020-05-09T16:10:52.765Z,buy,5.7e-07,1052.0,0.00059964
GTO/BTC,1589041303674,2020-05-09T16:21:43.674Z,buy,5.7e-07,135501.0,0.07723557
GTO/BTC,1589041834302,2020-05-09T16:30:34.302Z,sell,5.6e-07,673251.0,0.37702056
GTO/BTC,1589041834348,2020-05-09T16:30:34.348Z,sell,5.5e-07,45038.0,0.0247709
GTO/BTC,1589042112344,2020-05-09T16:35:12.344Z,buy,5.6e-07,265.0,0.0001484
GTO/BTC,1589042179359,2020-05-09T16:36:19.359Z,sell,5.5e-07,182.0,0.0001001
GTO/BTC,1589043145411,2020-05-09T16:52:25.411Z,sell,5.5e-07,1828.0,0.0010054
GTO/BTC,1589043145411,2020-05-09T16:52:25.411Z,sell,5.5e-07,1828.0,0.0010054
GTO/BTC,1589043545811,2020-05-09T16:59:05.811Z,buy,5.6e-07,368.0,0.00020608
GTO/BTC,1589043675190,2020-05-09T17:01:15.190Z,buy,5.6e-07,15595.0,0.0087332
GTO/BTC,1589043769148,2020-05-09T17:02:49.148Z,buy,5.6e-07,9000.0,0.00504
GTO/BTC,1589043813286,2020-05-09T17:03:33.286Z,buy,5.6e-07,354.0,0.00019824
GTO/BTC,1589043912729,2020-05-09T17:05:12.729Z,buy,5.6e-07,20000.0,0.0112
GTO/BTC,1589044116183,2020-05-09T17:08:36.183Z,buy,5.6e-07,500.0,0.00028
GTO/BTC,1589044120265,2020-05-09T17:08:40.265Z,buy,5.6e-07,1600.0,0.000896
GTO/BTC,1589044156820,2020-05-09T17:09:16.820Z,buy,5.6e-07,1000.0,0.00056
GTO/BTC,1589044173549,2020-05-09T17:09:33.549Z,buy,5.6e-07,7000.0,0.00392
GTO/BTC,1589044185917,2020-05-09T17:09:45.917Z,buy,5.6e-07,7000.0,0.00392
GTO/BTC,1589044195413,2020-05-09T17:09:55.413Z,buy,5.6e-07,1000.0,0.00056
GTO/BTC,1589044200328,2020-05-09T17:10:00.328Z,buy,5.6e-07,1000.0,0.00056
GTO/BTC,1589044210136,2020-05-09T17:10:10.136Z,buy,5.6e-07,1000.0,0.00056
GTO/BTC,1589044229997,2020-05-09T17:10:29.997Z,buy,5.6e-07,44956.0,0.02517536
GTO/BTC,1589045739583,2020-05-09T17:35:39.583Z,buy,5.6e-07,2000.0,0.00112
GTO/BTC,1589045996374,2020-05-09T17:39:56.374Z,buy,5.6e-07,17317.0,0.00969752
GTO/BTC,1589045996381,2020-05-09T17:39:56.381Z,sell,5.6e-07,32758.0,0.01834448
GTO/BTC,1589045996382,2020-05-09T17:39:56.382Z,sell,5.6e-07,71515.0,0.0400484
GTO/BTC,1589046007966,2020-05-09T17:40:07.966Z,buy,5.6e-07,81884.0,0.04585504
GTO/BTC,1589046007966,2020-05-09T17:40:07.966Z,buy,5.6e-07,81884.0,0.04585504
GTO/BTC,1589047009665,2020-05-09T17:56:49.665Z,buy,5.6e-07,6217.0,0.00348152
GTO/BTC,1589047843167,2020-05-09T18:10:43.167Z,buy,5.6e-07,1597.0,0.00089432
GTO/BTC,1589048825198,2020-05-09T18:27:05.198Z,buy,5.6e-07,370.0,0.0002072
GTO/BTC,1589048825198,2020-05-09T18:27:05.198Z,buy,5.6e-07,370.0,0.0002072
GTO/BTC,1589051022863,2020-05-09T19:03:42.863Z,buy,5.6e-07,15595.0,0.0087332
GTO/BTC,1589051246335,2020-05-09T19:07:26.335Z,buy,5.6e-07,1244.0,0.00069664
GTO/BTC,1589051276775,2020-05-09T19:07:56.775Z,buy,5.6e-07,5242.0,0.00293552
GTO/BTC,1589051587863,2020-05-09T19:13:07.863Z,sell,5.5e-07,147679.0,0.08122345
GTO/BTC,1589051588083,2020-05-09T19:13:08.083Z,sell,5.5e-07,715.0,0.00039325
GTO/BTC,1589051588085,2020-05-09T19:13:08.085Z,sell,5.5e-07,13070.0,0.0071885
GTO/BTC,1589051588741,2020-05-09T19:13:08.741Z,sell,5.5e-07,944.0,0.0005192
GTO/BTC,1589051589946,2020-05-09T19:13:09.946Z,sell,5.5e-07,741.0,0.00040755
GTO/BTC,1589051589946,2020-05-09T19:13:09.946Z,sell,5.5e-07,741.0,0.00040755
GTO/BTC,1589052753338,2020-05-09T19:32:33.338Z,sell,5.5e-07,950.0,0.0005225
GTO/BTC,1589053786065,2020-05-09T19:49:46.065Z,sell,5.5e-07,6496.0,0.0035728
GTO/BTC,1589053786065,2020-05-09T19:49:46.065Z,sell,5.5e-07,6496.0,0.0035728
GTO/BTC,1589055304964,2020-05-09T20:15:04.964Z,sell,5.5e-07,10959.0,0.00602745
GTO/BTC,1589056139757,2020-05-09T20:28:59.757Z,sell,5.5e-07,5000.0,0.00275
GTO/BTC,1589056216039,2020-05-09T20:30:16.039Z,buy,5.6e-07,40.0,2.24e-05
GTO/BTC,1589057247549,2020-05-09T20:47:27.549Z,buy,5.6e-07,5563.0,0.00311528
GTO/BTC,1589057247549,2020-05-09T20:47:27.549Z,buy,5.6e-07,5563.0,0.00311528
GTO/BTC,1589057933598,2020-05-09T20:58:53.598Z,buy,5.6e-07,277.0,0.00015512
GTO/BTC,1589058614172,2020-05-09T21:10:14.172Z,buy,5.6e-07,200000.0,0.112
GTO/BTC,1589058619665,2020-05-09T21:10:19.665Z,buy,5.6e-07,14046.0,0.00786576
GTO/BTC,1589058664769,2020-05-09T21:11:04.769Z,buy,5.6e-07,6466.0,0.00362096
GTO/BTC,1589059012853,2020-05-09T21:16:52.853Z,buy,5.6e-07,273181.0,0.15298136
GTO/BTC,1589059021505,2020-05-09T21:17:01.505Z,buy,5.7e-07,805844.0,0.45933108
GTO/BTC,1589059021505,2020-05-09T21:17:01.505Z,buy,5.8e-07,75449.0,0.0437604199999999
GTO/BTC,1589059021937,2020-05-09T21:17:01.937Z,buy,5.8e-07,55172.0,0.0319997599999999
GTO/BTC,1589059024614,2020-05-09T21:17:04.614Z,buy,5.7e-07,38415.0,0.02189655
GTO/BTC,1589059025549,2020-05-09T21:17:05.549Z,buy,5.7e-07,2711.0,0.00154527
GTO/BTC,1589059027986,2020-05-09T21:17:07.986Z,buy,5.7e-07,527.0,0.00030039
GTO/BTC,1589059028981,2020-05-09T21:17:08.981Z,buy,5.7e-07,178.0,0.00010146
GTO/BTC,1589059036830,2020-05-09T21:17:16.830Z,buy,5.7e-07,34999.0,0.01994943
GTO/BTC,1589059039406,2020-05-09T21:17:19.406Z,buy,5.7e-07,38415.0,0.02189655
GTO/BTC,1589059040190,2020-05-09T21:17:20.190Z,buy,5.7e-07,1000.0,0.00057
GTO/BTC,1589059040952,2020-05-09T21:17:20.952Z,buy,5.7e-07,176.0,0.00010032
GTO/BTC,1589059043139,2020-05-09T21:17:23.139Z,buy,5.7e-07,37239.0,0.02122623
GTO/BTC,1589059043907,2020-05-09T21:17:23.907Z,sell,5.6e-07,3598.0,0.00201488
GTO/BTC,1589059044103,2020-05-09T21:17:24.103Z,buy,5.7e-07,38415.0,0.02189655
GTO/BTC,1589059044109,2020-05-09T21:17:24.109Z,sell,5.7e-07,86166.0,0.04911462
GTO/BTC,1589059044110,2020-05-09T21:17:24.110Z,sell,5.7e-07,50550.0,0.0288135
GTO/BTC,1589059044553,2020-05-09T21:17:24.553Z,sell,5.6e-07,55172.0,0.03089632
GTO/BTC,1589059047461,2020-05-09T21:17:27.461Z,buy,5.7e-07,174997.0,0.09974829
GTO/BTC,1589059051426,2020-05-09T21:17:31.426Z,buy,5.7e-07,22839.0,0.01301823
GTO/BTC,1589059051440,2020-05-09T21:17:31.440Z,sell,5.7e-07,38415.0,0.02189655
GTO/BTC,1589059051442,2020-05-09T21:17:31.442Z,sell,5.7e-07,10456.0,0.00595992
GTO/BTC,1589059051514,2020-05-09T21:17:31.514Z,sell,5.6e-07,25641.0,0.01435896
GTO/BTC,1589059054388,2020-05-09T21:17:34.388Z,buy,5.7e-07,143604.0,0.08185428
GTO/BTC,1589059054410,2020-05-09T21:17:34.410Z,sell,5.7e-07,38571.0,0.02198547
GTO/BTC,1589059054410,2020-05-09T21:17:34.410Z,sell,5.7e-07,13714.0,0.00781698
GTO/BTC,1589059057839,2020-05-09T21:17:37.839Z,buy,5.7e-07,64760.0,0.0369132
GTO/BTC,1589059061213,2020-05-09T21:17:41.213Z,buy,5.7e-07,13426.0,0.00765282
GTO/BTC,1589059061220,2020-05-09T21:17:41.220Z,sell,5.7e-07,7255.0,0.00413535
GTO/BTC,1589059065066,2020-05-09T21:17:45.066Z,buy,5.7e-07,20440.0,0.0116508
GTO/BTC,1589059065088,2020-05-09T21:17:45.088Z,sell,5.7e-07,32953.0,0.01878321
GTO/BTC,1589059068202,2020-05-09T21:17:48.202Z,buy,5.7e-07,20564.0,0.01172148
GTO/BTC,1589059071285,2020-05-09T21:17:51.285Z,buy,5.7e-07,13349.0,0.00760893
GTO/BTC,1589059071289,2020-05-09T21:17:51.289Z,sell,5.7e-07,6613.0,0.00376941
GTO/BTC,1589059076401,2020-05-09T21:17:56.401Z,buy,5.7e-07,32963.0,0.01878891
GTO/BTC,1589059076411,2020-05-09T21:17:56.411Z,sell,5.7e-07,19005.0,0.01083285
GTO/BTC,1589059076412,2020-05-09T21:17:56.412Z,sell,5.7e-07,19085.0,0.01087845
GTO/BTC,1589059076413,2020-05-09T21:17:56.413Z,sell,5.7e-07,37423.0,0.02133111
GTO/BTC,1589059076473,2020-05-09T21:17:56.473Z,sell,5.7e-07,16291.0,0.00928587
GTO/BTC,1589059089418,2020-05-09T21:18:09.418Z,buy,5.8e-07,155172.0,0.08999976
GTO/BTC,1589059093767,2020-05-09T21:18:13.767Z,buy,5.8e-07,568965.0,0.3299996999999999
GTO/BTC,1589059096086,2020-05-09T21:18:16.086Z,buy,5.8e-07,175.0,0.0001014999999999
GTO/BTC,1589059099023,2020-05-09T21:18:19.023Z,buy,5.8e-07,202352.0,0.11736416
GTO/BTC,1589059099047,2020-05-09T21:18:19.047Z,sell,5.8e-07,7726.0,0.0044810799999999
GTO/BTC,1589059099048,2020-05-09T21:18:19.048Z,sell,5.8e-07,12962.0,0.00751796
GTO/BTC,1589059099049,2020-05-09T21:18:19.049Z,sell,5.8e-07,8118.0,0.0047084399999999
GTO/BTC,1589059104477,2020-05-09T21:18:24.477Z,buy,5.8e-07,2908.0,0.0016866399999999
GTO/BTC,1589059104630,2020-05-09T21:18:24.630Z,sell,5.8e-07,337.0,0.0001954599999999
GTO/BTC,1589059105691,2020-05-09T21:18:25.691Z,sell,5.8e-07,2575.0,0.0014934999999999
GTO/BTC,1589059106887,2020-05-09T21:18:26.887Z,sell,5.8e-07,3486.0,0.0020218799999999
GTO/BTC,1589059124856,2020-05-09T21:18:44.856Z,buy,5.9e-07,1525423.0,0.89999957
GTO/BTC,1589059126983,2020-05-09T21:18:46.983Z,sell,5.8e-07,5357.0,0.0031070599999999
GTO/BTC,1589059127981,2020-05-09T21:18:47.981Z,buy,5.9e-07,172.0,0.00010148
GTO/BTC,1589059128294,2020-05-09T21:18:48.294Z,buy,5.9e-07,339.0,0.0002000099999999
GTO/BTC,1589059131079,2020-05-09T21:18:51.079Z,buy,5.9e-07,745762.0,0.4399995799999999
GTO/BTC,1589059134932,2020-05-09T21:18:54.932Z,buy,5.9e-07,372881.0,0.2199997899999999
GTO/BTC,1589059139691,2020-05-09T21:18:59.691Z,buy,5.9e-07,271186.0,0.15999974
GTO/BTC,1589059142789,2020-05-09T21:19:02.789Z,buy,5.9e-07,343342.0,0.2025717799999999
GTO/BTC,1589059142803,2020-05-09T21:19:02.803Z,sell,5.9e-07,5794.0,0.00341846
GTO/BTC,1589059146824,2020-05-09T21:19:06.824Z,buy,5.9e-07,8548.0,0.00504332
GTO/BTC,1589059146831,2020-05-09T21:19:06.831Z,sell,5.9e-07,32610.0,0.0192398999999999
GTO/BTC,1589059146834,2020-05-09T21:19:06.834Z,sell,5.9e-07,32610.0,0.0192398999999999
GTO/BTC,1589059146844,2020-05-09T21:19:06.844Z,sell,5.9e-07,2498.0,0.0014738199999999
GTO/BTC,1589059146894,2020-05-09T21:19:06.894Z,sell,5.9e-07,562.0,0.00033158
GTO/BTC,1589059146962,2020-05-09T21:19:06.962Z,sell,5.9e-07,789.0,0.00046551
GTO/BTC,1589059147093,2020-05-09T21:19:07.093Z,sell,5.9e-07,6126.0,0.0036143399999999
GTO/BTC,1589059147187,2020-05-09T21:19:07.187Z,sell,5.9e-07,2117.0,0.00124903
GTO/BTC,1589059149060,2020-05-09T21:19:09.060Z,sell,5.9e-07,337.0,0.00019883
GTO/BTC,1589059149118,2020-05-09T21:19:09.118Z,sell,5.9e-07,622.0,0.00036698
GTO/BTC,1589059149358,2020-05-09T21:19:09.358Z,sell,5.9e-07,2141.0,0.00126319
GTO/BTC,1589059151465,2020-05-09T21:19:11.465Z,sell,5.9e-07,371368.0,0.21910712
GTO/BTC,1589059152998,2020-05-09T21:19:12.998Z,sell,5.9e-07,7129.0,0.00420611
GTO/BTC,1589059156550,2020-05-09T21:19:16.550Z,sell,5.9e-07,371368.0,0.21910712
GTO/BTC,1589059157298,2020-05-09T21:19:17.298Z,buy,6e-07,50000.0,0.03
GTO/BTC,1589059157834,2020-05-09T21:19:17.834Z,buy,6e-07,122104.0,0.0732623999999999
GTO/BTC,1589059161140,2020-05-09T21:19:21.140Z,buy,6e-07,83333.0,0.0499998
GTO/BTC,1589059166077,2020-05-09T21:19:26.077Z,buy,6e-07,50000.0,0.03
GTO/BTC,1589059170382,2020-05-09T21:19:30.382Z,buy,6e-07,366666.0,0.2199996
GTO/BTC,1589059172254,2020-05-09T21:19:32.254Z,sell,5.9e-07,3816.0,0.00225144
GTO/BTC,1589059172937,2020-05-09T21:19:32.937Z,buy,6e-07,169.0,0.0001014
GTO/BTC,1589059176387,2020-05-09T21:19:36.387Z,buy,6e-07,169.0,0.0001014
GTO/BTC,1589059176748,2020-05-09T21:19:36.748Z,buy,6e-07,458186.0,0.2749116
GTO/BTC,1589059176760,2020-05-09T21:19:36.760Z,sell,6e-07,169.0,0.0001014
GTO/BTC,1589059176781,2020-05-09T21:19:36.781Z,sell,6e-07,52827.0,0.0316962
GTO/BTC,1589059180701,2020-05-09T21:19:40.701Z,buy,6e-07,5286.0,0.0031715999999999
GTO/BTC,1589059180710,2020-05-09T21:19:40.710Z,sell,6e-07,5629.0,0.0033774
GTO/BTC,1589059180719,2020-05-09T21:19:40.719Z,sell,6e-07,14694.0,0.0088164
GTO/BTC,1589059180720,2020-05-09T21:19:40.720Z,sell,6e-07,14694.0,0.0088164
GTO/BTC,1589059180826,2020-05-09T21:19:40.826Z,sell,6e-07,2575.0,0.001545
GTO/BTC,1589059180939,2020-05-09T21:19:40.939Z,sell,6e-07,476.0,0.0002856
GTO/BTC,1589059181054,2020-05-09T21:19:41.054Z,sell,6e-07,3076.0,0.0018456
GTO/BTC,1589059181064,2020-05-09T21:19:41.064Z,sell,6e-07,367.0,0.0002201999999999
GTO/BTC,1589059188223,2020-05-09T21:19:48.223Z,sell,6e-07,3588.0,0.0021528
GTO/BTC,1589059193979,2020-05-09T21:19:53.979Z,sell,6e-07,7797.0,0.0046781999999999
GTO/BTC,1589059194026,2020-05-09T21:19:54.026Z,buy,6.1e-07,81967.0,0.04999987
GTO/BTC,1589059195281,2020-05-09T21:19:55.281Z,sell,6e-07,23392.0,0.0140352
GTO/BTC,1589059195580,2020-05-09T21:19:55.580Z,buy,6.1e-07,180422.0,0.11005742
GTO/BTC,1589059196216,2020-05-09T21:19:56.216Z,sell,6e-07,23392.0,0.0140352
GTO/BTC,1589059196681,2020-05-09T21:19:56.681Z,sell,6e-07,7797.0,0.0046781999999999
GTO/BTC,1589059208112,2020-05-09T21:20:08.112Z,buy,6.1e-07,4136.0,0.00252296
GTO/BTC,1589059211399,2020-05-09T21:20:11.399Z,buy,6.1e-07,114967.0,0.07012987
GTO/BTC,1589059219130,2020-05-09T21:20:19.130Z,buy,6.1e-07,312600.0,0.190686
GTO/BTC,1589059219137,2020-05-09T21:20:19.137Z,sell,6.1e-07,134889.0,0.08228229
GTO/BTC,1589059219142,2020-05-09T21:20:19.142Z,sell,6.1e-07,333727.0,0.20357347
GTO/BTC,1589059226895,2020-05-09T21:20:26.895Z,buy,6.1e-07,49180.0,0.0299998
GTO/BTC,1589059231073,2020-05-09T21:20:31.073Z,buy,6.1e-07,196721.0,0.11999981
GTO/BTC,1589059234325,2020-05-09T21:20:34.325Z,buy,6.1e-07,166.0,0.00010126
GTO/BTC,1589059235392,2020-05-09T21:20:35.392Z,buy,6.1e-07,103278.0,0.06299958
GTO/BTC,1589059245095,2020-05-09T21:20:45.095Z,buy,6.1e-07,157377.0,0.09599997
GTO/BTC,1589059248294,2020-05-09T21:20:48.294Z,buy,6.1e-07,196721.0,0.11999981
GTO/BTC,1589059252179,2020-05-09T21:20:52.179Z,buy,6.1e-07,52459.0,0.03199999
GTO/BTC,1589059255590,2020-05-09T21:20:55.590Z,buy,6.1e-07,342578.0,0.20897258
GTO/BTC,1589059256721,2020-05-09T21:20:56.721Z,buy,6.1e-07,40983.0,0.02499963
GTO/BTC,1589059258301,2020-05-09T21:20:58.301Z,buy,6.1e-07,15878.0,0.00968558
GTO/BTC,1589059264342,2020-05-09T21:21:04.342Z,buy,6.1e-07,49180.0,0.0299998
GTO/BTC,1589059272330,2020-05-09T21:21:12.330Z,buy,6.1e-07,157377.0,0.09599997
GTO/BTC,1589059276034,2020-05-09T21:21:16.034Z,buy,6.1e-07,229508.0,0.13999988
GTO/BTC,1589059281944,2020-05-09T21:21:21.944Z,sell,6e-07,200.0,0.0001199999999999
GTO/BTC,1589059282123,2020-05-09T21:21:22.123Z,buy,6.1e-07,49180.0,0.0299998
GTO/BTC,1589059286161,2020-05-09T21:21:26.161Z,buy,6.1e-07,157377.0,0.09599997
GTO/BTC,1589059289885,2020-05-09T21:21:29.885Z,buy,6.1e-07,40983.0,0.02499963
GTO/BTC,1589059292888,2020-05-09T21:21:32.888Z,buy,6.1e-07,11965.0,0.0072986499999999
GTO/BTC,1589059293410,2020-05-09T21:21:33.410Z,buy,6.1e-07,536510.0,0.3272711
GTO/BTC,1589059294485,2020-05-09T21:21:34.485Z,buy,6.1e-07,103278.0,0.06299958
GTO/BTC,1589059297393,2020-05-09T21:21:37.393Z,buy,6.1e-07,35000.0,0.02135
GTO/BTC,1589059298170,2020-05-09T21:21:38.170Z,buy,6.1e-07,40983.0,0.02499963
GTO/BTC,1589059302412,2020-05-09T21:21:42.412Z,buy,6.1e-07,52459.0,0.03199999
GTO/BTC,1589059302912,2020-05-09T21:21:42.912Z,buy,6.1e-07,107023.0,0.0652840299999999
GTO/BTC,1589059304528,2020-05-09T21:21:44.528Z,buy,6.1e-07,1885.0,0.00114985
GTO/BTC,1589059306072,2020-05-09T21:21:46.072Z,buy,6.1e-07,491.0,0.00029951
GTO/BTC,1589059308026,2020-05-09T21:21:48.026Z,buy,6.1e-07,40983.0,0.02499963
GTO/BTC,1589059309942,2020-05-09T21:21:49.942Z,buy,6.1e-07,490.0,0.0002989
GTO/BTC,1589059310995,2020-05-09T21:21:50.995Z,buy,6.1e-07,52459.0,0.03199999
GTO/BTC,1589059312663,2020-05-09T21:21:52.663Z,buy,6.1e-07,6756.0,0.00412116
GTO/BTC,1589059313770,2020-05-09T21:21:53.770Z,buy,6.1e-07,490.0,0.0002989
GTO/BTC,1589059314965,2020-05-09T21:21:54.965Z,buy,6.1e-07,40983.0,0.02499963
GTO/BTC,1589059316679,2020-05-09T21:21:56.679Z,buy,6.1e-07,1134209.0,0.69186749
GTO/BTC,1589059317881,2020-05-09T21:21:57.881Z,buy,6.1e-07,490.0,0.0002989
GTO/BTC,1589059319384,2020-05-09T21:21:59.384Z,buy,6.1e-07,27619.0,0.01684759
GTO/BTC,1589059319864,2020-05-09T21:21:59.864Z,buy,6.1e-07,5067.0,0.00309087
GTO/BTC,1589059320887,2020-05-09T21:22:00.887Z,buy,6.1e-07,281877.0,0.17194497
GTO/BTC,1589059321780,2020-05-09T21:22:01.780Z,buy,6.1e-07,22826.0,0.01392386
GTO/BTC,1589059322106,2020-05-09T21:22:02.106Z,buy,6.1e-07,490.0,0.0002989
GTO/BTC,1589059323025,2020-05-09T21:22:03.025Z,buy,6.1e-07,24865.0,0.01516765
GTO/BTC,1589059323753,2020-05-09T21:22:03.753Z,buy,6.1e-07,211407.0,0.1289582699999999
GTO/BTC,1589059324314,2020-05-09T21:22:04.314Z,buy,6.1e-07,178.0,0.00010858
GTO/BTC,1589059325055,2020-05-09T21:22:05.055Z,buy,6.1e-07,65573.0,0.03999953
GTO/BTC,1589059326715,2020-05-09T21:22:06.715Z,buy,6.1e-07,35136.0,0.02143296
GTO/BTC,1589059328605,2020-05-09T21:22:08.605Z,buy,6.1e-07,196721.0,0.11999981
GTO/BTC,1589059329130,2020-05-09T21:22:09.130Z,buy,6.1e-07,490.0,0.0002989
GTO/BTC,1589059329335,2020-05-09T21:22:09.335Z,buy,6.1e-07,491.0,0.00029951
GTO/BTC,1589059329551,2020-05-09T21:22:09.551Z,buy,6.1e-07,491.0,0.00029951
GTO/BTC,1589059330077,2020-05-09T21:22:10.077Z,buy,6.1e-07,158556.0,0.09671916
GTO/BTC,1589059335311,2020-05-09T21:22:15.311Z,buy,6.1e-07,49180.0,0.0299998
GTO/BTC,1589059340312,2020-05-09T21:22:20.312Z,buy,6.1e-07,40983.0,0.02499963
GTO/BTC,1589059343426,2020-05-09T21:22:23.426Z,buy,6.1e-07,9554.0,0.00582794
GTO/BTC,1589059345788,2020-05-09T21:22:25.788Z,buy,6.1e-07,40983.0,0.02499963
GTO/BTC,1589059346786,2020-05-09T21:22:26.786Z,buy,6.1e-07,2392.0,0.00145912
GTO/BTC,1589059349985,2020-05-09T21:22:29.985Z,buy,6.1e-07,151899.0,0.09265839
GTO/BTC,1589059350699,2020-05-09T21:22:30.699Z,buy,6.1e-07,37704.0,0.02299944
GTO/BTC,1589059355585,2020-05-09T21:22:35.585Z,buy,6.1e-07,196996.0,0.1201675599999999
GTO/BTC,1589059355594,2020-05-09T21:22:35.594Z,sell,6.1e-07,411.0,0.00025071
GTO/BTC,1589059355817,2020-05-09T21:22:35.817Z,sell,6.1e-07,247.0,0.00015067
GTO/BTC,1589059360220,2020-05-09T21:22:40.220Z,sell,6.1e-07,2575.0,0.0015707499999999
GTO/BTC,1589059363483,2020-05-09T21:22:43.483Z,buy,6.2e-07,32258.0,0.01999996
GTO/BTC,1589059366259,2020-05-09T21:22:46.259Z,buy,6.2e-07,870513.0,0.53971806
GTO/BTC,1589059366668,2020-05-09T21:22:46.668Z,buy,6.2e-07,156920.0,0.0972904
GTO/BTC,1589059368853,2020-05-09T21:22:48.853Z,buy,6.2e-07,163.0,0.00010106
GTO/BTC,1589059368940,2020-05-09T21:22:48.940Z,buy,6.2e-07,163.0,0.00010106
GTO/BTC,1589059376254,2020-05-09T21:22:56.254Z,buy,6.2e-07,383.0,0.00023746
GTO/BTC,1589059377559,2020-05-09T21:22:57.559Z,buy,6.2e-07,56464.0,0.03500768
GTO/BTC,1589059378702,2020-05-09T21:22:58.702Z,buy,6.2e-07,354838.0,0.21999956
GTO/BTC,1589059382317,2020-05-09T21:23:02.317Z,buy,6.2e-07,1306401.0,0.80996862
GTO/BTC,1589059383479,2020-05-09T21:23:03.479Z,buy,6.2e-07,419354.0,0.25999948
GTO/BTC,1589059390056,2020-05-09T21:23:10.056Z,buy,6.2e-07,19972.0,0.01238264
GTO/BTC,1589059390247,2020-05-09T21:23:10.247Z,buy,6.2e-07,83870.0,0.0519994
GTO/BTC,1589059391315,2020-05-09T21:23:11.315Z,buy,6.2e-07,65637.0,0.04069494
GTO/BTC,1589059391690,2020-05-09T21:23:11.690Z,buy,6.2e-07,2936.0,0.00182032
GTO/BTC,1589059394381,2020-05-09T21:23:14.381Z,buy,6.2e-07,48387.0,0.02999994
GTO/BTC,1589059397184,2020-05-09T21:23:17.184Z,buy,6.2e-07,45304.0,0.02808848
GTO/BTC,1589059400049,2020-05-09T21:23:20.049Z,buy,6.2e-07,40322.0,0.02499964
GTO/BTC,1589059404206,2020-05-09T21:23:24.206Z,buy,6.2e-07,101612.0,0.06299944
GTO/BTC,1589059406465,2020-05-09T21:23:26.465Z,buy,6.2e-07,14784.0,0.00916608
GTO/BTC,1589059408286,2020-05-09T21:23:28.286Z,buy,6.2e-07,40322.0,0.02499964
GTO/BTC,1589059413190,2020-05-09T21:23:33.190Z,buy,6.2e-07,37096.0,0.02299952
GTO/BTC,1589059417411,2020-05-09T21:23:37.411Z,buy,6.2e-07,40322.0,0.02499964
GTO/BTC,1589059421761,2020-05-09T21:23:41.761Z,buy,6.2e-07,51612.0,0.03199944
GTO/BTC,1589059425951,2020-05-09T21:23:45.951Z,buy,6.2e-07,40322.0,0.02499964
GTO/BTC,1589059429470,2020-05-09T21:23:49.470Z,buy,6.2e-07,80645.0,0.0499999
GTO/BTC,1589059437177,2020-05-09T21:23:57.177Z,buy,6.2e-07,1935.0,0.0011997
GTO/BTC,1589059441094,2020-05-09T21:24:01.094Z,buy,6.2e-07,19354.0,0.01199948
GTO/BTC,1589059443723,2020-05-09T21:24:03.723Z,buy,6.2e-07,34223.0,0.02121826
GTO/BTC,1589059447003,2020-05-09T21:24:07.003Z,buy,6.2e-07,19838.0,0.01229956
GTO/BTC,1589059447426,2020-05-09T21:24:07.426Z,buy,6.2e-07,127148.0,0.07883176
GTO/BTC,1589059453177,2020-05-09T21:24:13.177Z,buy,6.2e-07,16276.0,0.01009112
GTO/BTC,1589059453218,2020-05-09T21:24:13.218Z,sell,6.2e-07,9341.0,0.00579142
GTO/BTC,1589059456501,2020-05-09T21:24:16.501Z,buy,6.2e-07,9384.0,0.00581808
GTO/BTC,1589059458622,2020-05-09T21:24:18.622Z,sell,6.2e-07,7355.0,0.0045601
GTO/BTC,1589059462499,2020-05-09T21:24:22.499Z,sell,6.1e-07,2644.0,0.00161284
GTO/BTC,1589059466761,2020-05-09T21:24:26.761Z,buy,6.2e-07,354838.0,0.21999956
GTO/BTC,1589059470845,2020-05-09T21:24:30.845Z,buy,6.2e-07,6798.0,0.00421476
GTO/BTC,1589059471324,2020-05-09T21:24:31.324Z,buy,6.2e-07,306451.0,0.18999962
GTO/BTC,1589059471571,2020-05-09T21:24:31.571Z,sell,6.1e-07,93159.0,0.05682699
GTO/BTC,1589059475411,2020-05-09T21:24:35.411Z,buy,6.2e-07,51612.0,0.03199944
GTO/BTC,1589059476365,2020-05-09T21:24:36.365Z,buy,6.2e-07,5071.0,0.00314402
GTO/BTC,1589059479194,2020-05-09T21:24:39.194Z,sell,6.1e-07,606.0,0.00036966
GTO/BTC,1589059480077,2020-05-09T21:24:40.077Z,buy,6.2e-07,83870.0,0.0519994
GTO/BTC,1589059484214,2020-05-09T21:24:44.214Z,buy,6.2e-07,58064.0,0.03599968
GTO/BTC,1589059487452,2020-05-09T21:24:47.452Z,buy,6.2e-07,44675.0,0.0276985
GTO/BTC,1589059488755,2020-05-09T21:24:48.755Z,buy,6.2e-07,83870.0,0.0519994
GTO/BTC,1589059489452,2020-05-09T21:24:49.452Z,buy,6.2e-07,3721.0,0.00230702
GTO/BTC,1589059493963,2020-05-09T21:24:53.963Z,buy,6.2e-07,37096.0,0.02299952
GTO/BTC,1589059497817,2020-05-09T21:24:57.817Z,buy,6.2e-07,40322.0,0.02499964
GTO/BTC,1589059502035,2020-05-09T21:25:02.035Z,buy,6.2e-07,83870.0,0.0519994
GTO/BTC,1589059506446,2020-05-09T21:25:06.446Z,buy,6.2e-07,51612.0,0.03199944
GTO/BTC,1589059510492,2020-05-09T21:25:10.492Z,buy,6.2e-07,40322.0,0.02499964
GTO/BTC,1589059514676,2020-05-09T21:25:14.676Z,buy,6.2e-07,37096.0,0.02299952
GTO/BTC,1589059516499,2020-05-09T21:25:16.499Z,buy,6.2e-07,163.0,0.00010106
GTO/BTC,1589059518659,2020-05-09T21:25:18.659Z,buy,6.2e-07,40322.0,0.02499964
GTO/BTC,1589059519396,2020-05-09T21:25:19.396Z,sell,6.1e-07,5198.0,0.0031707799999999
GTO/BTC,1589059520106,2020-05-09T21:25:20.106Z,sell,6.1e-07,5198.0,0.0031707799999999
GTO/BTC,1589059521176,2020-05-09T21:25:21.176Z,sell,6.1e-07,5198.0,0.0031707799999999
GTO/BTC,1589059521961,2020-05-09T21:25:21.961Z,sell,6.1e-07,5198.0,0.0031707799999999
GTO/BTC,1589059522587,2020-05-09T21:25:22.587Z,sell,6.1e-07,5198.0,0.0031707799999999
GTO/BTC,1589059523694,2020-05-09T21:25:23.694Z,sell,6.1e-07,5198.0,0.0031707799999999
GTO/BTC,1589059524447,2020-05-09T21:25:24.447Z,sell,6.1e-07,5198.0,0.0031707799999999
GTO/BTC,1589059524634,2020-05-09T21:25:24.634Z,buy,6.2e-07,33870.0,0.0209994
GTO/BTC,1589059525060,2020-05-09T21:25:25.060Z,sell,6.1e-07,5198.0,0.0031707799999999
GTO/BTC,1589059525545,2020-05-09T21:25:25.545Z,sell,6.1e-07,5198.0,0.0031707799999999
GTO/BTC,1589059526141,2020-05-09T21:25:26.141Z,sell,6.1e-07,5198.0,0.0031707799999999
GTO/BTC,1589059526955,2020-05-09T21:25:26.955Z,sell,6.1e-07,5198.0,0.0031707799999999
GTO/BTC,1589059528279,2020-05-09T21:25:28.279Z,sell,6.1e-07,5198.0,0.0031707799999999
GTO/BTC,1589059528286,2020-05-09T21:25:28.286Z,sell,6.1e-07,5198.0,0.0031707799999999
GTO/BTC,1589059528337,2020-05-09T21:25:28.337Z,buy,6.2e-07,516.0,0.00031992
GTO/BTC,1589059528532,2020-05-09T21:25:28.532Z,buy,6.2e-07,2441.0,0.00151342
GTO/BTC,1589059528962,2020-05-09T21:25:28.962Z,sell,6.1e-07,5198.0,0.0031707799999999
GTO/BTC,1589059529529,2020-05-09T21:25:29.529Z,buy,6.2e-07,19354.0,0.01199948
GTO/BTC,1589059534114,2020-05-09T21:25:34.114Z,buy,6.2e-07,19354.0,0.01199948
GTO/BTC,1589059538244,2020-05-09T21:25:38.244Z,buy,6.2e-07,3337.0,0.00206894
GTO/BTC,1589059538346,2020-05-09T21:25:38.346Z,buy,6.2e-07,3337.0,0.00206894
GTO/BTC,1589059538456,2020-05-09T21:25:38.456Z,buy,6.2e-07,5901.0,0.00365862
GTO/BTC,1589059538558,2020-05-09T21:25:38.558Z,buy,6.2e-07,9517.0,0.00590054
GTO/BTC,1589059538670,2020-05-09T21:25:38.670Z,buy,6.2e-07,87960.0,0.0545352
GTO/BTC,1589059544591,2020-05-09T21:25:44.591Z,buy,6.2e-07,163.0,0.00010106
GTO/BTC,1589059544787,2020-05-09T21:25:44.787Z,sell,6.1e-07,1515871.0,0.92468131
GTO/BTC,1589059544896,2020-05-09T21:25:44.896Z,sell,6.1e-07,24523.0,0.01495903
GTO/BTC,1589059544934,2020-05-09T21:25:44.934Z,sell,6.1e-07,3766.0,0.0022972599999999
GTO/BTC,1589059546073,2020-05-09T21:25:46.073Z,buy,6.1e-07,164.0,0.00010004
GTO/BTC,1589059547217,2020-05-09T21:25:47.217Z,sell,6e-07,48437.0,0.0290622
GTO/BTC,1589059548695,2020-05-09T21:25:48.695Z,buy,6e-07,164.0,9.84e-05
GTO/BTC,1589059550297,2020-05-09T21:25:50.297Z,sell,6e-07,24613.0,0.0147678
GTO/BTC,1589059555370,2020-05-09T21:25:55.370Z,buy,6e-07,5768.0,0.0034608
GTO/BTC,1589059557460,2020-05-09T21:25:57.460Z,sell,5.9e-07,5892.0,0.00347628
GTO/BTC,1589059557460,2020-05-09T21:25:57.460Z,sell,5.9e-07,45304.0,0.0267293599999999
GTO/BTC,1589059563396,2020-05-09T21:26:03.396Z,sell,5.9e-07,127020.0,0.0749417999999999
GTO/BTC,1589059567695,2020-05-09T21:26:07.695Z,sell,5.9e-07,7551.0,0.00445509
GTO/BTC,1589059573411,2020-05-09T21:26:13.411Z,sell,5.9e-07,3080.0,0.0018172
GTO/BTC,1589059578378,2020-05-09T21:26:18.378Z,buy,5.9e-07,22000.0,0.0129799999999999
GTO/BTC,1589059585841,2020-05-09T21:26:25.841Z,buy,5.9e-07,48916.0,0.0288604399999999
GTO/BTC,1589059585856,2020-05-09T21:26:25.856Z,sell,5.9e-07,337.0,0.00019883
GTO/BTC,1589059585860,2020-05-09T21:26:25.860Z,sell,5.9e-07,19245.0,0.01135455
GTO/BTC,1589059590680,2020-05-09T21:26:30.680Z,buy,5.9e-07,16368.0,0.00965712
GTO/BTC,1589059592030,2020-05-09T21:26:32.030Z,buy,5.9e-07,2575.0,0.00151925
GTO/BTC,1589059599661,2020-05-09T21:26:39.661Z,buy,5.9e-07,2933.0,0.0017304699999999
GTO/BTC,1589059611567,2020-05-09T21:26:51.567Z,buy,5.9e-07,2934.0,0.00173106
GTO/BTC,1589059632398,2020-05-09T21:27:12.398Z,buy,5.9e-07,3630.0,0.0021417
GTO/BTC,1589059638475,2020-05-09T21:27:18.475Z,buy,5.9e-07,526.0,0.00031034
GTO/BTC,1589059645459,2020-05-09T21:27:25.459Z,buy,5.9e-07,242606.0,0.1431375399999999
GTO/BTC,1589059645467,2020-05-09T21:27:25.467Z,sell,5.9e-07,118240.0,0.0697615999999999
GTO/BTC,1589059645477,2020-05-09T21:27:25.477Z,sell,5.9e-07,37423.0,0.02207957
GTO/BTC,1589059645480,2020-05-09T21:27:25.480Z,sell,5.9e-07,79403.0,0.04684777
GTO/BTC,1589059645525,2020-05-09T21:27:25.525Z,sell,5.9e-07,18651.0,0.01100409
GTO/BTC,1589059645535,2020-05-09T21:27:25.535Z,sell,5.9e-07,17802.0,0.0105031799999999
GTO/BTC,1589059645588,2020-05-09T21:27:25.588Z,sell,5.9e-07,139216.0,0.0821374399999999
GTO/BTC,1589059645591,2020-05-09T21:27:25.591Z,sell,5.9e-07,21178.0,0.0124950199999999
GTO/BTC,1589059645780,2020-05-09T21:27:25.780Z,sell,5.9e-07,308.0,0.00018172
GTO/BTC,1589059645955,2020-05-09T21:27:25.955Z,sell,5.9e-07,9100.0,0.005369
GTO/BTC,1589059646282,2020-05-09T21:27:26.282Z,sell,5.9e-07,1939.0,0.00114401
GTO/BTC,1589059646373,2020-05-09T21:27:26.373Z,sell,5.9e-07,3518.0,0.00207562
GTO/BTC,1589059646483,2020-05-09T21:27:26.483Z,sell,5.9e-07,27231.0,0.01606629
GTO/BTC,1589059720908,2020-05-09T21:28:40.908Z,buy,6e-07,15255.0,0.009153
GTO/BTC,1589059739304,2020-05-09T21:28:59.304Z,buy,6e-07,143069.0,0.0858414
GTO/BTC,1589059739316,2020-05-09T21:28:59.316Z,sell,6e-07,59759.0,0.0358553999999999
GTO/BTC,1589059739318,2020-05-09T21:28:59.318Z,sell,6e-07,2575.0,0.001545
GTO/BTC,1589059739320,2020-05-09T21:28:59.320Z,buy,6.1e-07,59.0,3.599e-05
GTO/BTC,1589059739328,2020-05-09T21:28:59.328Z,sell,6e-07,6826.0,0.0040956
GTO/BTC,1589059739371,2020-05-09T21:28:59.371Z,sell,6e-07,657.0,0.0003942
GTO/BTC,1589059741122,2020-05-09T21:29:01.122Z,buy,6.1e-07,53.0,3.233e-05
GTO/BTC,1589059758661,2020-05-09T21:29:18.661Z,buy,6.1e-07,61562.0,0.03755282
GTO/BTC,1589059758670,2020-05-09T21:29:18.670Z,sell,6.1e-07,910.0,0.0005551
GTO/BTC,1589059758699,2020-05-09T21:29:18.699Z,sell,6.1e-07,32417.0,0.01977437
GTO/BTC,1589059758702,2020-05-09T21:29:18.702Z,sell,6.1e-07,13399.0,0.0081733899999999
GTO/BTC,1589059758784,2020-05-09T21:29:18.784Z,sell,6.1e-07,6799.0,0.00414739
GTO/BTC,1589059764571,2020-05-09T21:29:24.571Z,sell,6.1e-07,1539.0,0.00093879
GTO/BTC,1589059765200,2020-05-09T21:29:25.200Z,buy,6.1e-07,13406.0,0.00817766
GTO/BTC,1589059766753,2020-05-09T21:29:26.753Z,buy,6.1e-07,7505.0,0.00457805
GTO/BTC,1589059769142,2020-05-09T21:29:29.142Z,buy,6.1e-07,2575.0,0.0015707499999999
GTO/BTC,1589059769230,2020-05-09T21:29:29.230Z,buy,6.1e-07,7741.0,0.00472201
GTO/BTC,1589059769429,2020-05-09T21:29:29.429Z,buy,6.1e-07,2575.0,0.0015707499999999
GTO/BTC,1589059769634,2020-05-09T21:29:29.634Z,buy,6.1e-07,2575.0,0.0015707499999999
GTO/BTC,1589059769847,2020-05-09T21:29:29.847Z,buy,6.1e-07,2575.0,0.0015707499999999
GTO/BTC,1589059780898,2020-05-09T21:29:40.898Z,buy,6.1e-07,399687.0,0.24380907
GTO/BTC,1589059788851,2020-05-09T21:29:48.851Z,sell,6.1e-07,2575.0,0.0015707499999999
GTO/BTC,1589059788927,2020-05-09T21:29:48.927Z,sell,6.1e-07,255.0,0.0001555499999999
GTO/BTC,1589059789078,2020-05-09T21:29:49.078Z,sell,6.1e-07,14513.0,0.00885293
GTO/BTC,1589059801141,2020-05-09T21:30:01.141Z,buy,6.2e-07,321.0,0.00019902
GTO/BTC,1589059812160,2020-05-09T21:30:12.160Z,buy,6.2e-07,12396.0,0.0076855199999999
GTO/BTC,1589059815060,2020-05-09T21:30:15.060Z,buy,6.2e-07,5956.0,0.00369272
GTO/BTC,1589059818551,2020-05-09T21:30:18.551Z,buy,6.2e-07,13630.0,0.0084505999999999
GTO/BTC,1589059827338,2020-05-09T21:30:27.338Z,buy,6.2e-07,33912.0,0.02102544
GTO/BTC,1589059844231,2020-05-09T21:30:44.231Z,buy,6.2e-07,635243.0,0.39385066
GTO/BTC,1589059844247,2020-05-09T21:30:44.247Z,sell,6.2e-07,88086.0,0.05461332
GTO/BTC,1589059844258,2020-05-09T21:30:44.258Z,sell,6.1e-07,6620.0,0.0040382
GTO/BTC,1589059847634,2020-05-09T21:30:47.634Z,buy,6.2e-07,163.0,0.00010106
GTO/BTC,1589059865414,2020-05-09T21:31:05.414Z,buy,6.2e-07,44583.0,0.02764146
GTO/BTC,1589059865423,2020-05-09T21:31:05.423Z,sell,6.2e-07,19958.0,0.01237396
GTO/BTC,1589059865423,2020-05-09T21:31:05.423Z,sell,6.2e-07,9452.0,0.00586024
GTO/BTC,1589059865425,2020-05-09T21:31:05.425Z,sell,6.2e-07,102196.0,0.06336152
GTO/BTC,1589059865426,2020-05-09T21:31:05.426Z,sell,6.2e-07,78216.0,0.04849392
GTO/BTC,1589059868906,2020-05-09T21:31:08.906Z,buy,6.2e-07,16768.0,0.01039616
GTO/BTC,1589059870787,2020-05-09T21:31:10.787Z,sell,6.2e-07,678.0,0.00042036
GTO/BTC,1589059887082,2020-05-09T21:31:27.082Z,buy,6.3e-07,232076.0,0.14620788
GTO/BTC,1589059888020,2020-05-09T21:31:28.020Z,sell,6.2e-07,196.0,0.00012152
GTO/BTC,1589059898084,2020-05-09T21:31:38.084Z,buy,6.3e-07,350.0,0.0002205
GTO/BTC,1589059898710,2020-05-09T21:31:38.710Z,buy,6.3e-07,74697.0,0.04705911
GTO/BTC,1589059901475,2020-05-09T21:31:41.475Z,sell,6.2e-07,5515.0,0.0034193
GTO/BTC,1589059924317,2020-05-09T21:32:04.317Z,sell,6.2e-07,400.0,0.000248
GTO/BTC,1589059965549,2020-05-09T21:32:45.549Z,sell,6.2e-07,100000.0,0.062
GTO/BTC,1589059968037,2020-05-09T21:32:48.037Z,sell,6.2e-07,103544.0,0.06419728
GTO/BTC,1589059968174,2020-05-09T21:32:48.174Z,sell,6.2e-07,86990.0,0.0539338
GTO/BTC,1589059970380,2020-05-09T21:32:50.380Z,sell,6.2e-07,38429.0,0.02382598
GTO/BTC,1589059970473,2020-05-09T21:32:50.473Z,sell,6.2e-07,5819.0,0.00360778
GTO/BTC,1589059971046,2020-05-09T21:32:51.046Z,sell,6.2e-07,9554.0,0.00592348
GTO/BTC,1589059971270,2020-05-09T21:32:51.270Z,sell,6.2e-07,2498.0,0.00154876
GTO/BTC,1589059971375,2020-05-09T21:32:51.375Z,sell,6.2e-07,538425.0,0.3338235
GTO/BTC,1589059998156,2020-05-09T21:33:18.156Z,buy,6.2e-07,235819.0,0.14620778
GTO/BTC,1589060010514,2020-05-09T21:33:30.514Z,buy,6.2e-07,68233.0,0.04230446
GTO/BTC,1589060010516,2020-05-09T21:33:30.516Z,buy,6.2e-07,68208.0,0.04228896
GTO/BTC,1589060010517,2020-05-09T21:33:30.517Z,buy,6.2e-07,37423.0,0.02320226
GTO/BTC,1589060056538,2020-05-09T21:34:16.538Z,sell,6.1e-07,3621.0,0.00220881
GTO/BTC,1589060084188,2020-05-09T21:34:44.188Z,buy,6.2e-07,36745.0,0.0227819
GTO/BTC,1589060084192,2020-05-09T21:34:44.192Z,buy,6.2e-07,36762.0,0.02279244
GTO/BTC,1589060084197,2020-05-09T21:34:44.197Z,buy,6.2e-07,16925.0,0.0104935
GTO/BTC,1589060084197,2020-05-09T21:34:44.197Z,buy,6.2e-07,33285.0,0.0206367
GTO/BTC,1589060101279,2020-05-09T21:35:01.279Z,sell,6.1e-07,1955.0,0.00119255
GTO/BTC,1589060110480,2020-05-09T21:35:10.480Z,sell,6.1e-07,100000.0,0.061
GTO/BTC,1589060110984,2020-05-09T21:35:10.984Z,buy,6.2e-07,47.0,2.914e-05
GTO/BTC,1589060111627,2020-05-09T21:35:11.627Z,sell,6.1e-07,1375.0,0.00083875
GTO/BTC,1589060175506,2020-05-09T21:36:15.506Z,buy,6.2e-07,96818.0,0.0600271599999999
GTO/BTC,1589060202550,2020-05-09T21:36:42.550Z,buy,6.2e-07,21267.0,0.0131855399999999
GTO/BTC,1589060204961,2020-05-09T21:36:44.961Z,buy,6.2e-07,29812.0,0.01848344
GTO/BTC,1589060205029,2020-05-09T21:36:45.029Z,sell,6.2e-07,76952.0,0.04771024
GTO/BTC,1589060237033,2020-05-09T21:37:17.033Z,sell,6.2e-07,56407.0,0.03497234
GTO/BTC,1589060331974,2020-05-09T21:38:51.974Z,sell,6.2e-07,18710.0,0.0116002
GTO/BTC,1589060383038,2020-05-09T21:39:43.038Z,sell,6.2e-07,19952.0,0.01237024
GTO/BTC,1589060492164,2020-05-09T21:41:32.164Z,sell,6.2e-07,14270.0,0.0088474
GTO/BTC,1589060530642,2020-05-09T21:42:10.642Z,buy,6.3e-07,37423.0,0.02357649
GTO/BTC,1589060530644,2020-05-09T21:42:10.644Z,buy,6.3e-07,51874.0,0.03268062
GTO/BTC,1589060530648,2020-05-09T21:42:10.648Z,buy,6.3e-07,51847.0,0.03266361
GTO/BTC,1589060531599,2020-05-09T21:42:11.599Z,buy,6.3e-07,58.0,3.654e-05
GTO/BTC,1589060531738,2020-05-09T21:42:11.738Z,buy,6.3e-07,51527.0,0.03246201
GTO/BTC,1589060531741,2020-05-09T21:42:11.741Z,buy,6.3e-07,51501.0,0.03244563
GTO/BTC,1589060532078,2020-05-09T21:42:12.078Z,buy,6.3e-07,15377.0,0.00968751
GTO/BTC,1589060534835,2020-05-09T21:42:14.835Z,buy,6.3e-07,293978.0,0.18520614
GTO/BTC,1589060534850,2020-05-09T21:42:14.850Z,sell,6.3e-07,3270.0,0.0020601
GTO/BTC,1589060534850,2020-05-09T21:42:14.850Z,sell,6.3e-07,3156.0,0.00198828
GTO/BTC,1589060538844,2020-05-09T21:42:18.844Z,buy,6.4e-07,19149.0,0.01225536
GTO/BTC,1589060540676,2020-05-09T21:42:20.676Z,buy,6.4e-07,5984.0,0.00382976
GTO/BTC,1589060546386,2020-05-09T21:42:26.386Z,sell,6.3e-07,50418.0,0.03176334
GTO/BTC,1589060546472,2020-05-09T21:42:26.472Z,buy,6.3e-07,28356.0,0.01786428
GTO/BTC,1589060549849,2020-05-09T21:42:29.849Z,sell,6.2e-07,55740.0,0.0345588
GTO/BTC,1589060556650,2020-05-09T21:42:36.650Z,sell,6.2e-07,5152.0,0.00319424
GTO/BTC,1589060560946,2020-05-09T21:42:40.946Z,buy,6.3e-07,3125.0,0.00196875
GTO/BTC,1589060570527,2020-05-09T21:42:50.527Z,buy,6.3e-07,147651.0,0.09302013
GTO/BTC,1589060571583,2020-05-09T21:42:51.583Z,sell,6.3e-07,6931.0,0.00436653
GTO/BTC,1589060572833,2020-05-09T21:42:52.833Z,sell,6.3e-07,2778.0,0.00175014
GTO/BTC,1589060582882,2020-05-09T21:43:02.882Z,sell,6.3e-07,6931.0,0.00436653
GTO/BTC,1589060583199,2020-05-09T21:43:03.199Z,sell,6.3e-07,167.0,0.00010521
GTO/BTC,1589060593849,2020-05-09T21:43:13.849Z,buy,6.4e-07,80000.0,0.0512
GTO/BTC,1589060610097,2020-05-09T21:43:30.097Z,buy,6.4e-07,6222.0,0.00398208
GTO/BTC,1589060616795,2020-05-09T21:43:36.795Z,buy,6.4e-07,42344.0,0.02710016
GTO/BTC,1589060623167,2020-05-09T21:43:43.167Z,buy,6.4e-07,254629.0,0.16296256
GTO/BTC,1589060625335,2020-05-09T21:43:45.335Z,buy,6.4e-07,158.0,0.00010112
GTO/BTC,1589060628801,2020-05-09T21:43:48.801Z,buy,6.4e-07,14115.0,0.0090336
GTO/BTC,1589060633626,2020-05-09T21:43:53.626Z,sell,6.3e-07,2936.0,0.00184968
GTO/BTC,1589060639542,2020-05-09T21:43:59.542Z,buy,6.4e-07,3000.0,0.00192
GTO/BTC,1589060640484,2020-05-09T21:44:00.484Z,buy,6.4e-07,137801.0,0.08819264
GTO/BTC,1589060640535,2020-05-09T21:44:00.535Z,buy,6.4e-07,4669.0,0.00298816
GTO/BTC,1589060659827,2020-05-09T21:44:19.827Z,sell,6.3e-07,1500000.0,0.945
GTO/BTC,1589060659888,2020-05-09T21:44:19.888Z,sell,6.3e-07,24193.0,0.01524159
GTO/BTC,1589060659898,2020-05-09T21:44:19.898Z,sell,6.3e-07,36881.0,0.02323503
GTO/BTC,1589060659907,2020-05-09T21:44:19.907Z,sell,6.2e-07,1516.0,0.00093992
GTO/BTC,1589060659930,2020-05-09T21:44:19.930Z,sell,6.3e-07,9406.0,0.00592578
GTO/BTC,1589060659956,2020-05-09T21:44:19.956Z,sell,6.3e-07,7525.0,0.00474075
GTO/BTC,1589060670526,2020-05-09T21:44:30.526Z,buy,6.3e-07,20988.0,0.01322244
GTO/BTC,1589060683452,2020-05-09T21:44:43.452Z,buy,6.3e-07,30000.0,0.0189
GTO/BTC,1589060696825,2020-05-09T21:44:56.825Z,buy,6.3e-07,100832.0,0.06352416
GTO/BTC,1589060696832,2020-05-09T21:44:56.832Z,sell,6.3e-07,337.0,0.00021231
GTO/BTC,1589060696848,2020-05-09T21:44:56.848Z,sell,6.3e-07,21371.0,0.01346373
GTO/BTC,1589060698098,2020-05-09T21:44:58.098Z,sell,6.3e-07,1477.0,0.00093051
GTO/BTC,1589060701725,2020-05-09T21:45:01.725Z,sell,6.3e-07,16957.0,0.01068291
GTO/BTC,1589060725424,2020-05-09T21:45:25.424Z,sell,6.3e-07,1100000.0,0.693
GTO/BTC,1589060738704,2020-05-09T21:45:38.704Z,sell,6.3e-07,32938.0,0.02075094
GTO/BTC,1589060738711,2020-05-09T21:45:38.711Z,buy,6.3e-07,44510.0,0.0280413
GTO/BTC,1589060741337,2020-05-09T21:45:41.337Z,sell,6.3e-07,106702.0,0.06722226
GTO/BTC,1589060741344,2020-05-09T21:45:41.344Z,buy,6.3e-07,15279.0,0.00962577
GTO/BTC,1589060741831,2020-05-09T21:45:41.831Z,sell,6.3e-07,16816.0,0.01059408
GTO/BTC,1589060744329,2020-05-09T21:45:44.329Z,sell,6.3e-07,29848.0,0.01880424
GTO/BTC,1589060750809,2020-05-09T21:45:50.809Z,buy,6.3e-07,31007.0,0.01953441
GTO/BTC,1589060750811,2020-05-09T21:45:50.811Z,buy,6.3e-07,3495.0,0.00220185
GTO/BTC,1589060762386,2020-05-09T21:46:02.386Z,sell,6.3e-07,7342.0,0.00462546
GTO/BTC,1589060762392,2020-05-09T21:46:02.392Z,sell,6.3e-07,5770.0,0.0036351
GTO/BTC,1589060780058,2020-05-09T21:46:20.058Z,sell,6.2e-07,360.0,0.0002232
GTO/BTC,1589060789167,2020-05-09T21:46:29.167Z,buy,6.3e-07,299.0,0.00018837
GTO/BTC,1589060790282,2020-05-09T21:46:30.282Z,buy,6.3e-07,161.0,0.00010143
GTO/BTC,1589060792117,2020-05-09T21:46:32.117Z,buy,6.3e-07,13138.0,0.00827694
GTO/BTC,1589060792127,2020-05-09T21:46:32.127Z,sell,6.3e-07,24057.0,0.01515591
GTO/BTC,1589060792130,2020-05-09T21:46:32.130Z,sell,6.3e-07,44395.0,0.02796885
GTO/BTC,1589060792131,2020-05-09T21:46:32.131Z,sell,6.3e-07,427.0,0.00026901
GTO/BTC,1589060792131,2020-05-09T21:46:32.131Z,sell,6.3e-07,427.0,0.00026901
GTO/BTC,1589060902318,2020-05-09T21:48:22.318Z,buy,6.3e-07,167319.0,0.10541097
GTO/BTC,1589060909946,2020-05-09T21:48:29.946Z,sell,6.3e-07,5187.0,0.00326781
GTO/BTC,1589060936079,2020-05-09T21:48:56.079Z,sell,6.3e-07,48360.0,0.0304668
GTO/BTC,1589060947523,2020-05-09T21:49:07.523Z,sell,6.3e-07,48361.0,0.03046743
GTO/BTC,1589060951453,2020-05-09T21:49:11.453Z,sell,6.3e-07,2550.0,0.0016065
GTO/BTC,1589060957738,2020-05-09T21:49:17.738Z,buy,6.4e-07,5156.0,0.00329984
GTO/BTC,1589060960806,2020-05-09T21:49:20.806Z,sell,6.3e-07,2550.0,0.0016065
GTO/BTC,1589060963040,2020-05-09T21:49:23.040Z,buy,6.4e-07,13436.0,0.00859904
GTO/BTC,1589060963089,2020-05-09T21:49:23.089Z,buy,6.4e-07,7863.0,0.00503232
GTO/BTC,1589060963220,2020-05-09T21:49:23.220Z,buy,6.4e-07,31514.0,0.02016896
GTO/BTC,1589060963232,2020-05-09T21:49:23.232Z,buy,6.4e-07,16378.0,0.01048192
GTO/BTC,1589060966282,2020-05-09T21:49:26.282Z,sell,6.3e-07,20970.0,0.0132111
GTO/BTC,1589060967307,2020-05-09T21:49:27.307Z,buy,6.4e-07,16997.0,0.01087808
GTO/BTC,1589060969345,2020-05-09T21:49:29.345Z,buy,6.4e-07,16392.0,0.01049088
GTO/BTC,1589060969356,2020-05-09T21:49:29.356Z,buy,6.4e-07,4127.0,0.00264128
GTO/BTC,1589060969372,2020-05-09T21:49:29.372Z,buy,6.4e-07,4115.0,0.0026336
GTO/BTC,1589060970407,2020-05-09T21:49:30.407Z,buy,6.4e-07,27245.0,0.0174368
GTO/BTC,1589060977197,2020-05-09T21:49:37.197Z,buy,6.4e-07,8813.0,0.00564032
GTO/BTC,1589060977386,2020-05-09T21:49:37.386Z,buy,6.4e-07,3243.0,0.00207552
GTO/BTC,1589060977501,2020-05-09T21:49:37.501Z,buy,6.4e-07,6095.0,0.0039008
GTO/BTC,1589060977598,2020-05-09T21:49:37.598Z,buy,6.4e-07,6299.0,0.00403136
GTO/BTC,1589060977683,2020-05-09T21:49:37.683Z,buy,6.4e-07,17055.0,0.0109152
GTO/BTC,1589060977811,2020-05-09T21:49:37.811Z,buy,6.4e-07,14410.0,0.0092224
GTO/BTC,1589060977814,2020-05-09T21:49:37.814Z,buy,6.4e-07,3243.0,0.00207552
GTO/BTC,1589060977823,2020-05-09T21:49:37.823Z,buy,6.4e-07,14450.0,0.009248
GTO/BTC,1589060986254,2020-05-09T21:49:46.254Z,buy,6.4e-07,3720.0,0.0023808
GTO/BTC,1589060986672,2020-05-09T21:49:46.672Z,buy,6.4e-07,17055.0,0.0109152
GTO/BTC,1589060986785,2020-05-09T21:49:46.785Z,buy,6.4e-07,11685.0,0.0074784
GTO/BTC,1589060987947,2020-05-09T21:49:47.947Z,buy,6.4e-07,44546.0,0.02850944
GTO/BTC,1589060988784,2020-05-09T21:49:48.784Z,buy,6.4e-07,158730.0,0.1015872
GTO/BTC,1589060991211,2020-05-09T21:49:51.211Z,buy,6.4e-07,71956.0,0.04605184
GTO/BTC,1589060991312,2020-05-09T21:49:51.312Z,buy,6.4e-07,5056.0,0.00323584
GTO/BTC,1589060991404,2020-05-09T21:49:51.404Z,buy,6.4e-07,78429.0,0.05019456
GTO/BTC,1589060991516,2020-05-09T21:49:51.516Z,buy,6.4e-07,6896.0,0.00441344
GTO/BTC,1589060992953,2020-05-09T21:49:52.953Z,buy,6.4e-07,1956.0,0.00125184
GTO/BTC,1589060996128,2020-05-09T21:49:56.128Z,buy,6.4e-07,5291.0,0.00338624
GTO/BTC,1589060996347,2020-05-09T21:49:56.347Z,buy,6.4e-07,9807.0,0.00627648
GTO/BTC,1589060996356,2020-05-09T21:49:56.356Z,buy,6.4e-07,13230.0,0.0084672
GTO/BTC,1589060996359,2020-05-09T21:49:56.359Z,buy,6.4e-07,29328.0,0.01876992
GTO/BTC,1589060996362,2020-05-09T21:49:56.362Z,buy,6.4e-07,14692.0,0.00940288
GTO/BTC,1589060996397,2020-05-09T21:49:56.397Z,buy,6.4e-07,21653.0,0.01385792
GTO/BTC,1589060996423,2020-05-09T21:49:56.423Z,buy,6.4e-07,6962.0,0.00445568
GTO/BTC,1589060996464,2020-05-09T21:49:56.464Z,buy,6.4e-07,5569.0,0.00356416
GTO/BTC,1589060996469,2020-05-09T21:49:56.469Z,buy,6.5e-07,54.0,3.51e-05
GTO/BTC,1589060996474,2020-05-09T21:49:56.474Z,buy,6.4e-07,4456.0,0.00285184
GTO/BTC,1589061009022,2020-05-09T21:50:09.022Z,sell,6.4e-07,1274.0,0.00081536
GTO/BTC,1589061009399,2020-05-09T21:50:09.399Z,buy,6.5e-07,16592.0,0.0107848
GTO/BTC,1589061012713,2020-05-09T21:50:12.713Z,buy,6.5e-07,38374.0,0.0249431
GTO/BTC,1589061013267,2020-05-09T21:50:13.267Z,buy,6.5e-07,43.0,2.795e-05
GTO/BTC,1589061015849,2020-05-09T21:50:15.849Z,buy,6.5e-07,98021.0,0.06371365
GTO/BTC,1589061034421,2020-05-09T21:50:34.421Z,sell,6.4e-07,357663.0,0.22890432
GTO/BTC,1589061034626,2020-05-09T21:50:34.626Z,sell,6.4e-07,113680.0,0.0727552
GTO/BTC,1589061035720,2020-05-09T21:50:35.720Z,sell,6.4e-07,199.0,0.00012736
GTO/BTC,1589061040265,2020-05-09T21:50:40.265Z,sell,6.4e-07,1913.0,0.00122432
GTO/BTC,1589061053099,2020-05-09T21:50:53.099Z,sell,6.4e-07,3336.0,0.00213504
GTO/BTC,1589061071211,2020-05-09T21:51:11.211Z,sell,6.4e-07,10000.0,0.0064
GTO/BTC,1589061085085,2020-05-09T21:51:25.085Z,buy,6.5e-07,156.0,0.0001014
GTO/BTC,1589061098984,2020-05-09T21:51:38.984Z,sell,6.4e-07,15911.0,0.01018304
GTO/BTC,1589061099095,2020-05-09T21:51:39.095Z,sell,6.4e-07,978.0,0.00062592
GTO/BTC,1589061103056,2020-05-09T21:51:43.056Z,sell,6.4e-07,3800.0,0.002432
GTO/BTC,1589061105905,2020-05-09T21:51:45.905Z,buy,6.4e-07,157.0,0.00010048
GTO/BTC,1589061132357,2020-05-09T21:52:12.357Z,sell,6.3e-07,881.0,0.00055503
GTO/BTC,1589061134159,2020-05-09T21:52:14.159Z,sell,6.3e-07,39376.0,0.02480688
GTO/BTC,1589061135082,2020-05-09T21:52:15.082Z,sell,6.3e-07,2705.0,0.00170415
GTO/BTC,1589061137171,2020-05-09T21:52:17.171Z,sell,6.3e-07,39028.0,0.02458764
GTO/BTC,1589061137179,2020-05-09T21:52:17.179Z,sell,6.3e-07,39948.0,0.02516724
GTO/BTC,1589061137309,2020-05-09T21:52:17.309Z,sell,6.3e-07,13863.0,0.00873369
GTO/BTC,1589061137357,2020-05-09T21:52:17.357Z,sell,6.3e-07,8945.0,0.00563535
GTO/BTC,1589061138837,2020-05-09T21:52:18.837Z,buy,6.3e-07,8007.0,0.00504441
GTO/BTC,1589061143941,2020-05-09T21:52:23.941Z,buy,6.3e-07,2795.0,0.00176085
GTO/BTC,1589061144153,2020-05-09T21:52:24.153Z,buy,6.3e-07,157.0,9.891e-05
GTO/BTC,1589061145547,2020-05-09T21:52:25.547Z,buy,6.3e-07,7945.0,0.00500535
GTO/BTC,1589061145559,2020-05-09T21:52:25.559Z,sell,6.3e-07,11636.0,0.00733068
GTO/BTC,1589061145581,2020-05-09T21:52:25.581Z,sell,6.3e-07,9646.0,0.00607698
GTO/BTC,1589061145883,2020-05-09T21:52:25.883Z,buy,6.3e-07,40052.0,0.02523276
GTO/BTC,1589061148801,2020-05-09T21:52:28.801Z,sell,6.3e-07,16428.0,0.01034964
GTO/BTC,1589061152682,2020-05-09T21:52:32.682Z,buy,6.4e-07,399.0,0.00025536
GTO/BTC,1589061162947,2020-05-09T21:52:42.947Z,sell,6.3e-07,7323.0,0.00461349
GTO/BTC,1589061177920,2020-05-09T21:52:57.920Z,sell,6.2e-07,13221.0,0.00819702
GTO/BTC,1589061177920,2020-05-09T21:52:57.920Z,sell,6.2e-07,1956.0,0.00121272
GTO/BTC,1589061177920,2020-05-09T21:52:57.920Z,sell,6.2e-07,75373.0,0.04673126
GTO/BTC,1589061179839,2020-05-09T21:52:59.839Z,buy,6.3e-07,22978.0,0.01447614
GTO/BTC,1589061197494,2020-05-09T21:53:17.494Z,buy,6.3e-07,157.0,9.891e-05
GTO/BTC,1589061199757,2020-05-09T21:53:19.757Z,buy,6.3e-07,157.0,9.891e-05
GTO/BTC,1589061230764,2020-05-09T21:53:50.764Z,buy,6.3e-07,16745.0,0.01054935
GTO/BTC,1589061230769,2020-05-09T21:53:50.769Z,buy,6.3e-07,37890.0,0.0238707
GTO/BTC,1589061230800,2020-05-09T21:53:50.800Z,buy,6.3e-07,9175.0,0.00578025
GTO/BTC,1589061230882,2020-05-09T21:53:50.882Z,buy,6.3e-07,7340.0,0.0046242
GTO/BTC,1589061254534,2020-05-09T21:54:14.534Z,sell,6.3e-07,13221.0,0.00832923
GTO/BTC,1589061274949,2020-05-09T21:54:34.949Z,sell,6.3e-07,110757.0,0.06977691
GTO/BTC,1589061274958,2020-05-09T21:54:34.958Z,buy,6.3e-07,2392.0,0.00150696
GTO/BTC,1589061274958,2020-05-09T21:54:34.958Z,buy,6.3e-07,2392.0,0.00150696
GTO/BTC,1589061274958,2020-05-09T21:54:34.958Z,buy,6.3e-07,37423.0,0.02357649
GTO/BTC,1589061274959,2020-05-09T21:54:34.959Z,buy,6.3e-07,2392.0,0.00150696
GTO/BTC,1589061274959,2020-05-09T21:54:34.959Z,buy,6.3e-07,2392.0,0.00150696
GTO/BTC,1589061274960,2020-05-09T21:54:34.960Z,buy,6.3e-07,2392.0,0.00150696
GTO/BTC,1589061274960,2020-05-09T21:54:34.960Z,buy,6.3e-07,2392.0,0.00150696
GTO/BTC,1589061274960,2020-05-09T21:54:34.960Z,buy,6.3e-07,95739.0,0.06031557
GTO/BTC,1589061274961,2020-05-09T21:54:34.961Z,buy,6.3e-07,2392.0,0.00150696
GTO/BTC,1589061274961,2020-05-09T21:54:34.961Z,buy,6.3e-07,2392.0,0.00150696
GTO/BTC,1589061274961,2020-05-09T21:54:34.961Z,buy,6.3e-07,2392.0,0.00150696
GTO/BTC,1589061274961,2020-05-09T21:54:34.961Z,buy,6.3e-07,2392.0,0.00150696
GTO/BTC,1589061274961,2020-05-09T21:54:34.961Z,buy,6.3e-07,2392.0,0.00150696
GTO/BTC,1589061274961,2020-05-09T21:54:34.961Z,buy,6.3e-07,2392.0,0.00150696
GTO/BTC,1589061274961,2020-05-09T21:54:34.961Z,buy,6.3e-07,2392.0,0.00150696
GTO/BTC,1589061274961,2020-05-09T21:54:34.961Z,buy,6.3e-07,2392.0,0.00150696
GTO/BTC,1589061274961,2020-05-09T21:54:34.961Z,buy,6.3e-07,156686.0,0.09871218
GTO/BTC,1589061274962,2020-05-09T21:54:34.962Z,buy,6.3e-07,2392.0,0.00150696
GTO/BTC,1589061274962,2020-05-09T21:54:34.962Z,buy,6.3e-07,2392.0,0.00150696
GTO/BTC,1589061274963,2020-05-09T21:54:34.963Z,buy,6.3e-07,2392.0,0.00150696
GTO/BTC,1589061274963,2020-05-09T21:54:34.963Z,buy,6.3e-07,2392.0,0.00150696
GTO/BTC,1589061274963,2020-05-09T21:54:34.963Z,buy,6.3e-07,2392.0,0.00150696
GTO/BTC,1589061274963,2020-05-09T21:54:34.963Z,buy,6.3e-07,2392.0,0.00150696
GTO/BTC,1589061274963,2020-05-09T21:54:34.963Z,buy,6.3e-07,16619.0,0.01046997
GTO/BTC,1589061274963,2020-05-09T21:54:34.963Z,buy,6.3e-07,2392.0,0.00150696
GTO/BTC,1589061274963,2020-05-09T21:54:34.963Z,buy,6.3e-07,2392.0,0.00150696
GTO/BTC,1589061274963,2020-05-09T21:54:34.963Z,buy,6.3e-07,2392.0,0.00150696
GTO/BTC,1589061274964,2020-05-09T21:54:34.964Z,buy,6.3e-07,2392.0,0.00150696
GTO/BTC,1589061274964,2020-05-09T21:54:34.964Z,buy,6.3e-07,2392.0,0.00150696
GTO/BTC,1589061274964,2020-05-09T21:54:34.964Z,buy,6.3e-07,2392.0,0.00150696
GTO/BTC,1589061274965,2020-05-09T21:54:34.965Z,buy,6.3e-07,2392.0,0.00150696
GTO/BTC,1589061274965,2020-05-09T21:54:34.965Z,buy,6.3e-07,2392.0,0.00150696
GTO/BTC,1589061274965,2020-05-09T21:54:34.965Z,buy,6.3e-07,2392.0,0.00150696
GTO/BTC,1589061274965,2020-05-09T21:54:34.965Z,buy,6.3e-07,2392.0,0.00150696
GTO/BTC,1589061274965,2020-05-09T21:54:34.965Z,buy,6.3e-07,2392.0,0.00150696
GTO/BTC,1589061274965,2020-05-09T21:54:34.965Z,buy,6.3e-07,2392.0,0.00150696
GTO/BTC,1589061274965,2020-05-09T21:54:34.965Z,buy,6.3e-07,2392.0,0.00150696
GTO/BTC,1589061274965,2020-05-09T21:54:34.965Z,buy,6.3e-07,2392.0,0.00150696
GTO/BTC,1589061274966,2020-05-09T21:54:34.966Z,buy,6.3e-07,2392.0,0.00150696
GTO/BTC,1589061274966,2020-05-09T21:54:34.966Z,buy,6.3e-07,2392.0,0.00150696
GTO/BTC,1589061274966,2020-05-09T21:54:34.966Z,buy,6.3e-07,2392.0,0.00150696
GTO/BTC,1589061274968,2020-05-09T21:54:34.968Z,buy,6.3e-07,2392.0,0.00150696
GTO/BTC,1589061274970,2020-05-09T21:54:34.970Z,buy,6.3e-07,2392.0,0.00150696
GTO/BTC,1589061274971,2020-05-09T21:54:34.971Z,buy,6.3e-07,2392.0,0.00150696
GTO/BTC,1589061274995,2020-05-09T21:54:34.995Z,buy,6.3e-07,76730.0,0.0483399
GTO/BTC,1589061274998,2020-05-09T21:54:34.998Z,buy,6.3e-07,673.0,0.00042399
GTO/BTC,1589061275044,2020-05-09T21:54:35.044Z,sell,6.3e-07,8626.0,0.00543438
GTO/BTC,1589061275053,2020-05-09T21:54:35.053Z,sell,6.2e-07,929.0,0.00057598
GTO/BTC,1589061275054,2020-05-09T21:54:35.054Z,buy,6.3e-07,3933.0,0.00247779
GTO/BTC,1589061304370,2020-05-09T21:55:04.370Z,sell,6.2e-07,82211.0,0.05097082
GTO/BTC,1589061304391,2020-05-09T21:55:04.391Z,sell,6.2e-07,26302.0,0.01630724
GTO/BTC,1589061304404,2020-05-09T21:55:04.404Z,sell,6.2e-07,13044.0,0.00808728
GTO/BTC,1589061304890,2020-05-09T21:55:04.890Z,sell,6.2e-07,72235.0,0.0447857
GTO/BTC,1589061305095,2020-05-09T21:55:05.095Z,sell,6.2e-07,18529.0,0.01148798
GTO/BTC,1589061306346,2020-05-09T21:55:06.346Z,sell,6.2e-07,337.0,0.00020894
GTO/BTC,1589061306698,2020-05-09T21:55:06.698Z,sell,6.2e-07,337.0,0.00020894
GTO/BTC,1589061307317,2020-05-09T21:55:07.317Z,sell,6.2e-07,508.0,0.00031496
GTO/BTC,1589061308110,2020-05-09T21:55:08.110Z,sell,6.2e-07,16527.0,0.01024674
GTO/BTC,1589061308189,2020-05-09T21:55:08.189Z,sell,6.2e-07,52760.0,0.0327112
GTO/BTC,1589061308226,2020-05-09T21:55:08.226Z,sell,6.2e-07,11107.0,0.00688634
GTO/BTC,1589061312432,2020-05-09T21:55:12.432Z,sell,6.2e-07,3013.0,0.00186806
GTO/BTC,1589061314578,2020-05-09T21:55:14.578Z,sell,6.2e-07,235.0,0.0001457
GTO/BTC,1589061314582,2020-05-09T21:55:14.582Z,sell,6.2e-07,5610.0,0.0034782
GTO/BTC,1589061315182,2020-05-09T21:55:15.182Z,buy,6.2e-07,2544.0,0.00157728
GTO/BTC,1589061315766,2020-05-09T21:55:15.766Z,sell,6.2e-07,7087.0,0.00439394
GTO/BTC,1589061322391,2020-05-09T21:55:22.391Z,buy,6.2e-07,3443.0,0.00213466
GTO/BTC,1589061323744,2020-05-09T21:55:23.744Z,buy,6.2e-07,339.0,0.00021018
GTO/BTC,1589061326420,2020-05-09T21:55:26.420Z,buy,6.2e-07,106.0,6.572e-05
GTO/BTC,1589061374700,2020-05-09T21:56:14.700Z,buy,6.3e-07,17300.0,0.010899
GTO/BTC,1589061384761,2020-05-09T21:56:24.761Z,buy,6.3e-07,53.0,3.339e-05
GTO/BTC,1589061390128,2020-05-09T21:56:30.128Z,sell,6.2e-07,3443.0,0.00213466
GTO/BTC,1589061390170,2020-05-09T21:56:30.170Z,buy,6.3e-07,185113.0,0.11662119
GTO/BTC,1589061395212,2020-05-09T21:56:35.212Z,buy,6.3e-07,8843.0,0.00557109
GTO/BTC,1589061395233,2020-05-09T21:56:35.233Z,sell,6.3e-07,8427.0,0.00530901
GTO/BTC,1589061395233,2020-05-09T21:56:35.233Z,sell,6.3e-07,673.0,0.00042399
GTO/BTC,1589061395234,2020-05-09T21:56:35.234Z,sell,6.3e-07,337.0,0.00021231
GTO/BTC,1589061395234,2020-05-09T21:56:35.234Z,sell,6.3e-07,2317.0,0.00145971
GTO/BTC,1589061395419,2020-05-09T21:56:35.419Z,buy,6.3e-07,50.0,3.15e-05
GTO/BTC,1589061401834,2020-05-09T21:56:41.834Z,buy,6.3e-07,19523.0,0.01229949
GTO/BTC,1589061401840,2020-05-09T21:56:41.840Z,sell,6.3e-07,7560.0,0.0047628
GTO/BTC,1589061401886,2020-05-09T21:56:41.886Z,buy,6.3e-07,17605.0,0.01109115
GTO/BTC,1589061401896,2020-05-09T21:56:41.896Z,sell,6.3e-07,1918.0,0.00120834
GTO/BTC,1589061408792,2020-05-09T21:56:48.792Z,buy,6.3e-07,8941.0,0.00563283
GTO/BTC,1589061412657,2020-05-09T21:56:52.657Z,buy,6.3e-07,39066.0,0.02461158
GTO/BTC,1589061420515,2020-05-09T21:57:00.515Z,buy,6.3e-07,42275.0,0.02663325
GTO/BTC,1589061422450,2020-05-09T21:57:02.450Z,buy,6.3e-07,16670.0,0.0105021
GTO/BTC,1589061427703,2020-05-09T21:57:07.703Z,buy,6.3e-07,69153.0,0.04356639
GTO/BTC,1589061451409,2020-05-09T21:57:31.409Z,sell,6.2e-07,6215.0,0.0038533
GTO/BTC,1589061487443,2020-05-09T21:58:07.443Z,sell,6.3e-07,19898.0,0.01253574
GTO/BTC,1589061509707,2020-05-09T21:58:29.707Z,buy,6.3e-07,3979.0,0.00250677
GTO/BTC,1589061509716,2020-05-09T21:58:29.716Z,sell,6.3e-07,4954.0,0.00312102
GTO/BTC,1589061538694,2020-05-09T21:58:58.694Z,sell,6.2e-07,6476.0,0.00401512
GTO/BTC,1589061551676,2020-05-09T21:59:11.676Z,buy,6.3e-07,24211.0,0.01525293
GTO/BTC,1589061558843,2020-05-09T21:59:18.843Z,buy,6.3e-07,17629.0,0.01110627
GTO/BTC,1589061558958,2020-05-09T21:59:18.958Z,sell,6.3e-07,2276.0,0.00143388
GTO/BTC,1589061559941,2020-05-09T21:59:19.941Z,sell,6.3e-07,16260.0,0.0102438
GTO/BTC,1589061577961,2020-05-09T21:59:37.961Z,buy,6.3e-07,3707.0,0.00233541
GTO/BTC,1589061577961,2020-05-09T21:59:37.961Z,buy,6.4e-07,30417.0,0.01946688
GTO/BTC,1589061586158,2020-05-09T21:59:46.158Z,buy,6.4e-07,604.0,0.00038656
GTO/BTC,1589061587452,2020-05-09T21:59:47.452Z,buy,6.4e-07,13223.0,0.00846272
GTO/BTC,1589061587596,2020-05-09T21:59:47.596Z,buy,6.4e-07,7834.0,0.00501376
GTO/BTC,1589061587600,2020-05-09T21:59:47.600Z,buy,6.4e-07,7835.0,0.0050144
GTO/BTC,1589061587604,2020-05-09T21:59:47.604Z,buy,6.4e-07,7834.0,0.00501376
GTO/BTC,1589061596878,2020-05-09T21:59:56.878Z,buy,6.4e-07,13154.0,0.00841856
GTO/BTC,1589061597011,2020-05-09T21:59:57.011Z,buy,6.4e-07,16152.0,0.01033728
GTO/BTC,1589061597013,2020-05-09T21:59:57.013Z,buy,6.4e-07,16152.0,0.01033728
GTO/BTC,1589061597043,2020-05-09T21:59:57.043Z,buy,6.4e-07,11292.0,0.00722688
GTO/BTC,1589061610522,2020-05-09T22:00:10.522Z,buy,6.4e-07,13137.0,0.00840768
GTO/BTC,1589061610635,2020-05-09T22:00:10.635Z,buy,6.4e-07,17122.0,0.01095808
GTO/BTC,1589061610848,2020-05-09T22:00:10.848Z,buy,6.4e-07,48736.0,0.03119104
GTO/BTC,1589061610995,2020-05-09T22:00:10.995Z,buy,6.4e-07,15757.0,0.01008448
GTO/BTC,1589061610997,2020-05-09T22:00:10.997Z,buy,6.4e-07,7878.0,0.00504192
GTO/BTC,1589061611286,2020-05-09T22:00:11.286Z,buy,6.4e-07,5025.0,0.003216
GTO/BTC,1589061611472,2020-05-09T22:00:11.472Z,buy,6.4e-07,306462.0,0.19613568
GTO/BTC,1589061612411,2020-05-09T22:00:12.411Z,buy,6.4e-07,13121.0,0.00839744
GTO/BTC,1589061612635,2020-05-09T22:00:12.635Z,buy,6.4e-07,15172.0,0.00971008
GTO/BTC,1589061612729,2020-05-09T22:00:12.729Z,buy,6.4e-07,7866.0,0.00503424
GTO/BTC,1589061612757,2020-05-09T22:00:12.757Z,buy,6.4e-07,21766.0,0.01393024
GTO/BTC,1589061616303,2020-05-09T22:00:16.303Z,sell,6.4e-07,56704.0,0.03629056
GTO/BTC,1589061619783,2020-05-09T22:00:19.783Z,sell,6.4e-07,45939.0,0.02940096
GTO/BTC,1589061619789,2020-05-09T22:00:19.789Z,buy,6.4e-07,48376.0,0.03096064
GTO/BTC,1589061619799,2020-05-09T22:00:19.799Z,buy,6.4e-07,16346.0,0.01046144
GTO/BTC,1589061619928,2020-05-09T22:00:19.928Z,buy,6.4e-07,22045.0,0.0141088
GTO/BTC,1589061622312,2020-05-09T22:00:22.312Z,buy,6.4e-07,8337.0,0.00533568
GTO/BTC,1589061625242,2020-05-09T22:00:25.242Z,buy,6.4e-07,354864.0,0.22711296
GTO/BTC,1589061625248,2020-05-09T22:00:25.248Z,sell,6.4e-07,2133.0,0.00136512
GTO/BTC,1589061625253,2020-05-09T22:00:25.253Z,sell,6.4e-07,10091.0,0.00645824
GTO/BTC,1589061625651,2020-05-09T22:00:25.651Z,buy,6.4e-07,7999.0,0.00511936
GTO/BTC,1589061625665,2020-05-09T22:00:25.665Z,sell,6.4e-07,36096.0,0.02310144
GTO/BTC,1589061630753,2020-05-09T22:00:30.753Z,buy,6.4e-07,646.0,0.00041344
GTO/BTC,1589061633630,2020-05-09T22:00:33.630Z,sell,6.4e-07,37143.0,0.02377152
GTO/BTC,1589061633658,2020-05-09T22:00:33.658Z,buy,6.4e-07,48337.0,0.03093568
GTO/BTC,1589061633810,2020-05-09T22:00:33.810Z,buy,6.4e-07,156.0,9.984e-05
GTO/BTC,1589061635587,2020-05-09T22:00:35.587Z,buy,6.4e-07,156.0,9.984e-05
GTO/BTC,1589061647763,2020-05-09T22:00:47.763Z,buy,6.4e-07,8125.0,0.0052
GTO/BTC,1589061647879,2020-05-09T22:00:47.879Z,buy,6.4e-07,71471.0,0.04574144
GTO/BTC,1589061648085,2020-05-09T22:00:48.085Z,buy,6.4e-07,21758.0,0.01392512
GTO/BTC,1589061648830,2020-05-09T22:00:48.830Z,buy,6.4e-07,1293.0,0.00082752
GTO/BTC,1589061655883,2020-05-09T22:00:55.883Z,buy,6.4e-07,50677.0,0.03243328
GTO/BTC,1589061665314,2020-05-09T22:01:05.314Z,buy,6.4e-07,38801.0,0.02483264
GTO/BTC,1589061665734,2020-05-09T22:01:05.734Z,buy,6.4e-07,25555.0,0.0163552
GTO/BTC,1589061665745,2020-05-09T22:01:05.745Z,buy,6.4e-07,8624.0,0.00551936
GTO/BTC,1589061671432,2020-05-09T22:01:11.432Z,buy,6.4e-07,12322.0,0.00788608
GTO/BTC,1589061671449,2020-05-09T22:01:11.449Z,buy,6.4e-07,13008.0,0.00832512
GTO/BTC,1589061674306,2020-05-09T22:01:14.306Z,buy,6.4e-07,12322.0,0.00788608
GTO/BTC,1589061674316,2020-05-09T22:01:14.316Z,buy,6.4e-07,13311.0,0.00851904
GTO/BTC,1589061675890,2020-05-09T22:01:15.890Z,buy,6.4e-07,12322.0,0.00788608
GTO/BTC,1589061675913,2020-05-09T22:01:15.913Z,buy,6.4e-07,13005.0,0.0083232
GTO/BTC,1589061675925,2020-05-09T22:01:15.925Z,buy,6.4e-07,8844.0,0.00566016
GTO/BTC,1589061675936,2020-05-09T22:01:15.936Z,buy,6.4e-07,3254.0,0.00208256
GTO/BTC,1589061676028,2020-05-09T22:01:16.028Z,buy,6.4e-07,5785.0,0.0037024
GTO/BTC,1589061679159,2020-05-09T22:01:19.159Z,buy,6.4e-07,9134.0,0.00584576
GTO/BTC,1589061679203,2020-05-09T22:01:19.203Z,buy,6.4e-07,1932.0,0.00123648
GTO/BTC,1589061685038,2020-05-09T22:01:25.038Z,buy,6.4e-07,21244.0,0.01359616
GTO/BTC,1589061688341,2020-05-09T22:01:28.341Z,buy,6.4e-07,50678.0,0.03243392
GTO/BTC,1589061688387,2020-05-09T22:01:28.387Z,buy,6.4e-07,16995.0,0.0108768
GTO/BTC,1589061688392,2020-05-09T22:01:28.392Z,buy,6.4e-07,8363.0,0.00535232
GTO/BTC,1589061694812,2020-05-09T22:01:34.812Z,sell,6.4e-07,21091.0,0.01349824
GTO/BTC,1589061694837,2020-05-09T22:01:34.837Z,buy,6.4e-07,223.0,0.00014272
GTO/BTC,1589061696598,2020-05-09T22:01:36.598Z,buy,6.4e-07,286.0,0.00018304
GTO/BTC,1589061701852,2020-05-09T22:01:41.852Z,buy,6.4e-07,11616.0,0.00743424
GTO/BTC,1589061701961,2020-05-09T22:01:41.961Z,buy,6.4e-07,11821.0,0.00756544
GTO/BTC,1589061722621,2020-05-09T22:02:02.621Z,buy,6.4e-07,11195.0,0.0071648
GTO/BTC,1589061728293,2020-05-09T22:02:08.293Z,buy,6.4e-07,11969.0,0.00766016
GTO/BTC,1589061730543,2020-05-09T22:02:10.543Z,buy,6.4e-07,5719.0,0.00366016
GTO/BTC,1589061731939,2020-05-09T22:02:11.939Z,buy,6.4e-07,8993.0,0.00575552
GTO/BTC,1589061749222,2020-05-09T22:02:29.222Z,buy,6.4e-07,40687.0,0.02603968
GTO/BTC,1589061749227,2020-05-09T22:02:29.227Z,buy,6.4e-07,38020.0,0.0243328
GTO/BTC,1589061749311,2020-05-09T22:02:29.311Z,buy,6.4e-07,73101.0,0.04678464
GTO/BTC,1589061749417,2020-05-09T22:02:29.417Z,buy,6.4e-07,76345.0,0.0488608
GTO/BTC,1589061749532,2020-05-09T22:02:29.532Z,buy,6.4e-07,80070.0,0.0512448
GTO/BTC,1589061749628,2020-05-09T22:02:29.628Z,buy,6.4e-07,75816.0,0.04852224
GTO/BTC,1589061749740,2020-05-09T22:02:29.740Z,buy,6.4e-07,32492.0,0.02079488
GTO/BTC,1589061760003,2020-05-09T22:02:40.003Z,sell,6.4e-07,22054.0,0.01411456
GTO/BTC,1589061760012,2020-05-09T22:02:40.012Z,buy,6.4e-07,901.0,0.00057664
GTO/BTC,1589061788150,2020-05-09T22:03:08.150Z,sell,6.4e-07,162.0,0.00010368
GTO/BTC,1589061795948,2020-05-09T22:03:15.948Z,sell,6.4e-07,113220.0,0.0724608
GTO/BTC,1589061845965,2020-05-09T22:04:05.965Z,sell,6.4e-07,2942.0,0.00188288
GTO/BTC,1589061855077,2020-05-09T22:04:15.077Z,sell,6.4e-07,234.0,0.00014976
GTO/BTC,1589061873835,2020-05-09T22:04:33.835Z,sell,6.4e-07,5719.0,0.00366016
GTO/BTC,1589061879327,2020-05-09T22:04:39.327Z,buy,6.5e-07,11231.0,0.00730015
GTO/BTC,1589061933771,2020-05-09T22:05:33.771Z,buy,6.5e-07,96526.0,0.0627419
GTO/BTC,1589061938930,2020-05-09T22:05:38.930Z,buy,6.5e-07,11449.0,0.00744185
GTO/BTC,1589061969893,2020-05-09T22:06:09.893Z,buy,6.5e-07,4790.0,0.0031135
GTO/BTC,1589061980392,2020-05-09T22:06:20.392Z,buy,6.5e-07,1584.0,0.0010296
GTO/BTC,1589061983418,2020-05-09T22:06:23.418Z,buy,6.5e-07,64835.0,0.04214275
GTO/BTC,1589062049308,2020-05-09T22:07:29.308Z,buy,6.5e-07,5845.0,0.00379925
GTO/BTC,1589062089094,2020-05-09T22:08:09.094Z,sell,6.4e-07,7937.0,0.00507968
GTO/BTC,1589062115166,2020-05-09T22:08:35.166Z,buy,6.5e-07,1000.0,0.00065
GTO/BTC,1589062120407,2020-05-09T22:08:40.407Z,sell,6.4e-07,7976.0,0.00510464
GTO/BTC,1589062120511,2020-05-09T22:08:40.511Z,sell,6.4e-07,6008.0,0.00384512
GTO/BTC,1589062131394,2020-05-09T22:08:51.394Z,buy,6.4e-07,12381.0,0.00792384
GTO/BTC,1589062131473,2020-05-09T22:08:51.473Z,sell,6.4e-07,33523.0,0.02145472
GTO/BTC,1589062131494,2020-05-09T22:08:51.494Z,sell,6.4e-07,5702.0,0.00364928
GTO/BTC,1589062210951,2020-05-09T22:10:10.951Z,sell,6.3e-07,28735.0,0.01810305
GTO/BTC,1589062231238,2020-05-09T22:10:31.238Z,sell,6.3e-07,33670.0,0.0212121
GTO/BTC,1589062234266,2020-05-09T22:10:34.266Z,buy,6.3e-07,3581.0,0.00225603
GTO/BTC,1589062235416,2020-05-09T22:10:35.416Z,sell,6.3e-07,3649.0,0.00229887
GTO/BTC,1589062235439,2020-05-09T22:10:35.439Z,sell,6.3e-07,14599.0,0.00919737
GTO/BTC,1589062251238,2020-05-09T22:10:51.238Z,buy,6.3e-07,7999.0,0.00503937
GTO/BTC,1589062288564,2020-05-09T22:11:28.564Z,buy,6.3e-07,22831.0,0.01438353
GTO/BTC,1589062292337,2020-05-09T22:11:32.337Z,buy,6.3e-07,13367.0,0.00842121
GTO/BTC,1589062292342,2020-05-09T22:11:32.342Z,sell,6.3e-07,22425.0,0.01412775
GTO/BTC,1589062293870,2020-05-09T22:11:33.870Z,buy,6.3e-07,10087.0,0.00635481
GTO/BTC,1589062294651,2020-05-09T22:11:34.651Z,sell,6.3e-07,3380.0,0.0021294
GTO/BTC,1589062294933,2020-05-09T22:11:34.933Z,sell,6.3e-07,3614.0,0.00227682
GTO/BTC,1589062295018,2020-05-09T22:11:35.018Z,sell,6.3e-07,16512.0,0.01040256
GTO/BTC,1589062295130,2020-05-09T22:11:35.130Z,sell,6.3e-07,14002.0,0.00882126
GTO/BTC,1589062305422,2020-05-09T22:11:45.422Z,sell,6.2e-07,3261.0,0.00202182
GTO/BTC,1589062305422,2020-05-09T22:11:45.422Z,sell,6.2e-07,33878.0,0.02100436
GTO/BTC,1589062375315,2020-05-09T22:12:55.315Z,sell,6.2e-07,2747.0,0.00170314
GTO/BTC,1589062534523,2020-05-09T22:15:34.523Z,buy,6.3e-07,11533.0,0.00726579
GTO/BTC,1589062547286,2020-05-09T22:15:47.286Z,buy,6.3e-07,8235.0,0.00518805
GTO/BTC,1589062547294,2020-05-09T22:15:47.294Z,sell,6.3e-07,5934.0,0.00373842
GTO/BTC,1589062547301,2020-05-09T22:15:47.301Z,sell,6.3e-07,9881.0,0.00622503
GTO/BTC,1589062564525,2020-05-09T22:16:04.525Z,sell,6.3e-07,7870.0,0.0049581
GTO/BTC,1589062572165,2020-05-09T22:16:12.165Z,buy,6.4e-07,313460.0,0.2006144
GTO/BTC,1589062577380,2020-05-09T22:16:17.380Z,buy,6.4e-07,65658.0,0.04202112
GTO/BTC,1589062585514,2020-05-09T22:16:25.514Z,buy,6.4e-07,49548.0,0.03171072
GTO/BTC,1589062589121,2020-05-09T22:16:29.121Z,buy,6.4e-07,12915.0,0.0082656
GTO/BTC,1589062592319,2020-05-09T22:16:32.319Z,buy,6.4e-07,7207.0,0.00461248
GTO/BTC,1589062592327,2020-05-09T22:16:32.327Z,sell,6.4e-07,35308.0,0.02259712
GTO/BTC,1589062592352,2020-05-09T22:16:32.352Z,sell,6.4e-07,13853.0,0.00886592
GTO/BTC,1589062602375,2020-05-09T22:16:42.375Z,buy,6.4e-07,46333.0,0.02965312
GTO/BTC,1589062602380,2020-05-09T22:16:42.380Z,sell,6.4e-07,134544.0,0.08610816
GTO/BTC,1589062602383,2020-05-09T22:16:42.383Z,sell,6.4e-07,14358.0,0.00918912
GTO/BTC,1589062602383,2020-05-09T22:16:42.383Z,sell,6.4e-07,34405.0,0.0220192
GTO/BTC,1589062602386,2020-05-09T22:16:42.386Z,sell,6.4e-07,6961.0,0.00445504
GTO/BTC,1589062602387,2020-05-09T22:16:42.387Z,sell,6.4e-07,37423.0,0.02395072
GTO/BTC,1589062602388,2020-05-09T22:16:42.388Z,sell,6.4e-07,33074.0,0.02116736
GTO/BTC,1589062602455,2020-05-09T22:16:42.455Z,sell,6.4e-07,11139.0,0.00712896
GTO/BTC,1589062602601,2020-05-09T22:16:42.601Z,sell,6.4e-07,8484.0,0.00542976
GTO/BTC,1589062602691,2020-05-09T22:16:42.691Z,sell,6.4e-07,6787.0,0.00434368
GTO/BTC,1589062602799,2020-05-09T22:16:42.799Z,sell,6.4e-07,5430.0,0.0034752
GTO/BTC,1589062602906,2020-05-09T22:16:42.906Z,sell,6.4e-07,4344.0,0.00278016
GTO/BTC,1589062603018,2020-05-09T22:16:43.018Z,sell,6.4e-07,3475.0,0.002224
GTO/BTC,1589062603042,2020-05-09T22:16:43.042Z,sell,6.4e-07,13902.0,0.00889728
GTO/BTC,1589062653676,2020-05-09T22:17:33.676Z,buy,6.4e-07,32819.0,0.02100416
GTO/BTC,1589062655962,2020-05-09T22:17:35.962Z,buy,6.4e-07,13997.0,0.00895808
GTO/BTC,1589062679970,2020-05-09T22:17:59.970Z,buy,6.4e-07,5500.0,0.00352
GTO/BTC,1589062716843,2020-05-09T22:18:36.843Z,buy,6.4e-07,100799.0,0.06451136
GTO/BTC,1589062841067,2020-05-09T22:20:41.067Z,buy,6.4e-07,200.0,0.000128
GTO/BTC,1589062848667,2020-05-09T22:20:48.667Z,buy,6.4e-07,16606.0,0.01062784
GTO/BTC,1589062871631,2020-05-09T22:21:11.631Z,buy,6.4e-07,16247.0,0.01039808
GTO/BTC,1589062875386,2020-05-09T22:21:15.386Z,buy,6.4e-07,8870.0,0.0056768
GTO/BTC,1589062875404,2020-05-09T22:21:15.404Z,sell,6.4e-07,12136.0,0.00776704
GTO/BTC,1589062879815,2020-05-09T22:21:19.815Z,buy,6.4e-07,33795.0,0.0216288
GTO/BTC,1589062883711,2020-05-09T22:21:23.711Z,buy,6.4e-07,7619.0,0.00487616
GTO/BTC,1589062883732,2020-05-09T22:21:23.732Z,sell,6.4e-07,12136.0,0.00776704
GTO/BTC,1589062905090,2020-05-09T22:21:45.090Z,sell,6.4e-07,19358.0,0.01238912
GTO/BTC,1589062926559,2020-05-09T22:22:06.559Z,buy,6.5e-07,55.0,3.575e-05
GTO/BTC,1589062943294,2020-05-09T22:22:23.294Z,buy,6.5e-07,200.0,0.00013
GTO/BTC,1589062944752,2020-05-09T22:22:24.752Z,buy,6.5e-07,131678.0,0.0855907
GTO/BTC,1589062974200,2020-05-09T22:22:54.200Z,sell,6.4e-07,4808.0,0.00307712
GTO/BTC,1589062985727,2020-05-09T22:23:05.727Z,sell,6.4e-07,103872.0,0.06647808
GTO/BTC,1589062990523,2020-05-09T22:23:10.523Z,sell,6.4e-07,23220.0,0.0148608
GTO/BTC,1589063012040,2020-05-09T22:23:32.040Z,sell,6.4e-07,19561.0,0.01251904
GTO/BTC,1589063100053,2020-05-09T22:25:00.053Z,buy,6.5e-07,54045.0,0.03512925
GTO/BTC,1589063103866,2020-05-09T22:25:03.866Z,buy,6.5e-07,12878.0,0.0083707
GTO/BTC,1589063109703,2020-05-09T22:25:09.703Z,buy,6.5e-07,3068.0,0.0019942
GTO/BTC,1589063116830,2020-05-09T22:25:16.830Z,buy,6.5e-07,731.0,0.00047515
GTO/BTC,1589063120371,2020-05-09T22:25:20.371Z,buy,6.5e-07,156.0,0.0001014
GTO/BTC,1589063123133,2020-05-09T22:25:23.133Z,buy,6.5e-07,175.0,0.00011375
GTO/BTC,1589063131304,2020-05-09T22:25:31.304Z,buy,6.5e-07,88657.0,0.05762705
GTO/BTC,1589063134491,2020-05-09T22:25:34.491Z,buy,6.5e-07,107692.0,0.0699998
GTO/BTC,1589063144689,2020-05-09T22:25:44.689Z,buy,6.5e-07,9250.0,0.0060125
GTO/BTC,1589063164140,2020-05-09T22:26:04.140Z,buy,6.5e-07,3875.0,0.00251875
GTO/BTC,1589063236037,2020-05-09T22:27:16.037Z,sell,6.4e-07,42473.0,0.02718272
GTO/BTC,1589063240103,2020-05-09T22:27:20.103Z,sell,6.4e-07,13983.0,0.00894912
GTO/BTC,1589063282448,2020-05-09T22:28:02.448Z,sell,6.4e-07,5000.0,0.0032
GTO/BTC,1589063494957,2020-05-09T22:31:34.957Z,sell,6.4e-07,25795.0,0.0165088
GTO/BTC,1589063564140,2020-05-09T22:32:44.140Z,buy,6.5e-07,1296.0,0.0008424
GTO/BTC,1589063574415,2020-05-09T22:32:54.415Z,sell,6.4e-07,2159.0,0.00138176
GTO/BTC,1589063584812,2020-05-09T22:33:04.812Z,sell,6.4e-07,4504.0,0.00288256
GTO/BTC,1589063656209,2020-05-09T22:34:16.209Z,sell,6.4e-07,94776.0,0.06065664
GTO/BTC,1589063664297,2020-05-09T22:34:24.297Z,buy,6.5e-07,7863.0,0.00511095
GTO/BTC,1589063676717,2020-05-09T22:34:36.717Z,sell,6.4e-07,19347.0,0.01238208
GTO/BTC,1589063707393,2020-05-09T22:35:07.393Z,sell,6.4e-07,919.0,0.00058816
GTO/BTC,1589063775663,2020-05-09T22:36:15.663Z,sell,6.4e-07,29020.0,0.0185728
GTO/BTC,1589063826103,2020-05-09T22:37:06.103Z,sell,6.4e-07,18480.0,0.0118272
GTO/BTC,1589063848332,2020-05-09T22:37:28.332Z,sell,6.4e-07,73228.0,0.04686592
GTO/BTC,1589063903510,2020-05-09T22:38:23.510Z,sell,6.4e-07,33500.0,0.02144
GTO/BTC,1589063904120,2020-05-09T22:38:24.120Z,sell,6.4e-07,18697.0,0.01196608
GTO/BTC,1589063918812,2020-05-09T22:38:38.812Z,buy,6.5e-07,123076.0,0.0799994
GTO/BTC,1589064011556,2020-05-09T22:40:11.556Z,sell,6.4e-07,12154.0,0.00777856
GTO/BTC,1589064095226,2020-05-09T22:41:35.226Z,buy,6.5e-07,1653.0,0.00107445
GTO/BTC,1589064114567,2020-05-09T22:41:54.567Z,buy,6.5e-07,1652.0,0.0010738
GTO/BTC,1589064224652,2020-05-09T22:43:44.652Z,sell,6.4e-07,697.0,0.00044608
GTO/BTC,1589064233821,2020-05-09T22:43:53.821Z,sell,6.4e-07,38374.0,0.02455936
GTO/BTC,1589064271424,2020-05-09T22:44:31.424Z,buy,6.5e-07,12000.0,0.0078
GTO/BTC,1589064300381,2020-05-09T22:45:00.381Z,buy,6.5e-07,57992.0,0.0376948
GTO/BTC,1589064335243,2020-05-09T22:45:35.243Z,buy,6.5e-07,81058.0,0.0526877
GTO/BTC,1589064351861,2020-05-09T22:45:51.861Z,buy,6.5e-07,26291.0,0.01708915
GTO/BTC,1589064359470,2020-05-09T22:45:59.470Z,buy,6.5e-07,39501.0,0.02567565
GTO/BTC,1589064370083,2020-05-09T22:46:10.083Z,buy,6.5e-07,266500.0,0.173225
GTO/BTC,1589064384026,2020-05-09T22:46:24.026Z,buy,6.5e-07,27941.0,0.01816165
GTO/BTC,1589064384026,2020-05-09T22:46:24.026Z,buy,6.5e-07,27941.0,0.01816165
GTO/BTC,1589064401270,2020-05-09T22:46:41.270Z,buy,6.5e-07,42795.0,0.02781675
GTO/BTC,1589064403869,2020-05-09T22:46:43.869Z,buy,6.5e-07,146084.0,0.0949546
GTO/BTC,1589064403879,2020-05-09T22:46:43.879Z,sell,6.5e-07,69098.0,0.0449137
GTO/BTC,1589064403880,2020-05-09T22:46:43.880Z,sell,6.5e-07,27766.0,0.0180479
GTO/BTC,1589064403882,2020-05-09T22:46:43.882Z,sell,6.5e-07,37423.0,0.02432495
GTO/BTC,1589064403884,2020-05-09T22:46:43.884Z,sell,6.5e-07,12928.0,0.0084032
GTO/BTC,1589064403984,2020-05-09T22:46:43.984Z,sell,6.5e-07,35365.0,0.02298725
GTO/BTC,1589064403985,2020-05-09T22:46:43.985Z,sell,6.5e-07,14249.0,0.00926185
GTO/BTC,1589064405222,2020-05-09T22:46:45.222Z,sell,6.5e-07,7188.0,0.0046722
GTO/BTC,1589064405298,2020-05-09T22:46:45.298Z,sell,6.5e-07,7929.0,0.00515385
GTO/BTC,1589064405426,2020-05-09T22:46:45.426Z,sell,6.5e-07,3868.0,0.0025142
GTO/BTC,1589064405513,2020-05-09T22:46:45.513Z,sell,6.5e-07,23099.0,0.01501435
GTO/BTC,1589064405613,2020-05-09T22:46:45.613Z,sell,6.5e-07,3204.0,0.0020826
GTO/BTC,1589064405946,2020-05-09T22:46:45.946Z,sell,6.5e-07,1397.0,0.00090805
GTO/BTC,1589064405965,2020-05-09T22:46:45.965Z,sell,6.5e-07,25690.0,0.0166985
GTO/BTC,1589064405984,2020-05-09T22:46:45.984Z,sell,6.5e-07,14724.0,0.0095706
GTO/BTC,1589064413007,2020-05-09T22:46:53.007Z,sell,6.5e-07,16824.0,0.0109356
GTO/BTC,1589064413008,2020-05-09T22:46:53.008Z,sell,6.5e-07,3456.0,0.0022464
GTO/BTC,1589064420041,2020-05-09T22:47:00.041Z,sell,6.5e-07,27013.0,0.01755845
GTO/BTC,1589064421756,2020-05-09T22:47:01.756Z,buy,6.5e-07,31430.0,0.0204295
GTO/BTC,1589064446244,2020-05-09T22:47:26.244Z,sell,6.5e-07,2788.0,0.0018122
GTO/BTC,1589064524096,2020-05-09T22:48:44.096Z,buy,6.5e-07,30102.0,0.0195663
GTO/BTC,1589064528009,2020-05-09T22:48:48.009Z,sell,6.5e-07,3536.0,0.0022984
GTO/BTC,1589064550623,2020-05-09T22:49:10.623Z,sell,6.5e-07,14146.0,0.0091949
GTO/BTC,1589064552500,2020-05-09T22:49:12.500Z,buy,6.5e-07,2000.0,0.0013
GTO/BTC,1589064576637,2020-05-09T22:49:36.637Z,sell,6.5e-07,250.0,0.0001625
GTO/BTC,1589064580957,2020-05-09T22:49:40.957Z,buy,6.6e-07,246.0,0.00016236
GTO/BTC,1589064597694,2020-05-09T22:49:57.694Z,buy,6.5e-07,1162.0,0.0007553
GTO/BTC,1589064606894,2020-05-09T22:50:06.894Z,buy,6.6e-07,900.0,0.000594
GTO/BTC,1589064613676,2020-05-09T22:50:13.676Z,sell,6.5e-07,467.0,0.00030355
GTO/BTC,1589064628874,2020-05-09T22:50:28.874Z,buy,6.6e-07,1000.0,0.00066
GTO/BTC,1589064658604,2020-05-09T22:50:58.604Z,buy,6.6e-07,1129.0,0.00074514
GTO/BTC,1589064661053,2020-05-09T22:51:01.053Z,sell,6.5e-07,1175.0,0.00076375
GTO/BTC,1589064688055,2020-05-09T22:51:28.055Z,sell,6.5e-07,47562.0,0.0309153
GTO/BTC,1589064706411,2020-05-09T22:51:46.411Z,sell,6.5e-07,10356.0,0.0067314
GTO/BTC,1589064711293,2020-05-09T22:51:51.293Z,sell,6.5e-07,1129.0,0.00073385
GTO/BTC,1589064749333,2020-05-09T22:52:29.333Z,buy,6.5e-07,9773.0,0.00635245
GTO/BTC,1589064782441,2020-05-09T22:53:02.441Z,buy,6.5e-07,1698.0,0.0011037
GTO/BTC,1589064900048,2020-05-09T22:55:00.048Z,buy,6.5e-07,467.0,0.00030355
GTO/BTC,1589064959660,2020-05-09T22:55:59.660Z,sell,6.4e-07,16963.0,0.01085632
GTO/BTC,1589064990063,2020-05-09T22:56:30.063Z,buy,6.5e-07,24758.0,0.0160927
GTO/BTC,1589065014401,2020-05-09T22:56:54.401Z,sell,6.4e-07,96414.0,0.06170496
GTO/BTC,1589065047535,2020-05-09T22:57:27.535Z,sell,6.4e-07,80904.0,0.05177856
GTO/BTC,1589065089345,2020-05-09T22:58:09.345Z,sell,6.4e-07,3805.0,0.0024352
GTO/BTC,1589065095568,2020-05-09T22:58:15.568Z,sell,6.4e-07,113860.0,0.0728704
GTO/BTC,1589065141661,2020-05-09T22:59:01.661Z,sell,6.4e-07,61014.0,0.03904896
GTO/BTC,1589065143480,2020-05-09T22:59:03.480Z,sell,6.4e-07,116984.0,0.07486976
GTO/BTC,1589065144189,2020-05-09T22:59:04.189Z,sell,6.4e-07,70860.0,0.0453504
GTO/BTC,1589065145457,2020-05-09T22:59:05.457Z,sell,6.4e-07,34681.0,0.02219584
GTO/BTC,1589065149073,2020-05-09T22:59:09.073Z,sell,6.4e-07,299.0,0.00019136
GTO/BTC,1589065154538,2020-05-09T22:59:14.538Z,sell,6.4e-07,48039.0,0.03074496
GTO/BTC,1589065158572,2020-05-09T22:59:18.572Z,sell,6.4e-07,4112.0,0.00263168
GTO/BTC,1589065161114,2020-05-09T22:59:21.114Z,sell,6.4e-07,10215.0,0.0065376
GTO/BTC,1589065200589,2020-05-09T23:00:00.589Z,sell,6.3e-07,1109949.0,0.69926787
GTO/BTC,1589065200600,2020-05-09T23:00:00.600Z,buy,6.3e-07,23989.0,0.01511307
GTO/BTC,1589065200601,2020-05-09T23:00:00.601Z,buy,6.3e-07,16589.0,0.01045107
GTO/BTC,1589065200735,2020-05-09T23:00:00.735Z,sell,6.3e-07,6308.0,0.00397404
GTO/BTC,1589065200738,2020-05-09T23:00:00.738Z,sell,6.3e-07,36615.0,0.02306745
GTO/BTC,1589065200751,2020-05-09T23:00:00.751Z,buy,6.3e-07,4860.0,0.0030618
GTO/BTC,1589065202824,2020-05-09T23:00:02.824Z,buy,6.3e-07,50.0,3.15e-05
GTO/BTC,1589065204074,2020-05-09T23:00:04.074Z,buy,6.3e-07,22000.0,0.01386
GTO/BTC,1589065223111,2020-05-09T23:00:23.111Z,sell,6.2e-07,225.0,0.0001395
GTO/BTC,1589065223111,2020-05-09T23:00:23.111Z,sell,6.2e-07,32786.0,0.02032732
GTO/BTC,1589065232942,2020-05-09T23:00:32.942Z,buy,6.3e-07,180260.0,0.1135638
GTO/BTC,1589065273370,2020-05-09T23:01:13.370Z,buy,6.3e-07,3075.0,0.00193725
GTO/BTC,1589065293397,2020-05-09T23:01:33.397Z,buy,6.3e-07,3075.0,0.00193725
GTO/BTC,1589065296731,2020-05-09T23:01:36.731Z,buy,6.3e-07,47.0,2.961e-05
GTO/BTC,1589065296920,2020-05-09T23:01:36.920Z,buy,6.3e-07,13788.0,0.00868644
GTO/BTC,1589065303916,2020-05-09T23:01:43.916Z,sell,6.2e-07,60171.0,0.03730602
GTO/BTC,1589065306021,2020-05-09T23:01:46.021Z,sell,6.2e-07,1989.0,0.00123318
GTO/BTC,1589065306028,2020-05-09T23:01:46.028Z,sell,6.2e-07,5969.0,0.00370078
GTO/BTC,1589065307015,2020-05-09T23:01:47.015Z,sell,6.2e-07,16834.0,0.01043708
GTO/BTC,1589065307088,2020-05-09T23:01:47.088Z,sell,6.2e-07,9335.0,0.0057877
GTO/BTC,1589065314268,2020-05-09T23:01:54.268Z,buy,6.3e-07,3019.0,0.00190197
GTO/BTC,1589065314270,2020-05-09T23:01:54.270Z,buy,6.3e-07,9072.0,0.00571536
GTO/BTC,1589065333499,2020-05-09T23:02:13.499Z,sell,6.2e-07,22224.0,0.01377888
GTO/BTC,1589065339081,2020-05-09T23:02:19.081Z,sell,6.2e-07,5950.0,0.003689
GTO/BTC,1589065380085,2020-05-09T23:03:00.085Z,buy,6.3e-07,22206.0,0.01398978
GTO/BTC,1589065380366,2020-05-09T23:03:00.366Z,buy,6.3e-07,40322.0,0.02540286
GTO/BTC,1589065380898,2020-05-09T23:03:00.898Z,buy,6.3e-07,1666.0,0.00104958
GTO/BTC,1589065381160,2020-05-09T23:03:01.160Z,buy,6.3e-07,2222.0,0.00139986
GTO/BTC,1589065382590,2020-05-09T23:03:02.590Z,buy,6.3e-07,63492.0,0.03999996
GTO/BTC,1589065386413,2020-05-09T23:03:06.413Z,buy,6.3e-07,15873.0,0.00999999
GTO/BTC,1589065386664,2020-05-09T23:03:06.664Z,buy,6.3e-07,1588.0,0.00100044
GTO/BTC,1589065388404,2020-05-09T23:03:08.404Z,buy,6.3e-07,79405.0,0.05002515
GTO/BTC,1589065388434,2020-05-09T23:03:08.434Z,sell,6.3e-07,30397.0,0.01915011
GTO/BTC,1589065389796,2020-05-09T23:03:09.796Z,buy,6.3e-07,9534.0,0.00600642
GTO/BTC,1589065389995,2020-05-09T23:03:09.995Z,buy,6.3e-07,1655.0,0.00104265
GTO/BTC,1589065395402,2020-05-09T23:03:15.402Z,sell,6.3e-07,30549.0,0.01924587
GTO/BTC,1589065397657,2020-05-09T23:03:17.657Z,buy,6.3e-07,1590.0,0.0010017
GTO/BTC,1589065398194,2020-05-09T23:03:18.194Z,buy,6.3e-07,4461.0,0.00281043
GTO/BTC,1589065399062,2020-05-09T23:03:19.062Z,buy,6.3e-07,2380.0,0.0014994
GTO/BTC,1589065400512,2020-05-09T23:03:20.512Z,buy,6.3e-07,1593.0,0.00100359
GTO/BTC,1589065400522,2020-05-09T23:03:20.522Z,buy,6.3e-07,7936.0,0.00499968
GTO/BTC,1589065400878,2020-05-09T23:03:20.878Z,buy,6.3e-07,4761.0,0.00299943
GTO/BTC,1589065402263,2020-05-09T23:03:22.263Z,buy,6.3e-07,6965.0,0.00438795
GTO/BTC,1589065402720,2020-05-09T23:03:22.720Z,buy,6.3e-07,7937.0,0.00500031
GTO/BTC,1589065403195,2020-05-09T23:03:23.195Z,buy,6.3e-07,3055.0,0.00192465
GTO/BTC,1589065403427,2020-05-09T23:03:23.427Z,buy,6.3e-07,3968.0,0.00249984
GTO/BTC,1589065407098,2020-05-09T23:03:27.098Z,buy,6.3e-07,3968.0,0.00249984
GTO/BTC,1589065407355,2020-05-09T23:03:27.355Z,sell,6.2e-07,63057.0,0.03909534
GTO/BTC,1589065409158,2020-05-09T23:03:29.158Z,buy,6.3e-07,4633.0,0.00291879
GTO/BTC,1589065409184,2020-05-09T23:03:29.184Z,sell,6.3e-07,18057.0,0.01137591
GTO/BTC,1589065420491,2020-05-09T23:03:40.491Z,buy,6.4e-07,317.0,0.00020288
GTO/BTC,1589065537940,2020-05-09T23:05:37.940Z,sell,6.3e-07,109802.0,0.06917526
GTO/BTC,1589065556786,2020-05-09T23:05:56.786Z,sell,6.3e-07,4486.0,0.00282618
GTO/BTC,1589065620366,2020-05-09T23:07:00.366Z,sell,6.3e-07,146632.0,0.09237816
GTO/BTC,1589065622557,2020-05-09T23:07:02.557Z,sell,6.3e-07,276088.0,0.17393544
GTO/BTC,1589065623753,2020-05-09T23:07:03.753Z,sell,6.3e-07,97249.0,0.06126687
GTO/BTC,1589065630752,2020-05-09T23:07:10.752Z,buy,6.3e-07,321.0,0.00020223
GTO/BTC,1589065631231,2020-05-09T23:07:11.231Z,sell,6.2e-07,5839.0,0.0036201799999999
GTO/BTC,1589065635933,2020-05-09T23:07:15.933Z,sell,6.2e-07,225192.0,0.13961904
GTO/BTC,1589065670330,2020-05-09T23:07:50.330Z,sell,6.2e-07,11988.0,0.0074325599999999
GTO/BTC,1589065684372,2020-05-09T23:08:04.372Z,sell,6.2e-07,6647.0,0.00412114
GTO/BTC,1589065847227,2020-05-09T23:10:47.227Z,sell,6.2e-07,10674.0,0.00661788
GTO/BTC,1589065865507,2020-05-09T23:11:05.507Z,buy,6.3e-07,15278.0,0.00962514
GTO/BTC,1589066013810,2020-05-09T23:13:33.810Z,buy,6.3e-07,13486.0,0.00849618
GTO/BTC,1589066120788,2020-05-09T23:15:20.788Z,buy,6.3e-07,4496.0,0.00283248
GTO/BTC,1589066120794,2020-05-09T23:15:20.794Z,sell,6.3e-07,337.0,0.00021231
GTO/BTC,1589066120799,2020-05-09T23:15:20.799Z,sell,6.3e-07,20666.0,0.01301958
GTO/BTC,1589066120806,2020-05-09T23:15:20.806Z,sell,6.3e-07,11139.0,0.00701757
GTO/BTC,1589066309828,2020-05-09T23:18:29.828Z,sell,6.3e-07,12089.0,0.00761607
GTO/BTC,1589066329561,2020-05-09T23:18:49.561Z,sell,6.3e-07,16833.0,0.01060479
GTO/BTC,1589066329564,2020-05-09T23:18:49.564Z,sell,6.3e-07,4231.0,0.00266553
GTO/BTC,1589066329566,2020-05-09T23:18:49.566Z,sell,6.3e-07,4774.0,0.00300762
GTO/BTC,1589066420396,2020-05-09T23:20:20.396Z,buy,6.3e-07,157.0,9.891e-05
GTO/BTC,1589066508021,2020-05-09T23:21:48.021Z,sell,6.2e-07,100698.0,0.06243276
GTO/BTC,1589066519882,2020-05-09T23:21:59.882Z,sell,6.2e-07,16129.0,0.00999998
GTO/BTC,1589066522860,2020-05-09T23:22:02.860Z,sell,6.2e-07,3871.0,0.00240002
GTO/BTC,1589066543732,2020-05-09T23:22:23.732Z,sell,6.2e-07,5881.0,0.00364622
GTO/BTC,1589066543777,2020-05-09T23:22:23.777Z,sell,6.2e-07,10579.0,0.00655898
GTO/BTC,1589066543819,2020-05-09T23:22:23.819Z,sell,6.2e-07,4843.0,0.00300266
GTO/BTC,1589066543821,2020-05-09T23:22:23.821Z,sell,6.2e-07,406.0,0.00025172
GTO/BTC,1589066543821,2020-05-09T23:22:23.821Z,sell,6.1e-07,2682.0,0.00163602
GTO/BTC,1589066543821,2020-05-09T23:22:23.821Z,sell,6.1e-07,1439.0,0.0008777899999999
GTO/BTC,1589066543829,2020-05-09T23:22:23.829Z,sell,6.1e-07,4687.0,0.00285907
GTO/BTC,1589066572212,2020-05-09T23:22:52.212Z,sell,6.1e-07,219652.0,0.13398772
GTO/BTC,1589066572242,2020-05-09T23:22:52.242Z,sell,6.1e-07,8389.0,0.00511729
GTO/BTC,1589066575250,2020-05-09T23:22:55.250Z,sell,6.1e-07,27780.0,0.0169458
GTO/BTC,1589066575269,2020-05-09T23:22:55.269Z,sell,6.1e-07,21966.0,0.01339926
GTO/BTC,1589066575383,2020-05-09T23:22:55.383Z,sell,6.1e-07,8389.0,0.00511729
GTO/BTC,1589066583385,2020-05-09T23:23:03.385Z,sell,6.1e-07,160464.0,0.0978830399999999
GTO/BTC,1589066590477,2020-05-09T23:23:10.477Z,buy,6.1e-07,17284.0,0.0105432399999999
GTO/BTC,1589066621876,2020-05-09T23:23:41.876Z,buy,6.1e-07,45.0,2.745e-05
GTO/BTC,1589066634796,2020-05-09T23:23:54.796Z,buy,6.1e-07,152876.0,0.09325436
GTO/BTC,1589066634805,2020-05-09T23:23:54.805Z,sell,6.1e-07,113306.0,0.06911666
GTO/BTC,1589066634807,2020-05-09T23:23:54.807Z,sell,6.1e-07,5565.0,0.00339465
GTO/BTC,1589066634808,2020-05-09T23:23:54.808Z,sell,6.1e-07,423.0,0.0002580299999999
GTO/BTC,1589066636665,2020-05-09T23:23:56.665Z,sell,6.1e-07,1855.0,0.00113155
GTO/BTC,1589066638589,2020-05-09T23:23:58.589Z,sell,6.1e-07,4863.0,0.00296643
GTO/BTC,1589066664004,2020-05-09T23:24:24.004Z,sell,6.1e-07,9534.0,0.00581574
GTO/BTC,1589066865864,2020-05-09T23:27:45.864Z,sell,6.1e-07,645237.0,0.39359457
GTO/BTC,1589066869873,2020-05-09T23:27:49.873Z,sell,6.1e-07,491.0,0.00029951
GTO/BTC,1589066886999,2020-05-09T23:28:06.999Z,sell,6.1e-07,47850.0,0.0291885
GTO/BTC,1589066912012,2020-05-09T23:28:32.012Z,buy,6.1e-07,20544.0,0.0125318399999999
GTO/BTC,1589066912031,2020-05-09T23:28:32.031Z,sell,6.1e-07,13789.0,0.00841129
GTO/BTC,1589066914828,2020-05-09T23:28:34.828Z,sell,6.1e-07,18674.0,0.01139114
GTO/BTC,1589067050822,2020-05-09T23:30:50.822Z,buy,6.2e-07,112469.0,0.06973078
GTO/BTC,1589067050831,2020-05-09T23:30:50.831Z,sell,6.2e-07,9100.0,0.005642
GTO/BTC,1589067050832,2020-05-09T23:30:50.832Z,sell,6.2e-07,86484.0,0.05362008
GTO/BTC,1589067050832,2020-05-09T23:30:50.832Z,sell,6.2e-07,304550.0,0.188821
GTO/BTC,1589067050834,2020-05-09T23:30:50.834Z,sell,6.2e-07,11111.0,0.0068888199999999
GTO/BTC,1589067050836,2020-05-09T23:30:50.836Z,sell,6.2e-07,5051.0,0.00313162
GTO/BTC,1589067050836,2020-05-09T23:30:50.836Z,sell,6.2e-07,5015.0,0.0031093
GTO/BTC,1589067050837,2020-05-09T23:30:50.837Z,sell,6.2e-07,56964.0,0.03531768
GTO/BTC,1589067050841,2020-05-09T23:30:50.841Z,sell,6.2e-07,22314.0,0.01383468
GTO/BTC,1589067050850,2020-05-09T23:30:50.850Z,sell,6.2e-07,15324.0,0.00950088
GTO/BTC,1589067050872,2020-05-09T23:30:50.872Z,sell,6.2e-07,4946.0,0.00306652
GTO/BTC,1589067050872,2020-05-09T23:30:50.872Z,sell,6.2e-07,4976.0,0.00308512
GTO/BTC,1589067050893,2020-05-09T23:30:50.893Z,sell,6.2e-07,21120.0,0.0130943999999999
GTO/BTC,1589067050906,2020-05-09T23:30:50.906Z,sell,6.2e-07,505.0,0.0003131
GTO/BTC,1589067050915,2020-05-09T23:30:50.915Z,sell,6.2e-07,4872.0,0.00302064
GTO/BTC,1589067050976,2020-05-09T23:30:50.976Z,sell,6.2e-07,10992.0,0.00681504
GTO/BTC,1589067051005,2020-05-09T23:30:51.005Z,sell,6.2e-07,6896.0,0.00427552
GTO/BTC,1589067051010,2020-05-09T23:30:51.010Z,sell,6.2e-07,18127.0,0.01123874
GTO/BTC,1589067051327,2020-05-09T23:30:51.327Z,sell,6.2e-07,104831.0,0.0649952199999999
GTO/BTC,1589067051329,2020-05-09T23:30:51.329Z,sell,6.1e-07,13283.0,0.00810263
GTO/BTC,1589067051407,2020-05-09T23:30:51.407Z,sell,6.2e-07,2257.0,0.00139934
GTO/BTC,1589067051583,2020-05-09T23:30:51.583Z,sell,6.2e-07,21293.0,0.01320166
GTO/BTC,1589067068452,2020-05-09T23:31:08.452Z,buy,6.2e-07,9696.0,0.00601152
GTO/BTC,1589067068459,2020-05-09T23:31:08.459Z,sell,6.2e-07,34488.0,0.02138256
GTO/BTC,1589067099076,2020-05-09T23:31:39.076Z,sell,6.2e-07,11984.0,0.0074300799999999
GTO/BTC,1589067108787,2020-05-09T23:31:48.787Z,buy,6.2e-07,8453.0,0.00524086
GTO/BTC,1589067115111,2020-05-09T23:31:55.111Z,sell,6.2e-07,13331.0,0.00826522
GTO/BTC,1589067136077,2020-05-09T23:32:16.077Z,buy,6.3e-07,103303.0,0.06508089
GTO/BTC,1589067141726,2020-05-09T23:32:21.726Z,buy,6.3e-07,39595.0,0.02494485
GTO/BTC,1589067141735,2020-05-09T23:32:21.735Z,sell,6.3e-07,168983.0,0.10645929
GTO/BTC,1589067141741,2020-05-09T23:32:21.741Z,sell,6.3e-07,4817.0,0.00303471
GTO/BTC,1589067141742,2020-05-09T23:32:21.742Z,sell,6.3e-07,4925.0,0.00310275
GTO/BTC,1589067141743,2020-05-09T23:32:21.743Z,sell,6.3e-07,10276.0,0.00647388
GTO/BTC,1589067141745,2020-05-09T23:32:21.745Z,buy,6.4e-07,50.0,3.2e-05
GTO/BTC,1589067141771,2020-05-09T23:32:21.771Z,sell,6.3e-07,4856.0,0.00305928
GTO/BTC,1589067141801,2020-05-09T23:32:21.801Z,sell,6.3e-07,13266.0,0.00835758
GTO/BTC,1589067141834,2020-05-09T23:32:21.834Z,sell,6.3e-07,4158.0,0.00261954
GTO/BTC,1589067142633,2020-05-09T23:32:22.633Z,buy,6.4e-07,313.0,0.00020032
GTO/BTC,1589067150551,2020-05-09T23:32:30.551Z,buy,6.4e-07,26707.0,0.01709248
GTO/BTC,1589067155264,2020-05-09T23:32:35.264Z,sell,6.3e-07,12886.0,0.00811818
GTO/BTC,1589067167812,2020-05-09T23:32:47.812Z,sell,6.3e-07,20785.0,0.01309455
GTO/BTC,1589067289985,2020-05-09T23:34:49.985Z,sell,6.3e-07,19904.0,0.01253952
GTO/BTC,1589067307470,2020-05-09T23:35:07.470Z,sell,6.3e-07,21762.0,0.01371006
GTO/BTC,1589067317250,2020-05-09T23:35:17.250Z,buy,6.4e-07,173.0,0.00011072
GTO/BTC,1589067344984,2020-05-09T23:35:44.984Z,sell,6.3e-07,6913.0,0.00435519
GTO/BTC,1589067482343,2020-05-09T23:38:02.343Z,sell,6.3e-07,33454.0,0.02107602
GTO/BTC,1589067548222,2020-05-09T23:39:08.222Z,sell,6.3e-07,162.0,0.00010206
GTO/BTC,1589067650493,2020-05-09T23:40:50.493Z,sell,6.3e-07,21245.0,0.01338435
GTO/BTC,1589067699808,2020-05-09T23:41:39.808Z,sell,6.3e-07,96429.0,0.06075027
GTO/BTC,1589067745387,2020-05-09T23:42:25.387Z,buy,6.4e-07,157.0,0.00010048
GTO/BTC,1589067747912,2020-05-09T23:42:27.912Z,sell,6.3e-07,10892.0,0.00686196
GTO/BTC,1589067791167,2020-05-09T23:43:11.167Z,sell,6.3e-07,280050.0,0.1764315
GTO/BTC,1589067798281,2020-05-09T23:43:18.281Z,buy,6.4e-07,157.0,0.00010048
GTO/BTC,1589067808261,2020-05-09T23:43:28.261Z,buy,6.4e-07,21448.0,0.01372672
GTO/BTC,1589067816133,2020-05-09T23:43:36.133Z,sell,6.3e-07,5051.0,0.00318213
GTO/BTC,1589067820180,2020-05-09T23:43:40.180Z,sell,6.3e-07,4041.0,0.00254583
GTO/BTC,1589067820211,2020-05-09T23:43:40.211Z,sell,6.3e-07,16166.0,0.01018458
GTO/BTC,1589067820211,2020-05-09T23:43:40.211Z,sell,6.3e-07,16166.0,0.01018458
GTO/BTC,1589068038206,2020-05-09T23:47:18.206Z,buy,6.3e-07,19120.0,0.0120456
GTO/BTC,1589068179699,2020-05-09T23:49:39.699Z,buy,6.4e-07,874.0,0.00055936
GTO/BTC,1589068186503,2020-05-09T23:49:46.503Z,buy,6.4e-07,876.0,0.00056064
GTO/BTC,1589068193472,2020-05-09T23:49:53.472Z,buy,6.4e-07,1759.0,0.00112576
GTO/BTC,1589068203821,2020-05-09T23:50:03.821Z,sell,6.3e-07,19219.0,0.01210797
GTO/BTC,1589068231352,2020-05-09T23:50:31.352Z,sell,6.3e-07,1627.0,0.00102501
GTO/BTC,1589068418467,2020-05-09T23:53:38.467Z,buy,6.4e-07,981.0,0.00062784
GTO/BTC,1589068591370,2020-05-09T23:56:31.370Z,sell,6.3e-07,92051.0,0.05799213
GTO/BTC,1589068591377,2020-05-09T23:56:31.377Z,buy,6.3e-07,26106.0,0.01644678
GTO/BTC,1589068591382,2020-05-09T23:56:31.382Z,buy,6.3e-07,3311.0,0.00208593
GTO/BTC,1589068591508,2020-05-09T23:56:31.508Z,sell,6.3e-07,16802.0,0.01058526
GTO/BTC,1589068599915,2020-05-09T23:56:39.915Z,buy,6.3e-07,18498.0,0.01165374
GTO/BTC,1589068599929,2020-05-09T23:56:39.929Z,sell,6.3e-07,14954.0,0.00942102
GTO/BTC,1589068600069,2020-05-09T23:56:40.069Z,sell,6.3e-07,3699.0,0.00233037
GTO/BTC,1589068600153,2020-05-09T23:56:40.153Z,sell,6.3e-07,7627.0,0.00480501
GTO/BTC,1589068608032,2020-05-09T23:56:48.032Z,sell,6.3e-07,4855.0,0.00305865
GTO/BTC,1589068608037,2020-05-09T23:56:48.037Z,sell,6.3e-07,2317.0,0.00145971
GTO/BTC,1589068608038,2020-05-09T23:56:48.038Z,sell,6.2e-07,13289.0,0.00823918
GTO/BTC,1589068608038,2020-05-09T23:56:48.038Z,sell,6.2e-07,19498.0,0.01208876
GTO/BTC,1589068608044,2020-05-09T23:56:48.044Z,sell,6.2e-07,4708.0,0.00291896
GTO/BTC,1589068618252,2020-05-09T23:56:58.252Z,sell,6.2e-07,16779.0,0.01040298
GTO/BTC,1589068935180,2020-05-10T00:02:15.180Z,sell,6.2e-07,28910.0,0.0179242
GTO/BTC,1589068990631,2020-05-10T00:03:10.631Z,sell,6.2e-07,33418.0,0.02071916
GTO/BTC,1589068993815,2020-05-10T00:03:13.815Z,sell,6.2e-07,43931.0,0.02723722
GTO/BTC,1589069059828,2020-05-10T00:04:19.828Z,buy,6.3e-07,1522.0,0.00095886
GTO/BTC,1589069115109,2020-05-10T00:05:15.109Z,buy,6.3e-07,20238.0,0.01274994
GTO/BTC,1589069118124,2020-05-10T00:05:18.124Z,buy,6.3e-07,13885.0,0.00874755
GTO/BTC,1589069127358,2020-05-10T00:05:27.358Z,buy,6.4e-07,157.0,0.00010048
GTO/BTC,1589069134245,2020-05-10T00:05:34.245Z,buy,6.4e-07,157.0,0.00010048
GTO/BTC,1589069139739,2020-05-10T00:05:39.739Z,buy,6.4e-07,2970.0,0.0019008
GTO/BTC,1589069191423,2020-05-10T00:06:31.423Z,sell,6.3e-07,25630.0,0.0161469
GTO/BTC,1589069191524,2020-05-10T00:06:31.524Z,sell,6.3e-07,3892.0,0.00245196
GTO/BTC,1589069203572,2020-05-10T00:06:43.572Z,buy,6.3e-07,159.0,0.00010017
GTO/BTC,1589069442514,2020-05-10T00:10:42.514Z,sell,6.2e-07,101358.0,0.06284196
GTO/BTC,1589069624795,2020-05-10T00:13:44.795Z,sell,6.2e-07,21426.0,0.01328412
GTO/BTC,1589069662140,2020-05-10T00:14:22.140Z,sell,6.2e-07,575.0,0.0003565
GTO/BTC,1589069712315,2020-05-10T00:15:12.315Z,buy,6.3e-07,6218.0,0.00391734
GTO/BTC,1589069720524,2020-05-10T00:15:20.524Z,buy,6.3e-07,17372.0,0.01094436
GTO/BTC,1589069722117,2020-05-10T00:15:22.117Z,buy,6.3e-07,10863.0,0.00684369
GTO/BTC,1589069724072,2020-05-10T00:15:24.072Z,buy,6.3e-07,13263.0,0.00835569
GTO/BTC,1589069724830,2020-05-10T00:15:24.830Z,buy,6.3e-07,23814.0,0.01500282
GTO/BTC,1589069731332,2020-05-10T00:15:31.332Z,buy,6.3e-07,17504.0,0.01102752
GTO/BTC,1589069736640,2020-05-10T00:15:36.640Z,buy,6.3e-07,4736.0,0.00298368
GTO/BTC,1589069739994,2020-05-10T00:15:39.994Z,buy,6.3e-07,7949.0,0.00500787
GTO/BTC,1589069740011,2020-05-10T00:15:40.011Z,buy,6.3e-07,5177.0,0.00326151
GTO/BTC,1589069741436,2020-05-10T00:15:41.436Z,buy,6.3e-07,2129.0,0.00134127
GTO/BTC,1589069742900,2020-05-10T00:15:42.900Z,sell,6.2e-07,203283.0,0.12603546
GTO/BTC,1589069742900,2020-05-10T00:15:42.900Z,sell,6.1e-07,767596.0,0.46823356
GTO/BTC,1589069742900,2020-05-10T00:15:42.900Z,sell,6e-07,519694.0,0.3118164
GTO/BTC,1589069742900,2020-05-10T00:15:42.900Z,sell,5.9e-07,45243.0,0.0266933699999999
GTO/BTC,1589069742900,2020-05-10T00:15:42.900Z,sell,5.9e-07,2724.0,0.0016071599999999
GTO/BTC,1589069742900,2020-05-10T00:15:42.900Z,sell,5.9e-07,5031.0,0.0029682899999999
GTO/BTC,1589069742900,2020-05-10T00:15:42.900Z,sell,5.9e-07,8919.0,0.00526221
GTO/BTC,1589069742900,2020-05-10T00:15:42.900Z,sell,5.9e-07,6300.0,0.003717
GTO/BTC,1589069742900,2020-05-10T00:15:42.900Z,sell,5.9e-07,1576.0,0.0009298399999999
GTO/BTC,1589069742900,2020-05-10T00:15:42.900Z,sell,5.9e-07,928.0,0.00054752
GTO/BTC,1589069742900,2020-05-10T00:15:42.900Z,sell,5.9e-07,2229.0,0.00131511
GTO/BTC,1589069742900,2020-05-10T00:15:42.900Z,sell,5.9e-07,2532.0,0.00149388
GTO/BTC,1589069742900,2020-05-10T00:15:42.900Z,sell,5.9e-07,703.0,0.0004147699999999
GTO/BTC,1589069742900,2020-05-10T00:15:42.900Z,sell,5.9e-07,3474.0,0.00204966
GTO/BTC,1589069742900,2020-05-10T00:15:42.900Z,sell,5.9e-07,1173.0,0.0006920699999999
GTO/BTC,1589069742900,2020-05-10T00:15:42.900Z,sell,5.9e-07,2071.0,0.00122189
GTO/BTC,1589069742900,2020-05-10T00:15:42.900Z,sell,5.9e-07,12495.0,0.00737205
GTO/BTC,1589069742900,2020-05-10T00:15:42.900Z,sell,5.9e-07,1626.0,0.0009593399999999
GTO/BTC,1589069742900,2020-05-10T00:15:42.900Z,sell,5.9e-07,2208.0,0.0013027199999999
GTO/BTC,1589069742900,2020-05-10T00:15:42.900Z,sell,5.9e-07,3727.0,0.00219893
GTO/BTC,1589069742900,2020-05-10T00:15:42.900Z,sell,5.9e-07,3532.0,0.0020838799999999
GTO/BTC,1589069742900,2020-05-10T00:15:42.900Z,sell,5.9e-07,43270.0,0.0255292999999999
GTO/BTC,1589069742900,2020-05-10T00:15:42.900Z,sell,5.9e-07,2221.0,0.0013103899999999
GTO/BTC,1589069742900,2020-05-10T00:15:42.900Z,sell,5.9e-07,2532.0,0.00149388
GTO/BTC,1589069742900,2020-05-10T00:15:42.900Z,sell,5.9e-07,5820.0,0.0034338
GTO/BTC,1589069742900,2020-05-10T00:15:42.900Z,sell,5.9e-07,69580.0,0.0410522
GTO/BTC,1589069744175,2020-05-10T00:15:44.175Z,buy,6e-07,743895.0,0.446337
GTO/BTC,1589069744728,2020-05-10T00:15:44.728Z,sell,6.2e-07,4123.0,0.00255626
GTO/BTC,1589069745451,2020-05-10T00:15:45.451Z,sell,6.2e-07,8826.0,0.00547212
GTO/BTC,1589069746439,2020-05-10T00:15:46.439Z,buy,6.1e-07,3652.0,0.00222772
GTO/BTC,1589069746441,2020-05-10T00:15:46.441Z,buy,6.1e-07,1996.0,0.00121756
GTO/BTC,1589069747495,2020-05-10T00:15:47.495Z,buy,6.2e-07,4944.0,0.00306528
GTO/BTC,1589069751087,2020-05-10T00:15:51.087Z,sell,6.1e-07,27851.0,0.0169891099999999
GTO/BTC,1589069751841,2020-05-10T00:15:51.841Z,buy,6.1e-07,33922.0,0.02069242
GTO/BTC,1589069751961,2020-05-10T00:15:51.961Z,buy,6.1e-07,24469.0,0.01492609
GTO/BTC,1589069752038,2020-05-10T00:15:52.038Z,buy,6.1e-07,5403.0,0.00329583
GTO/BTC,1589069752044,2020-05-10T00:15:52.044Z,buy,6.1e-07,169.0,0.0001030899999999
GTO/BTC,1589069752074,2020-05-10T00:15:52.074Z,buy,6.1e-07,20256.0,0.01235616
GTO/BTC,1589069752168,2020-05-10T00:15:52.168Z,buy,6.1e-07,4196.0,0.00255956
GTO/BTC,1589069752475,2020-05-10T00:15:52.475Z,buy,6.1e-07,15290.0,0.0093268999999999
GTO/BTC,1589069752789,2020-05-10T00:15:52.789Z,buy,6.1e-07,6871.0,0.00419131
GTO/BTC,1589069753653,2020-05-10T00:15:53.653Z,buy,6.1e-07,4186.0,0.00255346
GTO/BTC,1589069755791,2020-05-10T00:15:55.791Z,sell,6e-07,1000.0,0.0006
GTO/BTC,1589069761375,2020-05-10T00:16:01.375Z,sell,6e-07,2711.0,0.0016266
GTO/BTC,1589069778759,2020-05-10T00:16:18.759Z,sell,6e-07,4235.0,0.002541
GTO/BTC,1589069780064,2020-05-10T00:16:20.064Z,sell,6e-07,2380.0,0.001428
GTO/BTC,1589069785777,2020-05-10T00:16:25.777Z,sell,6e-07,38859.0,0.0233154
GTO/BTC,1589069787173,2020-05-10T00:16:27.173Z,buy,6.1e-07,84705.0,0.0516700499999999
GTO/BTC,1589069790247,2020-05-10T00:16:30.247Z,sell,6e-07,6062.0,0.0036371999999999
GTO/BTC,1589069790613,2020-05-10T00:16:30.613Z,sell,6e-07,518.0,0.0003107999999999
GTO/BTC,1589069796105,2020-05-10T00:16:36.105Z,buy,6.1e-07,11971.0,0.00730231
GTO/BTC,1589069816485,2020-05-10T00:16:56.485Z,buy,6.1e-07,8978.0,0.00547658
GTO/BTC,1589069833794,2020-05-10T00:17:13.794Z,buy,6.1e-07,10159.0,0.0061969899999999
GTO/BTC,1589069839614,2020-05-10T00:17:19.614Z,buy,6.1e-07,11462.0,0.00699182
GTO/BTC,1589069841479,2020-05-10T00:17:21.479Z,buy,6.1e-07,4975.0,0.00303475
GTO/BTC,1589069843011,2020-05-10T00:17:23.011Z,buy,6.1e-07,2675.0,0.00163175
GTO/BTC,1589069846025,2020-05-10T00:17:26.025Z,buy,6.1e-07,49015.0,0.02989915
GTO/BTC,1589069846362,2020-05-10T00:17:26.362Z,buy,6.1e-07,560.0,0.0003416
GTO/BTC,1589069846914,2020-05-10T00:17:26.914Z,sell,6.1e-07,5103.0,0.00311283
GTO/BTC,1589069849013,2020-05-10T00:17:29.013Z,buy,6.1e-07,3673.0,0.00224053
GTO/BTC,1589069851958,2020-05-10T00:17:31.958Z,buy,6.1e-07,7923.0,0.0048330299999999
GTO/BTC,1589069851958,2020-05-10T00:17:31.958Z,buy,6.2e-07,5145.0,0.0031899
GTO/BTC,1589069868342,2020-05-10T00:17:48.342Z,buy,6.2e-07,7011.0,0.00434682
GTO/BTC,1589069868343,2020-05-10T00:17:48.343Z,buy,6.2e-07,4290.0,0.0026598
GTO/BTC,1589069868345,2020-05-10T00:17:48.345Z,buy,6.2e-07,1878.0,0.00116436
GTO/BTC,1589069873009,2020-05-10T00:17:53.009Z,buy,6.2e-07,2713.0,0.00168206
GTO/BTC,1589069881333,2020-05-10T00:18:01.333Z,buy,6.2e-07,6928.0,0.00429536
GTO/BTC,1589069882922,2020-05-10T00:18:02.922Z,sell,6.1e-07,15239.0,0.00929579
GTO/BTC,1589069882952,2020-05-10T00:18:02.952Z,buy,6.2e-07,8344.0,0.00517328
GTO/BTC,1589069925281,2020-05-10T00:18:45.281Z,buy,6.2e-07,1873.0,0.00116126
GTO/BTC,1589069938059,2020-05-10T00:18:58.059Z,buy,6.2e-07,15574.0,0.00965588
GTO/BTC,1589069957059,2020-05-10T00:19:17.059Z,buy,6.2e-07,15000.0,0.0093
GTO/BTC,1589069970318,2020-05-10T00:19:30.318Z,buy,6.2e-07,1514.0,0.00093868
GTO/BTC,1589070010776,2020-05-10T00:20:10.776Z,sell,6.1e-07,412.0,0.0002513199999999
GTO/BTC,1589070022918,2020-05-10T00:20:22.918Z,buy,6.2e-07,10056.0,0.00623472
GTO/BTC,1589070030727,2020-05-10T00:20:30.727Z,buy,6.2e-07,4300.0,0.002666
GTO/BTC,1589070031324,2020-05-10T00:20:31.324Z,buy,6.2e-07,4147.0,0.00257114
GTO/BTC,1589070067883,2020-05-10T00:21:07.883Z,buy,6.2e-07,6881.0,0.00426622
GTO/BTC,1589070071913,2020-05-10T00:21:11.913Z,buy,6.2e-07,6885.0,0.0042687
GTO/BTC,1589070073288,2020-05-10T00:21:13.288Z,buy,6.2e-07,2069.0,0.00128278
GTO/BTC,1589070073929,2020-05-10T00:21:13.929Z,buy,6.2e-07,13094.0,0.00811828
GTO/BTC,1589070074314,2020-05-10T00:21:14.314Z,buy,6.2e-07,365574.0,0.22665588
GTO/BTC,1589070074958,2020-05-10T00:21:14.958Z,buy,6.2e-07,14794.0,0.00917228
GTO/BTC,1589070077018,2020-05-10T00:21:17.018Z,sell,6.2e-07,14795.0,0.0091729
GTO/BTC,1589070080493,2020-05-10T00:21:20.493Z,sell,6.2e-07,7846.0,0.00486452
GTO/BTC,1589070081446,2020-05-10T00:21:21.446Z,sell,6.2e-07,6194.0,0.00384028
GTO/BTC,1589070089987,2020-05-10T00:21:29.987Z,sell,6.2e-07,4955.0,0.0030721
GTO/BTC,1589070119173,2020-05-10T00:21:59.173Z,buy,6.2e-07,48.0,2.976e-05
GTO/BTC,1589070124391,2020-05-10T00:22:04.391Z,sell,6.1e-07,26798.0,0.0163467799999999
GTO/BTC,1589070140720,2020-05-10T00:22:20.720Z,sell,6.1e-07,13205.0,0.00805505
GTO/BTC,1589070141063,2020-05-10T00:22:21.063Z,sell,6.1e-07,11493.0,0.00701073
GTO/BTC,1589070141199,2020-05-10T00:22:21.199Z,sell,6.1e-07,6784.0,0.00413824
GTO/BTC,1589070141590,2020-05-10T00:22:21.590Z,sell,6.1e-07,12160.0,0.0074176
GTO/BTC,1589070141590,2020-05-10T00:22:21.590Z,sell,6e-07,884.0,0.0005304
GTO/BTC,1589070144033,2020-05-10T00:22:24.033Z,sell,6.1e-07,1944.0,0.00118584
GTO/BTC,1589070160847,2020-05-10T00:22:40.847Z,sell,6.1e-07,491.0,0.00029951
GTO/BTC,1589070165608,2020-05-10T00:22:45.608Z,sell,6.1e-07,315.0,0.0001921499999999
GTO/BTC,1589070165957,2020-05-10T00:22:45.957Z,sell,6.1e-07,13110.0,0.0079971
GTO/BTC,1589070170133,2020-05-10T00:22:50.133Z,sell,6e-07,6714.0,0.0040284
GTO/BTC,1589070181571,2020-05-10T00:23:01.571Z,sell,6e-07,3868.0,0.0023208
GTO/BTC,1589070194983,2020-05-10T00:23:14.983Z,buy,6.1e-07,14162.0,0.00863882
GTO/BTC,1589070201606,2020-05-10T00:23:21.606Z,sell,6e-07,2436.0,0.0014616
GTO/BTC,1589070208684,2020-05-10T00:23:28.684Z,buy,6.1e-07,521.0,0.0003178099999999
GTO/BTC,1589070211674,2020-05-10T00:23:31.674Z,buy,6.1e-07,14162.0,0.00863882
GTO/BTC,1589070227049,2020-05-10T00:23:47.049Z,buy,6.1e-07,3249.0,0.00198189
GTO/BTC,1589070231036,2020-05-10T00:23:51.036Z,buy,6.1e-07,14162.0,0.00863882
GTO/BTC,1589070249205,2020-05-10T00:24:09.205Z,sell,6e-07,97760.0,0.058656
GTO/BTC,1589070250660,2020-05-10T00:24:10.660Z,buy,6e-07,26286.0,0.0157716
GTO/BTC,1589070251580,2020-05-10T00:24:11.580Z,sell,5.9e-07,15889.0,0.0093745099999999
GTO/BTC,1589070253765,2020-05-10T00:24:13.765Z,buy,6e-07,5400.0,0.00324
GTO/BTC,1589070254680,2020-05-10T00:24:14.680Z,buy,6e-07,5191.0,0.0031146
GTO/BTC,1589070255181,2020-05-10T00:24:15.181Z,buy,6e-07,3373.0,0.0020238
GTO/BTC,1589070255645,2020-05-10T00:24:15.645Z,buy,6e-07,1832.0,0.0010992
GTO/BTC,1589070257067,2020-05-10T00:24:17.067Z,buy,6e-07,5175.0,0.0031049999999999
GTO/BTC,1589070266670,2020-05-10T00:24:26.670Z,buy,6.1e-07,14162.0,0.00863882
GTO/BTC,1589070270935,2020-05-10T00:24:30.935Z,sell,6e-07,3309.0,0.0019854
GTO/BTC,1589070271988,2020-05-10T00:24:31.988Z,sell,6e-07,816.0,0.0004896
GTO/BTC,1589070271988,2020-05-10T00:24:31.988Z,sell,5.9e-07,3920.0,0.0023128
GTO/BTC,1589070273539,2020-05-10T00:24:33.539Z,sell,6e-07,5136.0,0.0030816
GTO/BTC,1589070274062,2020-05-10T00:24:34.062Z,sell,6e-07,760.0,0.0004559999999999
GTO/BTC,1589070274225,2020-05-10T00:24:34.225Z,sell,5.9e-07,5118.0,0.0030196199999999
GTO/BTC,1589070275783,2020-05-10T00:24:35.783Z,sell,6e-07,5205.0,0.003123
GTO/BTC,1589070276710,2020-05-10T00:24:36.710Z,sell,6e-07,5191.0,0.0031146
GTO/BTC,1589070277444,2020-05-10T00:24:37.444Z,sell,6e-07,3431.0,0.0020586
GTO/BTC,1589070277444,2020-05-10T00:24:37.444Z,sell,5.9e-07,1744.0,0.00102896
GTO/BTC,1589070280469,2020-05-10T00:24:40.469Z,sell,6e-07,15095.0,0.0090569999999999
GTO/BTC,1589070283175,2020-05-10T00:24:43.175Z,buy,6e-07,17376.0,0.0104256
GTO/BTC,1589070283568,2020-05-10T00:24:43.568Z,sell,6e-07,4624.0,0.0027743999999999
GTO/BTC,1589070285565,2020-05-10T00:24:45.565Z,buy,6.1e-07,1367.0,0.00083387
GTO/BTC,1589070335446,2020-05-10T00:25:35.446Z,buy,6.1e-07,53.0,3.233e-05
GTO/BTC,1589070409190,2020-05-10T00:26:49.190Z,buy,6.1e-07,54.0,3.294e-05
GTO/BTC,1589070484796,2020-05-10T00:28:04.796Z,buy,6.1e-07,26222.0,0.01599542
GTO/BTC,1589070484796,2020-05-10T00:28:04.796Z,buy,6.2e-07,30295.0,0.0187828999999999
GTO/BTC,1589070489509,2020-05-10T00:28:09.509Z,buy,6.2e-07,193.0,0.00011966
GTO/BTC,1589070493282,2020-05-10T00:28:13.282Z,buy,6.2e-07,193.0,0.00011966
GTO/BTC,1589070494385,2020-05-10T00:28:14.385Z,buy,6.2e-07,93935.0,0.0582397
GTO/BTC,1589070494620,2020-05-10T00:28:14.620Z,sell,6.2e-07,2034.0,0.00126108
GTO/BTC,1589070500234,2020-05-10T00:28:20.234Z,sell,6.2e-07,3068.0,0.00190216
GTO/BTC,1589070500375,2020-05-10T00:28:20.375Z,sell,6.2e-07,4778.0,0.00296236
GTO/BTC,1589070500473,2020-05-10T00:28:20.473Z,sell,6.2e-07,1774.0,0.00109988
GTO/BTC,1589070500772,2020-05-10T00:28:20.772Z,sell,6.2e-07,5115.0,0.0031713
GTO/BTC,1589070501018,2020-05-10T00:28:21.018Z,sell,6.2e-07,307.0,0.00019034
GTO/BTC,1589070501179,2020-05-10T00:28:21.179Z,sell,6.2e-07,4482.0,0.00277884
GTO/BTC,1589070502320,2020-05-10T00:28:22.320Z,sell,6.2e-07,5371.0,0.00333002
GTO/BTC,1589070503381,2020-05-10T00:28:23.381Z,buy,6.3e-07,159.0,0.00010017
GTO/BTC,1589070503619,2020-05-10T00:28:23.619Z,sell,6.2e-07,5211.0,0.00323082
GTO/BTC,1589070520301,2020-05-10T00:28:40.301Z,buy,6.3e-07,193.0,0.00012159
GTO/BTC,1589070523896,2020-05-10T00:28:43.896Z,buy,6.3e-07,159.0,0.00010017
GTO/BTC,1589070535092,2020-05-10T00:28:55.092Z,buy,6.3e-07,190.0,0.0001197
GTO/BTC,1589070536602,2020-05-10T00:28:56.602Z,sell,6.2e-07,43339.0,0.02687018
GTO/BTC,1589070536608,2020-05-10T00:28:56.608Z,sell,6.2e-07,13965.0,0.0086583
GTO/BTC,1589070538807,2020-05-10T00:28:58.807Z,sell,6.2e-07,8743.0,0.00542066
GTO/BTC,1589070550509,2020-05-10T00:29:10.509Z,sell,6.2e-07,578.0,0.00035836
