symbol,timestamp,datetime,side,price,amount,btc_volume
GTO/BTC,1603382485958,2020-10-22T16:01:25.958Z,sell,5.2e-07,4900.0,0.002548
GTO/BTC,1603382510698,2020-10-22T16:01:50.698Z,buy,5.3e-07,361341.0,0.19151073
GTO/BTC,1603382594368,2020-10-22T16:03:14.368Z,sell,5.3e-07,37922.0,0.02009866
GTO/BTC,1603382982225,2020-10-22T16:09:42.225Z,buy,5.4e-07,55.0,2.97e-05
GTO/BTC,1603382999561,2020-10-22T16:09:59.561Z,sell,5.3e-07,590.0,0.0003127
GTO/BTC,1603383167222,2020-10-22T16:12:47.222Z,sell,5.3e-07,10989.0,0.00582417
GTO/BTC,1603383465537,2020-10-22T16:17:45.537Z,buy,5.3e-07,3475.0,0.00184175
GTO/BTC,1603383469070,2020-10-22T16:17:49.070Z,buy,5.3e-07,485.0,0.00025705
GTO/BTC,1603383780166,2020-10-22T16:23:00.166Z,buy,5.3e-07,17628.0,0.00934284
GTO/BTC,1603383816257,2020-10-22T16:23:36.257Z,buy,5.3e-07,445.0,0.00023585
GTO/BTC,1603383880473,2020-10-22T16:24:40.473Z,buy,5.3e-07,618.0,0.00032754
GTO/BTC,1603384722184,2020-10-22T16:38:42.184Z,sell,5.3e-07,1365.0,0.00072345
GTO/BTC,1603384848499,2020-10-22T16:40:48.499Z,buy,5.4e-07,92593.0,0.05000022
GTO/BTC,1603385005543,2020-10-22T16:43:25.543Z,sell,5.3e-07,4070.0,0.0021571
GTO/BTC,1603385923955,2020-10-22T16:58:43.955Z,sell,5.2e-07,310795.0,0.1616134
GTO/BTC,1603385923955,2020-10-22T16:58:43.955Z,sell,5.2e-07,310795.0,0.1616134
GTO/BTC,1603386410793,2020-10-22T17:06:50.793Z,sell,5.2e-07,450.0,0.000234
GTO/BTC,1603387084586,2020-10-22T17:18:04.586Z,buy,5.3e-07,200.0,0.000106
GTO/BTC,1603388689794,2020-10-22T17:44:49.794Z,sell,5.2e-07,23186.0,0.01205672
GTO/BTC,1603389056835,2020-10-22T17:50:56.835Z,buy,5.3e-07,37869.0,0.02007057
GTO/BTC,1603389152847,2020-10-22T17:52:32.847Z,buy,5.3e-07,9689.0,0.00513517
GTO/BTC,1603389152847,2020-10-22T17:52:32.847Z,buy,5.3e-07,9689.0,0.00513517
GTO/BTC,1603389539890,2020-10-22T17:58:59.890Z,buy,5.3e-07,9151.0,0.00485003
GTO/BTC,1603389732091,2020-10-22T18:02:12.091Z,buy,5.3e-07,194692.0,0.10318676
GTO/BTC,1603389732091,2020-10-22T18:02:12.091Z,buy,5.4e-07,5308.0,0.00286632
GTO/BTC,1603389829542,2020-10-22T18:03:49.542Z,sell,5.3e-07,2376.0,0.00125928
GTO/BTC,1603390032359,2020-10-22T18:07:12.359Z,sell,5.3e-07,373.0,0.00019769
GTO/BTC,1603390230875,2020-10-22T18:10:30.875Z,sell,5.3e-07,1403.0,0.00074359
GTO/BTC,1603390234741,2020-10-22T18:10:34.741Z,sell,5.3e-07,1403.0,0.00074359
GTO/BTC,1603390239217,2020-10-22T18:10:39.217Z,sell,5.3e-07,2376.0,0.00125928
GTO/BTC,1603390239385,2020-10-22T18:10:39.385Z,sell,5.3e-07,373.0,0.00019769
GTO/BTC,1603390283789,2020-10-22T18:11:23.789Z,sell,5.3e-07,4152.0,0.00220056
GTO/BTC,1603390631213,2020-10-22T18:17:11.213Z,sell,5.3e-07,38542.0,0.02042726
GTO/BTC,1603390752701,2020-10-22T18:19:12.701Z,buy,5.3e-07,12160.0,0.0064448
GTO/BTC,1603391506086,2020-10-22T18:31:46.086Z,buy,5.3e-07,6119.0,0.00324307
GTO/BTC,1603391672009,2020-10-22T18:34:32.009Z,buy,5.3e-07,2497.0,0.00132341
GTO/BTC,1603391719505,2020-10-22T18:35:19.505Z,buy,5.3e-07,6631.0,0.00351443
GTO/BTC,1603392013574,2020-10-22T18:40:13.574Z,buy,5.3e-07,1432.0,0.00075896
GTO/BTC,1603392013574,2020-10-22T18:40:13.574Z,buy,5.3e-07,1432.0,0.00075896
GTO/BTC,1603393268230,2020-10-22T19:01:08.230Z,sell,5.2e-07,27658.0,0.01438216
GTO/BTC,1603394417922,2020-10-22T19:20:17.922Z,sell,5.2e-07,15794.0,0.00821288
GTO/BTC,1603394417922,2020-10-22T19:20:17.922Z,sell,5.2e-07,15794.0,0.00821288
GTO/BTC,1603396100081,2020-10-22T19:48:20.081Z,sell,5.2e-07,30836.0,0.01603472
GTO/BTC,1603397456387,2020-10-22T20:10:56.387Z,sell,5.2e-07,6870.0,0.0035724
GTO/BTC,1603397456387,2020-10-22T20:10:56.387Z,sell,5.2e-07,6870.0,0.0035724
GTO/BTC,1603398270594,2020-10-22T20:24:30.594Z,sell,5.2e-07,879.0,0.00045708
GTO/BTC,1603399170563,2020-10-22T20:39:30.563Z,sell,5.2e-07,15247.0,0.00792844
GTO/BTC,1603399451500,2020-10-22T20:44:11.500Z,buy,5.3e-07,900.0,0.000477
GTO/BTC,1603399492471,2020-10-22T20:44:52.471Z,buy,5.3e-07,108534.0,0.05752302
GTO/BTC,1603400065008,2020-10-22T20:54:25.008Z,buy,5.3e-07,10123.0,0.00536519
GTO/BTC,1603400184504,2020-10-22T20:56:24.504Z,buy,5.3e-07,9779.0,0.00518287
GTO/BTC,1603400184504,2020-10-22T20:56:24.504Z,buy,5.3e-07,9779.0,0.00518287
GTO/BTC,1603401156108,2020-10-22T21:12:36.108Z,sell,5.2e-07,30734.0,0.01598168
GTO/BTC,1603403364922,2020-10-22T21:49:24.922Z,sell,5.2e-07,6557.0,0.00340964
GTO/BTC,1603403364922,2020-10-22T21:49:24.922Z,sell,5.2e-07,6557.0,0.00340964
GTO/BTC,1603404347215,2020-10-22T22:05:47.215Z,sell,5.2e-07,1432.0,0.00074464
GTO/BTC,1603404354538,2020-10-22T22:05:54.538Z,sell,5.2e-07,1477.0,0.00076804
GTO/BTC,1603404558441,2020-10-22T22:09:18.441Z,sell,5.2e-07,2967.0,0.00154284
GTO/BTC,1603404911592,2020-10-22T22:15:11.592Z,buy,5.3e-07,189.0,0.00010017
GTO/BTC,1603404931311,2020-10-22T22:15:31.311Z,sell,5.2e-07,12454.0,0.00647608
GTO/BTC,1603404931311,2020-10-22T22:15:31.311Z,sell,5.2e-07,12454.0,0.00647608
GTO/BTC,1603406973315,2020-10-22T22:49:33.315Z,sell,5.2e-07,133973.0,0.06966596
GTO/BTC,1603406973318,2020-10-22T22:49:33.318Z,sell,5.2e-07,1650.0,0.000858
GTO/BTC,1603406973320,2020-10-22T22:49:33.320Z,sell,5.2e-07,36776.0,0.01912352
GTO/BTC,1603406973324,2020-10-22T22:49:33.324Z,sell,5.2e-07,148200.0,0.077064
GTO/BTC,1603406973325,2020-10-22T22:49:33.325Z,sell,5.2e-07,16343.0,0.00849836
GTO/BTC,1603406973329,2020-10-22T22:49:33.329Z,sell,5.2e-07,73099.0,0.03801148
GTO/BTC,1603406973348,2020-10-22T22:49:33.348Z,sell,5.2e-07,36660.0,0.0190632
GTO/BTC,1603406973357,2020-10-22T22:49:33.357Z,sell,5.2e-07,16651.0,0.00865852
GTO/BTC,1603406973362,2020-10-22T22:49:33.362Z,sell,5.2e-07,50049.0,0.02602548
GTO/BTC,1603406973383,2020-10-22T22:49:33.383Z,sell,5.2e-07,8666.0,0.00450632
GTO/BTC,1603407547706,2020-10-22T22:59:07.706Z,sell,5.2e-07,29565.0,0.0153738
GTO/BTC,1603408477901,2020-10-22T23:14:37.901Z,buy,5.2e-07,29535.0,0.0153582
GTO/BTC,1603408477901,2020-10-22T23:14:37.901Z,buy,5.2e-07,29535.0,0.0153582
GTO/BTC,1603409432537,2020-10-22T23:30:32.537Z,sell,5.1e-07,2002.0,0.0010210199999999
GTO/BTC,1603409432537,2020-10-22T23:30:32.537Z,sell,5.1e-07,667251.0,0.34029801
GTO/BTC,1603409432586,2020-10-22T23:30:32.586Z,sell,5.1e-07,49019.0,0.0249996899999999
GTO/BTC,1603409432612,2020-10-22T23:30:32.612Z,sell,5.1e-07,21326.0,0.01087626
GTO/BTC,1603409432631,2020-10-22T23:30:32.631Z,sell,5.1e-07,27693.0,0.01412343
GTO/BTC,1603409432652,2020-10-22T23:30:32.652Z,sell,5.1e-07,21326.0,0.01087626
GTO/BTC,1603409432680,2020-10-22T23:30:32.680Z,sell,5.1e-07,21326.0,0.01087626
GTO/BTC,1603409432703,2020-10-22T23:30:32.703Z,sell,5.1e-07,6367.0,0.0032471699999999
GTO/BTC,1603409432724,2020-10-22T23:30:32.724Z,sell,5.1e-07,21030.0,0.0107253
GTO/BTC,1603409432748,2020-10-22T23:30:32.748Z,sell,5.1e-07,21326.0,0.01087626
GTO/BTC,1603409432772,2020-10-22T23:30:32.772Z,sell,5.1e-07,6663.0,0.00339813
GTO/BTC,1603411214423,2020-10-23T00:00:14.423Z,buy,5.2e-07,40397.0,0.02100644
GTO/BTC,1603411214657,2020-10-23T00:00:14.657Z,buy,5.2e-07,2000.0,0.00104
GTO/BTC,1603411560007,2020-10-23T00:06:00.007Z,buy,5.2e-07,293803.0,0.15277756
GTO/BTC,1603411560238,2020-10-23T00:06:00.238Z,buy,5.2e-07,1000.0,0.00052
GTO/BTC,1603411560238,2020-10-23T00:06:00.238Z,buy,5.2e-07,1000.0,0.00052
GTO/BTC,1603413897935,2020-10-23T00:44:57.935Z,buy,5.2e-07,236420.0,0.1229384
GTO/BTC,1603413897944,2020-10-23T00:44:57.944Z,sell,5.2e-07,106924.0,0.05560048
GTO/BTC,1603413897948,2020-10-23T00:44:57.948Z,sell,5.2e-07,106923.0,0.05559996
GTO/BTC,1603415104316,2020-10-23T01:05:04.316Z,sell,5.1e-07,482.0,0.00024582
GTO/BTC,1603415104316,2020-10-23T01:05:04.316Z,sell,5.1e-07,482.0,0.00024582
GTO/BTC,1603415752622,2020-10-23T01:15:52.622Z,buy,5.2e-07,92278.0,0.04798456
GTO/BTC,1603415770723,2020-10-23T01:16:10.723Z,buy,5.2e-07,1106.0,0.00057512
GTO/BTC,1603415802811,2020-10-23T01:16:42.811Z,buy,5.2e-07,1109.0,0.00057668
GTO/BTC,1603415850162,2020-10-23T01:17:30.162Z,buy,5.2e-07,1110.0,0.0005772
GTO/BTC,1603415898298,2020-10-23T01:18:18.298Z,buy,5.2e-07,1109.0,0.00057668
GTO/BTC,1603415945922,2020-10-23T01:19:05.922Z,buy,5.2e-07,1108.0,0.00057616
GTO/BTC,1603415994018,2020-10-23T01:19:54.018Z,buy,5.2e-07,1108.0,0.00057616
GTO/BTC,1603416042253,2020-10-23T01:20:42.253Z,buy,5.2e-07,1108.0,0.00057616
GTO/BTC,1603416089948,2020-10-23T01:21:29.948Z,buy,5.2e-07,1107.0,0.00057564
GTO/BTC,1603416107008,2020-10-23T01:21:47.008Z,buy,5.2e-07,1461.0,0.00075972
GTO/BTC,1603416116382,2020-10-23T01:21:56.382Z,buy,5.2e-07,3366.0,0.00175032
GTO/BTC,1603416238402,2020-10-23T01:23:58.402Z,sell,5.2e-07,3366.0,0.00175032
GTO/BTC,1603416240336,2020-10-23T01:24:00.336Z,sell,5.2e-07,6650.0,0.003458
GTO/BTC,1603416284317,2020-10-23T01:24:44.317Z,sell,5.2e-07,4371.0,0.00227292
GTO/BTC,1603417191947,2020-10-23T01:39:51.947Z,sell,5.2e-07,2430.0,0.0012636
GTO/BTC,1603418284632,2020-10-23T01:58:04.632Z,sell,5.2e-07,5811.0,0.00302172
GTO/BTC,1603418329564,2020-10-23T01:58:49.564Z,buy,5.2e-07,990.0,0.0005148
GTO/BTC,1603418354617,2020-10-23T01:59:14.617Z,sell,5.2e-07,4831.0,0.00251212
GTO/BTC,1603418401336,2020-10-23T02:00:01.336Z,buy,5.2e-07,3431.0,0.00178412
GTO/BTC,1603418429366,2020-10-23T02:00:29.366Z,sell,5.2e-07,2395.0,0.0012454
GTO/BTC,1603418477282,2020-10-23T02:01:17.282Z,buy,5.2e-07,4357.0,0.00226564
GTO/BTC,1603418525930,2020-10-23T02:02:05.930Z,buy,5.2e-07,1510.0,0.0007852
GTO/BTC,1603418551348,2020-10-23T02:02:31.348Z,sell,5.2e-07,2838.0,0.00147576
GTO/BTC,1603418597933,2020-10-23T02:03:17.933Z,buy,5.2e-07,4354.0,0.00226408
GTO/BTC,1603418646393,2020-10-23T02:04:06.393Z,buy,5.2e-07,1070.0,0.0005564
GTO/BTC,1603418672058,2020-10-23T02:04:32.058Z,sell,5.2e-07,3278.0,0.00170456
GTO/BTC,1603418672058,2020-10-23T02:04:32.058Z,sell,5.2e-07,3278.0,0.00170456
GTO/BTC,1603418718086,2020-10-23T02:05:18.086Z,buy,5.2e-07,4349.0,0.00226148
GTO/BTC,1603418765924,2020-10-23T02:06:05.924Z,buy,5.2e-07,635.0,0.0003302
GTO/BTC,1603418791198,2020-10-23T02:06:31.198Z,sell,5.2e-07,3714.0,0.00193128
GTO/BTC,1603418793126,2020-10-23T02:06:33.126Z,buy,5.2e-07,4048.0,0.00210496
GTO/BTC,1603418837914,2020-10-23T02:07:17.914Z,buy,5.2e-07,500.0,0.00026
GTO/BTC,1603419306901,2020-10-23T02:15:06.901Z,sell,5.2e-07,25460.0,0.0132392
GTO/BTC,1603419901642,2020-10-23T02:25:01.642Z,buy,5.2e-07,21241.0,0.0110453199999999
GTO/BTC,1603420287510,2020-10-23T02:31:27.510Z,sell,5.2e-07,26870.0,0.0139724
GTO/BTC,1603420287510,2020-10-23T02:31:27.510Z,sell,5.1e-07,113482.0,0.05787582
GTO/BTC,1603420535032,2020-10-23T02:35:35.032Z,buy,5.2e-07,60400.0,0.031408
GTO/BTC,1603420561279,2020-10-23T02:36:01.279Z,buy,5.2e-07,73.0,3.796e-05
GTO/BTC,1603420561279,2020-10-23T02:36:01.279Z,buy,5.2e-07,73.0,3.796e-05
GTO/BTC,1603422440154,2020-10-23T03:07:20.154Z,sell,5.2e-07,2757.0,0.00143364
GTO/BTC,1603422440154,2020-10-23T03:07:20.154Z,sell,5.2e-07,2757.0,0.00143364
GTO/BTC,1603425255772,2020-10-23T03:54:15.772Z,buy,5.3e-07,200.0,0.000106
GTO/BTC,1603425587503,2020-10-23T03:59:47.503Z,buy,5.3e-07,191.0,0.00010123
GTO/BTC,1603425587503,2020-10-23T03:59:47.503Z,buy,5.3e-07,191.0,0.00010123
GTO/BTC,1603426827795,2020-10-23T04:20:27.795Z,sell,5.2e-07,37781.0,0.01964612
GTO/BTC,1603426827795,2020-10-23T04:20:27.795Z,sell,5.2e-07,37781.0,0.01964612
GTO/BTC,1603429358135,2020-10-23T05:02:38.135Z,sell,5.2e-07,2757.0,0.00143364
GTO/BTC,1603429742018,2020-10-23T05:09:02.018Z,sell,5.2e-07,8476.0,0.00440752
GTO/BTC,1603429742018,2020-10-23T05:09:02.018Z,sell,5.2e-07,8476.0,0.00440752
GTO/BTC,1603430505475,2020-10-23T05:21:45.475Z,buy,5.3e-07,6038.0,0.00320014
GTO/BTC,1603431568637,2020-10-23T05:39:28.637Z,sell,5.2e-07,19980.0,0.0103896
GTO/BTC,1603432083466,2020-10-23T05:48:03.466Z,sell,5.2e-07,497260.0,0.2585752
GTO/BTC,1603432918992,2020-10-23T06:01:58.992Z,buy,5.3e-07,1213.0,0.00064289
GTO/BTC,1603433107941,2020-10-23T06:05:07.941Z,sell,5.2e-07,995.0,0.0005174
GTO/BTC,1603433107941,2020-10-23T06:05:07.941Z,sell,5.2e-07,995.0,0.0005174
GTO/BTC,1603434612833,2020-10-23T06:30:12.833Z,buy,5.3e-07,68.0,3.604e-05
GTO/BTC,1603435089803,2020-10-23T06:38:09.803Z,buy,5.3e-07,22229.0,0.01178137
GTO/BTC,1603435593190,2020-10-23T06:46:33.190Z,buy,5.3e-07,321.0,0.00017013
GTO/BTC,1603435593190,2020-10-23T06:46:33.190Z,buy,5.3e-07,321.0,0.00017013
GTO/BTC,1603439174703,2020-10-23T07:46:14.703Z,buy,5.3e-07,8495.0,0.00450235
GTO/BTC,1603439174764,2020-10-23T07:46:14.764Z,buy,5.3e-07,11687.0,0.00619411
GTO/BTC,1603439175102,2020-10-23T07:46:15.102Z,buy,5.3e-07,10162.0,0.00538586
GTO/BTC,1603439180162,2020-10-23T07:46:20.162Z,buy,5.3e-07,9508.0,0.00503924
GTO/BTC,1603439180162,2020-10-23T07:46:20.162Z,buy,5.3e-07,9508.0,0.00503924
GTO/BTC,1603439996517,2020-10-23T07:59:56.517Z,sell,5.2e-07,1973.0,0.00102596
GTO/BTC,1603442146889,2020-10-23T08:35:46.889Z,sell,5.2e-07,52470.0,0.0272844
GTO/BTC,1603442146938,2020-10-23T08:35:46.938Z,sell,5.2e-07,36178.0,0.01881256
GTO/BTC,1603442146967,2020-10-23T08:35:46.967Z,sell,5.2e-07,11898.0,0.00618696
GTO/BTC,1603442146989,2020-10-23T08:35:46.989Z,sell,5.2e-07,24280.0,0.0126256
GTO/BTC,1603442147021,2020-10-23T08:35:47.021Z,sell,5.2e-07,11898.0,0.00618696
GTO/BTC,1603442147051,2020-10-23T08:35:47.051Z,sell,5.2e-07,11898.0,0.00618696
GTO/BTC,1603442309146,2020-10-23T08:38:29.146Z,buy,5.3e-07,2194.0,0.00116282
GTO/BTC,1603442502683,2020-10-23T08:41:42.683Z,buy,5.3e-07,706.0,0.00037418
GTO/BTC,1603442502683,2020-10-23T08:41:42.683Z,buy,5.3e-07,706.0,0.00037418
GTO/BTC,1603449365440,2020-10-23T10:36:05.440Z,sell,5.2e-07,73855.0,0.0384046
GTO/BTC,1603449366470,2020-10-23T10:36:06.470Z,sell,5.2e-07,67080.0,0.0348816
GTO/BTC,1603449366473,2020-10-23T10:36:06.473Z,sell,5.2e-07,27957.0,0.01453764
GTO/BTC,1603449370372,2020-10-23T10:36:10.372Z,sell,5.2e-07,75469.0,0.03924388
GTO/BTC,1603449370372,2020-10-23T10:36:10.372Z,sell,5.2e-07,75469.0,0.03924388
GTO/BTC,1603450418158,2020-10-23T10:53:38.158Z,buy,5.3e-07,319.0,0.00016907
GTO/BTC,1603450965042,2020-10-23T11:02:45.042Z,sell,5.2e-07,2342.0,0.00121784
GTO/BTC,1603451049029,2020-10-23T11:04:09.029Z,sell,5.2e-07,1224.0,0.00063648
GTO/BTC,1603451638238,2020-10-23T11:13:58.238Z,buy,5.3e-07,4487.0,0.00237811
GTO/BTC,1603452585518,2020-10-23T11:29:45.518Z,sell,5.2e-07,40242.0,0.02092584
GTO/BTC,1603452649753,2020-10-23T11:30:49.753Z,sell,5.2e-07,15000.0,0.0078
GTO/BTC,1603452776109,2020-10-23T11:32:56.109Z,sell,5.2e-07,10000.0,0.0052
GTO/BTC,1603452776109,2020-10-23T11:32:56.109Z,sell,5.2e-07,10000.0,0.0052
GTO/BTC,1603453808970,2020-10-23T11:50:08.970Z,sell,5.2e-07,100000.0,0.052
GTO/BTC,1603453896052,2020-10-23T11:51:36.052Z,sell,5.2e-07,355.0,0.0001846
GTO/BTC,1603454594437,2020-10-23T12:03:14.437Z,sell,5.2e-07,77700.0,0.040404
GTO/BTC,1603454603816,2020-10-23T12:03:23.816Z,sell,5.2e-07,11580.0,0.0060216
GTO/BTC,1603454612290,2020-10-23T12:03:32.290Z,buy,5.3e-07,18608.0,0.00986224
GTO/BTC,1603455983012,2020-10-23T12:26:23.012Z,buy,5.2e-07,141003.0,0.07332156
GTO/BTC,1603456366347,2020-10-23T12:32:46.347Z,buy,5.2e-07,11759.0,0.00611468
GTO/BTC,1603456366347,2020-10-23T12:32:46.347Z,buy,5.2e-07,11759.0,0.00611468
GTO/BTC,1603456624991,2020-10-23T12:37:04.991Z,buy,5.2e-07,225822.0,0.11742744
GTO/BTC,1603456662252,2020-10-23T12:37:42.252Z,buy,5.2e-07,11759.0,0.00611468
GTO/BTC,1603456865066,2020-10-23T12:41:05.066Z,sell,5.1e-07,1073.0,0.00054723
GTO/BTC,1603458085081,2020-10-23T13:01:25.081Z,buy,5.2e-07,37450.0,0.0194739999999999
GTO/BTC,1603458085084,2020-10-23T13:01:25.084Z,buy,5.2e-07,4757.0,0.00247364
GTO/BTC,1603458085119,2020-10-23T13:01:25.119Z,buy,5.2e-07,4056.0,0.00210912
GTO/BTC,1603459396245,2020-10-23T13:23:16.245Z,buy,5.2e-07,167943.0,0.08733036
GTO/BTC,1603459674007,2020-10-23T13:27:54.007Z,sell,5.2e-07,12983.0,0.00675116
GTO/BTC,1603459674007,2020-10-23T13:27:54.007Z,sell,5.2e-07,12983.0,0.00675116
GTO/BTC,1603460133215,2020-10-23T13:35:33.215Z,buy,5.3e-07,12973.0,0.00687569
GTO/BTC,1603462272360,2020-10-23T14:11:12.360Z,sell,5.2e-07,564.0,0.00029328
GTO/BTC,1603462298563,2020-10-23T14:11:38.563Z,sell,5.2e-07,1454.0,0.00075608
GTO/BTC,1603462315983,2020-10-23T14:11:55.983Z,sell,5.2e-07,12571.0,0.00653692
GTO/BTC,1603462318708,2020-10-23T14:11:58.708Z,sell,5.2e-07,11687.0,0.00607724
GTO/BTC,1603462318721,2020-10-23T14:11:58.721Z,sell,5.2e-07,10162.0,0.00528424
GTO/BTC,1603462644811,2020-10-23T14:17:24.811Z,buy,5.3e-07,384.0,0.00020352
GTO/BTC,1603462841653,2020-10-23T14:20:41.653Z,sell,5.2e-07,5763.0,0.00299676
GTO/BTC,1603462841653,2020-10-23T14:20:41.653Z,sell,5.2e-07,5763.0,0.00299676
GTO/BTC,1603463579579,2020-10-23T14:32:59.579Z,sell,5.2e-07,1037.0,0.00053924
GTO/BTC,1603464003416,2020-10-23T14:40:03.416Z,sell,5.2e-07,8495.0,0.0044174
GTO/BTC,1603464842891,2020-10-23T14:54:02.891Z,sell,5.2e-07,233.0,0.00012116
GTO/BTC,1603464978898,2020-10-23T14:56:18.898Z,sell,5.2e-07,1106.0,0.00057512
GTO/BTC,1603465897368,2020-10-23T15:11:37.368Z,sell,5.2e-07,40077.0,0.02084004
GTO/BTC,1603466061460,2020-10-23T15:14:21.460Z,sell,5.2e-07,7173.0,0.00372996
GTO/BTC,1603466418094,2020-10-23T15:20:18.094Z,sell,5.2e-07,1171.0,0.00060892
GTO/BTC,1603466418094,2020-10-23T15:20:18.094Z,sell,5.2e-07,1171.0,0.00060892
GTO/BTC,1603466534051,2020-10-23T15:22:14.051Z,sell,5.2e-07,56280.0,0.0292656
GTO/BTC,1603467361249,2020-10-23T15:36:01.249Z,sell,5.2e-07,108425.0,0.056381
GTO/BTC,1603468265723,2020-10-23T15:51:05.723Z,sell,5.2e-07,16203.0,0.00842556
GTO/BTC,1603468265739,2020-10-23T15:51:05.739Z,sell,5.2e-07,11345.0,0.0058994
GTO/BTC,1603468266817,2020-10-23T15:51:06.817Z,sell,5.2e-07,7870.0,0.0040924
GTO/BTC,1603469328218,2020-10-23T16:08:48.218Z,sell,5.2e-07,11615.0,0.0060398
GTO/BTC,1603469556650,2020-10-23T16:12:36.650Z,sell,5.2e-07,8000.0,0.00416
GTO/BTC,1603469712572,2020-10-23T16:15:12.572Z,sell,5.2e-07,146258.0,0.07605416
GTO/BTC,1603469884027,2020-10-23T16:18:04.027Z,sell,5.1e-07,16028.0,0.0081742799999999
GTO/BTC,1603469884027,2020-10-23T16:18:04.027Z,sell,5.1e-07,16028.0,0.0081742799999999
GTO/BTC,1603470241235,2020-10-23T16:24:01.235Z,sell,5.1e-07,4505.0,0.0022975499999999
GTO/BTC,1603470309339,2020-10-23T16:25:09.339Z,buy,5.2e-07,1258.0,0.00065416
GTO/BTC,1603471185771,2020-10-23T16:39:45.771Z,buy,5.2e-07,17668.0,0.00918736
GTO/BTC,1603472285310,2020-10-23T16:58:05.310Z,sell,5.1e-07,7226.0,0.00368526
GTO/BTC,1603473472235,2020-10-23T17:17:52.235Z,sell,5.1e-07,8648.0,0.00441048
GTO/BTC,1603473472235,2020-10-23T17:17:52.235Z,sell,5.1e-07,8648.0,0.00441048
GTO/BTC,1603475026667,2020-10-23T17:43:46.667Z,buy,5.2e-07,4446.0,0.00231192
GTO/BTC,1603475404562,2020-10-23T17:50:04.562Z,sell,5.1e-07,4441.0,0.0022649099999999
GTO/BTC,1603476233246,2020-10-23T18:03:53.246Z,buy,5.2e-07,1924.0,0.00100048
GTO/BTC,1603477005861,2020-10-23T18:16:45.861Z,sell,5.1e-07,74037.0,0.03775887
GTO/BTC,1603477005861,2020-10-23T18:16:45.861Z,sell,5.1e-07,74037.0,0.03775887
GTO/BTC,1603477254421,2020-10-23T18:20:54.421Z,sell,5.1e-07,61938.0,0.03158838
GTO/BTC,1603477521755,2020-10-23T18:25:21.755Z,sell,5.1e-07,428.0,0.00021828
GTO/BTC,1603478646528,2020-10-23T18:44:06.528Z,sell,5.1e-07,3747.0,0.00191097
GTO/BTC,1603478693568,2020-10-23T18:44:53.568Z,buy,5.2e-07,48798.0,0.02537496
GTO/BTC,1603479062423,2020-10-23T18:51:02.423Z,sell,5.1e-07,588.0,0.00029988
GTO/BTC,1603479062423,2020-10-23T18:51:02.423Z,sell,5.1e-07,588.0,0.00029988
GTO/BTC,1603490254245,2020-10-23T21:57:34.245Z,sell,5.1e-07,2000.0,0.00102
GTO/BTC,1603490308876,2020-10-23T21:58:28.876Z,sell,5.1e-07,1000.0,0.00051
GTO/BTC,1603490308876,2020-10-23T21:58:28.876Z,sell,5.1e-07,1000.0,0.00051
GTO/BTC,1603490813158,2020-10-23T22:06:53.158Z,sell,5.1e-07,1000.0,0.00051
GTO/BTC,1603491946305,2020-10-23T22:25:46.305Z,sell,5.1e-07,359.0,0.0001830899999999
GTO/BTC,1603492438989,2020-10-23T22:33:58.989Z,sell,5.1e-07,1000.0,0.00051
GTO/BTC,1603492598770,2020-10-23T22:36:38.770Z,sell,5.1e-07,1289.0,0.00065739
GTO/BTC,1603492899252,2020-10-23T22:41:39.252Z,sell,5.1e-07,2009.0,0.00102459
GTO/BTC,1603492899252,2020-10-23T22:41:39.252Z,sell,5.1e-07,2009.0,0.00102459
GTO/BTC,1603494650496,2020-10-23T23:10:50.496Z,buy,5.2e-07,356.0,0.00018512
GTO/BTC,1603494650496,2020-10-23T23:10:50.496Z,buy,5.2e-07,356.0,0.00018512
GTO/BTC,1603497608607,2020-10-24T00:00:08.607Z,sell,5.1e-07,500.0,0.000255
GTO/BTC,1603497903085,2020-10-24T00:05:03.085Z,sell,5.1e-07,1222.0,0.00062322
GTO/BTC,1603498237510,2020-10-24T00:10:37.510Z,sell,5.1e-07,1000.0,0.00051
GTO/BTC,1603498237510,2020-10-24T00:10:37.510Z,sell,5.1e-07,1000.0,0.00051
GTO/BTC,1603498369284,2020-10-24T00:12:49.284Z,sell,5.1e-07,1000.0,0.00051
GTO/BTC,1603498678184,2020-10-24T00:17:58.184Z,sell,5.1e-07,300.0,0.000153
GTO/BTC,1603498762504,2020-10-24T00:19:22.504Z,sell,5.1e-07,419.0,0.00021369
GTO/BTC,1603499772618,2020-10-24T00:36:12.618Z,sell,5.1e-07,1416.0,0.00072216
GTO/BTC,1603499772620,2020-10-24T00:36:12.620Z,sell,5.1e-07,44844.0,0.02287044
GTO/BTC,1603499772621,2020-10-24T00:36:12.621Z,sell,5.1e-07,37450.0,0.0190995
GTO/BTC,1603499772624,2020-10-24T00:36:12.624Z,sell,5.1e-07,46037.0,0.02347887
GTO/BTC,1603499772629,2020-10-24T00:36:12.629Z,sell,5.1e-07,81500.0,0.041565
GTO/BTC,1603499772639,2020-10-24T00:36:12.639Z,sell,5.1e-07,75187.0,0.03834537
GTO/BTC,1603499772663,2020-10-24T00:36:12.663Z,sell,5.1e-07,63591.0,0.03243141
GTO/BTC,1603499772679,2020-10-24T00:36:12.679Z,sell,5.1e-07,2156.0,0.00109956
GTO/BTC,1603499787577,2020-10-24T00:36:27.577Z,sell,5.1e-07,317562.0,0.16195662
GTO/BTC,1603499787581,2020-10-24T00:36:27.581Z,sell,5.1e-07,37450.0,0.0190995
GTO/BTC,1603499787589,2020-10-24T00:36:27.589Z,sell,5.1e-07,275665.0,0.14058915
GTO/BTC,1603499787624,2020-10-24T00:36:27.624Z,sell,5e-07,45300.0,0.02265
GTO/BTC,1603499787624,2020-10-24T00:36:27.624Z,sell,5e-07,9317.0,0.0046584999999999
GTO/BTC,1603499787624,2020-10-24T00:36:27.624Z,sell,5e-07,17857.0,0.0089284999999999
GTO/BTC,1603499787624,2020-10-24T00:36:27.624Z,sell,5e-07,17857.0,0.0089284999999999
GTO/BTC,1603499787624,2020-10-24T00:36:27.624Z,sell,5e-07,17857.0,0.0089284999999999
GTO/BTC,1603499787624,2020-10-24T00:36:27.624Z,sell,5e-07,178571.0,0.0892854999999999
GTO/BTC,1603499787624,2020-10-24T00:36:27.624Z,sell,5e-07,18712.0,0.009356
GTO/BTC,1603499787624,2020-10-24T00:36:27.624Z,sell,5e-07,93567.0,0.0467835
GTO/BTC,1603499787624,2020-10-24T00:36:27.624Z,sell,5e-07,25962.0,0.012981
GTO/BTC,1603499787624,2020-10-24T00:36:27.624Z,sell,5e-07,47832.0,0.023916
GTO/BTC,1603499787624,2020-10-24T00:36:27.624Z,sell,5e-07,4524.0,0.0022619999999999
GTO/BTC,1603499787770,2020-10-24T00:36:27.770Z,sell,5e-07,38019.0,0.0190095
GTO/BTC,1603499789917,2020-10-24T00:36:29.917Z,sell,5e-07,30346.0,0.0151729999999999
GTO/BTC,1603499790233,2020-10-24T00:36:30.233Z,sell,5e-07,2942.0,0.0014709999999999
GTO/BTC,1603499958488,2020-10-24T00:39:18.488Z,sell,5e-07,3454.0,0.001727
GTO/BTC,1603500205942,2020-10-24T00:43:25.942Z,buy,5.1e-07,197.0,0.0001004699999999
GTO/BTC,1603500519309,2020-10-24T00:48:39.309Z,sell,5e-07,810050.0,0.4050249999999999
GTO/BTC,1603500519575,2020-10-24T00:48:39.575Z,buy,5e-07,98522.0,0.049261
GTO/BTC,1603500521839,2020-10-24T00:48:41.839Z,sell,5e-07,21929.0,0.0109645
GTO/BTC,1603500674019,2020-10-24T00:51:14.019Z,buy,5.1e-07,197.0,0.0001004699999999
GTO/BTC,1603500721187,2020-10-24T00:52:01.187Z,buy,5.1e-07,9846.0,0.00502146
GTO/BTC,1603500721187,2020-10-24T00:52:01.187Z,buy,5.1e-07,9846.0,0.00502146
GTO/BTC,1603502390224,2020-10-24T01:19:50.224Z,sell,5e-07,496.0,0.000248
GTO/BTC,1603502390224,2020-10-24T01:19:50.224Z,sell,5e-07,496.0,0.000248
GTO/BTC,1603504811433,2020-10-24T02:00:11.433Z,sell,5e-07,120451.0,0.0602254999999999
GTO/BTC,1603504814116,2020-10-24T02:00:14.116Z,sell,5e-07,127046.0,0.063523
GTO/BTC,1603504814129,2020-10-24T02:00:14.129Z,buy,5e-07,65437.0,0.0327185
GTO/BTC,1603504814130,2020-10-24T02:00:14.130Z,buy,5e-07,4674.0,0.002337
GTO/BTC,1603504814131,2020-10-24T02:00:14.131Z,buy,5e-07,1551.0,0.0007754999999999
GTO/BTC,1603504814238,2020-10-24T02:00:14.238Z,buy,5e-07,355509.0,0.1777544999999999
GTO/BTC,1603504814242,2020-10-24T02:00:14.242Z,buy,5e-07,46587.0,0.0232934999999999
GTO/BTC,1603504814254,2020-10-24T02:00:14.254Z,buy,5e-07,170000.0,0.0849999999999999
GTO/BTC,1603504818099,2020-10-24T02:00:18.099Z,buy,5e-07,5338.0,0.002669
GTO/BTC,1603505111656,2020-10-24T02:05:11.656Z,buy,5e-07,508825.0,0.2544125
GTO/BTC,1603505224705,2020-10-24T02:07:04.705Z,sell,4.9e-07,28107.0,0.0137724299999999
GTO/BTC,1603505224705,2020-10-24T02:07:04.705Z,sell,4.9e-07,12147.0,0.00595203
GTO/BTC,1603505356530,2020-10-24T02:09:16.530Z,sell,4.9e-07,7492.0,0.0036710799999999
GTO/BTC,1603505873730,2020-10-24T02:17:53.730Z,buy,5e-07,200.0,0.0001
GTO/BTC,1603505873730,2020-10-24T02:17:53.730Z,buy,5e-07,200.0,0.0001
GTO/BTC,1603506201730,2020-10-24T02:23:21.730Z,buy,5e-07,11300.0,0.00565
GTO/BTC,1603506519008,2020-10-24T02:28:39.008Z,buy,5e-07,2000.0,0.001
GTO/BTC,1603506524514,2020-10-24T02:28:44.514Z,buy,5e-07,45007.0,0.0225035
GTO/BTC,1603506533986,2020-10-24T02:28:53.986Z,sell,4.9e-07,2001.0,0.0009804899999999
GTO/BTC,1603506558637,2020-10-24T02:29:18.637Z,sell,4.9e-07,12370.0,0.0060612999999999
GTO/BTC,1603506628260,2020-10-24T02:30:28.260Z,buy,5e-07,17653.0,0.0088265
GTO/BTC,1603506628358,2020-10-24T02:30:28.358Z,buy,5e-07,30764.0,0.015382
GTO/BTC,1603506628469,2020-10-24T02:30:28.469Z,buy,5e-07,3935.0,0.0019675
GTO/BTC,1603506632456,2020-10-24T02:30:32.456Z,buy,5e-07,14984.0,0.0074919999999999
GTO/BTC,1603506632461,2020-10-24T02:30:32.461Z,buy,5e-07,9279.0,0.0046394999999999
GTO/BTC,1603507198640,2020-10-24T02:39:58.640Z,buy,5e-07,3588.0,0.001794
GTO/BTC,1603507643351,2020-10-24T02:47:23.351Z,buy,5e-07,2000.0,0.001
GTO/BTC,1603507668837,2020-10-24T02:47:48.837Z,buy,5e-07,4000.0,0.002
GTO/BTC,1603507690537,2020-10-24T02:48:10.537Z,buy,5e-07,2000.0,0.001
GTO/BTC,1603508065709,2020-10-24T02:54:25.709Z,buy,5e-07,4383.0,0.0021915
GTO/BTC,1603508065711,2020-10-24T02:54:25.711Z,buy,5e-07,4370.0,0.002185
GTO/BTC,1603508070875,2020-10-24T02:54:30.875Z,buy,5e-07,4147.0,0.0020735
GTO/BTC,1603508203383,2020-10-24T02:56:43.383Z,buy,5e-07,200.0,0.0001
GTO/BTC,1603508297718,2020-10-24T02:58:17.718Z,buy,5e-07,4079.0,0.0020395
GTO/BTC,1603508433821,2020-10-24T03:00:33.821Z,buy,5e-07,2722.0,0.001361
GTO/BTC,1603508693152,2020-10-24T03:04:53.152Z,buy,5e-07,111410.0,0.055705
GTO/BTC,1603509370160,2020-10-24T03:16:10.160Z,buy,5e-07,40.0,2e-05
GTO/BTC,1603509370160,2020-10-24T03:16:10.160Z,buy,5.1e-07,33.0,1.683e-05
GTO/BTC,1603509370168,2020-10-24T03:16:10.168Z,sell,5e-07,3189.0,0.0015945
GTO/BTC,1603509419353,2020-10-24T03:16:59.353Z,buy,5.1e-07,197.0,0.0001004699999999
GTO/BTC,1603509419353,2020-10-24T03:16:59.353Z,buy,5.1e-07,197.0,0.0001004699999999
GTO/BTC,1603510013089,2020-10-24T03:26:53.089Z,buy,5.1e-07,67.0,3.417e-05
GTO/BTC,1603510270157,2020-10-24T03:31:10.157Z,buy,5.1e-07,1960.0,0.0009996
GTO/BTC,1603510270157,2020-10-24T03:31:10.157Z,buy,5.1e-07,1960.0,0.0009996
GTO/BTC,1603513881977,2020-10-24T04:31:21.977Z,buy,5.1e-07,7435.0,0.00379185
GTO/BTC,1603513881977,2020-10-24T04:31:21.977Z,buy,5.1e-07,7435.0,0.00379185
GTO/BTC,1603517435780,2020-10-24T05:30:35.780Z,sell,5e-07,26471.0,0.0132354999999999
GTO/BTC,1603517435780,2020-10-24T05:30:35.780Z,sell,5e-07,26471.0,0.0132354999999999
GTO/BTC,1603518099201,2020-10-24T05:41:39.201Z,buy,5.1e-07,5069.0,0.00258519
GTO/BTC,1603519474491,2020-10-24T06:04:34.491Z,buy,5.1e-07,3404.0,0.00173604
GTO/BTC,1603519543183,2020-10-24T06:05:43.183Z,buy,5.1e-07,365.0,0.00018615
GTO/BTC,1603520394321,2020-10-24T06:19:54.321Z,sell,5e-07,11099.0,0.0055495
GTO/BTC,1603520444802,2020-10-24T06:20:44.802Z,sell,5e-07,44043.0,0.0220215
GTO/BTC,1603520444802,2020-10-24T06:20:44.802Z,sell,5e-07,44043.0,0.0220215
GTO/BTC,1603521778529,2020-10-24T06:42:58.529Z,sell,5e-07,9816.0,0.004908
GTO/BTC,1603523277641,2020-10-24T07:07:57.641Z,sell,5e-07,293509.0,0.1467544999999999
GTO/BTC,1603523277641,2020-10-24T07:07:57.641Z,sell,5e-07,293509.0,0.1467544999999999
GTO/BTC,1603525600878,2020-10-24T07:46:40.878Z,buy,5.1e-07,3375.0,0.00172125
GTO/BTC,1603525600878,2020-10-24T07:46:40.878Z,buy,5.1e-07,3375.0,0.00172125
GTO/BTC,1603527953625,2020-10-24T08:25:53.625Z,buy,5.1e-07,250.0,0.0001275
GTO/BTC,1603527991209,2020-10-24T08:26:31.209Z,buy,5.1e-07,250.0,0.0001275
GTO/BTC,1603527991209,2020-10-24T08:26:31.209Z,buy,5.1e-07,250.0,0.0001275
GTO/BTC,1603529775946,2020-10-24T08:56:15.946Z,sell,5e-07,79446.0,0.039723
GTO/BTC,1603529775959,2020-10-24T08:56:15.959Z,buy,5e-07,2592.0,0.0012959999999999
GTO/BTC,1603529973251,2020-10-24T08:59:33.251Z,buy,5e-07,10240.0,0.0051199999999999
GTO/BTC,1603530113664,2020-10-24T09:01:53.664Z,sell,5e-07,1943.0,0.0009714999999999
GTO/BTC,1603530866611,2020-10-24T09:14:26.611Z,buy,5.1e-07,66.0,3.366e-05
GTO/BTC,1603530866611,2020-10-24T09:14:26.611Z,buy,5.1e-07,66.0,3.366e-05
GTO/BTC,1603534359928,2020-10-24T10:12:39.928Z,buy,5.1e-07,874918.0,0.44620818
GTO/BTC,1603534359928,2020-10-24T10:12:39.928Z,buy,5.1e-07,874918.0,0.44620818
GTO/BTC,1603535039003,2020-10-24T10:23:59.003Z,buy,5.1e-07,15000.0,0.00765
GTO/BTC,1603535632463,2020-10-24T10:33:52.463Z,sell,5e-07,12037.0,0.0060184999999999
GTO/BTC,1603535978709,2020-10-24T10:39:38.709Z,sell,5e-07,4712.0,0.002356
GTO/BTC,1603537877593,2020-10-24T11:11:17.593Z,sell,5e-07,4552.0,0.002276
GTO/BTC,1603537877593,2020-10-24T11:11:17.593Z,sell,5e-07,4552.0,0.002276
GTO/BTC,1603538476532,2020-10-24T11:21:16.532Z,buy,5.1e-07,900.0,0.000459
GTO/BTC,1603540250245,2020-10-24T11:50:50.245Z,sell,5e-07,225596.0,0.112798
GTO/BTC,1603540815296,2020-10-24T12:00:15.296Z,sell,5e-07,3599.0,0.0017994999999999
GTO/BTC,1603541177391,2020-10-24T12:06:17.391Z,buy,5.1e-07,1000.0,0.00051
GTO/BTC,1603541177391,2020-10-24T12:06:17.391Z,buy,5.1e-07,1000.0,0.00051
GTO/BTC,1603542373827,2020-10-24T12:26:13.827Z,buy,5.1e-07,21652.0,0.01104252
GTO/BTC,1603542375618,2020-10-24T12:26:15.618Z,buy,5.1e-07,64957.0,0.03312807
GTO/BTC,1603542432628,2020-10-24T12:27:12.628Z,buy,5.1e-07,911.0,0.00046461
GTO/BTC,1603542625433,2020-10-24T12:30:25.433Z,sell,5e-07,686720.0,0.34336
GTO/BTC,1603542880305,2020-10-24T12:34:40.305Z,buy,5.1e-07,575.0,0.00029325
GTO/BTC,1603543040291,2020-10-24T12:37:20.291Z,buy,5.1e-07,339.0,0.00017289
GTO/BTC,1603543040291,2020-10-24T12:37:20.291Z,buy,5.1e-07,339.0,0.00017289
GTO/BTC,1603547076648,2020-10-24T13:44:36.648Z,sell,5e-07,3371.0,0.0016855
GTO/BTC,1603547076648,2020-10-24T13:44:36.648Z,sell,5e-07,3371.0,0.0016855
GTO/BTC,1603547455015,2020-10-24T13:50:55.015Z,buy,5.1e-07,8235.0,0.00419985
GTO/BTC,1603547588618,2020-10-24T13:53:08.618Z,buy,5.1e-07,7858.0,0.00400758
GTO/BTC,1603548997178,2020-10-24T14:16:37.178Z,sell,5e-07,23060.0,0.01153
GTO/BTC,1603549094535,2020-10-24T14:18:14.535Z,buy,5.1e-07,1961.0,0.00100011
GTO/BTC,1603550358596,2020-10-24T14:39:18.596Z,sell,5e-07,15825.0,0.0079125
GTO/BTC,1603550379662,2020-10-24T14:39:39.662Z,sell,5e-07,906.0,0.000453
GTO/BTC,1603550385145,2020-10-24T14:39:45.145Z,sell,5e-07,12843.0,0.0064215
GTO/BTC,1603550385145,2020-10-24T14:39:45.145Z,sell,5e-07,12843.0,0.0064215
GTO/BTC,1603550726911,2020-10-24T14:45:26.911Z,buy,5.1e-07,392156.0,0.19999956
GTO/BTC,1603550729984,2020-10-24T14:45:29.984Z,buy,5.1e-07,39215.0,0.01999965
GTO/BTC,1603550732872,2020-10-24T14:45:32.872Z,buy,5.1e-07,58823.0,0.02999973
GTO/BTC,1603550734958,2020-10-24T14:45:34.958Z,buy,5.1e-07,58823.0,0.02999973
GTO/BTC,1603550737492,2020-10-24T14:45:37.492Z,buy,5.1e-07,58823.0,0.02999973
GTO/BTC,1603550739445,2020-10-24T14:45:39.445Z,buy,5.1e-07,117647.0,0.05999997
GTO/BTC,1603550742851,2020-10-24T14:45:42.851Z,buy,5.1e-07,58823.0,0.02999973
GTO/BTC,1603550744959,2020-10-24T14:45:44.959Z,buy,5.1e-07,58823.0,0.02999973
GTO/BTC,1603550751118,2020-10-24T14:45:51.118Z,buy,5.1e-07,58823.0,0.02999973
GTO/BTC,1603550753406,2020-10-24T14:45:53.406Z,buy,5.1e-07,58823.0,0.02999973
GTO/BTC,1603550755578,2020-10-24T14:45:55.578Z,buy,5.1e-07,58823.0,0.02999973
GTO/BTC,1603550760347,2020-10-24T14:46:00.347Z,buy,5.1e-07,58823.0,0.02999973
GTO/BTC,1603550764147,2020-10-24T14:46:04.147Z,buy,5.1e-07,117647.0,0.05999997
GTO/BTC,1603550766406,2020-10-24T14:46:06.406Z,buy,5.1e-07,117647.0,0.05999997
GTO/BTC,1603550770175,2020-10-24T14:46:10.175Z,buy,5.1e-07,58823.0,0.02999973
GTO/BTC,1603550772059,2020-10-24T14:46:12.059Z,buy,5.1e-07,58823.0,0.02999973
GTO/BTC,1603550775885,2020-10-24T14:46:15.885Z,buy,5.1e-07,117647.0,0.05999997
GTO/BTC,1603550778598,2020-10-24T14:46:18.598Z,buy,5.1e-07,117647.0,0.05999997
GTO/BTC,1603550782939,2020-10-24T14:46:22.939Z,buy,5.1e-07,58823.0,0.02999973
GTO/BTC,1603550928381,2020-10-24T14:48:48.381Z,buy,5.1e-07,3571.0,0.00182121
GTO/BTC,1603551018604,2020-10-24T14:50:18.604Z,buy,5.1e-07,683.0,0.00034833
GTO/BTC,1603551030356,2020-10-24T14:50:30.356Z,sell,5e-07,878909.0,0.4394544999999999
GTO/BTC,1603551030365,2020-10-24T14:50:30.365Z,buy,5e-07,8492.0,0.004246
GTO/BTC,1603551030365,2020-10-24T14:50:30.365Z,buy,5e-07,8492.0,0.004246
GTO/BTC,1603551030366,2020-10-24T14:50:30.366Z,buy,5e-07,8492.0,0.004246
GTO/BTC,1603551030366,2020-10-24T14:50:30.366Z,buy,5e-07,8492.0,0.004246
GTO/BTC,1603551030366,2020-10-24T14:50:30.366Z,buy,5e-07,8492.0,0.004246
GTO/BTC,1603551030366,2020-10-24T14:50:30.366Z,buy,5e-07,8492.0,0.004246
GTO/BTC,1603551030366,2020-10-24T14:50:30.366Z,buy,5e-07,8492.0,0.004246
GTO/BTC,1603551030366,2020-10-24T14:50:30.366Z,buy,5e-07,8492.0,0.004246
GTO/BTC,1603551030366,2020-10-24T14:50:30.366Z,buy,5e-07,8492.0,0.004246
GTO/BTC,1603551030367,2020-10-24T14:50:30.367Z,buy,5e-07,8492.0,0.004246
GTO/BTC,1603551030367,2020-10-24T14:50:30.367Z,buy,5e-07,8492.0,0.004246
GTO/BTC,1603551030367,2020-10-24T14:50:30.367Z,buy,5e-07,8492.0,0.004246
GTO/BTC,1603551030367,2020-10-24T14:50:30.367Z,buy,5e-07,382252.0,0.191126
GTO/BTC,1603551030367,2020-10-24T14:50:30.367Z,buy,5e-07,8492.0,0.004246
GTO/BTC,1603551030368,2020-10-24T14:50:30.368Z,buy,5e-07,8492.0,0.004246
GTO/BTC,1603551030368,2020-10-24T14:50:30.368Z,buy,5e-07,8492.0,0.004246
GTO/BTC,1603551030368,2020-10-24T14:50:30.368Z,buy,5e-07,8492.0,0.004246
GTO/BTC,1603551030368,2020-10-24T14:50:30.368Z,buy,5e-07,8492.0,0.004246
GTO/BTC,1603551030368,2020-10-24T14:50:30.368Z,buy,5e-07,8492.0,0.004246
GTO/BTC,1603551030368,2020-10-24T14:50:30.368Z,buy,5e-07,8492.0,0.004246
GTO/BTC,1603551030368,2020-10-24T14:50:30.368Z,buy,5e-07,8492.0,0.004246
GTO/BTC,1603551030370,2020-10-24T14:50:30.370Z,buy,5e-07,8492.0,0.004246
GTO/BTC,1603551030370,2020-10-24T14:50:30.370Z,buy,5e-07,8492.0,0.004246
GTO/BTC,1603551030370,2020-10-24T14:50:30.370Z,buy,5e-07,8492.0,0.004246
GTO/BTC,1603551030370,2020-10-24T14:50:30.370Z,buy,5e-07,8492.0,0.004246
GTO/BTC,1603551030370,2020-10-24T14:50:30.370Z,buy,5e-07,8492.0,0.004246
GTO/BTC,1603551030371,2020-10-24T14:50:30.371Z,buy,5e-07,8492.0,0.004246
GTO/BTC,1603551030371,2020-10-24T14:50:30.371Z,buy,5e-07,8492.0,0.004246
GTO/BTC,1603551030371,2020-10-24T14:50:30.371Z,buy,5e-07,8492.0,0.004246
GTO/BTC,1603551030372,2020-10-24T14:50:30.372Z,buy,5e-07,8492.0,0.004246
GTO/BTC,1603551030372,2020-10-24T14:50:30.372Z,buy,5e-07,8492.0,0.004246
GTO/BTC,1603551030372,2020-10-24T14:50:30.372Z,buy,5e-07,8492.0,0.004246
GTO/BTC,1603551030372,2020-10-24T14:50:30.372Z,buy,5e-07,8492.0,0.004246
GTO/BTC,1603551030372,2020-10-24T14:50:30.372Z,buy,5e-07,8492.0,0.004246
GTO/BTC,1603551030373,2020-10-24T14:50:30.373Z,buy,5e-07,8492.0,0.004246
GTO/BTC,1603551030373,2020-10-24T14:50:30.373Z,buy,5e-07,8492.0,0.004246
GTO/BTC,1603551030373,2020-10-24T14:50:30.373Z,buy,5e-07,8492.0,0.004246
GTO/BTC,1603551030373,2020-10-24T14:50:30.373Z,buy,5e-07,8492.0,0.004246
GTO/BTC,1603551030373,2020-10-24T14:50:30.373Z,buy,5e-07,8492.0,0.004246
GTO/BTC,1603551030373,2020-10-24T14:50:30.373Z,buy,5e-07,8492.0,0.004246
GTO/BTC,1603551030373,2020-10-24T14:50:30.373Z,buy,5e-07,8492.0,0.004246
GTO/BTC,1603551030373,2020-10-24T14:50:30.373Z,buy,5e-07,8492.0,0.004246
GTO/BTC,1603551030373,2020-10-24T14:50:30.373Z,buy,5e-07,8492.0,0.004246
GTO/BTC,1603551030373,2020-10-24T14:50:30.373Z,buy,5e-07,8492.0,0.004246
GTO/BTC,1603551030375,2020-10-24T14:50:30.375Z,buy,5e-07,8492.0,0.004246
GTO/BTC,1603551030377,2020-10-24T14:50:30.377Z,buy,5e-07,3354.0,0.0016769999999999
GTO/BTC,1603551030378,2020-10-24T14:50:30.378Z,buy,5e-07,8492.0,0.004246
GTO/BTC,1603551030397,2020-10-24T14:50:30.397Z,buy,5e-07,45947.0,0.0229734999999999
GTO/BTC,1603551030426,2020-10-24T14:50:30.426Z,sell,4.9e-07,70000.0,0.0343
GTO/BTC,1603551030460,2020-10-24T14:50:30.460Z,buy,5e-07,9291.0,0.0046454999999999
GTO/BTC,1603551031090,2020-10-24T14:50:31.090Z,buy,5e-07,5427.0,0.0027134999999999
GTO/BTC,1603551032127,2020-10-24T14:50:32.127Z,sell,4.9e-07,5427.0,0.00265923
GTO/BTC,1603551032735,2020-10-24T14:50:32.735Z,sell,4.9e-07,23900.0,0.011711
GTO/BTC,1603551071664,2020-10-24T14:51:11.664Z,buy,5e-07,13201.0,0.0066005
GTO/BTC,1603551075168,2020-10-24T14:51:15.168Z,sell,4.9e-07,18162.0,0.00889938
GTO/BTC,1603551400433,2020-10-24T14:56:40.433Z,buy,5e-07,200.0,0.0001
GTO/BTC,1603551402659,2020-10-24T14:56:42.659Z,buy,5e-07,6022.0,0.003011
GTO/BTC,1603551471810,2020-10-24T14:57:51.810Z,buy,5e-07,12228.0,0.006114
GTO/BTC,1603551547288,2020-10-24T14:59:07.288Z,buy,5e-07,11785.0,0.0058924999999999
GTO/BTC,1603551607785,2020-10-24T15:00:07.785Z,buy,5e-07,7430.0,0.003715
GTO/BTC,1603551697854,2020-10-24T15:01:37.854Z,buy,5e-07,363.0,0.0001815
GTO/BTC,1603551770855,2020-10-24T15:02:50.855Z,sell,4.9e-07,79131.0,0.03877419
GTO/BTC,1603552521123,2020-10-24T15:15:21.123Z,buy,5e-07,200.0,0.0001
GTO/BTC,1603552562361,2020-10-24T15:16:02.361Z,buy,5e-07,87041.0,0.0435205
GTO/BTC,1603553219917,2020-10-24T15:26:59.917Z,sell,4.9e-07,683.0,0.0003346699999999
GTO/BTC,1603553322282,2020-10-24T15:28:42.282Z,sell,4.9e-07,56279.0,0.0275767099999999
GTO/BTC,1603553322282,2020-10-24T15:28:42.282Z,sell,4.9e-07,56279.0,0.0275767099999999
GTO/BTC,1603554799547,2020-10-24T15:53:19.547Z,sell,4.9e-07,3028.0,0.00148372
GTO/BTC,1603555241969,2020-10-24T16:00:41.969Z,sell,4.9e-07,13501.0,0.00661549
GTO/BTC,1603555995872,2020-10-24T16:13:15.872Z,buy,5e-07,8612.0,0.004306
GTO/BTC,1603556081369,2020-10-24T16:14:41.369Z,buy,5e-07,52263.0,0.0261315
GTO/BTC,1603556857447,2020-10-24T16:27:37.447Z,buy,5e-07,250.0,0.000125
GTO/BTC,1603556857447,2020-10-24T16:27:37.447Z,buy,5e-07,250.0,0.000125
GTO/BTC,1603558453302,2020-10-24T16:54:13.302Z,buy,5e-07,5100.0,0.0025499999999999
GTO/BTC,1603559782154,2020-10-24T17:16:22.154Z,buy,5e-07,5000.0,0.0025
GTO/BTC,1603559782154,2020-10-24T17:16:22.154Z,buy,5e-07,5000.0,0.0025
GTO/BTC,1603561481148,2020-10-24T17:44:41.148Z,sell,4.9e-07,1919.0,0.00094031
GTO/BTC,1603561764131,2020-10-24T17:49:24.131Z,buy,5e-07,200.0,0.0001
GTO/BTC,1603562002415,2020-10-24T17:53:22.415Z,buy,5e-07,421108.0,0.210554
GTO/BTC,1603562002426,2020-10-24T17:53:22.426Z,sell,5e-07,15681.0,0.0078405
GTO/BTC,1603562002431,2020-10-24T17:53:22.431Z,sell,5e-07,15681.0,0.0078405
GTO/BTC,1603562002432,2020-10-24T17:53:22.432Z,sell,5e-07,20907.0,0.0104535
GTO/BTC,1603562002433,2020-10-24T17:53:22.433Z,sell,5e-07,15681.0,0.0078405
GTO/BTC,1603562002439,2020-10-24T17:53:22.439Z,sell,5e-07,15681.0,0.0078405
GTO/BTC,1603562002440,2020-10-24T17:53:22.440Z,sell,5e-07,15681.0,0.0078405
GTO/BTC,1603562002441,2020-10-24T17:53:22.441Z,sell,5e-07,15681.0,0.0078405
GTO/BTC,1603562694841,2020-10-24T18:04:54.841Z,buy,5e-07,9005.0,0.0045024999999999
GTO/BTC,1603562694935,2020-10-24T18:04:54.935Z,buy,5e-07,10773.0,0.0053865
GTO/BTC,1603562695139,2020-10-24T18:04:55.139Z,buy,5e-07,12389.0,0.0061944999999999
GTO/BTC,1603562812924,2020-10-24T18:06:52.924Z,buy,5e-07,13209.0,0.0066045
GTO/BTC,1603562920018,2020-10-24T18:08:40.018Z,buy,5e-07,1129.0,0.0005645
GTO/BTC,1603562920277,2020-10-24T18:08:40.277Z,buy,5e-07,1153.0,0.0005765
GTO/BTC,1603562920277,2020-10-24T18:08:40.277Z,buy,5e-07,1153.0,0.0005765
GTO/BTC,1603563429007,2020-10-24T18:17:09.007Z,sell,4.9e-07,1000.0,0.00049
GTO/BTC,1603563629470,2020-10-24T18:20:29.470Z,sell,4.9e-07,81767.0,0.04006583
GTO/BTC,1603563732254,2020-10-24T18:22:12.254Z,buy,5e-07,250.0,0.000125
GTO/BTC,1603565369853,2020-10-24T18:49:29.853Z,sell,4.9e-07,267782.0,0.1312131799999999
GTO/BTC,1603565574875,2020-10-24T18:52:54.875Z,buy,5e-07,200.0,0.0001
GTO/BTC,1603565583081,2020-10-24T18:53:03.081Z,sell,4.9e-07,842484.0,0.4128171599999999
GTO/BTC,1603565639983,2020-10-24T18:53:59.983Z,buy,5e-07,40000.0,0.02
GTO/BTC,1603565642165,2020-10-24T18:54:02.165Z,buy,5e-07,40000.0,0.02
GTO/BTC,1603565643926,2020-10-24T18:54:03.926Z,buy,5e-07,40000.0,0.02
GTO/BTC,1603565646105,2020-10-24T18:54:06.105Z,buy,5e-07,40000.0,0.02
GTO/BTC,1603565648058,2020-10-24T18:54:08.058Z,buy,5e-07,40000.0,0.02
GTO/BTC,1603565650076,2020-10-24T18:54:10.076Z,buy,5e-07,40000.0,0.02
GTO/BTC,1603565651937,2020-10-24T18:54:11.937Z,buy,5e-07,120000.0,0.06
GTO/BTC,1603565653813,2020-10-24T18:54:13.813Z,buy,5e-07,120000.0,0.06
GTO/BTC,1603565655670,2020-10-24T18:54:15.670Z,buy,5e-07,120000.0,0.06
GTO/BTC,1603565655688,2020-10-24T18:54:15.688Z,buy,5e-07,26800.0,0.0133999999999999
GTO/BTC,1603566071691,2020-10-24T19:01:11.691Z,buy,5e-07,98666.0,0.0493329999999999
GTO/BTC,1603566140589,2020-10-24T19:02:20.589Z,buy,5e-07,200.0,0.0001
GTO/BTC,1603566140589,2020-10-24T19:02:20.589Z,buy,5e-07,200.0,0.0001
GTO/BTC,1603566707350,2020-10-24T19:11:47.350Z,sell,4.9e-07,77639.0,0.03804311
GTO/BTC,1603566741201,2020-10-24T19:12:21.201Z,sell,4.9e-07,600000.0,0.294
GTO/BTC,1603566741210,2020-10-24T19:12:21.210Z,sell,4.9e-07,36207.0,0.01774143
GTO/BTC,1603566741227,2020-10-24T19:12:21.227Z,sell,4.9e-07,21727.0,0.01064623
GTO/BTC,1603566741240,2020-10-24T19:12:21.240Z,sell,4.9e-07,21700.0,0.010633
GTO/BTC,1603566765098,2020-10-24T19:12:45.098Z,buy,5e-07,200.0,0.0001
GTO/BTC,1603567324877,2020-10-24T19:22:04.877Z,sell,4.9e-07,489.0,0.00023961
GTO/BTC,1603567350163,2020-10-24T19:22:30.163Z,buy,5e-07,200.0,0.0001
GTO/BTC,1603567350163,2020-10-24T19:22:30.163Z,buy,5e-07,200.0,0.0001
GTO/BTC,1603569770285,2020-10-24T20:02:50.285Z,sell,4.9e-07,21400.0,0.0104859999999999
GTO/BTC,1603569784423,2020-10-24T20:03:04.423Z,buy,5e-07,200.0,0.0001
GTO/BTC,1603569840069,2020-10-24T20:04:00.069Z,sell,4.9e-07,25300.0,0.012397
GTO/BTC,1603569840076,2020-10-24T20:04:00.076Z,sell,4.9e-07,77639.0,0.03804311
GTO/BTC,1603569876253,2020-10-24T20:04:36.253Z,sell,4.9e-07,15194.0,0.00744506
GTO/BTC,1603569882385,2020-10-24T20:04:42.385Z,buy,5e-07,200.0,0.0001
GTO/BTC,1603569952750,2020-10-24T20:05:52.750Z,sell,4.9e-07,52210.0,0.0255829
GTO/BTC,1603569983103,2020-10-24T20:06:23.103Z,buy,5e-07,200.0,0.0001
GTO/BTC,1603569983103,2020-10-24T20:06:23.103Z,buy,5e-07,200.0,0.0001
GTO/BTC,1603571282345,2020-10-24T20:28:02.345Z,buy,5e-07,317.0,0.0001585
GTO/BTC,1603571282345,2020-10-24T20:28:02.345Z,buy,5e-07,317.0,0.0001585
GTO/BTC,1603573601080,2020-10-24T21:06:41.080Z,sell,4.9e-07,28338.0,0.01388562
GTO/BTC,1603573620731,2020-10-24T21:07:00.731Z,sell,4.9e-07,28037.0,0.01373813
GTO/BTC,1603573824122,2020-10-24T21:10:24.122Z,buy,5e-07,200.0,0.0001
GTO/BTC,1603573897448,2020-10-24T21:11:37.448Z,buy,5e-07,8400.0,0.0042
GTO/BTC,1603573897448,2020-10-24T21:11:37.448Z,buy,5e-07,8400.0,0.0042
GTO/BTC,1603576574531,2020-10-24T21:56:14.531Z,buy,5e-07,26182.0,0.013091
GTO/BTC,1603576574531,2020-10-24T21:56:14.531Z,buy,5e-07,26182.0,0.013091
GTO/BTC,1603577916297,2020-10-24T22:18:36.297Z,sell,4.9e-07,850.0,0.0004165
GTO/BTC,1603578249923,2020-10-24T22:24:09.923Z,sell,4.9e-07,1200.0,0.000588
GTO/BTC,1603578535988,2020-10-24T22:28:55.988Z,sell,4.9e-07,3590.0,0.0017591
GTO/BTC,1603579982349,2020-10-24T22:53:02.349Z,sell,4.9e-07,25126.0,0.01231174
GTO/BTC,1603579982349,2020-10-24T22:53:02.349Z,sell,4.9e-07,25126.0,0.01231174
GTO/BTC,1603583172292,2020-10-24T23:46:12.292Z,buy,5e-07,57000.0,0.0284999999999999
GTO/BTC,1603583172292,2020-10-24T23:46:12.292Z,buy,5e-07,57000.0,0.0284999999999999
GTO/BTC,1603584096850,2020-10-25T00:01:36.850Z,buy,5e-07,363.0,0.0001815
GTO/BTC,1603584096850,2020-10-25T00:01:36.850Z,buy,5e-07,363.0,0.0001815
GTO/BTC,1603587158969,2020-10-25T00:52:38.969Z,buy,5e-07,30000.0,0.015
GTO/BTC,1603587253388,2020-10-25T00:54:13.388Z,buy,5e-07,4563.0,0.0022815
GTO/BTC,1603587535966,2020-10-25T00:58:55.966Z,buy,5e-07,19714.0,0.009857
GTO/BTC,1603587535966,2020-10-25T00:58:55.966Z,buy,5e-07,19714.0,0.009857
GTO/BTC,1603587741247,2020-10-25T01:02:21.247Z,buy,5e-07,8507.0,0.0042534999999999
GTO/BTC,1603587754309,2020-10-25T01:02:34.309Z,buy,5e-07,4427.0,0.0022134999999999
GTO/BTC,1603587871064,2020-10-25T01:04:31.064Z,buy,5e-07,200.0,0.0001
GTO/BTC,1603587871064,2020-10-25T01:04:31.064Z,buy,5e-07,200.0,0.0001
GTO/BTC,1603593457792,2020-10-25T02:37:37.792Z,buy,5e-07,15853.0,0.0079265
GTO/BTC,1603593457792,2020-10-25T02:37:37.792Z,buy,5e-07,15853.0,0.0079265
GTO/BTC,1603596767510,2020-10-25T03:32:47.510Z,sell,4.9e-07,12267.0,0.00601083
GTO/BTC,1603596781998,2020-10-25T03:33:01.998Z,sell,4.9e-07,5499.0,0.00269451
GTO/BTC,1603596782248,2020-10-25T03:33:02.248Z,sell,4.9e-07,22000.0,0.01078
GTO/BTC,1603596782249,2020-10-25T03:33:02.249Z,sell,4.9e-07,40352.0,0.01977248
GTO/BTC,1603596802826,2020-10-25T03:33:22.826Z,sell,4.9e-07,16219.0,0.0079473099999999
GTO/BTC,1603596803090,2020-10-25T03:33:23.090Z,sell,4.9e-07,44342.0,0.02172758
GTO/BTC,1603596803094,2020-10-25T03:33:23.094Z,sell,4.9e-07,26623.0,0.01304527
GTO/BTC,1603596803941,2020-10-25T03:33:23.941Z,buy,4.9e-07,446.0,0.0002185399999999
GTO/BTC,1603596803941,2020-10-25T03:33:23.941Z,buy,4.9e-07,446.0,0.0002185399999999
GTO/BTC,1603597365536,2020-10-25T03:42:45.536Z,buy,4.9e-07,1222.0,0.0005987799999999
GTO/BTC,1603597461906,2020-10-25T03:44:21.906Z,buy,4.9e-07,2574.0,0.00126126
GTO/BTC,1603598522077,2020-10-25T04:02:02.077Z,buy,4.9e-07,8400.0,0.004116
GTO/BTC,1603599125290,2020-10-25T04:12:05.290Z,buy,4.9e-07,3418.0,0.0016748199999999
GTO/BTC,1603599158901,2020-10-25T04:12:38.901Z,sell,4.8e-07,3541.0,0.0016996799999999
GTO/BTC,1603599158901,2020-10-25T04:12:38.901Z,sell,4.8e-07,12000.0,0.0057599999999999
GTO/BTC,1603599158901,2020-10-25T04:12:38.901Z,sell,4.8e-07,18265.0,0.0087672
GTO/BTC,1603599158901,2020-10-25T04:12:38.901Z,sell,4.8e-07,19714.0,0.0094627199999999
GTO/BTC,1603599187015,2020-10-25T04:13:07.015Z,sell,4.8e-07,8630.0,0.0041423999999999
GTO/BTC,1603599308633,2020-10-25T04:15:08.633Z,buy,4.9e-07,19982.0,0.00979118
GTO/BTC,1603599461596,2020-10-25T04:17:41.596Z,buy,4.9e-07,219.0,0.0001073099999999
GTO/BTC,1603599896976,2020-10-25T04:24:56.976Z,buy,4.9e-07,40816.0,0.0199998399999999
GTO/BTC,1603599896976,2020-10-25T04:24:56.976Z,buy,4.9e-07,40816.0,0.0199998399999999
GTO/BTC,1603601601357,2020-10-25T04:53:21.357Z,buy,4.9e-07,10000.0,0.0049
GTO/BTC,1603602175631,2020-10-25T05:02:55.631Z,buy,4.9e-07,59000.0,0.0289099999999999
GTO/BTC,1603602175631,2020-10-25T05:02:55.631Z,buy,4.9e-07,59000.0,0.0289099999999999
GTO/BTC,1603603966953,2020-10-25T05:32:46.953Z,sell,4.8e-07,10140.0,0.0048671999999999
GTO/BTC,1603604372270,2020-10-25T05:39:32.270Z,buy,4.9e-07,215.0,0.00010535
GTO/BTC,1603604704441,2020-10-25T05:45:04.441Z,buy,4.9e-07,30251.0,0.01482299
GTO/BTC,1603604721273,2020-10-25T05:45:21.273Z,buy,4.9e-07,52040.0,0.0254995999999999
GTO/BTC,1603604728008,2020-10-25T05:45:28.008Z,buy,4.9e-07,18621.0,0.00912429
GTO/BTC,1603604729503,2020-10-25T05:45:29.503Z,buy,4.9e-07,22000.0,0.01078
GTO/BTC,1603604744406,2020-10-25T05:45:44.406Z,buy,4.9e-07,1544.0,0.00075656
GTO/BTC,1603604755880,2020-10-25T05:45:55.880Z,buy,4.9e-07,16177.0,0.00792673
GTO/BTC,1603604784580,2020-10-25T05:46:24.580Z,buy,4.9e-07,12739.0,0.0062421099999999
GTO/BTC,1603604784779,2020-10-25T05:46:24.779Z,buy,4.9e-07,8671.0,0.00424879
GTO/BTC,1603604785670,2020-10-25T05:46:25.670Z,buy,4.9e-07,10583.0,0.00518567
GTO/BTC,1603604785673,2020-10-25T05:46:25.673Z,buy,4.9e-07,12170.0,0.0059632999999999
GTO/BTC,1603604811871,2020-10-25T05:46:51.871Z,buy,4.9e-07,250.0,0.0001225
GTO/BTC,1603604817301,2020-10-25T05:46:57.301Z,sell,4.8e-07,49627.0,0.02382096
GTO/BTC,1603604817577,2020-10-25T05:46:57.577Z,sell,4.8e-07,14778.0,0.0070934399999999
GTO/BTC,1603604817580,2020-10-25T05:46:57.580Z,sell,4.8e-07,14774.0,0.00709152
GTO/BTC,1603604821100,2020-10-25T05:47:01.100Z,sell,4.8e-07,19502.0,0.00936096
GTO/BTC,1603604821899,2020-10-25T05:47:01.899Z,sell,4.8e-07,14312.0,0.0068697599999999
GTO/BTC,1603604836186,2020-10-25T05:47:16.186Z,buy,4.9e-07,344.0,0.00016856
GTO/BTC,1603604850701,2020-10-25T05:47:30.701Z,buy,4.9e-07,2040.0,0.0009996
GTO/BTC,1603604861163,2020-10-25T05:47:41.163Z,buy,4.9e-07,254.0,0.0001244599999999
GTO/BTC,1603604861214,2020-10-25T05:47:41.214Z,buy,4.9e-07,317.0,0.00015533
GTO/BTC,1603604908884,2020-10-25T05:48:28.884Z,buy,4.9e-07,369.0,0.00018081
GTO/BTC,1603605144883,2020-10-25T05:52:24.883Z,sell,4.8e-07,92593.0,0.0444446399999999
GTO/BTC,1603605403573,2020-10-25T05:56:43.573Z,buy,4.9e-07,70000.0,0.0343
GTO/BTC,1603605422850,2020-10-25T05:57:02.850Z,sell,4.8e-07,23832.0,0.0114393599999999
GTO/BTC,1603605484110,2020-10-25T05:58:04.110Z,buy,4.9e-07,266.0,0.00013034
GTO/BTC,1603605484110,2020-10-25T05:58:04.110Z,buy,4.9e-07,266.0,0.00013034
GTO/BTC,1603605946610,2020-10-25T06:05:46.610Z,buy,4.9e-07,1122.0,0.0005497799999999
GTO/BTC,1603605952178,2020-10-25T06:05:52.178Z,buy,4.9e-07,423.0,0.0002072699999999
GTO/BTC,1603607648116,2020-10-25T06:34:08.116Z,buy,4.9e-07,11770.0,0.0057672999999999
GTO/BTC,1603607880520,2020-10-25T06:38:00.520Z,sell,4.8e-07,3404.0,0.0016339199999999
GTO/BTC,1603607939259,2020-10-25T06:38:59.259Z,buy,4.9e-07,8164.0,0.00400036
GTO/BTC,1603607939259,2020-10-25T06:38:59.259Z,buy,4.9e-07,8164.0,0.00400036
GTO/BTC,1603609348915,2020-10-25T07:02:28.915Z,sell,4.8e-07,699.0,0.0003355199999999
GTO/BTC,1603609454283,2020-10-25T07:04:14.283Z,buy,4.9e-07,414303.0,0.20300847
GTO/BTC,1603609512390,2020-10-25T07:05:12.390Z,buy,4.9e-07,223500.0,0.1095149999999999
GTO/BTC,1603609566313,2020-10-25T07:06:06.313Z,buy,4.9e-07,21102.0,0.0103399799999999
GTO/BTC,1603609568078,2020-10-25T07:06:08.078Z,buy,4.9e-07,326942.0,0.1602015799999999
GTO/BTC,1603609568084,2020-10-25T07:06:08.084Z,sell,4.9e-07,83068.0,0.0407033199999999
GTO/BTC,1603609568144,2020-10-25T07:06:08.144Z,buy,4.9e-07,53300.0,0.0261169999999999
GTO/BTC,1603609587170,2020-10-25T07:06:27.170Z,buy,4.9e-07,51.0,2.499e-05
GTO/BTC,1603609591423,2020-10-25T07:06:31.423Z,sell,4.9e-07,78616.0,0.0385218399999999
GTO/BTC,1603609619712,2020-10-25T07:06:59.712Z,sell,4.9e-07,75792.0,0.03713808
GTO/BTC,1603609620722,2020-10-25T07:07:00.722Z,sell,4.9e-07,2700.0,0.001323
GTO/BTC,1603610840151,2020-10-25T07:27:20.151Z,sell,4.9e-07,20258.0,0.00992642
GTO/BTC,1603610981694,2020-10-25T07:29:41.694Z,buy,5e-07,9206.0,0.0046029999999999
GTO/BTC,1603611136234,2020-10-25T07:32:16.234Z,buy,5e-07,17639.0,0.0088195
GTO/BTC,1603611491165,2020-10-25T07:38:11.165Z,sell,4.9e-07,172931.0,0.0847361899999999
GTO/BTC,1603611491165,2020-10-25T07:38:11.165Z,sell,4.9e-07,172931.0,0.0847361899999999
GTO/BTC,1603611660515,2020-10-25T07:41:00.515Z,sell,4.9e-07,1122.0,0.0005497799999999
GTO/BTC,1603611660859,2020-10-25T07:41:00.859Z,sell,4.9e-07,1153.0,0.0005649699999999
GTO/BTC,1603611676426,2020-10-25T07:41:16.426Z,sell,4.9e-07,32887.0,0.0161146299999999
GTO/BTC,1603611677789,2020-10-25T07:41:17.789Z,sell,4.9e-07,30626.0,0.01500674
GTO/BTC,1603611678789,2020-10-25T07:41:18.789Z,sell,4.9e-07,15225.0,0.00746025
GTO/BTC,1603611788560,2020-10-25T07:43:08.560Z,sell,4.9e-07,21080.0,0.0103291999999999
GTO/BTC,1603611982421,2020-10-25T07:46:22.421Z,sell,4.9e-07,296.0,0.0001450399999999
GTO/BTC,1603614568837,2020-10-25T08:29:28.837Z,sell,4.9e-07,425.0,0.00020825
GTO/BTC,1603614899338,2020-10-25T08:34:59.338Z,sell,4.9e-07,2333.0,0.00114317
GTO/BTC,1603614899338,2020-10-25T08:34:59.338Z,sell,4.9e-07,2333.0,0.00114317
GTO/BTC,1603615550741,2020-10-25T08:45:50.741Z,sell,4.9e-07,2677.0,0.0013117299999999
GTO/BTC,1603615550755,2020-10-25T08:45:50.755Z,sell,4.9e-07,1608.0,0.0007879199999999
GTO/BTC,1603615551049,2020-10-25T08:45:51.049Z,sell,4.9e-07,27044.0,0.0132515599999999
GTO/BTC,1603616458660,2020-10-25T09:00:58.660Z,buy,5e-07,303.0,0.0001515
GTO/BTC,1603617630940,2020-10-25T09:20:30.940Z,buy,5e-07,119866.0,0.059933
GTO/BTC,1603618016782,2020-10-25T09:26:56.782Z,sell,4.9e-07,14986.0,0.00734314
GTO/BTC,1603618016782,2020-10-25T09:26:56.782Z,sell,4.9e-07,14986.0,0.00734314
GTO/BTC,1603618906716,2020-10-25T09:41:46.716Z,sell,4.9e-07,6712.0,0.0032888799999999
GTO/BTC,1603619653644,2020-10-25T09:54:13.644Z,sell,4.9e-07,1171.0,0.0005737899999999
GTO/BTC,1603619658758,2020-10-25T09:54:18.758Z,sell,4.9e-07,1171.0,0.0005737899999999
GTO/BTC,1603619667083,2020-10-25T09:54:27.083Z,sell,4.9e-07,5213.0,0.00255437
GTO/BTC,1603619712870,2020-10-25T09:55:12.870Z,sell,4.9e-07,6384.0,0.0031281599999999
GTO/BTC,1603619736283,2020-10-25T09:55:36.283Z,sell,4.9e-07,6384.0,0.0031281599999999
GTO/BTC,1603619759227,2020-10-25T09:55:59.227Z,sell,4.9e-07,1776.0,0.00087024
GTO/BTC,1603619781017,2020-10-25T09:56:21.017Z,sell,4.9e-07,4608.0,0.00225792
GTO/BTC,1603619782692,2020-10-25T09:56:22.692Z,sell,4.9e-07,5411.0,0.00265139
GTO/BTC,1603619803928,2020-10-25T09:56:43.928Z,sell,4.9e-07,973.0,0.0004767699999999
GTO/BTC,1603619829454,2020-10-25T09:57:09.454Z,sell,4.9e-07,6384.0,0.0031281599999999
GTO/BTC,1603619852430,2020-10-25T09:57:32.430Z,sell,4.9e-07,6384.0,0.0031281599999999
GTO/BTC,1603619875752,2020-10-25T09:57:55.752Z,sell,4.9e-07,4561.0,0.00223489
GTO/BTC,1603619897070,2020-10-25T09:58:17.070Z,sell,4.9e-07,1823.0,0.0008932699999999
GTO/BTC,1603619922336,2020-10-25T09:58:42.336Z,sell,4.9e-07,6384.0,0.0031281599999999
GTO/BTC,1603619945242,2020-10-25T09:59:05.242Z,sell,4.9e-07,6384.0,0.0031281599999999
GTO/BTC,1603619989261,2020-10-25T09:59:49.261Z,buy,5e-07,14483.0,0.0072415
GTO/BTC,1603619989759,2020-10-25T09:59:49.759Z,sell,4.9e-07,6254.0,0.0030644599999999
GTO/BTC,1603619991651,2020-10-25T09:59:51.651Z,sell,4.9e-07,5232.0,0.00256368
GTO/BTC,1603619992028,2020-10-25T09:59:52.028Z,buy,5e-07,4442.0,0.002221
GTO/BTC,1603620251473,2020-10-25T10:04:11.473Z,buy,5e-07,15380.0,0.00769
GTO/BTC,1603620271864,2020-10-25T10:04:31.864Z,buy,5e-07,19217.0,0.0096084999999999
GTO/BTC,1603620393903,2020-10-25T10:06:33.903Z,sell,4.9e-07,7631.0,0.00373919
GTO/BTC,1603620421379,2020-10-25T10:07:01.379Z,sell,4.9e-07,12061.0,0.0059098899999999
GTO/BTC,1603620443787,2020-10-25T10:07:23.787Z,sell,4.9e-07,12061.0,0.0059098899999999
GTO/BTC,1603620465213,2020-10-25T10:07:45.213Z,sell,4.9e-07,10781.0,0.00528269
GTO/BTC,1603620465782,2020-10-25T10:07:45.782Z,sell,4.9e-07,4972.0,0.00243628
GTO/BTC,1603620489142,2020-10-25T10:08:09.142Z,sell,4.9e-07,525.0,0.00025725
GTO/BTC,1603620512207,2020-10-25T10:08:32.207Z,sell,4.9e-07,5809.0,0.0028464099999999
GTO/BTC,1603620513294,2020-10-25T10:08:33.294Z,sell,4.9e-07,8476.0,0.00415324
GTO/BTC,1603620537637,2020-10-25T10:08:57.637Z,sell,4.9e-07,2927.0,0.0014342299999999
GTO/BTC,1603620559235,2020-10-25T10:09:19.235Z,sell,4.9e-07,2927.0,0.0014342299999999
GTO/BTC,1603620606845,2020-10-25T10:10:06.845Z,sell,4.9e-07,2927.0,0.0014342299999999
GTO/BTC,1603620720703,2020-10-25T10:12:00.703Z,sell,4.9e-07,51290.0,0.0251320999999999
GTO/BTC,1603620778515,2020-10-25T10:12:58.515Z,buy,5e-07,300.0,0.00015
GTO/BTC,1603621008828,2020-10-25T10:16:48.828Z,sell,4.9e-07,2508.0,0.0012289199999999
GTO/BTC,1603621102306,2020-10-25T10:18:22.306Z,sell,4.9e-07,9130.0,0.0044737
GTO/BTC,1603621394116,2020-10-25T10:23:14.116Z,sell,4.9e-07,3571.0,0.00174979
GTO/BTC,1603621394120,2020-10-25T10:23:14.120Z,sell,4.9e-07,3571.0,0.00174979
GTO/BTC,1603621394122,2020-10-25T10:23:14.122Z,sell,4.9e-07,3571.0,0.00174979
GTO/BTC,1603621394124,2020-10-25T10:23:14.124Z,sell,4.9e-07,3571.0,0.00174979
GTO/BTC,1603621394125,2020-10-25T10:23:14.125Z,sell,4.9e-07,3571.0,0.00174979
GTO/BTC,1603621394127,2020-10-25T10:23:14.127Z,sell,4.9e-07,3571.0,0.00174979
GTO/BTC,1603621394134,2020-10-25T10:23:14.134Z,sell,4.9e-07,78740.0,0.0385825999999999
GTO/BTC,1603621394134,2020-10-25T10:23:14.134Z,sell,4.9e-07,78740.0,0.0385825999999999
GTO/BTC,1603621704618,2020-10-25T10:28:24.618Z,sell,4.9e-07,14320.0,0.0070167999999999
GTO/BTC,1603621705183,2020-10-25T10:28:25.183Z,sell,4.9e-07,86665.0,0.04246585
GTO/BTC,1603621712756,2020-10-25T10:28:32.756Z,sell,4.9e-07,16591.0,0.0081295899999999
GTO/BTC,1603621713299,2020-10-25T10:28:33.299Z,sell,4.9e-07,13449.0,0.0065900099999999
GTO/BTC,1603621773228,2020-10-25T10:29:33.228Z,sell,4.9e-07,671217.0,0.3288963299999999
GTO/BTC,1603621773229,2020-10-25T10:29:33.229Z,sell,4.9e-07,212636.0,0.1041916399999999
GTO/BTC,1603621775582,2020-10-25T10:29:35.582Z,sell,4.8e-07,41200.0,0.019776
GTO/BTC,1603622355596,2020-10-25T10:39:15.596Z,buy,4.9e-07,712053.0,0.3489059699999999
GTO/BTC,1603622355604,2020-10-25T10:39:15.604Z,sell,4.9e-07,367001.0,0.1798304899999999
GTO/BTC,1603622355606,2020-10-25T10:39:15.606Z,sell,4.9e-07,2628.0,0.00128772
GTO/BTC,1603622355612,2020-10-25T10:39:15.612Z,sell,4.9e-07,30458.0,0.0149244199999999
GTO/BTC,1603622355616,2020-10-25T10:39:15.616Z,sell,4.9e-07,6704.0,0.00328496
GTO/BTC,1603622355620,2020-10-25T10:39:15.620Z,sell,4.9e-07,1758.0,0.0008614199999999
GTO/BTC,1603622355664,2020-10-25T10:39:15.664Z,sell,4.9e-07,679602.0,0.3330049799999999
GTO/BTC,1603622355666,2020-10-25T10:39:15.666Z,sell,4.9e-07,671.0,0.00032879
GTO/BTC,1603622355670,2020-10-25T10:39:15.670Z,sell,4.9e-07,1346.0,0.0006595399999999
GTO/BTC,1603622355841,2020-10-25T10:39:15.841Z,sell,4.9e-07,2768.0,0.0013563199999999
GTO/BTC,1603622857348,2020-10-25T10:47:37.348Z,buy,5e-07,497.0,0.0002484999999999
GTO/BTC,1603622885353,2020-10-25T10:48:05.353Z,sell,4.9e-07,1000.0,0.00049
GTO/BTC,1603624324910,2020-10-25T11:12:04.910Z,sell,4.9e-07,31948.0,0.0156545199999999
GTO/BTC,1603624324910,2020-10-25T11:12:04.910Z,sell,4.9e-07,31948.0,0.0156545199999999
GTO/BTC,1603625843354,2020-10-25T11:37:23.354Z,sell,4.9e-07,44348.0,0.02173052
GTO/BTC,1603626081341,2020-10-25T11:41:21.341Z,buy,5e-07,38498.0,0.019249
GTO/BTC,1603626086024,2020-10-25T11:41:26.024Z,buy,5e-07,46167.0,0.0230835
GTO/BTC,1603626091896,2020-10-25T11:41:31.896Z,buy,5e-07,12832.0,0.006416
GTO/BTC,1603626092180,2020-10-25T11:41:32.180Z,buy,5e-07,9451.0,0.0047255
GTO/BTC,1603626106222,2020-10-25T11:41:46.222Z,buy,5e-07,257.0,0.0001285
GTO/BTC,1603626130213,2020-10-25T11:42:10.213Z,buy,5e-07,2670.0,0.001335
GTO/BTC,1603626130922,2020-10-25T11:42:10.922Z,buy,5e-07,39994.0,0.0199969999999999
GTO/BTC,1603626137432,2020-10-25T11:42:17.432Z,buy,5e-07,2586.0,0.0012929999999999
GTO/BTC,1603626166277,2020-10-25T11:42:46.277Z,sell,4.9e-07,188679.0,0.09245271
GTO/BTC,1603626192930,2020-10-25T11:43:12.930Z,buy,5e-07,8000.0,0.004
GTO/BTC,1603626208520,2020-10-25T11:43:28.520Z,buy,5e-07,1299.0,0.0006495
GTO/BTC,1603626253847,2020-10-25T11:44:13.847Z,buy,5e-07,3035.0,0.0015175
GTO/BTC,1603626318282,2020-10-25T11:45:18.282Z,buy,5e-07,201.0,0.0001004999999999
GTO/BTC,1603626320561,2020-10-25T11:45:20.561Z,buy,5e-07,201.0,0.0001004999999999
GTO/BTC,1603626323358,2020-10-25T11:45:23.358Z,buy,5e-07,201.0,0.0001004999999999
GTO/BTC,1603626327609,2020-10-25T11:45:27.609Z,buy,5e-07,201.0,0.0001004999999999
GTO/BTC,1603626330791,2020-10-25T11:45:30.791Z,buy,5e-07,201.0,0.0001004999999999
GTO/BTC,1603626338311,2020-10-25T11:45:38.311Z,buy,5e-07,201.0,0.0001004999999999
GTO/BTC,1603626356149,2020-10-25T11:45:56.149Z,buy,5e-07,201.0,0.0001004999999999
GTO/BTC,1603626360638,2020-10-25T11:46:00.638Z,buy,5e-07,201.0,0.0001004999999999
GTO/BTC,1603626366497,2020-10-25T11:46:06.497Z,buy,5e-07,201.0,0.0001004999999999
GTO/BTC,1603626369654,2020-10-25T11:46:09.654Z,buy,5e-07,3539.0,0.0017695
GTO/BTC,1603626372621,2020-10-25T11:46:12.621Z,buy,5e-07,201.0,0.0001004999999999
GTO/BTC,1603626382449,2020-10-25T11:46:22.449Z,buy,5e-07,201.0,0.0001004999999999
GTO/BTC,1603626390508,2020-10-25T11:46:30.508Z,buy,5e-07,201.0,0.0001004999999999
GTO/BTC,1603626395369,2020-10-25T11:46:35.369Z,buy,5e-07,201.0,0.0001004999999999
GTO/BTC,1603626404579,2020-10-25T11:46:44.579Z,buy,5e-07,201.0,0.0001004999999999
GTO/BTC,1603626409744,2020-10-25T11:46:49.744Z,buy,5e-07,8143.0,0.0040715
GTO/BTC,1603626415268,2020-10-25T11:46:55.268Z,buy,5e-07,201.0,0.0001004999999999
GTO/BTC,1603626426438,2020-10-25T11:47:06.438Z,buy,5e-07,201.0,0.0001004999999999
GTO/BTC,1603626439184,2020-10-25T11:47:19.184Z,buy,5e-07,201.0,0.0001004999999999
GTO/BTC,1603626452126,2020-10-25T11:47:32.126Z,buy,5e-07,201.0,0.0001004999999999
GTO/BTC,1603626475005,2020-10-25T11:47:55.005Z,buy,5e-07,201.0,0.0001004999999999
GTO/BTC,1603626494047,2020-10-25T11:48:14.047Z,buy,5e-07,201.0,0.0001004999999999
GTO/BTC,1603626504745,2020-10-25T11:48:24.745Z,buy,5e-07,201.0,0.0001004999999999
GTO/BTC,1603626517144,2020-10-25T11:48:37.144Z,buy,5e-07,201.0,0.0001004999999999
GTO/BTC,1603626526493,2020-10-25T11:48:46.493Z,buy,5e-07,201.0,0.0001004999999999
GTO/BTC,1603626536314,2020-10-25T11:48:56.314Z,buy,5e-07,201.0,0.0001004999999999
GTO/BTC,1603626552817,2020-10-25T11:49:12.817Z,buy,5e-07,201.0,0.0001004999999999
GTO/BTC,1603626575536,2020-10-25T11:49:35.536Z,buy,5e-07,1924.0,0.000962
GTO/BTC,1603626591190,2020-10-25T11:49:51.190Z,buy,5e-07,201.0,0.0001004999999999
GTO/BTC,1603626606499,2020-10-25T11:50:06.499Z,buy,5e-07,201.0,0.0001004999999999
GTO/BTC,1603626628031,2020-10-25T11:50:28.031Z,buy,5e-07,201.0,0.0001004999999999
GTO/BTC,1603626651115,2020-10-25T11:50:51.115Z,buy,5e-07,4082.0,0.002041
GTO/BTC,1603626654801,2020-10-25T11:50:54.801Z,buy,5e-07,201.0,0.0001004999999999
GTO/BTC,1603626676047,2020-10-25T11:51:16.047Z,buy,5e-07,201.0,0.0001004999999999
GTO/BTC,1603626688918,2020-10-25T11:51:28.918Z,buy,5e-07,201.0,0.0001004999999999
GTO/BTC,1603626716299,2020-10-25T11:51:56.299Z,buy,5e-07,201.0,0.0001004999999999
GTO/BTC,1603627323845,2020-10-25T12:02:03.845Z,buy,5e-07,53929.0,0.0269645
GTO/BTC,1603627356786,2020-10-25T12:02:36.786Z,buy,5e-07,201.0,0.0001004999999999
GTO/BTC,1603627362311,2020-10-25T12:02:42.311Z,buy,5e-07,201.0,0.0001004999999999
GTO/BTC,1603627373538,2020-10-25T12:02:53.538Z,buy,5e-07,201.0,0.0001004999999999
GTO/BTC,1603627390911,2020-10-25T12:03:10.911Z,buy,5e-07,201.0,0.0001004999999999
GTO/BTC,1603627423050,2020-10-25T12:03:43.050Z,buy,5e-07,201.0,0.0001004999999999
GTO/BTC,1603627509678,2020-10-25T12:05:09.678Z,buy,5e-07,201.0,0.0001004999999999
GTO/BTC,1603627604583,2020-10-25T12:06:44.583Z,buy,5e-07,6639.0,0.0033195
GTO/BTC,1603627642895,2020-10-25T12:07:22.895Z,buy,5e-07,201.0,0.0001004999999999
GTO/BTC,1603627642895,2020-10-25T12:07:22.895Z,buy,5e-07,201.0,0.0001004999999999
GTO/BTC,1603628073627,2020-10-25T12:14:33.627Z,buy,5e-07,201.0,0.0001004999999999
GTO/BTC,1603628077182,2020-10-25T12:14:37.182Z,buy,5e-07,201.0,0.0001004999999999
GTO/BTC,1603628078594,2020-10-25T12:14:38.594Z,buy,5e-07,16746.0,0.008373
GTO/BTC,1603628079515,2020-10-25T12:14:39.515Z,buy,5e-07,201.0,0.0001004999999999
GTO/BTC,1603628082249,2020-10-25T12:14:42.249Z,buy,5e-07,201.0,0.0001004999999999
GTO/BTC,1603628086790,2020-10-25T12:14:46.790Z,buy,5e-07,201.0,0.0001004999999999
GTO/BTC,1603628090615,2020-10-25T12:14:50.615Z,buy,5e-07,201.0,0.0001004999999999
GTO/BTC,1603628090644,2020-10-25T12:14:50.644Z,buy,5e-07,40659.0,0.0203295
GTO/BTC,1603628093878,2020-10-25T12:14:53.878Z,buy,5e-07,201.0,0.0001004999999999
GTO/BTC,1603628096703,2020-10-25T12:14:56.703Z,buy,5e-07,9305.0,0.0046524999999999
GTO/BTC,1603628102142,2020-10-25T12:15:02.142Z,buy,5e-07,9761.0,0.0048804999999999
GTO/BTC,1603628103051,2020-10-25T12:15:03.051Z,buy,5e-07,201.0,0.0001004999999999
GTO/BTC,1603628107871,2020-10-25T12:15:07.871Z,buy,5e-07,201.0,0.0001004999999999
GTO/BTC,1603628110717,2020-10-25T12:15:10.717Z,buy,5e-07,1229.0,0.0006144999999999
GTO/BTC,1603628113186,2020-10-25T12:15:13.186Z,buy,5e-07,201.0,0.0001004999999999
GTO/BTC,1603628115271,2020-10-25T12:15:15.271Z,buy,5e-07,40000.0,0.02
GTO/BTC,1603628116510,2020-10-25T12:15:16.510Z,buy,5e-07,201.0,0.0001004999999999
GTO/BTC,1603628116516,2020-10-25T12:15:16.516Z,buy,5e-07,76405.0,0.0382025
GTO/BTC,1603628119910,2020-10-25T12:15:19.910Z,buy,5e-07,23222.0,0.011611
GTO/BTC,1603628120681,2020-10-25T12:15:20.681Z,buy,5e-07,201.0,0.0001004999999999
GTO/BTC,1603628126049,2020-10-25T12:15:26.049Z,buy,5e-07,201.0,0.0001004999999999
GTO/BTC,1603628130649,2020-10-25T12:15:30.649Z,buy,5e-07,3700.0,0.0018499999999999
GTO/BTC,1603628133385,2020-10-25T12:15:33.385Z,buy,5e-07,6298.0,0.003149
GTO/BTC,1603628137192,2020-10-25T12:15:37.192Z,buy,5e-07,125631.0,0.0628155
GTO/BTC,1603628156615,2020-10-25T12:15:56.615Z,buy,5e-07,21957.0,0.0109784999999999
GTO/BTC,1603628157432,2020-10-25T12:15:57.432Z,buy,5e-07,201.0,0.0001004999999999
GTO/BTC,1603628159917,2020-10-25T12:15:59.917Z,buy,5e-07,28911.0,0.0144555
GTO/BTC,1603628160131,2020-10-25T12:16:00.131Z,buy,5e-07,13657.0,0.0068284999999999
GTO/BTC,1603628160303,2020-10-25T12:16:00.303Z,buy,5e-07,201.0,0.0001004999999999
GTO/BTC,1603628161630,2020-10-25T12:16:01.630Z,buy,5e-07,101926.0,0.0509629999999999
GTO/BTC,1603628161634,2020-10-25T12:16:01.634Z,buy,5e-07,29284.0,0.0146419999999999
GTO/BTC,1603628161734,2020-10-25T12:16:01.734Z,buy,5e-07,97896.0,0.048948
GTO/BTC,1603628161857,2020-10-25T12:16:01.857Z,buy,5e-07,91148.0,0.0455739999999999
GTO/BTC,1603628162648,2020-10-25T12:16:02.648Z,buy,5e-07,201.0,0.0001004999999999
GTO/BTC,1603628167276,2020-10-25T12:16:07.276Z,buy,5e-07,201.0,0.0001004999999999
GTO/BTC,1603628168174,2020-10-25T12:16:08.174Z,buy,5e-07,400000.0,0.1999999999999999
GTO/BTC,1603628168308,2020-10-25T12:16:08.308Z,buy,5e-07,4573.0,0.0022865
GTO/BTC,1603628168308,2020-10-25T12:16:08.308Z,buy,5e-07,4573.0,0.0022865
GTO/BTC,1603628168308,2020-10-25T12:16:08.308Z,buy,5e-07,4573.0,0.0022865
GTO/BTC,1603628168308,2020-10-25T12:16:08.308Z,buy,5e-07,4573.0,0.0022865
GTO/BTC,1603628168309,2020-10-25T12:16:08.309Z,buy,5e-07,4573.0,0.0022865
GTO/BTC,1603628168309,2020-10-25T12:16:08.309Z,buy,5e-07,4573.0,0.0022865
GTO/BTC,1603628168309,2020-10-25T12:16:08.309Z,buy,5e-07,4573.0,0.0022865
GTO/BTC,1603628168310,2020-10-25T12:16:08.310Z,buy,5e-07,4573.0,0.0022865
GTO/BTC,1603628168310,2020-10-25T12:16:08.310Z,buy,5e-07,4573.0,0.0022865
GTO/BTC,1603628168311,2020-10-25T12:16:08.311Z,buy,5e-07,4573.0,0.0022865
GTO/BTC,1603628168311,2020-10-25T12:16:08.311Z,buy,5e-07,4573.0,0.0022865
GTO/BTC,1603628168311,2020-10-25T12:16:08.311Z,buy,5e-07,4573.0,0.0022865
GTO/BTC,1603628168311,2020-10-25T12:16:08.311Z,buy,5e-07,4573.0,0.0022865
GTO/BTC,1603628168311,2020-10-25T12:16:08.311Z,buy,5e-07,4573.0,0.0022865
GTO/BTC,1603628168311,2020-10-25T12:16:08.311Z,buy,5e-07,4573.0,0.0022865
GTO/BTC,1603628168311,2020-10-25T12:16:08.311Z,buy,5e-07,4573.0,0.0022865
GTO/BTC,1603628168311,2020-10-25T12:16:08.311Z,buy,5e-07,4573.0,0.0022865
GTO/BTC,1603628168311,2020-10-25T12:16:08.311Z,buy,5e-07,4573.0,0.0022865
GTO/BTC,1603628168312,2020-10-25T12:16:08.312Z,buy,5e-07,4573.0,0.0022865
GTO/BTC,1603628168313,2020-10-25T12:16:08.313Z,buy,5e-07,4573.0,0.0022865
GTO/BTC,1603628168313,2020-10-25T12:16:08.313Z,buy,5e-07,4573.0,0.0022865
GTO/BTC,1603628168313,2020-10-25T12:16:08.313Z,buy,5e-07,4573.0,0.0022865
GTO/BTC,1603628168313,2020-10-25T12:16:08.313Z,buy,5e-07,4573.0,0.0022865
GTO/BTC,1603628168313,2020-10-25T12:16:08.313Z,buy,5e-07,4573.0,0.0022865
GTO/BTC,1603628168313,2020-10-25T12:16:08.313Z,buy,5e-07,4573.0,0.0022865
GTO/BTC,1603628168313,2020-10-25T12:16:08.313Z,buy,5e-07,4573.0,0.0022865
GTO/BTC,1603628168313,2020-10-25T12:16:08.313Z,buy,5e-07,4573.0,0.0022865
GTO/BTC,1603628168313,2020-10-25T12:16:08.313Z,buy,5e-07,4573.0,0.0022865
GTO/BTC,1603628168314,2020-10-25T12:16:08.314Z,buy,5e-07,4573.0,0.0022865
GTO/BTC,1603628168314,2020-10-25T12:16:08.314Z,buy,5e-07,46489.0,0.0232444999999999
GTO/BTC,1603628168314,2020-10-25T12:16:08.314Z,buy,5e-07,4573.0,0.0022865
GTO/BTC,1603628168315,2020-10-25T12:16:08.315Z,buy,5e-07,38904.0,0.019452
GTO/BTC,1603628168315,2020-10-25T12:16:08.315Z,buy,5e-07,4573.0,0.0022865
GTO/BTC,1603628168315,2020-10-25T12:16:08.315Z,buy,5e-07,4573.0,0.0022865
GTO/BTC,1603628168315,2020-10-25T12:16:08.315Z,buy,5e-07,4573.0,0.0022865
GTO/BTC,1603628168315,2020-10-25T12:16:08.315Z,buy,5e-07,4573.0,0.0022865
GTO/BTC,1603628168315,2020-10-25T12:16:08.315Z,buy,5e-07,4573.0,0.0022865
GTO/BTC,1603628168316,2020-10-25T12:16:08.316Z,buy,5e-07,4573.0,0.0022865
GTO/BTC,1603628168316,2020-10-25T12:16:08.316Z,buy,5e-07,4573.0,0.0022865
GTO/BTC,1603628168316,2020-10-25T12:16:08.316Z,buy,5e-07,4573.0,0.0022865
GTO/BTC,1603628168316,2020-10-25T12:16:08.316Z,buy,5e-07,4573.0,0.0022865
GTO/BTC,1603628168316,2020-10-25T12:16:08.316Z,buy,5e-07,4573.0,0.0022865
GTO/BTC,1603628168316,2020-10-25T12:16:08.316Z,buy,5e-07,4573.0,0.0022865
GTO/BTC,1603628168320,2020-10-25T12:16:08.320Z,buy,5e-07,4573.0,0.0022865
GTO/BTC,1603628168321,2020-10-25T12:16:08.321Z,buy,5e-07,4573.0,0.0022865
GTO/BTC,1603628168321,2020-10-25T12:16:08.321Z,buy,5e-07,4573.0,0.0022865
GTO/BTC,1603628168322,2020-10-25T12:16:08.322Z,buy,5e-07,102921.0,0.0514605
GTO/BTC,1603628168334,2020-10-25T12:16:08.334Z,buy,5e-07,38904.0,0.019452
GTO/BTC,1603628168354,2020-10-25T12:16:08.354Z,buy,5e-07,41982.0,0.020991
GTO/BTC,1603628168382,2020-10-25T12:16:08.382Z,buy,5e-07,4573.0,0.0022865
GTO/BTC,1603628169693,2020-10-25T12:16:09.693Z,buy,5e-07,201.0,0.0001004999999999
GTO/BTC,1603628172219,2020-10-25T12:16:12.219Z,buy,5e-07,201.0,0.0001004999999999
GTO/BTC,1603628176944,2020-10-25T12:16:16.944Z,buy,5e-07,201.0,0.0001004999999999
GTO/BTC,1603628178612,2020-10-25T12:16:18.612Z,buy,5e-07,3020.0,0.0015099999999999
GTO/BTC,1603628178612,2020-10-25T12:16:18.612Z,buy,5e-07,3020.0,0.0015099999999999
GTO/BTC,1603628178612,2020-10-25T12:16:18.612Z,buy,5e-07,3020.0,0.0015099999999999
GTO/BTC,1603628178612,2020-10-25T12:16:18.612Z,buy,5e-07,3020.0,0.0015099999999999
GTO/BTC,1603628178612,2020-10-25T12:16:18.612Z,buy,5e-07,3020.0,0.0015099999999999
GTO/BTC,1603628178613,2020-10-25T12:16:18.613Z,buy,5e-07,3020.0,0.0015099999999999
GTO/BTC,1603628178613,2020-10-25T12:16:18.613Z,buy,5e-07,3020.0,0.0015099999999999
GTO/BTC,1603628178613,2020-10-25T12:16:18.613Z,buy,5e-07,3020.0,0.0015099999999999
GTO/BTC,1603628178613,2020-10-25T12:16:18.613Z,buy,5e-07,3020.0,0.0015099999999999
GTO/BTC,1603628178613,2020-10-25T12:16:18.613Z,buy,5e-07,3020.0,0.0015099999999999
GTO/BTC,1603628178614,2020-10-25T12:16:18.614Z,buy,5e-07,3020.0,0.0015099999999999
GTO/BTC,1603628178614,2020-10-25T12:16:18.614Z,buy,5e-07,3020.0,0.0015099999999999
GTO/BTC,1603628178614,2020-10-25T12:16:18.614Z,buy,5e-07,3020.0,0.0015099999999999
GTO/BTC,1603628178614,2020-10-25T12:16:18.614Z,buy,5e-07,3020.0,0.0015099999999999
GTO/BTC,1603628178614,2020-10-25T12:16:18.614Z,buy,5e-07,3020.0,0.0015099999999999
GTO/BTC,1603628178614,2020-10-25T12:16:18.614Z,buy,5e-07,3020.0,0.0015099999999999
GTO/BTC,1603628178615,2020-10-25T12:16:18.615Z,buy,5e-07,3020.0,0.0015099999999999
GTO/BTC,1603628178615,2020-10-25T12:16:18.615Z,buy,5e-07,3020.0,0.0015099999999999
GTO/BTC,1603628178615,2020-10-25T12:16:18.615Z,buy,5e-07,3020.0,0.0015099999999999
GTO/BTC,1603628178615,2020-10-25T12:16:18.615Z,buy,5e-07,3020.0,0.0015099999999999
GTO/BTC,1603628178615,2020-10-25T12:16:18.615Z,buy,5e-07,3020.0,0.0015099999999999
GTO/BTC,1603628178615,2020-10-25T12:16:18.615Z,buy,5e-07,3020.0,0.0015099999999999
GTO/BTC,1603628178615,2020-10-25T12:16:18.615Z,buy,5e-07,3020.0,0.0015099999999999
GTO/BTC,1603628178615,2020-10-25T12:16:18.615Z,buy,5e-07,3020.0,0.0015099999999999
GTO/BTC,1603628178617,2020-10-25T12:16:18.617Z,buy,5e-07,3020.0,0.0015099999999999
GTO/BTC,1603628178617,2020-10-25T12:16:18.617Z,buy,5e-07,46545.0,0.0232724999999999
GTO/BTC,1603628178617,2020-10-25T12:16:18.617Z,buy,5e-07,3020.0,0.0015099999999999
GTO/BTC,1603628178617,2020-10-25T12:16:18.617Z,buy,5e-07,3020.0,0.0015099999999999
GTO/BTC,1603628178617,2020-10-25T12:16:18.617Z,buy,5e-07,3020.0,0.0015099999999999
GTO/BTC,1603628178618,2020-10-25T12:16:18.618Z,buy,5e-07,3020.0,0.0015099999999999
GTO/BTC,1603628178618,2020-10-25T12:16:18.618Z,buy,5e-07,3020.0,0.0015099999999999
GTO/BTC,1603628178618,2020-10-25T12:16:18.618Z,buy,5e-07,3020.0,0.0015099999999999
GTO/BTC,1603628178618,2020-10-25T12:16:18.618Z,buy,5e-07,3020.0,0.0015099999999999
GTO/BTC,1603628178619,2020-10-25T12:16:18.619Z,buy,5e-07,3020.0,0.0015099999999999
GTO/BTC,1603628178619,2020-10-25T12:16:18.619Z,buy,5e-07,3020.0,0.0015099999999999
GTO/BTC,1603628178619,2020-10-25T12:16:18.619Z,buy,5e-07,38904.0,0.019452
GTO/BTC,1603628178619,2020-10-25T12:16:18.619Z,buy,5e-07,3020.0,0.0015099999999999
GTO/BTC,1603628178619,2020-10-25T12:16:18.619Z,buy,5e-07,3020.0,0.0015099999999999
GTO/BTC,1603628178620,2020-10-25T12:16:18.620Z,buy,5e-07,3020.0,0.0015099999999999
GTO/BTC,1603628178620,2020-10-25T12:16:18.620Z,buy,5e-07,3020.0,0.0015099999999999
GTO/BTC,1603628178620,2020-10-25T12:16:18.620Z,buy,5e-07,3020.0,0.0015099999999999
GTO/BTC,1603628178620,2020-10-25T12:16:18.620Z,buy,5e-07,3020.0,0.0015099999999999
GTO/BTC,1603628178620,2020-10-25T12:16:18.620Z,buy,5e-07,3020.0,0.0015099999999999
GTO/BTC,1603628178621,2020-10-25T12:16:18.621Z,buy,5e-07,3020.0,0.0015099999999999
GTO/BTC,1603628178622,2020-10-25T12:16:18.622Z,buy,5e-07,100000.0,0.0499999999999999
GTO/BTC,1603628178625,2020-10-25T12:16:18.625Z,buy,5e-07,3020.0,0.0015099999999999
GTO/BTC,1603628178625,2020-10-25T12:16:18.625Z,buy,5e-07,3020.0,0.0015099999999999
GTO/BTC,1603628178630,2020-10-25T12:16:18.630Z,buy,5e-07,3020.0,0.0015099999999999
GTO/BTC,1603628179492,2020-10-25T12:16:19.492Z,buy,5e-07,9305.0,0.0046524999999999
GTO/BTC,1603628192092,2020-10-25T12:16:32.092Z,buy,5e-07,201.0,0.0001004999999999
GTO/BTC,1603628194407,2020-10-25T12:16:34.407Z,buy,5e-07,201.0,0.0001004999999999
GTO/BTC,1603628199781,2020-10-25T12:16:39.781Z,buy,5e-07,201.0,0.0001004999999999
GTO/BTC,1603628200342,2020-10-25T12:16:40.342Z,buy,5e-07,19965.0,0.0099825
GTO/BTC,1603628200352,2020-10-25T12:16:40.352Z,buy,5e-07,100000.0,0.0499999999999999
GTO/BTC,1603628201881,2020-10-25T12:16:41.881Z,buy,5e-07,201.0,0.0001004999999999
GTO/BTC,1603628203688,2020-10-25T12:16:43.688Z,buy,5e-07,201.0,0.0001004999999999
GTO/BTC,1603628205684,2020-10-25T12:16:45.684Z,buy,5e-07,201.0,0.0001004999999999
GTO/BTC,1603628211246,2020-10-25T12:16:51.246Z,buy,5e-07,201.0,0.0001004999999999
GTO/BTC,1603628212474,2020-10-25T12:16:52.474Z,buy,5e-07,1906.0,0.000953
GTO/BTC,1603628213517,2020-10-25T12:16:53.517Z,buy,5e-07,5889.0,0.0029445
GTO/BTC,1603628214181,2020-10-25T12:16:54.181Z,buy,5e-07,31016.0,0.015508
GTO/BTC,1603628214413,2020-10-25T12:16:54.413Z,buy,5e-07,201.0,0.0001004999999999
GTO/BTC,1603628215971,2020-10-25T12:16:55.971Z,buy,5e-07,111866.0,0.055933
GTO/BTC,1603628217860,2020-10-25T12:16:57.860Z,buy,5e-07,201.0,0.0001004999999999
GTO/BTC,1603628221415,2020-10-25T12:17:01.415Z,buy,5e-07,201.0,0.0001004999999999
GTO/BTC,1603628253923,2020-10-25T12:17:33.923Z,sell,5e-07,13855.0,0.0069275
GTO/BTC,1603628262930,2020-10-25T12:17:42.930Z,sell,5e-07,40000.0,0.02
GTO/BTC,1603628269317,2020-10-25T12:17:49.317Z,buy,5.1e-07,67427.0,0.03438777
GTO/BTC,1603628274844,2020-10-25T12:17:54.844Z,sell,5e-07,2040.0,0.0010199999999999
GTO/BTC,1603628285152,2020-10-25T12:18:05.152Z,buy,5.1e-07,50758.0,0.02588658
GTO/BTC,1603628286101,2020-10-25T12:18:06.101Z,buy,5.1e-07,201.0,0.0001025099999999
GTO/BTC,1603628289831,2020-10-25T12:18:09.831Z,buy,5.1e-07,200.0,0.000102
GTO/BTC,1603628292675,2020-10-25T12:18:12.675Z,buy,5.1e-07,200.0,0.000102
GTO/BTC,1603628296322,2020-10-25T12:18:16.322Z,buy,5.1e-07,200.0,0.000102
GTO/BTC,1603628299104,2020-10-25T12:18:19.104Z,buy,5.1e-07,211.0,0.00010761
GTO/BTC,1603628299986,2020-10-25T12:18:19.986Z,buy,5.1e-07,200.0,0.000102
GTO/BTC,1603628300393,2020-10-25T12:18:20.393Z,buy,5.1e-07,211.0,0.00010761
GTO/BTC,1603628301527,2020-10-25T12:18:21.527Z,buy,5.1e-07,211.0,0.00010761
GTO/BTC,1603628302003,2020-10-25T12:18:22.003Z,buy,5.1e-07,200.0,0.000102
GTO/BTC,1603628302545,2020-10-25T12:18:22.545Z,buy,5.1e-07,211.0,0.00010761
GTO/BTC,1603628303522,2020-10-25T12:18:23.522Z,buy,5.1e-07,211.0,0.00010761
GTO/BTC,1603628304525,2020-10-25T12:18:24.525Z,buy,5.1e-07,211.0,0.00010761
GTO/BTC,1603628304541,2020-10-25T12:18:24.541Z,buy,5.1e-07,200.0,0.000102
GTO/BTC,1603628305489,2020-10-25T12:18:25.489Z,buy,5.1e-07,211.0,0.00010761
GTO/BTC,1603628306426,2020-10-25T12:18:26.426Z,buy,5.1e-07,211.0,0.00010761
GTO/BTC,1603628307405,2020-10-25T12:18:27.405Z,buy,5.1e-07,211.0,0.00010761
GTO/BTC,1603628308380,2020-10-25T12:18:28.380Z,buy,5.1e-07,211.0,0.00010761
GTO/BTC,1603628309129,2020-10-25T12:18:29.129Z,buy,5.1e-07,200.0,0.000102
GTO/BTC,1603628309306,2020-10-25T12:18:29.306Z,buy,5.1e-07,211.0,0.00010761
GTO/BTC,1603628310254,2020-10-25T12:18:30.254Z,buy,5.1e-07,211.0,0.00010761
GTO/BTC,1603628311165,2020-10-25T12:18:31.165Z,buy,5.1e-07,211.0,0.00010761
GTO/BTC,1603628312113,2020-10-25T12:18:32.113Z,buy,5.1e-07,211.0,0.00010761
GTO/BTC,1603628313097,2020-10-25T12:18:33.097Z,buy,5.1e-07,211.0,0.00010761
GTO/BTC,1603628314173,2020-10-25T12:18:34.173Z,buy,5.1e-07,211.0,0.00010761
GTO/BTC,1603628314632,2020-10-25T12:18:34.632Z,buy,5.1e-07,200.0,0.000102
GTO/BTC,1603628315327,2020-10-25T12:18:35.327Z,buy,5.1e-07,212.0,0.00010812
GTO/BTC,1603628316162,2020-10-25T12:18:36.162Z,buy,5.1e-07,212.0,0.00010812
GTO/BTC,1603628317222,2020-10-25T12:18:37.222Z,buy,5.1e-07,211.0,0.00010761
GTO/BTC,1603628317898,2020-10-25T12:18:37.898Z,buy,5.1e-07,212.0,0.00010812
GTO/BTC,1603628318773,2020-10-25T12:18:38.773Z,buy,5.1e-07,212.0,0.00010812
GTO/BTC,1603628319021,2020-10-25T12:18:39.021Z,buy,5.1e-07,200.0,0.000102
GTO/BTC,1603628319787,2020-10-25T12:18:39.787Z,buy,5.1e-07,212.0,0.00010812
GTO/BTC,1603628320737,2020-10-25T12:18:40.737Z,buy,5.1e-07,211.0,0.00010761
GTO/BTC,1603628321717,2020-10-25T12:18:41.717Z,buy,5.1e-07,212.0,0.00010812
GTO/BTC,1603628322509,2020-10-25T12:18:42.509Z,buy,5.1e-07,212.0,0.00010812
GTO/BTC,1603628323372,2020-10-25T12:18:43.372Z,buy,5.1e-07,212.0,0.00010812
GTO/BTC,1603628323649,2020-10-25T12:18:43.649Z,buy,5.1e-07,200.0,0.000102
GTO/BTC,1603628324654,2020-10-25T12:18:44.654Z,buy,5.1e-07,211.0,0.00010761
GTO/BTC,1603628325607,2020-10-25T12:18:45.607Z,buy,5.1e-07,212.0,0.00010812
GTO/BTC,1603628326848,2020-10-25T12:18:46.848Z,buy,5.1e-07,212.0,0.00010812
GTO/BTC,1603628327670,2020-10-25T12:18:47.670Z,buy,5.1e-07,9841.0,0.00501891
GTO/BTC,1603628329709,2020-10-25T12:18:49.709Z,buy,5.1e-07,211.0,0.00010761
GTO/BTC,1603628330749,2020-10-25T12:18:50.749Z,buy,5.1e-07,211.0,0.00010761
GTO/BTC,1603628331177,2020-10-25T12:18:51.177Z,buy,5.1e-07,200.0,0.000102
GTO/BTC,1603628331745,2020-10-25T12:18:51.745Z,buy,5.1e-07,211.0,0.00010761
GTO/BTC,1603628332774,2020-10-25T12:18:52.774Z,buy,5.1e-07,211.0,0.00010761
GTO/BTC,1603628333764,2020-10-25T12:18:53.764Z,buy,5.1e-07,211.0,0.00010761
GTO/BTC,1603628334854,2020-10-25T12:18:54.854Z,buy,5.1e-07,211.0,0.00010761
GTO/BTC,1603628335033,2020-10-25T12:18:55.033Z,buy,5.1e-07,35329.0,0.01801779
GTO/BTC,1603628336000,2020-10-25T12:18:56.000Z,buy,5.1e-07,212.0,0.00010812
GTO/BTC,1603628337078,2020-10-25T12:18:57.078Z,buy,5.1e-07,212.0,0.00010812
GTO/BTC,1603628338207,2020-10-25T12:18:58.207Z,buy,5.1e-07,212.0,0.00010812
GTO/BTC,1603628339020,2020-10-25T12:18:59.020Z,buy,5.1e-07,200.0,0.000102
GTO/BTC,1603628339369,2020-10-25T12:18:59.369Z,buy,5.1e-07,212.0,0.00010812
GTO/BTC,1603628340435,2020-10-25T12:19:00.435Z,buy,5.1e-07,211.0,0.00010761
GTO/BTC,1603628341365,2020-10-25T12:19:01.365Z,buy,5.1e-07,211.0,0.00010761
GTO/BTC,1603628342130,2020-10-25T12:19:02.130Z,buy,5.1e-07,200.0,0.000102
GTO/BTC,1603628342461,2020-10-25T12:19:02.461Z,buy,5.1e-07,211.0,0.00010761
GTO/BTC,1603628343534,2020-10-25T12:19:03.534Z,buy,5.1e-07,211.0,0.00010761
GTO/BTC,1603628344673,2020-10-25T12:19:04.673Z,buy,5.1e-07,212.0,0.00010812
GTO/BTC,1603628345872,2020-10-25T12:19:05.872Z,buy,5.1e-07,212.0,0.00010812
GTO/BTC,1603628346934,2020-10-25T12:19:06.934Z,buy,5.1e-07,211.0,0.00010761
GTO/BTC,1603628347702,2020-10-25T12:19:07.702Z,buy,5.1e-07,200.0,0.000102
GTO/BTC,1603628347999,2020-10-25T12:19:07.999Z,buy,5.1e-07,211.0,0.00010761
GTO/BTC,1603628349122,2020-10-25T12:19:09.122Z,buy,5.1e-07,211.0,0.00010761
GTO/BTC,1603628350288,2020-10-25T12:19:10.288Z,buy,5.1e-07,211.0,0.00010761
GTO/BTC,1603628351464,2020-10-25T12:19:11.464Z,buy,5.1e-07,211.0,0.00010761
GTO/BTC,1603628352679,2020-10-25T12:19:12.679Z,buy,5.1e-07,212.0,0.00010812
GTO/BTC,1603628353471,2020-10-25T12:19:13.471Z,buy,5.1e-07,200.0,0.000102
GTO/BTC,1603628356437,2020-10-25T12:19:16.437Z,buy,5.1e-07,17058.0,0.00869958
GTO/BTC,1603628358776,2020-10-25T12:19:18.776Z,buy,5.1e-07,212.0,0.00010812
GTO/BTC,1603628360762,2020-10-25T12:19:20.762Z,buy,5.1e-07,212.0,0.00010812
GTO/BTC,1603628362104,2020-10-25T12:19:22.104Z,buy,5.1e-07,200.0,0.000102
GTO/BTC,1603628362324,2020-10-25T12:19:22.324Z,buy,5.1e-07,212.0,0.00010812
GTO/BTC,1603628364028,2020-10-25T12:19:24.028Z,buy,5.1e-07,212.0,0.00010812
GTO/BTC,1603628365253,2020-10-25T12:19:25.253Z,buy,5.1e-07,212.0,0.00010812
GTO/BTC,1603628366431,2020-10-25T12:19:26.431Z,buy,5.1e-07,212.0,0.00010812
GTO/BTC,1603628367524,2020-10-25T12:19:27.524Z,buy,5.1e-07,212.0,0.00010812
GTO/BTC,1603628368691,2020-10-25T12:19:28.691Z,buy,5.1e-07,212.0,0.00010812
GTO/BTC,1603628369054,2020-10-25T12:19:29.054Z,buy,5.1e-07,200.0,0.000102
GTO/BTC,1603628369797,2020-10-25T12:19:29.797Z,buy,5.1e-07,211.0,0.00010761
GTO/BTC,1603628372254,2020-10-25T12:19:32.254Z,buy,5.1e-07,629.0,0.00032079
GTO/BTC,1603628375223,2020-10-25T12:19:35.223Z,buy,5.1e-07,2887.0,0.00147237
GTO/BTC,1603628377375,2020-10-25T12:19:37.375Z,buy,5.1e-07,200.0,0.000102
GTO/BTC,1603628379973,2020-10-25T12:19:39.973Z,buy,5.1e-07,46617.0,0.0237746699999999
GTO/BTC,1603628379977,2020-10-25T12:19:39.977Z,buy,5.1e-07,14086.0,0.00718386
GTO/BTC,1603628380102,2020-10-25T12:19:40.102Z,buy,5.1e-07,38022.0,0.01939122
GTO/BTC,1603628381851,2020-10-25T12:19:41.851Z,buy,5.1e-07,200.0,0.000102
GTO/BTC,1603628385538,2020-10-25T12:19:45.538Z,buy,5.1e-07,211.0,0.00010761
GTO/BTC,1603628386789,2020-10-25T12:19:46.789Z,buy,5.1e-07,212.0,0.00010812
GTO/BTC,1603628389744,2020-10-25T12:19:49.744Z,buy,5.1e-07,200.0,0.000102
GTO/BTC,1603628389847,2020-10-25T12:19:49.847Z,buy,5.1e-07,212.0,0.00010812
GTO/BTC,1603628391278,2020-10-25T12:19:51.278Z,buy,5.1e-07,212.0,0.00010812
GTO/BTC,1603628392726,2020-10-25T12:19:52.726Z,buy,5.1e-07,212.0,0.00010812
GTO/BTC,1603628393872,2020-10-25T12:19:53.872Z,buy,5.1e-07,212.0,0.00010812
GTO/BTC,1603628395234,2020-10-25T12:19:55.234Z,buy,5.1e-07,212.0,0.00010812
GTO/BTC,1603628396422,2020-10-25T12:19:56.422Z,buy,5.1e-07,211.0,0.00010761
GTO/BTC,1603628397692,2020-10-25T12:19:57.692Z,buy,5.1e-07,211.0,0.00010761
GTO/BTC,1603628398266,2020-10-25T12:19:58.266Z,buy,5.1e-07,200.0,0.000102
GTO/BTC,1603628399051,2020-10-25T12:19:59.051Z,buy,5.1e-07,212.0,0.00010812
GTO/BTC,1603628400374,2020-10-25T12:20:00.374Z,buy,5.1e-07,212.0,0.00010812
GTO/BTC,1603628401646,2020-10-25T12:20:01.646Z,buy,5.1e-07,18877.0,0.00962727
GTO/BTC,1603628401654,2020-10-25T12:20:01.654Z,buy,5.1e-07,211.0,0.00010761
GTO/BTC,1603628403627,2020-10-25T12:20:03.627Z,buy,5.1e-07,211.0,0.00010761
GTO/BTC,1603628404439,2020-10-25T12:20:04.439Z,buy,5.1e-07,200.0,0.000102
GTO/BTC,1603628404779,2020-10-25T12:20:04.779Z,buy,5.1e-07,212.0,0.00010812
GTO/BTC,1603628406179,2020-10-25T12:20:06.179Z,buy,5.1e-07,212.0,0.00010812
GTO/BTC,1603628407411,2020-10-25T12:20:07.411Z,buy,5.1e-07,211.0,0.00010761
GTO/BTC,1603628408672,2020-10-25T12:20:08.672Z,buy,5.1e-07,211.0,0.00010761
GTO/BTC,1603628409846,2020-10-25T12:20:09.846Z,buy,5.1e-07,212.0,0.00010812
GTO/BTC,1603628411150,2020-10-25T12:20:11.150Z,buy,5.1e-07,211.0,0.00010761
GTO/BTC,1603628412508,2020-10-25T12:20:12.508Z,buy,5.1e-07,211.0,0.00010761
GTO/BTC,1603628413059,2020-10-25T12:20:13.059Z,buy,5.1e-07,200.0,0.000102
GTO/BTC,1603628413687,2020-10-25T12:20:13.687Z,buy,5.1e-07,212.0,0.00010812
GTO/BTC,1603628415142,2020-10-25T12:20:15.142Z,buy,5.1e-07,212.0,0.00010812
GTO/BTC,1603628416561,2020-10-25T12:20:16.561Z,buy,5.1e-07,212.0,0.00010812
GTO/BTC,1603628418506,2020-10-25T12:20:18.506Z,buy,5.1e-07,200.0,0.000102
GTO/BTC,1603628430051,2020-10-25T12:20:30.051Z,buy,5.1e-07,200.0,0.000102
GTO/BTC,1603628444824,2020-10-25T12:20:44.824Z,buy,5.1e-07,212.0,0.00010812
GTO/BTC,1603628446249,2020-10-25T12:20:46.249Z,buy,5.1e-07,212.0,0.00010812
GTO/BTC,1603628447572,2020-10-25T12:20:47.572Z,buy,5.1e-07,212.0,0.00010812
GTO/BTC,1603628448735,2020-10-25T12:20:48.735Z,buy,5.1e-07,212.0,0.00010812
GTO/BTC,1603628452858,2020-10-25T12:20:52.858Z,buy,5.1e-07,200.0,0.000102
GTO/BTC,1603628459929,2020-10-25T12:20:59.929Z,buy,5.1e-07,200.0,0.000102
GTO/BTC,1603628488535,2020-10-25T12:21:28.535Z,buy,5.1e-07,212.0,0.00010812
GTO/BTC,1603628489526,2020-10-25T12:21:29.526Z,buy,5.1e-07,212.0,0.00010812
GTO/BTC,1603628490220,2020-10-25T12:21:30.220Z,buy,5.1e-07,200.0,0.000102
GTO/BTC,1603628490445,2020-10-25T12:21:30.445Z,buy,5.1e-07,212.0,0.00010812
GTO/BTC,1603628491303,2020-10-25T12:21:31.303Z,buy,5.1e-07,212.0,0.00010812
GTO/BTC,1603628492246,2020-10-25T12:21:32.246Z,buy,5.1e-07,212.0,0.00010812
GTO/BTC,1603628493393,2020-10-25T12:21:33.393Z,buy,5.1e-07,212.0,0.00010812
GTO/BTC,1603628494436,2020-10-25T12:21:34.436Z,buy,5.1e-07,212.0,0.00010812
GTO/BTC,1603628495486,2020-10-25T12:21:35.486Z,buy,5.1e-07,212.0,0.00010812
GTO/BTC,1603628496435,2020-10-25T12:21:36.435Z,buy,5.1e-07,212.0,0.00010812
GTO/BTC,1603628497463,2020-10-25T12:21:37.463Z,buy,5.1e-07,212.0,0.00010812
GTO/BTC,1603628498477,2020-10-25T12:21:38.477Z,buy,5.1e-07,212.0,0.00010812
GTO/BTC,1603628499522,2020-10-25T12:21:39.522Z,buy,5.1e-07,211.0,0.00010761
GTO/BTC,1603628500458,2020-10-25T12:21:40.458Z,buy,5.1e-07,211.0,0.00010761
GTO/BTC,1603628501419,2020-10-25T12:21:41.419Z,buy,5.1e-07,211.0,0.00010761
GTO/BTC,1603628508901,2020-10-25T12:21:48.901Z,sell,5e-07,21343.0,0.0106714999999999
GTO/BTC,1603628512861,2020-10-25T12:21:52.861Z,buy,5.1e-07,212.0,0.00010812
GTO/BTC,1603628515038,2020-10-25T12:21:55.038Z,buy,5.1e-07,200.0,0.000102
GTO/BTC,1603628518095,2020-10-25T12:21:58.095Z,buy,5.1e-07,51235.0,0.02612985
GTO/BTC,1603628519057,2020-10-25T12:21:59.057Z,buy,5.1e-07,200.0,0.000102
GTO/BTC,1603628522443,2020-10-25T12:22:02.443Z,buy,5.1e-07,212.0,0.00010812
GTO/BTC,1603628524022,2020-10-25T12:22:04.022Z,buy,5.1e-07,212.0,0.00010812
GTO/BTC,1603628524063,2020-10-25T12:22:04.063Z,buy,5.1e-07,200.0,0.000102
GTO/BTC,1603628525072,2020-10-25T12:22:05.072Z,buy,5.1e-07,212.0,0.00010812
GTO/BTC,1603628526281,2020-10-25T12:22:06.281Z,buy,5.1e-07,212.0,0.00010812
GTO/BTC,1603628527411,2020-10-25T12:22:07.411Z,buy,5.1e-07,200.0,0.000102
GTO/BTC,1603628527507,2020-10-25T12:22:07.507Z,buy,5.1e-07,212.0,0.00010812
GTO/BTC,1603628528959,2020-10-25T12:22:08.959Z,buy,5.1e-07,212.0,0.00010812
GTO/BTC,1603628530098,2020-10-25T12:22:10.098Z,buy,5.1e-07,211.0,0.00010761
GTO/BTC,1603628530419,2020-10-25T12:22:10.419Z,buy,5.1e-07,200.0,0.000102
GTO/BTC,1603628531134,2020-10-25T12:22:11.134Z,buy,5.1e-07,211.0,0.00010761
GTO/BTC,1603628532220,2020-10-25T12:22:12.220Z,buy,5.1e-07,211.0,0.00010761
GTO/BTC,1603628533350,2020-10-25T12:22:13.350Z,buy,5.1e-07,211.0,0.00010761
GTO/BTC,1603628534195,2020-10-25T12:22:14.195Z,buy,5.1e-07,200.0,0.000102
GTO/BTC,1603628534503,2020-10-25T12:22:14.503Z,buy,5.1e-07,211.0,0.00010761
GTO/BTC,1603628535758,2020-10-25T12:22:15.758Z,buy,5.1e-07,211.0,0.00010761
GTO/BTC,1603628536927,2020-10-25T12:22:16.927Z,buy,5.1e-07,211.0,0.00010761
GTO/BTC,1603628538093,2020-10-25T12:22:18.093Z,buy,5.1e-07,211.0,0.00010761
GTO/BTC,1603628539457,2020-10-25T12:22:19.457Z,buy,5.1e-07,211.0,0.00010761
GTO/BTC,1603628539673,2020-10-25T12:22:19.673Z,buy,5.1e-07,200.0,0.000102
GTO/BTC,1603628553155,2020-10-25T12:22:33.155Z,buy,5.1e-07,200.0,0.000102
GTO/BTC,1603628671165,2020-10-25T12:24:31.165Z,buy,5.1e-07,212.0,0.00010812
GTO/BTC,1603628672121,2020-10-25T12:24:32.121Z,buy,5.1e-07,212.0,0.00010812
GTO/BTC,1603628675445,2020-10-25T12:24:35.445Z,buy,5.1e-07,212.0,0.00010812
GTO/BTC,1603628677260,2020-10-25T12:24:37.260Z,buy,5.1e-07,212.0,0.00010812
GTO/BTC,1603628678882,2020-10-25T12:24:38.882Z,buy,5.1e-07,212.0,0.00010812
GTO/BTC,1603628680082,2020-10-25T12:24:40.082Z,buy,5.1e-07,212.0,0.00010812
GTO/BTC,1603628681039,2020-10-25T12:24:41.039Z,buy,5.1e-07,212.0,0.00010812
GTO/BTC,1603628682009,2020-10-25T12:24:42.009Z,buy,5.1e-07,211.0,0.00010761
GTO/BTC,1603628682994,2020-10-25T12:24:42.994Z,buy,5.1e-07,211.0,0.00010761
GTO/BTC,1603628683976,2020-10-25T12:24:43.976Z,buy,5.1e-07,211.0,0.00010761
GTO/BTC,1603628684886,2020-10-25T12:24:44.886Z,buy,5.1e-07,211.0,0.00010761
GTO/BTC,1603628685701,2020-10-25T12:24:45.701Z,buy,5.1e-07,211.0,0.00010761
GTO/BTC,1603628686516,2020-10-25T12:24:46.516Z,buy,5.1e-07,211.0,0.00010761
GTO/BTC,1603628687256,2020-10-25T12:24:47.256Z,buy,5.1e-07,211.0,0.00010761
GTO/BTC,1603628729515,2020-10-25T12:25:29.515Z,buy,5.1e-07,2218.0,0.00113118
GTO/BTC,1603628735829,2020-10-25T12:25:35.829Z,buy,5.1e-07,2034.0,0.0010373399999999
GTO/BTC,1603628739571,2020-10-25T12:25:39.571Z,buy,5.1e-07,2220.0,0.0011321999999999
GTO/BTC,1603628775415,2020-10-25T12:26:15.415Z,buy,5.1e-07,212.0,0.00010812
GTO/BTC,1603628776520,2020-10-25T12:26:16.520Z,buy,5.1e-07,212.0,0.00010812
GTO/BTC,1603628777636,2020-10-25T12:26:17.636Z,buy,5.1e-07,212.0,0.00010812
GTO/BTC,1603628778716,2020-10-25T12:26:18.716Z,buy,5.1e-07,212.0,0.00010812
GTO/BTC,1603628779946,2020-10-25T12:26:19.946Z,buy,5.1e-07,211.0,0.00010761
GTO/BTC,1603628799602,2020-10-25T12:26:39.602Z,sell,5e-07,7396.0,0.003698
GTO/BTC,1603628818945,2020-10-25T12:26:58.945Z,buy,5.1e-07,212.0,0.00010812
GTO/BTC,1603628938993,2020-10-25T12:28:58.993Z,sell,5e-07,22939.0,0.0114694999999999
GTO/BTC,1603628991190,2020-10-25T12:29:51.190Z,sell,5e-07,2887.0,0.0014435
GTO/BTC,1603629065323,2020-10-25T12:31:05.323Z,buy,5.1e-07,3585.0,0.0018283499999999
GTO/BTC,1603629093491,2020-10-25T12:31:33.491Z,buy,5.1e-07,40037.0,0.02041887
GTO/BTC,1603629093607,2020-10-25T12:31:33.607Z,buy,5.1e-07,9457.0,0.00482307
GTO/BTC,1603629237622,2020-10-25T12:33:57.622Z,buy,5.1e-07,8157.0,0.00416007
GTO/BTC,1603629413014,2020-10-25T12:36:53.014Z,buy,5.1e-07,1762.0,0.0008986199999999
GTO/BTC,1603629698056,2020-10-25T12:41:38.056Z,buy,5.1e-07,45008.0,0.0229540799999999
GTO/BTC,1603629754598,2020-10-25T12:42:34.598Z,sell,5e-07,4666.0,0.002333
GTO/BTC,1603629754657,2020-10-25T12:42:34.657Z,sell,5e-07,14948.0,0.007474
GTO/BTC,1603629754670,2020-10-25T12:42:34.670Z,sell,5e-07,3937.0,0.0019684999999999
GTO/BTC,1603629754684,2020-10-25T12:42:34.684Z,sell,5e-07,14948.0,0.007474
GTO/BTC,1603629754694,2020-10-25T12:42:34.694Z,sell,5e-07,3937.0,0.0019684999999999
GTO/BTC,1603629754707,2020-10-25T12:42:34.707Z,sell,5e-07,14948.0,0.007474
GTO/BTC,1603629754718,2020-10-25T12:42:34.718Z,sell,5e-07,3937.0,0.0019684999999999
GTO/BTC,1603629754735,2020-10-25T12:42:34.735Z,sell,5e-07,8293.0,0.0041465
GTO/BTC,1603629755842,2020-10-25T12:42:35.842Z,sell,5e-07,7071.0,0.0035355
GTO/BTC,1603629771141,2020-10-25T12:42:51.141Z,sell,5e-07,12733.0,0.0063665
GTO/BTC,1603630028072,2020-10-25T12:47:08.072Z,sell,5e-07,4121.0,0.0020605
GTO/BTC,1603630620136,2020-10-25T12:57:00.136Z,buy,5.1e-07,97703.0,0.0498285299999999
GTO/BTC,1603630929152,2020-10-25T13:02:09.152Z,buy,5.1e-07,8758.0,0.0044665799999999
GTO/BTC,1603630932583,2020-10-25T13:02:12.583Z,buy,5.1e-07,199.0,0.0001014899999999
GTO/BTC,1603630991179,2020-10-25T13:03:11.179Z,buy,5.1e-07,5882.0,0.00299982
GTO/BTC,1603630991179,2020-10-25T13:03:11.179Z,buy,5.1e-07,5882.0,0.00299982
GTO/BTC,1603631423675,2020-10-25T13:10:23.675Z,buy,5.1e-07,1961.0,0.00100011
GTO/BTC,1603631729648,2020-10-25T13:15:29.648Z,buy,5.1e-07,885.0,0.00045135
GTO/BTC,1603631805808,2020-10-25T13:16:45.808Z,sell,5e-07,19230.0,0.009615
GTO/BTC,1603632108504,2020-10-25T13:21:48.504Z,buy,5.1e-07,455.0,0.00023205
GTO/BTC,1603633613551,2020-10-25T13:46:53.551Z,sell,5e-07,2504.0,0.0012519999999999
GTO/BTC,1603633618191,2020-10-25T13:46:58.191Z,buy,5.1e-07,2000.0,0.00102
GTO/BTC,1603633618191,2020-10-25T13:46:58.191Z,buy,5.1e-07,2000.0,0.00102
GTO/BTC,1603634860813,2020-10-25T14:07:40.813Z,sell,5e-07,467627.0,0.2338134999999999
GTO/BTC,1603634997512,2020-10-25T14:09:57.512Z,sell,5e-07,37533.0,0.0187665
GTO/BTC,1603635311620,2020-10-25T14:15:11.620Z,buy,5e-07,226.0,0.000113
GTO/BTC,1603635725674,2020-10-25T14:22:05.674Z,buy,5e-07,8219.0,0.0041094999999999
GTO/BTC,1603635770599,2020-10-25T14:22:50.599Z,buy,5e-07,8210.0,0.004105
GTO/BTC,1603635817742,2020-10-25T14:23:37.742Z,buy,5e-07,4910.0,0.0024549999999999
GTO/BTC,1603636800005,2020-10-25T14:40:00.005Z,sell,4.9e-07,886229.0,0.4342522099999999
GTO/BTC,1603636937279,2020-10-25T14:42:17.279Z,buy,5e-07,2000.0,0.001
GTO/BTC,1603636939081,2020-10-25T14:42:19.081Z,buy,5e-07,16000.0,0.008
GTO/BTC,1603637083231,2020-10-25T14:44:43.231Z,sell,4.9e-07,5698.0,0.0027920199999999
GTO/BTC,1603637083231,2020-10-25T14:44:43.231Z,sell,4.9e-07,5698.0,0.0027920199999999
GTO/BTC,1603637654659,2020-10-25T14:54:14.659Z,buy,5e-07,32993.0,0.0164965
GTO/BTC,1603637683713,2020-10-25T14:54:43.713Z,buy,5e-07,4013.0,0.0020065
GTO/BTC,1603638142020,2020-10-25T15:02:22.020Z,buy,5e-07,21034.0,0.010517
GTO/BTC,1603638874141,2020-10-25T15:14:34.141Z,sell,4.9e-07,9841.0,0.0048220899999999
GTO/BTC,1603638896485,2020-10-25T15:14:56.485Z,buy,5e-07,600.0,0.0003
GTO/BTC,1603639012110,2020-10-25T15:16:52.110Z,buy,5e-07,1468.0,0.000734
GTO/BTC,1603639028022,2020-10-25T15:17:08.022Z,buy,5e-07,400.0,0.0001999999999999
GTO/BTC,1603639890160,2020-10-25T15:31:30.160Z,buy,5e-07,69451.0,0.0347255
GTO/BTC,1603640139913,2020-10-25T15:35:39.913Z,buy,5e-07,2022.0,0.001011
GTO/BTC,1603640139913,2020-10-25T15:35:39.913Z,buy,5e-07,2022.0,0.001011
GTO/BTC,1603640784206,2020-10-25T15:46:24.206Z,buy,5e-07,23269.0,0.0116344999999999
GTO/BTC,1603641046037,2020-10-25T15:50:46.037Z,sell,4.9e-07,2143.0,0.00105007
GTO/BTC,1603641763855,2020-10-25T16:02:43.855Z,sell,4.9e-07,61955.0,0.0303579499999999
GTO/BTC,1603642492825,2020-10-25T16:14:52.825Z,sell,4.9e-07,172931.0,0.0847361899999999
GTO/BTC,1603642492838,2020-10-25T16:14:52.838Z,buy,4.9e-07,5889.0,0.00288561
GTO/BTC,1603642492843,2020-10-25T16:14:52.843Z,buy,4.9e-07,5901.0,0.0028914899999999
GTO/BTC,1603642492937,2020-10-25T16:14:52.937Z,buy,4.9e-07,59270.0,0.0290422999999999
GTO/BTC,1603642504553,2020-10-25T16:15:04.553Z,sell,4.8e-07,328.0,0.0001574399999999
GTO/BTC,1603642504553,2020-10-25T16:15:04.553Z,sell,4.8e-07,12198.0,0.00585504
GTO/BTC,1603642504553,2020-10-25T16:15:04.553Z,sell,4.8e-07,8538.0,0.0040982399999999
GTO/BTC,1603642504553,2020-10-25T16:15:04.553Z,sell,4.8e-07,4582.0,0.0021993599999999
GTO/BTC,1603642504553,2020-10-25T16:15:04.553Z,sell,4.8e-07,15341.0,0.0073636799999999
GTO/BTC,1603642622405,2020-10-25T16:17:02.405Z,buy,4.9e-07,416.0,0.00020384
GTO/BTC,1603642622405,2020-10-25T16:17:02.405Z,buy,4.9e-07,416.0,0.00020384
GTO/BTC,1603644236232,2020-10-25T16:43:56.232Z,buy,4.9e-07,31550.0,0.0154595
GTO/BTC,1603644765759,2020-10-25T16:52:45.759Z,sell,4.8e-07,1299.0,0.0006235199999999
GTO/BTC,1603645050437,2020-10-25T16:57:30.437Z,sell,4.8e-07,17639.0,0.0084667199999999
GTO/BTC,1603645364097,2020-10-25T17:02:44.097Z,buy,4.9e-07,263943.0,0.12933207
GTO/BTC,1603645364097,2020-10-25T17:02:44.097Z,buy,4.9e-07,263943.0,0.12933207
GTO/BTC,1603646948698,2020-10-25T17:29:08.698Z,buy,5e-07,6122.0,0.003061
GTO/BTC,1603647527607,2020-10-25T17:38:47.607Z,buy,5e-07,72615.0,0.0363075
GTO/BTC,1603647527607,2020-10-25T17:38:47.607Z,buy,5e-07,72615.0,0.0363075
GTO/BTC,1603649460967,2020-10-25T18:11:00.967Z,buy,5e-07,15383.0,0.0076914999999999
GTO/BTC,1603649567699,2020-10-25T18:12:47.699Z,sell,4.9e-07,363.0,0.0001778699999999
GTO/BTC,1603649606922,2020-10-25T18:13:26.922Z,sell,4.9e-07,15993.0,0.00783657
GTO/BTC,1603649949584,2020-10-25T18:19:09.584Z,sell,4.9e-07,885.0,0.00043365
GTO/BTC,1603650630912,2020-10-25T18:30:30.912Z,sell,4.9e-07,261.0,0.00012789
GTO/BTC,1603650911868,2020-10-25T18:35:11.868Z,sell,4.9e-07,263.0,0.00012887
GTO/BTC,1603650911868,2020-10-25T18:35:11.868Z,sell,4.9e-07,263.0,0.00012887
GTO/BTC,1603651743641,2020-10-25T18:49:03.641Z,sell,4.9e-07,3392.0,0.0016620799999999
GTO/BTC,1603652087569,2020-10-25T18:54:47.569Z,buy,5e-07,1985.0,0.0009925
GTO/BTC,1603652402412,2020-10-25T19:00:02.412Z,buy,5e-07,96309.0,0.0481544999999999
GTO/BTC,1603654329729,2020-10-25T19:32:09.729Z,sell,4.9e-07,10112.0,0.00495488
GTO/BTC,1603654329729,2020-10-25T19:32:09.729Z,sell,4.9e-07,10112.0,0.00495488
GTO/BTC,1603655668957,2020-10-25T19:54:28.957Z,buy,5e-07,92680.0,0.04634
GTO/BTC,1603657647241,2020-10-25T20:27:27.241Z,sell,4.9e-07,35293.0,0.0172935699999999
GTO/BTC,1603657647241,2020-10-25T20:27:27.241Z,sell,4.9e-07,35293.0,0.0172935699999999
GTO/BTC,1603658104937,2020-10-25T20:35:04.937Z,buy,5e-07,5230.0,0.0026149999999999
GTO/BTC,1603658249311,2020-10-25T20:37:29.311Z,buy,5e-07,1838.0,0.000919
GTO/BTC,1603658778622,2020-10-25T20:46:18.622Z,buy,5e-07,27226.0,0.013613
GTO/BTC,1603658784564,2020-10-25T20:46:24.564Z,sell,4.9e-07,53785.0,0.0263546499999999
GTO/BTC,1603660854931,2020-10-25T21:20:54.931Z,sell,4.9e-07,13120.0,0.0064287999999999
GTO/BTC,1603660959634,2020-10-25T21:22:39.634Z,buy,5e-07,27361.0,0.0136805
GTO/BTC,1603660959634,2020-10-25T21:22:39.634Z,buy,5e-07,27361.0,0.0136805
GTO/BTC,1603661326495,2020-10-25T21:28:46.495Z,sell,4.9e-07,78369.0,0.03840081
GTO/BTC,1603662000742,2020-10-25T21:40:00.742Z,sell,4.9e-07,344.0,0.00016856
GTO/BTC,1603663164556,2020-10-25T21:59:24.556Z,sell,4.9e-07,3253.0,0.00159397
GTO/BTC,1603663312563,2020-10-25T22:01:52.563Z,buy,5e-07,3035.0,0.0015175
GTO/BTC,1603664446374,2020-10-25T22:20:46.374Z,sell,4.9e-07,54000.0,0.0264599999999999
GTO/BTC,1603664446374,2020-10-25T22:20:46.374Z,sell,4.9e-07,54000.0,0.0264599999999999
GTO/BTC,1603665055425,2020-10-25T22:30:55.425Z,sell,4.9e-07,386.0,0.00018914
GTO/BTC,1603665288739,2020-10-25T22:34:48.739Z,sell,4.9e-07,12303.0,0.0060284699999999
GTO/BTC,1603665317565,2020-10-25T22:35:17.565Z,sell,4.9e-07,1519.0,0.00074431
GTO/BTC,1603665446574,2020-10-25T22:37:26.574Z,sell,4.9e-07,125505.0,0.0614974499999999
GTO/BTC,1603667610130,2020-10-25T23:13:30.130Z,sell,4.9e-07,96384.0,0.04722816
GTO/BTC,1603667610130,2020-10-25T23:13:30.130Z,sell,4.9e-07,96384.0,0.04722816
GTO/BTC,1603669198252,2020-10-25T23:39:58.252Z,sell,4.9e-07,1906.0,0.00093394
GTO/BTC,1603669962268,2020-10-25T23:52:42.268Z,sell,4.9e-07,156524.0,0.0766967599999999
GTO/BTC,1603670224551,2020-10-25T23:57:04.551Z,sell,4.9e-07,10698.0,0.00524202
GTO/BTC,1603670943264,2020-10-26T00:09:03.264Z,sell,4.9e-07,412.0,0.0002018799999999
GTO/BTC,1603670943264,2020-10-26T00:09:03.264Z,sell,4.9e-07,412.0,0.0002018799999999
GTO/BTC,1603671817192,2020-10-26T00:23:37.192Z,sell,4.9e-07,390795.0,0.1914895499999999
GTO/BTC,1603672789477,2020-10-26T00:39:49.477Z,sell,4.9e-07,349.0,0.0001710099999999
GTO/BTC,1603674011174,2020-10-26T01:00:11.174Z,sell,4.9e-07,16456.0,0.00806344
GTO/BTC,1603674011187,2020-10-26T01:00:11.187Z,sell,4.9e-07,140405.0,0.06879845
GTO/BTC,1603674383444,2020-10-26T01:06:23.444Z,sell,4.9e-07,12599.0,0.0061735099999999
GTO/BTC,1603674383444,2020-10-26T01:06:23.444Z,sell,4.9e-07,12599.0,0.0061735099999999
GTO/BTC,1603674645050,2020-10-26T01:10:45.050Z,sell,4.9e-07,8943.0,0.00438207
GTO/BTC,1603674647877,2020-10-26T01:10:47.877Z,sell,4.9e-07,1147.0,0.0005620299999999
GTO/BTC,1603674756939,2020-10-26T01:12:36.939Z,sell,4.9e-07,1580.0,0.0007742
GTO/BTC,1603675080770,2020-10-26T01:18:00.770Z,sell,4.9e-07,70000.0,0.0343
GTO/BTC,1603675385350,2020-10-26T01:23:05.350Z,sell,4.9e-07,1125.0,0.00055125
GTO/BTC,1603675385350,2020-10-26T01:23:05.350Z,sell,4.9e-07,1125.0,0.00055125
GTO/BTC,1603679668192,2020-10-26T02:34:28.192Z,sell,4.9e-07,27198.0,0.0133270199999999
GTO/BTC,1603679668192,2020-10-26T02:34:28.192Z,sell,4.9e-07,27198.0,0.0133270199999999
GTO/BTC,1603680967047,2020-10-26T02:56:07.047Z,sell,4.9e-07,7393.0,0.00362257
GTO/BTC,1603682519156,2020-10-26T03:21:59.156Z,sell,4.9e-07,304818.0,0.1493608199999999
GTO/BTC,1603682697000,2020-10-26T03:24:57.000Z,buy,5e-07,12395.0,0.0061975
GTO/BTC,1603682697201,2020-10-26T03:24:57.201Z,buy,5e-07,10565.0,0.0052825
GTO/BTC,1603682697538,2020-10-26T03:24:57.538Z,buy,5e-07,8831.0,0.0044155
GTO/BTC,1603682712472,2020-10-26T03:25:12.472Z,buy,5e-07,1154.0,0.0005769999999999
GTO/BTC,1603682712571,2020-10-26T03:25:12.571Z,buy,5e-07,1129.0,0.0005645
GTO/BTC,1603683098652,2020-10-26T03:31:38.652Z,sell,4.9e-07,239847.0,0.1175250299999999
GTO/BTC,1603683098652,2020-10-26T03:31:38.652Z,sell,4.9e-07,239847.0,0.1175250299999999
GTO/BTC,1603687685376,2020-10-26T04:48:05.376Z,sell,4.9e-07,48905.0,0.0239634499999999
GTO/BTC,1603687685376,2020-10-26T04:48:05.376Z,sell,4.9e-07,48905.0,0.0239634499999999
GTO/BTC,1603688802436,2020-10-26T05:06:42.436Z,sell,4.9e-07,12395.0,0.00607355
GTO/BTC,1603688803392,2020-10-26T05:06:43.392Z,sell,4.9e-07,10565.0,0.0051768499999999
