symbol,timestamp,datetime,side,price,amount,btc_volume
GVT/BTC,1585929390390,2020-04-03T15:56:30.390Z,buy,0.0001119,1.84,0.000205896
GVT/BTC,1585929390390,2020-04-03T15:56:30.390Z,buy,0.000112,0.52,5.824e-05
GVT/BTC,1585929694953,2020-04-03T16:01:34.953Z,buy,0.000112,6.53,0.00073136
GVT/BTC,1585929830948,2020-04-03T16:03:50.948Z,buy,0.000112,804.66,0.09012192
GVT/BTC,1585929830960,2020-04-03T16:03:50.960Z,buy,0.000112,369.98,0.04143776
GVT/BTC,1585929950016,2020-04-03T16:05:50.016Z,buy,0.0001122,181.0,0.0203082
GVT/BTC,1585929951431,2020-04-03T16:05:51.431Z,buy,0.0001123,254.14,0.028539922
GVT/BTC,1585930185242,2020-04-03T16:09:45.242Z,buy,0.0001126,10.66,0.001200316
GVT/BTC,1585930241696,2020-04-03T16:10:41.696Z,buy,0.0001126,12.44,0.001400744
GVT/BTC,1585930355097,2020-04-03T16:12:35.097Z,buy,0.0001126,73.94,0.008325644
GVT/BTC,1585930934185,2020-04-03T16:22:14.185Z,sell,0.000112,75.55,0.0084616
GVT/BTC,1585930938039,2020-04-03T16:22:18.039Z,sell,0.000112,438.63,0.04912656
GVT/BTC,1585930938286,2020-04-03T16:22:18.286Z,sell,0.000112,383.06,0.04290272
GVT/BTC,1585930942150,2020-04-03T16:22:22.150Z,sell,0.0001119,475.0,0.0531525
GVT/BTC,1585930942337,2020-04-03T16:22:22.337Z,sell,0.0001119,329.28,0.036846432
GVT/BTC,1585931469511,2020-04-03T16:31:09.511Z,sell,0.000112,3.58,0.00040096
GVT/BTC,1585931469511,2020-04-03T16:31:09.511Z,sell,0.0001119,0.9,0.00010071
GVT/BTC,1585931469511,2020-04-03T16:31:09.511Z,sell,0.0001118,22.16,0.002477488
GVT/BTC,1585932128067,2020-04-03T16:42:08.067Z,buy,0.000112,1.37,0.00015344
GVT/BTC,1585932183439,2020-04-03T16:43:03.439Z,buy,0.0001121,1.84,0.000206264
GVT/BTC,1585932336801,2020-04-03T16:45:36.801Z,buy,0.0001123,296.52,0.0332991959999999
GVT/BTC,1585932362129,2020-04-03T16:46:02.129Z,buy,0.0001125,202.7,0.0228037499999999
GVT/BTC,1585932538735,2020-04-03T16:48:58.735Z,sell,0.000112,4.23,0.00047376
GVT/BTC,1585932538735,2020-04-03T16:48:58.735Z,sell,0.000112,4.23,0.00047376
GVT/BTC,1585933195185,2020-04-03T16:59:55.185Z,sell,0.0001121,1.79,0.000200659
GVT/BTC,1585933195185,2020-04-03T16:59:55.185Z,sell,0.000112,0.21,2.352e-05
GVT/BTC,1585933411611,2020-04-03T17:03:31.611Z,sell,0.000112,498.72,0.05585664
GVT/BTC,1585933787455,2020-04-03T17:09:47.455Z,buy,0.0001123,4.4,0.00049412
GVT/BTC,1585933906973,2020-04-03T17:11:46.973Z,sell,0.0001121,802.85,0.089999485
GVT/BTC,1585933907110,2020-04-03T17:11:47.110Z,buy,0.0001121,197.15,0.022100515
GVT/BTC,1585933923963,2020-04-03T17:12:03.963Z,sell,0.000112,803.85,0.0900312
GVT/BTC,1585934161287,2020-04-03T17:16:01.287Z,buy,0.0001122,6.8,0.00076296
GVT/BTC,1585934165977,2020-04-03T17:16:05.977Z,buy,0.0001123,5.22,0.000586206
GVT/BTC,1585934166089,2020-04-03T17:16:06.089Z,buy,0.0001124,90.0,0.010116
GVT/BTC,1585934315929,2020-04-03T17:18:35.929Z,buy,0.0001126,0.9,0.00010134
GVT/BTC,1585934355711,2020-04-03T17:19:15.711Z,sell,0.0001121,2.0,0.0002242
GVT/BTC,1585935131398,2020-04-03T17:32:11.398Z,buy,0.0001125,4.01,0.000451125
GVT/BTC,1585935464795,2020-04-03T17:37:44.795Z,buy,0.0001126,121.17,0.013643742
GVT/BTC,1585935880489,2020-04-03T17:44:40.489Z,buy,0.0001126,7.14,0.000803964
GVT/BTC,1585935880489,2020-04-03T17:44:40.489Z,buy,0.0001127,10.88,0.001226176
GVT/BTC,1585935880489,2020-04-03T17:44:40.489Z,buy,0.0001128,3.56,0.000401568
GVT/BTC,1585935882943,2020-04-03T17:44:42.943Z,buy,0.0001129,4.46,0.000503534
GVT/BTC,1585935971373,2020-04-03T17:46:11.373Z,buy,0.0001128,1.69,0.000190632
GVT/BTC,1585935971373,2020-04-03T17:46:11.373Z,buy,0.0001129,8.78,0.000991262
GVT/BTC,1585935971373,2020-04-03T17:46:11.373Z,buy,0.000113,4.36,0.00049268
GVT/BTC,1585935971373,2020-04-03T17:46:11.373Z,buy,0.0001131,11.77,0.001331187
GVT/BTC,1585935995153,2020-04-03T17:46:35.153Z,buy,0.000113,1.72,0.00019436
GVT/BTC,1585935995153,2020-04-03T17:46:35.153Z,buy,0.0001131,116.38,0.013162578
GVT/BTC,1585936001004,2020-04-03T17:46:41.004Z,buy,0.0001132,1.77,0.000200364
GVT/BTC,1585936005525,2020-04-03T17:46:45.525Z,buy,0.0001132,197.59,0.022367188
GVT/BTC,1585936099259,2020-04-03T17:48:19.259Z,buy,0.0001132,0.9,0.00010188
GVT/BTC,1585936130644,2020-04-03T17:48:50.644Z,sell,0.000113,0.89,0.00010057
GVT/BTC,1585936131861,2020-04-03T17:48:51.861Z,sell,0.0001127,4.35,0.0004902449999999
GVT/BTC,1585936131861,2020-04-03T17:48:51.861Z,sell,0.0001125,19.41,0.002183625
GVT/BTC,1585936131861,2020-04-03T17:48:51.861Z,sell,0.0001124,2.96,0.0003327039999999
GVT/BTC,1585936133669,2020-04-03T17:48:53.669Z,sell,0.0001125,4.55,0.000511875
GVT/BTC,1585936133669,2020-04-03T17:48:53.669Z,sell,0.0001125,4.55,0.000511875
GVT/BTC,1585936693906,2020-04-03T17:58:13.906Z,buy,0.000113,8.48,0.00095824
GVT/BTC,1585936693906,2020-04-03T17:58:13.906Z,buy,0.0001131,35.81,0.004050111
GVT/BTC,1585936693906,2020-04-03T17:58:13.906Z,buy,0.0001132,391.71,0.0443415719999999
GVT/BTC,1585936695222,2020-04-03T17:58:15.222Z,buy,0.0001132,34.15,0.0038657799999999
GVT/BTC,1585936703326,2020-04-03T17:58:23.326Z,sell,0.0001129,1.78,0.000200962
GVT/BTC,1585936703326,2020-04-03T17:58:23.326Z,sell,0.0001128,0.22,2.4816e-05
GVT/BTC,1585936815562,2020-04-03T18:00:15.562Z,sell,0.0001128,84.23,0.009501144
GVT/BTC,1585937345164,2020-04-03T18:09:05.164Z,sell,0.0001128,94.37,0.010644936
GVT/BTC,1585937365083,2020-04-03T18:09:25.083Z,buy,0.0001128,1152.48,0.129999744
GVT/BTC,1585937365093,2020-04-03T18:09:25.093Z,buy,0.0001128,215.41,0.024298248
GVT/BTC,1585938116455,2020-04-03T18:21:56.455Z,buy,0.0001131,8.43,0.000953433
GVT/BTC,1585938116455,2020-04-03T18:21:56.455Z,buy,0.0001132,4.56,0.000516192
GVT/BTC,1585938116455,2020-04-03T18:21:56.455Z,buy,0.0001133,4.93,0.000558569
GVT/BTC,1585938116455,2020-04-03T18:21:56.455Z,buy,0.0001134,2.08,0.000235872
GVT/BTC,1585938470612,2020-04-03T18:27:50.612Z,buy,0.0001133,4.34,0.000491722
GVT/BTC,1585938470612,2020-04-03T18:27:50.612Z,buy,0.0001134,28.83,0.003269322
GVT/BTC,1585938474704,2020-04-03T18:27:54.704Z,buy,0.0001133,12.0,0.0013596
GVT/BTC,1585938973987,2020-04-03T18:36:13.987Z,sell,0.0001131,1.78,0.000201318
GVT/BTC,1585939055477,2020-04-03T18:37:35.477Z,buy,0.0001133,0.9,0.00010197
GVT/BTC,1585939362462,2020-04-03T18:42:42.462Z,buy,0.0001132,1.77,0.000200364
GVT/BTC,1585939362462,2020-04-03T18:42:42.462Z,buy,0.0001134,8.35,0.00094689
GVT/BTC,1585939362462,2020-04-03T18:42:42.462Z,buy,0.0001135,51.04,0.0057930399999999
GVT/BTC,1585939362462,2020-04-03T18:42:42.462Z,buy,0.0001136,583.6,0.06629696
GVT/BTC,1585939362472,2020-04-03T18:42:42.472Z,sell,0.0001136,30.66,0.003482976
GVT/BTC,1585939362475,2020-04-03T18:42:42.475Z,buy,0.0001134,10.11,0.001146474
GVT/BTC,1585939362568,2020-04-03T18:42:42.568Z,sell,0.0001131,17.42,0.001970202
GVT/BTC,1585939362583,2020-04-03T18:42:42.583Z,sell,0.0001131,30.66,0.003467646
GVT/BTC,1585939362587,2020-04-03T18:42:42.587Z,sell,0.0001131,34.24,0.003872544
GVT/BTC,1585939363927,2020-04-03T18:42:43.927Z,buy,0.0001134,20.55,0.00233037
GVT/BTC,1585939509019,2020-04-03T18:45:09.019Z,buy,0.0001136,193.44,0.021974784
GVT/BTC,1585939509019,2020-04-03T18:45:09.019Z,buy,0.0001137,21.41,0.002434317
GVT/BTC,1585939509019,2020-04-03T18:45:09.019Z,buy,0.0001138,439.31,0.049993478
GVT/BTC,1585939509019,2020-04-03T18:45:09.019Z,buy,0.0001139,16.06,0.001829234
GVT/BTC,1585939509019,2020-04-03T18:45:09.019Z,buy,0.000114,259.41,0.02957274
GVT/BTC,1585939509029,2020-04-03T18:45:09.029Z,sell,0.000114,107.94,0.01230516
GVT/BTC,1585939509034,2020-04-03T18:45:09.034Z,sell,0.000114,112.15,0.0127851
GVT/BTC,1585939509036,2020-04-03T18:45:09.036Z,sell,0.000114,155.13,0.01768482
GVT/BTC,1585939511989,2020-04-03T18:45:11.989Z,sell,0.0001137,4.31,0.000490047
GVT/BTC,1585939601528,2020-04-03T18:46:41.528Z,sell,0.0001137,595.69,0.067729953
GVT/BTC,1585939601734,2020-04-03T18:46:41.734Z,sell,0.0001137,95.64,0.010874268
GVT/BTC,1585939704338,2020-04-03T18:48:24.338Z,sell,0.0001134,4.34,0.000492156
GVT/BTC,1585939704338,2020-04-03T18:48:24.338Z,sell,0.0001133,3.62,0.000410146
GVT/BTC,1585939704338,2020-04-03T18:48:24.338Z,sell,0.0001132,1.04,0.000117728
GVT/BTC,1585939705772,2020-04-03T18:48:25.772Z,sell,0.0001132,168.42,0.019065144
GVT/BTC,1585939705772,2020-04-03T18:48:25.772Z,sell,0.0001131,103.64,0.011721684
GVT/BTC,1585939716366,2020-04-03T18:48:36.366Z,buy,0.0001132,4.0,0.0004528
GVT/BTC,1585939721034,2020-04-03T18:48:41.034Z,buy,0.0001136,758.0,0.0861088
GVT/BTC,1585939723476,2020-04-03T18:48:43.476Z,sell,0.0001131,1.4,0.0001583399999999
GVT/BTC,1585939727029,2020-04-03T18:48:47.029Z,sell,0.0001131,1.0,0.0001131
GVT/BTC,1585939727053,2020-04-03T18:48:47.053Z,sell,0.0001131,1.32,0.000149292
GVT/BTC,1585939732107,2020-04-03T18:48:52.107Z,sell,0.0001131,1.0,0.0001131
GVT/BTC,1585939732107,2020-04-03T18:48:52.107Z,sell,0.0001131,1.0,0.0001131
GVT/BTC,1585939737558,2020-04-03T18:48:57.558Z,sell,0.0001131,8.0,0.0009048
GVT/BTC,1585939747870,2020-04-03T18:49:07.870Z,sell,0.0001131,3.0,0.0003393
GVT/BTC,1585939751531,2020-04-03T18:49:11.531Z,sell,0.0001131,1.7,0.00019227
GVT/BTC,1585939751736,2020-04-03T18:49:11.736Z,sell,0.0001131,1.7,0.00019227
GVT/BTC,1585939772073,2020-04-03T18:49:32.073Z,sell,0.0001131,12.83,0.001451073
GVT/BTC,1585939778354,2020-04-03T18:49:38.354Z,sell,0.0001136,106.25,0.0120699999999999
GVT/BTC,1585939778381,2020-04-03T18:49:38.381Z,sell,0.0001136,4.0,0.0004544
GVT/BTC,1585939778384,2020-04-03T18:49:38.384Z,sell,0.0001136,15.75,0.0017892
GVT/BTC,1585939794581,2020-04-03T18:49:54.581Z,buy,0.0001136,126.0,0.0143136
GVT/BTC,1585939800989,2020-04-03T18:50:00.989Z,buy,0.0001136,650.0,0.07384
GVT/BTC,1585939859308,2020-04-03T18:50:59.308Z,buy,0.0001137,4.35,0.0004945949999999
GVT/BTC,1585939859308,2020-04-03T18:50:59.308Z,buy,0.0001139,410.65,0.046773035
GVT/BTC,1585939893295,2020-04-03T18:51:33.295Z,sell,0.0001134,4.34,0.000492156
GVT/BTC,1585939893316,2020-04-03T18:51:33.316Z,buy,0.0001134,751.98,0.085274532
GVT/BTC,1585939895718,2020-04-03T18:51:35.718Z,buy,0.0001134,135.63,0.015380442
GVT/BTC,1585939974702,2020-04-03T18:52:54.702Z,sell,0.0001133,26.01,0.002946933
GVT/BTC,1585940280795,2020-04-03T18:58:00.795Z,sell,0.0001133,1.8,0.00020394
GVT/BTC,1585940713258,2020-04-03T19:05:13.258Z,sell,0.0001133,1.92,0.000217536
GVT/BTC,1585940764450,2020-04-03T19:06:04.450Z,buy,0.0001134,1.77,0.000200718
GVT/BTC,1585940764450,2020-04-03T19:06:04.450Z,buy,0.0001136,24.19,0.002747984
GVT/BTC,1585940767704,2020-04-03T19:06:07.704Z,buy,0.0001137,95.31,0.010836747
GVT/BTC,1585940771985,2020-04-03T19:06:11.985Z,buy,0.0001138,19.0,0.0021622
GVT/BTC,1585940812009,2020-04-03T19:06:52.009Z,buy,0.0001135,46.93,0.0053265549999999
GVT/BTC,1585941280552,2020-04-03T19:14:40.552Z,sell,0.0001134,4.33,0.000491022
GVT/BTC,1585941280552,2020-04-03T19:14:40.552Z,sell,0.0001133,1.77,0.000200541
GVT/BTC,1585941280552,2020-04-03T19:14:40.552Z,sell,0.0001132,11.98,0.001356136
GVT/BTC,1585941310840,2020-04-03T19:15:10.840Z,buy,0.0001137,4.33,0.000492321
GVT/BTC,1585941311064,2020-04-03T19:15:11.064Z,sell,0.0001137,1.03,0.000117111
GVT/BTC,1585941316910,2020-04-03T19:15:16.910Z,buy,0.0001139,13.0,0.0014807
GVT/BTC,1585941318115,2020-04-03T19:15:18.115Z,buy,0.0001139,12.0,0.0013668
GVT/BTC,1585941318127,2020-04-03T19:15:18.127Z,buy,0.0001139,31.0,0.0035309
GVT/BTC,1585941322050,2020-04-03T19:15:22.050Z,buy,0.0001139,21.0,0.0023919
GVT/BTC,1585941334837,2020-04-03T19:15:34.837Z,sell,0.0001134,4.33,0.000491022
GVT/BTC,1585941334837,2020-04-03T19:15:34.837Z,sell,0.0001133,4.51,0.000510983
GVT/BTC,1585941334837,2020-04-03T19:15:34.837Z,sell,0.0001132,0.16,1.8112e-05
GVT/BTC,1585941503163,2020-04-03T19:18:23.163Z,sell,0.0001132,13.02,0.0014738639999999
GVT/BTC,1585942048292,2020-04-03T19:27:28.292Z,sell,0.0001136,1.77,0.000201072
GVT/BTC,1585942048292,2020-04-03T19:27:28.292Z,sell,0.0001135,10.54,0.0011962899999999
GVT/BTC,1585942073904,2020-04-03T19:27:53.904Z,sell,0.0001135,1.0,0.0001135
GVT/BTC,1585942300808,2020-04-03T19:31:40.808Z,buy,0.0001137,0.89,0.000101193
GVT/BTC,1585942899985,2020-04-03T19:41:39.985Z,sell,0.0001135,85.44,0.00969744
GVT/BTC,1585942899985,2020-04-03T19:41:39.985Z,sell,0.0001134,14.56,0.001651104
GVT/BTC,1585942899985,2020-04-03T19:41:39.985Z,sell,0.0001135,85.44,0.00969744
GVT/BTC,1585942899985,2020-04-03T19:41:39.985Z,sell,0.0001134,14.56,0.001651104
GVT/BTC,1585943338797,2020-04-03T19:48:58.797Z,sell,0.0001134,4.48,0.000508032
GVT/BTC,1585943340024,2020-04-03T19:49:00.024Z,sell,0.0001134,2.73,0.000309582
GVT/BTC,1585943716059,2020-04-03T19:55:16.059Z,sell,0.0001135,1.48,0.00016798
GVT/BTC,1585943898800,2020-04-03T19:58:18.800Z,sell,0.0001135,0.29,3.2915e-05
GVT/BTC,1585943898800,2020-04-03T19:58:18.800Z,sell,0.0001134,398.96,0.045242064
GVT/BTC,1585943898814,2020-04-03T19:58:18.814Z,buy,0.0001134,100.75,0.01142505
GVT/BTC,1585944798874,2020-04-03T20:13:18.874Z,buy,0.0001136,1.77,0.000201072
GVT/BTC,1585944798874,2020-04-03T20:13:18.874Z,buy,0.0001137,0.07,7.959000000000001e-06
GVT/BTC,1585945078482,2020-04-03T20:17:58.482Z,buy,0.0001137,0.89,0.000101193
GVT/BTC,1585945551363,2020-04-03T20:25:51.363Z,buy,0.0001137,18.45,0.0020977649999999
GVT/BTC,1585945551363,2020-04-03T20:25:51.363Z,buy,0.0001139,399.43,0.045495077
GVT/BTC,1585945552387,2020-04-03T20:25:52.387Z,buy,0.000114,290.08,0.03306912
GVT/BTC,1585945552398,2020-04-03T20:25:52.398Z,buy,0.000114,455.23,0.05189622
GVT/BTC,1585945553491,2020-04-03T20:25:53.491Z,buy,0.0001141,196.07,0.022371587
GVT/BTC,1585945619682,2020-04-03T20:26:59.682Z,sell,0.0001143,153.83,0.017582769
GVT/BTC,1585945619717,2020-04-03T20:26:59.717Z,sell,0.0001143,455.23,0.052032789
GVT/BTC,1585945619738,2020-04-03T20:26:59.738Z,sell,0.0001143,277.46,0.0317136779999999
GVT/BTC,1585945750102,2020-04-03T20:29:10.102Z,buy,0.0001143,0.89,0.000101727
GVT/BTC,1585946002486,2020-04-03T20:33:22.486Z,buy,0.0001143,143.62,0.016415766
GVT/BTC,1585946371364,2020-04-03T20:39:31.364Z,buy,0.0001143,33.95,0.003880485
GVT/BTC,1585946371364,2020-04-03T20:39:31.364Z,buy,0.0001144,43.69,0.004998136
GVT/BTC,1585946371364,2020-04-03T20:39:31.364Z,buy,0.0001145,112.36,0.01286522
GVT/BTC,1585946371364,2020-04-03T20:39:31.364Z,buy,0.0001146,282.6,0.03238596
GVT/BTC,1585946379239,2020-04-03T20:39:39.239Z,sell,0.0001146,1.95,0.0002234699999999
GVT/BTC,1585946389285,2020-04-03T20:39:49.285Z,sell,0.0001141,0.88,0.0001004079999999
GVT/BTC,1585946389285,2020-04-03T20:39:49.285Z,sell,0.000114,4.31,0.0004913399999999
GVT/BTC,1585946389285,2020-04-03T20:39:49.285Z,sell,0.0001139,375.4,0.04275806
GVT/BTC,1585946415161,2020-04-03T20:40:15.161Z,buy,0.0001143,100.0,0.01143
GVT/BTC,1585946424238,2020-04-03T20:40:24.238Z,sell,0.0001139,8.88,0.001011432
GVT/BTC,1585946429549,2020-04-03T20:40:29.549Z,buy,0.0001143,55.81,0.006379083
GVT/BTC,1585946430685,2020-04-03T20:40:30.685Z,buy,0.0001144,2.63,0.000300872
GVT/BTC,1585946434918,2020-04-03T20:40:34.918Z,buy,0.0001144,5.29,0.000605176
GVT/BTC,1585946474503,2020-04-03T20:41:14.503Z,buy,0.0001146,81.91,0.0093868859999999
GVT/BTC,1585946488658,2020-04-03T20:41:28.658Z,buy,0.0001144,70.0,0.008008
GVT/BTC,1585946488658,2020-04-03T20:41:28.658Z,buy,0.0001144,70.0,0.008008
GVT/BTC,1585946681883,2020-04-03T20:44:41.883Z,buy,0.0001144,0.88,0.000100672
GVT/BTC,1585946747221,2020-04-03T20:45:47.221Z,sell,0.0001145,48.18,0.00551661
GVT/BTC,1585946748920,2020-04-03T20:45:48.920Z,sell,0.0001145,33.26,0.00380827
GVT/BTC,1585946753120,2020-04-03T20:45:53.120Z,sell,0.0001145,22.48,0.00257396
GVT/BTC,1585946754922,2020-04-03T20:45:54.922Z,sell,0.0001145,15.5,0.00177475
GVT/BTC,1585946756621,2020-04-03T20:45:56.621Z,sell,0.0001145,10.7,0.00122515
GVT/BTC,1585946811737,2020-04-03T20:46:51.737Z,buy,0.0001145,232.31,0.026599495
GVT/BTC,1585946928677,2020-04-03T20:48:48.677Z,sell,0.0001141,3.0,0.0003422999999999
GVT/BTC,1585947063133,2020-04-03T20:51:03.133Z,sell,0.0001141,431.51,0.0492352909999999
GVT/BTC,1585947095097,2020-04-03T20:51:35.097Z,buy,0.0001144,0.89,0.000101816
GVT/BTC,1585947123778,2020-04-03T20:52:03.778Z,buy,0.0001144,99.76,0.011412544
GVT/BTC,1585947123778,2020-04-03T20:52:03.778Z,buy,0.0001145,358.93,0.041097485
GVT/BTC,1585947149896,2020-04-03T20:52:29.896Z,buy,0.0001146,104.46,0.0119711159999999
GVT/BTC,1585947150935,2020-04-03T20:52:30.935Z,buy,0.0001147,311.7,0.03575199
GVT/BTC,1585947156719,2020-04-03T20:52:36.719Z,buy,0.0001149,183.84,0.021123216
GVT/BTC,1585947171716,2020-04-03T20:52:51.716Z,buy,0.0001148,112.55,0.01292074
GVT/BTC,1585947171716,2020-04-03T20:52:51.716Z,buy,0.0001149,168.16,0.019321584
GVT/BTC,1585947171716,2020-04-03T20:52:51.716Z,buy,0.000115,322.93,0.03713695
GVT/BTC,1585947171722,2020-04-03T20:52:51.722Z,sell,0.000115,487.09,0.05601535
GVT/BTC,1585947189856,2020-04-03T20:53:09.856Z,buy,0.0001151,182.88,0.021049488
GVT/BTC,1585947206353,2020-04-03T20:53:26.353Z,sell,0.0001151,995.04,0.114529104
GVT/BTC,1585948201613,2020-04-03T21:10:01.613Z,sell,0.0001147,4.27,0.0004897689999999
GVT/BTC,1585948202618,2020-04-03T21:10:02.618Z,sell,0.0001147,25.86,0.0029661419999999
GVT/BTC,1585948244065,2020-04-03T21:10:44.065Z,sell,0.0001148,1.75,0.0002009
GVT/BTC,1585948321778,2020-04-03T21:12:01.778Z,sell,0.0001144,7.92,0.000906048
GVT/BTC,1585948333924,2020-04-03T21:12:13.924Z,sell,0.000114,4.3,0.0004902
GVT/BTC,1585948333924,2020-04-03T21:12:13.924Z,sell,0.0001139,3.62,0.000412318
GVT/BTC,1585948333924,2020-04-03T21:12:13.924Z,sell,0.0001137,2.74,0.000311538
GVT/BTC,1585948377586,2020-04-03T21:12:57.586Z,sell,0.0001139,43.28,0.004929592
GVT/BTC,1585948382002,2020-04-03T21:13:02.002Z,buy,0.0001139,31.88,0.003631132
GVT/BTC,1585948391323,2020-04-03T21:13:11.323Z,sell,0.0001137,1.57,0.000178509
GVT/BTC,1585948391442,2020-04-03T21:13:11.442Z,buy,0.0001137,61.22,0.006960714
GVT/BTC,1585948392538,2020-04-03T21:13:12.538Z,buy,0.0001137,42.47,0.004828839
GVT/BTC,1585948402137,2020-04-03T21:13:22.137Z,sell,0.0001135,96.92,0.01100042
GVT/BTC,1585948402236,2020-04-03T21:13:22.236Z,buy,0.0001135,95.21,0.0108063349999999
GVT/BTC,1585948402305,2020-04-03T21:13:22.305Z,buy,0.0001135,613.57,0.069640195
GVT/BTC,1585948405963,2020-04-03T21:13:25.963Z,buy,0.0001139,1.68,0.000191352
GVT/BTC,1585948405963,2020-04-03T21:13:25.963Z,buy,0.000114,870.15,0.0991971
GVT/BTC,1585948405990,2020-04-03T21:13:25.990Z,buy,0.000114,28.77,0.00327978
GVT/BTC,1585948418383,2020-04-03T21:13:38.383Z,buy,0.0001143,17.5,0.00200025
GVT/BTC,1585948418712,2020-04-03T21:13:38.712Z,buy,0.0001144,7.92,0.000906048
GVT/BTC,1585948418712,2020-04-03T21:13:38.712Z,buy,0.0001147,35.83,0.0041097009999999
GVT/BTC,1585948418716,2020-04-03T21:13:38.716Z,buy,0.0001147,16.63,0.0019074609999999
GVT/BTC,1585948418875,2020-04-03T21:13:38.875Z,buy,0.0001147,21.88,0.002509636
GVT/BTC,1585948418973,2020-04-03T21:13:38.973Z,buy,0.0001147,13.13,0.001506011
GVT/BTC,1585948419000,2020-04-03T21:13:39.000Z,buy,0.0001147,8.75,0.001003625
GVT/BTC,1585948419089,2020-04-03T21:13:39.089Z,buy,0.0001147,21.88,0.002509636
GVT/BTC,1585948419294,2020-04-03T21:13:39.294Z,buy,0.0001147,4.38,0.000502386
GVT/BTC,1585948419547,2020-04-03T21:13:39.547Z,buy,0.0001147,17.5,0.00200725
GVT/BTC,1585948419586,2020-04-03T21:13:39.586Z,buy,0.0001147,17.5,0.00200725
GVT/BTC,1585948419610,2020-04-03T21:13:39.610Z,buy,0.0001147,13.13,0.001506011
GVT/BTC,1585948419633,2020-04-03T21:13:39.633Z,buy,0.0001147,0.89,0.0001020829999999
GVT/BTC,1585948419638,2020-04-03T21:13:39.638Z,buy,0.0001147,87.49,0.0100351029999999
GVT/BTC,1585948419651,2020-04-03T21:13:39.651Z,buy,0.0001147,35.0,0.0040145
GVT/BTC,1585948419664,2020-04-03T21:13:39.664Z,buy,0.0001147,0.89,0.0001020829999999
GVT/BTC,1585948419676,2020-04-03T21:13:39.676Z,buy,0.0001147,8.76,0.001004772
GVT/BTC,1585948419679,2020-04-03T21:13:39.679Z,buy,0.0001147,0.89,0.0001020829999999
GVT/BTC,1585948456956,2020-04-03T21:14:16.956Z,buy,0.0001148,113.25,0.0130011
GVT/BTC,1585948457788,2020-04-03T21:14:17.788Z,buy,0.0001148,8.72,0.001001056
GVT/BTC,1585948457836,2020-04-03T21:14:17.836Z,buy,0.0001148,8.72,0.001001056
GVT/BTC,1585949019886,2020-04-03T21:23:39.886Z,sell,0.0001144,135.73,0.0155275119999999
GVT/BTC,1585949065065,2020-04-03T21:24:25.065Z,sell,0.0001141,7.75,0.000884275
GVT/BTC,1585949304963,2020-04-03T21:28:24.963Z,sell,0.0001141,8.0,0.0009128
GVT/BTC,1585949572040,2020-04-03T21:32:52.040Z,sell,0.0001141,5.31,0.0006058709999999
GVT/BTC,1585949582428,2020-04-03T21:33:02.428Z,buy,0.0001146,1.77,0.0002028419999999
GVT/BTC,1585949582428,2020-04-03T21:33:02.428Z,buy,0.0001147,4.3,0.00049321
GVT/BTC,1585949582428,2020-04-03T21:33:02.428Z,buy,0.0001148,44.3,0.00508564
GVT/BTC,1585949590986,2020-04-03T21:33:10.986Z,buy,0.0001148,0.88,0.000101024
GVT/BTC,1585949639990,2020-04-03T21:33:59.990Z,sell,0.0001146,0.88,0.000100848
GVT/BTC,1585949639990,2020-04-03T21:33:59.990Z,sell,0.0001144,4.29,0.000490776
GVT/BTC,1585949639990,2020-04-03T21:33:59.990Z,sell,0.0001143,44.86,0.005127498
GVT/BTC,1585949645698,2020-04-03T21:34:05.698Z,sell,0.0001142,13.34,0.0015234279999999
GVT/BTC,1585949845298,2020-04-03T21:37:25.298Z,sell,0.0001145,1.75,0.000200375
GVT/BTC,1585949903953,2020-04-03T21:38:23.953Z,sell,0.0001144,0.88,0.000100672
GVT/BTC,1585949903953,2020-04-03T21:38:23.953Z,sell,0.0001141,315.13,0.035956333
GVT/BTC,1585949903953,2020-04-03T21:38:23.953Z,sell,0.000114,60.9,0.0069426
GVT/BTC,1585949903953,2020-04-03T21:38:23.953Z,sell,0.0001139,3.62,0.000412318
GVT/BTC,1585949903953,2020-04-03T21:38:23.953Z,sell,0.0001137,54.31,0.006175047
GVT/BTC,1585949903953,2020-04-03T21:38:23.953Z,sell,0.0001136,91.74,0.0104216639999999
GVT/BTC,1585949903953,2020-04-03T21:38:23.953Z,sell,0.0001135,201.17,0.0228327949999999
GVT/BTC,1585949903953,2020-04-03T21:38:23.953Z,sell,0.0001134,592.09,0.067143006
GVT/BTC,1585949903953,2020-04-03T21:38:23.953Z,sell,0.0001133,427.75,0.048464075
GVT/BTC,1585949903953,2020-04-03T21:38:23.953Z,sell,0.0001132,1496.67,0.169423044
GVT/BTC,1585949903953,2020-04-03T21:38:23.953Z,sell,0.0001131,529.57,0.059894367
GVT/BTC,1585949903953,2020-04-03T21:38:23.953Z,sell,0.000113,551.01,0.0622641299999999
GVT/BTC,1585949903953,2020-04-03T21:38:23.953Z,sell,0.0001129,49.01,0.005533229
GVT/BTC,1585949903953,2020-04-03T21:38:23.953Z,sell,0.0001129,1.38,0.000155802
GVT/BTC,1585949903953,2020-04-03T21:38:23.953Z,sell,0.0001129,77.92,0.008797168
GVT/BTC,1585949906427,2020-04-03T21:38:26.427Z,buy,0.0001137,1.75,0.000198975
GVT/BTC,1585949906707,2020-04-03T21:38:26.707Z,buy,0.0001134,4.33,0.000491022
GVT/BTC,1585949907628,2020-04-03T21:38:27.628Z,buy,0.0001137,0.88,0.000100056
GVT/BTC,1585949949947,2020-04-03T21:39:09.947Z,buy,0.0001137,0.88,0.000100056
GVT/BTC,1585949994256,2020-04-03T21:39:54.256Z,buy,0.0001135,87.61,0.0099437349999999
GVT/BTC,1585949994307,2020-04-03T21:39:54.307Z,buy,0.0001135,105.13,0.011932255
GVT/BTC,1585950016706,2020-04-03T21:40:16.706Z,buy,0.0001137,0.81,9.2097e-05
GVT/BTC,1585950061988,2020-04-03T21:41:01.988Z,buy,0.0001139,18.57,0.002115123
GVT/BTC,1585950079839,2020-04-03T21:41:19.839Z,buy,0.0001139,17.0,0.0019363
GVT/BTC,1585950079839,2020-04-03T21:41:19.839Z,buy,0.0001139,17.0,0.0019363
GVT/BTC,1585950146905,2020-04-03T21:42:26.905Z,sell,0.0001138,10.46,0.001190348
GVT/BTC,1585950154561,2020-04-03T21:42:34.561Z,sell,0.0001138,1.22,0.000138836
GVT/BTC,1585950177905,2020-04-03T21:42:57.905Z,buy,0.0001139,12.9,0.00146931
GVT/BTC,1585950287726,2020-04-03T21:44:47.726Z,sell,0.0001138,16.71,0.001901598
GVT/BTC,1585950324275,2020-04-03T21:45:24.275Z,buy,0.0001139,27.84,0.003170976
GVT/BTC,1585950551655,2020-04-03T21:49:11.655Z,buy,0.000114,2.2,0.0002508
GVT/BTC,1585950877184,2020-04-03T21:54:37.184Z,buy,0.000114,2.12,0.00024168
GVT/BTC,1585950918556,2020-04-03T21:55:18.556Z,buy,0.0001143,4.01,0.000458343
GVT/BTC,1585951404714,2020-04-03T22:03:24.714Z,sell,0.0001138,172.82,0.019666916
GVT/BTC,1585951404731,2020-04-03T22:03:24.731Z,sell,0.0001138,294.67,0.033533446
GVT/BTC,1585951405765,2020-04-03T22:03:25.765Z,sell,0.0001137,4.38,0.000498006
GVT/BTC,1585951429671,2020-04-03T22:03:49.671Z,sell,0.0001138,1.76,0.000200288
GVT/BTC,1585951449280,2020-04-03T22:04:09.280Z,sell,0.0001138,0.88,0.000100144
GVT/BTC,1585952397033,2020-04-03T22:19:57.033Z,buy,0.0001136,7.26,0.000824736
GVT/BTC,1585952592916,2020-04-03T22:23:12.916Z,buy,0.0001137,3.47,0.000394539
GVT/BTC,1585952593911,2020-04-03T22:23:13.911Z,buy,0.0001137,3.47,0.000394539
GVT/BTC,1585952594940,2020-04-03T22:23:14.940Z,buy,0.0001137,4.9,0.00055713
GVT/BTC,1585952596007,2020-04-03T22:23:16.007Z,buy,0.0001137,4.9,0.00055713
GVT/BTC,1585952597015,2020-04-03T22:23:17.015Z,buy,0.0001137,4.9,0.00055713
GVT/BTC,1585952598018,2020-04-03T22:23:18.018Z,buy,0.0001137,4.9,0.00055713
GVT/BTC,1585952599034,2020-04-03T22:23:19.034Z,buy,0.0001137,4.9,0.00055713
GVT/BTC,1585952600084,2020-04-03T22:23:20.084Z,buy,0.0001137,4.9,0.00055713
GVT/BTC,1585952601113,2020-04-03T22:23:21.113Z,buy,0.0001137,4.9,0.00055713
GVT/BTC,1585952602114,2020-04-03T22:23:22.114Z,buy,0.0001137,4.85,0.0005514449999999
GVT/BTC,1585952603114,2020-04-03T22:23:23.114Z,buy,0.0001137,1.43,0.000162591
GVT/BTC,1585952604119,2020-04-03T22:23:24.119Z,buy,0.0001137,1.4,0.0001591799999999
GVT/BTC,1585952947346,2020-04-03T22:29:07.346Z,buy,0.0001138,1.76,0.000200288
GVT/BTC,1585952956850,2020-04-03T22:29:16.850Z,buy,0.0001138,1.76,0.000200288
GVT/BTC,1585952963153,2020-04-03T22:29:23.153Z,buy,0.0001138,1.76,0.000200288
GVT/BTC,1585952969454,2020-04-03T22:29:29.454Z,buy,0.0001139,1.32,0.000150348
GVT/BTC,1585953128461,2020-04-03T22:32:08.461Z,sell,0.0001137,33.35,0.003791895
GVT/BTC,1585953331162,2020-04-03T22:35:31.162Z,sell,0.0001137,3.26,0.0003706619999999
GVT/BTC,1585953331162,2020-04-03T22:35:31.162Z,sell,0.0001137,3.26,0.0003706619999999
GVT/BTC,1585954026957,2020-04-03T22:47:06.957Z,sell,0.0001137,2.22,0.000252414
GVT/BTC,1585954027808,2020-04-03T22:47:07.808Z,sell,0.0001137,12.76,0.001450812
GVT/BTC,1585954148882,2020-04-03T22:49:08.882Z,buy,0.000114,2.7,0.0003078
GVT/BTC,1585954533792,2020-04-03T22:55:33.792Z,buy,0.000114,1.63,0.00018582
GVT/BTC,1585954533792,2020-04-03T22:55:33.792Z,buy,0.0001141,1.76,0.0002008159999999
GVT/BTC,1585954533792,2020-04-03T22:55:33.792Z,buy,0.0001143,361.96,0.041372028
GVT/BTC,1585954538801,2020-04-03T22:55:38.801Z,buy,0.0001143,1.34,0.000153162
GVT/BTC,1585954538801,2020-04-03T22:55:38.801Z,buy,0.0001144,501.13,0.057329272
GVT/BTC,1585954543279,2020-04-03T22:55:43.279Z,buy,0.0001145,5.27,0.0006034149999999
GVT/BTC,1585954543279,2020-04-03T22:55:43.279Z,buy,0.0001146,293.24,0.033605304
GVT/BTC,1585954814231,2020-04-03T23:00:14.231Z,buy,0.0001146,0.89,0.000101994
GVT/BTC,1585954817561,2020-04-03T23:00:17.561Z,sell,0.0001144,0.88,0.000100672
GVT/BTC,1585954825056,2020-04-03T23:00:25.056Z,sell,0.0001142,0.88,0.000100496
GVT/BTC,1585954829222,2020-04-03T23:00:29.222Z,buy,0.0001146,26.18,0.0030002279999999
GVT/BTC,1585954983420,2020-04-03T23:03:03.420Z,sell,0.000114,28.73,0.00327522
GVT/BTC,1585954985623,2020-04-03T23:03:05.623Z,sell,0.0001139,4.5,0.00051255
GVT/BTC,1585954989803,2020-04-03T23:03:09.803Z,buy,0.0001144,7.93,0.000907192
GVT/BTC,1585954989803,2020-04-03T23:03:09.803Z,buy,0.0001145,204.2,0.0233809
GVT/BTC,1585954989803,2020-04-03T23:03:09.803Z,buy,0.0001146,190.2,0.0217969199999999
GVT/BTC,1585955794565,2020-04-03T23:16:34.565Z,sell,0.0001145,326.1,0.03733845
GVT/BTC,1585955794724,2020-04-03T23:16:34.724Z,sell,0.0001145,1.75,0.000200375
GVT/BTC,1585956007824,2020-04-03T23:20:07.824Z,buy,0.0001146,0.26,2.9796e-05
GVT/BTC,1585956169947,2020-04-03T23:22:49.947Z,sell,0.0001145,549.61,0.062930345
GVT/BTC,1585956169984,2020-04-03T23:22:49.984Z,sell,0.0001145,29.08,0.00332966
GVT/BTC,1585956182908,2020-04-03T23:23:02.908Z,sell,0.000114,4.31,0.0004913399999999
GVT/BTC,1585956182908,2020-04-03T23:23:02.908Z,sell,0.0001139,32.04,0.003649356
GVT/BTC,1585956182908,2020-04-03T23:23:02.908Z,sell,0.0001138,37.51,0.004268638
GVT/BTC,1585956665671,2020-04-03T23:31:05.671Z,sell,0.0001138,14.88,0.001693344
GVT/BTC,1585956665671,2020-04-03T23:31:05.671Z,sell,0.0001137,11.27,0.001281399
GVT/BTC,1585956665671,2020-04-03T23:31:05.671Z,sell,0.0001138,14.88,0.001693344
GVT/BTC,1585956665671,2020-04-03T23:31:05.671Z,sell,0.0001137,11.27,0.001281399
GVT/BTC,1585957242425,2020-04-03T23:40:42.425Z,buy,0.000114,8.82,0.00100548
GVT/BTC,1585957437683,2020-04-03T23:43:57.683Z,sell,0.0001138,139.42,0.015865996
GVT/BTC,1585957988601,2020-04-03T23:53:08.601Z,buy,0.0001143,2.95,0.000337185
GVT/BTC,1585958143600,2020-04-03T23:55:43.600Z,sell,0.0001138,14.55,0.00165579
GVT/BTC,1585959555311,2020-04-04T00:19:15.311Z,buy,0.0001142,4.62,0.000527604
GVT/BTC,1585959556340,2020-04-04T00:19:16.340Z,buy,0.0001143,43.16,0.004933188
GVT/BTC,1585959557370,2020-04-04T00:19:17.370Z,buy,0.0001144,12.21,0.001396824
GVT/BTC,1585959558372,2020-04-04T00:19:18.372Z,buy,0.0001144,4.0,0.0004576
GVT/BTC,1585959559393,2020-04-04T00:19:19.393Z,buy,0.0001144,2.43,0.000277992
GVT/BTC,1585959560393,2020-04-04T00:19:20.393Z,buy,0.0001145,4.14,0.0004740299999999
GVT/BTC,1585959567508,2020-04-04T00:19:27.508Z,buy,0.0001147,0.89,0.0001020829999999
GVT/BTC,1585959816217,2020-04-04T00:23:36.217Z,buy,0.0001146,1.82,0.000208572
GVT/BTC,1585960068596,2020-04-04T00:27:48.596Z,buy,0.0001147,43.69,0.0050112429999999
GVT/BTC,1585960068596,2020-04-04T00:27:48.596Z,buy,0.0001148,40.68,0.004670064
GVT/BTC,1585960068596,2020-04-04T00:27:48.596Z,buy,0.000115,44.4,0.005106
GVT/BTC,1585960071117,2020-04-04T00:27:51.117Z,sell,0.000115,0.88,0.0001012
GVT/BTC,1585960135299,2020-04-04T00:28:55.299Z,sell,0.0001148,0.88,0.000101024
GVT/BTC,1585960135299,2020-04-04T00:28:55.299Z,sell,0.0001148,0.88,0.000101024
GVT/BTC,1585961332204,2020-04-04T00:48:52.204Z,sell,0.0001146,0.88,0.000100848
GVT/BTC,1585961334219,2020-04-04T00:48:54.219Z,sell,0.0001144,4.69,0.000536536
GVT/BTC,1585961839070,2020-04-04T00:57:19.070Z,buy,0.0001148,38.04,0.004366992
GVT/BTC,1585961839070,2020-04-04T00:57:19.070Z,buy,0.000115,39.49,0.00454135
GVT/BTC,1585961839070,2020-04-04T00:57:19.070Z,buy,0.0001151,487.47,0.056107797
GVT/BTC,1585961867758,2020-04-04T00:57:47.758Z,buy,0.0001152,0.88,0.000101376
GVT/BTC,1585962252711,2020-04-04T01:04:12.711Z,buy,0.0001151,0.25,2.8775e-05
GVT/BTC,1585962306998,2020-04-04T01:05:06.998Z,sell,0.000115,0.87,0.00010005
GVT/BTC,1585962341677,2020-04-04T01:05:41.677Z,sell,0.0001148,0.88,0.000101024
GVT/BTC,1585962366773,2020-04-04T01:06:06.773Z,sell,0.0001147,4.27,0.0004897689999999
GVT/BTC,1585962366773,2020-04-04T01:06:06.773Z,sell,0.0001146,4.48,0.000513408
GVT/BTC,1585962547860,2020-04-04T01:09:07.860Z,buy,0.0001148,0.92,0.000105616
GVT/BTC,1585963427064,2020-04-04T01:23:47.064Z,sell,0.0001146,1.61,0.000184506
GVT/BTC,1585963548267,2020-04-04T01:25:48.267Z,sell,0.0001148,13.3,0.00152684
GVT/BTC,1585963570138,2020-04-04T01:26:10.138Z,sell,0.0001148,72.36,0.008306928
GVT/BTC,1585963570138,2020-04-04T01:26:10.138Z,sell,0.0001148,72.36,0.008306928
GVT/BTC,1585963741580,2020-04-04T01:29:01.580Z,sell,0.0001148,3.81,0.000437388
GVT/BTC,1585963874765,2020-04-04T01:31:14.765Z,sell,0.0001148,0.96,0.000110208
GVT/BTC,1585963886151,2020-04-04T01:31:26.151Z,buy,0.0001151,8.96,0.001031296
GVT/BTC,1585963886151,2020-04-04T01:31:26.151Z,buy,0.0001152,85.63,0.0098645759999999
GVT/BTC,1585963886151,2020-04-04T01:31:26.151Z,buy,0.0001153,9.73,0.001121869
GVT/BTC,1585963886151,2020-04-04T01:31:26.151Z,buy,0.0001154,17.05,0.00196757
GVT/BTC,1585963905772,2020-04-04T01:31:45.772Z,sell,0.0001151,1.47,0.000169197
GVT/BTC,1585963915768,2020-04-04T01:31:55.768Z,sell,0.0001151,0.97,0.000111647
GVT/BTC,1585963939184,2020-04-04T01:32:19.184Z,buy,0.0001154,1.71,0.000197334
GVT/BTC,1585963939184,2020-04-04T01:32:19.184Z,buy,0.0001155,0.03,3.465e-06
GVT/BTC,1585963976061,2020-04-04T01:32:56.061Z,sell,0.0001151,55.73,0.006414523
GVT/BTC,1585963976061,2020-04-04T01:32:56.061Z,sell,0.000115,89.19,0.01025685
GVT/BTC,1585964229629,2020-04-04T01:37:09.629Z,buy,0.000115,0.88,0.0001012
GVT/BTC,1585964363312,2020-04-04T01:39:23.312Z,buy,0.0001154,43.33,0.005000282
GVT/BTC,1585964554987,2020-04-04T01:42:34.987Z,buy,0.0001154,0.88,0.000101552
GVT/BTC,1585964615369,2020-04-04T01:43:35.369Z,buy,0.0001154,3.66,0.000422364
GVT/BTC,1585964615369,2020-04-04T01:43:35.369Z,buy,0.0001155,112.4,0.0129822
GVT/BTC,1585964616752,2020-04-04T01:43:36.752Z,buy,0.0001156,21.63,0.002500428
GVT/BTC,1585964757276,2020-04-04T01:45:57.276Z,buy,0.0001156,2.6,0.00030056
GVT/BTC,1585964937882,2020-04-04T01:48:57.882Z,sell,0.0001155,6.72,0.00077616
GVT/BTC,1585965012283,2020-04-04T01:50:12.283Z,sell,0.0001155,33.01,0.003812655
GVT/BTC,1585965063606,2020-04-04T01:51:03.606Z,sell,0.0001155,1.65,0.0001905749999999
GVT/BTC,1585965071658,2020-04-04T01:51:11.658Z,buy,0.0001156,3.03,0.000350268
GVT/BTC,1585965071658,2020-04-04T01:51:11.658Z,buy,0.0001157,55.76,0.0064514319999999
GVT/BTC,1585965071658,2020-04-04T01:51:11.658Z,buy,0.0001158,4.25,0.00049215
GVT/BTC,1585965071658,2020-04-04T01:51:11.658Z,buy,0.0001159,128.31,0.014871129
GVT/BTC,1585965082202,2020-04-04T01:51:22.202Z,buy,0.000116,222.47,0.02580652
GVT/BTC,1585965082202,2020-04-04T01:51:22.202Z,buy,0.0001161,77.15,0.008957115
GVT/BTC,1585965082202,2020-04-04T01:51:22.202Z,buy,0.0001162,124.98,0.014522676
GVT/BTC,1585965082202,2020-04-04T01:51:22.202Z,buy,0.0001163,124.35,0.0144619049999999
GVT/BTC,1585965082202,2020-04-04T01:51:22.202Z,buy,0.0001164,1.31,0.000152484
GVT/BTC,1585965084359,2020-04-04T01:51:24.359Z,buy,0.0001165,42.92,0.00500018
GVT/BTC,1585965086254,2020-04-04T01:51:26.254Z,sell,0.0001161,4.22,0.0004899419999999
GVT/BTC,1585965087550,2020-04-04T01:51:27.550Z,sell,0.0001158,8.76,0.0010144079999999
GVT/BTC,1585965088163,2020-04-04T01:51:28.163Z,sell,0.0001158,9.78,0.001132524
GVT/BTC,1585965088177,2020-04-04T01:51:28.177Z,sell,0.0001158,5.28,0.000611424
GVT/BTC,1585965088177,2020-04-04T01:51:28.177Z,sell,0.0001158,184.12,0.021321096
GVT/BTC,1585965188747,2020-04-04T01:53:08.747Z,buy,0.0001159,0.88,0.000101992
GVT/BTC,1585965615991,2020-04-04T02:00:15.991Z,sell,0.0001157,0.87,0.000100659
GVT/BTC,1585965615991,2020-04-04T02:00:15.991Z,sell,0.0001156,35.1,0.00405756
GVT/BTC,1585965619048,2020-04-04T02:00:19.048Z,sell,0.0001156,33.24,0.003842544
GVT/BTC,1585965619048,2020-04-04T02:00:19.048Z,sell,0.0001155,1.72,0.00019866
GVT/BTC,1585965619077,2020-04-04T02:00:19.077Z,sell,0.0001155,87.4,0.0100947
GVT/BTC,1585965619613,2020-04-04T02:00:19.613Z,sell,0.0001155,0.89,0.000102795
GVT/BTC,1585965619892,2020-04-04T02:00:19.892Z,sell,0.0001155,0.89,0.000102795
GVT/BTC,1585965620578,2020-04-04T02:00:20.578Z,sell,0.0001155,0.89,0.000102795
GVT/BTC,1585965664127,2020-04-04T02:01:04.127Z,buy,0.0001159,42.82,0.004962838
GVT/BTC,1585965664127,2020-04-04T02:01:04.127Z,buy,0.0001161,5.98,0.000694278
GVT/BTC,1585965664127,2020-04-04T02:01:04.127Z,buy,0.0001162,94.79,0.011014598
GVT/BTC,1585965664127,2020-04-04T02:01:04.127Z,buy,0.0001165,69.05,0.008044325
GVT/BTC,1585965664127,2020-04-04T02:01:04.127Z,buy,0.0001166,385.59,0.044959794
GVT/BTC,1585965666212,2020-04-04T02:01:06.212Z,sell,0.0001161,4.22,0.0004899419999999
GVT/BTC,1585965675618,2020-04-04T02:01:15.618Z,sell,0.0001159,43.7,0.00506483
GVT/BTC,1585965698818,2020-04-04T02:01:38.818Z,buy,0.0001163,0.87,0.0001011809999999
GVT/BTC,1585965701049,2020-04-04T02:01:41.049Z,sell,0.0001161,0.87,0.000101007
GVT/BTC,1585965765120,2020-04-04T02:02:45.120Z,sell,0.0001159,0.87,0.000100833
GVT/BTC,1585965804731,2020-04-04T02:03:24.731Z,sell,0.0001158,2.24,0.000259392
GVT/BTC,1585966065035,2020-04-04T02:07:45.035Z,sell,0.000116,5.81,0.0006739599999999
GVT/BTC,1585966110545,2020-04-04T02:08:30.545Z,buy,0.0001163,0.26,3.0238e-05
GVT/BTC,1585966232326,2020-04-04T02:10:32.326Z,sell,0.000116,1.84,0.00021344
GVT/BTC,1585966406728,2020-04-04T02:13:26.728Z,sell,0.000116,6.56,0.00076096
GVT/BTC,1585966755879,2020-04-04T02:19:15.879Z,sell,0.000116,1.85,0.0002146
GVT/BTC,1585966911723,2020-04-04T02:21:51.723Z,sell,0.000116,90.43,0.01048988
GVT/BTC,1585966911723,2020-04-04T02:21:51.723Z,sell,0.000116,90.43,0.01048988
GVT/BTC,1585967181067,2020-04-04T02:26:21.067Z,buy,0.0001163,3.95,0.000459385
GVT/BTC,1585967189501,2020-04-04T02:26:29.501Z,buy,0.0001163,3.94,0.000458222
GVT/BTC,1585967422304,2020-04-04T02:30:22.304Z,sell,0.000116,1.0,0.000116
GVT/BTC,1585967953752,2020-04-04T02:39:13.752Z,buy,0.0001163,211.08,0.024548604
GVT/BTC,1585967953831,2020-04-04T02:39:13.831Z,sell,0.0001163,4.04,0.000469852
GVT/BTC,1585967953853,2020-04-04T02:39:13.853Z,buy,0.0001164,2.6,0.00030264
GVT/BTC,1585967954953,2020-04-04T02:39:14.953Z,buy,0.0001164,2.56,0.000297984
GVT/BTC,1585967958168,2020-04-04T02:39:18.168Z,buy,0.0001164,2.29,0.000266556
GVT/BTC,1585967987789,2020-04-04T02:39:47.789Z,buy,0.0001165,0.87,0.000101355
GVT/BTC,1585967988983,2020-04-04T02:39:48.983Z,buy,0.0001165,3.35,0.000390275
GVT/BTC,1585968006088,2020-04-04T02:40:06.088Z,buy,0.0001165,1.61,0.000187565
GVT/BTC,1585968085705,2020-04-04T02:41:25.705Z,sell,0.0001163,4.46,0.0005186979999999
GVT/BTC,1585968253833,2020-04-04T02:44:13.833Z,sell,0.0001163,8.11,0.0009431929999999
GVT/BTC,1585968522641,2020-04-04T02:48:42.641Z,sell,0.0001163,0.87,0.0001011809999999
GVT/BTC,1585968537153,2020-04-04T02:48:57.153Z,sell,0.0001163,5.48,0.000637324
GVT/BTC,1585968999660,2020-04-04T02:56:39.660Z,sell,0.0001163,331.82,0.0385906659999999
GVT/BTC,1585968999660,2020-04-04T02:56:39.660Z,sell,0.0001161,25.39,0.002947779
GVT/BTC,1585968999660,2020-04-04T02:56:39.660Z,sell,0.000116,1197.63,0.13892508
GVT/BTC,1585968999682,2020-04-04T02:56:39.682Z,sell,0.0001159,91.91,0.010652369
GVT/BTC,1585969000619,2020-04-04T02:56:40.619Z,sell,0.0001159,8.72,0.001010648
GVT/BTC,1585969000689,2020-04-04T02:56:40.689Z,sell,0.0001159,776.37,0.089981283
GVT/BTC,1585969002746,2020-04-04T02:56:42.746Z,buy,0.000116,0.87,0.00010092
GVT/BTC,1585969063357,2020-04-04T02:57:43.357Z,sell,0.0001158,2.88,0.000333504
GVT/BTC,1585969063404,2020-04-04T02:57:43.404Z,sell,0.0001157,545.81,0.063150217
GVT/BTC,1585969064506,2020-04-04T02:57:44.506Z,sell,0.0001157,42.19,0.0048813829999999
GVT/BTC,1585969176051,2020-04-04T02:59:36.051Z,sell,0.0001157,97.0,0.0112229
GVT/BTC,1585969293245,2020-04-04T03:01:33.245Z,sell,0.0001156,4.49,0.000519044
GVT/BTC,1585969293245,2020-04-04T03:01:33.245Z,sell,0.0001155,91.64,0.01058442
GVT/BTC,1585969295600,2020-04-04T03:01:35.600Z,sell,0.0001155,192.09,0.022186395
GVT/BTC,1585969295600,2020-04-04T03:01:35.600Z,sell,0.0001154,481.46,0.055560484
GVT/BTC,1585969295600,2020-04-04T03:01:35.600Z,sell,0.0001153,1.11,0.000127983
GVT/BTC,1585969295600,2020-04-04T03:01:35.600Z,sell,0.0001151,4.27,0.0004914769999999
GVT/BTC,1585969295600,2020-04-04T03:01:35.600Z,sell,0.000115,3.62,0.0004163
GVT/BTC,1585969295623,2020-04-04T03:01:35.623Z,buy,0.000115,136.76,0.0157274
GVT/BTC,1585969301275,2020-04-04T03:01:41.275Z,buy,0.000115,0.87,0.00010005
GVT/BTC,1585969305177,2020-04-04T03:01:45.177Z,sell,0.0001148,8.77,0.001006796
GVT/BTC,1585969380122,2020-04-04T03:03:00.122Z,sell,0.0001151,101.2,0.01164812
GVT/BTC,1585969380122,2020-04-04T03:03:00.122Z,sell,0.0001149,340.95,0.0391751549999999
GVT/BTC,1585969380122,2020-04-04T03:03:00.122Z,sell,0.0001148,295.6,0.03393488
GVT/BTC,1585969380458,2020-04-04T03:03:00.458Z,buy,0.0001148,0.88,0.000101024
GVT/BTC,1585969411457,2020-04-04T03:03:31.457Z,sell,0.0001149,0.88,0.000101112
GVT/BTC,1585969411457,2020-04-04T03:03:31.457Z,sell,0.0001147,230.95,0.0264899649999999
GVT/BTC,1585969411457,2020-04-04T03:03:31.457Z,sell,0.0001146,299.14,0.0342814439999999
GVT/BTC,1585969411457,2020-04-04T03:03:31.457Z,sell,0.0001144,553.23,0.063289512
GVT/BTC,1585969411494,2020-04-04T03:03:31.494Z,buy,0.0001144,1678.65,0.19203756
GVT/BTC,1585969411510,2020-04-04T03:03:31.510Z,buy,0.0001144,130.13,0.014886872
GVT/BTC,1585969413511,2020-04-04T03:03:33.511Z,buy,0.0001147,4.3,0.00049321
GVT/BTC,1585969463487,2020-04-04T03:04:23.487Z,buy,0.000115,3.62,0.0004163
GVT/BTC,1585969463536,2020-04-04T03:04:23.536Z,sell,0.000115,2.9,0.0003335
GVT/BTC,1585969543960,2020-04-04T03:05:43.960Z,sell,0.0001146,0.88,0.000100848
GVT/BTC,1585969543960,2020-04-04T03:05:43.960Z,sell,0.0001145,1.12,0.00012824
GVT/BTC,1585969583445,2020-04-04T03:06:23.445Z,sell,0.0001145,2642.78,0.30259831
GVT/BTC,1585969583445,2020-04-04T03:06:23.445Z,sell,0.0001144,172.98,0.019788912
GVT/BTC,1585969583445,2020-04-04T03:06:23.445Z,sell,0.0001143,311.31,0.035582733
GVT/BTC,1585969583445,2020-04-04T03:06:23.445Z,sell,0.0001141,542.93,0.0619483129999999
GVT/BTC,1585969642829,2020-04-04T03:07:22.829Z,sell,0.0001142,24.28,0.002772776
GVT/BTC,1585969642847,2020-04-04T03:07:22.847Z,buy,0.0001142,28.44,0.003247848
GVT/BTC,1585969642885,2020-04-04T03:07:22.885Z,buy,0.0001142,468.47,0.053499274
GVT/BTC,1585969642892,2020-04-04T03:07:22.892Z,buy,0.0001142,266.61,0.030446862
GVT/BTC,1585969734541,2020-04-04T03:08:54.541Z,buy,0.0001146,24.81,0.002843226
GVT/BTC,1585969734552,2020-04-04T03:08:54.552Z,sell,0.0001146,75.19,0.0086167739999999
GVT/BTC,1585970455429,2020-04-04T03:20:55.429Z,sell,0.0001144,1.64,0.000187616
GVT/BTC,1585970459340,2020-04-04T03:20:59.340Z,sell,0.0001144,1.0,0.0001144
GVT/BTC,1585970459340,2020-04-04T03:20:59.340Z,sell,0.0001144,1.0,0.0001144
GVT/BTC,1585970599922,2020-04-04T03:23:19.922Z,sell,0.0001144,15.51,0.001774344
GVT/BTC,1585970731941,2020-04-04T03:25:31.941Z,sell,0.0001144,394.4,0.04511936
GVT/BTC,1585970732576,2020-04-04T03:25:32.576Z,buy,0.0001146,1.22,0.0001398119999999
GVT/BTC,1585971318476,2020-04-04T03:35:18.476Z,sell,0.0001145,250.0,0.028625
GVT/BTC,1585971842589,2020-04-04T03:44:02.589Z,buy,0.0001147,6.02,0.0006904939999999
GVT/BTC,1585972161997,2020-04-04T03:49:21.997Z,buy,0.0001149,1.76,0.000202224
GVT/BTC,1585972163170,2020-04-04T03:49:23.170Z,buy,0.000115,6.27,0.00072105
GVT/BTC,1585972873392,2020-04-04T04:01:13.392Z,buy,0.000115,303.55,0.03490825
GVT/BTC,1585973363960,2020-04-04T04:09:23.960Z,buy,0.0001151,4.29,0.000493779
GVT/BTC,1585973409121,2020-04-04T04:10:09.121Z,sell,0.0001151,0.88,0.000101288
GVT/BTC,1585973409121,2020-04-04T04:10:09.121Z,sell,0.0001151,0.88,0.000101288
GVT/BTC,1585975705149,2020-04-04T04:48:25.149Z,sell,0.0001153,1.69,0.000194857
GVT/BTC,1585975727318,2020-04-04T04:48:47.318Z,sell,0.0001153,4.23,0.000487719
GVT/BTC,1585975908838,2020-04-04T04:51:48.838Z,buy,0.0001154,56.6,0.00653164
GVT/BTC,1585975923315,2020-04-04T04:52:03.315Z,sell,0.0001154,1.0,0.0001154
GVT/BTC,1585975928891,2020-04-04T04:52:08.891Z,sell,0.0001154,2.0,0.0002308
GVT/BTC,1585975931931,2020-04-04T04:52:11.931Z,sell,0.0001154,3.4,0.0003923599999999
GVT/BTC,1585975935266,2020-04-04T04:52:15.266Z,sell,0.0001154,4.0,0.0004616
GVT/BTC,1585975941355,2020-04-04T04:52:21.355Z,sell,0.0001154,1.0,0.0001154
GVT/BTC,1585975988473,2020-04-04T04:53:08.473Z,buy,0.0001156,0.88,0.000101728
GVT/BTC,1585975993564,2020-04-04T04:53:13.564Z,buy,0.0001156,1.74,0.000201144
GVT/BTC,1585976004741,2020-04-04T04:53:24.741Z,sell,0.0001154,1.0,0.0001154
GVT/BTC,1585976528428,2020-04-04T05:02:08.428Z,buy,0.0001156,1.0,0.0001156
GVT/BTC,1585976861381,2020-04-04T05:07:41.381Z,sell,0.0001155,1.0,0.0001155
GVT/BTC,1585976861381,2020-04-04T05:07:41.381Z,sell,0.0001155,1.0,0.0001155
GVT/BTC,1585977077700,2020-04-04T05:11:17.700Z,sell,0.0001155,7.72,0.00089166
GVT/BTC,1585977077700,2020-04-04T05:11:17.700Z,sell,0.0001154,0.28,3.2312000000000005e-05
GVT/BTC,1585977155394,2020-04-04T05:12:35.394Z,sell,0.0001154,1.75,0.00020195
GVT/BTC,1585977618161,2020-04-04T05:20:18.161Z,sell,0.0001154,2.35,0.00027119
GVT/BTC,1585977746545,2020-04-04T05:22:26.545Z,buy,0.0001157,1.29,0.000149253
GVT/BTC,1585977746545,2020-04-04T05:22:26.545Z,buy,0.0001158,0.52,6.0216e-05
GVT/BTC,1585977926688,2020-04-04T05:25:26.688Z,sell,0.0001155,1.74,0.00020097
GVT/BTC,1585977926688,2020-04-04T05:25:26.688Z,sell,0.0001154,98.26,0.011339204
GVT/BTC,1585978017360,2020-04-04T05:26:57.360Z,sell,0.0001154,100.0,0.01154
GVT/BTC,1585978629078,2020-04-04T05:37:09.078Z,sell,0.0001154,100.0,0.01154
GVT/BTC,1585978782274,2020-04-04T05:39:42.274Z,buy,0.0001157,10.43,0.0012067509999999
GVT/BTC,1585978784384,2020-04-04T05:39:44.384Z,buy,0.0001158,12.45,0.00144171
GVT/BTC,1585978786643,2020-04-04T05:39:46.643Z,buy,0.0001159,0.88,0.000101992
GVT/BTC,1585979166675,2020-04-04T05:46:06.675Z,buy,0.0001159,3.82,0.000442738
GVT/BTC,1585979334579,2020-04-04T05:48:54.579Z,sell,0.0001157,3.12,0.000360984
GVT/BTC,1585979626220,2020-04-04T05:53:46.220Z,buy,0.0001159,6.04,0.000700036
GVT/BTC,1585979882003,2020-04-04T05:58:02.003Z,sell,0.0001157,228.31,0.0264154669999999
GVT/BTC,1585979888605,2020-04-04T05:58:08.605Z,sell,0.0001157,123.52,0.0142912639999999
GVT/BTC,1585979888890,2020-04-04T05:58:08.890Z,sell,0.0001156,600.0,0.06936
GVT/BTC,1585979888906,2020-04-04T05:58:08.906Z,sell,0.0001156,385.0,0.044506
GVT/BTC,1585979900044,2020-04-04T05:58:20.044Z,sell,0.0001155,0.87,0.000100485
GVT/BTC,1585979900044,2020-04-04T05:58:20.044Z,sell,0.0001154,499.17,0.057604218
GVT/BTC,1585979949051,2020-04-04T05:59:09.051Z,buy,0.0001157,2.9,0.0003355299999999
GVT/BTC,1585980244215,2020-04-04T06:04:04.215Z,buy,0.0001158,1472.31,0.170493498
GVT/BTC,1585980244215,2020-04-04T06:04:04.215Z,buy,0.0001159,3247.86,0.376426974
GVT/BTC,1585980244350,2020-04-04T06:04:04.350Z,buy,0.0001159,150.0,0.017385
GVT/BTC,1585980245348,2020-04-04T06:04:05.348Z,buy,0.000116,201.16,0.02333456
GVT/BTC,1585980252201,2020-04-04T06:04:12.201Z,sell,0.0001154,7.0,0.0008078
GVT/BTC,1585980252352,2020-04-04T06:04:12.352Z,buy,0.000116,3.12,0.00036192
GVT/BTC,1585980254348,2020-04-04T06:04:14.348Z,buy,0.0001158,4.25,0.00049215
GVT/BTC,1585980257882,2020-04-04T06:04:17.882Z,buy,0.0001161,0.87,0.000101007
GVT/BTC,1585980259756,2020-04-04T06:04:19.756Z,buy,0.0001161,68.05,0.007900605
GVT/BTC,1585980260755,2020-04-04T06:04:20.755Z,buy,0.0001162,173.42,0.020151404
GVT/BTC,1585980269556,2020-04-04T06:04:29.556Z,sell,0.0001159,0.87,0.000100833
GVT/BTC,1585980269556,2020-04-04T06:04:29.556Z,sell,0.0001158,4.24,0.000490992
GVT/BTC,1585980269587,2020-04-04T06:04:29.587Z,buy,0.0001157,44.89,0.005193773
GVT/BTC,1585980269587,2020-04-04T06:04:29.587Z,buy,0.0001157,44.89,0.005193773
GVT/BTC,1585981602328,2020-04-04T06:26:42.328Z,buy,0.0001161,134.0,0.0155574
GVT/BTC,1585982476076,2020-04-04T06:41:16.076Z,sell,0.0001158,88.18,0.010211244
GVT/BTC,1585982476093,2020-04-04T06:41:16.093Z,sell,0.0001158,149.28,0.017286624
GVT/BTC,1585982476093,2020-04-04T06:41:16.093Z,sell,0.0001157,44.16,0.0051093119999999
GVT/BTC,1585982795681,2020-04-04T06:46:35.681Z,buy,0.000116,1.73,0.00020068
GVT/BTC,1585982927731,2020-04-04T06:48:47.731Z,buy,0.000116,0.02,2.32e-06
GVT/BTC,1585982933593,2020-04-04T06:48:53.593Z,sell,0.000116,0.86,9.976e-05
GVT/BTC,1585983073423,2020-04-04T06:51:13.423Z,buy,0.0001161,7.13,0.000827793
GVT/BTC,1585983073437,2020-04-04T06:51:13.437Z,sell,0.0001161,79.01,0.009173061
GVT/BTC,1585983561078,2020-04-04T06:59:21.078Z,sell,0.0001158,4.24,0.000490992
GVT/BTC,1585983561078,2020-04-04T06:59:21.078Z,sell,0.0001157,158.99,0.018395143
GVT/BTC,1585983563313,2020-04-04T06:59:23.313Z,buy,0.0001161,0.87,0.000101007
GVT/BTC,1585983563313,2020-04-04T06:59:23.313Z,buy,0.0001161,0.87,0.000101007
GVT/BTC,1585984265809,2020-04-04T07:11:05.809Z,sell,0.0001158,75.5,0.0087429
GVT/BTC,1585984309249,2020-04-04T07:11:49.249Z,sell,0.000116,2.91,0.00033756
GVT/BTC,1585984523413,2020-04-04T07:15:23.413Z,sell,0.000116,1.57,0.00018212
GVT/BTC,1585984791874,2020-04-04T07:19:51.874Z,buy,0.0001161,5.96,0.000691956
GVT/BTC,1585984791874,2020-04-04T07:19:51.874Z,buy,0.0001162,2.6,0.00030212
GVT/BTC,1585984791874,2020-04-04T07:19:51.874Z,buy,0.0001163,1.77,0.000205851
GVT/BTC,1585984791874,2020-04-04T07:19:51.874Z,buy,0.0001164,621.59,0.072353076
GVT/BTC,1585985123196,2020-04-04T07:25:23.196Z,buy,0.0001165,3.69,0.0004298849999999
GVT/BTC,1585985167171,2020-04-04T07:26:07.171Z,sell,0.0001164,85.99,0.010009236
GVT/BTC,1585985171511,2020-04-04T07:26:11.511Z,sell,0.0001161,16.58,0.001924938
GVT/BTC,1585985171511,2020-04-04T07:26:11.511Z,sell,0.000116,0.92,0.00010672
GVT/BTC,1585985213210,2020-04-04T07:26:53.210Z,buy,0.0001164,349.0,0.0406235999999999
GVT/BTC,1585985362586,2020-04-04T07:29:22.586Z,buy,0.0001164,0.29,3.3756e-05
GVT/BTC,1585985362586,2020-04-04T07:29:22.586Z,buy,0.0001165,302.53,0.0352447449999999
GVT/BTC,1585985362586,2020-04-04T07:29:22.586Z,buy,0.0001166,1.11,0.000129426
GVT/BTC,1585985362586,2020-04-04T07:29:22.586Z,buy,0.0001167,99.12,0.011567304
GVT/BTC,1585985362586,2020-04-04T07:29:22.586Z,buy,0.0001168,414.55,0.04841944
GVT/BTC,1585985362586,2020-04-04T07:29:22.586Z,buy,0.0001169,95.88,0.011208372
GVT/BTC,1585985362914,2020-04-04T07:29:22.914Z,buy,0.0001164,262.31,0.030532884
GVT/BTC,1585985364118,2020-04-04T07:29:24.118Z,buy,0.0001164,196.98,0.022928472
GVT/BTC,1585985364579,2020-04-04T07:29:24.579Z,buy,0.0001164,4.21,0.000490044
GVT/BTC,1585985365215,2020-04-04T07:29:25.215Z,buy,0.0001164,143.72,0.016729008
GVT/BTC,1585985366318,2020-04-04T07:29:26.318Z,buy,0.0001164,111.09,0.012930876
GVT/BTC,1585985367420,2020-04-04T07:29:27.420Z,buy,0.0001164,83.42,0.009710088
GVT/BTC,1585985368520,2020-04-04T07:29:28.520Z,buy,0.0001164,62.65,0.00729246
GVT/BTC,1585985371823,2020-04-04T07:29:31.823Z,buy,0.0001164,47.05,0.00547662
GVT/BTC,1585985372818,2020-04-04T07:29:32.818Z,buy,0.0001164,35.33,0.0041124119999999
GVT/BTC,1585985373925,2020-04-04T07:29:33.925Z,buy,0.0001164,26.53,0.003088092
GVT/BTC,1585985378024,2020-04-04T07:29:38.024Z,buy,0.0001164,19.93,0.002319852
GVT/BTC,1585985381926,2020-04-04T07:29:41.926Z,buy,0.0001164,14.96,0.001741344
GVT/BTC,1585985390421,2020-04-04T07:29:50.421Z,buy,0.0001164,11.24,0.001308336
GVT/BTC,1585985441340,2020-04-04T07:30:41.340Z,buy,0.0001163,14.77,0.0017177509999999
GVT/BTC,1585985442863,2020-04-04T07:30:42.863Z,sell,0.0001162,52.68,0.006121416
GVT/BTC,1585985442863,2020-04-04T07:30:42.863Z,sell,0.0001161,0.32,3.7152e-05
GVT/BTC,1585985449046,2020-04-04T07:30:49.046Z,buy,0.0001164,2.58,0.000300312
GVT/BTC,1585985469315,2020-04-04T07:31:09.315Z,sell,0.0001161,100.0,0.01161
GVT/BTC,1585985928634,2020-04-04T07:38:48.634Z,sell,0.0001161,6.52,0.000756972
GVT/BTC,1585986080403,2020-04-04T07:41:20.403Z,sell,0.0001162,64.54,0.007499548
GVT/BTC,1585986080485,2020-04-04T07:41:20.485Z,buy,0.0001162,48.08,0.005586896
GVT/BTC,1585986081486,2020-04-04T07:41:21.486Z,buy,0.0001162,33.38,0.003878756
GVT/BTC,1585986082489,2020-04-04T07:41:22.489Z,buy,0.0001162,23.18,0.002693516
GVT/BTC,1585986085394,2020-04-04T07:41:25.394Z,buy,0.0001162,15.84,0.001840608
GVT/BTC,1585986088493,2020-04-04T07:41:28.493Z,buy,0.0001162,10.8,0.00125496
GVT/BTC,1585986105445,2020-04-04T07:41:45.445Z,buy,0.0001162,4.76,0.000553112
GVT/BTC,1585986105460,2020-04-04T07:41:45.460Z,buy,0.0001162,9.9,0.00115038
GVT/BTC,1585986337556,2020-04-04T07:45:37.556Z,sell,0.0001161,198.82,0.023083002
GVT/BTC,1585986337556,2020-04-04T07:45:37.556Z,sell,0.0001161,0.01,1.161e-06
GVT/BTC,1585986337567,2020-04-04T07:45:37.567Z,buy,0.0001161,39.52,0.004588272
GVT/BTC,1585986341586,2020-04-04T07:45:41.586Z,sell,0.000116,110.65,0.0128354
GVT/BTC,1585986396318,2020-04-04T07:46:36.318Z,buy,0.0001162,39.52,0.004592224
GVT/BTC,1585986428559,2020-04-04T07:47:08.559Z,buy,0.0001164,0.87,0.000101268
GVT/BTC,1585986449111,2020-04-04T07:47:29.111Z,sell,0.0001162,0.87,0.000101094
GVT/BTC,1585986450645,2020-04-04T07:47:30.645Z,buy,0.0001162,54.57,0.006341034
GVT/BTC,1585986451739,2020-04-04T07:47:31.739Z,buy,0.0001163,57.9,0.0067337699999999
GVT/BTC,1585986457747,2020-04-04T07:47:37.747Z,buy,0.0001163,38.56,0.004484528
GVT/BTC,1585986459848,2020-04-04T07:47:39.848Z,buy,0.0001163,26.53,0.003085439
GVT/BTC,1585986468447,2020-04-04T07:47:48.447Z,buy,0.0001163,17.29,0.0020108269999999
GVT/BTC,1585986474015,2020-04-04T07:47:54.015Z,buy,0.0001163,45.0,0.0052334999999999
GVT/BTC,1585986474026,2020-04-04T07:47:54.026Z,buy,0.0001163,0.4,4.652e-05
GVT/BTC,1585986480858,2020-04-04T07:48:00.858Z,buy,0.0001164,9.69,0.0011279159999999
GVT/BTC,1585986539065,2020-04-04T07:48:59.065Z,sell,0.0001162,1.05,0.00012201
GVT/BTC,1585986539065,2020-04-04T07:48:59.065Z,sell,0.0001162,1.05,0.00012201
GVT/BTC,1585987772220,2020-04-04T08:09:32.220Z,buy,0.0001164,0.32,3.7248e-05
GVT/BTC,1585987772220,2020-04-04T08:09:32.220Z,sell,0.0001163,45.0,0.0052334999999999
GVT/BTC,1585987787700,2020-04-04T08:09:47.700Z,sell,0.0001163,39.48,0.004591524
GVT/BTC,1585988003835,2020-04-04T08:13:23.835Z,sell,0.0001163,49.21,0.005723123
GVT/BTC,1585988067711,2020-04-04T08:14:27.711Z,sell,0.0001163,8.75,0.0010176249999999
GVT/BTC,1585988216214,2020-04-04T08:16:56.214Z,buy,0.0001164,6.03,0.000701892
GVT/BTC,1585988216214,2020-04-04T08:16:56.214Z,buy,0.0001165,4.22,0.00049163
GVT/BTC,1585988216214,2020-04-04T08:16:56.214Z,buy,0.0001166,32.18,0.003752188
GVT/BTC,1585988216214,2020-04-04T08:16:56.214Z,buy,0.0001167,219.05,0.025563135
GVT/BTC,1585988216214,2020-04-04T08:16:56.214Z,buy,0.0001168,4.21,0.000491728
GVT/BTC,1585988216214,2020-04-04T08:16:56.214Z,buy,0.0001169,64.74,0.0075681059999999
GVT/BTC,1585988216214,2020-04-04T08:16:56.214Z,buy,0.000117,330.45,0.03866265
GVT/BTC,1585988216262,2020-04-04T08:16:56.262Z,sell,0.000117,763.21,0.08929557
GVT/BTC,1585988219133,2020-04-04T08:16:59.133Z,buy,0.0001171,5.12,0.000599552
GVT/BTC,1585988219140,2020-04-04T08:16:59.140Z,sell,0.000117,75.91,0.0088814699999999
GVT/BTC,1585988420991,2020-04-04T08:20:20.991Z,buy,0.000117,0.86,0.00010062
GVT/BTC,1585988508617,2020-04-04T08:21:48.617Z,sell,0.000117,76.2,0.0089154
GVT/BTC,1585988508635,2020-04-04T08:21:48.635Z,sell,0.000117,93.37,0.01092429
GVT/BTC,1585988510216,2020-04-04T08:21:50.216Z,sell,0.000117,117.15,0.01370655
GVT/BTC,1585988512013,2020-04-04T08:21:52.013Z,sell,0.000117,80.8,0.0094536
GVT/BTC,1585988513909,2020-04-04T08:21:53.909Z,sell,0.000117,55.67,0.00651339
GVT/BTC,1585988515914,2020-04-04T08:21:55.914Z,sell,0.000117,38.33,0.00448461
GVT/BTC,1585988517014,2020-04-04T08:21:57.014Z,sell,0.000117,26.59,0.00311103
GVT/BTC,1585988518010,2020-04-04T08:21:58.010Z,sell,0.000117,18.46,0.00215982
GVT/BTC,1585988519513,2020-04-04T08:21:59.513Z,sell,0.000117,12.76,0.00149292
GVT/BTC,1585988734538,2020-04-04T08:25:34.538Z,buy,0.0001171,139.62,0.016349502
GVT/BTC,1585988734538,2020-04-04T08:25:34.538Z,buy,0.0001172,80.4,0.00942288
GVT/BTC,1585988734538,2020-04-04T08:25:34.538Z,buy,0.0001173,156.73,0.018384429
GVT/BTC,1585988791217,2020-04-04T08:26:31.217Z,buy,0.0001174,43.75,0.0051362499999999
GVT/BTC,1585988792820,2020-04-04T08:26:32.820Z,sell,0.0001174,193.43,0.022708682
GVT/BTC,1585988793915,2020-04-04T08:26:33.915Z,sell,0.0001174,117.43,0.013786282
GVT/BTC,1585988794738,2020-04-04T08:26:34.738Z,buy,0.0001175,0.86,0.0001010499999999
GVT/BTC,1585988795537,2020-04-04T08:26:35.537Z,sell,0.000117,21.85,0.00255645
GVT/BTC,1585988795955,2020-04-04T08:26:35.955Z,sell,0.000117,16.63,0.0019457099999999
GVT/BTC,1585988795960,2020-04-04T08:26:35.960Z,sell,0.000117,13.13,0.00153621
GVT/BTC,1585988795973,2020-04-04T08:26:35.973Z,sell,0.000117,13.11,0.00153387
GVT/BTC,1585988796029,2020-04-04T08:26:36.029Z,sell,0.000117,4.38,0.00051246
GVT/BTC,1585988796039,2020-04-04T08:26:36.039Z,sell,0.000117,17.5,0.0020475
GVT/BTC,1585988817605,2020-04-04T08:26:57.605Z,buy,0.0001174,868.93,0.1020123819999999
GVT/BTC,1585988817619,2020-04-04T08:26:57.619Z,sell,0.0001174,29.22,0.0034304279999999
GVT/BTC,1585988859695,2020-04-04T08:27:39.695Z,sell,0.0001174,29.29,0.0034386459999999
GVT/BTC,1585988878830,2020-04-04T08:27:58.830Z,sell,0.0001174,1.0,0.0001174
GVT/BTC,1585988955118,2020-04-04T08:29:15.118Z,buy,0.0001175,1551.69,0.182323575
GVT/BTC,1585988992080,2020-04-04T08:29:52.080Z,sell,0.0001175,5.12,0.0006016
GVT/BTC,1585989212861,2020-04-04T08:33:32.861Z,sell,0.0001175,11.32,0.0013301
GVT/BTC,1585989398607,2020-04-04T08:36:38.607Z,sell,0.0001175,100.0,0.01175
GVT/BTC,1585989409952,2020-04-04T08:36:49.952Z,sell,0.0001175,20.0,0.00235
GVT/BTC,1585989672227,2020-04-04T08:41:12.227Z,sell,0.0001175,50.0,0.005875
GVT/BTC,1585989733644,2020-04-04T08:42:13.644Z,buy,0.0001176,0.86,0.000101136
GVT/BTC,1585990069978,2020-04-04T08:47:49.978Z,sell,0.0001175,52.37,0.0061534749999999
GVT/BTC,1585990111324,2020-04-04T08:48:31.324Z,buy,0.0001176,34.21,0.004023096
GVT/BTC,1585990120404,2020-04-04T08:48:40.404Z,sell,0.0001176,6.17,0.000725592
GVT/BTC,1585990138194,2020-04-04T08:48:58.194Z,sell,0.0001176,9.08,0.001067808
GVT/BTC,1585990138194,2020-04-04T08:48:58.194Z,sell,0.0001176,9.08,0.001067808
GVT/BTC,1585990329981,2020-04-04T08:52:09.981Z,sell,0.0001176,1.81,0.000212856
GVT/BTC,1585990435830,2020-04-04T08:53:55.830Z,sell,0.0001176,198.73,0.0233706479999999
GVT/BTC,1585990436031,2020-04-04T08:53:56.031Z,sell,0.0001175,143.67,0.016881225
GVT/BTC,1585990437134,2020-04-04T08:53:57.134Z,sell,0.0001175,99.66,0.01171005
GVT/BTC,1585990441632,2020-04-04T08:54:01.632Z,sell,0.0001175,59.86,0.0070335499999999
GVT/BTC,1585991595716,2020-04-04T09:13:15.716Z,sell,0.0001174,6.39,0.0007501859999999
GVT/BTC,1585991716104,2020-04-04T09:15:16.104Z,sell,0.0001174,600.0,0.07044
GVT/BTC,1585991716119,2020-04-04T09:15:16.119Z,sell,0.0001174,421.64,0.049500536
GVT/BTC,1585991725200,2020-04-04T09:15:25.200Z,sell,0.0001174,173.0,0.0203102
GVT/BTC,1585991726400,2020-04-04T09:15:26.400Z,sell,0.0001173,0.86,0.000100878
GVT/BTC,1585991726400,2020-04-04T09:15:26.400Z,sell,0.0001172,4.19,0.000491068
GVT/BTC,1585991726400,2020-04-04T09:15:26.400Z,sell,0.000117,81.09,0.00948753
GVT/BTC,1585991726409,2020-04-04T09:15:26.409Z,sell,0.000117,17.5,0.0020475
GVT/BTC,1585991726680,2020-04-04T09:15:26.680Z,sell,0.000117,88.79,0.01038843
GVT/BTC,1585991726680,2020-04-04T09:15:26.680Z,sell,0.0001168,24.46,0.002856928
GVT/BTC,1585991727511,2020-04-04T09:15:27.511Z,sell,0.0001169,21.88,0.002557772
GVT/BTC,1585991773069,2020-04-04T09:16:13.069Z,buy,0.0001172,4.2,0.00049224
GVT/BTC,1585991948964,2020-04-04T09:19:08.964Z,buy,0.0001173,30.52,0.003579996
GVT/BTC,1585992237108,2020-04-04T09:23:57.108Z,sell,0.0001171,900.42,0.1054391819999999
GVT/BTC,1585992237108,2020-04-04T09:23:57.108Z,sell,0.000117,2358.96,0.27599832
GVT/BTC,1585992237108,2020-04-04T09:23:57.108Z,sell,0.0001169,577.28,0.067484032
GVT/BTC,1585992237115,2020-04-04T09:23:57.115Z,buy,0.0001169,163.34,0.019094446
GVT/BTC,1585992237160,2020-04-04T09:23:57.160Z,buy,0.0001175,4.18,0.00049115
GVT/BTC,1585992237160,2020-04-04T09:23:57.160Z,buy,0.0001176,158.59,0.018650184
GVT/BTC,1585992237160,2020-04-04T09:23:57.160Z,buy,0.0001176,53.13,0.006248088
GVT/BTC,1585992238997,2020-04-04T09:23:58.997Z,sell,0.0001172,4.18,0.000489896
GVT/BTC,1585992239004,2020-04-04T09:23:59.004Z,buy,0.0001173,30.3,0.00355419
GVT/BTC,1585992241147,2020-04-04T09:24:01.147Z,sell,0.000117,1618.39,0.18935163
GVT/BTC,1585992241147,2020-04-04T09:24:01.147Z,sell,0.0001168,5.07,0.000592176
GVT/BTC,1585992241147,2020-04-04T09:24:01.147Z,sell,0.0001167,4.48,0.000522816
GVT/BTC,1585992242002,2020-04-04T09:24:02.002Z,sell,0.0001167,26.34,0.003073878
GVT/BTC,1585992242800,2020-04-04T09:24:02.800Z,sell,0.0001167,1429.76,0.166852992
GVT/BTC,1585992441580,2020-04-04T09:27:21.580Z,buy,0.0001167,8.76,0.001022292
GVT/BTC,1585992538806,2020-04-04T09:28:58.806Z,sell,0.0001167,0.86,0.000100362
GVT/BTC,1585992688403,2020-04-04T09:31:28.403Z,buy,0.0001171,1.79,0.000209609
GVT/BTC,1585992702380,2020-04-04T09:31:42.380Z,sell,0.0001167,8.56,0.000998952
GVT/BTC,1585992702469,2020-04-04T09:31:42.469Z,buy,0.0001167,12.29,0.001434243
GVT/BTC,1585992860367,2020-04-04T09:34:20.367Z,sell,0.0001166,247.07,0.028808362
GVT/BTC,1585992860367,2020-04-04T09:34:20.367Z,sell,0.0001165,29.35,0.003419275
GVT/BTC,1585992860367,2020-04-04T09:34:20.367Z,sell,0.0001164,500.13,0.0582151319999999
GVT/BTC,1585992860367,2020-04-04T09:34:20.367Z,sell,0.0001163,556.56,0.0647279279999999
GVT/BTC,1585992860367,2020-04-04T09:34:20.367Z,sell,0.0001162,240.32,0.027925184
GVT/BTC,1585992910392,2020-04-04T09:35:10.392Z,buy,0.0001167,43.43,0.005068281
GVT/BTC,1585993023425,2020-04-04T09:37:03.425Z,buy,0.0001167,1878.0,0.2191626
GVT/BTC,1585993023587,2020-04-04T09:37:03.587Z,buy,0.0001168,4.21,0.000491728
GVT/BTC,1585993024595,2020-04-04T09:37:04.595Z,buy,0.0001168,595.79,0.069588272
GVT/BTC,1585993025794,2020-04-04T09:37:05.794Z,buy,0.0001168,853.33,0.099668944
GVT/BTC,1585993261118,2020-04-04T09:41:01.118Z,buy,0.000117,11.33,0.00132561
GVT/BTC,1585993379890,2020-04-04T09:42:59.890Z,sell,0.0001166,2.33,0.000271678
GVT/BTC,1585993379890,2020-04-04T09:42:59.890Z,sell,0.0001166,2.33,0.000271678
GVT/BTC,1585993752471,2020-04-04T09:49:12.471Z,buy,0.0001169,1.56,0.000182364
GVT/BTC,1585993753519,2020-04-04T09:49:13.519Z,buy,0.000117,2.67,0.00031239
GVT/BTC,1585993865012,2020-04-04T09:51:05.012Z,sell,0.0001166,40.34,0.004703644
GVT/BTC,1585993865012,2020-04-04T09:51:05.012Z,sell,0.0001165,4.22,0.00049163
GVT/BTC,1585993865012,2020-04-04T09:51:05.012Z,sell,0.0001164,64.94,0.0075590159999999
GVT/BTC,1585993865012,2020-04-04T09:51:05.012Z,sell,0.0001163,327.31,0.038066153
GVT/BTC,1585993865012,2020-04-04T09:51:05.012Z,sell,0.0001162,363.84,0.042278208
GVT/BTC,1585993865012,2020-04-04T09:51:05.012Z,sell,0.0001161,1005.12,0.116694432
GVT/BTC,1585993865029,2020-04-04T09:51:05.029Z,buy,0.0001161,38.06,0.004418766
GVT/BTC,1585993868228,2020-04-04T09:51:08.228Z,buy,0.0001161,0.87,0.000101007
GVT/BTC,1585993890338,2020-04-04T09:51:30.338Z,buy,0.0001161,661.51,0.076801311
GVT/BTC,1585994031840,2020-04-04T09:53:51.840Z,sell,0.000116,9.53,0.0011054799999999
GVT/BTC,1585994042765,2020-04-04T09:54:02.765Z,buy,0.0001165,7.94,0.00092501
GVT/BTC,1585994042765,2020-04-04T09:54:02.765Z,buy,0.0001166,47.52,0.005540832
GVT/BTC,1585994042765,2020-04-04T09:54:02.765Z,buy,0.0001167,341.87,0.039896229
GVT/BTC,1585994042765,2020-04-04T09:54:02.765Z,buy,0.0001168,4.22,0.000492896
GVT/BTC,1585994042765,2020-04-04T09:54:02.765Z,buy,0.000117,16.39,0.00191763
GVT/BTC,1585994042765,2020-04-04T09:54:02.765Z,buy,0.0001172,4.21,0.000493412
GVT/BTC,1585994042765,2020-04-04T09:54:02.765Z,buy,0.0001173,39.07,0.004582911
GVT/BTC,1585994042765,2020-04-04T09:54:02.765Z,buy,0.0001175,68.72,0.0080746
GVT/BTC,1585994042765,2020-04-04T09:54:02.765Z,buy,0.0001176,180.4,0.02121504
GVT/BTC,1585994042765,2020-04-04T09:54:02.765Z,buy,0.0001177,55.56,0.006539412
GVT/BTC,1585994042765,2020-04-04T09:54:02.765Z,buy,0.0001178,4.3,0.00050654
GVT/BTC,1585994042765,2020-04-04T09:54:02.765Z,buy,0.0001179,241.74,0.028501146
GVT/BTC,1585994044041,2020-04-04T09:54:04.041Z,sell,0.0001173,3.62,0.000424626
GVT/BTC,1585994044864,2020-04-04T09:54:04.864Z,sell,0.0001173,30.2,0.00354246
GVT/BTC,1585994045200,2020-04-04T09:54:05.200Z,sell,0.000117,0.87,0.00010179
GVT/BTC,1585994045451,2020-04-04T09:54:05.451Z,buy,0.0001178,50.8,0.00598424
GVT/BTC,1585994045737,2020-04-04T09:54:05.737Z,sell,0.0001175,4.17,0.000489975
GVT/BTC,1585994045742,2020-04-04T09:54:05.742Z,buy,0.0001178,5.08,0.000598424
GVT/BTC,1585994074900,2020-04-04T09:54:34.900Z,buy,0.0001177,0.86,0.000101222
GVT/BTC,1585994076478,2020-04-04T09:54:36.478Z,sell,0.0001175,0.86,0.0001010499999999
GVT/BTC,1585994145188,2020-04-04T09:55:45.188Z,buy,0.0001177,2.55,0.000300135
GVT/BTC,1585994468274,2020-04-04T10:01:08.274Z,sell,0.0001173,0.86,0.000100878
GVT/BTC,1585994935870,2020-04-04T10:08:55.870Z,sell,0.0001172,4.18,0.000489896
GVT/BTC,1585994943374,2020-04-04T10:09:03.374Z,sell,0.000117,30.28,0.00354276
GVT/BTC,1585994943418,2020-04-04T10:09:03.418Z,buy,0.0001169,5.08,0.000593852
GVT/BTC,1585994944425,2020-04-04T10:09:04.425Z,buy,0.0001169,5.08,0.000593852
GVT/BTC,1585994945453,2020-04-04T10:09:05.453Z,buy,0.0001169,5.08,0.000593852
GVT/BTC,1585994946473,2020-04-04T10:09:06.473Z,buy,0.0001169,5.08,0.000593852
GVT/BTC,1585994953777,2020-04-04T10:09:13.777Z,sell,0.0001168,5.06,0.000591008
GVT/BTC,1585994953777,2020-04-04T10:09:13.777Z,sell,0.0001167,3.62,0.000422454
GVT/BTC,1585994953777,2020-04-04T10:09:13.777Z,sell,0.0001166,31.5,0.0036729
GVT/BTC,1585994953777,2020-04-04T10:09:13.777Z,sell,0.0001165,57.58,0.00670807
GVT/BTC,1585994953777,2020-04-04T10:09:13.777Z,sell,0.0001164,392.75,0.0457160999999999
GVT/BTC,1585994953777,2020-04-04T10:09:13.777Z,sell,0.0001163,305.45,0.035523835
GVT/BTC,1585994953777,2020-04-04T10:09:13.777Z,sell,0.0001162,75.87,0.008816094
GVT/BTC,1585994957407,2020-04-04T10:09:17.407Z,sell,0.0001165,0.86,0.00010019
GVT/BTC,1585995019290,2020-04-04T10:10:19.290Z,sell,0.0001162,28.77,0.003343074
GVT/BTC,1585995068506,2020-04-04T10:11:08.506Z,sell,0.0001163,100.0,0.01163
GVT/BTC,1585995068506,2020-04-04T10:11:08.506Z,sell,0.0001162,187.79,0.021821198
GVT/BTC,1585995068560,2020-04-04T10:11:08.560Z,buy,0.0001162,15.78,0.001833636
GVT/BTC,1585995108167,2020-04-04T10:11:48.167Z,buy,0.0001162,212.48,0.024690176
GVT/BTC,1585995201774,2020-04-04T10:13:21.774Z,sell,0.0001161,1.0,0.0001161
GVT/BTC,1585995412658,2020-04-04T10:16:52.658Z,sell,0.0001163,0.86,0.0001000179999999
GVT/BTC,1585995429044,2020-04-04T10:17:09.044Z,sell,0.0001161,18.06,0.002096766
GVT/BTC,1585995579912,2020-04-04T10:19:39.912Z,sell,0.0001161,100.01,0.011611161
GVT/BTC,1585995666832,2020-04-04T10:21:06.832Z,sell,0.0001161,3.29,0.000381969
GVT/BTC,1585995775602,2020-04-04T10:22:55.602Z,buy,0.0001162,5.82,0.000676284
GVT/BTC,1585995775613,2020-04-04T10:22:55.613Z,buy,0.0001163,20.51,0.002385313
GVT/BTC,1585995776656,2020-04-04T10:22:56.656Z,buy,0.0001163,4.81,0.0005594029999999
GVT/BTC,1585995776656,2020-04-04T10:22:56.656Z,buy,0.0001164,9.42,0.001096488
GVT/BTC,1585995777756,2020-04-04T10:22:57.756Z,buy,0.0001164,9.85,0.00114654
GVT/BTC,1585996236131,2020-04-04T10:30:36.131Z,buy,0.0001165,8.65,0.001007725
GVT/BTC,1585996241410,2020-04-04T10:30:41.410Z,buy,0.0001166,29.05,0.00338723
GVT/BTC,1585996241423,2020-04-04T10:30:41.423Z,buy,0.0001166,5.58,0.000650628
GVT/BTC,1585996243399,2020-04-04T10:30:43.399Z,buy,0.0001167,24.2,0.00282414
GVT/BTC,1585996251813,2020-04-04T10:30:51.813Z,buy,0.0001166,5.6,0.00065296
GVT/BTC,1585996251813,2020-04-04T10:30:51.813Z,buy,0.0001167,16.89,0.001971063
GVT/BTC,1585996289974,2020-04-04T10:31:29.974Z,buy,0.0001168,8.63,0.001007984
GVT/BTC,1585996289974,2020-04-04T10:31:29.974Z,buy,0.0001169,0.12,1.4028e-05
GVT/BTC,1585996289974,2020-04-04T10:31:29.974Z,buy,0.000117,91.25,0.01067625
GVT/BTC,1585996299444,2020-04-04T10:31:39.444Z,buy,0.0001171,68.92,0.008070532
GVT/BTC,1585996299444,2020-04-04T10:31:39.444Z,buy,0.0001172,76.9,0.00901268
GVT/BTC,1585996299444,2020-04-04T10:31:39.444Z,buy,0.0001173,354.18,0.041545314
GVT/BTC,1585996307627,2020-04-04T10:31:47.627Z,buy,0.0001174,10.23,0.001201002
GVT/BTC,1585996307627,2020-04-04T10:31:47.627Z,buy,0.0001175,64.3,0.0075552499999999
GVT/BTC,1585996307718,2020-04-04T10:31:47.718Z,sell,0.0001175,5.47,0.0006427249999999
GVT/BTC,1585996307725,2020-04-04T10:31:47.725Z,sell,0.000117,5.47,0.00063999
GVT/BTC,1585996310381,2020-04-04T10:31:50.381Z,buy,0.0001177,0.86,0.000101222
GVT/BTC,1585996311921,2020-04-04T10:31:51.921Z,sell,0.0001175,0.86,0.0001010499999999
GVT/BTC,1585996343794,2020-04-04T10:32:23.794Z,buy,0.0001177,30.92,0.003639284
GVT/BTC,1585996343794,2020-04-04T10:32:23.794Z,buy,0.0001178,122.76,0.014461128
GVT/BTC,1585996423207,2020-04-04T10:33:43.207Z,buy,0.0001178,45.02,0.005303356
GVT/BTC,1585996436655,2020-04-04T10:33:56.655Z,sell,0.0001173,30.27,0.003550671
GVT/BTC,1585996521474,2020-04-04T10:35:21.474Z,buy,0.0001174,10.17,0.001193958
GVT/BTC,1585996679179,2020-04-04T10:37:59.179Z,buy,0.0001178,7.68,0.000904704
GVT/BTC,1585996679179,2020-04-04T10:37:59.179Z,buy,0.0001179,11.32,0.001334628
GVT/BTC,1585996693213,2020-04-04T10:38:13.213Z,buy,0.0001179,0.86,0.000101394
GVT/BTC,1585996696583,2020-04-04T10:38:16.583Z,sell,0.0001177,0.85,0.000100045
GVT/BTC,1585996719227,2020-04-04T10:38:39.227Z,sell,0.0001177,37.03,0.004358431
GVT/BTC,1585996847111,2020-04-04T10:40:47.111Z,sell,0.0001175,132.91,0.0156169249999999
GVT/BTC,1585996895019,2020-04-04T10:41:35.019Z,sell,0.0001173,3.62,0.000424626
GVT/BTC,1585996958084,2020-04-04T10:42:38.084Z,buy,0.0001174,1.86,0.000218364
GVT/BTC,1585996961694,2020-04-04T10:42:41.694Z,buy,0.0001175,12.0,0.00141
GVT/BTC,1585996961694,2020-04-04T10:42:41.694Z,buy,0.0001175,12.0,0.00141
GVT/BTC,1585997006033,2020-04-04T10:43:26.033Z,sell,0.0001172,2.18,0.000255496
GVT/BTC,1585997134819,2020-04-04T10:45:34.819Z,buy,0.0001175,0.86,0.0001010499999999
GVT/BTC,1585997186583,2020-04-04T10:46:26.583Z,buy,0.0001175,685.45,0.080540375
GVT/BTC,1585997192218,2020-04-04T10:46:32.218Z,buy,0.0001179,1023.86,0.120713094
GVT/BTC,1585997271329,2020-04-04T10:47:51.329Z,buy,0.0001179,385.19,0.045413901
GVT/BTC,1585997271486,2020-04-04T10:47:51.486Z,buy,0.000118,47.83,0.0056439399999999
GVT/BTC,1585997274293,2020-04-04T10:47:54.293Z,buy,0.000118,1513.59,0.17860362
GVT/BTC,1585997276944,2020-04-04T10:47:56.944Z,buy,0.000118,1.7,0.0002006
GVT/BTC,1585997285573,2020-04-04T10:48:05.573Z,buy,0.000118,3.08,0.00036344
GVT/BTC,1585997285573,2020-04-04T10:48:05.573Z,buy,0.0001181,8.23,0.000971963
GVT/BTC,1585997285721,2020-04-04T10:48:05.721Z,sell,0.0001181,9.15,0.001080615
GVT/BTC,1585997285731,2020-04-04T10:48:05.731Z,sell,0.0001175,4.18,0.00049115
GVT/BTC,1585997285731,2020-04-04T10:48:05.731Z,sell,0.0001173,4.97,0.000582981
GVT/BTC,1585997340028,2020-04-04T10:49:00.028Z,sell,0.0001174,6.96,0.0008171039999999
GVT/BTC,1585997368229,2020-04-04T10:49:28.229Z,buy,0.0001178,5.72,0.000673816
GVT/BTC,1585997368229,2020-04-04T10:49:28.229Z,buy,0.0001179,4.18,0.000492822
GVT/BTC,1585997368229,2020-04-04T10:49:28.229Z,buy,0.0001181,9.02,0.001065262
GVT/BTC,1585997392504,2020-04-04T10:49:52.504Z,buy,0.0001183,8.23,0.000973609
GVT/BTC,1585997392522,2020-04-04T10:49:52.522Z,sell,0.0001183,44.61,0.005277363
GVT/BTC,1585997392523,2020-04-04T10:49:52.523Z,sell,0.0001183,14.85,0.001756755
GVT/BTC,1585997392533,2020-04-04T10:49:52.533Z,sell,0.0001183,107.49,0.012716067
GVT/BTC,1585997441923,2020-04-04T10:50:41.923Z,sell,0.0001179,4.16,0.000490464
GVT/BTC,1585997441923,2020-04-04T10:50:41.923Z,sell,0.0001176,16.3,0.00191688
GVT/BTC,1585997456172,2020-04-04T10:50:56.172Z,buy,0.0001183,4.16,0.000492128
GVT/BTC,1585997456172,2020-04-04T10:50:56.172Z,buy,0.0001184,84.55,0.01001072
GVT/BTC,1585997456172,2020-04-04T10:50:56.172Z,buy,0.0001185,259.46,0.0307460099999999
GVT/BTC,1585997456266,2020-04-04T10:50:56.266Z,sell,0.0001185,3.0,0.0003554999999999
GVT/BTC,1585997464097,2020-04-04T10:51:04.097Z,sell,0.0001185,8.56,0.00101436
GVT/BTC,1585997466237,2020-04-04T10:51:06.237Z,sell,0.0001185,3.12,0.00036972
GVT/BTC,1585997499259,2020-04-04T10:51:39.259Z,buy,0.0001186,15.48,0.001835928
GVT/BTC,1585997499347,2020-04-04T10:51:39.347Z,sell,0.0001186,4.82,0.000571652
GVT/BTC,1585997525110,2020-04-04T10:52:05.110Z,sell,0.0001188,0.86,0.000102168
GVT/BTC,1585997535134,2020-04-04T10:52:15.134Z,sell,0.0001183,1.72,0.000203476
GVT/BTC,1585997544987,2020-04-04T10:52:24.987Z,buy,0.0001188,447.18,0.053124984
GVT/BTC,1585997552524,2020-04-04T10:52:32.524Z,sell,0.0001188,22.38,0.0026587439999999
GVT/BTC,1585997552610,2020-04-04T10:52:32.610Z,sell,0.0001188,32.94,0.003913272
GVT/BTC,1585997552612,2020-04-04T10:52:32.612Z,sell,0.0001188,384.68,0.045699984
GVT/BTC,1585997556910,2020-04-04T10:52:36.910Z,sell,0.0001188,500.0,0.0594
GVT/BTC,1585997561814,2020-04-04T10:52:41.814Z,sell,0.0001188,550.0,0.06534
GVT/BTC,1585997562096,2020-04-04T10:52:42.096Z,sell,0.0001183,2.43,0.000287469
GVT/BTC,1585997562829,2020-04-04T10:52:42.829Z,buy,0.0001181,126.57,0.0149479169999999
GVT/BTC,1585997583222,2020-04-04T10:53:03.222Z,sell,0.0001182,60.0,0.007092
GVT/BTC,1585997593531,2020-04-04T10:53:13.531Z,sell,0.0001185,500.0,0.05925
GVT/BTC,1585997613633,2020-04-04T10:53:33.633Z,sell,0.0001185,239.7,0.0284044499999999
GVT/BTC,1585997776983,2020-04-04T10:56:16.983Z,sell,0.0001185,65.16,0.0077214599999999
GVT/BTC,1585997778085,2020-04-04T10:56:18.085Z,sell,0.0001185,45.21,0.005357385
GVT/BTC,1585997779081,2020-04-04T10:56:19.081Z,sell,0.0001185,31.39,0.0037197149999999
GVT/BTC,1585997780387,2020-04-04T10:56:20.387Z,sell,0.0001185,21.73,0.002575005
GVT/BTC,1585997783006,2020-04-04T10:56:23.006Z,sell,0.0001185,14.89,0.001764465
GVT/BTC,1585997784510,2020-04-04T10:56:24.510Z,sell,0.0001185,10.29,0.0012193649999999
GVT/BTC,1585997789224,2020-04-04T10:56:29.224Z,sell,0.0001185,20.3,0.00240555
GVT/BTC,1585997789241,2020-04-04T10:56:29.241Z,sell,0.0001185,21.14,0.0025050899999999
GVT/BTC,1585997791307,2020-04-04T10:56:31.307Z,sell,0.0001185,14.54,0.0017229899999999
GVT/BTC,1585997792404,2020-04-04T10:56:32.404Z,sell,0.0001185,10.09,0.0011956649999999
GVT/BTC,1585997816345,2020-04-04T10:56:56.345Z,sell,0.0001185,341.03,0.0404120549999999
GVT/BTC,1585997816355,2020-04-04T10:56:56.355Z,sell,0.0001185,209.69,0.0248482649999999
GVT/BTC,1585997855223,2020-04-04T10:57:35.223Z,buy,0.0001186,0.86,0.0001019959999999
GVT/BTC,1585997868183,2020-04-04T10:57:48.183Z,buy,0.0001186,0.86,0.0001019959999999
GVT/BTC,1585997942753,2020-04-04T10:59:02.753Z,sell,0.0001184,0.85,0.00010064
GVT/BTC,1585997942753,2020-04-04T10:59:02.753Z,sell,0.000118,8.47,0.00099946
GVT/BTC,1585997942753,2020-04-04T10:59:02.753Z,sell,0.0001179,3.56,0.000419724
GVT/BTC,1585998066925,2020-04-04T11:01:06.925Z,sell,0.0001182,0.85,0.0001004699999999
GVT/BTC,1585998066925,2020-04-04T11:01:06.925Z,sell,0.0001179,62.79,0.007402941
GVT/BTC,1585998066925,2020-04-04T11:01:06.925Z,sell,0.0001177,382.55,0.045026135
GVT/BTC,1585998073035,2020-04-04T11:01:13.035Z,buy,0.0001177,0.85,0.000100045
GVT/BTC,1585998074398,2020-04-04T11:01:14.398Z,sell,0.0001175,4.18,0.00049115
GVT/BTC,1585998079808,2020-04-04T11:01:19.808Z,sell,0.0001173,3.62,0.000424626
GVT/BTC,1585998079808,2020-04-04T11:01:19.808Z,sell,0.0001172,2.0,0.0002344
GVT/BTC,1585998079808,2020-04-04T11:01:19.808Z,sell,0.000117,64.89,0.00759213
GVT/BTC,1585998079808,2020-04-04T11:01:19.808Z,sell,0.0001169,191.34,0.0223676459999999
GVT/BTC,1585998079899,2020-04-04T11:01:19.899Z,buy,0.0001169,30.68,0.0035864919999999
GVT/BTC,1585998079909,2020-04-04T11:01:19.909Z,buy,0.0001169,600.0,0.07014
GVT/BTC,1585998079911,2020-04-04T11:01:19.911Z,buy,0.0001169,361.7,0.04228273
GVT/BTC,1585998124137,2020-04-04T11:02:04.137Z,buy,0.0001175,4.0,0.00047
GVT/BTC,1585998155548,2020-04-04T11:02:35.548Z,sell,0.0001169,1.0,0.0001169
GVT/BTC,1585998183854,2020-04-04T11:03:03.854Z,buy,0.0001175,2.0,0.000235
GVT/BTC,1585998212452,2020-04-04T11:03:32.452Z,sell,0.0001172,4.18,0.000489896
GVT/BTC,1585998212452,2020-04-04T11:03:32.452Z,sell,0.0001169,0.82,9.5858e-05
GVT/BTC,1585998255492,2020-04-04T11:04:15.492Z,buy,0.0001175,66.02,0.00775735
GVT/BTC,1585998317024,2020-04-04T11:05:17.024Z,buy,0.0001176,4.17,0.000490392
GVT/BTC,1585998413979,2020-04-04T11:06:53.979Z,sell,0.0001176,20.0,0.002352
GVT/BTC,1585998573475,2020-04-04T11:09:33.475Z,buy,0.0001176,84.38,0.009923088
GVT/BTC,1585998619362,2020-04-04T11:10:19.362Z,buy,0.0001176,0.85,9.996e-05
GVT/BTC,1585998871163,2020-04-04T11:14:31.163Z,sell,0.0001174,0.86,0.0001009639999999
GVT/BTC,1585998871163,2020-04-04T11:14:31.163Z,sell,0.0001172,4.19,0.000491068
GVT/BTC,1585998871163,2020-04-04T11:14:31.163Z,sell,0.000117,19.7,0.0023049
GVT/BTC,1585998893956,2020-04-04T11:14:53.956Z,sell,0.0001173,1.72,0.000201756
GVT/BTC,1585998901966,2020-04-04T11:15:01.966Z,buy,0.0001173,1.71,0.000200583
GVT/BTC,1585999034955,2020-04-04T11:17:14.955Z,buy,0.0001173,27.64,0.003242172
GVT/BTC,1585999034955,2020-04-04T11:17:14.955Z,buy,0.0001174,3.42,0.0004015079999999
GVT/BTC,1585999034955,2020-04-04T11:17:14.955Z,buy,0.0001175,4.19,0.000492325
GVT/BTC,1585999034955,2020-04-04T11:17:14.955Z,buy,0.0001176,35.21,0.004140696
GVT/BTC,1585999038447,2020-04-04T11:17:18.447Z,buy,0.0001177,12.0,0.0014124
GVT/BTC,1585999588154,2020-04-04T11:26:28.154Z,sell,0.0001172,155.05,0.01817186
GVT/BTC,1585999610417,2020-04-04T11:26:50.417Z,sell,0.000117,147.37,0.01724229
GVT/BTC,1585999718953,2020-04-04T11:28:38.953Z,sell,0.0001169,59.1,0.00690879
GVT/BTC,1585999718953,2020-04-04T11:28:38.953Z,sell,0.0001168,4.2,0.00049056
GVT/BTC,1585999718953,2020-04-04T11:28:38.953Z,sell,0.0001167,3.62,0.000422454
GVT/BTC,1585999718953,2020-04-04T11:28:38.953Z,sell,0.0001166,293.16,0.034182456
GVT/BTC,1585999718953,2020-04-04T11:28:38.953Z,sell,0.0001165,4.22,0.00049163
GVT/BTC,1585999718953,2020-04-04T11:28:38.953Z,sell,0.0001164,358.41,0.041718924
GVT/BTC,1585999718953,2020-04-04T11:28:38.953Z,sell,0.0001163,1052.56,0.1224127279999999
GVT/BTC,1585999718953,2020-04-04T11:28:38.953Z,sell,0.0001162,195.24,0.022686888
GVT/BTC,1585999718953,2020-04-04T11:28:38.953Z,sell,0.0001161,114.63,0.0133085429999999
GVT/BTC,1585999718953,2020-04-04T11:28:38.953Z,sell,0.000116,709.07,0.08225212
GVT/BTC,1585999718972,2020-04-04T11:28:38.972Z,buy,0.0001161,127.17,0.014764437
GVT/BTC,1585999718973,2020-04-04T11:28:38.973Z,buy,0.0001161,26.36,0.003060396
GVT/BTC,1585999718984,2020-04-04T11:28:38.984Z,sell,0.0001162,59.09,0.006866258
GVT/BTC,1585999719020,2020-04-04T11:28:39.020Z,sell,0.0001162,26.36,0.003063032
GVT/BTC,1585999719159,2020-04-04T11:28:39.159Z,buy,0.0001166,0.27,3.1482e-05
GVT/BTC,1585999721050,2020-04-04T11:28:41.050Z,buy,0.0001165,2.24,0.00026096
GVT/BTC,1585999721050,2020-04-04T11:28:41.050Z,buy,0.0001166,58.83,0.006859578
GVT/BTC,1585999721050,2020-04-04T11:28:41.050Z,buy,0.0001168,4.22,0.000492896
GVT/BTC,1585999721050,2020-04-04T11:28:41.050Z,buy,0.0001169,359.92,0.042074648
GVT/BTC,1585999721058,2020-04-04T11:28:41.058Z,sell,0.0001171,85.25,0.009982775
GVT/BTC,1585999721060,2020-04-04T11:28:41.060Z,sell,0.0001171,85.24,0.009981604
GVT/BTC,1585999721060,2020-04-04T11:28:41.060Z,sell,0.0001171,85.24,0.009981604
GVT/BTC,1585999721060,2020-04-04T11:28:41.060Z,sell,0.0001171,85.24,0.009981604
GVT/BTC,1585999721060,2020-04-04T11:28:41.060Z,sell,0.0001171,85.24,0.009981604
GVT/BTC,1585999721060,2020-04-04T11:28:41.060Z,sell,0.0001171,1.05,0.000122955
GVT/BTC,1585999721093,2020-04-04T11:28:41.093Z,buy,0.0001172,0.24,2.8128e-05
GVT/BTC,1585999721116,2020-04-04T11:28:41.116Z,buy,0.0001172,47.98,0.005623256
GVT/BTC,1585999721116,2020-04-04T11:28:41.116Z,buy,0.0001174,19.29,0.002264646
GVT/BTC,1585999721116,2020-04-04T11:28:41.116Z,buy,0.0001175,4.19,0.000492325
GVT/BTC,1585999721116,2020-04-04T11:28:41.116Z,buy,0.0001177,178.48,0.021007096
GVT/BTC,1585999721116,2020-04-04T11:28:41.116Z,buy,0.0001179,5.96,0.000702684
GVT/BTC,1585999721142,2020-04-04T11:28:41.142Z,buy,0.0001165,4.25,0.000495125
GVT/BTC,1585999721142,2020-04-04T11:28:41.142Z,buy,0.0001179,1.84,0.000216936
GVT/BTC,1585999721142,2020-04-04T11:28:41.142Z,buy,0.000118,78.97,0.0093184599999999
GVT/BTC,1585999721962,2020-04-04T11:28:41.962Z,buy,0.0001167,0.86,0.000100362
GVT/BTC,1585999723395,2020-04-04T11:28:43.395Z,buy,0.0001167,4.18,0.0004878059999999
GVT/BTC,1585999723797,2020-04-04T11:28:43.797Z,buy,0.0001167,2.7,0.00031509
GVT/BTC,1585999723797,2020-04-04T11:28:43.797Z,buy,0.0001171,1.47,0.000172137
GVT/BTC,1585999723944,2020-04-04T11:28:43.944Z,buy,0.0001172,3.62,0.000424264
GVT/BTC,1585999794352,2020-04-04T11:29:54.352Z,buy,0.0001172,4.79,0.000561388
GVT/BTC,1585999794352,2020-04-04T11:29:54.352Z,buy,0.0001173,20.62,0.002418726
GVT/BTC,1585999794409,2020-04-04T11:29:54.409Z,sell,0.0001173,126.42,0.014829066
GVT/BTC,1585999924411,2020-04-04T11:32:04.411Z,buy,0.0001175,8.53,0.001002275
GVT/BTC,1586000024309,2020-04-04T11:33:44.309Z,sell,0.0001172,1.19,0.000139468
GVT/BTC,1586000151872,2020-04-04T11:35:51.872Z,sell,0.0001172,2.99,0.000350428
GVT/BTC,1586000151872,2020-04-04T11:35:51.872Z,sell,0.0001168,0.01,1.168e-06
GVT/BTC,1586000162406,2020-04-04T11:36:02.406Z,buy,0.0001174,2.96,0.000347504
GVT/BTC,1586000162406,2020-04-04T11:36:02.406Z,buy,0.0001175,17.31,0.002033925
GVT/BTC,1586000238147,2020-04-04T11:37:18.147Z,buy,0.0001175,0.32,3.76e-05
GVT/BTC,1586000246262,2020-04-04T11:37:26.262Z,buy,0.0001175,0.25,2.9375e-05
GVT/BTC,1586000393261,2020-04-04T11:39:53.261Z,buy,0.0001175,1.71,0.000200925
GVT/BTC,1586000423010,2020-04-04T11:40:23.010Z,sell,0.0001172,4.19,0.000491068
GVT/BTC,1586000559689,2020-04-04T11:42:39.689Z,buy,0.0001175,0.26,3.055e-05
GVT/BTC,1586000559689,2020-04-04T11:42:39.689Z,buy,0.0001175,0.26,3.055e-05
GVT/BTC,1586000592845,2020-04-04T11:43:12.845Z,buy,0.0001175,4.26,0.00050055
GVT/BTC,1586000781911,2020-04-04T11:46:21.911Z,buy,0.0001174,5.78,0.000678572
GVT/BTC,1586000782024,2020-04-04T11:46:22.024Z,sell,0.0001174,79.4,0.00932156
GVT/BTC,1586000816573,2020-04-04T11:46:56.573Z,sell,0.000117,3.43,0.00040131
GVT/BTC,1586000900271,2020-04-04T11:48:20.271Z,buy,0.0001175,7.68,0.0009023999999999
GVT/BTC,1586000900339,2020-04-04T11:48:20.339Z,buy,0.0001177,0.32,3.7664e-05
GVT/BTC,1586000947117,2020-04-04T11:49:07.117Z,buy,0.0001177,4.77,0.000561429
GVT/BTC,1586000951448,2020-04-04T11:49:11.448Z,buy,0.0001178,1.02,0.000120156
GVT/BTC,1586001169196,2020-04-04T11:52:49.196Z,buy,0.0001178,0.32,3.7696e-05
GVT/BTC,1586001209463,2020-04-04T11:53:29.463Z,sell,0.0001172,7.02,0.0008227439999999
GVT/BTC,1586001215312,2020-04-04T11:53:35.312Z,buy,0.0001175,4.19,0.000492325
GVT/BTC,1586001388056,2020-04-04T11:56:28.056Z,sell,0.0001175,8.51,0.000999925
GVT/BTC,1586001587630,2020-04-04T11:59:47.630Z,buy,0.0001177,4.68,0.000550836
GVT/BTC,1586001728038,2020-04-04T12:02:08.038Z,sell,0.0001172,1.49,0.000174628
GVT/BTC,1586001794452,2020-04-04T12:03:14.452Z,buy,0.0001178,1.49,0.000175522
GVT/BTC,1586002115882,2020-04-04T12:08:35.882Z,buy,0.0001178,12.73,0.001499594
GVT/BTC,1586002381200,2020-04-04T12:13:01.200Z,sell,0.0001175,10.0,0.001175
GVT/BTC,1586002440030,2020-04-04T12:14:00.030Z,sell,0.0001174,1.27,0.000149098
GVT/BTC,1586002693059,2020-04-04T12:18:13.059Z,buy,0.0001177,27.58,0.003246166
GVT/BTC,1586003187406,2020-04-04T12:26:27.406Z,buy,0.0001177,1000.0,0.1177
GVT/BTC,1586003187417,2020-04-04T12:26:27.417Z,buy,0.0001177,55.63,0.006547651
GVT/BTC,1586003191098,2020-04-04T12:26:31.098Z,buy,0.0001178,118.22,0.013926316
GVT/BTC,1586003199949,2020-04-04T12:26:39.949Z,sell,0.0001174,1.0,0.0001174
GVT/BTC,1586003565741,2020-04-04T12:32:45.741Z,sell,0.0001175,0.86,0.0001010499999999
GVT/BTC,1586003665818,2020-04-04T12:34:25.818Z,sell,0.0001173,5.14,0.000602922
GVT/BTC,1586003670772,2020-04-04T12:34:30.772Z,sell,0.0001172,2.7,0.00031644
GVT/BTC,1586003701434,2020-04-04T12:35:01.434Z,sell,0.0001171,11.34,0.001327914
GVT/BTC,1586003701434,2020-04-04T12:35:01.434Z,sell,0.000117,140.34,0.01641978
GVT/BTC,1586003820520,2020-04-04T12:37:00.520Z,sell,0.000117,166.9,0.0195273
GVT/BTC,1586003953919,2020-04-04T12:39:13.919Z,buy,0.0001174,6.1,0.0007161399999999
GVT/BTC,1586003953919,2020-04-04T12:39:13.919Z,buy,0.0001175,4.19,0.000492325
GVT/BTC,1586003953919,2020-04-04T12:39:13.919Z,buy,0.0001174,6.1,0.0007161399999999
GVT/BTC,1586003953919,2020-04-04T12:39:13.919Z,buy,0.0001175,4.19,0.000492325
GVT/BTC,1586004258328,2020-04-04T12:44:18.328Z,buy,0.0001177,4.42,0.000520234
GVT/BTC,1586004321213,2020-04-04T12:45:21.213Z,sell,0.0001177,254.88,0.029999376
GVT/BTC,1586005372916,2020-04-04T13:02:52.916Z,sell,0.0001178,1.91,0.000224998
GVT/BTC,1586005448190,2020-04-04T13:04:08.190Z,sell,0.0001178,0.86,0.000101308
GVT/BTC,1586005714227,2020-04-04T13:08:34.227Z,sell,0.0001178,117.9,0.01388862
GVT/BTC,1586005714238,2020-04-04T13:08:34.238Z,sell,0.0001178,82.67,0.009738526
GVT/BTC,1586005715322,2020-04-04T13:08:35.322Z,sell,0.0001178,51.32,0.006045496
GVT/BTC,1586005715322,2020-04-04T13:08:35.322Z,sell,0.0001177,6.03,0.000709731
GVT/BTC,1586006148711,2020-04-04T13:15:48.711Z,sell,0.0001177,4.82,0.000567314
GVT/BTC,1586006207728,2020-04-04T13:16:47.728Z,sell,0.0001175,86.1,0.0101167499999999
GVT/BTC,1586006320164,2020-04-04T13:18:40.164Z,sell,0.0001172,9.83,0.001152076
GVT/BTC,1586006360923,2020-04-04T13:19:20.923Z,buy,0.0001175,8.36,0.0009823
GVT/BTC,1586006833589,2020-04-04T13:27:13.589Z,sell,0.0001172,128.6,0.0150719199999999
GVT/BTC,1586007167266,2020-04-04T13:32:47.266Z,sell,0.0001172,58.46,0.006851512
GVT/BTC,1586007448587,2020-04-04T13:37:28.587Z,buy,0.0001175,8.76,0.0010293
GVT/BTC,1586007448587,2020-04-04T13:37:28.587Z,buy,0.0001175,8.76,0.0010293
GVT/BTC,1586007802988,2020-04-04T13:43:22.988Z,buy,0.0001178,9.4,0.00110732
GVT/BTC,1586007803002,2020-04-04T13:43:23.002Z,buy,0.0001179,45.05,0.005311395
GVT/BTC,1586007921352,2020-04-04T13:45:21.352Z,buy,0.0001179,27.04,0.003188016
GVT/BTC,1586007921352,2020-04-04T13:45:21.352Z,buy,0.000118,2180.96,0.25735328
GVT/BTC,1586007921352,2020-04-04T13:45:21.352Z,buy,0.0001181,67.55,0.007977655
GVT/BTC,1586007921352,2020-04-04T13:45:21.352Z,buy,0.0001182,371.75,0.04394085
GVT/BTC,1586007922423,2020-04-04T13:45:22.423Z,buy,0.0001183,4.17,0.000493311
GVT/BTC,1586007922459,2020-04-04T13:45:22.459Z,buy,0.0001184,191.62,0.022687808
GVT/BTC,1586007923442,2020-04-04T13:45:23.442Z,buy,0.0001185,8.52,0.00100962
GVT/BTC,1586007924449,2020-04-04T13:45:24.449Z,buy,0.0001186,2.43,0.000288198
GVT/BTC,1586007925453,2020-04-04T13:45:25.453Z,buy,0.0001187,4.25,0.000504475
GVT/BTC,1586007947121,2020-04-04T13:45:47.121Z,buy,0.0001189,103.0,0.0122467
GVT/BTC,1586007950298,2020-04-04T13:45:50.298Z,buy,0.0001189,5.04,0.000599256
GVT/BTC,1586007950687,2020-04-04T13:45:50.687Z,buy,0.0001189,21.02,0.002499278
GVT/BTC,1586008010555,2020-04-04T13:46:50.555Z,sell,0.0001185,0.86,0.0001019099999999
GVT/BTC,1586008010555,2020-04-04T13:46:50.555Z,sell,0.0001183,2.14,0.000253162
GVT/BTC,1586008024192,2020-04-04T13:47:04.192Z,sell,0.0001183,40.0,0.004732
GVT/BTC,1586008034274,2020-04-04T13:47:14.274Z,sell,0.0001183,8.6,0.00101738
GVT/BTC,1586008034274,2020-04-04T13:47:14.274Z,sell,0.0001182,94.3,0.01114626
GVT/BTC,1586008125879,2020-04-04T13:48:45.879Z,sell,0.0001182,5.9,0.00069738
GVT/BTC,1586008174343,2020-04-04T13:49:34.343Z,sell,0.0001182,25.18,0.002976276
GVT/BTC,1586008211075,2020-04-04T13:50:11.075Z,buy,0.0001184,6.17,0.000730528
GVT/BTC,1586008220472,2020-04-04T13:50:20.472Z,buy,0.0001186,9.07,0.001075702
GVT/BTC,1586008245010,2020-04-04T13:50:45.010Z,buy,0.0001187,6.08,0.000721696
GVT/BTC,1586008245159,2020-04-04T13:50:45.159Z,sell,0.0001187,171.47,0.020353489
GVT/BTC,1586008245169,2020-04-04T13:50:45.169Z,sell,0.0001187,25.54,0.003031598
GVT/BTC,1586008246358,2020-04-04T13:50:46.358Z,sell,0.0001187,25.31,0.003004297
GVT/BTC,1586008289664,2020-04-04T13:51:29.664Z,sell,0.0001183,4.15,0.000490945
GVT/BTC,1586008289664,2020-04-04T13:51:29.664Z,sell,0.0001182,1212.53,0.143321046
GVT/BTC,1586008289664,2020-04-04T13:51:29.664Z,sell,0.0001181,372.18,0.043954458
GVT/BTC,1586008289664,2020-04-04T13:51:29.664Z,sell,0.0001179,7.79,0.000918441
GVT/BTC,1586008289664,2020-04-04T13:51:29.664Z,sell,0.0001176,330.11,0.038820936
GVT/BTC,1586008289664,2020-04-04T13:51:29.664Z,sell,0.0001175,1046.49,0.1229625749999999
GVT/BTC,1586008289664,2020-04-04T13:51:29.664Z,sell,0.0001174,340.71,0.0399993539999999
GVT/BTC,1586008289675,2020-04-04T13:51:29.675Z,buy,0.0001174,1686.04,0.1979410959999999
GVT/BTC,1586008338031,2020-04-04T13:52:18.031Z,buy,0.0001179,0.29,3.4191e-05
GVT/BTC,1586008612200,2020-04-04T13:56:52.200Z,sell,0.0001174,563.9,0.0662018599999999
GVT/BTC,1586008612200,2020-04-04T13:56:52.200Z,sell,0.0001173,68.56,0.008042088
GVT/BTC,1586008612200,2020-04-04T13:56:52.200Z,sell,0.0001172,467.02,0.054734744
GVT/BTC,1586008612200,2020-04-04T13:56:52.200Z,sell,0.0001171,853.97,0.099999887
GVT/BTC,1586008612200,2020-04-04T13:56:52.200Z,sell,0.000117,116.68,0.01365156
GVT/BTC,1586008632382,2020-04-04T13:57:12.382Z,buy,0.000117,4.63,0.0005417099999999
GVT/BTC,1586008634672,2020-04-04T13:57:14.672Z,buy,0.0001173,17.0,0.0019941
GVT/BTC,1586008642163,2020-04-04T13:57:22.163Z,buy,0.0001175,1.01,0.000118675
GVT/BTC,1586008664259,2020-04-04T13:57:44.259Z,buy,0.0001175,7.99,0.000938825
GVT/BTC,1586008664259,2020-04-04T13:57:44.259Z,buy,0.0001177,366.1,0.04308997
GVT/BTC,1586008664259,2020-04-04T13:57:44.259Z,buy,0.0001178,160.91,0.018955198
GVT/BTC,1586008665904,2020-04-04T13:57:45.904Z,buy,0.0001173,5.0,0.0005865
GVT/BTC,1586008730293,2020-04-04T13:58:50.293Z,buy,0.0001175,0.25,2.9375e-05
GVT/BTC,1586008869386,2020-04-04T14:01:09.386Z,buy,0.0001175,7.6,0.0008929999999999
GVT/BTC,1586008869469,2020-04-04T14:01:09.469Z,buy,0.0001176,3.0,0.0003528
GVT/BTC,1586008869473,2020-04-04T14:01:09.473Z,buy,0.0001177,57.69,0.0067901129999999
GVT/BTC,1586008870469,2020-04-04T14:01:10.469Z,buy,0.0001179,7.5,0.00088425
GVT/BTC,1586008886875,2020-04-04T14:01:26.875Z,buy,0.000118,1.46,0.00017228
GVT/BTC,1586008889291,2020-04-04T14:01:29.291Z,buy,0.0001181,3.0,0.0003543
GVT/BTC,1586009297998,2020-04-04T14:08:17.998Z,buy,0.0001181,0.86,0.000101566
GVT/BTC,1586009299146,2020-04-04T14:08:19.146Z,buy,0.0001181,3.19,0.000376739
GVT/BTC,1586009468212,2020-04-04T14:11:08.212Z,sell,0.0001181,0.85,0.000100385
GVT/BTC,1586009579041,2020-04-04T14:12:59.041Z,buy,0.000118,1.34,0.00015812
GVT/BTC,1586009597344,2020-04-04T14:13:17.344Z,buy,0.0001181,1.74,0.000205494
GVT/BTC,1586009679925,2020-04-04T14:14:39.925Z,buy,0.0001182,4.13,0.000488166
GVT/BTC,1586009679925,2020-04-04T14:14:39.925Z,buy,0.0001183,116.4,0.01377012
GVT/BTC,1586009679925,2020-04-04T14:14:39.925Z,buy,0.0001184,0.86,0.000101824
GVT/BTC,1586009679925,2020-04-04T14:14:39.925Z,buy,0.0001185,229.45,0.0271898249999999
GVT/BTC,1586009680458,2020-04-04T14:14:40.458Z,sell,0.0001179,240.84,0.028395036
GVT/BTC,1586009680558,2020-04-04T14:14:40.558Z,buy,0.0001179,9.16,0.001079964
GVT/BTC,1586009731877,2020-04-04T14:15:31.877Z,buy,0.0001182,0.85,0.0001004699999999
GVT/BTC,1586009847850,2020-04-04T14:17:27.850Z,buy,0.0001185,5.5,0.00065175
GVT/BTC,1586009862408,2020-04-04T14:17:42.408Z,buy,0.0001186,9.03,0.001070958
GVT/BTC,1586009862408,2020-04-04T14:17:42.408Z,buy,0.0001189,671.19,0.079804491
GVT/BTC,1586009862408,2020-04-04T14:17:42.408Z,buy,0.000119,238.65,0.02839935
GVT/BTC,1586009862692,2020-04-04T14:17:42.692Z,sell,0.000119,27.08,0.00322252
GVT/BTC,1586009902731,2020-04-04T14:18:22.731Z,buy,0.0001191,44.96,0.005354736
GVT/BTC,1586009902731,2020-04-04T14:18:22.731Z,buy,0.0001192,243.43,0.029016856
GVT/BTC,1586009902742,2020-04-04T14:18:22.742Z,sell,0.0001192,16.98,0.002024016
GVT/BTC,1586009912648,2020-04-04T14:18:32.648Z,sell,0.0001192,3.37,0.000401704
GVT/BTC,1586009948264,2020-04-04T14:19:08.264Z,sell,0.0001192,0.85,0.00010132
GVT/BTC,1586009962548,2020-04-04T14:19:22.548Z,sell,0.0001192,25.98,0.003096816
GVT/BTC,1586009978915,2020-04-04T14:19:38.915Z,buy,0.0001193,2.52,0.000300636
GVT/BTC,1586010025373,2020-04-04T14:20:25.373Z,sell,0.000119,1.0,0.000119
GVT/BTC,1586010055290,2020-04-04T14:20:55.290Z,sell,0.0001192,26.91,0.003207672
GVT/BTC,1586010072040,2020-04-04T14:21:12.040Z,buy,0.0001193,0.27,3.2211e-05
GVT/BTC,1586010077400,2020-04-04T14:21:17.400Z,buy,0.0001193,16.45,0.001962485
GVT/BTC,1586010113221,2020-04-04T14:21:53.221Z,buy,0.0001193,218.46,0.026062278
GVT/BTC,1586010222004,2020-04-04T14:23:42.004Z,sell,0.000119,100.0,0.0119
GVT/BTC,1586010246038,2020-04-04T14:24:06.038Z,sell,0.000119,435.12,0.05177928
GVT/BTC,1586010255974,2020-04-04T14:24:15.974Z,sell,0.0001186,4.13,0.0004898179999999
GVT/BTC,1586010255974,2020-04-04T14:24:15.974Z,sell,0.0001185,3.62,0.00042897
GVT/BTC,1586010255974,2020-04-04T14:24:15.974Z,sell,0.0001183,77.43,0.009159969
GVT/BTC,1586010324424,2020-04-04T14:25:24.424Z,sell,0.0001181,1.08,0.000127548
GVT/BTC,1586010324424,2020-04-04T14:25:24.424Z,sell,0.000118,23.85,0.0028143
GVT/BTC,1586010362875,2020-04-04T14:26:02.875Z,buy,0.0001186,9.66,0.001145676
GVT/BTC,1586010362875,2020-04-04T14:26:02.875Z,buy,0.0001188,11.33,0.001346004
GVT/BTC,1586010362875,2020-04-04T14:26:02.875Z,buy,0.0001189,182.32,0.021677848
GVT/BTC,1586010362875,2020-04-04T14:26:02.875Z,buy,0.000119,11.75,0.00139825
GVT/BTC,1586010362875,2020-04-04T14:26:02.875Z,buy,0.0001192,64.94,0.007740848
GVT/BTC,1586010362875,2020-04-04T14:26:02.875Z,buy,0.0001193,399.46,0.047655578
GVT/BTC,1586010473645,2020-04-04T14:27:53.645Z,buy,0.0001192,42.67,0.005086264
GVT/BTC,1586010473645,2020-04-04T14:27:53.645Z,buy,0.0001193,1378.72,0.164481296
GVT/BTC,1586010489990,2020-04-04T14:28:09.990Z,buy,0.0001193,1184.48,0.141308464
GVT/BTC,1586010490058,2020-04-04T14:28:10.058Z,buy,0.0001194,28.27,0.003375438
GVT/BTC,1586010491061,2020-04-04T14:28:11.061Z,buy,0.0001195,51.47,0.006150665
GVT/BTC,1586010511841,2020-04-04T14:28:31.841Z,buy,0.0001196,60.72,0.0072621119999999
GVT/BTC,1586010527892,2020-04-04T14:28:47.892Z,buy,0.0001197,8.83,0.001056951
GVT/BTC,1586010527892,2020-04-04T14:28:47.892Z,buy,0.0001199,81.46,0.0097670539999999
GVT/BTC,1586010531930,2020-04-04T14:28:51.930Z,buy,0.0001199,9.02,0.001081498
GVT/BTC,1586010531930,2020-04-04T14:28:51.930Z,buy,0.00012,188.07,0.0225684
GVT/BTC,1586010532692,2020-04-04T14:28:52.692Z,buy,0.00012,12.0,0.00144
GVT/BTC,1586010548791,2020-04-04T14:29:08.791Z,buy,0.00012,420.0,0.0504
GVT/BTC,1586010551722,2020-04-04T14:29:11.722Z,sell,0.0001196,2.0,0.0002392
GVT/BTC,1586010554276,2020-04-04T14:29:14.276Z,buy,0.00012,518.69,0.0622428
GVT/BTC,1586010556143,2020-04-04T14:29:16.143Z,buy,0.00012,88.97,0.0106764
GVT/BTC,1586010557723,2020-04-04T14:29:17.723Z,buy,0.00012,92.31,0.0110772
GVT/BTC,1586010557754,2020-04-04T14:29:17.754Z,buy,0.00012,246.93,0.0296316
GVT/BTC,1586010558794,2020-04-04T14:29:18.794Z,buy,0.0001201,4.33,0.000520033
GVT/BTC,1586010559798,2020-04-04T14:29:19.798Z,buy,0.0001202,86.39,0.010384078
GVT/BTC,1586010560798,2020-04-04T14:29:20.798Z,buy,0.0001203,3.24,0.000389772
GVT/BTC,1586010561963,2020-04-04T14:29:21.963Z,buy,0.0001203,1.83,0.000220149
GVT/BTC,1586010561974,2020-04-04T14:29:21.974Z,buy,0.0001203,2.57,0.0003091709999999
GVT/BTC,1586010565204,2020-04-04T14:29:25.204Z,buy,0.0001204,9.28,0.0011173119999999
GVT/BTC,1586010565226,2020-04-04T14:29:25.226Z,sell,0.0001203,455.83,0.054836349
GVT/BTC,1586010566205,2020-04-04T14:29:26.205Z,buy,0.0001205,4.71,0.000567555
GVT/BTC,1586010567207,2020-04-04T14:29:27.207Z,buy,0.0001205,4.8,0.0005784
GVT/BTC,1586010569130,2020-04-04T14:29:29.130Z,buy,0.0001206,88.92,0.010723752
GVT/BTC,1586010570011,2020-04-04T14:29:30.011Z,sell,0.0001206,120.3,0.01450818
GVT/BTC,1586010577869,2020-04-04T14:29:37.869Z,buy,0.0001208,13.27,0.0016030159999999
GVT/BTC,1586010577915,2020-04-04T14:29:37.915Z,sell,0.0001208,66.25,0.008003
GVT/BTC,1586010577915,2020-04-04T14:29:37.915Z,sell,0.0001203,6.06,0.0007290179999999
GVT/BTC,1586010578397,2020-04-04T14:29:38.397Z,buy,0.000121,22.96,0.00277816
GVT/BTC,1586010580009,2020-04-04T14:29:40.009Z,buy,0.000121,0.84,0.00010164
GVT/BTC,1586010581864,2020-04-04T14:29:41.864Z,buy,0.000121,7.56,0.0009147599999999
GVT/BTC,1586010583029,2020-04-04T14:29:43.029Z,buy,0.000121,90.94,0.01100374
GVT/BTC,1586010584427,2020-04-04T14:29:44.427Z,buy,0.000121,4.88,0.00059048
GVT/BTC,1586010584675,2020-04-04T14:29:44.675Z,sell,0.0001204,2.0,0.0002408
GVT/BTC,1586010605131,2020-04-04T14:30:05.131Z,sell,0.0001205,9.44,0.00113752
GVT/BTC,1586010605131,2020-04-04T14:30:05.131Z,sell,0.0001204,140.56,0.016923424
GVT/BTC,1586010608493,2020-04-04T14:30:08.493Z,buy,0.0001208,4.08,0.000492864
GVT/BTC,1586010608493,2020-04-04T14:30:08.493Z,buy,0.0001209,9.44,0.001141296
GVT/BTC,1586010608493,2020-04-04T14:30:08.493Z,buy,0.000121,8.44,0.0010212399999999
GVT/BTC,1586010613750,2020-04-04T14:30:13.750Z,buy,0.000121,7.18,0.00086878
GVT/BTC,1586010615048,2020-04-04T14:30:15.048Z,buy,0.000121,266.66,0.03226586
GVT/BTC,1586010615048,2020-04-04T14:30:15.048Z,buy,0.0001211,860.35,0.104188385
GVT/BTC,1586010617973,2020-04-04T14:30:17.973Z,buy,0.0001211,49.81,0.006031991
GVT/BTC,1586010620827,2020-04-04T14:30:20.827Z,sell,0.0001211,9.41,0.001139551
GVT/BTC,1586010620833,2020-04-04T14:30:20.833Z,buy,0.0001212,47.53,0.005760636
GVT/BTC,1586010621330,2020-04-04T14:30:21.330Z,sell,0.0001208,4.06,0.0004904479999999
GVT/BTC,1586010621330,2020-04-04T14:30:21.330Z,sell,0.0001206,45.94,0.005540364
GVT/BTC,1586010623331,2020-04-04T14:30:23.331Z,sell,0.0001211,312.25,0.037813475
GVT/BTC,1586010623334,2020-04-04T14:30:23.334Z,buy,0.0001212,1.71,0.000207252
GVT/BTC,1586010623376,2020-04-04T14:30:23.376Z,sell,0.0001206,5.33,0.000642798
GVT/BTC,1586010623376,2020-04-04T14:30:23.376Z,sell,0.0001205,7.38,0.00088929
GVT/BTC,1586010636611,2020-04-04T14:30:36.611Z,sell,0.0001206,9.64,0.001162584
GVT/BTC,1586010652344,2020-04-04T14:30:52.344Z,sell,0.000121,228.4,0.0276364
GVT/BTC,1586010652358,2020-04-04T14:30:52.358Z,buy,0.0001211,0.28,3.3908e-05
GVT/BTC,1586010654664,2020-04-04T14:30:54.664Z,buy,0.000121,1.3,0.0001573
GVT/BTC,1586010654664,2020-04-04T14:30:54.664Z,buy,0.0001211,2.74,0.000331814
GVT/BTC,1586010657771,2020-04-04T14:30:57.771Z,buy,0.0001211,2.48,0.000300328
GVT/BTC,1586010664023,2020-04-04T14:31:04.023Z,buy,0.0001211,8.43,0.001020873
GVT/BTC,1586010664023,2020-04-04T14:31:04.023Z,buy,0.0001212,4.76,0.000576912
GVT/BTC,1586010664023,2020-04-04T14:31:04.023Z,buy,0.0001213,3.62,0.000439106
GVT/BTC,1586010664023,2020-04-04T14:31:04.023Z,buy,0.0001214,51.27,0.006224178
GVT/BTC,1586010664023,2020-04-04T14:31:04.023Z,buy,0.0001215,141.3,0.01716795
GVT/BTC,1586010664023,2020-04-04T14:31:04.023Z,buy,0.0001216,1.92,0.000233472
GVT/BTC,1586010664023,2020-04-04T14:31:04.023Z,buy,0.0001217,9.77,0.001189009
GVT/BTC,1586010664023,2020-04-04T14:31:04.023Z,buy,0.0001218,7.33,0.000892794
GVT/BTC,1586010667900,2020-04-04T14:31:07.900Z,buy,0.0001218,1.65,0.00020097
GVT/BTC,1586010673605,2020-04-04T14:31:13.605Z,sell,0.0001211,4.05,0.000490455
GVT/BTC,1586010673640,2020-04-04T14:31:13.640Z,buy,0.0001211,3.33,0.000403263
GVT/BTC,1586010675006,2020-04-04T14:31:15.006Z,sell,0.0001208,5.12,0.000618496
GVT/BTC,1586010675009,2020-04-04T14:31:15.009Z,sell,0.0001208,2.57,0.0003104559999999
GVT/BTC,1586010675009,2020-04-04T14:31:15.009Z,sell,0.0001207,2.51,0.0003029569999999
GVT/BTC,1586010675013,2020-04-04T14:31:15.013Z,sell,0.0001207,5.04,0.000608328
GVT/BTC,1586010681238,2020-04-04T14:31:21.238Z,sell,0.0001205,80.77,0.0097327849999999
GVT/BTC,1586010681238,2020-04-04T14:31:21.238Z,sell,0.0001204,454.23,0.054689292
GVT/BTC,1586010681946,2020-04-04T14:31:21.946Z,sell,0.0001208,46.02,0.005559216
GVT/BTC,1586010687429,2020-04-04T14:31:27.429Z,buy,0.0001209,4.15,0.000501735
GVT/BTC,1586010698819,2020-04-04T14:31:38.819Z,buy,0.0001209,75.51,0.009129159
GVT/BTC,1586010698819,2020-04-04T14:31:38.819Z,buy,0.0001211,4.07,0.000492877
GVT/BTC,1586010698853,2020-04-04T14:31:38.853Z,sell,0.0001212,247.63,0.030012756
GVT/BTC,1586010698854,2020-04-04T14:31:38.854Z,sell,0.0001212,402.79,0.048818148
GVT/BTC,1586010700200,2020-04-04T14:31:40.200Z,sell,0.0001205,100.0,0.01205
GVT/BTC,1586010727152,2020-04-04T14:32:07.152Z,sell,0.0001209,143.87,0.017393883
GVT/BTC,1586010763895,2020-04-04T14:32:43.895Z,buy,0.0001212,2.08,0.000252096
GVT/BTC,1586010811657,2020-04-04T14:33:31.657Z,sell,0.0001208,1.49,0.000179992
GVT/BTC,1586010826513,2020-04-04T14:33:46.513Z,sell,0.0001208,2.57,0.0003104559999999
GVT/BTC,1586010826513,2020-04-04T14:33:46.513Z,sell,0.0001206,750.21,0.090475326
GVT/BTC,1586010826513,2020-04-04T14:33:46.513Z,sell,0.0001204,375.18,0.045171672
GVT/BTC,1586010865605,2020-04-04T14:34:25.605Z,sell,0.0001202,3.62,0.000435124
GVT/BTC,1586010865605,2020-04-04T14:34:25.605Z,sell,0.0001201,15.77,0.001893977
GVT/BTC,1586010865605,2020-04-04T14:34:25.605Z,sell,0.00012,164.94,0.0197928
GVT/BTC,1586010873124,2020-04-04T14:34:33.124Z,buy,0.0001204,4.08,0.000491232
GVT/BTC,1586011015511,2020-04-04T14:36:55.511Z,sell,0.0001202,261.07,0.031380614
GVT/BTC,1586011031144,2020-04-04T14:37:11.144Z,buy,0.0001202,5.18,0.000622636
GVT/BTC,1586011031604,2020-04-04T14:37:11.604Z,buy,0.0001202,4.15,0.00049883
GVT/BTC,1586011033109,2020-04-04T14:37:13.109Z,buy,0.0001202,141.47,0.017004694
GVT/BTC,1586011033109,2020-04-04T14:37:13.109Z,buy,0.0001202,141.47,0.017004694
GVT/BTC,1586011103072,2020-04-04T14:38:23.072Z,buy,0.0001206,4.51,0.000543906
GVT/BTC,1586011143835,2020-04-04T14:39:03.835Z,sell,0.0001202,14.29,0.0017176579999999
GVT/BTC,1586011143835,2020-04-04T14:39:03.835Z,sell,0.0001201,79.47,0.009544347
GVT/BTC,1586011143835,2020-04-04T14:39:03.835Z,sell,0.00012,3.34,0.0004008
GVT/BTC,1586011155831,2020-04-04T14:39:15.831Z,sell,0.0001199,1.97,0.000236203
GVT/BTC,1586011186823,2020-04-04T14:39:46.823Z,sell,0.0001197,4.11,0.000491967
GVT/BTC,1586011186823,2020-04-04T14:39:46.823Z,sell,0.0001196,3.62,0.000432952
GVT/BTC,1586011186823,2020-04-04T14:39:46.823Z,sell,0.0001193,455.6,0.05435308
GVT/BTC,1586011195865,2020-04-04T14:39:55.865Z,sell,0.0001193,143.87,0.017163691
GVT/BTC,1586011202802,2020-04-04T14:40:02.802Z,sell,0.0001193,282.33,0.033681969
GVT/BTC,1586011202809,2020-04-04T14:40:02.809Z,buy,0.0001193,135.71,0.016190203
GVT/BTC,1586011202815,2020-04-04T14:40:02.815Z,buy,0.0001193,41.41,0.004940213
GVT/BTC,1586011203521,2020-04-04T14:40:03.521Z,sell,0.0001193,85.91,0.010249063
GVT/BTC,1586011272691,2020-04-04T14:41:12.691Z,sell,0.0001192,1.11,0.000132312
