symbol,timestamp,datetime,side,price,amount,btc_volume
GVT/BTC,1592841600291,2020-06-22T16:00:00.291Z,buy,0.0001428,97.21,0.0138815879999999
GVT/BTC,1592841604001,2020-06-22T16:00:04.001Z,buy,0.0001432,0.71,0.000101672
GVT/BTC,1592841604237,2020-06-22T16:00:04.237Z,buy,0.0001432,0.71,0.000101672
GVT/BTC,1592841607580,2020-06-22T16:00:07.580Z,buy,0.0001432,6.99,0.001000968
GVT/BTC,1592841610287,2020-06-22T16:00:10.287Z,buy,0.0001432,41.9,0.00600008
GVT/BTC,1592841610530,2020-06-22T16:00:10.530Z,buy,0.0001432,1.04,0.000148928
GVT/BTC,1592841610775,2020-06-22T16:00:10.775Z,buy,0.0001433,0.7,0.0001003099999999
GVT/BTC,1592841610775,2020-06-22T16:00:10.775Z,buy,0.0001434,0.18,2.5812e-05
GVT/BTC,1592841610897,2020-06-22T16:00:10.897Z,buy,0.0001434,14.63,0.0020979419999999
GVT/BTC,1592841613896,2020-06-22T16:00:13.896Z,buy,0.0001435,12.15,0.001743525
GVT/BTC,1592841614194,2020-06-22T16:00:14.194Z,buy,0.0001436,0.7,0.0001005199999999
GVT/BTC,1592841614194,2020-06-22T16:00:14.194Z,buy,0.0001437,0.16,2.2992e-05
GVT/BTC,1592841614516,2020-06-22T16:00:14.516Z,buy,0.0001437,1.88,0.0002701559999999
GVT/BTC,1592841614516,2020-06-22T16:00:14.516Z,buy,0.0001438,0.7,0.0001006599999999
GVT/BTC,1592841614516,2020-06-22T16:00:14.516Z,buy,0.0001439,0.7,0.0001007299999999
GVT/BTC,1592841614516,2020-06-22T16:00:14.516Z,buy,0.000144,7.18,0.00103392
GVT/BTC,1592841638097,2020-06-22T16:00:38.097Z,buy,0.0001439,27.83,0.0040047369999999
GVT/BTC,1592841638184,2020-06-22T16:00:38.184Z,buy,0.0001439,12.17,0.001751263
GVT/BTC,1592841638184,2020-06-22T16:00:38.184Z,buy,0.000144,43.68,0.00628992
GVT/BTC,1592841640225,2020-06-22T16:00:40.225Z,sell,0.0001432,71.53,0.010243096
GVT/BTC,1592841640296,2020-06-22T16:00:40.296Z,buy,0.0001432,26.05,0.00373036
GVT/BTC,1592841641766,2020-06-22T16:00:41.766Z,buy,0.000144,69.58,0.01001952
GVT/BTC,1592841644036,2020-06-22T16:00:44.036Z,buy,0.0001437,1.34,0.000192558
GVT/BTC,1592841644098,2020-06-22T16:00:44.098Z,sell,0.000144,1.44,0.00020736
GVT/BTC,1592841645551,2020-06-22T16:00:45.551Z,buy,0.0001439,40.0,0.005756
GVT/BTC,1592841645551,2020-06-22T16:00:45.551Z,buy,0.000144,18.02,0.00259488
GVT/BTC,1592841650245,2020-06-22T16:00:50.245Z,buy,0.0001441,17.44,0.002513104
GVT/BTC,1592841650304,2020-06-22T16:00:50.304Z,buy,0.0001441,61.31,0.008834771
GVT/BTC,1592841650500,2020-06-22T16:00:50.500Z,buy,0.0001441,9.23,0.001330043
GVT/BTC,1592841658775,2020-06-22T16:00:58.775Z,buy,0.0001442,2.77,0.000399434
GVT/BTC,1592841668051,2020-06-22T16:01:08.051Z,sell,0.0001437,0.71,0.0001020269999999
GVT/BTC,1592841934978,2020-06-22T16:05:34.978Z,buy,0.0001441,0.71,0.000102311
GVT/BTC,1592841936552,2020-06-22T16:05:36.552Z,sell,0.0001439,0.7,0.0001007299999999
GVT/BTC,1592842382806,2020-06-22T16:13:02.806Z,sell,0.0001437,11.06,0.001589322
GVT/BTC,1592842382821,2020-06-22T16:13:02.821Z,sell,0.0001436,0.7,0.0001005199999999
GVT/BTC,1592842485164,2020-06-22T16:14:45.164Z,buy,0.0001441,12.47,0.001796927
GVT/BTC,1592842694860,2020-06-22T16:18:14.860Z,buy,0.0001438,0.71,0.000102098
GVT/BTC,1592842696571,2020-06-22T16:18:16.571Z,sell,0.0001436,0.7,0.0001005199999999
GVT/BTC,1592842784239,2020-06-22T16:19:44.239Z,sell,0.0001433,0.7,0.0001003099999999
GVT/BTC,1592842784239,2020-06-22T16:19:44.239Z,sell,0.0001432,2.04,0.000292128
GVT/BTC,1592842784279,2020-06-22T16:19:44.279Z,buy,0.000143,14.25,0.00203775
GVT/BTC,1592842784286,2020-06-22T16:19:44.286Z,sell,0.0001429,13.37,0.001910573
GVT/BTC,1592842785680,2020-06-22T16:19:45.680Z,sell,0.0001429,9.25,0.001321825
GVT/BTC,1592842788729,2020-06-22T16:19:48.729Z,buy,0.000143,0.7,0.0001001
GVT/BTC,1592842895406,2020-06-22T16:21:35.406Z,sell,0.0001429,63.19,0.009029851
GVT/BTC,1592842895406,2020-06-22T16:21:35.406Z,sell,0.0001428,2.81,0.000401268
GVT/BTC,1592842895406,2020-06-22T16:21:35.406Z,sell,0.0001427,1.35,0.000192645
GVT/BTC,1592842928060,2020-06-22T16:22:08.060Z,buy,0.0001427,0.71,0.0001013169999999
GVT/BTC,1592842932668,2020-06-22T16:22:12.668Z,buy,0.0001427,4.2,0.00059934
GVT/BTC,1592842987655,2020-06-22T16:23:07.655Z,sell,0.0001426,0.71,0.000101246
GVT/BTC,1592842987655,2020-06-22T16:23:07.655Z,sell,0.0001424,20.12,0.002865088
GVT/BTC,1592842987655,2020-06-22T16:23:07.655Z,sell,0.0001423,47.01,0.0066895229999999
GVT/BTC,1592843102434,2020-06-22T16:25:02.434Z,buy,0.0001423,0.65,9.2495e-05
GVT/BTC,1592843245212,2020-06-22T16:27:25.212Z,sell,0.0001422,153.62,0.021844764
GVT/BTC,1592843245212,2020-06-22T16:27:25.212Z,sell,0.0001421,378.29,0.053755009
GVT/BTC,1592843353184,2020-06-22T16:29:13.184Z,sell,0.0001422,40.0,0.0056879999999999
GVT/BTC,1592843353184,2020-06-22T16:29:13.184Z,sell,0.0001421,167.01,0.023732121
GVT/BTC,1592843353184,2020-06-22T16:29:13.184Z,sell,0.000142,136.78,0.01942276
GVT/BTC,1592843441461,2020-06-22T16:30:41.461Z,sell,0.0001421,68.96,0.009799216
GVT/BTC,1592843461064,2020-06-22T16:31:01.064Z,sell,0.000142,23.72,0.00336824
GVT/BTC,1592843461064,2020-06-22T16:31:01.064Z,sell,0.0001419,32.13,0.004559247
GVT/BTC,1592843461064,2020-06-22T16:31:01.064Z,sell,0.0001418,176.83,0.025074494
GVT/BTC,1592843469571,2020-06-22T16:31:09.571Z,buy,0.0001424,4.9,0.00069776
GVT/BTC,1592843785624,2020-06-22T16:36:25.624Z,buy,0.0001422,64.06,0.009109332
GVT/BTC,1592843785624,2020-06-22T16:36:25.624Z,buy,0.0001423,40.0,0.0056919999999999
GVT/BTC,1592843785624,2020-06-22T16:36:25.624Z,buy,0.0001424,145.94,0.0207818559999999
GVT/BTC,1592843811371,2020-06-22T16:36:51.371Z,buy,0.0001424,0.28,3.9872e-05
GVT/BTC,1592843825198,2020-06-22T16:37:05.198Z,buy,0.0001427,1.0,0.0001427
GVT/BTC,1592843867542,2020-06-22T16:37:47.542Z,buy,0.0001427,1.0,0.0001427
GVT/BTC,1592843886559,2020-06-22T16:38:06.559Z,buy,0.0001427,1.0,0.0001427
GVT/BTC,1592843905136,2020-06-22T16:38:25.136Z,buy,0.0001427,1.0,0.0001427
GVT/BTC,1592843918814,2020-06-22T16:38:38.814Z,buy,0.0001427,1.0,0.0001427
GVT/BTC,1592843926685,2020-06-22T16:38:46.685Z,buy,0.0001427,1.0,0.0001427
GVT/BTC,1592843934662,2020-06-22T16:38:54.662Z,buy,0.0001427,1.0,0.0001427
GVT/BTC,1592843941226,2020-06-22T16:39:01.226Z,buy,0.0001427,1.0,0.0001427
GVT/BTC,1592843941719,2020-06-22T16:39:01.719Z,sell,0.0001422,1.35,0.00019197
GVT/BTC,1592843948988,2020-06-22T16:39:08.988Z,buy,0.0001422,1.0,0.0001422
GVT/BTC,1592843954033,2020-06-22T16:39:14.033Z,sell,0.000142,22.51,0.00319642
GVT/BTC,1592843995597,2020-06-22T16:39:55.597Z,buy,0.000142,3.11,0.00044162
GVT/BTC,1592844023409,2020-06-22T16:40:23.409Z,buy,0.0001421,1.0,0.0001421
GVT/BTC,1592844030783,2020-06-22T16:40:30.783Z,buy,0.0001421,1.0,0.0001421
GVT/BTC,1592844038300,2020-06-22T16:40:38.300Z,buy,0.0001421,1.0,0.0001421
GVT/BTC,1592844043734,2020-06-22T16:40:43.734Z,buy,0.0001421,1.0,0.0001421
GVT/BTC,1592844051206,2020-06-22T16:40:51.206Z,buy,0.0001421,1.0,0.0001421
GVT/BTC,1592844057535,2020-06-22T16:40:57.535Z,buy,0.0001421,1.0,0.0001421
GVT/BTC,1592844065030,2020-06-22T16:41:05.030Z,buy,0.0001421,1.0,0.0001421
GVT/BTC,1592844071856,2020-06-22T16:41:11.856Z,buy,0.0001421,1.0,0.0001421
GVT/BTC,1592844072000,2020-06-22T16:41:12.000Z,buy,0.0001421,1.7,0.00024157
GVT/BTC,1592844078799,2020-06-22T16:41:18.799Z,buy,0.0001421,1.0,0.0001421
GVT/BTC,1592844080856,2020-06-22T16:41:20.856Z,buy,0.0001421,0.3,4.263e-05
GVT/BTC,1592844194951,2020-06-22T16:43:14.951Z,sell,0.0001421,3.76,0.000534296
GVT/BTC,1592844204598,2020-06-22T16:43:24.598Z,buy,0.0001421,10.21,0.001450841
GVT/BTC,1592844365190,2020-06-22T16:46:05.190Z,buy,0.0001421,0.9,0.00012789
GVT/BTC,1592844573096,2020-06-22T16:49:33.096Z,sell,0.0001418,47.0,0.0066646
GVT/BTC,1592844659213,2020-06-22T16:50:59.213Z,sell,0.0001418,18.33,0.002599194
GVT/BTC,1592844659213,2020-06-22T16:50:59.213Z,sell,0.0001417,24.11,0.003416387
GVT/BTC,1592844659213,2020-06-22T16:50:59.213Z,sell,0.0001416,1.46,0.000206736
GVT/BTC,1592844659213,2020-06-22T16:50:59.213Z,sell,0.0001415,64.1,0.0090701499999999
GVT/BTC,1592844667677,2020-06-22T16:51:07.677Z,sell,0.0001415,327.89,0.046396435
GVT/BTC,1592844671462,2020-06-22T16:51:11.462Z,sell,0.0001415,59.35,0.008398025
GVT/BTC,1592844674056,2020-06-22T16:51:14.056Z,sell,0.0001414,34.7,0.00490658
GVT/BTC,1592844675718,2020-06-22T16:51:15.718Z,buy,0.0001419,0.85,0.000120615
GVT/BTC,1592844677665,2020-06-22T16:51:17.665Z,sell,0.0001414,390.64,0.0552364959999999
GVT/BTC,1592844677665,2020-06-22T16:51:17.665Z,sell,0.0001413,328.72,0.046448136
GVT/BTC,1592844680056,2020-06-22T16:51:20.056Z,sell,0.0001412,1.04,0.000146848
GVT/BTC,1592844685302,2020-06-22T16:51:25.302Z,sell,0.0001412,160.32,0.0226371839999999
GVT/BTC,1592844685302,2020-06-22T16:51:25.302Z,sell,0.0001411,419.67,0.0592154369999999
GVT/BTC,1592844685361,2020-06-22T16:51:25.361Z,buy,0.0001411,298.93,0.0421790229999999
GVT/BTC,1592844772564,2020-06-22T16:52:52.564Z,sell,0.000141,4.06,0.00057246
GVT/BTC,1592844778517,2020-06-22T16:52:58.517Z,sell,0.000141,117.55,0.01657455
GVT/BTC,1592844778517,2020-06-22T16:52:58.517Z,sell,0.0001409,133.69,0.018836921
GVT/BTC,1592844866617,2020-06-22T16:54:26.617Z,sell,0.0001409,25.0,0.0035225
GVT/BTC,1592844886992,2020-06-22T16:54:46.992Z,buy,0.0001416,0.75,0.0001062
GVT/BTC,1592845070082,2020-06-22T16:57:50.082Z,sell,0.000141,85.39,0.01203999
GVT/BTC,1592845070082,2020-06-22T16:57:50.082Z,sell,0.0001409,435.99,0.061430991
GVT/BTC,1592845070082,2020-06-22T16:57:50.082Z,sell,0.000141,85.39,0.01203999
GVT/BTC,1592845070082,2020-06-22T16:57:50.082Z,sell,0.0001409,435.99,0.061430991
GVT/BTC,1592845276456,2020-06-22T17:01:16.456Z,sell,0.0001409,188.42,0.026548378
GVT/BTC,1592845276456,2020-06-22T17:01:16.456Z,sell,0.0001408,334.82,0.047142656
GVT/BTC,1592845276456,2020-06-22T17:01:16.456Z,sell,0.0001407,1.04,0.000146328
GVT/BTC,1592845276557,2020-06-22T17:01:16.557Z,buy,0.0001408,51.76,0.007287808
GVT/BTC,1592845326263,2020-06-22T17:02:06.263Z,buy,0.000141,33.93,0.00478413
GVT/BTC,1592845363787,2020-06-22T17:02:43.787Z,buy,0.0001416,11.01,0.0015590159999999
GVT/BTC,1592845394233,2020-06-22T17:03:14.233Z,sell,0.000141,0.75,0.00010575
GVT/BTC,1592845394274,2020-06-22T17:03:14.274Z,buy,0.000141,11.8,0.0016638
GVT/BTC,1592845497782,2020-06-22T17:04:57.782Z,buy,0.000141,66.55,0.00938355
GVT/BTC,1592845499191,2020-06-22T17:04:59.191Z,buy,0.000141,46.05,0.00649305
GVT/BTC,1592845501589,2020-06-22T17:05:01.589Z,buy,0.000141,31.6,0.0044556
GVT/BTC,1592845501602,2020-06-22T17:05:01.602Z,buy,0.000141,152.16,0.02145456
GVT/BTC,1592845507147,2020-06-22T17:05:07.147Z,buy,0.0001415,7.06,0.00099899
GVT/BTC,1592845555317,2020-06-22T17:05:55.317Z,sell,0.0001407,14.06,0.001978242
GVT/BTC,1592845616855,2020-06-22T17:06:56.855Z,sell,0.0001408,67.47,0.009499776
GVT/BTC,1592845616855,2020-06-22T17:06:56.855Z,sell,0.0001407,48.84,0.006871788
GVT/BTC,1592845616855,2020-06-22T17:06:56.855Z,sell,0.0001406,23.63,0.003322378
GVT/BTC,1592845862370,2020-06-22T17:11:02.370Z,buy,0.0001412,1.36,0.000192032
GVT/BTC,1592845865394,2020-06-22T17:11:05.394Z,buy,0.0001415,12.07,0.001707905
GVT/BTC,1592846091593,2020-06-22T17:14:51.593Z,buy,0.0001415,2.44,0.00034526
GVT/BTC,1592846234549,2020-06-22T17:17:14.549Z,sell,0.0001407,51.32,0.007220724
GVT/BTC,1592846287242,2020-06-22T17:18:07.242Z,sell,0.0001406,62.79,0.008828274
GVT/BTC,1592846373942,2020-06-22T17:19:33.942Z,sell,0.0001406,117.6,0.01653456
GVT/BTC,1592846418601,2020-06-22T17:20:18.601Z,buy,0.0001412,1.36,0.000192032
GVT/BTC,1592846570103,2020-06-22T17:22:50.103Z,sell,0.0001407,1.36,0.000191352
GVT/BTC,1592846570103,2020-06-22T17:22:50.103Z,sell,0.0001405,430.09,0.0604276449999999
GVT/BTC,1592846596863,2020-06-22T17:23:16.863Z,buy,0.0001411,2.43,0.000342873
GVT/BTC,1592846655305,2020-06-22T17:24:15.305Z,buy,0.0001411,5.0,0.0007055
GVT/BTC,1592846709685,2020-06-22T17:25:09.685Z,buy,0.0001411,3.5,0.00049385
GVT/BTC,1592846796807,2020-06-22T17:26:36.807Z,buy,0.0001411,0.71,0.0001001809999999
GVT/BTC,1592846862826,2020-06-22T17:27:42.826Z,sell,0.0001404,221.56,0.031107024
GVT/BTC,1592846862826,2020-06-22T17:27:42.826Z,sell,0.0001403,79.12,0.011100536
GVT/BTC,1592846862826,2020-06-22T17:27:42.826Z,sell,0.0001402,57.61,0.008076922
GVT/BTC,1592846862826,2020-06-22T17:27:42.826Z,sell,0.0001401,54.81,0.0076788809999999
GVT/BTC,1592846862826,2020-06-22T17:27:42.826Z,sell,0.00014,488.02,0.0683227999999999
GVT/BTC,1592846862826,2020-06-22T17:27:42.826Z,buy,0.00014,63.91,0.0089474
GVT/BTC,1592846862826,2020-06-22T17:27:42.826Z,sell,0.0001399,20.31,0.002841369
GVT/BTC,1592846864218,2020-06-22T17:27:44.218Z,sell,0.0001399,6.24,0.000872976
GVT/BTC,1592846864313,2020-06-22T17:27:44.313Z,sell,0.0001399,16.34,0.002285966
GVT/BTC,1592846873165,2020-06-22T17:27:53.165Z,sell,0.0001398,14.83,0.002073234
GVT/BTC,1592846873165,2020-06-22T17:27:53.165Z,sell,0.0001397,190.19,0.026569543
GVT/BTC,1592846873165,2020-06-22T17:27:53.165Z,sell,0.0001397,24.61,0.003438017
GVT/BTC,1592846873165,2020-06-22T17:27:53.165Z,sell,0.0001397,67.12,0.009376664
GVT/BTC,1592846873178,2020-06-22T17:27:53.178Z,sell,0.0001397,95.7,0.01336929
GVT/BTC,1592846874185,2020-06-22T17:27:54.185Z,sell,0.0001397,60.49,0.008450453
GVT/BTC,1592846874462,2020-06-22T17:27:54.462Z,sell,0.0001396,2.09,0.0002917639999999
GVT/BTC,1592846875188,2020-06-22T17:27:55.188Z,sell,0.0001396,427.47,0.059674812
GVT/BTC,1592846876438,2020-06-22T17:27:56.438Z,sell,0.0001396,77.36,0.010799456
GVT/BTC,1592846897650,2020-06-22T17:28:17.650Z,sell,0.0001396,20.0,0.002792
GVT/BTC,1592846926423,2020-06-22T17:28:46.423Z,sell,0.0001396,53.39,0.007453244
GVT/BTC,1592846930136,2020-06-22T17:28:50.136Z,buy,0.0001397,48.39,0.006760083
GVT/BTC,1592846934773,2020-06-22T17:28:54.773Z,buy,0.0001399,0.86,0.000120314
GVT/BTC,1592847062197,2020-06-22T17:31:02.197Z,buy,0.0001399,0.72,0.000100728
GVT/BTC,1592847077285,2020-06-22T17:31:17.285Z,sell,0.0001396,7.39,0.001031644
GVT/BTC,1592847104912,2020-06-22T17:31:44.912Z,sell,0.0001397,3.05,0.000426085
GVT/BTC,1592847104912,2020-06-22T17:31:44.912Z,sell,0.0001396,140.01,0.019545396
GVT/BTC,1592847121422,2020-06-22T17:32:01.422Z,sell,0.0001394,14.01,0.001952994
GVT/BTC,1592847121422,2020-06-22T17:32:01.422Z,sell,0.0001394,62.69,0.0087389859999999
GVT/BTC,1592847121422,2020-06-22T17:32:01.422Z,sell,0.0001394,94.78,0.013212332
GVT/BTC,1592847121722,2020-06-22T17:32:01.722Z,buy,0.0001395,0.72,0.00010044
GVT/BTC,1592847130986,2020-06-22T17:32:10.986Z,sell,0.0001394,45.3,0.00631482
GVT/BTC,1592847151654,2020-06-22T17:32:31.654Z,sell,0.0001394,14.98,0.002088212
GVT/BTC,1592847155361,2020-06-22T17:32:35.361Z,sell,0.0001394,205.05,0.02858397
GVT/BTC,1592847174922,2020-06-22T17:32:54.922Z,buy,0.0001394,0.94,0.0001310359999999
GVT/BTC,1592847308366,2020-06-22T17:35:08.366Z,sell,0.0001393,140.88,0.019624584
GVT/BTC,1592847308366,2020-06-22T17:35:08.366Z,sell,0.0001392,8.73,0.001215216
GVT/BTC,1592847308366,2020-06-22T17:35:08.366Z,sell,0.0001392,1.84,0.000256128
GVT/BTC,1592847308366,2020-06-22T17:35:08.366Z,sell,0.0001392,13.26,0.001845792
GVT/BTC,1592847314037,2020-06-22T17:35:14.037Z,sell,0.0001392,1.05,0.00014616
GVT/BTC,1592847326948,2020-06-22T17:35:26.948Z,buy,0.0001393,2.44,0.000339892
GVT/BTC,1592847326966,2020-06-22T17:35:26.966Z,buy,0.0001393,216.31,0.030131983
GVT/BTC,1592847329923,2020-06-22T17:35:29.923Z,buy,0.0001393,147.75,0.020581575
GVT/BTC,1592847331520,2020-06-22T17:35:31.520Z,buy,0.0001393,71.22,0.009920946
GVT/BTC,1592847339918,2020-06-22T17:35:39.918Z,buy,0.0001394,75.24,0.010488456
GVT/BTC,1592847344022,2020-06-22T17:35:44.022Z,buy,0.0001394,50.91,0.007096854
GVT/BTC,1592847345125,2020-06-22T17:35:45.125Z,buy,0.0001394,35.31,0.004922214
GVT/BTC,1592847346128,2020-06-22T17:35:46.128Z,buy,0.0001394,24.51,0.003416694
GVT/BTC,1592847347626,2020-06-22T17:35:47.626Z,buy,0.0001394,16.95,0.00236283
GVT/BTC,1592847348826,2020-06-22T17:35:48.826Z,buy,0.0001394,11.75,0.00163795
GVT/BTC,1592847349827,2020-06-22T17:35:49.827Z,buy,0.0001394,8.16,0.001137504
GVT/BTC,1592847350331,2020-06-22T17:35:50.331Z,buy,0.0001394,149.78,0.020879332
GVT/BTC,1592847351230,2020-06-22T17:35:51.230Z,buy,0.0001394,103.36,0.014408384
GVT/BTC,1592847413627,2020-06-22T17:36:53.627Z,buy,0.0001395,0.82,0.00011439
GVT/BTC,1592847413627,2020-06-22T17:36:53.627Z,buy,0.0001397,1.38,0.000192786
GVT/BTC,1592847413627,2020-06-22T17:36:53.627Z,buy,0.0001398,18.98,0.002653404
GVT/BTC,1592847418847,2020-06-22T17:36:58.847Z,buy,0.0001395,0.87,0.000121365
GVT/BTC,1592847483309,2020-06-22T17:38:03.309Z,sell,0.0001395,25.0,0.0034875
GVT/BTC,1592847588997,2020-06-22T17:39:48.997Z,buy,0.0001398,0.86,0.000120228
GVT/BTC,1592847588997,2020-06-22T17:39:48.997Z,buy,0.0001399,40.0,0.005596
GVT/BTC,1592847588997,2020-06-22T17:39:48.997Z,buy,0.00014,9.14,0.0012795999999999
GVT/BTC,1592847596872,2020-06-22T17:39:56.872Z,buy,0.0001399,40.0,0.005596
GVT/BTC,1592847789284,2020-06-22T17:43:09.284Z,sell,0.0001395,6.11,0.000852345
GVT/BTC,1592848092240,2020-06-22T17:48:12.240Z,sell,0.0001395,280.7,0.03915765
GVT/BTC,1592848092240,2020-06-22T17:48:12.240Z,sell,0.0001394,0.72,0.000100368
GVT/BTC,1592848092240,2020-06-22T17:48:12.240Z,sell,0.0001393,40.0,0.005572
GVT/BTC,1592848092240,2020-06-22T17:48:12.240Z,sell,0.0001392,522.86,0.072782112
GVT/BTC,1592848092240,2020-06-22T17:48:12.240Z,sell,0.0001391,2.19,0.000304629
GVT/BTC,1592848092240,2020-06-22T17:48:12.240Z,sell,0.000139,44.87,0.0062369299999999
GVT/BTC,1592848092240,2020-06-22T17:48:12.240Z,sell,0.0001389,570.8,0.0792841199999999
GVT/BTC,1592848092240,2020-06-22T17:48:12.240Z,sell,0.0001388,36.03,0.005000964
GVT/BTC,1592848092240,2020-06-22T17:48:12.240Z,sell,0.0001387,420.82,0.058367734
GVT/BTC,1592848092240,2020-06-22T17:48:12.240Z,sell,0.0001386,21.9,0.00303534
GVT/BTC,1592848092240,2020-06-22T17:48:12.240Z,sell,0.0001385,652.72,0.09040172
GVT/BTC,1592848092240,2020-06-22T17:48:12.240Z,sell,0.0001384,973.28,0.1347019519999999
GVT/BTC,1592848092240,2020-06-22T17:48:12.240Z,sell,0.0001383,18.63,0.0025765289999999
GVT/BTC,1592848092240,2020-06-22T17:48:12.240Z,sell,0.0001382,182.32,0.0251966239999999
GVT/BTC,1592848092240,2020-06-22T17:48:12.240Z,sell,0.0001381,842.7,0.11637687
GVT/BTC,1592848092240,2020-06-22T17:48:12.240Z,sell,0.000138,132.43,0.01827534
GVT/BTC,1592848092240,2020-06-22T17:48:12.240Z,sell,0.0001379,255.8,0.03527482
GVT/BTC,1592848092240,2020-06-22T17:48:12.240Z,sell,0.0001378,497.73,0.0685871939999999
GVT/BTC,1592848092240,2020-06-22T17:48:12.240Z,sell,0.0001377,18.6,0.00256122
GVT/BTC,1592848092240,2020-06-22T17:48:12.240Z,sell,0.0001375,466.92,0.0642015
GVT/BTC,1592848092240,2020-06-22T17:48:12.240Z,sell,0.0001374,2.0,0.0002748
GVT/BTC,1592848092240,2020-06-22T17:48:12.240Z,sell,0.0001372,717.86,0.098490392
GVT/BTC,1592848092240,2020-06-22T17:48:12.240Z,sell,0.0001371,157.57,0.0216028469999999
GVT/BTC,1592848092240,2020-06-22T17:48:12.240Z,sell,0.000137,63.62,0.00871594
GVT/BTC,1592848092240,2020-06-22T17:48:12.240Z,sell,0.000137,31.55,0.00432235
GVT/BTC,1592848092240,2020-06-22T17:48:12.240Z,sell,0.000137,0.86,0.00011782
GVT/BTC,1592848092240,2020-06-22T17:48:12.240Z,sell,0.000137,17.48,0.00239476
GVT/BTC,1592848092240,2020-06-22T17:48:12.240Z,sell,0.000137,55.9,0.0076583
GVT/BTC,1592848092240,2020-06-22T17:48:12.240Z,sell,0.000137,3.57,0.00048909
GVT/BTC,1592848092240,2020-06-22T17:48:12.240Z,sell,0.000137,45.71,0.00626227
GVT/BTC,1592848092240,2020-06-22T17:48:12.240Z,sell,0.000137,29.08,0.00398396
GVT/BTC,1592848092240,2020-06-22T17:48:12.240Z,sell,0.000137,9.03,0.0012371099999999
GVT/BTC,1592848092240,2020-06-22T17:48:12.240Z,sell,0.000137,84.39,0.01156143
GVT/BTC,1592848092240,2020-06-22T17:48:12.240Z,sell,0.000137,7.03,0.00096311
GVT/BTC,1592848092305,2020-06-22T17:48:12.305Z,buy,0.0001374,10.11,0.0013891139999999
GVT/BTC,1592848094527,2020-06-22T17:48:14.527Z,buy,0.0001382,1.39,0.0001920979999999
GVT/BTC,1592848094655,2020-06-22T17:48:14.655Z,sell,0.0001378,1.4,0.0001929199999999
GVT/BTC,1592848096926,2020-06-22T17:48:16.926Z,buy,0.0001384,0.75,0.0001038
GVT/BTC,1592848096957,2020-06-22T17:48:16.957Z,buy,0.0001387,0.72,9.9864e-05
GVT/BTC,1592848097119,2020-06-22T17:48:17.119Z,sell,0.0001377,2.1,0.00028917
GVT/BTC,1592848097164,2020-06-22T17:48:17.164Z,sell,0.0001377,1.23,0.000169371
GVT/BTC,1592848097588,2020-06-22T17:48:17.588Z,sell,0.0001377,1.39,0.000191403
GVT/BTC,1592848097588,2020-06-22T17:48:17.588Z,sell,0.0001376,0.71,9.7696e-05
GVT/BTC,1592848097693,2020-06-22T17:48:17.693Z,sell,0.0001376,1.75,0.0002408
GVT/BTC,1592848097693,2020-06-22T17:48:17.693Z,sell,0.0001375,4.58,0.00062975
GVT/BTC,1592848097932,2020-06-22T17:48:17.932Z,buy,0.0001378,0.75,0.0001033499999999
GVT/BTC,1592848098959,2020-06-22T17:48:18.959Z,buy,0.0001382,2.1,0.00029022
GVT/BTC,1592848099975,2020-06-22T17:48:19.975Z,buy,0.0001382,1.39,0.0001920979999999
GVT/BTC,1592848100217,2020-06-22T17:48:20.217Z,sell,0.0001379,1.45,0.0001999549999999
GVT/BTC,1592848100217,2020-06-22T17:48:20.217Z,sell,0.0001378,0.75,0.0001033499999999
GVT/BTC,1592848100217,2020-06-22T17:48:20.217Z,sell,0.0001376,10.27,0.001413152
GVT/BTC,1592848102225,2020-06-22T17:48:22.225Z,buy,0.0001384,4.23,0.000585432
GVT/BTC,1592848104412,2020-06-22T17:48:24.412Z,buy,0.0001386,22.94,0.003179484
GVT/BTC,1592848116116,2020-06-22T17:48:36.116Z,buy,0.0001386,7.17,0.000993762
GVT/BTC,1592848125730,2020-06-22T17:48:45.730Z,buy,0.0001386,28.39,0.003934854
GVT/BTC,1592848127439,2020-06-22T17:48:47.439Z,buy,0.0001386,2.88,0.000399168
GVT/BTC,1592848127446,2020-06-22T17:48:47.446Z,buy,0.0001386,55.79,0.007732494
GVT/BTC,1592848133934,2020-06-22T17:48:53.934Z,buy,0.0001387,16.42,0.002277454
GVT/BTC,1592848148893,2020-06-22T17:49:08.893Z,sell,0.0001384,131.38,0.018182992
GVT/BTC,1592848154037,2020-06-22T17:49:14.037Z,buy,0.0001385,10.11,0.0014002349999999
GVT/BTC,1592848157939,2020-06-22T17:49:17.939Z,sell,0.0001384,7.36,0.001018624
GVT/BTC,1592848164646,2020-06-22T17:49:24.646Z,sell,0.0001388,0.73,0.000101324
GVT/BTC,1592848180795,2020-06-22T17:49:40.795Z,sell,0.0001385,0.73,0.000101105
GVT/BTC,1592848180795,2020-06-22T17:49:40.795Z,sell,0.0001383,9.73,0.001345659
GVT/BTC,1592848181156,2020-06-22T17:49:41.156Z,sell,0.0001383,57.96,0.008015868
GVT/BTC,1592848181428,2020-06-22T17:49:41.428Z,sell,0.0001383,27.8,0.00384474
GVT/BTC,1592848207364,2020-06-22T17:50:07.364Z,sell,0.0001382,7.36,0.001017152
GVT/BTC,1592848217024,2020-06-22T17:50:17.024Z,buy,0.0001389,0.75,0.000104175
GVT/BTC,1592848217024,2020-06-22T17:50:17.024Z,buy,0.000139,17.94,0.00249366
GVT/BTC,1592848217024,2020-06-22T17:50:17.024Z,buy,0.0001391,11.43,0.0015899129999999
GVT/BTC,1592848217024,2020-06-22T17:50:17.024Z,buy,0.0001392,2.18,0.000303456
GVT/BTC,1592848217024,2020-06-22T17:50:17.024Z,buy,0.0001393,1.45,0.0002019849999999
GVT/BTC,1592848217024,2020-06-22T17:50:17.024Z,buy,0.0001394,3.87,0.000539478
GVT/BTC,1592848217024,2020-06-22T17:50:17.024Z,buy,0.0001395,12.38,0.00172701
GVT/BTC,1592848234021,2020-06-22T17:50:34.021Z,buy,0.0001395,40.0,0.00558
GVT/BTC,1592848234021,2020-06-22T17:50:34.021Z,buy,0.0001396,33.47,0.004672412
GVT/BTC,1592848296671,2020-06-22T17:51:36.671Z,buy,0.0001392,12.26,0.0017065919999999
GVT/BTC,1592848309384,2020-06-22T17:51:49.384Z,sell,0.0001388,7.66,0.001063208
GVT/BTC,1592848316575,2020-06-22T17:51:56.575Z,sell,0.0001387,1.38,0.000191406
GVT/BTC,1592848319095,2020-06-22T17:51:59.095Z,sell,0.0001386,40.0,0.005544
GVT/BTC,1592848323082,2020-06-22T17:52:03.082Z,buy,0.0001386,258.01,0.035760186
GVT/BTC,1592848332090,2020-06-22T17:52:12.090Z,sell,0.0001385,881.81,0.122130685
GVT/BTC,1592848396188,2020-06-22T17:53:16.188Z,buy,0.0001391,4.58,0.000637078
GVT/BTC,1592848396188,2020-06-22T17:53:16.188Z,buy,0.0001392,31.42,0.004373664
GVT/BTC,1592848434535,2020-06-22T17:53:54.535Z,buy,0.0001392,31.58,0.004395936
GVT/BTC,1592848434535,2020-06-22T17:53:54.535Z,buy,0.0001392,31.58,0.004395936
GVT/BTC,1592849056570,2020-06-22T18:04:16.570Z,sell,0.000139,3.71,0.00051569
GVT/BTC,1592849057576,2020-06-22T18:04:17.576Z,sell,0.000139,1.86,0.00025854
GVT/BTC,1592849108184,2020-06-22T18:05:08.184Z,sell,0.000139,0.72,0.0001000799999999
GVT/BTC,1592849232770,2020-06-22T18:07:12.770Z,sell,0.0001384,81.91,0.011336344
GVT/BTC,1592849429812,2020-06-22T18:10:29.812Z,buy,0.0001389,18.03,0.002504367
GVT/BTC,1592849486944,2020-06-22T18:11:26.944Z,buy,0.0001389,75.0,0.0104175
GVT/BTC,1592849517104,2020-06-22T18:11:57.104Z,buy,0.0001389,0.87,0.000120843
GVT/BTC,1592849648892,2020-06-22T18:14:08.892Z,buy,0.0001388,55.28,0.007672864
GVT/BTC,1592849648892,2020-06-22T18:14:08.892Z,buy,0.0001391,40.75,0.005668325
GVT/BTC,1592849648892,2020-06-22T18:14:08.892Z,buy,0.0001392,201.85,0.0280975199999999
GVT/BTC,1592849648892,2020-06-22T18:14:08.892Z,buy,0.0001394,0.87,0.000121278
GVT/BTC,1592849648892,2020-06-22T18:14:08.892Z,buy,0.0001396,223.74,0.031234104
GVT/BTC,1592849654087,2020-06-22T18:14:14.087Z,buy,0.0001394,300.05,0.04182697
GVT/BTC,1592849654087,2020-06-22T18:14:14.087Z,buy,0.0001397,338.99,0.047356903
GVT/BTC,1592849654087,2020-06-22T18:14:14.087Z,buy,0.0001398,0.78,0.000109044
GVT/BTC,1592849654087,2020-06-22T18:14:14.087Z,buy,0.0001399,143.12,0.020022488
GVT/BTC,1592849664864,2020-06-22T18:14:24.864Z,buy,0.0001399,95.36,0.013340864
GVT/BTC,1592849664864,2020-06-22T18:14:24.864Z,buy,0.00014,474.64,0.0664496
GVT/BTC,1592849667507,2020-06-22T18:14:27.507Z,buy,0.00014,261.77,0.0366477999999999
GVT/BTC,1592849673171,2020-06-22T18:14:33.171Z,buy,0.00014,150.0,0.0209999999999999
GVT/BTC,1592849680134,2020-06-22T18:14:40.134Z,buy,0.00014,50.0,0.0069999999999999
GVT/BTC,1592849681156,2020-06-22T18:14:41.156Z,sell,0.0001393,53.99,0.007520807
GVT/BTC,1592849681170,2020-06-22T18:14:41.170Z,buy,0.0001393,67.6,0.0094166799999999
GVT/BTC,1592849740055,2020-06-22T18:15:40.055Z,buy,0.0001399,67.29,0.009413871
GVT/BTC,1592849740055,2020-06-22T18:15:40.055Z,buy,0.00014,5.71,0.0007993999999999
GVT/BTC,1592849747590,2020-06-22T18:15:47.590Z,buy,0.0001399,17.94,0.002509806
GVT/BTC,1592849775970,2020-06-22T18:16:15.970Z,buy,0.0001399,53.06,0.007423094
GVT/BTC,1592849776070,2020-06-22T18:16:16.070Z,sell,0.0001399,223.29,0.031238271
GVT/BTC,1592849776077,2020-06-22T18:16:16.077Z,sell,0.0001399,903.33,0.126375867
GVT/BTC,1592849777265,2020-06-22T18:16:17.265Z,sell,0.0001399,626.14,0.087596986
GVT/BTC,1592849777296,2020-06-22T18:16:17.296Z,sell,0.0001399,70.36,0.009843364
GVT/BTC,1592849778265,2020-06-22T18:16:18.265Z,sell,0.0001399,335.35,0.046915465
GVT/BTC,1592849829022,2020-06-22T18:17:09.022Z,buy,0.0001399,140.88,0.019709112
GVT/BTC,1592849829088,2020-06-22T18:17:09.088Z,sell,0.0001399,349.31,0.048868469
GVT/BTC,1592849830090,2020-06-22T18:17:10.090Z,sell,0.0001399,17.93,0.002508407
GVT/BTC,1592849836933,2020-06-22T18:17:16.933Z,sell,0.0001394,16.93,0.002360042
GVT/BTC,1592850008561,2020-06-22T18:20:08.561Z,buy,0.0001399,0.96,0.000134304
GVT/BTC,1592850076645,2020-06-22T18:21:16.645Z,buy,0.0001399,32.22,0.004507578
GVT/BTC,1592850076645,2020-06-22T18:21:16.645Z,buy,0.00014,3.36,0.0004703999999999
GVT/BTC,1592850121024,2020-06-22T18:22:01.024Z,sell,0.0001394,54.07,0.007537358
GVT/BTC,1592850165127,2020-06-22T18:22:45.127Z,buy,0.0001394,0.78,0.000108732
GVT/BTC,1592850165385,2020-06-22T18:22:45.385Z,buy,0.0001394,8.1,0.00112914
GVT/BTC,1592850322883,2020-06-22T18:25:22.883Z,buy,0.0001398,0.78,0.000109044
GVT/BTC,1592850324630,2020-06-22T18:25:24.630Z,buy,0.00014,3.73,0.0005221999999999
GVT/BTC,1592850557435,2020-06-22T18:29:17.435Z,buy,0.00014,0.71,9.94e-05
GVT/BTC,1592850557675,2020-06-22T18:29:17.675Z,buy,0.00014,140.0,0.0196
GVT/BTC,1592850560959,2020-06-22T18:29:20.959Z,buy,0.00014,0.71,9.94e-05
GVT/BTC,1592850562758,2020-06-22T18:29:22.758Z,buy,0.00014,0.71,9.94e-05
GVT/BTC,1592850566307,2020-06-22T18:29:26.307Z,buy,0.00014,0.71,9.94e-05
GVT/BTC,1592850634985,2020-06-22T18:30:34.985Z,sell,0.0001397,12.47,0.001742059
GVT/BTC,1592850652363,2020-06-22T18:30:52.363Z,buy,0.00014,715.94,0.1002316
GVT/BTC,1592850887092,2020-06-22T18:34:47.092Z,sell,0.0001394,7.75,0.00108035
GVT/BTC,1592850887162,2020-06-22T18:34:47.162Z,buy,0.0001394,2.25,0.00031365
GVT/BTC,1592850935498,2020-06-22T18:35:35.498Z,sell,0.0001395,9.48,0.00132246
GVT/BTC,1592850935885,2020-06-22T18:35:35.885Z,sell,0.0001395,3.31,0.000461745
GVT/BTC,1592850936184,2020-06-22T18:35:36.184Z,buy,0.0001394,670.0,0.093398
GVT/BTC,1592850936646,2020-06-22T18:35:36.646Z,buy,0.0001394,2.19,0.000305286
GVT/BTC,1592850962829,2020-06-22T18:36:02.829Z,buy,0.0001394,6.6,0.0009200399999999
GVT/BTC,1592850970643,2020-06-22T18:36:10.643Z,buy,0.0001394,0.78,0.000108732
GVT/BTC,1592851104779,2020-06-22T18:38:24.779Z,sell,0.0001392,1.38,0.0001920959999999
GVT/BTC,1592851104779,2020-06-22T18:38:24.779Z,sell,0.0001391,0.06,8.346e-06
GVT/BTC,1592851122101,2020-06-22T18:38:42.101Z,buy,0.0001394,143.47,0.019999718
GVT/BTC,1592851657219,2020-06-22T18:47:37.219Z,buy,0.0001394,35.72,0.004979368
GVT/BTC,1592851699812,2020-06-22T18:48:19.812Z,sell,0.0001391,0.69,9.597899999999998e-05
GVT/BTC,1592851699812,2020-06-22T18:48:19.812Z,sell,0.0001387,1.38,0.000191406
GVT/BTC,1592851699812,2020-06-22T18:48:19.812Z,sell,0.0001385,40.0,0.00554
GVT/BTC,1592851699812,2020-06-22T18:48:19.812Z,sell,0.0001384,100.21,0.0138690639999999
GVT/BTC,1592851722487,2020-06-22T18:48:42.487Z,buy,0.0001391,0.75,0.000104325
GVT/BTC,1592851722487,2020-06-22T18:48:42.487Z,buy,0.0001392,1.38,0.0001920959999999
GVT/BTC,1592851722487,2020-06-22T18:48:42.487Z,buy,0.0001393,9.24,0.001287132
GVT/BTC,1592851781696,2020-06-22T18:49:41.696Z,sell,0.0001392,11.46,0.001595232
GVT/BTC,1592851781696,2020-06-22T18:49:41.696Z,sell,0.0001392,11.46,0.001595232
GVT/BTC,1592852230932,2020-06-22T18:57:10.932Z,buy,0.0001391,0.86,0.000119626
GVT/BTC,1592852365358,2020-06-22T18:59:25.358Z,buy,0.0001391,5.75,0.000799825
GVT/BTC,1592852535859,2020-06-22T19:02:15.859Z,buy,0.0001391,0.78,0.000108498
GVT/BTC,1592853436197,2020-06-22T19:17:16.197Z,buy,0.0001391,50.0,0.0069549999999999
GVT/BTC,1592853928700,2020-06-22T19:25:28.700Z,buy,0.0001391,5.37,0.000746967
GVT/BTC,1592853935734,2020-06-22T19:25:35.734Z,buy,0.0001394,0.95,0.00013243
GVT/BTC,1592853961563,2020-06-22T19:26:01.563Z,sell,0.0001387,3.3,0.00045771
GVT/BTC,1592853961563,2020-06-22T19:26:01.563Z,sell,0.0001384,40.75,0.0056398
GVT/BTC,1592853961563,2020-06-22T19:26:01.563Z,sell,0.0001383,25.41,0.003514203
GVT/BTC,1592853961563,2020-06-22T19:26:01.563Z,sell,0.0001382,10.54,0.001456628
GVT/BTC,1592853964168,2020-06-22T19:26:04.168Z,buy,0.0001387,1.39,0.000192793
GVT/BTC,1592854063202,2020-06-22T19:27:43.202Z,buy,0.0001389,0.87,0.000120843
GVT/BTC,1592854302217,2020-06-22T19:31:42.217Z,sell,0.0001382,11.76,0.001625232
GVT/BTC,1592854326044,2020-06-22T19:32:06.044Z,sell,0.0001382,51.86,0.007167052
GVT/BTC,1592854338052,2020-06-22T19:32:18.052Z,buy,0.0001387,0.71,9.8477e-05
GVT/BTC,1592854348100,2020-06-22T19:32:28.100Z,buy,0.0001387,0.68,9.4316e-05
GVT/BTC,1592854397942,2020-06-22T19:33:17.942Z,buy,0.0001389,0.72,0.0001000079999999
GVT/BTC,1592854445764,2020-06-22T19:34:05.764Z,sell,0.0001382,1717.77,0.2373958139999999
GVT/BTC,1592854453499,2020-06-22T19:34:13.499Z,sell,0.0001382,480.0,0.066336
GVT/BTC,1592854464675,2020-06-22T19:34:24.675Z,sell,0.0001379,602.2,0.08304338
GVT/BTC,1592854467471,2020-06-22T19:34:27.471Z,sell,0.0001379,714.94,0.098590226
GVT/BTC,1592854468175,2020-06-22T19:34:28.175Z,buy,0.0001379,73.93,0.010194947
GVT/BTC,1592854609734,2020-06-22T19:36:49.734Z,sell,0.000138,12.0,0.001656
GVT/BTC,1592854806393,2020-06-22T19:40:06.393Z,sell,0.000138,9.42,0.00129996
GVT/BTC,1592854806490,2020-06-22T19:40:06.490Z,buy,0.000138,11.56,0.00159528
GVT/BTC,1592854837953,2020-06-22T19:40:37.953Z,sell,0.0001379,11.45,0.0015789549999999
GVT/BTC,1592855107861,2020-06-22T19:45:07.861Z,sell,0.000138,26.42,0.00364596
GVT/BTC,1592855137151,2020-06-22T19:45:37.151Z,sell,0.000138,1462.6,0.2018387999999999
GVT/BTC,1592855137151,2020-06-22T19:45:37.151Z,sell,0.0001379,377.25,0.0520227749999999
GVT/BTC,1592855137151,2020-06-22T19:45:37.151Z,sell,0.0001378,0.75,0.0001033499999999
GVT/BTC,1592855137151,2020-06-22T19:45:37.151Z,sell,0.0001377,41.39,0.005699403
GVT/BTC,1592855137151,2020-06-22T19:45:37.151Z,sell,0.0001376,177.31,0.024397856
GVT/BTC,1592855137151,2020-06-22T19:45:37.151Z,sell,0.0001376,65.41,0.009000416
GVT/BTC,1592855137151,2020-06-22T19:45:37.151Z,sell,0.0001375,4.59,0.000631125
GVT/BTC,1592855140475,2020-06-22T19:45:40.475Z,buy,0.0001382,1.39,0.0001920979999999
GVT/BTC,1592855140475,2020-06-22T19:45:40.475Z,buy,0.0001384,0.75,0.0001038
GVT/BTC,1592855140475,2020-06-22T19:45:40.475Z,buy,0.0001385,6.42,0.00088917
GVT/BTC,1592855242423,2020-06-22T19:47:22.423Z,buy,0.0001386,3.61,0.000500346
GVT/BTC,1592855273201,2020-06-22T19:47:53.201Z,buy,0.0001386,0.8,0.00011088
GVT/BTC,1592855280980,2020-06-22T19:48:00.980Z,buy,0.0001385,0.87,0.000120495
GVT/BTC,1592855287038,2020-06-22T19:48:07.038Z,sell,0.0001385,66.84,0.00925734
GVT/BTC,1592855356037,2020-06-22T19:49:16.037Z,buy,0.0001386,3.71,0.000514206
GVT/BTC,1592855356037,2020-06-22T19:49:16.037Z,buy,0.0001386,3.71,0.000514206
GVT/BTC,1592856196596,2020-06-22T20:03:16.596Z,buy,0.0001385,11.0,0.0015235
GVT/BTC,1592856196596,2020-06-22T20:03:16.596Z,buy,0.0001386,222.99,0.030906414
GVT/BTC,1592856465181,2020-06-22T20:07:45.181Z,sell,0.0001386,29.53,0.004092858
GVT/BTC,1592856515293,2020-06-22T20:08:35.293Z,buy,0.0001383,5.37,0.000742671
GVT/BTC,1592856597613,2020-06-22T20:09:57.613Z,sell,0.0001383,0.73,0.000100959
GVT/BTC,1592856597613,2020-06-22T20:09:57.613Z,sell,0.000138,2.44,0.00033672
GVT/BTC,1592856739858,2020-06-22T20:12:19.858Z,sell,0.000138,67.12,0.00926256
GVT/BTC,1592856739858,2020-06-22T20:12:19.858Z,sell,0.0001379,79.73,0.0109947669999999
GVT/BTC,1592856899485,2020-06-22T20:14:59.485Z,buy,0.0001384,0.75,0.0001038
GVT/BTC,1592857063921,2020-06-22T20:17:43.921Z,buy,0.0001383,7.57,0.001046931
GVT/BTC,1592857354234,2020-06-22T20:22:34.234Z,buy,0.0001381,62.0,0.0085621999999999
GVT/BTC,1592857358935,2020-06-22T20:22:38.935Z,buy,0.0001382,7.58,0.001047556
GVT/BTC,1592857375176,2020-06-22T20:22:55.176Z,buy,0.0001382,0.87,0.000120234
GVT/BTC,1592857465969,2020-06-22T20:24:25.969Z,buy,0.0001382,5.42,0.000749044
GVT/BTC,1592857479769,2020-06-22T20:24:39.769Z,buy,0.0001382,137.26,0.018969332
GVT/BTC,1592857511867,2020-06-22T20:25:11.867Z,buy,0.0001385,0.87,0.000120495
GVT/BTC,1592857512585,2020-06-22T20:25:12.585Z,buy,0.0001387,1.39,0.000192793
GVT/BTC,1592857513592,2020-06-22T20:25:13.592Z,buy,0.0001387,0.94,0.000130378
GVT/BTC,1592858144173,2020-06-22T20:35:44.173Z,buy,0.0001387,0.73,0.000101251
GVT/BTC,1592858178363,2020-06-22T20:36:18.363Z,sell,0.0001385,40.0,0.00554
GVT/BTC,1592858178363,2020-06-22T20:36:18.363Z,sell,0.0001382,1.39,0.0001920979999999
GVT/BTC,1592858178363,2020-06-22T20:36:18.363Z,sell,0.0001378,10.19,0.001404182
GVT/BTC,1592858178363,2020-06-22T20:36:18.363Z,sell,0.0001377,85.64,0.011792628
GVT/BTC,1592858180886,2020-06-22T20:36:20.886Z,buy,0.0001382,1.39,0.0001920979999999
GVT/BTC,1592858183685,2020-06-22T20:36:23.685Z,buy,0.0001384,0.75,0.0001038
GVT/BTC,1592858195460,2020-06-22T20:36:35.460Z,buy,0.0001386,7.23,0.001002078
GVT/BTC,1592858288515,2020-06-22T20:38:08.515Z,sell,0.0001378,0.75,0.0001033499999999
GVT/BTC,1592858288515,2020-06-22T20:38:08.515Z,sell,0.0001377,1.39,0.000191403
GVT/BTC,1592858288515,2020-06-22T20:38:08.515Z,sell,0.0001375,376.99,0.051836125
GVT/BTC,1592858288515,2020-06-22T20:38:08.515Z,sell,0.0001374,228.53,0.031400022
GVT/BTC,1592858307691,2020-06-22T20:38:27.691Z,sell,0.0001378,1.44,0.000198432
GVT/BTC,1592858347390,2020-06-22T20:39:07.390Z,sell,0.0001377,71.16,0.009798732
GVT/BTC,1592858347390,2020-06-22T20:39:07.390Z,sell,0.0001376,15.69,0.002158944
GVT/BTC,1592858347390,2020-06-22T20:39:07.390Z,sell,0.0001375,325.25,0.044721875
GVT/BTC,1592858349667,2020-06-22T20:39:09.667Z,buy,0.000138,46.49,0.00641562
GVT/BTC,1592858406306,2020-06-22T20:40:06.306Z,buy,0.0001382,1.39,0.0001920979999999
GVT/BTC,1592858469673,2020-06-22T20:41:09.673Z,buy,0.0001379,71.16,0.0098129639999999
GVT/BTC,1592858559162,2020-06-22T20:42:39.162Z,sell,0.0001377,1.39,0.000191403
GVT/BTC,1592858559162,2020-06-22T20:42:39.162Z,sell,0.0001373,8.02,0.001101146
GVT/BTC,1592858559162,2020-06-22T20:42:39.162Z,sell,0.0001372,351.79,0.048265588
GVT/BTC,1592858559162,2020-06-22T20:42:39.162Z,sell,0.0001371,385.16,0.052805436
GVT/BTC,1592858559162,2020-06-22T20:42:39.162Z,sell,0.000137,400.97,0.05493289
GVT/BTC,1592858559162,2020-06-22T20:42:39.162Z,sell,0.0001369,3.08,0.000421652
GVT/BTC,1592858559162,2020-06-22T20:42:39.162Z,sell,0.0001368,2.94,0.0004021919999999
GVT/BTC,1592858559162,2020-06-22T20:42:39.162Z,sell,0.0001367,700.41,0.0957460469999999
GVT/BTC,1592858559162,2020-06-22T20:42:39.162Z,sell,0.0001366,602.31,0.082275546
GVT/BTC,1592858559162,2020-06-22T20:42:39.162Z,sell,0.0001366,591.9,0.08085354
GVT/BTC,1592858559162,2020-06-22T20:42:39.162Z,sell,0.0001365,181.84,0.02482116
GVT/BTC,1592858559162,2020-06-22T20:42:39.162Z,sell,0.0001365,6.45,0.000880425
GVT/BTC,1592858559162,2020-06-22T20:42:39.162Z,sell,0.0001365,36.65,0.005002725
GVT/BTC,1592858559162,2020-06-22T20:42:39.162Z,sell,0.0001365,70.01,0.009556365
GVT/BTC,1592858559162,2020-06-22T20:42:39.162Z,sell,0.0001365,101.35,0.013834275
GVT/BTC,1592858561964,2020-06-22T20:42:41.964Z,buy,0.0001372,2.15,0.0002949799999999
GVT/BTC,1592858561964,2020-06-22T20:42:41.964Z,buy,0.0001374,13.0,0.0017862
GVT/BTC,1592858567198,2020-06-22T20:42:47.198Z,buy,0.0001373,21.0,0.0028833
GVT/BTC,1592858569845,2020-06-22T20:42:49.845Z,buy,0.0001374,7.24,0.000994776
GVT/BTC,1592858570238,2020-06-22T20:42:50.238Z,buy,0.0001374,21.23,0.002917002
GVT/BTC,1592858570388,2020-06-22T20:42:50.388Z,buy,0.0001374,76.2,0.01046988
GVT/BTC,1592858571399,2020-06-22T20:42:51.399Z,buy,0.0001374,81.71,0.0112269539999999
GVT/BTC,1592858572208,2020-06-22T20:42:52.208Z,sell,0.000137,0.73,0.00010001
GVT/BTC,1592858572208,2020-06-22T20:42:52.208Z,sell,0.0001367,1.4,0.0001913799999999
GVT/BTC,1592858572208,2020-06-22T20:42:52.208Z,sell,0.0001365,1839.92,0.25114908
GVT/BTC,1592858575603,2020-06-22T20:42:55.603Z,buy,0.0001372,1.4,0.00019208
GVT/BTC,1592858575603,2020-06-22T20:42:55.603Z,buy,0.0001374,5.88,0.000807912
GVT/BTC,1592858580821,2020-06-22T20:43:00.821Z,buy,0.0001374,7.26,0.000997524
GVT/BTC,1592858582579,2020-06-22T20:43:02.579Z,buy,0.0001374,2.62,0.000359988
GVT/BTC,1592858592656,2020-06-22T20:43:12.656Z,buy,0.0001374,1.45,0.00019923
GVT/BTC,1592858592904,2020-06-22T20:43:12.904Z,buy,0.0001374,2.18,0.000299532
GVT/BTC,1592858595095,2020-06-22T20:43:15.095Z,sell,0.0001367,2.77,0.000378659
GVT/BTC,1592858621641,2020-06-22T20:43:41.641Z,sell,0.0001367,7.11,0.000971937
GVT/BTC,1592858621652,2020-06-22T20:43:41.652Z,buy,0.0001367,91.4,0.01249438
GVT/BTC,1592858628485,2020-06-22T20:43:48.485Z,buy,0.0001371,0.77,0.000105567
GVT/BTC,1592858708231,2020-06-22T20:45:08.231Z,buy,0.000137,0.73,0.00010001
GVT/BTC,1592858755831,2020-06-22T20:45:55.831Z,sell,0.0001366,394.2,0.05384772
GVT/BTC,1592858755831,2020-06-22T20:45:55.831Z,sell,0.0001365,1859.45,0.253814925
GVT/BTC,1592858755831,2020-06-22T20:45:55.831Z,sell,0.0001364,55.68,0.007594752
GVT/BTC,1592858755831,2020-06-22T20:45:55.831Z,sell,0.0001362,2.87,0.000390894
GVT/BTC,1592858755831,2020-06-22T20:45:55.831Z,sell,0.0001361,315.48,0.042936828
GVT/BTC,1592858755831,2020-06-22T20:45:55.831Z,sell,0.000136,33.6,0.0045696
GVT/BTC,1592858755831,2020-06-22T20:45:55.831Z,sell,0.0001359,50.16,0.006816744
GVT/BTC,1592858755831,2020-06-22T20:45:55.831Z,sell,0.0001358,89.29,0.012125582
GVT/BTC,1592858755831,2020-06-22T20:45:55.831Z,sell,0.0001357,92.11,0.012499327
GVT/BTC,1592858755831,2020-06-22T20:45:55.831Z,sell,0.0001356,45.06,0.0061101359999999
GVT/BTC,1592858755831,2020-06-22T20:45:55.831Z,sell,0.0001355,470.34,0.0637310699999999
GVT/BTC,1592858755831,2020-06-22T20:45:55.831Z,sell,0.0001354,41.63,0.005636702
GVT/BTC,1592858755831,2020-06-22T20:45:55.831Z,sell,0.0001353,225.25,0.030476325
GVT/BTC,1592858755831,2020-06-22T20:45:55.831Z,sell,0.0001352,90.77,0.012272104
GVT/BTC,1592858755831,2020-06-22T20:45:55.831Z,sell,0.0001352,57.37,0.007756424
GVT/BTC,1592858755831,2020-06-22T20:45:55.831Z,sell,0.0001352,33.5,0.0045292
GVT/BTC,1592858755831,2020-06-22T20:45:55.831Z,sell,0.0001352,3.6,0.00048672
GVT/BTC,1592858755831,2020-06-22T20:45:55.831Z,sell,0.0001352,62.16,0.008404032
GVT/BTC,1592858755831,2020-06-22T20:45:55.831Z,sell,0.0001352,105.88,0.014314976
GVT/BTC,1592858755831,2020-06-22T20:45:55.831Z,sell,0.0001351,13.26,0.001791426
GVT/BTC,1592858755831,2020-06-22T20:45:55.831Z,sell,0.000135,46.03,0.00621405
GVT/BTC,1592858755831,2020-06-22T20:45:55.831Z,sell,0.000135,246.96,0.0333396
GVT/BTC,1592858755831,2020-06-22T20:45:55.831Z,sell,0.000135,41.03,0.00553905
GVT/BTC,1592858755831,2020-06-22T20:45:55.831Z,sell,0.000135,1.1,0.0001485
GVT/BTC,1592858755831,2020-06-22T20:45:55.831Z,sell,0.000135,17.16,0.0023166
GVT/BTC,1592858755831,2020-06-22T20:45:55.831Z,sell,0.000135,90.15,0.01217025
GVT/BTC,1592858755831,2020-06-22T20:45:55.831Z,sell,0.000135,16.64,0.0022464
GVT/BTC,1592858755831,2020-06-22T20:45:55.831Z,sell,0.000135,214.62,0.0289737
GVT/BTC,1592858755831,2020-06-22T20:45:55.831Z,sell,0.0001349,61.41,0.0082842089999999
GVT/BTC,1592858755831,2020-06-22T20:45:55.831Z,sell,0.0001348,137.14,0.0184864719999999
GVT/BTC,1592858755831,2020-06-22T20:45:55.831Z,sell,0.0001347,154.39,0.0207963329999999
GVT/BTC,1592858755831,2020-06-22T20:45:55.831Z,sell,0.0001346,967.16,0.130179736
GVT/BTC,1592858755831,2020-06-22T20:45:55.831Z,sell,0.0001346,530.72,0.071434912
GVT/BTC,1592858755831,2020-06-22T20:45:55.831Z,sell,0.0001346,135.46,0.018232916
GVT/BTC,1592858755831,2020-06-22T20:45:55.831Z,sell,0.0001346,1.08,0.000145368
GVT/BTC,1592858755831,2020-06-22T20:45:55.831Z,sell,0.0001346,5.59,0.000752414
GVT/BTC,1592858755831,2020-06-22T20:45:55.831Z,sell,0.0001346,93.99,0.0126510539999999
GVT/BTC,1592858755831,2020-06-22T20:45:55.831Z,sell,0.0001345,5.91,0.000794895
GVT/BTC,1592858755831,2020-06-22T20:45:55.831Z,sell,0.0001344,43.85,0.00589344
GVT/BTC,1592858755831,2020-06-22T20:45:55.831Z,sell,0.0001343,173.76,0.023335968
GVT/BTC,1592858755831,2020-06-22T20:45:55.831Z,sell,0.0001342,172.77,0.023185734
GVT/BTC,1592858755831,2020-06-22T20:45:55.831Z,sell,0.0001341,23.8,0.00319158
GVT/BTC,1592858755831,2020-06-22T20:45:55.831Z,sell,0.0001341,215.54,0.028903914
GVT/BTC,1592858755831,2020-06-22T20:45:55.831Z,sell,0.000134,99.03,0.01327002
GVT/BTC,1592858755831,2020-06-22T20:45:55.831Z,sell,0.0001339,37.97,0.005084183
GVT/BTC,1592858755831,2020-06-22T20:45:55.831Z,sell,0.0001339,87.0,0.0116493
GVT/BTC,1592858755831,2020-06-22T20:45:55.831Z,sell,0.0001339,40.27,0.005392153
GVT/BTC,1592858755831,2020-06-22T20:45:55.831Z,sell,0.0001338,163.11,0.021824118
GVT/BTC,1592858755831,2020-06-22T20:45:55.831Z,sell,0.0001338,44.1,0.00590058
GVT/BTC,1592858755831,2020-06-22T20:45:55.831Z,sell,0.0001338,11.6,0.00155208
GVT/BTC,1592858755831,2020-06-22T20:45:55.831Z,sell,0.0001338,187.41,0.025075458
GVT/BTC,1592858755831,2020-06-22T20:45:55.831Z,sell,0.0001337,202.42,0.0270635539999999
GVT/BTC,1592858755831,2020-06-22T20:45:55.831Z,sell,0.0001337,245.48,0.032820676
GVT/BTC,1592858755831,2020-06-22T20:45:55.831Z,sell,0.0001335,79.45,0.010606575
GVT/BTC,1592858755831,2020-06-22T20:45:55.831Z,sell,0.0001334,152.55,0.02035017
GVT/BTC,1592858755831,2020-06-22T20:45:55.831Z,sell,0.0001334,67.79,0.009043186
GVT/BTC,1592858755831,2020-06-22T20:45:55.831Z,sell,0.0001334,80.21,0.0107000139999999
GVT/BTC,1592858755831,2020-06-22T20:45:55.831Z,sell,0.0001333,266.55,0.0355311149999999
GVT/BTC,1592858755831,2020-06-22T20:45:55.831Z,sell,0.0001333,140.13,0.0186793289999999
GVT/BTC,1592858755831,2020-06-22T20:45:55.831Z,sell,0.0001333,4.76,0.0006345079999999
GVT/BTC,1592858755831,2020-06-22T20:45:55.831Z,sell,0.0001333,677.28,0.0902814239999999
GVT/BTC,1592858755831,2020-06-22T20:45:55.831Z,sell,0.0001333,6.7,0.0008931099999999
GVT/BTC,1592858755831,2020-06-22T20:45:55.831Z,sell,0.0001333,103.01,0.0137312329999999
GVT/BTC,1592858755831,2020-06-22T20:45:55.831Z,sell,0.0001333,1.87,0.0002492709999999
GVT/BTC,1592858755831,2020-06-22T20:45:55.831Z,sell,0.0001333,1021.15,0.1361192949999999
GVT/BTC,1592858755831,2020-06-22T20:45:55.831Z,sell,0.0001333,16.24,0.0021647919999999
GVT/BTC,1592858755831,2020-06-22T20:45:55.831Z,sell,0.0001333,852.47,0.1136342509999999
GVT/BTC,1592858755831,2020-06-22T20:45:55.831Z,sell,0.0001333,9.22,0.001229026
GVT/BTC,1592858755831,2020-06-22T20:45:55.831Z,sell,0.0001333,68.05,0.0090710649999999
GVT/BTC,1592858755831,2020-06-22T20:45:55.831Z,sell,0.0001333,34.56,0.004606848
GVT/BTC,1592858755831,2020-06-22T20:45:55.831Z,sell,0.0001333,25.94,0.003457802
GVT/BTC,1592858755831,2020-06-22T20:45:55.831Z,sell,0.0001333,34.0,0.0045321999999999
GVT/BTC,1592858755831,2020-06-22T20:45:55.831Z,sell,0.0001333,409.52,0.0545890159999999
GVT/BTC,1592858755831,2020-06-22T20:45:55.831Z,sell,0.0001333,4.22,0.0005625259999999
GVT/BTC,1592858755831,2020-06-22T20:45:55.831Z,sell,0.0001333,10.51,0.0014009829999999
GVT/BTC,1592858755831,2020-06-22T20:45:55.831Z,sell,0.0001333,71.0,0.0094642999999999
GVT/BTC,1592858755831,2020-06-22T20:45:55.831Z,sell,0.0001333,23.88,0.0031832039999999
GVT/BTC,1592858755831,2020-06-22T20:45:55.831Z,sell,0.0001333,10.06,0.001340998
GVT/BTC,1592858755831,2020-06-22T20:45:55.831Z,sell,0.0001332,3.74,0.000498168
GVT/BTC,1592858755831,2020-06-22T20:45:55.831Z,sell,0.0001331,52.5,0.00698775
GVT/BTC,1592858755831,2020-06-22T20:45:55.831Z,sell,0.000133,50.05,0.00665665
GVT/BTC,1592858755831,2020-06-22T20:45:55.831Z,sell,0.000133,2.91,0.00038703
GVT/BTC,1592858755831,2020-06-22T20:45:55.831Z,sell,0.000133,24.26,0.00322658
GVT/BTC,1592858755831,2020-06-22T20:45:55.831Z,sell,0.0001329,4.0,0.0005316
GVT/BTC,1592858755831,2020-06-22T20:45:55.831Z,sell,0.0001329,4.78,0.000635262
GVT/BTC,1592858755831,2020-06-22T20:45:55.831Z,sell,0.0001329,123.43,0.016403847
GVT/BTC,1592858755831,2020-06-22T20:45:55.831Z,sell,0.0001329,54.09,0.007188561
GVT/BTC,1592858755831,2020-06-22T20:45:55.831Z,sell,0.0001329,17.02,0.002261958
GVT/BTC,1592858755831,2020-06-22T20:45:55.831Z,sell,0.0001329,57.93,0.007698897
GVT/BTC,1592858755831,2020-06-22T20:45:55.831Z,sell,0.0001329,7.75,0.001029975
GVT/BTC,1592858755831,2020-06-22T20:45:55.831Z,sell,0.0001329,7.52,0.000999408
GVT/BTC,1592858755831,2020-06-22T20:45:55.831Z,sell,0.0001329,44.84,0.005959236
GVT/BTC,1592858755831,2020-06-22T20:45:55.831Z,sell,0.0001329,20.21,0.002685909
GVT/BTC,1592858755831,2020-06-22T20:45:55.831Z,sell,0.0001329,65.11,0.008653119
GVT/BTC,1592858755831,2020-06-22T20:45:55.831Z,sell,0.0001329,18.7,0.00248523
GVT/BTC,1592858755831,2020-06-22T20:45:55.831Z,sell,0.0001328,59.7,0.00792816
GVT/BTC,1592858755831,2020-06-22T20:45:55.831Z,sell,0.0001328,269.52,0.035792256
GVT/BTC,1592858755831,2020-06-22T20:45:55.831Z,sell,0.0001327,40.35,0.005354445
GVT/BTC,1592858755831,2020-06-22T20:45:55.831Z,sell,0.0001326,4.53,0.000600678
GVT/BTC,1592858755831,2020-06-22T20:45:55.831Z,sell,0.0001325,1.86,0.00024645
GVT/BTC,1592858755831,2020-06-22T20:45:55.831Z,sell,0.0001325,139.17,0.018440025
GVT/BTC,1592858755831,2020-06-22T20:45:55.831Z,sell,0.0001325,1.85,0.000245125
GVT/BTC,1592858755831,2020-06-22T20:45:55.831Z,sell,0.0001325,84.36,0.0111776999999999
GVT/BTC,1592858755831,2020-06-22T20:45:55.831Z,sell,0.0001325,5.39,0.0007141749999999
GVT/BTC,1592858755831,2020-06-22T20:45:55.831Z,sell,0.0001325,52.68,0.0069800999999999
GVT/BTC,1592858755831,2020-06-22T20:45:55.831Z,sell,0.0001325,26.34,0.0034900499999999
GVT/BTC,1592858755831,2020-06-22T20:45:55.831Z,sell,0.0001325,26.34,0.0034900499999999
GVT/BTC,1592858755855,2020-06-22T20:45:55.855Z,buy,0.0001326,1580.94,0.209632644
GVT/BTC,1592858755855,2020-06-22T20:45:55.855Z,buy,0.0001326,136.97,0.018162222
GVT/BTC,1592858755861,2020-06-22T20:45:55.861Z,buy,0.000133,25.52,0.00339416
GVT/BTC,1592858755889,2020-06-22T20:45:55.889Z,buy,0.000133,119.76,0.01592808
GVT/BTC,1592858755889,2020-06-22T20:45:55.889Z,buy,0.0001339,12.73,0.001704547
GVT/BTC,1592858755889,2020-06-22T20:45:55.889Z,buy,0.000134,52.37,0.00701758
GVT/BTC,1592858755904,2020-06-22T20:45:55.904Z,buy,0.000134,203.34,0.02724756
GVT/BTC,1592858755951,2020-06-22T20:45:55.951Z,buy,0.000133,1114.03,0.14816599
GVT/BTC,1592858755959,2020-06-22T20:45:55.959Z,buy,0.000133,224.66,0.02987978
GVT/BTC,1592858755982,2020-06-22T20:45:55.982Z,buy,0.000133,242.25,0.03221925
GVT/BTC,1592858755982,2020-06-22T20:45:55.982Z,buy,0.000134,127.47,0.01708098
GVT/BTC,1592858756001,2020-06-22T20:45:56.001Z,buy,0.000134,86.75,0.0116245
GVT/BTC,1592858756001,2020-06-22T20:45:56.001Z,buy,0.0001342,1.47,0.000197274
GVT/BTC,1592858756723,2020-06-22T20:45:56.723Z,buy,0.0001338,3.14,0.000420132
GVT/BTC,1592858756723,2020-06-22T20:45:56.723Z,buy,0.0001341,1.31,0.000175671
GVT/BTC,1592858757423,2020-06-22T20:45:57.423Z,buy,0.0001338,2.26,0.0003023879999999
GVT/BTC,1592858757423,2020-06-22T20:45:57.423Z,buy,0.0001341,23.49,0.003150009
GVT/BTC,1592858757423,2020-06-22T20:45:57.423Z,buy,0.0001342,3.4,0.00045628
GVT/BTC,1592858757473,2020-06-22T20:45:57.473Z,sell,0.0001332,0.97,0.000129204
GVT/BTC,1592858757488,2020-06-22T20:45:57.488Z,buy,0.0001331,13.7,0.00182347
GVT/BTC,1592858757542,2020-06-22T20:45:57.542Z,buy,0.0001331,13.7,0.00182347
GVT/BTC,1592858757651,2020-06-22T20:45:57.651Z,buy,0.0001331,3.71,0.000493801
GVT/BTC,1592858757866,2020-06-22T20:45:57.866Z,buy,0.0001331,6.01,0.000799931
GVT/BTC,1592858757977,2020-06-22T20:45:57.977Z,buy,0.0001331,14.52,0.001932612
GVT/BTC,1592858758155,2020-06-22T20:45:58.155Z,buy,0.0001331,6.14,0.000817234
GVT/BTC,1592858758288,2020-06-22T20:45:58.288Z,buy,0.0001331,78.22,0.010411082
GVT/BTC,1592858758311,2020-06-22T20:45:58.311Z,buy,0.0001337,14.9,0.00199213
GVT/BTC,1592858758326,2020-06-22T20:45:58.326Z,buy,0.0001337,8.02,0.001072274
GVT/BTC,1592858758887,2020-06-22T20:45:58.887Z,buy,0.0001335,2.96,0.00039516
GVT/BTC,1592858758902,2020-06-22T20:45:58.902Z,sell,0.0001331,47.16,0.006276996
GVT/BTC,1592858758902,2020-06-22T20:45:58.902Z,sell,0.0001329,2.84,0.000377436
GVT/BTC,1592858759152,2020-06-22T20:45:59.152Z,buy,0.0001335,3.39,0.000452565
GVT/BTC,1592858759225,2020-06-22T20:45:59.225Z,sell,0.0001331,5.55,0.000738705
GVT/BTC,1592858759290,2020-06-22T20:45:59.290Z,buy,0.0001335,24.36,0.0032520599999999
GVT/BTC,1592858759402,2020-06-22T20:45:59.402Z,buy,0.0001337,3.39,0.000453243
GVT/BTC,1592858760021,2020-06-22T20:46:00.021Z,buy,0.0001332,1.45,0.00019314
GVT/BTC,1592858760021,2020-06-22T20:46:00.021Z,buy,0.0001337,204.39,0.0273269429999999
GVT/BTC,1592858760021,2020-06-22T20:46:00.021Z,buy,0.0001341,52.0,0.0069732
GVT/BTC,1592858760021,2020-06-22T20:46:00.021Z,buy,0.0001342,38.02,0.005102284
GVT/BTC,1592858760106,2020-06-22T20:46:00.106Z,buy,0.0001342,20.45,0.00274439
GVT/BTC,1592858760313,2020-06-22T20:46:00.313Z,sell,0.0001331,9.44,0.001256464
GVT/BTC,1592858760313,2020-06-22T20:46:00.313Z,sell,0.0001329,328.07,0.043600503
GVT/BTC,1592858760558,2020-06-22T20:46:00.558Z,buy,0.0001342,1.48,0.000198616
GVT/BTC,1592858761745,2020-06-22T20:46:01.745Z,buy,0.0001341,308.37,0.041352417
GVT/BTC,1592858762354,2020-06-22T20:46:02.354Z,sell,0.0001337,20.08,0.002684696
GVT/BTC,1592858762534,2020-06-22T20:46:02.534Z,buy,0.0001341,3.67,0.000492147
GVT/BTC,1592858763102,2020-06-22T20:46:03.102Z,buy,0.0001341,17.82,0.002389662
GVT/BTC,1592858765945,2020-06-22T20:46:05.945Z,buy,0.0001342,56.06,0.007523252
GVT/BTC,1592858766192,2020-06-22T20:46:06.192Z,sell,0.0001341,53.67,0.007197147
GVT/BTC,1592858766224,2020-06-22T20:46:06.224Z,buy,0.0001342,11.41,0.001531222
GVT/BTC,1592858766224,2020-06-22T20:46:06.224Z,buy,0.0001343,304.99,0.040960157
GVT/BTC,1592858767591,2020-06-22T20:46:07.591Z,sell,0.0001341,47.45,0.006363045
GVT/BTC,1592858767821,2020-06-22T20:46:07.821Z,sell,0.0001341,261.5,0.03506715
GVT/BTC,1592858771230,2020-06-22T20:46:11.230Z,buy,0.0001344,1.2,0.0001612799999999
GVT/BTC,1592858773250,2020-06-22T20:46:13.250Z,buy,0.0001343,79.45,0.010670135
GVT/BTC,1592858779840,2020-06-22T20:46:19.840Z,buy,0.0001344,7.53,0.001012032
GVT/BTC,1592858781606,2020-06-22T20:46:21.606Z,sell,0.0001342,2.99,0.000401258
GVT/BTC,1592858781606,2020-06-22T20:46:21.606Z,sell,0.0001341,140.6,0.01885446
GVT/BTC,1592858790749,2020-06-22T20:46:30.749Z,sell,0.0001341,72.7,0.00974907
GVT/BTC,1592858791969,2020-06-22T20:46:31.969Z,buy,0.0001344,18.6,0.00249984
GVT/BTC,1592858796253,2020-06-22T20:46:36.253Z,buy,0.0001344,124.3,0.01670592
GVT/BTC,1592858797248,2020-06-22T20:46:37.248Z,buy,0.0001343,45.0,0.0060435
GVT/BTC,1592858797890,2020-06-22T20:46:37.890Z,sell,0.0001341,218.16,0.029255256
GVT/BTC,1592858805848,2020-06-22T20:46:45.848Z,buy,0.0001344,35.6,0.00478464
GVT/BTC,1592858816901,2020-06-22T20:46:56.901Z,sell,0.0001341,30.71,0.004118211
GVT/BTC,1592858818866,2020-06-22T20:46:58.866Z,sell,0.0001341,40.19,0.005389479
GVT/BTC,1592858826855,2020-06-22T20:47:06.855Z,buy,0.0001344,69.45,0.00933408
GVT/BTC,1592858827956,2020-06-22T20:47:07.956Z,buy,0.0001344,7.45,0.00100128
GVT/BTC,1592858829061,2020-06-22T20:47:09.061Z,buy,0.0001344,7.45,0.00100128
GVT/BTC,1592858829547,2020-06-22T20:47:09.547Z,sell,0.0001342,165.38,0.022193996
GVT/BTC,1592858830060,2020-06-22T20:47:10.060Z,buy,0.0001344,7.45,0.00100128
GVT/BTC,1592858831562,2020-06-22T20:47:11.562Z,buy,0.0001344,7.45,0.00100128
GVT/BTC,1592858834362,2020-06-22T20:47:14.362Z,buy,0.0001344,7.45,0.00100128
GVT/BTC,1592858835962,2020-06-22T20:47:15.962Z,buy,0.0001344,7.45,0.00100128
GVT/BTC,1592858836961,2020-06-22T20:47:16.961Z,buy,0.0001344,7.45,0.00100128
GVT/BTC,1592858838165,2020-06-22T20:47:18.165Z,buy,0.0001344,7.45,0.00100128
GVT/BTC,1592858842177,2020-06-22T20:47:22.177Z,sell,0.0001342,112.02,0.015033084
GVT/BTC,1592858856972,2020-06-22T20:47:36.972Z,buy,0.0001344,153.57,0.0206398079999999
GVT/BTC,1592858860165,2020-06-22T20:47:40.165Z,buy,0.0001345,148.6,0.0199866999999999
GVT/BTC,1592858866894,2020-06-22T20:47:46.894Z,buy,0.0001345,28.26,0.00380097
GVT/BTC,1592858866894,2020-06-22T20:47:46.894Z,buy,0.0001346,190.71,0.0256695659999999
GVT/BTC,1592858866972,2020-06-22T20:47:46.972Z,buy,0.0001347,439.38,0.0591844859999999
GVT/BTC,1592858867968,2020-06-22T20:47:47.968Z,buy,0.0001347,28.23,0.0038025809999999
GVT/BTC,1592858867968,2020-06-22T20:47:47.968Z,buy,0.0001348,432.24,0.058265952
GVT/BTC,1592858869068,2020-06-22T20:47:49.068Z,buy,0.0001349,196.22,0.026470078
GVT/BTC,1592858870169,2020-06-22T20:47:50.169Z,buy,0.000135,1592.85,0.21503475
GVT/BTC,1592858871170,2020-06-22T20:47:51.170Z,buy,0.0001351,812.43,0.109759293
GVT/BTC,1592858872369,2020-06-22T20:47:52.369Z,buy,0.0001352,660.87,0.089349624
GVT/BTC,1592858873374,2020-06-22T20:47:53.374Z,buy,0.0001353,4677.51,0.632867103
GVT/BTC,1592858873461,2020-06-22T20:47:53.461Z,buy,0.0001353,52.92,0.007160076
GVT/BTC,1592858873461,2020-06-22T20:47:53.461Z,buy,0.0001354,18.53,0.002508962
GVT/BTC,1592858873461,2020-06-22T20:47:53.461Z,buy,0.0001355,8.91,0.0012073049999999
GVT/BTC,1592858873461,2020-06-22T20:47:53.461Z,buy,0.0001356,707.35,0.09591666
GVT/BTC,1592858874570,2020-06-22T20:47:54.570Z,buy,0.0001356,50.57,0.0068572919999999
GVT/BTC,1592858875575,2020-06-22T20:47:55.575Z,buy,0.0001355,277.12,0.0375497599999999
GVT/BTC,1592858876960,2020-06-22T20:47:56.960Z,buy,0.0001357,1.42,0.0001926939999999
GVT/BTC,1592858876960,2020-06-22T20:47:56.960Z,buy,0.0001358,125.84,0.017089072
GVT/BTC,1592858881701,2020-06-22T20:48:01.701Z,buy,0.0001358,55.25,0.0075029499999999
GVT/BTC,1592858881779,2020-06-22T20:48:01.779Z,buy,0.0001359,140.36,0.019074924
GVT/BTC,1592858882309,2020-06-22T20:48:02.309Z,sell,0.0001358,316.39,0.042965762
GVT/BTC,1592858882578,2020-06-22T20:48:02.578Z,sell,0.0001358,344.54,0.046788532
GVT/BTC,1592858882578,2020-06-22T20:48:02.578Z,sell,0.0001354,30.41,0.004117514
GVT/BTC,1592858882578,2020-06-22T20:48:02.578Z,sell,0.0001352,41.42,0.005599984
GVT/BTC,1592858882578,2020-06-22T20:48:02.578Z,sell,0.000135,69.6,0.009396
GVT/BTC,1592858882578,2020-06-22T20:48:02.578Z,sell,0.0001349,420.57,0.056734893
GVT/BTC,1592858882578,2020-06-22T20:48:02.578Z,sell,0.0001348,123.2,0.01660736
GVT/BTC,1592858882578,2020-06-22T20:48:02.578Z,sell,0.0001347,1.43,0.0001926209999999
GVT/BTC,1592858882578,2020-06-22T20:48:02.578Z,sell,0.0001344,417.41,0.056099904
GVT/BTC,1592858882578,2020-06-22T20:48:02.578Z,sell,0.0001343,436.55,0.058628665
GVT/BTC,1592858882578,2020-06-22T20:48:02.578Z,sell,0.0001342,340.38,0.045678996
GVT/BTC,1592858883078,2020-06-22T20:48:03.078Z,sell,0.0001353,0.75,0.000101475
GVT/BTC,1592858884936,2020-06-22T20:48:04.936Z,buy,0.0001352,1.43,0.000193336
GVT/BTC,1592858884936,2020-06-22T20:48:04.936Z,buy,0.0001355,109.59,0.014849445
GVT/BTC,1592858884936,2020-06-22T20:48:04.936Z,buy,0.0001356,1216.41,0.164945196
GVT/BTC,1592858888548,2020-06-22T20:48:08.548Z,buy,0.0001357,63.02,0.008551814
GVT/BTC,1592858888548,2020-06-22T20:48:08.548Z,buy,0.0001358,61.6,0.00836528
GVT/BTC,1592858888548,2020-06-22T20:48:08.548Z,buy,0.0001359,39.58,0.0053789219999999
GVT/BTC,1592858888578,2020-06-22T20:48:08.578Z,sell,0.0001359,599.25,0.081438075
GVT/BTC,1592858888582,2020-06-22T20:48:08.582Z,sell,0.0001359,276.54,0.037581786
GVT/BTC,1592858896318,2020-06-22T20:48:16.318Z,buy,0.0001359,5.54,0.000752886
GVT/BTC,1592858896455,2020-06-22T20:48:16.455Z,buy,0.0001359,2.77,0.000376443
GVT/BTC,1592858903196,2020-06-22T20:48:23.196Z,sell,0.0001354,18.6,0.00251844
GVT/BTC,1592858905714,2020-06-22T20:48:25.714Z,sell,0.0001354,7.25,0.00098165
GVT/BTC,1592858908684,2020-06-22T20:48:28.684Z,buy,0.0001359,3.69,0.000501471
GVT/BTC,1592858915822,2020-06-22T20:48:35.822Z,sell,0.0001354,340.04,0.046041416
GVT/BTC,1592858945888,2020-06-22T20:49:05.888Z,buy,0.0001359,11.04,0.001500336
GVT/BTC,1592858946054,2020-06-22T20:49:06.054Z,buy,0.0001359,73.59,0.010000881
GVT/BTC,1592858946137,2020-06-22T20:49:06.137Z,buy,0.0001359,3.68,0.000500112
GVT/BTC,1592858946137,2020-06-22T20:49:06.137Z,buy,0.0001359,3.68,0.000500112
GVT/BTC,1592858969432,2020-06-22T20:49:29.432Z,sell,0.0001358,294.55,0.03999989
GVT/BTC,1592858978792,2020-06-22T20:49:38.792Z,sell,0.0001356,312.16,0.042328896
GVT/BTC,1592858981955,2020-06-22T20:49:41.955Z,buy,0.0001359,4.45,0.000604755
GVT/BTC,1592858981987,2020-06-22T20:49:41.987Z,sell,0.0001359,142.71,0.019394289
GVT/BTC,1592859007422,2020-06-22T20:50:07.422Z,buy,0.000136,17.19,0.00233784
GVT/BTC,1592859015439,2020-06-22T20:50:15.439Z,sell,0.0001356,77.4,0.01049544
GVT/BTC,1592859035625,2020-06-22T20:50:35.625Z,buy,0.0001358,39.11,0.005311138
GVT/BTC,1592859044231,2020-06-22T20:50:44.231Z,buy,0.0001358,31.3,0.00425054
GVT/BTC,1592859044231,2020-06-22T20:50:44.231Z,buy,0.0001359,317.1,0.04309389
GVT/BTC,1592859044246,2020-06-22T20:50:44.246Z,sell,0.0001359,229.94,0.031248846
GVT/BTC,1592859060638,2020-06-22T20:51:00.638Z,buy,0.0001359,1.0,0.0001359
GVT/BTC,1592859060871,2020-06-22T20:51:00.871Z,buy,0.0001359,72.0,0.0097848
GVT/BTC,1592859060871,2020-06-22T20:51:00.871Z,buy,0.000136,2927.41,0.39812776
GVT/BTC,1592859060929,2020-06-22T20:51:00.929Z,buy,0.0001361,3.0,0.0004083
GVT/BTC,1592859091471,2020-06-22T20:51:31.471Z,buy,0.0001362,2.3,0.00031326
GVT/BTC,1592859091471,2020-06-22T20:51:31.471Z,buy,0.0001363,5.42,0.000738746
GVT/BTC,1592859091471,2020-06-22T20:51:31.471Z,buy,0.0001363,6.43,0.000876409
GVT/BTC,1592859091471,2020-06-22T20:51:31.471Z,buy,0.0001364,1.48,0.000201872
GVT/BTC,1592859091471,2020-06-22T20:51:31.471Z,buy,0.0001365,0.75,0.000102375
GVT/BTC,1592859091471,2020-06-22T20:51:31.471Z,buy,0.0001366,64.34,0.008788844
GVT/BTC,1592859094402,2020-06-22T20:51:34.402Z,buy,0.0001366,367.37,0.050182742
GVT/BTC,1592859097525,2020-06-22T20:51:37.525Z,buy,0.0001366,18.29,0.002498414
GVT/BTC,1592859101435,2020-06-22T20:51:41.435Z,buy,0.0001366,83.19,0.011363754
GVT/BTC,1592859112226,2020-06-22T20:51:52.226Z,buy,0.0001366,267.66,0.036562356
GVT/BTC,1592859124031,2020-06-22T20:52:04.031Z,buy,0.0001366,46.12,0.006299992
GVT/BTC,1592859150077,2020-06-22T20:52:30.077Z,buy,0.0001366,1716.6,0.23448756
GVT/BTC,1592859150095,2020-06-22T20:52:30.095Z,buy,0.0001367,87.96,0.0120241319999999
GVT/BTC,1592859150157,2020-06-22T20:52:30.157Z,buy,0.0001369,29.49,0.004037181
GVT/BTC,1592859151169,2020-06-22T20:52:31.169Z,buy,0.000137,10.38,0.00142206
GVT/BTC,1592859152167,2020-06-22T20:52:32.167Z,buy,0.000137,3.07,0.00042059
GVT/BTC,1592859153176,2020-06-22T20:52:33.176Z,buy,0.000137,3.07,0.00042059
GVT/BTC,1592859154177,2020-06-22T20:52:34.177Z,buy,0.000137,3.07,0.00042059
GVT/BTC,1592859155194,2020-06-22T20:52:35.194Z,buy,0.000137,3.07,0.00042059
GVT/BTC,1592859156206,2020-06-22T20:52:36.206Z,sell,0.0001367,102.59,0.014024053
GVT/BTC,1592859156216,2020-06-22T20:52:36.216Z,buy,0.000137,3.07,0.00042059
GVT/BTC,1592859158919,2020-06-22T20:52:38.919Z,buy,0.000137,12.18,0.00166866
GVT/BTC,1592859158919,2020-06-22T20:52:38.919Z,buy,0.0001371,2.82,0.000386622
GVT/BTC,1592859174297,2020-06-22T20:52:54.297Z,sell,0.0001362,6.4,0.00087168
GVT/BTC,1592859174355,2020-06-22T20:52:54.355Z,buy,0.0001362,11.42,0.001555404
GVT/BTC,1592859175848,2020-06-22T20:52:55.848Z,sell,0.0001361,3.21,0.000436881
GVT/BTC,1592859175848,2020-06-22T20:52:55.848Z,sell,0.0001359,0.75,0.000101925
GVT/BTC,1592859175848,2020-06-22T20:52:55.848Z,sell,0.0001358,11.0,0.0014938
GVT/BTC,1592859175848,2020-06-22T20:52:55.848Z,sell,0.0001357,43.28,0.0058730959999999
GVT/BTC,1592859177654,2020-06-22T20:52:57.654Z,sell,0.0001358,14.9,0.00202342
GVT/BTC,1592859177757,2020-06-22T20:52:57.757Z,buy,0.0001363,14.9,0.00203087
GVT/BTC,1592859181262,2020-06-22T20:53:01.262Z,buy,0.0001365,0.75,0.000102375
GVT/BTC,1592859182282,2020-06-22T20:53:02.282Z,buy,0.0001364,14.35,0.00195734
GVT/BTC,1592859243106,2020-06-22T20:54:03.106Z,buy,0.0001367,1.41,0.0001927469999999
GVT/BTC,1592859243106,2020-06-22T20:54:03.106Z,buy,0.0001371,19.32,0.002648772
GVT/BTC,1592859243106,2020-06-22T20:54:03.106Z,buy,0.0001372,33.65,0.00461678
GVT/BTC,1592859243106,2020-06-22T20:54:03.106Z,buy,0.0001373,33.72,0.004629756
GVT/BTC,1592859243106,2020-06-22T20:54:03.106Z,buy,0.0001374,1092.31,0.150083394
GVT/BTC,1592859243106,2020-06-22T20:54:03.106Z,buy,0.0001375,344.05,0.047306875
GVT/BTC,1592859243106,2020-06-22T20:54:03.106Z,buy,0.0001376,474.52,0.065293952
GVT/BTC,1592859243179,2020-06-22T20:54:03.179Z,sell,0.0001376,27.17,0.003738592
GVT/BTC,1592859244298,2020-06-22T20:54:04.298Z,buy,0.0001375,17.38,0.00238975
GVT/BTC,1592859246127,2020-06-22T20:54:06.127Z,sell,0.0001367,1.4,0.0001913799999999
GVT/BTC,1592859246127,2020-06-22T20:54:06.127Z,sell,0.0001366,4.74,0.000647484
GVT/BTC,1592859317554,2020-06-22T20:55:17.554Z,buy,0.0001371,0.74,0.000101454
GVT/BTC,1592859342069,2020-06-22T20:55:42.069Z,buy,0.0001371,4.0,0.0005484
GVT/BTC,1592859342069,2020-06-22T20:55:42.069Z,buy,0.0001372,1.4,0.00019208
GVT/BTC,1592859342069,2020-06-22T20:55:42.069Z,buy,0.0001376,51.49,0.007085024
GVT/BTC,1592859342069,2020-06-22T20:55:42.069Z,buy,0.0001377,14.44,0.001988388
GVT/BTC,1592859344250,2020-06-22T20:55:44.250Z,sell,0.0001368,51.42,0.007034256
GVT/BTC,1592859344250,2020-06-22T20:55:44.250Z,sell,0.0001367,122.56,0.016753952
GVT/BTC,1592859344250,2020-06-22T20:55:44.250Z,sell,0.0001366,12.29,0.001678814
GVT/BTC,1592859344250,2020-06-22T20:55:44.250Z,sell,0.0001365,0.75,0.000102375
GVT/BTC,1592859344250,2020-06-22T20:55:44.250Z,sell,0.0001364,14.94,0.002037816
GVT/BTC,1592859345099,2020-06-22T20:55:45.099Z,sell,0.0001372,1.4,0.00019208
GVT/BTC,1592859353699,2020-06-22T20:55:53.699Z,sell,0.0001371,18.41,0.002524011
GVT/BTC,1592859354732,2020-06-22T20:55:54.732Z,sell,0.0001367,1.4,0.0001913799999999
GVT/BTC,1592859361183,2020-06-22T20:56:01.183Z,buy,0.0001371,593.29,0.0813400589999999
GVT/BTC,1592859361183,2020-06-22T20:56:01.183Z,buy,0.0001372,2.15,0.0002949799999999
GVT/BTC,1592859361183,2020-06-22T20:56:01.183Z,buy,0.0001375,420.27,0.057787125
GVT/BTC,1592859361183,2020-06-22T20:56:01.183Z,buy,0.0001376,0.97,0.000133472
GVT/BTC,1592859361195,2020-06-22T20:56:01.195Z,sell,0.0001376,78.43,0.010791968
GVT/BTC,1592859361199,2020-06-22T20:56:01.199Z,sell,0.0001376,104.06,0.014318656
GVT/BTC,1592859368895,2020-06-22T20:56:08.895Z,sell,0.0001373,11.65,0.001599545
GVT/BTC,1592859431199,2020-06-22T20:57:11.199Z,buy,0.0001373,51.42,0.007059966
GVT/BTC,1592859431199,2020-06-22T20:57:11.199Z,buy,0.0001374,545.48,0.074948952
GVT/BTC,1592859431305,2020-06-22T20:57:11.305Z,sell,0.0001374,1078.93,0.148244982
GVT/BTC,1592859656272,2020-06-22T21:00:56.272Z,sell,0.0001367,1.4,0.0001913799999999
GVT/BTC,1592859656272,2020-06-22T21:00:56.272Z,sell,0.0001365,0.75,0.000102375
GVT/BTC,1592859656272,2020-06-22T21:00:56.272Z,sell,0.0001362,20.39,0.002777118
GVT/BTC,1592859781121,2020-06-22T21:03:01.121Z,sell,0.0001362,93.69,0.012760578
GVT/BTC,1592859842628,2020-06-22T21:04:02.628Z,buy,0.0001362,2.27,0.000309174
GVT/BTC,1592859861186,2020-06-22T21:04:21.186Z,buy,0.0001362,18.3,0.00249246
GVT/BTC,1592859922567,2020-06-22T21:05:22.567Z,sell,0.0001359,0.75,0.000101925
GVT/BTC,1592859922567,2020-06-22T21:05:22.567Z,sell,0.0001358,1.66,0.0002254279999999
GVT/BTC,1592859922567,2020-06-22T21:05:22.567Z,sell,0.0001357,1.41,0.0001913369999999
GVT/BTC,1592859922567,2020-06-22T21:05:22.567Z,sell,0.0001354,40.0,0.005416
GVT/BTC,1592859922567,2020-06-22T21:05:22.567Z,sell,0.0001353,418.53,0.056627109
GVT/BTC,1592859922567,2020-06-22T21:05:22.567Z,sell,0.0001352,472.01,0.063815752
GVT/BTC,1592859922567,2020-06-22T21:05:22.567Z,sell,0.0001351,413.19,0.055821969
GVT/BTC,1592859922567,2020-06-22T21:05:22.567Z,sell,0.000135,29.57,0.00399195
GVT/BTC,1592859935085,2020-06-22T21:05:35.085Z,buy,0.0001356,2.64,0.000357984
GVT/BTC,1592859939442,2020-06-22T21:05:39.442Z,buy,0.0001356,7.35,0.00099666
GVT/BTC,1592860028152,2020-06-22T21:07:08.152Z,buy,0.0001356,0.74,0.0001003439999999
GVT/BTC,1592860035522,2020-06-22T21:07:15.522Z,sell,0.0001352,44.93,0.006074536
GVT/BTC,1592860035522,2020-06-22T21:07:15.522Z,sell,0.000135,40.0,0.0054
GVT/BTC,1592860035522,2020-06-22T21:07:15.522Z,sell,0.0001349,61.53,0.008300397
GVT/BTC,1592860035522,2020-06-22T21:07:15.522Z,sell,0.0001348,26.14,0.003523672
GVT/BTC,1592860035522,2020-06-22T21:07:15.522Z,sell,0.0001347,7.43,0.0010008209999999
GVT/BTC,1592860035522,2020-06-22T21:07:15.522Z,sell,0.0001346,100.55,0.0135340299999999
GVT/BTC,1592860056881,2020-06-22T21:07:36.881Z,sell,0.0001347,129.31,0.017418057
GVT/BTC,1592860075228,2020-06-22T21:07:55.228Z,sell,0.0001348,27.8,0.00374744
GVT/BTC,1592860075228,2020-06-22T21:07:55.228Z,sell,0.0001347,6.01,0.000809547
GVT/BTC,1592860075228,2020-06-22T21:07:55.228Z,sell,0.0001346,22.08,0.0029719679999999
GVT/BTC,1592860106659,2020-06-22T21:08:26.659Z,buy,0.0001352,1.0,0.0001352
GVT/BTC,1592860147121,2020-06-22T21:09:07.121Z,buy,0.0001352,0.43,5.8136e-05
GVT/BTC,1592860230928,2020-06-22T21:10:30.928Z,sell,0.0001348,62.34,0.008403432
GVT/BTC,1592860230928,2020-06-22T21:10:30.928Z,sell,0.0001347,1.43,0.0001926209999999
GVT/BTC,1592860230928,2020-06-22T21:10:30.928Z,sell,0.0001346,57.59,0.007751614
GVT/BTC,1592860239543,2020-06-22T21:10:39.543Z,sell,0.0001348,218.15,0.02940662
GVT/BTC,1592860240641,2020-06-22T21:10:40.641Z,sell,0.0001348,151.47,0.020418156
GVT/BTC,1592860241737,2020-06-22T21:10:41.737Z,sell,0.0001348,105.12,0.014170176
GVT/BTC,1592860242738,2020-06-22T21:10:42.738Z,sell,0.0001348,73.04,0.009845792
GVT/BTC,1592860243948,2020-06-22T21:10:43.948Z,sell,0.0001348,50.68,0.0068316639999999
GVT/BTC,1592860245050,2020-06-22T21:10:45.050Z,sell,0.0001348,35.25,0.0047517
GVT/BTC,1592860246246,2020-06-22T21:10:46.246Z,sell,0.0001348,24.55,0.00330934
GVT/BTC,1592860247544,2020-06-22T21:10:47.544Z,sell,0.0001348,17.08,0.0023023839999999
GVT/BTC,1592860248737,2020-06-22T21:10:48.737Z,sell,0.0001348,11.88,0.001601424
GVT/BTC,1592860249839,2020-06-22T21:10:49.839Z,sell,0.0001348,8.25,0.0011121
GVT/BTC,1592860326354,2020-06-22T21:12:06.354Z,sell,0.0001348,144.53,0.019482644
GVT/BTC,1592860326354,2020-06-22T21:12:06.354Z,sell,0.0001346,62.06,0.008353276
GVT/BTC,1592860326354,2020-06-22T21:12:06.354Z,sell,0.0001345,345.89,0.046522205
GVT/BTC,1592860335648,2020-06-22T21:12:15.648Z,sell,0.0001345,360.78,0.0485249099999999
GVT/BTC,1592860336150,2020-06-22T21:12:16.150Z,sell,0.0001345,215.06,0.0289255699999999
GVT/BTC,1592860348597,2020-06-22T21:12:28.597Z,sell,0.0001343,24.72,0.003319896
GVT/BTC,1592860348597,2020-06-22T21:12:28.597Z,sell,0.0001342,21.3,0.00285846
GVT/BTC,1592860367057,2020-06-22T21:12:47.057Z,sell,0.0001342,0.96,0.000128832
GVT/BTC,1592860411255,2020-06-22T21:13:31.255Z,sell,0.0001342,13.39,0.001796938
GVT/BTC,1592860459093,2020-06-22T21:14:19.093Z,buy,0.0001343,5.75,0.000772225
GVT/BTC,1592860531387,2020-06-22T21:15:31.387Z,sell,0.0001343,12.0,0.0016116
GVT/BTC,1592860554101,2020-06-22T21:15:54.101Z,buy,0.0001347,1.43,0.0001926209999999
GVT/BTC,1592860630828,2020-06-22T21:17:10.828Z,buy,0.0001348,38.14,0.005141272
GVT/BTC,1592860634598,2020-06-22T21:17:14.598Z,buy,0.0001348,40.0,0.005392
GVT/BTC,1592860634683,2020-06-22T21:17:14.683Z,sell,0.0001348,94.66,0.0127601679999999
GVT/BTC,1592860635882,2020-06-22T21:17:15.882Z,sell,0.0001348,42.72,0.005758656
GVT/BTC,1592860656084,2020-06-22T21:17:36.084Z,sell,0.0001348,44.62,0.0060147759999999
GVT/BTC,1592860657382,2020-06-22T21:17:37.382Z,sell,0.0001348,29.39,0.003961772
GVT/BTC,1592860720288,2020-06-22T21:18:40.288Z,sell,0.0001348,13.07,0.001761836
GVT/BTC,1592860721690,2020-06-22T21:18:41.690Z,sell,0.0001348,9.05,0.00121994
GVT/BTC,1592860901197,2020-06-22T21:21:41.197Z,buy,0.000135,1.86,0.0002511
GVT/BTC,1592860919983,2020-06-22T21:21:59.983Z,buy,0.0001351,285.08,0.038514308
GVT/BTC,1592860919997,2020-06-22T21:21:59.997Z,sell,0.000135,93.23,0.01258605
GVT/BTC,1592861130448,2020-06-22T21:25:30.448Z,buy,0.000135,10.73,0.00144855
GVT/BTC,1592861132539,2020-06-22T21:25:32.539Z,buy,0.000135,2.3,0.0003104999999999
GVT/BTC,1592861153441,2020-06-22T21:25:53.441Z,sell,0.0001345,11.46,0.00154137
GVT/BTC,1592861153441,2020-06-22T21:25:53.441Z,sell,0.0001342,1.43,0.000191906
GVT/BTC,1592861153441,2020-06-22T21:25:53.441Z,sell,0.000134,41.5,0.005561
GVT/BTC,1592861153441,2020-06-22T21:25:53.441Z,sell,0.0001339,173.02,0.023167378
GVT/BTC,1592861322582,2020-06-22T21:28:42.582Z,sell,0.0001343,0.75,0.000100725
GVT/BTC,1592861322582,2020-06-22T21:28:42.582Z,sell,0.000134,35.95,0.0048173
GVT/BTC,1592861322582,2020-06-22T21:28:42.582Z,sell,0.0001339,46.4,0.00621296
GVT/BTC,1592861322592,2020-06-22T21:28:42.592Z,buy,0.0001339,11.21,0.001501019
GVT/BTC,1592861322616,2020-06-22T21:28:42.616Z,buy,0.0001339,42.25,0.005657275
GVT/BTC,1592861399096,2020-06-22T21:29:59.096Z,sell,0.0001339,40.0,0.005356
GVT/BTC,1592861399109,2020-06-22T21:29:59.109Z,buy,0.0001339,48.05,0.0064338949999999
GVT/BTC,1592861461067,2020-06-22T21:31:01.067Z,buy,0.0001339,7.24,0.000969436
GVT/BTC,1592861461067,2020-06-22T21:31:01.067Z,buy,0.0001344,25.54,0.0034325759999999
GVT/BTC,1592861678287,2020-06-22T21:34:38.287Z,buy,0.0001345,1.02,0.0001371899999999
GVT/BTC,1592861678601,2020-06-22T21:34:38.601Z,buy,0.0001345,2.47,0.000332215
GVT/BTC,1592861680239,2020-06-22T21:34:40.239Z,buy,0.0001345,0.97,0.000130465
GVT/BTC,1592861686869,2020-06-22T21:34:46.869Z,buy,0.0001345,0.89,0.0001197049999999
GVT/BTC,1592861688516,2020-06-22T21:34:48.516Z,buy,0.0001345,1.27,0.000170815
GVT/BTC,1592861704397,2020-06-22T21:35:04.397Z,sell,0.000134,69.93,0.00937062
GVT/BTC,1592861761908,2020-06-22T21:36:01.908Z,buy,0.0001345,29.33,0.0039448849999999
GVT/BTC,1592861936091,2020-06-22T21:38:56.091Z,buy,0.0001347,1.43,0.0001926209999999
GVT/BTC,1592861936108,2020-06-22T21:38:56.108Z,buy,0.0001349,0.89,0.000120061
GVT/BTC,1592861994662,2020-06-22T21:39:54.662Z,buy,0.0001349,40.0,0.005396
GVT/BTC,1592861994673,2020-06-22T21:39:54.673Z,sell,0.0001349,47.82,0.006450918
GVT/BTC,1592861994721,2020-06-22T21:39:54.721Z,sell,0.0001349,11.28,0.001521672
GVT/BTC,1592862002050,2020-06-22T21:40:02.050Z,sell,0.0001349,148.65,0.020052885
GVT/BTC,1592862002050,2020-06-22T21:40:02.050Z,sell,0.0001345,156.8,0.0210896
GVT/BTC,1592862005655,2020-06-22T21:40:05.655Z,sell,0.0001345,148.65,0.019993425
GVT/BTC,1592862010383,2020-06-22T21:40:10.383Z,sell,0.0001343,40.0,0.005372
GVT/BTC,1592862018823,2020-06-22T21:40:18.823Z,sell,0.0001345,74.54,0.01002563
GVT/BTC,1592862038607,2020-06-22T21:40:38.607Z,sell,0.0001345,74.55,0.0100269749999999
GVT/BTC,1592862038633,2020-06-22T21:40:38.633Z,buy,0.0001343,599.11,0.080460473
GVT/BTC,1592862038639,2020-06-22T21:40:38.639Z,buy,0.0001343,127.28,0.017093704
GVT/BTC,1592862132241,2020-06-22T21:42:12.241Z,sell,0.0001343,285.82,0.038385626
GVT/BTC,1592862138922,2020-06-22T21:42:18.922Z,sell,0.0001342,471.64,0.063294088
GVT/BTC,1592862185496,2020-06-22T21:43:05.496Z,buy,0.0001347,1.43,0.0001926209999999
GVT/BTC,1592862185496,2020-06-22T21:43:05.496Z,buy,0.0001349,0.96,0.0001295039999999
GVT/BTC,1592862185496,2020-06-22T21:43:05.496Z,buy,0.0001352,1.43,0.000193336
GVT/BTC,1592862185496,2020-06-22T21:43:05.496Z,buy,0.0001353,40.89,0.005532417
GVT/BTC,1592862185496,2020-06-22T21:43:05.496Z,buy,0.0001354,62.27,0.008431358
GVT/BTC,1592862239736,2020-06-22T21:43:59.736Z,buy,0.0001354,41.49,0.005617746
GVT/BTC,1592862239736,2020-06-22T21:43:59.736Z,buy,0.0001355,58.88,0.00797824
GVT/BTC,1592862239736,2020-06-22T21:43:59.736Z,buy,0.0001356,11.43,0.0015499079999999
GVT/BTC,1592862239736,2020-06-22T21:43:59.736Z,buy,0.0001357,1.42,0.0001926939999999
GVT/BTC,1592862239736,2020-06-22T21:43:59.736Z,buy,0.0001358,761.96,0.103474168
GVT/BTC,1592862239736,2020-06-22T21:43:59.736Z,buy,0.0001359,213.84,0.029060856
GVT/BTC,1592862258950,2020-06-22T21:44:18.950Z,buy,0.0001358,14.46,0.001963668
GVT/BTC,1592862258950,2020-06-22T21:44:18.950Z,buy,0.0001359,183.81,0.024979779
GVT/BTC,1592862308281,2020-06-22T21:45:08.281Z,sell,0.0001359,0.75,0.000101925
GVT/BTC,1592862309896,2020-06-22T21:45:09.896Z,buy,0.000136,420.05,0.0571268
GVT/BTC,1592862309896,2020-06-22T21:45:09.896Z,buy,0.0001361,459.27,0.062506647
GVT/BTC,1592862309896,2020-06-22T21:45:09.896Z,buy,0.0001362,442.3,0.06024126
GVT/BTC,1592862384529,2020-06-22T21:46:24.529Z,sell,0.0001362,0.76,0.000103512
GVT/BTC,1592862385034,2020-06-22T21:46:25.034Z,sell,0.0001362,0.77,0.000104874
GVT/BTC,1592862485967,2020-06-22T21:48:05.967Z,buy,0.0001363,0.77,0.000104951
GVT/BTC,1592862485967,2020-06-22T21:48:05.967Z,buy,0.0001364,0.22,3.0008e-05
GVT/BTC,1592862485967,2020-06-22T21:48:05.967Z,buy,0.0001363,0.77,0.000104951
GVT/BTC,1592862485967,2020-06-22T21:48:05.967Z,buy,0.0001364,0.22,3.0008e-05
GVT/BTC,1592862594772,2020-06-22T21:49:54.772Z,buy,0.0001364,1.26,0.000171864
GVT/BTC,1592862594772,2020-06-22T21:49:54.772Z,buy,0.0001365,0.75,0.000102375
GVT/BTC,1592862594772,2020-06-22T21:49:54.772Z,buy,0.0001366,35.1,0.00479466
GVT/BTC,1592862594772,2020-06-22T21:49:54.772Z,buy,0.0001367,3.64,0.000497588
GVT/BTC,1592862594772,2020-06-22T21:49:54.772Z,buy,0.0001368,159.25,0.0217854
GVT/BTC,1592862636638,2020-06-22T21:50:36.638Z,buy,0.0001367,0.74,0.000101158
GVT/BTC,1592862636638,2020-06-22T21:50:36.638Z,buy,0.0001368,504.71,0.0690443279999999
GVT/BTC,1592862636649,2020-06-22T21:50:36.649Z,sell,0.0001368,94.55,0.0129344399999999
GVT/BTC,1592862697469,2020-06-22T21:51:37.469Z,buy,0.0001368,35.05,0.0047948399999999
GVT/BTC,1592862697469,2020-06-22T21:51:37.469Z,buy,0.0001369,914.95,0.125256655
GVT/BTC,1592863037433,2020-06-22T21:57:17.433Z,buy,0.0001369,3.0,0.0004106999999999
GVT/BTC,1592863037433,2020-06-22T21:57:17.433Z,buy,0.000137,258.91,0.03547067
GVT/BTC,1592863037510,2020-06-22T21:57:17.510Z,sell,0.000137,244.64,0.03351568
GVT/BTC,1592863039003,2020-06-22T21:57:19.003Z,sell,0.000137,169.16,0.0231749199999999
GVT/BTC,1592863039012,2020-06-22T21:57:19.012Z,sell,0.000137,200.65,0.02748905
GVT/BTC,1592863040872,2020-06-22T21:57:20.872Z,sell,0.0001362,1.41,0.000192042
GVT/BTC,1592863040872,2020-06-22T21:57:20.872Z,sell,0.0001359,2.95,0.000400905
GVT/BTC,1592864710758,2020-06-22T22:25:10.758Z,sell,0.0001363,6.45,0.000879135
GVT/BTC,1592864857250,2020-06-22T22:27:37.250Z,sell,0.0001363,40.0,0.005452
GVT/BTC,1592864857250,2020-06-22T22:27:37.250Z,sell,0.0001362,5.36,0.000730032
GVT/BTC,1592865249485,2020-06-22T22:34:09.485Z,sell,0.0001363,121.12,0.016508656
GVT/BTC,1592865249485,2020-06-22T22:34:09.485Z,sell,0.0001361,27.95,0.003803995
GVT/BTC,1592865249485,2020-06-22T22:34:09.485Z,sell,0.000136,34.86,0.00474096
GVT/BTC,1592865249485,2020-06-22T22:34:09.485Z,sell,0.0001359,0.75,0.000101925
GVT/BTC,1592865249485,2020-06-22T22:34:09.485Z,sell,0.0001357,1.41,0.0001913369999999
GVT/BTC,1592865249485,2020-06-22T22:34:09.485Z,sell,0.0001356,40.0,0.005424
GVT/BTC,1592865249485,2020-06-22T22:34:09.485Z,sell,0.0001355,389.85,0.0528246749999999
GVT/BTC,1592865249549,2020-06-22T22:34:09.549Z,buy,0.0001355,200.65,0.027188075
GVT/BTC,1592865249557,2020-06-22T22:34:09.557Z,buy,0.0001355,220.41,0.0298655549999999
GVT/BTC,1592865265387,2020-06-22T22:34:25.387Z,buy,0.0001362,1.41,0.000192042
GVT/BTC,1592865321734,2020-06-22T22:35:21.734Z,buy,0.0001361,0.75,0.000102075
GVT/BTC,1592865324402,2020-06-22T22:35:24.402Z,buy,0.0001361,0.88,0.000119768
GVT/BTC,1592865368080,2020-06-22T22:36:08.080Z,buy,0.0001361,0.74,0.000100714
GVT/BTC,1592866019607,2020-06-22T22:46:59.607Z,sell,0.0001357,1.41,0.0001913369999999
GVT/BTC,1592866019607,2020-06-22T22:46:59.607Z,sell,0.0001356,13.59,0.0018428039999999
GVT/BTC,1592866028850,2020-06-22T22:47:08.850Z,buy,0.0001361,2.99,0.000406939
GVT/BTC,1592866028850,2020-06-22T22:47:08.850Z,buy,0.0001362,10.17,0.001385154
GVT/BTC,1592866028850,2020-06-22T22:47:08.850Z,buy,0.0001361,2.99,0.000406939
GVT/BTC,1592866028850,2020-06-22T22:47:08.850Z,buy,0.0001362,10.17,0.001385154
GVT/BTC,1592866301760,2020-06-22T22:51:41.760Z,buy,0.0001361,40.0,0.005444
GVT/BTC,1592866301760,2020-06-22T22:51:41.760Z,buy,0.0001362,35.25,0.00480105
GVT/BTC,1592866343220,2020-06-22T22:52:23.220Z,buy,0.0001361,40.0,0.005444
GVT/BTC,1592866376573,2020-06-22T22:52:56.573Z,sell,0.0001361,50.53,0.006877133
GVT/BTC,1592866378274,2020-06-22T22:52:58.274Z,sell,0.0001361,14.21,0.001933981
GVT/BTC,1592866472396,2020-06-22T22:54:32.396Z,sell,0.0001361,13.97,0.001901317
GVT/BTC,1592866472402,2020-06-22T22:54:32.402Z,sell,0.0001361,16.33,0.0022225129999999
GVT/BTC,1592866477098,2020-06-22T22:54:37.098Z,sell,0.0001361,90.93,0.012375573
GVT/BTC,1592866511022,2020-06-22T22:55:11.022Z,sell,0.0001354,9.87,0.001336398
GVT/BTC,1592866617215,2020-06-22T22:56:57.215Z,sell,0.0001354,121.63,0.016468702
GVT/BTC,1592866617215,2020-06-22T22:56:57.215Z,sell,0.0001353,2.22,0.000300366
GVT/BTC,1592866617215,2020-06-22T22:56:57.215Z,sell,0.0001352,1.42,0.000191984
GVT/BTC,1592866617215,2020-06-22T22:56:57.215Z,sell,0.0001351,47.23,0.006380773
GVT/BTC,1592866624722,2020-06-22T22:57:04.722Z,buy,0.0001357,1.42,0.0001926939999999
GVT/BTC,1592867107957,2020-06-22T23:05:07.957Z,buy,0.0001359,0.75,0.000101925
GVT/BTC,1592867368216,2020-06-22T23:09:28.216Z,buy,0.0001361,13.7,0.0018645699999999
GVT/BTC,1592867931982,2020-06-22T23:18:51.982Z,sell,0.0001356,23.2,0.0031459199999999
GVT/BTC,1592867998579,2020-06-22T23:19:58.579Z,sell,0.0001355,4.97,0.0006734349999999
GVT/BTC,1592868314029,2020-06-22T23:25:14.029Z,buy,0.0001361,3.45,0.000469545
GVT/BTC,1592868316136,2020-06-22T23:25:16.136Z,buy,0.0001361,105.84,0.014404824
GVT/BTC,1592868328957,2020-06-22T23:25:28.957Z,buy,0.0001361,2.2,0.00029942
GVT/BTC,1592868384024,2020-06-22T23:26:24.024Z,sell,0.0001355,109.84,0.0148833199999999
GVT/BTC,1592868400907,2020-06-22T23:26:40.907Z,buy,0.0001355,0.76,0.0001029799999999
GVT/BTC,1592868439516,2020-06-22T23:27:19.516Z,buy,0.0001355,0.89,0.0001205949999999
GVT/BTC,1592868612833,2020-06-22T23:30:12.833Z,buy,0.0001355,612.04,0.0829314199999999
GVT/BTC,1592868612912,2020-06-22T23:30:12.912Z,buy,0.0001355,18.73,0.002537915
GVT/BTC,1592868623962,2020-06-22T23:30:23.962Z,buy,0.0001359,0.76,0.000103284
GVT/BTC,1592868970969,2020-06-22T23:36:10.969Z,buy,0.0001361,45.0,0.0061245
GVT/BTC,1592869171654,2020-06-22T23:39:31.654Z,buy,0.0001361,1.6,0.00021776
GVT/BTC,1592869179343,2020-06-22T23:39:39.343Z,sell,0.0001361,10.53,0.0014331329999999
GVT/BTC,1592869535395,2020-06-22T23:45:35.395Z,buy,0.0001362,2.3,0.00031326
GVT/BTC,1592869535395,2020-06-22T23:45:35.395Z,buy,0.0001363,0.77,0.000104951
GVT/BTC,1592869535395,2020-06-22T23:45:35.395Z,buy,0.0001365,63.48,0.00866502
GVT/BTC,1592869535395,2020-06-22T23:45:35.395Z,buy,0.0001366,0.88,0.000120208
GVT/BTC,1592869535395,2020-06-22T23:45:35.395Z,buy,0.0001367,43.63,0.005964221
GVT/BTC,1592869565810,2020-06-22T23:46:05.810Z,buy,0.0001368,101.29,0.013856472
GVT/BTC,1592869565810,2020-06-22T23:46:05.810Z,buy,0.0001369,18.11,0.0024792589999999
GVT/BTC,1592869565810,2020-06-22T23:46:05.810Z,buy,0.000137,0.88,0.00012056
GVT/BTC,1592869565810,2020-06-22T23:46:05.810Z,buy,0.0001371,13.27,0.001819317
GVT/BTC,1592869565810,2020-06-22T23:46:05.810Z,buy,0.0001372,2.92,0.000400624
GVT/BTC,1592869565810,2020-06-22T23:46:05.810Z,buy,0.0001373,496.97,0.068233981
GVT/BTC,1592869565878,2020-06-22T23:46:05.878Z,sell,0.0001373,600.0,0.08238
GVT/BTC,1592869565881,2020-06-22T23:46:05.881Z,sell,0.0001373,111.29,0.015280117
GVT/BTC,1592869565881,2020-06-22T23:46:05.881Z,sell,0.0001373,111.29,0.015280117
GVT/BTC,1592869680698,2020-06-22T23:48:00.698Z,buy,0.0001371,0.74,0.000101454
GVT/BTC,1592869680698,2020-06-22T23:48:00.698Z,buy,0.0001374,24.08,0.003308592
GVT/BTC,1592869680698,2020-06-22T23:48:00.698Z,buy,0.0001375,142.18,0.01954975
GVT/BTC,1592869757451,2020-06-22T23:49:17.451Z,buy,0.0001375,1453.66,0.19987825
GVT/BTC,1592869766984,2020-06-22T23:49:26.984Z,buy,0.0001374,3.05,0.00041907
GVT/BTC,1592869911061,2020-06-22T23:51:51.061Z,buy,0.0001373,47.3,0.00649429
GVT/BTC,1592870482277,2020-06-23T00:01:22.277Z,buy,0.0001373,4.53,0.000621969
GVT/BTC,1592870881541,2020-06-23T00:08:01.541Z,sell,0.0001367,1.4,0.0001913799999999
GVT/BTC,1592870881541,2020-06-23T00:08:01.541Z,sell,0.0001365,0.75,0.000102375
GVT/BTC,1592870881541,2020-06-23T00:08:01.541Z,sell,0.0001363,33.17,0.004521071
GVT/BTC,1592870881541,2020-06-23T00:08:01.541Z,sell,0.0001362,1.41,0.000192042
GVT/BTC,1592870881541,2020-06-23T00:08:01.541Z,sell,0.0001361,14.7,0.00200067
GVT/BTC,1592870897119,2020-06-23T00:08:17.119Z,buy,0.0001367,0.77,0.0001052589999999
GVT/BTC,1592870908308,2020-06-23T00:08:28.308Z,buy,0.0001367,0.64,8.7488e-05
GVT/BTC,1592871162024,2020-06-23T00:12:42.024Z,buy,0.0001368,33.17,0.004537656
GVT/BTC,1592871918009,2020-06-23T00:25:18.009Z,sell,0.0001368,4.21,0.000575928
GVT/BTC,1592872354152,2020-06-23T00:32:34.152Z,buy,0.0001372,2.92,0.000400624
GVT/BTC,1592872354152,2020-06-23T00:32:34.152Z,buy,0.0001373,881.96,0.121093108
GVT/BTC,1592872354152,2020-06-23T00:32:34.152Z,buy,0.0001374,0.88,0.000120912
GVT/BTC,1592872354152,2020-06-23T00:32:34.152Z,buy,0.0001376,135.34,0.018622784
GVT/BTC,1592872354267,2020-06-23T00:32:34.267Z,buy,0.0001377,104.74,0.014422698
GVT/BTC,1592872357279,2020-06-23T00:32:37.279Z,buy,0.0001378,383.79,0.0528862619999999
GVT/BTC,1592872357296,2020-06-23T00:32:37.296Z,buy,0.0001379,402.66,0.055526814
GVT/BTC,1592872507708,2020-06-23T00:35:07.708Z,sell,0.0001372,2.15,0.0002949799999999
GVT/BTC,1592872507708,2020-06-23T00:35:07.708Z,sell,0.0001372,2.15,0.0002949799999999
GVT/BTC,1592873343120,2020-06-23T00:49:03.120Z,sell,0.0001368,50.56,0.0069166079999999
GVT/BTC,1592873343130,2020-06-23T00:49:03.130Z,sell,0.0001367,1.4,0.0001913799999999
GVT/BTC,1592873367054,2020-06-23T00:49:27.054Z,buy,0.0001372,0.75,0.0001029
GVT/BTC,1592873375075,2020-06-23T00:49:35.075Z,buy,0.0001372,0.65,8.918000000000001e-05
GVT/BTC,1592873388332,2020-06-23T00:49:48.332Z,sell,0.0001367,1.4,0.0001913799999999
GVT/BTC,1592873452094,2020-06-23T00:50:52.094Z,buy,0.0001372,1.4,0.00019208
GVT/BTC,1592873452094,2020-06-23T00:50:52.094Z,buy,0.0001376,0.75,0.0001032
GVT/BTC,1592873452094,2020-06-23T00:50:52.094Z,buy,0.0001377,16.71,0.002300967
GVT/BTC,1592873454544,2020-06-23T00:50:54.544Z,sell,0.0001372,1.4,0.00019208
GVT/BTC,1592873604924,2020-06-23T00:53:24.924Z,sell,0.0001372,16.48,0.002261056
GVT/BTC,1592873737623,2020-06-23T00:55:37.623Z,sell,0.0001374,396.31,0.054452994
GVT/BTC,1592873737635,2020-06-23T00:55:37.635Z,sell,0.0001374,86.32,0.011860368
GVT/BTC,1592874391366,2020-06-23T01:06:31.366Z,buy,0.0001376,16.48,0.002267648
GVT/BTC,1592874391366,2020-06-23T01:06:31.366Z,buy,0.0001377,3.52,0.000484704
GVT/BTC,1592874428016,2020-06-23T01:07:08.016Z,buy,0.0001378,1.0,0.0001378
GVT/BTC,1592874914039,2020-06-23T01:15:14.039Z,sell,0.0001372,2.15,0.0002949799999999
GVT/BTC,1592874914039,2020-06-23T01:15:14.039Z,sell,0.0001368,8.1,0.0011080799999999
GVT/BTC,1592875209663,2020-06-23T01:20:09.663Z,sell,0.0001367,3.44,0.0004702479999999
GVT/BTC,1592875310706,2020-06-23T01:21:50.706Z,buy,0.0001372,0.75,0.0001029
GVT/BTC,1592875430759,2020-06-23T01:23:50.759Z,buy,0.0001372,2.69,0.000369068
GVT/BTC,1592875430759,2020-06-23T01:23:50.759Z,buy,0.0001376,8.85,0.00121776
GVT/BTC,1592875430759,2020-06-23T01:23:50.759Z,buy,0.0001377,569.43,0.078410511
GVT/BTC,1592875509372,2020-06-23T01:25:09.372Z,sell,0.0001372,1.4,0.00019208
GVT/BTC,1592875512439,2020-06-23T01:25:12.439Z,sell,0.0001368,2.26,0.0003091679999999
GVT/BTC,1592875756715,2020-06-23T01:29:16.715Z,buy,0.0001368,11.7,0.0016005599999999
GVT/BTC,1592875756715,2020-06-23T01:29:16.715Z,buy,0.0001368,11.7,0.0016005599999999
GVT/BTC,1592876285291,2020-06-23T01:38:05.291Z,sell,0.0001368,33.07,0.004523976
GVT/BTC,1592876286418,2020-06-23T01:38:06.418Z,sell,0.0001368,7.74,0.001058832
GVT/BTC,1592876287912,2020-06-23T01:38:07.912Z,sell,0.0001367,1.4,0.0001913799999999
GVT/BTC,1592876290614,2020-06-23T01:38:10.614Z,sell,0.0001365,0.75,0.000102375
GVT/BTC,1592876313373,2020-06-23T01:38:33.373Z,buy,0.0001365,1.76,0.00024024
GVT/BTC,1592876322476,2020-06-23T01:38:42.476Z,buy,0.0001365,0.88,0.00012012
GVT/BTC,1592876335661,2020-06-23T01:38:55.661Z,buy,0.0001365,1.52,0.00020748
GVT/BTC,1592876338315,2020-06-23T01:38:58.315Z,buy,0.0001365,5.75,0.000784875
GVT/BTC,1592876343127,2020-06-23T01:39:03.127Z,buy,0.0001365,0.91,0.000124215
GVT/BTC,1592876352172,2020-06-23T01:39:12.172Z,sell,0.0001363,69.84,0.009519192
GVT/BTC,1592876352172,2020-06-23T01:39:12.172Z,sell,0.0001362,3.16,0.000430392
GVT/BTC,1592876414563,2020-06-23T01:40:14.563Z,sell,0.0001363,0.74,0.000100862
GVT/BTC,1592876414643,2020-06-23T01:40:14.643Z,buy,0.0001363,32.33,0.004406579
GVT/BTC,1592876417933,2020-06-23T01:40:17.933Z,sell,0.0001363,21.5,0.00293045
GVT/BTC,1592876851806,2020-06-23T01:47:31.806Z,buy,0.0001366,0.88,0.000120208
GVT/BTC,1592876862125,2020-06-23T01:47:42.125Z,buy,0.0001367,1.41,0.0001927469999999
GVT/BTC,1592877188129,2020-06-23T01:53:08.129Z,sell,0.0001367,0.74,0.000101158
GVT/BTC,1592878322527,2020-06-23T02:12:02.527Z,sell,0.0001364,1.21,0.000165044
GVT/BTC,1592878362572,2020-06-23T02:12:42.572Z,buy,0.000137,0.88,0.00012056
GVT/BTC,1592878362572,2020-06-23T02:12:42.572Z,buy,0.0001372,2.92,0.000400624
GVT/BTC,1592878362572,2020-06-23T02:12:42.572Z,buy,0.0001373,94.81,0.013017413
GVT/BTC,1592878362572,2020-06-23T02:12:42.572Z,buy,0.0001374,0.88,0.000120912
GVT/BTC,1592878362572,2020-06-23T02:12:42.572Z,buy,0.0001375,422.8,0.058135
GVT/BTC,1592878362572,2020-06-23T02:12:42.572Z,buy,0.0001376,0.75,0.0001032
GVT/BTC,1592878362572,2020-06-23T02:12:42.572Z,buy,0.0001377,1.4,0.00019278
GVT/BTC,1592878362572,2020-06-23T02:12:42.572Z,buy,0.0001378,0.75,0.0001033499999999
GVT/BTC,1592878362572,2020-06-23T02:12:42.572Z,buy,0.0001379,0.88,0.0001213519999999
GVT/BTC,1592878362572,2020-06-23T02:12:42.572Z,buy,0.000138,574.21,0.07924098
GVT/BTC,1592878362604,2020-06-23T02:12:42.604Z,buy,0.0001381,31.34,0.004328054
GVT/BTC,1592878362604,2020-06-23T02:12:42.604Z,buy,0.0001382,66.44,0.009182008
GVT/BTC,1592878362604,2020-06-23T02:12:42.604Z,buy,0.0001383,35.85,0.004958055
GVT/BTC,1592878363700,2020-06-23T02:12:43.700Z,buy,0.0001383,0.01,1.383e-06
GVT/BTC,1592878363700,2020-06-23T02:12:43.700Z,buy,0.0001384,199.29,0.027581736
GVT/BTC,1592878364800,2020-06-23T02:12:44.800Z,buy,0.0001385,149.34,0.02068359
GVT/BTC,1592878364901,2020-06-23T02:12:44.901Z,sell,0.0001381,18.3,0.00252723
GVT/BTC,1592878365621,2020-06-23T02:12:45.621Z,sell,0.0001381,18.29,0.0025258489999999
GVT/BTC,1592878366276,2020-06-23T02:12:46.276Z,sell,0.0001381,5.75,0.000794075
GVT/BTC,1592878372172,2020-06-23T02:12:52.172Z,sell,0.0001382,3.16,0.000436712
GVT/BTC,1592878380990,2020-06-23T02:13:00.990Z,sell,0.0001381,40.0,0.0055239999999999
GVT/BTC,1592878381005,2020-06-23T02:13:01.005Z,buy,0.0001382,595.15,0.08224973
GVT/BTC,1592878381007,2020-06-23T02:13:01.007Z,buy,0.0001382,128.47,0.017754554
GVT/BTC,1592878386261,2020-06-23T02:13:06.261Z,sell,0.000138,13.93,0.0019223399999999
GVT/BTC,1592878461901,2020-06-23T02:14:21.901Z,buy,0.0001387,1721.02,0.238705474
GVT/BTC,1592878461901,2020-06-23T02:14:21.901Z,buy,0.0001388,89.93,0.012482284
GVT/BTC,1592878461901,2020-06-23T02:14:21.901Z,buy,0.0001389,91.57,0.0127190729999999
GVT/BTC,1592878461901,2020-06-23T02:14:21.901Z,buy,0.000139,996.03,0.1384481699999999
GVT/BTC,1592878587416,2020-06-23T02:16:27.416Z,sell,0.0001382,1.39,0.0001920979999999
GVT/BTC,1592878587416,2020-06-23T02:16:27.416Z,sell,0.0001381,40.0,0.0055239999999999
GVT/BTC,1592878587416,2020-06-23T02:16:27.416Z,sell,0.000138,436.42,0.06022596
GVT/BTC,1592878589714,2020-06-23T02:16:29.714Z,sell,0.0001382,32.34,0.004469388
GVT/BTC,1592878697295,2020-06-23T02:18:17.295Z,buy,0.0001387,1.39,0.000192793
GVT/BTC,1592878697295,2020-06-23T02:18:17.295Z,buy,0.0001388,421.7,0.05853196
GVT/BTC,1592878697295,2020-06-23T02:18:17.295Z,buy,0.000139,881.32,0.12250348
GVT/BTC,1592878697307,2020-06-23T02:18:17.307Z,sell,0.000139,301.82,0.0419529799999999
GVT/BTC,1592878740947,2020-06-23T02:19:00.947Z,sell,0.000139,12.64,0.00175696
GVT/BTC,1592878741242,2020-06-23T02:19:01.242Z,sell,0.000139,0.73,0.0001014699999999
GVT/BTC,1592878810738,2020-06-23T02:20:10.738Z,buy,0.0001384,11.65,0.00161236
GVT/BTC,1592878814089,2020-06-23T02:20:14.089Z,sell,0.0001382,15.78,0.002180796
GVT/BTC,1592878821365,2020-06-23T02:20:21.365Z,sell,0.0001382,63.54,0.008781228
GVT/BTC,1592878821365,2020-06-23T02:20:21.365Z,sell,0.0001381,203.86,0.028153066
GVT/BTC,1592878868013,2020-06-23T02:21:08.013Z,buy,0.0001387,1.39,0.000192793
GVT/BTC,1592878868013,2020-06-23T02:21:08.013Z,buy,0.0001391,70.91,0.009863581
GVT/BTC,1592878868013,2020-06-23T02:21:08.013Z,buy,0.0001392,380.6,0.05297952
GVT/BTC,1592878868013,2020-06-23T02:21:08.013Z,buy,0.0001393,58.0,0.0080794
GVT/BTC,1592878868147,2020-06-23T02:21:08.147Z,sell,0.0001393,396.72,0.055263096
GVT/BTC,1592879107616,2020-06-23T02:25:07.616Z,sell,0.0001387,1.38,0.000191406
GVT/BTC,1592879109352,2020-06-23T02:25:09.352Z,sell,0.0001384,7.99,0.001105816
GVT/BTC,1592879120592,2020-06-23T02:25:20.592Z,sell,0.0001384,41.29,0.005714536
GVT/BTC,1592879120610,2020-06-23T02:25:20.610Z,buy,0.0001384,25.55,0.00353612
GVT/BTC,1592879156981,2020-06-23T02:25:56.981Z,buy,0.0001391,74.0,0.0102934
GVT/BTC,1592879172720,2020-06-23T02:26:12.720Z,sell,0.0001384,0.75,0.0001038
GVT/BTC,1592879172720,2020-06-23T02:26:12.720Z,sell,0.0001382,0.7,9.674e-05
GVT/BTC,1592879236106,2020-06-23T02:27:16.106Z,sell,0.0001383,2.18,0.000301494
GVT/BTC,1592879236106,2020-06-23T02:27:16.106Z,sell,0.0001383,2.18,0.000301494
GVT/BTC,1592880033275,2020-06-23T02:40:33.275Z,sell,0.0001383,70.82,0.0097944059999999
GVT/BTC,1592880033275,2020-06-23T02:40:33.275Z,sell,0.0001382,2.65,0.00036623
GVT/BTC,1592880112057,2020-06-23T02:41:52.057Z,buy,0.0001387,0.74,0.000102638
GVT/BTC,1592880120974,2020-06-23T02:42:00.974Z,buy,0.0001387,0.65,9.0155e-05
GVT/BTC,1592880431054,2020-06-23T02:47:11.054Z,buy,0.0001389,44.85,0.006229665
GVT/BTC,1592880729962,2020-06-23T02:52:09.962Z,sell,0.0001382,101.15,0.01397893
GVT/BTC,1592881938913,2020-06-23T03:12:18.913Z,buy,0.000139,3.7,0.0005143
GVT/BTC,1592882134661,2020-06-23T03:15:34.661Z,buy,0.000139,288.87,0.0401529299999999
GVT/BTC,1592882134683,2020-06-23T03:15:34.683Z,sell,0.000139,211.13,0.0293470699999999
GVT/BTC,1592882166499,2020-06-23T03:16:06.499Z,buy,0.0001391,262.74,0.036547134
GVT/BTC,1592882166515,2020-06-23T03:16:06.515Z,sell,0.0001391,237.26,0.033002866
GVT/BTC,1592882742515,2020-06-23T03:25:42.515Z,buy,0.0001392,1.43,0.0001990559999999
GVT/BTC,1592882742515,2020-06-23T03:25:42.515Z,buy,0.0001392,1.43,0.0001990559999999
GVT/BTC,1592882956838,2020-06-23T03:29:16.838Z,buy,0.0001392,0.73,0.000101616
GVT/BTC,1592883196771,2020-06-23T03:33:16.771Z,buy,0.0001392,0.7,9.744e-05
GVT/BTC,1592884693547,2020-06-23T03:58:13.547Z,sell,0.0001386,33.14,0.004593204
GVT/BTC,1592885201596,2020-06-23T04:06:41.596Z,buy,0.0001392,7.08,0.000985536
GVT/BTC,1592885201596,2020-06-23T04:06:41.596Z,buy,0.0001393,0.74,0.000103082
GVT/BTC,1592885201596,2020-06-23T04:06:41.596Z,buy,0.0001396,53.38,0.007451848
GVT/BTC,1592885201596,2020-06-23T04:06:41.596Z,buy,0.0001397,338.88,0.047341536
GVT/BTC,1592885201647,2020-06-23T04:06:41.647Z,buy,0.0001398,7.28,0.001017744
GVT/BTC,1592885202651,2020-06-23T04:06:42.651Z,buy,0.0001399,1.0,0.0001399
GVT/BTC,1592885203653,2020-06-23T04:06:43.653Z,buy,0.00014,395.72,0.0554008
GVT/BTC,1592885203661,2020-06-23T04:06:43.661Z,buy,0.00014,519.78,0.0727691999999999
GVT/BTC,1592885205654,2020-06-23T04:06:45.654Z,buy,0.00014,49.01,0.0068613999999999
GVT/BTC,1592885209325,2020-06-23T04:06:49.325Z,sell,0.0001398,19.87,0.002777826
GVT/BTC,1592885210544,2020-06-23T04:06:50.544Z,sell,0.0001397,12.23,0.001708531
GVT/BTC,1592885210568,2020-06-23T04:06:50.568Z,sell,0.0001397,46.54,0.006501638
GVT/BTC,1592885249274,2020-06-23T04:07:29.274Z,sell,0.0001397,40.0,0.005588
GVT/BTC,1592885262386,2020-06-23T04:07:42.386Z,buy,0.0001402,4.79,0.0006715579999999
GVT/BTC,1592885262395,2020-06-23T04:07:42.395Z,sell,0.0001402,10.1,0.0014160199999999
GVT/BTC,1592885285875,2020-06-23T04:08:05.875Z,buy,0.0001403,42.19,0.005919257
GVT/BTC,1592885285875,2020-06-23T04:08:05.875Z,buy,0.0001404,78.94,0.011083176
GVT/BTC,1592885285875,2020-06-23T04:08:05.875Z,buy,0.0001405,134.26,0.01886353
GVT/BTC,1592885285962,2020-06-23T04:08:05.962Z,sell,0.0001405,103.83,0.014588115
GVT/BTC,1592885285964,2020-06-23T04:08:05.964Z,sell,0.0001405,600.0,0.0843
GVT/BTC,1592885285976,2020-06-23T04:08:05.976Z,sell,0.0001405,262.58,0.03689249
GVT/BTC,1592885287051,2020-06-23T04:08:07.051Z,sell,0.0001397,1.37,0.000191389
GVT/BTC,1592885287064,2020-06-23T04:08:07.064Z,buy,0.0001397,16.01,0.002236597
GVT/BTC,1592885301006,2020-06-23T04:08:21.006Z,buy,0.0001402,1.37,0.000192074
GVT/BTC,1592885301065,2020-06-23T04:08:21.065Z,sell,0.0001405,754.8,0.1060493999999999
GVT/BTC,1592885301078,2020-06-23T04:08:21.078Z,sell,0.0001405,16.01,0.002249405
GVT/BTC,1592885302475,2020-06-23T04:08:22.475Z,sell,0.0001405,144.19,0.020258695
GVT/BTC,1592885304571,2020-06-23T04:08:24.571Z,buy,0.0001406,3.15,0.00044289
GVT/BTC,1592885310387,2020-06-23T04:08:30.387Z,sell,0.0001405,0.01,1.405e-06
GVT/BTC,1592885310387,2020-06-23T04:08:30.387Z,sell,0.0001404,3.11,0.000436644
GVT/BTC,1592885310387,2020-06-23T04:08:30.387Z,sell,0.0001397,2.12,0.000296164
GVT/BTC,1592885310387,2020-06-23T04:08:30.387Z,sell,0.0001394,12.79,0.0017829259999999
GVT/BTC,1592885311471,2020-06-23T04:08:31.471Z,sell,0.0001395,13.76,0.00191952
GVT/BTC,1592885311502,2020-06-23T04:08:31.502Z,sell,0.0001394,15.63,0.002178822
GVT/BTC,1592885311566,2020-06-23T04:08:31.566Z,buy,0.00014,13.76,0.0019263999999999
GVT/BTC,1592885311922,2020-06-23T04:08:31.922Z,sell,0.0001395,0.73,0.000101835
GVT/BTC,1592885311932,2020-06-23T04:08:31.932Z,sell,0.0001395,69.76,0.00973152
GVT/BTC,1592885311932,2020-06-23T04:08:31.932Z,sell,0.0001394,4.09,0.000570146
GVT/BTC,1592885311959,2020-06-23T04:08:31.959Z,sell,0.0001394,233.29,0.032520626
GVT/BTC,1592885312008,2020-06-23T04:08:32.008Z,sell,0.0001394,13.77,0.001919538
GVT/BTC,1592885312386,2020-06-23T04:08:32.386Z,sell,0.0001394,283.01,0.039451594
GVT/BTC,1592885312386,2020-06-23T04:08:32.386Z,sell,0.0001392,1.38,0.0001920959999999
GVT/BTC,1592885312386,2020-06-23T04:08:32.386Z,sell,0.0001391,19.76,0.002748616
GVT/BTC,1592885325433,2020-06-23T04:08:45.433Z,sell,0.0001395,26.47,0.003692565
GVT/BTC,1592885325433,2020-06-23T04:08:45.433Z,sell,0.0001389,3.83,0.0005319869999999
GVT/BTC,1592885326374,2020-06-23T04:08:46.374Z,buy,0.0001395,28.36,0.00395622
GVT/BTC,1592885328858,2020-06-23T04:08:48.858Z,sell,0.0001389,39.92,0.0055448879999999
GVT/BTC,1592885328858,2020-06-23T04:08:48.858Z,sell,0.0001388,1.44,0.000199872
GVT/BTC,1592885328858,2020-06-23T04:08:48.858Z,sell,0.0001387,29.97,0.004156839
GVT/BTC,1592885331075,2020-06-23T04:08:51.075Z,buy,0.0001392,41.3,0.0057489599999999
GVT/BTC,1592885341731,2020-06-23T04:09:01.731Z,buy,0.0001396,1.49,0.000208004
GVT/BTC,1592885342024,2020-06-23T04:09:02.024Z,buy,0.0001396,520.29,0.072632484
GVT/BTC,1592885342037,2020-06-23T04:09:02.037Z,buy,0.0001397,2.13,0.000297561
GVT/BTC,1592885356191,2020-06-23T04:09:16.191Z,buy,0.0001399,0.73,0.000102127
GVT/BTC,1592885356636,2020-06-23T04:09:16.636Z,buy,0.0001399,0.73,0.000102127
GVT/BTC,1592885365406,2020-06-23T04:09:25.406Z,buy,0.0001399,0.86,0.000120314
GVT/BTC,1592885375195,2020-06-23T04:09:35.195Z,buy,0.0001399,15.73,0.002200627
GVT/BTC,1592885376195,2020-06-23T04:09:36.195Z,buy,0.00014,70.48,0.0098672
GVT/BTC,1592885377199,2020-06-23T04:09:37.199Z,buy,0.0001402,2.12,0.000297224
GVT/BTC,1592886285510,2020-06-23T04:24:45.510Z,buy,0.0001402,1.58,0.000221516
GVT/BTC,1592886286512,2020-06-23T04:24:46.512Z,buy,0.0001403,2.19,0.0003072569999999
GVT/BTC,1592886287508,2020-06-23T04:24:47.508Z,buy,0.0001404,0.86,0.000120744
GVT/BTC,1592886309317,2020-06-23T04:25:09.317Z,buy,0.0001403,0.72,0.000101016
GVT/BTC,1592886321611,2020-06-23T04:25:21.611Z,sell,0.0001397,4.13,0.000576961
GVT/BTC,1592886325825,2020-06-23T04:25:25.825Z,buy,0.0001402,1.37,0.000192074
GVT/BTC,1592886325825,2020-06-23T04:25:25.825Z,buy,0.0001402,1.37,0.000192074
GVT/BTC,1592888246026,2020-06-23T04:57:26.026Z,buy,0.0001406,2.18,0.000306508
GVT/BTC,1592888246026,2020-06-23T04:57:26.026Z,buy,0.0001407,1.37,0.000192759
GVT/BTC,1592888246026,2020-06-23T04:57:26.026Z,buy,0.0001408,0.94,0.000132352
GVT/BTC,1592888246026,2020-06-23T04:57:26.026Z,buy,0.0001409,27.06,0.003812754
GVT/BTC,1592888246026,2020-06-23T04:57:26.026Z,buy,0.000141,46.53,0.00656073
GVT/BTC,1592888246026,2020-06-23T04:57:26.026Z,buy,0.0001411,148.44,0.0209448839999999
GVT/BTC,1592888246026,2020-06-23T04:57:26.026Z,buy,0.0001412,931.36,0.131508032
GVT/BTC,1592888246026,2020-06-23T04:57:26.026Z,buy,0.0001413,850.94,0.120237822
GVT/BTC,1592888246026,2020-06-23T04:57:26.026Z,buy,0.0001414,46.47,0.006570858
GVT/BTC,1592888246026,2020-06-23T04:57:26.026Z,buy,0.0001415,2.04,0.00028866
GVT/BTC,1592888246026,2020-06-23T04:57:26.026Z,buy,0.0001416,18.77,0.0026578319999999
GVT/BTC,1592888246026,2020-06-23T04:57:26.026Z,buy,0.0001417,63.7,0.00902629
GVT/BTC,1592888252490,2020-06-23T04:57:32.490Z,sell,0.0001412,1.36,0.000192032
GVT/BTC,1592888254937,2020-06-23T04:57:34.937Z,sell,0.000141,0.75,0.00010575
GVT/BTC,1592888254937,2020-06-23T04:57:34.937Z,sell,0.0001407,1.36,0.000191352
GVT/BTC,1592888254937,2020-06-23T04:57:34.937Z,sell,0.0001403,7.86,0.001102758
GVT/BTC,1592888254937,2020-06-23T04:57:34.937Z,sell,0.0001402,1.37,0.000192074
GVT/BTC,1592888254937,2020-06-23T04:57:34.937Z,sell,0.0001398,110.62,0.015464676
GVT/BTC,1592888255296,2020-06-23T04:57:35.296Z,sell,0.00014,26.44,0.0037015999999999
GVT/BTC,1592888257491,2020-06-23T04:57:37.491Z,buy,0.0001407,1.37,0.000192759
GVT/BTC,1592888334429,2020-06-23T04:58:54.429Z,buy,0.0001407,0.99,0.000139293
GVT/BTC,1592888340771,2020-06-23T04:59:00.771Z,buy,0.0001407,1.43,0.000201201
GVT/BTC,1592888340857,2020-06-23T04:59:00.857Z,buy,0.0001407,0.72,0.000101304
GVT/BTC,1592888341199,2020-06-23T04:59:01.199Z,buy,0.0001407,1.43,0.000201201
GVT/BTC,1592888341403,2020-06-23T04:59:01.403Z,buy,0.0001407,0.72,0.000101304
GVT/BTC,1592888341718,2020-06-23T04:59:01.718Z,buy,0.0001407,1.43,0.000201201
GVT/BTC,1592888345012,2020-06-23T04:59:05.012Z,buy,0.0001407,14.22,0.002000754
GVT/BTC,1592888348073,2020-06-23T04:59:08.073Z,buy,0.0001407,1.71,0.000240597
GVT/BTC,1592888348107,2020-06-23T04:59:08.107Z,buy,0.0001407,5.69,0.000800583
GVT/BTC,1592888349021,2020-06-23T04:59:09.021Z,buy,0.0001407,2.99,0.000420693
GVT/BTC,1592888349106,2020-06-23T04:59:09.106Z,buy,0.0001407,2.85,0.000400995
GVT/BTC,1592888349750,2020-06-23T04:59:09.750Z,buy,0.0001407,14.22,0.002000754
GVT/BTC,1592888350144,2020-06-23T04:59:10.144Z,buy,0.0001407,21.33,0.0030011309999999
GVT/BTC,1592888350277,2020-06-23T04:59:10.277Z,buy,0.0001407,92.39,0.012999273
GVT/BTC,1592888420599,2020-06-23T05:00:20.599Z,buy,0.000141,0.75,0.00010575
