symbol,timestamp,datetime,side,price,amount,btc_volume
GVT/BTC,1600448408939,2020-09-18T17:00:08.939Z,sell,0.0001344,50.09,0.006732096
GVT/BTC,1600448445874,2020-09-18T17:00:45.874Z,buy,0.0001353,13.68,0.001850904
GVT/BTC,1600448785690,2020-09-18T17:06:25.690Z,sell,0.000135,100.0,0.0135
GVT/BTC,1600448926842,2020-09-18T17:08:46.842Z,sell,0.000135,123.7,0.0166995
GVT/BTC,1600449040781,2020-09-18T17:10:40.781Z,buy,0.0001348,0.89,0.000119972
GVT/BTC,1600449127056,2020-09-18T17:12:07.056Z,buy,0.0001348,3.0,0.0004043999999999
GVT/BTC,1600449243781,2020-09-18T17:14:03.781Z,buy,0.0001347,372.58,0.0501865259999999
GVT/BTC,1600449267746,2020-09-18T17:14:27.746Z,buy,0.0001347,0.89,0.0001198829999999
GVT/BTC,1600449309741,2020-09-18T17:15:09.741Z,sell,0.0001344,27.0,0.0036287999999999
GVT/BTC,1600449810912,2020-09-18T17:23:30.912Z,sell,0.0001344,1.49,0.0002002559999999
GVT/BTC,1600449847350,2020-09-18T17:24:07.350Z,buy,0.0001344,0.9,0.00012096
GVT/BTC,1600449856480,2020-09-18T17:24:16.480Z,sell,0.0001343,8.09,0.001086487
GVT/BTC,1600449969752,2020-09-18T17:26:09.752Z,sell,0.0001342,2.87,0.000385154
GVT/BTC,1600449969752,2020-09-18T17:26:09.752Z,sell,0.0001341,2.86,0.000383526
GVT/BTC,1600449969752,2020-09-18T17:26:09.752Z,sell,0.000134,8.89,0.00119126
GVT/BTC,1600449969752,2020-09-18T17:26:09.752Z,sell,0.0001337,2.78,0.000371686
GVT/BTC,1600449969752,2020-09-18T17:26:09.752Z,sell,0.0001336,32.9,0.00439544
GVT/BTC,1600450004663,2020-09-18T17:26:44.663Z,sell,0.0001336,25.65,0.0034268399999999
GVT/BTC,1600450029475,2020-09-18T17:27:09.475Z,sell,0.0001336,36.69,0.0049017839999999
GVT/BTC,1600450029475,2020-09-18T17:27:09.475Z,sell,0.0001335,13.39,0.001787565
GVT/BTC,1600450036113,2020-09-18T17:27:16.113Z,sell,0.0001335,3.91,0.000521985
GVT/BTC,1600450036237,2020-09-18T17:27:16.237Z,buy,0.0001335,6.1,0.0008143499999999
GVT/BTC,1600450086336,2020-09-18T17:28:06.336Z,sell,0.0001334,2.27,0.000302818
GVT/BTC,1600450086489,2020-09-18T17:28:06.489Z,sell,0.0001334,37.73,0.0050331819999999
GVT/BTC,1600450086489,2020-09-18T17:28:06.489Z,sell,0.0001333,1.24,0.000165292
GVT/BTC,1600450086489,2020-09-18T17:28:06.489Z,sell,0.0001332,0.78,0.000103896
GVT/BTC,1600450086489,2020-09-18T17:28:06.489Z,sell,0.0001331,2.72,0.000362032
GVT/BTC,1600450086489,2020-09-18T17:28:06.489Z,sell,0.000133,7.64,0.00101612
GVT/BTC,1600450086658,2020-09-18T17:28:06.658Z,buy,0.0001335,1.5,0.00020025
GVT/BTC,1600450122563,2020-09-18T17:28:42.563Z,sell,0.000133,31.8,0.0042294
GVT/BTC,1600450127141,2020-09-18T17:28:47.141Z,buy,0.0001335,2.7,0.00036045
GVT/BTC,1600450149087,2020-09-18T17:29:09.087Z,sell,0.000133,50.81,0.00675773
GVT/BTC,1600450209042,2020-09-18T17:30:09.042Z,sell,0.0001329,50.54,0.006716766
GVT/BTC,1600450235319,2020-09-18T17:30:35.319Z,sell,0.0001329,250.0,0.033225
GVT/BTC,1600450360343,2020-09-18T17:32:40.343Z,sell,0.0001329,3.6,0.00047844
GVT/BTC,1600450384851,2020-09-18T17:33:04.851Z,buy,0.0001335,148.55,0.019831425
GVT/BTC,1600450421579,2020-09-18T17:33:41.579Z,sell,0.0001329,488.14,0.064873806
GVT/BTC,1600450620728,2020-09-18T17:37:00.728Z,sell,0.0001329,328.6,0.04367094
GVT/BTC,1600450705025,2020-09-18T17:38:25.025Z,sell,0.0001329,1032.23,0.137183367
GVT/BTC,1600450705148,2020-09-18T17:38:25.148Z,sell,0.0001329,1.5,0.00019935
GVT/BTC,1600450706148,2020-09-18T17:38:26.148Z,sell,0.0001328,2.87,0.000381136
GVT/BTC,1600450707772,2020-09-18T17:38:27.772Z,sell,0.0001327,1.73,0.000229571
GVT/BTC,1600450722603,2020-09-18T17:38:42.603Z,buy,0.0001334,4.0,0.0005336
GVT/BTC,1600450722603,2020-09-18T17:38:42.603Z,buy,0.0001334,3.0,0.0004001999999999
GVT/BTC,1600450806533,2020-09-18T17:40:06.533Z,sell,0.0001327,15.15,0.002010405
GVT/BTC,1600450806533,2020-09-18T17:40:06.533Z,sell,0.0001326,16.0,0.0021216
GVT/BTC,1600450813594,2020-09-18T17:40:13.594Z,sell,0.0001325,2.44,0.0003233
GVT/BTC,1600450883210,2020-09-18T17:41:23.210Z,buy,0.0001327,2.72,0.000360944
GVT/BTC,1600450926385,2020-09-18T17:42:06.385Z,sell,0.0001325,134.62,0.01783715
GVT/BTC,1600451107569,2020-09-18T17:45:07.569Z,sell,0.0001325,17.75,0.002351875
GVT/BTC,1600451229722,2020-09-18T17:47:09.722Z,sell,0.0001325,2.93,0.000388225
GVT/BTC,1600451459388,2020-09-18T17:50:59.388Z,sell,0.0001325,134.09,0.017766925
GVT/BTC,1600451488364,2020-09-18T17:51:28.364Z,sell,0.0001325,96.02,0.0127226499999999
GVT/BTC,1600451536059,2020-09-18T17:52:16.059Z,sell,0.0001325,279.45,0.0370271249999999
GVT/BTC,1600451536059,2020-09-18T17:52:16.059Z,sell,0.0001323,7.16,0.0009472679999999
GVT/BTC,1600451536059,2020-09-18T17:52:16.059Z,sell,0.0001321,2.87,0.000379127
GVT/BTC,1600451536059,2020-09-18T17:52:16.059Z,sell,0.0001319,2.35,0.000309965
GVT/BTC,1600451536059,2020-09-18T17:52:16.059Z,sell,0.0001318,190.94,0.025165892
GVT/BTC,1600451536188,2020-09-18T17:52:16.188Z,buy,0.0001319,211.18,0.027854642
GVT/BTC,1600451537195,2020-09-18T17:52:17.195Z,buy,0.000132,336.76,0.04445232
GVT/BTC,1600451544361,2020-09-18T17:52:24.361Z,buy,0.000132,317.42,0.04189944
GVT/BTC,1600451843956,2020-09-18T17:57:23.956Z,sell,0.0001322,3598.87,0.4757706139999999
GVT/BTC,1600451843956,2020-09-18T17:57:23.956Z,buy,0.0001322,3.45,0.00045609
GVT/BTC,1600451871208,2020-09-18T17:57:51.208Z,sell,0.000132,43.43,0.00573276
GVT/BTC,1600451896402,2020-09-18T17:58:16.402Z,buy,0.0001323,0.91,0.000120393
GVT/BTC,1600451896402,2020-09-18T17:58:16.402Z,buy,0.0001323,0.91,0.000120393
GVT/BTC,1600452026178,2020-09-18T18:00:26.178Z,sell,0.000132,0.91,0.00012012
GVT/BTC,1600452026679,2020-09-18T18:00:26.679Z,sell,0.000132,0.92,0.00012144
GVT/BTC,1600452026693,2020-09-18T18:00:26.693Z,sell,0.000132,127.09,0.01677588
GVT/BTC,1600452027181,2020-09-18T18:00:27.181Z,sell,0.0001318,0.92,0.000121256
GVT/BTC,1600452027697,2020-09-18T18:00:27.697Z,sell,0.0001318,11.07,0.001459026
GVT/BTC,1600452050537,2020-09-18T18:00:50.537Z,buy,0.0001321,2.0,0.0002642
GVT/BTC,1600452052566,2020-09-18T18:00:52.566Z,sell,0.0001316,11.05,0.00145418
GVT/BTC,1600452076844,2020-09-18T18:01:16.844Z,sell,0.0001315,74.34,0.00977571
GVT/BTC,1600452076844,2020-09-18T18:01:16.844Z,sell,0.0001314,7.42,0.000974988
GVT/BTC,1600452076844,2020-09-18T18:01:16.844Z,sell,0.0001312,3.73,0.0004893759999999
GVT/BTC,1600452076844,2020-09-18T18:01:16.844Z,sell,0.0001311,510.19,0.066885909
GVT/BTC,1600452076844,2020-09-18T18:01:16.844Z,sell,0.000131,24.42,0.00319902
GVT/BTC,1600452076844,2020-09-18T18:01:16.844Z,sell,0.0001309,4.99,0.000653191
GVT/BTC,1600452076844,2020-09-18T18:01:16.844Z,sell,0.0001308,1.2,0.00015696
GVT/BTC,1600452078344,2020-09-18T18:01:18.344Z,sell,0.0001307,4.77,0.0006234389999999
GVT/BTC,1600452078344,2020-09-18T18:01:18.344Z,sell,0.0001306,1.24,0.000161944
GVT/BTC,1600452078344,2020-09-18T18:01:18.344Z,sell,0.0001305,1.12,0.00014616
GVT/BTC,1600452079700,2020-09-18T18:01:19.700Z,sell,0.0001305,13.66,0.00178263
GVT/BTC,1600452082447,2020-09-18T18:01:22.447Z,sell,0.0001305,37.28,0.00486504
GVT/BTC,1600452082457,2020-09-18T18:01:22.457Z,sell,0.0001305,30.54,0.00398547
GVT/BTC,1600452082469,2020-09-18T18:01:22.469Z,buy,0.0001307,55.99,0.007317893
GVT/BTC,1600452083133,2020-09-18T18:01:23.133Z,buy,0.0001307,0.91,0.000118937
GVT/BTC,1600452108510,2020-09-18T18:01:48.510Z,buy,0.0001307,0.94,0.000122858
GVT/BTC,1600452121379,2020-09-18T18:02:01.379Z,buy,0.0001306,65.27,0.008524262
GVT/BTC,1600452121379,2020-09-18T18:02:01.379Z,buy,0.0001307,278.16,0.036355512
GVT/BTC,1600452121498,2020-09-18T18:02:01.498Z,buy,0.0001308,33.74,0.004413192
GVT/BTC,1600452139431,2020-09-18T18:02:19.431Z,buy,0.000131,770.38,0.10091978
GVT/BTC,1600452139447,2020-09-18T18:02:19.447Z,buy,0.000131,134.96,0.01767976
GVT/BTC,1600452139457,2020-09-18T18:02:19.457Z,buy,0.000131,21.06,0.00275886
GVT/BTC,1600452162166,2020-09-18T18:02:42.166Z,buy,0.0001316,5.28,0.000694848
GVT/BTC,1600452173325,2020-09-18T18:02:53.325Z,buy,0.0001316,120.0,0.015792
GVT/BTC,1600452173425,2020-09-18T18:02:53.425Z,sell,0.0001316,93.51,0.012305916
GVT/BTC,1600452230833,2020-09-18T18:03:50.833Z,buy,0.0001314,0.83,0.000109062
GVT/BTC,1600452249206,2020-09-18T18:04:09.206Z,sell,0.0001304,26.32,0.003432128
GVT/BTC,1600452249206,2020-09-18T18:04:09.206Z,sell,0.0001303,163.43,0.021294929
GVT/BTC,1600452249206,2020-09-18T18:04:09.206Z,sell,0.0001302,2.2,0.00028644
GVT/BTC,1600452249206,2020-09-18T18:04:09.206Z,sell,0.0001301,120.0,0.015612
GVT/BTC,1600452249206,2020-09-18T18:04:09.206Z,sell,0.00013,877.19,0.1140347
GVT/BTC,1600452249270,2020-09-18T18:04:09.270Z,buy,0.00013,93.51,0.0121563
GVT/BTC,1600452253364,2020-09-18T18:04:13.364Z,buy,0.00013,267.41,0.0347633
GVT/BTC,1600452259653,2020-09-18T18:04:19.653Z,buy,0.00013,2.76,0.0003587999999999
GVT/BTC,1600452259888,2020-09-18T18:04:19.888Z,buy,0.00013,18.15,0.0023594999999999
GVT/BTC,1600452296746,2020-09-18T18:04:56.746Z,sell,0.0001301,10.0,0.0013009999999999
GVT/BTC,1600452307712,2020-09-18T18:05:07.712Z,buy,0.000131,120.0,0.01572
GVT/BTC,1600452307712,2020-09-18T18:05:07.712Z,buy,0.0001311,860.46,0.112806306
GVT/BTC,1600452307812,2020-09-18T18:05:07.812Z,sell,0.0001312,437.37,0.057382944
GVT/BTC,1600452311558,2020-09-18T18:05:11.558Z,sell,0.0001302,329.66,0.042921732
GVT/BTC,1600452338699,2020-09-18T18:05:38.699Z,buy,0.0001311,1.14,0.0001494539999999
GVT/BTC,1600452364025,2020-09-18T18:06:04.025Z,buy,0.0001304,0.93,0.000121272
GVT/BTC,1600452364456,2020-09-18T18:06:04.456Z,sell,0.0001304,0.93,0.000121272
GVT/BTC,1600452364952,2020-09-18T18:06:04.952Z,sell,0.0001304,0.93,0.000121272
GVT/BTC,1600452365452,2020-09-18T18:06:05.452Z,sell,0.0001304,0.93,0.000121272
GVT/BTC,1600452365951,2020-09-18T18:06:05.951Z,sell,0.0001304,0.94,0.000122576
GVT/BTC,1600452385018,2020-09-18T18:06:25.018Z,buy,0.0001307,0.79,0.000103253
GVT/BTC,1600452387336,2020-09-18T18:06:27.336Z,buy,0.0001306,51.84,0.006770304
GVT/BTC,1600452388001,2020-09-18T18:06:28.001Z,buy,0.0001307,12.22,0.001597154
GVT/BTC,1600452388343,2020-09-18T18:06:28.343Z,buy,0.0001307,3.91,0.000511037
GVT/BTC,1600452407848,2020-09-18T18:06:47.848Z,buy,0.0001311,0.92,0.0001206119999999
GVT/BTC,1600452414934,2020-09-18T18:06:54.934Z,sell,0.0001307,13.01,0.001700407
GVT/BTC,1600452707851,2020-09-18T18:11:47.851Z,sell,0.0001312,0.78,0.0001023359999999
GVT/BTC,1600452707851,2020-09-18T18:11:47.851Z,sell,0.000131,8.58,0.00112398
GVT/BTC,1600452766325,2020-09-18T18:12:46.325Z,sell,0.000131,28.84,0.00377804
GVT/BTC,1600452766356,2020-09-18T18:12:46.356Z,sell,0.000131,12.65,0.00165715
GVT/BTC,1600452766430,2020-09-18T18:12:46.430Z,sell,0.000131,43.59,0.00571029
GVT/BTC,1600452886007,2020-09-18T18:14:46.007Z,buy,0.0001311,35.88,0.004703868
GVT/BTC,1600452923426,2020-09-18T18:15:23.426Z,buy,0.0001311,28.76,0.003770436
GVT/BTC,1600452943472,2020-09-18T18:15:43.472Z,buy,0.0001314,0.92,0.000120888
GVT/BTC,1600452943472,2020-09-18T18:15:43.472Z,buy,0.0001318,0.04,5.2720000000000005e-06
GVT/BTC,1600452947107,2020-09-18T18:15:47.107Z,sell,0.000131,33.23,0.00435313
GVT/BTC,1600453160501,2020-09-18T18:19:20.501Z,sell,0.000131,203.01,0.02659431
GVT/BTC,1600453246468,2020-09-18T18:20:46.468Z,sell,0.000131,91.62,0.01200222
GVT/BTC,1600453370504,2020-09-18T18:22:50.504Z,sell,0.000131,465.32,0.06095692
GVT/BTC,1600453480784,2020-09-18T18:24:40.784Z,sell,0.000131,82.35,0.01078785
GVT/BTC,1600453480784,2020-09-18T18:24:40.784Z,sell,0.0001307,1.43,0.000186901
GVT/BTC,1600453480784,2020-09-18T18:24:40.784Z,sell,0.0001302,120.0,0.0156239999999999
GVT/BTC,1600453480784,2020-09-18T18:24:40.784Z,sell,0.0001301,16.08,0.002092008
GVT/BTC,1600453485565,2020-09-18T18:24:45.565Z,buy,0.0001303,6.11,0.000796133
GVT/BTC,1600453496462,2020-09-18T18:24:56.462Z,sell,0.0001301,153.92,0.020024992
GVT/BTC,1600453497517,2020-09-18T18:24:57.517Z,sell,0.00013,3.59,0.0004666999999999
GVT/BTC,1600453498531,2020-09-18T18:24:58.531Z,sell,0.0001299,3.65,0.000474135
GVT/BTC,1600453499532,2020-09-18T18:24:59.532Z,sell,0.0001298,1.91,0.000247918
GVT/BTC,1600453500532,2020-09-18T18:25:00.532Z,sell,0.0001297,16.0,0.0020752
GVT/BTC,1600453500836,2020-09-18T18:25:00.836Z,buy,0.0001301,1.54,0.000200354
GVT/BTC,1600453501532,2020-09-18T18:25:01.532Z,sell,0.0001295,1.63,0.000211085
GVT/BTC,1600453503035,2020-09-18T18:25:03.035Z,sell,0.0001295,2.85,0.000369075
GVT/BTC,1600453542080,2020-09-18T18:25:42.080Z,buy,0.00013,3.69,0.0004796999999999
GVT/BTC,1600453568277,2020-09-18T18:26:08.277Z,sell,0.0001295,25.58,0.0033126099999999
GVT/BTC,1600453568277,2020-09-18T18:26:08.277Z,sell,0.0001294,24.82,0.003211708
GVT/BTC,1600453568277,2020-09-18T18:26:08.277Z,sell,0.0001294,10.69,0.0013832859999999
GVT/BTC,1600453587234,2020-09-18T18:26:27.234Z,buy,0.00013,2.33,0.0003029
GVT/BTC,1600453587237,2020-09-18T18:26:27.237Z,buy,0.00013,0.96,0.0001248
GVT/BTC,1600453598674,2020-09-18T18:26:38.674Z,buy,0.0001298,2.87,0.000372526
GVT/BTC,1600453709397,2020-09-18T18:28:29.397Z,buy,0.0001297,0.93,0.000120621
GVT/BTC,1600453737615,2020-09-18T18:28:57.615Z,sell,0.0001294,41.77,0.005405038
GVT/BTC,1600453737663,2020-09-18T18:28:57.663Z,sell,0.0001293,2.87,0.000371091
GVT/BTC,1600453738267,2020-09-18T18:28:58.267Z,buy,0.0001294,58.52,0.007572488
GVT/BTC,1600453773419,2020-09-18T18:29:33.419Z,sell,0.0001294,159.84,0.020683296
GVT/BTC,1600453773469,2020-09-18T18:29:33.469Z,sell,0.0001294,28.24,0.003654256
GVT/BTC,1600453773623,2020-09-18T18:29:33.623Z,sell,0.0001294,58.79,0.007607426
GVT/BTC,1600453773709,2020-09-18T18:29:33.709Z,sell,0.0001294,29.77,0.003852238
GVT/BTC,1600453790162,2020-09-18T18:29:50.162Z,sell,0.0001294,264.84,0.034270296
GVT/BTC,1600453790162,2020-09-18T18:29:50.162Z,sell,0.0001292,85.97,0.011107324
GVT/BTC,1600453790162,2020-09-18T18:29:50.162Z,sell,0.0001291,17.36,0.0022411759999999
GVT/BTC,1600453790162,2020-09-18T18:29:50.162Z,sell,0.0001289,1.51,0.0001946389999999
GVT/BTC,1600453790162,2020-09-18T18:29:50.162Z,sell,0.0001288,19.52,0.0025141759999999
GVT/BTC,1600453790162,2020-09-18T18:29:50.162Z,sell,0.0001287,163.62,0.021057894
GVT/BTC,1600453790162,2020-09-18T18:29:50.162Z,sell,0.0001286,530.06,0.068165716
GVT/BTC,1600453790162,2020-09-18T18:29:50.162Z,sell,0.0001285,794.46,0.10208811
GVT/BTC,1600453790162,2020-09-18T18:29:50.162Z,sell,0.0001284,1053.64,0.135287376
GVT/BTC,1600453790162,2020-09-18T18:29:50.162Z,sell,0.0001283,170.34,0.021854622
GVT/BTC,1600453790162,2020-09-18T18:29:50.162Z,sell,0.0001282,78.88,0.0101124159999999
GVT/BTC,1600453790162,2020-09-18T18:29:50.162Z,sell,0.0001282,498.07,0.063852574
GVT/BTC,1600453790400,2020-09-18T18:29:50.400Z,buy,0.0001289,60.0,0.0077339999999999
GVT/BTC,1600453790919,2020-09-18T18:29:50.919Z,buy,0.0001289,1.17,0.0001508129999999
GVT/BTC,1600453804599,2020-09-18T18:30:04.599Z,buy,0.0001286,120.0,0.015432
GVT/BTC,1600453805602,2020-09-18T18:30:05.602Z,buy,0.0001286,120.0,0.015432
GVT/BTC,1600453806673,2020-09-18T18:30:06.673Z,buy,0.0001286,120.0,0.015432
GVT/BTC,1600453810468,2020-09-18T18:30:10.468Z,buy,0.0001287,103.96,0.013379652
GVT/BTC,1600453826791,2020-09-18T18:30:26.791Z,buy,0.0001289,1.85,0.000238465
GVT/BTC,1600453828511,2020-09-18T18:30:28.511Z,buy,0.0001289,1.86,0.0002397539999999
GVT/BTC,1600453922324,2020-09-18T18:32:02.324Z,buy,0.000129,3.28,0.0004231199999999
GVT/BTC,1600453971487,2020-09-18T18:32:51.487Z,buy,0.000129,14.03,0.0018098699999999
GVT/BTC,1600453993647,2020-09-18T18:33:13.647Z,sell,0.0001288,10.71,0.001379448
GVT/BTC,1600454024231,2020-09-18T18:33:44.231Z,buy,0.000129,37.59,0.00484911
GVT/BTC,1600454048327,2020-09-18T18:34:08.327Z,buy,0.000129,650.73,0.08394417
GVT/BTC,1600454051215,2020-09-18T18:34:11.215Z,buy,0.000129,20.39,0.00263031
GVT/BTC,1600454132065,2020-09-18T18:35:32.065Z,buy,0.000129,70.58,0.00910482
GVT/BTC,1600454204137,2020-09-18T18:36:44.137Z,buy,0.000129,1.97,0.00025413
GVT/BTC,1600454204369,2020-09-18T18:36:44.369Z,buy,0.000129,800.0,0.1031999999999999
GVT/BTC,1600454204375,2020-09-18T18:36:44.375Z,buy,0.000129,630.0,0.08127
GVT/BTC,1600454204379,2020-09-18T18:36:44.379Z,buy,0.000129,828.36,0.10685844
GVT/BTC,1600454204711,2020-09-18T18:36:44.711Z,buy,0.000129,1018.12,0.1313374799999999
GVT/BTC,1600454204910,2020-09-18T18:36:44.910Z,buy,0.000129,711.57,0.09179253
GVT/BTC,1600454205012,2020-09-18T18:36:45.012Z,buy,0.000129,497.72,0.0642058799999999
GVT/BTC,1600454205720,2020-09-18T18:36:45.720Z,buy,0.000129,346.4,0.0446855999999999
GVT/BTC,1600454205911,2020-09-18T18:36:45.911Z,buy,0.000129,242.12,0.0312334799999999
GVT/BTC,1600454206015,2020-09-18T18:36:46.015Z,buy,0.000129,169.36,0.02184744
GVT/BTC,1600454206813,2020-09-18T18:36:46.813Z,buy,0.000129,117.77,0.0151923299999999
GVT/BTC,1600454220953,2020-09-18T18:37:00.953Z,buy,0.000129,775.19,0.09999951
GVT/BTC,1600454258401,2020-09-18T18:37:38.401Z,buy,0.000129,174.2,0.0224717999999999
GVT/BTC,1600454287416,2020-09-18T18:38:07.416Z,buy,0.000129,535.21,0.06904209
GVT/BTC,1600454287416,2020-09-18T18:38:07.416Z,buy,0.0001293,3.8,0.0004913399999999
GVT/BTC,1600454287416,2020-09-18T18:38:07.416Z,buy,0.0001295,543.99,0.070446705
GVT/BTC,1600454287416,2020-09-18T18:38:07.416Z,buy,0.0001295,7.53,0.000975135
GVT/BTC,1600454287416,2020-09-18T18:38:07.416Z,buy,0.0001296,2.95,0.00038232
GVT/BTC,1600454293021,2020-09-18T18:38:13.021Z,buy,0.0001295,43.0,0.0055685
GVT/BTC,1600454373395,2020-09-18T18:39:33.395Z,buy,0.0001295,7.72,0.00099974
GVT/BTC,1600454398533,2020-09-18T18:39:58.533Z,buy,0.0001295,193.67,0.0250802649999999
GVT/BTC,1600454398619,2020-09-18T18:39:58.619Z,sell,0.0001295,18.21,0.002358195
GVT/BTC,1600454588014,2020-09-18T18:43:08.014Z,sell,0.0001292,50.0,0.00646
GVT/BTC,1600454640196,2020-09-18T18:44:00.196Z,buy,0.0001295,7.73,0.001001035
GVT/BTC,1600454677737,2020-09-18T18:44:37.737Z,buy,0.0001295,20.54,0.00265993
GVT/BTC,1600454730491,2020-09-18T18:45:30.491Z,sell,0.0001294,23.95,0.00309913
GVT/BTC,1600454730592,2020-09-18T18:45:30.592Z,sell,0.0001293,54.78,0.007083054
GVT/BTC,1600454730800,2020-09-18T18:45:30.800Z,sell,0.0001293,38.28,0.004949604
GVT/BTC,1600454731094,2020-09-18T18:45:31.094Z,sell,0.0001293,26.74,0.0034574819999999
GVT/BTC,1600454766499,2020-09-18T18:46:06.499Z,buy,0.0001295,7.73,0.001001035
GVT/BTC,1600454790730,2020-09-18T18:46:30.730Z,sell,0.0001293,15.81,0.002044233
GVT/BTC,1600454790830,2020-09-18T18:46:30.830Z,sell,0.0001293,11.06,0.001430058
GVT/BTC,1600454883735,2020-09-18T18:48:03.735Z,buy,0.0001294,7.73,0.001000262
GVT/BTC,1600454941329,2020-09-18T18:49:01.329Z,sell,0.0001293,163.67,0.021162531
GVT/BTC,1600454941338,2020-09-18T18:49:01.338Z,sell,0.0001293,18.23,0.002357139
GVT/BTC,1600454941603,2020-09-18T18:49:01.603Z,sell,0.0001293,114.4,0.01479192
GVT/BTC,1600454941708,2020-09-18T18:49:01.708Z,sell,0.0001293,80.02,0.010346586
GVT/BTC,1600454942009,2020-09-18T18:49:02.009Z,sell,0.0001293,55.88,0.007225284
GVT/BTC,1600454942102,2020-09-18T18:49:02.102Z,sell,0.0001293,39.09,0.005054337
GVT/BTC,1600454942208,2020-09-18T18:49:02.208Z,sell,0.0001293,27.34,0.003535062
GVT/BTC,1600454942605,2020-09-18T18:49:02.605Z,sell,0.0001293,19.08,0.002467044
GVT/BTC,1600454942703,2020-09-18T18:49:02.703Z,sell,0.0001293,13.35,0.0017261549999999
GVT/BTC,1600454942803,2020-09-18T18:49:02.803Z,sell,0.0001293,9.33,0.001206369
GVT/BTC,1600455143476,2020-09-18T18:52:23.476Z,sell,0.0001293,85.27,0.0110254109999999
GVT/BTC,1600455143485,2020-09-18T18:52:23.485Z,sell,0.0001293,60.91,0.007875663
GVT/BTC,1600455143807,2020-09-18T18:52:23.807Z,sell,0.0001293,42.53,0.005499129
GVT/BTC,1600455143914,2020-09-18T18:52:23.914Z,sell,0.0001293,29.75,0.003846675
GVT/BTC,1600455144013,2020-09-18T18:52:24.013Z,sell,0.0001293,20.8,0.00268944
GVT/BTC,1600455144114,2020-09-18T18:52:24.114Z,sell,0.0001293,14.55,0.001881315
GVT/BTC,1600455144118,2020-09-18T18:52:24.118Z,sell,0.0001293,57.34,0.007414062
GVT/BTC,1600455144320,2020-09-18T18:52:24.320Z,sell,0.0001292,50.25,0.0064922999999999
GVT/BTC,1600455145209,2020-09-18T18:52:25.209Z,sell,0.0001292,34.91,0.0045103719999999
GVT/BTC,1600455145315,2020-09-18T18:52:25.315Z,sell,0.0001292,24.42,0.003155064
GVT/BTC,1600455146812,2020-09-18T18:52:26.812Z,sell,0.0001292,16.89,0.002182188
GVT/BTC,1600455146918,2020-09-18T18:52:26.918Z,sell,0.0001292,11.81,0.001525852
GVT/BTC,1600455147038,2020-09-18T18:52:27.038Z,sell,0.0001292,8.26,0.001067192
GVT/BTC,1600455174198,2020-09-18T18:52:54.198Z,buy,0.0001295,7.73,0.001001035
GVT/BTC,1600455174207,2020-09-18T18:52:54.207Z,sell,0.0001292,10.02,0.0012945839999999
GVT/BTC,1600455221060,2020-09-18T18:53:41.060Z,buy,0.0001295,14.77,0.001912715
GVT/BTC,1600455221060,2020-09-18T18:53:41.060Z,buy,0.0001297,0.93,0.000120621
GVT/BTC,1600455221153,2020-09-18T18:53:41.153Z,sell,0.0001297,15.72,0.002038884
GVT/BTC,1600455221261,2020-09-18T18:53:41.261Z,sell,0.0001297,11.0,0.0014267
GVT/BTC,1600455240569,2020-09-18T18:54:00.569Z,sell,0.0001297,196.6,0.02549902
GVT/BTC,1600455301110,2020-09-18T18:55:01.110Z,sell,0.0001293,1.55,0.000200415
GVT/BTC,1600455301110,2020-09-18T18:55:01.110Z,sell,0.0001292,203.63,0.0263089959999999
GVT/BTC,1600455301123,2020-09-18T18:55:01.123Z,sell,0.0001292,214.26,0.0276823919999999
GVT/BTC,1600455301297,2020-09-18T18:55:01.297Z,sell,0.0001291,161.21,0.020812211
GVT/BTC,1600455301399,2020-09-18T18:55:01.399Z,sell,0.000129,37.01,0.00477429
GVT/BTC,1600455301698,2020-09-18T18:55:01.698Z,sell,0.000129,10.0,0.00129
GVT/BTC,1600455358166,2020-09-18T18:55:58.166Z,buy,0.0001298,2.47,0.000320606
GVT/BTC,1600455367504,2020-09-18T18:56:07.504Z,sell,0.0001289,50.33,0.0064875369999999
GVT/BTC,1600455431879,2020-09-18T18:57:11.879Z,sell,0.000129,50.29,0.00648741
GVT/BTC,1600455441171,2020-09-18T18:57:21.171Z,sell,0.0001294,87.97,0.011383318
GVT/BTC,1600455441471,2020-09-18T18:57:21.471Z,sell,0.0001294,61.43,0.007949042
GVT/BTC,1600455441568,2020-09-18T18:57:21.568Z,sell,0.0001294,42.97,0.005560318
GVT/BTC,1600455442470,2020-09-18T18:57:22.470Z,sell,0.0001294,29.86,0.003863884
GVT/BTC,1600455444774,2020-09-18T18:57:24.774Z,sell,0.0001294,20.5,0.0026527
GVT/BTC,1600455445973,2020-09-18T18:57:25.973Z,sell,0.0001294,14.21,0.001838774
GVT/BTC,1600455446074,2020-09-18T18:57:26.074Z,sell,0.0001294,9.94,0.0012862359999999
GVT/BTC,1600455462683,2020-09-18T18:57:42.683Z,buy,0.0001298,1600.11,0.207694278
GVT/BTC,1600455487319,2020-09-18T18:58:07.319Z,sell,0.0001292,50.3,0.0064987599999999
GVT/BTC,1600455487319,2020-09-18T18:58:07.319Z,sell,0.0001292,50.3,0.0064987599999999
GVT/BTC,1600455516612,2020-09-18T18:58:36.612Z,sell,0.0001295,142.31,0.018429145
GVT/BTC,1600455516717,2020-09-18T18:58:36.717Z,sell,0.0001294,120.0,0.015528
GVT/BTC,1600455550078,2020-09-18T18:59:10.078Z,sell,0.0001293,50.29,0.0065024969999999
GVT/BTC,1600455606794,2020-09-18T19:00:06.794Z,sell,0.0001293,50.26,0.0064986179999999
GVT/BTC,1600455627863,2020-09-18T19:00:27.863Z,buy,0.0001297,2.38,0.000308686
GVT/BTC,1600455646488,2020-09-18T19:00:46.488Z,sell,0.0001294,25.94,0.003356636
GVT/BTC,1600455646589,2020-09-18T19:00:46.589Z,sell,0.0001293,52.46,0.006783078
GVT/BTC,1600455820919,2020-09-18T19:03:40.919Z,buy,0.0001297,18.35,0.002379995
GVT/BTC,1600455868235,2020-09-18T19:04:28.235Z,sell,0.0001292,572.6,0.07397992
GVT/BTC,1600455987935,2020-09-18T19:06:27.935Z,sell,0.0001293,50.0,0.006465
GVT/BTC,1600455987935,2020-09-18T19:06:27.935Z,sell,0.0001292,520.99,0.067311908
GVT/BTC,1600455987935,2020-09-18T19:06:27.935Z,sell,0.000129,120.0,0.0154799999999999
GVT/BTC,1600455987935,2020-09-18T19:06:27.935Z,sell,0.0001289,98.62,0.012712118
GVT/BTC,1600456140559,2020-09-18T19:09:00.559Z,buy,0.0001295,2.85,0.000369075
GVT/BTC,1600456141614,2020-09-18T19:09:01.614Z,buy,0.0001295,2.85,0.000369075
GVT/BTC,1600456142660,2020-09-18T19:09:02.660Z,buy,0.0001295,2.85,0.000369075
GVT/BTC,1600456143657,2020-09-18T19:09:03.657Z,buy,0.0001295,2.85,0.000369075
GVT/BTC,1600456144662,2020-09-18T19:09:04.662Z,buy,0.0001295,2.85,0.000369075
GVT/BTC,1600456145619,2020-09-18T19:09:05.619Z,buy,0.0001295,14.18,0.00183631
GVT/BTC,1600456154168,2020-09-18T19:09:14.168Z,buy,0.0001297,119.44,0.015491368
GVT/BTC,1600456159065,2020-09-18T19:09:19.065Z,sell,0.0001297,270.35,0.035064395
GVT/BTC,1600456159566,2020-09-18T19:09:19.566Z,sell,0.0001297,188.47,0.024444559
GVT/BTC,1600456159668,2020-09-18T19:09:19.668Z,sell,0.0001297,131.82,0.017097054
GVT/BTC,1600456160172,2020-09-18T19:09:20.172Z,sell,0.0001297,91.9,0.01191943
GVT/BTC,1600456160277,2020-09-18T19:09:20.277Z,sell,0.0001297,64.28,0.008337116
GVT/BTC,1600456161768,2020-09-18T19:09:21.768Z,sell,0.0001297,44.45,0.005765165
GVT/BTC,1600456161875,2020-09-18T19:09:21.875Z,sell,0.0001297,31.09,0.004032373
GVT/BTC,1600456161887,2020-09-18T19:09:21.887Z,sell,0.0001297,552.16,0.071615152
GVT/BTC,1600456258516,2020-09-18T19:10:58.516Z,sell,0.0001297,182.5,0.02367025
GVT/BTC,1600456258531,2020-09-18T19:10:58.531Z,sell,0.0001297,28.18,0.003654946
GVT/BTC,1600456258725,2020-09-18T19:10:58.725Z,sell,0.0001295,147.24,0.01906758
GVT/BTC,1600456258824,2020-09-18T19:10:58.824Z,sell,0.0001295,102.99,0.013337205
GVT/BTC,1600456259121,2020-09-18T19:10:59.121Z,sell,0.0001295,71.93,0.009314935
GVT/BTC,1600456259224,2020-09-18T19:10:59.224Z,sell,0.0001295,50.31,0.006515145
GVT/BTC,1600456259622,2020-09-18T19:10:59.622Z,sell,0.0001295,251.89,0.032619755
GVT/BTC,1600456581595,2020-09-18T19:16:21.595Z,buy,0.0001295,85.92,0.01112664
GVT/BTC,1600456582097,2020-09-18T19:16:22.097Z,sell,0.0001295,74.31,0.009623145
GVT/BTC,1600456582205,2020-09-18T19:16:22.205Z,sell,0.0001295,51.97,0.006730115
GVT/BTC,1600456582396,2020-09-18T19:16:22.396Z,sell,0.0001295,36.33,0.004704735
GVT/BTC,1600456582707,2020-09-18T19:16:22.707Z,sell,0.0001295,25.37,0.003285415
GVT/BTC,1600456583103,2020-09-18T19:16:23.103Z,sell,0.0001295,17.7,0.00229215
GVT/BTC,1600456583119,2020-09-18T19:16:23.119Z,sell,0.0001295,18.18,0.00235431
GVT/BTC,1600456583400,2020-09-18T19:16:23.400Z,sell,0.0001295,25.06,0.0032452699999999
GVT/BTC,1600456583903,2020-09-18T19:16:23.903Z,sell,0.0001295,17.47,0.002262365
GVT/BTC,1600456587806,2020-09-18T19:16:27.806Z,sell,0.0001295,11.84,0.00153328
GVT/BTC,1600456588100,2020-09-18T19:16:28.100Z,sell,0.0001295,8.27,0.001070965
GVT/BTC,1600456782622,2020-09-18T19:19:42.622Z,sell,0.0001293,80.81,0.010448733
GVT/BTC,1600456869857,2020-09-18T19:21:09.857Z,sell,0.0001297,27.89,0.003617333
GVT/BTC,1600456870199,2020-09-18T19:21:10.199Z,sell,0.0001297,19.48,0.002526556
GVT/BTC,1600456870554,2020-09-18T19:21:10.554Z,sell,0.0001297,13.59,0.001762623
GVT/BTC,1600456870861,2020-09-18T19:21:10.861Z,sell,0.0001297,9.49,0.001230853
GVT/BTC,1600456884363,2020-09-18T19:21:24.363Z,buy,0.0001298,120.0,0.015576
GVT/BTC,1600456884467,2020-09-18T19:21:24.467Z,sell,0.0001298,89.87,0.011665126
GVT/BTC,1600456884669,2020-09-18T19:21:24.669Z,sell,0.0001298,62.81,0.008152738
GVT/BTC,1600456884964,2020-09-18T19:21:24.964Z,sell,0.0001298,43.86,0.005693028
GVT/BTC,1600456885468,2020-09-18T19:21:25.468Z,sell,0.0001298,30.58,0.003969284
GVT/BTC,1600456887462,2020-09-18T19:21:27.462Z,sell,0.0001298,9.43,0.001224014
GVT/BTC,1600456905348,2020-09-18T19:21:45.348Z,buy,0.0001298,20.83,0.002703734
GVT/BTC,1600456929487,2020-09-18T19:22:09.487Z,sell,0.0001293,24.77,0.0032027609999999
GVT/BTC,1600456929588,2020-09-18T19:22:09.588Z,sell,0.0001293,17.32,0.002239476
GVT/BTC,1600457133716,2020-09-18T19:25:33.716Z,sell,0.0001293,59.56,0.007701108
GVT/BTC,1600457133716,2020-09-18T19:25:33.716Z,sell,0.0001292,400.1,0.05169292
GVT/BTC,1600457133716,2020-09-18T19:25:33.716Z,sell,0.0001286,122.87,0.015801082
GVT/BTC,1600457133716,2020-09-18T19:25:33.716Z,sell,0.0001285,65.78,0.00845273
GVT/BTC,1600457133716,2020-09-18T19:25:33.716Z,sell,0.0001283,15.33,0.001966839
GVT/BTC,1600457133716,2020-09-18T19:25:33.716Z,sell,0.0001282,390.0,0.049998
GVT/BTC,1600457155022,2020-09-18T19:25:55.022Z,buy,0.0001293,2.87,0.000371091
GVT/BTC,1600457155022,2020-09-18T19:25:55.022Z,buy,0.0001295,137.67,0.017828265
GVT/BTC,1600457155029,2020-09-18T19:25:55.029Z,buy,0.0001296,467.04,0.060528384
GVT/BTC,1600457155694,2020-09-18T19:25:55.694Z,sell,0.0001295,6.33,0.000819735
GVT/BTC,1600457155811,2020-09-18T19:25:55.811Z,sell,0.0001295,21.8,0.0028231
GVT/BTC,1600457155843,2020-09-18T19:25:55.843Z,sell,0.0001295,14.42,0.00186739
GVT/BTC,1600457172271,2020-09-18T19:26:12.271Z,buy,0.0001296,70.96,0.0091964159999999
GVT/BTC,1600457295082,2020-09-18T19:28:15.082Z,sell,0.0001294,10.39,0.001344466
GVT/BTC,1600457295082,2020-09-18T19:28:15.082Z,sell,0.0001287,8.23,0.001059201
GVT/BTC,1600457329358,2020-09-18T19:28:49.358Z,sell,0.0001287,18.63,0.002397681
GVT/BTC,1600457329358,2020-09-18T19:28:49.358Z,sell,0.0001286,83.05,0.01068023
GVT/BTC,1600457329358,2020-09-18T19:28:49.358Z,sell,0.0001284,120.0,0.015408
GVT/BTC,1600457329358,2020-09-18T19:28:49.358Z,sell,0.0001283,291.21,0.0373622429999999
GVT/BTC,1600457329358,2020-09-18T19:28:49.358Z,sell,0.0001282,13.11,0.0016807019999999
GVT/BTC,1600457349592,2020-09-18T19:29:09.592Z,sell,0.0001284,50.48,0.006481632
GVT/BTC,1600457352889,2020-09-18T19:29:12.889Z,buy,0.0001293,2.87,0.000371091
GVT/BTC,1600457361713,2020-09-18T19:29:21.713Z,buy,0.0001295,120.0,0.01554
GVT/BTC,1600457402213,2020-09-18T19:30:02.213Z,buy,0.0001295,107.4,0.0139083
GVT/BTC,1600457407617,2020-09-18T19:30:07.617Z,sell,0.0001295,50.47,0.006535865
GVT/BTC,1600457491651,2020-09-18T19:31:31.651Z,buy,0.0001296,80.72,0.010461312
GVT/BTC,1600457491651,2020-09-18T19:31:31.651Z,buy,0.0001297,356.0,0.0461732
GVT/BTC,1600457546588,2020-09-18T19:32:26.588Z,buy,0.0001299,2.0,0.0002598
GVT/BTC,1600457656264,2020-09-18T19:34:16.264Z,sell,0.0001295,77.77,0.010071215
GVT/BTC,1600457736097,2020-09-18T19:35:36.097Z,sell,0.0001295,49.79,0.006447805
GVT/BTC,1600457736097,2020-09-18T19:35:36.097Z,sell,0.0001293,0.86,0.000111198
GVT/BTC,1600457736097,2020-09-18T19:35:36.097Z,sell,0.0001286,26.93,0.003463198
GVT/BTC,1600457736097,2020-09-18T19:35:36.097Z,sell,0.0001285,61.21,0.007865485
GVT/BTC,1600457738145,2020-09-18T19:35:38.145Z,buy,0.0001293,26.93,0.003482049
GVT/BTC,1600458113019,2020-09-18T19:41:53.019Z,buy,0.0001299,8.71,0.001131429
GVT/BTC,1600458150778,2020-09-18T19:42:30.778Z,buy,0.00013,3.8,0.000494
GVT/BTC,1600458150778,2020-09-18T19:42:30.778Z,buy,0.0001303,2.5,0.00032575
GVT/BTC,1600458150868,2020-09-18T19:42:30.868Z,buy,0.0001303,15.74,0.002050922
GVT/BTC,1600458150870,2020-09-18T19:42:30.870Z,buy,0.0001303,229.16,0.029859548
GVT/BTC,1600458151064,2020-09-18T19:42:31.064Z,buy,0.0001304,43.85,0.00571804
GVT/BTC,1600458151872,2020-09-18T19:42:31.872Z,buy,0.0001305,2.09,0.0002727449999999
GVT/BTC,1600458176584,2020-09-18T19:42:56.584Z,buy,0.0001307,3.79,0.000495353
GVT/BTC,1600458177885,2020-09-18T19:42:57.885Z,buy,0.0001308,2.31,0.000302148
GVT/BTC,1600458185580,2020-09-18T19:43:05.580Z,buy,0.0001305,55.41,0.0072310049999999
GVT/BTC,1600458208960,2020-09-18T19:43:28.960Z,buy,0.0001309,74.07,0.009695763
GVT/BTC,1600458259994,2020-09-18T19:44:19.994Z,buy,0.0001308,1.55,0.00020274
GVT/BTC,1600458259994,2020-09-18T19:44:19.994Z,buy,0.0001309,7.3,0.00095557
GVT/BTC,1600458308241,2020-09-18T19:45:08.241Z,buy,0.0001309,164.16,0.021488544
GVT/BTC,1600458308256,2020-09-18T19:45:08.256Z,sell,0.0001309,24.25,0.003174325
GVT/BTC,1600458380513,2020-09-18T19:46:20.513Z,buy,0.000131,17.82,0.00233442
GVT/BTC,1600458380513,2020-09-18T19:46:20.513Z,buy,0.000131,17.82,0.00233442
GVT/BTC,1600459087495,2020-09-18T19:58:07.495Z,buy,0.000131,1.42,0.00018602
GVT/BTC,1600459090185,2020-09-18T19:58:10.185Z,buy,0.000131,0.12,1.5720000000000002e-05
GVT/BTC,1600459090185,2020-09-18T19:58:10.185Z,buy,0.0001311,0.92,0.0001206119999999
GVT/BTC,1600459090185,2020-09-18T19:58:10.185Z,buy,0.0001313,49.68,0.006522984
GVT/BTC,1600459277247,2020-09-18T20:01:17.247Z,sell,0.0001307,5.62,0.000734534
GVT/BTC,1600459277247,2020-09-18T20:01:17.247Z,sell,0.0001307,2.72,0.000355504
GVT/BTC,1600459277247,2020-09-18T20:01:17.247Z,sell,0.0001307,2.85,0.000372495
GVT/BTC,1600459277247,2020-09-18T20:01:17.247Z,sell,0.0001307,5.41,0.000707087
GVT/BTC,1600459277247,2020-09-18T20:01:17.247Z,sell,0.0001307,5.4,0.00070578
GVT/BTC,1600459279842,2020-09-18T20:01:19.842Z,buy,0.0001314,1.47,0.000193158
GVT/BTC,1600459280432,2020-09-18T20:01:20.432Z,sell,0.0001307,17.58,0.002297706
GVT/BTC,1600459280525,2020-09-18T20:01:20.525Z,buy,0.0001314,1.48,0.000194472
GVT/BTC,1600459281268,2020-09-18T20:01:21.268Z,buy,0.0001314,1.5,0.0001971
GVT/BTC,1600459281820,2020-09-18T20:01:21.820Z,buy,0.0001314,1.51,0.000198414
GVT/BTC,1600459283035,2020-09-18T20:01:23.035Z,sell,0.0001312,1.53,0.000200736
GVT/BTC,1600459283035,2020-09-18T20:01:23.035Z,sell,0.0001308,10.07,0.001317156
GVT/BTC,1600459422959,2020-09-18T20:03:42.959Z,sell,0.000131,206.5,0.0270515
GVT/BTC,1600459692695,2020-09-18T20:08:12.695Z,sell,0.000131,33.72,0.00441732
GVT/BTC,1600459692703,2020-09-18T20:08:12.703Z,sell,0.000131,0.01,1.3100000000000002e-06
GVT/BTC,1600459693018,2020-09-18T20:08:13.018Z,sell,0.000131,40.0,0.00524
GVT/BTC,1600459916594,2020-09-18T20:11:56.594Z,buy,0.0001312,15.55,0.00204016
GVT/BTC,1600460057815,2020-09-18T20:14:17.815Z,sell,0.0001307,2.87,0.000375109
GVT/BTC,1600460091097,2020-09-18T20:14:51.097Z,buy,0.0001311,0.92,0.0001206119999999
GVT/BTC,1600460443840,2020-09-18T20:20:43.840Z,buy,0.0001309,31.01,0.004059209
GVT/BTC,1600460443840,2020-09-18T20:20:43.840Z,buy,0.000131,45.33,0.00593823
GVT/BTC,1600460468541,2020-09-18T20:21:08.541Z,sell,0.000131,1.53,0.00020043
GVT/BTC,1600460548284,2020-09-18T20:22:28.284Z,sell,0.0001303,100.0,0.01303
GVT/BTC,1600460557654,2020-09-18T20:22:37.654Z,sell,0.0001303,14.04,0.0018294119999999
GVT/BTC,1600460589590,2020-09-18T20:23:09.590Z,sell,0.0001304,3.48,0.000453792
GVT/BTC,1600460589706,2020-09-18T20:23:09.706Z,buy,0.0001304,67.44,0.0087941759999999
GVT/BTC,1600460748315,2020-09-18T20:25:48.315Z,buy,0.000131,52.63,0.00689453
GVT/BTC,1600461080030,2020-09-18T20:31:20.030Z,sell,0.0001303,14.22,0.001852866
GVT/BTC,1600461137648,2020-09-18T20:32:17.648Z,sell,0.0001303,18.18,0.002368854
GVT/BTC,1600461217546,2020-09-18T20:33:37.546Z,sell,0.0001303,174.73,0.0227673189999999
GVT/BTC,1600461217546,2020-09-18T20:33:37.546Z,sell,0.0001302,65.26,0.008496852
GVT/BTC,1600461374029,2020-09-18T20:36:14.029Z,sell,0.0001306,48.61,0.006348466
GVT/BTC,1600461374137,2020-09-18T20:36:14.137Z,sell,0.0001306,4.54,0.000592924
GVT/BTC,1600461535795,2020-09-18T20:38:55.795Z,sell,0.0001303,50.0,0.006515
GVT/BTC,1600461583322,2020-09-18T20:39:43.322Z,buy,0.0001306,0.92,0.000120152
GVT/BTC,1600461684639,2020-09-18T20:41:24.639Z,sell,0.0001303,58.79,0.007660337
GVT/BTC,1600461684808,2020-09-18T20:41:24.808Z,sell,0.0001302,31.37,0.004084374
GVT/BTC,1600461684816,2020-09-18T20:41:24.816Z,sell,0.0001302,104.7,0.01363194
GVT/BTC,1600461705506,2020-09-18T20:41:45.506Z,buy,0.0001303,129.21,0.016836063
GVT/BTC,1600461841646,2020-09-18T20:44:01.646Z,sell,0.0001303,134.1,0.01747323
GVT/BTC,1600461862127,2020-09-18T20:44:22.127Z,sell,0.00013,2.87,0.0003730999999999
GVT/BTC,1600461862127,2020-09-18T20:44:22.127Z,sell,0.0001298,5.05,0.00065549
GVT/BTC,1600461862127,2020-09-18T20:44:22.127Z,sell,0.0001297,234.8,0.03045356
GVT/BTC,1600461874858,2020-09-18T20:44:34.858Z,sell,0.0001295,292.28,0.03785026
GVT/BTC,1600461969902,2020-09-18T20:46:09.902Z,buy,0.0001303,0.92,0.000119876
GVT/BTC,1600461969902,2020-09-18T20:46:09.902Z,buy,0.0001303,0.92,0.000119876
GVT/BTC,1600461983501,2020-09-18T20:46:23.501Z,sell,0.0001298,46.45,0.00602921
GVT/BTC,1600461987835,2020-09-18T20:46:27.835Z,buy,0.0001303,8.13,0.001059339
GVT/BTC,1600462119546,2020-09-18T20:48:39.546Z,sell,0.0001298,234.55,0.03044459
GVT/BTC,1600462119546,2020-09-18T20:48:39.546Z,sell,0.0001297,2.54,0.000329438
GVT/BTC,1600462119546,2020-09-18T20:48:39.546Z,sell,0.0001296,135.74,0.017591904
GVT/BTC,1600462119546,2020-09-18T20:48:39.546Z,sell,0.0001295,709.19,0.091840105
GVT/BTC,1600462510075,2020-09-18T20:55:10.075Z,buy,0.0001304,15.74,0.002052496
GVT/BTC,1600462510173,2020-09-18T20:55:10.173Z,sell,0.0001304,268.6,0.03502544
GVT/BTC,1600462723191,2020-09-18T20:58:43.191Z,buy,0.0001305,368.72,0.04811796
GVT/BTC,1600462868650,2020-09-18T21:01:08.650Z,buy,0.0001307,3.79,0.000495353
GVT/BTC,1600463209594,2020-09-18T21:06:49.594Z,sell,0.0001302,298.73,0.038894646
GVT/BTC,1600463519702,2020-09-18T21:11:59.702Z,sell,0.0001302,239.02,0.031120404
GVT/BTC,1600463678505,2020-09-18T21:14:38.505Z,sell,0.0001302,562.73,0.073267446
GVT/BTC,1600463932369,2020-09-18T21:18:52.369Z,sell,0.0001308,54.18,0.007086744
GVT/BTC,1600463936270,2020-09-18T21:18:56.270Z,buy,0.0001311,0.92,0.0001206119999999
GVT/BTC,1600464495929,2020-09-18T21:28:15.929Z,sell,0.00013,2.87,0.0003730999999999
GVT/BTC,1600464495929,2020-09-18T21:28:15.929Z,sell,0.0001299,609.03,0.079112997
GVT/BTC,1600464518626,2020-09-18T21:28:38.626Z,buy,0.0001298,120.0,0.015576
GVT/BTC,1600464537550,2020-09-18T21:28:57.550Z,buy,0.0001299,2.77,0.000359823
GVT/BTC,1600464591956,2020-09-18T21:29:51.956Z,sell,0.0001299,26.72,0.003470928
GVT/BTC,1600464640512,2020-09-18T21:30:40.512Z,buy,0.0001304,111.88,0.014589152
GVT/BTC,1600464640525,2020-09-18T21:30:40.525Z,sell,0.0001304,17.64,0.002300256
GVT/BTC,1600464658977,2020-09-18T21:30:58.977Z,buy,0.0001307,3.79,0.000495353
GVT/BTC,1600464687283,2020-09-18T21:31:27.283Z,buy,0.0001311,0.92,0.0001206119999999
GVT/BTC,1600464784132,2020-09-18T21:33:04.132Z,buy,0.0001312,19.15,0.0025124799999999
GVT/BTC,1600464851712,2020-09-18T21:34:11.712Z,buy,0.0001312,16.12,0.002114944
GVT/BTC,1600465007376,2020-09-18T21:36:47.376Z,sell,0.0001301,23.7,0.0030833699999999
GVT/BTC,1600465007376,2020-09-18T21:36:47.376Z,sell,0.00013,2.87,0.0003730999999999
GVT/BTC,1600465007376,2020-09-18T21:36:47.376Z,sell,0.0001295,28.1,0.00363895
GVT/BTC,1600465007376,2020-09-18T21:36:47.376Z,sell,0.0001294,119.53,0.015467182
GVT/BTC,1600465032208,2020-09-18T21:37:12.208Z,buy,0.0001304,1.84,0.000239936
GVT/BTC,1600465462105,2020-09-18T21:44:22.105Z,buy,0.0001304,48.62,0.0063400479999999
GVT/BTC,1600465462105,2020-09-18T21:44:22.105Z,buy,0.0001304,48.62,0.0063400479999999
GVT/BTC,1600465752227,2020-09-18T21:49:12.227Z,buy,0.0001303,116.15,0.015134345
GVT/BTC,1600465752227,2020-09-18T21:49:12.227Z,buy,0.0001304,45.21,0.005895384
GVT/BTC,1600465980591,2020-09-18T21:53:00.591Z,sell,0.0001296,25.7,0.00333072
GVT/BTC,1600465980591,2020-09-18T21:53:00.591Z,sell,0.0001295,351.66,0.04553997
GVT/BTC,1600465980591,2020-09-18T21:53:00.591Z,sell,0.0001293,2.87,0.000371091
GVT/BTC,1600465980591,2020-09-18T21:53:00.591Z,sell,0.0001292,17.0,0.0021964
GVT/BTC,1600465980591,2020-09-18T21:53:00.591Z,sell,0.0001288,165.29,0.0212893519999999
GVT/BTC,1600465980591,2020-09-18T21:53:00.591Z,sell,0.0001287,28.18,0.003626766
GVT/BTC,1600465980591,2020-09-18T21:53:00.591Z,sell,0.0001286,62.17,0.007995062
GVT/BTC,1600465980591,2020-09-18T21:53:00.591Z,sell,0.0001285,4.85,0.000623225
GVT/BTC,1600465980591,2020-09-18T21:53:00.591Z,sell,0.0001284,1.56,0.000200304
GVT/BTC,1600465980591,2020-09-18T21:53:00.591Z,sell,0.0001282,37.88,0.004856216
GVT/BTC,1600465980591,2020-09-18T21:53:00.591Z,sell,0.0001281,1092.84,0.139992804
GVT/BTC,1600465983193,2020-09-18T21:53:03.193Z,buy,0.0001294,38.64,0.005000016
GVT/BTC,1600465983899,2020-09-18T21:53:03.899Z,buy,0.0001294,7.89,0.0010209659999999
GVT/BTC,1600466037023,2020-09-18T21:53:57.023Z,buy,0.0001294,1.86,0.000240684
GVT/BTC,1600466396121,2020-09-18T21:59:56.121Z,buy,0.0001294,1.0,0.0001294
GVT/BTC,1600466524013,2020-09-18T22:02:04.013Z,sell,0.0001293,0.85,0.000109905
GVT/BTC,1600466529637,2020-09-18T22:02:09.637Z,buy,0.0001294,105.61,0.013665934
GVT/BTC,1600466529637,2020-09-18T22:02:09.637Z,buy,0.0001295,28.18,0.00364931
GVT/BTC,1600466529637,2020-09-18T22:02:09.637Z,buy,0.0001296,15.74,0.002039904
GVT/BTC,1600466529637,2020-09-18T22:02:09.637Z,buy,0.0001298,120.0,0.015576
GVT/BTC,1600466529637,2020-09-18T22:02:09.637Z,buy,0.0001299,119.47,0.015519153
GVT/BTC,1600466529637,2020-09-18T22:02:09.637Z,buy,0.0001299,2.84,0.000368916
GVT/BTC,1600466535309,2020-09-18T22:02:15.309Z,buy,0.00013,3.8,0.000494
GVT/BTC,1600466535309,2020-09-18T22:02:15.309Z,buy,0.0001302,43.85,0.00570927
GVT/BTC,1600466535309,2020-09-18T22:02:15.309Z,buy,0.0001303,365.35,0.047605105
GVT/BTC,1600466539652,2020-09-18T22:02:19.652Z,buy,0.0001303,68.0,0.0088604
GVT/BTC,1600466541765,2020-09-18T22:02:21.765Z,buy,0.0001303,34.0,0.0044302
GVT/BTC,1600466545666,2020-09-18T22:02:25.666Z,buy,0.0001303,176.0,0.0229328
GVT/BTC,1600466550436,2020-09-18T22:02:30.436Z,buy,0.0001303,114.0,0.0148542
GVT/BTC,1600466552539,2020-09-18T22:02:32.539Z,buy,0.0001303,794.0,0.1034582
GVT/BTC,1600466557359,2020-09-18T22:02:37.359Z,buy,0.0001303,186.0,0.0242358
GVT/BTC,1600466560717,2020-09-18T22:02:40.717Z,buy,0.0001303,796.0,0.1037188
GVT/BTC,1600466562820,2020-09-18T22:02:42.820Z,buy,0.0001303,350.0,0.045605
GVT/BTC,1600466564913,2020-09-18T22:02:44.913Z,buy,0.0001304,209.0,0.0272536
GVT/BTC,1600466567037,2020-09-18T22:02:47.037Z,buy,0.0001304,591.16,0.0770872639999999
GVT/BTC,1600466578177,2020-09-18T22:02:58.177Z,sell,0.0001304,220.84,0.028797536
GVT/BTC,1600466609981,2020-09-18T22:03:29.981Z,buy,0.0001306,40.93,0.005345458
GVT/BTC,1600466609989,2020-09-18T22:03:29.989Z,buy,0.0001306,79.48,0.010380088
GVT/BTC,1600466610887,2020-09-18T22:03:30.887Z,buy,0.0001307,3.79,0.000495353
GVT/BTC,1600466611894,2020-09-18T22:03:31.894Z,buy,0.0001308,245.01,0.032047308
GVT/BTC,1600466612897,2020-09-18T22:03:32.897Z,buy,0.0001309,344.85,0.045140865
GVT/BTC,1600466612905,2020-09-18T22:03:32.905Z,buy,0.0001309,281.68,0.036871912
GVT/BTC,1600466613084,2020-09-18T22:03:33.084Z,buy,0.000131,123.93,0.01623483
GVT/BTC,1600466613381,2020-09-18T22:03:33.381Z,buy,0.0001311,79.73,0.010452603
GVT/BTC,1600466679237,2020-09-18T22:04:39.237Z,sell,0.0001312,177.8,0.02332736
GVT/BTC,1600467035846,2020-09-18T22:10:35.846Z,buy,0.0001314,1.53,0.000201042
GVT/BTC,1600467073173,2020-09-18T22:11:13.173Z,sell,0.0001313,16.48,0.002163824
GVT/BTC,1600467080053,2020-09-18T22:11:20.053Z,sell,0.0001306,133.6,0.01744816
GVT/BTC,1600467080053,2020-09-18T22:11:20.053Z,sell,0.0001305,2.31,0.000301455
GVT/BTC,1600467086745,2020-09-18T22:11:26.745Z,sell,0.0001307,12.75,0.001666425
GVT/BTC,1600467086745,2020-09-18T22:11:26.745Z,sell,0.0001305,48.9,0.0063814499999999
GVT/BTC,1600467086745,2020-09-18T22:11:26.745Z,sell,0.0001304,15.63,0.002038152
GVT/BTC,1600467095216,2020-09-18T22:11:35.216Z,sell,0.0001306,12.31,0.001607686
GVT/BTC,1600467095261,2020-09-18T22:11:35.261Z,buy,0.0001305,46.81,0.006108705
GVT/BTC,1600467110539,2020-09-18T22:11:50.539Z,sell,0.0001306,12.45,0.00162597
GVT/BTC,1600467119290,2020-09-18T22:11:59.290Z,sell,0.0001306,70.37,0.009190322
GVT/BTC,1600467141715,2020-09-18T22:12:21.715Z,sell,0.0001306,10.43,0.001362158
GVT/BTC,1600467167603,2020-09-18T22:12:47.603Z,sell,0.0001305,7.96,0.00103878
GVT/BTC,1600467175018,2020-09-18T22:12:55.018Z,sell,0.0001305,6.24,0.00081432
GVT/BTC,1600467177805,2020-09-18T22:12:57.805Z,buy,0.0001305,141.37,0.018448785
GVT/BTC,1600467178001,2020-09-18T22:12:58.001Z,buy,0.0001305,43.11,0.005625855
GVT/BTC,1600467241520,2020-09-18T22:14:01.520Z,sell,0.0001306,11.82,0.001543692
GVT/BTC,1600467241520,2020-09-18T22:14:01.520Z,sell,0.0001305,120.0,0.01566
GVT/BTC,1600467241520,2020-09-18T22:14:01.520Z,sell,0.0001304,385.11,0.050218344
GVT/BTC,1600467299652,2020-09-18T22:14:59.652Z,sell,0.0001309,8.74,0.001144066
GVT/BTC,1600467441077,2020-09-18T22:17:21.077Z,sell,0.000131,24.1,0.0031571
GVT/BTC,1600467508150,2020-09-18T22:18:28.150Z,sell,0.0001312,69.28,0.0090895359999999
GVT/BTC,1600468269337,2020-09-18T22:31:09.337Z,sell,0.0001305,120.0,0.01566
GVT/BTC,1600468269337,2020-09-18T22:31:09.337Z,sell,0.0001304,1.57,0.000204728
GVT/BTC,1600468269365,2020-09-18T22:31:09.365Z,sell,0.0001304,252.5,0.032926
GVT/BTC,1600468269412,2020-09-18T22:31:09.412Z,sell,0.0001304,261.93,0.034155672
GVT/BTC,1600468269466,2020-09-18T22:31:09.466Z,sell,0.0001304,524.37,0.068377848
GVT/BTC,1600468269511,2020-09-18T22:31:09.511Z,sell,0.0001304,534.18,0.0696570719999999
GVT/BTC,1600468313165,2020-09-18T22:31:53.165Z,buy,0.0001305,1.84,0.00024012
GVT/BTC,1600468316308,2020-09-18T22:31:56.308Z,buy,0.0001305,3.19,0.000416295
GVT/BTC,1600468328696,2020-09-18T22:32:08.696Z,sell,0.0001304,59.76,0.0077927039999999
GVT/BTC,1600468351968,2020-09-18T22:32:31.968Z,sell,0.0001304,4241.12,0.553042048
GVT/BTC,1600468470883,2020-09-18T22:34:30.883Z,buy,0.0001306,10.0,0.001306
GVT/BTC,1600468627711,2020-09-18T22:37:07.711Z,buy,0.0001306,4.26,0.000556356
GVT/BTC,1600468997541,2020-09-18T22:43:17.541Z,buy,0.0001303,0.92,0.000119876
GVT/BTC,1600469012437,2020-09-18T22:43:32.437Z,sell,0.0001301,148.55,0.019326355
GVT/BTC,1600469048492,2020-09-18T22:44:08.492Z,buy,0.0001301,1.54,0.000200354
GVT/BTC,1600469048492,2020-09-18T22:44:08.492Z,buy,0.0001301,1.54,0.000200354
GVT/BTC,1600469549966,2020-09-18T22:52:29.966Z,buy,0.0001302,142.76,0.0185873519999999
GVT/BTC,1600469550197,2020-09-18T22:52:30.197Z,buy,0.0001302,11.71,0.001524642
GVT/BTC,1600469719792,2020-09-18T22:55:19.792Z,sell,0.0001302,38.29,0.004985358
GVT/BTC,1600469720022,2020-09-18T22:55:20.022Z,buy,0.0001301,60.0,0.007806
GVT/BTC,1600470051418,2020-09-18T23:00:51.418Z,sell,0.00013,1.43,0.0001858999999999
GVT/BTC,1600470051418,2020-09-18T23:00:51.418Z,sell,0.0001293,73.57,0.0095126009999999
GVT/BTC,1600470158582,2020-09-18T23:02:38.582Z,buy,0.0001297,1.86,0.000241242
GVT/BTC,1600470357679,2020-09-18T23:05:57.679Z,sell,0.0001293,4.42,0.0005715059999999
GVT/BTC,1600470357796,2020-09-18T23:05:57.796Z,buy,0.0001293,9.96,0.001287828
GVT/BTC,1600471422957,2020-09-18T23:23:42.957Z,buy,0.0001293,0.93,0.000120249
GVT/BTC,1600471524502,2020-09-18T23:25:24.502Z,sell,0.0001292,25.19,0.003254548
GVT/BTC,1600471950469,2020-09-18T23:32:30.469Z,buy,0.000129,4.44,0.00057276
GVT/BTC,1600472005146,2020-09-18T23:33:25.146Z,buy,0.000129,0.93,0.00011997
GVT/BTC,1600472313782,2020-09-18T23:38:33.782Z,buy,0.000129,9.44,0.0012177599999999
GVT/BTC,1600472313782,2020-09-18T23:38:33.782Z,buy,0.0001291,120.0,0.0154919999999999
GVT/BTC,1600472313782,2020-09-18T23:38:33.782Z,buy,0.0001292,152.08,0.019648736
GVT/BTC,1600472313782,2020-09-18T23:38:33.782Z,buy,0.0001292,0.87,0.0001124039999999
GVT/BTC,1600472592729,2020-09-18T23:43:12.729Z,buy,0.0001291,120.0,0.0154919999999999
GVT/BTC,1600472592729,2020-09-18T23:43:12.729Z,buy,0.0001292,145.04,0.0187391679999999
GVT/BTC,1600472592729,2020-09-18T23:43:12.729Z,buy,0.0001291,120.0,0.0154919999999999
GVT/BTC,1600472592729,2020-09-18T23:43:12.729Z,buy,0.0001292,145.04,0.0187391679999999
GVT/BTC,1600473373516,2020-09-18T23:56:13.516Z,sell,0.0001286,209.91,0.026994426
GVT/BTC,1600473373557,2020-09-18T23:56:13.557Z,buy,0.0001286,583.69,0.075062534
GVT/BTC,1600473373754,2020-09-18T23:56:13.754Z,buy,0.0001286,80.0,0.010288
GVT/BTC,1600473383360,2020-09-18T23:56:23.360Z,buy,0.0001286,38.36,0.004933096
GVT/BTC,1600473460797,2020-09-18T23:57:40.797Z,buy,0.0001292,272.08,0.035152736
GVT/BTC,1600473492562,2020-09-18T23:58:12.562Z,sell,0.0001286,0.94,0.000120884
GVT/BTC,1600473493062,2020-09-18T23:58:13.062Z,sell,0.0001286,0.62,7.9732e-05
GVT/BTC,1600473493062,2020-09-18T23:58:13.062Z,sell,0.0001285,0.32,4.1120000000000006e-05
GVT/BTC,1600473603449,2020-09-19T00:00:03.449Z,buy,0.0001287,0.79,0.000101673
GVT/BTC,1600473603449,2020-09-19T00:00:03.449Z,buy,0.0001287,0.15,1.9305e-05
GVT/BTC,1600473603449,2020-09-19T00:00:03.449Z,buy,0.0001291,0.93,0.000120063
GVT/BTC,1600473603449,2020-09-19T00:00:03.449Z,buy,0.0001292,0.74,9.5608e-05
GVT/BTC,1600473798715,2020-09-19T00:03:18.715Z,buy,0.0001292,76.22,0.009847624
GVT/BTC,1600473798715,2020-09-19T00:03:18.715Z,buy,0.0001293,2.87,0.000371091
GVT/BTC,1600473798715,2020-09-19T00:03:18.715Z,buy,0.0001295,0.93,0.000120435
GVT/BTC,1600473798715,2020-09-19T00:03:18.715Z,buy,0.0001296,120.0,0.015552
GVT/BTC,1600473806535,2020-09-19T00:03:26.535Z,buy,0.0001297,128.63,0.016683311
GVT/BTC,1600473806535,2020-09-19T00:03:26.535Z,buy,0.0001298,0.93,0.000120714
GVT/BTC,1600473806535,2020-09-19T00:03:26.535Z,buy,0.00013,96.03,0.0124839
GVT/BTC,1600473820104,2020-09-19T00:03:40.104Z,buy,0.0001301,77.81,0.0101230809999999
GVT/BTC,1600473820104,2020-09-19T00:03:40.104Z,buy,0.0001302,0.93,0.000121086
GVT/BTC,1600473820104,2020-09-19T00:03:40.104Z,buy,0.0001303,646.79,0.0842767369999999
GVT/BTC,1600473844669,2020-09-19T00:04:04.669Z,buy,0.0001304,500.95,0.06532388
GVT/BTC,1600473846502,2020-09-19T00:04:06.502Z,sell,0.0001304,1.85,0.00024124
GVT/BTC,1600473848230,2020-09-19T00:04:08.230Z,buy,0.0001305,261.43,0.034116615
GVT/BTC,1600473857989,2020-09-19T00:04:17.989Z,buy,0.0001306,7.66,0.001000396
GVT/BTC,1600473864378,2020-09-19T00:04:24.378Z,buy,0.0001306,120.4,0.01572424
GVT/BTC,1600473864416,2020-09-19T00:04:24.416Z,sell,0.0001306,38.36,0.005009816
GVT/BTC,1600473864430,2020-09-19T00:04:24.430Z,sell,0.0001306,239.41,0.031266946
GVT/BTC,1600473865438,2020-09-19T00:04:25.438Z,sell,0.0001306,17.24,0.002251544
GVT/BTC,1600473914720,2020-09-19T00:05:14.720Z,buy,0.0001305,1.56,0.00020358
GVT/BTC,1600473927655,2020-09-19T00:05:27.655Z,buy,0.0001307,2.87,0.000375109
GVT/BTC,1600473927655,2020-09-19T00:05:27.655Z,buy,0.0001308,32.11,0.004199988
GVT/BTC,1600473930807,2020-09-19T00:05:30.807Z,sell,0.0001305,20.39,0.002660895
GVT/BTC,1600473949876,2020-09-19T00:05:49.876Z,buy,0.0001308,10.0,0.001308
GVT/BTC,1600474197685,2020-09-19T00:09:57.685Z,buy,0.0001307,1.55,0.000202585
GVT/BTC,1600474448630,2020-09-19T00:14:08.630Z,buy,0.0001307,1.54,0.000201278
GVT/BTC,1600474801340,2020-09-19T00:20:01.340Z,sell,0.0001306,50.0,0.00653
GVT/BTC,1600474801340,2020-09-19T00:20:01.340Z,sell,0.00013,2.87,0.0003730999999999
GVT/BTC,1600474801340,2020-09-19T00:20:01.340Z,sell,0.0001299,120.0,0.015588
GVT/BTC,1600474801340,2020-09-19T00:20:01.340Z,sell,0.0001298,573.54,0.074445492
GVT/BTC,1600474807097,2020-09-19T00:20:07.097Z,sell,0.0001295,23.16,0.00299922
GVT/BTC,1600474807097,2020-09-19T00:20:07.097Z,sell,0.0001294,34.09,0.004411246
GVT/BTC,1600474807097,2020-09-19T00:20:07.097Z,sell,0.0001293,121.78,0.015746154
GVT/BTC,1600474807097,2020-09-19T00:20:07.097Z,sell,0.0001292,17.0,0.0021964
GVT/BTC,1600474807097,2020-09-19T00:20:07.097Z,sell,0.000129,77.38,0.00998202
GVT/BTC,1600474807097,2020-09-19T00:20:07.097Z,sell,0.0001289,335.12,0.0431969679999999
GVT/BTC,1600474807097,2020-09-19T00:20:07.097Z,sell,0.0001288,5.36,0.000690368
GVT/BTC,1600474807097,2020-09-19T00:20:07.097Z,sell,0.0001287,28.35,0.003648645
GVT/BTC,1600474807097,2020-09-19T00:20:07.097Z,sell,0.0001285,4.53,0.000582105
GVT/BTC,1600474807097,2020-09-19T00:20:07.097Z,sell,0.0001284,317.03,0.0407066519999999
GVT/BTC,1600474809126,2020-09-19T00:20:09.126Z,buy,0.0001296,23.16,0.003001536
GVT/BTC,1600474810127,2020-09-19T00:20:10.127Z,buy,0.0001297,28.35,0.003676995
GVT/BTC,1600474817703,2020-09-19T00:20:17.703Z,sell,0.0001287,227.11,0.029229057
GVT/BTC,1600474859657,2020-09-19T00:20:59.657Z,buy,0.0001299,0.92,0.000119508
GVT/BTC,1600475049098,2020-09-19T00:24:09.098Z,buy,0.0001299,1.54,0.000200046
GVT/BTC,1600475049098,2020-09-19T00:24:09.098Z,buy,0.0001299,1.54,0.000200046
GVT/BTC,1600476200538,2020-09-19T00:43:20.538Z,buy,0.0001297,0.93,0.000120621
GVT/BTC,1600476367283,2020-09-19T00:46:07.283Z,sell,0.0001295,0.85,0.000110075
GVT/BTC,1600476548678,2020-09-19T00:49:08.678Z,sell,0.0001295,1.54,0.00019943
GVT/BTC,1600476679900,2020-09-19T00:51:19.900Z,buy,0.0001294,0.93,0.000120342
GVT/BTC,1600476931452,2020-09-19T00:55:31.452Z,sell,0.0001287,69.31,0.008920197
GVT/BTC,1600477006123,2020-09-19T00:56:46.123Z,buy,0.000129,0.93,0.00011997
GVT/BTC,1600477157517,2020-09-19T00:59:17.517Z,buy,0.000129,120.03,0.0154838699999999
GVT/BTC,1600477157517,2020-09-19T00:59:17.517Z,buy,0.0001293,40.97,0.005297421
GVT/BTC,1600477641870,2020-09-19T01:07:21.870Z,buy,0.0001295,111.58,0.01444961
GVT/BTC,1600477641982,2020-09-19T01:07:21.982Z,sell,0.0001295,206.42,0.02673139
GVT/BTC,1600478073014,2020-09-19T01:14:33.014Z,buy,0.0001296,75.98,0.009847008
GVT/BTC,1600478079766,2020-09-19T01:14:39.766Z,buy,0.0001296,25.15,0.00325944
GVT/BTC,1600478174154,2020-09-19T01:16:14.154Z,buy,0.0001296,85.42,0.011070432
GVT/BTC,1600478350161,2020-09-19T01:19:10.161Z,sell,0.0001288,0.88,0.0001133439999999
GVT/BTC,1600478350161,2020-09-19T01:19:10.161Z,sell,0.0001288,0.88,0.0001133439999999
GVT/BTC,1600479231311,2020-09-19T01:33:51.311Z,buy,0.0001296,90.93,0.011784528
GVT/BTC,1600479304684,2020-09-19T01:35:04.684Z,buy,0.0001298,0.93,0.000120714
GVT/BTC,1600479451151,2020-09-19T01:37:31.151Z,buy,0.00013,80.25,0.0104324999999999
GVT/BTC,1600479451151,2020-09-19T01:37:31.151Z,buy,0.0001301,2.17,0.000282317
GVT/BTC,1600479451151,2020-09-19T01:37:31.151Z,buy,0.0001302,0.93,0.000121086
GVT/BTC,1600479451151,2020-09-19T01:37:31.151Z,buy,0.0001303,17.0,0.0022151
GVT/BTC,1600479451151,2020-09-19T01:37:31.151Z,buy,0.0001305,637.34,0.08317287
GVT/BTC,1600479451151,2020-09-19T01:37:31.151Z,buy,0.0001306,164.65,0.02150329
GVT/BTC,1600479451151,2020-09-19T01:37:31.151Z,buy,0.0001309,491.6,0.06435044
GVT/BTC,1600479665540,2020-09-19T01:41:05.540Z,buy,0.0001307,81.87,0.010700409
GVT/BTC,1600479920177,2020-09-19T01:45:20.177Z,buy,0.0001307,126.1,0.01648127
GVT/BTC,1600479950315,2020-09-19T01:45:50.315Z,buy,0.0001307,607.62,0.079415934
GVT/BTC,1600480341368,2020-09-19T01:52:21.368Z,sell,0.00013,2.87,0.0003730999999999
GVT/BTC,1600480408585,2020-09-19T01:53:28.585Z,buy,0.0001306,8.68,0.001133608
GVT/BTC,1600480414258,2020-09-19T01:53:34.258Z,buy,0.0001305,4.81,0.000627705
GVT/BTC,1600480625165,2020-09-19T01:57:05.165Z,buy,0.0001305,4.53,0.000591165
GVT/BTC,1600481053857,2020-09-19T02:04:13.857Z,buy,0.0001305,164.62,0.02148291
GVT/BTC,1600481068085,2020-09-19T02:04:28.085Z,sell,0.0001296,73.83,0.009568368
GVT/BTC,1600481620433,2020-09-19T02:13:40.433Z,sell,0.0001297,138.07,0.017907679
GVT/BTC,1600481620433,2020-09-19T02:13:40.433Z,sell,0.0001296,253.73,0.032883408
GVT/BTC,1600481620433,2020-09-19T02:13:40.433Z,sell,0.0001297,138.07,0.017907679
GVT/BTC,1600481620433,2020-09-19T02:13:40.433Z,sell,0.0001296,253.73,0.032883408
GVT/BTC,1600483078721,2020-09-19T02:37:58.721Z,buy,0.0001303,74.61,0.009721683
GVT/BTC,1600483078775,2020-09-19T02:37:58.775Z,sell,0.0001303,13.94,0.0018163819999999
GVT/BTC,1600483079775,2020-09-19T02:37:59.775Z,sell,0.0001303,110.0,0.014333
GVT/BTC,1600484745662,2020-09-19T03:05:45.662Z,buy,0.0001303,1.54,0.000200662
GVT/BTC,1600484745662,2020-09-19T03:05:45.662Z,buy,0.0001304,0.46,5.9984e-05
GVT/BTC,1600484791443,2020-09-19T03:06:31.443Z,buy,0.0001301,0.92,0.0001196919999999
GVT/BTC,1600484791443,2020-09-19T03:06:31.443Z,buy,0.0001301,0.92,0.0001196919999999
GVT/BTC,1600485423123,2020-09-19T03:17:03.123Z,sell,0.00013,31.76,0.0041288
GVT/BTC,1600485855807,2020-09-19T03:24:15.807Z,sell,0.00013,23.3,0.003029
GVT/BTC,1600486086720,2020-09-19T03:28:06.720Z,buy,0.0001303,20.37,0.002654211
GVT/BTC,1600486665560,2020-09-19T03:37:45.560Z,sell,0.00013,463.5,0.0602549999999999
GVT/BTC,1600487960803,2020-09-19T03:59:20.803Z,buy,0.0001303,110.16,0.0143538479999999
GVT/BTC,1600487990187,2020-09-19T03:59:50.187Z,buy,0.0001302,6.77,0.0008814539999999
GVT/BTC,1600488011944,2020-09-19T04:00:11.944Z,buy,0.0001302,46.17,0.006011334
GVT/BTC,1600488040843,2020-09-19T04:00:40.843Z,buy,0.0001303,2.37,0.000308811
GVT/BTC,1600488157743,2020-09-19T04:02:37.743Z,buy,0.0001303,114.14,0.014872442
GVT/BTC,1600488157743,2020-09-19T04:02:37.743Z,buy,0.0001303,114.14,0.014872442
GVT/BTC,1600488492792,2020-09-19T04:08:12.792Z,buy,0.0001303,286.31,0.037306193
GVT/BTC,1600488569010,2020-09-19T04:09:29.010Z,buy,0.0001303,6.25,0.000814375
GVT/BTC,1600488731764,2020-09-19T04:12:11.764Z,buy,0.0001303,2.42,0.000315326
GVT/BTC,1600488766478,2020-09-19T04:12:46.478Z,sell,0.0001301,6.76,0.0008794759999999
GVT/BTC,1600488766478,2020-09-19T04:12:46.478Z,sell,0.00013,8.15,0.0010595
GVT/BTC,1600488862398,2020-09-19T04:14:22.398Z,buy,0.0001303,141.08,0.018382724
GVT/BTC,1600488878073,2020-09-19T04:14:38.073Z,buy,0.0001303,211.62,0.027574086
GVT/BTC,1600488966594,2020-09-19T04:16:06.594Z,buy,0.0001303,7.4,0.00096422
GVT/BTC,1600488989673,2020-09-19T04:16:29.673Z,sell,0.00013,122.26,0.0158938
GVT/BTC,1600488989673,2020-09-19T04:16:29.673Z,sell,0.0001296,120.0,0.015552
GVT/BTC,1600488989673,2020-09-19T04:16:29.673Z,sell,0.0001295,44.05,0.005704475
GVT/BTC,1600489008710,2020-09-19T04:16:48.710Z,buy,0.0001302,137.59,0.017914218
GVT/BTC,1600489075767,2020-09-19T04:17:55.767Z,buy,0.0001303,24.0,0.0031272
GVT/BTC,1600489378187,2020-09-19T04:22:58.187Z,sell,0.0001295,86.95,0.011260025
GVT/BTC,1600490338483,2020-09-19T04:38:58.483Z,buy,0.0001302,3.62,0.000471324
GVT/BTC,1600490606951,2020-09-19T04:43:26.951Z,sell,0.0001298,2.95,0.00038291
GVT/BTC,1600490606951,2020-09-19T04:43:26.951Z,sell,0.0001294,9.07,0.001173658
GVT/BTC,1600490606951,2020-09-19T04:43:26.951Z,sell,0.0001293,2.87,0.000371091
GVT/BTC,1600490606951,2020-09-19T04:43:26.951Z,sell,0.0001292,17.0,0.0021964
GVT/BTC,1600490606951,2020-09-19T04:43:26.951Z,sell,0.000129,2.87,0.00037023
GVT/BTC,1600490606951,2020-09-19T04:43:26.951Z,sell,0.0001287,17.65,0.002271555
GVT/BTC,1600490606951,2020-09-19T04:43:26.951Z,sell,0.0001286,38.14,0.004904804
GVT/BTC,1600490692123,2020-09-19T04:44:52.123Z,buy,0.0001297,0.93,0.000120621
GVT/BTC,1600490722217,2020-09-19T04:45:22.217Z,buy,0.0001296,16.61,0.002152656
GVT/BTC,1600490722217,2020-09-19T04:45:22.217Z,buy,0.0001297,103.88,0.013473236
GVT/BTC,1600490722217,2020-09-19T04:45:22.217Z,buy,0.0001298,324.55,0.04212659
GVT/BTC,1600490786068,2020-09-19T04:46:26.068Z,buy,0.00013,4.12,0.0005356
GVT/BTC,1600490840868,2020-09-19T04:47:20.868Z,buy,0.0001302,0.93,0.000121086
GVT/BTC,1600490904033,2020-09-19T04:48:24.033Z,buy,0.0001303,118.12,0.015391036
GVT/BTC,1600490904033,2020-09-19T04:48:24.033Z,buy,0.0001303,118.12,0.015391036
GVT/BTC,1600491970782,2020-09-19T05:06:10.782Z,buy,0.0001303,17.0,0.0022151
GVT/BTC,1600491970782,2020-09-19T05:06:10.782Z,buy,0.0001305,1.0,0.0001305
GVT/BTC,1600492005488,2020-09-19T05:06:45.488Z,buy,0.0001305,99.12,0.01293516
GVT/BTC,1600492020905,2020-09-19T05:07:00.905Z,buy,0.0001306,0.92,0.000120152
GVT/BTC,1600492020905,2020-09-19T05:07:00.905Z,buy,0.0001307,2.87,0.000375109
GVT/BTC,1600492020905,2020-09-19T05:07:00.905Z,buy,0.000131,2.21,0.00028951
GVT/BTC,1600492036530,2020-09-19T05:07:16.530Z,buy,0.0001304,0.92,0.000119968
GVT/BTC,1600492116102,2020-09-19T05:08:36.102Z,buy,0.0001304,0.62,8.0848e-05
GVT/BTC,1600493708528,2020-09-19T05:35:08.528Z,sell,0.0001304,2.38,0.0003103519999999
GVT/BTC,1600493903474,2020-09-19T05:38:23.474Z,sell,0.00013,2.87,0.0003730999999999
GVT/BTC,1600493903474,2020-09-19T05:38:23.474Z,sell,0.0001297,120.0,0.015564
GVT/BTC,1600493903474,2020-09-19T05:38:23.474Z,sell,0.0001296,617.16,0.079983936
GVT/BTC,1600493903474,2020-09-19T05:38:23.474Z,sell,0.0001293,115.8,0.0149729399999999
GVT/BTC,1600493903527,2020-09-19T05:38:23.527Z,buy,0.0001293,100.66,0.013015338
GVT/BTC,1600493917831,2020-09-19T05:38:37.831Z,sell,0.0001296,34.22,0.004434912
GVT/BTC,1600493917831,2020-09-19T05:38:37.831Z,sell,0.0001295,89.0,0.0115255
GVT/BTC,1600493917831,2020-09-19T05:38:37.831Z,sell,0.0001294,393.01,0.050855494
GVT/BTC,1600493917831,2020-09-19T05:38:37.831Z,sell,0.0001293,2482.02,0.320925186
GVT/BTC,1600493918888,2020-09-19T05:38:38.888Z,sell,0.0001292,18.24,0.0023566079999999
GVT/BTC,1600493919902,2020-09-19T05:38:39.902Z,sell,0.0001291,1.38,0.0001781579999999
GVT/BTC,1600493968911,2020-09-19T05:39:28.911Z,buy,0.00013,0.92,0.0001196
GVT/BTC,1600494029325,2020-09-19T05:40:29.325Z,buy,0.0001299,2.45,0.000318255
GVT/BTC,1600494072476,2020-09-19T05:41:12.476Z,buy,0.0001299,120.91,0.015706209
GVT/BTC,1600494072514,2020-09-19T05:41:12.514Z,sell,0.0001299,81.04,0.010527096
GVT/BTC,1600494318272,2020-09-19T05:45:18.272Z,sell,0.0001294,99.12,0.012826128
GVT/BTC,1600494338955,2020-09-19T05:45:38.955Z,buy,0.0001298,119.84,0.015555232
GVT/BTC,1600494338955,2020-09-19T05:45:38.955Z,buy,0.0001299,647.17,0.084067383
GVT/BTC,1600494380485,2020-09-19T05:46:20.485Z,buy,0.00013,1.95,0.0002535
GVT/BTC,1600494420933,2020-09-19T05:47:00.933Z,sell,0.00013,3.05,0.0003964999999999
GVT/BTC,1600494420933,2020-09-19T05:47:00.933Z,sell,0.00013,3.05,0.0003964999999999
GVT/BTC,1600494551748,2020-09-19T05:49:11.748Z,buy,0.0001298,62.06,0.008055388
GVT/BTC,1600494551748,2020-09-19T05:49:11.748Z,buy,0.0001299,388.59,0.050477841
GVT/BTC,1600494551748,2020-09-19T05:49:11.748Z,buy,0.00013,314.92,0.0409396
GVT/BTC,1600494559241,2020-09-19T05:49:19.241Z,buy,0.00013,709.25,0.0922024999999999
GVT/BTC,1600494691096,2020-09-19T05:51:31.096Z,buy,0.00013,75.12,0.0097656
GVT/BTC,1600494870534,2020-09-19T05:54:30.534Z,buy,0.00013,1017.66,0.1322958
GVT/BTC,1600495923364,2020-09-19T06:12:03.364Z,buy,0.0001299,115.8,0.01504242
GVT/BTC,1600495923364,2020-09-19T06:12:03.364Z,buy,0.00013,74.85,0.0097304999999999
GVT/BTC,1600495976845,2020-09-19T06:12:56.845Z,sell,0.00013,236.08,0.0306904
GVT/BTC,1600496799494,2020-09-19T06:26:39.494Z,sell,0.0001297,20.0,0.002594
GVT/BTC,1600496822472,2020-09-19T06:27:02.472Z,sell,0.0001293,2.87,0.000371091
GVT/BTC,1600496824808,2020-09-19T06:27:04.808Z,buy,0.0001293,1.86,0.000240498
GVT/BTC,1600496842314,2020-09-19T06:27:22.314Z,sell,0.0001291,17.6,0.00227216
GVT/BTC,1600496842314,2020-09-19T06:27:22.314Z,sell,0.0001289,2.44,0.000314516
GVT/BTC,1600496842355,2020-09-19T06:27:22.355Z,buy,0.0001289,593.65,0.0765214849999999
GVT/BTC,1600496842454,2020-09-19T06:27:22.454Z,buy,0.0001289,49.71,0.006407619
GVT/BTC,1600496847453,2020-09-19T06:27:27.453Z,sell,0.000129,60.2,0.0077658
GVT/BTC,1600496847453,2020-09-19T06:27:27.453Z,sell,0.0001289,120.0,0.0154679999999999
GVT/BTC,1600496847453,2020-09-19T06:27:27.453Z,sell,0.0001288,483.21,0.0622374479999999
GVT/BTC,1600496953319,2020-09-19T06:29:13.319Z,sell,0.0001295,389.28,0.05041176
GVT/BTC,1600496957218,2020-09-19T06:29:17.218Z,sell,0.0001295,49.71,0.006437445
GVT/BTC,1600496966818,2020-09-19T06:29:26.818Z,buy,0.0001296,17.59,0.002279664
GVT/BTC,1600497205977,2020-09-19T06:33:25.977Z,buy,0.0001297,137.65,0.017853205
GVT/BTC,1600497206055,2020-09-19T06:33:26.055Z,sell,0.0001297,204.37,0.026506789
GVT/BTC,1600497369154,2020-09-19T06:36:09.154Z,buy,0.0001298,0.93,0.000120714
GVT/BTC,1600497790802,2020-09-19T06:43:10.802Z,buy,0.0001298,4.61,0.000598378
GVT/BTC,1600497840762,2020-09-19T06:44:00.762Z,sell,0.0001291,17.53,0.002263123
GVT/BTC,1600497840762,2020-09-19T06:44:00.762Z,sell,0.000129,120.0,0.0154799999999999
GVT/BTC,1600497840762,2020-09-19T06:44:00.762Z,sell,0.0001289,620.69,0.080006941
GVT/BTC,1600497840811,2020-09-19T06:44:00.811Z,buy,0.0001289,26.42,0.003405538
GVT/BTC,1600497934392,2020-09-19T06:45:34.392Z,buy,0.0001293,0.93,0.000120249
GVT/BTC,1600497934392,2020-09-19T06:45:34.392Z,buy,0.0001293,0.93,0.000120249
GVT/BTC,1600498323121,2020-09-19T06:52:03.121Z,buy,0.0001293,56.21,0.007267953
GVT/BTC,1600498323121,2020-09-19T06:52:03.121Z,buy,0.0001294,120.0,0.015528
GVT/BTC,1600498323121,2020-09-19T06:52:03.121Z,buy,0.0001295,548.56,0.07103852
GVT/BTC,1600499386695,2020-09-19T07:09:46.695Z,sell,0.0001295,1.93,0.000249935
GVT/BTC,1600499408452,2020-09-19T07:10:08.452Z,sell,0.0001295,31.3,0.00405335
GVT/BTC,1600499897432,2020-09-19T07:18:17.432Z,buy,0.0001295,70.1,0.00907795
GVT/BTC,1600500230401,2020-09-19T07:23:50.401Z,buy,0.0001295,68.71,0.0088979449999999
GVT/BTC,1600500230401,2020-09-19T07:23:50.401Z,buy,0.0001298,0.93,0.000120714
GVT/BTC,1600500230401,2020-09-19T07:23:50.401Z,buy,0.00013,5.13,0.0006668999999999
GVT/BTC,1600500230401,2020-09-19T07:23:50.401Z,buy,0.0001301,66.45,0.008645145
GVT/BTC,1600500230401,2020-09-19T07:23:50.401Z,buy,0.0001302,623.61,0.081194022
GVT/BTC,1600500230401,2020-09-19T07:23:50.401Z,buy,0.0001303,17.0,0.0022151
GVT/BTC,1600500230401,2020-09-19T07:23:50.401Z,buy,0.0001304,789.61,0.102965144
GVT/BTC,1600500230401,2020-09-19T07:23:50.401Z,buy,0.0001305,256.68,0.03349674
GVT/BTC,1600500230444,2020-09-19T07:23:50.444Z,sell,0.0001305,26.42,0.00344781
GVT/BTC,1600500232026,2020-09-19T07:23:52.026Z,buy,0.0001306,0.92,0.000120152
GVT/BTC,1600500232026,2020-09-19T07:23:52.026Z,buy,0.0001307,19.88,0.002598316
GVT/BTC,1600500232177,2020-09-19T07:23:52.177Z,sell,0.0001305,20.61,0.002689605
GVT/BTC,1600500323164,2020-09-19T07:25:23.164Z,buy,0.0001307,11.39,0.001488673
GVT/BTC,1600500482563,2020-09-19T07:28:02.563Z,sell,0.0001305,160.83,0.020988315
GVT/BTC,1600500595824,2020-09-19T07:29:55.824Z,sell,0.0001305,88.75,0.011581875
GVT/BTC,1600500609743,2020-09-19T07:30:09.743Z,sell,0.0001305,31.04,0.00405072
GVT/BTC,1600500640792,2020-09-19T07:30:40.792Z,sell,0.0001305,2.14,0.00027927
GVT/BTC,1600500648660,2020-09-19T07:30:48.660Z,sell,0.0001305,27.17,0.003545685
GVT/BTC,1600500743754,2020-09-19T07:32:23.754Z,sell,0.0001305,39.81,0.005195205
GVT/BTC,1600501018689,2020-09-19T07:36:58.689Z,sell,0.0001305,882.69,0.115191045
GVT/BTC,1600501053626,2020-09-19T07:37:33.626Z,sell,0.0001305,821.29,0.107178345
GVT/BTC,1600501053626,2020-09-19T07:37:33.626Z,sell,0.0001305,821.29,0.107178345
GVT/BTC,1600501790593,2020-09-19T07:49:50.593Z,sell,0.0001305,33.35,0.004352175
GVT/BTC,1600501791272,2020-09-19T07:49:51.272Z,sell,0.0001305,13.19,0.0017212949999999
GVT/BTC,1600502035851,2020-09-19T07:53:55.851Z,sell,0.0001305,127.56,0.01664658
GVT/BTC,1600502050280,2020-09-19T07:54:10.280Z,sell,0.0001305,35.71,0.004660155
GVT/BTC,1600502052471,2020-09-19T07:54:12.471Z,buy,0.0001307,15.28,0.001997096
GVT/BTC,1600502690431,2020-09-19T08:04:50.431Z,sell,0.0001305,142.02,0.01853361
GVT/BTC,1600502736131,2020-09-19T08:05:36.131Z,sell,0.0001305,167.07,0.021802635
GVT/BTC,1600503020645,2020-09-19T08:10:20.645Z,sell,0.0001305,122.73,0.016016265
GVT/BTC,1600503046143,2020-09-19T08:10:46.143Z,sell,0.0001305,5.0,0.0006525
GVT/BTC,1600503181588,2020-09-19T08:13:01.588Z,sell,0.0001305,83.15,0.010851075
GVT/BTC,1600503233670,2020-09-19T08:13:53.670Z,sell,0.00013,1.43,0.0001858999999999
GVT/BTC,1600503233670,2020-09-19T08:13:53.670Z,sell,0.0001294,17.59,0.002276146
GVT/BTC,1600503233670,2020-09-19T08:13:53.670Z,sell,0.0001293,120.0,0.015516
GVT/BTC,1600503233701,2020-09-19T08:13:53.701Z,buy,0.0001293,92.23,0.011925339
GVT/BTC,1600503765222,2020-09-19T08:22:45.222Z,sell,0.0001293,4.56,0.0005896079999999
GVT/BTC,1600503765222,2020-09-19T08:22:45.222Z,sell,0.0001293,4.56,0.0005896079999999
GVT/BTC,1600505120675,2020-09-19T08:45:20.675Z,buy,0.0001298,120.0,0.015576
GVT/BTC,1600505120675,2020-09-19T08:45:20.675Z,buy,0.0001299,85.16,0.011062284
GVT/BTC,1600505120752,2020-09-19T08:45:20.752Z,sell,0.0001299,92.23,0.011980677
GVT/BTC,1600505229982,2020-09-19T08:47:09.982Z,sell,0.00013,1.55,0.0002015
GVT/BTC,1600506215657,2020-09-19T09:03:35.657Z,buy,0.00013,3.01,0.0003912999999999
GVT/BTC,1600506215657,2020-09-19T09:03:35.657Z,buy,0.0001301,467.19,0.0607814189999999
GVT/BTC,1600506349123,2020-09-19T09:05:49.123Z,sell,0.0001301,48.17,0.0062669169999999
GVT/BTC,1600506840574,2020-09-19T09:14:00.574Z,sell,0.0001293,2.66,0.000343938
GVT/BTC,1600506840616,2020-09-19T09:14:00.616Z,buy,0.0001293,423.07,0.054702951
GVT/BTC,1600506995424,2020-09-19T09:16:35.424Z,buy,0.00013,2.87,0.0003730999999999
GVT/BTC,1600506995424,2020-09-19T09:16:35.424Z,buy,0.0001301,232.3,0.03022223
GVT/BTC,1600507306174,2020-09-19T09:21:46.174Z,sell,0.0001301,301.45,0.0392186449999999
GVT/BTC,1600507338690,2020-09-19T09:22:18.690Z,buy,0.0001304,4.14,0.0005398559999999
GVT/BTC,1600507338690,2020-09-19T09:22:18.690Z,buy,0.0001304,4.14,0.0005398559999999
GVT/BTC,1600507640134,2020-09-19T09:27:20.134Z,sell,0.0001294,8.69,0.0011244859999999
GVT/BTC,1600507640164,2020-09-19T09:27:20.164Z,buy,0.0001294,191.31,0.024755514
GVT/BTC,1600508244379,2020-09-19T09:37:24.379Z,buy,0.0001305,904.44,0.11802942
GVT/BTC,1600508244506,2020-09-19T09:37:24.506Z,sell,0.0001305,312.93,0.040837365
GVT/BTC,1600508865517,2020-09-19T09:47:45.517Z,buy,0.0001306,684.82,0.089437492
GVT/BTC,1600508984639,2020-09-19T09:49:44.639Z,buy,0.0001306,152.92,0.0199713519999999
GVT/BTC,1600509052910,2020-09-19T09:50:52.910Z,buy,0.0001306,707.28,0.0923707679999999
GVT/BTC,1600509247678,2020-09-19T09:54:07.678Z,sell,0.0001296,1.32,0.000171072
GVT/BTC,1600509247678,2020-09-19T09:54:07.678Z,sell,0.0001295,11.12,0.0014400399999999
GVT/BTC,1600509343774,2020-09-19T09:55:43.774Z,buy,0.0001305,1.66,0.00021663
GVT/BTC,1600509347565,2020-09-19T09:55:47.565Z,buy,0.0001305,6.41,0.000836505
GVT/BTC,1600510140895,2020-09-19T10:09:00.895Z,sell,0.0001295,1.54,0.00019943
GVT/BTC,1600510140895,2020-09-19T10:09:00.895Z,sell,0.0001293,2.87,0.000371091
GVT/BTC,1600510140895,2020-09-19T10:09:00.895Z,sell,0.0001292,17.0,0.0021964
GVT/BTC,1600510140895,2020-09-19T10:09:00.895Z,sell,0.0001291,120.0,0.0154919999999999
GVT/BTC,1600510140895,2020-09-19T10:09:00.895Z,sell,0.000129,163.97,0.0211521299999999
GVT/BTC,1600510325262,2020-09-19T10:12:05.262Z,buy,0.0001294,4.4,0.00056936
GVT/BTC,1600510643315,2020-09-19T10:17:23.315Z,sell,0.0001294,79.87,0.010335178
GVT/BTC,1600510844556,2020-09-19T10:20:44.556Z,buy,0.00013,2.87,0.0003730999999999
GVT/BTC,1600510876609,2020-09-19T10:21:16.609Z,sell,0.00013,14.09,0.0018317
GVT/BTC,1600510876609,2020-09-19T10:21:16.609Z,sell,0.00013,14.09,0.0018317
GVT/BTC,1600511234599,2020-09-19T10:27:14.599Z,sell,0.0001295,46.33,0.005999735
GVT/BTC,1600511502533,2020-09-19T10:31:42.533Z,buy,0.0001301,120.0,0.015612
GVT/BTC,1600511569895,2020-09-19T10:32:49.895Z,buy,0.0001302,155.06,0.020188812
GVT/BTC,1600511898360,2020-09-19T10:38:18.360Z,sell,0.0001295,299.24,0.03875158
GVT/BTC,1600511898360,2020-09-19T10:38:18.360Z,sell,0.0001293,2.87,0.000371091
GVT/BTC,1600511898360,2020-09-19T10:38:18.360Z,sell,0.000129,10.05,0.00129645
GVT/BTC,1600511898459,2020-09-19T10:38:18.459Z,buy,0.000129,593.65,0.0765808499999999
GVT/BTC,1600512037776,2020-09-19T10:40:37.776Z,buy,0.000129,218.96,0.0282458399999999
GVT/BTC,1600512125804,2020-09-19T10:42:05.804Z,sell,0.0001289,2.68,0.000345452
GVT/BTC,1600512125804,2020-09-19T10:42:05.804Z,sell,0.0001288,4.63,0.000596344
GVT/BTC,1600512138195,2020-09-19T10:42:18.195Z,sell,0.0001287,20.32,0.002615184
GVT/BTC,1600512138195,2020-09-19T10:42:18.195Z,sell,0.0001286,120.0,0.015432
GVT/BTC,1600512139020,2020-09-19T10:42:19.020Z,buy,0.0001286,60.55,0.00778673
GVT/BTC,1600512155600,2020-09-19T10:42:35.600Z,buy,0.0001286,0.78,0.000100308
GVT/BTC,1600512161943,2020-09-19T10:42:41.943Z,buy,0.0001286,1.16,0.000149176
GVT/BTC,1600512168095,2020-09-19T10:42:48.095Z,buy,0.0001286,1.16,0.000149176
GVT/BTC,1600512191355,2020-09-19T10:43:11.355Z,buy,0.0001286,1.56,0.000200616
GVT/BTC,1600512219947,2020-09-19T10:43:39.947Z,sell,0.0001286,11.76,0.001512336
GVT/BTC,1600512902512,2020-09-19T10:55:02.512Z,sell,0.000129,4.8,0.0006192
GVT/BTC,1600512904998,2020-09-19T10:55:04.998Z,sell,0.000129,16.8,0.0021671999999999
GVT/BTC,1600512907513,2020-09-19T10:55:07.513Z,sell,0.000129,9.12,0.0011764799999999
GVT/BTC,1600512910900,2020-09-19T10:55:10.900Z,sell,0.000129,12.0,0.001548
GVT/BTC,1600512914674,2020-09-19T10:55:14.674Z,sell,0.000129,4.8,0.0006192
GVT/BTC,1600513089000,2020-09-19T10:58:09.000Z,sell,0.000129,14.37,0.0018537299999999
GVT/BTC,1600513126543,2020-09-19T10:58:46.543Z,buy,0.0001293,10.05,0.001299465
GVT/BTC,1600513126543,2020-09-19T10:58:46.543Z,buy,0.0001295,2.27,0.000293965
GVT/BTC,1600513542782,2020-09-19T11:05:42.782Z,sell,0.0001295,663.55,0.085929725
GVT/BTC,1600513542782,2020-09-19T11:05:42.782Z,sell,0.0001291,32.52,0.004198332
GVT/BTC,1600513671011,2020-09-19T11:07:51.011Z,sell,0.0001291,120.0,0.0154919999999999
GVT/BTC,1600513671142,2020-09-19T11:07:51.142Z,sell,0.000129,60.55,0.0078109499999999
GVT/BTC,1600513703849,2020-09-19T11:08:23.849Z,buy,0.0001291,474.65,0.0612773149999999
GVT/BTC,1600513750816,2020-09-19T11:09:10.816Z,buy,0.0001296,2.23,0.000289008
GVT/BTC,1600513750816,2020-09-19T11:09:10.816Z,buy,0.0001299,2.32,0.000301368
GVT/BTC,1600513750816,2020-09-19T11:09:10.816Z,buy,0.00013,2.87,0.0003730999999999
GVT/BTC,1600513750866,2020-09-19T11:09:10.866Z,sell,0.00013,593.65,0.0771745
GVT/BTC,1600513845736,2020-09-19T11:10:45.736Z,buy,0.0001301,2.16,0.000281016
GVT/BTC,1600513845736,2020-09-19T11:10:45.736Z,buy,0.0001302,17.53,0.002282406
GVT/BTC,1600513845736,2020-09-19T11:10:45.736Z,buy,0.0001303,143.82,0.0187397459999999
GVT/BTC,1600513988766,2020-09-19T11:13:08.766Z,sell,0.0001303,1.54,0.000200662
GVT/BTC,1600514073830,2020-09-19T11:14:33.830Z,buy,0.0001304,344.48,0.044920192
GVT/BTC,1600514073830,2020-09-19T11:14:33.830Z,buy,0.0001305,120.0,0.01566
GVT/BTC,1600514135630,2020-09-19T11:15:35.630Z,buy,0.0001306,0.78,0.000101868
GVT/BTC,1600514136774,2020-09-19T11:15:36.774Z,buy,0.0001306,10.91,0.001424846
GVT/BTC,1600514137786,2020-09-19T11:15:37.786Z,buy,0.0001307,2.87,0.000375109
GVT/BTC,1600514248133,2020-09-19T11:17:28.133Z,buy,0.0001308,2.26,0.000295608
GVT/BTC,1600514248133,2020-09-19T11:17:28.133Z,buy,0.0001308,2.26,0.000295608
GVT/BTC,1600514722579,2020-09-19T11:25:22.579Z,buy,0.000131,11.39,0.00149209
GVT/BTC,1600514722579,2020-09-19T11:25:22.579Z,buy,0.0001312,120.0,0.0157439999999999
GVT/BTC,1600514722579,2020-09-19T11:25:22.579Z,buy,0.0001313,158.33,0.020788729
GVT/BTC,1600514722579,2020-09-19T11:25:22.579Z,buy,0.0001314,2.87,0.000377118
GVT/BTC,1600514722579,2020-09-19T11:25:22.579Z,buy,0.0001315,17.65,0.002320975
GVT/BTC,1600514722579,2020-09-19T11:25:22.579Z,buy,0.0001316,231.35,0.03044566
GVT/BTC,1600514722579,2020-09-19T11:25:22.579Z,buy,0.0001317,221.76,0.0292057919999999
GVT/BTC,1600514843727,2020-09-19T11:27:23.727Z,buy,0.0001315,1.53,0.000201195
GVT/BTC,1600514843727,2020-09-19T11:27:23.727Z,buy,0.0001316,44.28,0.005827248
GVT/BTC,1600514843727,2020-09-19T11:27:23.727Z,buy,0.0001317,1944.05,0.256031385
GVT/BTC,1600514843727,2020-09-19T11:27:23.727Z,buy,0.0001318,517.31,0.068181458
GVT/BTC,1600514843727,2020-09-19T11:27:23.727Z,buy,0.0001319,457.39,0.060329741
GVT/BTC,1600514843727,2020-09-19T11:27:23.727Z,buy,0.000132,532.74,0.07032168
GVT/BTC,1600514843727,2020-09-19T11:27:23.727Z,buy,0.0001321,512.92,0.067756732
GVT/BTC,1600514843727,2020-09-19T11:27:23.727Z,buy,0.0001323,5467.0,0.7232841
GVT/BTC,1600514843727,2020-09-19T11:27:23.727Z,buy,0.0001324,591.7,0.07834108
GVT/BTC,1600514844059,2020-09-19T11:27:24.059Z,buy,0.0001315,577.61,0.075955715
GVT/BTC,1600514844059,2020-09-19T11:27:24.059Z,sell,0.0001309,1.56,0.000204204
GVT/BTC,1600514844061,2020-09-19T11:27:24.061Z,buy,0.0001315,329.44,0.0433213599999999
GVT/BTC,1600514844354,2020-09-19T11:27:24.354Z,buy,0.0001315,905.65,0.1190929749999999
GVT/BTC,1600515142225,2020-09-19T11:32:22.225Z,buy,0.0001322,1.56,0.000206232
GVT/BTC,1600515142225,2020-09-19T11:32:22.225Z,buy,0.0001323,28.7,0.0037970099999999
GVT/BTC,1600515143069,2020-09-19T11:32:23.069Z,buy,0.0001323,33.64,0.004450572
GVT/BTC,1600515237243,2020-09-19T11:33:57.243Z,sell,0.0001315,150.68,0.01981442
GVT/BTC,1600515237243,2020-09-19T11:33:57.243Z,sell,0.0001315,10.32,0.00135708
GVT/BTC,1600515237243,2020-09-19T11:33:57.243Z,sell,0.0001315,11.78,0.0015490699999999
GVT/BTC,1600515237243,2020-09-19T11:33:57.243Z,sell,0.0001315,34.28,0.00450782
GVT/BTC,1600515290290,2020-09-19T11:34:50.290Z,sell,0.0001318,174.41,0.022987238
GVT/BTC,1600515292714,2020-09-19T11:34:52.714Z,sell,0.0001315,7.66,0.00100729
GVT/BTC,1600515299206,2020-09-19T11:34:59.206Z,buy,0.0001323,553.55,0.0732346649999999
GVT/BTC,1600515299293,2020-09-19T11:34:59.293Z,sell,0.0001323,269.43,0.035645589
GVT/BTC,1600515571129,2020-09-19T11:39:31.129Z,buy,0.0001323,179.52,0.023750496
GVT/BTC,1600516028581,2020-09-19T11:47:08.581Z,sell,0.0001316,144.45,0.0190096199999999
GVT/BTC,1600516028581,2020-09-19T11:47:08.581Z,sell,0.0001315,2.09,0.0002748349999999
GVT/BTC,1600516029581,2020-09-19T11:47:09.581Z,sell,0.0001315,20.73,0.002725995
GVT/BTC,1600516030594,2020-09-19T11:47:10.594Z,sell,0.0001314,2.87,0.000377118
GVT/BTC,1600516218524,2020-09-19T11:50:18.524Z,buy,0.0001312,80.0,0.0104959999999999
GVT/BTC,1600516218524,2020-09-19T11:50:18.524Z,sell,0.0001312,2.95,0.00038704
GVT/BTC,1600516218596,2020-09-19T11:50:18.596Z,sell,0.0001312,83.46,0.0109499519999999
GVT/BTC,1600516218692,2020-09-19T11:50:18.692Z,sell,0.0001312,58.38,0.0076594559999999
GVT/BTC,1600516218788,2020-09-19T11:50:18.788Z,sell,0.0001312,3.86,0.0005064319999999
GVT/BTC,1600516268671,2020-09-19T11:51:08.671Z,buy,0.0001312,1.52,0.000199424
GVT/BTC,1600516539851,2020-09-19T11:55:39.851Z,sell,0.0001308,36.21,0.004736268
GVT/BTC,1600516604370,2020-09-19T11:56:44.370Z,sell,0.0001308,137.53,0.017988924
GVT/BTC,1600516604397,2020-09-19T11:56:44.397Z,sell,0.0001307,112.88,0.014753416
GVT/BTC,1600516604592,2020-09-19T11:56:44.592Z,sell,0.0001307,2.87,0.000375109
GVT/BTC,1600516604592,2020-09-19T11:56:44.592Z,sell,0.0001306,17.0,0.0022202
GVT/BTC,1600516604697,2020-09-19T11:56:44.697Z,sell,0.0001305,72.87,0.009509535
GVT/BTC,1600516604799,2020-09-19T11:56:44.799Z,sell,0.0001305,50.98,0.00665289
GVT/BTC,1600516604899,2020-09-19T11:56:44.899Z,sell,0.0001305,35.66,0.00465363
GVT/BTC,1600516605009,2020-09-19T11:56:45.009Z,sell,0.0001305,152.31,0.019876455
GVT/BTC,1600516605019,2020-09-19T11:56:45.019Z,sell,0.0001305,96.41,0.012581505
GVT/BTC,1600516605199,2020-09-19T11:56:45.199Z,sell,0.0001305,102.49,0.013374945
GVT/BTC,1600516605495,2020-09-19T11:56:45.495Z,sell,0.0001305,71.58,0.00934119
GVT/BTC,1600516606000,2020-09-19T11:56:46.000Z,sell,0.0001305,49.9,0.00651195
GVT/BTC,1600516606390,2020-09-19T11:56:46.390Z,sell,0.0001305,34.82,0.00454401
GVT/BTC,1600516606498,2020-09-19T11:56:46.498Z,sell,0.0001305,24.35,0.003177675
GVT/BTC,1600516606698,2020-09-19T11:56:46.698Z,sell,0.0001305,17.02,0.00222111
GVT/BTC,1600516607597,2020-09-19T11:56:47.597Z,sell,0.0001305,11.83,0.001543815
GVT/BTC,1600516660519,2020-09-19T11:57:40.519Z,sell,0.0001305,361.04,0.04711572
GVT/BTC,1600516660536,2020-09-19T11:57:40.536Z,sell,0.0001305,218.18,0.02847249
GVT/BTC,1600516689618,2020-09-19T11:58:09.618Z,sell,0.0001305,324.42,0.04233681
GVT/BTC,1600516725710,2020-09-19T11:58:45.710Z,sell,0.0001302,17.0,0.0022134
GVT/BTC,1600516725710,2020-09-19T11:58:45.710Z,sell,0.00013,4.81,0.0006252999999999
GVT/BTC,1600516725710,2020-09-19T11:58:45.710Z,sell,0.0001298,5.46,0.000708708
GVT/BTC,1600516725710,2020-09-19T11:58:45.710Z,sell,0.0001295,33.23,0.004303285
GVT/BTC,1600516725710,2020-09-19T11:58:45.710Z,sell,0.0001294,174.06,0.022523364
GVT/BTC,1600516747907,2020-09-19T11:59:07.907Z,sell,0.0001295,18.09,0.002342655
GVT/BTC,1600516798006,2020-09-19T11:59:58.006Z,sell,0.0001294,60.79,0.007866226
GVT/BTC,1600516808684,2020-09-19T12:00:08.684Z,buy,0.0001294,1.55,0.00020057
GVT/BTC,1600516822131,2020-09-19T12:00:22.131Z,sell,0.0001293,2.87,0.000371091
GVT/BTC,1600516822131,2020-09-19T12:00:22.131Z,sell,0.0001292,17.0,0.0021964
GVT/BTC,1600516822131,2020-09-19T12:00:22.131Z,sell,0.0001291,3.03,0.000391173
GVT/BTC,1600516822131,2020-09-19T12:00:22.131Z,sell,0.0001289,49.94,0.0064372659999999
GVT/BTC,1600516822131,2020-09-19T12:00:22.131Z,sell,0.0001288,180.57,0.0232574159999999
GVT/BTC,1600516845618,2020-09-19T12:00:45.618Z,sell,0.0001293,179.34,0.023188662
GVT/BTC,1600516845850,2020-09-19T12:00:45.850Z,sell,0.0001293,52.67,0.006810231
GVT/BTC,1600516885294,2020-09-19T12:01:25.294Z,buy,0.0001293,593.65,0.076758945
GVT/BTC,1600516902920,2020-09-19T12:01:42.920Z,sell,0.0001292,140.0,0.018088
GVT/BTC,1600516903572,2020-09-19T12:01:43.572Z,sell,0.0001292,72.16,0.009323072
GVT/BTC,1600517252567,2020-09-19T12:07:32.567Z,sell,0.0001293,4.08,0.000527544
GVT/BTC,1600517252567,2020-09-19T12:07:32.567Z,sell,0.0001292,20.03,0.002587876
GVT/BTC,1600517252567,2020-09-19T12:07:32.567Z,sell,0.0001289,75.89,0.0097822209999999
GVT/BTC,1600517363865,2020-09-19T12:09:23.865Z,sell,0.0001289,3.41,0.0004395489999999
GVT/BTC,1600517363865,2020-09-19T12:09:23.865Z,sell,0.0001288,15.59,0.0020079919999999
GVT/BTC,1600517363865,2020-09-19T12:09:23.865Z,sell,0.0001289,3.41,0.0004395489999999
GVT/BTC,1600517363865,2020-09-19T12:09:23.865Z,sell,0.0001288,15.59,0.0020079919999999
GVT/BTC,1600517937406,2020-09-19T12:18:57.406Z,sell,0.0001289,10.99,0.001416611
GVT/BTC,1600518002050,2020-09-19T12:20:02.050Z,sell,0.0001289,25.36,0.0032689039999999
GVT/BTC,1600519624436,2020-09-19T12:47:04.436Z,buy,0.0001299,8.0,0.0010392
GVT/BTC,1600519799078,2020-09-19T12:49:59.078Z,sell,0.0001291,115.31,0.014886521
GVT/BTC,1600520039738,2020-09-19T12:53:59.738Z,buy,0.0001299,2.78,0.000361122
GVT/BTC,1600520064094,2020-09-19T12:54:24.094Z,buy,0.0001299,0.81,0.000105219
GVT/BTC,1600520264133,2020-09-19T12:57:44.133Z,sell,0.0001291,3.0,0.0003873
GVT/BTC,1600520264133,2020-09-19T12:57:44.133Z,sell,0.0001291,3.0,0.0003873
GVT/BTC,1600521255476,2020-09-19T13:14:15.476Z,buy,0.0001299,6.5,0.00084435
GVT/BTC,1600521255476,2020-09-19T13:14:15.476Z,buy,0.00013,2.87,0.0003730999999999
GVT/BTC,1600521288410,2020-09-19T13:14:48.410Z,buy,0.0001303,15.19,0.001979257
GVT/BTC,1600521445495,2020-09-19T13:17:25.495Z,sell,0.00013,182.14,0.0236781999999999
GVT/BTC,1600522146416,2020-09-19T13:29:06.416Z,sell,0.00013,40.2,0.005226
GVT/BTC,1600522311323,2020-09-19T13:31:51.323Z,sell,0.00013,152.05,0.0197665
GVT/BTC,1600522421287,2020-09-19T13:33:41.287Z,sell,0.0001293,2.87,0.000371091
GVT/BTC,1600522421287,2020-09-19T13:33:41.287Z,sell,0.0001292,15.19,0.0019625479999999
GVT/BTC,1600522421287,2020-09-19T13:33:41.287Z,sell,0.0001291,4.14,0.000534474
GVT/BTC,1600523131958,2020-09-19T13:45:31.958Z,buy,0.0001299,20.9,0.00271491
GVT/BTC,1600523135653,2020-09-19T13:45:35.653Z,sell,0.0001295,16.48,0.00213416
GVT/BTC,1600523137822,2020-09-19T13:45:37.822Z,buy,0.00013,5.62,0.0007306
GVT/BTC,1600523141393,2020-09-19T13:45:41.393Z,buy,0.00013,2.45,0.0003185
GVT/BTC,1600523144974,2020-09-19T13:45:44.974Z,buy,0.00013,0.84,0.0001091999999999
GVT/BTC,1600523213953,2020-09-19T13:46:53.953Z,buy,0.00013,0.85,0.0001104999999999
GVT/BTC,1600523256771,2020-09-19T13:47:36.771Z,buy,0.00013,0.81,0.0001053
GVT/BTC,1600523259524,2020-09-19T13:47:39.524Z,buy,0.00013,1.01,0.0001313
GVT/BTC,1600523288989,2020-09-19T13:48:08.989Z,sell,0.0001295,362.68,0.04696706
GVT/BTC,1600523288989,2020-09-19T13:48:08.989Z,sell,0.0001291,200.55,0.025891005
GVT/BTC,1600523288989,2020-09-19T13:48:08.989Z,sell,0.000129,436.77,0.05634333
GVT/BTC,1600523357164,2020-09-19T13:49:17.164Z,sell,0.0001291,58.37,0.0075355669999999
GVT/BTC,1600523357164,2020-09-19T13:49:17.164Z,sell,0.000129,56.95,0.00734655
GVT/BTC,1600523503336,2020-09-19T13:51:43.336Z,sell,0.000129,546.4,0.0704856
GVT/BTC,1600523503336,2020-09-19T13:51:43.336Z,sell,0.0001289,3.27,0.000421503
GVT/BTC,1600523503336,2020-09-19T13:51:43.336Z,sell,0.0001288,620.92,0.0799744959999999
GVT/BTC,1600523503336,2020-09-19T13:51:43.336Z,sell,0.0001286,2.87,0.000369082
GVT/BTC,1600523503336,2020-09-19T13:51:43.336Z,sell,0.0001285,196.44,0.02524254
GVT/BTC,1600523503336,2020-09-19T13:51:43.336Z,sell,0.0001284,10.04,0.001289136
GVT/BTC,1600523503336,2020-09-19T13:51:43.336Z,sell,0.0001283,2.11,0.000270713
GVT/BTC,1600523503336,2020-09-19T13:51:43.336Z,sell,0.0001282,1.05,0.00013461
GVT/BTC,1600523503336,2020-09-19T13:51:43.336Z,sell,0.0001281,408.23,0.052294263
GVT/BTC,1600523503336,2020-09-19T13:51:43.336Z,sell,0.000128,43.45,0.0055616
GVT/BTC,1600523503336,2020-09-19T13:51:43.336Z,sell,0.0001279,3.13,0.0004003269999999
GVT/BTC,1600523503336,2020-09-19T13:51:43.336Z,sell,0.0001279,378.41,0.048398639
GVT/BTC,1600523503336,2020-09-19T13:51:43.336Z,sell,0.0001278,2.53,0.0003233339999999
GVT/BTC,1600523503336,2020-09-19T13:51:43.336Z,sell,0.0001277,164.44,0.0209989879999999
GVT/BTC,1600523503336,2020-09-19T13:51:43.336Z,sell,0.0001276,165.09,0.021065484
GVT/BTC,1600523503336,2020-09-19T13:51:43.336Z,sell,0.0001275,237.46,0.03027615
GVT/BTC,1600523503336,2020-09-19T13:51:43.336Z,sell,0.0001274,533.75,0.06799975
GVT/BTC,1600523503570,2020-09-19T13:51:43.570Z,buy,0.0001279,100.0,0.01279
GVT/BTC,1600523503572,2020-09-19T13:51:43.572Z,buy,0.0001279,20.0,0.002558
GVT/BTC,1600523503572,2020-09-19T13:51:43.572Z,buy,0.000128,720.0,0.0921599999999999
GVT/BTC,1600523504140,2020-09-19T13:51:44.140Z,buy,0.000128,293.22,0.03753216
GVT/BTC,1600523505307,2020-09-19T13:51:45.307Z,sell,0.0001279,10.51,0.001344229
GVT/BTC,1600523547281,2020-09-19T13:52:27.281Z,sell,0.0001282,2.99,0.000383318
GVT/BTC,1600523547281,2020-09-19T13:52:27.281Z,sell,0.0001281,3.51,0.000449631
GVT/BTC,1600523547281,2020-09-19T13:52:27.281Z,sell,0.0001279,2563.37,0.3278550229999999
GVT/BTC,1600523547281,2020-09-19T13:52:27.281Z,sell,0.0001277,430.13,0.0549276009999999
GVT/BTC,1600523587345,2020-09-19T13:53:07.345Z,buy,0.0001285,347.35,0.044634475
GVT/BTC,1600523627448,2020-09-19T13:53:47.448Z,buy,0.0001284,272.74,0.035019816
GVT/BTC,1600523632516,2020-09-19T13:53:52.516Z,buy,0.0001286,2.87,0.000369082
GVT/BTC,1600523706549,2020-09-19T13:55:06.549Z,sell,0.0001288,181.9,0.0234287199999999
GVT/BTC,1600523706549,2020-09-19T13:55:06.549Z,sell,0.0001287,751.42,0.096707754
GVT/BTC,1600523706549,2020-09-19T13:55:06.549Z,sell,0.0001285,2681.67,0.344594595
GVT/BTC,1600523706549,2020-09-19T13:55:06.549Z,sell,0.0001279,4.04,0.000516716
GVT/BTC,1600523706549,2020-09-19T13:55:06.549Z,sell,0.0001277,703.39,0.089822903
GVT/BTC,1600523706549,2020-09-19T13:55:06.549Z,sell,0.0001276,155.17,0.019799692
GVT/BTC,1600523706549,2020-09-19T13:55:06.549Z,sell,0.0001274,333.91,0.042540134
GVT/BTC,1600523706549,2020-09-19T13:55:06.549Z,sell,0.0001273,68.27,0.008690771
GVT/BTC,1600523706549,2020-09-19T13:55:06.549Z,sell,0.0001272,114.32,0.0145415039999999
GVT/BTC,1600523706549,2020-09-19T13:55:06.549Z,sell,0.000127,54.92,0.00697484
GVT/BTC,1600523706549,2020-09-19T13:55:06.549Z,sell,0.0001269,769.26,0.0976190939999999
GVT/BTC,1600523706549,2020-09-19T13:55:06.549Z,sell,0.0001268,1182.12,0.1498928159999999
GVT/BTC,1600523707177,2020-09-19T13:55:07.177Z,sell,0.0001271,1.6,0.00020336
GVT/BTC,1600523707449,2020-09-19T13:55:07.449Z,sell,0.0001271,2.0,0.0002542
GVT/BTC,1600523708001,2020-09-19T13:55:08.001Z,sell,0.0001271,3.0,0.0003813
GVT/BTC,1600523708279,2020-09-19T13:55:08.279Z,sell,0.0001271,3.0,0.0003813
GVT/BTC,1600523708493,2020-09-19T13:55:08.493Z,sell,0.0001271,5.5,0.00069905
GVT/BTC,1600523708767,2020-09-19T13:55:08.767Z,sell,0.0001271,5.5,0.00069905
GVT/BTC,1600523712449,2020-09-19T13:55:12.449Z,sell,0.0001273,10.81,0.001376113
GVT/BTC,1600523717956,2020-09-19T13:55:17.956Z,buy,0.0001276,32.0,0.0040832
GVT/BTC,1600523743329,2020-09-19T13:55:43.329Z,buy,0.0001279,46.66,0.0059678139999999
GVT/BTC,1600523743329,2020-09-19T13:55:43.329Z,buy,0.000128,149.46,0.01913088
GVT/BTC,1600523754305,2020-09-19T13:55:54.305Z,buy,0.0001279,498.23,0.063723617
GVT/BTC,1600523754381,2020-09-19T13:55:54.381Z,buy,0.0001279,145.91,0.0186618889999999
GVT/BTC,1600523754381,2020-09-19T13:55:54.381Z,buy,0.0001279,145.91,0.0186618889999999
GVT/BTC,1600523951967,2020-09-19T13:59:11.967Z,buy,0.000128,2.99,0.00038272
GVT/BTC,1600523951967,2020-09-19T13:59:11.967Z,buy,0.0001281,40.47,0.005184207
GVT/BTC,1600523951967,2020-09-19T13:59:11.967Z,buy,0.0001282,233.0,0.0298706
GVT/BTC,1600523951967,2020-09-19T13:59:11.967Z,buy,0.0001286,2.27,0.000291922
GVT/BTC,1600523951967,2020-09-19T13:59:11.967Z,buy,0.0001286,0.6,7.716e-05
GVT/BTC,1600523951967,2020-09-19T13:59:11.967Z,buy,0.0001287,5.27,0.000678249
GVT/BTC,1600524092380,2020-09-19T14:01:32.380Z,sell,0.0001286,12.86,0.001653796
GVT/BTC,1600524338500,2020-09-19T14:05:38.500Z,buy,0.0001281,12.86,0.001647366
GVT/BTC,1600524776122,2020-09-19T14:12:56.122Z,sell,0.0001281,3.21,0.000411201
GVT/BTC,1600524946070,2020-09-19T14:15:46.070Z,buy,0.0001284,17.33,0.0022251719999999
GVT/BTC,1600524955033,2020-09-19T14:15:55.033Z,buy,0.0001284,45.67,0.005864028
GVT/BTC,1600524957280,2020-09-19T14:15:57.280Z,buy,0.0001284,1.4,0.00017976
GVT/BTC,1600525041195,2020-09-19T14:17:21.195Z,sell,0.0001281,21.97,0.002814357
GVT/BTC,1600525041292,2020-09-19T14:17:21.292Z,sell,0.0001281,15.37,0.001968897
GVT/BTC,1600525041399,2020-09-19T14:17:21.399Z,sell,0.0001281,10.75,0.001377075
GVT/BTC,1600525081915,2020-09-19T14:18:01.915Z,sell,0.0001281,11.43,0.001464183
GVT/BTC,1600525081930,2020-09-19T14:18:01.930Z,sell,0.0001281,13.37,0.0017126969999999
GVT/BTC,1600525082215,2020-09-19T14:18:02.215Z,sell,0.0001281,9.33,0.001195173
GVT/BTC,1600525084712,2020-09-19T14:18:04.712Z,sell,0.0001281,12.7,0.0016268699999999
GVT/BTC,1600525084727,2020-09-19T14:18:04.727Z,sell,0.0001281,15.29,0.001958649
GVT/BTC,1600525087239,2020-09-19T14:18:07.239Z,sell,0.0001281,9.53,0.001220793
GVT/BTC,1600525087249,2020-09-19T14:18:07.249Z,sell,0.0001281,17.15,0.002196915
GVT/BTC,1600525090035,2020-09-19T14:18:10.035Z,sell,0.0001281,6.35,0.0008134349999999
GVT/BTC,1600525090050,2020-09-19T14:18:10.050Z,sell,0.0001281,9.77,0.0012515369999999
GVT/BTC,1600525090050,2020-09-19T14:18:10.050Z,sell,0.000128,6.41,0.00082048
GVT/BTC,1600525090226,2020-09-19T14:18:10.226Z,sell,0.000128,11.31,0.00144768
GVT/BTC,1600525090523,2020-09-19T14:18:10.523Z,sell,0.000128,7.9,0.0010112
GVT/BTC,1600525091020,2020-09-19T14:18:11.020Z,sell,0.000128,1.44,0.00018432
GVT/BTC,1600525092558,2020-09-19T14:18:12.558Z,sell,0.0001279,4.43,0.000566597
GVT/BTC,1600525092558,2020-09-19T14:18:12.558Z,sell,0.0001278,6.95,0.00088821
GVT/BTC,1600525092558,2020-09-19T14:18:12.558Z,sell,0.0001277,0.05,6.385e-06
GVT/BTC,1600525105504,2020-09-19T14:18:25.504Z,sell,0.0001277,331.48,0.0423299959999999
GVT/BTC,1600525183409,2020-09-19T14:19:43.409Z,sell,0.0001277,294.86,0.037653622
GVT/BTC,1600525183477,2020-09-19T14:19:43.477Z,buy,0.0001277,1.44,0.0001838879999999
GVT/BTC,1600525273827,2020-09-19T14:21:13.827Z,sell,0.0001273,35.19,0.0044796869999999
GVT/BTC,1600525436919,2020-09-19T14:23:56.919Z,buy,0.000128,11.7,0.0014975999999999
GVT/BTC,1600525436919,2020-09-19T14:23:56.919Z,buy,0.0001282,2.16,0.000276912
GVT/BTC,1600525437120,2020-09-19T14:23:57.120Z,sell,0.0001282,536.02,0.068717764
GVT/BTC,1600525563258,2020-09-19T14:26:03.258Z,buy,0.0001282,104.74,0.0134276679999999
GVT/BTC,1600525565391,2020-09-19T14:26:05.391Z,sell,0.0001282,210.24,0.026952768
GVT/BTC,1600525567716,2020-09-19T14:26:07.716Z,buy,0.0001285,122.32,0.01571812
GVT/BTC,1600525567716,2020-09-19T14:26:07.716Z,buy,0.0001286,191.19,0.024587034
GVT/BTC,1600525684759,2020-09-19T14:28:04.759Z,buy,0.0001287,100.33,0.012912471
GVT/BTC,1600525897322,2020-09-19T14:31:37.322Z,buy,0.0001287,8.89,0.001144143
GVT/BTC,1600526368655,2020-09-19T14:39:28.655Z,sell,0.0001286,0.5,6.43e-05
GVT/BTC,1600526368655,2020-09-19T14:39:28.655Z,sell,0.000128,51.98,0.0066534399999999
GVT/BTC,1600526583102,2020-09-19T14:43:03.102Z,sell,0.000128,1.0,0.000128
GVT/BTC,1600527139661,2020-09-19T14:52:19.661Z,sell,0.0001285,57.63,0.007405455
GVT/BTC,1600527139676,2020-09-19T14:52:19.676Z,sell,0.0001285,40.4,0.0051914
GVT/BTC,1600527139858,2020-09-19T14:52:19.858Z,sell,0.0001285,28.24,0.00362884
GVT/BTC,1600527140561,2020-09-19T14:52:20.561Z,sell,0.0001285,13.47,0.001730895
GVT/BTC,1600527142065,2020-09-19T14:52:22.065Z,sell,0.000128,38.63,0.00494464
GVT/BTC,1600527142065,2020-09-19T14:52:22.065Z,sell,0.000128,38.63,0.00494464
GVT/BTC,1600527438429,2020-09-19T14:57:18.429Z,sell,0.000128,301.14,0.03854592
GVT/BTC,1600527465241,2020-09-19T14:57:45.241Z,sell,0.0001285,32.26,0.0041454099999999
GVT/BTC,1600529524218,2020-09-19T15:32:04.218Z,buy,0.0001285,1.56,0.00020046
GVT/BTC,1600529524218,2020-09-19T15:32:04.218Z,buy,0.0001287,6.23,0.000801801
GVT/BTC,1600529940371,2020-09-19T15:39:00.371Z,buy,0.0001287,1.07,0.000137709
GVT/BTC,1600530244856,2020-09-19T15:44:04.856Z,buy,0.0001285,2.97,0.000381645
GVT/BTC,1600530270849,2020-09-19T15:44:30.849Z,buy,0.0001285,3.08,0.00039578
GVT/BTC,1600530274204,2020-09-19T15:44:34.204Z,buy,0.0001285,1.5,0.00019275
GVT/BTC,1600530278690,2020-09-19T15:44:38.690Z,buy,0.0001285,2.7,0.00034695
GVT/BTC,1600530278690,2020-09-19T15:44:38.690Z,buy,0.0001286,1.07,0.000137602
GVT/BTC,1600530281817,2020-09-19T15:44:41.817Z,buy,0.0001286,5.91,0.000760026
GVT/BTC,1600530284565,2020-09-19T15:44:44.565Z,buy,0.0001286,9.89,0.001271854
GVT/BTC,1600530287275,2020-09-19T15:44:47.275Z,buy,0.0001286,4.85,0.00062371
GVT/BTC,1600530308912,2020-09-19T15:45:08.912Z,buy,0.0001286,1.56,0.000200616
GVT/BTC,1600530326996,2020-09-19T15:45:26.996Z,buy,0.0001286,24.0,0.0030864
GVT/BTC,1600530428218,2020-09-19T15:47:08.218Z,buy,0.0001286,2.1,0.00027006
GVT/BTC,1600530530925,2020-09-19T15:48:50.925Z,buy,0.0001286,43.04,0.005534944
GVT/BTC,1600530676198,2020-09-19T15:51:16.198Z,sell,0.0001284,1.55,0.00019902
GVT/BTC,1600530676198,2020-09-19T15:51:16.198Z,sell,0.0001279,2.87,0.000367073
GVT/BTC,1600530676198,2020-09-19T15:51:16.198Z,sell,0.0001278,5.85,0.0007476299999999
GVT/BTC,1600530676198,2020-09-19T15:51:16.198Z,sell,0.0001275,6.1,0.00077775
GVT/BTC,1600530678765,2020-09-19T15:51:18.765Z,sell,0.0001276,10.48,0.001337248
GVT/BTC,1600530681519,2020-09-19T15:51:21.519Z,sell,0.0001275,5.56,0.0007089
GVT/BTC,1600530741235,2020-09-19T15:52:21.235Z,buy,0.0001284,0.87,0.000111708
GVT/BTC,1600530741235,2020-09-19T15:52:21.235Z,buy,0.0001284,0.87,0.000111708
GVT/BTC,1600530810888,2020-09-19T15:53:30.888Z,buy,0.0001282,3.42,0.0004384439999999
GVT/BTC,1600530813702,2020-09-19T15:53:33.702Z,sell,0.0001282,7.9,0.00101278
GVT/BTC,1600530855189,2020-09-19T15:54:15.189Z,buy,0.0001284,79.37,0.010191108
GVT/BTC,1600532539608,2020-09-19T16:22:19.608Z,buy,0.0001286,2.87,0.000369082
GVT/BTC,1600532559053,2020-09-19T16:22:39.053Z,buy,0.0001287,152.94,0.019683378
GVT/BTC,1600533174229,2020-09-19T16:32:54.229Z,buy,0.0001287,148.59,0.019123533
GVT/BTC,1600534152332,2020-09-19T16:49:12.332Z,buy,0.0001287,268.97,0.034616439
GVT/BTC,1600534152332,2020-09-19T16:49:12.332Z,buy,0.0001287,268.97,0.034616439
GVT/BTC,1600535042439,2020-09-19T17:04:02.439Z,buy,0.0001287,46.6,0.00599742
GVT/BTC,1600535098694,2020-09-19T17:04:58.694Z,buy,0.0001287,0.79,0.000101673
GVT/BTC,1600535098806,2020-09-19T17:04:58.806Z,buy,0.0001287,15.55,0.002001285
GVT/BTC,1600535099178,2020-09-19T17:04:59.178Z,buy,0.0001287,1.34,0.000172458
GVT/BTC,1600535101815,2020-09-19T17:05:01.815Z,buy,0.0001287,1.55,0.000199485
GVT/BTC,1600536261499,2020-09-19T17:24:21.499Z,sell,0.0001284,5.18,0.0006651119999999
GVT/BTC,1600536261499,2020-09-19T17:24:21.499Z,sell,0.000128,120.0,0.0153599999999999
GVT/BTC,1600536261499,2020-09-19T17:24:21.499Z,sell,0.0001279,334.64,0.0428004559999999
GVT/BTC,1600536370286,2020-09-19T17:26:10.286Z,buy,0.0001279,1.56,0.000199524
GVT/BTC,1600536687269,2020-09-19T17:31:27.269Z,buy,0.0001279,400.37,0.051207323
GVT/BTC,1600536759300,2020-09-19T17:32:39.300Z,sell,0.0001278,14.85,0.0018978299999999
GVT/BTC,1600536773692,2020-09-19T17:32:53.692Z,sell,0.0001277,279.0,0.0356282999999999
GVT/BTC,1600536923082,2020-09-19T17:35:23.082Z,sell,0.0001277,21.39,0.0027315029999999
GVT/BTC,1600536948468,2020-09-19T17:35:48.468Z,buy,0.0001278,0.15,1.917e-05
GVT/BTC,1600536948468,2020-09-19T17:35:48.468Z,buy,0.0001279,2.38,0.0003044019999999
GVT/BTC,1600537176679,2020-09-19T17:39:36.679Z,buy,0.0001279,8.19,0.001047501
GVT/BTC,1600537176679,2020-09-19T17:39:36.679Z,buy,0.0001279,8.19,0.001047501
GVT/BTC,1600537929501,2020-09-19T17:52:09.501Z,sell,0.0001275,3.42,0.00043605
GVT/BTC,1600537929501,2020-09-19T17:52:09.501Z,sell,0.0001273,43.23,0.0055031789999999
GVT/BTC,1600537929501,2020-09-19T17:52:09.501Z,sell,0.0001272,6.91,0.000878952
GVT/BTC,1600537929501,2020-09-19T17:52:09.501Z,sell,0.0001269,126.77,0.016087113
GVT/BTC,1600537929501,2020-09-19T17:52:09.501Z,sell,0.0001268,859.25,0.1089528999999999
GVT/BTC,1600537929743,2020-09-19T17:52:09.743Z,buy,0.0001278,0.88,0.0001124639999999
GVT/BTC,1600538011772,2020-09-19T17:53:31.772Z,sell,0.0001275,8.24,0.0010506
GVT/BTC,1600538011778,2020-09-19T17:53:31.778Z,sell,0.0001275,0.25,3.1875e-05
GVT/BTC,1600538011778,2020-09-19T17:53:31.778Z,sell,0.0001269,14.17,0.001798173
GVT/BTC,1600538011810,2020-09-19T17:53:31.810Z,sell,0.0001268,6.33,0.0008026439999999
GVT/BTC,1600538011937,2020-09-19T17:53:31.937Z,sell,0.0001269,21.8,0.00276642
GVT/BTC,1600538017127,2020-09-19T17:53:37.127Z,sell,0.0001271,30.26,0.003846046
GVT/BTC,1600538528269,2020-09-19T18:02:08.269Z,buy,0.0001279,26.37,0.0033727229999999
GVT/BTC,1600538528269,2020-09-19T18:02:08.269Z,buy,0.0001279,1.74,0.0002225459999999
GVT/BTC,1600538669273,2020-09-19T18:04:29.273Z,sell,0.0001277,273.1,0.03487487
GVT/BTC,1600538669273,2020-09-19T18:04:29.273Z,sell,0.0001271,18.35,0.002332285
GVT/BTC,1600538669273,2020-09-19T18:04:29.273Z,sell,0.000127,133.43,0.01694561
GVT/BTC,1600538669273,2020-09-19T18:04:29.273Z,sell,0.0001269,75.12,0.009532728
GVT/BTC,1600538708377,2020-09-19T18:05:08.377Z,buy,0.0001278,0.8,0.00010224
GVT/BTC,1600538708439,2020-09-19T18:05:08.439Z,buy,0.0001278,1.57,0.000200646
GVT/BTC,1600538709103,2020-09-19T18:05:09.103Z,buy,0.0001278,2.35,0.0003003299999999
GVT/BTC,1600538709198,2020-09-19T18:05:09.198Z,buy,0.0001278,23.48,0.0030007439999999
GVT/BTC,1600538709256,2020-09-19T18:05:09.256Z,buy,0.0001278,15.65,0.00200007
GVT/BTC,1600538709440,2020-09-19T18:05:09.440Z,buy,0.0001278,23.48,0.0030007439999999
GVT/BTC,1600538709546,2020-09-19T18:05:09.546Z,buy,0.0001278,23.48,0.0030007439999999
GVT/BTC,1600538709693,2020-09-19T18:05:09.693Z,buy,0.0001278,7.83,0.001000674
GVT/BTC,1600538709708,2020-09-19T18:05:09.708Z,buy,0.0001278,23.48,0.0030007439999999
GVT/BTC,1600538709800,2020-09-19T18:05:09.800Z,buy,0.0001278,1.96,0.000250488
GVT/BTC,1600538712799,2020-09-19T18:05:12.799Z,buy,0.0001278,1.95,0.00024921
GVT/BTC,1600538713113,2020-09-19T18:05:13.113Z,buy,0.0001278,15.64,0.001998792
GVT/BTC,1600538713140,2020-09-19T18:05:13.140Z,buy,0.0001278,78.25,0.01000035
GVT/BTC,1600538713787,2020-09-19T18:05:13.787Z,buy,0.0001278,15.65,0.00200007
GVT/BTC,1600538714326,2020-09-19T18:05:14.326Z,buy,0.0001278,7.83,0.001000674
GVT/BTC,1600538715321,2020-09-19T18:05:15.321Z,buy,0.0001278,18.64,0.002382192
GVT/BTC,1600538717966,2020-09-19T18:05:17.966Z,buy,0.0001279,31.29,0.004001991
GVT/BTC,1600538718848,2020-09-19T18:05:18.848Z,buy,0.0001279,1.09,0.000139411
GVT/BTC,1600538719757,2020-09-19T18:05:19.757Z,buy,0.0001279,78.24,0.010006896
GVT/BTC,1600538722329,2020-09-19T18:05:22.329Z,buy,0.0001279,37.7,0.00482183
GVT/BTC,1600538722995,2020-09-19T18:05:22.995Z,buy,0.0001279,14.28,0.0018264119999999
GVT/BTC,1600538724548,2020-09-19T18:05:24.548Z,buy,0.0001279,19.54,0.0024991659999999
GVT/BTC,1600538726078,2020-09-19T18:05:26.078Z,buy,0.0001279,15.63,0.001999077
GVT/BTC,1600538726840,2020-09-19T18:05:26.840Z,buy,0.0001279,22.3,0.00285217
GVT/BTC,1600538726840,2020-09-19T18:05:26.840Z,buy,0.0001282,1.15,0.00014743
GVT/BTC,1600538730624,2020-09-19T18:05:30.624Z,buy,0.0001282,0.7,8.973999999999999e-05
GVT/BTC,1600538730624,2020-09-19T18:05:30.624Z,buy,0.0001283,1.96,0.0002514679999999
GVT/BTC,1600538730624,2020-09-19T18:05:30.624Z,buy,0.0001284,5.15,0.00066126
GVT/BTC,1600538870073,2020-09-19T18:07:50.073Z,sell,0.0001278,53.65,0.0068564699999999
GVT/BTC,1600538870073,2020-09-19T18:07:50.073Z,sell,0.0001272,22.99,0.002924328
GVT/BTC,1600538870073,2020-09-19T18:07:50.073Z,sell,0.000127,89.36,0.01134872
GVT/BTC,1600538893147,2020-09-19T18:08:13.147Z,sell,0.0001276,0.79,0.000100804
GVT/BTC,1600538893147,2020-09-19T18:08:13.147Z,sell,0.0001272,6.67,0.000848424
GVT/BTC,1600538893147,2020-09-19T18:08:13.147Z,sell,0.0001269,120.32,0.0152686079999999
GVT/BTC,1600538893147,2020-09-19T18:08:13.147Z,sell,0.0001268,372.22,0.047197496
GVT/BTC,1600539144286,2020-09-19T18:12:24.286Z,sell,0.000127,38.98,0.0049504599999999
GVT/BTC,1600539144400,2020-09-19T18:12:24.400Z,buy,0.000127,265.11,0.03366897
GVT/BTC,1600539479920,2020-09-19T18:17:59.920Z,buy,0.0001274,17.59,0.002240966
GVT/BTC,1600539479920,2020-09-19T18:17:59.920Z,buy,0.0001275,266.51,0.033980025
GVT/BTC,1600539584255,2020-09-19T18:19:44.255Z,sell,0.000127,5.35,0.00067945
GVT/BTC,1600539584255,2020-09-19T18:19:44.255Z,sell,0.0001269,120.0,0.0152279999999999
GVT/BTC,1600539584335,2020-09-19T18:19:44.335Z,buy,0.0001269,100.22,0.012717918
GVT/BTC,1600539761039,2020-09-19T18:22:41.039Z,sell,0.0001269,0.8,0.00010152
GVT/BTC,1600539799208,2020-09-19T18:23:19.208Z,sell,0.0001269,43.0,0.0054567
GVT/BTC,1600539878793,2020-09-19T18:24:38.793Z,buy,0.0001278,42.13,0.005384214
GVT/BTC,1600539878793,2020-09-19T18:24:38.793Z,buy,0.0001279,6.89,0.0008812309999999
GVT/BTC,1600539878793,2020-09-19T18:24:38.793Z,buy,0.000128,120.0,0.0153599999999999
GVT/BTC,1600539878895,2020-09-19T18:24:38.895Z,sell,0.000128,20.42,0.00261376
GVT/BTC,1600539878895,2020-09-19T18:24:38.895Z,sell,0.000128,20.42,0.00261376
GVT/BTC,1600540975385,2020-09-19T18:42:55.385Z,sell,0.0001274,78.49,0.009999626
GVT/BTC,1600541108948,2020-09-19T18:45:08.948Z,buy,0.0001274,1.57,0.000200018
GVT/BTC,1600541791611,2020-09-19T18:56:31.611Z,sell,0.0001273,0.79,0.000100567
