symbol,timestamp,datetime,side,price,amount,btc_volume
GVT/BTC,1601662262219,2020-10-02T18:11:02.219Z,sell,0.0001061,37.7,0.00399997
GVT/BTC,1601662271149,2020-10-02T18:11:11.149Z,buy,0.0001061,17.49,0.001855689
GVT/BTC,1601662534979,2020-10-02T18:15:34.979Z,buy,0.0001061,0.96,0.000101856
GVT/BTC,1601662712626,2020-10-02T18:18:32.626Z,buy,0.0001061,15.48,0.001642428
GVT/BTC,1601662776070,2020-10-02T18:19:36.070Z,buy,0.0001061,2.1,0.00022281
GVT/BTC,1601662917298,2020-10-02T18:21:57.298Z,buy,0.0001061,1.0,0.0001061
GVT/BTC,1601662921050,2020-10-02T18:22:01.050Z,buy,0.0001061,1.14,0.000120954
GVT/BTC,1601663184067,2020-10-02T18:26:24.067Z,buy,0.0001061,2.36,0.000250396
GVT/BTC,1601663188513,2020-10-02T18:26:28.513Z,buy,0.0001061,17.95,0.001904495
GVT/BTC,1601663188526,2020-10-02T18:26:28.526Z,buy,0.0001061,7.75,0.000822275
GVT/BTC,1601663209163,2020-10-02T18:26:49.163Z,buy,0.0001063,1.42,0.0001509459999999
GVT/BTC,1601663212809,2020-10-02T18:26:52.809Z,buy,0.0001063,1.08,0.000114804
GVT/BTC,1601663533819,2020-10-02T18:32:13.819Z,buy,0.0001064,1.9,0.0002021599999999
GVT/BTC,1601664600858,2020-10-02T18:50:00.858Z,sell,0.000106,9.83,0.00104198
GVT/BTC,1601664601859,2020-10-02T18:50:01.859Z,sell,0.0001058,7.73,0.000817834
GVT/BTC,1601664631379,2020-10-02T18:50:31.379Z,sell,0.0001058,94.0,0.0099452
GVT/BTC,1601664632376,2020-10-02T18:50:32.376Z,sell,0.0001057,144.73,0.0152979609999999
GVT/BTC,1601664667702,2020-10-02T18:51:07.702Z,buy,0.0001056,0.96,0.000101376
GVT/BTC,1601664717117,2020-10-02T18:51:57.117Z,buy,0.0001056,1.13,0.0001193279999999
GVT/BTC,1601664721843,2020-10-02T18:52:01.843Z,sell,0.0001051,1.91,0.0002007409999999
GVT/BTC,1601664721843,2020-10-02T18:52:01.843Z,sell,0.000105,45.03,0.00472815
GVT/BTC,1601664780785,2020-10-02T18:53:00.785Z,sell,0.0001051,16.99,0.0017856489999999
GVT/BTC,1601664780785,2020-10-02T18:53:00.785Z,sell,0.000105,884.55,0.09287775
GVT/BTC,1601664879966,2020-10-02T18:54:39.966Z,sell,0.0001053,10.21,0.001075113
GVT/BTC,1601664879966,2020-10-02T18:54:39.966Z,sell,0.000105,7.71,0.00080955
GVT/BTC,1601664879966,2020-10-02T18:54:39.966Z,sell,0.0001049,2.02,0.000211898
GVT/BTC,1601664884063,2020-10-02T18:54:44.063Z,sell,0.000105,9.6,0.001008
GVT/BTC,1601664884063,2020-10-02T18:54:44.063Z,sell,0.0001049,14.89,0.001561961
GVT/BTC,1601664884063,2020-10-02T18:54:44.063Z,sell,0.0001048,67.42,0.007065616
GVT/BTC,1601664884063,2020-10-02T18:54:44.063Z,sell,0.000105,9.6,0.001008
GVT/BTC,1601664884063,2020-10-02T18:54:44.063Z,sell,0.0001049,14.89,0.001561961
GVT/BTC,1601664884063,2020-10-02T18:54:44.063Z,sell,0.0001048,67.42,0.007065616
GVT/BTC,1601666380079,2020-10-02T19:19:40.079Z,buy,0.0001057,0.96,0.000101472
GVT/BTC,1601666380079,2020-10-02T19:19:40.079Z,buy,0.0001057,0.95,0.0001004149999999
GVT/BTC,1601666380079,2020-10-02T19:19:40.079Z,buy,0.0001061,0.65,6.8965e-05
GVT/BTC,1601666380249,2020-10-02T19:19:40.249Z,sell,0.0001057,34.94,0.0036931579999999
GVT/BTC,1601666539399,2020-10-02T19:22:19.399Z,sell,0.0001053,3.11,0.000327483
GVT/BTC,1601666998906,2020-10-02T19:29:58.906Z,sell,0.0001053,3.24,0.000341172
GVT/BTC,1601667396749,2020-10-02T19:36:36.749Z,sell,0.0001054,30.09,0.003171486
GVT/BTC,1601667428537,2020-10-02T19:37:08.537Z,sell,0.0001054,1.9,0.0002002599999999
GVT/BTC,1601667935419,2020-10-02T19:45:35.419Z,buy,0.0001057,0.96,0.000101472
GVT/BTC,1601668271382,2020-10-02T19:51:11.382Z,sell,0.0001054,16.48,0.001736992
GVT/BTC,1601668271382,2020-10-02T19:51:11.382Z,sell,0.0001053,120.0,0.012636
GVT/BTC,1601668271408,2020-10-02T19:51:11.408Z,buy,0.0001053,76.02,0.008004906
GVT/BTC,1601668273962,2020-10-02T19:51:13.962Z,buy,0.0001057,33.98,0.0035916859999999
GVT/BTC,1601668274013,2020-10-02T19:51:14.013Z,sell,0.0001057,66.02,0.0069783139999999
GVT/BTC,1601668305635,2020-10-02T19:51:45.635Z,buy,0.0001059,0.96,0.000101664
GVT/BTC,1601668399931,2020-10-02T19:53:19.931Z,buy,0.0001061,1.85,0.000196285
GVT/BTC,1601668399931,2020-10-02T19:53:19.931Z,buy,0.0001061,1.85,0.000196285
GVT/BTC,1601668865962,2020-10-02T20:01:05.962Z,sell,0.0001059,120.0,0.012708
GVT/BTC,1601669113716,2020-10-02T20:05:13.716Z,sell,0.0001054,343.45,0.03619963
GVT/BTC,1601669168034,2020-10-02T20:06:08.034Z,buy,0.0001054,1.9,0.0002002599999999
GVT/BTC,1601669957829,2020-10-02T20:19:17.829Z,buy,0.0001054,3.55,0.00037417
GVT/BTC,1601670136749,2020-10-02T20:22:16.749Z,sell,0.0001052,94.52,0.0099435039999999
GVT/BTC,1601670148766,2020-10-02T20:22:28.766Z,sell,0.0001051,235.1,0.0247090099999999
GVT/BTC,1601670148774,2020-10-02T20:22:28.774Z,sell,0.0001051,46.56,0.004893456
GVT/BTC,1601670178385,2020-10-02T20:22:58.385Z,sell,0.0001048,51.12,0.005357376
GVT/BTC,1601670178483,2020-10-02T20:22:58.483Z,buy,0.0001048,169.17,0.017729016
GVT/BTC,1601670178693,2020-10-02T20:22:58.693Z,buy,0.0001048,84.44,0.008849312
GVT/BTC,1601670178707,2020-10-02T20:22:58.707Z,buy,0.0001048,165.48,0.017342304
GVT/BTC,1601670183089,2020-10-02T20:23:03.089Z,buy,0.0001052,120.49,0.0126755479999999
GVT/BTC,1601670183192,2020-10-02T20:23:03.192Z,buy,0.0001052,20.09,0.002113468
GVT/BTC,1601670213253,2020-10-02T20:23:33.253Z,sell,0.0001049,164.37,0.017242413
GVT/BTC,1601670213253,2020-10-02T20:23:33.253Z,sell,0.0001048,20.65,0.00216412
GVT/BTC,1601670256930,2020-10-02T20:24:16.930Z,buy,0.0001054,282.31,0.029755474
GVT/BTC,1601670256939,2020-10-02T20:24:16.939Z,buy,0.0001054,232.57,0.024512878
GVT/BTC,1601670257127,2020-10-02T20:24:17.127Z,buy,0.0001054,116.11,0.012237994
GVT/BTC,1601670257532,2020-10-02T20:24:17.532Z,buy,0.0001054,57.86,0.006098444
GVT/BTC,1601670258128,2020-10-02T20:24:18.128Z,buy,0.0001054,28.79,0.003034466
GVT/BTC,1601670261127,2020-10-02T20:24:21.127Z,buy,0.0001054,14.04,0.001479816
GVT/BTC,1601670844462,2020-10-02T20:34:04.462Z,sell,0.0001053,1.73,0.0001821689999999
GVT/BTC,1601670844462,2020-10-02T20:34:04.462Z,sell,0.0001052,17.33,0.0018231159999999
GVT/BTC,1601670844477,2020-10-02T20:34:04.477Z,buy,0.0001054,9.58,0.001009732
GVT/BTC,1601670844477,2020-10-02T20:34:04.477Z,buy,0.0001054,9.58,0.001009732
GVT/BTC,1601672059195,2020-10-02T20:54:19.195Z,buy,0.0001054,7.72,0.000813688
GVT/BTC,1601672059195,2020-10-02T20:54:19.195Z,buy,0.0001057,1.91,0.000201887
GVT/BTC,1601672059195,2020-10-02T20:54:19.195Z,buy,0.0001059,10.66,0.001128894
GVT/BTC,1601672059195,2020-10-02T20:54:19.195Z,buy,0.000106,0.51,5.406e-05
GVT/BTC,1601672059195,2020-10-02T20:54:19.195Z,buy,0.000106,1.92,0.00020352
GVT/BTC,1601672061898,2020-10-02T20:54:21.898Z,buy,0.0001059,3.61,0.000382299
GVT/BTC,1601672063907,2020-10-02T20:54:23.907Z,buy,0.0001059,3.53,0.0003738269999999
GVT/BTC,1601672067093,2020-10-02T20:54:27.093Z,buy,0.0001058,28.73,0.003039634
GVT/BTC,1601672070156,2020-10-02T20:54:30.156Z,buy,0.000106,121.39,0.01286734
GVT/BTC,1601672080685,2020-10-02T20:54:40.685Z,buy,0.000106,58.96,0.00624976
GVT/BTC,1601672080685,2020-10-02T20:54:40.685Z,buy,0.0001061,32.71,0.003470531
GVT/BTC,1601672084724,2020-10-02T20:54:44.724Z,buy,0.0001061,39.2,0.00415912
GVT/BTC,1601672211931,2020-10-02T20:56:51.931Z,sell,0.0001053,27.72,0.0029189159999999
GVT/BTC,1601672211931,2020-10-02T20:56:51.931Z,sell,0.0001051,1.91,0.0002007409999999
GVT/BTC,1601672212033,2020-10-02T20:56:52.033Z,buy,0.0001051,64.04,0.006730604
GVT/BTC,1601672216779,2020-10-02T20:56:56.779Z,buy,0.0001051,6.33,0.0006652829999999
GVT/BTC,1601672216952,2020-10-02T20:56:56.952Z,sell,0.000105,108.13,0.01135365
GVT/BTC,1601673846803,2020-10-02T21:24:06.803Z,buy,0.0001056,8.31,0.000877536
GVT/BTC,1601673898338,2020-10-02T21:24:58.338Z,buy,0.0001054,17.3,0.00182342
GVT/BTC,1601674279244,2020-10-02T21:31:19.244Z,sell,0.0001051,25.0,0.0026274999999999
GVT/BTC,1601674279244,2020-10-02T21:31:19.244Z,sell,0.0001051,25.0,0.0026274999999999
GVT/BTC,1601674628108,2020-10-02T21:37:08.108Z,sell,0.0001051,1.9,0.0001996899999999
GVT/BTC,1601674763144,2020-10-02T21:39:23.144Z,sell,0.000105,4.46,0.0004683
GVT/BTC,1601674810103,2020-10-02T21:40:10.103Z,buy,0.0001049,0.97,0.000101753
GVT/BTC,1601674810268,2020-10-02T21:40:10.268Z,buy,0.0001049,0.97,0.000101753
GVT/BTC,1601674810407,2020-10-02T21:40:10.407Z,buy,0.0001049,0.97,0.000101753
GVT/BTC,1601674810596,2020-10-02T21:40:10.596Z,buy,0.0001049,16.7,0.00175183
GVT/BTC,1601674810870,2020-10-02T21:40:10.870Z,buy,0.0001049,0.97,0.000101753
GVT/BTC,1601674813538,2020-10-02T21:40:13.538Z,buy,0.0001048,9.55,0.00100084
GVT/BTC,1601674831059,2020-10-02T21:40:31.059Z,buy,0.0001048,9.54,0.000999792
GVT/BTC,1601675020541,2020-10-02T21:43:40.541Z,sell,0.0001045,41.78,0.00436601
GVT/BTC,1601675020541,2020-10-02T21:43:40.541Z,sell,0.0001044,1.91,0.000199404
GVT/BTC,1601675043947,2020-10-02T21:44:03.947Z,sell,0.0001043,7.02,0.000732186
GVT/BTC,1601675044271,2020-10-02T21:44:04.271Z,buy,0.0001044,1.92,0.000200448
GVT/BTC,1601675044281,2020-10-02T21:44:04.281Z,sell,0.0001042,25.62,0.002669604
GVT/BTC,1601675044954,2020-10-02T21:44:04.954Z,sell,0.000104,1.71,0.00017784
GVT/BTC,1601675051056,2020-10-02T21:44:11.056Z,sell,0.0001039,12.92,0.001342388
GVT/BTC,1601675063992,2020-10-02T21:44:23.992Z,sell,0.0001039,120.0,0.012468
GVT/BTC,1601675063992,2020-10-02T21:44:23.992Z,sell,0.0001038,26.87,0.002789106
GVT/BTC,1601675075500,2020-10-02T21:44:35.500Z,buy,0.0001039,7.2,0.00074808
GVT/BTC,1601675079503,2020-10-02T21:44:39.503Z,sell,0.0001037,152.71,0.015836027
GVT/BTC,1601675089691,2020-10-02T21:44:49.691Z,buy,0.0001039,2.19,0.000227541
GVT/BTC,1601675106582,2020-10-02T21:45:06.582Z,buy,0.0001037,120.23,0.012467851
GVT/BTC,1601675106590,2020-10-02T21:45:06.590Z,buy,0.0001037,7.75,0.000803675
GVT/BTC,1601675116765,2020-10-02T21:45:16.765Z,sell,0.0001036,9.54,0.000988344
GVT/BTC,1601675156196,2020-10-02T21:45:56.196Z,buy,0.0001039,146.18,0.015188102
GVT/BTC,1601675204460,2020-10-02T21:46:44.460Z,buy,0.0001044,1.14,0.000119016
GVT/BTC,1601675204460,2020-10-02T21:46:44.460Z,buy,0.0001044,0.77,8.0388e-05
GVT/BTC,1601675204460,2020-10-02T21:46:44.460Z,buy,0.0001046,2.92,0.0003054319999999
GVT/BTC,1601675204460,2020-10-02T21:46:44.460Z,buy,0.0001046,6.61,0.000691406
GVT/BTC,1601675204460,2020-10-02T21:46:44.460Z,buy,0.0001047,5.28,0.000552816
GVT/BTC,1601675218987,2020-10-02T21:46:58.987Z,buy,0.0001046,34.59,0.003618114
GVT/BTC,1601675219030,2020-10-02T21:46:59.030Z,sell,0.0001046,33.7,0.00352502
GVT/BTC,1601675253091,2020-10-02T21:47:33.091Z,buy,0.0001048,135.98,0.014250704
GVT/BTC,1601675256542,2020-10-02T21:47:36.542Z,buy,0.0001048,120.0,0.012576
GVT/BTC,1601675256542,2020-10-02T21:47:36.542Z,buy,0.0001049,589.04,0.0617902959999999
GVT/BTC,1601675259577,2020-10-02T21:47:39.577Z,buy,0.0001048,7.49,0.000784952
GVT/BTC,1601675418116,2020-10-02T21:50:18.116Z,sell,0.0001044,212.94,0.022230936
GVT/BTC,1601675418125,2020-10-02T21:50:18.125Z,sell,0.0001044,31.7,0.00330948
GVT/BTC,1601675418245,2020-10-02T21:50:18.245Z,sell,0.0001044,55.85,0.00583074
GVT/BTC,1601675498183,2020-10-02T21:51:38.183Z,sell,0.0001044,27.93,0.002915892
GVT/BTC,1601675498288,2020-10-02T21:51:38.288Z,sell,0.0001044,11.94,0.001246536
GVT/BTC,1601675559359,2020-10-02T21:52:39.359Z,sell,0.0001043,21.64,0.002257052
GVT/BTC,1601675559359,2020-10-02T21:52:39.359Z,sell,0.0001042,2.83,0.000294886
GVT/BTC,1601675559359,2020-10-02T21:52:39.359Z,sell,0.0001042,28.84,0.003005128
GVT/BTC,1601675559366,2020-10-02T21:52:39.366Z,sell,0.0001042,43.59,0.004542078
GVT/BTC,1601675559519,2020-10-02T21:52:39.519Z,sell,0.0001043,84.24,0.008786232
GVT/BTC,1601675559618,2020-10-02T21:52:39.618Z,sell,0.0001043,42.33,0.004415019
GVT/BTC,1601675559723,2020-10-02T21:52:39.723Z,sell,0.0001043,21.27,0.002218461
GVT/BTC,1601675559820,2020-10-02T21:52:39.820Z,sell,0.0001043,10.69,0.001114967
GVT/BTC,1601676312927,2020-10-02T22:05:12.927Z,buy,0.0001048,120.0,0.012576
GVT/BTC,1601676312927,2020-10-02T22:05:12.927Z,buy,0.0001049,93.09,0.009765141
GVT/BTC,1601677755895,2020-10-02T22:29:15.895Z,buy,0.0001049,1.92,0.000201408
GVT/BTC,1601677755895,2020-10-02T22:29:15.895Z,buy,0.0001049,1.92,0.000201408
GVT/BTC,1601677914986,2020-10-02T22:31:54.986Z,sell,0.000105,4.09,0.00042945
GVT/BTC,1601678238368,2020-10-02T22:37:18.368Z,buy,0.0001051,1.91,0.0002007409999999
GVT/BTC,1601678239463,2020-10-02T22:37:19.463Z,buy,0.0001053,33.06,0.003481218
GVT/BTC,1601678239479,2020-10-02T22:37:19.479Z,buy,0.0001055,17.63,0.0018599649999999
GVT/BTC,1601678240459,2020-10-02T22:37:20.459Z,buy,0.0001055,8.36,0.00088198
GVT/BTC,1601678255672,2020-10-02T22:37:35.672Z,buy,0.0001057,11.38,0.001202866
GVT/BTC,1601678319306,2020-10-02T22:38:39.306Z,buy,0.0001058,1.14,0.0001206119999999
GVT/BTC,1601678348039,2020-10-02T22:39:08.039Z,sell,0.0001058,1.9,0.00020102
GVT/BTC,1601678348661,2020-10-02T22:39:08.661Z,sell,0.0001058,28.5,0.0030153
GVT/BTC,1601678705420,2020-10-02T22:45:05.420Z,buy,0.0001058,1.9,0.00020102
GVT/BTC,1601678705420,2020-10-02T22:45:05.420Z,buy,0.0001058,1.9,0.00020102
GVT/BTC,1601682254006,2020-10-02T23:44:14.006Z,buy,0.0001061,2.4,0.00025464
GVT/BTC,1601682254006,2020-10-02T23:44:14.006Z,buy,0.0001062,10.52,0.001117224
GVT/BTC,1601682254006,2020-10-02T23:44:14.006Z,buy,0.0001061,2.4,0.00025464
GVT/BTC,1601682254006,2020-10-02T23:44:14.006Z,buy,0.0001062,10.52,0.001117224
GVT/BTC,1601682780742,2020-10-02T23:53:00.742Z,sell,0.0001062,2.36,0.000250632
GVT/BTC,1601682804241,2020-10-02T23:53:24.241Z,buy,0.0001061,55.77,0.005917197
GVT/BTC,1601682804256,2020-10-02T23:53:24.256Z,buy,0.0001061,28.92,0.003068412
GVT/BTC,1601684478915,2020-10-03T00:21:18.915Z,sell,0.0001055,301.42,0.03179981
GVT/BTC,1601684478915,2020-10-03T00:21:18.915Z,sell,0.0001053,1.28,0.000134784
GVT/BTC,1601684478915,2020-10-03T00:21:18.915Z,sell,0.0001051,1.91,0.0002007409999999
GVT/BTC,1601684478915,2020-10-03T00:21:18.915Z,sell,0.000105,155.81,0.01636005
GVT/BTC,1601684478915,2020-10-03T00:21:18.915Z,sell,0.000105,2.37,0.00024885
GVT/BTC,1601684521007,2020-10-03T00:22:01.007Z,sell,0.0001052,74.4,0.00782688
GVT/BTC,1601684521007,2020-10-03T00:22:01.007Z,sell,0.0001051,210.79,0.022154029
GVT/BTC,1601685709495,2020-10-03T00:41:49.495Z,buy,0.0001057,1.91,0.000201887
GVT/BTC,1601685741579,2020-10-03T00:42:21.579Z,sell,0.000106,20.26,0.00214756
GVT/BTC,1601685741579,2020-10-03T00:42:21.579Z,sell,0.000106,20.26,0.00214756
GVT/BTC,1601686298693,2020-10-03T00:51:38.693Z,sell,0.0001056,4.3,0.00045408
GVT/BTC,1601686328207,2020-10-03T00:52:08.207Z,sell,0.0001056,1.89,0.000199584
GVT/BTC,1601687942518,2020-10-03T01:19:02.518Z,sell,0.0001055,4.56,0.00048108
GVT/BTC,1601687949406,2020-10-03T01:19:09.406Z,buy,0.0001055,16.61,0.001752355
GVT/BTC,1601687949433,2020-10-03T01:19:09.433Z,buy,0.0001056,10.45,0.00110352
GVT/BTC,1601687950501,2020-10-03T01:19:10.501Z,buy,0.0001055,9.84,0.00103812
GVT/BTC,1601687950521,2020-10-03T01:19:10.521Z,buy,0.0001055,9.16,0.00096638
GVT/BTC,1601687950521,2020-10-03T01:19:10.521Z,buy,0.0001056,0.94,9.9264e-05
GVT/BTC,1601689203372,2020-10-03T01:40:03.372Z,buy,0.0001056,377.38,0.039851328
GVT/BTC,1601689203387,2020-10-03T01:40:03.387Z,buy,0.0001058,142.2,0.0150447599999999
GVT/BTC,1601689203507,2020-10-03T01:40:03.507Z,buy,0.0001059,117.48,0.012441132
GVT/BTC,1601689203708,2020-10-03T01:40:03.708Z,buy,0.0001059,58.65,0.006211035
GVT/BTC,1601689204208,2020-10-03T01:40:04.208Z,buy,0.0001059,29.2,0.0030922799999999
GVT/BTC,1601689204406,2020-10-03T01:40:04.406Z,buy,0.0001059,14.58,0.001544022
GVT/BTC,1601689204406,2020-10-03T01:40:04.406Z,buy,0.0001059,14.58,0.001544022
GVT/BTC,1601690784026,2020-10-03T02:06:24.026Z,buy,0.0001059,31.31,0.003315729
GVT/BTC,1601690784041,2020-10-03T02:06:24.041Z,buy,0.0001059,15.65,0.001657335
GVT/BTC,1601690805269,2020-10-03T02:06:45.269Z,sell,0.0001056,95.15,0.01004784
GVT/BTC,1601690807786,2020-10-03T02:06:47.786Z,buy,0.0001059,53.01,0.0056137589999999
GVT/BTC,1601690810691,2020-10-03T02:06:50.691Z,buy,0.0001059,25.88,0.002740692
GVT/BTC,1601690810786,2020-10-03T02:06:50.786Z,buy,0.0001059,12.93,0.001369287
GVT/BTC,1601691415979,2020-10-03T02:16:55.979Z,buy,0.0001059,43.1,0.00456429
GVT/BTC,1601691720763,2020-10-03T02:22:00.763Z,sell,0.0001059,32.87,0.003480933
GVT/BTC,1601692121078,2020-10-03T02:28:41.078Z,sell,0.0001057,120.0,0.0126839999999999
GVT/BTC,1601692123728,2020-10-03T02:28:43.728Z,buy,0.0001057,59.33,0.006271181
GVT/BTC,1601692123926,2020-10-03T02:28:43.926Z,buy,0.0001057,29.62,0.003130834
GVT/BTC,1601692124327,2020-10-03T02:28:44.327Z,buy,0.0001057,14.76,0.0015601319999999
GVT/BTC,1601692148109,2020-10-03T02:29:08.109Z,buy,0.0001057,1.89,0.0001997729999999
GVT/BTC,1601692148109,2020-10-03T02:29:08.109Z,buy,0.0001057,1.89,0.0001997729999999
GVT/BTC,1601694597376,2020-10-03T03:09:57.376Z,buy,0.0001057,1.52,0.000160664
GVT/BTC,1601694597768,2020-10-03T03:09:57.768Z,buy,0.0001057,0.96,0.000101472
GVT/BTC,1601694597768,2020-10-03T03:09:57.768Z,buy,0.0001057,0.96,0.000101472
GVT/BTC,1601695931529,2020-10-03T03:32:11.529Z,sell,0.0001057,4.5,0.00047565
GVT/BTC,1601696472546,2020-10-03T03:41:12.546Z,sell,0.0001062,3.47,0.000368514
GVT/BTC,1601696542690,2020-10-03T03:42:22.690Z,buy,0.0001063,1.91,0.0002030329999999
GVT/BTC,1601696542690,2020-10-03T03:42:22.690Z,buy,0.0001064,7.38,0.000785232
GVT/BTC,1601696542690,2020-10-03T03:42:22.690Z,buy,0.0001065,2.39,0.000254535
GVT/BTC,1601696542690,2020-10-03T03:42:22.690Z,buy,0.0001066,0.96,0.000102336
GVT/BTC,1601696542690,2020-10-03T03:42:22.690Z,buy,0.0001067,4.66,0.000497222
GVT/BTC,1601696592310,2020-10-03T03:43:12.310Z,sell,0.0001064,1.65,0.0001755599999999
GVT/BTC,1601696793182,2020-10-03T03:46:33.182Z,sell,0.0001061,1.61,0.000170821
GVT/BTC,1601696793182,2020-10-03T03:46:33.182Z,sell,0.000106,94.07,0.00997142
GVT/BTC,1601696793182,2020-10-03T03:46:33.182Z,sell,0.0001057,110.47,0.0116766789999999
GVT/BTC,1601696793227,2020-10-03T03:46:33.227Z,buy,0.0001057,5.12,0.000541184
GVT/BTC,1601696824346,2020-10-03T03:47:04.346Z,buy,0.0001057,2.67,0.000282219
GVT/BTC,1601696865664,2020-10-03T03:47:45.664Z,sell,0.0001063,6.64,0.000705832
GVT/BTC,1601696881968,2020-10-03T03:48:01.968Z,sell,0.0001065,4.9,0.00052185
GVT/BTC,1601696884575,2020-10-03T03:48:04.575Z,sell,0.0001064,22.06,0.002347184
GVT/BTC,1601696960220,2020-10-03T03:49:20.220Z,sell,0.0001064,2.61,0.000277704
GVT/BTC,1601697045768,2020-10-03T03:50:45.768Z,sell,0.0001064,493.99,0.052560536
GVT/BTC,1601697065783,2020-10-03T03:51:05.783Z,sell,0.0001063,1.52,0.000161576
GVT/BTC,1601697074785,2020-10-03T03:51:14.785Z,buy,0.0001061,2.67,0.000283287
GVT/BTC,1601697103801,2020-10-03T03:51:43.801Z,sell,0.0001063,1.47,0.000156261
GVT/BTC,1601697104801,2020-10-03T03:51:44.801Z,sell,0.0001064,1.49,0.000158536
GVT/BTC,1601697154255,2020-10-03T03:52:34.255Z,buy,0.0001066,0.95,0.00010127
GVT/BTC,1601697365251,2020-10-03T03:56:05.251Z,buy,0.0001066,17.7,0.00188682
GVT/BTC,1601697478240,2020-10-03T03:57:58.240Z,buy,0.0001062,13.27,0.001409274
GVT/BTC,1601697911145,2020-10-03T04:05:11.145Z,buy,0.0001057,33.69,0.0035610329999999
GVT/BTC,1601697911451,2020-10-03T04:05:11.451Z,buy,0.0001058,17.27,0.0018271659999999
GVT/BTC,1601697961073,2020-10-03T04:06:01.073Z,buy,0.0001058,27.64,0.002924312
GVT/BTC,1601697961083,2020-10-03T04:06:01.083Z,buy,0.0001059,19.53,0.002068227
GVT/BTC,1601697961473,2020-10-03T04:06:01.473Z,buy,0.0001059,9.73,0.001030407
GVT/BTC,1601697964774,2020-10-03T04:06:04.774Z,buy,0.0001059,150.4,0.01592736
GVT/BTC,1601697964787,2020-10-03T04:06:04.787Z,buy,0.000106,35.02,0.00371212
GVT/BTC,1601697964976,2020-10-03T04:06:04.976Z,buy,0.000106,62.33,0.00660698
GVT/BTC,1601697966473,2020-10-03T04:06:06.473Z,buy,0.000106,22.42,0.00237652
GVT/BTC,1601697966577,2020-10-03T04:06:06.577Z,buy,0.0001061,19.56,0.002075316
GVT/BTC,1601697966881,2020-10-03T04:06:06.881Z,buy,0.0001061,9.75,0.001034475
GVT/BTC,1601698188105,2020-10-03T04:09:48.105Z,buy,0.0001058,24.41,0.002582578
GVT/BTC,1601698188120,2020-10-03T04:09:48.120Z,buy,0.0001059,12.97,0.001373523
GVT/BTC,1601698193799,2020-10-03T04:09:53.799Z,buy,0.0001059,37.89,0.004012551
GVT/BTC,1601698193811,2020-10-03T04:09:53.811Z,buy,0.000106,15.98,0.00169388
GVT/BTC,1601698194007,2020-10-03T04:09:54.007Z,buy,0.000106,17.12,0.00181472
GVT/BTC,1601698194800,2020-10-03T04:09:54.800Z,buy,0.000106,10.29,0.00109074
GVT/BTC,1601698194826,2020-10-03T04:09:54.826Z,buy,0.0001061,13.64,0.001447204
GVT/BTC,1601698194826,2020-10-03T04:09:54.826Z,buy,0.0001061,13.64,0.001447204
GVT/BTC,1601698227044,2020-10-03T04:10:27.044Z,buy,0.0001061,4.31,0.0004572909999999
GVT/BTC,1601698487273,2020-10-03T04:14:47.273Z,buy,0.0001062,106.56,0.011316672
GVT/BTC,1601698508186,2020-10-03T04:15:08.186Z,sell,0.0001062,1.89,0.000200718
GVT/BTC,1601698603547,2020-10-03T04:16:43.547Z,sell,0.0001064,17.15,0.0018247599999999
GVT/BTC,1601698673304,2020-10-03T04:17:53.304Z,buy,0.0001067,2.47,0.000263549
GVT/BTC,1601698676028,2020-10-03T04:17:56.028Z,buy,0.0001067,2.5,0.00026675
GVT/BTC,1601699236508,2020-10-03T04:27:16.508Z,sell,0.0001064,611.03,0.065013592
GVT/BTC,1601699236525,2020-10-03T04:27:16.525Z,sell,0.0001064,141.54,0.0150598559999999
GVT/BTC,1601699639881,2020-10-03T04:33:59.881Z,sell,0.0001061,177.47,0.018829567
GVT/BTC,1601699639881,2020-10-03T04:33:59.881Z,sell,0.0001061,1.71,0.000181431
GVT/BTC,1601700698522,2020-10-03T04:51:38.522Z,buy,0.0001066,120.0,0.012792
GVT/BTC,1601700698522,2020-10-03T04:51:38.522Z,buy,0.0001067,117.0,0.0124839
GVT/BTC,1601700794968,2020-10-03T04:53:14.968Z,buy,0.0001068,3.23,0.0003449639999999
GVT/BTC,1601700860497,2020-10-03T04:54:20.497Z,buy,0.0001066,32.66,0.003481556
GVT/BTC,1601700860497,2020-10-03T04:54:20.497Z,buy,0.0001068,73.9,0.00789252
GVT/BTC,1601701397999,2020-10-03T05:03:17.999Z,buy,0.0001067,1.87,0.000199529
GVT/BTC,1601701397999,2020-10-03T05:03:17.999Z,sell,0.0001064,6.93,0.0007373519999999
GVT/BTC,1601701397999,2020-10-03T05:03:17.999Z,sell,0.0001062,4.96,0.000526752
GVT/BTC,1601701397999,2020-10-03T05:03:17.999Z,sell,0.0001062,7.02,0.000745524
GVT/BTC,1601701397999,2020-10-03T05:03:17.999Z,buy,0.0001067,1.87,0.000199529
GVT/BTC,1601701397999,2020-10-03T05:03:17.999Z,sell,0.0001064,6.93,0.0007373519999999
GVT/BTC,1601701397999,2020-10-03T05:03:17.999Z,sell,0.0001062,4.96,0.000526752
GVT/BTC,1601701397999,2020-10-03T05:03:17.999Z,sell,0.0001062,7.02,0.000745524
GVT/BTC,1601701996137,2020-10-03T05:13:16.137Z,sell,0.0001062,16.7,0.00177354
GVT/BTC,1601703146279,2020-10-03T05:32:26.279Z,sell,0.0001065,3.13,0.000333345
GVT/BTC,1601703211659,2020-10-03T05:33:31.659Z,buy,0.0001067,117.94,0.012584198
GVT/BTC,1601703240981,2020-10-03T05:34:00.981Z,sell,0.0001068,5.31,0.000567108
GVT/BTC,1601703240981,2020-10-03T05:34:00.981Z,sell,0.0001067,87.52,0.009338384
GVT/BTC,1601703260868,2020-10-03T05:34:20.868Z,buy,0.0001067,84.45,0.009010815
GVT/BTC,1601703646158,2020-10-03T05:40:46.158Z,buy,0.0001067,1.54,0.000164318
GVT/BTC,1601703646158,2020-10-03T05:40:46.158Z,buy,0.0001067,1.54,0.000164318
GVT/BTC,1601705092710,2020-10-03T06:04:52.710Z,buy,0.0001067,51.0,0.0054417
GVT/BTC,1601705092725,2020-10-03T06:04:52.725Z,buy,0.0001067,25.5,0.00272085
GVT/BTC,1601705092838,2020-10-03T06:04:52.838Z,buy,0.0001067,12.74,0.001359358
GVT/BTC,1601705712994,2020-10-03T06:15:12.994Z,sell,0.0001066,1.16,0.0001236559999999
GVT/BTC,1601705712994,2020-10-03T06:15:12.994Z,sell,0.0001066,0.3,3.198e-05
GVT/BTC,1601705712994,2020-10-03T06:15:12.994Z,sell,0.0001064,3.39,0.000360696
GVT/BTC,1601705712994,2020-10-03T06:15:12.994Z,sell,0.0001064,0.96,0.0001021439999999
GVT/BTC,1601705712994,2020-10-03T06:15:12.994Z,sell,0.0001064,6.22,0.000661808
GVT/BTC,1601706263706,2020-10-03T06:24:23.706Z,buy,0.0001066,10.18,0.001085188
GVT/BTC,1601706595953,2020-10-03T06:29:55.953Z,sell,0.0001064,39.43,0.004195352
GVT/BTC,1601706595953,2020-10-03T06:29:55.953Z,sell,0.0001062,10.22,0.001085364
GVT/BTC,1601706595953,2020-10-03T06:29:55.953Z,sell,0.0001061,24.15,0.002562315
GVT/BTC,1601706595953,2020-10-03T06:29:55.953Z,sell,0.000106,10.56,0.00111936
GVT/BTC,1601706595953,2020-10-03T06:29:55.953Z,sell,0.0001064,39.43,0.004195352
GVT/BTC,1601706595953,2020-10-03T06:29:55.953Z,sell,0.0001062,10.22,0.001085364
GVT/BTC,1601706595953,2020-10-03T06:29:55.953Z,sell,0.0001061,24.15,0.002562315
GVT/BTC,1601706595953,2020-10-03T06:29:55.953Z,sell,0.000106,10.56,0.00111936
GVT/BTC,1601708435122,2020-10-03T07:00:35.122Z,buy,0.0001066,22.06,0.002351596
GVT/BTC,1601708435122,2020-10-03T07:00:35.122Z,buy,0.0001067,596.71,0.063668957
GVT/BTC,1601708435294,2020-10-03T07:00:35.294Z,buy,0.0001067,33.22,0.003544574
GVT/BTC,1601708435294,2020-10-03T07:00:35.294Z,buy,0.0001069,8.13,0.000869097
GVT/BTC,1601708435294,2020-10-03T07:00:35.294Z,buy,0.0001067,33.22,0.003544574
GVT/BTC,1601708435294,2020-10-03T07:00:35.294Z,buy,0.0001069,8.13,0.000869097
GVT/BTC,1601710564390,2020-10-03T07:36:04.390Z,sell,0.0001066,212.52,0.022654632
GVT/BTC,1601710564390,2020-10-03T07:36:04.390Z,sell,0.0001064,22.13,0.0023546319999999
GVT/BTC,1601710564390,2020-10-03T07:36:04.390Z,sell,0.0001062,21.97,0.002333214
GVT/BTC,1601710787463,2020-10-03T07:39:47.463Z,sell,0.0001065,21.76,0.00231744
GVT/BTC,1601710834107,2020-10-03T07:40:34.107Z,sell,0.0001067,17.68,0.001886456
GVT/BTC,1601711087104,2020-10-03T07:44:47.104Z,buy,0.0001067,216.62,0.023113354
GVT/BTC,1601711087302,2020-10-03T07:44:47.302Z,buy,0.0001069,22.13,0.002365697
GVT/BTC,1601711096408,2020-10-03T07:44:56.408Z,buy,0.0001067,162.46,0.017334482
GVT/BTC,1601711614161,2020-10-03T07:53:34.161Z,buy,0.000107,2.22,0.00023754
GVT/BTC,1601711712262,2020-10-03T07:55:12.262Z,buy,0.000107,3.98,0.00042586
GVT/BTC,1601711888756,2020-10-03T07:58:08.756Z,sell,0.0001071,11.62,0.001244502
GVT/BTC,1601711894061,2020-10-03T07:58:14.061Z,buy,0.0001068,120.0,0.012816
GVT/BTC,1601711895150,2020-10-03T07:58:15.150Z,buy,0.0001069,281.85,0.030129765
GVT/BTC,1601711895166,2020-10-03T07:58:15.166Z,buy,0.0001069,160.2,0.01712538
GVT/BTC,1601711895363,2020-10-03T07:58:15.363Z,buy,0.000107,23.43,0.00250701
GVT/BTC,1601711895363,2020-10-03T07:58:15.363Z,buy,0.000107,23.43,0.00250701
GVT/BTC,1601712102405,2020-10-03T08:01:42.405Z,buy,0.0001072,3.37,0.000361264
GVT/BTC,1601712102405,2020-10-03T08:01:42.405Z,buy,0.0001073,166.87,0.017905151
GVT/BTC,1601712102471,2020-10-03T08:01:42.471Z,buy,0.0001074,105.48,0.011328552
GVT/BTC,1601712102578,2020-10-03T08:01:42.578Z,buy,0.0001074,52.7,0.00565998
GVT/BTC,1601712102673,2020-10-03T08:01:42.673Z,buy,0.0001074,26.34,0.002828916
GVT/BTC,1601712102969,2020-10-03T08:01:42.969Z,buy,0.0001074,13.13,0.001410162
GVT/BTC,1601712684913,2020-10-03T08:11:24.913Z,sell,0.0001073,3.03,0.000325119
GVT/BTC,1601712942220,2020-10-03T08:15:42.220Z,sell,0.0001067,33.66,0.0035915219999999
GVT/BTC,1601712942220,2020-10-03T08:15:42.220Z,sell,0.0001066,120.0,0.012792
GVT/BTC,1601712942244,2020-10-03T08:15:42.244Z,buy,0.0001066,23.41,0.002495506
GVT/BTC,1601713235080,2020-10-03T08:20:35.080Z,buy,0.0001068,14.36,0.0015336479999999
GVT/BTC,1601713235080,2020-10-03T08:20:35.080Z,buy,0.0001071,48.7,0.00521577
GVT/BTC,1601714673339,2020-10-03T08:44:33.339Z,sell,0.000107,1.17,0.0001251899999999
GVT/BTC,1601714673339,2020-10-03T08:44:33.339Z,sell,0.0001067,4.22,0.000450274
GVT/BTC,1601715237169,2020-10-03T08:53:57.169Z,sell,0.0001067,40.56,0.004327752
GVT/BTC,1601715415219,2020-10-03T08:56:55.219Z,sell,0.0001069,6.53,0.000698057
GVT/BTC,1601715431227,2020-10-03T08:57:11.227Z,sell,0.0001069,4.37,0.000467153
GVT/BTC,1601715443233,2020-10-03T08:57:23.233Z,sell,0.0001069,3.08,0.000329252
GVT/BTC,1601715449243,2020-10-03T08:57:29.243Z,sell,0.0001068,2.9,0.00030972
GVT/BTC,1601715453147,2020-10-03T08:57:33.147Z,sell,0.0001068,2.51,0.0002680679999999
GVT/BTC,1601715456692,2020-10-03T08:57:36.692Z,sell,0.0001068,2.37,0.000253116
GVT/BTC,1601715472326,2020-10-03T08:57:52.326Z,sell,0.0001068,2.35,0.00025098
GVT/BTC,1601715477502,2020-10-03T08:57:57.502Z,sell,0.0001068,1.88,0.0002007839999999
GVT/BTC,1601715480257,2020-10-03T08:58:00.257Z,sell,0.0001068,1.71,0.0001826279999999
GVT/BTC,1601715483556,2020-10-03T08:58:03.556Z,sell,0.0001068,1.62,0.000173016
GVT/BTC,1601715488061,2020-10-03T08:58:08.061Z,sell,0.0001068,1.55,0.00016554
GVT/BTC,1601715492068,2020-10-03T08:58:12.068Z,sell,0.0001068,1.34,0.000143112
GVT/BTC,1601715492068,2020-10-03T08:58:12.068Z,sell,0.0001068,1.34,0.000143112
GVT/BTC,1601715495862,2020-10-03T08:58:15.862Z,sell,0.0001068,1.33,0.000142044
GVT/BTC,1601715500071,2020-10-03T08:58:20.071Z,sell,0.0001068,1.21,0.0001292279999999
GVT/BTC,1601715503573,2020-10-03T08:58:23.573Z,sell,0.0001068,1.14,0.0001217519999999
GVT/BTC,1601715508267,2020-10-03T08:58:28.267Z,sell,0.0001068,1.14,0.0001217519999999
GVT/BTC,1601715511774,2020-10-03T08:58:31.774Z,sell,0.0001068,1.02,0.000108936
GVT/BTC,1601715516114,2020-10-03T08:58:36.114Z,sell,0.0001068,1.01,0.0001078679999999
GVT/BTC,1601715528983,2020-10-03T08:58:48.983Z,sell,0.0001068,0.95,0.00010146
GVT/BTC,1601715944761,2020-10-03T09:05:44.761Z,buy,0.000107,13.31,0.00142417
GVT/BTC,1601716157721,2020-10-03T09:09:17.721Z,sell,0.0001069,1.55,0.000165695
GVT/BTC,1601717037259,2020-10-03T09:23:57.259Z,buy,0.000107,22.79,0.00243853
GVT/BTC,1601717037270,2020-10-03T09:23:57.270Z,buy,0.000107,11.39,0.00121873
GVT/BTC,1601717039711,2020-10-03T09:23:59.711Z,buy,0.000107,23.08,0.00246956
GVT/BTC,1601717039721,2020-10-03T09:23:59.721Z,buy,0.000107,17.12,0.00183184
GVT/BTC,1601717597076,2020-10-03T09:33:17.076Z,buy,0.000107,133.91,0.01432837
GVT/BTC,1601717597088,2020-10-03T09:33:17.088Z,buy,0.000107,67.03,0.00717221
GVT/BTC,1601717614150,2020-10-03T09:33:34.150Z,buy,0.000107,29.08,0.0031115599999999
GVT/BTC,1601717623254,2020-10-03T09:33:43.254Z,buy,0.000107,13.48,0.00144236
GVT/BTC,1601717624509,2020-10-03T09:33:44.509Z,buy,0.000107,41.56,0.00444692
GVT/BTC,1601717624519,2020-10-03T09:33:44.519Z,buy,0.000107,27.45,0.00293715
GVT/BTC,1601717627951,2020-10-03T09:33:47.951Z,buy,0.000107,13.34,0.00142738
GVT/BTC,1601719057611,2020-10-03T09:57:37.611Z,buy,0.000107,4.87,0.00052109
GVT/BTC,1601719057611,2020-10-03T09:57:37.611Z,buy,0.000107,4.87,0.00052109
GVT/BTC,1601719143625,2020-10-03T09:59:03.625Z,buy,0.000107,67.82,0.0072567399999999
GVT/BTC,1601719143640,2020-10-03T09:59:03.640Z,buy,0.0001071,35.09,0.003758139
GVT/BTC,1601719143813,2020-10-03T09:59:03.813Z,buy,0.0001071,17.53,0.001877463
GVT/BTC,1601719311028,2020-10-03T10:01:51.028Z,sell,0.0001069,23.43,0.002504667
GVT/BTC,1601719311039,2020-10-03T10:01:51.039Z,buy,0.0001071,13.89,0.001487619
GVT/BTC,1601719379262,2020-10-03T10:02:59.262Z,sell,0.000107,37.34,0.00399538
GVT/BTC,1601719379277,2020-10-03T10:02:59.277Z,buy,0.0001071,22.6,0.00242046
GVT/BTC,1601719379544,2020-10-03T10:02:59.544Z,buy,0.0001071,11.27,0.001207017
GVT/BTC,1601721006477,2020-10-03T10:30:06.477Z,buy,0.0001071,74.17,0.007943607
GVT/BTC,1601721006477,2020-10-03T10:30:06.477Z,buy,0.0001076,11.46,0.001233096
GVT/BTC,1601721006477,2020-10-03T10:30:06.477Z,buy,0.0001077,159.63,0.017192151
GVT/BTC,1601721006477,2020-10-03T10:30:06.477Z,buy,0.0001078,37.18,0.004008004
GVT/BTC,1601721006477,2020-10-03T10:30:06.477Z,buy,0.0001079,50.21,0.005417659
GVT/BTC,1601721006477,2020-10-03T10:30:06.477Z,buy,0.000108,0.96,0.00010368
GVT/BTC,1601721006477,2020-10-03T10:30:06.477Z,buy,0.0001081,51.09,0.005522829
GVT/BTC,1601721006477,2020-10-03T10:30:06.477Z,buy,0.0001082,23.05,0.00249401
GVT/BTC,1601721006477,2020-10-03T10:30:06.477Z,buy,0.0001083,791.89,0.085761687
GVT/BTC,1601721006477,2020-10-03T10:30:06.477Z,buy,0.0001084,4.66,0.000505144
GVT/BTC,1601721006477,2020-10-03T10:30:06.477Z,buy,0.0001085,32.85,0.003564225
GVT/BTC,1601721006477,2020-10-03T10:30:06.477Z,buy,0.0001088,2.8,0.00030464
GVT/BTC,1601721006477,2020-10-03T10:30:06.477Z,buy,0.0001089,46.69,0.005084541
GVT/BTC,1601721006477,2020-10-03T10:30:06.477Z,buy,0.000109,3.92,0.00042728
GVT/BTC,1601721006477,2020-10-03T10:30:06.477Z,buy,0.0001091,0.96,0.000104736
GVT/BTC,1601721006477,2020-10-03T10:30:06.477Z,buy,0.0001093,4.47,0.0004885709999999
GVT/BTC,1601721006477,2020-10-03T10:30:06.477Z,buy,0.0001097,2.5,0.0002742499999999
GVT/BTC,1601721006477,2020-10-03T10:30:06.477Z,buy,0.00011,3.03,0.0003332999999999
GVT/BTC,1601721006477,2020-10-03T10:30:06.477Z,buy,0.0001102,0.96,0.0001057919999999
GVT/BTC,1601721006477,2020-10-03T10:30:06.477Z,buy,0.0001105,1.09,0.000120445
GVT/BTC,1601721006477,2020-10-03T10:30:06.477Z,buy,0.0001106,0.96,0.000106176
GVT/BTC,1601721006477,2020-10-03T10:30:06.477Z,buy,0.0001108,1.47,0.000162876
GVT/BTC,1601721006477,2020-10-03T10:30:06.477Z,buy,0.0001109,5.51,0.000611059
GVT/BTC,1601721006477,2020-10-03T10:30:06.477Z,buy,0.0001111,0.13,1.4443e-05
GVT/BTC,1601721007944,2020-10-03T10:30:07.944Z,sell,0.0001095,1.27,0.000139065
GVT/BTC,1601721011963,2020-10-03T10:30:11.963Z,sell,0.0001098,627.22,0.068868756
GVT/BTC,1601721012068,2020-10-03T10:30:12.068Z,sell,0.0001098,313.38,0.034409124
GVT/BTC,1601721012664,2020-10-03T10:30:12.664Z,sell,0.0001098,155.92,0.017120016
GVT/BTC,1601721012965,2020-10-03T10:30:12.965Z,sell,0.0001098,77.77,0.008539146
GVT/BTC,1601721013065,2020-10-03T10:30:13.065Z,sell,0.0001098,38.86,0.004266828
GVT/BTC,1601721013262,2020-10-03T10:30:13.262Z,sell,0.0001098,19.4,0.0021301199999999
GVT/BTC,1601721013364,2020-10-03T10:30:13.364Z,sell,0.0001098,9.69,0.001063962
GVT/BTC,1601721014803,2020-10-03T10:30:14.803Z,sell,0.00011,1.82,0.0002002
GVT/BTC,1601721015690,2020-10-03T10:30:15.690Z,sell,0.0001101,22.25,0.002449725
GVT/BTC,1601721015700,2020-10-03T10:30:15.700Z,sell,0.0001101,16.78,0.001847478
GVT/BTC,1601721016062,2020-10-03T10:30:16.062Z,sell,0.0001101,69.62,0.007665162
GVT/BTC,1601721016077,2020-10-03T10:30:16.077Z,sell,0.0001101,43.18,0.004754118
GVT/BTC,1601721016270,2020-10-03T10:30:16.270Z,sell,0.00011,21.55,0.0023705
GVT/BTC,1601721016372,2020-10-03T10:30:16.372Z,sell,0.00011,10.77,0.0011847
GVT/BTC,1601721016673,2020-10-03T10:30:16.673Z,sell,0.00011,192.69,0.0211959
GVT/BTC,1601721016685,2020-10-03T10:30:16.685Z,sell,0.0001098,32.85,0.00360693
GVT/BTC,1601721016968,2020-10-03T10:30:16.968Z,sell,0.0001095,26.19,0.002867805
GVT/BTC,1601721017074,2020-10-03T10:30:17.074Z,sell,0.0001094,71.94,0.007870236
GVT/BTC,1601721017268,2020-10-03T10:30:17.268Z,sell,0.0001094,35.91,0.003928554
GVT/BTC,1601721017374,2020-10-03T10:30:17.374Z,sell,0.0001094,17.94,0.001962636
GVT/BTC,1601721018242,2020-10-03T10:30:18.242Z,sell,0.0001094,46.65,0.00510351
GVT/BTC,1601721018246,2020-10-03T10:30:18.246Z,sell,0.0001094,28.02,0.003065388
GVT/BTC,1601721018256,2020-10-03T10:30:18.256Z,sell,0.0001094,32.23,0.0035259619999999
GVT/BTC,1601721018314,2020-10-03T10:30:18.314Z,sell,0.0001094,46.69,0.005107886
GVT/BTC,1601721018369,2020-10-03T10:30:18.369Z,sell,0.0001094,53.44,0.005846336
GVT/BTC,1601721018717,2020-10-03T10:30:18.717Z,buy,0.0001095,22.06,0.00241557
GVT/BTC,1601721018732,2020-10-03T10:30:18.732Z,sell,0.0001094,37.67,0.004121098
GVT/BTC,1601721018866,2020-10-03T10:30:18.866Z,sell,0.0001091,18.82,0.002053262
GVT/BTC,1601721018967,2020-10-03T10:30:18.967Z,sell,0.0001091,9.4,0.00102554
GVT/BTC,1601721020136,2020-10-03T10:30:20.136Z,sell,0.0001091,22.19,0.002420929
GVT/BTC,1601721020147,2020-10-03T10:30:20.147Z,sell,0.0001091,15.75,0.001718325
GVT/BTC,1601721026273,2020-10-03T10:30:26.273Z,sell,0.0001092,16.4,0.00179088
GVT/BTC,1601721026283,2020-10-03T10:30:26.283Z,sell,0.0001091,15.68,0.001710688
GVT/BTC,1601721026843,2020-10-03T10:30:26.843Z,buy,0.0001093,89.09,0.009737537
GVT/BTC,1601721026843,2020-10-03T10:30:26.843Z,buy,0.0001094,58.24,0.006371456
GVT/BTC,1601721026860,2020-10-03T10:30:26.860Z,sell,0.0001091,52.35,0.005711385
GVT/BTC,1601721026973,2020-10-03T10:30:26.973Z,sell,0.0001091,55.24,0.006026684
GVT/BTC,1601721027075,2020-10-03T10:30:27.075Z,sell,0.0001091,27.6,0.00301116
GVT/BTC,1601721027282,2020-10-03T10:30:27.282Z,sell,0.0001091,139.81,0.0152532709999999
GVT/BTC,1601721027877,2020-10-03T10:30:27.877Z,sell,0.0001093,15.47,0.001690871
GVT/BTC,1601721055489,2020-10-03T10:30:55.489Z,sell,0.0001089,60.02,0.006536178
GVT/BTC,1601721056391,2020-10-03T10:30:56.391Z,buy,0.0001091,77.9,0.00849889
GVT/BTC,1601721056406,2020-10-03T10:30:56.406Z,sell,0.0001089,44.34,0.004828626
GVT/BTC,1601721057087,2020-10-03T10:30:57.087Z,sell,0.000109,10.49,0.00114341
GVT/BTC,1601721068794,2020-10-03T10:31:08.794Z,sell,0.000109,93.0,0.010137
GVT/BTC,1601721071700,2020-10-03T10:31:11.700Z,sell,0.0001089,10.38,0.001130382
GVT/BTC,1601721073500,2020-10-03T10:31:13.500Z,sell,0.0001088,2.3,0.00025024
GVT/BTC,1601721074592,2020-10-03T10:31:14.592Z,sell,0.0001088,2.3,0.00025024
GVT/BTC,1601721075596,2020-10-03T10:31:15.596Z,sell,0.0001088,2.3,0.00025024
GVT/BTC,1601721076597,2020-10-03T10:31:16.597Z,sell,0.0001088,2.3,0.00025024
GVT/BTC,1601721077001,2020-10-03T10:31:17.001Z,sell,0.0001089,9.2,0.00100188
GVT/BTC,1601721077001,2020-10-03T10:31:17.001Z,sell,0.0001088,2.3,0.00025024
GVT/BTC,1601721077604,2020-10-03T10:31:17.604Z,sell,0.0001088,2.3,0.00025024
GVT/BTC,1601721078619,2020-10-03T10:31:18.619Z,sell,0.0001088,2.3,0.00025024
GVT/BTC,1601721079698,2020-10-03T10:31:19.698Z,sell,0.0001088,2.3,0.00025024
GVT/BTC,1601721080702,2020-10-03T10:31:20.702Z,sell,0.0001089,8.67,0.000944163
GVT/BTC,1601721092536,2020-10-03T10:31:32.536Z,sell,0.0001085,4.12,0.00044702
GVT/BTC,1601721108821,2020-10-03T10:31:48.821Z,sell,0.0001086,7.57,0.000822102
GVT/BTC,1601721113323,2020-10-03T10:31:53.323Z,sell,0.0001085,7.57,0.000821345
GVT/BTC,1601721116923,2020-10-03T10:31:56.923Z,sell,0.0001085,6.87,0.0007453949999999
GVT/BTC,1601721117820,2020-10-03T10:31:57.820Z,buy,0.0001088,1.09,0.000118592
GVT/BTC,1601721120736,2020-10-03T10:32:00.736Z,sell,0.0001085,6.85,0.0007432249999999
GVT/BTC,1601721121734,2020-10-03T10:32:01.734Z,sell,0.0001084,2.24,0.000242816
GVT/BTC,1601721123929,2020-10-03T10:32:03.929Z,sell,0.0001083,31.67,0.003429861
GVT/BTC,1601721125033,2020-10-03T10:32:05.033Z,sell,0.0001082,22.2,0.00240204
GVT/BTC,1601721126934,2020-10-03T10:32:06.934Z,sell,0.0001084,6.12,0.000663408
GVT/BTC,1601721129937,2020-10-03T10:32:09.937Z,sell,0.0001082,5.91,0.000639462
GVT/BTC,1601721132233,2020-10-03T10:32:12.233Z,sell,0.0001082,5.55,0.00060051
GVT/BTC,1601721133332,2020-10-03T10:32:13.332Z,sell,0.0001081,35.09,0.003793229
GVT/BTC,1601721143240,2020-10-03T10:32:23.240Z,sell,0.0001076,5.12,0.000550912
GVT/BTC,1601721143240,2020-10-03T10:32:23.240Z,sell,0.0001075,86.19,0.0092654249999999
GVT/BTC,1601721143249,2020-10-03T10:32:23.249Z,sell,0.0001075,94.07,0.0101125249999999
GVT/BTC,1601721193946,2020-10-03T10:33:13.946Z,sell,0.0001081,4.21,0.0004551009999999
GVT/BTC,1601721299154,2020-10-03T10:34:59.154Z,buy,0.000108,1.1,0.0001188
GVT/BTC,1601721463322,2020-10-03T10:37:43.322Z,buy,0.000108,14.64,0.00158112
GVT/BTC,1601721645779,2020-10-03T10:40:45.779Z,sell,0.0001077,61.3,0.00660201
GVT/BTC,1601721645779,2020-10-03T10:40:45.779Z,sell,0.0001075,86.03,0.009248225
GVT/BTC,1601721649765,2020-10-03T10:40:49.765Z,sell,0.0001076,59.48,0.0064000479999999
GVT/BTC,1601721649765,2020-10-03T10:40:49.765Z,sell,0.0001075,46.96,0.0050482
GVT/BTC,1601721724672,2020-10-03T10:42:04.672Z,buy,0.0001079,46.84,0.005054036
GVT/BTC,1601721808617,2020-10-03T10:43:28.617Z,buy,0.0001077,21.9,0.00235863
GVT/BTC,1601721808822,2020-10-03T10:43:28.822Z,buy,0.0001077,10.94,0.001178238
GVT/BTC,1601721809122,2020-10-03T10:43:29.122Z,buy,0.0001075,34.77,0.003737775
GVT/BTC,1601721809138,2020-10-03T10:43:29.138Z,buy,0.0001077,22.84,0.002459868
GVT/BTC,1601721809322,2020-10-03T10:43:29.322Z,buy,0.0001077,11.4,0.00122778
GVT/BTC,1601721810121,2020-10-03T10:43:30.121Z,buy,0.0001075,34.77,0.003737775
GVT/BTC,1601721810324,2020-10-03T10:43:30.324Z,buy,0.0001075,23.01,0.002473575
GVT/BTC,1601721810520,2020-10-03T10:43:30.520Z,buy,0.0001075,11.49,0.001235175
GVT/BTC,1601721811119,2020-10-03T10:43:31.119Z,buy,0.0001075,35.04,0.0037668
GVT/BTC,1601721811319,2020-10-03T10:43:31.319Z,buy,0.0001076,23.2,0.00249632
GVT/BTC,1601721812622,2020-10-03T10:43:32.622Z,buy,0.0001075,11.48,0.0012341
GVT/BTC,1601721812624,2020-10-03T10:43:32.624Z,buy,0.0001075,104.43,0.011226225
GVT/BTC,1601721812926,2020-10-03T10:43:32.926Z,buy,0.0001073,34.77,0.003730821
GVT/BTC,1601721813123,2020-10-03T10:43:33.123Z,buy,0.0001077,40.36,0.004346772
GVT/BTC,1601721813621,2020-10-03T10:43:33.621Z,buy,0.0001077,20.1,0.00216477
GVT/BTC,1601721813636,2020-10-03T10:43:33.636Z,buy,0.0001077,409.89,0.044145153
GVT/BTC,1601721813923,2020-10-03T10:43:33.923Z,buy,0.0001077,214.51,0.023102727
GVT/BTC,1601721814025,2020-10-03T10:43:34.025Z,buy,0.0001077,107.17,0.011542209
GVT/BTC,1601721814222,2020-10-03T10:43:34.222Z,buy,0.0001077,53.5,0.00576195
GVT/BTC,1601721814322,2020-10-03T10:43:34.322Z,buy,0.0001077,26.74,0.002879898
GVT/BTC,1601721815025,2020-10-03T10:43:35.025Z,buy,0.0001077,13.29,0.001431333
GVT/BTC,1601722180803,2020-10-03T10:49:40.803Z,sell,0.000108,3.96,0.00042768
GVT/BTC,1601722212634,2020-10-03T10:50:12.634Z,buy,0.0001076,89.4,0.00961944
GVT/BTC,1601722212663,2020-10-03T10:50:12.663Z,buy,0.0001076,25.77,0.002772852
GVT/BTC,1601722212954,2020-10-03T10:50:12.954Z,buy,0.000108,33.49,0.00361692
GVT/BTC,1601722213054,2020-10-03T10:50:13.054Z,buy,0.0001079,16.74,0.0018062459999999
GVT/BTC,1601722368576,2020-10-03T10:52:48.576Z,buy,0.0001083,26.07,0.002823381
GVT/BTC,1601722368576,2020-10-03T10:52:48.576Z,buy,0.0001084,32.12,0.003481808
GVT/BTC,1601722368576,2020-10-03T10:52:48.576Z,buy,0.0001085,120.0,0.0130199999999999
GVT/BTC,1601722368937,2020-10-03T10:52:48.937Z,buy,0.0001086,91.12,0.009895632
GVT/BTC,1601722369043,2020-10-03T10:52:49.043Z,buy,0.0001086,45.52,0.004943472
GVT/BTC,1601722369241,2020-10-03T10:52:49.241Z,buy,0.0001086,22.73,0.002468478
GVT/BTC,1601722369435,2020-10-03T10:52:49.435Z,buy,0.0001086,11.35,0.0012326099999999
GVT/BTC,1601722385795,2020-10-03T10:53:05.795Z,buy,0.0001085,341.26,0.03702671
GVT/BTC,1601722385809,2020-10-03T10:53:05.809Z,buy,0.0001085,175.58,0.01905043
GVT/BTC,1601722385950,2020-10-03T10:53:05.950Z,buy,0.0001085,87.7,0.00951545
GVT/BTC,1601722386048,2020-10-03T10:53:06.048Z,buy,0.0001085,43.82,0.00475447
GVT/BTC,1601722386246,2020-10-03T10:53:06.246Z,buy,0.0001085,21.87,0.002372895
GVT/BTC,1601722386454,2020-10-03T10:53:06.454Z,buy,0.0001085,10.92,0.0011848199999999
GVT/BTC,1601722418015,2020-10-03T10:53:38.015Z,sell,0.000108,2.48,0.00026784
GVT/BTC,1601722418015,2020-10-03T10:53:38.015Z,sell,0.0001078,108.16,0.011659648
GVT/BTC,1601722421365,2020-10-03T10:53:41.365Z,buy,0.0001085,57.88,0.00627998
GVT/BTC,1601722441576,2020-10-03T10:54:01.576Z,buy,0.0001086,24.46,0.002656356
GVT/BTC,1601722441679,2020-10-03T10:54:01.679Z,buy,0.0001086,12.22,0.001327092
GVT/BTC,1601722568014,2020-10-03T10:56:08.014Z,sell,0.0001086,1.86,0.000201996
GVT/BTC,1601722568014,2020-10-03T10:56:08.014Z,sell,0.0001086,1.86,0.000201996
GVT/BTC,1601722719461,2020-10-03T10:58:39.461Z,buy,0.0001088,57.15,0.00621792
GVT/BTC,1601722719639,2020-10-03T10:58:39.639Z,buy,0.0001091,29.4,0.0032075399999999
GVT/BTC,1601722735946,2020-10-03T10:58:55.946Z,buy,0.0001091,12.83,0.0013997529999999
GVT/BTC,1601722771471,2020-10-03T10:59:31.471Z,sell,0.000109,2.13,0.00023217
GVT/BTC,1601722872648,2020-10-03T11:01:12.648Z,buy,0.0001092,91.58,0.0100005359999999
GVT/BTC,1601722872658,2020-10-03T11:01:12.658Z,buy,0.0001092,48.3,0.00527436
GVT/BTC,1601722872814,2020-10-03T11:01:12.814Z,buy,0.0001092,24.12,0.002633904
GVT/BTC,1601722927997,2020-10-03T11:02:07.997Z,sell,0.0001092,1.85,0.00020202
GVT/BTC,1601723239216,2020-10-03T11:07:19.216Z,sell,0.0001092,77.9,0.00850668
GVT/BTC,1601723426079,2020-10-03T11:10:26.079Z,sell,0.0001092,1.52,0.000165984
GVT/BTC,1601723673015,2020-10-03T11:14:33.015Z,sell,0.0001092,1.11,0.000121212
GVT/BTC,1601724594685,2020-10-03T11:29:54.685Z,sell,0.0001092,45.78,0.004999176
GVT/BTC,1601724718488,2020-10-03T11:31:58.488Z,sell,0.0001092,45.78,0.004999176
GVT/BTC,1601724949512,2020-10-03T11:35:49.512Z,sell,0.000109,53.83,0.00586747
GVT/BTC,1601724949512,2020-10-03T11:35:49.512Z,sell,0.0001088,2.17,0.0002360959999999
GVT/BTC,1601724949512,2020-10-03T11:35:49.512Z,sell,0.0001088,6.23,0.000677824
GVT/BTC,1601724949512,2020-10-03T11:35:49.512Z,sell,0.0001088,23.09,0.002512192
GVT/BTC,1601724949512,2020-10-03T11:35:49.512Z,sell,0.000109,53.83,0.00586747
GVT/BTC,1601724949512,2020-10-03T11:35:49.512Z,sell,0.0001088,2.17,0.0002360959999999
GVT/BTC,1601724949512,2020-10-03T11:35:49.512Z,sell,0.0001088,6.23,0.000677824
GVT/BTC,1601724949512,2020-10-03T11:35:49.512Z,sell,0.0001088,23.09,0.002512192
GVT/BTC,1601729801935,2020-10-03T12:56:41.935Z,sell,0.000109,25.02,0.00272718
GVT/BTC,1601729925687,2020-10-03T12:58:45.687Z,sell,0.0001091,4.84,0.000528044
GVT/BTC,1601730208144,2020-10-03T13:03:28.144Z,buy,0.0001092,0.93,0.000101556
GVT/BTC,1601730208144,2020-10-03T13:03:28.144Z,buy,0.0001092,0.93,0.000101556
GVT/BTC,1601731051470,2020-10-03T13:17:31.470Z,sell,0.0001091,316.06,0.034482146
GVT/BTC,1601731051470,2020-10-03T13:17:31.470Z,sell,0.000109,5.88,0.00064092
GVT/BTC,1601731334719,2020-10-03T13:22:14.719Z,sell,0.0001091,7.99,0.000871709
GVT/BTC,1601731800042,2020-10-03T13:30:00.042Z,buy,0.0001092,89.47,0.009770124
GVT/BTC,1601731800059,2020-10-03T13:30:00.059Z,buy,0.0001092,30.14,0.003291288
GVT/BTC,1601731800999,2020-10-03T13:30:00.999Z,buy,0.0001092,29.83,0.003257436
GVT/BTC,1601731801009,2020-10-03T13:30:01.009Z,buy,0.0001092,7.99,0.000872508
GVT/BTC,1601731801092,2020-10-03T13:30:01.092Z,buy,0.0001092,18.89,0.002062788
GVT/BTC,1601731801292,2020-10-03T13:30:01.292Z,buy,0.0001092,9.43,0.001029756
GVT/BTC,1601731983345,2020-10-03T13:33:03.345Z,buy,0.0001092,0.93,0.000101556
GVT/BTC,1601732200008,2020-10-03T13:36:40.008Z,sell,0.0001091,6.97,0.0007604269999999
GVT/BTC,1601732200567,2020-10-03T13:36:40.567Z,sell,0.0001091,54.69,0.005966679
GVT/BTC,1601732200567,2020-10-03T13:36:40.567Z,sell,0.000109,106.8,0.0116412
GVT/BTC,1601732200567,2020-10-03T13:36:40.567Z,sell,0.0001088,39.04,0.004247552
GVT/BTC,1601732489083,2020-10-03T13:41:29.083Z,buy,0.0001093,9.39,0.001026327
GVT/BTC,1601733662769,2020-10-03T14:01:02.769Z,buy,0.0001093,0.93,0.000101649
GVT/BTC,1601733662769,2020-10-03T14:01:02.769Z,buy,0.0001093,0.93,0.000101649
GVT/BTC,1601733880074,2020-10-03T14:04:40.074Z,sell,0.0001092,100.61,0.010986612
GVT/BTC,1601733883482,2020-10-03T14:04:43.482Z,buy,0.0001093,48.98,0.0053535139999999
GVT/BTC,1601734087966,2020-10-03T14:08:07.966Z,sell,0.0001092,335.47,0.036633324
GVT/BTC,1601734087966,2020-10-03T14:08:07.966Z,sell,0.0001091,277.32,0.0302556119999999
GVT/BTC,1601734087966,2020-10-03T14:08:07.966Z,sell,0.000109,2918.77,0.31814593
GVT/BTC,1601734088095,2020-10-03T14:08:08.095Z,sell,0.0001087,132.24,0.014374488
GVT/BTC,1601734094336,2020-10-03T14:08:14.336Z,buy,0.000109,0.93,0.00010137
GVT/BTC,1601734164137,2020-10-03T14:09:24.137Z,sell,0.0001087,91.39,0.009934093
GVT/BTC,1601734164147,2020-10-03T14:09:24.147Z,sell,0.0001087,12.96,0.001408752
GVT/BTC,1601734210866,2020-10-03T14:10:10.866Z,sell,0.0001087,1.84,0.000200008
GVT/BTC,1601734211867,2020-10-03T14:10:11.867Z,sell,0.0001088,72.44,0.007881472
GVT/BTC,1601734275401,2020-10-03T14:11:15.401Z,buy,0.0001088,120.0,0.013056
GVT/BTC,1601734275406,2020-10-03T14:11:15.406Z,sell,0.0001087,57.4,0.00623938
GVT/BTC,1601734316323,2020-10-03T14:11:56.323Z,buy,0.0001086,59.35,0.00644541
GVT/BTC,1601734341640,2020-10-03T14:12:21.640Z,sell,0.0001085,63.6,0.0069006
GVT/BTC,1601734362547,2020-10-03T14:12:42.547Z,buy,0.0001086,22.13,0.0024033179999999
GVT/BTC,1601734542456,2020-10-03T14:15:42.456Z,buy,0.0001087,38.82,0.004219734
GVT/BTC,1601734542554,2020-10-03T14:15:42.554Z,buy,0.0001087,19.39,0.002107693
GVT/BTC,1601734542655,2020-10-03T14:15:42.655Z,buy,0.0001087,9.69,0.001053303
GVT/BTC,1601734542670,2020-10-03T14:15:42.670Z,buy,0.0001087,102.67,0.011160229
GVT/BTC,1601734774847,2020-10-03T14:19:34.847Z,buy,0.000109,0.93,0.00010137
GVT/BTC,1601734821597,2020-10-03T14:20:21.597Z,buy,0.0001089,55.34,0.006026526
GVT/BTC,1601735060439,2020-10-03T14:24:20.439Z,sell,0.0001088,2.79,0.000303552
GVT/BTC,1601736220281,2020-10-03T14:43:40.281Z,sell,0.0001082,120.0,0.012984
GVT/BTC,1601736220281,2020-10-03T14:43:40.281Z,sell,0.0001081,52.06,0.005627686
GVT/BTC,1601736333928,2020-10-03T14:45:33.928Z,sell,0.0001081,7.34,0.000793454
GVT/BTC,1601736333928,2020-10-03T14:45:33.928Z,sell,0.0001078,128.63,0.013866314
GVT/BTC,1601736335326,2020-10-03T14:45:35.326Z,buy,0.0001085,0.94,0.0001019899999999
GVT/BTC,1601736598538,2020-10-03T14:49:58.538Z,buy,0.0001084,11.22,0.001216248
GVT/BTC,1601736598637,2020-10-03T14:49:58.637Z,buy,0.0001084,105.57,0.011443788
GVT/BTC,1601736598647,2020-10-03T14:49:58.647Z,buy,0.0001084,14.95,0.00162058
GVT/BTC,1601736796549,2020-10-03T14:53:16.549Z,buy,0.0001085,9.78,0.00106113
GVT/BTC,1601736993505,2020-10-03T14:56:33.505Z,buy,0.0001088,0.93,0.000101184
GVT/BTC,1601737109915,2020-10-03T14:58:29.915Z,buy,0.0001088,59.95,0.00652256
GVT/BTC,1601737115234,2020-10-03T14:58:35.234Z,sell,0.0001088,29.19,0.003175872
GVT/BTC,1601737115244,2020-10-03T14:58:35.244Z,sell,0.0001088,4.1,0.0004460799999999
GVT/BTC,1601737115244,2020-10-03T14:58:35.244Z,sell,0.0001088,4.1,0.0004460799999999
GVT/BTC,1601737325154,2020-10-03T15:02:05.154Z,sell,0.0001088,1.71,0.000186048
GVT/BTC,1601737465829,2020-10-03T15:04:25.829Z,sell,0.0001088,7.61,0.000827968
GVT/BTC,1601737569588,2020-10-03T15:06:09.588Z,sell,0.0001088,7.83,0.000851904
GVT/BTC,1601737929895,2020-10-03T15:12:09.895Z,sell,0.0001088,2.55,0.00027744
GVT/BTC,1601738089459,2020-10-03T15:14:49.459Z,sell,0.0001088,1.19,0.000129472
GVT/BTC,1601738089459,2020-10-03T15:14:49.459Z,sell,0.0001081,11.68,0.001262608
GVT/BTC,1601738089459,2020-10-03T15:14:49.459Z,sell,0.000108,352.69,0.0380905199999999
GVT/BTC,1601738089459,2020-10-03T15:14:49.459Z,sell,0.0001079,27.54,0.0029715659999999
GVT/BTC,1601738089459,2020-10-03T15:14:49.459Z,sell,0.0001078,11.57,0.001247246
GVT/BTC,1601738089459,2020-10-03T15:14:49.459Z,sell,0.0001077,1058.33,0.113982141
GVT/BTC,1601738097503,2020-10-03T15:14:57.503Z,buy,0.0001076,488.11,0.052520636
GVT/BTC,1601738097595,2020-10-03T15:14:57.595Z,buy,0.0001076,23.8,0.00256088
GVT/BTC,1601738097612,2020-10-03T15:14:57.612Z,buy,0.0001076,96.2,0.01035112
GVT/BTC,1601738104094,2020-10-03T15:15:04.094Z,sell,0.0001083,120.0,0.012996
GVT/BTC,1601738108032,2020-10-03T15:15:08.032Z,sell,0.0001083,1.05,0.000113715
GVT/BTC,1601738109050,2020-10-03T15:15:09.050Z,sell,0.0001083,237.5,0.02572125
GVT/BTC,1601738110936,2020-10-03T15:15:10.936Z,sell,0.0001082,201.39,0.021790398
GVT/BTC,1601738110936,2020-10-03T15:15:10.936Z,sell,0.0001081,593.8,0.0641897799999999
GVT/BTC,1601738110936,2020-10-03T15:15:10.936Z,sell,0.0001075,192.76,0.0207217
GVT/BTC,1601738110997,2020-10-03T15:15:10.997Z,buy,0.0001075,1029.1,0.1106282499999999
GVT/BTC,1601738111000,2020-10-03T15:15:11.000Z,buy,0.0001075,100.96,0.0108531999999999
GVT/BTC,1601738111097,2020-10-03T15:15:11.097Z,buy,0.0001075,564.73,0.060708475
GVT/BTC,1601738111112,2020-10-03T15:15:11.112Z,buy,0.0001075,358.55,0.038544125
GVT/BTC,1601738111204,2020-10-03T15:15:11.204Z,buy,0.0001075,461.31,0.049590825
GVT/BTC,1601738112098,2020-10-03T15:15:12.098Z,buy,0.0001074,120.0,0.012888
GVT/BTC,1601738112098,2020-10-03T15:15:12.098Z,buy,0.0001075,108.96,0.0117131999999999
GVT/BTC,1601738112207,2020-10-03T15:15:12.207Z,buy,0.0001075,114.39,0.012296925
GVT/BTC,1601738112499,2020-10-03T15:15:12.499Z,buy,0.0001075,57.06,0.00613395
GVT/BTC,1601738112604,2020-10-03T15:15:12.604Z,buy,0.0001075,28.51,0.003064825
GVT/BTC,1601738112713,2020-10-03T15:15:12.713Z,buy,0.0001075,14.25,0.001531875
GVT/BTC,1601738161598,2020-10-03T15:16:01.598Z,sell,0.0001078,901.25,0.09715475
GVT/BTC,1601738161598,2020-10-03T15:16:01.598Z,sell,0.0001075,279.06,0.02999895
GVT/BTC,1601738161598,2020-10-03T15:16:01.598Z,sell,0.0001073,328.45,0.035242685
GVT/BTC,1601738161598,2020-10-03T15:16:01.598Z,sell,0.0001072,1.54,0.000165088
GVT/BTC,1601738161598,2020-10-03T15:16:01.598Z,sell,0.000107,65.9,0.0070513
GVT/BTC,1601738161598,2020-10-03T15:16:01.598Z,sell,0.0001069,1870.9,0.19999921
GVT/BTC,1601738161633,2020-10-03T15:16:01.633Z,buy,0.0001069,1728.03,0.1847264069999999
GVT/BTC,1601738161830,2020-10-03T15:16:01.830Z,buy,0.0001069,547.53,0.0585309569999999
GVT/BTC,1601738162220,2020-10-03T15:16:02.220Z,sell,0.0001068,4.67,0.0004987559999999
GVT/BTC,1601738162220,2020-10-03T15:16:02.220Z,sell,0.0001067,63.73,0.006799991
GVT/BTC,1601738162303,2020-10-03T15:16:02.303Z,buy,0.0001078,1.09,0.000117502
GVT/BTC,1601738172335,2020-10-03T15:16:12.335Z,buy,0.0001076,120.0,0.012912
GVT/BTC,1601738182844,2020-10-03T15:16:22.844Z,buy,0.0001076,120.0,0.012912
GVT/BTC,1601738223901,2020-10-03T15:17:03.901Z,sell,0.0001071,11.57,0.001239147
GVT/BTC,1601738227770,2020-10-03T15:17:07.770Z,buy,0.0001076,11.57,0.001244932
GVT/BTC,1601738228775,2020-10-03T15:17:08.775Z,buy,0.0001076,120.0,0.012912
GVT/BTC,1601738229270,2020-10-03T15:17:09.270Z,buy,0.0001077,217.63,0.023438751
GVT/BTC,1601738229283,2020-10-03T15:17:09.283Z,buy,0.0001077,67.67,0.007288059
GVT/BTC,1601738229368,2020-10-03T15:17:09.368Z,buy,0.0001077,142.55,0.015352635
GVT/BTC,1601738229477,2020-10-03T15:17:09.477Z,buy,0.0001077,71.22,0.007670394
GVT/BTC,1601738229574,2020-10-03T15:17:09.574Z,buy,0.0001077,35.58,0.003831966
GVT/BTC,1601738229768,2020-10-03T15:17:09.768Z,buy,0.0001077,17.77,0.001913829
GVT/BTC,1601738239454,2020-10-03T15:17:19.454Z,buy,0.0001078,11.37,0.001225686
GVT/BTC,1601738239464,2020-10-03T15:17:19.464Z,buy,0.0001078,13.88,0.001496264
GVT/BTC,1601738251959,2020-10-03T15:17:31.959Z,buy,0.0001078,1.1,0.00011858
GVT/BTC,1601738284019,2020-10-03T15:18:04.019Z,buy,0.0001078,33.49,0.003610222
GVT/BTC,1601738289207,2020-10-03T15:18:09.207Z,buy,0.0001084,21.02,0.002278568
GVT/BTC,1601738296309,2020-10-03T15:18:16.309Z,sell,0.0001083,8.78,0.000950874
GVT/BTC,1601738297311,2020-10-03T15:18:17.311Z,sell,0.0001083,120.0,0.012996
GVT/BTC,1601738298403,2020-10-03T15:18:18.403Z,sell,0.0001083,64.67,0.007003761
GVT/BTC,1601738309214,2020-10-03T15:18:29.214Z,buy,0.0001084,12.47,0.001351748
GVT/BTC,1601738395871,2020-10-03T15:19:55.871Z,buy,0.0001085,13.52,0.0014669199999999
GVT/BTC,1601738400656,2020-10-03T15:20:00.656Z,buy,0.0001086,1.48,0.0001607279999999
GVT/BTC,1601738435789,2020-10-03T15:20:35.789Z,sell,0.0001083,18.7,0.00202521
GVT/BTC,1601738441194,2020-10-03T15:20:41.194Z,buy,0.0001083,44.23,0.004790109
GVT/BTC,1601738442989,2020-10-03T15:20:42.989Z,buy,0.0001084,21.79,0.002362036
GVT/BTC,1601738492725,2020-10-03T15:21:32.725Z,sell,0.0001085,7.43,0.0008061549999999
GVT/BTC,1601738502828,2020-10-03T15:21:42.828Z,buy,0.0001085,10.03,0.0010882549999999
GVT/BTC,1601738524263,2020-10-03T15:22:04.263Z,sell,0.0001083,5.79,0.000627057
GVT/BTC,1601738524263,2020-10-03T15:22:04.263Z,sell,0.0001078,3.14,0.000338492
GVT/BTC,1601738670919,2020-10-03T15:24:30.919Z,sell,0.0001085,8.36,0.0009070599999999
GVT/BTC,1601738922963,2020-10-03T15:28:42.963Z,sell,0.0001086,17.66,0.001917876
GVT/BTC,1601739027520,2020-10-03T15:30:27.520Z,sell,0.0001087,52.4,0.0056958799999999
GVT/BTC,1601739034141,2020-10-03T15:30:34.141Z,buy,0.0001088,0.93,0.000101184
GVT/BTC,1601739078747,2020-10-03T15:31:18.747Z,sell,0.0001086,43.27,0.004699122
GVT/BTC,1601739109764,2020-10-03T15:31:49.764Z,sell,0.0001085,64.91,0.007042735
GVT/BTC,1601739113064,2020-10-03T15:31:53.064Z,sell,0.0001085,64.95,0.007047075
GVT/BTC,1601739117074,2020-10-03T15:31:57.074Z,sell,0.0001085,65.08,0.0070611799999999
GVT/BTC,1601739118118,2020-10-03T15:31:58.118Z,sell,0.0001084,24.66,0.002673144
GVT/BTC,1601739885021,2020-10-03T15:44:45.021Z,buy,0.0001084,9.1,0.00098644
GVT/BTC,1601739903922,2020-10-03T15:45:03.922Z,sell,0.0001082,10.83,0.001171806
GVT/BTC,1601739968152,2020-10-03T15:46:08.152Z,sell,0.0001082,1.85,0.00020017
GVT/BTC,1601739974257,2020-10-03T15:46:14.257Z,sell,0.0001081,7.7,0.00083237
GVT/BTC,1601740012540,2020-10-03T15:46:52.540Z,buy,0.0001083,2.75,0.000297825
GVT/BTC,1601740078319,2020-10-03T15:47:58.319Z,sell,0.0001081,5.33,0.000576173
GVT/BTC,1601740098733,2020-10-03T15:48:18.733Z,sell,0.000108,4.22,0.0004557599999999
GVT/BTC,1601740244215,2020-10-03T15:50:44.215Z,sell,0.000108,2.38,0.00025704
GVT/BTC,1601740311659,2020-10-03T15:51:51.659Z,sell,0.000108,10.46,0.00112968
GVT/BTC,1601740327566,2020-10-03T15:52:07.566Z,sell,0.000108,18.01,0.00194508
GVT/BTC,1601740432518,2020-10-03T15:53:52.518Z,sell,0.000108,7.49,0.00080892
GVT/BTC,1601740589515,2020-10-03T15:56:29.515Z,sell,0.000108,3.95,0.0004266
GVT/BTC,1601740633538,2020-10-03T15:57:13.538Z,sell,0.000108,2.36,0.0002548799999999
GVT/BTC,1601740702177,2020-10-03T15:58:22.177Z,sell,0.000108,1.88,0.0002030399999999
GVT/BTC,1601740702177,2020-10-03T15:58:22.177Z,sell,0.000108,1.88,0.0002030399999999
GVT/BTC,1601740926592,2020-10-03T16:02:06.592Z,buy,0.0001083,0.94,0.000101802
GVT/BTC,1601740926592,2020-10-03T16:02:06.592Z,buy,0.0001083,3.72,0.000402876
GVT/BTC,1601741225162,2020-10-03T16:07:05.162Z,sell,0.0001081,58.49,0.006322769
GVT/BTC,1601741755459,2020-10-03T16:15:55.459Z,sell,0.0001081,24.29,0.0026257489999999
GVT/BTC,1601741760361,2020-10-03T16:16:00.361Z,sell,0.0001081,22.17,0.002396577
GVT/BTC,1601741761458,2020-10-03T16:16:01.458Z,sell,0.000108,1.02,0.00011016
GVT/BTC,1601741971686,2020-10-03T16:19:31.686Z,sell,0.0001081,9.47,0.001023707
GVT/BTC,1601742086085,2020-10-03T16:21:26.085Z,sell,0.0001079,6.77,0.0007304829999999
GVT/BTC,1601742086085,2020-10-03T16:21:26.085Z,sell,0.0001075,89.0,0.0095675
GVT/BTC,1601742194116,2020-10-03T16:23:14.116Z,sell,0.000108,7.94,0.00085752
GVT/BTC,1601743087626,2020-10-03T16:38:07.626Z,sell,0.000108,8.6,0.0009287999999999
GVT/BTC,1601743517855,2020-10-03T16:45:17.855Z,buy,0.0001083,10.0,0.001083
GVT/BTC,1601744213318,2020-10-03T16:56:53.318Z,sell,0.0001081,6.45,0.000697245
GVT/BTC,1601744213318,2020-10-03T16:56:53.318Z,sell,0.000108,120.38,0.0130010399999999
GVT/BTC,1601744213318,2020-10-03T16:56:53.318Z,sell,0.0001073,64.23,0.006891879
GVT/BTC,1601744213318,2020-10-03T16:56:53.318Z,sell,0.0001081,6.45,0.000697245
GVT/BTC,1601744213318,2020-10-03T16:56:53.318Z,sell,0.000108,120.38,0.0130010399999999
GVT/BTC,1601744213318,2020-10-03T16:56:53.318Z,sell,0.0001073,64.23,0.006891879
GVT/BTC,1601744711918,2020-10-03T17:05:11.918Z,sell,0.0001081,15.1,0.0016323099999999
GVT/BTC,1601744712216,2020-10-03T17:05:12.216Z,buy,0.0001079,120.0,0.012948
GVT/BTC,1601744713315,2020-10-03T17:05:13.315Z,buy,0.0001079,120.0,0.012948
GVT/BTC,1601744714316,2020-10-03T17:05:14.316Z,buy,0.000108,403.68,0.04359744
GVT/BTC,1601744946645,2020-10-03T17:09:06.645Z,sell,0.0001082,6.96,0.000753072
GVT/BTC,1601745048706,2020-10-03T17:10:48.706Z,sell,0.0001082,28.54,0.003088028
GVT/BTC,1601745133665,2020-10-03T17:12:13.665Z,sell,0.0001082,17.54,0.0018978279999999
GVT/BTC,1601745455841,2020-10-03T17:17:35.841Z,sell,0.0001082,4.35,0.0004706699999999
GVT/BTC,1601745492966,2020-10-03T17:18:12.966Z,sell,0.0001081,19.51,0.002109031
GVT/BTC,1601745553098,2020-10-03T17:19:13.098Z,sell,0.0001081,13.08,0.001413948
GVT/BTC,1601745616126,2020-10-03T17:20:16.126Z,sell,0.0001081,9.75,0.001053975
GVT/BTC,1601745728596,2020-10-03T17:22:08.596Z,sell,0.0001081,6.43,0.000695083
GVT/BTC,1601745760211,2020-10-03T17:22:40.211Z,sell,0.000108,6.16,0.00066528
GVT/BTC,1601745761422,2020-10-03T17:22:41.422Z,sell,0.000108,6.25,0.0006749999999999
GVT/BTC,1601745766821,2020-10-03T17:22:46.821Z,sell,0.000108,6.08,0.00065664
GVT/BTC,1601745767915,2020-10-03T17:22:47.915Z,sell,0.0001079,92.34,0.009963486
GVT/BTC,1601745927116,2020-10-03T17:25:27.116Z,sell,0.0001081,16.21,0.001752301
GVT/BTC,1601745927131,2020-10-03T17:25:27.131Z,sell,0.0001081,54.93,0.005937933
GVT/BTC,1601746262809,2020-10-03T17:31:02.809Z,sell,0.0001081,28.76,0.003108956
GVT/BTC,1601746395821,2020-10-03T17:33:15.821Z,sell,0.000108,2.81,0.00030348
GVT/BTC,1601746420397,2020-10-03T17:33:40.397Z,sell,0.0001081,18.64,0.002014984
GVT/BTC,1601746745483,2020-10-03T17:39:05.483Z,sell,0.0001082,6.63,0.000717366
GVT/BTC,1601746751496,2020-10-03T17:39:11.496Z,buy,0.0001082,120.0,0.012984
GVT/BTC,1601746752484,2020-10-03T17:39:12.484Z,sell,0.0001082,63.57,0.006878274
GVT/BTC,1601746752587,2020-10-03T17:39:12.587Z,sell,0.0001082,31.76,0.003436432
GVT/BTC,1601746752601,2020-10-03T17:39:12.601Z,sell,0.0001082,51.55,0.00557771
GVT/BTC,1601747453892,2020-10-03T17:50:53.892Z,sell,0.0001083,266.18,0.028827294
GVT/BTC,1601747453907,2020-10-03T17:50:53.907Z,sell,0.0001083,133.21,0.014426643
GVT/BTC,1601747454388,2020-10-03T17:50:54.388Z,sell,0.0001083,28.62,0.003099546
GVT/BTC,1601747454497,2020-10-03T17:50:54.497Z,sell,0.0001081,12.46,0.001346926
GVT/BTC,1601747454497,2020-10-03T17:50:54.497Z,sell,0.0001081,12.46,0.001346926
GVT/BTC,1601747850649,2020-10-03T17:57:30.649Z,sell,0.0001084,8.7,0.00094308
GVT/BTC,1601747976910,2020-10-03T17:59:36.910Z,buy,0.0001084,67.58,0.007325672
GVT/BTC,1601747976910,2020-10-03T17:59:36.910Z,buy,0.0001085,929.46,0.10084641
GVT/BTC,1601747976910,2020-10-03T17:59:36.910Z,buy,0.0001086,23.17,0.002516262
GVT/BTC,1601747976910,2020-10-03T17:59:36.910Z,buy,0.0001087,20.65,0.002244655
GVT/BTC,1601747976910,2020-10-03T17:59:36.910Z,buy,0.0001088,586.04,0.063761152
GVT/BTC,1601747976910,2020-10-03T17:59:36.910Z,buy,0.000109,194.12,0.02115908
GVT/BTC,1601747980593,2020-10-03T17:59:40.593Z,buy,0.0001092,286.08,0.031239936
GVT/BTC,1601747981598,2020-10-03T17:59:41.598Z,buy,0.0001093,5.61,0.000613173
GVT/BTC,1601747982692,2020-10-03T17:59:42.692Z,buy,0.0001094,25.18,0.002754692
GVT/BTC,1601747983694,2020-10-03T17:59:43.694Z,buy,0.0001095,24.66,0.00270027
GVT/BTC,1601748005881,2020-10-03T18:00:05.881Z,buy,0.0001096,176.44,0.019337824
GVT/BTC,1601748005896,2020-10-03T18:00:05.896Z,buy,0.0001096,427.78,0.0468846879999999
GVT/BTC,1601748012107,2020-10-03T18:00:12.107Z,buy,0.0001097,52.82,0.005794354
GVT/BTC,1601748012107,2020-10-03T18:00:12.107Z,buy,0.0001098,642.9,0.07059042
GVT/BTC,1601748012107,2020-10-03T18:00:12.107Z,buy,0.0001099,280.54,0.030831346
GVT/BTC,1601748012107,2020-10-03T18:00:12.107Z,buy,0.00011,551.97,0.0607167
GVT/BTC,1601748012107,2020-10-03T18:00:12.107Z,buy,0.0001104,1.5,0.0001656
GVT/BTC,1601748012107,2020-10-03T18:00:12.107Z,buy,0.0001105,1.09,0.000120445
GVT/BTC,1601748012107,2020-10-03T18:00:12.107Z,buy,0.0001107,327.38,0.036240966
GVT/BTC,1601748012122,2020-10-03T18:00:12.122Z,sell,0.0001107,67.67,0.0074910689999999
GVT/BTC,1601748012222,2020-10-03T18:00:12.222Z,sell,0.0001107,2060.58,0.2281062059999999
GVT/BTC,1601748012316,2020-10-03T18:00:12.316Z,sell,0.0001107,960.56,0.1063339919999999
GVT/BTC,1601748012421,2020-10-03T18:00:12.421Z,sell,0.0001107,120.0,0.0132839999999999
GVT/BTC,1601748012648,2020-10-03T18:00:12.648Z,sell,0.0001097,1.52,0.000166744
GVT/BTC,1601748013014,2020-10-03T18:00:13.014Z,buy,0.0001107,1.52,0.000168264
GVT/BTC,1601748013014,2020-10-03T18:00:13.014Z,buy,0.0001108,2.75,0.0003047
GVT/BTC,1601748013014,2020-10-03T18:00:13.014Z,buy,0.0001109,2.24,0.000248416
GVT/BTC,1601748013014,2020-10-03T18:00:13.014Z,buy,0.0001111,9.32,0.001035452
GVT/BTC,1601748014318,2020-10-03T18:00:14.318Z,sell,0.0001102,120.0,0.013224
GVT/BTC,1601748015593,2020-10-03T18:00:15.593Z,sell,0.0001099,7.44,0.000817656
GVT/BTC,1601748015593,2020-10-03T18:00:15.593Z,sell,0.0001098,86.44,0.009491112
GVT/BTC,1601748016413,2020-10-03T18:00:16.413Z,sell,0.0001098,45.74,0.005022252
GVT/BTC,1601748016785,2020-10-03T18:00:16.785Z,sell,0.0001098,46.87,0.005146326
GVT/BTC,1601748024540,2020-10-03T18:00:24.540Z,sell,0.0001099,5.01,0.000550599
GVT/BTC,1601748078360,2020-10-03T18:01:18.360Z,sell,0.0001093,91.24,0.009972532
GVT/BTC,1601748078360,2020-10-03T18:01:18.360Z,sell,0.000109,3.68,0.00040112
GVT/BTC,1601748136733,2020-10-03T18:02:16.733Z,sell,0.000109,18.38,0.00200342
GVT/BTC,1601748136733,2020-10-03T18:02:16.733Z,sell,0.0001089,73.86,0.008043354
GVT/BTC,1601748613136,2020-10-03T18:10:13.136Z,sell,0.0001093,1.98,0.000216414
GVT/BTC,1601748664919,2020-10-03T18:11:04.919Z,sell,0.0001092,1.9,0.0002074799999999
GVT/BTC,1601748664919,2020-10-03T18:11:04.919Z,sell,0.0001091,91.24,0.0099542839999999
GVT/BTC,1601748664919,2020-10-03T18:11:04.919Z,sell,0.000109,120.0,0.01308
GVT/BTC,1601748726437,2020-10-03T18:12:06.437Z,buy,0.000109,1.09,0.00011881
GVT/BTC,1601749870118,2020-10-03T18:31:10.118Z,buy,0.0001093,0.93,0.000101649
GVT/BTC,1601749870118,2020-10-03T18:31:10.118Z,buy,0.0001093,0.93,0.000101649
GVT/BTC,1601751277171,2020-10-03T18:54:37.171Z,buy,0.0001093,2.76,0.000301668
GVT/BTC,1601751277171,2020-10-03T18:54:37.171Z,buy,0.0001094,34.64,0.003789616
GVT/BTC,1601751277171,2020-10-03T18:54:37.171Z,buy,0.0001097,22.13,0.002427661
GVT/BTC,1601751277171,2020-10-03T18:54:37.171Z,buy,0.0001098,120.0,0.013176
GVT/BTC,1601751277171,2020-10-03T18:54:37.171Z,buy,0.0001099,559.92,0.0615352079999999
GVT/BTC,1601751695516,2020-10-03T19:01:35.516Z,buy,0.0001091,11.32,0.001235012
GVT/BTC,1601751802973,2020-10-03T19:03:22.973Z,sell,0.0001091,22.52,0.0024569319999999
GVT/BTC,1601752211660,2020-10-03T19:10:11.660Z,sell,0.0001091,1.83,0.000199653
GVT/BTC,1601752211720,2020-10-03T19:10:11.720Z,buy,0.0001091,5.78,0.000630598
GVT/BTC,1601752508384,2020-10-03T19:15:08.384Z,buy,0.0001094,16.74,0.001831356
GVT/BTC,1601752568333,2020-10-03T19:16:08.333Z,sell,0.0001093,1.02,0.000111486
GVT/BTC,1601752568333,2020-10-03T19:16:08.333Z,sell,0.0001093,1.02,0.000111486
GVT/BTC,1601754075103,2020-10-03T19:41:15.103Z,buy,0.0001094,0.93,0.000101742
GVT/BTC,1601754199924,2020-10-03T19:43:19.924Z,buy,0.0001094,100.59,0.011004546
GVT/BTC,1601754266444,2020-10-03T19:44:26.444Z,sell,0.0001095,37.54,0.00411063
GVT/BTC,1601754454549,2020-10-03T19:47:34.549Z,buy,0.0001097,48.43,0.005312771
GVT/BTC,1601755309703,2020-10-03T20:01:49.703Z,sell,0.0001095,3.68,0.00040296
GVT/BTC,1601755309703,2020-10-03T20:01:49.703Z,sell,0.0001094,8.64,0.000945216
GVT/BTC,1601755311898,2020-10-03T20:01:51.898Z,sell,0.0001095,3.22,0.00035259
GVT/BTC,1601755313421,2020-10-03T20:01:53.421Z,sell,0.0001094,74.29,0.008127326
GVT/BTC,1601755656425,2020-10-03T20:07:36.425Z,sell,0.0001094,1.28,0.000140032
GVT/BTC,1601755656425,2020-10-03T20:07:36.425Z,sell,0.0001091,22.13,0.002414383
GVT/BTC,1601755656425,2020-10-03T20:07:36.425Z,sell,0.000109,1.59,0.00017331
GVT/BTC,1601755731855,2020-10-03T20:08:51.855Z,sell,0.000109,91.14,0.00993426
GVT/BTC,1601756144687,2020-10-03T20:15:44.687Z,sell,0.000109,121.83,0.01327947
GVT/BTC,1601756144790,2020-10-03T20:15:44.790Z,buy,0.000109,81.19,0.00884971
GVT/BTC,1601756144805,2020-10-03T20:15:44.805Z,buy,0.000109,63.59,0.00693131
GVT/BTC,1601756144805,2020-10-03T20:15:44.805Z,buy,0.000109,63.59,0.00693131
GVT/BTC,1601756733823,2020-10-03T20:25:33.823Z,sell,0.0001087,8.92,0.000969604
GVT/BTC,1601756735821,2020-10-03T20:25:35.821Z,sell,0.0001086,2.75,0.0002986499999999
GVT/BTC,1601756826980,2020-10-03T20:27:06.980Z,sell,0.0001084,2.24,0.000242816
GVT/BTC,1601756827979,2020-10-03T20:27:07.979Z,buy,0.0001085,1.12,0.00012152
GVT/BTC,1601756890814,2020-10-03T20:28:10.814Z,sell,0.0001086,7.59,0.000824274
GVT/BTC,1601756895021,2020-10-03T20:28:15.021Z,sell,0.0001086,6.9,0.00074934
GVT/BTC,1601756899227,2020-10-03T20:28:19.227Z,sell,0.0001086,6.18,0.000671148
GVT/BTC,1601756903222,2020-10-03T20:28:23.222Z,sell,0.0001086,6.25,0.00067875
GVT/BTC,1601756909230,2020-10-03T20:28:29.230Z,sell,0.0001086,5.78,0.000627708
GVT/BTC,1601756913327,2020-10-03T20:28:33.327Z,sell,0.0001086,5.04,0.000547344
GVT/BTC,1601756916535,2020-10-03T20:28:36.535Z,sell,0.0001086,4.95,0.00053757
GVT/BTC,1601756920333,2020-10-03T20:28:40.333Z,sell,0.0001086,4.79,0.000520194
GVT/BTC,1601756931741,2020-10-03T20:28:51.741Z,sell,0.0001086,4.46,0.0004843559999999
GVT/BTC,1601756935039,2020-10-03T20:28:55.039Z,sell,0.0001086,4.21,0.000457206
GVT/BTC,1601756941245,2020-10-03T20:29:01.245Z,sell,0.0001086,4.23,0.000459378
GVT/BTC,1601756943445,2020-10-03T20:29:03.445Z,sell,0.0001086,3.87,0.000420282
GVT/BTC,1601756947247,2020-10-03T20:29:07.247Z,sell,0.0001086,3.87,0.000420282
GVT/BTC,1601756951256,2020-10-03T20:29:11.256Z,sell,0.0001086,3.88,0.000421368
GVT/BTC,1601756957955,2020-10-03T20:29:17.955Z,sell,0.0001086,3.52,0.000382272
GVT/BTC,1601756962358,2020-10-03T20:29:22.358Z,sell,0.0001086,2.92,0.000317112
GVT/BTC,1601756965064,2020-10-03T20:29:25.064Z,sell,0.0001086,2.83,0.000307338
GVT/BTC,1601756968764,2020-10-03T20:29:28.764Z,sell,0.0001086,2.65,0.00028779
GVT/BTC,1601756972765,2020-10-03T20:29:32.765Z,sell,0.0001086,2.29,0.000248694
GVT/BTC,1601756976668,2020-10-03T20:29:36.668Z,sell,0.0001086,2.32,0.0002519519999999
GVT/BTC,1601756980261,2020-10-03T20:29:40.261Z,sell,0.0001086,2.35,0.00025521
GVT/BTC,1601756985178,2020-10-03T20:29:45.178Z,sell,0.0001086,2.01,0.0002182859999999
GVT/BTC,1601756988273,2020-10-03T20:29:48.273Z,sell,0.0001086,2.03,0.0002204579999999
GVT/BTC,1601756992677,2020-10-03T20:29:52.677Z,sell,0.0001086,1.81,0.000196566
GVT/BTC,1601756996194,2020-10-03T20:29:56.194Z,sell,0.0001086,1.73,0.000187878
GVT/BTC,1601757000882,2020-10-03T20:30:00.882Z,sell,0.0001086,1.54,0.0001672439999999
GVT/BTC,1601757001886,2020-10-03T20:30:01.886Z,sell,0.0001085,1.84,0.00019964
GVT/BTC,1601757025003,2020-10-03T20:30:25.003Z,buy,0.000109,1.19,0.00012971
GVT/BTC,1601757053041,2020-10-03T20:30:53.041Z,buy,0.0001083,120.0,0.012996
GVT/BTC,1601757053041,2020-10-03T20:30:53.041Z,buy,0.0001084,156.49,0.016963516
GVT/BTC,1601757112697,2020-10-03T20:31:52.697Z,sell,0.000108,107.34,0.01159272
GVT/BTC,1601757121845,2020-10-03T20:32:01.845Z,buy,0.0001079,120.0,0.012948
GVT/BTC,1601757122946,2020-10-03T20:32:02.946Z,buy,0.0001079,78.73,0.0084949669999999
GVT/BTC,1601757123055,2020-10-03T20:32:03.055Z,buy,0.0001079,39.34,0.004244786
GVT/BTC,1601757128033,2020-10-03T20:32:08.033Z,sell,0.0001077,18.66,0.002009682
GVT/BTC,1601757128033,2020-10-03T20:32:08.033Z,sell,0.0001076,1.03,0.000110828
GVT/BTC,1601757128033,2020-10-03T20:32:08.033Z,sell,0.0001075,72.56,0.0078002
GVT/BTC,1601757129955,2020-10-03T20:32:09.955Z,buy,0.000108,63.97,0.00690876
GVT/BTC,1601757130055,2020-10-03T20:32:10.055Z,buy,0.000108,31.97,0.0034527599999999
GVT/BTC,1601757130451,2020-10-03T20:32:10.451Z,buy,0.000108,15.93,0.00172044
GVT/BTC,1601757366784,2020-10-03T20:36:06.784Z,buy,0.000108,115.75,0.012501
GVT/BTC,1601757366797,2020-10-03T20:36:06.797Z,buy,0.000108,58.98,0.0063698399999999
GVT/BTC,1601757366952,2020-10-03T20:36:06.952Z,buy,0.000108,392.11,0.04234788
GVT/BTC,1601757366965,2020-10-03T20:36:06.965Z,buy,0.000108,42.16,0.00455328
GVT/BTC,1601757407707,2020-10-03T20:36:47.707Z,buy,0.0001088,145.57,0.015838016
GVT/BTC,1601757408816,2020-10-03T20:36:48.816Z,buy,0.0001088,72.13,0.007847744
GVT/BTC,1601757408913,2020-10-03T20:36:48.913Z,buy,0.0001088,36.04,0.003921152
GVT/BTC,1601757411615,2020-10-03T20:36:51.615Z,buy,0.0001088,17.62,0.001917056
GVT/BTC,1601757436822,2020-10-03T20:37:16.822Z,sell,0.0001087,120.0,0.013044
GVT/BTC,1601757496257,2020-10-03T20:38:16.257Z,buy,0.0001088,22.13,0.002407744
GVT/BTC,1601757520506,2020-10-03T20:38:40.506Z,sell,0.0001086,91.74,0.009962964
GVT/BTC,1601757520506,2020-10-03T20:38:40.506Z,sell,0.0001079,81.74,0.0088197459999999
GVT/BTC,1601757520506,2020-10-03T20:38:40.506Z,sell,0.0001078,27.76,0.002992528
GVT/BTC,1601757525576,2020-10-03T20:38:45.576Z,buy,0.0001085,59.61,0.006467685
GVT/BTC,1601757597534,2020-10-03T20:39:57.534Z,sell,0.0001085,1.19,0.0001291149999999
GVT/BTC,1601757670961,2020-10-03T20:41:10.961Z,buy,0.0001086,27.13,0.002946318
GVT/BTC,1601757884117,2020-10-03T20:44:44.117Z,buy,0.0001083,219.02,0.023719866
GVT/BTC,1601757884138,2020-10-03T20:44:44.138Z,buy,0.0001083,111.8,0.01210794
GVT/BTC,1601757886282,2020-10-03T20:44:46.282Z,buy,0.0001083,54.92,0.005947836
GVT/BTC,1601757886382,2020-10-03T20:44:46.382Z,buy,0.0001083,27.44,0.002971752
GVT/BTC,1601757888383,2020-10-03T20:44:48.383Z,buy,0.0001083,13.49,0.001460967
GVT/BTC,1601757894010,2020-10-03T20:44:54.010Z,buy,0.0001083,1.18,0.000127794
GVT/BTC,1601758522518,2020-10-03T20:55:22.518Z,sell,0.0001077,500.31,0.053883387
GVT/BTC,1601758811071,2020-10-03T21:00:11.071Z,buy,0.0001082,1.84,0.000199088
GVT/BTC,1601758837436,2020-10-03T21:00:37.436Z,buy,0.0001081,120.0,0.012972
GVT/BTC,1601758837530,2020-10-03T21:00:37.530Z,buy,0.0001081,78.82,0.008520442
GVT/BTC,1601758837633,2020-10-03T21:00:37.633Z,buy,0.0001081,39.38,0.004256978
GVT/BTC,1601758837729,2020-10-03T21:00:37.729Z,buy,0.0001081,19.67,0.002126327
GVT/BTC,1601758837830,2020-10-03T21:00:37.830Z,buy,0.0001081,9.83,0.001062623
GVT/BTC,1601758984170,2020-10-03T21:03:04.170Z,sell,0.0001077,1.18,0.000127086
GVT/BTC,1601759233012,2020-10-03T21:07:13.012Z,sell,0.0001079,50.0,0.005395
GVT/BTC,1601759284585,2020-10-03T21:08:04.585Z,buy,0.0001079,16.43,0.0017727969999999
GVT/BTC,1601759384996,2020-10-03T21:09:44.996Z,buy,0.0001082,0.94,0.000101708
GVT/BTC,1601759399014,2020-10-03T21:09:59.014Z,buy,0.000108,46.8,0.0050544
GVT/BTC,1601759401254,2020-10-03T21:10:01.254Z,buy,0.000108,26.48,0.0028598399999999
GVT/BTC,1601759401254,2020-10-03T21:10:01.254Z,buy,0.000108,26.48,0.0028598399999999
GVT/BTC,1601759909050,2020-10-03T21:18:29.050Z,sell,0.000108,32.1,0.0034668
GVT/BTC,1601759980887,2020-10-03T21:19:40.887Z,sell,0.000108,146.89,0.01586412
GVT/BTC,1601760008702,2020-10-03T21:20:08.702Z,buy,0.0001076,65.33,0.0070295079999999
GVT/BTC,1601760008712,2020-10-03T21:20:08.712Z,buy,0.0001076,54.67,0.005882492
GVT/BTC,1601760049332,2020-10-03T21:20:49.332Z,buy,0.0001076,42.77,0.004602052
GVT/BTC,1601760068134,2020-10-03T21:21:08.134Z,sell,0.0001076,1.86,0.000200136
GVT/BTC,1601760275510,2020-10-03T21:24:35.510Z,buy,0.000108,0.94,0.0001015199999999
GVT/BTC,1601760275510,2020-10-03T21:24:35.510Z,buy,0.000108,2.26,0.0002440799999999
GVT/BTC,1601760357263,2020-10-03T21:25:57.263Z,buy,0.000108,11.39,0.00123012
GVT/BTC,1601760744774,2020-10-03T21:32:24.774Z,buy,0.000108,1.86,0.00020088
GVT/BTC,1601762231435,2020-10-03T21:57:11.435Z,buy,0.000108,366.63,0.03959604
GVT/BTC,1601762821306,2020-10-03T22:07:01.306Z,sell,0.0001075,7.98,0.00085785
GVT/BTC,1601762821306,2020-10-03T22:07:01.306Z,sell,0.0001073,0.94,0.000100862
GVT/BTC,1601762864564,2020-10-03T22:07:44.564Z,sell,0.0001076,4.08,0.000439008
GVT/BTC,1601762930807,2020-10-03T22:08:50.807Z,sell,0.0001075,1.86,0.00019995
GVT/BTC,1601762939066,2020-10-03T22:08:59.066Z,sell,0.0001073,3.14,0.000336922
GVT/BTC,1601762944107,2020-10-03T22:09:04.107Z,sell,0.0001074,2.64,0.000283536
GVT/BTC,1601762944107,2020-10-03T22:09:04.107Z,sell,0.0001074,2.64,0.000283536
GVT/BTC,1601763140122,2020-10-03T22:12:20.122Z,sell,0.0001071,1.41,0.000151011
GVT/BTC,1601763979885,2020-10-03T22:26:19.885Z,sell,0.0001076,7.63,0.000820988
GVT/BTC,1601763979885,2020-10-03T22:26:19.885Z,buy,0.0001077,1.03,0.000110931
GVT/BTC,1601763979885,2020-10-03T22:26:19.885Z,buy,0.0001077,7.61,0.000819597
GVT/BTC,1601764856603,2020-10-03T22:40:56.603Z,buy,0.0001077,1.01,0.000108777
GVT/BTC,1601764875495,2020-10-03T22:41:15.495Z,sell,0.0001076,1.18,0.0001269679999999
GVT/BTC,1601764879699,2020-10-03T22:41:19.699Z,sell,0.0001075,1.14,0.00012255
GVT/BTC,1601764883503,2020-10-03T22:41:23.503Z,sell,0.0001075,1.15,0.0001236249999999
GVT/BTC,1601764888205,2020-10-03T22:41:28.205Z,sell,0.0001075,1.05,0.000112875
GVT/BTC,1601764891211,2020-10-03T22:41:31.211Z,sell,0.0001075,1.03,0.000110725
GVT/BTC,1601764895214,2020-10-03T22:41:35.214Z,sell,0.0001075,1.0,0.0001075
GVT/BTC,1601764899210,2020-10-03T22:41:39.210Z,sell,0.0001075,1.1,0.00011825
GVT/BTC,1601764903211,2020-10-03T22:41:43.211Z,sell,0.0001075,1.05,0.000112875
GVT/BTC,1601764907718,2020-10-03T22:41:47.718Z,sell,0.0001075,1.06,0.00011395
GVT/BTC,1601765431049,2020-10-03T22:50:31.049Z,buy,0.0001077,2.59,0.000278943
GVT/BTC,1601765794345,2020-10-03T22:56:34.345Z,buy,0.0001078,11.27,0.001214906
GVT/BTC,1601765794345,2020-10-03T22:56:34.345Z,buy,0.0001078,11.27,0.001214906
GVT/BTC,1601766941006,2020-10-03T23:15:41.006Z,sell,0.0001076,42.0,0.0045192
GVT/BTC,1601766952671,2020-10-03T23:15:52.671Z,buy,0.0001076,19.05,0.00204978
GVT/BTC,1601767310696,2020-10-03T23:21:50.696Z,sell,0.0001076,3.66,0.000393816
GVT/BTC,1601767729428,2020-10-03T23:28:49.428Z,sell,0.0001075,1.27,0.000136525
GVT/BTC,1601767729428,2020-10-03T23:28:49.428Z,sell,0.0001074,92.85,0.00997209
GVT/BTC,1601767782050,2020-10-03T23:29:42.050Z,sell,0.0001073,1.33,0.000142709
GVT/BTC,1601767782141,2020-10-03T23:29:42.141Z,buy,0.0001072,137.85,0.01477752
GVT/BTC,1601767782143,2020-10-03T23:29:42.143Z,buy,0.0001072,31.04,0.003327488
GVT/BTC,1601767782444,2020-10-03T23:29:42.444Z,buy,0.0001072,84.24,0.009030528
GVT/BTC,1601767865786,2020-10-03T23:31:05.786Z,sell,0.0001071,1.03,0.000110313
GVT/BTC,1601767865893,2020-10-03T23:31:05.893Z,buy,0.0001071,21.53,0.002305863
GVT/BTC,1601767865993,2020-10-03T23:31:05.993Z,buy,0.0001071,10.75,0.001151325
GVT/BTC,1601767906540,2020-10-03T23:31:46.540Z,sell,0.000107,730.74,0.07818918
GVT/BTC,1601769252679,2020-10-03T23:54:12.679Z,buy,0.0001073,2.79,0.000299367
GVT/BTC,1601769252679,2020-10-03T23:54:12.679Z,buy,0.0001073,2.79,0.000299367
GVT/BTC,1601769463141,2020-10-03T23:57:43.141Z,sell,0.0001072,1.03,0.000110416
GVT/BTC,1601769620998,2020-10-04T00:00:20.998Z,sell,0.0001068,32.6,0.00348168
GVT/BTC,1601769620998,2020-10-04T00:00:20.998Z,sell,0.0001067,78.4,0.00836528
GVT/BTC,1601770245420,2020-10-04T00:10:45.420Z,sell,0.000107,50.35,0.00538745
GVT/BTC,1601771004247,2020-10-04T00:23:24.247Z,sell,0.0001072,60.22,0.006455584
GVT/BTC,1601771004247,2020-10-04T00:23:24.247Z,sell,0.0001072,60.22,0.006455584
GVT/BTC,1601773088141,2020-10-04T00:58:08.141Z,sell,0.000107,1.42,0.0001519399999999
GVT/BTC,1601773148176,2020-10-04T00:59:08.176Z,sell,0.000107,1.87,0.00020009
GVT/BTC,1601773445685,2020-10-04T01:04:05.685Z,buy,0.0001072,3.85,0.00041272
GVT/BTC,1601773445685,2020-10-04T01:04:05.685Z,buy,0.0001073,120.0,0.012876
GVT/BTC,1601773445685,2020-10-04T01:04:05.685Z,buy,0.0001074,96.97,0.0104145779999999
GVT/BTC,1601773445685,2020-10-04T01:04:05.685Z,buy,0.0001075,18.66,0.00200595
GVT/BTC,1601773445685,2020-10-04T01:04:05.685Z,buy,0.0001076,556.07,0.059833132
GVT/BTC,1601773445848,2020-10-04T01:04:05.848Z,buy,0.0001079,13.82,0.001491178
GVT/BTC,1601773450753,2020-10-04T01:04:10.753Z,sell,0.0001079,120.0,0.012948
GVT/BTC,1601773884040,2020-10-04T01:11:24.040Z,buy,0.0001078,120.0,0.012936
GVT/BTC,1601773884040,2020-10-04T01:11:24.040Z,buy,0.0001079,362.16,0.039077064
GVT/BTC,1601773884097,2020-10-04T01:11:24.097Z,sell,0.0001079,46.8,0.00504972
GVT/BTC,1601773889259,2020-10-04T01:11:29.259Z,buy,0.0001081,53.25,0.005756325
GVT/BTC,1601773889259,2020-10-04T01:11:29.259Z,buy,0.0001082,1529.37,0.165477834
GVT/BTC,1601773928085,2020-10-04T01:12:08.085Z,sell,0.0001083,1.17,0.000126711
GVT/BTC,1601773928085,2020-10-04T01:12:08.085Z,sell,0.0001082,0.69,7.465799999999999e-05
GVT/BTC,1601773959006,2020-10-04T01:12:39.006Z,sell,0.0001083,1.08,0.000116964
GVT/BTC,1601773959006,2020-10-04T01:12:39.006Z,sell,0.0001082,1.76,0.000190432
GVT/BTC,1601774315420,2020-10-04T01:18:35.420Z,sell,0.0001082,6.32,0.000683824
GVT/BTC,1601774315420,2020-10-04T01:18:35.420Z,sell,0.0001082,6.32,0.000683824
GVT/BTC,1601774767894,2020-10-04T01:26:07.894Z,sell,0.0001074,1.52,0.000163248
GVT/BTC,1601775066108,2020-10-04T01:31:06.108Z,sell,0.0001074,48.3,0.00518742
GVT/BTC,1601775075663,2020-10-04T01:31:15.663Z,sell,0.0001072,18.55,0.00198856
GVT/BTC,1601775378014,2020-10-04T01:36:18.014Z,sell,0.0001067,1.11,0.000118437
GVT/BTC,1601775382062,2020-10-04T01:36:22.062Z,sell,0.0001066,17.29,0.0018431139999999
GVT/BTC,1601775804875,2020-10-04T01:43:24.875Z,sell,0.0001066,9.38,0.000999908
GVT/BTC,1601775828897,2020-10-04T01:43:48.897Z,sell,0.0001066,18.76,0.001999816
GVT/BTC,1601775843201,2020-10-04T01:44:03.201Z,sell,0.0001067,21.94,0.002340998
GVT/BTC,1601775843277,2020-10-04T01:44:03.277Z,buy,0.0001066,6.2,0.00066092
GVT/BTC,1601775988159,2020-10-04T01:46:28.159Z,buy,0.0001067,276.49,0.029501483
GVT/BTC,1601776112895,2020-10-04T01:48:32.895Z,sell,0.0001065,46.38,0.00493947
GVT/BTC,1601776112895,2020-10-04T01:48:32.895Z,sell,0.0001064,123.36,0.013125504
GVT/BTC,1601776112895,2020-10-04T01:48:32.895Z,sell,0.0001063,32.27,0.003430301
GVT/BTC,1601776112927,2020-10-04T01:48:32.927Z,buy,0.0001063,4.29,0.0004560269999999
GVT/BTC,1601776112929,2020-10-04T01:48:32.929Z,buy,0.0001063,105.89,0.011256107
GVT/BTC,1601777259404,2020-10-04T02:07:39.404Z,sell,0.0001064,67.96,0.0072309439999999
GVT/BTC,1601777259404,2020-10-04T02:07:39.404Z,sell,0.0001063,176.82,0.0187959659999999
GVT/BTC,1601777259404,2020-10-04T02:07:39.404Z,sell,0.0001062,2.0,0.0002124
GVT/BTC,1601777259404,2020-10-04T02:07:39.404Z,sell,0.0001061,3.31,0.000351191
GVT/BTC,1601777259404,2020-10-04T02:07:39.404Z,sell,0.000106,6.29,0.00066674
GVT/BTC,1601777259404,2020-10-04T02:07:39.404Z,sell,0.0001059,2.24,0.000237216
GVT/BTC,1601777259404,2020-10-04T02:07:39.404Z,sell,0.0001058,3.02,0.000319516
GVT/BTC,1601777259404,2020-10-04T02:07:39.404Z,sell,0.0001055,14.46,0.00152553
GVT/BTC,1601777259404,2020-10-04T02:07:39.404Z,sell,0.0001054,8.43,0.000888522
GVT/BTC,1601777259404,2020-10-04T02:07:39.404Z,sell,0.0001053,22.07,0.002323971
GVT/BTC,1601777259404,2020-10-04T02:07:39.404Z,sell,0.0001052,302.01,0.031771452
GVT/BTC,1601777259404,2020-10-04T02:07:39.404Z,sell,0.0001051,167.61,0.017615811
GVT/BTC,1601777281865,2020-10-04T02:08:01.865Z,buy,0.0001065,1.88,0.0002002199999999
GVT/BTC,1601777281865,2020-10-04T02:08:01.865Z,buy,0.0001065,1.59,0.000169335
GVT/BTC,1601777409613,2020-10-04T02:10:09.613Z,sell,0.0001051,11.82,0.001242282
GVT/BTC,1601777502067,2020-10-04T02:11:42.067Z,sell,0.0001052,8.77,0.0009226039999999
GVT/BTC,1601777609174,2020-10-04T02:13:29.174Z,sell,0.0001051,93.58,0.009835258
GVT/BTC,1601777609174,2020-10-04T02:13:29.174Z,sell,0.000105,652.45,0.06850725
GVT/BTC,1601777609174,2020-10-04T02:13:29.174Z,sell,0.0001049,1141.02,0.119692998
GVT/BTC,1601777617983,2020-10-04T02:13:37.983Z,sell,0.000105,102.67,0.01078035
GVT/BTC,1601777617983,2020-10-04T02:13:37.983Z,sell,0.0001049,1291.53,0.135481497
GVT/BTC,1601777624855,2020-10-04T02:13:44.855Z,sell,0.000105,49.37,0.00518385
GVT/BTC,1601777624855,2020-10-04T02:13:44.855Z,sell,0.0001049,529.67,0.055562383
GVT/BTC,1601777624872,2020-10-04T02:13:44.872Z,sell,0.0001049,375.6,0.03940044
GVT/BTC,1601777625868,2020-10-04T02:13:45.868Z,sell,0.0001049,3.31,0.000347219
GVT/BTC,1601777626870,2020-10-04T02:13:46.870Z,sell,0.0001049,19.76,0.002072824
GVT/BTC,1601777627969,2020-10-04T02:13:47.969Z,sell,0.0001048,14.74,0.001544752
GVT/BTC,1601777628975,2020-10-04T02:13:48.975Z,sell,0.0001048,9.38,0.000983024
GVT/BTC,1601777629971,2020-10-04T02:13:49.971Z,sell,0.0001048,5.12,0.000536576
GVT/BTC,1601777630970,2020-10-04T02:13:50.970Z,sell,0.0001048,1.55,0.00016244
GVT/BTC,1601777631971,2020-10-04T02:13:51.971Z,sell,0.0001047,2.77,0.000290019
GVT/BTC,1601777632975,2020-10-04T02:13:52.975Z,sell,0.0001047,7.68,0.0008040959999999
GVT/BTC,1601777633974,2020-10-04T02:13:53.974Z,sell,0.0001046,5.81,0.000607726
GVT/BTC,1601777634996,2020-10-04T02:13:54.996Z,sell,0.0001046,4.44,0.000464424
GVT/BTC,1601777640976,2020-10-04T02:14:00.976Z,sell,0.0001045,22.77,0.002379465
GVT/BTC,1601777640976,2020-10-04T02:14:00.976Z,sell,0.0001043,50.35,0.005251505
GVT/BTC,1601777640976,2020-10-04T02:14:00.976Z,sell,0.0001042,4.14,0.0004313879999999
GVT/BTC,1601777640976,2020-10-04T02:14:00.976Z,sell,0.0001041,36.4,0.0037892399999999
GVT/BTC,1601777640976,2020-10-04T02:14:00.976Z,sell,0.000104,1.45,0.0001507999999999
GVT/BTC,1601777640976,2020-10-04T02:14:00.976Z,sell,0.0001039,361.29,0.037538031
GVT/BTC,1601777640976,2020-10-04T02:14:00.976Z,sell,0.0001038,33.81,0.003509478
GVT/BTC,1601777640976,2020-10-04T02:14:00.976Z,sell,0.0001036,28.94,0.002998184
GVT/BTC,1601777640976,2020-10-04T02:14:00.976Z,sell,0.0001035,28.7,0.00297045
GVT/BTC,1601777640976,2020-10-04T02:14:00.976Z,sell,0.0001034,122.79,0.012696486
GVT/BTC,1601777640976,2020-10-04T02:14:00.976Z,sell,0.0001033,44.65,0.004612345
GVT/BTC,1601777641086,2020-10-04T02:14:01.086Z,sell,0.0001045,4.17,0.000435765
GVT/BTC,1601777641435,2020-10-04T02:14:01.435Z,sell,0.0001044,1.41,0.000147204
GVT/BTC,1601777641435,2020-10-04T02:14:01.435Z,sell,0.0001043,43.24,0.004509932
GVT/BTC,1601777644879,2020-10-04T02:14:04.879Z,buy,0.0001044,2.41,0.000251604
GVT/BTC,1601777645884,2020-10-04T02:14:05.884Z,buy,0.0001044,3.5,0.0003654
GVT/BTC,1601777646983,2020-10-04T02:14:06.983Z,buy,0.0001044,2.41,0.000251604
GVT/BTC,1601777648114,2020-10-04T02:14:08.114Z,buy,0.0001044,2.41,0.000251604
GVT/BTC,1601777649086,2020-10-04T02:14:09.086Z,buy,0.0001044,2.41,0.000251604
GVT/BTC,1601777650085,2020-10-04T02:14:10.085Z,buy,0.0001044,2.41,0.000251604
GVT/BTC,1601777651090,2020-10-04T02:14:11.090Z,buy,0.0001044,2.41,0.000251604
GVT/BTC,1601777652154,2020-10-04T02:14:12.154Z,buy,0.0001044,2.41,0.000251604
GVT/BTC,1601777653186,2020-10-04T02:14:13.186Z,buy,0.0001044,2.41,0.000251604
GVT/BTC,1601777654183,2020-10-04T02:14:14.183Z,buy,0.0001044,2.32,0.000242208
GVT/BTC,1601777655185,2020-10-04T02:14:15.185Z,buy,0.0001045,1.34,0.00014003
GVT/BTC,1601777656584,2020-10-04T02:14:16.584Z,buy,0.0001046,15.26,0.0015961959999999
GVT/BTC,1601777656584,2020-10-04T02:14:16.584Z,buy,0.0001049,9.49,0.000995501
GVT/BTC,1601777661264,2020-10-04T02:14:21.264Z,sell,0.000105,0.07,7.350000000000001e-06
GVT/BTC,1601777661264,2020-10-04T02:14:21.264Z,sell,0.0001043,748.05,0.078021615
GVT/BTC,1601777721130,2020-10-04T02:15:21.130Z,buy,0.0001045,9.66,0.00100947
GVT/BTC,1601777723977,2020-10-04T02:15:23.977Z,sell,0.0001042,37.7,0.00392834
GVT/BTC,1601777725331,2020-10-04T02:15:25.331Z,buy,0.0001045,9.66,0.00100947
GVT/BTC,1601777726418,2020-10-04T02:15:26.418Z,buy,0.0001045,9.66,0.00100947
GVT/BTC,1601777727430,2020-10-04T02:15:27.430Z,buy,0.0001045,9.66,0.00100947
GVT/BTC,1601777728425,2020-10-04T02:15:28.425Z,buy,0.0001045,9.66,0.00100947
GVT/BTC,1601777729427,2020-10-04T02:15:29.427Z,buy,0.0001045,9.66,0.00100947
GVT/BTC,1601777730431,2020-10-04T02:15:30.431Z,buy,0.0001045,9.66,0.00100947
GVT/BTC,1601777731434,2020-10-04T02:15:31.434Z,buy,0.0001044,2.9,0.00030276
GVT/BTC,1601777732435,2020-10-04T02:15:32.435Z,buy,0.0001044,2.9,0.00030276
GVT/BTC,1601777732676,2020-10-04T02:15:32.676Z,buy,0.0001044,23.12,0.002413728
GVT/BTC,1601777734621,2020-10-04T02:15:34.621Z,buy,0.0001046,8.67,0.0009068819999999
GVT/BTC,1601777739512,2020-10-04T02:15:39.512Z,buy,0.0001046,2.27,0.0002374419999999
GVT/BTC,1601777750738,2020-10-04T02:15:50.738Z,buy,0.0001046,17.97,0.0018796619999999
GVT/BTC,1601777787966,2020-10-04T02:16:27.966Z,buy,0.0001045,19.0,0.0019855
GVT/BTC,1601777851084,2020-10-04T02:17:31.084Z,sell,0.0001045,1.91,0.000199595
GVT/BTC,1601777881118,2020-10-04T02:18:01.118Z,sell,0.0001044,34.5,0.0036018
GVT/BTC,1601777881325,2020-10-04T02:18:01.325Z,sell,0.0001044,21.39,0.002233116
GVT/BTC,1601777881325,2020-10-04T02:18:01.325Z,sell,0.0001044,21.39,0.002233116
GVT/BTC,1601777990789,2020-10-04T02:19:50.789Z,sell,0.0001041,36.47,0.0037965269999999
GVT/BTC,1601778023200,2020-10-04T02:20:23.200Z,buy,0.0001037,3.65,0.000378505
GVT/BTC,1601778023440,2020-10-04T02:20:23.440Z,buy,0.0001037,32.75,0.003396175
GVT/BTC,1601778082461,2020-10-04T02:21:22.461Z,sell,0.0001037,22.79,0.002363323
GVT/BTC,1601778142781,2020-10-04T02:22:22.781Z,sell,0.0001037,19.53,0.002025261
GVT/BTC,1601778142781,2020-10-04T02:22:22.781Z,sell,0.0001034,3.55,0.00036707
GVT/BTC,1601778222708,2020-10-04T02:23:42.708Z,buy,0.0001039,19.0,0.0019741
GVT/BTC,1601778250722,2020-10-04T02:24:10.722Z,buy,0.000104,23.75,0.00247
GVT/BTC,1601778250919,2020-10-04T02:24:10.919Z,buy,0.000104,11.85,0.0012323999999999
GVT/BTC,1601778263035,2020-10-04T02:24:23.035Z,buy,0.000104,1.65,0.0001715999999999
GVT/BTC,1601778263400,2020-10-04T02:24:23.400Z,buy,0.000104,118.35,0.0123083999999999
GVT/BTC,1601778263524,2020-10-04T02:24:23.524Z,buy,0.0001041,65.28,0.006795648
GVT/BTC,1601778263631,2020-10-04T02:24:23.631Z,buy,0.0001041,32.61,0.003394701
GVT/BTC,1601778263732,2020-10-04T02:24:23.732Z,buy,0.0001041,16.29,0.0016957889999999
GVT/BTC,1601778329995,2020-10-04T02:25:29.995Z,sell,0.000104,1.65,0.0001715999999999
GVT/BTC,1601778329995,2020-10-04T02:25:29.995Z,sell,0.0001035,61.41,0.0063559349999999
GVT/BTC,1601778331364,2020-10-04T02:25:31.364Z,buy,0.000104,35.81,0.00372424
GVT/BTC,1601778331568,2020-10-04T02:25:31.568Z,buy,0.000104,17.88,0.0018595199999999
GVT/BTC,1601778331576,2020-10-04T02:25:31.576Z,buy,0.000104,7.72,0.00080288
GVT/BTC,1601778332267,2020-10-04T02:25:32.267Z,buy,0.0001041,12.72,0.001324152
GVT/BTC,1601778522992,2020-10-04T02:28:42.992Z,sell,0.0001034,13.34,0.001379356
GVT/BTC,1601779750460,2020-10-04T02:49:10.460Z,sell,0.0001042,7.96,0.000829432
GVT/BTC,1601779875523,2020-10-04T02:51:15.523Z,buy,0.0001043,17.26,0.001800218
GVT/BTC,1601779875523,2020-10-04T02:51:15.523Z,buy,0.0001044,8.66,0.000904104
GVT/BTC,1601779875523,2020-10-04T02:51:15.523Z,buy,0.0001044,3.25,0.0003393
GVT/BTC,1601779875537,2020-10-04T02:51:15.537Z,buy,0.0001044,10.03,0.0010471319999999
GVT/BTC,1601779875730,2020-10-04T02:51:15.730Z,buy,0.0001044,10.95,0.00114318
GVT/BTC,1601779876585,2020-10-04T02:51:16.585Z,buy,0.0001044,195.73,0.020434212
GVT/BTC,1601779876593,2020-10-04T02:51:16.593Z,buy,0.0001045,85.07,0.008889815
GVT/BTC,1601779876730,2020-10-04T02:51:16.730Z,buy,0.0001047,28.47,0.0029808089999999
GVT/BTC,1601779876730,2020-10-04T02:51:16.730Z,buy,0.0001049,32.23,0.0033809269999999
GVT/BTC,1601779876928,2020-10-04T02:51:16.928Z,buy,0.000105,30.31,0.00318255
GVT/BTC,1601779877027,2020-10-04T02:51:17.027Z,buy,0.000105,15.14,0.0015897
GVT/BTC,1601779877628,2020-10-04T02:51:17.628Z,buy,0.000105,101.1,0.0106155
GVT/BTC,1601779877640,2020-10-04T02:51:17.640Z,buy,0.000105,58.08,0.0060984
GVT/BTC,1601779902717,2020-10-04T02:51:42.717Z,buy,0.000105,9.02,0.0009471
GVT/BTC,1601779911246,2020-10-04T02:51:51.246Z,buy,0.000105,26.15,0.00274575
GVT/BTC,1601779911350,2020-10-04T02:51:51.350Z,buy,0.000105,13.07,0.00137235
GVT/BTC,1601779911350,2020-10-04T02:51:51.350Z,buy,0.000105,13.07,0.00137235
GVT/BTC,1601781613335,2020-10-04T03:20:13.335Z,buy,0.000105,1.29,0.00013545
GVT/BTC,1601781615055,2020-10-04T03:20:15.055Z,buy,0.000105,2.21,0.00023205
GVT/BTC,1601782187169,2020-10-04T03:29:47.169Z,buy,0.000105,1.53,0.00016065
GVT/BTC,1601782187409,2020-10-04T03:29:47.409Z,buy,0.000105,20.89,0.00219345
GVT/BTC,1601782187420,2020-10-04T03:29:47.420Z,buy,0.0001054,10.06,0.001060324
GVT/BTC,1601782450237,2020-10-04T03:34:10.237Z,sell,0.0001055,11.5,0.00121325
GVT/BTC,1601782462628,2020-10-04T03:34:22.628Z,buy,0.0001057,9.05,0.000956585
GVT/BTC,1601782478507,2020-10-04T03:34:38.507Z,buy,0.0001057,32.19,0.0034024829999999
GVT/BTC,1601782478507,2020-10-04T03:34:38.507Z,buy,0.0001058,55.67,0.005889886
GVT/BTC,1601782478507,2020-10-04T03:34:38.507Z,buy,0.0001059,1153.67,0.122173653
GVT/BTC,1601782478507,2020-10-04T03:34:38.507Z,buy,0.0001057,32.19,0.0034024829999999
GVT/BTC,1601782478507,2020-10-04T03:34:38.507Z,buy,0.0001058,55.67,0.005889886
GVT/BTC,1601782478507,2020-10-04T03:34:38.507Z,buy,0.0001059,1153.67,0.122173653
GVT/BTC,1601784136612,2020-10-04T04:02:16.612Z,sell,0.0001054,20.0,0.002108
GVT/BTC,1601784136612,2020-10-04T04:02:16.612Z,sell,0.0001051,1.2,0.00012612
GVT/BTC,1601784136612,2020-10-04T04:02:16.612Z,sell,0.0001051,2.69,0.0002827189999999
GVT/BTC,1601784136612,2020-10-04T04:02:16.612Z,sell,0.0001051,1.26,0.000132426
GVT/BTC,1601784187283,2020-10-04T04:03:07.283Z,sell,0.0001052,120.0,0.012624
GVT/BTC,1601784187283,2020-10-04T04:03:07.283Z,sell,0.0001051,310.0,0.032581
GVT/BTC,1601784187552,2020-10-04T04:03:07.552Z,buy,0.000105,1.9,0.0001995
GVT/BTC,1601784189730,2020-10-04T04:03:09.730Z,sell,0.0001045,262.31,0.027411395
GVT/BTC,1601784204370,2020-10-04T04:03:24.370Z,buy,0.0001046,211.97,0.022172062
GVT/BTC,1601784204473,2020-10-04T04:03:24.473Z,buy,0.0001047,97.52,0.010210344
GVT/BTC,1601784204868,2020-10-04T04:03:24.868Z,buy,0.0001049,155.15,0.016275235
GVT/BTC,1601784204966,2020-10-04T04:03:24.966Z,buy,0.0001049,77.51,0.008130799
GVT/BTC,1601784205071,2020-10-04T04:03:25.071Z,buy,0.0001049,38.73,0.004062777
GVT/BTC,1601784205465,2020-10-04T04:03:25.465Z,buy,0.0001049,19.3,0.00202457
GVT/BTC,1601784205567,2020-10-04T04:03:25.567Z,buy,0.0001049,9.65,0.001012285
GVT/BTC,1601784217576,2020-10-04T04:03:37.576Z,sell,0.0001047,38.61,0.004042467
GVT/BTC,1601784217588,2020-10-04T04:03:37.588Z,buy,0.0001051,23.67,0.002487717
GVT/BTC,1601784218441,2020-10-04T04:03:38.441Z,sell,0.0001047,1.39,0.000145533
GVT/BTC,1601784218473,2020-10-04T04:03:38.473Z,buy,0.0001047,12.44,0.001302468
GVT/BTC,1601784247959,2020-10-04T04:04:07.959Z,buy,0.0001047,54.5,0.00570615
GVT/BTC,1601784247959,2020-10-04T04:04:07.959Z,buy,0.0001047,54.5,0.00570615
GVT/BTC,1601786758300,2020-10-04T04:45:58.300Z,sell,0.000105,120.0,0.0126
GVT/BTC,1601786761614,2020-10-04T04:46:01.614Z,sell,0.0001047,1.91,0.0001999769999999
GVT/BTC,1601786762214,2020-10-04T04:46:02.214Z,buy,0.0001047,59.02,0.006179394
GVT/BTC,1601786762518,2020-10-04T04:46:02.518Z,buy,0.0001047,29.44,0.003082368
GVT/BTC,1601786763717,2020-10-04T04:46:03.717Z,buy,0.0001048,14.58,0.001527984
GVT/BTC,1601786764178,2020-10-04T04:46:04.178Z,buy,0.0001049,411.92,0.043210408
GVT/BTC,1601786764192,2020-10-04T04:46:04.192Z,buy,0.0001051,120.0,0.012612
GVT/BTC,1601786765219,2020-10-04T04:46:05.219Z,buy,0.0001052,151.92,0.0159819839999999
GVT/BTC,1601786765234,2020-10-04T04:46:05.234Z,buy,0.0001052,1.91,0.000200932
GVT/BTC,1601786765716,2020-10-04T04:46:05.716Z,buy,0.0001052,76.6,0.0080583199999999
GVT/BTC,1601786765923,2020-10-04T04:46:05.923Z,buy,0.0001052,11.22,0.001180344
GVT/BTC,1601786782481,2020-10-04T04:46:22.481Z,sell,0.0001054,120.0,0.012648
GVT/BTC,1601786782481,2020-10-04T04:46:22.481Z,sell,0.0001053,61.39,0.0064643669999999
GVT/BTC,1601786782481,2020-10-04T04:46:22.481Z,sell,0.0001051,1893.69,0.199026819
GVT/BTC,1601786849452,2020-10-04T04:47:29.452Z,buy,0.000106,30.96,0.00328176
GVT/BTC,1601787158842,2020-10-04T04:52:38.842Z,sell,0.0001058,2.68,0.000283544
GVT/BTC,1601787158842,2020-10-04T04:52:38.842Z,sell,0.0001054,1.29,0.000135966
GVT/BTC,1601787357869,2020-10-04T04:55:57.869Z,sell,0.000106,120.0,0.01272
GVT/BTC,1601787534613,2020-10-04T04:58:54.613Z,buy,0.0001058,32.0,0.0033856
GVT/BTC,1601787621638,2020-10-04T05:00:21.638Z,sell,0.0001054,20.68,0.002179672
GVT/BTC,1601787621713,2020-10-04T05:00:21.713Z,buy,0.0001054,122.68,0.012930472
GVT/BTC,1601787624407,2020-10-04T05:00:24.407Z,buy,0.0001054,85.18,0.008977972
GVT/BTC,1601787632446,2020-10-04T05:00:32.446Z,sell,0.0001053,120.0,0.012636
GVT/BTC,1601787632446,2020-10-04T05:00:32.446Z,sell,0.0001052,188.27,0.019806004
GVT/BTC,1601787632687,2020-10-04T05:00:32.687Z,buy,0.000105,30.0,0.00315
GVT/BTC,1601787633308,2020-10-04T05:00:33.308Z,buy,0.0001049,61.39,0.006439811
GVT/BTC,1601787633813,2020-10-04T05:00:33.813Z,buy,0.000105,120.0,0.0126
GVT/BTC,1601787633914,2020-10-04T05:00:33.914Z,buy,0.0001051,73.83,0.0077595329999999
GVT/BTC,1601787633914,2020-10-04T05:00:33.914Z,buy,0.0001051,73.83,0.0077595329999999
GVT/BTC,1601787873410,2020-10-04T05:04:33.410Z,sell,0.0001055,43.31,0.004569205
GVT/BTC,1601787880854,2020-10-04T05:04:40.854Z,buy,0.0001054,30.45,0.00320943
GVT/BTC,1601788046460,2020-10-04T05:07:26.460Z,sell,0.000105,120.0,0.0126
GVT/BTC,1601788057282,2020-10-04T05:07:37.282Z,sell,0.000105,70.47,0.00739935
GVT/BTC,1601788061259,2020-10-04T05:07:41.259Z,buy,0.000105,90.51,0.00950355
GVT/BTC,1601788171958,2020-10-04T05:09:31.958Z,sell,0.0001051,127.07,0.0133550569999999
GVT/BTC,1601788171958,2020-10-04T05:09:31.958Z,sell,0.000105,111.56,0.0117138
GVT/BTC,1601788173427,2020-10-04T05:09:33.427Z,buy,0.000105,135.65,0.01424325
GVT/BTC,1601788173721,2020-10-04T05:09:33.721Z,buy,0.000105,67.66,0.0071043
GVT/BTC,1601788173827,2020-10-04T05:09:33.827Z,buy,0.000105,33.81,0.00355005
GVT/BTC,1601788174120,2020-10-04T05:09:34.120Z,buy,0.000105,16.86,0.0017703
GVT/BTC,1601788271289,2020-10-04T05:11:11.289Z,buy,0.0001049,120.0,0.012588
GVT/BTC,1601788271584,2020-10-04T05:11:11.584Z,buy,0.000105,63.6,0.006678
GVT/BTC,1601788271884,2020-10-04T05:11:11.884Z,buy,0.000105,31.72,0.0033306
GVT/BTC,1601788618627,2020-10-04T05:16:58.627Z,sell,0.000105,120.0,0.0126
GVT/BTC,1601788619080,2020-10-04T05:16:59.080Z,buy,0.000105,60.65,0.00636825
GVT/BTC,1601788619184,2020-10-04T05:16:59.184Z,buy,0.000105,30.3,0.0031815
GVT/BTC,1601788619382,2020-10-04T05:16:59.382Z,buy,0.000105,15.13,0.00158865
GVT/BTC,1601789259480,2020-10-04T05:27:39.480Z,sell,0.000105,107.04,0.0112392
GVT/BTC,1601789259480,2020-10-04T05:27:39.480Z,sell,0.0001049,710.48,0.074529352
GVT/BTC,1601789265863,2020-10-04T05:27:45.863Z,sell,0.0001048,12.04,0.0012617919999999
GVT/BTC,1601789265863,2020-10-04T05:27:45.863Z,sell,0.0001046,997.21,0.104308166
GVT/BTC,1601789265953,2020-10-04T05:27:45.953Z,buy,0.0001046,392.17,0.041020982
GVT/BTC,1601789894495,2020-10-04T05:38:14.495Z,buy,0.0001054,9.42,0.000992868
GVT/BTC,1601790253378,2020-10-04T05:44:13.378Z,buy,0.0001053,1.75,0.000184275
GVT/BTC,1601790495256,2020-10-04T05:48:15.256Z,buy,0.0001054,1.91,0.000201314
GVT/BTC,1601790498750,2020-10-04T05:48:18.750Z,sell,0.0001055,61.07,0.006442885
GVT/BTC,1601790498759,2020-10-04T05:48:18.759Z,sell,0.0001054,31.63,0.003333802
GVT/BTC,1601790499846,2020-10-04T05:48:19.846Z,sell,0.0001054,27.29,0.002876366
GVT/BTC,1601790746499,2020-10-04T05:52:26.499Z,sell,0.0001055,17.36,0.00183148
GVT/BTC,1601790752804,2020-10-04T05:52:32.804Z,sell,0.0001054,11.79,0.001242666
GVT/BTC,1601790758105,2020-10-04T05:52:38.105Z,sell,0.0001055,14.64,0.00154452
GVT/BTC,1601790760002,2020-10-04T05:52:40.002Z,sell,0.0001054,12.76,0.001344904
GVT/BTC,1601790760019,2020-10-04T05:52:40.019Z,sell,0.0001054,1.92,0.000202368
GVT/BTC,1601790764909,2020-10-04T05:52:44.909Z,sell,0.0001054,15.3,0.00161262
GVT/BTC,1601790768204,2020-10-04T05:52:48.204Z,sell,0.0001054,14.32,0.001509328
GVT/BTC,1601790772214,2020-10-04T05:52:52.214Z,sell,0.0001054,13.18,0.001389172
GVT/BTC,1601790776620,2020-10-04T05:52:56.620Z,sell,0.0001054,12.59,0.001326986
GVT/BTC,1601790884467,2020-10-04T05:54:44.467Z,sell,0.0001055,9.84,0.00103812
GVT/BTC,1601790900487,2020-10-04T05:55:00.487Z,sell,0.0001055,7.24,0.00076382
GVT/BTC,1601790964523,2020-10-04T05:56:04.523Z,sell,0.0001055,5.52,0.00058236
GVT/BTC,1601790991343,2020-10-04T05:56:31.343Z,buy,0.0001054,58.3,0.00614482
GVT/BTC,1601791105107,2020-10-04T05:58:25.107Z,sell,0.0001051,2.64,0.000277464
GVT/BTC,1601791105107,2020-10-04T05:58:25.107Z,sell,0.0001051,2.64,0.000277464
GVT/BTC,1601793187192,2020-10-04T06:33:07.192Z,sell,0.000105,285.71,0.02999955
GVT/BTC,1601793841728,2020-10-04T06:44:01.728Z,buy,0.0001048,120.0,0.012576
GVT/BTC,1601793841929,2020-10-04T06:44:01.929Z,buy,0.0001047,60.51,0.0063353969999999
GVT/BTC,1601793842030,2020-10-04T06:44:02.030Z,buy,0.0001047,30.23,0.003165081
GVT/BTC,1601793842135,2020-10-04T06:44:02.135Z,buy,0.0001047,15.11,0.0015820169999999
GVT/BTC,1601793842730,2020-10-04T06:44:02.730Z,buy,0.0001047,325.49,0.034078803
GVT/BTC,1601793842739,2020-10-04T06:44:02.739Z,buy,0.0001047,170.26,0.017826222
GVT/BTC,1601793843432,2020-10-04T06:44:03.432Z,buy,0.0001047,84.65,0.008862855
GVT/BTC,1601793843631,2020-10-04T06:44:03.631Z,buy,0.0001047,42.26,0.004424622
GVT/BTC,1601793843924,2020-10-04T06:44:03.924Z,buy,0.0001047,21.08,0.0022070759999999
GVT/BTC,1601793844029,2020-10-04T06:44:04.029Z,buy,0.0001047,10.53,0.001102491
GVT/BTC,1601793908686,2020-10-04T06:45:08.686Z,buy,0.0001053,120.0,0.012636
GVT/BTC,1601793908686,2020-10-04T06:45:08.686Z,buy,0.0001054,1370.36,0.1444359439999999
GVT/BTC,1601793908686,2020-10-04T06:45:08.686Z,buy,0.0001056,253.65,0.02678544
GVT/BTC,1601793908686,2020-10-04T06:45:08.686Z,buy,0.0001058,755.99,0.079983742
GVT/BTC,1601793908686,2020-10-04T06:45:08.686Z,buy,0.0001053,120.0,0.012636
GVT/BTC,1601793908686,2020-10-04T06:45:08.686Z,buy,0.0001054,1370.36,0.1444359439999999
GVT/BTC,1601793908686,2020-10-04T06:45:08.686Z,buy,0.0001056,253.65,0.02678544
GVT/BTC,1601793908686,2020-10-04T06:45:08.686Z,buy,0.0001058,755.99,0.079983742
GVT/BTC,1601797281902,2020-10-04T07:41:21.902Z,buy,0.0001058,5.01,0.0005300579999999
GVT/BTC,1601797281902,2020-10-04T07:41:21.902Z,buy,0.0001058,5.01,0.0005300579999999
GVT/BTC,1601800253110,2020-10-04T08:30:53.110Z,buy,0.0001057,10.88,0.001150016
GVT/BTC,1601800255809,2020-10-04T08:30:55.809Z,buy,0.0001057,3.32,0.0003509239999999
GVT/BTC,1601800258511,2020-10-04T08:30:58.511Z,buy,0.0001057,10.08,0.001065456
GVT/BTC,1601800260068,2020-10-04T08:31:00.068Z,buy,0.0001057,3.26,0.0003445819999999
GVT/BTC,1601800293535,2020-10-04T08:31:33.535Z,buy,0.0001057,1.44,0.0001522079999999
GVT/BTC,1601800821619,2020-10-04T08:40:21.619Z,sell,0.0001052,141.93,0.014931036
GVT/BTC,1601800821619,2020-10-04T08:40:21.619Z,sell,0.0001051,78.75,0.008276625
