symbol,timestamp,datetime,side,price,amount,btc_volume
GVT/BTC,1599328817629,2020-09-05T18:00:17.629Z,buy,0.0001722,16.75,0.00288435
GVT/BTC,1599328818060,2020-09-05T18:00:18.060Z,buy,0.0001723,1.01,0.0001740229999999
GVT/BTC,1599328818060,2020-09-05T18:00:18.060Z,buy,0.0001725,6.53,0.001126425
GVT/BTC,1599328860464,2020-09-05T18:01:00.464Z,sell,0.0001722,81.98,0.014116956
GVT/BTC,1599328869565,2020-09-05T18:01:09.565Z,buy,0.0001722,0.59,0.000101598
GVT/BTC,1599328897240,2020-09-05T18:01:37.240Z,buy,0.0001719,101.72,0.017485668
GVT/BTC,1599328910097,2020-09-05T18:01:50.097Z,sell,0.0001719,61.5,0.01057185
GVT/BTC,1599329215600,2020-09-05T18:06:55.600Z,sell,0.0001718,9.99,0.001716282
GVT/BTC,1599329217677,2020-09-05T18:06:57.677Z,buy,0.000172,56.53,0.00972316
GVT/BTC,1599329217677,2020-09-05T18:06:57.677Z,buy,0.0001721,164.64,0.028334544
GVT/BTC,1599329217677,2020-09-05T18:06:57.677Z,buy,0.0001722,12.83,0.002209326
GVT/BTC,1599329396812,2020-09-05T18:09:56.812Z,buy,0.0001722,28.14,0.004845708
GVT/BTC,1599329396873,2020-09-05T18:09:56.873Z,sell,0.0001722,23.94,0.004122468
GVT/BTC,1599329448603,2020-09-05T18:10:48.603Z,sell,0.0001722,34.64,0.005965008
GVT/BTC,1599329496128,2020-09-05T18:11:36.128Z,sell,0.0001722,34.81,0.005994282
GVT/BTC,1599329551032,2020-09-05T18:12:31.032Z,sell,0.0001716,1.01,0.000173316
GVT/BTC,1599329551032,2020-09-05T18:12:31.032Z,sell,0.0001714,143.6,0.02461304
GVT/BTC,1599329551032,2020-09-05T18:12:31.032Z,sell,0.0001713,351.3,0.06017769
GVT/BTC,1599329551046,2020-09-05T18:12:31.046Z,buy,0.0001713,64.3,0.01101459
GVT/BTC,1599329568843,2020-09-05T18:12:48.843Z,sell,0.0001712,4.08,0.000698496
GVT/BTC,1599329568853,2020-09-05T18:12:48.853Z,buy,0.0001712,18.53,0.003172336
GVT/BTC,1599329568870,2020-09-05T18:12:48.870Z,sell,0.0001711,48.85,0.008358235
GVT/BTC,1599329569163,2020-09-05T18:12:49.163Z,sell,0.000171,276.01,0.04719771
GVT/BTC,1599329570170,2020-09-05T18:12:50.170Z,sell,0.0001709,68.23,0.011660507
GVT/BTC,1599329571168,2020-09-05T18:12:51.168Z,sell,0.0001708,8.56,0.001462048
GVT/BTC,1599329593190,2020-09-05T18:13:13.190Z,sell,0.0001708,20.96,0.003579968
GVT/BTC,1599329600902,2020-09-05T18:13:20.902Z,sell,0.0001707,2.38,0.0004062659999999
GVT/BTC,1599329600902,2020-09-05T18:13:20.902Z,sell,0.0001706,3.82,0.0006516919999999
GVT/BTC,1599329600902,2020-09-05T18:13:20.902Z,sell,0.0001705,45.19,0.007704895
GVT/BTC,1599329600902,2020-09-05T18:13:20.902Z,sell,0.0001704,41.68,0.007102272
GVT/BTC,1599329600902,2020-09-05T18:13:20.902Z,sell,0.0001703,45.05,0.0076720149999999
GVT/BTC,1599329600902,2020-09-05T18:13:20.902Z,sell,0.0001701,56.29,0.009574929
GVT/BTC,1599329602981,2020-09-05T18:13:22.981Z,sell,0.0001702,11.72,0.001994744
GVT/BTC,1599329602981,2020-09-05T18:13:22.981Z,sell,0.00017,41.48,0.0070516
GVT/BTC,1599329602981,2020-09-05T18:13:22.981Z,sell,0.00017,7.84,0.0013328
GVT/BTC,1599329602992,2020-09-05T18:13:22.992Z,sell,0.00017,77.91,0.0132447
GVT/BTC,1599329603031,2020-09-05T18:13:23.031Z,sell,0.00017,22.56,0.0038352
GVT/BTC,1599329603741,2020-09-05T18:13:23.741Z,sell,0.00017,2.86,0.0004862
GVT/BTC,1599329603771,2020-09-05T18:13:23.771Z,sell,0.00017,2.86,0.0004862
GVT/BTC,1599329603806,2020-09-05T18:13:23.806Z,sell,0.00017,2.86,0.0004862
GVT/BTC,1599329603895,2020-09-05T18:13:23.895Z,sell,0.00017,2.86,0.0004862
GVT/BTC,1599329603994,2020-09-05T18:13:23.994Z,sell,0.00017,283.57,0.0482069
GVT/BTC,1599329606886,2020-09-05T18:13:26.886Z,buy,0.0001699,48.19,0.008187481
GVT/BTC,1599329607389,2020-09-05T18:13:27.389Z,sell,0.0001698,67.11,0.011395278
GVT/BTC,1599329608389,2020-09-05T18:13:28.389Z,sell,0.0001697,18.61,0.0031581169999999
GVT/BTC,1599329610921,2020-09-05T18:13:30.921Z,sell,0.0001696,1.03,0.000174688
GVT/BTC,1599329610921,2020-09-05T18:13:30.921Z,sell,0.0001695,14.33,0.002428935
GVT/BTC,1599329610921,2020-09-05T18:13:30.921Z,sell,0.0001692,45.65,0.0077239799999999
GVT/BTC,1599329610921,2020-09-05T18:13:30.921Z,sell,0.0001691,50.67,0.0085682969999999
GVT/BTC,1599329612425,2020-09-05T18:13:32.425Z,buy,0.0001692,4.36,0.000737712
GVT/BTC,1599329613449,2020-09-05T18:13:33.449Z,sell,0.0001691,139.53,0.023594523
GVT/BTC,1599329616955,2020-09-05T18:13:36.955Z,sell,0.0001691,4.36,0.000737276
GVT/BTC,1599329655478,2020-09-05T18:14:15.478Z,buy,0.0001699,0.84,0.000142716
GVT/BTC,1599329655644,2020-09-05T18:14:15.644Z,sell,0.0001697,1.18,0.000200246
GVT/BTC,1599329655644,2020-09-05T18:14:15.644Z,sell,0.0001692,5.6,0.0009475199999999
GVT/BTC,1599329664618,2020-09-05T18:14:24.618Z,sell,0.0001692,5.88,0.0009948959999999
GVT/BTC,1599329691978,2020-09-05T18:14:51.978Z,buy,0.0001699,0.79,0.000134221
GVT/BTC,1599329691978,2020-09-05T18:14:51.978Z,buy,0.0001699,1.82,0.000309218
GVT/BTC,1599329694263,2020-09-05T18:14:54.263Z,buy,0.0001699,13.7,0.00232763
GVT/BTC,1599329694263,2020-09-05T18:14:54.263Z,buy,0.0001703,4.03,0.000686309
GVT/BTC,1599329711496,2020-09-05T18:15:11.496Z,sell,0.0001696,1.03,0.000174688
GVT/BTC,1599329711496,2020-09-05T18:15:11.496Z,sell,0.0001692,30.07,0.005087844
GVT/BTC,1599329711496,2020-09-05T18:15:11.496Z,sell,0.0001691,5.97,0.0010095269999999
GVT/BTC,1599329711496,2020-09-05T18:15:11.496Z,sell,0.0001689,5.47,0.000923883
GVT/BTC,1599329711496,2020-09-05T18:15:11.496Z,sell,0.0001688,1.19,0.000200872
GVT/BTC,1599329711496,2020-09-05T18:15:11.496Z,sell,0.0001687,2.4,0.00040488
GVT/BTC,1599329711496,2020-09-05T18:15:11.496Z,sell,0.0001686,5.99,0.001009914
GVT/BTC,1599329713382,2020-09-05T18:15:13.382Z,sell,0.0001685,0.61,0.000102785
GVT/BTC,1599329713382,2020-09-05T18:15:13.382Z,sell,0.0001683,9.32,0.001568556
GVT/BTC,1599329713977,2020-09-05T18:15:13.977Z,buy,0.0001683,0.66,0.000111078
GVT/BTC,1599329714097,2020-09-05T18:15:14.097Z,sell,0.0001681,50.24,0.008445344
GVT/BTC,1599329714097,2020-09-05T18:15:14.097Z,sell,0.0001678,2.33,0.000390974
GVT/BTC,1599329714253,2020-09-05T18:15:14.253Z,buy,0.0001678,13.99,0.002347522
GVT/BTC,1599329714253,2020-09-05T18:15:14.253Z,buy,0.0001682,26.49,0.004455618
GVT/BTC,1599329717354,2020-09-05T18:15:17.354Z,buy,0.0001681,6.57,0.001104417
GVT/BTC,1599329721688,2020-09-05T18:15:21.688Z,buy,0.0001678,233.88,0.039245064
GVT/BTC,1599329727636,2020-09-05T18:15:27.636Z,sell,0.0001678,0.74,0.000124172
GVT/BTC,1599329728730,2020-09-05T18:15:28.730Z,sell,0.0001678,0.74,0.000124172
GVT/BTC,1599329729809,2020-09-05T18:15:29.809Z,sell,0.0001678,0.74,0.000124172
GVT/BTC,1599329730138,2020-09-05T18:15:30.138Z,buy,0.0001688,6.01,0.001014488
GVT/BTC,1599329730138,2020-09-05T18:15:30.138Z,buy,0.0001692,3.11,0.000526212
GVT/BTC,1599329730138,2020-09-05T18:15:30.138Z,buy,0.0001694,5.99,0.001014706
GVT/BTC,1599329730156,2020-09-05T18:15:30.156Z,sell,0.0001697,37.97,0.006443509
GVT/BTC,1599329730189,2020-09-05T18:15:30.189Z,sell,0.0001697,123.7,0.02099189
GVT/BTC,1599329738043,2020-09-05T18:15:38.043Z,buy,0.0001697,120.0,0.020364
GVT/BTC,1599329738043,2020-09-05T18:15:38.043Z,buy,0.0001698,56.36,0.009569928
GVT/BTC,1599329741634,2020-09-05T18:15:41.634Z,sell,0.0001686,5.99,0.001009914
GVT/BTC,1599329741634,2020-09-05T18:15:41.634Z,sell,0.0001683,3.11,0.000523413
GVT/BTC,1599329741634,2020-09-05T18:15:41.634Z,sell,0.0001681,49.84,0.008378104
GVT/BTC,1599329741634,2020-09-05T18:15:41.634Z,sell,0.0001678,120.0,0.020136
GVT/BTC,1599329741634,2020-09-05T18:15:41.634Z,sell,0.0001677,123.38,0.020690826
GVT/BTC,1599329741634,2020-09-05T18:15:41.634Z,sell,0.0001675,5.35,0.000896125
GVT/BTC,1599329741634,2020-09-05T18:15:41.634Z,sell,0.0001674,126.64,0.021199536
GVT/BTC,1599329742663,2020-09-05T18:15:42.663Z,sell,0.0001689,3.1,0.00052359
GVT/BTC,1599329756677,2020-09-05T18:15:56.677Z,buy,0.0001684,6.02,0.001013768
GVT/BTC,1599329756771,2020-09-05T18:15:56.771Z,sell,0.0001684,39.65,0.0066770599999999
GVT/BTC,1599329761958,2020-09-05T18:16:01.958Z,buy,0.0001686,3.12,0.000526032
GVT/BTC,1599329762029,2020-09-05T18:16:02.029Z,buy,0.0001688,6.01,0.001014488
GVT/BTC,1599329762959,2020-09-05T18:16:02.959Z,buy,0.0001692,3.11,0.000526212
GVT/BTC,1599329763960,2020-09-05T18:16:03.960Z,buy,0.0001694,5.99,0.001014706
GVT/BTC,1599329817515,2020-09-05T18:16:57.515Z,sell,0.0001688,2.87,0.000484456
GVT/BTC,1599329817515,2020-09-05T18:16:57.515Z,sell,0.0001688,28.53,0.004815864
GVT/BTC,1599329817569,2020-09-05T18:16:57.569Z,sell,0.0001688,2.85,0.00048108
GVT/BTC,1599329837527,2020-09-05T18:17:17.527Z,buy,0.0001698,11.75,0.00199515
GVT/BTC,1599329881592,2020-09-05T18:18:01.592Z,sell,0.0001698,6.01,0.001020498
GVT/BTC,1599329881624,2020-09-05T18:18:01.624Z,sell,0.0001698,350.79,0.059564142
GVT/BTC,1599329881638,2020-09-05T18:18:01.638Z,sell,0.0001698,9.62,0.001633476
GVT/BTC,1599329882750,2020-09-05T18:18:02.750Z,sell,0.0001698,16.32,0.002771136
GVT/BTC,1599330068228,2020-09-05T18:21:08.228Z,buy,0.0001698,46.66,0.007922868
GVT/BTC,1599330068318,2020-09-05T18:21:08.318Z,buy,0.0001699,7.0,0.0011893
GVT/BTC,1599330068320,2020-09-05T18:21:08.320Z,sell,0.0001698,84.83,0.014404134
GVT/BTC,1599330069413,2020-09-05T18:21:09.413Z,sell,0.0001698,40.77,0.006922746
GVT/BTC,1599330103078,2020-09-05T18:21:43.078Z,buy,0.0001701,1.44,0.000244944
GVT/BTC,1599330125815,2020-09-05T18:22:05.815Z,buy,0.00017,120.0,0.0204
GVT/BTC,1599330125815,2020-09-05T18:22:05.815Z,buy,0.0001701,69.03,0.0117420029999999
GVT/BTC,1599330126445,2020-09-05T18:22:06.445Z,sell,0.0001701,164.47,0.027976347
GVT/BTC,1599330129852,2020-09-05T18:22:09.852Z,sell,0.0001701,111.92,0.019037592
GVT/BTC,1599330132348,2020-09-05T18:22:12.348Z,sell,0.0001701,76.74,0.0130534739999999
GVT/BTC,1599330134360,2020-09-05T18:22:14.360Z,sell,0.0001701,52.83,0.0089863829999999
GVT/BTC,1599330134454,2020-09-05T18:22:14.454Z,sell,0.0001701,30.97,0.0052679969999999
GVT/BTC,1599330136057,2020-09-05T18:22:16.057Z,sell,0.0001701,57.86,0.0098419859999999
GVT/BTC,1599330137559,2020-09-05T18:22:17.559Z,sell,0.0001701,40.01,0.0068057009999999
GVT/BTC,1599330139356,2020-09-05T18:22:19.356Z,sell,0.0001701,27.59,0.0046930589999999
GVT/BTC,1599330140784,2020-09-05T18:22:20.784Z,sell,0.0001701,19.08,0.0032455079999999
GVT/BTC,1599330142153,2020-09-05T18:22:22.153Z,sell,0.0001701,13.21,0.002247021
GVT/BTC,1599330144954,2020-09-05T18:22:24.954Z,sell,0.0001701,9.03,0.0015360029999999
GVT/BTC,1599330148362,2020-09-05T18:22:28.362Z,sell,0.0001701,6.15,0.001046115
GVT/BTC,1599330359027,2020-09-05T18:25:59.027Z,sell,0.0001702,11.44,0.0019470879999999
GVT/BTC,1599330359041,2020-09-05T18:25:59.041Z,sell,0.0001702,8.75,0.00148925
GVT/BTC,1599330360378,2020-09-05T18:26:00.378Z,sell,0.0001702,6.06,0.0010314119999999
GVT/BTC,1599330533504,2020-09-05T18:28:53.504Z,buy,0.0001703,3.99,0.000679497
GVT/BTC,1599330534887,2020-09-05T18:28:54.887Z,sell,0.0001703,0.65,0.000110695
GVT/BTC,1599330544688,2020-09-05T18:29:04.688Z,sell,0.0001703,3.95,0.000672685
GVT/BTC,1599330544703,2020-09-05T18:29:04.703Z,sell,0.0001703,6.64,0.0011307919999999
GVT/BTC,1599330555059,2020-09-05T18:29:15.059Z,buy,0.0001704,3.09,0.000526536
GVT/BTC,1599330555059,2020-09-05T18:29:15.059Z,buy,0.0001705,171.42,0.0292271099999999
GVT/BTC,1599330555059,2020-09-05T18:29:15.059Z,buy,0.0001706,17.92,0.003057152
GVT/BTC,1599330555079,2020-09-05T18:29:15.079Z,sell,0.0001703,2.48,0.0004223439999999
GVT/BTC,1599330555079,2020-09-05T18:29:15.079Z,sell,0.0001702,3.94,0.000670588
GVT/BTC,1599330556478,2020-09-05T18:29:16.478Z,sell,0.0001702,135.45,0.0230535899999999
GVT/BTC,1599330833142,2020-09-05T18:33:53.142Z,sell,0.0001702,0.34,5.7868e-05
GVT/BTC,1599330833215,2020-09-05T18:33:53.215Z,sell,0.0001699,9.68,0.001644632
GVT/BTC,1599330837019,2020-09-05T18:33:57.019Z,sell,0.0001699,6.57,0.001116243
GVT/BTC,1599330847431,2020-09-05T18:34:07.431Z,sell,0.0001699,20.78,0.003530522
GVT/BTC,1599330847449,2020-09-05T18:34:07.449Z,sell,0.0001699,18.76,0.003187324
GVT/BTC,1599330849127,2020-09-05T18:34:09.127Z,sell,0.0001699,12.95,0.002200205
GVT/BTC,1599330850123,2020-09-05T18:34:10.123Z,sell,0.0001699,8.99,0.001527401
GVT/BTC,1599330856722,2020-09-05T18:34:16.722Z,sell,0.0001699,5.96,0.001012604
GVT/BTC,1599330878045,2020-09-05T18:34:38.045Z,sell,0.0001699,2.33,0.000395867
GVT/BTC,1599331122438,2020-09-05T18:38:42.438Z,sell,0.0001699,21.72,0.003690228
GVT/BTC,1599331122458,2020-09-05T18:38:42.458Z,sell,0.0001699,15.87,0.002696313
GVT/BTC,1599331124962,2020-09-05T18:38:44.962Z,sell,0.0001699,10.88,0.001848512
GVT/BTC,1599331146274,2020-09-05T18:39:06.274Z,sell,0.0001699,6.38,0.001083962
GVT/BTC,1599331172424,2020-09-05T18:39:32.424Z,sell,0.0001699,2.52,0.000428148
GVT/BTC,1599331476313,2020-09-05T18:44:36.313Z,sell,0.0001699,55.74,0.009470226
GVT/BTC,1599331476553,2020-09-05T18:44:36.553Z,sell,0.0001699,23.65,0.004018135
GVT/BTC,1599331477781,2020-09-05T18:44:37.781Z,sell,0.0001699,32.03,0.005441897
GVT/BTC,1599331478949,2020-09-05T18:44:38.949Z,sell,0.0001699,22.2,0.00377178
GVT/BTC,1599331484724,2020-09-05T18:44:44.724Z,sell,0.0001699,403.09,0.068484991
GVT/BTC,1599331484747,2020-09-05T18:44:44.747Z,sell,0.0001696,1.03,0.000174688
GVT/BTC,1599331484803,2020-09-05T18:44:44.803Z,sell,0.0001695,9.05,0.001533975
GVT/BTC,1599331486456,2020-09-05T18:44:46.456Z,sell,0.0001692,1.03,0.000174276
GVT/BTC,1599331486456,2020-09-05T18:44:46.456Z,sell,0.0001691,5.97,0.0010095269999999
GVT/BTC,1599331486456,2020-09-05T18:44:46.456Z,sell,0.000169,0.76,0.0001284399999999
GVT/BTC,1599331511928,2020-09-05T18:45:11.928Z,sell,0.0001689,3.1,0.00052359
GVT/BTC,1599331512011,2020-09-05T18:45:12.011Z,sell,0.0001686,5.99,0.001009914
GVT/BTC,1599331512011,2020-09-05T18:45:12.011Z,sell,0.0001685,2.13,0.0003589049999999
GVT/BTC,1599331531107,2020-09-05T18:45:31.107Z,sell,0.0001684,0.76,0.000127984
GVT/BTC,1599331531107,2020-09-05T18:45:31.107Z,sell,0.0001683,3.11,0.000523413
GVT/BTC,1599331531107,2020-09-05T18:45:31.107Z,sell,0.0001682,0.75,0.00012615
GVT/BTC,1599331531107,2020-09-05T18:45:31.107Z,sell,0.0001681,6.01,0.001010281
GVT/BTC,1599331531107,2020-09-05T18:45:31.107Z,sell,0.000168,3.22,0.00054096
GVT/BTC,1599331533579,2020-09-05T18:45:33.579Z,sell,0.000168,44.77,0.00752136
GVT/BTC,1599331536460,2020-09-05T18:45:36.460Z,buy,0.0001688,177.72,0.029999136
GVT/BTC,1599331539078,2020-09-05T18:45:39.078Z,sell,0.0001681,6.01,0.001010281
GVT/BTC,1599331669201,2020-09-05T18:47:49.201Z,sell,0.0001683,1.19,0.0002002769999999
GVT/BTC,1599331669250,2020-09-05T18:47:49.250Z,sell,0.0001677,9.14,0.001532778
GVT/BTC,1599331669250,2020-09-05T18:47:49.250Z,sell,0.0001676,0.98,0.000164248
GVT/BTC,1599331670264,2020-09-05T18:47:50.264Z,sell,0.0001675,5.35,0.000896125
GVT/BTC,1599331670264,2020-09-05T18:47:50.264Z,sell,0.0001672,6.04,0.001009888
GVT/BTC,1599331671349,2020-09-05T18:47:51.349Z,sell,0.0001671,6.12,0.001022652
GVT/BTC,1599331675440,2020-09-05T18:47:55.440Z,sell,0.0001671,28.07,0.004690497
GVT/BTC,1599331676448,2020-09-05T18:47:56.448Z,sell,0.0001668,8.81,0.001469508
GVT/BTC,1599331677891,2020-09-05T18:47:57.891Z,sell,0.0001666,3.14,0.000523124
GVT/BTC,1599331677891,2020-09-05T18:47:57.891Z,sell,0.0001665,49.71,0.008276715
GVT/BTC,1599331679831,2020-09-05T18:47:59.831Z,sell,0.0001665,0.74,0.00012321
GVT/BTC,1599331688104,2020-09-05T18:48:08.104Z,buy,0.0001669,14.78,0.002466782
GVT/BTC,1599331705904,2020-09-05T18:48:25.904Z,sell,0.0001668,559.42,0.0933112559999999
GVT/BTC,1599331708136,2020-09-05T18:48:28.136Z,sell,0.0001668,627.58,0.104680344
GVT/BTC,1599331708136,2020-09-05T18:48:28.136Z,sell,0.0001665,11.16,0.00185814
GVT/BTC,1599331708136,2020-09-05T18:48:28.136Z,sell,0.0001664,1.97,0.000327808
GVT/BTC,1599331708136,2020-09-05T18:48:28.136Z,sell,0.0001663,14.33,0.002383079
GVT/BTC,1599331708136,2020-09-05T18:48:28.136Z,sell,0.0001662,1.0,0.0001662
GVT/BTC,1599331708136,2020-09-05T18:48:28.136Z,sell,0.0001661,502.1,0.08339881
GVT/BTC,1599331708136,2020-09-05T18:48:28.136Z,sell,0.000166,23.59,0.00391594
GVT/BTC,1599331708150,2020-09-05T18:48:28.150Z,sell,0.0001659,6.09,0.001010331
GVT/BTC,1599331708150,2020-09-05T18:48:28.150Z,sell,0.0001658,8.69,0.001440802
GVT/BTC,1599331709069,2020-09-05T18:48:29.069Z,sell,0.0001658,2.93,0.000485794
GVT/BTC,1599331709074,2020-09-05T18:48:29.074Z,sell,0.0001658,2.93,0.000485794
GVT/BTC,1599331709075,2020-09-05T18:48:29.075Z,sell,0.0001658,2.93,0.000485794
GVT/BTC,1599331709162,2020-09-05T18:48:29.162Z,sell,0.0001658,17.58,0.0029147639999999
GVT/BTC,1599331709162,2020-09-05T18:48:29.162Z,sell,0.0001657,23.98,0.003973486
GVT/BTC,1599331710159,2020-09-05T18:48:30.159Z,sell,0.0001657,0.01,1.657e-06
GVT/BTC,1599331710159,2020-09-05T18:48:30.159Z,sell,0.0001656,5.41,0.000895896
GVT/BTC,1599331710159,2020-09-05T18:48:30.159Z,sell,0.0001654,9.28,0.001534912
GVT/BTC,1599331710324,2020-09-05T18:48:30.324Z,sell,0.000165,75.99,0.0125383499999999
GVT/BTC,1599331710324,2020-09-05T18:48:30.324Z,sell,0.000165,2.0,0.00033
GVT/BTC,1599331710426,2020-09-05T18:48:30.426Z,sell,0.000165,2.93,0.00048345
GVT/BTC,1599331711161,2020-09-05T18:48:31.161Z,sell,0.000165,83.31,0.01374615
GVT/BTC,1599331711404,2020-09-05T18:48:31.404Z,buy,0.0001658,0.76,0.000126008
GVT/BTC,1599331721665,2020-09-05T18:48:41.665Z,sell,0.0001649,27.42,0.004521558
GVT/BTC,1599331723065,2020-09-05T18:48:43.065Z,sell,0.0001648,8.82,0.001453536
GVT/BTC,1599331731765,2020-09-05T18:48:51.765Z,sell,0.0001647,11.3,0.00186111
GVT/BTC,1599331733726,2020-09-05T18:48:53.726Z,sell,0.0001643,4.48,0.000736064
GVT/BTC,1599331733726,2020-09-05T18:48:53.726Z,sell,0.0001642,2.37,0.000389154
GVT/BTC,1599331733726,2020-09-05T18:48:53.726Z,sell,0.0001641,0.15,2.4615e-05
GVT/BTC,1599331736197,2020-09-05T18:48:56.197Z,sell,0.0001641,0.76,0.000124716
GVT/BTC,1599331743518,2020-09-05T18:49:03.518Z,sell,0.0001642,7.65,0.00125613
GVT/BTC,1599331743518,2020-09-05T18:49:03.518Z,sell,0.0001641,11.44,0.001877304
GVT/BTC,1599331747865,2020-09-05T18:49:07.865Z,sell,0.0001647,61.63,0.010150461
GVT/BTC,1599331750079,2020-09-05T18:49:10.079Z,sell,0.0001642,7.47,0.001226574
GVT/BTC,1599331756486,2020-09-05T18:49:16.486Z,sell,0.0001641,9.16,0.001503156
GVT/BTC,1599331761626,2020-09-05T18:49:21.626Z,sell,0.0001637,3.2,0.00052384
GVT/BTC,1599331761626,2020-09-05T18:49:21.626Z,sell,0.0001636,5.47,0.0008948919999999
GVT/BTC,1599331761626,2020-09-05T18:49:21.626Z,sell,0.0001634,5.27,0.0008611179999999
GVT/BTC,1599331761626,2020-09-05T18:49:21.626Z,sell,0.0001631,3.21,0.000523551
GVT/BTC,1599331761626,2020-09-05T18:49:21.626Z,sell,0.0001627,3.84,0.0006247679999999
GVT/BTC,1599331761626,2020-09-05T18:49:21.626Z,sell,0.0001626,3.22,0.000523572
GVT/BTC,1599331761626,2020-09-05T18:49:21.626Z,sell,0.0001625,42.42,0.00689325
GVT/BTC,1599331764163,2020-09-05T18:49:24.163Z,sell,0.0001625,1.32,0.0002145
GVT/BTC,1599331764163,2020-09-05T18:49:24.163Z,sell,0.0001624,21.54,0.0034980959999999
GVT/BTC,1599331764163,2020-09-05T18:49:24.163Z,sell,0.0001623,0.74,0.0001201019999999
GVT/BTC,1599331764163,2020-09-05T18:49:24.163Z,sell,0.0001621,62.17,0.010077757
GVT/BTC,1599331764163,2020-09-05T18:49:24.163Z,sell,0.000162,4.69,0.00075978
GVT/BTC,1599331765158,2020-09-05T18:49:25.158Z,sell,0.000162,103.54,0.01677348
GVT/BTC,1599331765158,2020-09-05T18:49:25.158Z,sell,0.0001619,24.61,0.003984359
GVT/BTC,1599331765158,2020-09-05T18:49:25.158Z,sell,0.0001618,3.86,0.0006245479999999
GVT/BTC,1599331765158,2020-09-05T18:49:25.158Z,sell,0.0001617,5.54,0.000895818
GVT/BTC,1599331765158,2020-09-05T18:49:25.158Z,sell,0.0001616,38.25,0.0061811999999999
GVT/BTC,1599331765415,2020-09-05T18:49:25.415Z,buy,0.0001634,2.42,0.0003954279999999
GVT/BTC,1599331769206,2020-09-05T18:49:29.206Z,buy,0.0001628,3.23,0.000525844
GVT/BTC,1599331769206,2020-09-05T18:49:29.206Z,buy,0.0001632,1.33,0.000217056
GVT/BTC,1599331769392,2020-09-05T18:49:29.392Z,buy,0.0001632,23.28,0.003799296
GVT/BTC,1599331769477,2020-09-05T18:49:29.477Z,buy,0.0001634,0.8,0.00013072
GVT/BTC,1599331769966,2020-09-05T18:49:29.966Z,sell,0.0001634,0.75,0.00012255
GVT/BTC,1599331770488,2020-09-05T18:49:30.488Z,buy,0.0001639,8.75,0.001434125
GVT/BTC,1599331770872,2020-09-05T18:49:30.872Z,sell,0.0001634,0.75,0.00012255
GVT/BTC,1599331771637,2020-09-05T18:49:31.637Z,sell,0.0001634,40.83,0.0066716219999999
GVT/BTC,1599331771637,2020-09-05T18:49:31.637Z,sell,0.0001629,5.33,0.000868257
GVT/BTC,1599331771637,2020-09-05T18:49:31.637Z,sell,0.0001628,418.74,0.068170872
GVT/BTC,1599331771637,2020-09-05T18:49:31.637Z,sell,0.0001627,227.08,0.036945916
GVT/BTC,1599331771637,2020-09-05T18:49:31.637Z,sell,0.0001626,232.99,0.037884174
GVT/BTC,1599331771637,2020-09-05T18:49:31.637Z,sell,0.0001625,173.54,0.0282002499999999
GVT/BTC,1599331771637,2020-09-05T18:49:31.637Z,sell,0.0001624,318.71,0.051758504
GVT/BTC,1599331771637,2020-09-05T18:49:31.637Z,sell,0.0001623,283.09,0.0459455069999999
GVT/BTC,1599331771637,2020-09-05T18:49:31.637Z,sell,0.0001622,611.96,0.099259912
GVT/BTC,1599331771637,2020-09-05T18:49:31.637Z,sell,0.0001621,552.85,0.089616985
GVT/BTC,1599331771637,2020-09-05T18:49:31.637Z,sell,0.000162,3.23,0.00052326
GVT/BTC,1599331771637,2020-09-05T18:49:31.637Z,sell,0.0001617,7.69,0.001243473
GVT/BTC,1599331771637,2020-09-05T18:49:31.637Z,sell,0.0001616,161.75,0.0261388
GVT/BTC,1599331771637,2020-09-05T18:49:31.637Z,sell,0.0001615,3.24,0.00052326
GVT/BTC,1599331771637,2020-09-05T18:49:31.637Z,sell,0.0001614,515.17,0.0831484379999999
GVT/BTC,1599331771637,2020-09-05T18:49:31.637Z,sell,0.0001612,20.0,0.003224
GVT/BTC,1599331771637,2020-09-05T18:49:31.637Z,sell,0.0001611,94.9,0.01528839
GVT/BTC,1599331771637,2020-09-05T18:49:31.637Z,sell,0.000161,313.71,0.05050731
GVT/BTC,1599331771637,2020-09-05T18:49:31.637Z,sell,0.0001609,4.37,0.000703133
GVT/BTC,1599331771637,2020-09-05T18:49:31.637Z,sell,0.0001607,2.19,0.000351933
GVT/BTC,1599331771637,2020-09-05T18:49:31.637Z,sell,0.0001605,2.32,0.0003723599999999
GVT/BTC,1599331771637,2020-09-05T18:49:31.637Z,sell,0.0001604,17.76,0.002848704
GVT/BTC,1599331771637,2020-09-05T18:49:31.637Z,sell,0.0001603,103.27,0.0165541809999999
GVT/BTC,1599331771637,2020-09-05T18:49:31.637Z,sell,0.0001602,19.31,0.0030934619999999
GVT/BTC,1599331771637,2020-09-05T18:49:31.637Z,sell,0.0001601,80.04,0.012814404
GVT/BTC,1599331771637,2020-09-05T18:49:31.637Z,sell,0.00016,393.14,0.0629024
GVT/BTC,1599331771637,2020-09-05T18:49:31.637Z,sell,0.0001599,20.43,0.003266757
GVT/BTC,1599331771661,2020-09-05T18:49:31.661Z,buy,0.00016,136.44,0.0218304
GVT/BTC,1599331771672,2020-09-05T18:49:31.672Z,buy,0.00016,87.41,0.0139856
GVT/BTC,1599331771681,2020-09-05T18:49:31.681Z,buy,0.00016,3.1,0.000496
GVT/BTC,1599331771690,2020-09-05T18:49:31.690Z,buy,0.00016,3984.62,0.6375392000000001
GVT/BTC,1599331772163,2020-09-05T18:49:32.163Z,buy,0.0001618,1.02,0.000165036
GVT/BTC,1599331772385,2020-09-05T18:49:32.385Z,sell,0.0001616,42.08,0.006800128
GVT/BTC,1599331772385,2020-09-05T18:49:32.385Z,sell,0.0001599,142.19,0.022736181
GVT/BTC,1599331772759,2020-09-05T18:49:32.759Z,buy,0.0001616,5.54,0.000895264
GVT/BTC,1599331773273,2020-09-05T18:49:33.273Z,sell,0.0001599,58.33,0.009326967
GVT/BTC,1599331773273,2020-09-05T18:49:33.273Z,sell,0.0001598,70.51,0.011267498
GVT/BTC,1599331773307,2020-09-05T18:49:33.307Z,buy,0.0001615,3.21,0.0005184149999999
GVT/BTC,1599331774197,2020-09-05T18:49:34.197Z,sell,0.0001598,104.35,0.01667513
GVT/BTC,1599331774197,2020-09-05T18:49:34.197Z,sell,0.0001597,82.54,0.013181638
GVT/BTC,1599331775592,2020-09-05T18:49:35.592Z,buy,0.0001606,3.28,0.0005267679999999
GVT/BTC,1599331778786,2020-09-05T18:49:38.786Z,buy,0.0001609,19.41,0.003123069
GVT/BTC,1599331778786,2020-09-05T18:49:38.786Z,buy,0.0001611,3.27,0.000526797
GVT/BTC,1599331778786,2020-09-05T18:49:38.786Z,buy,0.0001613,1.6,0.00025808
GVT/BTC,1599331779588,2020-09-05T18:49:39.588Z,buy,0.0001613,12.96,0.002090448
GVT/BTC,1599331779755,2020-09-05T18:49:39.755Z,buy,0.0001613,6.08,0.000980704
GVT/BTC,1599331780221,2020-09-05T18:49:40.221Z,buy,0.0001613,4.23,0.000682299
GVT/BTC,1599331780221,2020-09-05T18:49:40.221Z,buy,0.0001614,1.85,0.00029859
GVT/BTC,1599331780688,2020-09-05T18:49:40.688Z,buy,0.0001614,6.07,0.000979698
GVT/BTC,1599331781005,2020-09-05T18:49:41.005Z,buy,0.0001614,9.68,0.001562352
GVT/BTC,1599331785518,2020-09-05T18:49:45.518Z,buy,0.0001614,102.4,0.01652736
GVT/BTC,1599331785532,2020-09-05T18:49:45.532Z,sell,0.0001614,47.18,0.0076148519999999
GVT/BTC,1599331796305,2020-09-05T18:49:56.305Z,buy,0.0001614,23.04,0.003718656
GVT/BTC,1599331800156,2020-09-05T18:50:00.156Z,buy,0.0001612,1.16,0.0001869919999999
GVT/BTC,1599331800191,2020-09-05T18:50:00.191Z,buy,0.0001612,5.03,0.000810836
GVT/BTC,1599331800191,2020-09-05T18:50:00.191Z,buy,0.0001614,96.96,0.015649344
GVT/BTC,1599331800191,2020-09-05T18:50:00.191Z,buy,0.0001615,220.4,0.0355946
GVT/BTC,1599331800191,2020-09-05T18:50:00.191Z,buy,0.0001617,150.25,0.024295425
GVT/BTC,1599331800209,2020-09-05T18:50:00.209Z,buy,0.0001618,47.24,0.007643432
GVT/BTC,1599331800213,2020-09-05T18:50:00.213Z,buy,0.0001618,25.59,0.004140462
GVT/BTC,1599331801210,2020-09-05T18:50:01.210Z,buy,0.000162,5.6,0.0009071999999999
GVT/BTC,1599331802217,2020-09-05T18:50:02.217Z,buy,0.0001623,3.24,0.000525852
GVT/BTC,1599331803220,2020-09-05T18:50:03.220Z,buy,0.0001625,0.63,0.000102375
GVT/BTC,1599331804225,2020-09-05T18:50:04.225Z,buy,0.0001625,0.63,0.000102375
GVT/BTC,1599331805249,2020-09-05T18:50:05.249Z,buy,0.0001625,0.63,0.000102375
GVT/BTC,1599331805696,2020-09-05T18:50:05.696Z,sell,0.0001622,2.7,0.00043794
GVT/BTC,1599331806306,2020-09-05T18:50:06.306Z,buy,0.0001625,0.63,0.000102375
GVT/BTC,1599331810704,2020-09-05T18:50:10.704Z,buy,0.0001623,387.99,0.0629707769999999
GVT/BTC,1599331810835,2020-09-05T18:50:10.835Z,buy,0.0001623,346.31,0.0562061129999999
GVT/BTC,1599331838417,2020-09-05T18:50:38.417Z,buy,0.0001625,3.63,0.0005898749999999
GVT/BTC,1599331855623,2020-09-05T18:50:55.623Z,sell,0.000162,5.49,0.00088938
GVT/BTC,1599331855639,2020-09-05T18:50:55.639Z,sell,0.000162,206.37,0.03343194
GVT/BTC,1599331861138,2020-09-05T18:51:01.138Z,sell,0.000162,211.86,0.03432132
GVT/BTC,1599331862638,2020-09-05T18:51:02.638Z,sell,0.000162,61.47,0.00995814
GVT/BTC,1599331862638,2020-09-05T18:51:02.638Z,sell,0.0001619,1.24,0.000200756
GVT/BTC,1599331863445,2020-09-05T18:51:03.445Z,sell,0.0001623,194.0,0.0314862
GVT/BTC,1599331863639,2020-09-05T18:51:03.639Z,sell,0.0001618,53.48,0.008653064
GVT/BTC,1599331864375,2020-09-05T18:51:04.375Z,buy,0.0001623,17.0,0.0027590999999999
GVT/BTC,1599331865239,2020-09-05T18:51:05.239Z,sell,0.0001617,335.51,0.054251967
GVT/BTC,1599331865335,2020-09-05T18:51:05.335Z,sell,0.0001615,79.51,0.012840865
GVT/BTC,1599331866111,2020-09-05T18:51:06.111Z,sell,0.0001615,22.19,0.003583685
GVT/BTC,1599331872540,2020-09-05T18:51:12.540Z,sell,0.0001609,7.18,0.001155262
GVT/BTC,1599331875051,2020-09-05T18:51:15.051Z,sell,0.0001608,3.78,0.000607824
GVT/BTC,1599331875051,2020-09-05T18:51:15.051Z,sell,0.0001607,0.85,0.000136595
GVT/BTC,1599331878838,2020-09-05T18:51:18.838Z,buy,0.0001609,18.08,0.002909072
GVT/BTC,1599331878840,2020-09-05T18:51:18.840Z,sell,0.0001608,120.0,0.019296
GVT/BTC,1599331894346,2020-09-05T18:51:34.346Z,buy,0.0001611,2.28,0.000367308
GVT/BTC,1599331894346,2020-09-05T18:51:34.346Z,buy,0.0001617,3.25,0.000525525
GVT/BTC,1599331894346,2020-09-05T18:51:34.346Z,buy,0.0001619,17.81,0.002883439
GVT/BTC,1599331899214,2020-09-05T18:51:39.214Z,sell,0.000161,2.08,0.00033488
GVT/BTC,1599331899214,2020-09-05T18:51:39.214Z,sell,0.0001609,3.25,0.000522925
GVT/BTC,1599331899214,2020-09-05T18:51:39.214Z,sell,0.0001603,3.27,0.000524181
GVT/BTC,1599331899214,2020-09-05T18:51:39.214Z,sell,0.0001602,70.26,0.011255652
GVT/BTC,1599331899214,2020-09-05T18:51:39.214Z,sell,0.00016,10.03,0.0016048
GVT/BTC,1599331899214,2020-09-05T18:51:39.214Z,sell,0.0001598,8.88,0.001419024
GVT/BTC,1599331899214,2020-09-05T18:51:39.214Z,sell,0.0001595,6.41,0.001022395
GVT/BTC,1599331899214,2020-09-05T18:51:39.214Z,sell,0.0001594,24.79,0.0039515259999999
GVT/BTC,1599331899214,2020-09-05T18:51:39.214Z,sell,0.0001593,120.0,0.019116
GVT/BTC,1599331899214,2020-09-05T18:51:39.214Z,sell,0.0001592,62.21,0.009903832
GVT/BTC,1599331899214,2020-09-05T18:51:39.214Z,sell,0.0001591,27.95,0.004446845
GVT/BTC,1599331899214,2020-09-05T18:51:39.214Z,sell,0.000159,296.35,0.04711965
GVT/BTC,1599331899214,2020-09-05T18:51:39.214Z,sell,0.0001587,4.14,0.000657018
GVT/BTC,1599331899214,2020-09-05T18:51:39.214Z,sell,0.0001585,3.71,0.000588035
GVT/BTC,1599331899214,2020-09-05T18:51:39.214Z,sell,0.0001584,88.15,0.01396296
GVT/BTC,1599331899214,2020-09-05T18:51:39.214Z,sell,0.0001583,3.84,0.000607872
GVT/BTC,1599331899214,2020-09-05T18:51:39.214Z,sell,0.0001582,12.62,0.0019964839999999
GVT/BTC,1599331899214,2020-09-05T18:51:39.214Z,sell,0.0001581,53.02,0.008382462
GVT/BTC,1599331899214,2020-09-05T18:51:39.214Z,sell,0.000158,328.08,0.0518366399999999
GVT/BTC,1599331899214,2020-09-05T18:51:39.214Z,sell,0.0001579,94.35,0.0148978649999999
GVT/BTC,1599331899214,2020-09-05T18:51:39.214Z,sell,0.0001578,58.03,0.0091571339999999
GVT/BTC,1599331899214,2020-09-05T18:51:39.214Z,sell,0.0001576,8.09,0.001274984
GVT/BTC,1599331899214,2020-09-05T18:51:39.214Z,sell,0.0001575,2.24,0.0003528
GVT/BTC,1599331899214,2020-09-05T18:51:39.214Z,sell,0.0001574,93.52,0.014720048
GVT/BTC,1599331899214,2020-09-05T18:51:39.214Z,sell,0.0001573,33.52,0.005272696
GVT/BTC,1599331899214,2020-09-05T18:51:39.214Z,sell,0.0001572,26.2,0.00411864
GVT/BTC,1599331899214,2020-09-05T18:51:39.214Z,sell,0.0001571,32.94,0.0051748739999999
GVT/BTC,1599331899214,2020-09-05T18:51:39.214Z,sell,0.000157,89.92,0.01411744
GVT/BTC,1599331899214,2020-09-05T18:51:39.214Z,sell,0.0001569,273.54,0.042918426
GVT/BTC,1599331899214,2020-09-05T18:51:39.214Z,sell,0.0001568,96.95,0.01520176
GVT/BTC,1599331899214,2020-09-05T18:51:39.214Z,sell,0.0001567,27.81,0.0043578269999999
GVT/BTC,1599331899214,2020-09-05T18:51:39.214Z,sell,0.0001566,150.72,0.023602752
GVT/BTC,1599331899214,2020-09-05T18:51:39.214Z,sell,0.0001565,148.07,0.023172955
GVT/BTC,1599331899214,2020-09-05T18:51:39.214Z,sell,0.0001564,0.86,0.000134504
GVT/BTC,1599331899214,2020-09-05T18:51:39.214Z,sell,0.0001563,27.59,0.004312317
GVT/BTC,1599331899214,2020-09-05T18:51:39.214Z,sell,0.0001562,542.17,0.084686954
GVT/BTC,1599331899214,2020-09-05T18:51:39.214Z,sell,0.0001561,5.74,0.000896014
GVT/BTC,1599331899214,2020-09-05T18:51:39.214Z,sell,0.000156,356.61,0.05563116
GVT/BTC,1599331899214,2020-09-05T18:51:39.214Z,sell,0.0001559,244.65,0.038140935
GVT/BTC,1599331899214,2020-09-05T18:51:39.214Z,sell,0.0001558,4.84,0.0007540719999999
GVT/BTC,1599331899214,2020-09-05T18:51:39.214Z,sell,0.0001557,55.27,0.008605539
GVT/BTC,1599331899214,2020-09-05T18:51:39.214Z,sell,0.0001556,1.72,0.0002676319999999
GVT/BTC,1599331899214,2020-09-05T18:51:39.214Z,sell,0.0001555,685.83,0.106646565
GVT/BTC,1599331899214,2020-09-05T18:51:39.214Z,sell,0.0001554,490.88,0.076282752
GVT/BTC,1599331899214,2020-09-05T18:51:39.214Z,sell,0.0001553,6.54,0.001015662
GVT/BTC,1599331899214,2020-09-05T18:51:39.214Z,sell,0.0001551,25.71,0.003987621
GVT/BTC,1599331899214,2020-09-05T18:51:39.214Z,sell,0.000155,48.1,0.0074555
GVT/BTC,1599331899214,2020-09-05T18:51:39.214Z,sell,0.0001549,24.69,0.003824481
GVT/BTC,1599331899214,2020-09-05T18:51:39.214Z,sell,0.0001548,59.75,0.0092493
GVT/BTC,1599331899214,2020-09-05T18:51:39.214Z,sell,0.0001547,7.36,0.001138592
GVT/BTC,1599331899214,2020-09-05T18:51:39.214Z,sell,0.0001544,5529.65,0.8537779600000001
GVT/BTC,1599331899214,2020-09-05T18:51:39.214Z,sell,0.0001543,0.72,0.000111096
GVT/BTC,1599331899214,2020-09-05T18:51:39.214Z,sell,0.0001542,5.81,0.000895902
GVT/BTC,1599331899214,2020-09-05T18:51:39.214Z,sell,0.000154,23.39,0.00360206
GVT/BTC,1599331899214,2020-09-05T18:51:39.214Z,sell,0.0001539,21.17,0.003258063
GVT/BTC,1599331899214,2020-09-05T18:51:39.214Z,sell,0.0001538,3.4,0.00052292
GVT/BTC,1599331899214,2020-09-05T18:51:39.214Z,sell,0.0001537,0.7,0.0001075899999999
GVT/BTC,1599331899214,2020-09-05T18:51:39.214Z,sell,0.0001535,26.06,0.00400021
GVT/BTC,1599331899214,2020-09-05T18:51:39.214Z,sell,0.0001534,32.18,0.0049364119999999
GVT/BTC,1599331899214,2020-09-05T18:51:39.214Z,sell,0.0001533,3.42,0.000524286
GVT/BTC,1599331899214,2020-09-05T18:51:39.214Z,sell,0.000153,2.04,0.00031212
GVT/BTC,1599331899214,2020-09-05T18:51:39.214Z,sell,0.0001529,8.43,0.001288947
GVT/BTC,1599331899214,2020-09-05T18:51:39.214Z,sell,0.0001528,58.91,0.0090014479999999
GVT/BTC,1599331899214,2020-09-05T18:51:39.214Z,sell,0.0001524,5.88,0.0008961119999999
GVT/BTC,1599331899214,2020-09-05T18:51:39.214Z,sell,0.0001523,3.4,0.00051782
GVT/BTC,1599331899214,2020-09-05T18:51:39.214Z,sell,0.0001522,29.73,0.004524906
GVT/BTC,1599331899214,2020-09-05T18:51:39.214Z,sell,0.0001521,1.18,0.000179478
GVT/BTC,1599331899214,2020-09-05T18:51:39.214Z,sell,0.000152,80.69,0.01226488
GVT/BTC,1599331899214,2020-09-05T18:51:39.214Z,sell,0.0001519,3.29,0.000499751
GVT/BTC,1599331899214,2020-09-05T18:51:39.214Z,sell,0.0001517,3.45,0.000523365
GVT/BTC,1599331899214,2020-09-05T18:51:39.214Z,sell,0.0001516,202.77,0.030739932
GVT/BTC,1599331899214,2020-09-05T18:51:39.214Z,sell,0.0001514,12.95,0.0019606299999999
GVT/BTC,1599331899214,2020-09-05T18:51:39.214Z,sell,0.0001512,36.52,0.005521824
GVT/BTC,1599331899214,2020-09-05T18:51:39.214Z,sell,0.0001511,1173.83,0.1773657129999999
GVT/BTC,1599331899214,2020-09-05T18:51:39.214Z,sell,0.000151,107.75,0.01627025
GVT/BTC,1599331899214,2020-09-05T18:51:39.214Z,sell,0.0001509,456.9,0.06894621
GVT/BTC,1599331899214,2020-09-05T18:51:39.214Z,sell,0.0001508,13.0,0.0019604
GVT/BTC,1599331899214,2020-09-05T18:51:39.214Z,sell,0.0001507,9.42,0.001419594
GVT/BTC,1599331899214,2020-09-05T18:51:39.214Z,sell,0.0001506,10.54,0.001587324
GVT/BTC,1599331899214,2020-09-05T18:51:39.214Z,sell,0.0001505,2.78,0.00041839
GVT/BTC,1599331899214,2020-09-05T18:51:39.214Z,sell,0.0001504,4.0,0.0006016
GVT/BTC,1599331899214,2020-09-05T18:51:39.214Z,sell,0.0001502,3.49,0.000524198
GVT/BTC,1599331899214,2020-09-05T18:51:39.214Z,sell,0.0001501,2.37,0.000355737
GVT/BTC,1599331899214,2020-09-05T18:51:39.214Z,sell,0.00015,866.04,0.129906
GVT/BTC,1599331899245,2020-09-05T18:51:39.245Z,buy,0.00015,2031.78,0.3047669999999999
GVT/BTC,1599331899246,2020-09-05T18:51:39.246Z,buy,0.00015,1386.24,0.2079359999999999
GVT/BTC,1599331899247,2020-09-05T18:51:39.247Z,buy,0.00015,1957.35,0.2936024999999999
GVT/BTC,1599331899247,2020-09-05T18:51:39.247Z,buy,0.00015,1962.48,0.2943719999999999
GVT/BTC,1599331899248,2020-09-05T18:51:39.248Z,buy,0.00015,1982.18,0.297327
GVT/BTC,1599331899248,2020-09-05T18:51:39.248Z,buy,0.0001507,11.51,0.001734557
GVT/BTC,1599331899249,2020-09-05T18:51:39.249Z,sell,0.000153,79.47,0.01215891
GVT/BTC,1599331899254,2020-09-05T18:51:39.254Z,sell,0.000153,136.43,0.02087379
GVT/BTC,1599331899286,2020-09-05T18:51:39.286Z,buy,0.0001535,8.74,0.00134159
GVT/BTC,1599331899314,2020-09-05T18:51:39.314Z,buy,0.0001535,323.68,0.04968488
GVT/BTC,1599331899351,2020-09-05T18:51:39.351Z,buy,0.0001535,73.94,0.0113497899999999
GVT/BTC,1599331899376,2020-09-05T18:51:39.376Z,buy,0.0001535,192.34,0.02952419
GVT/BTC,1599331899458,2020-09-05T18:51:39.458Z,buy,0.0001535,136.45,0.0209450749999999
GVT/BTC,1599331899510,2020-09-05T18:51:39.510Z,buy,0.0001535,60.0,0.00921
GVT/BTC,1599331899615,2020-09-05T18:51:39.615Z,buy,0.0001535,1.44,0.0002210399999999
GVT/BTC,1599331899835,2020-09-05T18:51:39.835Z,buy,0.0001535,324.04,0.04974014
GVT/BTC,1599331899847,2020-09-05T18:51:39.847Z,buy,0.0001535,98.45,0.0151120749999999
GVT/BTC,1599331899991,2020-09-05T18:51:39.991Z,buy,0.0001535,648.08,0.09948028
GVT/BTC,1599331900028,2020-09-05T18:51:40.028Z,buy,0.0001535,164.62,0.02526917
GVT/BTC,1599331900028,2020-09-05T18:51:40.028Z,buy,0.0001537,483.46,0.0743078019999999
GVT/BTC,1599331900322,2020-09-05T18:51:40.322Z,buy,0.0001537,79.47,0.012214539
GVT/BTC,1599331900340,2020-09-05T18:51:40.340Z,buy,0.0001537,113.76,0.017484912
GVT/BTC,1599331900361,2020-09-05T18:51:40.361Z,buy,0.0001537,24.29,0.003733373
GVT/BTC,1599331901124,2020-09-05T18:51:41.124Z,sell,0.0001533,4.62,0.000708246
GVT/BTC,1599331901356,2020-09-05T18:51:41.356Z,buy,0.0001533,196.25,0.030085125
GVT/BTC,1599331901358,2020-09-05T18:51:41.358Z,buy,0.0001533,175.28,0.026870424
GVT/BTC,1599331901392,2020-09-05T18:51:41.392Z,buy,0.0001533,1213.7,0.18606021
GVT/BTC,1599331901432,2020-09-05T18:51:41.432Z,buy,0.0001533,372.63,0.057124179
GVT/BTC,1599331901435,2020-09-05T18:51:41.435Z,sell,0.0001533,63.02,0.009660966
GVT/BTC,1599331901482,2020-09-05T18:51:41.482Z,sell,0.0001533,1386.24,0.212510592
GVT/BTC,1599331902000,2020-09-05T18:51:42.000Z,sell,0.0001533,5.94,0.000910602
GVT/BTC,1599331902005,2020-09-05T18:51:42.005Z,sell,0.0001533,24.79,0.003800307
GVT/BTC,1599331902329,2020-09-05T18:51:42.329Z,sell,0.0001533,20.52,0.003145716
GVT/BTC,1599331902329,2020-09-05T18:51:42.329Z,sell,0.0001531,217.21,0.033254851
GVT/BTC,1599331902329,2020-09-05T18:51:42.329Z,sell,0.000153,136.88,0.02094264
GVT/BTC,1599331902697,2020-09-05T18:51:42.697Z,sell,0.000153,3.45,0.00052785
GVT/BTC,1599331902713,2020-09-05T18:51:42.713Z,sell,0.000153,128.95,0.01972935
GVT/BTC,1599331902892,2020-09-05T18:51:42.892Z,sell,0.000153,3.44,0.00052632
GVT/BTC,1599331903145,2020-09-05T18:51:43.145Z,sell,0.000153,3.48,0.00053244
GVT/BTC,1599331903229,2020-09-05T18:51:43.229Z,sell,0.000153,19.54,0.00298962
GVT/BTC,1599331903340,2020-09-05T18:51:43.340Z,sell,0.000153,3.46,0.00052938
GVT/BTC,1599331903626,2020-09-05T18:51:43.626Z,sell,0.000153,3.49,0.00053397
GVT/BTC,1599331903922,2020-09-05T18:51:43.922Z,sell,0.000153,68.08,0.01041624
GVT/BTC,1599331904473,2020-09-05T18:51:44.473Z,sell,0.000153,1.44,0.00022032
GVT/BTC,1599331904674,2020-09-05T18:51:44.674Z,sell,0.000153,20.8,0.0031824
GVT/BTC,1599331905384,2020-09-05T18:51:45.384Z,sell,0.000153,136.4,0.0208692
GVT/BTC,1599331905458,2020-09-05T18:51:45.458Z,sell,0.000153,312.18,0.04776354
GVT/BTC,1599331906717,2020-09-05T18:51:46.717Z,buy,0.0001527,9.83,0.001501041
GVT/BTC,1599331906912,2020-09-05T18:51:46.912Z,sell,0.0001524,88.21,0.0134432039999999
GVT/BTC,1599331907075,2020-09-05T18:51:47.075Z,sell,0.0001524,81.56,0.012429744
GVT/BTC,1599331907165,2020-09-05T18:51:47.165Z,sell,0.0001524,486.39,0.0741258359999999
GVT/BTC,1599331908136,2020-09-05T18:51:48.136Z,sell,0.0001522,3.44,0.000523568
GVT/BTC,1599331908136,2020-09-05T18:51:48.136Z,sell,0.000152,65.78,0.00999856
GVT/BTC,1599331908136,2020-09-05T18:51:48.136Z,sell,0.0001517,3.45,0.000523365
GVT/BTC,1599331908136,2020-09-05T18:51:48.136Z,sell,0.0001514,26.35,0.00398939
GVT/BTC,1599331908136,2020-09-05T18:51:48.136Z,sell,0.0001513,45.35,0.006861455
GVT/BTC,1599331908136,2020-09-05T18:51:48.136Z,sell,0.0001512,69.48,0.010505376
GVT/BTC,1599331908151,2020-09-05T18:51:48.151Z,buy,0.0001512,2.05,0.0003099599999999
GVT/BTC,1599331908166,2020-09-05T18:51:48.166Z,sell,0.0001507,9.42,0.001419594
GVT/BTC,1599331908166,2020-09-05T18:51:48.166Z,sell,0.0001506,12.26,0.001846356
GVT/BTC,1599331908458,2020-09-05T18:51:48.458Z,sell,0.0001522,140.0,0.021308
GVT/BTC,1599331909612,2020-09-05T18:51:49.612Z,buy,0.0001517,254.82,0.038656194
GVT/BTC,1599331909612,2020-09-05T18:51:49.612Z,buy,0.000152,991.96,0.15077792
GVT/BTC,1599331909612,2020-09-05T18:51:49.612Z,buy,0.0001521,244.85,0.037241685
GVT/BTC,1599331909612,2020-09-05T18:51:49.612Z,buy,0.0001522,120.0,0.018264
GVT/BTC,1599331909673,2020-09-05T18:51:49.673Z,sell,0.0001522,2.05,0.00031201
GVT/BTC,1599331909694,2020-09-05T18:51:49.694Z,sell,0.0001522,3003.96,0.457202712
GVT/BTC,1599331910092,2020-09-05T18:51:50.092Z,sell,0.0001508,5.75,0.0008671
GVT/BTC,1599331910349,2020-09-05T18:51:50.349Z,buy,0.0001511,20.24,0.0030582639999999
GVT/BTC,1599331913162,2020-09-05T18:51:53.162Z,sell,0.0001506,9.52,0.001433712
GVT/BTC,1599331913911,2020-09-05T18:51:53.911Z,sell,0.0001506,0.01,1.506e-06
GVT/BTC,1599331913911,2020-09-05T18:51:53.911Z,sell,0.0001505,33.16,0.00499058
GVT/BTC,1599331913911,2020-09-05T18:51:53.911Z,sell,0.0001502,3.49,0.000524198
GVT/BTC,1599331913911,2020-09-05T18:51:53.911Z,sell,0.0001498,5.73,0.000858354
GVT/BTC,1599331916366,2020-09-05T18:51:56.366Z,sell,0.0001498,367.0,0.0549766
GVT/BTC,1599331917469,2020-09-05T18:51:57.469Z,sell,0.0001496,28.13,0.004208248
GVT/BTC,1599331917485,2020-09-05T18:51:57.485Z,sell,0.0001496,20.24,0.0030279039999999
GVT/BTC,1599331917906,2020-09-05T18:51:57.906Z,buy,0.00015,0.77,0.0001154999999999
GVT/BTC,1599331920099,2020-09-05T18:52:00.099Z,buy,0.0001497,45.03,0.006740991
GVT/BTC,1599331920099,2020-09-05T18:52:00.099Z,buy,0.0001499,139.16,0.020860084
GVT/BTC,1599331920099,2020-09-05T18:52:00.099Z,buy,0.0001497,45.03,0.006740991
GVT/BTC,1599331920099,2020-09-05T18:52:00.099Z,buy,0.0001499,139.16,0.020860084
GVT/BTC,1599331920159,2020-09-05T18:52:00.159Z,buy,0.0001499,637.0,0.0954863
GVT/BTC,1599331921523,2020-09-05T18:52:01.523Z,buy,0.0001499,38.99,0.005844601
GVT/BTC,1599331921698,2020-09-05T18:52:01.698Z,sell,0.0001496,12.92,0.001932832
GVT/BTC,1599331921722,2020-09-05T18:52:01.722Z,sell,0.0001496,188.43,0.028189128
GVT/BTC,1599331922128,2020-09-05T18:52:02.128Z,sell,0.0001491,3.51,0.000523341
GVT/BTC,1599331922128,2020-09-05T18:52:02.128Z,sell,0.0001489,9.84,0.001465176
GVT/BTC,1599331922128,2020-09-05T18:52:02.128Z,sell,0.0001488,2.76,0.000410688
GVT/BTC,1599331922128,2020-09-05T18:52:02.128Z,sell,0.0001486,3.52,0.000523072
GVT/BTC,1599331922128,2020-09-05T18:52:02.128Z,sell,0.0001483,22.21,0.003293743
GVT/BTC,1599331922128,2020-09-05T18:52:02.128Z,sell,0.0001482,18.28,0.002709096
GVT/BTC,1599331923290,2020-09-05T18:52:03.290Z,buy,0.0001494,0.68,0.000101592
GVT/BTC,1599331924057,2020-09-05T18:52:04.057Z,sell,0.0001484,117.23,0.017396932
GVT/BTC,1599331924057,2020-09-05T18:52:04.057Z,sell,0.0001483,170.13,0.0252302789999999
GVT/BTC,1599331924057,2020-09-05T18:52:04.057Z,sell,0.0001481,3.54,0.000524274
GVT/BTC,1599331924057,2020-09-05T18:52:04.057Z,sell,0.000148,68.0,0.010064
GVT/BTC,1599331924057,2020-09-05T18:52:04.057Z,sell,0.0001478,429.19,0.063434282
GVT/BTC,1599331924057,2020-09-05T18:52:04.057Z,sell,0.0001477,7.46,0.001101842
GVT/BTC,1599331924654,2020-09-05T18:52:04.654Z,sell,0.000148,1.36,0.00020128
GVT/BTC,1599331924654,2020-09-05T18:52:04.654Z,sell,0.0001477,15.15,0.002237655
GVT/BTC,1599331924654,2020-09-05T18:52:04.654Z,sell,0.0001476,5.03,0.000742428
GVT/BTC,1599331924654,2020-09-05T18:52:04.654Z,sell,0.0001475,7.0,0.0010325
GVT/BTC,1599331924654,2020-09-05T18:52:04.654Z,sell,0.0001471,9.65,0.001419515
GVT/BTC,1599331924654,2020-09-05T18:52:04.654Z,sell,0.0001469,9.88,0.001451372
GVT/BTC,1599331924654,2020-09-05T18:52:04.654Z,sell,0.0001468,0.76,0.000111568
GVT/BTC,1599331924654,2020-09-05T18:52:04.654Z,sell,0.0001467,120.0,0.0176039999999999
GVT/BTC,1599331924654,2020-09-05T18:52:04.654Z,sell,0.0001466,154.85,0.02270101
GVT/BTC,1599331924654,2020-09-05T18:52:04.654Z,sell,0.0001466,437.3,0.06410818
GVT/BTC,1599331926566,2020-09-05T18:52:06.566Z,sell,0.0001468,13.03,0.0019128039999999
GVT/BTC,1599331927135,2020-09-05T18:52:07.135Z,buy,0.0001472,88.21,0.0129845119999999
GVT/BTC,1599331927137,2020-09-05T18:52:07.137Z,buy,0.0001472,136.45,0.02008544
GVT/BTC,1599331929761,2020-09-05T18:52:09.761Z,buy,0.0001472,174.45,0.0256790399999999
GVT/BTC,1599331931106,2020-09-05T18:52:11.106Z,sell,0.0001466,185.6,0.02720896
GVT/BTC,1599331931106,2020-09-05T18:52:11.106Z,sell,0.0001465,184.68,0.02705562
GVT/BTC,1599331931106,2020-09-05T18:52:11.106Z,sell,0.0001464,1224.3,0.17923752
GVT/BTC,1599331931551,2020-09-05T18:52:11.551Z,sell,0.0001465,26.35,0.003860275
GVT/BTC,1599331931615,2020-09-05T18:52:11.615Z,buy,0.0001468,0.76,0.000111568
GVT/BTC,1599331932675,2020-09-05T18:52:12.675Z,sell,0.0001465,9.48,0.00138882
GVT/BTC,1599331932675,2020-09-05T18:52:12.675Z,sell,0.0001464,2.47,0.000361608
GVT/BTC,1599331934197,2020-09-05T18:52:14.197Z,sell,0.0001464,4636.28,0.678751392
GVT/BTC,1599331935453,2020-09-05T18:52:15.453Z,sell,0.0001461,3.58,0.000523038
GVT/BTC,1599331935453,2020-09-05T18:52:15.453Z,sell,0.000146,22.03,0.00321638
GVT/BTC,1599331935583,2020-09-05T18:52:15.583Z,sell,0.000146,29.96,0.00437416
GVT/BTC,1599331937809,2020-09-05T18:52:17.809Z,sell,0.000146,58.25,0.0085045
GVT/BTC,1599331938662,2020-09-05T18:52:18.662Z,sell,0.0001462,13.62,0.001991244
GVT/BTC,1599331938662,2020-09-05T18:52:18.662Z,sell,0.0001461,51.64,0.007544604
GVT/BTC,1599331942279,2020-09-05T18:52:22.279Z,sell,0.000146,626.67,0.0914938199999999
GVT/BTC,1599331946291,2020-09-05T18:52:26.291Z,sell,0.0001457,13.68,0.0019931759999999
GVT/BTC,1599331946497,2020-09-05T18:52:26.497Z,sell,0.0001456,1.23,0.000179088
GVT/BTC,1599331946543,2020-09-05T18:52:26.543Z,sell,0.0001456,2.37,0.000345072
GVT/BTC,1599331947387,2020-09-05T18:52:27.387Z,sell,0.0001454,8.53,0.001240262
GVT/BTC,1599331947387,2020-09-05T18:52:27.387Z,sell,0.0001453,4.92,0.000714876
GVT/BTC,1599331947912,2020-09-05T18:52:27.912Z,sell,0.0001453,3.81,0.000553593
GVT/BTC,1599331947992,2020-09-05T18:52:27.992Z,sell,0.0001454,7.14,0.001038156
GVT/BTC,1599331948364,2020-09-05T18:52:28.364Z,buy,0.0001457,13.62,0.0019844339999999
GVT/BTC,1599331948364,2020-09-05T18:52:28.364Z,buy,0.0001458,0.95,0.00013851
GVT/BTC,1599331948943,2020-09-05T18:52:28.943Z,sell,0.0001454,1.63,0.000237002
GVT/BTC,1599331953133,2020-09-05T18:52:33.133Z,sell,0.0001454,4.94,0.000718276
GVT/BTC,1599331953147,2020-09-05T18:52:33.147Z,buy,0.0001454,2.37,0.000344598
GVT/BTC,1599331954384,2020-09-05T18:52:34.384Z,sell,0.0001453,340.3,0.04944559
GVT/BTC,1599331955480,2020-09-05T18:52:35.480Z,sell,0.0001451,8.61,0.001249311
GVT/BTC,1599331957022,2020-09-05T18:52:37.022Z,buy,0.0001454,2.54,0.000369316
GVT/BTC,1599331957287,2020-09-05T18:52:37.287Z,sell,0.000145,31.17,0.00451965
GVT/BTC,1599331958309,2020-09-05T18:52:38.309Z,sell,0.0001449,21.99,0.0031863509999999
GVT/BTC,1599331961299,2020-09-05T18:52:41.299Z,buy,0.0001447,110.05,0.015924235
GVT/BTC,1599331961299,2020-09-05T18:52:41.299Z,buy,0.0001448,25.27,0.0036590959999999
GVT/BTC,1599331961299,2020-09-05T18:52:41.299Z,buy,0.000145,25.56,0.0037061999999999
GVT/BTC,1599331961515,2020-09-05T18:52:41.515Z,sell,0.0001448,3.44,0.000498112
GVT/BTC,1599331961515,2020-09-05T18:52:41.515Z,sell,0.0001446,13.78,0.001992588
GVT/BTC,1599331962602,2020-09-05T18:52:42.602Z,buy,0.0001446,0.84,0.0001214639999999
GVT/BTC,1599331962890,2020-09-05T18:52:42.890Z,sell,0.0001445,60.78,0.0087827099999999
GVT/BTC,1599331964195,2020-09-05T18:52:44.195Z,sell,0.0001444,342.37,0.049438228
GVT/BTC,1599331964381,2020-09-05T18:52:44.381Z,sell,0.0001443,5.17,0.000746031
GVT/BTC,1599331964636,2020-09-05T18:52:44.636Z,sell,0.0001439,13.86,0.001994454
GVT/BTC,1599331965885,2020-09-05T18:52:45.885Z,sell,0.0001438,173.54,0.024955052
GVT/BTC,1599331966146,2020-09-05T18:52:46.146Z,buy,0.0001439,8.35,0.001201565
GVT/BTC,1599331966146,2020-09-05T18:52:46.146Z,buy,0.0001442,1.83,0.000263886
GVT/BTC,1599331966146,2020-09-05T18:52:46.146Z,buy,0.0001443,7.99,0.001152957
GVT/BTC,1599331966146,2020-09-05T18:52:46.146Z,buy,0.0001445,120.0,0.0173399999999999
GVT/BTC,1599331966146,2020-09-05T18:52:46.146Z,buy,0.0001446,253.07,0.0365939219999999
GVT/BTC,1599331966859,2020-09-05T18:52:46.859Z,sell,0.0001448,107.47,0.015561656
GVT/BTC,1599331969096,2020-09-05T18:52:49.096Z,buy,0.0001456,1.26,0.000183456
GVT/BTC,1599331970592,2020-09-05T18:52:50.592Z,sell,0.0001449,13.72,0.001988028
GVT/BTC,1599331977994,2020-09-05T18:52:57.994Z,buy,0.0001454,26.38,0.003835652
GVT/BTC,1599331977994,2020-09-05T18:52:57.994Z,buy,0.0001456,120.0,0.0174719999999999
GVT/BTC,1599331977994,2020-09-05T18:52:57.994Z,buy,0.0001457,141.24,0.020578668
GVT/BTC,1599331978098,2020-09-05T18:52:58.098Z,sell,0.0001457,2320.61,0.338112877
GVT/BTC,1599331982945,2020-09-05T18:53:02.945Z,buy,0.0001457,13.72,0.001999004
GVT/BTC,1599331983011,2020-09-05T18:53:03.011Z,sell,0.0001457,1415.56,0.2062470919999999
GVT/BTC,1599331983263,2020-09-05T18:53:03.263Z,buy,0.0001458,1.37,0.000199746
GVT/BTC,1599331983325,2020-09-05T18:53:03.325Z,buy,0.0001458,2.24,0.000326592
GVT/BTC,1599331983960,2020-09-05T18:53:03.960Z,buy,0.0001463,3.6,0.00052668
GVT/BTC,1599331984051,2020-09-05T18:53:04.051Z,buy,0.0001468,0.81,0.000118908
GVT/BTC,1599331985883,2020-09-05T18:53:05.883Z,buy,0.0001468,2.12,0.000311216
GVT/BTC,1599331995307,2020-09-05T18:53:15.307Z,sell,0.0001461,167.68,0.024498048
GVT/BTC,1599331995307,2020-09-05T18:53:15.307Z,sell,0.000146,5.86,0.00085556
GVT/BTC,1599331998390,2020-09-05T18:53:18.390Z,buy,0.0001468,0.65,9.542e-05
GVT/BTC,1599331998390,2020-09-05T18:53:18.390Z,buy,0.000147,18.31,0.00269157
GVT/BTC,1599331999759,2020-09-05T18:53:19.759Z,buy,0.0001469,19.01,0.002792569
GVT/BTC,1599332001332,2020-09-05T18:53:21.332Z,buy,0.0001469,19.87,0.002918903
GVT/BTC,1599332006931,2020-09-05T18:53:26.931Z,buy,0.0001469,8.8,0.00129272
GVT/BTC,1599332007036,2020-09-05T18:53:27.036Z,sell,0.0001469,1.86,0.000273234
GVT/BTC,1599332007036,2020-09-05T18:53:27.036Z,sell,0.0001465,10.96,0.00160564
GVT/BTC,1599332007810,2020-09-05T18:53:27.810Z,sell,0.0001461,171.19,0.025010859
GVT/BTC,1599332007810,2020-09-05T18:53:27.810Z,sell,0.000146,38.06,0.00555676
GVT/BTC,1599332009071,2020-09-05T18:53:29.071Z,sell,0.000146,244.84,0.03574664
GVT/BTC,1599332018020,2020-09-05T18:53:38.020Z,sell,0.0001457,1.26,0.0001835819999999
GVT/BTC,1599332018020,2020-09-05T18:53:38.020Z,sell,0.0001456,15.4,0.00224224
GVT/BTC,1599332019420,2020-09-05T18:53:39.420Z,sell,0.0001452,47.91,0.006956532
GVT/BTC,1599332020461,2020-09-05T18:53:40.461Z,sell,0.0001451,3.61,0.000523811
GVT/BTC,1599332020461,2020-09-05T18:53:40.461Z,sell,0.0001449,12.52,0.001814148
GVT/BTC,1599332020472,2020-09-05T18:53:40.472Z,sell,0.0001449,540.76,0.078356124
GVT/BTC,1599332020573,2020-09-05T18:53:40.573Z,sell,0.0001448,34.09,0.004936232
GVT/BTC,1599332020573,2020-09-05T18:53:40.573Z,sell,0.0001443,1.88,0.000271284
GVT/BTC,1599332020573,2020-09-05T18:53:40.573Z,sell,0.0001442,167.21,0.024111682
GVT/BTC,1599332020573,2020-09-05T18:53:40.573Z,sell,0.0001442,160.08,0.023083536
GVT/BTC,1599332020581,2020-09-05T18:53:40.581Z,sell,0.0001442,104.73,0.015102066
GVT/BTC,1599332020785,2020-09-05T18:53:40.785Z,sell,0.0001442,91.98,0.013263516
GVT/BTC,1599332020845,2020-09-05T18:53:40.845Z,sell,0.0001442,195.74,0.028225708
GVT/BTC,1599332020845,2020-09-05T18:53:40.845Z,sell,0.0001442,164.62,0.023738204
GVT/BTC,1599332020852,2020-09-05T18:53:40.852Z,sell,0.0001442,203.18,0.029298556
GVT/BTC,1599332020852,2020-09-05T18:53:40.852Z,sell,0.0001442,203.18,0.029298556
GVT/BTC,1599332020854,2020-09-05T18:53:40.854Z,sell,0.0001442,203.18,0.029298556
GVT/BTC,1599332020854,2020-09-05T18:53:40.854Z,sell,0.0001442,38.54,0.005557468
GVT/BTC,1599332021312,2020-09-05T18:53:41.312Z,sell,0.0001442,195.74,0.028225708
GVT/BTC,1599332027395,2020-09-05T18:53:47.395Z,sell,0.0001442,88.21,0.012719882
GVT/BTC,1599332027628,2020-09-05T18:53:47.628Z,sell,0.0001442,81.56,0.011760952
GVT/BTC,1599332027733,2020-09-05T18:53:47.733Z,sell,0.0001442,486.39,0.070137438
GVT/BTC,1599332029029,2020-09-05T18:53:49.029Z,sell,0.0001442,12.26,0.001767892
GVT/BTC,1599332029031,2020-09-05T18:53:49.031Z,sell,0.0001442,65.78,0.009485476
GVT/BTC,1599332034610,2020-09-05T18:53:54.610Z,sell,0.0001442,9.99,0.001440558
GVT/BTC,1599332047210,2020-09-05T18:54:07.210Z,sell,0.0001442,151.28,0.021814576
GVT/BTC,1599332047287,2020-09-05T18:54:07.287Z,sell,0.0001443,48.01,0.006927843
GVT/BTC,1599332047287,2020-09-05T18:54:07.287Z,sell,0.0001442,389.29,0.056135618
GVT/BTC,1599332047519,2020-09-05T18:54:07.519Z,sell,0.0001442,70.0,0.010094
GVT/BTC,1599332048205,2020-09-05T18:54:08.205Z,buy,0.0001458,12.41,0.001809378
GVT/BTC,1599332048205,2020-09-05T18:54:08.205Z,buy,0.0001459,21.54,0.0031426859999999
GVT/BTC,1599332048205,2020-09-05T18:54:08.205Z,buy,0.000146,7.46,0.00108916
GVT/BTC,1599332054610,2020-09-05T18:54:14.610Z,sell,0.0001442,161.76,0.023325792
GVT/BTC,1599332061204,2020-09-05T18:54:21.204Z,sell,0.0001451,3.61,0.000523811
GVT/BTC,1599332061204,2020-09-05T18:54:21.204Z,sell,0.0001442,54.64,0.007879088
GVT/BTC,1599332062167,2020-09-05T18:54:22.167Z,buy,0.0001458,24.3,0.00354294
GVT/BTC,1599332065355,2020-09-05T18:54:25.355Z,sell,0.0001453,36.01,0.005232253
GVT/BTC,1599332065355,2020-09-05T18:54:25.355Z,sell,0.0001442,269.87,0.038915254
GVT/BTC,1599332065355,2020-09-05T18:54:25.355Z,sell,0.0001437,6.23,0.000895251
GVT/BTC,1599332065355,2020-09-05T18:54:25.355Z,sell,0.0001436,314.56,0.0451708159999999
GVT/BTC,1599332071423,2020-09-05T18:54:31.423Z,buy,0.0001454,3.42,0.000497268
GVT/BTC,1599332072364,2020-09-05T18:54:32.364Z,sell,0.0001436,99.13,0.0142350679999999
GVT/BTC,1599332072364,2020-09-05T18:54:32.364Z,sell,0.0001435,0.99,0.000142065
GVT/BTC,1599332072364,2020-09-05T18:54:32.364Z,sell,0.0001433,0.77,0.0001103409999999
GVT/BTC,1599332072364,2020-09-05T18:54:32.364Z,sell,0.0001425,70.05,0.009982125
GVT/BTC,1599332072364,2020-09-05T18:54:32.364Z,sell,0.0001424,5.6,0.00079744
GVT/BTC,1599332072364,2020-09-05T18:54:32.364Z,sell,0.0001423,35.13,0.004998999
GVT/BTC,1599332072364,2020-09-05T18:54:32.364Z,sell,0.0001422,0.75,0.0001066499999999
GVT/BTC,1599332072364,2020-09-05T18:54:32.364Z,sell,0.000142,10.96,0.00155632
GVT/BTC,1599332072364,2020-09-05T18:54:32.364Z,sell,0.0001416,280.15,0.0396692399999999
GVT/BTC,1599332073778,2020-09-05T18:54:33.778Z,sell,0.0001436,3.81,0.0005471159999999
GVT/BTC,1599332073951,2020-09-05T18:54:33.951Z,sell,0.0001436,96.19,0.013812884
GVT/BTC,1599332075001,2020-09-05T18:54:35.001Z,buy,0.0001445,0.9,0.00013005
GVT/BTC,1599332077067,2020-09-05T18:54:37.067Z,buy,0.0001441,50.0,0.007205
GVT/BTC,1599332079171,2020-09-05T18:54:39.171Z,sell,0.0001417,25.0,0.0035425
GVT/BTC,1599332079171,2020-09-05T18:54:39.171Z,sell,0.0001416,96.09,0.013606344
GVT/BTC,1599332079171,2020-09-05T18:54:39.171Z,sell,0.0001415,39.93,0.005650095
GVT/BTC,1599332079171,2020-09-05T18:54:39.171Z,sell,0.0001414,179.28,0.025350192
GVT/BTC,1599332086201,2020-09-05T18:54:46.201Z,buy,0.0001416,246.22,0.034864752
GVT/BTC,1599332086517,2020-09-05T18:54:46.517Z,buy,0.0001425,2.71,0.000386175
GVT/BTC,1599332086517,2020-09-05T18:54:46.517Z,buy,0.0001427,4.36,0.000622172
GVT/BTC,1599332097317,2020-09-05T18:54:57.317Z,sell,0.0001414,128.91,0.0182278739999999
GVT/BTC,1599332097339,2020-09-05T18:54:57.339Z,sell,0.0001413,230.66,0.032592258
GVT/BTC,1599332097357,2020-09-05T18:54:57.357Z,sell,0.000141,18.86,0.00265926
GVT/BTC,1599332097846,2020-09-05T18:54:57.846Z,buy,0.0001409,44.08,0.006210872
GVT/BTC,1599332098347,2020-09-05T18:54:58.347Z,sell,0.0001407,2.37,0.000333459
GVT/BTC,1599332098363,2020-09-05T18:54:58.363Z,sell,0.0001406,178.19,0.025053514
GVT/BTC,1599332099348,2020-09-05T18:54:59.348Z,sell,0.0001404,7.81,0.001096524
GVT/BTC,1599332099381,2020-09-05T18:54:59.381Z,sell,0.0001403,10.3,0.00144509
GVT/BTC,1599332100119,2020-09-05T18:55:00.119Z,buy,0.0001409,120.0,0.016908
GVT/BTC,1599332100354,2020-09-05T18:55:00.354Z,sell,0.0001404,20.0,0.0028079999999999
GVT/BTC,1599332100778,2020-09-05T18:55:00.778Z,sell,0.0001406,18.55,0.00260813
GVT/BTC,1599332101147,2020-09-05T18:55:01.147Z,buy,0.0001407,33.16,0.0046656119999999
GVT/BTC,1599332101789,2020-09-05T18:55:01.789Z,buy,0.0001408,120.0,0.016896
GVT/BTC,1599332101789,2020-09-05T18:55:01.789Z,buy,0.0001409,253.59,0.035730831
GVT/BTC,1599332106465,2020-09-05T18:55:06.465Z,buy,0.0001409,39.03,0.005499327
GVT/BTC,1599332108139,2020-09-05T18:55:08.139Z,sell,0.0001406,0.01,1.406e-06
GVT/BTC,1599332108139,2020-09-05T18:55:08.139Z,sell,0.0001405,18.16,0.00255148
GVT/BTC,1599332108767,2020-09-05T18:55:08.767Z,buy,0.0001403,4.3,0.0006032899999999
GVT/BTC,1599332108869,2020-09-05T18:55:08.869Z,sell,0.0001405,15.7,0.00220585
GVT/BTC,1599332113320,2020-09-05T18:55:13.320Z,buy,0.0001409,80.97,0.011408673
GVT/BTC,1599332113320,2020-09-05T18:55:13.320Z,buy,0.000141,84.21,0.01187361
GVT/BTC,1599332117253,2020-09-05T18:55:17.253Z,buy,0.0001409,14.55,0.002050095
GVT/BTC,1599332120189,2020-09-05T18:55:20.189Z,buy,0.0001413,4.95,0.000699435
GVT/BTC,1599332120200,2020-09-05T18:55:20.200Z,buy,0.0001413,2.33,0.000329229
GVT/BTC,1599332120419,2020-09-05T18:55:20.419Z,buy,0.0001413,8.81,0.001244853
GVT/BTC,1599332121437,2020-09-05T18:55:21.437Z,buy,0.0001413,3.61,0.000510093
GVT/BTC,1599332122802,2020-09-05T18:55:22.802Z,buy,0.0001412,6.96,0.000982752
GVT/BTC,1599332126269,2020-09-05T18:55:26.269Z,buy,0.0001413,3.94,0.000556722
GVT/BTC,1599332126309,2020-09-05T18:55:26.309Z,sell,0.0001412,10.53,0.0014868359999999
GVT/BTC,1599332127160,2020-09-05T18:55:27.160Z,sell,0.0001401,61.73,0.0086483729999999
GVT/BTC,1599332131372,2020-09-05T18:55:31.372Z,buy,0.0001411,47.1,0.0066458099999999
GVT/BTC,1599332132369,2020-09-05T18:55:32.369Z,buy,0.0001413,3.94,0.000556722
GVT/BTC,1599332133376,2020-09-05T18:55:33.376Z,buy,0.0001413,3.94,0.000556722
GVT/BTC,1599332134378,2020-09-05T18:55:34.378Z,buy,0.0001413,3.94,0.000556722
GVT/BTC,1599332134444,2020-09-05T18:55:34.444Z,buy,0.0001413,3.75,0.000529875
GVT/BTC,1599332134444,2020-09-05T18:55:34.444Z,buy,0.0001414,41.7,0.00589638
GVT/BTC,1599332134644,2020-09-05T18:55:34.644Z,buy,0.0001414,40.64,0.005746496
GVT/BTC,1599332134693,2020-09-05T18:55:34.693Z,buy,0.0001414,5.49,0.000776286
GVT/BTC,1599332135381,2020-09-05T18:55:35.381Z,buy,0.0001415,32.89,0.004653935
GVT/BTC,1599332136374,2020-09-05T18:55:36.374Z,buy,0.0001415,3.65,0.000516475
GVT/BTC,1599332137369,2020-09-05T18:55:37.369Z,buy,0.0001415,128.69,0.018209635
GVT/BTC,1599332138605,2020-09-05T18:55:38.605Z,sell,0.0001414,120.93,0.017099502
GVT/BTC,1599332150980,2020-09-05T18:55:50.980Z,sell,0.0001413,467.59,0.066070467
GVT/BTC,1599332152184,2020-09-05T18:55:52.184Z,sell,0.0001413,254.66,0.0359834579999999
GVT/BTC,1599332156402,2020-09-05T18:55:56.402Z,sell,0.0001414,126.51,0.017888514
GVT/BTC,1599332159861,2020-09-05T18:55:59.861Z,sell,0.0001411,120.0,0.016932
GVT/BTC,1599332160195,2020-09-05T18:56:00.195Z,buy,0.0001415,100.13,0.0141683949999999
GVT/BTC,1599332161767,2020-09-05T18:56:01.767Z,buy,0.0001415,0.81,0.000114615
GVT/BTC,1599332162090,2020-09-05T18:56:02.090Z,buy,0.0001415,15.55,0.002200325
GVT/BTC,1599332162094,2020-09-05T18:56:02.094Z,buy,0.0001415,10.23,0.001447545
GVT/BTC,1599332162524,2020-09-05T18:56:02.524Z,buy,0.0001415,30.72,0.00434688
GVT/BTC,1599332164178,2020-09-05T18:56:04.178Z,buy,0.0001415,5.4,0.0007641
GVT/BTC,1599332164178,2020-09-05T18:56:04.178Z,buy,0.0001435,27.82,0.00399217
GVT/BTC,1599332176799,2020-09-05T18:56:16.799Z,sell,0.0001428,13.93,0.001989204
GVT/BTC,1599332177909,2020-09-05T18:56:17.909Z,buy,0.0001434,100.13,0.0143586419999999
GVT/BTC,1599332179336,2020-09-05T18:56:19.336Z,buy,0.0001432,1.89,0.000270648
GVT/BTC,1599332183962,2020-09-05T18:56:23.962Z,buy,0.000143,30.93,0.00442299
GVT/BTC,1599332188236,2020-09-05T18:56:28.236Z,buy,0.0001431,120.0,0.017172
GVT/BTC,1599332188236,2020-09-05T18:56:28.236Z,buy,0.0001432,107.37,0.015375384
GVT/BTC,1599332190393,2020-09-05T18:56:30.393Z,sell,0.000143,100.0,0.0143
GVT/BTC,1599332191396,2020-09-05T18:56:31.396Z,sell,0.0001425,1.04,0.0001482
GVT/BTC,1599332191396,2020-09-05T18:56:31.396Z,sell,0.0001423,13.96,0.001986508
GVT/BTC,1599332192056,2020-09-05T18:56:32.056Z,buy,0.000143,421.06,0.06021158
GVT/BTC,1599332192557,2020-09-05T18:56:32.557Z,buy,0.000143,287.28,0.04108104
GVT/BTC,1599332192557,2020-09-05T18:56:32.557Z,buy,0.0001431,13.93,0.001993383
GVT/BTC,1599332192557,2020-09-05T18:56:32.557Z,buy,0.0001432,11.67,0.001671144
GVT/BTC,1599332192557,2020-09-05T18:56:32.557Z,buy,0.0001435,176.24,0.02529044
GVT/BTC,1599332192557,2020-09-05T18:56:32.557Z,buy,0.0001436,178.43,0.025622548
GVT/BTC,1599332198839,2020-09-05T18:56:38.839Z,buy,0.0001435,0.91,0.0001305849999999
GVT/BTC,1599332199913,2020-09-05T18:56:39.913Z,buy,0.0001435,8.97,0.001287195
GVT/BTC,1599332201696,2020-09-05T18:56:41.696Z,buy,0.0001435,1.04,0.00014924
GVT/BTC,1599332201696,2020-09-05T18:56:41.696Z,buy,0.0001436,7.36,0.001056896
GVT/BTC,1599332204540,2020-09-05T18:56:44.540Z,sell,0.0001431,50.0,0.007155
GVT/BTC,1599332204613,2020-09-05T18:56:44.613Z,sell,0.0001431,70.0,0.010017
GVT/BTC,1599332205632,2020-09-05T18:56:45.632Z,sell,0.000143,47.22,0.00675246
GVT/BTC,1599332209835,2020-09-05T18:56:49.835Z,sell,0.000143,127.57,0.01824251
GVT/BTC,1599332222303,2020-09-05T18:57:02.303Z,buy,0.0001432,17.15,0.00245588
GVT/BTC,1599332222723,2020-09-05T18:57:02.723Z,buy,0.0001435,4.0,0.000574
GVT/BTC,1599332232218,2020-09-05T18:57:12.218Z,buy,0.0001435,9.94,0.0014263899999999
GVT/BTC,1599332237056,2020-09-05T18:57:17.056Z,buy,0.0001435,0.01,1.435e-06
GVT/BTC,1599332237056,2020-09-05T18:57:17.056Z,buy,0.0001436,4.11,0.000590196
GVT/BTC,1599332237071,2020-09-05T18:57:17.071Z,buy,0.0001436,7.02,0.0010080719999999
GVT/BTC,1599332238515,2020-09-05T18:57:18.515Z,buy,0.0001436,3.71,0.000532756
GVT/BTC,1599332241361,2020-09-05T18:57:21.361Z,buy,0.0001436,33.22,0.004770392
GVT/BTC,1599332254490,2020-09-05T18:57:34.490Z,buy,0.0001436,14.98,0.002151128
GVT/BTC,1599332254490,2020-09-05T18:57:34.490Z,buy,0.0001439,6.31,0.000908009
GVT/BTC,1599332254490,2020-09-05T18:57:34.490Z,buy,0.0001441,120.0,0.017292
GVT/BTC,1599332254490,2020-09-05T18:57:34.490Z,buy,0.0001442,408.86,0.058957612
GVT/BTC,1599332254502,2020-09-05T18:57:34.502Z,buy,0.0001443,42.22,0.006092346
GVT/BTC,1599332254503,2020-09-05T18:57:34.503Z,buy,0.0001443,42.22,0.006092346
GVT/BTC,1599332255753,2020-09-05T18:57:35.753Z,buy,0.0001443,72.28,0.010430004
GVT/BTC,1599332257251,2020-09-05T18:57:37.251Z,buy,0.0001443,42.22,0.006092346
GVT/BTC,1599332257502,2020-09-05T18:57:37.502Z,buy,0.0001443,42.22,0.006092346
GVT/BTC,1599332257502,2020-09-05T18:57:37.502Z,buy,0.0001443,42.22,0.006092346
GVT/BTC,1599332258100,2020-09-05T18:57:38.100Z,sell,0.0001442,208.35,0.03004407
GVT/BTC,1599332258120,2020-09-05T18:57:38.120Z,sell,0.0001442,106.08,0.015296736
GVT/BTC,1599332258458,2020-09-05T18:57:38.458Z,buy,0.0001443,12.16,0.001754688
GVT/BTC,1599332260237,2020-09-05T18:57:40.237Z,buy,0.0001443,66.2,0.00955266
GVT/BTC,1599332260506,2020-09-05T18:57:40.506Z,buy,0.0001443,9.68,0.001396824
GVT/BTC,1599332261317,2020-09-05T18:57:41.317Z,buy,0.0001443,50.7,0.00731601
GVT/BTC,1599332261317,2020-09-05T18:57:41.317Z,buy,0.0001445,23.99,0.0034665549999999
GVT/BTC,1599332261317,2020-09-05T18:57:41.317Z,buy,0.0001446,6.07,0.0008777219999999
GVT/BTC,1599332261317,2020-09-05T18:57:41.317Z,buy,0.0001449,18.16,0.002631384
GVT/BTC,1599332261317,2020-09-05T18:57:41.317Z,buy,0.000145,18.56,0.0026912
GVT/BTC,1599332261317,2020-09-05T18:57:41.317Z,buy,0.0001454,10.53,0.001531062
GVT/BTC,1599332261317,2020-09-05T18:57:41.317Z,buy,0.0001456,6.23,0.000907088
GVT/BTC,1599332261317,2020-09-05T18:57:41.317Z,buy,0.0001458,26.32,0.003837456
GVT/BTC,1599332265410,2020-09-05T18:57:45.410Z,sell,0.0001446,0.78,0.0001127879999999
GVT/BTC,1599332269049,2020-09-05T18:57:49.049Z,buy,0.0001459,91.13,0.013295867
GVT/BTC,1599332269523,2020-09-05T18:57:49.523Z,buy,0.000146,1.01,0.00014746
GVT/BTC,1599332270140,2020-09-05T18:57:50.140Z,buy,0.000146,15.95,0.0023287
GVT/BTC,1599332270140,2020-09-05T18:57:50.140Z,buy,0.0001461,9.66,0.001411326
GVT/BTC,1599332273044,2020-09-05T18:57:53.044Z,buy,0.0001461,0.01,1.461e-06
GVT/BTC,1599332273044,2020-09-05T18:57:53.044Z,buy,0.0001463,3.6,0.00052668
GVT/BTC,1599332273138,2020-09-05T18:57:53.138Z,buy,0.0001466,1.55,0.00022723
GVT/BTC,1599332276177,2020-09-05T18:57:56.177Z,sell,0.0001463,7.07,0.001034341
GVT/BTC,1599332282760,2020-09-05T18:58:02.760Z,buy,0.0001466,24.0,0.0035184
GVT/BTC,1599332282760,2020-09-05T18:58:02.760Z,buy,0.0001468,3.58,0.000525544
GVT/BTC,1599332293744,2020-09-05T18:58:13.744Z,buy,0.000147,7.17,0.0010539899999999
GVT/BTC,1599332297237,2020-09-05T18:58:17.237Z,buy,0.000147,0.75,0.00011025
GVT/BTC,1599332302522,2020-09-05T18:58:22.522Z,buy,0.000147,2.56,0.00037632
GVT/BTC,1599332302522,2020-09-05T18:58:22.522Z,buy,0.0001474,13.02,0.001919148
GVT/BTC,1599332302522,2020-09-05T18:58:22.522Z,buy,0.0001478,33.74,0.0049867719999999
GVT/BTC,1599332302522,2020-09-05T18:58:22.522Z,buy,0.0001479,15.05,0.002225895
GVT/BTC,1599332306162,2020-09-05T18:58:26.162Z,buy,0.0001479,89.65,0.013259235
GVT/BTC,1599332312493,2020-09-05T18:58:32.493Z,sell,0.0001479,0.77,0.000113883
GVT/BTC,1599332314111,2020-09-05T18:58:34.111Z,buy,0.0001484,3.55,0.00052682
GVT/BTC,1599332314111,2020-09-05T18:58:34.111Z,buy,0.0001487,90.5,0.01345735
GVT/BTC,1599332318234,2020-09-05T18:58:38.234Z,buy,0.0001489,0.71,0.0001057189999999
GVT/BTC,1599332319515,2020-09-05T18:58:39.515Z,sell,0.0001481,13.43,0.0019889829999999
GVT/BTC,1599332319515,2020-09-05T18:58:39.515Z,sell,0.000148,120.0,0.0177599999999999
GVT/BTC,1599332319515,2020-09-05T18:58:39.515Z,sell,0.0001479,31.75,0.004695825
GVT/BTC,1599332324810,2020-09-05T18:58:44.810Z,buy,0.0001488,1.83,0.000272304
GVT/BTC,1599332331972,2020-09-05T18:58:51.972Z,buy,0.0001488,11.6,0.00172608
GVT/BTC,1599332331972,2020-09-05T18:58:51.972Z,buy,0.0001489,2.83,0.0004213869999999
GVT/BTC,1599332332025,2020-09-05T18:58:52.025Z,buy,0.0001491,0.78,0.000116298
GVT/BTC,1599332341003,2020-09-05T18:59:01.003Z,buy,0.0001491,5.31,0.0007917209999999
GVT/BTC,1599332348485,2020-09-05T18:59:08.485Z,sell,0.0001491,86.6,0.0129120599999999
GVT/BTC,1599332348643,2020-09-05T18:59:08.643Z,sell,0.0001492,125.41,0.0187111719999999
GVT/BTC,1599332350276,2020-09-05T18:59:10.276Z,sell,0.0001492,34.87,0.0052026039999999
GVT/BTC,1599332352434,2020-09-05T18:59:12.434Z,buy,0.0001493,10.0,0.001493
GVT/BTC,1599332353472,2020-09-05T18:59:13.472Z,buy,0.0001493,11.89,0.001775177
GVT/BTC,1599332353591,2020-09-05T18:59:13.591Z,buy,0.0001494,3.52,0.000525888
GVT/BTC,1599332353591,2020-09-05T18:59:13.591Z,buy,0.0001496,12.94,0.001935824
GVT/BTC,1599332354679,2020-09-05T18:59:14.679Z,buy,0.0001497,24.28,0.003634716
GVT/BTC,1599332354679,2020-09-05T18:59:14.679Z,buy,0.0001498,19.24,0.002882152
GVT/BTC,1599332354737,2020-09-05T18:59:14.737Z,sell,0.0001494,185.18,0.027665892
GVT/BTC,1599332355705,2020-09-05T18:59:15.705Z,buy,0.0001498,28.45,0.00426181
GVT/BTC,1599332357486,2020-09-05T18:59:17.486Z,buy,0.0001498,19.24,0.002882152
GVT/BTC,1599332362286,2020-09-05T18:59:22.286Z,sell,0.0001486,13.35,0.00198381
GVT/BTC,1599332362691,2020-09-05T18:59:22.691Z,sell,0.0001485,21.67,0.003217995
GVT/BTC,1599332363086,2020-09-05T18:59:23.086Z,sell,0.0001478,3.98,0.0005882439999999
GVT/BTC,1599332363441,2020-09-05T18:59:23.441Z,buy,0.0001494,120.0,0.017928
GVT/BTC,1599332363441,2020-09-05T18:59:23.441Z,buy,0.0001495,240.75,0.035992125
GVT/BTC,1599332363496,2020-09-05T18:59:23.496Z,buy,0.0001497,84.24,0.012610728
GVT/BTC,1599332363496,2020-09-05T18:59:23.496Z,buy,0.0001498,10.03,0.001502494
GVT/BTC,1599332364499,2020-09-05T18:59:24.499Z,buy,0.0001498,50.12,0.007507976
GVT/BTC,1599332365688,2020-09-05T18:59:25.688Z,buy,0.0001498,19.24,0.002882152
GVT/BTC,1599332366885,2020-09-05T18:59:26.885Z,buy,0.0001498,19.24,0.002882152
GVT/BTC,1599332367790,2020-09-05T18:59:27.790Z,sell,0.0001497,326.17,0.048827649
GVT/BTC,1599332367790,2020-09-05T18:59:27.790Z,sell,0.0001496,350.14,0.052380944
GVT/BTC,1599332371047,2020-09-05T18:59:31.047Z,buy,0.0001498,48.45,0.00725781
GVT/BTC,1599332371047,2020-09-05T18:59:31.047Z,buy,0.0001499,9.21,0.001380579
GVT/BTC,1599332371047,2020-09-05T18:59:31.047Z,buy,0.0001501,14.17,0.002126917
GVT/BTC,1599332372094,2020-09-05T18:59:32.094Z,buy,0.0001503,25.36,0.0038116079999999
GVT/BTC,1599332372094,2020-09-05T18:59:32.094Z,buy,0.0001504,24.21,0.003641184
GVT/BTC,1599332373098,2020-09-05T18:59:33.098Z,buy,0.0001504,20.71,0.003114784
GVT/BTC,1599332374493,2020-09-05T18:59:34.493Z,buy,0.0001504,20.71,0.003114784
GVT/BTC,1599332375394,2020-09-05T18:59:35.394Z,sell,0.0001501,2.37,0.000355737
GVT/BTC,1599332388239,2020-09-05T18:59:48.239Z,buy,0.0001504,144.91,0.021794464
GVT/BTC,1599332388269,2020-09-05T18:59:48.269Z,buy,0.0001505,11.82,0.00177891
GVT/BTC,1599332388269,2020-09-05T18:59:48.269Z,buy,0.0001506,51.13,0.007700178
GVT/BTC,1599332388295,2020-09-05T18:59:48.295Z,buy,0.0001506,51.13,0.007700178
GVT/BTC,1599332388302,2020-09-05T18:59:48.302Z,buy,0.0001506,51.13,0.007700178
GVT/BTC,1599332389895,2020-09-05T18:59:49.895Z,buy,0.0001506,51.13,0.007700178
GVT/BTC,1599332390999,2020-09-05T18:59:50.999Z,buy,0.0001506,51.13,0.007700178
GVT/BTC,1599332391280,2020-09-05T18:59:51.280Z,buy,0.0001506,51.13,0.007700178
GVT/BTC,1599332392066,2020-09-05T18:59:52.066Z,buy,0.0001506,204.48,0.0307946879999999
GVT/BTC,1599332392892,2020-09-05T18:59:52.892Z,buy,0.0001508,25.22,0.003803176
GVT/BTC,1599332392892,2020-09-05T18:59:52.892Z,buy,0.0001509,6.02,0.000908418
GVT/BTC,1599332393103,2020-09-05T18:59:53.103Z,buy,0.000151,3.49,0.00052699
GVT/BTC,1599332393103,2020-09-05T18:59:53.103Z,buy,0.0001511,10.96,0.001656056
GVT/BTC,1599332398313,2020-09-05T18:59:58.313Z,buy,0.0001515,10.0,0.0015149999999999
GVT/BTC,1599332398914,2020-09-05T18:59:58.914Z,buy,0.0001515,8.46,0.00128169
GVT/BTC,1599332401627,2020-09-05T19:00:01.627Z,buy,0.0001515,349.49,0.052947735
GVT/BTC,1599332401644,2020-09-05T19:00:01.644Z,buy,0.0001515,0.95,0.000143925
GVT/BTC,1599332401957,2020-09-05T19:00:01.957Z,sell,0.0001513,7.28,0.001101464
GVT/BTC,1599332402303,2020-09-05T19:00:02.303Z,sell,0.0001513,41.41,0.0062653329999999
GVT/BTC,1599332403508,2020-09-05T19:00:03.508Z,buy,0.0001517,10.21,0.001548857
GVT/BTC,1599332404723,2020-09-05T19:00:04.723Z,sell,0.0001514,0.73,0.000110522
GVT/BTC,1599332405443,2020-09-05T19:00:05.443Z,buy,0.0001517,46.38,0.007035846
GVT/BTC,1599332405443,2020-09-05T19:00:05.443Z,buy,0.0001518,328.06,0.049799508
GVT/BTC,1599332405471,2020-09-05T19:00:05.471Z,buy,0.000152,38.44,0.00584288
GVT/BTC,1599332407836,2020-09-05T19:00:07.836Z,buy,0.000152,7.94,0.00120688
GVT/BTC,1599332408995,2020-09-05T19:00:08.995Z,buy,0.000152,7.23,0.00109896
GVT/BTC,1599332411823,2020-09-05T19:00:11.823Z,buy,0.000152,25.12,0.00381824
GVT/BTC,1599332411823,2020-09-05T19:00:11.823Z,buy,0.0001525,3.45,0.000526125
GVT/BTC,1599332411823,2020-09-05T19:00:11.823Z,buy,0.0001526,49.57,0.007564382
GVT/BTC,1599332411823,2020-09-05T19:00:11.823Z,buy,0.0001527,5.94,0.000907038
GVT/BTC,1599332411823,2020-09-05T19:00:11.823Z,buy,0.0001528,18.8,0.00287264
GVT/BTC,1599332411823,2020-09-05T19:00:11.823Z,buy,0.000153,3.44,0.00052632
GVT/BTC,1599332411823,2020-09-05T19:00:11.823Z,buy,0.0001531,12.62,0.0019321219999999
GVT/BTC,1599332411823,2020-09-05T19:00:11.823Z,buy,0.0001532,27.74,0.004249768
GVT/BTC,1599332411823,2020-09-05T19:00:11.823Z,buy,0.0001534,6.4,0.00098176
GVT/BTC,1599332415785,2020-09-05T19:00:15.785Z,buy,0.0001533,13.36,0.002048088
GVT/BTC,1599332419302,2020-09-05T19:00:19.302Z,sell,0.0001534,120.0,0.0184079999999999
GVT/BTC,1599332419302,2020-09-05T19:00:19.302Z,sell,0.0001533,40.88,0.006266904
GVT/BTC,1599332420068,2020-09-05T19:00:20.068Z,sell,0.0001533,109.35,0.016763355
GVT/BTC,1599332420068,2020-09-05T19:00:20.068Z,sell,0.0001524,13.04,0.001987296
GVT/BTC,1599332420068,2020-09-05T19:00:20.068Z,sell,0.0001519,38.17,0.005798023
GVT/BTC,1599332421135,2020-09-05T19:00:21.135Z,buy,0.0001533,120.0,0.018396
GVT/BTC,1599332421135,2020-09-05T19:00:21.135Z,buy,0.0001534,331.7,0.0508827799999999
GVT/BTC,1599332421135,2020-09-05T19:00:21.135Z,buy,0.0001535,25.31,0.0038850849999999
GVT/BTC,1599332421135,2020-09-05T19:00:21.135Z,buy,0.0001536,3.43,0.000526848
GVT/BTC,1599332421135,2020-09-05T19:00:21.135Z,buy,0.0001538,10.0,0.0015379999999999
GVT/BTC,1599332422313,2020-09-05T19:00:22.313Z,sell,0.000154,120.0,0.01848
GVT/BTC,1599332424915,2020-09-05T19:00:24.915Z,sell,0.000154,94.82,0.0146022799999999
GVT/BTC,1599332426939,2020-09-05T19:00:26.939Z,buy,0.0001541,3.42,0.000527022
GVT/BTC,1599332427015,2020-09-05T19:00:27.015Z,sell,0.0001541,6.58,0.001013978
GVT/BTC,1599332436728,2020-09-05T19:00:36.728Z,sell,0.0001541,403.54,0.062185514
GVT/BTC,1599332436748,2020-09-05T19:00:36.748Z,sell,0.0001539,12.94,0.001991466
GVT/BTC,1599332438160,2020-09-05T19:00:38.160Z,buy,0.0001544,13.04,0.002013376
GVT/BTC,1599332438160,2020-09-05T19:00:38.160Z,buy,0.0001545,5.88,0.0009084599999999
GVT/BTC,1599332438160,2020-09-05T19:00:38.160Z,buy,0.0001546,3.4,0.00052564
GVT/BTC,1599332438160,2020-09-05T19:00:38.160Z,buy,0.0001547,130.48,0.020185256
GVT/BTC,1599332438160,2020-09-05T19:00:38.160Z,buy,0.0001548,359.53,0.0556552439999999
GVT/BTC,1599332448731,2020-09-05T19:00:48.731Z,sell,0.000154,248.32,0.03824128
GVT/BTC,1599332448923,2020-09-05T19:00:48.923Z,buy,0.0001546,12.93,0.0019989779999999
GVT/BTC,1599332448923,2020-09-05T19:00:48.923Z,buy,0.0001547,43.61,0.006746467
GVT/BTC,1599332448923,2020-09-05T19:00:48.923Z,buy,0.0001548,645.99,0.099999252
GVT/BTC,1599332449034,2020-09-05T19:00:49.034Z,sell,0.0001548,121.25,0.0187694999999999
GVT/BTC,1599332460857,2020-09-05T19:01:00.857Z,buy,0.0001548,139.88,0.0216534239999999
GVT/BTC,1599332462407,2020-09-05T19:01:02.407Z,buy,0.0001548,65.0,0.010062
GVT/BTC,1599332465932,2020-09-05T19:01:05.932Z,sell,0.0001547,12.5,0.00193375
GVT/BTC,1599332466934,2020-09-05T19:01:06.934Z,sell,0.0001542,12.91,0.001990722
GVT/BTC,1599332467935,2020-09-05T19:01:07.935Z,sell,0.0001541,118.03,0.018188423
GVT/BTC,1599332468066,2020-09-05T19:01:08.066Z,buy,0.0001546,12.91,0.001995886
GVT/BTC,1599332468066,2020-09-05T19:01:08.066Z,buy,0.0001547,232.19,0.035919793
GVT/BTC,1599332468066,2020-09-05T19:01:08.066Z,buy,0.0001548,528.61,0.081828828
GVT/BTC,1599332468192,2020-09-05T19:01:08.192Z,sell,0.0001548,34.09,0.005277132
GVT/BTC,1599332468934,2020-09-05T19:01:08.934Z,sell,0.0001548,0.72,0.000111456
GVT/BTC,1599332468940,2020-09-05T19:01:08.940Z,buy,0.0001549,2.52,0.000390348
GVT/BTC,1599332469939,2020-09-05T19:01:09.939Z,buy,0.0001549,2.52,0.000390348
GVT/BTC,1599332470937,2020-09-05T19:01:10.937Z,sell,0.0001548,2996.47,0.4638535559999999
GVT/BTC,1599332470947,2020-09-05T19:01:10.947Z,buy,0.0001549,2.52,0.000390348
GVT/BTC,1599332470950,2020-09-05T19:01:10.950Z,sell,0.0001548,75.0,0.0116099999999999
GVT/BTC,1599332482948,2020-09-05T19:01:22.948Z,buy,0.0001549,2.52,0.000390348
GVT/BTC,1599332483209,2020-09-05T19:01:23.209Z,sell,0.0001548,7.17,0.0011099159999999
GVT/BTC,1599332483941,2020-09-05T19:01:23.941Z,buy,0.0001549,2.52,0.000390348
GVT/BTC,1599332484958,2020-09-05T19:01:24.958Z,buy,0.0001549,2.52,0.000390348
GVT/BTC,1599332485963,2020-09-05T19:01:25.963Z,buy,0.0001549,2.52,0.000390348
GVT/BTC,1599332486980,2020-09-05T19:01:26.980Z,buy,0.0001549,2.52,0.000390348
GVT/BTC,1599332487985,2020-09-05T19:01:27.985Z,buy,0.0001549,2.52,0.000390348
GVT/BTC,1599332488981,2020-09-05T19:01:28.981Z,buy,0.0001549,2.45,0.000379505
GVT/BTC,1599332492048,2020-09-05T19:01:32.048Z,buy,0.0001551,4.83,0.000749133
GVT/BTC,1599332492159,2020-09-05T19:01:32.159Z,buy,0.0001552,3.39,0.000526128
GVT/BTC,1599332492159,2020-09-05T19:01:32.159Z,buy,0.0001557,3.38,0.000526266
GVT/BTC,1599332492159,2020-09-05T19:01:32.159Z,buy,0.0001561,117.02,0.018266822
GVT/BTC,1599332495743,2020-09-05T19:01:35.743Z,sell,0.0001559,10.86,0.001693074
GVT/BTC,1599332495750,2020-09-05T19:01:35.750Z,buy,0.0001561,9.73,0.001518853
GVT/BTC,1599332502200,2020-09-05T19:01:42.200Z,sell,0.0001553,12.82,0.001990946
GVT/BTC,1599332502208,2020-09-05T19:01:42.208Z,buy,0.0001561,111.28,0.017370808
GVT/BTC,1599332502260,2020-09-05T19:01:42.260Z,sell,0.0001561,87.31,0.013629091
GVT/BTC,1599332503207,2020-09-05T19:01:43.207Z,sell,0.0001561,12.96,0.002023056
GVT/BTC,1599332504417,2020-09-05T19:01:44.417Z,buy,0.0001562,232.48,0.036313376
GVT/BTC,1599332507227,2020-09-05T19:01:47.227Z,buy,0.0001562,117.79,0.018398798
GVT/BTC,1599332512503,2020-09-05T19:01:52.503Z,buy,0.0001562,249.48,0.038968776
GVT/BTC,1599332521895,2020-09-05T19:02:01.895Z,buy,0.0001563,7.01,0.001095663
GVT/BTC,1599332524345,2020-09-05T19:02:04.345Z,sell,0.0001562,179.17,0.0279863539999999
GVT/BTC,1599332525560,2020-09-05T19:02:05.560Z,buy,0.0001562,12.81,0.002000922
GVT/BTC,1599332525560,2020-09-05T19:02:05.560Z,buy,0.0001563,40.3,0.00629889
GVT/BTC,1599332527610,2020-09-05T19:02:07.610Z,sell,0.0001547,3.41,0.000527527
GVT/BTC,1599332534426,2020-09-05T19:02:14.426Z,sell,0.0001547,9.38,0.001451086
GVT/BTC,1599332534426,2020-09-05T19:02:14.426Z,sell,0.0001546,3.91,0.000604486
GVT/BTC,1599332534426,2020-09-05T19:02:14.426Z,sell,0.0001545,81.53,0.012596385
GVT/BTC,1599332549362,2020-09-05T19:02:29.362Z,sell,0.0001549,12.8,0.00198272
GVT/BTC,1599332549362,2020-09-05T19:02:29.362Z,sell,0.0001548,20.42,0.003161016
GVT/BTC,1599332549586,2020-09-05T19:02:29.586Z,sell,0.0001548,99.58,0.015414984
GVT/BTC,1599332549586,2020-09-05T19:02:29.586Z,sell,0.0001547,127.79,0.019769113
GVT/BTC,1599332549619,2020-09-05T19:02:29.619Z,sell,0.0001547,103.33,0.015985151
GVT/BTC,1599332549619,2020-09-05T19:02:29.619Z,sell,0.0001546,177.35,0.0274183099999999
GVT/BTC,1599332549619,2020-09-05T19:02:29.619Z,sell,0.0001545,18.05,0.0027887249999999
GVT/BTC,1599332549619,2020-09-05T19:02:29.619Z,sell,0.0001543,20.33,0.0031369189999999
GVT/BTC,1599332549619,2020-09-05T19:02:29.619Z,sell,0.0001539,203.38,0.031300182
GVT/BTC,1599332549619,2020-09-05T19:02:29.619Z,sell,0.0001537,145.11,0.022303407
GVT/BTC,1599332549742,2020-09-05T19:02:29.742Z,sell,0.0001537,100.13,0.0153899809999999
GVT/BTC,1599332559287,2020-09-05T19:02:39.287Z,buy,0.0001549,37.96,0.005880004
GVT/BTC,1599332562118,2020-09-05T19:02:42.118Z,buy,0.0001549,142.18,0.022023682
GVT/BTC,1599332562118,2020-09-05T19:02:42.118Z,buy,0.000155,9.35,0.00144925
GVT/BTC,1599332564562,2020-09-05T19:02:44.562Z,sell,0.0001543,12.9,0.00199047
GVT/BTC,1599332564562,2020-09-05T19:02:44.562Z,sell,0.0001542,20.32,0.003133344
GVT/BTC,1599332564562,2020-09-05T19:02:44.562Z,sell,0.0001542,4.25,0.00065535
GVT/BTC,1599332567644,2020-09-05T19:02:47.644Z,sell,0.0001543,12.9,0.00199047
GVT/BTC,1599332567644,2020-09-05T19:02:47.644Z,sell,0.0001538,55.48,0.008532824
GVT/BTC,1599332567892,2020-09-05T19:02:47.892Z,sell,0.0001539,9.68,0.001489752
GVT/BTC,1599332576613,2020-09-05T19:02:56.613Z,sell,0.0001542,4.91,0.000757122
GVT/BTC,1599332576613,2020-09-05T19:02:56.613Z,sell,0.000154,2.32,0.0003572799999999
GVT/BTC,1599332581759,2020-09-05T19:03:01.759Z,sell,0.0001542,100.13,0.015440046
GVT/BTC,1599332622436,2020-09-05T19:03:42.436Z,sell,0.0001545,232.85,0.0359753249999999
GVT/BTC,1599332622618,2020-09-05T19:03:42.618Z,buy,0.0001547,0.86,0.000133042
GVT/BTC,1599332624292,2020-09-05T19:03:44.292Z,sell,0.0001545,235.88,0.03644346
GVT/BTC,1599332630264,2020-09-05T19:03:50.264Z,sell,0.0001545,58.26,0.00900117
GVT/BTC,1599332676900,2020-09-05T19:04:36.900Z,sell,0.0001542,270.02,0.041637084
GVT/BTC,1599332681379,2020-09-05T19:04:41.379Z,sell,0.0001542,375.67,0.057928314
GVT/BTC,1599332681397,2020-09-05T19:04:41.397Z,buy,0.0001544,18.63,0.002876472
GVT/BTC,1599332685768,2020-09-05T19:04:45.768Z,sell,0.0001542,26.89,0.004146438
GVT/BTC,1599332687216,2020-09-05T19:04:47.216Z,buy,0.0001544,101.37,0.015651528
GVT/BTC,1599332688184,2020-09-05T19:04:48.184Z,sell,0.0001544,1.63,0.000251672
GVT/BTC,1599332688184,2020-09-05T19:04:48.184Z,sell,0.0001542,115.88,0.017868696
GVT/BTC,1599332709723,2020-09-05T19:05:09.723Z,buy,0.0001544,3.39,0.000523416
GVT/BTC,1599332709921,2020-09-05T19:05:09.921Z,buy,0.0001544,3.38,0.000521872
GVT/BTC,1599332710316,2020-09-05T19:05:10.316Z,buy,0.0001544,3.37,0.000520328
GVT/BTC,1599332714333,2020-09-05T19:05:14.333Z,buy,0.0001543,111.56,0.017213708
GVT/BTC,1599332714333,2020-09-05T19:05:14.333Z,buy,0.0001544,39.22,0.006055568
GVT/BTC,1599332724121,2020-09-05T19:05:24.121Z,sell,0.0001542,1.63,0.000251346
GVT/BTC,1599332724121,2020-09-05T19:05:24.121Z,sell,0.0001541,4.75,0.000731975
GVT/BTC,1599332769978,2020-09-05T19:06:09.978Z,sell,0.0001542,25.99,0.004007658
GVT/BTC,1599332769978,2020-09-05T19:06:09.978Z,sell,0.0001541,19.6,0.00302036
GVT/BTC,1599332781054,2020-09-05T19:06:21.054Z,sell,0.0001542,103.72,0.015993624
GVT/BTC,1599332792424,2020-09-05T19:06:32.424Z,sell,0.0001541,6.41,0.000987781
GVT/BTC,1599332792424,2020-09-05T19:06:32.424Z,sell,0.0001539,15.9,0.00244701
GVT/BTC,1599332792424,2020-09-05T19:06:32.424Z,sell,0.0001538,3.4,0.00052292
GVT/BTC,1599332792424,2020-09-05T19:06:32.424Z,sell,0.0001533,3.42,0.000524286
GVT/BTC,1599332792424,2020-09-05T19:06:32.424Z,sell,0.0001529,1.8,0.00027522
GVT/BTC,1599332826412,2020-09-05T19:07:06.412Z,sell,0.0001535,115.5,0.01772925
GVT/BTC,1599332826412,2020-09-05T19:07:06.412Z,sell,0.0001534,12.98,0.001991132
GVT/BTC,1599332826412,2020-09-05T19:07:06.412Z,sell,0.0001529,22.24,0.003400496
GVT/BTC,1599332855617,2020-09-05T19:07:35.617Z,buy,0.0001536,11.77,0.0018078719999999
GVT/BTC,1599332862169,2020-09-05T19:07:42.169Z,buy,0.0001536,0.26,3.9936e-05
GVT/BTC,1599332862169,2020-09-05T19:07:42.169Z,buy,0.0001537,80.37,0.012352869
GVT/BTC,1599332862169,2020-09-05T19:07:42.169Z,buy,0.0001541,3.42,0.000527022
GVT/BTC,1599332862169,2020-09-05T19:07:42.169Z,buy,0.0001543,67.22,0.010372046
GVT/BTC,1599332862169,2020-09-05T19:07:42.169Z,buy,0.0001536,0.26,3.9936e-05
GVT/BTC,1599332862169,2020-09-05T19:07:42.169Z,buy,0.0001537,80.37,0.012352869
GVT/BTC,1599332862169,2020-09-05T19:07:42.169Z,buy,0.0001541,3.42,0.000527022
GVT/BTC,1599332862169,2020-09-05T19:07:42.169Z,buy,0.0001543,67.22,0.010372046
GVT/BTC,1599332888546,2020-09-05T19:08:08.546Z,buy,0.0001541,1.05,0.000161805
GVT/BTC,1599332902882,2020-09-05T19:08:22.882Z,sell,0.0001537,0.79,0.000121423
GVT/BTC,1599332902907,2020-09-05T19:08:22.907Z,buy,0.0001538,4.79,0.000736702
GVT/BTC,1599332913572,2020-09-05T19:08:33.572Z,buy,0.0001538,1.5,0.0002307
GVT/BTC,1599332946375,2020-09-05T19:09:06.375Z,sell,0.0001537,12.22,0.001878214
GVT/BTC,1599332959412,2020-09-05T19:09:19.412Z,sell,0.0001536,1.32,0.000202752
GVT/BTC,1599332960327,2020-09-05T19:09:20.327Z,sell,0.0001536,3.0,0.0004608
GVT/BTC,1599332974680,2020-09-05T19:09:34.680Z,buy,0.0001537,1.46,0.0002244019999999
GVT/BTC,1599332979509,2020-09-05T19:09:39.509Z,buy,0.0001537,2.51,0.0003857869999999
GVT/BTC,1599333012376,2020-09-05T19:10:12.376Z,buy,0.0001537,14.12,0.002170244
GVT/BTC,1599333012376,2020-09-05T19:10:12.376Z,buy,0.0001538,136.81,0.021041378
GVT/BTC,1599333037599,2020-09-05T19:10:37.599Z,buy,0.0001538,10.18,0.001565684
GVT/BTC,1599333080019,2020-09-05T19:11:20.019Z,buy,0.0001537,234.29,0.036010373
GVT/BTC,1599333080974,2020-09-05T19:11:20.974Z,buy,0.0001537,15.8,0.00242846
GVT/BTC,1599333080974,2020-09-05T19:11:20.974Z,buy,0.000154,29.61,0.00455994
GVT/BTC,1599333080974,2020-09-05T19:11:20.974Z,buy,0.0001541,13.63,0.002100383
GVT/BTC,1599333088361,2020-09-05T19:11:28.361Z,buy,0.000154,0.79,0.00012166
GVT/BTC,1599333095911,2020-09-05T19:11:35.911Z,buy,0.000154,7.22,0.00111188
GVT/BTC,1599333098873,2020-09-05T19:11:38.873Z,sell,0.0001536,38.01,0.0058383359999999
GVT/BTC,1599333114325,2020-09-05T19:11:54.325Z,sell,0.0001535,11.23,0.001723805
GVT/BTC,1599333114325,2020-09-05T19:11:54.325Z,sell,0.0001534,11.25,0.0017257499999999
GVT/BTC,1599333114325,2020-09-05T19:11:54.325Z,sell,0.0001533,13.48,0.002066484
GVT/BTC,1599333114325,2020-09-05T19:11:54.325Z,sell,0.0001532,2.65,0.00040598
GVT/BTC,1599333129944,2020-09-05T19:12:09.944Z,buy,0.0001534,128.53,0.019716502
GVT/BTC,1599333133921,2020-09-05T19:12:13.921Z,sell,0.0001532,29.8,0.00456536
GVT/BTC,1599333139610,2020-09-05T19:12:19.610Z,sell,0.0001529,128.96,0.019717984
GVT/BTC,1599333153457,2020-09-05T19:12:33.457Z,buy,0.000153,105.07,0.01607571
GVT/BTC,1599333153925,2020-09-05T19:12:33.925Z,buy,0.0001536,2.92,0.000448512
GVT/BTC,1599333174038,2020-09-05T19:12:54.038Z,sell,0.0001528,420.63,0.064272264
GVT/BTC,1599333174440,2020-09-05T19:12:54.440Z,sell,0.0001528,325.53,0.0497409839999999
GVT/BTC,1599333193235,2020-09-05T19:13:13.235Z,sell,0.0001525,3.21,0.000489525
GVT/BTC,1599333193235,2020-09-05T19:13:13.235Z,sell,0.0001524,5.88,0.0008961119999999
GVT/BTC,1599333193235,2020-09-05T19:13:13.235Z,sell,0.0001522,3.44,0.000523568
GVT/BTC,1599333193235,2020-09-05T19:13:13.235Z,sell,0.0001517,3.45,0.000523365
GVT/BTC,1599333193235,2020-09-05T19:13:13.235Z,sell,0.0001513,120.0,0.018156
GVT/BTC,1599333193235,2020-09-05T19:13:13.235Z,sell,0.0001512,1478.58,0.2235612959999999
GVT/BTC,1599333213109,2020-09-05T19:13:33.109Z,buy,0.0001515,25.88,0.0039208199999999
GVT/BTC,1599333220720,2020-09-05T19:13:40.720Z,sell,0.0001518,25.88,0.003928584
GVT/BTC,1599333226531,2020-09-05T19:13:46.531Z,sell,0.0001513,0.67,0.000101371
GVT/BTC,1599333226531,2020-09-05T19:13:46.531Z,sell,0.0001509,239.76,0.036179784
GVT/BTC,1599333226531,2020-09-05T19:13:46.531Z,sell,0.0001508,556.0,0.0838448
GVT/BTC,1599333238941,2020-09-05T19:13:58.941Z,sell,0.0001507,19.09,0.002876863
GVT/BTC,1599333238941,2020-09-05T19:13:58.941Z,sell,0.0001506,82.2,0.01237932
GVT/BTC,1599333243158,2020-09-05T19:14:03.158Z,sell,0.0001507,9.82,0.001479874
GVT/BTC,1599333243158,2020-09-05T19:14:03.158Z,sell,0.0001506,220.13,0.033151578
GVT/BTC,1599333267902,2020-09-05T19:14:27.902Z,sell,0.000151,237.54,0.03586854
GVT/BTC,1599333281866,2020-09-05T19:14:41.866Z,sell,0.000151,117.86,0.01779686
GVT/BTC,1599333296574,2020-09-05T19:14:56.574Z,sell,0.000151,20.95,0.00316345
GVT/BTC,1599333301697,2020-09-05T19:15:01.697Z,buy,0.0001514,7.26,0.001099164
GVT/BTC,1599333301991,2020-09-05T19:15:01.991Z,buy,0.0001514,5.7,0.00086298
GVT/BTC,1599333302992,2020-09-05T19:15:02.992Z,buy,0.0001515,3.48,0.00052722
GVT/BTC,1599333311355,2020-09-05T19:15:11.355Z,sell,0.0001517,3.28,0.000497576
GVT/BTC,1599333312363,2020-09-05T19:15:12.363Z,sell,0.0001513,5.9,0.00089267
GVT/BTC,1599333312689,2020-09-05T19:15:12.689Z,buy,0.0001518,120.0,0.018216
GVT/BTC,1599333312689,2020-09-05T19:15:12.689Z,buy,0.0001519,32.58,0.004948902
GVT/BTC,1599333333012,2020-09-05T19:15:33.012Z,buy,0.0001519,5.9,0.00089621
GVT/BTC,1599333333012,2020-09-05T19:15:33.012Z,buy,0.000152,3.01,0.00045752
GVT/BTC,1599333368351,2020-09-05T19:16:08.351Z,sell,0.0001512,120.0,0.018144
GVT/BTC,1599333368351,2020-09-05T19:16:08.351Z,sell,0.0001511,142.21,0.021487931
GVT/BTC,1599333380893,2020-09-05T19:16:20.893Z,buy,0.0001514,81.55,0.0123466699999999
GVT/BTC,1599333380893,2020-09-05T19:16:20.893Z,buy,0.0001517,120.0,0.018204
GVT/BTC,1599333380893,2020-09-05T19:16:20.893Z,buy,0.0001518,115.46,0.0175268279999999
GVT/BTC,1599333381132,2020-09-05T19:16:21.132Z,sell,0.000151,120.0,0.01812
GVT/BTC,1599333381132,2020-09-05T19:16:21.132Z,sell,0.0001509,76.66,0.011567994
GVT/BTC,1599333381465,2020-09-05T19:16:21.465Z,buy,0.0001518,8.73,0.001325214
GVT/BTC,1599333383294,2020-09-05T19:16:23.294Z,buy,0.0001518,225.42,0.0342187559999999
GVT/BTC,1599333392302,2020-09-05T19:16:32.302Z,sell,0.0001519,147.49,0.022403731
GVT/BTC,1599333402922,2020-09-05T19:16:42.922Z,sell,0.0001517,110.62,0.016781054
GVT/BTC,1599333420314,2020-09-05T19:17:00.314Z,buy,0.000152,0.45,6.840000000000001e-05
GVT/BTC,1599333420314,2020-09-05T19:17:00.314Z,buy,0.0001525,3.45,0.000526125
GVT/BTC,1599333420314,2020-09-05T19:17:00.314Z,buy,0.0001526,18.35,0.00280021
GVT/BTC,1599333420314,2020-09-05T19:17:00.314Z,buy,0.0001527,5.94,0.000907038
GVT/BTC,1599333420314,2020-09-05T19:17:00.314Z,buy,0.000153,3.44,0.00052632
GVT/BTC,1599333420314,2020-09-05T19:17:00.314Z,buy,0.0001534,120.0,0.0184079999999999
GVT/BTC,1599333420314,2020-09-05T19:17:00.314Z,buy,0.0001535,43.97,0.0067493949999999
GVT/BTC,1599333420409,2020-09-05T19:17:00.409Z,sell,0.0001531,6.1,0.00093391
GVT/BTC,1599333421412,2020-09-05T19:17:01.412Z,sell,0.0001528,3.78,0.000577584
GVT/BTC,1599333424339,2020-09-05T19:17:04.339Z,sell,0.0001523,1.68,0.0002558639999999
GVT/BTC,1599333425357,2020-09-05T19:17:05.357Z,sell,0.0001523,2.15,0.0003274449999999
GVT/BTC,1599333426360,2020-09-05T19:17:06.360Z,sell,0.0001523,1.5,0.00022845
GVT/BTC,1599333427362,2020-09-05T19:17:07.362Z,sell,0.0001522,4.76,0.000724472
GVT/BTC,1599333428821,2020-09-05T19:17:08.821Z,sell,0.0001518,1.4,0.00021252
GVT/BTC,1599333429823,2020-09-05T19:17:09.823Z,sell,0.0001518,1.53,0.000232254
GVT/BTC,1599333430832,2020-09-05T19:17:10.832Z,sell,0.0001517,3.45,0.000523365
GVT/BTC,1599333431389,2020-09-05T19:17:11.389Z,sell,0.0001515,120.0,0.0181799999999999
GVT/BTC,1599333431389,2020-09-05T19:17:11.389Z,sell,0.0001514,211.86,0.032075604
GVT/BTC,1599333431389,2020-09-05T19:17:11.389Z,sell,0.0001513,0.01,1.513e-06
GVT/BTC,1599333434539,2020-09-05T19:17:14.539Z,sell,0.0001515,0.88,0.00013332
GVT/BTC,1599333435030,2020-09-05T19:17:15.030Z,buy,0.0001515,16.26,0.00246339
GVT/BTC,1599333456052,2020-09-05T19:17:36.052Z,sell,0.0001513,1.41,0.0002133329999999
GVT/BTC,1599333457060,2020-09-05T19:17:37.060Z,sell,0.0001512,5.44,0.000822528
GVT/BTC,1599333459569,2020-09-05T19:17:39.569Z,buy,0.000151,152.14,0.02297314
GVT/BTC,1599333460023,2020-09-05T19:17:40.023Z,buy,0.0001511,78.23,0.011820553
GVT/BTC,1599333481076,2020-09-05T19:18:01.076Z,buy,0.000152,3.46,0.00052592
GVT/BTC,1599333481076,2020-09-05T19:18:01.076Z,buy,0.0001525,3.45,0.000526125
GVT/BTC,1599333481076,2020-09-05T19:18:01.076Z,buy,0.0001529,120.0,0.018348
GVT/BTC,1599333481076,2020-09-05T19:18:01.076Z,buy,0.000153,111.74,0.01709622
GVT/BTC,1599333481076,2020-09-05T19:18:01.076Z,buy,0.0001536,3.43,0.000526848
GVT/BTC,1599333481076,2020-09-05T19:18:01.076Z,buy,0.0001537,47.83,0.0073514709999999
GVT/BTC,1599333481139,2020-09-05T19:18:01.139Z,sell,0.000154,284.69,0.04384226
GVT/BTC,1599333483603,2020-09-05T19:18:03.603Z,sell,0.0001528,2.02,0.000308656
GVT/BTC,1599333505888,2020-09-05T19:18:25.888Z,buy,0.0001529,1.83,0.000279807
GVT/BTC,1599333520475,2020-09-05T19:18:40.475Z,buy,0.0001529,118.17,0.018068193
GVT/BTC,1599333520475,2020-09-05T19:18:40.475Z,buy,0.000153,29.45,0.00450585
GVT/BTC,1599333553720,2020-09-05T19:19:13.720Z,sell,0.0001528,1.41,0.000215448
GVT/BTC,1599333575129,2020-09-05T19:19:35.129Z,sell,0.0001522,3.44,0.000523568
GVT/BTC,1599333585751,2020-09-05T19:19:45.751Z,sell,0.0001517,3.45,0.000523365
GVT/BTC,1599333585751,2020-09-05T19:19:45.751Z,sell,0.0001515,3.81,0.000577215
GVT/BTC,1599333590826,2020-09-05T19:19:50.826Z,sell,0.0001516,121.7,0.01844972
GVT/BTC,1599333590826,2020-09-05T19:19:50.826Z,sell,0.0001515,66.0,0.009999
GVT/BTC,1599333590826,2020-09-05T19:19:50.826Z,sell,0.0001513,120.0,0.018156
GVT/BTC,1599333590826,2020-09-05T19:19:50.826Z,sell,0.0001512,255.91,0.038693592
GVT/BTC,1599333590826,2020-09-05T19:19:50.826Z,sell,0.0001508,159.22,0.024010376
GVT/BTC,1599333590826,2020-09-05T19:19:50.826Z,sell,0.0001507,9.42,0.001419594
GVT/BTC,1599333590826,2020-09-05T19:19:50.826Z,sell,0.0001506,34.28,0.005162568
GVT/BTC,1599333590841,2020-09-05T19:19:50.841Z,sell,0.0001506,231.28,0.034830768
GVT/BTC,1599333592002,2020-09-05T19:19:52.002Z,buy,0.0001507,267.75,0.040349925
GVT/BTC,1599333594203,2020-09-05T19:19:54.203Z,sell,0.0001506,267.75,0.04032315
GVT/BTC,1599333596096,2020-09-05T19:19:56.096Z,sell,0.0001506,78.88,0.011879328
GVT/BTC,1599333600974,2020-09-05T19:20:00.974Z,sell,0.0001505,0.81,0.000121905
GVT/BTC,1599333600974,2020-09-05T19:20:00.974Z,sell,0.0001504,219.52,0.033015808
GVT/BTC,1599333601158,2020-09-05T19:20:01.158Z,buy,0.0001507,7.17,0.001080519
GVT/BTC,1599333609762,2020-09-05T19:20:09.762Z,buy,0.0001515,3.48,0.00052722
GVT/BTC,1599333609762,2020-09-05T19:20:09.762Z,buy,0.000152,3.46,0.00052592
GVT/BTC,1599333609762,2020-09-05T19:20:09.762Z,buy,0.0001524,120.0,0.018288
GVT/BTC,1599333609762,2020-09-05T19:20:09.762Z,buy,0.0001525,25.81,0.0039360249999999
GVT/BTC,1599333612176,2020-09-05T19:20:12.176Z,buy,0.000152,16.5,0.002508
GVT/BTC,1599333628280,2020-09-05T19:20:28.280Z,sell,0.0001517,3.45,0.000523365
GVT/BTC,1599333632281,2020-09-05T19:20:32.281Z,sell,0.0001513,0.71,0.0001074229999999
GVT/BTC,1599333649643,2020-09-05T19:20:49.643Z,sell,0.0001512,3.46,0.0005231519999999
GVT/BTC,1599333649643,2020-09-05T19:20:49.643Z,sell,0.0001507,3.48,0.000524436
GVT/BTC,1599333649643,2020-09-05T19:20:49.643Z,sell,0.0001504,104.48,0.015713792
GVT/BTC,1599333649643,2020-09-05T19:20:49.643Z,sell,0.0001503,0.7,0.0001052099999999
GVT/BTC,1599333649643,2020-09-05T19:20:49.643Z,sell,0.0001502,3.49,0.000524198
GVT/BTC,1599333649643,2020-09-05T19:20:49.643Z,sell,0.0001501,2.37,0.000355737
GVT/BTC,1599333649643,2020-09-05T19:20:49.643Z,sell,0.0001496,3.5,0.0005236
GVT/BTC,1599333649643,2020-09-05T19:20:49.643Z,sell,0.0001494,26.25,0.00392175
GVT/BTC,1599333649643,2020-09-05T19:20:49.643Z,sell,0.0001491,15.61,0.002327451
GVT/BTC,1599333649643,2020-09-05T19:20:49.643Z,sell,0.0001489,6.02,0.0008963779999999
GVT/BTC,1599333649643,2020-09-05T19:20:49.643Z,sell,0.0001486,3.52,0.000523072
GVT/BTC,1599333649643,2020-09-05T19:20:49.643Z,sell,0.0001484,120.0,0.017808
GVT/BTC,1599333649643,2020-09-05T19:20:49.643Z,sell,0.0001483,37.58,0.005573114
GVT/BTC,1599333650182,2020-09-05T19:20:50.182Z,buy,0.0001498,1.1,0.00016478
GVT/BTC,1599333653881,2020-09-05T19:20:53.881Z,buy,0.0001493,623.73,0.093122889
GVT/BTC,1599333659122,2020-09-05T19:20:59.122Z,buy,0.0001486,6.66,0.000989676
GVT/BTC,1599333659552,2020-09-05T19:20:59.552Z,buy,0.0001485,10.42,0.00154737
GVT/BTC,1599333662098,2020-09-05T19:21:02.098Z,buy,0.0001489,12.05,0.0017942449999999
GVT/BTC,1599333668466,2020-09-05T19:21:08.466Z,sell,0.0001482,2.54,0.000376428
GVT/BTC,1599333668466,2020-09-05T19:21:08.466Z,sell,0.0001481,3.54,0.000524274
GVT/BTC,1599333668466,2020-09-05T19:21:08.466Z,sell,0.000148,27.0,0.0039959999999999
GVT/BTC,1599333668466,2020-09-05T19:21:08.466Z,sell,0.0001477,4.56,0.000673512
GVT/BTC,1599333669087,2020-09-05T19:21:09.087Z,buy,0.0001488,6.0,0.0008928
GVT/BTC,1599333695318,2020-09-05T19:21:35.318Z,buy,0.0001484,0.7,0.00010388
GVT/BTC,1599333695318,2020-09-05T19:21:35.318Z,buy,0.0001487,73.15,0.010877405
GVT/BTC,1599333705663,2020-09-05T19:21:45.663Z,buy,0.0001488,0.78,0.000116064
GVT/BTC,1599333720120,2020-09-05T19:22:00.120Z,buy,0.0001485,6.18,0.00091773
GVT/BTC,1599333732669,2020-09-05T19:22:12.669Z,buy,0.000148,14.86,0.0021992799999999
GVT/BTC,1599333744780,2020-09-05T19:22:24.780Z,buy,0.0001488,165.95,0.02469336
GVT/BTC,1599333749738,2020-09-05T19:22:29.738Z,buy,0.0001489,33.4,0.0049732599999999
GVT/BTC,1599333749738,2020-09-05T19:22:29.738Z,buy,0.0001489,4.11,0.000611979
GVT/BTC,1599333773234,2020-09-05T19:22:53.234Z,sell,0.0001478,2.39,0.000353242
GVT/BTC,1599333773234,2020-09-05T19:22:53.234Z,sell,0.0001477,1.08,0.000159516
GVT/BTC,1599333773234,2020-09-05T19:22:53.234Z,sell,0.0001476,3.55,0.00052398
GVT/BTC,1599333773234,2020-09-05T19:22:53.234Z,sell,0.0001473,8.13,0.001197549
GVT/BTC,1599333773234,2020-09-05T19:22:53.234Z,sell,0.0001471,9.65,0.001419515
GVT/BTC,1599333773234,2020-09-05T19:22:53.234Z,sell,0.0001466,3.57,0.000523362
GVT/BTC,1599333773234,2020-09-05T19:22:53.234Z,sell,0.0001465,120.0,0.01758
GVT/BTC,1599333773234,2020-09-05T19:22:53.234Z,sell,0.0001464,14.86,0.002175504
GVT/BTC,1599333773310,2020-09-05T19:22:53.310Z,buy,0.0001465,20.82,0.00305013
GVT/BTC,1599333786399,2020-09-05T19:23:06.399Z,buy,0.0001471,1.49,0.0002191789999999
GVT/BTC,1599333786796,2020-09-05T19:23:06.796Z,buy,0.0001468,9.79,0.0014371719999999
GVT/BTC,1599333794804,2020-09-05T19:23:14.804Z,buy,0.0001474,3.57,0.000526218
GVT/BTC,1599333797205,2020-09-05T19:23:17.205Z,buy,0.0001479,0.8,0.0001183199999999
GVT/BTC,1599333840937,2020-09-05T19:24:00.937Z,sell,0.0001473,16.61,0.002446653
GVT/BTC,1599333841028,2020-09-05T19:24:01.028Z,buy,0.0001473,9.64,0.001419972
GVT/BTC,1599333855762,2020-09-05T19:24:15.762Z,buy,0.0001478,7.31,0.0010804179999999
GVT/BTC,1599333883545,2020-09-05T19:24:43.545Z,buy,0.0001471,12.03,0.001769613
GVT/BTC,1599333956594,2020-09-05T19:25:56.594Z,buy,0.0001479,2.76,0.0004082039999999
GVT/BTC,1599333956594,2020-09-05T19:25:56.594Z,buy,0.0001484,27.62,0.004098808
GVT/BTC,1599333956594,2020-09-05T19:25:56.594Z,buy,0.0001484,0.69,0.000102396
GVT/BTC,1599333962684,2020-09-05T19:26:02.684Z,buy,0.0001484,2.24,0.000332416
GVT/BTC,1599333962684,2020-09-05T19:26:02.684Z,buy,0.0001489,88.3,0.0131478699999999
GVT/BTC,1599333962684,2020-09-05T19:26:02.684Z,buy,0.000149,63.54,0.0094674599999999
GVT/BTC,1599333972345,2020-09-05T19:26:12.345Z,buy,0.0001489,13.55,0.002017595
GVT/BTC,1599333996598,2020-09-05T19:26:36.598Z,sell,0.0001485,30.0,0.004455
GVT/BTC,1599334013317,2020-09-05T19:26:53.317Z,sell,0.0001482,3.53,0.0005231459999999
GVT/BTC,1599334014316,2020-09-05T19:26:54.316Z,sell,0.0001481,3.54,0.000524274
GVT/BTC,1599334060995,2020-09-05T19:27:40.995Z,buy,0.0001488,52.21,0.007768848
GVT/BTC,1599334060995,2020-09-05T19:27:40.995Z,buy,0.0001489,73.28,0.0109113919999999
GVT/BTC,1599334060995,2020-09-05T19:27:40.995Z,buy,0.0001491,28.64,0.0042702239999999
GVT/BTC,1599334060995,2020-09-05T19:27:40.995Z,buy,0.0001491,1.12,0.000166992
GVT/BTC,1599334062329,2020-09-05T19:27:42.329Z,buy,0.0001485,90.21,0.013396185
GVT/BTC,1599334113784,2020-09-05T19:28:33.784Z,buy,0.0001491,80.31,0.011974221
GVT/BTC,1599334141117,2020-09-05T19:29:01.117Z,sell,0.0001486,21.72,0.003227592
GVT/BTC,1599334168586,2020-09-05T19:29:28.586Z,sell,0.0001492,11.03,0.0016456759999999
GVT/BTC,1599334190404,2020-09-05T19:29:50.404Z,sell,0.0001489,1.47,0.0002188829999999
GVT/BTC,1599334200703,2020-09-05T19:30:00.703Z,sell,0.0001488,0.7,0.00010416
GVT/BTC,1599334201317,2020-09-05T19:30:01.317Z,buy,0.0001491,7.37,0.001098867
GVT/BTC,1599334213764,2020-09-05T19:30:13.764Z,sell,0.0001486,2.59,0.000384874
GVT/BTC,1599334214822,2020-09-05T19:30:14.822Z,sell,0.0001485,108.06,0.01604691
GVT/BTC,1599334247624,2020-09-05T19:30:47.624Z,buy,0.0001492,15.0,0.002238
GVT/BTC,1599334248623,2020-09-05T19:30:48.623Z,buy,0.0001493,396.38,0.059179534
GVT/BTC,1599334248806,2020-09-05T19:30:48.806Z,buy,0.0001493,156.9,0.02342517
GVT/BTC,1599334252985,2020-09-05T19:30:52.985Z,buy,0.0001493,156.9,0.02342517
GVT/BTC,1599334255814,2020-09-05T19:30:55.814Z,buy,0.0001493,5.73,0.000855489
GVT/BTC,1599334259308,2020-09-05T19:30:59.308Z,buy,0.0001494,3.52,0.000525888
GVT/BTC,1599334281690,2020-09-05T19:31:21.690Z,sell,0.0001494,54.87,0.0081975779999999
GVT/BTC,1599334299303,2020-09-05T19:31:39.303Z,buy,0.0001497,7.26,0.001086822
GVT/BTC,1599334320775,2020-09-05T19:32:00.775Z,sell,0.0001498,155.01,0.023220498
GVT/BTC,1599334323820,2020-09-05T19:32:03.820Z,sell,0.0001498,155.01,0.023220498
GVT/BTC,1599334339930,2020-09-05T19:32:19.930Z,sell,0.0001498,148.34,0.022221332
GVT/BTC,1599334357476,2020-09-05T19:32:37.476Z,buy,0.0001497,3.52,0.000526944
GVT/BTC,1599334357476,2020-09-05T19:32:37.476Z,buy,0.0001498,35.36,0.005296928
GVT/BTC,1599334361361,2020-09-05T19:32:41.361Z,buy,0.0001498,152.19,0.022798062
GVT/BTC,1599334440163,2020-09-05T19:34:00.163Z,buy,0.0001499,3.51,0.000526149
GVT/BTC,1599334512643,2020-09-05T19:35:12.643Z,buy,0.0001502,95.23,0.014303546
GVT/BTC,1599334512643,2020-09-05T19:35:12.643Z,buy,0.0001503,56.87,0.0085475609999999
GVT/BTC,1599334590194,2020-09-05T19:36:30.194Z,sell,0.0001499,258.03,0.038678697
GVT/BTC,1599334590194,2020-09-05T19:36:30.194Z,sell,0.0001498,0.91,0.000136318
GVT/BTC,1599334622076,2020-09-05T19:37:02.076Z,buy,0.0001498,134.04,0.020079192
GVT/BTC,1599334632273,2020-09-05T19:37:12.273Z,sell,0.0001497,19.1,0.00285927
GVT/BTC,1599334632328,2020-09-05T19:37:12.328Z,buy,0.0001498,2.8,0.00041944
GVT/BTC,1599334658936,2020-09-05T19:37:38.936Z,buy,0.0001503,4.17,0.0006267509999999
GVT/BTC,1599334658936,2020-09-05T19:37:38.936Z,buy,0.0001504,4.27,0.0006422079999999
GVT/BTC,1599334658936,2020-09-05T19:37:38.936Z,buy,0.0001505,143.82,0.02164491
GVT/BTC,1599334660980,2020-09-05T19:37:40.980Z,sell,0.0001502,0.75,0.00011265
GVT/BTC,1599334753971,2020-09-05T19:39:13.971Z,buy,0.0001504,130.54,0.019633216
GVT/BTC,1599334787178,2020-09-05T19:39:47.178Z,sell,0.0001504,67.06,0.010085824
GVT/BTC,1599334810847,2020-09-05T19:40:10.847Z,buy,0.0001505,69.67,0.010485335
GVT/BTC,1599334810847,2020-09-05T19:40:10.847Z,buy,0.0001508,82.01,0.012367108
GVT/BTC,1599334860204,2020-09-05T19:41:00.204Z,buy,0.0001509,132.53,0.019998777
GVT/BTC,1599334895821,2020-09-05T19:41:35.821Z,buy,0.0001509,22.99,0.003469191
GVT/BTC,1599334905654,2020-09-05T19:41:45.654Z,sell,0.0001509,902.94,0.136253646
GVT/BTC,1599334935956,2020-09-05T19:42:15.956Z,buy,0.0001503,69.02,0.0103737059999999
GVT/BTC,1599334935956,2020-09-05T19:42:15.956Z,sell,0.0001501,7.37,0.001106237
GVT/BTC,1599334942838,2020-09-05T19:42:22.838Z,buy,0.0001503,57.98,0.0087143939999999
GVT/BTC,1599334958045,2020-09-05T19:42:38.045Z,buy,0.000151,3.49,0.00052699
GVT/BTC,1599334966444,2020-09-05T19:42:46.444Z,sell,0.0001511,127.33,0.0192395629999999
GVT/BTC,1599334966444,2020-09-05T19:42:46.444Z,sell,0.000151,56.06,0.00846506
GVT/BTC,1599334966444,2020-09-05T19:42:46.444Z,sell,0.0001502,123.49,0.018548198
GVT/BTC,1599334966444,2020-09-05T19:42:46.444Z,sell,0.0001501,15.12,0.0022695119999999
GVT/BTC,1599334987525,2020-09-05T19:43:07.525Z,buy,0.0001506,14.93,0.002248458
GVT/BTC,1599334987525,2020-09-05T19:43:07.525Z,buy,0.000151,3.49,0.00052699
GVT/BTC,1599334987525,2020-09-05T19:43:07.525Z,buy,0.0001513,18.09,0.002737017
GVT/BTC,1599335040187,2020-09-05T19:44:00.187Z,buy,0.0001505,243.32,0.03661966
