symbol,timestamp,datetime,side,price,amount,btc_volume
GVT/BTC,1584979141426,2020-03-23T15:59:01.426Z,buy,0.0001026,3.37,0.000345762
GVT/BTC,1584979168479,2020-03-23T15:59:28.479Z,buy,0.0001026,2.56,0.000262656
GVT/BTC,1584979168604,2020-03-23T15:59:28.604Z,sell,0.0001026,176.81,0.018140706
GVT/BTC,1584979170389,2020-03-23T15:59:30.389Z,sell,0.0001026,121.95,0.01251207
GVT/BTC,1584979171580,2020-03-23T15:59:31.580Z,sell,0.0001026,84.53,0.008672778
GVT/BTC,1584979173470,2020-03-23T15:59:33.470Z,sell,0.0001026,58.25,0.00597645
GVT/BTC,1584979175166,2020-03-23T15:59:35.166Z,sell,0.0001026,40.21,0.004125546
GVT/BTC,1584979176570,2020-03-23T15:59:36.570Z,sell,0.0001026,27.82,0.002854332
GVT/BTC,1584979177714,2020-03-23T15:59:37.714Z,sell,0.0001026,494.98,0.050784948
GVT/BTC,1584979212348,2020-03-23T16:00:12.348Z,sell,0.0001015,487.42,0.04947313
GVT/BTC,1584979226150,2020-03-23T16:00:26.150Z,sell,0.0001015,80.0,0.00812
GVT/BTC,1584979242606,2020-03-23T16:00:42.606Z,buy,0.0001025,100.0,0.01025
GVT/BTC,1584979242676,2020-03-23T16:00:42.676Z,sell,0.0001025,65.02,0.0066645499999999
GVT/BTC,1584979256799,2020-03-23T16:00:56.799Z,sell,0.0001015,5.74,0.00058261
GVT/BTC,1584979258972,2020-03-23T16:00:58.972Z,sell,0.0001017,29.48,0.002998116
GVT/BTC,1584979260114,2020-03-23T16:01:00.114Z,buy,0.0001025,123.15,0.012622875
GVT/BTC,1584979267365,2020-03-23T16:01:07.365Z,sell,0.0001017,3.37,0.000342729
GVT/BTC,1584979293163,2020-03-23T16:01:33.163Z,sell,0.0001013,36.86,0.0037339179999999
GVT/BTC,1584979293163,2020-03-23T16:01:33.163Z,sell,0.0001012,99.75,0.0100947
GVT/BTC,1584979293163,2020-03-23T16:01:33.163Z,sell,0.0001011,41.38,0.004183518
GVT/BTC,1584979293163,2020-03-23T16:01:33.163Z,sell,0.0001011,13.52,0.001366872
GVT/BTC,1584979408104,2020-03-23T16:03:28.104Z,buy,0.0001015,98.64,0.01001196
GVT/BTC,1584979408104,2020-03-23T16:03:28.104Z,buy,0.0001018,41.08,0.004181944
GVT/BTC,1584979408104,2020-03-23T16:03:28.104Z,buy,0.0001019,62.79,0.0063983009999999
GVT/BTC,1584979408104,2020-03-23T16:03:28.104Z,buy,0.0001022,0.45,4.5990000000000005e-05
GVT/BTC,1584979458502,2020-03-23T16:04:18.502Z,buy,0.0001022,114.09,0.011659998
GVT/BTC,1584979478867,2020-03-23T16:04:38.867Z,sell,0.0001022,26.97,0.002756334
GVT/BTC,1584979484978,2020-03-23T16:04:44.978Z,sell,0.0001022,600.09,0.061329198
GVT/BTC,1584979485218,2020-03-23T16:04:45.218Z,sell,0.0001022,105.11,0.010742242
GVT/BTC,1584979495771,2020-03-23T16:04:55.771Z,sell,0.0001022,1656.91,0.169336202
GVT/BTC,1584979505415,2020-03-23T16:05:05.415Z,sell,0.0001014,39.29,0.003984006
GVT/BTC,1584979523161,2020-03-23T16:05:23.161Z,sell,0.0001015,18.84,0.00191226
GVT/BTC,1584979553946,2020-03-23T16:05:53.946Z,buy,0.0001018,1.98,0.000201564
GVT/BTC,1584979554966,2020-03-23T16:05:54.966Z,buy,0.0001018,3.94,0.000401092
GVT/BTC,1584979555973,2020-03-23T16:05:55.973Z,buy,0.0001018,3.94,0.000401092
GVT/BTC,1584979556973,2020-03-23T16:05:56.973Z,buy,0.0001018,3.94,0.000401092
GVT/BTC,1584979557973,2020-03-23T16:05:57.973Z,buy,0.0001018,3.94,0.000401092
GVT/BTC,1584979558977,2020-03-23T16:05:58.977Z,buy,0.0001018,3.94,0.000401092
GVT/BTC,1584979559983,2020-03-23T16:05:59.983Z,buy,0.0001018,3.94,0.000401092
GVT/BTC,1584979561041,2020-03-23T16:06:01.041Z,buy,0.0001018,3.94,0.000401092
GVT/BTC,1584979562081,2020-03-23T16:06:02.081Z,buy,0.0001018,3.94,0.000401092
GVT/BTC,1584979563085,2020-03-23T16:06:03.085Z,buy,0.0001018,3.86,0.0003929479999999
GVT/BTC,1584979564099,2020-03-23T16:06:04.099Z,buy,0.0001018,1.93,0.0001964739999999
GVT/BTC,1584979613760,2020-03-23T16:06:53.760Z,sell,0.0001019,112.0,0.0114127999999999
GVT/BTC,1584979725185,2020-03-23T16:08:45.185Z,buy,0.0001022,58.24,0.005952128
GVT/BTC,1584979797943,2020-03-23T16:09:57.943Z,sell,0.0001019,0.01,1.019e-06
GVT/BTC,1584979842979,2020-03-23T16:10:42.979Z,sell,0.0001015,19.99,0.0020289849999999
GVT/BTC,1584980021817,2020-03-23T16:13:41.817Z,sell,0.0001015,5.82,0.00059073
GVT/BTC,1584980036095,2020-03-23T16:13:56.095Z,buy,0.000102,4.9,0.0004998
GVT/BTC,1584980071578,2020-03-23T16:14:31.578Z,buy,0.0001023,7.2,0.00073656
GVT/BTC,1584980076691,2020-03-23T16:14:36.691Z,sell,0.000102,196.07,0.01999914
GVT/BTC,1584980207742,2020-03-23T16:16:47.742Z,buy,0.0001023,15.0,0.0015345
GVT/BTC,1584980243908,2020-03-23T16:17:23.908Z,sell,0.0001018,193.48,0.0196962639999999
GVT/BTC,1584980243908,2020-03-23T16:17:23.908Z,sell,0.0001017,255.09,0.025942653
GVT/BTC,1584980286283,2020-03-23T16:18:06.283Z,sell,0.0001017,124.84,0.012696228
GVT/BTC,1584980286283,2020-03-23T16:18:06.283Z,sell,0.0001016,349.84,0.0355437439999999
GVT/BTC,1584980286283,2020-03-23T16:18:06.283Z,sell,0.0001015,2916.44,0.29601866
GVT/BTC,1584980291131,2020-03-23T16:18:11.131Z,sell,0.0001011,32.39,0.003274629
GVT/BTC,1584980313870,2020-03-23T16:18:33.870Z,sell,0.0001008,165.02,0.016634016
GVT/BTC,1584980314883,2020-03-23T16:18:34.883Z,sell,0.0001008,34.09,0.003436272
GVT/BTC,1584980314883,2020-03-23T16:18:34.883Z,sell,0.0001007,172.77,0.017397939
GVT/BTC,1584980314883,2020-03-23T16:18:34.883Z,sell,0.0001005,102.0,0.010251
GVT/BTC,1584980314900,2020-03-23T16:18:34.900Z,buy,0.0001005,24.34,0.00244617
GVT/BTC,1584980314914,2020-03-23T16:18:34.914Z,buy,0.0001005,642.99,0.064620495
GVT/BTC,1584980330478,2020-03-23T16:18:50.478Z,sell,0.0001009,66.6,0.00671994
GVT/BTC,1584980330520,2020-03-23T16:18:50.520Z,buy,0.0001008,603.24,0.060806592
GVT/BTC,1584980330530,2020-03-23T16:18:50.530Z,sell,0.0001007,4.96,0.0004994719999999
GVT/BTC,1584980446417,2020-03-23T16:20:46.417Z,buy,0.0001008,4.0,0.0004032
GVT/BTC,1584980452397,2020-03-23T16:20:52.397Z,buy,0.0001008,41.77,0.004210416
GVT/BTC,1584980607838,2020-03-23T16:23:27.838Z,buy,0.0001008,16.56,0.001669248
GVT/BTC,1584980654939,2020-03-23T16:24:14.939Z,buy,0.0001008,115.92,0.011684736
GVT/BTC,1584980896525,2020-03-23T16:28:16.525Z,buy,0.0001007,37.32,0.003758124
GVT/BTC,1584980896525,2020-03-23T16:28:16.525Z,buy,0.0001008,62.68,0.0063181439999999
GVT/BTC,1584980896541,2020-03-23T16:28:16.541Z,buy,0.0001008,10.16,0.001024128
GVT/BTC,1584980916436,2020-03-23T16:28:36.436Z,buy,0.0001009,5.12,0.000516608
GVT/BTC,1584980917441,2020-03-23T16:28:37.441Z,buy,0.0001009,1.0,0.0001009
GVT/BTC,1584980918461,2020-03-23T16:28:38.461Z,buy,0.0001009,1.0,0.0001009
GVT/BTC,1584980919500,2020-03-23T16:28:39.500Z,buy,0.0001009,1.0,0.0001009
GVT/BTC,1584980920505,2020-03-23T16:28:40.505Z,buy,0.0001009,5.57,0.000562013
GVT/BTC,1584980922315,2020-03-23T16:28:42.315Z,buy,0.0001022,43.1,0.00440482
GVT/BTC,1584980992557,2020-03-23T16:29:52.557Z,buy,0.0001022,4.87,0.000497714
GVT/BTC,1584980992586,2020-03-23T16:29:52.586Z,sell,0.0001022,24.34,0.002487548
GVT/BTC,1584980992658,2020-03-23T16:29:52.658Z,sell,0.0001022,77.79,0.007950138
GVT/BTC,1584981042632,2020-03-23T16:30:42.632Z,buy,0.0001022,1.0,0.0001022
GVT/BTC,1584981042669,2020-03-23T16:30:42.669Z,sell,0.0001022,44.7,0.00456834
GVT/BTC,1584981042672,2020-03-23T16:30:42.672Z,sell,0.0001022,30.69,0.003136518
GVT/BTC,1584981065394,2020-03-23T16:31:05.394Z,sell,0.0001022,3.61,0.000368942
GVT/BTC,1584981065394,2020-03-23T16:31:05.394Z,sell,0.0001015,28.93,0.002936395
GVT/BTC,1584981195664,2020-03-23T16:33:15.664Z,sell,0.0001015,500.0,0.05075
GVT/BTC,1584981195701,2020-03-23T16:33:15.701Z,buy,0.0001015,216.16,0.02194024
GVT/BTC,1584981298297,2020-03-23T16:34:58.297Z,buy,0.0001024,47.18,0.0048312319999999
GVT/BTC,1584981298321,2020-03-23T16:34:58.321Z,sell,0.0001024,47.39,0.004852736
GVT/BTC,1584981312727,2020-03-23T16:35:12.727Z,buy,0.0001028,43.72,0.004494416
GVT/BTC,1584981312821,2020-03-23T16:35:12.821Z,sell,0.0001028,50.49,0.005190372
GVT/BTC,1584981322352,2020-03-23T16:35:22.352Z,sell,0.000102,1.0,0.000102
GVT/BTC,1584981463991,2020-03-23T16:37:43.991Z,buy,0.0001028,117.27,0.012055356
GVT/BTC,1584981463991,2020-03-23T16:37:43.991Z,buy,0.0001029,66.29,0.006821241
GVT/BTC,1584981491096,2020-03-23T16:38:11.096Z,buy,0.0001029,0.99,0.0001018709999999
GVT/BTC,1584981494706,2020-03-23T16:38:14.706Z,buy,0.0001029,10.0,0.001029
GVT/BTC,1584981496598,2020-03-23T16:38:16.598Z,buy,0.0001029,171.98,0.0176967419999999
GVT/BTC,1584981530668,2020-03-23T16:38:50.668Z,buy,0.0001029,43.2,0.00444528
GVT/BTC,1584981764512,2020-03-23T16:42:44.512Z,sell,0.0001027,12.44,0.001277588
GVT/BTC,1584981765651,2020-03-23T16:42:45.651Z,sell,0.0001021,29.64,0.003026244
GVT/BTC,1584981766082,2020-03-23T16:42:46.082Z,sell,0.000102,13.15,0.0013413
GVT/BTC,1584981766082,2020-03-23T16:42:46.082Z,sell,0.0001019,2.03,0.0002068569999999
GVT/BTC,1584981795631,2020-03-23T16:43:15.631Z,buy,0.0001028,12.51,0.001286028
GVT/BTC,1584981795631,2020-03-23T16:43:15.631Z,buy,0.0001029,37.7,0.00387933
GVT/BTC,1584981795631,2020-03-23T16:43:15.631Z,buy,0.000103,56.93,0.00586379
GVT/BTC,1584981795631,2020-03-23T16:43:15.631Z,buy,0.0001031,111.11,0.011455441
GVT/BTC,1584981795631,2020-03-23T16:43:15.631Z,buy,0.0001033,122.21,0.012624293
GVT/BTC,1584981799946,2020-03-23T16:43:19.946Z,buy,0.0001033,5.43,0.000560919
GVT/BTC,1584981827919,2020-03-23T16:43:47.919Z,buy,0.000103,1.95,0.0002008499999999
GVT/BTC,1584981827978,2020-03-23T16:43:47.978Z,buy,0.000103,1.95,0.0002008499999999
GVT/BTC,1584981977845,2020-03-23T16:46:17.845Z,buy,0.0001029,97.18,0.009999822
GVT/BTC,1584982045087,2020-03-23T16:47:25.087Z,sell,0.0001021,111.0,0.0113331
GVT/BTC,1584982067076,2020-03-23T16:47:47.076Z,buy,0.0001028,530.42,0.054527176
GVT/BTC,1584982101769,2020-03-23T16:48:21.769Z,sell,0.0001021,17.33,0.0017693929999999
GVT/BTC,1584982101769,2020-03-23T16:48:21.769Z,sell,0.0001017,45.86,0.004663962
GVT/BTC,1584982101769,2020-03-23T16:48:21.769Z,sell,0.0001016,443.12,0.045020992
GVT/BTC,1584982104145,2020-03-23T16:48:24.145Z,sell,0.0001018,43.14,0.004391652
GVT/BTC,1584982104145,2020-03-23T16:48:24.145Z,sell,0.0001017,120.01,0.012205017
GVT/BTC,1584982126796,2020-03-23T16:48:46.796Z,sell,0.0001017,17.4,0.00176958
GVT/BTC,1584982128105,2020-03-23T16:48:48.105Z,buy,0.000102,0.29,2.958e-05
GVT/BTC,1584982137797,2020-03-23T16:48:57.797Z,buy,0.000102,132.72,0.01353744
GVT/BTC,1584982301214,2020-03-23T16:51:41.214Z,buy,0.0001025,62.83,0.006440075
GVT/BTC,1584982301214,2020-03-23T16:51:41.214Z,buy,0.0001026,304.89,0.031281714
GVT/BTC,1584982301214,2020-03-23T16:51:41.214Z,buy,0.0001027,742.09,0.076212643
GVT/BTC,1584982301214,2020-03-23T16:51:41.214Z,buy,0.000103,2357.02,0.2427730599999999
GVT/BTC,1584982315982,2020-03-23T16:51:55.982Z,buy,0.000103,468.25,0.0482297499999999
GVT/BTC,1584982446133,2020-03-23T16:54:06.133Z,buy,0.000103,101.94,0.01049982
GVT/BTC,1584982462388,2020-03-23T16:54:22.388Z,buy,0.000103,84.59,0.00871277
GVT/BTC,1584982475101,2020-03-23T16:54:35.101Z,sell,0.0001031,26.86,0.002769266
GVT/BTC,1584982508576,2020-03-23T16:55:08.576Z,buy,0.0001031,0.99,0.000102069
GVT/BTC,1584982568481,2020-03-23T16:56:08.481Z,buy,0.0001031,0.99,0.000102069
GVT/BTC,1584982628122,2020-03-23T16:57:08.122Z,sell,0.000103,124.04,0.01277612
GVT/BTC,1584982650993,2020-03-23T16:57:30.993Z,buy,0.0001031,0.98,0.0001010379999999
GVT/BTC,1584982658358,2020-03-23T16:57:38.358Z,buy,0.0001034,0.98,0.000101332
GVT/BTC,1584982663168,2020-03-23T16:57:43.168Z,sell,0.0001031,7.29,0.000751599
GVT/BTC,1584982663988,2020-03-23T16:57:43.988Z,buy,0.0001031,9.71,0.001001101
GVT/BTC,1584982669903,2020-03-23T16:57:49.903Z,buy,0.0001034,3.03,0.000313302
GVT/BTC,1584982670001,2020-03-23T16:57:50.001Z,sell,0.0001034,1.98,0.000204732
GVT/BTC,1584982682241,2020-03-23T16:58:02.241Z,buy,0.0001035,84.79,0.008775765
GVT/BTC,1584982682301,2020-03-23T16:58:02.301Z,sell,0.0001035,170.28,0.01762398
GVT/BTC,1584982686995,2020-03-23T16:58:06.995Z,buy,0.0001036,51.07,0.0052908519999999
GVT/BTC,1584982686995,2020-03-23T16:58:06.995Z,buy,0.0001037,1.11,0.000115107
GVT/BTC,1584982686995,2020-03-23T16:58:06.995Z,buy,0.0001038,1229.88,0.127661544
GVT/BTC,1584982686995,2020-03-23T16:58:06.995Z,buy,0.0001039,23.79,0.002471781
GVT/BTC,1584982686995,2020-03-23T16:58:06.995Z,buy,0.000104,45.42,0.00472368
GVT/BTC,1584982691740,2020-03-23T16:58:11.740Z,buy,0.0001039,41.26,0.004286914
GVT/BTC,1584982691740,2020-03-23T16:58:11.740Z,buy,0.000104,71.98,0.00748592
GVT/BTC,1584982703625,2020-03-23T16:58:23.625Z,buy,0.0001039,353.35,0.036713065
GVT/BTC,1584982703709,2020-03-23T16:58:23.709Z,sell,0.0001039,884.95,0.091946305
GVT/BTC,1584982704118,2020-03-23T16:58:24.118Z,buy,0.0001039,10.89,0.001131471
GVT/BTC,1584982704118,2020-03-23T16:58:24.118Z,buy,0.000104,1439.49,0.14970696
GVT/BTC,1584982704293,2020-03-23T16:58:24.293Z,sell,0.000104,2.6,0.0002704
GVT/BTC,1584982704304,2020-03-23T16:58:24.304Z,sell,0.000104,26.66,0.00277264
GVT/BTC,1584982704572,2020-03-23T16:58:24.572Z,sell,0.000104,8.5,0.0008839999999999
GVT/BTC,1584982704708,2020-03-23T16:58:24.708Z,sell,0.000104,201.92,0.0209996799999999
GVT/BTC,1584982707427,2020-03-23T16:58:27.427Z,buy,0.0001042,24.5,0.0025529
GVT/BTC,1584982707427,2020-03-23T16:58:27.427Z,sell,0.0001042,10.26,0.001069092
GVT/BTC,1584982707524,2020-03-23T16:58:27.524Z,sell,0.0001042,198.97,0.020732674
GVT/BTC,1584982708242,2020-03-23T16:58:28.242Z,buy,0.0001044,1.6,0.00016704
GVT/BTC,1584982708242,2020-03-23T16:58:28.242Z,buy,0.0001045,83.4,0.0087153
GVT/BTC,1584982709858,2020-03-23T16:58:29.858Z,sell,0.0001028,29.85,0.00306858
GVT/BTC,1584982710965,2020-03-23T16:58:30.965Z,buy,0.0001043,29.85,0.003113355
GVT/BTC,1584982710965,2020-03-23T16:58:30.965Z,buy,0.0001044,4.63,0.000483372
GVT/BTC,1584982710965,2020-03-23T16:58:30.965Z,buy,0.0001045,29.37,0.003069165
GVT/BTC,1584982713490,2020-03-23T16:58:33.490Z,buy,0.0001045,63.85,0.006672325
GVT/BTC,1584982716100,2020-03-23T16:58:36.100Z,buy,0.0001045,4.89,0.000511005
GVT/BTC,1584982716100,2020-03-23T16:58:36.100Z,buy,0.0001048,43.09,0.004515832
GVT/BTC,1584982718795,2020-03-23T16:58:38.795Z,buy,0.000105,31.85,0.00334425
GVT/BTC,1584982719837,2020-03-23T16:58:39.837Z,buy,0.000105,1.4,0.000147
GVT/BTC,1584982720488,2020-03-23T16:58:40.488Z,buy,0.000105,12.07,0.00126735
GVT/BTC,1584982722716,2020-03-23T16:58:42.716Z,buy,0.000105,18.15,0.00190575
GVT/BTC,1584982724316,2020-03-23T16:58:44.316Z,buy,0.0001049,9.15,0.000959835
GVT/BTC,1584982730750,2020-03-23T16:58:50.750Z,buy,0.0001049,9.21,0.000966129
GVT/BTC,1584982730750,2020-03-23T16:58:50.750Z,buy,0.0001049,9.21,0.000966129
GVT/BTC,1584982745528,2020-03-23T16:59:05.528Z,sell,0.000104,43.66,0.0045406399999999
GVT/BTC,1584982747991,2020-03-23T16:59:07.991Z,sell,0.000104,5.49,0.00057096
GVT/BTC,1584982752054,2020-03-23T16:59:12.054Z,sell,0.0001037,0.99,0.000102663
GVT/BTC,1584982755903,2020-03-23T16:59:15.903Z,sell,0.0001037,0.12,1.2444e-05
GVT/BTC,1584982838883,2020-03-23T17:00:38.883Z,buy,0.0001046,4.79,0.000501034
GVT/BTC,1584982847601,2020-03-23T17:00:47.601Z,sell,0.0001033,183.26,0.018930758
GVT/BTC,1584982920898,2020-03-23T17:02:00.898Z,sell,0.0001034,1.4,0.00014476
GVT/BTC,1584982927865,2020-03-23T17:02:07.865Z,sell,0.0001034,13.76,0.001422784
GVT/BTC,1584982931229,2020-03-23T17:02:11.229Z,sell,0.0001031,4.85,0.0005000349999999
GVT/BTC,1584982931229,2020-03-23T17:02:11.229Z,sell,0.0001027,0.15,1.5405e-05
GVT/BTC,1584983003987,2020-03-23T17:03:23.987Z,buy,0.0001033,9.1,0.00094003
GVT/BTC,1584983013901,2020-03-23T17:03:33.901Z,sell,0.0001027,74.14,0.007614178
GVT/BTC,1584983013989,2020-03-23T17:03:33.989Z,buy,0.0001027,12.1,0.00124267
GVT/BTC,1584983020189,2020-03-23T17:03:40.189Z,sell,0.0001026,356.04,0.036529704
GVT/BTC,1584983020189,2020-03-23T17:03:40.189Z,sell,0.0001025,305.93,0.031357825
GVT/BTC,1584983038396,2020-03-23T17:03:58.396Z,buy,0.0001029,35.26,0.0036282539999999
GVT/BTC,1584983038396,2020-03-23T17:03:58.396Z,buy,0.000103,63.74,0.00656522
GVT/BTC,1584983041174,2020-03-23T17:04:01.174Z,buy,0.000103,33.64,0.00346492
GVT/BTC,1584983041174,2020-03-23T17:04:01.174Z,buy,0.0001032,21.36,0.002204352
GVT/BTC,1584983048126,2020-03-23T17:04:08.126Z,buy,0.0001028,29.22,0.003003816
GVT/BTC,1584983048126,2020-03-23T17:04:08.126Z,buy,0.0001032,95.5,0.0098556
GVT/BTC,1584983054488,2020-03-23T17:04:14.488Z,buy,0.0001032,124.72,0.012871104
GVT/BTC,1584983057830,2020-03-23T17:04:17.830Z,buy,0.0001033,8.13,0.000839829
GVT/BTC,1584983057830,2020-03-23T17:04:17.830Z,buy,0.0001038,54.92,0.005700696
GVT/BTC,1584983061797,2020-03-23T17:04:21.797Z,buy,0.0001039,33.9,0.00352221
GVT/BTC,1584983061797,2020-03-23T17:04:21.797Z,buy,0.0001042,28.79,0.002999918
GVT/BTC,1584983065039,2020-03-23T17:04:25.039Z,buy,0.0001043,13.63,0.001421609
GVT/BTC,1584983065039,2020-03-23T17:04:25.039Z,buy,0.0001045,33.56,0.00350702
GVT/BTC,1584983067807,2020-03-23T17:04:27.807Z,buy,0.0001045,4.79,0.000500555
GVT/BTC,1584983071037,2020-03-23T17:04:31.037Z,buy,0.0001044,57.34,0.005986296
GVT/BTC,1584983071037,2020-03-23T17:04:31.037Z,buy,0.0001045,21.99,0.002297955
GVT/BTC,1584983098267,2020-03-23T17:04:58.267Z,sell,0.0001031,132.61,0.013672091
GVT/BTC,1584983139756,2020-03-23T17:05:39.756Z,sell,0.000103,4.86,0.00050058
GVT/BTC,1584983139756,2020-03-23T17:05:39.756Z,sell,0.0001026,498.63,0.051159438
GVT/BTC,1584983139811,2020-03-23T17:05:39.811Z,buy,0.0001026,396.18,0.040648068
GVT/BTC,1584983145264,2020-03-23T17:05:45.264Z,buy,0.0001038,0.98,0.000101724
GVT/BTC,1584983156291,2020-03-23T17:05:56.291Z,sell,0.0001031,399.84,0.0412235039999999
GVT/BTC,1584983156291,2020-03-23T17:05:56.291Z,sell,0.000103,499.84,0.05148352
GVT/BTC,1584983257141,2020-03-23T17:07:37.141Z,sell,0.0001027,16.98,0.001743846
GVT/BTC,1584983343187,2020-03-23T17:09:03.187Z,buy,0.000103,68.92,0.00709876
GVT/BTC,1584983343187,2020-03-23T17:09:03.187Z,buy,0.0001031,31.08,0.0032043479999999
GVT/BTC,1584983521089,2020-03-23T17:12:01.089Z,sell,0.0001024,105.48,0.010801152
GVT/BTC,1584983521089,2020-03-23T17:12:01.089Z,sell,0.0001023,0.98,0.000100254
GVT/BTC,1584983521089,2020-03-23T17:12:01.089Z,sell,0.0001019,361.32,0.036818508
GVT/BTC,1584983549220,2020-03-23T17:12:29.220Z,sell,0.0001023,18.98,0.001941654
GVT/BTC,1584983549220,2020-03-23T17:12:29.220Z,sell,0.0001019,14.69,0.0014969109999999
GVT/BTC,1584983549235,2020-03-23T17:12:29.235Z,buy,0.0001019,27.79,0.0028318009999999
GVT/BTC,1584983549252,2020-03-23T17:12:29.252Z,buy,0.0001019,27.79,0.0028318009999999
GVT/BTC,1584983549270,2020-03-23T17:12:29.270Z,buy,0.0001019,27.79,0.0028318009999999
GVT/BTC,1584983549300,2020-03-23T17:12:29.300Z,buy,0.0001019,116.45,0.011866255
GVT/BTC,1584983755977,2020-03-23T17:15:55.977Z,buy,0.0001028,204.6,0.02103288
GVT/BTC,1584983755977,2020-03-23T17:15:55.977Z,buy,0.0001029,199.92,0.0205717679999999
GVT/BTC,1584983755977,2020-03-23T17:15:55.977Z,buy,0.0001031,68.92,0.007105652
GVT/BTC,1584983755977,2020-03-23T17:15:55.977Z,buy,0.0001032,4.85,0.00050052
GVT/BTC,1584983755977,2020-03-23T17:15:55.977Z,buy,0.0001033,43.31,0.004473923
GVT/BTC,1584983940160,2020-03-23T17:19:00.160Z,buy,0.0001033,2.15,0.000222095
GVT/BTC,1584984182730,2020-03-23T17:23:02.730Z,sell,0.0001024,48.82,0.004999168
GVT/BTC,1584984182767,2020-03-23T17:23:02.767Z,buy,0.0001024,20.95,0.00214528
GVT/BTC,1584984232374,2020-03-23T17:23:52.374Z,sell,0.0001022,65.75,0.00671965
GVT/BTC,1584984232374,2020-03-23T17:23:52.374Z,sell,0.000102,49.67,0.00506634
GVT/BTC,1584984232412,2020-03-23T17:23:52.412Z,buy,0.000102,15.44,0.0015748799999999
GVT/BTC,1584984232480,2020-03-23T17:23:52.480Z,buy,0.000102,118.26,0.01206252
GVT/BTC,1584984232487,2020-03-23T17:23:52.487Z,buy,0.000102,5.7,0.0005814
GVT/BTC,1584984299000,2020-03-23T17:24:59.000Z,sell,0.000102,3.78,0.0003855599999999
GVT/BTC,1584984299354,2020-03-23T17:24:59.354Z,sell,0.000102,4.07,0.00041514
GVT/BTC,1584984326110,2020-03-23T17:25:26.110Z,sell,0.000102,22.28,0.00227256
GVT/BTC,1584984326208,2020-03-23T17:25:26.208Z,buy,0.000102,93.64,0.00955128
GVT/BTC,1584984433917,2020-03-23T17:27:13.917Z,buy,0.0001026,69.93,0.007174818
GVT/BTC,1584984433936,2020-03-23T17:27:13.936Z,buy,0.0001027,32.24,0.003311048
GVT/BTC,1584984561944,2020-03-23T17:29:21.944Z,sell,0.0001027,100.0,0.01027
GVT/BTC,1584984578373,2020-03-23T17:29:38.373Z,sell,0.0001027,10.02,0.001029054
GVT/BTC,1584984599307,2020-03-23T17:29:59.307Z,sell,0.0001027,100.0,0.01027
GVT/BTC,1584984682574,2020-03-23T17:31:22.574Z,sell,0.000102,66.56,0.00678912
GVT/BTC,1584984682607,2020-03-23T17:31:22.607Z,buy,0.000102,3.31,0.00033762
GVT/BTC,1584985257666,2020-03-23T17:40:57.666Z,buy,0.0001023,41.47,0.004242381
GVT/BTC,1584985303551,2020-03-23T17:41:43.551Z,buy,0.0001028,4.73,0.000486244
GVT/BTC,1584985303551,2020-03-23T17:41:43.551Z,buy,0.0001031,59.65,0.006149915
GVT/BTC,1584985331027,2020-03-23T17:42:11.027Z,buy,0.0001028,15.72,0.001616016
GVT/BTC,1584985497174,2020-03-23T17:44:57.174Z,sell,0.0001022,23.79,0.002431338
GVT/BTC,1584985519858,2020-03-23T17:45:19.858Z,buy,0.0001028,42.39,0.004357692
GVT/BTC,1584985528154,2020-03-23T17:45:28.154Z,sell,0.0001022,2.34,0.000239148
GVT/BTC,1584985672408,2020-03-23T17:47:52.408Z,buy,0.0001028,13.17,0.001353876
GVT/BTC,1584985672408,2020-03-23T17:47:52.408Z,buy,0.0001029,14.09,0.001449861
GVT/BTC,1584985672408,2020-03-23T17:47:52.408Z,buy,0.0001031,125.43,0.012931833
GVT/BTC,1584985714183,2020-03-23T17:48:34.183Z,buy,0.0001031,8.48,0.000874288
GVT/BTC,1584985730542,2020-03-23T17:48:50.542Z,sell,0.0001022,3.88,0.000396536
GVT/BTC,1584985884791,2020-03-23T17:51:24.791Z,sell,0.0001025,5.23,0.000536075
GVT/BTC,1584985886297,2020-03-23T17:51:26.297Z,sell,0.0001025,11.03,0.001130575
GVT/BTC,1584985902644,2020-03-23T17:51:42.644Z,sell,0.0001025,81.29,0.008332225
GVT/BTC,1584985964786,2020-03-23T17:52:44.786Z,sell,0.0001022,598.94,0.061211668
GVT/BTC,1584986034710,2020-03-23T17:53:54.710Z,buy,0.0001025,18.03,0.001848075
GVT/BTC,1584986034710,2020-03-23T17:53:54.710Z,buy,0.0001025,18.03,0.001848075
GVT/BTC,1584986449661,2020-03-23T18:00:49.661Z,sell,0.0001023,14.71,0.001504833
GVT/BTC,1584986922059,2020-03-23T18:08:42.059Z,buy,0.0001031,36.94,0.003808514
GVT/BTC,1584986922059,2020-03-23T18:08:42.059Z,buy,0.0001033,258.27,0.0266792909999999
GVT/BTC,1584986922117,2020-03-23T18:08:42.117Z,sell,0.0001033,4.79,0.000494807
GVT/BTC,1584986927510,2020-03-23T18:08:47.510Z,sell,0.0001026,4.79,0.000491454
GVT/BTC,1584986927510,2020-03-23T18:08:47.510Z,sell,0.0001025,74.52,0.0076383
GVT/BTC,1584986927510,2020-03-23T18:08:47.510Z,sell,0.0001024,156.86,0.016062464
GVT/BTC,1584986945021,2020-03-23T18:09:05.021Z,buy,0.0001032,58.37,0.006023784
GVT/BTC,1584986945021,2020-03-23T18:09:05.021Z,buy,0.0001033,195.9,0.02023647
GVT/BTC,1584987251255,2020-03-23T18:14:11.255Z,buy,0.0001032,0.98,0.000101136
GVT/BTC,1584987264539,2020-03-23T18:14:24.539Z,buy,0.0001032,1.94,0.000200208
GVT/BTC,1584987420966,2020-03-23T18:17:00.966Z,buy,0.0001031,2.55,0.0002629049999999
GVT/BTC,1584987636957,2020-03-23T18:20:36.957Z,buy,0.0001031,4.18,0.0004309579999999
GVT/BTC,1584987654638,2020-03-23T18:20:54.638Z,buy,0.0001033,5.34,0.000551622
GVT/BTC,1584987654638,2020-03-23T18:20:54.638Z,buy,0.0001034,1.95,0.00020163
GVT/BTC,1584987654638,2020-03-23T18:20:54.638Z,buy,0.0001035,0.97,0.0001003949999999
GVT/BTC,1584987654638,2020-03-23T18:20:54.638Z,buy,0.0001037,3.05,0.0003162849999999
GVT/BTC,1584987654638,2020-03-23T18:20:54.638Z,buy,0.0001038,18.9,0.00196182
GVT/BTC,1584987759219,2020-03-23T18:22:39.219Z,buy,0.0001038,0.98,0.000101724
GVT/BTC,1584987935747,2020-03-23T18:25:35.747Z,buy,0.0001037,0.98,0.0001016259999999
GVT/BTC,1584987936841,2020-03-23T18:25:36.841Z,sell,0.0001035,0.97,0.0001003949999999
GVT/BTC,1584988259012,2020-03-23T18:30:59.012Z,sell,0.0001031,31.91,0.003289921
GVT/BTC,1584988259012,2020-03-23T18:30:59.012Z,sell,0.0001029,17.0,0.0017492999999999
GVT/BTC,1584988259012,2020-03-23T18:30:59.012Z,sell,0.0001028,7304.11,0.750862508
GVT/BTC,1584988570008,2020-03-23T18:36:10.008Z,sell,0.0001024,6.96,0.000712704
GVT/BTC,1584988570008,2020-03-23T18:36:10.008Z,sell,0.0001023,289.06,0.029570838
GVT/BTC,1584988570155,2020-03-23T18:36:10.155Z,sell,0.0001019,5.3,0.0005400699999999
GVT/BTC,1584988584702,2020-03-23T18:36:24.702Z,buy,0.0001023,8.02,0.000820446
GVT/BTC,1584988660461,2020-03-23T18:37:40.461Z,sell,0.0001016,608.14,0.061787024
GVT/BTC,1584988712896,2020-03-23T18:38:32.896Z,sell,0.0001017,556.57,0.056603169
GVT/BTC,1584988774198,2020-03-23T18:39:34.198Z,sell,0.0001017,155.55,0.015819435
GVT/BTC,1584988801793,2020-03-23T18:40:01.793Z,buy,0.0001017,15.7,0.00159669
GVT/BTC,1584988801796,2020-03-23T18:40:01.796Z,buy,0.0001017,124.3,0.01264131
GVT/BTC,1584988824900,2020-03-23T18:40:24.900Z,sell,0.0001016,127.06,0.012909296
GVT/BTC,1584988824900,2020-03-23T18:40:24.900Z,sell,0.0001015,319.31,0.032409965
GVT/BTC,1584988824900,2020-03-23T18:40:24.900Z,sell,0.0001014,137.17,0.0139090379999999
GVT/BTC,1584988824900,2020-03-23T18:40:24.900Z,sell,0.0001013,221.21,0.022408573
GVT/BTC,1584988824900,2020-03-23T18:40:24.900Z,sell,0.0001012,6.3,0.0006375599999999
GVT/BTC,1584988824900,2020-03-23T18:40:24.900Z,sell,0.0001011,444.49,0.044937939
GVT/BTC,1584988824900,2020-03-23T18:40:24.900Z,sell,0.000101,1116.83,0.1127998299999999
GVT/BTC,1584988824919,2020-03-23T18:40:24.919Z,buy,0.000101,474.59,0.04793359
GVT/BTC,1584988824985,2020-03-23T18:40:24.985Z,buy,0.000101,43.91,0.0044349099999999
GVT/BTC,1584988825006,2020-03-23T18:40:25.006Z,sell,0.0001009,157.33,0.015874597
GVT/BTC,1584988825088,2020-03-23T18:40:25.088Z,buy,0.000101,298.22,0.03012022
GVT/BTC,1584988825195,2020-03-23T18:40:25.195Z,buy,0.000101,473.47,0.04782047
GVT/BTC,1584988825298,2020-03-23T18:40:25.298Z,buy,0.000101,348.12,0.03516012
GVT/BTC,1584988825403,2020-03-23T18:40:25.403Z,buy,0.000101,466.52,0.04711852
GVT/BTC,1584988826505,2020-03-23T18:40:26.505Z,sell,0.0001008,356.48,0.035933184
GVT/BTC,1584988828011,2020-03-23T18:40:28.011Z,buy,0.000101,61.23,0.00618423
GVT/BTC,1584988830896,2020-03-23T18:40:30.896Z,buy,0.0001009,45.13,0.004553617
GVT/BTC,1584988838701,2020-03-23T18:40:38.701Z,buy,0.000101,4.44,0.00044844
GVT/BTC,1584988839233,2020-03-23T18:40:39.233Z,buy,0.0001012,17.0,0.0017204
GVT/BTC,1584988839233,2020-03-23T18:40:39.233Z,buy,0.0001014,2.79,0.000282906
GVT/BTC,1584988839233,2020-03-23T18:40:39.233Z,buy,0.0001015,5.89,0.000597835
GVT/BTC,1584988839233,2020-03-23T18:40:39.233Z,buy,0.0001016,6.71,0.000681736
GVT/BTC,1584988844407,2020-03-23T18:40:44.407Z,buy,0.0001015,19.57,0.001986355
GVT/BTC,1584988861105,2020-03-23T18:41:01.105Z,buy,0.0001011,9.36,0.000946296
GVT/BTC,1584988862108,2020-03-23T18:41:02.108Z,buy,0.0001011,9.36,0.000946296
GVT/BTC,1584988863114,2020-03-23T18:41:03.114Z,buy,0.0001011,9.36,0.000946296
GVT/BTC,1584988864135,2020-03-23T18:41:04.135Z,buy,0.0001011,9.36,0.000946296
GVT/BTC,1584988864338,2020-03-23T18:41:04.338Z,buy,0.0001011,56.12,0.005673732
GVT/BTC,1584988864338,2020-03-23T18:41:04.338Z,buy,0.0001015,439.84,0.04464376
GVT/BTC,1584988865258,2020-03-23T18:41:05.258Z,sell,0.0001015,31.9,0.00323785
GVT/BTC,1584988865310,2020-03-23T18:41:05.310Z,sell,0.0001015,23.79,0.0024146849999999
GVT/BTC,1584988873051,2020-03-23T18:41:13.051Z,buy,0.0001016,17.09,0.001736344
GVT/BTC,1584988873051,2020-03-23T18:41:13.051Z,buy,0.0001017,172.4,0.01753308
GVT/BTC,1584988873051,2020-03-23T18:41:13.051Z,buy,0.0001018,330.54,0.033648972
GVT/BTC,1584988873109,2020-03-23T18:41:13.109Z,sell,0.0001018,30.21,0.0030753779999999
GVT/BTC,1584988947785,2020-03-23T18:42:27.785Z,sell,0.0001011,49.36,0.004990296
GVT/BTC,1584988947785,2020-03-23T18:42:27.785Z,sell,0.000101,658.56,0.06651456
GVT/BTC,1584988947785,2020-03-23T18:42:27.785Z,sell,0.0001009,1268.69,0.128010821
GVT/BTC,1584988947829,2020-03-23T18:42:27.829Z,sell,0.0001008,3188.68,0.321418944
GVT/BTC,1584988947840,2020-03-23T18:42:27.840Z,buy,0.0001009,6.95,0.000701255
GVT/BTC,1584988947845,2020-03-23T18:42:27.845Z,sell,0.0001008,128.07,0.012909456
GVT/BTC,1584988949029,2020-03-23T18:42:29.029Z,sell,0.0001008,2303.66,0.2322089279999999
GVT/BTC,1584988950028,2020-03-23T18:42:30.028Z,sell,0.0001008,1599.31,0.1612104479999999
GVT/BTC,1584988951126,2020-03-23T18:42:31.126Z,sell,0.0001008,175.91,0.017731728
GVT/BTC,1584988951126,2020-03-23T18:42:31.126Z,sell,0.0001007,172.78,0.017398946
GVT/BTC,1584988952134,2020-03-23T18:42:32.134Z,sell,0.0001006,26.32,0.002647792
GVT/BTC,1584988952134,2020-03-23T18:42:32.134Z,sell,0.0001005,970.12,0.09749706
GVT/BTC,1584988953235,2020-03-23T18:42:33.235Z,sell,0.0001005,241.78,0.02429889
GVT/BTC,1584989127489,2020-03-23T18:45:27.489Z,buy,0.0001007,15.0,0.0015105
GVT/BTC,1584989127892,2020-03-23T18:45:27.892Z,buy,0.0001007,4.65,0.000468255
GVT/BTC,1584989128486,2020-03-23T18:45:28.486Z,buy,0.0001008,120.68,0.012164544
GVT/BTC,1584989176646,2020-03-23T18:46:16.646Z,buy,0.0001013,0.97,9.8261e-05
GVT/BTC,1584989237171,2020-03-23T18:47:17.171Z,sell,0.0001006,298.21,0.029999926
GVT/BTC,1584989237171,2020-03-23T18:47:17.171Z,sell,0.0001004,173.4,0.01740936
GVT/BTC,1584989237171,2020-03-23T18:47:17.171Z,sell,0.0001003,45.97,0.0046107909999999
GVT/BTC,1584989237171,2020-03-23T18:47:17.171Z,sell,0.0001002,766.88,0.076841376
GVT/BTC,1584989237171,2020-03-23T18:47:17.171Z,sell,0.0001001,26.4,0.0026426399999999
GVT/BTC,1584989237171,2020-03-23T18:47:17.171Z,sell,0.0001,184.61,0.018461
GVT/BTC,1584989237184,2020-03-23T18:47:17.184Z,buy,0.0001,324.58,0.032458
GVT/BTC,1584989237188,2020-03-23T18:47:17.188Z,buy,0.0001,238.41,0.023841
GVT/BTC,1584989237189,2020-03-23T18:47:17.189Z,buy,0.0001,159.76,0.015976
GVT/BTC,1584989237290,2020-03-23T18:47:17.290Z,buy,0.0001,2.6,0.00026
GVT/BTC,1584989237318,2020-03-23T18:47:17.318Z,sell,9.99e-05,4.65,0.000464535
GVT/BTC,1584989237426,2020-03-23T18:47:17.426Z,buy,0.0001,470.0,0.047
GVT/BTC,1584989241221,2020-03-23T18:47:21.221Z,sell,9.99e-05,287.6,0.02873124
GVT/BTC,1584989268180,2020-03-23T18:47:48.180Z,sell,9.98e-05,4.41,0.000440118
GVT/BTC,1584989268180,2020-03-23T18:47:48.180Z,sell,9.97e-05,20.02,0.001995994
GVT/BTC,1584989268180,2020-03-23T18:47:48.180Z,sell,9.96e-05,83.49,0.0083156039999999
GVT/BTC,1584989268424,2020-03-23T18:47:48.424Z,buy,0.0001,18.98,0.001898
GVT/BTC,1584989274388,2020-03-23T18:47:54.388Z,sell,9.98e-05,438.63,0.043775274
GVT/BTC,1584989274388,2020-03-23T18:47:54.388Z,sell,9.96e-05,1576.23,0.156992508
GVT/BTC,1584989274408,2020-03-23T18:47:54.408Z,buy,9.96e-05,0.37,3.6852e-05
GVT/BTC,1584989329867,2020-03-23T18:48:49.867Z,buy,9.99e-05,324.62,0.032429538
GVT/BTC,1584989344730,2020-03-23T18:49:04.730Z,buy,0.0001,0.01,1.0000000000000002e-06
GVT/BTC,1584989346740,2020-03-23T18:49:06.740Z,buy,0.0001004,20.02,0.0020100079999999
GVT/BTC,1584989347724,2020-03-23T18:49:07.724Z,buy,0.0001004,4.76,0.0004779039999999
GVT/BTC,1584989350060,2020-03-23T18:49:10.060Z,buy,0.0001007,3.75,0.000377625
GVT/BTC,1584989353282,2020-03-23T18:49:13.282Z,buy,0.0001007,4.83,0.000486381
GVT/BTC,1584989353356,2020-03-23T18:49:13.356Z,sell,0.0001007,1.51,0.0001520569999999
GVT/BTC,1584989497104,2020-03-23T18:51:37.104Z,buy,0.0001007,0.27,2.7189e-05
GVT/BTC,1584989527528,2020-03-23T18:52:07.528Z,sell,9.99e-05,174.28,0.017410572
GVT/BTC,1584989527528,2020-03-23T18:52:07.528Z,sell,9.95e-05,209.38,0.02083331
GVT/BTC,1584989527528,2020-03-23T18:52:07.528Z,sell,9.94e-05,170.29,0.016926826
GVT/BTC,1584989527528,2020-03-23T18:52:07.528Z,sell,9.93e-05,37.17,0.003690981
GVT/BTC,1584989527528,2020-03-23T18:52:07.528Z,sell,9.92e-05,576.61,0.057199712
GVT/BTC,1584989527528,2020-03-23T18:52:07.528Z,sell,9.91e-05,5.57,0.000551987
GVT/BTC,1584989527528,2020-03-23T18:52:07.528Z,sell,9.9e-05,2892.72,0.2863792799999999
GVT/BTC,1584989527536,2020-03-23T18:52:07.536Z,buy,9.9e-05,29.92,0.00296208
GVT/BTC,1584989527536,2020-03-23T18:52:07.536Z,buy,9.9e-05,29.92,0.00296208
GVT/BTC,1584989527536,2020-03-23T18:52:07.536Z,buy,9.9e-05,29.92,0.00296208
GVT/BTC,1584989527536,2020-03-23T18:52:07.536Z,buy,9.9e-05,29.92,0.00296208
GVT/BTC,1584989527536,2020-03-23T18:52:07.536Z,buy,9.9e-05,29.92,0.00296208
GVT/BTC,1584989527537,2020-03-23T18:52:07.537Z,buy,9.9e-05,29.92,0.00296208
GVT/BTC,1584989527537,2020-03-23T18:52:07.537Z,buy,9.9e-05,29.92,0.00296208
GVT/BTC,1584989527537,2020-03-23T18:52:07.537Z,buy,9.9e-05,29.92,0.00296208
GVT/BTC,1584989527538,2020-03-23T18:52:07.538Z,buy,9.9e-05,29.92,0.00296208
GVT/BTC,1584989527538,2020-03-23T18:52:07.538Z,buy,9.9e-05,29.92,0.00296208
GVT/BTC,1584989527538,2020-03-23T18:52:07.538Z,buy,9.9e-05,29.92,0.00296208
GVT/BTC,1584989527538,2020-03-23T18:52:07.538Z,buy,9.9e-05,29.92,0.00296208
GVT/BTC,1584989527538,2020-03-23T18:52:07.538Z,buy,9.9e-05,29.92,0.00296208
GVT/BTC,1584989527538,2020-03-23T18:52:07.538Z,buy,9.9e-05,29.92,0.00296208
GVT/BTC,1584989527539,2020-03-23T18:52:07.539Z,buy,9.9e-05,29.92,0.00296208
GVT/BTC,1584989527539,2020-03-23T18:52:07.539Z,buy,9.9e-05,29.92,0.00296208
GVT/BTC,1584989527539,2020-03-23T18:52:07.539Z,buy,9.9e-05,29.92,0.00296208
GVT/BTC,1584989527539,2020-03-23T18:52:07.539Z,buy,9.9e-05,29.92,0.00296208
GVT/BTC,1584989527540,2020-03-23T18:52:07.540Z,buy,9.9e-05,29.92,0.00296208
GVT/BTC,1584989527541,2020-03-23T18:52:07.541Z,buy,9.9e-05,29.92,0.00296208
GVT/BTC,1584989527541,2020-03-23T18:52:07.541Z,buy,9.9e-05,29.92,0.00296208
GVT/BTC,1584989527541,2020-03-23T18:52:07.541Z,buy,9.9e-05,29.92,0.00296208
GVT/BTC,1584989527542,2020-03-23T18:52:07.542Z,buy,9.9e-05,29.92,0.00296208
GVT/BTC,1584989527542,2020-03-23T18:52:07.542Z,buy,9.9e-05,29.92,0.00296208
GVT/BTC,1584989527542,2020-03-23T18:52:07.542Z,buy,9.9e-05,29.92,0.00296208
GVT/BTC,1584989527542,2020-03-23T18:52:07.542Z,buy,9.9e-05,29.92,0.00296208
GVT/BTC,1584989527542,2020-03-23T18:52:07.542Z,buy,9.9e-05,29.92,0.00296208
GVT/BTC,1584989527543,2020-03-23T18:52:07.543Z,buy,9.9e-05,29.92,0.00296208
GVT/BTC,1584989527543,2020-03-23T18:52:07.543Z,buy,9.9e-05,29.92,0.00296208
GVT/BTC,1584989527543,2020-03-23T18:52:07.543Z,buy,9.9e-05,29.92,0.00296208
GVT/BTC,1584989527543,2020-03-23T18:52:07.543Z,buy,9.9e-05,29.92,0.00296208
GVT/BTC,1584989527543,2020-03-23T18:52:07.543Z,buy,9.9e-05,29.92,0.00296208
GVT/BTC,1584989527544,2020-03-23T18:52:07.544Z,buy,9.9e-05,29.92,0.00296208
GVT/BTC,1584989527546,2020-03-23T18:52:07.546Z,buy,9.9e-05,29.92,0.00296208
GVT/BTC,1584989527547,2020-03-23T18:52:07.547Z,buy,9.9e-05,29.92,0.00296208
GVT/BTC,1584989527590,2020-03-23T18:52:07.590Z,sell,9.89e-05,21.18,0.002094702
GVT/BTC,1584989527661,2020-03-23T18:52:07.661Z,buy,9.9e-05,7.08,0.00070092
GVT/BTC,1584989527713,2020-03-23T18:52:07.713Z,sell,9.88e-05,150.0,0.01482
GVT/BTC,1584989527713,2020-03-23T18:52:07.713Z,sell,9.87e-05,49.67,0.004902429
GVT/BTC,1584989527713,2020-03-23T18:52:07.713Z,sell,9.86e-05,85.73,0.008452978
GVT/BTC,1584989527713,2020-03-23T18:52:07.713Z,sell,9.85e-05,429.44,0.04229984
GVT/BTC,1584989527713,2020-03-23T18:52:07.713Z,sell,9.84e-05,101.22,0.009960048
GVT/BTC,1584989527713,2020-03-23T18:52:07.713Z,sell,9.83e-05,158.41,0.015571703
GVT/BTC,1584989527994,2020-03-23T18:52:07.994Z,sell,9.88e-05,323.11,0.031923268
GVT/BTC,1584989528692,2020-03-23T18:52:08.692Z,sell,9.88e-05,146.88,0.014511744
GVT/BTC,1584989529543,2020-03-23T18:52:09.543Z,sell,9.88e-05,0.01,9.88e-07
GVT/BTC,1584989529556,2020-03-23T18:52:09.556Z,buy,9.87e-05,12.81,0.001264347
GVT/BTC,1584989529674,2020-03-23T18:52:09.674Z,buy,9.87e-05,2.6,0.00025662
GVT/BTC,1584989529863,2020-03-23T18:52:09.863Z,buy,9.87e-05,8.32,0.000821184
GVT/BTC,1584989547149,2020-03-23T18:52:27.149Z,sell,9.89e-05,1.52,0.000150328
GVT/BTC,1584989571212,2020-03-23T18:52:51.212Z,buy,9.87e-05,60.86,0.006006882
GVT/BTC,1584989594022,2020-03-23T18:53:14.022Z,buy,9.88e-05,63.99,0.006322212
GVT/BTC,1584989595090,2020-03-23T18:53:15.090Z,buy,9.88e-05,80.56,0.007959328
GVT/BTC,1584989596122,2020-03-23T18:53:16.122Z,buy,9.88e-05,25.15,0.00248482
GVT/BTC,1584989597823,2020-03-23T18:53:17.823Z,buy,9.89e-05,28.33,0.002801837
GVT/BTC,1584989598214,2020-03-23T18:53:18.214Z,buy,9.88e-05,117.77,0.011635676
GVT/BTC,1584989609626,2020-03-23T18:53:29.626Z,buy,9.89e-05,15.21,0.001504269
GVT/BTC,1584989609626,2020-03-23T18:53:29.626Z,buy,9.89e-05,15.21,0.001504269
GVT/BTC,1584989644812,2020-03-23T18:54:04.812Z,buy,9.9e-05,23.2,0.0022968
GVT/BTC,1584989645035,2020-03-23T18:54:05.035Z,buy,9.9e-05,75.29,0.00745371
GVT/BTC,1584989645503,2020-03-23T18:54:05.503Z,buy,9.92e-05,10.1,0.00100192
GVT/BTC,1584989646041,2020-03-23T18:54:06.041Z,buy,9.92e-05,33.74,0.003347008
GVT/BTC,1584989646064,2020-03-23T18:54:06.064Z,buy,9.92e-05,9.08,0.000900736
GVT/BTC,1584989646748,2020-03-23T18:54:06.748Z,buy,9.92e-05,21.16,0.002099072
GVT/BTC,1584989647061,2020-03-23T18:54:07.061Z,buy,9.92e-05,6.51,0.000645792
GVT/BTC,1584989647431,2020-03-23T18:54:07.431Z,buy,9.92e-05,49.36,0.0048965119999999
GVT/BTC,1584989648064,2020-03-23T18:54:08.064Z,buy,9.93e-05,8.32,0.000826176
GVT/BTC,1584989649078,2020-03-23T18:54:09.078Z,buy,9.94e-05,1.69,0.000167986
GVT/BTC,1584989649355,2020-03-23T18:54:09.355Z,buy,9.94e-05,0.31,3.0814e-05
GVT/BTC,1584989650208,2020-03-23T18:54:10.208Z,buy,9.94e-05,4.19,0.000416486
GVT/BTC,1584989650208,2020-03-23T18:54:10.208Z,buy,9.95e-05,29.68,0.00295316
GVT/BTC,1584989702459,2020-03-23T18:55:02.459Z,sell,9.95e-05,659.14,0.06558443
GVT/BTC,1584989713935,2020-03-23T18:55:13.935Z,buy,9.96e-05,1.11,0.000110556
GVT/BTC,1584989728638,2020-03-23T18:55:28.638Z,sell,9.93e-05,175.32,0.0174092759999999
GVT/BTC,1584989728638,2020-03-23T18:55:28.638Z,sell,9.92e-05,51.44,0.005102848
GVT/BTC,1584989728638,2020-03-23T18:55:28.638Z,sell,9.9e-05,96.01,0.00950499
GVT/BTC,1584989728638,2020-03-23T18:55:28.638Z,sell,9.89e-05,1091.77,0.107976053
GVT/BTC,1584989728658,2020-03-23T18:55:28.658Z,buy,9.89e-05,26.72,0.002642608
GVT/BTC,1584989728665,2020-03-23T18:55:28.665Z,buy,9.89e-05,148.28,0.014664892
GVT/BTC,1584989774742,2020-03-23T18:56:14.742Z,buy,9.93e-05,8.02,0.000796386
GVT/BTC,1584989810378,2020-03-23T18:56:50.378Z,buy,9.91e-05,25.29,0.002506239
GVT/BTC,1584989837787,2020-03-23T18:57:17.787Z,buy,9.93e-05,4.35,0.000431955
GVT/BTC,1584989882666,2020-03-23T18:58:02.666Z,sell,9.91e-05,16.57,0.001642087
GVT/BTC,1584989882666,2020-03-23T18:58:02.666Z,sell,9.9e-05,209.11,0.02070189
GVT/BTC,1584989885033,2020-03-23T18:58:05.033Z,buy,9.89e-05,37.17,0.003676113
GVT/BTC,1584989885109,2020-03-23T18:58:05.109Z,sell,9.88e-05,101.21,0.009999548
GVT/BTC,1584989891612,2020-03-23T18:58:11.612Z,buy,9.89e-05,19.23,0.001901847
GVT/BTC,1584989942745,2020-03-23T18:59:02.745Z,sell,9.89e-05,729.62,0.072159418
GVT/BTC,1584989947065,2020-03-23T18:59:07.065Z,sell,9.89e-05,501.87,0.049634943
GVT/BTC,1584989987721,2020-03-23T18:59:47.721Z,buy,9.96e-05,17.15,0.0017081399999999
GVT/BTC,1584989997485,2020-03-23T18:59:57.485Z,sell,9.89e-05,175.67,0.017373763
GVT/BTC,1584989997576,2020-03-23T18:59:57.576Z,sell,9.87e-05,14.47,0.001428189
GVT/BTC,1584990003136,2020-03-23T19:00:03.136Z,sell,9.83e-05,59.81,0.005879323
GVT/BTC,1584990003136,2020-03-23T19:00:03.136Z,sell,9.82e-05,52.08,0.005114256
GVT/BTC,1584990007169,2020-03-23T19:00:07.169Z,sell,9.83e-05,28.85,0.002835955
GVT/BTC,1584990033586,2020-03-23T19:00:33.586Z,buy,9.89e-05,28.85,0.002853265
GVT/BTC,1584990055662,2020-03-23T19:00:55.662Z,sell,9.88e-05,303.64,0.029999632
GVT/BTC,1584990058526,2020-03-23T19:00:58.526Z,sell,9.87e-05,70.92,0.006999804
GVT/BTC,1584990096703,2020-03-23T19:01:36.703Z,buy,9.9e-05,70.92,0.00702108
GVT/BTC,1584990107771,2020-03-23T19:01:47.771Z,sell,9.86e-05,187.48,0.0184855279999999
GVT/BTC,1584990107771,2020-03-23T19:01:47.771Z,sell,9.84e-05,66.38,0.006531792
GVT/BTC,1584990107771,2020-03-23T19:01:47.771Z,sell,9.83e-05,50.77,0.004990691
GVT/BTC,1584990107771,2020-03-23T19:01:47.771Z,sell,9.82e-05,114.54,0.011247828
GVT/BTC,1584990107787,2020-03-23T19:01:47.787Z,buy,9.82e-05,26.76,0.002627832
GVT/BTC,1584990107805,2020-03-23T19:01:47.805Z,buy,9.82e-05,902.76,0.088651032
GVT/BTC,1584990107829,2020-03-23T19:01:47.829Z,buy,9.82e-05,356.05,0.03496411
GVT/BTC,1584990107865,2020-03-23T19:01:47.865Z,buy,9.82e-05,6.36,0.000624552
GVT/BTC,1584990108383,2020-03-23T19:01:48.383Z,sell,9.81e-05,13.86,0.0013596659999999
GVT/BTC,1584990108809,2020-03-23T19:01:48.809Z,buy,9.82e-05,888.04,0.087205528
GVT/BTC,1584990109806,2020-03-23T19:01:49.806Z,buy,9.82e-05,616.53,0.0605432459999999
GVT/BTC,1584990110811,2020-03-23T19:01:50.811Z,buy,9.82e-05,428.02,0.042031564
GVT/BTC,1584990111812,2020-03-23T19:01:51.812Z,buy,9.82e-05,297.16,0.029181112
GVT/BTC,1584990111814,2020-03-23T19:01:51.814Z,sell,9.81e-05,26.76,0.002625156
GVT/BTC,1584990112813,2020-03-23T19:01:52.813Z,buy,9.82e-05,224.89,0.022084198
GVT/BTC,1584990113913,2020-03-23T19:01:53.913Z,buy,9.82e-05,156.0,0.0153192
GVT/BTC,1584990115915,2020-03-23T19:01:55.915Z,buy,9.82e-05,107.4,0.01054668
GVT/BTC,1584990117014,2020-03-23T19:01:57.014Z,buy,9.88e-05,50.77,0.005016076
GVT/BTC,1584990118014,2020-03-23T19:01:58.014Z,buy,9.87e-05,40.61,0.004008207
GVT/BTC,1584990227307,2020-03-23T19:03:47.307Z,buy,9.87e-05,4.95,0.000488565
GVT/BTC,1584990236850,2020-03-23T19:03:56.850Z,sell,9.88e-05,800.93,0.079131884
GVT/BTC,1584990267421,2020-03-23T19:04:27.421Z,buy,9.88e-05,120.0,0.011856
GVT/BTC,1584990294162,2020-03-23T19:04:54.162Z,sell,9.87e-05,250.44,0.024718428
GVT/BTC,1584990295182,2020-03-23T19:04:55.182Z,sell,9.85e-05,176.72,0.01740692
GVT/BTC,1584990297470,2020-03-23T19:04:57.470Z,sell,9.84e-05,18.8,0.00184992
GVT/BTC,1584990312573,2020-03-23T19:05:12.573Z,sell,9.85e-05,404.48,0.03984128
GVT/BTC,1584990337375,2020-03-23T19:05:37.375Z,buy,9.88e-05,28.82,0.002847416
GVT/BTC,1584990396757,2020-03-23T19:06:36.757Z,buy,9.89e-05,10.74,0.001062186
GVT/BTC,1584990423407,2020-03-23T19:07:03.407Z,buy,9.87e-05,3.48,0.000343476
GVT/BTC,1584990430739,2020-03-23T19:07:10.739Z,sell,9.86e-05,61.02,0.006016572
GVT/BTC,1584990430739,2020-03-23T19:07:10.739Z,sell,9.85e-05,3.42,0.0003368699999999
GVT/BTC,1584990431732,2020-03-23T19:07:11.732Z,buy,9.89e-05,0.97,9.5933e-05
GVT/BTC,1584990433719,2020-03-23T19:07:13.719Z,buy,9.89e-05,1.68,0.000166152
GVT/BTC,1584990434581,2020-03-23T19:07:14.581Z,buy,9.89e-05,30.65,0.003031285
GVT/BTC,1584990454790,2020-03-23T19:07:34.790Z,buy,9.9e-05,1.64,0.0001623599999999
GVT/BTC,1584990459919,2020-03-23T19:07:39.919Z,buy,9.91e-05,7.63,0.000756133
GVT/BTC,1584990512977,2020-03-23T19:08:32.977Z,sell,9.9e-05,866.86,0.08581914
GVT/BTC,1584990517051,2020-03-23T19:08:37.051Z,sell,9.89e-05,1076.91,0.106506399
GVT/BTC,1584990564802,2020-03-23T19:09:24.802Z,buy,9.96e-05,8.39,0.000835644
GVT/BTC,1584990594058,2020-03-23T19:09:54.058Z,sell,9.92e-05,21.51,0.002133792
GVT/BTC,1584990650665,2020-03-23T19:10:50.665Z,sell,9.9e-05,10.21,0.00101079
GVT/BTC,1584990650665,2020-03-23T19:10:50.665Z,sell,9.86e-05,10.85,0.00106981
GVT/BTC,1584990650665,2020-03-23T19:10:50.665Z,sell,9.85e-05,122.13,0.012029805
GVT/BTC,1584990650734,2020-03-23T19:10:50.734Z,buy,9.85e-05,6.27,0.000617595
GVT/BTC,1584990658782,2020-03-23T19:10:58.782Z,buy,9.84e-05,52.63,0.005178792
GVT/BTC,1584990668256,2020-03-23T19:11:08.256Z,sell,9.84e-05,68.41,0.006731544
GVT/BTC,1584990668256,2020-03-23T19:11:08.256Z,sell,9.79e-05,104.03,0.0101845369999999
GVT/BTC,1584990668263,2020-03-23T19:11:08.263Z,buy,9.79e-05,121.95,0.011938905
GVT/BTC,1584990668270,2020-03-23T19:11:08.270Z,buy,9.79e-05,57.4,0.00561946
GVT/BTC,1584990668278,2020-03-23T19:11:08.278Z,sell,9.78e-05,29.63,0.002897814
GVT/BTC,1584990668278,2020-03-23T19:11:08.278Z,sell,9.77e-05,27.78,0.002714106
GVT/BTC,1584990668278,2020-03-23T19:11:08.278Z,sell,9.77e-05,1.16,0.0001133319999999
GVT/BTC,1584990668290,2020-03-23T19:11:08.290Z,buy,9.79e-05,748.68,0.073295772
GVT/BTC,1584990668295,2020-03-23T19:11:08.295Z,buy,9.79e-05,588.89,0.0576523309999999
GVT/BTC,1584990668375,2020-03-23T19:11:08.375Z,buy,9.79e-05,2.6,0.00025454
GVT/BTC,1584990669391,2020-03-23T19:11:09.391Z,buy,9.79e-05,970.3,0.0949923699999999
GVT/BTC,1584990670485,2020-03-23T19:11:10.485Z,buy,9.79e-05,673.09,0.065895511
GVT/BTC,1584990671490,2020-03-23T19:11:11.490Z,buy,9.79e-05,467.29,0.045747691
GVT/BTC,1584990672487,2020-03-23T19:11:12.487Z,buy,9.79e-05,324.41,0.031759739
GVT/BTC,1584990673177,2020-03-23T19:11:13.177Z,sell,9.77e-05,10.0,0.000977
GVT/BTC,1584990673594,2020-03-23T19:11:13.594Z,buy,9.79e-05,232.01,0.0227137789999999
GVT/BTC,1584990674790,2020-03-23T19:11:14.790Z,buy,9.79e-05,160.81,0.015743299
GVT/BTC,1584990675645,2020-03-23T19:11:15.645Z,buy,9.79e-05,6.37,0.000623623
GVT/BTC,1584990675679,2020-03-23T19:11:15.679Z,buy,9.79e-05,7.39,0.0007234809999999
GVT/BTC,1584990675797,2020-03-23T19:11:15.797Z,buy,9.79e-05,1.78,0.0001742619999999
GVT/BTC,1584990675804,2020-03-23T19:11:15.804Z,buy,9.79e-05,122.49,0.0119917709999999
GVT/BTC,1584990677188,2020-03-23T19:11:17.188Z,buy,9.79e-05,84.77,0.008298983
GVT/BTC,1584990678392,2020-03-23T19:11:18.392Z,buy,9.79e-05,58.75,0.005751625
GVT/BTC,1584990679493,2020-03-23T19:11:19.493Z,buy,9.79e-05,40.76,0.0039904039999999
GVT/BTC,1584990680493,2020-03-23T19:11:20.493Z,buy,9.79e-05,28.3,0.00277057
GVT/BTC,1584990682694,2020-03-23T19:11:22.694Z,buy,9.79e-05,19.45,0.0019041549999999
GVT/BTC,1584990684295,2020-03-23T19:11:24.295Z,buy,9.79e-05,13.43,0.001314797
GVT/BTC,1584990692994,2020-03-23T19:11:32.994Z,buy,9.79e-05,1.53,0.000149787
GVT/BTC,1584990698319,2020-03-23T19:11:38.319Z,buy,9.79e-05,1.53,0.000149787
GVT/BTC,1584990698332,2020-03-23T19:11:38.332Z,buy,9.79e-05,10.46,0.001024034
GVT/BTC,1584990732758,2020-03-23T19:12:12.758Z,buy,9.79e-05,0.34,3.3286e-05
GVT/BTC,1584990744939,2020-03-23T19:12:24.939Z,buy,9.79e-05,207.69,0.020332851
GVT/BTC,1584990744946,2020-03-23T19:12:24.946Z,buy,9.79e-05,150.56,0.0147398239999999
GVT/BTC,1584990745063,2020-03-23T19:12:25.063Z,buy,9.79e-05,449.39,0.043995281
GVT/BTC,1584990767821,2020-03-23T19:12:47.821Z,buy,9.85e-05,60.38,0.00594743
GVT/BTC,1584990810985,2020-03-23T19:13:30.985Z,buy,9.85e-05,2.79,0.000274815
GVT/BTC,1584990811489,2020-03-23T19:13:31.489Z,sell,9.85e-05,1.41,0.000138885
GVT/BTC,1584990935692,2020-03-23T19:15:35.692Z,buy,9.87e-05,4.0,0.0003948
GVT/BTC,1584991119300,2020-03-23T19:18:39.300Z,buy,9.87e-05,0.49,4.8363e-05
GVT/BTC,1584991123509,2020-03-23T19:18:43.509Z,buy,9.89e-05,3.0,0.0002967
GVT/BTC,1584991133445,2020-03-23T19:18:53.445Z,buy,9.89e-05,4.0,0.0003956
GVT/BTC,1584991136053,2020-03-23T19:18:56.053Z,buy,9.89e-05,0.52,5.1428e-05
GVT/BTC,1584991156035,2020-03-23T19:19:16.035Z,buy,9.91e-05,1.74,0.0001724339999999
GVT/BTC,1584991156035,2020-03-23T19:19:16.035Z,buy,9.92e-05,37.65,0.00373488
GVT/BTC,1584991164449,2020-03-23T19:19:24.449Z,buy,9.98e-05,12.01,0.001198598
GVT/BTC,1584991182609,2020-03-23T19:19:42.609Z,buy,9.98e-05,92.81,0.009262438
GVT/BTC,1584991182626,2020-03-23T19:19:42.626Z,sell,9.98e-05,267.29,0.026675542
GVT/BTC,1584991194832,2020-03-23T19:19:54.832Z,sell,9.94e-05,39.36,0.003912384
GVT/BTC,1584991216013,2020-03-23T19:20:16.013Z,buy,9.96e-05,0.35,3.4859999999999995e-05
GVT/BTC,1584991228879,2020-03-23T19:20:28.879Z,sell,9.86e-05,50.0,0.0049299999999999
GVT/BTC,1584991232985,2020-03-23T19:20:32.985Z,buy,9.89e-05,1.72,0.000170108
GVT/BTC,1584991314268,2020-03-23T19:21:54.268Z,sell,9.88e-05,10.74,0.001061112
GVT/BTC,1584991366029,2020-03-23T19:22:46.029Z,buy,9.94e-05,4.0,0.0003976
GVT/BTC,1584991408126,2020-03-23T19:23:28.126Z,buy,9.91e-05,90.0,0.008919
GVT/BTC,1584991457393,2020-03-23T19:24:17.393Z,buy,9.91e-05,4.66,0.000461806
GVT/BTC,1584991681139,2020-03-23T19:28:01.139Z,sell,9.88e-05,3.49,0.000344812
GVT/BTC,1584991739885,2020-03-23T19:28:59.885Z,buy,9.92e-05,4.73,0.000469216
GVT/BTC,1584991739885,2020-03-23T19:28:59.885Z,buy,9.94e-05,2.04,0.000202776
GVT/BTC,1584991739885,2020-03-23T19:28:59.885Z,buy,9.97e-05,51.77,0.005161469
GVT/BTC,1584991739885,2020-03-23T19:28:59.885Z,buy,9.98e-05,40.72,0.004063856
GVT/BTC,1584991739885,2020-03-23T19:28:59.885Z,buy,9.99e-05,50.74,0.005068926
GVT/BTC,1584991751155,2020-03-23T19:29:11.155Z,buy,9.98e-05,0.98,9.7804e-05
GVT/BTC,1584991818476,2020-03-23T19:30:18.476Z,buy,9.98e-05,0.98,9.7804e-05
GVT/BTC,1584992063770,2020-03-23T19:34:23.770Z,buy,9.96e-05,4.0,0.0003984
GVT/BTC,1584992394238,2020-03-23T19:39:54.238Z,sell,9.89e-05,100.1,0.00989989
GVT/BTC,1584992394238,2020-03-23T19:39:54.238Z,sell,9.88e-05,33.29,0.003289052
GVT/BTC,1584992394238,2020-03-23T19:39:54.238Z,sell,9.86e-05,61.81,0.006094466
GVT/BTC,1584992394238,2020-03-23T19:39:54.238Z,sell,9.85e-05,6.39,0.0006294149999999
GVT/BTC,1584992661612,2020-03-23T19:44:21.612Z,buy,9.92e-05,23.24,0.0023054079999999
GVT/BTC,1584992695373,2020-03-23T19:44:55.373Z,buy,9.92e-05,0.34,3.3728e-05
GVT/BTC,1584992921419,2020-03-23T19:48:41.419Z,buy,9.92e-05,41.7,0.00413664
GVT/BTC,1584992929071,2020-03-23T19:48:49.071Z,buy,9.92e-05,10.51,0.001042592
GVT/BTC,1584992948754,2020-03-23T19:49:08.754Z,buy,9.92e-05,5.35,0.0005307199999999
GVT/BTC,1584993013435,2020-03-23T19:50:13.435Z,sell,9.88e-05,2.15,0.00021242
GVT/BTC,1584993136416,2020-03-23T19:52:16.416Z,sell,9.88e-05,631.58,0.062400104
GVT/BTC,1584993136416,2020-03-23T19:52:16.416Z,sell,9.88e-05,631.58,0.062400104
GVT/BTC,1584993434146,2020-03-23T19:57:14.146Z,buy,9.92e-05,19.54,0.001938368
GVT/BTC,1584993532288,2020-03-23T19:58:52.288Z,buy,9.92e-05,3.9,0.00038688
GVT/BTC,1584993532338,2020-03-23T19:58:52.338Z,sell,9.92e-05,59.04,0.005856768
GVT/BTC,1584993724335,2020-03-23T20:02:04.335Z,buy,9.91e-05,1.7,0.00016847
GVT/BTC,1584993724335,2020-03-23T20:02:04.335Z,buy,9.92e-05,4.15,0.00041168
GVT/BTC,1584993724335,2020-03-23T20:02:04.335Z,buy,9.93e-05,0.55,5.4615000000000005e-05
GVT/BTC,1584993733098,2020-03-23T20:02:13.098Z,buy,9.9e-05,16.68,0.00165132
GVT/BTC,1584993734996,2020-03-23T20:02:14.996Z,buy,9.89e-05,11.5,0.00113735
GVT/BTC,1584993737875,2020-03-23T20:02:17.875Z,sell,9.88e-05,241.79,0.023888852
GVT/BTC,1584993914274,2020-03-23T20:05:14.274Z,sell,9.87e-05,32.39,0.003196893
GVT/BTC,1584993927026,2020-03-23T20:05:27.026Z,sell,9.87e-05,173.6,0.0171343199999999
GVT/BTC,1584993954884,2020-03-23T20:05:54.884Z,buy,9.88e-05,13.3,0.00131404
GVT/BTC,1584994036023,2020-03-23T20:07:16.023Z,buy,9.88e-05,19.99,0.001975012
GVT/BTC,1584994127872,2020-03-23T20:08:47.872Z,sell,9.88e-05,42.19,0.004168372
GVT/BTC,1584994127877,2020-03-23T20:08:47.877Z,sell,9.88e-05,94.65,0.00935142
GVT/BTC,1584994160921,2020-03-23T20:09:20.921Z,sell,9.85e-05,20.08,0.0019778799999999
GVT/BTC,1584994160921,2020-03-23T20:09:20.921Z,sell,9.82e-05,164.85,0.01618827
GVT/BTC,1584994160921,2020-03-23T20:09:20.921Z,sell,9.8e-05,609.5,0.059731
GVT/BTC,1584994163084,2020-03-23T20:09:23.084Z,sell,9.77e-05,179.02,0.017490254
GVT/BTC,1584994164084,2020-03-23T20:09:24.084Z,sell,9.76e-05,2.05,0.00020008
GVT/BTC,1584994165085,2020-03-23T20:09:25.085Z,sell,9.76e-05,8.72,0.000851072
GVT/BTC,1584994171555,2020-03-23T20:09:31.555Z,sell,9.73e-05,1.23,0.0001196789999999
GVT/BTC,1584994181499,2020-03-23T20:09:41.499Z,sell,9.77e-05,1.53,0.000149481
GVT/BTC,1584994202396,2020-03-23T20:10:02.396Z,buy,9.76e-05,44.59,0.004351984
GVT/BTC,1584994205715,2020-03-23T20:10:05.715Z,sell,9.74e-05,1117.17,0.108812358
GVT/BTC,1584994205799,2020-03-23T20:10:05.799Z,sell,9.73e-05,38.14,0.003711022
GVT/BTC,1584994207497,2020-03-23T20:10:07.497Z,buy,9.73e-05,640.12,0.0622836759999999
GVT/BTC,1584994209333,2020-03-23T20:10:09.333Z,sell,9.7e-05,50.2,0.0048694
GVT/BTC,1584994221563,2020-03-23T20:10:21.563Z,sell,9.71e-05,147.38,0.0143105979999999
GVT/BTC,1584994221563,2020-03-23T20:10:21.563Z,sell,9.7e-05,891.36,0.08646192
GVT/BTC,1584994221563,2020-03-23T20:10:21.563Z,sell,9.69e-05,155.12,0.015031128
GVT/BTC,1584994221599,2020-03-23T20:10:21.599Z,buy,9.69e-05,360.33,0.034915977
GVT/BTC,1584994282473,2020-03-23T20:11:22.473Z,buy,9.77e-05,20.08,0.001961816
GVT/BTC,1584994282473,2020-03-23T20:11:22.473Z,buy,9.78e-05,478.29,0.046776762
GVT/BTC,1584994282473,2020-03-23T20:11:22.473Z,buy,9.79e-05,556.86,0.054516594
GVT/BTC,1584994285216,2020-03-23T20:11:25.216Z,buy,9.82e-05,12.91,0.001267762
GVT/BTC,1584994285216,2020-03-23T20:11:25.216Z,buy,9.83e-05,178.98,0.017593734
GVT/BTC,1584994285241,2020-03-23T20:11:25.241Z,buy,9.83e-05,4.19,0.000411877
GVT/BTC,1584994751351,2020-03-23T20:19:11.351Z,buy,9.8e-05,45.7,0.0044786
GVT/BTC,1584994753247,2020-03-23T20:19:13.247Z,buy,9.8e-05,31.49,0.0030860199999999
GVT/BTC,1584994756452,2020-03-23T20:19:16.452Z,buy,9.8e-05,21.46,0.00210308
GVT/BTC,1584994757651,2020-03-23T20:19:17.651Z,buy,9.8e-05,14.88,0.00145824
GVT/BTC,1584994784064,2020-03-23T20:19:44.064Z,buy,9.8e-05,1.88,0.0001842399999999
GVT/BTC,1584994785171,2020-03-23T20:19:45.171Z,buy,9.81e-05,4.76,0.000466956
GVT/BTC,1584994865587,2020-03-23T20:21:05.587Z,sell,9.79e-05,12.2,0.0011943799999999
GVT/BTC,1584994865642,2020-03-23T20:21:05.642Z,sell,9.79e-05,12.2,0.0011943799999999
GVT/BTC,1584994921726,2020-03-23T20:22:01.726Z,sell,9.79e-05,20.0,0.0019579999999999
GVT/BTC,1584995124788,2020-03-23T20:25:24.788Z,sell,9.79e-05,92.26,0.009032254
GVT/BTC,1584995222421,2020-03-23T20:27:02.421Z,buy,9.83e-05,1.03,0.000101249
GVT/BTC,1584995224633,2020-03-23T20:27:04.633Z,buy,9.83e-05,5.07,0.000498381
GVT/BTC,1584995862505,2020-03-23T20:37:42.505Z,buy,9.82e-05,120.22,0.011805604
GVT/BTC,1584995862505,2020-03-23T20:37:42.505Z,buy,9.84e-05,460.31,0.045294504
GVT/BTC,1584995862517,2020-03-23T20:37:42.517Z,buy,9.85e-05,1130.3,0.1113345499999999
GVT/BTC,1584995862517,2020-03-23T20:37:42.517Z,buy,9.86e-05,402.42,0.039678612
GVT/BTC,1584995862592,2020-03-23T20:37:42.592Z,buy,9.89e-05,182.05,0.018004745
GVT/BTC,1584996240334,2020-03-23T20:44:00.334Z,sell,9.85e-05,33.39,0.003288915
GVT/BTC,1584996240740,2020-03-23T20:44:00.740Z,sell,9.81e-05,177.43,0.017405883
GVT/BTC,1584996241138,2020-03-23T20:44:01.138Z,sell,9.76e-05,19.38,0.001891488
GVT/BTC,1584996536846,2020-03-23T20:48:56.846Z,buy,9.83e-05,13.86,0.001362438
GVT/BTC,1584996538654,2020-03-23T20:48:58.654Z,buy,9.83e-05,3.76,0.000369608
GVT/BTC,1584996538654,2020-03-23T20:48:58.654Z,buy,9.83e-05,3.76,0.000369608
GVT/BTC,1584996797617,2020-03-23T20:53:17.617Z,buy,9.81e-05,6.2,0.00060822
GVT/BTC,1584996797617,2020-03-23T20:53:17.617Z,buy,9.83e-05,15.77,0.001550191
GVT/BTC,1584996797617,2020-03-23T20:53:17.617Z,buy,9.85e-05,358.59,0.0353211149999999
GVT/BTC,1584996797617,2020-03-23T20:53:17.617Z,buy,9.86e-05,300.8,0.02965888
GVT/BTC,1584996797617,2020-03-23T20:53:17.617Z,buy,9.93e-05,273.18,0.027126774
GVT/BTC,1584996797626,2020-03-23T20:53:17.626Z,sell,9.93e-05,50.29,0.004993797
GVT/BTC,1584996797633,2020-03-23T20:53:17.633Z,sell,9.93e-05,12.68,0.001259124
GVT/BTC,1584996797645,2020-03-23T20:53:17.645Z,sell,9.93e-05,12.68,0.001259124
GVT/BTC,1584996797662,2020-03-23T20:53:17.662Z,sell,9.93e-05,37.17,0.003690981
GVT/BTC,1584996797688,2020-03-23T20:53:17.688Z,sell,9.93e-05,136.7,0.01357431
GVT/BTC,1584996797704,2020-03-23T20:53:17.704Z,sell,9.93e-05,295.17,0.029310381
GVT/BTC,1584996797713,2020-03-23T20:53:17.713Z,sell,9.93e-05,1052.56,0.104519208
GVT/BTC,1584996797766,2020-03-23T20:53:17.766Z,sell,9.93e-05,22.56,0.002240208
GVT/BTC,1584996797769,2020-03-23T20:53:17.769Z,sell,9.93e-05,22.56,0.002240208
GVT/BTC,1584996797773,2020-03-23T20:53:17.773Z,sell,9.93e-05,13.75,0.001365375
GVT/BTC,1584996797799,2020-03-23T20:53:17.799Z,sell,9.93e-05,7.07,0.000702051
GVT/BTC,1584996798343,2020-03-23T20:53:18.343Z,sell,9.93e-05,409.92,0.040705056
GVT/BTC,1584996798601,2020-03-23T20:53:18.601Z,sell,9.93e-05,470.0,0.046671
GVT/BTC,1584996798799,2020-03-23T20:53:18.799Z,sell,9.93e-05,1390.41,0.138067713
GVT/BTC,1584996800391,2020-03-23T20:53:20.391Z,sell,9.93e-05,960.54,0.095381622
GVT/BTC,1584996802798,2020-03-23T20:53:22.798Z,sell,9.93e-05,659.14,0.065452602
GVT/BTC,1584996803893,2020-03-23T20:53:23.893Z,sell,9.93e-05,457.24,0.045403932
GVT/BTC,1584996806093,2020-03-23T20:53:26.093Z,sell,9.93e-05,314.29,0.031208997
GVT/BTC,1584996806854,2020-03-23T20:53:26.854Z,sell,9.93e-05,1540.04,0.152925972
GVT/BTC,1584996808300,2020-03-23T20:53:28.300Z,sell,9.93e-05,1281.25,0.127228125
GVT/BTC,1584996809396,2020-03-23T20:53:29.396Z,sell,9.93e-05,888.85,0.088262805
GVT/BTC,1584996810057,2020-03-23T20:53:30.057Z,sell,9.93e-05,153.26,0.015218718
GVT/BTC,1584996810597,2020-03-23T20:53:30.597Z,sell,9.93e-05,722.87,0.071780991
GVT/BTC,1584996812899,2020-03-23T20:53:32.899Z,sell,9.93e-05,496.46,0.049298478
GVT/BTC,1584996813999,2020-03-23T20:53:33.999Z,sell,9.93e-05,344.39,0.0341979269999999
GVT/BTC,1584996815199,2020-03-23T20:53:35.199Z,sell,9.93e-05,238.7,0.02370291
GVT/BTC,1584996817199,2020-03-23T20:53:37.199Z,sell,9.93e-05,164.37,0.016321941
GVT/BTC,1584996818414,2020-03-23T20:53:38.414Z,sell,9.93e-05,113.93,0.011313249
GVT/BTC,1584996819795,2020-03-23T20:53:39.795Z,sell,9.93e-05,78.84,0.007828812
GVT/BTC,1584996821304,2020-03-23T20:53:41.304Z,sell,9.93e-05,54.51,0.005412843
GVT/BTC,1584996821930,2020-03-23T20:53:41.930Z,sell,9.93e-05,359.14,0.035662602
GVT/BTC,1584996834875,2020-03-23T20:53:54.875Z,buy,9.91e-05,5.24,0.000519284
GVT/BTC,1584997502879,2020-03-23T21:05:02.879Z,buy,9.9e-05,39.36,0.00389664
GVT/BTC,1584997750512,2020-03-23T21:09:10.512Z,sell,9.84e-05,1.13,0.000111192
GVT/BTC,1584997750528,2020-03-23T21:09:10.528Z,buy,9.84e-05,82.0,0.0080688
GVT/BTC,1584997788793,2020-03-23T21:09:48.793Z,sell,9.8e-05,108.26,0.01060948
GVT/BTC,1584997788810,2020-03-23T21:09:48.810Z,buy,9.8e-05,82.0,0.008036
GVT/BTC,1584997788868,2020-03-23T21:09:48.868Z,buy,9.8e-05,87.72,0.00859656
GVT/BTC,1584998180773,2020-03-23T21:16:20.773Z,sell,9.81e-05,87.72,0.008605332
GVT/BTC,1584998384448,2020-03-23T21:19:44.448Z,sell,9.81e-05,1.53,0.000150093
GVT/BTC,1584998384448,2020-03-23T21:19:44.448Z,sell,9.8e-05,5.52,0.0005409599999999
GVT/BTC,1584998384620,2020-03-23T21:19:44.620Z,sell,9.79e-05,17.83,0.0017455569999999
GVT/BTC,1584998435153,2020-03-23T21:20:35.153Z,buy,9.79e-05,266.91,0.026130489
GVT/BTC,1584998869170,2020-03-23T21:27:49.170Z,buy,9.78e-05,4.9,0.00047922
GVT/BTC,1584999023705,2020-03-23T21:30:23.705Z,sell,9.78e-05,94.6,0.00925188
GVT/BTC,1584999023965,2020-03-23T21:30:23.965Z,buy,9.78e-05,470.0,0.045966
GVT/BTC,1584999081510,2020-03-23T21:31:21.510Z,buy,9.77e-05,50.29,0.004913333
GVT/BTC,1584999091287,2020-03-23T21:31:31.287Z,buy,9.77e-05,50.29,0.004913333
GVT/BTC,1584999108254,2020-03-23T21:31:48.254Z,sell,9.77e-05,54.41,0.005315857
GVT/BTC,1584999140175,2020-03-23T21:32:20.175Z,sell,9.77e-05,50.0,0.004885
GVT/BTC,1584999144471,2020-03-23T21:32:24.471Z,sell,9.77e-05,50.0,0.004885
GVT/BTC,1584999150774,2020-03-23T21:32:30.774Z,sell,9.77e-05,50.0,0.004885
GVT/BTC,1584999154676,2020-03-23T21:32:34.676Z,sell,9.77e-05,50.0,0.004885
GVT/BTC,1584999158581,2020-03-23T21:32:38.581Z,sell,9.77e-05,50.0,0.004885
GVT/BTC,1584999162685,2020-03-23T21:32:42.685Z,sell,9.77e-05,50.0,0.004885
GVT/BTC,1584999167581,2020-03-23T21:32:47.581Z,sell,9.77e-05,50.0,0.004885
GVT/BTC,1584999171492,2020-03-23T21:32:51.492Z,sell,9.77e-05,50.0,0.004885
GVT/BTC,1584999175089,2020-03-23T21:32:55.089Z,sell,9.77e-05,34.16,0.003337432
GVT/BTC,1584999176191,2020-03-23T21:32:56.191Z,sell,9.77e-05,15.84,0.001547568
GVT/BTC,1584999179186,2020-03-23T21:32:59.186Z,sell,9.77e-05,18.48,0.001805496
GVT/BTC,1584999180489,2020-03-23T21:33:00.489Z,sell,9.77e-05,12.8,0.00125056
GVT/BTC,1584999437448,2020-03-23T21:37:17.448Z,buy,9.78e-05,3.07,0.000300246
GVT/BTC,1584999821915,2020-03-23T21:43:41.915Z,buy,9.78e-05,0.33,3.2274e-05
GVT/BTC,1585000057083,2020-03-23T21:47:37.083Z,buy,9.77e-05,98.46,0.009619542
GVT/BTC,1585000126333,2020-03-23T21:48:46.333Z,sell,9.77e-05,1.03,0.000100631
GVT/BTC,1585000126333,2020-03-23T21:48:46.333Z,sell,9.77e-05,1.03,0.000100631
GVT/BTC,1585000139474,2020-03-23T21:48:59.474Z,buy,9.78e-05,482.94,0.047231532
GVT/BTC,1585000139474,2020-03-23T21:48:59.474Z,buy,9.79e-05,1376.5,0.13475935
GVT/BTC,1585000139474,2020-03-23T21:48:59.474Z,buy,9.8e-05,95.85,0.0093932999999999
GVT/BTC,1585000149176,2020-03-23T21:49:09.176Z,buy,9.8e-05,178.68,0.01751064
GVT/BTC,1585000149210,2020-03-23T21:49:09.210Z,sell,9.8e-05,148.38,0.0145412399999999
GVT/BTC,1585000166198,2020-03-23T21:49:26.198Z,buy,9.82e-05,326.43,0.032055426
GVT/BTC,1585000218018,2020-03-23T21:50:18.018Z,sell,9.75e-05,33.73,0.0032886749999999
GVT/BTC,1585000218018,2020-03-23T21:50:18.018Z,sell,9.74e-05,136.84,0.013328216
GVT/BTC,1585000218018,2020-03-23T21:50:18.018Z,sell,9.73e-05,1.11,0.000108003
GVT/BTC,1585000218018,2020-03-23T21:50:18.018Z,sell,9.72e-05,404.96,0.039362112
GVT/BTC,1585000218018,2020-03-23T21:50:18.018Z,sell,9.71e-05,179.18,0.017398378
GVT/BTC,1585000218032,2020-03-23T21:50:18.032Z,buy,9.71e-05,140.0,0.013594
GVT/BTC,1585000323204,2020-03-23T21:52:03.204Z,sell,9.74e-05,239.92,0.0233682079999999
GVT/BTC,1585000323204,2020-03-23T21:52:03.204Z,sell,9.72e-05,137.17,0.013332924
GVT/BTC,1585000323204,2020-03-23T21:52:03.204Z,sell,9.71e-05,294.78,0.028623138
GVT/BTC,1585000370096,2020-03-23T21:52:50.096Z,sell,9.71e-05,101.0,0.0098071
GVT/BTC,1585000394377,2020-03-23T21:53:14.377Z,sell,9.69e-05,73.99,0.0071696309999999
GVT/BTC,1585000394377,2020-03-23T21:53:14.377Z,sell,9.68e-05,48.97,0.004740296
GVT/BTC,1585000493721,2020-03-23T21:54:53.721Z,sell,9.69e-05,58.24,0.005643456
GVT/BTC,1585000808821,2020-03-23T22:00:08.821Z,sell,9.7e-05,93.81,0.00909957
GVT/BTC,1585000992679,2020-03-23T22:03:12.679Z,sell,9.7e-05,20.49,0.00198753
GVT/BTC,1585001066682,2020-03-23T22:04:26.682Z,sell,9.7e-05,99.5,0.0096515
GVT/BTC,1585001080095,2020-03-23T22:04:40.095Z,buy,9.74e-05,12.92,0.001258408
GVT/BTC,1585001144853,2020-03-23T22:05:44.853Z,buy,9.74e-05,92.86,0.009044564
GVT/BTC,1585001168261,2020-03-23T22:06:08.261Z,sell,9.74e-05,1.94,0.000188956
GVT/BTC,1585001555404,2020-03-23T22:12:35.404Z,sell,9.74e-05,140.98,0.0137314519999999
GVT/BTC,1585001555412,2020-03-23T22:12:35.412Z,sell,9.74e-05,102.53,0.009986422
GVT/BTC,1585001557040,2020-03-23T22:12:37.040Z,sell,9.74e-05,70.82,0.0068978679999999
GVT/BTC,1585001558053,2020-03-23T22:12:38.053Z,sell,9.74e-05,49.16,0.0047881839999999
GVT/BTC,1585001560237,2020-03-23T22:12:40.237Z,sell,9.74e-05,33.79,0.0032911459999999
GVT/BTC,1585001562035,2020-03-23T22:12:42.035Z,sell,9.74e-05,23.31,0.002270394
GVT/BTC,1585001563047,2020-03-23T22:12:43.047Z,sell,9.74e-05,16.18,0.001575932
GVT/BTC,1585001565037,2020-03-23T22:12:45.037Z,sell,9.74e-05,11.14,0.001085036
GVT/BTC,1585001893012,2020-03-23T22:18:13.012Z,sell,9.74e-05,62.54,0.006091396
GVT/BTC,1585001893028,2020-03-23T22:18:13.028Z,sell,9.74e-05,44.28,0.004312872
GVT/BTC,1585001894116,2020-03-23T22:18:14.116Z,sell,9.74e-05,30.72,0.0029921279999999
GVT/BTC,1585001895417,2020-03-23T22:18:15.417Z,sell,9.74e-05,21.27,0.002071698
GVT/BTC,1585001896613,2020-03-23T22:18:16.613Z,sell,9.74e-05,14.75,0.00143665
GVT/BTC,1585002020665,2020-03-23T22:20:20.665Z,sell,9.74e-05,2.03,0.0001977219999999
GVT/BTC,1585002132482,2020-03-23T22:22:12.482Z,sell,9.74e-05,502.89,0.048981486
GVT/BTC,1585002134388,2020-03-23T22:22:14.388Z,sell,9.73e-05,100.0,0.0097299999999999
GVT/BTC,1585002255125,2020-03-23T22:24:15.125Z,buy,9.74e-05,0.98,9.5452e-05
GVT/BTC,1585002341690,2020-03-23T22:25:41.690Z,sell,9.73e-05,1.03,0.000100219
GVT/BTC,1585002341690,2020-03-23T22:25:41.690Z,sell,9.71e-05,100.0,0.00971
GVT/BTC,1585002341690,2020-03-23T22:25:41.690Z,sell,9.68e-05,196.56,0.0190270079999999
GVT/BTC,1585002341690,2020-03-23T22:25:41.690Z,sell,9.67e-05,240.0,0.023208
GVT/BTC,1585002341690,2020-03-23T22:25:41.690Z,sell,9.66e-05,150.0,0.01449
GVT/BTC,1585002341690,2020-03-23T22:25:41.690Z,sell,9.65e-05,100.0,0.00965
GVT/BTC,1585002341690,2020-03-23T22:25:41.690Z,sell,9.64e-05,260.37,0.025099668
GVT/BTC,1585002341690,2020-03-23T22:25:41.690Z,sell,9.63e-05,100.0,0.00963
GVT/BTC,1585002341690,2020-03-23T22:25:41.690Z,sell,9.61e-05,126.03,0.012111483
GVT/BTC,1585002341690,2020-03-23T22:25:41.690Z,sell,9.6e-05,209.44,0.02010624
GVT/BTC,1585002341690,2020-03-23T22:25:41.690Z,sell,9.59e-05,5.56,0.000533204
GVT/BTC,1585002341701,2020-03-23T22:25:41.701Z,buy,9.59e-05,55.36,0.005309024
GVT/BTC,1585002341701,2020-03-23T22:25:41.701Z,buy,9.6e-05,16.79,0.00161184
GVT/BTC,1585002341701,2020-03-23T22:25:41.701Z,buy,9.6e-05,0.02,1.9200000000000003e-06
GVT/BTC,1585002341835,2020-03-23T22:25:41.835Z,buy,9.65e-05,1.98,0.00019107
GVT/BTC,1585002341835,2020-03-23T22:25:41.835Z,buy,9.67e-05,3.38,0.000326846
GVT/BTC,1585002455911,2020-03-23T22:27:35.911Z,sell,9.67e-05,317.39,0.030691613
GVT/BTC,1585002523024,2020-03-23T22:28:43.024Z,buy,9.61e-05,48.39,0.004650279
GVT/BTC,1585002610680,2020-03-23T22:30:10.680Z,buy,9.67e-05,11.45,0.001107215
GVT/BTC,1585002637905,2020-03-23T22:30:37.905Z,sell,9.61e-05,12.41,0.001192601
GVT/BTC,1585002638001,2020-03-23T22:30:38.001Z,sell,9.61e-05,12.41,0.001192601
GVT/BTC,1585002652559,2020-03-23T22:30:52.559Z,buy,9.67e-05,4.62,0.000446754
GVT/BTC,1585002652657,2020-03-23T22:30:52.657Z,sell,9.67e-05,16.38,0.001583946
GVT/BTC,1585002739809,2020-03-23T22:32:19.809Z,buy,9.66e-05,2.15,0.00020769
GVT/BTC,1585002901015,2020-03-23T22:35:01.015Z,buy,9.66e-05,422.0,0.0407652
GVT/BTC,1585003275475,2020-03-23T22:41:15.475Z,buy,9.63e-05,7.22,0.0006952859999999
GVT/BTC,1585003328196,2020-03-23T22:42:08.196Z,buy,9.63e-05,1.04,0.000100152
GVT/BTC,1585003401187,2020-03-23T22:43:21.187Z,sell,9.59e-05,181.53,0.017408727
GVT/BTC,1585003401187,2020-03-23T22:43:21.187Z,sell,9.58e-05,5.3,0.00050774
GVT/BTC,1585003453075,2020-03-23T22:44:13.075Z,buy,9.61e-05,2.6,0.00024986
GVT/BTC,1585003453089,2020-03-23T22:44:13.089Z,buy,9.61e-05,91.17,0.008761437
GVT/BTC,1585003459037,2020-03-23T22:44:19.037Z,buy,9.61e-05,60.74,0.005837114
GVT/BTC,1585003461048,2020-03-23T22:44:21.048Z,buy,9.61e-05,41.81,0.004017941
GVT/BTC,1585003463641,2020-03-23T22:44:23.641Z,buy,9.61e-05,28.65,0.002753265
GVT/BTC,1585003465936,2020-03-23T22:44:25.936Z,buy,9.61e-05,19.67,0.001890287
GVT/BTC,1585003467776,2020-03-23T22:44:27.776Z,buy,9.61e-05,600.0,0.05766
GVT/BTC,1585003467789,2020-03-23T22:44:27.789Z,buy,9.61e-05,433.56,0.041665116
GVT/BTC,1585003470937,2020-03-23T22:44:30.937Z,buy,9.61e-05,295.66,0.028412926
GVT/BTC,1585003473646,2020-03-23T22:44:33.646Z,buy,9.61e-05,202.36,0.019446796
GVT/BTC,1585003475042,2020-03-23T22:44:35.042Z,buy,9.61e-05,140.03,0.013456883
GVT/BTC,1585003476144,2020-03-23T22:44:36.144Z,buy,9.61e-05,97.14,0.009335154
GVT/BTC,1585003478142,2020-03-23T22:44:38.142Z,buy,9.61e-05,66.89,0.006428129
GVT/BTC,1585003479839,2020-03-23T22:44:39.839Z,buy,9.61e-05,46.16,0.004435976
GVT/BTC,1585003480944,2020-03-23T22:44:40.944Z,buy,9.61e-05,32.02,0.003077122
GVT/BTC,1585003481944,2020-03-23T22:44:41.944Z,buy,9.61e-05,22.23,0.002136303
GVT/BTC,1585003483164,2020-03-23T22:44:43.164Z,buy,9.61e-05,15.41,0.001480901
GVT/BTC,1585003484340,2020-03-23T22:44:44.340Z,buy,9.61e-05,10.68,0.001026348
GVT/BTC,1585003609200,2020-03-23T22:46:49.200Z,buy,9.61e-05,0.98,9.4178e-05
GVT/BTC,1585003632612,2020-03-23T22:47:12.612Z,sell,9.6e-05,63.36,0.00608256
GVT/BTC,1585003632620,2020-03-23T22:47:12.620Z,buy,9.6e-05,47.09,0.00452064
GVT/BTC,1585003632992,2020-03-23T22:47:12.992Z,sell,9.59e-05,63.36,0.006076224
GVT/BTC,1585003646187,2020-03-23T22:47:26.187Z,buy,9.6e-05,69.18,0.00664128
GVT/BTC,1585003650088,2020-03-23T22:47:30.088Z,buy,9.6e-05,46.88,0.00450048
GVT/BTC,1585003657191,2020-03-23T22:47:37.191Z,buy,9.6e-05,30.93,0.00296928
GVT/BTC,1585003705647,2020-03-23T22:48:25.647Z,sell,9.59e-05,28.95,0.0027763049999999
GVT/BTC,1585003705666,2020-03-23T22:48:25.666Z,buy,9.59e-05,9.15,0.000877485
GVT/BTC,1585003705700,2020-03-23T22:48:25.700Z,buy,9.59e-05,4.3,0.0004123699999999
GVT/BTC,1585003705777,2020-03-23T22:48:25.777Z,buy,9.59e-05,9.14,0.000876526
GVT/BTC,1585003705809,2020-03-23T22:48:25.809Z,buy,9.59e-05,7.51,0.000720209
GVT/BTC,1585003709679,2020-03-23T22:48:29.679Z,buy,9.59e-05,9.15,0.000877485
GVT/BTC,1585003713589,2020-03-23T22:48:33.589Z,buy,9.59e-05,9.15,0.000877485
GVT/BTC,1585003713772,2020-03-23T22:48:33.772Z,buy,9.59e-05,1.67,0.0001601529999999
GVT/BTC,1585003713772,2020-03-23T22:48:33.772Z,buy,9.59e-05,1.67,0.0001601529999999
GVT/BTC,1585003739250,2020-03-23T22:48:59.250Z,buy,9.59e-05,14.21,0.001362739
GVT/BTC,1585003740117,2020-03-23T22:49:00.117Z,buy,9.59e-05,62.8,0.00602252
GVT/BTC,1585003742117,2020-03-23T22:49:02.117Z,buy,9.59e-05,14.79,0.001418361
GVT/BTC,1585003746589,2020-03-23T22:49:06.589Z,buy,9.6e-05,1.38,0.00013248
GVT/BTC,1585003813442,2020-03-23T22:50:13.442Z,buy,9.59e-05,21.96,0.002105964
GVT/BTC,1585003815037,2020-03-23T22:50:15.037Z,buy,9.59e-05,15.17,0.001454803
GVT/BTC,1585003816042,2020-03-23T22:50:16.042Z,buy,9.59e-05,10.54,0.0010107859999999
GVT/BTC,1585003931407,2020-03-23T22:52:11.407Z,sell,9.58e-05,94.7,0.00907226
GVT/BTC,1585003957191,2020-03-23T22:52:37.191Z,sell,9.57e-05,40.31,0.003857667
GVT/BTC,1585003958196,2020-03-23T22:52:38.196Z,sell,9.56e-05,5.63,0.000538228
GVT/BTC,1585003976104,2020-03-23T22:52:56.104Z,sell,9.55e-05,154.09,0.014715595
GVT/BTC,1585003983206,2020-03-23T22:53:03.206Z,buy,9.57e-05,172.48,0.0165063359999999
GVT/BTC,1585003983603,2020-03-23T22:53:03.603Z,buy,9.57e-05,46.24,0.004425168
GVT/BTC,1585004025021,2020-03-23T22:53:45.021Z,buy,9.59e-05,1.96,0.000187964
GVT/BTC,1585004651636,2020-03-23T23:04:11.636Z,buy,9.6e-05,68.24,0.0065510399999999
GVT/BTC,1585004704707,2020-03-23T23:05:04.707Z,buy,9.59e-05,3.12,0.000299208
GVT/BTC,1585004922812,2020-03-23T23:08:42.812Z,buy,9.57e-05,7.29,0.000697653
GVT/BTC,1585004948163,2020-03-23T23:09:08.163Z,buy,9.57e-05,1.05,0.000100485
GVT/BTC,1585005245782,2020-03-23T23:14:05.782Z,buy,9.57e-05,1.51,0.000144507
GVT/BTC,1585005317414,2020-03-23T23:15:17.414Z,buy,9.57e-05,29.75,0.0028470749999999
GVT/BTC,1585005321222,2020-03-23T23:15:21.222Z,buy,9.57e-05,35.0,0.0033495
GVT/BTC,1585005380061,2020-03-23T23:16:20.061Z,sell,9.54e-05,15.53,0.0014815619999999
GVT/BTC,1585005380062,2020-03-23T23:16:20.062Z,sell,9.54e-05,0.01,9.54e-07
GVT/BTC,1585005441688,2020-03-23T23:17:21.688Z,buy,9.54e-05,23.23,0.002216142
GVT/BTC,1585005444392,2020-03-23T23:17:24.392Z,buy,9.54e-05,15.9,0.00151686
GVT/BTC,1585005448492,2020-03-23T23:17:28.492Z,buy,9.54e-05,10.76,0.001026504
GVT/BTC,1585005460317,2020-03-23T23:17:40.317Z,sell,9.53e-05,66.73,0.006359369
GVT/BTC,1585005460325,2020-03-23T23:17:40.325Z,buy,9.54e-05,53.54,0.005107716
GVT/BTC,1585005466896,2020-03-23T23:17:46.896Z,buy,9.54e-05,35.48,0.0033847919999999
GVT/BTC,1585005468093,2020-03-23T23:17:48.093Z,buy,9.54e-05,24.59,0.002345886
GVT/BTC,1585005470104,2020-03-23T23:17:50.104Z,buy,9.54e-05,151.83,0.014484582
GVT/BTC,1585005470116,2020-03-23T23:17:50.116Z,buy,9.54e-05,123.21,0.0117542339999999
GVT/BTC,1585005472094,2020-03-23T23:17:52.094Z,buy,9.54e-05,84.85,0.00809469
GVT/BTC,1585005473102,2020-03-23T23:17:53.102Z,buy,9.54e-05,58.9,0.00561906
GVT/BTC,1585005475095,2020-03-23T23:17:55.095Z,buy,9.54e-05,40.56,0.003869424
GVT/BTC,1585005477099,2020-03-23T23:17:57.099Z,buy,9.54e-05,27.92,0.002663568
GVT/BTC,1585005478101,2020-03-23T23:17:58.101Z,buy,9.54e-05,19.39,0.001849806
GVT/BTC,1585005479098,2020-03-23T23:17:59.098Z,buy,9.54e-05,13.46,0.001284084
GVT/BTC,1585005728133,2020-03-23T23:22:08.133Z,buy,9.54e-05,1.05,0.00010017
GVT/BTC,1585005770595,2020-03-23T23:22:50.595Z,sell,9.53e-05,157.6,0.01501928
GVT/BTC,1585005770904,2020-03-23T23:22:50.904Z,buy,9.53e-05,30.99,0.002953347
GVT/BTC,1585005771608,2020-03-23T23:22:51.608Z,sell,9.52e-05,17.16,0.0016336319999999
GVT/BTC,1585005771608,2020-03-23T23:22:51.608Z,sell,9.51e-05,48.8,0.0046408799999999
GVT/BTC,1585005771608,2020-03-23T23:22:51.608Z,sell,9.51e-05,100.0,0.00951
GVT/BTC,1585005772615,2020-03-23T23:22:52.615Z,sell,9.51e-05,65.96,0.0062727959999999
GVT/BTC,1585005773612,2020-03-23T23:22:53.612Z,sell,9.51e-05,65.96,0.0062727959999999
GVT/BTC,1585005774620,2020-03-23T23:22:54.620Z,sell,9.51e-05,13.76,0.0013085759999999
GVT/BTC,1585005832893,2020-03-23T23:23:52.893Z,buy,9.54e-05,211.15,0.02014371
GVT/BTC,1585005833823,2020-03-23T23:23:53.823Z,buy,9.54e-05,211.64,0.020190456
GVT/BTC,1585005833899,2020-03-23T23:23:53.899Z,buy,9.54e-05,294.66,0.028110564
GVT/BTC,1585005835097,2020-03-23T23:23:55.097Z,buy,9.54e-05,204.24,0.019484496
GVT/BTC,1585005836097,2020-03-23T23:23:56.097Z,buy,9.54e-05,128.15,0.01222551
GVT/BTC,1585005852207,2020-03-23T23:24:12.207Z,buy,9.6e-05,16.59,0.00159264
GVT/BTC,1585006007390,2020-03-23T23:26:47.390Z,buy,9.59e-05,9.09,0.0008717309999999
GVT/BTC,1585006355104,2020-03-23T23:32:35.104Z,sell,9.53e-05,9.62,0.000916786
GVT/BTC,1585006364583,2020-03-23T23:32:44.583Z,buy,9.58e-05,548.56,0.0525520479999999
GVT/BTC,1585006364583,2020-03-23T23:32:44.583Z,buy,9.59e-05,661.32,0.063420588
GVT/BTC,1585006488885,2020-03-23T23:34:48.885Z,buy,9.58e-05,303.46,0.0290714679999999
GVT/BTC,1585006490181,2020-03-23T23:34:50.181Z,buy,9.58e-05,76.58,0.007336364
GVT/BTC,1585006491580,2020-03-23T23:34:51.580Z,buy,9.59e-05,185.02,0.017743418
GVT/BTC,1585006493880,2020-03-23T23:34:53.880Z,buy,9.59e-05,127.07,0.0121860129999999
GVT/BTC,1585006495382,2020-03-23T23:34:55.382Z,buy,9.59e-05,87.85,0.0084248149999999
GVT/BTC,1585006497478,2020-03-23T23:34:57.478Z,buy,9.59e-05,60.43,0.005795237
GVT/BTC,1585006502779,2020-03-23T23:35:02.779Z,buy,9.59e-05,40.48,0.0038820319999999
GVT/BTC,1585006504895,2020-03-23T23:35:04.895Z,buy,9.59e-05,27.84,0.002669856
GVT/BTC,1585006506091,2020-03-23T23:35:06.091Z,buy,9.59e-05,19.3,0.00185087
GVT/BTC,1585006507379,2020-03-23T23:35:07.379Z,buy,9.59e-05,13.37,0.0012821829999999
GVT/BTC,1585006611014,2020-03-23T23:36:51.014Z,buy,9.59e-05,47.15,0.004521685
GVT/BTC,1585007114735,2020-03-23T23:45:14.735Z,buy,9.64e-05,9.09,0.0008762759999999
GVT/BTC,1585007114735,2020-03-23T23:45:14.735Z,buy,9.64e-05,9.09,0.0008762759999999
GVT/BTC,1585007591010,2020-03-23T23:53:11.010Z,buy,9.64e-05,0.99,9.5436e-05
GVT/BTC,1585007648004,2020-03-23T23:54:08.004Z,buy,9.64e-05,0.33,3.1812e-05
GVT/BTC,1585007900090,2020-03-23T23:58:20.090Z,buy,9.64e-05,3.8,0.00036632
GVT/BTC,1585007953867,2020-03-23T23:59:13.867Z,buy,9.67e-05,8.55,0.000826785
GVT/BTC,1585007960256,2020-03-23T23:59:20.256Z,buy,9.67e-05,22.06,0.002133202
GVT/BTC,1585007960580,2020-03-23T23:59:20.580Z,buy,9.67e-05,17.41,0.001683547
GVT/BTC,1585007960596,2020-03-23T23:59:20.596Z,buy,9.67e-05,34.9,0.00337483
GVT/BTC,1585007961177,2020-03-23T23:59:21.177Z,buy,9.67e-05,15.35,0.001484345
GVT/BTC,1585007961177,2020-03-23T23:59:21.177Z,buy,9.7e-05,9.69,0.00093993
GVT/BTC,1585007961251,2020-03-23T23:59:21.251Z,buy,9.7e-05,22.55,0.00218735
GVT/BTC,1585007961399,2020-03-23T23:59:21.399Z,buy,9.7e-05,3.21,0.00031137
GVT/BTC,1585007961439,2020-03-23T23:59:21.439Z,buy,9.7e-05,11.7,0.0011348999999999
GVT/BTC,1585007961439,2020-03-23T23:59:21.439Z,buy,9.71e-05,22.17,0.002152707
GVT/BTC,1585007961439,2020-03-23T23:59:21.439Z,buy,9.73e-05,12.2,0.0011870599999999
GVT/BTC,1585007961705,2020-03-23T23:59:21.705Z,buy,9.72e-05,1.88,0.000182736
GVT/BTC,1585007961910,2020-03-23T23:59:21.910Z,buy,9.72e-05,35.14,0.003415608
GVT/BTC,1585007961973,2020-03-23T23:59:21.973Z,buy,9.72e-05,8.01,0.000778572
GVT/BTC,1585007962042,2020-03-23T23:59:22.042Z,buy,9.72e-05,56.8,0.00552096
GVT/BTC,1585007962133,2020-03-23T23:59:22.133Z,buy,9.72e-05,264.29,0.025688988
GVT/BTC,1585007962208,2020-03-23T23:59:22.208Z,buy,9.72e-05,1.93,0.000187596
GVT/BTC,1585007962500,2020-03-23T23:59:22.500Z,buy,9.71e-05,69.32,0.0067309719999999
GVT/BTC,1585007962500,2020-03-23T23:59:22.500Z,buy,9.72e-05,295.56,0.028728432
GVT/BTC,1585007962679,2020-03-23T23:59:22.679Z,buy,9.72e-05,23.94,0.002326968
GVT/BTC,1585007963095,2020-03-23T23:59:23.095Z,buy,9.72e-05,35.46,0.003446712
GVT/BTC,1585007963164,2020-03-23T23:59:23.164Z,buy,9.72e-05,62.04,0.006030288
GVT/BTC,1585007963255,2020-03-23T23:59:23.255Z,buy,9.72e-05,27.78,0.002700216
GVT/BTC,1585007963459,2020-03-23T23:59:23.459Z,buy,9.72e-05,24.33,0.002364876
GVT/BTC,1585007963944,2020-03-23T23:59:23.944Z,buy,9.72e-05,23.47,0.002281284
GVT/BTC,1585007964534,2020-03-23T23:59:24.534Z,buy,9.72e-05,32.09,0.003119148
GVT/BTC,1585007964749,2020-03-23T23:59:24.749Z,buy,9.72e-05,415.75,0.0404109
GVT/BTC,1585007964813,2020-03-23T23:59:24.813Z,buy,9.72e-05,39.74,0.003862728
GVT/BTC,1585007965252,2020-03-23T23:59:25.252Z,buy,9.72e-05,13.49,0.001311228
GVT/BTC,1585007965526,2020-03-23T23:59:25.526Z,buy,9.72e-05,14.58,0.001417176
GVT/BTC,1585007965622,2020-03-23T23:59:25.622Z,buy,9.72e-05,15.85,0.00154062
GVT/BTC,1585007965812,2020-03-23T23:59:25.812Z,buy,9.72e-05,90.89,0.008834508
GVT/BTC,1585007965842,2020-03-23T23:59:25.842Z,buy,9.72e-05,27.22,0.002645784
GVT/BTC,1585007967141,2020-03-23T23:59:27.141Z,buy,9.72e-05,23.95,0.00232794
GVT/BTC,1585007967203,2020-03-23T23:59:27.203Z,buy,9.72e-05,7.72,0.000750384
GVT/BTC,1585007967348,2020-03-23T23:59:27.348Z,buy,9.72e-05,5.47,0.000531684
GVT/BTC,1585007967348,2020-03-23T23:59:27.348Z,buy,9.74e-05,21.54,0.002097996
GVT/BTC,1585008015199,2020-03-24T00:00:15.199Z,buy,9.72e-05,5.32,0.000517104
GVT/BTC,1585008015199,2020-03-24T00:00:15.199Z,buy,9.76e-05,300.49,0.029327824
GVT/BTC,1585008036100,2020-03-24T00:00:36.100Z,sell,9.7e-05,97.93,0.00949921
GVT/BTC,1585008058319,2020-03-24T00:00:58.319Z,sell,9.66e-05,65.55,0.00633213
GVT/BTC,1585008130860,2020-03-24T00:02:10.860Z,sell,9.65e-05,45.52,0.00439268
GVT/BTC,1585008199986,2020-03-24T00:03:19.986Z,sell,9.65e-05,41.45,0.003999925
GVT/BTC,1585008202000,2020-03-24T00:03:22.000Z,sell,9.65e-05,41.45,0.003999925
GVT/BTC,1585008207174,2020-03-24T00:03:27.174Z,sell,9.65e-05,41.45,0.003999925
GVT/BTC,1585008209387,2020-03-24T00:03:29.387Z,sell,9.65e-05,41.45,0.003999925
GVT/BTC,1585008231177,2020-03-24T00:03:51.177Z,sell,9.64e-05,166.62,0.016062168
GVT/BTC,1585008231198,2020-03-24T00:03:51.198Z,sell,9.64e-05,139.32,0.013430448
GVT/BTC,1585008450388,2020-03-24T00:07:30.388Z,sell,9.61e-05,92.92,0.008929612
GVT/BTC,1585008764578,2020-03-24T00:12:44.578Z,sell,9.63e-05,11.04,0.001063152
GVT/BTC,1585008819091,2020-03-24T00:13:39.091Z,sell,9.6e-05,1.11,0.00010656
GVT/BTC,1585008819091,2020-03-24T00:13:39.091Z,sell,9.59e-05,45.56,0.004369204
GVT/BTC,1585008819091,2020-03-24T00:13:39.091Z,sell,9.58e-05,225.37,0.021590446
GVT/BTC,1585008819091,2020-03-24T00:13:39.091Z,sell,9.58e-05,0.01,9.58e-07
GVT/BTC,1585008819406,2020-03-24T00:13:39.406Z,sell,9.57e-05,485.92,0.046502544
GVT/BTC,1585008848346,2020-03-24T00:14:08.346Z,sell,9.58e-05,1.05,0.00010059
GVT/BTC,1585008860047,2020-03-24T00:14:20.047Z,buy,9.62e-05,0.99,9.5238e-05
GVT/BTC,1585009539246,2020-03-24T00:25:39.246Z,buy,9.6e-05,52.08,0.00499968
GVT/BTC,1585009630831,2020-03-24T00:27:10.831Z,buy,9.58e-05,4.41,0.000422478
GVT/BTC,1585009895878,2020-03-24T00:31:35.878Z,sell,9.53e-05,29.01,0.002764653
GVT/BTC,1585009936191,2020-03-24T00:32:16.191Z,sell,9.53e-05,133.11,0.012685383
GVT/BTC,1585009943862,2020-03-24T00:32:23.862Z,sell,9.53e-05,102.55,0.009773015
GVT/BTC,1585009945466,2020-03-24T00:32:25.466Z,sell,9.53e-05,49.09,0.004678277
GVT/BTC,1585010048279,2020-03-24T00:34:08.279Z,sell,9.53e-05,1.05,0.000100065
GVT/BTC,1585010111419,2020-03-24T00:35:11.419Z,sell,9.5e-05,111.87,0.01062765
GVT/BTC,1585010111560,2020-03-24T00:35:11.560Z,buy,9.5e-05,4.36,0.0004142
GVT/BTC,1585010233439,2020-03-24T00:37:13.439Z,sell,9.47e-05,13.11,0.001241517
GVT/BTC,1585010233439,2020-03-24T00:37:13.439Z,sell,9.46e-05,100.0,0.00946
GVT/BTC,1585010233439,2020-03-24T00:37:13.439Z,sell,9.45e-05,312.31,0.029513295
GVT/BTC,1585010233439,2020-03-24T00:37:13.439Z,sell,9.43e-05,125.26,0.011812018
GVT/BTC,1585010233439,2020-03-24T00:37:13.439Z,sell,9.42e-05,9.17,0.000863814
GVT/BTC,1585010233742,2020-03-24T00:37:13.742Z,buy,9.45e-05,2.0,0.000189
GVT/BTC,1585010234170,2020-03-24T00:37:14.170Z,sell,9.42e-05,19.57,0.001843494
GVT/BTC,1585010288156,2020-03-24T00:38:08.156Z,buy,9.44e-05,1.06,0.000100064
GVT/BTC,1585010303140,2020-03-24T00:38:23.140Z,sell,9.4e-05,56.56,0.00531664
GVT/BTC,1585010303230,2020-03-24T00:38:23.230Z,buy,9.4e-05,19.98,0.0018781199999999
GVT/BTC,1585010318735,2020-03-24T00:38:38.735Z,sell,9.42e-05,43.77,0.004123134
GVT/BTC,1585010411783,2020-03-24T00:40:11.783Z,sell,9.39e-05,5.06,0.000475134
GVT/BTC,1585010415154,2020-03-24T00:40:15.154Z,sell,9.39e-05,143.29,0.013454931
GVT/BTC,1585010416160,2020-03-24T00:40:16.160Z,sell,9.39e-05,54.81,0.005146659
GVT/BTC,1585010417640,2020-03-24T00:40:17.640Z,sell,9.36e-05,410.99,0.038468664
GVT/BTC,1585010417640,2020-03-24T00:40:17.640Z,sell,9.35e-05,4.9,0.00045815
GVT/BTC,1585010417640,2020-03-24T00:40:17.640Z,sell,9.34e-05,1.11,0.000103674
GVT/BTC,1585010417640,2020-03-24T00:40:17.640Z,sell,9.33e-05,55.91,0.005216403
GVT/BTC,1585010417640,2020-03-24T00:40:17.640Z,sell,9.33e-05,8.59,0.000801447
GVT/BTC,1585010417640,2020-03-24T00:40:17.640Z,sell,9.32e-05,81.41,0.007587412
GVT/BTC,1585010417640,2020-03-24T00:40:17.640Z,sell,9.32e-05,105.87,0.009867084
GVT/BTC,1585010417658,2020-03-24T00:40:17.658Z,buy,9.34e-05,18.28,0.001707352
GVT/BTC,1585010417974,2020-03-24T00:40:17.974Z,sell,9.31e-05,58.98,0.0054910379999999
GVT/BTC,1585010417974,2020-03-24T00:40:17.974Z,sell,9.3e-05,64.51,0.00599943
GVT/BTC,1585010417974,2020-03-24T00:40:17.974Z,sell,9.29e-05,66.66,0.0061927139999999
GVT/BTC,1585010417974,2020-03-24T00:40:17.974Z,sell,9.29e-05,99.9,0.00928071
GVT/BTC,1585010432014,2020-03-24T00:40:32.014Z,sell,9.29e-05,160.05,0.014868645
GVT/BTC,1585010432014,2020-03-24T00:40:32.014Z,sell,9.27e-05,36.93,0.003423411
GVT/BTC,1585010432014,2020-03-24T00:40:32.014Z,sell,9.26e-05,2.82,0.0002611319999999
GVT/BTC,1585010434616,2020-03-24T00:40:34.616Z,buy,9.33e-05,11.28,0.001052424
GVT/BTC,1585010442033,2020-03-24T00:40:42.033Z,buy,9.32e-05,46.08,0.004294656
GVT/BTC,1585010442033,2020-03-24T00:40:42.033Z,buy,9.33e-05,37.62,0.003509946
GVT/BTC,1585010442159,2020-03-24T00:40:42.159Z,buy,9.33e-05,6.31,0.000588723
GVT/BTC,1585010455637,2020-03-24T00:40:55.637Z,buy,9.37e-05,4.27,0.0004000989999999
GVT/BTC,1585010455637,2020-03-24T00:40:55.637Z,buy,9.39e-05,17.25,0.001619775
GVT/BTC,1585010469604,2020-03-24T00:41:09.604Z,buy,9.38e-05,0.99,9.2862e-05
GVT/BTC,1585010478014,2020-03-24T00:41:18.014Z,buy,9.38e-05,5.34,0.000500892
GVT/BTC,1585010500586,2020-03-24T00:41:40.586Z,buy,9.38e-05,32.19,0.003019422
GVT/BTC,1585010520277,2020-03-24T00:42:00.277Z,sell,9.38e-05,26.53,0.002488514
GVT/BTC,1585010521183,2020-03-24T00:42:01.183Z,buy,9.4e-05,58.6,0.0055084
GVT/BTC,1585010574049,2020-03-24T00:42:54.049Z,buy,9.39e-05,237.66,0.022316274
GVT/BTC,1585010582936,2020-03-24T00:43:02.936Z,sell,9.34e-05,11.28,0.001053552
GVT/BTC,1585010654792,2020-03-24T00:44:14.792Z,buy,9.38e-05,48.92,0.004588696
GVT/BTC,1585010656308,2020-03-24T00:44:16.308Z,buy,9.39e-05,91.11,0.008555229
GVT/BTC,1585010670700,2020-03-24T00:44:30.700Z,buy,9.41e-05,87.71,0.008253511
GVT/BTC,1585010670814,2020-03-24T00:44:30.814Z,buy,9.43e-05,123.52,0.011647936
GVT/BTC,1585010673606,2020-03-24T00:44:33.606Z,sell,9.41e-05,28.98,0.002727018
GVT/BTC,1585010673606,2020-03-24T00:44:33.606Z,sell,9.41e-05,28.98,0.002727018
GVT/BTC,1585010735235,2020-03-24T00:45:35.235Z,buy,9.44e-05,11.2,0.00105728
GVT/BTC,1585010735526,2020-03-24T00:45:35.526Z,buy,9.44e-05,71.7,0.00676848
GVT/BTC,1585010750006,2020-03-24T00:45:50.006Z,sell,9.42e-05,12.7,0.00119634
GVT/BTC,1585010750025,2020-03-24T00:45:50.025Z,sell,9.42e-05,12.7,0.00119634
GVT/BTC,1585010931010,2020-03-24T00:48:51.010Z,buy,9.45e-05,22.26,0.00210357
GVT/BTC,1585010931143,2020-03-24T00:48:51.143Z,sell,9.45e-05,8.65,0.000817425
GVT/BTC,1585010946386,2020-03-24T00:49:06.386Z,buy,9.47e-05,11.07,0.001048329
GVT/BTC,1585010948399,2020-03-24T00:49:08.399Z,buy,9.48e-05,1.14,0.0001080719999999
GVT/BTC,1585010948984,2020-03-24T00:49:08.984Z,sell,9.45e-05,0.66,6.237e-05
GVT/BTC,1585011467893,2020-03-24T00:57:47.893Z,sell,9.39e-05,165.42,0.015532938
GVT/BTC,1585011603894,2020-03-24T01:00:03.894Z,sell,9.35e-05,6.54,0.00061149
GVT/BTC,1585011767179,2020-03-24T01:02:47.179Z,buy,9.45e-05,0.99,9.3555e-05
GVT/BTC,1585011787955,2020-03-24T01:03:07.955Z,buy,9.45e-05,0.99,9.3555e-05
GVT/BTC,1585011788204,2020-03-24T01:03:08.204Z,buy,9.45e-05,20.0,0.00189
GVT/BTC,1585011788205,2020-03-24T01:03:08.205Z,buy,9.45e-05,30.0,0.002835
GVT/BTC,1585011788207,2020-03-24T01:03:08.207Z,buy,9.45e-05,30.0,0.002835
GVT/BTC,1585011788209,2020-03-24T01:03:08.209Z,buy,9.45e-05,27.97,0.002643165
GVT/BTC,1585011788278,2020-03-24T01:03:08.278Z,sell,9.45e-05,2.03,0.0001918349999999
GVT/BTC,1585011794300,2020-03-24T01:03:14.300Z,buy,9.5e-05,10.51,0.00099845
GVT/BTC,1585012794763,2020-03-24T01:19:54.763Z,buy,9.5e-05,5.73,0.00054435
GVT/BTC,1585012822166,2020-03-24T01:20:22.166Z,sell,9.45e-05,11.2,0.0010584
GVT/BTC,1585013425512,2020-03-24T01:30:25.512Z,buy,9.53e-05,4.35,0.0004145549999999
GVT/BTC,1585013425577,2020-03-24T01:30:25.577Z,sell,9.53e-05,8.24,0.000785272
GVT/BTC,1585013540502,2020-03-24T01:32:20.502Z,buy,9.53e-05,9.22,0.000878666
GVT/BTC,1585013620225,2020-03-24T01:33:40.225Z,buy,9.52e-05,2.31,0.000219912
GVT/BTC,1585013620225,2020-03-24T01:33:40.225Z,buy,9.52e-05,2.31,0.000219912
GVT/BTC,1585014438070,2020-03-24T01:47:18.070Z,sell,9.46e-05,34.76,0.0032882959999999
GVT/BTC,1585014438070,2020-03-24T01:47:18.070Z,sell,9.44e-05,223.44,0.021092736
GVT/BTC,1585014438070,2020-03-24T01:47:18.070Z,sell,9.35e-05,2202.51,0.205934685
GVT/BTC,1585014536754,2020-03-24T01:48:56.754Z,sell,9.42e-05,3.47,0.000326874
GVT/BTC,1585014696905,2020-03-24T01:51:36.905Z,buy,9.47e-05,21.81,0.002065407
GVT/BTC,1585014721309,2020-03-24T01:52:01.309Z,buy,9.47e-05,0.34,3.2198e-05
GVT/BTC,1585014756358,2020-03-24T01:52:36.358Z,sell,9.4e-05,22.06,0.00207364
GVT/BTC,1585014756358,2020-03-24T01:52:36.358Z,sell,9.38e-05,81.94,0.007685972
GVT/BTC,1585015639330,2020-03-24T02:07:19.330Z,buy,9.46e-05,0.33,3.1218e-05
GVT/BTC,1585015639576,2020-03-24T02:07:19.576Z,buy,9.46e-05,5.99,0.000566654
GVT/BTC,1585015639615,2020-03-24T02:07:19.615Z,sell,9.46e-05,34.01,0.003217346
GVT/BTC,1585015732359,2020-03-24T02:08:52.359Z,buy,9.47e-05,10.11,0.0009574169999999
GVT/BTC,1585016127686,2020-03-24T02:15:27.686Z,sell,9.4e-05,10.48,0.00098512
GVT/BTC,1585016128690,2020-03-24T02:15:28.690Z,sell,9.4e-05,130.0,0.01222
GVT/BTC,1585016168300,2020-03-24T02:16:08.300Z,sell,9.4e-05,1.07,0.00010058
GVT/BTC,1585016591445,2020-03-24T02:23:11.445Z,sell,9.35e-05,19.09,0.001784915
GVT/BTC,1585016591445,2020-03-24T02:23:11.445Z,sell,9.34e-05,1.11,0.000103674
GVT/BTC,1585016591445,2020-03-24T02:23:11.445Z,sell,9.33e-05,43.49,0.004057617
GVT/BTC,1585016781083,2020-03-24T02:26:21.083Z,buy,9.41e-05,0.31,2.9171e-05
GVT/BTC,1585016813856,2020-03-24T02:26:53.856Z,sell,9.33e-05,1.08,0.000100764
GVT/BTC,1585016813856,2020-03-24T02:26:53.856Z,sell,9.32e-05,46.56,0.004339392
GVT/BTC,1585016813856,2020-03-24T02:26:53.856Z,sell,9.31e-05,92.63,0.0086238529999999
GVT/BTC,1585016895746,2020-03-24T02:28:15.746Z,buy,9.39e-05,1.0,9.39e-05
GVT/BTC,1585017033262,2020-03-24T02:30:33.262Z,sell,9.34e-05,39.32,0.003672488
GVT/BTC,1585017043529,2020-03-24T02:30:43.529Z,sell,9.35e-05,414.17,0.038724895
GVT/BTC,1585017043538,2020-03-24T02:30:43.538Z,sell,9.35e-05,330.97,0.030945695
GVT/BTC,1585017044930,2020-03-24T02:30:44.930Z,sell,9.35e-05,229.03,0.0214143049999999
GVT/BTC,1585017048333,2020-03-24T02:30:48.333Z,sell,9.35e-05,124.6,0.0116500999999999
GVT/BTC,1585017048333,2020-03-24T02:30:48.333Z,sell,9.35e-05,124.6,0.0116500999999999
GVT/BTC,1585017310260,2020-03-24T02:35:10.260Z,buy,9.36e-05,10.33,0.000966888
GVT/BTC,1585017310298,2020-03-24T02:35:10.298Z,sell,9.36e-05,20.58,0.0019262879999999
GVT/BTC,1585017311503,2020-03-24T02:35:11.503Z,sell,9.36e-05,14.26,0.001334736
GVT/BTC,1585017329958,2020-03-24T02:35:29.958Z,buy,9.37e-05,74.22,0.006954414
GVT/BTC,1585017329970,2020-03-24T02:35:29.970Z,sell,9.36e-05,29.13,0.002726568
GVT/BTC,1585017346614,2020-03-24T02:35:46.614Z,buy,9.37e-05,57.74,0.005410238
GVT/BTC,1585017368804,2020-03-24T02:36:08.804Z,buy,9.38e-05,1076.97,0.101019786
GVT/BTC,1585017452303,2020-03-24T02:37:32.303Z,buy,9.39e-05,115.55,0.010850145
GVT/BTC,1585017686521,2020-03-24T02:41:26.521Z,buy,9.39e-05,256.71,0.024105069
GVT/BTC,1585017686521,2020-03-24T02:41:26.521Z,buy,9.41e-05,431.37,0.040591917
GVT/BTC,1585017865272,2020-03-24T02:44:25.272Z,buy,9.41e-05,0.36,3.3876e-05
GVT/BTC,1585018153691,2020-03-24T02:49:13.691Z,buy,9.41e-05,2.88,0.000271008
GVT/BTC,1585018754444,2020-03-24T02:59:14.444Z,buy,9.41e-05,0.38,3.5758e-05
GVT/BTC,1585019825677,2020-03-24T03:17:05.677Z,buy,9.41e-05,0.3,2.823e-05
GVT/BTC,1585019825929,2020-03-24T03:17:05.929Z,buy,9.41e-05,20.0,0.001882
GVT/BTC,1585019825930,2020-03-24T03:17:05.930Z,buy,9.41e-05,20.0,0.001882
GVT/BTC,1585020038736,2020-03-24T03:20:38.736Z,sell,9.35e-05,8.85,0.0008274749999999
GVT/BTC,1585020038736,2020-03-24T03:20:38.736Z,sell,9.35e-05,8.85,0.0008274749999999
GVT/BTC,1585020916398,2020-03-24T03:35:16.398Z,buy,9.41e-05,176.0,0.0165616
GVT/BTC,1585020919236,2020-03-24T03:35:19.236Z,buy,9.41e-05,176.82,0.0166387619999999
GVT/BTC,1585021385494,2020-03-24T03:43:05.494Z,sell,9.35e-05,10.83,0.001012605
GVT/BTC,1585021719500,2020-03-24T03:48:39.500Z,sell,9.35e-05,36.56,0.00341836
GVT/BTC,1585021719500,2020-03-24T03:48:39.500Z,sell,9.33e-05,117.93,0.011002869
GVT/BTC,1585021739171,2020-03-24T03:48:59.171Z,sell,9.31e-05,1.25,0.000116375
GVT/BTC,1585022416111,2020-03-24T04:00:16.111Z,buy,9.35e-05,1.0,9.35e-05
GVT/BTC,1585022423580,2020-03-24T04:00:23.580Z,buy,9.35e-05,1.4,0.0001308999999999
GVT/BTC,1585022798496,2020-03-24T04:06:38.496Z,buy,9.35e-05,0.35,3.2725e-05
GVT/BTC,1585022994698,2020-03-24T04:09:54.698Z,buy,9.35e-05,0.32,2.992e-05
GVT/BTC,1585022994943,2020-03-24T04:09:54.943Z,buy,9.35e-05,2.25,0.000210375
GVT/BTC,1585023022751,2020-03-24T04:10:22.751Z,buy,9.38e-05,224.57,0.021064666
GVT/BTC,1585023022751,2020-03-24T04:10:22.751Z,buy,9.39e-05,183.21,0.017203419
GVT/BTC,1585023022751,2020-03-24T04:10:22.751Z,buy,9.38e-05,224.57,0.021064666
GVT/BTC,1585023022751,2020-03-24T04:10:22.751Z,buy,9.39e-05,183.21,0.017203419
GVT/BTC,1585024167607,2020-03-24T04:29:27.607Z,buy,9.38e-05,0.37,3.4706e-05
GVT/BTC,1585024415349,2020-03-24T04:33:35.349Z,sell,9.31e-05,176.49,0.016431219
GVT/BTC,1585024415349,2020-03-24T04:33:35.349Z,sell,9.3e-05,296.66,0.02758938
GVT/BTC,1585024415349,2020-03-24T04:33:35.349Z,sell,9.28e-05,2026.85,0.18809168
GVT/BTC,1585024429810,2020-03-24T04:33:49.810Z,sell,9.29e-05,209.97,0.0195062129999999
GVT/BTC,1585024429810,2020-03-24T04:33:49.810Z,sell,9.28e-05,1034.73,0.096022944
GVT/BTC,1585024744413,2020-03-24T04:39:04.413Z,sell,9.29e-05,9.65,0.000896485
GVT/BTC,1585024744413,2020-03-24T04:39:04.413Z,sell,9.28e-05,0.35,3.248e-05
GVT/BTC,1585024763880,2020-03-24T04:39:23.880Z,buy,9.34e-05,49.98,0.0046681319999999
GVT/BTC,1585024763880,2020-03-24T04:39:23.880Z,buy,9.35e-05,407.64,0.03811434
GVT/BTC,1585025346964,2020-03-24T04:49:06.964Z,buy,9.36e-05,4.52,0.000423072
GVT/BTC,1585025347963,2020-03-24T04:49:07.963Z,buy,9.37e-05,2.13,0.000199581
GVT/BTC,1585025497358,2020-03-24T04:51:37.358Z,buy,9.36e-05,179.0,0.0167544
GVT/BTC,1585025598864,2020-03-24T04:53:18.864Z,buy,9.36e-05,2377.65,0.22254804
GVT/BTC,1585025598924,2020-03-24T04:53:18.924Z,buy,9.37e-05,8.87,0.000831119
GVT/BTC,1585025598925,2020-03-24T04:53:18.925Z,buy,9.38e-05,401.57,0.037667266
GVT/BTC,1585025684200,2020-03-24T04:54:44.200Z,buy,9.41e-05,176.0,0.0165616
GVT/BTC,1585025687602,2020-03-24T04:54:47.602Z,buy,9.41e-05,177.19,0.016673579
GVT/BTC,1585025687643,2020-03-24T04:54:47.643Z,buy,9.41e-05,268.27,0.0252442069999999
GVT/BTC,1585025692671,2020-03-24T04:54:52.671Z,buy,9.41e-05,27.02,0.002542582
GVT/BTC,1585025739099,2020-03-24T04:55:39.099Z,sell,9.37e-05,15.0,0.0014055
GVT/BTC,1585025980666,2020-03-24T04:59:40.666Z,buy,9.41e-05,5.16,0.000485556
GVT/BTC,1585025981664,2020-03-24T04:59:41.664Z,buy,9.42e-05,21.95,0.00206769
GVT/BTC,1585025987819,2020-03-24T04:59:47.819Z,sell,9.37e-05,1.18,0.000110566
GVT/BTC,1585026066484,2020-03-24T05:01:06.484Z,buy,9.43e-05,118.0,0.0111274
GVT/BTC,1585026115407,2020-03-24T05:01:55.407Z,buy,9.43e-05,17.05,0.001607815
GVT/BTC,1585026115407,2020-03-24T05:01:55.407Z,buy,9.44e-05,331.91,0.031332304
GVT/BTC,1585026122421,2020-03-24T05:02:02.421Z,buy,9.46e-05,176.0,0.0166496
GVT/BTC,1585026122434,2020-03-24T05:02:02.434Z,buy,9.46e-05,268.73,0.025421858
GVT/BTC,1585026125844,2020-03-24T05:02:05.844Z,buy,9.46e-05,108.31,0.010246126
GVT/BTC,1585026125844,2020-03-24T05:02:05.844Z,buy,9.47e-05,1.11,0.000105117
GVT/BTC,1585026125844,2020-03-24T05:02:05.844Z,buy,9.48e-05,66.82,0.0063345359999999
GVT/BTC,1585026253651,2020-03-24T05:04:13.651Z,sell,9.45e-05,1.17,0.000110565
GVT/BTC,1585026396521,2020-03-24T05:06:36.521Z,sell,9.46e-05,3.22,0.000304612
GVT/BTC,1585026487343,2020-03-24T05:08:07.343Z,sell,9.45e-05,68.24,0.00644868
GVT/BTC,1585026532983,2020-03-24T05:08:52.983Z,buy,9.47e-05,6.34,0.0006003979999999
GVT/BTC,1585026545443,2020-03-24T05:09:05.443Z,sell,9.47e-05,23.34,0.002210298
GVT/BTC,1585026578179,2020-03-24T05:09:38.179Z,sell,9.47e-05,245.32,0.0232318039999999
GVT/BTC,1585026578179,2020-03-24T05:09:38.179Z,sell,9.47e-05,245.32,0.0232318039999999
GVT/BTC,1585026690598,2020-03-24T05:11:30.598Z,sell,9.45e-05,1332.63,0.125933535
GVT/BTC,1585026690700,2020-03-24T05:11:30.700Z,sell,9.45e-05,1021.15,0.096498675
GVT/BTC,1585026690715,2020-03-24T05:11:30.715Z,sell,9.45e-05,192.16,0.01815912
GVT/BTC,1585026960501,2020-03-24T05:16:00.501Z,buy,9.44e-05,175.0,0.01652
GVT/BTC,1585026963898,2020-03-24T05:16:03.898Z,buy,9.44e-05,176.58,0.016669152
GVT/BTC,1585026975827,2020-03-24T05:16:15.827Z,buy,9.44e-05,176.0,0.0166144
GVT/BTC,1585026979232,2020-03-24T05:16:19.232Z,buy,9.44e-05,78.59,0.007418896
GVT/BTC,1585026979232,2020-03-24T05:16:19.232Z,buy,9.45e-05,98.32,0.00929124
GVT/BTC,1585027034253,2020-03-24T05:17:14.253Z,buy,9.46e-05,1057.09,0.1000007139999999
GVT/BTC,1585027717879,2020-03-24T05:28:37.879Z,sell,9.39e-05,35.02,0.003288378
GVT/BTC,1585027717879,2020-03-24T05:28:37.879Z,sell,9.38e-05,422.6,0.03963988
GVT/BTC,1585027871624,2020-03-24T05:31:11.624Z,sell,9.36e-05,105.76,0.009899136
GVT/BTC,1585027871626,2020-03-24T05:31:11.626Z,sell,9.35e-05,105.76,0.00988856
GVT/BTC,1585027871628,2020-03-24T05:31:11.628Z,sell,9.35e-05,183.52,0.01715912
GVT/BTC,1585027871628,2020-03-24T05:31:11.628Z,sell,9.35e-05,100.08,0.00935748
GVT/BTC,1585027871628,2020-03-24T05:31:11.628Z,sell,9.34e-05,1.11,0.000103674
GVT/BTC,1585027941204,2020-03-24T05:32:21.204Z,buy,9.41e-05,105.0,0.0098805
GVT/BTC,1585027944606,2020-03-24T05:32:24.606Z,buy,9.41e-05,0.76,7.1516e-05
GVT/BTC,1585027944606,2020-03-24T05:32:24.606Z,buy,9.42e-05,35.03,0.003299826
GVT/BTC,1585027944606,2020-03-24T05:32:24.606Z,buy,9.43e-05,141.45,0.013338735
GVT/BTC,1585027956621,2020-03-24T05:32:36.621Z,buy,9.43e-05,177.0,0.0166911
GVT/BTC,1585027960020,2020-03-24T05:32:40.020Z,buy,9.43e-05,177.62,0.016749566
GVT/BTC,1585028777317,2020-03-24T05:46:17.317Z,buy,9.44e-05,4.0,0.0003776
GVT/BTC,1585028935939,2020-03-24T05:48:55.939Z,sell,9.4e-05,8.42,0.0007914799999999
GVT/BTC,1585029010905,2020-03-24T05:50:10.905Z,sell,9.4e-05,128.93,0.01211942
GVT/BTC,1585029010908,2020-03-24T05:50:10.908Z,sell,9.39e-05,128.93,0.012106527
GVT/BTC,1585029011004,2020-03-24T05:50:11.004Z,buy,9.4e-05,62.84,0.00590696
GVT/BTC,1585029626966,2020-03-24T06:00:26.966Z,sell,9.4e-05,1.61,0.00015134
GVT/BTC,1585029778467,2020-03-24T06:02:58.467Z,sell,9.4e-05,6.48,0.00060912
GVT/BTC,1585029778467,2020-03-24T06:02:58.467Z,sell,9.4e-05,6.48,0.00060912
GVT/BTC,1585030218963,2020-03-24T06:10:18.963Z,sell,9.4e-05,2.18,0.00020492
GVT/BTC,1585030256666,2020-03-24T06:10:56.666Z,buy,9.41e-05,6.48,0.000609768
GVT/BTC,1585030281898,2020-03-24T06:11:21.898Z,buy,9.41e-05,0.16,1.5056e-05
GVT/BTC,1585030282005,2020-03-24T06:11:22.005Z,sell,9.42e-05,9.51,0.000895842
GVT/BTC,1585030414382,2020-03-24T06:13:34.382Z,buy,9.43e-05,46.77,0.004410411
GVT/BTC,1585030426195,2020-03-24T06:13:46.195Z,buy,9.46e-05,196.18,0.018558628
GVT/BTC,1585030426195,2020-03-24T06:13:46.195Z,buy,9.47e-05,899.97,0.085227159
GVT/BTC,1585030426526,2020-03-24T06:13:46.526Z,sell,9.47e-05,398.33,0.037721851
GVT/BTC,1585030442731,2020-03-24T06:14:02.731Z,sell,9.47e-05,941.06,0.089118382
GVT/BTC,1585030443024,2020-03-24T06:14:03.024Z,sell,9.47e-05,1.07,0.000101329
GVT/BTC,1585030444232,2020-03-24T06:14:04.232Z,sell,9.47e-05,651.34,0.061681898
GVT/BTC,1585030445913,2020-03-24T06:14:05.913Z,sell,9.47e-05,16.77,0.001588119
GVT/BTC,1585030445927,2020-03-24T06:14:05.927Z,sell,9.47e-05,461.36,0.043690792
GVT/BTC,1585030447031,2020-03-24T06:14:07.031Z,sell,9.47e-05,320.02,0.0303058939999999
GVT/BTC,1585030447238,2020-03-24T06:14:07.238Z,sell,9.47e-05,189.25,0.017921975
GVT/BTC,1585030453237,2020-03-24T06:14:13.237Z,sell,9.47e-05,95.66,0.009059002
GVT/BTC,1585031431510,2020-03-24T06:30:31.510Z,buy,9.46e-05,104.76,0.009910296
GVT/BTC,1585031431510,2020-03-24T06:30:31.510Z,buy,9.47e-05,1642.1,0.15550687
GVT/BTC,1585031617402,2020-03-24T06:33:37.402Z,buy,9.47e-05,36.11,0.003419617
GVT/BTC,1585031851270,2020-03-24T06:37:31.270Z,sell,9.42e-05,9.1,0.00085722
GVT/BTC,1585032534405,2020-03-24T06:48:54.405Z,sell,9.42e-05,5.55,0.00052281
GVT/BTC,1585032575917,2020-03-24T06:49:35.917Z,buy,9.47e-05,51.5,0.00487705
GVT/BTC,1585032724167,2020-03-24T06:52:04.167Z,sell,9.42e-05,35.19,0.0033148979999999
GVT/BTC,1585032956926,2020-03-24T06:55:56.926Z,buy,9.46e-05,4.67,0.000441782
GVT/BTC,1585032956926,2020-03-24T06:55:56.926Z,buy,9.47e-05,12.67,0.001199849
GVT/BTC,1585033024127,2020-03-24T06:57:04.127Z,buy,9.46e-05,72.0,0.0068112
GVT/BTC,1585033252031,2020-03-24T07:00:52.031Z,buy,9.46e-05,2.0,0.0001892
GVT/BTC,1585033252031,2020-03-24T07:00:52.031Z,buy,9.46e-05,2.0,0.0001892
GVT/BTC,1585033617463,2020-03-24T07:06:57.463Z,sell,9.42e-05,68.75,0.00647625
GVT/BTC,1585033906188,2020-03-24T07:11:46.188Z,buy,9.46e-05,2.16,0.000204336
GVT/BTC,1585033906188,2020-03-24T07:11:46.188Z,buy,9.47e-05,61.41,0.0058155269999999
GVT/BTC,1585034019111,2020-03-24T07:13:39.111Z,sell,9.42e-05,754.31,0.071056002
GVT/BTC,1585034019112,2020-03-24T07:13:39.112Z,sell,9.42e-05,0.01,9.42e-07
GVT/BTC,1585034099579,2020-03-24T07:14:59.579Z,sell,9.4e-05,20.43,0.00192042
GVT/BTC,1585034108436,2020-03-24T07:15:08.436Z,buy,9.4e-05,1.07,0.00010058
GVT/BTC,1585034211471,2020-03-24T07:16:51.471Z,sell,9.35e-05,83.52,0.0078091199999999
GVT/BTC,1585034221314,2020-03-24T07:17:01.314Z,buy,9.42e-05,83.0,0.0078186
GVT/BTC,1585034232198,2020-03-24T07:17:12.198Z,buy,9.42e-05,0.52,4.8984e-05
GVT/BTC,1585034232198,2020-03-24T07:17:12.198Z,buy,9.43e-05,0.48,4.5264e-05
GVT/BTC,1585034547406,2020-03-24T07:22:27.406Z,buy,9.43e-05,37.27,0.003514561
GVT/BTC,1585034639444,2020-03-24T07:23:59.444Z,buy,9.43e-05,1.47,0.000138621
GVT/BTC,1585034656322,2020-03-24T07:24:16.322Z,buy,9.43e-05,0.06,5.658e-06
GVT/BTC,1585034656322,2020-03-24T07:24:16.322Z,buy,9.45e-05,0.26,2.4570000000000004e-05
GVT/BTC,1585034659979,2020-03-24T07:24:19.979Z,buy,9.47e-05,62.0,0.0058714
GVT/BTC,1585034663413,2020-03-24T07:24:23.413Z,buy,9.47e-05,63.45,0.006008715
GVT/BTC,1585034735235,2020-03-24T07:25:35.235Z,sell,9.46e-05,53.43,0.0050544779999999
GVT/BTC,1585034941753,2020-03-24T07:29:01.753Z,buy,9.46e-05,5.51,0.000521246
GVT/BTC,1585034941837,2020-03-24T07:29:01.837Z,buy,9.47e-05,20.67,0.001957449
GVT/BTC,1585034942834,2020-03-24T07:29:02.834Z,buy,9.47e-05,14.35,0.0013589449999999
GVT/BTC,1585034968712,2020-03-24T07:29:28.712Z,buy,9.47e-05,833.79,0.0789599129999999
GVT/BTC,1585034968733,2020-03-24T07:29:28.733Z,buy,9.47e-05,591.75,0.056038725
GVT/BTC,1585034969088,2020-03-24T07:29:29.088Z,buy,9.47e-05,112.58,0.0106613259999999
GVT/BTC,1585034983469,2020-03-24T07:29:43.469Z,buy,9.48e-05,9.66,0.000915768
GVT/BTC,1585034983643,2020-03-24T07:29:43.643Z,sell,9.49e-05,112.58,0.010683842
GVT/BTC,1585035130226,2020-03-24T07:32:10.226Z,buy,9.51e-05,10.15,0.000965265
GVT/BTC,1585035130226,2020-03-24T07:32:10.226Z,buy,9.52e-05,24.15,0.00229908
GVT/BTC,1585035139125,2020-03-24T07:32:19.125Z,buy,9.52e-05,261.08,0.024854816
GVT/BTC,1585035139136,2020-03-24T07:32:19.136Z,buy,9.52e-05,87.49,0.0083290479999999
GVT/BTC,1585035156191,2020-03-24T07:32:36.191Z,buy,9.52e-05,39.79,0.003788008
GVT/BTC,1585035186873,2020-03-24T07:33:06.873Z,buy,9.52e-05,31.77,0.003024504
GVT/BTC,1585035510947,2020-03-24T07:38:30.947Z,sell,9.45e-05,98.96,0.00935172
GVT/BTC,1585035510947,2020-03-24T07:38:30.947Z,sell,9.45e-05,6.86,0.00064827
GVT/BTC,1585035510947,2020-03-24T07:38:30.947Z,sell,9.44e-05,92.11,0.008695184
GVT/BTC,1585035511000,2020-03-24T07:38:31.000Z,buy,9.44e-05,98.05,0.00925592
GVT/BTC,1585035511000,2020-03-24T07:38:31.000Z,buy,9.44e-05,7.77,0.000733488
GVT/BTC,1585035511000,2020-03-24T07:38:31.000Z,buy,9.45e-05,98.05,0.009265725
GVT/BTC,1585035511006,2020-03-24T07:38:31.006Z,buy,9.45e-05,7.77,0.000734265
GVT/BTC,1585035582482,2020-03-24T07:39:42.482Z,sell,9.45e-05,36.54,0.00345303
GVT/BTC,1585035582816,2020-03-24T07:39:42.816Z,sell,9.45e-05,7.77,0.000734265
GVT/BTC,1585035661106,2020-03-24T07:41:01.106Z,buy,9.44e-05,96.0,0.0090624
GVT/BTC,1585035664521,2020-03-24T07:41:04.521Z,buy,9.44e-05,9.82,0.000927008
GVT/BTC,1585035664521,2020-03-24T07:41:04.521Z,buy,9.45e-05,43.25,0.004087125
GVT/BTC,1585035664521,2020-03-24T07:41:04.521Z,buy,9.46e-05,11.74,0.001110604
GVT/BTC,1585035912321,2020-03-24T07:45:12.321Z,buy,9.49e-05,4.97,0.000471653
