symbol,timestamp,datetime,side,price,amount,btc_volume
ICN/BTC,1529082035097,2018-06-15T17:00:35.097Z,sell,0.00010994,32.0,0.00351808
ICN/BTC,1529082039472,2018-06-15T17:00:39.472Z,sell,0.00010994,139.0,0.0152816599999999
ICN/BTC,1529082064000,2018-06-15T17:01:04.000Z,sell,0.00010994,8.0,0.00087952
ICN/BTC,1529082066014,2018-06-15T17:01:06.014Z,buy,0.0001101,13.0,0.0014313
ICN/BTC,1529082066014,2018-06-15T17:01:06.014Z,buy,0.00011049,12.0,0.00132588
ICN/BTC,1529082066973,2018-06-15T17:01:06.973Z,sell,0.00010994,26.0,0.00285844
ICN/BTC,1529082066973,2018-06-15T17:01:06.973Z,sell,0.00010978,181.0,0.0198701799999999
ICN/BTC,1529082066973,2018-06-15T17:01:06.973Z,sell,0.00010977,42.0,0.00461034
ICN/BTC,1529082070766,2018-06-15T17:01:10.766Z,sell,0.00010977,48.0,0.00526896
ICN/BTC,1529082076598,2018-06-15T17:01:16.598Z,sell,0.00010952,10.0,0.0010952
ICN/BTC,1529082076598,2018-06-15T17:01:16.598Z,sell,0.00010917,41.0,0.00447597
ICN/BTC,1529082076598,2018-06-15T17:01:16.598Z,sell,0.0001091,39.0,0.0042549
ICN/BTC,1529082076598,2018-06-15T17:01:16.598Z,sell,0.00010899,3.0,0.00032697
ICN/BTC,1529082076598,2018-06-15T17:01:16.598Z,sell,0.00010899,52.0,0.00566748
ICN/BTC,1529082076598,2018-06-15T17:01:16.598Z,sell,0.00010895,80.0,0.008716
ICN/BTC,1529082076598,2018-06-15T17:01:16.598Z,sell,0.00010895,184.0,0.0200468
ICN/BTC,1529082078339,2018-06-15T17:01:18.339Z,sell,0.00010898,93.0,0.01013514
ICN/BTC,1529082078484,2018-06-15T17:01:18.484Z,sell,0.00010994,53.0,0.00582682
ICN/BTC,1529082078523,2018-06-15T17:01:18.523Z,sell,0.00010994,93.0,0.01022442
ICN/BTC,1529082078560,2018-06-15T17:01:18.560Z,sell,0.00010994,97.0,0.0106641799999999
ICN/BTC,1529082078604,2018-06-15T17:01:18.604Z,sell,0.00010898,93.0,0.01013514
ICN/BTC,1529082079314,2018-06-15T17:01:19.314Z,buy,0.00010949,167.0,0.01828483
ICN/BTC,1529082083803,2018-06-15T17:01:23.803Z,sell,0.00010927,18.0,0.00196686
ICN/BTC,1529082083803,2018-06-15T17:01:23.803Z,sell,0.00010926,18.0,0.0019666799999999
ICN/BTC,1529082083803,2018-06-15T17:01:23.803Z,sell,0.00010925,57.0,0.00622725
ICN/BTC,1529082087802,2018-06-15T17:01:27.802Z,sell,0.00010927,30.0,0.0032781
ICN/BTC,1529082087802,2018-06-15T17:01:27.802Z,sell,0.00010925,33.0,0.00360525
ICN/BTC,1529082089814,2018-06-15T17:01:29.814Z,buy,0.00010924,40.0,0.0043696
ICN/BTC,1529082216389,2018-06-15T17:03:36.389Z,buy,0.00010925,5.0,0.00054625
ICN/BTC,1529082256489,2018-06-15T17:04:16.489Z,sell,0.00010926,55.0,0.0060092999999999
ICN/BTC,1529082257746,2018-06-15T17:04:17.746Z,sell,0.0001092,64.0,0.0069888
ICN/BTC,1529082393474,2018-06-15T17:06:33.474Z,sell,0.0001092,352.0,0.0384384
ICN/BTC,1529082396930,2018-06-15T17:06:36.930Z,sell,0.0001092,81.0,0.0088452
ICN/BTC,1529082401700,2018-06-15T17:06:41.700Z,sell,0.0001092,173.0,0.0188915999999999
ICN/BTC,1529082405880,2018-06-15T17:06:45.880Z,sell,0.0001092,140.0,0.015288
ICN/BTC,1529082665566,2018-06-15T17:11:05.566Z,buy,0.00010934,167.0,0.01825978
ICN/BTC,1529082666066,2018-06-15T17:11:06.066Z,buy,0.00010934,2.0,0.00021868
ICN/BTC,1529082666066,2018-06-15T17:11:06.066Z,buy,0.00010939,105.0,0.01148595
ICN/BTC,1529082666258,2018-06-15T17:11:06.258Z,buy,0.00010939,62.0,0.00678218
ICN/BTC,1529082666258,2018-06-15T17:11:06.258Z,buy,0.00010951,59.0,0.00646109
ICN/BTC,1529082667730,2018-06-15T17:11:07.730Z,buy,0.00010957,64.0,0.00701248
ICN/BTC,1529082669190,2018-06-15T17:11:09.190Z,buy,0.00010957,26.0,0.0028488199999999
ICN/BTC,1529082669190,2018-06-15T17:11:09.190Z,buy,0.00010986,30.0,0.0032957999999999
ICN/BTC,1529082741280,2018-06-15T17:12:21.280Z,buy,0.00010982,38.0,0.00417316
ICN/BTC,1529083156494,2018-06-15T17:19:16.494Z,sell,0.00010931,156.0,0.01705236
ICN/BTC,1529083156494,2018-06-15T17:19:16.494Z,sell,0.00010927,7.0,0.00076489
ICN/BTC,1529083159662,2018-06-15T17:19:19.662Z,sell,0.00010927,81.0,0.00885087
ICN/BTC,1529083165764,2018-06-15T17:19:25.764Z,sell,0.00010927,42.0,0.00458934
ICN/BTC,1529083527943,2018-06-15T17:25:27.943Z,sell,0.00010927,58.0,0.00633766
ICN/BTC,1529083795962,2018-06-15T17:29:55.962Z,buy,0.00010987,3.0,0.00032961
ICN/BTC,1529083798291,2018-06-15T17:29:58.291Z,buy,0.00010987,5.0,0.00054935
ICN/BTC,1529083800150,2018-06-15T17:30:00.150Z,buy,0.00010987,4.0,0.00043948
ICN/BTC,1529083801848,2018-06-15T17:30:01.848Z,buy,0.00010986,1.0,0.00010986
ICN/BTC,1529083813094,2018-06-15T17:30:13.094Z,buy,0.00010985,68.0,0.0074698
ICN/BTC,1529083813094,2018-06-15T17:30:13.094Z,buy,0.00010986,12.0,0.00131832
ICN/BTC,1529083823932,2018-06-15T17:30:23.932Z,buy,0.00010985,1.0,0.00010985
ICN/BTC,1529083839473,2018-06-15T17:30:39.473Z,buy,0.00010985,46.0,0.0050531
ICN/BTC,1529083842954,2018-06-15T17:30:42.954Z,buy,0.00010985,1.0,0.00010985
ICN/BTC,1529083867242,2018-06-15T17:31:07.242Z,buy,0.00010977,1.0,0.00010977
ICN/BTC,1529083872162,2018-06-15T17:31:12.162Z,buy,0.00010977,1.0,0.00010977
ICN/BTC,1529083875721,2018-06-15T17:31:15.721Z,buy,0.00010977,1.0,0.00010977
ICN/BTC,1529083884951,2018-06-15T17:31:24.951Z,buy,0.00010977,1.0,0.00010977
ICN/BTC,1529083885070,2018-06-15T17:31:25.070Z,buy,0.00010977,4.0,0.00043908
ICN/BTC,1529083887172,2018-06-15T17:31:27.172Z,buy,0.00010977,3.0,0.00032931
ICN/BTC,1529083889365,2018-06-15T17:31:29.365Z,buy,0.00010977,2.0,0.00021954
ICN/BTC,1529083890683,2018-06-15T17:31:30.683Z,buy,0.00010977,1.0,0.00010977
ICN/BTC,1529083896362,2018-06-15T17:31:36.362Z,buy,0.00010977,2.0,0.00021954
ICN/BTC,1529083897789,2018-06-15T17:31:37.789Z,buy,0.00010977,1.0,0.00010977
ICN/BTC,1529083902186,2018-06-15T17:31:42.186Z,buy,0.00010977,3.0,0.00032931
ICN/BTC,1529083904667,2018-06-15T17:31:44.667Z,buy,0.00010977,4.0,0.00043908
ICN/BTC,1529083904671,2018-06-15T17:31:44.671Z,buy,0.00010977,1.0,0.00010977
ICN/BTC,1529083909912,2018-06-15T17:31:49.912Z,buy,0.00010976,1.0,0.00010976
ICN/BTC,1529083915536,2018-06-15T17:31:55.536Z,buy,0.00010976,1.0,0.00010976
ICN/BTC,1529083991316,2018-06-15T17:33:11.316Z,buy,0.00010964,135.0,0.0148014
ICN/BTC,1529083991316,2018-06-15T17:33:11.316Z,buy,0.00010965,273.0,0.0299344499999999
ICN/BTC,1529083991316,2018-06-15T17:33:11.316Z,buy,0.0001097,48.0,0.0052656
ICN/BTC,1529083991316,2018-06-15T17:33:11.316Z,buy,0.00010982,36.0,0.00395352
ICN/BTC,1529083991316,2018-06-15T17:33:11.316Z,buy,0.00010986,32.0,0.00351552
ICN/BTC,1529083991316,2018-06-15T17:33:11.316Z,buy,0.00011049,191.0,0.02110359
ICN/BTC,1529083991316,2018-06-15T17:33:11.316Z,buy,0.0001105,185.0,0.0204425
ICN/BTC,1529084068072,2018-06-15T17:34:28.072Z,buy,0.00010984,19.0,0.00208696
ICN/BTC,1529084078679,2018-06-15T17:34:38.679Z,sell,0.00010984,20.0,0.0021968
ICN/BTC,1529084078807,2018-06-15T17:34:38.807Z,sell,0.00010984,20.0,0.0021968
ICN/BTC,1529084112543,2018-06-15T17:35:12.543Z,buy,0.00011018,1.0,0.00011018
ICN/BTC,1529084112735,2018-06-15T17:35:12.735Z,sell,0.00010984,166.0,0.01823344
ICN/BTC,1529084112735,2018-06-15T17:35:12.735Z,sell,0.00010948,9.0,0.00098532
ICN/BTC,1529084114638,2018-06-15T17:35:14.638Z,sell,0.00010949,15.0,0.0016423499999999
ICN/BTC,1529084119222,2018-06-15T17:35:19.222Z,sell,0.00010961,90.0,0.0098649
ICN/BTC,1529084119222,2018-06-15T17:35:19.222Z,sell,0.00010949,331.0,0.03624119
ICN/BTC,1529084119411,2018-06-15T17:35:19.411Z,buy,0.00011044,1.0,0.00011044
ICN/BTC,1529084124596,2018-06-15T17:35:24.596Z,buy,0.00011043,1.0,0.00011043
ICN/BTC,1529084162256,2018-06-15T17:36:02.256Z,buy,0.0001104,1.0,0.0001104
ICN/BTC,1529084167583,2018-06-15T17:36:07.583Z,buy,0.00011041,1.0,0.00011041
ICN/BTC,1529084172663,2018-06-15T17:36:12.663Z,buy,0.00011041,1.0,0.00011041
ICN/BTC,1529084176354,2018-06-15T17:36:16.354Z,sell,0.00010932,46.0,0.00502872
ICN/BTC,1529084177953,2018-06-15T17:36:17.953Z,buy,0.00011039,1.0,0.00011039
ICN/BTC,1529084196256,2018-06-15T17:36:36.256Z,buy,0.00011026,1.0,0.00011026
ICN/BTC,1529084228367,2018-06-15T17:37:08.367Z,sell,0.00010936,1.0,0.00010936
ICN/BTC,1529084237516,2018-06-15T17:37:17.516Z,sell,0.00010939,23.0,0.0025159699999999
ICN/BTC,1529084237516,2018-06-15T17:37:17.516Z,sell,0.00010938,61.0,0.00667218
ICN/BTC,1529084255077,2018-06-15T17:37:35.077Z,buy,0.00011006,1.0,0.00011006
ICN/BTC,1529084284195,2018-06-15T17:38:04.195Z,sell,0.0001093,56.0,0.0061208
ICN/BTC,1529084284195,2018-06-15T17:38:04.195Z,sell,0.00010901,72.0,0.00784872
ICN/BTC,1529084344776,2018-06-15T17:39:04.776Z,buy,0.00010954,1.0,0.00010954
ICN/BTC,1529084349335,2018-06-15T17:39:09.335Z,buy,0.00010952,1.0,0.00010952
ICN/BTC,1529084353608,2018-06-15T17:39:13.608Z,buy,0.0001095,1.0,0.0001095
ICN/BTC,1529084452264,2018-06-15T17:40:52.264Z,buy,0.00010934,1.0,0.00010934
ICN/BTC,1529084456877,2018-06-15T17:40:56.877Z,buy,0.00010934,1.0,0.00010934
ICN/BTC,1529084462143,2018-06-15T17:41:02.143Z,buy,0.00010934,1.0,0.00010934
ICN/BTC,1529084485467,2018-06-15T17:41:25.467Z,sell,0.00010919,106.0,0.01157414
ICN/BTC,1529084495514,2018-06-15T17:41:35.514Z,buy,0.0001093,339.0,0.0370527
ICN/BTC,1529084744696,2018-06-15T17:45:44.696Z,buy,0.00010957,1.0,0.00010957
ICN/BTC,1529084801987,2018-06-15T17:46:41.987Z,sell,0.0001092,12.0,0.0013104
ICN/BTC,1529084847098,2018-06-15T17:47:27.098Z,buy,0.00010958,1.0,0.00010958
ICN/BTC,1529085371894,2018-06-15T17:56:11.894Z,buy,0.00010957,83.0,0.00909431
ICN/BTC,1529085371894,2018-06-15T17:56:11.894Z,buy,0.0001096,8.0,0.0008768
ICN/BTC,1529085455997,2018-06-15T17:57:35.997Z,sell,0.00010924,70.0,0.0076468
ICN/BTC,1529085538879,2018-06-15T17:58:58.879Z,sell,0.00010924,3.0,0.00032772
ICN/BTC,1529085545036,2018-06-15T17:59:05.036Z,buy,0.00010963,1.0,0.00010963
ICN/BTC,1529085545036,2018-06-15T17:59:05.036Z,buy,0.00010963,1.0,0.00010963
ICN/BTC,1529085946093,2018-06-15T18:05:46.093Z,sell,0.00010941,180.0,0.0196938
ICN/BTC,1529085991274,2018-06-15T18:06:31.274Z,buy,0.00010963,1.0,0.00010963
ICN/BTC,1529086245872,2018-06-15T18:10:45.872Z,buy,0.00010963,1.0,0.00010963
ICN/BTC,1529086264515,2018-06-15T18:11:04.515Z,buy,0.00010963,2.0,0.00021926
ICN/BTC,1529087537755,2018-06-15T18:32:17.755Z,sell,0.00010933,65.0,0.00710645
ICN/BTC,1529087538188,2018-06-15T18:32:18.188Z,sell,0.00010929,17.0,0.00185793
ICN/BTC,1529087539084,2018-06-15T18:32:19.084Z,sell,0.00010929,20.0,0.0021858
ICN/BTC,1529087539132,2018-06-15T18:32:19.132Z,sell,0.00010928,120.0,0.0131136
ICN/BTC,1529087769530,2018-06-15T18:36:09.530Z,sell,0.00010928,17.0,0.00185776
ICN/BTC,1529087801914,2018-06-15T18:36:41.914Z,buy,0.00010963,1.0,0.00010963
ICN/BTC,1529088380102,2018-06-15T18:46:20.102Z,sell,0.00010951,11.0,0.00120461
ICN/BTC,1529088398266,2018-06-15T18:46:38.266Z,sell,0.00010951,239.0,0.02617289
ICN/BTC,1529088399164,2018-06-15T18:46:39.164Z,sell,0.00010951,27.0,0.00295677
ICN/BTC,1529088399600,2018-06-15T18:46:39.600Z,buy,0.00010963,1.0,0.00010963
ICN/BTC,1529088457407,2018-06-15T18:47:37.407Z,buy,0.00010963,49.0,0.00537187
ICN/BTC,1529088457653,2018-06-15T18:47:37.653Z,sell,0.00010963,55.0,0.00602965
ICN/BTC,1529088478922,2018-06-15T18:47:58.922Z,sell,0.00010963,7.0,0.00076741
ICN/BTC,1529088479076,2018-06-15T18:47:59.076Z,sell,0.00010963,29.0,0.00317927
ICN/BTC,1529088479076,2018-06-15T18:47:59.076Z,sell,0.00010951,2.0,0.00021902
ICN/BTC,1529088557816,2018-06-15T18:49:17.816Z,sell,0.00010951,295.0,0.03230545
ICN/BTC,1529088610436,2018-06-15T18:50:10.436Z,buy,0.00010963,1.0,0.00010963
ICN/BTC,1529088669155,2018-06-15T18:51:09.155Z,sell,0.0001095,154.0,0.016863
ICN/BTC,1529088695069,2018-06-15T18:51:35.069Z,buy,0.00010963,189.0,0.02072007
ICN/BTC,1529088695069,2018-06-15T18:51:35.069Z,buy,0.0001097,192.0,0.0210624
ICN/BTC,1529088695069,2018-06-15T18:51:35.069Z,buy,0.00010995,23.0,0.00252885
ICN/BTC,1529088695069,2018-06-15T18:51:35.069Z,buy,0.0001101,16.0,0.0017616
ICN/BTC,1529088718752,2018-06-15T18:51:58.752Z,buy,0.0001101,93.0,0.0102393
ICN/BTC,1529088718752,2018-06-15T18:51:58.752Z,buy,0.00011049,111.0,0.01226439
ICN/BTC,1529088721793,2018-06-15T18:52:01.793Z,buy,0.00011009,58.0,0.00638522
ICN/BTC,1529088743766,2018-06-15T18:52:23.766Z,buy,0.00011009,25.0,0.00275225
ICN/BTC,1529088743766,2018-06-15T18:52:23.766Z,buy,0.00011049,143.0,0.01580007
ICN/BTC,1529088743766,2018-06-15T18:52:23.766Z,buy,0.0001105,32.0,0.003536
ICN/BTC,1529088752201,2018-06-15T18:52:32.201Z,buy,0.00011049,1.0,0.00011049
ICN/BTC,1529088800961,2018-06-15T18:53:20.961Z,buy,0.00011049,145.0,0.01602105
ICN/BTC,1529088804662,2018-06-15T18:53:24.662Z,buy,0.00011049,36.0,0.00397764
ICN/BTC,1529088812880,2018-06-15T18:53:32.880Z,sell,0.00010968,12.0,0.0013161599999999
ICN/BTC,1529088828071,2018-06-15T18:53:48.071Z,buy,0.00011045,1.0,0.00011045
ICN/BTC,1529088866310,2018-06-15T18:54:26.310Z,buy,0.00011045,31.0,0.00342395
ICN/BTC,1529088945032,2018-06-15T18:55:45.032Z,sell,0.00010998,824.0,0.09062352
ICN/BTC,1529088952127,2018-06-15T18:55:52.127Z,sell,0.00010998,4.0,0.00043992
ICN/BTC,1529088953575,2018-06-15T18:55:53.575Z,sell,0.00010998,4.0,0.00043992
ICN/BTC,1529088953592,2018-06-15T18:55:53.592Z,sell,0.00010998,2.0,0.00021996
ICN/BTC,1529088953653,2018-06-15T18:55:53.653Z,sell,0.00010998,4.0,0.00043992
ICN/BTC,1529088953781,2018-06-15T18:55:53.781Z,sell,0.00010998,4.0,0.00043992
ICN/BTC,1529088955003,2018-06-15T18:55:55.003Z,sell,0.00010996,2.0,0.00021992
ICN/BTC,1529088956712,2018-06-15T18:55:56.712Z,sell,0.00010996,8.0,0.00087968
ICN/BTC,1529089093545,2018-06-15T18:58:13.545Z,sell,0.00010998,58.0,0.00637884
ICN/BTC,1529089093545,2018-06-15T18:58:13.545Z,sell,0.00010998,58.0,0.00637884
ICN/BTC,1529089244369,2018-06-15T19:00:44.369Z,sell,0.00010998,16.0,0.00175968
ICN/BTC,1529089256552,2018-06-15T19:00:56.552Z,sell,0.00010998,15.0,0.0016497
ICN/BTC,1529089335346,2018-06-15T19:02:15.346Z,buy,0.00011048,1.0,0.00011048
ICN/BTC,1529090003804,2018-06-15T19:13:23.804Z,sell,0.00010967,70.0,0.0076768999999999
ICN/BTC,1529090103092,2018-06-15T19:15:03.092Z,buy,0.00011015,20.0,0.002203
ICN/BTC,1529090145519,2018-06-15T19:15:45.519Z,buy,0.00011015,1.0,0.00011015
ICN/BTC,1529090274670,2018-06-15T19:17:54.670Z,buy,0.00011015,49.0,0.0053973499999999
ICN/BTC,1529090274670,2018-06-15T19:17:54.670Z,buy,0.00011028,12.0,0.00132336
ICN/BTC,1529090274670,2018-06-15T19:17:54.670Z,buy,0.00011037,111.0,0.01225107
ICN/BTC,1529090274670,2018-06-15T19:17:54.670Z,buy,0.00011049,811.0,0.08960739
ICN/BTC,1529090315598,2018-06-15T19:18:35.598Z,buy,0.00011015,32.0,0.0035248
ICN/BTC,1529090379374,2018-06-15T19:19:39.374Z,buy,0.00011009,1.0,0.00011009
ICN/BTC,1529090586369,2018-06-15T19:23:06.369Z,sell,0.00010978,32.0,0.00351296
ICN/BTC,1529090682868,2018-06-15T19:24:42.868Z,buy,0.00010998,10.0,0.0010998
ICN/BTC,1529090702668,2018-06-15T19:25:02.668Z,sell,0.00010966,181.0,0.01984846
ICN/BTC,1529090793311,2018-06-15T19:26:33.311Z,sell,0.00010966,63.0,0.00690858
ICN/BTC,1529090793471,2018-06-15T19:26:33.471Z,buy,0.00010998,1.0,0.00010998
ICN/BTC,1529090800808,2018-06-15T19:26:40.808Z,buy,0.00010998,1.0,0.00010998
ICN/BTC,1529090820131,2018-06-15T19:27:00.131Z,buy,0.00010998,20.0,0.0021996
ICN/BTC,1529090820131,2018-06-15T19:27:00.131Z,buy,0.00011008,20.0,0.0022016
ICN/BTC,1529090820131,2018-06-15T19:27:00.131Z,buy,0.00011009,50.0,0.0055045
ICN/BTC,1529090995087,2018-06-15T19:29:55.087Z,buy,0.00011014,1.0,0.00011014
ICN/BTC,1529091037097,2018-06-15T19:30:37.097Z,sell,0.00011,45.0,0.00495
ICN/BTC,1529091073724,2018-06-15T19:31:13.724Z,sell,0.00010976,20.0,0.0021952
ICN/BTC,1529091102098,2018-06-15T19:31:42.098Z,sell,0.00010975,16.0,0.001756
ICN/BTC,1529091116164,2018-06-15T19:31:56.164Z,sell,0.00010976,16.0,0.00175616
ICN/BTC,1529091150275,2018-06-15T19:32:30.275Z,sell,0.00010976,15.0,0.0016464
ICN/BTC,1529091165875,2018-06-15T19:32:45.875Z,buy,0.00011011,1.0,0.00011011
ICN/BTC,1529091355847,2018-06-15T19:35:55.847Z,sell,0.00010951,15.0,0.00164265
ICN/BTC,1529091360386,2018-06-15T19:36:00.386Z,sell,0.00010951,15.0,0.00164265
ICN/BTC,1529091465429,2018-06-15T19:37:45.429Z,buy,0.00010998,1.0,0.00010998
ICN/BTC,1529091481214,2018-06-15T19:38:01.214Z,buy,0.00010998,1.0,0.00010998
ICN/BTC,1529092295515,2018-06-15T19:51:35.515Z,sell,0.00010964,11.0,0.00120604
ICN/BTC,1529092309949,2018-06-15T19:51:49.949Z,sell,0.00010964,32.0,0.00350848
ICN/BTC,1529092313211,2018-06-15T19:51:53.211Z,sell,0.00010964,13.0,0.00142532
ICN/BTC,1529092325372,2018-06-15T19:52:05.372Z,sell,0.00010964,45.0,0.0049338
ICN/BTC,1529092411812,2018-06-15T19:53:31.812Z,sell,0.00010964,13.0,0.00142532
ICN/BTC,1529092423345,2018-06-15T19:53:43.345Z,sell,0.00010964,12.0,0.00131568
ICN/BTC,1529092423345,2018-06-15T19:53:43.345Z,sell,0.00010964,12.0,0.00131568
ICN/BTC,1529092747385,2018-06-15T19:59:07.385Z,sell,0.00010951,23.0,0.00251873
ICN/BTC,1529092775249,2018-06-15T19:59:35.249Z,buy,0.00011005,1.0,0.00011005
ICN/BTC,1529092801692,2018-06-15T20:00:01.692Z,sell,0.0001095,16.0,0.001752
ICN/BTC,1529092824391,2018-06-15T20:00:24.391Z,buy,0.00010999,1.0,0.00010999
ICN/BTC,1529092968933,2018-06-15T20:02:48.933Z,sell,0.0001095,811.0,0.0888045
ICN/BTC,1529092973387,2018-06-15T20:02:53.387Z,buy,0.00010982,1.0,0.00010982
ICN/BTC,1529092977981,2018-06-15T20:02:57.981Z,sell,0.0001095,251.0,0.0274845
ICN/BTC,1529092984297,2018-06-15T20:03:04.297Z,buy,0.00010981,17.0,0.0018667699999999
ICN/BTC,1529092984297,2018-06-15T20:03:04.297Z,buy,0.00010982,31.0,0.00340442
ICN/BTC,1529092984297,2018-06-15T20:03:04.297Z,buy,0.00010993,63.0,0.00692559
ICN/BTC,1529092984297,2018-06-15T20:03:04.297Z,buy,0.00010998,189.0,0.02078622
ICN/BTC,1529092984297,2018-06-15T20:03:04.297Z,buy,0.00010999,57.0,0.0062694299999999
ICN/BTC,1529092984297,2018-06-15T20:03:04.297Z,buy,0.00011002,180.0,0.0198035999999999
ICN/BTC,1529092984297,2018-06-15T20:03:04.297Z,buy,0.00011006,23.0,0.00253138
ICN/BTC,1529092984297,2018-06-15T20:03:04.297Z,buy,0.00011015,142.0,0.0156413
ICN/BTC,1529092984297,2018-06-15T20:03:04.297Z,buy,0.0001105,211.0,0.0233155
ICN/BTC,1529093003027,2018-06-15T20:03:23.027Z,buy,0.00011008,1.0,0.00011008
ICN/BTC,1529093043234,2018-06-15T20:04:03.234Z,sell,0.00010956,226.0,0.02476056
ICN/BTC,1529093044220,2018-06-15T20:04:04.220Z,sell,0.00010951,903.0,0.09888753
ICN/BTC,1529093044382,2018-06-15T20:04:04.382Z,sell,0.0001095,26.0,0.002847
ICN/BTC,1529093053138,2018-06-15T20:04:13.138Z,sell,0.00010951,23.0,0.00251873
ICN/BTC,1529093053138,2018-06-15T20:04:13.138Z,sell,0.0001095,98.0,0.010731
ICN/BTC,1529093105083,2018-06-15T20:05:05.083Z,sell,0.00010951,126.0,0.01379826
ICN/BTC,1529093105820,2018-06-15T20:05:05.820Z,buy,0.00011006,1.0,0.00011006
ICN/BTC,1529093142141,2018-06-15T20:05:42.141Z,sell,0.00010952,31.0,0.0033951199999999
ICN/BTC,1529093186053,2018-06-15T20:06:26.053Z,sell,0.00010952,98.0,0.01073296
ICN/BTC,1529093194231,2018-06-15T20:06:34.231Z,sell,0.0001095,32.0,0.003504
ICN/BTC,1529093203367,2018-06-15T20:06:43.367Z,sell,0.0001095,253.0,0.0277035
ICN/BTC,1529093206907,2018-06-15T20:06:46.907Z,sell,0.0001095,38.0,0.004161
ICN/BTC,1529093209670,2018-06-15T20:06:49.670Z,sell,0.0001095,110.0,0.012045
ICN/BTC,1529093214548,2018-06-15T20:06:54.548Z,sell,0.00010953,56.0,0.00613368
ICN/BTC,1529093215080,2018-06-15T20:06:55.080Z,sell,0.00010953,52.0,0.00569556
ICN/BTC,1529093215146,2018-06-15T20:06:55.146Z,sell,0.0001095,37.0,0.0040515
ICN/BTC,1529093217010,2018-06-15T20:06:57.010Z,sell,0.00010946,29.0,0.00317434
ICN/BTC,1529093219569,2018-06-15T20:06:59.569Z,sell,0.00010946,24.0,0.0026270399999999
ICN/BTC,1529093221966,2018-06-15T20:07:01.966Z,sell,0.00010946,25.0,0.0027365
ICN/BTC,1529093225450,2018-06-15T20:07:05.450Z,sell,0.00010934,180.0,0.0196812
ICN/BTC,1529093225500,2018-06-15T20:07:05.500Z,sell,0.0001093,60.0,0.006558
ICN/BTC,1529093227089,2018-06-15T20:07:07.089Z,sell,0.00010929,24.0,0.00262296
ICN/BTC,1529093227134,2018-06-15T20:07:07.134Z,sell,0.00010928,22.0,0.00240416
ICN/BTC,1529093230131,2018-06-15T20:07:10.131Z,sell,0.00010922,36.0,0.00393192
ICN/BTC,1529093230188,2018-06-15T20:07:10.188Z,sell,0.00010921,478.0,0.05220238
ICN/BTC,1529093236929,2018-06-15T20:07:16.929Z,buy,0.00010984,1.0,0.00010984
ICN/BTC,1529093251581,2018-06-15T20:07:31.581Z,sell,0.00010901,12.0,0.00130812
ICN/BTC,1529093365993,2018-06-15T20:09:25.993Z,buy,0.00010928,1.0,0.00010928
ICN/BTC,1529093421473,2018-06-15T20:10:21.473Z,sell,0.00010902,11.0,0.00119922
ICN/BTC,1529093497853,2018-06-15T20:11:37.853Z,buy,0.00010937,1.0,0.00010937
ICN/BTC,1529093846988,2018-06-15T20:17:26.988Z,buy,0.0001094,2.0,0.0002188
ICN/BTC,1529094473899,2018-06-15T20:27:53.899Z,buy,0.00010936,77.0,0.00842072
ICN/BTC,1529094851391,2018-06-15T20:34:11.391Z,buy,0.0001092,32.0,0.0034944
ICN/BTC,1529094851391,2018-06-15T20:34:11.391Z,buy,0.00010935,825.0,0.09021375
ICN/BTC,1529094851391,2018-06-15T20:34:11.391Z,buy,0.00010936,643.0,0.07031848
ICN/BTC,1529095094632,2018-06-15T20:38:14.632Z,buy,0.00010936,90.0,0.0098424
ICN/BTC,1529095131017,2018-06-15T20:38:51.017Z,buy,0.00010936,80.0,0.0087488
ICN/BTC,1529095161129,2018-06-15T20:39:21.129Z,buy,0.00010936,10.0,0.0010936
ICN/BTC,1529095196176,2018-06-15T20:39:56.176Z,buy,0.00010936,216.0,0.02362176
ICN/BTC,1529095214188,2018-06-15T20:40:14.188Z,buy,0.00010936,31.0,0.0033901599999999
ICN/BTC,1529095815707,2018-06-15T20:50:15.707Z,buy,0.00010936,17.0,0.00185912
ICN/BTC,1529095815707,2018-06-15T20:50:15.707Z,buy,0.00010936,17.0,0.00185912
ICN/BTC,1529096444395,2018-06-15T21:00:44.395Z,sell,0.00010912,18.0,0.00196416
ICN/BTC,1529096457852,2018-06-15T21:00:57.852Z,buy,0.00010936,91.0,0.00995176
ICN/BTC,1529096466823,2018-06-15T21:01:06.823Z,sell,0.00010912,9.0,0.00098208
ICN/BTC,1529096478347,2018-06-15T21:01:18.347Z,sell,0.00010912,3.0,0.00032736
ICN/BTC,1529096494720,2018-06-15T21:01:34.720Z,buy,0.00010936,1.0,0.00010936
ICN/BTC,1529096548722,2018-06-15T21:02:28.722Z,sell,0.00010912,9.0,0.00098208
ICN/BTC,1529096694771,2018-06-15T21:04:54.771Z,sell,0.00010912,13.0,0.00141856
ICN/BTC,1529096712577,2018-06-15T21:05:12.577Z,sell,0.00010912,24.0,0.00261888
ICN/BTC,1529097269562,2018-06-15T21:14:29.562Z,buy,0.00010912,210.0,0.0229152
ICN/BTC,1529097834100,2018-06-15T21:23:54.100Z,buy,0.00010912,40.0,0.0043648
ICN/BTC,1529098019245,2018-06-15T21:26:59.245Z,buy,0.00010912,91.0,0.00992992
ICN/BTC,1529098863882,2018-06-15T21:41:03.882Z,buy,0.00010912,63.0,0.00687456
ICN/BTC,1529099277006,2018-06-15T21:47:57.006Z,buy,0.00010912,4.0,0.00043648
ICN/BTC,1529099350057,2018-06-15T21:49:10.057Z,buy,0.00010936,135.0,0.0147636
ICN/BTC,1529099350057,2018-06-15T21:49:10.057Z,buy,0.00010936,135.0,0.0147636
ICN/BTC,1529099623074,2018-06-15T21:53:43.074Z,buy,0.00010936,77.0,0.00842072
ICN/BTC,1529099960308,2018-06-15T21:59:20.308Z,sell,0.00010912,14.0,0.00152768
ICN/BTC,1529100223224,2018-06-15T22:03:43.224Z,buy,0.00010945,91.0,0.00995995
ICN/BTC,1529100263120,2018-06-15T22:04:23.120Z,buy,0.00010945,8.0,0.0008756
ICN/BTC,1529100365596,2018-06-15T22:06:05.596Z,sell,0.00010913,104.0,0.01134952
ICN/BTC,1529100365596,2018-06-15T22:06:05.596Z,sell,0.00010912,50.0,0.005456
ICN/BTC,1529100514505,2018-06-15T22:08:34.505Z,buy,0.00010944,3.0,0.00032832
ICN/BTC,1529100925682,2018-06-15T22:15:25.682Z,sell,0.00010912,16.0,0.00174592
ICN/BTC,1529100969590,2018-06-15T22:16:09.590Z,sell,0.00010912,30.0,0.0032735999999999
ICN/BTC,1529101510363,2018-06-15T22:25:10.363Z,buy,0.00010944,20.0,0.0021888
ICN/BTC,1529101828982,2018-06-15T22:30:28.982Z,buy,0.00010944,273.0,0.02987712
ICN/BTC,1529101828982,2018-06-15T22:30:28.982Z,buy,0.00010944,273.0,0.02987712
ICN/BTC,1529103051350,2018-06-15T22:50:51.350Z,sell,0.00010921,12.0,0.00131052
ICN/BTC,1529103283457,2018-06-15T22:54:43.457Z,buy,0.00010941,12.0,0.00131292
ICN/BTC,1529103611352,2018-06-15T23:00:11.352Z,buy,0.00010964,112.0,0.01227968
ICN/BTC,1529103679046,2018-06-15T23:01:19.046Z,sell,0.00010917,92.0,0.01004364
ICN/BTC,1529103692536,2018-06-15T23:01:32.536Z,sell,0.00010919,92.0,0.01004548
ICN/BTC,1529103806333,2018-06-15T23:03:26.333Z,buy,0.0001096,480.0,0.0526079999999999
ICN/BTC,1529103983656,2018-06-15T23:06:23.656Z,sell,0.00010912,226.0,0.0246611199999999
ICN/BTC,1529103983656,2018-06-15T23:06:23.656Z,sell,0.00010901,169.0,0.01842269
ICN/BTC,1529104223215,2018-06-15T23:10:23.215Z,sell,0.00010902,500.0,0.0545099999999999
ICN/BTC,1529104565511,2018-06-15T23:16:05.511Z,sell,0.00010929,10.0,0.0010929
ICN/BTC,1529104597553,2018-06-15T23:16:37.553Z,sell,0.00010929,2.0,0.00021858
ICN/BTC,1529104597553,2018-06-15T23:16:37.553Z,sell,0.00010929,2.0,0.00021858
ICN/BTC,1529106107813,2018-06-15T23:41:47.813Z,buy,0.00010928,9.0,0.0009835199999999
ICN/BTC,1529106357910,2018-06-15T23:45:57.910Z,buy,0.00010928,10.0,0.0010927999999999
ICN/BTC,1529106393258,2018-06-15T23:46:33.258Z,sell,0.00010902,12.0,0.00130824
ICN/BTC,1529106900071,2018-06-15T23:55:00.071Z,buy,0.00010928,6.0,0.00065568
ICN/BTC,1529106974238,2018-06-15T23:56:14.238Z,buy,0.00010928,6.0,0.00065568
ICN/BTC,1529107037475,2018-06-15T23:57:17.475Z,buy,0.00010928,3.0,0.00032784
ICN/BTC,1529107040106,2018-06-15T23:57:20.106Z,buy,0.00010928,1.0,0.00010928
ICN/BTC,1529107440784,2018-06-16T00:04:00.784Z,sell,0.00010901,12.0,0.00130812
ICN/BTC,1529107567653,2018-06-16T00:06:07.653Z,buy,0.00010927,10.0,0.0010927
ICN/BTC,1529107665881,2018-06-16T00:07:45.881Z,sell,0.00010918,48.0,0.0052406399999999
ICN/BTC,1529107665881,2018-06-16T00:07:45.881Z,sell,0.00010918,48.0,0.0052406399999999
ICN/BTC,1529108726397,2018-06-16T00:25:26.397Z,buy,0.00010927,91.0,0.00994357
ICN/BTC,1529109051595,2018-06-16T00:30:51.595Z,buy,0.00010927,11.0,0.00120197
ICN/BTC,1529109755261,2018-06-16T00:42:35.261Z,sell,0.00010901,18.0,0.00196218
ICN/BTC,1529109835045,2018-06-16T00:43:55.045Z,buy,0.00010927,2.0,0.00021854
ICN/BTC,1529110111474,2018-06-16T00:48:31.474Z,sell,0.00010901,26.0,0.00283426
ICN/BTC,1529110244752,2018-06-16T00:50:44.752Z,sell,0.00010901,115.0,0.01253615
ICN/BTC,1529111146445,2018-06-16T01:05:46.445Z,buy,0.0001092,31.0,0.0033852
ICN/BTC,1529111146445,2018-06-16T01:05:46.445Z,buy,0.0001092,31.0,0.0033852
ICN/BTC,1529111536241,2018-06-16T01:12:16.241Z,sell,0.00010904,22.0,0.00239888
ICN/BTC,1529111536241,2018-06-16T01:12:16.241Z,sell,0.00010901,9.0,0.00098109
ICN/BTC,1529112564922,2018-06-16T01:29:24.922Z,sell,0.00010901,319.0,0.03477419
ICN/BTC,1529112568209,2018-06-16T01:29:28.209Z,sell,0.000109,457.0,0.049813
ICN/BTC,1529112702430,2018-06-16T01:31:42.430Z,sell,0.00010889,10.0,0.0010888999999999
ICN/BTC,1529112705142,2018-06-16T01:31:45.142Z,sell,0.00010886,159.0,0.01730874
ICN/BTC,1529112707277,2018-06-16T01:31:47.277Z,sell,0.00010874,78.0,0.00848172
ICN/BTC,1529112709891,2018-06-16T01:31:49.891Z,sell,0.00010828,19.0,0.00205732
ICN/BTC,1529112716084,2018-06-16T01:31:56.084Z,buy,0.00010825,40.0,0.00433
ICN/BTC,1529112717018,2018-06-16T01:31:57.018Z,buy,0.00010825,19.0,0.00205675
ICN/BTC,1529112718022,2018-06-16T01:31:58.022Z,sell,0.00010824,37.0,0.00400488
ICN/BTC,1529112718022,2018-06-16T01:31:58.022Z,sell,0.00010823,23.0,0.00248929
ICN/BTC,1529112719140,2018-06-16T01:31:59.140Z,buy,0.00010825,14.0,0.0015155
ICN/BTC,1529112721016,2018-06-16T01:32:01.016Z,sell,0.00010824,12.0,0.0012988799999999
ICN/BTC,1529112723324,2018-06-16T01:32:03.324Z,sell,0.00010823,24.0,0.00259752
ICN/BTC,1529112726002,2018-06-16T01:32:06.002Z,sell,0.00010801,13.0,0.00140413
ICN/BTC,1529112728058,2018-06-16T01:32:08.058Z,sell,0.00010801,13.0,0.00140413
ICN/BTC,1529112728058,2018-06-16T01:32:08.058Z,sell,0.000108,302.0,0.032616
ICN/BTC,1529112732525,2018-06-16T01:32:12.525Z,buy,0.00010823,135.0,0.01461105
ICN/BTC,1529112735897,2018-06-16T01:32:15.897Z,buy,0.00010822,10.0,0.0010822
ICN/BTC,1529112745619,2018-06-16T01:32:25.619Z,buy,0.00010822,11.0,0.00119042
ICN/BTC,1529112754173,2018-06-16T01:32:34.173Z,sell,0.000108,13.0,0.0014039999999999
ICN/BTC,1529112757210,2018-06-16T01:32:37.210Z,sell,0.000108,31.0,0.003348
ICN/BTC,1529112759131,2018-06-16T01:32:39.131Z,sell,0.00010791,36.0,0.00388476
ICN/BTC,1529112762017,2018-06-16T01:32:42.017Z,sell,0.0001079,48.0,0.0051792
ICN/BTC,1529112765552,2018-06-16T01:32:45.552Z,sell,0.00010787,10.0,0.0010787
ICN/BTC,1529112767956,2018-06-16T01:32:47.956Z,sell,0.00010786,72.0,0.00776592
ICN/BTC,1529112771221,2018-06-16T01:32:51.221Z,sell,0.00010786,37.0,0.00399082
ICN/BTC,1529112773045,2018-06-16T01:32:53.045Z,sell,0.00010782,10.0,0.0010781999999999
ICN/BTC,1529112774630,2018-06-16T01:32:54.630Z,sell,0.00010782,35.0,0.0037736999999999
ICN/BTC,1529112774670,2018-06-16T01:32:54.670Z,buy,0.00010782,13.0,0.0014016599999999
ICN/BTC,1529112776968,2018-06-16T01:32:56.968Z,sell,0.00010782,10.0,0.0010781999999999
ICN/BTC,1529112778857,2018-06-16T01:32:58.857Z,sell,0.00010782,13.0,0.0014016599999999
ICN/BTC,1529112778901,2018-06-16T01:32:58.901Z,buy,0.00010782,12.0,0.0012938399999999
ICN/BTC,1529112788633,2018-06-16T01:33:08.633Z,buy,0.00010835,10.0,0.0010835
ICN/BTC,1529112788633,2018-06-16T01:33:08.633Z,buy,0.00010836,25.0,0.002709
ICN/BTC,1529112791212,2018-06-16T01:33:11.212Z,buy,0.00010836,26.0,0.00281736
ICN/BTC,1529112791544,2018-06-16T01:33:11.544Z,buy,0.00010836,14.0,0.0015170399999999
ICN/BTC,1529112858365,2018-06-16T01:34:18.365Z,buy,0.00010836,14.0,0.0015170399999999
ICN/BTC,1529112877494,2018-06-16T01:34:37.494Z,sell,0.00010836,326.0,0.03532536
ICN/BTC,1529112880960,2018-06-16T01:34:40.960Z,sell,0.00010782,517.0,0.05574294
ICN/BTC,1529112886540,2018-06-16T01:34:46.540Z,sell,0.00010785,172.0,0.0185502
ICN/BTC,1529112888773,2018-06-16T01:34:48.773Z,buy,0.00010785,307.0,0.03310995
ICN/BTC,1529112890497,2018-06-16T01:34:50.497Z,buy,0.00010785,1.0,0.00010785
ICN/BTC,1529112960206,2018-06-16T01:36:00.206Z,buy,0.0001087,12.0,0.0013044
ICN/BTC,1529113008232,2018-06-16T01:36:48.232Z,buy,0.00010864,222.0,0.02411808
ICN/BTC,1529113008266,2018-06-16T01:36:48.266Z,buy,0.00010865,115.0,0.01249475
ICN/BTC,1529113008307,2018-06-16T01:36:48.307Z,buy,0.0001087,12.0,0.0013044
ICN/BTC,1529113008353,2018-06-16T01:36:48.353Z,buy,0.00010872,15.0,0.0016308
ICN/BTC,1529113018233,2018-06-16T01:36:58.233Z,buy,0.00010859,45.0,0.00488655
ICN/BTC,1529113019078,2018-06-16T01:36:59.078Z,buy,0.00010859,13.0,0.00141167
ICN/BTC,1529113506969,2018-06-16T01:45:06.969Z,buy,0.00010904,78.0,0.00850512
ICN/BTC,1529113511222,2018-06-16T01:45:11.222Z,sell,0.00010904,9.0,0.00098136
ICN/BTC,1529113569563,2018-06-16T01:46:09.563Z,sell,0.00010873,10.0,0.0010873
ICN/BTC,1529113999522,2018-06-16T01:53:19.522Z,sell,0.0001085,78.0,0.008463
ICN/BTC,1529114076469,2018-06-16T01:54:36.469Z,buy,0.00010893,10.0,0.0010893
ICN/BTC,1529114076469,2018-06-16T01:54:36.469Z,buy,0.00010904,1.0,0.00010904
ICN/BTC,1529114226079,2018-06-16T01:57:06.079Z,buy,0.00010904,9.0,0.00098136
ICN/BTC,1529114226079,2018-06-16T01:57:06.079Z,buy,0.00010905,78.0,0.0085059
ICN/BTC,1529114226079,2018-06-16T01:57:06.079Z,buy,0.00010907,4.0,0.00043628
ICN/BTC,1529114226079,2018-06-16T01:57:06.079Z,buy,0.00010904,9.0,0.00098136
ICN/BTC,1529114226079,2018-06-16T01:57:06.079Z,buy,0.00010905,78.0,0.0085059
ICN/BTC,1529114226079,2018-06-16T01:57:06.079Z,buy,0.00010907,4.0,0.00043628
ICN/BTC,1529115148245,2018-06-16T02:12:28.245Z,buy,0.00010906,3.0,0.00032718
ICN/BTC,1529115537692,2018-06-16T02:18:57.692Z,sell,0.0001085,4.0,0.000434
ICN/BTC,1529115538876,2018-06-16T02:18:58.876Z,sell,0.00010849,4.0,0.00043396
ICN/BTC,1529115964841,2018-06-16T02:26:04.841Z,buy,0.00010906,11.0,0.00119966
ICN/BTC,1529116670770,2018-06-16T02:37:50.770Z,sell,0.00010858,30.0,0.0032573999999999
ICN/BTC,1529116679410,2018-06-16T02:37:59.410Z,buy,0.00010905,30.0,0.0032714999999999
ICN/BTC,1529116679410,2018-06-16T02:37:59.410Z,buy,0.00010906,142.0,0.01548652
ICN/BTC,1529116973545,2018-06-16T02:42:53.545Z,buy,0.00010916,162.0,0.01768392
ICN/BTC,1529116973586,2018-06-16T02:42:53.586Z,sell,0.00010916,389.0,0.04246324
ICN/BTC,1529116977822,2018-06-16T02:42:57.822Z,sell,0.00010847,23.0,0.00249481
ICN/BTC,1529116977822,2018-06-16T02:42:57.822Z,sell,0.00010845,28.0,0.0030366
ICN/BTC,1529117601385,2018-06-16T02:53:21.385Z,sell,0.00010876,28.0,0.00304528
ICN/BTC,1529117607148,2018-06-16T02:53:27.148Z,buy,0.00010914,51.0,0.00556614
ICN/BTC,1529117689062,2018-06-16T02:54:49.062Z,buy,0.00010919,25.0,0.00272975
ICN/BTC,1529117689062,2018-06-16T02:54:49.062Z,buy,0.00010919,25.0,0.00272975
ICN/BTC,1529118059080,2018-06-16T03:00:59.080Z,buy,0.00010926,19.0,0.00207594
ICN/BTC,1529118063722,2018-06-16T03:01:03.722Z,buy,0.00010926,150.0,0.016389
ICN/BTC,1529119793749,2018-06-16T03:29:53.749Z,sell,0.00010844,4.0,0.00043376
ICN/BTC,1529119876602,2018-06-16T03:31:16.602Z,buy,0.000109,18.0,0.001962
ICN/BTC,1529120196897,2018-06-16T03:36:36.897Z,buy,0.00010899,91.0,0.00991809
ICN/BTC,1529120601583,2018-06-16T03:43:21.583Z,buy,0.00010899,16.0,0.00174384
ICN/BTC,1529120841362,2018-06-16T03:47:21.362Z,buy,0.00010899,91.0,0.00991809
ICN/BTC,1529120841362,2018-06-16T03:47:21.362Z,buy,0.00010899,91.0,0.00991809
ICN/BTC,1529121609208,2018-06-16T04:00:09.208Z,sell,0.00010859,84.0,0.00912156
ICN/BTC,1529121609208,2018-06-16T04:00:09.208Z,sell,0.00010858,10.0,0.0010858
ICN/BTC,1529121609208,2018-06-16T04:00:09.208Z,sell,0.00010842,180.0,0.0195155999999999
ICN/BTC,1529121609208,2018-06-16T04:00:09.208Z,sell,0.00010841,78.0,0.00845598
ICN/BTC,1529121609208,2018-06-16T04:00:09.208Z,sell,0.00010835,18.0,0.0019503
ICN/BTC,1529121609208,2018-06-16T04:00:09.208Z,sell,0.00010832,146.0,0.01581472
ICN/BTC,1529121609208,2018-06-16T04:00:09.208Z,sell,0.00010779,377.0,0.04063683
ICN/BTC,1529121609208,2018-06-16T04:00:09.208Z,sell,0.00010757,19.0,0.00204383
ICN/BTC,1529121609208,2018-06-16T04:00:09.208Z,sell,0.00010754,1.0,0.00010754
ICN/BTC,1529121666525,2018-06-16T04:01:06.525Z,sell,0.00010757,162.0,0.01742634
ICN/BTC,1529121667165,2018-06-16T04:01:07.165Z,buy,0.00010757,11.0,0.00118327
ICN/BTC,1529121667166,2018-06-16T04:01:07.166Z,buy,0.00010757,62.0,0.00666934
ICN/BTC,1529121680451,2018-06-16T04:01:20.451Z,buy,0.00010789,30.0,0.0032367
ICN/BTC,1529121691681,2018-06-16T04:01:31.681Z,buy,0.00010789,48.0,0.0051787199999999
ICN/BTC,1529121691681,2018-06-16T04:01:31.681Z,buy,0.00010801,19.0,0.00205219
ICN/BTC,1529121806388,2018-06-16T04:03:26.388Z,buy,0.00010801,88.0,0.00950488
ICN/BTC,1529121921094,2018-06-16T04:05:21.094Z,buy,0.000108,45.0,0.00486
ICN/BTC,1529122086166,2018-06-16T04:08:06.166Z,buy,0.00010801,15.0,0.00162015
ICN/BTC,1529122089310,2018-06-16T04:08:09.310Z,buy,0.00010801,11.0,0.00118811
ICN/BTC,1529122092291,2018-06-16T04:08:12.291Z,buy,0.00010801,15.0,0.00162015
ICN/BTC,1529122339024,2018-06-16T04:12:19.024Z,buy,0.00010801,10.0,0.0010801
ICN/BTC,1529122631212,2018-06-16T04:17:11.212Z,sell,0.00010793,25.0,0.00269825
ICN/BTC,1529122702327,2018-06-16T04:18:22.327Z,buy,0.00010801,20.0,0.0021602
ICN/BTC,1529122738157,2018-06-16T04:18:58.157Z,buy,0.00010801,70.0,0.0075607
ICN/BTC,1529122738162,2018-06-16T04:18:58.162Z,buy,0.00010801,70.0,0.0075607
ICN/BTC,1529122904133,2018-06-16T04:21:44.133Z,buy,0.00010801,99.0,0.01069299
ICN/BTC,1529123113075,2018-06-16T04:25:13.075Z,buy,0.00010836,43.0,0.00465948
ICN/BTC,1529123158928,2018-06-16T04:25:58.928Z,sell,0.00010802,10.0,0.0010802
ICN/BTC,1529123561131,2018-06-16T04:32:41.131Z,buy,0.00010836,29.0,0.00314244
ICN/BTC,1529123823490,2018-06-16T04:37:03.490Z,buy,0.00010836,44.0,0.00476784
ICN/BTC,1529124175016,2018-06-16T04:42:55.016Z,buy,0.00010883,39.0,0.00424437
ICN/BTC,1529124175927,2018-06-16T04:42:55.927Z,sell,0.00010883,37.0,0.00402671
ICN/BTC,1529124200403,2018-06-16T04:43:20.403Z,buy,0.00010889,146.0,0.01589794
ICN/BTC,1529124200403,2018-06-16T04:43:20.403Z,buy,0.00010891,7.0,0.00076237
ICN/BTC,1529124258400,2018-06-16T04:44:18.400Z,sell,0.00010888,34.0,0.00370192
ICN/BTC,1529124309226,2018-06-16T04:45:09.226Z,sell,0.00010888,38.0,0.00413744
ICN/BTC,1529124309226,2018-06-16T04:45:09.226Z,sell,0.00010888,38.0,0.00413744
ICN/BTC,1529124991040,2018-06-16T04:56:31.040Z,sell,0.00010883,16.0,0.00174128
ICN/BTC,1529125216795,2018-06-16T05:00:16.795Z,sell,0.00010888,12.0,0.00130656
ICN/BTC,1529125641492,2018-06-16T05:07:21.492Z,sell,0.00010883,705.0,0.07672515
ICN/BTC,1529125663794,2018-06-16T05:07:43.794Z,sell,0.00010859,80.0,0.0086872
ICN/BTC,1529125668630,2018-06-16T05:07:48.630Z,sell,0.00010858,276.0,0.0299680799999999
ICN/BTC,1529125797893,2018-06-16T05:09:57.893Z,buy,0.0001089,11.0,0.0011979
ICN/BTC,1529127223956,2018-06-16T05:33:43.956Z,buy,0.0001089,70.0,0.007623
ICN/BTC,1529127223956,2018-06-16T05:33:43.956Z,buy,0.0001089,70.0,0.007623
ICN/BTC,1529128249634,2018-06-16T05:50:49.634Z,buy,0.00010891,40.0,0.0043564
ICN/BTC,1529128249634,2018-06-16T05:50:49.634Z,buy,0.00010892,167.0,0.01818964
ICN/BTC,1529128351446,2018-06-16T05:52:31.446Z,buy,0.00010891,1044.0,0.11370204
ICN/BTC,1529128351472,2018-06-16T05:52:31.472Z,buy,0.00010891,249.0,0.02711859
ICN/BTC,1529129938427,2018-06-16T06:18:58.427Z,sell,0.00010861,84.0,0.00912324
ICN/BTC,1529129947458,2018-06-16T06:19:07.458Z,sell,0.00010855,55.0,0.00597025
ICN/BTC,1529129947458,2018-06-16T06:19:07.458Z,sell,0.00010853,78.0,0.00846534
ICN/BTC,1529130426248,2018-06-16T06:27:06.248Z,sell,0.00010853,19.0,0.00206207
ICN/BTC,1529130635074,2018-06-16T06:30:35.074Z,sell,0.00010853,48.0,0.00520944
ICN/BTC,1529130635074,2018-06-16T06:30:35.074Z,sell,0.00010853,48.0,0.00520944
ICN/BTC,1529131826693,2018-06-16T06:50:26.693Z,buy,0.00010875,60.0,0.006525
ICN/BTC,1529131826693,2018-06-16T06:50:26.693Z,buy,0.00010876,31.0,0.00337156
ICN/BTC,1529131840244,2018-06-16T06:50:40.244Z,buy,0.00010876,40.0,0.0043504
ICN/BTC,1529131866178,2018-06-16T06:51:06.178Z,sell,0.00010827,25.0,0.00270675
ICN/BTC,1529132105063,2018-06-16T06:55:05.063Z,buy,0.00010876,13.0,0.00141388
ICN/BTC,1529132105063,2018-06-16T06:55:05.063Z,buy,0.00010891,78.0,0.00849498
ICN/BTC,1529132109696,2018-06-16T06:55:09.696Z,buy,0.00010889,10.0,0.0010888999999999
ICN/BTC,1529132504756,2018-06-16T07:01:44.756Z,buy,0.00010889,90.0,0.0098000999999999
ICN/BTC,1529132504756,2018-06-16T07:01:44.756Z,buy,0.00010893,1.0,0.00010893
ICN/BTC,1529133640583,2018-06-16T07:20:40.583Z,buy,0.00010893,31.0,0.00337683
ICN/BTC,1529134026050,2018-06-16T07:27:06.050Z,buy,0.00010893,25.0,0.00272325
ICN/BTC,1529134030681,2018-06-16T07:27:10.681Z,sell,0.00010845,26.0,0.0028196999999999
ICN/BTC,1529134212042,2018-06-16T07:30:12.042Z,buy,0.00010845,31.0,0.00336195
ICN/BTC,1529134212042,2018-06-16T07:30:12.042Z,buy,0.00010845,31.0,0.00336195
ICN/BTC,1529134659652,2018-06-16T07:37:39.652Z,sell,0.00010854,10.0,0.0010854
ICN/BTC,1529135025095,2018-06-16T07:43:45.095Z,buy,0.00010886,26.0,0.00283036
ICN/BTC,1529135025095,2018-06-16T07:43:45.095Z,buy,0.00010887,10.0,0.0010887
ICN/BTC,1529135025095,2018-06-16T07:43:45.095Z,buy,0.00010889,155.0,0.01687795
ICN/BTC,1529135025764,2018-06-16T07:43:45.764Z,buy,0.00010889,12.0,0.00130668
ICN/BTC,1529135043144,2018-06-16T07:44:03.144Z,sell,0.00010891,10.0,0.0010891
ICN/BTC,1529135432018,2018-06-16T07:50:32.018Z,sell,0.0001086,12.0,0.0013032
ICN/BTC,1529135434239,2018-06-16T07:50:34.239Z,sell,0.00010859,2.0,0.00021718
ICN/BTC,1529135538760,2018-06-16T07:52:18.760Z,buy,0.0001089,22.0,0.0023958
ICN/BTC,1529135538760,2018-06-16T07:52:18.760Z,buy,0.00010898,69.0,0.00751962
ICN/BTC,1529136304506,2018-06-16T08:05:04.506Z,sell,0.00010866,31.0,0.00336846
ICN/BTC,1529136474481,2018-06-16T08:07:54.481Z,buy,0.00010866,31.0,0.00336846
ICN/BTC,1529136765198,2018-06-16T08:12:45.198Z,sell,0.00010866,137.0,0.01488642
ICN/BTC,1529136860824,2018-06-16T08:14:20.824Z,sell,0.00010866,280.0,0.0304248
ICN/BTC,1529136884077,2018-06-16T08:14:44.077Z,sell,0.00010866,181.0,0.01966746
ICN/BTC,1529137373917,2018-06-16T08:22:53.917Z,buy,0.00010894,31.0,0.00337714
ICN/BTC,1529137373917,2018-06-16T08:22:53.917Z,buy,0.00010895,60.0,0.006537
ICN/BTC,1529137741436,2018-06-16T08:29:01.436Z,sell,0.00010855,4.0,0.0004342
ICN/BTC,1529137741436,2018-06-16T08:29:01.436Z,sell,0.00010855,4.0,0.0004342
ICN/BTC,1529138440509,2018-06-16T08:40:40.509Z,buy,0.00010895,1.0,0.00010895
ICN/BTC,1529138959563,2018-06-16T08:49:19.563Z,sell,0.00010863,83.0,0.00901629
ICN/BTC,1529138959563,2018-06-16T08:49:19.563Z,sell,0.00010862,54.0,0.00586548
ICN/BTC,1529138959563,2018-06-16T08:49:19.563Z,sell,0.00010849,6.0,0.00065094
ICN/BTC,1529140320596,2018-06-16T09:12:00.596Z,sell,0.00010849,153.0,0.01659897
ICN/BTC,1529140853733,2018-06-16T09:20:53.733Z,sell,0.00010849,31.0,0.00336319
ICN/BTC,1529141215809,2018-06-16T09:26:55.809Z,sell,0.00010847,86.0,0.00932842
ICN/BTC,1529141215809,2018-06-16T09:26:55.809Z,sell,0.00010847,86.0,0.00932842
ICN/BTC,1529141356148,2018-06-16T09:29:16.148Z,sell,0.00010846,172.0,0.01865512
ICN/BTC,1529141356148,2018-06-16T09:29:16.148Z,sell,0.0001083,105.0,0.0113715
ICN/BTC,1529141356148,2018-06-16T09:29:16.148Z,sell,0.00010802,240.0,0.0259248
ICN/BTC,1529141356148,2018-06-16T09:29:16.148Z,sell,0.000108,11.0,0.001188
ICN/BTC,1529141356148,2018-06-16T09:29:16.148Z,sell,0.00010758,221.0,0.02377518
ICN/BTC,1529141384044,2018-06-16T09:29:44.044Z,sell,0.00010763,46.0,0.00495098
ICN/BTC,1529141384044,2018-06-16T09:29:44.044Z,sell,0.0001076,78.0,0.0083928
ICN/BTC,1529141384044,2018-06-16T09:29:44.044Z,sell,0.00010758,289.0,0.03109062
ICN/BTC,1529141384044,2018-06-16T09:29:44.044Z,sell,0.00010754,215.0,0.0231211
ICN/BTC,1529141384044,2018-06-16T09:29:44.044Z,sell,0.00010742,121.0,0.01299782
ICN/BTC,1529141392861,2018-06-16T09:29:52.861Z,buy,0.00010757,424.0,0.04560968
ICN/BTC,1529141477093,2018-06-16T09:31:17.093Z,sell,0.00010758,6.0,0.0006454799999999
ICN/BTC,1529141674050,2018-06-16T09:34:34.050Z,buy,0.00010789,10.0,0.0010789
ICN/BTC,1529141713955,2018-06-16T09:35:13.955Z,buy,0.00010789,27.0,0.00291303
ICN/BTC,1529141738892,2018-06-16T09:35:38.892Z,buy,0.00010789,30.0,0.0032367
ICN/BTC,1529141740872,2018-06-16T09:35:40.872Z,buy,0.00010789,91.0,0.00981799
ICN/BTC,1529141818262,2018-06-16T09:36:58.262Z,buy,0.00010788,25.0,0.002697
ICN/BTC,1529141979703,2018-06-16T09:39:39.703Z,sell,0.00010759,55.0,0.00591745
ICN/BTC,1529141980076,2018-06-16T09:39:40.076Z,buy,0.00010759,22.0,0.00236698
ICN/BTC,1529141980894,2018-06-16T09:39:40.894Z,buy,0.00010759,11.0,0.00118349
ICN/BTC,1529141982483,2018-06-16T09:39:42.483Z,buy,0.00010759,10.0,0.0010759
ICN/BTC,1529141984674,2018-06-16T09:39:44.674Z,buy,0.00010759,71.0,0.00763889
ICN/BTC,1529141986869,2018-06-16T09:39:46.869Z,buy,0.00010759,37.0,0.00398083
ICN/BTC,1529141988547,2018-06-16T09:39:48.547Z,buy,0.00010759,29.0,0.00312011
ICN/BTC,1529141988547,2018-06-16T09:39:48.547Z,buy,0.00010782,10.0,0.0010781999999999
ICN/BTC,1529141988988,2018-06-16T09:39:48.988Z,buy,0.00010782,69.0,0.0074395799999999
ICN/BTC,1529141989017,2018-06-16T09:39:49.017Z,buy,0.00010782,4.0,0.00043128
ICN/BTC,1529141989017,2018-06-16T09:39:49.017Z,buy,0.00010783,35.0,0.00377405
ICN/BTC,1529141989833,2018-06-16T09:39:49.833Z,buy,0.00010783,25.0,0.00269575
ICN/BTC,1529141989833,2018-06-16T09:39:49.833Z,buy,0.00010788,15.0,0.0016182
ICN/BTC,1529141989833,2018-06-16T09:39:49.833Z,buy,0.00010791,82.0,0.00884862
ICN/BTC,1529141990306,2018-06-16T09:39:50.306Z,buy,0.00010791,43.0,0.00464013
ICN/BTC,1529141990380,2018-06-16T09:39:50.380Z,buy,0.00010791,39.0,0.00420849
ICN/BTC,1529141990607,2018-06-16T09:39:50.607Z,buy,0.00010791,16.0,0.00172656
ICN/BTC,1529141990607,2018-06-16T09:39:50.607Z,buy,0.00010794,23.0,0.00248262
ICN/BTC,1529141990612,2018-06-16T09:39:50.612Z,buy,0.00010794,39.0,0.00420966
ICN/BTC,1529141991011,2018-06-16T09:39:51.011Z,buy,0.00010794,86.0,0.00928284
ICN/BTC,1529141991141,2018-06-16T09:39:51.141Z,buy,0.00010794,39.0,0.00420966
ICN/BTC,1529141991349,2018-06-16T09:39:51.349Z,buy,0.00010794,35.0,0.0037779
ICN/BTC,1529141992130,2018-06-16T09:39:52.130Z,buy,0.00010794,35.0,0.0037779
ICN/BTC,1529141992147,2018-06-16T09:39:52.147Z,buy,0.00010794,13.0,0.00140322
ICN/BTC,1529141992741,2018-06-16T09:39:52.741Z,buy,0.00010794,35.0,0.0037779
ICN/BTC,1529141993941,2018-06-16T09:39:53.941Z,buy,0.00010794,35.0,0.0037779
ICN/BTC,1529141994015,2018-06-16T09:39:54.015Z,buy,0.00010794,35.0,0.0037779
ICN/BTC,1529141994170,2018-06-16T09:39:54.170Z,buy,0.00010794,35.0,0.0037779
ICN/BTC,1529141994955,2018-06-16T09:39:54.955Z,buy,0.00010794,31.0,0.00334614
ICN/BTC,1529141995467,2018-06-16T09:39:55.467Z,buy,0.00010794,31.0,0.00334614
ICN/BTC,1529141995556,2018-06-16T09:39:55.556Z,buy,0.00010794,31.0,0.00334614
ICN/BTC,1529141996018,2018-06-16T09:39:56.018Z,buy,0.00010794,31.0,0.00334614
ICN/BTC,1529141996278,2018-06-16T09:39:56.278Z,buy,0.00010794,78.0,0.00841932
ICN/BTC,1529141996824,2018-06-16T09:39:56.824Z,buy,0.00010794,25.0,0.0026985
ICN/BTC,1529141996824,2018-06-16T09:39:56.824Z,buy,0.00010814,6.0,0.00064884
ICN/BTC,1529141998766,2018-06-16T09:39:58.766Z,buy,0.00010814,31.0,0.00335234
ICN/BTC,1529141999519,2018-06-16T09:39:59.519Z,buy,0.00010814,23.0,0.00248722
ICN/BTC,1529141999519,2018-06-16T09:39:59.519Z,buy,0.00010845,28.0,0.0030366
ICN/BTC,1529141999708,2018-06-16T09:39:59.708Z,buy,0.00010845,31.0,0.00336195
ICN/BTC,1529142005445,2018-06-16T09:40:05.445Z,buy,0.00010829,78.0,0.00844662
ICN/BTC,1529142005471,2018-06-16T09:40:05.471Z,sell,0.00010829,244.0,0.02642276
ICN/BTC,1529142008676,2018-06-16T09:40:08.676Z,sell,0.00010765,20.0,0.002153
ICN/BTC,1529142008676,2018-06-16T09:40:08.676Z,sell,0.00010764,78.0,0.00839592
ICN/BTC,1529142023899,2018-06-16T09:40:23.899Z,buy,0.00010828,20.0,0.0021656
ICN/BTC,1529142023899,2018-06-16T09:40:23.899Z,buy,0.00010829,11.0,0.00119119
ICN/BTC,1529142025354,2018-06-16T09:40:25.354Z,buy,0.00010829,31.0,0.00335699
ICN/BTC,1529142026417,2018-06-16T09:40:26.417Z,buy,0.00010829,16.0,0.00173264
ICN/BTC,1529142026417,2018-06-16T09:40:26.417Z,buy,0.00010846,12.0,0.00130152
ICN/BTC,1529142308021,2018-06-16T09:45:08.021Z,sell,0.00010846,32.0,0.00347072
ICN/BTC,1529142440453,2018-06-16T09:47:20.453Z,sell,0.00010836,50.0,0.005418
ICN/BTC,1529142546351,2018-06-16T09:49:06.351Z,buy,0.0001088,21.0,0.0022848
ICN/BTC,1529143083155,2018-06-16T09:58:03.155Z,buy,0.00010878,91.0,0.00989898
ICN/BTC,1529143590368,2018-06-16T10:06:30.368Z,buy,0.00010878,32.0,0.00348096
ICN/BTC,1529143590368,2018-06-16T10:06:30.368Z,buy,0.00010881,37.0,0.00402597
ICN/BTC,1529143645712,2018-06-16T10:07:25.712Z,sell,0.00010834,10.0,0.0010834
ICN/BTC,1529143645712,2018-06-16T10:07:25.712Z,sell,0.00010834,10.0,0.0010834
ICN/BTC,1529145305088,2018-06-16T10:35:05.088Z,buy,0.00010868,10.0,0.0010868
ICN/BTC,1529145316673,2018-06-16T10:35:16.673Z,sell,0.00010868,43.0,0.0046732399999999
ICN/BTC,1529145349958,2018-06-16T10:35:49.958Z,sell,0.00010836,2.0,0.00021672
ICN/BTC,1529145351163,2018-06-16T10:35:51.163Z,sell,0.00010835,2.0,0.0002167
ICN/BTC,1529145352955,2018-06-16T10:35:52.955Z,sell,0.00010836,3.0,0.00032508
ICN/BTC,1529145354172,2018-06-16T10:35:54.172Z,sell,0.00010835,3.0,0.00032505
ICN/BTC,1529145358096,2018-06-16T10:35:58.096Z,sell,0.00010835,2.0,0.0002167
ICN/BTC,1529145364113,2018-06-16T10:36:04.113Z,sell,0.00010836,2.0,0.00021672
ICN/BTC,1529145365647,2018-06-16T10:36:05.647Z,sell,0.00010835,2.0,0.0002167
ICN/BTC,1529145368698,2018-06-16T10:36:08.698Z,sell,0.00010836,2.0,0.00021672
ICN/BTC,1529145370336,2018-06-16T10:36:10.336Z,sell,0.00010834,2.0,0.00021668
ICN/BTC,1529145376254,2018-06-16T10:36:16.254Z,sell,0.00010837,5.0,0.00054185
ICN/BTC,1529145378360,2018-06-16T10:36:18.360Z,sell,0.00010835,5.0,0.00054175
ICN/BTC,1529145380342,2018-06-16T10:36:20.342Z,sell,0.00010835,2.0,0.0002167
ICN/BTC,1529145384419,2018-06-16T10:36:24.419Z,sell,0.00010834,2.0,0.00021668
ICN/BTC,1529145395253,2018-06-16T10:36:35.253Z,sell,0.00010834,2.0,0.00021668
ICN/BTC,1529145396843,2018-06-16T10:36:36.843Z,sell,0.00010834,1.0,0.00010834
ICN/BTC,1529145411462,2018-06-16T10:36:51.462Z,sell,0.00010836,2.0,0.00021672
ICN/BTC,1529145412254,2018-06-16T10:36:52.254Z,sell,0.00010836,2.0,0.00021672
ICN/BTC,1529145418110,2018-06-16T10:36:58.110Z,sell,0.00010836,2.0,0.00021672
ICN/BTC,1529145420056,2018-06-16T10:37:00.056Z,sell,0.00010836,2.0,0.00021672
ICN/BTC,1529145423438,2018-06-16T10:37:03.438Z,sell,0.00010836,2.0,0.00021672
ICN/BTC,1529145423446,2018-06-16T10:37:03.446Z,sell,0.00010836,4.0,0.00043344
ICN/BTC,1529145425078,2018-06-16T10:37:05.078Z,buy,0.0001088,13.0,0.0014144
ICN/BTC,1529145429409,2018-06-16T10:37:09.409Z,sell,0.00010834,2.0,0.00021668
ICN/BTC,1529145431711,2018-06-16T10:37:11.711Z,sell,0.00010835,4.0,0.0004334
ICN/BTC,1529145435329,2018-06-16T10:37:15.329Z,sell,0.00010835,2.0,0.0002167
ICN/BTC,1529145437029,2018-06-16T10:37:17.029Z,sell,0.00010835,2.0,0.0002167
ICN/BTC,1529145437078,2018-06-16T10:37:17.078Z,sell,0.00010835,2.0,0.0002167
ICN/BTC,1529145441687,2018-06-16T10:37:21.687Z,sell,0.00010834,2.0,0.00021668
ICN/BTC,1529145442615,2018-06-16T10:37:22.615Z,sell,0.00010835,2.0,0.0002167
ICN/BTC,1529145445954,2018-06-16T10:37:25.954Z,sell,0.00010835,2.0,0.0002167
ICN/BTC,1529145446572,2018-06-16T10:37:26.572Z,sell,0.00010834,2.0,0.00021668
ICN/BTC,1529145447165,2018-06-16T10:37:27.165Z,sell,0.00010834,2.0,0.00021668
ICN/BTC,1529145449057,2018-06-16T10:37:29.057Z,sell,0.00010834,1.0,0.00010834
ICN/BTC,1529145449365,2018-06-16T10:37:29.365Z,sell,0.00010834,69.0,0.00747546
ICN/BTC,1529145465936,2018-06-16T10:37:45.936Z,sell,0.00010834,2.0,0.00021668
ICN/BTC,1529145468820,2018-06-16T10:37:48.820Z,sell,0.00010834,2.0,0.00021668
ICN/BTC,1529145473272,2018-06-16T10:37:53.272Z,sell,0.00010834,2.0,0.00021668
ICN/BTC,1529145479833,2018-06-16T10:37:59.833Z,sell,0.00010834,2.0,0.00021668
ICN/BTC,1529145483112,2018-06-16T10:38:03.112Z,sell,0.00010834,2.0,0.00021668
ICN/BTC,1529145485647,2018-06-16T10:38:05.647Z,sell,0.0001082,3.0,0.0003246
ICN/BTC,1529145549975,2018-06-16T10:39:09.975Z,sell,0.00010839,2.0,0.00021678
ICN/BTC,1529145551450,2018-06-16T10:39:11.450Z,sell,0.00010838,2.0,0.00021676
ICN/BTC,1529145659792,2018-06-16T10:40:59.792Z,sell,0.00010847,88.0,0.00954536
ICN/BTC,1529146461601,2018-06-16T10:54:21.601Z,sell,0.00010817,25.0,0.00270425
ICN/BTC,1529146665341,2018-06-16T10:57:45.341Z,sell,0.00010817,10.0,0.0010817
ICN/BTC,1529146665341,2018-06-16T10:57:45.341Z,sell,0.00010816,15.0,0.0016224
ICN/BTC,1529146805475,2018-06-16T11:00:05.475Z,sell,0.00010816,20.0,0.0021631999999999
ICN/BTC,1529146875235,2018-06-16T11:01:15.235Z,sell,0.00010816,25.0,0.002704
ICN/BTC,1529146940706,2018-06-16T11:02:20.706Z,sell,0.00010816,5.0,0.0005407999999999
ICN/BTC,1529147149354,2018-06-16T11:05:49.354Z,sell,0.00010816,464.0,0.05018624
ICN/BTC,1529147219216,2018-06-16T11:06:59.216Z,sell,0.00010798,87.0,0.00939426
ICN/BTC,1529147219216,2018-06-16T11:06:59.216Z,sell,0.00010798,87.0,0.00939426
ICN/BTC,1529147351836,2018-06-16T11:09:11.836Z,sell,0.00010784,78.0,0.00841152
ICN/BTC,1529147354588,2018-06-16T11:09:14.588Z,sell,0.00010765,157.0,0.01690105
ICN/BTC,1529147357669,2018-06-16T11:09:17.669Z,sell,0.00010745,226.0,0.0242837
ICN/BTC,1529147360798,2018-06-16T11:09:20.798Z,sell,0.00010745,340.0,0.0365329999999999
ICN/BTC,1529147386883,2018-06-16T11:09:46.883Z,buy,0.00010765,181.0,0.01948465
ICN/BTC,1529147392695,2018-06-16T11:09:52.695Z,buy,0.00010765,35.0,0.00376775
ICN/BTC,1529147411948,2018-06-16T11:10:11.948Z,buy,0.00010765,30.0,0.0032295
ICN/BTC,1529147556337,2018-06-16T11:12:36.337Z,buy,0.00010765,66.0,0.0071049
ICN/BTC,1529147794042,2018-06-16T11:16:34.042Z,buy,0.00010765,20.0,0.002153
ICN/BTC,1529148097083,2018-06-16T11:21:37.083Z,buy,0.00010765,18.0,0.0019377
ICN/BTC,1529148131551,2018-06-16T11:22:11.551Z,buy,0.00010765,136.0,0.0146404
ICN/BTC,1529148495940,2018-06-16T11:28:15.940Z,sell,0.00010765,7.0,0.00075355
ICN/BTC,1529148781828,2018-06-16T11:33:01.828Z,buy,0.00010765,45.0,0.00484425
ICN/BTC,1529148792095,2018-06-16T11:33:12.095Z,buy,0.00010765,54.0,0.0058131
ICN/BTC,1529148868918,2018-06-16T11:34:28.918Z,sell,0.00010751,40.0,0.0043004
ICN/BTC,1529149952335,2018-06-16T11:52:32.335Z,buy,0.00010765,32.0,0.0034448
ICN/BTC,1529149953536,2018-06-16T11:52:33.536Z,buy,0.00010765,16.0,0.0017224
ICN/BTC,1529150109796,2018-06-16T11:55:09.796Z,sell,0.00010754,32.0,0.00344128
ICN/BTC,1529150109796,2018-06-16T11:55:09.796Z,sell,0.00010743,8.0,0.00085944
ICN/BTC,1529150230035,2018-06-16T11:57:10.035Z,sell,0.00010746,86.0,0.00924156
ICN/BTC,1529150280224,2018-06-16T11:58:00.224Z,buy,0.00010765,192.0,0.0206688
ICN/BTC,1529150444672,2018-06-16T12:00:44.672Z,buy,0.00010765,110.0,0.0118415
ICN/BTC,1529150600384,2018-06-16T12:03:20.384Z,buy,0.00010765,72.0,0.0077508
ICN/BTC,1529150600645,2018-06-16T12:03:20.645Z,buy,0.00010765,37.0,0.00398305
ICN/BTC,1529150601078,2018-06-16T12:03:21.078Z,buy,0.00010765,19.0,0.00204535
ICN/BTC,1529150696179,2018-06-16T12:04:56.179Z,buy,0.00010765,92.0,0.0099038
ICN/BTC,1529150696179,2018-06-16T12:04:56.179Z,buy,0.00010765,92.0,0.0099038
ICN/BTC,1529150824279,2018-06-16T12:07:04.279Z,buy,0.00010765,81.0,0.00871965
ICN/BTC,1529150824593,2018-06-16T12:07:04.593Z,buy,0.00010765,41.0,0.00441365
ICN/BTC,1529150825401,2018-06-16T12:07:05.401Z,buy,0.00010765,21.0,0.00226065
ICN/BTC,1529151042569,2018-06-16T12:10:42.569Z,sell,0.00010745,132.0,0.0141833999999999
ICN/BTC,1529151849280,2018-06-16T12:24:09.280Z,buy,0.00010778,55.0,0.0059279
ICN/BTC,1529152542896,2018-06-16T12:35:42.896Z,buy,0.00010776,52.0,0.00560352
ICN/BTC,1529152542896,2018-06-16T12:35:42.896Z,buy,0.00010784,40.0,0.0043136
ICN/BTC,1529152726679,2018-06-16T12:38:46.679Z,buy,0.0001078,92.0,0.0099176
ICN/BTC,1529152858263,2018-06-16T12:40:58.263Z,sell,0.00010749,8.0,0.00085992
ICN/BTC,1529152859479,2018-06-16T12:40:59.479Z,sell,0.00010746,8.0,0.00085968
ICN/BTC,1529152870762,2018-06-16T12:41:10.762Z,sell,0.00010746,87.0,0.00934902
ICN/BTC,1529153001430,2018-06-16T12:43:21.430Z,buy,0.0001078,92.0,0.0099176
ICN/BTC,1529153369561,2018-06-16T12:49:29.561Z,buy,0.00010778,92.0,0.00991576
ICN/BTC,1529153580541,2018-06-16T12:53:00.541Z,sell,0.0001076,242.0,0.0260392
ICN/BTC,1529154126185,2018-06-16T13:02:06.185Z,sell,0.00010748,53.0,0.00569644
ICN/BTC,1529154126248,2018-06-16T13:02:06.248Z,sell,0.00010748,33.0,0.00354684
ICN/BTC,1529154127082,2018-06-16T13:02:07.082Z,sell,0.00010747,51.0,0.00548097
ICN/BTC,1529154155069,2018-06-16T13:02:35.069Z,sell,0.00010746,14.0,0.00150444
ICN/BTC,1529154155069,2018-06-16T13:02:35.069Z,sell,0.00010746,14.0,0.00150444
ICN/BTC,1529154308603,2018-06-16T13:05:08.603Z,sell,0.00010746,330.0,0.0354618
ICN/BTC,1529154504497,2018-06-16T13:08:24.497Z,buy,0.00010763,82.0,0.0088256599999999
ICN/BTC,1529154506932,2018-06-16T13:08:26.932Z,sell,0.00010747,4.0,0.00042988
ICN/BTC,1529154512417,2018-06-16T13:08:32.417Z,sell,0.00010747,406.0,0.04363282
ICN/BTC,1529154762196,2018-06-16T13:12:42.196Z,buy,0.00010778,40.0,0.0043112
ICN/BTC,1529154762196,2018-06-16T13:12:42.196Z,buy,0.00010779,55.0,0.00592845
ICN/BTC,1529154762196,2018-06-16T13:12:42.196Z,buy,0.0001078,67.0,0.0072226
ICN/BTC,1529154762196,2018-06-16T13:12:42.196Z,buy,0.00010784,14.0,0.00150976
ICN/BTC,1529155419022,2018-06-16T13:23:39.022Z,buy,0.0001078,37.0,0.0039886
ICN/BTC,1529155686245,2018-06-16T13:28:06.245Z,sell,0.00010746,49.0,0.00526554
ICN/BTC,1529155865851,2018-06-16T13:31:05.851Z,buy,0.00010779,32.0,0.00344928
ICN/BTC,1529156079956,2018-06-16T13:34:39.956Z,sell,0.00010745,14.0,0.0015042999999999
ICN/BTC,1529156386390,2018-06-16T13:39:46.390Z,sell,0.00010745,57.0,0.00612465
ICN/BTC,1529156386693,2018-06-16T13:39:46.693Z,buy,0.00010744,1320.0,0.1418208
ICN/BTC,1529156398402,2018-06-16T13:39:58.402Z,sell,0.00010723,18.0,0.00193014
ICN/BTC,1529156404275,2018-06-16T13:40:04.275Z,buy,0.0001077,17.0,0.0018309
ICN/BTC,1529156434577,2018-06-16T13:40:34.577Z,buy,0.00010784,270.0,0.0291167999999999
ICN/BTC,1529156434577,2018-06-16T13:40:34.577Z,buy,0.00010785,78.0,0.0084123
ICN/BTC,1529156480330,2018-06-16T13:41:20.330Z,buy,0.00010869,280.0,0.0304332
ICN/BTC,1529156480361,2018-06-16T13:41:20.361Z,sell,0.0001082,18.0,0.0019476
ICN/BTC,1529156480370,2018-06-16T13:41:20.370Z,sell,0.0001082,5.0,0.000541
ICN/BTC,1529156552752,2018-06-16T13:42:32.752Z,sell,0.00010748,6.0,0.00064488
ICN/BTC,1529156552752,2018-06-16T13:42:32.752Z,sell,0.00010748,6.0,0.00064488
ICN/BTC,1529158265435,2018-06-16T14:11:05.435Z,sell,0.00010734,29.0,0.00311286
ICN/BTC,1529158600099,2018-06-16T14:16:40.099Z,sell,0.00010733,39.0,0.00418587
ICN/BTC,1529159021038,2018-06-16T14:23:41.038Z,sell,0.00010733,12.0,0.00128796
ICN/BTC,1529159387942,2018-06-16T14:29:47.942Z,sell,0.00010733,27.0,0.00289791
ICN/BTC,1529159387942,2018-06-16T14:29:47.942Z,sell,0.00010723,1.0,0.00010723
ICN/BTC,1529159387942,2018-06-16T14:29:47.942Z,sell,0.0001072,60.0,0.006432
ICN/BTC,1529159387942,2018-06-16T14:29:47.942Z,sell,0.00010719,80.0,0.0085752
ICN/BTC,1529159387942,2018-06-16T14:29:47.942Z,sell,0.00010708,1830.0,0.1959564
ICN/BTC,1529159764711,2018-06-16T14:36:04.711Z,buy,0.00010739,28.0,0.00300692
ICN/BTC,1529159764711,2018-06-16T14:36:04.711Z,buy,0.00010739,28.0,0.00300692
ICN/BTC,1529160669489,2018-06-16T14:51:09.489Z,sell,0.0001074,14.0,0.0015036
ICN/BTC,1529162561843,2018-06-16T15:22:41.843Z,sell,0.00010746,10.0,0.0010746
ICN/BTC,1529163014204,2018-06-16T15:30:14.204Z,sell,0.00010746,11.0,0.00118206
ICN/BTC,1529163186985,2018-06-16T15:33:06.985Z,sell,0.00010746,110.0,0.0118206
ICN/BTC,1529163186985,2018-06-16T15:33:06.985Z,sell,0.00010746,110.0,0.0118206
ICN/BTC,1529163615348,2018-06-16T15:40:15.348Z,sell,0.00010746,16.0,0.00171936
ICN/BTC,1529163890293,2018-06-16T15:44:50.293Z,buy,0.00010783,12.0,0.00129396
ICN/BTC,1529164305427,2018-06-16T15:51:45.427Z,sell,0.00010748,33.0,0.00354684
ICN/BTC,1529164401129,2018-06-16T15:53:21.129Z,buy,0.00010781,17.0,0.00183277
ICN/BTC,1529164410754,2018-06-16T15:53:30.754Z,buy,0.00010782,46.0,0.00495972
ICN/BTC,1529164418084,2018-06-16T15:53:38.084Z,buy,0.00010783,16.0,0.00172528
ICN/BTC,1529165020353,2018-06-16T16:03:40.353Z,buy,0.00010812,9.0,0.00097308
ICN/BTC,1529165081623,2018-06-16T16:04:41.623Z,buy,0.00010812,69.0,0.00746028
ICN/BTC,1529165082322,2018-06-16T16:04:42.322Z,sell,0.00010812,262.0,0.02832744
ICN/BTC,1529165111685,2018-06-16T16:05:11.685Z,sell,0.00010812,40.0,0.0043248
ICN/BTC,1529165170478,2018-06-16T16:06:10.478Z,sell,0.00010784,78.0,0.00841152
ICN/BTC,1529165170478,2018-06-16T16:06:10.478Z,sell,0.00010747,900.0,0.096723
ICN/BTC,1529165170478,2018-06-16T16:06:10.478Z,sell,0.00010746,153.0,0.01644138
ICN/BTC,1529165170478,2018-06-16T16:06:10.478Z,sell,0.00010742,180.0,0.0193356
ICN/BTC,1529165170478,2018-06-16T16:06:10.478Z,sell,0.0001074,515.0,0.055311
ICN/BTC,1529165332189,2018-06-16T16:08:52.189Z,sell,0.00010766,14.0,0.00150724
ICN/BTC,1529165947935,2018-06-16T16:19:07.935Z,sell,0.00010767,81.0,0.00872127
ICN/BTC,1529165947935,2018-06-16T16:19:07.935Z,sell,0.00010766,423.0,0.04554018
ICN/BTC,1529165947935,2018-06-16T16:19:07.935Z,sell,0.00010756,78.0,0.00838968
ICN/BTC,1529165947935,2018-06-16T16:19:07.935Z,sell,0.0001074,46.0,0.0049404
ICN/BTC,1529166106321,2018-06-16T16:21:46.321Z,buy,0.00010794,81.0,0.00874314
ICN/BTC,1529166106406,2018-06-16T16:21:46.406Z,sell,0.00010794,14.0,0.00151116
ICN/BTC,1529166274591,2018-06-16T16:24:34.591Z,buy,0.0001082,78.0,0.0084396
ICN/BTC,1529166310248,2018-06-16T16:25:10.248Z,buy,0.0001082,42.0,0.0045444
ICN/BTC,1529166460063,2018-06-16T16:27:40.063Z,buy,0.00010864,77.0,0.00836528
ICN/BTC,1529166472058,2018-06-16T16:27:52.058Z,buy,0.00010866,27.0,0.00293382
ICN/BTC,1529166506088,2018-06-16T16:28:26.088Z,buy,0.00010879,335.0,0.0364446499999999
ICN/BTC,1529166575473,2018-06-16T16:29:35.473Z,buy,0.00010879,10.0,0.0010879
ICN/BTC,1529166605380,2018-06-16T16:30:05.380Z,buy,0.00010879,276.0,0.0300260399999999
ICN/BTC,1529166681579,2018-06-16T16:31:21.579Z,sell,0.0001081,10.0,0.001081
ICN/BTC,1529166689174,2018-06-16T16:31:29.174Z,sell,0.0001081,32.0,0.0034592
ICN/BTC,1529166689174,2018-06-16T16:31:29.174Z,sell,0.0001081,32.0,0.0034592
ICN/BTC,1529166807312,2018-06-16T16:33:27.312Z,sell,0.00010812,113.0,0.01221756
ICN/BTC,1529166927431,2018-06-16T16:35:27.431Z,buy,0.00010876,23.0,0.00250148
ICN/BTC,1529166927431,2018-06-16T16:35:27.431Z,buy,0.00010877,60.0,0.0065262
ICN/BTC,1529166927431,2018-06-16T16:35:27.431Z,buy,0.00010887,8.0,0.00087096
ICN/BTC,1529167311190,2018-06-16T16:41:51.190Z,sell,0.00010816,2.0,0.00021632
ICN/BTC,1529167312390,2018-06-16T16:41:52.390Z,sell,0.00010807,2.0,0.00021614
ICN/BTC,1529167454070,2018-06-16T16:44:14.070Z,sell,0.00010807,20.0,0.0021614
ICN/BTC,1529167467219,2018-06-16T16:44:27.219Z,buy,0.00010849,19.0,0.00206131
ICN/BTC,1529167533740,2018-06-16T16:45:33.740Z,buy,0.00010849,94.0,0.01019806
ICN/BTC,1529167570585,2018-06-16T16:46:10.585Z,buy,0.00010849,4.0,0.00043396
ICN/BTC,1529168188273,2018-06-16T16:56:28.273Z,sell,0.00010799,114.0,0.01231086
ICN/BTC,1529168559709,2018-06-16T17:02:39.709Z,buy,0.00010848,352.0,0.03818496
ICN/BTC,1529168559709,2018-06-16T17:02:39.709Z,buy,0.00010849,424.0,0.04599976
ICN/BTC,1529168559709,2018-06-16T17:02:39.709Z,buy,0.0001085,47.0,0.0050995
ICN/BTC,1529169142388,2018-06-16T17:12:22.388Z,buy,0.0001085,10.0,0.001085
ICN/BTC,1529169379931,2018-06-16T17:16:19.931Z,buy,0.0001085,11.0,0.0011935
ICN/BTC,1529169793651,2018-06-16T17:23:13.651Z,sell,0.00010846,1.0,0.00010846
ICN/BTC,1529169805572,2018-06-16T17:23:25.572Z,sell,0.00010846,99.0,0.01073754
ICN/BTC,1529169805572,2018-06-16T17:23:25.572Z,sell,0.00010801,77.0,0.00831677
ICN/BTC,1529170154881,2018-06-16T17:29:14.881Z,buy,0.00010837,180.0,0.0195066
ICN/BTC,1529170154881,2018-06-16T17:29:14.881Z,buy,0.00010849,121.0,0.01312729
ICN/BTC,1529170154881,2018-06-16T17:29:14.881Z,buy,0.0001085,175.0,0.0189874999999999
ICN/BTC,1529170158264,2018-06-16T17:29:18.264Z,buy,0.0001085,243.0,0.0263655
ICN/BTC,1529170160583,2018-06-16T17:29:20.583Z,buy,0.0001085,13.0,0.0014104999999999
ICN/BTC,1529170160583,2018-06-16T17:29:20.583Z,buy,0.0001085,13.0,0.0014104999999999
ICN/BTC,1529170443012,2018-06-16T17:34:03.012Z,sell,0.00010811,15.0,0.00162165
ICN/BTC,1529170535335,2018-06-16T17:35:35.335Z,sell,0.00010811,12.0,0.00129732
ICN/BTC,1529170680122,2018-06-16T17:38:00.122Z,buy,0.00010865,59.0,0.0064103499999999
ICN/BTC,1529171040314,2018-06-16T17:44:00.314Z,buy,0.00010856,27.0,0.00293112
ICN/BTC,1529172366241,2018-06-16T18:06:06.241Z,sell,0.00010835,8.0,0.0008668
ICN/BTC,1529172967623,2018-06-16T18:16:07.623Z,sell,0.00010835,112.0,0.0121352
ICN/BTC,1529173408726,2018-06-16T18:23:28.726Z,sell,0.00010835,54.0,0.0058509
ICN/BTC,1529173485954,2018-06-16T18:24:45.954Z,sell,0.00010835,362.0,0.0392227
ICN/BTC,1529173485954,2018-06-16T18:24:45.954Z,sell,0.00010835,362.0,0.0392227
ICN/BTC,1529173964179,2018-06-16T18:32:44.179Z,buy,0.00010835,62.0,0.0067177
ICN/BTC,1529174405604,2018-06-16T18:40:05.604Z,sell,0.00010806,9.0,0.00097254
ICN/BTC,1529174751074,2018-06-16T18:45:51.074Z,sell,0.00010806,1.0,0.00010806
ICN/BTC,1529175073429,2018-06-16T18:51:13.429Z,sell,0.00010806,10.0,0.0010806
ICN/BTC,1529175682661,2018-06-16T19:01:22.661Z,sell,0.00010806,9.0,0.00097254
ICN/BTC,1529177043532,2018-06-16T19:24:03.532Z,sell,0.00010817,60.0,0.0064902
ICN/BTC,1529177043532,2018-06-16T19:24:03.532Z,sell,0.00010817,60.0,0.0064902
ICN/BTC,1529177210666,2018-06-16T19:26:50.666Z,sell,0.00010798,20.0,0.0021596
ICN/BTC,1529177219112,2018-06-16T19:26:59.112Z,buy,0.00010799,55.0,0.00593945
ICN/BTC,1529177771789,2018-06-16T19:36:11.789Z,sell,0.00010798,47.0,0.00507506
ICN/BTC,1529178341208,2018-06-16T19:45:41.208Z,sell,0.00010771,58.0,0.00624718
ICN/BTC,1529178341208,2018-06-16T19:45:41.208Z,sell,0.00010769,78.0,0.0083998199999999
ICN/BTC,1529178341208,2018-06-16T19:45:41.208Z,sell,0.00010743,27.0,0.00290061
ICN/BTC,1529178341208,2018-06-16T19:45:41.208Z,sell,0.00010742,47.0,0.0050487399999999
ICN/BTC,1529178341208,2018-06-16T19:45:41.208Z,sell,0.0001072,60.0,0.006432
ICN/BTC,1529178341208,2018-06-16T19:45:41.208Z,sell,0.00010719,5.0,0.00053595
ICN/BTC,1529178368389,2018-06-16T19:46:08.389Z,buy,0.00010791,78.0,0.00841698
ICN/BTC,1529178368389,2018-06-16T19:46:08.389Z,buy,0.00010799,20.0,0.0021598
ICN/BTC,1529179644827,2018-06-16T20:07:24.827Z,sell,0.00010799,362.0,0.03909238
ICN/BTC,1529180169828,2018-06-16T20:16:09.828Z,sell,0.00010768,5.0,0.0005384
ICN/BTC,1529180169828,2018-06-16T20:16:09.828Z,sell,0.00010768,5.0,0.0005384
ICN/BTC,1529180946597,2018-06-16T20:29:06.597Z,buy,0.000108,25.0,0.0026999999999999
ICN/BTC,1529181306662,2018-06-16T20:35:06.662Z,buy,0.000108,60.0,0.00648
ICN/BTC,1529181615144,2018-06-16T20:40:15.144Z,buy,0.000108,17.0,0.001836
ICN/BTC,1529181619079,2018-06-16T20:40:19.079Z,buy,0.000108,53.0,0.005724
ICN/BTC,1529182132109,2018-06-16T20:48:52.109Z,buy,0.00010799,92.0,0.00993508
ICN/BTC,1529183636930,2018-06-16T21:13:56.930Z,sell,0.0001077,57.0,0.0061389
ICN/BTC,1529183636930,2018-06-16T21:13:56.930Z,sell,0.00010768,3.0,0.00032304
ICN/BTC,1529183654390,2018-06-16T21:14:14.390Z,buy,0.00010799,294.0,0.03174906
ICN/BTC,1529183730474,2018-06-16T21:15:30.474Z,sell,0.0001077,44.0,0.0047388
ICN/BTC,1529183730474,2018-06-16T21:15:30.474Z,sell,0.0001077,44.0,0.0047388
ICN/BTC,1529184601809,2018-06-16T21:30:01.809Z,sell,0.0001077,16.0,0.0017232
ICN/BTC,1529185097141,2018-06-16T21:38:17.141Z,sell,0.0001077,50.0,0.005385
ICN/BTC,1529185098340,2018-06-16T21:38:18.340Z,buy,0.0001077,193.0,0.0207861
ICN/BTC,1529185264528,2018-06-16T21:41:04.528Z,sell,0.0001074,79.0,0.0084846
ICN/BTC,1529185264528,2018-06-16T21:41:04.528Z,sell,0.00010739,54.0,0.00579906
ICN/BTC,1529185264528,2018-06-16T21:41:04.528Z,sell,0.00010724,124.0,0.0132977599999999
ICN/BTC,1529185532036,2018-06-16T21:45:32.036Z,buy,0.00010775,37.0,0.00398675
ICN/BTC,1529185539578,2018-06-16T21:45:39.578Z,buy,0.00010775,42.0,0.0045255
ICN/BTC,1529185539578,2018-06-16T21:45:39.578Z,buy,0.00010776,51.0,0.00549576
ICN/BTC,1529186822680,2018-06-16T22:07:02.680Z,buy,0.00010776,4.0,0.00043104
ICN/BTC,1529187092748,2018-06-16T22:11:32.748Z,sell,0.00010776,557.0,0.06002232
ICN/BTC,1529187092748,2018-06-16T22:11:32.748Z,sell,0.00010776,557.0,0.06002232
ICN/BTC,1529187448209,2018-06-16T22:17:28.209Z,sell,0.00010776,560.0,0.0603456
ICN/BTC,1529187584070,2018-06-16T22:19:44.070Z,sell,0.00010776,1.0,0.00010776
ICN/BTC,1529187593480,2018-06-16T22:19:53.480Z,buy,0.00010786,1.0,0.00010786
ICN/BTC,1529187610501,2018-06-16T22:20:10.501Z,buy,0.00010786,1.0,0.00010786
ICN/BTC,1529187613193,2018-06-16T22:20:13.193Z,buy,0.00010786,5.0,0.0005393
ICN/BTC,1529187615656,2018-06-16T22:20:15.656Z,buy,0.00010786,5.0,0.0005393
ICN/BTC,1529187618063,2018-06-16T22:20:18.063Z,buy,0.00010786,6.0,0.00064716
ICN/BTC,1529187620259,2018-06-16T22:20:20.259Z,buy,0.00010786,6.0,0.00064716
ICN/BTC,1529187622731,2018-06-16T22:20:22.731Z,buy,0.00010786,10.0,0.0010786
ICN/BTC,1529187625420,2018-06-16T22:20:25.420Z,buy,0.00010786,9.0,0.00097074
ICN/BTC,1529187634191,2018-06-16T22:20:34.191Z,buy,0.00010786,10.0,0.0010786
ICN/BTC,1529187641059,2018-06-16T22:20:41.059Z,buy,0.00010786,8.0,0.00086288
ICN/BTC,1529187643748,2018-06-16T22:20:43.748Z,buy,0.00010786,10.0,0.0010786
ICN/BTC,1529187646457,2018-06-16T22:20:46.457Z,buy,0.00010786,11.0,0.00118646
ICN/BTC,1529187648888,2018-06-16T22:20:48.888Z,buy,0.00010786,9.0,0.00097074
ICN/BTC,1529187651644,2018-06-16T22:20:51.644Z,buy,0.00010786,12.0,0.00129432
ICN/BTC,1529187654588,2018-06-16T22:20:54.588Z,buy,0.00010786,13.0,0.00140218
ICN/BTC,1529187657668,2018-06-16T22:20:57.668Z,buy,0.00010786,8.0,0.00086288
ICN/BTC,1529187657668,2018-06-16T22:20:57.668Z,buy,0.00010795,4.0,0.0004318
ICN/BTC,1529187660375,2018-06-16T22:21:00.375Z,buy,0.00010795,10.0,0.0010795
ICN/BTC,1529187663656,2018-06-16T22:21:03.656Z,buy,0.00010795,12.0,0.0012954
ICN/BTC,1529187668060,2018-06-16T22:21:08.060Z,buy,0.00010795,894.0,0.0965072999999999
ICN/BTC,1529187671878,2018-06-16T22:21:11.878Z,buy,0.00010795,9.0,0.00097155
ICN/BTC,1529187674628,2018-06-16T22:21:14.628Z,buy,0.00010795,10.0,0.0010795
ICN/BTC,1529187678047,2018-06-16T22:21:18.047Z,buy,0.00010795,14.0,0.0015113
ICN/BTC,1529187681084,2018-06-16T22:21:21.084Z,buy,0.00010795,13.0,0.0014033499999999
ICN/BTC,1529187684404,2018-06-16T22:21:24.404Z,buy,0.00010795,17.0,0.0018351499999999
ICN/BTC,1529187694691,2018-06-16T22:21:34.691Z,buy,0.00010795,10.0,0.0010795
ICN/BTC,1529187697771,2018-06-16T22:21:37.771Z,buy,0.00010795,10.0,0.0010795
ICN/BTC,1529187701578,2018-06-16T22:21:41.578Z,buy,0.00010795,14.0,0.0015113
ICN/BTC,1529187704617,2018-06-16T22:21:44.617Z,buy,0.00010795,14.0,0.0015113
ICN/BTC,1529187706842,2018-06-16T22:21:46.842Z,buy,0.00010795,643.0,0.06941185
ICN/BTC,1529187710411,2018-06-16T22:21:50.411Z,buy,0.00010795,14.0,0.0015113
ICN/BTC,1529187713275,2018-06-16T22:21:53.275Z,buy,0.00010795,12.0,0.0012954
ICN/BTC,1529187716482,2018-06-16T22:21:56.482Z,buy,0.00010795,13.0,0.0014033499999999
ICN/BTC,1529187719485,2018-06-16T22:21:59.485Z,buy,0.00010795,14.0,0.0015113
ICN/BTC,1529187726165,2018-06-16T22:22:06.165Z,buy,0.00010795,11.0,0.00118745
ICN/BTC,1529187729013,2018-06-16T22:22:09.013Z,buy,0.00010795,11.0,0.00118745
ICN/BTC,1529187731066,2018-06-16T22:22:11.066Z,buy,0.00010795,463.0,0.04998085
ICN/BTC,1529187734434,2018-06-16T22:22:14.434Z,buy,0.00010795,12.0,0.0012954
ICN/BTC,1529187737598,2018-06-16T22:22:17.598Z,buy,0.00010795,15.0,0.00161925
ICN/BTC,1529187740481,2018-06-16T22:22:20.481Z,buy,0.00010796,11.0,0.00118756
ICN/BTC,1529187744216,2018-06-16T22:22:24.216Z,buy,0.00010796,22.0,0.00237512
ICN/BTC,1529187748108,2018-06-16T22:22:28.108Z,buy,0.00010796,21.0,0.00226716
ICN/BTC,1529187752021,2018-06-16T22:22:32.021Z,buy,0.00010796,19.0,0.00205124
ICN/BTC,1529187761615,2018-06-16T22:22:41.615Z,buy,0.00010796,11.0,0.00118756
ICN/BTC,1529187765231,2018-06-16T22:22:45.231Z,buy,0.00010796,21.0,0.00226716
ICN/BTC,1529187768110,2018-06-16T22:22:48.110Z,buy,0.00010796,13.0,0.00140348
ICN/BTC,1529187770990,2018-06-16T22:22:50.990Z,buy,0.00010796,13.0,0.00140348
ICN/BTC,1529187775162,2018-06-16T22:22:55.162Z,buy,0.00010796,24.0,0.00259104
ICN/BTC,1529187779809,2018-06-16T22:22:59.809Z,buy,0.00010796,15.0,0.0016194
ICN/BTC,1529187783343,2018-06-16T22:23:03.343Z,buy,0.00010796,18.0,0.00194328
ICN/BTC,1529187787130,2018-06-16T22:23:07.130Z,buy,0.00010796,22.0,0.00237512
ICN/BTC,1529187795266,2018-06-16T22:23:15.266Z,buy,0.00010796,15.0,0.0016194
ICN/BTC,1529187799680,2018-06-16T22:23:19.680Z,buy,0.00010796,20.0,0.0021592
ICN/BTC,1529187815030,2018-06-16T22:23:35.030Z,buy,0.00010796,8.0,0.00086368
ICN/BTC,1529187817905,2018-06-16T22:23:37.905Z,buy,0.00010796,14.0,0.00151144
ICN/BTC,1529187821076,2018-06-16T22:23:41.076Z,buy,0.00010796,17.0,0.00183532
ICN/BTC,1529187824509,2018-06-16T22:23:44.509Z,buy,0.00010796,19.0,0.00205124
ICN/BTC,1529187829127,2018-06-16T22:23:49.127Z,buy,0.00010796,17.0,0.00183532
ICN/BTC,1529187832980,2018-06-16T22:23:52.980Z,buy,0.00010796,15.0,0.0016194
ICN/BTC,1529187835084,2018-06-16T22:23:55.084Z,buy,0.00010796,6.0,0.00064776
ICN/BTC,1529187837441,2018-06-16T22:23:57.441Z,buy,0.00010796,9.0,0.00097164
ICN/BTC,1529187840212,2018-06-16T22:24:00.212Z,buy,0.00010796,12.0,0.00129552
ICN/BTC,1529187842880,2018-06-16T22:24:02.880Z,buy,0.00010796,11.0,0.00118756
ICN/BTC,1529187845329,2018-06-16T22:24:05.329Z,buy,0.00010796,10.0,0.0010796
ICN/BTC,1529187847708,2018-06-16T22:24:07.708Z,buy,0.00010796,10.0,0.0010796
ICN/BTC,1529187851252,2018-06-16T22:24:11.252Z,buy,0.00010796,10.0,0.0010796
ICN/BTC,1529187854498,2018-06-16T22:24:14.498Z,buy,0.00010796,16.0,0.00172736
ICN/BTC,1529187857073,2018-06-16T22:24:17.073Z,buy,0.00010796,8.0,0.00086368
ICN/BTC,1529187861185,2018-06-16T22:24:21.185Z,buy,0.00010796,14.0,0.00151144
ICN/BTC,1529187864228,2018-06-16T22:24:24.228Z,buy,0.00010796,14.0,0.00151144
ICN/BTC,1529187867360,2018-06-16T22:24:27.360Z,buy,0.00010796,14.0,0.00151144
ICN/BTC,1529187870036,2018-06-16T22:24:30.036Z,sell,0.00010753,1.0,0.00010753
ICN/BTC,1529187871258,2018-06-16T22:24:31.258Z,sell,0.00010752,1.0,0.00010752
ICN/BTC,1529187876039,2018-06-16T22:24:36.039Z,buy,0.00010796,12.0,0.00129552
ICN/BTC,1529187879877,2018-06-16T22:24:39.877Z,buy,0.00010796,12.0,0.00129552
ICN/BTC,1529187884012,2018-06-16T22:24:44.012Z,buy,0.00010796,18.0,0.00194328
ICN/BTC,1529187897550,2018-06-16T22:24:57.550Z,buy,0.00010796,1.0,0.00010796
ICN/BTC,1529187899185,2018-06-16T22:24:59.185Z,buy,0.00010796,1.0,0.00010796
ICN/BTC,1529187900185,2018-06-16T22:25:00.185Z,buy,0.00010796,1.0,0.00010796
ICN/BTC,1529187901342,2018-06-16T22:25:01.342Z,buy,0.00010796,1.0,0.00010796
ICN/BTC,1529187910825,2018-06-16T22:25:10.825Z,buy,0.00010796,1.0,0.00010796
ICN/BTC,1529187912574,2018-06-16T22:25:12.574Z,buy,0.00010796,1.0,0.00010796
ICN/BTC,1529187913768,2018-06-16T22:25:13.768Z,buy,0.00010796,1.0,0.00010796
ICN/BTC,1529187923081,2018-06-16T22:25:23.081Z,buy,0.00010796,1.0,0.00010796
ICN/BTC,1529187924635,2018-06-16T22:25:24.635Z,buy,0.00010796,1.0,0.00010796
ICN/BTC,1529187925869,2018-06-16T22:25:25.869Z,buy,0.00010796,1.0,0.00010796
ICN/BTC,1529187926883,2018-06-16T22:25:26.883Z,buy,0.00010796,1.0,0.00010796
ICN/BTC,1529187927957,2018-06-16T22:25:27.957Z,buy,0.00010796,1.0,0.00010796
ICN/BTC,1529187929078,2018-06-16T22:25:29.078Z,buy,0.00010796,1.0,0.00010796
ICN/BTC,1529187931368,2018-06-16T22:25:31.368Z,sell,0.00010753,1.0,0.00010753
ICN/BTC,1529187932963,2018-06-16T22:25:32.963Z,sell,0.00010752,1.0,0.00010752
ICN/BTC,1529187934299,2018-06-16T22:25:34.299Z,buy,0.00010796,1.0,0.00010796
ICN/BTC,1529187936130,2018-06-16T22:25:36.130Z,buy,0.00010796,1.0,0.00010796
ICN/BTC,1529187937698,2018-06-16T22:25:37.698Z,buy,0.00010796,1.0,0.00010796
ICN/BTC,1529187939112,2018-06-16T22:25:39.112Z,buy,0.00010796,1.0,0.00010796
ICN/BTC,1529187940215,2018-06-16T22:25:40.215Z,buy,0.00010796,1.0,0.00010796
ICN/BTC,1529187941287,2018-06-16T22:25:41.287Z,buy,0.00010796,1.0,0.00010796
ICN/BTC,1529187942801,2018-06-16T22:25:42.801Z,buy,0.00010796,1.0,0.00010796
ICN/BTC,1529187944109,2018-06-16T22:25:44.109Z,buy,0.00010796,1.0,0.00010796
ICN/BTC,1529187945299,2018-06-16T22:25:45.299Z,buy,0.00010796,1.0,0.00010796
ICN/BTC,1529187946445,2018-06-16T22:25:46.445Z,buy,0.00010796,1.0,0.00010796
ICN/BTC,1529187947492,2018-06-16T22:25:47.492Z,buy,0.00010796,1.0,0.00010796
ICN/BTC,1529187948533,2018-06-16T22:25:48.533Z,buy,0.00010796,1.0,0.00010796
ICN/BTC,1529187949598,2018-06-16T22:25:49.598Z,buy,0.00010796,1.0,0.00010796
ICN/BTC,1529187950662,2018-06-16T22:25:50.662Z,buy,0.00010796,1.0,0.00010796
ICN/BTC,1529187951640,2018-06-16T22:25:51.640Z,buy,0.00010796,1.0,0.00010796
ICN/BTC,1529187952689,2018-06-16T22:25:52.689Z,buy,0.00010796,1.0,0.00010796
ICN/BTC,1529187953737,2018-06-16T22:25:53.737Z,buy,0.00010796,1.0,0.00010796
ICN/BTC,1529187954790,2018-06-16T22:25:54.790Z,buy,0.00010796,1.0,0.00010796
ICN/BTC,1529187984004,2018-06-16T22:26:24.004Z,sell,0.00010753,1.0,0.00010753
ICN/BTC,1529187985935,2018-06-16T22:26:25.935Z,sell,0.00010752,1.0,0.00010752
ICN/BTC,1529188016854,2018-06-16T22:26:56.854Z,buy,0.00010794,1.0,0.00010794
ICN/BTC,1529188027608,2018-06-16T22:27:07.608Z,buy,0.00010794,1.0,0.00010794
ICN/BTC,1529188033391,2018-06-16T22:27:13.391Z,buy,0.00010794,1.0,0.00010794
ICN/BTC,1529188045017,2018-06-16T22:27:25.017Z,sell,0.00010793,52.0,0.00561236
ICN/BTC,1529188045017,2018-06-16T22:27:25.017Z,sell,0.00010793,52.0,0.00561236
ICN/BTC,1529188045020,2018-06-16T22:27:25.020Z,sell,0.00010793,52.0,0.00561236
ICN/BTC,1529188045024,2018-06-16T22:27:25.024Z,sell,0.00010793,52.0,0.00561236
ICN/BTC,1529188045066,2018-06-16T22:27:25.066Z,sell,0.00010793,46.0,0.00496478
ICN/BTC,1529188064178,2018-06-16T22:27:44.178Z,sell,0.00010793,571.0,0.06162803
ICN/BTC,1529188094837,2018-06-16T22:28:14.837Z,buy,0.00010793,1.0,0.00010793
ICN/BTC,1529188102626,2018-06-16T22:28:22.626Z,buy,0.00010793,1.0,0.00010793
ICN/BTC,1529188104135,2018-06-16T22:28:24.135Z,buy,0.00010793,1.0,0.00010793
ICN/BTC,1529188105154,2018-06-16T22:28:25.154Z,buy,0.00010793,1.0,0.00010793
ICN/BTC,1529188106329,2018-06-16T22:28:26.329Z,buy,0.00010793,1.0,0.00010793
ICN/BTC,1529188141438,2018-06-16T22:29:01.438Z,buy,0.00010791,1.0,0.00010791
ICN/BTC,1529188180435,2018-06-16T22:29:40.435Z,buy,0.00010796,1.0,0.00010796
ICN/BTC,1529188184038,2018-06-16T22:29:44.038Z,buy,0.00010796,1.0,0.00010796
ICN/BTC,1529188187036,2018-06-16T22:29:47.036Z,buy,0.00010796,1.0,0.00010796
ICN/BTC,1529188188878,2018-06-16T22:29:48.878Z,buy,0.00010796,1.0,0.00010796
ICN/BTC,1529188190240,2018-06-16T22:29:50.240Z,buy,0.00010796,1.0,0.00010796
ICN/BTC,1529188191977,2018-06-16T22:29:51.977Z,buy,0.00010796,1.0,0.00010796
ICN/BTC,1529188208587,2018-06-16T22:30:08.587Z,sell,0.00010753,1.0,0.00010753
ICN/BTC,1529188210425,2018-06-16T22:30:10.425Z,sell,0.00010752,1.0,0.00010752
ICN/BTC,1529188213375,2018-06-16T22:30:13.375Z,sell,0.00010752,17.0,0.00182784
ICN/BTC,1529188232076,2018-06-16T22:30:32.076Z,buy,0.0001079,1.0,0.0001079
ICN/BTC,1529188240384,2018-06-16T22:30:40.384Z,buy,0.0001079,1.0,0.0001079
ICN/BTC,1529188241702,2018-06-16T22:30:41.702Z,buy,0.0001079,1.0,0.0001079
ICN/BTC,1529188242854,2018-06-16T22:30:42.854Z,buy,0.0001079,1.0,0.0001079
ICN/BTC,1529188244450,2018-06-16T22:30:44.450Z,buy,0.0001079,1.0,0.0001079
ICN/BTC,1529188249834,2018-06-16T22:30:49.834Z,buy,0.0001079,8.0,0.0008632
ICN/BTC,1529188251499,2018-06-16T22:30:51.499Z,buy,0.0001079,1.0,0.0001079
ICN/BTC,1529188252747,2018-06-16T22:30:52.747Z,buy,0.0001079,1.0,0.0001079
ICN/BTC,1529188255250,2018-06-16T22:30:55.250Z,buy,0.0001079,9.0,0.0009710999999999
ICN/BTC,1529188303793,2018-06-16T22:31:43.793Z,sell,0.00010753,80.0,0.0086024
ICN/BTC,1529188303793,2018-06-16T22:31:43.793Z,sell,0.00010752,57.0,0.00612864
ICN/BTC,1529188303793,2018-06-16T22:31:43.793Z,sell,0.00010731,60.0,0.0064386
ICN/BTC,1529188303793,2018-06-16T22:31:43.793Z,sell,0.0001073,105.0,0.0112665
ICN/BTC,1529188303793,2018-06-16T22:31:43.793Z,sell,0.0001071,651.0,0.0697221
ICN/BTC,1529188303793,2018-06-16T22:31:43.793Z,sell,0.00010707,2763.0,0.29583441
ICN/BTC,1529188346739,2018-06-16T22:32:26.739Z,buy,0.00010782,1.0,0.00010782
ICN/BTC,1529189586925,2018-06-16T22:53:06.925Z,buy,0.00010776,10.0,0.0010776
ICN/BTC,1529189712076,2018-06-16T22:55:12.076Z,buy,0.00010776,14.0,0.00150864
ICN/BTC,1529190531201,2018-06-16T23:08:51.201Z,sell,0.00010724,20.0,0.0021448
ICN/BTC,1529190550187,2018-06-16T23:09:10.187Z,sell,0.00010708,508.0,0.0543966399999999
ICN/BTC,1529190550187,2018-06-16T23:09:10.187Z,sell,0.00010708,508.0,0.0543966399999999
ICN/BTC,1529191185910,2018-06-16T23:19:45.910Z,buy,0.00010776,64.0,0.00689664
ICN/BTC,1529191211217,2018-06-16T23:20:11.217Z,buy,0.00010776,5.0,0.0005388
ICN/BTC,1529191502422,2018-06-16T23:25:02.422Z,buy,0.0001077,92.0,0.0099084
ICN/BTC,1529191718251,2018-06-16T23:28:38.251Z,sell,0.00010746,55.0,0.0059103
ICN/BTC,1529191805917,2018-06-16T23:30:05.917Z,buy,0.00010753,12.0,0.00129036
ICN/BTC,1529191805917,2018-06-16T23:30:05.917Z,buy,0.00010775,7.0,0.00075425
ICN/BTC,1529191806273,2018-06-16T23:30:06.273Z,buy,0.00010775,19.0,0.00204725
ICN/BTC,1529191809516,2018-06-16T23:30:09.516Z,buy,0.00010753,555.0,0.05967915
ICN/BTC,1529191901235,2018-06-16T23:31:41.235Z,sell,0.00010753,40.0,0.0043012
ICN/BTC,1529193059497,2018-06-16T23:50:59.497Z,buy,0.00010777,544.0,0.05862688
ICN/BTC,1529193512211,2018-06-16T23:58:32.211Z,sell,0.00010724,705.0,0.0756042
ICN/BTC,1529193512622,2018-06-16T23:58:32.622Z,buy,0.00010724,368.0,0.03946432
ICN/BTC,1529193513041,2018-06-16T23:58:33.041Z,buy,0.00010724,132.0,0.01415568
ICN/BTC,1529193513143,2018-06-16T23:58:33.143Z,buy,0.00010775,132.0,0.014223
ICN/BTC,1529193772108,2018-06-17T00:02:52.108Z,sell,0.00010736,11.0,0.00118096
ICN/BTC,1529194059939,2018-06-17T00:07:39.939Z,sell,0.00010743,64.0,0.00687552
ICN/BTC,1529194059939,2018-06-17T00:07:39.939Z,sell,0.00010743,64.0,0.00687552
ICN/BTC,1529194150821,2018-06-17T00:09:10.821Z,buy,0.00010745,15.0,0.00161175
ICN/BTC,1529195665962,2018-06-17T00:34:25.962Z,sell,0.00010743,2.0,0.00021486
ICN/BTC,1529195668112,2018-06-17T00:34:28.112Z,sell,0.00010744,2.0,0.00021488
ICN/BTC,1529195677221,2018-06-17T00:34:37.221Z,sell,0.00010724,2.0,0.00021448
ICN/BTC,1529195698280,2018-06-17T00:34:58.280Z,sell,0.00010746,1.0,0.00010746
ICN/BTC,1529196208048,2018-06-17T00:43:28.048Z,buy,0.00010773,92.0,0.00991116
ICN/BTC,1529196816423,2018-06-17T00:53:36.423Z,sell,0.00010724,89.0,0.00954436
ICN/BTC,1529196819263,2018-06-17T00:53:39.263Z,buy,0.00010724,5.0,0.0005362
ICN/BTC,1529196819263,2018-06-17T00:53:39.263Z,buy,0.00010771,5.0,0.0005385499999999
ICN/BTC,1529196827789,2018-06-17T00:53:47.789Z,buy,0.00010771,5.0,0.0005385499999999
ICN/BTC,1529197120315,2018-06-17T00:58:40.315Z,buy,0.00010771,130.0,0.0140022999999999
ICN/BTC,1529197120315,2018-06-17T00:58:40.315Z,buy,0.00010772,302.0,0.03253144
ICN/BTC,1529197120315,2018-06-17T00:58:40.315Z,buy,0.00010773,60.0,0.0064638
ICN/BTC,1529197120315,2018-06-17T00:58:40.315Z,buy,0.00010779,464.0,0.05001456
ICN/BTC,1529197120315,2018-06-17T00:58:40.315Z,buy,0.00010771,130.0,0.0140022999999999
ICN/BTC,1529197120315,2018-06-17T00:58:40.315Z,buy,0.00010772,302.0,0.03253144
ICN/BTC,1529197120315,2018-06-17T00:58:40.315Z,buy,0.00010773,60.0,0.0064638
ICN/BTC,1529197120315,2018-06-17T00:58:40.315Z,buy,0.00010779,464.0,0.05001456
ICN/BTC,1529198959771,2018-06-17T01:29:19.771Z,sell,0.00010735,45.0,0.00483075
ICN/BTC,1529200634996,2018-06-17T01:57:14.996Z,sell,0.0001074,22.0,0.0023628
ICN/BTC,1529200634996,2018-06-17T01:57:14.996Z,sell,0.00010735,34.0,0.0036498999999999
ICN/BTC,1529200635308,2018-06-17T01:57:15.308Z,buy,0.00010735,77.0,0.00826595
ICN/BTC,1529200635680,2018-06-17T01:57:15.680Z,buy,0.00010735,40.0,0.004294
ICN/BTC,1529200635698,2018-06-17T01:57:15.698Z,buy,0.00010735,25.0,0.00268375
ICN/BTC,1529200635698,2018-06-17T01:57:15.698Z,buy,0.00010778,40.0,0.0043112
ICN/BTC,1529200635698,2018-06-17T01:57:15.698Z,buy,0.00010735,25.0,0.00268375
ICN/BTC,1529200635698,2018-06-17T01:57:15.698Z,buy,0.00010778,40.0,0.0043112
ICN/BTC,1529201179421,2018-06-17T02:06:19.421Z,buy,0.00010778,13.0,0.00140114
ICN/BTC,1529201544597,2018-06-17T02:12:24.597Z,sell,0.00010736,83.0,0.00891088
ICN/BTC,1529202184676,2018-06-17T02:23:04.676Z,buy,0.00010777,11.0,0.00118547
ICN/BTC,1529202202830,2018-06-17T02:23:22.830Z,sell,0.00010727,735.0,0.07884345
ICN/BTC,1529202475750,2018-06-17T02:27:55.750Z,buy,0.00010771,3.0,0.00032313
ICN/BTC,1529203117441,2018-06-17T02:38:37.441Z,buy,0.00010771,12.0,0.00129252
ICN/BTC,1529203576095,2018-06-17T02:46:16.095Z,buy,0.00010771,92.0,0.00990932
ICN/BTC,1529204115800,2018-06-17T02:55:15.800Z,buy,0.00010771,92.0,0.00990932
ICN/BTC,1529204115800,2018-06-17T02:55:15.800Z,buy,0.00010771,92.0,0.00990932
ICN/BTC,1529205636836,2018-06-17T03:20:36.836Z,buy,0.00010771,92.0,0.00990932
ICN/BTC,1529205894821,2018-06-17T03:24:54.821Z,buy,0.00010771,55.0,0.00592405
ICN/BTC,1529206618603,2018-06-17T03:36:58.603Z,buy,0.0001077,461.0,0.0496497
ICN/BTC,1529206618603,2018-06-17T03:36:58.603Z,buy,0.00010771,131.0,0.01411001
ICN/BTC,1529206667806,2018-06-17T03:37:47.806Z,buy,0.00010771,61.0,0.00657031
ICN/BTC,1529206667839,2018-06-17T03:37:47.839Z,buy,0.00010773,180.0,0.0193914
ICN/BTC,1529206667868,2018-06-17T03:37:47.868Z,buy,0.00010774,535.0,0.0576408999999999
ICN/BTC,1529206667884,2018-06-17T03:37:47.884Z,buy,0.00010774,233.0,0.0251034199999999
ICN/BTC,1529207356757,2018-06-17T03:49:16.757Z,buy,0.00010773,92.0,0.00991116
ICN/BTC,1529207374618,2018-06-17T03:49:34.618Z,buy,0.00010773,16.0,0.00172368
ICN/BTC,1529207374618,2018-06-17T03:49:34.618Z,buy,0.00010773,16.0,0.00172368
ICN/BTC,1529207860099,2018-06-17T03:57:40.099Z,buy,0.00010776,27.0,0.00290952
ICN/BTC,1529207921088,2018-06-17T03:58:41.088Z,buy,0.00010781,410.0,0.0442021
ICN/BTC,1529208248229,2018-06-17T04:04:08.229Z,buy,0.00010781,452.0,0.04873012
ICN/BTC,1529208249364,2018-06-17T04:04:09.364Z,buy,0.0001078,50.0,0.00539
ICN/BTC,1529208586268,2018-06-17T04:09:46.268Z,sell,0.00010734,25.0,0.0026835
ICN/BTC,1529208594205,2018-06-17T04:09:54.205Z,buy,0.0001073,7.0,0.0007511
ICN/BTC,1529208595014,2018-06-17T04:09:55.014Z,buy,0.00010762,6.0,0.00064572
ICN/BTC,1529208595882,2018-06-17T04:09:55.882Z,buy,0.00010762,6.0,0.00064572
ICN/BTC,1529208607308,2018-06-17T04:10:07.308Z,buy,0.00010762,12.0,0.00129144
ICN/BTC,1529209201442,2018-06-17T04:20:01.442Z,sell,0.00010763,1.0,0.00010763
ICN/BTC,1529210239737,2018-06-17T04:37:19.737Z,sell,0.00010764,2.0,0.00021528
ICN/BTC,1529210239737,2018-06-17T04:37:19.737Z,sell,0.00010764,2.0,0.00021528
ICN/BTC,1529211459150,2018-06-17T04:57:39.150Z,buy,0.00010781,65.0,0.00700765
ICN/BTC,1529212252192,2018-06-17T05:10:52.192Z,sell,0.00010769,69.0,0.00743061
ICN/BTC,1529212441605,2018-06-17T05:14:01.605Z,sell,0.0001077,11.0,0.0011847
ICN/BTC,1529213111337,2018-06-17T05:25:11.337Z,sell,0.00010772,10.0,0.0010772
ICN/BTC,1529213236816,2018-06-17T05:27:16.816Z,sell,0.00010772,91.0,0.00980252
ICN/BTC,1529213236816,2018-06-17T05:27:16.816Z,sell,0.00010772,91.0,0.00980252
ICN/BTC,1529213958155,2018-06-17T05:39:18.155Z,sell,0.00010775,208.0,0.022412
ICN/BTC,1529215604240,2018-06-17T06:06:44.240Z,buy,0.0001078,196.0,0.0211288
ICN/BTC,1529215604323,2018-06-17T06:06:44.323Z,buy,0.0001078,467.0,0.0503426
ICN/BTC,1529215879238,2018-06-17T06:11:19.238Z,buy,0.0001078,207.0,0.0223146
ICN/BTC,1529215879238,2018-06-17T06:11:19.238Z,buy,0.0001078,207.0,0.0223146
ICN/BTC,1529217454459,2018-06-17T06:37:34.459Z,buy,0.0001078,92.0,0.0099176
ICN/BTC,1529217721383,2018-06-17T06:42:01.383Z,sell,0.00010773,50.0,0.0053865
ICN/BTC,1529217721383,2018-06-17T06:42:01.383Z,sell,0.00010772,93.0,0.01001796
ICN/BTC,1529217721383,2018-06-17T06:42:01.383Z,sell,0.00010763,26.0,0.00279838
ICN/BTC,1529217721445,2018-06-17T06:42:01.445Z,sell,0.00010763,1.0,0.00010763
ICN/BTC,1529217721445,2018-06-17T06:42:01.445Z,sell,0.00010737,41.0,0.0044021699999999
ICN/BTC,1529217802939,2018-06-17T06:43:22.939Z,sell,0.00010738,80.0,0.0085904
ICN/BTC,1529217803080,2018-06-17T06:43:23.080Z,sell,0.00010734,49.0,0.00525966
ICN/BTC,1529217807326,2018-06-17T06:43:27.326Z,sell,0.00010734,61.0,0.00654774
ICN/BTC,1529217864217,2018-06-17T06:44:24.217Z,sell,0.00010728,166.0,0.01780848
ICN/BTC,1529217994059,2018-06-17T06:46:34.059Z,sell,0.00010728,60.0,0.0064368
ICN/BTC,1529217994110,2018-06-17T06:46:34.110Z,sell,0.00010728,87.0,0.00933336
ICN/BTC,1529218427709,2018-06-17T06:53:47.709Z,sell,0.00010732,63.0,0.0067611599999999
ICN/BTC,1529218815730,2018-06-17T07:00:15.730Z,sell,0.00010736,12.0,0.00128832
ICN/BTC,1529219008637,2018-06-17T07:03:28.637Z,buy,0.00010752,32.0,0.00344064
ICN/BTC,1529219035620,2018-06-17T07:03:55.620Z,buy,0.00010752,48.0,0.00516096
ICN/BTC,1529219035620,2018-06-17T07:03:55.620Z,buy,0.00010753,110.0,0.0118283
ICN/BTC,1529219035620,2018-06-17T07:03:55.620Z,buy,0.00010766,19.0,0.0020455399999999
ICN/BTC,1529219071538,2018-06-17T07:04:31.538Z,buy,0.00010766,115.0,0.0123809
ICN/BTC,1529219071538,2018-06-17T07:04:31.538Z,buy,0.0001078,18.0,0.0019404
ICN/BTC,1529219106233,2018-06-17T07:05:06.233Z,buy,0.0001078,199.0,0.0214522
ICN/BTC,1529219117334,2018-06-17T07:05:17.334Z,buy,0.0001078,8.0,0.0008624
ICN/BTC,1529219120385,2018-06-17T07:05:20.385Z,buy,0.0001078,2.0,0.0002156
ICN/BTC,1529219154625,2018-06-17T07:05:54.625Z,buy,0.0001078,3.0,0.0003234
ICN/BTC,1529219160848,2018-06-17T07:06:00.848Z,buy,0.0001078,1.0,0.0001078
ICN/BTC,1529219163704,2018-06-17T07:06:03.704Z,buy,0.0001078,5.0,0.000539
ICN/BTC,1529219206634,2018-06-17T07:06:46.634Z,buy,0.0001078,10.0,0.001078
ICN/BTC,1529219238395,2018-06-17T07:07:18.395Z,buy,0.0001078,4.0,0.0004312
ICN/BTC,1529219329551,2018-06-17T07:08:49.551Z,buy,0.0001078,11.0,0.0011858
ICN/BTC,1529219336270,2018-06-17T07:08:56.270Z,buy,0.0001078,1.0,0.0001078
ICN/BTC,1529219338605,2018-06-17T07:08:58.605Z,buy,0.0001078,2.0,0.0002156
ICN/BTC,1529219345190,2018-06-17T07:09:05.190Z,buy,0.0001078,4.0,0.0004312
ICN/BTC,1529219374451,2018-06-17T07:09:34.451Z,sell,0.00010738,85.0,0.0091273
ICN/BTC,1529219374451,2018-06-17T07:09:34.451Z,sell,0.00010736,41.0,0.00440176
ICN/BTC,1529219461410,2018-06-17T07:11:01.410Z,buy,0.00010779,85.0,0.0091621499999999
ICN/BTC,1529219461410,2018-06-17T07:11:01.410Z,buy,0.00010781,72.0,0.00776232
ICN/BTC,1529219461410,2018-06-17T07:11:01.410Z,buy,0.00010779,85.0,0.0091621499999999
ICN/BTC,1529219461410,2018-06-17T07:11:01.410Z,buy,0.00010781,72.0,0.00776232
ICN/BTC,1529219484820,2018-06-17T07:11:24.820Z,sell,0.00010737,180.0,0.0193266
ICN/BTC,1529219484820,2018-06-17T07:11:24.820Z,sell,0.00010736,38.0,0.00407968
ICN/BTC,1529219484820,2018-06-17T07:11:24.820Z,sell,0.00010731,27.0,0.00289737
ICN/BTC,1529219484820,2018-06-17T07:11:24.820Z,sell,0.00010728,41.0,0.00439848
ICN/BTC,1529219484820,2018-06-17T07:11:24.820Z,sell,0.00010723,69.0,0.00739887
ICN/BTC,1529219484820,2018-06-17T07:11:24.820Z,sell,0.00010716,60.0,0.0064296
ICN/BTC,1529219484820,2018-06-17T07:11:24.820Z,sell,0.00010708,293.0,0.0313744399999999
ICN/BTC,1529219505227,2018-06-17T07:11:45.227Z,buy,0.0001078,177.0,0.0190806
ICN/BTC,1529219576414,2018-06-17T07:12:56.414Z,sell,0.00010743,75.0,0.00805725
ICN/BTC,1529219576414,2018-06-17T07:12:56.414Z,sell,0.00010742,102.0,0.0109568399999999
ICN/BTC,1529219726695,2018-06-17T07:15:26.695Z,buy,0.00010779,44.0,0.0047427599999999
ICN/BTC,1529219729923,2018-06-17T07:15:29.923Z,sell,0.00010736,44.0,0.00472384
ICN/BTC,1529219841035,2018-06-17T07:17:21.035Z,sell,0.00010742,131.0,0.01407202
ICN/BTC,1529219841035,2018-06-17T07:17:21.035Z,sell,0.00010737,13.0,0.00139581
ICN/BTC,1529220104725,2018-06-17T07:21:44.725Z,sell,0.00010742,4.0,0.00042968
ICN/BTC,1529220112476,2018-06-17T07:21:52.476Z,buy,0.00010773,31.0,0.00333963
ICN/BTC,1529220219205,2018-06-17T07:23:39.205Z,sell,0.00010773,13.0,0.00140049
ICN/BTC,1529220296731,2018-06-17T07:24:56.731Z,sell,0.00010773,8.0,0.00086184
ICN/BTC,1529220308440,2018-06-17T07:25:08.440Z,sell,0.00010773,33.0,0.00355509
ICN/BTC,1529220480881,2018-06-17T07:28:00.881Z,sell,0.00010773,20.0,0.0021546
ICN/BTC,1529220567102,2018-06-17T07:29:27.102Z,sell,0.00010773,8.0,0.00086184
ICN/BTC,1529220946514,2018-06-17T07:35:46.514Z,sell,0.00010773,29.0,0.00312417
ICN/BTC,1529221676633,2018-06-17T07:47:56.633Z,buy,0.00010774,20.0,0.0021548
ICN/BTC,1529222502458,2018-06-17T08:01:42.458Z,buy,0.00010774,30.0,0.0032321999999999
ICN/BTC,1529222933425,2018-06-17T08:08:53.425Z,sell,0.00010736,63.0,0.00676368
ICN/BTC,1529222933425,2018-06-17T08:08:53.425Z,sell,0.00010731,134.0,0.01437954
ICN/BTC,1529222933425,2018-06-17T08:08:53.425Z,sell,0.00010722,374.0,0.0401002799999999
ICN/BTC,1529223006262,2018-06-17T08:10:06.262Z,sell,0.00010724,1.0,0.00010724
ICN/BTC,1529223007539,2018-06-17T08:10:07.539Z,sell,0.00010724,1.0,0.00010724
ICN/BTC,1529223012104,2018-06-17T08:10:12.104Z,sell,0.00010724,86.0,0.0092226399999999
ICN/BTC,1529223012104,2018-06-17T08:10:12.104Z,sell,0.00010724,86.0,0.0092226399999999
ICN/BTC,1529223248363,2018-06-17T08:14:08.363Z,sell,0.00010725,125.0,0.01340625
ICN/BTC,1529224119241,2018-06-17T08:28:39.241Z,sell,0.00010727,10.0,0.0010727
ICN/BTC,1529224422738,2018-06-17T08:33:42.738Z,buy,0.00010757,10.0,0.0010757
ICN/BTC,1529224422738,2018-06-17T08:33:42.738Z,buy,0.00010758,57.0,0.00613206
ICN/BTC,1529224763896,2018-06-17T08:39:23.896Z,sell,0.00010758,20.0,0.0021516
ICN/BTC,1529224763896,2018-06-17T08:39:23.896Z,sell,0.00010728,47.0,0.00504216
ICN/BTC,1529225069065,2018-06-17T08:44:29.065Z,sell,0.00010728,63.0,0.00675864
ICN/BTC,1529226070478,2018-06-17T09:01:10.478Z,buy,0.0001077,69.0,0.0074313
ICN/BTC,1529226070478,2018-06-17T09:01:10.478Z,buy,0.0001077,69.0,0.0074313
ICN/BTC,1529227029045,2018-06-17T09:17:09.045Z,sell,0.0001074,69.0,0.0074106
ICN/BTC,1529227984693,2018-06-17T09:33:04.693Z,buy,0.0001074,34.0,0.0036515999999999
ICN/BTC,1529227984693,2018-06-17T09:33:04.693Z,buy,0.0001074,34.0,0.0036515999999999
ICN/BTC,1529230927791,2018-06-17T10:22:07.791Z,sell,0.00010724,194.0,0.02080456
ICN/BTC,1529230927791,2018-06-17T10:22:07.791Z,sell,0.00010709,242.0,0.02591578
ICN/BTC,1529230927791,2018-06-17T10:22:07.791Z,sell,0.00010708,3888.0,0.41632704
ICN/BTC,1529230927791,2018-06-17T10:22:07.791Z,sell,0.000107,5684.0,0.608188
ICN/BTC,1529230927791,2018-06-17T10:22:07.791Z,sell,0.00010695,10.0,0.0010695
ICN/BTC,1529230927791,2018-06-17T10:22:07.791Z,sell,0.00010672,10.0,0.0010672
ICN/BTC,1529230927791,2018-06-17T10:22:07.791Z,sell,0.00010663,375.0,0.03998625
ICN/BTC,1529230927791,2018-06-17T10:22:07.791Z,sell,0.00010662,38.0,0.00405156
ICN/BTC,1529230927791,2018-06-17T10:22:07.791Z,sell,0.00010635,60.0,0.0063809999999999
ICN/BTC,1529230927791,2018-06-17T10:22:07.791Z,sell,0.00010633,62.0,0.00659246
ICN/BTC,1529230927791,2018-06-17T10:22:07.791Z,sell,0.0001062,11.0,0.0011682
ICN/BTC,1529230927791,2018-06-17T10:22:07.791Z,sell,0.00010611,23.0,0.0024405299999999
ICN/BTC,1529230927791,2018-06-17T10:22:07.791Z,sell,0.000106,11.0,0.001166
ICN/BTC,1529230927791,2018-06-17T10:22:07.791Z,sell,0.00010599,972.0,0.10302228
ICN/BTC,1529230927791,2018-06-17T10:22:07.791Z,sell,0.00010588,10.0,0.0010588
ICN/BTC,1529230927791,2018-06-17T10:22:07.791Z,sell,0.00010561,35.0,0.00369635
ICN/BTC,1529230927791,2018-06-17T10:22:07.791Z,sell,0.0001056,378.0,0.0399168
ICN/BTC,1529230927791,2018-06-17T10:22:07.791Z,sell,0.00010553,38.0,0.00401014
ICN/BTC,1529230927791,2018-06-17T10:22:07.791Z,sell,0.00010545,379.0,0.03996555
ICN/BTC,1529230927791,2018-06-17T10:22:07.791Z,sell,0.00010535,236.0,0.0248626
ICN/BTC,1529230927791,2018-06-17T10:22:07.791Z,sell,0.00010526,9500.0,0.99997
ICN/BTC,1529230927791,2018-06-17T10:22:07.791Z,sell,0.00010525,474.0,0.0498884999999999
ICN/BTC,1529230927791,2018-06-17T10:22:07.791Z,sell,0.00010504,20.0,0.0021008
ICN/BTC,1529230927791,2018-06-17T10:22:07.791Z,sell,0.00010485,20.0,0.002097
ICN/BTC,1529230927791,2018-06-17T10:22:07.791Z,sell,0.00010444,39.0,0.00407316
ICN/BTC,1529230927791,2018-06-17T10:22:07.791Z,sell,0.00010423,10.0,0.0010423
ICN/BTC,1529230927791,2018-06-17T10:22:07.791Z,sell,0.00010418,12.0,0.00125016
ICN/BTC,1529230927791,2018-06-17T10:22:07.791Z,sell,0.000104,36.0,0.003744
ICN/BTC,1529230927791,2018-06-17T10:22:07.791Z,sell,0.0001039,500.0,0.05195
ICN/BTC,1529230927791,2018-06-17T10:22:07.791Z,sell,0.00010342,160.0,0.0165471999999999
ICN/BTC,1529230927791,2018-06-17T10:22:07.791Z,sell,0.00010339,10.0,0.0010339
ICN/BTC,1529230927791,2018-06-17T10:22:07.791Z,sell,0.00010321,1563.0,0.16131723
ICN/BTC,1529230927817,2018-06-17T10:22:07.817Z,buy,0.000105,18.0,0.00189
ICN/BTC,1529230927817,2018-06-17T10:22:07.817Z,buy,0.00010577,135.0,0.01427895
ICN/BTC,1529230927820,2018-06-17T10:22:07.820Z,buy,0.00010577,18.0,0.00190386
ICN/BTC,1529230927988,2018-06-17T10:22:07.988Z,sell,0.00010691,192.0,0.02052672
ICN/BTC,1529230927988,2018-06-17T10:22:07.988Z,sell,0.00010547,211.0,0.02225417
ICN/BTC,1529230927988,2018-06-17T10:22:07.988Z,sell,0.00010536,334.0,0.03519024
ICN/BTC,1529230927988,2018-06-17T10:22:07.988Z,sell,0.00010514,693.0,0.07286202
ICN/BTC,1529230927988,2018-06-17T10:22:07.988Z,sell,0.00010486,332.0,0.03481352
ICN/BTC,1529230927988,2018-06-17T10:22:07.988Z,sell,0.00010327,2755.0,0.28450885
ICN/BTC,1529230927988,2018-06-17T10:22:07.988Z,sell,0.00010323,727.0,0.07504821
ICN/BTC,1529230927988,2018-06-17T10:22:07.988Z,sell,0.00010322,426.0,0.04397172
ICN/BTC,1529230927988,2018-06-17T10:22:07.988Z,sell,0.00010321,1739.0,0.1794821899999999
ICN/BTC,1529230928295,2018-06-17T10:22:08.295Z,buy,0.00010534,300.0,0.031602
ICN/BTC,1529230928299,2018-06-17T10:22:08.299Z,buy,0.00010534,300.0,0.031602
ICN/BTC,1529230928305,2018-06-17T10:22:08.305Z,buy,0.00010534,300.0,0.031602
ICN/BTC,1529230928308,2018-06-17T10:22:08.308Z,sell,0.00010472,12.0,0.00125664
ICN/BTC,1529230928321,2018-06-17T10:22:08.321Z,buy,0.00010534,41.0,0.00431894
ICN/BTC,1529230928387,2018-06-17T10:22:08.387Z,buy,0.00010534,473.0,0.04982582
ICN/BTC,1529230928414,2018-06-17T10:22:08.414Z,buy,0.00010534,18.0,0.00189612
ICN/BTC,1529230928415,2018-06-17T10:22:08.415Z,buy,0.00010534,473.0,0.04982582
ICN/BTC,1529230928526,2018-06-17T10:22:08.526Z,buy,0.00010534,849.0,0.08943366
ICN/BTC,1529230928688,2018-06-17T10:22:08.688Z,buy,0.00010534,1.0,0.00010534
ICN/BTC,1529230929185,2018-06-17T10:22:09.185Z,buy,0.00010577,58.0,0.00613466
ICN/BTC,1529230929201,2018-06-17T10:22:09.201Z,buy,0.00010577,114.0,0.01205778
ICN/BTC,1529230929481,2018-06-17T10:22:09.481Z,sell,0.00010534,58.0,0.00610972
ICN/BTC,1529230929748,2018-06-17T10:22:09.748Z,sell,0.00010534,114.0,0.01200876
ICN/BTC,1529230929927,2018-06-17T10:22:09.927Z,buy,0.00010577,35.0,0.00370195
ICN/BTC,1529230929980,2018-06-17T10:22:09.980Z,buy,0.00010577,11.0,0.00116347
ICN/BTC,1529230929998,2018-06-17T10:22:09.998Z,buy,0.00010577,31.0,0.00327887
ICN/BTC,1529230930031,2018-06-17T10:22:10.031Z,buy,0.00010577,60.0,0.0063462
ICN/BTC,1529230930290,2018-06-17T10:22:10.290Z,buy,0.00010577,16.0,0.00169232
ICN/BTC,1529230931036,2018-06-17T10:22:11.036Z,sell,0.00010534,225.0,0.0237015
ICN/BTC,1529230931429,2018-06-17T10:22:11.429Z,buy,0.00010577,367.0,0.03881759
ICN/BTC,1529230931728,2018-06-17T10:22:11.728Z,buy,0.00010587,34.0,0.00359958
ICN/BTC,1529230931965,2018-06-17T10:22:11.965Z,buy,0.00010587,11.0,0.00116457
ICN/BTC,1529230932476,2018-06-17T10:22:12.476Z,buy,0.00010587,34.0,0.00359958
ICN/BTC,1529230932572,2018-06-17T10:22:12.572Z,buy,0.00010618,60.0,0.0063708
ICN/BTC,1529230932839,2018-06-17T10:22:12.839Z,sell,0.00010618,128.0,0.01359104
ICN/BTC,1529230932839,2018-06-17T10:22:12.839Z,sell,0.00010535,73.0,0.00769055
ICN/BTC,1529230933267,2018-06-17T10:22:13.267Z,buy,0.00010619,76.0,0.00807044
ICN/BTC,1529230933904,2018-06-17T10:22:13.904Z,buy,0.00010609,79.0,0.0083811099999999
ICN/BTC,1529230933904,2018-06-17T10:22:13.904Z,buy,0.00010651,64.0,0.00681664
ICN/BTC,1529230935033,2018-06-17T10:22:15.033Z,buy,0.00010641,116.0,0.01234356
ICN/BTC,1529230935040,2018-06-17T10:22:15.040Z,buy,0.00010641,1.0,0.00010641
ICN/BTC,1529230935118,2018-06-17T10:22:15.118Z,buy,0.00010641,116.0,0.01234356
ICN/BTC,1529230935322,2018-06-17T10:22:15.322Z,sell,0.00010609,14.0,0.00148526
ICN/BTC,1529230935358,2018-06-17T10:22:15.358Z,buy,0.00010641,196.0,0.02085636
ICN/BTC,1529230935358,2018-06-17T10:22:15.358Z,buy,0.00010651,116.0,0.0123551599999999
ICN/BTC,1529230935358,2018-06-17T10:22:15.358Z,buy,0.00010676,14.0,0.00149464
ICN/BTC,1529230935358,2018-06-17T10:22:15.358Z,buy,0.00010689,11.0,0.00117579
ICN/BTC,1529230935358,2018-06-17T10:22:15.358Z,buy,0.00010696,222.0,0.02374512
ICN/BTC,1529230935507,2018-06-17T10:22:15.507Z,buy,0.00010696,26.0,0.00278096
ICN/BTC,1529230938643,2018-06-17T10:22:18.643Z,buy,0.00010661,7.0,0.0007462699999999
ICN/BTC,1529230938807,2018-06-17T10:22:18.807Z,buy,0.00010661,7.0,0.0007462699999999
ICN/BTC,1529230941675,2018-06-17T10:22:21.675Z,buy,0.00010661,19.0,0.00202559
ICN/BTC,1529230941901,2018-06-17T10:22:21.901Z,buy,0.00010661,28.0,0.0029850799999999
ICN/BTC,1529230941969,2018-06-17T10:22:21.969Z,buy,0.00010661,21.0,0.00223881
ICN/BTC,1529230942579,2018-06-17T10:22:22.579Z,buy,0.00010662,28.0,0.00298536
ICN/BTC,1529230946507,2018-06-17T10:22:26.507Z,buy,0.00010662,15.0,0.0015993
ICN/BTC,1529230946592,2018-06-17T10:22:26.592Z,buy,0.00010662,28.0,0.00298536
ICN/BTC,1529230946919,2018-06-17T10:22:26.919Z,buy,0.00010662,8.0,0.00085296
ICN/BTC,1529230946919,2018-06-17T10:22:26.919Z,buy,0.00010684,7.0,0.00074788
ICN/BTC,1529230947364,2018-06-17T10:22:27.364Z,buy,0.00010684,15.0,0.0016026
ICN/BTC,1529230948611,2018-06-17T10:22:28.611Z,buy,0.00010638,25.0,0.0026595
ICN/BTC,1529230953729,2018-06-17T10:22:33.729Z,buy,0.00010638,77.0,0.0081912599999999
ICN/BTC,1529230955595,2018-06-17T10:22:35.595Z,buy,0.00010638,90.0,0.0095742
ICN/BTC,1529230956017,2018-06-17T10:22:36.017Z,buy,0.00010638,172.0,0.01829736
ICN/BTC,1529230975102,2018-06-17T10:22:55.102Z,sell,0.00010642,90.0,0.0095778
ICN/BTC,1529230976536,2018-06-17T10:22:56.536Z,sell,0.00010642,52.0,0.00553384
ICN/BTC,1529230978521,2018-06-17T10:22:58.521Z,sell,0.00010646,91.0,0.00968786
ICN/BTC,1529230980074,2018-06-17T10:23:00.074Z,sell,0.00010646,69.0,0.00734574
ICN/BTC,1529230980074,2018-06-17T10:23:00.074Z,sell,0.00010638,90.0,0.0095742
ICN/BTC,1529230980074,2018-06-17T10:23:00.074Z,sell,0.00010624,1.0,0.00010624
ICN/BTC,1529230981505,2018-06-17T10:23:01.505Z,sell,0.0001065,11.0,0.0011715
ICN/BTC,1529230982397,2018-06-17T10:23:02.397Z,sell,0.0001065,14.0,0.001491
ICN/BTC,1529230982956,2018-06-17T10:23:02.956Z,sell,0.0001065,135.0,0.0143775
ICN/BTC,1529230982956,2018-06-17T10:23:02.956Z,sell,0.00010624,13.0,0.00138112
ICN/BTC,1529230983229,2018-06-17T10:23:03.229Z,buy,0.00010657,6.0,0.00063942
ICN/BTC,1529230986041,2018-06-17T10:23:06.041Z,sell,0.00010654,38.0,0.00404852
ICN/BTC,1529230987873,2018-06-17T10:23:07.873Z,sell,0.00010629,180.0,0.0191322
ICN/BTC,1529230987873,2018-06-17T10:23:07.873Z,sell,0.00010628,122.0,0.01296616
ICN/BTC,1529230987873,2018-06-17T10:23:07.873Z,sell,0.00010624,65.0,0.0069056
ICN/BTC,1529230987921,2018-06-17T10:23:07.921Z,buy,0.0001061,29.0,0.0030769
ICN/BTC,1529230987948,2018-06-17T10:23:07.948Z,buy,0.0001061,29.0,0.0030769
ICN/BTC,1529230988106,2018-06-17T10:23:08.106Z,sell,0.00010605,18.0,0.0019089
ICN/BTC,1529230988106,2018-06-17T10:23:08.106Z,sell,0.00010559,37.0,0.00390683
ICN/BTC,1529230988365,2018-06-17T10:23:08.365Z,buy,0.0001061,41.0,0.0043501
