symbol,timestamp,datetime,side,price,amount,btc_volume
ICN/BTC,1536344690173,2018-09-07T18:24:50.173Z,sell,6.238e-05,2.0,0.00012476
ICN/BTC,1536344690173,2018-09-07T18:24:50.173Z,sell,6.2e-05,5.0,0.00031
ICN/BTC,1536344785153,2018-09-07T18:26:25.153Z,buy,6.25e-05,16.0,0.001
ICN/BTC,1536345125942,2018-09-07T18:32:05.942Z,sell,6.213e-05,77.0,0.00478401
ICN/BTC,1536345169740,2018-09-07T18:32:49.740Z,sell,6.213e-05,125.0,0.00776625
ICN/BTC,1536345170185,2018-09-07T18:32:50.185Z,sell,6.213e-05,24.0,0.00149112
ICN/BTC,1536345189212,2018-09-07T18:33:09.212Z,sell,6.2e-05,316.0,0.019592
ICN/BTC,1536345189611,2018-09-07T18:33:09.611Z,sell,6.199e-05,1032.0,0.0639736799999999
ICN/BTC,1536345189611,2018-09-07T18:33:09.611Z,sell,6.198e-05,227.0,0.01406946
ICN/BTC,1536345189611,2018-09-07T18:33:09.611Z,sell,6.196e-05,32.0,0.00198272
ICN/BTC,1536345189611,2018-09-07T18:33:09.611Z,sell,6.162e-05,69.0,0.00425178
ICN/BTC,1536345189611,2018-09-07T18:33:09.611Z,sell,6.151e-05,118.0,0.0072581799999999
ICN/BTC,1536345190733,2018-09-07T18:33:10.733Z,sell,6.152e-05,92.0,0.0056598399999999
ICN/BTC,1536345191746,2018-09-07T18:33:11.746Z,sell,6.152e-05,71.0,0.00436792
ICN/BTC,1536345191746,2018-09-07T18:33:11.746Z,sell,6.151e-05,58.0,0.00356758
ICN/BTC,1536345191746,2018-09-07T18:33:11.746Z,sell,6.145e-05,34.0,0.0020893
ICN/BTC,1536345192576,2018-09-07T18:33:12.576Z,sell,6.135e-05,408.0,0.0250308
ICN/BTC,1536345192992,2018-09-07T18:33:12.992Z,buy,6.138e-05,48.0,0.00294624
ICN/BTC,1536345194075,2018-09-07T18:33:14.075Z,buy,6.138e-05,106.0,0.00650628
ICN/BTC,1536345275923,2018-09-07T18:34:35.923Z,sell,6.125e-05,17.0,0.00104125
ICN/BTC,1536345281058,2018-09-07T18:34:41.058Z,sell,6.125e-05,221.0,0.01353625
ICN/BTC,1536345288147,2018-09-07T18:34:48.147Z,sell,6.125e-05,94.0,0.0057575
ICN/BTC,1536345290111,2018-09-07T18:34:50.111Z,sell,6.126e-05,42.0,0.00257292
ICN/BTC,1536345329339,2018-09-07T18:35:29.339Z,buy,6.141e-05,41.0,0.0025178099999999
ICN/BTC,1536345332742,2018-09-07T18:35:32.742Z,buy,6.138e-05,50.0,0.003069
ICN/BTC,1536345335845,2018-09-07T18:35:35.845Z,sell,6.13e-05,75.0,0.0045975
ICN/BTC,1536345336224,2018-09-07T18:35:36.224Z,sell,6.13e-05,83.0,0.0050879
ICN/BTC,1536345336411,2018-09-07T18:35:36.411Z,sell,6.13e-05,104.0,0.0063752
ICN/BTC,1536345339216,2018-09-07T18:35:39.216Z,sell,6.13e-05,66.0,0.0040458
ICN/BTC,1536345340130,2018-09-07T18:35:40.130Z,sell,6.13e-05,49.0,0.0030036999999999
ICN/BTC,1536345340856,2018-09-07T18:35:40.856Z,sell,6.13e-05,185.0,0.0113405
ICN/BTC,1536345340864,2018-09-07T18:35:40.864Z,sell,6.13e-05,304.0,0.0186352
ICN/BTC,1536345341173,2018-09-07T18:35:41.173Z,buy,6.118e-05,93.0,0.0056897399999999
ICN/BTC,1536345345786,2018-09-07T18:35:45.786Z,buy,6.137e-05,192.0,0.01178304
ICN/BTC,1536345345786,2018-09-07T18:35:45.786Z,buy,6.138e-05,98.0,0.00601524
ICN/BTC,1536345345801,2018-09-07T18:35:45.801Z,buy,6.138e-05,20.0,0.0012276
ICN/BTC,1536345345812,2018-09-07T18:35:45.812Z,buy,6.143e-05,65.0,0.00399295
ICN/BTC,1536345345812,2018-09-07T18:35:45.812Z,buy,6.179e-05,76.0,0.00469604
ICN/BTC,1536345720257,2018-09-07T18:42:00.257Z,sell,6.16e-05,22.0,0.0013552
ICN/BTC,1536347146458,2018-09-07T19:05:46.458Z,sell,6.138e-05,19.0,0.00116622
ICN/BTC,1536347146458,2018-09-07T19:05:46.458Z,sell,6.114e-05,74.0,0.00452436
ICN/BTC,1536347146458,2018-09-07T19:05:46.458Z,sell,6.111e-05,230.0,0.0140553
ICN/BTC,1536347146458,2018-09-07T19:05:46.458Z,sell,6.11e-05,20.0,0.001222
ICN/BTC,1536347146458,2018-09-07T19:05:46.458Z,sell,6.106e-05,52.0,0.00317512
ICN/BTC,1536347146458,2018-09-07T19:05:46.458Z,sell,6.105e-05,2033.0,0.12411465
ICN/BTC,1536347146458,2018-09-07T19:05:46.458Z,sell,6.101e-05,1172.0,0.07150372
ICN/BTC,1536347152077,2018-09-07T19:05:52.077Z,buy,6.162e-05,1.0,6.162e-05
ICN/BTC,1536347161626,2018-09-07T19:06:01.626Z,buy,6.159e-05,24.0,0.00147816
ICN/BTC,1536347175717,2018-09-07T19:06:15.717Z,buy,6.152e-05,230.0,0.0141495999999999
ICN/BTC,1536347175717,2018-09-07T19:06:15.717Z,buy,6.153e-05,170.0,0.0104601
ICN/BTC,1536347184212,2018-09-07T19:06:24.212Z,buy,6.153e-05,100.0,0.006153
ICN/BTC,1536347193700,2018-09-07T19:06:33.700Z,sell,6.114e-05,17.0,0.00103938
ICN/BTC,1536347208517,2018-09-07T19:06:48.517Z,buy,6.153e-05,100.0,0.006153
ICN/BTC,1536347216446,2018-09-07T19:06:56.446Z,buy,6.153e-05,41.0,0.00252273
ICN/BTC,1536347216446,2018-09-07T19:06:56.446Z,buy,6.159e-05,60.0,0.0036953999999999
ICN/BTC,1536347216446,2018-09-07T19:06:56.446Z,buy,6.172e-05,20.0,0.0012344
ICN/BTC,1536347216446,2018-09-07T19:06:56.446Z,buy,6.183e-05,79.0,0.0048845699999999
ICN/BTC,1536347228432,2018-09-07T19:07:08.432Z,buy,6.166e-05,31.0,0.00191146
ICN/BTC,1536347229700,2018-09-07T19:07:09.700Z,buy,6.166e-05,197.0,0.01214702
ICN/BTC,1536347229700,2018-09-07T19:07:09.700Z,buy,6.183e-05,3.0,0.00018549
ICN/BTC,1536347238149,2018-09-07T19:07:18.149Z,buy,6.175e-05,227.0,0.0140172499999999
ICN/BTC,1536347238149,2018-09-07T19:07:18.149Z,buy,6.182e-05,73.0,0.00451286
ICN/BTC,1536347266787,2018-09-07T19:07:46.787Z,sell,6.131e-05,163.0,0.0099935299999999
ICN/BTC,1536347266787,2018-09-07T19:07:46.787Z,sell,6.13e-05,137.0,0.0083981
ICN/BTC,1536347268172,2018-09-07T19:07:48.172Z,buy,6.182e-05,6.0,0.00037092
ICN/BTC,1536347288860,2018-09-07T19:08:08.860Z,sell,6.138e-05,200.0,0.012276
ICN/BTC,1536347317240,2018-09-07T19:08:37.240Z,buy,6.184e-05,1.0,6.184e-05
ICN/BTC,1536347317240,2018-09-07T19:08:37.240Z,buy,6.184e-05,1.0,6.184e-05
ICN/BTC,1536348292913,2018-09-07T19:24:52.913Z,buy,6.175e-05,4.0,0.000247
ICN/BTC,1536348345699,2018-09-07T19:25:45.699Z,sell,6.138e-05,29.0,0.00178002
ICN/BTC,1536348345699,2018-09-07T19:25:45.699Z,sell,6.102e-05,14.0,0.00085428
ICN/BTC,1536349725731,2018-09-07T19:48:45.731Z,buy,6.156e-05,354.0,0.02179224
ICN/BTC,1536350046880,2018-09-07T19:54:06.880Z,sell,6.12e-05,200.0,0.01224
ICN/BTC,1536350057700,2018-09-07T19:54:17.700Z,buy,6.15e-05,1.0,6.15e-05
ICN/BTC,1536350072736,2018-09-07T19:54:32.736Z,sell,6.12e-05,30.0,0.001836
ICN/BTC,1536350072736,2018-09-07T19:54:32.736Z,sell,6.102e-05,112.0,0.00683424
ICN/BTC,1536350072736,2018-09-07T19:54:32.736Z,sell,6.101e-05,358.0,0.02184158
ICN/BTC,1536350082468,2018-09-07T19:54:42.468Z,sell,6.107e-05,200.0,0.012214
ICN/BTC,1536350091099,2018-09-07T19:54:51.099Z,sell,6.107e-05,30.0,0.0018321
ICN/BTC,1536350091099,2018-09-07T19:54:51.099Z,sell,6.101e-05,70.0,0.0042707
ICN/BTC,1536350096884,2018-09-07T19:54:56.884Z,buy,6.144e-05,1.0,6.144e-05
ICN/BTC,1536350332544,2018-09-07T19:58:52.544Z,buy,6.14e-05,2.0,0.0001228
ICN/BTC,1536350471548,2018-09-07T20:01:11.548Z,buy,6.139e-05,108.0,0.0066301199999999
ICN/BTC,1536350824635,2018-09-07T20:07:04.635Z,sell,6.104e-05,230.0,0.0140392
ICN/BTC,1536350824635,2018-09-07T20:07:04.635Z,sell,6.103e-05,18.0,0.0010985399999999
ICN/BTC,1536350824635,2018-09-07T20:07:04.635Z,sell,6.104e-05,230.0,0.0140392
ICN/BTC,1536350824635,2018-09-07T20:07:04.635Z,sell,6.103e-05,18.0,0.0010985399999999
ICN/BTC,1536350946784,2018-09-07T20:09:06.784Z,buy,6.137e-05,3.0,0.00018411
ICN/BTC,1536351190584,2018-09-07T20:13:10.584Z,buy,6.137e-05,17.0,0.00104329
ICN/BTC,1536351383541,2018-09-07T20:16:23.541Z,buy,6.137e-05,46.0,0.00282302
ICN/BTC,1536351453994,2018-09-07T20:17:33.994Z,sell,6.137e-05,24.0,0.00147288
ICN/BTC,1536351491631,2018-09-07T20:18:11.631Z,sell,6.11e-05,3.0,0.0001832999999999
ICN/BTC,1536352093251,2018-09-07T20:28:13.251Z,sell,6.114e-05,17.0,0.00103938
ICN/BTC,1536352097191,2018-09-07T20:28:17.191Z,buy,6.114e-05,18.0,0.00110052
ICN/BTC,1536352116393,2018-09-07T20:28:36.393Z,buy,6.14e-05,3.0,0.0001842
ICN/BTC,1536352494656,2018-09-07T20:34:54.656Z,sell,6.116e-05,127.0,0.00776732
ICN/BTC,1536352994498,2018-09-07T20:43:14.498Z,buy,6.137e-05,26.0,0.00159562
ICN/BTC,1536353177692,2018-09-07T20:46:17.692Z,buy,6.136e-05,128.0,0.00785408
ICN/BTC,1536353311519,2018-09-07T20:48:31.519Z,buy,6.135e-05,45.0,0.00276075
ICN/BTC,1536353312175,2018-09-07T20:48:32.175Z,sell,6.135e-05,32.0,0.0019632
ICN/BTC,1536353312175,2018-09-07T20:48:32.175Z,sell,6.135e-05,32.0,0.0019632
ICN/BTC,1536355528940,2018-09-07T21:25:28.940Z,buy,6.135e-05,1.0,6.135e-05
ICN/BTC,1536356222933,2018-09-07T21:37:02.933Z,sell,6.119e-05,230.0,0.0140737
ICN/BTC,1536356222933,2018-09-07T21:37:02.933Z,sell,6.118e-05,156.0,0.0095440799999999
ICN/BTC,1536356222933,2018-09-07T21:37:02.933Z,sell,6.117e-05,214.0,0.01309038
ICN/BTC,1536356726587,2018-09-07T21:45:26.587Z,buy,6.135e-05,379.0,0.02325165
ICN/BTC,1536356726590,2018-09-07T21:45:26.590Z,buy,6.141e-05,18.0,0.00110538
ICN/BTC,1536356726590,2018-09-07T21:45:26.590Z,buy,6.142e-05,387.0,0.02376954
ICN/BTC,1536356726590,2018-09-07T21:45:26.590Z,buy,6.185e-05,10.0,0.0006185
ICN/BTC,1536356737471,2018-09-07T21:45:37.471Z,sell,6.136e-05,149.0,0.0091426399999999
ICN/BTC,1536356737479,2018-09-07T21:45:37.479Z,sell,6.136e-05,80.0,0.0049088
ICN/BTC,1536356737479,2018-09-07T21:45:37.479Z,sell,6.123e-05,150.0,0.0091845
ICN/BTC,1536356737479,2018-09-07T21:45:37.479Z,sell,6.136e-05,80.0,0.0049088
ICN/BTC,1536356737479,2018-09-07T21:45:37.479Z,sell,6.123e-05,150.0,0.0091845
ICN/BTC,1536357022162,2018-09-07T21:50:22.162Z,buy,6.149e-05,1.0,6.149e-05
ICN/BTC,1536357081085,2018-09-07T21:51:21.085Z,buy,6.149e-05,15.0,0.00092235
ICN/BTC,1536357083344,2018-09-07T21:51:23.344Z,buy,6.149e-05,9.0,0.00055341
ICN/BTC,1536357157872,2018-09-07T21:52:37.872Z,sell,6.13e-05,7.0,0.0004290999999999
ICN/BTC,1536357162303,2018-09-07T21:52:42.303Z,sell,6.13e-05,4.0,0.0002452
ICN/BTC,1536357673654,2018-09-07T22:01:13.654Z,sell,6.133e-05,403.0,0.02471599
ICN/BTC,1536357675654,2018-09-07T22:01:15.654Z,sell,6.132e-05,1233.0,0.07560756
ICN/BTC,1536357676652,2018-09-07T22:01:16.652Z,sell,6.128e-05,351.0,0.02150928
ICN/BTC,1536357735138,2018-09-07T22:02:15.138Z,sell,6.1e-05,2.0,0.000122
ICN/BTC,1536357735936,2018-09-07T22:02:15.936Z,sell,6.1e-05,3.0,0.000183
ICN/BTC,1536357754566,2018-09-07T22:02:34.566Z,sell,6.1e-05,265.0,0.016165
ICN/BTC,1536357756148,2018-09-07T22:02:36.148Z,buy,6.102e-05,63.0,0.00384426
ICN/BTC,1536357757874,2018-09-07T22:02:37.874Z,sell,6.09e-05,20.0,0.001218
ICN/BTC,1536357758323,2018-09-07T22:02:38.323Z,buy,6.09e-05,98.0,0.0059682
ICN/BTC,1536357772717,2018-09-07T22:02:52.717Z,sell,6.09e-05,394.0,0.0239946
ICN/BTC,1536357772717,2018-09-07T22:02:52.717Z,sell,6.083e-05,17.0,0.00103411
ICN/BTC,1536357772717,2018-09-07T22:02:52.717Z,sell,6.08e-05,55.0,0.003344
ICN/BTC,1536357772717,2018-09-07T22:02:52.717Z,sell,6.071e-05,391.0,0.02373761
ICN/BTC,1536357772717,2018-09-07T22:02:52.717Z,sell,6.07e-05,243.0,0.0147501
ICN/BTC,1536357775784,2018-09-07T22:02:55.784Z,buy,6.078e-05,48.0,0.00291744
ICN/BTC,1536357776210,2018-09-07T22:02:56.210Z,buy,6.09e-05,17.0,0.0010353
ICN/BTC,1536357776210,2018-09-07T22:02:56.210Z,buy,6.093e-05,369.0,0.02248317
ICN/BTC,1536357776377,2018-09-07T22:02:56.377Z,buy,6.093e-05,84.0,0.00511812
ICN/BTC,1536357780857,2018-09-07T22:03:00.857Z,buy,6.102e-05,6.0,0.00036612
ICN/BTC,1536357780857,2018-09-07T22:03:00.857Z,buy,6.109e-05,42.0,0.00256578
ICN/BTC,1536357781285,2018-09-07T22:03:01.285Z,buy,6.109e-05,64.0,0.00390976
ICN/BTC,1536357783591,2018-09-07T22:03:03.591Z,buy,6.109e-05,84.0,0.00513156
ICN/BTC,1536357811141,2018-09-07T22:03:31.141Z,sell,6.079e-05,231.0,0.01404249
ICN/BTC,1536357811141,2018-09-07T22:03:31.141Z,sell,6.078e-05,43.0,0.0026135399999999
ICN/BTC,1536357811141,2018-09-07T22:03:31.141Z,sell,6.07e-05,477.0,0.0289538999999999
ICN/BTC,1536357811141,2018-09-07T22:03:31.141Z,sell,6.066e-05,86.0,0.00521676
ICN/BTC,1536357811141,2018-09-07T22:03:31.141Z,sell,6.062e-05,62.0,0.00375844
ICN/BTC,1536357811141,2018-09-07T22:03:31.141Z,sell,6.06e-05,6.0,0.0003636
ICN/BTC,1536357811141,2018-09-07T22:03:31.141Z,sell,6.05e-05,298.0,0.018029
ICN/BTC,1536357815388,2018-09-07T22:03:35.388Z,sell,6.058e-05,3.0,0.00018174
ICN/BTC,1536357815972,2018-09-07T22:03:35.972Z,sell,6.058e-05,2.0,0.00012116
ICN/BTC,1536357816332,2018-09-07T22:03:36.332Z,sell,6.109e-05,27.0,0.00164943
ICN/BTC,1536357828780,2018-09-07T22:03:48.780Z,sell,6.109e-05,7.0,0.00042763
ICN/BTC,1536357828780,2018-09-07T22:03:48.780Z,sell,6.102e-05,230.0,0.0140346
ICN/BTC,1536357828780,2018-09-07T22:03:48.780Z,sell,6.058e-05,19.0,0.00115102
ICN/BTC,1536357828780,2018-09-07T22:03:48.780Z,sell,6.05e-05,548.0,0.033154
ICN/BTC,1536357828801,2018-09-07T22:03:48.801Z,buy,6.05e-05,230.0,0.013915
ICN/BTC,1536357828801,2018-09-07T22:03:48.801Z,buy,6.05e-05,1287.0,0.0778635
ICN/BTC,1536357828808,2018-09-07T22:03:48.808Z,buy,6.05e-05,1463.0,0.0885115
ICN/BTC,1536357828823,2018-09-07T22:03:48.823Z,buy,6.05e-05,128.0,0.007744
ICN/BTC,1536357828836,2018-09-07T22:03:48.836Z,buy,6.05e-05,165.0,0.0099825
ICN/BTC,1536357828846,2018-09-07T22:03:48.846Z,buy,6.05e-05,43.0,0.0026015
ICN/BTC,1536357829084,2018-09-07T22:03:49.084Z,buy,6.05e-05,1379.0,0.0834295
ICN/BTC,1536357829209,2018-09-07T22:03:49.209Z,buy,6.05e-05,697.0,0.0421685
ICN/BTC,1536357829222,2018-09-07T22:03:49.222Z,buy,6.05e-05,697.0,0.0421685
ICN/BTC,1536357829457,2018-09-07T22:03:49.457Z,buy,6.05e-05,313.0,0.0189365
ICN/BTC,1536357829566,2018-09-07T22:03:49.566Z,sell,6.05e-05,216.0,0.013068
ICN/BTC,1536357829822,2018-09-07T22:03:49.822Z,sell,6.05e-05,188.0,0.011374
ICN/BTC,1536357829822,2018-09-07T22:03:49.822Z,sell,6.049e-05,42.0,0.0025405799999999
ICN/BTC,1536357829829,2018-09-07T22:03:49.829Z,buy,6.066e-05,264.0,0.01601424
ICN/BTC,1536357829849,2018-09-07T22:03:49.849Z,buy,6.066e-05,415.0,0.0251739
ICN/BTC,1536357829955,2018-09-07T22:03:49.955Z,buy,6.066e-05,28.0,0.00169848
ICN/BTC,1536357830184,2018-09-07T22:03:50.184Z,buy,6.066e-05,23.0,0.00139518
ICN/BTC,1536357830332,2018-09-07T22:03:50.332Z,buy,6.066e-05,337.0,0.02044242
ICN/BTC,1536357830454,2018-09-07T22:03:50.454Z,buy,6.066e-05,336.0,0.02038176
ICN/BTC,1536357830560,2018-09-07T22:03:50.560Z,buy,6.066e-05,161.0,0.00976626
ICN/BTC,1536357834800,2018-09-07T22:03:54.800Z,buy,6.064e-05,93.0,0.00563952
ICN/BTC,1536357834937,2018-09-07T22:03:54.937Z,buy,6.064e-05,15.0,0.0009096
ICN/BTC,1536357835527,2018-09-07T22:03:55.527Z,buy,6.066e-05,183.0,0.01110078
ICN/BTC,1536357835559,2018-09-07T22:03:55.559Z,sell,6.064e-05,59.0,0.00357776
ICN/BTC,1536357837063,2018-09-07T22:03:57.063Z,buy,6.063e-05,171.0,0.01036773
ICN/BTC,1536357838387,2018-09-07T22:03:58.387Z,buy,6.066e-05,86.0,0.00521676
ICN/BTC,1536357839657,2018-09-07T22:03:59.657Z,buy,6.066e-05,327.0,0.01983582
ICN/BTC,1536357848424,2018-09-07T22:04:08.424Z,sell,6.071e-05,17.0,0.00103207
ICN/BTC,1536357848533,2018-09-07T22:04:08.533Z,sell,6.071e-05,6.0,0.00036426
ICN/BTC,1536357870292,2018-09-07T22:04:30.292Z,sell,6.083e-05,66.0,0.00401478
ICN/BTC,1536357870292,2018-09-07T22:04:30.292Z,sell,6.043e-05,93.0,0.00561999
ICN/BTC,1536357945278,2018-09-07T22:05:45.278Z,sell,6.07e-05,446.0,0.0270721999999999
ICN/BTC,1536357945278,2018-09-07T22:05:45.278Z,sell,6.056e-05,399.0,0.02416344
ICN/BTC,1536357945278,2018-09-07T22:05:45.278Z,sell,6.049e-05,655.0,0.03962095
ICN/BTC,1536357976105,2018-09-07T22:06:16.105Z,sell,6.07e-05,232.0,0.0140824
ICN/BTC,1536357976105,2018-09-07T22:06:16.105Z,sell,6.069e-05,4156.0,0.25222764
ICN/BTC,1536357976388,2018-09-07T22:06:16.388Z,buy,6.069e-05,117.0,0.00710073
ICN/BTC,1536357976679,2018-09-07T22:06:16.679Z,buy,6.069e-05,61.0,0.00370209
ICN/BTC,1536357985130,2018-09-07T22:06:25.130Z,sell,6.052e-05,680.0,0.0411536
ICN/BTC,1536357985130,2018-09-07T22:06:25.130Z,sell,6.049e-05,26.0,0.00157274
ICN/BTC,1536357985130,2018-09-07T22:06:25.130Z,sell,6.043e-05,1195.0,0.07221385
ICN/BTC,1536357985244,2018-09-07T22:06:25.244Z,buy,6.043e-05,111.0,0.00670773
ICN/BTC,1536357986542,2018-09-07T22:06:26.542Z,buy,6.043e-05,1499.0,0.09058457
ICN/BTC,1536357986584,2018-09-07T22:06:26.584Z,buy,6.043e-05,35.0,0.00211505
ICN/BTC,1536357986625,2018-09-07T22:06:26.625Z,buy,6.043e-05,226.0,0.01365718
ICN/BTC,1536357989777,2018-09-07T22:06:29.777Z,buy,6.064e-05,190.0,0.0115216
ICN/BTC,1536357989777,2018-09-07T22:06:29.777Z,buy,6.065e-05,279.0,0.0169213499999999
ICN/BTC,1536357989777,2018-09-07T22:06:29.777Z,buy,6.069e-05,464.0,0.02816016
ICN/BTC,1536357989777,2018-09-07T22:06:29.777Z,buy,6.112e-05,19.0,0.00116128
ICN/BTC,1536357989777,2018-09-07T22:06:29.777Z,buy,6.125e-05,42.0,0.0025725
ICN/BTC,1536357989777,2018-09-07T22:06:29.777Z,buy,6.138e-05,492.0,0.03019896
ICN/BTC,1536357989777,2018-09-07T22:06:29.777Z,buy,6.146e-05,20.0,0.0012292
ICN/BTC,1536357989777,2018-09-07T22:06:29.777Z,buy,6.149e-05,8.0,0.00049192
ICN/BTC,1536357989777,2018-09-07T22:06:29.777Z,buy,6.188e-05,6.0,0.00037128
ICN/BTC,1536357990308,2018-09-07T22:06:30.308Z,sell,6.095e-05,232.0,0.0141404
ICN/BTC,1536357990830,2018-09-07T22:06:30.830Z,sell,6.096e-05,180.0,0.0109728
ICN/BTC,1536358005661,2018-09-07T22:06:45.661Z,sell,6.114e-05,300.0,0.018342
ICN/BTC,1536358012256,2018-09-07T22:06:52.256Z,sell,6.117e-05,1.0,6.117e-05
ICN/BTC,1536358023366,2018-09-07T22:07:03.366Z,sell,6.123e-05,207.0,0.01267461
ICN/BTC,1536358030236,2018-09-07T22:07:10.236Z,sell,6.123e-05,200.0,0.0122459999999999
ICN/BTC,1536358041413,2018-09-07T22:07:21.413Z,sell,6.114e-05,19.0,0.00116166
ICN/BTC,1536358041413,2018-09-07T22:07:21.413Z,sell,6.107e-05,97.0,0.00592379
ICN/BTC,1536358041413,2018-09-07T22:07:21.413Z,sell,6.106e-05,98.0,0.00598388
ICN/BTC,1536358041413,2018-09-07T22:07:21.413Z,sell,6.105e-05,86.0,0.0052503
ICN/BTC,1536358055551,2018-09-07T22:07:35.551Z,sell,6.088e-05,172.0,0.01047136
ICN/BTC,1536358055551,2018-09-07T22:07:35.551Z,sell,6.086e-05,128.0,0.00779008
ICN/BTC,1536358056551,2018-09-07T22:07:36.551Z,buy,6.126e-05,3.0,0.00018378
ICN/BTC,1536358103292,2018-09-07T22:08:23.292Z,sell,6.079e-05,33.0,0.00200607
ICN/BTC,1536358103292,2018-09-07T22:08:23.292Z,sell,6.061e-05,32.0,0.00193952
ICN/BTC,1536358103292,2018-09-07T22:08:23.292Z,sell,6.06e-05,23.0,0.0013938
ICN/BTC,1536358103292,2018-09-07T22:08:23.292Z,sell,6.049e-05,49.0,0.00296401
ICN/BTC,1536358103292,2018-09-07T22:08:23.292Z,sell,6.047e-05,66.0,0.00399102
ICN/BTC,1536358103292,2018-09-07T22:08:23.292Z,sell,6.042e-05,17.0,0.00102714
ICN/BTC,1536358103309,2018-09-07T22:08:23.309Z,buy,6.042e-05,213.0,0.01286946
ICN/BTC,1536358104513,2018-09-07T22:08:24.513Z,sell,6.04e-05,20.0,0.0012079999999999
ICN/BTC,1536358104601,2018-09-07T22:08:24.601Z,buy,6.04e-05,67.0,0.0040468
ICN/BTC,1536358104897,2018-09-07T22:08:24.897Z,buy,6.04e-05,57.0,0.0034427999999999
ICN/BTC,1536358104897,2018-09-07T22:08:24.897Z,buy,6.042e-05,67.0,0.00404814
ICN/BTC,1536358104897,2018-09-07T22:08:24.897Z,buy,6.083e-05,66.0,0.00401478
ICN/BTC,1536358104897,2018-09-07T22:08:24.897Z,buy,6.098e-05,57.0,0.00347586
ICN/BTC,1536358105085,2018-09-07T22:08:25.085Z,buy,6.103e-05,40.0,0.0024411999999999
ICN/BTC,1536358105421,2018-09-07T22:08:25.421Z,sell,6.042e-05,132.0,0.00797544
ICN/BTC,1536358105478,2018-09-07T22:08:25.478Z,buy,6.041e-05,4.0,0.00024164
ICN/BTC,1536358114228,2018-09-07T22:08:34.228Z,buy,6.109e-05,49.0,0.00299341
ICN/BTC,1536358119814,2018-09-07T22:08:39.814Z,sell,6.068e-05,116.0,0.00703888
ICN/BTC,1536358119814,2018-09-07T22:08:39.814Z,sell,6.067e-05,240.0,0.0145608
ICN/BTC,1536358119814,2018-09-07T22:08:39.814Z,sell,6.066e-05,144.0,0.00873504
ICN/BTC,1536358128810,2018-09-07T22:08:48.810Z,sell,6.068e-05,132.0,0.00800976
ICN/BTC,1536358128810,2018-09-07T22:08:48.810Z,sell,6.067e-05,17.0,0.00103139
ICN/BTC,1536358128810,2018-09-07T22:08:48.810Z,sell,6.066e-05,21.0,0.00127386
ICN/BTC,1536358128810,2018-09-07T22:08:48.810Z,sell,6.037e-05,230.0,0.0138851
ICN/BTC,1536358133706,2018-09-07T22:08:53.706Z,sell,6.088e-05,27.0,0.00164376
ICN/BTC,1536358133706,2018-09-07T22:08:53.706Z,sell,6.038e-05,130.0,0.0078494
ICN/BTC,1536358142233,2018-09-07T22:09:02.233Z,sell,6.046e-05,165.0,0.0099759
ICN/BTC,1536358142233,2018-09-07T22:09:02.233Z,sell,6.045e-05,49.0,0.00296205
ICN/BTC,1536358143933,2018-09-07T22:09:03.933Z,buy,6.037e-05,285.0,0.01720545
ICN/BTC,1536358143973,2018-09-07T22:09:03.973Z,buy,6.037e-05,1.0,6.037e-05
ICN/BTC,1536358147194,2018-09-07T22:09:07.194Z,buy,6.103e-05,17.0,0.00103751
ICN/BTC,1536358147194,2018-09-07T22:09:07.194Z,buy,6.104e-05,240.0,0.0146495999999999
ICN/BTC,1536358147194,2018-09-07T22:09:07.194Z,buy,6.105e-05,29.0,0.00177045
ICN/BTC,1536358148239,2018-09-07T22:09:08.239Z,sell,6.044e-05,17.0,0.0010274799999999
ICN/BTC,1536358152458,2018-09-07T22:09:12.458Z,sell,6.065e-05,104.0,0.0063076
ICN/BTC,1536358152458,2018-09-07T22:09:12.458Z,sell,6.045e-05,39.0,0.00235755
ICN/BTC,1536358152458,2018-09-07T22:09:12.458Z,sell,6.044e-05,40.0,0.0024176
ICN/BTC,1536358154551,2018-09-07T22:09:14.551Z,buy,6.043e-05,39.0,0.00235677
ICN/BTC,1536358155421,2018-09-07T22:09:15.421Z,buy,6.044e-05,44.0,0.00265936
ICN/BTC,1536358156298,2018-09-07T22:09:16.298Z,buy,6.044e-05,44.0,0.00265936
ICN/BTC,1536358156420,2018-09-07T22:09:16.420Z,buy,6.044e-05,378.0,0.02284632
ICN/BTC,1536358157029,2018-09-07T22:09:17.029Z,buy,6.044e-05,71.0,0.00429124
ICN/BTC,1536358157304,2018-09-07T22:09:17.304Z,buy,6.044e-05,70.0,0.0042308
ICN/BTC,1536358159514,2018-09-07T22:09:19.514Z,buy,6.044e-05,35.0,0.0021154
ICN/BTC,1536358174066,2018-09-07T22:09:34.066Z,sell,6.031e-05,17.0,0.00102527
ICN/BTC,1536358174687,2018-09-07T22:09:34.687Z,buy,6.033e-05,75.0,0.00452475
ICN/BTC,1536358178542,2018-09-07T22:09:38.542Z,sell,6.03e-05,17.0,0.0010251
ICN/BTC,1536358178688,2018-09-07T22:09:38.688Z,buy,6.031e-05,200.0,0.012062
ICN/BTC,1536358187273,2018-09-07T22:09:47.273Z,sell,6.031e-05,44.0,0.0026536399999999
ICN/BTC,1536358187273,2018-09-07T22:09:47.273Z,sell,6.03e-05,3.0,0.0001809
ICN/BTC,1536358187273,2018-09-07T22:09:47.273Z,sell,6.02e-05,94.0,0.0056588
ICN/BTC,1536358187273,2018-09-07T22:09:47.273Z,sell,6.019e-05,16.0,0.00096304
ICN/BTC,1536358192662,2018-09-07T22:09:52.662Z,buy,6.03e-05,25.0,0.0015075
ICN/BTC,1536358192749,2018-09-07T22:09:52.749Z,buy,6.03e-05,19.0,0.0011457
ICN/BTC,1536358193699,2018-09-07T22:09:53.699Z,buy,6.031e-05,41.0,0.00247271
ICN/BTC,1536358193782,2018-09-07T22:09:53.782Z,buy,6.031e-05,159.0,0.00958929
ICN/BTC,1536358194838,2018-09-07T22:09:54.838Z,buy,6.025e-05,114.0,0.0068685
ICN/BTC,1536358195056,2018-09-07T22:09:55.056Z,sell,6.019e-05,27.0,0.00162513
ICN/BTC,1536358195128,2018-09-07T22:09:55.128Z,buy,6.025e-05,98.0,0.0059045
ICN/BTC,1536358204611,2018-09-07T22:10:04.611Z,buy,6.024e-05,34.0,0.00204816
ICN/BTC,1536358205922,2018-09-07T22:10:05.922Z,buy,6.025e-05,1.0,6.025e-05
ICN/BTC,1536358208785,2018-09-07T22:10:08.785Z,sell,6.026e-05,30.0,0.0018078
ICN/BTC,1536358208785,2018-09-07T22:10:08.785Z,sell,6.025e-05,134.0,0.0080735
ICN/BTC,1536358208785,2018-09-07T22:10:08.785Z,sell,6.013e-05,336.0,0.02020368
ICN/BTC,1536358254997,2018-09-07T22:10:54.997Z,sell,6.019e-05,178.0,0.0107138199999999
ICN/BTC,1536358254997,2018-09-07T22:10:54.997Z,sell,6.018e-05,1229.0,0.07396122
ICN/BTC,1536358255014,2018-09-07T22:10:55.014Z,buy,6.018e-05,593.0,0.03568674
ICN/BTC,1536358266110,2018-09-07T22:11:06.110Z,sell,6.015e-05,27.0,0.00162405
ICN/BTC,1536358266110,2018-09-07T22:11:06.110Z,sell,6.013e-05,341.0,0.02050433
ICN/BTC,1536358266144,2018-09-07T22:11:06.144Z,buy,6.013e-05,44.0,0.00264572
ICN/BTC,1536358266160,2018-09-07T22:11:06.160Z,buy,6.013e-05,88.0,0.00529144
ICN/BTC,1536358270477,2018-09-07T22:11:10.477Z,sell,6.013e-05,1.0,6.013e-05
ICN/BTC,1536358271313,2018-09-07T22:11:11.313Z,sell,6.013e-05,2.0,0.00012026
ICN/BTC,1536358308186,2018-09-07T22:11:48.186Z,sell,6.014e-05,196.0,0.01178744
ICN/BTC,1536358308186,2018-09-07T22:11:48.186Z,sell,6.013e-05,2408.0,0.14479304
ICN/BTC,1536358308203,2018-09-07T22:11:48.203Z,buy,6.013e-05,396.0,0.02381148
ICN/BTC,1536358321380,2018-09-07T22:12:01.380Z,sell,6.015e-05,141.0,0.00848115
ICN/BTC,1536358321396,2018-09-07T22:12:01.396Z,buy,6.013e-05,626.0,0.03764138
ICN/BTC,1536358321413,2018-09-07T22:12:01.413Z,buy,6.013e-05,126.0,0.00757638
ICN/BTC,1536358364481,2018-09-07T22:12:44.481Z,sell,6.01e-05,20.0,0.001202
ICN/BTC,1536358364481,2018-09-07T22:12:44.481Z,sell,6.009e-05,137.0,0.00823233
ICN/BTC,1536358398896,2018-09-07T22:13:18.896Z,sell,6.009e-05,118.0,0.00709062
ICN/BTC,1536358399182,2018-09-07T22:13:19.182Z,buy,6.009e-05,82.0,0.00492738
ICN/BTC,1536358402129,2018-09-07T22:13:22.129Z,buy,6.039e-05,26.0,0.00157014
ICN/BTC,1536358502724,2018-09-07T22:15:02.724Z,sell,6.039e-05,46.0,0.00277794
ICN/BTC,1536358510249,2018-09-07T22:15:10.249Z,buy,6.034e-05,40.0,0.0024136
ICN/BTC,1536358541010,2018-09-07T22:15:41.010Z,buy,6.034e-05,3.0,0.00018102
ICN/BTC,1536358541063,2018-09-07T22:15:41.063Z,buy,6.042e-05,59.0,0.00356478
ICN/BTC,1536358582709,2018-09-07T22:16:22.709Z,buy,6.042e-05,1.0,6.042e-05
ICN/BTC,1536358760231,2018-09-07T22:19:20.231Z,buy,6.042e-05,66.0,0.00398772
ICN/BTC,1536358760910,2018-09-07T22:19:20.910Z,buy,6.043e-05,141.0,0.00852063
ICN/BTC,1536358835915,2018-09-07T22:20:35.915Z,buy,6.044e-05,342.0,0.0206704799999999
ICN/BTC,1536358845314,2018-09-07T22:20:45.314Z,buy,6.071e-05,1.0,6.071e-05
ICN/BTC,1536358897023,2018-09-07T22:21:37.023Z,buy,6.062e-05,9.0,0.0005455799999999
ICN/BTC,1536358898246,2018-09-07T22:21:38.246Z,buy,6.062e-05,15.0,0.0009093
ICN/BTC,1536358994631,2018-09-07T22:23:14.631Z,buy,6.058e-05,46.0,0.00278668
ICN/BTC,1536359142829,2018-09-07T22:25:42.829Z,buy,6.058e-05,235.0,0.0142363
ICN/BTC,1536359143073,2018-09-07T22:25:43.073Z,sell,6.058e-05,1521.0,0.09214218
ICN/BTC,1536359165538,2018-09-07T22:26:05.538Z,buy,6.059e-05,4.0,0.00024236
ICN/BTC,1536359219999,2018-09-07T22:26:59.999Z,buy,6.059e-05,1.0,6.059e-05
ICN/BTC,1536359274932,2018-09-07T22:27:54.932Z,buy,6.059e-05,44.0,0.00266596
ICN/BTC,1536359943326,2018-09-07T22:39:03.326Z,buy,6.057e-05,272.0,0.01647504
ICN/BTC,1536359944080,2018-09-07T22:39:04.080Z,buy,6.058e-05,156.0,0.00945048
ICN/BTC,1536359947203,2018-09-07T22:39:07.203Z,buy,6.059e-05,324.0,0.01963116
ICN/BTC,1536359972255,2018-09-07T22:39:32.255Z,buy,6.058e-05,127.0,0.00769366
ICN/BTC,1536359973208,2018-09-07T22:39:33.208Z,buy,6.059e-05,727.0,0.04404893
ICN/BTC,1536359973282,2018-09-07T22:39:33.282Z,buy,6.06e-05,362.0,0.0219372
ICN/BTC,1536359979154,2018-09-07T22:39:39.154Z,buy,6.061e-05,223.0,0.01351603
ICN/BTC,1536360154625,2018-09-07T22:42:34.625Z,sell,6.04e-05,7.0,0.0004228
ICN/BTC,1536360156974,2018-09-07T22:42:36.974Z,sell,6.04e-05,4.0,0.0002416
ICN/BTC,1536360191507,2018-09-07T22:43:11.507Z,buy,6.061e-05,1.0,6.061e-05
ICN/BTC,1536360191507,2018-09-07T22:43:11.507Z,buy,6.061e-05,1.0,6.061e-05
ICN/BTC,1536360590722,2018-09-07T22:49:50.722Z,buy,6.063e-05,1.0,6.063e-05
ICN/BTC,1536360617649,2018-09-07T22:50:17.649Z,buy,6.063e-05,41.0,0.00248583
ICN/BTC,1536360751830,2018-09-07T22:52:31.830Z,buy,6.062e-05,270.0,0.0163674
ICN/BTC,1536361233223,2018-09-07T23:00:33.223Z,buy,6.062e-05,200.0,0.012124
ICN/BTC,1536361326169,2018-09-07T23:02:06.169Z,sell,6.041e-05,33.0,0.00199353
ICN/BTC,1536361330157,2018-09-07T23:02:10.157Z,sell,6.04e-05,147.0,0.0088788
ICN/BTC,1536361342085,2018-09-07T23:02:22.085Z,sell,6.033e-05,233.0,0.01405689
ICN/BTC,1536361351785,2018-09-07T23:02:31.785Z,sell,6.007e-05,2.0,0.00012014
ICN/BTC,1536361352141,2018-09-07T23:02:32.141Z,sell,6.007e-05,3.0,0.0001802099999999
ICN/BTC,1536361559751,2018-09-07T23:05:59.751Z,buy,6.05e-05,68.0,0.004114
ICN/BTC,1536361629524,2018-09-07T23:07:09.524Z,buy,6.05e-05,6.0,0.000363
ICN/BTC,1536361643908,2018-09-07T23:07:23.908Z,buy,6.05e-05,19.0,0.0011495
ICN/BTC,1536361651651,2018-09-07T23:07:31.651Z,buy,6.05e-05,104.0,0.006292
ICN/BTC,1536361990470,2018-09-07T23:13:10.470Z,sell,6.006e-05,18.0,0.0010810799999999
ICN/BTC,1536361990470,2018-09-07T23:13:10.470Z,sell,6.005e-05,97.0,0.00582485
ICN/BTC,1536362283559,2018-09-07T23:18:03.559Z,buy,6.048e-05,68.0,0.00411264
ICN/BTC,1536362331873,2018-09-07T23:18:51.873Z,sell,6.047e-05,19.0,0.00114893
ICN/BTC,1536363005481,2018-09-07T23:30:05.481Z,sell,6.021e-05,20.0,0.0012042
ICN/BTC,1536363005481,2018-09-07T23:30:05.481Z,sell,6.005e-05,32.0,0.0019216
ICN/BTC,1536363069517,2018-09-07T23:31:09.517Z,sell,6.005e-05,52.0,0.0031226
ICN/BTC,1536363230817,2018-09-07T23:33:50.817Z,buy,6.051e-05,68.0,0.00411468
ICN/BTC,1536363279761,2018-09-07T23:34:39.761Z,sell,6.02e-05,47.0,0.0028294
ICN/BTC,1536363334730,2018-09-07T23:35:34.730Z,sell,6.02e-05,283.0,0.0170366
ICN/BTC,1536363403280,2018-09-07T23:36:43.280Z,sell,6.02e-05,44.0,0.0026487999999999
ICN/BTC,1536363403280,2018-09-07T23:36:43.280Z,sell,6.02e-05,44.0,0.0026487999999999
ICN/BTC,1536364327276,2018-09-07T23:52:07.276Z,sell,6.02e-05,1.0,6.02e-05
ICN/BTC,1536364759572,2018-09-07T23:59:19.572Z,buy,6.041e-05,6.0,0.00036246
ICN/BTC,1536364940083,2018-09-08T00:02:20.083Z,buy,6.022e-05,163.0,0.00981586
ICN/BTC,1536364942977,2018-09-08T00:02:22.977Z,buy,6.022e-05,263.0,0.01583786
ICN/BTC,1536364947928,2018-09-08T00:02:27.928Z,buy,6.022e-05,124.0,0.00746728
ICN/BTC,1536364948419,2018-09-08T00:02:28.419Z,buy,6.022e-05,200.0,0.012044
ICN/BTC,1536364971157,2018-09-08T00:02:51.157Z,buy,6.022e-05,41.0,0.00246902
ICN/BTC,1536365050141,2018-09-08T00:04:10.141Z,buy,6.032e-05,141.0,0.00850512
ICN/BTC,1536365084740,2018-09-08T00:04:44.740Z,sell,6.012e-05,19.0,0.00114228
ICN/BTC,1536365163158,2018-09-08T00:06:03.158Z,buy,6.032e-05,68.0,0.00410176
ICN/BTC,1536365241555,2018-09-08T00:07:21.555Z,buy,6.032e-05,4.0,0.00024128
ICN/BTC,1536365402953,2018-09-08T00:10:02.953Z,buy,6.032e-05,19.0,0.00114608
ICN/BTC,1536365557947,2018-09-08T00:12:37.947Z,buy,6.031e-05,33.0,0.00199023
ICN/BTC,1536365647093,2018-09-08T00:14:07.093Z,buy,6.031e-05,17.0,0.00102527
ICN/BTC,1536365656967,2018-09-08T00:14:16.967Z,buy,6.031e-05,22.0,0.0013268199999999
ICN/BTC,1536366285026,2018-09-08T00:24:45.026Z,buy,6.061e-05,1.0,6.061e-05
ICN/BTC,1536366290175,2018-09-08T00:24:50.175Z,buy,6.061e-05,1.0,6.061e-05
ICN/BTC,1536366290175,2018-09-08T00:24:50.175Z,buy,6.061e-05,1.0,6.061e-05
ICN/BTC,1536368801391,2018-09-08T01:06:41.391Z,buy,6.074e-05,75.0,0.0045555
ICN/BTC,1536368810431,2018-09-08T01:06:50.431Z,buy,6.074e-05,18.0,0.00109332
ICN/BTC,1536368810908,2018-09-08T01:06:50.908Z,sell,6.074e-05,412.0,0.02502488
ICN/BTC,1536368853380,2018-09-08T01:07:33.380Z,buy,6.075e-05,27.0,0.00164025
ICN/BTC,1536368880247,2018-09-08T01:08:00.247Z,sell,6.075e-05,3.0,0.00018225
ICN/BTC,1536369614066,2018-09-08T01:20:14.066Z,sell,6.077e-05,73.0,0.00443621
ICN/BTC,1536369618245,2018-09-08T01:20:18.245Z,sell,6.075e-05,135.0,0.00820125
ICN/BTC,1536369645374,2018-09-08T01:20:45.374Z,sell,6.075e-05,215.0,0.01306125
ICN/BTC,1536369645374,2018-09-08T01:20:45.374Z,sell,6.075e-05,215.0,0.01306125
ICN/BTC,1536370609411,2018-09-08T01:36:49.411Z,sell,6.075e-05,110.0,0.0066825
ICN/BTC,1536371022238,2018-09-08T01:43:42.238Z,buy,6.075e-05,60.0,0.003645
ICN/BTC,1536371022238,2018-09-08T01:43:42.238Z,buy,6.078e-05,124.0,0.0075367199999999
ICN/BTC,1536371734434,2018-09-08T01:55:34.434Z,sell,6.08e-05,400.0,0.02432
ICN/BTC,1536371862385,2018-09-08T01:57:42.385Z,buy,6.08e-05,7.0,0.0004256
ICN/BTC,1536371862385,2018-09-08T01:57:42.385Z,buy,6.08e-05,7.0,0.0004256
ICN/BTC,1536373495920,2018-09-08T02:24:55.920Z,buy,6.076e-05,18.0,0.00109368
ICN/BTC,1536373647010,2018-09-08T02:27:27.010Z,buy,6.076e-05,49.0,0.00297724
ICN/BTC,1536374476354,2018-09-08T02:41:16.354Z,buy,6.076e-05,54.0,0.00328104
ICN/BTC,1536374485107,2018-09-08T02:41:25.107Z,buy,6.076e-05,37.0,0.00224812
ICN/BTC,1536374647863,2018-09-08T02:44:07.863Z,buy,6.076e-05,18.0,0.00109368
ICN/BTC,1536374647863,2018-09-08T02:44:07.863Z,buy,6.079e-05,1.0,6.079e-05
ICN/BTC,1536374650403,2018-09-08T02:44:10.403Z,buy,6.079e-05,34.0,0.00206686
ICN/BTC,1536374691872,2018-09-08T02:44:51.872Z,buy,6.079e-05,23.0,0.00139817
ICN/BTC,1536374708613,2018-09-08T02:45:08.613Z,buy,6.079e-05,17.0,0.00103343
ICN/BTC,1536374818460,2018-09-08T02:46:58.460Z,buy,6.079e-05,23.0,0.00139817
ICN/BTC,1536374861743,2018-09-08T02:47:41.743Z,buy,6.079e-05,20.0,0.0012158
ICN/BTC,1536374894601,2018-09-08T02:48:14.601Z,sell,6.062e-05,18.0,0.0010911599999999
ICN/BTC,1536374894601,2018-09-08T02:48:14.601Z,sell,6.061e-05,80.0,0.0048487999999999
ICN/BTC,1536374918962,2018-09-08T02:48:38.962Z,buy,6.079e-05,17.0,0.00103343
ICN/BTC,1536374918962,2018-09-08T02:48:38.962Z,buy,6.079e-05,17.0,0.00103343
ICN/BTC,1536375875119,2018-09-08T03:04:35.119Z,buy,6.081e-05,1.0,6.081e-05
ICN/BTC,1536376148637,2018-09-08T03:09:08.637Z,buy,6.081e-05,26.0,0.00158106
ICN/BTC,1536377036665,2018-09-08T03:23:56.665Z,sell,6.068e-05,1.0,6.068e-05
ICN/BTC,1536378462927,2018-09-08T03:47:42.927Z,buy,6.081e-05,3.0,0.00018243
ICN/BTC,1536378462927,2018-09-08T03:47:42.927Z,buy,6.081e-05,3.0,0.00018243
ICN/BTC,1536378585480,2018-09-08T03:49:45.480Z,buy,6.084e-05,60.0,0.0036504
ICN/BTC,1536379079028,2018-09-08T03:57:59.028Z,sell,6.068e-05,16.0,0.00097088
ICN/BTC,1536379079893,2018-09-08T03:57:59.893Z,sell,6.061e-05,1586.0,0.09612746
ICN/BTC,1536379082884,2018-09-08T03:58:02.884Z,sell,6.06e-05,410.0,0.024846
ICN/BTC,1536379114335,2018-09-08T03:58:34.335Z,sell,6.05e-05,174.0,0.010527
ICN/BTC,1536379123886,2018-09-08T03:58:43.886Z,sell,6.05e-05,7.0,0.0004235
ICN/BTC,1536379405099,2018-09-08T04:03:25.099Z,sell,6.05e-05,17.0,0.0010285
ICN/BTC,1536379414054,2018-09-08T04:03:34.054Z,sell,6.05e-05,223.0,0.0134915
ICN/BTC,1536379430054,2018-09-08T04:03:50.054Z,buy,6.023e-05,96.0,0.00578208
ICN/BTC,1536379432055,2018-09-08T04:03:52.055Z,buy,6.023e-05,32.0,0.00192736
ICN/BTC,1536379666380,2018-09-08T04:07:46.380Z,sell,6.023e-05,84.0,0.00505932
ICN/BTC,1536379673791,2018-09-08T04:07:53.791Z,sell,6.017e-05,46.0,0.00276782
ICN/BTC,1536379677992,2018-09-08T04:07:57.992Z,sell,6.016e-05,174.0,0.01046784
ICN/BTC,1536379682144,2018-09-08T04:08:02.144Z,buy,6.045e-05,1.0,6.045e-05
ICN/BTC,1536380121925,2018-09-08T04:15:21.925Z,sell,6.006e-05,189.0,0.01135134
ICN/BTC,1536380121925,2018-09-08T04:15:21.925Z,sell,6.005e-05,69.0,0.00414345
ICN/BTC,1536380121925,2018-09-08T04:15:21.925Z,sell,6.002e-05,35.0,0.0021007
ICN/BTC,1536380121925,2018-09-08T04:15:21.925Z,sell,6.001e-05,43.0,0.00258043
ICN/BTC,1536380121925,2018-09-08T04:15:21.925Z,sell,6e-05,1330.0,0.0798
ICN/BTC,1536380121925,2018-09-08T04:15:21.925Z,sell,6e-05,541.0,0.03246
ICN/BTC,1536380122168,2018-09-08T04:15:22.168Z,sell,5.99e-05,37.0,0.0022163
ICN/BTC,1536380122262,2018-09-08T04:15:22.262Z,buy,5.999e-05,33.0,0.00197967
ICN/BTC,1536380122454,2018-09-08T04:15:22.454Z,buy,5.999e-05,144.0,0.00863856
ICN/BTC,1536380122454,2018-09-08T04:15:22.454Z,buy,6e-05,45.0,0.0027
ICN/BTC,1536380123329,2018-09-08T04:15:23.329Z,buy,6e-05,97.0,0.00582
ICN/BTC,1536380123495,2018-09-08T04:15:23.495Z,sell,5.989e-05,25.0,0.0014972499999999
ICN/BTC,1536380123495,2018-09-08T04:15:23.495Z,sell,5.988e-05,207.0,0.01239516
ICN/BTC,1536380123590,2018-09-08T04:15:23.590Z,sell,5.988e-05,163.0,0.00976044
ICN/BTC,1536380125180,2018-09-08T04:15:25.180Z,sell,5.989e-05,229.0,0.01371481
ICN/BTC,1536380132179,2018-09-08T04:15:32.179Z,sell,5.981e-05,122.0,0.00729682
ICN/BTC,1536380132469,2018-09-08T04:15:32.469Z,buy,5.988e-05,67.0,0.00401196
ICN/BTC,1536380134090,2018-09-08T04:15:34.090Z,buy,6e-05,24.0,0.00144
ICN/BTC,1536380134177,2018-09-08T04:15:34.177Z,sell,5.988e-05,45.0,0.0026946
ICN/BTC,1536380136859,2018-09-08T04:15:36.859Z,sell,5.98e-05,20.0,0.001196
ICN/BTC,1536380136859,2018-09-08T04:15:36.859Z,sell,5.974e-05,62.0,0.00370388
ICN/BTC,1536380136859,2018-09-08T04:15:36.859Z,sell,5.973e-05,17.0,0.00101541
ICN/BTC,1536380136859,2018-09-08T04:15:36.859Z,sell,5.97e-05,20.0,0.001194
ICN/BTC,1536380136859,2018-09-08T04:15:36.859Z,sell,5.96e-05,20.0,0.001192
ICN/BTC,1536380136859,2018-09-08T04:15:36.859Z,sell,5.955e-05,8.0,0.0004764
ICN/BTC,1536380136863,2018-09-08T04:15:36.863Z,sell,5.955e-05,26.0,0.0015482999999999
ICN/BTC,1536380136863,2018-09-08T04:15:36.863Z,sell,5.952e-05,247.0,0.01470144
ICN/BTC,1536380136892,2018-09-08T04:15:36.892Z,sell,5.952e-05,157.0,0.00934464
ICN/BTC,1536380136898,2018-09-08T04:15:36.898Z,sell,5.952e-05,69.0,0.00410688
ICN/BTC,1536380136898,2018-09-08T04:15:36.898Z,sell,5.95e-05,20.0,0.00119
ICN/BTC,1536380136898,2018-09-08T04:15:36.898Z,sell,5.94e-05,20.0,0.001188
ICN/BTC,1536380136898,2018-09-08T04:15:36.898Z,sell,5.938e-05,19.0,0.0011282199999999
ICN/BTC,1536380136898,2018-09-08T04:15:36.898Z,sell,5.933e-05,22.0,0.00130526
ICN/BTC,1536380137320,2018-09-08T04:15:37.320Z,buy,5.97e-05,35.0,0.0020895
ICN/BTC,1536380137845,2018-09-08T04:15:37.845Z,buy,5.97e-05,2.0,0.0001194
ICN/BTC,1536380137935,2018-09-08T04:15:37.935Z,buy,6e-05,26.0,0.00156
ICN/BTC,1536380138745,2018-09-08T04:15:38.745Z,sell,5.973e-05,58.0,0.0034643399999999
ICN/BTC,1536380138745,2018-09-08T04:15:38.745Z,sell,5.972e-05,80.0,0.0047776
ICN/BTC,1536380138745,2018-09-08T04:15:38.745Z,sell,5.97e-05,17.0,0.0010149
ICN/BTC,1536380140312,2018-09-08T04:15:40.312Z,sell,5.971e-05,21.0,0.00125391
ICN/BTC,1536380140312,2018-09-08T04:15:40.312Z,sell,5.97e-05,3.0,0.0001791
ICN/BTC,1536380141902,2018-09-08T04:15:41.902Z,buy,6e-05,32.0,0.00192
ICN/BTC,1536380151097,2018-09-08T04:15:51.097Z,buy,6e-05,129.0,0.00774
ICN/BTC,1536380152387,2018-09-08T04:15:52.387Z,buy,6e-05,22.0,0.00132
ICN/BTC,1536380157651,2018-09-08T04:15:57.651Z,buy,6e-05,19.0,0.00114
ICN/BTC,1536380162048,2018-09-08T04:16:02.048Z,buy,5.976e-05,17.0,0.00101592
ICN/BTC,1536380162490,2018-09-08T04:16:02.490Z,buy,5.976e-05,22.0,0.00131472
ICN/BTC,1536380164501,2018-09-08T04:16:04.501Z,sell,5.97e-05,142.0,0.0084774
ICN/BTC,1536380166301,2018-09-08T04:16:06.301Z,buy,5.976e-05,7.0,0.0004183199999999
ICN/BTC,1536380166301,2018-09-08T04:16:06.301Z,buy,5.991e-05,18.0,0.00107838
ICN/BTC,1536380170641,2018-09-08T04:16:10.641Z,buy,5.991e-05,28.0,0.00167748
ICN/BTC,1536380175088,2018-09-08T04:16:15.088Z,buy,5.991e-05,25.0,0.00149775
ICN/BTC,1536380179122,2018-09-08T04:16:19.122Z,buy,5.991e-05,19.0,0.00113829
ICN/BTC,1536380183488,2018-09-08T04:16:23.488Z,buy,5.991e-05,26.0,0.00155766
ICN/BTC,1536380189834,2018-09-08T04:16:29.834Z,buy,5.991e-05,19.0,0.00113829
ICN/BTC,1536380196045,2018-09-08T04:16:36.045Z,sell,5.97e-05,17.0,0.0010149
ICN/BTC,1536380216934,2018-09-08T04:16:56.934Z,sell,5.97e-05,2.0,0.0001194
ICN/BTC,1536380217993,2018-09-08T04:16:57.993Z,sell,5.965e-05,3.0,0.0001789499999999
ICN/BTC,1536380228172,2018-09-08T04:17:08.172Z,buy,5.961e-05,19.0,0.00113259
ICN/BTC,1536380231139,2018-09-08T04:17:11.139Z,buy,5.97e-05,17.0,0.0010149
ICN/BTC,1536380246356,2018-09-08T04:17:26.356Z,sell,5.97e-05,136.0,0.0081192
ICN/BTC,1536380251412,2018-09-08T04:17:31.412Z,buy,6e-05,23.0,0.00138
ICN/BTC,1536380270288,2018-09-08T04:17:50.288Z,buy,6e-05,19.0,0.00114
ICN/BTC,1536380273714,2018-09-08T04:17:53.714Z,buy,6e-05,19.0,0.00114
ICN/BTC,1536380410270,2018-09-08T04:20:10.270Z,buy,5.985e-05,70.0,0.0041895
ICN/BTC,1536380410617,2018-09-08T04:20:10.617Z,buy,5.985e-05,36.0,0.0021546
ICN/BTC,1536380429411,2018-09-08T04:20:29.411Z,sell,5.947e-05,142.0,0.00844474
ICN/BTC,1536380432326,2018-09-08T04:20:32.326Z,sell,5.947e-05,143.0,0.00850421
ICN/BTC,1536380435878,2018-09-08T04:20:35.878Z,buy,5.985e-05,145.0,0.00867825
ICN/BTC,1536380436077,2018-09-08T04:20:36.077Z,buy,5.985e-05,115.0,0.00688275
ICN/BTC,1536380436077,2018-09-08T04:20:36.077Z,buy,6e-05,101.0,0.00606
ICN/BTC,1536380436082,2018-09-08T04:20:36.082Z,buy,6e-05,215.0,0.0129
ICN/BTC,1536380436148,2018-09-08T04:20:36.148Z,buy,6e-05,154.0,0.00924
ICN/BTC,1536380436228,2018-09-08T04:20:36.228Z,buy,6e-05,36.0,0.00216
ICN/BTC,1536380436570,2018-09-08T04:20:36.570Z,buy,6e-05,73.0,0.00438
ICN/BTC,1536380436656,2018-09-08T04:20:36.656Z,buy,6e-05,93.0,0.00558
ICN/BTC,1536380436699,2018-09-08T04:20:36.699Z,buy,6e-05,79.0,0.00474
ICN/BTC,1536380681342,2018-09-08T04:24:41.342Z,buy,6e-05,3.0,0.00018
ICN/BTC,1536381071849,2018-09-08T04:31:11.849Z,buy,6e-05,20.0,0.0012
ICN/BTC,1536381466263,2018-09-08T04:37:46.263Z,buy,6e-05,18.0,0.00108
ICN/BTC,1536381466263,2018-09-08T04:37:46.263Z,buy,6e-05,18.0,0.00108
ICN/BTC,1536382215119,2018-09-08T04:50:15.119Z,buy,6e-05,1.0,6e-05
ICN/BTC,1536382254651,2018-09-08T04:50:54.651Z,buy,6e-05,121.0,0.00726
ICN/BTC,1536382478795,2018-09-08T04:54:38.795Z,buy,6e-05,560.0,0.0336
ICN/BTC,1536382489272,2018-09-08T04:54:49.272Z,buy,6.024e-05,25.0,0.001506
ICN/BTC,1536382493621,2018-09-08T04:54:53.621Z,buy,6.025e-05,82.0,0.0049405
ICN/BTC,1536382507200,2018-09-08T04:55:07.200Z,sell,6.024e-05,162.0,0.00975888
ICN/BTC,1536382518756,2018-09-08T04:55:18.756Z,sell,6.024e-05,12.0,0.00072288
ICN/BTC,1536382519613,2018-09-08T04:55:19.613Z,buy,6.024e-05,141.0,0.0084938399999999
ICN/BTC,1536382690337,2018-09-08T04:58:10.337Z,sell,6.002e-05,186.0,0.01116372
ICN/BTC,1536382690337,2018-09-08T04:58:10.337Z,sell,6e-05,647.0,0.03882
ICN/BTC,1536383282426,2018-09-08T05:08:02.426Z,buy,6.024e-05,1.0,6.024e-05
ICN/BTC,1536384549851,2018-09-08T05:29:09.851Z,buy,6.024e-05,18.0,0.00108432
ICN/BTC,1536384606450,2018-09-08T05:30:06.450Z,buy,6.056e-05,17.0,0.00102952
ICN/BTC,1536384606450,2018-09-08T05:30:06.450Z,buy,6.058e-05,32.0,0.00193856
ICN/BTC,1536384972692,2018-09-08T05:36:12.692Z,buy,6.042e-05,34.0,0.00205428
ICN/BTC,1536384980136,2018-09-08T05:36:20.136Z,sell,6.042e-05,23.0,0.00138966
ICN/BTC,1536384980136,2018-09-08T05:36:20.136Z,sell,6.042e-05,23.0,0.00138966
ICN/BTC,1536385210186,2018-09-08T05:40:10.186Z,buy,6.042e-05,65.0,0.0039273
ICN/BTC,1536385371783,2018-09-08T05:42:51.783Z,buy,6.078e-05,131.0,0.00796218
ICN/BTC,1536386151732,2018-09-08T05:55:51.732Z,sell,6.044e-05,90.0,0.0054396
ICN/BTC,1536386151732,2018-09-08T05:55:51.732Z,sell,6.042e-05,232.0,0.01401744
ICN/BTC,1536386151732,2018-09-08T05:55:51.732Z,sell,6.01e-05,83.0,0.0049882999999999
ICN/BTC,1536386151732,2018-09-08T05:55:51.732Z,sell,6.006e-05,234.0,0.01405404
ICN/BTC,1536386151732,2018-09-08T05:55:51.732Z,sell,6.005e-05,166.0,0.0099683
ICN/BTC,1536386151732,2018-09-08T05:55:51.732Z,sell,6.004e-05,1891.0,0.11353564
ICN/BTC,1536386151732,2018-09-08T05:55:51.732Z,sell,6.001e-05,754.0,0.04524754
ICN/BTC,1536386151732,2018-09-08T05:55:51.732Z,sell,6e-05,4550.0,0.273
ICN/BTC,1536386155315,2018-09-08T05:55:55.315Z,sell,6.004e-05,32.0,0.00192128
ICN/BTC,1536386163127,2018-09-08T05:56:03.127Z,sell,6.007e-05,24.0,0.0014416799999999
ICN/BTC,1536386163127,2018-09-08T05:56:03.127Z,sell,6.005e-05,249.0,0.01495245
ICN/BTC,1536386163127,2018-09-08T05:56:03.127Z,sell,6e-05,2727.0,0.16362
ICN/BTC,1536386658798,2018-09-08T06:04:18.798Z,sell,6e-05,92.0,0.00552
ICN/BTC,1536386875030,2018-09-08T06:07:55.030Z,buy,6.041e-05,1.0,6.041e-05
ICN/BTC,1536387195172,2018-09-08T06:13:15.172Z,sell,6e-05,205.0,0.0123
ICN/BTC,1536387195172,2018-09-08T06:13:15.172Z,sell,5.973e-05,34.0,0.00203082
ICN/BTC,1536387195172,2018-09-08T06:13:15.172Z,sell,5.969e-05,1261.0,0.07526909
ICN/BTC,1536387195172,2018-09-08T06:13:15.172Z,sell,5.968e-05,669.0,0.03992592
ICN/BTC,1536387195172,2018-09-08T06:13:15.172Z,sell,5.942e-05,34.0,0.0020202799999999
ICN/BTC,1536387195172,2018-09-08T06:13:15.172Z,sell,5.933e-05,45.0,0.00266985
ICN/BTC,1536387195172,2018-09-08T06:13:15.172Z,sell,5.93e-05,20.0,0.001186
ICN/BTC,1536387195172,2018-09-08T06:13:15.172Z,sell,5.929e-05,17.0,0.00100793
ICN/BTC,1536387195172,2018-09-08T06:13:15.172Z,sell,5.928e-05,74.0,0.00438672
ICN/BTC,1536387195172,2018-09-08T06:13:15.172Z,sell,5.922e-05,158.0,0.00935676
ICN/BTC,1536387195172,2018-09-08T06:13:15.172Z,sell,5.921e-05,1238.0,0.07330198
ICN/BTC,1536387195172,2018-09-08T06:13:15.172Z,sell,5.92e-05,245.0,0.014504
ICN/BTC,1536387196286,2018-09-08T06:13:16.286Z,buy,5.951e-05,20.0,0.0011902
ICN/BTC,1536387196314,2018-09-08T06:13:16.314Z,buy,5.951e-05,37.0,0.00220187
ICN/BTC,1536387196360,2018-09-08T06:13:16.360Z,buy,5.969e-05,74.0,0.0044170599999999
ICN/BTC,1536387196360,2018-09-08T06:13:16.360Z,buy,5.975e-05,8.0,0.000478
ICN/BTC,1536387196706,2018-09-08T06:13:16.706Z,buy,5.975e-05,103.0,0.00615425
ICN/BTC,1536387213860,2018-09-08T06:13:33.860Z,buy,5.957e-05,23.0,0.00137011
ICN/BTC,1536387214261,2018-09-08T06:13:34.261Z,buy,5.957e-05,36.0,0.00214452
ICN/BTC,1536387214261,2018-09-08T06:13:34.261Z,buy,5.969e-05,23.0,0.00137287
ICN/BTC,1536387227367,2018-09-08T06:13:47.367Z,buy,5.957e-05,287.0,0.01709659
ICN/BTC,1536387246427,2018-09-08T06:14:06.427Z,sell,5.939e-05,18.0,0.00106902
ICN/BTC,1536387247705,2018-09-08T06:14:07.705Z,buy,5.968e-05,93.0,0.00555024
ICN/BTC,1536387271578,2018-09-08T06:14:31.578Z,buy,5.968e-05,34.0,0.0020291199999999
ICN/BTC,1536387278255,2018-09-08T06:14:38.255Z,buy,5.967e-05,249.0,0.01485783
ICN/BTC,1536387278255,2018-09-08T06:14:38.255Z,buy,5.969e-05,233.0,0.01390777
ICN/BTC,1536387278255,2018-09-08T06:14:38.255Z,buy,5.97e-05,262.0,0.0156414
ICN/BTC,1536387344678,2018-09-08T06:15:44.678Z,buy,6.023e-05,166.0,0.0099981799999999
ICN/BTC,1536387344678,2018-09-08T06:15:44.678Z,buy,6.024e-05,9.0,0.00054216
ICN/BTC,1536387433013,2018-09-08T06:17:13.013Z,buy,6.024e-05,8.0,0.00048192
ICN/BTC,1536387434089,2018-09-08T06:17:14.089Z,sell,6.024e-05,67.0,0.00403608
ICN/BTC,1536387437559,2018-09-08T06:17:17.559Z,sell,6.024e-05,307.0,0.01849368
ICN/BTC,1536387439438,2018-09-08T06:17:19.438Z,sell,6.024e-05,57.0,0.00343368
ICN/BTC,1536387576867,2018-09-08T06:19:36.867Z,buy,6.029e-05,131.0,0.00789799
ICN/BTC,1536387681128,2018-09-08T06:21:21.128Z,buy,6.03e-05,82.0,0.0049446
ICN/BTC,1536387726316,2018-09-08T06:22:06.316Z,sell,6.03e-05,93.0,0.0056079
ICN/BTC,1536387754177,2018-09-08T06:22:34.177Z,sell,5.997e-05,103.0,0.00617691
ICN/BTC,1536387780800,2018-09-08T06:23:00.800Z,sell,5.965e-05,120.0,0.007158
ICN/BTC,1536388090435,2018-09-08T06:28:10.435Z,buy,6.011e-05,139.0,0.00835529
ICN/BTC,1536388090435,2018-09-08T06:28:10.435Z,buy,6.012e-05,103.0,0.00619236
ICN/BTC,1536388090435,2018-09-08T06:28:10.435Z,buy,6.016e-05,87.0,0.00523392
ICN/BTC,1536388179501,2018-09-08T06:29:39.501Z,buy,6.016e-05,118.0,0.00709888
ICN/BTC,1536388184302,2018-09-08T06:29:44.302Z,buy,6.016e-05,29.0,0.00174464
ICN/BTC,1536388187252,2018-09-08T06:29:47.252Z,buy,6.025e-05,30.0,0.0018075
ICN/BTC,1536388196536,2018-09-08T06:29:56.536Z,buy,6.025e-05,27.0,0.00162675
ICN/BTC,1536388208199,2018-09-08T06:30:08.199Z,buy,6.025e-05,27.0,0.00162675
ICN/BTC,1536388212383,2018-09-08T06:30:12.383Z,buy,6.025e-05,62.0,0.0037355
ICN/BTC,1536388212383,2018-09-08T06:30:12.383Z,buy,6.025e-05,62.0,0.0037355
ICN/BTC,1536389396936,2018-09-08T06:49:56.936Z,buy,6.025e-05,28.0,0.001687
ICN/BTC,1536389751028,2018-09-08T06:55:51.028Z,buy,6.025e-05,17.0,0.00102425
ICN/BTC,1536389780487,2018-09-08T06:56:20.487Z,sell,5.988e-05,102.0,0.00610776
ICN/BTC,1536389785125,2018-09-08T06:56:25.125Z,buy,5.976e-05,45.0,0.0026891999999999
ICN/BTC,1536389787617,2018-09-08T06:56:27.617Z,sell,5.977e-05,102.0,0.00609654
ICN/BTC,1536389793891,2018-09-08T06:56:33.891Z,buy,5.988e-05,123.0,0.00736524
ICN/BTC,1536389826243,2018-09-08T06:57:06.243Z,sell,5.984e-05,45.0,0.0026928
ICN/BTC,1536390369475,2018-09-08T07:06:09.475Z,buy,6.024e-05,45.0,0.0027107999999999
ICN/BTC,1536390376970,2018-09-08T07:06:16.970Z,buy,6.027e-05,50.0,0.0030134999999999
ICN/BTC,1536390388050,2018-09-08T07:06:28.050Z,sell,5.984e-05,190.0,0.0113696
ICN/BTC,1536390388050,2018-09-08T07:06:28.050Z,sell,5.953e-05,268.0,0.01595404
ICN/BTC,1536390388050,2018-09-08T07:06:28.050Z,sell,5.952e-05,334.0,0.01987968
ICN/BTC,1536390388050,2018-09-08T07:06:28.050Z,sell,5.951e-05,37.0,0.00220187
ICN/BTC,1536390423126,2018-09-08T07:07:03.126Z,buy,5.999e-05,2.0,0.00011998
ICN/BTC,1536390430866,2018-09-08T07:07:10.866Z,buy,5.999e-05,24.0,0.00143976
ICN/BTC,1536390432566,2018-09-08T07:07:12.566Z,buy,5.999e-05,79.0,0.00473921
ICN/BTC,1536390516334,2018-09-08T07:08:36.334Z,buy,5.999e-05,85.0,0.00509915
ICN/BTC,1536390516334,2018-09-08T07:08:36.334Z,buy,6.003e-05,37.0,0.00222111
ICN/BTC,1536390516334,2018-09-08T07:08:36.334Z,buy,6.027e-05,340.0,0.0204917999999999
ICN/BTC,1536390516334,2018-09-08T07:08:36.334Z,buy,6.033e-05,138.0,0.00832554
ICN/BTC,1536390542605,2018-09-08T07:09:02.605Z,buy,6.032e-05,28.0,0.00168896
ICN/BTC,1536390542605,2018-09-08T07:09:02.605Z,buy,6.034e-05,8.0,0.00048272
ICN/BTC,1536390734935,2018-09-08T07:12:14.935Z,buy,6.033e-05,25.0,0.00150825
ICN/BTC,1536390734935,2018-09-08T07:12:14.935Z,buy,6.033e-05,25.0,0.00150825
ICN/BTC,1536392288235,2018-09-08T07:38:08.235Z,buy,6e-05,30.0,0.0018
ICN/BTC,1536392296326,2018-09-08T07:38:16.326Z,buy,6e-05,20.0,0.0012
ICN/BTC,1536392300541,2018-09-08T07:38:20.541Z,buy,6e-05,30.0,0.0018
ICN/BTC,1536392304849,2018-09-08T07:38:24.849Z,buy,6e-05,28.0,0.00168
ICN/BTC,1536392308582,2018-09-08T07:38:28.582Z,buy,6e-05,24.0,0.00144
ICN/BTC,1536392315046,2018-09-08T07:38:35.046Z,buy,6e-05,26.0,0.00156
ICN/BTC,1536392539362,2018-09-08T07:42:19.362Z,buy,6e-05,1.0,6e-05
ICN/BTC,1536392800013,2018-09-08T07:46:40.013Z,buy,5.999e-05,309.0,0.01853691
ICN/BTC,1536392800013,2018-09-08T07:46:40.013Z,buy,6e-05,308.0,0.01848
ICN/BTC,1536392800013,2018-09-08T07:46:40.013Z,buy,6.015e-05,55.0,0.00330825
ICN/BTC,1536392833685,2018-09-08T07:47:13.685Z,buy,6.015e-05,343.0,0.02063145
ICN/BTC,1536392851886,2018-09-08T07:47:31.886Z,buy,6.015e-05,174.0,0.0104660999999999
ICN/BTC,1536392864310,2018-09-08T07:47:44.310Z,buy,6.014e-05,876.0,0.0526826399999999
ICN/BTC,1536392892356,2018-09-08T07:48:12.356Z,buy,6.015e-05,89.0,0.00535335
ICN/BTC,1536393561981,2018-09-08T07:59:21.981Z,buy,6.015e-05,8.0,0.0004812
ICN/BTC,1536394302120,2018-09-08T08:11:42.120Z,buy,6.034e-05,85.0,0.0051289
ICN/BTC,1536394302120,2018-09-08T08:11:42.120Z,buy,6.052e-05,83.0,0.00502316
ICN/BTC,1536394302120,2018-09-08T08:11:42.120Z,buy,6.064e-05,67.0,0.00406288
ICN/BTC,1536394302120,2018-09-08T08:11:42.120Z,buy,6.073e-05,202.0,0.01226746
ICN/BTC,1536394302120,2018-09-08T08:11:42.120Z,buy,6.034e-05,85.0,0.0051289
ICN/BTC,1536394302120,2018-09-08T08:11:42.120Z,buy,6.052e-05,83.0,0.00502316
ICN/BTC,1536394302120,2018-09-08T08:11:42.120Z,buy,6.064e-05,67.0,0.00406288
ICN/BTC,1536394302120,2018-09-08T08:11:42.120Z,buy,6.073e-05,202.0,0.01226746
ICN/BTC,1536395035646,2018-09-08T08:23:55.646Z,buy,6.069e-05,82.0,0.00497658
ICN/BTC,1536395376662,2018-09-08T08:29:36.662Z,buy,6.066e-05,44.0,0.00266904
ICN/BTC,1536396300805,2018-09-08T08:45:00.805Z,buy,6.059e-05,292.0,0.01769228
ICN/BTC,1536396301100,2018-09-08T08:45:01.100Z,buy,6.06e-05,73.0,0.0044238
ICN/BTC,1536397636326,2018-09-08T09:07:16.326Z,sell,6.021e-05,2.0,0.00012042
ICN/BTC,1536397636326,2018-09-08T09:07:16.326Z,sell,6.021e-05,2.0,0.00012042
ICN/BTC,1536398236135,2018-09-08T09:17:16.135Z,buy,6.07e-05,32.0,0.0019424
ICN/BTC,1536398975921,2018-09-08T09:29:35.921Z,buy,6.068e-05,625.0,0.037925
ICN/BTC,1536398976925,2018-09-08T09:29:36.925Z,buy,6.07e-05,757.0,0.0459499
ICN/BTC,1536398976925,2018-09-08T09:29:36.925Z,buy,6.075e-05,230.0,0.0139725
ICN/BTC,1536398978864,2018-09-08T09:29:38.864Z,buy,6.075e-05,197.0,0.01196775
ICN/BTC,1536398979125,2018-09-08T09:29:39.125Z,buy,6.075e-05,101.0,0.00613575
ICN/BTC,1536398980239,2018-09-08T09:29:40.239Z,buy,6.075e-05,51.0,0.00309825
ICN/BTC,1536398980502,2018-09-08T09:29:40.502Z,buy,6.075e-05,26.0,0.0015795
ICN/BTC,1536398981291,2018-09-08T09:29:41.291Z,buy,6.075e-05,28.0,0.001701
ICN/BTC,1536400821193,2018-09-08T10:00:21.193Z,sell,6.079e-05,17.0,0.00103343
ICN/BTC,1536400821193,2018-09-08T10:00:21.193Z,sell,6.075e-05,7.0,0.00042525
ICN/BTC,1536401228555,2018-09-08T10:07:08.555Z,sell,6.075e-05,3.0,0.00018225
ICN/BTC,1536401228555,2018-09-08T10:07:08.555Z,sell,6.075e-05,3.0,0.00018225
ICN/BTC,1536401860919,2018-09-08T10:17:40.919Z,sell,6.075e-05,10.0,0.0006075
ICN/BTC,1536401949797,2018-09-08T10:19:09.797Z,sell,6.075e-05,20.0,0.001215
ICN/BTC,1536402257766,2018-09-08T10:24:17.766Z,sell,6.075e-05,2.0,0.0001215
ICN/BTC,1536402602446,2018-09-08T10:30:02.446Z,sell,6.075e-05,20.0,0.001215
ICN/BTC,1536404398318,2018-09-08T10:59:58.318Z,sell,6.075e-05,28.0,0.001701
ICN/BTC,1536404398318,2018-09-08T10:59:58.318Z,sell,6.075e-05,28.0,0.001701
ICN/BTC,1536405207200,2018-09-08T11:13:27.200Z,buy,6.096e-05,18.0,0.00109728
ICN/BTC,1536405207200,2018-09-08T11:13:27.200Z,buy,6.101e-05,33.0,0.00201333
ICN/BTC,1536405207200,2018-09-08T11:13:27.200Z,buy,6.105e-05,91.0,0.00555555
ICN/BTC,1536405207200,2018-09-08T11:13:27.200Z,buy,6.119e-05,18.0,0.00110142
ICN/BTC,1536405207200,2018-09-08T11:13:27.200Z,buy,6.122e-05,70.0,0.0042854
ICN/BTC,1536405207200,2018-09-08T11:13:27.200Z,buy,6.123e-05,22.0,0.00134706
ICN/BTC,1536405297852,2018-09-08T11:14:57.852Z,sell,6.08e-05,59.0,0.0035872
ICN/BTC,1536405317060,2018-09-08T11:15:17.060Z,sell,6.08e-05,104.0,0.0063232
ICN/BTC,1536405317246,2018-09-08T11:15:17.246Z,sell,6.08e-05,19.0,0.0011552
ICN/BTC,1536405318213,2018-09-08T11:15:18.213Z,sell,6.08e-05,19.0,0.0011552
ICN/BTC,1536405335963,2018-09-08T11:15:35.963Z,sell,6.082e-05,19.0,0.00115558
ICN/BTC,1536405398065,2018-09-08T11:16:38.065Z,buy,6.077e-05,121.0,0.00735317
ICN/BTC,1536405495834,2018-09-08T11:18:15.834Z,sell,6.076e-05,69.0,0.00419244
ICN/BTC,1536405845061,2018-09-08T11:24:05.061Z,sell,6.075e-05,1.0,6.075e-05
ICN/BTC,1536406285204,2018-09-08T11:31:25.204Z,sell,6.075e-05,33.0,0.00200475
ICN/BTC,1536406985963,2018-09-08T11:43:05.963Z,sell,6.075e-05,105.0,0.00637875
ICN/BTC,1536407948942,2018-09-08T11:59:08.942Z,sell,6.075e-05,4.0,0.000243
ICN/BTC,1536407948942,2018-09-08T11:59:08.942Z,sell,6.075e-05,4.0,0.000243
ICN/BTC,1536408426410,2018-09-08T12:07:06.410Z,sell,6.075e-05,1.0,6.075e-05
ICN/BTC,1536408743566,2018-09-08T12:12:23.566Z,sell,6.075e-05,64.0,0.003888
ICN/BTC,1536408822308,2018-09-08T12:13:42.308Z,sell,6.075e-05,600.0,0.0364499999999999
ICN/BTC,1536408848156,2018-09-08T12:14:08.156Z,sell,6.075e-05,441.0,0.02679075
ICN/BTC,1536408848652,2018-09-08T12:14:08.652Z,sell,6.074e-05,38.0,0.00230812
ICN/BTC,1536408849025,2018-09-08T12:14:09.025Z,buy,6.075e-05,81.0,0.00492075
ICN/BTC,1536408849768,2018-09-08T12:14:09.768Z,buy,6.075e-05,42.0,0.0025515
ICN/BTC,1536408863318,2018-09-08T12:14:23.318Z,buy,6.074e-05,56.0,0.00340144
ICN/BTC,1536408864423,2018-09-08T12:14:24.423Z,buy,6.074e-05,16.0,0.00097184
ICN/BTC,1536408864423,2018-09-08T12:14:24.423Z,buy,6.075e-05,13.0,0.00078975
ICN/BTC,1536408880632,2018-09-08T12:14:40.632Z,buy,6.075e-05,29.0,0.00176175
ICN/BTC,1536409080889,2018-09-08T12:18:00.889Z,buy,6.073e-05,25.0,0.00151825
ICN/BTC,1536409087857,2018-09-08T12:18:07.857Z,sell,6.034e-05,166.0,0.01001644
ICN/BTC,1536409088077,2018-09-08T12:18:08.077Z,sell,6.033e-05,18.0,0.00108594
ICN/BTC,1536409090812,2018-09-08T12:18:10.812Z,buy,6.074e-05,81.0,0.00491994
ICN/BTC,1536409091396,2018-09-08T12:18:11.396Z,buy,6.074e-05,42.0,0.00255108
ICN/BTC,1536409095958,2018-09-08T12:18:15.958Z,buy,6.074e-05,42.0,0.00255108
ICN/BTC,1536409397910,2018-09-08T12:23:17.910Z,buy,6.069e-05,718.0,0.04357542
ICN/BTC,1536409398035,2018-09-08T12:23:18.035Z,buy,6.069e-05,627.0,0.03805263
ICN/BTC,1536409398832,2018-09-08T12:23:18.832Z,buy,6.069e-05,153.0,0.00928557
ICN/BTC,1536409464376,2018-09-08T12:24:24.376Z,sell,6.034e-05,58.0,0.00349972
ICN/BTC,1536409478422,2018-09-08T12:24:38.422Z,buy,6.067e-05,188.0,0.01140596
ICN/BTC,1536409852089,2018-09-08T12:30:52.089Z,buy,6.046e-05,1150.0,0.069529
ICN/BTC,1536410213833,2018-09-08T12:36:53.833Z,buy,6.046e-05,273.0,0.01650558
ICN/BTC,1536410213833,2018-09-08T12:36:53.833Z,buy,6.046e-05,273.0,0.01650558
ICN/BTC,1536412077985,2018-09-08T13:07:57.985Z,buy,6.075e-05,1.0,6.075e-05
ICN/BTC,1536413078098,2018-09-08T13:24:38.098Z,buy,6.078e-05,1.0,6.078e-05
ICN/BTC,1536413151690,2018-09-08T13:25:51.690Z,buy,6.078e-05,18.0,0.00109404
ICN/BTC,1536413151690,2018-09-08T13:25:51.690Z,buy,6.078e-05,18.0,0.00109404
ICN/BTC,1536414011712,2018-09-08T13:40:11.712Z,buy,6.078e-05,59.0,0.0035860199999999
ICN/BTC,1536414011712,2018-09-08T13:40:11.712Z,buy,6.079e-05,18.0,0.00109422
ICN/BTC,1536414011712,2018-09-08T13:40:11.712Z,buy,6.089e-05,84.0,0.00511476
ICN/BTC,1536414516385,2018-09-08T13:48:36.385Z,buy,6.089e-05,421.0,0.02563469
ICN/BTC,1536414516385,2018-09-08T13:48:36.385Z,buy,6.111e-05,534.0,0.03263274
ICN/BTC,1536414516385,2018-09-08T13:48:36.385Z,buy,6.112e-05,45.0,0.0027504
ICN/BTC,1536414586141,2018-09-08T13:49:46.141Z,buy,6.102e-05,100.0,0.006102
ICN/BTC,1536415279166,2018-09-08T14:01:19.166Z,sell,6.069e-05,31.0,0.00188139
ICN/BTC,1536415279215,2018-09-08T14:01:19.215Z,sell,6.069e-05,1500.0,0.091035
ICN/BTC,1536415316427,2018-09-08T14:01:56.427Z,buy,6.106e-05,1.0,6.106e-05
ICN/BTC,1536415625715,2018-09-08T14:07:05.715Z,sell,6.07e-05,2.0,0.0001214
ICN/BTC,1536416498770,2018-09-08T14:21:38.770Z,sell,6.066e-05,8.0,0.00048528
ICN/BTC,1536416691666,2018-09-08T14:24:51.666Z,sell,6.065e-05,1.0,6.065e-05
ICN/BTC,1536416691666,2018-09-08T14:24:51.666Z,sell,6.065e-05,1.0,6.065e-05
ICN/BTC,1536417242967,2018-09-08T14:34:02.967Z,sell,6.065e-05,19.0,0.00115235
ICN/BTC,1536417242967,2018-09-08T14:34:02.967Z,sell,6.05e-05,233.0,0.0140965
ICN/BTC,1536418283842,2018-09-08T14:51:23.842Z,buy,6.05e-05,75.0,0.0045375
ICN/BTC,1536418283842,2018-09-08T14:51:23.842Z,buy,6.067e-05,205.0,0.01243735
ICN/BTC,1536419260112,2018-09-08T15:07:40.112Z,buy,6.066e-05,2.0,0.00012132
ICN/BTC,1536419275132,2018-09-08T15:07:55.132Z,buy,6.066e-05,1.0,6.066e-05
ICN/BTC,1536419275132,2018-09-08T15:07:55.132Z,buy,6.066e-05,1.0,6.066e-05
ICN/BTC,1536420299864,2018-09-08T15:24:59.864Z,buy,6.066e-05,1.0,6.066e-05
ICN/BTC,1536420502096,2018-09-08T15:28:22.096Z,sell,6.025e-05,166.0,0.0100015
ICN/BTC,1536420556367,2018-09-08T15:29:16.367Z,sell,6.021e-05,32.0,0.00192672
ICN/BTC,1536420559495,2018-09-08T15:29:19.495Z,buy,6.025e-05,16.0,0.000964
ICN/BTC,1536420580457,2018-09-08T15:29:40.457Z,sell,6.026e-05,328.0,0.01976528
ICN/BTC,1536420596468,2018-09-08T15:29:56.468Z,sell,6.025e-05,349.0,0.02102725
ICN/BTC,1536420614467,2018-09-08T15:30:14.467Z,sell,6.025e-05,19.0,0.00114475
ICN/BTC,1536420758303,2018-09-08T15:32:38.303Z,buy,6.025e-05,554.0,0.0333785
ICN/BTC,1536421024795,2018-09-08T15:37:04.795Z,sell,6.005e-05,199.0,0.01194995
ICN/BTC,1536421448666,2018-09-08T15:44:08.666Z,sell,6.007e-05,17.0,0.00102119
ICN/BTC,1536422349195,2018-09-08T15:59:09.195Z,sell,6.007e-05,1.0,6.007e-05
ICN/BTC,1536422476079,2018-09-08T16:01:16.079Z,sell,6.008e-05,31.0,0.00186248
ICN/BTC,1536422716793,2018-09-08T16:05:16.793Z,sell,6.009e-05,140.0,0.0084126
ICN/BTC,1536422721123,2018-09-08T16:05:21.123Z,buy,6.022e-05,58.0,0.00349276
ICN/BTC,1536422725033,2018-09-08T16:05:25.033Z,buy,6.024e-05,132.0,0.00795168
ICN/BTC,1536422747591,2018-09-08T16:05:47.591Z,buy,6.024e-05,67.0,0.00403608
ICN/BTC,1536422747591,2018-09-08T16:05:47.591Z,buy,6.024e-05,67.0,0.00403608
ICN/BTC,1536422910864,2018-09-08T16:08:30.864Z,buy,6.039e-05,2.0,0.00012078
ICN/BTC,1536423554513,2018-09-08T16:19:14.513Z,buy,6.039e-05,87.0,0.00525393
ICN/BTC,1536423591078,2018-09-08T16:19:51.078Z,buy,6.039e-05,67.0,0.00404613
ICN/BTC,1536423592018,2018-09-08T16:19:52.018Z,sell,6.039e-05,760.0,0.0458964
ICN/BTC,1536423874358,2018-09-08T16:24:34.358Z,buy,6.04e-05,1.0,6.04e-05
ICN/BTC,1536424133103,2018-09-08T16:28:53.103Z,sell,6.039e-05,232.0,0.01401048
ICN/BTC,1536425726261,2018-09-08T16:55:26.261Z,sell,6.039e-05,278.0,0.01678842
ICN/BTC,1536425727317,2018-09-08T16:55:27.317Z,sell,6.039e-05,32.0,0.00193248
ICN/BTC,1536425727381,2018-09-08T16:55:27.381Z,sell,6.039e-05,289.0,0.01745271
ICN/BTC,1536425757156,2018-09-08T16:55:57.156Z,sell,6.039e-05,36.0,0.00217404
ICN/BTC,1536425757212,2018-09-08T16:55:57.212Z,sell,6.039e-05,167.0,0.01008513
ICN/BTC,1536425785065,2018-09-08T16:56:25.065Z,sell,6.029e-05,55.0,0.00331595
ICN/BTC,1536425790501,2018-09-08T16:56:30.501Z,sell,6.029e-05,630.0,0.0379827
ICN/BTC,1536425790566,2018-09-08T16:56:30.566Z,sell,6.029e-05,236.0,0.01422844
ICN/BTC,1536425791095,2018-09-08T16:56:31.095Z,sell,6.029e-05,671.0,0.04045459
ICN/BTC,1536425792356,2018-09-08T16:56:32.356Z,sell,6.028e-05,120.0,0.0072336
ICN/BTC,1536425795231,2018-09-08T16:56:35.231Z,sell,6.028e-05,1127.0,0.0679355599999999
ICN/BTC,1536425803100,2018-09-08T16:56:43.100Z,sell,6.028e-05,262.0,0.01579336
ICN/BTC,1536425817985,2018-09-08T16:56:57.985Z,buy,6.048e-05,20.0,0.0012096
ICN/BTC,1536425836043,2018-09-08T16:57:16.043Z,sell,6.028e-05,20.0,0.0012056
ICN/BTC,1536425836252,2018-09-08T16:57:16.252Z,sell,6.028e-05,129.0,0.00777612
ICN/BTC,1536425866228,2018-09-08T16:57:46.228Z,sell,6.024e-05,41.0,0.00246984
ICN/BTC,1536425867054,2018-09-08T16:57:47.054Z,sell,6.024e-05,20.0,0.0012048
ICN/BTC,1536425867106,2018-09-08T16:57:47.106Z,sell,6.024e-05,564.0,0.0339753599999999
ICN/BTC,1536425882518,2018-09-08T16:58:02.518Z,buy,6.042e-05,27.0,0.00163134
ICN/BTC,1536425904241,2018-09-08T16:58:24.241Z,sell,5.994e-05,167.0,0.01000998
ICN/BTC,1536425904318,2018-09-08T16:58:24.318Z,sell,5.993e-05,235.0,0.0140835499999999
ICN/BTC,1536425912388,2018-09-08T16:58:32.388Z,buy,6.01e-05,2.0,0.0001202
ICN/BTC,1536425967198,2018-09-08T16:59:27.198Z,sell,5.97e-05,31.0,0.0018507
ICN/BTC,1536425968094,2018-09-08T16:59:28.094Z,sell,5.969e-05,34.0,0.00202946
ICN/BTC,1536425968156,2018-09-08T16:59:28.156Z,sell,5.969e-05,465.0,0.02775585
ICN/BTC,1536426040137,2018-09-08T17:00:40.137Z,sell,5.985e-05,24.0,0.0014364
ICN/BTC,1536426059819,2018-09-08T17:00:59.819Z,buy,5.978e-05,28.0,0.00167384
ICN/BTC,1536426073060,2018-09-08T17:01:13.060Z,buy,5.977e-05,25.0,0.00149425
ICN/BTC,1536426076502,2018-09-08T17:01:16.502Z,sell,5.976e-05,20.0,0.0011952
ICN/BTC,1536426115676,2018-09-08T17:01:55.676Z,buy,5.974e-05,27.0,0.00161298
ICN/BTC,1536426128245,2018-09-08T17:02:08.245Z,sell,5.969e-05,20.0,0.0011938
ICN/BTC,1536426138561,2018-09-08T17:02:18.561Z,buy,5.974e-05,177.0,0.01057398
ICN/BTC,1536426143932,2018-09-08T17:02:23.932Z,buy,5.979e-05,259.0,0.01548561
ICN/BTC,1536426192206,2018-09-08T17:03:12.206Z,sell,5.959e-05,132.0,0.00786588
ICN/BTC,1536426203074,2018-09-08T17:03:23.074Z,sell,5.959e-05,53.0,0.00315827
ICN/BTC,1536426204202,2018-09-08T17:03:24.202Z,sell,5.959e-05,155.0,0.00923645
ICN/BTC,1536426209081,2018-09-08T17:03:29.081Z,sell,5.956e-05,71.0,0.00422876
ICN/BTC,1536426272217,2018-09-08T17:04:32.217Z,sell,5.934e-05,18.0,0.0010681199999999
ICN/BTC,1536426305159,2018-09-08T17:05:05.159Z,sell,5.934e-05,2.0,0.00011868
ICN/BTC,1536426305724,2018-09-08T17:05:05.724Z,sell,5.934e-05,1.0,5.934e-05
ICN/BTC,1536426305724,2018-09-08T17:05:05.724Z,sell,5.934e-05,1.0,5.934e-05
ICN/BTC,1536426389964,2018-09-08T17:06:29.964Z,buy,5.935e-05,340.0,0.020179
ICN/BTC,1536426434572,2018-09-08T17:07:14.572Z,buy,5.978e-05,1.0,5.978e-05
ICN/BTC,1536426554927,2018-09-08T17:09:14.927Z,sell,5.934e-05,148.0,0.00878232
ICN/BTC,1536426554927,2018-09-08T17:09:14.927Z,sell,5.933e-05,68.0,0.00403444
ICN/BTC,1536426554927,2018-09-08T17:09:14.927Z,sell,5.932e-05,237.0,0.01405884
ICN/BTC,1536426554927,2018-09-08T17:09:14.927Z,sell,5.93e-05,20.0,0.001186
ICN/BTC,1536426554927,2018-09-08T17:09:14.927Z,sell,5.922e-05,159.0,0.00941598
ICN/BTC,1536426643080,2018-09-08T17:10:43.080Z,sell,5.922e-05,243.0,0.0143904599999999
ICN/BTC,1536426643129,2018-09-08T17:10:43.129Z,sell,5.921e-05,648.0,0.03836808
ICN/BTC,1536426648243,2018-09-08T17:10:48.243Z,buy,5.976e-05,26.0,0.00155376
ICN/BTC,1536426650421,2018-09-08T17:10:50.421Z,buy,5.976e-05,15.0,0.0008964
ICN/BTC,1536426651720,2018-09-08T17:10:51.720Z,buy,5.976e-05,9.0,0.0005378399999999
ICN/BTC,1536426652052,2018-09-08T17:10:52.052Z,sell,5.92e-05,876.0,0.0518592
ICN/BTC,1536426654182,2018-09-08T17:10:54.182Z,sell,5.92e-05,129.0,0.0076368
ICN/BTC,1536426659087,2018-09-08T17:10:59.087Z,sell,5.92e-05,237.0,0.0140304
ICN/BTC,1536426676232,2018-09-08T17:11:16.232Z,sell,5.912e-05,67.0,0.00396104
ICN/BTC,1536426679571,2018-09-08T17:11:19.571Z,sell,5.912e-05,20.0,0.0011824
ICN/BTC,1536426704103,2018-09-08T17:11:44.103Z,buy,5.961e-05,193.0,0.01150473
ICN/BTC,1536426743570,2018-09-08T17:12:23.570Z,buy,5.965e-05,50.0,0.0029825
ICN/BTC,1536426804244,2018-09-08T17:13:24.244Z,buy,5.964e-05,76.0,0.00453264
ICN/BTC,1536426859857,2018-09-08T17:14:19.857Z,buy,5.965e-05,144.0,0.0085896
ICN/BTC,1536426980200,2018-09-08T17:16:20.200Z,buy,5.962e-05,79.0,0.00470998
ICN/BTC,1536426980200,2018-09-08T17:16:20.200Z,buy,5.963e-05,64.0,0.00381632
ICN/BTC,1536426997547,2018-09-08T17:16:37.547Z,sell,5.912e-05,159.0,0.00940008
ICN/BTC,1536426997547,2018-09-08T17:16:37.547Z,sell,5.911e-05,93.0,0.00549723
ICN/BTC,1536427439983,2018-09-08T17:23:59.983Z,sell,5.929e-05,64.0,0.00379456
ICN/BTC,1536427439983,2018-09-08T17:23:59.983Z,sell,5.927e-05,169.0,0.01001663
ICN/BTC,1536427439983,2018-09-08T17:23:59.983Z,sell,5.911e-05,7.0,0.00041377
ICN/BTC,1536427531194,2018-09-08T17:25:31.194Z,buy,5.964e-05,2.0,0.00011928
ICN/BTC,1536427579078,2018-09-08T17:26:19.078Z,sell,5.912e-05,169.0,0.00999128
ICN/BTC,1536427583016,2018-09-08T17:26:23.016Z,buy,5.964e-05,1.0,5.964e-05
ICN/BTC,1536427584195,2018-09-08T17:26:24.195Z,sell,5.911e-05,96.0,0.00567456
ICN/BTC,1536427599583,2018-09-08T17:26:39.583Z,buy,5.964e-05,151.0,0.00900564
ICN/BTC,1536427638146,2018-09-08T17:27:18.146Z,sell,5.911e-05,134.0,0.00792074
ICN/BTC,1536427638213,2018-09-08T17:27:18.213Z,sell,5.91e-05,20.0,0.0011819999999999
ICN/BTC,1536427642052,2018-09-08T17:27:22.052Z,sell,5.911e-05,238.0,0.01406818
ICN/BTC,1536427645069,2018-09-08T17:27:25.069Z,sell,5.907e-05,248.0,0.01464936
ICN/BTC,1536427645118,2018-09-08T17:27:25.118Z,sell,5.906e-05,238.0,0.01405628
ICN/BTC,1536427646074,2018-09-08T17:27:26.074Z,sell,5.905e-05,112.0,0.0066136
ICN/BTC,1536427650506,2018-09-08T17:27:30.506Z,buy,5.958e-05,476.0,0.02836008
ICN/BTC,1536427659758,2018-09-08T17:27:39.758Z,buy,5.957e-05,248.0,0.01477336
ICN/BTC,1536427663615,2018-09-08T17:27:43.615Z,buy,5.955e-05,238.0,0.0141728999999999
ICN/BTC,1536427663615,2018-09-08T17:27:43.615Z,buy,5.956e-05,10.0,0.0005956
ICN/BTC,1536427672173,2018-09-08T17:27:52.173Z,buy,5.948e-05,238.0,0.01415624
ICN/BTC,1536427676518,2018-09-08T17:27:56.518Z,buy,5.949e-05,176.0,0.01047024
ICN/BTC,1536427690106,2018-09-08T17:28:10.106Z,buy,5.95e-05,134.0,0.007973
ICN/BTC,1536427702976,2018-09-08T17:28:22.976Z,buy,5.951e-05,74.0,0.00440374
ICN/BTC,1536427718044,2018-09-08T17:28:38.044Z,buy,5.952e-05,144.0,0.00857088
ICN/BTC,1536427762578,2018-09-08T17:29:22.578Z,sell,5.963e-05,156.0,0.00930228
ICN/BTC,1536427763070,2018-09-08T17:29:23.070Z,buy,5.929e-05,156.0,0.00924924
ICN/BTC,1536427813986,2018-09-08T17:30:13.986Z,buy,5.936e-05,38.0,0.00225568
ICN/BTC,1536427814013,2018-09-08T17:30:14.013Z,sell,5.936e-05,108.0,0.00641088
ICN/BTC,1536427814638,2018-09-08T17:30:14.638Z,sell,5.906e-05,64.0,0.00377984
ICN/BTC,1536427889084,2018-09-08T17:31:29.084Z,sell,5.906e-05,160.0,0.0094496
ICN/BTC,1536427977185,2018-09-08T17:32:57.185Z,sell,5.905e-05,22.0,0.0012991
ICN/BTC,1536427983148,2018-09-08T17:33:03.148Z,sell,5.905e-05,746.0,0.0440513
ICN/BTC,1536427985180,2018-09-08T17:33:05.180Z,buy,5.922e-05,96.0,0.00568512
ICN/BTC,1536427985630,2018-09-08T17:33:05.630Z,buy,5.922e-05,60.0,0.0035532
ICN/BTC,1536427985661,2018-09-08T17:33:05.661Z,sell,5.922e-05,48.0,0.00284256
ICN/BTC,1536427985695,2018-09-08T17:33:05.695Z,sell,5.922e-05,23.0,0.00136206
ICN/BTC,1536427992431,2018-09-08T17:33:12.431Z,buy,5.925e-05,24.0,0.0014219999999999
ICN/BTC,1536427993432,2018-09-08T17:33:13.432Z,buy,5.925e-05,24.0,0.0014219999999999
ICN/BTC,1536427993580,2018-09-08T17:33:13.580Z,buy,5.925e-05,24.0,0.0014219999999999
ICN/BTC,1536427993923,2018-09-08T17:33:13.923Z,buy,5.925e-05,24.0,0.0014219999999999
ICN/BTC,1536427994330,2018-09-08T17:33:14.330Z,buy,5.925e-05,12.0,0.0007109999999999
ICN/BTC,1536427994356,2018-09-08T17:33:14.356Z,sell,5.925e-05,12.0,0.0007109999999999
ICN/BTC,1536428012385,2018-09-08T17:33:32.385Z,sell,5.901e-05,53.0,0.00312753
ICN/BTC,1536428072063,2018-09-08T17:34:32.063Z,sell,5.901e-05,29.0,0.00171129
ICN/BTC,1536428090180,2018-09-08T17:34:50.180Z,buy,5.908e-05,38.0,0.00224504
ICN/BTC,1536428090260,2018-09-08T17:34:50.260Z,buy,5.908e-05,1135.0,0.0670558
ICN/BTC,1536428194427,2018-09-08T17:36:34.427Z,sell,5.902e-05,260.0,0.0153452
ICN/BTC,1536428218265,2018-09-08T17:36:58.265Z,sell,5.902e-05,164.0,0.00967928
ICN/BTC,1536428245752,2018-09-08T17:37:25.752Z,sell,5.901e-05,278.0,0.01640478
ICN/BTC,1536428449763,2018-09-08T17:40:49.763Z,buy,5.908e-05,4156.0,0.2455364799999999
ICN/BTC,1536428538977,2018-09-08T17:42:18.977Z,buy,5.902e-05,1732.0,0.10222264
ICN/BTC,1536428569460,2018-09-08T17:42:49.460Z,buy,5.935e-05,27.0,0.00160245
ICN/BTC,1536428570615,2018-09-08T17:42:50.615Z,sell,5.902e-05,88.0,0.00519376
ICN/BTC,1536428573416,2018-09-08T17:42:53.416Z,buy,5.902e-05,6.0,0.00035412
ICN/BTC,1536428613357,2018-09-08T17:43:33.357Z,buy,5.935e-05,50.0,0.0029675
ICN/BTC,1536428731746,2018-09-08T17:45:31.746Z,buy,5.935e-05,33.0,0.00195855
ICN/BTC,1536428736826,2018-09-08T17:45:36.826Z,sell,5.935e-05,46.0,0.0027301
ICN/BTC,1536428737137,2018-09-08T17:45:37.137Z,sell,5.935e-05,40.0,0.002374
ICN/BTC,1536428737241,2018-09-08T17:45:37.241Z,sell,5.935e-05,25.0,0.00148375
ICN/BTC,1536428737288,2018-09-08T17:45:37.288Z,buy,5.936e-05,33.0,0.00195888
ICN/BTC,1536428737381,2018-09-08T17:45:37.381Z,buy,5.936e-05,21.0,0.00124656
ICN/BTC,1536428737381,2018-09-08T17:45:37.381Z,buy,5.941e-05,4.0,0.00023764
ICN/BTC,1536428752176,2018-09-08T17:45:52.176Z,sell,5.916e-05,86.0,0.00508776
ICN/BTC,1536428760784,2018-09-08T17:46:00.784Z,sell,5.916e-05,85.0,0.0050286
ICN/BTC,1536428760784,2018-09-08T17:46:00.784Z,sell,5.915e-05,116.0,0.0068614
ICN/BTC,1536428761033,2018-09-08T17:46:01.033Z,sell,5.915e-05,55.0,0.00325325
ICN/BTC,1536428778393,2018-09-08T17:46:18.393Z,sell,5.915e-05,28.0,0.0016562
ICN/BTC,1536428792127,2018-09-08T17:46:32.127Z,sell,5.915e-05,36.0,0.0021294
ICN/BTC,1536428792127,2018-09-08T17:46:32.127Z,sell,5.902e-05,1.0,5.902e-05
ICN/BTC,1536428878472,2018-09-08T17:47:58.472Z,buy,5.952e-05,111.0,0.00660672
ICN/BTC,1536428878472,2018-09-08T17:47:58.472Z,buy,5.953e-05,57.0,0.00339321
ICN/BTC,1536428949341,2018-09-08T17:49:09.341Z,sell,5.908e-05,72.0,0.00425376
ICN/BTC,1536429131319,2018-09-08T17:52:11.319Z,buy,5.953e-05,7.0,0.00041671
ICN/BTC,1536429171306,2018-09-08T17:52:51.306Z,sell,5.908e-05,55.0,0.0032494
ICN/BTC,1536429206254,2018-09-08T17:53:26.254Z,sell,5.908e-05,109.0,0.0064397199999999
ICN/BTC,1536429209131,2018-09-08T17:53:29.131Z,buy,5.908e-05,27.0,0.00159516
ICN/BTC,1536429209329,2018-09-08T17:53:29.329Z,buy,5.908e-05,26.0,0.00153608
ICN/BTC,1536429234726,2018-09-08T17:53:54.726Z,buy,5.906e-05,71.0,0.00419326
ICN/BTC,1536429264759,2018-09-08T17:54:24.759Z,buy,5.908e-05,82.0,0.0048445599999999
ICN/BTC,1536429264844,2018-09-08T17:54:24.844Z,buy,5.908e-05,443.0,0.0261724399999999
ICN/BTC,1536429313939,2018-09-08T17:55:13.939Z,buy,5.958e-05,50.0,0.002979
ICN/BTC,1536429365056,2018-09-08T17:56:05.056Z,buy,5.953e-05,677.0,0.04030181
ICN/BTC,1536429365056,2018-09-08T17:56:05.056Z,buy,5.958e-05,425.0,0.0253215
ICN/BTC,1536429365056,2018-09-08T17:56:05.056Z,buy,5.963e-05,556.0,0.03315428
ICN/BTC,1536429365056,2018-09-08T17:56:05.056Z,buy,5.964e-05,156.0,0.0093038399999999
ICN/BTC,1536429365056,2018-09-08T17:56:05.056Z,buy,5.966e-05,334.0,0.01992644
ICN/BTC,1536429365565,2018-09-08T17:56:05.565Z,buy,5.966e-05,27.0,0.00161082
ICN/BTC,1536429368782,2018-09-08T17:56:08.782Z,buy,5.966e-05,1.0,5.966e-05
ICN/BTC,1536429631284,2018-09-08T18:00:31.284Z,sell,5.923e-05,235.0,0.01391905
ICN/BTC,1536429631284,2018-09-08T18:00:31.284Z,sell,5.907e-05,260.0,0.0153582
ICN/BTC,1536429631284,2018-09-08T18:00:31.284Z,sell,5.902e-05,4.0,0.00023608
ICN/BTC,1536429770059,2018-09-08T18:02:50.059Z,sell,5.912e-05,44.0,0.00260128
ICN/BTC,1536429770059,2018-09-08T18:02:50.059Z,sell,5.912e-05,44.0,0.00260128
ICN/BTC,1536430012141,2018-09-08T18:06:52.141Z,buy,5.921e-05,459.0,0.02717739
ICN/BTC,1536430015276,2018-09-08T18:06:55.276Z,buy,5.92e-05,292.0,0.0172864
ICN/BTC,1536430015507,2018-09-08T18:06:55.507Z,sell,5.913e-05,3.0,0.0001773899999999
ICN/BTC,1536430186359,2018-09-08T18:09:46.359Z,buy,5.971e-05,281.0,0.01677851
ICN/BTC,1536430204765,2018-09-08T18:10:04.765Z,buy,5.98e-05,167.0,0.0099866
ICN/BTC,1536430206077,2018-09-08T18:10:06.077Z,buy,6e-05,329.0,0.01974
ICN/BTC,1536430207757,2018-09-08T18:10:07.757Z,buy,6.001e-05,1531.0,0.09187531
ICN/BTC,1536430210560,2018-09-08T18:10:10.560Z,buy,5.987e-05,232.0,0.01388984
ICN/BTC,1536430210560,2018-09-08T18:10:10.560Z,buy,6.003e-05,490.0,0.0294147
ICN/BTC,1536430212794,2018-09-08T18:10:12.794Z,buy,6.003e-05,232.0,0.01392696
ICN/BTC,1536430214681,2018-09-08T18:10:14.681Z,buy,6.009e-05,473.0,0.02842257
ICN/BTC,1536430216879,2018-09-08T18:10:16.879Z,buy,6.019e-05,17.0,0.00102323
ICN/BTC,1536430219523,2018-09-08T18:10:19.523Z,buy,6.051e-05,215.0,0.01300965
ICN/BTC,1536430224501,2018-09-08T18:10:24.501Z,buy,6.051e-05,110.0,0.0066561
ICN/BTC,1536430226821,2018-09-08T18:10:26.821Z,sell,6.051e-05,56.0,0.00338856
ICN/BTC,1536430231287,2018-09-08T18:10:31.287Z,buy,6.051e-05,56.0,0.00338856
ICN/BTC,1536430232681,2018-09-08T18:10:32.681Z,buy,6.051e-05,34.0,0.00205734
ICN/BTC,1536430232681,2018-09-08T18:10:32.681Z,buy,6.052e-05,215.0,0.0130118
ICN/BTC,1536430237115,2018-09-08T18:10:37.115Z,buy,6.052e-05,34.0,0.00205768
ICN/BTC,1536430255514,2018-09-08T18:10:55.514Z,buy,6.054e-05,25.0,0.0015135
ICN/BTC,1536430256278,2018-09-08T18:10:56.278Z,sell,6.054e-05,25.0,0.0015135
ICN/BTC,1536430260497,2018-09-08T18:11:00.497Z,buy,6.055e-05,19.0,0.00115045
ICN/BTC,1536430262587,2018-09-08T18:11:02.587Z,buy,6.061e-05,32.0,0.00193952
ICN/BTC,1536430264389,2018-09-08T18:11:04.389Z,buy,6.062e-05,145.0,0.0087899
ICN/BTC,1536430272350,2018-09-08T18:11:12.350Z,buy,6.062e-05,145.0,0.0087899
ICN/BTC,1536430275988,2018-09-08T18:11:15.988Z,buy,6.062e-05,23.0,0.00139426
ICN/BTC,1536430278189,2018-09-08T18:11:18.189Z,buy,6.064e-05,68.0,0.00412352
ICN/BTC,1536430280353,2018-09-08T18:11:20.353Z,buy,6.065e-05,227.0,0.01376755
ICN/BTC,1536430283175,2018-09-08T18:11:23.175Z,buy,6.065e-05,116.0,0.0070354
ICN/BTC,1536430285963,2018-09-08T18:11:25.963Z,buy,6.064e-05,424.0,0.02571136
ICN/BTC,1536430290011,2018-09-08T18:11:30.011Z,buy,6.065e-05,59.0,0.0035783499999999
ICN/BTC,1536430292319,2018-09-08T18:11:32.319Z,sell,6.065e-05,48.0,0.0029112
ICN/BTC,1536430292327,2018-09-08T18:11:32.327Z,sell,6.065e-05,11.0,0.0006671499999999
ICN/BTC,1536430294393,2018-09-08T18:11:34.393Z,buy,6.063e-05,145.0,0.00879135
ICN/BTC,1536430294393,2018-09-08T18:11:34.393Z,buy,6.065e-05,6.0,0.0003639
ICN/BTC,1536430297392,2018-09-08T18:11:37.392Z,buy,6.063e-05,108.0,0.00654804
ICN/BTC,1536430299793,2018-09-08T18:11:39.793Z,buy,6.065e-05,27.0,0.00163755
ICN/BTC,1536430310792,2018-09-08T18:11:50.792Z,buy,6.066e-05,131.0,0.00794646
ICN/BTC,1536430313506,2018-09-08T18:11:53.506Z,buy,6.069e-05,20.0,0.0012138
ICN/BTC,1536430319053,2018-09-08T18:11:59.053Z,buy,6.069e-05,513.0,0.03113397
ICN/BTC,1536430387952,2018-09-08T18:13:07.952Z,sell,5.981e-05,20.0,0.0011962
ICN/BTC,1536430877524,2018-09-08T18:21:17.524Z,sell,6.013e-05,33.0,0.00198429
ICN/BTC,1536430889420,2018-09-08T18:21:29.420Z,buy,6.07e-05,20.0,0.001214
ICN/BTC,1536430894838,2018-09-08T18:21:34.838Z,buy,6.079e-05,63.0,0.00382977
ICN/BTC,1536430904147,2018-09-08T18:21:44.147Z,buy,6.08e-05,20.0,0.001216
ICN/BTC,1536430908015,2018-09-08T18:21:48.015Z,sell,6.019e-05,42.0,0.00252798
ICN/BTC,1536430910179,2018-09-08T18:21:50.179Z,buy,6.019e-05,29.0,0.00174551
ICN/BTC,1536430910179,2018-09-08T18:21:50.179Z,buy,6.089e-05,3.0,0.00018267
ICN/BTC,1536430912871,2018-09-08T18:21:52.871Z,sell,5.982e-05,171.0,0.01022922
ICN/BTC,1536430926315,2018-09-08T18:22:06.315Z,buy,6.084e-05,83.0,0.00504972
ICN/BTC,1536430939556,2018-09-08T18:22:19.556Z,sell,5.996e-05,32.0,0.00191872
ICN/BTC,1536430941813,2018-09-08T18:22:21.813Z,buy,5.996e-05,14.0,0.00083944
ICN/BTC,1536430943100,2018-09-08T18:22:23.100Z,buy,6.081e-05,171.0,0.01039851
ICN/BTC,1536430944842,2018-09-08T18:22:24.842Z,buy,6.08e-05,62.0,0.0037696
ICN/BTC,1536430947788,2018-09-08T18:22:27.788Z,buy,6.08e-05,12.0,0.0007296
ICN/BTC,1536430947788,2018-09-08T18:22:27.788Z,buy,6.081e-05,62.0,0.00377022
ICN/BTC,1536430949715,2018-09-08T18:22:29.715Z,buy,6.082e-05,177.0,0.01076514
ICN/BTC,1536430952285,2018-09-08T18:22:32.285Z,buy,6.087e-05,145.0,0.00882615
ICN/BTC,1536430954617,2018-09-08T18:22:34.617Z,buy,6.087e-05,145.0,0.00882615
ICN/BTC,1536430954617,2018-09-08T18:22:34.617Z,buy,6.089e-05,82.0,0.00499298
ICN/BTC,1536430961155,2018-09-08T18:22:41.155Z,buy,6.087e-05,61.0,0.0037130699999999
ICN/BTC,1536430964479,2018-09-08T18:22:44.479Z,buy,6.089e-05,186.0,0.01132554
ICN/BTC,1536430966878,2018-09-08T18:22:46.878Z,buy,6.089e-05,186.0,0.01132554
ICN/BTC,1536430983314,2018-09-08T18:23:03.314Z,buy,6.088e-05,50.0,0.003044
ICN/BTC,1536430984115,2018-09-08T18:23:04.115Z,sell,6.033e-05,24.0,0.00144792
ICN/BTC,1536430984115,2018-09-08T18:23:04.115Z,sell,6.032e-05,48.0,0.00289536
ICN/BTC,1536430985157,2018-09-08T18:23:05.157Z,buy,6.087e-05,20.0,0.0012174
ICN/BTC,1536430986678,2018-09-08T18:23:06.678Z,buy,6.087e-05,4.0,0.00024348
ICN/BTC,1536430986678,2018-09-08T18:23:06.678Z,buy,6.088e-05,95.0,0.0057836
ICN/BTC,1536430986689,2018-09-08T18:23:06.689Z,sell,6.088e-05,814.0,0.04955632
ICN/BTC,1536430987598,2018-09-08T18:23:07.598Z,sell,6.034e-05,41.0,0.00247394
ICN/BTC,1536430988065,2018-09-08T18:23:08.065Z,sell,6.033e-05,27.0,0.00162891
ICN/BTC,1536430988065,2018-09-08T18:23:08.065Z,sell,6.032e-05,85.0,0.0051272
ICN/BTC,1536430988659,2018-09-08T18:23:08.659Z,sell,6.032e-05,112.0,0.00675584
ICN/BTC,1536430989400,2018-09-08T18:23:09.400Z,buy,6.085e-05,27.0,0.00164295
ICN/BTC,1536430989400,2018-09-08T18:23:09.400Z,buy,6.086e-05,118.0,0.00718148
ICN/BTC,1536430995151,2018-09-08T18:23:15.151Z,sell,6.031e-05,33.0,0.00199023
ICN/BTC,1536430997227,2018-09-08T18:23:17.227Z,sell,6.03e-05,231.0,0.0139293
ICN/BTC,1536431000752,2018-09-08T18:23:20.752Z,sell,5.998e-05,33.0,0.00197934
ICN/BTC,1536431001271,2018-09-08T18:23:21.271Z,buy,5.998e-05,113.0,0.00677774
ICN/BTC,1536431001894,2018-09-08T18:23:21.894Z,sell,5.997e-05,64.0,0.00383808
ICN/BTC,1536431003054,2018-09-08T18:23:23.054Z,buy,6.064e-05,33.0,0.00200112
ICN/BTC,1536431005720,2018-09-08T18:23:25.720Z,sell,6.007e-05,41.0,0.00246287
ICN/BTC,1536431006146,2018-09-08T18:23:26.146Z,buy,6.007e-05,47.0,0.00282329
ICN/BTC,1536431006272,2018-09-08T18:23:26.272Z,sell,6.031e-05,119.0,0.00717689
ICN/BTC,1536431020905,2018-09-08T18:23:40.905Z,buy,6.004e-05,41.0,0.00246164
ICN/BTC,1536431037964,2018-09-08T18:23:57.964Z,buy,6.003e-05,41.0,0.00246123
ICN/BTC,1536431061841,2018-09-08T18:24:21.841Z,buy,6.004e-05,23.0,0.00138092
ICN/BTC,1536431068563,2018-09-08T18:24:28.563Z,buy,6.006e-05,65.0,0.0039038999999999
ICN/BTC,1536431085216,2018-09-08T18:24:45.216Z,buy,6.021e-05,231.0,0.01390851
ICN/BTC,1536431104338,2018-09-08T18:25:04.338Z,buy,6.03e-05,25.0,0.0015075
ICN/BTC,1536431121143,2018-09-08T18:25:21.143Z,buy,6.057e-05,133.0,0.00805581
ICN/BTC,1536431125986,2018-09-08T18:25:25.986Z,buy,6.058e-05,119.0,0.00720902
ICN/BTC,1536431130675,2018-09-08T18:25:30.675Z,sell,5.997e-05,11.0,0.00065967
ICN/BTC,1536431131363,2018-09-08T18:25:31.363Z,buy,6.058e-05,12.0,0.00072696
ICN/BTC,1536431131363,2018-09-08T18:25:31.363Z,buy,6.064e-05,41.0,0.00248624
ICN/BTC,1536431150864,2018-09-08T18:25:50.864Z,buy,6.066e-05,33.0,0.00200178
ICN/BTC,1536431157923,2018-09-08T18:25:57.923Z,buy,6.07e-05,145.0,0.0088015
ICN/BTC,1536431157923,2018-09-08T18:25:57.923Z,buy,6.083e-05,369.0,0.02244627
ICN/BTC,1536431165676,2018-09-08T18:26:05.676Z,buy,6.083e-05,52.0,0.00316316
ICN/BTC,1536431168763,2018-09-08T18:26:08.763Z,buy,6.083e-05,93.0,0.0056571899999999
ICN/BTC,1536431179042,2018-09-08T18:26:19.042Z,sell,6.018e-05,56.0,0.00337008
ICN/BTC,1536431186129,2018-09-08T18:26:26.129Z,buy,6.075e-05,60.0,0.003645
ICN/BTC,1536431195052,2018-09-08T18:26:35.052Z,buy,6.083e-05,145.0,0.00882035
ICN/BTC,1536431216634,2018-09-08T18:26:56.634Z,buy,6.081e-05,20.0,0.0012162
ICN/BTC,1536431216651,2018-09-08T18:26:56.651Z,sell,6.081e-05,125.0,0.00760125
ICN/BTC,1536431233283,2018-09-08T18:27:13.283Z,sell,6.025e-05,1.0,6.025e-05
ICN/BTC,1536431240306,2018-09-08T18:27:20.306Z,sell,6.079e-05,133.0,0.00808507
ICN/BTC,1536431240369,2018-09-08T18:27:20.369Z,sell,6.079e-05,12.0,0.00072948
ICN/BTC,1536431257557,2018-09-08T18:27:37.557Z,buy,6.08e-05,42.0,0.0025536
ICN/BTC,1536431264436,2018-09-08T18:27:44.436Z,sell,6.031e-05,2.0,0.00012062
ICN/BTC,1536431269624,2018-09-08T18:27:49.624Z,sell,6.031e-05,156.0,0.00940836
ICN/BTC,1536431271160,2018-09-08T18:27:51.160Z,sell,6.031e-05,3.0,0.00018093
ICN/BTC,1536431277479,2018-09-08T18:27:57.479Z,buy,6.081e-05,185.0,0.01124985
ICN/BTC,1536431295845,2018-09-08T18:28:15.845Z,buy,6.083e-05,125.0,0.0076037499999999
ICN/BTC,1536431314972,2018-09-08T18:28:34.972Z,buy,6.088e-05,814.0,0.04955632
ICN/BTC,1536431326468,2018-09-08T18:28:46.468Z,buy,6.09e-05,20.0,0.001218
ICN/BTC,1536431343638,2018-09-08T18:29:03.638Z,buy,6.094e-05,40.0,0.0024376
ICN/BTC,1536431363044,2018-09-08T18:29:23.044Z,buy,6.094e-05,20.0,0.0012188
ICN/BTC,1536431383731,2018-09-08T18:29:43.731Z,buy,6.095e-05,145.0,0.00883775
ICN/BTC,1536431389084,2018-09-08T18:29:49.084Z,sell,6.046e-05,1.0,6.046e-05
ICN/BTC,1536431389094,2018-09-08T18:29:49.094Z,sell,6.046e-05,1.0,6.046e-05
ICN/BTC,1536431393924,2018-09-08T18:29:53.924Z,buy,6.096e-05,145.0,0.0088392
ICN/BTC,1536431403310,2018-09-08T18:30:03.310Z,sell,6.047e-05,330.0,0.0199551
ICN/BTC,1536431411421,2018-09-08T18:30:11.421Z,buy,6.096e-05,145.0,0.0088392
ICN/BTC,1536431412312,2018-09-08T18:30:12.312Z,sell,6.047e-05,456.0,0.02757432
ICN/BTC,1536431415311,2018-09-08T18:30:15.311Z,sell,6.048e-05,28.0,0.0016934399999999
ICN/BTC,1536431429401,2018-09-08T18:30:29.401Z,buy,6.096e-05,145.0,0.0088392
ICN/BTC,1536431447563,2018-09-08T18:30:47.563Z,buy,6.094e-05,42.0,0.00255948
ICN/BTC,1536431458027,2018-09-08T18:30:58.027Z,buy,6.095e-05,66.0,0.0040227
ICN/BTC,1536431475558,2018-09-08T18:31:15.558Z,buy,6.095e-05,145.0,0.00883775
ICN/BTC,1536431504449,2018-09-08T18:31:44.449Z,buy,6.096e-05,67.0,0.00408432
ICN/BTC,1536431522088,2018-09-08T18:32:02.088Z,buy,6.096e-05,145.0,0.0088392
ICN/BTC,1536431538881,2018-09-08T18:32:18.881Z,buy,6.096e-05,145.0,0.0088392
ICN/BTC,1536431554529,2018-09-08T18:32:34.529Z,sell,6.027e-05,531.0,0.0320033699999999
ICN/BTC,1536431554920,2018-09-08T18:32:34.920Z,buy,6.096e-05,145.0,0.0088392
ICN/BTC,1536431556060,2018-09-08T18:32:36.060Z,sell,6.028e-05,292.0,0.01760176
ICN/BTC,1536431556060,2018-09-08T18:32:36.060Z,sell,6.027e-05,761.0,0.04586547
ICN/BTC,1536431557744,2018-09-08T18:32:37.744Z,sell,6.028e-05,24.0,0.0014467199999999
ICN/BTC,1536431574507,2018-09-08T18:32:54.507Z,buy,6.092e-05,325.0,0.019799
ICN/BTC,1536431589712,2018-09-08T18:33:09.712Z,buy,6.092e-05,866.0,0.05275672
ICN/BTC,1536431782244,2018-09-08T18:36:22.244Z,buy,6.094e-05,66.0,0.00402204
ICN/BTC,1536431782244,2018-09-08T18:36:22.244Z,buy,6.095e-05,586.0,0.0357167
ICN/BTC,1536431782258,2018-09-08T18:36:22.258Z,sell,6.095e-05,168.0,0.0102396
ICN/BTC,1536431828180,2018-09-08T18:37:08.180Z,sell,6.06e-05,22.0,0.0013332
ICN/BTC,1536431862907,2018-09-08T18:37:42.907Z,sell,6.061e-05,1997.0,0.12103817
ICN/BTC,1536431884083,2018-09-08T18:38:04.083Z,sell,6.062e-05,288.0,0.0174585599999999
ICN/BTC,1536431884918,2018-09-08T18:38:04.918Z,sell,6.062e-05,133.0,0.00806246
ICN/BTC,1536431884992,2018-09-08T18:38:04.992Z,sell,6.062e-05,125.0,0.0075775
ICN/BTC,1536431885487,2018-09-08T18:38:05.487Z,sell,6.062e-05,8199.0,0.49702338
ICN/BTC,1536431891180,2018-09-08T18:38:11.180Z,sell,6.062e-05,119.0,0.0072137799999999
ICN/BTC,1536432115264,2018-09-08T18:41:55.264Z,sell,6.034e-05,3.0,0.00018102
ICN/BTC,1536432445875,2018-09-08T18:47:25.875Z,sell,6.062e-05,23.0,0.00139426
ICN/BTC,1536432446629,2018-09-08T18:47:26.629Z,buy,6.062e-05,433.0,0.02624846
ICN/BTC,1536432450873,2018-09-08T18:47:30.873Z,sell,6.058e-05,15.0,0.0009087
ICN/BTC,1536432568855,2018-09-08T18:49:28.855Z,sell,6.032e-05,3.0,0.00018096
ICN/BTC,1536432604606,2018-09-08T18:50:04.606Z,sell,6.033e-05,310.0,0.0187023
ICN/BTC,1536432994989,2018-09-08T18:56:34.989Z,buy,6.069e-05,260.0,0.0157794
ICN/BTC,1536432994989,2018-09-08T18:56:34.989Z,buy,6.069e-05,260.0,0.0157794
ICN/BTC,1536433407140,2018-09-08T19:03:27.140Z,sell,6.027e-05,11.0,0.0006629699999999
ICN/BTC,1536433698999,2018-09-08T19:08:18.999Z,sell,6.029e-05,9.0,0.00054261
ICN/BTC,1536434095068,2018-09-08T19:14:55.068Z,sell,6.037e-05,64.0,0.00386368
ICN/BTC,1536434098734,2018-09-08T19:14:58.734Z,sell,6.037e-05,470.0,0.0283739
ICN/BTC,1536434098734,2018-09-08T19:14:58.734Z,sell,6.037e-05,455.0,0.02746835
ICN/BTC,1536434193250,2018-09-08T19:16:33.250Z,buy,6.04e-05,2172.0,0.1311888
ICN/BTC,1536434194501,2018-09-08T19:16:34.501Z,sell,6.04e-05,517.0,0.0312268
ICN/BTC,1536434625138,2018-09-08T19:23:45.138Z,sell,6.011e-05,133.0,0.0079946299999999
ICN/BTC,1536434629080,2018-09-08T19:23:49.080Z,sell,6.012e-05,1056.0,0.06348672
ICN/BTC,1536434633276,2018-09-08T19:23:53.276Z,sell,6.012e-05,1797.0,0.10803564
ICN/BTC,1536434638087,2018-09-08T19:23:58.087Z,sell,6.01e-05,21.0,0.0012621
ICN/BTC,1536434749253,2018-09-08T19:25:49.253Z,sell,6.018e-05,145.0,0.0087261
ICN/BTC,1536434904368,2018-09-08T19:28:24.368Z,sell,6.023e-05,125.0,0.00752875
ICN/BTC,1536434933063,2018-09-08T19:28:53.063Z,sell,6.024e-05,20.0,0.0012048
ICN/BTC,1536435034034,2018-09-08T19:30:34.034Z,sell,6.026e-05,26.0,0.00156676
ICN/BTC,1536435983638,2018-09-08T19:46:23.638Z,sell,6.038e-05,19.0,0.00114722
ICN/BTC,1536436012265,2018-09-08T19:46:52.265Z,sell,6.038e-05,383.0,0.02312554
ICN/BTC,1536436014164,2018-09-08T19:46:54.164Z,sell,6.038e-05,102.0,0.00615876
ICN/BTC,1536436014228,2018-09-08T19:46:54.228Z,sell,6.038e-05,1270.0,0.0766826
ICN/BTC,1536436017201,2018-09-08T19:46:57.201Z,sell,6.038e-05,1070.0,0.0646066
ICN/BTC,1536436019357,2018-09-08T19:46:59.357Z,sell,6.037e-05,7.0,0.00042259
ICN/BTC,1536436022077,2018-09-08T19:47:02.077Z,sell,6.037e-05,125.0,0.00754625
ICN/BTC,1536436022737,2018-09-08T19:47:02.737Z,sell,6.032e-05,4.0,0.00024128
ICN/BTC,1536436036092,2018-09-08T19:47:16.092Z,sell,6.032e-05,368.0,0.02219776
ICN/BTC,1536436038175,2018-09-08T19:47:18.175Z,sell,6.031e-05,261.0,0.01574091
ICN/BTC,1536436356773,2018-09-08T19:52:36.773Z,sell,6.019e-05,39.0,0.00234741
ICN/BTC,1536436356773,2018-09-08T19:52:36.773Z,sell,6.018e-05,249.0,0.01498482
ICN/BTC,1536436356773,2018-09-08T19:52:36.773Z,sell,6.015e-05,149.0,0.00896235
ICN/BTC,1536436418551,2018-09-08T19:53:38.551Z,sell,6.015e-05,3.0,0.00018045
ICN/BTC,1536436435658,2018-09-08T19:53:55.658Z,sell,6.015e-05,77.0,0.00463155
ICN/BTC,1536436436697,2018-09-08T19:53:56.697Z,sell,6.014e-05,39.0,0.0023454599999999
ICN/BTC,1536436439071,2018-09-08T19:53:59.071Z,sell,6.014e-05,1810.0,0.1088533999999999
ICN/BTC,1536436565925,2018-09-08T19:56:05.925Z,sell,6.011e-05,2.0,0.00012022
ICN/BTC,1536436565925,2018-09-08T19:56:05.925Z,sell,6.011e-05,2.0,0.00012022
ICN/BTC,1536436752398,2018-09-08T19:59:12.398Z,sell,6.011e-05,18.0,0.00108198
ICN/BTC,1536436755015,2018-09-08T19:59:15.015Z,sell,6.011e-05,20.0,0.0012022
ICN/BTC,1536437326293,2018-09-08T20:08:46.293Z,sell,6.011e-05,57.0,0.00342627
ICN/BTC,1536437376379,2018-09-08T20:09:36.379Z,buy,6.037e-05,82.0,0.00495034
ICN/BTC,1536438059248,2018-09-08T20:20:59.248Z,sell,6.01e-05,305.0,0.0183305
ICN/BTC,1536438060748,2018-09-08T20:21:00.748Z,sell,6.01e-05,229.0,0.0137629
ICN/BTC,1536438062257,2018-09-08T20:21:02.257Z,sell,6.01e-05,41.0,0.0024641
ICN/BTC,1536438077238,2018-09-08T20:21:17.238Z,sell,6.011e-05,27.0,0.00162297
ICN/BTC,1536438084174,2018-09-08T20:21:24.174Z,sell,6.011e-05,106.0,0.0063716599999999
ICN/BTC,1536438084759,2018-09-08T20:21:24.759Z,sell,6.01e-05,341.0,0.0204940999999999
ICN/BTC,1536438086078,2018-09-08T20:21:26.078Z,sell,6.011e-05,37.0,0.00222407
ICN/BTC,1536438087225,2018-09-08T20:21:27.225Z,sell,6.01e-05,263.0,0.0158063
ICN/BTC,1536438110305,2018-09-08T20:21:50.305Z,sell,6.01e-05,30.0,0.001803
ICN/BTC,1536438113097,2018-09-08T20:21:53.097Z,sell,6.01e-05,44.0,0.0026444
ICN/BTC,1536438116068,2018-09-08T20:21:56.068Z,sell,6.01e-05,457.0,0.0274657
ICN/BTC,1536438172195,2018-09-08T20:22:52.195Z,sell,6.01e-05,18.0,0.0010818
ICN/BTC,1536438200292,2018-09-08T20:23:20.292Z,sell,6.01e-05,171.0,0.0102770999999999
ICN/BTC,1536438201207,2018-09-08T20:23:21.207Z,sell,6.01e-05,55.0,0.0033055
ICN/BTC,1536438201259,2018-09-08T20:23:21.259Z,sell,6.01e-05,245.0,0.0147245
ICN/BTC,1536438202074,2018-09-08T20:23:22.074Z,sell,6.01e-05,1063.0,0.0638863
ICN/BTC,1536438246747,2018-09-08T20:24:06.747Z,sell,6.01e-05,1.0,6.01e-05
ICN/BTC,1536438389253,2018-09-08T20:26:29.253Z,sell,6.02e-05,153.0,0.0092106
ICN/BTC,1536438403482,2018-09-08T20:26:43.482Z,sell,6.01e-05,1.0,6.01e-05
ICN/BTC,1536438512335,2018-09-08T20:28:32.335Z,sell,6.01e-05,106.0,0.0063706
ICN/BTC,1536438514067,2018-09-08T20:28:34.067Z,sell,6.01e-05,762.0,0.0457961999999999
ICN/BTC,1536438567324,2018-09-08T20:29:27.324Z,sell,6.01e-05,31.0,0.0018631
ICN/BTC,1536438707081,2018-09-08T20:31:47.081Z,sell,6.01e-05,1064.0,0.0639464
ICN/BTC,1536438740477,2018-09-08T20:32:20.477Z,sell,6.01e-05,268.0,0.0161067999999999
ICN/BTC,1536438741136,2018-09-08T20:32:21.136Z,sell,6.01e-05,85.0,0.0051085
ICN/BTC,1536438741806,2018-09-08T20:32:21.806Z,sell,6.01e-05,433.0,0.0260233
ICN/BTC,1536438752087,2018-09-08T20:32:32.087Z,sell,6.011e-05,99.0,0.0059508899999999
ICN/BTC,1536438761100,2018-09-08T20:32:41.100Z,sell,6.011e-05,671.0,0.04033381
ICN/BTC,1536438778063,2018-09-08T20:32:58.063Z,sell,6.011e-05,297.0,0.01785267
ICN/BTC,1536438778116,2018-09-08T20:32:58.116Z,sell,6.011e-05,522.0,0.0313774199999999
ICN/BTC,1536438780205,2018-09-08T20:33:00.205Z,sell,6.011e-05,33.0,0.00198363
ICN/BTC,1536438780612,2018-09-08T20:33:00.612Z,sell,6.011e-05,41.0,0.00246451
ICN/BTC,1536438780649,2018-09-08T20:33:00.649Z,sell,6.01e-05,393.0,0.0236193
ICN/BTC,1536438781079,2018-09-08T20:33:01.079Z,sell,6.01e-05,35.0,0.0021035
ICN/BTC,1536438783238,2018-09-08T20:33:03.238Z,sell,6.01e-05,411.0,0.0247011
ICN/BTC,1536438787091,2018-09-08T20:33:07.091Z,sell,6.01e-05,27.0,0.0016227
ICN/BTC,1536438787160,2018-09-08T20:33:07.160Z,sell,6.01e-05,1347.0,0.0809546999999999
ICN/BTC,1536438818094,2018-09-08T20:33:38.094Z,sell,6.011e-05,74.0,0.00444814
ICN/BTC,1536438822220,2018-09-08T20:33:42.220Z,sell,6.011e-05,735.0,0.04418085
ICN/BTC,1536438822383,2018-09-08T20:33:42.383Z,sell,6.01e-05,606.0,0.0364206
ICN/BTC,1536438825318,2018-09-08T20:33:45.318Z,sell,6.01e-05,228.0,0.0137028
ICN/BTC,1536438826068,2018-09-08T20:33:46.068Z,sell,6.01e-05,21.0,0.0012621
ICN/BTC,1536438835261,2018-09-08T20:33:55.261Z,sell,6.01e-05,80.0,0.004808
ICN/BTC,1536438878310,2018-09-08T20:34:38.310Z,buy,6.015e-05,232.0,0.0139548
ICN/BTC,1536438914579,2018-09-08T20:35:14.579Z,sell,6.01e-05,3380.0,0.2031379999999999
ICN/BTC,1536438952648,2018-09-08T20:35:52.648Z,buy,6.038e-05,13.0,0.00078494
ICN/BTC,1536438984610,2018-09-08T20:36:24.610Z,buy,6.035e-05,13.0,0.00078455
ICN/BTC,1536439016513,2018-09-08T20:36:56.513Z,buy,6.033e-05,13.0,0.00078429
ICN/BTC,1536439041751,2018-09-08T20:37:21.751Z,buy,6.033e-05,13.0,0.00078429
ICN/BTC,1536439103067,2018-09-08T20:38:23.067Z,sell,6.01e-05,345.0,0.0207345
ICN/BTC,1536439168081,2018-09-08T20:39:28.081Z,sell,6.01e-05,345.0,0.0207345
ICN/BTC,1536439354647,2018-09-08T20:42:34.647Z,sell,6.01e-05,1.0,6.01e-05
ICN/BTC,1536439378084,2018-09-08T20:42:58.084Z,sell,6.01e-05,105.0,0.0063105
ICN/BTC,1536439821979,2018-09-08T20:50:21.979Z,sell,6.01e-05,1.0,6.01e-05
ICN/BTC,1536440099976,2018-09-08T20:54:59.976Z,buy,6.022e-05,241.0,0.01451302
ICN/BTC,1536440099976,2018-09-08T20:54:59.976Z,buy,6.023e-05,133.0,0.00801059
ICN/BTC,1536440117190,2018-09-08T20:55:17.190Z,buy,6.022e-05,121.0,0.00728662
ICN/BTC,1536440117190,2018-09-08T20:55:17.190Z,buy,6.023e-05,330.0,0.0198759
ICN/BTC,1536440133588,2018-09-08T20:55:33.588Z,sell,6.01e-05,395.0,0.0237395
ICN/BTC,1536440148684,2018-09-08T20:55:48.684Z,sell,6.01e-05,17.0,0.0010217
ICN/BTC,1536440148684,2018-09-08T20:55:48.684Z,sell,6.01e-05,17.0,0.0010217
ICN/BTC,1536440262252,2018-09-08T20:57:42.252Z,buy,6.023e-05,133.0,0.00801059
ICN/BTC,1536440673768,2018-09-08T21:04:33.768Z,sell,6.012e-05,1.0,6.012e-05
ICN/BTC,1536440826800,2018-09-08T21:07:06.800Z,sell,6.012e-05,7.0,0.00042084
ICN/BTC,1536441414193,2018-09-08T21:16:54.193Z,sell,6.012e-05,9.0,0.00054108
ICN/BTC,1536441414193,2018-09-08T21:16:54.193Z,sell,6.011e-05,332.0,0.01995652
ICN/BTC,1536441415014,2018-09-08T21:16:55.014Z,sell,6.01e-05,3381.0,0.2031981
ICN/BTC,1536441439965,2018-09-08T21:17:19.965Z,sell,6.01e-05,643.0,0.0386443
ICN/BTC,1536441582199,2018-09-08T21:19:42.199Z,sell,6.01e-05,252.0,0.0151452
ICN/BTC,1536441622105,2018-09-08T21:20:22.105Z,sell,6.01e-05,177.0,0.0106377
ICN/BTC,1536441623205,2018-09-08T21:20:23.205Z,sell,6.01e-05,162.0,0.0097362
ICN/BTC,1536441623229,2018-09-08T21:20:23.229Z,sell,6.01e-05,103.0,0.0061902999999999
ICN/BTC,1536441846506,2018-09-08T21:24:06.506Z,sell,6.01e-05,5.0,0.0003005
ICN/BTC,1536441951193,2018-09-08T21:25:51.193Z,sell,6.01e-05,1.0,6.01e-05
ICN/BTC,1536442084829,2018-09-08T21:28:04.829Z,sell,6.01e-05,26.0,0.0015626
ICN/BTC,1536442349727,2018-09-08T21:32:29.727Z,sell,6.01e-05,386.0,0.0231986
ICN/BTC,1536442400925,2018-09-08T21:33:20.925Z,sell,6.01e-05,1080.0,0.064908
ICN/BTC,1536442439956,2018-09-08T21:33:59.956Z,sell,5.981e-05,2.0,0.00011962
ICN/BTC,1536442440691,2018-09-08T21:34:00.691Z,sell,5.981e-05,3.0,0.00017943
ICN/BTC,1536442589024,2018-09-08T21:36:29.024Z,sell,5.981e-05,414.0,0.02476134
ICN/BTC,1536442609666,2018-09-08T21:36:49.666Z,sell,5.963e-05,2.0,0.00011926
ICN/BTC,1536442610437,2018-09-08T21:36:50.437Z,sell,5.961e-05,1.0,5.961e-05
ICN/BTC,1536442620720,2018-09-08T21:37:00.720Z,buy,5.976e-05,448.0,0.0267724799999999
ICN/BTC,1536442654907,2018-09-08T21:37:34.907Z,buy,5.965e-05,233.0,0.01389845
ICN/BTC,1536442656703,2018-09-08T21:37:36.703Z,buy,5.964e-05,119.0,0.00709716
ICN/BTC,1536442656979,2018-09-08T21:37:36.979Z,buy,5.964e-05,61.0,0.00363804
ICN/BTC,1536442657729,2018-09-08T21:37:37.729Z,buy,5.964e-05,89.0,0.00530796
ICN/BTC,1536442658737,2018-09-08T21:37:38.737Z,buy,5.964e-05,19.0,0.00113316
ICN/BTC,1536442685378,2018-09-08T21:38:05.378Z,sell,5.933e-05,1.0,5.933e-05
ICN/BTC,1536442685923,2018-09-08T21:38:05.923Z,sell,5.933e-05,2.0,0.00011866
ICN/BTC,1536442748963,2018-09-08T21:39:08.963Z,buy,5.946e-05,118.0,0.00701628
ICN/BTC,1536442766254,2018-09-08T21:39:26.254Z,buy,5.944e-05,486.0,0.02888784
ICN/BTC,1536442767246,2018-09-08T21:39:27.246Z,buy,5.944e-05,42.0,0.00249648
ICN/BTC,1536442794647,2018-09-08T21:39:54.647Z,buy,5.942e-05,233.0,0.0138448599999999
ICN/BTC,1536442807419,2018-09-08T21:40:07.419Z,buy,5.946e-05,1.0,5.946e-05
ICN/BTC,1536442838450,2018-09-08T21:40:38.450Z,sell,5.949e-05,10.0,0.0005949
ICN/BTC,1536442908051,2018-09-08T21:41:48.051Z,sell,5.947e-05,3.0,0.00017841
ICN/BTC,1536442908051,2018-09-08T21:41:48.051Z,sell,5.947e-05,3.0,0.00017841
ICN/BTC,1536443790603,2018-09-08T21:56:30.603Z,buy,5.977e-05,17.0,0.0010160899999999
ICN/BTC,1536443851649,2018-09-08T21:57:31.649Z,buy,5.971e-05,10.0,0.0005971
ICN/BTC,1536443997341,2018-09-08T21:59:57.341Z,buy,5.956e-05,35.0,0.0020846
ICN/BTC,1536443997355,2018-09-08T21:59:57.355Z,buy,5.956e-05,982.0,0.05848792
ICN/BTC,1536443997355,2018-09-08T21:59:57.355Z,buy,5.957e-05,256.0,0.01524992
ICN/BTC,1536443997422,2018-09-08T21:59:57.422Z,buy,5.957e-05,118.0,0.00702926
ICN/BTC,1536443998362,2018-09-08T21:59:58.362Z,buy,5.957e-05,1238.0,0.07374766
ICN/BTC,1536444373659,2018-09-08T22:06:13.659Z,sell,5.938e-05,2.0,0.00011876
ICN/BTC,1536444430769,2018-09-08T22:07:10.769Z,buy,5.969e-05,6.0,0.00035814
ICN/BTC,1536445420314,2018-09-08T22:23:40.314Z,buy,5.969e-05,7.0,0.00041783
ICN/BTC,1536445520230,2018-09-08T22:25:20.230Z,buy,5.969e-05,4.0,0.00023876
ICN/BTC,1536445575068,2018-09-08T22:26:15.068Z,buy,5.969e-05,6.0,0.00035814
ICN/BTC,1536445644863,2018-09-08T22:27:24.863Z,buy,5.969e-05,132.0,0.00787908
ICN/BTC,1536445644863,2018-09-08T22:27:24.863Z,buy,5.975e-05,57.0,0.00340575
ICN/BTC,1536445657306,2018-09-08T22:27:37.306Z,buy,5.975e-05,161.0,0.00961975
ICN/BTC,1536445660190,2018-09-08T22:27:40.190Z,buy,5.975e-05,28.0,0.001673
ICN/BTC,1536445661865,2018-09-08T22:27:41.865Z,buy,5.975e-05,24.0,0.001434
ICN/BTC,1536445720136,2018-09-08T22:28:40.136Z,buy,5.975e-05,102.0,0.0060945
ICN/BTC,1536445720201,2018-09-08T22:28:40.201Z,buy,5.975e-05,532.0,0.031787
ICN/BTC,1536445721087,2018-09-08T22:28:41.087Z,buy,5.975e-05,238.0,0.0142205
ICN/BTC,1536445726254,2018-09-08T22:28:46.254Z,sell,5.951e-05,7.0,0.00041657
ICN/BTC,1536445732855,2018-09-08T22:28:52.855Z,sell,5.951e-05,4.0,0.00023804
ICN/BTC,1536445748622,2018-09-08T22:29:08.622Z,buy,5.975e-05,153.0,0.00914175
ICN/BTC,1536445776167,2018-09-08T22:29:36.167Z,buy,5.975e-05,18.0,0.0010755
ICN/BTC,1536445828217,2018-09-08T22:30:28.217Z,buy,5.973e-05,3314.0,0.19794522
ICN/BTC,1536446085316,2018-09-08T22:34:45.316Z,buy,5.973e-05,67.0,0.00400191
ICN/BTC,1536446087081,2018-09-08T22:34:47.081Z,buy,5.974e-05,42.0,0.00250908
ICN/BTC,1536446104933,2018-09-08T22:35:04.933Z,buy,5.973e-05,599.0,0.03577827
ICN/BTC,1536446129487,2018-09-08T22:35:29.487Z,buy,5.973e-05,160.0,0.0095568
ICN/BTC,1536446129487,2018-09-08T22:35:29.487Z,buy,5.973e-05,160.0,0.0095568
ICN/BTC,1536446556438,2018-09-08T22:42:36.438Z,buy,5.973e-05,1.0,5.973e-05
ICN/BTC,1536446777466,2018-09-08T22:46:17.466Z,buy,5.973e-05,69.0,0.00412137
ICN/BTC,1536446918143,2018-09-08T22:48:38.143Z,buy,5.973e-05,100.0,0.005973
ICN/BTC,1536447461999,2018-09-08T22:57:41.999Z,buy,5.973e-05,167.0,0.00997491
ICN/BTC,1536447642279,2018-09-08T23:00:42.279Z,buy,5.972e-05,356.0,0.02126032
ICN/BTC,1536447724806,2018-09-08T23:02:04.806Z,sell,5.94e-05,586.0,0.0348084
ICN/BTC,1536447726492,2018-09-08T23:02:06.492Z,sell,5.94e-05,31.0,0.0018414
ICN/BTC,1536447726492,2018-09-08T23:02:06.492Z,sell,5.933e-05,2.0,0.00011866
ICN/BTC,1536448077595,2018-09-08T23:07:57.595Z,buy,5.97e-05,1.0,5.97e-05
ICN/BTC,1536448485477,2018-09-08T23:14:45.477Z,sell,5.933e-05,182.0,0.01079806
ICN/BTC,1536448507716,2018-09-08T23:15:07.716Z,sell,5.933e-05,109.0,0.00646697
ICN/BTC,1536448507716,2018-09-08T23:15:07.716Z,sell,5.928e-05,230.0,0.0136344
ICN/BTC,1536448507716,2018-09-08T23:15:07.716Z,sell,5.925e-05,270.0,0.0159974999999999
ICN/BTC,1536448507716,2018-09-08T23:15:07.716Z,sell,5.924e-05,1596.0,0.09454704
ICN/BTC,1536448513808,2018-09-08T23:15:13.808Z,sell,5.924e-05,55.0,0.0032582
ICN/BTC,1536448522606,2018-09-08T23:15:22.606Z,sell,5.924e-05,2.0,0.00011848
ICN/BTC,1536448523013,2018-09-08T23:15:23.013Z,sell,5.924e-05,3.0,0.00017772
ICN/BTC,1536448529695,2018-09-08T23:15:29.695Z,sell,5.924e-05,360.0,0.0213264
ICN/BTC,1536448603865,2018-09-08T23:16:43.865Z,buy,5.918e-05,124.0,0.00733832
ICN/BTC,1536448604209,2018-09-08T23:16:44.209Z,buy,5.918e-05,64.0,0.00378752
ICN/BTC,1536448604291,2018-09-08T23:16:44.291Z,buy,5.918e-05,2073.0,0.12268014
ICN/BTC,1536448605723,2018-09-08T23:16:45.723Z,buy,5.919e-05,268.0,0.01586292
ICN/BTC,1536448607721,2018-09-08T23:16:47.721Z,buy,5.919e-05,134.0,0.00793146
ICN/BTC,1536448608543,2018-09-08T23:16:48.543Z,buy,5.924e-05,148.0,0.00876752
ICN/BTC,1536448608723,2018-09-08T23:16:48.723Z,buy,5.924e-05,741.0,0.04389684
ICN/BTC,1536448610717,2018-09-08T23:16:50.717Z,buy,5.922e-05,67.0,0.00396774
ICN/BTC,1536448613212,2018-09-08T23:16:53.212Z,buy,5.966e-05,107.0,0.00638362
ICN/BTC,1536448626358,2018-09-08T23:17:06.358Z,buy,5.965e-05,168.0,0.0100212
ICN/BTC,1536448626429,2018-09-08T23:17:06.429Z,sell,5.965e-05,83.0,0.00495095
ICN/BTC,1536448627617,2018-09-08T23:17:07.617Z,buy,5.966e-05,139.0,0.00829274
ICN/BTC,1536448627729,2018-09-08T23:17:07.729Z,sell,5.966e-05,112.0,0.00668192
ICN/BTC,1536448638902,2018-09-08T23:17:18.902Z,buy,5.972e-05,51.0,0.00304572
ICN/BTC,1536449259753,2018-09-08T23:27:39.753Z,sell,5.972e-05,35.0,0.0020902
ICN/BTC,1536449259753,2018-09-08T23:27:39.753Z,sell,5.972e-05,35.0,0.0020902
ICN/BTC,1536449800138,2018-09-08T23:36:40.138Z,buy,5.972e-05,63.0,0.0037623599999999
ICN/BTC,1536449884876,2018-09-08T23:38:04.876Z,buy,5.972e-05,53.0,0.0031651599999999
ICN/BTC,1536449889107,2018-09-08T23:38:09.107Z,buy,5.972e-05,23.0,0.00137356
ICN/BTC,1536449895603,2018-09-08T23:38:15.603Z,buy,5.972e-05,27.0,0.00161244
ICN/BTC,1536449999645,2018-09-08T23:39:59.645Z,buy,5.972e-05,210.0,0.0125411999999999
ICN/BTC,1536450001753,2018-09-08T23:40:01.753Z,buy,5.972e-05,162.0,0.00967464
ICN/BTC,1536450003999,2018-09-08T23:40:03.999Z,buy,5.972e-05,44.0,0.00262768
ICN/BTC,1536450041866,2018-09-08T23:40:41.866Z,buy,5.972e-05,107.0,0.00639004
ICN/BTC,1536450290066,2018-09-08T23:44:50.066Z,sell,5.958e-05,18.0,0.00107244
ICN/BTC,1536450290066,2018-09-08T23:44:50.066Z,sell,5.957e-05,29.0,0.00172753
ICN/BTC,1536450650311,2018-09-08T23:50:50.311Z,sell,5.943e-05,141.0,0.0083796299999999
ICN/BTC,1536451165953,2018-09-08T23:59:25.953Z,sell,5.946e-05,4.0,0.00023784
ICN/BTC,1536451851733,2018-09-09T00:10:51.733Z,sell,5.942e-05,20.0,0.0011884
ICN/BTC,1536451998470,2018-09-09T00:13:18.470Z,sell,5.942e-05,9.0,0.00053478
ICN/BTC,1536452049372,2018-09-09T00:14:09.372Z,sell,5.943e-05,279.0,0.01658097
ICN/BTC,1536452050126,2018-09-09T00:14:10.126Z,sell,5.942e-05,252.0,0.0149738399999999
ICN/BTC,1536452202490,2018-09-09T00:16:42.490Z,sell,5.942e-05,425.0,0.0252534999999999
