symbol,timestamp,datetime,side,price,amount,btc_volume
IDEX/BTC,1608397631286,2020-12-19T17:07:11.286Z,sell,1.43e-06,4014.0,0.00574002
IDEX/BTC,1608397653692,2020-12-19T17:07:33.692Z,sell,1.42e-06,71.0,0.00010082
IDEX/BTC,1608397657344,2020-12-19T17:07:37.344Z,buy,1.44e-06,173108.0,0.24927552
IDEX/BTC,1608397820954,2020-12-19T17:10:20.954Z,buy,1.44e-06,294.0,0.00042336
IDEX/BTC,1608397887394,2020-12-19T17:11:27.394Z,sell,1.43e-06,3333.0,0.00476619
IDEX/BTC,1608397904320,2020-12-19T17:11:44.320Z,sell,1.42e-06,71.0,0.00010082
IDEX/BTC,1608397968258,2020-12-19T17:12:48.258Z,sell,1.42e-06,8474.0,0.01203308
IDEX/BTC,1608398073340,2020-12-19T17:14:33.340Z,sell,1.43e-06,2679.0,0.00383097
IDEX/BTC,1608398316347,2020-12-19T17:18:36.347Z,buy,1.43e-06,380.0,0.0005434
IDEX/BTC,1608398322140,2020-12-19T17:18:42.140Z,buy,1.43e-06,3814.0,0.00545402
IDEX/BTC,1608399134625,2020-12-19T17:32:14.625Z,buy,1.43e-06,4382.0,0.00626626
IDEX/BTC,1608399603482,2020-12-19T17:40:03.482Z,sell,1.43e-06,3320.0,0.0047476
IDEX/BTC,1608399603482,2020-12-19T17:40:03.482Z,sell,1.42e-06,17091.0,0.0242692199999999
IDEX/BTC,1608399799475,2020-12-19T17:43:19.475Z,buy,1.43e-06,4937.0,0.00705991
IDEX/BTC,1608399799490,2020-12-19T17:43:19.490Z,buy,1.43e-06,153.0,0.00021879
IDEX/BTC,1608399991674,2020-12-19T17:46:31.674Z,buy,1.44e-06,6216.0,0.00895104
IDEX/BTC,1608400045825,2020-12-19T17:47:25.825Z,sell,1.44e-06,4351.0,0.00626544
IDEX/BTC,1608400247888,2020-12-19T17:50:47.888Z,buy,1.45e-06,8959.0,0.01299055
IDEX/BTC,1608400358344,2020-12-19T17:52:38.344Z,buy,1.46e-06,9039.0,0.01319694
IDEX/BTC,1608400387402,2020-12-19T17:53:07.402Z,sell,1.46e-06,563.0,0.00082198
IDEX/BTC,1608400387684,2020-12-19T17:53:07.684Z,sell,1.46e-06,70.0,0.0001022
IDEX/BTC,1608400396989,2020-12-19T17:53:16.989Z,sell,1.46e-06,697.0,0.00101762
IDEX/BTC,1608400455182,2020-12-19T17:54:15.182Z,buy,1.47e-06,5181.0,0.0076160699999999
IDEX/BTC,1608400493278,2020-12-19T17:54:53.278Z,sell,1.47e-06,110.0,0.0001617
IDEX/BTC,1608400508197,2020-12-19T17:55:08.197Z,sell,1.47e-06,69.0,0.00010143
IDEX/BTC,1608400546022,2020-12-19T17:55:46.022Z,sell,1.47e-06,4052.0,0.0059564399999999
IDEX/BTC,1608400548558,2020-12-19T17:55:48.558Z,buy,1.48e-06,72.0,0.00010656
IDEX/BTC,1608400564068,2020-12-19T17:56:04.068Z,buy,1.48e-06,7228.0,0.01069744
IDEX/BTC,1608400564068,2020-12-19T17:56:04.068Z,buy,1.49e-06,20068.0,0.02990132
IDEX/BTC,1608400564080,2020-12-19T17:56:04.080Z,sell,1.49e-06,3217.0,0.00479333
IDEX/BTC,1608400564080,2020-12-19T17:56:04.080Z,sell,1.49e-06,2711.0,0.0040393899999999
IDEX/BTC,1608400564082,2020-12-19T17:56:04.082Z,sell,1.49e-06,903.0,0.0013454699999999
IDEX/BTC,1608400564526,2020-12-19T17:56:04.526Z,sell,1.49e-06,101.0,0.00015049
IDEX/BTC,1608400569033,2020-12-19T17:56:09.033Z,sell,1.49e-06,68.0,0.00010132
IDEX/BTC,1608400628174,2020-12-19T17:57:08.174Z,sell,1.49e-06,69.0,0.00010281
IDEX/BTC,1608400688160,2020-12-19T17:58:08.160Z,sell,1.49e-06,69.0,0.00010281
IDEX/BTC,1608400792544,2020-12-19T17:59:52.544Z,sell,1.49e-06,5090.0,0.0075841
IDEX/BTC,1608400792548,2020-12-19T17:59:52.548Z,sell,1.49e-06,1696.0,0.00252704
IDEX/BTC,1608400794334,2020-12-19T17:59:54.334Z,sell,1.49e-06,16736.0,0.02493664
IDEX/BTC,1608400797341,2020-12-19T17:59:57.341Z,sell,1.49e-06,4496.0,0.00669904
IDEX/BTC,1608400797341,2020-12-19T17:59:57.341Z,sell,1.49e-06,4496.0,0.00669904
IDEX/BTC,1608400858026,2020-12-19T18:00:58.026Z,sell,1.49e-06,57264.0,0.08532336
IDEX/BTC,1608400873110,2020-12-19T18:01:13.110Z,sell,1.48e-06,4305.0,0.0063714
IDEX/BTC,1608400873119,2020-12-19T18:01:13.119Z,buy,1.48e-06,4063.0,0.00601324
IDEX/BTC,1608400875816,2020-12-19T18:01:15.816Z,sell,1.48e-06,868.0,0.00128464
IDEX/BTC,1608400877176,2020-12-19T18:01:17.176Z,sell,1.48e-06,3195.0,0.0047286
IDEX/BTC,1608400885739,2020-12-19T18:01:25.739Z,sell,1.47e-06,3813.0,0.00560511
IDEX/BTC,1608400969081,2020-12-19T18:02:49.081Z,buy,1.48e-06,365.0,0.0005402
IDEX/BTC,1608401033176,2020-12-19T18:03:53.176Z,buy,1.48e-06,540.0,0.0007992
IDEX/BTC,1608401049242,2020-12-19T18:04:09.242Z,buy,1.48e-06,1134.0,0.00167832
IDEX/BTC,1608401240208,2020-12-19T18:07:20.208Z,buy,1.48e-06,8436.0,0.01248528
IDEX/BTC,1608401283508,2020-12-19T18:08:03.508Z,buy,1.48e-06,1131.0,0.00167388
IDEX/BTC,1608401321447,2020-12-19T18:08:41.447Z,buy,1.48e-06,407.0,0.00060236
IDEX/BTC,1608401326508,2020-12-19T18:08:46.508Z,buy,1.48e-06,4427.0,0.00655196
IDEX/BTC,1608401326508,2020-12-19T18:08:46.508Z,buy,1.49e-06,8505.0,0.01267245
IDEX/BTC,1608401440828,2020-12-19T18:10:40.828Z,buy,1.49e-06,3597.0,0.0053595299999999
IDEX/BTC,1608401521453,2020-12-19T18:12:01.453Z,buy,1.49e-06,5130.0,0.0076437
IDEX/BTC,1608401867323,2020-12-19T18:17:47.323Z,buy,1.49e-06,3037.0,0.00452513
IDEX/BTC,1608402425688,2020-12-19T18:27:05.688Z,sell,1.48e-06,3906.0,0.00578088
IDEX/BTC,1608402591559,2020-12-19T18:29:51.559Z,buy,1.49e-06,164178.0,0.2446252199999999
IDEX/BTC,1608402617951,2020-12-19T18:30:17.951Z,buy,1.5e-06,5353.0,0.0080295
IDEX/BTC,1608402651160,2020-12-19T18:30:51.160Z,sell,1.49e-06,4515.0,0.00672735
IDEX/BTC,1608402760294,2020-12-19T18:32:40.294Z,buy,1.5e-06,192.0,0.000288
IDEX/BTC,1608402800058,2020-12-19T18:33:20.058Z,buy,1.5e-06,4104.0,0.006156
IDEX/BTC,1608402818206,2020-12-19T18:33:38.206Z,buy,1.51e-06,6284.0,0.00948884
IDEX/BTC,1608402818212,2020-12-19T18:33:38.212Z,sell,1.51e-06,44395.0,0.06703645
IDEX/BTC,1608402818217,2020-12-19T18:33:38.217Z,sell,1.51e-06,2809.0,0.00424159
IDEX/BTC,1608402818222,2020-12-19T18:33:38.222Z,sell,1.51e-06,936.0,0.00141336
IDEX/BTC,1608402828685,2020-12-19T18:33:48.685Z,sell,1.51e-06,9849.0,0.01487199
IDEX/BTC,1608402828685,2020-12-19T18:33:48.685Z,sell,1.5e-06,528.0,0.000792
IDEX/BTC,1608402828685,2020-12-19T18:33:48.685Z,sell,1.49e-06,434.0,0.00064666
IDEX/BTC,1608402828685,2020-12-19T18:33:48.685Z,sell,1.48e-06,7784.0,0.01152032
IDEX/BTC,1608402897640,2020-12-19T18:34:57.640Z,sell,1.5e-06,4438.0,0.006657
IDEX/BTC,1608402908805,2020-12-19T18:35:08.805Z,buy,1.51e-06,4052.0,0.00611852
IDEX/BTC,1608402932960,2020-12-19T18:35:32.960Z,buy,1.52e-06,10122.0,0.01538544
IDEX/BTC,1608402945831,2020-12-19T18:35:45.831Z,sell,1.52e-06,16257.0,0.02471064
IDEX/BTC,1608402951053,2020-12-19T18:35:51.053Z,sell,1.52e-06,16353.0,0.02485656
IDEX/BTC,1608403008046,2020-12-19T18:36:48.046Z,buy,1.53e-06,10180.0,0.0155754
IDEX/BTC,1608403011149,2020-12-19T18:36:51.149Z,sell,1.52e-06,967.0,0.00146984
IDEX/BTC,1608403147090,2020-12-19T18:39:07.090Z,sell,1.52e-06,4012.0,0.00609824
IDEX/BTC,1608403268081,2020-12-19T18:41:08.081Z,sell,1.52e-06,67.0,0.00010184
IDEX/BTC,1608403404225,2020-12-19T18:43:24.225Z,sell,1.52e-06,37097.0,0.05638744
IDEX/BTC,1608403683401,2020-12-19T18:48:03.401Z,buy,1.53e-06,3813.0,0.0058338899999999
IDEX/BTC,1608403683401,2020-12-19T18:48:03.401Z,buy,1.54e-06,7260.0,0.0111804
IDEX/BTC,1608403683402,2020-12-19T18:48:03.402Z,buy,1.54e-06,44.0,6.776e-05
IDEX/BTC,1608403683410,2020-12-19T18:48:03.410Z,buy,1.55e-06,8393.0,0.01300915
IDEX/BTC,1608403718877,2020-12-19T18:48:38.877Z,buy,1.54e-06,66.0,0.00010164
IDEX/BTC,1608403751483,2020-12-19T18:49:11.483Z,buy,1.54e-06,270.0,0.0004158
IDEX/BTC,1608403751483,2020-12-19T18:49:11.483Z,buy,1.55e-06,213.0,0.00033015
IDEX/BTC,1608403773233,2020-12-19T18:49:33.233Z,buy,1.55e-06,97.0,0.00015035
IDEX/BTC,1608403817887,2020-12-19T18:50:17.887Z,buy,1.55e-06,66.0,0.0001022999999999
IDEX/BTC,1608403889123,2020-12-19T18:51:29.123Z,sell,1.53e-06,3237.0,0.00495261
IDEX/BTC,1608403959207,2020-12-19T18:52:39.207Z,sell,1.53e-06,778.0,0.00119034
IDEX/BTC,1608403972983,2020-12-19T18:52:52.983Z,sell,1.53e-06,142.0,0.00021726
IDEX/BTC,1608403972983,2020-12-19T18:52:52.983Z,sell,1.53e-06,142.0,0.00021726
IDEX/BTC,1608404423999,2020-12-19T19:00:23.999Z,sell,1.52e-06,14821.0,0.02252792
IDEX/BTC,1608404479435,2020-12-19T19:01:19.435Z,sell,1.52e-06,2691.0,0.00409032
IDEX/BTC,1608404479436,2020-12-19T19:01:19.436Z,sell,1.52e-06,2304.0,0.00350208
IDEX/BTC,1608404640609,2020-12-19T19:04:00.609Z,sell,1.52e-06,66.0,0.00010032
IDEX/BTC,1608404640609,2020-12-19T19:04:00.609Z,sell,1.51e-06,1059.0,0.0015990899999999
IDEX/BTC,1608405020649,2020-12-19T19:10:20.649Z,sell,1.51e-06,527.0,0.00079577
IDEX/BTC,1608405161761,2020-12-19T19:12:41.761Z,sell,1.5e-06,372.0,0.000558
IDEX/BTC,1608405248879,2020-12-19T19:14:08.879Z,buy,1.51e-06,73.0,0.00011023
IDEX/BTC,1608405486369,2020-12-19T19:18:06.369Z,sell,1.5e-06,10886.0,0.016329
IDEX/BTC,1608405550234,2020-12-19T19:19:10.234Z,sell,1.49e-06,1777.0,0.00264773
IDEX/BTC,1608405835844,2020-12-19T19:23:55.844Z,buy,1.5e-06,11634.0,0.017451
IDEX/BTC,1608405842058,2020-12-19T19:24:02.058Z,buy,1.5e-06,118.0,0.000177
IDEX/BTC,1608407104958,2020-12-19T19:45:04.958Z,sell,1.49e-06,129.0,0.0001922099999999
IDEX/BTC,1608407316760,2020-12-19T19:48:36.760Z,buy,1.5e-06,8115.0,0.0121725
IDEX/BTC,1608407316760,2020-12-19T19:48:36.760Z,buy,1.5e-06,8115.0,0.0121725
IDEX/BTC,1608407623222,2020-12-19T19:53:43.222Z,buy,1.5e-06,8107.0,0.0121605
IDEX/BTC,1608407623222,2020-12-19T19:53:43.222Z,buy,1.51e-06,9695.0,0.01463945
IDEX/BTC,1608407623222,2020-12-19T19:53:43.222Z,buy,1.52e-06,551.0,0.00083752
IDEX/BTC,1608408149218,2020-12-19T20:02:29.218Z,sell,1.5e-06,1870.0,0.002805
IDEX/BTC,1608408151647,2020-12-19T20:02:31.647Z,sell,1.5e-06,5369.0,0.0080535
IDEX/BTC,1608408151647,2020-12-19T20:02:31.647Z,sell,1.49e-06,854.0,0.00127246
IDEX/BTC,1608408395543,2020-12-19T20:06:35.543Z,buy,1.51e-06,142.0,0.00021442
IDEX/BTC,1608410425353,2020-12-19T20:40:25.353Z,sell,1.5e-06,2241.0,0.0033615
IDEX/BTC,1608410515693,2020-12-19T20:41:55.693Z,buy,1.51e-06,1095.0,0.0016534499999999
IDEX/BTC,1608410620390,2020-12-19T20:43:40.390Z,sell,1.5e-06,548.0,0.000822
IDEX/BTC,1608410818649,2020-12-19T20:46:58.649Z,sell,1.5e-06,367.0,0.0005505
IDEX/BTC,1608410818649,2020-12-19T20:46:58.649Z,sell,1.5e-06,367.0,0.0005505
IDEX/BTC,1608411082376,2020-12-19T20:51:22.376Z,buy,1.5e-06,1237.0,0.0018555
IDEX/BTC,1608411113700,2020-12-19T20:51:53.700Z,buy,1.51e-06,19998.0,0.03019698
IDEX/BTC,1608411113708,2020-12-19T20:51:53.708Z,sell,1.51e-06,4149.0,0.00626499
IDEX/BTC,1608411525602,2020-12-19T20:58:45.602Z,buy,1.51e-06,67.0,0.00010117
IDEX/BTC,1608411525602,2020-12-19T20:58:45.602Z,buy,1.52e-06,342.0,0.00051984
IDEX/BTC,1608411610640,2020-12-19T21:00:10.640Z,sell,1.51e-06,1113.0,0.00168063
IDEX/BTC,1608411610646,2020-12-19T21:00:10.646Z,sell,1.51e-06,371.0,0.00056021
IDEX/BTC,1608411845059,2020-12-19T21:04:05.059Z,sell,1.51e-06,1113.0,0.00168063
IDEX/BTC,1608411845063,2020-12-19T21:04:05.063Z,sell,1.51e-06,371.0,0.00056021
IDEX/BTC,1608412116308,2020-12-19T21:08:36.308Z,sell,1.5e-06,242.0,0.000363
IDEX/BTC,1608412401849,2020-12-19T21:13:21.849Z,sell,1.49e-06,23458.0,0.03495242
IDEX/BTC,1608412670244,2020-12-19T21:17:50.244Z,buy,1.51e-06,737.0,0.00111287
IDEX/BTC,1608412677473,2020-12-19T21:17:57.473Z,buy,1.51e-06,177.0,0.00026727
IDEX/BTC,1608412749957,2020-12-19T21:19:09.957Z,buy,1.51e-06,4000.0,0.0060399999999999
IDEX/BTC,1608412819840,2020-12-19T21:20:19.840Z,sell,1.49e-06,914.0,0.00136186
IDEX/BTC,1608413198558,2020-12-19T21:26:38.558Z,sell,1.5e-06,293.0,0.0004395
IDEX/BTC,1608413251736,2020-12-19T21:27:31.736Z,sell,1.5e-06,293.0,0.0004395
IDEX/BTC,1608413690186,2020-12-19T21:34:50.186Z,sell,1.49e-06,2380.0,0.0035462
IDEX/BTC,1608414037803,2020-12-19T21:40:37.803Z,sell,1.49e-06,547.0,0.00081503
IDEX/BTC,1608414270793,2020-12-19T21:44:30.793Z,sell,1.49e-06,1740.0,0.0025926
IDEX/BTC,1608414270793,2020-12-19T21:44:30.793Z,sell,1.49e-06,1740.0,0.0025926
IDEX/BTC,1608415921654,2020-12-19T22:12:01.654Z,buy,1.5e-06,681.0,0.0010215
IDEX/BTC,1608415974964,2020-12-19T22:12:54.964Z,sell,1.49e-06,75.0,0.0001117499999999
IDEX/BTC,1608416002879,2020-12-19T22:13:22.879Z,buy,1.5e-06,1300.0,0.00195
IDEX/BTC,1608416814478,2020-12-19T22:26:54.478Z,buy,1.5e-06,1560.0,0.00234
IDEX/BTC,1608416952405,2020-12-19T22:29:12.405Z,buy,1.5e-06,2821.0,0.0042315
IDEX/BTC,1608416972602,2020-12-19T22:29:32.602Z,sell,1.5e-06,5863.0,0.0087945
IDEX/BTC,1608416972602,2020-12-19T22:29:32.602Z,sell,1.49e-06,137.0,0.0002041299999999
IDEX/BTC,1608417333627,2020-12-19T22:35:33.627Z,buy,1.51e-06,25832.0,0.03900632
IDEX/BTC,1608417350899,2020-12-19T22:35:50.899Z,buy,1.51e-06,31355.0,0.04734605
IDEX/BTC,1608417372675,2020-12-19T22:36:12.675Z,sell,1.5e-06,4655.0,0.0069825
IDEX/BTC,1608417438584,2020-12-19T22:37:18.584Z,sell,1.49e-06,330.0,0.0004917
IDEX/BTC,1608417463433,2020-12-19T22:37:43.433Z,buy,1.5e-06,3303.0,0.0049545
IDEX/BTC,1608417600952,2020-12-19T22:40:00.952Z,sell,1.49e-06,1848.0,0.0027535199999999
IDEX/BTC,1608417640998,2020-12-19T22:40:40.998Z,buy,1.51e-06,4727.0,0.00713777
IDEX/BTC,1608417676356,2020-12-19T22:41:16.356Z,buy,1.52e-06,5047.0,0.00767144
IDEX/BTC,1608417685160,2020-12-19T22:41:25.160Z,sell,1.52e-06,12284.0,0.01867168
IDEX/BTC,1608417685160,2020-12-19T22:41:25.160Z,sell,1.51e-06,3.0,4.53e-06
IDEX/BTC,1608417685160,2020-12-19T22:41:25.160Z,sell,1.52e-06,12284.0,0.01867168
IDEX/BTC,1608417685160,2020-12-19T22:41:25.160Z,sell,1.51e-06,3.0,4.53e-06
IDEX/BTC,1608417882171,2020-12-19T22:44:42.171Z,sell,1.51e-06,8675.0,0.01309925
IDEX/BTC,1608417911479,2020-12-19T22:45:11.479Z,buy,1.52e-06,4282.0,0.00650864
IDEX/BTC,1608418077333,2020-12-19T22:47:57.333Z,sell,1.52e-06,391.0,0.00059432
IDEX/BTC,1608418165974,2020-12-19T22:49:25.974Z,buy,1.53e-06,790.0,0.0012087
IDEX/BTC,1608418394942,2020-12-19T22:53:14.942Z,buy,1.53e-06,2041.0,0.0031227299999999
IDEX/BTC,1608418671254,2020-12-19T22:57:51.254Z,sell,1.52e-06,2165.0,0.0032908
IDEX/BTC,1608418671254,2020-12-19T22:57:51.254Z,sell,1.51e-06,14020.0,0.0211702
IDEX/BTC,1608418674694,2020-12-19T22:57:54.694Z,buy,1.53e-06,197.0,0.00030141
IDEX/BTC,1608418855676,2020-12-19T23:00:55.676Z,buy,1.53e-06,5000.0,0.00765
IDEX/BTC,1608419074659,2020-12-19T23:04:34.659Z,buy,1.52e-06,181.0,0.00027512
IDEX/BTC,1608419180254,2020-12-19T23:06:20.254Z,buy,1.52e-06,4387.0,0.00666824
IDEX/BTC,1608419548904,2020-12-19T23:12:28.904Z,buy,1.52e-06,4009.0,0.00609368
IDEX/BTC,1608419830145,2020-12-19T23:17:10.145Z,sell,1.52e-06,4995.0,0.0075924
IDEX/BTC,1608419871444,2020-12-19T23:17:51.444Z,buy,1.53e-06,65.0,9.945e-05
IDEX/BTC,1608419872054,2020-12-19T23:17:52.054Z,buy,1.53e-06,66.0,0.00010098
IDEX/BTC,1608419920991,2020-12-19T23:18:40.991Z,buy,1.53e-06,718.0,0.00109854
IDEX/BTC,1608420046486,2020-12-19T23:20:46.486Z,buy,1.53e-06,620.0,0.0009486
IDEX/BTC,1608420371645,2020-12-19T23:26:11.645Z,buy,1.53e-06,337.0,0.00051561
IDEX/BTC,1608420416637,2020-12-19T23:26:56.637Z,buy,1.53e-06,2959.0,0.00452727
IDEX/BTC,1608420596925,2020-12-19T23:29:56.925Z,buy,1.53e-06,1076.0,0.00164628
IDEX/BTC,1608420647734,2020-12-19T23:30:47.734Z,sell,1.52e-06,22040.0,0.0335008
IDEX/BTC,1608420679451,2020-12-19T23:31:19.451Z,sell,1.52e-06,3625.0,0.00551
IDEX/BTC,1608420729507,2020-12-19T23:32:09.507Z,sell,1.52e-06,5211.0,0.00792072
IDEX/BTC,1608420970487,2020-12-19T23:36:10.487Z,sell,1.52e-06,7942.0,0.01207184
IDEX/BTC,1608420970487,2020-12-19T23:36:10.487Z,sell,1.52e-06,7942.0,0.01207184
IDEX/BTC,1608421529989,2020-12-19T23:45:29.989Z,sell,1.52e-06,118.0,0.00017936
IDEX/BTC,1608421542915,2020-12-19T23:45:42.915Z,sell,1.52e-06,6758.0,0.01027216
IDEX/BTC,1608421580533,2020-12-19T23:46:20.533Z,sell,1.52e-06,6096.0,0.00926592
IDEX/BTC,1608421602625,2020-12-19T23:46:42.625Z,sell,1.52e-06,3663.0,0.00556776
IDEX/BTC,1608421640777,2020-12-19T23:47:20.777Z,sell,1.51e-06,10143.0,0.01531593
IDEX/BTC,1608421707897,2020-12-19T23:48:27.897Z,buy,1.52e-06,313.0,0.00047576
IDEX/BTC,1608421708772,2020-12-19T23:48:28.772Z,buy,1.52e-06,320.0,0.0004864
IDEX/BTC,1608421724611,2020-12-19T23:48:44.611Z,sell,1.51e-06,3161.0,0.00477311
IDEX/BTC,1608421862237,2020-12-19T23:51:02.237Z,sell,1.51e-06,7658.0,0.01156358
IDEX/BTC,1608421932837,2020-12-19T23:52:12.837Z,buy,1.52e-06,150.0,0.000228
IDEX/BTC,1608422188593,2020-12-19T23:56:28.593Z,buy,1.52e-06,1719.0,0.00261288
IDEX/BTC,1608422356295,2020-12-19T23:59:16.295Z,buy,1.52e-06,1261.0,0.00191672
IDEX/BTC,1608422646231,2020-12-20T00:04:06.231Z,sell,1.51e-06,22762.0,0.03437062
IDEX/BTC,1608422663674,2020-12-20T00:04:23.674Z,buy,1.51e-06,73.0,0.00011023
IDEX/BTC,1608424457771,2020-12-20T00:34:17.771Z,sell,1.51e-06,4071.0,0.00614721
IDEX/BTC,1608424506812,2020-12-20T00:35:06.812Z,buy,1.51e-06,1255.0,0.00189505
IDEX/BTC,1608424506812,2020-12-20T00:35:06.812Z,buy,1.51e-06,1255.0,0.00189505
IDEX/BTC,1608424788420,2020-12-20T00:39:48.420Z,sell,1.5e-06,3915.0,0.0058725
IDEX/BTC,1608424789237,2020-12-20T00:39:49.237Z,buy,1.5e-06,3112.0,0.004668
IDEX/BTC,1608424808150,2020-12-20T00:40:08.150Z,buy,1.5e-06,67.0,0.0001005
IDEX/BTC,1608425169479,2020-12-20T00:46:09.479Z,sell,1.49e-06,904.0,0.00134696
IDEX/BTC,1608425183712,2020-12-20T00:46:23.712Z,buy,1.5e-06,6140.0,0.00921
IDEX/BTC,1608425183716,2020-12-20T00:46:23.716Z,buy,1.5e-06,5733.0,0.0085995
IDEX/BTC,1608425183725,2020-12-20T00:46:23.725Z,buy,1.5e-06,6098.0,0.009147
IDEX/BTC,1608425183744,2020-12-20T00:46:23.744Z,buy,1.51e-06,614.0,0.00092714
IDEX/BTC,1608425183759,2020-12-20T00:46:23.759Z,buy,1.51e-06,526.0,0.00079426
IDEX/BTC,1608425353524,2020-12-20T00:49:13.524Z,buy,1.51e-06,5227.0,0.00789277
IDEX/BTC,1608425413876,2020-12-20T00:50:13.876Z,buy,1.51e-06,67.0,0.00010117
IDEX/BTC,1608425507527,2020-12-20T00:51:47.527Z,buy,1.52e-06,4629.0,0.00703608
IDEX/BTC,1608425511310,2020-12-20T00:51:51.310Z,sell,1.51e-06,6213.0,0.00938163
IDEX/BTC,1608425511310,2020-12-20T00:51:51.310Z,sell,1.5e-06,67.0,0.0001005
IDEX/BTC,1608425511325,2020-12-20T00:51:51.325Z,buy,1.5e-06,3608.0,0.005412
IDEX/BTC,1608425513074,2020-12-20T00:51:53.074Z,buy,1.5e-06,67.0,0.0001005
IDEX/BTC,1608425523405,2020-12-20T00:52:03.405Z,buy,1.5e-06,45.0,6.75e-05
IDEX/BTC,1608425523424,2020-12-20T00:52:03.424Z,sell,1.5e-06,2037.0,0.0030555
IDEX/BTC,1608425523458,2020-12-20T00:52:03.458Z,sell,1.5e-06,1436.0,0.002154
IDEX/BTC,1608425525277,2020-12-20T00:52:05.277Z,buy,1.51e-06,67.0,0.00010117
IDEX/BTC,1608425525277,2020-12-20T00:52:05.277Z,buy,1.52e-06,3468.0,0.00527136
IDEX/BTC,1608425525285,2020-12-20T00:52:05.285Z,buy,1.52e-06,1929.0,0.00293208
IDEX/BTC,1608425591851,2020-12-20T00:53:11.851Z,sell,1.51e-06,1280.0,0.0019328
IDEX/BTC,1608426757238,2020-12-20T01:12:37.238Z,sell,1.51e-06,67.0,0.00010117
IDEX/BTC,1608427299883,2020-12-20T01:21:39.883Z,buy,1.51e-06,1062.0,0.00160362
IDEX/BTC,1608427299883,2020-12-20T01:21:39.883Z,buy,1.51e-06,1062.0,0.00160362
IDEX/BTC,1608428180161,2020-12-20T01:36:20.161Z,sell,1.5e-06,10592.0,0.015888
IDEX/BTC,1608429837249,2020-12-20T02:03:57.249Z,sell,1.5e-06,4053.0,0.0060795
IDEX/BTC,1608429837249,2020-12-20T02:03:57.249Z,sell,1.5e-06,4053.0,0.0060795
IDEX/BTC,1608431108142,2020-12-20T02:25:08.142Z,sell,1.5e-06,3446.0,0.005169
IDEX/BTC,1608432291251,2020-12-20T02:44:51.251Z,sell,1.49e-06,3697.0,0.0055085299999999
IDEX/BTC,1608432291275,2020-12-20T02:44:51.275Z,buy,1.49e-06,233.0,0.00034717
IDEX/BTC,1608433048528,2020-12-20T02:57:28.528Z,buy,1.5e-06,7336.0,0.011004
IDEX/BTC,1608433048558,2020-12-20T02:57:28.558Z,buy,1.5e-06,2792.0,0.004188
IDEX/BTC,1608433048558,2020-12-20T02:57:28.558Z,buy,1.5e-06,2792.0,0.004188
IDEX/BTC,1608434962406,2020-12-20T03:29:22.406Z,sell,1.5e-06,6838.0,0.010257
IDEX/BTC,1608435221547,2020-12-20T03:33:41.547Z,buy,1.51e-06,34438.0,0.05200138
IDEX/BTC,1608435221547,2020-12-20T03:33:41.547Z,buy,1.52e-06,4501.0,0.00684152
IDEX/BTC,1608435221547,2020-12-20T03:33:41.547Z,buy,1.53e-06,26949.0,0.04123197
IDEX/BTC,1608435227144,2020-12-20T03:33:47.144Z,buy,1.53e-06,30813.0,0.04714389
IDEX/BTC,1608435227154,2020-12-20T03:33:47.154Z,sell,1.53e-06,1011.0,0.00154683
IDEX/BTC,1608435227160,2020-12-20T03:33:47.160Z,sell,1.53e-06,9061.0,0.01386333
IDEX/BTC,1608435577785,2020-12-20T03:39:37.785Z,buy,1.53e-06,186.0,0.00028458
IDEX/BTC,1608435941282,2020-12-20T03:45:41.282Z,buy,1.53e-06,67.0,0.0001025099999999
IDEX/BTC,1608435941282,2020-12-20T03:45:41.282Z,buy,1.54e-06,645.0,0.0009933
IDEX/BTC,1608435941282,2020-12-20T03:45:41.282Z,buy,1.53e-06,67.0,0.0001025099999999
IDEX/BTC,1608435941282,2020-12-20T03:45:41.282Z,buy,1.54e-06,645.0,0.0009933
IDEX/BTC,1608436733273,2020-12-20T03:58:53.273Z,sell,1.53e-06,642.0,0.00098226
IDEX/BTC,1608436828668,2020-12-20T04:00:28.668Z,sell,1.52e-06,360.0,0.0005472
IDEX/BTC,1608436839338,2020-12-20T04:00:39.338Z,buy,1.53e-06,66.0,0.00010098
IDEX/BTC,1608438594353,2020-12-20T04:29:54.353Z,sell,1.52e-06,185.0,0.0002812
IDEX/BTC,1608439082416,2020-12-20T04:38:02.416Z,buy,1.53e-06,3804.0,0.00582012
IDEX/BTC,1608439082416,2020-12-20T04:38:02.416Z,buy,1.54e-06,88692.0,0.13658568
IDEX/BTC,1608439082416,2020-12-20T04:38:02.416Z,buy,1.53e-06,3804.0,0.00582012
IDEX/BTC,1608439082416,2020-12-20T04:38:02.416Z,buy,1.54e-06,88692.0,0.13658568
IDEX/BTC,1608439561918,2020-12-20T04:46:01.918Z,buy,1.54e-06,4172.0,0.00642488
IDEX/BTC,1608439700893,2020-12-20T04:48:20.893Z,buy,1.54e-06,66.0,0.00010164
IDEX/BTC,1608439701948,2020-12-20T04:48:21.948Z,sell,1.54e-06,79.0,0.00012166
IDEX/BTC,1608439748140,2020-12-20T04:49:08.140Z,sell,1.54e-06,66.0,0.00010164
IDEX/BTC,1608439837675,2020-12-20T04:50:37.675Z,buy,1.55e-06,11648.0,0.0180543999999999
IDEX/BTC,1608439879922,2020-12-20T04:51:19.922Z,sell,1.55e-06,18532.0,0.0287246
IDEX/BTC,1608440008528,2020-12-20T04:53:28.528Z,sell,1.55e-06,2016.0,0.0031248
IDEX/BTC,1608440008530,2020-12-20T04:53:28.530Z,sell,1.55e-06,651.0,0.00100905
IDEX/BTC,1608440008548,2020-12-20T04:53:28.548Z,sell,1.55e-06,5944.0,0.0092132
IDEX/BTC,1608440008579,2020-12-20T04:53:28.579Z,sell,1.55e-06,5941.0,0.00920855
IDEX/BTC,1608440008580,2020-12-20T04:53:28.580Z,sell,1.55e-06,2401.0,0.00372155
IDEX/BTC,1608440183232,2020-12-20T04:56:23.232Z,sell,1.54e-06,2945.0,0.0045353
IDEX/BTC,1608440337238,2020-12-20T04:58:57.238Z,sell,1.54e-06,367.0,0.00056518
IDEX/BTC,1608441238742,2020-12-20T05:13:58.742Z,buy,1.55e-06,1236.0,0.0019158
IDEX/BTC,1608441885938,2020-12-20T05:24:45.938Z,sell,1.54e-06,3141.0,0.00483714
IDEX/BTC,1608441885939,2020-12-20T05:24:45.939Z,sell,1.54e-06,1298.0,0.00199892
IDEX/BTC,1608442085895,2020-12-20T05:28:05.895Z,buy,1.54e-06,285.0,0.0004389
IDEX/BTC,1608442129432,2020-12-20T05:28:49.432Z,buy,1.54e-06,16173.0,0.02490642
IDEX/BTC,1608442144356,2020-12-20T05:29:04.356Z,buy,1.54e-06,3474.0,0.00534996
IDEX/BTC,1608442144356,2020-12-20T05:29:04.356Z,buy,1.54e-06,3474.0,0.00534996
IDEX/BTC,1608442827447,2020-12-20T05:40:27.447Z,sell,1.53e-06,2954.0,0.00451962
IDEX/BTC,1608442924059,2020-12-20T05:42:04.059Z,sell,1.53e-06,66.0,0.00010098
IDEX/BTC,1608442924059,2020-12-20T05:42:04.059Z,sell,1.52e-06,151.0,0.00022952
IDEX/BTC,1608443631167,2020-12-20T05:53:51.167Z,sell,1.52e-06,8415.0,0.0127908
IDEX/BTC,1608443631167,2020-12-20T05:53:51.167Z,sell,1.51e-06,7741.0,0.01168891
IDEX/BTC,1608443633838,2020-12-20T05:53:53.838Z,buy,1.52e-06,67.0,0.00010184
IDEX/BTC,1608443809887,2020-12-20T05:56:49.887Z,buy,1.53e-06,91.0,0.00013923
IDEX/BTC,1608444350213,2020-12-20T06:05:50.213Z,sell,1.52e-06,66.0,0.00010032
IDEX/BTC,1608444540871,2020-12-20T06:09:00.871Z,buy,1.52e-06,987.0,0.00150024
IDEX/BTC,1608444599975,2020-12-20T06:09:59.975Z,buy,1.52e-06,3617.0,0.00549784
IDEX/BTC,1608445235889,2020-12-20T06:20:35.889Z,sell,1.51e-06,147.0,0.00022197
IDEX/BTC,1608445657281,2020-12-20T06:27:37.281Z,sell,1.51e-06,67.0,0.00010117
IDEX/BTC,1608445669034,2020-12-20T06:27:49.034Z,buy,1.51e-06,18197.0,0.02747747
IDEX/BTC,1608445674306,2020-12-20T06:27:54.306Z,buy,1.51e-06,16824.0,0.0254042399999999
IDEX/BTC,1608445679512,2020-12-20T06:27:59.512Z,buy,1.51e-06,14828.0,0.02239028
IDEX/BTC,1608445686749,2020-12-20T06:28:06.749Z,buy,1.51e-06,16339.0,0.02467189
IDEX/BTC,1608445691771,2020-12-20T06:28:11.771Z,buy,1.51e-06,14028.0,0.0211822799999999
IDEX/BTC,1608445691771,2020-12-20T06:28:11.771Z,buy,1.51e-06,14028.0,0.0211822799999999
IDEX/BTC,1608445790299,2020-12-20T06:29:50.299Z,sell,1.5e-06,8683.0,0.0130245
IDEX/BTC,1608445808511,2020-12-20T06:30:08.511Z,buy,1.5e-06,67.0,0.0001005
IDEX/BTC,1608445825591,2020-12-20T06:30:25.591Z,buy,1.5e-06,73.0,0.0001095
IDEX/BTC,1608446081568,2020-12-20T06:34:41.568Z,sell,1.49e-06,4167.0,0.0062088299999999
IDEX/BTC,1608446168255,2020-12-20T06:36:08.255Z,buy,1.49e-06,68.0,0.00010132
IDEX/BTC,1608446223148,2020-12-20T06:37:03.148Z,buy,1.49e-06,74.0,0.0001102599999999
IDEX/BTC,1608446298592,2020-12-20T06:38:18.592Z,sell,1.48e-06,13839.0,0.02048172
IDEX/BTC,1608446298592,2020-12-20T06:38:18.592Z,sell,1.47e-06,116765.0,0.1716445499999999
IDEX/BTC,1608446298592,2020-12-20T06:38:18.592Z,sell,1.46e-06,408.0,0.00059568
IDEX/BTC,1608446298598,2020-12-20T06:38:18.598Z,buy,1.47e-06,78692.0,0.1156772399999999
IDEX/BTC,1608446298614,2020-12-20T06:38:18.614Z,buy,1.47e-06,474.0,0.0006967799999999
IDEX/BTC,1608446298637,2020-12-20T06:38:18.637Z,buy,1.47e-06,270.0,0.0003969
IDEX/BTC,1608446299310,2020-12-20T06:38:19.310Z,buy,1.47e-06,88.0,0.00012936
IDEX/BTC,1608446312089,2020-12-20T06:38:32.089Z,sell,1.46e-06,69.0,0.00010074
IDEX/BTC,1608446343187,2020-12-20T06:39:03.187Z,buy,1.47e-06,3275.0,0.00481425
IDEX/BTC,1608446357118,2020-12-20T06:39:17.118Z,sell,1.46e-06,335.0,0.0004891
IDEX/BTC,1608446373617,2020-12-20T06:39:33.617Z,buy,1.47e-06,41550.0,0.0610784999999999
IDEX/BTC,1608446377886,2020-12-20T06:39:37.886Z,sell,1.47e-06,285.0,0.0004189499999999
IDEX/BTC,1608446410888,2020-12-20T06:40:10.888Z,buy,1.48e-06,82.0,0.00012136
IDEX/BTC,1608446569708,2020-12-20T06:42:49.708Z,buy,1.48e-06,14614.0,0.02162872
IDEX/BTC,1608446621529,2020-12-20T06:43:41.529Z,sell,1.47e-06,2441.0,0.0035882699999999
IDEX/BTC,1608446899082,2020-12-20T06:48:19.082Z,buy,1.48e-06,28564.0,0.04227472
IDEX/BTC,1608447673040,2020-12-20T07:01:13.040Z,sell,1.47e-06,10818.0,0.01590246
IDEX/BTC,1608447684401,2020-12-20T07:01:24.401Z,sell,1.46e-06,69.0,0.00010074
IDEX/BTC,1608447752833,2020-12-20T07:02:32.833Z,buy,1.47e-06,75.0,0.00011025
IDEX/BTC,1608447814565,2020-12-20T07:03:34.565Z,buy,1.47e-06,717.0,0.0010539899999999
IDEX/BTC,1608448011915,2020-12-20T07:06:51.915Z,buy,1.48e-06,200.0,0.000296
IDEX/BTC,1608448173866,2020-12-20T07:09:33.866Z,buy,1.47e-06,13172.0,0.01936284
IDEX/BTC,1608448191887,2020-12-20T07:09:51.887Z,buy,1.48e-06,16750.0,0.02479
IDEX/BTC,1608448882402,2020-12-20T07:21:22.402Z,sell,1.46e-06,297.0,0.00043362
IDEX/BTC,1608448980918,2020-12-20T07:23:00.918Z,sell,1.46e-06,298.0,0.00043508
IDEX/BTC,1608449200254,2020-12-20T07:26:40.254Z,buy,1.48e-06,676.0,0.00100048
IDEX/BTC,1608449201717,2020-12-20T07:26:41.717Z,buy,1.48e-06,69.0,0.00010212
IDEX/BTC,1608449203475,2020-12-20T07:26:43.475Z,buy,1.48e-06,1013.0,0.00149924
IDEX/BTC,1608449203475,2020-12-20T07:26:43.475Z,buy,1.48e-06,1013.0,0.00149924
IDEX/BTC,1608450687268,2020-12-20T07:51:27.268Z,sell,1.47e-06,16029.0,0.0235626299999999
IDEX/BTC,1608451396860,2020-12-20T08:03:16.860Z,sell,1.47e-06,2266.0,0.0033310199999999
IDEX/BTC,1608451396865,2020-12-20T08:03:16.865Z,sell,1.47e-06,1999.0,0.00293853
IDEX/BTC,1608451396924,2020-12-20T08:03:16.924Z,sell,1.47e-06,2266.0,0.0033310199999999
IDEX/BTC,1608451488843,2020-12-20T08:04:48.843Z,sell,1.47e-06,1490.0,0.0021903
IDEX/BTC,1608451500061,2020-12-20T08:05:00.061Z,sell,1.46e-06,37326.0,0.05449596
IDEX/BTC,1608452307386,2020-12-20T08:18:27.386Z,buy,1.47e-06,16963.0,0.0249356099999999
IDEX/BTC,1608452308214,2020-12-20T08:18:28.214Z,buy,1.47e-06,15749.0,0.02315103
IDEX/BTC,1608452317512,2020-12-20T08:18:37.512Z,buy,1.47e-06,4675.0,0.00687225
IDEX/BTC,1608452317512,2020-12-20T08:18:37.512Z,buy,1.48e-06,11666.0,0.01726568
IDEX/BTC,1608452339132,2020-12-20T08:18:59.132Z,sell,1.46e-06,571.0,0.00083366
IDEX/BTC,1608452351677,2020-12-20T08:19:11.677Z,buy,1.47e-06,3181.0,0.00467607
IDEX/BTC,1608452368174,2020-12-20T08:19:28.174Z,buy,1.47e-06,16291.0,0.0239477699999999
IDEX/BTC,1608452714756,2020-12-20T08:25:14.756Z,buy,1.47e-06,15367.0,0.0225894899999999
IDEX/BTC,1608452714837,2020-12-20T08:25:14.837Z,buy,1.47e-06,4795.0,0.0070486499999999
IDEX/BTC,1608452714837,2020-12-20T08:25:14.837Z,buy,1.47e-06,4795.0,0.0070486499999999
IDEX/BTC,1608454194540,2020-12-20T08:49:54.540Z,sell,1.47e-06,1259.0,0.0018507299999999
IDEX/BTC,1608454479995,2020-12-20T08:54:39.995Z,buy,1.48e-06,303.0,0.00044844
IDEX/BTC,1608454700679,2020-12-20T08:58:20.679Z,sell,1.47e-06,3390.0,0.0049832999999999
IDEX/BTC,1608454711853,2020-12-20T08:58:31.853Z,sell,1.46e-06,12140.0,0.0177244
IDEX/BTC,1608454713613,2020-12-20T08:58:33.613Z,sell,1.46e-06,11842.0,0.01728932
IDEX/BTC,1608454725966,2020-12-20T08:58:45.966Z,sell,1.47e-06,69.0,0.00010143
IDEX/BTC,1608454812950,2020-12-20T09:00:12.950Z,sell,1.47e-06,1496.0,0.0021991199999999
IDEX/BTC,1608455243892,2020-12-20T09:07:23.892Z,buy,1.48e-06,8823.0,0.01305804
IDEX/BTC,1608455243901,2020-12-20T09:07:23.901Z,buy,1.48e-06,747.0,0.00110556
IDEX/BTC,1608455348098,2020-12-20T09:09:08.098Z,sell,1.48e-06,69.0,0.00010212
IDEX/BTC,1608456163439,2020-12-20T09:22:43.439Z,buy,1.49e-06,1528.0,0.00227672
IDEX/BTC,1608456163448,2020-12-20T09:22:43.448Z,buy,1.49e-06,766.0,0.00114134
IDEX/BTC,1608456163448,2020-12-20T09:22:43.448Z,buy,1.49e-06,766.0,0.00114134
IDEX/BTC,1608456892574,2020-12-20T09:34:52.574Z,sell,1.48e-06,9452.0,0.01398896
IDEX/BTC,1608458831595,2020-12-20T10:07:11.595Z,sell,1.48e-06,724.0,0.00107152
IDEX/BTC,1608458901384,2020-12-20T10:08:21.384Z,sell,1.48e-06,3361.0,0.00497428
IDEX/BTC,1608458901384,2020-12-20T10:08:21.384Z,sell,1.47e-06,13389.0,0.0196818299999999
IDEX/BTC,1608459106205,2020-12-20T10:11:46.205Z,sell,1.48e-06,2044.0,0.00302512
IDEX/BTC,1608459369323,2020-12-20T10:16:09.323Z,sell,1.47e-06,203.0,0.00029841
IDEX/BTC,1608459394996,2020-12-20T10:16:34.996Z,sell,1.47e-06,226.0,0.00033222
IDEX/BTC,1608459394996,2020-12-20T10:16:34.996Z,sell,1.47e-06,226.0,0.00033222
IDEX/BTC,1608460504474,2020-12-20T10:35:04.474Z,buy,1.48e-06,69.0,0.00010212
IDEX/BTC,1608460521912,2020-12-20T10:35:21.912Z,buy,1.49e-06,844.0,0.00125756
IDEX/BTC,1608460574884,2020-12-20T10:36:14.884Z,buy,1.49e-06,6517.0,0.00971033
IDEX/BTC,1608460574884,2020-12-20T10:36:14.884Z,buy,1.5e-06,14991.0,0.0224865
IDEX/BTC,1608460584703,2020-12-20T10:36:24.703Z,buy,1.51e-06,5438.0,0.0082113799999999
IDEX/BTC,1608460584703,2020-12-20T10:36:24.703Z,buy,1.52e-06,10377.0,0.01577304
IDEX/BTC,1608460584703,2020-12-20T10:36:24.703Z,buy,1.53e-06,9033.0,0.01382049
IDEX/BTC,1608460595371,2020-12-20T10:36:35.371Z,buy,1.54e-06,70861.0,0.10912594
IDEX/BTC,1608460610118,2020-12-20T10:36:50.118Z,sell,1.53e-06,66.0,0.00010098
IDEX/BTC,1608460611393,2020-12-20T10:36:51.393Z,sell,1.53e-06,515.0,0.0007879499999999
IDEX/BTC,1608460613507,2020-12-20T10:36:53.507Z,buy,1.53e-06,1028.0,0.00157284
IDEX/BTC,1608460615874,2020-12-20T10:36:55.874Z,sell,1.53e-06,417.0,0.0006380099999999
IDEX/BTC,1608460615878,2020-12-20T10:36:55.878Z,sell,1.53e-06,417.0,0.0006380099999999
IDEX/BTC,1608460616885,2020-12-20T10:36:56.885Z,sell,1.53e-06,80.0,0.0001224
IDEX/BTC,1608460626379,2020-12-20T10:37:06.379Z,buy,1.54e-06,66.0,0.00010164
IDEX/BTC,1608460626387,2020-12-20T10:37:06.387Z,sell,1.54e-06,442.0,0.00068068
IDEX/BTC,1608460626510,2020-12-20T10:37:06.510Z,sell,1.53e-06,3760.0,0.0057528
IDEX/BTC,1608460628422,2020-12-20T10:37:08.422Z,sell,1.53e-06,66.0,0.00010098
IDEX/BTC,1608460629388,2020-12-20T10:37:09.388Z,sell,1.53e-06,442.0,0.00067626
IDEX/BTC,1608460688152,2020-12-20T10:38:08.152Z,sell,1.53e-06,68.0,0.00010404
IDEX/BTC,1608460748375,2020-12-20T10:39:08.375Z,sell,1.53e-06,68.0,0.00010404
IDEX/BTC,1608460760349,2020-12-20T10:39:20.349Z,sell,1.53e-06,687.0,0.00105111
IDEX/BTC,1608460763382,2020-12-20T10:39:23.382Z,buy,1.54e-06,486.0,0.00074844
IDEX/BTC,1608460765398,2020-12-20T10:39:25.398Z,sell,1.53e-06,725.0,0.00110925
IDEX/BTC,1608460774415,2020-12-20T10:39:34.415Z,sell,1.53e-06,486.0,0.00074358
IDEX/BTC,1608460837861,2020-12-20T10:40:37.861Z,sell,1.53e-06,428.0,0.00065484
IDEX/BTC,1608460856025,2020-12-20T10:40:56.025Z,sell,1.53e-06,12113.0,0.01853289
IDEX/BTC,1608460856025,2020-12-20T10:40:56.025Z,sell,1.52e-06,1052.0,0.00159904
IDEX/BTC,1608460871188,2020-12-20T10:41:11.188Z,sell,1.51e-06,69.0,0.0001041899999999
IDEX/BTC,1608460879515,2020-12-20T10:41:19.515Z,sell,1.52e-06,67.0,0.00010184
IDEX/BTC,1608461056377,2020-12-20T10:44:16.377Z,sell,1.52e-06,3846.0,0.00584592
IDEX/BTC,1608461056377,2020-12-20T10:44:16.377Z,sell,1.51e-06,13220.0,0.0199622
IDEX/BTC,1608461551009,2020-12-20T10:52:31.009Z,sell,1.51e-06,10000.0,0.0150999999999999
IDEX/BTC,1608462518977,2020-12-20T11:08:38.977Z,sell,1.52e-06,4678.0,0.00711056
IDEX/BTC,1608462518977,2020-12-20T11:08:38.977Z,sell,1.51e-06,4041.0,0.0061019099999999
IDEX/BTC,1608462518986,2020-12-20T11:08:38.986Z,buy,1.51e-06,5452.0,0.00823252
IDEX/BTC,1608462518987,2020-12-20T11:08:38.987Z,buy,1.51e-06,4678.0,0.0070637799999999
IDEX/BTC,1608462519307,2020-12-20T11:08:39.307Z,sell,1.5e-06,4678.0,0.007017
IDEX/BTC,1608462532680,2020-12-20T11:08:52.680Z,sell,1.5e-06,67.0,0.0001005
IDEX/BTC,1608462532933,2020-12-20T11:08:52.933Z,sell,1.5e-06,3194.0,0.004791
IDEX/BTC,1608462547475,2020-12-20T11:09:07.475Z,sell,1.49e-06,15284.0,0.0227731599999999
IDEX/BTC,1608462559055,2020-12-20T11:09:19.055Z,sell,1.48e-06,68.0,0.00010064
IDEX/BTC,1608462565084,2020-12-20T11:09:25.084Z,sell,1.49e-06,68.0,0.00010132
IDEX/BTC,1608462571504,2020-12-20T11:09:31.504Z,sell,1.49e-06,8.0,1.192e-05
IDEX/BTC,1608462583069,2020-12-20T11:09:43.069Z,buy,1.49e-06,379.0,0.00056471
IDEX/BTC,1608462583069,2020-12-20T11:09:43.069Z,buy,1.5e-06,235.0,0.0003525
IDEX/BTC,1608462715638,2020-12-20T11:11:55.638Z,buy,1.51e-06,73.0,0.00011023
IDEX/BTC,1608462715638,2020-12-20T11:11:55.638Z,buy,1.51e-06,73.0,0.00011023
IDEX/BTC,1608463100452,2020-12-20T11:18:20.452Z,buy,1.51e-06,7123.0,0.01075573
IDEX/BTC,1608463474959,2020-12-20T11:24:34.959Z,buy,1.52e-06,11000.0,0.01672
IDEX/BTC,1608464261776,2020-12-20T11:37:41.776Z,buy,1.52e-06,300.0,0.000456
IDEX/BTC,1608464271826,2020-12-20T11:37:51.826Z,buy,1.52e-06,295.0,0.0004484
IDEX/BTC,1608464315041,2020-12-20T11:38:35.041Z,buy,1.52e-06,3445.0,0.0052364
IDEX/BTC,1608465752597,2020-12-20T12:02:32.597Z,sell,1.51e-06,3986.0,0.00601886
IDEX/BTC,1608465945915,2020-12-20T12:05:45.915Z,sell,1.51e-06,67.0,0.00010117
IDEX/BTC,1608465945915,2020-12-20T12:05:45.915Z,sell,1.5e-06,11197.0,0.0167955
IDEX/BTC,1608465957418,2020-12-20T12:05:57.418Z,sell,1.5e-06,67.0,0.0001005
IDEX/BTC,1608466227954,2020-12-20T12:10:27.954Z,sell,1.5e-06,3665.0,0.0054975
IDEX/BTC,1608466227954,2020-12-20T12:10:27.954Z,sell,1.49e-06,6335.0,0.00943915
IDEX/BTC,1608466252769,2020-12-20T12:10:52.769Z,sell,1.49e-06,68.0,0.00010132
IDEX/BTC,1608466252769,2020-12-20T12:10:52.769Z,sell,1.49e-06,68.0,0.00010132
IDEX/BTC,1608466339272,2020-12-20T12:12:19.272Z,sell,1.49e-06,1205.0,0.0017954499999999
IDEX/BTC,1608466396380,2020-12-20T12:13:16.380Z,sell,1.49e-06,3832.0,0.00570968
IDEX/BTC,1608466712576,2020-12-20T12:18:32.576Z,sell,1.49e-06,68.0,0.00010132
IDEX/BTC,1608467142298,2020-12-20T12:25:42.298Z,buy,1.5e-06,2814.0,0.004221
IDEX/BTC,1608467362193,2020-12-20T12:29:22.193Z,buy,1.5e-06,374.0,0.000561
IDEX/BTC,1608467499861,2020-12-20T12:31:39.861Z,buy,1.5e-06,3311.0,0.0049665
IDEX/BTC,1608467539204,2020-12-20T12:32:19.204Z,buy,1.51e-06,3292.0,0.00497092
IDEX/BTC,1608467661191,2020-12-20T12:34:21.191Z,buy,1.51e-06,1042.0,0.0015734199999999
IDEX/BTC,1608467721251,2020-12-20T12:35:21.251Z,sell,1.51e-06,5601.0,0.00845751
IDEX/BTC,1608467721251,2020-12-20T12:35:21.251Z,sell,1.5e-06,301.0,0.0004515
IDEX/BTC,1608467721251,2020-12-20T12:35:21.251Z,sell,1.49e-06,57980.0,0.0863902
IDEX/BTC,1608467721251,2020-12-20T12:35:21.251Z,sell,1.48e-06,3377.0,0.00499796
IDEX/BTC,1608467721251,2020-12-20T12:35:21.251Z,sell,1.47e-06,19992.0,0.02938824
IDEX/BTC,1608467721251,2020-12-20T12:35:21.251Z,sell,1.46e-06,13585.0,0.0198341
IDEX/BTC,1608467721251,2020-12-20T12:35:21.251Z,sell,1.45e-06,60994.0,0.0884413
IDEX/BTC,1608467721251,2020-12-20T12:35:21.251Z,sell,1.44e-06,403.0,0.00058032
IDEX/BTC,1608467721251,2020-12-20T12:35:21.251Z,sell,1.43e-06,34149.0,0.04883307
IDEX/BTC,1608467721484,2020-12-20T12:35:21.484Z,buy,1.49e-06,118.0,0.0001758199999999
IDEX/BTC,1608467724530,2020-12-20T12:35:24.530Z,sell,1.47e-06,736.0,0.0010819199999999
IDEX/BTC,1608467726833,2020-12-20T12:35:26.833Z,sell,1.47e-06,34079.0,0.0500961299999999
IDEX/BTC,1608467729508,2020-12-20T12:35:29.508Z,sell,1.46e-06,69.0,0.00010074
IDEX/BTC,1608467730034,2020-12-20T12:35:30.034Z,sell,1.46e-06,70.0,0.0001022
IDEX/BTC,1608467730565,2020-12-20T12:35:30.565Z,sell,1.46e-06,70.0,0.0001022
IDEX/BTC,1608467732777,2020-12-20T12:35:32.777Z,sell,1.46e-06,69.0,0.00010074
IDEX/BTC,1608467751041,2020-12-20T12:35:51.041Z,buy,1.47e-06,1432.0,0.00210504
IDEX/BTC,1608467751041,2020-12-20T12:35:51.041Z,buy,1.48e-06,238.0,0.00035224
IDEX/BTC,1608467759500,2020-12-20T12:35:59.500Z,sell,1.48e-06,1073.0,0.00158804
IDEX/BTC,1608467831781,2020-12-20T12:37:11.781Z,buy,1.49e-06,81.0,0.00012069
IDEX/BTC,1608467971115,2020-12-20T12:39:31.115Z,buy,1.49e-06,5697.0,0.00848853
IDEX/BTC,1608467986204,2020-12-20T12:39:46.204Z,sell,1.49e-06,74.0,0.0001102599999999
IDEX/BTC,1608467999208,2020-12-20T12:39:59.208Z,sell,1.49e-06,5686.0,0.00847214
IDEX/BTC,1608468035930,2020-12-20T12:40:35.930Z,sell,1.49e-06,881.0,0.00131269
IDEX/BTC,1608468047939,2020-12-20T12:40:47.939Z,buy,1.5e-06,73.0,0.0001095
IDEX/BTC,1608468060795,2020-12-20T12:41:00.795Z,sell,1.49e-06,113.0,0.00016837
IDEX/BTC,1608468118342,2020-12-20T12:41:58.342Z,buy,1.5e-06,14147.0,0.0212205
IDEX/BTC,1608468118342,2020-12-20T12:41:58.342Z,buy,1.51e-06,98136.0,0.14818536
IDEX/BTC,1608468122605,2020-12-20T12:42:02.605Z,buy,1.52e-06,60834.0,0.09246768
IDEX/BTC,1608468122605,2020-12-20T12:42:02.605Z,buy,1.53e-06,5685.0,0.00869805
IDEX/BTC,1608468148363,2020-12-20T12:42:28.363Z,sell,1.52e-06,1475.0,0.002242
IDEX/BTC,1608468150442,2020-12-20T12:42:30.442Z,buy,1.53e-06,66.0,0.00010098
IDEX/BTC,1608468150442,2020-12-20T12:42:30.442Z,buy,1.54e-06,782.0,0.00120428
IDEX/BTC,1608468170742,2020-12-20T12:42:50.742Z,buy,1.55e-06,2847.0,0.00441285
IDEX/BTC,1608468170988,2020-12-20T12:42:50.988Z,sell,1.55e-06,71.0,0.00011005
IDEX/BTC,1608468173773,2020-12-20T12:42:53.773Z,sell,1.55e-06,1097.0,0.00170035
IDEX/BTC,1608468180946,2020-12-20T12:43:00.946Z,sell,1.55e-06,16310.0,0.0252805
IDEX/BTC,1608468183860,2020-12-20T12:43:03.860Z,sell,1.55e-06,3557.0,0.00551335
IDEX/BTC,1608468187112,2020-12-20T12:43:07.112Z,sell,1.55e-06,3173.0,0.00491815
IDEX/BTC,1608468187112,2020-12-20T12:43:07.112Z,sell,1.54e-06,65.0,0.0001001
IDEX/BTC,1608468187112,2020-12-20T12:43:07.112Z,sell,1.53e-06,5556.0,0.00850068
IDEX/BTC,1608468187112,2020-12-20T12:43:07.112Z,sell,1.52e-06,66.0,0.00010032
IDEX/BTC,1608468189083,2020-12-20T12:43:09.083Z,buy,1.52e-06,79.0,0.00012008
IDEX/BTC,1608468193878,2020-12-20T12:43:13.878Z,buy,1.52e-06,416.0,0.00063232
IDEX/BTC,1608468193890,2020-12-20T12:43:13.890Z,buy,1.52e-06,630.0,0.0009576
IDEX/BTC,1608468230392,2020-12-20T12:43:50.392Z,buy,1.53e-06,66.0,0.00010098
IDEX/BTC,1608468251800,2020-12-20T12:44:11.800Z,sell,1.53e-06,2507.0,0.00383571
IDEX/BTC,1608468294825,2020-12-20T12:44:54.825Z,buy,1.53e-06,1139.0,0.00174267
IDEX/BTC,1608468394314,2020-12-20T12:46:34.314Z,sell,1.53e-06,108.0,0.0001652399999999
IDEX/BTC,1608468394314,2020-12-20T12:46:34.314Z,sell,1.52e-06,244.0,0.00037088
IDEX/BTC,1608468497415,2020-12-20T12:48:17.415Z,buy,1.53e-06,66.0,0.00010098
IDEX/BTC,1608468576541,2020-12-20T12:49:36.541Z,sell,1.53e-06,3795.0,0.00580635
IDEX/BTC,1608468620703,2020-12-20T12:50:20.703Z,sell,1.52e-06,278.0,0.00042256
IDEX/BTC,1608468746002,2020-12-20T12:52:26.002Z,sell,1.52e-06,65454.0,0.09949008
IDEX/BTC,1608468805028,2020-12-20T12:53:25.028Z,sell,1.52e-06,3375.0,0.00513
IDEX/BTC,1608468805028,2020-12-20T12:53:25.028Z,sell,1.51e-06,365.0,0.0005511499999999
IDEX/BTC,1608468829651,2020-12-20T12:53:49.651Z,sell,1.51e-06,4642.0,0.00700942
IDEX/BTC,1608468856544,2020-12-20T12:54:16.544Z,sell,1.5e-06,19043.0,0.0285645
IDEX/BTC,1608468880863,2020-12-20T12:54:40.863Z,sell,1.5e-06,67.0,0.0001005
IDEX/BTC,1608468948415,2020-12-20T12:55:48.415Z,buy,1.51e-06,67.0,0.00010117
IDEX/BTC,1608468948415,2020-12-20T12:55:48.415Z,buy,1.52e-06,16.0,2.432e-05
IDEX/BTC,1608469000888,2020-12-20T12:56:40.888Z,sell,1.5e-06,2474.0,0.003711
IDEX/BTC,1608469038320,2020-12-20T12:57:18.320Z,sell,1.5e-06,4675.0,0.0070125
IDEX/BTC,1608469069697,2020-12-20T12:57:49.697Z,buy,1.5e-06,319.0,0.0004785
IDEX/BTC,1608469089331,2020-12-20T12:58:09.331Z,buy,1.5e-06,3203.0,0.0048045
IDEX/BTC,1608469095947,2020-12-20T12:58:15.947Z,buy,1.5e-06,73.0,0.0001095
IDEX/BTC,1608469144536,2020-12-20T12:59:04.536Z,buy,1.5e-06,138.0,0.000207
IDEX/BTC,1608469160255,2020-12-20T12:59:20.255Z,sell,1.49e-06,359.0,0.00053491
IDEX/BTC,1608469171293,2020-12-20T12:59:31.293Z,sell,1.49e-06,68.0,0.00010132
IDEX/BTC,1608469188576,2020-12-20T12:59:48.576Z,buy,1.5e-06,311.0,0.0004665
IDEX/BTC,1608469200761,2020-12-20T13:00:00.761Z,sell,1.49e-06,330.0,0.0004917
IDEX/BTC,1608469202327,2020-12-20T13:00:02.327Z,buy,1.5e-06,312.0,0.000468
IDEX/BTC,1608469205567,2020-12-20T13:00:05.567Z,buy,1.51e-06,132.0,0.0001993199999999
IDEX/BTC,1608469247806,2020-12-20T13:00:47.806Z,buy,1.51e-06,101.0,0.00015251
IDEX/BTC,1608469247821,2020-12-20T13:00:47.821Z,sell,1.51e-06,352.0,0.00053152
IDEX/BTC,1608469247823,2020-12-20T13:00:47.823Z,sell,1.51e-06,32.0,4.832e-05
IDEX/BTC,1608469250808,2020-12-20T13:00:50.808Z,sell,1.5e-06,485.0,0.0007275
IDEX/BTC,1608469283670,2020-12-20T13:01:23.670Z,buy,1.51e-06,67.0,0.00010117
IDEX/BTC,1608469296864,2020-12-20T13:01:36.864Z,sell,1.5e-06,301.0,0.0004515
IDEX/BTC,1608469310272,2020-12-20T13:01:50.272Z,sell,1.49e-06,68.0,0.00010132
IDEX/BTC,1608469313081,2020-12-20T13:01:53.081Z,buy,1.51e-06,67.0,0.00010117
IDEX/BTC,1608469313667,2020-12-20T13:01:53.667Z,sell,1.49e-06,137.0,0.0002041299999999
IDEX/BTC,1608469326346,2020-12-20T13:02:06.346Z,sell,1.49e-06,12793.0,0.01906157
IDEX/BTC,1608469329924,2020-12-20T13:02:09.924Z,buy,1.5e-06,68.0,0.000102
IDEX/BTC,1608469329946,2020-12-20T13:02:09.946Z,sell,1.5e-06,3235.0,0.0048525
IDEX/BTC,1608469356130,2020-12-20T13:02:36.130Z,buy,1.5e-06,306.0,0.000459
IDEX/BTC,1608469373450,2020-12-20T13:02:53.450Z,sell,1.49e-06,68.0,0.00010132
IDEX/BTC,1608469373450,2020-12-20T13:02:53.450Z,sell,1.48e-06,4117.0,0.00609316
IDEX/BTC,1608469373450,2020-12-20T13:02:53.450Z,sell,1.47e-06,4392.0,0.0064562399999999
IDEX/BTC,1608469373450,2020-12-20T13:02:53.450Z,sell,1.46e-06,6689.0,0.00976594
IDEX/BTC,1608469382873,2020-12-20T13:03:02.873Z,buy,1.47e-06,69.0,0.00010143
IDEX/BTC,1608469393309,2020-12-20T13:03:13.309Z,sell,1.47e-06,69.0,0.00010143
IDEX/BTC,1608469402631,2020-12-20T13:03:22.631Z,sell,1.47e-06,1029.0,0.0015126299999999
IDEX/BTC,1608469402631,2020-12-20T13:03:22.631Z,sell,1.46e-06,22549.0,0.03292154
IDEX/BTC,1608469403950,2020-12-20T13:03:23.950Z,buy,1.48e-06,69.0,0.00010212
IDEX/BTC,1608469410347,2020-12-20T13:03:30.347Z,buy,1.49e-06,236.0,0.0003516399999999
IDEX/BTC,1608469438929,2020-12-20T13:03:58.929Z,buy,1.5e-06,1266.0,0.001899
IDEX/BTC,1608469442000,2020-12-20T13:04:02.000Z,buy,1.5e-06,1552.0,0.002328
IDEX/BTC,1608469445433,2020-12-20T13:04:05.433Z,sell,1.5e-06,448.0,0.000672
IDEX/BTC,1608469454372,2020-12-20T13:04:14.372Z,buy,1.5e-06,2483.0,0.0037245
IDEX/BTC,1608469454372,2020-12-20T13:04:14.372Z,buy,1.51e-06,53074.0,0.08014174
IDEX/BTC,1608469458402,2020-12-20T13:04:18.402Z,buy,1.52e-06,16694.0,0.02537488
IDEX/BTC,1608469458402,2020-12-20T13:04:18.402Z,buy,1.53e-06,44155.0,0.06755715
IDEX/BTC,1608469463796,2020-12-20T13:04:23.796Z,sell,1.51e-06,322.0,0.00048622
IDEX/BTC,1608469466139,2020-12-20T13:04:26.139Z,buy,1.53e-06,36509.0,0.05585877
IDEX/BTC,1608469466139,2020-12-20T13:04:26.139Z,buy,1.54e-06,7712.0,0.01187648
IDEX/BTC,1608469478178,2020-12-20T13:04:38.178Z,buy,1.53e-06,66.0,0.00010098
IDEX/BTC,1608469486516,2020-12-20T13:04:46.516Z,sell,1.52e-06,66.0,0.00010032
IDEX/BTC,1608469504583,2020-12-20T13:05:04.583Z,sell,1.51e-06,67.0,0.00010117
IDEX/BTC,1608469563666,2020-12-20T13:06:03.666Z,sell,1.5e-06,322.0,0.000483
IDEX/BTC,1608469604862,2020-12-20T13:06:44.862Z,sell,1.5e-06,763.0,0.0011445
IDEX/BTC,1608469616869,2020-12-20T13:06:56.869Z,sell,1.5e-06,67.0,0.0001005
IDEX/BTC,1608469626126,2020-12-20T13:07:06.126Z,sell,1.5e-06,761.0,0.0011415
IDEX/BTC,1608469664905,2020-12-20T13:07:44.905Z,buy,1.51e-06,2900.0,0.004379
IDEX/BTC,1608469695201,2020-12-20T13:08:15.201Z,buy,1.51e-06,1020.0,0.0015402
IDEX/BTC,1608469695201,2020-12-20T13:08:15.201Z,buy,1.52e-06,1542.0,0.00234384
IDEX/BTC,1608469827796,2020-12-20T13:10:27.796Z,sell,1.51e-06,3784.0,0.0057138399999999
IDEX/BTC,1608469827796,2020-12-20T13:10:27.796Z,sell,1.51e-06,3784.0,0.0057138399999999
IDEX/BTC,1608469892122,2020-12-20T13:11:32.122Z,buy,1.51e-06,1679.0,0.00253529
IDEX/BTC,1608469909525,2020-12-20T13:11:49.525Z,buy,1.52e-06,4301.0,0.00653752
IDEX/BTC,1608469909525,2020-12-20T13:11:49.525Z,buy,1.53e-06,4020.0,0.0061506
IDEX/BTC,1608469909525,2020-12-20T13:11:49.525Z,buy,1.54e-06,19823.0,0.03052742
IDEX/BTC,1608469909525,2020-12-20T13:11:49.525Z,buy,1.55e-06,17665.0,0.02738075
IDEX/BTC,1608469909525,2020-12-20T13:11:49.525Z,buy,1.56e-06,18188.0,0.02837328
IDEX/BTC,1608469909525,2020-12-20T13:11:49.525Z,buy,1.57e-06,58116.0,0.09124212
IDEX/BTC,1608469909536,2020-12-20T13:11:49.536Z,sell,1.57e-06,53363.0,0.08377991
IDEX/BTC,1608469909546,2020-12-20T13:11:49.546Z,sell,1.57e-06,886.0,0.00139102
IDEX/BTC,1608469909550,2020-12-20T13:11:49.550Z,sell,1.57e-06,797.0,0.00125129
IDEX/BTC,1608469909717,2020-12-20T13:11:49.717Z,sell,1.57e-06,578.0,0.00090746
IDEX/BTC,1608469911159,2020-12-20T13:11:51.159Z,sell,1.57e-06,336.0,0.00052752
IDEX/BTC,1608469911283,2020-12-20T13:11:51.283Z,sell,1.57e-06,3387.0,0.00531759
IDEX/BTC,1608469912598,2020-12-20T13:11:52.598Z,buy,1.58e-06,487.0,0.0007694599999999
IDEX/BTC,1608469912598,2020-12-20T13:11:52.598Z,buy,1.59e-06,5042.0,0.00801678
IDEX/BTC,1608469913269,2020-12-20T13:11:53.269Z,sell,1.57e-06,826.0,0.00129682
IDEX/BTC,1608469914763,2020-12-20T13:11:54.763Z,sell,1.58e-06,80.0,0.0001263999999999
IDEX/BTC,1608469919412,2020-12-20T13:11:59.412Z,buy,1.59e-06,8754.0,0.01391886
IDEX/BTC,1608469919412,2020-12-20T13:11:59.412Z,buy,1.6e-06,13887.0,0.0222191999999999
IDEX/BTC,1608469919412,2020-12-20T13:11:59.412Z,buy,1.61e-06,5769.0,0.00928809
IDEX/BTC,1608469919622,2020-12-20T13:11:59.622Z,sell,1.59e-06,311.0,0.00049449
IDEX/BTC,1608469921268,2020-12-20T13:12:01.268Z,sell,1.59e-06,452.0,0.00071868
IDEX/BTC,1608469923324,2020-12-20T13:12:03.324Z,sell,1.59e-06,977.0,0.00155343
IDEX/BTC,1608469925265,2020-12-20T13:12:05.265Z,sell,1.59e-06,69.0,0.00010971
IDEX/BTC,1608469925781,2020-12-20T13:12:05.781Z,sell,1.59e-06,1281.0,0.00203679
IDEX/BTC,1608469925781,2020-12-20T13:12:05.781Z,sell,1.58e-06,8640.0,0.0136511999999999
IDEX/BTC,1608469925781,2020-12-20T13:12:05.781Z,sell,1.57e-06,25924.0,0.04070068
IDEX/BTC,1608469927344,2020-12-20T13:12:07.344Z,sell,1.58e-06,834.0,0.0013177199999999
IDEX/BTC,1608469929353,2020-12-20T13:12:09.353Z,buy,1.6e-06,450.0,0.0007199999999999
IDEX/BTC,1608469929353,2020-12-20T13:12:09.353Z,buy,1.61e-06,2560.0,0.0041216
IDEX/BTC,1608469934777,2020-12-20T13:12:14.777Z,sell,1.6e-06,63.0,0.0001008
IDEX/BTC,1608469934777,2020-12-20T13:12:14.777Z,sell,1.59e-06,1.0,1.59e-06
IDEX/BTC,1608469947341,2020-12-20T13:12:27.341Z,buy,1.61e-06,6850.0,0.0110285
IDEX/BTC,1608469947779,2020-12-20T13:12:27.779Z,sell,1.61e-06,63.0,0.00010143
IDEX/BTC,1608469949110,2020-12-20T13:12:29.110Z,sell,1.61e-06,126.0,0.00020286
IDEX/BTC,1608469955793,2020-12-20T13:12:35.793Z,buy,1.62e-06,207.0,0.00033534
IDEX/BTC,1608469955812,2020-12-20T13:12:35.812Z,sell,1.62e-06,124.0,0.00020088
IDEX/BTC,1608469955820,2020-12-20T13:12:35.820Z,sell,1.62e-06,1396.0,0.00226152
IDEX/BTC,1608469960128,2020-12-20T13:12:40.128Z,buy,1.63e-06,475.0,0.00077425
IDEX/BTC,1608469963286,2020-12-20T13:12:43.286Z,sell,1.63e-06,446.0,0.00072698
IDEX/BTC,1608469967355,2020-12-20T13:12:47.355Z,buy,1.64e-06,18024.0,0.02955936
IDEX/BTC,1608469968375,2020-12-20T13:12:48.375Z,sell,1.63e-06,1079.0,0.00175877
IDEX/BTC,1608469968375,2020-12-20T13:12:48.375Z,sell,1.62e-06,445.0,0.0007209
IDEX/BTC,1608469968375,2020-12-20T13:12:48.375Z,sell,1.61e-06,16801.0,0.02704961
IDEX/BTC,1608469970002,2020-12-20T13:12:50.002Z,buy,1.63e-06,445.0,0.00072535
IDEX/BTC,1608469970002,2020-12-20T13:12:50.002Z,buy,1.64e-06,2420.0,0.0039688
IDEX/BTC,1608469970024,2020-12-20T13:12:50.024Z,buy,1.64e-06,2370.0,0.0038867999999999
IDEX/BTC,1608469973213,2020-12-20T13:12:53.213Z,buy,1.64e-06,683.0,0.00112012
IDEX/BTC,1608469973965,2020-12-20T13:12:53.965Z,sell,1.62e-06,448.0,0.00072576
IDEX/BTC,1608469973965,2020-12-20T13:12:53.965Z,sell,1.61e-06,15192.0,0.02445912
IDEX/BTC,1608469974845,2020-12-20T13:12:54.845Z,sell,1.63e-06,62.0,0.00010106
IDEX/BTC,1608469978289,2020-12-20T13:12:58.289Z,buy,1.63e-06,386.0,0.00062918
IDEX/BTC,1608469978289,2020-12-20T13:12:58.289Z,buy,1.64e-06,1559.0,0.00255676
IDEX/BTC,1608469979678,2020-12-20T13:12:59.678Z,sell,1.62e-06,514.0,0.0008326799999999
IDEX/BTC,1608469979678,2020-12-20T13:12:59.678Z,sell,1.61e-06,15409.0,0.02480849
IDEX/BTC,1608469984895,2020-12-20T13:13:04.895Z,buy,1.63e-06,452.0,0.00073676
IDEX/BTC,1608469984895,2020-12-20T13:13:04.895Z,buy,1.64e-06,365.0,0.0005986
IDEX/BTC,1608469985487,2020-12-20T13:13:05.487Z,sell,1.61e-06,10415.0,0.01676815
IDEX/BTC,1608469992412,2020-12-20T13:13:12.412Z,sell,1.63e-06,62.0,0.00010106
IDEX/BTC,1608469993216,2020-12-20T13:13:13.216Z,buy,1.64e-06,3537.0,0.00580068
IDEX/BTC,1608469993216,2020-12-20T13:13:13.216Z,buy,1.65e-06,4105.0,0.00677325
IDEX/BTC,1608469993216,2020-12-20T13:13:13.216Z,buy,1.66e-06,9278.0,0.01540148
IDEX/BTC,1608469993230,2020-12-20T13:13:13.230Z,sell,1.66e-06,6039.0,0.01002474
IDEX/BTC,1608469993236,2020-12-20T13:13:13.236Z,buy,1.67e-06,4259.0,0.00711253
IDEX/BTC,1608469993236,2020-12-20T13:13:13.236Z,buy,1.68e-06,1781.0,0.00299208
IDEX/BTC,1608469993293,2020-12-20T13:13:13.293Z,sell,1.66e-06,588.0,0.00097608
IDEX/BTC,1608469994305,2020-12-20T13:13:14.305Z,sell,1.66e-06,82.0,0.00013612
IDEX/BTC,1608469995877,2020-12-20T13:13:15.877Z,sell,1.66e-06,215249.0,0.35731334
IDEX/BTC,1608469997992,2020-12-20T13:13:17.992Z,sell,1.66e-06,48351.0,0.08026266
IDEX/BTC,1608469997992,2020-12-20T13:13:17.992Z,sell,1.65e-06,3668.0,0.0060522
IDEX/BTC,1608469997992,2020-12-20T13:13:17.992Z,sell,1.64e-06,301.0,0.0004936399999999
IDEX/BTC,1608469997992,2020-12-20T13:13:17.992Z,sell,1.63e-06,5497.0,0.00896011
IDEX/BTC,1608470012812,2020-12-20T13:13:32.812Z,sell,1.67e-06,60.0,0.0001002
IDEX/BTC,1608470013591,2020-12-20T13:13:33.591Z,sell,1.66e-06,61.0,0.00010126
IDEX/BTC,1608470013591,2020-12-20T13:13:33.591Z,sell,1.65e-06,61.0,0.00010065
IDEX/BTC,1608470013591,2020-12-20T13:13:33.591Z,sell,1.64e-06,4012.0,0.00657968
IDEX/BTC,1608470020034,2020-12-20T13:13:40.034Z,buy,1.64e-06,9790.0,0.0160556
IDEX/BTC,1608470020034,2020-12-20T13:13:40.034Z,buy,1.66e-06,61.0,0.00010126
IDEX/BTC,1608470020034,2020-12-20T13:13:40.034Z,buy,1.67e-06,26214.0,0.04377738
IDEX/BTC,1608470020557,2020-12-20T13:13:40.557Z,buy,1.65e-06,61.0,0.00010065
IDEX/BTC,1608470020557,2020-12-20T13:13:40.557Z,buy,1.67e-06,61.0,0.00010187
IDEX/BTC,1608470020557,2020-12-20T13:13:40.557Z,buy,1.68e-06,2805.0,0.0047124
IDEX/BTC,1608470035006,2020-12-20T13:13:55.006Z,buy,1.68e-06,4523.0,0.00759864
IDEX/BTC,1608470035006,2020-12-20T13:13:55.006Z,buy,1.69e-06,9214.0,0.01557166
IDEX/BTC,1608470040428,2020-12-20T13:14:00.428Z,buy,1.7e-06,295.0,0.0005015
IDEX/BTC,1608470040706,2020-12-20T13:14:00.706Z,sell,1.69e-06,67.0,0.00011323
IDEX/BTC,1608470041469,2020-12-20T13:14:01.469Z,buy,1.7e-06,605.0,0.0010285
IDEX/BTC,1608470041469,2020-12-20T13:14:01.469Z,buy,1.71e-06,377.0,0.00064467
IDEX/BTC,1608470041469,2020-12-20T13:14:01.469Z,buy,1.72e-06,22584.0,0.03884448
IDEX/BTC,1608470041492,2020-12-20T13:14:01.492Z,sell,1.72e-06,4101.0,0.00705372
IDEX/BTC,1608470042051,2020-12-20T13:14:02.051Z,buy,1.73e-06,1920.0,0.0033216
IDEX/BTC,1608470042051,2020-12-20T13:14:02.051Z,buy,1.74e-06,2524.0,0.00439176
IDEX/BTC,1608470042051,2020-12-20T13:14:02.051Z,buy,1.75e-06,1282.0,0.0022435
IDEX/BTC,1608470042051,2020-12-20T13:14:02.051Z,buy,1.76e-06,4076.0,0.00717376
IDEX/BTC,1608470042051,2020-12-20T13:14:02.051Z,buy,1.77e-06,854.0,0.00151158
IDEX/BTC,1608470042051,2020-12-20T13:14:02.051Z,buy,1.78e-06,1025.0,0.0018245
IDEX/BTC,1608470042051,2020-12-20T13:14:02.051Z,buy,1.79e-06,22698.0,0.04062942
IDEX/BTC,1608470042051,2020-12-20T13:14:02.051Z,buy,1.8e-06,8462.0,0.0152316
IDEX/BTC,1608470042051,2020-12-20T13:14:02.051Z,buy,1.81e-06,3943.0,0.00713683
IDEX/BTC,1608470042051,2020-12-20T13:14:02.051Z,buy,1.82e-06,8672.0,0.0157830399999999
IDEX/BTC,1608470042051,2020-12-20T13:14:02.051Z,buy,1.83e-06,4436.0,0.00811788
IDEX/BTC,1608470042051,2020-12-20T13:14:02.051Z,buy,1.84e-06,14217.0,0.02615928
IDEX/BTC,1608470042051,2020-12-20T13:14:02.051Z,buy,1.85e-06,1770.0,0.0032745
IDEX/BTC,1608470042051,2020-12-20T13:14:02.051Z,buy,1.86e-06,37917.0,0.07052562
IDEX/BTC,1608470042304,2020-12-20T13:14:02.304Z,buy,1.79e-06,1025.0,0.00183475
IDEX/BTC,1608470042309,2020-12-20T13:14:02.309Z,buy,1.79e-06,1025.0,0.00183475
IDEX/BTC,1608470042309,2020-12-20T13:14:02.309Z,buy,1.79e-06,1025.0,0.00183475
IDEX/BTC,1608470042309,2020-12-20T13:14:02.309Z,buy,1.79e-06,1025.0,0.00183475
IDEX/BTC,1608470042315,2020-12-20T13:14:02.315Z,buy,1.79e-06,1025.0,0.00183475
IDEX/BTC,1608470042317,2020-12-20T13:14:02.317Z,buy,1.79e-06,1025.0,0.00183475
IDEX/BTC,1608470042716,2020-12-20T13:14:02.716Z,sell,1.78e-06,111.0,0.00019758
IDEX/BTC,1608470042723,2020-12-20T13:14:02.723Z,buy,1.8e-06,1025.0,0.0018449999999999
IDEX/BTC,1608470043309,2020-12-20T13:14:03.309Z,sell,1.79e-06,1713.0,0.00306627
IDEX/BTC,1608470043309,2020-12-20T13:14:03.309Z,sell,1.78e-06,914.0,0.00162692
IDEX/BTC,1608470043309,2020-12-20T13:14:03.309Z,sell,1.77e-06,1025.0,0.0018142499999999
IDEX/BTC,1608470043309,2020-12-20T13:14:03.309Z,sell,1.76e-06,1025.0,0.001804
IDEX/BTC,1608470043309,2020-12-20T13:14:03.309Z,sell,1.75e-06,1025.0,0.00179375
IDEX/BTC,1608470043309,2020-12-20T13:14:03.309Z,sell,1.74e-06,8023.0,0.01396002
IDEX/BTC,1608470043309,2020-12-20T13:14:03.309Z,sell,1.73e-06,3025.0,0.00523325
IDEX/BTC,1608470046239,2020-12-20T13:14:06.239Z,buy,1.74e-06,1149.0,0.00199926
IDEX/BTC,1608470046535,2020-12-20T13:14:06.535Z,buy,1.74e-06,288.0,0.00050112
IDEX/BTC,1608470046535,2020-12-20T13:14:06.535Z,buy,1.75e-06,1025.0,0.00179375
IDEX/BTC,1608470046535,2020-12-20T13:14:06.535Z,buy,1.76e-06,1025.0,0.001804
IDEX/BTC,1608470046535,2020-12-20T13:14:06.535Z,buy,1.77e-06,1025.0,0.0018142499999999
IDEX/BTC,1608470046535,2020-12-20T13:14:06.535Z,buy,1.78e-06,1025.0,0.0018245
IDEX/BTC,1608470046535,2020-12-20T13:14:06.535Z,buy,1.79e-06,1025.0,0.00183475
IDEX/BTC,1608470046535,2020-12-20T13:14:06.535Z,buy,1.8e-06,9023.0,0.0162414
IDEX/BTC,1608470046535,2020-12-20T13:14:06.535Z,buy,1.81e-06,1025.0,0.00185525
IDEX/BTC,1608470046535,2020-12-20T13:14:06.535Z,buy,1.82e-06,1025.0,0.0018655
IDEX/BTC,1608470046535,2020-12-20T13:14:06.535Z,buy,1.83e-06,1025.0,0.00187575
IDEX/BTC,1608470046535,2020-12-20T13:14:06.535Z,buy,1.84e-06,1025.0,0.0018859999999999
IDEX/BTC,1608470046535,2020-12-20T13:14:06.535Z,buy,1.85e-06,1025.0,0.00189625
IDEX/BTC,1608470046535,2020-12-20T13:14:06.535Z,buy,1.86e-06,1066.0,0.00198276
IDEX/BTC,1608470046784,2020-12-20T13:14:06.784Z,sell,1.84e-06,1019.0,0.00187496
IDEX/BTC,1608470046880,2020-12-20T13:14:06.880Z,sell,1.84e-06,377.0,0.00069368
IDEX/BTC,1608470047862,2020-12-20T13:14:07.862Z,sell,1.83e-06,613.0,0.00112179
IDEX/BTC,1608470047881,2020-12-20T13:14:07.881Z,sell,1.83e-06,412.0,0.00075396
IDEX/BTC,1608470047881,2020-12-20T13:14:07.881Z,sell,1.82e-06,107.0,0.00019474
IDEX/BTC,1608470048793,2020-12-20T13:14:08.793Z,buy,1.84e-06,1396.0,0.00256864
IDEX/BTC,1608470048793,2020-12-20T13:14:08.793Z,buy,1.85e-06,3434.0,0.0063529
IDEX/BTC,1608470048793,2020-12-20T13:14:08.793Z,buy,1.86e-06,25649.0,0.04770714
IDEX/BTC,1608470049023,2020-12-20T13:14:09.023Z,sell,1.84e-06,1025.0,0.0018859999999999
IDEX/BTC,1608470049023,2020-12-20T13:14:09.023Z,sell,1.83e-06,1025.0,0.00187575
IDEX/BTC,1608470049023,2020-12-20T13:14:09.023Z,sell,1.82e-06,1291.0,0.0023496199999999
IDEX/BTC,1608470049023,2020-12-20T13:14:09.023Z,sell,1.81e-06,1025.0,0.00185525
IDEX/BTC,1608470049023,2020-12-20T13:14:09.023Z,sell,1.8e-06,1025.0,0.0018449999999999
IDEX/BTC,1608470049023,2020-12-20T13:14:09.023Z,sell,1.79e-06,1025.0,0.00183475
IDEX/BTC,1608470049023,2020-12-20T13:14:09.023Z,sell,1.78e-06,1025.0,0.0018245
IDEX/BTC,1608470049023,2020-12-20T13:14:09.023Z,sell,1.77e-06,7433.0,0.01315641
IDEX/BTC,1608470049023,2020-12-20T13:14:09.023Z,sell,1.76e-06,1096.0,0.00192896
IDEX/BTC,1608470049023,2020-12-20T13:14:09.023Z,sell,1.75e-06,187.0,0.00032725
IDEX/BTC,1608470049248,2020-12-20T13:14:09.248Z,sell,1.77e-06,1025.0,0.0018142499999999
IDEX/BTC,1608470050524,2020-12-20T13:14:10.524Z,buy,1.77e-06,373.0,0.00066021
IDEX/BTC,1608470050524,2020-12-20T13:14:10.524Z,buy,1.78e-06,1025.0,0.0018245
IDEX/BTC,1608470050524,2020-12-20T13:14:10.524Z,buy,1.79e-06,1025.0,0.00183475
IDEX/BTC,1608470050524,2020-12-20T13:14:10.524Z,buy,1.8e-06,1025.0,0.0018449999999999
IDEX/BTC,1608470050524,2020-12-20T13:14:10.524Z,buy,1.81e-06,1025.0,0.00185525
IDEX/BTC,1608470050524,2020-12-20T13:14:10.524Z,buy,1.82e-06,1025.0,0.0018655
IDEX/BTC,1608470050524,2020-12-20T13:14:10.524Z,buy,1.83e-06,1025.0,0.00187575
IDEX/BTC,1608470050524,2020-12-20T13:14:10.524Z,buy,1.84e-06,1025.0,0.0018859999999999
IDEX/BTC,1608470050524,2020-12-20T13:14:10.524Z,buy,1.85e-06,8458.0,0.0156473
IDEX/BTC,1608470050524,2020-12-20T13:14:10.524Z,buy,1.86e-06,342.0,0.00063612
IDEX/BTC,1608470054270,2020-12-20T13:14:14.270Z,buy,1.86e-06,23037.0,0.04284882
IDEX/BTC,1608470054270,2020-12-20T13:14:14.270Z,buy,1.87e-06,17150.0,0.0320705
IDEX/BTC,1608470054280,2020-12-20T13:14:14.280Z,sell,1.87e-06,1507.0,0.00281809
IDEX/BTC,1608470054283,2020-12-20T13:14:14.283Z,sell,1.87e-06,1462.0,0.00273394
IDEX/BTC,1608470054311,2020-12-20T13:14:14.311Z,sell,1.87e-06,4238.0,0.00792506
IDEX/BTC,1608470054312,2020-12-20T13:14:14.312Z,sell,1.87e-06,4238.0,0.00792506
IDEX/BTC,1608470054312,2020-12-20T13:14:14.312Z,sell,1.87e-06,4238.0,0.00792506
IDEX/BTC,1608470054313,2020-12-20T13:14:14.313Z,sell,1.87e-06,4238.0,0.00792506
IDEX/BTC,1608470054313,2020-12-20T13:14:14.313Z,sell,1.87e-06,4238.0,0.00792506
IDEX/BTC,1608470054316,2020-12-20T13:14:14.316Z,sell,1.87e-06,4238.0,0.00792506
IDEX/BTC,1608470054317,2020-12-20T13:14:14.317Z,sell,1.87e-06,682.0,0.00127534
IDEX/BTC,1608470054334,2020-12-20T13:14:14.334Z,sell,1.87e-06,2478.0,0.00463386
IDEX/BTC,1608470054352,2020-12-20T13:14:14.352Z,sell,1.87e-06,71.0,0.00013277
IDEX/BTC,1608470054627,2020-12-20T13:14:14.627Z,sell,1.87e-06,251.0,0.00046937
IDEX/BTC,1608470054627,2020-12-20T13:14:14.627Z,sell,1.86e-06,1025.0,0.0019065
IDEX/BTC,1608470054627,2020-12-20T13:14:14.627Z,sell,1.85e-06,1192.0,0.0022052
IDEX/BTC,1608470054627,2020-12-20T13:14:14.627Z,sell,1.84e-06,1366.0,0.00251344
IDEX/BTC,1608470054627,2020-12-20T13:14:14.627Z,sell,1.83e-06,1025.0,0.00187575
IDEX/BTC,1608470054627,2020-12-20T13:14:14.627Z,sell,1.82e-06,2185.0,0.0039767
IDEX/BTC,1608470054627,2020-12-20T13:14:14.627Z,sell,1.81e-06,1025.0,0.00185525
IDEX/BTC,1608470054627,2020-12-20T13:14:14.627Z,sell,1.8e-06,7011.0,0.0126197999999999
IDEX/BTC,1608470054719,2020-12-20T13:14:14.719Z,sell,1.79e-06,74.0,0.00013246
IDEX/BTC,1608470055382,2020-12-20T13:14:15.382Z,sell,1.79e-06,1007.0,0.00180253
IDEX/BTC,1608470055382,2020-12-20T13:14:15.382Z,sell,1.78e-06,706.0,0.00125668
IDEX/BTC,1608470055384,2020-12-20T13:14:15.384Z,sell,1.78e-06,550.0,0.0009789999999999
IDEX/BTC,1608470055384,2020-12-20T13:14:15.384Z,sell,1.77e-06,1082.0,0.00191514
IDEX/BTC,1608470055384,2020-12-20T13:14:15.384Z,sell,1.76e-06,1267.0,0.00222992
IDEX/BTC,1608470055721,2020-12-20T13:14:15.721Z,buy,1.77e-06,90.0,0.0001593
IDEX/BTC,1608470056343,2020-12-20T13:14:16.343Z,buy,1.77e-06,935.0,0.00165495
IDEX/BTC,1608470056343,2020-12-20T13:14:16.343Z,buy,1.78e-06,1267.0,0.00225526
IDEX/BTC,1608470056343,2020-12-20T13:14:16.343Z,buy,1.79e-06,48.0,8.592e-05
IDEX/BTC,1608470059092,2020-12-20T13:14:19.092Z,sell,1.77e-06,921.0,0.00163017
IDEX/BTC,1608470060521,2020-12-20T13:14:20.521Z,sell,1.77e-06,5488.0,0.00971376
IDEX/BTC,1608470060521,2020-12-20T13:14:20.521Z,sell,1.76e-06,5873.0,0.01033648
IDEX/BTC,1608470061610,2020-12-20T13:14:21.610Z,buy,1.78e-06,314.0,0.00055892
IDEX/BTC,1608470062721,2020-12-20T13:14:22.721Z,buy,1.78e-06,1052.0,0.00187256
IDEX/BTC,1608470062721,2020-12-20T13:14:22.721Z,buy,1.79e-06,977.0,0.00174883
IDEX/BTC,1608470062721,2020-12-20T13:14:22.721Z,buy,1.8e-06,2502.0,0.0045036
IDEX/BTC,1608470064110,2020-12-20T13:14:24.110Z,buy,1.81e-06,188.0,0.00034028
IDEX/BTC,1608470066203,2020-12-20T13:14:26.203Z,sell,1.8e-06,11869.0,0.0213642
IDEX/BTC,1608470066203,2020-12-20T13:14:26.203Z,sell,1.79e-06,7159.0,0.01281461
IDEX/BTC,1608470066613,2020-12-20T13:14:26.613Z,sell,1.78e-06,1025.0,0.0018245
IDEX/BTC,1608470066613,2020-12-20T13:14:26.613Z,sell,1.77e-06,1025.0,0.0018142499999999
IDEX/BTC,1608470066613,2020-12-20T13:14:26.613Z,sell,1.76e-06,1025.0,0.001804
IDEX/BTC,1608470067335,2020-12-20T13:14:27.335Z,sell,1.75e-06,294.0,0.0005145
IDEX/BTC,1608470068113,2020-12-20T13:14:28.113Z,buy,1.76e-06,2144.0,0.00377344
IDEX/BTC,1608470071189,2020-12-20T13:14:31.189Z,buy,1.76e-06,3160.0,0.0055616
IDEX/BTC,1608470071460,2020-12-20T13:14:31.460Z,sell,1.75e-06,602.0,0.0010535
IDEX/BTC,1608470071460,2020-12-20T13:14:31.460Z,sell,1.74e-06,116.0,0.00020184
IDEX/BTC,1608470071875,2020-12-20T13:14:31.875Z,sell,1.74e-06,1911.0,0.00332514
IDEX/BTC,1608470072010,2020-12-20T13:14:32.010Z,sell,1.74e-06,1144.0,0.00199056
IDEX/BTC,1608470077433,2020-12-20T13:14:37.433Z,sell,1.74e-06,971.0,0.00168954
IDEX/BTC,1608470078711,2020-12-20T13:14:38.711Z,buy,1.75e-06,1249.0,0.0021857499999999
IDEX/BTC,1608470082199,2020-12-20T13:14:42.199Z,sell,1.75e-06,1800.0,0.00315
IDEX/BTC,1608470083285,2020-12-20T13:14:43.285Z,sell,1.75e-06,448.0,0.000784
IDEX/BTC,1608470083785,2020-12-20T13:14:43.785Z,buy,1.76e-06,1855.0,0.0032648
IDEX/BTC,1608470085355,2020-12-20T13:14:45.355Z,buy,1.76e-06,1729.0,0.00304304
IDEX/BTC,1608470085517,2020-12-20T13:14:45.517Z,buy,1.77e-06,1082.0,0.00191514
IDEX/BTC,1608470089276,2020-12-20T13:14:49.276Z,sell,1.76e-06,993.0,0.00174768
IDEX/BTC,1608470090015,2020-12-20T13:14:50.015Z,buy,1.78e-06,20681.0,0.03681218
IDEX/BTC,1608470092280,2020-12-20T13:14:52.280Z,buy,1.79e-06,1082.0,0.00193678
IDEX/BTC,1608470092280,2020-12-20T13:14:52.280Z,buy,1.8e-06,1349.0,0.0024281999999999
IDEX/BTC,1608470092508,2020-12-20T13:14:52.508Z,sell,1.79e-06,871.0,0.00155909
IDEX/BTC,1608470092512,2020-12-20T13:14:52.512Z,sell,1.79e-06,154.0,0.00027566
IDEX/BTC,1608470093796,2020-12-20T13:14:53.796Z,sell,1.78e-06,1025.0,0.0018245
IDEX/BTC,1608470093796,2020-12-20T13:14:53.796Z,sell,1.77e-06,1025.0,0.0018142499999999
IDEX/BTC,1608470093796,2020-12-20T13:14:53.796Z,sell,1.76e-06,11100.0,0.019536
IDEX/BTC,1608470093796,2020-12-20T13:14:53.796Z,sell,1.75e-06,2547.0,0.00445725
IDEX/BTC,1608470094650,2020-12-20T13:14:54.650Z,buy,1.77e-06,1025.0,0.0018142499999999
IDEX/BTC,1608470094650,2020-12-20T13:14:54.650Z,buy,1.78e-06,1025.0,0.0018245
IDEX/BTC,1608470094650,2020-12-20T13:14:54.650Z,buy,1.79e-06,1025.0,0.00183475
IDEX/BTC,1608470094650,2020-12-20T13:14:54.650Z,buy,1.8e-06,4704.0,0.0084672
IDEX/BTC,1608470094650,2020-12-20T13:14:54.650Z,buy,1.81e-06,588.0,0.00106428
IDEX/BTC,1608470096157,2020-12-20T13:14:56.157Z,sell,1.79e-06,703.0,0.00125837
IDEX/BTC,1608470099308,2020-12-20T13:14:59.308Z,sell,1.8e-06,855.0,0.001539
IDEX/BTC,1608470100956,2020-12-20T13:15:00.956Z,buy,1.81e-06,6235.0,0.01128535
IDEX/BTC,1608470100981,2020-12-20T13:15:00.981Z,sell,1.81e-06,530.0,0.0009593
IDEX/BTC,1608470101251,2020-12-20T13:15:01.251Z,sell,1.8e-06,66.0,0.0001188
IDEX/BTC,1608470104115,2020-12-20T13:15:04.115Z,buy,1.82e-06,2774.0,0.00504868
IDEX/BTC,1608470104208,2020-12-20T13:15:04.208Z,sell,1.8e-06,959.0,0.0017262
IDEX/BTC,1608470104589,2020-12-20T13:15:04.589Z,buy,1.8e-06,1025.0,0.0018449999999999
IDEX/BTC,1608470105692,2020-12-20T13:15:05.692Z,sell,1.79e-06,322.0,0.00057638
IDEX/BTC,1608470105692,2020-12-20T13:15:05.692Z,sell,1.78e-06,827.0,0.0014720599999999
IDEX/BTC,1608470107186,2020-12-20T13:15:07.186Z,sell,1.78e-06,198.0,0.00035244
IDEX/BTC,1608470107186,2020-12-20T13:15:07.186Z,sell,1.77e-06,1025.0,0.0018142499999999
IDEX/BTC,1608470108910,2020-12-20T13:15:08.910Z,buy,1.78e-06,1025.0,0.0018245
IDEX/BTC,1608470108910,2020-12-20T13:15:08.910Z,buy,1.79e-06,1025.0,0.00183475
IDEX/BTC,1608470108910,2020-12-20T13:15:08.910Z,buy,1.8e-06,1025.0,0.0018449999999999
IDEX/BTC,1608470108910,2020-12-20T13:15:08.910Z,buy,1.81e-06,396.0,0.00071676
IDEX/BTC,1608470113217,2020-12-20T13:15:13.217Z,sell,1.79e-06,1025.0,0.00183475
IDEX/BTC,1608470113217,2020-12-20T13:15:13.217Z,sell,1.78e-06,1025.0,0.0018245
IDEX/BTC,1608470119032,2020-12-20T13:15:19.032Z,buy,1.78e-06,5700.0,0.0101459999999999
IDEX/BTC,1608470119032,2020-12-20T13:15:19.032Z,buy,1.79e-06,1025.0,0.00183475
IDEX/BTC,1608470119032,2020-12-20T13:15:19.032Z,buy,1.8e-06,1025.0,0.0018449999999999
IDEX/BTC,1608470125299,2020-12-20T13:15:25.299Z,sell,1.8e-06,524.0,0.0009431999999999
IDEX/BTC,1608470127309,2020-12-20T13:15:27.309Z,sell,1.8e-06,519.0,0.0009341999999999
IDEX/BTC,1608470128070,2020-12-20T13:15:28.070Z,sell,1.8e-06,14106.0,0.0253907999999999
IDEX/BTC,1608470133730,2020-12-20T13:15:33.730Z,buy,1.8e-06,363.0,0.0006533999999999
IDEX/BTC,1608470133730,2020-12-20T13:15:33.730Z,buy,1.81e-06,629.0,0.00113849
IDEX/BTC,1608470133742,2020-12-20T13:15:33.742Z,sell,1.81e-06,791.0,0.00143171
IDEX/BTC,1608470133748,2020-12-20T13:15:33.748Z,sell,1.81e-06,131.0,0.00023711
IDEX/BTC,1608470135535,2020-12-20T13:15:35.535Z,sell,1.8e-06,57.0,0.0001026
IDEX/BTC,1608470140311,2020-12-20T13:15:40.311Z,buy,1.82e-06,1077.0,0.00196014
IDEX/BTC,1608470140311,2020-12-20T13:15:40.311Z,buy,1.83e-06,1025.0,0.00187575
IDEX/BTC,1608470140311,2020-12-20T13:15:40.311Z,buy,1.84e-06,2233.0,0.00410872
IDEX/BTC,1608470143587,2020-12-20T13:15:43.587Z,sell,1.83e-06,86.0,0.00015738
IDEX/BTC,1608470147335,2020-12-20T13:15:47.335Z,sell,1.83e-06,939.0,0.00171837
IDEX/BTC,1608470147335,2020-12-20T13:15:47.335Z,sell,1.82e-06,545.0,0.0009919
IDEX/BTC,1608470151954,2020-12-20T13:15:51.954Z,buy,1.83e-06,13888.0,0.02541504
IDEX/BTC,1608470153213,2020-12-20T13:15:53.213Z,buy,1.83e-06,63.0,0.00011529
IDEX/BTC,1608470153213,2020-12-20T13:15:53.213Z,buy,1.84e-06,3634.0,0.00668656
IDEX/BTC,1608470155709,2020-12-20T13:15:55.709Z,sell,1.82e-06,295.0,0.0005369
IDEX/BTC,1608470155728,2020-12-20T13:15:55.728Z,sell,1.82e-06,134.0,0.00024388
IDEX/BTC,1608470155738,2020-12-20T13:15:55.738Z,sell,1.82e-06,134.0,0.00024388
IDEX/BTC,1608470155846,2020-12-20T13:15:55.846Z,sell,1.82e-06,61.0,0.0001110199999999
IDEX/BTC,1608470157545,2020-12-20T13:15:57.545Z,buy,1.83e-06,1025.0,0.00187575
IDEX/BTC,1608470157545,2020-12-20T13:15:57.545Z,buy,1.84e-06,1994.0,0.0036689599999999
IDEX/BTC,1608470157915,2020-12-20T13:15:57.915Z,buy,1.84e-06,2132.0,0.00392288
IDEX/BTC,1608470158138,2020-12-20T13:15:58.138Z,sell,1.82e-06,585.0,0.0010647
IDEX/BTC,1608470158642,2020-12-20T13:15:58.642Z,sell,1.82e-06,609.0,0.00110838
IDEX/BTC,1608470158642,2020-12-20T13:15:58.642Z,sell,1.81e-06,1025.0,0.00185525
IDEX/BTC,1608470158642,2020-12-20T13:15:58.642Z,sell,1.8e-06,1302.0,0.0023436
IDEX/BTC,1608470158654,2020-12-20T13:15:58.654Z,buy,1.8e-06,1024.0,0.0018432
IDEX/BTC,1608470158989,2020-12-20T13:15:58.989Z,sell,1.79e-06,521.0,0.00093259
IDEX/BTC,1608470158989,2020-12-20T13:15:58.989Z,sell,1.79e-06,560.0,0.0010024
IDEX/BTC,1608470158989,2020-12-20T13:15:58.989Z,sell,1.78e-06,1139.0,0.00202742
IDEX/BTC,1608470158989,2020-12-20T13:15:58.989Z,sell,1.77e-06,244.0,0.00043188
IDEX/BTC,1608470158989,2020-12-20T13:15:58.989Z,sell,1.77e-06,682.0,0.00120714
IDEX/BTC,1608470159804,2020-12-20T13:15:59.804Z,buy,1.79e-06,1025.0,0.00183475
IDEX/BTC,1608470159804,2020-12-20T13:15:59.804Z,buy,1.8e-06,1161.0,0.0020897999999999
IDEX/BTC,1608470159804,2020-12-20T13:15:59.804Z,buy,1.81e-06,1025.0,0.00185525
IDEX/BTC,1608470159804,2020-12-20T13:15:59.804Z,buy,1.82e-06,1025.0,0.0018655
IDEX/BTC,1608470159804,2020-12-20T13:15:59.804Z,buy,1.83e-06,1025.0,0.00187575
IDEX/BTC,1608470159804,2020-12-20T13:15:59.804Z,buy,1.84e-06,982.0,0.0018068799999999
IDEX/BTC,1608470163216,2020-12-20T13:16:03.216Z,sell,1.83e-06,229.0,0.00041907
IDEX/BTC,1608470163216,2020-12-20T13:16:03.216Z,sell,1.82e-06,84.0,0.0001528799999999
IDEX/BTC,1608470163240,2020-12-20T13:16:03.240Z,buy,1.84e-06,697.0,0.00128248
IDEX/BTC,1608470163281,2020-12-20T13:16:03.281Z,buy,1.84e-06,100.0,0.000184
IDEX/BTC,1608470163602,2020-12-20T13:16:03.602Z,sell,1.82e-06,66.0,0.00012012
IDEX/BTC,1608470168636,2020-12-20T13:16:08.636Z,sell,1.82e-06,56.0,0.00010192
IDEX/BTC,1608470169650,2020-12-20T13:16:09.650Z,sell,1.82e-06,57.0,0.0001037399999999
IDEX/BTC,1608470170192,2020-12-20T13:16:10.192Z,sell,1.82e-06,57.0,0.0001037399999999
IDEX/BTC,1608470172442,2020-12-20T13:16:12.442Z,sell,1.82e-06,107.0,0.00019474
IDEX/BTC,1608470174051,2020-12-20T13:16:14.051Z,buy,1.83e-06,115.0,0.00021045
IDEX/BTC,1608470174051,2020-12-20T13:16:14.051Z,buy,1.84e-06,1200.0,0.002208
IDEX/BTC,1608470175882,2020-12-20T13:16:15.882Z,sell,1.82e-06,140.0,0.0002548
IDEX/BTC,1608470177673,2020-12-20T13:16:17.673Z,sell,1.82e-06,56.0,0.00010192
IDEX/BTC,1608470180448,2020-12-20T13:16:20.448Z,sell,1.82e-06,165.0,0.0003003
IDEX/BTC,1608470181206,2020-12-20T13:16:21.206Z,buy,1.83e-06,341.0,0.00062403
IDEX/BTC,1608470181391,2020-12-20T13:16:21.391Z,sell,1.83e-06,492.0,0.00090036
IDEX/BTC,1608470181391,2020-12-20T13:16:21.391Z,sell,1.82e-06,237.0,0.00043134
IDEX/BTC,1608470181391,2020-12-20T13:16:21.391Z,sell,1.81e-06,1025.0,0.00185525
IDEX/BTC,1608470181391,2020-12-20T13:16:21.391Z,sell,1.8e-06,1081.0,0.0019458
IDEX/BTC,1608470181391,2020-12-20T13:16:21.391Z,sell,1.79e-06,1025.0,0.00183475
IDEX/BTC,1608470181391,2020-12-20T13:16:21.391Z,sell,1.78e-06,1025.0,0.0018245
IDEX/BTC,1608470181407,2020-12-20T13:16:21.407Z,buy,1.78e-06,1117.0,0.00198826
IDEX/BTC,1608470183496,2020-12-20T13:16:23.496Z,sell,1.77e-06,757.0,0.00133989
IDEX/BTC,1608470185201,2020-12-20T13:16:25.201Z,buy,1.77e-06,322.0,0.00056994
IDEX/BTC,1608470185201,2020-12-20T13:16:25.201Z,buy,1.78e-06,1060.0,0.0018868
IDEX/BTC,1608470185201,2020-12-20T13:16:25.201Z,buy,1.79e-06,1025.0,0.00183475
IDEX/BTC,1608470185201,2020-12-20T13:16:25.201Z,buy,1.8e-06,1025.0,0.0018449999999999
IDEX/BTC,1608470185201,2020-12-20T13:16:25.201Z,buy,1.81e-06,1025.0,0.00185525
IDEX/BTC,1608470185201,2020-12-20T13:16:25.201Z,buy,1.82e-06,1025.0,0.0018655
IDEX/BTC,1608470185201,2020-12-20T13:16:25.201Z,buy,1.83e-06,1304.0,0.00238632
IDEX/BTC,1608470185213,2020-12-20T13:16:25.213Z,sell,1.83e-06,756.0,0.00138348
IDEX/BTC,1608470185215,2020-12-20T13:16:25.215Z,sell,1.83e-06,1116.0,0.00204228
IDEX/BTC,1608470188118,2020-12-20T13:16:28.118Z,sell,1.83e-06,846.0,0.00154818
IDEX/BTC,1608470189942,2020-12-20T13:16:29.942Z,sell,1.83e-06,6138.0,0.01123254
IDEX/BTC,1608470191220,2020-12-20T13:16:31.220Z,sell,1.83e-06,56.0,0.00010248
IDEX/BTC,1608470191940,2020-12-20T13:16:31.940Z,sell,1.83e-06,9703.0,0.01775649
IDEX/BTC,1608470193366,2020-12-20T13:16:33.366Z,buy,1.83e-06,656.0,0.00120048
IDEX/BTC,1608470197465,2020-12-20T13:16:37.465Z,sell,1.82e-06,1025.0,0.0018655
IDEX/BTC,1608470209906,2020-12-20T13:16:49.906Z,sell,1.81e-06,1081.0,0.00195661
IDEX/BTC,1608470209906,2020-12-20T13:16:49.906Z,sell,1.8e-06,1025.0,0.0018449999999999
IDEX/BTC,1608470209906,2020-12-20T13:16:49.906Z,sell,1.79e-06,1081.0,0.00193499
IDEX/BTC,1608470209906,2020-12-20T13:16:49.906Z,sell,1.78e-06,1082.0,0.00192596
IDEX/BTC,1608470209906,2020-12-20T13:16:49.906Z,sell,1.77e-06,1082.0,0.00191514
IDEX/BTC,1608470209906,2020-12-20T13:16:49.906Z,sell,1.76e-06,1422.0,0.00250272
IDEX/BTC,1608470209906,2020-12-20T13:16:49.906Z,sell,1.75e-06,22515.0,0.03940125
IDEX/BTC,1608470210192,2020-12-20T13:16:50.192Z,sell,1.76e-06,974.0,0.00171424
IDEX/BTC,1608470214151,2020-12-20T13:16:54.151Z,sell,1.75e-06,58.0,0.0001015
IDEX/BTC,1608470215239,2020-12-20T13:16:55.239Z,buy,1.76e-06,222.0,0.00039072
IDEX/BTC,1608470215239,2020-12-20T13:16:55.239Z,buy,1.77e-06,58.0,0.00010266
IDEX/BTC,1608470222679,2020-12-20T13:17:02.679Z,sell,1.76e-06,188.0,0.00033088
IDEX/BTC,1608470225869,2020-12-20T13:17:05.869Z,buy,1.77e-06,90.0,0.0001593
IDEX/BTC,1608470227067,2020-12-20T13:17:07.067Z,buy,1.77e-06,89.0,0.00015753
IDEX/BTC,1608470227905,2020-12-20T13:17:07.905Z,buy,1.77e-06,788.0,0.00139476
IDEX/BTC,1608470229832,2020-12-20T13:17:09.832Z,sell,1.77e-06,57.0,0.00010089
IDEX/BTC,1608470230369,2020-12-20T13:17:10.369Z,sell,1.77e-06,58.0,0.00010266
IDEX/BTC,1608470230648,2020-12-20T13:17:10.648Z,sell,1.77e-06,226.0,0.00040002
IDEX/BTC,1608470230648,2020-12-20T13:17:10.648Z,sell,1.76e-06,1474.0,0.00259424
IDEX/BTC,1608470230691,2020-12-20T13:17:10.691Z,buy,1.76e-06,1071.0,0.00188496
IDEX/BTC,1608470230867,2020-12-20T13:17:10.867Z,sell,1.77e-06,920.0,0.0016284
IDEX/BTC,1608470232050,2020-12-20T13:17:12.050Z,sell,1.75e-06,2497.0,0.0043697499999999
IDEX/BTC,1608470234236,2020-12-20T13:17:14.236Z,sell,1.75e-06,2497.0,0.0043697499999999
IDEX/BTC,1608470236212,2020-12-20T13:17:16.212Z,sell,1.76e-06,180.0,0.0003168
IDEX/BTC,1608470236212,2020-12-20T13:17:16.212Z,sell,1.75e-06,2317.0,0.00405475
IDEX/BTC,1608470238201,2020-12-20T13:17:18.201Z,sell,1.75e-06,2497.0,0.0043697499999999
IDEX/BTC,1608470238332,2020-12-20T13:17:18.332Z,buy,1.77e-06,73.0,0.00012921
IDEX/BTC,1608470240184,2020-12-20T13:17:20.184Z,sell,1.75e-06,2497.0,0.0043697499999999
IDEX/BTC,1608470241369,2020-12-20T13:17:21.369Z,sell,1.74e-06,1083.0,0.00188442
IDEX/BTC,1608470241369,2020-12-20T13:17:21.369Z,sell,1.73e-06,22265.0,0.0385184499999999
IDEX/BTC,1608470241369,2020-12-20T13:17:21.369Z,sell,1.72e-06,1084.0,0.00186448
IDEX/BTC,1608470241369,2020-12-20T13:17:21.369Z,sell,1.71e-06,2556.0,0.00437076
IDEX/BTC,1608470241369,2020-12-20T13:17:21.369Z,sell,1.7e-06,350.0,0.000595
IDEX/BTC,1608470241369,2020-12-20T13:17:21.369Z,sell,1.69e-06,18938.0,0.03200522
IDEX/BTC,1608470241782,2020-12-20T13:17:21.782Z,buy,1.72e-06,994.0,0.00170968
IDEX/BTC,1608470241817,2020-12-20T13:17:21.817Z,buy,1.72e-06,31.0,5.332e-05
IDEX/BTC,1608470242806,2020-12-20T13:17:22.806Z,sell,1.72e-06,2497.0,0.00429484
IDEX/BTC,1608470245027,2020-12-20T13:17:25.027Z,sell,1.72e-06,2497.0,0.00429484
IDEX/BTC,1608470247265,2020-12-20T13:17:27.265Z,sell,1.72e-06,59.0,0.00010148
IDEX/BTC,1608470247452,2020-12-20T13:17:27.452Z,buy,1.73e-06,1476.0,0.00255348
IDEX/BTC,1608470247463,2020-12-20T13:17:27.463Z,sell,1.72e-06,177.0,0.00030444
IDEX/BTC,1608470247463,2020-12-20T13:17:27.463Z,sell,1.71e-06,1096.0,0.00187416
IDEX/BTC,1608470247463,2020-12-20T13:17:27.463Z,sell,1.69e-06,271.0,0.0004579899999999
IDEX/BTC,1608470247690,2020-12-20T13:17:27.690Z,sell,1.72e-06,1025.0,0.001763
IDEX/BTC,1608470250952,2020-12-20T13:17:30.952Z,sell,1.71e-06,59.0,0.0001008899999999
IDEX/BTC,1608470251493,2020-12-20T13:17:31.493Z,sell,1.71e-06,60.0,0.0001026
IDEX/BTC,1608470251743,2020-12-20T13:17:31.743Z,sell,1.71e-06,906.0,0.00154926
IDEX/BTC,1608470254199,2020-12-20T13:17:34.199Z,sell,1.7e-06,59.0,0.0001003
IDEX/BTC,1608470254199,2020-12-20T13:17:34.199Z,sell,1.69e-06,1853.0,0.0031315699999999
IDEX/BTC,1608470264534,2020-12-20T13:17:44.534Z,sell,1.69e-06,60.0,0.0001014
IDEX/BTC,1608470265755,2020-12-20T13:17:45.755Z,sell,1.69e-06,60.0,0.0001014
IDEX/BTC,1608470270914,2020-12-20T13:17:50.914Z,buy,1.71e-06,57.0,9.747e-05
IDEX/BTC,1608470270989,2020-12-20T13:17:50.989Z,buy,1.71e-06,90.0,0.0001539
IDEX/BTC,1608470270989,2020-12-20T13:17:50.989Z,buy,1.72e-06,221.0,0.00038012
IDEX/BTC,1608470271447,2020-12-20T13:17:51.447Z,buy,1.72e-06,58.0,9.976e-05
IDEX/BTC,1608470284329,2020-12-20T13:18:04.329Z,buy,1.72e-06,805.0,0.0013846
IDEX/BTC,1608470284329,2020-12-20T13:18:04.329Z,buy,1.73e-06,336.0,0.00058128
IDEX/BTC,1608470286586,2020-12-20T13:18:06.586Z,buy,1.73e-06,1520.0,0.0026295999999999
IDEX/BTC,1608470286586,2020-12-20T13:18:06.586Z,buy,1.74e-06,1141.0,0.00198534
IDEX/BTC,1608470286586,2020-12-20T13:18:06.586Z,buy,1.75e-06,1241.0,0.00217175
IDEX/BTC,1608470286586,2020-12-20T13:18:06.586Z,buy,1.76e-06,844.0,0.00148544
IDEX/BTC,1608470302148,2020-12-20T13:18:22.148Z,buy,1.76e-06,629.0,0.00110704
IDEX/BTC,1608470302809,2020-12-20T13:18:22.809Z,buy,1.76e-06,1221.0,0.00214896
IDEX/BTC,1608470304301,2020-12-20T13:18:24.301Z,sell,1.75e-06,669.0,0.00117075
IDEX/BTC,1608470306420,2020-12-20T13:18:26.420Z,sell,1.75e-06,356.0,0.000623
IDEX/BTC,1608470315063,2020-12-20T13:18:35.063Z,sell,1.74e-06,1083.0,0.00188442
IDEX/BTC,1608470315063,2020-12-20T13:18:35.063Z,sell,1.73e-06,1083.0,0.0018735899999999
IDEX/BTC,1608470315063,2020-12-20T13:18:35.063Z,sell,1.72e-06,1601.0,0.00275372
IDEX/BTC,1608470315063,2020-12-20T13:18:35.063Z,sell,1.71e-06,1155.0,0.00197505
IDEX/BTC,1608470315063,2020-12-20T13:18:35.063Z,sell,1.7e-06,59.0,0.0001003
IDEX/BTC,1608470315063,2020-12-20T13:18:35.063Z,sell,1.69e-06,102092.0,0.17253548
IDEX/BTC,1608470315070,2020-12-20T13:18:35.070Z,buy,1.69e-06,4092.0,0.00691548
IDEX/BTC,1608470315084,2020-12-20T13:18:35.084Z,sell,1.68e-06,517.0,0.00086856
IDEX/BTC,1608470315084,2020-12-20T13:18:35.084Z,sell,1.67e-06,3575.0,0.00597025
IDEX/BTC,1608470315091,2020-12-20T13:18:35.091Z,sell,1.69e-06,991.0,0.00167479
IDEX/BTC,1608470315091,2020-12-20T13:18:35.091Z,sell,1.67e-06,3585.0,0.00598695
IDEX/BTC,1608470315296,2020-12-20T13:18:35.296Z,buy,1.73e-06,71.0,0.00012283
IDEX/BTC,1608470321645,2020-12-20T13:18:41.645Z,sell,1.69e-06,1555.0,0.00262795
IDEX/BTC,1608470321645,2020-12-20T13:18:41.645Z,sell,1.67e-06,185.0,0.00030895
IDEX/BTC,1608470321645,2020-12-20T13:18:41.645Z,sell,1.66e-06,61.0,0.00010126
IDEX/BTC,1608470321645,2020-12-20T13:18:41.645Z,sell,1.65e-06,25164.0,0.0415206
IDEX/BTC,1608470321645,2020-12-20T13:18:41.645Z,sell,1.64e-06,655.0,0.0010742
IDEX/BTC,1608470322638,2020-12-20T13:18:42.638Z,buy,1.7e-06,97.0,0.0001649
IDEX/BTC,1608470328205,2020-12-20T13:18:48.205Z,sell,1.65e-06,314.0,0.0005181
IDEX/BTC,1608470328205,2020-12-20T13:18:48.205Z,sell,1.64e-06,380.0,0.0006232
IDEX/BTC,1608470328205,2020-12-20T13:18:48.205Z,sell,1.63e-06,251.0,0.00040913
IDEX/BTC,1608470328205,2020-12-20T13:18:48.205Z,sell,1.62e-06,62.0,0.00010044
IDEX/BTC,1608470328205,2020-12-20T13:18:48.205Z,sell,1.61e-06,827.0,0.00133147
IDEX/BTC,1608470328205,2020-12-20T13:18:48.205Z,sell,1.6e-06,10337.0,0.0165392
IDEX/BTC,1608470328205,2020-12-20T13:18:48.205Z,sell,1.59e-06,133.0,0.00021147
IDEX/BTC,1608470328205,2020-12-20T13:18:48.205Z,sell,1.58e-06,64.0,0.00010112
IDEX/BTC,1608470328205,2020-12-20T13:18:48.205Z,sell,1.57e-06,646.0,0.00101422
IDEX/BTC,1608470328205,2020-12-20T13:18:48.205Z,sell,1.56e-06,65.0,0.0001014
IDEX/BTC,1608470328205,2020-12-20T13:18:48.205Z,sell,1.55e-06,250.0,0.0003875
IDEX/BTC,1608470328220,2020-12-20T13:18:48.220Z,buy,1.6e-06,581.0,0.0009295999999999
IDEX/BTC,1608470328232,2020-12-20T13:18:48.232Z,buy,1.6e-06,314.0,0.0005024
IDEX/BTC,1608470328294,2020-12-20T13:18:48.294Z,buy,1.6e-06,314.0,0.0005024
IDEX/BTC,1608470328792,2020-12-20T13:18:48.792Z,buy,1.6e-06,273.0,0.0004368
IDEX/BTC,1608470329729,2020-12-20T13:18:49.729Z,buy,1.6e-06,113.0,0.0001808
IDEX/BTC,1608470329956,2020-12-20T13:18:49.956Z,buy,1.6e-06,58.0,9.28e-05
IDEX/BTC,1608470331383,2020-12-20T13:18:51.383Z,sell,1.57e-06,64.0,0.00010048
IDEX/BTC,1608470334718,2020-12-20T13:18:54.718Z,sell,1.56e-06,65.0,0.0001014
IDEX/BTC,1608470334718,2020-12-20T13:18:54.718Z,sell,1.55e-06,2185.0,0.00338675
IDEX/BTC,1608470335290,2020-12-20T13:18:55.290Z,buy,1.58e-06,314.0,0.00049612
IDEX/BTC,1608470335290,2020-12-20T13:18:55.290Z,buy,1.59e-06,628.0,0.00099852
IDEX/BTC,1608470335792,2020-12-20T13:18:55.792Z,sell,1.55e-06,50338.0,0.0780239
IDEX/BTC,1608470339291,2020-12-20T13:18:59.291Z,buy,1.57e-06,1219.0,0.00191383
IDEX/BTC,1608470339291,2020-12-20T13:18:59.291Z,buy,1.58e-06,1190.0,0.0018801999999999
IDEX/BTC,1608470343313,2020-12-20T13:19:03.313Z,buy,1.58e-06,616.0,0.00097328
IDEX/BTC,1608470343487,2020-12-20T13:19:03.487Z,buy,1.58e-06,174.0,0.00027492
IDEX/BTC,1608470345720,2020-12-20T13:19:05.720Z,buy,1.56e-06,65.0,0.0001014
IDEX/BTC,1608470345720,2020-12-20T13:19:05.720Z,buy,1.57e-06,65.0,0.00010205
IDEX/BTC,1608470345720,2020-12-20T13:19:05.720Z,buy,1.58e-06,3700.0,0.005846
IDEX/BTC,1608470353123,2020-12-20T13:19:13.123Z,buy,1.58e-06,143.0,0.00022594
IDEX/BTC,1608470356175,2020-12-20T13:19:16.175Z,sell,1.55e-06,66.0,0.0001022999999999
IDEX/BTC,1608470357704,2020-12-20T13:19:17.704Z,sell,1.55e-06,1316.0,0.0020398
IDEX/BTC,1608470357704,2020-12-20T13:19:17.704Z,sell,1.54e-06,3546.0,0.00546084
IDEX/BTC,1608470357705,2020-12-20T13:19:17.705Z,sell,1.54e-06,1316.0,0.00202664
IDEX/BTC,1608470357705,2020-12-20T13:19:17.705Z,sell,1.53e-06,34906.0,0.05340618
IDEX/BTC,1608470357715,2020-12-20T13:19:17.715Z,sell,1.52e-06,11277.0,0.01714104
IDEX/BTC,1608470357715,2020-12-20T13:19:17.715Z,sell,1.52e-06,2093.0,0.00318136
IDEX/BTC,1608470357715,2020-12-20T13:19:17.715Z,sell,1.51e-06,783.0,0.0011823299999999
IDEX/BTC,1608470358737,2020-12-20T13:19:18.737Z,sell,1.51e-06,65.0,9.815e-05
IDEX/BTC,1608470359255,2020-12-20T13:19:19.255Z,sell,1.51e-06,67.0,0.00010117
IDEX/BTC,1608470365090,2020-12-20T13:19:25.090Z,buy,1.53e-06,1167.0,0.00178551
IDEX/BTC,1608470365137,2020-12-20T13:19:25.137Z,buy,1.53e-06,313.0,0.00047889
IDEX/BTC,1608470366803,2020-12-20T13:19:26.803Z,sell,1.54e-06,66.0,0.00010164
IDEX/BTC,1608470367346,2020-12-20T13:19:27.346Z,sell,1.54e-06,66.0,0.00010164
IDEX/BTC,1608470367875,2020-12-20T13:19:27.875Z,sell,1.54e-06,67.0,0.00010318
IDEX/BTC,1608470373210,2020-12-20T13:19:33.210Z,buy,1.55e-06,235.0,0.00036425
IDEX/BTC,1608470373210,2020-12-20T13:19:33.210Z,buy,1.56e-06,177.0,0.00027612
IDEX/BTC,1608470373210,2020-12-20T13:19:33.210Z,buy,1.58e-06,279.0,0.0004408199999999
IDEX/BTC,1608470384569,2020-12-20T13:19:44.569Z,buy,1.56e-06,65.0,0.0001014
IDEX/BTC,1608470388033,2020-12-20T13:19:48.033Z,sell,1.55e-06,198.0,0.0003069
IDEX/BTC,1608470388033,2020-12-20T13:19:48.033Z,sell,1.54e-06,2349.0,0.00361746
IDEX/BTC,1608470390826,2020-12-20T13:19:50.826Z,buy,1.54e-06,760.0,0.0011704
IDEX/BTC,1608470396467,2020-12-20T13:19:56.467Z,sell,1.54e-06,2665.0,0.0041041
IDEX/BTC,1608470414897,2020-12-20T13:20:14.897Z,sell,1.55e-06,97.0,0.00015035
IDEX/BTC,1608470418972,2020-12-20T13:20:18.972Z,sell,1.54e-06,195.0,0.0003003
IDEX/BTC,1608470424012,2020-12-20T13:20:24.012Z,buy,1.56e-06,130.0,0.0002028
IDEX/BTC,1608470424012,2020-12-20T13:20:24.012Z,buy,1.57e-06,201.0,0.00031557
IDEX/BTC,1608470424012,2020-12-20T13:20:24.012Z,buy,1.58e-06,593.0,0.0009369399999999
IDEX/BTC,1608470424012,2020-12-20T13:20:24.012Z,buy,1.59e-06,5658.0,0.00899622
IDEX/BTC,1608470424012,2020-12-20T13:20:24.012Z,buy,1.6e-06,1743.0,0.0027887999999999
IDEX/BTC,1608470427013,2020-12-20T13:20:27.013Z,buy,1.6e-06,253.0,0.0004048
IDEX/BTC,1608470431735,2020-12-20T13:20:31.735Z,buy,1.61e-06,155.0,0.00024955
IDEX/BTC,1608470432548,2020-12-20T13:20:32.548Z,buy,1.6e-06,68.0,0.0001087999999999
IDEX/BTC,1608470432728,2020-12-20T13:20:32.728Z,buy,1.6e-06,87.0,0.0001392
IDEX/BTC,1608470435982,2020-12-20T13:20:35.982Z,buy,1.61e-06,7429.0,0.01196069
IDEX/BTC,1608470435982,2020-12-20T13:20:35.982Z,buy,1.62e-06,30594.0,0.04956228
IDEX/BTC,1608470435982,2020-12-20T13:20:35.982Z,buy,1.63e-06,45720.0,0.0745236
IDEX/BTC,1608470435990,2020-12-20T13:20:35.990Z,sell,1.63e-06,2324.0,0.00378812
IDEX/BTC,1608470435993,2020-12-20T13:20:35.993Z,sell,1.63e-06,2324.0,0.00378812
IDEX/BTC,1608470435996,2020-12-20T13:20:35.996Z,sell,1.63e-06,607.0,0.00098941
IDEX/BTC,1608470436002,2020-12-20T13:20:36.002Z,sell,1.63e-06,4367.0,0.00711821
IDEX/BTC,1608470436210,2020-12-20T13:20:36.210Z,sell,1.63e-06,1238.0,0.00201794
IDEX/BTC,1608470437068,2020-12-20T13:20:37.068Z,sell,1.63e-06,2483.0,0.00404729
IDEX/BTC,1608470437135,2020-12-20T13:20:37.135Z,sell,1.63e-06,3170.0,0.0051671
IDEX/BTC,1608470440409,2020-12-20T13:20:40.409Z,sell,1.63e-06,41522.0,0.06768086
IDEX/BTC,1608470440434,2020-12-20T13:20:40.434Z,sell,1.61e-06,282.0,0.00045402
IDEX/BTC,1608470440434,2020-12-20T13:20:40.434Z,sell,1.58e-06,313.0,0.00049454
IDEX/BTC,1608470440434,2020-12-20T13:20:40.434Z,sell,1.57e-06,2298.0,0.00360786
IDEX/BTC,1608470442723,2020-12-20T13:20:42.723Z,buy,1.64e-06,350.0,0.000574
IDEX/BTC,1608470445822,2020-12-20T13:20:45.822Z,buy,1.64e-06,69.0,0.00011316
IDEX/BTC,1608470446285,2020-12-20T13:20:46.285Z,sell,1.59e-06,502.0,0.00079818
IDEX/BTC,1608470446285,2020-12-20T13:20:46.285Z,sell,1.59e-06,502.0,0.00079818
IDEX/BTC,1608470446285,2020-12-20T13:20:46.285Z,sell,1.58e-06,4493.0,0.00709894
IDEX/BTC,1608470446285,2020-12-20T13:20:46.285Z,sell,1.57e-06,255.0,0.00040035
IDEX/BTC,1608470446285,2020-12-20T13:20:46.285Z,sell,1.56e-06,65.0,0.0001014
IDEX/BTC,1608470446285,2020-12-20T13:20:46.285Z,sell,1.55e-06,37079.0,0.05747245
IDEX/BTC,1608470446290,2020-12-20T13:20:46.290Z,sell,1.55e-06,2905.0,0.00450275
IDEX/BTC,1608470449482,2020-12-20T13:20:49.482Z,buy,1.62e-06,402.0,0.00065124
IDEX/BTC,1608470457138,2020-12-20T13:20:57.138Z,sell,1.58e-06,64.0,0.00010112
IDEX/BTC,1608470461520,2020-12-20T13:21:01.520Z,buy,1.6e-06,62.0,9.92e-05
IDEX/BTC,1608470462132,2020-12-20T13:21:02.132Z,buy,1.6e-06,63.0,0.0001008
IDEX/BTC,1608470462695,2020-12-20T13:21:02.695Z,buy,1.6e-06,63.0,0.0001008
IDEX/BTC,1608470464118,2020-12-20T13:21:04.118Z,sell,1.59e-06,63.0,0.00010017
IDEX/BTC,1608470464382,2020-12-20T13:21:04.382Z,buy,1.59e-06,1.0,1.59e-06
IDEX/BTC,1608470464678,2020-12-20T13:21:04.678Z,sell,1.59e-06,64.0,0.00010176
IDEX/BTC,1608470465213,2020-12-20T13:21:05.213Z,sell,1.59e-06,65.0,0.00010335
IDEX/BTC,1608470470705,2020-12-20T13:21:10.705Z,buy,1.61e-06,130.0,0.0002093
IDEX/BTC,1608470470705,2020-12-20T13:21:10.705Z,buy,1.62e-06,81.0,0.00013122
IDEX/BTC,1608470481328,2020-12-20T13:21:21.328Z,buy,1.62e-06,62.0,0.00010044
IDEX/BTC,1608470483435,2020-12-20T13:21:23.435Z,sell,1.59e-06,391.0,0.00062169
IDEX/BTC,1608470485711,2020-12-20T13:21:25.711Z,buy,1.6e-06,143.0,0.0002287999999999
IDEX/BTC,1608470493742,2020-12-20T13:21:33.742Z,sell,1.57e-06,216.0,0.00033912
IDEX/BTC,1608470493742,2020-12-20T13:21:33.742Z,sell,1.56e-06,2436.0,0.00380016
IDEX/BTC,1608470493742,2020-12-20T13:21:33.742Z,sell,1.55e-06,2049.0,0.00317595
IDEX/BTC,1608470495230,2020-12-20T13:21:35.230Z,buy,1.56e-06,3169.0,0.00494364
IDEX/BTC,1608470495652,2020-12-20T13:21:35.652Z,sell,1.55e-06,9093.0,0.01409415
IDEX/BTC,1608470495652,2020-12-20T13:21:35.652Z,sell,1.54e-06,46939.0,0.07228606
IDEX/BTC,1608470500873,2020-12-20T13:21:40.873Z,buy,1.56e-06,1473.0,0.00229788
IDEX/BTC,1608470501182,2020-12-20T13:21:41.182Z,sell,1.56e-06,65.0,0.0001014
IDEX/BTC,1608470502714,2020-12-20T13:21:42.714Z,buy,1.58e-06,64.0,0.00010112
IDEX/BTC,1608470504352,2020-12-20T13:21:44.352Z,sell,1.57e-06,64.0,0.00010048
IDEX/BTC,1608470504352,2020-12-20T13:21:44.352Z,sell,1.56e-06,1.0,1.56e-06
IDEX/BTC,1608470511971,2020-12-20T13:21:51.971Z,buy,1.58e-06,159.0,0.0002512199999999
IDEX/BTC,1608470517306,2020-12-20T13:21:57.306Z,sell,1.58e-06,1833.0,0.0028961399999999
IDEX/BTC,1608470517732,2020-12-20T13:21:57.732Z,buy,1.57e-06,224.0,0.00035168
IDEX/BTC,1608470517875,2020-12-20T13:21:57.875Z,buy,1.57e-06,10427.0,0.01637039
IDEX/BTC,1608470521425,2020-12-20T13:22:01.425Z,sell,1.57e-06,158.0,0.00024806
IDEX/BTC,1608470523687,2020-12-20T13:22:03.687Z,sell,1.56e-06,17964.0,0.02802384
IDEX/BTC,1608470532767,2020-12-20T13:22:12.767Z,sell,1.56e-06,568.0,0.00088608
IDEX/BTC,1608470532819,2020-12-20T13:22:12.819Z,sell,1.56e-06,1933.0,0.00301548
IDEX/BTC,1608470534629,2020-12-20T13:22:14.629Z,sell,1.56e-06,65.0,0.0001014
IDEX/BTC,1608470539822,2020-12-20T13:22:19.822Z,buy,1.57e-06,65.0,0.00010205
IDEX/BTC,1608470539822,2020-12-20T13:22:19.822Z,buy,1.58e-06,7.0,1.106e-05
IDEX/BTC,1608470544582,2020-12-20T13:22:24.582Z,sell,1.56e-06,160.0,0.0002496
IDEX/BTC,1608470623008,2020-12-20T13:23:43.008Z,sell,1.57e-06,171.0,0.00026847
IDEX/BTC,1608470623008,2020-12-20T13:23:43.008Z,sell,1.56e-06,8670.0,0.0135252
IDEX/BTC,1608470634202,2020-12-20T13:23:54.202Z,sell,1.55e-06,7376.0,0.0114328
IDEX/BTC,1608470639462,2020-12-20T13:23:59.462Z,buy,1.56e-06,5291.0,0.00825396
IDEX/BTC,1608470639470,2020-12-20T13:23:59.470Z,buy,1.56e-06,2424.0,0.00378144
IDEX/BTC,1608470639470,2020-12-20T13:23:59.470Z,buy,1.57e-06,65.0,0.00010205
IDEX/BTC,1608470639483,2020-12-20T13:23:59.483Z,buy,1.58e-06,2935.0,0.0046373
IDEX/BTC,1608470639497,2020-12-20T13:23:59.497Z,sell,1.57e-06,3402.0,0.00534114
IDEX/BTC,1608470655162,2020-12-20T13:24:15.162Z,sell,1.55e-06,65.0,0.00010075
IDEX/BTC,1608470658410,2020-12-20T13:24:18.410Z,buy,1.56e-06,65.0,0.0001014
IDEX/BTC,1608470665416,2020-12-20T13:24:25.416Z,buy,1.57e-06,1045.0,0.00164065
IDEX/BTC,1608470680615,2020-12-20T13:24:40.615Z,sell,1.57e-06,305.0,0.00047885
IDEX/BTC,1608470685785,2020-12-20T13:24:45.785Z,buy,1.58e-06,3335.0,0.0052692999999999
IDEX/BTC,1608470688486,2020-12-20T13:24:48.486Z,sell,1.58e-06,64.0,0.00010112
IDEX/BTC,1608470692888,2020-12-20T13:24:52.888Z,sell,1.58e-06,65.0,0.0001026999999999
IDEX/BTC,1608470693500,2020-12-20T13:24:53.500Z,sell,1.58e-06,1005.0,0.0015879
IDEX/BTC,1608470694870,2020-12-20T13:24:54.870Z,buy,1.59e-06,156.0,0.00024804
IDEX/BTC,1608470716430,2020-12-20T13:25:16.430Z,buy,1.59e-06,74.0,0.00011766
IDEX/BTC,1608470716430,2020-12-20T13:25:16.430Z,buy,1.6e-06,2685.0,0.0042959999999999
IDEX/BTC,1608470716430,2020-12-20T13:25:16.430Z,buy,1.61e-06,8774.0,0.01412614
IDEX/BTC,1608470729936,2020-12-20T13:25:29.936Z,buy,1.61e-06,156.0,0.00025116
IDEX/BTC,1608470729936,2020-12-20T13:25:29.936Z,buy,1.62e-06,34.0,5.508e-05
IDEX/BTC,1608470737859,2020-12-20T13:25:37.859Z,buy,1.62e-06,154.0,0.00024948
IDEX/BTC,1608470739177,2020-12-20T13:25:39.177Z,sell,1.61e-06,191.0,0.00030751
IDEX/BTC,1608470739177,2020-12-20T13:25:39.177Z,sell,1.58e-06,64.0,0.00010112
IDEX/BTC,1608470739177,2020-12-20T13:25:39.177Z,sell,1.57e-06,3462.0,0.00543534
IDEX/BTC,1608470741031,2020-12-20T13:25:41.031Z,buy,1.61e-06,2898.0,0.00466578
IDEX/BTC,1608470741031,2020-12-20T13:25:41.031Z,buy,1.62e-06,6288.0,0.0101865599999999
IDEX/BTC,1608470746990,2020-12-20T13:25:46.990Z,buy,1.58e-06,1954.0,0.0030873199999999
IDEX/BTC,1608470747625,2020-12-20T13:25:47.625Z,buy,1.58e-06,960.0,0.0015168
IDEX/BTC,1608470749965,2020-12-20T13:25:49.965Z,sell,1.57e-06,64.0,0.00010048
IDEX/BTC,1608470749965,2020-12-20T13:25:49.965Z,sell,1.56e-06,713.0,0.00111228
IDEX/BTC,1608470749965,2020-12-20T13:25:49.965Z,sell,1.55e-06,2379.0,0.00368745
IDEX/BTC,1608470751166,2020-12-20T13:25:51.166Z,buy,1.58e-06,63.0,9.954e-05
IDEX/BTC,1608470751785,2020-12-20T13:25:51.785Z,buy,1.58e-06,63.0,9.954e-05
IDEX/BTC,1608470754617,2020-12-20T13:25:54.617Z,sell,1.56e-06,65.0,0.0001014
IDEX/BTC,1608470754915,2020-12-20T13:25:54.915Z,sell,1.56e-06,65.0,0.0001014
IDEX/BTC,1608470771346,2020-12-20T13:26:11.346Z,sell,1.56e-06,154.0,0.00024024
IDEX/BTC,1608470779260,2020-12-20T13:26:19.260Z,buy,1.57e-06,82.0,0.00012874
IDEX/BTC,1608470782776,2020-12-20T13:26:22.776Z,buy,1.57e-06,63.0,9.891e-05
IDEX/BTC,1608470789746,2020-12-20T13:26:29.746Z,buy,1.57e-06,356.0,0.00055892
IDEX/BTC,1608470789746,2020-12-20T13:26:29.746Z,buy,1.58e-06,63.0,9.954e-05
IDEX/BTC,1608470798138,2020-12-20T13:26:38.138Z,buy,1.58e-06,157.0,0.00024806
IDEX/BTC,1608470799594,2020-12-20T13:26:39.594Z,sell,1.57e-06,11089.0,0.01740973
IDEX/BTC,1608470799597,2020-12-20T13:26:39.597Z,sell,1.57e-06,23732.0,0.03725924
IDEX/BTC,1608470799597,2020-12-20T13:26:39.597Z,sell,1.56e-06,959.0,0.00149604
IDEX/BTC,1608470799612,2020-12-20T13:26:39.612Z,sell,1.55e-06,2896.0,0.0044888
IDEX/BTC,1608470799628,2020-12-20T13:26:39.628Z,sell,1.55e-06,747.0,0.00115785
IDEX/BTC,1608470799877,2020-12-20T13:26:39.877Z,sell,1.55e-06,322.0,0.0004991
IDEX/BTC,1608470801924,2020-12-20T13:26:41.924Z,sell,1.55e-06,5073.0,0.00786315
IDEX/BTC,1608470801924,2020-12-20T13:26:41.924Z,sell,1.54e-06,6016.0,0.00926464
IDEX/BTC,1608470812500,2020-12-20T13:26:52.500Z,sell,1.56e-06,65.0,0.0001014
IDEX/BTC,1608470815460,2020-12-20T13:26:55.460Z,sell,1.56e-06,65.0,0.0001014
IDEX/BTC,1608470818503,2020-12-20T13:26:58.503Z,sell,1.57e-06,154.0,0.00024178
IDEX/BTC,1608470923866,2020-12-20T13:28:43.866Z,buy,1.57e-06,543.0,0.00085251
IDEX/BTC,1608470930992,2020-12-20T13:28:50.992Z,sell,1.56e-06,65.0,0.0001014
IDEX/BTC,1608470932402,2020-12-20T13:28:52.402Z,buy,1.56e-06,518.0,0.00080808
IDEX/BTC,1608470932822,2020-12-20T13:28:52.822Z,sell,1.56e-06,2884.0,0.00449904
IDEX/BTC,1608470932822,2020-12-20T13:28:52.822Z,sell,1.55e-06,111116.0,0.1722298
IDEX/BTC,1608470952620,2020-12-20T13:29:12.620Z,sell,1.54e-06,65.0,0.0001001
IDEX/BTC,1608470963319,2020-12-20T13:29:23.319Z,sell,1.54e-06,6236.0,0.00960344
IDEX/BTC,1608470966868,2020-12-20T13:29:26.868Z,buy,1.56e-06,226.0,0.00035256
IDEX/BTC,1608470966868,2020-12-20T13:29:26.868Z,buy,1.57e-06,54133.0,0.08498881
IDEX/BTC,1608470996424,2020-12-20T13:29:56.424Z,sell,1.55e-06,433.0,0.00067115
IDEX/BTC,1608471016051,2020-12-20T13:30:16.051Z,sell,1.55e-06,120.0,0.000186
IDEX/BTC,1608471018231,2020-12-20T13:30:18.231Z,sell,1.55e-06,65.0,0.00010075
IDEX/BTC,1608471041858,2020-12-20T13:30:41.858Z,sell,1.55e-06,9280.0,0.014384
IDEX/BTC,1608471059421,2020-12-20T13:30:59.421Z,sell,1.54e-06,8821.0,0.01358434
IDEX/BTC,1608471064807,2020-12-20T13:31:04.807Z,sell,1.53e-06,3826.0,0.00585378
IDEX/BTC,1608471070863,2020-12-20T13:31:10.863Z,buy,1.54e-06,7944.0,0.01223376
IDEX/BTC,1608471070863,2020-12-20T13:31:10.863Z,buy,1.56e-06,14547.0,0.02269332
IDEX/BTC,1608471080271,2020-12-20T13:31:20.271Z,sell,1.54e-06,65.0,0.0001001
IDEX/BTC,1608471082234,2020-12-20T13:31:22.234Z,sell,1.54e-06,66.0,0.00010164
IDEX/BTC,1608471104201,2020-12-20T13:31:44.201Z,buy,1.55e-06,65.0,0.00010075
IDEX/BTC,1608471140983,2020-12-20T13:32:20.983Z,sell,1.54e-06,690.0,0.0010626
IDEX/BTC,1608471182401,2020-12-20T13:33:02.401Z,sell,1.54e-06,4741.0,0.00730114
IDEX/BTC,1608471201759,2020-12-20T13:33:21.759Z,sell,1.54e-06,89.0,0.00013706
IDEX/BTC,1608471230523,2020-12-20T13:33:50.523Z,buy,1.56e-06,74.0,0.00011544
IDEX/BTC,1608471250330,2020-12-20T13:34:10.330Z,buy,1.55e-06,3227.0,0.0050018499999999
IDEX/BTC,1608471262598,2020-12-20T13:34:22.598Z,sell,1.54e-06,11566.0,0.01781164
IDEX/BTC,1608471262598,2020-12-20T13:34:22.598Z,sell,1.53e-06,9774.0,0.0149542199999999
IDEX/BTC,1608471262598,2020-12-20T13:34:22.598Z,sell,1.52e-06,47531.0,0.07224712
IDEX/BTC,1608471262598,2020-12-20T13:34:22.598Z,sell,1.51e-06,18375.0,0.02774625
IDEX/BTC,1608471262598,2020-12-20T13:34:22.598Z,sell,1.5e-06,135839.0,0.2037585
IDEX/BTC,1608471262598,2020-12-20T13:34:22.598Z,sell,1.49e-06,189550.0,0.2824295
IDEX/BTC,1608471262605,2020-12-20T13:34:22.605Z,buy,1.49e-06,1362.0,0.00202938
IDEX/BTC,1608471262606,2020-12-20T13:34:22.606Z,buy,1.49e-06,1362.0,0.00202938
IDEX/BTC,1608471262606,2020-12-20T13:34:22.606Z,buy,1.49e-06,1362.0,0.00202938
IDEX/BTC,1608471262606,2020-12-20T13:34:22.606Z,buy,1.49e-06,1362.0,0.00202938
IDEX/BTC,1608471262606,2020-12-20T13:34:22.606Z,buy,1.49e-06,1362.0,0.00202938
IDEX/BTC,1608471262606,2020-12-20T13:34:22.606Z,buy,1.49e-06,1362.0,0.00202938
IDEX/BTC,1608471262606,2020-12-20T13:34:22.606Z,buy,1.49e-06,1362.0,0.00202938
IDEX/BTC,1608471262606,2020-12-20T13:34:22.606Z,buy,1.49e-06,1362.0,0.00202938
IDEX/BTC,1608471262606,2020-12-20T13:34:22.606Z,buy,1.49e-06,1362.0,0.00202938
IDEX/BTC,1608471262606,2020-12-20T13:34:22.606Z,buy,1.49e-06,1362.0,0.00202938
IDEX/BTC,1608471262606,2020-12-20T13:34:22.606Z,buy,1.49e-06,1362.0,0.00202938
IDEX/BTC,1608471262607,2020-12-20T13:34:22.607Z,buy,1.49e-06,1362.0,0.00202938
IDEX/BTC,1608471262607,2020-12-20T13:34:22.607Z,buy,1.49e-06,1362.0,0.00202938
IDEX/BTC,1608471262607,2020-12-20T13:34:22.607Z,buy,1.49e-06,1362.0,0.00202938
IDEX/BTC,1608471262607,2020-12-20T13:34:22.607Z,buy,1.49e-06,1362.0,0.00202938
IDEX/BTC,1608471262607,2020-12-20T13:34:22.607Z,buy,1.49e-06,1362.0,0.00202938
IDEX/BTC,1608471262607,2020-12-20T13:34:22.607Z,buy,1.49e-06,1362.0,0.00202938
IDEX/BTC,1608471262607,2020-12-20T13:34:22.607Z,buy,1.49e-06,1362.0,0.00202938
IDEX/BTC,1608471262608,2020-12-20T13:34:22.608Z,buy,1.49e-06,804.0,0.0011979599999999
IDEX/BTC,1608471262608,2020-12-20T13:34:22.608Z,buy,1.49e-06,1362.0,0.00202938
IDEX/BTC,1608471262608,2020-12-20T13:34:22.608Z,buy,1.49e-06,1927.0,0.00287123
IDEX/BTC,1608471262608,2020-12-20T13:34:22.608Z,buy,1.49e-06,1927.0,0.00287123
IDEX/BTC,1608471262608,2020-12-20T13:34:22.608Z,buy,1.49e-06,1362.0,0.00202938
IDEX/BTC,1608471262608,2020-12-20T13:34:22.608Z,buy,1.49e-06,1362.0,0.00202938
IDEX/BTC,1608471262608,2020-12-20T13:34:22.608Z,buy,1.49e-06,1362.0,0.00202938
IDEX/BTC,1608471262608,2020-12-20T13:34:22.608Z,buy,1.49e-06,1927.0,0.00287123
IDEX/BTC,1608471262608,2020-12-20T13:34:22.608Z,buy,1.49e-06,1362.0,0.00202938
IDEX/BTC,1608471262609,2020-12-20T13:34:22.609Z,buy,1.49e-06,1362.0,0.00202938
IDEX/BTC,1608471262609,2020-12-20T13:34:22.609Z,buy,1.49e-06,1362.0,0.00202938
IDEX/BTC,1608471262610,2020-12-20T13:34:22.610Z,buy,1.49e-06,1362.0,0.00202938
IDEX/BTC,1608471262610,2020-12-20T13:34:22.610Z,buy,1.49e-06,1362.0,0.00202938
IDEX/BTC,1608471262610,2020-12-20T13:34:22.610Z,buy,1.49e-06,1362.0,0.00202938
IDEX/BTC,1608471262610,2020-12-20T13:34:22.610Z,buy,1.49e-06,1362.0,0.00202938
IDEX/BTC,1608471262611,2020-12-20T13:34:22.611Z,buy,1.49e-06,1362.0,0.00202938
IDEX/BTC,1608471262611,2020-12-20T13:34:22.611Z,buy,1.49e-06,1362.0,0.00202938
IDEX/BTC,1608471262611,2020-12-20T13:34:22.611Z,buy,1.49e-06,1362.0,0.00202938
IDEX/BTC,1608471262611,2020-12-20T13:34:22.611Z,buy,1.49e-06,1362.0,0.00202938
IDEX/BTC,1608471262612,2020-12-20T13:34:22.612Z,buy,1.49e-06,266.0,0.0003963399999999
IDEX/BTC,1608471262612,2020-12-20T13:34:22.612Z,buy,1.49e-06,1362.0,0.00202938
IDEX/BTC,1608471262612,2020-12-20T13:34:22.612Z,buy,1.49e-06,1927.0,0.00287123
IDEX/BTC,1608471262613,2020-12-20T13:34:22.613Z,buy,1.49e-06,1362.0,0.00202938
IDEX/BTC,1608471262613,2020-12-20T13:34:22.613Z,buy,1.49e-06,1362.0,0.00202938
IDEX/BTC,1608471262613,2020-12-20T13:34:22.613Z,buy,1.49e-06,6153.0,0.00916797
IDEX/BTC,1608471262613,2020-12-20T13:34:22.613Z,buy,1.49e-06,1927.0,0.00287123
IDEX/BTC,1608471262613,2020-12-20T13:34:22.613Z,buy,1.49e-06,1927.0,0.00287123
IDEX/BTC,1608471262613,2020-12-20T13:34:22.613Z,buy,1.49e-06,1362.0,0.00202938
IDEX/BTC,1608471262613,2020-12-20T13:34:22.613Z,buy,1.49e-06,1362.0,0.00202938
IDEX/BTC,1608471262613,2020-12-20T13:34:22.613Z,buy,1.49e-06,1362.0,0.00202938
IDEX/BTC,1608471262613,2020-12-20T13:34:22.613Z,buy,1.49e-06,1362.0,0.00202938
IDEX/BTC,1608471262613,2020-12-20T13:34:22.613Z,buy,1.49e-06,1362.0,0.00202938
IDEX/BTC,1608471262614,2020-12-20T13:34:22.614Z,buy,1.49e-06,1362.0,0.00202938
IDEX/BTC,1608471262614,2020-12-20T13:34:22.614Z,buy,1.49e-06,11566.0,0.01723334
IDEX/BTC,1608471262614,2020-12-20T13:34:22.614Z,buy,1.49e-06,1362.0,0.00202938
IDEX/BTC,1608471262615,2020-12-20T13:34:22.615Z,buy,1.49e-06,11566.0,0.01723334
IDEX/BTC,1608471262618,2020-12-20T13:34:22.618Z,buy,1.49e-06,1362.0,0.00202938
IDEX/BTC,1608471262619,2020-12-20T13:34:22.619Z,buy,1.49e-06,1362.0,0.00202938
IDEX/BTC,1608471262626,2020-12-20T13:34:22.626Z,buy,1.49e-06,267.0,0.00039783
IDEX/BTC,1608471262631,2020-12-20T13:34:22.631Z,buy,1.49e-06,567.0,0.00084483
IDEX/BTC,1608471262638,2020-12-20T13:34:22.638Z,buy,1.49e-06,609.0,0.00090741
IDEX/BTC,1608471262650,2020-12-20T13:34:22.650Z,sell,1.48e-06,68.0,0.00010064
IDEX/BTC,1608471262650,2020-12-20T13:34:22.650Z,sell,1.47e-06,1621.0,0.00238287
IDEX/BTC,1608471262650,2020-12-20T13:34:22.650Z,sell,1.46e-06,69.0,0.00010074
IDEX/BTC,1608471262650,2020-12-20T13:34:22.650Z,sell,1.45e-06,5737.0,0.00831865
IDEX/BTC,1608471262650,2020-12-20T13:34:22.650Z,sell,1.44e-06,7734.0,0.01113696
IDEX/BTC,1608471262830,2020-12-20T13:34:22.830Z,buy,1.49e-06,110.0,0.0001639
IDEX/BTC,1608471265512,2020-12-20T13:34:25.512Z,sell,1.46e-06,69.0,0.00010074
IDEX/BTC,1608471266044,2020-12-20T13:34:26.044Z,sell,1.46e-06,70.0,0.0001022
IDEX/BTC,1608471268287,2020-12-20T13:34:28.287Z,sell,1.46e-06,6868.0,0.01002728
IDEX/BTC,1608471268879,2020-12-20T13:34:28.879Z,sell,1.46e-06,157.0,0.00022922
IDEX/BTC,1608471273387,2020-12-20T13:34:33.387Z,buy,1.47e-06,69.0,0.00010143
IDEX/BTC,1608471273387,2020-12-20T13:34:33.387Z,buy,1.48e-06,138.0,0.00020424
IDEX/BTC,1608471273387,2020-12-20T13:34:33.387Z,buy,1.49e-06,126.0,0.00018774
IDEX/BTC,1608471276793,2020-12-20T13:34:36.793Z,buy,1.48e-06,1355.0,0.0020054
IDEX/BTC,1608471277129,2020-12-20T13:34:37.129Z,sell,1.48e-06,157.0,0.00023236
