symbol,timestamp,datetime,side,price,amount,btc_volume
LRC/BTC,1566403208246,2019-08-21T16:00:08.246Z,buy,3.46e-06,413.0,0.00142898
LRC/BTC,1566403322366,2019-08-21T16:02:02.366Z,sell,3.45e-06,4718.0,0.0162771
LRC/BTC,1566403335738,2019-08-21T16:02:15.738Z,buy,3.46e-06,2904.0,0.01004784
LRC/BTC,1566403564757,2019-08-21T16:06:04.757Z,buy,3.46e-06,600.0,0.002076
LRC/BTC,1566403597302,2019-08-21T16:06:37.302Z,buy,3.46e-06,5820.0,0.0201372
LRC/BTC,1566403597408,2019-08-21T16:06:37.408Z,buy,3.46e-06,535.0,0.0018511
LRC/BTC,1566403605580,2019-08-21T16:06:45.580Z,buy,3.46e-06,535.0,0.0018511
LRC/BTC,1566403605773,2019-08-21T16:06:45.773Z,buy,3.46e-06,572.0,0.00197912
LRC/BTC,1566403608041,2019-08-21T16:06:48.041Z,buy,3.46e-06,573.0,0.00198258
LRC/BTC,1566403608233,2019-08-21T16:06:48.233Z,buy,3.46e-06,2546.0,0.00880916
LRC/BTC,1566403608335,2019-08-21T16:06:48.335Z,buy,3.46e-06,572.0,0.00197912
LRC/BTC,1566403608460,2019-08-21T16:06:48.460Z,buy,3.46e-06,572.0,0.00197912
LRC/BTC,1566403617717,2019-08-21T16:06:57.717Z,buy,3.46e-06,222.0,0.00076812
LRC/BTC,1566403619632,2019-08-21T16:06:59.632Z,buy,3.46e-06,474.0,0.00164004
LRC/BTC,1566403789876,2019-08-21T16:09:49.876Z,sell,3.45e-06,600.0,0.00207
LRC/BTC,1566403804356,2019-08-21T16:10:04.356Z,sell,3.45e-06,705.0,0.00243225
LRC/BTC,1566403804466,2019-08-21T16:10:04.466Z,sell,3.45e-06,1622.0,0.0055959
LRC/BTC,1566403831595,2019-08-21T16:10:31.595Z,sell,3.45e-06,777.0,0.00268065
LRC/BTC,1566403895231,2019-08-21T16:11:35.231Z,sell,3.44e-06,34807.0,0.11973608
LRC/BTC,1566403939275,2019-08-21T16:12:19.275Z,buy,3.46e-06,378.0,0.00130788
LRC/BTC,1566403939478,2019-08-21T16:12:19.478Z,sell,3.44e-06,200.0,0.000688
LRC/BTC,1566403949707,2019-08-21T16:12:29.707Z,sell,3.44e-06,1449.0,0.00498456
LRC/BTC,1566403991442,2019-08-21T16:13:11.442Z,buy,3.45e-06,1390.0,0.0047955
LRC/BTC,1566403996683,2019-08-21T16:13:16.683Z,sell,3.44e-06,4175.0,0.014362
LRC/BTC,1566403996711,2019-08-21T16:13:16.711Z,buy,3.44e-06,2192.0,0.00754048
LRC/BTC,1566403996763,2019-08-21T16:13:16.763Z,buy,3.44e-06,3009.0,0.01035096
LRC/BTC,1566403998943,2019-08-21T16:13:18.943Z,buy,3.46e-06,671.0,0.00232166
LRC/BTC,1566403999916,2019-08-21T16:13:19.916Z,buy,3.45e-06,449.0,0.00154905
LRC/BTC,1566404200818,2019-08-21T16:16:40.818Z,buy,3.45e-06,2000.0,0.0069
LRC/BTC,1566404406416,2019-08-21T16:20:06.416Z,buy,3.44e-06,1383.0,0.00475752
LRC/BTC,1566404608819,2019-08-21T16:23:28.819Z,buy,3.44e-06,667.0,0.00229448
LRC/BTC,1566404812450,2019-08-21T16:26:52.450Z,buy,3.44e-06,600.0,0.002064
LRC/BTC,1566404812450,2019-08-21T16:26:52.450Z,buy,3.45e-06,864.0,0.0029808
LRC/BTC,1566404824322,2019-08-21T16:27:04.322Z,buy,3.45e-06,615.0,0.00212175
LRC/BTC,1566404843437,2019-08-21T16:27:23.437Z,buy,3.44e-06,4617.0,0.01588248
LRC/BTC,1566404868505,2019-08-21T16:27:48.505Z,buy,3.44e-06,1778.0,0.00611632
LRC/BTC,1566404999029,2019-08-21T16:29:59.029Z,sell,3.43e-06,2752.0,0.00943936
LRC/BTC,1566404999060,2019-08-21T16:29:59.060Z,sell,3.43e-06,6000.0,0.02058
LRC/BTC,1566405012351,2019-08-21T16:30:12.351Z,buy,3.44e-06,4622.0,0.01589968
LRC/BTC,1566405012562,2019-08-21T16:30:12.562Z,buy,3.44e-06,3873.0,0.01332312
LRC/BTC,1566405024599,2019-08-21T16:30:24.599Z,buy,3.44e-06,6190.0,0.0212936
LRC/BTC,1566405026349,2019-08-21T16:30:26.349Z,buy,3.44e-06,5738.0,0.01973872
LRC/BTC,1566405026349,2019-08-21T16:30:26.349Z,buy,3.45e-06,4353.0,0.01501785
LRC/BTC,1566405597099,2019-08-21T16:39:57.099Z,sell,3.44e-06,330.0,0.0011352
LRC/BTC,1566405606214,2019-08-21T16:40:06.214Z,sell,3.44e-06,619.0,0.00212936
LRC/BTC,1566405606829,2019-08-21T16:40:06.829Z,sell,3.44e-06,192.0,0.00066048
LRC/BTC,1566405649579,2019-08-21T16:40:49.579Z,sell,3.44e-06,315.0,0.0010836
LRC/BTC,1566405688552,2019-08-21T16:41:28.552Z,sell,3.44e-06,118.0,0.00040592
LRC/BTC,1566405690001,2019-08-21T16:41:30.001Z,sell,3.44e-06,104.0,0.00035776
LRC/BTC,1566405691566,2019-08-21T16:41:31.566Z,sell,3.44e-06,84.0,0.00028896
LRC/BTC,1566405692489,2019-08-21T16:41:32.489Z,buy,3.44e-06,6000.0,0.02064
LRC/BTC,1566405720238,2019-08-21T16:42:00.238Z,sell,3.43e-06,85.0,0.00029155
LRC/BTC,1566405723681,2019-08-21T16:42:03.681Z,sell,3.43e-06,515.0,0.00176645
LRC/BTC,1566405740668,2019-08-21T16:42:20.668Z,sell,3.43e-06,6111.0,0.02096073
LRC/BTC,1566405740771,2019-08-21T16:42:20.771Z,sell,3.43e-06,507.0,0.00173901
LRC/BTC,1566405740861,2019-08-21T16:42:20.861Z,sell,3.43e-06,2569.0,0.00881167
LRC/BTC,1566405740977,2019-08-21T16:42:20.977Z,sell,3.43e-06,507.0,0.00173901
LRC/BTC,1566405741501,2019-08-21T16:42:21.501Z,sell,3.43e-06,2617.0,0.00897631
LRC/BTC,1566405751294,2019-08-21T16:42:31.294Z,sell,3.43e-06,1016.0,0.00348488
LRC/BTC,1566405827083,2019-08-21T16:43:47.083Z,sell,3.43e-06,170.0,0.0005831
LRC/BTC,1566405827543,2019-08-21T16:43:47.543Z,buy,3.44e-06,1248.0,0.00429312
LRC/BTC,1566405838624,2019-08-21T16:43:58.624Z,buy,3.44e-06,224.0,0.00077056
LRC/BTC,1566406040394,2019-08-21T16:47:20.394Z,buy,3.44e-06,7995.0,0.0275028
LRC/BTC,1566406040416,2019-08-21T16:47:20.416Z,buy,3.44e-06,2617.0,0.00900248
LRC/BTC,1566406102074,2019-08-21T16:48:22.074Z,buy,3.44e-06,235.0,0.0008084
LRC/BTC,1566406329387,2019-08-21T16:52:09.387Z,buy,3.45e-06,395.0,0.00136275
LRC/BTC,1566406330392,2019-08-21T16:52:10.392Z,buy,3.45e-06,180.0,0.000621
LRC/BTC,1566406330643,2019-08-21T16:52:10.643Z,buy,3.45e-06,2322.0,0.0080109
LRC/BTC,1566406345949,2019-08-21T16:52:25.949Z,buy,3.45e-06,13391.0,0.04619895
LRC/BTC,1566406351209,2019-08-21T16:52:31.209Z,buy,3.45e-06,11012.0,0.0379914
LRC/BTC,1566406388273,2019-08-21T16:53:08.273Z,buy,3.45e-06,7607.0,0.02624415
LRC/BTC,1566406388579,2019-08-21T16:53:08.579Z,buy,3.45e-06,4749.0,0.01638405
LRC/BTC,1566406542150,2019-08-21T16:55:42.150Z,sell,3.43e-06,11417.0,0.03916031
LRC/BTC,1566406557541,2019-08-21T16:55:57.541Z,buy,3.44e-06,72.0,0.00024768
LRC/BTC,1566406559555,2019-08-21T16:55:59.555Z,buy,3.44e-06,73.0,0.00025112
LRC/BTC,1566406560674,2019-08-21T16:56:00.674Z,buy,3.44e-06,75.0,0.000258
LRC/BTC,1566406560674,2019-08-21T16:56:00.674Z,buy,3.44e-06,75.0,0.000258
LRC/BTC,1566406821181,2019-08-21T17:00:21.181Z,sell,3.43e-06,8863.0,0.03040009
LRC/BTC,1566406965470,2019-08-21T17:02:45.470Z,buy,3.44e-06,1288.0,0.00443072
LRC/BTC,1566406965493,2019-08-21T17:02:45.493Z,sell,3.44e-06,169.0,0.00058136
LRC/BTC,1566406966347,2019-08-21T17:02:46.347Z,sell,3.43e-06,10450.0,0.0358435
LRC/BTC,1566406971570,2019-08-21T17:02:51.570Z,buy,3.45e-06,580.0,0.002001
LRC/BTC,1566406971613,2019-08-21T17:02:51.613Z,sell,3.44e-06,600.0,0.002064
LRC/BTC,1566407169558,2019-08-21T17:06:09.558Z,sell,3.43e-06,8428.0,0.02890804
LRC/BTC,1566407212413,2019-08-21T17:06:52.413Z,buy,3.45e-06,3668.0,0.0126546
LRC/BTC,1566407390607,2019-08-21T17:09:50.607Z,sell,3.43e-06,7666.0,0.02629438
LRC/BTC,1566407480638,2019-08-21T17:11:20.638Z,buy,3.44e-06,401.0,0.00137944
LRC/BTC,1566407602840,2019-08-21T17:13:22.840Z,buy,3.44e-06,1974.0,0.00679056
LRC/BTC,1566407603612,2019-08-21T17:13:23.612Z,sell,3.44e-06,6000.0,0.02064
LRC/BTC,1566408010504,2019-08-21T17:20:10.504Z,buy,3.45e-06,1449.0,0.00499905
LRC/BTC,1566408010524,2019-08-21T17:20:10.524Z,buy,3.45e-06,6000.0,0.0207
LRC/BTC,1566408019435,2019-08-21T17:20:19.435Z,sell,3.45e-06,1375.0,0.00474375
LRC/BTC,1566408250018,2019-08-21T17:24:10.018Z,buy,3.45e-06,30.0,0.0001035
LRC/BTC,1566408559698,2019-08-21T17:29:19.698Z,sell,3.45e-06,37.0,0.00012765
LRC/BTC,1566408954058,2019-08-21T17:35:54.058Z,sell,3.45e-06,861.0,0.00297045
LRC/BTC,1566408955106,2019-08-21T17:35:55.106Z,sell,3.45e-06,1660.0,0.005727
LRC/BTC,1566408955133,2019-08-21T17:35:55.133Z,sell,3.45e-06,6000.0,0.0207
LRC/BTC,1566409096390,2019-08-21T17:38:16.390Z,buy,3.45e-06,6000.0,0.0207
LRC/BTC,1566409294892,2019-08-21T17:41:34.892Z,buy,3.45e-06,9845.0,0.03396525
LRC/BTC,1566409294892,2019-08-21T17:41:34.892Z,buy,3.46e-06,10109.0,0.03497714
LRC/BTC,1566409294892,2019-08-21T17:41:34.892Z,buy,3.47e-06,20957.0,0.07272079
LRC/BTC,1566409294892,2019-08-21T17:41:34.892Z,buy,3.48e-06,45811.0,0.15942228
LRC/BTC,1566409295856,2019-08-21T17:41:35.856Z,sell,3.45e-06,1376.0,0.0047472
LRC/BTC,1566409300178,2019-08-21T17:41:40.178Z,sell,3.45e-06,7548.0,0.0260406
LRC/BTC,1566409314424,2019-08-21T17:41:54.424Z,buy,3.46e-06,1762.0,0.00609652
LRC/BTC,1566409314452,2019-08-21T17:41:54.452Z,sell,3.46e-06,2886.0,0.00998556
LRC/BTC,1566409314454,2019-08-21T17:41:54.454Z,sell,3.46e-06,2886.0,0.00998556
LRC/BTC,1566409314458,2019-08-21T17:41:54.458Z,sell,3.46e-06,2886.0,0.00998556
LRC/BTC,1566409314516,2019-08-21T17:41:54.516Z,sell,3.46e-06,2320.0,0.0080272
LRC/BTC,1566409314541,2019-08-21T17:41:54.541Z,sell,3.46e-06,2886.0,0.00998556
LRC/BTC,1566409314587,2019-08-21T17:41:54.587Z,sell,3.46e-06,566.0,0.00195836
LRC/BTC,1566409314640,2019-08-21T17:41:54.640Z,sell,3.46e-06,540.0,0.0018683999999999
LRC/BTC,1566409314722,2019-08-21T17:41:54.722Z,sell,3.46e-06,2346.0,0.00811716
LRC/BTC,1566409317479,2019-08-21T17:41:57.479Z,sell,3.46e-06,2886.0,0.00998556
LRC/BTC,1566409317504,2019-08-21T17:41:57.504Z,sell,3.46e-06,2886.0,0.00998556
LRC/BTC,1566409330825,2019-08-21T17:42:10.825Z,sell,3.46e-06,4001.0,0.01384346
LRC/BTC,1566409330825,2019-08-21T17:42:10.825Z,sell,3.45e-06,10408.0,0.0359076
LRC/BTC,1566409342008,2019-08-21T17:42:22.008Z,buy,3.47e-06,14260.0,0.0494822
LRC/BTC,1566409342163,2019-08-21T17:42:22.163Z,buy,3.47e-06,2125.0,0.0073737499999999
LRC/BTC,1566409342163,2019-08-21T17:42:22.163Z,buy,3.48e-06,80939.0,0.28166772
LRC/BTC,1566409342163,2019-08-21T17:42:22.163Z,buy,3.49e-06,15003.0,0.05236047
LRC/BTC,1566409342163,2019-08-21T17:42:22.163Z,buy,3.5e-06,4610.0,0.016135
LRC/BTC,1566409342167,2019-08-21T17:42:22.167Z,buy,3.5e-06,19609.0,0.0686315
LRC/BTC,1566409342167,2019-08-21T17:42:22.167Z,buy,3.51e-06,14973.0,0.0525552299999999
LRC/BTC,1566409342298,2019-08-21T17:42:22.298Z,buy,3.49e-06,3137.0,0.01094813
LRC/BTC,1566409342315,2019-08-21T17:42:22.315Z,sell,3.47e-06,3322.0,0.0115273399999999
LRC/BTC,1566409342472,2019-08-21T17:42:22.472Z,buy,3.47e-06,430.0,0.0014921
LRC/BTC,1566409342489,2019-08-21T17:42:22.489Z,buy,3.47e-06,717.0,0.00248799
LRC/BTC,1566409343123,2019-08-21T17:42:23.123Z,buy,3.47e-06,343.0,0.00119021
LRC/BTC,1566409343158,2019-08-21T17:42:23.158Z,buy,3.47e-06,370.0,0.0012839
LRC/BTC,1566409343162,2019-08-21T17:42:23.162Z,buy,3.47e-06,46.0,0.00015962
LRC/BTC,1566409343162,2019-08-21T17:42:23.162Z,buy,3.48e-06,430.0,0.0014964
LRC/BTC,1566409343162,2019-08-21T17:42:23.162Z,buy,3.5e-06,5163.0,0.0180705
LRC/BTC,1566409343209,2019-08-21T17:42:23.209Z,sell,3.49e-06,858.0,0.00299442
LRC/BTC,1566409343214,2019-08-21T17:42:23.214Z,sell,3.49e-06,371.0,0.00129479
LRC/BTC,1566409343235,2019-08-21T17:42:23.235Z,buy,3.5e-06,371.0,0.0012985
LRC/BTC,1566409343293,2019-08-21T17:42:23.293Z,sell,3.49e-06,114.0,0.00039786
LRC/BTC,1566409343293,2019-08-21T17:42:23.293Z,sell,3.47e-06,1324.0,0.00459428
LRC/BTC,1566409343336,2019-08-21T17:42:23.336Z,sell,3.49e-06,114.0,0.00039786
LRC/BTC,1566409343390,2019-08-21T17:42:23.390Z,sell,3.49e-06,114.0,0.00039786
LRC/BTC,1566409343396,2019-08-21T17:42:23.396Z,buy,3.5e-06,3450.0,0.012075
LRC/BTC,1566409343451,2019-08-21T17:42:23.451Z,sell,3.49e-06,1018.0,0.00355282
LRC/BTC,1566409343452,2019-08-21T17:42:23.452Z,buy,3.5e-06,8646.0,0.030261
LRC/BTC,1566409343475,2019-08-21T17:42:23.475Z,sell,3.48e-06,343.0,0.00119364
LRC/BTC,1566409343795,2019-08-21T17:42:23.795Z,sell,3.48e-06,600.0,0.002088
LRC/BTC,1566409343823,2019-08-21T17:42:23.823Z,sell,3.48e-06,600.0,0.002088
LRC/BTC,1566409343937,2019-08-21T17:42:23.937Z,sell,3.48e-06,600.0,0.002088
LRC/BTC,1566409344053,2019-08-21T17:42:24.053Z,sell,3.48e-06,5767.0,0.02006916
LRC/BTC,1566409344100,2019-08-21T17:42:24.100Z,buy,3.49e-06,1132.0,0.00395068
LRC/BTC,1566409344725,2019-08-21T17:42:24.725Z,buy,3.49e-06,2346.0,0.00818754
LRC/BTC,1566409345213,2019-08-21T17:42:25.213Z,buy,3.49e-06,858.0,0.00299442
LRC/BTC,1566409345218,2019-08-21T17:42:25.218Z,buy,3.49e-06,855.0,0.00298395
LRC/BTC,1566409345246,2019-08-21T17:42:25.246Z,buy,3.49e-06,858.0,0.00299442
LRC/BTC,1566409345246,2019-08-21T17:42:25.246Z,buy,3.49e-06,855.0,0.00298395
LRC/BTC,1566409345737,2019-08-21T17:42:25.737Z,buy,3.49e-06,1151.0,0.00401699
LRC/BTC,1566409345737,2019-08-21T17:42:25.737Z,buy,3.5e-06,560.0,0.00196
LRC/BTC,1566409346519,2019-08-21T17:42:26.519Z,sell,3.48e-06,247.0,0.00085956
LRC/BTC,1566409346936,2019-08-21T17:42:26.936Z,buy,3.5e-06,600.0,0.0021
LRC/BTC,1566409346956,2019-08-21T17:42:26.956Z,sell,3.5e-06,756.0,0.002646
LRC/BTC,1566409347016,2019-08-21T17:42:27.016Z,sell,3.49e-06,756.0,0.00263844
LRC/BTC,1566409347516,2019-08-21T17:42:27.516Z,sell,3.49e-06,411.0,0.00143439
LRC/BTC,1566409347637,2019-08-21T17:42:27.637Z,sell,3.49e-06,244.0,0.00085156
LRC/BTC,1566409347642,2019-08-21T17:42:27.642Z,sell,3.49e-06,200.0,0.000698
LRC/BTC,1566409348001,2019-08-21T17:42:28.001Z,buy,3.5e-06,2636.0,0.009226
LRC/BTC,1566409348001,2019-08-21T17:42:28.001Z,buy,3.51e-06,600.0,0.002106
LRC/BTC,1566409348040,2019-08-21T17:42:28.040Z,sell,3.51e-06,1562.0,0.00548262
LRC/BTC,1566409348388,2019-08-21T17:42:28.388Z,sell,3.51e-06,273.0,0.0009582299999999
LRC/BTC,1566409348397,2019-08-21T17:42:28.397Z,sell,3.51e-06,30202.0,0.10600902
LRC/BTC,1566409348493,2019-08-21T17:42:28.493Z,sell,3.49e-06,139.0,0.00048511
LRC/BTC,1566409348531,2019-08-21T17:42:28.531Z,sell,3.49e-06,717.0,0.00250233
LRC/BTC,1566409349268,2019-08-21T17:42:29.268Z,buy,3.5e-06,600.0,0.0021
LRC/BTC,1566409349268,2019-08-21T17:42:29.268Z,buy,3.51e-06,1356.0,0.0047595599999999
LRC/BTC,1566409349628,2019-08-21T17:42:29.628Z,sell,3.51e-06,2845.0,0.00998595
LRC/BTC,1566409349629,2019-08-21T17:42:29.629Z,sell,3.51e-06,196.0,0.0006879599999999
LRC/BTC,1566409349631,2019-08-21T17:42:29.631Z,sell,3.51e-06,2845.0,0.00998595
LRC/BTC,1566409349636,2019-08-21T17:42:29.636Z,sell,3.51e-06,2418.0,0.00848718
LRC/BTC,1566409349645,2019-08-21T17:42:29.645Z,sell,3.51e-06,2418.0,0.00848718
LRC/BTC,1566409349648,2019-08-21T17:42:29.648Z,sell,3.51e-06,637.0,0.00223587
LRC/BTC,1566409349986,2019-08-21T17:42:29.986Z,sell,3.51e-06,1095.0,0.00384345
LRC/BTC,1566409349987,2019-08-21T17:42:29.987Z,sell,3.51e-06,1288.0,0.00452088
LRC/BTC,1566409349995,2019-08-21T17:42:29.995Z,sell,3.51e-06,622.0,0.00218322
LRC/BTC,1566409350000,2019-08-21T17:42:30.000Z,sell,3.51e-06,1095.0,0.00384345
LRC/BTC,1566409350157,2019-08-21T17:42:30.157Z,sell,3.51e-06,534.0,0.00187434
LRC/BTC,1566409350641,2019-08-21T17:42:30.641Z,sell,3.51e-06,915.0,0.00321165
LRC/BTC,1566409351931,2019-08-21T17:42:31.931Z,sell,3.51e-06,52.0,0.0001825199999999
LRC/BTC,1566409352336,2019-08-21T17:42:32.336Z,sell,3.51e-06,4901.0,0.01720251
LRC/BTC,1566409352606,2019-08-21T17:42:32.606Z,sell,3.51e-06,899.0,0.00315549
LRC/BTC,1566409352732,2019-08-21T17:42:32.732Z,sell,3.51e-06,2683.0,0.00941733
LRC/BTC,1566409352861,2019-08-21T17:42:32.861Z,sell,3.51e-06,100.0,0.0003509999999999
LRC/BTC,1566409353521,2019-08-21T17:42:33.521Z,sell,3.51e-06,500.0,0.0017549999999999
LRC/BTC,1566409355402,2019-08-21T17:42:35.402Z,sell,3.51e-06,441.0,0.00154791
LRC/BTC,1566409356132,2019-08-21T17:42:36.132Z,sell,3.5e-06,48.0,0.000168
LRC/BTC,1566409360561,2019-08-21T17:42:40.561Z,buy,3.52e-06,39.0,0.00013728
LRC/BTC,1566409364940,2019-08-21T17:42:44.940Z,sell,3.5e-06,11189.0,0.0391615
LRC/BTC,1566409374102,2019-08-21T17:42:54.102Z,buy,3.52e-06,4348.0,0.01530496
LRC/BTC,1566409374719,2019-08-21T17:42:54.719Z,sell,3.51e-06,600.0,0.002106
LRC/BTC,1566409375217,2019-08-21T17:42:55.217Z,buy,3.51e-06,600.0,0.002106
LRC/BTC,1566409375217,2019-08-21T17:42:55.217Z,buy,3.52e-06,18976.0,0.06679552
LRC/BTC,1566409375914,2019-08-21T17:42:55.914Z,sell,3.51e-06,100.0,0.0003509999999999
LRC/BTC,1566409377171,2019-08-21T17:42:57.171Z,sell,3.5e-06,146.0,0.000511
LRC/BTC,1566409378193,2019-08-21T17:42:58.193Z,sell,3.5e-06,315.0,0.0011025
LRC/BTC,1566409378295,2019-08-21T17:42:58.295Z,sell,3.5e-06,315.0,0.0011025
LRC/BTC,1566409381367,2019-08-21T17:43:01.367Z,buy,3.52e-06,4687.0,0.01649824
LRC/BTC,1566409381809,2019-08-21T17:43:01.809Z,sell,3.5e-06,29.0,0.0001015
LRC/BTC,1566409383255,2019-08-21T17:43:03.255Z,sell,3.5e-06,1437.0,0.0050295
LRC/BTC,1566409406826,2019-08-21T17:43:26.826Z,buy,3.52e-06,16871.0,0.05938592
LRC/BTC,1566409406853,2019-08-21T17:43:26.853Z,sell,3.52e-06,756.0,0.00266112
LRC/BTC,1566409407724,2019-08-21T17:43:27.724Z,sell,3.52e-06,2276.0,0.00801152
LRC/BTC,1566409408009,2019-08-21T17:43:28.009Z,sell,3.52e-06,1903.0,0.00669856
LRC/BTC,1566409408100,2019-08-21T17:43:28.100Z,sell,3.52e-06,1869.0,0.00657888
LRC/BTC,1566409408120,2019-08-21T17:43:28.120Z,sell,3.52e-06,613.0,0.00215776
LRC/BTC,1566409408326,2019-08-21T17:43:28.326Z,sell,3.52e-06,480.0,0.0016896
LRC/BTC,1566409408446,2019-08-21T17:43:28.446Z,sell,3.52e-06,2651.0,0.00933152
LRC/BTC,1566409408454,2019-08-21T17:43:28.454Z,sell,3.52e-06,2756.0,0.00970112
LRC/BTC,1566409408544,2019-08-21T17:43:28.544Z,sell,3.52e-06,2168.0,0.00763136
LRC/BTC,1566409408862,2019-08-21T17:43:28.862Z,sell,3.52e-06,1313.0,0.00462176
LRC/BTC,1566409408951,2019-08-21T17:43:28.951Z,sell,3.52e-06,1719.0,0.00605088
LRC/BTC,1566409409208,2019-08-21T17:43:29.208Z,buy,3.53e-06,600.0,0.002118
LRC/BTC,1566409409303,2019-08-21T17:43:29.303Z,sell,3.53e-06,1898.0,0.00669994
LRC/BTC,1566409409355,2019-08-21T17:43:29.355Z,buy,3.54e-06,59165.0,0.2094441
LRC/BTC,1566409409408,2019-08-21T17:43:29.408Z,sell,3.54e-06,1305.0,0.0046197
LRC/BTC,1566409409467,2019-08-21T17:43:29.467Z,sell,3.54e-06,107.0,0.00037878
LRC/BTC,1566409411021,2019-08-21T17:43:31.021Z,sell,3.54e-06,228.0,0.00080712
LRC/BTC,1566409411186,2019-08-21T17:43:31.186Z,buy,3.55e-06,33743.0,0.11978765
LRC/BTC,1566409411353,2019-08-21T17:43:31.353Z,sell,3.54e-06,66.0,0.00023364
LRC/BTC,1566409411473,2019-08-21T17:43:31.473Z,sell,3.54e-06,1587.0,0.00561798
LRC/BTC,1566409411503,2019-08-21T17:43:31.503Z,sell,3.54e-06,1250.0,0.004425
LRC/BTC,1566409411530,2019-08-21T17:43:31.530Z,sell,3.54e-06,1118.0,0.00395772
LRC/BTC,1566409411894,2019-08-21T17:43:31.894Z,sell,3.54e-06,799.0,0.00282846
LRC/BTC,1566409412140,2019-08-21T17:43:32.140Z,buy,3.55e-06,33945.0,0.12050475
LRC/BTC,1566409412140,2019-08-21T17:43:32.140Z,buy,3.56e-06,9067.0,0.03227852
LRC/BTC,1566409412387,2019-08-21T17:43:32.387Z,sell,3.54e-06,1819.0,0.00643926
LRC/BTC,1566409414721,2019-08-21T17:43:34.721Z,buy,3.55e-06,3396.0,0.0120558
LRC/BTC,1566409415684,2019-08-21T17:43:35.684Z,sell,3.54e-06,1082.0,0.00383028
LRC/BTC,1566409417617,2019-08-21T17:43:37.617Z,sell,3.55e-06,436.0,0.0015478
LRC/BTC,1566409417980,2019-08-21T17:43:37.980Z,sell,3.55e-06,167.0,0.00059285
LRC/BTC,1566409418118,2019-08-21T17:43:38.118Z,sell,3.55e-06,1883.0,0.0066846499999999
LRC/BTC,1566409418525,2019-08-21T17:43:38.525Z,sell,3.55e-06,600.0,0.00213
LRC/BTC,1566409418729,2019-08-21T17:43:38.729Z,buy,3.55e-06,2604.0,0.0092442
LRC/BTC,1566409420920,2019-08-21T17:43:40.920Z,sell,3.54e-06,531.0,0.00187974
LRC/BTC,1566409421690,2019-08-21T17:43:41.690Z,sell,3.54e-06,1543.0,0.00546222
LRC/BTC,1566409421771,2019-08-21T17:43:41.771Z,sell,3.54e-06,2004.0,0.00709416
LRC/BTC,1566409423693,2019-08-21T17:43:43.693Z,sell,3.54e-06,97.0,0.00034338
LRC/BTC,1566409425951,2019-08-21T17:43:45.951Z,buy,3.55e-06,95.0,0.00033725
LRC/BTC,1566409433269,2019-08-21T17:43:53.269Z,sell,3.54e-06,1431.0,0.00506574
LRC/BTC,1566409440242,2019-08-21T17:44:00.242Z,buy,3.55e-06,2019.0,0.00716745
LRC/BTC,1566409444532,2019-08-21T17:44:04.532Z,sell,3.54e-06,892.0,0.00315768
LRC/BTC,1566409447481,2019-08-21T17:44:07.481Z,buy,3.55e-06,2115.0,0.00750825
LRC/BTC,1566409447489,2019-08-21T17:44:07.489Z,buy,3.55e-06,2115.0,0.00750825
LRC/BTC,1566409449337,2019-08-21T17:44:09.337Z,buy,3.55e-06,45.0,0.00015975
LRC/BTC,1566409452957,2019-08-21T17:44:12.957Z,buy,3.55e-06,1336.0,0.0047428
LRC/BTC,1566409452958,2019-08-21T17:44:12.958Z,buy,3.55e-06,791.0,0.00280805
LRC/BTC,1566409453884,2019-08-21T17:44:13.884Z,buy,3.55e-06,1485.0,0.0052717499999999
LRC/BTC,1566409453912,2019-08-21T17:44:13.912Z,buy,3.55e-06,1485.0,0.0052717499999999
LRC/BTC,1566409467990,2019-08-21T17:44:27.990Z,buy,3.55e-06,1751.0,0.00621605
LRC/BTC,1566409471589,2019-08-21T17:44:31.589Z,buy,3.55e-06,282.0,0.0010011
LRC/BTC,1566409474939,2019-08-21T17:44:34.939Z,buy,3.55e-06,5623.0,0.01996165
LRC/BTC,1566409476526,2019-08-21T17:44:36.526Z,sell,3.54e-06,313.0,0.00110802
LRC/BTC,1566409477281,2019-08-21T17:44:37.281Z,sell,3.54e-06,580.0,0.0020532
LRC/BTC,1566409480373,2019-08-21T17:44:40.373Z,sell,3.54e-06,2048.0,0.00724992
LRC/BTC,1566409492264,2019-08-21T17:44:52.264Z,sell,3.53e-06,5518.0,0.01947854
LRC/BTC,1566409495577,2019-08-21T17:44:55.577Z,sell,3.53e-06,5845.0,0.02063285
LRC/BTC,1566409495577,2019-08-21T17:44:55.577Z,sell,3.52e-06,32022.0,0.11271744
LRC/BTC,1566409495617,2019-08-21T17:44:55.617Z,buy,3.52e-06,4250.0,0.01496
LRC/BTC,1566409496469,2019-08-21T17:44:56.469Z,buy,3.52e-06,921.0,0.00324192
LRC/BTC,1566409496473,2019-08-21T17:44:56.473Z,buy,3.52e-06,2228.0,0.00784256
LRC/BTC,1566409496519,2019-08-21T17:44:56.519Z,buy,3.52e-06,293.0,0.00103136
LRC/BTC,1566409497536,2019-08-21T17:44:57.536Z,sell,3.52e-06,1506.0,0.00530112
LRC/BTC,1566409497808,2019-08-21T17:44:57.808Z,buy,3.52e-06,3491.0,0.01228832
LRC/BTC,1566409499195,2019-08-21T17:44:59.195Z,buy,3.52e-06,642.0,0.00225984
LRC/BTC,1566409511736,2019-08-21T17:45:11.736Z,sell,3.52e-06,1087.0,0.00382624
LRC/BTC,1566409526244,2019-08-21T17:45:26.244Z,sell,3.51e-06,3564.0,0.0125096399999999
LRC/BTC,1566409526493,2019-08-21T17:45:26.493Z,sell,3.5e-06,5443.0,0.0190504999999999
LRC/BTC,1566409527046,2019-08-21T17:45:27.046Z,sell,3.5e-06,8022.0,0.028077
LRC/BTC,1566409527728,2019-08-21T17:45:27.728Z,buy,3.51e-06,413.0,0.00144963
LRC/BTC,1566409527728,2019-08-21T17:45:27.728Z,buy,3.52e-06,2496.0,0.00878592
LRC/BTC,1566409531959,2019-08-21T17:45:31.959Z,buy,3.52e-06,1529.0,0.00538208
LRC/BTC,1566409557240,2019-08-21T17:45:57.240Z,buy,3.52e-06,2132.0,0.00750464
LRC/BTC,1566409563560,2019-08-21T17:46:03.560Z,sell,3.5e-06,2486.0,0.008701
LRC/BTC,1566409578485,2019-08-21T17:46:18.485Z,sell,3.5e-06,231.0,0.0008085
LRC/BTC,1566409582709,2019-08-21T17:46:22.709Z,sell,3.5e-06,4541.0,0.0158935
LRC/BTC,1566409582734,2019-08-21T17:46:22.734Z,buy,3.5e-06,1087.0,0.0038045
LRC/BTC,1566409597772,2019-08-21T17:46:37.772Z,buy,3.5e-06,2857.0,0.0099995
LRC/BTC,1566409617680,2019-08-21T17:46:57.680Z,buy,3.5e-06,570.0,0.001995
LRC/BTC,1566409617709,2019-08-21T17:46:57.709Z,buy,3.5e-06,559.0,0.0019565
LRC/BTC,1566409619701,2019-08-21T17:46:59.701Z,sell,3.48e-06,5865.0,0.0204102
LRC/BTC,1566409620869,2019-08-21T17:47:00.869Z,buy,3.49e-06,600.0,0.002094
LRC/BTC,1566409621760,2019-08-21T17:47:01.760Z,sell,3.49e-06,1509.0,0.00526641
LRC/BTC,1566409652751,2019-08-21T17:47:32.751Z,sell,3.49e-06,1123.0,0.00391927
LRC/BTC,1566409658522,2019-08-21T17:47:38.522Z,sell,3.49e-06,37.0,0.00012913
LRC/BTC,1566409664710,2019-08-21T17:47:44.710Z,buy,3.5e-06,25416.0,0.088956
LRC/BTC,1566409664743,2019-08-21T17:47:44.743Z,sell,3.5e-06,2853.0,0.0099855
LRC/BTC,1566409664748,2019-08-21T17:47:44.748Z,sell,3.5e-06,252.0,0.000882
LRC/BTC,1566409675087,2019-08-21T17:47:55.087Z,buy,3.51e-06,4261.0,0.01495611
LRC/BTC,1566409698981,2019-08-21T17:48:18.981Z,sell,3.5e-06,2896.0,0.010136
LRC/BTC,1566409699940,2019-08-21T17:48:19.940Z,sell,3.5e-06,2889.0,0.0101115
LRC/BTC,1566409726127,2019-08-21T17:48:46.127Z,buy,3.52e-06,7155.0,0.0251856
LRC/BTC,1566409726210,2019-08-21T17:48:46.210Z,sell,3.52e-06,1815.0,0.0063888
LRC/BTC,1566409726219,2019-08-21T17:48:46.219Z,sell,3.52e-06,2994.0,0.01053888
LRC/BTC,1566409726750,2019-08-21T17:48:46.750Z,sell,3.52e-06,3368.0,0.01185536
LRC/BTC,1566409726868,2019-08-21T17:48:46.868Z,sell,3.52e-06,1177.0,0.00414304
LRC/BTC,1566409726922,2019-08-21T17:48:46.922Z,sell,3.52e-06,513.0,0.00180576
LRC/BTC,1566409726962,2019-08-21T17:48:46.962Z,sell,3.52e-06,760.0,0.0026752
LRC/BTC,1566409727071,2019-08-21T17:48:47.071Z,sell,3.52e-06,1585.0,0.0055792
LRC/BTC,1566409728408,2019-08-21T17:48:48.408Z,sell,3.52e-06,2909.0,0.01023968
LRC/BTC,1566409733476,2019-08-21T17:48:53.476Z,buy,3.53e-06,1067.0,0.00376651
LRC/BTC,1566409733681,2019-08-21T17:48:53.681Z,sell,3.52e-06,9851.0,0.03467552
LRC/BTC,1566409733817,2019-08-21T17:48:53.817Z,sell,3.52e-06,1751.0,0.00616352
LRC/BTC,1566409733865,2019-08-21T17:48:53.865Z,sell,3.51e-06,945.0,0.00331695
LRC/BTC,1566409735391,2019-08-21T17:48:55.391Z,buy,3.52e-06,945.0,0.0033264
LRC/BTC,1566409738088,2019-08-21T17:48:58.088Z,buy,3.53e-06,5000.0,0.01765
LRC/BTC,1566409740117,2019-08-21T17:49:00.117Z,sell,3.51e-06,1948.0,0.00683748
LRC/BTC,1566409741612,2019-08-21T17:49:01.612Z,buy,3.52e-06,859.0,0.00302368
LRC/BTC,1566409746284,2019-08-21T17:49:06.284Z,buy,3.52e-06,1089.0,0.00383328
LRC/BTC,1566409746284,2019-08-21T17:49:06.284Z,buy,3.53e-06,41589.0,0.14680917
LRC/BTC,1566409778760,2019-08-21T17:49:38.760Z,buy,3.52e-06,2845.0,0.0100144
LRC/BTC,1566409789983,2019-08-21T17:49:49.983Z,buy,3.52e-06,6479.0,0.02280608
LRC/BTC,1566409795636,2019-08-21T17:49:55.636Z,buy,3.52e-06,19116.0,0.06728832
LRC/BTC,1566409797359,2019-08-21T17:49:57.359Z,sell,3.52e-06,12754.0,0.04489408
LRC/BTC,1566409797359,2019-08-21T17:49:57.359Z,sell,3.51e-06,29881.0,0.1048823099999999
LRC/BTC,1566409820398,2019-08-21T17:50:20.398Z,sell,3.52e-06,3790.0,0.0133408
LRC/BTC,1566409836608,2019-08-21T17:50:36.608Z,buy,3.53e-06,9013.0,0.03181589
LRC/BTC,1566409837606,2019-08-21T17:50:37.606Z,sell,3.53e-06,781.0,0.00275693
LRC/BTC,1566409837873,2019-08-21T17:50:37.873Z,sell,3.53e-06,2673.0,0.00943569
LRC/BTC,1566409838305,2019-08-21T17:50:38.305Z,sell,3.53e-06,57.0,0.00020121
LRC/BTC,1566409838514,2019-08-21T17:50:38.514Z,buy,3.54e-06,491.0,0.00173814
LRC/BTC,1566409838883,2019-08-21T17:50:38.883Z,sell,3.53e-06,2595.0,0.00916035
LRC/BTC,1566409839368,2019-08-21T17:50:39.368Z,buy,3.54e-06,56.0,0.00019824
LRC/BTC,1566409840740,2019-08-21T17:50:40.740Z,sell,3.53e-06,2300.0,0.008119
LRC/BTC,1566409843155,2019-08-21T17:50:43.155Z,sell,3.53e-06,2833.0,0.01000049
LRC/BTC,1566409850186,2019-08-21T17:50:50.186Z,buy,3.53e-06,9778.0,0.03451634
LRC/BTC,1566409850186,2019-08-21T17:50:50.186Z,buy,3.54e-06,6757.0,0.02391978
LRC/BTC,1566409851519,2019-08-21T17:50:51.519Z,sell,3.53e-06,279.0,0.00098487
LRC/BTC,1566409857457,2019-08-21T17:50:57.457Z,sell,3.53e-06,2833.0,0.01000049
LRC/BTC,1566409877048,2019-08-21T17:51:17.048Z,sell,3.53e-06,1528.0,0.00539384
LRC/BTC,1566409883709,2019-08-21T17:51:23.709Z,sell,3.53e-06,791.0,0.00279223
LRC/BTC,1566409893277,2019-08-21T17:51:33.277Z,sell,3.53e-06,5783.0,0.02041399
LRC/BTC,1566409919647,2019-08-21T17:51:59.647Z,sell,3.52e-06,600.0,0.002112
LRC/BTC,1566409919767,2019-08-21T17:51:59.767Z,buy,3.52e-06,1151.0,0.00405152
LRC/BTC,1566409950918,2019-08-21T17:52:30.918Z,sell,3.51e-06,1944.0,0.00682344
LRC/BTC,1566409951768,2019-08-21T17:52:31.768Z,buy,3.51e-06,3841.0,0.01348191
LRC/BTC,1566409954447,2019-08-21T17:52:34.447Z,sell,3.5e-06,2016.0,0.007056
LRC/BTC,1566409958348,2019-08-21T17:52:38.348Z,buy,3.52e-06,1944.0,0.00684288
LRC/BTC,1566409958348,2019-08-21T17:52:38.348Z,buy,3.53e-06,3467.0,0.01223851
LRC/BTC,1566409984009,2019-08-21T17:53:04.009Z,sell,3.51e-06,1952.0,0.00685152
LRC/BTC,1566409984009,2019-08-21T17:53:04.009Z,sell,3.5e-06,23615.0,0.0826525
LRC/BTC,1566409984009,2019-08-21T17:53:04.009Z,sell,3.49e-06,6239.0,0.02177411
LRC/BTC,1566409988984,2019-08-21T17:53:08.984Z,sell,3.5e-06,26400.0,0.0924
LRC/BTC,1566409989013,2019-08-21T17:53:09.013Z,buy,3.5e-06,13265.0,0.0464275
LRC/BTC,1566409989033,2019-08-21T17:53:09.033Z,buy,3.52e-06,1564.0,0.00550528
LRC/BTC,1566410006826,2019-08-21T17:53:26.826Z,sell,3.49e-06,6472.0,0.02258728
LRC/BTC,1566410007785,2019-08-21T17:53:27.785Z,sell,3.5e-06,4992.0,0.017472
LRC/BTC,1566410007891,2019-08-21T17:53:27.891Z,sell,3.5e-06,1000.0,0.0035
LRC/BTC,1566410032155,2019-08-21T17:53:52.155Z,sell,3.5e-06,1171.0,0.0040985
LRC/BTC,1566410045945,2019-08-21T17:54:05.945Z,sell,3.5e-06,1170.0,0.004095
LRC/BTC,1566410124745,2019-08-21T17:55:24.745Z,sell,3.5e-06,1865.0,0.0065275
LRC/BTC,1566410133566,2019-08-21T17:55:33.566Z,buy,3.5e-06,292.0,0.001022
LRC/BTC,1566410138990,2019-08-21T17:55:38.990Z,buy,3.51e-06,14160.0,0.0497016
LRC/BTC,1566410138990,2019-08-21T17:55:38.990Z,buy,3.51e-06,14160.0,0.0497016
LRC/BTC,1566410214950,2019-08-21T17:56:54.950Z,buy,3.51e-06,9075.0,0.03185325
LRC/BTC,1566410251364,2019-08-21T17:57:31.364Z,buy,3.51e-06,3456.0,0.01213056
LRC/BTC,1566410251364,2019-08-21T17:57:31.364Z,buy,3.52e-06,250.0,0.00088
LRC/BTC,1566410256392,2019-08-21T17:57:36.392Z,buy,3.51e-06,1416.0,0.0049701599999999
LRC/BTC,1566410393682,2019-08-21T17:59:53.682Z,buy,3.51e-06,3450.0,0.0121094999999999
LRC/BTC,1566410393682,2019-08-21T17:59:53.682Z,buy,3.52e-06,3507.0,0.01234464
LRC/BTC,1566410393682,2019-08-21T17:59:53.682Z,buy,3.53e-06,45600.0,0.160968
LRC/BTC,1566410393682,2019-08-21T17:59:53.682Z,buy,3.54e-06,24070.0,0.0852078
LRC/BTC,1566410393682,2019-08-21T17:59:53.682Z,buy,3.55e-06,3043.0,0.01080265
LRC/BTC,1566410393965,2019-08-21T17:59:53.965Z,sell,3.51e-06,1350.0,0.0047385
LRC/BTC,1566410394675,2019-08-21T17:59:54.675Z,sell,3.51e-06,1720.0,0.0060371999999999
LRC/BTC,1566410394679,2019-08-21T17:59:54.679Z,sell,3.5e-06,1720.0,0.00602
LRC/BTC,1566410394704,2019-08-21T17:59:54.704Z,sell,3.5e-06,1720.0,0.00602
LRC/BTC,1566410407588,2019-08-21T18:00:07.588Z,sell,3.52e-06,2833.0,0.00997216
LRC/BTC,1566410407642,2019-08-21T18:00:07.642Z,sell,3.51e-06,600.0,0.002106
LRC/BTC,1566410407642,2019-08-21T18:00:07.642Z,sell,3.5e-06,2233.0,0.0078155
LRC/BTC,1566410407822,2019-08-21T18:00:07.822Z,buy,3.51e-06,3715.0,0.01303965
LRC/BTC,1566410428853,2019-08-21T18:00:28.853Z,buy,3.52e-06,35.0,0.0001232
LRC/BTC,1566410431132,2019-08-21T18:00:31.132Z,sell,3.51e-06,3521.0,0.01235871
LRC/BTC,1566410431132,2019-08-21T18:00:31.132Z,sell,3.5e-06,2550.0,0.008925
LRC/BTC,1566410431132,2019-08-21T18:00:31.132Z,sell,3.49e-06,22450.0,0.0783505
LRC/BTC,1566410454333,2019-08-21T18:00:54.333Z,buy,3.51e-06,143.0,0.0005019299999999
LRC/BTC,1566410457867,2019-08-21T18:00:57.867Z,sell,3.5e-06,5411.0,0.0189385
LRC/BTC,1566410470680,2019-08-21T18:01:10.680Z,buy,3.51e-06,30.0,0.0001053
LRC/BTC,1566410579210,2019-08-21T18:02:59.210Z,sell,3.5e-06,3998.0,0.013993
LRC/BTC,1566410599776,2019-08-21T18:03:19.776Z,buy,3.51e-06,16492.0,0.0578869199999999
LRC/BTC,1566410599776,2019-08-21T18:03:19.776Z,buy,3.52e-06,1980.0,0.0069696
LRC/BTC,1566410599776,2019-08-21T18:03:19.776Z,buy,3.53e-06,82283.0,0.29045899
LRC/BTC,1566410605280,2019-08-21T18:03:25.280Z,buy,3.53e-06,1031.0,0.00363943
LRC/BTC,1566410607276,2019-08-21T18:03:27.276Z,buy,3.53e-06,18470.0,0.0651991
LRC/BTC,1566410607276,2019-08-21T18:03:27.276Z,buy,3.54e-06,82001.0,0.29028354
LRC/BTC,1566410610263,2019-08-21T18:03:30.263Z,buy,3.54e-06,80465.0,0.2848461
LRC/BTC,1566410610263,2019-08-21T18:03:30.263Z,buy,3.55e-06,19724.0,0.0700202
LRC/BTC,1566410610507,2019-08-21T18:03:30.507Z,sell,3.53e-06,1117.0,0.00394301
LRC/BTC,1566410610545,2019-08-21T18:03:30.545Z,buy,3.53e-06,285.0,0.00100605
LRC/BTC,1566410610587,2019-08-21T18:03:30.587Z,sell,3.53e-06,139.0,0.00049067
LRC/BTC,1566410610610,2019-08-21T18:03:30.610Z,sell,3.52e-06,139.0,0.00048928
LRC/BTC,1566410614909,2019-08-21T18:03:34.909Z,buy,3.54e-06,600.0,0.002124
LRC/BTC,1566410614909,2019-08-21T18:03:34.909Z,buy,3.55e-06,99309.0,0.3525469499999999
LRC/BTC,1566410615965,2019-08-21T18:03:35.965Z,sell,3.54e-06,499.0,0.00176646
LRC/BTC,1566410617815,2019-08-21T18:03:37.815Z,buy,3.54e-06,624.0,0.00220896
LRC/BTC,1566410618227,2019-08-21T18:03:38.227Z,buy,3.55e-06,338.0,0.0011999
LRC/BTC,1566410622898,2019-08-21T18:03:42.898Z,sell,3.54e-06,600.0,0.002124
LRC/BTC,1566410622898,2019-08-21T18:03:42.898Z,sell,3.53e-06,8.0,2.824e-05
LRC/BTC,1566410627754,2019-08-21T18:03:47.754Z,sell,3.54e-06,39.0,0.00013806
LRC/BTC,1566410643307,2019-08-21T18:04:03.307Z,buy,3.55e-06,2382.0,0.0084561
LRC/BTC,1566410643307,2019-08-21T18:04:03.307Z,buy,3.56e-06,119439.0,0.4252028399999999
LRC/BTC,1566410685523,2019-08-21T18:04:45.523Z,buy,3.56e-06,50159.0,0.1785660399999999
LRC/BTC,1566410685523,2019-08-21T18:04:45.523Z,buy,3.57e-06,49750.0,0.1776075
LRC/BTC,1566410685986,2019-08-21T18:04:45.986Z,sell,3.56e-06,1191.0,0.00423996
LRC/BTC,1566410685994,2019-08-21T18:04:45.994Z,sell,3.56e-06,139.0,0.00049484
LRC/BTC,1566410686025,2019-08-21T18:04:46.025Z,sell,3.55e-06,1191.0,0.00422805
LRC/BTC,1566410701756,2019-08-21T18:05:01.756Z,buy,3.57e-06,634.0,0.00226338
LRC/BTC,1566410703349,2019-08-21T18:05:03.349Z,buy,3.56e-06,29.0,0.00010324
LRC/BTC,1566410703349,2019-08-21T18:05:03.349Z,buy,3.57e-06,1271.0,0.00453747
LRC/BTC,1566410707279,2019-08-21T18:05:07.279Z,sell,3.55e-06,634.0,0.0022507
LRC/BTC,1566410740749,2019-08-21T18:05:40.749Z,buy,3.57e-06,3489.0,0.01245573
LRC/BTC,1566410774671,2019-08-21T18:06:14.671Z,sell,3.55e-06,99909.0,0.35467695
LRC/BTC,1566410774683,2019-08-21T18:06:14.683Z,sell,3.55e-06,121821.0,0.43246455
LRC/BTC,1566410774751,2019-08-21T18:06:14.751Z,sell,3.55e-06,5669.0,0.02012495
LRC/BTC,1566410778078,2019-08-21T18:06:18.078Z,sell,3.54e-06,853.0,0.00301962
LRC/BTC,1566410784181,2019-08-21T18:06:24.181Z,buy,3.55e-06,84.0,0.0002982
LRC/BTC,1566410798549,2019-08-21T18:06:38.549Z,buy,3.55e-06,600.0,0.00213
LRC/BTC,1566410798814,2019-08-21T18:06:38.814Z,sell,3.55e-06,733.0,0.00260215
LRC/BTC,1566410798814,2019-08-21T18:06:38.814Z,sell,3.54e-06,14699.0,0.05203446
LRC/BTC,1566410803393,2019-08-21T18:06:43.393Z,sell,3.53e-06,26646.0,0.09406038
LRC/BTC,1566410803419,2019-08-21T18:06:43.419Z,buy,3.53e-06,2031.0,0.00716943
LRC/BTC,1566410808841,2019-08-21T18:06:48.841Z,sell,3.53e-06,5755.0,0.02031515
LRC/BTC,1566410863855,2019-08-21T18:07:43.855Z,sell,3.53e-06,1123.0,0.00396419
LRC/BTC,1566410990365,2019-08-21T18:09:50.365Z,sell,3.53e-06,1300.0,0.004589
LRC/BTC,1566411060883,2019-08-21T18:11:00.883Z,buy,3.54e-06,600.0,0.002124
LRC/BTC,1566411060883,2019-08-21T18:11:00.883Z,buy,3.55e-06,1333.0,0.00473215
LRC/BTC,1566411061523,2019-08-21T18:11:01.523Z,sell,3.55e-06,3564.0,0.0126521999999999
LRC/BTC,1566411061526,2019-08-21T18:11:01.526Z,sell,3.55e-06,317.0,0.00112535
LRC/BTC,1566411070701,2019-08-21T18:11:10.701Z,buy,3.56e-06,22545.0,0.0802601999999999
LRC/BTC,1566411070811,2019-08-21T18:11:10.811Z,sell,3.56e-06,130.0,0.0004628
LRC/BTC,1566411071524,2019-08-21T18:11:11.524Z,sell,3.56e-06,3159.0,0.0112460399999999
LRC/BTC,1566411073239,2019-08-21T18:11:13.239Z,buy,3.56e-06,17395.0,0.0619261999999999
LRC/BTC,1566411103086,2019-08-21T18:11:43.086Z,buy,3.56e-06,600.0,0.002136
LRC/BTC,1566411103086,2019-08-21T18:11:43.086Z,buy,3.57e-06,496.0,0.00177072
LRC/BTC,1566411116218,2019-08-21T18:11:56.218Z,buy,3.57e-06,140.0,0.0004998
LRC/BTC,1566411132317,2019-08-21T18:12:12.317Z,buy,3.56e-06,623.0,0.0022178799999999
LRC/BTC,1566411133103,2019-08-21T18:12:13.103Z,buy,3.56e-06,4834.0,0.01720904
LRC/BTC,1566411133499,2019-08-21T18:12:13.499Z,buy,3.57e-06,1480.0,0.0052836
LRC/BTC,1566411156903,2019-08-21T18:12:36.903Z,sell,3.56e-06,1162.0,0.00413672
LRC/BTC,1566411191750,2019-08-21T18:13:11.750Z,buy,3.57e-06,10203.0,0.03642471
LRC/BTC,1566411207303,2019-08-21T18:13:27.303Z,buy,3.57e-06,5495.0,0.01961715
LRC/BTC,1566411222400,2019-08-21T18:13:42.400Z,buy,3.57e-06,4864.0,0.01736448
LRC/BTC,1566411253356,2019-08-21T18:14:13.356Z,buy,3.57e-06,442.0,0.00157794
LRC/BTC,1566411277418,2019-08-21T18:14:37.418Z,buy,3.57e-06,3545.0,0.01265565
LRC/BTC,1566411277465,2019-08-21T18:14:37.465Z,buy,3.57e-06,6000.0,0.02142
LRC/BTC,1566411310273,2019-08-21T18:15:10.273Z,sell,3.56e-06,128.0,0.00045568
LRC/BTC,1566411327626,2019-08-21T18:15:27.626Z,sell,3.56e-06,10091.0,0.03592396
LRC/BTC,1566411327896,2019-08-21T18:15:27.896Z,sell,3.56e-06,6190.0,0.0220363999999999
LRC/BTC,1566411327914,2019-08-21T18:15:27.914Z,sell,3.56e-06,3244.0,0.0115486399999999
LRC/BTC,1566411460389,2019-08-21T18:17:40.389Z,sell,3.56e-06,2756.0,0.00981136
LRC/BTC,1566411486526,2019-08-21T18:18:06.526Z,sell,3.56e-06,1000.0,0.00356
LRC/BTC,1566411527820,2019-08-21T18:18:47.820Z,buy,3.57e-06,3625.0,0.01294125
LRC/BTC,1566411527836,2019-08-21T18:18:47.836Z,buy,3.57e-06,344.0,0.00122808
LRC/BTC,1566411537506,2019-08-21T18:18:57.506Z,sell,3.57e-06,103.0,0.00036771
LRC/BTC,1566411537674,2019-08-21T18:18:57.674Z,sell,3.57e-06,74.0,0.00026418
LRC/BTC,1566411573382,2019-08-21T18:19:33.382Z,buy,3.58e-06,26633.0,0.09534614
LRC/BTC,1566411573415,2019-08-21T18:19:33.415Z,buy,3.58e-06,5656.0,0.02024848
LRC/BTC,1566411587042,2019-08-21T18:19:47.042Z,buy,3.58e-06,9491.0,0.03397778
LRC/BTC,1566411587190,2019-08-21T18:19:47.190Z,sell,3.58e-06,1314.0,0.00470412
LRC/BTC,1566411587317,2019-08-21T18:19:47.317Z,sell,3.58e-06,1000.0,0.00358
LRC/BTC,1566411587720,2019-08-21T18:19:47.720Z,sell,3.58e-06,2703.0,0.00967674
LRC/BTC,1566411587877,2019-08-21T18:19:47.877Z,sell,3.58e-06,3338.0,0.01195004
LRC/BTC,1566411588000,2019-08-21T18:19:48.000Z,sell,3.57e-06,1347.0,0.00480879
LRC/BTC,1566411591144,2019-08-21T18:19:51.144Z,sell,3.57e-06,309.0,0.00110313
LRC/BTC,1566411596274,2019-08-21T18:19:56.274Z,sell,3.57e-06,1092.0,0.00389844
LRC/BTC,1566411620848,2019-08-21T18:20:20.848Z,sell,3.57e-06,3000.0,0.01071
LRC/BTC,1566411620883,2019-08-21T18:20:20.883Z,sell,3.57e-06,623.0,0.00222411
LRC/BTC,1566411665213,2019-08-21T18:21:05.213Z,buy,3.58e-06,5328.0,0.01907424
LRC/BTC,1566411670370,2019-08-21T18:21:10.370Z,sell,3.58e-06,2793.0,0.00999894
LRC/BTC,1566411670390,2019-08-21T18:21:10.390Z,sell,3.58e-06,2662.0,0.00952996
LRC/BTC,1566411670467,2019-08-21T18:21:10.467Z,sell,3.58e-06,56.0,0.00020048
LRC/BTC,1566411670510,2019-08-21T18:21:10.510Z,sell,3.58e-06,50.0,0.000179
LRC/BTC,1566411670779,2019-08-21T18:21:10.779Z,sell,3.58e-06,123.0,0.00044034
LRC/BTC,1566411672225,2019-08-21T18:21:12.225Z,buy,3.59e-06,55.0,0.00019745
LRC/BTC,1566411673958,2019-08-21T18:21:13.958Z,sell,3.58e-06,2793.0,0.00999894
LRC/BTC,1566411677476,2019-08-21T18:21:17.476Z,sell,3.58e-06,1736.0,0.00621488
LRC/BTC,1566411677643,2019-08-21T18:21:17.643Z,sell,3.58e-06,1162.0,0.00415996
LRC/BTC,1566411696334,2019-08-21T18:21:36.334Z,sell,3.58e-06,338.0,0.00121004
LRC/BTC,1566411699639,2019-08-21T18:21:39.639Z,sell,3.58e-06,85.0,0.0003043
LRC/BTC,1566411718693,2019-08-21T18:21:58.693Z,sell,3.58e-06,777.0,0.00278166
LRC/BTC,1566411727974,2019-08-21T18:22:07.974Z,sell,3.58e-06,29.0,0.00010382
LRC/BTC,1566411731078,2019-08-21T18:22:11.078Z,sell,3.58e-06,2000.0,0.00716
LRC/BTC,1566411783047,2019-08-21T18:23:03.047Z,sell,3.58e-06,3000.0,0.01074
LRC/BTC,1566411783374,2019-08-21T18:23:03.374Z,sell,3.58e-06,29.0,0.00010382
LRC/BTC,1566411786825,2019-08-21T18:23:06.825Z,buy,3.59e-06,16267.0,0.05839853
LRC/BTC,1566411786910,2019-08-21T18:23:06.910Z,sell,3.59e-06,1330.0,0.0047747
LRC/BTC,1566411786981,2019-08-21T18:23:06.981Z,sell,3.59e-06,125.0,0.00044875
LRC/BTC,1566411787070,2019-08-21T18:23:07.070Z,sell,3.59e-06,204.0,0.0007323599999999
LRC/BTC,1566411791003,2019-08-21T18:23:11.003Z,sell,3.59e-06,60.0,0.0002154
LRC/BTC,1566411847934,2019-08-21T18:24:07.934Z,sell,3.59e-06,29.0,0.00010411
LRC/BTC,1566411870778,2019-08-21T18:24:30.778Z,sell,3.59e-06,34.0,0.00012206
LRC/BTC,1566411881552,2019-08-21T18:24:41.552Z,buy,3.6e-06,101.0,0.0003636
LRC/BTC,1566411939936,2019-08-21T18:25:39.936Z,sell,3.59e-06,1410.0,0.0050619
LRC/BTC,1566411974977,2019-08-21T18:26:14.977Z,sell,3.59e-06,17828.0,0.06400252
LRC/BTC,1566411986664,2019-08-21T18:26:26.664Z,sell,3.59e-06,35.0,0.00012565
LRC/BTC,1566411996556,2019-08-21T18:26:36.556Z,sell,3.59e-06,44.0,0.0001579599999999
LRC/BTC,1566412034970,2019-08-21T18:27:14.970Z,sell,3.59e-06,2786.0,0.01000174
LRC/BTC,1566412038518,2019-08-21T18:27:18.518Z,sell,3.59e-06,2786.0,0.01000174
LRC/BTC,1566412042461,2019-08-21T18:27:22.461Z,sell,3.59e-06,2786.0,0.01000174
LRC/BTC,1566412045750,2019-08-21T18:27:25.750Z,sell,3.59e-06,1176.0,0.00422184
LRC/BTC,1566412062630,2019-08-21T18:27:42.630Z,buy,3.6e-06,14574.0,0.0524663999999999
LRC/BTC,1566412062908,2019-08-21T18:27:42.908Z,sell,3.6e-06,28.0,0.0001008
LRC/BTC,1566412062965,2019-08-21T18:27:42.965Z,sell,3.6e-06,1265.0,0.004554
LRC/BTC,1566412063195,2019-08-21T18:27:43.195Z,sell,3.6e-06,496.0,0.0017855999999999
LRC/BTC,1566412064234,2019-08-21T18:27:44.234Z,sell,3.6e-06,1548.0,0.0055728
LRC/BTC,1566412064952,2019-08-21T18:27:44.952Z,sell,3.6e-06,1183.0,0.0042588
LRC/BTC,1566412065889,2019-08-21T18:27:45.889Z,sell,3.6e-06,1840.0,0.006624
LRC/BTC,1566412067292,2019-08-21T18:27:47.292Z,sell,3.6e-06,1474.0,0.0053064
LRC/BTC,1566412068041,2019-08-21T18:27:48.041Z,sell,3.6e-06,736.0,0.0026496
LRC/BTC,1566412068600,2019-08-21T18:27:48.600Z,sell,3.6e-06,364.0,0.0013104
LRC/BTC,1566412070365,2019-08-21T18:27:50.365Z,sell,3.6e-06,186.0,0.0006696
LRC/BTC,1566412074327,2019-08-21T18:27:54.327Z,sell,3.6e-06,489.0,0.0017603999999999
LRC/BTC,1566412074884,2019-08-21T18:27:54.884Z,sell,3.6e-06,88.0,0.0003168
LRC/BTC,1566412074918,2019-08-21T18:27:54.918Z,sell,3.6e-06,7077.0,0.0254772
LRC/BTC,1566412075743,2019-08-21T18:27:55.743Z,sell,3.6e-06,50.0,0.0001799999999999
LRC/BTC,1566412078126,2019-08-21T18:27:58.126Z,buy,3.61e-06,39525.0,0.14268525
LRC/BTC,1566412078157,2019-08-21T18:27:58.157Z,buy,3.61e-06,6000.0,0.02166
LRC/BTC,1566412079871,2019-08-21T18:27:59.871Z,sell,3.61e-06,1305.0,0.00471105
LRC/BTC,1566412079978,2019-08-21T18:27:59.978Z,sell,3.61e-06,76.0,0.00027436
LRC/BTC,1566412080678,2019-08-21T18:28:00.678Z,sell,3.61e-06,530.0,0.0019133
LRC/BTC,1566412082235,2019-08-21T18:28:02.235Z,buy,3.62e-06,821.0,0.00297202
LRC/BTC,1566412082235,2019-08-21T18:28:02.235Z,sell,3.61e-06,6655.0,0.02402455
LRC/BTC,1566412134620,2019-08-21T18:28:54.620Z,buy,3.63e-06,5500.0,0.019965
LRC/BTC,1566412134899,2019-08-21T18:28:54.899Z,sell,3.63e-06,403.0,0.00146289
LRC/BTC,1566412134911,2019-08-21T18:28:54.911Z,sell,3.63e-06,6000.0,0.02178
LRC/BTC,1566412134949,2019-08-21T18:28:54.949Z,sell,3.63e-06,3112.0,0.01129656
LRC/BTC,1566412135482,2019-08-21T18:28:55.482Z,sell,3.63e-06,1250.0,0.0045375
LRC/BTC,1566412136311,2019-08-21T18:28:56.311Z,sell,3.63e-06,650.0,0.0023595
LRC/BTC,1566412136338,2019-08-21T18:28:56.338Z,sell,3.63e-06,3247.0,0.01178661
LRC/BTC,1566412136353,2019-08-21T18:28:56.353Z,sell,3.63e-06,530.0,0.0019239
LRC/BTC,1566412136732,2019-08-21T18:28:56.732Z,sell,3.63e-06,1188.0,0.00431244
LRC/BTC,1566412139375,2019-08-21T18:28:59.375Z,buy,3.64e-06,23651.0,0.08608964
LRC/BTC,1566412141315,2019-08-21T18:29:01.315Z,buy,3.64e-06,1419.0,0.00516516
LRC/BTC,1566412141341,2019-08-21T18:29:01.341Z,sell,3.64e-06,246.0,0.00089544
LRC/BTC,1566412141666,2019-08-21T18:29:01.666Z,sell,3.64e-06,29.0,0.00010556
LRC/BTC,1566412143136,2019-08-21T18:29:03.136Z,sell,3.64e-06,340.0,0.0012376
LRC/BTC,1566412149086,2019-08-21T18:29:09.086Z,buy,3.65e-06,12189.0,0.04448985
LRC/BTC,1566412149086,2019-08-21T18:29:09.086Z,buy,3.66e-06,79.0,0.00028914
LRC/BTC,1566412160088,2019-08-21T18:29:20.088Z,sell,3.65e-06,1008.0,0.0036792
LRC/BTC,1566412160105,2019-08-21T18:29:20.105Z,sell,3.65e-06,133.0,0.00048545
LRC/BTC,1566412160261,2019-08-21T18:29:20.261Z,sell,3.65e-06,153.0,0.00055845
LRC/BTC,1566412161605,2019-08-21T18:29:21.605Z,sell,3.65e-06,50.0,0.0001825
LRC/BTC,1566412163821,2019-08-21T18:29:23.821Z,sell,3.65e-06,976.0,0.0035624
LRC/BTC,1566412166021,2019-08-21T18:29:26.021Z,sell,3.65e-06,1582.0,0.0057743
LRC/BTC,1566412167464,2019-08-21T18:29:27.464Z,sell,3.65e-06,50.0,0.0001825
LRC/BTC,1566412168254,2019-08-21T18:29:28.254Z,buy,3.66e-06,1666.0,0.00609756
LRC/BTC,1566412169934,2019-08-21T18:29:29.934Z,buy,3.66e-06,4443.0,0.01626138
LRC/BTC,1566412170074,2019-08-21T18:29:30.074Z,sell,3.66e-06,56.0,0.00020496
LRC/BTC,1566412170737,2019-08-21T18:29:30.737Z,sell,3.66e-06,1246.0,0.00456036
LRC/BTC,1566412171141,2019-08-21T18:29:31.141Z,sell,3.66e-06,1470.0,0.0053802
LRC/BTC,1566412171243,2019-08-21T18:29:31.243Z,sell,3.66e-06,4410.0,0.0161406
LRC/BTC,1566412171316,2019-08-21T18:29:31.316Z,sell,3.66e-06,881.0,0.00322446
LRC/BTC,1566412173968,2019-08-21T18:29:33.968Z,sell,3.65e-06,2000.0,0.0073
LRC/BTC,1566412174204,2019-08-21T18:29:34.204Z,buy,3.66e-06,1279.0,0.00468114
LRC/BTC,1566412174461,2019-08-21T18:29:34.461Z,sell,3.65e-06,121.0,0.00044165
LRC/BTC,1566412174476,2019-08-21T18:29:34.476Z,sell,3.65e-06,612.0,0.0022338
LRC/BTC,1566412181252,2019-08-21T18:29:41.252Z,buy,3.66e-06,1376.0,0.00503616
LRC/BTC,1566412181475,2019-08-21T18:29:41.475Z,buy,3.67e-06,180.0,0.0006606
LRC/BTC,1566412181734,2019-08-21T18:29:41.734Z,sell,3.66e-06,2126.0,0.00778116
LRC/BTC,1566412183952,2019-08-21T18:29:43.952Z,sell,3.66e-06,1181.0,0.00432246
LRC/BTC,1566412184454,2019-08-21T18:29:44.454Z,sell,3.66e-06,609.0,0.00222894
LRC/BTC,1566412184462,2019-08-21T18:29:44.462Z,sell,3.66e-06,50.0,0.000183
LRC/BTC,1566412185684,2019-08-21T18:29:45.684Z,buy,3.67e-06,59.0,0.00021653
LRC/BTC,1566412187483,2019-08-21T18:29:47.483Z,sell,3.66e-06,2732.0,0.00999912
LRC/BTC,1566412189463,2019-08-21T18:29:49.463Z,sell,3.66e-06,50.0,0.000183
LRC/BTC,1566412190601,2019-08-21T18:29:50.601Z,sell,3.66e-06,481.0,0.00176046
LRC/BTC,1566412191153,2019-08-21T18:29:51.153Z,sell,3.66e-06,1611.0,0.00589626
LRC/BTC,1566412192909,2019-08-21T18:29:52.909Z,buy,3.66e-06,3745.0,0.0137067
LRC/BTC,1566412208175,2019-08-21T18:30:08.175Z,buy,3.66e-06,28.0,0.00010248
LRC/BTC,1566412209299,2019-08-21T18:30:09.299Z,sell,3.66e-06,1079.0,0.00394914
LRC/BTC,1566412209321,2019-08-21T18:30:09.321Z,sell,3.66e-06,3745.0,0.0137067
LRC/BTC,1566412213735,2019-08-21T18:30:13.735Z,buy,3.67e-06,16340.0,0.0599678
LRC/BTC,1566412213811,2019-08-21T18:30:13.811Z,sell,3.66e-06,6439.0,0.02356674
LRC/BTC,1566412214390,2019-08-21T18:30:14.390Z,buy,3.66e-06,6000.0,0.02196
LRC/BTC,1566412216890,2019-08-21T18:30:16.890Z,sell,3.65e-06,13959.0,0.05095035
LRC/BTC,1566412221620,2019-08-21T18:30:21.620Z,sell,3.65e-06,1771.0,0.00646415
LRC/BTC,1566412222424,2019-08-21T18:30:22.424Z,sell,3.65e-06,5601.0,0.02044365
LRC/BTC,1566412222452,2019-08-21T18:30:22.452Z,sell,3.65e-06,2931.0,0.01069815
LRC/BTC,1566412225606,2019-08-21T18:30:25.606Z,sell,3.64e-06,55.0,0.0002002
LRC/BTC,1566412226057,2019-08-21T18:30:26.057Z,buy,3.66e-06,409.0,0.00149694
LRC/BTC,1566412226670,2019-08-21T18:30:26.670Z,buy,3.66e-06,54.0,0.00019764
LRC/BTC,1566412236181,2019-08-21T18:30:36.181Z,sell,3.64e-06,713.0,0.00259532
LRC/BTC,1566412237663,2019-08-21T18:30:37.663Z,sell,3.64e-06,2130.0,0.0077532
LRC/BTC,1566412242465,2019-08-21T18:30:42.465Z,sell,3.64e-06,10133.0,0.03688412
LRC/BTC,1566412242933,2019-08-21T18:30:42.933Z,buy,3.64e-06,2931.0,0.0106688399999999
LRC/BTC,1566412246246,2019-08-21T18:30:46.246Z,sell,3.63e-06,430.0,0.0015609
LRC/BTC,1566412250691,2019-08-21T18:30:50.691Z,sell,3.63e-06,1120.0,0.0040656
LRC/BTC,1566412257829,2019-08-21T18:30:57.829Z,sell,3.63e-06,1410.0,0.0051183
LRC/BTC,1566412264386,2019-08-21T18:31:04.386Z,sell,3.63e-06,132.0,0.00047916
LRC/BTC,1566412284272,2019-08-21T18:31:24.272Z,sell,3.63e-06,58.0,0.00021054
LRC/BTC,1566412309215,2019-08-21T18:31:49.215Z,sell,3.64e-06,2717.0,0.00988988
LRC/BTC,1566412309215,2019-08-21T18:31:49.215Z,sell,3.63e-06,14680.0,0.0532884
LRC/BTC,1566412311881,2019-08-21T18:31:51.881Z,sell,3.63e-06,29.0,0.00010527
LRC/BTC,1566412352417,2019-08-21T18:32:32.417Z,sell,3.64e-06,85.0,0.0003094
LRC/BTC,1566412358248,2019-08-21T18:32:38.248Z,buy,3.64e-06,85.0,0.0003094
LRC/BTC,1566412364716,2019-08-21T18:32:44.716Z,sell,3.64e-06,85.0,0.0003094
LRC/BTC,1566412371270,2019-08-21T18:32:51.270Z,buy,3.64e-06,85.0,0.0003094
LRC/BTC,1566412380258,2019-08-21T18:33:00.258Z,buy,3.64e-06,85.0,0.0003094
LRC/BTC,1566412389252,2019-08-21T18:33:09.252Z,buy,3.64e-06,85.0,0.0003094
LRC/BTC,1566412396263,2019-08-21T18:33:16.263Z,buy,3.64e-06,85.0,0.0003094
LRC/BTC,1566412404265,2019-08-21T18:33:24.265Z,buy,3.64e-06,85.0,0.0003094
LRC/BTC,1566412408288,2019-08-21T18:33:28.288Z,buy,3.64e-06,1971.0,0.00717444
LRC/BTC,1566412434256,2019-08-21T18:33:54.256Z,buy,3.65e-06,2799.0,0.01021635
LRC/BTC,1566412437438,2019-08-21T18:33:57.438Z,buy,3.65e-06,8077.0,0.02948105
LRC/BTC,1566412440904,2019-08-21T18:34:00.904Z,sell,3.64e-06,100.0,0.000364
LRC/BTC,1566412453029,2019-08-21T18:34:13.029Z,buy,3.65e-06,2800.0,0.01022
LRC/BTC,1566412460972,2019-08-21T18:34:20.972Z,buy,3.65e-06,1143.0,0.00417195
LRC/BTC,1566412471103,2019-08-21T18:34:31.103Z,sell,3.64e-06,28316.0,0.10307024
LRC/BTC,1566412474767,2019-08-21T18:34:34.767Z,sell,3.63e-06,274.0,0.00099462
LRC/BTC,1566412477826,2019-08-21T18:34:37.826Z,buy,3.64e-06,3050.0,0.0111019999999999
LRC/BTC,1566412478391,2019-08-21T18:34:38.391Z,sell,3.64e-06,5586.0,0.02033304
LRC/BTC,1566412482226,2019-08-21T18:34:42.226Z,sell,3.64e-06,85.0,0.0003094
LRC/BTC,1566412482226,2019-08-21T18:34:42.226Z,sell,3.63e-06,1362.0,0.00494406
LRC/BTC,1566412482978,2019-08-21T18:34:42.978Z,buy,3.65e-06,5421.0,0.01978665
LRC/BTC,1566412582614,2019-08-21T18:36:22.614Z,sell,3.64e-06,600.0,0.0021839999999999
LRC/BTC,1566412582614,2019-08-21T18:36:22.614Z,sell,3.63e-06,21418.0,0.07774734
LRC/BTC,1566412582614,2019-08-21T18:36:22.614Z,sell,3.62e-06,102404.0,0.37070248
LRC/BTC,1566412583248,2019-08-21T18:36:23.248Z,sell,3.63e-06,1306.0,0.00474078
LRC/BTC,1566412583248,2019-08-21T18:36:23.248Z,sell,3.62e-06,25504.0,0.09232448
LRC/BTC,1566412583323,2019-08-21T18:36:23.323Z,sell,3.62e-06,14099.0,0.05103838
LRC/BTC,1566412585278,2019-08-21T18:36:25.278Z,sell,3.62e-06,600.0,0.002172
LRC/BTC,1566412585278,2019-08-21T18:36:25.278Z,sell,3.61e-06,5414.0,0.01954454
LRC/BTC,1566412586737,2019-08-21T18:36:26.737Z,sell,3.62e-06,600.0,0.002172
LRC/BTC,1566412586847,2019-08-21T18:36:26.847Z,buy,3.62e-06,1008.0,0.00364896
LRC/BTC,1566412587261,2019-08-21T18:36:27.261Z,buy,3.62e-06,85.0,0.0003077
LRC/BTC,1566412587702,2019-08-21T18:36:27.702Z,sell,3.61e-06,559.0,0.00201799
LRC/BTC,1566412591107,2019-08-21T18:36:31.107Z,sell,3.61e-06,566.0,0.00204326
LRC/BTC,1566412591133,2019-08-21T18:36:31.133Z,sell,3.61e-06,414.0,0.00149454
LRC/BTC,1566412591895,2019-08-21T18:36:31.895Z,sell,3.61e-06,3442.0,0.01242562
LRC/BTC,1566412595543,2019-08-21T18:36:35.543Z,sell,3.6e-06,566.0,0.0020376
LRC/BTC,1566412595543,2019-08-21T18:36:35.543Z,sell,3.6e-06,3161.0,0.0113796
LRC/BTC,1566412595728,2019-08-21T18:36:35.728Z,buy,3.6e-06,4908.0,0.0176688
LRC/BTC,1566412598117,2019-08-21T18:36:38.117Z,sell,3.6e-06,114.0,0.0004104
LRC/BTC,1566412599160,2019-08-21T18:36:39.160Z,sell,3.6e-06,371.0,0.0013356
LRC/BTC,1566412652870,2019-08-21T18:37:32.870Z,sell,3.59e-06,2000.0,0.00718
LRC/BTC,1566412653509,2019-08-21T18:37:33.509Z,sell,3.59e-06,14594.0,0.05239246
LRC/BTC,1566412653827,2019-08-21T18:37:33.827Z,sell,3.58e-06,1711.0,0.00612538
LRC/BTC,1566412654785,2019-08-21T18:37:34.785Z,buy,3.59e-06,3190.0,0.0114521
LRC/BTC,1566412654805,2019-08-21T18:37:34.805Z,buy,3.59e-06,5401.0,0.0193895899999999
LRC/BTC,1566412655217,2019-08-21T18:37:35.217Z,sell,3.58e-06,1426.0,0.00510508
LRC/BTC,1566412655299,2019-08-21T18:37:35.299Z,buy,3.59e-06,85.0,0.00030515
LRC/BTC,1566412655490,2019-08-21T18:37:35.490Z,buy,3.59e-06,391.0,0.00140369
LRC/BTC,1566412655672,2019-08-21T18:37:35.672Z,buy,3.59e-06,103.0,0.00036977
LRC/BTC,1566412655704,2019-08-21T18:37:35.704Z,buy,3.59e-06,21.0,7.539e-05
LRC/BTC,1566412655929,2019-08-21T18:37:35.929Z,sell,3.59e-06,579.0,0.00207861
LRC/BTC,1566412655929,2019-08-21T18:37:35.929Z,sell,3.58e-06,10502.0,0.03759716
LRC/BTC,1566412655987,2019-08-21T18:37:35.987Z,buy,3.58e-06,1768.0,0.00632944
LRC/BTC,1566412656003,2019-08-21T18:37:36.003Z,buy,3.58e-06,1270.0,0.0045466
LRC/BTC,1566412656007,2019-08-21T18:37:36.007Z,buy,3.58e-06,4747.0,0.01699426
LRC/BTC,1566412656065,2019-08-21T18:37:36.065Z,buy,3.58e-06,1178.0,0.00421724
LRC/BTC,1566412656936,2019-08-21T18:37:36.936Z,sell,3.57e-06,1424.0,0.00508368
LRC/BTC,1566412658098,2019-08-21T18:37:38.098Z,buy,3.58e-06,531.0,0.00190098
LRC/BTC,1566412658118,2019-08-21T18:37:38.118Z,buy,3.58e-06,599.0,0.00214442
LRC/BTC,1566412658217,2019-08-21T18:37:38.217Z,buy,3.58e-06,95.0,0.0003401
LRC/BTC,1566412658278,2019-08-21T18:37:38.278Z,sell,3.57e-06,570.0,0.0020349
LRC/BTC,1566412658899,2019-08-21T18:37:38.899Z,buy,3.58e-06,138.0,0.00049404
LRC/BTC,1566412659744,2019-08-21T18:37:39.744Z,buy,3.58e-06,27.0,9.666e-05
LRC/BTC,1566412660975,2019-08-21T18:37:40.975Z,sell,3.57e-06,46417.0,0.16570869
LRC/BTC,1566412661004,2019-08-21T18:37:41.004Z,buy,3.57e-06,11268.0,0.04022676
LRC/BTC,1566412661004,2019-08-21T18:37:41.004Z,buy,3.57e-06,11268.0,0.04022676
LRC/BTC,1566412661004,2019-08-21T18:37:41.004Z,buy,3.57e-06,11268.0,0.04022676
LRC/BTC,1566412663504,2019-08-21T18:37:43.504Z,buy,3.57e-06,214.0,0.00076398
LRC/BTC,1566412663945,2019-08-21T18:37:43.945Z,sell,3.56e-06,410.0,0.0014596
LRC/BTC,1566412663945,2019-08-21T18:37:43.945Z,sell,3.56e-06,5887.0,0.02095772
LRC/BTC,1566412664138,2019-08-21T18:37:44.138Z,sell,3.56e-06,4617.0,0.01643652
LRC/BTC,1566412664138,2019-08-21T18:37:44.138Z,sell,3.55e-06,24769.0,0.0879299499999999
LRC/BTC,1566412670197,2019-08-21T18:37:50.197Z,buy,3.57e-06,200.0,0.000714
LRC/BTC,1566412673832,2019-08-21T18:37:53.832Z,buy,3.57e-06,12649.0,0.04515693
LRC/BTC,1566412678182,2019-08-21T18:37:58.182Z,buy,3.57e-06,490.0,0.0017493
LRC/BTC,1566412682396,2019-08-21T18:38:02.396Z,sell,3.56e-06,140.0,0.0004984
LRC/BTC,1566412692415,2019-08-21T18:38:12.415Z,sell,3.56e-06,89.0,0.00031684
LRC/BTC,1566412692506,2019-08-21T18:38:12.506Z,sell,3.55e-06,6459.0,0.02292945
LRC/BTC,1566412694713,2019-08-21T18:38:14.713Z,buy,3.56e-06,1882.0,0.00669992
LRC/BTC,1566412695261,2019-08-21T18:38:15.261Z,sell,3.55e-06,1471.0,0.00522205
LRC/BTC,1566412695261,2019-08-21T18:38:15.261Z,sell,3.54e-06,30714.0,0.10872756
LRC/BTC,1566412695760,2019-08-21T18:38:15.760Z,buy,3.56e-06,1067.0,0.0037985199999999
LRC/BTC,1566412698829,2019-08-21T18:38:18.829Z,sell,3.54e-06,19728.0,0.06983712
LRC/BTC,1566412699287,2019-08-21T18:38:19.287Z,buy,3.54e-06,89.0,0.00031506
LRC/BTC,1566412699614,2019-08-21T18:38:19.614Z,buy,3.54e-06,1467.0,0.00519318
LRC/BTC,1566412699845,2019-08-21T18:38:19.845Z,buy,3.54e-06,1555.0,0.0055047
LRC/BTC,1566412700112,2019-08-21T18:38:20.112Z,buy,3.54e-06,960.0,0.0033984
LRC/BTC,1566412700117,2019-08-21T18:38:20.117Z,buy,3.54e-06,659.0,0.00233286
LRC/BTC,1566412700157,2019-08-21T18:38:20.157Z,buy,3.54e-06,534.0,0.00189036
LRC/BTC,1566412700252,2019-08-21T18:38:20.252Z,buy,3.54e-06,1322.0,0.00467988
LRC/BTC,1566412700571,2019-08-21T18:38:20.571Z,buy,3.54e-06,3642.0,0.01289268
LRC/BTC,1566412701066,2019-08-21T18:38:21.066Z,buy,3.54e-06,2425.0,0.0085845
LRC/BTC,1566412701066,2019-08-21T18:38:21.066Z,buy,3.55e-06,3287.0,0.01166885
LRC/BTC,1566412701145,2019-08-21T18:38:21.145Z,buy,3.55e-06,399.0,0.0014164499999999
LRC/BTC,1566412702339,2019-08-21T18:38:22.339Z,sell,3.54e-06,214.0,0.00075756
LRC/BTC,1566412704630,2019-08-21T18:38:24.630Z,buy,3.55e-06,480.0,0.001704
LRC/BTC,1566412704670,2019-08-21T18:38:24.670Z,sell,3.54e-06,11148.0,0.03946392
LRC/BTC,1566412705065,2019-08-21T18:38:25.065Z,buy,3.54e-06,343.0,0.00121422
LRC/BTC,1566412705513,2019-08-21T18:38:25.513Z,buy,3.54e-06,3991.0,0.0141281399999999
LRC/BTC,1566412706278,2019-08-21T18:38:26.278Z,buy,3.54e-06,89.0,0.00031506
LRC/BTC,1566412706294,2019-08-21T18:38:26.294Z,buy,3.54e-06,3197.0,0.01131738
LRC/BTC,1566412706297,2019-08-21T18:38:26.297Z,buy,3.54e-06,616.0,0.00218064
LRC/BTC,1566412707127,2019-08-21T18:38:27.127Z,sell,3.53e-06,370.0,0.0013061
LRC/BTC,1566412707467,2019-08-21T18:38:27.467Z,buy,3.54e-06,1144.0,0.00404976
LRC/BTC,1566412708393,2019-08-21T18:38:28.393Z,buy,3.54e-06,1408.0,0.00498432
LRC/BTC,1566412709099,2019-08-21T18:38:29.099Z,buy,3.54e-06,151.0,0.00053454
LRC/BTC,1566412709420,2019-08-21T18:38:29.420Z,buy,3.54e-06,183.0,0.00064782
LRC/BTC,1566412712288,2019-08-21T18:38:32.288Z,buy,3.54e-06,89.0,0.00031506
LRC/BTC,1566412713663,2019-08-21T18:38:33.663Z,buy,3.54e-06,894.0,0.00316476
LRC/BTC,1566412714259,2019-08-21T18:38:34.259Z,sell,3.53e-06,114.0,0.00040242
LRC/BTC,1566412718320,2019-08-21T18:38:38.320Z,buy,3.54e-06,89.0,0.00031506
LRC/BTC,1566412721538,2019-08-21T18:38:41.538Z,buy,3.54e-06,6070.0,0.0214878
LRC/BTC,1566412729450,2019-08-21T18:38:49.450Z,buy,3.55e-06,292.0,0.0010366
LRC/BTC,1566412729499,2019-08-21T18:38:49.499Z,sell,3.55e-06,1336.0,0.0047428
LRC/BTC,1566412741676,2019-08-21T18:39:01.676Z,buy,3.56e-06,3639.0,0.0129548399999999
LRC/BTC,1566412741676,2019-08-21T18:39:01.676Z,buy,3.57e-06,3860.0,0.0137802
LRC/BTC,1566412749268,2019-08-21T18:39:09.268Z,sell,3.56e-06,193.0,0.00068708
LRC/BTC,1566412763501,2019-08-21T18:39:23.501Z,sell,3.56e-06,36.0,0.00012816
LRC/BTC,1566412775160,2019-08-21T18:39:35.160Z,sell,3.55e-06,1740.0,0.006177
LRC/BTC,1566412796086,2019-08-21T18:39:56.086Z,buy,3.55e-06,423.0,0.00150165
LRC/BTC,1566412822964,2019-08-21T18:40:22.964Z,sell,3.54e-06,12560.0,0.0444624
LRC/BTC,1566412827007,2019-08-21T18:40:27.007Z,sell,3.54e-06,8118.0,0.02873772
LRC/BTC,1566412829289,2019-08-21T18:40:29.289Z,buy,3.54e-06,89.0,0.00031506
LRC/BTC,1566412834240,2019-08-21T18:40:34.240Z,sell,3.53e-06,6487.0,0.02289911
LRC/BTC,1566412834240,2019-08-21T18:40:34.240Z,sell,3.52e-06,58087.0,0.20446624
LRC/BTC,1566412834391,2019-08-21T18:40:34.391Z,sell,3.52e-06,38250.0,0.13464
LRC/BTC,1566412837310,2019-08-21T18:40:37.310Z,buy,3.53e-06,89.0,0.00031417
LRC/BTC,1566412839962,2019-08-21T18:40:39.962Z,sell,3.52e-06,769.0,0.00270688
LRC/BTC,1566412840680,2019-08-21T18:40:40.680Z,sell,3.52e-06,5530.0,0.0194656
LRC/BTC,1566412844509,2019-08-21T18:40:44.509Z,sell,3.52e-06,36.0,0.00012672
LRC/BTC,1566412844528,2019-08-21T18:40:44.528Z,sell,3.52e-06,4092.0,0.01440384
LRC/BTC,1566412846031,2019-08-21T18:40:46.031Z,sell,3.51e-06,36.0,0.00012636
LRC/BTC,1566412846031,2019-08-21T18:40:46.031Z,sell,3.51e-06,4298.0,0.0150859799999999
LRC/BTC,1566412846031,2019-08-21T18:40:46.031Z,sell,3.5e-06,1146.0,0.004011
LRC/BTC,1566412848391,2019-08-21T18:40:48.391Z,sell,3.51e-06,1908.0,0.0066970799999999
LRC/BTC,1566412850718,2019-08-21T18:40:50.718Z,sell,3.51e-06,829.0,0.0029097899999999
LRC/BTC,1566412851663,2019-08-21T18:40:51.663Z,sell,3.51e-06,98.0,0.0003439799999999
LRC/BTC,1566412864695,2019-08-21T18:41:04.695Z,sell,3.51e-06,6461.0,0.0226781099999999
LRC/BTC,1566412864720,2019-08-21T18:41:04.720Z,buy,3.51e-06,109.0,0.00038259
LRC/BTC,1566412865040,2019-08-21T18:41:05.040Z,buy,3.51e-06,29.0,0.00010179
LRC/BTC,1566412865055,2019-08-21T18:41:05.055Z,buy,3.51e-06,604.0,0.00212004
LRC/BTC,1566412876776,2019-08-21T18:41:16.776Z,sell,3.51e-06,89.0,0.00031239
LRC/BTC,1566412894357,2019-08-21T18:41:34.357Z,sell,3.5e-06,491.0,0.0017185
LRC/BTC,1566412897889,2019-08-21T18:41:37.889Z,buy,3.51e-06,20.0,7.02e-05
LRC/BTC,1566412898090,2019-08-21T18:41:38.090Z,sell,3.51e-06,56.0,0.00019656
LRC/BTC,1566412899180,2019-08-21T18:41:39.180Z,buy,3.51e-06,606.0,0.00212706
LRC/BTC,1566412901741,2019-08-21T18:41:41.741Z,sell,3.5e-06,7168.0,0.025088
LRC/BTC,1566412902398,2019-08-21T18:41:42.398Z,buy,3.5e-06,216.0,0.0007559999999999
LRC/BTC,1566412902428,2019-08-21T18:41:42.428Z,buy,3.5e-06,29.0,0.0001015
LRC/BTC,1566412902505,2019-08-21T18:41:42.505Z,sell,3.49e-06,597.0,0.00208353
LRC/BTC,1566412903427,2019-08-21T18:41:43.427Z,buy,3.5e-06,200.0,0.0007
LRC/BTC,1566412903472,2019-08-21T18:41:43.472Z,buy,3.5e-06,112.0,0.000392
LRC/BTC,1566412903664,2019-08-21T18:41:43.664Z,buy,3.5e-06,2916.0,0.010206
LRC/BTC,1566412904871,2019-08-21T18:41:44.871Z,sell,3.49e-06,31.0,0.00010819
LRC/BTC,1566412905128,2019-08-21T18:41:45.128Z,sell,3.49e-06,1171.0,0.00408679
LRC/BTC,1566412905153,2019-08-21T18:41:45.153Z,sell,3.49e-06,604.0,0.00210796
LRC/BTC,1566412905180,2019-08-21T18:41:45.180Z,sell,3.49e-06,1093.0,0.00381457
LRC/BTC,1566412907028,2019-08-21T18:41:47.028Z,sell,3.49e-06,416.0,0.00145184
LRC/BTC,1566412908391,2019-08-21T18:41:48.391Z,buy,3.49e-06,6000.0,0.02094
LRC/BTC,1566412910363,2019-08-21T18:41:50.363Z,buy,3.49e-06,1502.0,0.00524198
LRC/BTC,1566412910448,2019-08-21T18:41:50.448Z,buy,3.49e-06,60.0,0.0002094
LRC/BTC,1566412913302,2019-08-21T18:41:53.302Z,buy,3.49e-06,89.0,0.00031061
LRC/BTC,1566412913977,2019-08-21T18:41:53.977Z,buy,3.49e-06,1349.0,0.00470801
LRC/BTC,1566412913977,2019-08-21T18:41:53.977Z,buy,3.5e-06,4381.0,0.0153335
LRC/BTC,1566412920090,2019-08-21T18:42:00.090Z,sell,3.49e-06,89.0,0.00031061
LRC/BTC,1566412920090,2019-08-21T18:42:00.090Z,sell,3.48e-06,3456.0,0.01202688
LRC/BTC,1566412935349,2019-08-21T18:42:15.349Z,sell,3.49e-06,89.0,0.00031061
LRC/BTC,1566412937383,2019-08-21T18:42:17.383Z,buy,3.49e-06,222.0,0.00077478
LRC/BTC,1566412948655,2019-08-21T18:42:28.655Z,buy,3.49e-06,251.0,0.00087599
LRC/BTC,1566412948982,2019-08-21T18:42:28.982Z,sell,3.49e-06,464.0,0.00161936
LRC/BTC,1566412951978,2019-08-21T18:42:31.978Z,sell,3.49e-06,662.0,0.00231038
LRC/BTC,1566412963926,2019-08-21T18:42:43.926Z,buy,3.5e-06,600.0,0.0021
LRC/BTC,1566412969058,2019-08-21T18:42:49.058Z,sell,3.5e-06,4815.0,0.0168525
LRC/BTC,1566412969058,2019-08-21T18:42:49.058Z,sell,3.49e-06,7091.0,0.02474759
LRC/BTC,1566412972390,2019-08-21T18:42:52.390Z,sell,3.5e-06,758.0,0.002653
LRC/BTC,1566412973558,2019-08-21T18:42:53.558Z,buy,3.51e-06,1042.0,0.0036574199999999
LRC/BTC,1566412973980,2019-08-21T18:42:53.980Z,sell,3.51e-06,4116.0,0.0144471599999999
LRC/BTC,1566412973980,2019-08-21T18:42:53.980Z,sell,3.51e-06,1000.0,0.0035099999999999
LRC/BTC,1566412973980,2019-08-21T18:42:53.980Z,sell,3.51e-06,401.0,0.0014075099999999
LRC/BTC,1566412986398,2019-08-21T18:43:06.398Z,buy,3.5e-06,1358.0,0.004753
LRC/BTC,1566412987166,2019-08-21T18:43:07.166Z,buy,3.51e-06,568.0,0.00199368
LRC/BTC,1566412987370,2019-08-21T18:43:07.370Z,buy,3.52e-06,1429.0,0.00503008
LRC/BTC,1566412987476,2019-08-21T18:43:07.476Z,buy,3.52e-06,852.0,0.00299904
LRC/BTC,1566412987521,2019-08-21T18:43:07.521Z,buy,3.52e-06,286.0,0.00100672
LRC/BTC,1566412987547,2019-08-21T18:43:07.547Z,buy,3.52e-06,29.0,0.00010208
LRC/BTC,1566412987571,2019-08-21T18:43:07.571Z,buy,3.52e-06,426.0,0.00149952
LRC/BTC,1566412987687,2019-08-21T18:43:07.687Z,buy,3.52e-06,286.0,0.00100672
LRC/BTC,1566412987855,2019-08-21T18:43:07.855Z,buy,3.52e-06,141.0,0.00049632
LRC/BTC,1566412988064,2019-08-21T18:43:08.064Z,buy,3.52e-06,43.0,0.00015136
LRC/BTC,1566412988173,2019-08-21T18:43:08.173Z,buy,3.52e-06,1698.0,0.00597696
LRC/BTC,1566412988348,2019-08-21T18:43:08.348Z,buy,3.53e-06,909.0,0.00320877
LRC/BTC,1566412989364,2019-08-21T18:43:09.364Z,sell,3.52e-06,7380.0,0.0259776
LRC/BTC,1566412989718,2019-08-21T18:43:09.718Z,buy,3.53e-06,284.0,0.00100252
LRC/BTC,1566412990869,2019-08-21T18:43:10.869Z,buy,3.53e-06,2833.0,0.01000049
LRC/BTC,1566412991251,2019-08-21T18:43:11.251Z,buy,3.53e-06,1000.0,0.00353
LRC/BTC,1566412991251,2019-08-21T18:43:11.251Z,buy,3.54e-06,4979.0,0.01762566
LRC/BTC,1566412991251,2019-08-21T18:43:11.251Z,buy,3.55e-06,2641.0,0.00937555
LRC/BTC,1566412991251,2019-08-21T18:43:11.251Z,buy,3.56e-06,5584.0,0.01987904
LRC/BTC,1566412992048,2019-08-21T18:43:12.048Z,sell,3.52e-06,5006.0,0.01762112
LRC/BTC,1566412992051,2019-08-21T18:43:12.051Z,buy,3.55e-06,282.0,0.0010011
LRC/BTC,1566412992541,2019-08-21T18:43:12.541Z,buy,3.55e-06,1318.0,0.0046789
LRC/BTC,1566412992561,2019-08-21T18:43:12.561Z,sell,3.55e-06,2941.0,0.01044055
LRC/BTC,1566412992631,2019-08-21T18:43:12.631Z,sell,3.55e-06,2131.0,0.0075650499999999
LRC/BTC,1566412992845,2019-08-21T18:43:12.845Z,sell,3.55e-06,5152.0,0.0182896
LRC/BTC,1566412992856,2019-08-21T18:43:12.856Z,buy,3.56e-06,141.0,0.00050196
LRC/BTC,1566412992949,2019-08-21T18:43:12.949Z,sell,3.55e-06,929.0,0.00329795
LRC/BTC,1566412992980,2019-08-21T18:43:12.980Z,sell,3.55e-06,1358.0,0.0048208999999999
LRC/BTC,1566412993084,2019-08-21T18:43:13.084Z,buy,3.56e-06,1637.0,0.00582772
LRC/BTC,1566412993126,2019-08-21T18:43:13.126Z,sell,3.55e-06,3919.0,0.01391245
LRC/BTC,1566412993126,2019-08-21T18:43:13.126Z,sell,3.53e-06,600.0,0.002118
LRC/BTC,1566412993417,2019-08-21T18:43:13.417Z,buy,3.54e-06,282.0,0.00099828
LRC/BTC,1566412993475,2019-08-21T18:43:13.475Z,buy,3.54e-06,1409.0,0.00498786
LRC/BTC,1566412994486,2019-08-21T18:43:14.486Z,sell,3.53e-06,33.0,0.00011649
LRC/BTC,1566412994732,2019-08-21T18:43:14.732Z,buy,3.53e-06,426.0,0.00150378
LRC/BTC,1566412994850,2019-08-21T18:43:14.850Z,buy,3.53e-06,3143.0,0.01109479
LRC/BTC,1566412995266,2019-08-21T18:43:15.266Z,buy,3.54e-06,4125.0,0.0146025
LRC/BTC,1566412995905,2019-08-21T18:43:15.905Z,sell,3.54e-06,4152.0,0.01469808
LRC/BTC,1566412995913,2019-08-21T18:43:15.913Z,buy,3.55e-06,2266.0,0.0080442999999999
LRC/BTC,1566412996015,2019-08-21T18:43:16.015Z,buy,3.55e-06,426.0,0.0015123
LRC/BTC,1566412996026,2019-08-21T18:43:16.026Z,buy,3.55e-06,284.0,0.0010082
LRC/BTC,1566412996596,2019-08-21T18:43:16.596Z,sell,3.54e-06,3752.0,0.01328208
LRC/BTC,1566412997104,2019-08-21T18:43:17.104Z,sell,3.54e-06,2330.0,0.0082482
LRC/BTC,1566412997560,2019-08-21T18:43:17.560Z,sell,3.53e-06,2165.0,0.00764245
LRC/BTC,1566412997619,2019-08-21T18:43:17.619Z,buy,3.54e-06,426.0,0.00150804
LRC/BTC,1566412997682,2019-08-21T18:43:17.682Z,buy,3.54e-06,852.0,0.00301608
LRC/BTC,1566412997748,2019-08-21T18:43:17.748Z,sell,3.52e-06,1003.0,0.00353056
LRC/BTC,1566412997871,2019-08-21T18:43:17.871Z,buy,3.54e-06,426.0,0.00150804
LRC/BTC,1566412998299,2019-08-21T18:43:18.299Z,buy,3.54e-06,498.0,0.00176292
LRC/BTC,1566412998303,2019-08-21T18:43:18.303Z,buy,3.54e-06,56.0,0.00019824
LRC/BTC,1566412998491,2019-08-21T18:43:18.491Z,buy,3.54e-06,56.0,0.00019824
LRC/BTC,1566412998834,2019-08-21T18:43:18.834Z,buy,3.54e-06,13.0,4.602e-05
LRC/BTC,1566412998898,2019-08-21T18:43:18.898Z,buy,3.55e-06,426.0,0.0015123
LRC/BTC,1566412999021,2019-08-21T18:43:19.021Z,buy,3.55e-06,99.0,0.00035145
LRC/BTC,1566412999051,2019-08-21T18:43:19.051Z,buy,3.55e-06,511.0,0.00181405
LRC/BTC,1566412999179,2019-08-21T18:43:19.179Z,sell,3.54e-06,270.0,0.0009558
LRC/BTC,1566412999197,2019-08-21T18:43:19.197Z,buy,3.54e-06,426.0,0.00150804
LRC/BTC,1566412999347,2019-08-21T18:43:19.347Z,buy,3.54e-06,339.0,0.00120006
LRC/BTC,1566412999369,2019-08-21T18:43:19.369Z,buy,3.54e-06,1094.0,0.00387276
LRC/BTC,1566412999444,2019-08-21T18:43:19.444Z,buy,3.54e-06,269.0,0.00095226
LRC/BTC,1566412999606,2019-08-21T18:43:19.606Z,buy,3.54e-06,426.0,0.00150804
LRC/BTC,1566412999725,2019-08-21T18:43:19.725Z,buy,3.54e-06,142.0,0.00050268
LRC/BTC,1566412999994,2019-08-21T18:43:19.994Z,buy,3.54e-06,65.0,0.0002301
LRC/BTC,1566413000177,2019-08-21T18:43:20.177Z,buy,3.54e-06,283.0,0.00100182
LRC/BTC,1566413000181,2019-08-21T18:43:20.181Z,buy,3.54e-06,283.0,0.00100182
LRC/BTC,1566413000352,2019-08-21T18:43:20.352Z,buy,3.54e-06,85.0,0.0003009
LRC/BTC,1566413000535,2019-08-21T18:43:20.535Z,buy,3.54e-06,29.0,0.00010266
LRC/BTC,1566413001789,2019-08-21T18:43:21.789Z,buy,3.54e-06,43.0,0.00015222
LRC/BTC,1566413002362,2019-08-21T18:43:22.362Z,buy,3.54e-06,2825.0,0.0100005
LRC/BTC,1566413002507,2019-08-21T18:43:22.507Z,buy,3.54e-06,283.0,0.00100182
LRC/BTC,1566413004375,2019-08-21T18:43:24.375Z,buy,3.54e-06,311.0,0.00110094
LRC/BTC,1566413004471,2019-08-21T18:43:24.471Z,buy,3.54e-06,481.0,0.00170274
LRC/BTC,1566413004886,2019-08-21T18:43:24.886Z,buy,3.54e-06,283.0,0.00100182
LRC/BTC,1566413005544,2019-08-21T18:43:25.544Z,buy,3.54e-06,29.0,0.00010266
LRC/BTC,1566413005754,2019-08-21T18:43:25.754Z,buy,3.54e-06,724.0,0.00256296
LRC/BTC,1566413006824,2019-08-21T18:43:26.824Z,buy,3.55e-06,848.0,0.0030104
LRC/BTC,1566413006846,2019-08-21T18:43:26.846Z,sell,3.54e-06,480.0,0.0016992
LRC/BTC,1566413006973,2019-08-21T18:43:26.973Z,sell,3.54e-06,555.0,0.0019646999999999
LRC/BTC,1566413007062,2019-08-21T18:43:27.062Z,buy,3.54e-06,16.0,5.664e-05
LRC/BTC,1566413007062,2019-08-21T18:43:27.062Z,buy,3.55e-06,576.0,0.0020448
LRC/BTC,1566413007062,2019-08-21T18:43:27.062Z,buy,3.54e-06,16.0,5.664e-05
LRC/BTC,1566413007062,2019-08-21T18:43:27.062Z,buy,3.55e-06,576.0,0.0020448
LRC/BTC,1566413007170,2019-08-21T18:43:27.170Z,buy,3.54e-06,31.0,0.00010974
LRC/BTC,1566413007199,2019-08-21T18:43:27.199Z,buy,3.54e-06,317.0,0.00112218
LRC/BTC,1566413007199,2019-08-21T18:43:27.199Z,buy,3.55e-06,388.0,0.0013774
LRC/BTC,1566413007444,2019-08-21T18:43:27.444Z,buy,3.55e-06,29.0,0.00010295
LRC/BTC,1566413007494,2019-08-21T18:43:27.494Z,buy,3.55e-06,29.0,0.00010295
LRC/BTC,1566413007573,2019-08-21T18:43:27.573Z,buy,3.54e-06,282.0,0.00099828
LRC/BTC,1566413007623,2019-08-21T18:43:27.623Z,buy,3.54e-06,29.0,0.00010266
LRC/BTC,1566413007633,2019-08-21T18:43:27.633Z,buy,3.54e-06,310.0,0.0010974
LRC/BTC,1566413007729,2019-08-21T18:43:27.729Z,buy,3.54e-06,57.0,0.00020178
LRC/BTC,1566413007815,2019-08-21T18:43:27.815Z,buy,3.54e-06,29.0,0.00010266
LRC/BTC,1566413007856,2019-08-21T18:43:27.856Z,buy,3.54e-06,29.0,0.00010266
LRC/BTC,1566413007882,2019-08-21T18:43:27.882Z,buy,3.54e-06,282.0,0.00099828
LRC/BTC,1566413007938,2019-08-21T18:43:27.938Z,buy,3.54e-06,37.0,0.00013098
LRC/BTC,1566413007944,2019-08-21T18:43:27.944Z,buy,3.54e-06,93.0,0.00032922
LRC/BTC,1566413008036,2019-08-21T18:43:28.036Z,buy,3.54e-06,7043.0,0.02493222
LRC/BTC,1566413008038,2019-08-21T18:43:28.038Z,buy,3.54e-06,71.0,0.00025134
LRC/BTC,1566413008051,2019-08-21T18:43:28.051Z,buy,3.54e-06,2817.0,0.00997218
LRC/BTC,1566413008054,2019-08-21T18:43:28.054Z,buy,3.54e-06,3237.0,0.01145898
LRC/BTC,1566413008061,2019-08-21T18:43:28.061Z,buy,3.54e-06,282.0,0.00099828
LRC/BTC,1566413008808,2019-08-21T18:43:28.808Z,buy,3.54e-06,29.0,0.00010266
LRC/BTC,1566413009474,2019-08-21T18:43:29.474Z,sell,3.53e-06,3997.0,0.01410941
LRC/BTC,1566413010391,2019-08-21T18:43:30.391Z,sell,3.53e-06,711.0,0.00250983
LRC/BTC,1566413030794,2019-08-21T18:43:50.794Z,sell,3.52e-06,3803.0,0.01338656
LRC/BTC,1566413082546,2019-08-21T18:44:42.546Z,buy,3.53e-06,284.0,0.00100252
LRC/BTC,1566413083423,2019-08-21T18:44:43.423Z,buy,3.53e-06,29.0,0.00010237
LRC/BTC,1566413108148,2019-08-21T18:45:08.148Z,buy,3.53e-06,287.0,0.00101311
LRC/BTC,1566413108148,2019-08-21T18:45:08.148Z,buy,3.54e-06,2051.0,0.00726054
LRC/BTC,1566413186290,2019-08-21T18:46:26.290Z,buy,3.54e-06,600.0,0.002124
LRC/BTC,1566413186290,2019-08-21T18:46:26.290Z,buy,3.56e-06,301.0,0.00107156
LRC/BTC,1566413186351,2019-08-21T18:46:26.351Z,buy,3.56e-06,2478.0,0.00882168
LRC/BTC,1566413186425,2019-08-21T18:46:26.425Z,buy,3.56e-06,2709.0,0.00964404
LRC/BTC,1566413186493,2019-08-21T18:46:26.493Z,buy,3.56e-06,1778.0,0.00632968
LRC/BTC,1566413186520,2019-08-21T18:46:26.520Z,buy,3.56e-06,213.0,0.00075828
LRC/BTC,1566413186523,2019-08-21T18:46:26.523Z,buy,3.56e-06,2000.0,0.00712
LRC/BTC,1566413186532,2019-08-21T18:46:26.532Z,buy,3.56e-06,2017.0,0.0071805199999999
LRC/BTC,1566413186540,2019-08-21T18:46:26.540Z,buy,3.56e-06,213.0,0.00075828
LRC/BTC,1566413186849,2019-08-21T18:46:26.849Z,buy,3.56e-06,973.0,0.00346388
LRC/BTC,1566413186917,2019-08-21T18:46:26.917Z,buy,3.56e-06,2550.0,0.009078
LRC/BTC,1566413189981,2019-08-21T18:46:29.981Z,sell,3.55e-06,1939.0,0.00688345
LRC/BTC,1566413189981,2019-08-21T18:46:29.981Z,sell,3.54e-06,798.0,0.00282492
LRC/BTC,1566413192815,2019-08-21T18:46:32.815Z,buy,3.56e-06,1755.0,0.0062477999999999
LRC/BTC,1566413209344,2019-08-21T18:46:49.344Z,buy,3.56e-06,3057.0,0.0108829199999999
LRC/BTC,1566413209344,2019-08-21T18:46:49.344Z,buy,3.57e-06,10789.0,0.03851673
LRC/BTC,1566413209991,2019-08-21T18:46:49.991Z,sell,3.57e-06,2526.0,0.00901782
LRC/BTC,1566413212285,2019-08-21T18:46:52.285Z,sell,3.57e-06,287.0,0.00102459
LRC/BTC,1566413214924,2019-08-21T18:46:54.924Z,sell,3.57e-06,3000.0,0.01071
LRC/BTC,1566413218243,2019-08-21T18:46:58.243Z,buy,3.58e-06,270.0,0.0009666
LRC/BTC,1566413218264,2019-08-21T18:46:58.264Z,buy,3.58e-06,4178.0,0.01495724
LRC/BTC,1566413234324,2019-08-21T18:47:14.324Z,sell,3.57e-06,441.0,0.00157437
LRC/BTC,1566413246280,2019-08-21T18:47:26.280Z,buy,3.59e-06,12348.0,0.04432932
LRC/BTC,1566413246280,2019-08-21T18:47:26.280Z,buy,3.6e-06,1541.0,0.0055476
LRC/BTC,1566413246573,2019-08-21T18:47:26.573Z,sell,3.58e-06,231.0,0.00082698
LRC/BTC,1566413246668,2019-08-21T18:47:26.668Z,sell,3.58e-06,1097.0,0.00392726
LRC/BTC,1566413246980,2019-08-21T18:47:26.980Z,buy,3.59e-06,1328.0,0.00476752
LRC/BTC,1566413246980,2019-08-21T18:47:26.980Z,buy,3.6e-06,20787.0,0.0748332
LRC/BTC,1566413247006,2019-08-21T18:47:27.006Z,sell,3.6e-06,1665.0,0.0059939999999999
LRC/BTC,1566413247212,2019-08-21T18:47:27.212Z,sell,3.6e-06,152.0,0.0005472
LRC/BTC,1566413247218,2019-08-21T18:47:27.218Z,sell,3.6e-06,1508.0,0.0054288
LRC/BTC,1566413247460,2019-08-21T18:47:27.460Z,sell,3.6e-06,31.0,0.0001115999999999
LRC/BTC,1566413247478,2019-08-21T18:47:27.478Z,sell,3.6e-06,1757.0,0.0063252
LRC/BTC,1566413247519,2019-08-21T18:47:27.519Z,sell,3.6e-06,1861.0,0.0066996
LRC/BTC,1566413247989,2019-08-21T18:47:27.989Z,sell,3.6e-06,4178.0,0.0150408
LRC/BTC,1566413248099,2019-08-21T18:47:28.099Z,sell,3.6e-06,3304.0,0.0118944
LRC/BTC,1566413248115,2019-08-21T18:47:28.115Z,sell,3.6e-06,2774.0,0.0099864
LRC/BTC,1566413248135,2019-08-21T18:47:28.135Z,sell,3.6e-06,622.0,0.0022392
LRC/BTC,1566413248183,2019-08-21T18:47:28.183Z,sell,3.6e-06,57.0,0.0002052
LRC/BTC,1566413248279,2019-08-21T18:47:28.279Z,sell,3.6e-06,3055.0,0.0109979999999999
LRC/BTC,1566413248409,2019-08-21T18:47:28.409Z,sell,3.6e-06,1500.0,0.0053999999999999
LRC/BTC,1566413248724,2019-08-21T18:47:28.724Z,sell,3.6e-06,290.0,0.001044
LRC/BTC,1566413250362,2019-08-21T18:47:30.362Z,sell,3.6e-06,399.0,0.0014364
LRC/BTC,1566413252203,2019-08-21T18:47:32.203Z,sell,3.6e-06,50.0,0.0001799999999999
LRC/BTC,1566413253637,2019-08-21T18:47:33.637Z,sell,3.6e-06,488.0,0.0017568
LRC/BTC,1566413254363,2019-08-21T18:47:34.363Z,sell,3.6e-06,480.0,0.001728
LRC/BTC,1566413257207,2019-08-21T18:47:37.207Z,sell,3.6e-06,285.0,0.001026
LRC/BTC,1566413257333,2019-08-21T18:47:37.333Z,sell,3.6e-06,572.0,0.0020591999999999
LRC/BTC,1566413258213,2019-08-21T18:47:38.213Z,sell,3.6e-06,358.0,0.0012887999999999
LRC/BTC,1566413272983,2019-08-21T18:47:52.983Z,sell,3.6e-06,32.0,0.0001152
LRC/BTC,1566413293477,2019-08-21T18:48:13.477Z,sell,3.6e-06,893.0,0.0032148
LRC/BTC,1566413329247,2019-08-21T18:48:49.247Z,sell,3.6e-06,33.0,0.0001188
LRC/BTC,1566413383062,2019-08-21T18:49:43.062Z,buy,3.61e-06,998.0,0.00360278
LRC/BTC,1566413387496,2019-08-21T18:49:47.496Z,sell,3.6e-06,1408.0,0.0050688
LRC/BTC,1566413402174,2019-08-21T18:50:02.174Z,buy,3.61e-06,1500.0,0.005415
LRC/BTC,1566413407160,2019-08-21T18:50:07.160Z,sell,3.6e-06,15181.0,0.0546515999999999
LRC/BTC,1566413460038,2019-08-21T18:51:00.038Z,sell,3.6e-06,1732.0,0.0062352
LRC/BTC,1566413469227,2019-08-21T18:51:09.227Z,sell,3.6e-06,3573.0,0.0128627999999999
LRC/BTC,1566413470394,2019-08-21T18:51:10.394Z,buy,3.6e-06,6000.0,0.0215999999999999
LRC/BTC,1566413471259,2019-08-21T18:51:11.259Z,sell,3.59e-06,1409.0,0.00505831
LRC/BTC,1566413471260,2019-08-21T18:51:11.260Z,sell,3.59e-06,282.0,0.00101238
LRC/BTC,1566413471281,2019-08-21T18:51:11.281Z,sell,3.59e-06,283.0,0.00101597
LRC/BTC,1566413471288,2019-08-21T18:51:11.288Z,sell,3.59e-06,37.0,0.00013283
LRC/BTC,1566413471293,2019-08-21T18:51:11.293Z,sell,3.59e-06,282.0,0.00101238
LRC/BTC,1566413471294,2019-08-21T18:51:11.294Z,sell,3.59e-06,310.0,0.0011129
LRC/BTC,1566413471297,2019-08-21T18:51:11.297Z,sell,3.59e-06,282.0,0.00101238
LRC/BTC,1566413471308,2019-08-21T18:51:11.308Z,sell,3.59e-06,283.0,0.00101597
LRC/BTC,1566413471309,2019-08-21T18:51:11.309Z,sell,3.59e-06,34.0,0.00012206
LRC/BTC,1566413471346,2019-08-21T18:51:11.346Z,sell,3.59e-06,71.0,0.00025489
LRC/BTC,1566413471349,2019-08-21T18:51:11.349Z,sell,3.59e-06,283.0,0.00101597
LRC/BTC,1566413471355,2019-08-21T18:51:11.355Z,sell,3.59e-06,29.0,0.00010411
LRC/BTC,1566413471375,2019-08-21T18:51:11.375Z,sell,3.59e-06,281.0,0.00100879
LRC/BTC,1566413471397,2019-08-21T18:51:11.397Z,sell,3.59e-06,4262.0,0.01530058
LRC/BTC,1566413471399,2019-08-21T18:51:11.399Z,sell,3.59e-06,3264.0,0.0117177599999999
LRC/BTC,1566413471399,2019-08-21T18:51:11.399Z,sell,3.58e-06,998.0,0.00357284
LRC/BTC,1566413471744,2019-08-21T18:51:11.744Z,sell,3.58e-06,846.0,0.00302868
LRC/BTC,1566413471873,2019-08-21T18:51:11.873Z,sell,3.58e-06,311.0,0.00111338
LRC/BTC,1566413473527,2019-08-21T18:51:13.527Z,buy,3.59e-06,2848.0,0.01022432
LRC/BTC,1566413485543,2019-08-21T18:51:25.543Z,sell,3.58e-06,29.0,0.00010382
LRC/BTC,1566413485547,2019-08-21T18:51:25.547Z,sell,3.58e-06,29.0,0.00010382
LRC/BTC,1566413485579,2019-08-21T18:51:25.579Z,sell,3.58e-06,7043.0,0.02521394
LRC/BTC,1566413485992,2019-08-21T18:51:25.992Z,sell,3.58e-06,704.0,0.00252032
LRC/BTC,1566413486250,2019-08-21T18:51:26.250Z,sell,3.58e-06,286.0,0.00102388
LRC/BTC,1566413486335,2019-08-21T18:51:26.335Z,sell,3.58e-06,1740.0,0.0062292
LRC/BTC,1566413672008,2019-08-21T18:54:32.008Z,sell,3.59e-06,1324.0,0.00475316
LRC/BTC,1566413809016,2019-08-21T18:56:49.016Z,buy,3.59e-06,1096.0,0.00393464
LRC/BTC,1566413829016,2019-08-21T18:57:09.016Z,sell,3.59e-06,1295.0,0.00464905
LRC/BTC,1566413973363,2019-08-21T18:59:33.363Z,sell,3.59e-06,4356.0,0.01563804
LRC/BTC,1566414007258,2019-08-21T19:00:07.258Z,buy,3.6e-06,416.0,0.0014976
LRC/BTC,1566414011964,2019-08-21T19:00:11.964Z,buy,3.6e-06,184.0,0.0006624
LRC/BTC,1566414011964,2019-08-21T19:00:11.964Z,buy,3.61e-06,93.0,0.00033573
LRC/BTC,1566414012228,2019-08-21T19:00:12.228Z,sell,3.59e-06,35.0,0.00012565
LRC/BTC,1566414074729,2019-08-21T19:01:14.729Z,sell,3.59e-06,1459.0,0.00523781
LRC/BTC,1566414152099,2019-08-21T19:02:32.099Z,buy,3.6e-06,31.0,0.0001115999999999
LRC/BTC,1566414165801,2019-08-21T19:02:45.801Z,sell,3.6e-06,969.0,0.0034884
LRC/BTC,1566414166032,2019-08-21T19:02:46.032Z,buy,3.6e-06,526.0,0.0018935999999999
LRC/BTC,1566414283712,2019-08-21T19:04:43.712Z,buy,3.6e-06,6567.0,0.0236411999999999
LRC/BTC,1566414283712,2019-08-21T19:04:43.712Z,buy,3.61e-06,3113.0,0.01123793
LRC/BTC,1566414301624,2019-08-21T19:05:01.624Z,buy,3.61e-06,37469.0,0.13526309
LRC/BTC,1566414301965,2019-08-21T19:05:01.965Z,sell,3.61e-06,29.0,0.00010469
LRC/BTC,1566414310183,2019-08-21T19:05:10.183Z,buy,3.62e-06,3402.0,0.01231524
LRC/BTC,1566414310206,2019-08-21T19:05:10.206Z,sell,3.62e-06,10679.0,0.03865798
LRC/BTC,1566414310211,2019-08-21T19:05:10.211Z,sell,3.62e-06,1492.0,0.00540104
LRC/BTC,1566414311474,2019-08-21T19:05:11.474Z,sell,3.62e-06,500.0,0.00181
LRC/BTC,1566414312513,2019-08-21T19:05:12.513Z,sell,3.62e-06,848.0,0.00306976
LRC/BTC,1566414314158,2019-08-21T19:05:14.158Z,sell,3.62e-06,100.0,0.000362
LRC/BTC,1566414318035,2019-08-21T19:05:18.035Z,sell,3.62e-06,848.0,0.00306976
LRC/BTC,1566414346322,2019-08-21T19:05:46.322Z,sell,3.62e-06,35.0,0.0001267
LRC/BTC,1566414437686,2019-08-21T19:07:17.686Z,sell,3.62e-06,36.0,0.00013032
LRC/BTC,1566414438949,2019-08-21T19:07:18.949Z,buy,3.63e-06,2120.0,0.0076956
LRC/BTC,1566414438968,2019-08-21T19:07:18.968Z,buy,3.63e-06,5353.0,0.01943139
LRC/BTC,1566414455578,2019-08-21T19:07:35.578Z,buy,3.63e-06,7418.0,0.02692734
LRC/BTC,1566414466011,2019-08-21T19:07:46.011Z,buy,3.64e-06,500.0,0.00182
LRC/BTC,1566414474974,2019-08-21T19:07:54.974Z,sell,3.63e-06,389.0,0.00141207
LRC/BTC,1566414486188,2019-08-21T19:08:06.188Z,buy,3.64e-06,389.0,0.00141596
LRC/BTC,1566414500097,2019-08-21T19:08:20.097Z,buy,3.64e-06,142.0,0.0005168799999999
LRC/BTC,1566414500314,2019-08-21T19:08:20.314Z,buy,3.64e-06,16102.0,0.0586112799999999
LRC/BTC,1566414502119,2019-08-21T19:08:22.119Z,sell,3.64e-06,294.0,0.00107016
LRC/BTC,1566414502351,2019-08-21T19:08:22.351Z,sell,3.64e-06,52.0,0.00018928
LRC/BTC,1566414516758,2019-08-21T19:08:36.758Z,buy,3.64e-06,157.0,0.00057148
LRC/BTC,1566414523189,2019-08-21T19:08:43.189Z,buy,3.64e-06,2974.0,0.01082536
LRC/BTC,1566414525585,2019-08-21T19:08:45.585Z,buy,3.65e-06,137.0,0.00050005
LRC/BTC,1566414542391,2019-08-21T19:09:02.391Z,buy,3.64e-06,2568.0,0.00934752
LRC/BTC,1566414544279,2019-08-21T19:09:04.279Z,sell,3.64e-06,50.0,0.000182
LRC/BTC,1566414544745,2019-08-21T19:09:04.745Z,sell,3.64e-06,57.0,0.0002074799999999
LRC/BTC,1566414547508,2019-08-21T19:09:07.508Z,buy,3.64e-06,93.0,0.00033852
LRC/BTC,1566414547508,2019-08-21T19:09:07.508Z,buy,3.65e-06,50377.0,0.18387605
LRC/BTC,1566414547664,2019-08-21T19:09:07.664Z,sell,3.65e-06,232.0,0.0008468
LRC/BTC,1566414547772,2019-08-21T19:09:07.772Z,sell,3.65e-06,815.0,0.00297475
LRC/BTC,1566414547892,2019-08-21T19:09:07.892Z,sell,3.65e-06,5408.0,0.0197392
LRC/BTC,1566414547985,2019-08-21T19:09:07.985Z,sell,3.65e-06,1812.0,0.0066138
LRC/BTC,1566414548061,2019-08-21T19:09:08.061Z,sell,3.65e-06,2962.0,0.0108113
LRC/BTC,1566414559854,2019-08-21T19:09:19.854Z,sell,3.64e-06,292.0,0.00106288
LRC/BTC,1566414560844,2019-08-21T19:09:20.844Z,sell,3.64e-06,202.0,0.0007352799999999
LRC/BTC,1566414634893,2019-08-21T19:10:34.893Z,sell,3.63e-06,146.0,0.00052998
LRC/BTC,1566414671560,2019-08-21T19:11:11.560Z,buy,3.64e-06,2937.0,0.01069068
LRC/BTC,1566414746067,2019-08-21T19:12:26.067Z,sell,3.63e-06,13495.0,0.04898685
LRC/BTC,1566414783223,2019-08-21T19:13:03.223Z,sell,3.63e-06,34.0,0.00012342
LRC/BTC,1566414783342,2019-08-21T19:13:03.342Z,buy,3.64e-06,370.0,0.0013468
LRC/BTC,1566414832150,2019-08-21T19:13:52.150Z,buy,3.64e-06,29.0,0.00010556
LRC/BTC,1566414881532,2019-08-21T19:14:41.532Z,sell,3.63e-06,33.0,0.00011979
LRC/BTC,1566414884407,2019-08-21T19:14:44.407Z,sell,3.63e-06,4687.0,0.01701381
LRC/BTC,1566414884462,2019-08-21T19:14:44.462Z,sell,3.63e-06,2282.0,0.00828366
LRC/BTC,1566414910283,2019-08-21T19:15:10.283Z,sell,3.63e-06,55.0,0.00019965
LRC/BTC,1566415013438,2019-08-21T19:16:53.438Z,buy,3.64e-06,2011.0,0.00732004
LRC/BTC,1566415184331,2019-08-21T19:19:44.331Z,sell,3.63e-06,545.0,0.00197835
LRC/BTC,1566415186908,2019-08-21T19:19:46.908Z,sell,3.62e-06,239.0,0.00086518
LRC/BTC,1566415186908,2019-08-21T19:19:46.908Z,sell,3.62e-06,536.0,0.00194032
LRC/BTC,1566415188768,2019-08-21T19:19:48.768Z,sell,3.61e-06,847.0,0.00305767
LRC/BTC,1566415188791,2019-08-21T19:19:48.791Z,sell,3.61e-06,756.0,0.00272916
LRC/BTC,1566415234334,2019-08-21T19:20:34.334Z,buy,3.62e-06,666.0,0.00241092
LRC/BTC,1566415302043,2019-08-21T19:21:42.043Z,sell,3.61e-06,794.0,0.00286634
LRC/BTC,1566415302043,2019-08-21T19:21:42.043Z,sell,3.6e-06,1731.0,0.0062315999999999
LRC/BTC,1566415302043,2019-08-21T19:21:42.043Z,sell,3.59e-06,300.0,0.001077
LRC/BTC,1566415321665,2019-08-21T19:22:01.665Z,sell,3.6e-06,137.0,0.0004932
LRC/BTC,1566415363445,2019-08-21T19:22:43.445Z,buy,3.61e-06,1916.0,0.00691676
LRC/BTC,1566415717081,2019-08-21T19:28:37.081Z,buy,3.61e-06,9.0,3.249e-05
LRC/BTC,1566415751133,2019-08-21T19:29:11.133Z,sell,3.6e-06,8344.0,0.0300384
LRC/BTC,1566415751233,2019-08-21T19:29:11.233Z,buy,3.6e-06,761.0,0.0027396
LRC/BTC,1566415751253,2019-08-21T19:29:11.253Z,buy,3.6e-06,895.0,0.003222
LRC/BTC,1566415752660,2019-08-21T19:29:12.660Z,sell,3.6e-06,761.0,0.0027396
LRC/BTC,1566415752660,2019-08-21T19:29:12.660Z,sell,3.59e-06,2216.0,0.00795544
LRC/BTC,1566415752660,2019-08-21T19:29:12.660Z,sell,3.58e-06,4357.0,0.01559806
LRC/BTC,1566415782164,2019-08-21T19:29:42.164Z,sell,3.59e-06,600.0,0.002154
LRC/BTC,1566415782164,2019-08-21T19:29:42.164Z,sell,3.58e-06,8548.0,0.03060184
LRC/BTC,1566415823452,2019-08-21T19:30:23.452Z,sell,3.59e-06,28.0,0.0001005199999999
LRC/BTC,1566415823452,2019-08-21T19:30:23.452Z,sell,3.58e-06,15984.0,0.05722272
LRC/BTC,1566415866404,2019-08-21T19:31:06.404Z,buy,3.6e-06,454.0,0.0016343999999999
LRC/BTC,1566415966150,2019-08-21T19:32:46.150Z,buy,3.6e-06,8.0,2.88e-05
LRC/BTC,1566416188754,2019-08-21T19:36:28.754Z,buy,3.6e-06,384.0,0.0013824
LRC/BTC,1566416273923,2019-08-21T19:37:53.923Z,buy,3.6e-06,4094.0,0.0147383999999999
LRC/BTC,1566416334303,2019-08-21T19:38:54.303Z,buy,3.6e-06,8.0,2.88e-05
LRC/BTC,1566416488860,2019-08-21T19:41:28.860Z,buy,3.6e-06,8.0,2.88e-05
LRC/BTC,1566416505563,2019-08-21T19:41:45.563Z,buy,3.6e-06,7.0,2.52e-05
LRC/BTC,1566416602500,2019-08-21T19:43:22.500Z,sell,3.58e-06,4206.0,0.01505748
LRC/BTC,1566416603703,2019-08-21T19:43:23.703Z,buy,3.59e-06,95.0,0.0003410499999999
LRC/BTC,1566416604468,2019-08-21T19:43:24.468Z,buy,3.59e-06,207.0,0.0007431299999999
LRC/BTC,1566416605106,2019-08-21T19:43:25.106Z,buy,3.59e-06,102.0,0.0003661799999999
LRC/BTC,1566416605498,2019-08-21T19:43:25.498Z,buy,3.59e-06,50.0,0.0001795
LRC/BTC,1566416605893,2019-08-21T19:43:25.893Z,buy,3.59e-06,62.0,0.00022258
LRC/BTC,1566416605893,2019-08-21T19:43:25.893Z,buy,3.59e-06,62.0,0.00022258
LRC/BTC,1566416771080,2019-08-21T19:46:11.080Z,buy,3.59e-06,9.0,3.231e-05
LRC/BTC,1566416975931,2019-08-21T19:49:35.931Z,buy,3.59e-06,75.0,0.00026925
LRC/BTC,1566417606187,2019-08-21T20:00:06.187Z,buy,3.6e-06,138.0,0.0004967999999999
LRC/BTC,1566417611071,2019-08-21T20:00:11.071Z,buy,3.6e-06,556.0,0.0020016
LRC/BTC,1566418239825,2019-08-21T20:10:39.825Z,buy,3.6e-06,1638.0,0.0058968
LRC/BTC,1566418295010,2019-08-21T20:11:35.010Z,sell,3.58e-06,893.0,0.00319694
LRC/BTC,1566418295024,2019-08-21T20:11:35.024Z,sell,3.58e-06,1084.0,0.00388072
LRC/BTC,1566418328739,2019-08-21T20:12:08.739Z,sell,3.58e-06,5774.0,0.02067092
LRC/BTC,1566418492622,2019-08-21T20:14:52.622Z,sell,3.58e-06,1162.0,0.00415996
LRC/BTC,1566418492622,2019-08-21T20:14:52.622Z,sell,3.57e-06,9892.0,0.03531444
LRC/BTC,1566418512410,2019-08-21T20:15:12.410Z,sell,3.57e-06,177.0,0.00063189
LRC/BTC,1566418985134,2019-08-21T20:23:05.134Z,buy,3.6e-06,297.0,0.0010692
LRC/BTC,1566419115838,2019-08-21T20:25:15.838Z,buy,3.6e-06,2806.0,0.0101015999999999
LRC/BTC,1566419235028,2019-08-21T20:27:15.028Z,buy,3.6e-06,332.0,0.0011952
LRC/BTC,1566419246676,2019-08-21T20:27:26.676Z,sell,3.59e-06,45.0,0.00016155
LRC/BTC,1566419705526,2019-08-21T20:35:05.526Z,sell,3.59e-06,42.0,0.00015078
LRC/BTC,1566420143530,2019-08-21T20:42:23.530Z,sell,3.59e-06,438.0,0.00157242
LRC/BTC,1566420143530,2019-08-21T20:42:23.530Z,sell,3.59e-06,438.0,0.00157242
LRC/BTC,1566420954034,2019-08-21T20:55:54.034Z,buy,3.59e-06,2902.0,0.0104181799999999
LRC/BTC,1566420954365,2019-08-21T20:55:54.365Z,buy,3.59e-06,616.0,0.00221144
LRC/BTC,1566421549049,2019-08-21T21:05:49.049Z,sell,3.57e-06,2920.0,0.0104244
LRC/BTC,1566421560090,2019-08-21T21:06:00.090Z,buy,3.57e-06,98.0,0.00034986
LRC/BTC,1566421560403,2019-08-21T21:06:00.403Z,buy,3.57e-06,29.0,0.00010353
LRC/BTC,1566421560573,2019-08-21T21:06:00.573Z,buy,3.57e-06,98.0,0.00034986
LRC/BTC,1566421561353,2019-08-21T21:06:01.353Z,buy,3.57e-06,63.0,0.00022491
LRC/BTC,1566421561449,2019-08-21T21:06:01.449Z,sell,3.56e-06,127.0,0.00045212
LRC/BTC,1566421564440,2019-08-21T21:06:04.440Z,buy,3.58e-06,1318.0,0.00471844
LRC/BTC,1566421564440,2019-08-21T21:06:04.440Z,buy,3.59e-06,1488.0,0.00534192
LRC/BTC,1566422113295,2019-08-21T21:15:13.295Z,buy,3.59e-06,32.0,0.00011488
LRC/BTC,1566422173217,2019-08-21T21:16:13.217Z,sell,3.57e-06,18150.0,0.0647955
LRC/BTC,1566422184085,2019-08-21T21:16:24.085Z,buy,3.58e-06,2908.0,0.01041064
LRC/BTC,1566422184085,2019-08-21T21:16:24.085Z,buy,3.59e-06,1270.0,0.0045593
LRC/BTC,1566422921284,2019-08-21T21:28:41.284Z,buy,3.58e-06,272.0,0.00097376
LRC/BTC,1566422921284,2019-08-21T21:28:41.284Z,buy,3.59e-06,1728.0,0.00620352
LRC/BTC,1566422933067,2019-08-21T21:28:53.067Z,buy,3.59e-06,30.0,0.0001077
LRC/BTC,1566422933085,2019-08-21T21:28:53.085Z,sell,3.59e-06,2255.0,0.00809545
LRC/BTC,1566422935262,2019-08-21T21:28:55.262Z,buy,3.6e-06,5283.0,0.0190188
LRC/BTC,1566422947887,2019-08-21T21:29:07.887Z,sell,3.59e-06,29.0,0.00010411
LRC/BTC,1566422971172,2019-08-21T21:29:31.172Z,sell,3.59e-06,3257.0,0.0116926299999999
LRC/BTC,1566423338729,2019-08-21T21:35:38.729Z,buy,3.6e-06,250.0,0.0009
LRC/BTC,1566423338729,2019-08-21T21:35:38.729Z,buy,3.6e-06,250.0,0.0009
LRC/BTC,1566423912176,2019-08-21T21:45:12.176Z,buy,3.6e-06,7673.0,0.0276228
LRC/BTC,1566423912178,2019-08-21T21:45:12.178Z,buy,3.6e-06,8257.0,0.0297252
LRC/BTC,1566423912199,2019-08-21T21:45:12.199Z,buy,3.61e-06,11239.0,0.04057279
LRC/BTC,1566423912212,2019-08-21T21:45:12.212Z,buy,3.61e-06,3387.0,0.01222707
LRC/BTC,1566423912246,2019-08-21T21:45:12.246Z,sell,3.6e-06,3941.0,0.0141876
LRC/BTC,1566423912339,2019-08-21T21:45:12.339Z,buy,3.61e-06,6538.0,0.02360218
LRC/BTC,1566423912360,2019-08-21T21:45:12.360Z,buy,3.61e-06,7532.0,0.02719052
LRC/BTC,1566423912496,2019-08-21T21:45:12.496Z,buy,3.61e-06,632.0,0.00228152
LRC/BTC,1566423967928,2019-08-21T21:46:07.928Z,sell,3.61e-06,28.0,0.00010108
LRC/BTC,1566424071318,2019-08-21T21:47:51.318Z,buy,3.62e-06,1352.0,0.00489424
LRC/BTC,1566424071886,2019-08-21T21:47:51.886Z,sell,3.62e-06,6538.0,0.02366756
LRC/BTC,1566424072309,2019-08-21T21:47:52.309Z,sell,3.62e-06,8263.0,0.02991206
LRC/BTC,1566424120849,2019-08-21T21:48:40.849Z,sell,3.62e-06,526.0,0.00190412
LRC/BTC,1566424162936,2019-08-21T21:49:22.936Z,sell,3.62e-06,1443.0,0.00522366
LRC/BTC,1566424463980,2019-08-21T21:54:23.980Z,sell,3.61e-06,11820.0,0.0426702
LRC/BTC,1566424463980,2019-08-21T21:54:23.980Z,sell,3.6e-06,31398.0,0.1130327999999999
LRC/BTC,1566424484699,2019-08-21T21:54:44.699Z,sell,3.61e-06,770.0,0.0027797
LRC/BTC,1566424624098,2019-08-21T21:57:04.098Z,sell,3.6e-06,32.0,0.0001152
LRC/BTC,1566424723120,2019-08-21T21:58:43.120Z,sell,3.6e-06,99.0,0.0003564
LRC/BTC,1566424729709,2019-08-21T21:58:49.709Z,sell,3.6e-06,282.0,0.0010152
LRC/BTC,1566424827884,2019-08-21T22:00:27.884Z,buy,3.61e-06,49.0,0.00017689
LRC/BTC,1566424827884,2019-08-21T22:00:27.884Z,buy,3.62e-06,20145.0,0.0729249
LRC/BTC,1566425166968,2019-08-21T22:06:06.968Z,buy,3.61e-06,2795.0,0.01008995
LRC/BTC,1566426273942,2019-08-21T22:24:33.942Z,buy,3.61e-06,5168.0,0.01865648
LRC/BTC,1566426273966,2019-08-21T22:24:33.966Z,buy,3.61e-06,10.0,3.61e-05
LRC/BTC,1566426274188,2019-08-21T22:24:34.188Z,buy,3.61e-06,590.0,0.0021299
LRC/BTC,1566426274188,2019-08-21T22:24:34.188Z,buy,3.62e-06,6398.0,0.02316076
LRC/BTC,1566426274224,2019-08-21T22:24:34.224Z,buy,3.62e-06,2084.0,0.00754408
LRC/BTC,1566426274294,2019-08-21T22:24:34.294Z,buy,3.62e-06,447.0,0.00161814
LRC/BTC,1566426274338,2019-08-21T22:24:34.338Z,sell,3.61e-06,447.0,0.00161367
LRC/BTC,1566426898795,2019-08-21T22:34:58.795Z,buy,3.62e-06,9.0,3.258e-05
LRC/BTC,1566426898795,2019-08-21T22:34:58.795Z,buy,3.62e-06,9.0,3.258e-05
LRC/BTC,1566427131520,2019-08-21T22:38:51.520Z,buy,3.61e-06,1000.0,0.00361
LRC/BTC,1566427303743,2019-08-21T22:41:43.743Z,sell,3.6e-06,72.0,0.0002592
LRC/BTC,1566427735753,2019-08-21T22:48:55.753Z,buy,3.61e-06,2237.0,0.00807557
LRC/BTC,1566427778301,2019-08-21T22:49:38.301Z,sell,3.61e-06,4300.0,0.015523
LRC/BTC,1566428253413,2019-08-21T22:57:33.413Z,sell,3.6e-06,83.0,0.0002988
LRC/BTC,1566428253845,2019-08-21T22:57:33.845Z,sell,3.6e-06,213.0,0.0007668
LRC/BTC,1566428255766,2019-08-21T22:57:35.766Z,sell,3.6e-06,498.0,0.0017928
LRC/BTC,1566428257799,2019-08-21T22:57:37.799Z,sell,3.6e-06,670.0,0.002412
LRC/BTC,1566428269609,2019-08-21T22:57:49.609Z,sell,3.6e-06,359.0,0.0012924
LRC/BTC,1566428271659,2019-08-21T22:57:51.659Z,sell,3.6e-06,127.0,0.0004572
LRC/BTC,1566428368915,2019-08-21T22:59:28.915Z,sell,3.6e-06,600.0,0.00216
LRC/BTC,1566428508235,2019-08-21T23:01:48.235Z,sell,3.6e-06,16467.0,0.0592812
LRC/BTC,1566428508235,2019-08-21T23:01:48.235Z,sell,3.59e-06,18783.0,0.0674309699999999
LRC/BTC,1566428650174,2019-08-21T23:04:10.174Z,sell,3.59e-06,314.0,0.00112726
LRC/BTC,1566428728842,2019-08-21T23:05:28.842Z,sell,3.59e-06,1280.0,0.0045952
LRC/BTC,1566429563964,2019-08-21T23:19:23.964Z,buy,3.6e-06,1902.0,0.0068471999999999
LRC/BTC,1566429899627,2019-08-21T23:24:59.627Z,sell,3.6e-06,33.0,0.0001188
LRC/BTC,1566430099195,2019-08-21T23:28:19.195Z,sell,3.6e-06,4774.0,0.0171863999999999
LRC/BTC,1566430102140,2019-08-21T23:28:22.140Z,sell,3.6e-06,21000.0,0.0756
LRC/BTC,1566430117335,2019-08-21T23:28:37.335Z,sell,3.6e-06,2312.0,0.0083232
LRC/BTC,1566430300110,2019-08-21T23:31:40.110Z,sell,3.59e-06,1491.0,0.00535269
LRC/BTC,1566430300227,2019-08-21T23:31:40.227Z,sell,3.59e-06,498.0,0.0017878199999999
LRC/BTC,1566430380745,2019-08-21T23:33:00.745Z,buy,3.6e-06,300.0,0.00108
LRC/BTC,1566430380745,2019-08-21T23:33:00.745Z,buy,3.6e-06,300.0,0.00108
LRC/BTC,1566430633147,2019-08-21T23:37:13.147Z,sell,3.58e-06,8063.0,0.02886554
LRC/BTC,1566430633179,2019-08-21T23:37:13.179Z,sell,3.58e-06,2242.0,0.00802636
LRC/BTC,1566430634136,2019-08-21T23:37:14.136Z,buy,3.58e-06,1411.0,0.00505138
LRC/BTC,1566430655654,2019-08-21T23:37:35.654Z,buy,3.59e-06,596.0,0.00213964
LRC/BTC,1566430658849,2019-08-21T23:37:38.849Z,buy,3.59e-06,296.0,0.00106264
LRC/BTC,1566430660184,2019-08-21T23:37:40.184Z,buy,3.59e-06,296.0,0.00106264
LRC/BTC,1566431407919,2019-08-21T23:50:07.919Z,buy,3.58e-06,28.0,0.00010024
LRC/BTC,1566431456380,2019-08-21T23:50:56.380Z,buy,3.58e-06,84.0,0.00030072
LRC/BTC,1566431549157,2019-08-21T23:52:29.157Z,buy,3.58e-06,1816.0,0.00650128
LRC/BTC,1566431550491,2019-08-21T23:52:30.491Z,buy,3.59e-06,334.0,0.00119906
LRC/BTC,1566431674226,2019-08-21T23:54:34.226Z,sell,3.58e-06,557.0,0.00199406
LRC/BTC,1566431674438,2019-08-21T23:54:34.438Z,sell,3.58e-06,7319.0,0.02620202
LRC/BTC,1566431675454,2019-08-21T23:54:35.454Z,sell,3.58e-06,9771.0,0.03498018
LRC/BTC,1566431687535,2019-08-21T23:54:47.535Z,sell,3.58e-06,85.0,0.0003043
LRC/BTC,1566431689770,2019-08-21T23:54:49.770Z,sell,3.58e-06,52.0,0.00018616
LRC/BTC,1566431750861,2019-08-21T23:55:50.861Z,sell,3.58e-06,6509.0,0.02330222
LRC/BTC,1566432019116,2019-08-22T00:00:19.116Z,buy,3.59e-06,321.0,0.0011523899999999
LRC/BTC,1566432022255,2019-08-22T00:00:22.255Z,sell,3.59e-06,1294.0,0.00464546
LRC/BTC,1566432033945,2019-08-22T00:00:33.945Z,buy,3.6e-06,5996.0,0.0215856
LRC/BTC,1566432056602,2019-08-22T00:00:56.602Z,buy,3.6e-06,779.0,0.0028044
LRC/BTC,1566432071303,2019-08-22T00:01:11.303Z,buy,3.61e-06,1325.0,0.00478325
LRC/BTC,1566432101849,2019-08-22T00:01:41.849Z,sell,3.6e-06,1721.0,0.0061956
LRC/BTC,1566432107605,2019-08-22T00:01:47.605Z,sell,3.6e-06,1598.0,0.0057528
LRC/BTC,1566432115964,2019-08-22T00:01:55.964Z,sell,3.6e-06,1072.0,0.0038591999999999
LRC/BTC,1566432117444,2019-08-22T00:01:57.444Z,sell,3.6e-06,6947.0,0.0250092
LRC/BTC,1566432185354,2019-08-22T00:03:05.354Z,buy,3.61e-06,11016.0,0.03976776
LRC/BTC,1566432218331,2019-08-22T00:03:38.331Z,buy,3.62e-06,11850.0,0.042897
LRC/BTC,1566432218354,2019-08-22T00:03:38.354Z,buy,3.62e-06,6.0,2.172e-05
LRC/BTC,1566432218494,2019-08-22T00:03:38.494Z,sell,3.62e-06,249.0,0.00090138
LRC/BTC,1566432341670,2019-08-22T00:05:41.670Z,sell,3.61e-06,35.0,0.00012635
LRC/BTC,1566432416499,2019-08-22T00:06:56.499Z,sell,3.61e-06,84.0,0.00030324
LRC/BTC,1566432447484,2019-08-22T00:07:27.484Z,sell,3.61e-06,3706.0,0.01337866
LRC/BTC,1566432448684,2019-08-22T00:07:28.684Z,sell,3.61e-06,4594.0,0.01658434
LRC/BTC,1566432602798,2019-08-22T00:10:02.798Z,sell,3.61e-06,2403.0,0.00867483
LRC/BTC,1566432603361,2019-08-22T00:10:03.361Z,buy,3.62e-06,413.0,0.00149506
LRC/BTC,1566432604794,2019-08-22T00:10:04.794Z,sell,3.61e-06,1103.0,0.00398183
LRC/BTC,1566432604917,2019-08-22T00:10:04.917Z,sell,3.61e-06,1408.0,0.00508288
LRC/BTC,1566432605151,2019-08-22T00:10:05.151Z,sell,3.61e-06,340.0,0.0012274
LRC/BTC,1566432605306,2019-08-22T00:10:05.306Z,sell,3.61e-06,1526.0,0.00550886
LRC/BTC,1566432605956,2019-08-22T00:10:05.956Z,sell,3.61e-06,2069.0,0.00746909
LRC/BTC,1566432693848,2019-08-22T00:11:33.848Z,sell,3.61e-06,1108.0,0.00399988
LRC/BTC,1566432921226,2019-08-22T00:15:21.226Z,sell,3.61e-06,600.0,0.002166
LRC/BTC,1566432993623,2019-08-22T00:16:33.623Z,buy,3.62e-06,9.0,3.258e-05
LRC/BTC,1566433005687,2019-08-22T00:16:45.687Z,sell,3.6e-06,1186.0,0.0042696
LRC/BTC,1566433191550,2019-08-22T00:19:51.550Z,buy,3.61e-06,552.0,0.00199272
LRC/BTC,1566433191678,2019-08-22T00:19:51.678Z,buy,3.61e-06,83.0,0.00029963
LRC/BTC,1566433421226,2019-08-22T00:23:41.226Z,sell,3.6e-06,9666.0,0.0347976
LRC/BTC,1566433421296,2019-08-22T00:23:41.296Z,buy,3.6e-06,516.0,0.0018575999999999
LRC/BTC,1566433421398,2019-08-22T00:23:41.398Z,buy,3.6e-06,2412.0,0.0086832
LRC/BTC,1566433421414,2019-08-22T00:23:41.414Z,buy,3.6e-06,5877.0,0.0211571999999999
LRC/BTC,1566433421514,2019-08-22T00:23:41.514Z,buy,3.6e-06,1257.0,0.0045252
LRC/BTC,1566433782067,2019-08-22T00:29:42.067Z,buy,3.61e-06,9.0,3.249e-05
LRC/BTC,1566433782067,2019-08-22T00:29:42.067Z,buy,3.61e-06,9.0,3.249e-05
LRC/BTC,1566434263640,2019-08-22T00:37:43.640Z,sell,3.6e-06,2771.0,0.0099756
LRC/BTC,1566434263668,2019-08-22T00:37:43.668Z,sell,3.6e-06,3409.0,0.0122724
LRC/BTC,1566434401967,2019-08-22T00:40:01.967Z,buy,3.61e-06,728.0,0.00262808
LRC/BTC,1566434402315,2019-08-22T00:40:02.315Z,buy,3.61e-06,728.0,0.00262808
LRC/BTC,1566434403341,2019-08-22T00:40:03.341Z,buy,3.61e-06,728.0,0.00262808
LRC/BTC,1566434404176,2019-08-22T00:40:04.176Z,buy,3.61e-06,728.0,0.00262808
LRC/BTC,1566434406981,2019-08-22T00:40:06.981Z,buy,3.61e-06,2762.0,0.00997082
LRC/BTC,1566434413189,2019-08-22T00:40:13.189Z,buy,3.61e-06,728.0,0.00262808
LRC/BTC,1566434416196,2019-08-22T00:40:16.196Z,buy,3.61e-06,728.0,0.00262808
LRC/BTC,1566434456245,2019-08-22T00:40:56.245Z,sell,3.6e-06,600.0,0.00216
LRC/BTC,1566434567346,2019-08-22T00:42:47.346Z,buy,3.6e-06,103.0,0.0003707999999999
LRC/BTC,1566434635666,2019-08-22T00:43:55.666Z,buy,3.6e-06,1527.0,0.0054972
LRC/BTC,1566434635668,2019-08-22T00:43:55.668Z,buy,3.6e-06,1761.0,0.0063396
LRC/BTC,1566434635766,2019-08-22T00:43:55.766Z,buy,3.6e-06,1761.0,0.0063396
LRC/BTC,1566434635895,2019-08-22T00:43:55.895Z,buy,3.6e-06,1761.0,0.0063396
LRC/BTC,1566434635896,2019-08-22T00:43:55.896Z,buy,3.6e-06,5195.0,0.018702
LRC/BTC,1566434635904,2019-08-22T00:43:55.904Z,buy,3.6e-06,1388.0,0.0049968
LRC/BTC,1566434635944,2019-08-22T00:43:55.944Z,buy,3.61e-06,5195.0,0.01875395
LRC/BTC,1566434668366,2019-08-22T00:44:28.366Z,sell,3.59e-06,24004.0,0.0861743599999999
LRC/BTC,1566434668381,2019-08-22T00:44:28.381Z,buy,3.59e-06,3959.0,0.01421281
LRC/BTC,1566434668390,2019-08-22T00:44:28.390Z,buy,3.59e-06,3959.0,0.01421281
LRC/BTC,1566434668404,2019-08-22T00:44:28.404Z,buy,3.59e-06,9763.0,0.03504917
LRC/BTC,1566434830604,2019-08-22T00:47:10.604Z,buy,3.61e-06,739.0,0.00266779
LRC/BTC,1566435572577,2019-08-22T00:59:32.577Z,buy,3.61e-06,10.0,3.61e-05
LRC/BTC,1566435905527,2019-08-22T01:05:05.527Z,buy,3.61e-06,11248.0,0.04060528
LRC/BTC,1566435905602,2019-08-22T01:05:05.602Z,buy,3.61e-06,2218.0,0.00800698
LRC/BTC,1566436018565,2019-08-22T01:06:58.565Z,sell,3.61e-06,58.0,0.00020938
LRC/BTC,1566436120991,2019-08-22T01:08:40.991Z,sell,3.61e-06,600.0,0.002166
LRC/BTC,1566436580055,2019-08-22T01:16:20.055Z,buy,3.61e-06,551.0,0.00198911
LRC/BTC,1566436580094,2019-08-22T01:16:20.094Z,buy,3.61e-06,83.0,0.00029963
LRC/BTC,1566436580182,2019-08-22T01:16:20.182Z,buy,3.61e-06,1411.0,0.00509371
LRC/BTC,1566436580201,2019-08-22T01:16:20.201Z,buy,3.61e-06,1191.0,0.00429951
LRC/BTC,1566436580705,2019-08-22T01:16:20.705Z,buy,3.61e-06,1369.0,0.00494209
LRC/BTC,1566436603325,2019-08-22T01:16:43.325Z,sell,3.6e-06,30450.0,0.10962
LRC/BTC,1566436603352,2019-08-22T01:16:43.352Z,sell,3.6e-06,6000.0,0.0215999999999999
LRC/BTC,1566436603523,2019-08-22T01:16:43.523Z,buy,3.6e-06,552.0,0.0019871999999999
LRC/BTC,1566436603622,2019-08-22T01:16:43.622Z,buy,3.6e-06,11006.0,0.0396216
LRC/BTC,1566436603782,2019-08-22T01:16:43.782Z,buy,3.6e-06,83.0,0.0002988
LRC/BTC,1566436603784,2019-08-22T01:16:43.784Z,buy,3.6e-06,83.0,0.0002988
LRC/BTC,1566436603798,2019-08-22T01:16:43.798Z,sell,3.59e-06,2777.0,0.00996943
LRC/BTC,1566436628216,2019-08-22T01:17:08.216Z,buy,3.6e-06,1217.0,0.0043812
LRC/BTC,1566436628216,2019-08-22T01:17:08.216Z,buy,3.61e-06,2934.0,0.01059174
LRC/BTC,1566436631652,2019-08-22T01:17:11.652Z,buy,3.61e-06,10.0,3.61e-05
LRC/BTC,1566436730099,2019-08-22T01:18:50.099Z,buy,3.61e-06,223.0,0.00080503
LRC/BTC,1566436730099,2019-08-22T01:18:50.099Z,buy,3.61e-06,223.0,0.00080503
LRC/BTC,1566437665655,2019-08-22T01:34:25.655Z,buy,3.61e-06,2770.0,0.0099997
LRC/BTC,1566437727913,2019-08-22T01:35:27.913Z,sell,3.6e-06,29.0,0.0001043999999999
LRC/BTC,1566437920317,2019-08-22T01:38:40.317Z,buy,3.61e-06,409.0,0.00147649
LRC/BTC,1566438025004,2019-08-22T01:40:25.004Z,sell,3.6e-06,10295.0,0.037062
LRC/BTC,1566438056634,2019-08-22T01:40:56.634Z,buy,3.6e-06,200.0,0.0007199999999999
LRC/BTC,1566438090502,2019-08-22T01:41:30.502Z,sell,3.59e-06,11126.0,0.03994234
LRC/BTC,1566438090502,2019-08-22T01:41:30.502Z,sell,3.58e-06,14824.0,0.05306992
LRC/BTC,1566438091349,2019-08-22T01:41:31.349Z,buy,3.59e-06,1342.0,0.00481778
LRC/BTC,1566438091663,2019-08-22T01:41:31.663Z,buy,3.59e-06,691.0,0.00248069
LRC/BTC,1566438091759,2019-08-22T01:41:31.759Z,buy,3.59e-06,5296.0,0.01901264
LRC/BTC,1566438119994,2019-08-22T01:41:59.994Z,buy,3.59e-06,8.0,2.872e-05
LRC/BTC,1566438145413,2019-08-22T01:42:25.413Z,buy,3.59e-06,521.0,0.00187039
LRC/BTC,1566438152080,2019-08-22T01:42:32.080Z,sell,3.59e-06,200.0,0.000718
LRC/BTC,1566438236942,2019-08-22T01:43:56.942Z,sell,3.59e-06,1140.0,0.0040926
LRC/BTC,1566438237146,2019-08-22T01:43:57.146Z,sell,3.59e-06,556.0,0.00199604
LRC/BTC,1566438280866,2019-08-22T01:44:40.866Z,sell,3.59e-06,67.0,0.00024053
LRC/BTC,1566438287391,2019-08-22T01:44:47.391Z,sell,3.59e-06,552.0,0.00198168
LRC/BTC,1566438287710,2019-08-22T01:44:47.710Z,sell,3.59e-06,766.0,0.0027499399999999
