symbol,timestamp,datetime,side,price,amount,btc_volume
LUN/BTC,1583521376229,2020-03-06T19:02:56.229Z,buy,0.0001107,38.77,0.004291839
LUN/BTC,1583521376235,2020-03-06T19:02:56.235Z,buy,0.000111,86.4,0.0095904
LUN/BTC,1583521403961,2020-03-06T19:03:23.961Z,sell,0.0001105,2.7,0.00029835
LUN/BTC,1583521845289,2020-03-06T19:10:45.289Z,sell,0.0001109,60.15,0.0066706349999999
LUN/BTC,1583521845294,2020-03-06T19:10:45.294Z,buy,0.0001111,33.65,0.003738515
LUN/BTC,1583522136468,2020-03-06T19:15:36.468Z,buy,0.0001108,48.42,0.005364936
LUN/BTC,1583522136470,2020-03-06T19:15:36.470Z,buy,0.000111,78.78,0.00874458
LUN/BTC,1583522393557,2020-03-06T19:19:53.557Z,buy,0.0001107,141.22,0.015633054
LUN/BTC,1583522393560,2020-03-06T19:19:53.560Z,buy,0.0001111,17.14,0.001904254
LUN/BTC,1583522626167,2020-03-06T19:23:46.167Z,buy,0.0001111,0.91,0.000101101
LUN/BTC,1583522852418,2020-03-06T19:27:32.418Z,buy,0.0001112,97.23,0.010811976
LUN/BTC,1583522852418,2020-03-06T19:27:32.418Z,buy,0.0001114,100.0,0.01114
LUN/BTC,1583522852418,2020-03-06T19:27:32.418Z,buy,0.0001115,100.0,0.01115
LUN/BTC,1583522852418,2020-03-06T19:27:32.418Z,buy,0.0001116,302.17,0.033722172
LUN/BTC,1583522852418,2020-03-06T19:27:32.418Z,buy,0.0001117,12.96,0.001447632
LUN/BTC,1583522852418,2020-03-06T19:27:32.418Z,buy,0.0001118,96.17,0.010751806
LUN/BTC,1583522852418,2020-03-06T19:27:32.418Z,buy,0.0001119,42.4,0.00474456
LUN/BTC,1583522852418,2020-03-06T19:27:32.418Z,buy,0.000112,95.87,0.01073744
LUN/BTC,1583522852418,2020-03-06T19:27:32.418Z,buy,0.0001121,143.41,0.016076261
LUN/BTC,1583522852418,2020-03-06T19:27:32.418Z,buy,0.0001122,1009.79,0.113298438
LUN/BTC,1583522852648,2020-03-06T19:27:32.648Z,sell,0.0001112,86.44,0.009612128
LUN/BTC,1583523056202,2020-03-06T19:30:56.202Z,sell,0.0001112,11.99,0.001333288
LUN/BTC,1583523266583,2020-03-06T19:34:26.583Z,buy,0.0001117,124.06,0.013857502
LUN/BTC,1583523266588,2020-03-06T19:34:26.588Z,buy,0.0001117,284.31,0.031757427
LUN/BTC,1583523283350,2020-03-06T19:34:43.350Z,buy,0.000112,124.06,0.01389472
LUN/BTC,1583523290847,2020-03-06T19:34:50.847Z,sell,0.000112,4.93,0.00055216
LUN/BTC,1583523290944,2020-03-06T19:34:50.944Z,sell,0.000112,49.37,0.00552944
LUN/BTC,1583523300959,2020-03-06T19:35:00.959Z,sell,0.000112,2.09,0.0002340799999999
LUN/BTC,1583523301320,2020-03-06T19:35:01.320Z,sell,0.000112,0.91,0.00010192
LUN/BTC,1583523342481,2020-03-06T19:35:42.481Z,sell,0.000112,68.04,0.00762048
LUN/BTC,1583523344168,2020-03-06T19:35:44.168Z,sell,0.0001117,124.06,0.013857502
LUN/BTC,1583523344168,2020-03-06T19:35:44.168Z,sell,0.0001116,184.82,0.020625912
LUN/BTC,1583523344168,2020-03-06T19:35:44.168Z,sell,0.0001115,90.0,0.010035
LUN/BTC,1583523344168,2020-03-06T19:35:44.168Z,sell,0.0001114,77.97,0.008685858
LUN/BTC,1583523346065,2020-03-06T19:35:46.065Z,sell,0.0001111,9.15,0.001016565
LUN/BTC,1583523349576,2020-03-06T19:35:49.576Z,sell,0.0001111,268.99,0.029884789
LUN/BTC,1583523354669,2020-03-06T19:35:54.669Z,sell,0.0001111,4.95,0.000549945
LUN/BTC,1583523382030,2020-03-06T19:36:22.030Z,sell,0.0001112,162.83,0.018106696
LUN/BTC,1583523382030,2020-03-06T19:36:22.030Z,sell,0.0001111,354.86,0.039424946
LUN/BTC,1583523382030,2020-03-06T19:36:22.030Z,sell,0.0001109,35.3,0.00391477
LUN/BTC,1583523382030,2020-03-06T19:36:22.030Z,sell,0.0001107,166.39,0.0184193729999999
LUN/BTC,1583523772423,2020-03-06T19:42:52.423Z,sell,0.000111,318.63,0.03536793
LUN/BTC,1583523772428,2020-03-06T19:42:52.428Z,buy,0.0001111,37.21,0.004134031
LUN/BTC,1583524157277,2020-03-06T19:49:17.277Z,buy,0.0001111,25.23,0.002803053
LUN/BTC,1583524157277,2020-03-06T19:49:17.277Z,buy,0.0001111,25.23,0.002803053
LUN/BTC,1583524906830,2020-03-06T20:01:46.830Z,buy,0.0001111,68.88,0.0076525679999999
LUN/BTC,1583524922974,2020-03-06T20:02:02.974Z,sell,0.0001109,34.57,0.003833813
LUN/BTC,1583524922974,2020-03-06T20:02:02.974Z,sell,0.0001107,887.23,0.098216361
LUN/BTC,1583524923005,2020-03-06T20:02:03.005Z,buy,0.0001107,70.34,0.007786638
LUN/BTC,1583524924092,2020-03-06T20:02:04.092Z,buy,0.0001107,17.86,0.0019771019999999
LUN/BTC,1583524925122,2020-03-06T20:02:05.122Z,buy,0.0001107,14.67,0.0016239689999999
LUN/BTC,1583524925712,2020-03-06T20:02:05.712Z,buy,0.0001107,11.94,0.001321758
LUN/BTC,1583524941359,2020-03-06T20:02:21.359Z,buy,0.0001107,78.73,0.008715411
LUN/BTC,1583524947065,2020-03-06T20:02:27.065Z,buy,0.0001111,29.59,0.003287449
LUN/BTC,1583524947068,2020-03-06T20:02:27.068Z,buy,0.0001111,29.54,0.003281894
LUN/BTC,1583524947078,2020-03-06T20:02:27.078Z,buy,0.0001111,29.59,0.003287449
LUN/BTC,1583524975969,2020-03-06T20:02:55.969Z,sell,0.0001103,117.61,0.012972383
LUN/BTC,1583525339975,2020-03-06T20:08:59.975Z,buy,0.0001112,2.91,0.000323592
LUN/BTC,1583525385004,2020-03-06T20:09:45.004Z,buy,0.0001112,108.51,0.012066312
LUN/BTC,1583525704491,2020-03-06T20:15:04.491Z,buy,0.0001116,221.64,0.0247350239999999
LUN/BTC,1583525711833,2020-03-06T20:15:11.833Z,buy,0.0001118,98.37,0.0109977659999999
LUN/BTC,1583525717241,2020-03-06T20:15:17.241Z,buy,0.0001118,90.0,0.010062
LUN/BTC,1583525724447,2020-03-06T20:15:24.447Z,buy,0.0001121,186.14,0.0208662939999999
LUN/BTC,1583525737562,2020-03-06T20:15:37.562Z,buy,0.0001123,40.38,0.004534674
LUN/BTC,1583525742559,2020-03-06T20:15:42.559Z,buy,0.0001124,45.57,0.005122068
LUN/BTC,1583525747816,2020-03-06T20:15:47.816Z,buy,0.0001125,4.51,0.000507375
LUN/BTC,1583525752789,2020-03-06T20:15:52.789Z,buy,0.0001126,9.27,0.001043802
LUN/BTC,1583525754279,2020-03-06T20:15:54.279Z,sell,0.0001121,15.4,0.00172634
LUN/BTC,1583525774255,2020-03-06T20:16:14.255Z,sell,0.0001121,94.6,0.01060466
LUN/BTC,1583525774255,2020-03-06T20:16:14.255Z,sell,0.000112,74.82,0.00837984
LUN/BTC,1583525774255,2020-03-06T20:16:14.255Z,sell,0.0001119,210.15,0.023515785
LUN/BTC,1583525774255,2020-03-06T20:16:14.255Z,sell,0.0001118,90.0,0.010062
LUN/BTC,1583525774255,2020-03-06T20:16:14.255Z,sell,0.0001117,110.0,0.012287
LUN/BTC,1583525774255,2020-03-06T20:16:14.255Z,sell,0.0001116,81.02,0.009041832
LUN/BTC,1583525826689,2020-03-06T20:17:06.689Z,buy,0.0001125,3.55,0.000399375
LUN/BTC,1583525840550,2020-03-06T20:17:20.550Z,sell,0.0001118,27.51,0.003075618
LUN/BTC,1583525896871,2020-03-06T20:18:16.871Z,sell,0.0001118,143.22,0.016011996
LUN/BTC,1583525952869,2020-03-06T20:19:12.869Z,sell,0.0001116,8.42,0.000939672
LUN/BTC,1583526404124,2020-03-06T20:26:44.124Z,buy,0.0001117,54.27,0.006061959
LUN/BTC,1583526404124,2020-03-06T20:26:44.124Z,buy,0.0001118,405.38,0.0453214839999999
LUN/BTC,1583526408234,2020-03-06T20:26:48.234Z,sell,0.0001118,9.0,0.0010061999999999
LUN/BTC,1583526429934,2020-03-06T20:27:09.934Z,buy,0.0001119,136.53,0.015277707
LUN/BTC,1583526493760,2020-03-06T20:28:13.760Z,sell,0.0001117,134.8,0.01505716
LUN/BTC,1583526493761,2020-03-06T20:28:13.761Z,buy,0.0001118,71.01,0.007938918
LUN/BTC,1583526501190,2020-03-06T20:28:21.190Z,buy,0.0001119,36.07,0.004036233
LUN/BTC,1583526501190,2020-03-06T20:28:21.190Z,buy,0.000112,627.82,0.07031584
LUN/BTC,1583527473904,2020-03-06T20:44:33.904Z,buy,0.0001119,169.3,0.01894467
LUN/BTC,1583527473904,2020-03-06T20:44:33.904Z,buy,0.0001119,169.3,0.01894467
LUN/BTC,1583527926441,2020-03-06T20:52:06.441Z,buy,0.000112,0.91,0.00010192
LUN/BTC,1583528048965,2020-03-06T20:54:08.965Z,buy,0.000112,1.07,0.00011984
LUN/BTC,1583528274249,2020-03-06T20:57:54.249Z,sell,0.0001118,0.9,0.00010062
LUN/BTC,1583528331165,2020-03-06T20:58:51.165Z,sell,0.0001116,4.44,0.000495504
LUN/BTC,1583528331165,2020-03-06T20:58:51.165Z,sell,0.0001115,22.55,0.002514325
LUN/BTC,1583528925714,2020-03-06T21:08:45.714Z,buy,0.0001116,40.14,0.004479624
LUN/BTC,1583528947788,2020-03-06T21:09:07.788Z,buy,0.0001117,1.8,0.00020106
LUN/BTC,1583529398355,2020-03-06T21:16:38.355Z,buy,0.0001114,33.1,0.00368734
LUN/BTC,1583529398358,2020-03-06T21:16:38.358Z,buy,0.0001117,74.51,0.008322767
LUN/BTC,1583529677542,2020-03-06T21:21:17.542Z,buy,0.0001118,0.19,2.1242e-05
LUN/BTC,1583529940707,2020-03-06T21:25:40.707Z,buy,0.0001119,38.45,0.004302555
LUN/BTC,1583530003762,2020-03-06T21:26:43.762Z,buy,0.000112,0.91,0.00010192
LUN/BTC,1583530035101,2020-03-06T21:27:15.101Z,buy,0.000112,0.91,0.00010192
LUN/BTC,1583530187884,2020-03-06T21:29:47.884Z,buy,0.000112,955.12,0.10697344
LUN/BTC,1583530187884,2020-03-06T21:29:47.884Z,buy,0.0001122,68.88,0.007728336
LUN/BTC,1583530195369,2020-03-06T21:29:55.369Z,buy,0.0001123,3.52,0.000395296
LUN/BTC,1583530528920,2020-03-06T21:35:28.920Z,buy,0.0001123,25.53,0.002867019
LUN/BTC,1583530603307,2020-03-06T21:36:43.307Z,buy,0.0001119,93.94,0.010511886
LUN/BTC,1583530603308,2020-03-06T21:36:43.308Z,buy,0.0001122,24.89,0.002792658
LUN/BTC,1583530619151,2020-03-06T21:36:59.151Z,sell,0.0001116,13.88,0.001549008
LUN/BTC,1583530619151,2020-03-06T21:36:59.151Z,sell,0.0001115,13.41,0.001495215
LUN/BTC,1583530986818,2020-03-06T21:43:06.818Z,buy,0.0001122,21.77,0.002442594
LUN/BTC,1583530986818,2020-03-06T21:43:06.818Z,buy,0.0001122,21.77,0.002442594
LUN/BTC,1583531243357,2020-03-06T21:47:23.357Z,sell,0.0001115,81.98,0.00914077
LUN/BTC,1583531542912,2020-03-06T21:52:22.912Z,buy,0.0001123,31.39,0.003525097
LUN/BTC,1583531543523,2020-03-06T21:52:23.523Z,buy,0.0001123,14.38,0.001614874
LUN/BTC,1583531557550,2020-03-06T21:52:37.550Z,buy,0.0001123,16.85,0.001892255
LUN/BTC,1583531559054,2020-03-06T21:52:39.054Z,buy,0.0001123,7.58,0.000851234
LUN/BTC,1583531562901,2020-03-06T21:52:42.901Z,buy,0.0001122,72.31,0.008113182
LUN/BTC,1583531619013,2020-03-06T21:53:39.013Z,buy,0.0001123,0.9,0.00010107
LUN/BTC,1583531656840,2020-03-06T21:54:16.840Z,buy,0.0001123,90.36,0.010147428
LUN/BTC,1583531656866,2020-03-06T21:54:16.866Z,sell,0.0001123,63.4,0.00711982
LUN/BTC,1583531657067,2020-03-06T21:54:17.067Z,sell,0.0001123,10.14,0.001138722
LUN/BTC,1583531915334,2020-03-06T21:58:35.334Z,buy,0.0001124,61.93,0.0069609319999999
LUN/BTC,1583531915338,2020-03-06T21:58:35.338Z,buy,0.000112,75.44,0.00844928
LUN/BTC,1583532325195,2020-03-06T22:05:25.195Z,buy,0.0001124,88.11,0.009903564
LUN/BTC,1583532325200,2020-03-06T22:05:25.200Z,buy,0.0001119,121.44,0.013589136
LUN/BTC,1583532475929,2020-03-06T22:07:55.929Z,sell,0.0001121,0.9,0.00010089
LUN/BTC,1583532558601,2020-03-06T22:09:18.601Z,sell,0.0001116,19.49,0.002175084
LUN/BTC,1583532558709,2020-03-06T22:09:18.709Z,sell,0.0001116,144.26,0.016099416
LUN/BTC,1583532558712,2020-03-06T22:09:18.712Z,sell,0.0001116,15.38,0.001716408
LUN/BTC,1583532558718,2020-03-06T22:09:18.718Z,sell,0.0001116,21.53,0.002402748
LUN/BTC,1583532558758,2020-03-06T22:09:18.758Z,sell,0.0001116,22.16,0.002473056
LUN/BTC,1583532558791,2020-03-06T22:09:18.791Z,sell,0.0001116,2.88,0.0003214079999999
LUN/BTC,1583532558868,2020-03-06T22:09:18.868Z,sell,0.0001116,1.66,0.000185256
LUN/BTC,1583532558957,2020-03-06T22:09:18.957Z,sell,0.0001116,23.47,0.002619252
LUN/BTC,1583532558983,2020-03-06T22:09:18.983Z,sell,0.0001116,25.87,0.002887092
LUN/BTC,1583532559011,2020-03-06T22:09:19.011Z,sell,0.0001116,28.78,0.003211848
LUN/BTC,1583532559012,2020-03-06T22:09:19.012Z,sell,0.0001116,234.35,0.02615346
LUN/BTC,1583532559095,2020-03-06T22:09:19.095Z,sell,0.0001116,450.55,0.05028138
LUN/BTC,1583532559171,2020-03-06T22:09:19.171Z,sell,0.0001116,49.49,0.005523084
LUN/BTC,1583532559256,2020-03-06T22:09:19.256Z,sell,0.0001116,24.54,0.002738664
LUN/BTC,1583532559276,2020-03-06T22:09:19.276Z,sell,0.0001116,26.85,0.00299646
LUN/BTC,1583532559297,2020-03-06T22:09:19.297Z,sell,0.0001116,21.48,0.002397168
LUN/BTC,1583532559357,2020-03-06T22:09:19.357Z,sell,0.0001116,1.39,0.000155124
LUN/BTC,1583532559407,2020-03-06T22:09:19.407Z,sell,0.0001116,32.04,0.003575664
LUN/BTC,1583532559471,2020-03-06T22:09:19.471Z,sell,0.0001116,42.23,0.0047128679999999
LUN/BTC,1583532559496,2020-03-06T22:09:19.496Z,sell,0.0001116,35.15,0.00392274
LUN/BTC,1583532559532,2020-03-06T22:09:19.532Z,sell,0.0001116,10.68,0.0011918879999999
LUN/BTC,1583532559608,2020-03-06T22:09:19.608Z,sell,0.0001116,33.41,0.0037285559999999
LUN/BTC,1583532559673,2020-03-06T22:09:19.673Z,sell,0.0001116,70.0,0.007812
LUN/BTC,1583532559675,2020-03-06T22:09:19.675Z,sell,0.0001116,10.59,0.001181844
LUN/BTC,1583532559806,2020-03-06T22:09:19.806Z,sell,0.0001116,9.42,0.001051272
LUN/BTC,1583532559811,2020-03-06T22:09:19.811Z,sell,0.0001116,3.48,0.000388368
LUN/BTC,1583532559841,2020-03-06T22:09:19.841Z,sell,0.0001116,7.12,0.000794592
LUN/BTC,1583532559852,2020-03-06T22:09:19.852Z,sell,0.0001116,12.97,0.001447452
LUN/BTC,1583532559856,2020-03-06T22:09:19.856Z,sell,0.0001116,4.9,0.00054684
LUN/BTC,1583532559955,2020-03-06T22:09:19.955Z,sell,0.0001116,80.79,0.009016164
LUN/BTC,1583532560022,2020-03-06T22:09:20.022Z,sell,0.0001116,366.72,0.040925952
LUN/BTC,1583532560286,2020-03-06T22:09:20.286Z,sell,0.0001116,36.43,0.004065588
LUN/BTC,1583532560548,2020-03-06T22:09:20.548Z,sell,0.0001116,5.06,0.000564696
LUN/BTC,1583532560969,2020-03-06T22:09:20.969Z,sell,0.0001116,6.06,0.000676296
LUN/BTC,1583532561196,2020-03-06T22:09:21.196Z,sell,0.0001116,3.48,0.000388368
LUN/BTC,1583532566535,2020-03-06T22:09:26.535Z,sell,0.0001116,6.95,0.00077562
LUN/BTC,1583532566537,2020-03-06T22:09:26.537Z,sell,0.0001116,7.79,0.000869364
LUN/BTC,1583532568465,2020-03-06T22:09:28.465Z,sell,0.0001116,10.44,0.001165104
LUN/BTC,1583532569894,2020-03-06T22:09:29.894Z,sell,0.0001116,48.74,0.005439384
LUN/BTC,1583532619844,2020-03-06T22:10:19.844Z,buy,0.0001125,56.0,0.0063
LUN/BTC,1583532658594,2020-03-06T22:10:58.594Z,sell,0.0001119,93.63,0.0104771969999999
LUN/BTC,1583532658598,2020-03-06T22:10:58.598Z,buy,0.0001124,49.58,0.0055727919999999
LUN/BTC,1583532781447,2020-03-06T22:13:01.447Z,sell,0.0001117,10.85,0.001211945
LUN/BTC,1583532889924,2020-03-06T22:14:49.924Z,buy,0.0001125,13.33,0.0014996249999999
LUN/BTC,1583533070746,2020-03-06T22:17:50.746Z,sell,0.0001117,22.62,0.002526654
LUN/BTC,1583533070847,2020-03-06T22:17:50.847Z,sell,0.0001117,45.27,0.005056659
LUN/BTC,1583533070862,2020-03-06T22:17:50.862Z,sell,0.0001117,22.63,0.002527771
LUN/BTC,1583533070887,2020-03-06T22:17:50.887Z,sell,0.0001117,27.19,0.003037123
LUN/BTC,1583533071271,2020-03-06T22:17:51.271Z,sell,0.0001117,13.57,0.001515769
LUN/BTC,1583533310271,2020-03-06T22:21:50.271Z,buy,0.0001124,239.23,0.0268894519999999
LUN/BTC,1583533310276,2020-03-06T22:21:50.276Z,buy,0.000112,179.14,0.0200636799999999
LUN/BTC,1583533837470,2020-03-06T22:30:37.470Z,buy,0.0001123,214.03,0.024035569
LUN/BTC,1583534532815,2020-03-06T22:42:12.815Z,buy,0.0001124,0.9,0.00010116
LUN/BTC,1583534537284,2020-03-06T22:42:17.284Z,buy,0.0001124,0.9,0.00010116
LUN/BTC,1583534537284,2020-03-06T22:42:17.284Z,buy,0.0001124,0.9,0.00010116
LUN/BTC,1583534656309,2020-03-06T22:44:16.309Z,buy,0.0001123,56.66,0.0063629179999999
LUN/BTC,1583534845924,2020-03-06T22:47:25.924Z,buy,0.0001124,1.7,0.00019108
LUN/BTC,1583534975597,2020-03-06T22:49:35.597Z,buy,0.0001119,36.48,0.004082112
LUN/BTC,1583534975603,2020-03-06T22:49:35.603Z,buy,0.0001118,116.0,0.0129687999999999
LUN/BTC,1583535361525,2020-03-06T22:56:01.525Z,buy,0.0001117,53.73,0.006001641
LUN/BTC,1583535439260,2020-03-06T22:57:19.260Z,buy,0.0001118,155.0,0.017329
LUN/BTC,1583535448939,2020-03-06T22:57:28.939Z,buy,0.0001118,0.71,7.9378e-05
LUN/BTC,1583535448939,2020-03-06T22:57:28.939Z,buy,0.0001121,79.29,0.008888409
LUN/BTC,1583535525172,2020-03-06T22:58:45.172Z,buy,0.0001125,150.0,0.016875
LUN/BTC,1583535534020,2020-03-06T22:58:54.020Z,buy,0.0001125,300.0,0.03375
LUN/BTC,1583535908738,2020-03-06T23:05:08.738Z,buy,0.000112,28.3,0.0031696
LUN/BTC,1583535908744,2020-03-06T23:05:08.744Z,buy,0.000112,93.73,0.01049776
LUN/BTC,1583535957158,2020-03-06T23:05:57.158Z,sell,0.000112,9.06,0.00101472
LUN/BTC,1583536455163,2020-03-06T23:14:15.163Z,buy,0.0001122,88.23,0.009899406
LUN/BTC,1583536646138,2020-03-06T23:17:26.138Z,sell,0.0001116,67.0,0.0074772
LUN/BTC,1583536779499,2020-03-06T23:19:39.499Z,buy,0.000112,146.18,0.01637216
LUN/BTC,1583536779502,2020-03-06T23:19:39.502Z,buy,0.0001122,87.22,0.009786084
LUN/BTC,1583536792521,2020-03-06T23:19:52.521Z,sell,0.0001117,1.13,0.0001262209999999
LUN/BTC,1583537332610,2020-03-06T23:28:52.610Z,buy,0.000112,44.98,0.00503776
LUN/BTC,1583537332619,2020-03-06T23:28:52.619Z,buy,0.0001122,46.67,0.005236374
LUN/BTC,1583537892366,2020-03-06T23:38:12.366Z,buy,0.0001123,1.79,0.000201017
LUN/BTC,1583538083923,2020-03-06T23:41:23.923Z,buy,0.0001121,90.8,0.0101786799999999
LUN/BTC,1583538083926,2020-03-06T23:41:23.926Z,buy,0.0001122,46.97,0.005270034
LUN/BTC,1583538083926,2020-03-06T23:41:23.926Z,buy,0.0001122,46.97,0.005270034
LUN/BTC,1583538621110,2020-03-06T23:50:21.110Z,buy,0.0001122,0.91,0.000102102
LUN/BTC,1583538730401,2020-03-06T23:52:10.401Z,buy,0.0001121,86.69,0.009717949
LUN/BTC,1583538829661,2020-03-06T23:53:49.661Z,sell,0.0001117,8.49,0.000948333
LUN/BTC,1583539064836,2020-03-06T23:57:44.836Z,buy,0.0001121,34.59,0.003877539
LUN/BTC,1583539426678,2020-03-07T00:03:46.678Z,buy,0.0001121,17.55,0.001967355
LUN/BTC,1583539855010,2020-03-07T00:10:55.010Z,buy,0.0001121,51.55,0.005778755
LUN/BTC,1583539855012,2020-03-07T00:10:55.012Z,sell,0.0001118,50.93,0.0056939739999999
LUN/BTC,1583540388481,2020-03-07T00:19:48.481Z,buy,0.0001121,72.73,0.008153033
LUN/BTC,1583541249832,2020-03-07T00:34:09.832Z,buy,0.000112,1663.69,0.18633328
LUN/BTC,1583541348197,2020-03-07T00:35:48.197Z,buy,0.0001119,169.48,0.0189648119999999
LUN/BTC,1583541348197,2020-03-07T00:35:48.197Z,buy,0.0001119,169.48,0.0189648119999999
LUN/BTC,1583542049044,2020-03-07T00:47:29.044Z,sell,0.0001119,2.6,0.00029094
LUN/BTC,1583542080334,2020-03-07T00:48:00.334Z,sell,0.0001116,134.86,0.015050376
LUN/BTC,1583542080334,2020-03-07T00:48:00.334Z,sell,0.0001115,91.8,0.0102357
LUN/BTC,1583542110976,2020-03-07T00:48:30.976Z,sell,0.0001114,169.35,0.0188655899999999
LUN/BTC,1583542110976,2020-03-07T00:48:30.976Z,sell,0.0001113,110.0,0.0122429999999999
LUN/BTC,1583542113418,2020-03-07T00:48:33.418Z,sell,0.0001113,1330.0,0.148029
LUN/BTC,1583542113418,2020-03-07T00:48:33.418Z,sell,0.0001112,1538.08,0.171034496
LUN/BTC,1583542116084,2020-03-07T00:48:36.084Z,sell,0.0001113,86.1,0.0095829299999999
LUN/BTC,1583542116084,2020-03-07T00:48:36.084Z,sell,0.0001112,90.0,0.010008
LUN/BTC,1583542118523,2020-03-07T00:48:38.523Z,sell,0.0001112,90.0,0.010008
LUN/BTC,1583542118523,2020-03-07T00:48:38.523Z,sell,0.0001111,519.0,0.0576609
LUN/BTC,1583542121242,2020-03-07T00:48:41.242Z,sell,0.0001111,152.0,0.0168872
LUN/BTC,1583542121498,2020-03-07T00:48:41.498Z,sell,0.0001111,50.0,0.005555
LUN/BTC,1583542183080,2020-03-07T00:49:43.080Z,sell,0.0001113,159.19,0.017717847
LUN/BTC,1583542183092,2020-03-07T00:49:43.092Z,buy,0.0001113,143.16,0.0159337079999999
LUN/BTC,1583542183098,2020-03-07T00:49:43.098Z,buy,0.0001113,0.01,1.113e-06
LUN/BTC,1583542390994,2020-03-07T00:53:10.994Z,buy,0.0001113,7.6,0.0008458799999999
LUN/BTC,1583542605413,2020-03-07T00:56:45.413Z,sell,0.0001112,11.24,0.001249888
LUN/BTC,1583543433685,2020-03-07T01:10:33.685Z,sell,0.0001114,8.98,0.001000372
LUN/BTC,1583543454254,2020-03-07T01:10:54.254Z,buy,0.0001117,52.66,0.005882122
LUN/BTC,1583543728315,2020-03-07T01:15:28.315Z,buy,0.0001117,0.9,0.00010053
LUN/BTC,1583543728315,2020-03-07T01:15:28.315Z,buy,0.0001118,231.12,0.0258392159999999
LUN/BTC,1583543856690,2020-03-07T01:17:36.690Z,buy,0.0001121,58.3,0.00653543
LUN/BTC,1583543856694,2020-03-07T01:17:36.694Z,buy,0.0001119,48.14,0.005386866
LUN/BTC,1583543941328,2020-03-07T01:19:01.328Z,sell,0.0001118,36.31,0.004059458
LUN/BTC,1583544333034,2020-03-07T01:25:33.034Z,buy,0.0001115,124.05,0.013831575
LUN/BTC,1583544333037,2020-03-07T01:25:33.037Z,buy,0.0001117,16.47,0.001839699
LUN/BTC,1583544712775,2020-03-07T01:31:52.775Z,sell,0.0001116,0.9,0.00010044
LUN/BTC,1583544712775,2020-03-07T01:31:52.775Z,sell,0.0001113,9.81,0.001091853
LUN/BTC,1583544905448,2020-03-07T01:35:05.448Z,buy,0.0001119,1.05,0.000117495
LUN/BTC,1583544905448,2020-03-07T01:35:05.448Z,buy,0.0001119,1.05,0.000117495
LUN/BTC,1583545085984,2020-03-07T01:38:05.984Z,buy,0.0001119,0.91,0.000101829
LUN/BTC,1583545106008,2020-03-07T01:38:26.008Z,sell,0.0001116,197.64,0.022056624
LUN/BTC,1583545106014,2020-03-07T01:38:26.014Z,buy,0.0001118,66.03,0.0073821539999999
LUN/BTC,1583545579654,2020-03-07T01:46:19.654Z,buy,0.0001117,105.48,0.011782116
LUN/BTC,1583545579657,2020-03-07T01:46:19.657Z,sell,0.0001114,123.9,0.01380246
LUN/BTC,1583546331302,2020-03-07T01:58:51.302Z,buy,0.0001118,20.7,0.00231426
LUN/BTC,1583547085436,2020-03-07T02:11:25.436Z,buy,0.0001115,18.24,0.00203376
LUN/BTC,1583547085438,2020-03-07T02:11:25.438Z,buy,0.0001117,31.03,0.003466051
LUN/BTC,1583547901129,2020-03-07T02:25:01.129Z,buy,0.0001117,82.11,0.009171687
LUN/BTC,1583548395892,2020-03-07T02:33:15.892Z,buy,0.0001116,23.85,0.00266166
LUN/BTC,1583548395892,2020-03-07T02:33:15.892Z,buy,0.0001118,22.07,0.002467426
LUN/BTC,1583548395892,2020-03-07T02:33:15.892Z,buy,0.0001116,23.85,0.00266166
LUN/BTC,1583548395892,2020-03-07T02:33:15.892Z,buy,0.0001118,22.07,0.002467426
LUN/BTC,1583548598268,2020-03-07T02:36:38.268Z,buy,0.0001118,1.79,0.0002001219999999
LUN/BTC,1583548783217,2020-03-07T02:39:43.217Z,buy,0.0001117,72.03,0.008045751
LUN/BTC,1583548976467,2020-03-07T02:42:56.467Z,sell,0.0001115,126.41,0.0140947149999999
LUN/BTC,1583548976467,2020-03-07T02:42:56.467Z,sell,0.0001113,90.0,0.010017
LUN/BTC,1583548976467,2020-03-07T02:42:56.467Z,sell,0.0001112,508.82,0.056580784
LUN/BTC,1583549420880,2020-03-07T02:50:20.880Z,buy,0.0001117,40.89,0.004567413
LUN/BTC,1583549420881,2020-03-07T02:50:20.881Z,sell,0.0001116,197.0,0.0219852
LUN/BTC,1583549919677,2020-03-07T02:58:39.677Z,buy,0.0001115,58.21,0.006490415
LUN/BTC,1583549919683,2020-03-07T02:58:39.683Z,buy,0.0001115,64.91,0.0072374649999999
LUN/BTC,1583551335383,2020-03-07T03:22:15.383Z,buy,0.0001115,70.42,0.00785183
LUN/BTC,1583551335386,2020-03-07T03:22:15.386Z,buy,0.0001116,60.61,0.006764076
LUN/BTC,1583551859928,2020-03-07T03:30:59.928Z,buy,0.0001117,5.2,0.00058084
LUN/BTC,1583551874335,2020-03-07T03:31:14.335Z,buy,0.0001117,1.07,0.000119519
LUN/BTC,1583551878266,2020-03-07T03:31:18.266Z,buy,0.0001117,1.06,0.000118402
LUN/BTC,1583551882172,2020-03-07T03:31:22.172Z,buy,0.0001117,1.06,0.000118402
LUN/BTC,1583551886268,2020-03-07T03:31:26.268Z,buy,0.0001117,1.06,0.000118402
LUN/BTC,1583551890708,2020-03-07T03:31:30.708Z,buy,0.0001117,1.06,0.000118402
LUN/BTC,1583551895543,2020-03-07T03:31:35.543Z,buy,0.0001117,1.06,0.000118402
LUN/BTC,1583551899646,2020-03-07T03:31:39.646Z,buy,0.0001117,1.06,0.000118402
LUN/BTC,1583551903571,2020-03-07T03:31:43.571Z,buy,0.0001117,1.06,0.000118402
LUN/BTC,1583551907805,2020-03-07T03:31:47.805Z,buy,0.0001117,1.06,0.000118402
LUN/BTC,1583551912305,2020-03-07T03:31:52.305Z,buy,0.0001117,1.06,0.000118402
LUN/BTC,1583551916264,2020-03-07T03:31:56.264Z,buy,0.0001117,1.06,0.000118402
LUN/BTC,1583551920419,2020-03-07T03:32:00.419Z,buy,0.0001117,1.06,0.000118402
LUN/BTC,1583551926427,2020-03-07T03:32:06.427Z,buy,0.0001117,1.06,0.000118402
LUN/BTC,1583551930689,2020-03-07T03:32:10.689Z,buy,0.0001117,1.06,0.000118402
LUN/BTC,1583551941581,2020-03-07T03:32:21.581Z,buy,0.0001117,1.06,0.000118402
LUN/BTC,1583551941972,2020-03-07T03:32:21.972Z,buy,0.0001117,1.07,0.000119519
LUN/BTC,1583551942926,2020-03-07T03:32:22.926Z,buy,0.0001117,1.07,0.000119519
LUN/BTC,1583551943149,2020-03-07T03:32:23.149Z,buy,0.0001117,1.07,0.000119519
LUN/BTC,1583551943778,2020-03-07T03:32:23.778Z,buy,0.0001117,1.07,0.000119519
LUN/BTC,1583551944002,2020-03-07T03:32:24.002Z,buy,0.0001117,1.07,0.000119519
LUN/BTC,1583551944002,2020-03-07T03:32:24.002Z,buy,0.0001117,1.07,0.000119519
LUN/BTC,1583552934975,2020-03-07T03:48:54.975Z,buy,0.0001117,93.77,0.010474109
LUN/BTC,1583552934975,2020-03-07T03:48:54.975Z,buy,0.0001118,30.09,0.0033640619999999
LUN/BTC,1583552934975,2020-03-07T03:48:54.975Z,buy,0.0001119,70.0,0.007833
LUN/BTC,1583552934975,2020-03-07T03:48:54.975Z,buy,0.000112,80.0,0.00896
LUN/BTC,1583552934975,2020-03-07T03:48:54.975Z,buy,0.0001121,439.79,0.049300459
LUN/BTC,1583552934975,2020-03-07T03:48:54.975Z,sell,0.0001116,1.7,0.00018972
LUN/BTC,1583553036347,2020-03-07T03:50:36.347Z,buy,0.0001115,269.06,0.03000019
LUN/BTC,1583553445251,2020-03-07T03:57:25.251Z,sell,0.0001113,180.43,0.020081859
LUN/BTC,1583553445255,2020-03-07T03:57:25.255Z,buy,0.0001114,84.78,0.009444492
LUN/BTC,1583553800909,2020-03-07T04:03:20.909Z,buy,0.0001114,112.38,0.0125191319999999
LUN/BTC,1583554298279,2020-03-07T04:11:38.279Z,sell,0.0001113,94.66,0.010535658
LUN/BTC,1583554298283,2020-03-07T04:11:38.283Z,buy,0.0001114,73.19,0.0081533659999999
LUN/BTC,1583554440517,2020-03-07T04:14:00.517Z,buy,0.0001115,12.86,0.00143389
LUN/BTC,1583554904523,2020-03-07T04:21:44.523Z,buy,0.0001113,152.08,0.016926504
LUN/BTC,1583554904525,2020-03-07T04:21:44.525Z,buy,0.0001114,64.74,0.0072120359999999
LUN/BTC,1583555507595,2020-03-07T04:31:47.595Z,buy,0.0001114,81.48,0.009076872
LUN/BTC,1583555507595,2020-03-07T04:31:47.595Z,buy,0.0001114,81.48,0.009076872
LUN/BTC,1583555695685,2020-03-07T04:34:55.685Z,buy,0.0001115,2.35,0.000262025
LUN/BTC,1583556015651,2020-03-07T04:40:15.651Z,buy,0.0001114,49.0,0.0054586
LUN/BTC,1583556356844,2020-03-07T04:45:56.844Z,sell,0.0001112,1.09,0.000121208
LUN/BTC,1583556356844,2020-03-07T04:45:56.844Z,sell,0.0001111,406.09,0.045116599
LUN/BTC,1583556356844,2020-03-07T04:45:56.844Z,sell,0.000111,125.91,0.01397601
LUN/BTC,1583556360457,2020-03-07T04:46:00.457Z,buy,0.000111,15.0,0.001665
LUN/BTC,1583556360797,2020-03-07T04:46:00.797Z,buy,0.000111,0.91,0.00010101
LUN/BTC,1583556375016,2020-03-07T04:46:15.016Z,sell,0.0001109,806.0,0.0893854
LUN/BTC,1583556525858,2020-03-07T04:48:45.858Z,buy,0.0001115,67.26,0.00749949
LUN/BTC,1583556568781,2020-03-07T04:49:28.781Z,buy,0.0001114,44.34,0.004939476
LUN/BTC,1583557190391,2020-03-07T04:59:50.391Z,buy,0.0001112,49.28,0.005479936
LUN/BTC,1583557521990,2020-03-07T05:05:21.990Z,buy,0.0001111,301.4,0.03348554
LUN/BTC,1583557521994,2020-03-07T05:05:21.994Z,buy,0.0001112,141.15,0.01569588
LUN/BTC,1583557572253,2020-03-07T05:06:12.253Z,sell,0.000111,34.39,0.00381729
LUN/BTC,1583557572253,2020-03-07T05:06:12.253Z,sell,0.0001109,416.44,0.0461831959999999
LUN/BTC,1583557572253,2020-03-07T05:06:12.253Z,sell,0.0001107,306.13,0.0338885909999999
LUN/BTC,1583557572253,2020-03-07T05:06:12.253Z,sell,0.0001106,603.41,0.066737146
LUN/BTC,1583557572253,2020-03-07T05:06:12.253Z,sell,0.0001105,1.82,0.00020111
LUN/BTC,1583557572253,2020-03-07T05:06:12.253Z,sell,0.0001104,310.16,0.034241664
LUN/BTC,1583557585685,2020-03-07T05:06:25.685Z,buy,0.0001111,49.46,0.005495006
LUN/BTC,1583557586317,2020-03-07T05:06:26.317Z,buy,0.0001111,4.94,0.000548834
LUN/BTC,1583557628666,2020-03-07T05:07:08.666Z,sell,0.0001104,4.0,0.0004416
LUN/BTC,1583557928387,2020-03-07T05:12:08.387Z,buy,0.0001111,14.15,0.001572065
LUN/BTC,1583558345213,2020-03-07T05:19:05.213Z,buy,0.0001109,139.07,0.0154228629999999
LUN/BTC,1583558880999,2020-03-07T05:28:00.999Z,sell,0.0001104,934.68,0.103188672
LUN/BTC,1583558880999,2020-03-07T05:28:00.999Z,sell,0.0001103,189.48,0.020899644
LUN/BTC,1583558949036,2020-03-07T05:29:09.036Z,sell,0.0001102,421.17,0.046412934
LUN/BTC,1583558949036,2020-03-07T05:29:09.036Z,sell,0.0001101,171.08,0.018835908
LUN/BTC,1583558949637,2020-03-07T05:29:09.637Z,buy,0.0001101,0.91,0.000100191
LUN/BTC,1583558999279,2020-03-07T05:29:59.279Z,buy,0.0001107,30.43,0.0033686009999999
LUN/BTC,1583559035779,2020-03-07T05:30:35.779Z,sell,0.00011,67.19,0.0073909
LUN/BTC,1583559035779,2020-03-07T05:30:35.779Z,sell,0.00011,25.53,0.0028083
LUN/BTC,1583559036976,2020-03-07T05:30:36.976Z,buy,0.0001103,271.49,0.029945347
LUN/BTC,1583559059798,2020-03-07T05:30:59.798Z,sell,0.00011,82.55,0.0090805
LUN/BTC,1583559059798,2020-03-07T05:30:59.798Z,sell,0.0001099,7.45,0.000818755
LUN/BTC,1583559059798,2020-03-07T05:30:59.798Z,sell,0.00011,82.55,0.0090805
LUN/BTC,1583559059798,2020-03-07T05:30:59.798Z,sell,0.0001099,7.45,0.000818755
LUN/BTC,1583559110951,2020-03-07T05:31:50.951Z,sell,0.0001099,36.56,0.004017944
LUN/BTC,1583559110972,2020-03-07T05:31:50.972Z,buy,0.0001099,387.37,0.042571963
LUN/BTC,1583559145803,2020-03-07T05:32:25.803Z,sell,0.0001098,476.66,0.052337268
LUN/BTC,1583559148441,2020-03-07T05:32:28.441Z,sell,0.0001097,44.5,0.0048816499999999
LUN/BTC,1583559177037,2020-03-07T05:32:57.037Z,buy,0.0001098,106.34,0.011676132
LUN/BTC,1583559178263,2020-03-07T05:32:58.263Z,buy,0.0001098,26.3,0.00288774
LUN/BTC,1583559197251,2020-03-07T05:33:17.251Z,sell,0.0001099,2.8,0.00030772
LUN/BTC,1583559292934,2020-03-07T05:34:52.934Z,sell,0.0001101,228.91,0.025202991
LUN/BTC,1583559292934,2020-03-07T05:34:52.934Z,sell,0.00011,419.46,0.0461406
LUN/BTC,1583559292934,2020-03-07T05:34:52.934Z,sell,0.0001098,619.43,0.068013414
LUN/BTC,1583559309738,2020-03-07T05:35:09.738Z,buy,0.0001104,1.44,0.000158976
LUN/BTC,1583559365929,2020-03-07T05:36:05.929Z,buy,0.0001105,31.52,0.00348296
LUN/BTC,1583559527602,2020-03-07T05:38:47.602Z,sell,0.0001099,22.74,0.002499126
LUN/BTC,1583559528057,2020-03-07T05:38:48.057Z,sell,0.0001099,200.0,0.02198
LUN/BTC,1583559528110,2020-03-07T05:38:48.110Z,sell,0.0001099,116.16,0.012765984
LUN/BTC,1583559528657,2020-03-07T05:38:48.657Z,sell,0.0001099,12.87,0.001414413
LUN/BTC,1583559532654,2020-03-07T05:38:52.654Z,sell,0.0001099,22.74,0.002499126
LUN/BTC,1583559533025,2020-03-07T05:38:53.025Z,sell,0.0001099,9.39,0.001031961
LUN/BTC,1583559533053,2020-03-07T05:38:53.053Z,sell,0.0001099,200.0,0.02198
LUN/BTC,1583559533080,2020-03-07T05:38:53.080Z,sell,0.0001099,175.07,0.019240193
LUN/BTC,1583559533186,2020-03-07T05:38:53.186Z,sell,0.0001099,290.02,0.031873198
LUN/BTC,1583559545499,2020-03-07T05:39:05.499Z,sell,0.0001099,22.74,0.002499126
LUN/BTC,1583559546083,2020-03-07T05:39:06.083Z,sell,0.0001099,60.19,0.0066148809999999
LUN/BTC,1583559546330,2020-03-07T05:39:06.330Z,sell,0.0001099,9.1,0.00100009
LUN/BTC,1583559559185,2020-03-07T05:39:19.185Z,sell,0.0001099,200.0,0.02198
LUN/BTC,1583559559400,2020-03-07T05:39:19.400Z,sell,0.0001099,52.32,0.005749968
LUN/BTC,1583559559418,2020-03-07T05:39:19.418Z,sell,0.0001099,222.37,0.024438463
LUN/BTC,1583559559858,2020-03-07T05:39:19.858Z,sell,0.0001099,138.0,0.0151662
LUN/BTC,1583559566593,2020-03-07T05:39:26.593Z,sell,0.0001099,22.15,0.002434285
LUN/BTC,1583559571140,2020-03-07T05:39:31.140Z,sell,0.0001099,92.7,0.01018773
LUN/BTC,1583559571276,2020-03-07T05:39:31.276Z,sell,0.0001099,56.99,0.006263201
LUN/BTC,1583559571326,2020-03-07T05:39:31.326Z,sell,0.0001099,90.16,0.009908584
LUN/BTC,1583559578501,2020-03-07T05:39:38.501Z,sell,0.0001099,22.33,0.002454067
LUN/BTC,1583559579069,2020-03-07T05:39:39.069Z,sell,0.0001099,9.64,0.001059436
LUN/BTC,1583559933089,2020-03-07T05:45:33.089Z,buy,0.0001103,176.57,0.019475671
LUN/BTC,1583560205299,2020-03-07T05:50:05.299Z,buy,0.0001103,1.78,0.000196334
LUN/BTC,1583560297926,2020-03-07T05:51:37.926Z,buy,0.0001103,10.38,0.001144914
LUN/BTC,1583560525496,2020-03-07T05:55:25.496Z,buy,0.0001103,28.17,0.003107151
LUN/BTC,1583561207222,2020-03-07T06:06:47.222Z,buy,0.0001103,52.88,0.005832664
LUN/BTC,1583561207222,2020-03-07T06:06:47.222Z,buy,0.0001105,31.05,0.003431025
LUN/BTC,1583561227514,2020-03-07T06:07:07.514Z,buy,0.0001105,45.28,0.00500344
LUN/BTC,1583561751951,2020-03-07T06:15:51.951Z,sell,0.0001103,58.97,0.006504391
LUN/BTC,1583561751954,2020-03-07T06:15:51.954Z,buy,0.0001104,167.43,0.018484272
LUN/BTC,1583561887426,2020-03-07T06:18:07.426Z,buy,0.0001103,52.42,0.005781926
LUN/BTC,1583561887435,2020-03-07T06:18:07.435Z,buy,0.0001104,103.36,0.011410944
LUN/BTC,1583561994966,2020-03-07T06:19:54.966Z,buy,0.0001104,31.85,0.00351624
LUN/BTC,1583562386711,2020-03-07T06:26:26.711Z,buy,0.0001105,19.03,0.002102815
LUN/BTC,1583562603612,2020-03-07T06:30:03.612Z,buy,0.0001103,116.78,0.0128808339999999
LUN/BTC,1583562603613,2020-03-07T06:30:03.613Z,buy,0.0001104,128.06,0.014137824
LUN/BTC,1583562627482,2020-03-07T06:30:27.482Z,buy,0.0001105,3.85,0.000425425
LUN/BTC,1583562627482,2020-03-07T06:30:27.482Z,buy,0.0001105,3.85,0.000425425
LUN/BTC,1583562740662,2020-03-07T06:32:20.662Z,sell,0.0001102,11.0,0.0012121999999999
LUN/BTC,1583563058815,2020-03-07T06:37:38.815Z,sell,0.0001102,28.14,0.003101028
LUN/BTC,1583563379234,2020-03-07T06:42:59.234Z,buy,0.0001104,47.45,0.00523848
LUN/BTC,1583564241778,2020-03-07T06:57:21.778Z,buy,0.0001105,10.39,0.001148095
LUN/BTC,1583564241778,2020-03-07T06:57:21.778Z,buy,0.0001107,8.73,0.000966411
LUN/BTC,1583564533060,2020-03-07T07:02:13.060Z,buy,0.0001106,47.02,0.005200412
LUN/BTC,1583564637159,2020-03-07T07:03:57.159Z,buy,0.0001107,50.0,0.005535
LUN/BTC,1583564645600,2020-03-07T07:04:05.600Z,buy,0.0001107,2.0,0.0002214
LUN/BTC,1583564656350,2020-03-07T07:04:16.350Z,buy,0.0001107,5.0,0.0005535
LUN/BTC,1583564661022,2020-03-07T07:04:21.022Z,buy,0.0001107,5.0,0.0005535
LUN/BTC,1583564664709,2020-03-07T07:04:24.709Z,buy,0.0001107,5.0,0.0005535
LUN/BTC,1583564668727,2020-03-07T07:04:28.727Z,buy,0.0001107,5.0,0.0005535
LUN/BTC,1583564676425,2020-03-07T07:04:36.425Z,buy,0.0001107,630.0,0.069741
LUN/BTC,1583564717874,2020-03-07T07:05:17.874Z,buy,0.0001108,98.63,0.0109282039999999
LUN/BTC,1583564717874,2020-03-07T07:05:17.874Z,buy,0.0001109,83.88,0.009302292
LUN/BTC,1583564718235,2020-03-07T07:05:18.235Z,buy,0.000111,72.83,0.00808413
LUN/BTC,1583565322880,2020-03-07T07:15:22.880Z,sell,0.0001105,17.35,0.001917175
LUN/BTC,1583565978535,2020-03-07T07:26:18.535Z,sell,0.0001105,34.6,0.0038233
LUN/BTC,1583566207302,2020-03-07T07:30:07.302Z,buy,0.0001109,43.35,0.004807515
LUN/BTC,1583566207302,2020-03-07T07:30:07.302Z,buy,0.000111,80.0,0.00888
LUN/BTC,1583566207427,2020-03-07T07:30:07.427Z,sell,0.000111,81.62,0.00905982
LUN/BTC,1583566207427,2020-03-07T07:30:07.427Z,sell,0.000111,81.62,0.00905982
LUN/BTC,1583566544678,2020-03-07T07:35:44.678Z,buy,0.0001111,1.06,0.000117766
LUN/BTC,1583566544678,2020-03-07T07:35:44.678Z,buy,0.0001112,1287.81,0.143204472
LUN/BTC,1583566544689,2020-03-07T07:35:44.689Z,sell,0.000111,36.42,0.00404262
LUN/BTC,1583567153223,2020-03-07T07:45:53.223Z,buy,0.0001108,14.69,0.0016276519999999
LUN/BTC,1583567153229,2020-03-07T07:45:53.229Z,buy,0.0001108,56.12,0.0062180959999999
LUN/BTC,1583567433470,2020-03-07T07:50:33.470Z,buy,0.0001109,14.69,0.0016291209999999
LUN/BTC,1583567433470,2020-03-07T07:50:33.470Z,buy,0.0001111,322.12,0.035787532
LUN/BTC,1583567433470,2020-03-07T07:50:33.470Z,buy,0.0001112,100.0,0.01112
LUN/BTC,1583567433470,2020-03-07T07:50:33.470Z,buy,0.0001113,517.61,0.057609993
LUN/BTC,1583567433470,2020-03-07T07:50:33.470Z,buy,0.0001115,112.24,0.01251476
LUN/BTC,1583567433470,2020-03-07T07:50:33.470Z,buy,0.0001116,497.82,0.055556712
LUN/BTC,1583567433470,2020-03-07T07:50:33.470Z,buy,0.0001117,380.12,0.042459404
LUN/BTC,1583567433470,2020-03-07T07:50:33.470Z,buy,0.0001118,6.02,0.0006730359999999
LUN/BTC,1583567433470,2020-03-07T07:50:33.470Z,buy,0.0001119,18.6,0.00208134
LUN/BTC,1583567433470,2020-03-07T07:50:33.470Z,buy,0.000112,30.78,0.00344736
LUN/BTC,1583567780610,2020-03-07T07:56:20.610Z,sell,0.0001111,1.06,0.000117766
LUN/BTC,1583568128996,2020-03-07T08:02:08.996Z,buy,0.000111,216.87,0.02407257
LUN/BTC,1583569121829,2020-03-07T08:18:41.829Z,buy,0.0001114,1.47,0.0001637579999999
LUN/BTC,1583569454601,2020-03-07T08:24:14.601Z,buy,0.0001111,120.3,0.01336533
LUN/BTC,1583569454609,2020-03-07T08:24:14.609Z,buy,0.0001112,110.35,0.01227092
LUN/BTC,1583569454609,2020-03-07T08:24:14.609Z,buy,0.0001112,110.35,0.01227092
LUN/BTC,1583569833009,2020-03-07T08:30:33.009Z,sell,0.0001109,13.88,0.001539292
LUN/BTC,1583570133684,2020-03-07T08:35:33.684Z,buy,0.0001108,25.3,0.00280324
LUN/BTC,1583570133691,2020-03-07T08:35:33.691Z,buy,0.0001108,33.37,0.0036973959999999
LUN/BTC,1583570376331,2020-03-07T08:39:36.331Z,buy,0.000111,270.27,0.0299999699999999
LUN/BTC,1583571541228,2020-03-07T08:59:01.228Z,sell,0.0001108,12.21,0.001352868
LUN/BTC,1583571762334,2020-03-07T09:02:42.334Z,sell,0.0001111,78.46,0.008716906
LUN/BTC,1583571762339,2020-03-07T09:02:42.339Z,buy,0.0001113,34.84,0.003877692
LUN/BTC,1583572175020,2020-03-07T09:09:35.020Z,buy,0.0001111,86.25,0.009582375
LUN/BTC,1583572418820,2020-03-07T09:13:38.820Z,buy,0.0001111,1.81,0.000201091
LUN/BTC,1583572515763,2020-03-07T09:15:15.763Z,sell,0.0001109,20.45,0.0022679049999999
LUN/BTC,1583572547535,2020-03-07T09:15:47.535Z,sell,0.0001106,35.82,0.003961692
LUN/BTC,1583572554392,2020-03-07T09:15:54.392Z,sell,0.0001106,0.71,7.8526e-05
LUN/BTC,1583572554392,2020-03-07T09:15:54.392Z,sell,0.0001105,106.75,0.011795875
LUN/BTC,1583572728237,2020-03-07T09:18:48.237Z,buy,0.0001109,66.42,0.007365978
LUN/BTC,1583572728237,2020-03-07T09:18:48.237Z,buy,0.0001109,66.42,0.007365978
LUN/BTC,1583573064067,2020-03-07T09:24:24.067Z,sell,0.0001106,148.22,0.016393132
LUN/BTC,1583573565800,2020-03-07T09:32:45.800Z,buy,0.0001108,36.77,0.004074116
LUN/BTC,1583573781604,2020-03-07T09:36:21.604Z,buy,0.0001107,66.45,0.007356015
LUN/BTC,1583574183344,2020-03-07T09:43:03.344Z,buy,0.0001106,86.59,0.009576854
LUN/BTC,1583574183354,2020-03-07T09:43:03.354Z,buy,0.0001107,50.54,0.005594778
LUN/BTC,1583574189179,2020-03-07T09:43:09.179Z,buy,0.0001108,248.21,0.027501668
LUN/BTC,1583574263141,2020-03-07T09:44:23.141Z,buy,0.0001108,115.1,0.0127530799999999
LUN/BTC,1583574271784,2020-03-07T09:44:31.784Z,buy,0.0001108,27.07,0.002999356
LUN/BTC,1583574519626,2020-03-07T09:48:39.626Z,buy,0.0001108,1.16,0.0001285279999999
LUN/BTC,1583574841061,2020-03-07T09:54:01.061Z,sell,0.0001105,36.73,0.0040586649999999
LUN/BTC,1583574921843,2020-03-07T09:55:21.843Z,buy,0.0001106,92.75,0.01025815
LUN/BTC,1583574921843,2020-03-07T09:55:21.843Z,buy,0.0001107,0.77,8.5239e-05
LUN/BTC,1583575019724,2020-03-07T09:56:59.724Z,buy,0.0001107,63.23,0.006999561
LUN/BTC,1583576032032,2020-03-07T10:13:52.032Z,sell,0.0001105,417.09,0.046088445
LUN/BTC,1583576043145,2020-03-07T10:14:03.145Z,sell,0.0001102,23.99,0.002643698
LUN/BTC,1583576049373,2020-03-07T10:14:09.373Z,sell,0.0001101,98.2,0.01081182
LUN/BTC,1583576049373,2020-03-07T10:14:09.373Z,sell,0.00011,647.37,0.0712107
LUN/BTC,1583576065261,2020-03-07T10:14:25.261Z,sell,0.0001101,2.11,0.000232311
LUN/BTC,1583576065261,2020-03-07T10:14:25.261Z,sell,0.00011,70.0,0.0077
LUN/BTC,1583576065261,2020-03-07T10:14:25.261Z,sell,0.0001099,74.43,0.008179857
LUN/BTC,1583576109965,2020-03-07T10:15:09.965Z,sell,0.0001099,4.0,0.0004396
LUN/BTC,1583576245775,2020-03-07T10:17:25.775Z,buy,0.0001101,75.1,0.00826851
LUN/BTC,1583576245777,2020-03-07T10:17:25.777Z,buy,0.0001103,202.66,0.022353398
LUN/BTC,1583576245777,2020-03-07T10:17:25.777Z,buy,0.0001103,202.66,0.022353398
LUN/BTC,1583576658538,2020-03-07T10:24:18.538Z,buy,0.0001099,200.54,0.0220393459999999
LUN/BTC,1583576658541,2020-03-07T10:24:18.541Z,buy,0.0001099,29.4,0.00323106
LUN/BTC,1583576695344,2020-03-07T10:24:55.344Z,sell,0.0001099,70.0,0.007693
LUN/BTC,1583576707919,2020-03-07T10:25:07.919Z,buy,0.0001101,1.65,0.000181665
LUN/BTC,1583577213010,2020-03-07T10:33:33.010Z,buy,0.00011,83.35,0.0091685
LUN/BTC,1583577215032,2020-03-07T10:33:35.032Z,buy,0.00011,88.92,0.0097812
LUN/BTC,1583577614183,2020-03-07T10:40:14.183Z,buy,0.0001101,35.0,0.0038535
LUN/BTC,1583577650304,2020-03-07T10:40:50.304Z,buy,0.00011,138.78,0.0152658
LUN/BTC,1583577656008,2020-03-07T10:40:56.008Z,buy,0.0001101,5.09,0.000560409
LUN/BTC,1583577814296,2020-03-07T10:43:34.296Z,sell,0.0001099,0.91,0.000100009
LUN/BTC,1583577814296,2020-03-07T10:43:34.296Z,sell,0.0001098,326.26,0.035823348
LUN/BTC,1583577979000,2020-03-07T10:46:19.000Z,buy,0.0001101,7.66,0.000843366
LUN/BTC,1583578035473,2020-03-07T10:47:15.473Z,buy,0.0001101,212.56,0.023402856
LUN/BTC,1583578090112,2020-03-07T10:48:10.112Z,buy,0.0001102,127.83,0.014086866
LUN/BTC,1583578508354,2020-03-07T10:55:08.354Z,sell,0.0001102,0.91,0.000100282
LUN/BTC,1583578550601,2020-03-07T10:55:50.601Z,sell,0.0001101,43.99,0.004843299
LUN/BTC,1583578615756,2020-03-07T10:56:55.756Z,buy,0.0001102,57.76,0.006365152
LUN/BTC,1583578834521,2020-03-07T11:00:34.521Z,sell,0.00011,21.36,0.0023496
LUN/BTC,1583578868393,2020-03-07T11:01:08.393Z,buy,0.00011,0.91,0.0001001
LUN/BTC,1583578927130,2020-03-07T11:02:07.130Z,sell,0.0001096,89.62,0.009822352
LUN/BTC,1583578927130,2020-03-07T11:02:07.130Z,sell,0.0001096,30.16,0.003305536
LUN/BTC,1583578942780,2020-03-07T11:02:22.780Z,buy,0.0001102,48.18,0.005309436
LUN/BTC,1583579143946,2020-03-07T11:05:43.946Z,buy,0.0001103,7.68,0.000847104
LUN/BTC,1583579460104,2020-03-07T11:11:00.104Z,buy,0.0001103,20.32,0.002241296
LUN/BTC,1583579460134,2020-03-07T11:11:00.134Z,sell,0.0001103,105.14,0.0115969419999999
LUN/BTC,1583579461079,2020-03-07T11:11:01.079Z,sell,0.0001103,1.06,0.000116918
LUN/BTC,1583579461106,2020-03-07T11:11:01.106Z,sell,0.0001103,38.99,0.004300597
LUN/BTC,1583579493405,2020-03-07T11:11:33.405Z,sell,0.0001104,85.65,0.00945576
LUN/BTC,1583579493408,2020-03-07T11:11:33.408Z,buy,0.0001105,36.2,0.0040001
LUN/BTC,1583579594864,2020-03-07T11:13:14.864Z,buy,0.0001105,6.82,0.00075361
LUN/BTC,1583579606415,2020-03-07T11:13:26.415Z,buy,0.0001105,238.7,0.02637635
LUN/BTC,1583579800985,2020-03-07T11:16:40.985Z,sell,0.0001103,15.0,0.0016545
LUN/BTC,1583579807111,2020-03-07T11:16:47.111Z,sell,0.0001103,0.49,5.4047e-05
LUN/BTC,1583579807111,2020-03-07T11:16:47.111Z,sell,0.00011,69.51,0.0076461
LUN/BTC,1583579811431,2020-03-07T11:16:51.431Z,sell,0.0001099,869.31,0.0955371689999999
LUN/BTC,1583579811431,2020-03-07T11:16:51.431Z,sell,0.0001099,869.31,0.0955371689999999
LUN/BTC,1583580020471,2020-03-07T11:20:20.471Z,buy,0.0001104,86.17,0.009513168
LUN/BTC,1583580202931,2020-03-07T11:23:22.931Z,sell,0.0001099,1.08,0.000118692
LUN/BTC,1583580326341,2020-03-07T11:25:26.341Z,sell,0.0001101,21.97,0.002418897
LUN/BTC,1583580635510,2020-03-07T11:30:35.510Z,buy,0.0001105,215.02,0.02375971
LUN/BTC,1583580861106,2020-03-07T11:34:21.106Z,sell,0.0001101,93.58,0.010303158
LUN/BTC,1583581726789,2020-03-07T11:48:46.789Z,buy,0.0001104,117.39,0.012959856
LUN/BTC,1583582139300,2020-03-07T11:55:39.300Z,buy,0.0001101,204.26,0.022489026
LUN/BTC,1583582139302,2020-03-07T11:55:39.302Z,buy,0.0001103,43.78,0.004828934
LUN/BTC,1583582243150,2020-03-07T11:57:23.150Z,sell,0.0001099,25.15,0.002763985
LUN/BTC,1583582868047,2020-03-07T12:07:48.047Z,sell,0.0001101,2.07,0.0002279069999999
LUN/BTC,1583582868047,2020-03-07T12:07:48.047Z,sell,0.0001099,253.65,0.027876135
LUN/BTC,1583582975826,2020-03-07T12:09:35.826Z,buy,0.0001104,103.52,0.011428608
LUN/BTC,1583583049263,2020-03-07T12:10:49.263Z,buy,0.0001104,15.37,0.001696848
LUN/BTC,1583583121001,2020-03-07T12:12:01.001Z,buy,0.0001104,62.61,0.006912144
LUN/BTC,1583583121001,2020-03-07T12:12:01.001Z,buy,0.0001104,62.61,0.006912144
LUN/BTC,1583583871894,2020-03-07T12:24:31.894Z,buy,0.0001103,29.72,0.0032781159999999
LUN/BTC,1583584175407,2020-03-07T12:29:35.407Z,buy,0.0001104,0.91,0.000100464
LUN/BTC,1583584202921,2020-03-07T12:30:02.921Z,buy,0.0001105,72.44,0.00800462
LUN/BTC,1583584907701,2020-03-07T12:41:47.701Z,buy,0.0001106,1.08,0.000119448
LUN/BTC,1583585200290,2020-03-07T12:46:40.290Z,buy,0.0001109,0.92,0.000102028
LUN/BTC,1583585504262,2020-03-07T12:51:44.262Z,buy,0.0001106,22.71,0.002511726
LUN/BTC,1583585504265,2020-03-07T12:51:44.265Z,buy,0.0001108,52.15,0.00577822
LUN/BTC,1583585974261,2020-03-07T12:59:34.261Z,buy,0.0001109,0.92,0.000102028
LUN/BTC,1583586107937,2020-03-07T13:01:47.937Z,buy,0.0001108,12.25,0.0013572999999999
LUN/BTC,1583586107937,2020-03-07T13:01:47.937Z,buy,0.0001108,12.25,0.0013572999999999
LUN/BTC,1583587206270,2020-03-07T13:20:06.270Z,buy,0.0001108,80.41,0.0089094279999999
LUN/BTC,1583587414196,2020-03-07T13:23:34.196Z,buy,0.0001109,152.07,0.016864563
LUN/BTC,1583587436981,2020-03-07T13:23:56.981Z,buy,0.000111,13.82,0.00153402
LUN/BTC,1583587436981,2020-03-07T13:23:56.981Z,buy,0.0001111,16.94,0.001882034
LUN/BTC,1583587436981,2020-03-07T13:23:56.981Z,buy,0.0001112,111.83,0.012435496
LUN/BTC,1583587436981,2020-03-07T13:23:56.981Z,buy,0.0001113,447.28,0.0497822639999999
LUN/BTC,1583587436981,2020-03-07T13:23:56.981Z,buy,0.0001116,243.3,0.02715228
LUN/BTC,1583587439996,2020-03-07T13:23:59.996Z,buy,0.0001116,0.99,0.000110484
LUN/BTC,1583587465238,2020-03-07T13:24:25.238Z,buy,0.0001116,0.91,0.000101556
LUN/BTC,1583588101223,2020-03-07T13:35:01.223Z,sell,0.0001109,0.95,0.000105355
LUN/BTC,1583588376861,2020-03-07T13:39:36.861Z,buy,0.0001114,179.44,0.0199896159999999
LUN/BTC,1583588376861,2020-03-07T13:39:36.861Z,sell,0.0001111,324.17,0.036015287
LUN/BTC,1583588457103,2020-03-07T13:40:57.103Z,buy,0.0001114,3.27,0.000364278
LUN/BTC,1583588507531,2020-03-07T13:41:47.531Z,buy,0.0001114,0.91,0.000101374
LUN/BTC,1583588507531,2020-03-07T13:41:47.531Z,buy,0.0001114,0.91,0.000101374
LUN/BTC,1583590477270,2020-03-07T14:14:37.270Z,buy,0.0001113,71.18,0.007922334
LUN/BTC,1583590941036,2020-03-07T14:22:21.036Z,buy,0.0001111,9.9,0.00109989
LUN/BTC,1583590945152,2020-03-07T14:22:25.152Z,buy,0.0001111,9.0,0.0009999
LUN/BTC,1583590949301,2020-03-07T14:22:29.301Z,buy,0.0001111,8.1,0.00089991
LUN/BTC,1583591358266,2020-03-07T14:29:18.266Z,buy,0.000111,47.84,0.00531024
LUN/BTC,1583591978923,2020-03-07T14:39:38.923Z,sell,0.0001109,3.27,0.000362643
LUN/BTC,1583592040278,2020-03-07T14:40:40.278Z,buy,0.000111,42.69,0.00473859
LUN/BTC,1583592040278,2020-03-07T14:40:40.278Z,buy,0.000111,42.69,0.00473859
LUN/BTC,1583592441076,2020-03-07T14:47:21.076Z,buy,0.0001111,0.91,0.000101101
LUN/BTC,1583593351465,2020-03-07T15:02:31.465Z,sell,0.000111,18.92,0.00210012
LUN/BTC,1583593380874,2020-03-07T15:03:00.874Z,sell,0.0001109,10.57,0.001172213
LUN/BTC,1583593727829,2020-03-07T15:08:47.829Z,buy,0.0001108,48.76,0.005402608
LUN/BTC,1583593850992,2020-03-07T15:10:50.992Z,sell,0.0001108,0.91,0.000100828
LUN/BTC,1583593850992,2020-03-07T15:10:50.992Z,sell,0.0001107,73.3,0.00811431
LUN/BTC,1583593870065,2020-03-07T15:11:10.065Z,sell,0.0001106,83.85,0.00927381
LUN/BTC,1583593883399,2020-03-07T15:11:23.399Z,sell,0.0001106,42.73,0.004725938
LUN/BTC,1583594030908,2020-03-07T15:13:50.908Z,sell,0.0001105,221.89,0.0245188449999999
LUN/BTC,1583594030908,2020-03-07T15:13:50.908Z,sell,0.0001104,150.14,0.016575456
LUN/BTC,1583594038769,2020-03-07T15:13:58.769Z,sell,0.0001104,306.02,0.033784608
LUN/BTC,1583594330544,2020-03-07T15:18:50.544Z,sell,0.0001104,83.04,0.009167616
LUN/BTC,1583594409232,2020-03-07T15:20:09.232Z,buy,0.0001108,84.76,0.009391408
LUN/BTC,1583594990052,2020-03-07T15:29:50.052Z,buy,0.0001108,135.64,0.0150289119999999
LUN/BTC,1583595277464,2020-03-07T15:34:37.464Z,sell,0.0001104,496.78,0.054844512
LUN/BTC,1583595277464,2020-03-07T15:34:37.464Z,sell,0.0001104,496.78,0.054844512
LUN/BTC,1583595862450,2020-03-07T15:44:22.450Z,sell,0.0001104,11.17,0.001233168
LUN/BTC,1583596374270,2020-03-07T15:52:54.270Z,buy,0.0001109,54.21,0.006011889
LUN/BTC,1583596505952,2020-03-07T15:55:05.952Z,buy,0.000111,14.0,0.001554
LUN/BTC,1583596507272,2020-03-07T15:55:07.272Z,buy,0.000111,0.91,0.00010101
LUN/BTC,1583596629636,2020-03-07T15:57:09.636Z,buy,0.000111,83.93,0.00931623
LUN/BTC,1583596629636,2020-03-07T15:57:09.636Z,buy,0.0001112,2.73,0.000303576
LUN/BTC,1583596629636,2020-03-07T15:57:09.636Z,buy,0.0001113,89.34,0.009943542
LUN/BTC,1583596698920,2020-03-07T15:58:18.920Z,buy,0.0001113,63.87,0.0071087309999999
LUN/BTC,1583596698920,2020-03-07T15:58:18.920Z,buy,0.0001114,25.89,0.002884146
LUN/BTC,1583596763885,2020-03-07T15:59:23.885Z,buy,0.0001112,54.61,0.006072632
LUN/BTC,1583596763885,2020-03-07T15:59:23.885Z,buy,0.0001113,226.61,0.025221693
LUN/BTC,1583597415730,2020-03-07T16:10:15.730Z,sell,0.0001105,34.0,0.003757
LUN/BTC,1583598437149,2020-03-07T16:27:17.149Z,buy,0.0001107,48.6,0.00538002
LUN/BTC,1583598437152,2020-03-07T16:27:17.152Z,buy,0.0001107,159.71,0.017679897
LUN/BTC,1583598656086,2020-03-07T16:30:56.086Z,buy,0.0001109,5.84,0.0006476559999999
LUN/BTC,1583598769564,2020-03-07T16:32:49.564Z,buy,0.0001109,7.79,0.000863911
LUN/BTC,1583598769564,2020-03-07T16:32:49.564Z,buy,0.0001109,7.79,0.000863911
LUN/BTC,1583598918603,2020-03-07T16:35:18.603Z,buy,0.0001109,1.16,0.000128644
LUN/BTC,1583598943598,2020-03-07T16:35:43.598Z,buy,0.0001109,33.81,0.003749529
LUN/BTC,1583598943598,2020-03-07T16:35:43.598Z,buy,0.000111,33.67,0.00373737
LUN/BTC,1583598943598,2020-03-07T16:35:43.598Z,buy,0.0001111,110.0,0.012221
LUN/BTC,1583598943598,2020-03-07T16:35:43.598Z,buy,0.0001112,70.0,0.007784
LUN/BTC,1583598943598,2020-03-07T16:35:43.598Z,buy,0.0001113,260.29,0.028970277
LUN/BTC,1583599065475,2020-03-07T16:37:45.475Z,buy,0.0001113,0.91,0.000101283
LUN/BTC,1583599065489,2020-03-07T16:37:45.489Z,sell,0.0001113,21.4,0.0023818199999999
LUN/BTC,1583599070227,2020-03-07T16:37:50.227Z,sell,0.0001113,66.93,0.007449309
LUN/BTC,1583599232753,2020-03-07T16:40:32.753Z,buy,0.0001115,33.06,0.00368619
LUN/BTC,1583599241157,2020-03-07T16:40:41.157Z,buy,0.0001115,3.47,0.000386905
LUN/BTC,1583599241406,2020-03-07T16:40:41.406Z,sell,0.0001115,21.33,0.002378295
LUN/BTC,1583599298439,2020-03-07T16:41:38.439Z,buy,0.0001115,7.03,0.000783845
LUN/BTC,1583599329925,2020-03-07T16:42:09.925Z,sell,0.0001114,9.38,0.001044932
LUN/BTC,1583599340758,2020-03-07T16:42:20.758Z,sell,0.0001113,29.67,0.003302271
LUN/BTC,1583599413997,2020-03-07T16:43:33.997Z,buy,0.0001113,0.91,0.000101283
LUN/BTC,1583599444503,2020-03-07T16:44:04.503Z,buy,0.0001113,2.09,0.0002326169999999
LUN/BTC,1583599444503,2020-03-07T16:44:04.503Z,buy,0.0001114,5.0,0.000557
LUN/BTC,1583599444503,2020-03-07T16:44:04.503Z,buy,0.0001115,0.91,0.000101465
LUN/BTC,1583599444758,2020-03-07T16:44:04.758Z,sell,0.0001115,14.01,0.001562115
LUN/BTC,1583599463246,2020-03-07T16:44:23.246Z,buy,0.0001113,58.58,0.006519954
LUN/BTC,1583599696392,2020-03-07T16:48:16.392Z,buy,0.0001113,1.8,0.00020034
LUN/BTC,1583599773909,2020-03-07T16:49:33.909Z,sell,0.0001111,0.91,0.000101101
LUN/BTC,1583599773909,2020-03-07T16:49:33.909Z,sell,0.0001109,28.68,0.0031806119999999
LUN/BTC,1583599806737,2020-03-07T16:50:06.737Z,sell,0.0001111,1.03,0.000114433
LUN/BTC,1583599806737,2020-03-07T16:50:06.737Z,sell,0.0001109,28.53,0.003163977
LUN/BTC,1583599812172,2020-03-07T16:50:12.172Z,sell,0.000111,0.91,0.00010101
LUN/BTC,1583599812172,2020-03-07T16:50:12.172Z,sell,0.0001109,28.63,0.0031750669999999
LUN/BTC,1583599812237,2020-03-07T16:50:12.237Z,sell,0.0001109,167.57,0.018583513
LUN/BTC,1583600127273,2020-03-07T16:55:27.273Z,sell,0.0001109,17.1,0.00189639
LUN/BTC,1583600127273,2020-03-07T16:55:27.273Z,sell,0.0001107,73.23,0.008106561
LUN/BTC,1583600150887,2020-03-07T16:55:50.887Z,buy,0.0001107,8.0,0.0008856
LUN/BTC,1583600217128,2020-03-07T16:56:57.128Z,buy,0.0001106,88.3,0.00976598
LUN/BTC,1583600292443,2020-03-07T16:58:12.443Z,buy,0.0001107,99.16,0.010977012
LUN/BTC,1583600311812,2020-03-07T16:58:31.812Z,sell,0.0001105,18.09,0.001998945
LUN/BTC,1583600336423,2020-03-07T16:58:56.423Z,sell,0.0001104,321.92,0.035539968
LUN/BTC,1583600373334,2020-03-07T16:59:33.334Z,buy,0.0001103,12.0,0.0013235999999999
LUN/BTC,1583600379017,2020-03-07T16:59:39.017Z,sell,0.0001102,14.94,0.001646388
LUN/BTC,1583600379064,2020-03-07T16:59:39.064Z,sell,0.00011,0.91,0.0001001
LUN/BTC,1583600379064,2020-03-07T16:59:39.064Z,sell,0.0001098,0.12,1.3176e-05
LUN/BTC,1583600421130,2020-03-07T17:00:21.130Z,sell,0.00011,0.91,0.0001001
LUN/BTC,1583600457950,2020-03-07T17:00:57.950Z,sell,0.0001098,16.37,0.001797426
LUN/BTC,1583600460094,2020-03-07T17:01:00.094Z,sell,0.0001097,3.65,0.000400405
LUN/BTC,1583600460094,2020-03-07T17:01:00.094Z,sell,0.0001096,22.08,0.0024199679999999
LUN/BTC,1583600460094,2020-03-07T17:01:00.094Z,sell,0.0001095,23.84,0.00261048
LUN/BTC,1583600460094,2020-03-07T17:01:00.094Z,sell,0.0001094,146.01,0.0159734939999999
LUN/BTC,1583600460094,2020-03-07T17:01:00.094Z,sell,0.0001093,250.22,0.027349046
LUN/BTC,1583600460094,2020-03-07T17:01:00.094Z,sell,0.0001093,48.14,0.005261702
LUN/BTC,1583600489822,2020-03-07T17:01:29.822Z,sell,0.0001092,6.82,0.000744744
LUN/BTC,1583600489822,2020-03-07T17:01:29.822Z,sell,0.0001091,1.84,0.000200744
LUN/BTC,1583600502119,2020-03-07T17:01:42.119Z,sell,0.000109,13.84,0.00150856
LUN/BTC,1583600504622,2020-03-07T17:01:44.622Z,sell,0.0001089,5.74,0.000625086
LUN/BTC,1583600504622,2020-03-07T17:01:44.622Z,sell,0.0001088,16.27,0.001770176
LUN/BTC,1583600527532,2020-03-07T17:02:07.532Z,sell,0.0001088,35.52,0.003864576
LUN/BTC,1583600538654,2020-03-07T17:02:18.654Z,sell,0.0001088,67.57,0.0073516159999999
LUN/BTC,1583600538654,2020-03-07T17:02:18.654Z,sell,0.0001086,76.97,0.008358942
LUN/BTC,1583600538654,2020-03-07T17:02:18.654Z,sell,0.0001085,312.47,0.033902995
LUN/BTC,1583600538654,2020-03-07T17:02:18.654Z,sell,0.0001084,197.32,0.021389488
LUN/BTC,1583600538654,2020-03-07T17:02:18.654Z,sell,0.0001083,14.21,0.001538943
LUN/BTC,1583600538654,2020-03-07T17:02:18.654Z,sell,0.0001083,2.28,0.000246924
LUN/BTC,1583600549191,2020-03-07T17:02:29.191Z,buy,0.0001084,92.25,0.0099999
LUN/BTC,1583600575346,2020-03-07T17:02:55.346Z,sell,0.0001081,39.85,0.004307785
LUN/BTC,1583600588308,2020-03-07T17:03:08.308Z,buy,0.0001083,0.93,0.000100719
LUN/BTC,1583600592570,2020-03-07T17:03:12.570Z,buy,0.0001083,1.02,0.000110466
LUN/BTC,1583600592571,2020-03-07T17:03:12.571Z,buy,0.0001083,319.18,0.034567194
LUN/BTC,1583600592661,2020-03-07T17:03:12.661Z,sell,0.0001081,6.65,0.000718865
LUN/BTC,1583600593365,2020-03-07T17:03:13.365Z,sell,0.0001081,2.8,0.00030268
LUN/BTC,1583600599982,2020-03-07T17:03:19.982Z,sell,0.0001081,20.0,0.002162
LUN/BTC,1583600612139,2020-03-07T17:03:32.139Z,sell,0.0001081,71.69,0.007749689
LUN/BTC,1583600612139,2020-03-07T17:03:32.139Z,sell,0.000108,186.17,0.0201063599999999
LUN/BTC,1583600616795,2020-03-07T17:03:36.795Z,sell,0.0001079,123.29,0.013302991
LUN/BTC,1583600616795,2020-03-07T17:03:36.795Z,sell,0.0001078,0.6,6.468e-05
LUN/BTC,1583600616795,2020-03-07T17:03:36.795Z,sell,0.0001078,16.53,0.001781934
LUN/BTC,1583600619167,2020-03-07T17:03:39.167Z,sell,0.0001077,3.37,0.000362949
LUN/BTC,1583600625344,2020-03-07T17:03:45.344Z,buy,0.0001078,37.56,0.004048968
LUN/BTC,1583600637902,2020-03-07T17:03:57.902Z,sell,0.0001077,203.93,0.021963261
LUN/BTC,1583600637902,2020-03-07T17:03:57.902Z,sell,0.0001075,40.29,0.004331175
LUN/BTC,1583600637902,2020-03-07T17:03:57.902Z,sell,0.0001074,1.48,0.000158952
LUN/BTC,1583600637902,2020-03-07T17:03:57.902Z,sell,0.0001074,13.72,0.001473528
LUN/BTC,1583600637902,2020-03-07T17:03:57.902Z,sell,0.0001073,42.66,0.004577418
LUN/BTC,1583600684774,2020-03-07T17:04:44.774Z,sell,0.0001072,0.94,0.000100768
LUN/BTC,1583600701504,2020-03-07T17:05:01.504Z,sell,0.0001071,4.1,0.00043911
LUN/BTC,1583600701504,2020-03-07T17:05:01.504Z,sell,0.000107,56.96,0.00609472
LUN/BTC,1583600701504,2020-03-07T17:05:01.504Z,sell,0.0001067,65.52,0.006990984
LUN/BTC,1583600701504,2020-03-07T17:05:01.504Z,sell,0.0001067,34.65,0.003697155
LUN/BTC,1583600701504,2020-03-07T17:05:01.504Z,sell,0.0001067,14.23,0.001518341
LUN/BTC,1583600724314,2020-03-07T17:05:24.314Z,buy,0.000107,93.51,0.01000557
LUN/BTC,1583600748556,2020-03-07T17:05:48.556Z,buy,0.0001068,50.65,0.00540942
LUN/BTC,1583600794700,2020-03-07T17:06:34.700Z,sell,0.0001066,14.69,0.001565954
LUN/BTC,1583600794700,2020-03-07T17:06:34.700Z,sell,0.0001065,48.65,0.005181225
LUN/BTC,1583600873621,2020-03-07T17:07:53.621Z,sell,0.0001066,44.87,0.004783142
LUN/BTC,1583600873893,2020-03-07T17:07:53.893Z,sell,0.0001067,9.37,0.000999779
LUN/BTC,1583600972628,2020-03-07T17:09:32.628Z,sell,0.0001065,0.94,0.0001001099999999
LUN/BTC,1583600972628,2020-03-07T17:09:32.628Z,sell,0.0001064,98.12,0.010439968
LUN/BTC,1583600992888,2020-03-07T17:09:52.888Z,sell,0.0001064,913.07,0.097150648
LUN/BTC,1583601037514,2020-03-07T17:10:37.514Z,sell,0.0001064,86.26,0.009178064
LUN/BTC,1583601077511,2020-03-07T17:11:17.511Z,buy,0.0001068,24.51,0.002617668
LUN/BTC,1583601114282,2020-03-07T17:11:54.282Z,buy,0.0001073,33.53,0.003597769
LUN/BTC,1583601114282,2020-03-07T17:11:54.282Z,buy,0.0001075,1.06,0.00011395
LUN/BTC,1583601114282,2020-03-07T17:11:54.282Z,buy,0.0001078,85.41,0.009207198
LUN/BTC,1583601124468,2020-03-07T17:12:04.468Z,buy,0.0001073,191.73,0.020572629
LUN/BTC,1583601124472,2020-03-07T17:12:04.472Z,buy,0.0001073,249.87,0.026811051
LUN/BTC,1583601124479,2020-03-07T17:12:04.479Z,sell,0.0001073,38.61,0.004142853
LUN/BTC,1583601233486,2020-03-07T17:13:53.486Z,sell,0.0001073,153.12,0.016429776
LUN/BTC,1583601296666,2020-03-07T17:14:56.666Z,buy,0.0001073,829.32,0.088986036
LUN/BTC,1583601377272,2020-03-07T17:16:17.272Z,sell,0.0001072,1.03,0.000110416
LUN/BTC,1583601403439,2020-03-07T17:16:43.439Z,buy,0.0001073,12.33,0.001323009
LUN/BTC,1583601408111,2020-03-07T17:16:48.111Z,buy,0.0001072,6.86,0.000735392
LUN/BTC,1583601418067,2020-03-07T17:16:58.067Z,buy,0.0001072,11.91,0.001276752
LUN/BTC,1583601537625,2020-03-07T17:18:57.625Z,buy,0.0001072,3.13,0.000335536
LUN/BTC,1583601700910,2020-03-07T17:21:40.910Z,sell,0.000107,169.15,0.01809905
LUN/BTC,1583601700910,2020-03-07T17:21:40.910Z,sell,0.0001068,70.0,0.007476
LUN/BTC,1583601700910,2020-03-07T17:21:40.910Z,sell,0.0001067,100.0,0.01067
LUN/BTC,1583601700910,2020-03-07T17:21:40.910Z,sell,0.0001066,1.06,0.000112996
LUN/BTC,1583601700910,2020-03-07T17:21:40.910Z,sell,0.0001065,101.05,0.010761825
LUN/BTC,1583601700910,2020-03-07T17:21:40.910Z,sell,0.0001064,846.32,0.090048448
LUN/BTC,1583601712384,2020-03-07T17:21:52.384Z,buy,0.0001068,292.03,0.0311888039999999
LUN/BTC,1583601712386,2020-03-07T17:21:52.386Z,buy,0.0001071,66.08,0.007077168
LUN/BTC,1583601765341,2020-03-07T17:22:45.341Z,buy,0.0001072,23.53,0.002522416
LUN/BTC,1583601805899,2020-03-07T17:23:25.899Z,sell,0.0001072,1.47,0.000157584
LUN/BTC,1583601811316,2020-03-07T17:23:31.316Z,sell,0.0001068,101.34,0.010823112
LUN/BTC,1583601900036,2020-03-07T17:25:00.036Z,buy,0.0001072,10.0,0.001072
LUN/BTC,1583601940918,2020-03-07T17:25:40.918Z,sell,0.0001068,22.3,0.00238164
LUN/BTC,1583601952958,2020-03-07T17:25:52.958Z,buy,0.0001073,27.04,0.002901392
LUN/BTC,1583602079437,2020-03-07T17:27:59.437Z,buy,0.0001073,613.56,0.065834988
LUN/BTC,1583602089489,2020-03-07T17:28:09.489Z,buy,0.0001073,46.58,0.004998034
LUN/BTC,1583602169040,2020-03-07T17:29:29.040Z,sell,0.0001073,1.12,0.000120176
LUN/BTC,1583602173535,2020-03-07T17:29:33.535Z,buy,0.0001075,1.06,0.00011395
LUN/BTC,1583602173535,2020-03-07T17:29:33.535Z,buy,0.0001078,0.05,5.390000000000001e-06
LUN/BTC,1583602225739,2020-03-07T17:30:25.739Z,buy,0.0001076,0.94,0.0001011439999999
LUN/BTC,1583602236567,2020-03-07T17:30:36.567Z,sell,0.0001076,6.99,0.000752124
LUN/BTC,1583602236567,2020-03-07T17:30:36.567Z,sell,0.0001076,6.99,0.000752124
LUN/BTC,1583602749367,2020-03-07T17:39:09.367Z,buy,0.0001081,1.86,0.000201066
LUN/BTC,1583602769031,2020-03-07T17:39:29.031Z,sell,0.0001076,10.65,0.00114594
LUN/BTC,1583602769031,2020-03-07T17:39:29.031Z,sell,0.0001075,100.0,0.01075
LUN/BTC,1583602769031,2020-03-07T17:39:29.031Z,sell,0.0001074,62.55,0.0067178699999999
LUN/BTC,1583603079468,2020-03-07T17:44:39.468Z,buy,0.000108,45.12,0.00487296
LUN/BTC,1583603079468,2020-03-07T17:44:39.468Z,sell,0.0001077,92.82,0.009996714
LUN/BTC,1583603549224,2020-03-07T17:52:29.224Z,buy,0.0001078,184.32,0.019869696
LUN/BTC,1583603549689,2020-03-07T17:52:29.689Z,buy,0.0001081,72.34,0.007819954
LUN/BTC,1583603549689,2020-03-07T17:52:29.689Z,buy,0.0001082,44.7,0.00483654
LUN/BTC,1583603625400,2020-03-07T17:53:45.400Z,sell,0.0001077,53.49,0.005760873
LUN/BTC,1583603626148,2020-03-07T17:53:46.148Z,sell,0.0001077,1.14,0.0001227779999999
LUN/BTC,1583603626148,2020-03-07T17:53:46.148Z,sell,0.0001076,60.67,0.006528092
LUN/BTC,1583603688406,2020-03-07T17:54:48.406Z,sell,0.0001076,9.0,0.0009684
LUN/BTC,1583603704810,2020-03-07T17:55:04.810Z,buy,0.0001081,50.0,0.005405
LUN/BTC,1583603711792,2020-03-07T17:55:11.792Z,sell,0.0001076,26.82,0.002885832
LUN/BTC,1583603711792,2020-03-07T17:55:11.792Z,sell,0.0001075,378.27,0.040664025
LUN/BTC,1583603743407,2020-03-07T17:55:43.407Z,sell,0.0001075,4.85,0.0005213749999999
LUN/BTC,1583603743407,2020-03-07T17:55:43.407Z,sell,0.0001074,93.52,0.010044048
LUN/BTC,1583603743407,2020-03-07T17:55:43.407Z,sell,0.0001073,156.67,0.016810691
LUN/BTC,1583603773346,2020-03-07T17:56:13.346Z,buy,0.0001079,138.41,0.0149344389999999
LUN/BTC,1583603774372,2020-03-07T17:56:14.372Z,buy,0.0001079,70.0,0.007553
LUN/BTC,1583603774372,2020-03-07T17:56:14.372Z,buy,0.000108,67.12,0.00724896
LUN/BTC,1583603788145,2020-03-07T17:56:28.145Z,sell,0.0001073,56.02,0.006010946
LUN/BTC,1583603789037,2020-03-07T17:56:29.037Z,sell,0.0001073,56.02,0.006010946
LUN/BTC,1583603789762,2020-03-07T17:56:29.762Z,sell,0.0001073,57.01,0.006117173
LUN/BTC,1583603790831,2020-03-07T17:56:30.831Z,sell,0.0001073,68.33,0.007331809
LUN/BTC,1583604164648,2020-03-07T18:02:44.648Z,buy,0.0001075,13.95,0.0014996249999999
LUN/BTC,1583604171068,2020-03-07T18:02:51.068Z,sell,0.0001073,0.94,0.000100862
LUN/BTC,1583604171068,2020-03-07T18:02:51.068Z,sell,0.0001069,45.66,0.0048810539999999
LUN/BTC,1583604438574,2020-03-07T18:07:18.574Z,sell,0.0001069,380.43,0.040667967
LUN/BTC,1583604478881,2020-03-07T18:07:58.881Z,sell,0.0001068,23.03,0.002459604
LUN/BTC,1583604556226,2020-03-07T18:09:16.226Z,buy,0.0001071,18.3,0.00195993
LUN/BTC,1583604556226,2020-03-07T18:09:16.226Z,buy,0.0001072,66.25,0.007102
LUN/BTC,1583604820148,2020-03-07T18:13:40.148Z,sell,0.0001066,1.06,0.000112996
LUN/BTC,1583604820148,2020-03-07T18:13:40.148Z,sell,0.0001065,8.2,0.0008732999999999
LUN/BTC,1583604820148,2020-03-07T18:13:40.148Z,sell,0.0001064,876.97,0.093309608
LUN/BTC,1583604912233,2020-03-07T18:15:12.233Z,sell,0.0001064,2.66,0.000283024
LUN/BTC,1583604912315,2020-03-07T18:15:12.315Z,sell,0.0001063,84.42,0.008973846
LUN/BTC,1583604975069,2020-03-07T18:16:15.069Z,buy,0.0001062,2.8,0.00029736
LUN/BTC,1583604975069,2020-03-07T18:16:15.069Z,buy,0.0001064,5.36,0.000570304
LUN/BTC,1583605072228,2020-03-07T18:17:52.228Z,buy,0.0001063,29.48,0.003133724
LUN/BTC,1583605072231,2020-03-07T18:17:52.231Z,sell,0.0001062,55.63,0.005907906
LUN/BTC,1583605164139,2020-03-07T18:19:24.139Z,sell,0.0001061,61.83,0.006560163
LUN/BTC,1583605165199,2020-03-07T18:19:25.199Z,sell,0.0001061,61.53,0.006528333
LUN/BTC,1583605170440,2020-03-07T18:19:30.440Z,sell,0.0001061,18.09,0.001919349
LUN/BTC,1583605207592,2020-03-07T18:20:07.592Z,buy,0.0001063,1.04,0.000110552
LUN/BTC,1583605313716,2020-03-07T18:21:53.716Z,buy,0.0001063,1073.44,0.114106672
LUN/BTC,1583605354147,2020-03-07T18:22:34.147Z,buy,0.0001069,14.2,0.00151798
LUN/BTC,1583605438079,2020-03-07T18:23:58.079Z,buy,0.0001069,1395.44,0.149172536
LUN/BTC,1583605628588,2020-03-07T18:27:08.588Z,sell,0.0001069,0.94,0.0001004859999999
LUN/BTC,1583605628588,2020-03-07T18:27:08.588Z,sell,0.0001069,0.94,0.0001004859999999
LUN/BTC,1583605958545,2020-03-07T18:32:38.545Z,sell,0.0001069,93.54,0.009999426
LUN/BTC,1583606052289,2020-03-07T18:34:12.289Z,buy,0.000107,22.03,0.00235721
LUN/BTC,1583606054485,2020-03-07T18:34:14.485Z,buy,0.0001073,13.31,0.001428163
LUN/BTC,1583606138270,2020-03-07T18:35:38.270Z,buy,0.0001074,59.34,0.006373116
LUN/BTC,1583606138270,2020-03-07T18:35:38.270Z,buy,0.0001075,4.0,0.00043
LUN/BTC,1583606138270,2020-03-07T18:35:38.270Z,buy,0.0001076,0.88,9.4688e-05
LUN/BTC,1583606253871,2020-03-07T18:37:33.871Z,buy,0.0001075,101.06,0.01086395
LUN/BTC,1583606457561,2020-03-07T18:40:57.561Z,buy,0.0001077,97.71,0.0105233669999999
LUN/BTC,1583606457561,2020-03-07T18:40:57.561Z,buy,0.000108,172.83,0.01866564
LUN/BTC,1583606457561,2020-03-07T18:40:57.561Z,buy,0.0001081,459.46,0.049667626
LUN/BTC,1583606457561,2020-03-07T18:40:57.561Z,buy,0.0001082,377.03,0.040794646
LUN/BTC,1583606528594,2020-03-07T18:42:08.594Z,sell,0.0001082,0.94,0.000101708
LUN/BTC,1583607169959,2020-03-07T18:52:49.959Z,buy,0.0001083,116.45,0.012611535
LUN/BTC,1583607207678,2020-03-07T18:53:27.678Z,buy,0.0001083,122.33,0.013248339
LUN/BTC,1583607225165,2020-03-07T18:53:45.165Z,sell,0.0001082,30.83,0.0033358059999999
LUN/BTC,1583607225168,2020-03-07T18:53:45.168Z,sell,0.0001082,13.33,0.001442306
LUN/BTC,1583607225168,2020-03-07T18:53:45.168Z,sell,0.0001082,59.76,0.006466032
LUN/BTC,1583607225171,2020-03-07T18:53:45.171Z,sell,0.0001082,13.63,0.001474766
LUN/BTC,1583607451911,2020-03-07T18:57:31.911Z,buy,0.0001083,84.82,0.009186006
LUN/BTC,1583607483578,2020-03-07T18:58:03.578Z,buy,0.0001084,1.06,0.000114904
LUN/BTC,1583607483578,2020-03-07T18:58:03.578Z,buy,0.0001085,132.31,0.014355635
LUN/BTC,1583607483578,2020-03-07T18:58:03.578Z,buy,0.0001087,100.0,0.01087
LUN/BTC,1583607483578,2020-03-07T18:58:03.578Z,buy,0.0001088,113.08,0.012303104
LUN/BTC,1583607483578,2020-03-07T18:58:03.578Z,buy,0.0001089,283.31,0.030852459
LUN/BTC,1583607513257,2020-03-07T18:58:33.257Z,buy,0.0001089,697.52,0.075959928
LUN/BTC,1583607514152,2020-03-07T18:58:34.152Z,buy,0.0001089,30.11,0.003278979
LUN/BTC,1583607514393,2020-03-07T18:58:34.393Z,buy,0.0001089,30.11,0.003278979
LUN/BTC,1583607517053,2020-03-07T18:58:37.053Z,buy,0.0001089,30.11,0.003278979
LUN/BTC,1583607533358,2020-03-07T18:58:53.358Z,buy,0.0001089,148.13,0.016131357
LUN/BTC,1583607594858,2020-03-07T18:59:54.858Z,buy,0.0001088,139.39,0.0151656319999999
LUN/BTC,1583607922149,2020-03-07T19:05:22.149Z,buy,0.0001086,169.18,0.018372948
LUN/BTC,1583607925737,2020-03-07T19:05:25.737Z,sell,0.0001082,84.22,0.009112604
LUN/BTC,1583608063922,2020-03-07T19:07:43.922Z,buy,0.0001085,145.36,0.01577156
LUN/BTC,1583608063925,2020-03-07T19:07:43.925Z,sell,0.0001084,76.86,0.008331624
LUN/BTC,1583608071309,2020-03-07T19:07:51.309Z,buy,0.0001087,22.29,0.002422923
LUN/BTC,1583608247901,2020-03-07T19:10:47.901Z,sell,0.0001083,221.05,0.023939715
LUN/BTC,1583608247908,2020-03-07T19:10:47.908Z,buy,0.0001086,207.99,0.022587714
LUN/BTC,1583608398672,2020-03-07T19:13:18.672Z,sell,0.0001082,1325.96,0.143468872
LUN/BTC,1583608542006,2020-03-07T19:15:42.006Z,buy,0.0001086,222.57,0.024171102
LUN/BTC,1583608542006,2020-03-07T19:15:42.006Z,buy,0.0001086,222.57,0.024171102
LUN/BTC,1583609291301,2020-03-07T19:28:11.301Z,buy,0.0001085,1.61,0.000174685
LUN/BTC,1583610183297,2020-03-07T19:43:03.297Z,buy,0.0001085,8.84,0.0009591399999999
LUN/BTC,1583610822972,2020-03-07T19:53:42.972Z,buy,0.0001083,111.08,0.012029964
LUN/BTC,1583610822972,2020-03-07T19:53:42.972Z,buy,0.0001084,22.36,0.002423824
LUN/BTC,1583611505356,2020-03-07T20:05:05.356Z,buy,0.0001084,2.03,0.0002200519999999
LUN/BTC,1583611505356,2020-03-07T20:05:05.356Z,buy,0.0001084,2.03,0.0002200519999999
LUN/BTC,1583612746571,2020-03-07T20:25:46.571Z,buy,0.0001084,72.0,0.0078048
LUN/BTC,1583612900737,2020-03-07T20:28:20.737Z,buy,0.0001084,376.51,0.040813684
LUN/BTC,1583613142720,2020-03-07T20:32:22.720Z,buy,0.0001083,12.39,0.001341837
LUN/BTC,1583613390619,2020-03-07T20:36:30.619Z,buy,0.0001083,90.66,0.009818478
LUN/BTC,1583613507695,2020-03-07T20:38:27.695Z,buy,0.0001083,85.52,0.0092618159999999
LUN/BTC,1583613632819,2020-03-07T20:40:32.819Z,sell,0.0001082,50.94,0.005511708
LUN/BTC,1583613664546,2020-03-07T20:41:04.546Z,sell,0.0001082,376.13,0.040697266
LUN/BTC,1583614129905,2020-03-07T20:48:49.905Z,buy,0.0001083,37.24,0.004033092
LUN/BTC,1583614586894,2020-03-07T20:56:26.894Z,buy,0.0001083,25.89,0.002803887
LUN/BTC,1583614586894,2020-03-07T20:56:26.894Z,buy,0.0001083,25.89,0.002803887
LUN/BTC,1583615347052,2020-03-07T21:09:07.052Z,sell,0.0001082,48.0,0.0051936
LUN/BTC,1583615347062,2020-03-07T21:09:07.062Z,sell,0.0001082,24.0,0.0025968
LUN/BTC,1583615350077,2020-03-07T21:09:10.077Z,sell,0.0001082,48.0,0.0051936
LUN/BTC,1583616449895,2020-03-07T21:27:29.895Z,sell,0.0001082,1824.01,0.197357882
LUN/BTC,1583616746272,2020-03-07T21:32:26.272Z,buy,0.0001083,386.4,0.04184712
LUN/BTC,1583617450692,2020-03-07T21:44:10.692Z,sell,0.0001082,39.15,0.00423603
LUN/BTC,1583617488471,2020-03-07T21:44:48.471Z,buy,0.0001083,5.37,0.000581571
LUN/BTC,1583617759677,2020-03-07T21:49:19.677Z,sell,0.0001082,19.67,0.002128294
LUN/BTC,1583618149931,2020-03-07T21:55:49.931Z,sell,0.0001082,567.98,0.061455436
LUN/BTC,1583618149931,2020-03-07T21:55:49.931Z,sell,0.0001082,567.98,0.061455436
LUN/BTC,1583619198480,2020-03-07T22:13:18.480Z,sell,0.0001082,79.53,0.008605146
LUN/BTC,1583620082845,2020-03-07T22:28:02.845Z,sell,0.0001082,96.23,0.010412086
LUN/BTC,1583620961782,2020-03-07T22:42:41.782Z,buy,0.0001077,87.42,0.009415134
LUN/BTC,1583620961785,2020-03-07T22:42:41.785Z,buy,0.000108,55.59,0.00600372
LUN/BTC,1583621015311,2020-03-07T22:43:35.311Z,sell,0.0001076,213.65,0.02298874
LUN/BTC,1583621541064,2020-03-07T22:52:21.064Z,buy,0.0001081,392.14,0.0423903339999999
LUN/BTC,1583621541064,2020-03-07T22:52:21.064Z,buy,0.0001081,392.14,0.0423903339999999
LUN/BTC,1583621926684,2020-03-07T22:58:46.684Z,buy,0.0001078,19.01,0.002049278
LUN/BTC,1583621926684,2020-03-07T22:58:46.684Z,buy,0.0001079,43.99,0.004746521
LUN/BTC,1583622008172,2020-03-07T23:00:08.172Z,buy,0.0001079,1.81,0.000195299
LUN/BTC,1583622180633,2020-03-07T23:03:00.633Z,sell,0.0001078,4.0,0.0004312
LUN/BTC,1583623205374,2020-03-07T23:20:05.374Z,buy,0.0001079,1.81,0.000195299
LUN/BTC,1583623824238,2020-03-07T23:30:24.238Z,sell,0.0001078,50.0,0.00539
LUN/BTC,1583623850248,2020-03-07T23:30:50.248Z,sell,0.0001078,16.17,0.001743126
LUN/BTC,1583623850248,2020-03-07T23:30:50.248Z,sell,0.0001075,173.49,0.018650175
LUN/BTC,1583623925426,2020-03-07T23:32:05.426Z,sell,0.0001074,397.07,0.0426453179999999
LUN/BTC,1583624680848,2020-03-07T23:44:40.848Z,sell,0.0001074,30.11,0.003233814
LUN/BTC,1583624715339,2020-03-07T23:45:15.339Z,sell,0.0001074,30.11,0.003233814
LUN/BTC,1583624728392,2020-03-07T23:45:28.392Z,sell,0.0001074,30.11,0.003233814
LUN/BTC,1583624728392,2020-03-07T23:45:28.392Z,sell,0.0001074,30.11,0.003233814
LUN/BTC,1583625154114,2020-03-07T23:52:34.114Z,sell,0.0001074,2.52,0.000270648
LUN/BTC,1583625261054,2020-03-07T23:54:21.054Z,sell,0.0001074,2.43,0.000260982
LUN/BTC,1583625292010,2020-03-07T23:54:52.010Z,buy,0.0001075,5.73,0.000615975
LUN/BTC,1583625305305,2020-03-07T23:55:05.305Z,buy,0.0001075,1.82,0.00019565
LUN/BTC,1583625322208,2020-03-07T23:55:22.208Z,sell,0.0001074,3.16,0.000339384
LUN/BTC,1583625423211,2020-03-07T23:57:03.211Z,sell,0.0001074,2.52,0.000270648
LUN/BTC,1583626203628,2020-03-08T00:10:03.628Z,sell,0.0001074,74.56,0.008007744
LUN/BTC,1583626706800,2020-03-08T00:18:26.800Z,sell,0.0001073,2.07,0.000222111
LUN/BTC,1583627043054,2020-03-08T00:24:03.054Z,buy,0.0001074,70.49,0.0075706259999999
LUN/BTC,1583627447930,2020-03-08T00:30:47.930Z,sell,0.0001073,537.98,0.057725254
LUN/BTC,1583627707941,2020-03-08T00:35:07.941Z,sell,0.0001073,1.07,0.000114811
LUN/BTC,1583627707958,2020-03-08T00:35:07.958Z,sell,0.0001073,32.59,0.003496907
LUN/BTC,1583627707958,2020-03-08T00:35:07.958Z,sell,0.0001073,32.59,0.003496907
LUN/BTC,1583628373296,2020-03-08T00:46:13.296Z,sell,0.0001073,77.64,0.008330772
LUN/BTC,1583628460141,2020-03-08T00:47:40.141Z,buy,0.0001074,200.0,0.02148
LUN/BTC,1583628828572,2020-03-08T00:53:48.572Z,buy,0.0001074,2.32,0.0002491679999999
LUN/BTC,1583629498755,2020-03-08T01:04:58.755Z,sell,0.0001073,876.47,0.094045231
LUN/BTC,1583629505716,2020-03-08T01:05:05.716Z,sell,0.0001073,678.6,0.07281378
LUN/BTC,1583630714834,2020-03-08T01:25:14.834Z,buy,0.0001072,2.7,0.00028944
LUN/BTC,1583631142485,2020-03-08T01:32:22.485Z,sell,0.0001071,156.49,0.016760079
LUN/BTC,1583631182512,2020-03-08T01:33:02.512Z,sell,0.0001069,16.65,0.0017798849999999
LUN/BTC,1583631182512,2020-03-08T01:33:02.512Z,sell,0.0001066,157.52,0.016791632
LUN/BTC,1583631182512,2020-03-08T01:33:02.512Z,sell,0.0001065,292.02,0.0311001299999999
LUN/BTC,1583631182512,2020-03-08T01:33:02.512Z,sell,0.0001064,116.08,0.012350912
LUN/BTC,1583631182837,2020-03-08T01:33:02.837Z,buy,0.0001064,0.94,0.0001000159999999
LUN/BTC,1583631228056,2020-03-08T01:33:48.056Z,buy,0.0001064,824.65,0.0877427599999999
LUN/BTC,1583631228152,2020-03-08T01:33:48.152Z,buy,0.0001064,447.86,0.047652304
LUN/BTC,1583631231500,2020-03-08T01:33:51.500Z,buy,0.0001064,939.84,0.099998976
LUN/BTC,1583631231500,2020-03-08T01:33:51.500Z,buy,0.0001064,939.84,0.099998976
LUN/BTC,1583631308859,2020-03-08T01:35:08.859Z,buy,0.0001064,0.94,0.0001000159999999
LUN/BTC,1583631310570,2020-03-08T01:35:10.570Z,buy,0.0001064,31.85,0.00338884
LUN/BTC,1583631311809,2020-03-08T01:35:11.809Z,buy,0.0001064,1.07,0.000113848
LUN/BTC,1583631429234,2020-03-08T01:37:09.234Z,buy,0.0001064,2.82,0.0003000479999999
LUN/BTC,1583631516383,2020-03-08T01:38:36.383Z,buy,0.0001064,28.19,0.002999416
LUN/BTC,1583631529721,2020-03-08T01:38:49.721Z,buy,0.0001064,1.88,0.0002000319999999
LUN/BTC,1583631576795,2020-03-08T01:39:36.795Z,buy,0.0001064,9.41,0.001001224
LUN/BTC,1583631577235,2020-03-08T01:39:37.235Z,buy,0.0001064,2.81,0.000298984
LUN/BTC,1583631579126,2020-03-08T01:39:39.126Z,buy,0.0001064,1.88,0.0002000319999999
LUN/BTC,1583631583747,2020-03-08T01:39:43.747Z,buy,0.0001064,14.08,0.001498112
LUN/BTC,1583631612114,2020-03-08T01:40:12.114Z,buy,0.0001064,28.2,0.00300048
LUN/BTC,1583631646134,2020-03-08T01:40:46.134Z,buy,0.0001064,23.5,0.0025004
LUN/BTC,1583631648726,2020-03-08T01:40:48.726Z,buy,0.0001064,25.15,0.00267596
LUN/BTC,1583631702164,2020-03-08T01:41:42.164Z,sell,0.0001063,1.79,0.000190277
LUN/BTC,1583631775191,2020-03-08T01:42:55.191Z,sell,0.0001063,2.38,0.000252994
LUN/BTC,1583631845583,2020-03-08T01:44:05.583Z,buy,0.0001064,9.39,0.000999096
LUN/BTC,1583631908979,2020-03-08T01:45:08.979Z,sell,0.0001063,307.76,0.032714888
LUN/BTC,1583632061517,2020-03-08T01:47:41.517Z,sell,0.0001062,46.79,0.004969098
LUN/BTC,1583632071944,2020-03-08T01:47:51.944Z,sell,0.0001061,54.84,0.005818524
LUN/BTC,1583632073691,2020-03-08T01:47:53.691Z,buy,0.0001062,5.16,0.000547992
LUN/BTC,1583632074058,2020-03-08T01:47:54.058Z,buy,0.0001062,51.69,0.005489478
LUN/BTC,1583632153240,2020-03-08T01:49:13.240Z,sell,0.000106,4.0,0.000424
LUN/BTC,1583632153240,2020-03-08T01:49:13.240Z,sell,0.000106,99.9,0.0105894
LUN/BTC,1583632224323,2020-03-08T01:50:24.323Z,buy,0.0001062,51.78,0.005499036
LUN/BTC,1583632224364,2020-03-08T01:50:24.364Z,buy,0.0001062,5.17,0.000549054
LUN/BTC,1583632397846,2020-03-08T01:53:17.846Z,sell,0.000106,8.46,0.00089676
LUN/BTC,1583632410380,2020-03-08T01:53:30.380Z,sell,0.0001059,11.36,0.001203024
LUN/BTC,1583632410380,2020-03-08T01:53:30.380Z,sell,0.0001058,18.9,0.0019996199999999
LUN/BTC,1583632410380,2020-03-08T01:53:30.380Z,sell,0.0001057,1.06,0.000112042
LUN/BTC,1583632410380,2020-03-08T01:53:30.380Z,sell,0.0001056,45.0,0.004752
LUN/BTC,1583632410380,2020-03-08T01:53:30.380Z,sell,0.0001055,235.94,0.02489167
LUN/BTC,1583632410380,2020-03-08T01:53:30.380Z,sell,0.0001055,491.38,0.05184059
LUN/BTC,1583632420910,2020-03-08T01:53:40.910Z,buy,0.000106,66.28,0.00702568
LUN/BTC,1583632431664,2020-03-08T01:53:51.664Z,sell,0.0001055,2.32,0.00024476
LUN/BTC,1583632432076,2020-03-08T01:53:52.076Z,sell,0.0001055,22.72,0.00239696
LUN/BTC,1583632496660,2020-03-08T01:54:56.660Z,buy,0.0001056,1.56,0.000164736
LUN/BTC,1583632508977,2020-03-08T01:55:08.977Z,buy,0.0001056,0.95,0.00010032
LUN/BTC,1583632930486,2020-03-08T02:02:10.486Z,buy,0.0001056,8.47,0.000894432
LUN/BTC,1583632987150,2020-03-08T02:03:07.150Z,buy,0.0001056,343.63,0.036287328
LUN/BTC,1583633019265,2020-03-08T02:03:39.265Z,buy,0.0001056,1.53,0.000161568
LUN/BTC,1583633349302,2020-03-08T02:09:09.302Z,buy,0.0001056,67.69,0.007148064
LUN/BTC,1583633391495,2020-03-08T02:09:51.495Z,buy,0.0001058,37.56,0.003973848
LUN/BTC,1583633391495,2020-03-08T02:09:51.495Z,buy,0.0001059,162.44,0.017202396
LUN/BTC,1583633405099,2020-03-08T02:10:05.099Z,buy,0.0001059,1.85,0.000195915
LUN/BTC,1583633440037,2020-03-08T02:10:40.037Z,buy,0.0001057,53.37,0.0056412089999999
LUN/BTC,1583633503992,2020-03-08T02:11:43.992Z,buy,0.0001058,8.17,0.000864386
LUN/BTC,1583633613242,2020-03-08T02:13:33.242Z,buy,0.0001057,96.61,0.0102116769999999
LUN/BTC,1583633843441,2020-03-08T02:17:23.441Z,buy,0.0001057,138.28,0.014616196
LUN/BTC,1583633918024,2020-03-08T02:18:38.024Z,buy,0.0001057,1.9,0.0002008299999999
LUN/BTC,1583633923846,2020-03-08T02:18:43.846Z,buy,0.0001057,19.57,0.002068549
LUN/BTC,1583633923846,2020-03-08T02:18:43.846Z,buy,0.0001057,19.57,0.002068549
LUN/BTC,1583634913302,2020-03-08T02:35:13.302Z,buy,0.0001057,1.02,0.000107814
LUN/BTC,1583635673335,2020-03-08T02:47:53.335Z,buy,0.0001057,16.03,0.001694371
LUN/BTC,1583636530154,2020-03-08T03:02:10.154Z,buy,0.0001057,2676.97,0.282955729
LUN/BTC,1583637085325,2020-03-08T03:11:25.325Z,buy,0.0001057,4.9,0.00051793
LUN/BTC,1583637256590,2020-03-08T03:14:16.590Z,buy,0.0001057,53.52,0.005657064
LUN/BTC,1583637256590,2020-03-08T03:14:16.590Z,buy,0.0001057,53.52,0.005657064
LUN/BTC,1583637534931,2020-03-08T03:18:54.931Z,buy,0.0001058,37.85,0.00400453
LUN/BTC,1583637599423,2020-03-08T03:19:59.423Z,sell,0.0001056,0.31,3.2736e-05
LUN/BTC,1583637599423,2020-03-08T03:19:59.423Z,sell,0.0001055,39.65,0.004183075
LUN/BTC,1583638072423,2020-03-08T03:27:52.423Z,buy,0.0001057,212.11,0.022420027
LUN/BTC,1583639173867,2020-03-08T03:46:13.867Z,buy,0.0001057,50.04,0.005289228
LUN/BTC,1583639645509,2020-03-08T03:54:05.509Z,sell,0.0001056,17.42,0.001839552
LUN/BTC,1583639992188,2020-03-08T03:59:52.188Z,buy,0.0001057,50.0,0.005285
LUN/BTC,1583640308218,2020-03-08T04:05:08.218Z,buy,0.0001057,1.14,0.0001204979999999
LUN/BTC,1583640652180,2020-03-08T04:10:52.180Z,buy,0.0001057,1.9,0.0002008299999999
LUN/BTC,1583640652180,2020-03-08T04:10:52.180Z,buy,0.0001057,1.9,0.0002008299999999
LUN/BTC,1583641551058,2020-03-08T04:25:51.058Z,buy,0.0001057,9.46,0.000999922
LUN/BTC,1583642655342,2020-03-08T04:44:15.342Z,buy,0.0001057,23.67,0.002501919
LUN/BTC,1583643792250,2020-03-08T05:03:12.250Z,buy,0.0001057,18.92,0.001999844
LUN/BTC,1583643792250,2020-03-08T05:03:12.250Z,buy,0.0001057,18.92,0.001999844
LUN/BTC,1583646415665,2020-03-08T05:46:55.665Z,sell,0.0001056,55.42,0.005852352
LUN/BTC,1583646566361,2020-03-08T05:49:26.361Z,buy,0.0001057,6.2,0.00065534
LUN/BTC,1583646583136,2020-03-08T05:49:43.136Z,buy,0.0001057,4.95,0.0005232149999999
LUN/BTC,1583646591286,2020-03-08T05:49:51.286Z,buy,0.0001057,6.2,0.00065534
LUN/BTC,1583646591286,2020-03-08T05:49:51.286Z,buy,0.0001057,6.2,0.00065534
LUN/BTC,1583648038410,2020-03-08T06:13:58.410Z,sell,0.0001056,400.65,0.04230864
LUN/BTC,1583648575958,2020-03-08T06:22:55.958Z,buy,0.0001056,67.89,0.007169184
LUN/BTC,1583649209960,2020-03-08T06:33:29.960Z,buy,0.0001056,1.0,0.0001056
LUN/BTC,1583649305292,2020-03-08T06:35:05.292Z,sell,0.0001055,1.17,0.000123435
LUN/BTC,1583649726833,2020-03-08T06:42:06.833Z,buy,0.0001056,128.02,0.013518912
LUN/BTC,1583649726833,2020-03-08T06:42:06.833Z,buy,0.0001056,128.02,0.013518912
LUN/BTC,1583650519547,2020-03-08T06:55:19.547Z,sell,0.0001055,9.55,0.001007525
LUN/BTC,1583651093516,2020-03-08T07:04:53.516Z,sell,0.0001055,5.0,0.0005275
LUN/BTC,1583652305576,2020-03-08T07:25:05.576Z,buy,0.0001056,1.85,0.00019536
LUN/BTC,1583652507750,2020-03-08T07:28:27.750Z,buy,0.0001056,59.18,0.006249408
LUN/BTC,1583652533696,2020-03-08T07:28:53.696Z,sell,0.0001055,179.0,0.0188845
LUN/BTC,1583652533696,2020-03-08T07:28:53.696Z,sell,0.0001055,179.0,0.0188845
LUN/BTC,1583654596682,2020-03-08T08:03:16.682Z,sell,0.0001055,1426.58,0.15050419
LUN/BTC,1583654596682,2020-03-08T08:03:16.682Z,sell,0.0001054,30.83,0.0032494819999999
LUN/BTC,1583654596682,2020-03-08T08:03:16.682Z,sell,0.0001053,25.36,0.002670408
LUN/BTC,1583654596682,2020-03-08T08:03:16.682Z,sell,0.0001052,180.67,0.0190064839999999
LUN/BTC,1583654596682,2020-03-08T08:03:16.682Z,sell,0.0001051,432.48,0.045453648
LUN/BTC,1583654596682,2020-03-08T08:03:16.682Z,sell,0.000105,807.18,0.0847539
LUN/BTC,1583654596682,2020-03-08T08:03:16.682Z,sell,0.0001049,78.73,0.008258777
LUN/BTC,1583654596682,2020-03-08T08:03:16.682Z,sell,0.0001049,58.49,0.006135601
LUN/BTC,1583654596682,2020-03-08T08:03:16.682Z,sell,0.0001049,16.43,0.001723507
LUN/BTC,1583654596682,2020-03-08T08:03:16.682Z,sell,0.0001048,8.16,0.000855168
LUN/BTC,1583654596682,2020-03-08T08:03:16.682Z,sell,0.0001047,2.79,0.000292113
LUN/BTC,1583654596816,2020-03-08T08:03:16.816Z,buy,0.0001047,125.01,0.013088547
LUN/BTC,1583654597620,2020-03-08T08:03:17.620Z,buy,0.0001047,27.87,0.002917989
LUN/BTC,1583654599781,2020-03-08T08:03:19.781Z,sell,0.0001047,167.92,0.017581224
LUN/BTC,1583654599913,2020-03-08T08:03:19.913Z,buy,0.0001048,20.86,0.002186128
LUN/BTC,1583654600231,2020-03-08T08:03:20.231Z,buy,0.000105,28.94,0.0030387
LUN/BTC,1583654601092,2020-03-08T08:03:21.092Z,sell,0.0001048,4.95,0.00051876
LUN/BTC,1583654603137,2020-03-08T08:03:23.137Z,sell,0.0001048,259.94,0.027241712
LUN/BTC,1583654604245,2020-03-08T08:03:24.245Z,sell,0.0001046,17.68,0.001849328
LUN/BTC,1583654606203,2020-03-08T08:03:26.203Z,sell,0.0001046,201.13,0.0210381979999999
LUN/BTC,1583654609105,2020-03-08T08:03:29.105Z,sell,0.0001047,1.51,0.000158097
LUN/BTC,1583654609105,2020-03-08T08:03:29.105Z,sell,0.0001046,22.17,0.002318982
LUN/BTC,1583654609116,2020-03-08T08:03:29.116Z,buy,0.0001048,37.88,0.003969824
LUN/BTC,1583654653204,2020-03-08T08:04:13.204Z,sell,0.0001046,4.0,0.0004184
LUN/BTC,1583654681706,2020-03-08T08:04:41.706Z,sell,0.0001046,1276.51,0.133522946
LUN/BTC,1583654681958,2020-03-08T08:04:41.958Z,buy,0.0001046,51.1,0.00534506
LUN/BTC,1583654708951,2020-03-08T08:05:08.951Z,sell,0.0001045,491.42,0.05135339
LUN/BTC,1583654708951,2020-03-08T08:05:08.951Z,sell,0.0001044,66.37,0.006929028
LUN/BTC,1583654708951,2020-03-08T08:05:08.951Z,sell,0.0001043,725.18,0.0756362739999999
LUN/BTC,1583654708951,2020-03-08T08:05:08.951Z,sell,0.0001042,792.25,0.08255245
LUN/BTC,1583654708951,2020-03-08T08:05:08.951Z,sell,0.0001041,251.99,0.026232159
LUN/BTC,1583654708951,2020-03-08T08:05:08.951Z,sell,0.000104,848.73,0.08826792
LUN/BTC,1583654709133,2020-03-08T08:05:09.133Z,buy,0.000104,0.96,9.984e-05
LUN/BTC,1583654710626,2020-03-08T08:05:10.626Z,buy,0.000104,1089.53,0.1133111199999999
LUN/BTC,1583654710626,2020-03-08T08:05:10.626Z,buy,0.0001046,542.49,0.056744454
LUN/BTC,1583654712836,2020-03-08T08:05:12.836Z,sell,0.0001046,221.61,0.023180406
LUN/BTC,1583654720644,2020-03-08T08:05:20.644Z,sell,0.0001041,28.01,0.002915841
LUN/BTC,1583654745511,2020-03-08T08:05:45.511Z,buy,0.0001046,200.0,0.0209199999999999
LUN/BTC,1583654769093,2020-03-08T08:06:09.093Z,sell,0.0001043,50.0,0.005215
LUN/BTC,1583654898682,2020-03-08T08:08:18.682Z,buy,0.0001045,9.57,0.001000065
LUN/BTC,1583654906398,2020-03-08T08:08:26.398Z,buy,0.0001045,9.57,0.001000065
LUN/BTC,1583655145201,2020-03-08T08:12:25.201Z,sell,0.0001044,22.45,0.00234378
LUN/BTC,1583655328462,2020-03-08T08:15:28.462Z,buy,0.0001045,20.08,0.00209836
LUN/BTC,1583655528571,2020-03-08T08:18:48.571Z,buy,0.0001044,8.06,0.000841464
LUN/BTC,1583655618933,2020-03-08T08:20:18.933Z,buy,0.0001044,2.12,0.000221328
LUN/BTC,1583655769273,2020-03-08T08:22:49.273Z,buy,0.0001043,91.58,0.009551794
LUN/BTC,1583655769277,2020-03-08T08:22:49.277Z,sell,0.0001041,97.49,0.0101487089999999
LUN/BTC,1583655903550,2020-03-08T08:25:03.550Z,sell,0.0001041,0.97,0.0001009769999999
LUN/BTC,1583656064768,2020-03-08T08:27:44.768Z,buy,0.0001041,200.0,0.0208199999999999
LUN/BTC,1583656064768,2020-03-08T08:27:44.768Z,buy,0.0001041,200.0,0.0208199999999999
LUN/BTC,1583656216957,2020-03-08T08:30:16.957Z,buy,0.0001041,51.84,0.005396544
LUN/BTC,1583656247925,2020-03-08T08:30:47.925Z,buy,0.0001041,287.9,0.0299703899999999
LUN/BTC,1583656357675,2020-03-08T08:32:37.675Z,buy,0.0001041,1.93,0.000200913
LUN/BTC,1583656457614,2020-03-08T08:34:17.614Z,buy,0.0001041,550.74,0.057332034
LUN/BTC,1583656505046,2020-03-08T08:35:05.046Z,buy,0.0001041,1.88,0.0001957079999999
LUN/BTC,1583656520907,2020-03-08T08:35:20.907Z,buy,0.0001041,1.56,0.000162396
LUN/BTC,1583656660643,2020-03-08T08:37:40.643Z,buy,0.0001041,78.41,0.008162481
LUN/BTC,1583656824003,2020-03-08T08:40:24.003Z,buy,0.0001041,5.28,0.000549648
LUN/BTC,1583656824066,2020-03-08T08:40:24.066Z,buy,0.0001041,52.83,0.005499603
LUN/BTC,1583656885476,2020-03-08T08:41:25.476Z,buy,0.0001041,2.39,0.000248799
LUN/BTC,1583657143057,2020-03-08T08:45:43.057Z,buy,0.0001041,287.9,0.0299703899999999
LUN/BTC,1583657143074,2020-03-08T08:45:43.074Z,buy,0.0001041,617.24,0.0642546839999999
LUN/BTC,1583657289518,2020-03-08T08:48:09.518Z,buy,0.0001041,3403.22,0.3542752019999999
LUN/BTC,1583657363223,2020-03-08T08:49:23.223Z,buy,0.0001041,9.63,0.001002483
LUN/BTC,1583657479134,2020-03-08T08:51:19.134Z,buy,0.0001041,10.0,0.001041
LUN/BTC,1583657555387,2020-03-08T08:52:35.387Z,sell,0.000104,241.15,0.0250796
LUN/BTC,1583657577573,2020-03-08T08:52:57.573Z,buy,0.0001041,397.85,0.041416185
LUN/BTC,1583657577862,2020-03-08T08:52:57.862Z,buy,0.0001041,31.49,0.0032781089999999
LUN/BTC,1583657582723,2020-03-08T08:53:02.723Z,buy,0.0001041,19.08,0.0019862279999999
LUN/BTC,1583658061057,2020-03-08T09:01:01.057Z,buy,0.0001041,85.92,0.008944272
LUN/BTC,1583658277062,2020-03-08T09:04:37.062Z,sell,0.000104,171.16,0.01780064
LUN/BTC,1583658277062,2020-03-08T09:04:37.062Z,sell,0.0001039,28.84,0.002996476
LUN/BTC,1583658506867,2020-03-08T09:08:26.867Z,buy,0.0001039,104.6,0.01086794
LUN/BTC,1583658688674,2020-03-08T09:11:28.674Z,buy,0.000104,39.36,0.0040934399999999
LUN/BTC,1583658732372,2020-03-08T09:12:12.372Z,buy,0.000104,30.98,0.0032219199999999
LUN/BTC,1583658853798,2020-03-08T09:14:13.798Z,buy,0.0001039,200.55,0.020837145
LUN/BTC,1583659135882,2020-03-08T09:18:55.882Z,buy,0.000104,1.58,0.00016432
LUN/BTC,1583659452621,2020-03-08T09:24:12.621Z,buy,0.000104,3629.26,0.37744304
LUN/BTC,1583659452638,2020-03-08T09:24:12.638Z,buy,0.000104,77.33,0.0080423199999999
LUN/BTC,1583659494230,2020-03-08T09:24:54.230Z,sell,0.0001039,78.08,0.008112512
LUN/BTC,1583659494230,2020-03-08T09:24:54.230Z,sell,0.0001039,78.08,0.008112512
LUN/BTC,1583659782346,2020-03-08T09:29:42.346Z,sell,0.0001038,39.3,0.00407934
LUN/BTC,1583660534352,2020-03-08T09:42:14.352Z,buy,0.000104,249.39,0.0259365599999999
LUN/BTC,1583660610171,2020-03-08T09:43:30.171Z,sell,0.0001039,239.62,0.024896518
LUN/BTC,1583660643678,2020-03-08T09:44:03.678Z,buy,0.000104,1852.87,0.1926984799999999
LUN/BTC,1583660650867,2020-03-08T09:44:10.867Z,sell,0.000104,131.71,0.01369784
LUN/BTC,1583660908557,2020-03-08T09:48:28.557Z,buy,0.0001041,76.88,0.008003208
LUN/BTC,1583660928155,2020-03-08T09:48:48.155Z,buy,0.0001042,187.84,0.019572928
LUN/BTC,1583661081849,2020-03-08T09:51:21.849Z,buy,0.0001042,312.66,0.032579172
LUN/BTC,1583661224275,2020-03-08T09:53:44.275Z,buy,0.0001045,156.01,0.016303045
LUN/BTC,1583661274199,2020-03-08T09:54:34.199Z,sell,0.0001041,8.0,0.0008328
LUN/BTC,1583661302150,2020-03-08T09:55:02.150Z,buy,0.0001045,48.19,0.005035855
LUN/BTC,1583661401703,2020-03-08T09:56:41.703Z,buy,0.0001045,1291.52,0.13496384
LUN/BTC,1583661447600,2020-03-08T09:57:27.600Z,buy,0.0001046,227.4,0.0237860399999999
LUN/BTC,1583661447601,2020-03-08T09:57:27.601Z,buy,0.0001047,215.47,0.022559709
LUN/BTC,1583661855958,2020-03-08T10:04:15.958Z,sell,0.0001045,847.87,0.088602415
LUN/BTC,1583661859235,2020-03-08T10:04:19.235Z,buy,0.0001046,148.19,0.0155006739999999
LUN/BTC,1583661859235,2020-03-08T10:04:19.235Z,buy,0.0001046,148.19,0.0155006739999999
LUN/BTC,1583663343565,2020-03-08T10:29:03.565Z,sell,0.0001045,85.83,0.008969235
LUN/BTC,1583663722221,2020-03-08T10:35:22.221Z,buy,0.0001046,3.99,0.000417354
LUN/BTC,1583663732091,2020-03-08T10:35:32.091Z,buy,0.0001046,50.57,0.005289622
LUN/BTC,1583665404666,2020-03-08T11:03:24.666Z,sell,0.0001045,1.55,0.000161975
LUN/BTC,1583665404666,2020-03-08T11:03:24.666Z,sell,0.0001045,1.55,0.000161975
LUN/BTC,1583665981611,2020-03-08T11:13:01.611Z,sell,0.0001045,2.85,0.000297825
LUN/BTC,1583666017067,2020-03-08T11:13:37.067Z,buy,0.0001046,23.92,0.002502032
LUN/BTC,1583666017106,2020-03-08T11:13:37.106Z,buy,0.0001046,2.35,0.00024581
LUN/BTC,1583666363092,2020-03-08T11:19:23.092Z,sell,0.0001045,2265.0,0.2366925
LUN/BTC,1583667639341,2020-03-08T11:40:39.341Z,sell,0.0001045,7.99,0.000834955
LUN/BTC,1583668506521,2020-03-08T11:55:06.521Z,sell,0.0001045,47.09,0.004920905
LUN/BTC,1583668510169,2020-03-08T11:55:10.169Z,buy,0.0001045,1.05,0.000109725
LUN/BTC,1583668510169,2020-03-08T11:55:10.169Z,buy,0.0001046,21.02,0.002198692
LUN/BTC,1583668510839,2020-03-08T11:55:10.839Z,buy,0.0001046,14.74,0.001541804
LUN/BTC,1583668511394,2020-03-08T11:55:11.394Z,buy,0.0001046,339.04,0.035463584
LUN/BTC,1583668512309,2020-03-08T11:55:12.309Z,buy,0.0001046,31.46,0.003290716
LUN/BTC,1583668512437,2020-03-08T11:55:12.437Z,buy,0.0001046,1.32,0.000138072
LUN/BTC,1583668512472,2020-03-08T11:55:12.472Z,buy,0.0001046,37.43,0.003915178
LUN/BTC,1583668512485,2020-03-08T11:55:12.485Z,buy,0.0001046,12.2,0.00127612
LUN/BTC,1583668512494,2020-03-08T11:55:12.494Z,buy,0.0001046,37.57,0.0039298219999999
LUN/BTC,1583668512500,2020-03-08T11:55:12.500Z,buy,0.0001046,18.27,0.001911042
LUN/BTC,1583668513068,2020-03-08T11:55:13.068Z,buy,0.0001046,37.81,0.003954926
LUN/BTC,1583668514214,2020-03-08T11:55:14.214Z,buy,0.0001046,63.62,0.006654652
LUN/BTC,1583668514233,2020-03-08T11:55:14.233Z,buy,0.0001046,15.17,0.001586782
LUN/BTC,1583668514465,2020-03-08T11:55:14.465Z,buy,0.0001046,246.74,0.025809004
LUN/BTC,1583668514691,2020-03-08T11:55:14.691Z,buy,0.0001046,1.1,0.00011506
LUN/BTC,1583668514801,2020-03-08T11:55:14.801Z,buy,0.0001046,5.24,0.000548104
LUN/BTC,1583668514845,2020-03-08T11:55:14.845Z,buy,0.0001046,40.1,0.00419446
LUN/BTC,1583668514888,2020-03-08T11:55:14.888Z,buy,0.0001046,34.68,0.0036275279999999
LUN/BTC,1583668514975,2020-03-08T11:55:14.975Z,buy,0.0001046,30.94,0.003236324
LUN/BTC,1583668515504,2020-03-08T11:55:15.504Z,buy,0.0001046,32.79,0.0034298339999999
LUN/BTC,1583668515532,2020-03-08T11:55:15.532Z,buy,0.0001046,13.78,0.0014413879999999
LUN/BTC,1583668516206,2020-03-08T11:55:16.206Z,buy,0.0001046,152.6,0.0159619599999999
LUN/BTC,1583668516280,2020-03-08T11:55:16.280Z,buy,0.0001046,10.73,0.001122358
LUN/BTC,1583668516302,2020-03-08T11:55:16.302Z,buy,0.0001046,17.92,0.001874432
LUN/BTC,1583668516728,2020-03-08T11:55:16.728Z,buy,0.0001046,11.5,0.0012029
LUN/BTC,1583668517063,2020-03-08T11:55:17.063Z,buy,0.0001046,83.45,0.00872887
LUN/BTC,1583668517230,2020-03-08T11:55:17.230Z,buy,0.0001046,1087.94,0.113798524
LUN/BTC,1583668517591,2020-03-08T11:55:17.591Z,buy,0.0001047,20.91,0.002189277
LUN/BTC,1583668517680,2020-03-08T11:55:17.680Z,buy,0.0001047,23.86,0.002498142
LUN/BTC,1583668518378,2020-03-08T11:55:18.378Z,buy,0.0001047,75.97,0.007954059
LUN/BTC,1583668518570,2020-03-08T11:55:18.570Z,buy,0.0001047,8.07,0.000844929
LUN/BTC,1583668519672,2020-03-08T11:55:19.672Z,buy,0.0001047,6.11,0.000639717
LUN/BTC,1583668520433,2020-03-08T11:55:20.433Z,buy,0.0001047,41.7,0.00436599
LUN/BTC,1583668520433,2020-03-08T11:55:20.433Z,buy,0.0001047,8.83,0.000924501
LUN/BTC,1583668520433,2020-03-08T11:55:20.433Z,buy,0.0001048,70.53,0.007391544
LUN/BTC,1583668522410,2020-03-08T11:55:22.410Z,buy,0.0001049,10.83,0.001136067
LUN/BTC,1583668522921,2020-03-08T11:55:22.921Z,buy,0.0001049,2.86,0.000300014
LUN/BTC,1583668523024,2020-03-08T11:55:23.024Z,buy,0.0001049,2.86,0.000300014
LUN/BTC,1583668531241,2020-03-08T11:55:31.241Z,buy,0.0001051,389.73,0.040960623
LUN/BTC,1583668535834,2020-03-08T11:55:35.834Z,buy,0.0001052,64.45,0.00678014
LUN/BTC,1583668555314,2020-03-08T11:55:55.314Z,sell,0.0001047,40.82,0.004273854
LUN/BTC,1583668768026,2020-03-08T11:59:28.026Z,buy,0.000105,27.88,0.0029274
LUN/BTC,1583668768031,2020-03-08T11:59:28.031Z,buy,0.000105,8.38,0.0008799
LUN/BTC,1583668810670,2020-03-08T12:00:10.670Z,sell,0.000105,27.88,0.0029274
LUN/BTC,1583668810670,2020-03-08T12:00:10.670Z,sell,0.000105,27.88,0.0029274
LUN/BTC,1583669115079,2020-03-08T12:05:15.079Z,sell,0.0001047,30.43,0.003186021
LUN/BTC,1583669115659,2020-03-08T12:05:15.659Z,sell,0.0001047,2.7,0.00028269
LUN/BTC,1583669134477,2020-03-08T12:05:34.477Z,sell,0.0001047,31.81,0.003330507
LUN/BTC,1583669171815,2020-03-08T12:06:11.815Z,sell,0.0001047,22.2,0.00232434
LUN/BTC,1583669402925,2020-03-08T12:10:02.925Z,sell,0.0001046,77.86,0.008144156
LUN/BTC,1583669414314,2020-03-08T12:10:14.314Z,buy,0.0001047,150.0,0.015705
LUN/BTC,1583669549953,2020-03-08T12:12:29.953Z,buy,0.0001047,94.88,0.0099339359999999
LUN/BTC,1583669731070,2020-03-08T12:15:31.070Z,sell,0.0001045,94.79,0.009905555
LUN/BTC,1583669736363,2020-03-08T12:15:36.363Z,sell,0.0001045,100.0,0.01045
LUN/BTC,1583670010498,2020-03-08T12:20:10.498Z,sell,0.0001045,100.0,0.01045
LUN/BTC,1583670370610,2020-03-08T12:26:10.610Z,buy,0.0001046,40.16,0.0042007359999999
LUN/BTC,1583670431039,2020-03-08T12:27:11.039Z,sell,0.0001045,656.08,0.06856036
LUN/BTC,1583670641535,2020-03-08T12:30:41.535Z,buy,0.0001046,9.57,0.001001022
LUN/BTC,1583671324958,2020-03-08T12:42:04.958Z,sell,0.0001041,2.86,0.000297726
LUN/BTC,1583671327385,2020-03-08T12:42:07.385Z,sell,0.0001041,2.86,0.000297726
LUN/BTC,1583671374437,2020-03-08T12:42:54.437Z,sell,0.0001041,103.15,0.010737915
LUN/BTC,1583671402631,2020-03-08T12:43:22.631Z,sell,0.0001041,0.97,0.0001009769999999
LUN/BTC,1583671402631,2020-03-08T12:43:22.631Z,sell,0.0001039,1.06,0.000110134
LUN/BTC,1583671402631,2020-03-08T12:43:22.631Z,sell,0.0001038,29.46,0.003057948
LUN/BTC,1583671876416,2020-03-08T12:51:16.416Z,buy,0.0001039,43.89,0.004560171
LUN/BTC,1583671941991,2020-03-08T12:52:21.991Z,sell,0.0001041,514.13,0.053520933
LUN/BTC,1583672043636,2020-03-08T12:54:03.636Z,buy,0.0001043,302.68,0.031569524
LUN/BTC,1583672139583,2020-03-08T12:55:39.583Z,sell,0.0001038,64.68,0.006713784
LUN/BTC,1583672153297,2020-03-08T12:55:53.297Z,sell,0.0001037,4.0,0.0004148
LUN/BTC,1583672174337,2020-03-08T12:56:14.337Z,sell,0.0001036,43.67,0.004524212
LUN/BTC,1583672174337,2020-03-08T12:56:14.337Z,sell,0.0001035,8.74,0.0009045899999999
LUN/BTC,1583672174337,2020-03-08T12:56:14.337Z,sell,0.0001034,51.34,0.005308556
LUN/BTC,1583672174337,2020-03-08T12:56:14.337Z,sell,0.0001033,300.24,0.031014792
LUN/BTC,1583672174337,2020-03-08T12:56:14.337Z,sell,0.0001032,114.51,0.011817432
LUN/BTC,1583672174337,2020-03-08T12:56:14.337Z,sell,0.0001031,100.0,0.01031
LUN/BTC,1583672174337,2020-03-08T12:56:14.337Z,sell,0.000103,219.51,0.02260953
LUN/BTC,1583672174337,2020-03-08T12:56:14.337Z,sell,0.0001029,120.04,0.012352116
LUN/BTC,1583672174337,2020-03-08T12:56:14.337Z,sell,0.0001028,11.45,0.00117706
LUN/BTC,1583672174337,2020-03-08T12:56:14.337Z,sell,0.0001027,20.55,0.002110485
LUN/BTC,1583672174337,2020-03-08T12:56:14.337Z,sell,0.0001026,131.73,0.0135154979999999
LUN/BTC,1583672174337,2020-03-08T12:56:14.337Z,sell,0.0001025,53.69,0.005503225
LUN/BTC,1583672174364,2020-03-08T12:56:14.364Z,sell,0.0001025,328.8,0.033702
LUN/BTC,1583672174495,2020-03-08T12:56:14.495Z,buy,0.0001027,15.0,0.0015405
LUN/BTC,1583672185663,2020-03-08T12:56:25.663Z,sell,0.0001025,4.95,0.000507375
LUN/BTC,1583672187401,2020-03-08T12:56:27.401Z,buy,0.0001028,22.29,0.002291412
LUN/BTC,1583672187401,2020-03-08T12:56:27.401Z,buy,0.0001031,17.0,0.0017527
LUN/BTC,1583672187401,2020-03-08T12:56:27.401Z,buy,0.0001032,40.61,0.004190952
LUN/BTC,1583672193190,2020-03-08T12:56:33.190Z,sell,0.0001025,19.55,0.002003875
LUN/BTC,1583672193912,2020-03-08T12:56:33.912Z,buy,0.0001032,11.0,0.0011352
LUN/BTC,1583672220769,2020-03-08T12:57:00.769Z,sell,0.0001028,33.94,0.003489032
LUN/BTC,1583672227804,2020-03-08T12:57:07.804Z,sell,0.0001028,26.3,0.00270364
LUN/BTC,1583672227804,2020-03-08T12:57:07.804Z,sell,0.0001025,25.58,0.0026219499999999
LUN/BTC,1583672229994,2020-03-08T12:57:09.994Z,sell,0.0001026,4.0,0.0004104
LUN/BTC,1583672229994,2020-03-08T12:57:09.994Z,sell,0.0001026,4.0,0.0004104
LUN/BTC,1583672589423,2020-03-08T13:03:09.423Z,buy,0.0001032,3.24,0.000334368
LUN/BTC,1583672590130,2020-03-08T13:03:10.130Z,buy,0.0001032,3.52,0.000363264
LUN/BTC,1583672592438,2020-03-08T13:03:12.438Z,buy,0.0001032,696.21,0.071848872
LUN/BTC,1583672597647,2020-03-08T13:03:17.647Z,buy,0.0001032,3.01,0.000310632
LUN/BTC,1583673221636,2020-03-08T13:13:41.636Z,buy,0.0001035,106.9,0.01106415
LUN/BTC,1583673221636,2020-03-08T13:13:41.636Z,buy,0.0001036,492.45,0.05101782
LUN/BTC,1583673221636,2020-03-08T13:13:41.636Z,buy,0.0001037,91.95,0.009535215
LUN/BTC,1583673221636,2020-03-08T13:13:41.636Z,buy,0.0001038,300.94,0.031237572
LUN/BTC,1583673221636,2020-03-08T13:13:41.636Z,buy,0.0001039,421.5,0.04379385
LUN/BTC,1583673221636,2020-03-08T13:13:41.636Z,buy,0.000104,95.39,0.00992056
LUN/BTC,1583673255907,2020-03-08T13:14:15.907Z,buy,0.0001042,25.64,0.002671688
LUN/BTC,1583673255907,2020-03-08T13:14:15.907Z,buy,0.0001043,93.35,0.009736405
LUN/BTC,1583673255907,2020-03-08T13:14:15.907Z,buy,0.0001044,1093.85,0.11419794
LUN/BTC,1583673255907,2020-03-08T13:14:15.907Z,buy,0.0001045,2743.82,0.28672919
LUN/BTC,1583673255951,2020-03-08T13:14:15.951Z,buy,0.0001047,312.6,0.03272922
LUN/BTC,1583673309477,2020-03-08T13:15:09.477Z,buy,0.0001048,1.06,0.000111088
LUN/BTC,1583673309477,2020-03-08T13:15:09.477Z,buy,0.0001052,163.67,0.0172180839999999
LUN/BTC,1583673309477,2020-03-08T13:15:09.477Z,buy,0.0001053,527.87,0.055584711
LUN/BTC,1583673309513,2020-03-08T13:15:09.513Z,sell,0.0001053,32.72,0.0034454159999999
LUN/BTC,1583673310249,2020-03-08T13:15:10.249Z,sell,0.0001053,532.54,0.0560764619999999
LUN/BTC,1583673310249,2020-03-08T13:15:10.249Z,sell,0.0001048,330.99,0.034687752
LUN/BTC,1583673310249,2020-03-08T13:15:10.249Z,sell,0.0001047,685.57,0.071779179
LUN/BTC,1583673352162,2020-03-08T13:15:52.162Z,sell,0.0001047,124.25,0.0130089749999999
LUN/BTC,1583673352185,2020-03-08T13:15:52.185Z,buy,0.0001046,32.72,0.0034225119999999
LUN/BTC,1583673355518,2020-03-08T13:15:55.518Z,sell,0.0001039,1.06,0.000110134
LUN/BTC,1583673355518,2020-03-08T13:15:55.518Z,sell,0.0001037,26.93,0.002792641
LUN/BTC,1583674087094,2020-03-08T13:28:07.094Z,sell,0.0001035,203.62,0.02107467
LUN/BTC,1583674256197,2020-03-08T13:30:56.197Z,sell,0.0001035,127.03,0.013147605
LUN/BTC,1583674256197,2020-03-08T13:30:56.197Z,sell,0.0001034,158.1,0.01634754
LUN/BTC,1583675042736,2020-03-08T13:44:02.736Z,sell,0.0001031,200.0,0.02062
LUN/BTC,1583675198707,2020-03-08T13:46:38.707Z,buy,0.0001034,42.13,0.004356242
LUN/BTC,1583675371589,2020-03-08T13:49:31.589Z,buy,0.0001035,422.75,0.043754625
LUN/BTC,1583675466475,2020-03-08T13:51:06.475Z,sell,0.0001035,5.11,0.000528885
LUN/BTC,1583675795406,2020-03-08T13:56:35.406Z,sell,0.0001035,8.0,0.000828
LUN/BTC,1583675802274,2020-03-08T13:56:42.274Z,buy,0.0001036,11.73,0.001215228
LUN/BTC,1583675822837,2020-03-08T13:57:02.837Z,buy,0.0001036,413.94,0.042884184
LUN/BTC,1583675822837,2020-03-08T13:57:02.837Z,buy,0.0001036,413.94,0.042884184
LUN/BTC,1583676166824,2020-03-08T14:02:46.824Z,buy,0.000104,24.15,0.0025115999999999
LUN/BTC,1583676167264,2020-03-08T14:02:47.264Z,buy,0.000104,39.01,0.00405704
LUN/BTC,1583676219252,2020-03-08T14:03:39.252Z,buy,0.000104,16.1,0.0016744
LUN/BTC,1583676219252,2020-03-08T14:03:39.252Z,buy,0.0001041,8.0,0.0008328
LUN/BTC,1583676220082,2020-03-08T14:03:40.082Z,buy,0.0001041,57.42,0.005977422
LUN/BTC,1583676303401,2020-03-08T14:05:03.401Z,buy,0.0001041,498.79,0.051924039
LUN/BTC,1583676751987,2020-03-08T14:12:31.987Z,buy,0.0001044,154.27,0.016105788
LUN/BTC,1583676790546,2020-03-08T14:13:10.546Z,buy,0.0001045,25.64,0.00267938
LUN/BTC,1583676817637,2020-03-08T14:13:37.637Z,buy,0.0001047,122.08,0.012781776
LUN/BTC,1583676908482,2020-03-08T14:15:08.482Z,sell,0.0001047,0.92,9.6324e-05
LUN/BTC,1583676965108,2020-03-08T14:16:05.108Z,buy,0.0001046,167.48,0.017518408
LUN/BTC,1583677123638,2020-03-08T14:18:43.638Z,buy,0.0001046,159.33,0.016665918
LUN/BTC,1583677123638,2020-03-08T14:18:43.638Z,buy,0.0001047,370.67,0.038809149
LUN/BTC,1583677124260,2020-03-08T14:18:44.260Z,buy,0.0001046,140.76,0.0147234959999999
LUN/BTC,1583677133640,2020-03-08T14:18:53.640Z,buy,0.0001047,157.16,0.016454652
LUN/BTC,1583677343389,2020-03-08T14:22:23.389Z,sell,0.0001047,2.84,0.0002973479999999
LUN/BTC,1583677343389,2020-03-08T14:22:23.389Z,sell,0.0001045,0.36,3.762e-05
LUN/BTC,1583677343389,2020-03-08T14:22:23.389Z,sell,0.0001044,27.63,0.002884572
LUN/BTC,1583677343399,2020-03-08T14:22:23.399Z,sell,0.0001044,13.63,0.001422972
LUN/BTC,1583677435997,2020-03-08T14:23:55.997Z,sell,0.0001044,200.36,0.020917584
LUN/BTC,1583677436001,2020-03-08T14:23:56.001Z,buy,0.0001047,193.87,0.020298189
LUN/BTC,1583677486728,2020-03-08T14:24:46.728Z,buy,0.0001048,79.4,0.00832112
LUN/BTC,1583677534371,2020-03-08T14:25:34.371Z,buy,0.000105,0.97,0.00010185
LUN/BTC,1583677632468,2020-03-08T14:27:12.468Z,buy,0.0001051,134.29,0.0141138789999999
LUN/BTC,1583677774132,2020-03-08T14:29:34.132Z,sell,0.0001048,0.6,6.288e-05
LUN/BTC,1583677774132,2020-03-08T14:29:34.132Z,sell,0.0001045,90.26,0.00943217
LUN/BTC,1583677878475,2020-03-08T14:31:18.475Z,buy,0.0001049,181.93,0.019084457
LUN/BTC,1583678049421,2020-03-08T14:34:09.421Z,buy,0.0001052,1.21,0.000127292
LUN/BTC,1583678106494,2020-03-08T14:35:06.494Z,sell,0.0001043,2.75,0.000286825
LUN/BTC,1583678142649,2020-03-08T14:35:42.649Z,sell,0.0001045,56.66,0.00592097
