symbol,timestamp,datetime,side,price,amount,btc_volume
MDA/BTC,1605474015357,2020-11-15T21:00:15.357Z,sell,3.505e-05,6.0,0.0002103
MDA/BTC,1605474113286,2020-11-15T21:01:53.286Z,buy,3.516e-05,4.0,0.00014064
MDA/BTC,1605474390195,2020-11-15T21:06:30.195Z,sell,3.505e-05,4.0,0.0001402
MDA/BTC,1605474429763,2020-11-15T21:07:09.763Z,buy,3.516e-05,4.0,0.00014064
MDA/BTC,1605475541065,2020-11-15T21:25:41.065Z,sell,3.505e-05,88.0,0.0030843999999999
MDA/BTC,1605475541065,2020-11-15T21:25:41.065Z,sell,3.505e-05,88.0,0.0030843999999999
MDA/BTC,1605477620650,2020-11-15T22:00:20.650Z,buy,3.516e-05,132.0,0.00464112
MDA/BTC,1605477620650,2020-11-15T22:00:20.650Z,buy,3.523e-05,127.0,0.00447421
MDA/BTC,1605477620650,2020-11-15T22:00:20.650Z,buy,3.527e-05,550.0,0.0193985
MDA/BTC,1605477983344,2020-11-15T22:06:23.344Z,sell,3.506e-05,61.0,0.00213866
MDA/BTC,1605478375919,2020-11-15T22:12:55.919Z,sell,3.52e-05,34.0,0.0011968
MDA/BTC,1605478621884,2020-11-15T22:17:01.884Z,sell,3.52e-05,4.0,0.0001408
MDA/BTC,1605478622262,2020-11-15T22:17:02.262Z,sell,3.52e-05,3.0,0.0001056
MDA/BTC,1605478983591,2020-11-15T22:23:03.591Z,buy,3.524e-05,1584.0,0.05582016
MDA/BTC,1605478983591,2020-11-15T22:23:03.591Z,buy,3.524e-05,1584.0,0.05582016
MDA/BTC,1605479647846,2020-11-15T22:34:07.846Z,sell,3.52e-05,5.0,0.000176
MDA/BTC,1605479647846,2020-11-15T22:34:07.846Z,sell,3.505e-05,23.0,0.0008061499999999
MDA/BTC,1605481214996,2020-11-15T23:00:14.996Z,sell,3.51e-05,4.0,0.0001404
MDA/BTC,1605481476515,2020-11-15T23:04:36.515Z,buy,3.528e-05,3.0,0.00010584
MDA/BTC,1605481476515,2020-11-15T23:04:36.515Z,buy,3.528e-05,3.0,0.00010584
MDA/BTC,1605483958500,2020-11-15T23:45:58.500Z,sell,3.512e-05,5.0,0.0001756
MDA/BTC,1605483958500,2020-11-15T23:45:58.500Z,sell,3.51e-05,4.0,0.0001404
MDA/BTC,1605483958500,2020-11-15T23:45:58.500Z,sell,3.506e-05,489.0,0.01714434
MDA/BTC,1605483986426,2020-11-15T23:46:26.426Z,sell,3.505e-05,978.0,0.0342789
MDA/BTC,1605484033793,2020-11-15T23:47:13.793Z,sell,3.505e-05,650.0,0.0227824999999999
MDA/BTC,1605484033795,2020-11-15T23:47:13.795Z,sell,3.505e-05,710.0,0.0248854999999999
MDA/BTC,1605484033798,2020-11-15T23:47:13.798Z,sell,3.505e-05,140.0,0.004907
MDA/BTC,1605484045555,2020-11-15T23:47:25.555Z,sell,3.505e-05,456.0,0.0159828
MDA/BTC,1605484074308,2020-11-15T23:47:54.308Z,sell,3.505e-05,1971.0,0.06908355
MDA/BTC,1605484074313,2020-11-15T23:47:54.313Z,sell,3.505e-05,129.0,0.00452145
MDA/BTC,1605484140746,2020-11-15T23:49:00.746Z,sell,3.505e-05,2670.0,0.0935835
MDA/BTC,1605484140777,2020-11-15T23:49:00.777Z,sell,3.505e-05,4623.0,0.16203615
MDA/BTC,1605484141268,2020-11-15T23:49:01.268Z,buy,3.528e-05,1783.0,0.06290424
MDA/BTC,1605484141268,2020-11-15T23:49:01.268Z,buy,3.541e-05,111.0,0.00393051
MDA/BTC,1605484141268,2020-11-15T23:49:01.268Z,buy,3.542e-05,146.0,0.00517132
MDA/BTC,1605484144814,2020-11-15T23:49:04.814Z,sell,3.506e-05,576.0,0.02019456
MDA/BTC,1605484144814,2020-11-15T23:49:04.814Z,sell,3.505e-05,327.0,0.0114613499999999
MDA/BTC,1605484145647,2020-11-15T23:49:05.647Z,sell,3.505e-05,8.0,0.0002804
MDA/BTC,1605484817463,2020-11-16T00:00:17.463Z,buy,3.538e-05,6.0,0.0002122799999999
MDA/BTC,1605484906146,2020-11-16T00:01:46.146Z,sell,3.513e-05,4.0,0.00014052
MDA/BTC,1605484906146,2020-11-16T00:01:46.146Z,sell,3.513e-05,4.0,0.00014052
MDA/BTC,1605488417080,2020-11-16T01:00:17.080Z,sell,3.52e-05,9.0,0.0003168
MDA/BTC,1605488492472,2020-11-16T01:01:32.472Z,sell,3.52e-05,713.0,0.0250976
MDA/BTC,1605488492472,2020-11-16T01:01:32.472Z,sell,3.513e-05,132.0,0.0046371599999999
MDA/BTC,1605488492472,2020-11-16T01:01:32.472Z,sell,3.504e-05,30.0,0.0010512
MDA/BTC,1605488492472,2020-11-16T01:01:32.472Z,sell,3.503e-05,27.0,0.00094581
MDA/BTC,1605488492472,2020-11-16T01:01:32.472Z,sell,3.501e-05,1651.0,0.05780151
MDA/BTC,1605488492472,2020-11-16T01:01:32.472Z,sell,3.5e-05,437.0,0.0152949999999999
MDA/BTC,1605488492472,2020-11-16T01:01:32.472Z,sell,3.52e-05,713.0,0.0250976
MDA/BTC,1605488492472,2020-11-16T01:01:32.472Z,sell,3.513e-05,132.0,0.0046371599999999
MDA/BTC,1605488492472,2020-11-16T01:01:32.472Z,sell,3.504e-05,30.0,0.0010512
MDA/BTC,1605488492472,2020-11-16T01:01:32.472Z,sell,3.503e-05,27.0,0.00094581
MDA/BTC,1605488492472,2020-11-16T01:01:32.472Z,sell,3.501e-05,1651.0,0.05780151
MDA/BTC,1605488492472,2020-11-16T01:01:32.472Z,sell,3.5e-05,437.0,0.0152949999999999
MDA/BTC,1605488524746,2020-11-16T01:02:04.746Z,buy,3.504e-05,22.0,0.00077088
MDA/BTC,1605490529834,2020-11-16T01:35:29.834Z,buy,3.523e-05,233.0,0.00820859
MDA/BTC,1605492013557,2020-11-16T02:00:13.557Z,sell,3.504e-05,5.0,0.0001752
MDA/BTC,1605492013557,2020-11-16T02:00:13.557Z,sell,3.5e-05,16.0,0.00056
MDA/BTC,1605492013557,2020-11-16T02:00:13.557Z,sell,3.504e-05,5.0,0.0001752
MDA/BTC,1605492013557,2020-11-16T02:00:13.557Z,sell,3.5e-05,16.0,0.00056
MDA/BTC,1605492581999,2020-11-16T02:09:41.999Z,buy,3.522e-05,3229.0,0.11372538
MDA/BTC,1605493338644,2020-11-16T02:22:18.644Z,buy,3.522e-05,4.0,0.00014088
MDA/BTC,1605493338644,2020-11-16T02:22:18.644Z,buy,3.522e-05,4.0,0.00014088
MDA/BTC,1605499215077,2020-11-16T04:00:15.077Z,buy,3.52e-05,8.0,0.0002816
MDA/BTC,1605499269020,2020-11-16T04:01:09.020Z,buy,3.52e-05,3.0,0.0001056
MDA/BTC,1605499269020,2020-11-16T04:01:09.020Z,buy,3.52e-05,3.0,0.0001056
MDA/BTC,1605499597613,2020-11-16T04:06:37.613Z,sell,3.504e-05,5.0,0.0001752
MDA/BTC,1605499597613,2020-11-16T04:06:37.613Z,sell,3.502e-05,331.0,0.01159162
MDA/BTC,1605499597613,2020-11-16T04:06:37.613Z,sell,3.5e-05,564.0,0.0197399999999999
MDA/BTC,1605499601370,2020-11-16T04:06:41.370Z,sell,3.5e-05,3450.0,0.12075
MDA/BTC,1605499602051,2020-11-16T04:06:42.051Z,sell,3.5e-05,5340.0,0.1868999999999999
MDA/BTC,1605499917986,2020-11-16T04:11:57.986Z,sell,3.504e-05,202.0,0.00707808
MDA/BTC,1605499968843,2020-11-16T04:12:48.843Z,sell,3.504e-05,7.0,0.00024528
MDA/BTC,1605499968843,2020-11-16T04:12:48.843Z,sell,3.501e-05,331.0,0.01158831
MDA/BTC,1605499968843,2020-11-16T04:12:48.843Z,sell,3.5e-05,2852.0,0.0998199999999999
MDA/BTC,1605500056890,2020-11-16T04:14:16.890Z,sell,3.501e-05,8.0,0.00028008
MDA/BTC,1605500056890,2020-11-16T04:14:16.890Z,sell,3.5e-05,2992.0,0.10472
MDA/BTC,1605500146972,2020-11-16T04:15:46.972Z,sell,3.507e-05,272.0,0.00953904
MDA/BTC,1605500333287,2020-11-16T04:18:53.287Z,sell,3.507e-05,5.0,0.00017535
MDA/BTC,1605500345696,2020-11-16T04:19:05.696Z,sell,3.5e-05,3000.0,0.105
MDA/BTC,1605500376130,2020-11-16T04:19:36.130Z,sell,3.5e-05,3000.0,0.105
MDA/BTC,1605500376146,2020-11-16T04:19:36.146Z,sell,3.5e-05,278.0,0.0097299999999999
MDA/BTC,1605500396596,2020-11-16T04:19:56.596Z,sell,3.5e-05,3000.0,0.105
MDA/BTC,1605500405632,2020-11-16T04:20:05.632Z,sell,3.5e-05,3000.0,0.105
MDA/BTC,1605500824669,2020-11-16T04:27:04.669Z,sell,3.5e-05,3000.0,0.105
MDA/BTC,1605501360907,2020-11-16T04:36:00.907Z,buy,3.507e-05,65.0,0.00227955
MDA/BTC,1605501360921,2020-11-16T04:36:00.921Z,buy,3.507e-05,51.0,0.00178857
MDA/BTC,1605501425867,2020-11-16T04:37:05.867Z,buy,3.507e-05,7.0,0.00024549
MDA/BTC,1605501884816,2020-11-16T04:44:44.816Z,buy,3.507e-05,3.0,0.00010521
MDA/BTC,1605502821722,2020-11-16T05:00:21.722Z,buy,3.507e-05,22.0,0.00077154
MDA/BTC,1605502821722,2020-11-16T05:00:21.722Z,buy,3.507e-05,22.0,0.00077154
MDA/BTC,1605502890365,2020-11-16T05:01:30.365Z,buy,3.507e-05,6.0,0.00021042
MDA/BTC,1605502897192,2020-11-16T05:01:37.192Z,buy,3.507e-05,4.0,0.00014028
MDA/BTC,1605503368260,2020-11-16T05:09:28.260Z,sell,3.506e-05,5.0,0.0001753
MDA/BTC,1605504336988,2020-11-16T05:25:36.988Z,buy,3.506e-05,3.0,0.0001051799999999
MDA/BTC,1605505587116,2020-11-16T05:46:27.116Z,buy,3.506e-05,346.0,0.0121307599999999
MDA/BTC,1605505587129,2020-11-16T05:46:27.129Z,buy,3.506e-05,45.0,0.0015777
MDA/BTC,1605505587365,2020-11-16T05:46:27.365Z,buy,3.506e-05,150.0,0.005259
MDA/BTC,1605505587462,2020-11-16T05:46:27.462Z,buy,3.506e-05,75.0,0.0026295
MDA/BTC,1605505587665,2020-11-16T05:46:27.665Z,buy,3.506e-05,37.0,0.00129722
MDA/BTC,1605505603245,2020-11-16T05:46:43.245Z,buy,3.506e-05,99.0,0.00347094
MDA/BTC,1605506223680,2020-11-16T05:57:03.680Z,sell,3.512e-05,5.0,0.0001756
MDA/BTC,1605506223680,2020-11-16T05:57:03.680Z,sell,3.508e-05,8.0,0.00028064
MDA/BTC,1605506223680,2020-11-16T05:57:03.680Z,sell,3.512e-05,5.0,0.0001756
MDA/BTC,1605506223680,2020-11-16T05:57:03.680Z,sell,3.508e-05,8.0,0.00028064
MDA/BTC,1605506422889,2020-11-16T06:00:22.889Z,buy,3.513e-05,6.0,0.0002107799999999
MDA/BTC,1605506565812,2020-11-16T06:02:45.812Z,buy,3.513e-05,376.0,0.01320888
MDA/BTC,1605506565825,2020-11-16T06:02:45.825Z,buy,3.513e-05,107.0,0.00375891
MDA/BTC,1605506837762,2020-11-16T06:07:17.762Z,buy,3.517e-05,3.0,0.0001055099999999
MDA/BTC,1605508437793,2020-11-16T06:33:57.793Z,sell,3.507e-05,5.0,0.00017535
MDA/BTC,1605508509086,2020-11-16T06:35:09.086Z,buy,3.507e-05,3.0,0.00010521
MDA/BTC,1605508622219,2020-11-16T06:37:02.219Z,sell,3.501e-05,682.0,0.02387682
MDA/BTC,1605508622240,2020-11-16T06:37:02.240Z,sell,3.501e-05,681.0,0.0238418099999999
MDA/BTC,1605508622251,2020-11-16T06:37:02.251Z,sell,3.501e-05,465.0,0.01627965
MDA/BTC,1605508622253,2020-11-16T06:37:02.253Z,sell,3.501e-05,444.0,0.01554444
MDA/BTC,1605508622253,2020-11-16T06:37:02.253Z,sell,3.501e-05,444.0,0.01554444
MDA/BTC,1605510100449,2020-11-16T07:01:40.449Z,buy,3.507e-05,4.0,0.00014028
MDA/BTC,1605510676692,2020-11-16T07:11:16.692Z,sell,3.501e-05,6.0,0.0002100599999999
MDA/BTC,1605510676692,2020-11-16T07:11:16.692Z,sell,3.501e-05,6.0,0.0002100599999999
MDA/BTC,1605512282971,2020-11-16T07:38:02.971Z,sell,3.501e-05,132.0,0.00462132
MDA/BTC,1605514154486,2020-11-16T08:09:14.486Z,buy,3.507e-05,391.0,0.01371237
MDA/BTC,1605514154486,2020-11-16T08:09:14.486Z,buy,3.512e-05,79.0,0.00277448
MDA/BTC,1605514154486,2020-11-16T08:09:14.486Z,buy,3.513e-05,688.0,0.0241694399999999
MDA/BTC,1605514154486,2020-11-16T08:09:14.486Z,buy,3.514e-05,992.0,0.03485888
MDA/BTC,1605514154615,2020-11-16T08:09:14.615Z,buy,3.519e-05,684.0,0.02406996
MDA/BTC,1605514154715,2020-11-16T08:09:14.715Z,buy,3.52e-05,486.0,0.0171072
MDA/BTC,1605514154924,2020-11-16T08:09:14.924Z,buy,3.521e-05,487.0,0.01714727
MDA/BTC,1605514155115,2020-11-16T08:09:15.115Z,buy,3.521e-05,243.0,0.00855603
MDA/BTC,1605514155319,2020-11-16T08:09:15.319Z,buy,3.521e-05,122.0,0.00429562
MDA/BTC,1605514155420,2020-11-16T08:09:15.420Z,buy,3.521e-05,60.0,0.0021125999999999
MDA/BTC,1605514155617,2020-11-16T08:09:15.617Z,buy,3.521e-05,30.0,0.0010562999999999
MDA/BTC,1605514272864,2020-11-16T08:11:12.864Z,sell,3.514e-05,1269.0,0.04459266
MDA/BTC,1605514272864,2020-11-16T08:11:12.864Z,sell,3.502e-05,86.0,0.00301172
MDA/BTC,1605514272864,2020-11-16T08:11:12.864Z,sell,3.501e-05,4445.0,0.15561945
MDA/BTC,1605514272864,2020-11-16T08:11:12.864Z,sell,3.5e-05,10175.0,0.3561249999999999
MDA/BTC,1605514272864,2020-11-16T08:11:12.864Z,sell,3.514e-05,1269.0,0.04459266
MDA/BTC,1605514272864,2020-11-16T08:11:12.864Z,sell,3.502e-05,86.0,0.00301172
MDA/BTC,1605514272864,2020-11-16T08:11:12.864Z,sell,3.501e-05,4445.0,0.15561945
MDA/BTC,1605514272864,2020-11-16T08:11:12.864Z,sell,3.5e-05,10175.0,0.3561249999999999
MDA/BTC,1605514308576,2020-11-16T08:11:48.576Z,buy,3.52e-05,574.0,0.0202048
MDA/BTC,1605514308576,2020-11-16T08:11:48.576Z,buy,3.521e-05,331.0,0.0116545099999999
MDA/BTC,1605514308576,2020-11-16T08:11:48.576Z,buy,3.522e-05,259.0,0.00912198
MDA/BTC,1605514308576,2020-11-16T08:11:48.576Z,buy,3.523e-05,36.0,0.00126828
MDA/BTC,1605515358788,2020-11-16T08:29:18.788Z,sell,3.507e-05,5.0,0.00017535
MDA/BTC,1605515358788,2020-11-16T08:29:18.788Z,sell,3.503e-05,189.0,0.00662067
MDA/BTC,1605515358885,2020-11-16T08:29:18.885Z,buy,3.503e-05,97.0,0.00339791
MDA/BTC,1605515359080,2020-11-16T08:29:19.080Z,buy,3.503e-05,49.0,0.00171647
MDA/BTC,1605515434095,2020-11-16T08:30:34.095Z,sell,3.504e-05,160.0,0.0056064
MDA/BTC,1605516383673,2020-11-16T08:46:23.673Z,sell,3.505e-05,500.0,0.017525
MDA/BTC,1605517085273,2020-11-16T08:58:05.273Z,buy,3.525e-05,7.0,0.00024675
MDA/BTC,1605517209137,2020-11-16T09:00:09.137Z,sell,3.529e-05,3.0,0.00010587
MDA/BTC,1605517211722,2020-11-16T09:00:11.722Z,sell,3.529e-05,9.0,0.00031761
MDA/BTC,1605517295022,2020-11-16T09:01:35.022Z,sell,3.53e-05,4.0,0.0001412
MDA/BTC,1605517328653,2020-11-16T09:02:08.653Z,buy,3.533e-05,189.0,0.00667737
MDA/BTC,1605517328653,2020-11-16T09:02:08.653Z,buy,3.534e-05,54.0,0.0019083599999999
MDA/BTC,1605517328778,2020-11-16T09:02:08.778Z,buy,3.538e-05,125.0,0.0044224999999999
MDA/BTC,1605517328972,2020-11-16T09:02:08.972Z,buy,3.538e-05,56.0,0.0019812799999999
MDA/BTC,1605517798408,2020-11-16T09:09:58.408Z,buy,3.538e-05,3.0,0.0001061399999999
MDA/BTC,1605517854374,2020-11-16T09:10:54.374Z,sell,3.538e-05,62.0,0.0021935599999999
MDA/BTC,1605517854388,2020-11-16T09:10:54.388Z,sell,3.538e-05,32.0,0.00113216
MDA/BTC,1605517854388,2020-11-16T09:10:54.388Z,sell,3.538e-05,32.0,0.00113216
MDA/BTC,1605517929107,2020-11-16T09:12:09.107Z,sell,3.538e-05,3.0,0.0001061399999999
MDA/BTC,1605517965012,2020-11-16T09:12:45.012Z,sell,3.538e-05,20.0,0.0007076
MDA/BTC,1605518022184,2020-11-16T09:13:42.184Z,sell,3.523e-05,69.0,0.00243087
MDA/BTC,1605518022184,2020-11-16T09:13:42.184Z,sell,3.522e-05,108.0,0.0038037599999999
MDA/BTC,1605519168621,2020-11-16T09:32:48.621Z,sell,3.522e-05,3.0,0.0001056599999999
MDA/BTC,1605520195938,2020-11-16T09:49:55.938Z,sell,3.518e-05,4.0,0.00014072
MDA/BTC,1605520627018,2020-11-16T09:57:07.018Z,sell,3.518e-05,10.0,0.0003518
MDA/BTC,1605520899299,2020-11-16T10:01:39.299Z,buy,3.522e-05,4.0,0.00014088
MDA/BTC,1605520899299,2020-11-16T10:01:39.299Z,buy,3.522e-05,4.0,0.00014088
MDA/BTC,1605521881842,2020-11-16T10:18:01.842Z,buy,3.521e-05,142.0,0.0049998199999999
MDA/BTC,1605521883799,2020-11-16T10:18:03.799Z,sell,3.522e-05,69.0,0.0024301799999999
MDA/BTC,1605521883968,2020-11-16T10:18:03.968Z,sell,3.522e-05,35.0,0.0012327
MDA/BTC,1605522277134,2020-11-16T10:24:37.134Z,sell,3.522e-05,86.0,0.00302892
MDA/BTC,1605522277145,2020-11-16T10:24:37.145Z,sell,3.522e-05,35.0,0.0012327
MDA/BTC,1605523503701,2020-11-16T10:45:03.701Z,buy,3.52e-05,80.0,0.002816
MDA/BTC,1605523645161,2020-11-16T10:47:25.161Z,sell,3.518e-05,8.0,0.00028144
MDA/BTC,1605523671101,2020-11-16T10:47:51.101Z,sell,3.502e-05,49.0,0.00171598
MDA/BTC,1605523699063,2020-11-16T10:48:19.063Z,sell,3.502e-05,22.0,0.00077044
MDA/BTC,1605523999775,2020-11-16T10:53:19.775Z,sell,3.503e-05,1213.0,0.04249139
MDA/BTC,1605523999775,2020-11-16T10:53:19.775Z,sell,3.502e-05,8.0,0.00028016
MDA/BTC,1605523999775,2020-11-16T10:53:19.775Z,sell,3.501e-05,28.0,0.00098028
MDA/BTC,1605523999775,2020-11-16T10:53:19.775Z,sell,3.5e-05,2011.0,0.0703849999999999
MDA/BTC,1605524075596,2020-11-16T10:54:35.596Z,sell,3.501e-05,3000.0,0.10503
MDA/BTC,1605524420550,2020-11-16T11:00:20.550Z,buy,3.51e-05,6.0,0.0002106
MDA/BTC,1605524426019,2020-11-16T11:00:26.019Z,sell,3.501e-05,5.0,0.00017505
MDA/BTC,1605524426019,2020-11-16T11:00:26.019Z,sell,3.5e-05,2995.0,0.1048249999999999
MDA/BTC,1605524426033,2020-11-16T11:00:26.033Z,sell,3.5e-05,1630.0,0.05705
MDA/BTC,1605524426133,2020-11-16T11:00:26.133Z,sell,3.5e-05,638.0,0.02233
MDA/BTC,1605524453131,2020-11-16T11:00:53.131Z,buy,3.511e-05,34.0,0.00119374
MDA/BTC,1605524453131,2020-11-16T11:00:53.131Z,buy,3.511e-05,34.0,0.00119374
MDA/BTC,1605525194898,2020-11-16T11:13:14.898Z,sell,3.5e-05,3229.0,0.1130149999999999
MDA/BTC,1605527092797,2020-11-16T11:44:52.797Z,buy,3.511e-05,4.0,0.00014044
MDA/BTC,1605527092797,2020-11-16T11:44:52.797Z,buy,3.514e-05,39.0,0.00137046
MDA/BTC,1605527216551,2020-11-16T11:46:56.551Z,sell,3.5e-05,42.0,0.00147
MDA/BTC,1605527216551,2020-11-16T11:46:56.551Z,sell,3.5e-05,42.0,0.00147
MDA/BTC,1605528946644,2020-11-16T12:15:46.644Z,sell,3.5e-05,28.0,0.00098
MDA/BTC,1605529032684,2020-11-16T12:17:12.684Z,sell,3.5e-05,599.0,0.0209649999999999
MDA/BTC,1605529032684,2020-11-16T12:17:12.684Z,sell,3.5e-05,599.0,0.0209649999999999
MDA/BTC,1605530846958,2020-11-16T12:47:26.958Z,sell,3.51e-05,41.0,0.0014391
MDA/BTC,1605530847613,2020-11-16T12:47:27.613Z,buy,3.51e-05,4.0,0.0001404
MDA/BTC,1605530878973,2020-11-16T12:47:58.973Z,sell,3.507e-05,29.0,0.00101703
MDA/BTC,1605530878973,2020-11-16T12:47:58.973Z,sell,3.502e-05,157.0,0.00549814
MDA/BTC,1605530925607,2020-11-16T12:48:45.607Z,sell,3.503e-05,59.0,0.00206677
MDA/BTC,1605530925607,2020-11-16T12:48:45.607Z,sell,3.5e-05,541.0,0.0189349999999999
MDA/BTC,1605531618892,2020-11-16T13:00:18.892Z,buy,3.515e-05,13.0,0.00045695
MDA/BTC,1605531962893,2020-11-16T13:06:02.893Z,buy,3.515e-05,3.0,0.00010545
MDA/BTC,1605532065760,2020-11-16T13:07:45.760Z,buy,3.515e-05,24.0,0.0008436
MDA/BTC,1605532065760,2020-11-16T13:07:45.760Z,buy,3.515e-05,24.0,0.0008436
MDA/BTC,1605532945672,2020-11-16T13:22:25.672Z,buy,3.515e-05,3.0,0.00010545
MDA/BTC,1605533441798,2020-11-16T13:30:41.798Z,sell,3.5e-05,810.0,0.0283499999999999
MDA/BTC,1605534024351,2020-11-16T13:40:24.351Z,sell,3.5e-05,12.0,0.0004199999999999
MDA/BTC,1605535403286,2020-11-16T14:03:23.286Z,buy,3.515e-05,6.0,0.0002109
MDA/BTC,1605535426878,2020-11-16T14:03:46.878Z,buy,3.515e-05,215.0,0.00755725
MDA/BTC,1605535568849,2020-11-16T14:06:08.849Z,sell,3.516e-05,3.0,0.00010548
MDA/BTC,1605535579172,2020-11-16T14:06:19.172Z,buy,3.521e-05,6.0,0.0002112599999999
MDA/BTC,1605535579172,2020-11-16T14:06:19.172Z,buy,3.521e-05,6.0,0.0002112599999999
MDA/BTC,1605536279990,2020-11-16T14:17:59.990Z,buy,3.52e-05,23.0,0.0008096
MDA/BTC,1605537275320,2020-11-16T14:34:35.320Z,sell,3.5e-05,891.0,0.0311849999999999
MDA/BTC,1605538302027,2020-11-16T14:51:42.027Z,buy,3.517e-05,15.0,0.00052755
MDA/BTC,1605538817554,2020-11-16T15:00:17.554Z,sell,3.5e-05,20.0,0.0006999999999999
MDA/BTC,1605538817554,2020-11-16T15:00:17.554Z,sell,3.5e-05,20.0,0.0006999999999999
MDA/BTC,1605539675868,2020-11-16T15:14:35.868Z,buy,3.519e-05,6.0,0.00021114
MDA/BTC,1605539675882,2020-11-16T15:14:35.882Z,sell,3.519e-05,580.0,0.0204102
MDA/BTC,1605539708951,2020-11-16T15:15:08.951Z,buy,3.521e-05,266.0,0.0093658599999999
MDA/BTC,1605540062189,2020-11-16T15:21:02.189Z,buy,3.521e-05,474.0,0.01668954
MDA/BTC,1605541510505,2020-11-16T15:45:10.505Z,sell,3.5e-05,20.0,0.0006999999999999
MDA/BTC,1605541510505,2020-11-16T15:45:10.505Z,sell,3.5e-05,20.0,0.0006999999999999
MDA/BTC,1605542426147,2020-11-16T16:00:26.147Z,buy,3.51e-05,9.0,0.0003159
MDA/BTC,1605542586008,2020-11-16T16:03:06.008Z,sell,3.5e-05,2190.0,0.07665
MDA/BTC,1605542650822,2020-11-16T16:04:10.822Z,sell,3.5e-05,290.0,0.01015
MDA/BTC,1605542650822,2020-11-16T16:04:10.822Z,sell,3.499e-05,31.0,0.00108469
MDA/BTC,1605542758357,2020-11-16T16:05:58.357Z,sell,3.499e-05,1.0,3.499e-05
MDA/BTC,1605542758357,2020-11-16T16:05:58.357Z,sell,3.498e-05,3.0,0.00010494
MDA/BTC,1605542767627,2020-11-16T16:06:07.627Z,sell,3.498e-05,731.0,0.02557038
MDA/BTC,1605542784225,2020-11-16T16:06:24.225Z,sell,3.498e-05,156.0,0.00545688
MDA/BTC,1605542784225,2020-11-16T16:06:24.225Z,sell,3.497e-05,169.0,0.00590993
MDA/BTC,1605542789147,2020-11-16T16:06:29.147Z,sell,3.497e-05,337.0,0.01178489
MDA/BTC,1605543173409,2020-11-16T16:12:53.409Z,buy,3.514e-05,500.0,0.01757
MDA/BTC,1605543735396,2020-11-16T16:22:15.396Z,sell,3.497e-05,6.0,0.00020982
MDA/BTC,1605544364046,2020-11-16T16:32:44.046Z,sell,3.497e-05,11.0,0.00038467
MDA/BTC,1605544909191,2020-11-16T16:41:49.191Z,sell,3.497e-05,8.0,0.00027976
MDA/BTC,1605544909191,2020-11-16T16:41:49.191Z,sell,3.497e-05,8.0,0.00027976
MDA/BTC,1605545664391,2020-11-16T16:54:24.391Z,sell,3.497e-05,47.0,0.00164359
MDA/BTC,1605545710491,2020-11-16T16:55:10.491Z,sell,3.496e-05,52.0,0.0018179199999999
MDA/BTC,1605546017234,2020-11-16T17:00:17.234Z,sell,3.496e-05,24.0,0.0008390399999999
MDA/BTC,1605546866186,2020-11-16T17:14:26.186Z,sell,3.496e-05,117.0,0.00409032
MDA/BTC,1605547612966,2020-11-16T17:26:52.966Z,sell,3.496e-05,86.0,0.0030065599999999
MDA/BTC,1605547612966,2020-11-16T17:26:52.966Z,sell,3.495e-05,178.0,0.0062211
MDA/BTC,1605547612966,2020-11-16T17:26:52.966Z,sell,3.496e-05,86.0,0.0030065599999999
MDA/BTC,1605547612966,2020-11-16T17:26:52.966Z,sell,3.495e-05,178.0,0.0062211
MDA/BTC,1605548882855,2020-11-16T17:48:02.855Z,sell,3.495e-05,28.0,0.0009786
MDA/BTC,1605548914151,2020-11-16T17:48:34.151Z,buy,3.509e-05,83.0,0.00291247
MDA/BTC,1605548955994,2020-11-16T17:49:15.994Z,sell,3.495e-05,282.0,0.0098559
MDA/BTC,1605549621509,2020-11-16T18:00:21.509Z,buy,3.509e-05,8.0,0.00028072
MDA/BTC,1605550706002,2020-11-16T18:18:26.002Z,buy,3.509e-05,15.0,0.00052635
MDA/BTC,1605550952351,2020-11-16T18:22:32.351Z,sell,3.501e-05,4.0,0.00014004
MDA/BTC,1605551114530,2020-11-16T18:25:14.530Z,sell,3.501e-05,11.0,0.00038511
MDA/BTC,1605551114530,2020-11-16T18:25:14.530Z,sell,3.495e-05,7.0,0.00024465
MDA/BTC,1605551114530,2020-11-16T18:25:14.530Z,sell,3.501e-05,11.0,0.00038511
MDA/BTC,1605551114530,2020-11-16T18:25:14.530Z,sell,3.495e-05,7.0,0.00024465
MDA/BTC,1605551393178,2020-11-16T18:29:53.178Z,buy,3.509e-05,13.0,0.00045617
MDA/BTC,1605551876343,2020-11-16T18:37:56.343Z,buy,3.509e-05,44.0,0.0015439599999999
MDA/BTC,1605551889154,2020-11-16T18:38:09.154Z,sell,3.509e-05,3.0,0.00010527
MDA/BTC,1605552555942,2020-11-16T18:49:15.942Z,sell,3.509e-05,17.0,0.00059653
MDA/BTC,1605553216234,2020-11-16T19:00:16.234Z,sell,3.509e-05,9.0,0.00031581
MDA/BTC,1605553592053,2020-11-16T19:06:32.053Z,sell,3.509e-05,3.0,0.00010527
MDA/BTC,1605554435478,2020-11-16T19:20:35.478Z,buy,3.511e-05,46.0,0.00161506
MDA/BTC,1605554462034,2020-11-16T19:21:02.034Z,sell,3.509e-05,159.0,0.00557931
MDA/BTC,1605554462034,2020-11-16T19:21:02.034Z,sell,3.509e-05,159.0,0.00557931
MDA/BTC,1605556316388,2020-11-16T19:51:56.388Z,sell,3.509e-05,6.0,0.00021054
MDA/BTC,1605556814977,2020-11-16T20:00:14.977Z,sell,3.509e-05,3.0,0.00010527
MDA/BTC,1605556814977,2020-11-16T20:00:14.977Z,sell,3.495e-05,4.0,0.0001398
MDA/BTC,1605557601189,2020-11-16T20:13:21.189Z,sell,3.5e-05,3.0,0.0001049999999999
MDA/BTC,1605557601189,2020-11-16T20:13:21.189Z,sell,3.495e-05,316.0,0.0110442
MDA/BTC,1605557601189,2020-11-16T20:13:21.189Z,sell,3.493e-05,440.0,0.0153692
MDA/BTC,1605557601189,2020-11-16T20:13:21.189Z,sell,3.491e-05,311.0,0.01085701
MDA/BTC,1605557601189,2020-11-16T20:13:21.189Z,sell,3.49e-05,820.0,0.028618
MDA/BTC,1605557601189,2020-11-16T20:13:21.189Z,sell,3.487e-05,287.0,0.01000769
MDA/BTC,1605557601189,2020-11-16T20:13:21.189Z,sell,3.484e-05,227.0,0.00790868
MDA/BTC,1605557601189,2020-11-16T20:13:21.189Z,sell,3.482e-05,4.0,0.00013928
MDA/BTC,1605557601189,2020-11-16T20:13:21.189Z,sell,3.479e-05,47.0,0.0016351299999999
MDA/BTC,1605557601189,2020-11-16T20:13:21.189Z,sell,3.477e-05,5.0,0.00017385
MDA/BTC,1605557601189,2020-11-16T20:13:21.189Z,sell,3.466e-05,583.0,0.0202067799999999
MDA/BTC,1605557619045,2020-11-16T20:13:39.045Z,buy,3.468e-05,22.0,0.00076296
MDA/BTC,1605557662541,2020-11-16T20:14:22.541Z,buy,3.468e-05,85.0,0.0029478
MDA/BTC,1605557728654,2020-11-16T20:15:28.654Z,buy,3.477e-05,85.0,0.00295545
MDA/BTC,1605557728654,2020-11-16T20:15:28.654Z,buy,3.478e-05,53.0,0.00184334
MDA/BTC,1605557728654,2020-11-16T20:15:28.654Z,buy,3.482e-05,14.0,0.00048748
MDA/BTC,1605557728654,2020-11-16T20:15:28.654Z,buy,3.491e-05,136.0,0.00474776
MDA/BTC,1605557728654,2020-11-16T20:15:28.654Z,buy,3.493e-05,328.0,0.01145704
MDA/BTC,1605557728654,2020-11-16T20:15:28.654Z,buy,3.499e-05,688.0,0.02407312
MDA/BTC,1605557728654,2020-11-16T20:15:28.654Z,buy,3.5e-05,990.0,0.03465
MDA/BTC,1605557736684,2020-11-16T20:15:36.684Z,buy,3.496e-05,23.0,0.00080408
MDA/BTC,1605557736684,2020-11-16T20:15:36.684Z,buy,3.496e-05,23.0,0.00080408
MDA/BTC,1605558336364,2020-11-16T20:25:36.364Z,sell,3.477e-05,5.0,0.00017385
MDA/BTC,1605558336364,2020-11-16T20:25:36.364Z,sell,3.468e-05,3.0,0.00010404
MDA/BTC,1605558336364,2020-11-16T20:25:36.364Z,sell,3.466e-05,276.0,0.0095661599999999
MDA/BTC,1605558336364,2020-11-16T20:25:36.364Z,sell,3.465e-05,239.0,0.00828135
MDA/BTC,1605559315057,2020-11-16T20:41:55.057Z,sell,3.461e-05,7.0,0.00024227
MDA/BTC,1605559315057,2020-11-16T20:41:55.057Z,sell,3.458e-05,20.0,0.0006915999999999
MDA/BTC,1605559315057,2020-11-16T20:41:55.057Z,sell,3.455e-05,5.0,0.00017275
MDA/BTC,1605559315057,2020-11-16T20:41:55.057Z,sell,3.452e-05,194.0,0.00669688
MDA/BTC,1605559334040,2020-11-16T20:42:14.040Z,sell,3.463e-05,4.0,0.00013852
MDA/BTC,1605559334040,2020-11-16T20:42:14.040Z,sell,3.452e-05,950.0,0.032794
MDA/BTC,1605559334040,2020-11-16T20:42:14.040Z,sell,3.451e-05,305.0,0.01052555
MDA/BTC,1605559345196,2020-11-16T20:42:25.196Z,sell,3.451e-05,124.0,0.00427924
MDA/BTC,1605559509345,2020-11-16T20:45:09.345Z,buy,3.451e-05,3.0,0.00010353
MDA/BTC,1605559631607,2020-11-16T20:47:11.607Z,buy,3.451e-05,29.0,0.00100079
MDA/BTC,1605559631617,2020-11-16T20:47:11.617Z,buy,3.451e-05,81.0,0.00279531
MDA/BTC,1605559631883,2020-11-16T20:47:11.883Z,buy,3.451e-05,40.0,0.0013804
MDA/BTC,1605559705804,2020-11-16T20:48:25.804Z,buy,3.451e-05,329.0,0.01135379
MDA/BTC,1605559705817,2020-11-16T20:48:25.817Z,buy,3.451e-05,175.0,0.00603925
MDA/BTC,1605559705932,2020-11-16T20:48:25.932Z,buy,3.451e-05,88.0,0.00303688
MDA/BTC,1605559706068,2020-11-16T20:48:26.068Z,buy,3.451e-05,44.0,0.00151844
MDA/BTC,1605559706445,2020-11-16T20:48:26.445Z,buy,3.451e-05,313.0,0.01080163
MDA/BTC,1605559708249,2020-11-16T20:48:28.249Z,buy,3.468e-05,8.0,0.00027744
MDA/BTC,1605559711750,2020-11-16T20:48:31.750Z,buy,3.468e-05,22.0,0.00076296
MDA/BTC,1605559732084,2020-11-16T20:48:52.084Z,sell,3.453e-05,23.0,0.00079419
MDA/BTC,1605559732084,2020-11-16T20:48:52.084Z,sell,3.45e-05,515.0,0.0177675
MDA/BTC,1605559767716,2020-11-16T20:49:27.716Z,sell,3.451e-05,8.0,0.00027608
MDA/BTC,1605560416506,2020-11-16T21:00:16.506Z,sell,3.448e-05,17.0,0.00058616
MDA/BTC,1605560434936,2020-11-16T21:00:34.936Z,sell,3.463e-05,4.0,0.00013852
MDA/BTC,1605561308435,2020-11-16T21:15:08.435Z,sell,3.459e-05,60.0,0.0020754
MDA/BTC,1605561308435,2020-11-16T21:15:08.435Z,sell,3.459e-05,60.0,0.0020754
MDA/BTC,1605561507981,2020-11-16T21:18:27.981Z,sell,3.459e-05,52.0,0.00179868
MDA/BTC,1605561508104,2020-11-16T21:18:28.104Z,sell,3.448e-05,31.0,0.00106888
MDA/BTC,1605561697434,2020-11-16T21:21:37.434Z,sell,3.448e-05,9.0,0.00031032
MDA/BTC,1605562704666,2020-11-16T21:38:24.666Z,sell,3.433e-05,4.0,0.00013732
MDA/BTC,1605563328360,2020-11-16T21:48:48.360Z,buy,3.447e-05,328.0,0.01130616
MDA/BTC,1605563328374,2020-11-16T21:48:48.374Z,buy,3.447e-05,44.0,0.00151668
MDA/BTC,1605563328606,2020-11-16T21:48:48.606Z,buy,3.448e-05,141.0,0.00486168
MDA/BTC,1605563328719,2020-11-16T21:48:48.719Z,buy,3.448e-05,71.0,0.00244808
MDA/BTC,1605563328903,2020-11-16T21:48:48.903Z,buy,3.448e-05,35.0,0.0012068
MDA/BTC,1605563359879,2020-11-16T21:49:19.879Z,buy,3.448e-05,231.0,0.00796488
MDA/BTC,1605563359879,2020-11-16T21:49:19.879Z,buy,3.45e-05,113.0,0.0038984999999999
MDA/BTC,1605563360028,2020-11-16T21:49:20.028Z,buy,3.45e-05,57.0,0.0019665
MDA/BTC,1605563613129,2020-11-16T21:53:33.129Z,buy,3.474e-05,3.0,0.00010422
MDA/BTC,1605564019275,2020-11-16T22:00:19.275Z,sell,3.451e-05,11.0,0.00037961
MDA/BTC,1605564343109,2020-11-16T22:05:43.109Z,buy,3.451e-05,7.0,0.00024157
MDA/BTC,1605564343109,2020-11-16T22:05:43.109Z,buy,3.451e-05,7.0,0.00024157
MDA/BTC,1605567615846,2020-11-16T23:00:15.846Z,buy,3.453e-05,18.0,0.00062154
MDA/BTC,1605567724411,2020-11-16T23:02:04.411Z,buy,3.453e-05,4.0,0.00013812
MDA/BTC,1605567900059,2020-11-16T23:05:00.059Z,buy,3.453e-05,1.0,3.453e-05
MDA/BTC,1605567900059,2020-11-16T23:05:00.059Z,buy,3.477e-05,43.0,0.00149511
MDA/BTC,1605567900059,2020-11-16T23:05:00.059Z,buy,3.478e-05,16.0,0.00055648
MDA/BTC,1605567900059,2020-11-16T23:05:00.059Z,buy,3.453e-05,1.0,3.453e-05
MDA/BTC,1605567900059,2020-11-16T23:05:00.059Z,buy,3.477e-05,43.0,0.00149511
MDA/BTC,1605567900059,2020-11-16T23:05:00.059Z,buy,3.478e-05,16.0,0.00055648
MDA/BTC,1605570090459,2020-11-16T23:41:30.459Z,sell,3.457e-05,289.0,0.00999073
MDA/BTC,1605570160252,2020-11-16T23:42:40.252Z,buy,3.457e-05,5.0,0.00017285
MDA/BTC,1605570824259,2020-11-16T23:53:44.259Z,buy,3.475e-05,45.0,0.0015637499999999
MDA/BTC,1605570824259,2020-11-16T23:53:44.259Z,buy,3.476e-05,188.0,0.00653488
MDA/BTC,1605571217708,2020-11-17T00:00:17.708Z,sell,3.467e-05,7.0,0.00024269
MDA/BTC,1605571384667,2020-11-17T00:03:04.667Z,sell,3.47e-05,4.0,0.0001388
MDA/BTC,1605571386738,2020-11-17T00:03:06.738Z,buy,3.489e-05,269.0,0.00938541
MDA/BTC,1605571386738,2020-11-17T00:03:06.738Z,buy,3.489e-05,269.0,0.00938541
MDA/BTC,1605571875366,2020-11-17T00:11:15.366Z,sell,3.473e-05,240.0,0.0083352
MDA/BTC,1605572158481,2020-11-17T00:15:58.481Z,buy,3.473e-05,3.0,0.00010419
MDA/BTC,1605572158481,2020-11-17T00:15:58.481Z,buy,3.492e-05,48.0,0.0016761599999999
MDA/BTC,1605572208099,2020-11-17T00:16:48.099Z,buy,3.485e-05,330.0,0.0115005
MDA/BTC,1605572369918,2020-11-17T00:19:29.918Z,sell,3.47e-05,6.0,0.0002082
MDA/BTC,1605572522502,2020-11-17T00:22:02.502Z,buy,3.488e-05,6.0,0.00020928
MDA/BTC,1605573072496,2020-11-17T00:31:12.496Z,buy,3.488e-05,3.0,0.00010464
MDA/BTC,1605573072496,2020-11-17T00:31:12.496Z,buy,3.5e-05,5.0,0.0001749999999999
MDA/BTC,1605573072496,2020-11-17T00:31:12.496Z,buy,3.503e-05,27.0,0.00094581
MDA/BTC,1605573072496,2020-11-17T00:31:12.496Z,buy,3.507e-05,26.0,0.00091182
MDA/BTC,1605573102480,2020-11-17T00:31:42.480Z,buy,3.495e-05,51.0,0.00178245
MDA/BTC,1605573118591,2020-11-17T00:31:58.591Z,sell,3.477e-05,5.0,0.00017385
MDA/BTC,1605573118591,2020-11-17T00:31:58.591Z,sell,3.475e-05,55.0,0.00191125
MDA/BTC,1605573118591,2020-11-17T00:31:58.591Z,sell,3.474e-05,62.0,0.00215388
MDA/BTC,1605573132473,2020-11-17T00:32:12.473Z,buy,3.494e-05,37.0,0.00129278
MDA/BTC,1605573422557,2020-11-17T00:37:02.557Z,buy,3.487e-05,6.0,0.00020922
MDA/BTC,1605574808340,2020-11-17T01:00:08.340Z,sell,3.471e-05,165.0,0.0057271499999999
MDA/BTC,1605574808340,2020-11-17T01:00:08.340Z,sell,3.469e-05,443.0,0.01536767
MDA/BTC,1605574808340,2020-11-17T01:00:08.340Z,sell,3.466e-05,480.0,0.0166368
MDA/BTC,1605574808340,2020-11-17T01:00:08.340Z,sell,3.465e-05,640.0,0.022176
MDA/BTC,1605574808340,2020-11-17T01:00:08.340Z,sell,3.461e-05,7.0,0.00024227
MDA/BTC,1605574808340,2020-11-17T01:00:08.340Z,sell,3.458e-05,20.0,0.0006915999999999
MDA/BTC,1605574808340,2020-11-17T01:00:08.340Z,sell,3.457e-05,23.0,0.00079511
MDA/BTC,1605574808340,2020-11-17T01:00:08.340Z,sell,3.456e-05,684.0,0.02363904
MDA/BTC,1605574808340,2020-11-17T01:00:08.340Z,sell,3.455e-05,98.0,0.0033859
MDA/BTC,1605574808762,2020-11-17T01:00:08.762Z,sell,3.455e-05,2807.0,0.09698185
MDA/BTC,1605574808776,2020-11-17T01:00:08.776Z,sell,3.455e-05,317.0,0.01095235
MDA/BTC,1605574809675,2020-11-17T01:00:09.675Z,sell,3.457e-05,247.0,0.00853879
MDA/BTC,1605574811517,2020-11-17T01:00:11.517Z,sell,3.457e-05,108.0,0.00373356
MDA/BTC,1605574818618,2020-11-17T01:00:18.618Z,sell,3.457e-05,17.0,0.00058769
MDA/BTC,1605574818618,2020-11-17T01:00:18.618Z,sell,3.457e-05,17.0,0.00058769
MDA/BTC,1605575157610,2020-11-17T01:05:57.610Z,sell,3.458e-05,42.0,0.00145236
MDA/BTC,1605575157610,2020-11-17T01:05:57.610Z,sell,3.457e-05,25.0,0.00086425
MDA/BTC,1605575894258,2020-11-17T01:18:14.258Z,buy,3.475e-05,7.0,0.0002432499999999
MDA/BTC,1605576453737,2020-11-17T01:27:33.737Z,sell,3.474e-05,11.0,0.00038214
MDA/BTC,1605576634833,2020-11-17T01:30:34.833Z,sell,3.471e-05,806.0,0.02797626
MDA/BTC,1605576634844,2020-11-17T01:30:34.844Z,sell,3.471e-05,58.0,0.00201318
MDA/BTC,1605576665349,2020-11-17T01:31:05.349Z,sell,3.471e-05,55.0,0.0019090499999999
MDA/BTC,1605576677306,2020-11-17T01:31:17.306Z,sell,3.472e-05,10.0,0.0003472
MDA/BTC,1605577532239,2020-11-17T01:45:32.239Z,buy,3.469e-05,864.0,0.02997216
MDA/BTC,1605577684068,2020-11-17T01:48:04.068Z,buy,3.474e-05,7.0,0.00024318
MDA/BTC,1605577684301,2020-11-17T01:48:04.301Z,buy,3.474e-05,7.0,0.00024318
MDA/BTC,1605578217492,2020-11-17T01:56:57.492Z,buy,3.476e-05,9.0,0.00031284
MDA/BTC,1605578417130,2020-11-17T02:00:17.130Z,buy,3.476e-05,17.0,0.00059092
MDA/BTC,1605578417130,2020-11-17T02:00:17.130Z,buy,3.476e-05,17.0,0.00059092
MDA/BTC,1605579334991,2020-11-17T02:15:34.991Z,sell,3.473e-05,481.0,0.01670513
MDA/BTC,1605579335000,2020-11-17T02:15:35.000Z,sell,3.473e-05,210.0,0.0072933
MDA/BTC,1605579495616,2020-11-17T02:18:15.616Z,sell,3.449e-05,171.0,0.0058977899999999
MDA/BTC,1605580565672,2020-11-17T02:36:05.672Z,buy,3.475e-05,7.0,0.0002432499999999
MDA/BTC,1605580670281,2020-11-17T02:37:50.281Z,sell,3.454e-05,4.0,0.00013816
MDA/BTC,1605581171563,2020-11-17T02:46:11.563Z,buy,3.477e-05,3.0,0.00010431
MDA/BTC,1605581171563,2020-11-17T02:46:11.563Z,buy,3.477e-05,3.0,0.00010431
MDA/BTC,1605582020506,2020-11-17T03:00:20.506Z,buy,3.477e-05,3.0,0.00010431
MDA/BTC,1605582370451,2020-11-17T03:06:10.451Z,sell,3.459e-05,206.0,0.00712554
MDA/BTC,1605582370451,2020-11-17T03:06:10.451Z,sell,3.459e-05,206.0,0.00712554
MDA/BTC,1605585479607,2020-11-17T03:57:59.607Z,sell,3.459e-05,3.0,0.0001037699999999
MDA/BTC,1605585479607,2020-11-17T03:57:59.607Z,sell,3.455e-05,5.0,0.00017275
MDA/BTC,1605585479607,2020-11-17T03:57:59.607Z,sell,3.452e-05,23.0,0.00079396
MDA/BTC,1605585479607,2020-11-17T03:57:59.607Z,sell,3.444e-05,47.0,0.00161868
MDA/BTC,1605585618984,2020-11-17T04:00:18.984Z,buy,3.466e-05,13.0,0.0004505799999999
MDA/BTC,1605585618984,2020-11-17T04:00:18.984Z,buy,3.466e-05,13.0,0.0004505799999999
MDA/BTC,1605588725381,2020-11-17T04:52:05.381Z,buy,3.457e-05,8.0,0.00027656
MDA/BTC,1605589129717,2020-11-17T04:58:49.717Z,buy,3.457e-05,6.0,0.00020742
MDA/BTC,1605589211833,2020-11-17T05:00:11.833Z,sell,3.435e-05,4.0,0.0001374
MDA/BTC,1605589211833,2020-11-17T05:00:11.833Z,sell,3.434e-05,1.0,3.434e-05
MDA/BTC,1605589211833,2020-11-17T05:00:11.833Z,sell,3.435e-05,4.0,0.0001374
MDA/BTC,1605589211833,2020-11-17T05:00:11.833Z,sell,3.434e-05,1.0,3.434e-05
MDA/BTC,1605589686355,2020-11-17T05:08:06.355Z,sell,3.454e-05,106.0,0.0036612399999999
MDA/BTC,1605589686355,2020-11-17T05:08:06.355Z,sell,3.453e-05,309.0,0.01066977
MDA/BTC,1605591361252,2020-11-17T05:36:01.252Z,sell,3.434e-05,350.0,0.012019
MDA/BTC,1605591361252,2020-11-17T05:36:01.252Z,sell,3.434e-05,350.0,0.012019
MDA/BTC,1605592879339,2020-11-17T06:01:19.339Z,buy,3.457e-05,11.0,0.00038027
MDA/BTC,1605592923022,2020-11-17T06:02:03.022Z,buy,3.457e-05,107.0,0.00369899
MDA/BTC,1605594533414,2020-11-17T06:28:53.414Z,buy,3.457e-05,65.0,0.00224705
MDA/BTC,1605594533414,2020-11-17T06:28:53.414Z,buy,3.457e-05,65.0,0.00224705
MDA/BTC,1605596475944,2020-11-17T07:01:15.944Z,sell,3.457e-05,4.0,0.00013828
MDA/BTC,1605596673756,2020-11-17T07:04:33.756Z,sell,3.457e-05,6.0,0.00020742
MDA/BTC,1605596712103,2020-11-17T07:05:12.103Z,buy,3.456e-05,4.0,0.00013824
MDA/BTC,1605597425332,2020-11-17T07:17:05.332Z,sell,3.433e-05,611.0,0.02097563
MDA/BTC,1605597425332,2020-11-17T07:17:05.332Z,sell,3.432e-05,1163.0,0.03991416
MDA/BTC,1605597442929,2020-11-17T07:17:22.929Z,sell,3.432e-05,140.0,0.0048048
MDA/BTC,1605597643810,2020-11-17T07:20:43.810Z,sell,3.432e-05,4013.0,0.13772616
MDA/BTC,1605597643824,2020-11-17T07:20:43.824Z,sell,3.432e-05,105.0,0.0036035999999999
MDA/BTC,1605597827374,2020-11-17T07:23:47.374Z,buy,3.455e-05,5.0,0.00017275
MDA/BTC,1605597827374,2020-11-17T07:23:47.374Z,buy,3.456e-05,15.0,0.0005184
MDA/BTC,1605597827374,2020-11-17T07:23:47.374Z,buy,3.455e-05,5.0,0.00017275
MDA/BTC,1605597827374,2020-11-17T07:23:47.374Z,buy,3.456e-05,15.0,0.0005184
MDA/BTC,1605598922828,2020-11-17T07:42:02.828Z,buy,3.444e-05,23.0,0.00079212
MDA/BTC,1605598989308,2020-11-17T07:43:09.308Z,buy,3.438e-05,3.0,0.0001031399999999
MDA/BTC,1605599523173,2020-11-17T07:52:03.173Z,sell,3.432e-05,5.0,0.0001716
MDA/BTC,1605599541707,2020-11-17T07:52:21.707Z,sell,3.431e-05,155.0,0.00531805
MDA/BTC,1605599541707,2020-11-17T07:52:21.707Z,sell,3.43e-05,207.0,0.0071001
MDA/BTC,1605599692914,2020-11-17T07:54:52.914Z,sell,3.431e-05,3.0,0.00010293
MDA/BTC,1605599692914,2020-11-17T07:54:52.914Z,sell,3.43e-05,6.0,0.0002058
MDA/BTC,1605600025581,2020-11-17T08:00:25.581Z,buy,3.434e-05,37.0,0.0012705799999999
MDA/BTC,1605600086231,2020-11-17T08:01:26.231Z,buy,3.443e-05,6.0,0.00020658
MDA/BTC,1605600315431,2020-11-17T08:05:15.431Z,buy,3.443e-05,3.0,0.00010329
MDA/BTC,1605600315431,2020-11-17T08:05:15.431Z,buy,3.452e-05,110.0,0.0037972
MDA/BTC,1605600315431,2020-11-17T08:05:15.431Z,buy,3.453e-05,90.0,0.0031077
MDA/BTC,1605600315431,2020-11-17T08:05:15.431Z,buy,3.454e-05,22.0,0.00075988
MDA/BTC,1605600420123,2020-11-17T08:07:00.123Z,sell,3.43e-05,244.0,0.0083692
MDA/BTC,1605600423606,2020-11-17T08:07:03.606Z,buy,3.454e-05,4.0,0.00013816
MDA/BTC,1605600423606,2020-11-17T08:07:03.606Z,buy,3.454e-05,4.0,0.00013816
MDA/BTC,1605603296197,2020-11-17T08:54:56.197Z,buy,3.454e-05,4.0,0.00013816
MDA/BTC,1605603296250,2020-11-17T08:54:56.250Z,buy,3.454e-05,4.0,0.00013816
MDA/BTC,1605603296301,2020-11-17T08:54:56.301Z,buy,3.454e-05,4.0,0.00013816
MDA/BTC,1605603296306,2020-11-17T08:54:56.306Z,buy,3.454e-05,3.0,0.0001036199999999
MDA/BTC,1605603296306,2020-11-17T08:54:56.306Z,buy,3.454e-05,3.0,0.0001036199999999
MDA/BTC,1605606851888,2020-11-17T09:54:11.888Z,sell,3.431e-05,29.0,0.00099499
MDA/BTC,1605606860232,2020-11-17T09:54:20.232Z,sell,3.43e-05,93.0,0.0031899
MDA/BTC,1605606860232,2020-11-17T09:54:20.232Z,sell,3.43e-05,93.0,0.0031899
MDA/BTC,1605607232895,2020-11-17T10:00:32.895Z,sell,3.43e-05,233.0,0.0079919
MDA/BTC,1605607278948,2020-11-17T10:01:18.948Z,buy,3.449e-05,8.0,0.00027592
MDA/BTC,1605609523892,2020-11-17T10:38:43.892Z,sell,3.43e-05,125.0,0.0042875
MDA/BTC,1605609523892,2020-11-17T10:38:43.892Z,sell,3.43e-05,125.0,0.0042875
MDA/BTC,1605610469654,2020-11-17T10:54:29.654Z,sell,3.43e-05,40.0,0.001372
MDA/BTC,1605610921686,2020-11-17T11:02:01.686Z,buy,3.449e-05,4.0,0.00013796
MDA/BTC,1605610982479,2020-11-17T11:03:02.479Z,buy,3.449e-05,270.0,0.0093122999999999
MDA/BTC,1605611860548,2020-11-17T11:17:40.548Z,sell,3.431e-05,29.0,0.00099499
MDA/BTC,1605611860548,2020-11-17T11:17:40.548Z,sell,3.43e-05,136.0,0.0046648
MDA/BTC,1605612157093,2020-11-17T11:22:37.093Z,sell,3.43e-05,506.0,0.0173558
MDA/BTC,1605612235442,2020-11-17T11:23:55.442Z,sell,3.43e-05,452.0,0.0155036
MDA/BTC,1605612236339,2020-11-17T11:23:56.339Z,sell,3.43e-05,490.0,0.016807
MDA/BTC,1605612243953,2020-11-17T11:24:03.953Z,sell,3.43e-05,343.0,0.0117649
MDA/BTC,1605612277232,2020-11-17T11:24:37.232Z,sell,3.43e-05,29.0,0.0009947
MDA/BTC,1605612297720,2020-11-17T11:24:57.720Z,sell,3.43e-05,350.0,0.012005
MDA/BTC,1605612301219,2020-11-17T11:25:01.219Z,sell,3.43e-05,336.0,0.0115248
MDA/BTC,1605612301912,2020-11-17T11:25:01.912Z,sell,3.43e-05,343.0,0.0117649
MDA/BTC,1605612304255,2020-11-17T11:25:04.255Z,sell,3.43e-05,351.0,0.0120393
MDA/BTC,1605612321743,2020-11-17T11:25:21.743Z,sell,3.43e-05,1880.0,0.064484
MDA/BTC,1605612321743,2020-11-17T11:25:21.743Z,sell,3.43e-05,1880.0,0.064484
MDA/BTC,1605613886960,2020-11-17T11:51:26.960Z,buy,3.431e-05,4.0,0.00013724
MDA/BTC,1605614218546,2020-11-17T11:56:58.546Z,sell,3.43e-05,3.0,0.0001029
MDA/BTC,1605614218546,2020-11-17T11:56:58.546Z,sell,3.422e-05,1.0,3.422e-05
MDA/BTC,1605614307165,2020-11-17T11:58:27.165Z,buy,3.43e-05,4.0,0.0001372
MDA/BTC,1605614423553,2020-11-17T12:00:23.553Z,sell,3.422e-05,23.0,0.00078706
MDA/BTC,1605614574689,2020-11-17T12:02:54.689Z,sell,3.422e-05,8.0,0.00027376
MDA/BTC,1605614627768,2020-11-17T12:03:47.768Z,sell,3.419e-05,7.0,0.00023933
MDA/BTC,1605614627768,2020-11-17T12:03:47.768Z,sell,3.418e-05,44.0,0.00150392
MDA/BTC,1605614749252,2020-11-17T12:05:49.252Z,sell,3.418e-05,4.0,0.00013672
MDA/BTC,1605614774919,2020-11-17T12:06:14.919Z,buy,3.422e-05,4.0,0.00013688
MDA/BTC,1605615203042,2020-11-17T12:13:23.042Z,sell,3.418e-05,4.0,0.00013672
MDA/BTC,1605615222103,2020-11-17T12:13:42.103Z,buy,3.422e-05,4.0,0.00013688
MDA/BTC,1605615822811,2020-11-17T12:23:42.811Z,sell,3.418e-05,1.0,3.418e-05
MDA/BTC,1605615822811,2020-11-17T12:23:42.811Z,sell,3.416e-05,3.0,0.00010248
MDA/BTC,1605615895139,2020-11-17T12:24:55.139Z,buy,3.422e-05,4.0,0.00013688
MDA/BTC,1605615895139,2020-11-17T12:24:55.139Z,buy,3.422e-05,4.0,0.00013688
MDA/BTC,1605616529047,2020-11-17T12:35:29.047Z,sell,3.416e-05,4.0,0.00013664
MDA/BTC,1605616597460,2020-11-17T12:36:37.460Z,buy,3.422e-05,4.0,0.00013688
MDA/BTC,1605616725440,2020-11-17T12:38:45.440Z,buy,3.422e-05,145.0,0.0049619
MDA/BTC,1605616895151,2020-11-17T12:41:35.151Z,buy,3.422e-05,436.0,0.01491992
MDA/BTC,1605617211143,2020-11-17T12:46:51.143Z,sell,3.416e-05,635.0,0.0216916
MDA/BTC,1605617211143,2020-11-17T12:46:51.143Z,sell,3.414e-05,904.0,0.03086256
MDA/BTC,1605617230534,2020-11-17T12:47:10.534Z,sell,3.414e-05,4.0,0.00013656
MDA/BTC,1605617239208,2020-11-17T12:47:19.208Z,buy,3.422e-05,4.0,0.00013688
MDA/BTC,1605617284549,2020-11-17T12:48:04.549Z,sell,3.414e-05,101.0,0.00344814
MDA/BTC,1605617285558,2020-11-17T12:48:05.558Z,sell,3.414e-05,122.0,0.00416508
MDA/BTC,1605618027093,2020-11-17T13:00:27.093Z,buy,3.422e-05,3.0,0.00010266
MDA/BTC,1605618077866,2020-11-17T13:01:17.866Z,buy,3.422e-05,3.0,0.00010266
MDA/BTC,1605618078108,2020-11-17T13:01:18.108Z,buy,3.422e-05,4.0,0.00013688
MDA/BTC,1605618157264,2020-11-17T13:02:37.264Z,buy,3.422e-05,1121.0,0.03836062
MDA/BTC,1605618958567,2020-11-17T13:15:58.567Z,buy,3.421e-05,25.0,0.00085525
MDA/BTC,1605618958567,2020-11-17T13:15:58.567Z,buy,3.422e-05,660.0,0.0225852
MDA/BTC,1605618958567,2020-11-17T13:15:58.567Z,buy,3.426e-05,85.0,0.0029121
MDA/BTC,1605618958567,2020-11-17T13:15:58.567Z,buy,3.427e-05,688.0,0.02357776
MDA/BTC,1605618958626,2020-11-17T13:15:58.626Z,buy,3.428e-05,729.0,0.0249901199999999
MDA/BTC,1605618958928,2020-11-17T13:15:58.928Z,buy,3.428e-05,55.0,0.0018853999999999
MDA/BTC,1605619029010,2020-11-17T13:17:09.010Z,buy,3.431e-05,4.0,0.00013724
MDA/BTC,1605619030935,2020-11-17T13:17:10.935Z,buy,3.432e-05,4.0,0.00013728
MDA/BTC,1605619032947,2020-11-17T13:17:12.947Z,buy,3.432e-05,19.0,0.00065208
MDA/BTC,1605619036328,2020-11-17T13:17:16.328Z,buy,3.432e-05,57.0,0.0019562399999999
MDA/BTC,1605619044871,2020-11-17T13:17:24.871Z,buy,3.432e-05,21.0,0.0007207199999999
MDA/BTC,1605619373720,2020-11-17T13:22:53.720Z,buy,3.432e-05,167.0,0.0057314399999999
MDA/BTC,1605619373720,2020-11-17T13:22:53.720Z,buy,3.432e-05,167.0,0.0057314399999999
MDA/BTC,1605620144573,2020-11-17T13:35:44.573Z,sell,3.414e-05,42.0,0.00143388
MDA/BTC,1605620942925,2020-11-17T13:49:02.925Z,sell,3.414e-05,4.0,0.00013656
MDA/BTC,1605621073643,2020-11-17T13:51:13.643Z,buy,3.432e-05,4.0,0.00013728
MDA/BTC,1605621619696,2020-11-17T14:00:19.696Z,sell,3.414e-05,15.0,0.0005121
MDA/BTC,1605621628227,2020-11-17T14:00:28.227Z,sell,3.414e-05,4.0,0.00013656
MDA/BTC,1605621634946,2020-11-17T14:00:34.946Z,buy,3.432e-05,4.0,0.00013728
MDA/BTC,1605621763275,2020-11-17T14:02:43.275Z,sell,3.414e-05,400.0,0.013656
MDA/BTC,1605621763275,2020-11-17T14:02:43.275Z,sell,3.413e-05,20.0,0.0006826
MDA/BTC,1605621763275,2020-11-17T14:02:43.275Z,sell,3.412e-05,86.0,0.00293432
MDA/BTC,1605621763275,2020-11-17T14:02:43.275Z,sell,3.41e-05,23.0,0.0007843
MDA/BTC,1605621763275,2020-11-17T14:02:43.275Z,sell,3.41e-05,32.0,0.0010912
MDA/BTC,1605621763275,2020-11-17T14:02:43.275Z,sell,3.41e-05,19.0,0.0006479
MDA/BTC,1605621765197,2020-11-17T14:02:45.197Z,sell,3.41e-05,11.0,0.0003751
MDA/BTC,1605622614836,2020-11-17T14:16:54.836Z,sell,3.41e-05,83.0,0.0028303
MDA/BTC,1605622614836,2020-11-17T14:16:54.836Z,sell,3.409e-05,103.0,0.00351127
MDA/BTC,1605622683003,2020-11-17T14:18:03.003Z,sell,3.409e-05,18.0,0.00061362
MDA/BTC,1605622683088,2020-11-17T14:18:03.088Z,buy,3.409e-05,54.0,0.00184086
MDA/BTC,1605622695096,2020-11-17T14:18:15.096Z,buy,3.41e-05,31.0,0.0010571
MDA/BTC,1605622937493,2020-11-17T14:22:17.493Z,sell,3.408e-05,14.0,0.00047712
MDA/BTC,1605622937493,2020-11-17T14:22:17.493Z,sell,3.408e-05,14.0,0.00047712
MDA/BTC,1605623287789,2020-11-17T14:28:07.789Z,sell,3.408e-05,552.0,0.0188121599999999
MDA/BTC,1605623287797,2020-11-17T14:28:07.797Z,sell,3.408e-05,276.0,0.0094060799999999
MDA/BTC,1605623287910,2020-11-17T14:28:07.910Z,sell,3.408e-05,138.0,0.0047030399999999
MDA/BTC,1605623288117,2020-11-17T14:28:08.117Z,sell,3.408e-05,69.0,0.0023515199999999
MDA/BTC,1605623289709,2020-11-17T14:28:09.709Z,sell,3.408e-05,34.0,0.00115872
MDA/BTC,1605623456548,2020-11-17T14:30:56.548Z,sell,3.408e-05,175.0,0.005964
MDA/BTC,1605623456548,2020-11-17T14:30:56.548Z,sell,3.407e-05,36.0,0.0012265199999999
MDA/BTC,1605623456548,2020-11-17T14:30:56.548Z,sell,3.406e-05,282.0,0.00960492
MDA/BTC,1605623456548,2020-11-17T14:30:56.548Z,sell,3.405e-05,810.0,0.0275805
MDA/BTC,1605623456548,2020-11-17T14:30:56.548Z,sell,3.404e-05,337.0,0.01147148
MDA/BTC,1605623478805,2020-11-17T14:31:18.805Z,sell,3.404e-05,23.0,0.00078292
MDA/BTC,1605623478805,2020-11-17T14:31:18.805Z,sell,3.402e-05,3.0,0.00010206
MDA/BTC,1605623652406,2020-11-17T14:34:12.406Z,sell,3.4e-05,164.0,0.005576
MDA/BTC,1605623652501,2020-11-17T14:34:12.501Z,sell,3.4e-05,82.0,0.002788
MDA/BTC,1605623652702,2020-11-17T14:34:12.702Z,sell,3.4e-05,41.0,0.001394
MDA/BTC,1605624541580,2020-11-17T14:49:01.580Z,buy,3.409e-05,8.0,0.00027272
MDA/BTC,1605624725287,2020-11-17T14:52:05.287Z,sell,3.401e-05,4.0,0.00013604
MDA/BTC,1605624772110,2020-11-17T14:52:52.110Z,sell,3.401e-05,79.0,0.00268679
MDA/BTC,1605624772110,2020-11-17T14:52:52.110Z,sell,3.4e-05,2039.0,0.069326
MDA/BTC,1605624772389,2020-11-17T14:52:52.389Z,sell,3.4e-05,65.0,0.00221
MDA/BTC,1605624782517,2020-11-17T14:53:02.517Z,sell,3.4e-05,66.0,0.002244
MDA/BTC,1605625278761,2020-11-17T15:01:18.761Z,buy,3.403e-05,11.0,0.00037433
MDA/BTC,1605625393868,2020-11-17T15:03:13.868Z,sell,3.4e-05,4.0,0.000136
MDA/BTC,1605625561037,2020-11-17T15:06:01.037Z,sell,3.4e-05,112.0,0.0038079999999999
MDA/BTC,1605626495356,2020-11-17T15:21:35.356Z,sell,3.398e-05,3.0,0.00010194
MDA/BTC,1605626497746,2020-11-17T15:21:37.746Z,sell,3.398e-05,30.0,0.0010194
MDA/BTC,1605626498004,2020-11-17T15:21:38.004Z,sell,3.388e-05,21.0,0.00071148
MDA/BTC,1605626498004,2020-11-17T15:21:38.004Z,sell,3.387e-05,8.0,0.00027096
MDA/BTC,1605626498004,2020-11-17T15:21:38.004Z,sell,3.382e-05,23.0,0.00077786
MDA/BTC,1605626498004,2020-11-17T15:21:38.004Z,sell,3.381e-05,959.0,0.03242379
MDA/BTC,1605626498004,2020-11-17T15:21:38.004Z,sell,3.378e-05,30.0,0.0010134
MDA/BTC,1605626498004,2020-11-17T15:21:38.004Z,sell,3.377e-05,13.0,0.00043901
MDA/BTC,1605626498004,2020-11-17T15:21:38.004Z,sell,3.369e-05,293.0,0.0098711699999999
MDA/BTC,1605626498686,2020-11-17T15:21:38.686Z,sell,3.368e-05,58.0,0.00195344
MDA/BTC,1605626505034,2020-11-17T15:21:45.034Z,sell,3.368e-05,34.0,0.00114512
MDA/BTC,1605626517483,2020-11-17T15:21:57.483Z,buy,3.382e-05,4.0,0.00013528
MDA/BTC,1605626517483,2020-11-17T15:21:57.483Z,buy,3.382e-05,4.0,0.00013528
MDA/BTC,1605627415666,2020-11-17T15:36:55.666Z,sell,3.383e-05,3.0,0.00010149
MDA/BTC,1605627415666,2020-11-17T15:36:55.666Z,sell,3.368e-05,291.0,0.00980088
MDA/BTC,1605627424727,2020-11-17T15:37:04.727Z,sell,3.368e-05,6.0,0.00020208
MDA/BTC,1605627827023,2020-11-17T15:43:47.023Z,sell,3.368e-05,437.0,0.01471816
MDA/BTC,1605627827023,2020-11-17T15:43:47.023Z,sell,3.364e-05,22.0,0.00074008
MDA/BTC,1605627827023,2020-11-17T15:43:47.023Z,sell,3.357e-05,85.0,0.00285345
MDA/BTC,1605627827023,2020-11-17T15:43:47.023Z,sell,3.356e-05,1574.0,0.0528234399999999
MDA/BTC,1605627829854,2020-11-17T15:43:49.854Z,sell,3.356e-05,18.0,0.0006040799999999
MDA/BTC,1605627835975,2020-11-17T15:43:55.975Z,buy,3.358e-05,23.0,0.00077234
MDA/BTC,1605627924484,2020-11-17T15:45:24.484Z,sell,3.356e-05,330.0,0.0110748
MDA/BTC,1605628092376,2020-11-17T15:48:12.376Z,sell,3.356e-05,2304.0,0.0773222399999999
MDA/BTC,1605628121847,2020-11-17T15:48:41.847Z,sell,3.356e-05,1152.0,0.0386611199999999
MDA/BTC,1605628150721,2020-11-17T15:49:10.721Z,sell,3.356e-05,583.0,0.01956548
MDA/BTC,1605628150721,2020-11-17T15:49:10.721Z,sell,3.354e-05,3.0,0.00010062
MDA/BTC,1605628150721,2020-11-17T15:49:10.721Z,sell,3.346e-05,567.0,0.01897182
MDA/BTC,1605628266839,2020-11-17T15:51:06.839Z,sell,3.346e-05,552.0,0.01846992
MDA/BTC,1605628339263,2020-11-17T15:52:19.263Z,buy,3.348e-05,72.0,0.00241056
MDA/BTC,1605628340265,2020-11-17T15:52:20.265Z,buy,3.353e-05,10.0,0.0003352999999999
MDA/BTC,1605628342296,2020-11-17T15:52:22.296Z,sell,3.346e-05,315.0,0.0105399
MDA/BTC,1605628342296,2020-11-17T15:52:22.296Z,sell,3.333e-05,7445.0,0.24814185
MDA/BTC,1605628386338,2020-11-17T15:53:06.338Z,sell,3.333e-05,24.0,0.00079992
MDA/BTC,1605628663862,2020-11-17T15:57:43.862Z,sell,3.333e-05,100.0,0.003333
MDA/BTC,1605628776870,2020-11-17T15:59:36.870Z,sell,3.333e-05,382.0,0.01273206
MDA/BTC,1605628785863,2020-11-17T15:59:45.863Z,sell,3.333e-05,694.0,0.02313102
MDA/BTC,1605628806139,2020-11-17T16:00:06.139Z,sell,3.333e-05,1906.0,0.06352698
MDA/BTC,1605628806183,2020-11-17T16:00:06.183Z,sell,3.333e-05,306.0,0.01019898
MDA/BTC,1605629030201,2020-11-17T16:03:50.201Z,buy,3.349e-05,629.0,0.02106521
MDA/BTC,1605629031338,2020-11-17T16:03:51.338Z,buy,3.349e-05,302.0,0.01011398
MDA/BTC,1605629031920,2020-11-17T16:03:51.920Z,buy,3.349e-05,165.0,0.00552585
MDA/BTC,1605629082859,2020-11-17T16:04:42.859Z,buy,3.349e-05,15.0,0.00050235
MDA/BTC,1605629082859,2020-11-17T16:04:42.859Z,buy,3.355e-05,253.0,0.00848815
MDA/BTC,1605629087784,2020-11-17T16:04:47.784Z,buy,3.356e-05,202.0,0.00677912
MDA/BTC,1605629090867,2020-11-17T16:04:50.867Z,buy,3.356e-05,116.0,0.0038929599999999
MDA/BTC,1605629106320,2020-11-17T16:05:06.320Z,buy,3.356e-05,11.0,0.00036916
MDA/BTC,1605629222126,2020-11-17T16:07:02.126Z,sell,3.356e-05,12.0,0.0004027199999999
MDA/BTC,1605629223945,2020-11-17T16:07:03.945Z,sell,3.355e-05,55.0,0.00184525
MDA/BTC,1605629223967,2020-11-17T16:07:03.967Z,buy,3.359e-05,450.0,0.0151155
MDA/BTC,1605629225127,2020-11-17T16:07:05.127Z,sell,3.334e-05,11.0,0.00036674
MDA/BTC,1605629229125,2020-11-17T16:07:09.125Z,buy,3.356e-05,546.0,0.0183237599999999
MDA/BTC,1605629229177,2020-11-17T16:07:09.177Z,buy,3.356e-05,142.0,0.00476552
MDA/BTC,1605629229177,2020-11-17T16:07:09.177Z,buy,3.357e-05,331.0,0.0111116699999999
MDA/BTC,1605629230168,2020-11-17T16:07:10.168Z,buy,3.356e-05,476.0,0.01597456
MDA/BTC,1605629258806,2020-11-17T16:07:38.806Z,buy,3.357e-05,2342.0,0.07862094
MDA/BTC,1605629258874,2020-11-17T16:07:38.874Z,buy,3.357e-05,179.0,0.0060090299999999
MDA/BTC,1605629271809,2020-11-17T16:07:51.809Z,buy,3.357e-05,679.0,0.02279403
MDA/BTC,1605629948038,2020-11-17T16:19:08.038Z,buy,3.34e-05,204.0,0.0068135999999999
MDA/BTC,1605629948057,2020-11-17T16:19:08.057Z,buy,3.34e-05,8.0,0.0002672
MDA/BTC,1605629962443,2020-11-17T16:19:22.443Z,buy,3.356e-05,70.0,0.0023491999999999
MDA/BTC,1605629962443,2020-11-17T16:19:22.443Z,buy,3.358e-05,99.0,0.00332442
MDA/BTC,1605629984042,2020-11-17T16:19:44.042Z,buy,3.357e-05,23.0,0.00077211
MDA/BTC,1605630063479,2020-11-17T16:21:03.479Z,buy,3.358e-05,54.0,0.00181332
MDA/BTC,1605630072263,2020-11-17T16:21:12.263Z,buy,3.357e-05,53.0,0.00177921
MDA/BTC,1605630072263,2020-11-17T16:21:12.263Z,buy,3.357e-05,53.0,0.00177921
MDA/BTC,1605630126430,2020-11-17T16:22:06.430Z,buy,3.357e-05,85.0,0.00285345
MDA/BTC,1605630173859,2020-11-17T16:22:53.859Z,buy,3.358e-05,20.0,0.0006716
MDA/BTC,1605630181049,2020-11-17T16:23:01.049Z,buy,3.358e-05,36.0,0.00120888
MDA/BTC,1605630245960,2020-11-17T16:24:05.960Z,sell,3.361e-05,52.0,0.00174772
MDA/BTC,1605630587546,2020-11-17T16:29:47.546Z,sell,3.339e-05,684.0,0.02283876
MDA/BTC,1605630587546,2020-11-17T16:29:47.546Z,sell,3.338e-05,708.0,0.02363304
MDA/BTC,1605630587546,2020-11-17T16:29:47.546Z,sell,3.333e-05,891.0,0.02969703
MDA/BTC,1605630810794,2020-11-17T16:33:30.794Z,buy,3.361e-05,165.0,0.00554565
MDA/BTC,1605630845904,2020-11-17T16:34:05.904Z,buy,3.361e-05,148.0,0.0049742799999999
MDA/BTC,1605630879284,2020-11-17T16:34:39.284Z,sell,3.335e-05,296.0,0.0098716
MDA/BTC,1605630879284,2020-11-17T16:34:39.284Z,sell,3.334e-05,35.0,0.0011669
MDA/BTC,1605630879284,2020-11-17T16:34:39.284Z,sell,3.333e-05,369.0,0.01229877
MDA/BTC,1605630885161,2020-11-17T16:34:45.161Z,sell,3.334e-05,51.0,0.00170034
MDA/BTC,1605630885161,2020-11-17T16:34:45.161Z,sell,3.333e-05,581.0,0.01936473
MDA/BTC,1605631033079,2020-11-17T16:37:13.079Z,sell,3.333e-05,85.0,0.00283305
MDA/BTC,1605631584123,2020-11-17T16:46:24.123Z,sell,3.333e-05,63.0,0.00209979
MDA/BTC,1605631940054,2020-11-17T16:52:20.054Z,buy,3.331e-05,80.0,0.0026647999999999
MDA/BTC,1605631987956,2020-11-17T16:53:07.956Z,buy,3.331e-05,4.0,0.00013324
MDA/BTC,1605632291701,2020-11-17T16:58:11.701Z,sell,3.33e-05,7.0,0.0002331
MDA/BTC,1605632291701,2020-11-17T16:58:11.701Z,sell,3.324e-05,20.0,0.0006648
MDA/BTC,1605632291701,2020-11-17T16:58:11.701Z,sell,3.32e-05,73.0,0.0024236
MDA/BTC,1605632320340,2020-11-17T16:58:40.340Z,sell,3.32e-05,31.0,0.0010292
MDA/BTC,1605632356302,2020-11-17T16:59:16.302Z,sell,3.319e-05,43.0,0.00142717
MDA/BTC,1605632386516,2020-11-17T16:59:46.516Z,sell,3.319e-05,864.0,0.02867616
MDA/BTC,1605632389249,2020-11-17T16:59:49.249Z,sell,3.319e-05,21.0,0.00069699
MDA/BTC,1605632389249,2020-11-17T16:59:49.249Z,sell,3.318e-05,91.0,0.00301938
MDA/BTC,1605632450761,2020-11-17T17:00:50.761Z,sell,3.317e-05,100.0,0.003317
MDA/BTC,1605632560358,2020-11-17T17:02:40.358Z,sell,3.317e-05,5.0,0.00016585
MDA/BTC,1605632576511,2020-11-17T17:02:56.511Z,buy,3.319e-05,3394.0,0.11264686
MDA/BTC,1605632611433,2020-11-17T17:03:31.433Z,buy,3.321e-05,291.0,0.00966411
MDA/BTC,1605632611433,2020-11-17T17:03:31.433Z,buy,3.322e-05,1313.0,0.0436178599999999
MDA/BTC,1605632611938,2020-11-17T17:03:31.938Z,buy,3.32e-05,126.0,0.0041832
MDA/BTC,1605632653342,2020-11-17T17:04:13.342Z,sell,3.319e-05,11.0,0.00036509
MDA/BTC,1605632653379,2020-11-17T17:04:13.379Z,sell,3.317e-05,126.0,0.00417942
MDA/BTC,1605632820101,2020-11-17T17:07:00.101Z,sell,3.317e-05,76.0,0.00252092
MDA/BTC,1605632863703,2020-11-17T17:07:43.703Z,sell,3.317e-05,24.0,0.00079608
MDA/BTC,1605632863766,2020-11-17T17:07:43.766Z,sell,3.315e-05,529.0,0.01753635
MDA/BTC,1605632886469,2020-11-17T17:08:06.469Z,sell,3.315e-05,8.0,0.0002652
MDA/BTC,1605632936623,2020-11-17T17:08:56.623Z,sell,3.315e-05,22.0,0.0007293
MDA/BTC,1605633074014,2020-11-17T17:11:14.014Z,sell,3.315e-05,273.0,0.00904995
MDA/BTC,1605633085146,2020-11-17T17:11:25.146Z,sell,3.314e-05,101.0,0.0033471399999999
MDA/BTC,1605633284355,2020-11-17T17:14:44.355Z,sell,3.314e-05,161.0,0.00533554
MDA/BTC,1605633381330,2020-11-17T17:16:21.330Z,buy,3.314e-05,34.0,0.0011267599999999
MDA/BTC,1605633494670,2020-11-17T17:18:14.670Z,sell,3.313e-05,47.0,0.00155711
MDA/BTC,1605633494670,2020-11-17T17:18:14.670Z,sell,3.313e-05,47.0,0.00155711
MDA/BTC,1605633731002,2020-11-17T17:22:11.002Z,buy,3.306e-05,50.0,0.001653
MDA/BTC,1605633746806,2020-11-17T17:22:26.806Z,buy,3.306e-05,32.0,0.00105792
MDA/BTC,1605633800529,2020-11-17T17:23:20.529Z,sell,3.302e-05,6.0,0.0001981199999999
MDA/BTC,1605633800529,2020-11-17T17:23:20.529Z,sell,3.3e-05,300.0,0.0099
MDA/BTC,1605633800529,2020-11-17T17:23:20.529Z,sell,3.293e-05,337.0,0.0110974099999999
MDA/BTC,1605633800529,2020-11-17T17:23:20.529Z,sell,3.287e-05,34.0,0.00111758
MDA/BTC,1605633800529,2020-11-17T17:23:20.529Z,sell,3.286e-05,681.0,0.02237766
MDA/BTC,1605633800529,2020-11-17T17:23:20.529Z,sell,3.285e-05,752.0,0.0247031999999999
MDA/BTC,1605633801237,2020-11-17T17:23:21.237Z,sell,3.285e-05,900.0,0.0295649999999999
MDA/BTC,1605633803642,2020-11-17T17:23:23.642Z,buy,3.306e-05,7.0,0.0002314199999999
MDA/BTC,1605633823916,2020-11-17T17:23:43.916Z,buy,3.306e-05,25.0,0.0008265
MDA/BTC,1605634125542,2020-11-17T17:28:45.542Z,sell,3.293e-05,5.0,0.00016465
MDA/BTC,1605634147965,2020-11-17T17:29:07.965Z,buy,3.293e-05,4.0,0.00013172
MDA/BTC,1605634358007,2020-11-17T17:32:38.007Z,sell,3.285e-05,719.0,0.02361915
MDA/BTC,1605634358007,2020-11-17T17:32:38.007Z,sell,3.282e-05,7.0,0.00022974
MDA/BTC,1605634358007,2020-11-17T17:32:38.007Z,sell,3.279e-05,20.0,0.0006558
MDA/BTC,1605634358007,2020-11-17T17:32:38.007Z,sell,3.274e-05,5.0,0.0001637
MDA/BTC,1605634358007,2020-11-17T17:32:38.007Z,sell,3.265e-05,329.0,0.01074185
MDA/BTC,1605634358007,2020-11-17T17:32:38.007Z,sell,3.256e-05,614.0,0.01999184
MDA/BTC,1605634358007,2020-11-17T17:32:38.007Z,sell,3.255e-05,300.0,0.009765
MDA/BTC,1605634358007,2020-11-17T17:32:38.007Z,sell,3.253e-05,16.0,0.00052048
MDA/BTC,1605634358007,2020-11-17T17:32:38.007Z,sell,3.248e-05,15.0,0.0004872
MDA/BTC,1605634358007,2020-11-17T17:32:38.007Z,sell,3.239e-05,695.0,0.02251105
MDA/BTC,1605634358007,2020-11-17T17:32:38.007Z,sell,3.237e-05,66.0,0.00213642
MDA/BTC,1605634358007,2020-11-17T17:32:38.007Z,sell,3.236e-05,95.0,0.0030742
MDA/BTC,1605634359330,2020-11-17T17:32:39.330Z,buy,3.289e-05,7.0,0.00023023
MDA/BTC,1605634361920,2020-11-17T17:32:41.920Z,sell,3.24e-05,23.0,0.0007452
MDA/BTC,1605634410814,2020-11-17T17:33:30.814Z,buy,3.267e-05,8.0,0.00026136
MDA/BTC,1605634410814,2020-11-17T17:33:30.814Z,buy,3.268e-05,51.0,0.00166668
MDA/BTC,1605634410814,2020-11-17T17:33:30.814Z,buy,3.276e-05,1039.0,0.03403764
MDA/BTC,1605634410814,2020-11-17T17:33:30.814Z,buy,3.277e-05,198.0,0.00648846
MDA/BTC,1605634620939,2020-11-17T17:37:00.939Z,sell,3.242e-05,39.0,0.0012643799999999
MDA/BTC,1605634693270,2020-11-17T17:38:13.270Z,sell,3.243e-05,687.0,0.02227941
MDA/BTC,1605634693270,2020-11-17T17:38:13.270Z,sell,3.242e-05,855.0,0.0277190999999999
MDA/BTC,1605634763528,2020-11-17T17:39:23.528Z,buy,3.254e-05,8.0,0.00026032
MDA/BTC,1605634782488,2020-11-17T17:39:42.488Z,sell,3.24e-05,8.0,0.0002592
MDA/BTC,1605634835274,2020-11-17T17:40:35.274Z,sell,3.24e-05,402.0,0.0130248
MDA/BTC,1605634835277,2020-11-17T17:40:35.277Z,sell,3.24e-05,143.0,0.0046332
MDA/BTC,1605634835305,2020-11-17T17:40:35.305Z,sell,3.24e-05,188.0,0.0060912
MDA/BTC,1605635032819,2020-11-17T17:43:52.819Z,sell,3.24e-05,83.0,0.0026892
MDA/BTC,1605635142338,2020-11-17T17:45:42.338Z,sell,3.24e-05,146.0,0.0047304
MDA/BTC,1605635150375,2020-11-17T17:45:50.375Z,sell,3.24e-05,95.0,0.003078
MDA/BTC,1605635482545,2020-11-17T17:51:22.545Z,sell,3.236e-05,31.0,0.00100316
MDA/BTC,1605635541587,2020-11-17T17:52:21.587Z,buy,3.239e-05,8.0,0.00025912
MDA/BTC,1605635599191,2020-11-17T17:53:19.191Z,sell,3.236e-05,141.0,0.00456276
MDA/BTC,1605636320955,2020-11-17T18:05:20.955Z,sell,3.234e-05,20.0,0.0006468
MDA/BTC,1605636421638,2020-11-17T18:07:01.638Z,sell,3.233e-05,7.0,0.0002263099999999
MDA/BTC,1605636421913,2020-11-17T18:07:01.913Z,buy,3.234e-05,4.0,0.00012936
MDA/BTC,1605636567399,2020-11-17T18:09:27.399Z,sell,3.233e-05,38.0,0.00122854
MDA/BTC,1605636571174,2020-11-17T18:09:31.174Z,sell,3.232e-05,19.0,0.00061408
MDA/BTC,1605636572535,2020-11-17T18:09:32.535Z,sell,3.232e-05,153.0,0.00494496
MDA/BTC,1605636583894,2020-11-17T18:09:43.894Z,sell,3.232e-05,100.0,0.003232
MDA/BTC,1605636586427,2020-11-17T18:09:46.427Z,sell,3.227e-05,50.0,0.0016135
MDA/BTC,1605636636532,2020-11-17T18:10:36.532Z,sell,3.212e-05,22.0,0.0007066399999999
MDA/BTC,1605636649927,2020-11-17T18:10:49.927Z,buy,3.212e-05,21.0,0.00067452
MDA/BTC,1605636649927,2020-11-17T18:10:49.927Z,buy,3.214e-05,46.0,0.00147844
MDA/BTC,1605636649927,2020-11-17T18:10:49.927Z,buy,3.224e-05,72.0,0.00232128
MDA/BTC,1605636655778,2020-11-17T18:10:55.778Z,sell,3.212e-05,41.0,0.0013169199999999
MDA/BTC,1605636655778,2020-11-17T18:10:55.778Z,sell,3.212e-05,41.0,0.0013169199999999
MDA/BTC,1605637329468,2020-11-17T18:22:09.468Z,buy,3.222e-05,72.0,0.00231984
MDA/BTC,1605637346918,2020-11-17T18:22:26.918Z,buy,3.222e-05,24.0,0.00077328
MDA/BTC,1605637560226,2020-11-17T18:26:00.226Z,buy,3.222e-05,6.0,0.00019332
MDA/BTC,1605637919857,2020-11-17T18:31:59.857Z,buy,3.221e-05,63.0,0.00202923
MDA/BTC,1605638558739,2020-11-17T18:42:38.739Z,sell,3.211e-05,67.0,0.00215137
MDA/BTC,1605638661435,2020-11-17T18:44:21.435Z,buy,3.221e-05,4.0,0.00012884
MDA/BTC,1605638686079,2020-11-17T18:44:46.079Z,buy,3.221e-05,24.0,0.00077304
MDA/BTC,1605638831600,2020-11-17T18:47:11.600Z,buy,3.221e-05,194.0,0.00624874
MDA/BTC,1605638842816,2020-11-17T18:47:22.816Z,buy,3.221e-05,103.0,0.00331763
MDA/BTC,1605638842816,2020-11-17T18:47:22.816Z,buy,3.222e-05,108.0,0.00347976
MDA/BTC,1605638842816,2020-11-17T18:47:22.816Z,buy,3.223e-05,216.0,0.00696168
MDA/BTC,1605638857704,2020-11-17T18:47:37.704Z,buy,3.224e-05,13.0,0.00041912
MDA/BTC,1605638863011,2020-11-17T18:47:43.011Z,buy,3.224e-05,58.0,0.00186992
MDA/BTC,1605638865368,2020-11-17T18:47:45.368Z,buy,3.224e-05,39.0,0.00125736
MDA/BTC,1605638874220,2020-11-17T18:47:54.220Z,buy,3.223e-05,51.0,0.00164373
MDA/BTC,1605639130165,2020-11-17T18:52:10.165Z,buy,3.22e-05,89.0,0.0028657999999999
MDA/BTC,1605639154631,2020-11-17T18:52:34.631Z,sell,3.211e-05,483.0,0.01550913
MDA/BTC,1605639226040,2020-11-17T18:53:46.040Z,sell,3.214e-05,4.0,0.00012856
MDA/BTC,1605639226040,2020-11-17T18:53:46.040Z,sell,3.211e-05,329.0,0.01056419
MDA/BTC,1605639258715,2020-11-17T18:54:18.715Z,sell,3.21e-05,778.0,0.0249738
MDA/BTC,1605639305960,2020-11-17T18:55:05.960Z,sell,3.207e-05,362.0,0.01160934
MDA/BTC,1605639326333,2020-11-17T18:55:26.333Z,sell,3.205e-05,150.0,0.0048075
MDA/BTC,1605639349418,2020-11-17T18:55:49.418Z,sell,3.2e-05,364.0,0.0116479999999999
MDA/BTC,1605639361743,2020-11-17T18:56:01.743Z,sell,3.199e-05,1972.0,0.0630842799999999
MDA/BTC,1605639731355,2020-11-17T19:02:11.355Z,buy,3.216e-05,73.0,0.00234768
MDA/BTC,1605639731479,2020-11-17T19:02:11.479Z,buy,3.216e-05,36.0,0.0011577599999999
MDA/BTC,1605639760144,2020-11-17T19:02:40.144Z,buy,3.216e-05,62.0,0.0019939199999999
MDA/BTC,1605639760144,2020-11-17T19:02:40.144Z,buy,3.217e-05,166.0,0.00534022
MDA/BTC,1605639760366,2020-11-17T19:02:40.366Z,buy,3.223e-05,128.0,0.00412544
MDA/BTC,1605639760558,2020-11-17T19:02:40.558Z,buy,3.223e-05,64.0,0.00206272
MDA/BTC,1605639760659,2020-11-17T19:02:40.659Z,buy,3.223e-05,32.0,0.00103136
MDA/BTC,1605639788388,2020-11-17T19:03:08.388Z,buy,3.223e-05,134.0,0.00431882
MDA/BTC,1605639788400,2020-11-17T19:03:08.400Z,buy,3.223e-05,80.0,0.0025784
MDA/BTC,1605639788667,2020-11-17T19:03:08.667Z,buy,3.223e-05,39.0,0.00125697
MDA/BTC,1605639789300,2020-11-17T19:03:09.300Z,buy,3.223e-05,117.0,0.00377091
MDA/BTC,1605639789300,2020-11-17T19:03:09.300Z,buy,3.229e-05,162.0,0.00523098
MDA/BTC,1605639789479,2020-11-17T19:03:09.479Z,buy,3.231e-05,84.0,0.00271404
MDA/BTC,1605639789670,2020-11-17T19:03:09.670Z,buy,3.232e-05,116.0,0.00374912
MDA/BTC,1605639789766,2020-11-17T19:03:09.766Z,buy,3.233e-05,59.0,0.0019074699999999
MDA/BTC,1605639847441,2020-11-17T19:04:07.441Z,buy,3.233e-05,270.0,0.0087291
MDA/BTC,1605639847441,2020-11-17T19:04:07.441Z,buy,3.234e-05,244.0,0.0078909599999999
MDA/BTC,1605639847698,2020-11-17T19:04:07.698Z,buy,3.234e-05,258.0,0.0083437199999999
MDA/BTC,1605639847802,2020-11-17T19:04:07.802Z,buy,3.236e-05,145.0,0.0046922
MDA/BTC,1605639848008,2020-11-17T19:04:08.008Z,buy,3.236e-05,73.0,0.00236228
MDA/BTC,1605639848114,2020-11-17T19:04:08.114Z,buy,3.236e-05,36.0,0.00116496
MDA/BTC,1605639848782,2020-11-17T19:04:08.782Z,buy,3.236e-05,54.0,0.00174744
MDA/BTC,1605639848896,2020-11-17T19:04:08.896Z,buy,3.242e-05,45.0,0.0014589
MDA/BTC,1605639851276,2020-11-17T19:04:11.276Z,buy,3.242e-05,175.0,0.0056735
MDA/BTC,1605639851402,2020-11-17T19:04:11.402Z,buy,3.25e-05,109.0,0.0035424999999999
MDA/BTC,1605639851507,2020-11-17T19:04:11.507Z,buy,3.25e-05,55.0,0.0017874999999999
MDA/BTC,1605639857036,2020-11-17T19:04:17.036Z,buy,3.25e-05,21.0,0.0006825
MDA/BTC,1605639857104,2020-11-17T19:04:17.104Z,buy,3.251e-05,37.0,0.00120287
MDA/BTC,1605639910025,2020-11-17T19:05:10.025Z,buy,3.251e-05,540.0,0.0175554
MDA/BTC,1605639910038,2020-11-17T19:05:10.038Z,buy,3.251e-05,281.0,0.0091353099999999
MDA/BTC,1605639910164,2020-11-17T19:05:10.164Z,buy,3.251e-05,141.0,0.00458391
MDA/BTC,1605639910333,2020-11-17T19:05:10.333Z,buy,3.251e-05,70.0,0.0022757
MDA/BTC,1605639910638,2020-11-17T19:05:10.638Z,buy,3.251e-05,35.0,0.00113785
MDA/BTC,1605639910683,2020-11-17T19:05:10.683Z,buy,3.251e-05,12.0,0.00039012
MDA/BTC,1605639958186,2020-11-17T19:05:58.186Z,buy,3.251e-05,10.0,0.0003251
MDA/BTC,1605640020218,2020-11-17T19:07:00.218Z,sell,3.25e-05,90.0,0.0029249999999999
MDA/BTC,1605640020232,2020-11-17T19:07:00.232Z,buy,3.251e-05,57.0,0.0018530699999999
MDA/BTC,1605640039691,2020-11-17T19:07:19.691Z,buy,3.251e-05,9.0,0.00029259
MDA/BTC,1605640039691,2020-11-17T19:07:19.691Z,buy,3.251e-05,9.0,0.00029259
MDA/BTC,1605640532973,2020-11-17T19:15:32.973Z,buy,3.251e-05,4.0,0.00013004
MDA/BTC,1605640545614,2020-11-17T19:15:45.614Z,buy,3.262e-05,28.0,0.00091336
MDA/BTC,1605640550321,2020-11-17T19:15:50.321Z,buy,3.278e-05,7.0,0.00022946
MDA/BTC,1605641566115,2020-11-17T19:32:46.115Z,buy,3.269e-05,11.0,0.00035959
MDA/BTC,1605641567106,2020-11-17T19:32:47.106Z,buy,3.269e-05,7.0,0.00022883
MDA/BTC,1605641679967,2020-11-17T19:34:39.967Z,buy,3.269e-05,12.0,0.00039228
MDA/BTC,1605642061686,2020-11-17T19:41:01.686Z,buy,3.269e-05,12.0,0.00039228
MDA/BTC,1605642178392,2020-11-17T19:42:58.392Z,buy,3.269e-05,7.0,0.00022883
MDA/BTC,1605642320970,2020-11-17T19:45:20.970Z,buy,3.269e-05,7.0,0.00022883
MDA/BTC,1605642321680,2020-11-17T19:45:21.680Z,buy,3.269e-05,7.0,0.00022883
MDA/BTC,1605642722083,2020-11-17T19:52:02.083Z,sell,3.254e-05,12.0,0.0003904799999999
MDA/BTC,1605642792422,2020-11-17T19:53:12.422Z,buy,3.269e-05,11.0,0.00035959
MDA/BTC,1605643626760,2020-11-17T20:07:06.760Z,buy,3.269e-05,27.0,0.00088263
MDA/BTC,1605643626760,2020-11-17T20:07:06.760Z,buy,3.269e-05,27.0,0.00088263
MDA/BTC,1605644520644,2020-11-17T20:22:00.644Z,sell,3.253e-05,27.0,0.00087831
MDA/BTC,1605645476765,2020-11-17T20:37:56.765Z,sell,3.253e-05,31.0,0.00100843
MDA/BTC,1605645574152,2020-11-17T20:39:34.152Z,sell,3.254e-05,84.0,0.0027333599999999
MDA/BTC,1605645615090,2020-11-17T20:40:15.090Z,sell,3.253e-05,609.0,0.01981077
MDA/BTC,1605646189393,2020-11-17T20:49:49.393Z,sell,3.25e-05,15.0,0.0004875
MDA/BTC,1605646329779,2020-11-17T20:52:09.779Z,buy,3.254e-05,47.0,0.0015293799999999
MDA/BTC,1605647167963,2020-11-17T21:06:07.963Z,sell,3.25e-05,330.0,0.0107249999999999
MDA/BTC,1605647176980,2020-11-17T21:06:16.980Z,sell,3.25e-05,98.0,0.003185
MDA/BTC,1605647177021,2020-11-17T21:06:17.021Z,sell,3.249e-05,202.0,0.00656298
MDA/BTC,1605647177225,2020-11-17T21:06:17.225Z,sell,3.249e-05,100.0,0.003249
MDA/BTC,1605647177326,2020-11-17T21:06:17.326Z,sell,3.249e-05,50.0,0.0016245
MDA/BTC,1605647178321,2020-11-17T21:06:18.321Z,sell,3.249e-05,16.0,0.00051984
MDA/BTC,1605647178328,2020-11-17T21:06:18.328Z,sell,3.249e-05,33.0,0.00107217
MDA/BTC,1605647190581,2020-11-17T21:06:30.581Z,sell,3.249e-05,12.0,0.00038988
MDA/BTC,1605647219763,2020-11-17T21:06:59.763Z,sell,3.249e-05,43.0,0.00139707
MDA/BTC,1605647219770,2020-11-17T21:06:59.770Z,sell,3.249e-05,38.0,0.00123462
MDA/BTC,1605647219770,2020-11-17T21:06:59.770Z,sell,3.249e-05,38.0,0.00123462
MDA/BTC,1605647267541,2020-11-17T21:07:47.541Z,sell,3.249e-05,1703.0,0.05533047
MDA/BTC,1605647310905,2020-11-17T21:08:30.905Z,sell,3.247e-05,24.0,0.00077928
MDA/BTC,1605647316090,2020-11-17T21:08:36.090Z,sell,3.236e-05,69.0,0.00223284
MDA/BTC,1605647316294,2020-11-17T21:08:36.294Z,sell,3.234e-05,330.0,0.0106722
MDA/BTC,1605647316391,2020-11-17T21:08:36.391Z,sell,3.233e-05,85.0,0.0027480499999999
MDA/BTC,1605647316493,2020-11-17T21:08:36.493Z,sell,3.232e-05,344.0,0.01111808
MDA/BTC,1605647317097,2020-11-17T21:08:37.097Z,sell,3.232e-05,172.0,0.00555904
MDA/BTC,1605647317494,2020-11-17T21:08:37.494Z,sell,3.232e-05,85.0,0.0027472
MDA/BTC,1605647317994,2020-11-17T21:08:37.994Z,sell,3.232e-05,43.0,0.00138976
MDA/BTC,1605647323240,2020-11-17T21:08:43.240Z,sell,3.233e-05,75.0,0.00242475
MDA/BTC,1605647323240,2020-11-17T21:08:43.240Z,sell,3.232e-05,4718.0,0.15248576
MDA/BTC,1605647401976,2020-11-17T21:10:01.976Z,buy,3.23e-05,57.0,0.0018411
MDA/BTC,1605647401976,2020-11-17T21:10:01.976Z,buy,3.231e-05,688.0,0.02222928
MDA/BTC,1605647401976,2020-11-17T21:10:01.976Z,buy,3.232e-05,2606.0,0.08422592
MDA/BTC,1605647548584,2020-11-17T21:12:28.584Z,sell,3.211e-05,288.0,0.00924768
MDA/BTC,1605647548584,2020-11-17T21:12:28.584Z,sell,3.21e-05,117.0,0.0037557
MDA/BTC,1605647548598,2020-11-17T21:12:28.598Z,buy,3.209e-05,740.0,0.0237466
MDA/BTC,1605647548618,2020-11-17T21:12:28.618Z,buy,3.209e-05,1435.0,0.04604915
MDA/BTC,1605647548632,2020-11-17T21:12:28.632Z,buy,3.209e-05,321.0,0.01030089
MDA/BTC,1605647671268,2020-11-17T21:14:31.268Z,sell,3.213e-05,39.0,0.00125307
MDA/BTC,1605647671381,2020-11-17T21:14:31.381Z,buy,3.213e-05,335.0,0.01076355
MDA/BTC,1605647671585,2020-11-17T21:14:31.585Z,buy,3.213e-05,167.0,0.00536571
MDA/BTC,1605647671609,2020-11-17T21:14:31.609Z,buy,3.213e-05,34.0,0.00109242
MDA/BTC,1605647671684,2020-11-17T21:14:31.684Z,buy,3.213e-05,101.0,0.0032451299999999
MDA/BTC,1605647672481,2020-11-17T21:14:32.481Z,buy,3.213e-05,50.0,0.0016064999999999
MDA/BTC,1605647701238,2020-11-17T21:15:01.238Z,sell,3.211e-05,62.0,0.00199082
MDA/BTC,1605647702010,2020-11-17T21:15:02.010Z,buy,3.213e-05,337.0,0.01082781
MDA/BTC,1605647702023,2020-11-17T21:15:02.023Z,buy,3.213e-05,219.0,0.0070364699999999
MDA/BTC,1605647702299,2020-11-17T21:15:02.299Z,buy,3.213e-05,109.0,0.0035021699999999
MDA/BTC,1605647708097,2020-11-17T21:15:08.097Z,buy,3.213e-05,52.0,0.0016707599999999
MDA/BTC,1605647768016,2020-11-17T21:16:08.016Z,buy,3.213e-05,349.0,0.01121337
MDA/BTC,1605648129251,2020-11-17T21:22:09.251Z,buy,3.232e-05,82.0,0.00265024
MDA/BTC,1605648129711,2020-11-17T21:22:09.711Z,buy,3.232e-05,7.0,0.00022624
MDA/BTC,1605648591804,2020-11-17T21:29:51.804Z,sell,3.213e-05,5.0,0.00016065
MDA/BTC,1605648591804,2020-11-17T21:29:51.804Z,sell,3.212e-05,688.0,0.02209856
MDA/BTC,1605648591873,2020-11-17T21:29:51.873Z,sell,3.211e-05,347.0,0.01114217
MDA/BTC,1605648592067,2020-11-17T21:29:52.067Z,sell,3.211e-05,173.0,0.00555503
MDA/BTC,1605648592403,2020-11-17T21:29:52.403Z,sell,3.211e-05,86.0,0.00276146
MDA/BTC,1605648592667,2020-11-17T21:29:52.667Z,sell,3.211e-05,43.0,0.00138073
MDA/BTC,1605648592896,2020-11-17T21:29:52.896Z,sell,3.211e-05,605.0,0.01942655
MDA/BTC,1605648592912,2020-11-17T21:29:52.912Z,sell,3.211e-05,324.0,0.01040364
MDA/BTC,1605648592969,2020-11-17T21:29:52.969Z,buy,3.212e-05,452.0,0.0145182399999999
MDA/BTC,1605648593149,2020-11-17T21:29:53.149Z,sell,3.211e-05,388.0,0.01245868
MDA/BTC,1605648593471,2020-11-17T21:29:53.471Z,sell,3.211e-05,193.0,0.00619723
MDA/BTC,1605648593571,2020-11-17T21:29:53.571Z,sell,3.211e-05,97.0,0.00311467
MDA/BTC,1605648593676,2020-11-17T21:29:53.676Z,sell,3.211e-05,48.0,0.00154128
MDA/BTC,1605648594079,2020-11-17T21:29:54.079Z,buy,3.212e-05,223.0,0.00716276
MDA/BTC,1605648594088,2020-11-17T21:29:54.088Z,sell,3.211e-05,136.0,0.00436696
MDA/BTC,1605648595171,2020-11-17T21:29:55.171Z,sell,3.211e-05,67.0,0.00215137
MDA/BTC,1605648599577,2020-11-17T21:29:59.577Z,buy,3.212e-05,32.0,0.00102784
MDA/BTC,1605648607692,2020-11-17T21:30:07.692Z,buy,3.212e-05,92.0,0.00295504
MDA/BTC,1605648608089,2020-11-17T21:30:08.089Z,buy,3.212e-05,4.0,0.00012848
MDA/BTC,1605648608118,2020-11-17T21:30:08.118Z,buy,3.212e-05,63.0,0.0020235599999999
MDA/BTC,1605649021674,2020-11-17T21:37:01.674Z,sell,3.211e-05,72.0,0.00231192
MDA/BTC,1605649021683,2020-11-17T21:37:01.683Z,sell,3.211e-05,37.0,0.00118807
MDA/BTC,1605649052653,2020-11-17T21:37:32.653Z,sell,3.211e-05,797.0,0.02559167
MDA/BTC,1605649052669,2020-11-17T21:37:32.669Z,sell,3.211e-05,357.0,0.01146327
MDA/BTC,1605649052922,2020-11-17T21:37:32.922Z,sell,3.211e-05,233.0,0.00748163
MDA/BTC,1605649110038,2020-11-17T21:38:30.038Z,sell,3.211e-05,5.0,0.00016055
MDA/BTC,1605649470681,2020-11-17T21:44:30.681Z,buy,3.218e-05,4.0,0.00012872
MDA/BTC,1605649730807,2020-11-17T21:48:50.807Z,buy,3.218e-05,5.0,0.0001609
MDA/BTC,1605650102909,2020-11-17T21:55:02.909Z,buy,3.218e-05,32.0,0.00102976
MDA/BTC,1605650102909,2020-11-17T21:55:02.909Z,buy,3.218e-05,32.0,0.00102976
MDA/BTC,1605651088597,2020-11-17T22:11:28.597Z,buy,3.217e-05,87.0,0.00279879
MDA/BTC,1605651100346,2020-11-17T22:11:40.346Z,sell,3.211e-05,39.0,0.00125229
MDA/BTC,1605651322327,2020-11-17T22:15:22.327Z,buy,3.217e-05,8.0,0.00025736
MDA/BTC,1605651658960,2020-11-17T22:20:58.960Z,buy,3.217e-05,126.0,0.0040534199999999
MDA/BTC,1605652069995,2020-11-17T22:27:49.995Z,buy,3.217e-05,25.0,0.00080425
MDA/BTC,1605652322597,2020-11-17T22:32:02.597Z,sell,3.201e-05,1388.0,0.04442988
MDA/BTC,1605652629657,2020-11-17T22:37:09.657Z,buy,3.217e-05,22.0,0.00070774
MDA/BTC,1605653521031,2020-11-17T22:52:01.031Z,sell,3.201e-05,21.0,0.00067221
MDA/BTC,1605653693000,2020-11-17T22:54:53.000Z,sell,3.201e-05,711.0,0.02275911
MDA/BTC,1605653693000,2020-11-17T22:54:53.000Z,sell,3.201e-05,711.0,0.02275911
MDA/BTC,1605653779984,2020-11-17T22:56:19.984Z,sell,3.201e-05,80.0,0.0025608
MDA/BTC,1605656123170,2020-11-17T23:35:23.170Z,sell,3.201e-05,4.0,0.00012804
MDA/BTC,1605656183960,2020-11-17T23:36:23.960Z,sell,3.198e-05,670.0,0.0214266
MDA/BTC,1605656183960,2020-11-17T23:36:23.960Z,sell,3.198e-05,670.0,0.0214266
MDA/BTC,1605657835655,2020-11-18T00:03:55.655Z,sell,3.198e-05,43.0,0.00137514
MDA/BTC,1605657835655,2020-11-18T00:03:55.655Z,sell,3.196e-05,25.0,0.000799
MDA/BTC,1605657835655,2020-11-18T00:03:55.655Z,sell,3.19e-05,35.0,0.0011165
MDA/BTC,1605657835655,2020-11-18T00:03:55.655Z,sell,3.189e-05,774.0,0.02468286
MDA/BTC,1605658034753,2020-11-18T00:07:14.753Z,buy,3.214e-05,33.0,0.00106062
MDA/BTC,1605658333382,2020-11-18T00:12:13.382Z,buy,3.215e-05,209.0,0.00671935
MDA/BTC,1605658334829,2020-11-18T00:12:14.829Z,sell,3.215e-05,111.0,0.00356865
MDA/BTC,1605658334929,2020-11-18T00:12:14.929Z,sell,3.215e-05,55.0,0.00176825
MDA/BTC,1605658387980,2020-11-18T00:13:07.980Z,sell,3.215e-05,4.0,0.0001286
MDA/BTC,1605658523922,2020-11-18T00:15:23.922Z,sell,3.215e-05,32.0,0.0010288
MDA/BTC,1605658713765,2020-11-18T00:18:33.765Z,sell,3.197e-05,25.0,0.00079925
MDA/BTC,1605658713765,2020-11-18T00:18:33.765Z,sell,3.188e-05,8.0,0.00025504
MDA/BTC,1605658713765,2020-11-18T00:18:33.765Z,sell,3.181e-05,33.0,0.00104973
MDA/BTC,1605658713765,2020-11-18T00:18:33.765Z,sell,3.18e-05,203.0,0.0064554
MDA/BTC,1605658713765,2020-11-18T00:18:33.765Z,sell,3.172e-05,663.0,0.02103036
MDA/BTC,1605658713765,2020-11-18T00:18:33.765Z,sell,3.171e-05,538.0,0.01705998
MDA/BTC,1605658713765,2020-11-18T00:18:33.765Z,sell,3.17e-05,4692.0,0.1487364
MDA/BTC,1605658713765,2020-11-18T00:18:33.765Z,sell,3.17e-05,860.0,0.0272619999999999
MDA/BTC,1605658713765,2020-11-18T00:18:33.765Z,sell,3.169e-05,141.0,0.00446829
MDA/BTC,1605658713814,2020-11-18T00:18:33.814Z,sell,3.169e-05,137.0,0.00434153
MDA/BTC,1605658713925,2020-11-18T00:18:33.925Z,sell,3.171e-05,194.0,0.00615174
MDA/BTC,1605658721356,2020-11-18T00:18:41.356Z,buy,3.173e-05,5.0,0.00015865
MDA/BTC,1605658721757,2020-11-18T00:18:41.757Z,sell,3.171e-05,95.0,0.00301245
MDA/BTC,1605658740575,2020-11-18T00:19:00.575Z,buy,3.173e-05,20.0,0.0006346
MDA/BTC,1605658761321,2020-11-18T00:19:21.321Z,buy,3.174e-05,5.0,0.0001586999999999
MDA/BTC,1605658766739,2020-11-18T00:19:26.739Z,buy,3.174e-05,223.0,0.0070780199999999
MDA/BTC,1605658775392,2020-11-18T00:19:35.392Z,buy,3.175e-05,5.0,0.0001587499999999
MDA/BTC,1605658775392,2020-11-18T00:19:35.392Z,buy,3.181e-05,122.0,0.00388082
MDA/BTC,1605658775828,2020-11-18T00:19:35.828Z,buy,3.181e-05,17.0,0.00054077
MDA/BTC,1605658780967,2020-11-18T00:19:40.967Z,buy,3.196e-05,8.0,0.00025568
MDA/BTC,1605658781222,2020-11-18T00:19:41.222Z,buy,3.195e-05,200.0,0.00639
MDA/BTC,1605658831084,2020-11-18T00:20:31.084Z,sell,3.172e-05,8.0,0.00025376
MDA/BTC,1605658925957,2020-11-18T00:22:05.957Z,sell,3.173e-05,27.0,0.00085671
MDA/BTC,1605659057607,2020-11-18T00:24:17.607Z,sell,3.186e-05,5.0,0.0001593
MDA/BTC,1605659092809,2020-11-18T00:24:52.809Z,sell,3.196e-05,94.0,0.00300424
MDA/BTC,1605659101935,2020-11-18T00:25:01.935Z,sell,3.174e-05,287.0,0.0091093799999999
MDA/BTC,1605659488429,2020-11-18T00:31:28.429Z,buy,3.18e-05,55.0,0.001749
MDA/BTC,1605659488443,2020-11-18T00:31:28.443Z,sell,3.173e-05,37.0,0.00117401
MDA/BTC,1605659733852,2020-11-18T00:35:33.852Z,buy,3.176e-05,75.0,0.002382
MDA/BTC,1605659733852,2020-11-18T00:35:33.852Z,buy,3.177e-05,274.0,0.00870498
MDA/BTC,1605659733866,2020-11-18T00:35:33.866Z,sell,3.173e-05,39.0,0.00123747
MDA/BTC,1605659734122,2020-11-18T00:35:34.122Z,sell,3.173e-05,53.0,0.00168169
MDA/BTC,1605659734122,2020-11-18T00:35:34.122Z,sell,3.173e-05,53.0,0.00168169
MDA/BTC,1605659832240,2020-11-18T00:37:12.240Z,buy,3.176e-05,16.0,0.00050816
MDA/BTC,1605659832675,2020-11-18T00:37:12.675Z,buy,3.176e-05,41.0,0.00130216
MDA/BTC,1605660130388,2020-11-18T00:42:10.388Z,buy,3.178e-05,35.0,0.0011122999999999
MDA/BTC,1605660410953,2020-11-18T00:46:50.953Z,buy,3.179e-05,4.0,0.00012716
MDA/BTC,1605660722321,2020-11-18T00:52:02.321Z,sell,3.175e-05,15.0,0.00047625
MDA/BTC,1605660873668,2020-11-18T00:54:33.668Z,buy,3.179e-05,554.0,0.0176116599999999
MDA/BTC,1605660873716,2020-11-18T00:54:33.716Z,buy,3.179e-05,1135.0,0.03608165
MDA/BTC,1605660873716,2020-11-18T00:54:33.716Z,buy,3.184e-05,276.0,0.00878784
MDA/BTC,1605660873716,2020-11-18T00:54:33.716Z,buy,3.185e-05,238.0,0.0075803
MDA/BTC,1605660875742,2020-11-18T00:54:35.742Z,buy,3.192e-05,113.0,0.0036069599999999
MDA/BTC,1605660881447,2020-11-18T00:54:41.447Z,buy,3.197e-05,115.0,0.00367655
MDA/BTC,1605660881447,2020-11-18T00:54:41.447Z,buy,3.199e-05,745.0,0.0238325499999999
MDA/BTC,1605660881447,2020-11-18T00:54:41.447Z,buy,3.2e-05,539.0,0.017248
MDA/BTC,1605661149541,2020-11-18T00:59:09.541Z,sell,3.183e-05,84.0,0.00267372
MDA/BTC,1605661429321,2020-11-18T01:03:49.321Z,sell,3.184e-05,6.0,0.00019104
MDA/BTC,1605661479032,2020-11-18T01:04:39.032Z,sell,3.186e-05,6602.0,0.21033972
MDA/BTC,1605661479032,2020-11-18T01:04:39.032Z,sell,3.183e-05,1574.0,0.05010042
MDA/BTC,1605661479161,2020-11-18T01:04:39.161Z,buy,3.183e-05,4825.0,0.15357975
MDA/BTC,1605661479161,2020-11-18T01:04:39.161Z,buy,3.201e-05,188.0,0.00601788
MDA/BTC,1605661479161,2020-11-18T01:04:39.161Z,buy,3.207e-05,42.0,0.00134694
MDA/BTC,1605661479161,2020-11-18T01:04:39.161Z,buy,3.209e-05,325.0,0.01042925
MDA/BTC,1605661479161,2020-11-18T01:04:39.161Z,buy,3.209e-05,21.0,0.00067389
MDA/BTC,1605661746461,2020-11-18T01:09:06.461Z,sell,3.171e-05,3000.0,0.0951299999999999
MDA/BTC,1605661761110,2020-11-18T01:09:21.110Z,sell,3.171e-05,3000.0,0.0951299999999999
MDA/BTC,1605662005106,2020-11-18T01:13:25.106Z,sell,3.172e-05,934.0,0.02962648
MDA/BTC,1605662005106,2020-11-18T01:13:25.106Z,sell,3.171e-05,1046.0,0.03316866
MDA/BTC,1605662005106,2020-11-18T01:13:25.106Z,sell,3.172e-05,934.0,0.02962648
MDA/BTC,1605662005106,2020-11-18T01:13:25.106Z,sell,3.171e-05,1046.0,0.03316866
MDA/BTC,1605666044620,2020-11-18T02:20:44.620Z,sell,3.171e-05,29.0,0.00091959
MDA/BTC,1605666044620,2020-11-18T02:20:44.620Z,sell,3.168e-05,4.0,0.00012672
MDA/BTC,1605666044620,2020-11-18T02:20:44.620Z,sell,3.162e-05,42.0,0.00132804
MDA/BTC,1605666044620,2020-11-18T02:20:44.620Z,sell,3.161e-05,28.0,0.0008850799999999
MDA/BTC,1605666044620,2020-11-18T02:20:44.620Z,sell,3.158e-05,4.0,0.00012632
MDA/BTC,1605666044620,2020-11-18T02:20:44.620Z,sell,3.154e-05,197.0,0.00621338
MDA/BTC,1605666044620,2020-11-18T02:20:44.620Z,sell,3.153e-05,248.0,0.0078194399999999
MDA/BTC,1605666128891,2020-11-18T02:22:08.891Z,buy,3.178e-05,65.0,0.0020656999999999
MDA/BTC,1605666128891,2020-11-18T02:22:08.891Z,buy,3.178e-05,65.0,0.0020656999999999
MDA/BTC,1605666346098,2020-11-18T02:25:46.098Z,sell,3.154e-05,22.0,0.00069388
MDA/BTC,1605666346098,2020-11-18T02:25:46.098Z,sell,3.153e-05,18.0,0.00056754
MDA/BTC,1605666717293,2020-11-18T02:31:57.293Z,sell,3.154e-05,219.0,0.00690726
MDA/BTC,1605666717293,2020-11-18T02:31:57.293Z,sell,3.153e-05,961.0,0.0303003299999999
MDA/BTC,1605666717293,2020-11-18T02:31:57.293Z,sell,3.146e-05,47.0,0.00147862
MDA/BTC,1605666717293,2020-11-18T02:31:57.293Z,sell,3.144e-05,726.0,0.02282544
MDA/BTC,1605666717293,2020-11-18T02:31:57.293Z,sell,3.139e-05,683.0,0.02143937
MDA/BTC,1605666717293,2020-11-18T02:31:57.293Z,sell,3.138e-05,956.0,0.02999928
MDA/BTC,1605666717293,2020-11-18T02:31:57.293Z,sell,3.137e-05,32.0,0.00100384
MDA/BTC,1605666717293,2020-11-18T02:31:57.293Z,sell,3.136e-05,25.0,0.000784
MDA/BTC,1605666717293,2020-11-18T02:31:57.293Z,sell,3.128e-05,16.0,0.00050048
MDA/BTC,1605666717293,2020-11-18T02:31:57.293Z,sell,3.127e-05,15.0,0.0004690499999999
MDA/BTC,1605666717293,2020-11-18T02:31:57.293Z,sell,3.124e-05,15.0,0.0004686
MDA/BTC,1605666717293,2020-11-18T02:31:57.293Z,sell,3.123e-05,50.0,0.0015615
MDA/BTC,1605666717293,2020-11-18T02:31:57.293Z,sell,3.121e-05,283.0,0.00883243
MDA/BTC,1605666717293,2020-11-18T02:31:57.293Z,sell,3.109e-05,121.0,0.00376189
MDA/BTC,1605666717293,2020-11-18T02:31:57.293Z,sell,3.108e-05,7218.0,0.22433544
MDA/BTC,1605666717293,2020-11-18T02:31:57.293Z,sell,3.102e-05,2181.0,0.06765462
MDA/BTC,1605666717293,2020-11-18T02:31:57.293Z,sell,3.1e-05,340.0,0.01054
MDA/BTC,1605666717293,2020-11-18T02:31:57.293Z,sell,3.086e-05,9.0,0.00027774
MDA/BTC,1605666717293,2020-11-18T02:31:57.293Z,sell,3.081e-05,777.0,0.0239393699999999
MDA/BTC,1605666717293,2020-11-18T02:31:57.293Z,sell,3.08e-05,11.0,0.0003388
MDA/BTC,1605666717293,2020-11-18T02:31:57.293Z,sell,3.079e-05,48.0,0.00147792
MDA/BTC,1605666717293,2020-11-18T02:31:57.293Z,sell,3.071e-05,70.0,0.0021497
MDA/BTC,1605666717293,2020-11-18T02:31:57.293Z,sell,3.066e-05,36.0,0.00110376
MDA/BTC,1605666717293,2020-11-18T02:31:57.293Z,sell,3.064e-05,27.0,0.0008272799999999
MDA/BTC,1605666717293,2020-11-18T02:31:57.293Z,sell,3.061e-05,1000.0,0.03061
MDA/BTC,1605666717293,2020-11-18T02:31:57.293Z,sell,3.058e-05,100.0,0.003058
MDA/BTC,1605666717293,2020-11-18T02:31:57.293Z,sell,3.023e-05,39.0,0.00117897
MDA/BTC,1605666717293,2020-11-18T02:31:57.293Z,sell,3.021e-05,162.0,0.00489402
MDA/BTC,1605666717293,2020-11-18T02:31:57.293Z,sell,3.02e-05,3640.0,0.109928
MDA/BTC,1605666717293,2020-11-18T02:31:57.293Z,sell,3.01e-05,2216.0,0.0667016
MDA/BTC,1605666717293,2020-11-18T02:31:57.293Z,sell,3.005e-05,461.0,0.0138530499999999
MDA/BTC,1605666717293,2020-11-18T02:31:57.293Z,sell,3.004e-05,71.0,0.00213284
MDA/BTC,1605666717293,2020-11-18T02:31:57.293Z,sell,3e-05,9183.0,0.27549
MDA/BTC,1605666717293,2020-11-18T02:31:57.293Z,sell,3e-05,454.0,0.01362
MDA/BTC,1605666717402,2020-11-18T02:31:57.402Z,buy,3.04e-05,20.0,0.000608
MDA/BTC,1605666717402,2020-11-18T02:31:57.402Z,buy,3.06e-05,176.0,0.0053856
MDA/BTC,1605666717403,2020-11-18T02:31:57.403Z,buy,3.06e-05,582.0,0.0178092
MDA/BTC,1605666717513,2020-11-18T02:31:57.513Z,buy,3.06e-05,28.0,0.0008568
MDA/BTC,1605666717518,2020-11-18T02:31:57.518Z,sell,3.071e-05,461.0,0.01415731
MDA/BTC,1605666717537,2020-11-18T02:31:57.537Z,sell,3.071e-05,811.0,0.02490581
MDA/BTC,1605666717773,2020-11-18T02:31:57.773Z,buy,3.058e-05,35.0,0.0010703
MDA/BTC,1605666718010,2020-11-18T02:31:58.010Z,buy,3.057e-05,6.0,0.00018342
MDA/BTC,1605666718426,2020-11-18T02:31:58.426Z,buy,3.056e-05,127.0,0.00388112
MDA/BTC,1605666718561,2020-11-18T02:31:58.561Z,buy,3.056e-05,6.0,0.0001833599999999
MDA/BTC,1605666718914,2020-11-18T02:31:58.914Z,sell,3.052e-05,6.0,0.00018312
MDA/BTC,1605666719019,2020-11-18T02:31:59.019Z,buy,3.048e-05,9.0,0.00027432
MDA/BTC,1605666719019,2020-11-18T02:31:59.019Z,buy,3.056e-05,774.0,0.0236534399999999
MDA/BTC,1605666719375,2020-11-18T02:31:59.375Z,sell,3.044e-05,99.0,0.00301356
MDA/BTC,1605666719427,2020-11-18T02:31:59.427Z,buy,3.056e-05,516.0,0.01576896
MDA/BTC,1605666720458,2020-11-18T02:32:00.458Z,buy,3.057e-05,412.0,0.01259484
MDA/BTC,1605666720563,2020-11-18T02:32:00.563Z,buy,3.058e-05,187.0,0.00571846
MDA/BTC,1605666720815,2020-11-18T02:32:00.815Z,buy,3.048e-05,15.0,0.0004572
MDA/BTC,1605666720892,2020-11-18T02:32:00.892Z,buy,3.058e-05,577.0,0.01764466
MDA/BTC,1605666721778,2020-11-18T02:32:01.778Z,sell,3.056e-05,1000.0,0.03056
MDA/BTC,1605666722189,2020-11-18T02:32:02.189Z,sell,3.056e-05,777.0,0.0237451199999999
MDA/BTC,1605666722298,2020-11-18T02:32:02.298Z,buy,3.073e-05,8.0,0.00024584
MDA/BTC,1605666722882,2020-11-18T02:32:02.882Z,sell,3.058e-05,11.0,0.00033638
MDA/BTC,1605666723071,2020-11-18T02:32:03.071Z,sell,3.058e-05,24.0,0.00073392
MDA/BTC,1605666723946,2020-11-18T02:32:03.946Z,sell,3.059e-05,24.0,0.00073416
MDA/BTC,1605666724241,2020-11-18T02:32:04.241Z,sell,3.059e-05,159.0,0.00486381
MDA/BTC,1605666734465,2020-11-18T02:32:14.465Z,buy,3.073e-05,61.0,0.00187453
MDA/BTC,1605666734648,2020-11-18T02:32:14.648Z,buy,3.073e-05,33.0,0.00101409
MDA/BTC,1605666734986,2020-11-18T02:32:14.986Z,sell,3.062e-05,10.0,0.0003062
MDA/BTC,1605666734986,2020-11-18T02:32:14.986Z,sell,3.061e-05,136.0,0.00416296
MDA/BTC,1605666734986,2020-11-18T02:32:14.986Z,sell,3.06e-05,688.0,0.0210528
MDA/BTC,1605666734986,2020-11-18T02:32:14.986Z,sell,3.059e-05,460.0,0.0140713999999999
MDA/BTC,1605666737349,2020-11-18T02:32:17.349Z,buy,3.073e-05,32.0,0.00098336
MDA/BTC,1605666750895,2020-11-18T02:32:30.895Z,buy,3.073e-05,62.0,0.00190526
MDA/BTC,1605667013265,2020-11-18T02:36:53.265Z,sell,3.077e-05,8.0,0.00024616
MDA/BTC,1605667025168,2020-11-18T02:37:05.168Z,sell,3.077e-05,44.0,0.00135388
MDA/BTC,1605667031540,2020-11-18T02:37:11.540Z,sell,3.077e-05,1154.0,0.03550858
MDA/BTC,1605667031540,2020-11-18T02:37:11.540Z,sell,3.076e-05,65.0,0.0019993999999999
MDA/BTC,1605667031540,2020-11-18T02:37:11.540Z,sell,3.073e-05,1367.0,0.0420079099999999
MDA/BTC,1605667031540,2020-11-18T02:37:11.540Z,sell,3.055e-05,15.0,0.0004582499999999
MDA/BTC,1605667031540,2020-11-18T02:37:11.540Z,sell,3.051e-05,853.0,0.02602503
MDA/BTC,1605667278518,2020-11-18T02:41:18.518Z,sell,3.084e-05,15.0,0.0004626
MDA/BTC,1605667281853,2020-11-18T02:41:21.853Z,sell,3.084e-05,76.0,0.00234384
MDA/BTC,1605667539163,2020-11-18T02:45:39.163Z,sell,3.081e-05,375.0,0.01155375
MDA/BTC,1605667926809,2020-11-18T02:52:06.809Z,buy,3.083e-05,37.0,0.00114071
MDA/BTC,1605668709323,2020-11-18T03:05:09.323Z,buy,3.082e-05,7.0,0.00021574
MDA/BTC,1605668768045,2020-11-18T03:06:08.045Z,buy,3.082e-05,4.0,0.00012328
MDA/BTC,1605668821052,2020-11-18T03:07:01.052Z,sell,3.081e-05,27.0,0.00083187
MDA/BTC,1605668822061,2020-11-18T03:07:02.061Z,sell,3.08e-05,9.0,0.0002772
MDA/BTC,1605668834406,2020-11-18T03:07:14.406Z,buy,3.081e-05,11.0,0.00033891
MDA/BTC,1605668835595,2020-11-18T03:07:15.595Z,buy,3.081e-05,8.0,0.00024648
MDA/BTC,1605668835825,2020-11-18T03:07:15.825Z,buy,3.081e-05,7.0,0.00021567
MDA/BTC,1605669044535,2020-11-18T03:10:44.535Z,sell,3.08e-05,165.0,0.005082
MDA/BTC,1605669552537,2020-11-18T03:19:12.537Z,sell,3.077e-05,123.0,0.0037847099999999
MDA/BTC,1605669552537,2020-11-18T03:19:12.537Z,sell,3.071e-05,146.0,0.00448366
MDA/BTC,1605669552537,2020-11-18T03:19:12.537Z,sell,3.054e-05,702.0,0.02143908
MDA/BTC,1605669552537,2020-11-18T03:19:12.537Z,sell,3.053e-05,6000.0,0.18318
MDA/BTC,1605669578166,2020-11-18T03:19:38.166Z,buy,3.073e-05,98.0,0.00301154
MDA/BTC,1605669599295,2020-11-18T03:19:59.295Z,sell,3.073e-05,26.0,0.0007989799999999
MDA/BTC,1605669686366,2020-11-18T03:21:26.366Z,sell,3.056e-05,4.0,0.00012224
MDA/BTC,1605669686366,2020-11-18T03:21:26.366Z,sell,3.055e-05,546.0,0.0166803
MDA/BTC,1605669686366,2020-11-18T03:21:26.366Z,sell,3.055e-05,4.0,0.0001222
MDA/BTC,1605669719244,2020-11-18T03:21:59.244Z,sell,3.056e-05,23.0,0.00070288
MDA/BTC,1605669719244,2020-11-18T03:21:59.244Z,sell,3.055e-05,527.0,0.01609985
MDA/BTC,1605669722956,2020-11-18T03:22:02.956Z,buy,3.074e-05,64.0,0.00196736
MDA/BTC,1605669726779,2020-11-18T03:22:06.779Z,sell,3.056e-05,205.0,0.0062648
MDA/BTC,1605669726779,2020-11-18T03:22:06.779Z,sell,3.055e-05,345.0,0.0105397499999999
MDA/BTC,1605669726779,2020-11-18T03:22:06.779Z,sell,3.056e-05,205.0,0.0062648
MDA/BTC,1605669726779,2020-11-18T03:22:06.779Z,sell,3.055e-05,345.0,0.0105397499999999
MDA/BTC,1605669735587,2020-11-18T03:22:15.587Z,sell,3.056e-05,177.0,0.00540912
MDA/BTC,1605669735587,2020-11-18T03:22:15.587Z,sell,3.055e-05,53.0,0.0016191499999999
MDA/BTC,1605669793481,2020-11-18T03:23:13.481Z,sell,3.056e-05,64.0,0.00195584
MDA/BTC,1605669793481,2020-11-18T03:23:13.481Z,sell,3.055e-05,146.0,0.0044602999999999
MDA/BTC,1605670620711,2020-11-18T03:37:00.711Z,sell,3.055e-05,4.0,0.0001222
MDA/BTC,1605670621757,2020-11-18T03:37:01.757Z,sell,3.053e-05,58.0,0.00177074
MDA/BTC,1605670841807,2020-11-18T03:40:41.807Z,buy,3.061e-05,636.0,0.01946796
MDA/BTC,1605670842787,2020-11-18T03:40:42.787Z,buy,3.061e-05,318.0,0.00973398
MDA/BTC,1605670849082,2020-11-18T03:40:49.082Z,buy,3.06e-05,160.0,0.0048959999999999
MDA/BTC,1605670849082,2020-11-18T03:40:49.082Z,buy,3.061e-05,338.0,0.01034618
MDA/BTC,1605670856565,2020-11-18T03:40:56.565Z,sell,3.061e-05,26.0,0.00079586
MDA/BTC,1605670856565,2020-11-18T03:40:56.565Z,sell,3.053e-05,55.0,0.00167915
MDA/BTC,1605670856565,2020-11-18T03:40:56.565Z,sell,3.052e-05,19.0,0.00057988
MDA/BTC,1605671528835,2020-11-18T03:52:08.835Z,buy,3.039e-05,27.0,0.00082053
MDA/BTC,1605671588053,2020-11-18T03:53:08.053Z,buy,3.037e-05,4.0,0.00012148
MDA/BTC,1605671610358,2020-11-18T03:53:30.358Z,sell,3.019e-05,148.0,0.00446812
MDA/BTC,1605671612549,2020-11-18T03:53:32.549Z,sell,3.019e-05,180.0,0.0054342
MDA/BTC,1605671709724,2020-11-18T03:55:09.724Z,sell,3.02e-05,6.0,0.0001811999999999
MDA/BTC,1605671709724,2020-11-18T03:55:09.724Z,sell,3.019e-05,2918.0,0.08809442
MDA/BTC,1605672424884,2020-11-18T04:07:04.884Z,sell,3.023e-05,21.0,0.00063483
MDA/BTC,1605672469605,2020-11-18T04:07:49.605Z,buy,3.026e-05,1666.0,0.05041316
MDA/BTC,1605672490114,2020-11-18T04:08:10.114Z,buy,3.026e-05,60.0,0.0018156
MDA/BTC,1605672561012,2020-11-18T04:09:21.012Z,buy,3.025e-05,50.0,0.0015125
MDA/BTC,1605673019279,2020-11-18T04:16:59.279Z,sell,3.022e-05,631.0,0.01906882
MDA/BTC,1605673020374,2020-11-18T04:17:00.374Z,sell,3.022e-05,280.0,0.0084616
MDA/BTC,1605673020650,2020-11-18T04:17:00.650Z,buy,3.02e-05,4.0,0.0001208
MDA/BTC,1605673059186,2020-11-18T04:17:39.186Z,sell,3.014e-05,525.0,0.0158235
MDA/BTC,1605673080553,2020-11-18T04:18:00.553Z,sell,3.014e-05,31.0,0.00093434
MDA/BTC,1605673082049,2020-11-18T04:18:02.049Z,sell,3.001e-05,11.0,0.00033011
MDA/BTC,1605673151681,2020-11-18T04:19:11.681Z,sell,3.001e-05,3776.0,0.1133177599999999
MDA/BTC,1605673171055,2020-11-18T04:19:31.055Z,sell,3.001e-05,181.0,0.00543181
MDA/BTC,1605673172365,2020-11-18T04:19:32.365Z,sell,3.001e-05,369.0,0.0110736899999999
MDA/BTC,1605673172609,2020-11-18T04:19:32.609Z,sell,3.001e-05,361.0,0.01083361
MDA/BTC,1605673172839,2020-11-18T04:19:32.839Z,sell,3.001e-05,369.0,0.0110736899999999
MDA/BTC,1605673183320,2020-11-18T04:19:43.320Z,buy,3.002e-05,248.0,0.00744496
MDA/BTC,1605673279696,2020-11-18T04:21:19.696Z,sell,3.002e-05,76.0,0.00228152
MDA/BTC,1605673279696,2020-11-18T04:21:19.696Z,sell,3.001e-05,302.0,0.00906302
MDA/BTC,1605673279696,2020-11-18T04:21:19.696Z,sell,3.002e-05,76.0,0.00228152
MDA/BTC,1605673279696,2020-11-18T04:21:19.696Z,sell,3.001e-05,302.0,0.00906302
MDA/BTC,1605673819585,2020-11-18T04:30:19.585Z,sell,3.001e-05,29.0,0.00087029
MDA/BTC,1605674207175,2020-11-18T04:36:47.175Z,buy,3.004e-05,138.0,0.00414552
MDA/BTC,1605674212586,2020-11-18T04:36:52.586Z,buy,3.004e-05,5.0,0.0001502
MDA/BTC,1605674224599,2020-11-18T04:37:04.599Z,sell,3.001e-05,6.0,0.00018006
MDA/BTC,1605674256014,2020-11-18T04:37:36.014Z,buy,3.004e-05,933.0,0.02802732
MDA/BTC,1605674256014,2020-11-18T04:37:36.014Z,buy,3.007e-05,384.0,0.0115468799999999
MDA/BTC,1605674256014,2020-11-18T04:37:36.014Z,buy,3.009e-05,688.0,0.02070192
MDA/BTC,1605674256014,2020-11-18T04:37:36.014Z,buy,3.01e-05,735.0,0.0221235
MDA/BTC,1605674256145,2020-11-18T04:37:36.145Z,buy,3.01e-05,138.0,0.0041538
MDA/BTC,1605674256539,2020-11-18T04:37:36.539Z,buy,3.016e-05,53.0,0.00159848
MDA/BTC,1605674259763,2020-11-18T04:37:39.763Z,buy,3.016e-05,8.0,0.00024128
MDA/BTC,1605674300668,2020-11-18T04:38:20.668Z,sell,3.002e-05,8.0,0.00024016
MDA/BTC,1605674678014,2020-11-18T04:44:38.014Z,sell,3.004e-05,678.0,0.02036712
MDA/BTC,1605674920981,2020-11-18T04:48:40.981Z,sell,3.003e-05,50.0,0.0015015
MDA/BTC,1605675001542,2020-11-18T04:50:01.542Z,sell,3.003e-05,299.0,0.00897897
MDA/BTC,1605675001554,2020-11-18T04:50:01.554Z,sell,3.003e-05,88.0,0.00264264
MDA/BTC,1605675124208,2020-11-18T04:52:04.208Z,sell,3.003e-05,9.0,0.0002702699999999
MDA/BTC,1605675232138,2020-11-18T04:53:52.138Z,sell,3.003e-05,340.0,0.0102102
MDA/BTC,1605675232138,2020-11-18T04:53:52.138Z,sell,3.002e-05,1324.0,0.03974648
MDA/BTC,1605675301269,2020-11-18T04:55:01.269Z,sell,3.002e-05,694.0,0.02083388
MDA/BTC,1605675302290,2020-11-18T04:55:02.290Z,sell,3.001e-05,621.0,0.01863621
MDA/BTC,1605676035396,2020-11-18T05:07:15.396Z,buy,3.002e-05,44.0,0.00132088
MDA/BTC,1605676094922,2020-11-18T05:08:14.922Z,sell,3.001e-05,77.0,0.0023107699999999
MDA/BTC,1605676389438,2020-11-18T05:13:09.438Z,sell,3.001e-05,1398.0,0.04195398
MDA/BTC,1605676389438,2020-11-18T05:13:09.438Z,sell,3.001e-05,1398.0,0.04195398
MDA/BTC,1605676921110,2020-11-18T05:22:01.110Z,sell,3e-05,38.0,0.00114
MDA/BTC,1605677123037,2020-11-18T05:25:23.037Z,buy,3.001e-05,52.0,0.00156052
MDA/BTC,1605677648803,2020-11-18T05:34:08.803Z,buy,3.001e-05,1016.0,0.03049016
MDA/BTC,1605677648813,2020-11-18T05:34:08.813Z,buy,3.001e-05,35.0,0.00105035
MDA/BTC,1605677657332,2020-11-18T05:34:17.332Z,buy,3.007e-05,509.0,0.0153056299999999
MDA/BTC,1605677684644,2020-11-18T05:34:44.644Z,buy,3.013e-05,485.0,0.01461305
MDA/BTC,1605677695843,2020-11-18T05:34:55.843Z,buy,3.013e-05,2729.0,0.08222477
MDA/BTC,1605677695843,2020-11-18T05:34:55.843Z,buy,3.014e-05,28.0,0.00084392
MDA/BTC,1605677695843,2020-11-18T05:34:55.843Z,buy,3.017e-05,53.0,0.00159901
MDA/BTC,1605677696055,2020-11-18T05:34:56.055Z,buy,3.018e-05,421.0,0.01270578
MDA/BTC,1605677696055,2020-11-18T05:34:56.055Z,buy,3.02e-05,99.0,0.0029898
MDA/BTC,1605677696055,2020-11-18T05:34:56.055Z,buy,3.025e-05,178.0,0.0053845
MDA/BTC,1605677703965,2020-11-18T05:35:03.965Z,buy,3.024e-05,2810.0,0.0849743999999999
MDA/BTC,1605677724105,2020-11-18T05:35:24.105Z,buy,3.028e-05,893.0,0.02704004
MDA/BTC,1605677745840,2020-11-18T05:35:45.840Z,buy,3.027e-05,516.0,0.01561932
MDA/BTC,1605677749357,2020-11-18T05:35:49.357Z,buy,3.027e-05,374.0,0.01132098
MDA/BTC,1605677749437,2020-11-18T05:35:49.437Z,buy,3.027e-05,314.0,0.0095047799999999
MDA/BTC,1605677749437,2020-11-18T05:35:49.437Z,buy,3.028e-05,62.0,0.00187736
MDA/BTC,1605677757983,2020-11-18T05:35:57.983Z,buy,3.027e-05,311.0,0.00941397
MDA/BTC,1605677759621,2020-11-18T05:35:59.621Z,buy,3.028e-05,252.0,0.00763056
MDA/BTC,1605677761931,2020-11-18T05:36:01.931Z,buy,3.028e-05,186.0,0.00563208
MDA/BTC,1605677762191,2020-11-18T05:36:02.191Z,buy,3.028e-05,186.0,0.00563208
MDA/BTC,1605677762204,2020-11-18T05:36:02.204Z,buy,3.028e-05,182.0,0.00551096
MDA/BTC,1605677775293,2020-11-18T05:36:15.293Z,buy,3.021e-05,121.0,0.00365541
MDA/BTC,1605677782027,2020-11-18T05:36:22.027Z,buy,3.021e-05,165.0,0.00498465
MDA/BTC,1605677782027,2020-11-18T05:36:22.027Z,buy,3.027e-05,4.0,0.00012108
MDA/BTC,1605677782027,2020-11-18T05:36:22.027Z,buy,3.028e-05,46.0,0.00139288
MDA/BTC,1605677786418,2020-11-18T05:36:26.418Z,buy,3.028e-05,33.0,0.00099924
MDA/BTC,1605677840843,2020-11-18T05:37:20.843Z,buy,3.028e-05,5.0,0.0001514
MDA/BTC,1605677841243,2020-11-18T05:37:21.243Z,buy,3.028e-05,5.0,0.0001514
MDA/BTC,1605677841256,2020-11-18T05:37:21.256Z,buy,3.028e-05,5.0,0.0001514
MDA/BTC,1605677843192,2020-11-18T05:37:23.192Z,buy,3.028e-05,11.0,0.00033308
MDA/BTC,1605677848819,2020-11-18T05:37:28.819Z,buy,3.049e-05,25.0,0.00076225
MDA/BTC,1605677857696,2020-11-18T05:37:37.696Z,buy,3.047e-05,12.0,0.00036564
MDA/BTC,1605677865505,2020-11-18T05:37:45.505Z,buy,3.047e-05,8.0,0.00024376
MDA/BTC,1605677937702,2020-11-18T05:38:57.702Z,buy,3.039e-05,16.0,0.00048624
MDA/BTC,1605677954925,2020-11-18T05:39:14.925Z,buy,3.039e-05,7.0,0.00021273
MDA/BTC,1605677958648,2020-11-18T05:39:18.648Z,buy,3.04e-05,4.0,0.0001216
MDA/BTC,1605677958664,2020-11-18T05:39:18.664Z,buy,3.04e-05,4.0,0.0001216
MDA/BTC,1605678014744,2020-11-18T05:40:14.744Z,buy,3.04e-05,317.0,0.0096368
MDA/BTC,1605678014852,2020-11-18T05:40:14.852Z,buy,3.04e-05,247.0,0.0075088
MDA/BTC,1605678015585,2020-11-18T05:40:15.585Z,buy,3.04e-05,190.0,0.005776
MDA/BTC,1605678016636,2020-11-18T05:40:16.636Z,buy,3.04e-05,182.0,0.0055328
MDA/BTC,1605678017385,2020-11-18T05:40:17.385Z,buy,3.04e-05,185.0,0.005624
MDA/BTC,1605678188030,2020-11-18T05:43:08.030Z,sell,3.042e-05,4.0,0.00012168
MDA/BTC,1605678199925,2020-11-18T05:43:19.925Z,sell,3.042e-05,15.0,0.0004563
MDA/BTC,1605678256671,2020-11-18T05:44:16.671Z,buy,3.042e-05,136.0,0.00413712
MDA/BTC,1605678256671,2020-11-18T05:44:16.671Z,buy,3.043e-05,110.0,0.0033472999999999
MDA/BTC,1605678265375,2020-11-18T05:44:25.375Z,buy,3.041e-05,200.0,0.006082
MDA/BTC,1605678274629,2020-11-18T05:44:34.629Z,buy,3.041e-05,359.0,0.01091719
MDA/BTC,1605678278469,2020-11-18T05:44:38.469Z,buy,3.041e-05,354.0,0.01076514
MDA/BTC,1605678283537,2020-11-18T05:44:43.537Z,buy,3.041e-05,327.0,0.00994407
MDA/BTC,1605678292608,2020-11-18T05:44:52.608Z,buy,3.041e-05,305.0,0.00927505
MDA/BTC,1605678307434,2020-11-18T05:45:07.434Z,buy,3.041e-05,293.0,0.0089101299999999
MDA/BTC,1605678325643,2020-11-18T05:45:25.643Z,buy,3.041e-05,283.0,0.0086060299999999
MDA/BTC,1605678334426,2020-11-18T05:45:34.426Z,buy,3.041e-05,267.0,0.00811947
MDA/BTC,1605678343674,2020-11-18T05:45:43.674Z,buy,3.041e-05,269.0,0.00818029
MDA/BTC,1605678352409,2020-11-18T05:45:52.409Z,buy,3.041e-05,81.0,0.00246321
MDA/BTC,1605678369966,2020-11-18T05:46:09.966Z,buy,3.041e-05,143.0,0.00434863
MDA/BTC,1605678406966,2020-11-18T05:46:46.966Z,buy,3.04e-05,167.0,0.0050768
MDA/BTC,1605678426097,2020-11-18T05:47:06.097Z,buy,3.041e-05,124.0,0.0037708399999999
MDA/BTC,1605678439747,2020-11-18T05:47:19.747Z,buy,3.04e-05,305.0,0.009272
MDA/BTC,1605678439747,2020-11-18T05:47:19.747Z,buy,3.041e-05,48.0,0.0014596799999999
MDA/BTC,1605678445413,2020-11-18T05:47:25.413Z,buy,3.041e-05,118.0,0.00358838
MDA/BTC,1605678451782,2020-11-18T05:47:31.782Z,buy,3.041e-05,235.0,0.0071463499999999
MDA/BTC,1605678463660,2020-11-18T05:47:43.660Z,buy,3.04e-05,157.0,0.0047728
MDA/BTC,1605678472426,2020-11-18T05:47:52.426Z,buy,3.029e-05,131.0,0.00396799
MDA/BTC,1605678487879,2020-11-18T05:48:07.879Z,buy,3.029e-05,69.0,0.00209001
MDA/BTC,1605678489366,2020-11-18T05:48:09.366Z,sell,3.024e-05,28.0,0.0008467199999999
MDA/BTC,1605678489366,2020-11-18T05:48:09.366Z,sell,3.022e-05,26.0,0.00078572
MDA/BTC,1605678502954,2020-11-18T05:48:22.954Z,buy,3.013e-05,210.0,0.0063273
MDA/BTC,1605678507401,2020-11-18T05:48:27.401Z,buy,3.011e-05,506.0,0.01523566
MDA/BTC,1605678507401,2020-11-18T05:48:27.401Z,buy,3.013e-05,297.0,0.00894861
MDA/BTC,1605678507401,2020-11-18T05:48:27.401Z,buy,3.016e-05,382.0,0.01152112
MDA/BTC,1605678507401,2020-11-18T05:48:27.401Z,buy,3.017e-05,390.0,0.0117663
MDA/BTC,1605678507401,2020-11-18T05:48:27.401Z,buy,3.02e-05,105.0,0.0031709999999999
MDA/BTC,1605678516263,2020-11-18T05:48:36.263Z,buy,3.02e-05,123.0,0.0037145999999999
MDA/BTC,1605678521888,2020-11-18T05:48:41.888Z,buy,3.016e-05,349.0,0.01052584
MDA/BTC,1605678532021,2020-11-18T05:48:52.021Z,sell,3.014e-05,134.0,0.00403876
MDA/BTC,1605678532021,2020-11-18T05:48:52.021Z,sell,3.013e-05,217.0,0.00653821
MDA/BTC,1605678532021,2020-11-18T05:48:52.021Z,sell,3.001e-05,85.0,0.00255085
MDA/BTC,1605678532474,2020-11-18T05:48:52.474Z,buy,3.016e-05,43.0,0.00129688
MDA/BTC,1605678532474,2020-11-18T05:48:52.474Z,buy,3.017e-05,158.0,0.00476686
MDA/BTC,1605678549452,2020-11-18T05:49:09.452Z,buy,3.017e-05,45.0,0.00135765
MDA/BTC,1605678570916,2020-11-18T05:49:30.916Z,sell,3.001e-05,153.0,0.00459153
MDA/BTC,1605678649802,2020-11-18T05:50:49.802Z,sell,3e-05,182.0,0.00546
MDA/BTC,1605678722904,2020-11-18T05:52:02.904Z,sell,3.001e-05,32.0,0.00096032
MDA/BTC,1605678783540,2020-11-18T05:53:03.540Z,sell,3.001e-05,418.0,0.01254418
MDA/BTC,1605678783540,2020-11-18T05:53:03.540Z,sell,3e-05,882.0,0.02646
MDA/BTC,1605679053509,2020-11-18T05:57:33.509Z,sell,3e-05,9701.0,0.29103
MDA/BTC,1605679269400,2020-11-18T06:01:09.400Z,buy,3.001e-05,1368.0,0.0410536799999999
MDA/BTC,1605679290144,2020-11-18T06:01:30.144Z,buy,3.001e-05,876.0,0.0262887599999999
MDA/BTC,1605679594289,2020-11-18T06:06:34.289Z,buy,3.001e-05,18.0,0.00054018
MDA/BTC,1605679636399,2020-11-18T06:07:16.399Z,buy,3.001e-05,17.0,0.00051017
MDA/BTC,1605679683773,2020-11-18T06:08:03.773Z,buy,3.001e-05,320.0,0.0096032
MDA/BTC,1605679683773,2020-11-18T06:08:03.773Z,buy,3.001e-05,320.0,0.0096032
MDA/BTC,1605680011058,2020-11-18T06:13:31.058Z,sell,3e-05,500.0,0.015
MDA/BTC,1605680236436,2020-11-18T06:17:16.436Z,buy,3.001e-05,255.0,0.00765255
MDA/BTC,1605680247530,2020-11-18T06:17:27.530Z,buy,3.001e-05,38.0,0.0011403799999999
MDA/BTC,1605680523577,2020-11-18T06:22:03.577Z,sell,3.006e-05,18.0,0.00054108
MDA/BTC,1605680530113,2020-11-18T06:22:10.113Z,sell,3.003e-05,48.0,0.00144144
MDA/BTC,1605680530113,2020-11-18T06:22:10.113Z,sell,3.001e-05,78.0,0.0023407799999999
MDA/BTC,1605680672316,2020-11-18T06:24:32.316Z,sell,3.006e-05,8.0,0.00024048
MDA/BTC,1605680971492,2020-11-18T06:29:31.492Z,buy,3.025e-05,29.0,0.00087725
MDA/BTC,1605681430225,2020-11-18T06:37:10.225Z,buy,3.024e-05,42.0,0.00127008
MDA/BTC,1605681536340,2020-11-18T06:38:56.340Z,sell,3.004e-05,889.0,0.02670556
