symbol,timestamp,datetime,side,price,amount,btc_volume
MDA/BTC,1587582370950,2020-04-22T19:06:10.950Z,sell,4.728e-05,708.0,0.03347424
MDA/BTC,1587582777871,2020-04-22T19:12:57.871Z,buy,4.73e-05,5.0,0.0002365
MDA/BTC,1587582807437,2020-04-22T19:13:27.437Z,buy,4.731e-05,4.0,0.00018924
MDA/BTC,1587582807437,2020-04-22T19:13:27.437Z,buy,4.732e-05,14.0,0.00066248
MDA/BTC,1587582807437,2020-04-22T19:13:27.437Z,buy,4.733e-05,5.0,0.00023665
MDA/BTC,1587582807437,2020-04-22T19:13:27.437Z,buy,4.735e-05,15.0,0.0007102499999999
MDA/BTC,1587582807437,2020-04-22T19:13:27.437Z,buy,4.737e-05,19.0,0.00090003
MDA/BTC,1587582857738,2020-04-22T19:14:17.738Z,buy,4.738e-05,8.0,0.00037904
MDA/BTC,1587582857738,2020-04-22T19:14:17.738Z,buy,4.739e-05,3.0,0.00014217
MDA/BTC,1587582857738,2020-04-22T19:14:17.738Z,buy,4.742e-05,137.0,0.00649654
MDA/BTC,1587583303914,2020-04-22T19:21:43.914Z,buy,4.741e-05,217.0,0.01028797
MDA/BTC,1587583303914,2020-04-22T19:21:43.914Z,buy,4.742e-05,582.0,0.02759844
MDA/BTC,1587583354957,2020-04-22T19:22:34.957Z,buy,4.742e-05,3.0,0.00014226
MDA/BTC,1587583419570,2020-04-22T19:23:39.570Z,buy,4.742e-05,5.0,0.0002371
MDA/BTC,1587583613364,2020-04-22T19:26:53.364Z,buy,4.742e-05,245.0,0.0116179
MDA/BTC,1587583613388,2020-04-22T19:26:53.388Z,buy,4.742e-05,209.0,0.00991078
MDA/BTC,1587583624495,2020-04-22T19:27:04.495Z,buy,4.75e-05,8.0,0.00038
MDA/BTC,1587583624495,2020-04-22T19:27:04.495Z,buy,4.753e-05,3.0,0.00014259
MDA/BTC,1587583624495,2020-04-22T19:27:04.495Z,buy,4.754e-05,55.0,0.0026147
MDA/BTC,1587583630357,2020-04-22T19:27:10.357Z,buy,4.754e-05,3.0,0.00014262
MDA/BTC,1587583631662,2020-04-22T19:27:11.662Z,sell,4.747e-05,3.0,0.00014241
MDA/BTC,1587583780550,2020-04-22T19:29:40.550Z,sell,4.743e-05,1899.0,0.09006957
MDA/BTC,1587584285493,2020-04-22T19:38:05.493Z,sell,4.738e-05,663.0,0.03141294
MDA/BTC,1587584463489,2020-04-22T19:41:03.489Z,buy,4.753e-05,5.0,0.00023765
MDA/BTC,1587584463489,2020-04-22T19:41:03.489Z,buy,4.754e-05,47.0,0.00223438
MDA/BTC,1587584848311,2020-04-22T19:47:28.311Z,sell,4.74e-05,3.0,0.0001422
MDA/BTC,1587585189804,2020-04-22T19:53:09.804Z,sell,4.742e-05,200.0,0.009484
MDA/BTC,1587585189804,2020-04-22T19:53:09.804Z,sell,4.74e-05,2425.0,0.114945
MDA/BTC,1587585189827,2020-04-22T19:53:09.827Z,buy,4.74e-05,15.0,0.000711
MDA/BTC,1587585189860,2020-04-22T19:53:09.860Z,sell,4.738e-05,310.0,0.0146877999999999
MDA/BTC,1587585189860,2020-04-22T19:53:09.860Z,sell,4.737e-05,30.0,0.0014211
MDA/BTC,1587585539121,2020-04-22T19:58:59.121Z,sell,4.737e-05,764.0,0.03619068
MDA/BTC,1587585539121,2020-04-22T19:58:59.121Z,sell,4.737e-05,764.0,0.03619068
MDA/BTC,1587586014524,2020-04-22T20:06:54.524Z,sell,4.738e-05,256.0,0.01212928
MDA/BTC,1587586014524,2020-04-22T20:06:54.524Z,sell,4.737e-05,494.0,0.02340078
MDA/BTC,1587586039151,2020-04-22T20:07:19.151Z,sell,4.737e-05,750.0,0.0355275
MDA/BTC,1587586065377,2020-04-22T20:07:45.377Z,buy,4.753e-05,5.0,0.00023765
MDA/BTC,1587586065377,2020-04-22T20:07:45.377Z,buy,4.754e-05,105.0,0.0049917
MDA/BTC,1587586520569,2020-04-22T20:15:20.569Z,sell,4.737e-05,3932.0,0.18625884
MDA/BTC,1587586834795,2020-04-22T20:20:34.795Z,buy,4.752e-05,5.0,0.0002376
MDA/BTC,1587586834795,2020-04-22T20:20:34.795Z,buy,4.753e-05,37.0,0.00175861
MDA/BTC,1587587509719,2020-04-22T20:31:49.719Z,buy,4.753e-05,3.0,0.00014259
MDA/BTC,1587587509719,2020-04-22T20:31:49.719Z,buy,4.754e-05,39.0,0.00185406
MDA/BTC,1587587533980,2020-04-22T20:32:13.980Z,buy,4.754e-05,63.0,0.00299502
MDA/BTC,1587587544879,2020-04-22T20:32:24.879Z,buy,4.754e-05,253.0,0.01202762
MDA/BTC,1587587561801,2020-04-22T20:32:41.801Z,sell,4.754e-05,208.0,0.00988832
MDA/BTC,1587587561818,2020-04-22T20:32:41.818Z,sell,4.754e-05,45.0,0.0021393
MDA/BTC,1587587572906,2020-04-22T20:32:52.906Z,sell,4.754e-05,161.0,0.00765394
MDA/BTC,1587587572911,2020-04-22T20:32:52.911Z,sell,4.754e-05,92.0,0.00437368
MDA/BTC,1587587580811,2020-04-22T20:33:00.811Z,sell,4.753e-05,166.0,0.00788998
MDA/BTC,1587587580824,2020-04-22T20:33:00.824Z,sell,4.753e-05,87.0,0.00413511
MDA/BTC,1587587590552,2020-04-22T20:33:10.552Z,sell,4.752e-05,253.0,0.01202256
MDA/BTC,1587587598230,2020-04-22T20:33:18.230Z,sell,4.751e-05,253.0,0.01202003
MDA/BTC,1587587629319,2020-04-22T20:33:49.319Z,buy,4.756e-05,20.0,0.0009511999999999
MDA/BTC,1587587629319,2020-04-22T20:33:49.319Z,buy,4.757e-05,13.0,0.00061841
MDA/BTC,1587587637832,2020-04-22T20:33:57.832Z,sell,4.759e-05,33.0,0.0015704699999999
MDA/BTC,1587587637832,2020-04-22T20:33:57.832Z,sell,4.758e-05,9.0,0.00042822
MDA/BTC,1587587685653,2020-04-22T20:34:45.653Z,sell,4.754e-05,200.0,0.009508
MDA/BTC,1587587696463,2020-04-22T20:34:56.463Z,sell,4.754e-05,169.0,0.00803426
MDA/BTC,1587587697564,2020-04-22T20:34:57.564Z,sell,4.754e-05,31.0,0.00147374
MDA/BTC,1587587712670,2020-04-22T20:35:12.670Z,sell,4.754e-05,95.0,0.0045163
MDA/BTC,1587587714265,2020-04-22T20:35:14.265Z,sell,4.754e-05,66.0,0.00313764
MDA/BTC,1587587715571,2020-04-22T20:35:15.571Z,sell,4.754e-05,39.0,0.00185406
MDA/BTC,1587587766992,2020-04-22T20:36:06.992Z,sell,4.754e-05,22.0,0.00104588
MDA/BTC,1587587812718,2020-04-22T20:36:52.718Z,buy,4.757e-05,3.0,0.00014271
MDA/BTC,1587587828705,2020-04-22T20:37:08.705Z,buy,4.758e-05,3.0,0.00014274
MDA/BTC,1587587838120,2020-04-22T20:37:18.120Z,sell,4.757e-05,3.0,0.00014271
MDA/BTC,1587587880097,2020-04-22T20:38:00.097Z,buy,4.758e-05,57.0,0.00271206
MDA/BTC,1587587880116,2020-04-22T20:38:00.116Z,sell,4.757e-05,50.0,0.0023785
MDA/BTC,1587587881250,2020-04-22T20:38:01.250Z,sell,4.757e-05,34.0,0.00161738
MDA/BTC,1587587889452,2020-04-22T20:38:09.452Z,sell,4.757e-05,10.0,0.0004757
MDA/BTC,1587587889452,2020-04-22T20:38:09.452Z,sell,4.756e-05,12.0,0.00057072
MDA/BTC,1587588043446,2020-04-22T20:40:43.446Z,buy,4.758e-05,60.0,0.0028548
MDA/BTC,1587588043459,2020-04-22T20:40:43.459Z,sell,4.757e-05,46.0,0.00218822
MDA/BTC,1587588051826,2020-04-22T20:40:51.826Z,sell,4.757e-05,14.0,0.00066598
MDA/BTC,1587588051826,2020-04-22T20:40:51.826Z,sell,4.756e-05,16.0,0.00076096
MDA/BTC,1587588104065,2020-04-22T20:41:44.065Z,buy,4.758e-05,60.0,0.0028548
MDA/BTC,1587588104065,2020-04-22T20:41:44.065Z,sell,4.757e-05,13.0,0.00061841
MDA/BTC,1587588104078,2020-04-22T20:41:44.078Z,sell,4.757e-05,47.0,0.00223579
MDA/BTC,1587588105157,2020-04-22T20:41:45.157Z,sell,4.756e-05,50.0,0.002378
MDA/BTC,1587588106147,2020-04-22T20:41:46.147Z,sell,4.756e-05,22.0,0.0010463199999999
MDA/BTC,1587588123159,2020-04-22T20:42:03.159Z,sell,4.757e-05,24.0,0.00114168
MDA/BTC,1587588197688,2020-04-22T20:43:17.688Z,buy,4.758e-05,5.0,0.0002379
MDA/BTC,1587588200664,2020-04-22T20:43:20.664Z,buy,4.758e-05,25.0,0.0011895
MDA/BTC,1587588200679,2020-04-22T20:43:20.679Z,sell,4.757e-05,30.0,0.0014271
MDA/BTC,1587588206556,2020-04-22T20:43:26.556Z,buy,4.758e-05,25.0,0.0011895
MDA/BTC,1587588228086,2020-04-22T20:43:48.086Z,buy,4.758e-05,25.0,0.0011895
MDA/BTC,1587588303589,2020-04-22T20:45:03.589Z,buy,4.758e-05,20.0,0.0009516
MDA/BTC,1587588308664,2020-04-22T20:45:08.664Z,buy,4.758e-05,821.0,0.03906318
MDA/BTC,1587588331678,2020-04-22T20:45:31.678Z,buy,4.758e-05,82.0,0.00390156
MDA/BTC,1587588355656,2020-04-22T20:45:55.656Z,buy,4.76e-05,11.0,0.0005235999999999
MDA/BTC,1587588576732,2020-04-22T20:49:36.732Z,buy,4.76e-05,94.0,0.0044744
MDA/BTC,1587588589108,2020-04-22T20:49:49.108Z,buy,4.761e-05,12.0,0.0005713199999999
MDA/BTC,1587588638126,2020-04-22T20:50:38.126Z,sell,4.757e-05,4.0,0.00019028
MDA/BTC,1587588656125,2020-04-22T20:50:56.125Z,buy,4.761e-05,21.0,0.00099981
MDA/BTC,1587589114231,2020-04-22T20:58:34.231Z,buy,4.761e-05,508.0,0.02418588
MDA/BTC,1587589114231,2020-04-22T20:58:34.231Z,buy,4.761e-05,508.0,0.02418588
MDA/BTC,1587589273994,2020-04-22T21:01:13.994Z,buy,4.761e-05,16.0,0.00076176
MDA/BTC,1587589387565,2020-04-22T21:03:07.565Z,sell,4.757e-05,41.0,0.00195037
MDA/BTC,1587589392352,2020-04-22T21:03:12.352Z,sell,4.757e-05,4.0,0.00019028
MDA/BTC,1587589958149,2020-04-22T21:12:38.149Z,buy,4.758e-05,4.0,0.00019032
MDA/BTC,1587590031864,2020-04-22T21:13:51.864Z,buy,4.759e-05,5.0,0.0002379499999999
MDA/BTC,1587590031864,2020-04-22T21:13:51.864Z,buy,4.761e-05,312.0,0.01485432
MDA/BTC,1587590066205,2020-04-22T21:14:26.205Z,buy,4.761e-05,12.0,0.0005713199999999
MDA/BTC,1587590066219,2020-04-22T21:14:26.219Z,sell,4.762e-05,176.0,0.00838112
MDA/BTC,1587590067324,2020-04-22T21:14:27.324Z,sell,4.762e-05,122.0,0.00580964
MDA/BTC,1587590068325,2020-04-22T21:14:28.325Z,sell,4.762e-05,85.0,0.0040477
MDA/BTC,1587590070323,2020-04-22T21:14:30.323Z,sell,4.762e-05,58.0,0.00276196
MDA/BTC,1587590071425,2020-04-22T21:14:31.425Z,sell,4.762e-05,40.0,0.0019048
MDA/BTC,1587590073028,2020-04-22T21:14:33.028Z,sell,4.762e-05,28.0,0.00133336
MDA/BTC,1587590123100,2020-04-22T21:15:23.100Z,sell,4.762e-05,100.0,0.004762
MDA/BTC,1587590123110,2020-04-22T21:15:23.110Z,sell,4.762e-05,83.0,0.00395246
MDA/BTC,1587590322837,2020-04-22T21:18:42.837Z,buy,4.764e-05,588.0,0.02801232
MDA/BTC,1587590324726,2020-04-22T21:18:44.726Z,buy,4.766e-05,416.0,0.01982656
MDA/BTC,1587590325930,2020-04-22T21:18:45.930Z,buy,4.766e-05,171.0,0.00814986
MDA/BTC,1587590325930,2020-04-22T21:18:45.930Z,buy,4.768e-05,4.0,0.00019072
MDA/BTC,1587590325930,2020-04-22T21:18:45.930Z,buy,4.769e-05,94.0,0.00448286
MDA/BTC,1587590325930,2020-04-22T21:18:45.930Z,buy,4.77e-05,5.0,0.0002385
MDA/BTC,1587590329724,2020-04-22T21:18:49.724Z,buy,4.773e-05,502.0,0.02396046
MDA/BTC,1587590338482,2020-04-22T21:18:58.482Z,buy,4.774e-05,4.0,0.00019096
MDA/BTC,1587590338482,2020-04-22T21:18:58.482Z,buy,4.775e-05,21.0,0.00100275
MDA/BTC,1587590338482,2020-04-22T21:18:58.482Z,buy,4.782e-05,5.0,0.0002391
MDA/BTC,1587590338482,2020-04-22T21:18:58.482Z,buy,4.783e-05,73.0,0.00349159
MDA/BTC,1587590338482,2020-04-22T21:18:58.482Z,buy,4.784e-05,1290.0,0.0617136
MDA/BTC,1587590338499,2020-04-22T21:18:58.499Z,sell,4.784e-05,103.0,0.00492752
MDA/BTC,1587590338499,2020-04-22T21:18:58.499Z,sell,4.784e-05,64.0,0.00306176
MDA/BTC,1587590339660,2020-04-22T21:18:59.660Z,buy,4.785e-05,5.0,0.00023925
MDA/BTC,1587590339660,2020-04-22T21:18:59.660Z,buy,4.786e-05,5.0,0.0002393
MDA/BTC,1587590339660,2020-04-22T21:18:59.660Z,buy,4.788e-05,81.0,0.00387828
MDA/BTC,1587590339660,2020-04-22T21:18:59.660Z,buy,4.793e-05,378.0,0.0181175399999999
MDA/BTC,1587590345005,2020-04-22T21:19:05.005Z,buy,4.794e-05,8.0,0.00038352
MDA/BTC,1587590345005,2020-04-22T21:19:05.005Z,buy,4.796e-05,790.0,0.0378884
MDA/BTC,1587590345005,2020-04-22T21:19:05.005Z,buy,4.798e-05,1539.0,0.07384122
MDA/BTC,1587590345005,2020-04-22T21:19:05.005Z,buy,4.8e-05,488.0,0.023424
MDA/BTC,1587590356229,2020-04-22T21:19:16.229Z,buy,4.8e-05,53.0,0.002544
MDA/BTC,1587590356229,2020-04-22T21:19:16.229Z,buy,4.801e-05,5.0,0.00024005
MDA/BTC,1587590356229,2020-04-22T21:19:16.229Z,buy,4.803e-05,31.0,0.00148893
MDA/BTC,1587590356252,2020-04-22T21:19:16.252Z,sell,4.803e-05,897.0,0.04308291
MDA/BTC,1587590356272,2020-04-22T21:19:16.272Z,sell,4.803e-05,896.0,0.04303488
MDA/BTC,1587590356276,2020-04-22T21:19:16.276Z,sell,4.803e-05,122.0,0.00585966
MDA/BTC,1587590356573,2020-04-22T21:19:16.573Z,sell,4.803e-05,98.0,0.00470694
MDA/BTC,1587590356782,2020-04-22T21:19:16.782Z,sell,4.803e-05,99.0,0.00475497
MDA/BTC,1587590357462,2020-04-22T21:19:17.462Z,sell,4.803e-05,476.0,0.02286228
MDA/BTC,1587590378334,2020-04-22T21:19:38.334Z,buy,4.809e-05,4.0,0.00019236
MDA/BTC,1587590378334,2020-04-22T21:19:38.334Z,buy,4.81e-05,9.0,0.0004328999999999
MDA/BTC,1587590378334,2020-04-22T21:19:38.334Z,buy,4.815e-05,10.0,0.0004815
MDA/BTC,1587590378334,2020-04-22T21:19:38.334Z,buy,4.816e-05,4.0,0.00019264
MDA/BTC,1587590378334,2020-04-22T21:19:38.334Z,buy,4.819e-05,2104.0,0.10139176
MDA/BTC,1587590411770,2020-04-22T21:20:11.770Z,buy,4.811e-05,3.0,0.00014433
MDA/BTC,1587590411770,2020-04-22T21:20:11.770Z,buy,4.815e-05,240.0,0.011556
MDA/BTC,1587590426912,2020-04-22T21:20:26.912Z,buy,4.815e-05,237.0,0.01141155
MDA/BTC,1587590426912,2020-04-22T21:20:26.912Z,buy,4.82e-05,3917.0,0.1887994
MDA/BTC,1587590437656,2020-04-22T21:20:37.656Z,buy,4.824e-05,60.0,0.0028944
MDA/BTC,1587590442042,2020-04-22T21:20:42.042Z,buy,4.824e-05,42.0,0.00202608
MDA/BTC,1587590445803,2020-04-22T21:20:45.803Z,buy,4.824e-05,83.0,0.00400392
MDA/BTC,1587590450404,2020-04-22T21:20:50.404Z,buy,4.824e-05,31.0,0.00149544
MDA/BTC,1587590457366,2020-04-22T21:20:57.366Z,buy,4.824e-05,5510.0,0.2658024
MDA/BTC,1587590468203,2020-04-22T21:21:08.203Z,sell,4.824e-05,414.0,0.01997136
MDA/BTC,1587590468220,2020-04-22T21:21:08.220Z,sell,4.824e-05,55.0,0.0026532
MDA/BTC,1587590468223,2020-04-22T21:21:08.223Z,sell,4.824e-05,57.0,0.00274968
MDA/BTC,1587590469013,2020-04-22T21:21:09.013Z,buy,4.824e-05,406.0,0.01958544
MDA/BTC,1587590469280,2020-04-22T21:21:09.280Z,sell,4.824e-05,72.0,0.00347328
MDA/BTC,1587590470677,2020-04-22T21:21:10.677Z,sell,4.82e-05,55.0,0.002651
MDA/BTC,1587590472085,2020-04-22T21:21:12.085Z,sell,4.82e-05,42.0,0.0020244
MDA/BTC,1587590472136,2020-04-22T21:21:12.136Z,buy,4.825e-05,6.0,0.0002895
MDA/BTC,1587590474894,2020-04-22T21:21:14.894Z,sell,4.804e-05,295.0,0.0141718
MDA/BTC,1587590474894,2020-04-22T21:21:14.894Z,sell,4.803e-05,1098.0,0.0527369399999999
MDA/BTC,1587590474902,2020-04-22T21:21:14.902Z,sell,4.803e-05,472.0,0.0226701599999999
MDA/BTC,1587590476336,2020-04-22T21:21:16.336Z,buy,4.824e-05,145.0,0.0069948
MDA/BTC,1587590476339,2020-04-22T21:21:16.339Z,buy,4.824e-05,154.0,0.00742896
MDA/BTC,1587590476339,2020-04-22T21:21:16.339Z,buy,4.825e-05,10.0,0.0004825
MDA/BTC,1587590476339,2020-04-22T21:21:16.339Z,buy,4.827e-05,64.0,0.00308928
MDA/BTC,1587590476340,2020-04-22T21:21:16.340Z,buy,4.827e-05,139.0,0.00670953
MDA/BTC,1587590476347,2020-04-22T21:21:16.347Z,buy,4.827e-05,139.0,0.00670953
MDA/BTC,1587590479897,2020-04-22T21:21:19.897Z,sell,4.813e-05,15.0,0.00072195
MDA/BTC,1587590480012,2020-04-22T21:21:20.012Z,sell,4.813e-05,15.0,0.00072195
MDA/BTC,1587590495587,2020-04-22T21:21:35.587Z,sell,4.813e-05,202.0,0.00972226
MDA/BTC,1587590498820,2020-04-22T21:21:38.820Z,buy,4.813e-05,1208.0,0.05814104
MDA/BTC,1587590526683,2020-04-22T21:22:06.683Z,buy,4.813e-05,1038.0,0.04995894
MDA/BTC,1587590529767,2020-04-22T21:22:09.767Z,buy,4.813e-05,100.0,0.004813
MDA/BTC,1587590543736,2020-04-22T21:22:23.736Z,sell,4.803e-05,962.0,0.04620486
MDA/BTC,1587590551863,2020-04-22T21:22:31.863Z,sell,4.803e-05,110.0,0.0052833
MDA/BTC,1587590551913,2020-04-22T21:22:31.913Z,sell,4.803e-05,743.0,0.03568629
MDA/BTC,1587590552081,2020-04-22T21:22:32.081Z,sell,4.803e-05,87.0,0.00417861
MDA/BTC,1587590552105,2020-04-22T21:22:32.105Z,sell,4.803e-05,716.0,0.03438948
MDA/BTC,1587590565580,2020-04-22T21:22:45.580Z,buy,4.81e-05,109.0,0.0052429
MDA/BTC,1587590565580,2020-04-22T21:22:45.580Z,buy,4.812e-05,14.0,0.00067368
MDA/BTC,1587590584531,2020-04-22T21:23:04.531Z,sell,4.784e-05,98.0,0.00468832
MDA/BTC,1587590584531,2020-04-22T21:23:04.531Z,sell,4.784e-05,32.0,0.00153088
MDA/BTC,1587590584531,2020-04-22T21:23:04.531Z,sell,4.784e-05,88.0,0.00420992
MDA/BTC,1587590601122,2020-04-22T21:23:21.122Z,buy,4.784e-05,245.0,0.0117208
MDA/BTC,1587590605167,2020-04-22T21:23:25.167Z,buy,4.789e-05,66.0,0.00316074
MDA/BTC,1587590606189,2020-04-22T21:23:26.189Z,buy,4.812e-05,4.0,0.00019248
MDA/BTC,1587590657487,2020-04-22T21:24:17.487Z,buy,4.803e-05,222.0,0.01066266
MDA/BTC,1587590657487,2020-04-22T21:24:17.487Z,buy,4.807e-05,788.0,0.03787916
MDA/BTC,1587590657487,2020-04-22T21:24:17.487Z,buy,4.812e-05,278.0,0.01337736
MDA/BTC,1587590657487,2020-04-22T21:24:17.487Z,buy,4.813e-05,1905.0,0.09168765
MDA/BTC,1587590665463,2020-04-22T21:24:25.463Z,sell,4.813e-05,44.0,0.00211772
MDA/BTC,1587590674017,2020-04-22T21:24:34.017Z,sell,4.813e-05,85.0,0.00409105
MDA/BTC,1587590674086,2020-04-22T21:24:34.086Z,sell,4.813e-05,652.0,0.03138076
MDA/BTC,1587590682610,2020-04-22T21:24:42.610Z,sell,4.791e-05,258.0,0.01236078
MDA/BTC,1587590682610,2020-04-22T21:24:42.610Z,sell,4.79e-05,424.0,0.0203096
MDA/BTC,1587590696722,2020-04-22T21:24:56.722Z,sell,4.805e-05,97.0,0.00466085
MDA/BTC,1587590710782,2020-04-22T21:25:10.782Z,buy,4.815e-05,4.0,0.0001926
MDA/BTC,1587590751113,2020-04-22T21:25:51.113Z,sell,4.815e-05,309.0,0.01487835
MDA/BTC,1587590760611,2020-04-22T21:26:00.611Z,sell,4.815e-05,77.0,0.00370755
MDA/BTC,1587590764162,2020-04-22T21:26:04.162Z,sell,4.805e-05,371.0,0.01782655
MDA/BTC,1587590795467,2020-04-22T21:26:35.467Z,sell,4.805e-05,243.0,0.01167615
MDA/BTC,1587590795467,2020-04-22T21:26:35.467Z,sell,4.803e-05,29.0,0.00139287
MDA/BTC,1587590831417,2020-04-22T21:27:11.417Z,sell,4.806e-05,116.0,0.0055749599999999
MDA/BTC,1587590831417,2020-04-22T21:27:11.417Z,sell,4.804e-05,397.0,0.01907188
MDA/BTC,1587590831417,2020-04-22T21:27:11.417Z,sell,4.803e-05,307.0,0.01474521
MDA/BTC,1587590831423,2020-04-22T21:27:11.423Z,sell,4.803e-05,25.0,0.00120075
MDA/BTC,1587590831935,2020-04-22T21:27:11.935Z,sell,4.807e-05,58.0,0.0027880599999999
MDA/BTC,1587590843818,2020-04-22T21:27:23.818Z,sell,4.803e-05,4.0,0.00019212
MDA/BTC,1587590852433,2020-04-22T21:27:32.433Z,buy,4.804e-05,8.0,0.00038432
MDA/BTC,1587590867870,2020-04-22T21:27:47.870Z,buy,4.821e-05,5.0,0.00024105
MDA/BTC,1587590871022,2020-04-22T21:27:51.022Z,buy,4.821e-05,20.0,0.0009642
MDA/BTC,1587590880517,2020-04-22T21:28:00.517Z,sell,4.814e-05,3.0,0.00014442
MDA/BTC,1587590880517,2020-04-22T21:28:00.517Z,sell,4.804e-05,49.0,0.00235396
MDA/BTC,1587590880528,2020-04-22T21:28:00.528Z,sell,4.804e-05,1.0,4.804e-05
MDA/BTC,1587590880528,2020-04-22T21:28:00.528Z,sell,4.803e-05,294.0,0.01412082
MDA/BTC,1587590880528,2020-04-22T21:28:00.528Z,sell,4.8e-05,90.0,0.00432
MDA/BTC,1587590958046,2020-04-22T21:29:18.046Z,buy,4.82e-05,3.0,0.0001446
MDA/BTC,1587590974569,2020-04-22T21:29:34.569Z,buy,4.82e-05,12.0,0.0005784
MDA/BTC,1587590974569,2020-04-22T21:29:34.569Z,buy,4.821e-05,266.0,0.01282386
MDA/BTC,1587591165846,2020-04-22T21:32:45.846Z,sell,4.813e-05,3.0,0.00014439
MDA/BTC,1587591165846,2020-04-22T21:32:45.846Z,sell,4.804e-05,3.0,0.00014412
MDA/BTC,1587591165846,2020-04-22T21:32:45.846Z,sell,4.802e-05,118.0,0.00566636
MDA/BTC,1587591165846,2020-04-22T21:32:45.846Z,sell,4.801e-05,27.0,0.00129627
MDA/BTC,1587591279813,2020-04-22T21:34:39.813Z,buy,4.819e-05,5.0,0.0002409499999999
MDA/BTC,1587591279813,2020-04-22T21:34:39.813Z,buy,4.821e-05,495.0,0.02386395
MDA/BTC,1587591279813,2020-04-22T21:34:39.813Z,buy,4.823e-05,218.0,0.01051414
MDA/BTC,1587591285858,2020-04-22T21:34:45.858Z,sell,4.823e-05,183.0,0.00882609
MDA/BTC,1587591286546,2020-04-22T21:34:46.546Z,sell,4.823e-05,6.0,0.00028938
MDA/BTC,1587591297704,2020-04-22T21:34:57.704Z,buy,4.824e-05,8.0,0.00038592
MDA/BTC,1587591297704,2020-04-22T21:34:57.704Z,buy,4.827e-05,15.0,0.00072405
MDA/BTC,1587591297704,2020-04-22T21:34:57.704Z,buy,4.828e-05,6.0,0.00028968
MDA/BTC,1587591297704,2020-04-22T21:34:57.704Z,buy,4.829e-05,1.0,4.829e-05
MDA/BTC,1587591320986,2020-04-22T21:35:20.986Z,buy,4.829e-05,12.0,0.00057948
MDA/BTC,1587591320986,2020-04-22T21:35:20.986Z,buy,4.831e-05,5.0,0.00024155
MDA/BTC,1587591320986,2020-04-22T21:35:20.986Z,buy,4.832e-05,454.0,0.02193728
MDA/BTC,1587591320986,2020-04-22T21:35:20.986Z,buy,4.833e-05,231.0,0.01116423
MDA/BTC,1587591336722,2020-04-22T21:35:36.722Z,buy,4.83e-05,703.0,0.0339549
MDA/BTC,1587591354561,2020-04-22T21:35:54.561Z,buy,4.829e-05,61.0,0.00294569
MDA/BTC,1587591358302,2020-04-22T21:35:58.302Z,buy,4.829e-05,205.0,0.00989945
MDA/BTC,1587591364228,2020-04-22T21:36:04.228Z,buy,4.829e-05,98.0,0.00473242
MDA/BTC,1587591380585,2020-04-22T21:36:20.585Z,buy,4.829e-05,51.0,0.00246279
MDA/BTC,1587591429341,2020-04-22T21:37:09.341Z,buy,4.829e-05,3.0,0.00014487
MDA/BTC,1587591488314,2020-04-22T21:38:08.314Z,sell,4.823e-05,151.0,0.0072827299999999
MDA/BTC,1587591488329,2020-04-22T21:38:08.329Z,sell,4.823e-05,350.0,0.0168805
MDA/BTC,1587591495825,2020-04-22T21:38:15.825Z,buy,4.83e-05,94.0,0.0045402
MDA/BTC,1587591501207,2020-04-22T21:38:21.207Z,buy,4.83e-05,25.0,0.0012075
MDA/BTC,1587591503377,2020-04-22T21:38:23.377Z,buy,4.83e-05,854.0,0.0412482
MDA/BTC,1587591505280,2020-04-22T21:38:25.280Z,buy,4.83e-05,1318.0,0.0636594
MDA/BTC,1587591505280,2020-04-22T21:38:25.280Z,buy,4.833e-05,91.0,0.00439803
MDA/BTC,1587591505280,2020-04-22T21:38:25.280Z,buy,4.834e-05,2619.0,0.12660246
MDA/BTC,1587591505280,2020-04-22T21:38:25.280Z,buy,4.836e-05,27.0,0.00130572
MDA/BTC,1587591505280,2020-04-22T21:38:25.280Z,buy,4.84e-05,3.0,0.0001452
MDA/BTC,1587591505280,2020-04-22T21:38:25.280Z,buy,4.841e-05,3.0,0.00014523
MDA/BTC,1587591505280,2020-04-22T21:38:25.280Z,buy,4.842e-05,5.0,0.0002421
MDA/BTC,1587591505280,2020-04-22T21:38:25.280Z,buy,4.843e-05,288.0,0.01394784
MDA/BTC,1587591505280,2020-04-22T21:38:25.280Z,buy,4.844e-05,15.0,0.0007266
MDA/BTC,1587591505280,2020-04-22T21:38:25.280Z,buy,4.846e-05,32.0,0.00155072
MDA/BTC,1587591505280,2020-04-22T21:38:25.280Z,buy,4.848e-05,308.0,0.0149318399999999
MDA/BTC,1587591505280,2020-04-22T21:38:25.280Z,buy,4.849e-05,62.0,0.00300638
MDA/BTC,1587591505280,2020-04-22T21:38:25.280Z,buy,4.85e-05,119.0,0.0057715
MDA/BTC,1587591505280,2020-04-22T21:38:25.280Z,buy,4.855e-05,3.0,0.00014565
MDA/BTC,1587591505280,2020-04-22T21:38:25.280Z,buy,4.857e-05,220.0,0.0106854
MDA/BTC,1587591505280,2020-04-22T21:38:25.280Z,buy,4.858e-05,8.0,0.00038864
MDA/BTC,1587591505280,2020-04-22T21:38:25.280Z,buy,4.86e-05,77.0,0.0037422
MDA/BTC,1587591505280,2020-04-22T21:38:25.280Z,buy,4.862e-05,4.0,0.00019448
MDA/BTC,1587591505280,2020-04-22T21:38:25.280Z,buy,4.865e-05,588.0,0.0286062
MDA/BTC,1587591505280,2020-04-22T21:38:25.280Z,buy,4.87e-05,663.0,0.0322881
MDA/BTC,1587591505280,2020-04-22T21:38:25.280Z,buy,4.874e-05,267.0,0.0130135799999999
MDA/BTC,1587591505280,2020-04-22T21:38:25.280Z,buy,4.874e-05,74.0,0.0036067599999999
MDA/BTC,1587591509341,2020-04-22T21:38:29.341Z,sell,4.842e-05,128.0,0.00619776
MDA/BTC,1587591509341,2020-04-22T21:38:29.341Z,sell,4.842e-05,94.0,0.00455148
MDA/BTC,1587591509344,2020-04-22T21:38:29.344Z,sell,4.842e-05,69.0,0.00334098
MDA/BTC,1587591509384,2020-04-22T21:38:29.384Z,sell,4.842e-05,90.0,0.0043578
MDA/BTC,1587591509385,2020-04-22T21:38:29.385Z,sell,4.842e-05,148.0,0.00716616
MDA/BTC,1587591509486,2020-04-22T21:38:29.486Z,sell,4.842e-05,90.0,0.0043578
MDA/BTC,1587591509538,2020-04-22T21:38:29.538Z,sell,4.842e-05,270.0,0.0130734
MDA/BTC,1587591509838,2020-04-22T21:38:29.838Z,sell,4.842e-05,204.0,0.00987768
MDA/BTC,1587591509878,2020-04-22T21:38:29.878Z,sell,4.842e-05,90.0,0.0043578
MDA/BTC,1587591511884,2020-04-22T21:38:31.884Z,sell,4.827e-05,9.0,0.0004344299999999
MDA/BTC,1587591516954,2020-04-22T21:38:36.954Z,sell,4.831e-05,15.0,0.00072465
MDA/BTC,1587591557596,2020-04-22T21:39:17.596Z,buy,4.863e-05,5.0,0.00024315
MDA/BTC,1587591560061,2020-04-22T21:39:20.061Z,sell,4.856e-05,3.0,0.00014568
MDA/BTC,1587591560061,2020-04-22T21:39:20.061Z,sell,4.838e-05,57.0,0.00275766
MDA/BTC,1587591560091,2020-04-22T21:39:20.091Z,sell,4.838e-05,66.0,0.00319308
MDA/BTC,1587591561734,2020-04-22T21:39:21.734Z,sell,4.836e-05,34.0,0.00164424
MDA/BTC,1587591561747,2020-04-22T21:39:21.747Z,sell,4.836e-05,471.0,0.02277756
MDA/BTC,1587591577779,2020-04-22T21:39:37.779Z,sell,4.846e-05,3.0,0.00014538
MDA/BTC,1587591584057,2020-04-22T21:39:44.057Z,buy,4.84e-05,4.0,0.0001936
MDA/BTC,1587591622043,2020-04-22T21:40:22.043Z,sell,4.836e-05,7.0,0.00033852
MDA/BTC,1587591622043,2020-04-22T21:40:22.043Z,sell,4.835e-05,339.0,0.01639065
MDA/BTC,1587591622044,2020-04-22T21:40:22.044Z,sell,4.835e-05,164.0,0.0079294
MDA/BTC,1587591622322,2020-04-22T21:40:22.322Z,sell,4.83e-05,213.0,0.0102879
MDA/BTC,1587591624843,2020-04-22T21:40:24.843Z,sell,4.829e-05,8.0,0.00038632
MDA/BTC,1587591624843,2020-04-22T21:40:24.843Z,sell,4.822e-05,3.0,0.00014466
MDA/BTC,1587591624843,2020-04-22T21:40:24.843Z,sell,4.816e-05,4.0,0.00019264
MDA/BTC,1587591624843,2020-04-22T21:40:24.843Z,sell,4.81e-05,4.0,0.0001924
MDA/BTC,1587591624843,2020-04-22T21:40:24.843Z,sell,4.808e-05,107.0,0.00514456
MDA/BTC,1587591625536,2020-04-22T21:40:25.536Z,buy,4.824e-05,3.0,0.0001447199999999
MDA/BTC,1587591628235,2020-04-22T21:40:28.235Z,sell,4.801e-05,352.0,0.01689952
MDA/BTC,1587591628321,2020-04-22T21:40:28.321Z,buy,4.801e-05,94.0,0.00451294
MDA/BTC,1587591639119,2020-04-22T21:40:39.119Z,sell,4.812e-05,3.0,0.00014436
MDA/BTC,1587591639119,2020-04-22T21:40:39.119Z,sell,4.81e-05,41.0,0.0019721
MDA/BTC,1587591639119,2020-04-22T21:40:39.119Z,sell,4.8e-05,53.0,0.002544
MDA/BTC,1587591652614,2020-04-22T21:40:52.614Z,buy,4.818e-05,4.0,0.00019272
MDA/BTC,1587591657832,2020-04-22T21:40:57.832Z,sell,4.802e-05,3.0,0.00014406
MDA/BTC,1587591657936,2020-04-22T21:40:57.936Z,buy,4.801e-05,702.0,0.03370302
MDA/BTC,1587591657969,2020-04-22T21:40:57.969Z,buy,4.801e-05,707.0,0.03394307
MDA/BTC,1587591675670,2020-04-22T21:41:15.670Z,buy,4.801e-05,3.0,0.00014403
MDA/BTC,1587591684871,2020-04-22T21:41:24.871Z,buy,4.801e-05,480.0,0.0230448
MDA/BTC,1587591713172,2020-04-22T21:41:53.172Z,buy,4.801e-05,48.0,0.00230448
MDA/BTC,1587591714044,2020-04-22T21:41:54.044Z,buy,4.801e-05,162.0,0.00777762
MDA/BTC,1587591798059,2020-04-22T21:43:18.059Z,buy,4.816e-05,4.0,0.00019264
MDA/BTC,1587591908068,2020-04-22T21:45:08.068Z,buy,4.816e-05,4.0,0.00019264
MDA/BTC,1587591942596,2020-04-22T21:45:42.596Z,sell,4.805e-05,3.0,0.00014415
MDA/BTC,1587591946215,2020-04-22T21:45:46.215Z,buy,4.804e-05,4.0,0.00019216
MDA/BTC,1587592012231,2020-04-22T21:46:52.231Z,buy,4.805e-05,1.0,4.805e-05
MDA/BTC,1587592012231,2020-04-22T21:46:52.231Z,buy,4.817e-05,17.0,0.00081889
MDA/BTC,1587592012231,2020-04-22T21:46:52.231Z,buy,4.823e-05,9.0,0.00043407
MDA/BTC,1587592162303,2020-04-22T21:49:22.303Z,sell,4.823e-05,8.0,0.00038584
MDA/BTC,1587592162360,2020-04-22T21:49:22.360Z,sell,4.823e-05,3.0,0.00014469
MDA/BTC,1587592162360,2020-04-22T21:49:22.360Z,sell,4.8e-05,9567.0,0.459216
MDA/BTC,1587592162978,2020-04-22T21:49:22.978Z,sell,4.8e-05,1488.0,0.071424
MDA/BTC,1587592164851,2020-04-22T21:49:24.851Z,sell,4.8e-05,1740.0,0.08352
MDA/BTC,1587592246285,2020-04-22T21:50:46.285Z,buy,4.823e-05,655.0,0.03159065
MDA/BTC,1587592279261,2020-04-22T21:51:19.261Z,sell,4.801e-05,128.0,0.00614528
MDA/BTC,1587592279261,2020-04-22T21:51:19.261Z,sell,4.8e-05,254.0,0.012192
MDA/BTC,1587592279329,2020-04-22T21:51:19.329Z,sell,4.8e-05,370.0,0.01776
MDA/BTC,1587592279329,2020-04-22T21:51:19.329Z,sell,4.795e-05,3.0,0.00014385
MDA/BTC,1587592279329,2020-04-22T21:51:19.329Z,sell,4.794e-05,3.0,0.00014382
MDA/BTC,1587592279378,2020-04-22T21:51:19.378Z,buy,4.794e-05,81.0,0.0038831399999999
MDA/BTC,1587592280171,2020-04-22T21:51:20.171Z,sell,4.784e-05,20.0,0.0009568
MDA/BTC,1587592280171,2020-04-22T21:51:20.171Z,sell,4.783e-05,4.0,0.00019132
MDA/BTC,1587592280171,2020-04-22T21:51:20.171Z,sell,4.777e-05,103.0,0.00492031
MDA/BTC,1587592280171,2020-04-22T21:51:20.171Z,sell,4.775e-05,217.0,0.01036175
MDA/BTC,1587592293489,2020-04-22T21:51:33.489Z,sell,4.784e-05,3.0,0.00014352
MDA/BTC,1587592293786,2020-04-22T21:51:33.786Z,buy,4.783e-05,4.0,0.00019132
MDA/BTC,1587592293786,2020-04-22T21:51:33.786Z,buy,4.784e-05,20.0,0.0009568
MDA/BTC,1587592294982,2020-04-22T21:51:34.982Z,buy,4.784e-05,45.0,0.0021528
MDA/BTC,1587592379118,2020-04-22T21:52:59.118Z,buy,4.799e-05,1.0,4.799e-05
MDA/BTC,1587592388911,2020-04-22T21:53:08.911Z,buy,4.792e-05,1.0,4.792e-05
MDA/BTC,1587592394326,2020-04-22T21:53:14.326Z,buy,4.792e-05,1.0,4.792e-05
MDA/BTC,1587592394326,2020-04-22T21:53:14.326Z,buy,4.792e-05,1.0,4.792e-05
MDA/BTC,1587592869607,2020-04-22T22:01:09.607Z,buy,4.782e-05,6.0,0.0002869199999999
MDA/BTC,1587593091856,2020-04-22T22:04:51.856Z,sell,4.774e-05,3.0,0.00014322
MDA/BTC,1587593091856,2020-04-22T22:04:51.856Z,sell,4.773e-05,3.0,0.00014319
MDA/BTC,1587593091856,2020-04-22T22:04:51.856Z,sell,4.762e-05,471.0,0.02242902
MDA/BTC,1587593091996,2020-04-22T22:04:51.996Z,sell,4.762e-05,4.0,0.00019048
MDA/BTC,1587593092001,2020-04-22T22:04:52.001Z,sell,4.762e-05,3.0,0.00014286
MDA/BTC,1587593092002,2020-04-22T22:04:52.002Z,sell,4.762e-05,3.0,0.00014286
MDA/BTC,1587593095506,2020-04-22T22:04:55.506Z,buy,4.763e-05,3.0,0.00014289
MDA/BTC,1587593095911,2020-04-22T22:04:55.911Z,buy,4.783e-05,3.0,0.00014349
MDA/BTC,1587593098368,2020-04-22T22:04:58.368Z,sell,4.763e-05,90.0,0.0042867
MDA/BTC,1587593105473,2020-04-22T22:05:05.473Z,buy,4.762e-05,42.0,0.00200004
MDA/BTC,1587593108357,2020-04-22T22:05:08.357Z,sell,4.758e-05,178.0,0.00846924
MDA/BTC,1587593108357,2020-04-22T22:05:08.357Z,sell,4.757e-05,4.0,0.00019028
MDA/BTC,1587593108357,2020-04-22T22:05:08.357Z,sell,4.749e-05,184.0,0.00873816
MDA/BTC,1587593119435,2020-04-22T22:05:19.435Z,buy,4.752e-05,3.0,0.00014256
MDA/BTC,1587593129226,2020-04-22T22:05:29.226Z,sell,4.75e-05,212.0,0.01007
MDA/BTC,1587593249438,2020-04-22T22:07:29.438Z,buy,4.773e-05,1.0,4.773e-05
MDA/BTC,1587593254561,2020-04-22T22:07:34.561Z,buy,4.782e-05,9.0,0.00043038
MDA/BTC,1587593283719,2020-04-22T22:08:03.719Z,buy,4.773e-05,1.0,4.773e-05
MDA/BTC,1587593374665,2020-04-22T22:09:34.665Z,buy,4.758e-05,88.0,0.00418704
MDA/BTC,1587593390984,2020-04-22T22:09:50.984Z,buy,4.77e-05,1.0,4.77e-05
MDA/BTC,1587593528919,2020-04-22T22:12:08.919Z,sell,4.75e-05,568.0,0.02698
MDA/BTC,1587593534751,2020-04-22T22:12:14.751Z,buy,4.771e-05,1.0,4.771e-05
MDA/BTC,1587593588325,2020-04-22T22:13:08.325Z,buy,4.771e-05,1.0,4.771e-05
MDA/BTC,1587593761369,2020-04-22T22:16:01.369Z,buy,4.764e-05,1.0,4.764e-05
MDA/BTC,1587593825356,2020-04-22T22:17:05.356Z,buy,4.755e-05,35.0,0.00166425
MDA/BTC,1587593849049,2020-04-22T22:17:29.049Z,buy,4.759e-05,1.0,4.759e-05
MDA/BTC,1587593856693,2020-04-22T22:17:36.693Z,buy,4.763e-05,1.0,4.763e-05
MDA/BTC,1587593882245,2020-04-22T22:18:02.245Z,sell,4.747e-05,322.0,0.01528534
MDA/BTC,1587593882245,2020-04-22T22:18:02.245Z,sell,4.744e-05,635.0,0.0301244
MDA/BTC,1587593882245,2020-04-22T22:18:02.245Z,sell,4.741e-05,87.0,0.00412467
MDA/BTC,1587593882245,2020-04-22T22:18:02.245Z,sell,4.734e-05,326.0,0.01543284
MDA/BTC,1587593882245,2020-04-22T22:18:02.245Z,sell,4.733e-05,968.0,0.04581544
MDA/BTC,1587593883271,2020-04-22T22:18:03.271Z,buy,4.742e-05,40.0,0.0018968
MDA/BTC,1587593883421,2020-04-22T22:18:03.421Z,buy,4.742e-05,1.0,4.742e-05
MDA/BTC,1587593883470,2020-04-22T22:18:03.470Z,sell,4.746e-05,37.0,0.00175602
MDA/BTC,1587593889762,2020-04-22T22:18:09.762Z,buy,4.75e-05,60.0,0.00285
MDA/BTC,1587593890733,2020-04-22T22:18:10.733Z,buy,4.749e-05,153.0,0.00726597
MDA/BTC,1587593891103,2020-04-22T22:18:11.103Z,buy,4.749e-05,153.0,0.00726597
MDA/BTC,1587594021257,2020-04-22T22:20:21.257Z,sell,4.749e-05,3.0,0.00014247
MDA/BTC,1587594032380,2020-04-22T22:20:32.380Z,buy,4.745e-05,104.0,0.0049348
MDA/BTC,1587594045382,2020-04-22T22:20:45.382Z,buy,4.745e-05,168.0,0.0079716
MDA/BTC,1587594409526,2020-04-22T22:26:49.526Z,buy,4.765e-05,1.0,4.765e-05
MDA/BTC,1587594499433,2020-04-22T22:28:19.433Z,buy,4.763e-05,1.0,4.763e-05
MDA/BTC,1587594626202,2020-04-22T22:30:26.202Z,buy,4.764e-05,1.0,4.764e-05
MDA/BTC,1587595002242,2020-04-22T22:36:42.242Z,buy,4.763e-05,3.0,0.00014289
MDA/BTC,1587595002242,2020-04-22T22:36:42.242Z,buy,4.764e-05,130.0,0.0061931999999999
MDA/BTC,1587595014634,2020-04-22T22:36:54.634Z,buy,4.765e-05,10.0,0.0004765
MDA/BTC,1587595248927,2020-04-22T22:40:48.927Z,buy,4.774e-05,3.0,0.00014322
MDA/BTC,1587595356701,2020-04-22T22:42:36.701Z,buy,4.774e-05,1.0,4.774e-05
MDA/BTC,1587595895774,2020-04-22T22:51:35.774Z,buy,4.774e-05,5.0,0.0002387
MDA/BTC,1587595939713,2020-04-22T22:52:19.713Z,sell,4.774e-05,455.0,0.0217217
MDA/BTC,1587595939713,2020-04-22T22:52:19.713Z,sell,4.774e-05,455.0,0.0217217
MDA/BTC,1587596045256,2020-04-22T22:54:05.256Z,sell,4.774e-05,137.0,0.00654038
MDA/BTC,1587596141959,2020-04-22T22:55:41.959Z,buy,4.775e-05,4.0,0.000191
MDA/BTC,1587596141959,2020-04-22T22:55:41.959Z,buy,4.783e-05,4.0,0.00019132
MDA/BTC,1587596141959,2020-04-22T22:55:41.959Z,buy,4.79e-05,141.0,0.0067539
MDA/BTC,1587596185737,2020-04-22T22:56:25.737Z,sell,4.79e-05,143.0,0.0068497
MDA/BTC,1587596186738,2020-04-22T22:56:26.738Z,sell,4.79e-05,99.0,0.0047421
MDA/BTC,1587596187844,2020-04-22T22:56:27.844Z,sell,4.79e-05,69.0,0.0033051
MDA/BTC,1587596188943,2020-04-22T22:56:28.943Z,sell,4.79e-05,48.0,0.0022992
MDA/BTC,1587596190544,2020-04-22T22:56:30.544Z,sell,4.79e-05,33.0,0.0015807
MDA/BTC,1587596192348,2020-04-22T22:56:32.348Z,sell,4.79e-05,23.0,0.0011017
MDA/BTC,1587596200611,2020-04-22T22:56:40.611Z,sell,4.79e-05,828.0,0.0396612
MDA/BTC,1587596200627,2020-04-22T22:56:40.627Z,sell,4.79e-05,56.0,0.0026823999999999
MDA/BTC,1587597281779,2020-04-22T23:14:41.779Z,buy,4.792e-05,6.0,0.00028752
MDA/BTC,1587597281779,2020-04-22T23:14:41.779Z,buy,4.793e-05,4.0,0.00019172
MDA/BTC,1587597281779,2020-04-22T23:14:41.779Z,buy,4.808e-05,168.0,0.00807744
MDA/BTC,1587597294380,2020-04-22T23:14:54.380Z,buy,4.81e-05,4.0,0.0001924
MDA/BTC,1587597294380,2020-04-22T23:14:54.380Z,buy,4.813e-05,226.0,0.01087738
MDA/BTC,1587597294380,2020-04-22T23:14:54.380Z,buy,4.814e-05,245.0,0.0117943
MDA/BTC,1587597294380,2020-04-22T23:14:54.380Z,buy,4.815e-05,525.0,0.02527875
MDA/BTC,1587597324101,2020-04-22T23:15:24.101Z,buy,4.812e-05,472.0,0.02271264
MDA/BTC,1587597408642,2020-04-22T23:16:48.642Z,sell,4.79e-05,93.0,0.0044547
MDA/BTC,1587597409874,2020-04-22T23:16:49.874Z,sell,4.79e-05,99.0,0.0047421
MDA/BTC,1587597466832,2020-04-22T23:17:46.832Z,sell,4.79e-05,1896.0,0.0908184
MDA/BTC,1587598372790,2020-04-22T23:32:52.790Z,buy,4.79e-05,5.0,0.0002395
MDA/BTC,1587598387162,2020-04-22T23:33:07.162Z,buy,4.79e-05,3.0,0.0001437
MDA/BTC,1587598548754,2020-04-22T23:35:48.754Z,sell,4.783e-05,419.0,0.02004077
MDA/BTC,1587598548754,2020-04-22T23:35:48.754Z,sell,4.77e-05,995.0,0.0474615
MDA/BTC,1587598548754,2020-04-22T23:35:48.754Z,sell,4.769e-05,1857.0,0.0885603299999999
MDA/BTC,1587598548865,2020-04-22T23:35:48.865Z,buy,4.769e-05,6.0,0.00028614
MDA/BTC,1587598554923,2020-04-22T23:35:54.923Z,sell,4.764e-05,77.0,0.00366828
MDA/BTC,1587598554923,2020-04-22T23:35:54.923Z,sell,4.761e-05,3.0,0.0001428299999999
MDA/BTC,1587598554923,2020-04-22T23:35:54.923Z,sell,4.757e-05,4.0,0.00019028
MDA/BTC,1587598554923,2020-04-22T23:35:54.923Z,sell,4.756e-05,1013.0,0.04817828
MDA/BTC,1587598779626,2020-04-22T23:39:39.626Z,sell,4.757e-05,3.0,0.00014271
MDA/BTC,1587599159229,2020-04-22T23:45:59.229Z,buy,4.78e-05,1.0,4.78e-05
MDA/BTC,1587599169295,2020-04-22T23:46:09.295Z,buy,4.766e-05,3.0,0.00014298
MDA/BTC,1587599235179,2020-04-22T23:47:15.179Z,buy,4.767e-05,3.0,0.00014301
MDA/BTC,1587599235179,2020-04-22T23:47:15.179Z,buy,4.78e-05,1.0,4.78e-05
MDA/BTC,1587599435009,2020-04-22T23:50:35.009Z,sell,4.759e-05,210.0,0.0099939
MDA/BTC,1587599435009,2020-04-22T23:50:35.009Z,sell,4.759e-05,210.0,0.0099939
MDA/BTC,1587599761700,2020-04-22T23:56:01.700Z,buy,4.78e-05,4.0,0.0001912
MDA/BTC,1587599776684,2020-04-22T23:56:16.684Z,buy,4.781e-05,10.0,0.0004780999999999
MDA/BTC,1587599776684,2020-04-22T23:56:16.684Z,buy,4.783e-05,4.0,0.00019132
MDA/BTC,1587599776684,2020-04-22T23:56:16.684Z,buy,4.784e-05,103.0,0.00492752
MDA/BTC,1587599776684,2020-04-22T23:56:16.684Z,buy,4.789e-05,590.0,0.0282551
MDA/BTC,1587600051033,2020-04-23T00:00:51.033Z,sell,4.78e-05,4.0,0.0001912
MDA/BTC,1587600056923,2020-04-23T00:00:56.923Z,sell,4.78e-05,62.0,0.0029636
MDA/BTC,1587600063459,2020-04-23T00:01:03.459Z,sell,4.78e-05,40.0,0.001912
MDA/BTC,1587600064640,2020-04-23T00:01:04.640Z,sell,4.78e-05,66.0,0.0031548
MDA/BTC,1587600064887,2020-04-23T00:01:04.887Z,sell,4.78e-05,162.0,0.0077436
MDA/BTC,1587600065988,2020-04-23T00:01:05.988Z,sell,4.78e-05,113.0,0.0054014
MDA/BTC,1587600067691,2020-04-23T00:01:07.691Z,sell,4.78e-05,78.0,0.0037284
MDA/BTC,1587600067765,2020-04-23T00:01:07.765Z,sell,4.78e-05,103.0,0.0049234
MDA/BTC,1587600067856,2020-04-23T00:01:07.856Z,sell,4.78e-05,53.0,0.0025334
MDA/BTC,1587600068791,2020-04-23T00:01:08.791Z,sell,4.78e-05,40.0,0.001912
MDA/BTC,1587600101152,2020-04-23T00:01:41.152Z,buy,4.779e-05,1.0,4.779e-05
MDA/BTC,1587600150985,2020-04-23T00:02:30.985Z,sell,4.759e-05,6.0,0.00028554
MDA/BTC,1587600182327,2020-04-23T00:03:02.327Z,buy,4.779e-05,4.0,0.00019116
MDA/BTC,1587600363136,2020-04-23T00:06:03.136Z,buy,4.778e-05,118.0,0.00563804
MDA/BTC,1587600363136,2020-04-23T00:06:03.136Z,buy,4.779e-05,90.0,0.0043011
MDA/BTC,1587600363156,2020-04-23T00:06:03.156Z,sell,4.779e-05,159.0,0.00759861
MDA/BTC,1587600363293,2020-04-23T00:06:03.293Z,sell,4.779e-05,7.0,0.00033453
MDA/BTC,1587600363299,2020-04-23T00:06:03.299Z,sell,4.779e-05,4.0,0.00019116
MDA/BTC,1587600364158,2020-04-23T00:06:04.158Z,sell,4.779e-05,118.0,0.00563922
MDA/BTC,1587600766554,2020-04-23T00:12:46.554Z,sell,4.779e-05,9.0,0.00043011
MDA/BTC,1587601170897,2020-04-23T00:19:30.897Z,sell,4.774e-05,399.0,0.01904826
MDA/BTC,1587601170907,2020-04-23T00:19:30.907Z,sell,4.774e-05,19.0,0.00090706
MDA/BTC,1587601971756,2020-04-23T00:32:51.756Z,sell,4.774e-05,3.0,0.00014322
MDA/BTC,1587602875147,2020-04-23T00:47:55.147Z,buy,4.774e-05,1.0,4.774e-05
MDA/BTC,1587602875147,2020-04-23T00:47:55.147Z,buy,4.774e-05,1.0,4.774e-05
MDA/BTC,1587603077485,2020-04-23T00:51:17.485Z,buy,4.773e-05,5.0,0.00023865
MDA/BTC,1587603077485,2020-04-23T00:51:17.485Z,buy,4.774e-05,137.0,0.00654038
MDA/BTC,1587604147289,2020-04-23T01:09:07.289Z,buy,4.773e-05,15.0,0.00071595
MDA/BTC,1587604147289,2020-04-23T01:09:07.289Z,buy,4.774e-05,68.0,0.00324632
MDA/BTC,1587604147289,2020-04-23T01:09:07.289Z,buy,4.779e-05,127.0,0.00606933
MDA/BTC,1587604149726,2020-04-23T01:09:09.726Z,buy,4.779e-05,10.0,0.0004779
MDA/BTC,1587604153433,2020-04-23T01:09:13.433Z,buy,4.779e-05,193.0,0.00922347
MDA/BTC,1587604153550,2020-04-23T01:09:13.550Z,buy,4.779e-05,18.0,0.00086022
MDA/BTC,1587604155404,2020-04-23T01:09:15.404Z,buy,4.779e-05,42.0,0.00200718
MDA/BTC,1587604156101,2020-04-23T01:09:16.101Z,buy,4.779e-05,10.0,0.0004779
MDA/BTC,1587604162198,2020-04-23T01:09:22.198Z,buy,4.779e-05,41.0,0.00195939
MDA/BTC,1587604162850,2020-04-23T01:09:22.850Z,buy,4.779e-05,10.0,0.0004779
MDA/BTC,1587604179919,2020-04-23T01:09:39.919Z,buy,4.779e-05,21.0,0.00100359
MDA/BTC,1587604184547,2020-04-23T01:09:44.547Z,buy,4.779e-05,160.0,0.0076464
MDA/BTC,1587604184547,2020-04-23T01:09:44.547Z,buy,4.789e-05,49.0,0.00234661
MDA/BTC,1587604340018,2020-04-23T01:12:20.018Z,buy,4.789e-05,815.0,0.03903035
MDA/BTC,1587604340070,2020-04-23T01:12:20.070Z,buy,4.79e-05,594.0,0.0284525999999999
MDA/BTC,1587604359857,2020-04-23T01:12:39.857Z,sell,4.789e-05,195.0,0.00933855
MDA/BTC,1587604362075,2020-04-23T01:12:42.075Z,sell,4.789e-05,77.0,0.0036875299999999
MDA/BTC,1587604401944,2020-04-23T01:13:21.944Z,sell,4.789e-05,139.0,0.00665671
MDA/BTC,1587604401954,2020-04-23T01:13:21.954Z,sell,4.789e-05,118.0,0.00565102
MDA/BTC,1587604401985,2020-04-23T01:13:21.985Z,sell,4.789e-05,597.0,0.0285903299999999
MDA/BTC,1587604403081,2020-04-23T01:13:23.081Z,sell,4.789e-05,193.0,0.0092427699999999
MDA/BTC,1587604404111,2020-04-23T01:13:24.111Z,sell,4.789e-05,72.0,0.0034480799999999
MDA/BTC,1587604448040,2020-04-23T01:14:08.040Z,sell,4.789e-05,3.0,0.0001436699999999
MDA/BTC,1587604876113,2020-04-23T01:21:16.113Z,buy,4.795e-05,3.0,0.00014385
MDA/BTC,1587605138897,2020-04-23T01:25:38.897Z,buy,4.793e-05,3.0,0.0001437899999999
MDA/BTC,1587605138897,2020-04-23T01:25:38.897Z,buy,4.794e-05,5.0,0.0002397
MDA/BTC,1587605138897,2020-04-23T01:25:38.897Z,buy,4.796e-05,92.0,0.00441232
MDA/BTC,1587605370821,2020-04-23T01:29:30.821Z,buy,4.795e-05,4.0,0.0001918
MDA/BTC,1587605632991,2020-04-23T01:33:52.991Z,buy,4.795e-05,4.0,0.0001918
MDA/BTC,1587605838220,2020-04-23T01:37:18.220Z,buy,4.796e-05,3.0,0.00014388
MDA/BTC,1587605911899,2020-04-23T01:38:31.899Z,buy,4.796e-05,3.0,0.00014388
MDA/BTC,1587606018517,2020-04-23T01:40:18.517Z,buy,4.796e-05,6.0,0.00028776
MDA/BTC,1587606124628,2020-04-23T01:42:04.628Z,buy,4.796e-05,3.0,0.00014388
MDA/BTC,1587606124661,2020-04-23T01:42:04.661Z,buy,4.796e-05,3.0,0.00014388
MDA/BTC,1587606126662,2020-04-23T01:42:06.662Z,buy,4.796e-05,9.0,0.00043164
MDA/BTC,1587606354174,2020-04-23T01:45:54.174Z,buy,4.796e-05,6.0,0.00028776
MDA/BTC,1587606354174,2020-04-23T01:45:54.174Z,buy,4.796e-05,6.0,0.00028776
MDA/BTC,1587606708030,2020-04-23T01:51:48.030Z,buy,4.795e-05,5.0,0.00023975
MDA/BTC,1587606708030,2020-04-23T01:51:48.030Z,buy,4.796e-05,43.0,0.00206228
MDA/BTC,1587606950011,2020-04-23T01:55:50.011Z,buy,4.794e-05,892.0,0.04276248
MDA/BTC,1587606950023,2020-04-23T01:55:50.023Z,sell,4.794e-05,955.0,0.0457826999999999
MDA/BTC,1587606950030,2020-04-23T01:55:50.030Z,sell,4.794e-05,9.0,0.00043146
MDA/BTC,1587606950200,2020-04-23T01:55:50.200Z,buy,4.79e-05,6.0,0.0002874
MDA/BTC,1587606961117,2020-04-23T01:56:01.117Z,sell,4.789e-05,3.0,0.0001436699999999
MDA/BTC,1587606961117,2020-04-23T01:56:01.117Z,sell,4.788e-05,5.0,0.0002394
MDA/BTC,1587606961117,2020-04-23T01:56:01.117Z,sell,4.773e-05,35.0,0.00167055
MDA/BTC,1587606961117,2020-04-23T01:56:01.117Z,sell,4.772e-05,806.0,0.0384623199999999
MDA/BTC,1587606969583,2020-04-23T01:56:09.583Z,buy,4.79e-05,1.0,4.79e-05
MDA/BTC,1587606971265,2020-04-23T01:56:11.265Z,buy,4.789e-05,3.0,0.0001436699999999
MDA/BTC,1587606971265,2020-04-23T01:56:11.265Z,buy,4.79e-05,213.0,0.0102027
MDA/BTC,1587606971308,2020-04-23T01:56:11.308Z,buy,4.79e-05,55.0,0.0026345
MDA/BTC,1587606971560,2020-04-23T01:56:11.560Z,buy,4.79e-05,66.0,0.0031614
MDA/BTC,1587607325871,2020-04-23T02:02:05.871Z,sell,4.79e-05,28.0,0.0013411999999999
MDA/BTC,1587607326867,2020-04-23T02:02:06.867Z,sell,4.79e-05,28.0,0.0013411999999999
MDA/BTC,1587607415501,2020-04-23T02:03:35.501Z,buy,4.793e-05,9.0,0.00043137
MDA/BTC,1587607415501,2020-04-23T02:03:35.501Z,buy,4.796e-05,2.0,9.592e-05
MDA/BTC,1587607707876,2020-04-23T02:08:27.876Z,sell,4.785e-05,21.0,0.0010048499999999
MDA/BTC,1587607707876,2020-04-23T02:08:27.876Z,sell,4.779e-05,3.0,0.00014337
MDA/BTC,1587607707876,2020-04-23T02:08:27.876Z,sell,4.774e-05,949.0,0.04530526
MDA/BTC,1587607707876,2020-04-23T02:08:27.876Z,sell,4.761e-05,3.0,0.0001428299999999
MDA/BTC,1587607707876,2020-04-23T02:08:27.876Z,sell,4.76e-05,95.0,0.004522
MDA/BTC,1587607707876,2020-04-23T02:08:27.876Z,sell,4.759e-05,104.0,0.00494936
MDA/BTC,1587607707876,2020-04-23T02:08:27.876Z,sell,4.758e-05,420.0,0.0199836
MDA/BTC,1587607707876,2020-04-23T02:08:27.876Z,sell,4.757e-05,4.0,0.00019028
MDA/BTC,1587607707876,2020-04-23T02:08:27.876Z,sell,4.75e-05,860.0,0.04085
MDA/BTC,1587607707876,2020-04-23T02:08:27.876Z,sell,4.748e-05,5.0,0.0002374
MDA/BTC,1587607707876,2020-04-23T02:08:27.876Z,sell,4.744e-05,111.0,0.00526584
MDA/BTC,1587607707876,2020-04-23T02:08:27.876Z,sell,4.74e-05,15.0,0.000711
MDA/BTC,1587607707876,2020-04-23T02:08:27.876Z,sell,4.737e-05,5277.0,0.24997149
MDA/BTC,1587607707876,2020-04-23T02:08:27.876Z,sell,4.736e-05,464.0,0.02197504
MDA/BTC,1587607707876,2020-04-23T02:08:27.876Z,sell,4.734e-05,4.0,0.00018936
MDA/BTC,1587607707876,2020-04-23T02:08:27.876Z,sell,4.733e-05,3.0,0.00014199
MDA/BTC,1587607707876,2020-04-23T02:08:27.876Z,sell,4.732e-05,3.0,0.00014196
MDA/BTC,1587607707876,2020-04-23T02:08:27.876Z,sell,4.731e-05,4.0,0.00018924
MDA/BTC,1587607707876,2020-04-23T02:08:27.876Z,sell,4.73e-05,3.0,0.0001418999999999
MDA/BTC,1587607707876,2020-04-23T02:08:27.876Z,sell,4.728e-05,661.0,0.03125208
MDA/BTC,1587607707876,2020-04-23T02:08:27.876Z,sell,4.726e-05,338.0,0.01597388
MDA/BTC,1587607707876,2020-04-23T02:08:27.876Z,sell,4.723e-05,888.0,0.04194024
MDA/BTC,1587607707876,2020-04-23T02:08:27.876Z,sell,4.722e-05,149.0,0.00703578
MDA/BTC,1587607707876,2020-04-23T02:08:27.876Z,sell,4.721e-05,3.0,0.0001416299999999
MDA/BTC,1587607707876,2020-04-23T02:08:27.876Z,sell,4.72e-05,5.0,0.000236
MDA/BTC,1587607707876,2020-04-23T02:08:27.876Z,sell,4.719e-05,5.0,0.00023595
MDA/BTC,1587607707876,2020-04-23T02:08:27.876Z,sell,4.716e-05,32.0,0.00150912
MDA/BTC,1587607707876,2020-04-23T02:08:27.876Z,sell,4.712e-05,694.0,0.03270128
MDA/BTC,1587607707876,2020-04-23T02:08:27.876Z,sell,4.711e-05,424.0,0.01997464
MDA/BTC,1587607707876,2020-04-23T02:08:27.876Z,sell,4.708e-05,31.0,0.00145948
MDA/BTC,1587607707876,2020-04-23T02:08:27.876Z,sell,4.704e-05,7.0,0.00032928
MDA/BTC,1587607707876,2020-04-23T02:08:27.876Z,sell,4.702e-05,136.0,0.00639472
MDA/BTC,1587607707876,2020-04-23T02:08:27.876Z,sell,4.7e-05,316.0,0.0148519999999999
MDA/BTC,1587607707894,2020-04-23T02:08:27.894Z,buy,4.7e-05,4707.0,0.2212289999999999
MDA/BTC,1587607707894,2020-04-23T02:08:27.894Z,buy,4.7e-05,63.0,0.0029609999999999
MDA/BTC,1587607708089,2020-04-23T02:08:28.089Z,buy,4.715e-05,36.0,0.0016974
MDA/BTC,1587607708328,2020-04-23T02:08:28.328Z,buy,4.728e-05,3.0,0.00014184
MDA/BTC,1587607710670,2020-04-23T02:08:30.670Z,sell,4.769e-05,31.0,0.00147839
MDA/BTC,1587607710713,2020-04-23T02:08:30.713Z,sell,4.764e-05,18.0,0.00085752
MDA/BTC,1587607710713,2020-04-23T02:08:30.713Z,sell,4.724e-05,150.0,0.007086
MDA/BTC,1587607711250,2020-04-23T02:08:31.250Z,buy,4.731e-05,4.0,0.00018924
MDA/BTC,1587607714173,2020-04-23T02:08:34.173Z,sell,4.749e-05,36.0,0.00170964
MDA/BTC,1587607721304,2020-04-23T02:08:41.304Z,sell,4.729e-05,30.0,0.0014187
MDA/BTC,1587607739445,2020-04-23T02:08:59.445Z,buy,4.756e-05,4.0,0.00019024
MDA/BTC,1587607739445,2020-04-23T02:08:59.445Z,buy,4.757e-05,4.0,0.00019028
MDA/BTC,1587607739445,2020-04-23T02:08:59.445Z,buy,4.763e-05,75.0,0.00357225
MDA/BTC,1587607739787,2020-04-23T02:08:59.787Z,buy,4.763e-05,1.0,4.763e-05
MDA/BTC,1587607860508,2020-04-23T02:11:00.508Z,buy,4.762e-05,1.0,4.762e-05
MDA/BTC,1587607910073,2020-04-23T02:11:50.073Z,sell,4.74e-05,616.0,0.0291984
MDA/BTC,1587607936525,2020-04-23T02:12:16.525Z,buy,4.74e-05,104.0,0.0049296
MDA/BTC,1587607961840,2020-04-23T02:12:41.840Z,buy,4.74e-05,110.0,0.005214
MDA/BTC,1587607966410,2020-04-23T02:12:46.410Z,buy,4.761e-05,1.0,4.761e-05
MDA/BTC,1587607989158,2020-04-23T02:13:09.158Z,sell,4.739e-05,40.0,0.0018955999999999
MDA/BTC,1587608090446,2020-04-23T02:14:50.446Z,sell,4.739e-05,3.0,0.00014217
MDA/BTC,1587608148821,2020-04-23T02:15:48.821Z,sell,4.759e-05,3.0,0.00014277
MDA/BTC,1587608215692,2020-04-23T02:16:55.692Z,buy,4.76e-05,1.0,4.76e-05
MDA/BTC,1587608236385,2020-04-23T02:17:16.385Z,buy,4.754e-05,5.0,0.0002377
MDA/BTC,1587608242350,2020-04-23T02:17:22.350Z,buy,4.759e-05,1.0,4.759e-05
MDA/BTC,1587608243447,2020-04-23T02:17:23.447Z,sell,4.749e-05,3.0,0.00014247
MDA/BTC,1587608243447,2020-04-23T02:17:23.447Z,sell,4.738e-05,3.0,0.00014214
MDA/BTC,1587608243447,2020-04-23T02:17:23.447Z,sell,4.733e-05,14.0,0.00066262
MDA/BTC,1587608243447,2020-04-23T02:17:23.447Z,sell,4.731e-05,4.0,0.00018924
MDA/BTC,1587608243447,2020-04-23T02:17:23.447Z,sell,4.726e-05,80.0,0.0037808
MDA/BTC,1587608243447,2020-04-23T02:17:23.447Z,sell,4.723e-05,3.0,0.00014169
MDA/BTC,1587608243447,2020-04-23T02:17:23.447Z,sell,4.722e-05,47.0,0.0022193399999999
MDA/BTC,1587608243447,2020-04-23T02:17:23.447Z,sell,4.72e-05,6.0,0.0002832
MDA/BTC,1587608243447,2020-04-23T02:17:23.447Z,sell,4.719e-05,30.0,0.0014157
MDA/BTC,1587608243447,2020-04-23T02:17:23.447Z,sell,4.718e-05,5096.0,0.24042928
MDA/BTC,1587608295954,2020-04-23T02:18:15.954Z,sell,4.739e-05,3.0,0.00014217
MDA/BTC,1587608295954,2020-04-23T02:18:15.954Z,sell,4.724e-05,11.0,0.00051964
MDA/BTC,1587608295954,2020-04-23T02:18:15.954Z,sell,4.722e-05,81.0,0.00382482
MDA/BTC,1587608295954,2020-04-23T02:18:15.954Z,sell,4.721e-05,207.0,0.00977247
MDA/BTC,1587608295954,2020-04-23T02:18:15.954Z,sell,4.719e-05,224.0,0.01057056
MDA/BTC,1587608295954,2020-04-23T02:18:15.954Z,sell,4.718e-05,2474.0,0.1167233199999999
MDA/BTC,1587608296330,2020-04-23T02:18:16.330Z,buy,4.744e-05,654.0,0.03102576
MDA/BTC,1587608296330,2020-04-23T02:18:16.330Z,buy,4.745e-05,3.0,0.00014235
MDA/BTC,1587608296330,2020-04-23T02:18:16.330Z,buy,4.746e-05,1.0,4.746e-05
MDA/BTC,1587608367593,2020-04-23T02:19:27.593Z,buy,4.744e-05,301.0,0.01427944
MDA/BTC,1587608367593,2020-04-23T02:19:27.593Z,buy,4.745e-05,137.0,0.00650065
MDA/BTC,1587608385490,2020-04-23T02:19:45.490Z,buy,4.745e-05,1.0,4.745e-05
MDA/BTC,1587608396838,2020-04-23T02:19:56.838Z,sell,4.729e-05,3.0,0.00014187
MDA/BTC,1587608396838,2020-04-23T02:19:56.838Z,sell,4.719e-05,8.0,0.00037752
MDA/BTC,1587608396838,2020-04-23T02:19:56.838Z,sell,4.713e-05,3.0,0.00014139
MDA/BTC,1587608396838,2020-04-23T02:19:56.838Z,sell,4.704e-05,8.0,0.00037632
MDA/BTC,1587608692087,2020-04-23T02:24:52.087Z,sell,4.718e-05,3.0,0.00014154
MDA/BTC,1587608692087,2020-04-23T02:24:52.087Z,sell,4.717e-05,891.0,0.04202847
MDA/BTC,1587608702404,2020-04-23T02:25:02.404Z,sell,4.717e-05,671.0,0.0316510699999999
MDA/BTC,1587608711714,2020-04-23T02:25:11.714Z,buy,4.731e-05,4.0,0.00018924
MDA/BTC,1587608711714,2020-04-23T02:25:11.714Z,buy,4.739e-05,770.0,0.0364902999999999
MDA/BTC,1587609097645,2020-04-23T02:31:37.645Z,buy,4.738e-05,23.0,0.0010897399999999
MDA/BTC,1587609121142,2020-04-23T02:32:01.142Z,sell,4.721e-05,10.0,0.0004721
MDA/BTC,1587609299061,2020-04-23T02:34:59.061Z,buy,4.735e-05,200.0,0.00947
MDA/BTC,1587609299061,2020-04-23T02:34:59.061Z,buy,4.744e-05,678.0,0.03216432
MDA/BTC,1587609299061,2020-04-23T02:34:59.061Z,buy,4.745e-05,1084.0,0.0514358
MDA/BTC,1587609299061,2020-04-23T02:34:59.061Z,buy,4.754e-05,424.0,0.02015696
MDA/BTC,1587609299061,2020-04-23T02:34:59.061Z,buy,4.757e-05,342.0,0.01626894
MDA/BTC,1587609299061,2020-04-23T02:34:59.061Z,buy,4.76e-05,5.0,0.0002379999999999
MDA/BTC,1587609299061,2020-04-23T02:34:59.061Z,buy,4.764e-05,1005.0,0.0478781999999999
MDA/BTC,1587609299061,2020-04-23T02:34:59.061Z,buy,4.765e-05,2473.0,0.11783845
MDA/BTC,1587609299061,2020-04-23T02:34:59.061Z,buy,4.77e-05,27.0,0.0012879
MDA/BTC,1587609299061,2020-04-23T02:34:59.061Z,buy,4.773e-05,1244.0,0.05937612
MDA/BTC,1587609299061,2020-04-23T02:34:59.061Z,buy,4.774e-05,6000.0,0.28644
MDA/BTC,1587609299061,2020-04-23T02:34:59.061Z,buy,4.775e-05,4.0,0.000191
MDA/BTC,1587609299061,2020-04-23T02:34:59.061Z,buy,4.779e-05,34.0,0.00162486
MDA/BTC,1587609299061,2020-04-23T02:34:59.061Z,buy,4.782e-05,9.0,0.00043038
MDA/BTC,1587609299061,2020-04-23T02:34:59.061Z,buy,4.783e-05,4.0,0.00019132
MDA/BTC,1587609299061,2020-04-23T02:34:59.061Z,buy,4.785e-05,143.0,0.0068425499999999
MDA/BTC,1587609299061,2020-04-23T02:34:59.061Z,buy,4.789e-05,349.0,0.01671361
MDA/BTC,1587609299168,2020-04-23T02:34:59.168Z,buy,4.765e-05,230.0,0.0109595
MDA/BTC,1587609299422,2020-04-23T02:34:59.422Z,buy,4.765e-05,21.0,0.00100065
MDA/BTC,1587609299871,2020-04-23T02:34:59.871Z,buy,4.765e-05,365.0,0.01739225
MDA/BTC,1587609299871,2020-04-23T02:34:59.871Z,buy,4.768e-05,725.0,0.034568
MDA/BTC,1587609321034,2020-04-23T02:35:21.034Z,buy,4.785e-05,3.0,0.00014355
MDA/BTC,1587609321034,2020-04-23T02:35:21.034Z,buy,4.786e-05,94.0,0.00449884
MDA/BTC,1587609362318,2020-04-23T02:36:02.318Z,buy,4.783e-05,1.0,4.783e-05
MDA/BTC,1587609430212,2020-04-23T02:37:10.212Z,buy,4.774e-05,1.0,4.774e-05
MDA/BTC,1587609438871,2020-04-23T02:37:18.871Z,sell,4.757e-05,4.0,0.00019028
MDA/BTC,1587609438871,2020-04-23T02:37:18.871Z,sell,4.753e-05,216.0,0.01026648
MDA/BTC,1587609438871,2020-04-23T02:37:18.871Z,sell,4.748e-05,786.0,0.0373192799999999
MDA/BTC,1587609493956,2020-04-23T02:38:13.956Z,buy,4.749e-05,9.0,0.00042741
MDA/BTC,1587609515069,2020-04-23T02:38:35.069Z,buy,4.783e-05,1.0,4.783e-05
MDA/BTC,1587609519275,2020-04-23T02:38:39.275Z,buy,4.767e-05,1.0,4.767e-05
MDA/BTC,1587609534130,2020-04-23T02:38:54.130Z,buy,4.766e-05,3.0,0.00014298
MDA/BTC,1587609534130,2020-04-23T02:38:54.130Z,buy,4.773e-05,1.0,4.773e-05
MDA/BTC,1587609536967,2020-04-23T02:38:56.967Z,sell,4.745e-05,206.0,0.0097747
MDA/BTC,1587609536967,2020-04-23T02:38:56.967Z,sell,4.744e-05,275.0,0.013046
MDA/BTC,1587609536967,2020-04-23T02:38:56.967Z,sell,4.743e-05,1440.0,0.0682992
MDA/BTC,1587609536967,2020-04-23T02:38:56.967Z,sell,4.742e-05,2446.0,0.11598932
MDA/BTC,1587609536967,2020-04-23T02:38:56.967Z,sell,4.745e-05,206.0,0.0097747
MDA/BTC,1587609536967,2020-04-23T02:38:56.967Z,sell,4.744e-05,275.0,0.013046
MDA/BTC,1587609536967,2020-04-23T02:38:56.967Z,sell,4.743e-05,1440.0,0.0682992
MDA/BTC,1587609536967,2020-04-23T02:38:56.967Z,sell,4.742e-05,2446.0,0.11598932
MDA/BTC,1587610118987,2020-04-23T02:48:38.987Z,buy,4.743e-05,3.0,0.00014229
MDA/BTC,1587610118987,2020-04-23T02:48:38.987Z,buy,4.748e-05,248.0,0.01177504
MDA/BTC,1587610262608,2020-04-23T02:51:02.608Z,sell,4.735e-05,314.0,0.0148679
MDA/BTC,1587610262608,2020-04-23T02:51:02.608Z,sell,4.734e-05,4.0,0.00018936
MDA/BTC,1587610262608,2020-04-23T02:51:02.608Z,sell,4.731e-05,4.0,0.00018924
MDA/BTC,1587610262608,2020-04-23T02:51:02.608Z,sell,4.721e-05,820.0,0.0387121999999999
MDA/BTC,1587610692955,2020-04-23T02:58:12.955Z,sell,4.726e-05,3.0,0.00014178
MDA/BTC,1587610821449,2020-04-23T03:00:21.449Z,sell,4.706e-05,2990.0,0.1407094
MDA/BTC,1587610988549,2020-04-23T03:03:08.549Z,buy,4.717e-05,4.0,0.00018868
MDA/BTC,1587611003606,2020-04-23T03:03:23.606Z,buy,4.724e-05,237.0,0.01119588
MDA/BTC,1587611039880,2020-04-23T03:03:59.880Z,sell,4.706e-05,4568.0,0.21497008
MDA/BTC,1587611173097,2020-04-23T03:06:13.097Z,buy,4.735e-05,1.0,4.735e-05
MDA/BTC,1587611303082,2020-04-23T03:08:23.082Z,sell,4.704e-05,205.0,0.0096432
MDA/BTC,1587611683467,2020-04-23T03:14:43.467Z,buy,4.727e-05,7.0,0.00033089
MDA/BTC,1587611763183,2020-04-23T03:16:03.183Z,buy,4.729e-05,10.0,0.0004729
MDA/BTC,1587612726315,2020-04-23T03:32:06.315Z,buy,4.727e-05,6.0,0.00028362
MDA/BTC,1587612732105,2020-04-23T03:32:12.105Z,buy,4.728e-05,4.0,0.00018912
MDA/BTC,1587612909852,2020-04-23T03:35:09.852Z,buy,4.721e-05,4.0,0.00018884
MDA/BTC,1587612910059,2020-04-23T03:35:10.059Z,buy,4.722e-05,4.0,0.00018888
MDA/BTC,1587612910059,2020-04-23T03:35:10.059Z,buy,4.722e-05,4.0,0.00018888
MDA/BTC,1587613202085,2020-04-23T03:40:02.085Z,buy,4.729e-05,4.0,0.00018916
MDA/BTC,1587613369626,2020-04-23T03:42:49.626Z,buy,4.728e-05,4.0,0.00018912
MDA/BTC,1587613496185,2020-04-23T03:44:56.185Z,buy,4.731e-05,1.0,4.731e-05
MDA/BTC,1587613502104,2020-04-23T03:45:02.104Z,buy,4.723e-05,3.0,0.00014169
MDA/BTC,1587613521094,2020-04-23T03:45:21.094Z,buy,4.724e-05,5.0,0.0002362
MDA/BTC,1587613521103,2020-04-23T03:45:21.103Z,sell,4.725e-05,115.0,0.00543375
MDA/BTC,1587613603279,2020-04-23T03:46:43.279Z,sell,4.704e-05,37.0,0.00174048
MDA/BTC,1587613643823,2020-04-23T03:47:23.823Z,buy,4.725e-05,34.0,0.0016065
MDA/BTC,1587614833876,2020-04-23T04:07:13.876Z,buy,4.731e-05,387.0,0.01830897
MDA/BTC,1587615201438,2020-04-23T04:13:21.438Z,buy,4.713e-05,4.0,0.00018852
MDA/BTC,1587615224364,2020-04-23T04:13:44.364Z,buy,4.714e-05,4.0,0.00018856
MDA/BTC,1587615300741,2020-04-23T04:15:00.741Z,sell,4.705e-05,5.0,0.00023525
MDA/BTC,1587615300741,2020-04-23T04:15:00.741Z,sell,4.704e-05,339.0,0.01594656
MDA/BTC,1587615300741,2020-04-23T04:15:00.741Z,sell,4.703e-05,3.0,0.00014109
MDA/BTC,1587615300741,2020-04-23T04:15:00.741Z,sell,4.702e-05,451.0,0.02120602
MDA/BTC,1587616454816,2020-04-23T04:34:14.816Z,sell,4.702e-05,3.0,0.00014106
MDA/BTC,1587616454816,2020-04-23T04:34:14.816Z,sell,4.701e-05,317.0,0.01490217
MDA/BTC,1587616454833,2020-04-23T04:34:14.833Z,buy,4.701e-05,5.0,0.00023505
MDA/BTC,1587616454853,2020-04-23T04:34:14.853Z,buy,4.701e-05,5.0,0.00023505
MDA/BTC,1587616454855,2020-04-23T04:34:14.855Z,buy,4.701e-05,227.0,0.01067127
MDA/BTC,1587616454855,2020-04-23T04:34:14.855Z,buy,4.701e-05,535.0,0.02515035
MDA/BTC,1587616454867,2020-04-23T04:34:14.867Z,buy,4.701e-05,5.0,0.00023505
MDA/BTC,1587616455078,2020-04-23T04:34:15.078Z,buy,4.701e-05,192.0,0.00902592
MDA/BTC,1587616455078,2020-04-23T04:34:15.078Z,buy,4.701e-05,192.0,0.00902592
MDA/BTC,1587616828197,2020-04-23T04:40:28.197Z,buy,4.711e-05,1.0,4.711e-05
MDA/BTC,1587616833656,2020-04-23T04:40:33.656Z,buy,4.71e-05,4.0,0.0001884
MDA/BTC,1587617133251,2020-04-23T04:45:33.251Z,sell,4.71e-05,480.0,0.022608
MDA/BTC,1587617150913,2020-04-23T04:45:50.913Z,buy,4.722e-05,4.0,0.00018888
MDA/BTC,1587617150913,2020-04-23T04:45:50.913Z,buy,4.728e-05,10.0,0.0004728
MDA/BTC,1587617150913,2020-04-23T04:45:50.913Z,buy,4.731e-05,77.0,0.00364287
MDA/BTC,1587617164007,2020-04-23T04:46:04.007Z,sell,4.731e-05,99.0,0.00468369
MDA/BTC,1587617164009,2020-04-23T04:46:04.009Z,sell,4.731e-05,5.0,0.00023655
MDA/BTC,1587617164578,2020-04-23T04:46:04.578Z,buy,4.727e-05,90.0,0.0042543
MDA/BTC,1587617164590,2020-04-23T04:46:04.590Z,sell,4.731e-05,97.0,0.00458907
MDA/BTC,1587617228101,2020-04-23T04:47:08.101Z,sell,4.731e-05,3.0,0.00014193
MDA/BTC,1587617268272,2020-04-23T04:47:48.272Z,buy,4.748e-05,21.0,0.00099708
MDA/BTC,1587617313161,2020-04-23T04:48:33.161Z,sell,4.74e-05,528.0,0.0250272
MDA/BTC,1587617313266,2020-04-23T04:48:33.266Z,sell,4.74e-05,248.0,0.0117552
MDA/BTC,1587617376675,2020-04-23T04:49:36.675Z,sell,4.74e-05,1122.0,0.0531828
MDA/BTC,1587617395697,2020-04-23T04:49:55.697Z,sell,4.74e-05,1010.0,0.047874
MDA/BTC,1587617399404,2020-04-23T04:49:59.404Z,sell,4.74e-05,686.0,0.0325164
MDA/BTC,1587617400395,2020-04-23T04:50:00.395Z,sell,4.74e-05,476.0,0.0225624
MDA/BTC,1587617400582,2020-04-23T04:50:00.582Z,sell,4.74e-05,186.0,0.0088164
MDA/BTC,1587617401400,2020-04-23T04:50:01.400Z,sell,4.74e-05,460.0,0.021804
MDA/BTC,1587617402597,2020-04-23T04:50:02.597Z,sell,4.74e-05,284.0,0.0134616
MDA/BTC,1587617532484,2020-04-23T04:52:12.484Z,buy,4.74e-05,3.0,0.0001422
MDA/BTC,1587617681066,2020-04-23T04:54:41.066Z,sell,4.733e-05,3.0,0.00014199
MDA/BTC,1587617684490,2020-04-23T04:54:44.490Z,sell,4.731e-05,24.0,0.00113544
MDA/BTC,1587617780080,2020-04-23T04:56:20.080Z,sell,4.731e-05,369.0,0.01745739
MDA/BTC,1587617780096,2020-04-23T04:56:20.096Z,sell,4.731e-05,237.0,0.01121247
MDA/BTC,1587617797571,2020-04-23T04:56:37.571Z,buy,4.734e-05,1.0,4.734e-05
MDA/BTC,1587618713353,2020-04-23T05:11:53.353Z,sell,4.723e-05,3.0,0.00014169
MDA/BTC,1587618713353,2020-04-23T05:11:53.353Z,sell,4.714e-05,17.0,0.00080138
MDA/BTC,1587618713353,2020-04-23T05:11:53.353Z,sell,4.71e-05,229.0,0.0107859
MDA/BTC,1587618715922,2020-04-23T05:11:55.922Z,buy,4.71e-05,3.0,0.0001413
MDA/BTC,1587618764393,2020-04-23T05:12:44.393Z,sell,4.704e-05,4.0,0.00018816
MDA/BTC,1587618765938,2020-04-23T05:12:45.938Z,buy,4.704e-05,52.0,0.0024460799999999
MDA/BTC,1587618785939,2020-04-23T05:13:05.939Z,sell,4.697e-05,5.0,0.00023485
MDA/BTC,1587618785939,2020-04-23T05:13:05.939Z,sell,4.696e-05,5.0,0.0002348
MDA/BTC,1587618785939,2020-04-23T05:13:05.939Z,sell,4.695e-05,318.0,0.0149301
MDA/BTC,1587618804729,2020-04-23T05:13:24.729Z,buy,4.709e-05,1.0,4.709e-05
MDA/BTC,1587618825898,2020-04-23T05:13:45.898Z,buy,4.696e-05,18.0,0.0008452799999999
MDA/BTC,1587619152841,2020-04-23T05:19:12.841Z,sell,4.704e-05,17.0,0.00079968
MDA/BTC,1587619264570,2020-04-23T05:21:04.570Z,sell,4.704e-05,500.0,0.02352
MDA/BTC,1587619378338,2020-04-23T05:22:58.338Z,buy,4.723e-05,4.0,0.00018892
MDA/BTC,1587619378338,2020-04-23T05:22:58.338Z,buy,4.724e-05,10.0,0.0004724
MDA/BTC,1587619378338,2020-04-23T05:22:58.338Z,buy,4.727e-05,1004.0,0.04745908
MDA/BTC,1587619569973,2020-04-23T05:26:09.973Z,buy,4.727e-05,1.0,4.727e-05
MDA/BTC,1587619734886,2020-04-23T05:28:54.886Z,sell,4.704e-05,387.0,0.01820448
MDA/BTC,1587619843331,2020-04-23T05:30:43.331Z,sell,4.704e-05,5.0,0.0002351999999999
MDA/BTC,1587619843331,2020-04-23T05:30:43.331Z,sell,4.704e-05,5.0,0.0002351999999999
MDA/BTC,1587620658636,2020-04-23T05:44:18.636Z,sell,4.705e-05,10.0,0.0004705
MDA/BTC,1587620658636,2020-04-23T05:44:18.636Z,sell,4.704e-05,3.0,0.00014112
MDA/BTC,1587620838097,2020-04-23T05:47:18.097Z,buy,4.71e-05,1.0,4.71e-05
MDA/BTC,1587620888730,2020-04-23T05:48:08.730Z,sell,4.703e-05,3.0,0.00014109
MDA/BTC,1587620889201,2020-04-23T05:48:09.201Z,buy,4.703e-05,1.0,4.703e-05
MDA/BTC,1587620889201,2020-04-23T05:48:09.201Z,buy,4.704e-05,211.0,0.0099254399999999
MDA/BTC,1587620889217,2020-04-23T05:48:09.217Z,buy,4.704e-05,152.0,0.00715008
MDA/BTC,1587620890306,2020-04-23T05:48:10.306Z,buy,4.704e-05,105.0,0.0049391999999999
MDA/BTC,1587620891302,2020-04-23T05:48:11.302Z,buy,4.704e-05,73.0,0.0034339199999999
MDA/BTC,1587620892802,2020-04-23T05:48:12.802Z,buy,4.704e-05,51.0,0.00239904
MDA/BTC,1587620898775,2020-04-23T05:48:18.775Z,buy,4.704e-05,46.0,0.0021638399999999
MDA/BTC,1587620898787,2020-04-23T05:48:18.787Z,buy,4.704e-05,66.0,0.0031046399999999
MDA/BTC,1587620912819,2020-04-23T05:48:32.819Z,buy,4.704e-05,41.0,0.00192864
MDA/BTC,1587620915221,2020-04-23T05:48:35.221Z,buy,4.703e-05,6.0,0.00028218
MDA/BTC,1587620915221,2020-04-23T05:48:35.221Z,buy,4.704e-05,22.0,0.00103488
MDA/BTC,1587621532058,2020-04-23T05:58:52.058Z,buy,4.714e-05,3829.0,0.18049906
MDA/BTC,1587621532187,2020-04-23T05:58:52.187Z,sell,4.714e-05,4.0,0.00018856
MDA/BTC,1587621715680,2020-04-23T06:01:55.680Z,buy,4.715e-05,5.0,0.00023575
MDA/BTC,1587621788170,2020-04-23T06:03:08.170Z,sell,4.724e-05,7.0,0.00033068
MDA/BTC,1587621788170,2020-04-23T06:03:08.170Z,sell,4.715e-05,5.0,0.00023575
MDA/BTC,1587621788170,2020-04-23T06:03:08.170Z,sell,4.714e-05,283.0,0.01334062
MDA/BTC,1587621973642,2020-04-23T06:06:13.642Z,sell,4.714e-05,1000.0,0.04714
MDA/BTC,1587622217804,2020-04-23T06:10:17.804Z,sell,4.714e-05,1053.0,0.04963842
MDA/BTC,1587622249093,2020-04-23T06:10:49.093Z,sell,4.714e-05,1499.0,0.07066286
MDA/BTC,1587622340722,2020-04-23T06:12:20.722Z,buy,4.727e-05,5.0,0.00023635
MDA/BTC,1587622453052,2020-04-23T06:14:13.052Z,sell,4.701e-05,40.0,0.0018804
MDA/BTC,1587622453052,2020-04-23T06:14:13.052Z,sell,4.7e-05,1024.0,0.048128
MDA/BTC,1587622555061,2020-04-23T06:15:55.061Z,sell,4.7e-05,2700.0,0.1268999999999999
MDA/BTC,1587622616172,2020-04-23T06:16:56.172Z,sell,4.7e-05,2200.0,0.1033999999999999
MDA/BTC,1587622626621,2020-04-23T06:17:06.621Z,sell,4.7e-05,2800.0,0.1316
MDA/BTC,1587622626920,2020-04-23T06:17:06.920Z,sell,4.7e-05,99.0,0.004653
MDA/BTC,1587622658739,2020-04-23T06:17:38.739Z,sell,4.7e-05,1731.0,0.081357
MDA/BTC,1587622658848,2020-04-23T06:17:38.848Z,sell,4.7e-05,269.0,0.012643
MDA/BTC,1587622716722,2020-04-23T06:18:36.722Z,sell,4.7e-05,1064.0,0.050008
MDA/BTC,1587623146495,2020-04-23T06:25:46.495Z,buy,4.725e-05,232.0,0.010962
MDA/BTC,1587623146495,2020-04-23T06:25:46.495Z,buy,4.725e-05,232.0,0.010962
MDA/BTC,1587623570106,2020-04-23T06:32:50.106Z,buy,4.724e-05,5.0,0.0002362
MDA/BTC,1587623570106,2020-04-23T06:32:50.106Z,buy,4.725e-05,1565.0,0.07394625
MDA/BTC,1587623571451,2020-04-23T06:32:51.451Z,sell,4.725e-05,48.0,0.002268
MDA/BTC,1587623615696,2020-04-23T06:33:35.696Z,sell,4.725e-05,5.0,0.00023625
MDA/BTC,1587624409098,2020-04-23T06:46:49.098Z,buy,4.728e-05,1.0,4.728e-05
MDA/BTC,1587625131763,2020-04-23T06:58:51.763Z,buy,4.73e-05,4123.0,0.1950179
MDA/BTC,1587625131763,2020-04-23T06:58:51.763Z,buy,4.731e-05,4.0,0.00018924
MDA/BTC,1587625131763,2020-04-23T06:58:51.763Z,buy,4.733e-05,15.0,0.00070995
MDA/BTC,1587625131763,2020-04-23T06:58:51.763Z,buy,4.734e-05,27.0,0.0012781799999999
MDA/BTC,1587625134055,2020-04-23T06:58:54.055Z,buy,4.728e-05,6.0,0.00028368
MDA/BTC,1587625134055,2020-04-23T06:58:54.055Z,buy,4.733e-05,1528.0,0.07232024
MDA/BTC,1587625134055,2020-04-23T06:58:54.055Z,buy,4.737e-05,5.0,0.00023685
MDA/BTC,1587625134055,2020-04-23T06:58:54.055Z,buy,4.743e-05,215.0,0.01019745
MDA/BTC,1587625134055,2020-04-23T06:58:54.055Z,buy,4.753e-05,5.0,0.00023765
MDA/BTC,1587625134055,2020-04-23T06:58:54.055Z,buy,4.757e-05,214.0,0.01017998
MDA/BTC,1587625134055,2020-04-23T06:58:54.055Z,buy,4.77e-05,314.0,0.0149778
MDA/BTC,1587625134055,2020-04-23T06:58:54.055Z,buy,4.771e-05,835.0,0.03983785
MDA/BTC,1587625134855,2020-04-23T06:58:54.855Z,buy,4.728e-05,3.0,0.00014184
MDA/BTC,1587625136159,2020-04-23T06:58:56.159Z,buy,4.728e-05,4.0,0.00018912
MDA/BTC,1587625137880,2020-04-23T06:58:57.880Z,buy,4.728e-05,5.0,0.0002364
MDA/BTC,1587625137880,2020-04-23T06:58:57.880Z,buy,4.739e-05,3.0,0.00014217
MDA/BTC,1587625137880,2020-04-23T06:58:57.880Z,buy,4.742e-05,766.0,0.03632372
MDA/BTC,1587625144075,2020-04-23T06:59:04.075Z,buy,4.756e-05,191.0,0.00908396
MDA/BTC,1587625145927,2020-04-23T06:59:05.927Z,buy,4.756e-05,63.0,0.00299628
MDA/BTC,1587625219130,2020-04-23T07:00:19.130Z,buy,4.729e-05,4.0,0.00018916
MDA/BTC,1587625220721,2020-04-23T07:00:20.721Z,buy,4.729e-05,1.0,4.729e-05
MDA/BTC,1587625220721,2020-04-23T07:00:20.721Z,buy,4.735e-05,21.0,0.00099435
MDA/BTC,1587625221139,2020-04-23T07:00:21.139Z,buy,4.728e-05,60.0,0.0028368
MDA/BTC,1587625221554,2020-04-23T07:00:21.554Z,buy,4.735e-05,508.0,0.0240538
MDA/BTC,1587625379183,2020-04-23T07:02:59.183Z,buy,4.756e-05,193.0,0.00917908
MDA/BTC,1587625618780,2020-04-23T07:06:58.780Z,sell,4.729e-05,4.0,0.00018916
MDA/BTC,1587625618780,2020-04-23T07:06:58.780Z,sell,4.726e-05,196.0,0.0092629599999999
MDA/BTC,1587625634446,2020-04-23T07:07:14.446Z,sell,4.726e-05,13.0,0.00061438
MDA/BTC,1587625634518,2020-04-23T07:07:14.518Z,buy,4.726e-05,187.0,0.00883762
MDA/BTC,1587625707044,2020-04-23T07:08:27.044Z,buy,4.726e-05,100.0,0.004726
MDA/BTC,1587626447971,2020-04-23T07:20:47.971Z,sell,4.712e-05,11.0,0.00051832
MDA/BTC,1587626447971,2020-04-23T07:20:47.971Z,sell,4.707e-05,103.0,0.00484821
MDA/BTC,1587626464598,2020-04-23T07:21:04.598Z,buy,4.735e-05,998.0,0.0472553
MDA/BTC,1587626738384,2020-04-23T07:25:38.384Z,buy,4.756e-05,3.0,0.00014268
MDA/BTC,1587626738384,2020-04-23T07:25:38.384Z,buy,4.756e-05,3.0,0.00014268
MDA/BTC,1587626767182,2020-04-23T07:26:07.182Z,sell,4.749e-05,3.0,0.00014247
MDA/BTC,1587627475384,2020-04-23T07:37:55.384Z,sell,4.739e-05,3.0,0.00014217
MDA/BTC,1587627495882,2020-04-23T07:38:15.882Z,sell,4.736e-05,5.0,0.0002368
MDA/BTC,1587627496112,2020-04-23T07:38:16.112Z,sell,4.735e-05,2.0,9.47e-05
MDA/BTC,1587627742238,2020-04-23T07:42:22.238Z,buy,4.749e-05,189.0,0.00897561
MDA/BTC,1587627817167,2020-04-23T07:43:37.167Z,buy,4.749e-05,13.0,0.00061737
MDA/BTC,1587627817167,2020-04-23T07:43:37.167Z,buy,4.755e-05,5.0,0.0002377499999999
MDA/BTC,1587627817167,2020-04-23T07:43:37.167Z,buy,4.756e-05,1.0,4.756e-05
MDA/BTC,1587627817167,2020-04-23T07:43:37.167Z,buy,4.757e-05,4.0,0.00019028
MDA/BTC,1587627817167,2020-04-23T07:43:37.167Z,buy,4.759e-05,29.0,0.00138011
MDA/BTC,1587627817188,2020-04-23T07:43:37.188Z,sell,4.759e-05,46.0,0.00218914
MDA/BTC,1587627817212,2020-04-23T07:43:37.212Z,sell,4.759e-05,2.0,9.518e-05
MDA/BTC,1587627817212,2020-04-23T07:43:37.212Z,sell,4.729e-05,3.0,0.00014187
MDA/BTC,1587627817212,2020-04-23T07:43:37.212Z,sell,4.723e-05,1.0,4.723e-05
MDA/BTC,1587627817387,2020-04-23T07:43:37.387Z,sell,4.742e-05,97.0,0.00459974
MDA/BTC,1587627817392,2020-04-23T07:43:37.392Z,sell,4.742e-05,97.0,0.00459974
MDA/BTC,1587627838201,2020-04-23T07:43:58.201Z,sell,4.731e-05,4.0,0.00018924
MDA/BTC,1587627838201,2020-04-23T07:43:58.201Z,sell,4.726e-05,228.0,0.01077528
MDA/BTC,1587627847979,2020-04-23T07:44:07.979Z,buy,4.736e-05,3.0,0.00014208
MDA/BTC,1587627848645,2020-04-23T07:44:08.645Z,sell,4.719e-05,3.0,0.00014157
MDA/BTC,1587627848645,2020-04-23T07:44:08.645Z,sell,4.714e-05,34.0,0.00160276
MDA/BTC,1587627876032,2020-04-23T07:44:36.032Z,sell,4.709e-05,3.0,0.0001412699999999
MDA/BTC,1587627876046,2020-04-23T07:44:36.046Z,buy,4.709e-05,62.0,0.0029195799999999
MDA/BTC,1587627933323,2020-04-23T07:45:33.323Z,sell,4.705e-05,809.0,0.03806345
MDA/BTC,1587627933374,2020-04-23T07:45:33.374Z,buy,4.705e-05,749.0,0.03524045
MDA/BTC,1587627934576,2020-04-23T07:45:34.576Z,buy,4.705e-05,37.0,0.00174085
MDA/BTC,1587628005506,2020-04-23T07:46:45.506Z,buy,4.724e-05,5.0,0.0002362
MDA/BTC,1587628214364,2020-04-23T07:50:14.364Z,sell,4.704e-05,1045.0,0.0491567999999999
MDA/BTC,1587628214475,2020-04-23T07:50:14.475Z,buy,4.704e-05,286.0,0.0134534399999999
MDA/BTC,1587628568461,2020-04-23T07:56:08.461Z,sell,4.704e-05,3.0,0.00014112
MDA/BTC,1587628568480,2020-04-23T07:56:08.480Z,buy,4.703e-05,603.0,0.02835909
MDA/BTC,1587628568481,2020-04-23T07:56:08.481Z,buy,4.703e-05,88.0,0.00413864
MDA/BTC,1587628572489,2020-04-23T07:56:12.489Z,sell,4.707e-05,90.0,0.0042363
MDA/BTC,1587628572489,2020-04-23T07:56:12.489Z,sell,4.703e-05,306.0,0.01439118
MDA/BTC,1587628606264,2020-04-23T07:56:46.264Z,buy,4.723e-05,5.0,0.00023615
MDA/BTC,1587628606264,2020-04-23T07:56:46.264Z,buy,4.724e-05,1.0,4.724e-05
MDA/BTC,1587628606328,2020-04-23T07:56:46.328Z,sell,4.725e-05,241.0,0.01138725
MDA/BTC,1587628686570,2020-04-23T07:58:06.570Z,sell,4.703e-05,47.0,0.00221041
MDA/BTC,1587628686585,2020-04-23T07:58:06.585Z,buy,4.703e-05,423.0,0.01989369
MDA/BTC,1587628687238,2020-04-23T07:58:07.238Z,buy,4.703e-05,5.0,0.00023515
MDA/BTC,1587628688491,2020-04-23T07:58:08.491Z,buy,4.703e-05,295.0,0.01387385
MDA/BTC,1587628691687,2020-04-23T07:58:11.687Z,buy,4.703e-05,201.0,0.00945303
MDA/BTC,1587628704194,2020-04-23T07:58:24.194Z,buy,4.703e-05,127.0,0.00597281
MDA/BTC,1587628707802,2020-04-23T07:58:27.802Z,buy,4.703e-05,86.0,0.00404458
MDA/BTC,1587628717502,2020-04-23T07:58:37.502Z,buy,4.703e-05,56.0,0.00263368
MDA/BTC,1587628729310,2020-04-23T07:58:49.310Z,buy,4.703e-05,35.0,0.00164605
MDA/BTC,1587628731717,2020-04-23T07:58:51.717Z,buy,4.703e-05,24.0,0.00112872
MDA/BTC,1587628855775,2020-04-23T08:00:55.775Z,sell,4.7e-05,3234.0,0.151998
MDA/BTC,1587628855779,2020-04-23T08:00:55.779Z,sell,4.7e-05,426.0,0.0200219999999999
MDA/BTC,1587628855780,2020-04-23T08:00:55.780Z,sell,4.7e-05,756.0,0.035532
MDA/BTC,1587628855782,2020-04-23T08:00:55.782Z,sell,4.7e-05,36.0,0.001692
MDA/BTC,1587628855783,2020-04-23T08:00:55.783Z,buy,4.703e-05,2270.0,0.1067581
MDA/BTC,1587628855788,2020-04-23T08:00:55.788Z,sell,4.7e-05,294.0,0.0138179999999999
MDA/BTC,1587628858655,2020-04-23T08:00:58.655Z,buy,4.703e-05,123.0,0.00578469
MDA/BTC,1587628865398,2020-04-23T08:01:05.398Z,buy,4.73e-05,44.0,0.0020812
MDA/BTC,1587628865400,2020-04-23T08:01:05.400Z,buy,4.73e-05,44.0,0.0020812
MDA/BTC,1587628865406,2020-04-23T08:01:05.406Z,buy,4.73e-05,187.0,0.0088451
MDA/BTC,1587628865406,2020-04-23T08:01:05.406Z,buy,4.731e-05,4.0,0.00018924
MDA/BTC,1587628865406,2020-04-23T08:01:05.406Z,buy,4.733e-05,73.0,0.00345509
MDA/BTC,1587628921069,2020-04-23T08:02:01.069Z,sell,4.733e-05,60.0,0.0028398
MDA/BTC,1587628921083,2020-04-23T08:02:01.083Z,sell,4.733e-05,54.0,0.00255582
MDA/BTC,1587628958994,2020-04-23T08:02:38.994Z,buy,4.738e-05,1.0,4.738e-05
MDA/BTC,1587628969604,2020-04-23T08:02:49.604Z,buy,4.738e-05,3.0,0.00014214
MDA/BTC,1587628973056,2020-04-23T08:02:53.056Z,sell,4.735e-05,5.0,0.0002367499999999
MDA/BTC,1587629279611,2020-04-23T08:07:59.611Z,buy,4.732e-05,3.0,0.00014196
MDA/BTC,1587629374280,2020-04-23T08:09:34.280Z,sell,4.725e-05,3.0,0.00014175
MDA/BTC,1587629479902,2020-04-23T08:11:19.902Z,buy,4.73e-05,1.0,4.73e-05
MDA/BTC,1587629567080,2020-04-23T08:12:47.080Z,buy,4.727e-05,1.0,4.727e-05
MDA/BTC,1587629741307,2020-04-23T08:15:41.307Z,sell,4.715e-05,3.0,0.00014145
MDA/BTC,1587629741307,2020-04-23T08:15:41.307Z,sell,4.704e-05,1045.0,0.0491567999999999
MDA/BTC,1587629741307,2020-04-23T08:15:41.307Z,sell,4.703e-05,84.0,0.00395052
MDA/BTC,1587629741307,2020-04-23T08:15:41.307Z,sell,4.701e-05,409.0,0.01922709
MDA/BTC,1587629741307,2020-04-23T08:15:41.307Z,sell,4.7e-05,1249.0,0.058703
MDA/BTC,1587629753321,2020-04-23T08:15:53.321Z,buy,4.707e-05,1.0,4.707e-05
MDA/BTC,1587629762711,2020-04-23T08:16:02.711Z,sell,4.705e-05,3.0,0.00014115
MDA/BTC,1587629763818,2020-04-23T08:16:03.818Z,buy,4.703e-05,5.0,0.00023515
MDA/BTC,1587629779067,2020-04-23T08:16:19.067Z,buy,4.704e-05,7.0,0.00032928
MDA/BTC,1587629855204,2020-04-23T08:17:35.204Z,sell,4.7e-05,2577.0,0.1211189999999999
MDA/BTC,1587629882961,2020-04-23T08:18:02.961Z,buy,4.704e-05,1.0,4.704e-05
MDA/BTC,1587629885103,2020-04-23T08:18:05.103Z,buy,4.705e-05,2.0,9.41e-05
MDA/BTC,1587629968479,2020-04-23T08:19:28.479Z,sell,4.701e-05,5.0,0.00023505
MDA/BTC,1587629968479,2020-04-23T08:19:28.479Z,sell,4.7e-05,2795.0,0.1313649999999999
MDA/BTC,1587630021355,2020-04-23T08:20:21.355Z,sell,4.701e-05,606.0,0.02848806
MDA/BTC,1587630192488,2020-04-23T08:23:12.488Z,buy,4.727e-05,3.0,0.00014181
MDA/BTC,1587630192488,2020-04-23T08:23:12.488Z,buy,4.727e-05,3.0,0.00014181
MDA/BTC,1587630456390,2020-04-23T08:27:36.390Z,sell,4.704e-05,1312.0,0.06171648
MDA/BTC,1587630456419,2020-04-23T08:27:36.419Z,sell,4.704e-05,1028.0,0.0483571199999999
MDA/BTC,1587630456419,2020-04-23T08:27:36.419Z,sell,4.703e-05,619.0,0.02911157
MDA/BTC,1587630478655,2020-04-23T08:27:58.655Z,sell,4.703e-05,315.0,0.01481445
MDA/BTC,1587630665875,2020-04-23T08:31:05.875Z,sell,4.722e-05,5.0,0.0002361
MDA/BTC,1587630665875,2020-04-23T08:31:05.875Z,sell,4.707e-05,29.0,0.00136503
MDA/BTC,1587630698920,2020-04-23T08:31:38.920Z,sell,4.703e-05,560.0,0.0263368
MDA/BTC,1587630698920,2020-04-23T08:31:38.920Z,sell,4.701e-05,105.0,0.00493605
MDA/BTC,1587630698920,2020-04-23T08:31:38.920Z,sell,4.7e-05,399.0,0.018753
MDA/BTC,1587630852981,2020-04-23T08:34:12.981Z,sell,4.7e-05,2630.0,0.12361
MDA/BTC,1587630853081,2020-04-23T08:34:13.081Z,sell,4.7e-05,566.0,0.0266019999999999
MDA/BTC,1587631066993,2020-04-23T08:37:46.993Z,sell,4.7e-05,2690.0,0.12643
MDA/BTC,1587631341920,2020-04-23T08:42:21.920Z,sell,4.703e-05,480.0,0.0225744
MDA/BTC,1587631341920,2020-04-23T08:42:21.920Z,sell,4.7e-05,1519.0,0.071393
MDA/BTC,1587631346245,2020-04-23T08:42:26.245Z,sell,4.7e-05,101.0,0.0047469999999999
MDA/BTC,1587631378912,2020-04-23T08:42:58.912Z,sell,4.7e-05,1705.0,0.080135
MDA/BTC,1587631378915,2020-04-23T08:42:58.915Z,sell,4.7e-05,1733.0,0.081451
MDA/BTC,1587631378932,2020-04-23T08:42:58.932Z,sell,4.7e-05,108.0,0.005076
MDA/BTC,1587631378933,2020-04-23T08:42:58.933Z,sell,4.7e-05,1767.0,0.083049
MDA/BTC,1587631548950,2020-04-23T08:45:48.950Z,sell,4.721e-05,3.0,0.0001416299999999
MDA/BTC,1587631634672,2020-04-23T08:47:14.672Z,buy,4.724e-05,5.0,0.0002362
MDA/BTC,1587631634672,2020-04-23T08:47:14.672Z,buy,4.725e-05,16.0,0.000756
MDA/BTC,1587631809553,2020-04-23T08:50:09.553Z,buy,4.724e-05,5.0,0.0002362
MDA/BTC,1587632993270,2020-04-23T09:09:53.270Z,sell,4.705e-05,4.0,0.0001882
MDA/BTC,1587633020781,2020-04-23T09:10:20.781Z,buy,4.719e-05,4.0,0.00018876
MDA/BTC,1587633020781,2020-04-23T09:10:20.781Z,buy,4.72e-05,27.0,0.0012744
MDA/BTC,1587633043110,2020-04-23T09:10:43.110Z,buy,4.721e-05,4.0,0.00018884
MDA/BTC,1587633045452,2020-04-23T09:10:45.452Z,buy,4.721e-05,22.0,0.0010386199999999
MDA/BTC,1587633051693,2020-04-23T09:10:51.693Z,buy,4.721e-05,15.0,0.00070815
MDA/BTC,1587633051693,2020-04-23T09:10:51.693Z,buy,4.723e-05,5.0,0.00023615
MDA/BTC,1587633051693,2020-04-23T09:10:51.693Z,buy,4.724e-05,11.0,0.00051964
MDA/BTC,1587633080286,2020-04-23T09:11:20.286Z,buy,4.723e-05,5.0,0.00023615
MDA/BTC,1587633082782,2020-04-23T09:11:22.782Z,buy,4.724e-05,9.0,0.00042516
MDA/BTC,1587633082807,2020-04-23T09:11:22.807Z,buy,4.724e-05,11.0,0.00051964
MDA/BTC,1587633086979,2020-04-23T09:11:26.979Z,sell,4.723e-05,1.0,4.723e-05
MDA/BTC,1587633100670,2020-04-23T09:11:40.670Z,buy,4.723e-05,11.0,0.00051953
MDA/BTC,1587633212863,2020-04-23T09:13:32.863Z,sell,4.706e-05,5.0,0.0002353
MDA/BTC,1587633212863,2020-04-23T09:13:32.863Z,sell,4.705e-05,185.0,0.00870425
MDA/BTC,1587633212863,2020-04-23T09:13:32.863Z,sell,4.7e-05,1020.0,0.0479399999999999
MDA/BTC,1587633283946,2020-04-23T09:14:43.946Z,sell,4.7e-05,321.0,0.015087
MDA/BTC,1587633329249,2020-04-23T09:15:29.249Z,buy,4.723e-05,63.0,0.00297549
MDA/BTC,1587633329249,2020-04-23T09:15:29.249Z,buy,4.723e-05,63.0,0.00297549
MDA/BTC,1587633825893,2020-04-23T09:23:45.893Z,sell,4.723e-05,14.0,0.00066122
MDA/BTC,1587633884135,2020-04-23T09:24:44.135Z,sell,4.71e-05,2124.0,0.1000404
MDA/BTC,1587633884135,2020-04-23T09:24:44.135Z,sell,4.7e-05,10911.0,0.512817
MDA/BTC,1587633884236,2020-04-23T09:24:44.236Z,sell,4.698e-05,5.0,0.0002349
MDA/BTC,1587633884236,2020-04-23T09:24:44.236Z,sell,4.696e-05,15.0,0.0007044
MDA/BTC,1587633884236,2020-04-23T09:24:44.236Z,sell,4.695e-05,651.0,0.03056445
MDA/BTC,1587633884243,2020-04-23T09:24:44.243Z,buy,4.7e-05,294.0,0.0138179999999999
MDA/BTC,1587633884274,2020-04-23T09:24:44.274Z,sell,4.693e-05,4.0,0.00018772
MDA/BTC,1587633884274,2020-04-23T09:24:44.274Z,sell,4.692e-05,290.0,0.0136067999999999
MDA/BTC,1587633884544,2020-04-23T09:24:44.544Z,sell,4.692e-05,520.0,0.0243984
MDA/BTC,1587633884544,2020-04-23T09:24:44.544Z,sell,4.691e-05,30.0,0.0014073
MDA/BTC,1587633884544,2020-04-23T09:24:44.544Z,sell,4.69e-05,51.0,0.0023919
MDA/BTC,1587633884544,2020-04-23T09:24:44.544Z,sell,4.69e-05,100.0,0.00469
MDA/BTC,1587633885236,2020-04-23T09:24:45.236Z,sell,4.69e-05,364.0,0.0170716
MDA/BTC,1587633885236,2020-04-23T09:24:45.236Z,sell,4.689e-05,73.0,0.00342297
MDA/BTC,1587633885908,2020-04-23T09:24:45.908Z,buy,4.7e-05,481.0,0.022607
MDA/BTC,1587633915977,2020-04-23T09:25:15.977Z,buy,4.7e-05,55.0,0.002585
MDA/BTC,1587633915981,2020-04-23T09:25:15.981Z,buy,4.7e-05,165.0,0.007755
MDA/BTC,1587633932446,2020-04-23T09:25:32.446Z,sell,4.685e-05,3.0,0.00014055
MDA/BTC,1587633932446,2020-04-23T09:25:32.446Z,sell,4.683e-05,300.0,0.0140489999999999
MDA/BTC,1587633932446,2020-04-23T09:25:32.446Z,sell,4.682e-05,2037.0,0.09537234
MDA/BTC,1587633932446,2020-04-23T09:25:32.446Z,sell,4.678e-05,71.0,0.00332138
MDA/BTC,1587633932446,2020-04-23T09:25:32.446Z,sell,4.676e-05,68.0,0.00317968
MDA/BTC,1587633932446,2020-04-23T09:25:32.446Z,sell,4.675e-05,5.0,0.00023375
MDA/BTC,1587633932446,2020-04-23T09:25:32.446Z,sell,4.674e-05,593.0,0.02771682
MDA/BTC,1587633932446,2020-04-23T09:25:32.446Z,sell,4.672e-05,492.0,0.02298624
MDA/BTC,1587633932446,2020-04-23T09:25:32.446Z,sell,4.671e-05,35.0,0.00163485
MDA/BTC,1587633932446,2020-04-23T09:25:32.446Z,sell,4.67e-05,3.0,0.0001401
MDA/BTC,1587633932446,2020-04-23T09:25:32.446Z,sell,4.668e-05,53.0,0.00247404
MDA/BTC,1587633932446,2020-04-23T09:25:32.446Z,sell,4.667e-05,25.0,0.00116675
MDA/BTC,1587633932446,2020-04-23T09:25:32.446Z,sell,4.666e-05,822.0,0.0383545199999999
MDA/BTC,1587633932446,2020-04-23T09:25:32.446Z,sell,4.665e-05,219.0,0.01021635
MDA/BTC,1587633932446,2020-04-23T09:25:32.446Z,sell,4.664e-05,1044.0,0.04869216
MDA/BTC,1587633932446,2020-04-23T09:25:32.446Z,sell,4.663e-05,23.0,0.00107249
MDA/BTC,1587633932446,2020-04-23T09:25:32.446Z,sell,4.662e-05,10.0,0.0004661999999999
MDA/BTC,1587633932446,2020-04-23T09:25:32.446Z,sell,4.661e-05,47.0,0.00219067
MDA/BTC,1587633932446,2020-04-23T09:25:32.446Z,sell,4.658e-05,2460.0,0.1145867999999999
MDA/BTC,1587633932574,2020-04-23T09:25:32.574Z,sell,4.659e-05,226.0,0.01052934
MDA/BTC,1587633932574,2020-04-23T09:25:32.574Z,sell,4.658e-05,284.0,0.01322872
MDA/BTC,1587633932716,2020-04-23T09:25:32.716Z,sell,4.657e-05,20.0,0.0009314
MDA/BTC,1587633932716,2020-04-23T09:25:32.716Z,sell,4.656e-05,27.0,0.00125712
MDA/BTC,1587633932716,2020-04-23T09:25:32.716Z,sell,4.654e-05,40.0,0.0018616
MDA/BTC,1587633932782,2020-04-23T09:25:32.782Z,sell,4.675e-05,786.0,0.0367455
MDA/BTC,1587633932806,2020-04-23T09:25:32.806Z,sell,4.675e-05,714.0,0.0333795
MDA/BTC,1587633932929,2020-04-23T09:25:32.929Z,sell,4.655e-05,860.0,0.040033
MDA/BTC,1587633934895,2020-04-23T09:25:34.895Z,sell,4.655e-05,42.0,0.0019551
MDA/BTC,1587633946671,2020-04-23T09:25:46.671Z,buy,4.678e-05,31.0,0.00145018
MDA/BTC,1587634017016,2020-04-23T09:26:57.016Z,sell,4.675e-05,3.0,0.00014025
MDA/BTC,1587634027292,2020-04-23T09:27:07.292Z,sell,4.672e-05,3.0,0.00014016
MDA/BTC,1587634033520,2020-04-23T09:27:13.520Z,buy,4.671e-05,3.0,0.00014013
MDA/BTC,1587634049225,2020-04-23T09:27:29.225Z,sell,4.665e-05,3.0,0.00013995
MDA/BTC,1587634049225,2020-04-23T09:27:29.225Z,sell,4.662e-05,3.0,0.00013986
MDA/BTC,1587634049225,2020-04-23T09:27:29.225Z,sell,4.657e-05,469.0,0.02184133
MDA/BTC,1587634085471,2020-04-23T09:28:05.471Z,sell,4.655e-05,34.0,0.0015827
MDA/BTC,1587634085471,2020-04-23T09:28:05.471Z,sell,4.653e-05,13.0,0.00060489
MDA/BTC,1587634089404,2020-04-23T09:28:09.404Z,buy,4.668e-05,1.0,4.668e-05
MDA/BTC,1587634093097,2020-04-23T09:28:13.097Z,buy,4.661e-05,51.0,0.00237711
MDA/BTC,1587634113646,2020-04-23T09:28:33.646Z,buy,4.662e-05,3.0,0.00013986
MDA/BTC,1587634207971,2020-04-23T09:30:07.971Z,sell,4.657e-05,63.0,0.00293391
MDA/BTC,1587634313216,2020-04-23T09:31:53.216Z,buy,4.672e-05,4.0,0.00018688
MDA/BTC,1587634520157,2020-04-23T09:35:20.157Z,sell,4.662e-05,1055.0,0.0491840999999999
MDA/BTC,1587634520176,2020-04-23T09:35:20.176Z,buy,4.662e-05,809.0,0.03771558
MDA/BTC,1587634595174,2020-04-23T09:36:35.174Z,buy,4.672e-05,36.0,0.00168192
MDA/BTC,1587634595174,2020-04-23T09:36:35.174Z,buy,4.679e-05,409.0,0.01913711
MDA/BTC,1587634595174,2020-04-23T09:36:35.174Z,buy,4.682e-05,102.0,0.00477564
MDA/BTC,1587634595176,2020-04-23T09:36:35.176Z,buy,4.682e-05,400.0,0.018728
MDA/BTC,1587634595176,2020-04-23T09:36:35.176Z,buy,4.685e-05,553.0,0.02590805
MDA/BTC,1587634595177,2020-04-23T09:36:35.177Z,buy,4.685e-05,952.0,0.0446012
MDA/BTC,1587634595185,2020-04-23T09:36:35.185Z,buy,4.685e-05,110.0,0.0051535
MDA/BTC,1587634595185,2020-04-23T09:36:35.185Z,buy,4.686e-05,53.0,0.00248358
MDA/BTC,1587634595185,2020-04-23T09:36:35.185Z,buy,4.693e-05,36.0,0.00168948
MDA/BTC,1587634595201,2020-04-23T09:36:35.201Z,buy,4.696e-05,53.0,0.0024888799999999
MDA/BTC,1587634595201,2020-04-23T09:36:35.201Z,buy,4.704e-05,4.0,0.00018816
MDA/BTC,1587634595201,2020-04-23T09:36:35.201Z,buy,4.706e-05,27.0,0.00127062
MDA/BTC,1587634595201,2020-04-23T09:36:35.201Z,buy,4.707e-05,84.0,0.00395388
MDA/BTC,1587634595222,2020-04-23T09:36:35.222Z,sell,4.692e-05,302.0,0.01416984
MDA/BTC,1587634595222,2020-04-23T09:36:35.222Z,sell,4.662e-05,5.0,0.0002330999999999
MDA/BTC,1587634595222,2020-04-23T09:36:35.222Z,sell,4.661e-05,240.0,0.0111864
MDA/BTC,1587634595272,2020-04-23T09:36:35.272Z,buy,4.707e-05,207.0,0.00974349
MDA/BTC,1587634595272,2020-04-23T09:36:35.272Z,buy,4.708e-05,2583.0,0.12160764
MDA/BTC,1587634606622,2020-04-23T09:36:46.622Z,sell,4.682e-05,39.0,0.00182598
MDA/BTC,1587634983169,2020-04-23T09:43:03.169Z,buy,4.71e-05,1.0,4.71e-05
MDA/BTC,1587635127425,2020-04-23T09:45:27.425Z,buy,4.71e-05,4.0,0.0001884
MDA/BTC,1587635204584,2020-04-23T09:46:44.584Z,sell,4.681e-05,31.0,0.00145111
MDA/BTC,1587635254285,2020-04-23T09:47:34.285Z,buy,4.707e-05,1.0,4.707e-05
MDA/BTC,1587635274204,2020-04-23T09:47:54.204Z,sell,4.68e-05,361.0,0.0168947999999999
MDA/BTC,1587635274218,2020-04-23T09:47:54.218Z,buy,4.68e-05,4.0,0.0001872
MDA/BTC,1587635274224,2020-04-23T09:47:54.224Z,buy,4.68e-05,289.0,0.0135252
MDA/BTC,1587635279469,2020-04-23T09:47:59.469Z,buy,4.698e-05,1.0,4.698e-05
MDA/BTC,1587635289431,2020-04-23T09:48:09.431Z,buy,4.682e-05,15.0,0.0007023
MDA/BTC,1587635289715,2020-04-23T09:48:09.715Z,buy,4.683e-05,6.0,0.00028098
MDA/BTC,1587635486328,2020-04-23T09:51:26.328Z,buy,4.708e-05,1.0,4.708e-05
MDA/BTC,1587635496981,2020-04-23T09:51:36.981Z,buy,4.708e-05,1.0,4.708e-05
MDA/BTC,1587635576024,2020-04-23T09:52:56.024Z,sell,4.678e-05,4.0,0.00018712
MDA/BTC,1587635576024,2020-04-23T09:52:56.024Z,sell,4.672e-05,850.0,0.039712
MDA/BTC,1587635576024,2020-04-23T09:52:56.024Z,sell,4.667e-05,113.0,0.00527371
MDA/BTC,1587635576024,2020-04-23T09:52:56.024Z,sell,4.664e-05,112.0,0.00522368
MDA/BTC,1587635576024,2020-04-23T09:52:56.024Z,sell,4.662e-05,2612.0,0.12177144
MDA/BTC,1587635576024,2020-04-23T09:52:56.024Z,sell,4.661e-05,291.0,0.01356351
MDA/BTC,1587635576024,2020-04-23T09:52:56.024Z,sell,4.659e-05,813.0,0.03787767
MDA/BTC,1587635576024,2020-04-23T09:52:56.024Z,sell,4.656e-05,189.0,0.00879984
MDA/BTC,1587635576024,2020-04-23T09:52:56.024Z,sell,4.654e-05,5355.0,0.2492217
MDA/BTC,1587635576024,2020-04-23T09:52:56.024Z,sell,4.653e-05,3769.0,0.1753715699999999
MDA/BTC,1587635587044,2020-04-23T09:53:07.044Z,buy,4.68e-05,1.0,4.68e-05
MDA/BTC,1587635595523,2020-04-23T09:53:15.523Z,buy,4.666e-05,246.0,0.01147836
MDA/BTC,1587635596581,2020-04-23T09:53:16.581Z,buy,4.665e-05,5.0,0.00023325
MDA/BTC,1587635596662,2020-04-23T09:53:16.662Z,sell,4.673e-05,22.0,0.00102806
MDA/BTC,1587635596673,2020-04-23T09:53:16.673Z,buy,4.692e-05,1.0,4.692e-05
MDA/BTC,1587635661251,2020-04-23T09:54:21.251Z,sell,4.654e-05,23.0,0.0010704199999999
MDA/BTC,1587635692527,2020-04-23T09:54:52.527Z,buy,4.666e-05,9.0,0.00041994
MDA/BTC,1587636160849,2020-04-23T10:02:40.849Z,buy,4.678e-05,472.0,0.02208016
MDA/BTC,1587636202733,2020-04-23T10:03:22.733Z,buy,4.678e-05,86.0,0.00402308
MDA/BTC,1587636432639,2020-04-23T10:07:12.639Z,buy,4.681e-05,1.0,4.681e-05
MDA/BTC,1587636616861,2020-04-23T10:10:16.861Z,buy,4.681e-05,2.0,9.362e-05
MDA/BTC,1587636616861,2020-04-23T10:10:16.861Z,buy,4.69e-05,1.0,4.69e-05
MDA/BTC,1587636650625,2020-04-23T10:10:50.625Z,buy,4.69e-05,97.0,0.0045493
MDA/BTC,1587636672648,2020-04-23T10:11:12.648Z,buy,4.69e-05,3.0,0.0001407
MDA/BTC,1587636725902,2020-04-23T10:12:05.902Z,buy,4.69e-05,1.0,4.69e-05
MDA/BTC,1587636725902,2020-04-23T10:12:05.902Z,buy,4.69e-05,1.0,4.69e-05
MDA/BTC,1587637577545,2020-04-23T10:26:17.545Z,sell,4.681e-05,3.0,0.00014043
MDA/BTC,1587637578522,2020-04-23T10:26:18.522Z,sell,4.68e-05,3.0,0.0001404
MDA/BTC,1587637626684,2020-04-23T10:27:06.684Z,buy,4.681e-05,1.0,4.681e-05
MDA/BTC,1587637666386,2020-04-23T10:27:46.386Z,sell,4.681e-05,161.0,0.00753641
MDA/BTC,1587637666386,2020-04-23T10:27:46.386Z,sell,4.68e-05,413.0,0.0193284
MDA/BTC,1587637666419,2020-04-23T10:27:46.419Z,sell,4.68e-05,202.0,0.0094536
MDA/BTC,1587637868776,2020-04-23T10:31:08.776Z,buy,4.677e-05,1.0,4.677e-05
MDA/BTC,1587638099131,2020-04-23T10:34:59.131Z,buy,4.677e-05,1.0,4.677e-05
MDA/BTC,1587638147888,2020-04-23T10:35:47.888Z,buy,4.677e-05,226.0,0.01057002
MDA/BTC,1587638147901,2020-04-23T10:35:47.901Z,sell,4.677e-05,904.0,0.04228008
MDA/BTC,1587638183402,2020-04-23T10:36:23.402Z,buy,4.683e-05,5.0,0.0002341499999999
MDA/BTC,1587638183402,2020-04-23T10:36:23.402Z,buy,4.687e-05,53.0,0.00248411
MDA/BTC,1587638292635,2020-04-23T10:38:12.635Z,buy,4.687e-05,5.0,0.0002343499999999
MDA/BTC,1587638313645,2020-04-23T10:38:33.645Z,buy,4.686e-05,5.0,0.0002343
MDA/BTC,1587638334614,2020-04-23T10:38:54.614Z,buy,4.686e-05,5.0,0.0002343
MDA/BTC,1587638407986,2020-04-23T10:40:07.986Z,buy,4.686e-05,5.0,0.0002343
MDA/BTC,1587638423064,2020-04-23T10:40:23.064Z,buy,4.686e-05,5.0,0.0002343
MDA/BTC,1587638495017,2020-04-23T10:41:35.017Z,buy,4.686e-05,5.0,0.0002343
MDA/BTC,1587638527677,2020-04-23T10:42:07.677Z,buy,4.686e-05,5.0,0.0002343
MDA/BTC,1587638558554,2020-04-23T10:42:38.554Z,buy,4.686e-05,5.0,0.0002343
MDA/BTC,1587638691307,2020-04-23T10:44:51.307Z,sell,4.677e-05,89.0,0.00416253
MDA/BTC,1587638948441,2020-04-23T10:49:08.441Z,sell,4.677e-05,22.0,0.00102894
MDA/BTC,1587639748722,2020-04-23T11:02:28.722Z,sell,4.678e-05,4.0,0.00018712
MDA/BTC,1587639762708,2020-04-23T11:02:42.708Z,sell,4.678e-05,193.0,0.00902854
MDA/BTC,1587639762722,2020-04-23T11:02:42.722Z,sell,4.678e-05,137.0,0.00640886
MDA/BTC,1587639763788,2020-04-23T11:02:43.788Z,sell,4.678e-05,95.0,0.0044441
MDA/BTC,1587639764791,2020-04-23T11:02:44.791Z,sell,4.678e-05,66.0,0.00308748
MDA/BTC,1587639766091,2020-04-23T11:02:46.091Z,sell,4.678e-05,46.0,0.00215188
MDA/BTC,1587639767388,2020-04-23T11:02:47.388Z,sell,4.678e-05,32.0,0.00149696
MDA/BTC,1587639768488,2020-04-23T11:02:48.488Z,sell,4.678e-05,22.0,0.00102916
MDA/BTC,1587639868248,2020-04-23T11:04:28.248Z,sell,4.678e-05,1010.0,0.0472478
MDA/BTC,1587639868315,2020-04-23T11:04:28.315Z,sell,4.677e-05,33.0,0.00154341
MDA/BTC,1587639917550,2020-04-23T11:05:17.550Z,sell,4.672e-05,642.0,0.02999424
MDA/BTC,1587639917665,2020-04-23T11:05:17.665Z,buy,4.672e-05,4.0,0.00018688
MDA/BTC,1587639920974,2020-04-23T11:05:20.974Z,sell,4.671e-05,3.0,0.00014013
MDA/BTC,1587639963440,2020-04-23T11:06:03.440Z,sell,4.667e-05,5.0,0.00023335
MDA/BTC,1587639963440,2020-04-23T11:06:03.440Z,sell,4.661e-05,3.0,0.00013983
MDA/BTC,1587639963440,2020-04-23T11:06:03.440Z,sell,4.657e-05,645.0,0.03003765
MDA/BTC,1587639963454,2020-04-23T11:06:03.454Z,buy,4.657e-05,620.0,0.0288734
MDA/BTC,1587640286883,2020-04-23T11:11:26.883Z,sell,4.657e-05,173.0,0.00805661
MDA/BTC,1587640286885,2020-04-23T11:11:26.885Z,sell,4.657e-05,220.0,0.0102454
MDA/BTC,1587640286885,2020-04-23T11:11:26.885Z,sell,4.657e-05,220.0,0.0102454
MDA/BTC,1587640489876,2020-04-23T11:14:49.876Z,sell,4.657e-05,995.0,0.04633715
MDA/BTC,1587640489876,2020-04-23T11:14:49.876Z,sell,4.655e-05,172.0,0.0080066
MDA/BTC,1587640489896,2020-04-23T11:14:49.896Z,sell,4.655e-05,33.0,0.00153615
MDA/BTC,1587640847647,2020-04-23T11:20:47.647Z,sell,4.655e-05,277.0,0.01289435
MDA/BTC,1587640917521,2020-04-23T11:21:57.521Z,buy,4.679e-05,8.0,0.00037432
MDA/BTC,1587640917521,2020-04-23T11:21:57.521Z,buy,4.682e-05,52.0,0.00243464
MDA/BTC,1587640974431,2020-04-23T11:22:54.431Z,buy,4.682e-05,54.0,0.00252828
MDA/BTC,1587640974431,2020-04-23T11:22:54.431Z,buy,4.684e-05,278.0,0.01302152
MDA/BTC,1587640974431,2020-04-23T11:22:54.431Z,buy,4.685e-05,1061.0,0.04970785
MDA/BTC,1587640974437,2020-04-23T11:22:54.437Z,buy,4.685e-05,138.0,0.0064653
MDA/BTC,1587641235470,2020-04-23T11:27:15.470Z,buy,4.684e-05,3.0,0.00014052
MDA/BTC,1587641353796,2020-04-23T11:29:13.796Z,buy,4.692e-05,4.0,0.00018768
MDA/BTC,1587641353796,2020-04-23T11:29:13.796Z,buy,4.693e-05,4.0,0.00018772
MDA/BTC,1587641353796,2020-04-23T11:29:13.796Z,buy,4.695e-05,3.0,0.00014085
MDA/BTC,1587641353796,2020-04-23T11:29:13.796Z,buy,4.697e-05,58.0,0.00272426
MDA/BTC,1587641580078,2020-04-23T11:33:00.078Z,buy,4.692e-05,209.0,0.0098062799999999
MDA/BTC,1587641580078,2020-04-23T11:33:00.078Z,buy,4.693e-05,1287.0,0.06039891
MDA/BTC,1587641580078,2020-04-23T11:33:00.078Z,buy,4.695e-05,5297.0,0.24869415
MDA/BTC,1587641580078,2020-04-23T11:33:00.078Z,buy,4.697e-05,3.0,0.00014091
MDA/BTC,1587641580078,2020-04-23T11:33:00.078Z,buy,4.704e-05,4.0,0.00018816
MDA/BTC,1587641580078,2020-04-23T11:33:00.078Z,buy,4.705e-05,27.0,0.00127035
MDA/BTC,1587641580078,2020-04-23T11:33:00.078Z,buy,4.708e-05,3267.0,0.15381036
MDA/BTC,1587641580078,2020-04-23T11:33:00.078Z,buy,4.709e-05,3553.0,0.16731077
MDA/BTC,1587641580191,2020-04-23T11:33:00.191Z,buy,4.708e-05,810.0,0.0381348
MDA/BTC,1587641583621,2020-04-23T11:33:03.621Z,buy,4.708e-05,11.0,0.00051788
MDA/BTC,1587641588768,2020-04-23T11:33:08.768Z,sell,4.71e-05,24.0,0.0011304
MDA/BTC,1587641645222,2020-04-23T11:34:05.222Z,buy,4.711e-05,16.0,0.00075376
MDA/BTC,1587641686641,2020-04-23T11:34:46.641Z,buy,4.73e-05,4.0,0.0001892
MDA/BTC,1587641686641,2020-04-23T11:34:46.641Z,buy,4.731e-05,4.0,0.00018924
MDA/BTC,1587641686648,2020-04-23T11:34:46.648Z,sell,4.731e-05,220.0,0.0104082
MDA/BTC,1587641686655,2020-04-23T11:34:46.655Z,sell,4.731e-05,360.0,0.0170316
MDA/BTC,1587641686674,2020-04-23T11:34:46.674Z,sell,4.731e-05,300.0,0.0141929999999999
MDA/BTC,1587641686740,2020-04-23T11:34:46.740Z,sell,4.731e-05,756.0,0.03576636
MDA/BTC,1587641686758,2020-04-23T11:34:46.758Z,sell,4.731e-05,718.0,0.03396858
MDA/BTC,1587641686766,2020-04-23T11:34:46.766Z,sell,4.731e-05,760.0,0.0359556
MDA/BTC,1587641691717,2020-04-23T11:34:51.717Z,sell,4.704e-05,4.0,0.00018816
MDA/BTC,1587641691804,2020-04-23T11:34:51.804Z,buy,4.699e-05,287.0,0.01348613
MDA/BTC,1587641691804,2020-04-23T11:34:51.804Z,buy,4.699e-05,6.0,0.00028194
MDA/BTC,1587641702361,2020-04-23T11:35:02.361Z,buy,4.714e-05,192.0,0.00905088
MDA/BTC,1587641724148,2020-04-23T11:35:24.148Z,buy,4.714e-05,95.0,0.0044783
MDA/BTC,1587642312068,2020-04-23T11:45:12.068Z,buy,4.706e-05,3.0,0.00014118
MDA/BTC,1587642664254,2020-04-23T11:51:04.254Z,buy,4.706e-05,1.0,4.706e-05
MDA/BTC,1587642664254,2020-04-23T11:51:04.254Z,buy,4.707e-05,5.0,0.00023535
MDA/BTC,1587642664254,2020-04-23T11:51:04.254Z,buy,4.709e-05,1055.0,0.04967995
MDA/BTC,1587642664268,2020-04-23T11:51:04.268Z,buy,4.714e-05,194.0,0.00914516
MDA/BTC,1587642790132,2020-04-23T11:53:10.132Z,sell,4.699e-05,10.0,0.0004699
MDA/BTC,1587642790889,2020-04-23T11:53:10.889Z,sell,4.699e-05,7.0,0.00032893
MDA/BTC,1587643077916,2020-04-23T11:57:57.916Z,buy,4.703e-05,22.0,0.00103466
MDA/BTC,1587643203043,2020-04-23T12:00:03.043Z,sell,4.699e-05,1445.0,0.06790055
MDA/BTC,1587643203043,2020-04-23T12:00:03.043Z,sell,4.691e-05,210.0,0.0098511
MDA/BTC,1587643203043,2020-04-23T12:00:03.043Z,sell,4.689e-05,3.0,0.00014067
MDA/BTC,1587643203120,2020-04-23T12:00:03.120Z,buy,4.685e-05,1458.0,0.0683073
MDA/BTC,1587643209466,2020-04-23T12:00:09.466Z,buy,4.708e-05,4.0,0.00018832
MDA/BTC,1587643210885,2020-04-23T12:00:10.885Z,buy,4.709e-05,9.0,0.00042381
MDA/BTC,1587643213588,2020-04-23T12:00:13.588Z,buy,4.714e-05,1174.0,0.05534236
MDA/BTC,1587643213959,2020-04-23T12:00:13.959Z,buy,4.714e-05,64.0,0.00301696
MDA/BTC,1587643232643,2020-04-23T12:00:32.643Z,buy,4.714e-05,382.0,0.01800748
MDA/BTC,1587643240046,2020-04-23T12:00:40.046Z,buy,4.726e-05,3.0,0.00014178
MDA/BTC,1587643760299,2020-04-23T12:09:20.299Z,buy,4.725e-05,50.0,0.0023625
MDA/BTC,1587643760299,2020-04-23T12:09:20.299Z,buy,4.725e-05,50.0,0.0023625
MDA/BTC,1587643892655,2020-04-23T12:11:32.655Z,sell,4.719e-05,3.0,0.00014157
MDA/BTC,1587643892655,2020-04-23T12:11:32.655Z,sell,4.702e-05,47.0,0.00220994
MDA/BTC,1587643912481,2020-04-23T12:11:52.481Z,buy,4.725e-05,50.0,0.0023625
MDA/BTC,1587644234148,2020-04-23T12:17:14.148Z,buy,4.724e-05,658.0,0.03108392
MDA/BTC,1587644786095,2020-04-23T12:26:26.095Z,buy,4.724e-05,426.0,0.02012424
MDA/BTC,1587644786112,2020-04-23T12:26:26.112Z,sell,4.724e-05,1493.0,0.07052932
MDA/BTC,1587644786117,2020-04-23T12:26:26.117Z,sell,4.724e-05,34.0,0.00160616
MDA/BTC,1587645317046,2020-04-23T12:35:17.046Z,sell,4.709e-05,3.0,0.0001412699999999
MDA/BTC,1587645819162,2020-04-23T12:43:39.162Z,sell,4.699e-05,3.0,0.00014097
MDA/BTC,1587645819162,2020-04-23T12:43:39.162Z,sell,4.694e-05,189.0,0.00887166
MDA/BTC,1587646239189,2020-04-23T12:50:39.189Z,sell,4.69e-05,1311.0,0.0614859
MDA/BTC,1587646783674,2020-04-23T12:59:43.674Z,sell,4.69e-05,3.0,0.0001407
MDA/BTC,1587646783674,2020-04-23T12:59:43.674Z,sell,4.689e-05,125.0,0.00586125
MDA/BTC,1587646895025,2020-04-23T13:01:35.025Z,buy,4.719e-05,5.0,0.00023595
MDA/BTC,1587646895025,2020-04-23T13:01:35.025Z,buy,4.72e-05,753.0,0.0355416
MDA/BTC,1587646902981,2020-04-23T13:01:42.981Z,buy,4.719e-05,128.0,0.00604032
MDA/BTC,1587646908693,2020-04-23T13:01:48.693Z,buy,4.719e-05,1301.0,0.06139419
MDA/BTC,1587646908693,2020-04-23T13:01:48.693Z,buy,4.72e-05,1235.0,0.058292
MDA/BTC,1587646908693,2020-04-23T13:01:48.693Z,buy,4.719e-05,1301.0,0.06139419
MDA/BTC,1587646908693,2020-04-23T13:01:48.693Z,buy,4.72e-05,1235.0,0.058292
MDA/BTC,1587647926928,2020-04-23T13:18:46.928Z,buy,4.698e-05,1.0,4.698e-05
MDA/BTC,1587647933723,2020-04-23T13:18:53.723Z,sell,4.69e-05,3.0,0.0001407
MDA/BTC,1587648192406,2020-04-23T13:23:12.406Z,buy,4.691e-05,5.0,0.00023455
MDA/BTC,1587648916422,2020-04-23T13:35:16.422Z,sell,4.692e-05,34.0,0.00159528
MDA/BTC,1587648916422,2020-04-23T13:35:16.422Z,sell,4.691e-05,9.0,0.00042219
MDA/BTC,1587648945848,2020-04-23T13:35:45.848Z,sell,4.691e-05,68.0,0.00318988
MDA/BTC,1587648945848,2020-04-23T13:35:45.848Z,sell,4.69e-05,207.0,0.0097083
MDA/BTC,1587648945848,2020-04-23T13:35:45.848Z,sell,4.689e-05,24.0,0.00112536
MDA/BTC,1587648977188,2020-04-23T13:36:17.188Z,sell,4.689e-05,11.0,0.00051579
MDA/BTC,1587649537253,2020-04-23T13:45:37.253Z,sell,4.689e-05,27.0,0.00126603
MDA/BTC,1587649682611,2020-04-23T13:48:02.611Z,buy,4.712e-05,4.0,0.00018848
MDA/BTC,1587649686583,2020-04-23T13:48:06.583Z,buy,4.712e-05,11.0,0.00051832
MDA/BTC,1587649709629,2020-04-23T13:48:29.629Z,sell,4.689e-05,40.0,0.0018756
MDA/BTC,1587649760286,2020-04-23T13:49:20.286Z,sell,4.689e-05,4.0,0.00018756
MDA/BTC,1587649760286,2020-04-23T13:49:20.286Z,sell,4.685e-05,106.0,0.0049661
MDA/BTC,1587649760286,2020-04-23T13:49:20.286Z,sell,4.684e-05,1011.0,0.04735524
MDA/BTC,1587649760289,2020-04-23T13:49:20.289Z,sell,4.684e-05,86.0,0.00402824
MDA/BTC,1587649762303,2020-04-23T13:49:22.303Z,sell,4.684e-05,133.0,0.00622972
MDA/BTC,1587649762311,2020-04-23T13:49:22.311Z,sell,4.684e-05,82.0,0.00384088
MDA/BTC,1587649768731,2020-04-23T13:49:28.731Z,sell,4.679e-05,31.0,0.00145049
MDA/BTC,1587649788950,2020-04-23T13:49:48.950Z,sell,4.678e-05,4.0,0.00018712
MDA/BTC,1587649789165,2020-04-23T13:49:49.165Z,buy,4.678e-05,154.0,0.00720412
MDA/BTC,1587650038464,2020-04-23T13:53:58.464Z,sell,4.672e-05,10.0,0.0004671999999999
MDA/BTC,1587650038464,2020-04-23T13:53:58.464Z,sell,4.671e-05,16.0,0.00074736
MDA/BTC,1587650038464,2020-04-23T13:53:58.464Z,sell,4.669e-05,220.0,0.0102718
MDA/BTC,1587650038495,2020-04-23T13:53:58.495Z,buy,4.669e-05,1167.0,0.05448723
MDA/BTC,1587650098000,2020-04-23T13:54:58.000Z,sell,4.668e-05,346.0,0.01615128
MDA/BTC,1587650098504,2020-04-23T13:54:58.504Z,sell,4.667e-05,93.0,0.00434031
MDA/BTC,1587650098722,2020-04-23T13:54:58.722Z,sell,4.668e-05,40.0,0.0018672
MDA/BTC,1587650098722,2020-04-23T13:54:58.722Z,sell,4.668e-05,40.0,0.0018672
MDA/BTC,1587650707234,2020-04-23T14:05:07.234Z,sell,4.669e-05,3.0,0.00014007
MDA/BTC,1587650707234,2020-04-23T14:05:07.234Z,sell,4.668e-05,10.0,0.0004668
MDA/BTC,1587650707234,2020-04-23T14:05:07.234Z,sell,4.666e-05,28.0,0.0013064799999999
MDA/BTC,1587650708196,2020-04-23T14:05:08.196Z,sell,4.666e-05,189.0,0.00881874
MDA/BTC,1587650712513,2020-04-23T14:05:12.513Z,sell,4.666e-05,562.0,0.0262229199999999
MDA/BTC,1587650721564,2020-04-23T14:05:21.564Z,sell,4.664e-05,3.0,0.00013992
MDA/BTC,1587650721564,2020-04-23T14:05:21.564Z,sell,4.661e-05,11.0,0.00051271
MDA/BTC,1587650721564,2020-04-23T14:05:21.564Z,sell,4.66e-05,3.0,0.0001398
MDA/BTC,1587650721564,2020-04-23T14:05:21.564Z,sell,4.654e-05,375.0,0.0174525
MDA/BTC,1587650721906,2020-04-23T14:05:21.906Z,sell,4.654e-05,89.0,0.0041420599999999
MDA/BTC,1587650721906,2020-04-23T14:05:21.906Z,sell,4.653e-05,4.0,0.00018612
MDA/BTC,1587650721906,2020-04-23T14:05:21.906Z,sell,4.652e-05,7.0,0.00032564
MDA/BTC,1587650721906,2020-04-23T14:05:21.906Z,sell,4.651e-05,1.0,4.651e-05
MDA/BTC,1587650722276,2020-04-23T14:05:22.276Z,sell,4.651e-05,291.0,0.01353441
MDA/BTC,1587650722276,2020-04-23T14:05:22.276Z,sell,4.65e-05,423.0,0.0196695
MDA/BTC,1587650722475,2020-04-23T14:05:22.475Z,sell,4.65e-05,7.0,0.0003255
MDA/BTC,1587650722796,2020-04-23T14:05:22.796Z,buy,4.65e-05,370.0,0.0172049999999999
MDA/BTC,1587650722884,2020-04-23T14:05:22.884Z,buy,4.65e-05,236.0,0.010974
MDA/BTC,1587650723919,2020-04-23T14:05:23.919Z,sell,4.648e-05,624.0,0.02900352
MDA/BTC,1587650724074,2020-04-23T14:05:24.074Z,sell,4.648e-05,191.0,0.00887768
MDA/BTC,1587650724074,2020-04-23T14:05:24.074Z,sell,4.647e-05,5.0,0.00023235
MDA/BTC,1587650725745,2020-04-23T14:05:25.745Z,sell,4.66e-05,536.0,0.0249776
MDA/BTC,1587650725746,2020-04-23T14:05:25.746Z,sell,4.66e-05,45.0,0.002097
MDA/BTC,1587650725889,2020-04-23T14:05:25.889Z,sell,4.645e-05,80.0,0.0037159999999999
MDA/BTC,1587650727609,2020-04-23T14:05:27.609Z,buy,4.66e-05,42.0,0.0019572
MDA/BTC,1587650732100,2020-04-23T14:05:32.100Z,buy,4.66e-05,19.0,0.0008854
MDA/BTC,1587650735760,2020-04-23T14:05:35.760Z,sell,4.65e-05,121.0,0.0056264999999999
MDA/BTC,1587650735760,2020-04-23T14:05:35.760Z,sell,4.649e-05,320.0,0.0148767999999999
MDA/BTC,1587650736775,2020-04-23T14:05:36.775Z,sell,4.649e-05,343.0,0.01594607
MDA/BTC,1587650739713,2020-04-23T14:05:39.713Z,buy,4.66e-05,215.0,0.010019
MDA/BTC,1587650743377,2020-04-23T14:05:43.377Z,sell,4.645e-05,1.0,4.645e-05
MDA/BTC,1587650743570,2020-04-23T14:05:43.570Z,buy,4.645e-05,53.0,0.00246185
MDA/BTC,1587650746080,2020-04-23T14:05:46.080Z,buy,4.672e-05,268.0,0.01252096
MDA/BTC,1587650805477,2020-04-23T14:06:45.477Z,sell,4.65e-05,3.0,0.0001395
MDA/BTC,1587650960121,2020-04-23T14:09:20.121Z,sell,4.642e-05,10.0,0.0004642
MDA/BTC,1587650960121,2020-04-23T14:09:20.121Z,sell,4.641e-05,46.0,0.0021348599999999
MDA/BTC,1587650960121,2020-04-23T14:09:20.121Z,sell,4.64e-05,11.0,0.0005104
MDA/BTC,1587650960121,2020-04-23T14:09:20.121Z,sell,4.639e-05,27.0,0.00125253
MDA/BTC,1587650969240,2020-04-23T14:09:29.240Z,sell,4.64e-05,25.0,0.00116
MDA/BTC,1587650973521,2020-04-23T14:09:33.521Z,sell,4.639e-05,1865.0,0.08651735
MDA/BTC,1587650973521,2020-04-23T14:09:33.521Z,sell,4.638e-05,71.0,0.00329298
MDA/BTC,1587650973521,2020-04-23T14:09:33.521Z,sell,4.637e-05,513.0,0.02378781
MDA/BTC,1587650973521,2020-04-23T14:09:33.521Z,sell,4.636e-05,3.0,0.00013908
MDA/BTC,1587650973521,2020-04-23T14:09:33.521Z,sell,4.632e-05,11.0,0.00050952
MDA/BTC,1587650973521,2020-04-23T14:09:33.521Z,sell,4.631e-05,495.0,0.02292345
MDA/BTC,1587650973521,2020-04-23T14:09:33.521Z,sell,4.63e-05,3.0,0.0001389
MDA/BTC,1587650973521,2020-04-23T14:09:33.521Z,sell,4.629e-05,25.0,0.00115725
MDA/BTC,1587650973521,2020-04-23T14:09:33.521Z,sell,4.627e-05,1318.0,0.06098386
MDA/BTC,1587650973521,2020-04-23T14:09:33.521Z,sell,4.626e-05,32.0,0.00148032
MDA/BTC,1587650973521,2020-04-23T14:09:33.521Z,sell,4.625e-05,4.0,0.000185
MDA/BTC,1587650973521,2020-04-23T14:09:33.521Z,sell,4.621e-05,216.0,0.00998136
MDA/BTC,1587650973521,2020-04-23T14:09:33.521Z,sell,4.62e-05,820.0,0.037884
MDA/BTC,1587650973521,2020-04-23T14:09:33.521Z,sell,4.615e-05,4.0,0.0001846
MDA/BTC,1587650973521,2020-04-23T14:09:33.521Z,sell,4.613e-05,82.0,0.00378266
MDA/BTC,1587650973521,2020-04-23T14:09:33.521Z,sell,4.612e-05,4.0,0.00018448
MDA/BTC,1587650973521,2020-04-23T14:09:33.521Z,sell,4.611e-05,339.0,0.01563129
MDA/BTC,1587650973521,2020-04-23T14:09:33.521Z,sell,4.61e-05,915.0,0.0421815
MDA/BTC,1587650973521,2020-04-23T14:09:33.521Z,sell,4.61e-05,209.0,0.0096349
