symbol,timestamp,datetime,side,price,amount,btc_volume
MDA/BTC,1528038146896,2018-06-03T15:02:26.896Z,sell,0.00010236,15.0,0.0015354
MDA/BTC,1528038146896,2018-06-03T15:02:26.896Z,sell,0.00010235,18.0,0.0018422999999999
MDA/BTC,1528038146896,2018-06-03T15:02:26.896Z,sell,0.00010234,714.0,0.07307076
MDA/BTC,1528038413555,2018-06-03T15:06:53.555Z,sell,0.00010236,11.0,0.00112596
MDA/BTC,1528038413801,2018-06-03T15:06:53.801Z,buy,0.00010234,321.0,0.03285114
MDA/BTC,1528038608208,2018-06-03T15:10:08.208Z,buy,0.0001025,13.0,0.0013325
MDA/BTC,1528038620842,2018-06-03T15:10:20.842Z,buy,0.00010251,10.0,0.0010251
MDA/BTC,1528038651415,2018-06-03T15:10:51.415Z,sell,0.0001025,50.0,0.005125
MDA/BTC,1528038652140,2018-06-03T15:10:52.140Z,buy,0.0001025,948.0,0.0971699999999999
MDA/BTC,1528038705151,2018-06-03T15:11:45.151Z,sell,0.0001025,65.0,0.0066625
MDA/BTC,1528038752591,2018-06-03T15:12:32.591Z,sell,0.0001025,28.0,0.00287
MDA/BTC,1528038752664,2018-06-03T15:12:32.664Z,sell,0.0001025,260.0,0.02665
MDA/BTC,1528038847867,2018-06-03T15:14:07.867Z,buy,0.00010253,7.0,0.00071771
MDA/BTC,1528038847867,2018-06-03T15:14:07.867Z,buy,0.00010273,90.0,0.0092457
MDA/BTC,1528038871383,2018-06-03T15:14:31.383Z,sell,0.00010251,13.0,0.00133263
MDA/BTC,1528038872248,2018-06-03T15:14:32.248Z,sell,0.00010251,37.0,0.00379287
MDA/BTC,1528039066028,2018-06-03T15:17:46.028Z,sell,0.00010257,16.0,0.00164112
MDA/BTC,1528039066028,2018-06-03T15:17:46.028Z,sell,0.00010256,99.0,0.01015344
MDA/BTC,1528039066047,2018-06-03T15:17:46.047Z,sell,0.00010256,14.0,0.0014358399999999
MDA/BTC,1528039066047,2018-06-03T15:17:46.047Z,sell,0.00010255,11.0,0.00112805
MDA/BTC,1528039066047,2018-06-03T15:17:46.047Z,sell,0.00010251,63.0,0.00645813
MDA/BTC,1528039066047,2018-06-03T15:17:46.047Z,sell,0.0001025,10.0,0.0010249999999999
MDA/BTC,1528039066047,2018-06-03T15:17:46.047Z,sell,0.0001023,130.0,0.013299
MDA/BTC,1528039066047,2018-06-03T15:17:46.047Z,sell,0.0001022,9.0,0.0009198
MDA/BTC,1528039223486,2018-06-03T15:20:23.486Z,sell,0.00010244,1137.0,0.11647428
MDA/BTC,1528039223598,2018-06-03T15:20:23.598Z,sell,0.00010244,2501.0,0.25620244
MDA/BTC,1528039223639,2018-06-03T15:20:23.639Z,sell,0.00010244,1987.0,0.20354828
MDA/BTC,1528039236395,2018-06-03T15:20:36.395Z,buy,0.00010252,97.0,0.00994444
MDA/BTC,1528039443549,2018-06-03T15:24:03.549Z,sell,0.00010203,12.0,0.0012243599999999
MDA/BTC,1528039454129,2018-06-03T15:24:14.129Z,buy,0.00010203,317.0,0.03234351
MDA/BTC,1528039458980,2018-06-03T15:24:18.980Z,buy,0.00010231,112.0,0.01145872
MDA/BTC,1528039465781,2018-06-03T15:24:25.781Z,sell,0.00010203,1.0,0.00010203
MDA/BTC,1528039536024,2018-06-03T15:25:36.024Z,buy,0.00010212,253.0,0.02583636
MDA/BTC,1528039536026,2018-06-03T15:25:36.026Z,buy,0.00010212,3.0,0.00030636
MDA/BTC,1528039536030,2018-06-03T15:25:36.030Z,sell,0.00010212,1922.0,0.19627464
MDA/BTC,1528039536031,2018-06-03T15:25:36.031Z,sell,0.00010212,4276.0,0.43666512
MDA/BTC,1528039628211,2018-06-03T15:27:08.211Z,buy,0.0001021,220.0,0.022462
MDA/BTC,1528039628216,2018-06-03T15:27:08.216Z,buy,0.0001021,1568.0,0.1600928
MDA/BTC,1528039628361,2018-06-03T15:27:08.361Z,buy,0.0001021,2681.0,0.2737301
MDA/BTC,1528039628370,2018-06-03T15:27:08.370Z,sell,0.0001021,689.0,0.0703469
MDA/BTC,1528039695175,2018-06-03T15:28:15.175Z,buy,0.0001025,19.0,0.0019475
MDA/BTC,1528039755334,2018-06-03T15:29:15.334Z,buy,0.00010244,340.0,0.0348296
MDA/BTC,1528039755336,2018-06-03T15:29:15.336Z,sell,0.00010244,2122.0,0.21737768
MDA/BTC,1528039755338,2018-06-03T15:29:15.338Z,buy,0.00010244,1646.0,0.16861624
MDA/BTC,1528039755339,2018-06-03T15:29:15.339Z,sell,0.00010244,1177.0,0.12057188
MDA/BTC,1528039755339,2018-06-03T15:29:15.339Z,buy,0.00010244,1434.0,0.14689896
MDA/BTC,1528039765141,2018-06-03T15:29:25.141Z,sell,0.00010244,236.0,0.02417584
MDA/BTC,1528039836477,2018-06-03T15:30:36.477Z,buy,0.00010248,13.0,0.00133224
MDA/BTC,1528039836477,2018-06-03T15:30:36.477Z,buy,0.0001026,70.0,0.007182
MDA/BTC,1528039836477,2018-06-03T15:30:36.477Z,buy,0.00010269,130.0,0.0133496999999999
MDA/BTC,1528039836477,2018-06-03T15:30:36.477Z,buy,0.00010272,130.0,0.0133536
MDA/BTC,1528039836477,2018-06-03T15:30:36.477Z,buy,0.00010284,130.0,0.0133692
MDA/BTC,1528039836477,2018-06-03T15:30:36.477Z,buy,0.00010289,12.0,0.00123468
MDA/BTC,1528039836477,2018-06-03T15:30:36.477Z,buy,0.00010299,19.0,0.00195681
MDA/BTC,1528039836477,2018-06-03T15:30:36.477Z,buy,0.000103,34.0,0.003502
MDA/BTC,1528039994123,2018-06-03T15:33:14.123Z,buy,0.00010259,16.0,0.00164144
MDA/BTC,1528040005071,2018-06-03T15:33:25.071Z,sell,0.0001027,14.0,0.0014378
MDA/BTC,1528040007325,2018-06-03T15:33:27.325Z,sell,0.0001027,97.0,0.0099619
MDA/BTC,1528040022154,2018-06-03T15:33:42.154Z,sell,0.0001027,17.0,0.0017459
MDA/BTC,1528040027374,2018-06-03T15:33:47.374Z,buy,0.00010306,29.0,0.00298874
MDA/BTC,1528040033223,2018-06-03T15:33:53.223Z,sell,0.0001027,11.0,0.0011297
MDA/BTC,1528040043620,2018-06-03T15:34:03.620Z,sell,0.0001027,14.0,0.0014378
MDA/BTC,1528040061394,2018-06-03T15:34:21.394Z,sell,0.00010298,178.0,0.01833044
MDA/BTC,1528040061401,2018-06-03T15:34:21.401Z,sell,0.00010298,35.0,0.0036043
MDA/BTC,1528040061412,2018-06-03T15:34:21.412Z,sell,0.00010298,951.0,0.09793398
MDA/BTC,1528040061412,2018-06-03T15:34:21.412Z,sell,0.00010298,1677.0,0.17269746
MDA/BTC,1528040061425,2018-06-03T15:34:21.425Z,buy,0.00010298,1291.0,0.13294718
MDA/BTC,1528040061576,2018-06-03T15:34:21.576Z,buy,0.00010298,371.0,0.03820558
MDA/BTC,1528040101263,2018-06-03T15:35:01.263Z,sell,0.0001026,9.0,0.0009234
MDA/BTC,1528040103007,2018-06-03T15:35:03.007Z,sell,0.00010259,9.0,0.00092331
MDA/BTC,1528040211448,2018-06-03T15:36:51.448Z,buy,0.00010287,11.0,0.00113157
MDA/BTC,1528040211448,2018-06-03T15:36:51.448Z,buy,0.0001029,80.0,0.008232
MDA/BTC,1528040211448,2018-06-03T15:36:51.448Z,buy,0.00010292,6.0,0.00061752
MDA/BTC,1528040338244,2018-06-03T15:38:58.244Z,sell,0.00010272,18.0,0.00184896
MDA/BTC,1528040343803,2018-06-03T15:39:03.803Z,buy,0.00010271,94.0,0.00965474
MDA/BTC,1528040343803,2018-06-03T15:39:03.803Z,buy,0.00010296,3.0,0.00030888
MDA/BTC,1528040440610,2018-06-03T15:40:40.610Z,buy,0.00010295,13.0,0.0013383499999999
MDA/BTC,1528040440610,2018-06-03T15:40:40.610Z,buy,0.00010296,1.0,0.00010296
MDA/BTC,1528040482266,2018-06-03T15:41:22.266Z,buy,0.00010295,15.0,0.0015442499999999
MDA/BTC,1528040482266,2018-06-03T15:41:22.266Z,buy,0.00010296,29.0,0.00298584
MDA/BTC,1528040727343,2018-06-03T15:45:27.343Z,buy,0.00010293,12.0,0.00123516
MDA/BTC,1528041071704,2018-06-03T15:51:11.704Z,buy,0.00010278,344.0,0.03535632
MDA/BTC,1528041071708,2018-06-03T15:51:11.708Z,buy,0.00010278,486.0,0.04995108
MDA/BTC,1528041071863,2018-06-03T15:51:11.863Z,buy,0.00010278,3554.0,0.36528012
MDA/BTC,1528041071866,2018-06-03T15:51:11.866Z,sell,0.00010278,867.0,0.08911026
MDA/BTC,1528041162264,2018-06-03T15:52:42.264Z,buy,0.00010295,1.0,0.00010295
MDA/BTC,1528041254150,2018-06-03T15:54:14.150Z,buy,0.00010277,544.0,0.05590688
MDA/BTC,1528041254155,2018-06-03T15:54:14.155Z,sell,0.00010277,3437.0,0.35322049
MDA/BTC,1528041254156,2018-06-03T15:54:14.156Z,buy,0.00010277,3064.0,0.31488728
MDA/BTC,1528041254157,2018-06-03T15:54:14.157Z,sell,0.00010277,136.0,0.01397672
MDA/BTC,1528041254323,2018-06-03T15:54:14.323Z,buy,0.00010277,968.0,0.0994813599999999
MDA/BTC,1528041296496,2018-06-03T15:54:56.496Z,buy,0.00010294,15.0,0.0015441
MDA/BTC,1528041296496,2018-06-03T15:54:56.496Z,buy,0.00010295,38.0,0.0039121
MDA/BTC,1528041296496,2018-06-03T15:54:56.496Z,buy,0.00010297,19.0,0.00195643
MDA/BTC,1528041296496,2018-06-03T15:54:56.496Z,buy,0.00010313,25.0,0.00257825
MDA/BTC,1528041392079,2018-06-03T15:56:32.079Z,buy,0.00010316,38.0,0.0039200799999999
MDA/BTC,1528041403746,2018-06-03T15:56:43.746Z,buy,0.00010315,12.0,0.0012378
MDA/BTC,1528041403746,2018-06-03T15:56:43.746Z,buy,0.00010316,18.0,0.00185688
MDA/BTC,1528041403746,2018-06-03T15:56:43.746Z,buy,0.00010322,66.0,0.00681252
MDA/BTC,1528041423315,2018-06-03T15:57:03.315Z,sell,0.00010284,11.0,0.00113124
MDA/BTC,1528041496761,2018-06-03T15:58:16.761Z,buy,0.00010308,11.0,0.0011338799999999
MDA/BTC,1528041496761,2018-06-03T15:58:16.761Z,buy,0.00010309,14.0,0.00144326
MDA/BTC,1528041496761,2018-06-03T15:58:16.761Z,buy,0.00010322,55.0,0.0056771
MDA/BTC,1528041496761,2018-06-03T15:58:16.761Z,buy,0.00010323,17.0,0.00175491
MDA/BTC,1528041504025,2018-06-03T15:58:24.025Z,sell,0.00010277,349.0,0.03586673
MDA/BTC,1528041504025,2018-06-03T15:58:24.025Z,sell,0.00010277,349.0,0.03586673
MDA/BTC,1528041578159,2018-06-03T15:59:38.159Z,buy,0.0001031,349.0,0.0359819
MDA/BTC,1528041623582,2018-06-03T16:00:23.582Z,sell,0.00010304,77.0,0.00793408
MDA/BTC,1528041628817,2018-06-03T16:00:28.817Z,sell,0.00010305,12.0,0.0012366
MDA/BTC,1528041663617,2018-06-03T16:01:03.617Z,sell,0.00010304,5.0,0.0005152
MDA/BTC,1528041663617,2018-06-03T16:01:03.617Z,sell,0.00010279,28.0,0.00287812
MDA/BTC,1528041899998,2018-06-03T16:04:59.998Z,buy,0.00010316,40.0,0.0041264
MDA/BTC,1528041899998,2018-06-03T16:04:59.998Z,buy,0.00010323,49.0,0.00505827
MDA/BTC,1528041899998,2018-06-03T16:04:59.998Z,buy,0.0001033,7.0,0.0007231
MDA/BTC,1528042074903,2018-06-03T16:07:54.903Z,sell,0.00010299,30.0,0.0030897
MDA/BTC,1528042074903,2018-06-03T16:07:54.903Z,sell,0.00010285,58.0,0.0059653
MDA/BTC,1528042097816,2018-06-03T16:08:17.816Z,buy,0.00010328,19.0,0.00196232
MDA/BTC,1528042097816,2018-06-03T16:08:17.816Z,buy,0.0001033,77.0,0.0079541
MDA/BTC,1528042228467,2018-06-03T16:10:28.467Z,sell,0.00010297,55.0,0.00566335
MDA/BTC,1528042301901,2018-06-03T16:11:41.901Z,buy,0.00010328,16.0,0.00165248
MDA/BTC,1528042301901,2018-06-03T16:11:41.901Z,buy,0.00010329,80.0,0.0082632
MDA/BTC,1528042339453,2018-06-03T16:12:19.453Z,buy,0.00010309,718.0,0.07401862
MDA/BTC,1528042339455,2018-06-03T16:12:19.455Z,buy,0.00010309,5530.0,0.5700877
MDA/BTC,1528042339628,2018-06-03T16:12:19.628Z,buy,0.00010309,554.0,0.05711186
MDA/BTC,1528042386396,2018-06-03T16:13:06.396Z,buy,0.00010322,96.0,0.00990912
MDA/BTC,1528042448681,2018-06-03T16:14:08.681Z,buy,0.00010321,1.0,0.00010321
MDA/BTC,1528042470036,2018-06-03T16:14:30.036Z,sell,0.00010294,972.0,0.10005768
MDA/BTC,1528042470041,2018-06-03T16:14:30.041Z,buy,0.00010294,3573.0,0.36780462
MDA/BTC,1528042470153,2018-06-03T16:14:30.153Z,sell,0.00010294,73.0,0.00751462
MDA/BTC,1528042470195,2018-06-03T16:14:30.195Z,sell,0.00010294,2565.0,0.2640411
MDA/BTC,1528042488942,2018-06-03T16:14:48.942Z,sell,0.00010293,16.0,0.00164688
MDA/BTC,1528042488942,2018-06-03T16:14:48.942Z,sell,0.00010291,22.0,0.00226402
MDA/BTC,1528042488942,2018-06-03T16:14:48.942Z,sell,0.00010289,60.0,0.0061734
MDA/BTC,1528042505851,2018-06-03T16:15:05.851Z,buy,0.00010296,1.0,0.00010296
MDA/BTC,1528042538220,2018-06-03T16:15:38.220Z,sell,0.00010291,39.0,0.00401349
MDA/BTC,1528042615474,2018-06-03T16:16:55.474Z,sell,0.00010277,11.0,0.00113047
MDA/BTC,1528042616033,2018-06-03T16:16:56.033Z,buy,0.0001029,1.0,0.0001029
MDA/BTC,1528042618173,2018-06-03T16:16:58.173Z,sell,0.00010277,2.0,0.00020554
MDA/BTC,1528042652782,2018-06-03T16:17:32.782Z,buy,0.00010289,15.0,0.00154335
MDA/BTC,1528042653323,2018-06-03T16:17:33.323Z,sell,0.00010289,88.0,0.00905432
MDA/BTC,1528042677301,2018-06-03T16:17:57.301Z,sell,0.00010271,44.0,0.00451924
MDA/BTC,1528042680118,2018-06-03T16:18:00.118Z,buy,0.00010289,12.0,0.00123468
MDA/BTC,1528042680118,2018-06-03T16:18:00.118Z,buy,0.0001029,85.0,0.0087464999999999
MDA/BTC,1528042682336,2018-06-03T16:18:02.336Z,buy,0.0001029,101.0,0.0103929
MDA/BTC,1528042683329,2018-06-03T16:18:03.329Z,sell,0.0001029,818.0,0.0841721999999999
MDA/BTC,1528042685259,2018-06-03T16:18:05.259Z,sell,0.0001029,133.0,0.0136856999999999
MDA/BTC,1528042712285,2018-06-03T16:18:32.285Z,buy,0.0001029,2.0,0.0002058
MDA/BTC,1528042917624,2018-06-03T16:21:57.624Z,sell,0.00010265,25.0,0.00256625
MDA/BTC,1528042924584,2018-06-03T16:22:04.584Z,buy,0.0001029,15.0,0.0015435
MDA/BTC,1528042924584,2018-06-03T16:22:04.584Z,buy,0.00010291,1532.0,0.15765812
MDA/BTC,1528042940824,2018-06-03T16:22:20.824Z,buy,0.00010294,1.0,0.00010294
MDA/BTC,1528042956076,2018-06-03T16:22:36.076Z,sell,0.00010292,11.0,0.00113212
MDA/BTC,1528042956302,2018-06-03T16:22:36.302Z,buy,0.00010292,26.0,0.00267592
MDA/BTC,1528042985716,2018-06-03T16:23:05.716Z,buy,0.00010295,97.0,0.00998615
MDA/BTC,1528043039339,2018-06-03T16:23:59.339Z,sell,0.00010293,4.0,0.00041172
MDA/BTC,1528043046457,2018-06-03T16:24:06.457Z,sell,0.00010293,4.0,0.00041172
MDA/BTC,1528043077117,2018-06-03T16:24:37.117Z,buy,0.00010295,42.0,0.0043238999999999
MDA/BTC,1528043077117,2018-06-03T16:24:37.117Z,buy,0.00010296,293.0,0.03016728
MDA/BTC,1528043077117,2018-06-03T16:24:37.117Z,buy,0.00010325,130.0,0.0134225
MDA/BTC,1528043077117,2018-06-03T16:24:37.117Z,buy,0.0001033,81.0,0.0083673
MDA/BTC,1528043106471,2018-06-03T16:25:06.471Z,sell,0.00010298,4.0,0.00041192
MDA/BTC,1528043195406,2018-06-03T16:26:35.406Z,buy,0.00010306,1224.0,0.12614544
MDA/BTC,1528043195410,2018-06-03T16:26:35.410Z,sell,0.00010306,301.0,0.03102106
MDA/BTC,1528043195558,2018-06-03T16:26:35.558Z,buy,0.00010306,2973.0,0.30639738
MDA/BTC,1528043195571,2018-06-03T16:26:35.571Z,buy,0.00010306,2715.0,0.2798079
MDA/BTC,1528043197468,2018-06-03T16:26:37.468Z,buy,0.00010311,12.0,0.0012373199999999
MDA/BTC,1528043302831,2018-06-03T16:28:22.831Z,buy,0.00010336,24.0,0.00248064
MDA/BTC,1528043302831,2018-06-03T16:28:22.831Z,buy,0.00010337,25.0,0.0025842499999999
MDA/BTC,1528043326066,2018-06-03T16:28:46.066Z,buy,0.00010334,10.0,0.0010333999999999
MDA/BTC,1528043341284,2018-06-03T16:29:01.284Z,buy,0.00010337,96.0,0.00992352
MDA/BTC,1528043403446,2018-06-03T16:30:03.446Z,buy,0.00010335,18.0,0.0018603
MDA/BTC,1528043403446,2018-06-03T16:30:03.446Z,buy,0.00010337,78.0,0.00806286
MDA/BTC,1528043408693,2018-06-03T16:30:08.693Z,buy,0.00010336,14.0,0.00144704
MDA/BTC,1528043408693,2018-06-03T16:30:08.693Z,buy,0.00010341,14.0,0.00144774
MDA/BTC,1528043408693,2018-06-03T16:30:08.693Z,buy,0.00010348,40.0,0.0041392
MDA/BTC,1528043408693,2018-06-03T16:30:08.693Z,buy,0.00010356,28.0,0.00289968
MDA/BTC,1528043417991,2018-06-03T16:30:17.991Z,buy,0.00010352,96.0,0.00993792
MDA/BTC,1528043435258,2018-06-03T16:30:35.258Z,sell,0.00010313,33.0,0.00340329
MDA/BTC,1528043455015,2018-06-03T16:30:55.015Z,sell,0.00010314,96.0,0.00990144
MDA/BTC,1528043455406,2018-06-03T16:30:55.406Z,buy,0.00010314,781.0,0.08055234
MDA/BTC,1528043456278,2018-06-03T16:30:56.278Z,sell,0.00010313,19.0,0.00195947
MDA/BTC,1528043523773,2018-06-03T16:32:03.773Z,buy,0.00010332,14.0,0.00144648
MDA/BTC,1528043523773,2018-06-03T16:32:03.773Z,buy,0.00010335,82.0,0.0084747
MDA/BTC,1528043620922,2018-06-03T16:33:40.922Z,buy,0.00010325,33.0,0.00340725
MDA/BTC,1528043620922,2018-06-03T16:33:40.922Z,buy,0.00010326,12.0,0.00123912
MDA/BTC,1528043620922,2018-06-03T16:33:40.922Z,buy,0.00010332,14.0,0.00144648
MDA/BTC,1528043620922,2018-06-03T16:33:40.922Z,buy,0.00010335,37.0,0.00382395
MDA/BTC,1528043672483,2018-06-03T16:34:32.483Z,buy,0.00010338,1.0,0.00010338
MDA/BTC,1528043802401,2018-06-03T16:36:42.401Z,buy,0.00010336,16.0,0.00165376
MDA/BTC,1528043802401,2018-06-03T16:36:42.401Z,buy,0.00010337,80.0,0.0082696
MDA/BTC,1528043821973,2018-06-03T16:37:01.973Z,buy,0.00010336,13.0,0.00134368
MDA/BTC,1528043821973,2018-06-03T16:37:01.973Z,buy,0.00010337,32.0,0.00330784
MDA/BTC,1528043821973,2018-06-03T16:37:01.973Z,buy,0.00010343,65.0,0.00672295
MDA/BTC,1528043821973,2018-06-03T16:37:01.973Z,buy,0.00010365,130.0,0.0134745
MDA/BTC,1528043821973,2018-06-03T16:37:01.973Z,buy,0.00010377,25.0,0.00259425
MDA/BTC,1528043821973,2018-06-03T16:37:01.973Z,buy,0.00010379,5.0,0.00051895
MDA/BTC,1528043836213,2018-06-03T16:37:16.213Z,sell,0.00010316,39.0,0.00402324
MDA/BTC,1528043836213,2018-06-03T16:37:16.213Z,sell,0.00010316,132.0,0.01361712
MDA/BTC,1528043836337,2018-06-03T16:37:16.337Z,sell,0.00010316,19.0,0.0019600399999999
MDA/BTC,1528043836565,2018-06-03T16:37:16.565Z,sell,0.00010316,39.0,0.00402324
MDA/BTC,1528044093838,2018-06-03T16:41:33.838Z,buy,0.0001036,96.0,0.0099455999999999
MDA/BTC,1528044355639,2018-06-03T16:45:55.639Z,sell,0.00010324,130.0,0.0134212
MDA/BTC,1528044374974,2018-06-03T16:46:14.974Z,buy,0.00010345,96.0,0.0099312
MDA/BTC,1528044407707,2018-06-03T16:46:47.707Z,sell,0.00010313,13.0,0.0013406899999999
MDA/BTC,1528044407707,2018-06-03T16:46:47.707Z,sell,0.00010302,176.0,0.0181315199999999
MDA/BTC,1528044473352,2018-06-03T16:47:53.352Z,buy,0.00010342,14.0,0.00144788
MDA/BTC,1528044473352,2018-06-03T16:47:53.352Z,buy,0.0001036,49.0,0.0050764
MDA/BTC,1528044473352,2018-06-03T16:47:53.352Z,buy,0.00010366,33.0,0.00342078
MDA/BTC,1528044501125,2018-06-03T16:48:21.125Z,sell,0.00010329,50.0,0.0051645
MDA/BTC,1528044508554,2018-06-03T16:48:28.554Z,sell,0.00010331,78.0,0.00805818
MDA/BTC,1528044579839,2018-06-03T16:49:39.839Z,sell,0.00010335,11.0,0.00113685
MDA/BTC,1528044589109,2018-06-03T16:49:49.109Z,sell,0.00010316,18.0,0.00185688
MDA/BTC,1528044589109,2018-06-03T16:49:49.109Z,sell,0.00010315,130.0,0.0134095
MDA/BTC,1528044589109,2018-06-03T16:49:49.109Z,sell,0.00010306,38.0,0.00391628
MDA/BTC,1528044589109,2018-06-03T16:49:49.109Z,sell,0.00010301,286.0,0.02946086
MDA/BTC,1528044589109,2018-06-03T16:49:49.109Z,sell,0.00010291,74.0,0.00761534
MDA/BTC,1528044625012,2018-06-03T16:50:25.012Z,buy,0.00010309,1.0,0.00010309
MDA/BTC,1528044625951,2018-06-03T16:50:25.951Z,sell,0.00010303,3.0,0.00030909
MDA/BTC,1528044636571,2018-06-03T16:50:36.571Z,sell,0.00010303,1.0,0.00010303
MDA/BTC,1528044665270,2018-06-03T16:51:05.270Z,sell,0.00010303,15.0,0.0015454499999999
MDA/BTC,1528044704345,2018-06-03T16:51:44.345Z,buy,0.00010301,127.0,0.01308227
MDA/BTC,1528044792337,2018-06-03T16:53:12.337Z,sell,0.0001031,317.0,0.0326827
MDA/BTC,1528044792377,2018-06-03T16:53:12.377Z,buy,0.0001031,1686.0,0.1738266
MDA/BTC,1528044792392,2018-06-03T16:53:12.392Z,buy,0.0001031,6252.0,0.6445812
MDA/BTC,1528044879587,2018-06-03T16:54:39.587Z,buy,0.00010316,56.0,0.0057769599999999
MDA/BTC,1528044879587,2018-06-03T16:54:39.587Z,buy,0.0001033,176.0,0.0181808
MDA/BTC,1528044879587,2018-06-03T16:54:39.587Z,buy,0.00010331,1997.0,0.2063100699999999
MDA/BTC,1528044883133,2018-06-03T16:54:43.133Z,sell,0.00010331,173.0,0.01787263
MDA/BTC,1528044929186,2018-06-03T16:55:29.186Z,sell,0.00010325,130.0,0.0134225
MDA/BTC,1528044942524,2018-06-03T16:55:42.524Z,sell,0.00010357,376.0,0.03894232
MDA/BTC,1528044942667,2018-06-03T16:55:42.667Z,buy,0.00010357,1000.0,0.10357
MDA/BTC,1528044942679,2018-06-03T16:55:42.679Z,buy,0.00010357,3798.0,0.39335886
MDA/BTC,1528044948155,2018-06-03T16:55:48.155Z,sell,0.00010329,35.0,0.0036151499999999
MDA/BTC,1528044954694,2018-06-03T16:55:54.694Z,buy,0.00010355,14.0,0.0014497
MDA/BTC,1528044954694,2018-06-03T16:55:54.694Z,buy,0.00010356,82.0,0.00849192
MDA/BTC,1528044976909,2018-06-03T16:56:16.909Z,buy,0.0001035,36.0,0.0037259999999999
MDA/BTC,1528044976909,2018-06-03T16:56:16.909Z,buy,0.00010356,100.0,0.010356
MDA/BTC,1528044976909,2018-06-03T16:56:16.909Z,buy,0.00010357,2563.0,0.26544991
MDA/BTC,1528044977654,2018-06-03T16:56:17.654Z,sell,0.00010357,48.0,0.00497136
MDA/BTC,1528044981681,2018-06-03T16:56:21.681Z,sell,0.00010357,110.0,0.0113927
MDA/BTC,1528044985407,2018-06-03T16:56:25.407Z,buy,0.00010359,2162.0,0.22396158
MDA/BTC,1528044985415,2018-06-03T16:56:25.415Z,buy,0.00010359,413.0,0.04278267
MDA/BTC,1528044985420,2018-06-03T16:56:25.420Z,buy,0.00010359,2801.0,0.29015559
MDA/BTC,1528045024057,2018-06-03T16:57:04.057Z,buy,0.0001036,47.0,0.0048692
MDA/BTC,1528045044704,2018-06-03T16:57:24.704Z,buy,0.00010366,13.0,0.00134758
MDA/BTC,1528045044704,2018-06-03T16:57:24.704Z,buy,0.00010367,48.0,0.00497616
MDA/BTC,1528045044704,2018-06-03T16:57:24.704Z,buy,0.00010379,108.0,0.01120932
MDA/BTC,1528045044704,2018-06-03T16:57:24.704Z,buy,0.00010383,10.0,0.0010383
MDA/BTC,1528045044704,2018-06-03T16:57:24.704Z,buy,0.00010384,143.0,0.0148491199999999
MDA/BTC,1528045044704,2018-06-03T16:57:24.704Z,buy,0.00010387,130.0,0.0135031
MDA/BTC,1528045044704,2018-06-03T16:57:24.704Z,buy,0.00010388,1345.0,0.1397186
MDA/BTC,1528045044738,2018-06-03T16:57:24.738Z,sell,0.00010388,884.0,0.09182992
MDA/BTC,1528045044791,2018-06-03T16:57:24.791Z,buy,0.00010389,15.0,0.00155835
MDA/BTC,1528045044791,2018-06-03T16:57:24.791Z,buy,0.0001039,219.0,0.0227541
MDA/BTC,1528045044791,2018-06-03T16:57:24.791Z,buy,0.00010394,32.0,0.00332608
MDA/BTC,1528045045446,2018-06-03T16:57:25.446Z,buy,0.00010394,108.0,0.01122552
MDA/BTC,1528045045446,2018-06-03T16:57:25.446Z,buy,0.00010399,81.0,0.00842319
MDA/BTC,1528045082057,2018-06-03T16:58:02.057Z,buy,0.0001039,10.0,0.001039
MDA/BTC,1528045085588,2018-06-03T16:58:05.588Z,buy,0.0001039,10.0,0.001039
MDA/BTC,1528045086241,2018-06-03T16:58:06.241Z,buy,0.0001039,20.0,0.002078
MDA/BTC,1528045089799,2018-06-03T16:58:09.799Z,buy,0.0001039,12.0,0.0012468
MDA/BTC,1528045089817,2018-06-03T16:58:09.817Z,buy,0.0001039,12.0,0.0012468
MDA/BTC,1528045089829,2018-06-03T16:58:09.829Z,buy,0.0001039,12.0,0.0012468
MDA/BTC,1528045089829,2018-06-03T16:58:09.829Z,buy,0.0001039,12.0,0.0012468
MDA/BTC,1528045151756,2018-06-03T16:59:11.756Z,sell,0.00010378,6609.0,0.68588202
MDA/BTC,1528045151866,2018-06-03T16:59:11.866Z,sell,0.00010378,348.0,0.03611544
MDA/BTC,1528045151924,2018-06-03T16:59:11.924Z,sell,0.00010378,1568.0,0.16272704
MDA/BTC,1528045151924,2018-06-03T16:59:11.924Z,buy,0.00010378,142.0,0.01473676
MDA/BTC,1528045211922,2018-06-03T17:00:11.922Z,sell,0.00010376,15.0,0.0015563999999999
MDA/BTC,1528045217686,2018-06-03T17:00:17.686Z,sell,0.00010375,10.0,0.0010375
MDA/BTC,1528045220504,2018-06-03T17:00:20.504Z,sell,0.00010349,10.0,0.0010349
MDA/BTC,1528045224809,2018-06-03T17:00:24.809Z,sell,0.00010341,22.0,0.00227502
MDA/BTC,1528045227290,2018-06-03T17:00:27.290Z,buy,0.00010376,18.0,0.00186768
MDA/BTC,1528045227290,2018-06-03T17:00:27.290Z,buy,0.00010377,18.0,0.00186786
MDA/BTC,1528045233052,2018-06-03T17:00:33.052Z,sell,0.00010344,18.0,0.00186192
MDA/BTC,1528045233052,2018-06-03T17:00:33.052Z,sell,0.00010343,12.0,0.00124116
MDA/BTC,1528045297869,2018-06-03T17:01:37.869Z,sell,0.00010356,1.0,0.00010356
MDA/BTC,1528045297970,2018-06-03T17:01:37.970Z,sell,0.00010356,1.0,0.00010356
MDA/BTC,1528045298204,2018-06-03T17:01:38.204Z,sell,0.00010356,10.0,0.0010356
MDA/BTC,1528045298204,2018-06-03T17:01:38.204Z,sell,0.00010334,3.0,0.00031002
MDA/BTC,1528045298208,2018-06-03T17:01:38.208Z,sell,0.00010334,1.0,0.00010334
MDA/BTC,1528045298589,2018-06-03T17:01:38.589Z,sell,0.00010334,13.0,0.00134342
MDA/BTC,1528045298949,2018-06-03T17:01:38.949Z,sell,0.00010334,13.0,0.00134342
MDA/BTC,1528045299051,2018-06-03T17:01:39.051Z,sell,0.00010334,13.0,0.00134342
MDA/BTC,1528045299233,2018-06-03T17:01:39.233Z,sell,0.00010334,12.0,0.00124008
MDA/BTC,1528045299291,2018-06-03T17:01:39.291Z,sell,0.00010334,16.0,0.00165344
MDA/BTC,1528045299589,2018-06-03T17:01:39.589Z,sell,0.00010334,13.0,0.00134342
MDA/BTC,1528045299608,2018-06-03T17:01:39.608Z,sell,0.00010334,12.0,0.00124008
MDA/BTC,1528045299682,2018-06-03T17:01:39.682Z,sell,0.00010334,17.0,0.0017567799999999
MDA/BTC,1528045299761,2018-06-03T17:01:39.761Z,sell,0.00010334,16.0,0.00165344
MDA/BTC,1528045299935,2018-06-03T17:01:39.935Z,sell,0.00010335,16.0,0.0016536
MDA/BTC,1528045299941,2018-06-03T17:01:39.941Z,sell,0.00010335,17.0,0.00175695
MDA/BTC,1528045300811,2018-06-03T17:01:40.811Z,sell,0.00010334,16.0,0.00165344
MDA/BTC,1528045300904,2018-06-03T17:01:40.904Z,sell,0.00010334,17.0,0.0017567799999999
MDA/BTC,1528045300909,2018-06-03T17:01:40.909Z,sell,0.00010334,16.0,0.00165344
MDA/BTC,1528045300926,2018-06-03T17:01:40.926Z,sell,0.00010334,10.0,0.0010333999999999
MDA/BTC,1528045300926,2018-06-03T17:01:40.926Z,sell,0.00010332,4.0,0.00041328
MDA/BTC,1528045301032,2018-06-03T17:01:41.032Z,sell,0.00010332,2.0,0.00020664
MDA/BTC,1528045301065,2018-06-03T17:01:41.065Z,sell,0.00010332,17.0,0.00175644
MDA/BTC,1528045301748,2018-06-03T17:01:41.748Z,sell,0.00010332,16.0,0.00165312
MDA/BTC,1528045304129,2018-06-03T17:01:44.129Z,sell,0.00010348,39.0,0.00403572
MDA/BTC,1528045313587,2018-06-03T17:01:53.587Z,buy,0.00010375,19.0,0.00197125
MDA/BTC,1528045313587,2018-06-03T17:01:53.587Z,buy,0.00010376,33.0,0.00342408
MDA/BTC,1528045313587,2018-06-03T17:01:53.587Z,buy,0.00010378,76.0,0.00788728
MDA/BTC,1528045313587,2018-06-03T17:01:53.587Z,buy,0.00010389,10.0,0.0010389
MDA/BTC,1528045313587,2018-06-03T17:01:53.587Z,buy,0.0001039,90.0,0.009351
MDA/BTC,1528045313587,2018-06-03T17:01:53.587Z,buy,0.00010395,104.0,0.0108108
MDA/BTC,1528045313587,2018-06-03T17:01:53.587Z,buy,0.00010399,62.0,0.00644738
MDA/BTC,1528045316463,2018-06-03T17:01:56.463Z,buy,0.00010398,19.0,0.00197562
MDA/BTC,1528045316463,2018-06-03T17:01:56.463Z,buy,0.00010399,52.0,0.00540748
MDA/BTC,1528045316463,2018-06-03T17:01:56.463Z,buy,0.000104,181.0,0.018824
MDA/BTC,1528045316463,2018-06-03T17:01:56.463Z,buy,0.00010401,42.0,0.00436842
MDA/BTC,1528045319759,2018-06-03T17:01:59.759Z,buy,0.00010401,56.0,0.00582456
MDA/BTC,1528045319759,2018-06-03T17:01:59.759Z,buy,0.00010402,140.0,0.0145627999999999
MDA/BTC,1528045319759,2018-06-03T17:01:59.759Z,buy,0.00010403,14.0,0.00145642
MDA/BTC,1528045319759,2018-06-03T17:01:59.759Z,buy,0.00010415,10.0,0.0010414999999999
MDA/BTC,1528045324674,2018-06-03T17:02:04.674Z,sell,0.00010357,1.0,0.00010357
MDA/BTC,1528045325680,2018-06-03T17:02:05.680Z,buy,0.00010415,120.0,0.012498
MDA/BTC,1528045325680,2018-06-03T17:02:05.680Z,buy,0.0001042,123.0,0.0128166
MDA/BTC,1528045325680,2018-06-03T17:02:05.680Z,buy,0.00010422,10.0,0.0010422
MDA/BTC,1528045325680,2018-06-03T17:02:05.680Z,buy,0.00010435,10.0,0.0010435
MDA/BTC,1528045325680,2018-06-03T17:02:05.680Z,buy,0.00010437,130.0,0.0135681
MDA/BTC,1528045325680,2018-06-03T17:02:05.680Z,buy,0.0001044,73.0,0.0076212
MDA/BTC,1528045325680,2018-06-03T17:02:05.680Z,buy,0.00010441,188.0,0.01962908
MDA/BTC,1528045325680,2018-06-03T17:02:05.680Z,buy,0.00010452,7.0,0.00073164
MDA/BTC,1528045337476,2018-06-03T17:02:17.476Z,sell,0.00010375,52.0,0.005395
MDA/BTC,1528045338602,2018-06-03T17:02:18.602Z,sell,0.00010375,3.0,0.00031125
MDA/BTC,1528045338639,2018-06-03T17:02:18.639Z,sell,0.00010375,3.0,0.00031125
MDA/BTC,1528045342525,2018-06-03T17:02:22.525Z,sell,0.00010375,7.0,0.00072625
MDA/BTC,1528045398388,2018-06-03T17:03:18.388Z,sell,0.00010382,18.0,0.00186876
MDA/BTC,1528045398388,2018-06-03T17:03:18.388Z,sell,0.00010367,84.0,0.00870828
MDA/BTC,1528045398693,2018-06-03T17:03:18.693Z,sell,0.00010367,107.0,0.01109269
MDA/BTC,1528045398693,2018-06-03T17:03:18.693Z,sell,0.00010365,21.0,0.00217665
MDA/BTC,1528045440189,2018-06-03T17:04:00.189Z,buy,0.0001039,84.0,0.0087276
MDA/BTC,1528045476304,2018-06-03T17:04:36.304Z,buy,0.00010377,11.0,0.00114147
MDA/BTC,1528045476304,2018-06-03T17:04:36.304Z,buy,0.00010378,9.0,0.00093402
MDA/BTC,1528045486605,2018-06-03T17:04:46.605Z,sell,0.00010364,2.0,0.00020728
MDA/BTC,1528045486854,2018-06-03T17:04:46.854Z,sell,0.00010364,14.0,0.00145096
MDA/BTC,1528045486854,2018-06-03T17:04:46.854Z,sell,0.00010359,4.0,0.00041436
MDA/BTC,1528045486859,2018-06-03T17:04:46.859Z,sell,0.00010359,16.0,0.00165744
MDA/BTC,1528045486959,2018-06-03T17:04:46.959Z,sell,0.00010359,16.0,0.00165744
MDA/BTC,1528045486965,2018-06-03T17:04:46.965Z,sell,0.00010359,18.0,0.00186462
MDA/BTC,1528045487118,2018-06-03T17:04:47.118Z,sell,0.00010359,16.0,0.00165744
MDA/BTC,1528045487194,2018-06-03T17:04:47.194Z,sell,0.00010359,16.0,0.00165744
MDA/BTC,1528045487470,2018-06-03T17:04:47.470Z,sell,0.00010359,18.0,0.00186462
MDA/BTC,1528045488162,2018-06-03T17:04:48.162Z,sell,0.00010359,16.0,0.00165744
MDA/BTC,1528045488184,2018-06-03T17:04:48.184Z,sell,0.00010359,16.0,0.00165744
MDA/BTC,1528045488200,2018-06-03T17:04:48.200Z,sell,0.00010359,18.0,0.00186462
MDA/BTC,1528045488359,2018-06-03T17:04:48.359Z,sell,0.00010359,16.0,0.00165744
MDA/BTC,1528045488527,2018-06-03T17:04:48.527Z,sell,0.00010359,16.0,0.00165744
MDA/BTC,1528045489678,2018-06-03T17:04:49.678Z,sell,0.00010359,16.0,0.00165744
MDA/BTC,1528045490026,2018-06-03T17:04:50.026Z,sell,0.00010359,16.0,0.00165744
MDA/BTC,1528045490682,2018-06-03T17:04:50.682Z,sell,0.00010359,14.0,0.00145026
MDA/BTC,1528045490790,2018-06-03T17:04:50.790Z,sell,0.00010359,18.0,0.00186462
MDA/BTC,1528045542473,2018-06-03T17:05:42.473Z,sell,0.00010355,13.0,0.00134615
MDA/BTC,1528045552450,2018-06-03T17:05:52.450Z,sell,0.00010351,2.0,0.00020702
MDA/BTC,1528045552640,2018-06-03T17:05:52.640Z,buy,0.00010354,45.0,0.0046593
MDA/BTC,1528045552770,2018-06-03T17:05:52.770Z,sell,0.00010351,2.0,0.00020702
MDA/BTC,1528045552773,2018-06-03T17:05:52.773Z,sell,0.00010351,2.0,0.00020702
MDA/BTC,1528045553008,2018-06-03T17:05:53.008Z,sell,0.00010351,10.0,0.0010351
MDA/BTC,1528045553196,2018-06-03T17:05:53.196Z,sell,0.00010351,16.0,0.00165616
MDA/BTC,1528045553279,2018-06-03T17:05:53.279Z,sell,0.00010351,13.0,0.00134563
MDA/BTC,1528045553449,2018-06-03T17:05:53.449Z,sell,0.00010351,16.0,0.00165616
MDA/BTC,1528045553455,2018-06-03T17:05:53.455Z,sell,0.00010351,16.0,0.00165616
MDA/BTC,1528045553530,2018-06-03T17:05:53.530Z,sell,0.00010351,16.0,0.00165616
MDA/BTC,1528045553671,2018-06-03T17:05:53.671Z,sell,0.00010351,19.0,0.00196669
MDA/BTC,1528045553914,2018-06-03T17:05:53.914Z,sell,0.00010351,16.0,0.00165616
MDA/BTC,1528045602348,2018-06-03T17:06:42.348Z,sell,0.00010349,12.0,0.00124188
MDA/BTC,1528045666889,2018-06-03T17:07:46.889Z,sell,0.00010358,16.0,0.00165728
MDA/BTC,1528045683463,2018-06-03T17:08:03.463Z,buy,0.00010348,17.0,0.00175916
MDA/BTC,1528045693811,2018-06-03T17:08:13.811Z,buy,0.00010349,54.0,0.00558846
MDA/BTC,1528045864219,2018-06-03T17:11:04.219Z,sell,0.00010356,158.0,0.01636248
MDA/BTC,1528045865068,2018-06-03T17:11:05.068Z,sell,0.00010357,15.0,0.00155355
MDA/BTC,1528045865127,2018-06-03T17:11:05.127Z,sell,0.00010356,19.0,0.00196764
MDA/BTC,1528045905763,2018-06-03T17:11:45.763Z,sell,0.00010353,15.0,0.00155295
MDA/BTC,1528045910214,2018-06-03T17:11:50.214Z,sell,0.0001035,130.0,0.013455
MDA/BTC,1528045960778,2018-06-03T17:12:40.778Z,sell,0.00010327,98.0,0.01012046
MDA/BTC,1528046018685,2018-06-03T17:13:38.685Z,buy,0.00010347,18.0,0.00186246
MDA/BTC,1528046018685,2018-06-03T17:13:38.685Z,buy,0.00010348,78.0,0.00807144
MDA/BTC,1528046116385,2018-06-03T17:15:16.385Z,buy,0.00010345,12.0,0.0012414
MDA/BTC,1528046116385,2018-06-03T17:15:16.385Z,buy,0.00010346,84.0,0.00869064
MDA/BTC,1528046258972,2018-06-03T17:17:38.972Z,sell,0.00010325,91.0,0.00939575
MDA/BTC,1528046258972,2018-06-03T17:17:38.972Z,sell,0.00010323,7.0,0.00072261
MDA/BTC,1528046266417,2018-06-03T17:17:46.417Z,sell,0.00010324,11.0,0.0011356399999999
MDA/BTC,1528046266417,2018-06-03T17:17:46.417Z,sell,0.00010323,82.0,0.00846486
MDA/BTC,1528046266417,2018-06-03T17:17:46.417Z,sell,0.00010316,5.0,0.0005158
MDA/BTC,1528046268126,2018-06-03T17:17:48.126Z,sell,0.00010316,34.0,0.0035074399999999
MDA/BTC,1528046268126,2018-06-03T17:17:48.126Z,sell,0.00010301,260.0,0.0267826
MDA/BTC,1528046268126,2018-06-03T17:17:48.126Z,sell,0.000103,744.0,0.0766319999999999
MDA/BTC,1528046275427,2018-06-03T17:17:55.427Z,sell,0.00010302,98.0,0.01009596
MDA/BTC,1528046275808,2018-06-03T17:17:55.808Z,sell,0.00010303,15.0,0.0015454499999999
MDA/BTC,1528046275808,2018-06-03T17:17:55.808Z,sell,0.00010302,6.0,0.00061812
MDA/BTC,1528046275808,2018-06-03T17:17:55.808Z,sell,0.00010297,10.0,0.0010297
MDA/BTC,1528046275808,2018-06-03T17:17:55.808Z,sell,0.00010296,67.0,0.00689832
MDA/BTC,1528046275893,2018-06-03T17:17:55.893Z,sell,0.00010296,98.0,0.01009008
MDA/BTC,1528046317576,2018-06-03T17:18:37.576Z,sell,0.00010305,97.0,0.00999585
MDA/BTC,1528046317576,2018-06-03T17:18:37.576Z,sell,0.00010304,13.0,0.00133952
MDA/BTC,1528046317576,2018-06-03T17:18:37.576Z,sell,0.00010296,490.0,0.0504504
MDA/BTC,1528046501396,2018-06-03T17:21:41.396Z,sell,0.00010301,90.0,0.0092709
MDA/BTC,1528046501486,2018-06-03T17:21:41.486Z,buy,0.00010295,10.0,0.0010295
MDA/BTC,1528046834308,2018-06-03T17:27:14.308Z,sell,0.00010292,19.0,0.00195548
MDA/BTC,1528046834308,2018-06-03T17:27:14.308Z,sell,0.00010291,231.0,0.02377221
MDA/BTC,1528046854636,2018-06-03T17:27:34.636Z,sell,0.00010292,12.0,0.00123504
MDA/BTC,1528046854636,2018-06-03T17:27:34.636Z,sell,0.00010291,2010.0,0.2068491
MDA/BTC,1528047021163,2018-06-03T17:30:21.163Z,sell,0.00010294,14.0,0.00144116
MDA/BTC,1528047033150,2018-06-03T17:30:33.150Z,sell,0.00010292,256.0,0.02634752
MDA/BTC,1528047046890,2018-06-03T17:30:46.890Z,buy,0.00010316,1.0,0.00010316
MDA/BTC,1528047077286,2018-06-03T17:31:17.286Z,sell,0.00010292,35.0,0.0036022
MDA/BTC,1528047077286,2018-06-03T17:31:17.286Z,sell,0.00010291,58.0,0.00596878
MDA/BTC,1528047078043,2018-06-03T17:31:18.043Z,sell,0.00010291,93.0,0.00957063
MDA/BTC,1528047101004,2018-06-03T17:31:41.004Z,sell,0.00010292,93.0,0.00957156
MDA/BTC,1528047101392,2018-06-03T17:31:41.392Z,sell,0.00010292,93.0,0.00957156
MDA/BTC,1528047101768,2018-06-03T17:31:41.768Z,sell,0.00010292,93.0,0.00957156
MDA/BTC,1528047146206,2018-06-03T17:32:26.206Z,sell,0.00010294,15.0,0.0015441
MDA/BTC,1528047146206,2018-06-03T17:32:26.206Z,sell,0.00010292,31.0,0.00319052
MDA/BTC,1528047146206,2018-06-03T17:32:26.206Z,sell,0.00010291,1.0,0.00010291
MDA/BTC,1528047147178,2018-06-03T17:32:27.178Z,sell,0.00010291,47.0,0.00483677
MDA/BTC,1528047205699,2018-06-03T17:33:25.699Z,buy,0.00010295,97.0,0.00998615
MDA/BTC,1528047216311,2018-06-03T17:33:36.311Z,sell,0.00010294,47.0,0.00483818
MDA/BTC,1528047216971,2018-06-03T17:33:36.971Z,sell,0.00010294,47.0,0.00483818
MDA/BTC,1528047292666,2018-06-03T17:34:52.666Z,sell,0.00010298,19.0,0.00195662
MDA/BTC,1528047321259,2018-06-03T17:35:21.259Z,sell,0.00010298,13.0,0.00133874
MDA/BTC,1528047340608,2018-06-03T17:35:40.608Z,sell,0.00010298,19.0,0.00195662
MDA/BTC,1528047351520,2018-06-03T17:35:51.520Z,sell,0.00010299,291.0,0.02997009
MDA/BTC,1528047519308,2018-06-03T17:38:39.308Z,buy,0.000103,7.0,0.000721
MDA/BTC,1528047545030,2018-06-03T17:39:05.030Z,buy,0.00010299,1.0,0.00010299
MDA/BTC,1528047582741,2018-06-03T17:39:42.741Z,buy,0.00010297,14.0,0.00144158
MDA/BTC,1528047582741,2018-06-03T17:39:42.741Z,buy,0.00010298,106.0,0.01091588
MDA/BTC,1528047646290,2018-06-03T17:40:46.290Z,buy,0.00010297,12.0,0.00123564
MDA/BTC,1528047705182,2018-06-03T17:41:45.182Z,buy,0.00010298,278.0,0.02862844
MDA/BTC,1528047715254,2018-06-03T17:41:55.254Z,buy,0.000103,300.0,0.0309
MDA/BTC,1528047866010,2018-06-03T17:44:26.010Z,buy,0.00010321,12.0,0.00123852
MDA/BTC,1528047866010,2018-06-03T17:44:26.010Z,buy,0.00010322,84.0,0.00867048
MDA/BTC,1528048088837,2018-06-03T17:48:08.837Z,buy,0.00010319,11.0,0.00113509
MDA/BTC,1528048098357,2018-06-03T17:48:18.357Z,sell,0.00010319,134.0,0.01382746
MDA/BTC,1528048109121,2018-06-03T17:48:29.121Z,sell,0.00010319,121.0,0.01248599
MDA/BTC,1528048148327,2018-06-03T17:49:08.327Z,buy,0.00010321,18.0,0.0018577799999999
MDA/BTC,1528048165019,2018-06-03T17:49:25.019Z,sell,0.00010321,34.0,0.00350914
MDA/BTC,1528048171979,2018-06-03T17:49:31.979Z,buy,0.00010322,46.0,0.00474812
MDA/BTC,1528048171979,2018-06-03T17:49:31.979Z,buy,0.00010338,328.0,0.03390864
MDA/BTC,1528048221319,2018-06-03T17:50:21.319Z,buy,0.0001034,328.0,0.0339152
MDA/BTC,1528048224221,2018-06-03T17:50:24.221Z,buy,0.00010342,130.0,0.0134446
MDA/BTC,1528048230830,2018-06-03T17:50:30.830Z,sell,0.00010344,77.0,0.00796488
MDA/BTC,1528048231243,2018-06-03T17:50:31.243Z,sell,0.00010344,19.0,0.00196536
MDA/BTC,1528048231243,2018-06-03T17:50:31.243Z,sell,0.00010342,29.0,0.0029991799999999
MDA/BTC,1528048246346,2018-06-03T17:50:46.346Z,buy,0.0001038,20.0,0.002076
MDA/BTC,1528048256733,2018-06-03T17:50:56.733Z,buy,0.00010378,73.0,0.00757594
MDA/BTC,1528048264351,2018-06-03T17:51:04.351Z,buy,0.00010377,17.0,0.00176409
MDA/BTC,1528048264351,2018-06-03T17:51:04.351Z,buy,0.00010378,3.0,0.00031134
MDA/BTC,1528048264351,2018-06-03T17:51:04.351Z,buy,0.00010383,9.0,0.00093447
MDA/BTC,1528048460942,2018-06-03T17:54:20.942Z,sell,0.00010345,7.0,0.00072415
MDA/BTC,1528048462821,2018-06-03T17:54:22.821Z,sell,0.00010346,7.0,0.00072422
MDA/BTC,1528048662206,2018-06-03T17:57:42.206Z,buy,0.00010345,19.0,0.00196555
MDA/BTC,1528048662206,2018-06-03T17:57:42.206Z,buy,0.00010346,2.0,0.00020692
MDA/BTC,1528048662206,2018-06-03T17:57:42.206Z,buy,0.00010345,19.0,0.00196555
MDA/BTC,1528048662206,2018-06-03T17:57:42.206Z,buy,0.00010346,2.0,0.00020692
MDA/BTC,1528048690446,2018-06-03T17:58:10.446Z,buy,0.00010345,15.0,0.00155175
MDA/BTC,1528048690879,2018-06-03T17:58:10.879Z,sell,0.00010345,129.0,0.0133450499999999
MDA/BTC,1528048722027,2018-06-03T17:58:42.027Z,buy,0.00010344,11.0,0.00113784
MDA/BTC,1528048758330,2018-06-03T17:59:18.330Z,buy,0.00010345,29.0,0.0030000499999999
MDA/BTC,1528048933110,2018-06-03T18:02:13.110Z,buy,0.00010342,18.0,0.00186156
MDA/BTC,1528048937017,2018-06-03T18:02:17.017Z,buy,0.00010345,328.0,0.0339316
MDA/BTC,1528048937504,2018-06-03T18:02:17.504Z,buy,0.00010346,15.0,0.0015519
MDA/BTC,1528048967665,2018-06-03T18:02:47.665Z,buy,0.0001038,17.0,0.0017646
MDA/BTC,1528048967665,2018-06-03T18:02:47.665Z,buy,0.00010382,12.0,0.00124584
MDA/BTC,1528049001774,2018-06-03T18:03:21.774Z,sell,0.00010349,19.0,0.00196631
MDA/BTC,1528049001774,2018-06-03T18:03:21.774Z,sell,0.00010329,175.0,0.0180757499999999
MDA/BTC,1528049104820,2018-06-03T18:05:04.820Z,sell,0.00010345,11.0,0.00113795
MDA/BTC,1528049391172,2018-06-03T18:09:51.172Z,sell,0.00010325,12.0,0.001239
MDA/BTC,1528049392309,2018-06-03T18:09:52.309Z,sell,0.00010324,21.0,0.00216804
MDA/BTC,1528049417158,2018-06-03T18:10:17.158Z,sell,0.00010302,38.0,0.00391476
MDA/BTC,1528049417158,2018-06-03T18:10:17.158Z,sell,0.00010301,234.0,0.02410434
MDA/BTC,1528050166279,2018-06-03T18:22:46.279Z,sell,0.00010302,50.0,0.005151
MDA/BTC,1528050469695,2018-06-03T18:27:49.695Z,buy,0.00010314,11.0,0.00113454
MDA/BTC,1528050477411,2018-06-03T18:27:57.411Z,buy,0.00010315,77.0,0.00794255
MDA/BTC,1528050604007,2018-06-03T18:30:04.007Z,buy,0.00010314,4184.0,0.43153776
MDA/BTC,1528050604023,2018-06-03T18:30:04.023Z,buy,0.00010314,322.0,0.03321108
MDA/BTC,1528050604023,2018-06-03T18:30:04.023Z,buy,0.00010314,66.0,0.00680724
MDA/BTC,1528050637374,2018-06-03T18:30:37.374Z,sell,0.00010311,15.0,0.0015466499999999
MDA/BTC,1528050647010,2018-06-03T18:30:47.010Z,sell,0.0001031,49.0,0.0050519
MDA/BTC,1528050647010,2018-06-03T18:30:47.010Z,sell,0.00010302,71.0,0.00731442
MDA/BTC,1528050761058,2018-06-03T18:32:41.058Z,buy,0.00010309,1195.0,0.12319255
MDA/BTC,1528050761062,2018-06-03T18:32:41.062Z,buy,0.00010309,1137.0,0.11721333
MDA/BTC,1528050761217,2018-06-03T18:32:41.217Z,buy,0.00010309,6407.0,0.6604976300000001
MDA/BTC,1528050774686,2018-06-03T18:32:54.686Z,buy,0.00010311,19.0,0.0019590899999999
MDA/BTC,1528050805745,2018-06-03T18:33:25.745Z,sell,0.00010309,489.0,0.05041101
MDA/BTC,1528050805752,2018-06-03T18:33:25.752Z,buy,0.00010309,1878.0,0.19360302
MDA/BTC,1528050805755,2018-06-03T18:33:25.755Z,buy,0.00010309,2599.0,0.26793091
MDA/BTC,1528050805757,2018-06-03T18:33:25.757Z,sell,0.00010309,1625.0,0.16752125
MDA/BTC,1528050875843,2018-06-03T18:34:35.843Z,buy,0.00010309,168.0,0.01731912
MDA/BTC,1528050886227,2018-06-03T18:34:46.227Z,buy,0.00010309,205.0,0.02113345
MDA/BTC,1528050913551,2018-06-03T18:35:13.551Z,buy,0.0001033,145.0,0.0149785
MDA/BTC,1528051057605,2018-06-03T18:37:37.605Z,buy,0.00010324,11.0,0.0011356399999999
MDA/BTC,1528051057605,2018-06-03T18:37:37.605Z,buy,0.00010325,170.0,0.0175525
MDA/BTC,1528051057605,2018-06-03T18:37:37.605Z,buy,0.0001033,129.0,0.0133257
MDA/BTC,1528051226836,2018-06-03T18:40:26.836Z,buy,0.00010327,192.0,0.01982784
MDA/BTC,1528051227248,2018-06-03T18:40:27.248Z,sell,0.00010327,583.0,0.06020641
MDA/BTC,1528051227252,2018-06-03T18:40:27.252Z,sell,0.00010327,8118.0,0.83834586
MDA/BTC,1528051369445,2018-06-03T18:42:49.445Z,sell,0.00010304,13.0,0.00133952
MDA/BTC,1528051369445,2018-06-03T18:42:49.445Z,sell,0.00010303,101.0,0.01040603
MDA/BTC,1528051369445,2018-06-03T18:42:49.445Z,sell,0.00010302,156.0,0.01607112
MDA/BTC,1528051591440,2018-06-03T18:46:31.440Z,buy,0.00010328,452.0,0.04668256
MDA/BTC,1528051591600,2018-06-03T18:46:31.600Z,buy,0.00010328,6116.0,0.63166048
MDA/BTC,1528051614082,2018-06-03T18:46:54.082Z,buy,0.00010331,10.0,0.0010331
MDA/BTC,1528051615153,2018-06-03T18:46:55.153Z,buy,0.00010331,7.0,0.00072317
MDA/BTC,1528051615153,2018-06-03T18:46:55.153Z,buy,0.00010332,3.0,0.0003099599999999
MDA/BTC,1528051808626,2018-06-03T18:50:08.626Z,buy,0.00010322,5111.0,0.52755742
MDA/BTC,1528051808629,2018-06-03T18:50:08.629Z,buy,0.00010322,1083.0,0.11178726
MDA/BTC,1528051808780,2018-06-03T18:50:08.780Z,buy,0.00010322,2056.0,0.21222032
MDA/BTC,1528051913848,2018-06-03T18:51:53.848Z,buy,0.00010319,26.0,0.00268294
MDA/BTC,1528051915628,2018-06-03T18:51:55.628Z,sell,0.00010311,17.0,0.00175287
MDA/BTC,1528051915848,2018-06-03T18:51:55.848Z,buy,0.00010311,183.0,0.0188691299999999
MDA/BTC,1528052111887,2018-06-03T18:55:11.887Z,buy,0.0001033,11.0,0.0011363
MDA/BTC,1528052111887,2018-06-03T18:55:11.887Z,buy,0.00010331,22.0,0.00227282
MDA/BTC,1528052194364,2018-06-03T18:56:34.364Z,sell,0.00010311,1.0,0.00010311
MDA/BTC,1528052197078,2018-06-03T18:56:37.078Z,sell,0.00010311,276.0,0.02845836
MDA/BTC,1528052200621,2018-06-03T18:56:40.621Z,buy,0.00010334,15.0,0.0015501
MDA/BTC,1528052201264,2018-06-03T18:56:41.264Z,buy,0.00010344,130.0,0.0134472
MDA/BTC,1528052202176,2018-06-03T18:56:42.176Z,sell,0.00010344,15.0,0.0015516
MDA/BTC,1528052231395,2018-06-03T18:57:11.395Z,sell,0.00010335,10.0,0.0010335
MDA/BTC,1528052231395,2018-06-03T18:57:11.395Z,sell,0.00010335,10.0,0.0010335
MDA/BTC,1528052423866,2018-06-03T19:00:23.866Z,buy,0.0001037,12.0,0.0012444
MDA/BTC,1528052425219,2018-06-03T19:00:25.219Z,buy,0.0001037,6.0,0.0006222
MDA/BTC,1528052425219,2018-06-03T19:00:25.219Z,buy,0.00010371,4.0,0.00041484
MDA/BTC,1528052465251,2018-06-03T19:01:05.251Z,buy,0.0001037,10.0,0.001037
MDA/BTC,1528052478168,2018-06-03T19:01:18.168Z,sell,0.00010339,18.0,0.00186102
MDA/BTC,1528052490787,2018-06-03T19:01:30.787Z,sell,0.00010339,14.0,0.00144746
MDA/BTC,1528052719235,2018-06-03T19:05:19.235Z,sell,0.00010346,13.0,0.00134498
MDA/BTC,1528052719235,2018-06-03T19:05:19.235Z,sell,0.00010345,121.0,0.01251745
MDA/BTC,1528052719235,2018-06-03T19:05:19.235Z,sell,0.00010335,117.0,0.01209195
MDA/BTC,1528052719235,2018-06-03T19:05:19.235Z,sell,0.00010329,10.0,0.0010329
MDA/BTC,1528052719235,2018-06-03T19:05:19.235Z,sell,0.00010317,31.0,0.00319827
MDA/BTC,1528052820819,2018-06-03T19:07:00.819Z,sell,0.00010328,8.0,0.00082624
MDA/BTC,1528053307443,2018-06-03T19:15:07.443Z,buy,0.00010336,310.0,0.0320415999999999
MDA/BTC,1528053307461,2018-06-03T19:15:07.461Z,buy,0.00010336,948.0,0.09798528
MDA/BTC,1528053307461,2018-06-03T19:15:07.461Z,buy,0.00010336,5711.0,0.59028896
MDA/BTC,1528053456840,2018-06-03T19:17:36.840Z,sell,0.00010318,16.0,0.00165088
MDA/BTC,1528053457699,2018-06-03T19:17:37.699Z,sell,0.00010317,15.0,0.00154755
MDA/BTC,1528053483747,2018-06-03T19:18:03.747Z,sell,0.00010311,15.0,0.0015466499999999
MDA/BTC,1528053494055,2018-06-03T19:18:14.055Z,sell,0.0001031,1116.0,0.1150596
MDA/BTC,1528053496967,2018-06-03T19:18:16.967Z,sell,0.00010301,130.0,0.0133913
MDA/BTC,1528053498088,2018-06-03T19:18:18.088Z,sell,0.00010301,131.0,0.01349431
MDA/BTC,1528053548788,2018-06-03T19:19:08.788Z,buy,0.00010311,1.0,0.00010311
MDA/BTC,1528053616968,2018-06-03T19:20:16.968Z,buy,0.0001031,1.0,0.0001031
MDA/BTC,1528053803751,2018-06-03T19:23:23.751Z,buy,0.00010306,98.0,0.01009988
MDA/BTC,1528053844408,2018-06-03T19:24:04.408Z,sell,0.00010302,1.0,0.00010302
MDA/BTC,1528053900148,2018-06-03T19:25:00.148Z,sell,0.00010302,13.0,0.00133926
MDA/BTC,1528053900148,2018-06-03T19:25:00.148Z,sell,0.00010301,7.0,0.00072107
MDA/BTC,1528054000839,2018-06-03T19:26:40.839Z,sell,0.00010302,424.0,0.04368048
MDA/BTC,1528054000839,2018-06-03T19:26:40.839Z,sell,0.00010301,219.0,0.02255919
MDA/BTC,1528054191898,2018-06-03T19:29:51.898Z,sell,0.00010302,16.0,0.00164832
MDA/BTC,1528054191898,2018-06-03T19:29:51.898Z,sell,0.00010301,19.0,0.00195719
MDA/BTC,1528054363152,2018-06-03T19:32:43.152Z,buy,0.0001031,16.0,0.0016496
MDA/BTC,1528054444221,2018-06-03T19:34:04.221Z,buy,0.00010314,14.0,0.00144396
MDA/BTC,1528054477981,2018-06-03T19:34:37.981Z,sell,0.00010303,7.0,0.0007212099999999
MDA/BTC,1528054515375,2018-06-03T19:35:15.375Z,buy,0.00010303,43.0,0.00443029
MDA/BTC,1528054543709,2018-06-03T19:35:43.709Z,sell,0.00010309,1893.0,0.19514937
MDA/BTC,1528054543709,2018-06-03T19:35:43.709Z,sell,0.00010309,1855.0,0.19123195
MDA/BTC,1528054543833,2018-06-03T19:35:43.833Z,sell,0.00010309,3793.0,0.39102037
MDA/BTC,1528054576536,2018-06-03T19:36:16.536Z,sell,0.00010307,4951.0,0.51029957
MDA/BTC,1528054576694,2018-06-03T19:36:16.694Z,sell,0.00010307,2155.0,0.22211585
MDA/BTC,1528054576695,2018-06-03T19:36:16.695Z,sell,0.00010307,1403.0,0.14460721
MDA/BTC,1528054618628,2018-06-03T19:36:58.628Z,sell,0.00010304,19.0,0.00195776
MDA/BTC,1528054618628,2018-06-03T19:36:58.628Z,sell,0.00010301,136.0,0.01400936
MDA/BTC,1528054688009,2018-06-03T19:38:08.009Z,buy,0.00010308,892.0,0.0919473599999999
MDA/BTC,1528055011342,2018-06-03T19:43:31.342Z,buy,0.00010312,15.0,0.0015468
MDA/BTC,1528055017201,2018-06-03T19:43:37.201Z,buy,0.00010312,137.0,0.01412744
MDA/BTC,1528055120040,2018-06-03T19:45:20.040Z,sell,0.00010321,5.0,0.00051605
MDA/BTC,1528055306283,2018-06-03T19:48:26.283Z,buy,0.00010341,11.0,0.00113751
MDA/BTC,1528055306973,2018-06-03T19:48:26.973Z,sell,0.00010342,1.0,0.00010342
MDA/BTC,1528055354523,2018-06-03T19:49:14.523Z,buy,0.00010347,17.0,0.00175899
MDA/BTC,1528055354974,2018-06-03T19:49:14.974Z,buy,0.00010368,17.0,0.00176256
MDA/BTC,1528055366234,2018-06-03T19:49:26.234Z,sell,0.00010358,17.0,0.00176086
MDA/BTC,1528055379160,2018-06-03T19:49:39.160Z,sell,0.00010358,13.0,0.00134654
MDA/BTC,1528055396014,2018-06-03T19:49:56.014Z,sell,0.00010358,11.0,0.00113938
MDA/BTC,1528055407907,2018-06-03T19:50:07.907Z,buy,0.0001036,20.0,0.002072
MDA/BTC,1528055499939,2018-06-03T19:51:39.939Z,sell,0.00010357,207.0,0.02143899
MDA/BTC,1528055520889,2018-06-03T19:52:00.889Z,sell,0.00010322,16.0,0.00165152
MDA/BTC,1528055711237,2018-06-03T19:55:11.237Z,buy,0.00010328,16.0,0.00165248
MDA/BTC,1528055736908,2018-06-03T19:55:36.908Z,buy,0.00010356,96.0,0.00994176
MDA/BTC,1528055736908,2018-06-03T19:55:36.908Z,buy,0.00010356,96.0,0.00994176
MDA/BTC,1528055987565,2018-06-03T19:59:47.565Z,buy,0.00010356,10.0,0.0010356
MDA/BTC,1528055995446,2018-06-03T19:59:55.446Z,buy,0.00010356,1.0,0.00010356
MDA/BTC,1528056042592,2018-06-03T20:00:42.592Z,buy,0.00010358,9.0,0.00093222
MDA/BTC,1528056066002,2018-06-03T20:01:06.002Z,buy,0.00010357,16.0,0.00165712
MDA/BTC,1528056242093,2018-06-03T20:04:02.093Z,buy,0.00010357,10.0,0.0010357
MDA/BTC,1528056805166,2018-06-03T20:13:25.166Z,sell,0.00010341,391.0,0.04043331
MDA/BTC,1528056805174,2018-06-03T20:13:25.174Z,buy,0.00010341,1835.0,0.18975735
MDA/BTC,1528056805340,2018-06-03T20:13:25.340Z,buy,0.00010341,3786.0,0.39151026
MDA/BTC,1528056955755,2018-06-03T20:15:55.755Z,buy,0.00010345,18.0,0.0018620999999999
MDA/BTC,1528056955755,2018-06-03T20:15:55.755Z,buy,0.0001037,78.0,0.0080886
MDA/BTC,1528057099761,2018-06-03T20:18:19.761Z,buy,0.00010368,13.0,0.0013478399999999
MDA/BTC,1528057100137,2018-06-03T20:18:20.137Z,sell,0.00010369,18.0,0.00186642
MDA/BTC,1528057176831,2018-06-03T20:19:36.831Z,buy,0.0001037,14.0,0.0014518
MDA/BTC,1528057176831,2018-06-03T20:19:36.831Z,buy,0.00010371,73.0,0.00757083
MDA/BTC,1528057176831,2018-06-03T20:19:36.831Z,buy,0.00010372,9.0,0.00093348
MDA/BTC,1528057218090,2018-06-03T20:20:18.090Z,sell,0.00010346,38.0,0.00393148
MDA/BTC,1528057588504,2018-06-03T20:26:28.504Z,buy,0.00010362,1.0,0.00010362
MDA/BTC,1528058068246,2018-06-03T20:34:28.246Z,buy,0.00010361,37.0,0.00383357
MDA/BTC,1528058068246,2018-06-03T20:34:28.246Z,buy,0.00010362,19.0,0.00196878
MDA/BTC,1528058068246,2018-06-03T20:34:28.246Z,buy,0.00010372,1.0,0.00010372
MDA/BTC,1528058068246,2018-06-03T20:34:28.246Z,buy,0.00010381,130.0,0.0134953
MDA/BTC,1528058068246,2018-06-03T20:34:28.246Z,buy,0.00010388,89.0,0.00924532
MDA/BTC,1528058068246,2018-06-03T20:34:28.246Z,buy,0.00010392,187.0,0.01943304
MDA/BTC,1528058130682,2018-06-03T20:35:30.682Z,buy,0.0001039,10.0,0.001039
MDA/BTC,1528058132907,2018-06-03T20:35:32.907Z,sell,0.00010356,15.0,0.0015534
MDA/BTC,1528058132907,2018-06-03T20:35:32.907Z,sell,0.00010342,188.0,0.01944296
MDA/BTC,1528058132907,2018-06-03T20:35:32.907Z,sell,0.00010341,73.0,0.00754893
MDA/BTC,1528058132907,2018-06-03T20:35:32.907Z,sell,0.00010336,16.0,0.00165376
MDA/BTC,1528058132907,2018-06-03T20:35:32.907Z,sell,0.00010323,18.0,0.0018581399999999
MDA/BTC,1528058805146,2018-06-03T20:46:45.146Z,sell,0.00010369,10.0,0.0010369
MDA/BTC,1528059228363,2018-06-03T20:53:48.363Z,buy,0.00010368,15.0,0.0015551999999999
MDA/BTC,1528059312522,2018-06-03T20:55:12.522Z,sell,0.00010345,11.0,0.00113795
MDA/BTC,1528059312522,2018-06-03T20:55:12.522Z,sell,0.00010344,14.0,0.00144816
MDA/BTC,1528059312522,2018-06-03T20:55:12.522Z,sell,0.00010342,10.0,0.0010341999999999
MDA/BTC,1528059312522,2018-06-03T20:55:12.522Z,sell,0.00010324,38.0,0.0039231199999999
MDA/BTC,1528059312522,2018-06-03T20:55:12.522Z,sell,0.00010345,11.0,0.00113795
MDA/BTC,1528059312522,2018-06-03T20:55:12.522Z,sell,0.00010344,14.0,0.00144816
MDA/BTC,1528059312522,2018-06-03T20:55:12.522Z,sell,0.00010342,10.0,0.0010341999999999
MDA/BTC,1528059312522,2018-06-03T20:55:12.522Z,sell,0.00010324,38.0,0.0039231199999999
MDA/BTC,1528059428689,2018-06-03T20:57:08.689Z,buy,0.00010338,13.0,0.00134394
MDA/BTC,1528059584052,2018-06-03T20:59:44.052Z,sell,0.00010356,12.0,0.00124272
MDA/BTC,1528059603047,2018-06-03T21:00:03.047Z,sell,0.00010356,12.0,0.00124272
MDA/BTC,1528059606415,2018-06-03T21:00:06.415Z,buy,0.0001036,6.0,0.0006215999999999
MDA/BTC,1528059606711,2018-06-03T21:00:06.711Z,buy,0.0001036,49.0,0.0050764
MDA/BTC,1528059609521,2018-06-03T21:00:09.521Z,buy,0.0001036,1.0,0.0001036
MDA/BTC,1528059609521,2018-06-03T21:00:09.521Z,buy,0.00010369,31.0,0.00321439
MDA/BTC,1528059610350,2018-06-03T21:00:10.350Z,buy,0.00010369,19.0,0.00197011
MDA/BTC,1528059610350,2018-06-03T21:00:10.350Z,buy,0.00010391,63.0,0.00654633
MDA/BTC,1528059675546,2018-06-03T21:01:15.546Z,buy,0.00010389,10.0,0.0010389
MDA/BTC,1528059753032,2018-06-03T21:02:33.032Z,sell,0.00010365,17.0,0.00176205
MDA/BTC,1528059753032,2018-06-03T21:02:33.032Z,sell,0.00010364,58.0,0.00601112
MDA/BTC,1528059754103,2018-06-03T21:02:34.103Z,sell,0.0001039,21.0,0.0021819
MDA/BTC,1528059821677,2018-06-03T21:03:41.677Z,buy,0.00010385,10.0,0.0010385
MDA/BTC,1528060026061,2018-06-03T21:07:06.061Z,buy,0.00010377,10.0,0.0010377
MDA/BTC,1528060433203,2018-06-03T21:13:53.203Z,sell,0.00010369,21.0,0.00217749
MDA/BTC,1528060480550,2018-06-03T21:14:40.550Z,buy,0.00010371,18.0,0.00186678
MDA/BTC,1528060480550,2018-06-03T21:14:40.550Z,buy,0.00010372,29.0,0.00300788
MDA/BTC,1528060480550,2018-06-03T21:14:40.550Z,buy,0.00010377,38.0,0.00394326
MDA/BTC,1528060480550,2018-06-03T21:14:40.550Z,buy,0.0001039,45.0,0.0046755
MDA/BTC,1528060480550,2018-06-03T21:14:40.550Z,buy,0.00010393,130.0,0.0135109
MDA/BTC,1528060480550,2018-06-03T21:14:40.550Z,buy,0.00010397,3.0,0.00031191
MDA/BTC,1528060616967,2018-06-03T21:16:56.967Z,sell,0.00010376,11.0,0.00114136
MDA/BTC,1528060616967,2018-06-03T21:16:56.967Z,sell,0.00010375,66.0,0.0068475
MDA/BTC,1528060893620,2018-06-03T21:21:33.620Z,buy,0.00010396,20.0,0.0020792
MDA/BTC,1528061039473,2018-06-03T21:23:59.473Z,buy,0.00010395,14.0,0.0014553
MDA/BTC,1528061039473,2018-06-03T21:23:59.473Z,buy,0.00010396,65.0,0.0067574
MDA/BTC,1528061039473,2018-06-03T21:23:59.473Z,buy,0.00010397,17.0,0.00176749
MDA/BTC,1528061071171,2018-06-03T21:24:31.171Z,sell,0.00010366,3.0,0.00031098
MDA/BTC,1528061746465,2018-06-03T21:35:46.465Z,sell,0.00010367,11.0,0.00114037
MDA/BTC,1528061746465,2018-06-03T21:35:46.465Z,sell,0.00010364,145.0,0.0150278
MDA/BTC,1528062381394,2018-06-03T21:46:21.394Z,sell,0.00010373,13.0,0.00134849
MDA/BTC,1528062381394,2018-06-03T21:46:21.394Z,sell,0.00010372,141.0,0.01462452
MDA/BTC,1528062382465,2018-06-03T21:46:22.465Z,buy,0.00010364,70.0,0.0072548
MDA/BTC,1528062418104,2018-06-03T21:46:58.104Z,sell,0.00010352,314.0,0.03250528
MDA/BTC,1528062418104,2018-06-03T21:46:58.104Z,sell,0.00010352,314.0,0.03250528
MDA/BTC,1528063434560,2018-06-03T22:03:54.560Z,buy,0.00010372,2.0,0.00020744
MDA/BTC,1528063966314,2018-06-03T22:12:46.314Z,buy,0.00010369,3623.0,0.37566887
MDA/BTC,1528063966465,2018-06-03T22:12:46.465Z,buy,0.00010369,484.0,0.05018596
MDA/BTC,1528063966467,2018-06-03T22:12:46.467Z,buy,0.00010369,4585.0,0.47541865
MDA/BTC,1528064001354,2018-06-03T22:13:21.354Z,buy,0.00010366,495.0,0.0513116999999999
MDA/BTC,1528064001360,2018-06-03T22:13:21.360Z,sell,0.00010366,2316.0,0.24007656
MDA/BTC,1528064001511,2018-06-03T22:13:21.511Z,sell,0.00010366,2648.0,0.2744916799999999
MDA/BTC,1528064001516,2018-06-03T22:13:21.516Z,buy,0.00010366,783.0,0.0811657799999999
MDA/BTC,1528064001519,2018-06-03T22:13:21.519Z,buy,0.00010366,12.0,0.00124392
MDA/BTC,1528064090623,2018-06-03T22:14:50.623Z,sell,0.00010367,1330.0,0.1378811
MDA/BTC,1528064090774,2018-06-03T22:14:50.774Z,sell,0.00010367,4723.0,0.48963341
MDA/BTC,1528064111052,2018-06-03T22:15:11.052Z,buy,0.00010371,10.0,0.0010371
MDA/BTC,1528064597326,2018-06-03T22:23:17.326Z,buy,0.0001036,19.0,0.0019684
MDA/BTC,1528064597326,2018-06-03T22:23:17.326Z,buy,0.00010371,335.0,0.03474285
MDA/BTC,1528064608571,2018-06-03T22:23:28.571Z,sell,0.00010348,14.0,0.00144872
MDA/BTC,1528064611210,2018-06-03T22:23:31.210Z,sell,0.00010347,21.0,0.00217287
MDA/BTC,1528064611264,2018-06-03T22:23:31.264Z,sell,0.00010344,65.0,0.0067236
MDA/BTC,1528064629538,2018-06-03T22:23:49.538Z,buy,0.00010345,377.0,0.03900065
MDA/BTC,1528064629541,2018-06-03T22:23:49.541Z,buy,0.00010345,82.0,0.0084829
MDA/BTC,1528064629644,2018-06-03T22:23:49.644Z,sell,0.00010345,229.0,0.0236900499999999
MDA/BTC,1528064629692,2018-06-03T22:23:49.692Z,buy,0.00010345,1053.0,0.10893285
MDA/BTC,1528064629693,2018-06-03T22:23:49.693Z,sell,0.00010345,5713.0,0.59100985
MDA/BTC,1528064631159,2018-06-03T22:23:51.159Z,sell,0.00010339,29.0,0.00299831
MDA/BTC,1528064689190,2018-06-03T22:24:49.190Z,sell,0.00010335,12.0,0.0012402
MDA/BTC,1528064690035,2018-06-03T22:24:50.035Z,buy,0.00010335,133.0,0.01374555
MDA/BTC,1528064750055,2018-06-03T22:25:50.055Z,sell,0.00010334,10.0,0.0010333999999999
MDA/BTC,1528064750645,2018-06-03T22:25:50.645Z,buy,0.00010334,16.0,0.00165344
MDA/BTC,1528064758141,2018-06-03T22:25:58.141Z,buy,0.00010334,1.0,0.00010334
MDA/BTC,1528064758333,2018-06-03T22:25:58.333Z,buy,0.00010334,1.0,0.00010334
MDA/BTC,1528064777080,2018-06-03T22:26:17.080Z,buy,0.00010333,76.0,0.00785308
MDA/BTC,1528064785092,2018-06-03T22:26:25.092Z,buy,0.00010332,21.0,0.00216972
MDA/BTC,1528064792958,2018-06-03T22:26:32.958Z,sell,0.00010327,16.0,0.00165232
MDA/BTC,1528064792958,2018-06-03T22:26:32.958Z,sell,0.00010326,8.0,0.00082608
MDA/BTC,1528064793010,2018-06-03T22:26:33.010Z,buy,0.0001033,99.0,0.0102267
MDA/BTC,1528064794012,2018-06-03T22:26:34.012Z,buy,0.00010331,19.0,0.00196289
MDA/BTC,1528064829781,2018-06-03T22:27:09.781Z,sell,0.0001033,96.0,0.0099168
MDA/BTC,1528064830009,2018-06-03T22:27:10.009Z,buy,0.0001033,49.0,0.0050617
MDA/BTC,1528064830052,2018-06-03T22:27:10.052Z,sell,0.00010329,13.0,0.0013427699999999
MDA/BTC,1528064831005,2018-06-03T22:27:11.005Z,buy,0.00010329,30.0,0.0030987
MDA/BTC,1528065090624,2018-06-03T22:31:30.624Z,sell,0.00010326,14.0,0.00144564
MDA/BTC,1528065090624,2018-06-03T22:31:30.624Z,sell,0.00010325,21.0,0.00216825
MDA/BTC,1528065090624,2018-06-03T22:31:30.624Z,sell,0.00010323,28.0,0.00289044
MDA/BTC,1528065219367,2018-06-03T22:33:39.367Z,buy,0.00010349,14.0,0.00144886
MDA/BTC,1528065219367,2018-06-03T22:33:39.367Z,buy,0.0001035,96.0,0.009936
MDA/BTC,1528065219367,2018-06-03T22:33:39.367Z,buy,0.00010367,29.0,0.00300643
MDA/BTC,1528065219367,2018-06-03T22:33:39.367Z,buy,0.00010372,30.0,0.0031116
MDA/BTC,1528065219367,2018-06-03T22:33:39.367Z,buy,0.00010378,28.0,0.00290584
MDA/BTC,1528065219367,2018-06-03T22:33:39.367Z,buy,0.00010399,124.0,0.01289476
MDA/BTC,1528065219367,2018-06-03T22:33:39.367Z,buy,0.000104,30.0,0.00312
MDA/BTC,1528065234661,2018-06-03T22:33:54.661Z,buy,0.00010376,11.0,0.00114136
MDA/BTC,1528065234661,2018-06-03T22:33:54.661Z,buy,0.00010377,19.0,0.00197163
MDA/BTC,1528065292420,2018-06-03T22:34:52.420Z,sell,0.0001035,19.0,0.0019665
MDA/BTC,1528065327309,2018-06-03T22:35:27.309Z,sell,0.00010335,13.0,0.00134355
MDA/BTC,1528065332723,2018-06-03T22:35:32.723Z,sell,0.00010327,125.0,0.01290875
MDA/BTC,1528065364997,2018-06-03T22:36:04.997Z,sell,0.00010328,14.0,0.00144592
MDA/BTC,1528065364997,2018-06-03T22:36:04.997Z,sell,0.00010325,13.0,0.00134225
MDA/BTC,1528065475188,2018-06-03T22:37:55.188Z,buy,0.00010339,1825.0,0.18868675
MDA/BTC,1528065475191,2018-06-03T22:37:55.191Z,buy,0.00010339,2587.0,0.2674699299999999
MDA/BTC,1528065475343,2018-06-03T22:37:55.343Z,sell,0.00010339,1384.0,0.1430917599999999
MDA/BTC,1528065534120,2018-06-03T22:38:54.120Z,sell,0.00010332,47.0,0.00485604
MDA/BTC,1528065706987,2018-06-03T22:41:46.987Z,buy,0.00010328,47.0,0.00485416
MDA/BTC,1528065706987,2018-06-03T22:41:46.987Z,buy,0.00010328,47.0,0.00485416
MDA/BTC,1528067514622,2018-06-03T23:11:54.622Z,sell,0.00010335,114.0,0.0117819
MDA/BTC,1528067515057,2018-06-03T23:11:55.057Z,buy,0.00010335,31.0,0.00320385
MDA/BTC,1528067798214,2018-06-03T23:16:38.214Z,buy,0.00010329,168.0,0.01735272
MDA/BTC,1528067798218,2018-06-03T23:16:38.218Z,buy,0.00010329,344.0,0.0355317599999999
MDA/BTC,1528067798260,2018-06-03T23:16:38.260Z,buy,0.00010357,13.0,0.00134641
MDA/BTC,1528067798260,2018-06-03T23:16:38.260Z,buy,0.00010358,114.0,0.01180812
MDA/BTC,1528067798260,2018-06-03T23:16:38.260Z,buy,0.00010371,130.0,0.0134823
MDA/BTC,1528067798260,2018-06-03T23:16:38.260Z,buy,0.00010376,3.0,0.00031128
MDA/BTC,1528067798375,2018-06-03T23:16:38.375Z,sell,0.00010329,1107.0,0.11434203
MDA/BTC,1528067798393,2018-06-03T23:16:38.393Z,buy,0.00010329,6643.0,0.68615547
MDA/BTC,1528068590812,2018-06-03T23:29:50.812Z,buy,0.00010363,1051.0,0.10891513
MDA/BTC,1528068590817,2018-06-03T23:29:50.817Z,buy,0.00010363,3759.0,0.38954517
MDA/BTC,1528068590819,2018-06-03T23:29:50.819Z,buy,0.00010363,3547.0,0.36757561
MDA/BTC,1528068688980,2018-06-03T23:31:28.980Z,buy,0.0001037,767.0,0.0795379
MDA/BTC,1528068688989,2018-06-03T23:31:28.989Z,buy,0.0001037,1633.0,0.1693421
MDA/BTC,1528068689146,2018-06-03T23:31:29.146Z,buy,0.0001037,4771.0,0.4947527
MDA/BTC,1528068808195,2018-06-03T23:33:28.195Z,sell,0.00010338,13.0,0.00134394
MDA/BTC,1528068808415,2018-06-03T23:33:28.415Z,buy,0.00010338,96.0,0.00992448
MDA/BTC,1528068808692,2018-06-03T23:33:28.692Z,buy,0.00010338,36.0,0.00372168
MDA/BTC,1528068949316,2018-06-03T23:35:49.316Z,buy,0.00010358,16.0,0.00165728
MDA/BTC,1528068949316,2018-06-03T23:35:49.316Z,buy,0.00010359,80.0,0.0082872
MDA/BTC,1528069141795,2018-06-03T23:39:01.795Z,buy,0.00010358,19.0,0.00196802
MDA/BTC,1528069141795,2018-06-03T23:39:01.795Z,buy,0.00010359,16.0,0.00165744
MDA/BTC,1528069141795,2018-06-03T23:39:01.795Z,buy,0.00010376,29.0,0.0030090399999999
MDA/BTC,1528069141795,2018-06-03T23:39:01.795Z,buy,0.00010377,32.0,0.00332064
MDA/BTC,1528069178313,2018-06-03T23:39:38.313Z,buy,0.00010344,880.0,0.0910272
MDA/BTC,1528069178316,2018-06-03T23:39:38.316Z,sell,0.00010344,727.0,0.07520088
MDA/BTC,1528069178316,2018-06-03T23:39:38.316Z,sell,0.00010344,1806.0,0.18681264
MDA/BTC,1528069178330,2018-06-03T23:39:38.330Z,buy,0.00010344,388.0,0.04013472
MDA/BTC,1528069178479,2018-06-03T23:39:38.479Z,buy,0.00010344,1421.0,0.14698824
MDA/BTC,1528069178479,2018-06-03T23:39:38.479Z,buy,0.00010344,1421.0,0.14698824
MDA/BTC,1528069906099,2018-06-03T23:51:46.099Z,buy,0.00010374,12.0,0.00124488
MDA/BTC,1528069906099,2018-06-03T23:51:46.099Z,buy,0.00010376,10.0,0.0010376
MDA/BTC,1528069906099,2018-06-03T23:51:46.099Z,buy,0.00010377,22.0,0.00228294
MDA/BTC,1528069906099,2018-06-03T23:51:46.099Z,buy,0.00010388,13.0,0.00135044
MDA/BTC,1528069906099,2018-06-03T23:51:46.099Z,buy,0.000104,39.0,0.004056
MDA/BTC,1528069912581,2018-06-03T23:51:52.581Z,buy,0.000104,96.0,0.009984
MDA/BTC,1528070483845,2018-06-04T00:01:23.845Z,buy,0.00010397,17.0,0.00176749
MDA/BTC,1528070483845,2018-06-04T00:01:23.845Z,buy,0.000104,79.0,0.008216
MDA/BTC,1528070594958,2018-06-04T00:03:14.958Z,sell,0.00010368,13.0,0.0013478399999999
MDA/BTC,1528070594958,2018-06-04T00:03:14.958Z,sell,0.00010351,130.0,0.0134563
MDA/BTC,1528070594958,2018-06-04T00:03:14.958Z,sell,0.00010337,120.0,0.0124044
MDA/BTC,1528071073161,2018-06-04T00:11:13.161Z,buy,0.000104,6.0,0.000624
MDA/BTC,1528071073161,2018-06-04T00:11:13.161Z,buy,0.00010401,20.0,0.0020802
MDA/BTC,1528071073161,2018-06-04T00:11:13.161Z,buy,0.00010403,70.0,0.0072821
MDA/BTC,1528071076734,2018-06-04T00:11:16.734Z,buy,0.00010402,14.0,0.00145628
MDA/BTC,1528071076734,2018-06-04T00:11:16.734Z,buy,0.00010403,60.0,0.0062418
MDA/BTC,1528071076734,2018-06-04T00:11:16.734Z,buy,0.00010404,22.0,0.00228888
MDA/BTC,1528071384774,2018-06-04T00:16:24.774Z,buy,0.00010402,1.0,0.00010402
MDA/BTC,1528071542170,2018-06-04T00:19:02.170Z,buy,0.00010404,1.0,0.00010404
MDA/BTC,1528071542170,2018-06-04T00:19:02.170Z,buy,0.00010408,10.0,0.0010408
MDA/BTC,1528071542170,2018-06-04T00:19:02.170Z,buy,0.00010409,20.0,0.0020818
MDA/BTC,1528071542170,2018-06-04T00:19:02.170Z,buy,0.0001041,59.0,0.0061419
MDA/BTC,1528071542170,2018-06-04T00:19:02.170Z,buy,0.00010411,6.0,0.00062466
MDA/BTC,1528071563222,2018-06-04T00:19:23.222Z,buy,0.0001041,16.0,0.0016656
MDA/BTC,1528071563222,2018-06-04T00:19:23.222Z,buy,0.00010411,4.0,0.00041644
MDA/BTC,1528071573534,2018-06-04T00:19:33.534Z,sell,0.00010375,17.0,0.00176375
MDA/BTC,1528071573534,2018-06-04T00:19:33.534Z,sell,0.00010362,80.0,0.0082896
MDA/BTC,1528071812840,2018-06-04T00:23:32.840Z,sell,0.00010378,24.0,0.00249072
MDA/BTC,1528071812840,2018-06-04T00:23:32.840Z,sell,0.00010377,19.0,0.00197163
MDA/BTC,1528071812840,2018-06-04T00:23:32.840Z,sell,0.00010368,25.0,0.002592
MDA/BTC,1528072189671,2018-06-04T00:29:49.671Z,buy,0.00010409,15.0,0.00156135
MDA/BTC,1528072189671,2018-06-04T00:29:49.671Z,buy,0.00010411,10.0,0.0010411
MDA/BTC,1528072189671,2018-06-04T00:29:49.671Z,buy,0.00010414,71.0,0.00739394
MDA/BTC,1528072229637,2018-06-04T00:30:29.637Z,buy,0.00010413,10.0,0.0010413
MDA/BTC,1528072322874,2018-06-04T00:32:02.874Z,buy,0.00010416,19.0,0.00197904
MDA/BTC,1528072322874,2018-06-04T00:32:02.874Z,buy,0.00010417,40.0,0.0041668
MDA/BTC,1528072322874,2018-06-04T00:32:02.874Z,buy,0.00010419,32.0,0.00333408
MDA/BTC,1528072322874,2018-06-04T00:32:02.874Z,buy,0.00010422,152.0,0.01584144
MDA/BTC,1528072322874,2018-06-04T00:32:02.874Z,buy,0.00010423,1.0,0.00010423
MDA/BTC,1528072369633,2018-06-04T00:32:49.633Z,sell,0.0001036,14.0,0.0014504
MDA/BTC,1528072369929,2018-06-04T00:32:49.929Z,sell,0.0001036,14.0,0.0014504
MDA/BTC,1528072369936,2018-06-04T00:32:49.936Z,sell,0.0001036,16.0,0.0016576
MDA/BTC,1528072369966,2018-06-04T00:32:49.966Z,sell,0.0001036,18.0,0.0018648
MDA/BTC,1528072369970,2018-06-04T00:32:49.970Z,sell,0.0001036,13.0,0.0013468
MDA/BTC,1528072370179,2018-06-04T00:32:50.179Z,sell,0.00010361,14.0,0.00145054
MDA/BTC,1528072370272,2018-06-04T00:32:50.272Z,sell,0.00010361,18.0,0.00186498
MDA/BTC,1528072370385,2018-06-04T00:32:50.385Z,sell,0.00010361,16.0,0.00165776
MDA/BTC,1528072370600,2018-06-04T00:32:50.600Z,sell,0.00010361,15.0,0.00155415
MDA/BTC,1528072370625,2018-06-04T00:32:50.625Z,sell,0.00010361,16.0,0.00165776
MDA/BTC,1528072371069,2018-06-04T00:32:51.069Z,sell,0.00010361,15.0,0.00155415
MDA/BTC,1528072371125,2018-06-04T00:32:51.125Z,sell,0.00010361,16.0,0.00165776
MDA/BTC,1528072371409,2018-06-04T00:32:51.409Z,sell,0.00010361,16.0,0.00165776
MDA/BTC,1528072371529,2018-06-04T00:32:51.529Z,sell,0.00010361,16.0,0.00165776
MDA/BTC,1528072371593,2018-06-04T00:32:51.593Z,sell,0.00010362,16.0,0.00165792
MDA/BTC,1528072372425,2018-06-04T00:32:52.425Z,sell,0.00010362,18.0,0.00186516
MDA/BTC,1528072372539,2018-06-04T00:32:52.539Z,sell,0.00010362,16.0,0.00165792
MDA/BTC,1528072372554,2018-06-04T00:32:52.554Z,sell,0.00010362,18.0,0.00186516
MDA/BTC,1528072372720,2018-06-04T00:32:52.720Z,sell,0.00010361,18.0,0.00186498
MDA/BTC,1528072374061,2018-06-04T00:32:54.061Z,sell,0.0001036,18.0,0.0018648
MDA/BTC,1528072374142,2018-06-04T00:32:54.142Z,sell,0.0001036,3.0,0.0003107999999999
MDA/BTC,1528072374142,2018-06-04T00:32:54.142Z,sell,0.00010352,15.0,0.0015528
MDA/BTC,1528072459723,2018-06-04T00:34:19.723Z,buy,0.00010378,1.0,0.00010378
MDA/BTC,1528072490500,2018-06-04T00:34:50.500Z,buy,0.00010374,1.0,0.00010374
MDA/BTC,1528072528657,2018-06-04T00:35:28.657Z,buy,0.00010371,2.0,0.00020742
MDA/BTC,1528072670293,2018-06-04T00:37:50.293Z,buy,0.00010367,12.0,0.00124404
MDA/BTC,1528072670293,2018-06-04T00:37:50.293Z,buy,0.00010367,12.0,0.00124404
MDA/BTC,1528072780322,2018-06-04T00:39:40.322Z,buy,0.00010363,12.0,0.0012435599999999
MDA/BTC,1528072847184,2018-06-04T00:40:47.184Z,sell,0.00010353,13.0,0.00134589
MDA/BTC,1528072847184,2018-06-04T00:40:47.184Z,sell,0.00010349,130.0,0.0134537
MDA/BTC,1528072847184,2018-06-04T00:40:47.184Z,sell,0.00010348,39.0,0.00403572
MDA/BTC,1528072847184,2018-06-04T00:40:47.184Z,sell,0.00010326,26.0,0.00268476
MDA/BTC,1528072847184,2018-06-04T00:40:47.184Z,sell,0.00010323,36.0,0.0037162799999999
MDA/BTC,1528072848876,2018-06-04T00:40:48.876Z,buy,0.00010376,94.0,0.00975344
MDA/BTC,1528072849248,2018-06-04T00:40:49.248Z,buy,0.00010378,12.0,0.00124536
MDA/BTC,1528072850130,2018-06-04T00:40:50.130Z,sell,0.00010378,80.0,0.0083024
MDA/BTC,1528072850191,2018-06-04T00:40:50.191Z,sell,0.00010378,13.0,0.00134914
MDA/BTC,1528072850824,2018-06-04T00:40:50.824Z,buy,0.00010383,15.0,0.00155745
MDA/BTC,1528072851151,2018-06-04T00:40:51.151Z,sell,0.00010383,101.0,0.01048683
MDA/BTC,1528072856081,2018-06-04T00:40:56.081Z,sell,0.00010384,15.0,0.0015576
MDA/BTC,1528072856138,2018-06-04T00:40:56.138Z,sell,0.00010383,28.0,0.00290724
MDA/BTC,1528072971373,2018-06-04T00:42:51.373Z,sell,0.00010379,17.0,0.00176443
MDA/BTC,1528073109618,2018-06-04T00:45:09.618Z,sell,0.00010344,14.0,0.00144816
MDA/BTC,1528073109618,2018-06-04T00:45:09.618Z,sell,0.00010343,125.0,0.01292875
MDA/BTC,1528073109618,2018-06-04T00:45:09.618Z,sell,0.00010342,87.0,0.00899754
MDA/BTC,1528073109618,2018-06-04T00:45:09.618Z,sell,0.00010324,130.0,0.0134212
MDA/BTC,1528073109618,2018-06-04T00:45:09.618Z,sell,0.00010323,132.0,0.01362636
MDA/BTC,1528073109618,2018-06-04T00:45:09.618Z,sell,0.00010309,10.0,0.0010309
MDA/BTC,1528073109618,2018-06-04T00:45:09.618Z,sell,0.00010302,596.0,0.06139992
MDA/BTC,1528073109618,2018-06-04T00:45:09.618Z,sell,0.00010301,435.0,0.04480935
MDA/BTC,1528073109618,2018-06-04T00:45:09.618Z,sell,0.000103,857.0,0.088271
MDA/BTC,1528073116410,2018-06-04T00:45:16.410Z,sell,0.00010328,65.0,0.0067132
MDA/BTC,1528073116410,2018-06-04T00:45:16.410Z,sell,0.00010327,33.0,0.00340791
MDA/BTC,1528073117623,2018-06-04T00:45:17.623Z,sell,0.00010327,57.0,0.00588639
MDA/BTC,1528073117623,2018-06-04T00:45:17.623Z,sell,0.00010324,6800.0,0.702032
MDA/BTC,1528073117623,2018-06-04T00:45:17.623Z,sell,0.00010303,130.0,0.0133938999999999
MDA/BTC,1528073117623,2018-06-04T00:45:17.623Z,sell,0.000103,174.0,0.017922
MDA/BTC,1528073117888,2018-06-04T00:45:17.888Z,sell,0.000103,50.0,0.00515
MDA/BTC,1528073117888,2018-06-04T00:45:17.888Z,sell,0.00010299,24.0,0.00247176
MDA/BTC,1528073117888,2018-06-04T00:45:17.888Z,sell,0.00010297,24.0,0.00247128
MDA/BTC,1528073118200,2018-06-04T00:45:18.200Z,sell,0.00010302,98.0,0.01009596
MDA/BTC,1528073118282,2018-06-04T00:45:18.282Z,sell,0.00010302,98.0,0.01009596
MDA/BTC,1528073118597,2018-06-04T00:45:18.597Z,sell,0.00010302,98.0,0.01009596
MDA/BTC,1528073119278,2018-06-04T00:45:19.278Z,sell,0.00010302,98.0,0.01009596
MDA/BTC,1528073137946,2018-06-04T00:45:37.946Z,sell,0.00010299,77.0,0.00793023
MDA/BTC,1528073149231,2018-06-04T00:45:49.231Z,buy,0.00010331,1.0,0.00010331
MDA/BTC,1528073149371,2018-06-04T00:45:49.371Z,buy,0.00010331,1.0,0.00010331
MDA/BTC,1528073149450,2018-06-04T00:45:49.450Z,buy,0.00010331,1.0,0.00010331
MDA/BTC,1528073167642,2018-06-04T00:46:07.642Z,buy,0.00010323,19.0,0.00196137
MDA/BTC,1528073170320,2018-06-04T00:46:10.320Z,buy,0.00010321,68.0,0.00701828
MDA/BTC,1528073171603,2018-06-04T00:46:11.603Z,buy,0.00010321,160.0,0.0165136
MDA/BTC,1528073172172,2018-06-04T00:46:12.172Z,buy,0.00010321,27.0,0.0027866699999999
MDA/BTC,1528073173652,2018-06-04T00:46:13.652Z,buy,0.0001032,160.0,0.016512
MDA/BTC,1528073173652,2018-06-04T00:46:13.652Z,buy,0.00010321,191.0,0.01971311
MDA/BTC,1528073175501,2018-06-04T00:46:15.501Z,buy,0.00010321,160.0,0.0165136
MDA/BTC,1528073177654,2018-06-04T00:46:17.654Z,buy,0.00010324,19.0,0.0019615599999999
MDA/BTC,1528073202624,2018-06-04T00:46:42.624Z,buy,0.00010328,2427.0,0.25066056
MDA/BTC,1528073202626,2018-06-04T00:46:42.626Z,buy,0.00010328,1368.0,0.14128704
MDA/BTC,1528073202647,2018-06-04T00:46:42.647Z,sell,0.00010328,2248.0,0.23217344
MDA/BTC,1528073239510,2018-06-04T00:47:19.510Z,buy,0.00010335,41.0,0.00423735
MDA/BTC,1528073281802,2018-06-04T00:48:01.802Z,buy,0.00010343,2.0,0.00020686
MDA/BTC,1528073286107,2018-06-04T00:48:06.107Z,buy,0.00010343,1.0,0.00010343
MDA/BTC,1528073293713,2018-06-04T00:48:13.713Z,buy,0.00010342,291.0,0.03009522
MDA/BTC,1528073315712,2018-06-04T00:48:35.712Z,buy,0.00010342,16.0,0.00165472
MDA/BTC,1528073315712,2018-06-04T00:48:35.712Z,buy,0.00010344,173.0,0.01789512
MDA/BTC,1528073316706,2018-06-04T00:48:36.706Z,buy,0.00010344,16.0,0.00165504
MDA/BTC,1528073318727,2018-06-04T00:48:38.727Z,buy,0.00010346,50.0,0.005173
MDA/BTC,1528073319725,2018-06-04T00:48:39.725Z,buy,0.0001035,24.0,0.002484
MDA/BTC,1528073343578,2018-06-04T00:49:03.578Z,buy,0.00010363,17.0,0.0017617099999999
MDA/BTC,1528073346574,2018-06-04T00:49:06.574Z,buy,0.00010364,174.0,0.01803336
MDA/BTC,1528073353646,2018-06-04T00:49:13.646Z,buy,0.0001037,297.0,0.0307989
MDA/BTC,1528073408074,2018-06-04T00:50:08.074Z,buy,0.00010375,624.0,0.06474
MDA/BTC,1528073408080,2018-06-04T00:50:08.080Z,buy,0.00010375,333.0,0.03454875
MDA/BTC,1528073408080,2018-06-04T00:50:08.080Z,sell,0.00010375,1704.0,0.17679
MDA/BTC,1528073408116,2018-06-04T00:50:08.116Z,sell,0.00010339,11.0,0.00113729
MDA/BTC,1528073408116,2018-06-04T00:50:08.116Z,sell,0.00010338,103.0,0.01064814
MDA/BTC,1528073408116,2018-06-04T00:50:08.116Z,sell,0.00010328,40.0,0.0041312
MDA/BTC,1528073408116,2018-06-04T00:50:08.116Z,sell,0.00010306,403.0,0.04153318
MDA/BTC,1528073408116,2018-06-04T00:50:08.116Z,sell,0.00010305,192.0,0.0197856
MDA/BTC,1528073408116,2018-06-04T00:50:08.116Z,sell,0.00010302,10.0,0.0010302
MDA/BTC,1528073408116,2018-06-04T00:50:08.116Z,sell,0.00010301,280.0,0.0288428
MDA/BTC,1528073408228,2018-06-04T00:50:08.228Z,buy,0.00010375,514.0,0.0533275
MDA/BTC,1528073408753,2018-06-04T00:50:08.753Z,sell,0.00010375,441.0,0.04575375
MDA/BTC,1528073408853,2018-06-04T00:50:08.853Z,sell,0.00010375,40.0,0.00415
MDA/BTC,1528073409080,2018-06-04T00:50:09.080Z,sell,0.00010375,1051.0,0.10904125
MDA/BTC,1528073429635,2018-06-04T00:50:29.635Z,buy,0.00010342,15.0,0.0015513
MDA/BTC,1528073435762,2018-06-04T00:50:35.762Z,buy,0.0001035,12.0,0.001242
MDA/BTC,1528073510789,2018-06-04T00:51:50.789Z,buy,0.00010357,17.0,0.00176069
MDA/BTC,1528073512631,2018-06-04T00:51:52.631Z,buy,0.00010356,103.0,0.01066668
MDA/BTC,1528073517789,2018-06-04T00:51:57.789Z,buy,0.00010359,18.0,0.00186462
MDA/BTC,1528073518782,2018-06-04T00:51:58.782Z,buy,0.00010359,192.0,0.01988928
MDA/BTC,1528073521029,2018-06-04T00:52:01.029Z,buy,0.0001036,403.0,0.0417508
MDA/BTC,1528073522871,2018-06-04T00:52:02.871Z,buy,0.00010365,265.0,0.02746725
MDA/BTC,1528073658688,2018-06-04T00:54:18.688Z,buy,0.0001039,130.0,0.013507
MDA/BTC,1528073658688,2018-06-04T00:54:18.688Z,buy,0.00010395,112.0,0.0116424
MDA/BTC,1528073687720,2018-06-04T00:54:47.720Z,buy,0.00010392,20.0,0.0020783999999999
MDA/BTC,1528073849648,2018-06-04T00:57:29.648Z,buy,0.00010392,2.0,0.00020784
MDA/BTC,1528073928146,2018-06-04T00:58:48.146Z,buy,0.00010391,10.0,0.0010391
MDA/BTC,1528074016640,2018-06-04T01:00:16.640Z,buy,0.00010391,2.0,0.00020782
MDA/BTC,1528074112699,2018-06-04T01:01:52.699Z,sell,0.00010341,20.0,0.0020682
MDA/BTC,1528074112699,2018-06-04T01:01:52.699Z,sell,0.00010327,26.0,0.00268502
MDA/BTC,1528074435342,2018-06-04T01:07:15.342Z,buy,0.00010376,67.0,0.0069519199999999
MDA/BTC,1528074435353,2018-06-04T01:07:15.353Z,sell,0.00010376,258.0,0.0267700799999999
MDA/BTC,1528074435512,2018-06-04T01:07:15.512Z,sell,0.00010376,7164.0,0.74333664
MDA/BTC,1528075162843,2018-06-04T01:19:22.843Z,buy,0.00010365,2175.0,0.22543875
MDA/BTC,1528075162843,2018-06-04T01:19:22.843Z,buy,0.00010365,2377.0,0.2463760499999999
MDA/BTC,1528075162864,2018-06-04T01:19:22.864Z,sell,0.00010365,1768.0,0.1832532
MDA/BTC,1528075267452,2018-06-04T01:21:07.452Z,sell,0.00010367,12.0,0.00124404
MDA/BTC,1528075278959,2018-06-04T01:21:18.959Z,sell,0.00010368,14.0,0.00145152
MDA/BTC,1528075283938,2018-06-04T01:21:23.938Z,buy,0.00010381,19.0,0.00197239
MDA/BTC,1528075291244,2018-06-04T01:21:31.244Z,sell,0.00010368,17.0,0.00176256
MDA/BTC,1528075303116,2018-06-04T01:21:43.116Z,sell,0.00010368,13.0,0.0013478399999999
MDA/BTC,1528075314898,2018-06-04T01:21:54.898Z,sell,0.00010368,14.0,0.00145152
MDA/BTC,1528075326745,2018-06-04T01:22:06.745Z,sell,0.00010368,17.0,0.00176256
MDA/BTC,1528075338683,2018-06-04T01:22:18.683Z,sell,0.00010368,15.0,0.0015551999999999
MDA/BTC,1528075514522,2018-06-04T01:25:14.522Z,sell,0.00010368,12.0,0.00124416
MDA/BTC,1528075514522,2018-06-04T01:25:14.522Z,sell,0.00010367,25.0,0.00259175
MDA/BTC,1528075606208,2018-06-04T01:26:46.208Z,sell,0.0001035,2.0,0.000207
MDA/BTC,1528075647539,2018-06-04T01:27:27.539Z,buy,0.00010374,1.0,0.00010374
MDA/BTC,1528075647724,2018-06-04T01:27:27.724Z,buy,0.00010374,1.0,0.00010374
MDA/BTC,1528075840896,2018-06-04T01:30:40.896Z,buy,0.00010357,37.0,0.00383209
MDA/BTC,1528075840896,2018-06-04T01:30:40.896Z,buy,0.00010359,47.0,0.00486873
MDA/BTC,1528075840896,2018-06-04T01:30:40.896Z,buy,0.0001038,12.0,0.0012456
MDA/BTC,1528075874504,2018-06-04T01:31:14.504Z,buy,0.00010375,11.0,0.00114125
MDA/BTC,1528075874504,2018-06-04T01:31:14.504Z,buy,0.00010376,6.0,0.00062256
MDA/BTC,1528075889293,2018-06-04T01:31:29.293Z,sell,0.00010353,149.0,0.01542597
MDA/BTC,1528075889298,2018-06-04T01:31:29.298Z,buy,0.00010353,330.0,0.0341649
MDA/BTC,1528075889300,2018-06-04T01:31:29.300Z,buy,0.00010353,3962.0,0.41018586
MDA/BTC,1528075889415,2018-06-04T01:31:29.415Z,sell,0.00010353,100.0,0.010353
MDA/BTC,1528076008759,2018-06-04T01:33:28.759Z,sell,0.00010373,1809.0,0.1876475699999999
MDA/BTC,1528076008764,2018-06-04T01:33:28.764Z,buy,0.00010373,1527.0,0.15839571
MDA/BTC,1528076008915,2018-06-04T01:33:28.915Z,buy,0.00010373,4839.0,0.50194947
MDA/BTC,1528076008915,2018-06-04T01:33:28.915Z,buy,0.00010373,4839.0,0.50194947
MDA/BTC,1528076308846,2018-06-04T01:38:28.846Z,buy,0.00010378,18.0,0.00186804
MDA/BTC,1528076342872,2018-06-04T01:39:02.872Z,buy,0.00010386,28.0,0.00290808
MDA/BTC,1528076425101,2018-06-04T01:40:25.101Z,buy,0.00010384,10.0,0.0010383999999999
MDA/BTC,1528076628668,2018-06-04T01:43:48.668Z,buy,0.00010382,1754.0,0.18210028
MDA/BTC,1528076628669,2018-06-04T01:43:48.669Z,buy,0.00010382,2868.0,0.29775576
MDA/BTC,1528076628815,2018-06-04T01:43:48.815Z,sell,0.00010382,16.0,0.00166112
MDA/BTC,1528076628830,2018-06-04T01:43:48.830Z,buy,0.00010382,666.0,0.06914412
MDA/BTC,1528076870346,2018-06-04T01:47:50.346Z,sell,0.00010369,11.0,0.00114059
MDA/BTC,1528076871344,2018-06-04T01:47:51.344Z,sell,0.00010368,952.0,0.0987033599999999
MDA/BTC,1528076873473,2018-06-04T01:47:53.473Z,sell,0.00010363,10.0,0.0010363
MDA/BTC,1528076952034,2018-06-04T01:49:12.034Z,buy,0.00010378,1720.0,0.1785016
MDA/BTC,1528076955776,2018-06-04T01:49:15.776Z,buy,0.00010378,6800.0,0.705704
MDA/BTC,1528076959456,2018-06-04T01:49:19.456Z,buy,0.00010379,10.0,0.0010379
MDA/BTC,1528076959456,2018-06-04T01:49:19.456Z,buy,0.00010381,10068.0,1.04515908
MDA/BTC,1528077068238,2018-06-04T01:51:08.238Z,buy,0.00010347,490.0,0.0507003
MDA/BTC,1528077068260,2018-06-04T01:51:08.260Z,buy,0.00010347,238.0,0.02462586
MDA/BTC,1528077068264,2018-06-04T01:51:08.264Z,buy,0.00010347,387.0,0.04004289
MDA/BTC,1528077068269,2018-06-04T01:51:08.269Z,sell,0.00010347,1664.0,0.17217408
MDA/BTC,1528077068422,2018-06-04T01:51:08.422Z,sell,0.00010347,5188.0,0.53680236
MDA/BTC,1528077079331,2018-06-04T01:51:19.331Z,sell,0.00010351,12.0,0.00124212
MDA/BTC,1528077079331,2018-06-04T01:51:19.331Z,sell,0.0001035,78.0,0.008073
MDA/BTC,1528077079331,2018-06-04T01:51:19.331Z,sell,0.00010348,96.0,0.00993408
MDA/BTC,1528077080100,2018-06-04T01:51:20.100Z,buy,0.00010347,47.0,0.00486309
MDA/BTC,1528077098813,2018-06-04T01:51:38.813Z,sell,0.00010342,15.0,0.0015513
MDA/BTC,1528077110218,2018-06-04T01:51:50.218Z,sell,0.00010341,10.0,0.0010341
MDA/BTC,1528077114799,2018-06-04T01:51:54.799Z,buy,0.00010345,1.0,0.00010345
MDA/BTC,1528077115163,2018-06-04T01:51:55.163Z,buy,0.00010345,1.0,0.00010345
MDA/BTC,1528077232431,2018-06-04T01:53:52.431Z,buy,0.00010329,96.0,0.0099158399999999
MDA/BTC,1528077598081,2018-06-04T01:59:58.081Z,sell,0.00010326,441.0,0.04553766
MDA/BTC,1528077598195,2018-06-04T01:59:58.195Z,sell,0.00010326,1190.0,0.1228794
MDA/BTC,1528077598238,2018-06-04T01:59:58.238Z,sell,0.00010326,6689.0,0.69070614
MDA/BTC,1528077867538,2018-06-04T02:04:27.538Z,sell,0.00010338,14.0,0.00144732
MDA/BTC,1528077874547,2018-06-04T02:04:34.547Z,sell,0.00010337,64.0,0.00661568
MDA/BTC,1528077875544,2018-06-04T02:04:35.544Z,sell,0.00010338,16.0,0.00165408
MDA/BTC,1528078218294,2018-06-04T02:10:18.294Z,sell,0.00010325,18.0,0.0018585
MDA/BTC,1528078218294,2018-06-04T02:10:18.294Z,sell,0.00010324,17.0,0.00175508
MDA/BTC,1528078218294,2018-06-04T02:10:18.294Z,sell,0.00010319,10.0,0.0010319
MDA/BTC,1528078218294,2018-06-04T02:10:18.294Z,sell,0.00010306,36.0,0.00371016
MDA/BTC,1528078223779,2018-06-04T02:10:23.779Z,sell,0.00010307,19.0,0.00195833
MDA/BTC,1528078223779,2018-06-04T02:10:23.779Z,sell,0.00010306,40.0,0.0041224
MDA/BTC,1528078632731,2018-06-04T02:17:12.731Z,sell,0.00010307,11.0,0.00113377
MDA/BTC,1528078632731,2018-06-04T02:17:12.731Z,sell,0.00010306,88.0,0.00906928
MDA/BTC,1528078632731,2018-06-04T02:17:12.731Z,sell,0.00010305,143.0,0.01473615
MDA/BTC,1528078963827,2018-06-04T02:22:43.827Z,sell,0.00010307,15.0,0.00154605
MDA/BTC,1528078965214,2018-06-04T02:22:45.214Z,buy,0.00010306,185.0,0.0190661
MDA/BTC,1528079019801,2018-06-04T02:23:39.801Z,sell,0.00010305,81.0,0.00834705
MDA/BTC,1528079022524,2018-06-04T02:23:42.524Z,sell,0.00010305,776.0,0.0799668
MDA/BTC,1528079022524,2018-06-04T02:23:42.524Z,sell,0.00010297,986.0,0.10152842
MDA/BTC,1528079022524,2018-06-04T02:23:42.524Z,sell,0.00010296,1000.0,0.10296
MDA/BTC,1528079022524,2018-06-04T02:23:42.524Z,sell,0.00010291,1578.0,0.16239198
MDA/BTC,1528079114245,2018-06-04T02:25:14.245Z,sell,0.00010297,97.0,0.00998809
MDA/BTC,1528079114245,2018-06-04T02:25:14.245Z,sell,0.00010296,1000.0,0.10296
MDA/BTC,1528079129464,2018-06-04T02:25:29.464Z,buy,0.00010295,11.0,0.00113245
MDA/BTC,1528079137540,2018-06-04T02:25:37.540Z,buy,0.00010296,85.0,0.0087516
MDA/BTC,1528079206596,2018-06-04T02:26:46.596Z,buy,0.00010322,1.0,0.00010322
MDA/BTC,1528079206617,2018-06-04T02:26:46.617Z,buy,0.00010322,1.0,0.00010322
MDA/BTC,1528079206682,2018-06-04T02:26:46.682Z,buy,0.00010322,1.0,0.00010322
MDA/BTC,1528079206733,2018-06-04T02:26:46.733Z,buy,0.00010322,1.0,0.00010322
MDA/BTC,1528079243382,2018-06-04T02:27:23.382Z,buy,0.00010316,1.0,0.00010316
MDA/BTC,1528079591357,2018-06-04T02:33:11.357Z,buy,0.00010315,16.0,0.0016504
MDA/BTC,1528079591357,2018-06-04T02:33:11.357Z,buy,0.00010316,269.0,0.02775004
MDA/BTC,1528079591357,2018-06-04T02:33:11.357Z,buy,0.00010329,164.0,0.01693956
MDA/BTC,1528079591357,2018-06-04T02:33:11.357Z,buy,0.0001033,1000.0,0.1033
MDA/BTC,1528079591357,2018-06-04T02:33:11.357Z,buy,0.00010331,127.0,0.01312037
MDA/BTC,1528079591357,2018-06-04T02:33:11.357Z,buy,0.00010335,612.0,0.0632502
MDA/BTC,1528079591357,2018-06-04T02:33:11.357Z,buy,0.00010338,988.0,0.10213944
MDA/BTC,1528079591357,2018-06-04T02:33:11.357Z,buy,0.00010339,1130.0,0.1168307
MDA/BTC,1528079591357,2018-06-04T02:33:11.357Z,buy,0.0001034,130.0,0.013442
MDA/BTC,1528079591357,2018-06-04T02:33:11.357Z,buy,0.00010344,382.0,0.03951408
MDA/BTC,1528079599153,2018-06-04T02:33:19.153Z,buy,0.00010341,130.0,0.0134433
MDA/BTC,1528079599153,2018-06-04T02:33:19.153Z,buy,0.00010344,164.0,0.01696416
MDA/BTC,1528079606836,2018-06-04T02:33:26.836Z,buy,0.00010347,3000.0,0.3104099999999999
MDA/BTC,1528079606836,2018-06-04T02:33:26.836Z,buy,0.00010347,3000.0,0.3104099999999999
MDA/BTC,1528080027314,2018-06-04T02:40:27.314Z,buy,0.00010322,28.0,0.00289016
MDA/BTC,1528080027471,2018-06-04T02:40:27.471Z,buy,0.00010322,25.0,0.0025805
MDA/BTC,1528080027479,2018-06-04T02:40:27.479Z,buy,0.00010322,5494.0,0.5670906800000001
MDA/BTC,1528080188449,2018-06-04T02:43:08.449Z,buy,0.00010333,1192.0,0.12316936
MDA/BTC,1528080188452,2018-06-04T02:43:08.452Z,buy,0.00010333,232.0,0.02397256
MDA/BTC,1528080188459,2018-06-04T02:43:08.459Z,sell,0.00010333,512.0,0.05290496
MDA/BTC,1528080188566,2018-06-04T02:43:08.566Z,sell,0.00010333,3667.0,0.37891111
MDA/BTC,1528080841262,2018-06-04T02:54:01.262Z,sell,0.00010309,17.0,0.00175253
MDA/BTC,1528080841262,2018-06-04T02:54:01.262Z,sell,0.00010308,130.0,0.0134004
MDA/BTC,1528080841262,2018-06-04T02:54:01.262Z,sell,0.00010303,130.0,0.0133938999999999
MDA/BTC,1528080841262,2018-06-04T02:54:01.262Z,sell,0.00010301,9.0,0.00092709
MDA/BTC,1528080877939,2018-06-04T02:54:37.939Z,sell,0.00010304,20.0,0.0020608
MDA/BTC,1528081729261,2018-06-04T03:08:49.261Z,sell,0.00010305,15.0,0.00154575
MDA/BTC,1528081729261,2018-06-04T03:08:49.261Z,sell,0.00010303,10.0,0.0010303
MDA/BTC,1528081729261,2018-06-04T03:08:49.261Z,sell,0.00010302,72.0,0.00741744
MDA/BTC,1528081729678,2018-06-04T03:08:49.678Z,sell,0.00010302,25.0,0.0025755
MDA/BTC,1528081729678,2018-06-04T03:08:49.678Z,sell,0.00010301,1.0,0.00010301
MDA/BTC,1528081729678,2018-06-04T03:08:49.678Z,sell,0.000103,71.0,0.007313
MDA/BTC,1528081730686,2018-06-04T03:08:50.686Z,buy,0.00010342,19.0,0.00196498
MDA/BTC,1528081730686,2018-06-04T03:08:50.686Z,buy,0.00010343,2.0,0.00020686
MDA/BTC,1528082016737,2018-06-04T03:13:36.737Z,buy,0.00010344,18.0,0.00186192
MDA/BTC,1528082016737,2018-06-04T03:13:36.737Z,buy,0.00010345,78.0,0.0080691
MDA/BTC,1528082227060,2018-06-04T03:17:07.060Z,sell,0.00010315,12.0,0.0012378
MDA/BTC,1528082231407,2018-06-04T03:17:11.407Z,buy,0.00010315,38.0,0.0039197
MDA/BTC,1528082399689,2018-06-04T03:19:59.689Z,buy,0.00010342,16.0,0.00165472
MDA/BTC,1528082399689,2018-06-04T03:19:59.689Z,buy,0.00010343,80.0,0.0082744
MDA/BTC,1528082399689,2018-06-04T03:19:59.689Z,buy,0.00010342,16.0,0.00165472
MDA/BTC,1528082399689,2018-06-04T03:19:59.689Z,buy,0.00010343,80.0,0.0082744
MDA/BTC,1528083240496,2018-06-04T03:34:00.496Z,sell,0.00010309,13.0,0.00134017
MDA/BTC,1528083240496,2018-06-04T03:34:00.496Z,sell,0.00010308,65.0,0.0067002
MDA/BTC,1528083240496,2018-06-04T03:34:00.496Z,sell,0.000103,4.0,0.000412
MDA/BTC,1528084539261,2018-06-04T03:55:39.261Z,buy,0.0001034,130.0,0.013442
MDA/BTC,1528084539695,2018-06-04T03:55:39.695Z,sell,0.0001034,1040.0,0.107536
MDA/BTC,1528084550289,2018-06-04T03:55:50.289Z,buy,0.00010342,12.0,0.00124104
MDA/BTC,1528084551143,2018-06-04T03:55:51.143Z,buy,0.00010343,81.0,0.00837783
MDA/BTC,1528084580116,2018-06-04T03:56:20.116Z,buy,0.00010346,13.0,0.00134498
MDA/BTC,1528084580985,2018-06-04T03:56:20.985Z,buy,0.00010347,589.0,0.06094383
MDA/BTC,1528084581139,2018-06-04T03:56:21.139Z,buy,0.00010347,241.0,0.02493627
MDA/BTC,1528084597739,2018-06-04T03:56:37.739Z,sell,0.0001033,19.0,0.0019627
MDA/BTC,1528085071014,2018-06-04T04:04:31.014Z,buy,0.00010344,16.0,0.00165504
MDA/BTC,1528085072733,2018-06-04T04:04:32.733Z,sell,0.00010344,84.0,0.0086889599999999
MDA/BTC,1528085245388,2018-06-04T04:07:25.388Z,sell,0.00010331,1.0,0.00010331
MDA/BTC,1528085794319,2018-06-04T04:16:34.319Z,buy,0.00010343,12.0,0.00124116
MDA/BTC,1528085794319,2018-06-04T04:16:34.319Z,buy,0.00010344,52.0,0.00537888
MDA/BTC,1528085794319,2018-06-04T04:16:34.319Z,buy,0.00010346,32.0,0.00331072
MDA/BTC,1528085832278,2018-06-04T04:17:12.278Z,buy,0.00010345,11.0,0.00113795
MDA/BTC,1528085837263,2018-06-04T04:17:17.263Z,buy,0.00010346,249.0,0.02576154
MDA/BTC,1528085931874,2018-06-04T04:18:51.874Z,buy,0.00010346,13.0,0.00134498
MDA/BTC,1528085931874,2018-06-04T04:18:51.874Z,buy,0.00010346,13.0,0.00134498
MDA/BTC,1528086095859,2018-06-04T04:21:35.859Z,sell,0.00010346,7.0,0.00072422
MDA/BTC,1528086095859,2018-06-04T04:21:35.859Z,sell,0.0001033,1.0,0.0001033
MDA/BTC,1528086095859,2018-06-04T04:21:35.859Z,sell,0.00010315,78.0,0.0080457
MDA/BTC,1528086095859,2018-06-04T04:21:35.859Z,sell,0.00010306,102.0,0.01051212
MDA/BTC,1528086129659,2018-06-04T04:22:09.659Z,buy,0.00010342,4499.0,0.46528658
MDA/BTC,1528086129666,2018-06-04T04:22:09.666Z,buy,0.00010342,34.0,0.0035162799999999
MDA/BTC,1528086129813,2018-06-04T04:22:09.813Z,buy,0.00010342,702.0,0.07260084
MDA/BTC,1528086255643,2018-06-04T04:24:15.643Z,sell,0.00010305,12.0,0.0012366
MDA/BTC,1528086255643,2018-06-04T04:24:15.643Z,sell,0.00010304,7.0,0.00072128
MDA/BTC,1528086256507,2018-06-04T04:24:16.507Z,sell,0.00010301,19.0,0.00195719
MDA/BTC,1528086256870,2018-06-04T04:24:16.870Z,sell,0.00010303,7.0,0.0007212099999999
MDA/BTC,1528086412558,2018-06-04T04:26:52.558Z,sell,0.00010303,71.0,0.0073151299999999
MDA/BTC,1528086413340,2018-06-04T04:26:53.340Z,sell,0.00010303,56.0,0.0057696799999999
MDA/BTC,1528086418924,2018-06-04T04:26:58.924Z,sell,0.00010304,130.0,0.0133952
MDA/BTC,1528086425141,2018-06-04T04:27:05.141Z,sell,0.000103,116.0,0.011948
MDA/BTC,1528086446567,2018-06-04T04:27:26.567Z,sell,0.00010304,98.0,0.01009792
MDA/BTC,1528086456758,2018-06-04T04:27:36.758Z,sell,0.00010305,16.0,0.0016488
MDA/BTC,1528086456758,2018-06-04T04:27:36.758Z,sell,0.00010304,25.0,0.002576
MDA/BTC,1528086522715,2018-06-04T04:28:42.715Z,sell,0.000103,64.0,0.006592
MDA/BTC,1528086676729,2018-06-04T04:31:16.729Z,sell,0.000103,44.0,0.004532
MDA/BTC,1528086684820,2018-06-04T04:31:24.820Z,buy,0.00010309,1.0,0.00010309
MDA/BTC,1528086684844,2018-06-04T04:31:24.844Z,buy,0.00010309,1.0,0.00010309
MDA/BTC,1528086684959,2018-06-04T04:31:24.959Z,buy,0.00010309,1.0,0.00010309
MDA/BTC,1528086721777,2018-06-04T04:32:01.777Z,buy,0.00010304,97.0,0.00999488
MDA/BTC,1528086736565,2018-06-04T04:32:16.565Z,buy,0.00010305,43.0,0.00443115
MDA/BTC,1528086753096,2018-06-04T04:32:33.096Z,sell,0.00010303,11.0,0.0011333299999999
MDA/BTC,1528086753096,2018-06-04T04:32:33.096Z,sell,0.00010302,39.0,0.00401778
MDA/BTC,1528087018784,2018-06-04T04:36:58.784Z,buy,0.00010317,2.0,0.00020634
MDA/BTC,1528087188819,2018-06-04T04:39:48.819Z,buy,0.00010311,1062.0,0.1095028199999999
MDA/BTC,1528087188978,2018-06-04T04:39:48.978Z,buy,0.00010311,615.0,0.06341265
MDA/BTC,1528087188984,2018-06-04T04:39:48.984Z,buy,0.00010311,4088.0,0.42151368
MDA/BTC,1528087598244,2018-06-04T04:46:38.244Z,buy,0.00010309,17.0,0.00175253
MDA/BTC,1528087680713,2018-06-04T04:48:00.713Z,buy,0.00010305,130.0,0.0133965
MDA/BTC,1528087689999,2018-06-04T04:48:09.999Z,buy,0.00010306,17.0,0.00175202
MDA/BTC,1528087894614,2018-06-04T04:51:34.614Z,buy,0.0001032,96.0,0.0099072
MDA/BTC,1528088013992,2018-06-04T04:53:33.992Z,sell,0.00010301,291.0,0.02997591
MDA/BTC,1528088031789,2018-06-04T04:53:51.789Z,buy,0.00010303,1.0,0.00010303
MDA/BTC,1528088031811,2018-06-04T04:53:51.811Z,buy,0.00010303,1.0,0.00010303
MDA/BTC,1528088037132,2018-06-04T04:53:57.132Z,sell,0.000103,17.0,0.001751
MDA/BTC,1528088055082,2018-06-04T04:54:15.082Z,buy,0.00010304,19.0,0.00195776
MDA/BTC,1528088067172,2018-06-04T04:54:27.172Z,buy,0.00010304,26.0,0.00267904
MDA/BTC,1528088215096,2018-06-04T04:56:55.096Z,sell,0.00010304,61.0,0.00628544
MDA/BTC,1528088235340,2018-06-04T04:57:15.340Z,buy,0.00010308,130.0,0.0134004
MDA/BTC,1528088590941,2018-06-04T05:03:10.941Z,buy,0.00010305,1411.0,0.14540355
MDA/BTC,1528088590954,2018-06-04T05:03:10.954Z,sell,0.00010305,1930.0,0.1988865
MDA/BTC,1528088591108,2018-06-04T05:03:11.108Z,buy,0.00010305,4448.0,0.4583664
MDA/BTC,1528088762886,2018-06-04T05:06:02.886Z,sell,0.000103,11.0,0.001133
MDA/BTC,1528088784922,2018-06-04T05:06:24.922Z,sell,0.000103,18.0,0.001854
MDA/BTC,1528088792047,2018-06-04T05:06:32.047Z,sell,0.00010299,546.0,0.05623254
MDA/BTC,1528088794502,2018-06-04T05:06:34.502Z,buy,0.00010302,1.0,0.00010302
MDA/BTC,1528088794900,2018-06-04T05:06:34.900Z,buy,0.00010302,1.0,0.00010302
MDA/BTC,1528088828692,2018-06-04T05:07:08.692Z,buy,0.00010296,1.0,0.00010296
MDA/BTC,1528088829937,2018-06-04T05:07:09.937Z,buy,0.00010296,1.0,0.00010296
MDA/BTC,1528088872636,2018-06-04T05:07:52.636Z,buy,0.00010294,1.0,0.00010294
MDA/BTC,1528088874339,2018-06-04T05:07:54.339Z,buy,0.00010294,120.0,0.0123528
MDA/BTC,1528088973344,2018-06-04T05:09:33.344Z,sell,0.00010295,17.0,0.00175015
MDA/BTC,1528088974069,2018-06-04T05:09:34.069Z,sell,0.00010291,13.0,0.00133783
MDA/BTC,1528089064837,2018-06-04T05:11:04.837Z,buy,0.00010299,19.0,0.00195681
MDA/BTC,1528089064837,2018-06-04T05:11:04.837Z,buy,0.00010305,19.0,0.00195795
MDA/BTC,1528089064837,2018-06-04T05:11:04.837Z,buy,0.00010314,10.0,0.0010314
MDA/BTC,1528089064837,2018-06-04T05:11:04.837Z,buy,0.00010328,49.0,0.00506072
MDA/BTC,1528089128218,2018-06-04T05:12:08.218Z,sell,0.00010306,15.0,0.0015459
MDA/BTC,1528089128218,2018-06-04T05:12:08.218Z,sell,0.00010305,34.0,0.0035037
MDA/BTC,1528089220882,2018-06-04T05:13:40.882Z,buy,0.00010318,59.0,0.00608762
MDA/BTC,1528089220891,2018-06-04T05:13:40.891Z,sell,0.00010318,3047.0,0.31438946
MDA/BTC,1528089220897,2018-06-04T05:13:40.897Z,buy,0.00010318,189.0,0.01950102
MDA/BTC,1528089220904,2018-06-04T05:13:40.904Z,sell,0.00010318,5631.0,0.5810065799999999
MDA/BTC,1528089453640,2018-06-04T05:17:33.640Z,sell,0.00010305,101.0,0.01040805
MDA/BTC,1528089455566,2018-06-04T05:17:35.566Z,sell,0.00010294,105.0,0.0108087
MDA/BTC,1528089456529,2018-06-04T05:17:36.529Z,sell,0.00010294,144.0,0.01482336
MDA/BTC,1528089496800,2018-06-04T05:18:16.800Z,sell,0.00010294,8.0,0.00082352
MDA/BTC,1528089496800,2018-06-04T05:18:16.800Z,sell,0.00010294,8.0,0.00082352
MDA/BTC,1528089547363,2018-06-04T05:19:07.363Z,buy,0.00010309,17.0,0.00175253
MDA/BTC,1528089547363,2018-06-04T05:19:07.363Z,buy,0.00010311,80.0,0.0082487999999999
MDA/BTC,1528089759054,2018-06-04T05:22:39.054Z,sell,0.00010292,19.0,0.00195548
MDA/BTC,1528089759054,2018-06-04T05:22:39.054Z,sell,0.00010291,89.0,0.00915899
MDA/BTC,1528089862641,2018-06-04T05:24:22.641Z,buy,0.0001031,14.0,0.0014434
MDA/BTC,1528089862641,2018-06-04T05:24:22.641Z,buy,0.00010311,5.0,0.0005155499999999
MDA/BTC,1528090097235,2018-06-04T05:28:17.235Z,buy,0.00010296,431.0,0.04437576
MDA/BTC,1528090097237,2018-06-04T05:28:17.237Z,sell,0.00010296,1841.0,0.18954936
MDA/BTC,1528090097238,2018-06-04T05:28:17.238Z,buy,0.00010296,51.0,0.00525096
MDA/BTC,1528090097241,2018-06-04T05:28:17.241Z,buy,0.00010296,3472.0,0.35747712
MDA/BTC,1528091024448,2018-06-04T05:43:44.448Z,buy,0.00010301,1882.0,0.19386482
MDA/BTC,1528091024469,2018-06-04T05:43:44.469Z,buy,0.00010301,1838.0,0.18933238
MDA/BTC,1528091024619,2018-06-04T05:43:44.619Z,buy,0.00010301,2413.0,0.24856313
MDA/BTC,1528091190712,2018-06-04T05:46:30.712Z,buy,0.00010311,96.0,0.0098985599999999
MDA/BTC,1528091324358,2018-06-04T05:48:44.358Z,buy,0.0001031,15.0,0.0015465
MDA/BTC,1528091324358,2018-06-04T05:48:44.358Z,buy,0.00010311,30.0,0.0030932999999999
MDA/BTC,1528091608795,2018-06-04T05:53:28.795Z,buy,0.0001031,11.0,0.0011341
MDA/BTC,1528091608795,2018-06-04T05:53:28.795Z,buy,0.00010311,65.0,0.00670215
MDA/BTC,1528091934662,2018-06-04T05:58:54.662Z,sell,0.00010292,18.0,0.00185256
MDA/BTC,1528091934662,2018-06-04T05:58:54.662Z,sell,0.00010291,31.0,0.00319021
MDA/BTC,1528092012753,2018-06-04T06:00:12.753Z,buy,0.00010311,20.0,0.0020621999999999
MDA/BTC,1528092376592,2018-06-04T06:06:16.592Z,buy,0.00010293,46.0,0.00473478
MDA/BTC,1528092588007,2018-06-04T06:09:48.007Z,sell,0.00010293,11.0,0.00113223
MDA/BTC,1528092588007,2018-06-04T06:09:48.007Z,sell,0.00010291,3614.0,0.37191674
MDA/BTC,1528092913619,2018-06-04T06:15:13.619Z,sell,0.00010292,19.0,0.00195548
MDA/BTC,1528092926799,2018-06-04T06:15:26.799Z,buy,0.00010292,27.0,0.00277884
MDA/BTC,1528093081069,2018-06-04T06:18:01.069Z,sell,0.00010292,17.0,0.00174964
MDA/BTC,1528093081069,2018-06-04T06:18:01.069Z,sell,0.00010291,345.0,0.03550395
MDA/BTC,1528093081069,2018-06-04T06:18:01.069Z,sell,0.00010292,17.0,0.00174964
MDA/BTC,1528093081069,2018-06-04T06:18:01.069Z,sell,0.00010291,345.0,0.03550395
MDA/BTC,1528093230185,2018-06-04T06:20:30.185Z,buy,0.00010296,211.0,0.02172456
MDA/BTC,1528093246844,2018-06-04T06:20:46.844Z,buy,0.00010295,610.0,0.0627995
MDA/BTC,1528093249279,2018-06-04T06:20:49.279Z,buy,0.00010311,97.0,0.0100016699999999
MDA/BTC,1528094026704,2018-06-04T06:33:46.704Z,buy,0.0001031,12.0,0.0012372
MDA/BTC,1528094026704,2018-06-04T06:33:46.704Z,buy,0.00010311,84.0,0.0086612399999999
MDA/BTC,1528094116322,2018-06-04T06:35:16.322Z,sell,0.00010292,12.0,0.00123504
MDA/BTC,1528094117212,2018-06-04T06:35:17.212Z,sell,0.00010291,2057.0,0.21168587
MDA/BTC,1528094121412,2018-06-04T06:35:21.412Z,buy,0.00010292,92.0,0.00946864
MDA/BTC,1528094136062,2018-06-04T06:35:36.062Z,sell,0.00010292,13.0,0.00133796
MDA/BTC,1528094167224,2018-06-04T06:36:07.224Z,sell,0.00010291,1846.0,0.18997186
MDA/BTC,1528094181326,2018-06-04T06:36:21.326Z,sell,0.00010289,12.0,0.00123468
MDA/BTC,1528094185079,2018-06-04T06:36:25.079Z,sell,0.00010289,13.0,0.00133757
MDA/BTC,1528094203163,2018-06-04T06:36:43.163Z,sell,0.00010288,10.0,0.0010288
MDA/BTC,1528094203163,2018-06-04T06:36:43.163Z,sell,0.00010287,22.0,0.00226314
MDA/BTC,1528094203163,2018-06-04T06:36:43.163Z,sell,0.00010283,22.0,0.00226226
MDA/BTC,1528094206085,2018-06-04T06:36:46.085Z,sell,0.00010281,18.0,0.00185058
MDA/BTC,1528094206134,2018-06-04T06:36:46.134Z,sell,0.0001028,41.0,0.0042148
MDA/BTC,1528094234307,2018-06-04T06:37:14.307Z,sell,0.00010278,12.0,0.00123336
MDA/BTC,1528094244320,2018-06-04T06:37:24.320Z,sell,0.00010278,17.0,0.00174726
MDA/BTC,1528094249078,2018-06-04T06:37:29.078Z,sell,0.00010278,13.0,0.00133614
MDA/BTC,1528094260137,2018-06-04T06:37:40.137Z,sell,0.00010278,16.0,0.00164448
MDA/BTC,1528094273079,2018-06-04T06:37:53.079Z,sell,0.00010278,17.0,0.00174726
MDA/BTC,1528094277164,2018-06-04T06:37:57.164Z,sell,0.00010277,10.0,0.0010276999999999
MDA/BTC,1528094277164,2018-06-04T06:37:57.164Z,sell,0.00010273,30.0,0.0030819
MDA/BTC,1528094277164,2018-06-04T06:37:57.164Z,sell,0.00010272,17.0,0.00174624
MDA/BTC,1528094282345,2018-06-04T06:38:02.345Z,sell,0.00010272,18.0,0.00184896
MDA/BTC,1528094290281,2018-06-04T06:38:10.281Z,sell,0.00010272,14.0,0.00143808
MDA/BTC,1528094293876,2018-06-04T06:38:13.876Z,sell,0.00010271,10.0,0.0010271
MDA/BTC,1528094306256,2018-06-04T06:38:26.256Z,sell,0.00010269,14.0,0.00143766
MDA/BTC,1528094323077,2018-06-04T06:38:43.077Z,sell,0.00010269,17.0,0.0017457299999999
MDA/BTC,1528094349142,2018-06-04T06:39:09.142Z,sell,0.0001027,19.0,0.0019513
MDA/BTC,1528094349175,2018-06-04T06:39:09.175Z,sell,0.00010268,10.0,0.0010268
MDA/BTC,1528094349175,2018-06-04T06:39:09.175Z,sell,0.00010267,22.0,0.00225874
MDA/BTC,1528094359348,2018-06-04T06:39:19.348Z,buy,0.00010286,1.0,0.00010286
MDA/BTC,1528094359410,2018-06-04T06:39:19.410Z,buy,0.00010286,1.0,0.00010286
MDA/BTC,1528094359679,2018-06-04T06:39:19.679Z,buy,0.00010286,1.0,0.00010286
MDA/BTC,1528094359695,2018-06-04T06:39:19.695Z,buy,0.00010286,1.0,0.00010286
MDA/BTC,1528094505093,2018-06-04T06:41:45.093Z,buy,0.00010284,1.0,0.00010284
MDA/BTC,1528094505297,2018-06-04T06:41:45.297Z,buy,0.00010284,1.0,0.00010284
MDA/BTC,1528094508709,2018-06-04T06:41:48.709Z,sell,0.00010281,130.0,0.0133653
MDA/BTC,1528094589805,2018-06-04T06:43:09.805Z,buy,0.00010285,10.0,0.0010285
MDA/BTC,1528094630028,2018-06-04T06:43:50.028Z,sell,0.0001026,11.0,0.0011286
MDA/BTC,1528094630028,2018-06-04T06:43:50.028Z,sell,0.00010251,85.0,0.00871335
MDA/BTC,1528094650495,2018-06-04T06:44:10.495Z,sell,0.0001026,17.0,0.0017442
MDA/BTC,1528094659454,2018-06-04T06:44:19.454Z,buy,0.0001026,1.0,0.0001026
MDA/BTC,1528094659651,2018-06-04T06:44:19.651Z,buy,0.0001026,1.0,0.0001026
MDA/BTC,1528094659714,2018-06-04T06:44:19.714Z,buy,0.0001026,1.0,0.0001026
MDA/BTC,1528094659737,2018-06-04T06:44:19.737Z,buy,0.0001026,1.0,0.0001026
MDA/BTC,1528094659767,2018-06-04T06:44:19.767Z,buy,0.0001026,1.0,0.0001026
MDA/BTC,1528094659920,2018-06-04T06:44:19.920Z,buy,0.0001026,1.0,0.0001026
MDA/BTC,1528094659995,2018-06-04T06:44:19.995Z,buy,0.0001026,1.0,0.0001026
MDA/BTC,1528094660074,2018-06-04T06:44:20.074Z,buy,0.0001026,1.0,0.0001026
MDA/BTC,1528094660293,2018-06-04T06:44:20.293Z,buy,0.0001026,1.0,0.0001026
MDA/BTC,1528094660368,2018-06-04T06:44:20.368Z,buy,0.0001026,1.0,0.0001026
MDA/BTC,1528094660648,2018-06-04T06:44:20.648Z,buy,0.0001026,1.0,0.0001026
MDA/BTC,1528094660656,2018-06-04T06:44:20.656Z,buy,0.0001026,1.0,0.0001026
MDA/BTC,1528094660669,2018-06-04T06:44:20.669Z,buy,0.0001026,1.0,0.0001026
MDA/BTC,1528094660728,2018-06-04T06:44:20.728Z,buy,0.0001026,1.0,0.0001026
MDA/BTC,1528094660739,2018-06-04T06:44:20.739Z,buy,0.0001026,1.0,0.0001026
MDA/BTC,1528094660869,2018-06-04T06:44:20.869Z,buy,0.0001026,1.0,0.0001026
MDA/BTC,1528094661318,2018-06-04T06:44:21.318Z,buy,0.0001026,1.0,0.0001026
MDA/BTC,1528094674182,2018-06-04T06:44:34.182Z,sell,0.00010247,96.0,0.00983712
MDA/BTC,1528094675287,2018-06-04T06:44:35.287Z,sell,0.00010247,52.0,0.00532844
MDA/BTC,1528094675287,2018-06-04T06:44:35.287Z,sell,0.00010245,10.0,0.0010245
MDA/BTC,1528094675287,2018-06-04T06:44:35.287Z,sell,0.00010229,35.0,0.00358015
MDA/BTC,1528094675543,2018-06-04T06:44:35.543Z,buy,0.00010242,39.0,0.00399438
MDA/BTC,1528094676143,2018-06-04T06:44:36.143Z,buy,0.00010242,59.0,0.00604278
MDA/BTC,1528094701356,2018-06-04T06:45:01.356Z,sell,0.0001023,18.0,0.0018414
MDA/BTC,1528094701356,2018-06-04T06:45:01.356Z,sell,0.00010229,78.0,0.00797862
MDA/BTC,1528094746297,2018-06-04T06:45:46.297Z,buy,0.0001026,13.0,0.0013338
MDA/BTC,1528094746576,2018-06-04T06:45:46.576Z,buy,0.0001026,70.0,0.007182
MDA/BTC,1528095035082,2018-06-04T06:50:35.082Z,buy,0.00010257,19.0,0.00194883
MDA/BTC,1528095035145,2018-06-04T06:50:35.145Z,buy,0.00010258,21.0,0.00215418
MDA/BTC,1528095066331,2018-06-04T06:51:06.331Z,buy,0.00010263,11.0,0.00112893
MDA/BTC,1528095067066,2018-06-04T06:51:07.066Z,buy,0.00010264,150.0,0.015396
MDA/BTC,1528095610575,2018-06-04T07:00:10.575Z,sell,0.00010245,10.0,0.0010245
MDA/BTC,1528095610575,2018-06-04T07:00:10.575Z,sell,0.00010233,410.0,0.0419553
MDA/BTC,1528095610938,2018-06-04T07:00:10.938Z,buy,0.00010233,11.0,0.00112563
MDA/BTC,1528095612290,2018-06-04T07:00:12.290Z,buy,0.00010233,91.0,0.00931203
MDA/BTC,1528095628554,2018-06-04T07:00:28.554Z,buy,0.00010231,1.0,0.00010231
MDA/BTC,1528095628834,2018-06-04T07:00:28.834Z,buy,0.00010231,1.0,0.00010231
MDA/BTC,1528095628880,2018-06-04T07:00:28.880Z,buy,0.00010231,1.0,0.00010231
MDA/BTC,1528095629564,2018-06-04T07:00:29.564Z,buy,0.00010231,1.0,0.00010231
MDA/BTC,1528095629662,2018-06-04T07:00:29.662Z,buy,0.00010231,1.0,0.00010231
MDA/BTC,1528095629877,2018-06-04T07:00:29.877Z,buy,0.00010231,1.0,0.00010231
MDA/BTC,1528095629946,2018-06-04T07:00:29.946Z,buy,0.00010231,1.0,0.00010231
MDA/BTC,1528095629952,2018-06-04T07:00:29.952Z,buy,0.00010231,1.0,0.00010231
MDA/BTC,1528095630073,2018-06-04T07:00:30.073Z,buy,0.00010231,1.0,0.00010231
MDA/BTC,1528095630431,2018-06-04T07:00:30.431Z,buy,0.00010231,1.0,0.00010231
MDA/BTC,1528095630435,2018-06-04T07:00:30.435Z,buy,0.00010231,1.0,0.00010231
MDA/BTC,1528095630517,2018-06-04T07:00:30.517Z,buy,0.00010231,1.0,0.00010231
MDA/BTC,1528095630558,2018-06-04T07:00:30.558Z,buy,0.00010231,1.0,0.00010231
MDA/BTC,1528095630642,2018-06-04T07:00:30.642Z,buy,0.00010231,1.0,0.00010231
MDA/BTC,1528095630955,2018-06-04T07:00:30.955Z,buy,0.00010231,2.0,0.00020462
MDA/BTC,1528095631060,2018-06-04T07:00:31.060Z,buy,0.00010231,1.0,0.00010231
MDA/BTC,1528095632705,2018-06-04T07:00:32.705Z,buy,0.00010231,1.0,0.00010231
MDA/BTC,1528095641389,2018-06-04T07:00:41.389Z,sell,0.00010229,15.0,0.0015343499999999
MDA/BTC,1528095643568,2018-06-04T07:00:43.568Z,sell,0.00010228,33.0,0.00337524
MDA/BTC,1528095667426,2018-06-04T07:01:07.426Z,buy,0.00010227,182.0,0.01861314
MDA/BTC,1528095671314,2018-06-04T07:01:11.314Z,sell,0.00010222,18.0,0.0018399599999999
