symbol,timestamp,datetime,side,price,amount,btc_volume
MITH/BTC,1585843303652,2020-04-02T16:01:43.652Z,sell,5.2e-07,27274.0,0.01418248
MITH/BTC,1585843308523,2020-04-02T16:01:48.523Z,sell,5.2e-07,3971.0,0.00206492
MITH/BTC,1585843314450,2020-04-02T16:01:54.450Z,sell,5.2e-07,12014.0,0.00624728
MITH/BTC,1585843367486,2020-04-02T16:02:47.486Z,sell,5.2e-07,96056.0,0.04994912
MITH/BTC,1585843396953,2020-04-02T16:03:16.953Z,sell,5.2e-07,1317.0,0.00068484
MITH/BTC,1585843520437,2020-04-02T16:05:20.437Z,sell,5.2e-07,73301.0,0.03811652
MITH/BTC,1585843521509,2020-04-02T16:05:21.509Z,buy,5.2e-07,24391.0,0.01268332
MITH/BTC,1585843525789,2020-04-02T16:05:25.789Z,buy,5.2e-07,10652.0,0.00553904
MITH/BTC,1585843724235,2020-04-02T16:08:44.235Z,sell,5.1e-07,60922.0,0.03107022
MITH/BTC,1585843744107,2020-04-02T16:09:04.107Z,sell,5.1e-07,16745.0,0.00853995
MITH/BTC,1585843793096,2020-04-02T16:09:53.096Z,sell,5.1e-07,730.0,0.0003723
MITH/BTC,1585843948269,2020-04-02T16:12:28.269Z,sell,5.1e-07,184999.0,0.09434949
MITH/BTC,1585844742935,2020-04-02T16:25:42.935Z,sell,5.1e-07,4701.0,0.00239751
MITH/BTC,1585845092123,2020-04-02T16:31:32.123Z,buy,5.2e-07,301731.0,0.15690012
MITH/BTC,1585845647106,2020-04-02T16:40:47.106Z,sell,5.1e-07,12014.0,0.00612714
MITH/BTC,1585845734196,2020-04-02T16:42:14.196Z,sell,5.1e-07,280000.0,0.1428
MITH/BTC,1585845873254,2020-04-02T16:44:33.254Z,sell,5.1e-07,374783.0,0.19113933
MITH/BTC,1585846203673,2020-04-02T16:50:03.673Z,sell,5.1e-07,49780.0,0.0253878
MITH/BTC,1585846363766,2020-04-02T16:52:43.766Z,sell,5.1e-07,75762.0,0.03863862
MITH/BTC,1585846363766,2020-04-02T16:52:43.766Z,sell,5.1e-07,75762.0,0.03863862
MITH/BTC,1585846954572,2020-04-02T17:02:34.572Z,sell,5.1e-07,473334.0,0.24140034
MITH/BTC,1585846972783,2020-04-02T17:02:52.783Z,sell,5.1e-07,39147.0,0.01996497
MITH/BTC,1585846997020,2020-04-02T17:03:17.020Z,sell,5.1e-07,54924.0,0.02801124
MITH/BTC,1585847001862,2020-04-02T17:03:21.862Z,sell,5.1e-07,6314.0,0.00322014
MITH/BTC,1585847007754,2020-04-02T17:03:27.754Z,buy,5.1e-07,257.0,0.00013107
MITH/BTC,1585847057010,2020-04-02T17:04:17.010Z,sell,5e-07,1650.0,0.000825
MITH/BTC,1585847057010,2020-04-02T17:04:17.010Z,sell,5e-07,1000.0,0.0005
MITH/BTC,1585847062934,2020-04-02T17:04:22.934Z,sell,5e-07,132423.0,0.0662114999999999
MITH/BTC,1585847069468,2020-04-02T17:04:29.468Z,sell,5e-07,5274.0,0.002637
MITH/BTC,1585847081245,2020-04-02T17:04:41.245Z,buy,5.1e-07,3921.0,0.00199971
MITH/BTC,1585847089400,2020-04-02T17:04:49.400Z,sell,5e-07,15945.0,0.0079725
MITH/BTC,1585847090543,2020-04-02T17:04:50.543Z,sell,5e-07,664596.0,0.332298
MITH/BTC,1585847091658,2020-04-02T17:04:51.658Z,buy,5.1e-07,39215.0,0.01999965
MITH/BTC,1585847128940,2020-04-02T17:05:28.940Z,sell,5e-07,9785.0,0.0048925
MITH/BTC,1585847156662,2020-04-02T17:05:56.662Z,sell,5e-07,119741.0,0.0598705
MITH/BTC,1585847158757,2020-04-02T17:05:58.757Z,sell,5e-07,63217.0,0.0316085
MITH/BTC,1585847171052,2020-04-02T17:06:11.052Z,sell,5e-07,384866.0,0.192433
MITH/BTC,1585847218441,2020-04-02T17:06:58.441Z,sell,5e-07,9988.0,0.004994
MITH/BTC,1585847218441,2020-04-02T17:06:58.441Z,sell,4.9e-07,142359.0,0.0697559099999999
MITH/BTC,1585847218782,2020-04-02T17:06:58.782Z,buy,5e-07,1895.0,0.0009475
MITH/BTC,1585847218782,2020-04-02T17:06:58.782Z,buy,5.1e-07,3105.0,0.00158355
MITH/BTC,1585847222563,2020-04-02T17:07:02.563Z,buy,5e-07,257.0,0.0001285
MITH/BTC,1585847229813,2020-04-02T17:07:09.813Z,buy,5e-07,805.0,0.0004024999999999
MITH/BTC,1585847405475,2020-04-02T17:10:05.475Z,sell,4.9e-07,1048.0,0.00051352
MITH/BTC,1585847410702,2020-04-02T17:10:10.702Z,sell,4.9e-07,16189.0,0.00793261
MITH/BTC,1585847459330,2020-04-02T17:10:59.330Z,buy,5e-07,101884.0,0.0509419999999999
MITH/BTC,1585847459462,2020-04-02T17:10:59.462Z,buy,5e-07,48000.0,0.024
MITH/BTC,1585847459678,2020-04-02T17:10:59.678Z,buy,5e-07,28393.0,0.0141964999999999
MITH/BTC,1585847459700,2020-04-02T17:10:59.700Z,buy,5e-07,48000.0,0.024
MITH/BTC,1585847459916,2020-04-02T17:10:59.916Z,buy,5e-07,28394.0,0.014197
MITH/BTC,1585847459936,2020-04-02T17:10:59.936Z,buy,5e-07,47050.0,0.0235249999999999
MITH/BTC,1585847460235,2020-04-02T17:11:00.235Z,buy,5e-07,16891.0,0.0084455
MITH/BTC,1585847481796,2020-04-02T17:11:21.796Z,sell,4.9e-07,200.0,9.8e-05
MITH/BTC,1585847487067,2020-04-02T17:11:27.067Z,buy,5e-07,15816.0,0.007908
MITH/BTC,1585847487638,2020-04-02T17:11:27.638Z,buy,5e-07,18273.0,0.0091364999999999
MITH/BTC,1585847488921,2020-04-02T17:11:28.921Z,buy,5e-07,7024.0,0.003512
MITH/BTC,1585847489418,2020-04-02T17:11:29.418Z,buy,5e-07,3446.0,0.001723
MITH/BTC,1585847494329,2020-04-02T17:11:34.329Z,buy,5.1e-07,72.0,3.672e-05
MITH/BTC,1585847500089,2020-04-02T17:11:40.089Z,buy,5.1e-07,68.0,3.468e-05
MITH/BTC,1585847782724,2020-04-02T17:16:22.724Z,sell,5e-07,25913.0,0.0129565
MITH/BTC,1585847782730,2020-04-02T17:16:22.730Z,sell,5e-07,30100.0,0.01505
MITH/BTC,1585847947323,2020-04-02T17:19:07.323Z,sell,5e-07,150715.0,0.0753575
MITH/BTC,1585847956201,2020-04-02T17:19:16.201Z,sell,5e-07,13964.0,0.0069819999999999
MITH/BTC,1585848023914,2020-04-02T17:20:23.914Z,sell,5e-07,1650.0,0.000825
MITH/BTC,1585848066331,2020-04-02T17:21:06.331Z,sell,5e-07,85125.0,0.0425624999999999
MITH/BTC,1585848540800,2020-04-02T17:29:00.800Z,sell,5e-07,89700.0,0.04485
MITH/BTC,1585848574150,2020-04-02T17:29:34.150Z,sell,5e-07,31388.0,0.015694
MITH/BTC,1585849073627,2020-04-02T17:37:53.627Z,sell,5e-07,74059.0,0.0370295
MITH/BTC,1585849140157,2020-04-02T17:39:00.157Z,sell,5e-07,112676.0,0.056338
MITH/BTC,1585849140157,2020-04-02T17:39:00.157Z,sell,5e-07,112676.0,0.056338
MITH/BTC,1585850259473,2020-04-02T17:57:39.473Z,buy,5.1e-07,2076.0,0.00105876
MITH/BTC,1585850850427,2020-04-02T18:07:30.427Z,sell,5e-07,80423.0,0.0402115
MITH/BTC,1585851125127,2020-04-02T18:12:05.127Z,buy,5.1e-07,1941.0,0.0009899099999999
MITH/BTC,1585851167066,2020-04-02T18:12:47.066Z,buy,5.1e-07,14919.0,0.0076086899999999
MITH/BTC,1585851171228,2020-04-02T18:12:51.228Z,buy,5.1e-07,31610.0,0.0161211
MITH/BTC,1585851173890,2020-04-02T18:12:53.890Z,buy,5.1e-07,18812.0,0.00959412
MITH/BTC,1585851174717,2020-04-02T18:12:54.717Z,buy,5.1e-07,82550.0,0.0421005
MITH/BTC,1585851181402,2020-04-02T18:13:01.402Z,buy,5.1e-07,18298.0,0.00933198
MITH/BTC,1585851194876,2020-04-02T18:13:14.876Z,buy,5.1e-07,14718.0,0.0075061799999999
MITH/BTC,1585851197634,2020-04-02T18:13:17.634Z,buy,5.1e-07,17019.0,0.00867969
MITH/BTC,1585851202002,2020-04-02T18:13:22.002Z,sell,5e-07,145799.0,0.0728994999999999
MITH/BTC,1585851208661,2020-04-02T18:13:28.661Z,sell,5.1e-07,349.0,0.00017799
MITH/BTC,1585851566334,2020-04-02T18:19:26.334Z,sell,5e-07,1283968.0,0.641984
MITH/BTC,1585851588150,2020-04-02T18:19:48.150Z,sell,5.1e-07,216.0,0.00011016
MITH/BTC,1585851655693,2020-04-02T18:20:55.693Z,buy,5.2e-07,11750.0,0.00611
MITH/BTC,1585851708054,2020-04-02T18:21:48.054Z,sell,5.1e-07,1609.0,0.00082059
MITH/BTC,1585851754464,2020-04-02T18:22:34.464Z,buy,5.2e-07,4765.0,0.0024778
MITH/BTC,1585852488127,2020-04-02T18:34:48.127Z,sell,5.1e-07,2637.0,0.00134487
MITH/BTC,1585852488127,2020-04-02T18:34:48.127Z,sell,5.1e-07,2637.0,0.00134487
MITH/BTC,1585852919433,2020-04-02T18:41:59.433Z,buy,5.2e-07,15134.0,0.00786968
MITH/BTC,1585852921622,2020-04-02T18:42:01.622Z,buy,5.2e-07,64415.0,0.0334958
MITH/BTC,1585852924225,2020-04-02T18:42:04.225Z,buy,5.2e-07,21081.0,0.01096212
MITH/BTC,1585852937796,2020-04-02T18:42:17.796Z,buy,5.2e-07,16337.0,0.00849524
MITH/BTC,1585852939082,2020-04-02T18:42:19.082Z,buy,5.2e-07,21593.0,0.01122836
MITH/BTC,1585852953241,2020-04-02T18:42:33.241Z,buy,5.2e-07,14781.0,0.00768612
MITH/BTC,1585852954915,2020-04-02T18:42:34.915Z,buy,5.2e-07,21843.0,0.01135836
MITH/BTC,1585852964240,2020-04-02T18:42:44.240Z,buy,5.2e-07,13979.0,0.00726908
MITH/BTC,1585852965066,2020-04-02T18:42:45.066Z,buy,5.2e-07,15743.0,0.00818636
MITH/BTC,1585852967521,2020-04-02T18:42:47.521Z,buy,5.2e-07,52401.0,0.02724852
MITH/BTC,1585852969123,2020-04-02T18:42:49.123Z,buy,5.2e-07,35579.0,0.01850108
MITH/BTC,1585852970082,2020-04-02T18:42:50.082Z,buy,5.2e-07,21962.0,0.01142024
MITH/BTC,1585852976422,2020-04-02T18:42:56.422Z,buy,5.2e-07,7714.0,0.00401128
MITH/BTC,1585853163656,2020-04-02T18:46:03.656Z,sell,5.2e-07,510.0,0.0002652
MITH/BTC,1585853163870,2020-04-02T18:46:03.870Z,sell,5.2e-07,10074.0,0.00523848
MITH/BTC,1585853391792,2020-04-02T18:49:51.792Z,buy,5.2e-07,3387.0,0.00176124
MITH/BTC,1585853838320,2020-04-02T18:57:18.320Z,buy,5.2e-07,64.0,3.328e-05
MITH/BTC,1585854212716,2020-04-02T19:03:32.716Z,sell,5.1e-07,218129.0,0.11124579
MITH/BTC,1585854217257,2020-04-02T19:03:37.257Z,sell,5.1e-07,31404.0,0.01601604
MITH/BTC,1585854225025,2020-04-02T19:03:45.025Z,sell,5.1e-07,25000.0,0.01275
MITH/BTC,1585854225040,2020-04-02T19:03:45.040Z,sell,5.1e-07,8800.0,0.004488
MITH/BTC,1585854456491,2020-04-02T19:07:36.491Z,sell,5.1e-07,7645.0,0.00389895
MITH/BTC,1585854545938,2020-04-02T19:09:05.938Z,sell,5.1e-07,274519.0,0.14000469
MITH/BTC,1585854545975,2020-04-02T19:09:05.975Z,sell,5.1e-07,16364.0,0.00834564
MITH/BTC,1585854570364,2020-04-02T19:09:30.364Z,sell,5.1e-07,31784.0,0.01620984
MITH/BTC,1585854570398,2020-04-02T19:09:30.398Z,sell,5.1e-07,29011.0,0.0147956099999999
MITH/BTC,1585854570436,2020-04-02T19:09:30.436Z,sell,5.1e-07,29012.0,0.01479612
MITH/BTC,1585854570456,2020-04-02T19:09:30.456Z,sell,5.1e-07,29012.0,0.01479612
MITH/BTC,1585854570486,2020-04-02T19:09:30.486Z,sell,5.1e-07,16409.0,0.00836859
MITH/BTC,1585854572388,2020-04-02T19:09:32.388Z,buy,5.1e-07,214.0,0.00010914
MITH/BTC,1585854575196,2020-04-02T19:09:35.196Z,buy,5.1e-07,1235.0,0.0006298499999999
MITH/BTC,1585854599061,2020-04-02T19:09:59.061Z,buy,5.1e-07,975.0,0.00049725
MITH/BTC,1585854769161,2020-04-02T19:12:49.161Z,buy,5.1e-07,411.0,0.00020961
MITH/BTC,1585854791989,2020-04-02T19:13:11.989Z,buy,5.1e-07,379.0,0.00019329
MITH/BTC,1585854860162,2020-04-02T19:14:20.162Z,buy,5.1e-07,48303.0,0.0246345299999999
MITH/BTC,1585854945750,2020-04-02T19:15:45.750Z,sell,5.1e-07,71741.0,0.03658791
MITH/BTC,1585854945779,2020-04-02T19:15:45.779Z,sell,5.1e-07,22638.0,0.01154538
MITH/BTC,1585855248939,2020-04-02T19:20:48.939Z,buy,5.1e-07,641.0,0.0003269099999999
MITH/BTC,1585855294764,2020-04-02T19:21:34.764Z,sell,5e-07,3826.0,0.001913
MITH/BTC,1585855295270,2020-04-02T19:21:35.270Z,sell,5e-07,3826.0,0.001913
MITH/BTC,1585855504947,2020-04-02T19:25:04.947Z,buy,5.1e-07,1566.0,0.00079866
MITH/BTC,1585855505690,2020-04-02T19:25:05.690Z,buy,5.1e-07,1000.0,0.00051
MITH/BTC,1585855508014,2020-04-02T19:25:08.014Z,buy,5.1e-07,1047.0,0.00053397
MITH/BTC,1585855508717,2020-04-02T19:25:08.717Z,buy,5.1e-07,1017.0,0.0005186699999999
MITH/BTC,1585855527458,2020-04-02T19:25:27.458Z,buy,5.1e-07,1675.0,0.00085425
MITH/BTC,1585855527458,2020-04-02T19:25:27.458Z,buy,5.1e-07,1675.0,0.00085425
MITH/BTC,1585856105215,2020-04-02T19:35:05.215Z,sell,5e-07,5000.0,0.0025
MITH/BTC,1585856105580,2020-04-02T19:35:05.580Z,buy,5.1e-07,1915.0,0.00097665
MITH/BTC,1585856108343,2020-04-02T19:35:08.343Z,buy,5.1e-07,2127.0,0.0010847699999999
MITH/BTC,1585856111397,2020-04-02T19:35:11.397Z,buy,5.1e-07,2047.0,0.00104397
MITH/BTC,1585856114394,2020-04-02T19:35:14.394Z,buy,5.1e-07,2148.0,0.00109548
MITH/BTC,1585856126535,2020-04-02T19:35:26.535Z,buy,5.1e-07,1018.0,0.0005191799999999
MITH/BTC,1585856153144,2020-04-02T19:35:53.144Z,buy,5.1e-07,2514.0,0.00128214
MITH/BTC,1585856156494,2020-04-02T19:35:56.494Z,buy,5.1e-07,1018.0,0.0005191799999999
MITH/BTC,1585856157142,2020-04-02T19:35:57.142Z,buy,5.1e-07,3472.0,0.00177072
MITH/BTC,1585856160191,2020-04-02T19:36:00.191Z,buy,5.1e-07,2043.0,0.00104193
MITH/BTC,1585856163674,2020-04-02T19:36:03.674Z,buy,5.1e-07,1201.0,0.00061251
MITH/BTC,1585856227056,2020-04-02T19:37:07.056Z,buy,5.1e-07,1397.0,0.00071247
MITH/BTC,1585856229223,2020-04-02T19:37:09.223Z,buy,5.1e-07,1397.0,0.00071247
MITH/BTC,1585856232247,2020-04-02T19:37:12.247Z,buy,5.1e-07,2266.0,0.00115566
MITH/BTC,1585856236469,2020-04-02T19:37:16.469Z,buy,5.1e-07,1602.0,0.00081702
MITH/BTC,1585856311282,2020-04-02T19:38:31.282Z,buy,5.1e-07,1002.0,0.0005110199999999
MITH/BTC,1585856344790,2020-04-02T19:39:04.790Z,buy,5.1e-07,1351.0,0.00068901
MITH/BTC,1585857075757,2020-04-02T19:51:15.757Z,buy,5.2e-07,3317.0,0.00172484
MITH/BTC,1585857078551,2020-04-02T19:51:18.551Z,buy,5.2e-07,3807.0,0.00197964
MITH/BTC,1585857083242,2020-04-02T19:51:23.242Z,buy,5.2e-07,3807.0,0.00197964
MITH/BTC,1585857086399,2020-04-02T19:51:26.399Z,buy,5.2e-07,3807.0,0.00197964
MITH/BTC,1585857089399,2020-04-02T19:51:29.399Z,buy,5.2e-07,3342.0,0.00173784
MITH/BTC,1585857092923,2020-04-02T19:51:32.923Z,buy,5.2e-07,2137.0,0.00111124
MITH/BTC,1585857095689,2020-04-02T19:51:35.689Z,buy,5.2e-07,1746.0,0.00090792
MITH/BTC,1585857098105,2020-04-02T19:51:38.105Z,buy,5.2e-07,1910.0,0.0009932
MITH/BTC,1585857101113,2020-04-02T19:51:41.113Z,buy,5.2e-07,14842.0,0.00771784
MITH/BTC,1585857101637,2020-04-02T19:51:41.637Z,buy,5.2e-07,1110.0,0.0005772
MITH/BTC,1585857104578,2020-04-02T19:51:44.578Z,buy,5.2e-07,16106.0,0.00837512
MITH/BTC,1585857106004,2020-04-02T19:51:46.004Z,buy,5.2e-07,15611.0,0.00811772
MITH/BTC,1585857123069,2020-04-02T19:52:03.069Z,sell,5.1e-07,1686.0,0.0008598599999999
MITH/BTC,1585857143215,2020-04-02T19:52:23.215Z,sell,5.1e-07,555.0,0.0002830499999999
MITH/BTC,1585857688960,2020-04-02T20:01:28.960Z,sell,5.1e-07,1644.0,0.00083844
MITH/BTC,1585857835575,2020-04-02T20:03:55.575Z,buy,5.2e-07,4594.0,0.00238888
MITH/BTC,1585857950992,2020-04-02T20:05:50.992Z,sell,5.1e-07,29478.0,0.01503378
MITH/BTC,1585858053463,2020-04-02T20:07:33.463Z,buy,5.2e-07,1081.0,0.00056212
MITH/BTC,1585858083194,2020-04-02T20:08:03.194Z,sell,5.1e-07,68734.0,0.0350543399999999
MITH/BTC,1585858164835,2020-04-02T20:09:24.835Z,buy,5.2e-07,52497.0,0.02729844
MITH/BTC,1585858166236,2020-04-02T20:09:26.236Z,buy,5.2e-07,46388.0,0.02412176
MITH/BTC,1585858181685,2020-04-02T20:09:41.685Z,buy,5.2e-07,333.0,0.00017316
MITH/BTC,1585858181685,2020-04-02T20:09:41.685Z,buy,5.2e-07,333.0,0.00017316
MITH/BTC,1585859765793,2020-04-02T20:36:05.793Z,buy,5.2e-07,21210.0,0.0110292
MITH/BTC,1585860555487,2020-04-02T20:49:15.487Z,sell,5.1e-07,1680.0,0.0008568
MITH/BTC,1585860639932,2020-04-02T20:50:39.932Z,sell,5.1e-07,150715.0,0.0768646499999999
MITH/BTC,1585861068855,2020-04-02T20:57:48.855Z,sell,5.1e-07,5343.0,0.00272493
MITH/BTC,1585861068855,2020-04-02T20:57:48.855Z,sell,5.1e-07,5343.0,0.00272493
MITH/BTC,1585862477952,2020-04-02T21:21:17.952Z,sell,5.1e-07,1806.0,0.00092106
MITH/BTC,1585862520227,2020-04-02T21:22:00.227Z,sell,5.1e-07,2671.0,0.00136221
MITH/BTC,1585862748241,2020-04-02T21:25:48.241Z,buy,5.2e-07,304.0,0.00015808
MITH/BTC,1585862975374,2020-04-02T21:29:35.374Z,sell,5.1e-07,4352.0,0.00221952
MITH/BTC,1585863029478,2020-04-02T21:30:29.478Z,sell,5.1e-07,2415.0,0.00123165
MITH/BTC,1585863065143,2020-04-02T21:31:05.143Z,sell,5.1e-07,31533.0,0.01608183
MITH/BTC,1585863066941,2020-04-02T21:31:06.941Z,sell,5.1e-07,796.0,0.0004059599999999
MITH/BTC,1585864583813,2020-04-02T21:56:23.813Z,sell,5.1e-07,19682.0,0.01003782
MITH/BTC,1585864583813,2020-04-02T21:56:23.813Z,sell,5.1e-07,19682.0,0.01003782
MITH/BTC,1585865361912,2020-04-02T22:09:21.912Z,sell,5.1e-07,797.0,0.00040647
MITH/BTC,1585865906344,2020-04-02T22:18:26.344Z,buy,5.2e-07,70000.0,0.0364
MITH/BTC,1585866068896,2020-04-02T22:21:08.896Z,buy,5.2e-07,385.0,0.0002002
MITH/BTC,1585866099035,2020-04-02T22:21:39.035Z,sell,5.1e-07,5654.0,0.00288354
MITH/BTC,1585866170467,2020-04-02T22:22:50.467Z,buy,5.2e-07,134308.0,0.06984016
MITH/BTC,1585866170479,2020-04-02T22:22:50.479Z,sell,5.2e-07,35269.0,0.01833988
MITH/BTC,1585866170480,2020-04-02T22:22:50.480Z,sell,5.2e-07,11354.0,0.00590408
MITH/BTC,1585866170481,2020-04-02T22:22:50.481Z,sell,5.2e-07,7294.0,0.0037928799999999
MITH/BTC,1585866170482,2020-04-02T22:22:50.482Z,sell,5.2e-07,3927.0,0.00204204
MITH/BTC,1585866170538,2020-04-02T22:22:50.538Z,sell,5.2e-07,17860.0,0.0092872
MITH/BTC,1585866548140,2020-04-02T22:29:08.140Z,buy,5.2e-07,6608.0,0.00343616
MITH/BTC,1585866872332,2020-04-02T22:34:32.332Z,buy,5.2e-07,1157.0,0.00060164
MITH/BTC,1585868038142,2020-04-02T22:53:58.142Z,buy,5.2e-07,19230.0,0.0099995999999999
MITH/BTC,1585868038142,2020-04-02T22:53:58.142Z,buy,5.2e-07,19230.0,0.0099995999999999
MITH/BTC,1585869644455,2020-04-02T23:20:44.455Z,buy,5.2e-07,15565.0,0.0080938
MITH/BTC,1585869644465,2020-04-02T23:20:44.465Z,sell,5.2e-07,11732.0,0.00610064
MITH/BTC,1585869644467,2020-04-02T23:20:44.467Z,sell,5.2e-07,7443.0,0.0038703599999999
MITH/BTC,1585869644467,2020-04-02T23:20:44.467Z,sell,5.2e-07,7292.0,0.00379184
MITH/BTC,1585869644469,2020-04-02T23:20:44.469Z,sell,5.2e-07,7292.0,0.00379184
MITH/BTC,1585869646504,2020-04-02T23:20:46.504Z,sell,5.2e-07,13833.0,0.00719316
MITH/BTC,1585869692404,2020-04-02T23:21:32.404Z,sell,5.2e-07,2074.0,0.00107848
MITH/BTC,1585869710561,2020-04-02T23:21:50.561Z,sell,5.2e-07,1827.0,0.00095004
MITH/BTC,1585869732774,2020-04-02T23:22:12.774Z,sell,5.2e-07,2459.0,0.00127868
MITH/BTC,1585870000470,2020-04-02T23:26:40.470Z,sell,5.2e-07,4343.0,0.00225836
MITH/BTC,1585870026500,2020-04-02T23:27:06.500Z,sell,5.2e-07,119230.0,0.0619996
MITH/BTC,1585870051642,2020-04-02T23:27:31.642Z,buy,5.3e-07,3175.0,0.00168275
MITH/BTC,1585870149149,2020-04-02T23:29:09.149Z,sell,5.2e-07,47476.0,0.02468752
MITH/BTC,1585871420778,2020-04-02T23:50:20.778Z,sell,5.1e-07,9546.0,0.00486846
MITH/BTC,1585871420778,2020-04-02T23:50:20.778Z,sell,5.1e-07,9546.0,0.00486846
MITH/BTC,1585876668127,2020-04-03T01:17:48.127Z,sell,5.1e-07,11765.0,0.00600015
MITH/BTC,1585876668127,2020-04-03T01:17:48.127Z,sell,5.1e-07,11765.0,0.00600015
MITH/BTC,1585876857701,2020-04-03T01:20:57.701Z,sell,5.1e-07,231901.0,0.11826951
MITH/BTC,1585878759274,2020-04-03T01:52:39.274Z,buy,5.2e-07,1209.0,0.00062868
MITH/BTC,1585879147859,2020-04-03T01:59:07.859Z,buy,5.2e-07,195.0,0.0001014
MITH/BTC,1585879147859,2020-04-03T01:59:07.859Z,buy,5.2e-07,195.0,0.0001014
MITH/BTC,1585881408699,2020-04-03T02:36:48.699Z,buy,5.2e-07,6091.0,0.00316732
MITH/BTC,1585881655678,2020-04-03T02:40:55.678Z,buy,5.2e-07,38461.0,0.01999972
MITH/BTC,1585881655678,2020-04-03T02:40:55.678Z,buy,5.2e-07,38461.0,0.01999972
MITH/BTC,1585884503828,2020-04-03T03:28:23.828Z,buy,5.2e-07,5000.0,0.0026
MITH/BTC,1585884725943,2020-04-03T03:32:05.943Z,sell,5.1e-07,25721.0,0.01311771
MITH/BTC,1585884734033,2020-04-03T03:32:14.033Z,buy,5.2e-07,1057.0,0.00054964
MITH/BTC,1585884734033,2020-04-03T03:32:14.033Z,buy,5.2e-07,1057.0,0.00054964
MITH/BTC,1585887068067,2020-04-03T04:11:08.067Z,buy,5.2e-07,18377.0,0.00955604
MITH/BTC,1585887284820,2020-04-03T04:14:44.820Z,sell,5.1e-07,38422.0,0.01959522
MITH/BTC,1585887293082,2020-04-03T04:14:53.082Z,buy,5.2e-07,1057.0,0.00054964
MITH/BTC,1585887295120,2020-04-03T04:14:55.120Z,buy,5.2e-07,1057.0,0.00054964
MITH/BTC,1585887297092,2020-04-03T04:14:57.092Z,buy,5.2e-07,1057.0,0.00054964
MITH/BTC,1585887299130,2020-04-03T04:14:59.130Z,buy,5.2e-07,1057.0,0.00054964
MITH/BTC,1585887887273,2020-04-03T04:24:47.273Z,sell,5.1e-07,262364.0,0.13380564
MITH/BTC,1585887888145,2020-04-03T04:24:48.145Z,sell,5.1e-07,284219.0,0.14495169
MITH/BTC,1585887888662,2020-04-03T04:24:48.662Z,sell,5.1e-07,284219.0,0.14495169
MITH/BTC,1585887888684,2020-04-03T04:24:48.684Z,sell,5.1e-07,114942.0,0.05862042
MITH/BTC,1585887889294,2020-04-03T04:24:49.294Z,sell,5.1e-07,113276.0,0.05777076
MITH/BTC,1585887890733,2020-04-03T04:24:50.733Z,sell,5.1e-07,393.0,0.00020043
MITH/BTC,1585887897762,2020-04-03T04:24:57.762Z,buy,5.2e-07,1057.0,0.00054964
MITH/BTC,1585887929258,2020-04-03T04:25:29.258Z,sell,5.1e-07,42556.0,0.02170356
MITH/BTC,1585887942034,2020-04-03T04:25:42.034Z,sell,5.1e-07,66652.0,0.03399252
MITH/BTC,1585887942459,2020-04-03T04:25:42.459Z,buy,5.1e-07,19710.0,0.0100521
MITH/BTC,1585887942461,2020-04-03T04:25:42.461Z,buy,5.1e-07,9195.0,0.0046894499999999
MITH/BTC,1585887942934,2020-04-03T04:25:42.934Z,sell,5.1e-07,20386.0,0.0103968599999999
MITH/BTC,1585887944212,2020-04-03T04:25:44.212Z,sell,5.1e-07,29414.0,0.01500114
MITH/BTC,1585887972488,2020-04-03T04:26:12.488Z,buy,5.1e-07,39422.0,0.02010522
MITH/BTC,1585887972532,2020-04-03T04:26:12.532Z,buy,5.1e-07,51137.0,0.0260798699999999
MITH/BTC,1585887972560,2020-04-03T04:26:12.560Z,buy,5.1e-07,5207.0,0.00265557
MITH/BTC,1585888001731,2020-04-03T04:26:41.731Z,buy,5.1e-07,24686.0,0.01258986
MITH/BTC,1585888199510,2020-04-03T04:29:59.510Z,buy,5.1e-07,4243.0,0.00216393
MITH/BTC,1585888199510,2020-04-03T04:29:59.510Z,buy,5.1e-07,4243.0,0.00216393
MITH/BTC,1585888587416,2020-04-03T04:36:27.416Z,buy,5.1e-07,1585.0,0.00080835
MITH/BTC,1585888587694,2020-04-03T04:36:27.694Z,buy,5.1e-07,1335.0,0.00068085
MITH/BTC,1585889482923,2020-04-03T04:51:22.923Z,buy,5.1e-07,1035.0,0.00052785
MITH/BTC,1585890041965,2020-04-03T05:00:41.965Z,buy,5.1e-07,392.0,0.00019992
MITH/BTC,1585890723297,2020-04-03T05:12:03.297Z,buy,5.1e-07,2388.0,0.00121788
MITH/BTC,1585890725974,2020-04-03T05:12:05.974Z,buy,5.1e-07,1288.0,0.00065688
MITH/BTC,1585890727670,2020-04-03T05:12:07.670Z,buy,5.1e-07,1008.0,0.00051408
MITH/BTC,1585890727670,2020-04-03T05:12:07.670Z,buy,5.1e-07,1008.0,0.00051408
MITH/BTC,1585892458501,2020-04-03T05:40:58.501Z,buy,5.1e-07,119997.0,0.06119847
MITH/BTC,1585892460088,2020-04-03T05:41:00.088Z,sell,5.1e-07,19755.0,0.01007505
MITH/BTC,1585892484871,2020-04-03T05:41:24.871Z,sell,5.1e-07,1077.0,0.00054927
MITH/BTC,1585892509126,2020-04-03T05:41:49.126Z,sell,5.1e-07,1002.0,0.0005110199999999
MITH/BTC,1585892514012,2020-04-03T05:41:54.012Z,sell,5.1e-07,603.0,0.00030753
MITH/BTC,1585892515117,2020-04-03T05:41:55.117Z,sell,5.1e-07,1470.0,0.0007497
MITH/BTC,1585892688903,2020-04-03T05:44:48.903Z,buy,5.2e-07,1047.0,0.00054444
MITH/BTC,1585892740938,2020-04-03T05:45:40.938Z,sell,5.1e-07,137580.0,0.0701658
MITH/BTC,1585893072693,2020-04-03T05:51:12.693Z,buy,5.1e-07,2223.0,0.00113373
MITH/BTC,1585893128571,2020-04-03T05:52:08.571Z,buy,5.1e-07,2494.0,0.00127194
MITH/BTC,1585893208021,2020-04-03T05:53:28.021Z,buy,5.1e-07,1629.0,0.00083079
MITH/BTC,1585893228111,2020-04-03T05:53:48.111Z,sell,5e-07,12220.0,0.00611
MITH/BTC,1585893561648,2020-04-03T05:59:21.648Z,buy,5.1e-07,1906.0,0.00097206
MITH/BTC,1585893567610,2020-04-03T05:59:27.610Z,buy,5.1e-07,4259.0,0.00217209
MITH/BTC,1585893620581,2020-04-03T06:00:20.581Z,buy,5.1e-07,2290.0,0.0011679
MITH/BTC,1585893635900,2020-04-03T06:00:35.900Z,sell,5e-07,9868.0,0.004934
MITH/BTC,1585893658221,2020-04-03T06:00:58.221Z,buy,5.1e-07,1787.0,0.00091137
MITH/BTC,1585893770472,2020-04-03T06:02:50.472Z,buy,5.1e-07,1796.0,0.00091596
MITH/BTC,1585893844720,2020-04-03T06:04:04.720Z,buy,5.1e-07,1863.0,0.00095013
MITH/BTC,1585893881870,2020-04-03T06:04:41.870Z,buy,5.1e-07,1775.0,0.00090525
MITH/BTC,1585893923590,2020-04-03T06:05:23.590Z,buy,5.1e-07,2196.0,0.00111996
MITH/BTC,1585894129913,2020-04-03T06:08:49.913Z,buy,5.1e-07,1637.0,0.0008348699999999
MITH/BTC,1585894187244,2020-04-03T06:09:47.244Z,buy,5.1e-07,2361.0,0.00120411
MITH/BTC,1585894187244,2020-04-03T06:09:47.244Z,buy,5.1e-07,2361.0,0.00120411
MITH/BTC,1585894403071,2020-04-03T06:13:23.071Z,buy,5.1e-07,1711.0,0.00087261
MITH/BTC,1585894798525,2020-04-03T06:19:58.525Z,buy,5.1e-07,444.0,0.00022644
MITH/BTC,1585895009773,2020-04-03T06:23:29.773Z,buy,5.1e-07,436.0,0.00022236
MITH/BTC,1585895366188,2020-04-03T06:29:26.188Z,sell,5e-07,677506.0,0.3387529999999999
MITH/BTC,1585895373817,2020-04-03T06:29:33.817Z,sell,5e-07,776940.0,0.38847
MITH/BTC,1585895378411,2020-04-03T06:29:38.411Z,sell,5e-07,572395.0,0.2861975
MITH/BTC,1585895441716,2020-04-03T06:30:41.716Z,sell,5e-07,1650.0,0.000825
MITH/BTC,1585895573412,2020-04-03T06:32:53.412Z,sell,5e-07,24540.0,0.01227
MITH/BTC,1585896909591,2020-04-03T06:55:09.591Z,buy,5.1e-07,164635.0,0.0839638499999999
MITH/BTC,1585897359044,2020-04-03T07:02:39.044Z,buy,5.1e-07,2455.0,0.00125205
MITH/BTC,1585897363330,2020-04-03T07:02:43.330Z,buy,5.1e-07,1649.0,0.00084099
MITH/BTC,1585897734047,2020-04-03T07:08:54.047Z,buy,5.1e-07,34100.0,0.017391
MITH/BTC,1585897741017,2020-04-03T07:09:01.017Z,buy,5.1e-07,13100.0,0.0066809999999999
MITH/BTC,1585897746150,2020-04-03T07:09:06.150Z,buy,5.1e-07,8600.0,0.004386
MITH/BTC,1585897746150,2020-04-03T07:09:06.150Z,buy,5.1e-07,8600.0,0.004386
MITH/BTC,1585898746218,2020-04-03T07:25:46.218Z,sell,5e-07,94963.0,0.0474814999999999
MITH/BTC,1585898826881,2020-04-03T07:27:06.881Z,sell,5e-07,365715.0,0.1828574999999999
MITH/BTC,1585898990363,2020-04-03T07:29:50.363Z,buy,5.1e-07,33348.0,0.01700748
MITH/BTC,1585899455438,2020-04-03T07:37:35.438Z,sell,5e-07,94964.0,0.0474819999999999
MITH/BTC,1585899494125,2020-04-03T07:38:14.125Z,sell,5e-07,5181.0,0.0025905
MITH/BTC,1585899970016,2020-04-03T07:46:10.016Z,sell,5e-07,83702.0,0.041851
MITH/BTC,1585900728624,2020-04-03T07:58:48.624Z,sell,5e-07,85403.0,0.0427014999999999
MITH/BTC,1585900880392,2020-04-03T08:01:20.392Z,buy,5.1e-07,181818.0,0.0927271799999999
MITH/BTC,1585901078430,2020-04-03T08:04:38.430Z,sell,5e-07,65338.0,0.032669
MITH/BTC,1585901095306,2020-04-03T08:04:55.306Z,sell,5e-07,123914.0,0.061957
MITH/BTC,1585901172248,2020-04-03T08:06:12.248Z,sell,5e-07,1650.0,0.000825
MITH/BTC,1585901172248,2020-04-03T08:06:12.248Z,sell,5e-07,1650.0,0.000825
MITH/BTC,1585901811014,2020-04-03T08:16:51.014Z,sell,5e-07,629400.0,0.3147
MITH/BTC,1585902307561,2020-04-03T08:25:07.561Z,buy,5.1e-07,322.0,0.00016422
MITH/BTC,1585903004988,2020-04-03T08:36:44.988Z,buy,5.1e-07,12000.0,0.00612
MITH/BTC,1585903941946,2020-04-03T08:52:21.946Z,sell,5e-07,23994.0,0.0119969999999999
MITH/BTC,1585904566322,2020-04-03T09:02:46.322Z,sell,5e-07,2500.0,0.00125
MITH/BTC,1585904566322,2020-04-03T09:02:46.322Z,sell,5e-07,2500.0,0.00125
MITH/BTC,1585905294093,2020-04-03T09:14:54.093Z,sell,5e-07,105393.0,0.0526965
MITH/BTC,1585907471087,2020-04-03T09:51:11.087Z,sell,5e-07,366.0,0.000183
MITH/BTC,1585907682009,2020-04-03T09:54:42.009Z,sell,5e-07,200000.0,0.0999999999999999
MITH/BTC,1585907684879,2020-04-03T09:54:44.879Z,buy,5.1e-07,60000.0,0.0306
MITH/BTC,1585907764863,2020-04-03T09:56:04.863Z,buy,5.1e-07,1220.0,0.0006221999999999
MITH/BTC,1585908065618,2020-04-03T10:01:05.618Z,buy,5.1e-07,2153.0,0.00109803
MITH/BTC,1585908128396,2020-04-03T10:02:08.396Z,sell,5e-07,200000.0,0.0999999999999999
MITH/BTC,1585908128396,2020-04-03T10:02:08.396Z,sell,5e-07,200000.0,0.0999999999999999
MITH/BTC,1585908428687,2020-04-03T10:07:08.687Z,sell,5e-07,189072.0,0.094536
MITH/BTC,1585908633593,2020-04-03T10:10:33.593Z,buy,5.1e-07,12800.0,0.006528
MITH/BTC,1585909285838,2020-04-03T10:21:25.838Z,buy,5.1e-07,1500.0,0.000765
MITH/BTC,1585909298902,2020-04-03T10:21:38.902Z,buy,5.1e-07,16400.0,0.008364
MITH/BTC,1585909603469,2020-04-03T10:26:43.469Z,buy,5.1e-07,981.0,0.00050031
MITH/BTC,1585910012548,2020-04-03T10:33:32.548Z,buy,5.1e-07,8041.0,0.00410091
MITH/BTC,1585910082293,2020-04-03T10:34:42.293Z,buy,5.1e-07,440.0,0.0002244
MITH/BTC,1585910383641,2020-04-03T10:39:43.641Z,sell,5e-07,64954.0,0.032477
MITH/BTC,1585911067627,2020-04-03T10:51:07.627Z,buy,5.1e-07,197.0,0.0001004699999999
MITH/BTC,1585911134452,2020-04-03T10:52:14.452Z,buy,5.1e-07,197.0,0.0001004699999999
MITH/BTC,1585911140462,2020-04-03T10:52:20.462Z,sell,5e-07,100000.0,0.0499999999999999
MITH/BTC,1585911192154,2020-04-03T10:53:12.154Z,buy,5.1e-07,197.0,0.0001004699999999
MITH/BTC,1585911253905,2020-04-03T10:54:13.905Z,buy,5.1e-07,197.0,0.0001004699999999
MITH/BTC,1585911312577,2020-04-03T10:55:12.577Z,buy,5.1e-07,197.0,0.0001004699999999
MITH/BTC,1585911312577,2020-04-03T10:55:12.577Z,buy,5.1e-07,197.0,0.0001004699999999
MITH/BTC,1585911968075,2020-04-03T11:06:08.075Z,sell,5e-07,69930.0,0.0349649999999999
MITH/BTC,1585912208065,2020-04-03T11:10:08.065Z,sell,5e-07,18181.0,0.0090905
MITH/BTC,1585912238455,2020-04-03T11:10:38.455Z,buy,5.1e-07,3226.0,0.00164526
MITH/BTC,1585912354159,2020-04-03T11:12:34.159Z,buy,5.1e-07,9980.0,0.0050898
MITH/BTC,1585912357697,2020-04-03T11:12:37.697Z,buy,5.1e-07,10000.0,0.0050999999999999
MITH/BTC,1585913319538,2020-04-03T11:28:39.538Z,sell,5e-07,9752.0,0.004876
MITH/BTC,1585913327254,2020-04-03T11:28:47.254Z,sell,5e-07,8472.0,0.004236
MITH/BTC,1585913327254,2020-04-03T11:28:47.254Z,sell,5e-07,8472.0,0.004236
MITH/BTC,1585915463398,2020-04-03T12:04:23.398Z,sell,5e-07,51266.0,0.025633
MITH/BTC,1585915558743,2020-04-03T12:05:58.743Z,sell,5e-07,2000.0,0.001
MITH/BTC,1585916284894,2020-04-03T12:18:04.894Z,sell,5e-07,20535.0,0.0102674999999999
MITH/BTC,1585916350380,2020-04-03T12:19:10.380Z,buy,5.1e-07,197.0,0.0001004699999999
MITH/BTC,1585916350380,2020-04-03T12:19:10.380Z,buy,5.1e-07,197.0,0.0001004699999999
MITH/BTC,1585917090501,2020-04-03T12:31:30.501Z,sell,5e-07,35035.0,0.0175175
MITH/BTC,1585917110917,2020-04-03T12:31:50.917Z,sell,5e-07,50361.0,0.0251804999999999
MITH/BTC,1585917189051,2020-04-03T12:33:09.051Z,sell,5e-07,8019.0,0.0040095
MITH/BTC,1585917189061,2020-04-03T12:33:09.061Z,sell,5e-07,6781.0,0.0033905
MITH/BTC,1585917347207,2020-04-03T12:35:47.207Z,buy,5.1e-07,56574.0,0.0288527399999999
MITH/BTC,1585917621273,2020-04-03T12:40:21.273Z,buy,5.1e-07,197.0,0.0001004699999999
MITH/BTC,1585918609711,2020-04-03T12:56:49.711Z,sell,5e-07,584.0,0.000292
MITH/BTC,1585918628079,2020-04-03T12:57:08.079Z,buy,5.1e-07,4356.0,0.00222156
MITH/BTC,1585919116963,2020-04-03T13:05:16.963Z,sell,5e-07,1000.0,0.0005
MITH/BTC,1585919205882,2020-04-03T13:06:45.882Z,buy,5.1e-07,545.0,0.00027795
MITH/BTC,1585919679412,2020-04-03T13:14:39.412Z,buy,5.1e-07,3161.0,0.00161211
MITH/BTC,1585919834077,2020-04-03T13:17:14.077Z,sell,5e-07,112631.0,0.0563155
MITH/BTC,1585919834260,2020-04-03T13:17:14.260Z,sell,5e-07,539778.0,0.269889
MITH/BTC,1585919834260,2020-04-03T13:17:14.260Z,sell,5e-07,539778.0,0.269889
MITH/BTC,1585920160714,2020-04-03T13:22:40.714Z,sell,5e-07,29970.0,0.014985
MITH/BTC,1585922215343,2020-04-03T13:56:55.343Z,buy,5.1e-07,60000.0,0.0306
MITH/BTC,1585922607665,2020-04-03T14:03:27.665Z,buy,5.1e-07,197.0,0.0001004699999999
MITH/BTC,1585922712890,2020-04-03T14:05:12.890Z,buy,5.1e-07,1054.0,0.00053754
MITH/BTC,1585922861578,2020-04-03T14:07:41.578Z,buy,5.1e-07,689.0,0.00035139
MITH/BTC,1585923114919,2020-04-03T14:11:54.919Z,buy,5.1e-07,16350.0,0.0083385
MITH/BTC,1585923188023,2020-04-03T14:13:08.023Z,sell,5e-07,115406.0,0.057703
MITH/BTC,1585923251382,2020-04-03T14:14:11.382Z,sell,5e-07,5336.0,0.002668
MITH/BTC,1585923262691,2020-04-03T14:14:22.691Z,sell,5e-07,1979.0,0.0009895
MITH/BTC,1585923327929,2020-04-03T14:15:27.929Z,sell,5e-07,1552.0,0.000776
MITH/BTC,1585923327933,2020-04-03T14:15:27.933Z,sell,5e-07,103625.0,0.0518125
MITH/BTC,1585923353886,2020-04-03T14:15:53.886Z,sell,5e-07,24839.0,0.0124195
MITH/BTC,1585923353894,2020-04-03T14:15:53.894Z,sell,5e-07,117302.0,0.0586509999999999
MITH/BTC,1585923353894,2020-04-03T14:15:53.894Z,sell,5e-07,117302.0,0.0586509999999999
MITH/BTC,1585923706749,2020-04-03T14:21:46.749Z,sell,5e-07,104475.0,0.0522375
MITH/BTC,1585923810060,2020-04-03T14:23:30.060Z,sell,5e-07,117647.0,0.0588235
MITH/BTC,1585923821878,2020-04-03T14:23:41.878Z,sell,5e-07,100731.0,0.0503655
MITH/BTC,1585923821883,2020-04-03T14:23:41.883Z,sell,5e-07,727497.0,0.3637485
MITH/BTC,1585923849308,2020-04-03T14:24:09.308Z,sell,5e-07,13102.0,0.0065509999999999
MITH/BTC,1585923855079,2020-04-03T14:24:15.079Z,sell,5e-07,1002690.0,0.5013449999999999
MITH/BTC,1585923856264,2020-04-03T14:24:16.264Z,sell,5e-07,3344.0,0.0016719999999999
MITH/BTC,1585923885548,2020-04-03T14:24:45.548Z,sell,5e-07,117994.0,0.0589969999999999
MITH/BTC,1585923886461,2020-04-03T14:24:46.461Z,sell,5e-07,109930.0,0.054965
MITH/BTC,1585923886558,2020-04-03T14:24:46.558Z,sell,5e-07,98601.0,0.0493005
MITH/BTC,1585923887222,2020-04-03T14:24:47.222Z,sell,5e-07,82527.0,0.0412635
MITH/BTC,1585923888286,2020-04-03T14:24:48.286Z,sell,4.9e-07,2149.0,0.0010530099999999
MITH/BTC,1585923961374,2020-04-03T14:26:01.374Z,buy,5e-07,23203.0,0.0116014999999999
MITH/BTC,1585924014092,2020-04-03T14:26:54.092Z,sell,5e-07,18101.0,0.0090505
MITH/BTC,1585924025623,2020-04-03T14:27:05.623Z,sell,5e-07,147972.0,0.073986
MITH/BTC,1585924074366,2020-04-03T14:27:54.366Z,buy,5e-07,227104.0,0.113552
MITH/BTC,1585924249566,2020-04-03T14:30:49.566Z,sell,4.9e-07,129549.0,0.06347901
MITH/BTC,1585924249567,2020-04-03T14:30:49.567Z,sell,4.9e-07,704540.0,0.3452246
MITH/BTC,1585924249567,2020-04-03T14:30:49.567Z,sell,4.9e-07,50641.0,0.0248140899999999
MITH/BTC,1585924813343,2020-04-03T14:40:13.343Z,buy,5e-07,517070.0,0.258535
MITH/BTC,1585924936580,2020-04-03T14:42:16.580Z,buy,5e-07,54082.0,0.027041
MITH/BTC,1585924940900,2020-04-03T14:42:20.900Z,buy,5e-07,1045.0,0.0005225
MITH/BTC,1585924959352,2020-04-03T14:42:39.352Z,buy,5e-07,4000.0,0.002
MITH/BTC,1585924968969,2020-04-03T14:42:48.969Z,buy,5e-07,40354.0,0.020177
MITH/BTC,1585924997604,2020-04-03T14:43:17.604Z,buy,5e-07,13229.0,0.0066145
MITH/BTC,1585925017265,2020-04-03T14:43:37.265Z,buy,5.1e-07,199.0,0.0001014899999999
MITH/BTC,1585925021610,2020-04-03T14:43:41.610Z,buy,5e-07,5413.0,0.0027064999999999
MITH/BTC,1585925021610,2020-04-03T14:43:41.610Z,buy,5e-07,1801.0,0.0009004999999999
MITH/BTC,1585925021619,2020-04-03T14:43:41.619Z,buy,5e-07,583.0,0.0002915
MITH/BTC,1585925021621,2020-04-03T14:43:41.621Z,buy,5e-07,1874.0,0.000937
MITH/BTC,1585925038858,2020-04-03T14:43:58.858Z,buy,5.1e-07,199.0,0.0001014899999999
MITH/BTC,1585925082771,2020-04-03T14:44:42.771Z,sell,5e-07,2391.0,0.0011955
MITH/BTC,1585925228389,2020-04-03T14:47:08.389Z,sell,5e-07,38229.0,0.0191145
MITH/BTC,1585925230213,2020-04-03T14:47:10.213Z,buy,5e-07,33583.0,0.0167915
MITH/BTC,1585925230899,2020-04-03T14:47:10.899Z,buy,5e-07,30715.0,0.0153575
MITH/BTC,1585925312569,2020-04-03T14:48:32.569Z,sell,5e-07,200.0,0.0001
MITH/BTC,1585925319281,2020-04-03T14:48:39.281Z,sell,5e-07,200.0,0.0001
MITH/BTC,1585925324147,2020-04-03T14:48:44.147Z,sell,5e-07,200.0,0.0001
MITH/BTC,1585925328144,2020-04-03T14:48:48.144Z,sell,5e-07,200.0,0.0001
MITH/BTC,1585925330901,2020-04-03T14:48:50.901Z,buy,5.1e-07,200.0,0.000102
MITH/BTC,1585925332084,2020-04-03T14:48:52.084Z,sell,5e-07,200.0,0.0001
MITH/BTC,1585925336250,2020-04-03T14:48:56.250Z,sell,5e-07,200.0,0.0001
MITH/BTC,1585925338416,2020-04-03T14:48:58.416Z,buy,5.1e-07,200.0,0.000102
MITH/BTC,1585925340299,2020-04-03T14:49:00.299Z,sell,5e-07,200.0,0.0001
MITH/BTC,1585925348674,2020-04-03T14:49:08.674Z,buy,5.1e-07,200.0,0.000102
MITH/BTC,1585925387915,2020-04-03T14:49:47.915Z,sell,5e-07,81438.0,0.040719
MITH/BTC,1585925387918,2020-04-03T14:49:47.918Z,sell,5e-07,1632.0,0.000816
MITH/BTC,1585925387924,2020-04-03T14:49:47.924Z,sell,5e-07,7655.0,0.0038274999999999
MITH/BTC,1585925387943,2020-04-03T14:49:47.943Z,sell,5e-07,400.0,0.0001999999999999
MITH/BTC,1585925389214,2020-04-03T14:49:49.214Z,sell,5e-07,66286.0,0.033143
MITH/BTC,1585925389942,2020-04-03T14:49:49.942Z,sell,5e-07,286050.0,0.1430249999999999
MITH/BTC,1585925389953,2020-04-03T14:49:49.953Z,sell,5e-07,68439.0,0.0342195
MITH/BTC,1585925777096,2020-04-03T14:56:17.096Z,buy,5e-07,200.0,0.0001
MITH/BTC,1585925800473,2020-04-03T14:56:40.473Z,buy,5e-07,189000.0,0.0945
MITH/BTC,1585926679860,2020-04-03T15:11:19.860Z,buy,5e-07,5000.0,0.0025
MITH/BTC,1585926711588,2020-04-03T15:11:51.588Z,buy,5e-07,5000.0,0.0025
MITH/BTC,1585926716105,2020-04-03T15:11:56.105Z,buy,5e-07,5000.0,0.0025
MITH/BTC,1585926725212,2020-04-03T15:12:05.212Z,buy,5e-07,5000.0,0.0025
MITH/BTC,1585926729625,2020-04-03T15:12:09.625Z,buy,5e-07,5000.0,0.0025
MITH/BTC,1585926733944,2020-04-03T15:12:13.944Z,buy,5e-07,5000.0,0.0025
MITH/BTC,1585926738655,2020-04-03T15:12:18.655Z,buy,5e-07,5000.0,0.0025
MITH/BTC,1585926743531,2020-04-03T15:12:23.531Z,buy,5e-07,5000.0,0.0025
MITH/BTC,1585926752704,2020-04-03T15:12:32.704Z,buy,5e-07,5000.0,0.0025
MITH/BTC,1585926758784,2020-04-03T15:12:38.784Z,buy,5e-07,5000.0,0.0025
MITH/BTC,1585926766539,2020-04-03T15:12:46.539Z,buy,5e-07,1000.0,0.0005
MITH/BTC,1585926769937,2020-04-03T15:12:49.937Z,buy,5e-07,1000.0,0.0005
MITH/BTC,1585926773208,2020-04-03T15:12:53.208Z,buy,5e-07,1000.0,0.0005
MITH/BTC,1585926775105,2020-04-03T15:12:55.105Z,buy,5e-07,148635.0,0.0743175
MITH/BTC,1585926776555,2020-04-03T15:12:56.555Z,buy,5e-07,1000.0,0.0005
MITH/BTC,1585926780843,2020-04-03T15:13:00.843Z,buy,5e-07,2000.0,0.001
MITH/BTC,1585926799457,2020-04-03T15:13:19.457Z,buy,5e-07,5000.0,0.0025
MITH/BTC,1585926805369,2020-04-03T15:13:25.369Z,buy,5e-07,5000.0,0.0025
MITH/BTC,1585926837415,2020-04-03T15:13:57.415Z,buy,5e-07,2000.0,0.001
MITH/BTC,1585926841646,2020-04-03T15:14:01.646Z,buy,5e-07,2000.0,0.001
MITH/BTC,1585926870290,2020-04-03T15:14:30.290Z,buy,5e-07,3000.0,0.0015
MITH/BTC,1585926924955,2020-04-03T15:15:24.955Z,buy,5e-07,5000.0,0.0025
MITH/BTC,1585926924955,2020-04-03T15:15:24.955Z,buy,5e-07,5000.0,0.0025
MITH/BTC,1585926959115,2020-04-03T15:15:59.115Z,buy,5e-07,5000.0,0.0025
MITH/BTC,1585926963908,2020-04-03T15:16:03.908Z,buy,5e-07,5000.0,0.0025
MITH/BTC,1585926968069,2020-04-03T15:16:08.069Z,buy,5e-07,5000.0,0.0025
MITH/BTC,1585926972806,2020-04-03T15:16:12.806Z,buy,5e-07,5000.0,0.0025
MITH/BTC,1585926976922,2020-04-03T15:16:16.922Z,buy,5e-07,5000.0,0.0025
MITH/BTC,1585926980441,2020-04-03T15:16:20.441Z,buy,5e-07,5000.0,0.0025
MITH/BTC,1585926984650,2020-04-03T15:16:24.650Z,buy,5e-07,5000.0,0.0025
MITH/BTC,1585926988925,2020-04-03T15:16:28.925Z,buy,5e-07,5000.0,0.0025
MITH/BTC,1585927016654,2020-04-03T15:16:56.654Z,buy,5e-07,61500.0,0.03075
MITH/BTC,1585927239899,2020-04-03T15:20:39.899Z,buy,5e-07,1000.0,0.0005
MITH/BTC,1585927499036,2020-04-03T15:24:59.036Z,buy,5e-07,35418.0,0.017709
MITH/BTC,1585927579622,2020-04-03T15:26:19.622Z,buy,5e-07,2200.0,0.0010999999999999
MITH/BTC,1585927663304,2020-04-03T15:27:43.304Z,buy,5e-07,2508.0,0.001254
MITH/BTC,1585927673030,2020-04-03T15:27:53.030Z,buy,5e-07,1122.0,0.000561
MITH/BTC,1585928148747,2020-04-03T15:35:48.747Z,buy,5e-07,496.0,0.000248
MITH/BTC,1585928194634,2020-04-03T15:36:34.634Z,buy,5e-07,2221.0,0.0011105
MITH/BTC,1585928226569,2020-04-03T15:37:06.569Z,buy,5e-07,10000.0,0.005
MITH/BTC,1585928835596,2020-04-03T15:47:15.596Z,buy,5e-07,453114.0,0.2265569999999999
MITH/BTC,1585928872714,2020-04-03T15:47:52.714Z,buy,5e-07,82859.0,0.0414295
MITH/BTC,1585929279212,2020-04-03T15:54:39.212Z,buy,5e-07,26992.0,0.013496
MITH/BTC,1585929453552,2020-04-03T15:57:33.552Z,buy,5e-07,1114.0,0.000557
MITH/BTC,1585929584110,2020-04-03T15:59:44.110Z,sell,4.9e-07,85008.0,0.04165392
MITH/BTC,1585930002957,2020-04-03T16:06:42.957Z,buy,5e-07,20357.0,0.0101785
MITH/BTC,1585930004878,2020-04-03T16:06:44.878Z,buy,5e-07,19227.0,0.0096134999999999
MITH/BTC,1585930007442,2020-04-03T16:06:47.442Z,buy,5e-07,29655.0,0.0148274999999999
MITH/BTC,1585930023015,2020-04-03T16:07:03.015Z,buy,5e-07,10084.0,0.005042
MITH/BTC,1585930053584,2020-04-03T16:07:33.584Z,buy,5e-07,40279.0,0.0201394999999999
MITH/BTC,1585930058789,2020-04-03T16:07:38.789Z,buy,5e-07,19304.0,0.0096519999999999
MITH/BTC,1585930060453,2020-04-03T16:07:40.453Z,buy,5e-07,20102.0,0.010051
MITH/BTC,1585930061315,2020-04-03T16:07:41.315Z,buy,5e-07,31540.0,0.01577
MITH/BTC,1585930062679,2020-04-03T16:07:42.679Z,buy,5e-07,28831.0,0.0144155
MITH/BTC,1585930082086,2020-04-03T16:08:02.086Z,buy,5e-07,15077.0,0.0075385
MITH/BTC,1585930093673,2020-04-03T16:08:13.673Z,buy,5e-07,15932.0,0.0079659999999999
MITH/BTC,1585930097513,2020-04-03T16:08:17.513Z,buy,5e-07,838.0,0.000419
MITH/BTC,1585930465949,2020-04-03T16:14:25.949Z,buy,5.1e-07,200.0,0.000102
MITH/BTC,1585930465949,2020-04-03T16:14:25.949Z,buy,5.1e-07,200.0,0.000102
MITH/BTC,1585931963290,2020-04-03T16:39:23.290Z,buy,5e-07,19300.0,0.0096499999999999
MITH/BTC,1585931983152,2020-04-03T16:39:43.152Z,buy,5e-07,9550.0,0.004775
MITH/BTC,1585932024540,2020-04-03T16:40:24.540Z,buy,5e-07,10000.0,0.005
MITH/BTC,1585932029635,2020-04-03T16:40:29.635Z,buy,5e-07,2000.0,0.001
MITH/BTC,1585932071130,2020-04-03T16:41:11.130Z,buy,5e-07,33649.0,0.0168245
MITH/BTC,1585932072687,2020-04-03T16:41:12.687Z,buy,5e-07,13456.0,0.006728
MITH/BTC,1585932075445,2020-04-03T16:41:15.445Z,buy,5e-07,2085.0,0.0010425
MITH/BTC,1585932085372,2020-04-03T16:41:25.372Z,buy,5e-07,4785.0,0.0023925
MITH/BTC,1585932087744,2020-04-03T16:41:27.744Z,buy,5e-07,10000.0,0.005
MITH/BTC,1585932091453,2020-04-03T16:41:31.453Z,buy,5e-07,10000.0,0.005
MITH/BTC,1585932091973,2020-04-03T16:41:31.973Z,buy,5e-07,10000.0,0.005
MITH/BTC,1585932097906,2020-04-03T16:41:37.906Z,buy,5e-07,184597.0,0.0922984999999999
MITH/BTC,1585932097913,2020-04-03T16:41:37.913Z,sell,5e-07,49792.0,0.0248959999999999
MITH/BTC,1585932101883,2020-04-03T16:41:41.883Z,buy,5e-07,10000.0,0.005
MITH/BTC,1585932128052,2020-04-03T16:42:08.052Z,buy,5.1e-07,2010.0,0.0010251
MITH/BTC,1585932149687,2020-04-03T16:42:29.687Z,sell,5e-07,1417.0,0.0007084999999999
MITH/BTC,1585932149879,2020-04-03T16:42:29.879Z,sell,5e-07,6764.0,0.003382
MITH/BTC,1585932155630,2020-04-03T16:42:35.630Z,sell,5e-07,9349.0,0.0046745
MITH/BTC,1585932161890,2020-04-03T16:42:41.890Z,sell,5e-07,23211.0,0.0116055
MITH/BTC,1585932226947,2020-04-03T16:43:46.947Z,buy,5.1e-07,200000.0,0.102
MITH/BTC,1585932251246,2020-04-03T16:44:11.246Z,buy,5.1e-07,10129.0,0.00516579
MITH/BTC,1585932415839,2020-04-03T16:46:55.839Z,buy,5.1e-07,10000.0,0.0050999999999999
MITH/BTC,1585932422717,2020-04-03T16:47:02.717Z,buy,5.1e-07,58873.0,0.03002523
MITH/BTC,1585932513535,2020-04-03T16:48:33.535Z,buy,5.1e-07,28383.0,0.01447533
MITH/BTC,1585932565966,2020-04-03T16:49:25.966Z,buy,5.1e-07,9242.0,0.00471342
MITH/BTC,1585932594894,2020-04-03T16:49:54.894Z,buy,5.1e-07,9804.0,0.00500004
MITH/BTC,1585932860428,2020-04-03T16:54:20.428Z,sell,5e-07,44642.0,0.022321
MITH/BTC,1585932860473,2020-04-03T16:54:20.473Z,sell,5e-07,44642.0,0.022321
MITH/BTC,1585932860551,2020-04-03T16:54:20.551Z,sell,5e-07,44642.0,0.022321
MITH/BTC,1585933058031,2020-04-03T16:57:38.031Z,buy,5.1e-07,250.0,0.0001275
MITH/BTC,1585933134391,2020-04-03T16:58:54.391Z,buy,5.1e-07,11771.0,0.00600321
MITH/BTC,1585933252214,2020-04-03T17:00:52.214Z,buy,5.1e-07,2778.0,0.0014167799999999
MITH/BTC,1585933281475,2020-04-03T17:01:21.475Z,buy,5.1e-07,4191.0,0.0021374099999999
MITH/BTC,1585933287618,2020-04-03T17:01:27.618Z,sell,5e-07,19296.0,0.009648
MITH/BTC,1585933352067,2020-04-03T17:02:32.067Z,buy,5.1e-07,66656.0,0.03399456
MITH/BTC,1585933497409,2020-04-03T17:04:57.409Z,buy,5.1e-07,735.0,0.00037485
MITH/BTC,1585933517566,2020-04-03T17:05:17.566Z,buy,5.1e-07,8339.0,0.00425289
MITH/BTC,1585933566747,2020-04-03T17:06:06.747Z,buy,5.1e-07,1015.0,0.00051765
MITH/BTC,1585933745826,2020-04-03T17:09:05.826Z,buy,5.1e-07,746.0,0.00038046
MITH/BTC,1585933756036,2020-04-03T17:09:16.036Z,buy,5.1e-07,2581.0,0.00131631
MITH/BTC,1585933788958,2020-04-03T17:09:48.958Z,buy,5.1e-07,10208.0,0.00520608
MITH/BTC,1585933788958,2020-04-03T17:09:48.958Z,buy,5.1e-07,10208.0,0.00520608
MITH/BTC,1585934167614,2020-04-03T17:16:07.614Z,buy,5.1e-07,10209.0,0.00520659
MITH/BTC,1585934415749,2020-04-03T17:20:15.749Z,buy,5.1e-07,2685.0,0.0013693499999999
MITH/BTC,1585934458815,2020-04-03T17:20:58.815Z,buy,5.1e-07,3921.0,0.00199971
MITH/BTC,1585934860407,2020-04-03T17:27:40.407Z,buy,5.1e-07,78431.0,0.03999981
MITH/BTC,1585935603741,2020-04-03T17:40:03.741Z,buy,5.1e-07,2000.0,0.00102
MITH/BTC,1585935959594,2020-04-03T17:45:59.594Z,buy,5.1e-07,19588.0,0.00998988
MITH/BTC,1585936107838,2020-04-03T17:48:27.838Z,buy,5.1e-07,3508.0,0.00178908
MITH/BTC,1585937277933,2020-04-03T18:07:57.933Z,sell,5e-07,383358.0,0.191679
MITH/BTC,1585937277933,2020-04-03T18:07:57.933Z,sell,5e-07,383358.0,0.191679
MITH/BTC,1585937431417,2020-04-03T18:10:31.417Z,buy,5.1e-07,2191.0,0.0011174099999999
MITH/BTC,1585937629961,2020-04-03T18:13:49.961Z,buy,5.1e-07,13619.0,0.00694569
MITH/BTC,1585937751791,2020-04-03T18:15:51.791Z,buy,5.1e-07,4051.0,0.00206601
MITH/BTC,1585938068358,2020-04-03T18:21:08.358Z,buy,5.1e-07,8790.0,0.0044829
MITH/BTC,1585938117846,2020-04-03T18:21:57.846Z,sell,5e-07,363.0,0.0001815
MITH/BTC,1585938618293,2020-04-03T18:30:18.293Z,buy,5.1e-07,5159.0,0.00263109
MITH/BTC,1585938913584,2020-04-03T18:35:13.584Z,buy,5.1e-07,10000.0,0.0050999999999999
MITH/BTC,1585939301786,2020-04-03T18:41:41.786Z,buy,5.1e-07,40999.0,0.02090949
MITH/BTC,1585939894659,2020-04-03T18:51:34.659Z,buy,5.1e-07,115468.0,0.05888868
MITH/BTC,1585940096588,2020-04-03T18:54:56.588Z,buy,5.1e-07,200.0,0.000102
MITH/BTC,1585940828136,2020-04-03T19:07:08.136Z,buy,5.1e-07,19607.0,0.00999957
MITH/BTC,1585940828136,2020-04-03T19:07:08.136Z,buy,5.1e-07,19607.0,0.00999957
MITH/BTC,1585941309223,2020-04-03T19:15:09.223Z,buy,5.1e-07,2254.0,0.00114954
MITH/BTC,1585941632478,2020-04-03T19:20:32.478Z,buy,5.1e-07,8945.0,0.0045619499999999
MITH/BTC,1585941654099,2020-04-03T19:20:54.099Z,buy,5.1e-07,5893.0,0.00300543
MITH/BTC,1585941756131,2020-04-03T19:22:36.131Z,buy,5.1e-07,2950.0,0.0015045
MITH/BTC,1585941965540,2020-04-03T19:26:05.540Z,buy,5.1e-07,296273.0,0.15109923
MITH/BTC,1585942114510,2020-04-03T19:28:34.510Z,sell,5e-07,111449.0,0.0557244999999999
MITH/BTC,1585942136813,2020-04-03T19:28:56.813Z,buy,5.1e-07,16772.0,0.0085537199999999
MITH/BTC,1585942401437,2020-04-03T19:33:21.437Z,buy,5.1e-07,10000.0,0.0050999999999999
MITH/BTC,1585942566066,2020-04-03T19:36:06.066Z,buy,5.1e-07,1000.0,0.00051
MITH/BTC,1585942842904,2020-04-03T19:40:42.904Z,buy,5.1e-07,450727.0,0.22987077
MITH/BTC,1585943226042,2020-04-03T19:47:06.042Z,buy,5.1e-07,1821713.0,0.92907363
MITH/BTC,1585943231782,2020-04-03T19:47:11.782Z,buy,5.1e-07,23696.0,0.01208496
MITH/BTC,1585943723707,2020-04-03T19:55:23.707Z,buy,5.1e-07,41427.0,0.02112777
MITH/BTC,1585944415943,2020-04-03T20:06:55.943Z,buy,5.1e-07,6142.0,0.00313242
MITH/BTC,1585944415943,2020-04-03T20:06:55.943Z,buy,5.1e-07,6142.0,0.00313242
MITH/BTC,1585944492663,2020-04-03T20:08:12.663Z,buy,5.1e-07,19607.0,0.00999957
MITH/BTC,1585944587442,2020-04-03T20:09:47.442Z,buy,5.1e-07,3000.0,0.00153
MITH/BTC,1585945118891,2020-04-03T20:18:38.891Z,sell,5e-07,5000.0,0.0025
MITH/BTC,1585945245698,2020-04-03T20:20:45.698Z,buy,5.1e-07,1220.0,0.0006221999999999
MITH/BTC,1585947010370,2020-04-03T20:50:10.370Z,buy,5.1e-07,21506.0,0.01096806
MITH/BTC,1585947010495,2020-04-03T20:50:10.495Z,buy,5.1e-07,60872.0,0.0310447199999999
MITH/BTC,1585947313643,2020-04-03T20:55:13.643Z,buy,5.1e-07,30541.0,0.01557591
MITH/BTC,1585947313692,2020-04-03T20:55:13.692Z,buy,5.1e-07,11112.0,0.0056671199999999
MITH/BTC,1585947643828,2020-04-03T21:00:43.828Z,buy,5.1e-07,234060.0,0.1193706
MITH/BTC,1585947780460,2020-04-03T21:03:00.460Z,buy,5.1e-07,1056309.0,0.53871759
MITH/BTC,1585947846009,2020-04-03T21:04:06.009Z,buy,5.1e-07,62850.0,0.0320535
MITH/BTC,1585947846009,2020-04-03T21:04:06.009Z,buy,5.1e-07,62850.0,0.0320535
MITH/BTC,1585948109236,2020-04-03T21:08:29.236Z,sell,5e-07,14042.0,0.0070209999999999
MITH/BTC,1585948867677,2020-04-03T21:21:07.677Z,buy,5.1e-07,20000.0,0.0101999999999999
MITH/BTC,1585949001136,2020-04-03T21:23:21.136Z,buy,5.1e-07,5000.0,0.0025499999999999
MITH/BTC,1585949016217,2020-04-03T21:23:36.217Z,buy,5.1e-07,5000.0,0.0025499999999999
MITH/BTC,1585949209960,2020-04-03T21:26:49.960Z,buy,5.1e-07,20002.0,0.01020102
MITH/BTC,1585949946136,2020-04-03T21:39:06.136Z,sell,5e-07,4085.0,0.0020425
MITH/BTC,1585950133762,2020-04-03T21:42:13.762Z,sell,5e-07,13442.0,0.0067209999999999
MITH/BTC,1585951388623,2020-04-03T22:03:08.623Z,sell,5e-07,10000.0,0.005
MITH/BTC,1585951388623,2020-04-03T22:03:08.623Z,sell,5e-07,10000.0,0.005
MITH/BTC,1585951786058,2020-04-03T22:09:46.058Z,buy,5.1e-07,197.0,0.0001004699999999
MITH/BTC,1585951978076,2020-04-03T22:12:58.076Z,buy,5.1e-07,179132.0,0.0913573199999999
MITH/BTC,1585953083665,2020-04-03T22:31:23.665Z,buy,5.1e-07,1781.0,0.00090831
MITH/BTC,1585953569181,2020-04-03T22:39:29.181Z,buy,5.1e-07,5666.0,0.00288966
MITH/BTC,1585954913628,2020-04-03T23:01:53.628Z,buy,5.1e-07,1394.0,0.00071094
MITH/BTC,1585954983419,2020-04-03T23:03:03.419Z,buy,5.1e-07,199.0,0.0001014899999999
MITH/BTC,1585954985209,2020-04-03T23:03:05.209Z,sell,5e-07,1394.0,0.0006969999999999
MITH/BTC,1585954985209,2020-04-03T23:03:05.209Z,sell,5e-07,1394.0,0.0006969999999999
MITH/BTC,1585956780375,2020-04-03T23:33:00.375Z,sell,5e-07,48221.0,0.0241105
MITH/BTC,1585957684863,2020-04-03T23:48:04.863Z,buy,5.1e-07,14087.0,0.00718437
MITH/BTC,1585957703371,2020-04-03T23:48:23.371Z,sell,5e-07,26965.0,0.0134825
MITH/BTC,1585957703371,2020-04-03T23:48:23.371Z,sell,5e-07,26965.0,0.0134825
MITH/BTC,1585959832745,2020-04-04T00:23:52.745Z,buy,5.1e-07,2500.0,0.0012749999999999
MITH/BTC,1585960010743,2020-04-04T00:26:50.743Z,buy,5.1e-07,2240.0,0.0011424
MITH/BTC,1585960255543,2020-04-04T00:30:55.543Z,sell,5e-07,500000.0,0.25
MITH/BTC,1585960257249,2020-04-04T00:30:57.249Z,buy,5.1e-07,392.0,0.00019992
MITH/BTC,1585960340019,2020-04-04T00:32:20.019Z,sell,5e-07,1650.0,0.000825
MITH/BTC,1585961054507,2020-04-04T00:44:14.507Z,buy,5.1e-07,1000.0,0.00051
MITH/BTC,1585961087687,2020-04-04T00:44:47.687Z,buy,5.1e-07,199.0,0.0001014899999999
MITH/BTC,1585961087687,2020-04-04T00:44:47.687Z,buy,5.1e-07,199.0,0.0001014899999999
MITH/BTC,1585964125936,2020-04-04T01:35:25.936Z,buy,5.1e-07,620.0,0.0003162
MITH/BTC,1585964133210,2020-04-04T01:35:33.210Z,buy,5.1e-07,955.0,0.00048705
MITH/BTC,1585964133210,2020-04-04T01:35:33.210Z,buy,5.1e-07,955.0,0.00048705
MITH/BTC,1585968884479,2020-04-04T02:54:44.479Z,buy,5.1e-07,1148.0,0.00058548
MITH/BTC,1585968891165,2020-04-04T02:54:51.165Z,buy,5.1e-07,20000.0,0.0101999999999999
MITH/BTC,1585968891165,2020-04-04T02:54:51.165Z,buy,5.1e-07,20000.0,0.0101999999999999
MITH/BTC,1585968950088,2020-04-04T02:55:50.088Z,buy,5.1e-07,449.0,0.00022899
MITH/BTC,1585969140631,2020-04-04T02:59:00.631Z,buy,5.1e-07,28445.0,0.01450695
MITH/BTC,1585971438725,2020-04-04T03:37:18.725Z,buy,5.1e-07,10000.0,0.0050999999999999
MITH/BTC,1585971438725,2020-04-04T03:37:18.725Z,buy,5.1e-07,10000.0,0.0050999999999999
MITH/BTC,1585973849115,2020-04-04T04:17:29.115Z,sell,5e-07,120000.0,0.06
MITH/BTC,1585974309506,2020-04-04T04:25:09.506Z,buy,5.1e-07,47900.0,0.024429
MITH/BTC,1585974504170,2020-04-04T04:28:24.170Z,buy,5.1e-07,21128.0,0.01077528
MITH/BTC,1585974504170,2020-04-04T04:28:24.170Z,buy,5.1e-07,21128.0,0.01077528
MITH/BTC,1585976538395,2020-04-04T05:02:18.395Z,buy,5.1e-07,69689.0,0.03554139
MITH/BTC,1585977174010,2020-04-04T05:12:54.010Z,buy,5.1e-07,2130.0,0.0010863
MITH/BTC,1585977194979,2020-04-04T05:13:14.979Z,buy,5.1e-07,629.0,0.00032079
MITH/BTC,1585977957524,2020-04-04T05:25:57.524Z,sell,5e-07,117302.0,0.0586509999999999
MITH/BTC,1585977957524,2020-04-04T05:25:57.524Z,sell,5e-07,117302.0,0.0586509999999999
MITH/BTC,1585978346822,2020-04-04T05:32:26.822Z,sell,5e-07,6598.0,0.003299
MITH/BTC,1585978346822,2020-04-04T05:32:26.822Z,sell,5e-07,6598.0,0.003299
MITH/BTC,1585982008965,2020-04-04T06:33:28.965Z,sell,5e-07,226.0,0.000113
MITH/BTC,1585982219461,2020-04-04T06:36:59.461Z,buy,5.1e-07,3053.0,0.00155703
MITH/BTC,1585982219461,2020-04-04T06:36:59.461Z,buy,5.1e-07,3053.0,0.00155703
MITH/BTC,1585985301008,2020-04-04T07:28:21.008Z,buy,5.1e-07,1232.0,0.00062832
MITH/BTC,1585985753001,2020-04-04T07:35:53.001Z,sell,5e-07,1349.0,0.0006745
MITH/BTC,1585985753001,2020-04-04T07:35:53.001Z,sell,5e-07,1349.0,0.0006745
MITH/BTC,1585985859569,2020-04-04T07:37:39.569Z,buy,5.1e-07,2500.0,0.0012749999999999
MITH/BTC,1585985859575,2020-04-04T07:37:39.575Z,buy,5.1e-07,7510.0,0.0038301
MITH/BTC,1585985971051,2020-04-04T07:39:31.051Z,buy,5.1e-07,1847.0,0.00094197
MITH/BTC,1585985971053,2020-04-04T07:39:31.053Z,buy,5.1e-07,5548.0,0.00282948
MITH/BTC,1585985989811,2020-04-04T07:39:49.811Z,buy,5.1e-07,2286.0,0.00116586
MITH/BTC,1585985989816,2020-04-04T07:39:49.816Z,buy,5.1e-07,6866.0,0.0035016599999999
MITH/BTC,1585986640561,2020-04-04T07:50:40.561Z,sell,5e-07,3000.0,0.0015
MITH/BTC,1585988417261,2020-04-04T08:20:17.261Z,buy,5.1e-07,2264.0,0.00115464
MITH/BTC,1585989102391,2020-04-04T08:31:42.391Z,buy,5.1e-07,1563.0,0.00079713
MITH/BTC,1585989102391,2020-04-04T08:31:42.391Z,buy,5.1e-07,1563.0,0.00079713
MITH/BTC,1585989454172,2020-04-04T08:37:34.172Z,buy,5.1e-07,310.0,0.0001581
MITH/BTC,1585989927906,2020-04-04T08:45:27.906Z,sell,5e-07,44992.0,0.022496
MITH/BTC,1585989927906,2020-04-04T08:45:27.906Z,sell,5e-07,23672.0,0.011836
MITH/BTC,1585989957068,2020-04-04T08:45:57.068Z,buy,5.1e-07,30000.0,0.0153
MITH/BTC,1585990010950,2020-04-04T08:46:50.950Z,buy,5.1e-07,1289555.0,0.65767305
MITH/BTC,1585990010960,2020-04-04T08:46:50.960Z,sell,5.1e-07,306498.0,0.15631398
MITH/BTC,1585990010966,2020-04-04T08:46:50.966Z,sell,5.1e-07,7024.0,0.00358224
MITH/BTC,1585990010967,2020-04-04T08:46:50.967Z,sell,5.1e-07,7300.0,0.0037229999999999
MITH/BTC,1585990010968,2020-04-04T08:46:50.968Z,sell,5.1e-07,45639.0,0.02327589
MITH/BTC,1585990010989,2020-04-04T08:46:50.989Z,sell,5.1e-07,7202.0,0.00367302
MITH/BTC,1585990010993,2020-04-04T08:46:50.993Z,sell,5.1e-07,590.0,0.0003009
MITH/BTC,1585990011021,2020-04-04T08:46:51.021Z,sell,5.1e-07,8212.0,0.00418812
MITH/BTC,1585990011085,2020-04-04T08:46:51.085Z,sell,5.1e-07,103640.0,0.0528564
MITH/BTC,1585990011997,2020-04-04T08:46:51.997Z,sell,5.1e-07,46054.0,0.0234875399999999
MITH/BTC,1585991651840,2020-04-04T09:14:11.840Z,sell,5e-07,31997.0,0.0159985
MITH/BTC,1585992006660,2020-04-04T09:20:06.660Z,buy,5.1e-07,1483.0,0.0007563299999999
MITH/BTC,1585992164812,2020-04-04T09:22:44.812Z,buy,5.1e-07,590.0,0.0003009
MITH/BTC,1585992181958,2020-04-04T09:23:01.958Z,buy,5.1e-07,2119.0,0.00108069
MITH/BTC,1585992181961,2020-04-04T09:23:01.961Z,buy,5.1e-07,6365.0,0.0032461499999999
MITH/BTC,1585992207735,2020-04-04T09:23:27.735Z,buy,5.1e-07,35550.0,0.0181305
MITH/BTC,1585992210725,2020-04-04T09:23:30.725Z,buy,5.1e-07,495.0,0.00025245
MITH/BTC,1585992219726,2020-04-04T09:23:39.726Z,buy,5.1e-07,955.0,0.00048705
MITH/BTC,1585992273760,2020-04-04T09:24:33.760Z,buy,5.1e-07,2370.0,0.0012087
MITH/BTC,1585992442889,2020-04-04T09:27:22.889Z,buy,5.1e-07,405.0,0.00020655
MITH/BTC,1585992544578,2020-04-04T09:29:04.578Z,buy,5.1e-07,43236.0,0.0220503599999999
MITH/BTC,1585992549113,2020-04-04T09:29:09.113Z,buy,5.1e-07,2500.0,0.0012749999999999
MITH/BTC,1585992549114,2020-04-04T09:29:09.114Z,buy,5.1e-07,590.0,0.0003009
MITH/BTC,1585992549324,2020-04-04T09:29:09.324Z,buy,5.1e-07,2481.0,0.00126531
MITH/BTC,1585992549333,2020-04-04T09:29:09.333Z,buy,5.1e-07,2500.0,0.0012749999999999
MITH/BTC,1585992551296,2020-04-04T09:29:11.296Z,buy,5.1e-07,51748.0,0.02639148
MITH/BTC,1585992592841,2020-04-04T09:29:52.841Z,buy,5.1e-07,48719.0,0.0248466899999999
MITH/BTC,1585992592845,2020-04-04T09:29:52.845Z,buy,5.1e-07,30209.0,0.01540659
MITH/BTC,1585992609690,2020-04-04T09:30:09.690Z,buy,5.1e-07,2371.0,0.00120921
MITH/BTC,1585992609694,2020-04-04T09:30:09.694Z,buy,5.1e-07,590.0,0.0003009
MITH/BTC,1585992609694,2020-04-04T09:30:09.694Z,buy,5.1e-07,590.0,0.0003009
MITH/BTC,1585993185470,2020-04-04T09:39:45.470Z,buy,5.1e-07,5784.0,0.00294984
MITH/BTC,1585993541942,2020-04-04T09:45:41.942Z,buy,5.1e-07,3023.0,0.00154173
MITH/BTC,1585993547622,2020-04-04T09:45:47.622Z,buy,5.1e-07,1750.0,0.0008925
MITH/BTC,1585993897354,2020-04-04T09:51:37.354Z,sell,5e-07,23998.0,0.011999
MITH/BTC,1585995272095,2020-04-04T10:14:32.095Z,buy,5.1e-07,280000.0,0.1428
MITH/BTC,1585995362965,2020-04-04T10:16:02.965Z,buy,5.1e-07,6500.0,0.003315
MITH/BTC,1585995940813,2020-04-04T10:25:40.813Z,sell,5e-07,80719.0,0.0403595
MITH/BTC,1585995940813,2020-04-04T10:25:40.813Z,sell,5e-07,80719.0,0.0403595
MITH/BTC,1585996751641,2020-04-04T10:39:11.641Z,buy,5.1e-07,396.0,0.00020196
MITH/BTC,1585996871997,2020-04-04T10:41:11.997Z,buy,5.1e-07,200.0,0.000102
MITH/BTC,1585997789978,2020-04-04T10:56:29.978Z,buy,5.1e-07,4758.0,0.00242658
MITH/BTC,1585998000212,2020-04-04T11:00:00.212Z,sell,5e-07,51748.0,0.0258739999999999
MITH/BTC,1585998000212,2020-04-04T11:00:00.212Z,sell,5e-07,51748.0,0.0258739999999999
MITH/BTC,1586000569765,2020-04-04T11:42:49.765Z,buy,5.1e-07,2647.0,0.00134997
MITH/BTC,1586000570255,2020-04-04T11:42:50.255Z,buy,5.1e-07,2447.0,0.00124797
MITH/BTC,1586000601215,2020-04-04T11:43:21.215Z,buy,5.1e-07,24738.0,0.01261638
MITH/BTC,1586000602894,2020-04-04T11:43:22.894Z,buy,5.1e-07,6472.0,0.00330072
MITH/BTC,1586000603674,2020-04-04T11:43:23.674Z,buy,5.1e-07,3807.0,0.0019415699999999
MITH/BTC,1586000604178,2020-04-04T11:43:24.178Z,buy,5.1e-07,2240.0,0.0011424
MITH/BTC,1586000604551,2020-04-04T11:43:24.551Z,buy,5.1e-07,1318.0,0.00067218
MITH/BTC,1586000604955,2020-04-04T11:43:24.955Z,buy,5.1e-07,1454.0,0.00074154
MITH/BTC,1586000645909,2020-04-04T11:44:05.909Z,buy,5.1e-07,78541.0,0.04005591
MITH/BTC,1586001364474,2020-04-04T11:56:04.474Z,buy,5.1e-07,1525.0,0.00077775
MITH/BTC,1586001441367,2020-04-04T11:57:21.367Z,sell,5e-07,17999.0,0.0089994999999999
MITH/BTC,1586001441367,2020-04-04T11:57:21.367Z,sell,5e-07,17999.0,0.0089994999999999
MITH/BTC,1586001655481,2020-04-04T12:00:55.481Z,sell,5e-07,542.0,0.000271
MITH/BTC,1586001818128,2020-04-04T12:03:38.128Z,sell,5e-07,2028.0,0.001014
MITH/BTC,1586002592187,2020-04-04T12:16:32.187Z,buy,5.1e-07,15500.0,0.007905
MITH/BTC,1586002642706,2020-04-04T12:17:22.706Z,sell,5e-07,15500.0,0.00775
MITH/BTC,1586002762491,2020-04-04T12:19:22.491Z,buy,5.1e-07,15300.0,0.007803
MITH/BTC,1586002844136,2020-04-04T12:20:44.136Z,sell,5e-07,536719.0,0.2683595
MITH/BTC,1586003196278,2020-04-04T12:26:36.278Z,sell,5e-07,2753.0,0.0013765
MITH/BTC,1586003369309,2020-04-04T12:29:29.309Z,sell,5e-07,2827.0,0.0014135
MITH/BTC,1586003503505,2020-04-04T12:31:43.505Z,buy,5.1e-07,3454.0,0.00176154
MITH/BTC,1586003724838,2020-04-04T12:35:24.838Z,sell,5e-07,249.0,0.0001245
MITH/BTC,1586003941978,2020-04-04T12:39:01.978Z,buy,5.1e-07,1832.0,0.00093432
MITH/BTC,1586003941978,2020-04-04T12:39:01.978Z,buy,5.1e-07,1832.0,0.00093432
MITH/BTC,1586005524522,2020-04-04T13:05:24.522Z,buy,5.1e-07,3998.0,0.00203898
MITH/BTC,1586006468971,2020-04-04T13:21:08.971Z,sell,5e-07,53997.0,0.0269984999999999
MITH/BTC,1586006481403,2020-04-04T13:21:21.403Z,sell,5e-07,5159.0,0.0025794999999999
MITH/BTC,1586006481403,2020-04-04T13:21:21.403Z,sell,5e-07,5159.0,0.0025794999999999
MITH/BTC,1586007768759,2020-04-04T13:42:48.759Z,buy,5.1e-07,1500.0,0.000765
MITH/BTC,1586007827060,2020-04-04T13:43:47.060Z,buy,5.1e-07,3400.0,0.0017339999999999
MITH/BTC,1586007830360,2020-04-04T13:43:50.360Z,buy,5.1e-07,2000.0,0.00102
MITH/BTC,1586009601099,2020-04-04T14:13:21.099Z,buy,5.1e-07,291473.0,0.14865123
MITH/BTC,1586009601836,2020-04-04T14:13:21.836Z,buy,5.1e-07,291473.0,0.14865123
MITH/BTC,1586009602509,2020-04-04T14:13:22.509Z,buy,5.1e-07,291473.0,0.14865123
MITH/BTC,1586009603406,2020-04-04T14:13:23.406Z,buy,5.1e-07,291473.0,0.14865123
MITH/BTC,1586009604445,2020-04-04T14:13:24.445Z,buy,5.1e-07,291473.0,0.14865123
MITH/BTC,1586009604970,2020-04-04T14:13:24.970Z,buy,5.1e-07,26928.0,0.01373328
MITH/BTC,1586009605970,2020-04-04T14:13:25.970Z,buy,5.1e-07,291473.0,0.14865123
MITH/BTC,1586009606979,2020-04-04T14:13:26.979Z,buy,5.1e-07,291473.0,0.14865123
MITH/BTC,1586009607542,2020-04-04T14:13:27.542Z,buy,5.1e-07,42835.0,0.02184585
MITH/BTC,1586009607699,2020-04-04T14:13:27.699Z,buy,5.1e-07,291473.0,0.14865123
MITH/BTC,1586009608211,2020-04-04T14:13:28.211Z,buy,5.1e-07,42835.0,0.02184585
MITH/BTC,1586009608610,2020-04-04T14:13:28.610Z,buy,5.1e-07,291473.0,0.14865123
MITH/BTC,1586009608898,2020-04-04T14:13:28.898Z,buy,5.1e-07,42835.0,0.02184585
MITH/BTC,1586009609277,2020-04-04T14:13:29.277Z,buy,5.1e-07,291473.0,0.14865123
MITH/BTC,1586009610269,2020-04-04T14:13:30.269Z,buy,5.1e-07,42835.0,0.02184585
MITH/BTC,1586009610357,2020-04-04T14:13:30.357Z,buy,5.1e-07,291473.0,0.14865123
MITH/BTC,1586009611150,2020-04-04T14:13:31.150Z,buy,5.1e-07,291473.0,0.14865123
MITH/BTC,1586009611188,2020-04-04T14:13:31.188Z,buy,5.1e-07,57147.0,0.02914497
MITH/BTC,1586009622340,2020-04-04T14:13:42.340Z,buy,5.1e-07,42835.0,0.02184585
MITH/BTC,1586009625008,2020-04-04T14:13:45.008Z,buy,5.1e-07,30612.0,0.01561212
MITH/BTC,1586009669932,2020-04-04T14:14:29.932Z,sell,5e-07,688557.0,0.3442785
MITH/BTC,1586009669932,2020-04-04T14:14:29.932Z,sell,5e-07,688557.0,0.3442785
MITH/BTC,1586010204828,2020-04-04T14:23:24.828Z,buy,5.1e-07,2051.0,0.00104601
MITH/BTC,1586010941427,2020-04-04T14:35:41.427Z,buy,5.1e-07,10447.0,0.00532797
MITH/BTC,1586010941465,2020-04-04T14:35:41.465Z,buy,5.1e-07,9495.0,0.00484245
MITH/BTC,1586010945328,2020-04-04T14:35:45.328Z,buy,5.1e-07,2162.0,0.00110262
MITH/BTC,1586010963589,2020-04-04T14:36:03.589Z,buy,5.1e-07,8262.0,0.0042136199999999
MITH/BTC,1586010965058,2020-04-04T14:36:05.058Z,buy,5.1e-07,1732.0,0.0008833199999999
MITH/BTC,1586010971344,2020-04-04T14:36:11.344Z,buy,5.1e-07,10065.0,0.0051331499999999
MITH/BTC,1586010971357,2020-04-04T14:36:11.357Z,buy,5.1e-07,5630.0,0.0028713
MITH/BTC,1586010979018,2020-04-04T14:36:19.018Z,buy,5.1e-07,444.0,0.00022644
MITH/BTC,1586011066775,2020-04-04T14:37:46.775Z,sell,5e-07,433.0,0.0002164999999999
MITH/BTC,1586011632874,2020-04-04T14:47:12.874Z,buy,5.1e-07,4488.0,0.00228888
MITH/BTC,1586011956399,2020-04-04T14:52:36.399Z,sell,5e-07,1563.0,0.0007815
MITH/BTC,1586012557478,2020-04-04T15:02:37.478Z,sell,5e-07,1070.0,0.000535
MITH/BTC,1586012576179,2020-04-04T15:02:56.179Z,sell,5e-07,2581.0,0.0012905
MITH/BTC,1586013116209,2020-04-04T15:11:56.209Z,sell,5e-07,2023.0,0.0010115
MITH/BTC,1586013134669,2020-04-04T15:12:14.669Z,buy,5.1e-07,17062.0,0.00870162
MITH/BTC,1586013134669,2020-04-04T15:12:14.669Z,buy,5.1e-07,17062.0,0.00870162
MITH/BTC,1586013600191,2020-04-04T15:20:00.191Z,sell,5e-07,297.0,0.0001485
MITH/BTC,1586014610941,2020-04-04T15:36:50.941Z,sell,5e-07,4483.0,0.0022415
MITH/BTC,1586015181295,2020-04-04T15:46:21.295Z,sell,5e-07,8928.0,0.004464
MITH/BTC,1586015376941,2020-04-04T15:49:36.941Z,sell,5e-07,28405.0,0.0142025
MITH/BTC,1586015928780,2020-04-04T15:58:48.780Z,sell,5e-07,16751.0,0.0083755
MITH/BTC,1586015933446,2020-04-04T15:58:53.446Z,buy,5.1e-07,49697.0,0.02534547
MITH/BTC,1586015962217,2020-04-04T15:59:22.217Z,buy,5.1e-07,1594.0,0.00081294
MITH/BTC,1586015966057,2020-04-04T15:59:26.057Z,buy,5.1e-07,52776.0,0.02691576
MITH/BTC,1586015966057,2020-04-04T15:59:26.057Z,buy,5.1e-07,52776.0,0.02691576
MITH/BTC,1586016793971,2020-04-04T16:13:13.971Z,buy,5.1e-07,21075.0,0.0107482499999999
MITH/BTC,1586017718270,2020-04-04T16:28:38.270Z,buy,5.1e-07,5242.0,0.00267342
MITH/BTC,1586018111010,2020-04-04T16:35:11.010Z,sell,5e-07,2647.0,0.0013235
MITH/BTC,1586018231423,2020-04-04T16:37:11.423Z,sell,5e-07,1032834.0,0.516417
MITH/BTC,1586018604616,2020-04-04T16:43:24.616Z,sell,5e-07,69619.0,0.0348095
MITH/BTC,1586018643823,2020-04-04T16:44:03.823Z,sell,5e-07,1055252.0,0.5276259999999999
MITH/BTC,1586018684764,2020-04-04T16:44:44.764Z,sell,5e-07,229992.0,0.114996
MITH/BTC,1586018738146,2020-04-04T16:45:38.146Z,sell,5e-07,1650.0,0.000825
MITH/BTC,1586018969993,2020-04-04T16:49:29.993Z,sell,5e-07,57248.0,0.028624
MITH/BTC,1586018969993,2020-04-04T16:49:29.993Z,sell,5e-07,57248.0,0.028624
MITH/BTC,1586020095210,2020-04-04T17:08:15.210Z,buy,5.1e-07,16003.0,0.00816153
MITH/BTC,1586020235721,2020-04-04T17:10:35.721Z,sell,5e-07,42149.0,0.0210745
MITH/BTC,1586020313179,2020-04-04T17:11:53.179Z,buy,5.1e-07,12579.0,0.00641529
MITH/BTC,1586020673203,2020-04-04T17:17:53.203Z,buy,5.1e-07,1000000.0,0.51
MITH/BTC,1586020784046,2020-04-04T17:19:44.046Z,sell,5e-07,28354.0,0.0141769999999999
MITH/BTC,1586020784046,2020-04-04T17:19:44.046Z,sell,5e-07,28354.0,0.0141769999999999
MITH/BTC,1586023376737,2020-04-04T18:02:56.737Z,sell,5e-07,2185.0,0.0010925
MITH/BTC,1586023500094,2020-04-04T18:05:00.094Z,sell,5e-07,200000.0,0.0999999999999999
MITH/BTC,1586023500094,2020-04-04T18:05:00.094Z,sell,5e-07,200000.0,0.0999999999999999
MITH/BTC,1586025281848,2020-04-04T18:34:41.848Z,sell,5e-07,528.0,0.0002639999999999
MITH/BTC,1586025691536,2020-04-04T18:41:31.536Z,sell,5e-07,86413.0,0.0432064999999999
MITH/BTC,1586026021922,2020-04-04T18:47:01.922Z,buy,5.1e-07,511.0,0.00026061
MITH/BTC,1586026021922,2020-04-04T18:47:01.922Z,buy,5.1e-07,511.0,0.00026061
MITH/BTC,1586027410636,2020-04-04T19:10:10.636Z,sell,5e-07,178432.0,0.0892159999999999
MITH/BTC,1586027469543,2020-04-04T19:11:09.543Z,buy,5.1e-07,669.0,0.00034119
MITH/BTC,1586027469543,2020-04-04T19:11:09.543Z,buy,5.1e-07,669.0,0.00034119
MITH/BTC,1586030211328,2020-04-04T19:56:51.328Z,sell,5e-07,15623.0,0.0078115
MITH/BTC,1586030212112,2020-04-04T19:56:52.112Z,sell,5e-07,108485.0,0.0542425
MITH/BTC,1586030214386,2020-04-04T19:56:54.386Z,sell,5e-07,30965.0,0.0154825
MITH/BTC,1586030214456,2020-04-04T19:56:54.456Z,sell,5e-07,123923.0,0.0619614999999999
MITH/BTC,1586030215032,2020-04-04T19:56:55.032Z,sell,5e-07,614.0,0.000307
MITH/BTC,1586030215279,2020-04-04T19:56:55.279Z,sell,5e-07,291283.0,0.1456415
MITH/BTC,1586030215298,2020-04-04T19:56:55.298Z,sell,5e-07,170132.0,0.085066
MITH/BTC,1586030215302,2020-04-04T19:56:55.302Z,sell,5e-07,86336.0,0.043168
MITH/BTC,1586030215784,2020-04-04T19:56:55.784Z,sell,5e-07,291283.0,0.1456415
MITH/BTC,1586030216215,2020-04-04T19:56:56.215Z,sell,5e-07,291283.0,0.1456415
MITH/BTC,1586030216687,2020-04-04T19:56:56.687Z,sell,5e-07,564.0,0.0002819999999999
MITH/BTC,1586030216883,2020-04-04T19:56:56.883Z,sell,5e-07,281492.0,0.1407459999999999
MITH/BTC,1586030216887,2020-04-04T19:56:56.887Z,sell,5e-07,291283.0,0.1456415
MITH/BTC,1586030216891,2020-04-04T19:56:56.891Z,sell,5e-07,3843.0,0.0019214999999999
MITH/BTC,1586030217796,2020-04-04T19:56:57.796Z,sell,5e-07,1447.0,0.0007235
MITH/BTC,1586030219964,2020-04-04T19:56:59.964Z,buy,5e-07,1665.0,0.0008325
MITH/BTC,1586030219990,2020-04-04T19:56:59.990Z,buy,5e-07,1104.0,0.000552
MITH/BTC,1586030220253,2020-04-04T19:57:00.253Z,buy,5e-07,1192.0,0.000596
MITH/BTC,1586030221877,2020-04-04T19:57:01.877Z,buy,5e-07,7053.0,0.0035264999999999
MITH/BTC,1586030222057,2020-04-04T19:57:02.057Z,sell,5e-07,585.0,0.0002925
MITH/BTC,1586030223483,2020-04-04T19:57:03.483Z,sell,5e-07,32451.0,0.0162255
MITH/BTC,1586030225615,2020-04-04T19:57:05.615Z,buy,5e-07,33534.0,0.016767
MITH/BTC,1586030225633,2020-04-04T19:57:05.633Z,sell,5e-07,16573.0,0.0082865
MITH/BTC,1586030229543,2020-04-04T19:57:09.543Z,sell,5e-07,15775.0,0.0078875
MITH/BTC,1586030230046,2020-04-04T19:57:10.046Z,sell,5e-07,301.0,0.0001505
MITH/BTC,1586030231868,2020-04-04T19:57:11.868Z,sell,5e-07,34176.0,0.017088
MITH/BTC,1586030236047,2020-04-04T19:57:16.047Z,sell,5e-07,226.0,0.000113
MITH/BTC,1586030243911,2020-04-04T19:57:23.911Z,sell,5e-07,10177.0,0.0050885
MITH/BTC,1586030246198,2020-04-04T19:57:26.198Z,sell,5e-07,29573.0,0.0147865
MITH/BTC,1586030252785,2020-04-04T19:57:32.785Z,sell,5e-07,8533.0,0.0042664999999999
MITH/BTC,1586030260840,2020-04-04T19:57:40.840Z,sell,5e-07,20432.0,0.010216
MITH/BTC,1586030261457,2020-04-04T19:57:41.457Z,sell,5e-07,26920.0,0.01346
MITH/BTC,1586030262398,2020-04-04T19:57:42.398Z,sell,5e-07,101570.0,0.050785
MITH/BTC,1586030263358,2020-04-04T19:57:43.358Z,sell,5e-07,29486.0,0.014743
MITH/BTC,1586030295818,2020-04-04T19:58:15.818Z,sell,5e-07,2364.0,0.0011819999999999
MITH/BTC,1586030335070,2020-04-04T19:58:55.070Z,buy,5.1e-07,907.0,0.00046257
MITH/BTC,1586030388620,2020-04-04T19:59:48.620Z,sell,5e-07,134791.0,0.0673955
MITH/BTC,1586030388640,2020-04-04T19:59:48.640Z,buy,5e-07,13695.0,0.0068474999999999
MITH/BTC,1586030404692,2020-04-04T20:00:04.692Z,sell,5e-07,829.0,0.0004145
MITH/BTC,1586030406680,2020-04-04T20:00:06.680Z,sell,5e-07,2482.0,0.001241
MITH/BTC,1586030526331,2020-04-04T20:02:06.331Z,sell,5e-07,54027.0,0.0270135
MITH/BTC,1586030551447,2020-04-04T20:02:31.447Z,sell,5e-07,124560.0,0.0622799999999999
MITH/BTC,1586030560428,2020-04-04T20:02:40.428Z,sell,5e-07,873.0,0.0004365
MITH/BTC,1586030562645,2020-04-04T20:02:42.645Z,sell,5e-07,25378.0,0.0126889999999999
MITH/BTC,1586030579452,2020-04-04T20:02:59.452Z,buy,5e-07,40071.0,0.0200354999999999
MITH/BTC,1586030734937,2020-04-04T20:05:34.937Z,sell,5e-07,29970.0,0.014985
MITH/BTC,1586030885265,2020-04-04T20:08:05.265Z,buy,5.1e-07,4178.0,0.00213078
MITH/BTC,1586031032326,2020-04-04T20:10:32.326Z,buy,5.1e-07,5960.0,0.0030396
MITH/BTC,1586031059530,2020-04-04T20:10:59.530Z,sell,5e-07,81278.0,0.040639
MITH/BTC,1586031059530,2020-04-04T20:10:59.530Z,sell,5e-07,81278.0,0.040639
MITH/BTC,1586031126715,2020-04-04T20:12:06.715Z,sell,5e-07,807.0,0.0004035
MITH/BTC,1586031148249,2020-04-04T20:12:28.249Z,sell,5e-07,1265.0,0.0006324999999999
MITH/BTC,1586031183087,2020-04-04T20:13:03.087Z,sell,5e-07,1649.0,0.0008244999999999
MITH/BTC,1586031219584,2020-04-04T20:13:39.584Z,sell,5e-07,1912.0,0.0009559999999999
MITH/BTC,1586031240230,2020-04-04T20:14:00.230Z,sell,5e-07,1011.0,0.0005055
MITH/BTC,1586031409736,2020-04-04T20:16:49.736Z,sell,5e-07,1947.0,0.0009735
MITH/BTC,1586031444124,2020-04-04T20:17:24.124Z,sell,5e-07,593.0,0.0002965
MITH/BTC,1586031484332,2020-04-04T20:18:04.332Z,sell,5e-07,1758.0,0.000879
MITH/BTC,1586031504305,2020-04-04T20:18:24.305Z,sell,5e-07,2093.0,0.0010465
MITH/BTC,1586031522106,2020-04-04T20:18:42.106Z,sell,5e-07,1375.0,0.0006875
MITH/BTC,1586031560260,2020-04-04T20:19:20.260Z,sell,5e-07,2060.0,0.0010299999999999
MITH/BTC,1586031598232,2020-04-04T20:19:58.232Z,sell,5e-07,2465.0,0.0012324999999999
MITH/BTC,1586031615105,2020-04-04T20:20:15.105Z,sell,5e-07,971.0,0.0004855
MITH/BTC,1586032000549,2020-04-04T20:26:40.549Z,sell,5e-07,122477.0,0.0612384999999999
MITH/BTC,1586032040991,2020-04-04T20:27:20.991Z,buy,5e-07,15158.0,0.007579
MITH/BTC,1586032183109,2020-04-04T20:29:43.109Z,buy,5e-07,400.0,0.0001999999999999
MITH/BTC,1586032365101,2020-04-04T20:32:45.101Z,sell,4.9e-07,36780.0,0.0180222
MITH/BTC,1586032366144,2020-04-04T20:32:46.144Z,sell,4.9e-07,52776.0,0.02586024
MITH/BTC,1586032499813,2020-04-04T20:34:59.813Z,buy,5e-07,7322.0,0.0036609999999999
MITH/BTC,1586032499966,2020-04-04T20:34:59.966Z,buy,5e-07,5976.0,0.0029879999999999
MITH/BTC,1586032500534,2020-04-04T20:35:00.534Z,buy,5e-07,6675.0,0.0033374999999999
MITH/BTC,1586032500646,2020-04-04T20:35:00.646Z,buy,5e-07,6638.0,0.003319
MITH/BTC,1586032501643,2020-04-04T20:35:01.643Z,buy,5e-07,8478.0,0.004239
MITH/BTC,1586032502340,2020-04-04T20:35:02.340Z,buy,5e-07,8203.0,0.0041015
MITH/BTC,1586032502450,2020-04-04T20:35:02.450Z,buy,5e-07,36388.0,0.018194
MITH/BTC,1586032502859,2020-04-04T20:35:02.859Z,buy,5e-07,20000.0,0.01
MITH/BTC,1586032503774,2020-04-04T20:35:03.774Z,buy,5e-07,215098.0,0.1075489999999999
MITH/BTC,1586032503798,2020-04-04T20:35:03.798Z,buy,5e-07,9246.0,0.0046229999999999
MITH/BTC,1586032504066,2020-04-04T20:35:04.066Z,buy,5e-07,16407.0,0.0082034999999999
MITH/BTC,1586032504434,2020-04-04T20:35:04.434Z,buy,5e-07,3698.0,0.001849
MITH/BTC,1586032504704,2020-04-04T20:35:04.704Z,buy,5e-07,5548.0,0.002774
MITH/BTC,1586032545441,2020-04-04T20:35:45.441Z,buy,5e-07,131514.0,0.065757
MITH/BTC,1586032561312,2020-04-04T20:36:01.312Z,buy,5e-07,81949.0,0.0409745
MITH/BTC,1586032632787,2020-04-04T20:37:12.787Z,sell,4.9e-07,2500.0,0.001225
MITH/BTC,1586032679433,2020-04-04T20:37:59.433Z,buy,5e-07,426.0,0.000213
MITH/BTC,1586033744062,2020-04-04T20:55:44.062Z,buy,5e-07,830.0,0.000415
MITH/BTC,1586034255523,2020-04-04T21:04:15.523Z,sell,4.9e-07,139567.0,0.06838783
MITH/BTC,1586034255561,2020-04-04T21:04:15.561Z,sell,4.9e-07,29761.0,0.01458289
MITH/BTC,1586034255573,2020-04-04T21:04:15.573Z,sell,4.9e-07,117994.0,0.0578170599999999
MITH/BTC,1586034255573,2020-04-04T21:04:15.573Z,sell,4.9e-07,117994.0,0.0578170599999999
MITH/BTC,1586035352362,2020-04-04T21:22:32.362Z,sell,4.9e-07,8330.0,0.0040817
MITH/BTC,1586035395963,2020-04-04T21:23:15.963Z,buy,5e-07,415.0,0.0002075
MITH/BTC,1586035571089,2020-04-04T21:26:11.089Z,buy,5e-07,74925.0,0.0374624999999999
MITH/BTC,1586036164330,2020-04-04T21:36:04.330Z,buy,5e-07,300.0,0.00015
MITH/BTC,1586037687866,2020-04-04T22:01:27.866Z,buy,5e-07,43242.0,0.0216209999999999
MITH/BTC,1586037687866,2020-04-04T22:01:27.866Z,buy,5e-07,43242.0,0.0216209999999999
MITH/BTC,1586041341418,2020-04-04T23:02:21.418Z,buy,5e-07,7991.0,0.0039955
MITH/BTC,1586041729187,2020-04-04T23:08:49.187Z,buy,5e-07,1852.0,0.000926
MITH/BTC,1586041729187,2020-04-04T23:08:49.187Z,buy,5e-07,1852.0,0.000926
MITH/BTC,1586042030869,2020-04-04T23:13:50.869Z,sell,4.9e-07,492084.0,0.2411211599999999
MITH/BTC,1586042037016,2020-04-04T23:13:57.016Z,buy,5e-07,1220.0,0.00061
MITH/BTC,1586042112320,2020-04-04T23:15:12.320Z,sell,4.9e-07,1650.0,0.0008085
MITH/BTC,1586042321786,2020-04-04T23:18:41.786Z,buy,5e-07,6000.0,0.003
MITH/BTC,1586042369709,2020-04-04T23:19:29.709Z,buy,5e-07,2469.0,0.0012345
MITH/BTC,1586042441672,2020-04-04T23:20:41.672Z,buy,5e-07,120000.0,0.06
MITH/BTC,1586042648567,2020-04-04T23:24:08.567Z,sell,4.9e-07,625.0,0.00030625
MITH/BTC,1586043687819,2020-04-04T23:41:27.819Z,buy,5e-07,133485.0,0.0667425
MITH/BTC,1586043688923,2020-04-04T23:41:28.923Z,buy,5e-07,161240.0,0.08062
MITH/BTC,1586043689420,2020-04-04T23:41:29.420Z,buy,5e-07,36379.0,0.0181895
MITH/BTC,1586043689536,2020-04-04T23:41:29.536Z,buy,5e-07,171031.0,0.0855155
MITH/BTC,1586043690288,2020-04-04T23:41:30.288Z,buy,5e-07,140490.0,0.070245
MITH/BTC,1586043690887,2020-04-04T23:41:30.887Z,buy,5e-07,142869.0,0.0714345
MITH/BTC,1586043691596,2020-04-04T23:41:31.596Z,buy,5e-07,151376.0,0.0756879999999999
MITH/BTC,1586043692199,2020-04-04T23:41:32.199Z,buy,5e-07,101016.0,0.050508
MITH/BTC,1586043752612,2020-04-04T23:42:32.612Z,buy,5e-07,127198.0,0.063599
MITH/BTC,1586043753650,2020-04-04T23:42:33.650Z,sell,5e-07,535.0,0.0002675
MITH/BTC,1586043825987,2020-04-04T23:43:45.987Z,sell,5e-07,2017.0,0.0010084999999999
MITH/BTC,1586043863141,2020-04-04T23:44:23.141Z,sell,5e-07,1911.0,0.0009555
MITH/BTC,1586044080626,2020-04-04T23:48:00.626Z,sell,5e-07,1482.0,0.000741
MITH/BTC,1586044501016,2020-04-04T23:55:01.016Z,buy,5.1e-07,2392.0,0.00121992
MITH/BTC,1586044514679,2020-04-04T23:55:14.679Z,sell,5e-07,300.0,0.00015
MITH/BTC,1586045192394,2020-04-05T00:06:32.394Z,buy,5.1e-07,300.0,0.000153
MITH/BTC,1586045192394,2020-04-05T00:06:32.394Z,buy,5.1e-07,300.0,0.000153
MITH/BTC,1586045347703,2020-04-05T00:09:07.703Z,sell,5e-07,5994.0,0.0029969999999999
MITH/BTC,1586048498160,2020-04-05T01:01:38.160Z,buy,5.1e-07,73164.0,0.03731364
MITH/BTC,1586048509467,2020-04-05T01:01:49.467Z,buy,5.1e-07,83682.0,0.04267782
MITH/BTC,1586048510409,2020-04-05T01:01:50.409Z,buy,5.1e-07,79892.0,0.04074492
MITH/BTC,1586048511333,2020-04-05T01:01:51.333Z,buy,5.1e-07,85662.0,0.0436876199999999
MITH/BTC,1586048512313,2020-04-05T01:01:52.313Z,buy,5.1e-07,84460.0,0.0430746
MITH/BTC,1586048513464,2020-04-05T01:01:53.464Z,buy,5.1e-07,94558.0,0.0482245799999999
MITH/BTC,1586048514960,2020-04-05T01:01:54.960Z,buy,5.1e-07,95465.0,0.04868715
MITH/BTC,1586048515744,2020-04-05T01:01:55.744Z,buy,5.1e-07,93502.0,0.0476860199999999
MITH/BTC,1586048515744,2020-04-05T01:01:55.744Z,buy,5.1e-07,93502.0,0.0476860199999999
MITH/BTC,1586049430713,2020-04-05T01:17:10.713Z,sell,5e-07,284964.0,0.142482
MITH/BTC,1586049431457,2020-04-05T01:17:11.457Z,sell,5e-07,284964.0,0.142482
MITH/BTC,1586049432316,2020-04-05T01:17:12.316Z,sell,5e-07,271073.0,0.1355365
MITH/BTC,1586049433066,2020-04-05T01:17:13.066Z,sell,5e-07,90026.0,0.045013
MITH/BTC,1586049437781,2020-04-05T01:17:17.781Z,buy,5e-07,1000.0,0.0005
MITH/BTC,1586049489127,2020-04-05T01:18:09.127Z,buy,5e-07,201.0,0.0001004999999999
MITH/BTC,1586049510575,2020-04-05T01:18:30.575Z,buy,5e-07,4560.0,0.00228
MITH/BTC,1586049554184,2020-04-05T01:19:14.184Z,buy,5e-07,19486.0,0.009743
MITH/BTC,1586049585644,2020-04-05T01:19:45.644Z,sell,5e-07,241.0,0.0001204999999999
MITH/BTC,1586049647279,2020-04-05T01:20:47.279Z,sell,5e-07,2234.0,0.001117
MITH/BTC,1586049977687,2020-04-05T01:26:17.687Z,buy,5.1e-07,172737.0,0.0880958699999999
MITH/BTC,1586049978665,2020-04-05T01:26:18.665Z,buy,5.1e-07,175262.0,0.08938362
MITH/BTC,1586049979706,2020-04-05T01:26:19.706Z,buy,5.1e-07,184542.0,0.0941164199999999
MITH/BTC,1586049979827,2020-04-05T01:26:19.827Z,buy,5.1e-07,42012.0,0.02142612
MITH/BTC,1586049980385,2020-04-05T01:26:20.385Z,buy,5.1e-07,143912.0,0.07339512
MITH/BTC,1586049980778,2020-04-05T01:26:20.778Z,buy,5.1e-07,42012.0,0.02142612
MITH/BTC,1586049981144,2020-04-05T01:26:21.144Z,buy,5.1e-07,141937.0,0.0723878699999999
MITH/BTC,1586049981604,2020-04-05T01:26:21.604Z,buy,5.1e-07,42012.0,0.02142612
MITH/BTC,1586049981799,2020-04-05T01:26:21.799Z,buy,5.1e-07,256402.0,0.13076502
MITH/BTC,1586049982330,2020-04-05T01:26:22.330Z,buy,5.1e-07,42012.0,0.02142612
MITH/BTC,1586049982791,2020-04-05T01:26:22.791Z,buy,5.1e-07,182927.0,0.09329277
MITH/BTC,1586049983720,2020-04-05T01:26:23.720Z,buy,5.1e-07,42012.0,0.02142612
MITH/BTC,1586050680732,2020-04-05T01:38:00.732Z,buy,5.1e-07,4589.0,0.00234039
MITH/BTC,1586050680732,2020-04-05T01:38:00.732Z,buy,5.1e-07,4589.0,0.00234039
MITH/BTC,1586050680733,2020-04-05T01:38:00.733Z,buy,5.1e-07,4589.0,0.00234039
MITH/BTC,1586050680733,2020-04-05T01:38:00.733Z,buy,5.1e-07,4589.0,0.00234039
MITH/BTC,1586050680733,2020-04-05T01:38:00.733Z,buy,5.1e-07,4589.0,0.00234039
MITH/BTC,1586050680733,2020-04-05T01:38:00.733Z,buy,5.1e-07,4589.0,0.00234039
MITH/BTC,1586050680733,2020-04-05T01:38:00.733Z,buy,5.1e-07,4589.0,0.00234039
MITH/BTC,1586050680734,2020-04-05T01:38:00.734Z,buy,5.1e-07,4589.0,0.00234039
MITH/BTC,1586050680734,2020-04-05T01:38:00.734Z,buy,5.1e-07,4589.0,0.00234039
MITH/BTC,1586050680734,2020-04-05T01:38:00.734Z,buy,5.1e-07,4589.0,0.00234039
MITH/BTC,1586050680734,2020-04-05T01:38:00.734Z,buy,5.1e-07,4589.0,0.00234039
MITH/BTC,1586050680735,2020-04-05T01:38:00.735Z,buy,5.1e-07,4589.0,0.00234039
MITH/BTC,1586050680735,2020-04-05T01:38:00.735Z,buy,5.1e-07,4589.0,0.00234039
MITH/BTC,1586050680735,2020-04-05T01:38:00.735Z,buy,5.1e-07,4589.0,0.00234039
MITH/BTC,1586050680735,2020-04-05T01:38:00.735Z,buy,5.1e-07,4589.0,0.00234039
MITH/BTC,1586050680735,2020-04-05T01:38:00.735Z,buy,5.1e-07,4589.0,0.00234039
MITH/BTC,1586050680735,2020-04-05T01:38:00.735Z,buy,5.1e-07,4589.0,0.00234039
MITH/BTC,1586050680735,2020-04-05T01:38:00.735Z,buy,5.1e-07,4589.0,0.00234039
MITH/BTC,1586050680735,2020-04-05T01:38:00.735Z,buy,5.1e-07,4589.0,0.00234039
MITH/BTC,1586050680737,2020-04-05T01:38:00.737Z,buy,5.1e-07,4589.0,0.00234039
MITH/BTC,1586050680737,2020-04-05T01:38:00.737Z,buy,5.1e-07,4589.0,0.00234039
MITH/BTC,1586050680737,2020-04-05T01:38:00.737Z,buy,5.1e-07,4589.0,0.00234039
MITH/BTC,1586050680737,2020-04-05T01:38:00.737Z,buy,5.1e-07,4589.0,0.00234039
MITH/BTC,1586050680737,2020-04-05T01:38:00.737Z,buy,5.1e-07,4589.0,0.00234039
MITH/BTC,1586050680737,2020-04-05T01:38:00.737Z,buy,5.1e-07,4589.0,0.00234039
MITH/BTC,1586050680738,2020-04-05T01:38:00.738Z,buy,5.1e-07,4589.0,0.00234039
MITH/BTC,1586050680738,2020-04-05T01:38:00.738Z,buy,5.1e-07,4589.0,0.00234039
MITH/BTC,1586050680738,2020-04-05T01:38:00.738Z,buy,5.1e-07,4589.0,0.00234039
MITH/BTC,1586050680738,2020-04-05T01:38:00.738Z,buy,5.1e-07,4589.0,0.00234039
MITH/BTC,1586050680739,2020-04-05T01:38:00.739Z,buy,5.1e-07,28572.0,0.01457172
MITH/BTC,1586050680739,2020-04-05T01:38:00.739Z,buy,5.1e-07,4589.0,0.00234039
MITH/BTC,1586050680739,2020-04-05T01:38:00.739Z,buy,5.1e-07,183638.0,0.09365538
MITH/BTC,1586050680739,2020-04-05T01:38:00.739Z,buy,5.1e-07,4589.0,0.00234039
MITH/BTC,1586050680739,2020-04-05T01:38:00.739Z,buy,5.1e-07,4589.0,0.00234039
MITH/BTC,1586050680740,2020-04-05T01:38:00.740Z,buy,5.1e-07,4589.0,0.00234039
MITH/BTC,1586050680740,2020-04-05T01:38:00.740Z,buy,5.1e-07,4589.0,0.00234039
MITH/BTC,1586050680740,2020-04-05T01:38:00.740Z,buy,5.1e-07,4589.0,0.00234039
MITH/BTC,1586050680740,2020-04-05T01:38:00.740Z,buy,5.1e-07,4589.0,0.00234039
MITH/BTC,1586050680740,2020-04-05T01:38:00.740Z,buy,5.1e-07,4589.0,0.00234039
MITH/BTC,1586050680740,2020-04-05T01:38:00.740Z,buy,5.1e-07,4589.0,0.00234039
MITH/BTC,1586050680741,2020-04-05T01:38:00.741Z,buy,5.1e-07,4589.0,0.00234039
MITH/BTC,1586050680742,2020-04-05T01:38:00.742Z,buy,5.1e-07,4589.0,0.00234039
MITH/BTC,1586050774504,2020-04-05T01:39:34.504Z,sell,5e-07,26381.0,0.0131904999999999
MITH/BTC,1586051053936,2020-04-05T01:44:13.936Z,sell,5e-07,22513.0,0.0112565
MITH/BTC,1586051064719,2020-04-05T01:44:24.719Z,sell,5e-07,39908.0,0.019954
MITH/BTC,1586051065757,2020-04-05T01:44:25.757Z,sell,5e-07,33567.0,0.0167835
MITH/BTC,1586051067260,2020-04-05T01:44:27.260Z,sell,5e-07,32502.0,0.0162509999999999
MITH/BTC,1586051069088,2020-04-05T01:44:29.088Z,sell,5e-07,37283.0,0.0186415
MITH/BTC,1586051069912,2020-04-05T01:44:29.912Z,sell,5e-07,34176.0,0.017088
MITH/BTC,1586051070574,2020-04-05T01:44:30.574Z,sell,5e-07,28617.0,0.0143085
MITH/BTC,1586051071779,2020-04-05T01:44:31.779Z,sell,5e-07,11036.0,0.0055179999999999
MITH/BTC,1586051078697,2020-04-05T01:44:38.697Z,sell,5e-07,15633.0,0.0078164999999999
MITH/BTC,1586051079924,2020-04-05T01:44:39.924Z,sell,5e-07,14755.0,0.0073774999999999
MITH/BTC,1586051091453,2020-04-05T01:44:51.453Z,buy,5e-07,575.0,0.0002875
MITH/BTC,1586051115167,2020-04-05T01:45:15.167Z,buy,5e-07,1729.0,0.0008644999999999
MITH/BTC,1586051130792,2020-04-05T01:45:30.792Z,sell,5e-07,16154.0,0.0080769999999999
MITH/BTC,1586051134124,2020-04-05T01:45:34.124Z,buy,5e-07,2464.0,0.001232
MITH/BTC,1586051163700,2020-04-05T01:46:03.700Z,buy,5e-07,10097.0,0.0050485
MITH/BTC,1586051266294,2020-04-05T01:47:46.294Z,buy,5e-07,1957.0,0.0009785
MITH/BTC,1586051281948,2020-04-05T01:48:01.948Z,buy,5e-07,20610.0,0.010305
MITH/BTC,1586051316569,2020-04-05T01:48:36.569Z,buy,5e-07,20609.0,0.0103045
MITH/BTC,1586051347853,2020-04-05T01:49:07.853Z,buy,5e-07,11278.0,0.005639
MITH/BTC,1586051362600,2020-04-05T01:49:22.600Z,sell,5e-07,9324.0,0.0046619999999999
MITH/BTC,1586051387248,2020-04-05T01:49:47.248Z,buy,5e-07,20595.0,0.0102975
MITH/BTC,1586051413343,2020-04-05T01:50:13.343Z,buy,5e-07,1968.0,0.0009839999999999
MITH/BTC,1586051428104,2020-04-05T01:50:28.104Z,sell,5e-07,18627.0,0.0093134999999999
MITH/BTC,1586051441705,2020-04-05T01:50:41.705Z,buy,5e-07,265.0,0.0001325
MITH/BTC,1586051454853,2020-04-05T01:50:54.853Z,buy,5e-07,12995.0,0.0064975
MITH/BTC,1586051469642,2020-04-05T01:51:09.642Z,sell,5e-07,31622.0,0.015811
MITH/BTC,1586051501421,2020-04-05T01:51:41.421Z,sell,5e-07,7877.0,0.0039385
MITH/BTC,1586051829017,2020-04-05T01:57:09.017Z,sell,5e-07,509.0,0.0002545
MITH/BTC,1586051829017,2020-04-05T01:57:09.017Z,sell,5e-07,509.0,0.0002545
MITH/BTC,1586054992762,2020-04-05T02:49:52.762Z,sell,5e-07,241.0,0.0001204999999999
MITH/BTC,1586055128966,2020-04-05T02:52:08.966Z,buy,5.1e-07,4000.0,0.00204
MITH/BTC,1586055136058,2020-04-05T02:52:16.058Z,sell,5e-07,146504.0,0.073252
MITH/BTC,1586055136058,2020-04-05T02:52:16.058Z,sell,5e-07,146504.0,0.073252
MITH/BTC,1586056237615,2020-04-05T03:10:37.615Z,sell,5e-07,1451.0,0.0007255
MITH/BTC,1586056241732,2020-04-05T03:10:41.732Z,sell,5e-07,635.0,0.0003174999999999
MITH/BTC,1586056241732,2020-04-05T03:10:41.732Z,sell,5e-07,635.0,0.0003174999999999
MITH/BTC,1586058893690,2020-04-05T03:54:53.690Z,buy,5.1e-07,872.0,0.00044472
MITH/BTC,1586058927330,2020-04-05T03:55:27.330Z,buy,5.1e-07,268.0,0.00013668
MITH/BTC,1586058927330,2020-04-05T03:55:27.330Z,buy,5.1e-07,268.0,0.00013668
MITH/BTC,1586062716455,2020-04-05T04:58:36.455Z,sell,5e-07,22955.0,0.0114775
MITH/BTC,1586062717151,2020-04-05T04:58:37.151Z,sell,5e-07,5693.0,0.0028465
MITH/BTC,1586062717151,2020-04-05T04:58:37.151Z,sell,5e-07,5693.0,0.0028465
MITH/BTC,1586063428056,2020-04-05T05:10:28.056Z,sell,5e-07,1394.0,0.0006969999999999
MITH/BTC,1586063542897,2020-04-05T05:12:22.897Z,buy,5.1e-07,488.0,0.00024888
MITH/BTC,1586063679749,2020-04-05T05:14:39.749Z,buy,5.1e-07,7948.0,0.00405348
MITH/BTC,1586063832039,2020-04-05T05:17:12.039Z,buy,5.1e-07,55104.0,0.02810304
MITH/BTC,1586063871006,2020-04-05T05:17:51.006Z,buy,5.1e-07,21654.0,0.01104354
MITH/BTC,1586063981901,2020-04-05T05:19:41.901Z,sell,5e-07,18232.0,0.0091159999999999
MITH/BTC,1586063981901,2020-04-05T05:19:41.901Z,sell,5e-07,18232.0,0.0091159999999999
MITH/BTC,1586066931413,2020-04-05T06:08:51.413Z,sell,5e-07,1686.0,0.000843
MITH/BTC,1586066964003,2020-04-05T06:09:24.003Z,sell,5e-07,1686.0,0.000843
MITH/BTC,1586066978638,2020-04-05T06:09:38.638Z,sell,5e-07,2622.0,0.0013109999999999
MITH/BTC,1586066978638,2020-04-05T06:09:38.638Z,sell,5e-07,2622.0,0.0013109999999999
MITH/BTC,1586068189812,2020-04-05T06:29:49.812Z,sell,5e-07,76681.0,0.0383405
MITH/BTC,1586070040923,2020-04-05T07:00:40.923Z,sell,5e-07,44960.0,0.02248
MITH/BTC,1586070041722,2020-04-05T07:00:41.722Z,sell,5e-07,41443.0,0.0207215
MITH/BTC,1586070042334,2020-04-05T07:00:42.334Z,sell,5e-07,48163.0,0.0240815
MITH/BTC,1586070043467,2020-04-05T07:00:43.467Z,sell,5e-07,44362.0,0.022181
MITH/BTC,1586070044284,2020-04-05T07:00:44.284Z,sell,5e-07,60151.0,0.0300754999999999
MITH/BTC,1586070045148,2020-04-05T07:00:45.148Z,sell,5e-07,62627.0,0.0313135
MITH/BTC,1586070045832,2020-04-05T07:00:45.832Z,sell,5e-07,278046.0,0.1390229999999999
MITH/BTC,1586070046954,2020-04-05T07:00:46.954Z,sell,5e-07,278046.0,0.1390229999999999
MITH/BTC,1586070048119,2020-04-05T07:00:48.119Z,sell,5e-07,256917.0,0.1284585
MITH/BTC,1586070084921,2020-04-05T07:01:24.921Z,sell,5e-07,61367.0,0.0306835
MITH/BTC,1586070089735,2020-04-05T07:01:29.735Z,sell,5e-07,11359.0,0.0056795
MITH/BTC,1586070089735,2020-04-05T07:01:29.735Z,sell,5e-07,684186.0,0.342093
MITH/BTC,1586070095799,2020-04-05T07:01:35.799Z,sell,5e-07,744377.0,0.3721885
MITH/BTC,1586070095810,2020-04-05T07:01:35.810Z,sell,4.9e-07,38481.0,0.0188556899999999
MITH/BTC,1586070095817,2020-04-05T07:01:35.817Z,sell,4.9e-07,11283.0,0.0055286699999999
MITH/BTC,1586070320189,2020-04-05T07:05:20.189Z,sell,4.9e-07,1624.0,0.00079576
MITH/BTC,1586070483597,2020-04-05T07:08:03.597Z,buy,5e-07,5493.0,0.0027465
MITH/BTC,1586070491702,2020-04-05T07:08:11.702Z,buy,5e-07,12170.0,0.006085
MITH/BTC,1586070546428,2020-04-05T07:09:06.428Z,buy,5e-07,20224.0,0.010112
MITH/BTC,1586070553450,2020-04-05T07:09:13.450Z,buy,5e-07,23308.0,0.011654
MITH/BTC,1586070554128,2020-04-05T07:09:14.128Z,buy,5e-07,23271.0,0.0116355
MITH/BTC,1586070555021,2020-04-05T07:09:15.021Z,buy,5e-07,15623.0,0.0078115
MITH/BTC,1586070567399,2020-04-05T07:09:27.399Z,buy,5e-07,22391.0,0.0111954999999999
MITH/BTC,1586070568412,2020-04-05T07:09:28.412Z,buy,5e-07,19202.0,0.009601
MITH/BTC,1586070568412,2020-04-05T07:09:28.412Z,buy,5e-07,19202.0,0.009601
MITH/BTC,1586070734023,2020-04-05T07:12:14.023Z,buy,5e-07,21656.0,0.0108279999999999
MITH/BTC,1586070736502,2020-04-05T07:12:16.502Z,buy,5e-07,11036.0,0.0055179999999999
MITH/BTC,1586070787609,2020-04-05T07:13:07.609Z,buy,5e-07,63558.0,0.031779
MITH/BTC,1586070792293,2020-04-05T07:13:12.293Z,sell,5e-07,2119.0,0.0010595
MITH/BTC,1586070810702,2020-04-05T07:13:30.702Z,sell,5e-07,1672.0,0.0008359999999999
MITH/BTC,1586070828130,2020-04-05T07:13:48.130Z,sell,5e-07,535.0,0.0002675
MITH/BTC,1586070848820,2020-04-05T07:14:08.820Z,sell,5e-07,1501.0,0.0007505
MITH/BTC,1586070888474,2020-04-05T07:14:48.474Z,sell,5e-07,43672.0,0.0218359999999999
MITH/BTC,1586071251058,2020-04-05T07:20:51.058Z,sell,4.9e-07,103717.0,0.05082133
MITH/BTC,1586071286209,2020-04-05T07:21:26.209Z,buy,5e-07,4437.0,0.0022185
MITH/BTC,1586071395562,2020-04-05T07:23:15.562Z,buy,5e-07,697.0,0.0003484999999999
MITH/BTC,1586072202144,2020-04-05T07:36:42.144Z,buy,5e-07,779.0,0.0003895
MITH/BTC,1586072474931,2020-04-05T07:41:14.931Z,buy,5e-07,88586.0,0.044293
MITH/BTC,1586072722803,2020-04-05T07:45:22.803Z,sell,5e-07,7948.0,0.003974
MITH/BTC,1586073628413,2020-04-05T08:00:28.413Z,sell,5e-07,47631.0,0.0238155
MITH/BTC,1586073642743,2020-04-05T08:00:42.743Z,buy,5e-07,14672.0,0.007336
MITH/BTC,1586073643939,2020-04-05T08:00:43.939Z,buy,5e-07,15797.0,0.0078985
MITH/BTC,1586073647484,2020-04-05T08:00:47.484Z,buy,5e-07,15752.0,0.007876
MITH/BTC,1586073648663,2020-04-05T08:00:48.663Z,buy,5e-07,2682.0,0.001341
MITH/BTC,1586073793562,2020-04-05T08:03:13.562Z,sell,5e-07,18477.0,0.0092385
MITH/BTC,1586073887885,2020-04-05T08:04:47.885Z,sell,4.9e-07,40337.0,0.01976513
MITH/BTC,1586073887885,2020-04-05T08:04:47.885Z,sell,4.9e-07,40337.0,0.01976513
MITH/BTC,1586074170562,2020-04-05T08:09:30.562Z,buy,5e-07,10000.0,0.005
MITH/BTC,1586074503454,2020-04-05T08:15:03.454Z,buy,5e-07,90211.0,0.0451055
MITH/BTC,1586074531466,2020-04-05T08:15:31.466Z,buy,5e-07,26019.0,0.0130095
MITH/BTC,1586074559533,2020-04-05T08:15:59.533Z,buy,5e-07,29359.0,0.0146795
MITH/BTC,1586074560105,2020-04-05T08:16:00.105Z,buy,5e-07,1350.0,0.0006749999999999
MITH/BTC,1586074724562,2020-04-05T08:18:44.562Z,buy,5e-07,722.0,0.000361
MITH/BTC,1586074724562,2020-04-05T08:18:44.562Z,buy,5e-07,722.0,0.000361
MITH/BTC,1586078395961,2020-04-05T09:19:55.961Z,buy,5e-07,500.0,0.00025
MITH/BTC,1586078447107,2020-04-05T09:20:47.107Z,buy,5e-07,500.0,0.00025
MITH/BTC,1586078453899,2020-04-05T09:20:53.899Z,sell,4.9e-07,78352.0,0.03839248
MITH/BTC,1586078453899,2020-04-05T09:20:53.899Z,sell,4.9e-07,78352.0,0.03839248
MITH/BTC,1586079601551,2020-04-05T09:40:01.551Z,buy,5e-07,125092.0,0.0625459999999999
MITH/BTC,1586079618228,2020-04-05T09:40:18.228Z,buy,5e-07,41929.0,0.0209645
MITH/BTC,1586079618366,2020-04-05T09:40:18.366Z,sell,5e-07,791.0,0.0003954999999999
MITH/BTC,1586079618898,2020-04-05T09:40:18.898Z,sell,5e-07,7563.0,0.0037814999999999
MITH/BTC,1586079654681,2020-04-05T09:40:54.681Z,sell,5e-07,15194.0,0.007597
MITH/BTC,1586080143195,2020-04-05T09:49:03.195Z,sell,5e-07,813.0,0.0004064999999999
MITH/BTC,1586080307028,2020-04-05T09:51:47.028Z,sell,5e-07,986.0,0.000493
MITH/BTC,1586080319027,2020-04-05T09:51:59.027Z,sell,5e-07,1885.0,0.0009425
MITH/BTC,1586080444361,2020-04-05T09:54:04.361Z,sell,5e-07,20112.0,0.0100559999999999
MITH/BTC,1586080444578,2020-04-05T09:54:04.578Z,sell,5e-07,20851.0,0.0104254999999999
MITH/BTC,1586080787965,2020-04-05T09:59:47.965Z,sell,5e-07,6212.0,0.003106
MITH/BTC,1586080789148,2020-04-05T09:59:49.148Z,buy,5e-07,2426.0,0.0012129999999999
MITH/BTC,1586081508887,2020-04-05T10:11:48.887Z,buy,5e-07,1184.0,0.000592
MITH/BTC,1586081708930,2020-04-05T10:15:08.930Z,buy,5e-07,202.0,0.000101
MITH/BTC,1586081708930,2020-04-05T10:15:08.930Z,buy,5e-07,202.0,0.000101
MITH/BTC,1586083934430,2020-04-05T10:52:14.430Z,buy,5e-07,54258.0,0.027129
MITH/BTC,1586084993136,2020-04-05T11:09:53.136Z,sell,4.9e-07,201.0,9.849e-05
MITH/BTC,1586084993136,2020-04-05T11:09:53.136Z,sell,4.9e-07,201.0,9.849e-05
MITH/BTC,1586085540054,2020-04-05T11:19:00.054Z,buy,5e-07,167852.0,0.083926
MITH/BTC,1586085540922,2020-04-05T11:19:00.922Z,buy,5e-07,79334.0,0.039667
MITH/BTC,1586087055990,2020-04-05T11:44:15.990Z,sell,5e-07,441.0,0.0002205
MITH/BTC,1586087133625,2020-04-05T11:45:33.625Z,buy,5e-07,441.0,0.0002205
MITH/BTC,1586087183977,2020-04-05T11:46:23.977Z,buy,5e-07,17773.0,0.0088865
MITH/BTC,1586087184924,2020-04-05T11:46:24.924Z,buy,5e-07,17651.0,0.0088255
MITH/BTC,1586087698255,2020-04-05T11:54:58.255Z,buy,5e-07,20000.0,0.01
MITH/BTC,1586087721604,2020-04-05T11:55:21.604Z,buy,5e-07,19074.0,0.009537
MITH/BTC,1586087752161,2020-04-05T11:55:52.161Z,buy,5e-07,19055.0,0.0095275
MITH/BTC,1586087784310,2020-04-05T11:56:24.310Z,buy,5e-07,15389.0,0.0076945
MITH/BTC,1586087794192,2020-04-05T11:56:34.192Z,sell,5e-07,1599.0,0.0007995
MITH/BTC,1586087794192,2020-04-05T11:56:34.192Z,sell,5e-07,1599.0,0.0007995
MITH/BTC,1586088840051,2020-04-05T12:14:00.051Z,sell,5e-07,18567.0,0.0092835
MITH/BTC,1586088842904,2020-04-05T12:14:02.904Z,buy,5e-07,23982.0,0.011991
MITH/BTC,1586088843478,2020-04-05T12:14:03.478Z,buy,5e-07,23884.0,0.011942
MITH/BTC,1586088844299,2020-04-05T12:14:04.299Z,buy,5e-07,19843.0,0.0099215
MITH/BTC,1586089461726,2020-04-05T12:24:21.726Z,buy,5e-07,154092.0,0.077046
MITH/BTC,1586089462440,2020-04-05T12:24:22.440Z,buy,5e-07,199560.0,0.09978
MITH/BTC,1586089477303,2020-04-05T12:24:37.303Z,buy,5e-07,97816.0,0.048908
MITH/BTC,1586089477969,2020-04-05T12:24:37.969Z,buy,5e-07,95853.0,0.0479265
MITH/BTC,1586089611090,2020-04-05T12:26:51.090Z,buy,5e-07,941.0,0.0004705
MITH/BTC,1586089904776,2020-04-05T12:31:44.776Z,buy,5e-07,29525.0,0.0147625
MITH/BTC,1586089904820,2020-04-05T12:31:44.820Z,buy,5e-07,29524.0,0.0147619999999999
MITH/BTC,1586089904837,2020-04-05T12:31:44.837Z,buy,5e-07,29524.0,0.0147619999999999
MITH/BTC,1586089904870,2020-04-05T12:31:44.870Z,buy,5e-07,12831.0,0.0064154999999999
MITH/BTC,1586089904870,2020-04-05T12:31:44.870Z,buy,5e-07,12831.0,0.0064154999999999
MITH/BTC,1586091596345,2020-04-05T12:59:56.345Z,buy,5e-07,12458.0,0.0062289999999999
MITH/BTC,1586091597154,2020-04-05T12:59:57.154Z,buy,5e-07,12458.0,0.0062289999999999
MITH/BTC,1586091598700,2020-04-05T12:59:58.700Z,buy,5e-07,12458.0,0.0062289999999999
MITH/BTC,1586091599736,2020-04-05T12:59:59.736Z,buy,5e-07,12458.0,0.0062289999999999
MITH/BTC,1586091601196,2020-04-05T13:00:01.196Z,buy,5e-07,12458.0,0.0062289999999999
MITH/BTC,1586091604357,2020-04-05T13:00:04.357Z,buy,5e-07,18289.0,0.0091445
MITH/BTC,1586091762461,2020-04-05T13:02:42.461Z,buy,5e-07,124948.0,0.0624739999999999
MITH/BTC,1586091771803,2020-04-05T13:02:51.803Z,buy,5e-07,65877.0,0.0329384999999999
MITH/BTC,1586092005435,2020-04-05T13:06:45.435Z,buy,5e-07,19979.0,0.0099895
MITH/BTC,1586092008669,2020-04-05T13:06:48.669Z,buy,5e-07,19980.0,0.0099899999999999
MITH/BTC,1586092307679,2020-04-05T13:11:47.679Z,sell,4.9e-07,95648.0,0.0468675199999999
MITH/BTC,1586093253490,2020-04-05T13:27:33.490Z,buy,5e-07,2147.0,0.0010735
MITH/BTC,1586093253490,2020-04-05T13:27:33.490Z,buy,5e-07,2147.0,0.0010735
MITH/BTC,1586093852897,2020-04-05T13:37:32.897Z,sell,4.9e-07,115352.0,0.0565224799999999
MITH/BTC,1586093927915,2020-04-05T13:38:47.915Z,sell,4.9e-07,1650.0,0.0008085
MITH/BTC,1586094131156,2020-04-05T13:42:11.156Z,buy,5e-07,11842.0,0.005921
MITH/BTC,1586094133486,2020-04-05T13:42:13.486Z,buy,5e-07,2500.0,0.00125
MITH/BTC,1586094134028,2020-04-05T13:42:14.028Z,buy,5e-07,2500.0,0.00125
MITH/BTC,1586094137819,2020-04-05T13:42:17.819Z,buy,5e-07,718.0,0.000359
MITH/BTC,1586094182156,2020-04-05T13:43:02.156Z,buy,5e-07,2500.0,0.00125
MITH/BTC,1586094182356,2020-04-05T13:43:02.356Z,buy,5e-07,2500.0,0.00125
MITH/BTC,1586094194483,2020-04-05T13:43:14.483Z,buy,5e-07,11054.0,0.005527
MITH/BTC,1586094713489,2020-04-05T13:51:53.489Z,buy,5e-07,1544100.0,0.77205
MITH/BTC,1586094719294,2020-04-05T13:51:59.294Z,sell,5e-07,294687.0,0.1473435
MITH/BTC,1586094720021,2020-04-05T13:52:00.021Z,buy,5.1e-07,1869889.0,0.95364339
MITH/BTC,1586094720228,2020-04-05T13:52:00.228Z,sell,5e-07,294687.0,0.1473435
MITH/BTC,1586094720244,2020-04-05T13:52:00.244Z,sell,5e-07,117994.0,0.0589969999999999
MITH/BTC,1586094721101,2020-04-05T13:52:01.101Z,sell,5e-07,144944.0,0.072472
MITH/BTC,1586094721117,2020-04-05T13:52:01.117Z,sell,5e-07,294687.0,0.1473435
MITH/BTC,1586094721712,2020-04-05T13:52:01.712Z,sell,5e-07,294687.0,0.1473435
MITH/BTC,1586094721740,2020-04-05T13:52:01.740Z,sell,5e-07,56183.0,0.0280915
MITH/BTC,1586094721744,2020-04-05T13:52:01.744Z,sell,5e-07,117994.0,0.0589969999999999
MITH/BTC,1586094723133,2020-04-05T13:52:03.133Z,sell,5e-07,176072.0,0.0880359999999999
MITH/BTC,1586094723793,2020-04-05T13:52:03.793Z,sell,5e-07,114705.0,0.0573525
MITH/BTC,1586094723960,2020-04-05T13:52:03.960Z,sell,5e-07,170056.0,0.0850279999999999
MITH/BTC,1586094725600,2020-04-05T13:52:05.600Z,sell,5e-07,30000.0,0.015
MITH/BTC,1586094725602,2020-04-05T13:52:05.602Z,sell,5e-07,70000.0,0.0349999999999999
MITH/BTC,1586094725736,2020-04-05T13:52:05.736Z,buy,5e-07,13799.0,0.0068994999999999
MITH/BTC,1586094730189,2020-04-05T13:52:10.189Z,sell,5e-07,320.0,0.0001599999999999
MITH/BTC,1586094730851,2020-04-05T13:52:10.851Z,buy,5.1e-07,209828.0,0.10701228
MITH/BTC,1586094730975,2020-04-05T13:52:10.975Z,sell,5.1e-07,98039.0,0.04999989
MITH/BTC,1586094733685,2020-04-05T13:52:13.685Z,buy,5.1e-07,28677.0,0.01462527
MITH/BTC,1586094736329,2020-04-05T13:52:16.329Z,buy,5.1e-07,4000.0,0.00204
MITH/BTC,1586094739689,2020-04-05T13:52:19.689Z,buy,5.1e-07,120000.0,0.0612
MITH/BTC,1586094741999,2020-04-05T13:52:21.999Z,buy,5.1e-07,489706.0,0.24975006
MITH/BTC,1586094744030,2020-04-05T13:52:24.030Z,buy,5.1e-07,5287108.0,2.69642508
MITH/BTC,1586094749268,2020-04-05T13:52:29.268Z,buy,5.1e-07,15405.0,0.00785655
MITH/BTC,1586094751968,2020-04-05T13:52:31.968Z,buy,5.1e-07,27667.0,0.01411017
MITH/BTC,1586094752188,2020-04-05T13:52:32.188Z,buy,5.1e-07,25865.0,0.01319115
MITH/BTC,1586094752195,2020-04-05T13:52:32.195Z,sell,5.1e-07,25030.0,0.0127653
MITH/BTC,1586094753136,2020-04-05T13:52:33.136Z,buy,5.1e-07,15448.0,0.00787848
MITH/BTC,1586094753336,2020-04-05T13:52:33.336Z,sell,5.1e-07,4620.0,0.0023562
MITH/BTC,1586094759905,2020-04-05T13:52:39.905Z,sell,5.1e-07,1247.0,0.00063597
MITH/BTC,1586094761729,2020-04-05T13:52:41.729Z,sell,5.1e-07,2500.0,0.0012749999999999
MITH/BTC,1586094761786,2020-04-05T13:52:41.786Z,sell,5.1e-07,1253.0,0.00063903
MITH/BTC,1586094762181,2020-04-05T13:52:42.181Z,sell,5.1e-07,7486.0,0.0038178599999999
MITH/BTC,1586094766596,2020-04-05T13:52:46.596Z,sell,5.1e-07,76177.0,0.03885027
MITH/BTC,1586094767920,2020-04-05T13:52:47.920Z,buy,5.2e-07,65384.0,0.03399968
MITH/BTC,1586094768365,2020-04-05T13:52:48.365Z,sell,5.1e-07,37682.0,0.01921782
MITH/BTC,1586094773137,2020-04-05T13:52:53.137Z,buy,5.2e-07,103846.0,0.05399992
MITH/BTC,1586094775649,2020-04-05T13:52:55.649Z,sell,5.1e-07,300.0,0.000153
MITH/BTC,1586094778885,2020-04-05T13:52:58.885Z,buy,5.2e-07,82692.0,0.04299984
MITH/BTC,1586094782693,2020-04-05T13:53:02.693Z,buy,5.2e-07,65384.0,0.03399968
MITH/BTC,1586094786069,2020-04-05T13:53:06.069Z,buy,5.2e-07,746258.0,0.38805416
MITH/BTC,1586094787675,2020-04-05T13:53:07.675Z,sell,5.2e-07,990.0,0.0005148
MITH/BTC,1586094787744,2020-04-05T13:53:07.744Z,sell,5.2e-07,5000.0,0.0026
MITH/BTC,1586094788161,2020-04-05T13:53:08.161Z,buy,5.3e-07,191.0,0.00010123
MITH/BTC,1586094788770,2020-04-05T13:53:08.770Z,sell,5.2e-07,14738.0,0.00766376
MITH/BTC,1586094788783,2020-04-05T13:53:08.783Z,sell,5.2e-07,170658.0,0.08874216
MITH/BTC,1586094789274,2020-04-05T13:53:09.274Z,buy,5.2e-07,40822.0,0.02122744
MITH/BTC,1586094789524,2020-04-05T13:53:09.524Z,sell,5.2e-07,5368.0,0.00279136
MITH/BTC,1586094789534,2020-04-05T13:53:09.534Z,sell,5.2e-07,4380.0,0.0022776
MITH/BTC,1586094790006,2020-04-05T13:53:10.006Z,sell,5.2e-07,15441.0,0.00802932
MITH/BTC,1586094790260,2020-04-05T13:53:10.260Z,sell,5.2e-07,4382.0,0.00227864
MITH/BTC,1586094792832,2020-04-05T13:53:12.832Z,sell,5.2e-07,5487.0,0.00285324
MITH/BTC,1586094793618,2020-04-05T13:53:13.618Z,buy,5.3e-07,970406.0,0.51431518
MITH/BTC,1586094793631,2020-04-05T13:53:13.631Z,sell,5.3e-07,10976.0,0.00581728
MITH/BTC,1586094796190,2020-04-05T13:53:16.190Z,buy,5.3e-07,416.0,0.00022048
MITH/BTC,1586094796428,2020-04-05T13:53:16.428Z,buy,5.3e-07,27376.0,0.01450928
MITH/BTC,1586094799033,2020-04-05T13:53:19.033Z,buy,5.3e-07,26422.0,0.01400366
MITH/BTC,1586094799039,2020-04-05T13:53:19.039Z,sell,5.3e-07,382153.0,0.20254109
MITH/BTC,1586094801301,2020-04-05T13:53:21.301Z,sell,5.2e-07,20521.0,0.01067092
MITH/BTC,1586094802339,2020-04-05T13:53:22.339Z,buy,5.3e-07,849056.0,0.44999968
MITH/BTC,1586094802755,2020-04-05T13:53:22.755Z,sell,5.2e-07,26980.0,0.0140296
MITH/BTC,1586094806205,2020-04-05T13:53:26.205Z,sell,5.2e-07,6357.0,0.00330564
MITH/BTC,1586094806366,2020-04-05T13:53:26.366Z,sell,5.2e-07,1601.0,0.00083252
MITH/BTC,1586094806382,2020-04-05T13:53:26.382Z,sell,5.2e-07,16221.0,0.00843492
MITH/BTC,1586094806840,2020-04-05T13:53:26.840Z,buy,5.3e-07,622641.0,0.32999973
MITH/BTC,1586094806955,2020-04-05T13:53:26.955Z,sell,5.2e-07,5231.0,0.00272012
MITH/BTC,1586094807300,2020-04-05T13:53:27.300Z,sell,5.2e-07,3441.0,0.00178932
MITH/BTC,1586094807715,2020-04-05T13:53:27.715Z,sell,5.2e-07,100204.0,0.05210608
MITH/BTC,1586094807719,2020-04-05T13:53:27.719Z,sell,5.2e-07,27890.0,0.0145028
MITH/BTC,1586094807754,2020-04-05T13:53:27.754Z,sell,5.2e-07,172039.0,0.08946028
MITH/BTC,1586094808320,2020-04-05T13:53:28.320Z,sell,5.2e-07,6664.0,0.00346528
MITH/BTC,1586094810818,2020-04-05T13:53:30.818Z,buy,5.3e-07,433962.0,0.22999986
MITH/BTC,1586094810932,2020-04-05T13:53:30.932Z,sell,5.2e-07,7470.0,0.0038844
MITH/BTC,1586094811147,2020-04-05T13:53:31.147Z,sell,5.2e-07,3804.0,0.00197808
MITH/BTC,1586094811252,2020-04-05T13:53:31.252Z,sell,5.2e-07,6518.0,0.00338936
MITH/BTC,1586094811496,2020-04-05T13:53:31.496Z,sell,5.2e-07,6889.0,0.00358228
MITH/BTC,1586094815646,2020-04-05T13:53:35.646Z,sell,5.2e-07,10023.0,0.00521196
MITH/BTC,1586094816525,2020-04-05T13:53:36.525Z,sell,5.2e-07,6610.0,0.0034372
MITH/BTC,1586094816700,2020-04-05T13:53:36.700Z,sell,5.2e-07,20068.0,0.01043536
MITH/BTC,1586094816742,2020-04-05T13:53:36.742Z,sell,5.2e-07,8830.0,0.0045916
MITH/BTC,1586094819815,2020-04-05T13:53:39.815Z,sell,5.2e-07,7470.0,0.0038844
MITH/BTC,1586094819860,2020-04-05T13:53:39.860Z,buy,5.3e-07,226415.0,0.11999995
MITH/BTC,1586094820830,2020-04-05T13:53:40.830Z,sell,5.2e-07,19730.0,0.0102596
MITH/BTC,1586094823408,2020-04-05T13:53:43.408Z,buy,5.3e-07,81132.0,0.04299996
