symbol,timestamp,datetime,side,price,amount,btc_volume
NAS/BTC,1607709658832,2020-12-11T18:00:58.832Z,sell,1.61e-05,333.09,0.0053627489999999
NAS/BTC,1607709692878,2020-12-11T18:01:32.878Z,sell,1.61e-05,219.79,0.0035386189999999
NAS/BTC,1607709746104,2020-12-11T18:02:26.104Z,sell,1.61e-05,195.88,0.0031536679999999
NAS/BTC,1607709821728,2020-12-11T18:03:41.728Z,sell,1.61e-05,180.92,0.0029128119999999
NAS/BTC,1607709911593,2020-12-11T18:05:11.593Z,sell,1.61e-05,211.03,0.0033975829999999
NAS/BTC,1607709948582,2020-12-11T18:05:48.582Z,sell,1.61e-05,330.29,0.005317669
NAS/BTC,1607710028094,2020-12-11T18:07:08.094Z,sell,1.61e-05,362.38,0.0058343179999999
NAS/BTC,1607710091599,2020-12-11T18:08:11.599Z,sell,1.61e-05,185.8,0.00299138
NAS/BTC,1607710121367,2020-12-11T18:08:41.367Z,sell,1.61e-05,254.6,0.00409906
NAS/BTC,1607710209100,2020-12-11T18:10:09.100Z,sell,1.61e-05,134.47,0.002164967
NAS/BTC,1607710256802,2020-12-11T18:10:56.802Z,sell,1.61e-05,251.17,0.004043837
NAS/BTC,1607710316674,2020-12-11T18:11:56.674Z,sell,1.61e-05,356.38,0.0057377179999999
NAS/BTC,1607710389089,2020-12-11T18:13:09.089Z,sell,1.61e-05,206.14,0.0033188539999999
NAS/BTC,1607710452091,2020-12-11T18:14:12.091Z,sell,1.61e-05,156.44,0.0025186839999999
NAS/BTC,1607710533133,2020-12-11T18:15:33.133Z,sell,1.61e-05,371.94,0.0059882339999999
NAS/BTC,1607710584117,2020-12-11T18:16:24.117Z,sell,1.61e-05,143.91,0.002316951
NAS/BTC,1607710657733,2020-12-11T18:17:37.733Z,sell,1.61e-05,280.42,0.0045147619999999
NAS/BTC,1607710661125,2020-12-11T18:17:41.125Z,sell,1.61e-05,5836.91,0.093974251
NAS/BTC,1607710726762,2020-12-11T18:18:46.762Z,sell,1.61e-05,161.44,0.0025991839999999
NAS/BTC,1607710790782,2020-12-11T18:19:50.782Z,sell,1.61e-05,353.11,0.005685071
NAS/BTC,1607710831607,2020-12-11T18:20:31.607Z,sell,1.61e-05,258.59,0.0041632989999999
NAS/BTC,1607710920005,2020-12-11T18:22:00.005Z,sell,1.61e-05,239.27,0.0038522469999999
NAS/BTC,1607710980365,2020-12-11T18:23:00.365Z,buy,1.62e-05,107.31,0.001738422
NAS/BTC,1607711002609,2020-12-11T18:23:22.609Z,sell,1.61e-05,172.91,0.0027838509999999
NAS/BTC,1607711076850,2020-12-11T18:24:36.850Z,sell,1.61e-05,264.17,0.004253137
NAS/BTC,1607711125607,2020-12-11T18:25:25.607Z,sell,1.61e-05,321.27,0.0051724469999999
NAS/BTC,1607711211921,2020-12-11T18:26:51.921Z,sell,1.61e-05,158.78,0.002556358
NAS/BTC,1607711251107,2020-12-11T18:27:31.107Z,sell,1.61e-05,169.85,0.0027345849999999
NAS/BTC,1607711335425,2020-12-11T18:28:55.425Z,sell,1.61e-05,284.81,0.0045854409999999
NAS/BTC,1607711392827,2020-12-11T18:29:52.827Z,sell,1.61e-05,170.99,0.002752939
NAS/BTC,1607711441467,2020-12-11T18:30:41.467Z,sell,1.61e-05,365.07,0.0058776269999999
NAS/BTC,1607711520535,2020-12-11T18:32:00.535Z,sell,1.61e-05,340.73,0.0054857529999999
NAS/BTC,1607711581587,2020-12-11T18:33:01.587Z,sell,1.61e-05,253.76,0.004085536
NAS/BTC,1607711651593,2020-12-11T18:34:11.593Z,sell,1.61e-05,247.21,0.003980081
NAS/BTC,1607711713101,2020-12-11T18:35:13.101Z,sell,1.61e-05,163.78,0.0026368579999999
NAS/BTC,1607711787606,2020-12-11T18:36:27.606Z,sell,1.61e-05,152.83,0.002460563
NAS/BTC,1607711830283,2020-12-11T18:37:10.283Z,sell,1.61e-05,217.07,0.0034948269999999
NAS/BTC,1607711861463,2020-12-11T18:37:41.463Z,sell,1.61e-05,62.65,0.001008665
NAS/BTC,1607711885785,2020-12-11T18:38:05.785Z,sell,1.61e-05,324.62,0.005226382
NAS/BTC,1607711925080,2020-12-11T18:38:45.080Z,sell,1.61e-05,144.41,0.0023250009999999
NAS/BTC,1607711983461,2020-12-11T18:39:43.461Z,sell,1.61e-05,336.52,0.0054179719999999
NAS/BTC,1607712049335,2020-12-11T18:40:49.335Z,sell,1.61e-05,249.09,0.004010349
NAS/BTC,1607712090615,2020-12-11T18:41:30.615Z,sell,1.61e-05,279.37,0.0044978569999999
NAS/BTC,1607712129595,2020-12-11T18:42:09.595Z,sell,1.61e-05,130.81,0.002106041
NAS/BTC,1607712213109,2020-12-11T18:43:33.109Z,sell,1.61e-05,325.09,0.0052339489999999
NAS/BTC,1607712245431,2020-12-11T18:44:05.431Z,buy,1.62e-05,126.0,0.0020412
NAS/BTC,1607712279500,2020-12-11T18:44:39.500Z,buy,1.62e-05,313.64,0.005080968
NAS/BTC,1607712351635,2020-12-11T18:45:51.635Z,sell,1.61e-05,325.46,0.0052399059999999
NAS/BTC,1607712364610,2020-12-11T18:46:04.610Z,buy,1.62e-05,6.22,0.000100764
NAS/BTC,1607712378330,2020-12-11T18:46:18.330Z,buy,1.63e-05,458.09,0.0074668669999999
NAS/BTC,1607712409832,2020-12-11T18:46:49.832Z,buy,1.62e-05,183.59,0.002974158
NAS/BTC,1607712452829,2020-12-11T18:47:32.829Z,sell,1.62e-05,190.62,0.003088044
NAS/BTC,1607712495792,2020-12-11T18:48:15.792Z,sell,1.62e-05,243.59,0.003946158
NAS/BTC,1607712561104,2020-12-11T18:49:21.104Z,sell,1.62e-05,356.33,0.005772546
NAS/BTC,1607712623302,2020-12-11T18:50:23.302Z,sell,1.62e-05,290.88,0.004712256
NAS/BTC,1607712661614,2020-12-11T18:51:01.614Z,sell,1.61e-05,126.76,0.002040836
NAS/BTC,1607712664086,2020-12-11T18:51:04.086Z,sell,1.62e-05,179.05,0.00290061
NAS/BTC,1607712718110,2020-12-11T18:51:58.110Z,buy,1.62e-05,231.82,0.003755484
NAS/BTC,1607712768809,2020-12-11T18:52:48.809Z,buy,1.62e-05,201.95,0.00327159
NAS/BTC,1607712858797,2020-12-11T18:54:18.797Z,sell,1.62e-05,232.25,0.00376245
NAS/BTC,1607712898991,2020-12-11T18:54:58.991Z,buy,1.62e-05,330.16,0.005348592
NAS/BTC,1607712968593,2020-12-11T18:56:08.593Z,sell,1.62e-05,165.21,0.002676402
NAS/BTC,1607713026595,2020-12-11T18:57:06.595Z,buy,1.62e-05,366.97,0.005944914
NAS/BTC,1607713116126,2020-12-11T18:58:36.126Z,sell,1.62e-05,199.1,0.00322542
NAS/BTC,1607713151101,2020-12-11T18:59:11.101Z,buy,1.62e-05,201.41,0.003262842
NAS/BTC,1607713190433,2020-12-11T18:59:50.433Z,sell,1.62e-05,171.56,0.002779272
NAS/BTC,1607713190433,2020-12-11T18:59:50.433Z,sell,1.62e-05,171.56,0.002779272
NAS/BTC,1607713258916,2020-12-11T19:00:58.916Z,sell,1.62e-05,159.47,0.002583414
NAS/BTC,1607713343112,2020-12-11T19:02:23.112Z,sell,1.62e-05,177.23,0.002871126
NAS/BTC,1607713374413,2020-12-11T19:02:54.413Z,buy,1.62e-05,146.13,0.002367306
NAS/BTC,1607713446090,2020-12-11T19:04:06.090Z,sell,1.62e-05,204.57,0.003314034
NAS/BTC,1607713518603,2020-12-11T19:05:18.603Z,buy,1.62e-05,334.38,0.005416956
NAS/BTC,1607713567280,2020-12-11T19:06:07.280Z,sell,1.62e-05,331.87,0.005376294
NAS/BTC,1607713622589,2020-12-11T19:07:02.589Z,buy,1.62e-05,200.39,0.0032463179999999
NAS/BTC,1607713707620,2020-12-11T19:08:27.620Z,buy,1.62e-05,172.71,0.002797902
NAS/BTC,1607713774129,2020-12-11T19:09:34.129Z,buy,1.62e-05,244.41,0.003959442
NAS/BTC,1607713852544,2020-12-11T19:10:52.544Z,sell,1.62e-05,230.11,0.003727782
NAS/BTC,1607713928599,2020-12-11T19:12:08.599Z,buy,1.62e-05,274.44,0.004445928
NAS/BTC,1607714014623,2020-12-11T19:13:34.623Z,sell,1.62e-05,283.56,0.004593672
NAS/BTC,1607714047104,2020-12-11T19:14:07.104Z,sell,1.62e-05,170.97,0.002769714
NAS/BTC,1607714085978,2020-12-11T19:14:45.978Z,sell,1.62e-05,328.17,0.005316354
NAS/BTC,1607714125490,2020-12-11T19:15:25.490Z,sell,1.62e-05,463.85,0.00751437
NAS/BTC,1607714168094,2020-12-11T19:16:08.094Z,buy,1.63e-05,41.55,0.0006772649999999
NAS/BTC,1607714225590,2020-12-11T19:17:05.590Z,buy,1.63e-05,37.59,0.000612717
NAS/BTC,1607714289593,2020-12-11T19:18:09.593Z,sell,1.62e-05,228.76,0.003705912
NAS/BTC,1607714332650,2020-12-11T19:18:52.650Z,buy,1.63e-05,49.44,0.0008058719999999
NAS/BTC,1607714420619,2020-12-11T19:20:20.619Z,sell,1.62e-05,236.8,0.00383616
NAS/BTC,1607714470596,2020-12-11T19:21:10.596Z,sell,1.62e-05,150.65,0.00244053
NAS/BTC,1607714507270,2020-12-11T19:21:47.270Z,sell,1.62e-05,249.78,0.004046436
NAS/BTC,1607714552126,2020-12-11T19:22:32.126Z,sell,1.62e-05,161.82,0.002621484
NAS/BTC,1607714619336,2020-12-11T19:23:39.336Z,sell,1.62e-05,144.25,0.00233685
NAS/BTC,1607714673614,2020-12-11T19:24:33.614Z,sell,1.62e-05,256.15,0.00414963
NAS/BTC,1607714750573,2020-12-11T19:25:50.573Z,sell,1.62e-05,326.0,0.0052812
NAS/BTC,1607714791112,2020-12-11T19:26:31.112Z,sell,1.62e-05,337.66,0.005470092
NAS/BTC,1607714872662,2020-12-11T19:27:52.662Z,sell,1.62e-05,200.63,0.003250206
NAS/BTC,1607714903612,2020-12-11T19:28:23.612Z,buy,1.63e-05,45.48,0.0007413239999999
NAS/BTC,1607714945092,2020-12-11T19:29:05.092Z,sell,1.62e-05,276.98,0.004487076
NAS/BTC,1607714977627,2020-12-11T19:29:37.627Z,sell,1.62e-05,328.38,0.005319756
NAS/BTC,1607715064087,2020-12-11T19:31:04.087Z,sell,1.62e-05,270.08,0.004375296
NAS/BTC,1607715115529,2020-12-11T19:31:55.529Z,sell,1.62e-05,346.18,0.005608116
NAS/BTC,1607715196249,2020-12-11T19:33:16.249Z,sell,1.62e-05,298.87,0.004841694
NAS/BTC,1607715260109,2020-12-11T19:34:20.109Z,sell,1.62e-05,136.86,0.002217132
NAS/BTC,1607715344520,2020-12-11T19:35:44.520Z,sell,1.62e-05,308.77,0.005002074
NAS/BTC,1607715430110,2020-12-11T19:37:10.110Z,sell,1.62e-05,289.68,0.004692816
NAS/BTC,1607715484587,2020-12-11T19:38:04.587Z,buy,1.63e-05,58.19,0.000948497
NAS/BTC,1607715554611,2020-12-11T19:39:14.611Z,sell,1.62e-05,243.7,0.00394794
NAS/BTC,1607715589882,2020-12-11T19:39:49.882Z,sell,1.62e-05,1180.58,0.019125396
NAS/BTC,1607715612598,2020-12-11T19:40:12.598Z,sell,1.61e-05,137.54,0.0022143939999999
NAS/BTC,1607715645387,2020-12-11T19:40:45.387Z,sell,1.61e-05,133.16,0.002143876
NAS/BTC,1607715729092,2020-12-11T19:42:09.092Z,sell,1.61e-05,271.74,0.004375014
NAS/BTC,1607715794598,2020-12-11T19:43:14.598Z,sell,1.61e-05,196.29,0.0031602689999999
NAS/BTC,1607715849589,2020-12-11T19:44:09.589Z,sell,1.61e-05,343.34,0.0055277739999999
NAS/BTC,1607715938792,2020-12-11T19:45:38.792Z,sell,1.61e-05,278.77,0.0044881969999999
NAS/BTC,1607716015837,2020-12-11T19:46:55.837Z,sell,1.61e-05,147.57,0.0023758769999999
NAS/BTC,1607716077448,2020-12-11T19:47:57.448Z,sell,1.61e-05,257.32,0.004142852
NAS/BTC,1607716158645,2020-12-11T19:49:18.645Z,sell,1.61e-05,191.34,0.0030805739999999
NAS/BTC,1607716234112,2020-12-11T19:50:34.112Z,sell,1.61e-05,226.02,0.0036389219999999
NAS/BTC,1607716315702,2020-12-11T19:51:55.702Z,sell,1.61e-05,269.73,0.004342653
NAS/BTC,1607716352129,2020-12-11T19:52:32.129Z,sell,1.61e-05,240.37,0.003869957
NAS/BTC,1607716435960,2020-12-11T19:53:55.960Z,sell,1.61e-05,338.59,0.0054512989999999
NAS/BTC,1607716511098,2020-12-11T19:55:11.098Z,sell,1.61e-05,315.6,0.0050811599999999
NAS/BTC,1607716575098,2020-12-11T19:56:15.098Z,sell,1.61e-05,202.29,0.0032568689999999
NAS/BTC,1607716575164,2020-12-11T19:56:15.164Z,buy,1.62e-05,47.04,0.000762048
NAS/BTC,1607716635101,2020-12-11T19:57:15.101Z,sell,1.62e-05,155.46,0.002518452
NAS/BTC,1607716683592,2020-12-11T19:58:03.592Z,buy,1.62e-05,276.02,0.004471524
NAS/BTC,1607716758602,2020-12-11T19:59:18.602Z,sell,1.62e-05,203.62,0.003298644
NAS/BTC,1607716758602,2020-12-11T19:59:18.602Z,sell,1.62e-05,203.62,0.003298644
NAS/BTC,1607716802105,2020-12-11T20:00:02.105Z,sell,1.62e-05,125.92,0.002039904
NAS/BTC,1607716859234,2020-12-11T20:00:59.234Z,sell,1.62e-05,334.76,0.005423112
NAS/BTC,1607716948618,2020-12-11T20:02:28.618Z,buy,1.63e-05,45.23,0.0007372489999999
NAS/BTC,1607717037743,2020-12-11T20:03:57.743Z,buy,1.63e-05,60.94,0.000993322
NAS/BTC,1607717097392,2020-12-11T20:04:57.392Z,buy,1.63e-05,66.25,0.0010798749999999
NAS/BTC,1607717169594,2020-12-11T20:06:09.594Z,buy,1.63e-05,33.08,0.0005392039999999
NAS/BTC,1607717245302,2020-12-11T20:07:25.302Z,buy,1.63e-05,339.26,0.005529938
NAS/BTC,1607717316121,2020-12-11T20:08:36.121Z,buy,1.63e-05,48.94,0.000797722
NAS/BTC,1607717338640,2020-12-11T20:08:58.640Z,buy,1.63e-05,728.7,0.01187781
NAS/BTC,1607717383950,2020-12-11T20:09:43.950Z,buy,1.63e-05,70.9,0.00115567
NAS/BTC,1607717421607,2020-12-11T20:10:21.607Z,buy,1.63e-05,359.44,0.005858872
NAS/BTC,1607717455269,2020-12-11T20:10:55.269Z,sell,1.62e-05,243.06,0.003937572
NAS/BTC,1607717489111,2020-12-11T20:11:29.111Z,sell,1.62e-05,173.13,0.002804706
NAS/BTC,1607717536106,2020-12-11T20:12:16.106Z,buy,1.63e-05,344.79,0.005620077
NAS/BTC,1607717574489,2020-12-11T20:12:54.489Z,sell,1.62e-05,128.59,0.002083158
NAS/BTC,1607717637737,2020-12-11T20:13:57.737Z,buy,1.63e-05,188.89,0.0030789069999999
NAS/BTC,1607717718109,2020-12-11T20:15:18.109Z,buy,1.63e-05,340.58,0.005551454
NAS/BTC,1607717793735,2020-12-11T20:16:33.735Z,buy,1.63e-05,40.88,0.000666344
NAS/BTC,1607717827596,2020-12-11T20:17:07.596Z,buy,1.63e-05,71.92,0.001172296
NAS/BTC,1607717891097,2020-12-11T20:18:11.097Z,buy,1.63e-05,29.41,0.000479383
NAS/BTC,1607717939159,2020-12-11T20:18:59.159Z,buy,1.63e-05,270.86,0.004415018
NAS/BTC,1607717997403,2020-12-11T20:19:57.403Z,buy,1.63e-05,218.41,0.003560083
NAS/BTC,1607718085110,2020-12-11T20:21:25.110Z,buy,1.63e-05,198.45,0.003234735
NAS/BTC,1607718141619,2020-12-11T20:22:21.619Z,buy,1.63e-05,62.89,0.001025107
NAS/BTC,1607718175823,2020-12-11T20:22:55.823Z,buy,1.63e-05,222.82,0.003631966
NAS/BTC,1607718259593,2020-12-11T20:24:19.593Z,buy,1.63e-05,70.77,0.0011535509999999
NAS/BTC,1607718340693,2020-12-11T20:25:40.693Z,buy,1.63e-05,297.77,0.004853651
NAS/BTC,1607718379611,2020-12-11T20:26:19.611Z,buy,1.63e-05,70.42,0.001147846
NAS/BTC,1607718464928,2020-12-11T20:27:44.928Z,buy,1.63e-05,304.29,0.004959927
NAS/BTC,1607718513611,2020-12-11T20:28:33.611Z,buy,1.63e-05,261.85,0.004268155
NAS/BTC,1607718545084,2020-12-11T20:29:05.084Z,buy,1.63e-05,275.25,0.004486575
NAS/BTC,1607718618604,2020-12-11T20:30:18.604Z,buy,1.63e-05,235.6,0.0038402799999999
NAS/BTC,1607718638814,2020-12-11T20:30:38.814Z,sell,1.62e-05,92.03,0.001490886
NAS/BTC,1607718701034,2020-12-11T20:31:41.034Z,buy,1.63e-05,206.06,0.003358778
NAS/BTC,1607718773531,2020-12-11T20:32:53.531Z,buy,1.63e-05,58.97,0.000961211
NAS/BTC,1607718850591,2020-12-11T20:34:10.591Z,buy,1.63e-05,144.02,0.002347526
NAS/BTC,1607718906607,2020-12-11T20:35:06.607Z,buy,1.63e-05,51.83,0.000844829
NAS/BTC,1607718940449,2020-12-11T20:35:40.449Z,buy,1.63e-05,34.77,0.000566751
NAS/BTC,1607719021096,2020-12-11T20:37:01.096Z,buy,1.63e-05,164.01,0.0026733629999999
NAS/BTC,1607719052067,2020-12-11T20:37:32.067Z,buy,1.63e-05,1439.78,0.023468414
NAS/BTC,1607719059350,2020-12-11T20:37:39.350Z,buy,1.63e-05,359.38,0.005857894
NAS/BTC,1607719099599,2020-12-11T20:38:19.599Z,buy,1.63e-05,199.71,0.003255273
NAS/BTC,1607719180505,2020-12-11T20:39:40.505Z,buy,1.63e-05,324.63,0.005291469
NAS/BTC,1607719226078,2020-12-11T20:40:26.078Z,buy,1.63e-05,147.26,0.0024003379999999
NAS/BTC,1607719291114,2020-12-11T20:41:31.114Z,buy,1.63e-05,334.48,0.005452024
NAS/BTC,1607719369570,2020-12-11T20:42:49.570Z,buy,1.63e-05,60.27,0.000982401
NAS/BTC,1607719440217,2020-12-11T20:44:00.217Z,sell,1.62e-05,202.89,0.003286818
NAS/BTC,1607719492267,2020-12-11T20:44:52.267Z,buy,1.63e-05,266.51,0.004344113
NAS/BTC,1607719563084,2020-12-11T20:46:03.084Z,buy,1.63e-05,70.72,0.001152736
NAS/BTC,1607719639100,2020-12-11T20:47:19.100Z,buy,1.63e-05,63.24,0.001030812
NAS/BTC,1607719680244,2020-12-11T20:48:00.244Z,buy,1.63e-05,320.97,0.005231811
NAS/BTC,1607719728815,2020-12-11T20:48:48.815Z,buy,1.63e-05,216.43,0.003527809
NAS/BTC,1607719771613,2020-12-11T20:49:31.613Z,buy,1.63e-05,201.06,0.003277278
NAS/BTC,1607719815125,2020-12-11T20:50:15.125Z,buy,1.63e-05,34.73,0.0005660989999999
NAS/BTC,1607719893486,2020-12-11T20:51:33.486Z,buy,1.63e-05,211.39,0.0034456569999999
NAS/BTC,1607719964939,2020-12-11T20:52:44.939Z,buy,1.63e-05,24.65,0.000401795
NAS/BTC,1607720028152,2020-12-11T20:53:48.152Z,buy,1.63e-05,234.6,0.00382398
NAS/BTC,1607720107152,2020-12-11T20:55:07.152Z,buy,1.63e-05,71.31,0.001162353
NAS/BTC,1607720146002,2020-12-11T20:55:46.002Z,buy,1.63e-05,226.77,0.003696351
NAS/BTC,1607720180603,2020-12-11T20:56:20.603Z,buy,1.63e-05,28.9,0.00047107
NAS/BTC,1607720221584,2020-12-11T20:57:01.584Z,buy,1.63e-05,344.35,0.005612905
NAS/BTC,1607720262572,2020-12-11T20:57:42.572Z,buy,1.63e-05,185.93,0.003030659
NAS/BTC,1607720329775,2020-12-11T20:58:49.775Z,buy,1.63e-05,224.11,0.003652993
NAS/BTC,1607720329775,2020-12-11T20:58:49.775Z,buy,1.63e-05,224.11,0.003652993
NAS/BTC,1607720415651,2020-12-11T21:00:15.651Z,buy,1.63e-05,133.11,0.002169693
NAS/BTC,1607720480610,2020-12-11T21:01:20.610Z,buy,1.63e-05,332.42,0.005418446
NAS/BTC,1607720565431,2020-12-11T21:02:45.431Z,buy,1.63e-05,29.3,0.00047759
NAS/BTC,1607720610616,2020-12-11T21:03:30.616Z,buy,1.63e-05,268.39,0.004374757
NAS/BTC,1607720695219,2020-12-11T21:04:55.219Z,buy,1.63e-05,128.02,0.002086726
NAS/BTC,1607720782800,2020-12-11T21:06:22.800Z,buy,1.63e-05,43.51,0.000709213
NAS/BTC,1607720846601,2020-12-11T21:07:26.601Z,buy,1.63e-05,210.34,0.003428542
NAS/BTC,1607720924566,2020-12-11T21:08:44.566Z,sell,1.62e-05,311.51,0.005046462
NAS/BTC,1607720995348,2020-12-11T21:09:55.348Z,sell,1.62e-05,221.88,0.003594456
NAS/BTC,1607721065778,2020-12-11T21:11:05.778Z,buy,1.63e-05,40.85,0.000665855
NAS/BTC,1607721108337,2020-12-11T21:11:48.337Z,sell,1.62e-05,209.15,0.00338823
NAS/BTC,1607721171715,2020-12-11T21:12:51.715Z,sell,1.62e-05,282.61,0.004578282
NAS/BTC,1607721223609,2020-12-11T21:13:43.609Z,sell,1.62e-05,301.09,0.004877658
NAS/BTC,1607721280283,2020-12-11T21:14:40.283Z,sell,1.62e-05,127.98,0.002073276
NAS/BTC,1607721365116,2020-12-11T21:16:05.116Z,buy,1.63e-05,61.42,0.001001146
NAS/BTC,1607721442605,2020-12-11T21:17:22.605Z,buy,1.63e-05,348.08,0.005673704
NAS/BTC,1607721527112,2020-12-11T21:18:47.112Z,buy,1.63e-05,208.8,0.00340344
NAS/BTC,1607721569120,2020-12-11T21:19:29.120Z,buy,1.63e-05,28.91,0.000471233
NAS/BTC,1607721628621,2020-12-11T21:20:28.621Z,buy,1.63e-05,266.28,0.0043403639999999
NAS/BTC,1607721658823,2020-12-11T21:20:58.823Z,buy,1.63e-05,217.35,0.003542805
NAS/BTC,1607721720445,2020-12-11T21:22:00.445Z,buy,1.63e-05,161.05,0.002625115
NAS/BTC,1607721794106,2020-12-11T21:23:14.106Z,buy,1.63e-05,154.51,0.002518513
NAS/BTC,1607721851093,2020-12-11T21:24:11.093Z,buy,1.63e-05,239.66,0.003906458
NAS/BTC,1607721880973,2020-12-11T21:24:40.973Z,buy,1.63e-05,213.05,0.003472715
NAS/BTC,1607721917604,2020-12-11T21:25:17.604Z,buy,1.63e-05,66.93,0.001090959
NAS/BTC,1607721983112,2020-12-11T21:26:23.112Z,buy,1.63e-05,153.72,0.002505636
NAS/BTC,1607722036116,2020-12-11T21:27:16.116Z,buy,1.63e-05,222.81,0.003631803
NAS/BTC,1607722074426,2020-12-11T21:27:54.426Z,buy,1.63e-05,246.67,0.004020721
NAS/BTC,1607722141589,2020-12-11T21:29:01.589Z,buy,1.63e-05,268.45,0.0043757349999999
NAS/BTC,1607722179433,2020-12-11T21:29:39.433Z,buy,1.63e-05,6.2,0.00010106
NAS/BTC,1607722230615,2020-12-11T21:30:30.615Z,buy,1.63e-05,58.26,0.0009496379999999
NAS/BTC,1607722279094,2020-12-11T21:31:19.094Z,buy,1.63e-05,215.55,0.003513465
NAS/BTC,1607722340108,2020-12-11T21:32:20.108Z,buy,1.63e-05,144.01,0.002347363
NAS/BTC,1607722387087,2020-12-11T21:33:07.087Z,buy,1.63e-05,39.2,0.00063896
NAS/BTC,1607722475110,2020-12-11T21:34:35.110Z,buy,1.63e-05,306.63,0.004998069
NAS/BTC,1607722516094,2020-12-11T21:35:16.094Z,buy,1.63e-05,56.63,0.000923069
NAS/BTC,1607722562586,2020-12-11T21:36:02.586Z,sell,1.62e-05,241.4,0.00391068
NAS/BTC,1607722595253,2020-12-11T21:36:35.253Z,sell,1.62e-05,267.24,0.004329288
NAS/BTC,1607722641600,2020-12-11T21:37:21.600Z,sell,1.62e-05,136.53,0.002211786
NAS/BTC,1607722699601,2020-12-11T21:38:19.601Z,sell,1.62e-05,308.08,0.004990896
NAS/BTC,1607722774611,2020-12-11T21:39:34.611Z,buy,1.63e-05,50.27,0.000819401
NAS/BTC,1607722831106,2020-12-11T21:40:31.106Z,sell,1.62e-05,355.94,0.005766228
NAS/BTC,1607722870623,2020-12-11T21:41:10.623Z,sell,1.62e-05,60.16,0.000974592
NAS/BTC,1607722919713,2020-12-11T21:41:59.713Z,buy,1.63e-05,65.43,0.001066509
NAS/BTC,1607722954384,2020-12-11T21:42:34.384Z,buy,1.63e-05,612.72,0.009987336
NAS/BTC,1607722978804,2020-12-11T21:42:58.804Z,buy,1.63e-05,236.42,0.0038536459999999
NAS/BTC,1607723020547,2020-12-11T21:43:40.547Z,buy,1.63e-05,50.99,0.000831137
NAS/BTC,1607723052120,2020-12-11T21:44:12.120Z,buy,1.63e-05,70.95,0.001156485
NAS/BTC,1607723091772,2020-12-11T21:44:51.772Z,buy,1.63e-05,533.45,0.008695235
NAS/BTC,1607723097185,2020-12-11T21:44:57.185Z,sell,1.63e-05,289.76,0.0047230879999999
NAS/BTC,1607723170090,2020-12-11T21:46:10.090Z,buy,1.63e-05,219.9,0.00358437
NAS/BTC,1607723170092,2020-12-11T21:46:10.092Z,sell,1.63e-05,24.84,0.000404892
NAS/BTC,1607723205208,2020-12-11T21:46:45.208Z,buy,1.63e-05,219.9,0.00358437
NAS/BTC,1607723205209,2020-12-11T21:46:45.209Z,sell,1.63e-05,34.59,0.000563817
NAS/BTC,1607723235747,2020-12-11T21:47:15.747Z,buy,1.63e-05,56.23,0.0009165489999999
NAS/BTC,1607723308137,2020-12-11T21:48:28.137Z,buy,1.63e-05,190.82,0.003110366
NAS/BTC,1607723351088,2020-12-11T21:49:11.088Z,buy,1.63e-05,71.83,0.001170829
NAS/BTC,1607723390734,2020-12-11T21:49:50.734Z,buy,1.63e-05,48.47,0.000790061
NAS/BTC,1607723549690,2020-12-11T21:52:29.690Z,buy,1.63e-05,350.64,0.0057154319999999
NAS/BTC,1607723605620,2020-12-11T21:53:25.620Z,buy,1.63e-05,50.28,0.000819564
NAS/BTC,1607723650094,2020-12-11T21:54:10.094Z,buy,1.63e-05,292.92,0.004774596
NAS/BTC,1607723731109,2020-12-11T21:55:31.109Z,buy,1.63e-05,271.01,0.004417463
NAS/BTC,1607723818767,2020-12-11T21:56:58.767Z,buy,1.63e-05,40.75,0.000664225
NAS/BTC,1607723872914,2020-12-11T21:57:52.914Z,buy,1.63e-05,35.65,0.000581095
NAS/BTC,1607723872914,2020-12-11T21:57:52.914Z,buy,1.63e-05,35.65,0.000581095
NAS/BTC,1607723944595,2020-12-11T21:59:04.595Z,buy,1.63e-05,264.09,0.004304667
NAS/BTC,1607723982847,2020-12-11T21:59:42.847Z,buy,1.63e-05,204.7,0.00333661
NAS/BTC,1607724039542,2020-12-11T22:00:39.542Z,buy,1.63e-05,32.43,0.000528609
NAS/BTC,1607724043087,2020-12-11T22:00:43.087Z,sell,1.62e-05,786.32,0.012738384
NAS/BTC,1607724054942,2020-12-11T22:00:54.942Z,sell,1.62e-05,448.08,0.007258896
NAS/BTC,1607724061492,2020-12-11T22:01:01.492Z,sell,1.61e-05,2096.27,0.0337499469999999
NAS/BTC,1607724063376,2020-12-11T22:01:03.376Z,buy,1.62e-05,48.01,0.000777762
NAS/BTC,1607724064301,2020-12-11T22:01:04.301Z,buy,1.62e-05,26.0,0.0004212
NAS/BTC,1607724104723,2020-12-11T22:01:44.723Z,sell,1.62e-05,158.62,0.002569644
NAS/BTC,1607724161382,2020-12-11T22:02:41.382Z,buy,1.62e-05,357.41,0.005790042
NAS/BTC,1607724197639,2020-12-11T22:03:17.639Z,sell,1.62e-05,170.33,0.002759346
NAS/BTC,1607724278654,2020-12-11T22:04:38.654Z,buy,1.62e-05,126.51,0.002049462
NAS/BTC,1607724338773,2020-12-11T22:05:38.773Z,sell,1.62e-05,154.21,0.002498202
NAS/BTC,1607724405453,2020-12-11T22:06:45.453Z,buy,1.62e-05,353.28,0.005723136
NAS/BTC,1607724452641,2020-12-11T22:07:32.641Z,sell,1.62e-05,227.21,0.003680802
NAS/BTC,1607724542679,2020-12-11T22:09:02.679Z,buy,1.62e-05,180.72,0.002927664
NAS/BTC,1607724579037,2020-12-11T22:09:39.037Z,buy,1.62e-05,363.15,0.00588303
NAS/BTC,1607724645930,2020-12-11T22:10:45.930Z,buy,1.62e-05,295.56,0.004788072
NAS/BTC,1607724696526,2020-12-11T22:11:36.526Z,buy,1.62e-05,162.9,0.00263898
NAS/BTC,1607724735111,2020-12-11T22:12:15.111Z,buy,1.62e-05,224.06,0.003629772
NAS/BTC,1607724805619,2020-12-11T22:13:25.619Z,buy,1.62e-05,233.46,0.003782052
NAS/BTC,1607724872873,2020-12-11T22:14:32.873Z,sell,1.62e-05,251.67,0.004077054
NAS/BTC,1607724948068,2020-12-11T22:15:48.068Z,sell,1.62e-05,266.29,0.004313898
NAS/BTC,1607725018287,2020-12-11T22:16:58.287Z,sell,1.62e-05,284.65,0.0046113299999999
NAS/BTC,1607725074791,2020-12-11T22:17:54.791Z,buy,1.62e-05,310.59,0.005031558
NAS/BTC,1607725147329,2020-12-11T22:19:07.329Z,sell,1.62e-05,324.36,0.005254632
NAS/BTC,1607725225121,2020-12-11T22:20:25.121Z,sell,1.62e-05,318.67,0.005162454
NAS/BTC,1607725301115,2020-12-11T22:21:41.115Z,buy,1.62e-05,240.74,0.003899988
NAS/BTC,1607725353060,2020-12-11T22:22:33.060Z,buy,1.62e-05,223.19,0.003615678
NAS/BTC,1607725423932,2020-12-11T22:23:43.932Z,buy,1.62e-05,259.17,0.004198554
NAS/BTC,1607725509598,2020-12-11T22:25:09.598Z,sell,1.62e-05,218.93,0.003546666
NAS/BTC,1607725565082,2020-12-11T22:26:05.082Z,sell,1.62e-05,137.77,0.002231874
NAS/BTC,1607725637598,2020-12-11T22:27:17.598Z,buy,1.63e-05,57.8,0.00094214
NAS/BTC,1607725726959,2020-12-11T22:28:46.959Z,sell,1.62e-05,269.29,0.004362498
NAS/BTC,1607725777616,2020-12-11T22:29:37.616Z,buy,1.63e-05,44.85,0.000731055
NAS/BTC,1607725785172,2020-12-11T22:29:45.172Z,sell,1.62e-05,75.79,0.001227798
NAS/BTC,1607725847224,2020-12-11T22:30:47.224Z,sell,1.62e-05,263.94,0.004275828
NAS/BTC,1607725901837,2020-12-11T22:31:41.837Z,sell,1.62e-05,136.81,0.002216322
NAS/BTC,1607725949118,2020-12-11T22:32:29.118Z,sell,1.62e-05,296.73,0.004807026
NAS/BTC,1607725991103,2020-12-11T22:33:11.103Z,buy,1.63e-05,51.52,0.000839776
NAS/BTC,1607726023699,2020-12-11T22:33:43.699Z,sell,1.62e-05,352.47,0.005710014
NAS/BTC,1607726066113,2020-12-11T22:34:26.113Z,sell,1.62e-05,195.42,0.003165804
NAS/BTC,1607726112095,2020-12-11T22:35:12.095Z,buy,1.63e-05,69.87,0.001138881
NAS/BTC,1607726199542,2020-12-11T22:36:39.542Z,sell,1.62e-05,249.21,0.004037202
NAS/BTC,1607726243610,2020-12-11T22:37:23.610Z,sell,1.62e-05,257.03,0.0041638859999999
NAS/BTC,1607726273600,2020-12-11T22:37:53.600Z,sell,1.62e-05,330.8,0.00535896
NAS/BTC,1607726306203,2020-12-11T22:38:26.203Z,buy,1.63e-05,108.14,0.001762682
NAS/BTC,1607726308620,2020-12-11T22:38:28.620Z,buy,1.63e-05,52.42,0.000854446
NAS/BTC,1607726357105,2020-12-11T22:39:17.105Z,sell,1.62e-05,182.69,0.002959578
NAS/BTC,1607726424113,2020-12-11T22:40:24.113Z,buy,1.63e-05,46.91,0.0007646329999999
NAS/BTC,1607726489362,2020-12-11T22:41:29.362Z,sell,1.62e-05,311.41,0.005044842
NAS/BTC,1607726524596,2020-12-11T22:42:04.596Z,sell,1.62e-05,156.09,0.002528658
NAS/BTC,1607726603108,2020-12-11T22:43:23.108Z,buy,1.63e-05,49.81,0.000811903
NAS/BTC,1607726651091,2020-12-11T22:44:11.091Z,sell,1.62e-05,175.18,0.002837916
NAS/BTC,1607726695066,2020-12-11T22:44:55.066Z,buy,1.63e-05,44.57,0.000726491
NAS/BTC,1607726779107,2020-12-11T22:46:19.107Z,sell,1.62e-05,176.65,0.00286173
NAS/BTC,1607726819652,2020-12-11T22:46:59.652Z,buy,1.63e-05,262.9,0.00428527
NAS/BTC,1607726853117,2020-12-11T22:47:33.117Z,sell,1.62e-05,342.63,0.005550606
NAS/BTC,1607726941587,2020-12-11T22:49:01.587Z,sell,1.62e-05,361.94,0.005863428
NAS/BTC,1607726979787,2020-12-11T22:49:39.787Z,sell,1.62e-05,239.06,0.003872772
NAS/BTC,1607727050052,2020-12-11T22:50:50.052Z,buy,1.63e-05,48.92,0.000797396
NAS/BTC,1607727107346,2020-12-11T22:51:47.346Z,sell,1.62e-05,205.22,0.003324564
NAS/BTC,1607727176672,2020-12-11T22:52:56.672Z,sell,1.62e-05,260.09,0.004213458
NAS/BTC,1607727258105,2020-12-11T22:54:18.105Z,sell,1.62e-05,233.76,0.003786912
NAS/BTC,1607727347265,2020-12-11T22:55:47.265Z,sell,1.62e-05,204.1,0.00330642
NAS/BTC,1607727425593,2020-12-11T22:57:05.593Z,buy,1.63e-05,68.91,0.001123233
NAS/BTC,1607727460509,2020-12-11T22:57:40.509Z,buy,1.63e-05,200.18,0.003262934
NAS/BTC,1607727460509,2020-12-11T22:57:40.509Z,buy,1.63e-05,200.18,0.003262934
NAS/BTC,1607727534755,2020-12-11T22:58:54.755Z,buy,1.63e-05,44.76,0.000729588
NAS/BTC,1607727573999,2020-12-11T22:59:33.999Z,buy,1.63e-05,147.43,0.002403109
NAS/BTC,1607727604288,2020-12-11T23:00:04.288Z,buy,1.63e-05,40.23,0.000655749
NAS/BTC,1607727679339,2020-12-11T23:01:19.339Z,buy,1.63e-05,55.21,0.000899923
NAS/BTC,1607727680617,2020-12-11T23:01:20.617Z,sell,1.62e-05,353.93,0.005733666
NAS/BTC,1607727770497,2020-12-11T23:02:50.497Z,buy,1.63e-05,26.36,0.0004296679999999
NAS/BTC,1607727823240,2020-12-11T23:03:43.240Z,buy,1.63e-05,57.52,0.000937576
NAS/BTC,1607727871130,2020-12-11T23:04:31.130Z,buy,1.63e-05,40.96,0.000667648
NAS/BTC,1607727949926,2020-12-11T23:05:49.926Z,sell,1.62e-05,287.72,0.004661064
NAS/BTC,1607728032595,2020-12-11T23:07:12.595Z,sell,1.62e-05,282.62,0.004578444
NAS/BTC,1607728072651,2020-12-11T23:07:52.651Z,sell,1.62e-05,227.12,0.003679344
NAS/BTC,1607728121111,2020-12-11T23:08:41.111Z,sell,1.62e-05,218.08,0.003532896
NAS/BTC,1607728179967,2020-12-11T23:09:39.967Z,sell,1.62e-05,269.55,0.00436671
NAS/BTC,1607728216098,2020-12-11T23:10:16.098Z,sell,1.62e-05,369.76,0.005990112
NAS/BTC,1607728281108,2020-12-11T23:11:21.108Z,sell,1.62e-05,193.63,0.003136806
NAS/BTC,1607728297183,2020-12-11T23:11:37.183Z,sell,1.62e-05,63.66,0.001031292
NAS/BTC,1607728297207,2020-12-11T23:11:37.207Z,sell,1.62e-05,63.63,0.001030806
NAS/BTC,1607728313679,2020-12-11T23:11:53.679Z,buy,1.63e-05,40.78,0.000664714
NAS/BTC,1607728346105,2020-12-11T23:12:26.105Z,sell,1.62e-05,160.38,0.002598156
NAS/BTC,1607728394591,2020-12-11T23:13:14.591Z,buy,1.63e-05,40.81,0.000665203
NAS/BTC,1607728482700,2020-12-11T23:14:42.700Z,buy,1.63e-05,64.1,0.0010448299999999
NAS/BTC,1607728534586,2020-12-11T23:15:34.586Z,sell,1.62e-05,189.28,0.003066336
NAS/BTC,1607728609464,2020-12-11T23:16:49.464Z,sell,1.62e-05,326.14,0.005283468
NAS/BTC,1607728669547,2020-12-11T23:17:49.547Z,sell,1.62e-05,362.08,0.005865696
NAS/BTC,1607728699585,2020-12-11T23:18:19.585Z,sell,1.62e-05,175.35,0.00284067
NAS/BTC,1607728713607,2020-12-11T23:18:33.607Z,buy,1.63e-05,56.91,0.000927633
NAS/BTC,1607728747665,2020-12-11T23:19:07.665Z,sell,1.62e-05,283.69,0.004595778
NAS/BTC,1607728820112,2020-12-11T23:20:20.112Z,sell,1.62e-05,226.74,0.003673188
NAS/BTC,1607728861081,2020-12-11T23:21:01.081Z,buy,1.63e-05,24.8,0.00040424
NAS/BTC,1607728948620,2020-12-11T23:22:28.620Z,buy,1.63e-05,59.26,0.000965938
NAS/BTC,1607729037427,2020-12-11T23:23:57.427Z,sell,1.62e-05,149.49,0.002421738
NAS/BTC,1607729069966,2020-12-11T23:24:29.966Z,sell,1.62e-05,299.07,0.004844934
NAS/BTC,1607729156937,2020-12-11T23:25:56.937Z,sell,1.62e-05,293.25,0.00475065
NAS/BTC,1607729213829,2020-12-11T23:26:53.829Z,sell,1.62e-05,314.36,0.005092632
NAS/BTC,1607729255848,2020-12-11T23:27:35.848Z,sell,1.62e-05,183.13,0.002966706
NAS/BTC,1607729287102,2020-12-11T23:28:07.102Z,sell,1.62e-05,324.87,0.005262894
NAS/BTC,1607729366604,2020-12-11T23:29:26.604Z,sell,1.62e-05,347.56,0.005630472
NAS/BTC,1607729441514,2020-12-11T23:30:41.514Z,sell,1.62e-05,261.42,0.004235004
NAS/BTC,1607729472596,2020-12-11T23:31:12.596Z,sell,1.62e-05,147.99,0.002397438
NAS/BTC,1607729520406,2020-12-11T23:32:00.406Z,sell,1.62e-05,145.04,0.002349648
NAS/BTC,1607729579084,2020-12-11T23:32:59.084Z,buy,1.63e-05,66.01,0.001075963
NAS/BTC,1607729634937,2020-12-11T23:33:54.937Z,sell,1.62e-05,322.02,0.005216724
NAS/BTC,1607729667615,2020-12-11T23:34:27.615Z,buy,1.63e-05,52.19,0.000850697
NAS/BTC,1607729710632,2020-12-11T23:35:10.632Z,buy,1.63e-05,43.72,0.000712636
NAS/BTC,1607729769595,2020-12-11T23:36:09.595Z,sell,1.62e-05,241.8,0.00391716
NAS/BTC,1607729828585,2020-12-11T23:37:08.585Z,sell,1.62e-05,293.08,0.004747896
NAS/BTC,1607729885091,2020-12-11T23:38:05.091Z,sell,1.62e-05,315.72,0.005114664
NAS/BTC,1607729929929,2020-12-11T23:38:49.929Z,sell,1.62e-05,124.44,0.002015928
NAS/BTC,1607729969662,2020-12-11T23:39:29.662Z,sell,1.62e-05,304.13,0.004926906
NAS/BTC,1607730055433,2020-12-11T23:40:55.433Z,sell,1.62e-05,291.16,0.004716792
NAS/BTC,1607730127089,2020-12-11T23:42:07.089Z,sell,1.62e-05,263.05,0.00426141
NAS/BTC,1607730209603,2020-12-11T23:43:29.603Z,sell,1.62e-05,163.91,0.002655342
NAS/BTC,1607730278844,2020-12-11T23:44:38.844Z,sell,1.62e-05,366.95,0.00594459
NAS/BTC,1607730363776,2020-12-11T23:46:03.776Z,buy,1.63e-05,42.6,0.00069438
NAS/BTC,1607730413160,2020-12-11T23:46:53.160Z,buy,1.63e-05,4520.0,0.073676
NAS/BTC,1607730421083,2020-12-11T23:47:01.083Z,buy,1.63e-05,42.6,0.00069438
NAS/BTC,1607730421085,2020-12-11T23:47:01.085Z,sell,1.63e-05,29.63,0.000482969
NAS/BTC,1607730498608,2020-12-11T23:48:18.608Z,buy,1.63e-05,178.64,0.0029118319999999
NAS/BTC,1607730582127,2020-12-11T23:49:42.127Z,buy,1.63e-05,48.78,0.000795114
NAS/BTC,1607730582132,2020-12-11T23:49:42.132Z,sell,1.63e-05,163.78,0.002669614
NAS/BTC,1607730613591,2020-12-11T23:50:13.591Z,buy,1.63e-05,145.62,0.002373606
NAS/BTC,1607730695878,2020-12-11T23:51:35.878Z,buy,1.63e-05,232.9,0.00379627
NAS/BTC,1607730736607,2020-12-11T23:52:16.607Z,buy,1.63e-05,274.36,0.004472068
NAS/BTC,1607730809611,2020-12-11T23:53:29.611Z,buy,1.63e-05,48.78,0.000795114
NAS/BTC,1607730809612,2020-12-11T23:53:29.612Z,sell,1.63e-05,19.86,0.0003237179999999
NAS/BTC,1607730870524,2020-12-11T23:54:30.524Z,buy,1.63e-05,150.48,0.0024528239999999
NAS/BTC,1607730924112,2020-12-11T23:55:24.112Z,buy,1.63e-05,48.08,0.000783704
NAS/BTC,1607730965589,2020-12-11T23:56:05.589Z,buy,1.63e-05,203.88,0.003323244
NAS/BTC,1607731026590,2020-12-11T23:57:06.590Z,buy,1.63e-05,34.55,0.0005631649999999
NAS/BTC,1607731026590,2020-12-11T23:57:06.590Z,buy,1.63e-05,34.55,0.0005631649999999
NAS/BTC,1607731107119,2020-12-11T23:58:27.119Z,buy,1.63e-05,220.35,0.0035917049999999
NAS/BTC,1607731116196,2020-12-11T23:58:36.196Z,sell,1.62e-05,121.62,0.001970244
NAS/BTC,1607731195425,2020-12-11T23:59:55.425Z,buy,1.63e-05,212.1,0.00345723
NAS/BTC,1607731244037,2020-12-12T00:00:44.037Z,buy,1.63e-05,35.86,0.000584518
NAS/BTC,1607731315195,2020-12-12T00:01:55.195Z,buy,1.63e-05,50.73,0.000826899
NAS/BTC,1607731380355,2020-12-12T00:03:00.355Z,buy,1.63e-05,183.27,0.002987301
NAS/BTC,1607731430041,2020-12-12T00:03:50.041Z,buy,1.63e-05,292.24,0.004763512
NAS/BTC,1607731517603,2020-12-12T00:05:17.603Z,buy,1.63e-05,186.78,0.003044514
NAS/BTC,1607731552523,2020-12-12T00:05:52.523Z,buy,1.63e-05,346.14,0.005642082
NAS/BTC,1607731615811,2020-12-12T00:06:55.811Z,buy,1.63e-05,242.08,0.003945904
NAS/BTC,1607731683095,2020-12-12T00:08:03.095Z,buy,1.63e-05,151.09,0.002462767
NAS/BTC,1607731703101,2020-12-12T00:08:23.101Z,sell,1.62e-05,154.4,0.00250128
NAS/BTC,1607731731313,2020-12-12T00:08:51.313Z,buy,1.63e-05,186.05,0.003032615
NAS/BTC,1607731773200,2020-12-12T00:09:33.200Z,buy,1.63e-05,168.49,0.002746387
NAS/BTC,1607731813103,2020-12-12T00:10:13.103Z,buy,1.63e-05,299.18,0.004876634
NAS/BTC,1607731832138,2020-12-12T00:10:32.138Z,buy,1.63e-05,6.15,0.000100245
NAS/BTC,1607731845544,2020-12-12T00:10:45.544Z,buy,1.63e-05,198.03,0.003227889
NAS/BTC,1607731900817,2020-12-12T00:11:40.817Z,buy,1.63e-05,335.78,0.005473214
NAS/BTC,1607731932612,2020-12-12T00:12:12.612Z,buy,1.63e-05,183.74,0.002994962
NAS/BTC,1607732003122,2020-12-12T00:13:23.122Z,buy,1.63e-05,72.36,0.001179468
NAS/BTC,1607732058111,2020-12-12T00:14:18.111Z,buy,1.63e-05,167.48,0.002729924
NAS/BTC,1607732137719,2020-12-12T00:15:37.719Z,buy,1.63e-05,132.6,0.00216138
NAS/BTC,1607732209063,2020-12-12T00:16:49.063Z,buy,1.63e-05,31.93,0.000520459
NAS/BTC,1607732296792,2020-12-12T00:18:16.792Z,buy,1.63e-05,324.63,0.005291469
NAS/BTC,1607732374723,2020-12-12T00:19:34.723Z,buy,1.63e-05,71.25,0.001161375
NAS/BTC,1607732432574,2020-12-12T00:20:32.574Z,buy,1.63e-05,208.11,0.003392193
NAS/BTC,1607732498811,2020-12-12T00:21:38.811Z,buy,1.63e-05,358.2,0.00583866
NAS/BTC,1607732547721,2020-12-12T00:22:27.721Z,buy,1.63e-05,255.36,0.004162368
NAS/BTC,1607732579726,2020-12-12T00:22:59.726Z,buy,1.63e-05,400.0,0.00652
NAS/BTC,1607732622641,2020-12-12T00:23:42.641Z,buy,1.63e-05,229.23,0.0037364489999999
NAS/BTC,1607732676090,2020-12-12T00:24:36.090Z,buy,1.63e-05,49.93,0.000813859
NAS/BTC,1607732752279,2020-12-12T00:25:52.279Z,sell,1.62e-05,331.85,0.00537597
NAS/BTC,1607732823586,2020-12-12T00:27:03.586Z,sell,1.62e-05,161.96,0.002623752
NAS/BTC,1607732855262,2020-12-12T00:27:35.262Z,sell,1.62e-05,222.98,0.003612276
NAS/BTC,1607732907805,2020-12-12T00:28:27.805Z,buy,1.63e-05,36.53,0.000595439
NAS/BTC,1607732966612,2020-12-12T00:29:26.612Z,buy,1.63e-05,48.63,0.000792669
NAS/BTC,1607733030617,2020-12-12T00:30:30.617Z,sell,1.62e-05,314.39,0.005093118
NAS/BTC,1607733049175,2020-12-12T00:30:49.175Z,buy,1.63e-05,1840.49,0.029999987
NAS/BTC,1607733049392,2020-12-12T00:30:49.392Z,buy,1.63e-05,737.9,0.01202777
NAS/BTC,1607733049581,2020-12-12T00:30:49.581Z,buy,1.63e-05,241.98,0.0039442739999999
NAS/BTC,1607733050772,2020-12-12T00:30:50.772Z,sell,1.63e-05,9.56,0.000155828
NAS/BTC,1607733050774,2020-12-12T00:30:50.774Z,sell,1.63e-05,376.05,0.006129615
NAS/BTC,1607733050775,2020-12-12T00:30:50.775Z,sell,1.63e-05,1325.66,0.021608258
NAS/BTC,1607733050799,2020-12-12T00:30:50.799Z,sell,1.63e-05,129.22,0.0021062859999999
NAS/BTC,1607733057293,2020-12-12T00:30:57.293Z,sell,1.62e-05,619.04,0.010028448
NAS/BTC,1607733109546,2020-12-12T00:31:49.546Z,sell,1.63e-05,317.42,0.005173946
NAS/BTC,1607733158118,2020-12-12T00:32:38.118Z,sell,1.63e-05,168.75,0.002750625
NAS/BTC,1607733245631,2020-12-12T00:34:05.631Z,buy,1.63e-05,254.27,0.004144601
NAS/BTC,1607733282875,2020-12-12T00:34:42.875Z,sell,1.63e-05,278.21,0.0045348229999999
NAS/BTC,1607733326116,2020-12-12T00:35:26.116Z,buy,1.63e-05,350.36,0.005710868
NAS/BTC,1607733376106,2020-12-12T00:36:16.106Z,sell,1.63e-05,226.61,0.003693743
NAS/BTC,1607733436101,2020-12-12T00:37:16.101Z,buy,1.63e-05,155.99,0.002542637
NAS/BTC,1607733480077,2020-12-12T00:38:00.077Z,buy,1.63e-05,295.91,0.004823333
NAS/BTC,1607733566104,2020-12-12T00:39:26.104Z,buy,1.63e-05,329.49,0.005370687
NAS/BTC,1607733648044,2020-12-12T00:40:48.044Z,buy,1.63e-05,248.91,0.0040572329999999
NAS/BTC,1607733676431,2020-12-12T00:41:16.431Z,buy,1.64e-05,484.19,0.0079407159999999
NAS/BTC,1607733727282,2020-12-12T00:42:07.282Z,sell,1.63e-05,325.63,0.0053077689999999
NAS/BTC,1607733733826,2020-12-12T00:42:13.826Z,sell,1.63e-05,88.01,0.001434563
NAS/BTC,1607733765590,2020-12-12T00:42:45.590Z,buy,1.63e-05,350.49,0.005712987
NAS/BTC,1607733788766,2020-12-12T00:43:08.766Z,sell,1.62e-05,296.24,0.004799088
NAS/BTC,1607733792264,2020-12-12T00:43:12.264Z,buy,1.63e-05,390.24,0.006360912
NAS/BTC,1607733798602,2020-12-12T00:43:18.602Z,sell,1.63e-05,282.16,0.004599208
NAS/BTC,1607733837730,2020-12-12T00:43:57.730Z,buy,1.63e-05,123.01,0.002005063
NAS/BTC,1607733900135,2020-12-12T00:45:00.135Z,buy,1.63e-05,125.85,0.002051355
NAS/BTC,1607733987610,2020-12-12T00:46:27.610Z,sell,1.63e-05,342.0,0.0055746
NAS/BTC,1607734031601,2020-12-12T00:47:11.601Z,sell,1.63e-05,132.49,0.002159587
NAS/BTC,1607734098606,2020-12-12T00:48:18.606Z,sell,1.63e-05,349.07,0.005689841
NAS/BTC,1607734150099,2020-12-12T00:49:10.099Z,sell,1.63e-05,196.8,0.00320784
NAS/BTC,1607734202588,2020-12-12T00:50:02.588Z,sell,1.63e-05,173.96,0.002835548
NAS/BTC,1607734283612,2020-12-12T00:51:23.612Z,sell,1.63e-05,64.13,0.0010453189999999
NAS/BTC,1607734353501,2020-12-12T00:52:33.501Z,sell,1.63e-05,213.18,0.003474834
NAS/BTC,1607734441588,2020-12-12T00:54:01.588Z,sell,1.63e-05,318.59,0.0051930169999999
NAS/BTC,1607734448650,2020-12-12T00:54:08.650Z,sell,1.63e-05,61.73,0.001006199
NAS/BTC,1607734489367,2020-12-12T00:54:49.367Z,sell,1.63e-05,233.11,0.003799693
NAS/BTC,1607734496256,2020-12-12T00:54:56.256Z,sell,1.63e-05,61.73,0.001006199
NAS/BTC,1607734531117,2020-12-12T00:55:31.117Z,sell,1.63e-05,139.94,0.0022810219999999
NAS/BTC,1607734565597,2020-12-12T00:56:05.597Z,sell,1.63e-05,49.46,0.000806198
NAS/BTC,1607734565597,2020-12-12T00:56:05.597Z,sell,1.63e-05,49.46,0.000806198
NAS/BTC,1607734643111,2020-12-12T00:57:23.111Z,sell,1.63e-05,25.8,0.00042054
NAS/BTC,1607734704198,2020-12-12T00:58:24.198Z,sell,1.63e-05,148.6,0.00242218
NAS/BTC,1607734704551,2020-12-12T00:58:24.551Z,sell,1.63e-05,200.0,0.00326
NAS/BTC,1607734704834,2020-12-12T00:58:24.834Z,sell,1.63e-05,444.07,0.007238341
NAS/BTC,1607734704966,2020-12-12T00:58:24.966Z,sell,1.63e-05,362.0,0.0059006
NAS/BTC,1607734707106,2020-12-12T00:58:27.106Z,sell,1.63e-05,139.99,0.002281837
NAS/BTC,1607734782461,2020-12-12T00:59:42.461Z,sell,1.63e-05,188.39,0.003070757
NAS/BTC,1607734871091,2020-12-12T01:01:11.091Z,sell,1.63e-05,61.94,0.001009622
NAS/BTC,1607734903018,2020-12-12T01:01:43.018Z,sell,1.63e-05,319.05,0.005200515
NAS/BTC,1607734983621,2020-12-12T01:03:03.621Z,sell,1.63e-05,354.64,0.005780632
NAS/BTC,1607735012007,2020-12-12T01:03:32.007Z,sell,1.63e-05,2089.78,0.034063414
NAS/BTC,1607735027348,2020-12-12T01:03:47.348Z,sell,1.63e-05,53.76,0.0008762879999999
NAS/BTC,1607735050495,2020-12-12T01:04:10.495Z,sell,1.63e-05,22.27,0.000363001
NAS/BTC,1607735107603,2020-12-12T01:05:07.603Z,sell,1.63e-05,189.81,0.003093903
NAS/BTC,1607735189118,2020-12-12T01:06:29.118Z,sell,1.63e-05,159.53,0.002600339
NAS/BTC,1607735222090,2020-12-12T01:07:02.090Z,sell,1.63e-05,244.59,0.003986817
NAS/BTC,1607735234832,2020-12-12T01:07:14.832Z,sell,1.63e-05,36.09,0.000588267
NAS/BTC,1607735263067,2020-12-12T01:07:43.067Z,sell,1.63e-05,135.82,0.0022138659999999
NAS/BTC,1607735349100,2020-12-12T01:09:09.100Z,sell,1.63e-05,65.92,0.001074496
NAS/BTC,1607735436763,2020-12-12T01:10:36.763Z,sell,1.63e-05,25.6,0.00041728
NAS/BTC,1607735511975,2020-12-12T01:11:51.975Z,sell,1.63e-05,328.9,0.00536107
NAS/BTC,1607735546604,2020-12-12T01:12:26.604Z,sell,1.63e-05,58.86,0.000959418
NAS/BTC,1607735592096,2020-12-12T01:13:12.096Z,sell,1.63e-05,56.1,0.00091443
NAS/BTC,1607735679503,2020-12-12T01:14:39.503Z,sell,1.63e-05,61.89,0.001008807
NAS/BTC,1607735746027,2020-12-12T01:15:46.027Z,sell,1.63e-05,171.07,0.002788441
NAS/BTC,1607735823087,2020-12-12T01:17:03.087Z,sell,1.63e-05,278.84,0.004545092
NAS/BTC,1607735857617,2020-12-12T01:17:37.617Z,sell,1.63e-05,319.33,0.005205079
NAS/BTC,1607735893094,2020-12-12T01:18:13.094Z,sell,1.63e-05,212.59,0.003465217
NAS/BTC,1607735947590,2020-12-12T01:19:07.590Z,sell,1.63e-05,190.73,0.0031088989999999
NAS/BTC,1607735993612,2020-12-12T01:19:53.612Z,sell,1.63e-05,133.21,0.002171323
NAS/BTC,1607736042350,2020-12-12T01:20:42.350Z,sell,1.63e-05,139.86,0.002279718
NAS/BTC,1607736107801,2020-12-12T01:21:47.801Z,sell,1.63e-05,253.68,0.004134984
NAS/BTC,1607736159290,2020-12-12T01:22:39.290Z,sell,1.63e-05,139.56,0.002274828
NAS/BTC,1607736190592,2020-12-12T01:23:10.592Z,sell,1.63e-05,211.4,0.00344582
NAS/BTC,1607736223449,2020-12-12T01:23:43.449Z,sell,1.63e-05,127.3,0.00207499
NAS/BTC,1607736283422,2020-12-12T01:24:43.422Z,sell,1.63e-05,339.43,0.005532709
NAS/BTC,1607736369095,2020-12-12T01:26:09.095Z,sell,1.63e-05,266.51,0.004344113
NAS/BTC,1607736432599,2020-12-12T01:27:12.599Z,sell,1.63e-05,26.04,0.0004244519999999
NAS/BTC,1607736516312,2020-12-12T01:28:36.312Z,sell,1.63e-05,259.68,0.004232784
NAS/BTC,1607736579396,2020-12-12T01:29:39.396Z,sell,1.63e-05,237.1,0.00386473
NAS/BTC,1607736653938,2020-12-12T01:30:53.938Z,sell,1.63e-05,25.51,0.000415813
NAS/BTC,1607736720581,2020-12-12T01:32:00.581Z,buy,1.64e-05,177.74,0.002914936
NAS/BTC,1607736790093,2020-12-12T01:33:10.093Z,sell,1.63e-05,27.81,0.0004533029999999
NAS/BTC,1607736827511,2020-12-12T01:33:47.511Z,sell,1.63e-05,63.61,0.001036843
NAS/BTC,1607736890551,2020-12-12T01:34:50.551Z,sell,1.63e-05,235.83,0.003844029
NAS/BTC,1607736925114,2020-12-12T01:35:25.114Z,sell,1.63e-05,226.32,0.003689016
NAS/BTC,1607737010744,2020-12-12T01:36:50.744Z,sell,1.63e-05,298.93,0.004872559
NAS/BTC,1607737073684,2020-12-12T01:37:53.684Z,buy,1.64e-05,205.21,0.003365444
NAS/BTC,1607737133611,2020-12-12T01:38:53.611Z,sell,1.63e-05,244.26,0.0039814379999999
NAS/BTC,1607737202091,2020-12-12T01:40:02.091Z,sell,1.63e-05,55.0,0.0008964999999999
NAS/BTC,1607737251234,2020-12-12T01:40:51.234Z,sell,1.63e-05,248.26,0.004046638
NAS/BTC,1607737301811,2020-12-12T01:41:41.811Z,sell,1.63e-05,321.73,0.005244199
NAS/BTC,1607737346301,2020-12-12T01:42:26.301Z,sell,1.63e-05,336.85,0.005490655
NAS/BTC,1607737433643,2020-12-12T01:43:53.643Z,sell,1.63e-05,254.38,0.004146394
NAS/BTC,1607737449156,2020-12-12T01:44:09.156Z,buy,1.64e-05,509.96,0.0083633439999999
NAS/BTC,1607737466119,2020-12-12T01:44:26.119Z,buy,1.64e-05,244.07,0.0040027479999999
NAS/BTC,1607737509101,2020-12-12T01:45:09.101Z,buy,1.64e-05,300.82,0.0049334479999999
NAS/BTC,1607737539668,2020-12-12T01:45:39.668Z,sell,1.63e-05,10.0,0.000163
NAS/BTC,1607737550811,2020-12-12T01:45:50.811Z,buy,1.64e-05,310.08,0.0050853119999999
NAS/BTC,1607737626590,2020-12-12T01:47:06.590Z,buy,1.64e-05,251.3,0.0041213199999999
NAS/BTC,1607737702113,2020-12-12T01:48:22.113Z,buy,1.64e-05,314.95,0.0051651799999999
NAS/BTC,1607737781765,2020-12-12T01:49:41.765Z,sell,1.63e-05,60.41,0.0009846829999999
NAS/BTC,1607737813593,2020-12-12T01:50:13.593Z,buy,1.64e-05,196.18,0.0032173519999999
NAS/BTC,1607737881611,2020-12-12T01:51:21.611Z,sell,1.63e-05,60.76,0.000990388
NAS/BTC,1607737965505,2020-12-12T01:52:45.505Z,buy,1.64e-05,316.89,0.005196996
NAS/BTC,1607738048598,2020-12-12T01:54:08.598Z,sell,1.63e-05,56.46,0.000920298
NAS/BTC,1607738048598,2020-12-12T01:54:08.598Z,sell,1.63e-05,56.46,0.000920298
NAS/BTC,1607738195822,2020-12-12T01:56:35.822Z,sell,1.63e-05,43.7,0.00071231
NAS/BTC,1607738256117,2020-12-12T01:57:36.117Z,buy,1.64e-05,236.77,0.0038830279999999
NAS/BTC,1607738332388,2020-12-12T01:58:52.388Z,sell,1.63e-05,32.48,0.0005294239999999
NAS/BTC,1607738366116,2020-12-12T01:59:26.116Z,buy,1.64e-05,271.29,0.004449156
NAS/BTC,1607738455131,2020-12-12T02:00:55.131Z,sell,1.63e-05,73.12,0.001191856
NAS/BTC,1607738544610,2020-12-12T02:02:24.610Z,buy,1.64e-05,244.6,0.00401144
NAS/BTC,1607738632811,2020-12-12T02:03:52.811Z,buy,1.64e-05,335.75,0.0055062999999999
NAS/BTC,1607738697176,2020-12-12T02:04:57.176Z,buy,1.64e-05,133.68,0.002192352
NAS/BTC,1607738759424,2020-12-12T02:05:59.424Z,sell,1.63e-05,53.66,0.000874658
NAS/BTC,1607738791668,2020-12-12T02:06:31.668Z,buy,1.64e-05,126.2,0.00206968
NAS/BTC,1607738821585,2020-12-12T02:07:01.585Z,buy,1.64e-05,325.54,0.005338856
NAS/BTC,1607738854623,2020-12-12T02:07:34.623Z,buy,1.64e-05,193.29,0.003169956
NAS/BTC,1607738891101,2020-12-12T02:08:11.101Z,buy,1.64e-05,265.34,0.0043515759999999
NAS/BTC,1607738931530,2020-12-12T02:08:51.530Z,sell,1.63e-05,38.28,0.000623964
NAS/BTC,1607739012103,2020-12-12T02:10:12.103Z,sell,1.63e-05,324.82,0.005294566
NAS/BTC,1607739055930,2020-12-12T02:10:55.930Z,sell,1.63e-05,126.16,0.002056408
NAS/BTC,1607739136100,2020-12-12T02:12:16.100Z,sell,1.63e-05,61.19,0.000997397
NAS/BTC,1607739179000,2020-12-12T02:12:59.000Z,sell,1.63e-05,193.6,0.0031556799999999
NAS/BTC,1607739247605,2020-12-12T02:14:07.605Z,sell,1.63e-05,140.48,0.0022898239999999
NAS/BTC,1607739328626,2020-12-12T02:15:28.626Z,sell,1.63e-05,63.85,0.001040755
NAS/BTC,1607739372093,2020-12-12T02:16:12.093Z,sell,1.63e-05,199.65,0.003254295
NAS/BTC,1607739407876,2020-12-12T02:16:47.876Z,sell,1.63e-05,27.69,0.000451347
NAS/BTC,1607739475752,2020-12-12T02:17:55.752Z,sell,1.63e-05,44.82,0.000730566
NAS/BTC,1607739539825,2020-12-12T02:18:59.825Z,sell,1.63e-05,41.98,0.0006842739999999
NAS/BTC,1607739611139,2020-12-12T02:20:11.139Z,sell,1.63e-05,65.0,0.0010595
NAS/BTC,1607739641143,2020-12-12T02:20:41.143Z,sell,1.63e-05,193.54,0.0031547019999999
NAS/BTC,1607739687125,2020-12-12T02:21:27.125Z,sell,1.63e-05,43.23,0.0007046489999999
NAS/BTC,1607739745616,2020-12-12T02:22:25.616Z,sell,1.63e-05,307.01,0.005004263
NAS/BTC,1607739820817,2020-12-12T02:23:40.817Z,sell,1.63e-05,62.5,0.00101875
NAS/BTC,1607739891801,2020-12-12T02:24:51.801Z,sell,1.63e-05,316.95,0.005166285
NAS/BTC,1607739939618,2020-12-12T02:25:39.618Z,sell,1.63e-05,51.15,0.000833745
NAS/BTC,1607739972101,2020-12-12T02:26:12.101Z,sell,1.63e-05,308.71,0.0050319729999999
NAS/BTC,1607740055120,2020-12-12T02:27:35.120Z,sell,1.63e-05,300.29,0.004894727
NAS/BTC,1607740117616,2020-12-12T02:28:37.616Z,sell,1.63e-05,171.61,0.002797243
NAS/BTC,1607740168620,2020-12-12T02:29:28.620Z,sell,1.63e-05,241.94,0.003943622
NAS/BTC,1607740232116,2020-12-12T02:30:32.116Z,sell,1.63e-05,29.07,0.000473841
NAS/BTC,1607740316407,2020-12-12T02:31:56.407Z,sell,1.63e-05,65.79,0.001072377
NAS/BTC,1607740392603,2020-12-12T02:33:12.603Z,sell,1.63e-05,199.61,0.003253643
NAS/BTC,1607740450270,2020-12-12T02:34:10.270Z,sell,1.63e-05,290.22,0.004730586
NAS/BTC,1607740473111,2020-12-12T02:34:33.111Z,sell,1.63e-05,123.28,0.002009464
NAS/BTC,1607740551801,2020-12-12T02:35:51.801Z,sell,1.63e-05,319.0,0.0051997
NAS/BTC,1607740616708,2020-12-12T02:36:56.708Z,sell,1.63e-05,182.94,0.002981922
NAS/BTC,1607740668284,2020-12-12T02:37:48.284Z,sell,1.63e-05,334.44,0.0054513719999999
NAS/BTC,1607740728625,2020-12-12T02:38:48.625Z,sell,1.63e-05,51.46,0.000838798
NAS/BTC,1607740792531,2020-12-12T02:39:52.531Z,buy,1.64e-05,628.52,0.0103077279999999
NAS/BTC,1607740796230,2020-12-12T02:39:56.230Z,sell,1.63e-05,295.72,0.004820236
NAS/BTC,1607740857333,2020-12-12T02:40:57.333Z,sell,1.63e-05,65.72,0.001071236
NAS/BTC,1607740890451,2020-12-12T02:41:30.451Z,buy,1.64e-05,321.97,0.005280308
NAS/BTC,1607740935105,2020-12-12T02:42:15.105Z,sell,1.63e-05,62.15,0.001013045
NAS/BTC,1607740981091,2020-12-12T02:43:01.091Z,sell,1.63e-05,274.18,0.004469134
NAS/BTC,1607741017137,2020-12-12T02:43:37.137Z,sell,1.63e-05,25.82,0.000420866
NAS/BTC,1607741079840,2020-12-12T02:44:39.840Z,buy,1.64e-05,278.68,0.004570352
NAS/BTC,1607741116605,2020-12-12T02:45:16.605Z,buy,1.64e-05,350.64,0.0057504959999999
NAS/BTC,1607741154645,2020-12-12T02:45:54.645Z,buy,1.64e-05,142.09,0.002330276
NAS/BTC,1607741213146,2020-12-12T02:46:53.146Z,buy,1.64e-05,161.88,0.0026548319999999
NAS/BTC,1607741289102,2020-12-12T02:48:09.102Z,sell,1.63e-05,57.0,0.0009291
NAS/BTC,1607741323824,2020-12-12T02:48:43.824Z,buy,1.64e-05,251.24,0.004120336
NAS/BTC,1607741389413,2020-12-12T02:49:49.413Z,sell,1.63e-05,33.37,0.000543931
NAS/BTC,1607741477602,2020-12-12T02:51:17.602Z,buy,1.64e-05,154.72,0.0025374079999999
NAS/BTC,1607741548117,2020-12-12T02:52:28.117Z,buy,1.64e-05,156.41,0.002565124
NAS/BTC,1607741584597,2020-12-12T02:53:04.597Z,buy,1.64e-05,305.14,0.0050042959999999
NAS/BTC,1607741641592,2020-12-12T02:54:01.592Z,sell,1.63e-05,57.63,0.000939369
NAS/BTC,1607741641592,2020-12-12T02:54:01.592Z,sell,1.63e-05,57.63,0.000939369
NAS/BTC,1607741705599,2020-12-12T02:55:05.599Z,buy,1.64e-05,292.39,0.004795196
NAS/BTC,1607741741481,2020-12-12T02:55:41.481Z,buy,1.64e-05,310.42,0.005090888
NAS/BTC,1607741813505,2020-12-12T02:56:53.505Z,buy,1.64e-05,281.26,0.004612664
NAS/BTC,1607741863740,2020-12-12T02:57:43.740Z,buy,1.64e-05,189.95,0.0031151799999999
NAS/BTC,1607741907112,2020-12-12T02:58:27.112Z,buy,1.64e-05,279.9,0.0045903599999999
NAS/BTC,1607741994201,2020-12-12T02:59:54.201Z,buy,1.64e-05,221.21,0.003627844
NAS/BTC,1607742055481,2020-12-12T03:00:55.481Z,buy,1.64e-05,357.84,0.0058685759999999
NAS/BTC,1607742092618,2020-12-12T03:01:32.618Z,buy,1.64e-05,328.07,0.0053803479999999
NAS/BTC,1607742177519,2020-12-12T03:02:57.519Z,buy,1.64e-05,342.17,0.005611588
NAS/BTC,1607742259621,2020-12-12T03:04:19.621Z,buy,1.64e-05,358.45,0.00587858
NAS/BTC,1607742314102,2020-12-12T03:05:14.102Z,buy,1.64e-05,192.69,0.0031601159999999
NAS/BTC,1607742355261,2020-12-12T03:05:55.261Z,buy,1.64e-05,228.92,0.0037542879999999
NAS/BTC,1607742413809,2020-12-12T03:06:53.809Z,buy,1.64e-05,325.22,0.005333608
NAS/BTC,1607742464511,2020-12-12T03:07:44.511Z,buy,1.64e-05,454.16,0.007448224
NAS/BTC,1607742493598,2020-12-12T03:08:13.598Z,sell,1.63e-05,35.18,0.0005734339999999
NAS/BTC,1607742557648,2020-12-12T03:09:17.648Z,sell,1.63e-05,52.08,0.0008489039999999
NAS/BTC,1607742623102,2020-12-12T03:10:23.102Z,buy,1.64e-05,236.26,0.0038746639999999
NAS/BTC,1607742656687,2020-12-12T03:10:56.687Z,sell,1.63e-05,48.06,0.000783378
NAS/BTC,1607742732672,2020-12-12T03:12:12.672Z,buy,1.64e-05,219.35,0.0035973399999999
NAS/BTC,1607742785094,2020-12-12T03:13:05.094Z,buy,1.64e-05,285.45,0.00468138
NAS/BTC,1607742851147,2020-12-12T03:14:11.147Z,sell,1.63e-05,73.46,0.001197398
NAS/BTC,1607742907593,2020-12-12T03:15:07.593Z,buy,1.64e-05,139.21,0.002283044
NAS/BTC,1607742953822,2020-12-12T03:15:53.822Z,buy,1.64e-05,132.45,0.0021721799999999
NAS/BTC,1607743038602,2020-12-12T03:17:18.602Z,buy,1.64e-05,361.78,0.0059331919999999
NAS/BTC,1607743089590,2020-12-12T03:18:09.590Z,buy,1.64e-05,305.88,0.0050164319999999
NAS/BTC,1607743120635,2020-12-12T03:18:40.635Z,buy,1.64e-05,231.93,0.003803652
NAS/BTC,1607743177147,2020-12-12T03:19:37.147Z,sell,1.63e-05,41.53,0.000676939
NAS/BTC,1607743263587,2020-12-12T03:21:03.587Z,sell,1.63e-05,46.36,0.000755668
NAS/BTC,1607743332759,2020-12-12T03:22:12.759Z,buy,1.64e-05,236.22,0.0038740079999999
NAS/BTC,1607743378169,2020-12-12T03:22:58.169Z,buy,1.64e-05,171.3,0.00280932
NAS/BTC,1607743425999,2020-12-12T03:23:45.999Z,sell,1.63e-05,63.01,0.001027063
NAS/BTC,1607743504593,2020-12-12T03:25:04.593Z,buy,1.64e-05,131.06,0.002149384
NAS/BTC,1607743540831,2020-12-12T03:25:40.831Z,sell,1.63e-05,39.28,0.000640264
NAS/BTC,1607743616083,2020-12-12T03:26:56.083Z,sell,1.63e-05,39.87,0.0006498809999999
NAS/BTC,1607743675712,2020-12-12T03:27:55.712Z,buy,1.64e-05,195.47,0.003205708
NAS/BTC,1607743746600,2020-12-12T03:29:06.600Z,sell,1.63e-05,69.16,0.0011273079999999
NAS/BTC,1607743823822,2020-12-12T03:30:23.822Z,buy,1.64e-05,139.57,0.002288948
NAS/BTC,1607743911101,2020-12-12T03:31:51.101Z,sell,1.63e-05,65.64,0.001069932
NAS/BTC,1607743991597,2020-12-12T03:33:11.597Z,buy,1.64e-05,335.61,0.005504004
NAS/BTC,1607744051103,2020-12-12T03:34:11.103Z,buy,1.64e-05,144.07,0.0023627479999999
NAS/BTC,1607744121602,2020-12-12T03:35:21.602Z,buy,1.64e-05,129.21,0.002119044
NAS/BTC,1607744156414,2020-12-12T03:35:56.414Z,buy,1.64e-05,286.63,0.004700732
NAS/BTC,1607744200347,2020-12-12T03:36:40.347Z,sell,1.63e-05,27.59,0.000449717
NAS/BTC,1607744234600,2020-12-12T03:37:14.600Z,sell,1.63e-05,60.77,0.000990551
NAS/BTC,1607744265210,2020-12-12T03:37:45.210Z,sell,1.63e-05,61.12,0.000996256
NAS/BTC,1607744296107,2020-12-12T03:38:16.107Z,buy,1.64e-05,276.01,0.0045265639999999
NAS/BTC,1607744371105,2020-12-12T03:39:31.105Z,sell,1.63e-05,63.1,0.00102853
NAS/BTC,1607744456970,2020-12-12T03:40:56.970Z,buy,1.64e-05,146.11,0.002396204
NAS/BTC,1607744520326,2020-12-12T03:42:00.326Z,buy,1.64e-05,131.37,0.002154468
NAS/BTC,1607744551359,2020-12-12T03:42:31.359Z,buy,1.64e-05,203.53,0.003337892
NAS/BTC,1607744628390,2020-12-12T03:43:48.390Z,buy,1.64e-05,176.23,0.0028901719999999
NAS/BTC,1607744694028,2020-12-12T03:44:54.028Z,buy,1.64e-05,186.31,0.003055484
NAS/BTC,1607744749511,2020-12-12T03:45:49.511Z,sell,1.63e-05,31.01,0.000505463
NAS/BTC,1607744782621,2020-12-12T03:46:22.621Z,buy,1.64e-05,328.93,0.005394452
NAS/BTC,1607744856630,2020-12-12T03:47:36.630Z,buy,1.64e-05,162.7,0.0026682799999999
NAS/BTC,1607744877568,2020-12-12T03:47:57.568Z,buy,1.64e-05,62.22,0.001020408
NAS/BTC,1607744943786,2020-12-12T03:49:03.786Z,buy,1.64e-05,138.62,0.002273368
NAS/BTC,1607745009175,2020-12-12T03:50:09.175Z,buy,1.64e-05,153.76,0.002521664
NAS/BTC,1607745044215,2020-12-12T03:50:44.215Z,sell,1.63e-05,28.77,0.000468951
NAS/BTC,1607745079132,2020-12-12T03:51:19.132Z,sell,1.63e-05,34.77,0.000566751
NAS/BTC,1607745163127,2020-12-12T03:52:43.127Z,sell,1.63e-05,49.25,0.000802775
NAS/BTC,1607745163127,2020-12-12T03:52:43.127Z,sell,1.63e-05,49.25,0.000802775
NAS/BTC,1607745242084,2020-12-12T03:54:02.084Z,sell,1.63e-05,25.3,0.00041239
NAS/BTC,1607745275142,2020-12-12T03:54:35.142Z,sell,1.63e-05,63.82,0.001040266
NAS/BTC,1607745364592,2020-12-12T03:56:04.592Z,sell,1.63e-05,56.92,0.000927796
NAS/BTC,1607745451618,2020-12-12T03:57:31.618Z,buy,1.64e-05,227.88,0.0037372319999999
NAS/BTC,1607745519620,2020-12-12T03:58:39.620Z,buy,1.64e-05,136.95,0.00224598
NAS/BTC,1607745600188,2020-12-12T04:00:00.188Z,sell,1.63e-05,71.29,0.001162027
NAS/BTC,1607745681610,2020-12-12T04:01:21.610Z,sell,1.63e-05,43.44,0.0007080719999999
NAS/BTC,1607745703783,2020-12-12T04:01:43.783Z,sell,1.63e-05,3415.54,0.055673302
NAS/BTC,1607745703804,2020-12-12T04:01:43.804Z,buy,1.63e-05,200.0,0.00326
NAS/BTC,1607745703808,2020-12-12T04:01:43.808Z,buy,1.63e-05,60.5,0.00098615
NAS/BTC,1607745703836,2020-12-12T04:01:43.836Z,buy,1.63e-05,33.49,0.000545887
NAS/BTC,1607745703855,2020-12-12T04:01:43.855Z,buy,1.63e-05,60.46,0.000985498
NAS/BTC,1607745703881,2020-12-12T04:01:43.881Z,buy,1.63e-05,60.43,0.000985009
NAS/BTC,1607745703900,2020-12-12T04:01:43.900Z,buy,1.63e-05,212.09,0.003457067
NAS/BTC,1607745703907,2020-12-12T04:01:43.907Z,buy,1.63e-05,60.41,0.0009846829999999
NAS/BTC,1607745722695,2020-12-12T04:02:02.695Z,buy,1.63e-05,613.65,0.010002495
NAS/BTC,1607745768500,2020-12-12T04:02:48.500Z,buy,1.63e-05,187.77,0.003060651
NAS/BTC,1607745839991,2020-12-12T04:03:59.991Z,buy,1.63e-05,352.53,0.0057462389999999
NAS/BTC,1607745908105,2020-12-12T04:05:08.105Z,buy,1.63e-05,54.73,0.0008920989999999
NAS/BTC,1607745959612,2020-12-12T04:05:59.612Z,buy,1.63e-05,361.62,0.005894406
NAS/BTC,1607746034602,2020-12-12T04:07:14.602Z,buy,1.63e-05,340.78,0.005554714
NAS/BTC,1607746082097,2020-12-12T04:08:02.097Z,buy,1.63e-05,206.13,0.003359919
NAS/BTC,1607746146093,2020-12-12T04:09:06.093Z,buy,1.63e-05,52.32,0.000852816
NAS/BTC,1607746219599,2020-12-12T04:10:19.599Z,buy,1.63e-05,137.98,0.0022490739999999
NAS/BTC,1607746263090,2020-12-12T04:11:03.090Z,buy,1.63e-05,64.59,0.001052817
NAS/BTC,1607746293789,2020-12-12T04:11:33.789Z,buy,1.63e-05,51.07,0.000832441
NAS/BTC,1607746303313,2020-12-12T04:11:43.313Z,buy,1.63e-05,3512.4,0.05725212
NAS/BTC,1607746384107,2020-12-12T04:13:04.107Z,buy,1.64e-05,317.33,0.005204212
NAS/BTC,1607746421810,2020-12-12T04:13:41.810Z,sell,1.63e-05,587.0,0.0095681
NAS/BTC,1607746448596,2020-12-12T04:14:08.596Z,sell,1.63e-05,368.06,0.005999378
NAS/BTC,1607746450659,2020-12-12T04:14:10.659Z,sell,1.63e-05,60.5,0.00098615
NAS/BTC,1607746509098,2020-12-12T04:15:09.098Z,sell,1.63e-05,245.56,0.004002628
NAS/BTC,1607746534223,2020-12-12T04:15:34.223Z,sell,1.63e-05,9.05,0.000147515
NAS/BTC,1607746534243,2020-12-12T04:15:34.243Z,sell,1.63e-05,68.42,0.001115246
NAS/BTC,1607746534264,2020-12-12T04:15:34.264Z,sell,1.63e-05,68.39,0.001114757
NAS/BTC,1607746534289,2020-12-12T04:15:34.289Z,sell,1.63e-05,68.36,0.001114268
NAS/BTC,1607746534333,2020-12-12T04:15:34.333Z,sell,1.63e-05,132.3,0.00215649
NAS/BTC,1607746540721,2020-12-12T04:15:40.721Z,buy,1.64e-05,74.94,0.0012290159999999
NAS/BTC,1607746593737,2020-12-12T04:16:33.737Z,buy,1.64e-05,254.86,0.004179704
NAS/BTC,1607746647124,2020-12-12T04:17:27.124Z,sell,1.63e-05,67.58,0.001101554
NAS/BTC,1607746721264,2020-12-12T04:18:41.264Z,sell,1.63e-05,263.28,0.0042914639999999
NAS/BTC,1607746792710,2020-12-12T04:19:52.710Z,sell,1.63e-05,68.88,0.001122744
NAS/BTC,1607746870597,2020-12-12T04:21:10.597Z,sell,1.63e-05,29.35,0.000478405
NAS/BTC,1607746959110,2020-12-12T04:22:39.110Z,sell,1.63e-05,41.15,0.0006707449999999
NAS/BTC,1607747036756,2020-12-12T04:23:56.756Z,sell,1.63e-05,265.18,0.004322434
NAS/BTC,1607747094837,2020-12-12T04:24:54.837Z,sell,1.63e-05,266.31,0.0043408529999999
NAS/BTC,1607747152185,2020-12-12T04:25:52.185Z,sell,1.63e-05,31.01,0.000505463
NAS/BTC,1607747223586,2020-12-12T04:27:03.586Z,sell,1.63e-05,64.91,0.0010580329999999
NAS/BTC,1607747303607,2020-12-12T04:28:23.607Z,sell,1.63e-05,312.17,0.005088371
NAS/BTC,1607747363121,2020-12-12T04:29:23.121Z,sell,1.63e-05,341.79,0.005571177
NAS/BTC,1607747379546,2020-12-12T04:29:39.546Z,buy,1.64e-05,1255.88,0.020596432
NAS/BTC,1607747419109,2020-12-12T04:30:19.109Z,sell,1.63e-05,129.17,0.002105471
NAS/BTC,1607747508025,2020-12-12T04:31:48.025Z,sell,1.63e-05,52.27,0.000852001
NAS/BTC,1607747597099,2020-12-12T04:33:17.099Z,sell,1.63e-05,346.26,0.005644038
NAS/BTC,1607747671609,2020-12-12T04:34:31.609Z,sell,1.63e-05,123.79,0.002017777
NAS/BTC,1607747719601,2020-12-12T04:35:19.601Z,sell,1.63e-05,129.55,0.002111665
NAS/BTC,1607747751617,2020-12-12T04:35:51.617Z,sell,1.63e-05,272.81,0.004446803
NAS/BTC,1607747793816,2020-12-12T04:36:33.816Z,sell,1.63e-05,135.96,0.002216148
NAS/BTC,1607747841233,2020-12-12T04:37:21.233Z,sell,1.63e-05,66.92,0.001090796
NAS/BTC,1607747859332,2020-12-12T04:37:39.332Z,sell,1.63e-05,143.4,0.00233742
NAS/BTC,1607747922505,2020-12-12T04:38:42.505Z,sell,1.63e-05,294.65,0.0048027949999999
NAS/BTC,1607747944862,2020-12-12T04:39:04.862Z,sell,1.63e-05,252.98,0.004123574
NAS/BTC,1607747944894,2020-12-12T04:39:04.894Z,sell,1.63e-05,466.08,0.0075971039999999
NAS/BTC,1607747945896,2020-12-12T04:39:05.896Z,sell,1.63e-05,200.0,0.00326
NAS/BTC,1607747946916,2020-12-12T04:39:06.916Z,sell,1.63e-05,200.0,0.00326
NAS/BTC,1607747947953,2020-12-12T04:39:07.953Z,sell,1.63e-05,446.63,0.007280069
NAS/BTC,1607747958856,2020-12-12T04:39:18.856Z,sell,1.63e-05,200.0,0.00326
NAS/BTC,1607747984964,2020-12-12T04:39:44.964Z,sell,1.63e-05,61.73,0.001006199
NAS/BTC,1607748002552,2020-12-12T04:40:02.552Z,sell,1.63e-05,53.04,0.000864552
NAS/BTC,1607748004626,2020-12-12T04:40:04.626Z,buy,1.63e-05,365.33,0.005954879
NAS/BTC,1607748055923,2020-12-12T04:40:55.923Z,sell,1.63e-05,130.82,0.0021323659999999
NAS/BTC,1607748111077,2020-12-12T04:41:51.077Z,sell,1.63e-05,128.65,0.002096995
NAS/BTC,1607748112772,2020-12-12T04:41:52.772Z,buy,1.64e-05,12.05,0.00019762
NAS/BTC,1607748182592,2020-12-12T04:43:02.592Z,sell,1.63e-05,179.29,0.002922427
NAS/BTC,1607748213322,2020-12-12T04:43:33.322Z,buy,1.63e-05,214.38,0.003494394
NAS/BTC,1607748287664,2020-12-12T04:44:47.664Z,buy,1.63e-05,174.1,0.00283783
NAS/BTC,1607748304479,2020-12-12T04:45:04.479Z,sell,1.62e-05,79.27,0.001284174
NAS/BTC,1607748336288,2020-12-12T04:45:36.288Z,buy,1.63e-05,80.52,0.001312476
NAS/BTC,1607748336300,2020-12-12T04:45:36.300Z,sell,1.63e-05,283.25,0.004616975
NAS/BTC,1607748336302,2020-12-12T04:45:36.302Z,sell,1.63e-05,1070.65,0.017451595
NAS/BTC,1607748338711,2020-12-12T04:45:38.711Z,sell,1.63e-05,80.55,0.001312965
NAS/BTC,1607748340462,2020-12-12T04:45:40.462Z,sell,1.63e-05,53.87,0.000878081
NAS/BTC,1607748347293,2020-12-12T04:45:47.293Z,sell,1.63e-05,55.67,0.000907421
NAS/BTC,1607748358990,2020-12-12T04:45:58.990Z,sell,1.63e-05,348.19,0.005675497
NAS/BTC,1607748418628,2020-12-12T04:46:58.628Z,sell,1.63e-05,310.6,0.00506278
NAS/BTC,1607748478119,2020-12-12T04:47:58.119Z,buy,1.63e-05,230.24,0.003752912
NAS/BTC,1607748520095,2020-12-12T04:48:40.095Z,buy,1.63e-05,364.45,0.0059405349999999
NAS/BTC,1607748583025,2020-12-12T04:49:43.025Z,buy,1.63e-05,241.73,0.003940199
NAS/BTC,1607748612823,2020-12-12T04:50:12.823Z,sell,1.63e-05,61.35,0.001000005
NAS/BTC,1607748614667,2020-12-12T04:50:14.667Z,sell,1.63e-05,340.99,0.005558137
NAS/BTC,1607748639709,2020-12-12T04:50:39.709Z,sell,1.63e-05,200.0,0.00326
NAS/BTC,1607748662093,2020-12-12T04:51:02.093Z,sell,1.63e-05,209.03,0.003407189
NAS/BTC,1607748689199,2020-12-12T04:51:29.199Z,sell,1.63e-05,200.0,0.00326
NAS/BTC,1607748709284,2020-12-12T04:51:49.284Z,sell,1.63e-05,4.01,6.536299999999999e-05
NAS/BTC,1607748709366,2020-12-12T04:51:49.366Z,buy,1.63e-05,48.88,0.000796744
NAS/BTC,1607748755092,2020-12-12T04:52:35.092Z,sell,1.63e-05,68.45,0.001115735
NAS/BTC,1607748755164,2020-12-12T04:52:35.164Z,sell,1.63e-05,4.01,6.536299999999999e-05
NAS/BTC,1607748755164,2020-12-12T04:52:35.164Z,sell,1.63e-05,4.01,6.536299999999999e-05
NAS/BTC,1607748802604,2020-12-12T04:53:22.604Z,sell,1.63e-05,149.32,0.002433916
NAS/BTC,1607748840279,2020-12-12T04:54:00.279Z,buy,1.63e-05,131.19,0.0021383969999999
NAS/BTC,1607748873291,2020-12-12T04:54:33.291Z,buy,1.63e-05,274.97,0.004482011
NAS/BTC,1607748961591,2020-12-12T04:56:01.591Z,sell,1.63e-05,174.69,0.002847447
NAS/BTC,1607749048114,2020-12-12T04:57:28.114Z,sell,1.63e-05,331.15,0.005397745
NAS/BTC,1607749137957,2020-12-12T04:58:57.957Z,buy,1.63e-05,167.29,0.002726827
NAS/BTC,1607749191037,2020-12-12T04:59:51.037Z,buy,1.63e-05,318.42,0.005190246
NAS/BTC,1607749248810,2020-12-12T05:00:48.810Z,sell,1.63e-05,201.22,0.003279886
NAS/BTC,1607749296725,2020-12-12T05:01:36.725Z,sell,1.63e-05,238.0,0.0038794
NAS/BTC,1607749384651,2020-12-12T05:03:04.651Z,sell,1.63e-05,175.5,0.00286065
NAS/BTC,1607749432794,2020-12-12T05:03:52.794Z,sell,1.63e-05,160.56,0.002617128
NAS/BTC,1607749485760,2020-12-12T05:04:45.760Z,sell,1.63e-05,176.97,0.002884611
NAS/BTC,1607749532382,2020-12-12T05:05:32.382Z,sell,1.63e-05,301.63,0.004916569
NAS/BTC,1607749574632,2020-12-12T05:06:14.632Z,sell,1.63e-05,143.57,0.0023401909999999
NAS/BTC,1607749652154,2020-12-12T05:07:32.154Z,sell,1.63e-05,266.9,0.0043504699999999
NAS/BTC,1607749657455,2020-12-12T05:07:37.455Z,sell,1.63e-05,214.15,0.003490645
NAS/BTC,1607749701852,2020-12-12T05:08:21.852Z,sell,1.63e-05,87.94,0.001433422
NAS/BTC,1607749714843,2020-12-12T05:08:34.843Z,sell,1.63e-05,63.47,0.001034561
NAS/BTC,1607749734675,2020-12-12T05:08:54.675Z,sell,1.63e-05,66.76,0.001088188
NAS/BTC,1607749770668,2020-12-12T05:09:30.668Z,sell,1.63e-05,301.94,0.004921622
NAS/BTC,1607749834440,2020-12-12T05:10:34.440Z,sell,1.63e-05,359.97,0.005867511
NAS/BTC,1607749836754,2020-12-12T05:10:36.754Z,sell,1.63e-05,59.63,0.000971969
NAS/BTC,1607749836785,2020-12-12T05:10:36.785Z,sell,1.63e-05,59.61,0.000971643
NAS/BTC,1607749836819,2020-12-12T05:10:36.819Z,sell,1.63e-05,59.58,0.000971154
NAS/BTC,1607749836840,2020-12-12T05:10:36.840Z,sell,1.63e-05,59.55,0.0009706649999999
NAS/BTC,1607749836864,2020-12-12T05:10:36.864Z,sell,1.63e-05,79.96,0.001303348
NAS/BTC,1607749887855,2020-12-12T05:11:27.855Z,sell,1.63e-05,240.89,0.003926507
NAS/BTC,1607749975452,2020-12-12T05:12:55.452Z,sell,1.63e-05,149.84,0.002442392
NAS/BTC,1607750007110,2020-12-12T05:13:27.110Z,sell,1.63e-05,185.41,0.003022183
NAS/BTC,1607750039199,2020-12-12T05:13:59.199Z,sell,1.63e-05,145.56,0.002372628
NAS/BTC,1607750093514,2020-12-12T05:14:53.514Z,sell,1.63e-05,188.44,0.003071572
NAS/BTC,1607750137587,2020-12-12T05:15:37.587Z,sell,1.63e-05,48.69,0.000793647
NAS/BTC,1607750137980,2020-12-12T05:15:37.980Z,sell,1.63e-05,191.48,0.003121124
NAS/BTC,1607750174112,2020-12-12T05:16:14.112Z,sell,1.63e-05,240.03,0.003912489
NAS/BTC,1607750257950,2020-12-12T05:17:37.950Z,sell,1.63e-05,237.04,0.003863752
NAS/BTC,1607750294100,2020-12-12T05:18:14.100Z,sell,1.63e-05,29.55,0.000481665
NAS/BTC,1607750370112,2020-12-12T05:19:30.112Z,sell,1.63e-05,123.65,0.002015495
NAS/BTC,1607750427101,2020-12-12T05:20:27.101Z,sell,1.63e-05,9.0,0.0001467
NAS/BTC,1607750428661,2020-12-12T05:20:28.661Z,sell,1.63e-05,53.27,0.000868301
NAS/BTC,1607750497595,2020-12-12T05:21:37.595Z,buy,1.64e-05,12.05,0.00019762
NAS/BTC,1607750499029,2020-12-12T05:21:39.029Z,sell,1.63e-05,160.79,0.0026208769999999
NAS/BTC,1607750544165,2020-12-12T05:22:24.165Z,sell,1.63e-05,268.36,0.004374268
NAS/BTC,1607750553919,2020-12-12T05:22:33.919Z,buy,1.64e-05,12.05,0.00019762
NAS/BTC,1607750622261,2020-12-12T05:23:42.261Z,sell,1.63e-05,50.18,0.000817934
NAS/BTC,1607750666619,2020-12-12T05:24:26.619Z,sell,1.63e-05,208.59,0.003400017
NAS/BTC,1607750666631,2020-12-12T05:24:26.631Z,buy,1.63e-05,15.77,0.000257051
NAS/BTC,1607750736718,2020-12-12T05:25:36.718Z,sell,1.63e-05,208.59,0.003400017
NAS/BTC,1607750736719,2020-12-12T05:25:36.719Z,buy,1.63e-05,34.88,0.000568544
NAS/BTC,1607750801740,2020-12-12T05:26:41.740Z,sell,1.63e-05,44.14,0.000719482
NAS/BTC,1607750846807,2020-12-12T05:27:26.807Z,sell,1.63e-05,67.76,0.001104488
NAS/BTC,1607750879033,2020-12-12T05:27:59.033Z,sell,1.63e-05,134.78,0.002196914
NAS/BTC,1607750947792,2020-12-12T05:29:07.792Z,sell,1.63e-05,33.77,0.000550451
NAS/BTC,1607750983532,2020-12-12T05:29:43.532Z,sell,1.63e-05,322.33,0.005253979
NAS/BTC,1607750983537,2020-12-12T05:29:43.537Z,buy,1.63e-05,25.19,0.000410597
NAS/BTC,1607751015601,2020-12-12T05:30:15.601Z,sell,1.63e-05,149.3,0.00243359
NAS/BTC,1607751020995,2020-12-12T05:30:20.995Z,buy,1.64e-05,12.05,0.00019762
NAS/BTC,1607751038989,2020-12-12T05:30:38.989Z,buy,1.64e-05,12.05,0.00019762
NAS/BTC,1607751086307,2020-12-12T05:31:26.307Z,sell,1.63e-05,305.97,0.004987311
NAS/BTC,1607751126597,2020-12-12T05:32:06.597Z,sell,1.63e-05,38.34,0.000624942
NAS/BTC,1607751127486,2020-12-12T05:32:07.486Z,sell,1.63e-05,69.82,0.0011380659999999
NAS/BTC,1607751187845,2020-12-12T05:33:07.845Z,buy,1.64e-05,12.05,0.00019762
NAS/BTC,1607751208854,2020-12-12T05:33:28.854Z,sell,1.63e-05,252.51,0.004115913
NAS/BTC,1607751208861,2020-12-12T05:33:28.861Z,buy,1.63e-05,90.5,0.00147515
NAS/BTC,1607751210147,2020-12-12T05:33:30.147Z,buy,1.64e-05,12.05,0.00019762
NAS/BTC,1607751281476,2020-12-12T05:34:41.476Z,sell,1.63e-05,290.07,0.004728141
NAS/BTC,1607751321606,2020-12-12T05:35:21.606Z,sell,1.63e-05,126.56,0.002062928
NAS/BTC,1607751378812,2020-12-12T05:36:18.812Z,sell,1.63e-05,182.46,0.002974098
NAS/BTC,1607751426616,2020-12-12T05:37:06.616Z,sell,1.63e-05,216.91,0.003535633
NAS/BTC,1607751502110,2020-12-12T05:38:22.110Z,sell,1.63e-05,239.71,0.003907273
NAS/BTC,1607751568664,2020-12-12T05:39:28.664Z,sell,1.63e-05,160.24,0.002611912
NAS/BTC,1607751635729,2020-12-12T05:40:35.729Z,sell,1.63e-05,57.28,0.000933664
NAS/BTC,1607751697700,2020-12-12T05:41:37.700Z,sell,1.63e-05,279.19,0.004550797
NAS/BTC,1607751757300,2020-12-12T05:42:37.300Z,sell,1.63e-05,50.31,0.000820053
NAS/BTC,1607751838101,2020-12-12T05:43:58.101Z,sell,1.63e-05,55.32,0.000901716
NAS/BTC,1607751920666,2020-12-12T05:45:20.666Z,sell,1.63e-05,338.27,0.005513801
NAS/BTC,1607751952399,2020-12-12T05:45:52.399Z,sell,1.63e-05,252.51,0.004115913
NAS/BTC,1607751988114,2020-12-12T05:46:28.114Z,buy,1.63e-05,248.21,0.004045823
NAS/BTC,1607752075567,2020-12-12T05:47:55.567Z,buy,1.63e-05,54.67,0.000891121
NAS/BTC,1607752123142,2020-12-12T05:48:43.142Z,buy,1.63e-05,91.52,0.001491776
NAS/BTC,1607752123343,2020-12-12T05:48:43.343Z,sell,1.63e-05,33.47,0.000545561
NAS/BTC,1607752165123,2020-12-12T05:49:25.123Z,buy,1.63e-05,91.52,0.001491776
NAS/BTC,1607752165166,2020-12-12T05:49:25.166Z,sell,1.63e-05,148.1,0.0024140299999999
NAS/BTC,1607752250338,2020-12-12T05:50:50.338Z,buy,1.63e-05,280.72,0.004575736
NAS/BTC,1607752314751,2020-12-12T05:51:54.751Z,buy,1.63e-05,309.91,0.005051533
NAS/BTC,1607752314751,2020-12-12T05:51:54.751Z,buy,1.63e-05,309.91,0.005051533
NAS/BTC,1607752395102,2020-12-12T05:53:15.102Z,buy,1.63e-05,40.02,0.000652326
NAS/BTC,1607752460104,2020-12-12T05:54:20.104Z,buy,1.63e-05,36.23,0.0005905489999999
NAS/BTC,1607752501785,2020-12-12T05:55:01.785Z,buy,1.63e-05,48.64,0.000792832
NAS/BTC,1607752578611,2020-12-12T05:56:18.611Z,buy,1.63e-05,181.59,0.002959917
NAS/BTC,1607752626361,2020-12-12T05:57:06.361Z,sell,1.62e-05,100.0,0.00162
NAS/BTC,1607752629430,2020-12-12T05:57:09.430Z,buy,1.63e-05,91.52,0.001491776
NAS/BTC,1607752629430,2020-12-12T05:57:09.430Z,buy,1.64e-05,7.16,0.0001174239999999
NAS/BTC,1607752641610,2020-12-12T05:57:21.610Z,buy,1.63e-05,140.37,0.002288031
NAS/BTC,1607752705804,2020-12-12T05:58:25.804Z,sell,1.63e-05,293.76,0.004788288
NAS/BTC,1607752760103,2020-12-12T05:59:20.103Z,sell,1.63e-05,140.28,0.002286564
NAS/BTC,1607752849391,2020-12-12T06:00:49.391Z,sell,1.63e-05,68.22,0.001111986
NAS/BTC,1607752894054,2020-12-12T06:01:34.054Z,sell,1.63e-05,156.93,0.002557959
NAS/BTC,1607752958264,2020-12-12T06:02:38.264Z,sell,1.63e-05,52.73,0.0008594989999999
NAS/BTC,1607753003610,2020-12-12T06:03:23.610Z,sell,1.63e-05,138.03,0.002249889
NAS/BTC,1607753038370,2020-12-12T06:03:58.370Z,sell,1.63e-05,59.56,0.000970828
NAS/BTC,1607753068634,2020-12-12T06:04:28.634Z,sell,1.63e-05,39.32,0.000640916
NAS/BTC,1607753149442,2020-12-12T06:05:49.442Z,sell,1.63e-05,133.04,0.002168552
NAS/BTC,1607753190117,2020-12-12T06:06:30.117Z,sell,1.63e-05,347.41,0.005662783
NAS/BTC,1607753194522,2020-12-12T06:06:34.522Z,sell,1.63e-05,204.86,0.003339218
NAS/BTC,1607753221085,2020-12-12T06:07:01.085Z,sell,1.63e-05,237.03,0.003863589
NAS/BTC,1607753271711,2020-12-12T06:07:51.711Z,sell,1.63e-05,218.49,0.003561387
NAS/BTC,1607753333739,2020-12-12T06:08:53.739Z,sell,1.63e-05,279.26,0.004551938
NAS/BTC,1607753335290,2020-12-12T06:08:55.290Z,sell,1.63e-05,200.0,0.00326
NAS/BTC,1607753336319,2020-12-12T06:08:56.319Z,sell,1.63e-05,200.0,0.00326
NAS/BTC,1607753343084,2020-12-12T06:09:03.084Z,sell,1.63e-05,37.77,0.000615651
NAS/BTC,1607753377970,2020-12-12T06:09:37.970Z,sell,1.63e-05,277.65,0.004525695
NAS/BTC,1607753419117,2020-12-12T06:10:19.117Z,sell,1.63e-05,163.7,0.0026683099999999
NAS/BTC,1607753465095,2020-12-12T06:11:05.095Z,sell,1.63e-05,34.8,0.00056724
NAS/BTC,1607753522580,2020-12-12T06:12:02.580Z,sell,1.63e-05,195.85,0.003192355
NAS/BTC,1607753522588,2020-12-12T06:12:02.588Z,buy,1.63e-05,149.71,0.002440273
NAS/BTC,1607753560557,2020-12-12T06:12:40.557Z,sell,1.63e-05,307.52,0.0050125759999999
NAS/BTC,1607753622990,2020-12-12T06:13:42.990Z,sell,1.63e-05,40.84,0.000665692
NAS/BTC,1607753687010,2020-12-12T06:14:47.010Z,sell,1.63e-05,300.35,0.004895705
NAS/BTC,1607753770088,2020-12-12T06:16:10.088Z,sell,1.63e-05,195.85,0.003192355
NAS/BTC,1607753770213,2020-12-12T06:16:10.213Z,buy,1.63e-05,40.02,0.000652326
NAS/BTC,1607753770289,2020-12-12T06:16:10.289Z,buy,1.63e-05,119.51,0.001948013
NAS/BTC,1607753777273,2020-12-12T06:16:17.273Z,sell,1.63e-05,74.75,0.001218425
NAS/BTC,1607753810357,2020-12-12T06:16:50.357Z,sell,1.63e-05,161.12,0.002626256
NAS/BTC,1607753810361,2020-12-12T06:16:50.361Z,buy,1.63e-05,12.05,0.000196415
NAS/BTC,1607753866788,2020-12-12T06:17:46.788Z,sell,1.63e-05,146.61,0.002389743
NAS/BTC,1607753925521,2020-12-12T06:18:45.521Z,sell,1.63e-05,350.44,0.005712172
NAS/BTC,1607754012602,2020-12-12T06:20:12.602Z,sell,1.63e-05,161.12,0.002626256
NAS/BTC,1607754012660,2020-12-12T06:20:12.660Z,buy,1.63e-05,63.25,0.001030975
NAS/BTC,1607754083601,2020-12-12T06:21:23.601Z,sell,1.63e-05,203.97,0.0033247109999999
NAS/BTC,1607754142109,2020-12-12T06:22:22.109Z,sell,1.63e-05,28.93,0.000471559
NAS/BTC,1607754190611,2020-12-12T06:23:10.611Z,sell,1.63e-05,224.37,0.003657231
NAS/BTC,1607754190612,2020-12-12T06:23:10.612Z,buy,1.63e-05,22.22,0.0003621859999999
NAS/BTC,1607754238948,2020-12-12T06:23:58.948Z,sell,1.63e-05,301.07,0.004907441
NAS/BTC,1607754310603,2020-12-12T06:25:10.603Z,sell,1.63e-05,224.37,0.003657231
NAS/BTC,1607754310604,2020-12-12T06:25:10.604Z,buy,1.63e-05,139.72,0.002277436
NAS/BTC,1607754382108,2020-12-12T06:26:22.108Z,sell,1.63e-05,224.37,0.003657231
NAS/BTC,1607754382110,2020-12-12T06:26:22.110Z,buy,1.63e-05,108.42,0.001767246
NAS/BTC,1607754431592,2020-12-12T06:27:11.592Z,sell,1.63e-05,72.36,0.001179468
NAS/BTC,1607754501111,2020-12-12T06:28:21.111Z,sell,1.63e-05,283.66,0.004623658
NAS/BTC,1607754581257,2020-12-12T06:29:41.257Z,sell,1.63e-05,42.15,0.000687045
NAS/BTC,1607754635451,2020-12-12T06:30:35.451Z,sell,1.63e-05,8.92,0.000145396
NAS/BTC,1607754639910,2020-12-12T06:30:39.910Z,sell,1.63e-05,57.72,0.000940836
NAS/BTC,1607754728596,2020-12-12T06:32:08.596Z,sell,1.63e-05,331.47,0.005402961
NAS/BTC,1607754775831,2020-12-12T06:32:55.831Z,sell,1.63e-05,50.51,0.000823313
NAS/BTC,1607754830997,2020-12-12T06:33:50.997Z,sell,1.63e-05,127.86,0.002084118
NAS/BTC,1607754912594,2020-12-12T06:35:12.594Z,sell,1.63e-05,168.33,0.002743779
NAS/BTC,1607754949544,2020-12-12T06:35:49.544Z,sell,1.63e-05,52.72,0.0008593359999999
NAS/BTC,1607755022590,2020-12-12T06:37:02.590Z,sell,1.63e-05,132.96,0.002167248
NAS/BTC,1607755079103,2020-12-12T06:37:59.103Z,sell,1.63e-05,320.33,0.005221379
NAS/BTC,1607755098130,2020-12-12T06:38:18.130Z,sell,1.63e-05,195.12,0.003180456
NAS/BTC,1607755098303,2020-12-12T06:38:18.303Z,buy,1.63e-05,115.86,0.001888518
NAS/BTC,1607755185262,2020-12-12T06:39:45.262Z,sell,1.63e-05,253.66,0.004134658
NAS/BTC,1607755217106,2020-12-12T06:40:17.106Z,sell,1.63e-05,329.87,0.005376881
NAS/BTC,1607755265602,2020-12-12T06:41:05.602Z,sell,1.63e-05,194.7,0.00317361
NAS/BTC,1607755345604,2020-12-12T06:42:25.604Z,sell,1.63e-05,47.12,0.0007680559999999
NAS/BTC,1607755408785,2020-12-12T06:43:28.785Z,sell,1.63e-05,166.07,0.002706941
NAS/BTC,1607755462121,2020-12-12T06:44:22.121Z,sell,1.63e-05,56.86,0.0009268179999999
NAS/BTC,1607755534428,2020-12-12T06:45:34.428Z,sell,1.63e-05,124.55,0.002030165
NAS/BTC,1607755595054,2020-12-12T06:46:35.054Z,sell,1.63e-05,73.23,0.001193649
NAS/BTC,1607755676000,2020-12-12T06:47:56.000Z,sell,1.63e-05,300.35,0.004895705
NAS/BTC,1607755729893,2020-12-12T06:48:49.893Z,sell,1.63e-05,136.02,0.002217126
NAS/BTC,1607755758602,2020-12-12T06:49:18.602Z,sell,1.63e-05,59.1,0.00096333
NAS/BTC,1607755758760,2020-12-12T06:49:18.760Z,buy,1.63e-05,116.38,0.001896994
NAS/BTC,1607755842840,2020-12-12T06:50:42.840Z,sell,1.63e-05,336.84,0.005490492
NAS/BTC,1607755913111,2020-12-12T06:51:53.111Z,sell,1.63e-05,259.94,0.004237022
NAS/BTC,1607755913111,2020-12-12T06:51:53.111Z,sell,1.63e-05,259.94,0.004237022
NAS/BTC,1607755972666,2020-12-12T06:52:52.666Z,sell,1.63e-05,140.81,0.002295203
NAS/BTC,1607756033543,2020-12-12T06:53:53.543Z,sell,1.63e-05,59.1,0.00096333
NAS/BTC,1607756033546,2020-12-12T06:53:53.546Z,buy,1.63e-05,169.52,0.002763176
NAS/BTC,1607756077497,2020-12-12T06:54:37.497Z,sell,1.63e-05,59.1,0.00096333
NAS/BTC,1607756077497,2020-12-12T06:54:37.497Z,buy,1.63e-05,165.52,0.002697976
NAS/BTC,1607756128813,2020-12-12T06:55:28.813Z,sell,1.63e-05,59.1,0.00096333
NAS/BTC,1607756128817,2020-12-12T06:55:28.817Z,buy,1.63e-05,170.07,0.0027721409999999
NAS/BTC,1607756169325,2020-12-12T06:56:09.325Z,sell,1.63e-05,253.2,0.0041271599999999
NAS/BTC,1607756219959,2020-12-12T06:56:59.959Z,sell,1.63e-05,288.94,0.0047097219999999
NAS/BTC,1607756270857,2020-12-12T06:57:50.857Z,sell,1.63e-05,59.1,0.00096333
NAS/BTC,1607756270864,2020-12-12T06:57:50.864Z,buy,1.63e-05,102.92,0.001677596
NAS/BTC,1607756321572,2020-12-12T06:58:41.572Z,sell,1.63e-05,59.1,0.00096333
NAS/BTC,1607756321572,2020-12-12T06:58:41.572Z,buy,1.63e-05,124.13,0.002023319
NAS/BTC,1607756398972,2020-12-12T06:59:58.972Z,sell,1.63e-05,59.1,0.00096333
NAS/BTC,1607756398973,2020-12-12T06:59:58.973Z,buy,1.63e-05,196.99,0.003210937
NAS/BTC,1607756448190,2020-12-12T07:00:48.190Z,sell,1.63e-05,59.1,0.00096333
NAS/BTC,1607756448190,2020-12-12T07:00:48.190Z,buy,1.63e-05,205.18,0.003344434
NAS/BTC,1607756528102,2020-12-12T07:02:08.102Z,sell,1.63e-05,307.3,0.00500899
NAS/BTC,1607756607121,2020-12-12T07:03:27.121Z,sell,1.63e-05,26.51,0.000432113
NAS/BTC,1607756640049,2020-12-12T07:04:00.049Z,sell,1.63e-05,176.21,0.002872223
NAS/BTC,1607756685290,2020-12-12T07:04:45.290Z,sell,1.63e-05,193.29,0.003150627
NAS/BTC,1607756722620,2020-12-12T07:05:22.620Z,sell,1.63e-05,66.17,0.001078571
NAS/BTC,1607756724391,2020-12-12T07:05:24.391Z,sell,1.63e-05,1188.19,0.019367497
NAS/BTC,1607756757936,2020-12-12T07:05:57.936Z,sell,1.63e-05,56.32,0.000918016
NAS/BTC,1607756813824,2020-12-12T07:06:53.824Z,sell,1.63e-05,353.35,0.005759605
NAS/BTC,1607756900297,2020-12-12T07:08:20.297Z,sell,1.63e-05,33.4,0.00054442
NAS/BTC,1607756974786,2020-12-12T07:09:34.786Z,sell,1.63e-05,294.91,0.004807033
NAS/BTC,1607757055797,2020-12-12T07:10:55.797Z,sell,1.63e-05,135.98,0.002216474
NAS/BTC,1607757092614,2020-12-12T07:11:32.614Z,sell,1.63e-05,32.84,0.000535292
NAS/BTC,1607757115906,2020-12-12T07:11:55.906Z,sell,1.63e-05,937.6,0.01528288
NAS/BTC,1607757181664,2020-12-12T07:13:01.664Z,sell,1.63e-05,241.97,0.003944111
NAS/BTC,1607757229135,2020-12-12T07:13:49.135Z,sell,1.63e-05,181.04,0.0029509519999999
NAS/BTC,1607757280414,2020-12-12T07:14:40.414Z,sell,1.63e-05,268.54,0.004377202
NAS/BTC,1607757311098,2020-12-12T07:15:11.098Z,sell,1.63e-05,70.26,0.001145238
NAS/BTC,1607757367104,2020-12-12T07:16:07.104Z,sell,1.63e-05,262.94,0.004285922
NAS/BTC,1607757426095,2020-12-12T07:17:06.095Z,sell,1.63e-05,322.98,0.005264574
NAS/BTC,1607757472258,2020-12-12T07:17:52.258Z,sell,1.63e-05,221.35,0.003608005
NAS/BTC,1607757529539,2020-12-12T07:18:49.539Z,sell,1.63e-05,332.88,0.005425944
NAS/BTC,1607757604111,2020-12-12T07:20:04.111Z,sell,1.63e-05,240.4,0.00391852
NAS/BTC,1607757681111,2020-12-12T07:21:21.111Z,sell,1.63e-05,58.9,0.0009600699999999
NAS/BTC,1607757712938,2020-12-12T07:21:52.938Z,sell,1.63e-05,132.27,0.002156001
NAS/BTC,1607757777352,2020-12-12T07:22:57.352Z,sell,1.63e-05,70.13,0.001143119
NAS/BTC,1607757840731,2020-12-12T07:24:00.731Z,sell,1.63e-05,200.0,0.00326
NAS/BTC,1607757865598,2020-12-12T07:24:25.598Z,sell,1.63e-05,68.38,0.001114594
NAS/BTC,1607757908291,2020-12-12T07:25:08.291Z,sell,1.63e-05,240.61,0.003921943
NAS/BTC,1607757991947,2020-12-12T07:26:31.947Z,sell,1.63e-05,178.0,0.0029014
NAS/BTC,1607758028093,2020-12-12T07:27:08.093Z,sell,1.63e-05,308.83,0.0050339289999999
NAS/BTC,1607758069889,2020-12-12T07:27:49.889Z,sell,1.63e-05,289.51,0.004719013
NAS/BTC,1607758146091,2020-12-12T07:29:06.091Z,sell,1.63e-05,34.31,0.000559253
NAS/BTC,1607758205097,2020-12-12T07:30:05.097Z,sell,1.63e-05,295.21,0.0048119229999999
NAS/BTC,1607758250998,2020-12-12T07:30:50.998Z,sell,1.63e-05,236.25,0.003850875
NAS/BTC,1607758314559,2020-12-12T07:31:54.559Z,sell,1.63e-05,153.69,0.002505147
NAS/BTC,1607758363905,2020-12-12T07:32:43.905Z,sell,1.63e-05,304.34,0.004960742
NAS/BTC,1607758409155,2020-12-12T07:33:29.155Z,sell,1.63e-05,311.48,0.005077124
NAS/BTC,1607758463793,2020-12-12T07:34:23.793Z,sell,1.63e-05,214.35,0.003493905
NAS/BTC,1607758539375,2020-12-12T07:35:39.375Z,sell,1.63e-05,230.58,0.003758454
NAS/BTC,1607758579103,2020-12-12T07:36:19.103Z,sell,1.63e-05,260.66,0.004248758
NAS/BTC,1607758662217,2020-12-12T07:37:42.217Z,sell,1.63e-05,259.7,0.00423311
NAS/BTC,1607758714897,2020-12-12T07:38:34.897Z,sell,1.63e-05,176.08,0.002870104
NAS/BTC,1607758746086,2020-12-12T07:39:06.086Z,sell,1.63e-05,360.14,0.005870282
NAS/BTC,1607758801082,2020-12-12T07:40:01.082Z,sell,1.63e-05,214.43,0.003495209
NAS/BTC,1607758888116,2020-12-12T07:41:28.116Z,sell,1.63e-05,217.67,0.0035480209999999
NAS/BTC,1607758961765,2020-12-12T07:42:41.765Z,sell,1.63e-05,139.92,0.0022806959999999
NAS/BTC,1607759034770,2020-12-12T07:43:54.770Z,sell,1.63e-05,239.55,0.003904665
NAS/BTC,1607759102789,2020-12-12T07:45:02.789Z,sell,1.63e-05,262.95,0.0042860849999999
NAS/BTC,1607759113215,2020-12-12T07:45:13.215Z,buy,1.64e-05,3428.48,0.0562270719999999
NAS/BTC,1607759148875,2020-12-12T07:45:48.875Z,buy,1.64e-05,179.41,0.0029423239999999
NAS/BTC,1607759185638,2020-12-12T07:46:25.638Z,buy,1.64e-05,167.81,0.0027520839999999
NAS/BTC,1607759253724,2020-12-12T07:47:33.724Z,buy,1.64e-05,264.73,0.004341572
NAS/BTC,1607759322865,2020-12-12T07:48:42.865Z,buy,1.64e-05,338.85,0.00555714
NAS/BTC,1607759359601,2020-12-12T07:49:19.601Z,buy,1.64e-05,137.51,0.0022551639999999
NAS/BTC,1607759439154,2020-12-12T07:50:39.154Z,sell,1.63e-05,54.59,0.000889817
NAS/BTC,1607759510692,2020-12-12T07:51:50.692Z,buy,1.64e-05,210.72,0.003455808
NAS/BTC,1607759510692,2020-12-12T07:51:50.692Z,buy,1.64e-05,210.72,0.003455808
NAS/BTC,1607759583086,2020-12-12T07:53:03.086Z,buy,1.64e-05,353.89,0.0058037959999999
NAS/BTC,1607759648102,2020-12-12T07:54:08.102Z,sell,1.63e-05,42.47,0.000692261
NAS/BTC,1607759674100,2020-12-12T07:54:34.100Z,sell,1.63e-05,2774.81,0.045229403
NAS/BTC,1607759691086,2020-12-12T07:54:51.086Z,sell,1.63e-05,96.23,0.001568549
NAS/BTC,1607759772096,2020-12-12T07:56:12.096Z,sell,1.63e-05,90.92,0.001481996
NAS/BTC,1607759860533,2020-12-12T07:57:40.533Z,buy,1.64e-05,336.1,0.00551204
NAS/BTC,1607759928746,2020-12-12T07:58:48.746Z,sell,1.63e-05,48.34,0.000787942
NAS/BTC,1607759981436,2020-12-12T07:59:41.436Z,buy,1.64e-05,370.2,0.0060712799999999
NAS/BTC,1607760032316,2020-12-12T08:00:32.316Z,buy,1.64e-05,448.47,0.007354908
NAS/BTC,1607760063936,2020-12-12T08:01:03.936Z,sell,1.63e-05,780.76,0.012726388
NAS/BTC,1607760064159,2020-12-12T08:01:04.159Z,sell,1.63e-05,226.26,0.003688038
NAS/BTC,1607760064185,2020-12-12T08:01:04.185Z,sell,1.63e-05,735.47,0.011988161
NAS/BTC,1607760064394,2020-12-12T08:01:04.394Z,sell,1.63e-05,1468.98,0.023944374
NAS/BTC,1607760071248,2020-12-12T08:01:11.248Z,sell,1.63e-05,4480.0,0.073024
NAS/BTC,1607760086768,2020-12-12T08:01:26.768Z,sell,1.63e-05,4220.0,0.068786
NAS/BTC,1607760098932,2020-12-12T08:01:38.932Z,sell,1.63e-05,2600.0,0.04238
NAS/BTC,1607760113409,2020-12-12T08:01:53.409Z,sell,1.63e-05,302.9,0.00493727
NAS/BTC,1607760191594,2020-12-12T08:03:11.594Z,sell,1.63e-05,74.36,0.001212068
NAS/BTC,1607760231719,2020-12-12T08:03:51.719Z,sell,1.63e-05,469.07,0.007645841
NAS/BTC,1607760238421,2020-12-12T08:03:58.421Z,sell,1.63e-05,404.78,0.006597914
NAS/BTC,1607760303178,2020-12-12T08:05:03.178Z,sell,1.63e-05,201.49,0.003284287
NAS/BTC,1607760304302,2020-12-12T08:05:04.302Z,sell,1.63e-05,117.65,0.001917695
NAS/BTC,1607760308591,2020-12-12T08:05:08.591Z,sell,1.63e-05,329.95,0.005378185
NAS/BTC,1607760313502,2020-12-12T08:05:13.502Z,sell,1.63e-05,124.74,0.002033262
NAS/BTC,1607760385314,2020-12-12T08:06:25.314Z,sell,1.63e-05,430.37,0.007015031
NAS/BTC,1607760447625,2020-12-12T08:07:27.625Z,sell,1.63e-05,286.21,0.004665223
NAS/BTC,1607760519942,2020-12-12T08:08:39.942Z,sell,1.63e-05,484.78,0.007901914
NAS/BTC,1607760564372,2020-12-12T08:09:24.372Z,sell,1.63e-05,70.22,0.001144586
NAS/BTC,1607760572113,2020-12-12T08:09:32.113Z,sell,1.63e-05,243.97,0.003976711
NAS/BTC,1607760605089,2020-12-12T08:10:05.089Z,sell,1.63e-05,247.42,0.004032946
NAS/BTC,1607760692314,2020-12-12T08:11:32.314Z,sell,1.63e-05,302.07,0.004923741
NAS/BTC,1607760745300,2020-12-12T08:12:25.300Z,sell,1.63e-05,249.26,0.0040629379999999
NAS/BTC,1607760796605,2020-12-12T08:13:16.605Z,sell,1.63e-05,426.49,0.006951787
NAS/BTC,1607760845588,2020-12-12T08:14:05.588Z,sell,1.63e-05,79.15,0.001290145
NAS/BTC,1607760901588,2020-12-12T08:15:01.588Z,sell,1.63e-05,72.78,0.001186314
NAS/BTC,1607760975754,2020-12-12T08:16:15.754Z,buy,1.64e-05,165.55,0.00271502
NAS/BTC,1607760979813,2020-12-12T08:16:19.813Z,sell,1.63e-05,68.39,0.001114757
NAS/BTC,1607761018126,2020-12-12T08:16:58.126Z,sell,1.63e-05,536.01,0.008736963
NAS/BTC,1607761074827,2020-12-12T08:17:54.827Z,sell,1.63e-05,313.75,0.005114125
NAS/BTC,1607761141278,2020-12-12T08:19:01.278Z,sell,1.63e-05,548.38,0.008938594
NAS/BTC,1607761224625,2020-12-12T08:20:24.625Z,sell,1.63e-05,388.28,0.0063289639999999
NAS/BTC,1607761313891,2020-12-12T08:21:53.891Z,sell,1.63e-05,262.15,0.004273045
NAS/BTC,1607761369207,2020-12-12T08:22:49.207Z,sell,1.63e-05,70.84,0.001154692
NAS/BTC,1607761403609,2020-12-12T08:23:23.609Z,sell,1.63e-05,79.79,0.001300577
NAS/BTC,1607761437005,2020-12-12T08:23:57.005Z,sell,1.63e-05,503.17,0.008201671
NAS/BTC,1607761474276,2020-12-12T08:24:34.276Z,sell,1.63e-05,551.64,0.0089917319999999
NAS/BTC,1607761543526,2020-12-12T08:25:43.526Z,sell,1.63e-05,187.97,0.003063911
NAS/BTC,1607761632602,2020-12-12T08:27:12.602Z,sell,1.63e-05,407.63,0.006644369
NAS/BTC,1607761712700,2020-12-12T08:28:32.700Z,sell,1.63e-05,484.97,0.007905011
NAS/BTC,1607761758607,2020-12-12T08:29:18.607Z,sell,1.63e-05,78.58,0.0012808539999999
NAS/BTC,1607761800404,2020-12-12T08:30:00.404Z,sell,1.63e-05,198.72,0.003239136
NAS/BTC,1607761862601,2020-12-12T08:31:02.601Z,sell,1.63e-05,52.17,0.000850371
NAS/BTC,1607761939609,2020-12-12T08:32:19.609Z,sell,1.63e-05,445.85,0.007267355
NAS/BTC,1607762019557,2020-12-12T08:33:39.557Z,sell,1.63e-05,526.74,0.008585862
NAS/BTC,1607762103783,2020-12-12T08:35:03.783Z,sell,1.63e-05,425.26,0.006931738
NAS/BTC,1607762163586,2020-12-12T08:36:03.586Z,sell,1.63e-05,369.52,0.006023176
NAS/BTC,1607762244117,2020-12-12T08:37:24.117Z,sell,1.63e-05,544.71,0.008878773
NAS/BTC,1607762300112,2020-12-12T08:38:20.112Z,sell,1.63e-05,263.24,0.004290812
NAS/BTC,1607762372582,2020-12-12T08:39:32.582Z,sell,1.63e-05,460.19,0.007501097
NAS/BTC,1607762450781,2020-12-12T08:40:50.781Z,sell,1.63e-05,467.04,0.007612752
NAS/BTC,1607762485108,2020-12-12T08:41:25.108Z,sell,1.63e-05,474.64,0.0077366319999999
NAS/BTC,1607762553320,2020-12-12T08:42:33.320Z,sell,1.63e-05,41.48,0.000676124
NAS/BTC,1607762586091,2020-12-12T08:43:06.091Z,sell,1.63e-05,418.2,0.0068166599999999
NAS/BTC,1607762604889,2020-12-12T08:43:24.889Z,sell,1.63e-05,479.27,0.0078121009999999
NAS/BTC,1607762624774,2020-12-12T08:43:44.774Z,sell,1.63e-05,99.34,0.001619242
NAS/BTC,1607762679850,2020-12-12T08:44:39.850Z,sell,1.63e-05,199.0,0.0032437
NAS/BTC,1607762737304,2020-12-12T08:45:37.304Z,sell,1.63e-05,493.34,0.008041442
NAS/BTC,1607762807554,2020-12-12T08:46:47.554Z,sell,1.63e-05,323.88,0.005279244
NAS/BTC,1607762889642,2020-12-12T08:48:09.642Z,sell,1.63e-05,293.9,0.0047905699999999
NAS/BTC,1607762923465,2020-12-12T08:48:43.465Z,sell,1.63e-05,540.12,0.008803956
NAS/BTC,1607763006595,2020-12-12T08:50:06.595Z,sell,1.63e-05,88.23,0.001438149
NAS/BTC,1607763054587,2020-12-12T08:50:54.587Z,sell,1.63e-05,547.29,0.008920827
NAS/BTC,1607763054587,2020-12-12T08:50:54.587Z,sell,1.63e-05,547.29,0.008920827
NAS/BTC,1607763119029,2020-12-12T08:51:59.029Z,sell,1.63e-05,408.0,0.0066504
NAS/BTC,1607763151065,2020-12-12T08:52:31.065Z,sell,1.63e-05,70.87,0.001155181
NAS/BTC,1607763232085,2020-12-12T08:53:52.085Z,sell,1.63e-05,61.73,0.001006199
NAS/BTC,1607763307628,2020-12-12T08:55:07.628Z,sell,1.63e-05,374.59,0.0061058169999999
NAS/BTC,1607763347146,2020-12-12T08:55:47.146Z,sell,1.63e-05,190.82,0.003110366
NAS/BTC,1607763378111,2020-12-12T08:56:18.111Z,sell,1.63e-05,419.89,0.006844207
NAS/BTC,1607763421085,2020-12-12T08:57:01.085Z,sell,1.63e-05,263.35,0.004292605
NAS/BTC,1607763479878,2020-12-12T08:57:59.878Z,sell,1.63e-05,420.32,0.0068512159999999
NAS/BTC,1607763521060,2020-12-12T08:58:41.060Z,sell,1.63e-05,264.51,0.0043115129999999
NAS/BTC,1607763541431,2020-12-12T08:59:01.431Z,sell,1.63e-05,72.17,0.001176371
NAS/BTC,1607763557104,2020-12-12T08:59:17.104Z,sell,1.63e-05,525.24,0.008561412
NAS/BTC,1607763638195,2020-12-12T09:00:38.195Z,sell,1.63e-05,103.44,0.001686072
NAS/BTC,1607763722083,2020-12-12T09:02:02.083Z,sell,1.63e-05,403.69,0.006580147
NAS/BTC,1607763789089,2020-12-12T09:03:09.089Z,sell,1.63e-05,39.96,0.000651348
NAS/BTC,1607763823557,2020-12-12T09:03:43.557Z,sell,1.63e-05,190.18,0.003099934
NAS/BTC,1607763896686,2020-12-12T09:04:56.686Z,sell,1.63e-05,351.13,0.0057234189999999
NAS/BTC,1607763977597,2020-12-12T09:06:17.597Z,sell,1.63e-05,438.15,0.007141845
NAS/BTC,1607763992798,2020-12-12T09:06:32.798Z,sell,1.63e-05,359.45,0.0058590349999999
NAS/BTC,1607764022586,2020-12-12T09:07:02.586Z,sell,1.63e-05,384.05,0.006260015
NAS/BTC,1607764069141,2020-12-12T09:07:49.141Z,sell,1.63e-05,354.85,0.005784055
NAS/BTC,1607764122969,2020-12-12T09:08:42.969Z,sell,1.63e-05,348.0,0.0056724
NAS/BTC,1607764198968,2020-12-12T09:09:58.968Z,sell,1.63e-05,341.85,0.005572155
NAS/BTC,1607764234869,2020-12-12T09:10:34.869Z,sell,1.63e-05,200.0,0.00326
NAS/BTC,1607764277604,2020-12-12T09:11:17.604Z,sell,1.63e-05,269.24,0.004388612
NAS/BTC,1607764360083,2020-12-12T09:12:40.083Z,sell,1.63e-05,51.77,0.000843851
NAS/BTC,1607764445586,2020-12-12T09:14:05.586Z,sell,1.63e-05,42.12,0.000686556
NAS/BTC,1607764493944,2020-12-12T09:14:53.944Z,sell,1.63e-05,319.7,0.00521111
NAS/BTC,1607764516912,2020-12-12T09:15:16.912Z,sell,1.63e-05,17.8,0.00029014
NAS/BTC,1607764516940,2020-12-12T09:15:16.940Z,sell,1.63e-05,68.44,0.001115572
NAS/BTC,1607764516968,2020-12-12T09:15:16.968Z,sell,1.63e-05,159.01,0.002591863
NAS/BTC,1607764544128,2020-12-12T09:15:44.128Z,sell,1.63e-05,495.98,0.008084474
NAS/BTC,1607764604787,2020-12-12T09:16:44.787Z,sell,1.63e-05,417.35,0.006802805
NAS/BTC,1607764673229,2020-12-12T09:17:53.229Z,sell,1.63e-05,515.44,0.008401672
NAS/BTC,1607764737391,2020-12-12T09:18:57.391Z,sell,1.63e-05,200.0,0.00326
NAS/BTC,1607764738474,2020-12-12T09:18:58.474Z,sell,1.63e-05,200.0,0.00326
NAS/BTC,1607764738678,2020-12-12T09:18:58.678Z,sell,1.63e-05,248.06,0.004043378
NAS/BTC,1607764781803,2020-12-12T09:19:41.803Z,sell,1.63e-05,111.0,0.0018093
NAS/BTC,1607764806092,2020-12-12T09:20:06.092Z,sell,1.63e-05,55.8,0.0009095399999999
NAS/BTC,1607764853652,2020-12-12T09:20:53.652Z,sell,1.63e-05,530.5,0.00864715
NAS/BTC,1607764876192,2020-12-12T09:21:16.192Z,sell,1.63e-05,63.9,0.00104157
NAS/BTC,1607764876192,2020-12-12T09:21:16.192Z,sell,1.62e-05,850.98,0.013785876
NAS/BTC,1607764929598,2020-12-12T09:22:09.598Z,sell,1.63e-05,396.21,0.006458223
NAS/BTC,1607764976405,2020-12-12T09:22:56.405Z,buy,1.63e-05,530.89,0.008653507
NAS/BTC,1607765051607,2020-12-12T09:24:11.607Z,sell,1.63e-05,444.18,0.007240134
NAS/BTC,1607765136633,2020-12-12T09:25:36.633Z,sell,1.63e-05,244.37,0.003983231
NAS/BTC,1607765191404,2020-12-12T09:26:31.404Z,sell,1.63e-05,413.76,0.006744288
NAS/BTC,1607765222590,2020-12-12T09:27:02.590Z,sell,1.63e-05,541.02,0.008818626
NAS/BTC,1607765278815,2020-12-12T09:27:58.815Z,sell,1.63e-05,204.3,0.00333009
NAS/BTC,1607765342088,2020-12-12T09:29:02.088Z,sell,1.63e-05,423.1,0.00689653
NAS/BTC,1607765414599,2020-12-12T09:30:14.599Z,sell,1.63e-05,254.72,0.004151936
NAS/BTC,1607765457719,2020-12-12T09:30:57.719Z,sell,1.63e-05,193.68,0.003156984
NAS/BTC,1607765500222,2020-12-12T09:31:40.222Z,sell,1.63e-05,266.45,0.004343135
NAS/BTC,1607765537607,2020-12-12T09:32:17.607Z,sell,1.63e-05,426.34,0.006949342
NAS/BTC,1607765612739,2020-12-12T09:33:32.739Z,sell,1.63e-05,326.17,0.005316571
NAS/BTC,1607765680850,2020-12-12T09:34:40.850Z,sell,1.63e-05,360.78,0.0058807139999999
NAS/BTC,1607765725102,2020-12-12T09:35:25.102Z,sell,1.63e-05,331.24,0.005399212
NAS/BTC,1607765792684,2020-12-12T09:36:32.684Z,buy,1.63e-05,229.36,0.003738568
NAS/BTC,1607765838101,2020-12-12T09:37:18.101Z,buy,1.63e-05,189.14,0.0030829819999999
NAS/BTC,1607765879868,2020-12-12T09:37:59.868Z,buy,1.63e-05,372.29,0.006068327
NAS/BTC,1607765919109,2020-12-12T09:38:39.109Z,buy,1.63e-05,438.4,0.0071459199999999
NAS/BTC,1607765948558,2020-12-12T09:39:08.558Z,buy,1.64e-05,60.97,0.0009999079999999
NAS/BTC,1607765985439,2020-12-12T09:39:45.439Z,buy,1.63e-05,446.95,0.007285285
NAS/BTC,1607766056057,2020-12-12T09:40:56.057Z,sell,1.63e-05,255.72,0.004168236
NAS/BTC,1607766056067,2020-12-12T09:40:56.067Z,sell,1.62e-05,166.95,0.0027045899999999
NAS/BTC,1607766105975,2020-12-12T09:41:45.975Z,buy,1.63e-05,86.95,0.001417285
NAS/BTC,1607766173940,2020-12-12T09:42:53.940Z,buy,1.63e-05,48.01,0.000782563
NAS/BTC,1607766173941,2020-12-12T09:42:53.941Z,sell,1.63e-05,293.41,0.004782583
NAS/BTC,1607766212684,2020-12-12T09:43:32.684Z,buy,1.63e-05,48.01,0.000782563
NAS/BTC,1607766212684,2020-12-12T09:43:32.684Z,sell,1.63e-05,20.89,0.000340507
NAS/BTC,1607766297622,2020-12-12T09:44:57.622Z,buy,1.63e-05,48.01,0.000782563
NAS/BTC,1607766297626,2020-12-12T09:44:57.626Z,sell,1.63e-05,473.89,0.007724407
NAS/BTC,1607766370594,2020-12-12T09:46:10.594Z,buy,1.63e-05,48.01,0.000782563
NAS/BTC,1607766370595,2020-12-12T09:46:10.595Z,sell,1.63e-05,497.32,0.008106316
NAS/BTC,1607766386107,2020-12-12T09:46:26.107Z,buy,1.63e-05,48.01,0.000782563
NAS/BTC,1607766386107,2020-12-12T09:46:26.107Z,buy,1.64e-05,872.24,0.0143047359999999
NAS/BTC,1607766427782,2020-12-12T09:47:07.782Z,buy,1.63e-05,539.03,0.008786189
NAS/BTC,1607766497106,2020-12-12T09:48:17.106Z,sell,1.63e-05,510.51,0.008321313
NAS/BTC,1607766574666,2020-12-12T09:49:34.666Z,buy,1.63e-05,272.69,0.004444847
NAS/BTC,1607766650619,2020-12-12T09:50:50.619Z,buy,1.63e-05,323.31,0.005269953
NAS/BTC,1607766650619,2020-12-12T09:50:50.619Z,buy,1.63e-05,323.31,0.005269953
NAS/BTC,1607766739308,2020-12-12T09:52:19.308Z,buy,1.63e-05,344.43,0.005614209
NAS/BTC,1607766794103,2020-12-12T09:53:14.103Z,buy,1.63e-05,533.47,0.008695561
NAS/BTC,1607766865133,2020-12-12T09:54:25.133Z,sell,1.63e-05,60.89,0.000992507
NAS/BTC,1607766865187,2020-12-12T09:54:25.187Z,sell,1.63e-05,304.64,0.0049656319999999
NAS/BTC,1607766921120,2020-12-12T09:55:21.120Z,buy,1.63e-05,99.48,0.001621524
NAS/BTC,1607766969092,2020-12-12T09:56:09.092Z,buy,1.63e-05,60.89,0.000992507
NAS/BTC,1607766969286,2020-12-12T09:56:09.286Z,sell,1.63e-05,188.97,0.003080211
NAS/BTC,1607766969332,2020-12-12T09:56:09.332Z,sell,1.62e-05,188.97,0.003061314
NAS/BTC,1607767036607,2020-12-12T09:57:16.607Z,buy,1.63e-05,60.89,0.000992507
NAS/BTC,1607767036625,2020-12-12T09:57:16.625Z,sell,1.63e-05,200.0,0.00326
NAS/BTC,1607767036773,2020-12-12T09:57:16.773Z,sell,1.63e-05,89.95,0.001466185
NAS/BTC,1607767036803,2020-12-12T09:57:16.803Z,sell,1.63e-05,57.62,0.0009392059999999
NAS/BTC,1607767102118,2020-12-12T09:58:22.118Z,buy,1.63e-05,92.2,0.00150286
NAS/BTC,1607767158103,2020-12-12T09:59:18.103Z,buy,1.63e-05,468.53,0.0076370389999999
NAS/BTC,1607767211311,2020-12-12T10:00:11.311Z,buy,1.63e-05,492.38,0.008025794
NAS/BTC,1607767243462,2020-12-12T10:00:43.462Z,buy,1.63e-05,350.84,0.0057186919999999
NAS/BTC,1607767243466,2020-12-12T10:00:43.466Z,sell,1.63e-05,187.37,0.003054131
NAS/BTC,1607767305020,2020-12-12T10:01:45.020Z,buy,1.63e-05,102.4,0.00166912
NAS/BTC,1607767390789,2020-12-12T10:03:10.789Z,buy,1.63e-05,109.79,0.001789577
NAS/BTC,1607767458298,2020-12-12T10:04:18.298Z,buy,1.63e-05,534.26,0.0087084379999999
NAS/BTC,1607767495866,2020-12-12T10:04:55.866Z,buy,1.63e-05,251.86,0.004105318
NAS/BTC,1607767528618,2020-12-12T10:05:28.618Z,buy,1.63e-05,379.68,0.006188784
NAS/BTC,1607767585114,2020-12-12T10:06:25.114Z,buy,1.63e-05,242.07,0.003945741
NAS/BTC,1607767595787,2020-12-12T10:06:35.787Z,buy,1.63e-05,80.32,0.0013092159999999
NAS/BTC,1607767597270,2020-12-12T10:06:37.270Z,buy,1.63e-05,161.11,0.002626093
NAS/BTC,1607767662738,2020-12-12T10:07:42.738Z,buy,1.63e-05,91.42,0.001490146
NAS/BTC,1607767729001,2020-12-12T10:08:49.001Z,buy,1.63e-05,516.31,0.008415853
NAS/BTC,1607767773328,2020-12-12T10:09:33.328Z,buy,1.63e-05,109.41,0.001783383
NAS/BTC,1607767773341,2020-12-12T10:09:33.341Z,sell,1.63e-05,46.6,0.00075958
NAS/BTC,1607767773346,2020-12-12T10:09:33.346Z,sell,1.63e-05,47.03,0.000766589
NAS/BTC,1607767816100,2020-12-12T10:10:16.100Z,buy,1.63e-05,156.01,0.0025429629999999
NAS/BTC,1607767816103,2020-12-12T10:10:16.103Z,sell,1.63e-05,325.78,0.005310214
NAS/BTC,1607767875605,2020-12-12T10:11:15.605Z,buy,1.63e-05,106.39,0.001734157
NAS/BTC,1607767917520,2020-12-12T10:11:57.520Z,buy,1.63e-05,156.01,0.0025429629999999
NAS/BTC,1607767917523,2020-12-12T10:11:57.523Z,sell,1.63e-05,325.76,0.005309888
NAS/BTC,1607767978960,2020-12-12T10:12:58.960Z,buy,1.63e-05,46.98,0.000765774
NAS/BTC,1607768032786,2020-12-12T10:13:52.786Z,buy,1.63e-05,51.92,0.000846296
NAS/BTC,1607768116110,2020-12-12T10:15:16.110Z,buy,1.63e-05,90.75,0.001479225
NAS/BTC,1607768193553,2020-12-12T10:16:33.553Z,buy,1.63e-05,156.01,0.0025429629999999
NAS/BTC,1607768193556,2020-12-12T10:16:33.556Z,sell,1.63e-05,205.55,0.003350465
NAS/BTC,1607768279768,2020-12-12T10:17:59.768Z,buy,1.63e-05,376.84,0.0061424919999999
NAS/BTC,1607768333216,2020-12-12T10:18:53.216Z,buy,1.63e-05,156.01,0.0025429629999999
NAS/BTC,1607768333220,2020-12-12T10:18:53.220Z,sell,1.63e-05,277.34,0.0045206419999999
NAS/BTC,1607768382502,2020-12-12T10:19:42.502Z,buy,1.63e-05,273.52,0.004458376
NAS/BTC,1607768469605,2020-12-12T10:21:09.605Z,buy,1.63e-05,522.83,0.008522129
NAS/BTC,1607768515261,2020-12-12T10:21:55.261Z,buy,1.63e-05,140.0,0.002282
NAS/BTC,1607768542102,2020-12-12T10:22:22.102Z,buy,1.63e-05,321.96,0.005247948
NAS/BTC,1607768607614,2020-12-12T10:23:27.614Z,buy,1.63e-05,58.42,0.000952246
NAS/BTC,1607768660110,2020-12-12T10:24:20.110Z,buy,1.63e-05,97.73,0.001592999
NAS/BTC,1607768697754,2020-12-12T10:24:57.754Z,buy,1.63e-05,16.01,0.000260963
NAS/BTC,1607768697759,2020-12-12T10:24:57.759Z,sell,1.63e-05,49.2,0.00080196
NAS/BTC,1607768785613,2020-12-12T10:26:25.613Z,buy,1.63e-05,16.01,0.000260963
NAS/BTC,1607768785614,2020-12-12T10:26:25.614Z,sell,1.63e-05,91.06,0.001484278
NAS/BTC,1607768844707,2020-12-12T10:27:24.707Z,sell,1.62e-05,829.91,0.013444542
NAS/BTC,1607768845115,2020-12-12T10:27:25.115Z,buy,1.63e-05,16.01,0.000260963
NAS/BTC,1607768845117,2020-12-12T10:27:25.117Z,sell,1.63e-05,208.77,0.003402951
NAS/BTC,1607768920032,2020-12-12T10:28:40.032Z,buy,1.63e-05,437.28,0.007127664
NAS/BTC,1607768969947,2020-12-12T10:29:29.947Z,buy,1.63e-05,16.01,0.000260963
NAS/BTC,1607768999146,2020-12-12T10:29:59.146Z,buy,1.63e-05,402.15,0.006555045
NAS/BTC,1607769066593,2020-12-12T10:31:06.593Z,buy,1.63e-05,478.79,0.007804277
NAS/BTC,1607769129092,2020-12-12T10:32:09.092Z,sell,1.63e-05,424.57,0.006920491
NAS/BTC,1607769200109,2020-12-12T10:33:20.109Z,sell,1.63e-05,459.9,0.00749637
NAS/BTC,1607769250097,2020-12-12T10:34:10.097Z,sell,1.63e-05,212.78,0.003468314
NAS/BTC,1607769307094,2020-12-12T10:35:07.094Z,sell,1.63e-05,419.28,0.006834264
NAS/BTC,1607769389876,2020-12-12T10:36:29.876Z,sell,1.63e-05,252.97,0.004123411
NAS/BTC,1607769436601,2020-12-12T10:37:16.601Z,sell,1.63e-05,222.15,0.003621045
NAS/BTC,1607769470307,2020-12-12T10:37:50.307Z,sell,1.63e-05,494.4,0.00805872
NAS/BTC,1607769534917,2020-12-12T10:38:54.917Z,sell,1.63e-05,354.4,0.00577672
NAS/BTC,1607769556236,2020-12-12T10:39:16.236Z,buy,1.64e-05,123.77,0.0020298279999999
NAS/BTC,1607769565614,2020-12-12T10:39:25.614Z,sell,1.63e-05,315.18,0.005137434
NAS/BTC,1607769651377,2020-12-12T10:40:51.377Z,sell,1.63e-05,390.24,0.006360912
NAS/BTC,1607769709273,2020-12-12T10:41:49.273Z,sell,1.63e-05,374.99,0.006112337
NAS/BTC,1607769741602,2020-12-12T10:42:21.602Z,sell,1.63e-05,445.41,0.007260183
NAS/BTC,1607769804601,2020-12-12T10:43:24.601Z,sell,1.63e-05,263.35,0.004292605
NAS/BTC,1607769845588,2020-12-12T10:44:05.588Z,sell,1.63e-05,218.99,0.003569537
NAS/BTC,1607769926109,2020-12-12T10:45:26.109Z,buy,1.63e-05,200.17,0.003262771
NAS/BTC,1607769957026,2020-12-12T10:45:57.026Z,buy,1.63e-05,506.89,0.008262307
NAS/BTC,1607770010652,2020-12-12T10:46:50.652Z,buy,1.63e-05,281.49,0.004588287
NAS/BTC,1607770063117,2020-12-12T10:47:43.117Z,sell,1.63e-05,276.76,0.004511188
NAS/BTC,1607770089351,2020-12-12T10:48:09.351Z,buy,1.64e-05,6.16,0.000101024
NAS/BTC,1607770146089,2020-12-12T10:49:06.089Z,sell,1.63e-05,6.14,0.000100082
NAS/BTC,1607770146094,2020-12-12T10:49:06.094Z,buy,1.63e-05,88.12,0.001436356
NAS/BTC,1607770235328,2020-12-12T10:50:35.328Z,sell,1.63e-05,6.14,0.000100082
NAS/BTC,1607770235331,2020-12-12T10:50:35.331Z,buy,1.63e-05,543.42,0.008857746
NAS/BTC,1607770235331,2020-12-12T10:50:35.331Z,buy,1.63e-05,543.42,0.008857746
NAS/BTC,1607770288550,2020-12-12T10:51:28.550Z,sell,1.63e-05,6.14,0.000100082
NAS/BTC,1607770288553,2020-12-12T10:51:28.553Z,buy,1.63e-05,43.73,0.000712799
NAS/BTC,1607770329090,2020-12-12T10:52:09.090Z,sell,1.63e-05,441.38,0.007194494
NAS/BTC,1607770396606,2020-12-12T10:53:16.606Z,sell,1.63e-05,446.19,0.0072728969999999
NAS/BTC,1607770463114,2020-12-12T10:54:23.114Z,sell,1.63e-05,6.14,0.000100082
