symbol,timestamp,datetime,side,price,amount,btc_volume
NAV/BTC,1607454147178,2020-12-08T19:02:27.178Z,buy,6.35e-06,6535.0,0.04149725
NAV/BTC,1607454249736,2020-12-08T19:04:09.736Z,buy,6.35e-06,3453.0,0.02192655
NAV/BTC,1607454529622,2020-12-08T19:08:49.622Z,buy,6.36e-06,138.0,0.00087768
NAV/BTC,1607454630845,2020-12-08T19:10:30.845Z,sell,6.36e-06,148.0,0.00094128
NAV/BTC,1607454701764,2020-12-08T19:11:41.764Z,sell,6.35e-06,3206.0,0.0203581
NAV/BTC,1607457246915,2020-12-08T19:54:06.915Z,buy,6.36e-06,4716.0,0.02999376
NAV/BTC,1607457249805,2020-12-08T19:54:09.805Z,sell,6.33e-06,29.0,0.00018357
NAV/BTC,1607457249805,2020-12-08T19:54:09.805Z,sell,6.33e-06,29.0,0.00018357
NAV/BTC,1607457855152,2020-12-08T20:04:15.152Z,sell,6.33e-06,42.0,0.00026586
NAV/BTC,1607458460649,2020-12-08T20:14:20.649Z,buy,6.32e-06,198.0,0.00125136
NAV/BTC,1607458460649,2020-12-08T20:14:20.649Z,buy,6.33e-06,24037.0,0.15215421
NAV/BTC,1607458460649,2020-12-08T20:14:20.649Z,buy,6.34e-06,6246.0,0.03959964
NAV/BTC,1607459110419,2020-12-08T20:25:10.419Z,buy,6.36e-06,55.0,0.0003498
NAV/BTC,1607459137053,2020-12-08T20:25:37.053Z,buy,6.37e-06,164.0,0.00104468
NAV/BTC,1607459137053,2020-12-08T20:25:37.053Z,buy,6.38e-06,206.0,0.00131428
NAV/BTC,1607459137053,2020-12-08T20:25:37.053Z,buy,6.39e-06,71.0,0.00045369
NAV/BTC,1607459137053,2020-12-08T20:25:37.053Z,buy,6.4e-06,2464.0,0.0157695999999999
NAV/BTC,1607459147543,2020-12-08T20:25:47.543Z,sell,6.4e-06,327.0,0.0020927999999999
NAV/BTC,1607459150098,2020-12-08T20:25:50.098Z,buy,6.42e-06,30.0,0.0001926
NAV/BTC,1607459150098,2020-12-08T20:25:50.098Z,buy,6.43e-06,193.0,0.00124099
NAV/BTC,1607459150098,2020-12-08T20:25:50.098Z,buy,6.44e-06,475.0,0.003059
NAV/BTC,1607459150098,2020-12-08T20:25:50.098Z,buy,6.45e-06,8087.0,0.05216115
NAV/BTC,1607459150161,2020-12-08T20:25:50.161Z,sell,6.45e-06,4640.0,0.029928
NAV/BTC,1607459156054,2020-12-08T20:25:56.054Z,sell,6.41e-06,1454.0,0.00932014
NAV/BTC,1607459156054,2020-12-08T20:25:56.054Z,sell,6.41e-06,106.0,0.00067946
NAV/BTC,1607459156054,2020-12-08T20:25:56.054Z,sell,6.4e-06,1278.0,0.0081792
NAV/BTC,1607459156054,2020-12-08T20:25:56.054Z,sell,6.39e-06,55.0,0.00035145
NAV/BTC,1607459156054,2020-12-08T20:25:56.054Z,sell,6.37e-06,816.0,0.00519792
NAV/BTC,1607459252723,2020-12-08T20:27:32.723Z,buy,6.42e-06,20.0,0.0001284
NAV/BTC,1607459252810,2020-12-08T20:27:32.810Z,sell,6.42e-06,2369.0,0.01520898
NAV/BTC,1607459252921,2020-12-08T20:27:32.921Z,sell,6.42e-06,1184.0,0.00760128
NAV/BTC,1607459253609,2020-12-08T20:27:33.609Z,sell,6.42e-06,589.0,0.00378138
NAV/BTC,1607459253716,2020-12-08T20:27:33.716Z,sell,6.42e-06,294.0,0.00188748
NAV/BTC,1607459253826,2020-12-08T20:27:33.826Z,sell,6.42e-06,74.0,0.00047508
NAV/BTC,1607459253896,2020-12-08T20:27:33.896Z,sell,6.42e-06,184.0,0.00118128
NAV/BTC,1607459253998,2020-12-08T20:27:33.998Z,sell,6.42e-06,1417.0,0.00909714
NAV/BTC,1607459265975,2020-12-08T20:27:45.975Z,buy,6.43e-06,55.0,0.00035365
NAV/BTC,1607459266014,2020-12-08T20:27:46.014Z,sell,6.43e-06,752.0,0.00483536
NAV/BTC,1607459266313,2020-12-08T20:27:46.313Z,sell,6.43e-06,375.0,0.00241125
NAV/BTC,1607459266322,2020-12-08T20:27:46.322Z,sell,6.43e-06,827.0,0.00531761
NAV/BTC,1607459266417,2020-12-08T20:27:46.417Z,sell,6.43e-06,601.0,0.00386443
NAV/BTC,1607459266912,2020-12-08T20:27:46.912Z,sell,6.43e-06,299.0,0.00192257
NAV/BTC,1607459276231,2020-12-08T20:27:56.231Z,buy,6.45e-06,143.0,0.00092235
NAV/BTC,1607459276247,2020-12-08T20:27:56.247Z,sell,6.45e-06,210.0,0.0013545
NAV/BTC,1607459282244,2020-12-08T20:28:02.244Z,sell,6.45e-06,816.0,0.0052632
NAV/BTC,1607459282262,2020-12-08T20:28:02.262Z,sell,6.45e-06,508.0,0.0032766
NAV/BTC,1607459282524,2020-12-08T20:28:02.524Z,sell,6.45e-06,253.0,0.00163185
NAV/BTC,1607459282946,2020-12-08T20:28:02.946Z,sell,6.45e-06,16.0,0.0001032
NAV/BTC,1607459284257,2020-12-08T20:28:04.257Z,sell,6.45e-06,159.0,0.00102555
NAV/BTC,1607459284269,2020-12-08T20:28:04.269Z,sell,6.45e-06,212.0,0.0013674
NAV/BTC,1607459284666,2020-12-08T20:28:04.666Z,sell,6.45e-06,63.0,0.00040635
NAV/BTC,1607459285788,2020-12-08T20:28:05.788Z,sell,6.45e-06,159.0,0.00102555
NAV/BTC,1607459285805,2020-12-08T20:28:05.805Z,sell,6.45e-06,216.0,0.0013932
NAV/BTC,1607459288440,2020-12-08T20:28:08.440Z,sell,6.45e-06,113.0,0.00072885
NAV/BTC,1607459288452,2020-12-08T20:28:08.452Z,sell,6.45e-06,162.0,0.0010449
NAV/BTC,1607459290348,2020-12-08T20:28:10.348Z,sell,6.45e-06,402.0,0.0025929
NAV/BTC,1607459290630,2020-12-08T20:28:10.630Z,sell,6.43e-06,280.0,0.0018004
NAV/BTC,1607459327275,2020-12-08T20:28:47.275Z,sell,6.43e-06,226.0,0.00145318
NAV/BTC,1607459327292,2020-12-08T20:28:47.292Z,sell,6.43e-06,216.0,0.00138888
NAV/BTC,1607459347924,2020-12-08T20:29:07.924Z,buy,6.46e-06,55.0,0.0003553
NAV/BTC,1607459347924,2020-12-08T20:29:07.924Z,buy,6.47e-06,613.0,0.00396611
NAV/BTC,1607459347924,2020-12-08T20:29:07.924Z,buy,6.48e-06,1498.0,0.00970704
NAV/BTC,1607459347924,2020-12-08T20:29:07.924Z,buy,6.49e-06,401.0,0.00260249
NAV/BTC,1607459347924,2020-12-08T20:29:07.924Z,buy,6.5e-06,7653.0,0.0497445
NAV/BTC,1607459356969,2020-12-08T20:29:16.969Z,sell,6.46e-06,55.0,0.0003553
NAV/BTC,1607459408228,2020-12-08T20:30:08.228Z,buy,6.46e-06,81.0,0.00052326
NAV/BTC,1607459408323,2020-12-08T20:30:08.323Z,buy,6.49e-06,55.0,0.00035695
NAV/BTC,1607459408323,2020-12-08T20:30:08.323Z,buy,6.5e-06,437.0,0.0028404999999999
NAV/BTC,1607459408323,2020-12-08T20:30:08.323Z,buy,6.51e-06,901.0,0.00586551
NAV/BTC,1607459431865,2020-12-08T20:30:31.865Z,buy,6.51e-06,1436.0,0.00934836
NAV/BTC,1607459437894,2020-12-08T20:30:37.894Z,sell,6.51e-06,3108.0,0.02023308
NAV/BTC,1607459439863,2020-12-08T20:30:39.863Z,sell,6.46e-06,55.0,0.0003553
NAV/BTC,1607459439863,2020-12-08T20:30:39.863Z,sell,6.45e-06,19.0,0.00012255
NAV/BTC,1607459445533,2020-12-08T20:30:45.533Z,sell,6.45e-06,900.0,0.005805
NAV/BTC,1607459446406,2020-12-08T20:30:46.406Z,sell,6.45e-06,553.0,0.00356685
NAV/BTC,1607459446502,2020-12-08T20:30:46.502Z,buy,6.45e-06,76.0,0.0004902
NAV/BTC,1607459455922,2020-12-08T20:30:55.922Z,buy,6.49e-06,438.0,0.0028426199999999
NAV/BTC,1607459462397,2020-12-08T20:31:02.397Z,sell,6.46e-06,55.0,0.0003553
NAV/BTC,1607459481632,2020-12-08T20:31:21.632Z,buy,6.45e-06,259.0,0.00167055
NAV/BTC,1607459511139,2020-12-08T20:31:51.139Z,sell,6.44e-06,257.0,0.00165508
NAV/BTC,1607459511139,2020-12-08T20:31:51.139Z,sell,6.43e-06,36.0,0.00023148
NAV/BTC,1607459511139,2020-12-08T20:31:51.139Z,sell,6.43e-06,63.0,0.00040509
NAV/BTC,1607459554995,2020-12-08T20:32:34.995Z,buy,6.47e-06,717.0,0.00463899
NAV/BTC,1607459671363,2020-12-08T20:34:31.363Z,sell,6.43e-06,55.0,0.00035365
NAV/BTC,1607459708874,2020-12-08T20:35:08.874Z,sell,6.4e-06,1484.0,0.0094976
NAV/BTC,1607459708932,2020-12-08T20:35:08.932Z,buy,6.4e-06,523.0,0.0033472
NAV/BTC,1607459772120,2020-12-08T20:36:12.120Z,sell,6.4e-06,408.0,0.0026111999999999
NAV/BTC,1607459772168,2020-12-08T20:36:12.168Z,buy,6.4e-06,228.0,0.0014592
NAV/BTC,1607459772178,2020-12-08T20:36:12.178Z,buy,6.4e-06,364.0,0.0023296
NAV/BTC,1607459887124,2020-12-08T20:38:07.124Z,buy,6.44e-06,1106.0,0.00712264
NAV/BTC,1607459905017,2020-12-08T20:38:25.017Z,buy,6.44e-06,650.0,0.004186
NAV/BTC,1607459939978,2020-12-08T20:38:59.978Z,buy,6.46e-06,55.0,0.0003553
NAV/BTC,1607459939978,2020-12-08T20:38:59.978Z,buy,6.47e-06,16.0,0.00010352
NAV/BTC,1607459966014,2020-12-08T20:39:26.014Z,sell,6.43e-06,18.0,0.00011574
NAV/BTC,1607460031302,2020-12-08T20:40:31.302Z,sell,6.43e-06,18.0,0.00011574
NAV/BTC,1607460133139,2020-12-08T20:42:13.139Z,sell,6.43e-06,19.0,0.00012217
NAV/BTC,1607460133139,2020-12-08T20:42:13.139Z,sell,6.42e-06,129.0,0.00082818
NAV/BTC,1607460369335,2020-12-08T20:46:09.335Z,buy,6.46e-06,55.0,0.0003553
NAV/BTC,1607460369335,2020-12-08T20:46:09.335Z,buy,6.47e-06,84.0,0.0005434799999999
NAV/BTC,1607460369335,2020-12-08T20:46:09.335Z,buy,6.48e-06,119.0,0.0007711199999999
NAV/BTC,1607460386406,2020-12-08T20:46:26.406Z,sell,6.43e-06,55.0,0.00035365
NAV/BTC,1607460386406,2020-12-08T20:46:26.406Z,sell,6.41e-06,332.0,0.00212812
NAV/BTC,1607460386406,2020-12-08T20:46:26.406Z,sell,6.4e-06,444.0,0.0028415999999999
NAV/BTC,1607460386406,2020-12-08T20:46:26.406Z,sell,6.39e-06,55.0,0.00035145
NAV/BTC,1607460386406,2020-12-08T20:46:26.406Z,sell,6.38e-06,511.0,0.00326018
NAV/BTC,1607460386406,2020-12-08T20:46:26.406Z,sell,6.37e-06,2819.0,0.01795703
NAV/BTC,1607460396866,2020-12-08T20:46:36.866Z,sell,6.38e-06,1504.0,0.00959552
NAV/BTC,1607460396866,2020-12-08T20:46:36.866Z,sell,6.37e-06,494.0,0.00314678
NAV/BTC,1607460396967,2020-12-08T20:46:36.967Z,buy,6.37e-06,2714.0,0.01728818
NAV/BTC,1607460398388,2020-12-08T20:46:38.388Z,buy,6.44e-06,74.0,0.00047656
NAV/BTC,1607460720951,2020-12-08T20:52:00.951Z,sell,6.39e-06,315.0,0.00201285
NAV/BTC,1607460720951,2020-12-08T20:52:00.951Z,sell,6.39e-06,315.0,0.00201285
NAV/BTC,1607461206383,2020-12-08T21:00:06.383Z,sell,6.39e-06,2.0,1.278e-05
NAV/BTC,1607461655495,2020-12-08T21:07:35.495Z,buy,6.41e-06,62.0,0.00039742
NAV/BTC,1607461811875,2020-12-08T21:10:11.875Z,buy,6.4e-06,1504.0,0.0096256
NAV/BTC,1607461811875,2020-12-08T21:10:11.875Z,buy,6.41e-06,286.0,0.00183326
NAV/BTC,1607461811875,2020-12-08T21:10:11.875Z,buy,6.43e-06,55.0,0.00035365
NAV/BTC,1607461811875,2020-12-08T21:10:11.875Z,buy,6.45e-06,203.0,0.00130935
NAV/BTC,1607461811875,2020-12-08T21:10:11.875Z,buy,6.46e-06,55.0,0.0003553
NAV/BTC,1607461811875,2020-12-08T21:10:11.875Z,buy,6.48e-06,320.0,0.0020736
NAV/BTC,1607461811875,2020-12-08T21:10:11.875Z,buy,6.49e-06,55.0,0.00035695
NAV/BTC,1607461811875,2020-12-08T21:10:11.875Z,buy,6.51e-06,129.0,0.00083979
NAV/BTC,1607461811875,2020-12-08T21:10:11.875Z,buy,6.52e-06,4239.0,0.02763828
NAV/BTC,1607461815504,2020-12-08T21:10:15.504Z,sell,6.49e-06,55.0,0.00035695
NAV/BTC,1607461839951,2020-12-08T21:10:39.951Z,sell,6.46e-06,55.0,0.0003553
NAV/BTC,1607461840184,2020-12-08T21:10:40.184Z,buy,6.46e-06,55.0,0.0003553
NAV/BTC,1607461885704,2020-12-08T21:11:25.704Z,sell,6.45e-06,198.0,0.0012771
NAV/BTC,1607462206106,2020-12-08T21:16:46.106Z,buy,6.45e-06,16.0,0.0001032
NAV/BTC,1607462208913,2020-12-08T21:16:48.913Z,buy,6.48e-06,16.0,0.00010368
NAV/BTC,1607462208913,2020-12-08T21:16:48.913Z,buy,6.49e-06,84.0,0.0005451599999999
NAV/BTC,1607462257439,2020-12-08T21:17:37.439Z,sell,6.46e-06,55.0,0.0003553
NAV/BTC,1607462340214,2020-12-08T21:19:00.214Z,buy,6.46e-06,1416.0,0.00914736
NAV/BTC,1607462667485,2020-12-08T21:24:27.485Z,sell,6.46e-06,22.0,0.00014212
NAV/BTC,1607463034060,2020-12-08T21:30:34.060Z,sell,6.47e-06,62.0,0.0004011399999999
NAV/BTC,1607463067965,2020-12-08T21:31:07.965Z,sell,6.47e-06,16.0,0.00010352
NAV/BTC,1607463219836,2020-12-08T21:33:39.836Z,buy,6.49e-06,439.0,0.0028491099999999
NAV/BTC,1607463441552,2020-12-08T21:37:21.552Z,sell,6.47e-06,274.0,0.00177278
NAV/BTC,1607463680149,2020-12-08T21:41:20.149Z,sell,6.47e-06,336.0,0.0021739199999999
NAV/BTC,1607463680149,2020-12-08T21:41:20.149Z,sell,6.46e-06,2611.0,0.01686706
NAV/BTC,1607463770675,2020-12-08T21:42:50.675Z,buy,6.48e-06,24.0,0.00015552
NAV/BTC,1607464062941,2020-12-08T21:47:42.941Z,sell,6.47e-06,317.0,0.00205099
NAV/BTC,1607464062941,2020-12-08T21:47:42.941Z,sell,6.46e-06,4249.0,0.02744854
NAV/BTC,1607464069337,2020-12-08T21:47:49.337Z,sell,6.46e-06,2224.0,0.01436704
NAV/BTC,1607464070036,2020-12-08T21:47:50.036Z,sell,6.46e-06,1105.0,0.0071383
NAV/BTC,1607464070044,2020-12-08T21:47:50.044Z,sell,6.46e-06,827.0,0.00534242
NAV/BTC,1607464074909,2020-12-08T21:47:54.909Z,sell,6.46e-06,55.0,0.0003553
NAV/BTC,1607464077734,2020-12-08T21:47:57.734Z,sell,6.44e-06,432.0,0.00278208
NAV/BTC,1607464077734,2020-12-08T21:47:57.734Z,sell,6.44e-06,432.0,0.00278208
NAV/BTC,1607464356629,2020-12-08T21:52:36.629Z,buy,6.48e-06,59.0,0.00038232
NAV/BTC,1607465169744,2020-12-08T22:06:09.744Z,sell,6.43e-06,6125.0,0.03938375
NAV/BTC,1607465169744,2020-12-08T22:06:09.744Z,sell,6.41e-06,331.0,0.0021217099999999
NAV/BTC,1607465170230,2020-12-08T22:06:10.230Z,buy,6.41e-06,827.0,0.00530107
NAV/BTC,1607465233564,2020-12-08T22:07:13.564Z,sell,6.4e-06,30.0,0.000192
NAV/BTC,1607465233564,2020-12-08T22:07:13.564Z,sell,6.39e-06,122.0,0.00077958
NAV/BTC,1607465233564,2020-12-08T22:07:13.564Z,sell,6.38e-06,2001.0,0.0127663799999999
NAV/BTC,1607465343677,2020-12-08T22:09:03.677Z,sell,6.39e-06,16.0,0.00010224
NAV/BTC,1607465343677,2020-12-08T22:09:03.677Z,sell,6.38e-06,54.0,0.00034452
NAV/BTC,1607465384129,2020-12-08T22:09:44.129Z,sell,6.38e-06,265.0,0.0016907
NAV/BTC,1607465402197,2020-12-08T22:10:02.197Z,buy,6.43e-06,445.0,0.00286135
NAV/BTC,1607465552027,2020-12-08T22:12:32.027Z,sell,6.43e-06,423.0,0.00271989
NAV/BTC,1607466001304,2020-12-08T22:20:01.304Z,sell,6.43e-06,331.0,0.00212833
NAV/BTC,1607466752309,2020-12-08T22:32:32.309Z,buy,6.45e-06,123.0,0.00079335
NAV/BTC,1607467068890,2020-12-08T22:37:48.890Z,sell,6.43e-06,250.0,0.0016075
NAV/BTC,1607467328208,2020-12-08T22:42:08.208Z,buy,6.45e-06,81.0,0.00052245
NAV/BTC,1607467510229,2020-12-08T22:45:10.229Z,buy,6.45e-06,16.0,0.0001032
NAV/BTC,1607467564037,2020-12-08T22:46:04.037Z,sell,6.43e-06,76.0,0.00048868
NAV/BTC,1607467564037,2020-12-08T22:46:04.037Z,sell,6.43e-06,76.0,0.00048868
NAV/BTC,1607468162395,2020-12-08T22:56:02.395Z,buy,6.45e-06,31.0,0.00019995
NAV/BTC,1607468219539,2020-12-08T22:56:59.539Z,sell,6.43e-06,656.0,0.00421808
NAV/BTC,1607468424058,2020-12-08T23:00:24.058Z,buy,6.43e-06,6846.0,0.04401978
NAV/BTC,1607468446418,2020-12-08T23:00:46.418Z,sell,6.39e-06,6325.0,0.04041675
NAV/BTC,1607468546689,2020-12-08T23:02:26.689Z,sell,6.39e-06,16992.0,0.10857888
NAV/BTC,1607468546785,2020-12-08T23:02:26.785Z,sell,6.38e-06,206.0,0.00131428
NAV/BTC,1607468546791,2020-12-08T23:02:26.791Z,buy,6.39e-06,1273.0,0.00813447
NAV/BTC,1607468716307,2020-12-08T23:05:16.307Z,sell,6.37e-06,999.0,0.00636363
NAV/BTC,1607468848834,2020-12-08T23:07:28.834Z,sell,6.37e-06,3409.0,0.02171533
NAV/BTC,1607469170865,2020-12-08T23:12:50.865Z,sell,6.37e-06,389.0,0.00247793
NAV/BTC,1607470194050,2020-12-08T23:29:54.050Z,buy,6.4e-06,31.0,0.0001984
NAV/BTC,1607470552722,2020-12-08T23:35:52.722Z,buy,6.43e-06,55.0,0.00035365
NAV/BTC,1607470568044,2020-12-08T23:36:08.044Z,sell,6.44e-06,16.0,0.00010304
NAV/BTC,1607470580032,2020-12-08T23:36:20.032Z,buy,6.46e-06,117.0,0.00075582
NAV/BTC,1607470600776,2020-12-08T23:36:40.776Z,buy,6.46e-06,80.0,0.0005168
NAV/BTC,1607470781025,2020-12-08T23:39:41.025Z,buy,6.46e-06,1298.0,0.00838508
NAV/BTC,1607470781308,2020-12-08T23:39:41.308Z,buy,6.49e-06,55.0,0.00035695
NAV/BTC,1607470781308,2020-12-08T23:39:41.308Z,buy,6.52e-06,282.0,0.00183864
NAV/BTC,1607470781308,2020-12-08T23:39:41.308Z,buy,6.54e-06,127.0,0.00083058
NAV/BTC,1607470802465,2020-12-08T23:40:02.465Z,sell,6.49e-06,72.0,0.00046728
NAV/BTC,1607470803769,2020-12-08T23:40:03.769Z,buy,6.49e-06,124.0,0.00080476
NAV/BTC,1607470907787,2020-12-08T23:41:47.787Z,sell,6.47e-06,38.0,0.00024586
NAV/BTC,1607470907787,2020-12-08T23:41:47.787Z,sell,6.46e-06,582.0,0.00375972
NAV/BTC,1607470907787,2020-12-08T23:41:47.787Z,sell,6.47e-06,38.0,0.00024586
NAV/BTC,1607470907787,2020-12-08T23:41:47.787Z,sell,6.46e-06,582.0,0.00375972
NAV/BTC,1607471415855,2020-12-08T23:50:15.855Z,sell,6.45e-06,50.0,0.0003225
NAV/BTC,1607471713592,2020-12-08T23:55:13.592Z,sell,6.45e-06,149.0,0.00096105
NAV/BTC,1607472069770,2020-12-09T00:01:09.770Z,sell,6.43e-06,64.0,0.00041152
NAV/BTC,1607472613501,2020-12-09T00:10:13.501Z,sell,6.41e-06,140.0,0.0008973999999999
NAV/BTC,1607472614573,2020-12-09T00:10:14.573Z,sell,6.4e-06,61.0,0.0003904
NAV/BTC,1607472616569,2020-12-09T00:10:16.569Z,sell,6.39e-06,614.0,0.00392346
NAV/BTC,1607472616580,2020-12-09T00:10:16.580Z,sell,6.39e-06,405.0,0.00258795
NAV/BTC,1607472639680,2020-12-09T00:10:39.680Z,sell,6.39e-06,46.0,0.0002939399999999
NAV/BTC,1607472728008,2020-12-09T00:12:08.008Z,buy,6.39e-06,16.0,0.00010224
NAV/BTC,1607472749457,2020-12-09T00:12:29.457Z,sell,6.36e-06,290.0,0.0018444
NAV/BTC,1607473008773,2020-12-09T00:16:48.773Z,sell,6.36e-06,324.0,0.00206064
NAV/BTC,1607473008773,2020-12-09T00:16:48.773Z,sell,6.35e-06,1261.0,0.00800735
NAV/BTC,1607473114726,2020-12-09T00:18:34.726Z,sell,6.36e-06,1540.0,0.0097944
NAV/BTC,1607473114806,2020-12-09T00:18:34.806Z,buy,6.36e-06,293.0,0.00186348
NAV/BTC,1607473539384,2020-12-09T00:25:39.384Z,sell,6.35e-06,6327.0,0.04017645
NAV/BTC,1607473672132,2020-12-09T00:27:52.132Z,buy,6.39e-06,55.0,0.00035145
NAV/BTC,1607473672190,2020-12-09T00:27:52.190Z,sell,6.39e-06,631.0,0.0040320899999999
NAV/BTC,1607473672190,2020-12-09T00:27:52.190Z,sell,6.39e-06,631.0,0.0040320899999999
NAV/BTC,1607474532249,2020-12-09T00:42:12.249Z,sell,6.36e-06,400.0,0.002544
NAV/BTC,1607474532332,2020-12-09T00:42:12.332Z,sell,6.36e-06,200.0,0.001272
NAV/BTC,1607475777936,2020-12-09T01:02:57.936Z,sell,6.33e-06,686.0,0.00434238
NAV/BTC,1607475777936,2020-12-09T01:02:57.936Z,sell,6.33e-06,3425.0,0.02168025
NAV/BTC,1607475777948,2020-12-09T01:02:57.948Z,sell,6.33e-06,343.0,0.00217119
NAV/BTC,1607475896870,2020-12-09T01:04:56.870Z,sell,6.32e-06,1732.0,0.01094624
NAV/BTC,1607475898107,2020-12-09T01:04:58.107Z,buy,6.32e-06,74.0,0.00046768
NAV/BTC,1607475924795,2020-12-09T01:05:24.795Z,sell,6.31e-06,259.0,0.0016342899999999
NAV/BTC,1607475955035,2020-12-09T01:05:55.035Z,sell,6.3e-06,3874.0,0.0244062
NAV/BTC,1607476105901,2020-12-09T01:08:25.901Z,sell,6.3e-06,1000.0,0.0063
NAV/BTC,1607477047855,2020-12-09T01:24:07.855Z,sell,6.3e-06,438.0,0.0027594
NAV/BTC,1607477047864,2020-12-09T01:24:07.864Z,sell,6.3e-06,219.0,0.0013797
NAV/BTC,1607477185262,2020-12-09T01:26:25.262Z,sell,6.3e-06,24.0,0.0001512
NAV/BTC,1607477185262,2020-12-09T01:26:25.262Z,sell,6.3e-06,24.0,0.0001512
NAV/BTC,1607478096098,2020-12-09T01:41:36.098Z,sell,6.3e-06,134.0,0.0008442
NAV/BTC,1607479210240,2020-12-09T02:00:10.240Z,buy,6.33e-06,586.0,0.00370938
NAV/BTC,1607479210240,2020-12-09T02:00:10.240Z,buy,6.33e-06,31.0,0.00019623
NAV/BTC,1607479550451,2020-12-09T02:05:50.451Z,sell,6.3e-06,3289.0,0.0207206999999999
NAV/BTC,1607479550451,2020-12-09T02:05:50.451Z,sell,6.28e-06,2880.0,0.0180864
NAV/BTC,1607480765828,2020-12-09T02:26:05.828Z,sell,6.28e-06,128.0,0.00080384
NAV/BTC,1607480765828,2020-12-09T02:26:05.828Z,sell,6.28e-06,128.0,0.00080384
NAV/BTC,1607482033735,2020-12-09T02:47:13.735Z,sell,6.32e-06,17.0,0.0001074399999999
NAV/BTC,1607482656218,2020-12-09T02:57:36.218Z,buy,6.31e-06,18.0,0.00011358
NAV/BTC,1607482672272,2020-12-09T02:57:52.272Z,sell,6.3e-06,17.0,0.0001071
NAV/BTC,1607482672272,2020-12-09T02:57:52.272Z,sell,6.28e-06,569.0,0.00357332
NAV/BTC,1607482894970,2020-12-09T03:01:34.970Z,buy,6.3e-06,276.0,0.0017388
NAV/BTC,1607484301395,2020-12-09T03:25:01.395Z,sell,6.3e-06,100.0,0.00063
NAV/BTC,1607484301395,2020-12-09T03:25:01.395Z,sell,6.3e-06,100.0,0.00063
NAV/BTC,1607485050891,2020-12-09T03:37:30.891Z,sell,6.3e-06,999.0,0.0062937
NAV/BTC,1607485751488,2020-12-09T03:49:11.488Z,sell,6.3e-06,58.0,0.0003654
NAV/BTC,1607485751488,2020-12-09T03:49:11.488Z,sell,6.3e-06,58.0,0.0003654
NAV/BTC,1607489429535,2020-12-09T04:50:29.535Z,buy,6.33e-06,1033.0,0.00653889
NAV/BTC,1607489429740,2020-12-09T04:50:29.740Z,buy,6.34e-06,470.0,0.0029798
NAV/BTC,1607489440029,2020-12-09T04:50:40.029Z,buy,6.35e-06,3183.0,0.02021205
NAV/BTC,1607489440184,2020-12-09T04:50:40.184Z,buy,6.36e-06,530.0,0.0033708
NAV/BTC,1607489441850,2020-12-09T04:50:41.850Z,buy,6.36e-06,2082.0,0.01324152
NAV/BTC,1607489442144,2020-12-09T04:50:42.144Z,buy,6.36e-06,1039.0,0.00660804
NAV/BTC,1607489442250,2020-12-09T04:50:42.250Z,buy,6.36e-06,519.0,0.00330084
NAV/BTC,1607489442349,2020-12-09T04:50:42.349Z,buy,6.36e-06,259.0,0.00164724
NAV/BTC,1607489458289,2020-12-09T04:50:58.289Z,buy,6.36e-06,1775.0,0.011289
NAV/BTC,1607489467973,2020-12-09T04:51:07.973Z,sell,6.36e-06,16.0,0.00010176
NAV/BTC,1607489469614,2020-12-09T04:51:09.614Z,buy,6.39e-06,203.0,0.00129717
NAV/BTC,1607489469614,2020-12-09T04:51:09.614Z,buy,6.4e-06,2476.0,0.0158464
NAV/BTC,1607489476227,2020-12-09T04:51:16.227Z,buy,6.41e-06,6336.0,0.04061376
NAV/BTC,1607489513542,2020-12-09T04:51:53.542Z,buy,6.42e-06,1239.0,0.00795438
NAV/BTC,1607489514539,2020-12-09T04:51:54.539Z,sell,6.42e-06,74.0,0.00047508
NAV/BTC,1607489540901,2020-12-09T04:52:20.901Z,buy,6.43e-06,768.0,0.00493824
NAV/BTC,1607489540996,2020-12-09T04:52:20.996Z,sell,6.43e-06,3999.0,0.02571357
NAV/BTC,1607489541010,2020-12-09T04:52:21.010Z,sell,6.43e-06,369.0,0.00237267
NAV/BTC,1607489805647,2020-12-09T04:56:45.647Z,buy,6.43e-06,16.0,0.00010288
NAV/BTC,1607489828038,2020-12-09T04:57:08.038Z,sell,6.43e-06,2.0,1.286e-05
NAV/BTC,1607489828038,2020-12-09T04:57:08.038Z,sell,6.43e-06,2.0,1.286e-05
NAV/BTC,1607490134871,2020-12-09T05:02:14.871Z,sell,6.39e-06,55.0,0.00035145
NAV/BTC,1607490134871,2020-12-09T05:02:14.871Z,sell,6.38e-06,162.0,0.00103356
NAV/BTC,1607490134871,2020-12-09T05:02:14.871Z,sell,6.38e-06,32.0,0.00020416
NAV/BTC,1607490965135,2020-12-09T05:16:05.135Z,sell,6.38e-06,16.0,0.00010208
NAV/BTC,1607490965135,2020-12-09T05:16:05.135Z,sell,6.38e-06,16.0,0.00010208
NAV/BTC,1607493814272,2020-12-09T06:03:34.272Z,buy,6.39e-06,4513.0,0.02883807
NAV/BTC,1607493890275,2020-12-09T06:04:50.275Z,buy,6.39e-06,43.0,0.00027477
NAV/BTC,1607494307489,2020-12-09T06:11:47.489Z,sell,6.36e-06,100.0,0.000636
NAV/BTC,1607494307489,2020-12-09T06:11:47.489Z,sell,6.36e-06,100.0,0.000636
NAV/BTC,1607494579530,2020-12-09T06:16:19.530Z,buy,6.38e-06,41.0,0.0002615799999999
NAV/BTC,1607497302453,2020-12-09T07:01:42.453Z,sell,6.36e-06,54.0,0.00034344
NAV/BTC,1607497302453,2020-12-09T07:01:42.453Z,sell,6.35e-06,201.0,0.00127635
NAV/BTC,1607497337521,2020-12-09T07:02:17.521Z,sell,6.35e-06,251.0,0.00159385
NAV/BTC,1607497337578,2020-12-09T07:02:17.578Z,buy,6.35e-06,385.0,0.00244475
NAV/BTC,1607497337589,2020-12-09T07:02:17.589Z,buy,6.35e-06,413.0,0.00262255
NAV/BTC,1607497337604,2020-12-09T07:02:17.604Z,buy,6.35e-06,386.0,0.0024511
NAV/BTC,1607497738499,2020-12-09T07:08:58.499Z,sell,6.35e-06,6092.0,0.0386842
NAV/BTC,1607497752602,2020-12-09T07:09:12.602Z,sell,6.34e-06,11963.0,0.07584542
NAV/BTC,1607497755067,2020-12-09T07:09:15.067Z,buy,6.34e-06,63.0,0.00039942
NAV/BTC,1607497764498,2020-12-09T07:09:24.498Z,buy,6.34e-06,3315.0,0.0210171
NAV/BTC,1607497764498,2020-12-09T07:09:24.498Z,buy,6.34e-06,3315.0,0.0210171
NAV/BTC,1607497915105,2020-12-09T07:11:55.105Z,buy,6.38e-06,46.0,0.00029348
NAV/BTC,1607498008353,2020-12-09T07:13:28.353Z,sell,6.35e-06,235.0,0.00149225
NAV/BTC,1607498016880,2020-12-09T07:13:36.880Z,buy,6.38e-06,107.0,0.00068266
NAV/BTC,1607498016880,2020-12-09T07:13:36.880Z,buy,6.39e-06,1556.0,0.00994284
NAV/BTC,1607498016880,2020-12-09T07:13:36.880Z,buy,6.42e-06,699.0,0.00448758
NAV/BTC,1607498016880,2020-12-09T07:13:36.880Z,buy,6.43e-06,3770.0,0.0242411
NAV/BTC,1607498480322,2020-12-09T07:21:20.322Z,buy,6.43e-06,16.0,0.00010288
NAV/BTC,1607498480390,2020-12-09T07:21:20.390Z,sell,6.43e-06,824.0,0.00529832
NAV/BTC,1607498480410,2020-12-09T07:21:20.410Z,sell,6.43e-06,260.0,0.0016718
NAV/BTC,1607498524324,2020-12-09T07:22:04.324Z,sell,6.39e-06,207.0,0.00132273
NAV/BTC,1607499542770,2020-12-09T07:39:02.770Z,sell,6.39e-06,254.0,0.00162306
NAV/BTC,1607500068072,2020-12-09T07:47:48.072Z,sell,6.37e-06,991.0,0.00631267
NAV/BTC,1607500287481,2020-12-09T07:51:27.481Z,sell,6.37e-06,46.0,0.00029302
NAV/BTC,1607500688343,2020-12-09T07:58:08.343Z,sell,6.37e-06,633.0,0.00403221
NAV/BTC,1607501104889,2020-12-09T08:05:04.889Z,sell,6.37e-06,70.0,0.0004459
NAV/BTC,1607501104889,2020-12-09T08:05:04.889Z,sell,6.37e-06,70.0,0.0004459
NAV/BTC,1607501382321,2020-12-09T08:09:42.321Z,sell,6.37e-06,429.0,0.00273273
NAV/BTC,1607501672878,2020-12-09T08:14:32.878Z,sell,6.37e-06,386.0,0.00245882
NAV/BTC,1607501672890,2020-12-09T08:14:32.890Z,sell,6.37e-06,212.0,0.00135044
NAV/BTC,1607501770351,2020-12-09T08:16:10.351Z,sell,6.37e-06,5124.0,0.03263988
NAV/BTC,1607501770351,2020-12-09T08:16:10.351Z,sell,6.36e-06,55.0,0.0003498
NAV/BTC,1607501770351,2020-12-09T08:16:10.351Z,sell,6.35e-06,558.0,0.0035433
NAV/BTC,1607501770506,2020-12-09T08:16:10.506Z,sell,6.33e-06,393.0,0.00248769
NAV/BTC,1607501771207,2020-12-09T08:16:11.207Z,sell,6.32e-06,1752.0,0.01107264
NAV/BTC,1607501784709,2020-12-09T08:16:24.709Z,sell,6.31e-06,453.0,0.00285843
NAV/BTC,1607501827975,2020-12-09T08:17:07.975Z,buy,6.33e-06,16.0,0.00010128
NAV/BTC,1607501832925,2020-12-09T08:17:12.925Z,sell,6.3e-06,5818.0,0.0366533999999999
NAV/BTC,1607501832925,2020-12-09T08:17:12.925Z,sell,6.29e-06,3179.0,0.01999591
NAV/BTC,1607501832946,2020-12-09T08:17:12.946Z,buy,6.29e-06,181.0,0.00113849
NAV/BTC,1607501832947,2020-12-09T08:17:12.947Z,buy,6.29e-06,181.0,0.00113849
NAV/BTC,1607501832969,2020-12-09T08:17:12.969Z,buy,6.29e-06,181.0,0.00113849
NAV/BTC,1607501833138,2020-12-09T08:17:13.138Z,sell,6.28e-06,168.0,0.00105504
NAV/BTC,1607501833217,2020-12-09T08:17:13.217Z,sell,6.27e-06,179.0,0.00112233
NAV/BTC,1607501833229,2020-12-09T08:17:13.229Z,sell,6.27e-06,180.0,0.0011286
NAV/BTC,1607501834535,2020-12-09T08:17:14.535Z,buy,6.29e-06,74.0,0.00046546
NAV/BTC,1607501904948,2020-12-09T08:18:24.948Z,sell,6.27e-06,6.0,3.762e-05
NAV/BTC,1607501904948,2020-12-09T08:18:24.948Z,sell,6.26e-06,16.0,0.00010016
NAV/BTC,1607501904948,2020-12-09T08:18:24.948Z,sell,6.25e-06,72.0,0.00045
NAV/BTC,1607501904948,2020-12-09T08:18:24.948Z,sell,6.24e-06,1961.0,0.01223664
NAV/BTC,1607501904948,2020-12-09T08:18:24.948Z,sell,6.23e-06,3097.0,0.01929431
NAV/BTC,1607501904959,2020-12-09T08:18:24.959Z,sell,6.23e-06,65.0,0.0004049499999999
NAV/BTC,1607501904962,2020-12-09T08:18:24.962Z,sell,6.23e-06,89.0,0.0005544699999999
NAV/BTC,1607501904962,2020-12-09T08:18:24.962Z,sell,6.22e-06,6194.0,0.03852668
NAV/BTC,1607501905077,2020-12-09T08:18:25.077Z,buy,6.22e-06,4606.0,0.02864932
NAV/BTC,1607501906563,2020-12-09T08:18:26.563Z,buy,6.23e-06,74.0,0.00046102
NAV/BTC,1607501943697,2020-12-09T08:19:03.697Z,buy,6.23e-06,4846.0,0.0301905799999999
NAV/BTC,1607501943725,2020-12-09T08:19:03.725Z,buy,6.23e-06,824.0,0.00513352
NAV/BTC,1607501944091,2020-12-09T08:19:04.091Z,buy,6.23e-06,1515.0,0.00943845
NAV/BTC,1607502475347,2020-12-09T08:27:55.347Z,sell,6.23e-06,272.0,0.00169456
NAV/BTC,1607502804448,2020-12-09T08:33:24.448Z,buy,6.26e-06,18.0,0.00011268
NAV/BTC,1607502804448,2020-12-09T08:33:24.448Z,buy,6.26e-06,44.0,0.00027544
NAV/BTC,1607502804683,2020-12-09T08:33:24.683Z,sell,6.26e-06,18.0,0.00011268
NAV/BTC,1607502928391,2020-12-09T08:35:28.391Z,sell,6.23e-06,67.0,0.00041741
NAV/BTC,1607503025461,2020-12-09T08:37:05.461Z,sell,6.23e-06,24.0,0.00014952
NAV/BTC,1607503025461,2020-12-09T08:37:05.461Z,sell,6.21e-06,1529.0,0.00949509
NAV/BTC,1607503025461,2020-12-09T08:37:05.461Z,sell,6.2e-06,882.0,0.0054684
NAV/BTC,1607503025461,2020-12-09T08:37:05.461Z,sell,6.19e-06,5294.0,0.03276986
NAV/BTC,1607503447082,2020-12-09T08:44:07.082Z,sell,6.2e-06,404.0,0.0025048
NAV/BTC,1607503522415,2020-12-09T08:45:22.415Z,sell,6.2e-06,1570.0,0.009734
NAV/BTC,1607503608358,2020-12-09T08:46:48.358Z,buy,6.24e-06,55.0,0.0003432
NAV/BTC,1607503608358,2020-12-09T08:46:48.358Z,buy,6.25e-06,68.0,0.000425
NAV/BTC,1607503811360,2020-12-09T08:50:11.360Z,sell,6.2e-06,2076.0,0.0128712
NAV/BTC,1607504536360,2020-12-09T09:02:16.360Z,buy,6.23e-06,535.0,0.0033330499999999
NAV/BTC,1607504549208,2020-12-09T09:02:29.208Z,buy,6.24e-06,18.0,0.00011232
NAV/BTC,1607504653774,2020-12-09T09:04:13.774Z,buy,6.24e-06,54.0,0.00033696
NAV/BTC,1607504653774,2020-12-09T09:04:13.774Z,buy,6.24e-06,54.0,0.00033696
NAV/BTC,1607504855223,2020-12-09T09:07:35.223Z,buy,6.27e-06,55.0,0.00034485
NAV/BTC,1607504855223,2020-12-09T09:07:35.223Z,buy,6.28e-06,62.0,0.00038936
NAV/BTC,1607505507033,2020-12-09T09:18:27.033Z,sell,6.28e-06,1870.0,0.0117436
NAV/BTC,1607505507078,2020-12-09T09:18:27.078Z,buy,6.28e-06,935.0,0.0058718
NAV/BTC,1607505507184,2020-12-09T09:18:27.184Z,buy,6.28e-06,379.0,0.00238012
NAV/BTC,1607505507386,2020-12-09T09:18:27.386Z,buy,6.29e-06,277.0,0.00174233
NAV/BTC,1607505828226,2020-12-09T09:23:48.226Z,sell,6.28e-06,100.0,0.000628
NAV/BTC,1607505922154,2020-12-09T09:25:22.154Z,buy,6.3e-06,254.0,0.0016002
NAV/BTC,1607505922154,2020-12-09T09:25:22.154Z,buy,6.3e-06,62.0,0.0003906
NAV/BTC,1607505922214,2020-12-09T09:25:22.214Z,buy,6.3e-06,185.0,0.0011654999999999
NAV/BTC,1607506088825,2020-12-09T09:28:08.825Z,sell,6.28e-06,438.0,0.00275064
NAV/BTC,1607507623314,2020-12-09T09:53:43.314Z,buy,6.3e-06,755.0,0.0047564999999999
NAV/BTC,1607507624167,2020-12-09T09:53:44.167Z,buy,6.31e-06,319.0,0.00201289
NAV/BTC,1607507644581,2020-12-09T09:54:04.581Z,buy,6.32e-06,181.0,0.0011439199999999
NAV/BTC,1607507752269,2020-12-09T09:55:52.269Z,buy,6.32e-06,1582.0,0.00999824
NAV/BTC,1607507752269,2020-12-09T09:55:52.269Z,buy,6.33e-06,405.0,0.00256365
NAV/BTC,1607507779177,2020-12-09T09:56:19.177Z,buy,6.33e-06,41.0,0.00025953
NAV/BTC,1607507783559,2020-12-09T09:56:23.559Z,buy,6.33e-06,2608.0,0.01650864
NAV/BTC,1607507783576,2020-12-09T09:56:23.576Z,buy,6.33e-06,165.0,0.00104445
NAV/BTC,1607508065838,2020-12-09T10:01:05.838Z,sell,6.34e-06,32.0,0.00020288
NAV/BTC,1607508092841,2020-12-09T10:01:32.841Z,sell,6.34e-06,42.0,0.00026628
NAV/BTC,1607508092850,2020-12-09T10:01:32.850Z,sell,6.34e-06,188.0,0.00119192
NAV/BTC,1607508143524,2020-12-09T10:02:23.524Z,buy,6.35e-06,121.0,0.00076835
NAV/BTC,1607508143524,2020-12-09T10:02:23.524Z,buy,6.35e-06,121.0,0.00076835
NAV/BTC,1607508256252,2020-12-09T10:04:16.252Z,sell,6.35e-06,2521.0,0.01600835
NAV/BTC,1607508394940,2020-12-09T10:06:34.940Z,buy,6.35e-06,179.0,0.00113665
NAV/BTC,1607509305796,2020-12-09T10:21:45.796Z,sell,6.34e-06,18.0,0.00011412
NAV/BTC,1607509341154,2020-12-09T10:22:21.154Z,buy,6.35e-06,39.0,0.00024765
NAV/BTC,1607510563296,2020-12-09T10:42:43.296Z,sell,6.33e-06,345.0,0.00218385
NAV/BTC,1607510563296,2020-12-09T10:42:43.296Z,sell,6.33e-06,19.0,0.00012027
NAV/BTC,1607510705700,2020-12-09T10:45:05.700Z,buy,6.36e-06,55.0,0.0003498
NAV/BTC,1607510770388,2020-12-09T10:46:10.388Z,buy,6.37e-06,30.0,0.0001911
NAV/BTC,1607510770388,2020-12-09T10:46:10.388Z,buy,6.38e-06,208.0,0.00132704
NAV/BTC,1607510770388,2020-12-09T10:46:10.388Z,buy,6.39e-06,91.0,0.0005814899999999
NAV/BTC,1607510770388,2020-12-09T10:46:10.388Z,buy,6.4e-06,616.0,0.0039423999999999
NAV/BTC,1607510794657,2020-12-09T10:46:34.657Z,sell,6.36e-06,55.0,0.0003498
NAV/BTC,1607511233739,2020-12-09T10:53:53.739Z,sell,6.35e-06,339.0,0.00215265
NAV/BTC,1607511233739,2020-12-09T10:53:53.739Z,sell,6.33e-06,1821.0,0.01152693
NAV/BTC,1607511233739,2020-12-09T10:53:53.739Z,sell,6.32e-06,4954.0,0.0313092799999999
NAV/BTC,1607511233739,2020-12-09T10:53:53.739Z,sell,6.31e-06,1346.0,0.0084932599999999
NAV/BTC,1607511233739,2020-12-09T10:53:53.739Z,sell,6.35e-06,339.0,0.00215265
NAV/BTC,1607511233739,2020-12-09T10:53:53.739Z,sell,6.33e-06,1821.0,0.01152693
NAV/BTC,1607511233739,2020-12-09T10:53:53.739Z,sell,6.32e-06,4954.0,0.0313092799999999
NAV/BTC,1607511233739,2020-12-09T10:53:53.739Z,sell,6.31e-06,1346.0,0.0084932599999999
NAV/BTC,1607511945441,2020-12-09T11:05:45.441Z,sell,6.32e-06,219.0,0.00138408
NAV/BTC,1607511946021,2020-12-09T11:05:46.021Z,sell,6.32e-06,219.0,0.00138408
NAV/BTC,1607511946585,2020-12-09T11:05:46.585Z,sell,6.32e-06,219.0,0.00138408
NAV/BTC,1607511947144,2020-12-09T11:05:47.144Z,sell,6.32e-06,219.0,0.00138408
NAV/BTC,1607512080154,2020-12-09T11:08:00.154Z,buy,6.36e-06,41.0,0.00026076
NAV/BTC,1607512204058,2020-12-09T11:10:04.058Z,buy,6.36e-06,14.0,8.904e-05
NAV/BTC,1607512204326,2020-12-09T11:10:04.326Z,sell,6.36e-06,16.0,0.00010176
NAV/BTC,1607512212816,2020-12-09T11:10:12.816Z,buy,6.38e-06,209.0,0.0013334199999999
NAV/BTC,1607512212816,2020-12-09T11:10:12.816Z,buy,6.39e-06,45.0,0.0002875499999999
NAV/BTC,1607512352505,2020-12-09T11:12:32.505Z,sell,6.36e-06,535.0,0.0034026
NAV/BTC,1607512352517,2020-12-09T11:12:32.517Z,sell,6.36e-06,824.0,0.00524064
NAV/BTC,1607512352518,2020-12-09T11:12:32.518Z,sell,6.36e-06,109.0,0.00069324
NAV/BTC,1607512563677,2020-12-09T11:16:03.677Z,buy,6.36e-06,16.0,0.00010176
NAV/BTC,1607512714051,2020-12-09T11:18:34.051Z,buy,6.37e-06,842.0,0.00536354
NAV/BTC,1607513169750,2020-12-09T11:26:09.750Z,buy,6.35e-06,396.0,0.0025146
NAV/BTC,1607513170551,2020-12-09T11:26:10.551Z,buy,6.35e-06,206.0,0.0013081
NAV/BTC,1607513170748,2020-12-09T11:26:10.748Z,buy,6.35e-06,428.0,0.0027178
NAV/BTC,1607513170765,2020-12-09T11:26:10.765Z,buy,6.35e-06,43.0,0.00027305
NAV/BTC,1607513170765,2020-12-09T11:26:10.765Z,buy,6.35e-06,43.0,0.00027305
NAV/BTC,1607515519324,2020-12-09T12:05:19.324Z,sell,6.38e-06,53.0,0.00033814
NAV/BTC,1607516016146,2020-12-09T12:13:36.146Z,buy,6.39e-06,56.0,0.00035784
NAV/BTC,1607516052054,2020-12-09T12:14:12.054Z,sell,6.38e-06,103.0,0.00065714
NAV/BTC,1607516102833,2020-12-09T12:15:02.833Z,sell,6.37e-06,321.0,0.00204477
NAV/BTC,1607516102846,2020-12-09T12:15:02.846Z,sell,6.37e-06,208.0,0.00132496
NAV/BTC,1607516164953,2020-12-09T12:16:04.953Z,sell,6.37e-06,430.0,0.0027391
NAV/BTC,1607516164962,2020-12-09T12:16:04.962Z,sell,6.37e-06,277.0,0.00176449
NAV/BTC,1607516228063,2020-12-09T12:17:08.063Z,buy,6.38e-06,21.0,0.00013398
NAV/BTC,1607516229407,2020-12-09T12:17:09.407Z,sell,6.38e-06,175.0,0.0011165
NAV/BTC,1607516229574,2020-12-09T12:17:09.574Z,buy,6.39e-06,55.0,0.00035145
NAV/BTC,1607516233651,2020-12-09T12:17:13.651Z,buy,6.39e-06,53.0,0.00033867
NAV/BTC,1607516253883,2020-12-09T12:17:33.883Z,buy,6.39e-06,312.0,0.00199368
NAV/BTC,1607516253883,2020-12-09T12:17:33.883Z,buy,6.4e-06,4078.0,0.0260992
NAV/BTC,1607516268757,2020-12-09T12:17:48.757Z,sell,6.36e-06,638.0,0.00405768
NAV/BTC,1607516271735,2020-12-09T12:17:51.735Z,buy,6.39e-06,55.0,0.00035145
NAV/BTC,1607516422380,2020-12-09T12:20:22.380Z,buy,6.42e-06,30.0,0.0001926
NAV/BTC,1607516423622,2020-12-09T12:20:23.622Z,sell,6.42e-06,31.0,0.00019902
NAV/BTC,1607516451753,2020-12-09T12:20:51.753Z,sell,6.42e-06,5.0,3.21e-05
NAV/BTC,1607516453392,2020-12-09T12:20:53.392Z,sell,6.38e-06,16.0,0.00010208
NAV/BTC,1607516516196,2020-12-09T12:21:56.196Z,sell,6.38e-06,88.0,0.00056144
NAV/BTC,1607516518724,2020-12-09T12:21:58.724Z,buy,6.43e-06,55.0,0.00035365
NAV/BTC,1607516521820,2020-12-09T12:22:01.820Z,buy,6.44e-06,32.0,0.00020608
NAV/BTC,1607516680611,2020-12-09T12:24:40.611Z,buy,6.44e-06,158.0,0.00101752
NAV/BTC,1607516680611,2020-12-09T12:24:40.611Z,buy,6.44e-06,158.0,0.00101752
NAV/BTC,1607517707424,2020-12-09T12:41:47.424Z,sell,6.39e-06,73.0,0.0004664699999999
NAV/BTC,1607517707424,2020-12-09T12:41:47.424Z,sell,6.38e-06,16.0,0.00010208
NAV/BTC,1607517874582,2020-12-09T12:44:34.582Z,sell,6.38e-06,442.0,0.00281996
NAV/BTC,1607517980115,2020-12-09T12:46:20.115Z,sell,6.36e-06,485.0,0.0030846
NAV/BTC,1607518051542,2020-12-09T12:47:31.542Z,buy,6.39e-06,55.0,0.00035145
NAV/BTC,1607518051569,2020-12-09T12:47:31.569Z,sell,6.39e-06,214.0,0.00136746
NAV/BTC,1607518289416,2020-12-09T12:51:29.416Z,buy,6.42e-06,706.0,0.00453252
NAV/BTC,1607518827752,2020-12-09T13:00:27.752Z,buy,6.42e-06,984.0,0.00631728
NAV/BTC,1607518911057,2020-12-09T13:01:51.057Z,buy,6.42e-06,829.0,0.00532218
NAV/BTC,1607519373548,2020-12-09T13:09:33.548Z,buy,6.41e-06,312.0,0.00199992
NAV/BTC,1607519373548,2020-12-09T13:09:33.548Z,buy,6.42e-06,224.0,0.00143808
NAV/BTC,1607520043030,2020-12-09T13:20:43.030Z,buy,6.42e-06,17.0,0.00010914
NAV/BTC,1607520055373,2020-12-09T13:20:55.373Z,sell,6.36e-06,7221.0,0.04592556
NAV/BTC,1607520055373,2020-12-09T13:20:55.373Z,sell,6.35e-06,345.0,0.00219075
NAV/BTC,1607520055373,2020-12-09T13:20:55.373Z,sell,6.34e-06,124.0,0.00078616
NAV/BTC,1607520055373,2020-12-09T13:20:55.373Z,sell,6.33e-06,55.0,0.00034815
NAV/BTC,1607520055373,2020-12-09T13:20:55.373Z,sell,6.32e-06,237.0,0.0014978399999999
NAV/BTC,1607520055409,2020-12-09T13:20:55.409Z,buy,6.33e-06,35.0,0.00022155
NAV/BTC,1607520055492,2020-12-09T13:20:55.492Z,buy,6.34e-06,173.0,0.00109682
NAV/BTC,1607520055522,2020-12-09T13:20:55.522Z,buy,6.34e-06,40.0,0.0002536
NAV/BTC,1607520194105,2020-12-09T13:23:14.105Z,buy,6.36e-06,54.0,0.00034344
NAV/BTC,1607520194105,2020-12-09T13:23:14.105Z,buy,6.36e-06,54.0,0.00034344
NAV/BTC,1607520307972,2020-12-09T13:25:07.972Z,buy,6.36e-06,1.0,6.36e-06
NAV/BTC,1607520311140,2020-12-09T13:25:11.140Z,buy,6.39e-06,399.0,0.00254961
NAV/BTC,1607520471821,2020-12-09T13:27:51.821Z,sell,6.36e-06,15.0,9.54e-05
NAV/BTC,1607520471821,2020-12-09T13:27:51.821Z,sell,6.35e-06,1535.0,0.00974725
NAV/BTC,1607520471821,2020-12-09T13:27:51.821Z,sell,6.34e-06,470.0,0.0029798
NAV/BTC,1607520471821,2020-12-09T13:27:51.821Z,sell,6.33e-06,398.0,0.00251934
NAV/BTC,1607520471821,2020-12-09T13:27:51.821Z,sell,6.32e-06,1303.0,0.00823496
NAV/BTC,1607520546181,2020-12-09T13:29:06.181Z,buy,6.36e-06,456.0,0.00290016
NAV/BTC,1607520654805,2020-12-09T13:30:54.805Z,buy,6.35e-06,173.0,0.00109855
NAV/BTC,1607520688968,2020-12-09T13:31:28.968Z,buy,6.35e-06,1.0,6.35e-06
NAV/BTC,1607520758481,2020-12-09T13:32:38.481Z,buy,6.36e-06,308.0,0.00195888
NAV/BTC,1607520856090,2020-12-09T13:34:16.090Z,buy,6.36e-06,147.0,0.00093492
NAV/BTC,1607521153655,2020-12-09T13:39:13.655Z,buy,6.37e-06,41.0,0.00026117
NAV/BTC,1607521154180,2020-12-09T13:39:14.180Z,buy,6.37e-06,39.0,0.00024843
NAV/BTC,1607521302887,2020-12-09T13:41:42.887Z,sell,6.35e-06,86.0,0.0005461
NAV/BTC,1607521702978,2020-12-09T13:48:22.978Z,sell,6.33e-06,177.0,0.00112041
NAV/BTC,1607521702978,2020-12-09T13:48:22.978Z,sell,6.33e-06,177.0,0.00112041
NAV/BTC,1607524599908,2020-12-09T14:36:39.908Z,sell,6.33e-06,1414.0,0.00895062
NAV/BTC,1607524599908,2020-12-09T14:36:39.908Z,sell,6.32e-06,1276.0,0.00806432
NAV/BTC,1607524786114,2020-12-09T14:39:46.114Z,buy,6.35e-06,69.0,0.00043815
NAV/BTC,1607524786114,2020-12-09T14:39:46.114Z,buy,6.35e-06,69.0,0.00043815
NAV/BTC,1607525781626,2020-12-09T14:56:21.626Z,sell,6.31e-06,228.0,0.00143868
NAV/BTC,1607525940597,2020-12-09T14:59:00.597Z,sell,6.3e-06,20.0,0.000126
NAV/BTC,1607525994291,2020-12-09T14:59:54.291Z,buy,6.31e-06,2140.0,0.0135033999999999
NAV/BTC,1607526237412,2020-12-09T15:03:57.412Z,sell,6.32e-06,98.0,0.00061936
NAV/BTC,1607526781074,2020-12-09T15:13:01.074Z,sell,6.32e-06,1551.0,0.00980232
NAV/BTC,1607526781074,2020-12-09T15:13:01.074Z,sell,6.32e-06,1551.0,0.00980232
NAV/BTC,1607528561989,2020-12-09T15:42:41.989Z,sell,6.35e-06,173.0,0.00109855
NAV/BTC,1607529240295,2020-12-09T15:54:00.295Z,buy,6.35e-06,16.0,0.0001016
NAV/BTC,1607529240336,2020-12-09T15:54:00.336Z,sell,6.35e-06,269.0,0.00170815
NAV/BTC,1607529973713,2020-12-09T16:06:13.713Z,sell,6.34e-06,21.0,0.00013314
NAV/BTC,1607529974757,2020-12-09T16:06:14.757Z,sell,6.33e-06,180.0,0.0011394
NAV/BTC,1607530028041,2020-12-09T16:07:08.041Z,sell,6.33e-06,16.0,0.00010128
NAV/BTC,1607530176901,2020-12-09T16:09:36.901Z,sell,6.32e-06,169.0,0.00106808
NAV/BTC,1607530212942,2020-12-09T16:10:12.942Z,sell,6.31e-06,80.0,0.0005048
NAV/BTC,1607530232634,2020-12-09T16:10:32.634Z,sell,6.3e-06,1102.0,0.0069426
NAV/BTC,1607530232650,2020-12-09T16:10:32.650Z,sell,6.3e-06,651.0,0.0041012999999999
NAV/BTC,1607530232654,2020-12-09T16:10:32.654Z,sell,6.3e-06,85.0,0.0005355
NAV/BTC,1607530236459,2020-12-09T16:10:36.459Z,sell,6.3e-06,356.0,0.0022428
NAV/BTC,1607530236748,2020-12-09T16:10:36.748Z,sell,6.3e-06,178.0,0.0011214
NAV/BTC,1607530236748,2020-12-09T16:10:36.748Z,sell,6.3e-06,178.0,0.0011214
NAV/BTC,1607530898202,2020-12-09T16:21:38.202Z,buy,6.33e-06,19.0,0.00012027
NAV/BTC,1607531412262,2020-12-09T16:30:12.262Z,buy,6.31e-06,277.0,0.00174787
NAV/BTC,1607531551599,2020-12-09T16:32:31.599Z,sell,6.3e-06,423.0,0.0026649
NAV/BTC,1607531551614,2020-12-09T16:32:31.614Z,sell,6.3e-06,180.0,0.001134
NAV/BTC,1607532083728,2020-12-09T16:41:23.728Z,sell,6.3e-06,16.0,0.0001008
NAV/BTC,1607532093693,2020-12-09T16:41:33.693Z,buy,6.29e-06,397.0,0.00249713
NAV/BTC,1607532290870,2020-12-09T16:44:50.870Z,buy,6.32e-06,20.0,0.0001263999999999
NAV/BTC,1607533356785,2020-12-09T17:02:36.785Z,buy,6.32e-06,16.0,0.00010112
NAV/BTC,1607533379684,2020-12-09T17:02:59.684Z,buy,6.33e-06,2893.0,0.01831269
NAV/BTC,1607533523556,2020-12-09T17:05:23.556Z,sell,6.34e-06,397.0,0.00251698
NAV/BTC,1607533523561,2020-12-09T17:05:23.561Z,sell,6.34e-06,403.0,0.00255502
NAV/BTC,1607533523561,2020-12-09T17:05:23.561Z,sell,6.34e-06,403.0,0.00255502
NAV/BTC,1607534840201,2020-12-09T17:27:20.201Z,sell,6.33e-06,18.0,0.00011394
NAV/BTC,1607536317921,2020-12-09T17:51:57.921Z,sell,6.33e-06,1270.0,0.0080391
NAV/BTC,1607536375676,2020-12-09T17:52:55.676Z,sell,6.32e-06,2108.0,0.0133225599999999
NAV/BTC,1607536375676,2020-12-09T17:52:55.676Z,sell,6.32e-06,2108.0,0.0133225599999999
NAV/BTC,1607537497108,2020-12-09T18:11:37.108Z,sell,6.32e-06,1582.0,0.00999824
NAV/BTC,1607537497108,2020-12-09T18:11:37.108Z,sell,6.31e-06,7295.0,0.0460314499999999
NAV/BTC,1607537497108,2020-12-09T18:11:37.108Z,sell,6.3e-06,72.0,0.0004535999999999
NAV/BTC,1607537497108,2020-12-09T18:11:37.108Z,sell,6.29e-06,14262.0,0.0897079799999999
NAV/BTC,1607537497222,2020-12-09T18:11:37.222Z,sell,6.28e-06,303.0,0.00190284
NAV/BTC,1607537556507,2020-12-09T18:12:36.507Z,buy,6.33e-06,16.0,0.00010128
NAV/BTC,1607537593126,2020-12-09T18:13:13.126Z,sell,6.29e-06,28470.0,0.1790763
NAV/BTC,1607537593743,2020-12-09T18:13:13.743Z,buy,6.29e-06,824.0,0.00518296
NAV/BTC,1607537595685,2020-12-09T18:13:15.685Z,buy,6.29e-06,8241.0,0.05183589
NAV/BTC,1607537922870,2020-12-09T18:18:42.870Z,buy,6.32e-06,698.0,0.00441136
NAV/BTC,1607538222176,2020-12-09T18:23:42.176Z,sell,6.29e-06,1976.0,0.01242904
NAV/BTC,1607539224175,2020-12-09T18:40:24.175Z,sell,6.29e-06,1419.0,0.00892551
NAV/BTC,1607539224175,2020-12-09T18:40:24.175Z,sell,6.28e-06,20722.0,0.13013416
NAV/BTC,1607539898789,2020-12-09T18:51:38.789Z,sell,6.28e-06,3064.0,0.01924192
NAV/BTC,1607539898789,2020-12-09T18:51:38.789Z,sell,6.28e-06,3064.0,0.01924192
NAV/BTC,1607540759836,2020-12-09T19:05:59.836Z,sell,6.3e-06,22.0,0.0001386
NAV/BTC,1607541063001,2020-12-09T19:11:03.001Z,sell,6.3e-06,802.0,0.0050526
NAV/BTC,1607541063013,2020-12-09T19:11:03.013Z,sell,6.3e-06,401.0,0.0025263
NAV/BTC,1607541064501,2020-12-09T19:11:04.501Z,sell,6.3e-06,199.0,0.0012537
NAV/BTC,1607542269280,2020-12-09T19:31:09.280Z,sell,6.3e-06,89.0,0.0005607
NAV/BTC,1607543167785,2020-12-09T19:46:07.785Z,buy,6.3e-06,30.0,0.0001889999999999
NAV/BTC,1607543167785,2020-12-09T19:46:07.785Z,buy,6.3e-06,30.0,0.0001889999999999
NAV/BTC,1607543506986,2020-12-09T19:51:46.986Z,buy,6.3e-06,101.0,0.0006363
NAV/BTC,1607543506986,2020-12-09T19:51:46.986Z,buy,6.31e-06,1519.0,0.00958489
NAV/BTC,1607543506986,2020-12-09T19:51:46.986Z,buy,6.32e-06,28637.0,0.1809858399999999
NAV/BTC,1607543507558,2020-12-09T19:51:47.558Z,buy,6.32e-06,1326.0,0.00838032
NAV/BTC,1607543508106,2020-12-09T19:51:48.106Z,buy,6.32e-06,62.0,0.0003918399999999
NAV/BTC,1607543515237,2020-12-09T19:51:55.237Z,buy,6.32e-06,18853.0,0.1191509599999999
NAV/BTC,1607543515812,2020-12-09T19:51:55.812Z,buy,6.32e-06,882.0,0.0055742399999999
NAV/BTC,1607543516365,2020-12-09T19:51:56.365Z,buy,6.32e-06,41.0,0.00025912
NAV/BTC,1607545508290,2020-12-09T20:25:08.290Z,sell,6.28e-06,429.0,0.00269412
NAV/BTC,1607545860991,2020-12-09T20:31:00.991Z,sell,6.28e-06,16.0,0.00010048
NAV/BTC,1607545860991,2020-12-09T20:31:00.991Z,sell,6.27e-06,5447.0,0.03415269
NAV/BTC,1607545907832,2020-12-09T20:31:47.832Z,buy,6.3e-06,55.0,0.0003464999999999
NAV/BTC,1607545907832,2020-12-09T20:31:47.832Z,buy,6.32e-06,326.0,0.00206032
NAV/BTC,1607545907832,2020-12-09T20:31:47.832Z,buy,6.33e-06,315.0,0.00199395
NAV/BTC,1607545923496,2020-12-09T20:32:03.496Z,sell,6.3e-06,55.0,0.0003464999999999
NAV/BTC,1607545923496,2020-12-09T20:32:03.496Z,sell,6.27e-06,1369.0,0.00858363
NAV/BTC,1607545923496,2020-12-09T20:32:03.496Z,sell,6.3e-06,55.0,0.0003464999999999
NAV/BTC,1607545923496,2020-12-09T20:32:03.496Z,sell,6.27e-06,1369.0,0.00858363
NAV/BTC,1607547656468,2020-12-09T21:00:56.468Z,buy,6.33e-06,1183.0,0.00748839
NAV/BTC,1607548150444,2020-12-09T21:09:10.444Z,buy,6.32e-06,20.0,0.0001263999999999
NAV/BTC,1607548150444,2020-12-09T21:09:10.444Z,buy,6.33e-06,2627.0,0.01662891
NAV/BTC,1607548298026,2020-12-09T21:11:38.026Z,buy,6.33e-06,2000.0,0.01266
NAV/BTC,1607548298026,2020-12-09T21:11:38.026Z,buy,6.33e-06,2000.0,0.01266
NAV/BTC,1607549536866,2020-12-09T21:32:16.866Z,buy,6.33e-06,4618.0,0.02923194
NAV/BTC,1607550667721,2020-12-09T21:51:07.721Z,buy,6.34e-06,787.0,0.00498958
NAV/BTC,1607550667738,2020-12-09T21:51:07.738Z,buy,6.34e-06,393.0,0.00249162
NAV/BTC,1607550667840,2020-12-09T21:51:07.840Z,buy,6.34e-06,197.0,0.00124898
NAV/BTC,1607550670859,2020-12-09T21:51:10.859Z,buy,6.34e-06,19.0,0.00012046
NAV/BTC,1607550977332,2020-12-09T21:56:17.332Z,buy,6.35e-06,983.0,0.00624205
NAV/BTC,1607551388479,2020-12-09T22:03:08.479Z,sell,6.33e-06,1198.0,0.00758334
NAV/BTC,1607551388501,2020-12-09T22:03:08.501Z,sell,6.33e-06,301.0,0.00190533
NAV/BTC,1607551390448,2020-12-09T22:03:10.448Z,sell,6.33e-06,224.0,0.00141792
NAV/BTC,1607551390632,2020-12-09T22:03:10.632Z,sell,6.33e-06,362.0,0.00229146
NAV/BTC,1607551390886,2020-12-09T22:03:10.886Z,buy,6.35e-06,16.0,0.0001016
NAV/BTC,1607551390886,2020-12-09T22:03:10.886Z,buy,6.36e-06,347.0,0.00220692
NAV/BTC,1607551391143,2020-12-09T22:03:11.143Z,sell,6.33e-06,363.0,0.00229779
NAV/BTC,1607551391253,2020-12-09T22:03:11.253Z,sell,6.33e-06,788.0,0.00498804
NAV/BTC,1607551391853,2020-12-09T22:03:11.853Z,buy,6.36e-06,177.0,0.00112572
NAV/BTC,1607551391853,2020-12-09T22:03:11.853Z,buy,6.38e-06,187.0,0.00119306
NAV/BTC,1607551583612,2020-12-09T22:06:23.612Z,sell,6.33e-06,228.0,0.00144324
NAV/BTC,1607551583612,2020-12-09T22:06:23.612Z,sell,6.33e-06,228.0,0.00144324
NAV/BTC,1607557332989,2020-12-09T23:42:12.989Z,sell,6.33e-06,87.0,0.00055071
NAV/BTC,1607557332989,2020-12-09T23:42:12.989Z,sell,6.33e-06,87.0,0.00055071
NAV/BTC,1607557969249,2020-12-09T23:52:49.249Z,buy,6.36e-06,692.0,0.00440112
NAV/BTC,1607557969249,2020-12-09T23:52:49.249Z,buy,6.37e-06,1148.0,0.00731276
NAV/BTC,1607557989926,2020-12-09T23:53:09.926Z,buy,6.37e-06,1182.0,0.00752934
NAV/BTC,1607559371944,2020-12-10T00:16:11.944Z,buy,6.36e-06,1101.0,0.00700236
NAV/BTC,1607559373051,2020-12-10T00:16:13.051Z,sell,6.34e-06,325.0,0.0020605
NAV/BTC,1607559483533,2020-12-10T00:18:03.533Z,sell,6.33e-06,55.0,0.00034815
NAV/BTC,1607559607993,2020-12-10T00:20:07.993Z,buy,6.33e-06,16.0,0.00010128
NAV/BTC,1607560862824,2020-12-10T00:41:02.824Z,sell,6.32e-06,2696.0,0.01703872
NAV/BTC,1607560862839,2020-12-10T00:41:02.839Z,sell,6.32e-06,1348.0,0.00851936
NAV/BTC,1607560862944,2020-12-10T00:41:02.944Z,sell,6.32e-06,673.0,0.0042533599999999
NAV/BTC,1607560862944,2020-12-10T00:41:02.944Z,sell,6.32e-06,673.0,0.0042533599999999
NAV/BTC,1607561201412,2020-12-10T00:46:41.412Z,sell,6.31e-06,183.0,0.0011547299999999
NAV/BTC,1607561201412,2020-12-10T00:46:41.412Z,sell,6.31e-06,183.0,0.0011547299999999
NAV/BTC,1607567583383,2020-12-10T02:33:03.383Z,sell,6.31e-06,16.0,0.00010096
NAV/BTC,1607567583383,2020-12-10T02:33:03.383Z,sell,6.31e-06,16.0,0.00010096
NAV/BTC,1607568793750,2020-12-10T02:53:13.750Z,sell,6.3e-06,55.0,0.0003464999999999
NAV/BTC,1607568843769,2020-12-10T02:54:03.769Z,sell,6.28e-06,89.0,0.00055892
NAV/BTC,1607568856291,2020-12-10T02:54:16.291Z,sell,6.27e-06,773.0,0.00484671
NAV/BTC,1607568856306,2020-12-10T02:54:16.306Z,sell,6.27e-06,182.0,0.00114114
NAV/BTC,1607568856422,2020-12-10T02:54:16.422Z,sell,6.27e-06,196.0,0.00122892
NAV/BTC,1607568918817,2020-12-10T02:55:18.817Z,buy,6.28e-06,16.0,0.00010048
NAV/BTC,1607569156879,2020-12-10T02:59:16.879Z,buy,6.28e-06,149.0,0.00093572
NAV/BTC,1607569272001,2020-12-10T03:01:12.001Z,sell,6.27e-06,974.0,0.00610698
NAV/BTC,1607569547908,2020-12-10T03:05:47.908Z,buy,6.3e-06,55.0,0.0003464999999999
NAV/BTC,1607569547908,2020-12-10T03:05:47.908Z,buy,6.32e-06,86.0,0.0005435199999999
NAV/BTC,1607570326456,2020-12-10T03:18:46.456Z,buy,6.32e-06,24361.0,0.15396152
NAV/BTC,1607570326456,2020-12-10T03:18:46.456Z,buy,6.33e-06,6042.0,0.03824586
NAV/BTC,1607570389028,2020-12-10T03:19:49.028Z,buy,6.33e-06,586.0,0.00370938
NAV/BTC,1607570598489,2020-12-10T03:23:18.489Z,sell,6.3e-06,55.0,0.0003464999999999
NAV/BTC,1607571153040,2020-12-10T03:32:33.040Z,buy,6.3e-06,1173.0,0.0073899
NAV/BTC,1607571153040,2020-12-10T03:32:33.040Z,buy,6.3e-06,1173.0,0.0073899
NAV/BTC,1607571347020,2020-12-10T03:35:47.020Z,buy,6.3e-06,524.0,0.0033012
NAV/BTC,1607571928782,2020-12-10T03:45:28.782Z,buy,6.31e-06,2005.0,0.01265155
NAV/BTC,1607571928782,2020-12-10T03:45:28.782Z,buy,6.32e-06,6271.0,0.0396327199999999
NAV/BTC,1607571928782,2020-12-10T03:45:28.782Z,buy,6.33e-06,6982.0,0.04419606
NAV/BTC,1607571928782,2020-12-10T03:45:28.782Z,buy,6.34e-06,6437.0,0.04081058
NAV/BTC,1607571928887,2020-12-10T03:45:28.887Z,buy,6.35e-06,75.0,0.00047625
NAV/BTC,1607571929888,2020-12-10T03:45:29.888Z,buy,6.36e-06,55.0,0.0003498
NAV/BTC,1607571931698,2020-12-10T03:45:31.698Z,buy,6.38e-06,19.0,0.00012122
NAV/BTC,1607571940214,2020-12-10T03:45:40.214Z,sell,6.34e-06,16.0,0.00010144
NAV/BTC,1607572040106,2020-12-10T03:47:20.106Z,sell,6.34e-06,500.0,0.00317
NAV/BTC,1607572063570,2020-12-10T03:47:43.570Z,buy,6.38e-06,4.0,2.552e-05
NAV/BTC,1607572063570,2020-12-10T03:47:43.570Z,buy,6.39e-06,390.0,0.0024921
NAV/BTC,1607572071025,2020-12-10T03:47:51.025Z,sell,6.36e-06,55.0,0.0003498
NAV/BTC,1607572071025,2020-12-10T03:47:51.025Z,sell,6.34e-06,86.0,0.00054524
NAV/BTC,1607572447949,2020-12-10T03:54:07.949Z,sell,6.35e-06,16.0,0.0001016
NAV/BTC,1607572500758,2020-12-10T03:55:00.758Z,sell,6.35e-06,306.0,0.0019431
NAV/BTC,1607572500795,2020-12-10T03:55:00.795Z,buy,6.35e-06,633.0,0.00401955
NAV/BTC,1607573360573,2020-12-10T04:09:20.573Z,sell,6.34e-06,1394.0,0.00883796
NAV/BTC,1607573360589,2020-12-10T04:09:20.589Z,sell,6.34e-06,697.0,0.00441898
NAV/BTC,1607573547191,2020-12-10T04:12:27.191Z,buy,6.35e-06,105.0,0.00066675
NAV/BTC,1607573763728,2020-12-10T04:16:03.728Z,buy,6.35e-06,169.0,0.00107315
NAV/BTC,1607574360664,2020-12-10T04:26:00.664Z,buy,6.35e-06,1642.0,0.0104267
NAV/BTC,1607574420793,2020-12-10T04:27:00.793Z,sell,6.35e-06,19.0,0.00012065
NAV/BTC,1607574579932,2020-12-10T04:29:39.932Z,sell,6.35e-06,24.0,0.0001524
NAV/BTC,1607574579932,2020-12-10T04:29:39.932Z,sell,6.35e-06,24.0,0.0001524
NAV/BTC,1607574771860,2020-12-10T04:32:51.860Z,sell,6.35e-06,104.0,0.0006604
NAV/BTC,1607575103240,2020-12-10T04:38:23.240Z,sell,6.35e-06,373.0,0.00236855
NAV/BTC,1607575458425,2020-12-10T04:44:18.425Z,sell,6.35e-06,18.0,0.0001143
NAV/BTC,1607576035577,2020-12-10T04:53:55.577Z,sell,6.35e-06,639.0,0.00405765
NAV/BTC,1607576354758,2020-12-10T04:59:14.758Z,sell,6.35e-06,152.0,0.0009652
NAV/BTC,1607577573155,2020-12-10T05:19:33.155Z,buy,6.36e-06,347.0,0.00220692
NAV/BTC,1607577573155,2020-12-10T05:19:33.155Z,buy,6.36e-06,347.0,0.00220692
NAV/BTC,1607578461899,2020-12-10T05:34:21.899Z,sell,6.35e-06,139.0,0.00088265
NAV/BTC,1607578500662,2020-12-10T05:35:00.662Z,sell,6.35e-06,167.0,0.00106045
NAV/BTC,1607579191357,2020-12-10T05:46:31.357Z,sell,6.35e-06,1298.0,0.0082423
NAV/BTC,1607579191372,2020-12-10T05:46:31.372Z,sell,6.35e-06,649.0,0.00412115
NAV/BTC,1607579209816,2020-12-10T05:46:49.816Z,sell,6.35e-06,278.0,0.0017653
NAV/BTC,1607579209826,2020-12-10T05:46:49.826Z,sell,6.35e-06,857.0,0.00544195
NAV/BTC,1607579210901,2020-12-10T05:46:50.901Z,sell,6.35e-06,563.0,0.00357505
NAV/BTC,1607579213503,2020-12-10T05:46:53.503Z,sell,6.35e-06,275.0,0.00174625
NAV/BTC,1607579463128,2020-12-10T05:51:03.128Z,buy,6.36e-06,270.0,0.0017172
NAV/BTC,1607579463128,2020-12-10T05:51:03.128Z,buy,6.36e-06,270.0,0.0017172
NAV/BTC,1607581663833,2020-12-10T06:27:43.833Z,sell,6.35e-06,2560.0,0.016256
NAV/BTC,1607581664792,2020-12-10T06:27:44.792Z,sell,6.34e-06,1269.0,0.00804546
NAV/BTC,1607581665696,2020-12-10T06:27:45.696Z,sell,6.34e-06,630.0,0.0039942
NAV/BTC,1607581665797,2020-12-10T06:27:45.797Z,sell,6.34e-06,315.0,0.0019971
NAV/BTC,1607582207912,2020-12-10T06:36:47.912Z,sell,6.34e-06,2346.0,0.01487364
NAV/BTC,1607582207925,2020-12-10T06:36:47.925Z,sell,6.34e-06,1174.0,0.00744316
NAV/BTC,1607582208287,2020-12-10T06:36:48.287Z,sell,6.34e-06,586.0,0.00371524
NAV/BTC,1607582225091,2020-12-10T06:37:05.091Z,sell,6.34e-06,254.0,0.00161036
NAV/BTC,1607582469336,2020-12-10T06:41:09.336Z,buy,6.35e-06,942.0,0.0059817
NAV/BTC,1607582555470,2020-12-10T06:42:35.470Z,sell,6.34e-06,237.0,0.00150258
NAV/BTC,1607582555470,2020-12-10T06:42:35.470Z,sell,6.34e-06,237.0,0.00150258
NAV/BTC,1607583442460,2020-12-10T06:57:22.460Z,sell,6.34e-06,787.0,0.00498958
NAV/BTC,1607583442475,2020-12-10T06:57:22.475Z,sell,6.34e-06,393.0,0.00249162
NAV/BTC,1607583447651,2020-12-10T06:57:27.651Z,sell,6.34e-06,188.0,0.00119192
NAV/BTC,1607583803378,2020-12-10T07:03:23.378Z,sell,6.34e-06,4357.0,0.02762338
NAV/BTC,1607583803393,2020-12-10T07:03:23.393Z,sell,6.34e-06,2183.0,0.01384022
NAV/BTC,1607583814646,2020-12-10T07:03:34.646Z,sell,6.34e-06,994.0,0.00630196
NAV/BTC,1607583814754,2020-12-10T07:03:34.754Z,sell,6.34e-06,496.0,0.00314464
NAV/BTC,1607583815144,2020-12-10T07:03:35.144Z,sell,6.34e-06,248.0,0.00157232
NAV/BTC,1607584006080,2020-12-10T07:06:46.080Z,buy,6.35e-06,6238.0,0.0396113
NAV/BTC,1607584093997,2020-12-10T07:08:13.997Z,sell,6.34e-06,1511.0,0.00957974
NAV/BTC,1607584094094,2020-12-10T07:08:14.094Z,sell,6.34e-06,755.0,0.0047867
NAV/BTC,1607584094205,2020-12-10T07:08:14.205Z,sell,6.34e-06,377.0,0.00239018
NAV/BTC,1607584094900,2020-12-10T07:08:14.900Z,sell,6.34e-06,188.0,0.00119192
NAV/BTC,1607585185711,2020-12-10T07:26:25.711Z,sell,6.34e-06,999.0,0.00633366
NAV/BTC,1607585198036,2020-12-10T07:26:38.036Z,sell,6.34e-06,999.0,0.00633366
NAV/BTC,1607585198036,2020-12-10T07:26:38.036Z,sell,6.34e-06,999.0,0.00633366
NAV/BTC,1607587467015,2020-12-10T08:04:27.015Z,buy,6.39e-06,41.0,0.00026199
NAV/BTC,1607587467015,2020-12-10T08:04:27.015Z,buy,6.39e-06,41.0,0.00026199
NAV/BTC,1607589650310,2020-12-10T08:40:50.310Z,buy,6.39e-06,52.0,0.00033228
NAV/BTC,1607589650310,2020-12-10T08:40:50.310Z,buy,6.4e-06,74.0,0.0004735999999999
NAV/BTC,1607589797020,2020-12-10T08:43:17.020Z,buy,6.4e-06,126.0,0.0008064
NAV/BTC,1607589816480,2020-12-10T08:43:36.480Z,sell,6.37e-06,72.0,0.00045864
NAV/BTC,1607589816480,2020-12-10T08:43:36.480Z,sell,6.37e-06,72.0,0.00045864
NAV/BTC,1607591565205,2020-12-10T09:12:45.205Z,sell,6.38e-06,16.0,0.00010208
NAV/BTC,1607591565309,2020-12-10T09:12:45.309Z,buy,6.38e-06,421.0,0.00268598
NAV/BTC,1607593303618,2020-12-10T09:41:43.618Z,buy,6.4e-06,1685.0,0.010784
NAV/BTC,1607593303618,2020-12-10T09:41:43.618Z,buy,6.42e-06,5615.0,0.0360483
NAV/BTC,1607593303618,2020-12-10T09:41:43.618Z,buy,6.4e-06,1685.0,0.010784
NAV/BTC,1607593303618,2020-12-10T09:41:43.618Z,buy,6.42e-06,5615.0,0.0360483
NAV/BTC,1607594017166,2020-12-10T09:53:37.166Z,sell,6.39e-06,524.0,0.00334836
NAV/BTC,1607594017166,2020-12-10T09:53:37.166Z,sell,6.39e-06,40.0,0.0002556
NAV/BTC,1607594017166,2020-12-10T09:53:37.166Z,sell,6.39e-06,62.0,0.00039618
NAV/BTC,1607594017166,2020-12-10T09:53:37.166Z,sell,6.38e-06,14.0,8.931999999999999e-05
NAV/BTC,1607594477064,2020-12-10T10:01:17.064Z,sell,6.38e-06,189.0,0.00120582
NAV/BTC,1607594477064,2020-12-10T10:01:17.064Z,sell,6.36e-06,34.0,0.00021624
NAV/BTC,1607594477153,2020-12-10T10:01:17.153Z,sell,6.36e-06,786.0,0.00499896
NAV/BTC,1607594478114,2020-12-10T10:01:18.114Z,sell,6.36e-06,256.0,0.00162816
NAV/BTC,1607594479219,2020-12-10T10:01:19.219Z,sell,6.36e-06,784.0,0.00498624
NAV/BTC,1607594480734,2020-12-10T10:01:20.734Z,sell,6.36e-06,475.0,0.003021
NAV/BTC,1607594481347,2020-12-10T10:01:21.347Z,sell,6.36e-06,1505.0,0.0095718
NAV/BTC,1607594495311,2020-12-10T10:01:35.311Z,sell,6.36e-06,223.0,0.00141828
NAV/BTC,1607594516907,2020-12-10T10:01:56.907Z,sell,6.35e-06,215.0,0.00136525
NAV/BTC,1607594610746,2020-12-10T10:03:30.746Z,sell,6.34e-06,18.0,0.00011412
NAV/BTC,1607594887079,2020-12-10T10:08:07.079Z,sell,6.34e-06,1148.0,0.00727832
NAV/BTC,1607595131340,2020-12-10T10:12:11.340Z,sell,6.35e-06,364.0,0.0023114
NAV/BTC,1607595139998,2020-12-10T10:12:19.998Z,buy,6.35e-06,320.0,0.002032
NAV/BTC,1607595790821,2020-12-10T10:23:10.821Z,buy,6.35e-06,116.0,0.0007366
NAV/BTC,1607595791494,2020-12-10T10:23:11.494Z,buy,6.35e-06,99.0,0.00062865
NAV/BTC,1607595852081,2020-12-10T10:24:12.081Z,sell,6.34e-06,69.0,0.00043746
NAV/BTC,1607596199180,2020-12-10T10:29:59.180Z,sell,6.34e-06,237.0,0.00150258
NAV/BTC,1607596384226,2020-12-10T10:33:04.226Z,sell,6.34e-06,264.0,0.00167376
NAV/BTC,1607596384226,2020-12-10T10:33:04.226Z,sell,6.34e-06,264.0,0.00167376
NAV/BTC,1607596958846,2020-12-10T10:42:38.846Z,sell,6.33e-06,97.0,0.00061401
NAV/BTC,1607596966833,2020-12-10T10:42:46.833Z,sell,6.34e-06,100.0,0.000634
NAV/BTC,1607597505053,2020-12-10T10:51:45.053Z,sell,6.32e-06,2750.0,0.01738
NAV/BTC,1607597505100,2020-12-10T10:51:45.100Z,sell,6.32e-06,1376.0,0.0086963199999999
NAV/BTC,1607597522394,2020-12-10T10:52:02.394Z,sell,6.31e-06,258.0,0.00162798
NAV/BTC,1607597522394,2020-12-10T10:52:02.394Z,sell,6.3e-06,433.0,0.0027279
NAV/BTC,1607597522448,2020-12-10T10:52:02.448Z,buy,6.3e-06,559.0,0.0035217
NAV/BTC,1607597541376,2020-12-10T10:52:21.376Z,sell,6.29e-06,325.0,0.00204425
NAV/BTC,1607597541376,2020-12-10T10:52:21.376Z,sell,6.28e-06,6675.0,0.041919
NAV/BTC,1607597602516,2020-12-10T10:53:22.516Z,buy,6.33e-06,55.0,0.00034815
NAV/BTC,1607597602516,2020-12-10T10:53:22.516Z,buy,6.34e-06,2023.0,0.01282582
NAV/BTC,1607597602516,2020-12-10T10:53:22.516Z,buy,6.35e-06,7922.0,0.0503047
NAV/BTC,1607597627587,2020-12-10T10:53:47.587Z,buy,6.36e-06,2107.0,0.01340052
NAV/BTC,1607597627587,2020-12-10T10:53:47.587Z,buy,6.37e-06,72.0,0.00045864
NAV/BTC,1607597627587,2020-12-10T10:53:47.587Z,buy,6.38e-06,2821.0,0.01799798
NAV/BTC,1607598070577,2020-12-10T11:01:10.577Z,sell,6.33e-06,55.0,0.00034815
NAV/BTC,1607598107556,2020-12-10T11:01:47.556Z,sell,6.3e-06,44.0,0.0002772
NAV/BTC,1607598107556,2020-12-10T11:01:47.556Z,sell,6.3e-06,44.0,0.0002772
NAV/BTC,1607602175430,2020-12-10T12:09:35.430Z,buy,6.36e-06,55.0,0.0003498
NAV/BTC,1607602264007,2020-12-10T12:11:04.007Z,buy,6.37e-06,468.0,0.00298116
NAV/BTC,1607602265062,2020-12-10T12:11:05.062Z,buy,6.38e-06,245.0,0.0015631
NAV/BTC,1607602265062,2020-12-10T12:11:05.062Z,buy,6.38e-06,245.0,0.0015631
NAV/BTC,1607602629729,2020-12-10T12:17:09.729Z,buy,6.38e-06,1461.0,0.00932118
NAV/BTC,1607602629745,2020-12-10T12:17:09.745Z,buy,6.38e-06,72.0,0.00045936
NAV/BTC,1607602632048,2020-12-10T12:17:12.048Z,buy,6.39e-06,687.0,0.00438993
NAV/BTC,1607602632176,2020-12-10T12:17:12.176Z,buy,6.39e-06,343.0,0.00219177
NAV/BTC,1607602632453,2020-12-10T12:17:12.453Z,buy,6.39e-06,171.0,0.00109269
NAV/BTC,1607602634880,2020-12-10T12:17:14.880Z,buy,6.39e-06,19.0,0.0001214099999999
NAV/BTC,1607602751986,2020-12-10T12:19:11.986Z,buy,6.39e-06,2048.0,0.01308672
NAV/BTC,1607602752004,2020-12-10T12:19:12.004Z,buy,6.39e-06,1059.0,0.0067670099999999
NAV/BTC,1607602752121,2020-12-10T12:19:12.121Z,buy,6.39e-06,529.0,0.00338031
NAV/BTC,1607602752321,2020-12-10T12:19:12.321Z,buy,6.39e-06,264.0,0.00168696
NAV/BTC,1607602811066,2020-12-10T12:20:11.066Z,sell,6.38e-06,385.0,0.0024563
NAV/BTC,1607602811086,2020-12-10T12:20:11.086Z,buy,6.39e-06,273.0,0.00174447
NAV/BTC,1607602817975,2020-12-10T12:20:17.975Z,buy,6.39e-06,3854.0,0.02462706
NAV/BTC,1607602818151,2020-12-10T12:20:18.151Z,buy,6.4e-06,2053.0,0.0131392
NAV/BTC,1607602819056,2020-12-10T12:20:19.056Z,buy,6.4e-06,181.0,0.0011584
NAV/BTC,1607602928055,2020-12-10T12:22:08.055Z,buy,6.42e-06,30.0,0.0001926
NAV/BTC,1607602930681,2020-12-10T12:22:10.681Z,sell,6.41e-06,43.0,0.0002756299999999
NAV/BTC,1607602931657,2020-12-10T12:22:11.657Z,buy,6.43e-06,85.0,0.00054655
NAV/BTC,1607602931657,2020-12-10T12:22:11.657Z,buy,6.44e-06,147.0,0.00094668
NAV/BTC,1607602947171,2020-12-10T12:22:27.171Z,buy,6.43e-06,47.0,0.00030221
NAV/BTC,1607602947171,2020-12-10T12:22:27.171Z,buy,6.44e-06,79.0,0.00050876
NAV/BTC,1607602947171,2020-12-10T12:22:27.171Z,buy,6.45e-06,386.0,0.0024897
NAV/BTC,1607602949356,2020-12-10T12:22:29.356Z,buy,6.45e-06,19.0,0.00012255
NAV/BTC,1607603185301,2020-12-10T12:26:25.301Z,buy,6.44e-06,16.0,0.00010304
NAV/BTC,1607603185301,2020-12-10T12:26:25.301Z,buy,6.45e-06,932.0,0.0060114
NAV/BTC,1607603186151,2020-12-10T12:26:26.151Z,buy,6.46e-06,211.0,0.00136306
NAV/BTC,1607603288303,2020-12-10T12:28:08.303Z,buy,6.47e-06,528.0,0.00341616
NAV/BTC,1607603347960,2020-12-10T12:29:07.960Z,sell,6.47e-06,16.0,0.00010352
NAV/BTC,1607603494429,2020-12-10T12:31:34.429Z,buy,6.49e-06,71.0,0.00046079
NAV/BTC,1607603494429,2020-12-10T12:31:34.429Z,buy,6.5e-06,429.0,0.0027884999999999
NAV/BTC,1607603507255,2020-12-10T12:31:47.255Z,buy,6.5e-06,1023.0,0.0066494999999999
NAV/BTC,1607603576295,2020-12-10T12:32:56.295Z,buy,6.5e-06,4753.0,0.0308945
NAV/BTC,1607603577896,2020-12-10T12:32:57.896Z,sell,6.5e-06,74.0,0.000481
NAV/BTC,1607603581458,2020-12-10T12:33:01.458Z,buy,6.52e-06,19.0,0.00012388
NAV/BTC,1607603581735,2020-12-10T12:33:01.735Z,sell,6.5e-06,16.0,0.000104
NAV/BTC,1607603619704,2020-12-10T12:33:39.704Z,sell,6.51e-06,630.0,0.0041013
NAV/BTC,1607603619721,2020-12-10T12:33:39.721Z,sell,6.51e-06,2327.0,0.01514877
NAV/BTC,1607603620282,2020-12-10T12:33:40.282Z,sell,6.51e-06,1158.0,0.00753858
NAV/BTC,1607603620385,2020-12-10T12:33:40.385Z,sell,6.51e-06,579.0,0.00376929
NAV/BTC,1607603620480,2020-12-10T12:33:40.480Z,sell,6.51e-06,289.0,0.00188139
NAV/BTC,1607603703671,2020-12-10T12:35:03.671Z,sell,6.51e-06,322.0,0.00209622
NAV/BTC,1607603703714,2020-12-10T12:35:03.714Z,sell,6.51e-06,233.0,0.00151683
NAV/BTC,1607603710152,2020-12-10T12:35:10.152Z,sell,6.51e-06,644.0,0.00419244
NAV/BTC,1607603710162,2020-12-10T12:35:10.162Z,sell,6.51e-06,827.0,0.00538377
NAV/BTC,1607603710331,2020-12-10T12:35:10.331Z,sell,6.5e-06,845.0,0.0054925
NAV/BTC,1607603710436,2020-12-10T12:35:10.436Z,sell,6.5e-06,422.0,0.0027429999999999
NAV/BTC,1607603711178,2020-12-10T12:35:11.178Z,sell,6.5e-06,30.0,0.000195
NAV/BTC,1607603711189,2020-12-10T12:35:11.189Z,sell,6.5e-06,225.0,0.0014624999999999
NAV/BTC,1607603766853,2020-12-10T12:36:06.853Z,sell,6.5e-06,2419.0,0.0157234999999999
NAV/BTC,1607603823089,2020-12-10T12:37:03.089Z,sell,6.47e-06,487.0,0.00315089
NAV/BTC,1607603823089,2020-12-10T12:37:03.089Z,sell,6.47e-06,119.0,0.0007699299999999
NAV/BTC,1607603823089,2020-12-10T12:37:03.089Z,sell,6.47e-06,76.0,0.00049172
NAV/BTC,1607603823089,2020-12-10T12:37:03.089Z,sell,6.47e-06,543.0,0.00351321
NAV/BTC,1607603890331,2020-12-10T12:38:10.331Z,sell,6.47e-06,807.0,0.00522129
NAV/BTC,1607603890428,2020-12-10T12:38:10.428Z,sell,6.47e-06,403.0,0.00260741
NAV/BTC,1607603890632,2020-12-10T12:38:10.632Z,sell,6.47e-06,201.0,0.00130047
NAV/BTC,1607604034395,2020-12-10T12:40:34.395Z,sell,6.47e-06,55.0,0.00035585
NAV/BTC,1607605436186,2020-12-10T13:03:56.186Z,buy,6.49e-06,17.0,0.00011033
NAV/BTC,1607605436186,2020-12-10T13:03:56.186Z,buy,6.5e-06,780.0,0.00507
NAV/BTC,1607605518406,2020-12-10T13:05:18.406Z,sell,6.47e-06,200.0,0.001294
NAV/BTC,1607605587235,2020-12-10T13:06:27.235Z,sell,6.47e-06,556.0,0.0035973199999999
NAV/BTC,1607605691474,2020-12-10T13:08:11.474Z,sell,6.46e-06,55.0,0.0003553
NAV/BTC,1607605759571,2020-12-10T13:09:19.571Z,sell,6.45e-06,32.0,0.0002064
NAV/BTC,1607605827164,2020-12-10T13:10:27.164Z,sell,6.44e-06,325.0,0.002093
NAV/BTC,1607605827164,2020-12-10T13:10:27.164Z,sell,6.44e-06,325.0,0.002093
NAV/BTC,1607605905261,2020-12-10T13:11:45.261Z,sell,6.44e-06,16.0,0.00010304
NAV/BTC,1607606268325,2020-12-10T13:17:48.325Z,sell,6.43e-06,55.0,0.00035365
NAV/BTC,1607606905970,2020-12-10T13:28:25.970Z,buy,6.43e-06,94.0,0.00060442
NAV/BTC,1607607647932,2020-12-10T13:40:47.932Z,buy,6.43e-06,136.0,0.00087448
NAV/BTC,1607607647932,2020-12-10T13:40:47.932Z,buy,6.44e-06,231.0,0.00148764
NAV/BTC,1607607647932,2020-12-10T13:40:47.932Z,buy,6.45e-06,2393.0,0.01543485
NAV/BTC,1607607833080,2020-12-10T13:43:53.080Z,sell,6.41e-06,57.0,0.0003653699999999
NAV/BTC,1607607833080,2020-12-10T13:43:53.080Z,sell,6.39e-06,42.0,0.00026838
NAV/BTC,1607607833080,2020-12-10T13:43:53.080Z,sell,6.39e-06,764.0,0.0048819599999999
NAV/BTC,1607607833196,2020-12-10T13:43:53.196Z,buy,6.39e-06,258.0,0.00164862
NAV/BTC,1607607834048,2020-12-10T13:43:54.048Z,buy,6.4e-06,74.0,0.0004735999999999
NAV/BTC,1607607834691,2020-12-10T13:43:54.691Z,buy,6.4e-06,599.0,0.0038336
NAV/BTC,1607607967933,2020-12-10T13:46:07.933Z,buy,6.4e-06,16.0,0.0001024
NAV/BTC,1607608405735,2020-12-10T13:53:25.735Z,buy,6.4e-06,156.0,0.0009984
NAV/BTC,1607608447044,2020-12-10T13:54:07.044Z,buy,6.4e-06,1123.0,0.0071871999999999
NAV/BTC,1607608447060,2020-12-10T13:54:07.060Z,buy,6.4e-06,624.0,0.0039936
NAV/BTC,1607608505389,2020-12-10T13:55:05.389Z,buy,6.4e-06,96.0,0.0006144
NAV/BTC,1607608571744,2020-12-10T13:56:11.744Z,sell,6.41e-06,1425.0,0.00913425
NAV/BTC,1607609361844,2020-12-10T14:09:21.844Z,sell,6.42e-06,27.0,0.00017334
NAV/BTC,1607609409619,2020-12-10T14:10:09.619Z,sell,6.42e-06,16.0,0.00010272
NAV/BTC,1607609409619,2020-12-10T14:10:09.619Z,sell,6.42e-06,16.0,0.00010272
NAV/BTC,1607609832695,2020-12-10T14:17:12.695Z,sell,6.42e-06,232.0,0.00148944
NAV/BTC,1607609832934,2020-12-10T14:17:12.934Z,sell,6.42e-06,1123.0,0.00720966
NAV/BTC,1607609832983,2020-12-10T14:17:12.983Z,sell,6.42e-06,677.0,0.00434634
NAV/BTC,1607609833092,2020-12-10T14:17:13.092Z,sell,6.42e-06,339.0,0.00217638
NAV/BTC,1607610054121,2020-12-10T14:20:54.121Z,sell,6.42e-06,312.0,0.00200304
NAV/BTC,1607610143309,2020-12-10T14:22:23.309Z,sell,6.42e-06,334.0,0.00214428
NAV/BTC,1607610511493,2020-12-10T14:28:31.493Z,sell,6.42e-06,129.0,0.00082818
NAV/BTC,1607610689986,2020-12-10T14:31:29.986Z,sell,6.42e-06,166.0,0.00106572
NAV/BTC,1607612041406,2020-12-10T14:54:01.406Z,sell,6.4e-06,168.0,0.0010752
NAV/BTC,1607612108661,2020-12-10T14:55:08.661Z,sell,6.4e-06,16.0,0.0001024
NAV/BTC,1607612108661,2020-12-10T14:55:08.661Z,sell,6.4e-06,16.0,0.0001024
NAV/BTC,1607613385027,2020-12-10T15:16:25.027Z,sell,6.39e-06,32.0,0.00020448
NAV/BTC,1607613423324,2020-12-10T15:17:03.324Z,sell,6.38e-06,124.0,0.00079112
NAV/BTC,1607613423324,2020-12-10T15:17:03.324Z,sell,6.38e-06,83.0,0.00052954
NAV/BTC,1607613423324,2020-12-10T15:17:03.324Z,sell,6.37e-06,402.0,0.00256074
NAV/BTC,1607613423324,2020-12-10T15:17:03.324Z,sell,6.36e-06,572.0,0.00363792
NAV/BTC,1607613443320,2020-12-10T15:17:23.320Z,sell,6.35e-06,509.0,0.00323215
NAV/BTC,1607613443333,2020-12-10T15:17:23.333Z,sell,6.35e-06,841.0,0.00534035
NAV/BTC,1607613508407,2020-12-10T15:18:28.407Z,buy,6.35e-06,1425.0,0.00904875
NAV/BTC,1607614016847,2020-12-10T15:26:56.847Z,sell,6.35e-06,2760.0,0.017526
NAV/BTC,1607614244418,2020-12-10T15:30:44.418Z,buy,6.36e-06,857.0,0.00545052
NAV/BTC,1607614244433,2020-12-10T15:30:44.433Z,buy,6.36e-06,638.0,0.00405768
NAV/BTC,1607614244627,2020-12-10T15:30:44.627Z,buy,6.36e-06,318.0,0.00202248
NAV/BTC,1607614244723,2020-12-10T15:30:44.723Z,buy,6.36e-06,159.0,0.00101124
NAV/BTC,1607614543383,2020-12-10T15:35:43.383Z,sell,6.35e-06,3850.0,0.0244475
NAV/BTC,1607614615038,2020-12-10T15:36:55.038Z,buy,6.36e-06,157.0,0.00099852
NAV/BTC,1607614615055,2020-12-10T15:36:55.055Z,buy,6.36e-06,1141.0,0.00725676
NAV/BTC,1607614618560,2020-12-10T15:36:58.560Z,sell,6.35e-06,9709.0,0.06165215
NAV/BTC,1607614744280,2020-12-10T15:39:04.280Z,buy,6.36e-06,1897.0,0.01206492
NAV/BTC,1607614744388,2020-12-10T15:39:04.388Z,buy,6.36e-06,304.0,0.00193344
NAV/BTC,1607615187082,2020-12-10T15:46:27.082Z,buy,6.39e-06,55.0,0.00035145
NAV/BTC,1607615228003,2020-12-10T15:47:08.003Z,sell,6.39e-06,16.0,0.00010224
NAV/BTC,1607615310098,2020-12-10T15:48:30.098Z,buy,6.43e-06,55.0,0.00035365
NAV/BTC,1607615310098,2020-12-10T15:48:30.098Z,buy,6.44e-06,463.0,0.00298172
NAV/BTC,1607615310098,2020-12-10T15:48:30.098Z,buy,6.45e-06,206.0,0.0013287
NAV/BTC,1607615310098,2020-12-10T15:48:30.098Z,buy,6.46e-06,55.0,0.0003553
NAV/BTC,1607615310177,2020-12-10T15:48:30.177Z,sell,6.46e-06,216.0,0.00139536
NAV/BTC,1607615310177,2020-12-10T15:48:30.177Z,sell,6.46e-06,216.0,0.00139536
NAV/BTC,1607616325167,2020-12-10T16:05:25.167Z,sell,6.43e-06,152.0,0.00097736
NAV/BTC,1607616927209,2020-12-10T16:15:27.209Z,sell,6.43e-06,328.0,0.00210904
NAV/BTC,1607618737874,2020-12-10T16:45:37.874Z,buy,6.45e-06,23.0,0.00014835
NAV/BTC,1607618737874,2020-12-10T16:45:37.874Z,buy,6.46e-06,55.0,0.0003553
NAV/BTC,1607618737874,2020-12-10T16:45:37.874Z,buy,6.47e-06,30.0,0.0001941
NAV/BTC,1607618737874,2020-12-10T16:45:37.874Z,buy,6.48e-06,19.0,0.00012312
NAV/BTC,1607618737874,2020-12-10T16:45:37.874Z,buy,6.45e-06,23.0,0.00014835
NAV/BTC,1607618737874,2020-12-10T16:45:37.874Z,buy,6.46e-06,55.0,0.0003553
NAV/BTC,1607618737874,2020-12-10T16:45:37.874Z,buy,6.47e-06,30.0,0.0001941
NAV/BTC,1607618737874,2020-12-10T16:45:37.874Z,buy,6.48e-06,19.0,0.00012312
NAV/BTC,1607619979239,2020-12-10T17:06:19.239Z,buy,6.48e-06,815.0,0.0052812
NAV/BTC,1607620000213,2020-12-10T17:06:40.213Z,sell,6.48e-06,630.0,0.0040824
NAV/BTC,1607620011312,2020-12-10T17:06:51.312Z,sell,6.48e-06,630.0,0.0040824
NAV/BTC,1607620011327,2020-12-10T17:06:51.327Z,sell,6.48e-06,914.0,0.00592272
NAV/BTC,1607620022308,2020-12-10T17:07:02.308Z,sell,6.48e-06,325.0,0.002106
NAV/BTC,1607620022319,2020-12-10T17:07:02.319Z,sell,6.48e-06,579.0,0.0037519199999999
NAV/BTC,1607620022583,2020-12-10T17:07:02.583Z,sell,6.48e-06,16.0,0.00010368
NAV/BTC,1607620022598,2020-12-10T17:07:02.598Z,sell,6.48e-06,297.0,0.0019245599999999
NAV/BTC,1607620028270,2020-12-10T17:07:08.270Z,sell,6.48e-06,626.0,0.0040564799999999
NAV/BTC,1607620028285,2020-12-10T17:07:08.285Z,sell,6.48e-06,455.0,0.0029484
NAV/BTC,1607620028959,2020-12-10T17:07:08.959Z,sell,6.48e-06,226.0,0.00146448
NAV/BTC,1607620049850,2020-12-10T17:07:29.850Z,sell,6.48e-06,626.0,0.0040564799999999
NAV/BTC,1607620049867,2020-12-10T17:07:29.867Z,sell,6.48e-06,408.0,0.0026438399999999
NAV/BTC,1607620049982,2020-12-10T17:07:29.982Z,sell,6.48e-06,204.0,0.0013219199999999
NAV/BTC,1607620265300,2020-12-10T17:11:05.300Z,buy,6.49e-06,138.0,0.00089562
NAV/BTC,1607620265300,2020-12-10T17:11:05.300Z,buy,6.5e-06,261.0,0.0016964999999999
NAV/BTC,1607620265300,2020-12-10T17:11:05.300Z,buy,6.52e-06,1726.0,0.01125352
NAV/BTC,1607620265300,2020-12-10T17:11:05.300Z,sell,6.48e-06,500.0,0.00324
NAV/BTC,1607620272725,2020-12-10T17:11:12.725Z,buy,6.53e-06,19.0,0.00012407
NAV/BTC,1607620427029,2020-12-10T17:13:47.029Z,buy,6.53e-06,5040.0,0.0329112
NAV/BTC,1607620590936,2020-12-10T17:16:30.936Z,sell,6.49e-06,55.0,0.00035695
NAV/BTC,1607620590936,2020-12-10T17:16:30.936Z,sell,6.48e-06,68.0,0.00044064
NAV/BTC,1607620590936,2020-12-10T17:16:30.936Z,sell,6.48e-06,46.0,0.00029808
NAV/BTC,1607620590936,2020-12-10T17:16:30.936Z,sell,6.48e-06,33.0,0.00021384
NAV/BTC,1607621290623,2020-12-10T17:28:10.623Z,sell,6.49e-06,416.0,0.00269984
NAV/BTC,1607621291566,2020-12-10T17:28:11.566Z,sell,6.49e-06,771.0,0.00500379
NAV/BTC,1607621370277,2020-12-10T17:29:30.277Z,sell,6.49e-06,771.0,0.00500379
NAV/BTC,1607621381741,2020-12-10T17:29:41.741Z,sell,6.49e-06,369.0,0.00239481
NAV/BTC,1607621385784,2020-12-10T17:29:45.784Z,sell,6.49e-06,369.0,0.00239481
NAV/BTC,1607621389773,2020-12-10T17:29:49.773Z,sell,6.49e-06,369.0,0.00239481
NAV/BTC,1607621394084,2020-12-10T17:29:54.084Z,sell,6.49e-06,369.0,0.00239481
NAV/BTC,1607621397788,2020-12-10T17:29:57.788Z,sell,6.49e-06,369.0,0.00239481
NAV/BTC,1607621401818,2020-12-10T17:30:01.818Z,sell,6.49e-06,369.0,0.00239481
NAV/BTC,1607621405906,2020-12-10T17:30:05.906Z,sell,6.49e-06,228.0,0.00147972
NAV/BTC,1607621452242,2020-12-10T17:30:52.242Z,sell,6.49e-06,184.0,0.0011941599999999
NAV/BTC,1607621597786,2020-12-10T17:33:17.786Z,sell,6.49e-06,50.0,0.0003245
NAV/BTC,1607622141705,2020-12-10T17:42:21.705Z,sell,6.49e-06,108.0,0.00070092
NAV/BTC,1607622141705,2020-12-10T17:42:21.705Z,sell,6.49e-06,108.0,0.00070092
NAV/BTC,1607622723800,2020-12-10T17:52:03.800Z,sell,6.5e-06,74.0,0.000481
NAV/BTC,1607622787967,2020-12-10T17:53:07.967Z,sell,6.5e-06,16.0,0.000104
NAV/BTC,1607623754085,2020-12-10T18:09:14.085Z,sell,6.51e-06,307.0,0.00199857
NAV/BTC,1607624096375,2020-12-10T18:14:56.375Z,sell,6.51e-06,36.0,0.00023436
NAV/BTC,1607624301564,2020-12-10T18:18:21.564Z,buy,6.52e-06,1315.0,0.0085738
NAV/BTC,1607624301616,2020-12-10T18:18:21.616Z,buy,6.52e-06,662.0,0.00431624
NAV/BTC,1607624321477,2020-12-10T18:18:41.477Z,buy,6.52e-06,1470.0,0.0095844
NAV/BTC,1607624351998,2020-12-10T18:19:11.998Z,sell,6.51e-06,234.0,0.00152334
NAV/BTC,1607624369189,2020-12-10T18:19:29.189Z,sell,6.5e-06,1468.0,0.009542
NAV/BTC,1607624369201,2020-12-10T18:19:29.201Z,sell,6.5e-06,457.0,0.0029704999999999
NAV/BTC,1607624463481,2020-12-10T18:21:03.481Z,sell,6.49e-06,324.0,0.00210276
NAV/BTC,1607624463496,2020-12-10T18:21:03.496Z,sell,6.49e-06,64.0,0.00041536
NAV/BTC,1607624730592,2020-12-10T18:25:30.592Z,sell,6.51e-06,857.0,0.00557907
NAV/BTC,1607624730604,2020-12-10T18:25:30.604Z,sell,6.51e-06,496.0,0.00322896
NAV/BTC,1607624731503,2020-12-10T18:25:31.503Z,sell,6.51e-06,246.0,0.00160146
NAV/BTC,1607625016113,2020-12-10T18:30:16.113Z,sell,6.51e-06,3755.0,0.02444505
NAV/BTC,1607625016123,2020-12-10T18:30:16.123Z,sell,6.51e-06,379.0,0.00246729
NAV/BTC,1607625721664,2020-12-10T18:42:01.664Z,buy,6.52e-06,55.0,0.0003586
NAV/BTC,1607625736460,2020-12-10T18:42:16.460Z,sell,6.52e-06,55.0,0.0003586
NAV/BTC,1607625736460,2020-12-10T18:42:16.460Z,sell,6.52e-06,55.0,0.0003586
NAV/BTC,1607625742464,2020-12-10T18:42:22.464Z,sell,6.52e-06,96.0,0.00062592
NAV/BTC,1607625744384,2020-12-10T18:42:24.384Z,sell,6.52e-06,149.0,0.00097148
NAV/BTC,1607625936622,2020-12-10T18:45:36.622Z,buy,6.53e-06,2815.0,0.01838195
NAV/BTC,1607626015341,2020-12-10T18:46:55.341Z,buy,6.54e-06,3129.0,0.02046366
NAV/BTC,1607626020353,2020-12-10T18:47:00.353Z,buy,6.55e-06,2341.0,0.01533355
NAV/BTC,1607626020353,2020-12-10T18:47:00.353Z,sell,6.49e-06,2000.0,0.01298
NAV/BTC,1607626028244,2020-12-10T18:47:08.244Z,buy,6.54e-06,16.0,0.00010464
NAV/BTC,1607626032156,2020-12-10T18:47:12.156Z,buy,6.54e-06,1949.0,0.01274646
NAV/BTC,1607626032156,2020-12-10T18:47:12.156Z,buy,6.55e-06,55.0,0.00036025
NAV/BTC,1607626049070,2020-12-10T18:47:29.070Z,buy,6.57e-06,4887.0,0.03210759
NAV/BTC,1607626102398,2020-12-10T18:48:22.398Z,buy,6.57e-06,1371.0,0.00900747
NAV/BTC,1607626134523,2020-12-10T18:48:54.523Z,buy,6.58e-06,74.0,0.0004869199999999
NAV/BTC,1607626136011,2020-12-10T18:48:56.011Z,sell,6.58e-06,74.0,0.0004869199999999
NAV/BTC,1607626137375,2020-12-10T18:48:57.375Z,buy,6.59e-06,19.0,0.00012521
NAV/BTC,1607626151491,2020-12-10T18:49:11.491Z,buy,6.59e-06,4925.0,0.03245575
NAV/BTC,1607626486532,2020-12-10T18:54:46.532Z,sell,6.55e-06,55.0,0.00036025
NAV/BTC,1607626486532,2020-12-10T18:54:46.532Z,sell,6.53e-06,263.0,0.00171739
NAV/BTC,1607626486532,2020-12-10T18:54:46.532Z,sell,6.53e-06,27.0,0.00017631
NAV/BTC,1607626492489,2020-12-10T18:54:52.489Z,sell,6.53e-06,554.0,0.00361762
NAV/BTC,1607626492489,2020-12-10T18:54:52.489Z,sell,6.52e-06,816.0,0.00532032
NAV/BTC,1607626492489,2020-12-10T18:54:52.489Z,sell,6.52e-06,267.0,0.00174084
NAV/BTC,1607626657249,2020-12-10T18:57:37.249Z,buy,6.52e-06,929.0,0.00605708
NAV/BTC,1607626657264,2020-12-10T18:57:37.264Z,buy,6.52e-06,727.0,0.00474004
NAV/BTC,1607626766053,2020-12-10T18:59:26.053Z,sell,6.53e-06,200.0,0.001306
NAV/BTC,1607627177424,2020-12-10T19:06:17.424Z,sell,6.53e-06,471.0,0.00307563
NAV/BTC,1607627177424,2020-12-10T19:06:17.424Z,sell,6.52e-06,22.0,0.00014344
NAV/BTC,1607627177424,2020-12-10T19:06:17.424Z,sell,6.5e-06,728.0,0.004732
NAV/BTC,1607627177528,2020-12-10T19:06:17.528Z,buy,6.5e-06,130.0,0.0008449999999999
NAV/BTC,1607627211525,2020-12-10T19:06:51.525Z,sell,6.49e-06,2384.0,0.0154721599999999
NAV/BTC,1607627223819,2020-12-10T19:07:03.819Z,sell,6.49e-06,324.0,0.00210276
NAV/BTC,1607627223819,2020-12-10T19:07:03.819Z,sell,6.48e-06,806.0,0.00522288
NAV/BTC,1607627972219,2020-12-10T19:19:32.219Z,sell,6.48e-06,4637.0,0.03004776
NAV/BTC,1607627973264,2020-12-10T19:19:33.264Z,buy,6.48e-06,74.0,0.00047952
NAV/BTC,1607627975374,2020-12-10T19:19:35.374Z,buy,6.48e-06,154.0,0.00099792
NAV/BTC,1607627983787,2020-12-10T19:19:43.787Z,buy,6.48e-06,154.0,0.00099792
NAV/BTC,1607628410414,2020-12-10T19:26:50.414Z,buy,6.5e-06,336.0,0.0021839999999999
NAV/BTC,1607628608051,2020-12-10T19:30:08.051Z,sell,6.5e-06,16.0,0.000104
NAV/BTC,1607628608051,2020-12-10T19:30:08.051Z,sell,6.5e-06,16.0,0.000104
NAV/BTC,1607629903453,2020-12-10T19:51:43.453Z,sell,6.5e-06,20.0,0.00013
NAV/BTC,1607630559141,2020-12-10T20:02:39.141Z,buy,6.52e-06,55.0,0.0003586
NAV/BTC,1607630559141,2020-12-10T20:02:39.141Z,buy,6.54e-06,5.0,3.27e-05
NAV/BTC,1607630645199,2020-12-10T20:04:05.199Z,buy,6.51e-06,324.0,0.00210924
NAV/BTC,1607630645199,2020-12-10T20:04:05.199Z,buy,6.51e-06,324.0,0.00210924
NAV/BTC,1607633859892,2020-12-10T20:57:39.892Z,buy,6.55e-06,88.0,0.0005764
NAV/BTC,1607633880554,2020-12-10T20:58:00.554Z,buy,6.55e-06,837.0,0.0054823499999999
NAV/BTC,1607634068726,2020-12-10T21:01:08.726Z,sell,6.52e-06,378.0,0.00246456
NAV/BTC,1607634068726,2020-12-10T21:01:08.726Z,sell,6.51e-06,458.0,0.00298158
NAV/BTC,1607634068726,2020-12-10T21:01:08.726Z,sell,6.5e-06,1.0,6.5e-06
NAV/BTC,1607634068726,2020-12-10T21:01:08.726Z,sell,6.52e-06,378.0,0.00246456
NAV/BTC,1607634068726,2020-12-10T21:01:08.726Z,sell,6.51e-06,458.0,0.00298158
NAV/BTC,1607634068726,2020-12-10T21:01:08.726Z,sell,6.5e-06,1.0,6.5e-06
NAV/BTC,1607634247323,2020-12-10T21:04:07.323Z,buy,6.51e-06,323.0,0.00210273
NAV/BTC,1607635911954,2020-12-10T21:31:51.954Z,sell,6.52e-06,323.0,0.00210596
NAV/BTC,1607635911954,2020-12-10T21:31:51.954Z,sell,6.51e-06,458.0,0.00298158
NAV/BTC,1607635916690,2020-12-10T21:31:56.690Z,buy,6.51e-06,18.0,0.00011718
NAV/BTC,1607635916690,2020-12-10T21:31:56.690Z,buy,6.54e-06,8.0,5.232e-05
NAV/BTC,1607635916909,2020-12-10T21:31:56.909Z,buy,6.54e-06,131.0,0.00085674
NAV/BTC,1607635917843,2020-12-10T21:31:57.843Z,buy,6.55e-06,29.0,0.00018995
NAV/BTC,1607635917982,2020-12-10T21:31:57.982Z,buy,6.55e-06,26.0,0.0001703
NAV/BTC,1607635917982,2020-12-10T21:31:57.982Z,buy,6.56e-06,206.0,0.00135136
NAV/BTC,1607635917982,2020-12-10T21:31:57.982Z,buy,6.56e-06,48.0,0.00031488
NAV/BTC,1607635918310,2020-12-10T21:31:58.310Z,buy,6.55e-06,67.0,0.00043885
NAV/BTC,1607636590539,2020-12-10T21:43:10.539Z,buy,6.54e-06,276.0,0.00180504
NAV/BTC,1607636703901,2020-12-10T21:45:03.901Z,buy,6.54e-06,835.0,0.0054609
NAV/BTC,1607636709500,2020-12-10T21:45:09.500Z,buy,6.55e-06,152.0,0.0009956
NAV/BTC,1607636762355,2020-12-10T21:46:02.355Z,sell,6.54e-06,323.0,0.00211242
NAV/BTC,1607636769244,2020-12-10T21:46:09.244Z,buy,6.55e-06,35.0,0.00022925
NAV/BTC,1607637119383,2020-12-10T21:51:59.383Z,buy,6.55e-06,317.0,0.00207635
NAV/BTC,1607637307526,2020-12-10T21:55:07.526Z,buy,6.55e-06,548.0,0.0035894
NAV/BTC,1607637375329,2020-12-10T21:56:15.329Z,buy,6.57e-06,480.0,0.0031536
NAV/BTC,1607637375329,2020-12-10T21:56:15.329Z,buy,6.58e-06,496.0,0.0032636799999999
NAV/BTC,1607637375329,2020-12-10T21:56:15.329Z,buy,6.59e-06,1182.0,0.0077893799999999
NAV/BTC,1607637375329,2020-12-10T21:56:15.329Z,buy,6.57e-06,480.0,0.0031536
NAV/BTC,1607637375329,2020-12-10T21:56:15.329Z,buy,6.58e-06,496.0,0.0032636799999999
NAV/BTC,1607637375329,2020-12-10T21:56:15.329Z,buy,6.59e-06,1182.0,0.0077893799999999
NAV/BTC,1607638398975,2020-12-10T22:13:18.975Z,sell,6.55e-06,20.0,0.0001309999999999
NAV/BTC,1607638510222,2020-12-10T22:15:10.222Z,sell,6.55e-06,35.0,0.00022925
NAV/BTC,1607638510222,2020-12-10T22:15:10.222Z,sell,6.54e-06,77.0,0.00050358
NAV/BTC,1607638515171,2020-12-10T22:15:15.171Z,buy,6.58e-06,26.0,0.00017108
NAV/BTC,1607638515395,2020-12-10T22:15:15.395Z,buy,6.58e-06,29.0,0.00019082
NAV/BTC,1607638515395,2020-12-10T22:15:15.395Z,buy,6.59e-06,106.0,0.00069854
NAV/BTC,1607638515603,2020-12-10T22:15:15.603Z,buy,6.59e-06,284.0,0.00187156
NAV/BTC,1607638515633,2020-12-10T22:15:15.633Z,buy,6.59e-06,591.0,0.0038946899999999
NAV/BTC,1607638515638,2020-12-10T22:15:15.638Z,buy,6.59e-06,17.0,0.00011203
NAV/BTC,1607638516208,2020-12-10T22:15:16.208Z,buy,6.59e-06,23.0,0.00015157
NAV/BTC,1607638516589,2020-12-10T22:15:16.589Z,buy,6.59e-06,25.0,0.00016475
NAV/BTC,1607638516677,2020-12-10T22:15:16.677Z,buy,6.59e-06,17.0,0.00011203
NAV/BTC,1607638566362,2020-12-10T22:16:06.362Z,sell,6.55e-06,55.0,0.00036025
NAV/BTC,1607638566362,2020-12-10T22:16:06.362Z,sell,6.54e-06,58.0,0.00037932
NAV/BTC,1607640493983,2020-12-10T22:48:13.983Z,sell,6.54e-06,16.0,0.00010464
NAV/BTC,1607640527871,2020-12-10T22:48:47.871Z,buy,6.58e-06,55.0,0.0003618999999999
NAV/BTC,1607640527871,2020-12-10T22:48:47.871Z,buy,6.59e-06,5168.0,0.0340571199999999
NAV/BTC,1607640533091,2020-12-10T22:48:53.091Z,buy,6.59e-06,130.0,0.0008567
NAV/BTC,1607640744749,2020-12-10T22:52:24.749Z,buy,6.59e-06,40.0,0.0002636
NAV/BTC,1607640968265,2020-12-10T22:56:08.265Z,sell,6.58e-06,74.0,0.0004869199999999
NAV/BTC,1607640968265,2020-12-10T22:56:08.265Z,sell,6.58e-06,74.0,0.0004869199999999
NAV/BTC,1607641024890,2020-12-10T22:57:04.890Z,sell,6.58e-06,162.0,0.00106596
NAV/BTC,1607641024928,2020-12-10T22:57:04.928Z,sell,6.58e-06,154.0,0.0010133199999999
NAV/BTC,1607641410536,2020-12-10T23:03:30.536Z,sell,6.58e-06,102.0,0.00067116
NAV/BTC,1607641410549,2020-12-10T23:03:30.549Z,sell,6.58e-06,857.0,0.0056390599999999
NAV/BTC,1607641415665,2020-12-10T23:03:35.665Z,sell,6.58e-06,60.0,0.0003948
NAV/BTC,1607642357420,2020-12-10T23:19:17.420Z,buy,6.59e-06,2749.0,0.01811591
NAV/BTC,1607643226674,2020-12-10T23:33:46.674Z,buy,6.59e-06,2692.0,0.0177402799999999
NAV/BTC,1607643414451,2020-12-10T23:36:54.451Z,buy,6.59e-06,540.0,0.0035586
NAV/BTC,1607643821700,2020-12-10T23:43:41.700Z,sell,6.59e-06,19.0,0.00012521
NAV/BTC,1607644102459,2020-12-10T23:48:22.459Z,buy,6.6e-06,4545.0,0.029997
NAV/BTC,1607644102467,2020-12-10T23:48:22.467Z,buy,6.6e-06,838.0,0.0055308
NAV/BTC,1607644102477,2020-12-10T23:48:22.477Z,buy,6.6e-06,979.0,0.0064614
NAV/BTC,1607644102652,2020-12-10T23:48:22.652Z,buy,6.6e-06,2201.0,0.0145266
NAV/BTC,1607644104749,2020-12-10T23:48:24.749Z,buy,6.6e-06,687.0,0.0045342
NAV/BTC,1607644107129,2020-12-10T23:48:27.129Z,buy,6.61e-06,24.0,0.00015864
NAV/BTC,1607644107473,2020-12-10T23:48:27.473Z,buy,6.61e-06,30.0,0.0001983
NAV/BTC,1607644107654,2020-12-10T23:48:27.654Z,buy,6.61e-06,49.0,0.00032389
NAV/BTC,1607644107703,2020-12-10T23:48:27.703Z,buy,6.61e-06,18.0,0.00011898
NAV/BTC,1607644107705,2020-12-10T23:48:27.705Z,buy,6.61e-06,159.0,0.00105099
NAV/BTC,1607644107705,2020-12-10T23:48:27.705Z,buy,6.62e-06,85.0,0.0005627
NAV/BTC,1607644107705,2020-12-10T23:48:27.705Z,buy,6.63e-06,71.0,0.00047073
NAV/BTC,1607644107705,2020-12-10T23:48:27.705Z,buy,6.63e-06,40.0,0.0002652
NAV/BTC,1607644107835,2020-12-10T23:48:27.835Z,buy,6.63e-06,53.0,0.00035139
NAV/BTC,1607644107842,2020-12-10T23:48:27.842Z,buy,6.63e-06,243.0,0.00161109
NAV/BTC,1607644107842,2020-12-10T23:48:27.842Z,buy,6.64e-06,271.0,0.00179944
NAV/BTC,1607644107850,2020-12-10T23:48:27.850Z,buy,6.64e-06,20.0,0.0001328
NAV/BTC,1607644107851,2020-12-10T23:48:27.851Z,buy,6.64e-06,149.0,0.00098936
NAV/BTC,1607644108486,2020-12-10T23:48:28.486Z,buy,6.64e-06,30.0,0.0001992
NAV/BTC,1607644108504,2020-12-10T23:48:28.504Z,buy,6.64e-06,105.0,0.0006972
NAV/BTC,1607644108581,2020-12-10T23:48:28.581Z,buy,6.64e-06,24.0,0.00015936
NAV/BTC,1607644108782,2020-12-10T23:48:28.782Z,buy,6.64e-06,19.0,0.00012616
NAV/BTC,1607644257771,2020-12-10T23:50:57.771Z,buy,6.64e-06,41.0,0.00027224
NAV/BTC,1607644357217,2020-12-10T23:52:37.217Z,sell,6.59e-06,884.0,0.00582556
NAV/BTC,1607644362254,2020-12-10T23:52:42.254Z,buy,6.64e-06,25.0,0.000166
NAV/BTC,1607644362259,2020-12-10T23:52:42.259Z,buy,6.64e-06,150.0,0.000996
NAV/BTC,1607644362611,2020-12-10T23:52:42.611Z,buy,6.64e-06,134.0,0.00088976
NAV/BTC,1607644362924,2020-12-10T23:52:42.924Z,buy,6.64e-06,47.0,0.00031208
NAV/BTC,1607644363114,2020-12-10T23:52:43.114Z,buy,6.64e-06,233.0,0.00154712
NAV/BTC,1607644363239,2020-12-10T23:52:43.239Z,buy,6.64e-06,233.0,0.00154712
NAV/BTC,1607644363239,2020-12-10T23:52:43.239Z,buy,6.65e-06,45.0,0.00029925
NAV/BTC,1607644363977,2020-12-10T23:52:43.977Z,buy,6.65e-06,67.0,0.00044555
NAV/BTC,1607644392213,2020-12-10T23:53:12.213Z,sell,6.62e-06,172.0,0.00113864
NAV/BTC,1607644392213,2020-12-10T23:53:12.213Z,sell,6.62e-06,172.0,0.00113864
NAV/BTC,1607646084559,2020-12-11T00:21:24.559Z,buy,6.64e-06,689.0,0.00457496
NAV/BTC,1607646084559,2020-12-11T00:21:24.559Z,buy,6.65e-06,2563.0,0.01704395
NAV/BTC,1607646084677,2020-12-11T00:21:24.677Z,sell,6.65e-06,1624.0,0.0107996
NAV/BTC,1607646084779,2020-12-11T00:21:24.779Z,sell,6.65e-06,812.0,0.0053998
NAV/BTC,1607646084794,2020-12-11T00:21:24.794Z,sell,6.65e-06,838.0,0.0055727
NAV/BTC,1607646084879,2020-12-11T00:21:24.879Z,sell,6.65e-06,824.0,0.0054796
NAV/BTC,1607646084980,2020-12-11T00:21:24.980Z,sell,6.65e-06,412.0,0.0027398
NAV/BTC,1607646085702,2020-12-11T00:21:25.702Z,sell,6.65e-06,74.0,0.0004921
NAV/BTC,1607646089673,2020-12-11T00:21:29.673Z,buy,6.66e-06,281.0,0.00187146
NAV/BTC,1607646089756,2020-12-11T00:21:29.756Z,buy,6.66e-06,34.0,0.0002264399999999
NAV/BTC,1607646089756,2020-12-11T00:21:29.756Z,buy,6.67e-06,95.0,0.0006336499999999
NAV/BTC,1607646090011,2020-12-11T00:21:30.011Z,buy,6.67e-06,584.0,0.0038952799999999
NAV/BTC,1607646090018,2020-12-11T00:21:30.018Z,buy,6.67e-06,17.0,0.00011339
NAV/BTC,1607646090725,2020-12-11T00:21:30.725Z,buy,6.67e-06,23.0,0.0001534099999999
NAV/BTC,1607646091013,2020-12-11T00:21:31.013Z,buy,6.67e-06,23.0,0.0001534099999999
NAV/BTC,1607646091301,2020-12-11T00:21:31.301Z,buy,6.67e-06,17.0,0.00011339
NAV/BTC,1607646361946,2020-12-11T00:26:01.946Z,buy,6.66e-06,18.0,0.00011988
NAV/BTC,1607646361946,2020-12-11T00:26:01.946Z,buy,6.67e-06,106.0,0.0007070199999999
NAV/BTC,1607646568314,2020-12-11T00:29:28.314Z,sell,6.65e-06,20.0,0.000133
NAV/BTC,1607646813484,2020-12-11T00:33:33.484Z,sell,6.62e-06,55.0,0.0003641
NAV/BTC,1607646813484,2020-12-11T00:33:33.484Z,sell,6.6e-06,95.0,0.000627
NAV/BTC,1607646818134,2020-12-11T00:33:38.134Z,buy,6.65e-06,18.0,0.0001197
NAV/BTC,1607646818930,2020-12-11T00:33:38.930Z,buy,6.65e-06,29.0,0.00019285
NAV/BTC,1607646897303,2020-12-11T00:34:57.303Z,buy,6.65e-06,8.0,5.32e-05
NAV/BTC,1607646897303,2020-12-11T00:34:57.303Z,buy,6.66e-06,104.0,0.00069264
NAV/BTC,1607647054697,2020-12-11T00:37:34.697Z,buy,6.66e-06,750.0,0.0049949999999999
NAV/BTC,1607647063133,2020-12-11T00:37:43.133Z,buy,6.66e-06,15.0,9.99e-05
NAV/BTC,1607647136762,2020-12-11T00:38:56.762Z,sell,6.62e-06,92.0,0.00060904
NAV/BTC,1607647867480,2020-12-11T00:51:07.480Z,sell,6.62e-06,146.0,0.00096652
NAV/BTC,1607647897838,2020-12-11T00:51:37.838Z,buy,6.64e-06,19.0,0.00012616
NAV/BTC,1607647897838,2020-12-11T00:51:37.838Z,buy,6.64e-06,19.0,0.00012616
NAV/BTC,1607648192077,2020-12-11T00:56:32.077Z,sell,6.62e-06,1216.0,0.00804992
NAV/BTC,1607648228003,2020-12-11T00:57:08.003Z,buy,6.62e-06,16.0,0.00010592
NAV/BTC,1607648717146,2020-12-11T01:05:17.146Z,sell,6.6e-06,77.0,0.0005082
NAV/BTC,1607649143423,2020-12-11T01:12:23.423Z,sell,6.6e-06,278.0,0.0018348
NAV/BTC,1607649163457,2020-12-11T01:12:43.457Z,sell,6.6e-06,366.0,0.0024156
NAV/BTC,1607649163457,2020-12-11T01:12:43.457Z,sell,6.59e-06,5615.0,0.03700285
NAV/BTC,1607649178466,2020-12-11T01:12:58.466Z,sell,6.58e-06,449.0,0.0029544199999999
NAV/BTC,1607649178466,2020-12-11T01:12:58.466Z,sell,6.57e-06,1386.0,0.00910602
NAV/BTC,1607649178466,2020-12-11T01:12:58.466Z,sell,6.56e-06,32.0,0.00020992
NAV/BTC,1607649540574,2020-12-11T01:19:00.574Z,sell,6.57e-06,1461.0,0.00959877
NAV/BTC,1607649540574,2020-12-11T01:19:00.574Z,sell,6.56e-06,37.0,0.00024272
NAV/BTC,1607649540574,2020-12-11T01:19:00.574Z,sell,6.55e-06,1466.0,0.0096023
NAV/BTC,1607649540574,2020-12-11T01:19:00.574Z,sell,6.54e-06,2071.0,0.01354434
NAV/BTC,1607649913935,2020-12-11T01:25:13.935Z,sell,6.53e-06,3887.0,0.02538211
NAV/BTC,1607649978887,2020-12-11T01:26:18.887Z,buy,6.58e-06,5376.0,0.0353740799999999
NAV/BTC,1607650345225,2020-12-11T01:32:25.225Z,buy,6.59e-06,338.0,0.00222742
NAV/BTC,1607651332317,2020-12-11T01:48:52.317Z,sell,6.56e-06,4691.0,0.03077296
NAV/BTC,1607651333458,2020-12-11T01:48:53.458Z,buy,6.56e-06,74.0,0.00048544
NAV/BTC,1607651417955,2020-12-11T01:50:17.955Z,sell,6.55e-06,396.0,0.0025938
NAV/BTC,1607651417955,2020-12-11T01:50:17.955Z,sell,6.54e-06,2365.0,0.0154671
NAV/BTC,1607651417955,2020-12-11T01:50:17.955Z,sell,6.52e-06,293.0,0.00191036
NAV/BTC,1607651417955,2020-12-11T01:50:17.955Z,sell,6.51e-06,138.0,0.00089838
NAV/BTC,1607651417955,2020-12-11T01:50:17.955Z,sell,6.5e-06,3222.0,0.020943
NAV/BTC,1607651417955,2020-12-11T01:50:17.955Z,sell,6.55e-06,396.0,0.0025938
NAV/BTC,1607651417955,2020-12-11T01:50:17.955Z,sell,6.54e-06,2365.0,0.0154671
NAV/BTC,1607651417955,2020-12-11T01:50:17.955Z,sell,6.52e-06,293.0,0.00191036
NAV/BTC,1607651417955,2020-12-11T01:50:17.955Z,sell,6.51e-06,138.0,0.00089838
NAV/BTC,1607651417955,2020-12-11T01:50:17.955Z,sell,6.5e-06,3222.0,0.020943
NAV/BTC,1607651658622,2020-12-11T01:54:18.622Z,buy,6.55e-06,55.0,0.00036025
NAV/BTC,1607651924119,2020-12-11T01:58:44.119Z,sell,6.52e-06,300.0,0.001956
NAV/BTC,1607651986739,2020-12-11T01:59:46.739Z,sell,6.52e-06,3087.0,0.02012724
NAV/BTC,1607652762710,2020-12-11T02:12:42.710Z,sell,6.52e-06,16.0,0.00010432
NAV/BTC,1607652762755,2020-12-11T02:12:42.755Z,buy,6.52e-06,284.0,0.00185168
NAV/BTC,1607652858957,2020-12-11T02:14:18.957Z,buy,6.53e-06,215.0,0.00140395
NAV/BTC,1607652858957,2020-12-11T02:14:18.957Z,buy,6.54e-06,260.0,0.0017004
NAV/BTC,1607652880009,2020-12-11T02:14:40.009Z,buy,6.52e-06,103.0,0.00067156
NAV/BTC,1607652886430,2020-12-11T02:14:46.430Z,buy,6.52e-06,97.0,0.00063244
NAV/BTC,1607652892011,2020-12-11T02:14:52.011Z,buy,6.52e-06,122.0,0.00079544
NAV/BTC,1607653125714,2020-12-11T02:18:45.714Z,sell,6.52e-06,324.0,0.00211248
NAV/BTC,1607654121430,2020-12-11T02:35:21.430Z,sell,6.5e-06,81.0,0.0005265
NAV/BTC,1607654121430,2020-12-11T02:35:21.430Z,sell,6.5e-06,81.0,0.0005265
NAV/BTC,1607656150474,2020-12-11T03:09:10.474Z,sell,6.5e-06,20.0,0.00013
NAV/BTC,1607656270908,2020-12-11T03:11:10.908Z,sell,6.5e-06,154.0,0.001001
NAV/BTC,1607656270908,2020-12-11T03:11:10.908Z,sell,6.49e-06,88.0,0.0005711199999999
NAV/BTC,1607656271463,2020-12-11T03:11:11.463Z,sell,6.49e-06,346.0,0.00224554
NAV/BTC,1607656468760,2020-12-11T03:14:28.760Z,sell,6.49e-06,204.0,0.00132396
NAV/BTC,1607657662048,2020-12-11T03:34:22.048Z,buy,6.52e-06,22.0,0.00014344
NAV/BTC,1607657662058,2020-12-11T03:34:22.058Z,buy,6.52e-06,33.0,0.00021516
NAV/BTC,1607657662058,2020-12-11T03:34:22.058Z,buy,6.52e-06,33.0,0.00021516
NAV/BTC,1607658008968,2020-12-11T03:40:08.968Z,buy,6.52e-06,16.0,0.00010432
NAV/BTC,1607658101816,2020-12-11T03:41:41.816Z,sell,6.5e-06,854.0,0.0055509999999999
NAV/BTC,1607658252072,2020-12-11T03:44:12.072Z,buy,6.54e-06,128.0,0.00083712
NAV/BTC,1607659035693,2020-12-11T03:57:15.693Z,buy,6.54e-06,31.0,0.00020274
NAV/BTC,1607659083986,2020-12-11T03:58:03.986Z,sell,6.52e-06,324.0,0.00211248
NAV/BTC,1607660934350,2020-12-11T04:28:54.350Z,sell,6.52e-06,16.0,0.00010432
NAV/BTC,1607660934350,2020-12-11T04:28:54.350Z,sell,6.51e-06,2226.0,0.01449126
NAV/BTC,1607660935098,2020-12-11T04:28:55.098Z,buy,6.51e-06,153.0,0.00099603
NAV/BTC,1607660938037,2020-12-11T04:28:58.037Z,buy,6.51e-06,26.0,0.00016926
NAV/BTC,1607660938037,2020-12-11T04:28:58.037Z,buy,6.51e-06,26.0,0.00016926
NAV/BTC,1607661480863,2020-12-11T04:38:00.863Z,buy,6.51e-06,282.0,0.00183582
NAV/BTC,1607662202315,2020-12-11T04:50:02.315Z,sell,6.49e-06,7910.0,0.0513359
NAV/BTC,1607662202315,2020-12-11T04:50:02.315Z,sell,6.48e-06,6492.0,0.04206816
NAV/BTC,1607662202315,2020-12-11T04:50:02.315Z,sell,6.47e-06,4670.0,0.0302149
NAV/BTC,1607663433571,2020-12-11T05:10:33.571Z,sell,6.48e-06,342.0,0.00221616
NAV/BTC,1607663941033,2020-12-11T05:19:01.033Z,sell,6.48e-06,1466.0,0.00949968
NAV/BTC,1607663941033,2020-12-11T05:19:01.033Z,sell,6.47e-06,6356.0,0.04112332
NAV/BTC,1607663941033,2020-12-11T05:19:01.033Z,sell,6.46e-06,11250.0,0.072675
NAV/BTC,1607663941033,2020-12-11T05:19:01.033Z,sell,6.48e-06,1466.0,0.00949968
NAV/BTC,1607663941033,2020-12-11T05:19:01.033Z,sell,6.47e-06,6356.0,0.04112332
NAV/BTC,1607663941033,2020-12-11T05:19:01.033Z,sell,6.46e-06,11250.0,0.072675
NAV/BTC,1607667436549,2020-12-11T06:17:16.549Z,sell,6.46e-06,496.0,0.00320416
NAV/BTC,1607667436549,2020-12-11T06:17:16.549Z,sell,6.46e-06,496.0,0.00320416
NAV/BTC,1607667795899,2020-12-11T06:23:15.899Z,buy,6.48e-06,74.0,0.00047952
NAV/BTC,1607667945201,2020-12-11T06:25:45.201Z,buy,6.49e-06,31.0,0.00020119
NAV/BTC,1607668152240,2020-12-11T06:29:12.240Z,buy,6.49e-06,23.0,0.0001492699999999
NAV/BTC,1607668409008,2020-12-11T06:33:29.008Z,buy,6.49e-06,942.0,0.0061135799999999
NAV/BTC,1607668414893,2020-12-11T06:33:34.893Z,buy,6.49e-06,30.0,0.0001947
NAV/BTC,1607668585060,2020-12-11T06:36:25.060Z,buy,6.49e-06,17.0,0.00011033
NAV/BTC,1607668941100,2020-12-11T06:42:21.100Z,buy,6.49e-06,590.0,0.0038290999999999
NAV/BTC,1607668941127,2020-12-11T06:42:21.127Z,sell,6.49e-06,334.0,0.00216766
NAV/BTC,1607669229075,2020-12-11T06:47:09.075Z,buy,6.51e-06,460.0,0.0029946
NAV/BTC,1607669585422,2020-12-11T06:53:05.422Z,buy,6.51e-06,16.0,0.00010416
NAV/BTC,1607669585422,2020-12-11T06:53:05.422Z,buy,6.52e-06,549.0,0.00357948
NAV/BTC,1607669586391,2020-12-11T06:53:06.391Z,buy,6.52e-06,2848.0,0.01856896
NAV/BTC,1607669954584,2020-12-11T06:59:14.584Z,buy,6.53e-06,32.0,0.00020896
NAV/BTC,1607669958174,2020-12-11T06:59:18.174Z,buy,6.53e-06,31.0,0.00020243
NAV/BTC,1607669961828,2020-12-11T06:59:21.828Z,buy,6.53e-06,31.0,0.00020243
NAV/BTC,1607669965988,2020-12-11T06:59:25.988Z,buy,6.53e-06,31.0,0.00020243
NAV/BTC,1607669971491,2020-12-11T06:59:31.491Z,buy,6.53e-06,31.0,0.00020243
NAV/BTC,1607669971644,2020-12-11T06:59:31.644Z,buy,6.53e-06,32.0,0.00020896
NAV/BTC,1607669971990,2020-12-11T06:59:31.990Z,buy,6.53e-06,32.0,0.00020896
NAV/BTC,1607669972146,2020-12-11T06:59:32.146Z,buy,6.53e-06,32.0,0.00020896
NAV/BTC,1607669972320,2020-12-11T06:59:32.320Z,buy,6.53e-06,32.0,0.00020896
NAV/BTC,1607669972825,2020-12-11T06:59:32.825Z,buy,6.53e-06,32.0,0.00020896
NAV/BTC,1607669973327,2020-12-11T06:59:33.327Z,buy,6.53e-06,32.0,0.00020896
NAV/BTC,1607669973476,2020-12-11T06:59:33.476Z,buy,6.53e-06,32.0,0.00020896
NAV/BTC,1607669973648,2020-12-11T06:59:33.648Z,buy,6.53e-06,32.0,0.00020896
NAV/BTC,1607670048549,2020-12-11T07:00:48.549Z,sell,6.5e-06,31.0,0.0002015
NAV/BTC,1607670048549,2020-12-11T07:00:48.549Z,sell,6.49e-06,55.0,0.00035695
NAV/BTC,1607670048549,2020-12-11T07:00:48.549Z,sell,6.47e-06,344.0,0.00222568
NAV/BTC,1607670048549,2020-12-11T07:00:48.549Z,sell,6.46e-06,2981.0,0.01925726
NAV/BTC,1607670048549,2020-12-11T07:00:48.549Z,sell,6.5e-06,31.0,0.0002015
NAV/BTC,1607670048549,2020-12-11T07:00:48.549Z,sell,6.49e-06,55.0,0.00035695
NAV/BTC,1607670048549,2020-12-11T07:00:48.549Z,sell,6.47e-06,344.0,0.00222568
NAV/BTC,1607670048549,2020-12-11T07:00:48.549Z,sell,6.46e-06,2981.0,0.01925726
NAV/BTC,1607671279672,2020-12-11T07:21:19.672Z,buy,6.47e-06,334.0,0.00216098
NAV/BTC,1607671279689,2020-12-11T07:21:19.689Z,buy,6.47e-06,10.0,6.47e-05
NAV/BTC,1607671279689,2020-12-11T07:21:19.689Z,buy,6.47e-06,10.0,6.47e-05
NAV/BTC,1607673958979,2020-12-11T08:05:58.979Z,sell,6.47e-06,193.0,0.0012487099999999
NAV/BTC,1607673958979,2020-12-11T08:05:58.979Z,sell,6.47e-06,193.0,0.0012487099999999
NAV/BTC,1607675197932,2020-12-11T08:26:37.932Z,sell,6.46e-06,3353.0,0.02166038
NAV/BTC,1607675378929,2020-12-11T08:29:38.929Z,sell,6.46e-06,4593.0,0.02967078
NAV/BTC,1607675991871,2020-12-11T08:39:51.871Z,sell,6.46e-06,2691.0,0.01738386
NAV/BTC,1607676295675,2020-12-11T08:44:55.675Z,buy,6.49e-06,55.0,0.00035695
NAV/BTC,1607676363133,2020-12-11T08:46:03.133Z,sell,6.49e-06,326.0,0.00211574
NAV/BTC,1607676838496,2020-12-11T08:53:58.496Z,buy,6.51e-06,654.0,0.00425754
NAV/BTC,1607677048538,2020-12-11T08:57:28.538Z,sell,6.49e-06,6.0,3.894e-05
NAV/BTC,1607677048538,2020-12-11T08:57:28.538Z,sell,6.46e-06,2522.0,0.01629212
NAV/BTC,1607677048538,2020-12-11T08:57:28.538Z,sell,6.45e-06,178.0,0.0011481
NAV/BTC,1607677048538,2020-12-11T08:57:28.538Z,sell,6.49e-06,6.0,3.894e-05
NAV/BTC,1607677048538,2020-12-11T08:57:28.538Z,sell,6.46e-06,2522.0,0.01629212
NAV/BTC,1607677048538,2020-12-11T08:57:28.538Z,sell,6.45e-06,178.0,0.0011481
NAV/BTC,1607677661652,2020-12-11T09:07:41.652Z,sell,6.46e-06,16.0,0.00010336
NAV/BTC,1607677661652,2020-12-11T09:07:41.652Z,sell,6.45e-06,173.0,0.00111585
NAV/BTC,1607678555128,2020-12-11T09:22:35.128Z,sell,6.46e-06,327.0,0.00211242
NAV/BTC,1607678602892,2020-12-11T09:23:22.892Z,sell,6.45e-06,564.0,0.0036378
NAV/BTC,1607678602892,2020-12-11T09:23:22.892Z,sell,6.43e-06,96.0,0.00061728
NAV/BTC,1607678604695,2020-12-11T09:23:24.695Z,sell,6.43e-06,7400.0,0.047582
NAV/BTC,1607678604709,2020-12-11T09:23:24.709Z,sell,6.43e-06,511.0,0.00328573
NAV/BTC,1607678705505,2020-12-11T09:25:05.505Z,sell,6.43e-06,731.0,0.00470033
NAV/BTC,1607678737921,2020-12-11T09:25:37.921Z,sell,6.42e-06,1067.0,0.00685014
NAV/BTC,1607678737921,2020-12-11T09:25:37.921Z,sell,6.41e-06,763.0,0.00489083
NAV/BTC,1607680337395,2020-12-11T09:52:17.395Z,sell,6.42e-06,347.0,0.00222774
NAV/BTC,1607680337395,2020-12-11T09:52:17.395Z,sell,6.42e-06,347.0,0.00222774
NAV/BTC,1607680681239,2020-12-11T09:58:01.239Z,sell,6.42e-06,315.0,0.0020223
NAV/BTC,1607681935139,2020-12-11T10:18:55.139Z,sell,6.43e-06,156.0,0.00100308
NAV/BTC,1607681935139,2020-12-11T10:18:55.139Z,sell,6.4e-06,344.0,0.0022015999999999
NAV/BTC,1607682094294,2020-12-11T10:21:34.294Z,sell,6.41e-06,156.0,0.00099996
NAV/BTC,1607683260927,2020-12-11T10:41:00.927Z,buy,6.44e-06,17000.0,0.10948
NAV/BTC,1607683636703,2020-12-11T10:47:16.703Z,buy,6.44e-06,16.0,0.00010304
NAV/BTC,1607683636703,2020-12-11T10:47:16.703Z,buy,6.46e-06,6084.0,0.03930264
NAV/BTC,1607683712490,2020-12-11T10:48:32.490Z,sell,6.43e-06,86.0,0.00055298
NAV/BTC,1607683712604,2020-12-11T10:48:32.604Z,buy,6.43e-06,54.0,0.00034722
NAV/BTC,1607683712604,2020-12-11T10:48:32.604Z,buy,6.43e-06,54.0,0.00034722
NAV/BTC,1607684276971,2020-12-11T10:57:56.971Z,sell,6.41e-06,500.0,0.003205
NAV/BTC,1607684287171,2020-12-11T10:58:07.171Z,sell,6.41e-06,2328.0,0.0149224799999999
NAV/BTC,1607684287440,2020-12-11T10:58:07.440Z,buy,6.41e-06,16.0,0.00010256
NAV/BTC,1607684287452,2020-12-11T10:58:07.452Z,buy,6.41e-06,656.0,0.00420496
NAV/BTC,1607684331398,2020-12-11T10:58:51.398Z,sell,6.4e-06,156.0,0.0009984
NAV/BTC,1607684341048,2020-12-11T10:59:01.048Z,sell,6.4e-06,1500.0,0.0096
NAV/BTC,1607684355062,2020-12-11T10:59:15.062Z,sell,6.4e-06,156.0,0.0009984
NAV/BTC,1607684360024,2020-12-11T10:59:20.024Z,sell,6.4e-06,3750.0,0.024
NAV/BTC,1607684490106,2020-12-11T11:01:30.106Z,sell,6.39e-06,300.0,0.0019169999999999
NAV/BTC,1607684490203,2020-12-11T11:01:30.203Z,buy,6.39e-06,269.0,0.00171891
NAV/BTC,1607684490208,2020-12-11T11:01:30.208Z,buy,6.39e-06,128.0,0.00081792
NAV/BTC,1607684490355,2020-12-11T11:01:30.355Z,buy,6.39e-06,74.0,0.0004728599999999
NAV/BTC,1607684514726,2020-12-11T11:01:54.726Z,buy,6.39e-06,1307.0,0.00835173
NAV/BTC,1607684519802,2020-12-11T11:01:59.802Z,buy,6.39e-06,48.0,0.00030672
NAV/BTC,1607685150881,2020-12-11T11:12:30.881Z,buy,6.42e-06,7311.0,0.04693662
NAV/BTC,1607685264477,2020-12-11T11:14:24.477Z,sell,6.4e-06,155.0,0.000992
NAV/BTC,1607685365148,2020-12-11T11:16:05.148Z,sell,6.41e-06,156.0,0.00099996
NAV/BTC,1607685365148,2020-12-11T11:16:05.148Z,sell,6.4e-06,283.0,0.0018112
NAV/BTC,1607685460454,2020-12-11T11:17:40.454Z,sell,6.41e-06,156.0,0.00099996
NAV/BTC,1607685570124,2020-12-11T11:19:30.124Z,sell,6.41e-06,156.0,0.00099996
NAV/BTC,1607685834445,2020-12-11T11:23:54.445Z,buy,6.4e-06,156.0,0.0009984
NAV/BTC,1607685834445,2020-12-11T11:23:54.445Z,buy,6.43e-06,836.0,0.00537548
NAV/BTC,1607686770210,2020-12-11T11:39:30.210Z,sell,6.4e-06,251.0,0.0016064
NAV/BTC,1607686770210,2020-12-11T11:39:30.210Z,sell,6.4e-06,251.0,0.0016064
NAV/BTC,1607687463985,2020-12-11T11:51:03.985Z,sell,6.4e-06,209.0,0.0013376
NAV/BTC,1607687564749,2020-12-11T11:52:44.749Z,buy,6.41e-06,1867.0,0.01196747
NAV/BTC,1607687564749,2020-12-11T11:52:44.749Z,buy,6.42e-06,10913.0,0.07006146
NAV/BTC,1607687564749,2020-12-11T11:52:44.749Z,buy,6.43e-06,1220.0,0.0078446
NAV/BTC,1607687569954,2020-12-11T11:52:49.954Z,buy,6.43e-06,1752.0,0.01126536
NAV/BTC,1607687627958,2020-12-11T11:53:47.958Z,buy,6.46e-06,9611.0,0.06208706
NAV/BTC,1607687633831,2020-12-11T11:53:53.831Z,sell,6.43e-06,86.0,0.00055298
NAV/BTC,1607687812924,2020-12-11T11:56:52.924Z,sell,6.44e-06,155.0,0.0009982
NAV/BTC,1607687917149,2020-12-11T11:58:37.149Z,sell,6.43e-06,155.0,0.00099665
NAV/BTC,1607687941796,2020-12-11T11:59:01.796Z,sell,6.43e-06,509.0,0.00327287
NAV/BTC,1607687941796,2020-12-11T11:59:01.796Z,sell,6.42e-06,1072.0,0.00688224
NAV/BTC,1607688048193,2020-12-11T12:00:48.193Z,sell,6.42e-06,156.0,0.00100152
NAV/BTC,1607688227540,2020-12-11T12:03:47.540Z,sell,6.42e-06,19.0,0.00012198
NAV/BTC,1607688485104,2020-12-11T12:08:05.104Z,buy,6.42e-06,137.0,0.00087954
NAV/BTC,1607689304396,2020-12-11T12:21:44.396Z,sell,6.44e-06,155.0,0.0009982
NAV/BTC,1607689304396,2020-12-11T12:21:44.396Z,sell,6.43e-06,156.0,0.00100308
