symbol,timestamp,datetime,side,price,amount,btc_volume
NAV/BTC,1575739874834,2019-12-07T17:31:14.834Z,sell,1.334e-05,987.0,0.0131665799999999
NAV/BTC,1575739930274,2019-12-07T17:32:10.274Z,sell,1.334e-05,10.0,0.0001334
NAV/BTC,1575739931436,2019-12-07T17:32:11.436Z,sell,1.334e-05,10.0,0.0001334
NAV/BTC,1575739932239,2019-12-07T17:32:12.239Z,sell,1.334e-05,10.0,0.0001334
NAV/BTC,1575739963286,2019-12-07T17:32:43.286Z,sell,1.334e-05,919.0,0.01225946
NAV/BTC,1575740175618,2019-12-07T17:36:15.618Z,buy,1.333e-05,987.0,0.01315671
NAV/BTC,1575740216567,2019-12-07T17:36:56.567Z,sell,1.33e-05,8.0,0.0001064
NAV/BTC,1575740216567,2019-12-07T17:36:56.567Z,sell,1.329e-05,74.0,0.00098346
NAV/BTC,1575740217264,2019-12-07T17:36:57.264Z,buy,1.332e-05,10.0,0.0001331999999999
NAV/BTC,1575740259335,2019-12-07T17:37:39.335Z,sell,1.331e-05,8.0,0.00010648
NAV/BTC,1575740259335,2019-12-07T17:37:39.335Z,sell,1.329e-05,532.0,0.00707028
NAV/BTC,1575740288104,2019-12-07T17:38:08.104Z,buy,1.332e-05,10.0,0.0001331999999999
NAV/BTC,1575740349916,2019-12-07T17:39:09.916Z,sell,1.33e-05,540.0,0.007182
NAV/BTC,1575740588208,2019-12-07T17:43:08.208Z,buy,1.338e-05,10.0,0.0001338
NAV/BTC,1575740820736,2019-12-07T17:47:00.736Z,buy,1.338e-05,149.0,0.00199362
NAV/BTC,1575741026582,2019-12-07T17:50:26.582Z,buy,1.338e-05,298.0,0.00398724
NAV/BTC,1575741026582,2019-12-07T17:50:26.582Z,buy,1.338e-05,298.0,0.00398724
NAV/BTC,1575741948702,2019-12-07T18:05:48.702Z,sell,1.333e-05,365.0,0.0048654499999999
NAV/BTC,1575741948702,2019-12-07T18:05:48.702Z,sell,1.33e-05,6628.0,0.0881523999999999
NAV/BTC,1575741948702,2019-12-07T18:05:48.702Z,sell,1.329e-05,831.0,0.01104399
NAV/BTC,1575742478366,2019-12-07T18:14:38.366Z,sell,1.329e-05,626.0,0.00831954
NAV/BTC,1575742734010,2019-12-07T18:18:54.010Z,sell,1.329e-05,1651.0,0.02194179
NAV/BTC,1575742858353,2019-12-07T18:20:58.353Z,buy,1.331e-05,593.0,0.00789283
NAV/BTC,1575742923857,2019-12-07T18:22:03.857Z,sell,1.331e-05,907.0,0.01207217
NAV/BTC,1575743641893,2019-12-07T18:34:01.893Z,buy,1.339e-05,1330.0,0.0178087
NAV/BTC,1575744156716,2019-12-07T18:42:36.716Z,buy,1.333e-05,2451.0,0.03267183
NAV/BTC,1575744229043,2019-12-07T18:43:49.043Z,buy,1.339e-05,2426.0,0.03248414
NAV/BTC,1575744229122,2019-12-07T18:43:49.122Z,sell,1.339e-05,987.0,0.01321593
NAV/BTC,1575744244211,2019-12-07T18:44:04.211Z,buy,1.341e-05,28.0,0.00037548
NAV/BTC,1575744288952,2019-12-07T18:44:48.952Z,buy,1.342e-05,75.0,0.0010065
NAV/BTC,1575744521217,2019-12-07T18:48:41.217Z,buy,1.342e-05,372.0,0.00499224
NAV/BTC,1575744521217,2019-12-07T18:48:41.217Z,buy,1.342e-05,372.0,0.00499224
NAV/BTC,1575745377379,2019-12-07T19:02:57.379Z,buy,1.342e-05,8.0,0.00010736
NAV/BTC,1575745666481,2019-12-07T19:07:46.481Z,sell,1.335e-05,42.0,0.0005606999999999
NAV/BTC,1575746193977,2019-12-07T19:16:33.977Z,buy,1.343e-05,372.0,0.00499596
NAV/BTC,1575746254493,2019-12-07T19:17:34.493Z,buy,1.343e-05,35.0,0.00047005
NAV/BTC,1575746323709,2019-12-07T19:18:43.709Z,buy,1.346e-05,1840.0,0.0247664
NAV/BTC,1575746326329,2019-12-07T19:18:46.329Z,sell,1.346e-05,399.0,0.00537054
NAV/BTC,1575746327393,2019-12-07T19:18:47.393Z,sell,1.346e-05,112.0,0.00150752
NAV/BTC,1575746366300,2019-12-07T19:19:26.300Z,sell,1.346e-05,249.0,0.00335154
NAV/BTC,1575746394415,2019-12-07T19:19:54.415Z,buy,1.347e-05,324.0,0.00436428
NAV/BTC,1575746407592,2019-12-07T19:20:07.592Z,sell,1.339e-05,221.0,0.00295919
NAV/BTC,1575746407899,2019-12-07T19:20:07.899Z,buy,1.339e-05,513.0,0.00686907
NAV/BTC,1575746409294,2019-12-07T19:20:09.294Z,buy,1.339e-05,270.0,0.0036153
NAV/BTC,1575746439013,2019-12-07T19:20:39.013Z,sell,1.34e-05,560.0,0.007504
NAV/BTC,1575746476338,2019-12-07T19:21:16.338Z,sell,1.335e-05,147.0,0.0019624499999999
NAV/BTC,1575746476357,2019-12-07T19:21:16.357Z,buy,1.335e-05,675.0,0.00901125
NAV/BTC,1575746536878,2019-12-07T19:22:16.878Z,buy,1.342e-05,139.0,0.00186538
NAV/BTC,1575746536878,2019-12-07T19:22:16.878Z,buy,1.343e-05,3450.0,0.0463335
NAV/BTC,1575746579992,2019-12-07T19:22:59.992Z,buy,1.348e-05,221.0,0.00297908
NAV/BTC,1575746579992,2019-12-07T19:22:59.992Z,buy,1.349e-05,71.0,0.0009577899999999
NAV/BTC,1575746624143,2019-12-07T19:23:44.143Z,buy,1.348e-05,335.0,0.0045157999999999
NAV/BTC,1575746624165,2019-12-07T19:23:44.165Z,sell,1.348e-05,847.0,0.01141756
NAV/BTC,1575746624605,2019-12-07T19:23:44.605Z,sell,1.339e-05,335.0,0.00448565
NAV/BTC,1575746624605,2019-12-07T19:23:44.605Z,sell,1.338e-05,179.0,0.00239502
NAV/BTC,1575746624605,2019-12-07T19:23:44.605Z,sell,1.337e-05,3208.0,0.04289096
NAV/BTC,1575746624605,2019-12-07T19:23:44.605Z,sell,1.334e-05,649.0,0.00865766
NAV/BTC,1575746624605,2019-12-07T19:23:44.605Z,sell,1.333e-05,1515.0,0.02019495
NAV/BTC,1575746635280,2019-12-07T19:23:55.280Z,buy,1.347e-05,1044.0,0.01406268
NAV/BTC,1575746635280,2019-12-07T19:23:55.280Z,buy,1.348e-05,3973.0,0.05355604
NAV/BTC,1575746635585,2019-12-07T19:23:55.585Z,sell,1.348e-05,513.0,0.00691524
NAV/BTC,1575746642548,2019-12-07T19:24:02.548Z,sell,1.34e-05,226.0,0.0030284
NAV/BTC,1575746647186,2019-12-07T19:24:07.186Z,buy,1.349e-05,804.0,0.01084596
NAV/BTC,1575746647186,2019-12-07T19:24:07.186Z,buy,1.35e-05,341.0,0.0046035
NAV/BTC,1575746721215,2019-12-07T19:25:21.215Z,buy,1.34e-05,223.0,0.0029882
NAV/BTC,1575746821018,2019-12-07T19:27:01.018Z,buy,1.347e-05,1489.0,0.02005683
NAV/BTC,1575746821094,2019-12-07T19:27:01.094Z,sell,1.347e-05,223.0,0.00300381
NAV/BTC,1575746836192,2019-12-07T19:27:16.192Z,sell,1.339e-05,61.0,0.00081679
NAV/BTC,1575746872602,2019-12-07T19:27:52.602Z,buy,1.348e-05,179.0,0.00241292
NAV/BTC,1575746887932,2019-12-07T19:28:07.932Z,buy,1.349e-05,2016.0,0.02719584
NAV/BTC,1575746887956,2019-12-07T19:28:07.956Z,sell,1.349e-05,858.0,0.01157442
NAV/BTC,1575746893807,2019-12-07T19:28:13.807Z,sell,1.349e-05,371.0,0.00500479
NAV/BTC,1575746897315,2019-12-07T19:28:17.315Z,sell,1.349e-05,371.0,0.00500479
NAV/BTC,1575746902406,2019-12-07T19:28:22.406Z,buy,1.349e-05,233.0,0.00314317
NAV/BTC,1575747064064,2019-12-07T19:31:04.064Z,sell,1.34e-05,335.0,0.004489
NAV/BTC,1575747073946,2019-12-07T19:31:13.946Z,sell,1.34e-05,373.0,0.0049982
NAV/BTC,1575747073946,2019-12-07T19:31:13.946Z,sell,1.339e-05,4615.0,0.06179485
NAV/BTC,1575747073946,2019-12-07T19:31:13.946Z,sell,1.338e-05,165.0,0.0022077
NAV/BTC,1575747073946,2019-12-07T19:31:13.946Z,sell,1.335e-05,246.0,0.0032841
NAV/BTC,1575747328026,2019-12-07T19:35:28.026Z,buy,1.347e-05,128.0,0.00172416
NAV/BTC,1575748022090,2019-12-07T19:47:02.090Z,buy,1.347e-05,37.0,0.00049839
NAV/BTC,1575748022090,2019-12-07T19:47:02.090Z,buy,1.35e-05,335.0,0.0045225
NAV/BTC,1575748022090,2019-12-07T19:47:02.090Z,buy,1.351e-05,208.0,0.00281008
NAV/BTC,1575748022090,2019-12-07T19:47:02.090Z,buy,1.347e-05,37.0,0.00049839
NAV/BTC,1575748022090,2019-12-07T19:47:02.090Z,buy,1.35e-05,335.0,0.0045225
NAV/BTC,1575748022090,2019-12-07T19:47:02.090Z,buy,1.351e-05,208.0,0.00281008
NAV/BTC,1575749949349,2019-12-07T20:19:09.349Z,sell,1.347e-05,335.0,0.00451245
NAV/BTC,1575749949349,2019-12-07T20:19:09.349Z,sell,1.346e-05,245.0,0.0032976999999999
NAV/BTC,1575750293714,2019-12-07T20:24:53.714Z,sell,1.346e-05,250.0,0.003365
NAV/BTC,1575750883126,2019-12-07T20:34:43.126Z,sell,1.346e-05,8996.0,0.12108616
NAV/BTC,1575751425067,2019-12-07T20:43:45.067Z,sell,1.346e-05,1182.0,0.01590972
NAV/BTC,1575751588788,2019-12-07T20:46:28.788Z,sell,1.346e-05,969.0,0.01304274
NAV/BTC,1575751588788,2019-12-07T20:46:28.788Z,sell,1.346e-05,969.0,0.01304274
NAV/BTC,1575752056948,2019-12-07T20:54:16.948Z,sell,1.346e-05,2150.0,0.028939
NAV/BTC,1575753132036,2019-12-07T21:12:12.036Z,sell,1.346e-05,663.0,0.00892398
NAV/BTC,1575753536796,2019-12-07T21:18:56.796Z,sell,1.346e-05,405.0,0.0054513
NAV/BTC,1575754033742,2019-12-07T21:27:13.742Z,sell,1.346e-05,7965.0,0.1072089
NAV/BTC,1575754033742,2019-12-07T21:27:13.742Z,sell,1.345e-05,29.0,0.00039005
NAV/BTC,1575754033742,2019-12-07T21:27:13.742Z,sell,1.344e-05,440.0,0.0059136
NAV/BTC,1575754033742,2019-12-07T21:27:13.742Z,sell,1.346e-05,7965.0,0.1072089
NAV/BTC,1575754033742,2019-12-07T21:27:13.742Z,sell,1.345e-05,29.0,0.00039005
NAV/BTC,1575754033742,2019-12-07T21:27:13.742Z,sell,1.344e-05,440.0,0.0059136
NAV/BTC,1575756233333,2019-12-07T22:03:53.333Z,sell,1.344e-05,305.0,0.0040992
NAV/BTC,1575756892947,2019-12-07T22:14:52.947Z,sell,1.342e-05,30.0,0.0004026
NAV/BTC,1575757022905,2019-12-07T22:17:02.905Z,sell,1.342e-05,55.0,0.0007381
NAV/BTC,1575757034894,2019-12-07T22:17:14.894Z,sell,1.338e-05,203.0,0.00271614
NAV/BTC,1575757111490,2019-12-07T22:18:31.490Z,buy,1.349e-05,50.0,0.0006745
NAV/BTC,1575757202429,2019-12-07T22:20:02.429Z,buy,1.342e-05,245.0,0.0032879
NAV/BTC,1575757228774,2019-12-07T22:20:28.774Z,buy,1.348e-05,8.0,0.00010784
NAV/BTC,1575757228774,2019-12-07T22:20:28.774Z,buy,1.348e-05,8.0,0.00010784
NAV/BTC,1575759181310,2019-12-07T22:53:01.310Z,buy,1.35e-05,8.0,0.000108
NAV/BTC,1575759651370,2019-12-07T23:00:51.370Z,buy,1.35e-05,538.0,0.0072629999999999
NAV/BTC,1575759657357,2019-12-07T23:00:57.357Z,buy,1.351e-05,8.0,0.00010808
NAV/BTC,1575759756004,2019-12-07T23:02:36.004Z,sell,1.35e-05,1.0,1.35e-05
NAV/BTC,1575759756004,2019-12-07T23:02:36.004Z,sell,1.342e-05,40.0,0.0005368
NAV/BTC,1575759757407,2019-12-07T23:02:37.407Z,sell,1.341e-05,41.0,0.00054981
NAV/BTC,1575759759183,2019-12-07T23:02:39.183Z,sell,1.34e-05,41.0,0.0005494
NAV/BTC,1575759759610,2019-12-07T23:02:39.610Z,buy,1.349e-05,10.0,0.0001349
NAV/BTC,1575759793191,2019-12-07T23:03:13.191Z,buy,1.349e-05,31.0,0.00041819
NAV/BTC,1575759793191,2019-12-07T23:03:13.191Z,buy,1.35e-05,1.0,1.35e-05
NAV/BTC,1575759793191,2019-12-07T23:03:13.191Z,buy,1.349e-05,31.0,0.00041819
NAV/BTC,1575759793191,2019-12-07T23:03:13.191Z,buy,1.35e-05,1.0,1.35e-05
NAV/BTC,1575763062479,2019-12-07T23:57:42.479Z,sell,1.342e-05,413.0,0.00554246
NAV/BTC,1575763062479,2019-12-07T23:57:42.479Z,sell,1.34e-05,553.0,0.0074102
NAV/BTC,1575763062479,2019-12-07T23:57:42.479Z,sell,1.339e-05,8.0,0.00010712
NAV/BTC,1575763062479,2019-12-07T23:57:42.479Z,sell,1.336e-05,149.0,0.00199064
NAV/BTC,1575763062479,2019-12-07T23:57:42.479Z,sell,1.335e-05,679.0,0.0090646499999999
NAV/BTC,1575763263572,2019-12-08T00:01:03.572Z,sell,1.338e-05,648.0,0.00867024
NAV/BTC,1575763263572,2019-12-08T00:01:03.572Z,sell,1.336e-05,1822.0,0.02434192
NAV/BTC,1575763284632,2019-12-08T00:01:24.632Z,buy,1.346e-05,30.0,0.0004038
NAV/BTC,1575763321154,2019-12-08T00:02:01.154Z,buy,1.346e-05,8.0,0.00010768
NAV/BTC,1575763384469,2019-12-08T00:03:04.469Z,sell,1.337e-05,82.0,0.00109634
NAV/BTC,1575763384469,2019-12-08T00:03:04.469Z,sell,1.336e-05,82.0,0.00109552
NAV/BTC,1575763386909,2019-12-08T00:03:06.909Z,buy,1.34e-05,82.0,0.0010988
NAV/BTC,1575763392696,2019-12-08T00:03:12.696Z,buy,1.346e-05,409.0,0.00550514
NAV/BTC,1575763392696,2019-12-08T00:03:12.696Z,buy,1.346e-05,409.0,0.00550514
NAV/BTC,1575763441301,2019-12-08T00:04:01.301Z,buy,1.349e-05,8.0,0.00010792
NAV/BTC,1575763441301,2019-12-08T00:04:01.301Z,buy,1.35e-05,5564.0,0.075114
NAV/BTC,1575763654018,2019-12-08T00:07:34.018Z,buy,1.351e-05,858.0,0.0115915799999999
NAV/BTC,1575763871113,2019-12-08T00:11:11.113Z,buy,1.347e-05,1904.0,0.02564688
NAV/BTC,1575763871113,2019-12-08T00:11:11.113Z,buy,1.35e-05,317.0,0.0042794999999999
NAV/BTC,1575764533987,2019-12-08T00:22:13.987Z,buy,1.351e-05,60.0,0.0008106
NAV/BTC,1575765044510,2019-12-08T00:30:44.510Z,sell,1.344e-05,215.0,0.0028896
NAV/BTC,1575765044510,2019-12-08T00:30:44.510Z,sell,1.343e-05,353.0,0.00474079
NAV/BTC,1575765044510,2019-12-08T00:30:44.510Z,sell,1.342e-05,3944.0,0.05292848
NAV/BTC,1575765044510,2019-12-08T00:30:44.510Z,sell,1.341e-05,4022.0,0.05393502
NAV/BTC,1575765044510,2019-12-08T00:30:44.510Z,sell,1.34e-05,299.0,0.0040066
NAV/BTC,1575765044510,2019-12-08T00:30:44.510Z,sell,1.339e-05,1421.0,0.01902719
NAV/BTC,1575765045036,2019-12-08T00:30:45.036Z,buy,1.351e-05,10.0,0.0001351
NAV/BTC,1575765816705,2019-12-08T00:43:36.705Z,buy,1.351e-05,298.0,0.00402598
NAV/BTC,1575765899271,2019-12-08T00:44:59.271Z,buy,1.351e-05,20.0,0.0002702
NAV/BTC,1575766761736,2019-12-08T00:59:21.736Z,sell,1.34e-05,731.0,0.0097954
NAV/BTC,1575766761755,2019-12-08T00:59:21.755Z,buy,1.34e-05,651.0,0.0087234
NAV/BTC,1575766795838,2019-12-08T00:59:55.838Z,sell,1.339e-05,412.0,0.00551668
NAV/BTC,1575766795838,2019-12-08T00:59:55.838Z,sell,1.335e-05,16072.0,0.2145611999999999
NAV/BTC,1575766801354,2019-12-08T01:00:01.354Z,buy,1.339e-05,37.0,0.00049543
NAV/BTC,1575766809149,2019-12-08T01:00:09.149Z,sell,1.333e-05,31.0,0.00041323
NAV/BTC,1575766809149,2019-12-08T01:00:09.149Z,sell,1.332e-05,1868.0,0.02488176
NAV/BTC,1575766809149,2019-12-08T01:00:09.149Z,sell,1.331e-05,7855.0,0.1045500499999999
NAV/BTC,1575766809163,2019-12-08T01:00:09.163Z,buy,1.339e-05,701.0,0.00938639
NAV/BTC,1575766810639,2019-12-08T01:00:10.639Z,buy,1.339e-05,103.0,0.00137917
NAV/BTC,1575766818408,2019-12-08T01:00:18.408Z,sell,1.337e-05,3071.0,0.04105927
NAV/BTC,1575766819319,2019-12-08T01:00:19.319Z,sell,1.338e-05,47.0,0.00062886
NAV/BTC,1575766820308,2019-12-08T01:00:20.308Z,sell,1.338e-05,66.0,0.00088308
NAV/BTC,1575766872423,2019-12-08T01:01:12.423Z,sell,1.336e-05,797.0,0.01064792
NAV/BTC,1575766873017,2019-12-08T01:01:13.017Z,sell,1.336e-05,900.0,0.012024
NAV/BTC,1575766873017,2019-12-08T01:01:13.017Z,sell,1.336e-05,900.0,0.012024
NAV/BTC,1575767094707,2019-12-08T01:04:54.707Z,sell,1.336e-05,497.0,0.00663992
NAV/BTC,1575767238270,2019-12-08T01:07:18.270Z,buy,1.338e-05,41.0,0.00054858
NAV/BTC,1575767240262,2019-12-08T01:07:20.262Z,buy,1.335e-05,41.0,0.0005473499999999
NAV/BTC,1575767241008,2019-12-08T01:07:21.008Z,buy,1.335e-05,41.0,0.0005473499999999
NAV/BTC,1575767307570,2019-12-08T01:08:27.570Z,buy,1.333e-05,222.0,0.00295926
NAV/BTC,1575767365622,2019-12-08T01:09:25.622Z,buy,1.334e-05,388.0,0.00517592
NAV/BTC,1575767528229,2019-12-08T01:12:08.229Z,buy,1.334e-05,10.0,0.0001334
NAV/BTC,1575767628798,2019-12-08T01:13:48.798Z,buy,1.334e-05,8.0,0.00010672
NAV/BTC,1575767641065,2019-12-08T01:14:01.065Z,buy,1.334e-05,1623.0,0.0216508199999999
NAV/BTC,1575767749426,2019-12-08T01:15:49.426Z,buy,1.335e-05,8914.0,0.1190019
NAV/BTC,1575767756263,2019-12-08T01:15:56.263Z,buy,1.339e-05,8.0,0.00010712
NAV/BTC,1575769159768,2019-12-08T01:39:19.768Z,sell,1.335e-05,239.0,0.0031906499999999
NAV/BTC,1575769159768,2019-12-08T01:39:19.768Z,sell,1.334e-05,1251.0,0.01668834
NAV/BTC,1575769159768,2019-12-08T01:39:19.768Z,sell,1.333e-05,139.0,0.00185287
NAV/BTC,1575769159768,2019-12-08T01:39:19.768Z,sell,1.332e-05,8.0,0.00010656
NAV/BTC,1575769159768,2019-12-08T01:39:19.768Z,sell,1.331e-05,1355.0,0.01803505
NAV/BTC,1575769159768,2019-12-08T01:39:19.768Z,sell,1.33e-05,14780.0,0.196574
NAV/BTC,1575769893755,2019-12-08T01:51:33.755Z,buy,1.334e-05,8.0,0.00010672
NAV/BTC,1575769926068,2019-12-08T01:52:06.068Z,buy,1.334e-05,1990.0,0.0265466
NAV/BTC,1575769931499,2019-12-08T01:52:11.499Z,buy,1.336e-05,8.0,0.00010688
NAV/BTC,1575770020071,2019-12-08T01:53:40.071Z,buy,1.335e-05,150.0,0.0020025
NAV/BTC,1575770020071,2019-12-08T01:53:40.071Z,buy,1.336e-05,350.0,0.004676
NAV/BTC,1575770027847,2019-12-08T01:53:47.847Z,buy,1.336e-05,125.0,0.00167
NAV/BTC,1575770027847,2019-12-08T01:53:47.847Z,buy,1.338e-05,75.0,0.0010035
NAV/BTC,1575770041828,2019-12-08T01:54:01.828Z,buy,1.338e-05,18.0,0.00024084
NAV/BTC,1575770047393,2019-12-08T01:54:07.393Z,buy,1.338e-05,30.0,0.0004014
NAV/BTC,1575770050858,2019-12-08T01:54:10.858Z,buy,1.338e-05,33.0,0.00044154
NAV/BTC,1575770054316,2019-12-08T01:54:14.316Z,buy,1.338e-05,22.0,0.00029436
NAV/BTC,1575770058689,2019-12-08T01:54:18.689Z,buy,1.338e-05,44.0,0.00058872
NAV/BTC,1575770064432,2019-12-08T01:54:24.432Z,buy,1.338e-05,3.0,4.0140000000000005e-05
NAV/BTC,1575770064432,2019-12-08T01:54:24.432Z,buy,1.341e-05,85.0,0.00113985
NAV/BTC,1575770082975,2019-12-08T01:54:42.975Z,sell,1.34e-05,8.0,0.0001072
NAV/BTC,1575770082975,2019-12-08T01:54:42.975Z,sell,1.34e-05,8.0,0.0001072
NAV/BTC,1575770753349,2019-12-08T02:05:53.349Z,buy,1.341e-05,8.0,0.00010728
NAV/BTC,1575770753349,2019-12-08T02:05:53.349Z,buy,1.341e-05,8.0,0.00010728
NAV/BTC,1575773696848,2019-12-08T02:54:56.848Z,buy,1.341e-05,102.0,0.00136782
NAV/BTC,1575774095125,2019-12-08T03:01:35.125Z,buy,1.34e-05,341.0,0.0045694
NAV/BTC,1575774100273,2019-12-08T03:01:40.273Z,buy,1.341e-05,8.0,0.00010728
NAV/BTC,1575774247372,2019-12-08T03:04:07.372Z,sell,1.34e-05,1.0,1.34e-05
NAV/BTC,1575774247372,2019-12-08T03:04:07.372Z,sell,1.34e-05,1.0,1.34e-05
NAV/BTC,1575776809945,2019-12-08T03:46:49.945Z,sell,1.334e-05,1.0,1.334e-05
NAV/BTC,1575776809945,2019-12-08T03:46:49.945Z,sell,1.332e-05,341.0,0.00454212
NAV/BTC,1575776810231,2019-12-08T03:46:50.231Z,sell,1.331e-05,135.0,0.00179685
NAV/BTC,1575776811464,2019-12-08T03:46:51.464Z,sell,1.331e-05,2118.0,0.02819058
NAV/BTC,1575776812925,2019-12-08T03:46:52.925Z,sell,1.33e-05,4846.0,0.0644518
NAV/BTC,1575776812925,2019-12-08T03:46:52.925Z,sell,1.329e-05,2881.0,0.03828849
NAV/BTC,1575776813959,2019-12-08T03:46:53.959Z,sell,1.329e-05,1901.0,0.02526429
NAV/BTC,1575776821061,2019-12-08T03:47:01.061Z,sell,1.329e-05,3000.0,0.03987
NAV/BTC,1575776821479,2019-12-08T03:47:01.479Z,sell,1.331e-05,8.0,0.00010648
NAV/BTC,1575776824361,2019-12-08T03:47:04.361Z,sell,1.329e-05,2054.0,0.0272976599999999
NAV/BTC,1575776935107,2019-12-08T03:48:55.107Z,buy,1.336e-05,300.0,0.004008
NAV/BTC,1575776940565,2019-12-08T03:49:00.565Z,buy,1.337e-05,8.0,0.00010696
NAV/BTC,1575776956675,2019-12-08T03:49:16.675Z,buy,1.337e-05,591.0,0.00790167
NAV/BTC,1575776963494,2019-12-08T03:49:23.494Z,buy,1.338e-05,8.0,0.00010704
NAV/BTC,1575776997627,2019-12-08T03:49:57.627Z,sell,1.337e-05,1.0,1.337e-05
NAV/BTC,1575777211156,2019-12-08T03:53:31.156Z,sell,1.336e-05,1.0,1.336e-05
NAV/BTC,1575777304627,2019-12-08T03:55:04.627Z,buy,1.336e-05,8.0,0.00010688
NAV/BTC,1575777317605,2019-12-08T03:55:17.605Z,buy,1.336e-05,1250.0,0.0167
NAV/BTC,1575777322384,2019-12-08T03:55:22.384Z,buy,1.337e-05,8.0,0.00010696
NAV/BTC,1575777337368,2019-12-08T03:55:37.368Z,buy,1.338e-05,8.0,0.00010704
NAV/BTC,1575777348590,2019-12-08T03:55:48.590Z,sell,1.336e-05,1.0,1.336e-05
NAV/BTC,1575777398499,2019-12-08T03:56:38.499Z,buy,1.336e-05,2948.0,0.03938528
NAV/BTC,1575777404922,2019-12-08T03:56:44.922Z,buy,1.338e-05,8.0,0.00010704
NAV/BTC,1575777404922,2019-12-08T03:56:44.922Z,buy,1.338e-05,8.0,0.00010704
NAV/BTC,1575777915362,2019-12-08T04:05:15.362Z,sell,1.336e-05,1.0,1.336e-05
NAV/BTC,1575777949342,2019-12-08T04:05:49.342Z,sell,1.335e-05,750.0,0.0100124999999999
NAV/BTC,1575777983132,2019-12-08T04:06:23.132Z,sell,1.329e-05,163.0,0.00216627
NAV/BTC,1575777994171,2019-12-08T04:06:34.171Z,sell,1.329e-05,179.0,0.00237891
NAV/BTC,1575778009487,2019-12-08T04:06:49.487Z,sell,1.329e-05,62.0,0.00082398
NAV/BTC,1575778112641,2019-12-08T04:08:32.641Z,sell,1.329e-05,730.0,0.0097017
NAV/BTC,1575778251232,2019-12-08T04:10:51.232Z,buy,1.335e-05,1887.0,0.0251914499999999
NAV/BTC,1575778263514,2019-12-08T04:11:03.514Z,buy,1.336e-05,8.0,0.00010688
NAV/BTC,1575778288440,2019-12-08T04:11:28.440Z,buy,1.336e-05,1802.0,0.02407472
NAV/BTC,1575778288496,2019-12-08T04:11:28.496Z,sell,1.336e-05,212.0,0.00283232
NAV/BTC,1575778299978,2019-12-08T04:11:39.978Z,buy,1.337e-05,8.0,0.00010696
NAV/BTC,1575778318899,2019-12-08T04:11:58.899Z,buy,1.337e-05,8.0,0.00010696
NAV/BTC,1575778336319,2019-12-08T04:12:16.319Z,buy,1.337e-05,1852.0,0.02476124
NAV/BTC,1575778341099,2019-12-08T04:12:21.099Z,buy,1.34e-05,8.0,0.0001072
NAV/BTC,1575780227331,2019-12-08T04:43:47.331Z,sell,1.337e-05,600.0,0.008022
NAV/BTC,1575780470049,2019-12-08T04:47:50.049Z,sell,1.337e-05,1355.0,0.01811635
NAV/BTC,1575780498689,2019-12-08T04:48:18.689Z,sell,1.337e-05,68.0,0.00090916
NAV/BTC,1575780818594,2019-12-08T04:53:38.594Z,sell,1.337e-05,374.0,0.00500038
NAV/BTC,1575780855488,2019-12-08T04:54:15.488Z,buy,1.34e-05,374.0,0.0050116
NAV/BTC,1575780855488,2019-12-08T04:54:15.488Z,buy,1.34e-05,374.0,0.0050116
NAV/BTC,1575781025478,2019-12-08T04:57:05.478Z,buy,1.34e-05,8.0,0.0001072
NAV/BTC,1575781554937,2019-12-08T05:05:54.937Z,buy,1.341e-05,8.0,0.00010728
NAV/BTC,1575781907082,2019-12-08T05:11:47.082Z,buy,1.341e-05,206.0,0.00276246
NAV/BTC,1575782500684,2019-12-08T05:21:40.684Z,buy,1.341e-05,473.0,0.00634293
NAV/BTC,1575782501821,2019-12-08T05:21:41.821Z,buy,1.342e-05,85.0,0.0011407
NAV/BTC,1575782531137,2019-12-08T05:22:11.137Z,buy,1.344e-05,16.0,0.00021504
NAV/BTC,1575782531137,2019-12-08T05:22:11.137Z,buy,1.346e-05,1983.0,0.02669118
NAV/BTC,1575782550893,2019-12-08T05:22:30.893Z,buy,1.344e-05,214.0,0.00287616
NAV/BTC,1575782550893,2019-12-08T05:22:30.893Z,buy,1.346e-05,1226.0,0.01650196
NAV/BTC,1575782550893,2019-12-08T05:22:30.893Z,buy,1.347e-05,3288.0,0.04428936
NAV/BTC,1575782550909,2019-12-08T05:22:30.909Z,buy,1.348e-05,4023.0,0.05423004
NAV/BTC,1575782551053,2019-12-08T05:22:31.053Z,sell,1.347e-05,134.0,0.0018049799999999
NAV/BTC,1575782554120,2019-12-08T05:22:34.120Z,buy,1.349e-05,3618.0,0.04880682
NAV/BTC,1575782554794,2019-12-08T05:22:34.794Z,buy,1.35e-05,109.0,0.0014715
NAV/BTC,1575782555781,2019-12-08T05:22:35.781Z,buy,1.35e-05,893.0,0.0120555
NAV/BTC,1575782558823,2019-12-08T05:22:38.823Z,sell,1.345e-05,37.0,0.00049765
NAV/BTC,1575782558823,2019-12-08T05:22:38.823Z,sell,1.343e-05,24.0,0.00032232
NAV/BTC,1575782558842,2019-12-08T05:22:38.842Z,sell,1.343e-05,166.0,0.00222938
NAV/BTC,1575782559866,2019-12-08T05:22:39.866Z,buy,1.345e-05,10.0,0.0001345
NAV/BTC,1575782559866,2019-12-08T05:22:39.866Z,buy,1.349e-05,190.0,0.0025631
NAV/BTC,1575782559866,2019-12-08T05:22:39.866Z,buy,1.35e-05,1073.0,0.0144855
NAV/BTC,1575782559866,2019-12-08T05:22:39.866Z,buy,1.351e-05,4271.0,0.0577012099999999
NAV/BTC,1575782559866,2019-12-08T05:22:39.866Z,buy,1.352e-05,1440.0,0.0194687999999999
NAV/BTC,1575782559866,2019-12-08T05:22:39.866Z,buy,1.353e-05,1443.0,0.01952379
NAV/BTC,1575782559866,2019-12-08T05:22:39.866Z,buy,1.354e-05,37.0,0.00050098
NAV/BTC,1575782559866,2019-12-08T05:22:39.866Z,buy,1.355e-05,850.0,0.0115175
NAV/BTC,1575782559866,2019-12-08T05:22:39.866Z,sell,1.355e-05,20.0,0.000271
NAV/BTC,1575782559954,2019-12-08T05:22:39.954Z,buy,1.356e-05,121.0,0.00164076
NAV/BTC,1575782559954,2019-12-08T05:22:39.954Z,buy,1.358e-05,2940.0,0.0399252
NAV/BTC,1575782560043,2019-12-08T05:22:40.043Z,buy,1.359e-05,1389.0,0.01887651
NAV/BTC,1575782560490,2019-12-08T05:22:40.490Z,sell,1.355e-05,10.0,0.0001355
NAV/BTC,1575782561870,2019-12-08T05:22:41.870Z,sell,1.355e-05,10.0,0.0001355
NAV/BTC,1575782568053,2019-12-08T05:22:48.053Z,buy,1.359e-05,10.0,0.0001359
NAV/BTC,1575782568053,2019-12-08T05:22:48.053Z,buy,1.36e-05,294.0,0.0039984
NAV/BTC,1575782568053,2019-12-08T05:22:48.053Z,buy,1.361e-05,911.0,0.01239871
NAV/BTC,1575782568053,2019-12-08T05:22:48.053Z,buy,1.362e-05,3500.0,0.04767
NAV/BTC,1575782568053,2019-12-08T05:22:48.053Z,buy,1.363e-05,7738.0,0.10546894
NAV/BTC,1575782568067,2019-12-08T05:22:48.067Z,sell,1.363e-05,701.0,0.00955463
NAV/BTC,1575782568080,2019-12-08T05:22:48.080Z,buy,1.364e-05,7106.0,0.09692584
NAV/BTC,1575782568099,2019-12-08T05:22:48.099Z,buy,1.364e-05,20.0,0.0002728
NAV/BTC,1575782569620,2019-12-08T05:22:49.620Z,sell,1.364e-05,336.0,0.00458304
NAV/BTC,1575782569620,2019-12-08T05:22:49.620Z,sell,1.363e-05,3384.0,0.04612392
NAV/BTC,1575782570620,2019-12-08T05:22:50.620Z,buy,1.367e-05,110.0,0.0015037
NAV/BTC,1575782578145,2019-12-08T05:22:58.145Z,buy,1.367e-05,340.0,0.0046478
NAV/BTC,1575782578145,2019-12-08T05:22:58.145Z,buy,1.368e-05,222.0,0.00303696
NAV/BTC,1575782578145,2019-12-08T05:22:58.145Z,buy,1.369e-05,3035.0,0.04154915
NAV/BTC,1575782578145,2019-12-08T05:22:58.145Z,buy,1.369e-05,251.0,0.00343619
NAV/BTC,1575782578145,2019-12-08T05:22:58.145Z,buy,1.37e-05,100.0,0.00137
NAV/BTC,1575782578145,2019-12-08T05:22:58.145Z,buy,1.371e-05,936.0,0.01283256
NAV/BTC,1575782583414,2019-12-08T05:23:03.414Z,sell,1.367e-05,968.0,0.0132325599999999
NAV/BTC,1575782583838,2019-12-08T05:23:03.838Z,sell,1.368e-05,8.0,0.00010944
NAV/BTC,1575782617608,2019-12-08T05:23:37.608Z,sell,1.368e-05,225.0,0.003078
NAV/BTC,1575782649767,2019-12-08T05:24:09.767Z,sell,1.368e-05,8.0,0.00010944
NAV/BTC,1575782728653,2019-12-08T05:25:28.653Z,buy,1.371e-05,8.0,0.00010968
NAV/BTC,1575782728653,2019-12-08T05:25:28.653Z,buy,1.372e-05,8.0,0.00010976
NAV/BTC,1575782728653,2019-12-08T05:25:28.653Z,buy,1.375e-05,322.0,0.0044275
NAV/BTC,1575782728653,2019-12-08T05:25:28.653Z,buy,1.376e-05,3891.0,0.05354016
NAV/BTC,1575782728674,2019-12-08T05:25:28.674Z,sell,1.376e-05,228.0,0.00313728
NAV/BTC,1575782730628,2019-12-08T05:25:30.628Z,sell,1.369e-05,110.0,0.0015059
NAV/BTC,1575782769058,2019-12-08T05:26:09.058Z,buy,1.375e-05,454.0,0.0062425
NAV/BTC,1575782769152,2019-12-08T05:26:09.152Z,sell,1.376e-05,978.0,0.01345728
NAV/BTC,1575782769908,2019-12-08T05:26:09.908Z,sell,1.376e-05,8.0,0.00011008
NAV/BTC,1575782811525,2019-12-08T05:26:51.525Z,sell,1.376e-05,454.0,0.00624704
NAV/BTC,1575782814617,2019-12-08T05:26:54.617Z,sell,1.375e-05,702.0,0.0096525
NAV/BTC,1575782815684,2019-12-08T05:26:55.684Z,sell,1.368e-05,30.0,0.0004104
NAV/BTC,1575782815690,2019-12-08T05:26:55.690Z,sell,1.368e-05,352.0,0.0048153599999999
NAV/BTC,1575782815698,2019-12-08T05:26:55.698Z,sell,1.368e-05,222.0,0.00303696
NAV/BTC,1575782815720,2019-12-08T05:26:55.720Z,sell,1.368e-05,8.0,0.00010944
NAV/BTC,1575782815733,2019-12-08T05:26:55.733Z,sell,1.368e-05,194.0,0.0026539199999999
NAV/BTC,1575782816111,2019-12-08T05:26:56.111Z,sell,1.369e-05,445.0,0.00609205
NAV/BTC,1575782816916,2019-12-08T05:26:56.916Z,sell,1.369e-05,134.0,0.00183446
NAV/BTC,1575782831337,2019-12-08T05:27:11.337Z,sell,1.368e-05,372.0,0.00508896
NAV/BTC,1575782834310,2019-12-08T05:27:14.310Z,sell,1.368e-05,15.0,0.0002052
NAV/BTC,1575782834330,2019-12-08T05:27:14.330Z,sell,1.368e-05,461.0,0.00630648
NAV/BTC,1575782834764,2019-12-08T05:27:14.764Z,sell,1.368e-05,799.0,0.01093032
NAV/BTC,1575782860055,2019-12-08T05:27:40.055Z,sell,1.364e-05,569.0,0.00776116
NAV/BTC,1575782865518,2019-12-08T05:27:45.518Z,buy,1.365e-05,11016.0,0.1503683999999999
NAV/BTC,1575782875449,2019-12-08T05:27:55.449Z,buy,1.365e-05,3536.0,0.0482664
NAV/BTC,1575782876082,2019-12-08T05:27:56.082Z,buy,1.366e-05,579.0,0.00790914
NAV/BTC,1575782876166,2019-12-08T05:27:56.166Z,buy,1.367e-05,284.0,0.0038822799999999
NAV/BTC,1575782898876,2019-12-08T05:28:18.876Z,buy,1.373e-05,1498.0,0.02056754
NAV/BTC,1575782898876,2019-12-08T05:28:18.876Z,buy,1.374e-05,1282.0,0.01761468
NAV/BTC,1575782903658,2019-12-08T05:28:23.658Z,sell,1.367e-05,41.0,0.00056047
NAV/BTC,1575782903858,2019-12-08T05:28:23.858Z,sell,1.367e-05,41.0,0.00056047
NAV/BTC,1575782903965,2019-12-08T05:28:23.965Z,sell,1.367e-05,41.0,0.00056047
NAV/BTC,1575782904056,2019-12-08T05:28:24.056Z,sell,1.367e-05,41.0,0.00056047
NAV/BTC,1575782984249,2019-12-08T05:29:44.249Z,sell,1.369e-05,284.0,0.0038879599999999
NAV/BTC,1575782997439,2019-12-08T05:29:57.439Z,sell,1.369e-05,365.0,0.00499685
NAV/BTC,1575783000959,2019-12-08T05:30:00.959Z,sell,1.367e-05,366.0,0.00500322
NAV/BTC,1575783050568,2019-12-08T05:30:50.568Z,buy,1.367e-05,1284.0,0.01755228
NAV/BTC,1575783050568,2019-12-08T05:30:50.568Z,buy,1.368e-05,348.0,0.00476064
NAV/BTC,1575783076187,2019-12-08T05:31:16.187Z,buy,1.372e-05,447.0,0.00613284
NAV/BTC,1575783076187,2019-12-08T05:31:16.187Z,buy,1.373e-05,675.0,0.00926775
NAV/BTC,1575783076187,2019-12-08T05:31:16.187Z,buy,1.374e-05,1293.0,0.01776582
NAV/BTC,1575783100143,2019-12-08T05:31:40.143Z,buy,1.373e-05,642.0,0.00881466
NAV/BTC,1575783100143,2019-12-08T05:31:40.143Z,buy,1.374e-05,149.0,0.00204726
NAV/BTC,1575783136091,2019-12-08T05:32:16.091Z,buy,1.373e-05,366.0,0.00502518
NAV/BTC,1575783136091,2019-12-08T05:32:16.091Z,buy,1.377e-05,4778.0,0.06579306
NAV/BTC,1575783150959,2019-12-08T05:32:30.959Z,buy,1.38e-05,138.0,0.0019044
NAV/BTC,1575783150959,2019-12-08T05:32:30.959Z,buy,1.381e-05,117.0,0.00161577
NAV/BTC,1575783353648,2019-12-08T05:35:53.648Z,buy,1.378e-05,8.0,0.00011024
NAV/BTC,1575783353648,2019-12-08T05:35:53.648Z,buy,1.38e-05,11.0,0.0001518
NAV/BTC,1575783353648,2019-12-08T05:35:53.648Z,buy,1.381e-05,709.0,0.00979129
NAV/BTC,1575783353648,2019-12-08T05:35:53.648Z,buy,1.383e-05,1133.0,0.01566939
NAV/BTC,1575783353648,2019-12-08T05:35:53.648Z,buy,1.384e-05,3206.0,0.04437104
NAV/BTC,1575783967764,2019-12-08T05:46:07.764Z,sell,1.374e-05,1284.0,0.01764216
NAV/BTC,1575783984894,2019-12-08T05:46:24.894Z,sell,1.373e-05,240.0,0.0032952
NAV/BTC,1575784005719,2019-12-08T05:46:45.719Z,sell,1.372e-05,8.0,0.00010976
NAV/BTC,1575784005719,2019-12-08T05:46:45.719Z,sell,1.371e-05,438.0,0.00600498
NAV/BTC,1575784005719,2019-12-08T05:46:45.719Z,sell,1.364e-05,341.0,0.00465124
NAV/BTC,1575784005719,2019-12-08T05:46:45.719Z,sell,1.363e-05,177.0,0.00241251
NAV/BTC,1575784005719,2019-12-08T05:46:45.719Z,sell,1.362e-05,517.0,0.00704154
NAV/BTC,1575784005719,2019-12-08T05:46:45.719Z,sell,1.361e-05,327.0,0.00445047
NAV/BTC,1575784005719,2019-12-08T05:46:45.719Z,sell,1.36e-05,3253.0,0.0442408
NAV/BTC,1575784006038,2019-12-08T05:46:46.038Z,buy,1.368e-05,9.0,0.00012312
NAV/BTC,1575784006316,2019-12-08T05:46:46.316Z,buy,1.368e-05,10.0,0.0001368
NAV/BTC,1575784006586,2019-12-08T05:46:46.586Z,sell,1.365e-05,109.0,0.00148785
NAV/BTC,1575784007072,2019-12-08T05:46:47.072Z,buy,1.367e-05,40.0,0.0005468
NAV/BTC,1575784008033,2019-12-08T05:46:48.033Z,buy,1.367e-05,40.0,0.0005468
NAV/BTC,1575784009038,2019-12-08T05:46:49.038Z,buy,1.367e-05,40.0,0.0005468
NAV/BTC,1575784036170,2019-12-08T05:47:16.170Z,buy,1.365e-05,584.0,0.0079716
NAV/BTC,1575784037160,2019-12-08T05:47:17.160Z,buy,1.367e-05,40.0,0.0005468
NAV/BTC,1575784049782,2019-12-08T05:47:29.782Z,sell,1.361e-05,856.0,0.01165016
NAV/BTC,1575784049800,2019-12-08T05:47:29.800Z,buy,1.361e-05,461.0,0.00627421
NAV/BTC,1575784049888,2019-12-08T05:47:29.888Z,buy,1.361e-05,179.0,0.00243619
NAV/BTC,1575784069250,2019-12-08T05:47:49.250Z,sell,1.36e-05,8.0,0.0001088
NAV/BTC,1575784069250,2019-12-08T05:47:49.250Z,sell,1.358e-05,67.0,0.00090986
NAV/BTC,1575784069779,2019-12-08T05:47:49.779Z,buy,1.364e-05,10.0,0.0001364
NAV/BTC,1575784158097,2019-12-08T05:49:18.097Z,sell,1.358e-05,214.0,0.00290612
NAV/BTC,1575784158097,2019-12-08T05:49:18.097Z,sell,1.357e-05,442.0,0.00599794
NAV/BTC,1575784158097,2019-12-08T05:49:18.097Z,sell,1.355e-05,615.0,0.00833325
NAV/BTC,1575784158097,2019-12-08T05:49:18.097Z,sell,1.354e-05,118.0,0.00159772
NAV/BTC,1575784158097,2019-12-08T05:49:18.097Z,sell,1.351e-05,2231.0,0.0301408099999999
NAV/BTC,1575784227724,2019-12-08T05:50:27.724Z,sell,1.354e-05,968.0,0.01310672
NAV/BTC,1575784281171,2019-12-08T05:51:21.171Z,buy,1.36e-05,12.0,0.0001632
NAV/BTC,1575784282161,2019-12-08T05:51:22.161Z,buy,1.36e-05,12.0,0.0001632
NAV/BTC,1575784283176,2019-12-08T05:51:23.176Z,buy,1.36e-05,12.0,0.0001632
NAV/BTC,1575784284207,2019-12-08T05:51:24.207Z,buy,1.36e-05,10.0,0.000136
NAV/BTC,1575784435561,2019-12-08T05:53:55.561Z,buy,1.36e-05,64.0,0.0008704
NAV/BTC,1575784435561,2019-12-08T05:53:55.561Z,buy,1.36e-05,64.0,0.0008704
NAV/BTC,1575784520558,2019-12-08T05:55:20.558Z,buy,1.365e-05,2525.0,0.03446625
NAV/BTC,1575784520558,2019-12-08T05:55:20.558Z,buy,1.367e-05,235.0,0.00321245
NAV/BTC,1575784520558,2019-12-08T05:55:20.558Z,buy,1.37e-05,75.0,0.0010275
NAV/BTC,1575784736735,2019-12-08T05:58:56.735Z,buy,1.367e-05,1712.0,0.02340304
NAV/BTC,1575784791330,2019-12-08T05:59:51.330Z,sell,1.367e-05,327.0,0.0044700899999999
NAV/BTC,1575784908314,2019-12-08T06:01:48.314Z,buy,1.37e-05,69.0,0.0009452999999999
NAV/BTC,1575784908314,2019-12-08T06:01:48.314Z,buy,1.371e-05,968.0,0.01327128
NAV/BTC,1575784908314,2019-12-08T06:01:48.314Z,buy,1.372e-05,8.0,0.00010976
NAV/BTC,1575784908314,2019-12-08T06:01:48.314Z,buy,1.373e-05,373.0,0.00512129
NAV/BTC,1575784908314,2019-12-08T06:01:48.314Z,buy,1.374e-05,33.0,0.00045342
NAV/BTC,1575784908314,2019-12-08T06:01:48.314Z,buy,1.376e-05,39.0,0.00053664
NAV/BTC,1575784908314,2019-12-08T06:01:48.314Z,buy,1.378e-05,210.0,0.0028938
NAV/BTC,1575784917584,2019-12-08T06:01:57.584Z,buy,1.376e-05,449.0,0.00617824
NAV/BTC,1575784919770,2019-12-08T06:01:59.770Z,buy,1.375e-05,225.0,0.00309375
NAV/BTC,1575784922721,2019-12-08T06:02:02.721Z,buy,1.374e-05,113.0,0.00155262
NAV/BTC,1575784936250,2019-12-08T06:02:16.250Z,buy,1.372e-05,41.0,0.00056252
NAV/BTC,1575784996979,2019-12-08T06:03:16.979Z,sell,1.367e-05,255.0,0.00348585
NAV/BTC,1575785024942,2019-12-08T06:03:44.942Z,sell,1.367e-05,6725.0,0.0919307499999999
NAV/BTC,1575785024942,2019-12-08T06:03:44.942Z,sell,1.363e-05,225.0,0.00306675
NAV/BTC,1575785024942,2019-12-08T06:03:44.942Z,sell,1.362e-05,296.0,0.00403152
NAV/BTC,1575785024942,2019-12-08T06:03:44.942Z,sell,1.361e-05,8.0,0.00010888
NAV/BTC,1575785024942,2019-12-08T06:03:44.942Z,sell,1.359e-05,63.0,0.00085617
NAV/BTC,1575785024942,2019-12-08T06:03:44.942Z,sell,1.358e-05,2758.0,0.03745364
NAV/BTC,1575785027038,2019-12-08T06:03:47.038Z,buy,1.358e-05,8.0,0.00010864
NAV/BTC,1575785057955,2019-12-08T06:04:17.955Z,sell,1.361e-05,2602.0,0.03541322
NAV/BTC,1575785057955,2019-12-08T06:04:17.955Z,sell,1.359e-05,76.0,0.00103284
NAV/BTC,1575785057955,2019-12-08T06:04:17.955Z,sell,1.358e-05,81.0,0.00109998
NAV/BTC,1575785057955,2019-12-08T06:04:17.955Z,sell,1.355e-05,146.0,0.0019783
NAV/BTC,1575785057955,2019-12-08T06:04:17.955Z,sell,1.354e-05,5492.0,0.07436168
NAV/BTC,1575785057983,2019-12-08T06:04:17.983Z,buy,1.354e-05,461.0,0.00624194
NAV/BTC,1575785057983,2019-12-08T06:04:17.983Z,buy,1.354e-05,461.0,0.00624194
NAV/BTC,1575785058081,2019-12-08T06:04:18.081Z,buy,1.354e-05,428.0,0.00579512
NAV/BTC,1575785058142,2019-12-08T06:04:18.142Z,buy,1.354e-05,109.0,0.00147586
NAV/BTC,1575785100483,2019-12-08T06:05:00.483Z,sell,1.361e-05,144.0,0.00195984
NAV/BTC,1575785101485,2019-12-08T06:05:01.485Z,sell,1.36e-05,21.0,0.0002856
NAV/BTC,1575785101571,2019-12-08T06:05:01.571Z,buy,1.362e-05,10.0,0.0001362
NAV/BTC,1575785171865,2019-12-08T06:06:11.865Z,buy,1.362e-05,856.0,0.01165872
NAV/BTC,1575785171896,2019-12-08T06:06:11.896Z,sell,1.362e-05,534.0,0.00727308
NAV/BTC,1575785178407,2019-12-08T06:06:18.407Z,sell,1.362e-05,494.0,0.00672828
NAV/BTC,1575785585031,2019-12-08T06:13:05.031Z,buy,1.363e-05,146.0,0.00198998
NAV/BTC,1575785652694,2019-12-08T06:14:12.694Z,buy,1.368e-05,300.0,0.004104
NAV/BTC,1575785663353,2019-12-08T06:14:23.353Z,sell,1.363e-05,265.0,0.00361195
NAV/BTC,1575785878766,2019-12-08T06:17:58.766Z,buy,1.368e-05,180.0,0.0024624
NAV/BTC,1575785959764,2019-12-08T06:19:19.764Z,sell,1.365e-05,30.0,0.0004095
NAV/BTC,1575785959764,2019-12-08T06:19:19.764Z,sell,1.364e-05,30.0,0.0004091999999999
NAV/BTC,1575785959764,2019-12-08T06:19:19.764Z,sell,1.362e-05,80.0,0.0010896
NAV/BTC,1575786762293,2019-12-08T06:32:42.293Z,sell,1.363e-05,642.0,0.00875046
NAV/BTC,1575786762293,2019-12-08T06:32:42.293Z,sell,1.362e-05,1065.0,0.0145053
NAV/BTC,1575786762343,2019-12-08T06:32:42.343Z,buy,1.362e-05,19.0,0.00025878
NAV/BTC,1575786770271,2019-12-08T06:32:50.271Z,sell,1.36e-05,321.0,0.0043656
NAV/BTC,1575786770271,2019-12-08T06:32:50.271Z,sell,1.359e-05,8.0,0.00010872
NAV/BTC,1575786776384,2019-12-08T06:32:56.384Z,sell,1.358e-05,321.0,0.00435918
NAV/BTC,1575786776384,2019-12-08T06:32:56.384Z,sell,1.357e-05,693.0,0.00940401
NAV/BTC,1575786782821,2019-12-08T06:33:02.821Z,sell,1.356e-05,214.0,0.00290184
NAV/BTC,1575786782821,2019-12-08T06:33:02.821Z,sell,1.355e-05,1165.0,0.01578575
NAV/BTC,1575787157086,2019-12-08T06:39:17.086Z,buy,1.366e-05,8.0,0.00010928
NAV/BTC,1575787663733,2019-12-08T06:47:43.733Z,buy,1.365e-05,341.0,0.00465465
NAV/BTC,1575787663733,2019-12-08T06:47:43.733Z,buy,1.366e-05,3659.0,0.0499819399999999
NAV/BTC,1575787715254,2019-12-08T06:48:35.254Z,buy,1.369e-05,703.0,0.00962407
NAV/BTC,1575787715254,2019-12-08T06:48:35.254Z,buy,1.37e-05,57.0,0.0007809
NAV/BTC,1575787715254,2019-12-08T06:48:35.254Z,buy,1.371e-05,1471.0,0.02016741
NAV/BTC,1575787715254,2019-12-08T06:48:35.254Z,buy,1.372e-05,19.0,0.00026068
NAV/BTC,1575787715254,2019-12-08T06:48:35.254Z,buy,1.374e-05,3250.0,0.044655
NAV/BTC,1575787783418,2019-12-08T06:49:43.418Z,buy,1.374e-05,8.0,0.00010992
NAV/BTC,1575787783418,2019-12-08T06:49:43.418Z,buy,1.375e-05,1027.0,0.01412125
NAV/BTC,1575787783418,2019-12-08T06:49:43.418Z,buy,1.377e-05,242.0,0.00333234
NAV/BTC,1575787783418,2019-12-08T06:49:43.418Z,buy,1.378e-05,1719.0,0.02368782
NAV/BTC,1575787783418,2019-12-08T06:49:43.418Z,buy,1.38e-05,2950.0,0.04071
NAV/BTC,1575787783472,2019-12-08T06:49:43.472Z,sell,1.38e-05,54.0,0.0007452
NAV/BTC,1575787807105,2019-12-08T06:50:07.105Z,buy,1.381e-05,103.0,0.00142243
NAV/BTC,1575787807105,2019-12-08T06:50:07.105Z,buy,1.384e-05,186.0,0.0025742399999999
NAV/BTC,1575787808638,2019-12-08T06:50:08.638Z,buy,1.384e-05,95.0,0.0013147999999999
NAV/BTC,1575787815569,2019-12-08T06:50:15.569Z,sell,1.377e-05,393.0,0.00541161
NAV/BTC,1575787817319,2019-12-08T06:50:17.319Z,sell,1.377e-05,386.0,0.00531522
NAV/BTC,1575787843134,2019-12-08T06:50:43.134Z,sell,1.376e-05,79.0,0.00108704
NAV/BTC,1575787843134,2019-12-08T06:50:43.134Z,sell,1.375e-05,36.0,0.000495
NAV/BTC,1575787843134,2019-12-08T06:50:43.134Z,sell,1.374e-05,278.0,0.00381972
NAV/BTC,1575787846527,2019-12-08T06:50:46.527Z,buy,1.383e-05,858.0,0.0118661399999999
NAV/BTC,1575787846527,2019-12-08T06:50:46.527Z,buy,1.384e-05,278.0,0.00384752
NAV/BTC,1575787846527,2019-12-08T06:50:46.527Z,buy,1.385e-05,2207.0,0.03056695
NAV/BTC,1575787846527,2019-12-08T06:50:46.527Z,buy,1.386e-05,1938.0,0.0268606799999999
NAV/BTC,1575787846527,2019-12-08T06:50:46.527Z,buy,1.387e-05,1719.0,0.0238425299999999
NAV/BTC,1575787872191,2019-12-08T06:51:12.191Z,buy,1.386e-05,800.0,0.0110879999999999
NAV/BTC,1575787893451,2019-12-08T06:51:33.451Z,buy,1.387e-05,950.0,0.0131764999999999
NAV/BTC,1575787895476,2019-12-08T06:51:35.476Z,buy,1.379e-05,440.0,0.0060676
NAV/BTC,1575787895476,2019-12-08T06:51:35.476Z,sell,1.378e-05,790.0,0.0108862
NAV/BTC,1575787895476,2019-12-08T06:51:35.476Z,sell,1.378e-05,65.0,0.0008957
NAV/BTC,1575787895480,2019-12-08T06:51:35.480Z,buy,1.379e-05,735.0,0.01013565
NAV/BTC,1575787895860,2019-12-08T06:51:35.860Z,sell,1.379e-05,699.0,0.00963921
NAV/BTC,1575787897888,2019-12-08T06:51:37.888Z,sell,1.376e-05,8.0,0.00011008
NAV/BTC,1575787897888,2019-12-08T06:51:37.888Z,sell,1.373e-05,370.0,0.0050801
NAV/BTC,1575787905274,2019-12-08T06:51:45.274Z,buy,1.37e-05,232.0,0.0031783999999999
NAV/BTC,1575787905274,2019-12-08T06:51:45.274Z,buy,1.377e-05,35.0,0.00048195
NAV/BTC,1575787905274,2019-12-08T06:51:45.274Z,buy,1.38e-05,1383.0,0.0190854
NAV/BTC,1575787921857,2019-12-08T06:52:01.857Z,buy,1.38e-05,260.0,0.003588
NAV/BTC,1575787931693,2019-12-08T06:52:11.693Z,buy,1.38e-05,6.0,8.280000000000001e-05
NAV/BTC,1575787931693,2019-12-08T06:52:11.693Z,buy,1.383e-05,464.0,0.00641712
NAV/BTC,1575787949922,2019-12-08T06:52:29.922Z,buy,1.383e-05,20.0,0.0002766
NAV/BTC,1575787949922,2019-12-08T06:52:29.922Z,buy,1.385e-05,780.0,0.010803
NAV/BTC,1575787949922,2019-12-08T06:52:29.922Z,buy,1.383e-05,20.0,0.0002766
NAV/BTC,1575787949922,2019-12-08T06:52:29.922Z,buy,1.385e-05,780.0,0.010803
NAV/BTC,1575788299335,2019-12-08T06:58:19.335Z,buy,1.387e-05,8.0,0.00011096
NAV/BTC,1575788299335,2019-12-08T06:58:19.335Z,buy,1.388e-05,12.0,0.00016656
NAV/BTC,1575788299335,2019-12-08T06:58:19.335Z,buy,1.39e-05,8.0,0.0001112
NAV/BTC,1575788299335,2019-12-08T06:58:19.335Z,buy,1.392e-05,13.0,0.00018096
NAV/BTC,1575788299335,2019-12-08T06:58:19.335Z,buy,1.392e-05,19.0,0.00026448
NAV/BTC,1575788299335,2019-12-08T06:58:19.335Z,buy,1.393e-05,5.0,6.965e-05
NAV/BTC,1575788465600,2019-12-08T07:01:05.600Z,buy,1.392e-05,358.0,0.00498336
NAV/BTC,1575788500400,2019-12-08T07:01:40.400Z,buy,1.391e-05,247.0,0.00343577
NAV/BTC,1575788500400,2019-12-08T07:01:40.400Z,buy,1.392e-05,3163.0,0.04402896
NAV/BTC,1575789011644,2019-12-08T07:10:11.644Z,sell,1.38e-05,78.0,0.0010764
NAV/BTC,1575789021990,2019-12-08T07:10:21.990Z,sell,1.38e-05,1.0,1.38e-05
NAV/BTC,1575789021990,2019-12-08T07:10:21.990Z,sell,1.379e-05,8.0,0.00011032
NAV/BTC,1575789021990,2019-12-08T07:10:21.990Z,sell,1.378e-05,38.0,0.00052364
NAV/BTC,1575789021990,2019-12-08T07:10:21.990Z,sell,1.377e-05,45.0,0.00061965
NAV/BTC,1575789023685,2019-12-08T07:10:23.685Z,sell,1.378e-05,90.0,0.0012402
NAV/BTC,1575789028858,2019-12-08T07:10:28.858Z,buy,1.39e-05,8.0,0.0001112
NAV/BTC,1575789130661,2019-12-08T07:12:10.661Z,buy,1.39e-05,71.0,0.0009869
NAV/BTC,1575789130661,2019-12-08T07:12:10.661Z,buy,1.391e-05,2085.0,0.02900235
NAV/BTC,1575789690319,2019-12-08T07:21:30.319Z,buy,1.391e-05,3443.0,0.04789213
NAV/BTC,1575789725743,2019-12-08T07:22:05.743Z,buy,1.391e-05,40.0,0.0005564
NAV/BTC,1575789815861,2019-12-08T07:23:35.861Z,buy,1.39e-05,20.0,0.000278
NAV/BTC,1575789889281,2019-12-08T07:24:49.281Z,buy,1.39e-05,4124.0,0.0573236
NAV/BTC,1575789889388,2019-12-08T07:24:49.388Z,sell,1.39e-05,183.0,0.0025437
NAV/BTC,1575789929530,2019-12-08T07:25:29.530Z,sell,1.383e-05,11.0,0.00015213
NAV/BTC,1575790019689,2019-12-08T07:26:59.689Z,sell,1.386e-05,723.0,0.01002078
NAV/BTC,1575790060061,2019-12-08T07:27:40.061Z,sell,1.383e-05,68.0,0.00094044
NAV/BTC,1575790060061,2019-12-08T07:27:40.061Z,sell,1.382e-05,316.0,0.00436712
NAV/BTC,1575790302548,2019-12-08T07:31:42.548Z,buy,1.39e-05,202.0,0.0028078
NAV/BTC,1575790559065,2019-12-08T07:35:59.065Z,sell,1.382e-05,40.0,0.0005528
NAV/BTC,1575790696421,2019-12-08T07:38:16.421Z,sell,1.382e-05,367.0,0.00507194
NAV/BTC,1575790877641,2019-12-08T07:41:17.641Z,sell,1.378e-05,62.0,0.00085436
NAV/BTC,1575790877641,2019-12-08T07:41:17.641Z,sell,1.377e-05,8.0,0.00011016
NAV/BTC,1575790877641,2019-12-08T07:41:17.641Z,sell,1.374e-05,1034.0,0.01420716
NAV/BTC,1575790877641,2019-12-08T07:41:17.641Z,sell,1.373e-05,3911.0,0.05369803
NAV/BTC,1575790878981,2019-12-08T07:41:18.981Z,sell,1.378e-05,8.0,0.00011024
NAV/BTC,1575790879967,2019-12-08T07:41:19.967Z,sell,1.378e-05,8.0,0.00011024
NAV/BTC,1575791122066,2019-12-08T07:45:22.066Z,sell,1.378e-05,8.0,0.00011024
NAV/BTC,1575791122066,2019-12-08T07:45:22.066Z,sell,1.378e-05,8.0,0.00011024
NAV/BTC,1575791578394,2019-12-08T07:52:58.394Z,sell,1.378e-05,23.0,0.00031694
NAV/BTC,1575791578394,2019-12-08T07:52:58.394Z,sell,1.375e-05,674.0,0.0092675
NAV/BTC,1575791578507,2019-12-08T07:52:58.507Z,buy,1.375e-05,930.0,0.0127875
NAV/BTC,1575791578531,2019-12-08T07:52:58.531Z,buy,1.375e-05,524.0,0.007205
NAV/BTC,1575791584320,2019-12-08T07:53:04.320Z,sell,1.375e-05,36.0,0.000495
NAV/BTC,1575791617514,2019-12-08T07:53:37.514Z,sell,1.375e-05,273.0,0.00375375
NAV/BTC,1575791617545,2019-12-08T07:53:37.545Z,buy,1.375e-05,518.0,0.0071225
NAV/BTC,1575792383494,2019-12-08T08:06:23.494Z,sell,1.375e-05,1166.0,0.0160325
NAV/BTC,1575792431425,2019-12-08T08:07:11.425Z,buy,1.38e-05,157.0,0.0021666
NAV/BTC,1575792431476,2019-12-08T08:07:11.476Z,sell,1.38e-05,843.0,0.0116334
NAV/BTC,1575792446124,2019-12-08T08:07:26.124Z,sell,1.38e-05,1000.0,0.0138
NAV/BTC,1575792490505,2019-12-08T08:08:10.505Z,buy,1.38e-05,8.0,0.0001104
NAV/BTC,1575792692739,2019-12-08T08:11:32.739Z,sell,1.381e-05,362.0,0.00499922
NAV/BTC,1575792696267,2019-12-08T08:11:36.267Z,sell,1.381e-05,221.0,0.00305201
NAV/BTC,1575793525402,2019-12-08T08:25:25.402Z,buy,1.385e-05,723.0,0.01001355
NAV/BTC,1575793526402,2019-12-08T08:25:26.402Z,buy,1.386e-05,112.0,0.0015523199999999
NAV/BTC,1575793680683,2019-12-08T08:28:00.683Z,buy,1.386e-05,214.0,0.00296604
NAV/BTC,1575793690289,2019-12-08T08:28:10.289Z,buy,1.388e-05,793.0,0.0110068399999999
NAV/BTC,1575793749508,2019-12-08T08:29:09.508Z,sell,1.388e-05,8.0,0.00011104
NAV/BTC,1575793755379,2019-12-08T08:29:15.379Z,buy,1.391e-05,596.0,0.00829036
NAV/BTC,1575793785634,2019-12-08T08:29:45.634Z,buy,1.391e-05,50.0,0.0006955
NAV/BTC,1575793802402,2019-12-08T08:30:02.402Z,buy,1.391e-05,650.0,0.0090415
NAV/BTC,1575794237424,2019-12-08T08:37:17.424Z,buy,1.39e-05,8.0,0.0001112
NAV/BTC,1575794558447,2019-12-08T08:42:38.447Z,sell,1.389e-05,86.0,0.00119454
NAV/BTC,1575794558447,2019-12-08T08:42:38.447Z,sell,1.388e-05,42.0,0.00058296
NAV/BTC,1575794558447,2019-12-08T08:42:38.447Z,sell,1.384e-05,416.0,0.00575744
NAV/BTC,1575794565521,2019-12-08T08:42:45.521Z,sell,1.384e-05,20.0,0.0002768
NAV/BTC,1575794566645,2019-12-08T08:42:46.645Z,sell,1.384e-05,109.0,0.00150856
NAV/BTC,1575794590149,2019-12-08T08:43:10.149Z,buy,1.385e-05,8.0,0.0001108
NAV/BTC,1575794647611,2019-12-08T08:44:07.611Z,buy,1.385e-05,2617.0,0.03624545
NAV/BTC,1575794647611,2019-12-08T08:44:07.611Z,buy,1.39e-05,4867.0,0.0676513
NAV/BTC,1575794647611,2019-12-08T08:44:07.611Z,buy,1.391e-05,2516.0,0.03499756
NAV/BTC,1575794647611,2019-12-08T08:44:07.611Z,buy,1.385e-05,2617.0,0.03624545
NAV/BTC,1575794647611,2019-12-08T08:44:07.611Z,buy,1.39e-05,4867.0,0.0676513
NAV/BTC,1575794647611,2019-12-08T08:44:07.611Z,buy,1.391e-05,2516.0,0.03499756
NAV/BTC,1575795070893,2019-12-08T08:51:10.893Z,sell,1.384e-05,9264.0,0.12821376
NAV/BTC,1575795077060,2019-12-08T08:51:17.060Z,sell,1.383e-05,2970.0,0.0410750999999999
NAV/BTC,1575795077060,2019-12-08T08:51:17.060Z,sell,1.381e-05,1724.0,0.02380844
NAV/BTC,1575795128136,2019-12-08T08:52:08.136Z,buy,1.39e-05,10.0,0.000139
NAV/BTC,1575795139902,2019-12-08T08:52:19.902Z,buy,1.39e-05,1411.0,0.0196129
NAV/BTC,1575795139902,2019-12-08T08:52:19.902Z,buy,1.391e-05,1036.0,0.01441076
NAV/BTC,1575795407706,2019-12-08T08:56:47.706Z,buy,1.392e-05,1099.0,0.01529808
NAV/BTC,1575795418856,2019-12-08T08:56:58.856Z,sell,1.383e-05,367.0,0.0050756099999999
NAV/BTC,1575795418856,2019-12-08T08:56:58.856Z,sell,1.382e-05,4859.0,0.06715138
NAV/BTC,1575795418856,2019-12-08T08:56:58.856Z,sell,1.381e-05,3650.0,0.0504065
NAV/BTC,1575795418856,2019-12-08T08:56:58.856Z,sell,1.38e-05,28269.0,0.3901122
NAV/BTC,1575795429749,2019-12-08T08:57:09.749Z,buy,1.392e-05,10.0,0.0001392
NAV/BTC,1575795556674,2019-12-08T08:59:16.674Z,sell,1.388e-05,462.0,0.0064125599999999
NAV/BTC,1575795567431,2019-12-08T08:59:27.431Z,sell,1.387e-05,15.0,0.00020805
NAV/BTC,1575795586648,2019-12-08T08:59:46.648Z,buy,1.393e-05,1310.0,0.0182483
NAV/BTC,1575795586691,2019-12-08T08:59:46.691Z,sell,1.393e-05,173.0,0.00240989
NAV/BTC,1575795587301,2019-12-08T08:59:47.301Z,buy,1.394e-05,106.0,0.00147764
NAV/BTC,1575795588589,2019-12-08T08:59:48.589Z,sell,1.393e-05,371.0,0.00516803
NAV/BTC,1575795592627,2019-12-08T08:59:52.627Z,buy,1.394e-05,107.0,0.00149158
NAV/BTC,1575795593339,2019-12-08T08:59:53.339Z,buy,1.394e-05,71.0,0.00098974
NAV/BTC,1575795595465,2019-12-08T08:59:55.465Z,buy,1.394e-05,144.0,0.00200736
NAV/BTC,1575795643242,2019-12-08T09:00:43.242Z,sell,1.386e-05,41.0,0.00056826
NAV/BTC,1575795650707,2019-12-08T09:00:50.707Z,sell,1.386e-05,38.0,0.00052668
NAV/BTC,1575795650707,2019-12-08T09:00:50.707Z,sell,1.384e-05,3.0,4.152e-05
NAV/BTC,1575795652128,2019-12-08T09:00:52.128Z,sell,1.385e-05,34.0,0.0004709
NAV/BTC,1575795652128,2019-12-08T09:00:52.128Z,sell,1.384e-05,7.0,9.688e-05
NAV/BTC,1575795656610,2019-12-08T09:00:56.610Z,buy,1.393e-05,113.0,0.00157409
NAV/BTC,1575795656635,2019-12-08T09:00:56.635Z,sell,1.393e-05,30.0,0.0004179
NAV/BTC,1575795657840,2019-12-08T09:00:57.840Z,sell,1.393e-05,143.0,0.00199199
NAV/BTC,1575795660906,2019-12-08T09:01:00.906Z,sell,1.393e-05,717.0,0.00998781
NAV/BTC,1575795667868,2019-12-08T09:01:07.868Z,buy,1.394e-05,15.0,0.0002091
NAV/BTC,1575795672645,2019-12-08T09:01:12.645Z,sell,1.393e-05,86.0,0.00119798
NAV/BTC,1575795683324,2019-12-08T09:01:23.324Z,buy,1.394e-05,91.0,0.00126854
NAV/BTC,1575795683358,2019-12-08T09:01:23.358Z,sell,1.394e-05,546.0,0.00761124
NAV/BTC,1575795683425,2019-12-08T09:01:23.425Z,sell,1.394e-05,296.0,0.00412624
NAV/BTC,1575795687243,2019-12-08T09:01:27.243Z,sell,1.393e-05,108.0,0.00150444
NAV/BTC,1575795745695,2019-12-08T09:02:25.695Z,buy,1.395e-05,100.0,0.001395
NAV/BTC,1575795748725,2019-12-08T09:02:28.725Z,sell,1.395e-05,376.0,0.0052452
NAV/BTC,1575795748725,2019-12-08T09:02:28.725Z,sell,1.393e-05,29.0,0.00040397
NAV/BTC,1575795750948,2019-12-08T09:02:30.948Z,sell,1.385e-05,214.0,0.0029638999999999
NAV/BTC,1575795750948,2019-12-08T09:02:30.948Z,sell,1.384e-05,52.0,0.00071968
NAV/BTC,1575795751067,2019-12-08T09:02:31.067Z,sell,1.384e-05,66.0,0.00091344
NAV/BTC,1575795751149,2019-12-08T09:02:31.149Z,sell,1.384e-05,110.0,0.0015224
NAV/BTC,1575795787036,2019-12-08T09:03:07.036Z,buy,1.394e-05,214.0,0.00298316
NAV/BTC,1575795787036,2019-12-08T09:03:07.036Z,buy,1.395e-05,3842.0,0.0535959
NAV/BTC,1575795787036,2019-12-08T09:03:07.036Z,buy,1.396e-05,211.0,0.00294556
NAV/BTC,1575795787036,2019-12-08T09:03:07.036Z,buy,1.397e-05,1335.0,0.01864995
NAV/BTC,1575795832811,2019-12-08T09:03:52.811Z,sell,1.384e-05,73.0,0.0010103199999999
NAV/BTC,1575795856184,2019-12-08T09:04:16.184Z,sell,1.385e-05,146.0,0.0020220999999999
NAV/BTC,1575795856184,2019-12-08T09:04:16.184Z,sell,1.384e-05,54.0,0.00074736
NAV/BTC,1575796614392,2019-12-08T09:16:54.392Z,buy,1.391e-05,303.0,0.00421473
NAV/BTC,1575796647843,2019-12-08T09:17:27.843Z,sell,1.387e-05,111.0,0.0015395699999999
NAV/BTC,1575796647843,2019-12-08T09:17:27.843Z,sell,1.386e-05,144.0,0.00199584
NAV/BTC,1575796647843,2019-12-08T09:17:27.843Z,sell,1.385e-05,5341.0,0.0739728499999999
NAV/BTC,1575796662577,2019-12-08T09:17:42.577Z,buy,1.392e-05,73.0,0.00101616
NAV/BTC,1575796662577,2019-12-08T09:17:42.577Z,buy,1.393e-05,152.0,0.00211736
NAV/BTC,1575796662577,2019-12-08T09:17:42.577Z,buy,1.394e-05,275.0,0.0038335
NAV/BTC,1575796778766,2019-12-08T09:19:38.766Z,buy,1.394e-05,129.0,0.00179826
NAV/BTC,1575796778781,2019-12-08T09:19:38.781Z,sell,1.394e-05,437.0,0.00609178
NAV/BTC,1575796779111,2019-12-08T09:19:39.111Z,buy,1.395e-05,297.0,0.00414315
NAV/BTC,1575796780128,2019-12-08T09:19:40.128Z,buy,1.396e-05,378.0,0.00527688
NAV/BTC,1575796791539,2019-12-08T09:19:51.539Z,sell,1.394e-05,194.0,0.00270436
NAV/BTC,1575796792989,2019-12-08T09:19:52.989Z,sell,1.394e-05,108.0,0.00150552
NAV/BTC,1575796795089,2019-12-08T09:19:55.089Z,sell,1.394e-05,108.0,0.00150552
NAV/BTC,1575796797202,2019-12-08T09:19:57.202Z,sell,1.394e-05,108.0,0.00150552
NAV/BTC,1575796816527,2019-12-08T09:20:16.527Z,sell,1.394e-05,1745.0,0.0243253
NAV/BTC,1575796829571,2019-12-08T09:20:29.571Z,buy,1.399e-05,8212.0,0.11488588
NAV/BTC,1575796889255,2019-12-08T09:21:29.255Z,buy,1.399e-05,3084.0,0.04314516
NAV/BTC,1575796930102,2019-12-08T09:22:10.102Z,sell,1.399e-05,8.0,0.00011192
NAV/BTC,1575797073333,2019-12-08T09:24:33.333Z,buy,1.4e-05,573.0,0.008022
NAV/BTC,1575797073333,2019-12-08T09:24:33.333Z,buy,1.401e-05,298.0,0.00417498
NAV/BTC,1575797073333,2019-12-08T09:24:33.333Z,buy,1.402e-05,170.0,0.0023834
NAV/BTC,1575797073333,2019-12-08T09:24:33.333Z,buy,1.403e-05,2620.0,0.0367585999999999
NAV/BTC,1575797094826,2019-12-08T09:24:54.826Z,buy,1.406e-05,94.0,0.00132164
NAV/BTC,1575797094940,2019-12-08T09:24:54.940Z,sell,1.406e-05,261.0,0.00366966
NAV/BTC,1575797096148,2019-12-08T09:24:56.148Z,sell,1.403e-05,356.0,0.00499468
NAV/BTC,1575797097959,2019-12-08T09:24:57.959Z,sell,1.399e-05,933.0,0.01305267
NAV/BTC,1575797104363,2019-12-08T09:25:04.363Z,buy,1.406e-05,4241.0,0.0596284599999999
NAV/BTC,1575797119264,2019-12-08T09:25:19.264Z,buy,1.406e-05,1941.0,0.02729046
NAV/BTC,1575797119348,2019-12-08T09:25:19.348Z,sell,1.406e-05,361.0,0.00507566
NAV/BTC,1575797126088,2019-12-08T09:25:26.088Z,buy,1.407e-05,624.0,0.00877968
NAV/BTC,1575797132890,2019-12-08T09:25:32.890Z,sell,1.407e-05,73.0,0.00102711
NAV/BTC,1575797132890,2019-12-08T09:25:32.890Z,sell,1.402e-05,37.0,0.00051874
NAV/BTC,1575797132890,2019-12-08T09:25:32.890Z,sell,1.401e-05,75.0,0.00105075
NAV/BTC,1575797134302,2019-12-08T09:25:34.302Z,buy,1.407e-05,682.0,0.00959574
NAV/BTC,1575797134302,2019-12-08T09:25:34.302Z,buy,1.408e-05,510.0,0.0071808
NAV/BTC,1575797149305,2019-12-08T09:25:49.305Z,buy,1.409e-05,85.0,0.00119765
NAV/BTC,1575797150639,2019-12-08T09:25:50.639Z,buy,1.409e-05,696.0,0.00980664
NAV/BTC,1575797157175,2019-12-08T09:25:57.175Z,sell,1.4e-05,15.0,0.00021
NAV/BTC,1575797157175,2019-12-08T09:25:57.175Z,sell,1.4e-05,70.0,0.00098
NAV/BTC,1575797157175,2019-12-08T09:25:57.175Z,sell,1.4e-05,359.0,0.005026
NAV/BTC,1575797158126,2019-12-08T09:25:58.126Z,sell,1.4e-05,74.0,0.001036
NAV/BTC,1575797158671,2019-12-08T09:25:58.671Z,sell,1.4e-05,363.0,0.005082
NAV/BTC,1575797158671,2019-12-08T09:25:58.671Z,sell,1.399e-05,1718.0,0.02403482
NAV/BTC,1575797158854,2019-12-08T09:25:58.854Z,sell,1.399e-05,406.0,0.00567994
NAV/BTC,1575797158854,2019-12-08T09:25:58.854Z,sell,1.398e-05,344.0,0.00480912
NAV/BTC,1575797159154,2019-12-08T09:25:59.154Z,sell,1.399e-05,147.0,0.00205653
NAV/BTC,1575797165831,2019-12-08T09:26:05.831Z,buy,1.406e-05,273.0,0.0038383799999999
NAV/BTC,1575797167091,2019-12-08T09:26:07.091Z,buy,1.406e-05,90.0,0.0012653999999999
NAV/BTC,1575797446627,2019-12-08T09:30:46.627Z,buy,1.406e-05,36.0,0.00050616
NAV/BTC,1575797487099,2019-12-08T09:31:27.099Z,sell,1.4e-05,127.0,0.001778
NAV/BTC,1575797605726,2019-12-08T09:33:25.726Z,buy,1.406e-05,74.0,0.00104044
NAV/BTC,1575797605726,2019-12-08T09:33:25.726Z,buy,1.407e-05,78.0,0.00109746
NAV/BTC,1575797605726,2019-12-08T09:33:25.726Z,buy,1.408e-05,389.0,0.00547712
NAV/BTC,1575797607819,2019-12-08T09:33:27.819Z,buy,1.408e-05,326.0,0.00459008
NAV/BTC,1575797607819,2019-12-08T09:33:27.819Z,buy,1.409e-05,215.0,0.00302935
NAV/BTC,1575797617554,2019-12-08T09:33:37.554Z,sell,1.401e-05,26.0,0.00036426
NAV/BTC,1575797883215,2019-12-08T09:38:03.215Z,buy,1.409e-05,157.0,0.00221213
NAV/BTC,1575797955546,2019-12-08T09:39:15.546Z,buy,1.409e-05,4134.0,0.05824806
NAV/BTC,1575797955840,2019-12-08T09:39:15.840Z,buy,1.41e-05,978.0,0.0137898
NAV/BTC,1575797955871,2019-12-08T09:39:15.871Z,buy,1.41e-05,1666.0,0.0234906
NAV/BTC,1575797970400,2019-12-08T09:39:30.400Z,sell,1.41e-05,297.0,0.0041877
NAV/BTC,1575798017807,2019-12-08T09:40:17.807Z,sell,1.407e-05,517.0,0.00727419
NAV/BTC,1575798032564,2019-12-08T09:40:32.564Z,sell,1.407e-05,94.0,0.00132258
NAV/BTC,1575798032584,2019-12-08T09:40:32.584Z,buy,1.407e-05,83.0,0.00116781
NAV/BTC,1575798068612,2019-12-08T09:41:08.612Z,sell,1.407e-05,106.0,0.00149142
NAV/BTC,1575798079974,2019-12-08T09:41:19.974Z,buy,1.412e-05,8.0,0.00011296
NAV/BTC,1575798079974,2019-12-08T09:41:19.974Z,buy,1.414e-05,1.0,1.414e-05
NAV/BTC,1575798246537,2019-12-08T09:44:06.537Z,buy,1.413e-05,359.0,0.00507267
NAV/BTC,1575798246537,2019-12-08T09:44:06.537Z,buy,1.414e-05,7647.0,0.10812858
NAV/BTC,1575798247267,2019-12-08T09:44:07.267Z,buy,1.415e-05,3266.0,0.0462139
NAV/BTC,1575798247302,2019-12-08T09:44:07.302Z,buy,1.416e-05,214.0,0.00303024
NAV/BTC,1575798247302,2019-12-08T09:44:07.302Z,buy,1.416e-05,214.0,0.00303024
NAV/BTC,1575798271004,2019-12-08T09:44:31.004Z,buy,1.414e-05,664.0,0.00938896
NAV/BTC,1575798271004,2019-12-08T09:44:31.004Z,buy,1.415e-05,11928.0,0.1687812
NAV/BTC,1575798271004,2019-12-08T09:44:31.004Z,buy,1.416e-05,531.0,0.00751896
NAV/BTC,1575798272035,2019-12-08T09:44:32.035Z,buy,1.417e-05,12.0,0.00017004
NAV/BTC,1575798284148,2019-12-08T09:44:44.148Z,sell,1.417e-05,702.0,0.00994734
NAV/BTC,1575798355547,2019-12-08T09:45:55.547Z,sell,1.417e-05,4694.0,0.06651398
NAV/BTC,1575798355561,2019-12-08T09:45:55.561Z,sell,1.417e-05,978.0,0.01385826
NAV/BTC,1575798365112,2019-12-08T09:46:05.112Z,sell,1.417e-05,1443.0,0.02044731
NAV/BTC,1575798388956,2019-12-08T09:46:28.956Z,buy,1.417e-05,233.0,0.00330161
NAV/BTC,1575798420115,2019-12-08T09:47:00.115Z,buy,1.418e-05,91.0,0.00129038
NAV/BTC,1575798427964,2019-12-08T09:47:07.964Z,buy,1.418e-05,409.0,0.00579962
NAV/BTC,1575798492323,2019-12-08T09:48:12.323Z,sell,1.418e-05,85.0,0.0012053
NAV/BTC,1575798496627,2019-12-08T09:48:16.627Z,sell,1.418e-05,978.0,0.01386804
NAV/BTC,1575798507034,2019-12-08T09:48:27.034Z,buy,1.42e-05,85.0,0.001207
NAV/BTC,1575798521261,2019-12-08T09:48:41.261Z,buy,1.419e-05,355.0,0.00503745
NAV/BTC,1575798521261,2019-12-08T09:48:41.261Z,buy,1.42e-05,11.0,0.0001562
NAV/BTC,1575798523457,2019-12-08T09:48:43.457Z,buy,1.42e-05,126.0,0.0017892
NAV/BTC,1575798523457,2019-12-08T09:48:43.457Z,buy,1.421e-05,34.0,0.0004831399999999
NAV/BTC,1575798523457,2019-12-08T09:48:43.457Z,buy,1.422e-05,23.0,0.00032706
NAV/BTC,1575798524655,2019-12-08T09:48:44.655Z,buy,1.422e-05,84.0,0.00119448
NAV/BTC,1575798524655,2019-12-08T09:48:44.655Z,buy,1.423e-05,100.0,0.001423
NAV/BTC,1575798582794,2019-12-08T09:49:42.794Z,buy,1.423e-05,69.0,0.00098187
NAV/BTC,1575798582794,2019-12-08T09:49:42.794Z,buy,1.425e-05,212.0,0.003021
NAV/BTC,1575798597325,2019-12-08T09:49:57.325Z,buy,1.424e-05,73.0,0.00103952
NAV/BTC,1575798599426,2019-12-08T09:49:59.426Z,buy,1.424e-05,73.0,0.00103952
NAV/BTC,1575798625213,2019-12-08T09:50:25.213Z,buy,1.424e-05,568.0,0.00808832
NAV/BTC,1575798625213,2019-12-08T09:50:25.213Z,buy,1.425e-05,2148.0,0.030609
NAV/BTC,1575798645611,2019-12-08T09:50:45.611Z,buy,1.425e-05,3150.0,0.0448875
NAV/BTC,1575798645611,2019-12-08T09:50:45.611Z,buy,1.426e-05,2970.0,0.0423522
NAV/BTC,1575798645611,2019-12-08T09:50:45.611Z,buy,1.427e-05,8.0,0.00011416
NAV/BTC,1575798645611,2019-12-08T09:50:45.611Z,buy,1.428e-05,983.0,0.01403724
NAV/BTC,1575798645611,2019-12-08T09:50:45.611Z,buy,1.429e-05,3286.0,0.04695694
NAV/BTC,1575798645611,2019-12-08T09:50:45.611Z,buy,1.43e-05,32261.0,0.4613323
NAV/BTC,1575798645611,2019-12-08T09:50:45.611Z,buy,1.431e-05,4648.0,0.06651288
NAV/BTC,1575798652377,2019-12-08T09:50:52.377Z,sell,1.424e-05,157.0,0.00223568
NAV/BTC,1575798653382,2019-12-08T09:50:53.382Z,sell,1.424e-05,71.0,0.00101104
NAV/BTC,1575798658536,2019-12-08T09:50:58.536Z,buy,1.434e-05,228.0,0.00326952
NAV/BTC,1575798658536,2019-12-08T09:50:58.536Z,buy,1.435e-05,34.0,0.0004879
NAV/BTC,1575798658536,2019-12-08T09:50:58.536Z,buy,1.436e-05,5496.0,0.07892256
NAV/BTC,1575798658536,2019-12-08T09:50:58.536Z,buy,1.438e-05,1570.0,0.0225766
NAV/BTC,1575798658536,2019-12-08T09:50:58.536Z,buy,1.439e-05,695.0,0.01000105
NAV/BTC,1575798658536,2019-12-08T09:50:58.536Z,buy,1.44e-05,26791.0,0.3857904
NAV/BTC,1575798659304,2019-12-08T09:50:59.304Z,sell,1.43e-05,10.0,0.000143
NAV/BTC,1575798659820,2019-12-08T09:50:59.820Z,sell,1.431e-05,10.0,0.0001431
NAV/BTC,1575798660793,2019-12-08T09:51:00.793Z,sell,1.431e-05,274.0,0.00392094
NAV/BTC,1575798661162,2019-12-08T09:51:01.162Z,sell,1.432e-05,176.0,0.00252032
NAV/BTC,1575798669771,2019-12-08T09:51:09.771Z,sell,1.432e-05,108.0,0.00154656
NAV/BTC,1575798672221,2019-12-08T09:51:12.221Z,buy,1.44e-05,135.0,0.001944
NAV/BTC,1575798673563,2019-12-08T09:51:13.563Z,buy,1.44e-05,134.0,0.0019295999999999
NAV/BTC,1575798674065,2019-12-08T09:51:14.065Z,buy,1.44e-05,25.0,0.0003599999999999
NAV/BTC,1575798674065,2019-12-08T09:51:14.065Z,buy,1.441e-05,50.0,0.0007205
NAV/BTC,1575798674065,2019-12-08T09:51:14.065Z,buy,1.442e-05,668.0,0.00963256
NAV/BTC,1575798674065,2019-12-08T09:51:14.065Z,buy,1.443e-05,431.0,0.00621933
NAV/BTC,1575798674065,2019-12-08T09:51:14.065Z,buy,1.444e-05,2105.0,0.0303962
NAV/BTC,1575798674065,2019-12-08T09:51:14.065Z,buy,1.445e-05,482.0,0.0069649
NAV/BTC,1575798674065,2019-12-08T09:51:14.065Z,buy,1.446e-05,3969.0,0.05739174
NAV/BTC,1575798674065,2019-12-08T09:51:14.065Z,buy,1.448e-05,138.0,0.00199824
NAV/BTC,1575798674065,2019-12-08T09:51:14.065Z,buy,1.449e-05,6132.0,0.08885268
NAV/BTC,1575798675616,2019-12-08T09:51:15.616Z,sell,1.431e-05,186.0,0.00266166
NAV/BTC,1575798675616,2019-12-08T09:51:15.616Z,sell,1.431e-05,785.0,0.01123335
NAV/BTC,1575798675687,2019-12-08T09:51:15.687Z,buy,1.432e-05,978.0,0.01400496
NAV/BTC,1575798675742,2019-12-08T09:51:15.742Z,buy,1.432e-05,588.0,0.00842016
NAV/BTC,1575798678053,2019-12-08T09:51:18.053Z,sell,1.431e-05,79.0,0.00113049
NAV/BTC,1575798678686,2019-12-08T09:51:18.686Z,sell,1.431e-05,259.0,0.00370629
NAV/BTC,1575798679363,2019-12-08T09:51:19.363Z,sell,1.431e-05,76.0,0.00108756
NAV/BTC,1575798679363,2019-12-08T09:51:19.363Z,sell,1.43e-05,29.0,0.0004147
NAV/BTC,1575798687632,2019-12-08T09:51:27.632Z,sell,1.43e-05,324.0,0.0046332
NAV/BTC,1575798699050,2019-12-08T09:51:39.050Z,sell,1.428e-05,15.0,0.0002142
NAV/BTC,1575798704292,2019-12-08T09:51:44.292Z,sell,1.428e-05,202.0,0.00288456
NAV/BTC,1575798709268,2019-12-08T09:51:49.268Z,buy,1.438e-05,7.0,0.00010066
NAV/BTC,1575798709268,2019-12-08T09:51:49.268Z,buy,1.439e-05,15.0,0.00021585
NAV/BTC,1575798709268,2019-12-08T09:51:49.268Z,buy,1.44e-05,13.0,0.0001872
NAV/BTC,1575798712995,2019-12-08T09:51:52.995Z,sell,1.428e-05,282.0,0.00402696
NAV/BTC,1575798712995,2019-12-08T09:51:52.995Z,sell,1.427e-05,257.0,0.00366739
NAV/BTC,1575798725645,2019-12-08T09:52:05.645Z,sell,1.428e-05,105.0,0.0014994
NAV/BTC,1575798727267,2019-12-08T09:52:07.267Z,sell,1.428e-05,105.0,0.0014994
NAV/BTC,1575798729152,2019-12-08T09:52:09.152Z,sell,1.428e-05,105.0,0.0014994
NAV/BTC,1575798759173,2019-12-08T09:52:39.173Z,sell,1.429e-05,85.0,0.00121465
NAV/BTC,1575798773694,2019-12-08T09:52:53.694Z,buy,1.437e-05,84.0,0.00120708
NAV/BTC,1575798783221,2019-12-08T09:53:03.221Z,buy,1.437e-05,699.0,0.01004463
NAV/BTC,1575798783221,2019-12-08T09:53:03.221Z,buy,1.439e-05,482.0,0.00693598
NAV/BTC,1575798783269,2019-12-08T09:53:03.269Z,sell,1.439e-05,978.0,0.01407342
NAV/BTC,1575798795522,2019-12-08T09:53:15.522Z,buy,1.441e-05,76.0,0.00109516
NAV/BTC,1575798795522,2019-12-08T09:53:15.522Z,buy,1.444e-05,212.0,0.00306128
NAV/BTC,1575798795522,2019-12-08T09:53:15.522Z,buy,1.448e-05,176.0,0.00254848
NAV/BTC,1575798795522,2019-12-08T09:53:15.522Z,buy,1.449e-05,328.0,0.00475272
NAV/BTC,1575798795522,2019-12-08T09:53:15.522Z,buy,1.45e-05,22.0,0.000319
NAV/BTC,1575798806494,2019-12-08T09:53:26.494Z,sell,1.442e-05,150.0,0.002163
NAV/BTC,1575798808956,2019-12-08T09:53:28.956Z,buy,1.449e-05,682.0,0.00988218
NAV/BTC,1575798808956,2019-12-08T09:53:28.956Z,buy,1.45e-05,5647.0,0.0818815
NAV/BTC,1575798818576,2019-12-08T09:53:38.576Z,sell,1.441e-05,276.0,0.0039771599999999
NAV/BTC,1575798818576,2019-12-08T09:53:38.576Z,sell,1.436e-05,341.0,0.00489676
NAV/BTC,1575798818576,2019-12-08T09:53:38.576Z,sell,1.433e-05,79.0,0.00113207
NAV/BTC,1575798818599,2019-12-08T09:53:38.599Z,buy,1.435e-05,65.0,0.00093275
NAV/BTC,1575798818629,2019-12-08T09:53:38.629Z,sell,1.434e-05,371.0,0.00532014
NAV/BTC,1575798819194,2019-12-08T09:53:39.194Z,buy,1.449e-05,415.0,0.00601335
NAV/BTC,1575798819663,2019-12-08T09:53:39.663Z,sell,1.449e-05,65.0,0.00094185
NAV/BTC,1575798819770,2019-12-08T09:53:39.770Z,sell,1.449e-05,10.0,0.0001449
NAV/BTC,1575798820986,2019-12-08T09:53:40.986Z,sell,1.449e-05,69.0,0.00099981
NAV/BTC,1575798821050,2019-12-08T09:53:41.050Z,sell,1.449e-05,118.0,0.00170982
NAV/BTC,1575798822728,2019-12-08T09:53:42.728Z,sell,1.437e-05,143.0,0.00205491
NAV/BTC,1575798822961,2019-12-08T09:53:42.961Z,buy,1.449e-05,30.0,0.0004347
NAV/BTC,1575798822961,2019-12-08T09:53:42.961Z,buy,1.45e-05,372.0,0.005394
NAV/BTC,1575798828913,2019-12-08T09:53:48.913Z,buy,1.449e-05,143.0,0.00207207
NAV/BTC,1575798828913,2019-12-08T09:53:48.913Z,buy,1.45e-05,3934.0,0.057043
NAV/BTC,1575798834846,2019-12-08T09:53:54.846Z,buy,1.45e-05,125.0,0.0018125
NAV/BTC,1575798847919,2019-12-08T09:54:07.919Z,buy,1.45e-05,200.0,0.0029
NAV/BTC,1575798877103,2019-12-08T09:54:37.103Z,buy,1.444e-05,8.0,0.00011552
NAV/BTC,1575798877103,2019-12-08T09:54:37.103Z,buy,1.449e-05,150.0,0.0021735
NAV/BTC,1575798877103,2019-12-08T09:54:37.103Z,buy,1.45e-05,3619.0,0.0524755
NAV/BTC,1575798885143,2019-12-08T09:54:45.143Z,buy,1.449e-05,5454.0,0.07902846
NAV/BTC,1575798895093,2019-12-08T09:54:55.093Z,buy,1.45e-05,100.0,0.00145
NAV/BTC,1575798897174,2019-12-08T09:54:57.174Z,buy,1.45e-05,101.0,0.0014645
NAV/BTC,1575798923091,2019-12-08T09:55:23.091Z,sell,1.448e-05,97.0,0.00140456
NAV/BTC,1575798932109,2019-12-08T09:55:32.109Z,sell,1.448e-05,198.0,0.00286704
NAV/BTC,1575798935405,2019-12-08T09:55:35.405Z,buy,1.447e-05,1230.0,0.0177981
NAV/BTC,1575798935426,2019-12-08T09:55:35.426Z,sell,1.449e-05,542.0,0.00785358
NAV/BTC,1575798959898,2019-12-08T09:55:59.898Z,sell,1.441e-05,141.0,0.0020318099999999
NAV/BTC,1575798959898,2019-12-08T09:55:59.898Z,sell,1.438e-05,724.0,0.01041112
NAV/BTC,1575798959898,2019-12-08T09:55:59.898Z,sell,1.437e-05,341.0,0.00490017
NAV/BTC,1575798959898,2019-12-08T09:55:59.898Z,sell,1.436e-05,566.0,0.00812776
NAV/BTC,1575798970930,2019-12-08T09:56:10.930Z,buy,1.447e-05,221.0,0.00319787
NAV/BTC,1575799005485,2019-12-08T09:56:45.485Z,buy,1.447e-05,120.0,0.0017364
NAV/BTC,1575799005485,2019-12-08T09:56:45.485Z,buy,1.45e-05,10288.0,0.149176
NAV/BTC,1575799009231,2019-12-08T09:56:49.231Z,buy,1.449e-05,516.0,0.00747684
NAV/BTC,1575799043841,2019-12-08T09:57:23.841Z,buy,1.448e-05,105.0,0.0015204
NAV/BTC,1575799046029,2019-12-08T09:57:26.029Z,buy,1.448e-05,103.0,0.00149144
NAV/BTC,1575799046029,2019-12-08T09:57:26.029Z,buy,1.449e-05,2.0,2.898e-05
NAV/BTC,1575799052037,2019-12-08T09:57:32.037Z,buy,1.45e-05,130.0,0.001885
NAV/BTC,1575799053331,2019-12-08T09:57:33.331Z,buy,1.45e-05,130.0,0.001885
NAV/BTC,1575799053333,2019-12-08T09:57:33.333Z,sell,1.449e-05,49.0,0.00071001
NAV/BTC,1575799053532,2019-12-08T09:57:33.532Z,sell,1.449e-05,84.0,0.00121716
NAV/BTC,1575799058235,2019-12-08T09:57:38.235Z,buy,1.45e-05,10235.0,0.1484075
NAV/BTC,1575799058273,2019-12-08T09:57:38.273Z,buy,1.451e-05,687.0,0.00996837
NAV/BTC,1575799103399,2019-12-08T09:58:23.399Z,buy,1.456e-05,25.0,0.000364
NAV/BTC,1575799103399,2019-12-08T09:58:23.399Z,buy,1.457e-05,409.0,0.00595913
NAV/BTC,1575799106377,2019-12-08T09:58:26.377Z,buy,1.457e-05,82.0,0.00119474
NAV/BTC,1575799108104,2019-12-08T09:58:28.104Z,buy,1.457e-05,929.0,0.0135355299999999
NAV/BTC,1575799112145,2019-12-08T09:58:32.145Z,buy,1.459e-05,87.0,0.00126933
NAV/BTC,1575799112145,2019-12-08T09:58:32.145Z,buy,1.46e-05,128.0,0.0018688
NAV/BTC,1575799115147,2019-12-08T09:58:35.147Z,buy,1.46e-05,108.0,0.0015768
NAV/BTC,1575799116760,2019-12-08T09:58:36.760Z,buy,1.46e-05,108.0,0.0015768
NAV/BTC,1575799117870,2019-12-08T09:58:37.870Z,sell,1.452e-05,1064.0,0.01544928
NAV/BTC,1575799117870,2019-12-08T09:58:37.870Z,sell,1.45e-05,384.0,0.005568
NAV/BTC,1575799118015,2019-12-08T09:58:38.015Z,buy,1.46e-05,1007.0,0.0147022
NAV/BTC,1575799139236,2019-12-08T09:58:59.236Z,buy,1.459e-05,377.0,0.00550043
NAV/BTC,1575799142206,2019-12-08T09:59:02.206Z,buy,1.459e-05,188.0,0.00274292
NAV/BTC,1575799144295,2019-12-08T09:59:04.295Z,buy,1.459e-05,94.0,0.00137146
NAV/BTC,1575799146100,2019-12-08T09:59:06.100Z,buy,1.459e-05,72.0,0.00105048
NAV/BTC,1575799146100,2019-12-08T09:59:06.100Z,buy,1.46e-05,23.0,0.0003358
NAV/BTC,1575799167426,2019-12-08T09:59:27.426Z,sell,1.452e-05,105.0,0.0015246
NAV/BTC,1575799174865,2019-12-08T09:59:34.865Z,sell,1.451e-05,639.0,0.00927189
NAV/BTC,1575799174865,2019-12-08T09:59:34.865Z,sell,1.45e-05,7371.0,0.1068795
NAV/BTC,1575799174865,2019-12-08T09:59:34.865Z,sell,1.449e-05,5332.0,0.07726068
NAV/BTC,1575799178655,2019-12-08T09:59:38.655Z,buy,1.457e-05,444.0,0.0064690799999999
NAV/BTC,1575799202545,2019-12-08T10:00:02.545Z,buy,1.457e-05,219.0,0.00319083
NAV/BTC,1575799203403,2019-12-08T10:00:03.403Z,sell,1.452e-05,110.0,0.0015972
NAV/BTC,1575799203691,2019-12-08T10:00:03.691Z,buy,1.457e-05,220.0,0.0032053999999999
NAV/BTC,1575799211639,2019-12-08T10:00:11.639Z,sell,1.452e-05,107.0,0.00155364
NAV/BTC,1575799213930,2019-12-08T10:00:13.930Z,sell,1.452e-05,1832.0,0.02660064
NAV/BTC,1575799217702,2019-12-08T10:00:17.702Z,sell,1.451e-05,1124.0,0.01630924
NAV/BTC,1575799230200,2019-12-08T10:00:30.200Z,sell,1.449e-05,810.0,0.0117369
NAV/BTC,1575799246181,2019-12-08T10:00:46.181Z,sell,1.449e-05,1415.0,0.02050335
NAV/BTC,1575799255119,2019-12-08T10:00:55.119Z,sell,1.449e-05,7264.0,0.10525536
NAV/BTC,1575799258764,2019-12-08T10:00:58.764Z,sell,1.44e-05,7.0,0.0001008
NAV/BTC,1575799272682,2019-12-08T10:01:12.682Z,sell,1.439e-05,281.0,0.00404359
NAV/BTC,1575799273524,2019-12-08T10:01:13.524Z,sell,1.439e-05,424.0,0.00610136
NAV/BTC,1575799280303,2019-12-08T10:01:20.303Z,sell,1.438e-05,375.0,0.0053925
NAV/BTC,1575799280323,2019-12-08T10:01:20.323Z,sell,1.436e-05,485.0,0.0069646
NAV/BTC,1575799295695,2019-12-08T10:01:35.695Z,sell,1.435e-05,215.0,0.00308525
NAV/BTC,1575799295695,2019-12-08T10:01:35.695Z,sell,1.434e-05,497.0,0.00712698
NAV/BTC,1575799295695,2019-12-08T10:01:35.695Z,sell,1.434e-05,1845.0,0.0264573
NAV/BTC,1575799295915,2019-12-08T10:01:35.915Z,buy,1.436e-05,393.0,0.00564348
NAV/BTC,1575799310533,2019-12-08T10:01:50.533Z,sell,1.431e-05,138.0,0.00197478
NAV/BTC,1575799310533,2019-12-08T10:01:50.533Z,sell,1.427e-05,72.0,0.00102744
NAV/BTC,1575799311707,2019-12-08T10:01:51.707Z,buy,1.431e-05,104.0,0.00148824
NAV/BTC,1575799311826,2019-12-08T10:01:51.826Z,sell,1.427e-05,204.0,0.00291108
NAV/BTC,1575799311826,2019-12-08T10:01:51.826Z,sell,1.425e-05,54.0,0.0007695
NAV/BTC,1575799311826,2019-12-08T10:01:51.826Z,sell,1.424e-05,1122.0,0.01597728
NAV/BTC,1575799311826,2019-12-08T10:01:51.826Z,sell,1.423e-05,420.0,0.0059765999999999
NAV/BTC,1575799311826,2019-12-08T10:01:51.826Z,sell,1.422e-05,222.0,0.0031568399999999
NAV/BTC,1575799311826,2019-12-08T10:01:51.826Z,sell,1.421e-05,2453.0,0.03485713
NAV/BTC,1575799313055,2019-12-08T10:01:53.055Z,sell,1.421e-05,341.0,0.00484561
NAV/BTC,1575799313055,2019-12-08T10:01:53.055Z,sell,1.42e-05,34.0,0.0004827999999999
NAV/BTC,1575799319176,2019-12-08T10:01:59.176Z,buy,1.423e-05,10.0,0.0001423
NAV/BTC,1575799320169,2019-12-08T10:02:00.169Z,buy,1.423e-05,10.0,0.0001423
NAV/BTC,1575799321177,2019-12-08T10:02:01.177Z,buy,1.423e-05,10.0,0.0001423
NAV/BTC,1575799322173,2019-12-08T10:02:02.173Z,buy,1.423e-05,10.0,0.0001423
NAV/BTC,1575799323178,2019-12-08T10:02:03.178Z,sell,1.421e-05,54.0,0.0007673399999999
NAV/BTC,1575799377919,2019-12-08T10:02:57.919Z,sell,1.422e-05,1429.0,0.02032038
NAV/BTC,1575799382899,2019-12-08T10:03:02.899Z,sell,1.422e-05,3056.0,0.04345632
NAV/BTC,1575799412236,2019-12-08T10:03:32.236Z,sell,1.422e-05,1310.0,0.0186281999999999
NAV/BTC,1575799412236,2019-12-08T10:03:32.236Z,sell,1.42e-05,218.0,0.0030956
NAV/BTC,1575799426951,2019-12-08T10:03:46.951Z,buy,1.429e-05,1122.0,0.01603338
NAV/BTC,1575799426951,2019-12-08T10:03:46.951Z,buy,1.43e-05,420.0,0.006006
NAV/BTC,1575799426951,2019-12-08T10:03:46.951Z,buy,1.431e-05,3.0,4.293e-05
NAV/BTC,1575799438646,2019-12-08T10:03:58.646Z,sell,1.421e-05,648.0,0.00920808
NAV/BTC,1575799438646,2019-12-08T10:03:58.646Z,sell,1.42e-05,880.0,0.012496
NAV/BTC,1575799454724,2019-12-08T10:04:14.724Z,sell,1.42e-05,216.0,0.0030672
NAV/BTC,1575799497750,2019-12-08T10:04:57.750Z,buy,1.421e-05,693.0,0.00984753
NAV/BTC,1575799612674,2019-12-08T10:06:52.674Z,buy,1.421e-05,244.0,0.00346724
NAV/BTC,1575799738082,2019-12-08T10:08:58.082Z,buy,1.422e-05,675.0,0.0095985
NAV/BTC,1575799745611,2019-12-08T10:09:05.611Z,sell,1.42e-05,172.0,0.0024424
NAV/BTC,1575799745686,2019-12-08T10:09:05.686Z,buy,1.42e-05,694.0,0.0098548
NAV/BTC,1575799752427,2019-12-08T10:09:12.427Z,sell,1.418e-05,148.0,0.00209864
NAV/BTC,1575799752427,2019-12-08T10:09:12.427Z,sell,1.417e-05,4337.0,0.06145529
NAV/BTC,1575799763308,2019-12-08T10:09:23.308Z,sell,1.417e-05,7759.0,0.10994503
NAV/BTC,1575799763308,2019-12-08T10:09:23.308Z,sell,1.416e-05,64.0,0.00090624
NAV/BTC,1575799763308,2019-12-08T10:09:23.308Z,sell,1.414e-05,138.0,0.00195132
NAV/BTC,1575799763308,2019-12-08T10:09:23.308Z,sell,1.413e-05,1482.0,0.02094066
NAV/BTC,1575799763308,2019-12-08T10:09:23.308Z,sell,1.412e-05,566.0,0.00799192
NAV/BTC,1575799763308,2019-12-08T10:09:23.308Z,sell,1.411e-05,294.0,0.00414834
NAV/BTC,1575799763308,2019-12-08T10:09:23.308Z,sell,1.409e-05,252.0,0.00355068
NAV/BTC,1575799763308,2019-12-08T10:09:23.308Z,sell,1.407e-05,674.0,0.00948318
NAV/BTC,1575799763308,2019-12-08T10:09:23.308Z,sell,1.406e-05,2664.0,0.03745584
NAV/BTC,1575799763308,2019-12-08T10:09:23.308Z,sell,1.405e-05,38.0,0.0005339
NAV/BTC,1575799763308,2019-12-08T10:09:23.308Z,sell,1.404e-05,55.0,0.0007722
NAV/BTC,1575799765074,2019-12-08T10:09:25.074Z,sell,1.405e-05,106.0,0.0014892999999999
NAV/BTC,1575799768612,2019-12-08T10:09:28.612Z,buy,1.405e-05,368.0,0.0051703999999999
NAV/BTC,1575799770273,2019-12-08T10:09:30.273Z,buy,1.405e-05,2319.0,0.03258195
NAV/BTC,1575799771280,2019-12-08T10:09:31.280Z,buy,1.405e-05,23.0,0.0003231499999999
NAV/BTC,1575799776681,2019-12-08T10:09:36.681Z,buy,1.41e-05,104.0,0.0014664
NAV/BTC,1575799802619,2019-12-08T10:10:02.619Z,sell,1.41e-05,13.0,0.0001833
NAV/BTC,1575799818240,2019-12-08T10:10:18.240Z,sell,1.41e-05,50.0,0.000705
NAV/BTC,1575799877428,2019-12-08T10:11:17.428Z,buy,1.414e-05,55.0,0.0007777
NAV/BTC,1575799877428,2019-12-08T10:11:17.428Z,buy,1.416e-05,697.0,0.00986952
NAV/BTC,1575799877428,2019-12-08T10:11:17.428Z,buy,1.417e-05,702.0,0.00994734
NAV/BTC,1575799877428,2019-12-08T10:11:17.428Z,buy,1.418e-05,2593.0,0.03676874
NAV/BTC,1575799899879,2019-12-08T10:11:39.879Z,buy,1.415e-05,208.0,0.0029432
NAV/BTC,1575799899879,2019-12-08T10:11:39.879Z,buy,1.416e-05,555.0,0.0078587999999999
NAV/BTC,1575800003024,2019-12-08T10:13:23.024Z,sell,1.41e-05,205.0,0.0028905
NAV/BTC,1575800193734,2019-12-08T10:16:33.734Z,sell,1.406e-05,226.0,0.00317756
NAV/BTC,1575800229775,2019-12-08T10:17:09.775Z,buy,1.406e-05,8.0,0.00011248
NAV/BTC,1575800353927,2019-12-08T10:19:13.927Z,sell,1.405e-05,281.0,0.00394805
NAV/BTC,1575800360079,2019-12-08T10:19:20.079Z,buy,1.405e-05,28.0,0.0003933999999999
NAV/BTC,1575800414522,2019-12-08T10:20:14.522Z,buy,1.405e-05,175.0,0.00245875
NAV/BTC,1575800465945,2019-12-08T10:21:05.945Z,sell,1.405e-05,2827.0,0.03971935
NAV/BTC,1575800621575,2019-12-08T10:23:41.575Z,sell,1.405e-05,6178.0,0.0868009
NAV/BTC,1575800923677,2019-12-08T10:28:43.677Z,sell,1.406e-05,298.0,0.00418988
NAV/BTC,1575800923677,2019-12-08T10:28:43.677Z,sell,1.405e-05,616.0,0.0086547999999999
NAV/BTC,1575800925417,2019-12-08T10:28:45.417Z,buy,1.405e-05,184.0,0.0025851999999999
NAV/BTC,1575800937219,2019-12-08T10:28:57.219Z,sell,1.403e-05,812.0,0.0113923599999999
NAV/BTC,1575800938001,2019-12-08T10:28:58.001Z,sell,1.402e-05,374.0,0.00524348
NAV/BTC,1575800938001,2019-12-08T10:28:58.001Z,sell,1.402e-05,2359.0,0.03307318
NAV/BTC,1575800938641,2019-12-08T10:28:58.641Z,sell,1.402e-05,374.0,0.00524348
NAV/BTC,1575800939050,2019-12-08T10:28:59.050Z,sell,1.402e-05,374.0,0.00524348
NAV/BTC,1575800940307,2019-12-08T10:29:00.307Z,sell,1.402e-05,506.0,0.00709412
NAV/BTC,1575801104160,2019-12-08T10:31:44.160Z,sell,1.402e-05,285.0,0.0039957
NAV/BTC,1575801104160,2019-12-08T10:31:44.160Z,sell,1.401e-05,15805.0,0.22142805
NAV/BTC,1575801104160,2019-12-08T10:31:44.160Z,sell,1.4e-05,4879.0,0.068306
NAV/BTC,1575801104191,2019-12-08T10:31:44.191Z,sell,1.399e-05,429.0,0.00600171
NAV/BTC,1575801105054,2019-12-08T10:31:45.054Z,sell,1.398e-05,696.0,0.00973008
NAV/BTC,1575801105054,2019-12-08T10:31:45.054Z,sell,1.396e-05,146.0,0.00203816
NAV/BTC,1575801105054,2019-12-08T10:31:45.054Z,sell,1.395e-05,1043.0,0.01454985
NAV/BTC,1575801105054,2019-12-08T10:31:45.054Z,sell,1.392e-05,107.0,0.00148944
NAV/BTC,1575801105272,2019-12-08T10:31:45.272Z,buy,1.392e-05,184.0,0.00256128
NAV/BTC,1575801113308,2019-12-08T10:31:53.308Z,sell,1.396e-05,545.0,0.0076082
NAV/BTC,1575801121122,2019-12-08T10:32:01.122Z,buy,1.395e-05,71.0,0.00099045
NAV/BTC,1575801123014,2019-12-08T10:32:03.014Z,buy,1.394e-05,64.0,0.00089216
NAV/BTC,1575801124023,2019-12-08T10:32:04.023Z,buy,1.394e-05,64.0,0.00089216
NAV/BTC,1575801125009,2019-12-08T10:32:05.009Z,buy,1.394e-05,64.0,0.00089216
NAV/BTC,1575801127220,2019-12-08T10:32:07.220Z,buy,1.393e-05,44.0,0.00061292
NAV/BTC,1575801128220,2019-12-08T10:32:08.220Z,buy,1.393e-05,44.0,0.00061292
NAV/BTC,1575801129215,2019-12-08T10:32:09.215Z,buy,1.393e-05,44.0,0.00061292
NAV/BTC,1575801131218,2019-12-08T10:32:11.218Z,buy,1.392e-05,31.0,0.00043152
NAV/BTC,1575801132229,2019-12-08T10:32:12.229Z,buy,1.392e-05,31.0,0.00043152
NAV/BTC,1575801133280,2019-12-08T10:32:13.280Z,buy,1.392e-05,31.0,0.00043152
NAV/BTC,1575801135156,2019-12-08T10:32:15.156Z,sell,1.391e-05,214.0,0.00297674
NAV/BTC,1575801139860,2019-12-08T10:32:19.860Z,buy,1.398e-05,103.0,0.00143994
NAV/BTC,1575801154018,2019-12-08T10:32:34.018Z,sell,1.391e-05,906.0,0.01260246
NAV/BTC,1575801154018,2019-12-08T10:32:34.018Z,sell,1.39e-05,223.0,0.0030997
NAV/BTC,1575801194992,2019-12-08T10:33:14.992Z,sell,1.393e-05,2305.0,0.03210865
NAV/BTC,1575801194992,2019-12-08T10:33:14.992Z,sell,1.392e-05,352.0,0.00489984
NAV/BTC,1575801194992,2019-12-08T10:33:14.992Z,sell,1.391e-05,1625.0,0.02260375
NAV/BTC,1575801259325,2019-12-08T10:34:19.325Z,buy,1.395e-05,302.0,0.0042129
NAV/BTC,1575801328058,2019-12-08T10:35:28.058Z,buy,1.395e-05,8.0,0.0001116
NAV/BTC,1575801368335,2019-12-08T10:36:08.335Z,buy,1.395e-05,9.0,0.00012555
NAV/BTC,1575801373409,2019-12-08T10:36:13.409Z,buy,1.395e-05,53.0,0.00073935
NAV/BTC,1575801387632,2019-12-08T10:36:27.632Z,buy,1.395e-05,15.0,0.00020925
NAV/BTC,1575801489373,2019-12-08T10:38:09.373Z,buy,1.395e-05,9.0,0.00012555
NAV/BTC,1575801492592,2019-12-08T10:38:12.592Z,sell,1.391e-05,517.0,0.00719147
NAV/BTC,1575801493602,2019-12-08T10:38:13.602Z,sell,1.39e-05,308.0,0.0042812
NAV/BTC,1575801494639,2019-12-08T10:38:14.639Z,sell,1.388e-05,153.0,0.00212364
NAV/BTC,1575801527057,2019-12-08T10:38:47.057Z,sell,1.388e-05,31.0,0.0004302799999999
NAV/BTC,1575801558901,2019-12-08T10:39:18.901Z,sell,1.387e-05,308.0,0.00427196
NAV/BTC,1575801558953,2019-12-08T10:39:18.953Z,buy,1.386e-05,978.0,0.0135550799999999
NAV/BTC,1575801559012,2019-12-08T10:39:19.012Z,buy,1.386e-05,1915.0,0.0265419
NAV/BTC,1575801561113,2019-12-08T10:39:21.113Z,buy,1.395e-05,107.0,0.00149265
NAV/BTC,1575801566613,2019-12-08T10:39:26.613Z,sell,1.389e-05,255.0,0.00354195
NAV/BTC,1575801566613,2019-12-08T10:39:26.613Z,sell,1.388e-05,1040.0,0.0144351999999999
NAV/BTC,1575801594464,2019-12-08T10:39:54.464Z,sell,1.387e-05,1795.0,0.02489665
NAV/BTC,1575801595130,2019-12-08T10:39:55.130Z,buy,1.39e-05,9.0,0.0001251
NAV/BTC,1575801621536,2019-12-08T10:40:21.536Z,buy,1.39e-05,246.0,0.0034194
NAV/BTC,1575801621536,2019-12-08T10:40:21.536Z,buy,1.391e-05,2393.0,0.03328663
NAV/BTC,1575801663426,2019-12-08T10:41:03.426Z,buy,1.392e-05,870.0,0.0121104
NAV/BTC,1575801711960,2019-12-08T10:41:51.960Z,buy,1.39e-05,107.0,0.0014873
NAV/BTC,1575801734359,2019-12-08T10:42:14.359Z,sell,1.391e-05,978.0,0.01360398
NAV/BTC,1575801747064,2019-12-08T10:42:27.064Z,buy,1.392e-05,978.0,0.01361376
NAV/BTC,1575801747122,2019-12-08T10:42:27.122Z,buy,1.392e-05,383.0,0.00533136
NAV/BTC,1575801762357,2019-12-08T10:42:42.357Z,sell,1.391e-05,524.0,0.00728884
NAV/BTC,1575801762461,2019-12-08T10:42:42.461Z,sell,1.391e-05,978.0,0.01360398
NAV/BTC,1575801762461,2019-12-08T10:42:42.461Z,sell,1.391e-05,978.0,0.01360398
NAV/BTC,1575801849267,2019-12-08T10:44:09.267Z,sell,1.391e-05,200.0,0.002782
NAV/BTC,1575801858907,2019-12-08T10:44:18.907Z,buy,1.398e-05,29.0,0.00040542
NAV/BTC,1575801901854,2019-12-08T10:45:01.854Z,buy,1.395e-05,231.0,0.00322245
NAV/BTC,1575801926904,2019-12-08T10:45:26.904Z,buy,1.394e-05,306.0,0.00426564
NAV/BTC,1575801928131,2019-12-08T10:45:28.131Z,sell,1.394e-05,7041.0,0.09815154
NAV/BTC,1575801954766,2019-12-08T10:45:54.766Z,buy,1.392e-05,1040.0,0.0144768
NAV/BTC,1575801997202,2019-12-08T10:46:37.202Z,sell,1.39e-05,198.0,0.0027522
NAV/BTC,1575802070343,2019-12-08T10:47:50.343Z,buy,1.394e-05,42005.0,0.5855497000000001
NAV/BTC,1575802217301,2019-12-08T10:50:17.301Z,buy,1.397e-05,8.0,0.00011176
NAV/BTC,1575802226053,2019-12-08T10:50:26.053Z,buy,1.397e-05,14.0,0.00019558
NAV/BTC,1575802228549,2019-12-08T10:50:28.549Z,buy,1.397e-05,57.0,0.00079629
NAV/BTC,1575802389663,2019-12-08T10:53:09.663Z,buy,1.398e-05,8.0,0.00011184
NAV/BTC,1575802423671,2019-12-08T10:53:43.671Z,buy,1.397e-05,4022.0,0.05618734
NAV/BTC,1575802511657,2019-12-08T10:55:11.657Z,buy,1.391e-05,978.0,0.01360398
NAV/BTC,1575802546806,2019-12-08T10:55:46.806Z,buy,1.391e-05,2849.0,0.03962959
NAV/BTC,1575802555509,2019-12-08T10:55:55.509Z,buy,1.398e-05,8.0,0.00011184
NAV/BTC,1575802645532,2019-12-08T10:57:25.532Z,sell,1.39e-05,4017.0,0.0558363
NAV/BTC,1575802726273,2019-12-08T10:58:46.273Z,buy,1.396e-05,8.0,0.00011168
NAV/BTC,1575802752493,2019-12-08T10:59:12.493Z,sell,1.388e-05,184.0,0.00255392
NAV/BTC,1575802755045,2019-12-08T10:59:15.045Z,sell,1.388e-05,3533.0,0.04903804
NAV/BTC,1575802755045,2019-12-08T10:59:15.045Z,sell,1.387e-05,1896.0,0.0262975199999999
NAV/BTC,1575802755045,2019-12-08T10:59:15.045Z,sell,1.386e-05,2703.0,0.0374635799999999
NAV/BTC,1575802755045,2019-12-08T10:59:15.045Z,sell,1.385e-05,498.0,0.0068972999999999
NAV/BTC,1575802755045,2019-12-08T10:59:15.045Z,sell,1.384e-05,1383.0,0.01914072
NAV/BTC,1575802755045,2019-12-08T10:59:15.045Z,sell,1.382e-05,226.0,0.0031233199999999
NAV/BTC,1575802755045,2019-12-08T10:59:15.045Z,sell,1.381e-05,5258.0,0.07261298
NAV/BTC,1575802755045,2019-12-08T10:59:15.045Z,sell,1.38e-05,2493.0,0.0344034
NAV/BTC,1575802767068,2019-12-08T10:59:27.068Z,buy,1.384e-05,67.0,0.0009272799999999
NAV/BTC,1575802768008,2019-12-08T10:59:28.008Z,sell,1.382e-05,265.0,0.0036623
NAV/BTC,1575802768389,2019-12-08T10:59:28.389Z,sell,1.382e-05,45.0,0.0006219
NAV/BTC,1575802768389,2019-12-08T10:59:28.389Z,sell,1.381e-05,297.0,0.00410157
NAV/BTC,1575802775311,2019-12-08T10:59:35.311Z,buy,1.394e-05,8.0,0.00011152
NAV/BTC,1575802814757,2019-12-08T11:00:14.757Z,buy,1.395e-05,8.0,0.0001116
NAV/BTC,1575802855142,2019-12-08T11:00:55.142Z,sell,1.385e-05,9271.0,0.12840335
NAV/BTC,1575802867657,2019-12-08T11:01:07.657Z,buy,1.385e-05,3594.0,0.0497769
NAV/BTC,1575802873379,2019-12-08T11:01:13.379Z,sell,1.381e-05,3506.0,0.04841786
NAV/BTC,1575802892126,2019-12-08T11:01:32.126Z,sell,1.395e-05,8.0,0.0001116
NAV/BTC,1575802931367,2019-12-08T11:02:11.367Z,sell,1.386e-05,53.0,0.00073458
NAV/BTC,1575802969914,2019-12-08T11:02:49.914Z,sell,1.386e-05,7.0,9.702e-05
NAV/BTC,1575802969914,2019-12-08T11:02:49.914Z,sell,1.385e-05,8.0,0.0001108
NAV/BTC,1575802969914,2019-12-08T11:02:49.914Z,sell,1.384e-05,5824.0,0.08060416
NAV/BTC,1575802969928,2019-12-08T11:02:49.928Z,buy,1.384e-05,1021.0,0.01413064
NAV/BTC,1575802996116,2019-12-08T11:03:16.116Z,buy,1.392e-05,8.0,0.00011136
NAV/BTC,1575803015044,2019-12-08T11:03:35.044Z,buy,1.392e-05,8.0,0.00011136
NAV/BTC,1575803138032,2019-12-08T11:05:38.032Z,buy,1.392e-05,383.0,0.00533136
NAV/BTC,1575803470602,2019-12-08T11:11:10.602Z,sell,1.384e-05,67.0,0.0009272799999999
NAV/BTC,1575803496411,2019-12-08T11:11:36.411Z,buy,1.392e-05,8.0,0.00011136
NAV/BTC,1575803615756,2019-12-08T11:13:35.756Z,buy,1.392e-05,65.0,0.0009048
NAV/BTC,1575803955961,2019-12-08T11:19:15.961Z,buy,1.391e-05,8.0,0.00011128
NAV/BTC,1575803980318,2019-12-08T11:19:40.318Z,sell,1.389e-05,4250.0,0.0590325
NAV/BTC,1575804286639,2019-12-08T11:24:46.639Z,buy,1.389e-05,244.0,0.00338916
NAV/BTC,1575804286666,2019-12-08T11:24:46.666Z,sell,1.389e-05,1149.0,0.01595961
NAV/BTC,1575804305227,2019-12-08T11:25:05.227Z,buy,1.393e-05,8.0,0.00011144
NAV/BTC,1575804711711,2019-12-08T11:31:51.711Z,buy,1.393e-05,146.0,0.00203378
NAV/BTC,1575804718897,2019-12-08T11:31:58.897Z,sell,1.389e-05,11.0,0.00015279
NAV/BTC,1575804729769,2019-12-08T11:32:09.769Z,sell,1.389e-05,1050.0,0.0145845
NAV/BTC,1575804738580,2019-12-08T11:32:18.580Z,buy,1.393e-05,8.0,0.00011144
NAV/BTC,1575805110366,2019-12-08T11:38:30.366Z,buy,1.393e-05,350.0,0.0048755
NAV/BTC,1575805110366,2019-12-08T11:38:30.366Z,buy,1.393e-05,350.0,0.0048755
NAV/BTC,1575805434148,2019-12-08T11:43:54.148Z,sell,1.39e-05,222.0,0.0030858
NAV/BTC,1575805614042,2019-12-08T11:46:54.042Z,buy,1.393e-05,1844.0,0.02568692
NAV/BTC,1575805863174,2019-12-08T11:51:03.174Z,buy,1.394e-05,157.0,0.00218858
NAV/BTC,1575805927174,2019-12-08T11:52:07.174Z,buy,1.394e-05,1134.0,0.01580796
NAV/BTC,1575806541605,2019-12-08T12:02:21.605Z,sell,1.39e-05,3421.0,0.0475519
NAV/BTC,1575806569711,2019-12-08T12:02:49.711Z,sell,1.389e-05,216.0,0.00300024
NAV/BTC,1575806569963,2019-12-08T12:02:49.963Z,buy,1.389e-05,3.0,4.167e-05
NAV/BTC,1575806579100,2019-12-08T12:02:59.100Z,sell,1.389e-05,1031.0,0.01432059
NAV/BTC,1575806641622,2019-12-08T12:04:01.622Z,sell,1.391e-05,27.0,0.00037557
NAV/BTC,1575806881272,2019-12-08T12:08:01.272Z,buy,1.393e-05,142.0,0.00197806
NAV/BTC,1575806923267,2019-12-08T12:08:43.267Z,sell,1.389e-05,73.0,0.00101397
NAV/BTC,1575806923267,2019-12-08T12:08:43.267Z,sell,1.386e-05,32.0,0.00044352
NAV/BTC,1575806956593,2019-12-08T12:09:16.593Z,sell,1.384e-05,105.0,0.0014532
NAV/BTC,1575807009156,2019-12-08T12:10:09.156Z,buy,1.393e-05,27.0,0.00037611
NAV/BTC,1575807459605,2019-12-08T12:17:39.605Z,sell,1.392e-05,978.0,0.01361376
NAV/BTC,1575807863418,2019-12-08T12:24:23.418Z,sell,1.387e-05,1357.0,0.01882159
NAV/BTC,1575807863418,2019-12-08T12:24:23.418Z,sell,1.385e-05,8.0,0.0001108
NAV/BTC,1575807863418,2019-12-08T12:24:23.418Z,sell,1.384e-05,3187.0,0.04410808
NAV/BTC,1575807959404,2019-12-08T12:25:59.404Z,sell,1.387e-05,3600.0,0.049932
NAV/BTC,1575807959450,2019-12-08T12:25:59.450Z,buy,1.387e-05,978.0,0.01356486
NAV/BTC,1575807960781,2019-12-08T12:26:00.781Z,buy,1.387e-05,726.0,0.01006962
NAV/BTC,1575807961341,2019-12-08T12:26:01.341Z,buy,1.387e-05,71.0,0.00098477
NAV/BTC,1575807961964,2019-12-08T12:26:01.964Z,sell,1.384e-05,969.0,0.01341096
NAV/BTC,1575807962226,2019-12-08T12:26:02.226Z,buy,1.384e-05,1632.0,0.02258688
NAV/BTC,1575807996828,2019-12-08T12:26:36.828Z,sell,1.384e-05,362.0,0.00501008
NAV/BTC,1575808004487,2019-12-08T12:26:44.487Z,buy,1.387e-05,144.0,0.0019972799999999
NAV/BTC,1575808158087,2019-12-08T12:29:18.087Z,sell,1.384e-05,1480.0,0.0204832
NAV/BTC,1575808293032,2019-12-08T12:31:33.032Z,sell,1.39e-05,27.0,0.0003753
NAV/BTC,1575808439356,2019-12-08T12:33:59.356Z,buy,1.392e-05,27.0,0.00037584
NAV/BTC,1575808439616,2019-12-08T12:33:59.616Z,buy,1.392e-05,258.0,0.00359136
NAV/BTC,1575808439616,2019-12-08T12:33:59.616Z,buy,1.392e-05,258.0,0.00359136
NAV/BTC,1575808780773,2019-12-08T12:39:40.773Z,sell,1.392e-05,978.0,0.01361376
NAV/BTC,1575808873137,2019-12-08T12:41:13.137Z,sell,1.392e-05,1014.0,0.01411488
NAV/BTC,1575808873137,2019-12-08T12:41:13.137Z,sell,1.387e-05,3879.0,0.05380173
NAV/BTC,1575808886398,2019-12-08T12:41:26.398Z,sell,1.392e-05,240.0,0.0033408
NAV/BTC,1575808886398,2019-12-08T12:41:26.398Z,sell,1.387e-05,38.0,0.00052706
NAV/BTC,1575808886398,2019-12-08T12:41:26.398Z,sell,1.385e-05,8.0,0.0001108
NAV/BTC,1575808886398,2019-12-08T12:41:26.398Z,sell,1.384e-05,2358.0,0.03263472
NAV/BTC,1575808893279,2019-12-08T12:41:33.279Z,sell,1.383e-05,2406.0,0.03327498
NAV/BTC,1575808893279,2019-12-08T12:41:33.279Z,sell,1.382e-05,4432.0,0.06125024
NAV/BTC,1575809080425,2019-12-08T12:44:40.425Z,buy,1.392e-05,129.0,0.00179568
NAV/BTC,1575809164049,2019-12-08T12:46:04.049Z,buy,1.392e-05,365.0,0.0050808
NAV/BTC,1575809234075,2019-12-08T12:47:14.075Z,buy,1.393e-05,200.0,0.002786
NAV/BTC,1575809236155,2019-12-08T12:47:16.155Z,sell,1.392e-05,20.0,0.0002784
NAV/BTC,1575809244351,2019-12-08T12:47:24.351Z,buy,1.393e-05,148.0,0.00206164
NAV/BTC,1575809494866,2019-12-08T12:51:34.866Z,sell,1.393e-05,129.0,0.00179697
NAV/BTC,1575809891393,2019-12-08T12:58:11.393Z,sell,1.393e-05,702.0,0.00977886
NAV/BTC,1575809975393,2019-12-08T12:59:35.393Z,buy,1.394e-05,1910.0,0.0266254
NAV/BTC,1575810259379,2019-12-08T13:04:19.379Z,sell,1.389e-05,27.0,0.00037503
NAV/BTC,1575810259467,2019-12-08T13:04:19.467Z,buy,1.389e-05,830.0,0.0115287
NAV/BTC,1575810497329,2019-12-08T13:08:17.329Z,sell,1.384e-05,1989.0,0.02752776
NAV/BTC,1575810537723,2019-12-08T13:08:57.723Z,buy,1.393e-05,1404.0,0.01955772
NAV/BTC,1575810537723,2019-12-08T13:08:57.723Z,buy,1.394e-05,888.0,0.01237872
NAV/BTC,1575811100406,2019-12-08T13:18:20.406Z,buy,1.394e-05,1163.0,0.01621222
NAV/BTC,1575811100406,2019-12-08T13:18:20.406Z,buy,1.395e-05,3883.0,0.05416785
NAV/BTC,1575811100406,2019-12-08T13:18:20.406Z,buy,1.396e-05,177.0,0.00247092
NAV/BTC,1575811100406,2019-12-08T13:18:20.406Z,buy,1.397e-05,211.0,0.00294767
NAV/BTC,1575811100406,2019-12-08T13:18:20.406Z,buy,1.398e-05,135.0,0.0018873
NAV/BTC,1575811100406,2019-12-08T13:18:20.406Z,buy,1.399e-05,583.0,0.00815617
NAV/BTC,1575811100406,2019-12-08T13:18:20.406Z,buy,1.4e-05,442.0,0.006188
NAV/BTC,1575811100406,2019-12-08T13:18:20.406Z,buy,1.402e-05,352.0,0.00493504
NAV/BTC,1575811100406,2019-12-08T13:18:20.406Z,buy,1.403e-05,11046.0,0.15497538
NAV/BTC,1575811100406,2019-12-08T13:18:20.406Z,buy,1.404e-05,2142.0,0.03007368
NAV/BTC,1575811100406,2019-12-08T13:18:20.406Z,buy,1.407e-05,598.0,0.00841386
NAV/BTC,1575811153128,2019-12-08T13:19:13.128Z,sell,1.395e-05,30.0,0.0004185
NAV/BTC,1575811445724,2019-12-08T13:24:05.724Z,buy,1.399e-05,240.0,0.0033576
NAV/BTC,1575811445724,2019-12-08T13:24:05.724Z,buy,1.403e-05,8.0,0.00011224
NAV/BTC,1575811445724,2019-12-08T13:24:05.724Z,buy,1.404e-05,3836.0,0.05385744
NAV/BTC,1575811445724,2019-12-08T13:24:05.724Z,buy,1.405e-05,8.0,0.0001124
NAV/BTC,1575811445724,2019-12-08T13:24:05.724Z,buy,1.407e-05,1327.0,0.01867089
NAV/BTC,1575811445724,2019-12-08T13:24:05.724Z,buy,1.409e-05,382.0,0.00538238
NAV/BTC,1575811445724,2019-12-08T13:24:05.724Z,buy,1.41e-05,4558.0,0.0642678
NAV/BTC,1575811445724,2019-12-08T13:24:05.724Z,buy,1.411e-05,1379.0,0.01945769
NAV/BTC,1575811445724,2019-12-08T13:24:05.724Z,buy,1.414e-05,138.0,0.00195132
NAV/BTC,1575811445724,2019-12-08T13:24:05.724Z,buy,1.415e-05,1124.0,0.0159046
NAV/BTC,1575811459869,2019-12-08T13:24:19.869Z,sell,1.401e-05,58.0,0.00081258
NAV/BTC,1575811470860,2019-12-08T13:24:30.860Z,buy,1.411e-05,10654.0,0.15032794
NAV/BTC,1575811470860,2019-12-08T13:24:30.860Z,buy,1.412e-05,338.0,0.00477256
NAV/BTC,1575811470860,2019-12-08T13:24:30.860Z,buy,1.413e-05,2298.0,0.03247074
NAV/BTC,1575811470860,2019-12-08T13:24:30.860Z,buy,1.414e-05,30.0,0.0004242
NAV/BTC,1575811470860,2019-12-08T13:24:30.860Z,buy,1.415e-05,1671.0,0.02364465
NAV/BTC,1575811470860,2019-12-08T13:24:30.860Z,buy,1.416e-05,3909.0,0.05535144
NAV/BTC,1575811470860,2019-12-08T13:24:30.860Z,buy,1.417e-05,12.0,0.00017004
NAV/BTC,1575811470860,2019-12-08T13:24:30.860Z,buy,1.419e-05,1050.0,0.0148995
NAV/BTC,1575811470860,2019-12-08T13:24:30.860Z,buy,1.42e-05,348.0,0.0049416
NAV/BTC,1575811470860,2019-12-08T13:24:30.860Z,buy,1.422e-05,2735.0,0.0388917
NAV/BTC,1575811470860,2019-12-08T13:24:30.860Z,buy,1.423e-05,433.0,0.00616159
NAV/BTC,1575811470860,2019-12-08T13:24:30.860Z,buy,1.426e-05,969.0,0.01381794
NAV/BTC,1575811470860,2019-12-08T13:24:30.860Z,buy,1.427e-05,3474.0,0.04957398
NAV/BTC,1575811470860,2019-12-08T13:24:30.860Z,buy,1.429e-05,54.0,0.00077166
NAV/BTC,1575811470860,2019-12-08T13:24:30.860Z,buy,1.43e-05,972.0,0.0138996
NAV/BTC,1575811470860,2019-12-08T13:24:30.860Z,buy,1.431e-05,138.0,0.00197478
NAV/BTC,1575811470860,2019-12-08T13:24:30.860Z,buy,1.436e-05,363.0,0.00521268
NAV/BTC,1575811470860,2019-12-08T13:24:30.860Z,buy,1.437e-05,107.0,0.00153759
NAV/BTC,1575811470860,2019-12-08T13:24:30.860Z,buy,1.438e-05,1358.0,0.01952804
NAV/BTC,1575811470860,2019-12-08T13:24:30.860Z,buy,1.44e-05,1609.0,0.0231696
NAV/BTC,1575811470951,2019-12-08T13:24:30.951Z,buy,1.411e-05,36.0,0.00050796
NAV/BTC,1575811472003,2019-12-08T13:24:32.003Z,sell,1.425e-05,105.0,0.00149625
NAV/BTC,1575811472003,2019-12-08T13:24:32.003Z,sell,1.419e-05,52.0,0.00073788
NAV/BTC,1575811475625,2019-12-08T13:24:35.625Z,buy,1.436e-05,7.0,0.0001005199999999
NAV/BTC,1575811475625,2019-12-08T13:24:35.625Z,buy,1.437e-05,28.0,0.00040236
NAV/BTC,1575811476608,2019-12-08T13:24:36.608Z,buy,1.438e-05,69.0,0.00099222
NAV/BTC,1575811478382,2019-12-08T13:24:38.382Z,buy,1.438e-05,84.0,0.00120792
NAV/BTC,1575811478387,2019-12-08T13:24:38.387Z,buy,1.438e-05,70.0,0.0010066
NAV/BTC,1575811478400,2019-12-08T13:24:38.400Z,buy,1.438e-05,84.0,0.00120792
NAV/BTC,1575811487052,2019-12-08T13:24:47.052Z,buy,1.437e-05,606.0,0.00870822
NAV/BTC,1575811489955,2019-12-08T13:24:49.955Z,sell,1.426e-05,373.0,0.00531898
NAV/BTC,1575811490265,2019-12-08T13:24:50.265Z,buy,1.436e-05,94.0,0.00134984
NAV/BTC,1575811490265,2019-12-08T13:24:50.265Z,buy,1.437e-05,352.0,0.00505824
NAV/BTC,1575811505584,2019-12-08T13:25:05.584Z,buy,1.437e-05,110.0,0.0015807
NAV/BTC,1575811571507,2019-12-08T13:26:11.507Z,sell,1.427e-05,88.0,0.00125576
NAV/BTC,1575811571526,2019-12-08T13:26:11.526Z,sell,1.427e-05,470.0,0.0067069
NAV/BTC,1575811575221,2019-12-08T13:26:15.221Z,sell,1.426e-05,287.0,0.00409262
NAV/BTC,1575811576321,2019-12-08T13:26:16.321Z,sell,1.425e-05,77.0,0.00109725
NAV/BTC,1575811577316,2019-12-08T13:26:17.316Z,buy,1.426e-05,28.0,0.00039928
NAV/BTC,1575811687524,2019-12-08T13:28:07.524Z,buy,1.432e-05,372.0,0.00532704
NAV/BTC,1575811687524,2019-12-08T13:28:07.524Z,buy,1.433e-05,1694.0,0.02427502
NAV/BTC,1575811687524,2019-12-08T13:28:07.524Z,buy,1.435e-05,677.0,0.00971495
NAV/BTC,1575811687524,2019-12-08T13:28:07.524Z,buy,1.436e-05,565.0,0.0081134
NAV/BTC,1575811687524,2019-12-08T13:28:07.524Z,buy,1.437e-05,437.0,0.00627969
NAV/BTC,1575811687524,2019-12-08T13:28:07.524Z,buy,1.438e-05,298.0,0.00428524
NAV/BTC,1575811687524,2019-12-08T13:28:07.524Z,buy,1.44e-05,826.0,0.0118944
NAV/BTC,1575811687592,2019-12-08T13:28:07.592Z,sell,1.425e-05,1662.0,0.0236835
NAV/BTC,1575811702296,2019-12-08T13:28:22.296Z,sell,1.428e-05,35.0,0.0004998
NAV/BTC,1575811711313,2019-12-08T13:28:31.313Z,buy,1.439e-05,842.0,0.01211638
NAV/BTC,1575811736096,2019-12-08T13:28:56.096Z,buy,1.439e-05,813.0,0.0116990699999999
NAV/BTC,1575811736096,2019-12-08T13:28:56.096Z,buy,1.44e-05,1747.0,0.0251568
NAV/BTC,1575811817456,2019-12-08T13:30:17.456Z,sell,1.43e-05,144.0,0.0020592
NAV/BTC,1575811857555,2019-12-08T13:30:57.555Z,sell,1.43e-05,34.0,0.0004862
NAV/BTC,1575811857878,2019-12-08T13:30:57.878Z,sell,1.43e-05,172.0,0.0024596
NAV/BTC,1575811859796,2019-12-08T13:30:59.796Z,sell,1.43e-05,210.0,0.003003
NAV/BTC,1575811862177,2019-12-08T13:31:02.177Z,sell,1.428e-05,15.0,0.0002142
NAV/BTC,1575811866486,2019-12-08T13:31:06.486Z,sell,1.428e-05,274.0,0.00391272
NAV/BTC,1575811866978,2019-12-08T13:31:06.978Z,sell,1.426e-05,349.0,0.00497674
NAV/BTC,1575811913117,2019-12-08T13:31:53.117Z,sell,1.424e-05,15.0,0.0002136
NAV/BTC,1575811945193,2019-12-08T13:32:25.193Z,sell,1.424e-05,658.0,0.00936992
NAV/BTC,1575811945193,2019-12-08T13:32:25.193Z,sell,1.423e-05,4342.0,0.06178666
NAV/BTC,1575811976472,2019-12-08T13:32:56.472Z,buy,1.424e-05,146.0,0.00207904
NAV/BTC,1575811977834,2019-12-08T13:32:57.834Z,buy,1.424e-05,43.0,0.00061232
NAV/BTC,1575812001421,2019-12-08T13:33:21.421Z,sell,1.42e-05,190.0,0.002698
NAV/BTC,1575812001421,2019-12-08T13:33:21.421Z,sell,1.419e-05,7725.0,0.10961775
NAV/BTC,1575812001421,2019-12-08T13:33:21.421Z,sell,1.418e-05,2085.0,0.0295653
NAV/BTC,1575812001421,2019-12-08T13:33:21.421Z,sell,1.42e-05,190.0,0.002698
NAV/BTC,1575812001421,2019-12-08T13:33:21.421Z,sell,1.419e-05,7725.0,0.10961775
NAV/BTC,1575812001421,2019-12-08T13:33:21.421Z,sell,1.418e-05,2085.0,0.0295653
NAV/BTC,1575812040650,2019-12-08T13:34:00.650Z,buy,1.423e-05,250.0,0.0035575
NAV/BTC,1575812060272,2019-12-08T13:34:20.272Z,sell,1.415e-05,24.0,0.0003396
NAV/BTC,1575812060272,2019-12-08T13:34:20.272Z,sell,1.414e-05,138.0,0.00195132
NAV/BTC,1575812060272,2019-12-08T13:34:20.272Z,sell,1.413e-05,112.0,0.00158256
NAV/BTC,1575812060272,2019-12-08T13:34:20.272Z,sell,1.411e-05,8.0,0.00011288
NAV/BTC,1575812060272,2019-12-08T13:34:20.272Z,sell,1.41e-05,1151.0,0.0162291
NAV/BTC,1575812060272,2019-12-08T13:34:20.272Z,sell,1.409e-05,37.0,0.00052133
NAV/BTC,1575812060272,2019-12-08T13:34:20.272Z,sell,1.408e-05,3787.0,0.05332096
NAV/BTC,1575812060272,2019-12-08T13:34:20.272Z,sell,1.406e-05,377.0,0.00530062
NAV/BTC,1575812060272,2019-12-08T13:34:20.272Z,sell,1.405e-05,977.0,0.0137268499999999
NAV/BTC,1575812060272,2019-12-08T13:34:20.272Z,sell,1.403e-05,1104.0,0.0154891199999999
NAV/BTC,1575812060272,2019-12-08T13:34:20.272Z,sell,1.402e-05,2140.0,0.0300028
NAV/BTC,1575812060272,2019-12-08T13:34:20.272Z,sell,1.401e-05,145.0,0.0020314499999999
NAV/BTC,1575812060531,2019-12-08T13:34:20.531Z,buy,1.409e-05,8.0,0.00011272
NAV/BTC,1575812061526,2019-12-08T13:34:21.526Z,buy,1.409e-05,8.0,0.00011272
NAV/BTC,1575812062550,2019-12-08T13:34:22.550Z,buy,1.409e-05,8.0,0.00011272
NAV/BTC,1575812063570,2019-12-08T13:34:23.570Z,buy,1.409e-05,8.0,0.00011272
NAV/BTC,1575812073006,2019-12-08T13:34:33.006Z,buy,1.409e-05,7.0,9.863e-05
NAV/BTC,1575812090434,2019-12-08T13:34:50.434Z,sell,1.413e-05,106.0,0.00149778
NAV/BTC,1575812107004,2019-12-08T13:35:07.004Z,buy,1.415e-05,377.0,0.00533455
NAV/BTC,1575812107004,2019-12-08T13:35:07.004Z,buy,1.419e-05,341.0,0.00483879
NAV/BTC,1575812107004,2019-12-08T13:35:07.004Z,buy,1.42e-05,667.0,0.0094714
NAV/BTC,1575812107004,2019-12-08T13:35:07.004Z,buy,1.421e-05,979.0,0.01391159
NAV/BTC,1575812107004,2019-12-08T13:35:07.004Z,buy,1.422e-05,16.0,0.00022752
NAV/BTC,1575812107004,2019-12-08T13:35:07.004Z,buy,1.423e-05,24.0,0.00034152
NAV/BTC,1575812107004,2019-12-08T13:35:07.004Z,buy,1.424e-05,8902.0,0.1267644799999999
NAV/BTC,1575812107004,2019-12-08T13:35:07.004Z,buy,1.425e-05,2072.0,0.029526
NAV/BTC,1575812123132,2019-12-08T13:35:23.132Z,sell,1.414e-05,212.0,0.00299768
NAV/BTC,1575812552072,2019-12-08T13:42:32.072Z,sell,1.413e-05,18.0,0.00025434
NAV/BTC,1575812710622,2019-12-08T13:45:10.622Z,buy,1.412e-05,892.0,0.01259504
NAV/BTC,1575812710622,2019-12-08T13:45:10.622Z,buy,1.413e-05,803.0,0.01134639
NAV/BTC,1575812710647,2019-12-08T13:45:10.647Z,buy,1.413e-05,962.0,0.01359306
NAV/BTC,1575812811530,2019-12-08T13:46:51.530Z,sell,1.412e-05,216.0,0.00304992
NAV/BTC,1575813232221,2019-12-08T13:53:52.221Z,sell,1.411e-05,8.0,0.00011288
NAV/BTC,1575813232630,2019-12-08T13:53:52.630Z,sell,1.41e-05,341.0,0.0048081
NAV/BTC,1575813232953,2019-12-08T13:53:52.953Z,sell,1.41e-05,466.0,0.0065706
NAV/BTC,1575813233442,2019-12-08T13:53:53.442Z,sell,1.409e-05,19.0,0.00026771
NAV/BTC,1575813233449,2019-12-08T13:53:53.449Z,sell,1.409e-05,1043.0,0.01469587
NAV/BTC,1575813315122,2019-12-08T13:55:15.122Z,buy,1.417e-05,25.0,0.00035425
NAV/BTC,1575813315140,2019-12-08T13:55:15.140Z,sell,1.417e-05,405.0,0.00573885
NAV/BTC,1575813556944,2019-12-08T13:59:16.944Z,buy,1.418e-05,106.0,0.00150308
NAV/BTC,1575813556944,2019-12-08T13:59:16.944Z,buy,1.419e-05,666.0,0.00945054
NAV/BTC,1575813556944,2019-12-08T13:59:16.944Z,buy,1.42e-05,289.0,0.0041037999999999
NAV/BTC,1575813557024,2019-12-08T13:59:17.024Z,sell,1.42e-05,172.0,0.0024424
NAV/BTC,1575813696797,2019-12-08T14:01:36.797Z,buy,1.421e-05,21.0,0.00029841
NAV/BTC,1575813844153,2019-12-08T14:04:04.153Z,buy,1.421e-05,300.0,0.0042629999999999
NAV/BTC,1575813943428,2019-12-08T14:05:43.428Z,buy,1.421e-05,361.0,0.0051298099999999
NAV/BTC,1575813943428,2019-12-08T14:05:43.428Z,buy,1.423e-05,8.0,0.00011384
NAV/BTC,1575813943428,2019-12-08T14:05:43.428Z,buy,1.426e-05,37.0,0.00052762
NAV/BTC,1575813943428,2019-12-08T14:05:43.428Z,buy,1.427e-05,75.0,0.00107025
NAV/BTC,1575813943428,2019-12-08T14:05:43.428Z,buy,1.43e-05,1237.0,0.0176891
NAV/BTC,1575813945222,2019-12-08T14:05:45.222Z,buy,1.424e-05,8.0,0.00011392
NAV/BTC,1575813945222,2019-12-08T14:05:45.222Z,buy,1.425e-05,341.0,0.00485925
NAV/BTC,1575813945222,2019-12-08T14:05:45.222Z,buy,1.429e-05,72.0,0.00102888
NAV/BTC,1575813948201,2019-12-08T14:05:48.201Z,buy,1.429e-05,106.0,0.00151474
NAV/BTC,1575813950624,2019-12-08T14:05:50.624Z,buy,1.429e-05,27.0,0.00038583
NAV/BTC,1575814049198,2019-12-08T14:07:29.198Z,sell,1.42e-05,762.0,0.0108203999999999
NAV/BTC,1575814049198,2019-12-08T14:07:29.198Z,sell,1.419e-05,387.0,0.00549153
NAV/BTC,1575814071617,2019-12-08T14:07:51.617Z,sell,1.419e-05,173.0,0.00245487
NAV/BTC,1575814485839,2019-12-08T14:14:45.839Z,sell,1.418e-05,560.0,0.0079408
NAV/BTC,1575814485839,2019-12-08T14:14:45.839Z,sell,1.418e-05,1715.0,0.0243187
NAV/BTC,1575814508459,2019-12-08T14:15:08.459Z,buy,1.418e-05,8.0,0.00011344
NAV/BTC,1575814598761,2019-12-08T14:16:38.761Z,buy,1.418e-05,514.0,0.00728852
NAV/BTC,1575814598761,2019-12-08T14:16:38.761Z,buy,1.423e-05,291.0,0.00414093
NAV/BTC,1575814871729,2019-12-08T14:21:11.729Z,sell,1.412e-05,85.0,0.0012002
NAV/BTC,1575814871729,2019-12-08T14:21:11.729Z,sell,1.411e-05,1039.0,0.01466029
NAV/BTC,1575814871729,2019-12-08T14:21:11.729Z,sell,1.41e-05,604.0,0.0085164
NAV/BTC,1575814928305,2019-12-08T14:22:08.305Z,buy,1.42e-05,9.0,0.0001278
NAV/BTC,1575815278390,2019-12-08T14:27:58.390Z,sell,1.415e-05,605.0,0.00856075
NAV/BTC,1575815425184,2019-12-08T14:30:25.184Z,sell,1.415e-05,74.0,0.0010471
NAV/BTC,1575815468134,2019-12-08T14:31:08.134Z,buy,1.42e-05,9.0,0.0001278
NAV/BTC,1575815576200,2019-12-08T14:32:56.200Z,sell,1.417e-05,221.0,0.0031315699999999
NAV/BTC,1575815576200,2019-12-08T14:32:56.200Z,sell,1.417e-05,221.0,0.0031315699999999
NAV/BTC,1575816053219,2019-12-08T14:40:53.219Z,buy,1.418e-05,2116.0,0.03000488
NAV/BTC,1575816053349,2019-12-08T14:40:53.349Z,buy,1.418e-05,11.0,0.00015598
NAV/BTC,1575816054147,2019-12-08T14:40:54.147Z,buy,1.418e-05,106.0,0.00150308
NAV/BTC,1575816054385,2019-12-08T14:40:54.385Z,buy,1.418e-05,212.0,0.00300616
NAV/BTC,1575816054450,2019-12-08T14:40:54.450Z,buy,1.418e-05,283.0,0.0040129399999999
NAV/BTC,1575816054651,2019-12-08T14:40:54.651Z,sell,1.416e-05,583.0,0.00825528
NAV/BTC,1575816137062,2019-12-08T14:42:17.062Z,buy,1.42e-05,22.0,0.0003124
