symbol,timestamp,datetime,side,price,amount,btc_volume
NAV/BTC,1581177616152,2020-02-08T16:00:16.152Z,buy,1.244e-05,46.0,0.00057224
NAV/BTC,1581177710493,2020-02-08T16:01:50.493Z,buy,1.244e-05,9.0,0.0001119599999999
NAV/BTC,1581177720509,2020-02-08T16:02:00.509Z,buy,1.246e-05,13.0,0.00016198
NAV/BTC,1581177720509,2020-02-08T16:02:00.509Z,buy,1.248e-05,1764.0,0.02201472
NAV/BTC,1581177720509,2020-02-08T16:02:00.509Z,buy,1.249e-05,870.0,0.0108663
NAV/BTC,1581177720509,2020-02-08T16:02:00.509Z,buy,1.25e-05,4656.0,0.0582
NAV/BTC,1581177720665,2020-02-08T16:02:00.665Z,sell,1.243e-05,82.0,0.00101926
NAV/BTC,1581177732463,2020-02-08T16:02:12.463Z,sell,1.243e-05,14.0,0.00017402
NAV/BTC,1581177732463,2020-02-08T16:02:12.463Z,sell,1.24e-05,13.0,0.0001612
NAV/BTC,1581177732463,2020-02-08T16:02:12.463Z,sell,1.238e-05,405.0,0.0050139
NAV/BTC,1581177770216,2020-02-08T16:02:50.216Z,sell,1.238e-05,257.0,0.00318166
NAV/BTC,1581177770216,2020-02-08T16:02:50.216Z,sell,1.237e-05,488.0,0.00603656
NAV/BTC,1581177843932,2020-02-08T16:04:03.932Z,sell,1.237e-05,1175.0,0.01453475
NAV/BTC,1581177952320,2020-02-08T16:05:52.320Z,buy,1.243e-05,14.0,0.00017402
NAV/BTC,1581177956456,2020-02-08T16:05:56.456Z,sell,1.243e-05,255.0,0.00316965
NAV/BTC,1581177962702,2020-02-08T16:06:02.702Z,sell,1.238e-05,946.0,0.01171148
NAV/BTC,1581178186058,2020-02-08T16:09:46.058Z,sell,1.237e-05,14.0,0.00017318
NAV/BTC,1581178186058,2020-02-08T16:09:46.058Z,sell,1.235e-05,544.0,0.0067184
NAV/BTC,1581178387794,2020-02-08T16:13:07.794Z,sell,1.236e-05,9.0,0.00011124
NAV/BTC,1581178387794,2020-02-08T16:13:07.794Z,sell,1.235e-05,1686.0,0.0208221
NAV/BTC,1581178437640,2020-02-08T16:13:57.640Z,buy,1.24e-05,307.0,0.0038068
NAV/BTC,1581178437640,2020-02-08T16:13:57.640Z,buy,1.241e-05,662.0,0.00821542
NAV/BTC,1581178437640,2020-02-08T16:13:57.640Z,buy,1.243e-05,14.0,0.00017402
NAV/BTC,1581178437640,2020-02-08T16:13:57.640Z,buy,1.246e-05,176.0,0.00219296
NAV/BTC,1581178437640,2020-02-08T16:13:57.640Z,buy,1.247e-05,262.0,0.00326714
NAV/BTC,1581178437640,2020-02-08T16:13:57.640Z,buy,1.249e-05,492.0,0.00614508
NAV/BTC,1581178437640,2020-02-08T16:13:57.640Z,buy,1.25e-05,1626.0,0.020325
NAV/BTC,1581178437640,2020-02-08T16:13:57.640Z,buy,1.251e-05,2555.0,0.03196305
NAV/BTC,1581178437640,2020-02-08T16:13:57.640Z,buy,1.252e-05,1263.0,0.01581276
NAV/BTC,1581178442147,2020-02-08T16:14:02.147Z,sell,1.243e-05,14.0,0.00017402
NAV/BTC,1581178442147,2020-02-08T16:14:02.147Z,sell,1.24e-05,13.0,0.0001612
NAV/BTC,1581178442147,2020-02-08T16:14:02.147Z,sell,1.237e-05,14.0,0.00017318
NAV/BTC,1581178442165,2020-02-08T16:14:02.165Z,buy,1.237e-05,1200.0,0.014844
NAV/BTC,1581178450018,2020-02-08T16:14:10.018Z,buy,1.237e-05,175.0,0.00216475
NAV/BTC,1581178494596,2020-02-08T16:14:54.596Z,buy,1.243e-05,14.0,0.00017402
NAV/BTC,1581178494596,2020-02-08T16:14:54.596Z,buy,1.246e-05,13.0,0.00016198
NAV/BTC,1581178494596,2020-02-08T16:14:54.596Z,buy,1.248e-05,144.0,0.00179712
NAV/BTC,1581178524643,2020-02-08T16:15:24.643Z,sell,1.248e-05,1386.0,0.01729728
NAV/BTC,1581178583588,2020-02-08T16:16:23.588Z,sell,1.24e-05,13.0,0.0001612
NAV/BTC,1581178839568,2020-02-08T16:20:39.568Z,sell,1.237e-05,205.0,0.00253585
NAV/BTC,1581178839568,2020-02-08T16:20:39.568Z,sell,1.236e-05,432.0,0.00533952
NAV/BTC,1581178849911,2020-02-08T16:20:49.911Z,sell,1.233e-05,13.0,0.00016029
NAV/BTC,1581178885760,2020-02-08T16:21:25.760Z,sell,1.231e-05,196.0,0.00241276
NAV/BTC,1581178885760,2020-02-08T16:21:25.760Z,sell,1.23e-05,14.0,0.0001722
NAV/BTC,1581178885760,2020-02-08T16:21:25.760Z,sell,1.229e-05,242.0,0.00297418
NAV/BTC,1581178885760,2020-02-08T16:21:25.760Z,sell,1.228e-05,984.0,0.0120835199999999
NAV/BTC,1581178906195,2020-02-08T16:21:46.195Z,buy,1.228e-05,1866.0,0.0229144799999999
NAV/BTC,1581178938608,2020-02-08T16:22:18.608Z,sell,1.228e-05,634.0,0.00778552
NAV/BTC,1581178938686,2020-02-08T16:22:18.686Z,buy,1.228e-05,349.0,0.00428572
NAV/BTC,1581178944942,2020-02-08T16:22:24.942Z,buy,1.23e-05,138.0,0.0016974
NAV/BTC,1581178978500,2020-02-08T16:22:58.500Z,sell,1.226e-05,830.0,0.0101757999999999
NAV/BTC,1581178978500,2020-02-08T16:22:58.500Z,sell,1.225e-05,703.0,0.00861175
NAV/BTC,1581178979151,2020-02-08T16:22:59.151Z,buy,1.225e-05,10.0,0.0001225
NAV/BTC,1581178979519,2020-02-08T16:22:59.519Z,sell,1.224e-05,14.0,0.0001713599999999
NAV/BTC,1581178980873,2020-02-08T16:23:00.873Z,buy,1.224e-05,165.0,0.0020196
NAV/BTC,1581178981075,2020-02-08T16:23:01.075Z,sell,1.223e-05,145.0,0.00177335
NAV/BTC,1581178986023,2020-02-08T16:23:06.023Z,sell,1.223e-05,287.0,0.00351001
NAV/BTC,1581178986023,2020-02-08T16:23:06.023Z,sell,1.221e-05,164.0,0.00200244
NAV/BTC,1581178986023,2020-02-08T16:23:06.023Z,sell,1.219e-05,111.0,0.00135309
NAV/BTC,1581178986023,2020-02-08T16:23:06.023Z,sell,1.218e-05,7236.0,0.08813448
NAV/BTC,1581178986056,2020-02-08T16:23:06.056Z,sell,1.217e-05,732.0,0.00890844
NAV/BTC,1581178987061,2020-02-08T16:23:07.061Z,sell,1.216e-05,50.0,0.000608
NAV/BTC,1581178988654,2020-02-08T16:23:08.654Z,sell,1.216e-05,32.0,0.00038912
NAV/BTC,1581178989083,2020-02-08T16:23:09.083Z,buy,1.217e-05,63.0,0.00076671
NAV/BTC,1581178990078,2020-02-08T16:23:10.078Z,sell,1.216e-05,18.0,0.00021888
NAV/BTC,1581178990078,2020-02-08T16:23:10.078Z,sell,1.215e-05,170.0,0.0020655
NAV/BTC,1581178990078,2020-02-08T16:23:10.078Z,sell,1.214e-05,10246.0,0.12438644
NAV/BTC,1581178990078,2020-02-08T16:23:10.078Z,sell,1.213e-05,13.0,0.00015769
NAV/BTC,1581178990078,2020-02-08T16:23:10.078Z,sell,1.212e-05,1156.0,0.0140107199999999
NAV/BTC,1581178990078,2020-02-08T16:23:10.078Z,sell,1.211e-05,1036.0,0.0125459599999999
NAV/BTC,1581178990078,2020-02-08T16:23:10.078Z,sell,1.21e-05,1258.0,0.0152217999999999
NAV/BTC,1581178990078,2020-02-08T16:23:10.078Z,sell,1.209e-05,939.0,0.01135251
NAV/BTC,1581178990663,2020-02-08T16:23:10.663Z,buy,1.217e-05,428.0,0.00520876
NAV/BTC,1581178990731,2020-02-08T16:23:10.731Z,sell,1.217e-05,860.0,0.0104662
NAV/BTC,1581178992963,2020-02-08T16:23:12.963Z,buy,1.218e-05,156.0,0.00190008
NAV/BTC,1581179000640,2020-02-08T16:23:20.640Z,buy,1.218e-05,1169.0,0.01423842
NAV/BTC,1581179004420,2020-02-08T16:23:24.420Z,sell,1.217e-05,3574.0,0.04349558
NAV/BTC,1581179021299,2020-02-08T16:23:41.299Z,sell,1.217e-05,2601.0,0.03165417
NAV/BTC,1581179051478,2020-02-08T16:24:11.478Z,buy,1.218e-05,14.0,0.00017052
NAV/BTC,1581179052483,2020-02-08T16:24:12.483Z,buy,1.219e-05,413.0,0.00503447
NAV/BTC,1581179053022,2020-02-08T16:24:13.022Z,sell,1.217e-05,1306.0,0.01589402
NAV/BTC,1581179063240,2020-02-08T16:24:23.240Z,buy,1.217e-05,31.0,0.00037727
NAV/BTC,1581179064140,2020-02-08T16:24:24.140Z,sell,1.214e-05,61.0,0.00074054
NAV/BTC,1581179064140,2020-02-08T16:24:24.140Z,sell,1.213e-05,13.0,0.00015769
NAV/BTC,1581179064140,2020-02-08T16:24:24.140Z,sell,1.212e-05,14.0,0.00016968
NAV/BTC,1581179064140,2020-02-08T16:24:24.140Z,sell,1.211e-05,841.0,0.0101845099999999
NAV/BTC,1581179070658,2020-02-08T16:24:30.658Z,buy,1.211e-05,315.0,0.0038146499999999
NAV/BTC,1581179080466,2020-02-08T16:24:40.466Z,buy,1.217e-05,16.0,0.00019472
NAV/BTC,1581179083438,2020-02-08T16:24:43.438Z,sell,1.209e-05,902.0,0.0109051799999999
NAV/BTC,1581179083438,2020-02-08T16:24:43.438Z,sell,1.208e-05,1219.0,0.0147255199999999
NAV/BTC,1581179083438,2020-02-08T16:24:43.438Z,sell,1.207e-05,108.0,0.00130356
NAV/BTC,1581179083438,2020-02-08T16:24:43.438Z,sell,1.206e-05,946.0,0.01140876
NAV/BTC,1581179083438,2020-02-08T16:24:43.438Z,sell,1.205e-05,18388.0,0.2215754
NAV/BTC,1581179083586,2020-02-08T16:24:43.586Z,sell,1.21e-05,44.0,0.0005323999999999
NAV/BTC,1581179106302,2020-02-08T16:25:06.302Z,buy,1.212e-05,14.0,0.00016968
NAV/BTC,1581179106302,2020-02-08T16:25:06.302Z,buy,1.213e-05,13.0,0.00015769
NAV/BTC,1581179106302,2020-02-08T16:25:06.302Z,buy,1.216e-05,1800.0,0.021888
NAV/BTC,1581179110719,2020-02-08T16:25:10.719Z,buy,1.216e-05,83.0,0.00100928
NAV/BTC,1581179120936,2020-02-08T16:25:20.936Z,buy,1.218e-05,14.0,0.00017052
NAV/BTC,1581179120936,2020-02-08T16:25:20.936Z,buy,1.219e-05,13.0,0.00015847
NAV/BTC,1581179120936,2020-02-08T16:25:20.936Z,buy,1.223e-05,347.0,0.00424381
NAV/BTC,1581179128668,2020-02-08T16:25:28.668Z,sell,1.214e-05,878.0,0.01065892
NAV/BTC,1581179128668,2020-02-08T16:25:28.668Z,sell,1.213e-05,13.0,0.00015769
NAV/BTC,1581179128683,2020-02-08T16:25:28.683Z,buy,1.213e-05,2386.0,0.02894218
NAV/BTC,1581179129016,2020-02-08T16:25:29.016Z,buy,1.216e-05,431.0,0.00524096
NAV/BTC,1581179189819,2020-02-08T16:26:29.819Z,sell,1.213e-05,750.0,0.0090975
NAV/BTC,1581179189819,2020-02-08T16:26:29.819Z,sell,1.212e-05,14.0,0.00016968
NAV/BTC,1581179189819,2020-02-08T16:26:29.819Z,sell,1.211e-05,1236.0,0.0149679599999999
NAV/BTC,1581179218863,2020-02-08T16:26:58.863Z,sell,1.212e-05,2271.0,0.0275245199999999
NAV/BTC,1581179218863,2020-02-08T16:26:58.863Z,sell,1.211e-05,2521.0,0.0305293099999999
NAV/BTC,1581179218863,2020-02-08T16:26:58.863Z,sell,1.21e-05,8831.0,0.1068551
NAV/BTC,1581179218863,2020-02-08T16:26:58.863Z,sell,1.206e-05,435.0,0.0052461
NAV/BTC,1581179218863,2020-02-08T16:26:58.863Z,sell,1.205e-05,962.0,0.0115921
NAV/BTC,1581179218863,2020-02-08T16:26:58.863Z,sell,1.204e-05,9.0,0.00010836
NAV/BTC,1581179218863,2020-02-08T16:26:58.863Z,sell,1.203e-05,352.0,0.00423456
NAV/BTC,1581179218863,2020-02-08T16:26:58.863Z,sell,1.201e-05,1253.0,0.01504853
NAV/BTC,1581179218863,2020-02-08T16:26:58.863Z,sell,1.2e-05,3636.0,0.043632
NAV/BTC,1581179218863,2020-02-08T16:26:58.863Z,sell,1.199e-05,444.0,0.00532356
NAV/BTC,1581179218863,2020-02-08T16:26:58.863Z,sell,1.198e-05,146.0,0.00174908
NAV/BTC,1581179218863,2020-02-08T16:26:58.863Z,sell,1.197e-05,432.0,0.00517104
NAV/BTC,1581179218863,2020-02-08T16:26:58.863Z,sell,1.196e-05,1292.0,0.01545232
NAV/BTC,1581179218863,2020-02-08T16:26:58.863Z,sell,1.195e-05,1411.0,0.01686145
NAV/BTC,1581179218863,2020-02-08T16:26:58.863Z,sell,1.194e-05,1296.0,0.0154742399999999
NAV/BTC,1581179218889,2020-02-08T16:26:58.889Z,buy,1.195e-05,1944.0,0.0232308
NAV/BTC,1581179219510,2020-02-08T16:26:59.510Z,buy,1.197e-05,163.0,0.00195111
NAV/BTC,1581179220195,2020-02-08T16:27:00.195Z,buy,1.197e-05,669.0,0.00800793
NAV/BTC,1581179220309,2020-02-08T16:27:00.309Z,buy,1.197e-05,10.0,0.0001197
NAV/BTC,1581179220986,2020-02-08T16:27:00.986Z,buy,1.197e-05,392.0,0.00469224
NAV/BTC,1581179223138,2020-02-08T16:27:03.138Z,buy,1.199e-05,130.0,0.0015587
NAV/BTC,1581179233334,2020-02-08T16:27:13.334Z,buy,1.199e-05,472.0,0.00565928
NAV/BTC,1581179233334,2020-02-08T16:27:13.334Z,buy,1.2e-05,2331.0,0.027972
NAV/BTC,1581179254484,2020-02-08T16:27:34.484Z,buy,1.206e-05,27.0,0.00032562
NAV/BTC,1581179254484,2020-02-08T16:27:34.484Z,buy,1.21e-05,432.0,0.0052271999999999
NAV/BTC,1581179254484,2020-02-08T16:27:34.484Z,buy,1.212e-05,41.0,0.00049692
NAV/BTC,1581179256386,2020-02-08T16:27:36.386Z,buy,1.212e-05,44.0,0.0005332799999999
NAV/BTC,1581179275609,2020-02-08T16:27:55.609Z,sell,1.207e-05,300.0,0.003621
NAV/BTC,1581179276480,2020-02-08T16:27:56.480Z,buy,1.212e-05,17.0,0.00020604
NAV/BTC,1581179292401,2020-02-08T16:28:12.401Z,sell,1.207e-05,48.0,0.00057936
NAV/BTC,1581179292401,2020-02-08T16:28:12.401Z,sell,1.206e-05,108.0,0.00130248
NAV/BTC,1581179308036,2020-02-08T16:28:28.036Z,buy,1.212e-05,10.0,0.0001211999999999
NAV/BTC,1581179350757,2020-02-08T16:29:10.757Z,buy,1.212e-05,74.0,0.00089688
NAV/BTC,1581179360961,2020-02-08T16:29:20.961Z,buy,1.213e-05,13.0,0.00015769
NAV/BTC,1581179375885,2020-02-08T16:29:35.885Z,buy,1.218e-05,14.0,0.00017052
NAV/BTC,1581179375885,2020-02-08T16:29:35.885Z,buy,1.219e-05,13.0,0.00015847
NAV/BTC,1581179375885,2020-02-08T16:29:35.885Z,buy,1.222e-05,222.0,0.0027128399999999
NAV/BTC,1581179416305,2020-02-08T16:30:16.305Z,sell,1.214e-05,28.0,0.00033992
NAV/BTC,1581179587237,2020-02-08T16:33:07.237Z,sell,1.214e-05,165.0,0.0020031
NAV/BTC,1581179782457,2020-02-08T16:36:22.457Z,sell,1.215e-05,94.0,0.0011421
NAV/BTC,1581179837589,2020-02-08T16:37:17.589Z,sell,1.214e-05,10.0,0.0001214
NAV/BTC,1581179837589,2020-02-08T16:37:17.589Z,sell,1.213e-05,14.0,0.00016982
NAV/BTC,1581179844014,2020-02-08T16:37:24.014Z,sell,1.213e-05,322.0,0.00390586
NAV/BTC,1581179844014,2020-02-08T16:37:24.014Z,sell,1.212e-05,4290.0,0.0519947999999999
NAV/BTC,1581180145132,2020-02-08T16:42:25.132Z,buy,1.219e-05,13.0,0.00015847
NAV/BTC,1581180145132,2020-02-08T16:42:25.132Z,buy,1.222e-05,270.0,0.0032994
NAV/BTC,1581180145132,2020-02-08T16:42:25.132Z,buy,1.223e-05,366.0,0.00447618
NAV/BTC,1581180145132,2020-02-08T16:42:25.132Z,buy,1.224e-05,14.0,0.0001713599999999
NAV/BTC,1581180145132,2020-02-08T16:42:25.132Z,buy,1.225e-05,87.0,0.0010657499999999
NAV/BTC,1581180250554,2020-02-08T16:44:10.554Z,buy,1.225e-05,2525.0,0.03093125
NAV/BTC,1581180282225,2020-02-08T16:44:42.225Z,buy,1.226e-05,13.0,0.0001593799999999
NAV/BTC,1581180282225,2020-02-08T16:44:42.225Z,buy,1.227e-05,96.0,0.0011779199999999
NAV/BTC,1581180282225,2020-02-08T16:44:42.225Z,buy,1.23e-05,43.0,0.0005289
NAV/BTC,1581180282225,2020-02-08T16:44:42.225Z,buy,1.232e-05,48.0,0.00059136
NAV/BTC,1581180319698,2020-02-08T16:45:19.698Z,sell,1.224e-05,14.0,0.0001713599999999
NAV/BTC,1581180345348,2020-02-08T16:45:45.348Z,buy,1.229e-05,242.0,0.00297418
NAV/BTC,1581180345366,2020-02-08T16:45:45.366Z,sell,1.229e-05,63.0,0.00077427
NAV/BTC,1581180345404,2020-02-08T16:45:45.404Z,sell,1.229e-05,800.0,0.0098319999999999
NAV/BTC,1581180345408,2020-02-08T16:45:45.408Z,sell,1.229e-05,563.0,0.00691927
NAV/BTC,1581180535977,2020-02-08T16:48:55.977Z,buy,1.225e-05,2248.0,0.027538
NAV/BTC,1581180567010,2020-02-08T16:49:27.010Z,buy,1.225e-05,280.0,0.00343
NAV/BTC,1581180579576,2020-02-08T16:49:39.576Z,buy,1.225e-05,1968.0,0.0241079999999999
NAV/BTC,1581180619160,2020-02-08T16:50:19.160Z,sell,1.219e-05,13.0,0.00015847
NAV/BTC,1581180619160,2020-02-08T16:50:19.160Z,sell,1.218e-05,14.0,0.00017052
NAV/BTC,1581180629219,2020-02-08T16:50:29.219Z,buy,1.218e-05,1666.0,0.02029188
NAV/BTC,1581180645501,2020-02-08T16:50:45.501Z,buy,1.218e-05,2248.0,0.02738064
NAV/BTC,1581180645521,2020-02-08T16:50:45.521Z,buy,1.218e-05,814.0,0.00991452
NAV/BTC,1581180653397,2020-02-08T16:50:53.397Z,buy,1.218e-05,1482.0,0.01805076
NAV/BTC,1581180716238,2020-02-08T16:51:56.238Z,sell,1.218e-05,9.0,0.00010962
NAV/BTC,1581180716238,2020-02-08T16:51:56.238Z,sell,1.216e-05,659.0,0.00801344
NAV/BTC,1581180716238,2020-02-08T16:51:56.238Z,sell,1.215e-05,1419.0,0.01724085
NAV/BTC,1581180716261,2020-02-08T16:51:56.261Z,buy,1.215e-05,615.0,0.00747225
NAV/BTC,1581180764076,2020-02-08T16:52:44.076Z,sell,1.214e-05,2366.0,0.02872324
NAV/BTC,1581180808763,2020-02-08T16:53:28.763Z,sell,1.214e-05,627.0,0.00761178
NAV/BTC,1581180814290,2020-02-08T16:53:34.290Z,buy,1.214e-05,1256.0,0.01524784
NAV/BTC,1581180860014,2020-02-08T16:54:20.014Z,sell,1.214e-05,2267.0,0.02752138
NAV/BTC,1581180872580,2020-02-08T16:54:32.580Z,buy,1.214e-05,2269.0,0.02754566
NAV/BTC,1581180872614,2020-02-08T16:54:32.614Z,buy,1.214e-05,1110.0,0.0134754
NAV/BTC,1581180917153,2020-02-08T16:55:17.153Z,sell,1.213e-05,7440.0,0.0902472
NAV/BTC,1581181065031,2020-02-08T16:57:45.031Z,sell,1.212e-05,172.0,0.00208464
NAV/BTC,1581181095223,2020-02-08T16:58:15.223Z,sell,1.211e-05,535.0,0.0064788499999999
NAV/BTC,1581181095223,2020-02-08T16:58:15.223Z,sell,1.21e-05,10721.0,0.1297240999999999
NAV/BTC,1581181101425,2020-02-08T16:58:21.425Z,sell,1.21e-05,2623.0,0.0317383
NAV/BTC,1581181198171,2020-02-08T16:59:58.171Z,buy,1.218e-05,2269.0,0.02763642
NAV/BTC,1581181198171,2020-02-08T16:59:58.171Z,buy,1.218e-05,2269.0,0.02763642
NAV/BTC,1581181248572,2020-02-08T17:00:48.572Z,buy,1.218e-05,873.0,0.01063314
NAV/BTC,1581181248592,2020-02-08T17:00:48.592Z,sell,1.218e-05,594.0,0.00723492
NAV/BTC,1581181270224,2020-02-08T17:01:10.224Z,buy,1.218e-05,3148.0,0.03834264
NAV/BTC,1581181286971,2020-02-08T17:01:26.971Z,buy,1.219e-05,13.0,0.00015847
NAV/BTC,1581181286971,2020-02-08T17:01:26.971Z,buy,1.222e-05,50.0,0.000611
NAV/BTC,1581181286991,2020-02-08T17:01:26.991Z,buy,1.222e-05,229.0,0.00279838
NAV/BTC,1581181289122,2020-02-08T17:01:29.122Z,buy,1.222e-05,63.0,0.00076986
NAV/BTC,1581181291186,2020-02-08T17:01:31.186Z,buy,1.221e-05,50.0,0.0006105
NAV/BTC,1581181541444,2020-02-08T17:05:41.444Z,buy,1.218e-05,480.0,0.0058464
NAV/BTC,1581181541444,2020-02-08T17:05:41.444Z,buy,1.219e-05,888.0,0.01082472
NAV/BTC,1581181673820,2020-02-08T17:07:53.820Z,sell,1.213e-05,13.0,0.00015769
NAV/BTC,1581181699500,2020-02-08T17:08:19.500Z,sell,1.212e-05,14.0,0.00016968
NAV/BTC,1581181715323,2020-02-08T17:08:35.323Z,sell,1.211e-05,111.0,0.00134421
NAV/BTC,1581181731682,2020-02-08T17:08:51.682Z,sell,1.211e-05,27.0,0.00032697
NAV/BTC,1581181744817,2020-02-08T17:09:04.817Z,sell,1.211e-05,2132.0,0.0258185199999999
NAV/BTC,1581181744817,2020-02-08T17:09:04.817Z,sell,1.208e-05,8249.0,0.09964792
NAV/BTC,1581181744817,2020-02-08T17:09:04.817Z,sell,1.207e-05,8684.0,0.10481588
NAV/BTC,1581181744817,2020-02-08T17:09:04.817Z,sell,1.206e-05,27.0,0.00032562
NAV/BTC,1581181744817,2020-02-08T17:09:04.817Z,sell,1.202e-05,9.0,0.00010818
NAV/BTC,1581181744817,2020-02-08T17:09:04.817Z,sell,1.201e-05,6191.0,0.07435391
NAV/BTC,1581181781156,2020-02-08T17:09:41.156Z,sell,1.202e-05,330.0,0.0039666
NAV/BTC,1581181824950,2020-02-08T17:10:24.950Z,buy,1.212e-05,14.0,0.00016968
NAV/BTC,1581181824950,2020-02-08T17:10:24.950Z,buy,1.213e-05,13.0,0.00015769
NAV/BTC,1581181824950,2020-02-08T17:10:24.950Z,buy,1.217e-05,205.0,0.00249485
NAV/BTC,1581181825228,2020-02-08T17:10:25.228Z,buy,1.216e-05,63.0,0.00076608
NAV/BTC,1581181826302,2020-02-08T17:10:26.302Z,buy,1.215e-05,149.0,0.00181035
NAV/BTC,1581181839330,2020-02-08T17:10:39.330Z,buy,1.215e-05,127.0,0.00154305
NAV/BTC,1581181839383,2020-02-08T17:10:39.383Z,sell,1.215e-05,814.0,0.0098901
NAV/BTC,1581181839418,2020-02-08T17:10:39.418Z,sell,1.215e-05,2744.0,0.0333396
NAV/BTC,1581181840129,2020-02-08T17:10:40.129Z,sell,1.215e-05,114.0,0.0013851
NAV/BTC,1581181851869,2020-02-08T17:10:51.869Z,sell,1.215e-05,588.0,0.0071442
NAV/BTC,1581181872463,2020-02-08T17:11:12.463Z,sell,1.206e-05,36.0,0.00043416
NAV/BTC,1581181872463,2020-02-08T17:11:12.463Z,sell,1.204e-05,50.0,0.000602
NAV/BTC,1581181872463,2020-02-08T17:11:12.463Z,sell,1.203e-05,252.0,0.00303156
NAV/BTC,1581181872463,2020-02-08T17:11:12.463Z,sell,1.202e-05,5765.0,0.0692953
NAV/BTC,1581181872463,2020-02-08T17:11:12.463Z,sell,1.201e-05,6596.0,0.07921796
NAV/BTC,1581181886004,2020-02-08T17:11:26.004Z,buy,1.212e-05,248.0,0.0030057599999999
NAV/BTC,1581182047162,2020-02-08T17:14:07.162Z,sell,1.206e-05,14.0,0.00016884
NAV/BTC,1581182107026,2020-02-08T17:15:07.026Z,buy,1.206e-05,108.0,0.00130248
NAV/BTC,1581182173155,2020-02-08T17:16:13.155Z,sell,1.201e-05,1834.0,0.02202634
NAV/BTC,1581182173155,2020-02-08T17:16:13.155Z,sell,1.2e-05,3940.0,0.04728
NAV/BTC,1581182173155,2020-02-08T17:16:13.155Z,sell,1.199e-05,27.0,0.00032373
NAV/BTC,1581182182757,2020-02-08T17:16:22.757Z,sell,1.198e-05,207.0,0.00247986
NAV/BTC,1581182188269,2020-02-08T17:16:28.269Z,buy,1.198e-05,814.0,0.00975172
NAV/BTC,1581182201577,2020-02-08T17:16:41.577Z,sell,1.197e-05,432.0,0.00517104
NAV/BTC,1581182202929,2020-02-08T17:16:42.929Z,buy,1.197e-05,10.0,0.0001197
NAV/BTC,1581182222922,2020-02-08T17:17:02.922Z,buy,1.197e-05,250.0,0.0029925
NAV/BTC,1581182223216,2020-02-08T17:17:03.216Z,buy,1.197e-05,9.0,0.00010773
NAV/BTC,1581182323366,2020-02-08T17:18:43.366Z,sell,1.196e-05,142.0,0.00169832
NAV/BTC,1581182323366,2020-02-08T17:18:43.366Z,sell,1.195e-05,77.0,0.00092015
NAV/BTC,1581182324897,2020-02-08T17:18:44.897Z,sell,1.194e-05,77.0,0.0009193799999999
NAV/BTC,1581182324897,2020-02-08T17:18:44.897Z,sell,1.193e-05,814.0,0.0097110199999999
NAV/BTC,1581182324897,2020-02-08T17:18:44.897Z,sell,1.192e-05,213.0,0.00253896
NAV/BTC,1581182327795,2020-02-08T17:18:47.795Z,sell,1.193e-05,51.0,0.00060843
NAV/BTC,1581182327795,2020-02-08T17:18:47.795Z,sell,1.192e-05,470.0,0.0056024
NAV/BTC,1581182327795,2020-02-08T17:18:47.795Z,sell,1.191e-05,273.0,0.00325143
NAV/BTC,1581182338514,2020-02-08T17:18:58.514Z,sell,1.194e-05,51.0,0.00060894
NAV/BTC,1581182346855,2020-02-08T17:19:06.855Z,sell,1.192e-05,51.0,0.00060792
NAV/BTC,1581182348640,2020-02-08T17:19:08.640Z,buy,1.192e-05,1352.0,0.01611584
NAV/BTC,1581182348810,2020-02-08T17:19:08.810Z,buy,1.192e-05,51.0,0.00060792
NAV/BTC,1581182360767,2020-02-08T17:19:20.767Z,sell,1.191e-05,815.0,0.0097066499999999
NAV/BTC,1581182389234,2020-02-08T17:19:49.234Z,sell,1.191e-05,2351.0,0.02800041
NAV/BTC,1581182425394,2020-02-08T17:20:25.394Z,buy,1.191e-05,140.0,0.0016673999999999
NAV/BTC,1581182465340,2020-02-08T17:21:05.340Z,sell,1.19e-05,47.0,0.0005593
NAV/BTC,1581182465632,2020-02-08T17:21:05.632Z,sell,1.19e-05,31.0,0.0003688999999999
NAV/BTC,1581182473567,2020-02-08T17:21:13.567Z,buy,1.191e-05,54.0,0.0006431399999999
NAV/BTC,1581182473829,2020-02-08T17:21:13.829Z,buy,1.191e-05,2268.0,0.02701188
NAV/BTC,1581182476870,2020-02-08T17:21:16.870Z,sell,1.192e-05,103.0,0.0012277599999999
NAV/BTC,1581182516687,2020-02-08T17:21:56.687Z,sell,1.191e-05,100.0,0.001191
NAV/BTC,1581182516687,2020-02-08T17:21:56.687Z,sell,1.19e-05,3141.0,0.0373779
NAV/BTC,1581182516687,2020-02-08T17:21:56.687Z,sell,1.188e-05,10.0,0.0001188
NAV/BTC,1581182516687,2020-02-08T17:21:56.687Z,sell,1.187e-05,172.0,0.00204164
NAV/BTC,1581182516687,2020-02-08T17:21:56.687Z,sell,1.186e-05,321.0,0.00380706
NAV/BTC,1581182516687,2020-02-08T17:21:56.687Z,sell,1.185e-05,945.0,0.01119825
NAV/BTC,1581182516687,2020-02-08T17:21:56.687Z,sell,1.184e-05,543.0,0.00642912
NAV/BTC,1581182516687,2020-02-08T17:21:56.687Z,sell,1.182e-05,194.0,0.00229308
NAV/BTC,1581182516687,2020-02-08T17:21:56.687Z,sell,1.181e-05,4574.0,0.05401894
NAV/BTC,1581182523595,2020-02-08T17:22:03.595Z,sell,1.181e-05,5765.0,0.06808465
NAV/BTC,1581182527235,2020-02-08T17:22:07.235Z,sell,1.182e-05,13.0,0.00015366
NAV/BTC,1581182527235,2020-02-08T17:22:07.235Z,sell,1.181e-05,2637.0,0.03114297
NAV/BTC,1581182527235,2020-02-08T17:22:07.235Z,sell,1.18e-05,7350.0,0.08673
NAV/BTC,1581182538380,2020-02-08T17:22:18.380Z,buy,1.187e-05,9.0,0.00010683
NAV/BTC,1581182556209,2020-02-08T17:22:36.209Z,buy,1.185e-05,84.0,0.0009954
NAV/BTC,1581182568938,2020-02-08T17:22:48.938Z,buy,1.185e-05,335.0,0.00396975
NAV/BTC,1581182568938,2020-02-08T17:22:48.938Z,buy,1.186e-05,396.0,0.00469656
NAV/BTC,1581182568938,2020-02-08T17:22:48.938Z,buy,1.187e-05,5.0,5.935e-05
NAV/BTC,1581182568938,2020-02-08T17:22:48.938Z,buy,1.192e-05,13.0,0.00015496
NAV/BTC,1581182568938,2020-02-08T17:22:48.938Z,buy,1.193e-05,14.0,0.0001670199999999
NAV/BTC,1581182568938,2020-02-08T17:22:48.938Z,buy,1.197e-05,432.0,0.00517104
NAV/BTC,1581182568938,2020-02-08T17:22:48.938Z,buy,1.199e-05,27.0,0.00032373
NAV/BTC,1581182568938,2020-02-08T17:22:48.938Z,buy,1.2e-05,158.0,0.001896
NAV/BTC,1581182568938,2020-02-08T17:22:48.938Z,buy,1.204e-05,3620.0,0.0435848
NAV/BTC,1581182576509,2020-02-08T17:22:56.509Z,sell,1.194e-05,1400.0,0.0167159999999999
NAV/BTC,1581182576729,2020-02-08T17:22:56.729Z,sell,1.194e-05,694.0,0.00828636
NAV/BTC,1581182577014,2020-02-08T17:22:57.014Z,sell,1.194e-05,694.0,0.00828636
NAV/BTC,1581182577729,2020-02-08T17:22:57.729Z,sell,1.193e-05,14.0,0.0001670199999999
NAV/BTC,1581182579034,2020-02-08T17:22:59.034Z,sell,1.192e-05,13.0,0.00015496
NAV/BTC,1581182600640,2020-02-08T17:23:20.640Z,buy,1.196e-05,17.0,0.00020332
NAV/BTC,1581182656023,2020-02-08T17:24:16.023Z,buy,1.193e-05,38.0,0.00045334
NAV/BTC,1581182677128,2020-02-08T17:24:37.128Z,sell,1.187e-05,212.0,0.00251644
NAV/BTC,1581182677128,2020-02-08T17:24:37.128Z,sell,1.186e-05,13.0,0.00015418
NAV/BTC,1581182677128,2020-02-08T17:24:37.128Z,sell,1.184e-05,432.0,0.00511488
NAV/BTC,1581182677128,2020-02-08T17:24:37.128Z,sell,1.182e-05,395.0,0.0046689
NAV/BTC,1581182677128,2020-02-08T17:24:37.128Z,sell,1.181e-05,3957.0,0.04673217
NAV/BTC,1581182677128,2020-02-08T17:24:37.128Z,sell,1.18e-05,4991.0,0.0588938
NAV/BTC,1581182691972,2020-02-08T17:24:51.972Z,sell,1.182e-05,400.0,0.004728
NAV/BTC,1581182708676,2020-02-08T17:25:08.676Z,buy,1.186e-05,708.0,0.00839688
NAV/BTC,1581182708676,2020-02-08T17:25:08.676Z,buy,1.187e-05,14.0,0.0001661799999999
NAV/BTC,1581182708676,2020-02-08T17:25:08.676Z,buy,1.191e-05,1147.0,0.01366077
NAV/BTC,1581182726356,2020-02-08T17:25:26.356Z,sell,1.183e-05,135.0,0.00159705
NAV/BTC,1581182726356,2020-02-08T17:25:26.356Z,sell,1.182e-05,361.0,0.00426702
NAV/BTC,1581182726356,2020-02-08T17:25:26.356Z,sell,1.181e-05,14.0,0.00016534
NAV/BTC,1581182726356,2020-02-08T17:25:26.356Z,sell,1.18e-05,1962.0,0.0231516
NAV/BTC,1581182726356,2020-02-08T17:25:26.356Z,sell,1.179e-05,871.0,0.01026909
NAV/BTC,1581182726356,2020-02-08T17:25:26.356Z,sell,1.178e-05,10.0,0.0001178
NAV/BTC,1581182726356,2020-02-08T17:25:26.356Z,sell,1.176e-05,1158.0,0.01361808
NAV/BTC,1581182726356,2020-02-08T17:25:26.356Z,sell,1.175e-05,567.0,0.00666225
NAV/BTC,1581182726356,2020-02-08T17:25:26.356Z,sell,1.174e-05,525.0,0.0061635
NAV/BTC,1581182726356,2020-02-08T17:25:26.356Z,sell,1.173e-05,6085.0,0.07137705
NAV/BTC,1581182726356,2020-02-08T17:25:26.356Z,sell,1.172e-05,1056.0,0.01237632
NAV/BTC,1581182726356,2020-02-08T17:25:26.356Z,sell,1.17e-05,2060.0,0.024102
NAV/BTC,1581182726356,2020-02-08T17:25:26.356Z,sell,1.17e-05,734.0,0.0085878
NAV/BTC,1581182728983,2020-02-08T17:25:28.983Z,buy,1.184e-05,10.0,0.0001184
NAV/BTC,1581182732498,2020-02-08T17:25:32.498Z,buy,1.179e-05,13.0,0.00015327
NAV/BTC,1581182743953,2020-02-08T17:25:43.953Z,sell,1.173e-05,97.0,0.00113781
NAV/BTC,1581182743953,2020-02-08T17:25:43.953Z,sell,1.172e-05,1080.0,0.0126576
NAV/BTC,1581182743953,2020-02-08T17:25:43.953Z,sell,1.17e-05,11561.0,0.1352637
NAV/BTC,1581182743953,2020-02-08T17:25:43.953Z,sell,1.169e-05,1211.0,0.01415659
NAV/BTC,1581182743953,2020-02-08T17:25:43.953Z,sell,1.168e-05,855.0,0.0099864
NAV/BTC,1581182743953,2020-02-08T17:25:43.953Z,sell,1.168e-05,8988.0,0.10497984
NAV/BTC,1581182743972,2020-02-08T17:25:43.972Z,buy,1.168e-05,572.0,0.00668096
NAV/BTC,1581182744100,2020-02-08T17:25:44.100Z,buy,1.168e-05,32.0,0.00037376
NAV/BTC,1581182744271,2020-02-08T17:25:44.271Z,buy,1.168e-05,96.0,0.00112128
NAV/BTC,1581182744359,2020-02-08T17:25:44.359Z,buy,1.168e-05,7575.0,0.088476
NAV/BTC,1581182744701,2020-02-08T17:25:44.701Z,sell,1.175e-05,106.0,0.0012454999999999
NAV/BTC,1581182744957,2020-02-08T17:25:44.957Z,sell,1.175e-05,315.0,0.0037012499999999
NAV/BTC,1581182745034,2020-02-08T17:25:45.034Z,sell,1.175e-05,14.0,0.0001645
NAV/BTC,1581182749502,2020-02-08T17:25:49.502Z,sell,1.175e-05,39.0,0.00045825
NAV/BTC,1581182774586,2020-02-08T17:26:14.586Z,sell,1.175e-05,7.0,8.225e-05
NAV/BTC,1581182774586,2020-02-08T17:26:14.586Z,sell,1.168e-05,2020.0,0.0235936
NAV/BTC,1581182774586,2020-02-08T17:26:14.586Z,sell,1.168e-05,4019.0,0.04694192
NAV/BTC,1581182780473,2020-02-08T17:26:20.473Z,sell,1.169e-05,465.0,0.00543585
NAV/BTC,1581182780473,2020-02-08T17:26:20.473Z,sell,1.168e-05,615.0,0.0071832
NAV/BTC,1581182782492,2020-02-08T17:26:22.492Z,sell,1.169e-05,130.0,0.0015197
NAV/BTC,1581182782492,2020-02-08T17:26:22.492Z,sell,1.168e-05,855.0,0.0099864
NAV/BTC,1581182814056,2020-02-08T17:26:54.056Z,buy,1.177e-05,124.0,0.00145948
NAV/BTC,1581182815092,2020-02-08T17:26:55.092Z,buy,1.177e-05,42.0,0.00049434
NAV/BTC,1581182815227,2020-02-08T17:26:55.227Z,buy,1.177e-05,42.0,0.00049434
NAV/BTC,1581182815743,2020-02-08T17:26:55.743Z,buy,1.177e-05,274.0,0.00322498
NAV/BTC,1581182816224,2020-02-08T17:26:56.224Z,buy,1.177e-05,424.0,0.00499048
NAV/BTC,1581182816891,2020-02-08T17:26:56.891Z,buy,1.177e-05,4248.0,0.04999896
NAV/BTC,1581182816919,2020-02-08T17:26:56.919Z,buy,1.177e-05,273.0,0.00321321
NAV/BTC,1581182817935,2020-02-08T17:26:57.935Z,buy,1.177e-05,541.0,0.00636757
NAV/BTC,1581182819681,2020-02-08T17:26:59.681Z,buy,1.177e-05,85.0,0.00100045
NAV/BTC,1581182821219,2020-02-08T17:27:01.219Z,buy,1.177e-05,493.0,0.00580261
NAV/BTC,1581182821535,2020-02-08T17:27:01.535Z,buy,1.177e-05,420.0,0.0049434
NAV/BTC,1581182828166,2020-02-08T17:27:08.166Z,buy,1.177e-05,254.0,0.00298958
NAV/BTC,1581182832745,2020-02-08T17:27:12.745Z,buy,1.177e-05,212.0,0.00249524
NAV/BTC,1581182841352,2020-02-08T17:27:21.352Z,buy,1.177e-05,35.0,0.00041195
NAV/BTC,1581182841699,2020-02-08T17:27:21.699Z,buy,1.177e-05,225.0,0.00264825
NAV/BTC,1581182864068,2020-02-08T17:27:44.068Z,buy,1.177e-05,849.0,0.00999273
NAV/BTC,1581182866262,2020-02-08T17:27:46.262Z,sell,1.169e-05,342.0,0.00399798
NAV/BTC,1581182866262,2020-02-08T17:27:46.262Z,sell,1.168e-05,4221.0,0.04930128
NAV/BTC,1581182866262,2020-02-08T17:27:46.262Z,sell,1.167e-05,19.0,0.00022173
NAV/BTC,1581182866262,2020-02-08T17:27:46.262Z,sell,1.166e-05,2118.0,0.02469588
NAV/BTC,1581182866855,2020-02-08T17:27:46.855Z,buy,1.176e-05,96.0,0.00112896
NAV/BTC,1581182884272,2020-02-08T17:28:04.272Z,buy,1.175e-05,14.0,0.0001645
NAV/BTC,1581182884272,2020-02-08T17:28:04.272Z,buy,1.176e-05,61.0,0.00071736
NAV/BTC,1581182889321,2020-02-08T17:28:09.321Z,sell,1.169e-05,10.0,0.0001169
NAV/BTC,1581182891035,2020-02-08T17:28:11.035Z,buy,1.169e-05,10.0,0.0001169
NAV/BTC,1581182898632,2020-02-08T17:28:18.632Z,buy,1.169e-05,403.0,0.00471107
NAV/BTC,1581182923654,2020-02-08T17:28:43.654Z,buy,1.169e-05,1.0,1.169e-05
NAV/BTC,1581182925304,2020-02-08T17:28:45.304Z,buy,1.176e-05,17.0,0.00019992
NAV/BTC,1581182925307,2020-02-08T17:28:45.307Z,buy,1.176e-05,398.0,0.00468048
NAV/BTC,1581182925307,2020-02-08T17:28:45.307Z,buy,1.177e-05,79.0,0.00092983
NAV/BTC,1581182925926,2020-02-08T17:28:45.926Z,sell,1.173e-05,20.0,0.0002345999999999
NAV/BTC,1581182926230,2020-02-08T17:28:46.230Z,buy,1.177e-05,995.0,0.01171115
NAV/BTC,1581182935453,2020-02-08T17:28:55.453Z,sell,1.173e-05,5438.0,0.06378774
NAV/BTC,1581182935453,2020-02-08T17:28:55.453Z,sell,1.168e-05,289.0,0.00337552
NAV/BTC,1581182935685,2020-02-08T17:28:55.685Z,buy,1.177e-05,200.0,0.002354
NAV/BTC,1581182971638,2020-02-08T17:29:31.638Z,buy,1.174e-05,330.0,0.0038742
NAV/BTC,1581183008714,2020-02-08T17:30:08.714Z,buy,1.174e-05,1.0,1.174e-05
NAV/BTC,1581183008714,2020-02-08T17:30:08.714Z,buy,1.175e-05,14.0,0.0001645
NAV/BTC,1581183008714,2020-02-08T17:30:08.714Z,buy,1.177e-05,809.0,0.00952193
NAV/BTC,1581183008714,2020-02-08T17:30:08.714Z,buy,1.179e-05,13.0,0.00015327
NAV/BTC,1581183008714,2020-02-08T17:30:08.714Z,buy,1.181e-05,24.0,0.00028344
NAV/BTC,1581183008714,2020-02-08T17:30:08.714Z,buy,1.184e-05,432.0,0.00511488
NAV/BTC,1581183008714,2020-02-08T17:30:08.714Z,buy,1.185e-05,589.0,0.00697965
NAV/BTC,1581183019550,2020-02-08T17:30:19.550Z,buy,1.179e-05,76.0,0.00089604
NAV/BTC,1581183019649,2020-02-08T17:30:19.649Z,sell,1.179e-05,814.0,0.00959706
NAV/BTC,1581183024127,2020-02-08T17:30:24.127Z,sell,1.179e-05,1060.0,0.0124974
NAV/BTC,1581183024127,2020-02-08T17:30:24.127Z,sell,1.175e-05,14.0,0.0001645
NAV/BTC,1581183024127,2020-02-08T17:30:24.127Z,sell,1.172e-05,13.0,0.0001523599999999
NAV/BTC,1581183024127,2020-02-08T17:30:24.127Z,sell,1.17e-05,432.0,0.0050544
NAV/BTC,1581183024127,2020-02-08T17:30:24.127Z,sell,1.169e-05,596.0,0.0069672399999999
NAV/BTC,1581183024127,2020-02-08T17:30:24.127Z,sell,1.168e-05,746.0,0.00871328
NAV/BTC,1581183024127,2020-02-08T17:30:24.127Z,sell,1.166e-05,563.0,0.00656458
NAV/BTC,1581183024127,2020-02-08T17:30:24.127Z,sell,1.165e-05,1383.0,0.01611195
NAV/BTC,1581183024127,2020-02-08T17:30:24.127Z,sell,1.164e-05,20.0,0.0002328
NAV/BTC,1581183024127,2020-02-08T17:30:24.127Z,sell,1.163e-05,4938.0,0.05742894
NAV/BTC,1581183024127,2020-02-08T17:30:24.127Z,sell,1.162e-05,7419.0,0.08620878
NAV/BTC,1581183030713,2020-02-08T17:30:30.713Z,sell,1.164e-05,335.0,0.0038994
NAV/BTC,1581183033876,2020-02-08T17:30:33.876Z,buy,1.165e-05,320.0,0.003728
NAV/BTC,1581183033898,2020-02-08T17:30:33.898Z,buy,1.165e-05,814.0,0.0094831
NAV/BTC,1581183045747,2020-02-08T17:30:45.747Z,buy,1.165e-05,1373.0,0.01599545
NAV/BTC,1581183046423,2020-02-08T17:30:46.423Z,sell,1.164e-05,41.0,0.00047724
NAV/BTC,1581183051202,2020-02-08T17:30:51.202Z,sell,1.164e-05,255.0,0.0029682
NAV/BTC,1581183066825,2020-02-08T17:31:06.825Z,sell,1.164e-05,2687.0,0.03127668
NAV/BTC,1581183070679,2020-02-08T17:31:10.679Z,sell,1.162e-05,814.0,0.00945868
NAV/BTC,1581183074420,2020-02-08T17:31:14.420Z,sell,1.162e-05,294.0,0.00341628
NAV/BTC,1581183076541,2020-02-08T17:31:16.541Z,sell,1.162e-05,335.0,0.0038927
NAV/BTC,1581183089173,2020-02-08T17:31:29.173Z,buy,1.164e-05,2049.0,0.02385036
NAV/BTC,1581183128758,2020-02-08T17:32:08.758Z,buy,1.164e-05,310.0,0.0036084
NAV/BTC,1581183128955,2020-02-08T17:32:08.955Z,buy,1.164e-05,62.0,0.00072168
NAV/BTC,1581183130097,2020-02-08T17:32:10.097Z,buy,1.164e-05,121.0,0.00140844
NAV/BTC,1581183131226,2020-02-08T17:32:11.226Z,buy,1.164e-05,43.0,0.00050052
NAV/BTC,1581183131597,2020-02-08T17:32:11.597Z,buy,1.164e-05,516.0,0.00600624
NAV/BTC,1581183131753,2020-02-08T17:32:11.753Z,buy,1.164e-05,9.0,0.00010476
NAV/BTC,1581183132138,2020-02-08T17:32:12.138Z,buy,1.164e-05,172.0,0.00200208
NAV/BTC,1581183132749,2020-02-08T17:32:12.749Z,buy,1.164e-05,9.0,0.00010476
NAV/BTC,1581183133525,2020-02-08T17:32:13.525Z,buy,1.164e-05,43.0,0.00050052
NAV/BTC,1581183133615,2020-02-08T17:32:13.615Z,buy,1.164e-05,8591.0,0.09999924
NAV/BTC,1581183134207,2020-02-08T17:32:14.207Z,buy,1.164e-05,902.0,0.01049928
NAV/BTC,1581183134691,2020-02-08T17:32:14.691Z,buy,1.164e-05,429.0,0.00499356
NAV/BTC,1581183135002,2020-02-08T17:32:15.002Z,buy,1.164e-05,601.0,0.00699564
NAV/BTC,1581183135280,2020-02-08T17:32:15.280Z,buy,1.164e-05,45.0,0.0005238
NAV/BTC,1581183135944,2020-02-08T17:32:15.944Z,buy,1.164e-05,859.0,0.00999876
NAV/BTC,1581183137235,2020-02-08T17:32:17.235Z,buy,1.164e-05,102.0,0.00118728
NAV/BTC,1581183147097,2020-02-08T17:32:27.097Z,buy,1.164e-05,1706.0,0.01985784
NAV/BTC,1581183147097,2020-02-08T17:32:27.097Z,buy,1.165e-05,5880.0,0.068502
NAV/BTC,1581183148112,2020-02-08T17:32:28.112Z,buy,1.165e-05,340.0,0.003961
NAV/BTC,1581183148120,2020-02-08T17:32:28.120Z,buy,1.165e-05,814.0,0.0094831
NAV/BTC,1581183148308,2020-02-08T17:32:28.308Z,buy,1.165e-05,510.0,0.0059415
NAV/BTC,1581183157025,2020-02-08T17:32:37.025Z,buy,1.165e-05,25.0,0.00029125
NAV/BTC,1581183168184,2020-02-08T17:32:48.184Z,buy,1.165e-05,85.0,0.00099025
NAV/BTC,1581183168252,2020-02-08T17:32:48.252Z,buy,1.165e-05,7603.0,0.08857495
NAV/BTC,1581183168670,2020-02-08T17:32:48.670Z,buy,1.168e-05,14.0,0.00016352
NAV/BTC,1581183168741,2020-02-08T17:32:48.741Z,buy,1.172e-05,13.0,0.0001523599999999
NAV/BTC,1581183168741,2020-02-08T17:32:48.741Z,buy,1.175e-05,182.0,0.0021384999999999
NAV/BTC,1581183168741,2020-02-08T17:32:48.741Z,buy,1.178e-05,10.0,0.0001178
NAV/BTC,1581183168741,2020-02-08T17:32:48.741Z,buy,1.179e-05,13.0,0.00015327
NAV/BTC,1581183168741,2020-02-08T17:32:48.741Z,buy,1.18e-05,48.0,0.0005664
NAV/BTC,1581183169624,2020-02-08T17:32:49.624Z,buy,1.179e-05,384.0,0.00452736
NAV/BTC,1581183169704,2020-02-08T17:32:49.704Z,buy,1.179e-05,218.0,0.00257022
NAV/BTC,1581183169772,2020-02-08T17:32:49.772Z,buy,1.179e-05,358.0,0.00422082
NAV/BTC,1581183170020,2020-02-08T17:32:50.020Z,buy,1.179e-05,137.0,0.00161523
NAV/BTC,1581183170161,2020-02-08T17:32:50.161Z,buy,1.179e-05,87.0,0.00102573
NAV/BTC,1581183170520,2020-02-08T17:32:50.520Z,buy,1.179e-05,841.0,0.00991539
NAV/BTC,1581183172328,2020-02-08T17:32:52.328Z,sell,1.172e-05,13.0,0.0001523599999999
NAV/BTC,1581183172507,2020-02-08T17:32:52.507Z,buy,1.178e-05,21.0,0.00024738
NAV/BTC,1581183173006,2020-02-08T17:32:53.006Z,buy,1.178e-05,24.0,0.00028272
NAV/BTC,1581183185452,2020-02-08T17:33:05.452Z,sell,1.172e-05,1975.0,0.023147
NAV/BTC,1581183185888,2020-02-08T17:33:05.888Z,sell,1.17e-05,692.0,0.0080964
NAV/BTC,1581183186389,2020-02-08T17:33:06.389Z,sell,1.169e-05,18.0,0.00021042
NAV/BTC,1581183186894,2020-02-08T17:33:06.894Z,sell,1.169e-05,1011.0,0.01181859
NAV/BTC,1581183187817,2020-02-08T17:33:07.817Z,sell,1.169e-05,9.0,0.00010521
NAV/BTC,1581183188818,2020-02-08T17:33:08.818Z,sell,1.169e-05,2.0,2.338e-05
NAV/BTC,1581183188845,2020-02-08T17:33:08.845Z,buy,1.169e-05,13.0,0.00015197
NAV/BTC,1581183209145,2020-02-08T17:33:29.145Z,sell,1.168e-05,1109.0,0.01295312
NAV/BTC,1581183209145,2020-02-08T17:33:29.145Z,sell,1.165e-05,13.0,0.00015145
NAV/BTC,1581183209145,2020-02-08T17:33:29.145Z,sell,1.164e-05,467.0,0.00543588
NAV/BTC,1581183209145,2020-02-08T17:33:29.145Z,sell,1.163e-05,157.0,0.00182591
NAV/BTC,1581183209145,2020-02-08T17:33:29.145Z,sell,1.162e-05,524.0,0.00608888
NAV/BTC,1581183209145,2020-02-08T17:33:29.145Z,sell,1.161e-05,34.0,0.00039474
NAV/BTC,1581183212218,2020-02-08T17:33:32.218Z,buy,1.168e-05,14.0,0.00016352
NAV/BTC,1581183212218,2020-02-08T17:33:32.218Z,buy,1.169e-05,114.0,0.00133266
NAV/BTC,1581183212731,2020-02-08T17:33:32.731Z,buy,1.169e-05,85.0,0.00099365
NAV/BTC,1581183213232,2020-02-08T17:33:33.232Z,buy,1.169e-05,85.0,0.00099365
NAV/BTC,1581183213735,2020-02-08T17:33:33.735Z,buy,1.169e-05,85.0,0.00099365
NAV/BTC,1581183214306,2020-02-08T17:33:34.306Z,buy,1.169e-05,45.0,0.00052605
NAV/BTC,1581183226328,2020-02-08T17:33:46.328Z,sell,1.169e-05,40.0,0.0004676
NAV/BTC,1581183239946,2020-02-08T17:33:59.946Z,buy,1.169e-05,435.0,0.00508515
NAV/BTC,1581183375041,2020-02-08T17:36:15.041Z,buy,1.168e-05,172.0,0.00200896
NAV/BTC,1581183375041,2020-02-08T17:36:15.041Z,buy,1.169e-05,779.0,0.00910651
NAV/BTC,1581183408348,2020-02-08T17:36:48.348Z,buy,1.169e-05,137.0,0.0016015299999999
NAV/BTC,1581183447985,2020-02-08T17:37:27.985Z,buy,1.169e-05,154.0,0.00180026
NAV/BTC,1581183515896,2020-02-08T17:38:35.896Z,sell,1.163e-05,250.0,0.0029075
NAV/BTC,1581183516271,2020-02-08T17:38:36.271Z,buy,1.165e-05,1921.0,0.02237965
NAV/BTC,1581183519779,2020-02-08T17:38:39.779Z,sell,1.166e-05,200.0,0.002332
NAV/BTC,1581183609210,2020-02-08T17:40:09.210Z,buy,1.172e-05,1896.0,0.02222112
NAV/BTC,1581183610447,2020-02-08T17:40:10.447Z,sell,1.164e-05,22.0,0.00025608
NAV/BTC,1581183610447,2020-02-08T17:40:10.447Z,sell,1.163e-05,4712.0,0.05480056
NAV/BTC,1581183610447,2020-02-08T17:40:10.447Z,sell,1.162e-05,358.0,0.00415996
NAV/BTC,1581183610447,2020-02-08T17:40:10.447Z,sell,1.161e-05,2328.0,0.02702808
NAV/BTC,1581183908553,2020-02-08T17:45:08.553Z,buy,1.168e-05,14.0,0.00016352
NAV/BTC,1581183908553,2020-02-08T17:45:08.553Z,buy,1.175e-05,172.0,0.002021
NAV/BTC,1581183908553,2020-02-08T17:45:08.553Z,buy,1.176e-05,171.0,0.00201096
NAV/BTC,1581183908553,2020-02-08T17:45:08.553Z,buy,1.178e-05,692.0,0.00815176
NAV/BTC,1581183908553,2020-02-08T17:45:08.553Z,buy,1.179e-05,13.0,0.00015327
NAV/BTC,1581183908553,2020-02-08T17:45:08.553Z,buy,1.18e-05,124.0,0.0014632
NAV/BTC,1581183908553,2020-02-08T17:45:08.553Z,buy,1.181e-05,134.0,0.00158254
NAV/BTC,1581183908553,2020-02-08T17:45:08.553Z,buy,1.182e-05,584.0,0.00690288
NAV/BTC,1581183910294,2020-02-08T17:45:10.294Z,sell,1.175e-05,14.0,0.0001645
NAV/BTC,1581183910339,2020-02-08T17:45:10.339Z,sell,1.172e-05,13.0,0.0001523599999999
NAV/BTC,1581183910781,2020-02-08T17:45:10.781Z,sell,1.168e-05,14.0,0.00016352
NAV/BTC,1581183911218,2020-02-08T17:45:11.218Z,sell,1.167e-05,40.0,0.0004668
NAV/BTC,1581184111961,2020-02-08T17:48:31.961Z,buy,1.174e-05,182.0,0.0021366799999999
NAV/BTC,1581184112687,2020-02-08T17:48:32.687Z,buy,1.174e-05,14.0,0.00016436
NAV/BTC,1581184114262,2020-02-08T17:48:34.262Z,buy,1.174e-05,341.0,0.00400334
NAV/BTC,1581184114279,2020-02-08T17:48:34.279Z,buy,1.174e-05,86.0,0.00100964
NAV/BTC,1581184114303,2020-02-08T17:48:34.303Z,buy,1.174e-05,323.0,0.0037920199999999
NAV/BTC,1581184114567,2020-02-08T17:48:34.567Z,buy,1.175e-05,34.0,0.0003994999999999
NAV/BTC,1581184114567,2020-02-08T17:48:34.567Z,buy,1.179e-05,13.0,0.00015327
NAV/BTC,1581184114567,2020-02-08T17:48:34.567Z,buy,1.181e-05,14.0,0.00016534
NAV/BTC,1581184114567,2020-02-08T17:48:34.567Z,buy,1.182e-05,451.0,0.00533082
NAV/BTC,1581184114592,2020-02-08T17:48:34.592Z,buy,1.182e-05,39.0,0.00046098
NAV/BTC,1581184114834,2020-02-08T17:48:34.834Z,buy,1.182e-05,171.0,0.00202122
NAV/BTC,1581184115166,2020-02-08T17:48:35.166Z,buy,1.182e-05,426.0,0.00503532
NAV/BTC,1581184115290,2020-02-08T17:48:35.290Z,sell,1.174e-05,4788.0,0.0562111199999999
NAV/BTC,1581184115727,2020-02-08T17:48:35.727Z,sell,1.167e-05,526.0,0.00613842
NAV/BTC,1581184115895,2020-02-08T17:48:35.895Z,sell,1.175e-05,56.0,0.000658
NAV/BTC,1581184116169,2020-02-08T17:48:36.169Z,sell,1.167e-05,526.0,0.00613842
NAV/BTC,1581184116169,2020-02-08T17:48:36.169Z,sell,1.166e-05,579.0,0.00675114
NAV/BTC,1581184116589,2020-02-08T17:48:36.589Z,buy,1.18e-05,212.0,0.0025016
NAV/BTC,1581184117096,2020-02-08T17:48:37.096Z,sell,1.175e-05,14.0,0.0001645
NAV/BTC,1581184117250,2020-02-08T17:48:37.250Z,sell,1.175e-05,213.0,0.0025027499999999
NAV/BTC,1581184117685,2020-02-08T17:48:37.685Z,sell,1.172e-05,13.0,0.0001523599999999
NAV/BTC,1581184118112,2020-02-08T17:48:38.112Z,sell,1.169e-05,532.0,0.00621908
NAV/BTC,1581184168248,2020-02-08T17:49:28.248Z,sell,1.168e-05,14.0,0.00016352
NAV/BTC,1581184168248,2020-02-08T17:49:28.248Z,sell,1.167e-05,238.0,0.00277746
NAV/BTC,1581184168248,2020-02-08T17:49:28.248Z,sell,1.166e-05,122.0,0.00142252
NAV/BTC,1581184174355,2020-02-08T17:49:34.355Z,buy,1.175e-05,14.0,0.0001645
NAV/BTC,1581184174431,2020-02-08T17:49:34.431Z,sell,1.175e-05,174.0,0.0020445
NAV/BTC,1581184174627,2020-02-08T17:49:34.627Z,buy,1.178e-05,52.0,0.00061256
NAV/BTC,1581184175519,2020-02-08T17:49:35.519Z,sell,1.175e-05,278.0,0.0032665
NAV/BTC,1581184207187,2020-02-08T17:50:07.187Z,buy,1.177e-05,121.0,0.00142417
NAV/BTC,1581184207187,2020-02-08T17:50:07.187Z,buy,1.178e-05,740.0,0.0087172
NAV/BTC,1581184207187,2020-02-08T17:50:07.187Z,buy,1.179e-05,593.0,0.00699147
NAV/BTC,1581184207187,2020-02-08T17:50:07.187Z,buy,1.181e-05,427.0,0.00504287
NAV/BTC,1581184210962,2020-02-08T17:50:10.962Z,sell,1.175e-05,14.0,0.0001645
NAV/BTC,1581184216000,2020-02-08T17:50:16.000Z,buy,1.18e-05,34.0,0.0004012
NAV/BTC,1581184225176,2020-02-08T17:50:25.176Z,buy,1.181e-05,51.0,0.00060231
NAV/BTC,1581184231306,2020-02-08T17:50:31.306Z,sell,1.172e-05,13.0,0.0001523599999999
NAV/BTC,1581184231801,2020-02-08T17:50:31.801Z,sell,1.169e-05,360.0,0.0042084
NAV/BTC,1581184232279,2020-02-08T17:50:32.279Z,sell,1.169e-05,502.0,0.00586838
NAV/BTC,1581184239301,2020-02-08T17:50:39.301Z,sell,1.169e-05,85.0,0.00099365
NAV/BTC,1581184264415,2020-02-08T17:51:04.415Z,sell,1.172e-05,695.0,0.0081454
NAV/BTC,1581184264922,2020-02-08T17:51:04.922Z,sell,1.169e-05,836.0,0.00977284
NAV/BTC,1581184477118,2020-02-08T17:54:37.118Z,buy,1.175e-05,271.0,0.00318425
NAV/BTC,1581184507440,2020-02-08T17:55:07.440Z,buy,1.175e-05,424.0,0.0049819999999999
NAV/BTC,1581184507440,2020-02-08T17:55:07.440Z,buy,1.176e-05,469.0,0.00551544
NAV/BTC,1581184507440,2020-02-08T17:55:07.440Z,buy,1.177e-05,836.0,0.00983972
NAV/BTC,1581184507440,2020-02-08T17:55:07.440Z,buy,1.178e-05,85.0,0.0010013
NAV/BTC,1581184507440,2020-02-08T17:55:07.440Z,buy,1.179e-05,23.0,0.00027117
NAV/BTC,1581184507440,2020-02-08T17:55:07.440Z,buy,1.18e-05,43.0,0.0005074
NAV/BTC,1581184528364,2020-02-08T17:55:28.364Z,buy,1.18e-05,1069.0,0.0126142
NAV/BTC,1581184528478,2020-02-08T17:55:28.478Z,buy,1.18e-05,828.0,0.0097704
NAV/BTC,1581184528478,2020-02-08T17:55:28.478Z,buy,1.181e-05,14.0,0.00016534
NAV/BTC,1581184528478,2020-02-08T17:55:28.478Z,buy,1.182e-05,229.0,0.00270678
NAV/BTC,1581184530460,2020-02-08T17:55:30.460Z,sell,1.175e-05,14.0,0.0001645
NAV/BTC,1581184530949,2020-02-08T17:55:30.949Z,sell,1.172e-05,710.0,0.0083211999999999
NAV/BTC,1581184669381,2020-02-08T17:57:49.381Z,sell,1.174e-05,5418.0,0.06360732
NAV/BTC,1581184669806,2020-02-08T17:57:49.806Z,sell,1.173e-05,6870.0,0.0805850999999999
NAV/BTC,1581184670247,2020-02-08T17:57:50.247Z,sell,1.17e-05,4067.0,0.0475839
NAV/BTC,1581184678954,2020-02-08T17:57:58.954Z,sell,1.17e-05,270.0,0.003159
NAV/BTC,1581184699680,2020-02-08T17:58:19.680Z,buy,1.171e-05,536.0,0.00627656
NAV/BTC,1581184701624,2020-02-08T17:58:21.624Z,sell,1.17e-05,1083.0,0.0126711
NAV/BTC,1581184701624,2020-02-08T17:58:21.624Z,sell,1.17e-05,1083.0,0.0126711
NAV/BTC,1581184808433,2020-02-08T18:00:08.433Z,buy,1.179e-05,710.0,0.0083709
NAV/BTC,1581184808433,2020-02-08T18:00:08.433Z,buy,1.181e-05,1181.0,0.01394761
NAV/BTC,1581184809354,2020-02-08T18:00:09.354Z,sell,1.179e-05,16500.0,0.194535
NAV/BTC,1581184809800,2020-02-08T18:00:09.800Z,sell,1.171e-05,1844.0,0.02159324
NAV/BTC,1581184810224,2020-02-08T18:00:10.224Z,sell,1.172e-05,13.0,0.0001523599999999
NAV/BTC,1581184810224,2020-02-08T18:00:10.224Z,sell,1.17e-05,2246.0,0.0262781999999999
NAV/BTC,1581184810355,2020-02-08T18:00:10.355Z,sell,1.175e-05,14.0,0.0001645
NAV/BTC,1581185001349,2020-02-08T18:03:21.349Z,buy,1.175e-05,55.0,0.00064625
NAV/BTC,1581185001461,2020-02-08T18:03:21.461Z,sell,1.175e-05,800.0,0.0093999999999999
NAV/BTC,1581185002383,2020-02-08T18:03:22.383Z,sell,1.175e-05,421.0,0.00494675
NAV/BTC,1581185002887,2020-02-08T18:03:22.887Z,sell,1.168e-05,14.0,0.00016352
NAV/BTC,1581185108157,2020-02-08T18:05:08.157Z,buy,1.175e-05,14.0,0.0001645
NAV/BTC,1581185108157,2020-02-08T18:05:08.157Z,buy,1.179e-05,217.0,0.00255843
NAV/BTC,1581185108157,2020-02-08T18:05:08.157Z,buy,1.18e-05,1663.0,0.0196234
NAV/BTC,1581185156537,2020-02-08T18:05:56.537Z,buy,1.18e-05,621.0,0.0073278
NAV/BTC,1581185157472,2020-02-08T18:05:57.472Z,sell,1.18e-05,386.0,0.0045548
NAV/BTC,1581185157942,2020-02-08T18:05:57.942Z,sell,1.172e-05,13.0,0.0001523599999999
NAV/BTC,1581185158810,2020-02-08T18:05:58.810Z,sell,1.171e-05,9.0,0.0001053899999999
NAV/BTC,1581185195296,2020-02-08T18:06:35.296Z,sell,1.169e-05,33.0,0.00038577
NAV/BTC,1581185386048,2020-02-08T18:09:46.048Z,buy,1.175e-05,965.0,0.01133875
NAV/BTC,1581185386306,2020-02-08T18:09:46.306Z,buy,1.175e-05,3019.0,0.03547325
NAV/BTC,1581185390066,2020-02-08T18:09:50.066Z,sell,1.175e-05,1281.0,0.01505175
NAV/BTC,1581185403491,2020-02-08T18:10:03.491Z,sell,1.176e-05,4003.0,0.04707528
NAV/BTC,1581185403969,2020-02-08T18:10:03.969Z,sell,1.171e-05,526.0,0.0061594599999999
NAV/BTC,1581185443551,2020-02-08T18:10:43.551Z,sell,1.172e-05,526.0,0.0061647199999999
NAV/BTC,1581185443551,2020-02-08T18:10:43.551Z,sell,1.169e-05,4886.0,0.05711734
NAV/BTC,1581185452670,2020-02-08T18:10:52.670Z,buy,1.178e-05,33.0,0.00038874
NAV/BTC,1581185452670,2020-02-08T18:10:52.670Z,buy,1.179e-05,13.0,0.00015327
NAV/BTC,1581185452670,2020-02-08T18:10:52.670Z,buy,1.18e-05,10.0,0.000118
NAV/BTC,1581185495136,2020-02-08T18:11:35.136Z,buy,1.18e-05,394.0,0.0046492
NAV/BTC,1581185496299,2020-02-08T18:11:36.299Z,buy,1.18e-05,3308.0,0.0390344
NAV/BTC,1581185496474,2020-02-08T18:11:36.474Z,buy,1.18e-05,96.0,0.0011328
NAV/BTC,1581185496554,2020-02-08T18:11:36.554Z,buy,1.18e-05,785.0,0.009263
NAV/BTC,1581185497092,2020-02-08T18:11:37.092Z,buy,1.181e-05,14.0,0.00016534
NAV/BTC,1581185497092,2020-02-08T18:11:37.092Z,buy,1.183e-05,139.0,0.00164437
NAV/BTC,1581185497439,2020-02-08T18:11:37.439Z,sell,1.18e-05,3115.0,0.036757
NAV/BTC,1581185497946,2020-02-08T18:11:37.946Z,sell,1.173e-05,1610.0,0.0188853
NAV/BTC,1581185498604,2020-02-08T18:11:38.604Z,sell,1.173e-05,54.0,0.00063342
NAV/BTC,1581185500428,2020-02-08T18:11:40.428Z,sell,1.175e-05,14.0,0.0001645
NAV/BTC,1581185500933,2020-02-08T18:11:40.933Z,sell,1.172e-05,13.0,0.0001523599999999
NAV/BTC,1581185555743,2020-02-08T18:12:35.743Z,buy,1.178e-05,19.0,0.00022382
NAV/BTC,1581185568457,2020-02-08T18:12:48.457Z,sell,1.174e-05,234.0,0.00274716
NAV/BTC,1581185568950,2020-02-08T18:12:48.950Z,sell,1.169e-05,118.0,0.00137942
NAV/BTC,1581185625024,2020-02-08T18:13:45.024Z,buy,1.177e-05,686.0,0.00807422
NAV/BTC,1581185625024,2020-02-08T18:13:45.024Z,buy,1.178e-05,1208.0,0.01423024
NAV/BTC,1581185633010,2020-02-08T18:13:53.010Z,buy,1.179e-05,872.0,0.01028088
NAV/BTC,1581185633010,2020-02-08T18:13:53.010Z,buy,1.181e-05,1467.0,0.01732527
NAV/BTC,1581185633010,2020-02-08T18:13:53.010Z,buy,1.182e-05,1740.0,0.0205668
NAV/BTC,1581185633010,2020-02-08T18:13:53.010Z,buy,1.183e-05,5646.0,0.06679218
NAV/BTC,1581185633010,2020-02-08T18:13:53.010Z,buy,1.184e-05,2275.0,0.026936
NAV/BTC,1581185637583,2020-02-08T18:13:57.583Z,buy,1.184e-05,4487.0,0.05312608
NAV/BTC,1581185640226,2020-02-08T18:14:00.226Z,buy,1.186e-05,112.0,0.00132832
NAV/BTC,1581185653047,2020-02-08T18:14:13.047Z,buy,1.186e-05,4237.0,0.05025082
NAV/BTC,1581185653047,2020-02-08T18:14:13.047Z,buy,1.187e-05,5128.0,0.06086936
NAV/BTC,1581185653047,2020-02-08T18:14:13.047Z,buy,1.188e-05,4294.0,0.05101272
NAV/BTC,1581185658867,2020-02-08T18:14:18.867Z,sell,1.181e-05,14.0,0.00016534
NAV/BTC,1581185658867,2020-02-08T18:14:18.867Z,sell,1.179e-05,13.0,0.00015327
NAV/BTC,1581185658867,2020-02-08T18:14:18.867Z,sell,1.175e-05,14.0,0.0001645
NAV/BTC,1581185658867,2020-02-08T18:14:18.867Z,sell,1.172e-05,44.0,0.00051568
NAV/BTC,1581185658874,2020-02-08T18:14:18.874Z,sell,1.172e-05,341.0,0.00399652
NAV/BTC,1581185661728,2020-02-08T18:14:21.728Z,buy,1.181e-05,14.0,0.00016534
NAV/BTC,1581185662070,2020-02-08T18:14:22.070Z,buy,1.187e-05,202.0,0.0023977399999999
NAV/BTC,1581185662070,2020-02-08T18:14:22.070Z,buy,1.188e-05,12626.0,0.14999688
NAV/BTC,1581185662070,2020-02-08T18:14:22.070Z,buy,1.189e-05,1820.0,0.0216398
NAV/BTC,1581185662070,2020-02-08T18:14:22.070Z,buy,1.19e-05,5352.0,0.0636888
NAV/BTC,1581185662755,2020-02-08T18:14:22.755Z,buy,1.179e-05,13.0,0.00015327
NAV/BTC,1581185663844,2020-02-08T18:14:23.844Z,sell,1.178e-05,127.0,0.00149606
NAV/BTC,1581185663844,2020-02-08T18:14:23.844Z,sell,1.177e-05,128.0,0.00150656
NAV/BTC,1581185663844,2020-02-08T18:14:23.844Z,sell,1.176e-05,346.0,0.00406896
NAV/BTC,1581185673166,2020-02-08T18:14:33.166Z,sell,1.18e-05,49.0,0.0005782
NAV/BTC,1581185675553,2020-02-08T18:14:35.553Z,buy,1.185e-05,128.0,0.0015168
NAV/BTC,1581185675553,2020-02-08T18:14:35.553Z,buy,1.186e-05,311.0,0.00368846
NAV/BTC,1581185675553,2020-02-08T18:14:35.553Z,buy,1.187e-05,14.0,0.0001661799999999
NAV/BTC,1581185679139,2020-02-08T18:14:39.139Z,sell,1.187e-05,512.0,0.00607744
NAV/BTC,1581185681369,2020-02-08T18:14:41.369Z,buy,1.189e-05,902.0,0.01072478
NAV/BTC,1581185681369,2020-02-08T18:14:41.369Z,buy,1.19e-05,2683.0,0.0319276999999999
NAV/BTC,1581185682773,2020-02-08T18:14:42.773Z,sell,1.19e-05,10.0,0.0001189999999999
NAV/BTC,1581185683015,2020-02-08T18:14:43.015Z,sell,1.19e-05,1052.0,0.0125188
NAV/BTC,1581185683745,2020-02-08T18:14:43.745Z,sell,1.19e-05,27.0,0.0003213
NAV/BTC,1581185684659,2020-02-08T18:14:44.659Z,sell,1.19e-05,326.0,0.0038794
NAV/BTC,1581185684659,2020-02-08T18:14:44.659Z,sell,1.187e-05,3674.0,0.04361038
NAV/BTC,1581185685767,2020-02-08T18:14:45.767Z,sell,1.187e-05,255.0,0.0030268499999999
NAV/BTC,1581185685990,2020-02-08T18:14:45.990Z,buy,1.191e-05,1402.0,0.01669782
NAV/BTC,1581185685990,2020-02-08T18:14:45.990Z,buy,1.192e-05,3598.0,0.0428881599999999
NAV/BTC,1581185688740,2020-02-08T18:14:48.740Z,buy,1.192e-05,2544.0,0.0303244799999999
NAV/BTC,1581185688792,2020-02-08T18:14:48.792Z,buy,1.193e-05,1039.0,0.01239527
NAV/BTC,1581185688838,2020-02-08T18:14:48.838Z,buy,1.194e-05,10.0,0.0001193999999999
NAV/BTC,1581185689394,2020-02-08T18:14:49.394Z,sell,1.192e-05,2456.0,0.02927552
NAV/BTC,1581185689800,2020-02-08T18:14:49.800Z,sell,1.188e-05,831.0,0.00987228
NAV/BTC,1581185689800,2020-02-08T18:14:49.800Z,sell,1.187e-05,1956.0,0.02321772
NAV/BTC,1581185690201,2020-02-08T18:14:50.201Z,sell,1.186e-05,13.0,0.00015418
NAV/BTC,1581185691076,2020-02-08T18:14:51.076Z,sell,1.187e-05,14.0,0.0001661799999999
NAV/BTC,1581185691076,2020-02-08T18:14:51.076Z,sell,1.184e-05,9.0,0.00010656
NAV/BTC,1581185691076,2020-02-08T18:14:51.076Z,sell,1.183e-05,19.0,0.00022477
NAV/BTC,1581185691093,2020-02-08T18:14:51.093Z,sell,1.183e-05,425.0,0.00502775
NAV/BTC,1581185691176,2020-02-08T18:14:51.176Z,sell,1.184e-05,95.0,0.0011248
NAV/BTC,1581185693325,2020-02-08T18:14:53.325Z,buy,1.189e-05,214.0,0.00254446
NAV/BTC,1581185693325,2020-02-08T18:14:53.325Z,buy,1.192e-05,13.0,0.00015496
NAV/BTC,1581185693352,2020-02-08T18:14:53.352Z,buy,1.193e-05,482.0,0.0057502599999999
NAV/BTC,1581185693442,2020-02-08T18:14:53.442Z,buy,1.194e-05,95.0,0.0011343
NAV/BTC,1581185694444,2020-02-08T18:14:54.444Z,buy,1.195e-05,10.0,0.0001195
NAV/BTC,1581185695403,2020-02-08T18:14:55.403Z,sell,1.192e-05,2263.0,0.02697496
NAV/BTC,1581185704836,2020-02-08T18:15:04.836Z,sell,1.192e-05,2000.0,0.02384
NAV/BTC,1581185708117,2020-02-08T18:15:08.117Z,sell,1.193e-05,1740.0,0.0207581999999999
NAV/BTC,1581185711364,2020-02-08T18:15:11.364Z,buy,1.197e-05,2471.0,0.02957787
NAV/BTC,1581185711381,2020-02-08T18:15:11.381Z,sell,1.197e-05,488.0,0.00584136
NAV/BTC,1581185711662,2020-02-08T18:15:11.662Z,sell,1.197e-05,96.0,0.00114912
NAV/BTC,1581185712038,2020-02-08T18:15:12.038Z,sell,1.197e-05,489.0,0.00585333
NAV/BTC,1581185712454,2020-02-08T18:15:12.454Z,buy,1.198e-05,73.0,0.00087454
NAV/BTC,1581185712464,2020-02-08T18:15:12.464Z,sell,1.197e-05,488.0,0.00584136
NAV/BTC,1581185713456,2020-02-08T18:15:13.456Z,buy,1.199e-05,177.0,0.00212223
NAV/BTC,1581185714456,2020-02-08T18:15:14.456Z,buy,1.2e-05,449.0,0.005388
NAV/BTC,1581185715445,2020-02-08T18:15:15.445Z,buy,1.2e-05,489.0,0.005868
NAV/BTC,1581185720382,2020-02-08T18:15:20.382Z,sell,1.197e-05,2000.0,0.02394
NAV/BTC,1581185725009,2020-02-08T18:15:25.009Z,buy,1.2e-05,222.0,0.002664
NAV/BTC,1581185725009,2020-02-08T18:15:25.009Z,buy,1.201e-05,1800.0,0.021618
NAV/BTC,1581185725988,2020-02-08T18:15:25.988Z,buy,1.203e-05,149.0,0.00179247
NAV/BTC,1581185726308,2020-02-08T18:15:26.308Z,buy,1.203e-05,245.0,0.00294735
NAV/BTC,1581185727243,2020-02-08T18:15:27.243Z,sell,1.201e-05,2000.0,0.02402
NAV/BTC,1581185727834,2020-02-08T18:15:27.834Z,buy,1.203e-05,60.0,0.0007218
NAV/BTC,1581185728769,2020-02-08T18:15:28.769Z,sell,1.203e-05,10.0,0.0001203
NAV/BTC,1581185730592,2020-02-08T18:15:30.592Z,sell,1.203e-05,274.0,0.00329622
NAV/BTC,1581185738575,2020-02-08T18:15:38.575Z,sell,1.201e-05,500.0,0.006005
NAV/BTC,1581185738685,2020-02-08T18:15:38.685Z,buy,1.204e-05,978.0,0.01177512
NAV/BTC,1581185738685,2020-02-08T18:15:38.685Z,buy,1.205e-05,10.0,0.0001205
NAV/BTC,1581185738685,2020-02-08T18:15:38.685Z,buy,1.206e-05,69.0,0.00083214
NAV/BTC,1581185738685,2020-02-08T18:15:38.685Z,buy,1.207e-05,10.0,0.0001206999999999
NAV/BTC,1581185738685,2020-02-08T18:15:38.685Z,buy,1.209e-05,10.0,0.0001209
NAV/BTC,1581185738685,2020-02-08T18:15:38.685Z,buy,1.21e-05,1010.0,0.012221
NAV/BTC,1581185738804,2020-02-08T18:15:38.804Z,buy,1.21e-05,13681.0,0.1655401
NAV/BTC,1581185738804,2020-02-08T18:15:38.804Z,buy,1.211e-05,3543.0,0.0429057299999999
NAV/BTC,1581185740954,2020-02-08T18:15:40.954Z,sell,1.205e-05,500.0,0.006025
NAV/BTC,1581185743600,2020-02-08T18:15:43.600Z,sell,1.205e-05,3948.0,0.0475734
NAV/BTC,1581185745011,2020-02-08T18:15:45.011Z,buy,1.21e-05,11.0,0.0001330999999999
NAV/BTC,1581185746676,2020-02-08T18:15:46.676Z,buy,1.21e-05,388.0,0.0046948
NAV/BTC,1581185747285,2020-02-08T18:15:47.285Z,sell,1.21e-05,814.0,0.0098494
NAV/BTC,1581185747918,2020-02-08T18:15:47.918Z,sell,1.21e-05,500.0,0.00605
NAV/BTC,1581185747966,2020-02-08T18:15:47.966Z,sell,1.21e-05,523.0,0.0063282999999999
NAV/BTC,1581185748517,2020-02-08T18:15:48.517Z,buy,1.211e-05,513.0,0.00621243
NAV/BTC,1581185756297,2020-02-08T18:15:56.297Z,buy,1.209e-05,399.0,0.00482391
NAV/BTC,1581185756297,2020-02-08T18:15:56.297Z,buy,1.21e-05,4448.0,0.0538207999999999
NAV/BTC,1581185756297,2020-02-08T18:15:56.297Z,buy,1.211e-05,378.0,0.0045775799999999
NAV/BTC,1581185759476,2020-02-08T18:15:59.476Z,buy,1.211e-05,206.0,0.0024946599999999
NAV/BTC,1581185760642,2020-02-08T18:16:00.642Z,sell,1.203e-05,500.0,0.006015
NAV/BTC,1581185765028,2020-02-08T18:16:05.028Z,buy,1.205e-05,544.0,0.0065552
NAV/BTC,1581185765138,2020-02-08T18:16:05.138Z,sell,1.203e-05,500.0,0.006015
NAV/BTC,1581185767664,2020-02-08T18:16:07.664Z,sell,1.203e-05,500.0,0.006015
NAV/BTC,1581185769281,2020-02-08T18:16:09.281Z,sell,1.203e-05,4636.0,0.05577108
NAV/BTC,1581185769281,2020-02-08T18:16:09.281Z,sell,1.202e-05,1727.0,0.02075854
NAV/BTC,1581185771593,2020-02-08T18:16:11.593Z,buy,1.203e-05,500.0,0.006015
NAV/BTC,1581185781291,2020-02-08T18:16:21.291Z,sell,1.201e-05,2556.0,0.03069756
NAV/BTC,1581185781291,2020-02-08T18:16:21.291Z,sell,1.199e-05,27.0,0.00032373
NAV/BTC,1581185781325,2020-02-08T18:16:21.325Z,buy,1.199e-05,2791.0,0.03346409
NAV/BTC,1581185783593,2020-02-08T18:16:23.593Z,buy,1.201e-05,314.0,0.00377114
NAV/BTC,1581185791364,2020-02-08T18:16:31.364Z,sell,1.198e-05,516.0,0.00618168
NAV/BTC,1581185818831,2020-02-08T18:16:58.831Z,sell,1.199e-05,417.0,0.00499983
NAV/BTC,1581185828340,2020-02-08T18:17:08.340Z,sell,1.199e-05,186.0,0.00223014
NAV/BTC,1581185838068,2020-02-08T18:17:18.068Z,buy,1.204e-05,17.0,0.00020468
NAV/BTC,1581185844796,2020-02-08T18:17:24.796Z,buy,1.204e-05,39.0,0.00046956
NAV/BTC,1581185904592,2020-02-08T18:18:24.592Z,sell,1.199e-05,240.0,0.0028776
NAV/BTC,1581185904592,2020-02-08T18:18:24.592Z,sell,1.198e-05,260.0,0.0031148
NAV/BTC,1581185911436,2020-02-08T18:18:31.436Z,sell,1.198e-05,500.0,0.00599
NAV/BTC,1581185917904,2020-02-08T18:18:37.904Z,sell,1.198e-05,500.0,0.00599
NAV/BTC,1581185918594,2020-02-08T18:18:38.594Z,buy,1.202e-05,1117.0,0.01342634
NAV/BTC,1581185918594,2020-02-08T18:18:38.594Z,buy,1.203e-05,1727.0,0.02077581
NAV/BTC,1581185918594,2020-02-08T18:18:38.594Z,buy,1.204e-05,3985.0,0.0479794
NAV/BTC,1581185926541,2020-02-08T18:18:46.541Z,buy,1.206e-05,27.0,0.00032562
NAV/BTC,1581185926541,2020-02-08T18:18:46.541Z,buy,1.207e-05,122.0,0.00147254
NAV/BTC,1581185927809,2020-02-08T18:18:47.809Z,sell,1.204e-05,171.0,0.00205884
NAV/BTC,1581185968602,2020-02-08T18:19:28.602Z,sell,1.2e-05,173.0,0.002076
NAV/BTC,1581186016355,2020-02-08T18:20:16.355Z,sell,1.2e-05,693.0,0.008316
NAV/BTC,1581186097549,2020-02-08T18:21:37.549Z,buy,1.2e-05,273.0,0.003276
NAV/BTC,1581186108220,2020-02-08T18:21:48.220Z,buy,1.2e-05,162.0,0.001944
NAV/BTC,1581186159685,2020-02-08T18:22:39.685Z,sell,1.2e-05,1000.0,0.012
NAV/BTC,1581186184238,2020-02-08T18:23:04.238Z,sell,1.201e-05,378.0,0.00453978
NAV/BTC,1581186198939,2020-02-08T18:23:18.939Z,sell,1.201e-05,1000.0,0.01201
NAV/BTC,1581186210709,2020-02-08T18:23:30.709Z,sell,1.201e-05,1068.0,0.01282668
NAV/BTC,1581186214459,2020-02-08T18:23:34.459Z,sell,1.201e-05,605.0,0.00726605
NAV/BTC,1581186214459,2020-02-08T18:23:34.459Z,sell,1.2e-05,53.0,0.000636
NAV/BTC,1581186214523,2020-02-08T18:23:34.523Z,sell,1.199e-05,258.0,0.00309342
NAV/BTC,1581186215522,2020-02-08T18:23:35.522Z,sell,1.198e-05,479.0,0.00573842
NAV/BTC,1581186221329,2020-02-08T18:23:41.329Z,sell,1.197e-05,442.0,0.00529074
NAV/BTC,1581186221329,2020-02-08T18:23:41.329Z,sell,1.195e-05,10.0,0.0001195
NAV/BTC,1581186221329,2020-02-08T18:23:41.329Z,sell,1.193e-05,974.0,0.01161982
NAV/BTC,1581186222189,2020-02-08T18:23:42.189Z,sell,1.194e-05,5111.0,0.06102534
NAV/BTC,1581186222192,2020-02-08T18:23:42.192Z,sell,1.194e-05,43.0,0.00051342
NAV/BTC,1581186233753,2020-02-08T18:23:53.753Z,sell,1.193e-05,26.0,0.0003101799999999
NAV/BTC,1581186244210,2020-02-08T18:24:04.210Z,sell,1.195e-05,526.0,0.0062857
NAV/BTC,1581186246931,2020-02-08T18:24:06.931Z,sell,1.193e-05,310.0,0.0036983
NAV/BTC,1581186252422,2020-02-08T18:24:12.422Z,buy,1.199e-05,14.0,0.00016786
NAV/BTC,1581186252422,2020-02-08T18:24:12.422Z,buy,1.202e-05,187.0,0.00224774
NAV/BTC,1581186258454,2020-02-08T18:24:18.454Z,sell,1.195e-05,426.0,0.0050907
NAV/BTC,1581186258585,2020-02-08T18:24:18.585Z,sell,1.195e-05,170.0,0.0020315
NAV/BTC,1581186309428,2020-02-08T18:25:09.428Z,buy,1.202e-05,254.0,0.00305308
NAV/BTC,1581186309428,2020-02-08T18:25:09.428Z,buy,1.204e-05,693.0,0.00834372
NAV/BTC,1581186309428,2020-02-08T18:25:09.428Z,buy,1.205e-05,384.0,0.0046272
NAV/BTC,1581186444253,2020-02-08T18:27:24.253Z,buy,1.202e-05,760.0,0.0091352
NAV/BTC,1581186465797,2020-02-08T18:27:45.797Z,sell,1.202e-05,1000.0,0.01202
NAV/BTC,1581186480859,2020-02-08T18:28:00.859Z,sell,1.202e-05,1240.0,0.0149048
NAV/BTC,1581186615071,2020-02-08T18:30:15.071Z,sell,1.198e-05,71.0,0.00085058
NAV/BTC,1581186620104,2020-02-08T18:30:20.104Z,sell,1.198e-05,751.0,0.00899698
NAV/BTC,1581186657527,2020-02-08T18:30:57.527Z,buy,1.198e-05,1859.0,0.02227082
NAV/BTC,1581186791521,2020-02-08T18:33:11.521Z,sell,1.198e-05,2223.0,0.02663154
NAV/BTC,1581187029239,2020-02-08T18:37:09.239Z,sell,1.199e-05,149.0,0.00178651
NAV/BTC,1581187262216,2020-02-08T18:41:02.216Z,sell,1.199e-05,150.0,0.0017985
NAV/BTC,1581187305428,2020-02-08T18:41:45.428Z,sell,1.199e-05,230.0,0.0027577
NAV/BTC,1581187305428,2020-02-08T18:41:45.428Z,sell,1.198e-05,69.0,0.00082662
NAV/BTC,1581187322126,2020-02-08T18:42:02.126Z,sell,1.198e-05,849.0,0.01017102
NAV/BTC,1581187322126,2020-02-08T18:42:02.126Z,sell,1.197e-05,3010.0,0.0360297
NAV/BTC,1581187322126,2020-02-08T18:42:02.126Z,sell,1.194e-05,487.0,0.0058147799999999
NAV/BTC,1581187322126,2020-02-08T18:42:02.126Z,sell,1.193e-05,6521.0,0.07779553
NAV/BTC,1581187322126,2020-02-08T18:42:02.126Z,sell,1.192e-05,4023.0,0.0479541599999999
NAV/BTC,1581187322126,2020-02-08T18:42:02.126Z,sell,1.191e-05,1533.0,0.0182580299999999
NAV/BTC,1581187322166,2020-02-08T18:42:02.166Z,sell,1.19e-05,4174.0,0.0496705999999999
NAV/BTC,1581187322223,2020-02-08T18:42:02.223Z,sell,1.19e-05,10.0,0.0001189999999999
NAV/BTC,1581187323218,2020-02-08T18:42:03.218Z,sell,1.189e-05,10.0,0.0001188999999999
NAV/BTC,1581187324291,2020-02-08T18:42:04.291Z,sell,1.188e-05,10.0,0.0001188
NAV/BTC,1581187325313,2020-02-08T18:42:05.313Z,sell,1.187e-05,47.0,0.00055789
NAV/BTC,1581187334048,2020-02-08T18:42:14.048Z,sell,1.187e-05,135.0,0.00160245
NAV/BTC,1581187334048,2020-02-08T18:42:14.048Z,sell,1.186e-05,23.0,0.00027278
NAV/BTC,1581187334048,2020-02-08T18:42:14.048Z,sell,1.185e-05,10.0,0.0001185
NAV/BTC,1581187334048,2020-02-08T18:42:14.048Z,sell,1.184e-05,19.0,0.00022496
NAV/BTC,1581187334067,2020-02-08T18:42:14.067Z,sell,1.184e-05,21.0,0.00024864
NAV/BTC,1581187334073,2020-02-08T18:42:14.073Z,sell,1.184e-05,412.0,0.00487808
NAV/BTC,1581187334073,2020-02-08T18:42:14.073Z,sell,1.182e-05,20.0,0.0002364
NAV/BTC,1581187334073,2020-02-08T18:42:14.073Z,sell,1.181e-05,14.0,0.00016534
NAV/BTC,1581187334073,2020-02-08T18:42:14.073Z,sell,1.18e-05,65.0,0.000767
NAV/BTC,1581187334836,2020-02-08T18:42:14.836Z,sell,1.181e-05,106.0,0.00125186
NAV/BTC,1581187367031,2020-02-08T18:42:47.031Z,sell,1.181e-05,1176.0,0.01388856
NAV/BTC,1581187367031,2020-02-08T18:42:47.031Z,sell,1.179e-05,13.0,0.00015327
NAV/BTC,1581187367031,2020-02-08T18:42:47.031Z,sell,1.178e-05,573.0,0.00674994
NAV/BTC,1581187367031,2020-02-08T18:42:47.031Z,sell,1.177e-05,741.0,0.00872157
NAV/BTC,1581187367031,2020-02-08T18:42:47.031Z,sell,1.176e-05,1357.0,0.0159583199999999
NAV/BTC,1581187367031,2020-02-08T18:42:47.031Z,sell,1.175e-05,4421.0,0.05194675
NAV/BTC,1581187367880,2020-02-08T18:42:47.880Z,buy,1.175e-05,169.0,0.0019857499999999
NAV/BTC,1581187369051,2020-02-08T18:42:49.051Z,buy,1.175e-05,10.0,0.0001175
NAV/BTC,1581187380697,2020-02-08T18:43:00.697Z,buy,1.181e-05,14.0,0.00016534
NAV/BTC,1581187380697,2020-02-08T18:43:00.697Z,buy,1.183e-05,360.0,0.0042588
NAV/BTC,1581187381653,2020-02-08T18:43:01.653Z,buy,1.183e-05,36.0,0.00042588
NAV/BTC,1581187382659,2020-02-08T18:43:02.659Z,buy,1.183e-05,32.0,0.00037856
NAV/BTC,1581187387505,2020-02-08T18:43:07.505Z,sell,1.181e-05,3967.0,0.04685027
NAV/BTC,1581187387505,2020-02-08T18:43:07.505Z,sell,1.175e-05,14.0,0.0001645
NAV/BTC,1581187387505,2020-02-08T18:43:07.505Z,sell,1.174e-05,3170.0,0.0372158
NAV/BTC,1581187387955,2020-02-08T18:43:07.955Z,sell,1.172e-05,33.0,0.00038676
NAV/BTC,1581187388019,2020-02-08T18:43:08.019Z,sell,1.171e-05,1000.0,0.01171
NAV/BTC,1581187388019,2020-02-08T18:43:08.019Z,sell,1.17e-05,452.0,0.0052883999999999
NAV/BTC,1581187388019,2020-02-08T18:43:08.019Z,sell,1.169e-05,1114.0,0.01302266
NAV/BTC,1581187388019,2020-02-08T18:43:08.019Z,sell,1.168e-05,1608.0,0.01878144
NAV/BTC,1581187388748,2020-02-08T18:43:08.748Z,buy,1.173e-05,52.0,0.00060996
NAV/BTC,1581187389158,2020-02-08T18:43:09.158Z,buy,1.173e-05,3698.0,0.04337754
NAV/BTC,1581187389158,2020-02-08T18:43:09.158Z,buy,1.174e-05,2214.0,0.02599236
NAV/BTC,1581187390199,2020-02-08T18:43:10.199Z,buy,1.173e-05,96.0,0.00112608
NAV/BTC,1581187392194,2020-02-08T18:43:12.194Z,buy,1.173e-05,96.0,0.00112608
NAV/BTC,1581187395729,2020-02-08T18:43:15.729Z,buy,1.173e-05,1376.0,0.01614048
NAV/BTC,1581187395729,2020-02-08T18:43:15.729Z,buy,1.174e-05,15480.0,0.1817351999999999
NAV/BTC,1581187398051,2020-02-08T18:43:18.051Z,buy,1.174e-05,268.0,0.0031463199999999
NAV/BTC,1581187401147,2020-02-08T18:43:21.147Z,sell,1.17e-05,52.0,0.0006084
NAV/BTC,1581187401147,2020-02-08T18:43:21.147Z,sell,1.168e-05,2070.0,0.0241776
NAV/BTC,1581187412287,2020-02-08T18:43:32.287Z,buy,1.175e-05,14.0,0.0001645
NAV/BTC,1581187412287,2020-02-08T18:43:32.287Z,buy,1.176e-05,19.0,0.00022344
NAV/BTC,1581187412287,2020-02-08T18:43:32.287Z,buy,1.178e-05,604.0,0.00711512
NAV/BTC,1581187412287,2020-02-08T18:43:32.287Z,buy,1.179e-05,13.0,0.00015327
NAV/BTC,1581187412287,2020-02-08T18:43:32.287Z,buy,1.18e-05,2222.0,0.0262196
NAV/BTC,1581187412287,2020-02-08T18:43:32.287Z,buy,1.181e-05,14.0,0.00016534
NAV/BTC,1581187416662,2020-02-08T18:43:36.662Z,sell,1.181e-05,2159.0,0.02549779
NAV/BTC,1581187418858,2020-02-08T18:43:38.858Z,sell,1.175e-05,14.0,0.0001645
NAV/BTC,1581187430958,2020-02-08T18:43:50.958Z,sell,1.175e-05,53.0,0.0006227499999999
NAV/BTC,1581187431031,2020-02-08T18:43:51.031Z,buy,1.174e-05,12766.0,0.1498728399999999
NAV/BTC,1581187435189,2020-02-08T18:43:55.189Z,buy,1.174e-05,5000.0,0.0586999999999999
NAV/BTC,1581187439423,2020-02-08T18:43:59.423Z,buy,1.174e-05,8000.0,0.0939199999999999
NAV/BTC,1581187439693,2020-02-08T18:43:59.693Z,buy,1.174e-05,4800.0,0.056352
NAV/BTC,1581187443357,2020-02-08T18:44:03.357Z,buy,1.174e-05,9000.0,0.1056599999999999
NAV/BTC,1581187444006,2020-02-08T18:44:04.006Z,buy,1.174e-05,8497.0,0.09975478
NAV/BTC,1581187444026,2020-02-08T18:44:04.026Z,buy,1.174e-05,793.0,0.00930982
NAV/BTC,1581187444143,2020-02-08T18:44:04.143Z,buy,1.174e-05,3329.0,0.03908246
NAV/BTC,1581187507326,2020-02-08T18:45:07.326Z,sell,1.175e-05,709.0,0.00833075
NAV/BTC,1581187507326,2020-02-08T18:45:07.326Z,sell,1.174e-05,1067.0,0.0125265799999999
NAV/BTC,1581187593134,2020-02-08T18:46:33.134Z,buy,1.181e-05,723.0,0.00853863
NAV/BTC,1581187593134,2020-02-08T18:46:33.134Z,buy,1.182e-05,693.0,0.00819126
NAV/BTC,1581187595682,2020-02-08T18:46:35.682Z,buy,1.182e-05,23.0,0.00027186
NAV/BTC,1581187688628,2020-02-08T18:48:08.628Z,buy,1.181e-05,56.0,0.00066136
NAV/BTC,1581187726304,2020-02-08T18:48:46.304Z,sell,1.176e-05,15.0,0.0001763999999999
NAV/BTC,1581187734894,2020-02-08T18:48:54.894Z,sell,1.176e-05,20.0,0.0002351999999999
NAV/BTC,1581187795050,2020-02-08T18:49:55.050Z,buy,1.181e-05,112.0,0.00132272
NAV/BTC,1581187795050,2020-02-08T18:49:55.050Z,buy,1.182e-05,3939.0,0.04655898
NAV/BTC,1581187795050,2020-02-08T18:49:55.050Z,buy,1.183e-05,2556.0,0.03023748
NAV/BTC,1581187795050,2020-02-08T18:49:55.050Z,buy,1.184e-05,1097.0,0.01298848
NAV/BTC,1581187795050,2020-02-08T18:49:55.050Z,buy,1.186e-05,58.0,0.00068788
NAV/BTC,1581187795050,2020-02-08T18:49:55.050Z,buy,1.187e-05,172.0,0.00204164
NAV/BTC,1581187795073,2020-02-08T18:49:55.073Z,sell,1.19e-05,1685.0,0.0200515
NAV/BTC,1581187795460,2020-02-08T18:49:55.460Z,sell,1.19e-05,1685.0,0.0200515
NAV/BTC,1581187795481,2020-02-08T18:49:55.481Z,sell,1.19e-05,814.0,0.0096866
NAV/BTC,1581187795513,2020-02-08T18:49:55.513Z,sell,1.19e-05,96.0,0.0011424
NAV/BTC,1581187795646,2020-02-08T18:49:55.646Z,sell,1.19e-05,446.0,0.0053073999999999
NAV/BTC,1581187798126,2020-02-08T18:49:58.126Z,buy,1.185e-05,10.0,0.0001185
NAV/BTC,1581187822834,2020-02-08T18:50:22.834Z,buy,1.187e-05,10.0,0.0001187
NAV/BTC,1581187822834,2020-02-08T18:50:22.834Z,buy,1.189e-05,10.0,0.0001188999999999
NAV/BTC,1581187822834,2020-02-08T18:50:22.834Z,buy,1.191e-05,10.0,0.0001191
NAV/BTC,1581187822834,2020-02-08T18:50:22.834Z,buy,1.192e-05,136.0,0.00162112
NAV/BTC,1581187828124,2020-02-08T18:50:28.124Z,sell,1.186e-05,10.0,0.0001186
NAV/BTC,1581187834419,2020-02-08T18:50:34.419Z,sell,1.186e-05,3.0,3.558e-05
NAV/BTC,1581187834419,2020-02-08T18:50:34.419Z,sell,1.181e-05,87.0,0.00102747
NAV/BTC,1581187853843,2020-02-08T18:50:53.843Z,buy,1.187e-05,14.0,0.0001661799999999
NAV/BTC,1581187860268,2020-02-08T18:51:00.268Z,buy,1.192e-05,13.0,0.00015496
NAV/BTC,1581187863472,2020-02-08T18:51:03.472Z,sell,1.192e-05,56.0,0.00066752
NAV/BTC,1581187863488,2020-02-08T18:51:03.488Z,sell,1.192e-05,4003.0,0.0477157599999999
NAV/BTC,1581187863492,2020-02-08T18:51:03.492Z,sell,1.192e-05,17.0,0.00020264
NAV/BTC,1581187863493,2020-02-08T18:51:03.493Z,sell,1.192e-05,5911.0,0.07045912
NAV/BTC,1581187877972,2020-02-08T18:51:17.972Z,buy,1.193e-05,49.0,0.00058457
NAV/BTC,1581187880957,2020-02-08T18:51:20.957Z,sell,1.187e-05,14.0,0.0001661799999999
NAV/BTC,1581187899026,2020-02-08T18:51:39.026Z,buy,1.191e-05,8000.0,0.0952799999999999
NAV/BTC,1581187912964,2020-02-08T18:51:52.964Z,buy,1.193e-05,14.0,0.0001670199999999
NAV/BTC,1581187915046,2020-02-08T18:51:55.046Z,sell,1.193e-05,1087.0,0.01296791
NAV/BTC,1581187916036,2020-02-08T18:51:56.036Z,sell,1.193e-05,495.0,0.0059053499999999
NAV/BTC,1581187916628,2020-02-08T18:51:56.628Z,sell,1.193e-05,39.0,0.00046527
NAV/BTC,1581187916733,2020-02-08T18:51:56.733Z,sell,1.193e-05,268.0,0.0031972399999999
NAV/BTC,1581187916843,2020-02-08T18:51:56.843Z,sell,1.193e-05,166.0,0.00198038
NAV/BTC,1581187948250,2020-02-08T18:52:28.250Z,sell,1.188e-05,198.0,0.00235224
NAV/BTC,1581187948250,2020-02-08T18:52:28.250Z,sell,1.187e-05,14.0,0.0001661799999999
NAV/BTC,1581187948250,2020-02-08T18:52:28.250Z,sell,1.186e-05,13.0,0.00015418
NAV/BTC,1581187948250,2020-02-08T18:52:28.250Z,sell,1.183e-05,75.0,0.00088725
NAV/BTC,1581188016152,2020-02-08T18:53:36.152Z,buy,1.192e-05,13.0,0.00015496
NAV/BTC,1581188016152,2020-02-08T18:53:36.152Z,buy,1.193e-05,14.0,0.0001670199999999
NAV/BTC,1581188019528,2020-02-08T18:53:39.528Z,sell,1.193e-05,201.0,0.00239793
NAV/BTC,1581188019529,2020-02-08T18:53:39.529Z,sell,1.193e-05,245.0,0.00292285
NAV/BTC,1581188019534,2020-02-08T18:53:39.534Z,sell,1.193e-05,206.0,0.00245758
NAV/BTC,1581188019542,2020-02-08T18:53:39.542Z,sell,1.193e-05,821.0,0.00979453
NAV/BTC,1581188039343,2020-02-08T18:53:59.343Z,sell,1.193e-05,2184.0,0.0260551199999999
NAV/BTC,1581188039351,2020-02-08T18:53:59.351Z,sell,1.193e-05,2816.0,0.03359488
NAV/BTC,1581188117828,2020-02-08T18:55:17.828Z,buy,1.193e-05,551.0,0.00657343
NAV/BTC,1581188157144,2020-02-08T18:55:57.144Z,sell,1.187e-05,14.0,0.0001661799999999
NAV/BTC,1581188157144,2020-02-08T18:55:57.144Z,sell,1.186e-05,13.0,0.00015418
NAV/BTC,1581188157144,2020-02-08T18:55:57.144Z,sell,1.185e-05,223.0,0.00264255
NAV/BTC,1581188161283,2020-02-08T18:56:01.283Z,buy,1.192e-05,13.0,0.00015496
NAV/BTC,1581188161283,2020-02-08T18:56:01.283Z,buy,1.193e-05,825.0,0.0098422499999999
NAV/BTC,1581188254827,2020-02-08T18:57:34.827Z,sell,1.186e-05,13.0,0.00015418
NAV/BTC,1581188254827,2020-02-08T18:57:34.827Z,sell,1.185e-05,114.0,0.0013509
NAV/BTC,1581188254827,2020-02-08T18:57:34.827Z,sell,1.183e-05,467.0,0.00552461
NAV/BTC,1581188254827,2020-02-08T18:57:34.827Z,sell,1.182e-05,682.0,0.00806124
NAV/BTC,1581188272769,2020-02-08T18:57:52.769Z,sell,1.183e-05,191.0,0.00225953
NAV/BTC,1581188278377,2020-02-08T18:57:58.377Z,sell,1.183e-05,1214.0,0.01436162
NAV/BTC,1581188278377,2020-02-08T18:57:58.377Z,sell,1.183e-05,1214.0,0.01436162
NAV/BTC,1581188320810,2020-02-08T18:58:40.810Z,sell,1.185e-05,5000.0,0.05925
NAV/BTC,1581188322841,2020-02-08T18:58:42.841Z,sell,1.183e-05,140.0,0.0016562
NAV/BTC,1581188406304,2020-02-08T19:00:06.304Z,sell,1.183e-05,1800.0,0.021294
NAV/BTC,1581188407060,2020-02-08T19:00:07.060Z,buy,1.192e-05,13.0,0.00015496
NAV/BTC,1581188407060,2020-02-08T19:00:07.060Z,buy,1.193e-05,14.0,0.0001670199999999
NAV/BTC,1581188407060,2020-02-08T19:00:07.060Z,buy,1.195e-05,216.0,0.0025812
NAV/BTC,1581188448513,2020-02-08T19:00:48.513Z,buy,1.195e-05,1422.0,0.0169929
NAV/BTC,1581188600529,2020-02-08T19:03:20.529Z,sell,1.187e-05,14.0,0.0001661799999999
NAV/BTC,1581188600529,2020-02-08T19:03:20.529Z,sell,1.186e-05,13.0,0.00015418
NAV/BTC,1581188600529,2020-02-08T19:03:20.529Z,sell,1.185e-05,524.0,0.0062094
NAV/BTC,1581188649897,2020-02-08T19:04:09.897Z,buy,1.192e-05,13.0,0.00015496
NAV/BTC,1581188700022,2020-02-08T19:05:00.022Z,sell,1.192e-05,990.0,0.0118008
NAV/BTC,1581188700024,2020-02-08T19:05:00.024Z,sell,1.192e-05,194.0,0.00231248
NAV/BTC,1581188700033,2020-02-08T19:05:00.033Z,sell,1.192e-05,1861.0,0.0221831199999999
NAV/BTC,1581188700118,2020-02-08T19:05:00.118Z,buy,1.189e-05,49.0,0.00058261
NAV/BTC,1581188755142,2020-02-08T19:05:55.142Z,sell,1.186e-05,13.0,0.00015418
NAV/BTC,1581188755142,2020-02-08T19:05:55.142Z,sell,1.185e-05,333.0,0.00394605
NAV/BTC,1581188834801,2020-02-08T19:07:14.801Z,sell,1.187e-05,280.0,0.0033236
NAV/BTC,1581188971238,2020-02-08T19:09:31.238Z,sell,1.188e-05,536.0,0.00636768
NAV/BTC,1581188971238,2020-02-08T19:09:31.238Z,sell,1.187e-05,4720.0,0.0560264
NAV/BTC,1581188989000,2020-02-08T19:09:49.000Z,sell,1.185e-05,105.0,0.00124425
NAV/BTC,1581189022536,2020-02-08T19:10:22.536Z,sell,1.185e-05,55.0,0.00065175
NAV/BTC,1581189147012,2020-02-08T19:12:27.012Z,sell,1.185e-05,1295.0,0.01534575
NAV/BTC,1581189147012,2020-02-08T19:12:27.012Z,sell,1.184e-05,2533.0,0.02999072
NAV/BTC,1581189246148,2020-02-08T19:14:06.148Z,sell,1.183e-05,2000.0,0.02366
NAV/BTC,1581189257895,2020-02-08T19:14:17.895Z,sell,1.181e-05,1278.0,0.01509318
NAV/BTC,1581189279321,2020-02-08T19:14:39.321Z,sell,1.184e-05,773.0,0.00915232
NAV/BTC,1581189279321,2020-02-08T19:14:39.321Z,sell,1.183e-05,3249.0,0.03843567
NAV/BTC,1581189280246,2020-02-08T19:14:40.246Z,buy,1.183e-05,100.0,0.001183
NAV/BTC,1581189289974,2020-02-08T19:14:49.974Z,buy,1.183e-05,96.0,0.00113568
NAV/BTC,1581189290229,2020-02-08T19:14:50.229Z,buy,1.183e-05,5041.0,0.05963503
NAV/BTC,1581189579925,2020-02-08T19:19:39.925Z,sell,1.185e-05,2000.0,0.0237
NAV/BTC,1581189580009,2020-02-08T19:19:40.009Z,buy,1.185e-05,765.0,0.00906525
NAV/BTC,1581189590083,2020-02-08T19:19:50.083Z,sell,1.184e-05,1374.0,0.01626816
NAV/BTC,1581189611754,2020-02-08T19:20:11.754Z,buy,1.189e-05,1220.0,0.0145058
NAV/BTC,1581189630216,2020-02-08T19:20:30.216Z,buy,1.189e-05,437.0,0.00519593
NAV/BTC,1581189688045,2020-02-08T19:21:28.045Z,buy,1.189e-05,121.0,0.00143869
NAV/BTC,1581189688045,2020-02-08T19:21:28.045Z,buy,1.19e-05,266.0,0.0031654
NAV/BTC,1581189690740,2020-02-08T19:21:30.740Z,sell,1.183e-05,1555.0,0.01839565
NAV/BTC,1581189784784,2020-02-08T19:23:04.784Z,buy,1.188e-05,905.0,0.0107514
NAV/BTC,1581189784800,2020-02-08T19:23:04.800Z,sell,1.188e-05,1827.0,0.02170476
NAV/BTC,1581189848479,2020-02-08T19:24:08.479Z,buy,1.19e-05,536.0,0.0063783999999999
NAV/BTC,1581189848479,2020-02-08T19:24:08.479Z,buy,1.192e-05,13.0,0.00015496
NAV/BTC,1581189848479,2020-02-08T19:24:08.479Z,buy,1.193e-05,127.0,0.0015151099999999
NAV/BTC,1581189851203,2020-02-08T19:24:11.203Z,sell,1.187e-05,14.0,0.0001661799999999
NAV/BTC,1581189852204,2020-02-08T19:24:12.204Z,sell,1.186e-05,13.0,0.00015418
NAV/BTC,1581189868933,2020-02-08T19:24:28.933Z,sell,1.182e-05,25.0,0.0002955
NAV/BTC,1581189868933,2020-02-08T19:24:28.933Z,sell,1.181e-05,375.0,0.00442875
NAV/BTC,1581189868933,2020-02-08T19:24:28.933Z,sell,1.179e-05,13.0,0.00015327
NAV/BTC,1581189868933,2020-02-08T19:24:28.933Z,sell,1.178e-05,798.0,0.00940044
NAV/BTC,1581189868933,2020-02-08T19:24:28.933Z,sell,1.177e-05,2374.0,0.02794198
NAV/BTC,1581189868933,2020-02-08T19:24:28.933Z,sell,1.175e-05,9047.0,0.1063022499999999
NAV/BTC,1581189871409,2020-02-08T19:24:31.409Z,sell,1.182e-05,857.0,0.01012974
NAV/BTC,1581189872449,2020-02-08T19:24:32.449Z,buy,1.181e-05,14.0,0.00016534
NAV/BTC,1581189876763,2020-02-08T19:24:36.763Z,sell,1.177e-05,1421.0,0.01672517
NAV/BTC,1581189906671,2020-02-08T19:25:06.671Z,sell,1.177e-05,1789.0,0.02105653
NAV/BTC,1581189909949,2020-02-08T19:25:09.949Z,buy,1.177e-05,13.0,0.00015301
NAV/BTC,1581189925496,2020-02-08T19:25:25.496Z,buy,1.177e-05,374.0,0.00440198
NAV/BTC,1581189990490,2020-02-08T19:26:30.490Z,buy,1.183e-05,168.0,0.00198744
NAV/BTC,1581189990490,2020-02-08T19:26:30.490Z,buy,1.184e-05,1832.0,0.02169088
NAV/BTC,1581190176475,2020-02-08T19:29:36.475Z,buy,1.184e-05,542.0,0.00641728
NAV/BTC,1581190176489,2020-02-08T19:29:36.489Z,sell,1.184e-05,458.0,0.00542272
NAV/BTC,1581190237262,2020-02-08T19:30:37.262Z,buy,1.185e-05,42.0,0.0004977
NAV/BTC,1581190263539,2020-02-08T19:31:03.539Z,sell,1.18e-05,2129.0,0.0251222
NAV/BTC,1581190349592,2020-02-08T19:32:29.592Z,buy,1.18e-05,368.0,0.0043424
NAV/BTC,1581190372854,2020-02-08T19:32:52.854Z,buy,1.185e-05,6.0,7.11e-05
NAV/BTC,1581190372854,2020-02-08T19:32:52.854Z,buy,1.186e-05,13.0,0.00015418
NAV/BTC,1581190372854,2020-02-08T19:32:52.854Z,buy,1.187e-05,656.0,0.00778672
NAV/BTC,1581190409022,2020-02-08T19:33:29.022Z,sell,1.181e-05,14.0,0.00016534
NAV/BTC,1581190409022,2020-02-08T19:33:29.022Z,sell,1.18e-05,632.0,0.0074576
NAV/BTC,1581190409022,2020-02-08T19:33:29.022Z,sell,1.179e-05,13.0,0.00015327
NAV/BTC,1581190409022,2020-02-08T19:33:29.022Z,sell,1.178e-05,697.0,0.00821066
NAV/BTC,1581190409022,2020-02-08T19:33:29.022Z,sell,1.177e-05,7349.0,0.08649773
NAV/BTC,1581190409022,2020-02-08T19:33:29.022Z,sell,1.176e-05,51.0,0.00059976
NAV/BTC,1581190409022,2020-02-08T19:33:29.022Z,sell,1.175e-05,1604.0,0.018847
NAV/BTC,1581190409022,2020-02-08T19:33:29.022Z,sell,1.174e-05,1628.0,0.01911272
NAV/BTC,1581190704878,2020-02-08T19:38:24.878Z,buy,1.181e-05,1642.0,0.01939202
NAV/BTC,1581190752791,2020-02-08T19:39:12.791Z,buy,1.185e-05,697.0,0.00825945
NAV/BTC,1581190752791,2020-02-08T19:39:12.791Z,buy,1.186e-05,13.0,0.00015418
NAV/BTC,1581190752817,2020-02-08T19:39:12.817Z,sell,1.186e-05,290.0,0.0034394
NAV/BTC,1581190830415,2020-02-08T19:40:30.415Z,sell,1.181e-05,438.0,0.00517278
NAV/BTC,1581190931030,2020-02-08T19:42:11.030Z,sell,1.181e-05,985.0,0.01163285
NAV/BTC,1581191015898,2020-02-08T19:43:35.898Z,sell,1.183e-05,2000.0,0.02366
NAV/BTC,1581191024781,2020-02-08T19:43:44.781Z,buy,1.183e-05,290.0,0.0034307
NAV/BTC,1581191055421,2020-02-08T19:44:15.421Z,buy,1.183e-05,54.0,0.00063882
NAV/BTC,1581191062118,2020-02-08T19:44:22.118Z,sell,1.181e-05,266.0,0.00314146
NAV/BTC,1581191209985,2020-02-08T19:46:49.985Z,sell,1.185e-05,29.0,0.00034365
NAV/BTC,1581191274434,2020-02-08T19:47:54.434Z,sell,1.184e-05,645.0,0.0076368
NAV/BTC,1581191332367,2020-02-08T19:48:52.367Z,buy,1.186e-05,2396.0,0.02841656
NAV/BTC,1581191332367,2020-02-08T19:48:52.367Z,buy,1.187e-05,84.0,0.00099708
NAV/BTC,1581191349054,2020-02-08T19:49:09.054Z,sell,1.184e-05,5726.0,0.06779584
NAV/BTC,1581191349054,2020-02-08T19:49:09.054Z,sell,1.181e-05,14.0,0.00016534
NAV/BTC,1581191349054,2020-02-08T19:49:09.054Z,sell,1.179e-05,13.0,0.00015327
NAV/BTC,1581191349054,2020-02-08T19:49:09.054Z,sell,1.178e-05,48.0,0.00056544
NAV/BTC,1581191349054,2020-02-08T19:49:09.054Z,sell,1.175e-05,2962.0,0.0348035
NAV/BTC,1581191349054,2020-02-08T19:49:09.054Z,sell,1.174e-05,577.0,0.00677398
NAV/BTC,1581191349054,2020-02-08T19:49:09.054Z,sell,1.173e-05,4433.0,0.05199909
NAV/BTC,1581191362169,2020-02-08T19:49:22.169Z,buy,1.181e-05,29.0,0.00034249
NAV/BTC,1581191367205,2020-02-08T19:49:27.205Z,buy,1.181e-05,522.0,0.00616482
NAV/BTC,1581191367205,2020-02-08T19:49:27.205Z,buy,1.182e-05,2358.0,0.02787156
NAV/BTC,1581191537317,2020-02-08T19:52:17.317Z,buy,1.185e-05,48.0,0.0005688
NAV/BTC,1581191746660,2020-02-08T19:55:46.660Z,buy,1.186e-05,200.0,0.002372
NAV/BTC,1581191776665,2020-02-08T19:56:16.665Z,buy,1.186e-05,1471.0,0.01744606
NAV/BTC,1581191776665,2020-02-08T19:56:16.665Z,buy,1.186e-05,1471.0,0.01744606
NAV/BTC,1581191904602,2020-02-08T19:58:24.602Z,sell,1.186e-05,1961.0,0.02325746
NAV/BTC,1581192008623,2020-02-08T20:00:08.623Z,sell,1.186e-05,814.0,0.00965404
NAV/BTC,1581192142755,2020-02-08T20:02:22.755Z,buy,1.187e-05,16.0,0.00018992
NAV/BTC,1581192164286,2020-02-08T20:02:44.286Z,buy,1.187e-05,5000.0,0.05935
NAV/BTC,1581192174942,2020-02-08T20:02:54.942Z,sell,1.186e-05,1271.0,0.01507406
NAV/BTC,1581192174942,2020-02-08T20:02:54.942Z,sell,1.185e-05,2450.0,0.0290325
NAV/BTC,1581192174942,2020-02-08T20:02:54.942Z,sell,1.184e-05,238.0,0.00281792
NAV/BTC,1581192174942,2020-02-08T20:02:54.942Z,sell,1.182e-05,2120.0,0.0250584
NAV/BTC,1581192174942,2020-02-08T20:02:54.942Z,sell,1.181e-05,14.0,0.00016534
NAV/BTC,1581192174942,2020-02-08T20:02:54.942Z,sell,1.179e-05,917.0,0.01081143
NAV/BTC,1581192174942,2020-02-08T20:02:54.942Z,sell,1.178e-05,2400.0,0.028272
NAV/BTC,1581192174942,2020-02-08T20:02:54.942Z,sell,1.177e-05,5000.0,0.05885
NAV/BTC,1581192174942,2020-02-08T20:02:54.942Z,sell,1.176e-05,77.0,0.0009055199999999
NAV/BTC,1581192174942,2020-02-08T20:02:54.942Z,sell,1.175e-05,14.0,0.0001645
NAV/BTC,1581192174942,2020-02-08T20:02:54.942Z,sell,1.174e-05,229.0,0.0026884599999999
NAV/BTC,1581192174942,2020-02-08T20:02:54.942Z,sell,1.173e-05,567.0,0.0066509099999999
NAV/BTC,1581192174942,2020-02-08T20:02:54.942Z,sell,1.172e-05,10358.0,0.1213957599999999
NAV/BTC,1581192174942,2020-02-08T20:02:54.942Z,sell,1.171e-05,1015.0,0.01188565
NAV/BTC,1581192174942,2020-02-08T20:02:54.942Z,sell,1.17e-05,7737.0,0.0905229
NAV/BTC,1581192174942,2020-02-08T20:02:54.942Z,sell,1.169e-05,1556.0,0.01818964
NAV/BTC,1581192174942,2020-02-08T20:02:54.942Z,sell,1.168e-05,14.0,0.00016352
NAV/BTC,1581192174942,2020-02-08T20:02:54.942Z,sell,1.167e-05,5141.0,0.05999547
NAV/BTC,1581192174942,2020-02-08T20:02:54.942Z,sell,1.166e-05,20.0,0.0002332
NAV/BTC,1581192174942,2020-02-08T20:02:54.942Z,sell,1.165e-05,912.0,0.0106248
NAV/BTC,1581192174942,2020-02-08T20:02:54.942Z,sell,1.164e-05,10.0,0.0001164
NAV/BTC,1581192174942,2020-02-08T20:02:54.942Z,sell,1.163e-05,48.0,0.00055824
NAV/BTC,1581192174942,2020-02-08T20:02:54.942Z,sell,1.162e-05,182.0,0.00211484
NAV/BTC,1581192174942,2020-02-08T20:02:54.942Z,sell,1.161e-05,432.0,0.00501552
NAV/BTC,1581192174942,2020-02-08T20:02:54.942Z,sell,1.161e-05,87.0,0.00101007
NAV/BTC,1581192175626,2020-02-08T20:02:55.626Z,sell,1.171e-05,422.0,0.00494162
NAV/BTC,1581192175626,2020-02-08T20:02:55.626Z,sell,1.168e-05,2.0,2.336e-05
NAV/BTC,1581192176130,2020-02-08T20:02:56.130Z,sell,1.17e-05,242.0,0.0028314
NAV/BTC,1581192176251,2020-02-08T20:02:56.251Z,sell,1.17e-05,269.0,0.0031473
NAV/BTC,1581192176358,2020-02-08T20:02:56.358Z,sell,1.17e-05,48.0,0.0005616
NAV/BTC,1581192177597,2020-02-08T20:02:57.597Z,sell,1.175e-05,13.0,0.00015275
NAV/BTC,1581192178112,2020-02-08T20:02:58.112Z,sell,1.175e-05,14.0,0.0001645
NAV/BTC,1581192178438,2020-02-08T20:02:58.438Z,sell,1.175e-05,14.0,0.0001645
NAV/BTC,1581192209842,2020-02-08T20:03:29.842Z,buy,1.177e-05,273.0,0.00321321
NAV/BTC,1581192220442,2020-02-08T20:03:40.442Z,sell,1.177e-05,253.0,0.00297781
NAV/BTC,1581192224676,2020-02-08T20:03:44.676Z,buy,1.177e-05,670.0,0.0078859
NAV/BTC,1581192386363,2020-02-08T20:06:26.363Z,buy,1.178e-05,48.0,0.00056544
NAV/BTC,1581192386363,2020-02-08T20:06:26.363Z,buy,1.179e-05,912.0,0.01075248
NAV/BTC,1581192476378,2020-02-08T20:07:56.378Z,buy,1.18e-05,85.0,0.001003
NAV/BTC,1581192476455,2020-02-08T20:07:56.455Z,buy,1.18e-05,20.0,0.000236
NAV/BTC,1581192477452,2020-02-08T20:07:57.452Z,buy,1.18e-05,35.0,0.000413
NAV/BTC,1581192477486,2020-02-08T20:07:57.486Z,sell,1.179e-05,229.0,0.00269991
NAV/BTC,1581192478446,2020-02-08T20:07:58.446Z,buy,1.18e-05,35.0,0.000413
NAV/BTC,1581192669158,2020-02-08T20:11:09.158Z,sell,1.179e-05,25.0,0.00029475
NAV/BTC,1581192742758,2020-02-08T20:12:22.758Z,sell,1.179e-05,90.0,0.0010611
NAV/BTC,1581192835897,2020-02-08T20:13:55.897Z,sell,1.179e-05,1283.0,0.01512657
NAV/BTC,1581192976385,2020-02-08T20:16:16.385Z,buy,1.18e-05,170.0,0.002006
NAV/BTC,1581192976491,2020-02-08T20:16:16.491Z,buy,1.181e-05,14.0,0.00016534
NAV/BTC,1581193089918,2020-02-08T20:18:09.918Z,buy,1.183e-05,3521.0,0.04165343
NAV/BTC,1581193089918,2020-02-08T20:18:09.918Z,buy,1.184e-05,1479.0,0.01751136
NAV/BTC,1581193179957,2020-02-08T20:19:39.957Z,buy,1.184e-05,192.0,0.00227328
NAV/BTC,1581193179957,2020-02-08T20:19:39.957Z,buy,1.185e-05,1808.0,0.0214248
NAV/BTC,1581193179957,2020-02-08T20:19:39.957Z,buy,1.186e-05,4086.0,0.0484599599999999
NAV/BTC,1581193305260,2020-02-08T20:21:45.260Z,sell,1.18e-05,5356.0,0.0632008
NAV/BTC,1581193349526,2020-02-08T20:22:29.526Z,sell,1.18e-05,1702.0,0.0200836
NAV/BTC,1581193349526,2020-02-08T20:22:29.526Z,sell,1.179e-05,3198.0,0.03770442
NAV/BTC,1581193349526,2020-02-08T20:22:29.526Z,sell,1.178e-05,48.0,0.00056544
NAV/BTC,1581193349526,2020-02-08T20:22:29.526Z,sell,1.175e-05,91.0,0.0010692499999999
NAV/BTC,1581193349526,2020-02-08T20:22:29.526Z,sell,1.173e-05,2382.0,0.0279408599999999
NAV/BTC,1581193349526,2020-02-08T20:22:29.526Z,sell,1.172e-05,5013.0,0.05875236
NAV/BTC,1581193349526,2020-02-08T20:22:29.526Z,sell,1.171e-05,4252.0,0.0497909199999999
NAV/BTC,1581193349526,2020-02-08T20:22:29.526Z,sell,1.17e-05,904.0,0.0105767999999999
NAV/BTC,1581193349543,2020-02-08T20:22:29.543Z,buy,1.17e-05,969.0,0.0113373
NAV/BTC,1581193350060,2020-02-08T20:22:30.060Z,buy,1.17e-05,3425.0,0.0400725
NAV/BTC,1581193350094,2020-02-08T20:22:30.094Z,sell,1.169e-05,230.0,0.0026887
NAV/BTC,1581193350094,2020-02-08T20:22:30.094Z,sell,1.168e-05,194.0,0.00226592
NAV/BTC,1581193350151,2020-02-08T20:22:30.151Z,buy,1.17e-05,424.0,0.0049608
NAV/BTC,1581193350564,2020-02-08T20:22:30.564Z,sell,1.168e-05,14.0,0.00016352
NAV/BTC,1581193350683,2020-02-08T20:22:30.683Z,buy,1.169e-05,2796.0,0.03268524
NAV/BTC,1581193350683,2020-02-08T20:22:30.683Z,buy,1.17e-05,30.0,0.0003509999999999
NAV/BTC,1581193350692,2020-02-08T20:22:30.692Z,buy,1.17e-05,96.0,0.0011232
NAV/BTC,1581193351186,2020-02-08T20:22:31.186Z,buy,1.17e-05,1680.0,0.019656
NAV/BTC,1581193351236,2020-02-08T20:22:31.236Z,buy,1.17e-05,51.0,0.0005967
NAV/BTC,1581193353195,2020-02-08T20:22:33.195Z,buy,1.169e-05,484.0,0.00565796
NAV/BTC,1581193353195,2020-02-08T20:22:33.195Z,buy,1.17e-05,246.0,0.0028782
NAV/BTC,1581193354545,2020-02-08T20:22:34.545Z,buy,1.17e-05,10.0,0.000117
NAV/BTC,1581193355108,2020-02-08T20:22:35.108Z,buy,1.17e-05,96.0,0.0011232
NAV/BTC,1581193369136,2020-02-08T20:22:49.136Z,buy,1.17e-05,108.0,0.0012636
NAV/BTC,1581193369397,2020-02-08T20:22:49.397Z,buy,1.17e-05,800.0,0.00936
NAV/BTC,1581193388343,2020-02-08T20:23:08.343Z,buy,1.17e-05,9.0,0.0001053
NAV/BTC,1581193507303,2020-02-08T20:25:07.303Z,sell,1.168e-05,652.0,0.00761536
NAV/BTC,1581193507303,2020-02-08T20:25:07.303Z,sell,1.167e-05,919.0,0.01072473
NAV/BTC,1581193507303,2020-02-08T20:25:07.303Z,sell,1.166e-05,256.0,0.00298496
NAV/BTC,1581193514949,2020-02-08T20:25:14.949Z,sell,1.166e-05,1325.0,0.0154495
NAV/BTC,1581193514949,2020-02-08T20:25:14.949Z,sell,1.165e-05,13.0,0.00015145
NAV/BTC,1581193518650,2020-02-08T20:25:18.650Z,buy,1.165e-05,5000.0,0.05825
NAV/BTC,1581193525183,2020-02-08T20:25:25.183Z,buy,1.165e-05,8000.0,0.0932
NAV/BTC,1581193528445,2020-02-08T20:25:28.445Z,sell,1.162e-05,182.0,0.00211484
NAV/BTC,1581193528445,2020-02-08T20:25:28.445Z,sell,1.161e-05,10.0,0.0001161
NAV/BTC,1581193528445,2020-02-08T20:25:28.445Z,sell,1.16e-05,38.0,0.0004408
NAV/BTC,1581193528445,2020-02-08T20:25:28.445Z,sell,1.16e-05,2107.0,0.0244412
NAV/BTC,1581193529658,2020-02-08T20:25:29.658Z,buy,1.16e-05,814.0,0.0094424
NAV/BTC,1581193531281,2020-02-08T20:25:31.281Z,buy,1.16e-05,3912.0,0.0453792
NAV/BTC,1581193531281,2020-02-08T20:25:31.281Z,buy,1.165e-05,4088.0,0.0476252
NAV/BTC,1581193536673,2020-02-08T20:25:36.673Z,buy,1.165e-05,8000.0,0.0932
NAV/BTC,1581193543926,2020-02-08T20:25:43.926Z,buy,1.165e-05,1195.0,0.01392175
NAV/BTC,1581193579939,2020-02-08T20:26:19.939Z,sell,1.166e-05,129.0,0.00150414
NAV/BTC,1581193651816,2020-02-08T20:27:31.816Z,sell,1.167e-05,216.0,0.00252072
NAV/BTC,1581193651816,2020-02-08T20:27:31.816Z,sell,1.166e-05,3621.0,0.04222086
NAV/BTC,1581193651816,2020-02-08T20:27:31.816Z,sell,1.165e-05,1875.0,0.02184375
NAV/BTC,1581193732760,2020-02-08T20:28:52.760Z,buy,1.168e-05,14.0,0.00016352
NAV/BTC,1581193732760,2020-02-08T20:28:52.760Z,buy,1.172e-05,13.0,0.0001523599999999
NAV/BTC,1581193873637,2020-02-08T20:31:13.637Z,sell,1.172e-05,4073.0,0.0477355599999999
NAV/BTC,1581193902137,2020-02-08T20:31:42.137Z,sell,1.172e-05,900.0,0.010548
NAV/BTC,1581193974611,2020-02-08T20:32:54.611Z,sell,1.168e-05,1287.0,0.01503216
NAV/BTC,1581194066053,2020-02-08T20:34:26.053Z,buy,1.172e-05,37.0,0.00043364
NAV/BTC,1581194180031,2020-02-08T20:36:20.031Z,buy,1.171e-05,181.0,0.00211951
NAV/BTC,1581194180031,2020-02-08T20:36:20.031Z,buy,1.172e-05,30.0,0.0003516
NAV/BTC,1581194180772,2020-02-08T20:36:20.772Z,buy,1.172e-05,427.0,0.00500444
NAV/BTC,1581194181914,2020-02-08T20:36:21.914Z,buy,1.172e-05,151.0,0.00176972
NAV/BTC,1581194354794,2020-02-08T20:39:14.794Z,buy,1.172e-05,156.0,0.00182832
NAV/BTC,1581194367900,2020-02-08T20:39:27.900Z,buy,1.172e-05,492.0,0.00576624
NAV/BTC,1581194367900,2020-02-08T20:39:27.900Z,buy,1.175e-05,8.0,9.4e-05
NAV/BTC,1581194458188,2020-02-08T20:40:58.188Z,sell,1.17e-05,198.0,0.0023166
NAV/BTC,1581194462649,2020-02-08T20:41:02.649Z,buy,1.175e-05,174.0,0.0020445
NAV/BTC,1581194462649,2020-02-08T20:41:02.649Z,buy,1.176e-05,196.0,0.00230496
NAV/BTC,1581194462649,2020-02-08T20:41:02.649Z,buy,1.177e-05,717.0,0.00843909
NAV/BTC,1581194462649,2020-02-08T20:41:02.649Z,buy,1.178e-05,1191.0,0.01402998
NAV/BTC,1581194462649,2020-02-08T20:41:02.649Z,buy,1.179e-05,1134.0,0.01336986
NAV/BTC,1581194490264,2020-02-08T20:41:30.264Z,buy,1.18e-05,130.0,0.001534
NAV/BTC,1581194523993,2020-02-08T20:42:03.993Z,sell,1.179e-05,76.0,0.00089604
NAV/BTC,1581194524415,2020-02-08T20:42:04.415Z,sell,1.179e-05,52.0,0.00061308
NAV/BTC,1581194562695,2020-02-08T20:42:42.695Z,buy,1.18e-05,250.0,0.00295
NAV/BTC,1581194656839,2020-02-08T20:44:16.839Z,buy,1.18e-05,821.0,0.0096878
NAV/BTC,1581194656839,2020-02-08T20:44:16.839Z,buy,1.181e-05,54.0,0.00063774
NAV/BTC,1581194656839,2020-02-08T20:44:16.839Z,buy,1.182e-05,108.0,0.00127656
NAV/BTC,1581194656839,2020-02-08T20:44:16.839Z,buy,1.184e-05,2253.0,0.02667552
NAV/BTC,1581194656839,2020-02-08T20:44:16.839Z,buy,1.185e-05,10.0,0.0001185
NAV/BTC,1581194656839,2020-02-08T20:44:16.839Z,buy,1.186e-05,7289.0,0.08644754
NAV/BTC,1581194656839,2020-02-08T20:44:16.839Z,buy,1.187e-05,8605.0,0.1021413499999999
NAV/BTC,1581194656839,2020-02-08T20:44:16.839Z,buy,1.188e-05,40.0,0.0004752
NAV/BTC,1581194656839,2020-02-08T20:44:16.839Z,buy,1.19e-05,6925.0,0.0824075
NAV/BTC,1581194656839,2020-02-08T20:44:16.839Z,buy,1.192e-05,12439.0,0.14827288
NAV/BTC,1581194656839,2020-02-08T20:44:16.839Z,buy,1.193e-05,1704.0,0.0203287199999999
NAV/BTC,1581194656839,2020-02-08T20:44:16.839Z,buy,1.194e-05,2124.0,0.0253605599999999
NAV/BTC,1581194681543,2020-02-08T20:44:41.543Z,buy,1.193e-05,852.0,0.0101643599999999
NAV/BTC,1581194681543,2020-02-08T20:44:41.543Z,buy,1.194e-05,1364.0,0.0162861599999999
NAV/BTC,1581194681543,2020-02-08T20:44:41.543Z,buy,1.195e-05,50.0,0.0005975
NAV/BTC,1581194681543,2020-02-08T20:44:41.543Z,buy,1.197e-05,442.0,0.00529074
NAV/BTC,1581194681543,2020-02-08T20:44:41.543Z,buy,1.198e-05,2376.0,0.02846448
NAV/BTC,1581194684856,2020-02-08T20:44:44.856Z,sell,1.188e-05,10.0,0.0001188
NAV/BTC,1581194706111,2020-02-08T20:45:06.111Z,sell,1.188e-05,30.0,0.0003564
NAV/BTC,1581194706111,2020-02-08T20:45:06.111Z,sell,1.187e-05,14.0,0.0001661799999999
NAV/BTC,1581194706111,2020-02-08T20:45:06.111Z,sell,1.186e-05,13.0,0.00015418
NAV/BTC,1581194706111,2020-02-08T20:45:06.111Z,sell,1.185e-05,712.0,0.0084372
NAV/BTC,1581194706525,2020-02-08T20:45:06.525Z,sell,1.184e-05,432.0,0.00511488
NAV/BTC,1581194734467,2020-02-08T20:45:34.467Z,buy,1.184e-05,280.0,0.0033152
NAV/BTC,1581194754634,2020-02-08T20:45:54.634Z,sell,1.182e-05,852.0,0.01007064
NAV/BTC,1581194754634,2020-02-08T20:45:54.634Z,sell,1.181e-05,54.0,0.00063774
NAV/BTC,1581194754634,2020-02-08T20:45:54.634Z,sell,1.18e-05,7322.0,0.0863996
NAV/BTC,1581194754634,2020-02-08T20:45:54.634Z,sell,1.179e-05,4456.0,0.05253624
NAV/BTC,1581194754634,2020-02-08T20:45:54.634Z,sell,1.175e-05,2358.0,0.0277065
NAV/BTC,1581194764583,2020-02-08T20:46:04.583Z,sell,1.173e-05,40.0,0.0004691999999999
NAV/BTC,1581194764583,2020-02-08T20:46:04.583Z,sell,1.172e-05,268.0,0.00314096
NAV/BTC,1581194764583,2020-02-08T20:46:04.583Z,sell,1.17e-05,3421.0,0.0400257
NAV/BTC,1581194765726,2020-02-08T20:46:05.726Z,sell,1.169e-05,299.0,0.00349531
NAV/BTC,1581194766895,2020-02-08T20:46:06.895Z,buy,1.169e-05,10.0,0.0001169
NAV/BTC,1581194767612,2020-02-08T20:46:07.612Z,buy,1.169e-05,77.0,0.00090013
NAV/BTC,1581194769072,2020-02-08T20:46:09.072Z,buy,1.169e-05,77.0,0.00090013
NAV/BTC,1581194771082,2020-02-08T20:46:11.082Z,buy,1.169e-05,1121.0,0.01310449
NAV/BTC,1581194771472,2020-02-08T20:46:11.472Z,buy,1.169e-05,77.0,0.00090013
NAV/BTC,1581194772304,2020-02-08T20:46:12.304Z,buy,1.169e-05,96.0,0.00112224
NAV/BTC,1581194774257,2020-02-08T20:46:14.257Z,buy,1.169e-05,77.0,0.00090013
NAV/BTC,1581194776461,2020-02-08T20:46:16.461Z,buy,1.169e-05,73.0,0.00085337
NAV/BTC,1581194779716,2020-02-08T20:46:19.716Z,buy,1.169e-05,127.0,0.00148463
NAV/BTC,1581194781560,2020-02-08T20:46:21.560Z,buy,1.169e-05,1564.0,0.01828316
NAV/BTC,1581194781560,2020-02-08T20:46:21.560Z,buy,1.173e-05,3436.0,0.04030428
NAV/BTC,1581194816645,2020-02-08T20:46:56.645Z,buy,1.171e-05,977.0,0.01144067
NAV/BTC,1581194859599,2020-02-08T20:47:39.599Z,sell,1.172e-05,61.0,0.00071492
NAV/BTC,1581195031999,2020-02-08T20:50:31.999Z,sell,1.172e-05,107.0,0.0012540399999999
NAV/BTC,1581195031999,2020-02-08T20:50:31.999Z,sell,1.171e-05,98.0,0.00114758
NAV/BTC,1581195064840,2020-02-08T20:51:04.840Z,sell,1.171e-05,51.0,0.00059721
NAV/BTC,1581195067712,2020-02-08T20:51:07.712Z,sell,1.171e-05,34.0,0.00039814
NAV/BTC,1581195067712,2020-02-08T20:51:07.712Z,sell,1.171e-05,34.0,0.00039814
NAV/BTC,1581195381162,2020-02-08T20:56:21.162Z,sell,1.173e-05,441.0,0.00517293
NAV/BTC,1581195381162,2020-02-08T20:56:21.162Z,sell,1.172e-05,436.0,0.00510992
NAV/BTC,1581195542192,2020-02-08T20:59:02.192Z,sell,1.172e-05,52.0,0.0006094399999999
NAV/BTC,1581195545830,2020-02-08T20:59:05.830Z,sell,1.172e-05,52.0,0.0006094399999999
NAV/BTC,1581195558679,2020-02-08T20:59:18.679Z,sell,1.172e-05,52.0,0.0006094399999999
NAV/BTC,1581195559601,2020-02-08T20:59:19.601Z,sell,1.172e-05,541.0,0.00634052
NAV/BTC,1581195569735,2020-02-08T20:59:29.735Z,buy,1.172e-05,2000.0,0.02344
NAV/BTC,1581195575339,2020-02-08T20:59:35.339Z,buy,1.172e-05,574.0,0.0067272799999999
NAV/BTC,1581195614278,2020-02-08T21:00:14.278Z,buy,1.176e-05,11.0,0.00012936
NAV/BTC,1581195614278,2020-02-08T21:00:14.278Z,buy,1.179e-05,13.0,0.00015327
NAV/BTC,1581195614278,2020-02-08T21:00:14.278Z,buy,1.181e-05,10.0,0.0001181
NAV/BTC,1581195616886,2020-02-08T21:00:16.886Z,buy,1.18e-05,51.0,0.0006018
NAV/BTC,1581195959039,2020-02-08T21:05:59.039Z,sell,1.175e-05,10.0,0.0001175
NAV/BTC,1581195978415,2020-02-08T21:06:18.415Z,buy,1.176e-05,1147.0,0.01348872
NAV/BTC,1581195978415,2020-02-08T21:06:18.415Z,buy,1.177e-05,1146.0,0.01348842
NAV/BTC,1581195980646,2020-02-08T21:06:20.646Z,sell,1.177e-05,804.0,0.00946308
NAV/BTC,1581196244829,2020-02-08T21:10:44.829Z,sell,1.177e-05,1189.0,0.01399453
NAV/BTC,1581196492980,2020-02-08T21:14:52.980Z,buy,1.178e-05,2938.0,0.03460964
NAV/BTC,1581196504228,2020-02-08T21:15:04.228Z,buy,1.181e-05,44.0,0.00051964
NAV/BTC,1581196504528,2020-02-08T21:15:04.528Z,sell,1.18e-05,9.0,0.0001062
NAV/BTC,1581196614425,2020-02-08T21:16:54.425Z,buy,1.184e-05,9.0,0.00010656
NAV/BTC,1581196617425,2020-02-08T21:16:57.425Z,buy,1.184e-05,11.0,0.00013024
NAV/BTC,1581196621391,2020-02-08T21:17:01.391Z,buy,1.184e-05,11.0,0.00013024
NAV/BTC,1581196622506,2020-02-08T21:17:02.506Z,buy,1.184e-05,401.0,0.00474784
NAV/BTC,1581196623276,2020-02-08T21:17:03.276Z,buy,1.186e-05,770.0,0.0091322
NAV/BTC,1581196625407,2020-02-08T21:17:05.407Z,buy,1.186e-05,11.0,0.00013046
NAV/BTC,1581196629398,2020-02-08T21:17:09.398Z,buy,1.186e-05,11.0,0.00013046
NAV/BTC,1581196633394,2020-02-08T21:17:13.394Z,buy,1.186e-05,4.0,4.744e-05
NAV/BTC,1581196633394,2020-02-08T21:17:13.394Z,buy,1.187e-05,7.0,8.308999999999999e-05
NAV/BTC,1581196636413,2020-02-08T21:17:16.413Z,buy,1.187e-05,11.0,0.00013057
NAV/BTC,1581196639401,2020-02-08T21:17:19.401Z,buy,1.187e-05,11.0,0.00013057
NAV/BTC,1581196643399,2020-02-08T21:17:23.399Z,buy,1.187e-05,11.0,0.00013057
NAV/BTC,1581196647405,2020-02-08T21:17:27.405Z,buy,1.187e-05,11.0,0.00013057
NAV/BTC,1581196650412,2020-02-08T21:17:30.412Z,buy,1.187e-05,11.0,0.00013057
NAV/BTC,1581196654401,2020-02-08T21:17:34.401Z,buy,1.187e-05,11.0,0.00013057
NAV/BTC,1581196657414,2020-02-08T21:17:37.414Z,buy,1.187e-05,11.0,0.00013057
NAV/BTC,1581196660419,2020-02-08T21:17:40.419Z,buy,1.187e-05,11.0,0.00013057
NAV/BTC,1581196664403,2020-02-08T21:17:44.403Z,buy,1.187e-05,11.0,0.00013057
NAV/BTC,1581196671407,2020-02-08T21:17:51.407Z,buy,1.187e-05,71.0,0.00084277
NAV/BTC,1581196672407,2020-02-08T21:17:52.407Z,buy,1.187e-05,12.0,0.00014244
NAV/BTC,1581196684523,2020-02-08T21:18:04.523Z,buy,1.187e-05,324.0,0.00384588
NAV/BTC,1581196754564,2020-02-08T21:19:14.564Z,buy,1.188e-05,481.0,0.0057142799999999
NAV/BTC,1581196781967,2020-02-08T21:19:41.967Z,buy,1.192e-05,13.0,0.00015496
NAV/BTC,1581196781967,2020-02-08T21:19:41.967Z,buy,1.193e-05,1029.0,0.0122759699999999
NAV/BTC,1581196805967,2020-02-08T21:20:05.967Z,sell,1.193e-05,2157.0,0.0257330099999999
NAV/BTC,1581196805967,2020-02-08T21:20:05.967Z,sell,1.19e-05,645.0,0.0076755
NAV/BTC,1581196805987,2020-02-08T21:20:05.987Z,sell,1.189e-05,273.0,0.00324597
NAV/BTC,1581196879985,2020-02-08T21:21:19.985Z,sell,1.188e-05,2000.0,0.02376
NAV/BTC,1581196880003,2020-02-08T21:21:20.003Z,sell,1.188e-05,204.0,0.0024235199999999
NAV/BTC,1581196881011,2020-02-08T21:21:21.011Z,sell,1.187e-05,14.0,0.0001661799999999
NAV/BTC,1581196882011,2020-02-08T21:21:22.011Z,sell,1.186e-05,13.0,0.00015418
NAV/BTC,1581196922360,2020-02-08T21:22:02.360Z,sell,1.181e-05,54.0,0.00063774
NAV/BTC,1581196922360,2020-02-08T21:22:02.360Z,sell,1.18e-05,187.0,0.0022066
NAV/BTC,1581196933174,2020-02-08T21:22:13.174Z,sell,1.18e-05,3000.0,0.0354
NAV/BTC,1581196933193,2020-02-08T21:22:13.193Z,sell,1.18e-05,583.0,0.0068794
NAV/BTC,1581197106086,2020-02-08T21:25:06.086Z,sell,1.182e-05,131.0,0.00154842
NAV/BTC,1581197106086,2020-02-08T21:25:06.086Z,sell,1.179e-05,13.0,0.00015327
NAV/BTC,1581197106086,2020-02-08T21:25:06.086Z,sell,1.177e-05,730.0,0.0085921
NAV/BTC,1581197106086,2020-02-08T21:25:06.086Z,sell,1.175e-05,445.0,0.00522875
NAV/BTC,1581197106086,2020-02-08T21:25:06.086Z,sell,1.173e-05,550.0,0.0064515
NAV/BTC,1581197113488,2020-02-08T21:25:13.488Z,buy,1.179e-05,11.0,0.00012969
NAV/BTC,1581197408425,2020-02-08T21:30:08.425Z,sell,1.18e-05,1367.0,0.0161306
NAV/BTC,1581197408425,2020-02-08T21:30:08.425Z,sell,1.179e-05,515.0,0.00607185
NAV/BTC,1581197416519,2020-02-08T21:30:16.519Z,buy,1.181e-05,54.0,0.00063774
NAV/BTC,1581197502449,2020-02-08T21:31:42.449Z,sell,1.179e-05,5000.0,0.05895
NAV/BTC,1581197670738,2020-02-08T21:34:30.738Z,sell,1.179e-05,3000.0,0.03537
NAV/BTC,1581197729896,2020-02-08T21:35:29.896Z,sell,1.179e-05,846.0,0.00997434
NAV/BTC,1581197750714,2020-02-08T21:35:50.714Z,sell,1.179e-05,426.0,0.00502254
NAV/BTC,1581198016698,2020-02-08T21:40:16.698Z,sell,1.179e-05,323.0,0.00380817
NAV/BTC,1581198016698,2020-02-08T21:40:16.698Z,sell,1.178e-05,9.0,0.00010602
NAV/BTC,1581198016698,2020-02-08T21:40:16.698Z,sell,1.175e-05,14.0,0.0001645
NAV/BTC,1581198016698,2020-02-08T21:40:16.698Z,sell,1.174e-05,540.0,0.0063396
NAV/BTC,1581198016698,2020-02-08T21:40:16.698Z,sell,1.173e-05,678.0,0.00795294
NAV/BTC,1581198016698,2020-02-08T21:40:16.698Z,sell,1.172e-05,68.0,0.00079696
NAV/BTC,1581198016698,2020-02-08T21:40:16.698Z,sell,1.171e-05,264.0,0.00309144
NAV/BTC,1581198102784,2020-02-08T21:41:42.784Z,sell,1.173e-05,205.0,0.00240465
NAV/BTC,1581198305756,2020-02-08T21:45:05.756Z,sell,1.173e-05,229.0,0.00268617
NAV/BTC,1581198305756,2020-02-08T21:45:05.756Z,sell,1.171e-05,576.0,0.0067449599999999
NAV/BTC,1581198305756,2020-02-08T21:45:05.756Z,sell,1.17e-05,432.0,0.0050544
NAV/BTC,1581198305756,2020-02-08T21:45:05.756Z,sell,1.169e-05,540.0,0.0063126
NAV/BTC,1581198305756,2020-02-08T21:45:05.756Z,sell,1.168e-05,127.0,0.00148336
NAV/BTC,1581198545652,2020-02-08T21:49:05.652Z,sell,1.17e-05,9.0,0.0001053
NAV/BTC,1581198545652,2020-02-08T21:49:05.652Z,sell,1.168e-05,600.0,0.007008
NAV/BTC,1581198545652,2020-02-08T21:49:05.652Z,sell,1.166e-05,40.0,0.0004664
NAV/BTC,1581198545652,2020-02-08T21:49:05.652Z,sell,1.165e-05,4277.0,0.04982705
NAV/BTC,1581198545696,2020-02-08T21:49:05.696Z,sell,1.165e-05,1100.0,0.012815
NAV/BTC,1581198553782,2020-02-08T21:49:13.782Z,buy,1.17e-05,14.0,0.0001638
NAV/BTC,1581198556926,2020-02-08T21:49:16.926Z,sell,1.162e-05,1180.0,0.0137116
NAV/BTC,1581198556926,2020-02-08T21:49:16.926Z,sell,1.161e-05,24.0,0.00027864
NAV/BTC,1581198557004,2020-02-08T21:49:17.004Z,buy,1.16e-05,259.0,0.0030044
NAV/BTC,1581198557251,2020-02-08T21:49:17.251Z,buy,1.16e-05,1117.0,0.0129572
