symbol,timestamp,datetime,side,price,amount,btc_volume
NAV/BTC,1557162286363,2019-05-06T17:04:46.363Z,buy,3.62e-05,126.79,0.004589798
NAV/BTC,1557162608324,2019-05-06T17:10:08.324Z,buy,3.62e-05,146.51,0.005303662
NAV/BTC,1557162799826,2019-05-06T17:13:19.826Z,buy,3.62e-05,142.02,0.005141124
NAV/BTC,1557162843513,2019-05-06T17:14:03.513Z,buy,3.62e-05,2388.16,0.0864513919999999
NAV/BTC,1557162843513,2019-05-06T17:14:03.513Z,buy,3.63e-05,1402.35,0.050905305
NAV/BTC,1557162853628,2019-05-06T17:14:13.628Z,buy,3.63e-05,1256.16,0.045598608
NAV/BTC,1557162988848,2019-05-06T17:16:28.848Z,buy,3.63e-05,359.66,0.013055658
NAV/BTC,1557163262498,2019-05-06T17:21:02.498Z,sell,3.61e-05,250.0,0.009025
NAV/BTC,1557163264993,2019-05-06T17:21:04.993Z,buy,3.63e-05,111.77,0.004057251
NAV/BTC,1557163308792,2019-05-06T17:21:48.792Z,buy,3.63e-05,2509.25,0.091085775
NAV/BTC,1557163321019,2019-05-06T17:22:01.019Z,buy,3.63e-05,642.01,0.023304963
NAV/BTC,1557163321019,2019-05-06T17:22:01.019Z,buy,3.64e-05,1239.93,0.045133452
NAV/BTC,1557163324253,2019-05-06T17:22:04.253Z,buy,3.64e-05,41.2,0.00149968
NAV/BTC,1557163339332,2019-05-06T17:22:19.332Z,buy,3.64e-05,622.19,0.022647716
NAV/BTC,1557163696682,2019-05-06T17:28:16.682Z,sell,3.61e-05,41.2,0.00148732
NAV/BTC,1557164065383,2019-05-06T17:34:25.383Z,sell,3.61e-05,29.05,0.001048705
NAV/BTC,1557164190580,2019-05-06T17:36:30.580Z,sell,3.61e-05,1289.1,0.04653651
NAV/BTC,1557164190580,2019-05-06T17:36:30.580Z,sell,3.6e-05,3768.46,0.13566456
NAV/BTC,1557164190580,2019-05-06T17:36:30.580Z,sell,3.59e-05,436.09,0.015655631
NAV/BTC,1557164190580,2019-05-06T17:36:30.580Z,sell,3.58e-05,4556.37,0.163118046
NAV/BTC,1557164227467,2019-05-06T17:37:07.467Z,buy,3.61e-05,167.6,0.00605036
NAV/BTC,1557164434492,2019-05-06T17:40:34.492Z,sell,3.6e-05,255.04,0.00918144
NAV/BTC,1557164470434,2019-05-06T17:41:10.434Z,sell,3.6e-05,98.43,0.00354348
NAV/BTC,1557164512747,2019-05-06T17:41:52.747Z,sell,3.59e-05,42.3,0.00151857
NAV/BTC,1557164513020,2019-05-06T17:41:53.020Z,buy,3.6e-05,232.61,0.00837396
NAV/BTC,1557164562953,2019-05-06T17:42:42.953Z,buy,3.6e-05,51.53,0.00185508
NAV/BTC,1557164605845,2019-05-06T17:43:25.845Z,buy,3.61e-05,28.56,0.001031016
NAV/BTC,1557164623225,2019-05-06T17:43:43.225Z,buy,3.62e-05,554.58,0.020075796
NAV/BTC,1557164631392,2019-05-06T17:43:51.392Z,buy,3.63e-05,214.32,0.007779816
NAV/BTC,1557164631404,2019-05-06T17:43:51.404Z,buy,3.63e-05,214.32,0.007779816
NAV/BTC,1557164631415,2019-05-06T17:43:51.415Z,buy,3.63e-05,214.32,0.007779816
NAV/BTC,1557164631474,2019-05-06T17:43:51.474Z,sell,3.62e-05,38.73,0.0014020259999999
NAV/BTC,1557165148806,2019-05-06T17:52:28.806Z,sell,3.62e-05,214.32,0.0077583839999999
NAV/BTC,1557165332464,2019-05-06T17:55:32.464Z,sell,3.62e-05,2783.53,0.100763786
NAV/BTC,1557165332464,2019-05-06T17:55:32.464Z,sell,3.62e-05,2783.53,0.100763786
NAV/BTC,1557165618667,2019-05-06T18:00:18.667Z,buy,3.62e-05,4.58,0.000165796
NAV/BTC,1557165640287,2019-05-06T18:00:40.287Z,sell,3.61e-05,2094.97,0.075628417
NAV/BTC,1557165665667,2019-05-06T18:01:05.667Z,buy,3.62e-05,52.0,0.0018824
NAV/BTC,1557165820183,2019-05-06T18:03:40.183Z,buy,3.62e-05,4143.65,0.1500001299999999
NAV/BTC,1557166224284,2019-05-06T18:10:24.284Z,sell,3.61e-05,450.0,0.016245
NAV/BTC,1557166273379,2019-05-06T18:11:13.379Z,sell,3.61e-05,42.92,0.001549412
NAV/BTC,1557166328478,2019-05-06T18:12:08.478Z,buy,3.62e-05,30.82,0.001115684
NAV/BTC,1557166328809,2019-05-06T18:12:08.809Z,buy,3.62e-05,92.04,0.003331848
NAV/BTC,1557166329116,2019-05-06T18:12:09.116Z,buy,3.62e-05,86.91,0.0031461419999999
NAV/BTC,1557166341108,2019-05-06T18:12:21.108Z,sell,3.61e-05,263.77,0.009522097
NAV/BTC,1557166342038,2019-05-06T18:12:22.038Z,sell,3.61e-05,42.91,0.001549051
NAV/BTC,1557166412774,2019-05-06T18:13:32.774Z,sell,3.61e-05,263.77,0.009522097
NAV/BTC,1557166798464,2019-05-06T18:19:58.464Z,sell,3.61e-05,313.4,0.01131374
NAV/BTC,1557166892331,2019-05-06T18:21:32.331Z,sell,3.61e-05,71.64,0.002586204
NAV/BTC,1557167181983,2019-05-06T18:26:21.983Z,sell,3.61e-05,771.35,0.027845735
NAV/BTC,1557167280189,2019-05-06T18:28:00.189Z,buy,3.61e-05,329.92,0.011910112
NAV/BTC,1557167335798,2019-05-06T18:28:55.798Z,buy,3.61e-05,330.69,0.011937909
NAV/BTC,1557167391803,2019-05-06T18:29:51.803Z,buy,3.61e-05,331.5,0.01196715
NAV/BTC,1557167453356,2019-05-06T18:30:53.356Z,buy,3.61e-05,51.01,0.001841461
NAV/BTC,1557167472919,2019-05-06T18:31:12.919Z,buy,3.61e-05,55.4,0.00199994
NAV/BTC,1557167545917,2019-05-06T18:32:25.917Z,buy,3.61e-05,145.78,0.005262658
NAV/BTC,1557167633065,2019-05-06T18:33:53.065Z,buy,3.61e-05,83.1,0.00299991
NAV/BTC,1557167850188,2019-05-06T18:37:30.188Z,buy,3.61e-05,347.66,0.012550526
NAV/BTC,1557168117859,2019-05-06T18:41:57.859Z,buy,3.61e-05,1339.76,0.048365336
NAV/BTC,1557168248318,2019-05-06T18:44:08.318Z,sell,3.61e-05,326.98,0.011803978
NAV/BTC,1557168250039,2019-05-06T18:44:10.039Z,sell,3.61e-05,775.11,0.027981471
NAV/BTC,1557168251245,2019-05-06T18:44:11.245Z,sell,3.61e-05,708.15,0.025564215
NAV/BTC,1557168257910,2019-05-06T18:44:17.910Z,buy,3.61e-05,348.34,0.012575074
NAV/BTC,1557168324591,2019-05-06T18:45:24.591Z,sell,3.6e-05,57.14,0.00205704
NAV/BTC,1557168366839,2019-05-06T18:46:06.839Z,buy,3.61e-05,166.67,0.006016787
NAV/BTC,1557168396115,2019-05-06T18:46:36.115Z,sell,3.6e-05,359.3,0.0129348
NAV/BTC,1557168474058,2019-05-06T18:47:54.058Z,sell,3.6e-05,77.7,0.0027972
NAV/BTC,1557168609383,2019-05-06T18:50:09.383Z,buy,3.61e-05,59.62,0.002152282
NAV/BTC,1557168614274,2019-05-06T18:50:14.274Z,buy,3.61e-05,109.58,0.003955838
NAV/BTC,1557168908887,2019-05-06T18:55:08.887Z,sell,3.6e-05,59.62,0.00214632
NAV/BTC,1557168908887,2019-05-06T18:55:08.887Z,sell,3.6e-05,59.62,0.00214632
NAV/BTC,1557169263303,2019-05-06T19:01:03.303Z,buy,3.61e-05,95.45,0.003445745
NAV/BTC,1557169399030,2019-05-06T19:03:19.030Z,buy,3.61e-05,1757.32,0.063439252
NAV/BTC,1557169837833,2019-05-06T19:10:37.833Z,sell,3.6e-05,200.0,0.0072
NAV/BTC,1557169841629,2019-05-06T19:10:41.629Z,sell,3.6e-05,470.09,0.01692324
NAV/BTC,1557171260926,2019-05-06T19:34:20.926Z,sell,3.6e-05,2472.73,0.08901828
NAV/BTC,1557171365973,2019-05-06T19:36:05.973Z,sell,3.58e-05,4271.5,0.1529197
NAV/BTC,1557171366088,2019-05-06T19:36:06.088Z,buy,3.58e-05,785.19,0.028109802
NAV/BTC,1557171369832,2019-05-06T19:36:09.832Z,buy,3.6e-05,167.6,0.0060336
NAV/BTC,1557171423006,2019-05-06T19:37:03.006Z,sell,3.58e-05,843.14,0.030184412
NAV/BTC,1557171622867,2019-05-06T19:40:22.867Z,buy,3.6e-05,272.75,0.009819
NAV/BTC,1557171662749,2019-05-06T19:41:02.749Z,buy,3.6e-05,1530.83,0.05510988
NAV/BTC,1557171664602,2019-05-06T19:41:04.602Z,buy,3.61e-05,59.24,0.002138564
NAV/BTC,1557171668224,2019-05-06T19:41:08.224Z,buy,3.61e-05,57.98,0.002093078
NAV/BTC,1557171778079,2019-05-06T19:42:58.079Z,sell,3.6e-05,718.0,0.025848
NAV/BTC,1557171778844,2019-05-06T19:42:58.844Z,sell,3.6e-05,0.71,2.556e-05
NAV/BTC,1557171778844,2019-05-06T19:42:58.844Z,sell,3.59e-05,85.82,0.0030809379999999
NAV/BTC,1557172240859,2019-05-06T19:50:40.859Z,sell,3.58e-05,2504.0,0.0896432
NAV/BTC,1557172241065,2019-05-06T19:50:41.065Z,buy,3.6e-05,121.92,0.00438912
NAV/BTC,1557172241125,2019-05-06T19:50:41.125Z,buy,3.6e-05,232.77,0.00837972
NAV/BTC,1557172241568,2019-05-06T19:50:41.568Z,buy,3.6e-05,99.01,0.00356436
NAV/BTC,1557172254307,2019-05-06T19:50:54.307Z,sell,3.58e-05,582.0,0.0208356
NAV/BTC,1557172270036,2019-05-06T19:51:10.036Z,sell,3.59e-05,1422.0,0.0510498
NAV/BTC,1557172313851,2019-05-06T19:51:53.851Z,sell,3.59e-05,0.22,7.898e-06
NAV/BTC,1557172313851,2019-05-06T19:51:53.851Z,sell,3.58e-05,722.67,0.025871586
NAV/BTC,1557172508071,2019-05-06T19:55:08.071Z,buy,3.6e-05,121.89,0.00438804
NAV/BTC,1557172508071,2019-05-06T19:55:08.071Z,buy,3.6e-05,121.89,0.00438804
NAV/BTC,1557173432205,2019-05-06T20:10:32.205Z,sell,3.58e-05,65.26,0.002336308
NAV/BTC,1557173491548,2019-05-06T20:11:31.548Z,sell,3.58e-05,27.94,0.001000252
NAV/BTC,1557173491548,2019-05-06T20:11:31.548Z,sell,3.57e-05,98.85,0.003528945
NAV/BTC,1557173537702,2019-05-06T20:12:17.702Z,sell,3.58e-05,437.52,0.015663216
NAV/BTC,1557173537702,2019-05-06T20:12:17.702Z,sell,3.57e-05,112.48,0.004015536
NAV/BTC,1557173724940,2019-05-06T20:15:24.940Z,sell,3.58e-05,112.58,0.004030364
NAV/BTC,1557173740195,2019-05-06T20:15:40.195Z,buy,3.59e-05,33.4,0.0011990599999999
NAV/BTC,1557174117938,2019-05-06T20:21:57.938Z,sell,3.58e-05,1552.36,0.055574488
NAV/BTC,1557174117938,2019-05-06T20:21:57.938Z,sell,3.57e-05,80.21,0.002863497
NAV/BTC,1557174171861,2019-05-06T20:22:51.861Z,buy,3.59e-05,54.93,0.0019719869999999
NAV/BTC,1557174171861,2019-05-06T20:22:51.861Z,buy,3.6e-05,34.7,0.0012492
NAV/BTC,1557174171917,2019-05-06T20:22:51.917Z,buy,3.6e-05,280.11,0.01008396
NAV/BTC,1557174171993,2019-05-06T20:22:51.993Z,buy,3.6e-05,56.02,0.00201672
NAV/BTC,1557174171995,2019-05-06T20:22:51.995Z,buy,3.6e-05,280.11,0.01008396
NAV/BTC,1557174172022,2019-05-06T20:22:52.022Z,buy,3.6e-05,644.25,0.023193
NAV/BTC,1557174172324,2019-05-06T20:22:52.324Z,buy,3.6e-05,140.05,0.0050418
NAV/BTC,1557174174052,2019-05-06T20:22:54.052Z,buy,3.6e-05,37.23,0.00134028
NAV/BTC,1557174174052,2019-05-06T20:22:54.052Z,buy,3.61e-05,45.87,0.001655907
NAV/BTC,1557174177607,2019-05-06T20:22:57.607Z,buy,3.61e-05,125.46,0.004529106
NAV/BTC,1557174226052,2019-05-06T20:23:46.052Z,buy,3.61e-05,102.84,0.003712524
NAV/BTC,1557174226052,2019-05-06T20:23:46.052Z,buy,3.62e-05,145.78,0.005277236
NAV/BTC,1557174249637,2019-05-06T20:24:09.637Z,buy,3.62e-05,334.51,0.0121092619999999
NAV/BTC,1557174250231,2019-05-06T20:24:10.231Z,sell,3.62e-05,190.15,0.00688343
NAV/BTC,1557174251241,2019-05-06T20:24:11.241Z,sell,3.62e-05,275.34,0.009967308
NAV/BTC,1557174449176,2019-05-06T20:27:29.176Z,buy,3.62e-05,279.32,0.010111384
NAV/BTC,1557174512402,2019-05-06T20:28:32.402Z,sell,3.62e-05,458.59,0.016600958
NAV/BTC,1557174601860,2019-05-06T20:30:01.860Z,sell,3.62e-05,27.78,0.001005636
NAV/BTC,1557174665403,2019-05-06T20:31:05.403Z,buy,3.63e-05,68.42,0.002483646
NAV/BTC,1557175071753,2019-05-06T20:37:51.753Z,sell,3.62e-05,279.32,0.010111384
NAV/BTC,1557175081622,2019-05-06T20:38:01.622Z,sell,3.62e-05,223.46,0.008089252
NAV/BTC,1557175233106,2019-05-06T20:40:33.106Z,sell,3.62e-05,290.52,0.010516824
NAV/BTC,1557175309590,2019-05-06T20:41:49.590Z,sell,3.62e-05,400.0,0.01448
NAV/BTC,1557175492212,2019-05-06T20:44:52.212Z,sell,3.62e-05,23.82,0.0008622839999999
NAV/BTC,1557175806345,2019-05-06T20:50:06.345Z,sell,3.6e-05,72.92,0.00262512
NAV/BTC,1557175807673,2019-05-06T20:50:07.673Z,buy,3.62e-05,44.34,0.001605108
NAV/BTC,1557175807673,2019-05-06T20:50:07.673Z,buy,3.63e-05,122.33,0.004440579
NAV/BTC,1557175815421,2019-05-06T20:50:15.421Z,buy,3.61e-05,28.56,0.001031016
NAV/BTC,1557175938933,2019-05-06T20:52:18.933Z,sell,3.6e-05,33.4,0.0012024
NAV/BTC,1557175938933,2019-05-06T20:52:18.933Z,sell,3.6e-05,33.4,0.0012024
NAV/BTC,1557176587592,2019-05-06T21:03:07.592Z,buy,3.61e-05,166.67,0.006016787
NAV/BTC,1557176589895,2019-05-06T21:03:09.895Z,sell,3.6e-05,115.98,0.00417528
NAV/BTC,1557176589895,2019-05-06T21:03:09.895Z,sell,3.59e-05,27.86,0.001000174
NAV/BTC,1557176829432,2019-05-06T21:07:09.432Z,sell,3.59e-05,938.72,0.0337000479999999
NAV/BTC,1557176830501,2019-05-06T21:07:10.501Z,buy,3.59e-05,1042.11,0.0374117489999999
NAV/BTC,1557176888513,2019-05-06T21:08:08.513Z,buy,3.61e-05,59.82,0.002159502
NAV/BTC,1557177371185,2019-05-06T21:16:11.185Z,sell,3.59e-05,220.61,0.007919899
NAV/BTC,1557177372651,2019-05-06T21:16:12.651Z,sell,3.59e-05,2.23,8.0057e-05
NAV/BTC,1557177373519,2019-05-06T21:16:13.519Z,buy,3.59e-05,31.17,0.001119003
NAV/BTC,1557177609573,2019-05-06T21:20:09.573Z,buy,3.6e-05,38.33,0.00137988
NAV/BTC,1557177997867,2019-05-06T21:26:37.867Z,sell,3.59e-05,125.46,0.004504014
NAV/BTC,1557178263187,2019-05-06T21:31:03.187Z,buy,3.6e-05,81.11,0.00291996
NAV/BTC,1557178307418,2019-05-06T21:31:47.418Z,buy,3.61e-05,220.61,0.007964021
NAV/BTC,1557178307422,2019-05-06T21:31:47.422Z,buy,3.61e-05,220.61,0.007964021
NAV/BTC,1557179029922,2019-05-06T21:43:49.922Z,sell,3.6e-05,28.58,0.00102888
NAV/BTC,1557179030186,2019-05-06T21:43:50.186Z,buy,3.6e-05,123.38,0.00444168
NAV/BTC,1557179030186,2019-05-06T21:43:50.186Z,buy,3.61e-05,212.81,0.007682441
NAV/BTC,1557179030423,2019-05-06T21:43:50.423Z,buy,3.61e-05,43.62,0.001574682
NAV/BTC,1557179030585,2019-05-06T21:43:50.585Z,buy,3.61e-05,97.08,0.003504588
NAV/BTC,1557179030585,2019-05-06T21:43:50.585Z,buy,3.61e-05,97.08,0.003504588
NAV/BTC,1557179707026,2019-05-06T21:55:07.026Z,sell,3.59e-05,1000.0,0.0359
NAV/BTC,1557180065601,2019-05-06T22:01:05.601Z,sell,3.59e-05,222.84,0.0079999559999999
NAV/BTC,1557180065601,2019-05-06T22:01:05.601Z,sell,3.58e-05,3920.81,0.140364998
NAV/BTC,1557180068603,2019-05-06T22:01:08.603Z,buy,3.59e-05,167.6,0.00601684
NAV/BTC,1557180301049,2019-05-06T22:05:01.049Z,buy,3.59e-05,27.86,0.001000174
NAV/BTC,1557180305056,2019-05-06T22:05:05.056Z,buy,3.59e-05,36.25,0.001301375
NAV/BTC,1557180305056,2019-05-06T22:05:05.056Z,buy,3.6e-05,633.09,0.02279124
NAV/BTC,1557180472984,2019-05-06T22:07:52.984Z,buy,3.6e-05,104.11,0.00374796
NAV/BTC,1557180472984,2019-05-06T22:07:52.984Z,buy,3.61e-05,184.33,0.006654313
NAV/BTC,1557180659712,2019-05-06T22:10:59.712Z,sell,3.59e-05,27.86,0.001000174
NAV/BTC,1557181053620,2019-05-06T22:17:33.620Z,buy,3.61e-05,31.34,0.001131374
NAV/BTC,1557181858456,2019-05-06T22:30:58.456Z,sell,3.58e-05,146.05,0.00522859
NAV/BTC,1557181861997,2019-05-06T22:31:01.997Z,sell,3.58e-05,86.1,0.00308238
NAV/BTC,1557181915982,2019-05-06T22:31:55.982Z,buy,3.6e-05,1109.58,0.0399448799999999
NAV/BTC,1557181915982,2019-05-06T22:31:55.982Z,buy,3.61e-05,1318.06,0.047581966
NAV/BTC,1557181941868,2019-05-06T22:32:21.868Z,buy,3.61e-05,597.59,0.021572999
NAV/BTC,1557181954194,2019-05-06T22:32:34.194Z,buy,3.61e-05,448.19,0.016179659
NAV/BTC,1557181965624,2019-05-06T22:32:45.624Z,buy,3.61e-05,336.14,0.012134654
NAV/BTC,1557181985667,2019-05-06T22:33:05.667Z,buy,3.61e-05,1008.44,0.036404684
NAV/BTC,1557182013916,2019-05-06T22:33:33.916Z,sell,3.59e-05,30.65,0.0011003349999999
NAV/BTC,1557182013916,2019-05-06T22:33:33.916Z,sell,3.58e-05,26.49,0.000948342
NAV/BTC,1557182016026,2019-05-06T22:33:36.026Z,buy,3.61e-05,36.11,0.001303571
NAV/BTC,1557182471287,2019-05-06T22:41:11.287Z,sell,3.58e-05,49.39,0.001768162
NAV/BTC,1557182528041,2019-05-06T22:42:08.041Z,buy,3.6e-05,36.09,0.00129924
NAV/BTC,1557182528041,2019-05-06T22:42:08.041Z,buy,3.6e-05,36.09,0.00129924
NAV/BTC,1557183478153,2019-05-06T22:57:58.153Z,sell,3.59e-05,37.23,0.001336557
NAV/BTC,1557183559091,2019-05-06T22:59:19.091Z,sell,3.59e-05,37.22,0.0013361979999999
NAV/BTC,1557183985219,2019-05-06T23:06:25.219Z,sell,3.58e-05,1420.79,0.050864282
NAV/BTC,1557184056974,2019-05-06T23:07:36.974Z,buy,3.6e-05,69.62,0.00250632
NAV/BTC,1557184329868,2019-05-06T23:12:09.868Z,buy,3.6e-05,55.56,0.00200016
NAV/BTC,1557184860454,2019-05-06T23:21:00.454Z,sell,3.58e-05,67.54,0.002417932
NAV/BTC,1557185108441,2019-05-06T23:25:08.441Z,buy,3.6e-05,99.03,0.00356508
NAV/BTC,1557185353685,2019-05-06T23:29:13.685Z,buy,3.59e-05,36.77,0.001320043
NAV/BTC,1557185353685,2019-05-06T23:29:13.685Z,buy,3.6e-05,16.43,0.00059148
NAV/BTC,1557186047226,2019-05-06T23:40:47.226Z,sell,3.58e-05,65.7,0.00235206
NAV/BTC,1557186047226,2019-05-06T23:40:47.226Z,sell,3.58e-05,65.7,0.00235206
NAV/BTC,1557186338269,2019-05-06T23:45:38.269Z,buy,3.6e-05,998.0,0.035928
NAV/BTC,1557187238828,2019-05-07T00:00:38.828Z,sell,3.59e-05,122.52,0.004398468
NAV/BTC,1557187484877,2019-05-07T00:04:44.877Z,buy,3.6e-05,102.51,0.00369036
NAV/BTC,1557187813657,2019-05-07T00:10:13.657Z,sell,3.59e-05,109.59,0.0039342809999999
NAV/BTC,1557187868458,2019-05-07T00:11:08.458Z,buy,3.6e-05,22.27,0.00080172
NAV/BTC,1557187868458,2019-05-07T00:11:08.458Z,buy,3.61e-05,79.49,0.002869589
NAV/BTC,1557187868764,2019-05-07T00:11:08.764Z,buy,3.61e-05,337.95,0.012199995
NAV/BTC,1557187869199,2019-05-07T00:11:09.199Z,buy,3.61e-05,43.55,0.001572155
NAV/BTC,1557187870011,2019-05-07T00:11:10.011Z,buy,3.61e-05,31.12,0.001123432
NAV/BTC,1557188099309,2019-05-07T00:14:59.309Z,sell,3.6e-05,27.78,0.00100008
NAV/BTC,1557188145282,2019-05-07T00:15:45.282Z,buy,3.6e-05,129.55,0.0046638
NAV/BTC,1557188321546,2019-05-07T00:18:41.546Z,sell,3.59e-05,188.6,0.00677074
NAV/BTC,1557188324243,2019-05-07T00:18:44.243Z,buy,3.6e-05,29.28,0.00105408
NAV/BTC,1557188458940,2019-05-07T00:20:58.940Z,buy,3.61e-05,126.21,0.004556181
NAV/BTC,1557188505836,2019-05-07T00:21:45.836Z,buy,3.61e-05,184.62,0.006664782
NAV/BTC,1557188794525,2019-05-07T00:26:34.525Z,buy,3.61e-05,215.61,0.007783521
NAV/BTC,1557188824742,2019-05-07T00:27:04.742Z,buy,3.61e-05,500.0,0.01805
NAV/BTC,1557188972922,2019-05-07T00:29:32.922Z,buy,3.61e-05,1106.93,0.039960173
NAV/BTC,1557189066469,2019-05-07T00:31:06.469Z,buy,3.61e-05,102.38,0.003695918
NAV/BTC,1557189109491,2019-05-07T00:31:49.491Z,buy,3.61e-05,277.0,0.0099997
NAV/BTC,1557189218920,2019-05-07T00:33:38.920Z,buy,3.61e-05,2958.06,0.106785966
NAV/BTC,1557189232764,2019-05-07T00:33:52.764Z,buy,3.62e-05,658.53,0.0238387859999999
NAV/BTC,1557189232764,2019-05-07T00:33:52.764Z,buy,3.63e-05,885.51,0.032144013
NAV/BTC,1557189233308,2019-05-07T00:33:53.308Z,sell,3.61e-05,36.09,0.001302849
NAV/BTC,1557189233779,2019-05-07T00:33:53.779Z,sell,3.61e-05,29.28,0.001057008
NAV/BTC,1557189240717,2019-05-07T00:34:00.717Z,sell,3.61e-05,27.78,0.001002858
NAV/BTC,1557189420543,2019-05-07T00:37:00.543Z,sell,3.61e-05,580.21,0.020945581
NAV/BTC,1557189420543,2019-05-07T00:37:00.543Z,sell,3.61e-05,580.21,0.020945581
NAV/BTC,1557189660062,2019-05-07T00:41:00.062Z,sell,3.61e-05,51.05,0.001842905
NAV/BTC,1557190045395,2019-05-07T00:47:25.395Z,buy,3.62e-05,509.68,0.018450416
NAV/BTC,1557190197546,2019-05-07T00:49:57.546Z,buy,3.62e-05,32.71,0.001184102
NAV/BTC,1557190259517,2019-05-07T00:50:59.517Z,sell,3.61e-05,53.12,0.001917632
NAV/BTC,1557190562787,2019-05-07T00:56:02.787Z,buy,3.62e-05,92.44,0.003346328
NAV/BTC,1557190630551,2019-05-07T00:57:10.551Z,buy,3.62e-05,124.07,0.004491334
NAV/BTC,1557190690276,2019-05-07T00:58:10.276Z,buy,3.62e-05,110.5,0.0040000999999999
NAV/BTC,1557190849087,2019-05-07T01:00:49.087Z,sell,3.61e-05,54.03,0.001950483
NAV/BTC,1557190935885,2019-05-07T01:02:15.885Z,buy,3.62e-05,287.26,0.0103988119999999
NAV/BTC,1557191349348,2019-05-07T01:09:09.348Z,sell,3.61e-05,1831.7,0.06612437
NAV/BTC,1557191349350,2019-05-07T01:09:09.350Z,sell,3.61e-05,0.09,3.249e-06
NAV/BTC,1557191349350,2019-05-07T01:09:09.350Z,sell,3.6e-05,1109.81,0.03995316
NAV/BTC,1557191407864,2019-05-07T01:10:07.864Z,buy,3.62e-05,35.75,0.00129415
NAV/BTC,1557191408702,2019-05-07T01:10:08.702Z,buy,3.62e-05,166.67,0.006033454
NAV/BTC,1557191460938,2019-05-07T01:11:00.938Z,sell,3.6e-05,53.1,0.0019116
NAV/BTC,1557191719428,2019-05-07T01:15:19.428Z,buy,3.62e-05,961.38,0.034801956
NAV/BTC,1557191827728,2019-05-07T01:17:07.728Z,buy,3.62e-05,1107.97,0.040108514
NAV/BTC,1557191841945,2019-05-07T01:17:21.945Z,sell,3.61e-05,2174.85,0.078512085
NAV/BTC,1557191861522,2019-05-07T01:17:41.522Z,sell,3.61e-05,1533.01,0.055341661
NAV/BTC,1557191954789,2019-05-07T01:19:14.789Z,buy,3.62e-05,222.84,0.008066808
NAV/BTC,1557191954897,2019-05-07T01:19:14.897Z,buy,3.63e-05,59.72,0.002167836
NAV/BTC,1557191954897,2019-05-07T01:19:14.897Z,buy,3.63e-05,55.24,0.002005212
NAV/BTC,1557192566999,2019-05-07T01:29:26.999Z,sell,3.62e-05,102.5,0.0037105
NAV/BTC,1557192653798,2019-05-07T01:30:53.798Z,sell,3.62e-05,49.41,0.0017886419999999
NAV/BTC,1557192749067,2019-05-07T01:32:29.067Z,sell,3.62e-05,99.9,0.00361638
NAV/BTC,1557192749067,2019-05-07T01:32:29.067Z,sell,3.62e-05,99.9,0.00361638
NAV/BTC,1557193183422,2019-05-07T01:39:43.422Z,buy,3.63e-05,30.0,0.001089
NAV/BTC,1557193219578,2019-05-07T01:40:19.578Z,buy,3.63e-05,856.24,0.031081512
NAV/BTC,1557193400559,2019-05-07T01:43:20.559Z,sell,3.62e-05,379.67,0.013744054
NAV/BTC,1557193855142,2019-05-07T01:50:55.142Z,sell,3.62e-05,52.71,0.001908102
NAV/BTC,1557194013960,2019-05-07T01:53:33.960Z,sell,3.62e-05,34.32,0.001242384
NAV/BTC,1557194704127,2019-05-07T02:05:04.127Z,buy,3.63e-05,352.58,0.012798654
NAV/BTC,1557194704886,2019-05-07T02:05:04.886Z,sell,3.63e-05,592.2,0.02149686
NAV/BTC,1557194718925,2019-05-07T02:05:18.925Z,sell,3.63e-05,269.85,0.009795555
NAV/BTC,1557194761051,2019-05-07T02:06:01.051Z,sell,3.63e-05,27.71,0.001005873
NAV/BTC,1557194773298,2019-05-07T02:06:13.298Z,sell,3.63e-05,293.44,0.010651872
NAV/BTC,1557194774121,2019-05-07T02:06:14.121Z,sell,3.63e-05,33.33,0.001209879
NAV/BTC,1557194826233,2019-05-07T02:07:06.233Z,sell,3.63e-05,55.56,0.002016828
NAV/BTC,1557194826540,2019-05-07T02:07:06.540Z,sell,3.63e-05,328.69,0.011931447
NAV/BTC,1557194858076,2019-05-07T02:07:38.076Z,sell,3.63e-05,162.5,0.00589875
NAV/BTC,1557194882508,2019-05-07T02:08:02.508Z,sell,3.63e-05,329.29,0.011953227
NAV/BTC,1557194893869,2019-05-07T02:08:13.869Z,sell,3.63e-05,171.72,0.006233436
NAV/BTC,1557194935920,2019-05-07T02:08:55.920Z,sell,3.63e-05,330.13,0.011983719
NAV/BTC,1557194991562,2019-05-07T02:09:51.562Z,sell,3.63e-05,490.0,0.017787
NAV/BTC,1557194992313,2019-05-07T02:09:52.313Z,sell,3.63e-05,295.84,0.010738992
NAV/BTC,1557195046704,2019-05-07T02:10:46.704Z,sell,3.63e-05,297.16,0.010786908
NAV/BTC,1557195082959,2019-05-07T02:11:22.959Z,sell,3.63e-05,34.01,0.001234563
NAV/BTC,1557195091700,2019-05-07T02:11:31.700Z,buy,3.64e-05,2199.18,0.0800501519999999
NAV/BTC,1557195092005,2019-05-07T02:11:32.005Z,sell,3.64e-05,378.12,0.0137635679999999
NAV/BTC,1557195092158,2019-05-07T02:11:32.158Z,sell,3.63e-05,36.11,0.001310793
NAV/BTC,1557195900805,2019-05-07T02:25:00.805Z,sell,3.63e-05,1718.05,0.062365215
NAV/BTC,1557195906904,2019-05-07T02:25:06.904Z,sell,3.63e-05,1664.79,0.060431877
NAV/BTC,1557195934821,2019-05-07T02:25:34.821Z,sell,3.63e-05,800.1,0.02904363
NAV/BTC,1557196026311,2019-05-07T02:27:06.311Z,sell,3.63e-05,246.9,0.00896247
NAV/BTC,1557196072230,2019-05-07T02:27:52.230Z,sell,3.61e-05,563.39,0.020338379
NAV/BTC,1557196072366,2019-05-07T02:27:52.366Z,sell,3.61e-05,140.05,0.005055805
NAV/BTC,1557196072443,2019-05-07T02:27:52.443Z,sell,3.61e-05,89.63,0.003235643
NAV/BTC,1557196072456,2019-05-07T02:27:52.456Z,sell,3.61e-05,644.25,0.023257425
NAV/BTC,1557196072457,2019-05-07T02:27:52.457Z,sell,3.61e-05,279.84,0.010102224
NAV/BTC,1557196072466,2019-05-07T02:27:52.466Z,sell,3.61e-05,112.67,0.004067387
NAV/BTC,1557196072544,2019-05-07T02:27:52.544Z,sell,3.61e-05,83.1,0.00299991
NAV/BTC,1557196088068,2019-05-07T02:28:08.068Z,buy,3.63e-05,166.2,0.00603306
NAV/BTC,1557196257180,2019-05-07T02:30:57.180Z,sell,3.62e-05,154.77,0.005602674
NAV/BTC,1557196258541,2019-05-07T02:30:58.541Z,sell,3.62e-05,150.7,0.0054553399999999
NAV/BTC,1557196259423,2019-05-07T02:30:59.423Z,sell,3.62e-05,153.22,0.0055465639999999
NAV/BTC,1557196259510,2019-05-07T02:30:59.510Z,sell,3.62e-05,162.05,0.00586621
NAV/BTC,1557196260521,2019-05-07T02:31:00.521Z,sell,3.62e-05,119.96,0.0043425519999999
NAV/BTC,1557196262313,2019-05-07T02:31:02.313Z,sell,3.62e-05,145.78,0.005277236
NAV/BTC,1557196264570,2019-05-07T02:31:04.570Z,sell,3.62e-05,75.67,0.002739254
NAV/BTC,1557196276706,2019-05-07T02:31:16.706Z,sell,3.62e-05,1571.09,0.0568734579999999
NAV/BTC,1557196297636,2019-05-07T02:31:37.636Z,sell,3.62e-05,1805.51,0.065359462
NAV/BTC,1557196307095,2019-05-07T02:31:47.095Z,sell,3.62e-05,151.88,0.0054980559999999
NAV/BTC,1557196332237,2019-05-07T02:32:12.237Z,sell,3.62e-05,158.13,0.0057243059999999
NAV/BTC,1557196332237,2019-05-07T02:32:12.237Z,sell,3.62e-05,158.13,0.0057243059999999
NAV/BTC,1557196350158,2019-05-07T02:32:30.158Z,sell,3.62e-05,159.54,0.005775348
NAV/BTC,1557196559814,2019-05-07T02:35:59.814Z,sell,3.62e-05,1376.08,0.0498140959999999
NAV/BTC,1557196672629,2019-05-07T02:37:52.629Z,sell,3.62e-05,533.5,0.0193127
NAV/BTC,1557197173312,2019-05-07T02:46:13.312Z,sell,3.62e-05,212.5,0.0076925
NAV/BTC,1557197180122,2019-05-07T02:46:20.122Z,sell,3.62e-05,686.6,0.02485492
NAV/BTC,1557197209753,2019-05-07T02:46:49.753Z,sell,3.62e-05,850.0,0.03077
NAV/BTC,1557197490145,2019-05-07T02:51:30.145Z,sell,3.62e-05,4748.64,0.171900768
NAV/BTC,1557197510302,2019-05-07T02:51:50.302Z,sell,3.62e-05,4053.81,0.146747922
NAV/BTC,1557197511225,2019-05-07T02:51:51.225Z,sell,3.61e-05,663.99,0.023970039
NAV/BTC,1557197520735,2019-05-07T02:52:00.735Z,buy,3.61e-05,27.71,0.001000331
NAV/BTC,1557197528742,2019-05-07T02:52:08.742Z,sell,3.6e-05,211.7,0.0076212
NAV/BTC,1557197528742,2019-05-07T02:52:08.742Z,sell,3.6e-05,300.03,0.01080108
NAV/BTC,1557197529444,2019-05-07T02:52:09.444Z,buy,3.61e-05,166.2,0.00599982
NAV/BTC,1557197543303,2019-05-07T02:52:23.303Z,sell,3.6e-05,3235.82,0.11648952
NAV/BTC,1557197605322,2019-05-07T02:53:25.322Z,sell,3.6e-05,1367.74,0.04923864
NAV/BTC,1557197699172,2019-05-07T02:54:59.172Z,sell,3.6e-05,307.2,0.0110592
NAV/BTC,1557197702200,2019-05-07T02:55:02.200Z,sell,3.6e-05,55.24,0.00198864
NAV/BTC,1557197702222,2019-05-07T02:55:02.222Z,sell,3.6e-05,231.77,0.00834372
NAV/BTC,1557198115049,2019-05-07T03:01:55.049Z,sell,3.59e-05,110.8,0.00397772
NAV/BTC,1557198121548,2019-05-07T03:02:01.548Z,sell,3.58e-05,2574.73,0.092175334
NAV/BTC,1557198124144,2019-05-07T03:02:04.144Z,sell,3.59e-05,27.86,0.001000174
NAV/BTC,1557198135369,2019-05-07T03:02:15.369Z,sell,3.58e-05,332.4,0.01189992
NAV/BTC,1557198153148,2019-05-07T03:02:33.148Z,sell,3.59e-05,445.41,0.015990219
NAV/BTC,1557198168647,2019-05-07T03:02:48.647Z,sell,3.58e-05,179.3,0.00641894
NAV/BTC,1557198170128,2019-05-07T03:02:50.128Z,sell,3.58e-05,314.3,0.01125194
NAV/BTC,1557198170617,2019-05-07T03:02:50.617Z,sell,3.58e-05,144.86,0.005185988
NAV/BTC,1557198180346,2019-05-07T03:03:00.346Z,sell,3.58e-05,282.91,0.010128178
NAV/BTC,1557198211679,2019-05-07T03:03:31.679Z,buy,3.58e-05,79.69,0.002852902
NAV/BTC,1557198211704,2019-05-07T03:03:31.704Z,sell,3.58e-05,163.0,0.0058354
NAV/BTC,1557198212162,2019-05-07T03:03:32.162Z,sell,3.58e-05,121.97,0.004366526
NAV/BTC,1557198230330,2019-05-07T03:03:50.330Z,sell,3.57e-05,600.48,0.021437136
NAV/BTC,1557198235164,2019-05-07T03:03:55.164Z,sell,3.58e-05,172.99,0.006193042
NAV/BTC,1557198451094,2019-05-07T03:07:31.094Z,sell,3.58e-05,861.07,0.030826306
NAV/BTC,1557198713476,2019-05-07T03:11:53.476Z,buy,3.58e-05,106.33,0.003806614
NAV/BTC,1557198729360,2019-05-07T03:12:09.360Z,sell,3.57e-05,166.0,0.0059262
NAV/BTC,1557198749370,2019-05-07T03:12:29.370Z,sell,3.57e-05,124.07,0.0044292989999999
NAV/BTC,1557199022496,2019-05-07T03:17:02.496Z,buy,3.58e-05,63.0,0.0022554
NAV/BTC,1557199032744,2019-05-07T03:17:12.744Z,buy,3.58e-05,49.92,0.001787136
NAV/BTC,1557199182454,2019-05-07T03:19:42.454Z,buy,3.58e-05,279.32,0.009999656
NAV/BTC,1557199322018,2019-05-07T03:22:02.018Z,sell,3.57e-05,45.63,0.001628991
NAV/BTC,1557199485687,2019-05-07T03:24:45.687Z,sell,3.57e-05,225.26,0.0080417819999999
NAV/BTC,1557199658402,2019-05-07T03:27:38.402Z,sell,3.57e-05,94.59,0.003376863
NAV/BTC,1557199875894,2019-05-07T03:31:15.894Z,sell,3.57e-05,446.38,0.015935766
NAV/BTC,1557199876052,2019-05-07T03:31:16.052Z,buy,3.57e-05,208.18,0.007432026
NAV/BTC,1557199876052,2019-05-07T03:31:16.052Z,buy,3.57e-05,208.18,0.007432026
NAV/BTC,1557200079276,2019-05-07T03:34:39.276Z,buy,3.57e-05,744.53,0.026579721
NAV/BTC,1557200542918,2019-05-07T03:42:22.918Z,sell,3.57e-05,384.61,0.013730577
NAV/BTC,1557200548583,2019-05-07T03:42:28.583Z,sell,3.57e-05,128.49,0.004587093
NAV/BTC,1557200589185,2019-05-07T03:43:09.185Z,sell,3.57e-05,604.61,0.021584577
NAV/BTC,1557200705994,2019-05-07T03:45:05.994Z,sell,3.57e-05,570.05,0.020350785
NAV/BTC,1557200726184,2019-05-07T03:45:26.184Z,buy,3.58e-05,279.32,0.009999656
NAV/BTC,1557200731925,2019-05-07T03:45:31.925Z,buy,3.58e-05,217.6,0.00779008
NAV/BTC,1557201016664,2019-05-07T03:50:16.664Z,sell,3.57e-05,470.09,0.016782213
NAV/BTC,1557201329382,2019-05-07T03:55:29.382Z,buy,3.58e-05,150.0,0.00537
NAV/BTC,1557201505283,2019-05-07T03:58:25.283Z,buy,3.58e-05,679.95,0.02434221
NAV/BTC,1557201507902,2019-05-07T03:58:27.902Z,buy,3.58e-05,245.19,0.008777802
NAV/BTC,1557201828577,2019-05-07T04:03:48.577Z,buy,3.58e-05,582.6,0.02085708
NAV/BTC,1557202000050,2019-05-07T04:06:40.050Z,sell,3.57e-05,865.67,0.030904419
NAV/BTC,1557202000050,2019-05-07T04:06:40.050Z,sell,3.56e-05,898.33,0.031980548
NAV/BTC,1557202003158,2019-05-07T04:06:43.158Z,sell,3.57e-05,115.1,0.00410907
NAV/BTC,1557202072425,2019-05-07T04:07:52.425Z,sell,3.57e-05,1398.67,0.049932519
NAV/BTC,1557202072425,2019-05-07T04:07:52.425Z,sell,3.56e-05,3922.72,0.1396488319999999
NAV/BTC,1557202080450,2019-05-07T04:08:00.450Z,sell,3.56e-05,206.27,0.007343212
NAV/BTC,1557202099426,2019-05-07T04:08:19.426Z,buy,3.57e-05,109.21,0.003898797
NAV/BTC,1557202117962,2019-05-07T04:08:37.962Z,sell,3.56e-05,94.0,0.0033464
NAV/BTC,1557202360868,2019-05-07T04:12:40.868Z,buy,3.57e-05,124.06,0.004428942
NAV/BTC,1557202402130,2019-05-07T04:13:22.130Z,sell,3.56e-05,704.79,0.0250905239999999
NAV/BTC,1557202627797,2019-05-07T04:17:07.797Z,buy,3.57e-05,228.16,0.008145312
NAV/BTC,1557203198802,2019-05-07T04:26:38.802Z,buy,3.57e-05,35.34,0.001261638
NAV/BTC,1557203302013,2019-05-07T04:28:22.013Z,sell,3.56e-05,2300.77,0.081907412
NAV/BTC,1557203302013,2019-05-07T04:28:22.013Z,sell,3.56e-05,2300.77,0.081907412
NAV/BTC,1557203585605,2019-05-07T04:33:05.605Z,buy,3.57e-05,168.54,0.006016878
NAV/BTC,1557203946257,2019-05-07T04:39:06.257Z,sell,3.56e-05,40.8,0.00145248
NAV/BTC,1557204002468,2019-05-07T04:40:02.468Z,sell,3.56e-05,40.8,0.00145248
NAV/BTC,1557204399850,2019-05-07T04:46:39.850Z,sell,3.56e-05,195.0,0.0069419999999999
NAV/BTC,1557204470400,2019-05-07T04:47:50.400Z,sell,3.56e-05,306.48,0.010910688
NAV/BTC,1557204525366,2019-05-07T04:48:45.366Z,sell,3.56e-05,307.17,0.010935252
NAV/BTC,1557204580025,2019-05-07T04:49:40.025Z,sell,3.56e-05,307.86,0.010959816
NAV/BTC,1557204633981,2019-05-07T04:50:33.981Z,sell,3.56e-05,188.85,0.0067230599999999
NAV/BTC,1557204646705,2019-05-07T04:50:46.705Z,sell,3.55e-05,136.85,0.004858175
NAV/BTC,1557204667093,2019-05-07T04:51:07.093Z,buy,3.56e-05,119.69,0.004260964
NAV/BTC,1557204667093,2019-05-07T04:51:07.093Z,buy,3.57e-05,49.32,0.001760724
NAV/BTC,1557204675411,2019-05-07T04:51:15.411Z,buy,3.57e-05,42.02,0.001500114
NAV/BTC,1557205162876,2019-05-07T04:59:22.876Z,sell,3.55e-05,81.64,0.00289822
NAV/BTC,1557205365635,2019-05-07T05:02:45.635Z,sell,3.55e-05,415.09,0.014735695
NAV/BTC,1557206225759,2019-05-07T05:17:05.759Z,buy,3.56e-05,35.11,0.001249916
NAV/BTC,1557206569123,2019-05-07T05:22:49.123Z,sell,3.55e-05,214.18,0.00760339
NAV/BTC,1557206678441,2019-05-07T05:24:38.441Z,sell,3.55e-05,346.86,0.01231353
NAV/BTC,1557206678914,2019-05-07T05:24:38.914Z,buy,3.55e-05,88.02,0.00312471
NAV/BTC,1557206678914,2019-05-07T05:24:38.914Z,buy,3.56e-05,242.01,0.008615556
NAV/BTC,1557206679249,2019-05-07T05:24:39.249Z,sell,3.54e-05,57.98,0.002052492
NAV/BTC,1557206679249,2019-05-07T05:24:39.249Z,sell,3.54e-05,57.98,0.002052492
NAV/BTC,1557207176847,2019-05-07T05:32:56.847Z,sell,3.54e-05,150.8,0.00533832
NAV/BTC,1557207213941,2019-05-07T05:33:33.941Z,sell,3.54e-05,114.68,0.004059672
NAV/BTC,1557207721344,2019-05-07T05:42:01.344Z,sell,3.54e-05,406.38,0.014385852
NAV/BTC,1557207864041,2019-05-07T05:44:24.041Z,sell,3.54e-05,10005.03,0.354178062
NAV/BTC,1557207864041,2019-05-07T05:44:24.041Z,sell,3.53e-05,3544.93,0.1251360289999999
NAV/BTC,1557207864041,2019-05-07T05:44:24.041Z,sell,3.52e-05,5219.27,0.183718304
NAV/BTC,1557207864041,2019-05-07T05:44:24.041Z,sell,3.51e-05,2326.11,0.081646461
NAV/BTC,1557207867471,2019-05-07T05:44:27.471Z,sell,3.52e-05,167.44,0.005893888
NAV/BTC,1557207867608,2019-05-07T05:44:27.608Z,buy,3.54e-05,4.43,0.0001568219999999
NAV/BTC,1557207870778,2019-05-07T05:44:30.778Z,sell,3.52e-05,150.59,0.005300768
NAV/BTC,1557207870859,2019-05-07T05:44:30.859Z,buy,3.52e-05,30.53,0.001074656
NAV/BTC,1557207872813,2019-05-07T05:44:32.813Z,buy,3.52e-05,46.81,0.001647712
NAV/BTC,1557207874271,2019-05-07T05:44:34.271Z,sell,3.52e-05,60.5,0.0021296
NAV/BTC,1557207876896,2019-05-07T05:44:36.896Z,buy,3.53e-05,60.5,0.00213565
NAV/BTC,1557207877036,2019-05-07T05:44:37.036Z,sell,3.53e-05,46.81,0.001652393
NAV/BTC,1557207877205,2019-05-07T05:44:37.205Z,sell,3.53e-05,46.81,0.001652393
NAV/BTC,1557207877321,2019-05-07T05:44:37.321Z,sell,3.53e-05,46.81,0.001652393
NAV/BTC,1557207877425,2019-05-07T05:44:37.425Z,sell,3.53e-05,46.81,0.001652393
NAV/BTC,1557207877527,2019-05-07T05:44:37.527Z,sell,3.53e-05,46.81,0.001652393
NAV/BTC,1557207877611,2019-05-07T05:44:37.611Z,sell,3.53e-05,42.14,0.001487542
NAV/BTC,1557207878301,2019-05-07T05:44:38.301Z,buy,3.53e-05,41.43,0.0014624789999999
NAV/BTC,1557207900930,2019-05-07T05:45:00.930Z,buy,3.53e-05,19.07,0.000673171
NAV/BTC,1557207909866,2019-05-07T05:45:09.866Z,buy,3.54e-05,169.97,0.006016938
NAV/BTC,1557207931304,2019-05-07T05:45:31.304Z,sell,3.53e-05,9.26,0.0003268779999999
NAV/BTC,1557207931304,2019-05-07T05:45:31.304Z,sell,3.52e-05,142.88,0.005029376
NAV/BTC,1557207953754,2019-05-07T05:45:53.754Z,sell,3.52e-05,90.65,0.00319088
NAV/BTC,1557207965415,2019-05-07T05:46:05.415Z,sell,3.52e-05,34.1,0.00120032
NAV/BTC,1557207990687,2019-05-07T05:46:30.687Z,buy,3.54e-05,70.19,0.002484726
NAV/BTC,1557208068644,2019-05-07T05:47:48.644Z,sell,3.52e-05,118.22,0.004161344
NAV/BTC,1557208068644,2019-05-07T05:47:48.644Z,sell,3.51e-05,130.4,0.00457704
NAV/BTC,1557208070168,2019-05-07T05:47:50.168Z,sell,3.51e-05,59.11,0.002074761
NAV/BTC,1557208075377,2019-05-07T05:47:55.377Z,sell,3.51e-05,862.22,0.030263922
NAV/BTC,1557208098650,2019-05-07T05:48:18.650Z,buy,3.53e-05,210.37,0.0074260609999999
NAV/BTC,1557208316247,2019-05-07T05:51:56.247Z,sell,3.51e-05,42.2,0.00148122
NAV/BTC,1557208380856,2019-05-07T05:53:00.856Z,buy,3.53e-05,616.27,0.021754331
NAV/BTC,1557208695703,2019-05-07T05:58:15.703Z,sell,3.51e-05,2901.63,0.101847213
NAV/BTC,1557208853695,2019-05-07T06:00:53.695Z,sell,3.51e-05,461.68,0.016204968
NAV/BTC,1557208863872,2019-05-07T06:01:03.872Z,buy,3.52e-05,146.74,0.005165248
NAV/BTC,1557209036521,2019-05-07T06:03:56.521Z,sell,3.51e-05,5898.87,0.207050337
NAV/BTC,1557209248648,2019-05-07T06:07:28.648Z,sell,3.51e-05,709.28,0.024895728
NAV/BTC,1557209377521,2019-05-07T06:09:37.521Z,buy,3.52e-05,70.55,0.00248336
NAV/BTC,1557209463182,2019-05-07T06:11:03.182Z,sell,3.51e-05,699.63,0.024557013
NAV/BTC,1557209842629,2019-05-07T06:17:22.629Z,buy,3.52e-05,5.25,0.0001848
NAV/BTC,1557210220797,2019-05-07T06:23:40.797Z,buy,3.52e-05,85.23,0.003000096
NAV/BTC,1557210220797,2019-05-07T06:23:40.797Z,buy,3.52e-05,85.23,0.003000096
NAV/BTC,1557210330441,2019-05-07T06:25:30.441Z,buy,3.52e-05,35.51,0.001249952
NAV/BTC,1557210559490,2019-05-07T06:29:19.490Z,sell,3.51e-05,2848.03,0.099965853
NAV/BTC,1557210559750,2019-05-07T06:29:19.750Z,buy,3.52e-05,24.2,0.00085184
NAV/BTC,1557210559750,2019-05-07T06:29:19.750Z,buy,3.53e-05,20.79,0.0007338869999999
NAV/BTC,1557210616926,2019-05-07T06:30:16.926Z,buy,3.52e-05,142.88,0.005029376
NAV/BTC,1557210791157,2019-05-07T06:33:11.157Z,sell,3.52e-05,179.53,0.006319456
NAV/BTC,1557210791157,2019-05-07T06:33:11.157Z,sell,3.51e-05,1197.88,0.042045588
NAV/BTC,1557210810340,2019-05-07T06:33:30.340Z,sell,3.51e-05,102.23,0.003588273
NAV/BTC,1557210810454,2019-05-07T06:33:30.454Z,sell,3.51e-05,277.49,0.009739899
NAV/BTC,1557210810868,2019-05-07T06:33:30.868Z,sell,3.51e-05,4882.95,0.1713915449999999
NAV/BTC,1557210810868,2019-05-07T06:33:30.868Z,sell,3.5e-05,412.56,0.0144395999999999
NAV/BTC,1557210810868,2019-05-07T06:33:30.868Z,sell,3.5e-05,30.19,0.00105665
NAV/BTC,1557210843250,2019-05-07T06:34:03.250Z,sell,3.51e-05,70.62,0.002478762
NAV/BTC,1557211024028,2019-05-07T06:37:04.028Z,buy,3.51e-05,65.52,0.002299752
NAV/BTC,1557211317381,2019-05-07T06:41:57.381Z,sell,3.5e-05,256.57,0.0089799499999999
NAV/BTC,1557211687513,2019-05-07T06:48:07.513Z,buy,3.51e-05,42.68,0.001498068
NAV/BTC,1557211744468,2019-05-07T06:49:04.468Z,sell,3.5e-05,156.69,0.0054841499999999
NAV/BTC,1557211901540,2019-05-07T06:51:41.540Z,sell,3.5e-05,149.66,0.0052380999999999
NAV/BTC,1557211901552,2019-05-07T06:51:41.552Z,sell,3.5e-05,6226.58,0.2179302999999999
NAV/BTC,1557211901588,2019-05-07T06:51:41.588Z,sell,3.49e-05,1564.02,0.054584298
NAV/BTC,1557211901588,2019-05-07T06:51:41.588Z,sell,3.48e-05,1023.75,0.0356265
NAV/BTC,1557211901588,2019-05-07T06:51:41.588Z,sell,3.47e-05,1365.9,0.04739673
NAV/BTC,1557211901588,2019-05-07T06:51:41.588Z,sell,3.47e-05,185.24,0.006427828
NAV/BTC,1557211901634,2019-05-07T06:51:41.634Z,buy,3.47e-05,136.6,0.00474002
NAV/BTC,1557211901634,2019-05-07T06:51:41.634Z,buy,3.47e-05,240.99,0.008362353
NAV/BTC,1557211901637,2019-05-07T06:51:41.637Z,buy,3.47e-05,1070.6,0.03714982
NAV/BTC,1557211901758,2019-05-07T06:51:41.758Z,buy,3.47e-05,86.2,0.00299114
NAV/BTC,1557211901813,2019-05-07T06:51:41.813Z,sell,3.46e-05,86.2,0.00298252
NAV/BTC,1557211901813,2019-05-07T06:51:41.813Z,sell,3.46e-05,1200.0,0.04152
NAV/BTC,1557211901888,2019-05-07T06:51:41.888Z,buy,3.47e-05,271.59,0.009424173
NAV/BTC,1557211902549,2019-05-07T06:51:42.549Z,buy,3.48e-05,114.94,0.0039999119999999
NAV/BTC,1557211902823,2019-05-07T06:51:42.823Z,buy,3.48e-05,92.93,0.003233964
NAV/BTC,1557211910488,2019-05-07T06:51:50.488Z,sell,3.48e-05,22.01,0.000765948
NAV/BTC,1557211911103,2019-05-07T06:51:51.103Z,buy,3.48e-05,38.49,0.001339452
NAV/BTC,1557211912111,2019-05-07T06:51:52.111Z,buy,3.48e-05,29.62,0.001030776
NAV/BTC,1557211973290,2019-05-07T06:52:53.290Z,sell,3.47e-05,276.24,0.009585528
NAV/BTC,1557211973746,2019-05-07T06:52:53.746Z,sell,3.47e-05,279.32,0.009692404
NAV/BTC,1557211987107,2019-05-07T06:53:07.107Z,buy,3.48e-05,34.59,0.001203732
NAV/BTC,1557211994101,2019-05-07T06:53:14.101Z,buy,3.48e-05,116.97,0.0040705559999999
NAV/BTC,1557212000469,2019-05-07T06:53:20.469Z,buy,3.49e-05,42.98,0.0015000019999999
NAV/BTC,1557212383344,2019-05-07T06:59:43.344Z,buy,3.49e-05,107.6,0.00375524
NAV/BTC,1557212383349,2019-05-07T06:59:43.349Z,buy,3.49e-05,107.6,0.00375524
NAV/BTC,1557212389313,2019-05-07T06:59:49.313Z,buy,3.49e-05,130.1,0.00454049
NAV/BTC,1557212389325,2019-05-07T06:59:49.325Z,buy,3.49e-05,130.1,0.00454049
NAV/BTC,1557212487510,2019-05-07T07:01:27.510Z,sell,3.48e-05,38.31,0.001333188
NAV/BTC,1557212555143,2019-05-07T07:02:35.143Z,buy,3.49e-05,219.0,0.0076431
NAV/BTC,1557212980213,2019-05-07T07:09:40.213Z,buy,3.49e-05,161.8,0.00564682
NAV/BTC,1557213063003,2019-05-07T07:11:03.003Z,buy,3.49e-05,58.45,0.002039905
NAV/BTC,1557213356284,2019-05-07T07:15:56.284Z,sell,3.48e-05,85.59,0.002978532
NAV/BTC,1557213356424,2019-05-07T07:15:56.424Z,buy,3.49e-05,35.99,0.001256051
NAV/BTC,1557213451538,2019-05-07T07:17:31.538Z,buy,3.49e-05,35.81,0.001249769
NAV/BTC,1557213606377,2019-05-07T07:20:06.377Z,buy,3.49e-05,42.97,0.001499653
NAV/BTC,1557213606377,2019-05-07T07:20:06.377Z,buy,3.49e-05,42.97,0.001499653
NAV/BTC,1557213919236,2019-05-07T07:25:19.236Z,buy,3.49e-05,31.57,0.001101793
NAV/BTC,1557214046648,2019-05-07T07:27:26.648Z,buy,3.5e-05,99.92,0.0034972
NAV/BTC,1557214607847,2019-05-07T07:36:47.847Z,sell,3.49e-05,29.48,0.001028852
NAV/BTC,1557214615785,2019-05-07T07:36:55.785Z,buy,3.49e-05,34.85,0.001216265
NAV/BTC,1557214860781,2019-05-07T07:41:00.781Z,buy,3.49e-05,28.66,0.001000234
NAV/BTC,1557215435974,2019-05-07T07:50:35.974Z,buy,3.49e-05,512.05,0.0178705449999999
NAV/BTC,1557215436244,2019-05-07T07:50:36.244Z,buy,3.49e-05,45.31,0.001581319
NAV/BTC,1557215517709,2019-05-07T07:51:57.709Z,buy,3.49e-05,35.81,0.001249769
NAV/BTC,1557215803594,2019-05-07T07:56:43.594Z,sell,3.48e-05,411.17,0.014308716
NAV/BTC,1557215803594,2019-05-07T07:56:43.594Z,sell,3.47e-05,15.58,0.000540626
NAV/BTC,1557215810116,2019-05-07T07:56:50.116Z,sell,3.47e-05,205.1,0.00711697
NAV/BTC,1557215850818,2019-05-07T07:57:30.818Z,sell,3.47e-05,205.1,0.00711697
NAV/BTC,1557215879632,2019-05-07T07:57:59.632Z,buy,3.48e-05,35.96,0.001251408
NAV/BTC,1557216033916,2019-05-07T08:00:33.916Z,sell,3.47e-05,71.62,0.002485214
NAV/BTC,1557216293382,2019-05-07T08:04:53.382Z,buy,3.48e-05,444.94,0.0154839119999999
NAV/BTC,1557216324018,2019-05-07T08:05:24.018Z,buy,3.49e-05,146.53,0.005113897
NAV/BTC,1557216324024,2019-05-07T08:05:24.024Z,buy,3.49e-05,146.53,0.005113897
NAV/BTC,1557216324026,2019-05-07T08:05:24.026Z,buy,3.49e-05,77.57,0.0027071929999999
NAV/BTC,1557216324208,2019-05-07T08:05:24.208Z,buy,3.5e-05,146.53,0.00512855
NAV/BTC,1557216334689,2019-05-07T08:05:34.689Z,sell,3.49e-05,146.53,0.005113897
NAV/BTC,1557216341798,2019-05-07T08:05:41.798Z,sell,3.49e-05,34.85,0.001216265
NAV/BTC,1557216342372,2019-05-07T08:05:42.372Z,sell,3.49e-05,111.5,0.00389135
NAV/BTC,1557216342372,2019-05-07T08:05:42.372Z,sell,3.48e-05,368.87,0.012836676
NAV/BTC,1557216441729,2019-05-07T08:07:21.729Z,buy,3.49e-05,540.93,0.0188784569999999
NAV/BTC,1557216444921,2019-05-07T08:07:24.921Z,sell,3.49e-05,144.76,0.005052124
NAV/BTC,1557216553174,2019-05-07T08:09:13.174Z,buy,3.49e-05,35.81,0.001249769
NAV/BTC,1557217075104,2019-05-07T08:17:55.104Z,buy,3.49e-05,35.81,0.001249769
NAV/BTC,1557217075104,2019-05-07T08:17:55.104Z,buy,3.49e-05,35.81,0.001249769
NAV/BTC,1557217244762,2019-05-07T08:20:44.762Z,buy,3.49e-05,50.0,0.001745
NAV/BTC,1557217361357,2019-05-07T08:22:41.357Z,buy,3.49e-05,34.09,0.001189741
NAV/BTC,1557217374503,2019-05-07T08:22:54.503Z,buy,3.49e-05,203.96,0.007118204
NAV/BTC,1557217603496,2019-05-07T08:26:43.496Z,sell,3.48e-05,71.62,0.002492376
NAV/BTC,1557217603974,2019-05-07T08:26:43.974Z,buy,3.5e-05,29.55,0.00103425
NAV/BTC,1557217790742,2019-05-07T08:29:50.742Z,sell,3.48e-05,77.57,0.0026994359999999
NAV/BTC,1557217791542,2019-05-07T08:29:51.542Z,buy,3.5e-05,51.13,0.00178955
NAV/BTC,1557217791738,2019-05-07T08:29:51.738Z,buy,3.5e-05,30.1,0.0010535
NAV/BTC,1557217802895,2019-05-07T08:30:02.895Z,sell,3.49e-05,29.48,0.001028852
NAV/BTC,1557217803237,2019-05-07T08:30:03.237Z,buy,3.5e-05,848.26,0.0296890999999999
NAV/BTC,1557217803686,2019-05-07T08:30:03.686Z,buy,3.5e-05,1497.36,0.0524075999999999
NAV/BTC,1557217803686,2019-05-07T08:30:03.686Z,buy,3.51e-05,2462.59,0.086436909
NAV/BTC,1557217803705,2019-05-07T08:30:03.705Z,sell,3.51e-05,930.1,0.03264651
NAV/BTC,1557217803712,2019-05-07T08:30:03.712Z,sell,3.51e-05,136.73,0.0047992229999999
NAV/BTC,1557217804527,2019-05-07T08:30:04.527Z,buy,3.5e-05,321.98,0.0112693
NAV/BTC,1557217810965,2019-05-07T08:30:10.965Z,sell,3.5e-05,130.22,0.0045577
NAV/BTC,1557217815531,2019-05-07T08:30:15.531Z,buy,3.5e-05,29.45,0.00103075
NAV/BTC,1557218002912,2019-05-07T08:33:22.912Z,sell,3.49e-05,36.39,0.001270011
NAV/BTC,1557218008544,2019-05-07T08:33:28.544Z,buy,3.5e-05,29.45,0.00103075
NAV/BTC,1557218009332,2019-05-07T08:33:29.332Z,buy,3.51e-05,113.96,0.003999996
NAV/BTC,1557218009400,2019-05-07T08:33:29.400Z,buy,3.51e-05,16.26,0.000570726
NAV/BTC,1557218009946,2019-05-07T08:33:29.946Z,sell,3.51e-05,35.99,0.001263249
NAV/BTC,1557218036567,2019-05-07T08:33:56.567Z,sell,3.51e-05,35.8,0.00125658
NAV/BTC,1557218036719,2019-05-07T08:33:56.719Z,sell,3.51e-05,25.91,0.000909441
NAV/BTC,1557218044599,2019-05-07T08:34:04.599Z,buy,3.51e-05,28.78,0.001010178
NAV/BTC,1557218120424,2019-05-07T08:35:20.424Z,buy,3.51e-05,35.61,0.001249911
NAV/BTC,1557218127651,2019-05-07T08:35:27.651Z,buy,3.51e-05,153.51,0.005388201
NAV/BTC,1557218130850,2019-05-07T08:35:30.850Z,sell,3.51e-05,110.7,0.00388557
NAV/BTC,1557218178474,2019-05-07T08:36:18.474Z,buy,3.52e-05,254.28,0.008950656
NAV/BTC,1557218178474,2019-05-07T08:36:18.474Z,buy,3.53e-05,1969.33,0.0695173489999999
NAV/BTC,1557218178474,2019-05-07T08:36:18.474Z,buy,3.54e-05,89.62,0.003172548
NAV/BTC,1557218178474,2019-05-07T08:36:18.474Z,buy,3.55e-05,377.0,0.0133835
NAV/BTC,1557218178474,2019-05-07T08:36:18.474Z,buy,3.57e-05,609.77,0.021768789
NAV/BTC,1557218179116,2019-05-07T08:36:19.116Z,sell,3.53e-05,29.14,0.001028642
NAV/BTC,1557218179148,2019-05-07T08:36:19.148Z,sell,3.52e-05,614.1,0.02161632
NAV/BTC,1557218179156,2019-05-07T08:36:19.156Z,sell,3.52e-05,620.3,0.02183456
NAV/BTC,1557218179805,2019-05-07T08:36:19.805Z,sell,3.54e-05,137.0,0.0048498
NAV/BTC,1557218179821,2019-05-07T08:36:19.821Z,sell,3.54e-05,91.42,0.003236268
NAV/BTC,1557218183660,2019-05-07T08:36:23.660Z,sell,3.52e-05,28.71,0.001010592
NAV/BTC,1557218187313,2019-05-07T08:36:27.313Z,buy,3.54e-05,253.52,0.008974608
NAV/BTC,1557218259176,2019-05-07T08:37:39.176Z,sell,3.53e-05,37.89,0.0013375169999999
NAV/BTC,1557218259176,2019-05-07T08:37:39.176Z,sell,3.52e-05,5.09,0.000179168
NAV/BTC,1557218444521,2019-05-07T08:40:44.521Z,sell,3.52e-05,111.77,0.003934304
NAV/BTC,1557218456988,2019-05-07T08:40:56.988Z,sell,3.52e-05,429.91,0.015132832
NAV/BTC,1557218639494,2019-05-07T08:43:59.494Z,sell,3.52e-05,35.61,0.001253472
NAV/BTC,1557218792826,2019-05-07T08:46:32.826Z,buy,3.53e-05,28.62,0.001010286
NAV/BTC,1557218941650,2019-05-07T08:49:01.650Z,buy,3.53e-05,0.09,3.177e-06
NAV/BTC,1557218957449,2019-05-07T08:49:17.449Z,buy,3.54e-05,55.05,0.0019487699999999
NAV/BTC,1557219298488,2019-05-07T08:54:58.488Z,sell,3.53e-05,29.14,0.001028642
NAV/BTC,1557219298488,2019-05-07T08:54:58.488Z,sell,3.52e-05,1109.9,0.03906848
NAV/BTC,1557219309204,2019-05-07T08:55:09.204Z,buy,3.54e-05,56.49,0.001999746
NAV/BTC,1557219333922,2019-05-07T08:55:33.922Z,buy,3.54e-05,32.94,0.0011660759999999
NAV/BTC,1557219334474,2019-05-07T08:55:34.474Z,buy,3.54e-05,842.69,0.029831226
NAV/BTC,1557219334641,2019-05-07T08:55:34.641Z,buy,3.54e-05,56.49,0.001999746
NAV/BTC,1557219341762,2019-05-07T08:55:41.762Z,sell,3.52e-05,29.23,0.001028896
NAV/BTC,1557219343010,2019-05-07T08:55:43.010Z,buy,3.52e-05,6.38,0.000224576
NAV/BTC,1557219532692,2019-05-07T08:58:52.692Z,buy,3.52e-05,45.54,0.001603008
NAV/BTC,1557219652323,2019-05-07T09:00:52.323Z,sell,3.51e-05,42.89,0.001505439
NAV/BTC,1557219918551,2019-05-07T09:05:18.551Z,buy,3.53e-05,34.15,0.0012054949999999
NAV/BTC,1557219918551,2019-05-07T09:05:18.551Z,buy,3.53e-05,34.15,0.0012054949999999
NAV/BTC,1557222171488,2019-05-07T09:42:51.488Z,sell,3.52e-05,724.72,0.025510144
NAV/BTC,1557222171488,2019-05-07T09:42:51.488Z,sell,3.51e-05,1344.11,0.0471782609999999
NAV/BTC,1557222451510,2019-05-07T09:47:31.510Z,sell,3.51e-05,88.0,0.0030888
NAV/BTC,1557222875129,2019-05-07T09:54:35.129Z,sell,3.51e-05,554.74,0.019471374
NAV/BTC,1557222875129,2019-05-07T09:54:35.129Z,sell,3.51e-05,554.74,0.019471374
NAV/BTC,1557223606545,2019-05-07T10:06:46.545Z,sell,3.51e-05,237.35,0.0083309849999999
NAV/BTC,1557223611356,2019-05-07T10:06:51.356Z,buy,3.53e-05,197.54,0.0069731619999999
NAV/BTC,1557223612593,2019-05-07T10:06:52.593Z,buy,3.53e-05,351.16,0.012395948
NAV/BTC,1557223614783,2019-05-07T10:06:54.783Z,buy,3.53e-05,283.28,0.0099997839999999
NAV/BTC,1557223818820,2019-05-07T10:10:18.820Z,buy,3.53e-05,283.28,0.0099997839999999
NAV/BTC,1557223880409,2019-05-07T10:11:20.409Z,sell,3.51e-05,38.67,0.001357317
NAV/BTC,1557223885066,2019-05-07T10:11:25.066Z,sell,3.52e-05,56.81,0.001999712
NAV/BTC,1557223983966,2019-05-07T10:13:03.966Z,sell,3.51e-05,416.88,0.0146324879999999
NAV/BTC,1557223983966,2019-05-07T10:13:03.966Z,sell,3.5e-05,2437.41,0.0853093499999999
NAV/BTC,1557223991986,2019-05-07T10:13:11.986Z,sell,3.5e-05,79.16,0.0027706
NAV/BTC,1557223992809,2019-05-07T10:13:12.809Z,sell,3.49e-05,833.33,0.029083217
NAV/BTC,1557223996313,2019-05-07T10:13:16.313Z,buy,3.5e-05,29.45,0.00103075
NAV/BTC,1557224004256,2019-05-07T10:13:24.256Z,sell,3.5e-05,32.9,0.0011514999999999
NAV/BTC,1557224233073,2019-05-07T10:17:13.073Z,sell,3.5e-05,1562.54,0.0546888999999999
NAV/BTC,1557224234082,2019-05-07T10:17:14.082Z,sell,3.49e-05,871.62,0.030419538
NAV/BTC,1557224234153,2019-05-07T10:17:14.153Z,sell,3.49e-05,2437.4,0.08506526
NAV/BTC,1557224234938,2019-05-07T10:17:14.938Z,buy,3.49e-05,62.46,0.002179854
NAV/BTC,1557224235042,2019-05-07T10:17:15.042Z,buy,3.49e-05,41.64,0.001453236
NAV/BTC,1557224235042,2019-05-07T10:17:15.042Z,buy,3.5e-05,1103.68,0.0386288
NAV/BTC,1557224235549,2019-05-07T10:17:15.549Z,buy,3.49e-05,88.13,0.003075737
NAV/BTC,1557224235553,2019-05-07T10:17:15.553Z,buy,3.49e-05,88.13,0.003075737
NAV/BTC,1557224326765,2019-05-07T10:18:46.765Z,sell,3.48e-05,2974.43,0.1035101639999999
NAV/BTC,1557224326765,2019-05-07T10:18:46.765Z,sell,3.47e-05,16018.93,0.555856871
NAV/BTC,1557224326765,2019-05-07T10:18:46.765Z,sell,3.46e-05,6564.66,0.227137236
NAV/BTC,1557224326765,2019-05-07T10:18:46.765Z,sell,3.45e-05,11240.04,0.38778138
NAV/BTC,1557224326765,2019-05-07T10:18:46.765Z,sell,3.45e-05,50.0,0.001725
NAV/BTC,1557224326765,2019-05-07T10:18:46.765Z,sell,3.45e-05,7846.3,0.27069735
NAV/BTC,1557224327476,2019-05-07T10:18:47.476Z,sell,3.47e-05,194.78,0.006758866
NAV/BTC,1557224329127,2019-05-07T10:18:49.127Z,sell,3.47e-05,47.34,0.001642698
NAV/BTC,1557224329183,2019-05-07T10:18:49.183Z,sell,3.47e-05,351.16,0.012185252
NAV/BTC,1557224330880,2019-05-07T10:18:50.880Z,sell,3.47e-05,150.0,0.005205
NAV/BTC,1557224336065,2019-05-07T10:18:56.065Z,sell,3.47e-05,60.5,0.00209935
NAV/BTC,1557224361299,2019-05-07T10:19:21.299Z,sell,3.47e-05,88.13,0.003058111
NAV/BTC,1557224366700,2019-05-07T10:19:26.700Z,sell,3.47e-05,557.1,0.01933137
NAV/BTC,1557224385864,2019-05-07T10:19:45.864Z,sell,3.47e-05,252.42,0.008758974
NAV/BTC,1557224389167,2019-05-07T10:19:49.167Z,sell,3.47e-05,734.1,0.02547327
NAV/BTC,1557224398309,2019-05-07T10:19:58.309Z,sell,3.47e-05,117.65,0.004082455
NAV/BTC,1557224423685,2019-05-07T10:20:23.685Z,sell,3.47e-05,312.1,0.01082987
NAV/BTC,1557224483224,2019-05-07T10:21:23.224Z,buy,3.48e-05,980.31,0.034114788
NAV/BTC,1557224497856,2019-05-07T10:21:37.856Z,buy,3.48e-05,5.0,0.000174
NAV/BTC,1557224567664,2019-05-07T10:22:47.664Z,sell,3.47e-05,815.46,0.028296462
NAV/BTC,1557224567736,2019-05-07T10:22:47.736Z,sell,3.47e-05,231.76,0.008042072
NAV/BTC,1557224617301,2019-05-07T10:23:37.301Z,sell,3.47e-05,1607.45,0.055778515
NAV/BTC,1557224626537,2019-05-07T10:23:46.537Z,sell,3.47e-05,194.78,0.006758866
NAV/BTC,1557224626569,2019-05-07T10:23:46.569Z,sell,3.47e-05,183.22,0.006357734
NAV/BTC,1557224626628,2019-05-07T10:23:46.628Z,sell,3.47e-05,194.76,0.006758172
NAV/BTC,1557224626646,2019-05-07T10:23:46.646Z,sell,3.47e-05,194.76,0.006758172
NAV/BTC,1557224626679,2019-05-07T10:23:46.679Z,sell,3.47e-05,194.72,0.006756784
NAV/BTC,1557224626730,2019-05-07T10:23:46.730Z,sell,3.47e-05,194.73,0.006757131
NAV/BTC,1557224626976,2019-05-07T10:23:46.976Z,sell,3.47e-05,194.72,0.006756784
NAV/BTC,1557224626981,2019-05-07T10:23:46.981Z,sell,3.47e-05,194.76,0.006758172
NAV/BTC,1557224626990,2019-05-07T10:23:46.990Z,sell,3.47e-05,194.72,0.006756784
NAV/BTC,1557224631507,2019-05-07T10:23:51.507Z,sell,3.47e-05,194.72,0.006756784
NAV/BTC,1557224703972,2019-05-07T10:25:03.972Z,sell,3.47e-05,1003.88,0.034834636
NAV/BTC,1557224990392,2019-05-07T10:29:50.392Z,sell,3.47e-05,317.68,0.011023496
NAV/BTC,1557225037264,2019-05-07T10:30:37.264Z,sell,3.47e-05,192.54,0.006681138
NAV/BTC,1557225147234,2019-05-07T10:32:27.234Z,buy,3.48e-05,1456.25,0.0506775
NAV/BTC,1557225149723,2019-05-07T10:32:29.723Z,buy,3.48e-05,197.54,0.0068743919999999
NAV/BTC,1557225360795,2019-05-07T10:36:00.795Z,sell,3.47e-05,186.69,0.006478143
NAV/BTC,1557225364287,2019-05-07T10:36:04.287Z,sell,3.47e-05,160.9,0.00558323
NAV/BTC,1557225448596,2019-05-07T10:37:28.596Z,sell,3.47e-05,95.65,0.003319055
NAV/BTC,1557225541219,2019-05-07T10:39:01.219Z,buy,3.48e-05,4.92,0.000171216
NAV/BTC,1557225653913,2019-05-07T10:40:53.913Z,buy,3.48e-05,50.16,0.0017455679999999
NAV/BTC,1557225733679,2019-05-07T10:42:13.679Z,sell,3.47e-05,457.8,0.01588566
NAV/BTC,1557225812126,2019-05-07T10:43:32.126Z,sell,3.47e-05,124.06,0.004304882
NAV/BTC,1557225907464,2019-05-07T10:45:07.464Z,sell,3.47e-05,487.55,0.016917985
NAV/BTC,1557225967703,2019-05-07T10:46:07.703Z,sell,3.47e-05,1998.0,0.0693306
NAV/BTC,1557226059038,2019-05-07T10:47:39.038Z,sell,3.47e-05,98.21,0.003407887
NAV/BTC,1557226229803,2019-05-07T10:50:29.803Z,sell,3.47e-05,113.96,0.003954412
NAV/BTC,1557226230329,2019-05-07T10:50:30.329Z,sell,3.47e-05,113.96,0.003954412
NAV/BTC,1557226233556,2019-05-07T10:50:33.556Z,sell,3.47e-05,114.94,0.003988418
NAV/BTC,1557226234118,2019-05-07T10:50:34.118Z,sell,3.47e-05,46.59,0.001616673
NAV/BTC,1557226235394,2019-05-07T10:50:35.394Z,sell,3.46e-05,171.02,0.005917292
NAV/BTC,1557226235395,2019-05-07T10:50:35.395Z,buy,3.47e-05,297.09,0.010309023
NAV/BTC,1557226235712,2019-05-07T10:50:35.712Z,sell,3.47e-05,62.35,0.002163545
NAV/BTC,1557226243054,2019-05-07T10:50:43.054Z,buy,3.48e-05,57.47,0.0019999559999999
NAV/BTC,1557226244905,2019-05-07T10:50:44.905Z,sell,3.47e-05,184.3,0.00639521
NAV/BTC,1557226246886,2019-05-07T10:50:46.886Z,buy,3.47e-05,56.69,0.001967143
NAV/BTC,1557226247576,2019-05-07T10:50:47.576Z,buy,3.47e-05,55.89,0.001939383
NAV/BTC,1557226249290,2019-05-07T10:50:49.290Z,buy,3.47e-05,79.07,0.002743729
NAV/BTC,1557226249780,2019-05-07T10:50:49.780Z,sell,3.46e-05,110.8,0.00383368
NAV/BTC,1557226250057,2019-05-07T10:50:50.057Z,buy,3.47e-05,56.0,0.0019432
NAV/BTC,1557226250831,2019-05-07T10:50:50.831Z,buy,3.47e-05,47.4,0.00164478
NAV/BTC,1557226251090,2019-05-07T10:50:51.090Z,buy,3.47e-05,55.96,0.001941812
NAV/BTC,1557226251759,2019-05-07T10:50:51.759Z,buy,3.47e-05,55.89,0.001939383
NAV/BTC,1557226252302,2019-05-07T10:50:52.302Z,buy,3.47e-05,55.89,0.001939383
NAV/BTC,1557226253482,2019-05-07T10:50:53.482Z,buy,3.47e-05,55.89,0.001939383
NAV/BTC,1557226253935,2019-05-07T10:50:53.935Z,buy,3.47e-05,56.09,0.001946323
NAV/BTC,1557226254298,2019-05-07T10:50:54.298Z,buy,3.47e-05,56.0,0.0019432
NAV/BTC,1557226256821,2019-05-07T10:50:56.821Z,sell,3.46e-05,44.12,0.001526552
NAV/BTC,1557226259275,2019-05-07T10:50:59.275Z,buy,3.47e-05,55.89,0.001939383
NAV/BTC,1557226261841,2019-05-07T10:51:01.841Z,sell,3.46e-05,253.52,0.008771792
NAV/BTC,1557226299173,2019-05-07T10:51:39.173Z,sell,3.46e-05,277.0,0.0095842
NAV/BTC,1557226299173,2019-05-07T10:51:39.173Z,sell,3.46e-05,277.0,0.0095842
NAV/BTC,1557226500495,2019-05-07T10:55:00.495Z,sell,3.46e-05,6423.97,0.222269362
NAV/BTC,1557226500495,2019-05-07T10:55:00.495Z,sell,3.45e-05,3321.25,0.114583125
NAV/BTC,1557226500495,2019-05-07T10:55:00.495Z,sell,3.44e-05,5315.08,0.182838752
NAV/BTC,1557226500495,2019-05-07T10:55:00.495Z,sell,3.43e-05,322.47,0.011060721
NAV/BTC,1557226500495,2019-05-07T10:55:00.495Z,sell,3.43e-05,418.21,0.014344603
NAV/BTC,1557226501484,2019-05-07T10:55:01.484Z,sell,3.44e-05,848.26,0.029180144
NAV/BTC,1557226503065,2019-05-07T10:55:03.065Z,buy,3.46e-05,200.0,0.00692
NAV/BTC,1557226504150,2019-05-07T10:55:04.150Z,sell,3.44e-05,1802.33,0.062000152
NAV/BTC,1557226504150,2019-05-07T10:55:04.150Z,sell,3.43e-05,328.17,0.011256231
NAV/BTC,1557226504721,2019-05-07T10:55:04.721Z,buy,3.46e-05,200.0,0.00692
NAV/BTC,1557226505191,2019-05-07T10:55:05.191Z,buy,3.44e-05,49.18,0.001691792
NAV/BTC,1557226506322,2019-05-07T10:55:06.322Z,buy,3.46e-05,200.0,0.00692
NAV/BTC,1557226506596,2019-05-07T10:55:06.596Z,buy,3.46e-05,45.07,0.001559422
NAV/BTC,1557226507062,2019-05-07T10:55:07.062Z,sell,3.43e-05,54.5,0.00186935
NAV/BTC,1557226507182,2019-05-07T10:55:07.182Z,sell,3.43e-05,81.75,0.002804025
NAV/BTC,1557226507924,2019-05-07T10:55:07.924Z,buy,3.46e-05,200.0,0.00692
NAV/BTC,1557226509514,2019-05-07T10:55:09.514Z,buy,3.46e-05,200.0,0.00692
NAV/BTC,1557226511110,2019-05-07T10:55:11.110Z,buy,3.46e-05,200.0,0.00692
NAV/BTC,1557226515916,2019-05-07T10:55:15.916Z,buy,3.46e-05,200.0,0.00692
NAV/BTC,1557226517510,2019-05-07T10:55:17.510Z,buy,3.46e-05,100.0,0.00346
NAV/BTC,1557226519100,2019-05-07T10:55:19.100Z,buy,3.46e-05,200.0,0.00692
NAV/BTC,1557226521426,2019-05-07T10:55:21.426Z,buy,3.46e-05,200.0,0.00692
NAV/BTC,1557226523020,2019-05-07T10:55:23.020Z,buy,3.46e-05,200.0,0.00692
NAV/BTC,1557226571308,2019-05-07T10:56:11.308Z,buy,3.45e-05,34.89,0.001203705
NAV/BTC,1557226571308,2019-05-07T10:56:11.308Z,buy,3.46e-05,165.11,0.005712806
NAV/BTC,1557226583397,2019-05-07T10:56:23.397Z,buy,3.46e-05,200.0,0.00692
NAV/BTC,1557226584996,2019-05-07T10:56:24.996Z,buy,3.46e-05,200.0,0.00692
NAV/BTC,1557226586591,2019-05-07T10:56:26.591Z,buy,3.46e-05,200.0,0.00692
NAV/BTC,1557226588180,2019-05-07T10:56:28.180Z,buy,3.46e-05,200.0,0.00692
NAV/BTC,1557226589781,2019-05-07T10:56:29.781Z,buy,3.46e-05,200.0,0.00692
NAV/BTC,1557226666821,2019-05-07T10:57:46.821Z,buy,3.46e-05,96.98,0.003355508
NAV/BTC,1557226675863,2019-05-07T10:57:55.863Z,buy,3.47e-05,43.07,0.001494529
NAV/BTC,1557226812825,2019-05-07T11:00:12.825Z,sell,3.46e-05,1562.55,0.05406423
NAV/BTC,1557226813588,2019-05-07T11:00:13.588Z,buy,3.46e-05,200.0,0.00692
NAV/BTC,1557226815426,2019-05-07T11:00:15.426Z,buy,3.46e-05,200.0,0.00692
NAV/BTC,1557226817008,2019-05-07T11:00:17.008Z,buy,3.46e-05,200.0,0.00692
NAV/BTC,1557226818591,2019-05-07T11:00:18.591Z,buy,3.46e-05,200.0,0.00692
NAV/BTC,1557226820178,2019-05-07T11:00:20.178Z,buy,3.46e-05,200.0,0.00692
NAV/BTC,1557226821774,2019-05-07T11:00:21.774Z,buy,3.46e-05,200.0,0.00692
NAV/BTC,1557226823807,2019-05-07T11:00:23.807Z,buy,3.46e-05,200.0,0.00692
NAV/BTC,1557226825832,2019-05-07T11:00:25.832Z,buy,3.46e-05,200.0,0.00692
NAV/BTC,1557226827653,2019-05-07T11:00:27.653Z,buy,3.46e-05,200.0,0.00692
NAV/BTC,1557226829480,2019-05-07T11:00:29.480Z,buy,3.46e-05,200.0,0.00692
NAV/BTC,1557226831069,2019-05-07T11:00:31.069Z,buy,3.46e-05,200.0,0.00692
NAV/BTC,1557226832901,2019-05-07T11:00:32.901Z,buy,3.46e-05,200.0,0.00692
NAV/BTC,1557226834497,2019-05-07T11:00:34.497Z,buy,3.46e-05,200.0,0.00692
NAV/BTC,1557226836083,2019-05-07T11:00:36.083Z,buy,3.46e-05,200.0,0.00692
NAV/BTC,1557226837699,2019-05-07T11:00:37.699Z,buy,3.46e-05,200.0,0.00692
NAV/BTC,1557226839305,2019-05-07T11:00:39.305Z,buy,3.46e-05,200.0,0.00692
NAV/BTC,1557226840905,2019-05-07T11:00:40.905Z,buy,3.45e-05,200.0,0.0069
NAV/BTC,1557226842495,2019-05-07T11:00:42.495Z,buy,3.45e-05,200.0,0.0069
NAV/BTC,1557226844080,2019-05-07T11:00:44.080Z,buy,3.45e-05,200.0,0.0069
NAV/BTC,1557226845713,2019-05-07T11:00:45.713Z,buy,3.45e-05,200.0,0.0069
NAV/BTC,1557226847307,2019-05-07T11:00:47.307Z,buy,3.45e-05,200.0,0.0069
NAV/BTC,1557226848895,2019-05-07T11:00:48.895Z,buy,3.45e-05,200.0,0.0069
NAV/BTC,1557226850526,2019-05-07T11:00:50.526Z,buy,3.45e-05,200.0,0.0069
NAV/BTC,1557226852118,2019-05-07T11:00:52.118Z,buy,3.45e-05,200.0,0.0069
NAV/BTC,1557226853725,2019-05-07T11:00:53.725Z,buy,3.45e-05,200.0,0.0069
NAV/BTC,1557226855316,2019-05-07T11:00:55.316Z,buy,3.45e-05,200.0,0.0069
NAV/BTC,1557226856912,2019-05-07T11:00:56.912Z,buy,3.45e-05,87.05,0.0030032249999999
NAV/BTC,1557226856912,2019-05-07T11:00:56.912Z,buy,3.46e-05,112.95,0.00390807
NAV/BTC,1557226858524,2019-05-07T11:00:58.524Z,buy,3.46e-05,200.0,0.00692
NAV/BTC,1557226860138,2019-05-07T11:01:00.138Z,buy,3.46e-05,200.0,0.00692
NAV/BTC,1557226861734,2019-05-07T11:01:01.734Z,buy,3.46e-05,200.0,0.00692
NAV/BTC,1557226863335,2019-05-07T11:01:03.335Z,buy,3.46e-05,200.0,0.00692
NAV/BTC,1557226864913,2019-05-07T11:01:04.913Z,buy,3.46e-05,200.0,0.00692
NAV/BTC,1557226866501,2019-05-07T11:01:06.501Z,buy,3.46e-05,200.0,0.00692
NAV/BTC,1557226868116,2019-05-07T11:01:08.116Z,buy,3.46e-05,200.0,0.00692
NAV/BTC,1557226869719,2019-05-07T11:01:09.719Z,buy,3.46e-05,200.0,0.00692
NAV/BTC,1557226871308,2019-05-07T11:01:11.308Z,buy,3.46e-05,200.0,0.00692
NAV/BTC,1557226872893,2019-05-07T11:01:12.893Z,buy,3.46e-05,200.0,0.00692
NAV/BTC,1557226874491,2019-05-07T11:01:14.491Z,buy,3.46e-05,200.0,0.00692
NAV/BTC,1557226876582,2019-05-07T11:01:16.582Z,buy,3.46e-05,200.0,0.00692
NAV/BTC,1557226878167,2019-05-07T11:01:18.167Z,buy,3.46e-05,200.0,0.00692
NAV/BTC,1557226879773,2019-05-07T11:01:19.773Z,buy,3.46e-05,200.0,0.00692
NAV/BTC,1557226881352,2019-05-07T11:01:21.352Z,buy,3.46e-05,200.0,0.00692
NAV/BTC,1557226883165,2019-05-07T11:01:23.165Z,buy,3.46e-05,200.0,0.00692
NAV/BTC,1557226884985,2019-05-07T11:01:24.985Z,buy,3.46e-05,200.0,0.00692
NAV/BTC,1557226886823,2019-05-07T11:01:26.823Z,buy,3.46e-05,200.0,0.00692
NAV/BTC,1557226888417,2019-05-07T11:01:28.417Z,buy,3.46e-05,200.0,0.00692
NAV/BTC,1557226890034,2019-05-07T11:01:30.034Z,buy,3.46e-05,200.0,0.00692
NAV/BTC,1557226891664,2019-05-07T11:01:31.664Z,buy,3.46e-05,200.0,0.00692
NAV/BTC,1557226893241,2019-05-07T11:01:33.241Z,buy,3.46e-05,200.0,0.00692
NAV/BTC,1557226894839,2019-05-07T11:01:34.839Z,buy,3.46e-05,200.0,0.00692
NAV/BTC,1557226896452,2019-05-07T11:01:36.452Z,buy,3.46e-05,200.0,0.00692
NAV/BTC,1557226898058,2019-05-07T11:01:38.058Z,buy,3.46e-05,200.0,0.00692
NAV/BTC,1557226899647,2019-05-07T11:01:39.647Z,buy,3.46e-05,200.0,0.00692
NAV/BTC,1557226901270,2019-05-07T11:01:41.270Z,buy,3.46e-05,200.0,0.00692
NAV/BTC,1557226902864,2019-05-07T11:01:42.864Z,buy,3.46e-05,200.0,0.00692
NAV/BTC,1557226904455,2019-05-07T11:01:44.455Z,buy,3.46e-05,200.0,0.00692
NAV/BTC,1557226906058,2019-05-07T11:01:46.058Z,buy,3.46e-05,200.0,0.00692
NAV/BTC,1557226907666,2019-05-07T11:01:47.666Z,buy,3.46e-05,200.0,0.00692
NAV/BTC,1557226909249,2019-05-07T11:01:49.249Z,buy,3.46e-05,200.0,0.00692
NAV/BTC,1557226910851,2019-05-07T11:01:50.851Z,buy,3.46e-05,200.0,0.00692
NAV/BTC,1557226912456,2019-05-07T11:01:52.456Z,buy,3.46e-05,200.0,0.00692
NAV/BTC,1557226914039,2019-05-07T11:01:54.039Z,buy,3.46e-05,200.0,0.00692
NAV/BTC,1557226915652,2019-05-07T11:01:55.652Z,buy,3.46e-05,200.0,0.00692
NAV/BTC,1557226917250,2019-05-07T11:01:57.250Z,buy,3.46e-05,200.0,0.00692
NAV/BTC,1557226918854,2019-05-07T11:01:58.854Z,buy,3.46e-05,200.0,0.00692
NAV/BTC,1557226920450,2019-05-07T11:02:00.450Z,buy,3.46e-05,200.0,0.00692
NAV/BTC,1557226922051,2019-05-07T11:02:02.051Z,buy,3.46e-05,200.0,0.00692
NAV/BTC,1557226923668,2019-05-07T11:02:03.668Z,buy,3.46e-05,200.0,0.00692
NAV/BTC,1557226925276,2019-05-07T11:02:05.276Z,buy,3.46e-05,200.0,0.00692
NAV/BTC,1557226926875,2019-05-07T11:02:06.875Z,buy,3.46e-05,200.0,0.00692
NAV/BTC,1557226928457,2019-05-07T11:02:08.457Z,buy,3.46e-05,200.0,0.00692
NAV/BTC,1557226930053,2019-05-07T11:02:10.053Z,buy,3.46e-05,200.0,0.00692
NAV/BTC,1557226931642,2019-05-07T11:02:11.642Z,buy,3.46e-05,200.0,0.00692
NAV/BTC,1557226933230,2019-05-07T11:02:13.230Z,buy,3.46e-05,200.0,0.00692
NAV/BTC,1557226934819,2019-05-07T11:02:14.819Z,buy,3.46e-05,200.0,0.00692
NAV/BTC,1557226936402,2019-05-07T11:02:16.402Z,buy,3.46e-05,200.0,0.00692
NAV/BTC,1557226938691,2019-05-07T11:02:18.691Z,buy,3.46e-05,200.0,0.00692
NAV/BTC,1557226940484,2019-05-07T11:02:20.484Z,buy,3.46e-05,200.0,0.00692
NAV/BTC,1557226942284,2019-05-07T11:02:22.284Z,buy,3.46e-05,200.0,0.00692
NAV/BTC,1557226944094,2019-05-07T11:02:24.094Z,buy,3.46e-05,200.0,0.00692
NAV/BTC,1557226945894,2019-05-07T11:02:25.894Z,buy,3.46e-05,200.0,0.00692
NAV/BTC,1557226947452,2019-05-07T11:02:27.452Z,buy,3.46e-05,200.0,0.00692
NAV/BTC,1557226949268,2019-05-07T11:02:29.268Z,buy,3.46e-05,200.0,0.00692
NAV/BTC,1557226950872,2019-05-07T11:02:30.872Z,buy,3.46e-05,200.0,0.00692
NAV/BTC,1557226952450,2019-05-07T11:02:32.450Z,buy,3.46e-05,200.0,0.00692
NAV/BTC,1557226954045,2019-05-07T11:02:34.045Z,buy,3.46e-05,200.0,0.00692
NAV/BTC,1557226955635,2019-05-07T11:02:35.635Z,buy,3.46e-05,200.0,0.00692
NAV/BTC,1557226957210,2019-05-07T11:02:37.210Z,buy,3.46e-05,200.0,0.00692
NAV/BTC,1557226958790,2019-05-07T11:02:38.790Z,buy,3.46e-05,200.0,0.00692
NAV/BTC,1557226960998,2019-05-07T11:02:40.998Z,buy,3.46e-05,200.0,0.00692
NAV/BTC,1557226962601,2019-05-07T11:02:42.601Z,buy,3.46e-05,200.0,0.00692
NAV/BTC,1557226964192,2019-05-07T11:02:44.192Z,buy,3.46e-05,200.0,0.00692
NAV/BTC,1557226965754,2019-05-07T11:02:45.754Z,buy,3.46e-05,200.0,0.00692
NAV/BTC,1557226967347,2019-05-07T11:02:47.347Z,buy,3.46e-05,200.0,0.00692
NAV/BTC,1557226969144,2019-05-07T11:02:49.144Z,buy,3.46e-05,200.0,0.00692
NAV/BTC,1557226970715,2019-05-07T11:02:50.715Z,buy,3.46e-05,200.0,0.00692
NAV/BTC,1557226972346,2019-05-07T11:02:52.346Z,buy,3.46e-05,200.0,0.00692
NAV/BTC,1557226973984,2019-05-07T11:02:53.984Z,buy,3.46e-05,200.0,0.00692
NAV/BTC,1557226975588,2019-05-07T11:02:55.588Z,buy,3.46e-05,100.0,0.00346
NAV/BTC,1557227215583,2019-05-07T11:06:55.583Z,buy,3.46e-05,200.0,0.00692
NAV/BTC,1557227217439,2019-05-07T11:06:57.439Z,buy,3.46e-05,200.0,0.00692
NAV/BTC,1557227454552,2019-05-07T11:10:54.552Z,buy,3.46e-05,6.42,0.000222132
NAV/BTC,1557227465125,2019-05-07T11:11:05.125Z,buy,3.47e-05,46.06,0.001598282
NAV/BTC,1557227615550,2019-05-07T11:13:35.550Z,buy,3.47e-05,36.02,0.001249894
NAV/BTC,1557227938259,2019-05-07T11:18:58.259Z,buy,3.47e-05,529.28,0.018366016
NAV/BTC,1557228020325,2019-05-07T11:20:20.325Z,buy,3.47e-05,87.65,0.003041455
NAV/BTC,1557228160511,2019-05-07T11:22:40.511Z,buy,3.47e-05,5.39,0.000187033
NAV/BTC,1557228206065,2019-05-07T11:23:26.065Z,buy,3.47e-05,515.64,0.017892708
NAV/BTC,1557228567062,2019-05-07T11:29:27.062Z,buy,3.47e-05,588.33,0.020415051
NAV/BTC,1557228588264,2019-05-07T11:29:48.264Z,buy,3.47e-05,441.25,0.015311375
NAV/BTC,1557228608194,2019-05-07T11:30:08.194Z,buy,3.47e-05,330.94,0.011483618
NAV/BTC,1557228620135,2019-05-07T11:30:20.135Z,buy,3.47e-05,94.06,0.003263882
NAV/BTC,1557228620135,2019-05-07T11:30:20.135Z,buy,3.48e-05,154.14,0.0053640719999999
NAV/BTC,1557228680924,2019-05-07T11:31:20.924Z,buy,3.48e-05,742.04,0.025822992
NAV/BTC,1557228685011,2019-05-07T11:31:25.011Z,sell,3.46e-05,858.13,0.029691298
NAV/BTC,1557228690153,2019-05-07T11:31:30.153Z,sell,3.46e-05,286.04,0.009896984
NAV/BTC,1557228977666,2019-05-07T11:36:17.666Z,buy,3.47e-05,29.31,0.001017057
NAV/BTC,1557228988910,2019-05-07T11:36:28.910Z,sell,3.47e-05,164.93,0.005723071
NAV/BTC,1557229103981,2019-05-07T11:38:23.981Z,buy,3.48e-05,634.57,0.022083036
NAV/BTC,1557229696453,2019-05-07T11:48:16.453Z,buy,3.47e-05,1083.94,0.037612718
NAV/BTC,1557229722169,2019-05-07T11:48:42.169Z,buy,3.47e-05,36.02,0.001249894
NAV/BTC,1557229870874,2019-05-07T11:51:10.874Z,buy,3.47e-05,55.89,0.001939383
NAV/BTC,1557229873320,2019-05-07T11:51:13.320Z,buy,3.47e-05,55.89,0.001939383
NAV/BTC,1557229879472,2019-05-07T11:51:19.472Z,buy,3.47e-05,47.29,0.001640963
NAV/BTC,1557229879472,2019-05-07T11:51:19.472Z,buy,3.47e-05,47.29,0.001640963
NAV/BTC,1557229931991,2019-05-07T11:52:11.991Z,buy,3.47e-05,43.22,0.001499734
NAV/BTC,1557230244732,2019-05-07T11:57:24.732Z,sell,3.46e-05,72.04,0.002492584
NAV/BTC,1557230459460,2019-05-07T12:00:59.460Z,buy,3.48e-05,60.06,0.002090088
NAV/BTC,1557230462075,2019-05-07T12:01:02.075Z,buy,3.47e-05,592.62,0.020563914
NAV/BTC,1557230462096,2019-05-07T12:01:02.096Z,buy,3.47e-05,884.98,0.030708806
NAV/BTC,1557230569096,2019-05-07T12:02:49.096Z,buy,3.48e-05,3391.3,0.11801724
NAV/BTC,1557230572281,2019-05-07T12:02:52.281Z,buy,3.48e-05,3371.82,0.117339336
NAV/BTC,1557230632691,2019-05-07T12:03:52.691Z,buy,3.48e-05,482.76,0.0168000479999999
NAV/BTC,1557230663828,2019-05-07T12:04:23.828Z,buy,3.48e-05,2886.21,0.100440108
NAV/BTC,1557230815498,2019-05-07T12:06:55.498Z,buy,3.48e-05,1149.42,0.039999816
NAV/BTC,1557230848085,2019-05-07T12:07:28.085Z,buy,3.48e-05,58.83,0.002047284
NAV/BTC,1557231069122,2019-05-07T12:11:09.122Z,buy,3.48e-05,266.66,0.009279768
NAV/BTC,1557231164523,2019-05-07T12:12:44.523Z,sell,3.47e-05,413.03,0.014332141
NAV/BTC,1557231164773,2019-05-07T12:12:44.773Z,buy,3.47e-05,227.7,0.00790119
NAV/BTC,1557231167786,2019-05-07T12:12:47.786Z,buy,3.47e-05,30.0,0.001041
NAV/BTC,1557231223870,2019-05-07T12:13:43.870Z,buy,3.47e-05,34.65,0.001202355
NAV/BTC,1557231327727,2019-05-07T12:15:27.727Z,buy,3.47e-05,84.05,0.002916535
NAV/BTC,1557231328209,2019-05-07T12:15:28.209Z,buy,3.47e-05,48.19,0.001672193
NAV/BTC,1557231328311,2019-05-07T12:15:28.311Z,buy,3.47e-05,61.61,0.002137867
NAV/BTC,1557231329755,2019-05-07T12:15:29.755Z,buy,3.47e-05,164.89,0.005721683
NAV/BTC,1557231481614,2019-05-07T12:18:01.614Z,buy,3.47e-05,100.0,0.00347
NAV/BTC,1557231698090,2019-05-07T12:21:38.090Z,buy,3.47e-05,576.36,0.019999692
NAV/BTC,1557231799814,2019-05-07T12:23:19.814Z,buy,3.47e-05,36.02,0.001249894
NAV/BTC,1557232067607,2019-05-07T12:27:47.607Z,sell,3.46e-05,112.5,0.0038925
NAV/BTC,1557233364146,2019-05-07T12:49:24.146Z,buy,3.47e-05,36.02,0.001249894
NAV/BTC,1557233366652,2019-05-07T12:49:26.652Z,buy,3.47e-05,592.62,0.020563914
NAV/BTC,1557233366652,2019-05-07T12:49:26.652Z,buy,3.47e-05,592.62,0.020563914
NAV/BTC,1557233501314,2019-05-07T12:51:41.314Z,buy,3.47e-05,55.89,0.001939383
NAV/BTC,1557233789072,2019-05-07T12:56:29.072Z,buy,3.47e-05,264.25,0.009169475
NAV/BTC,1557233789075,2019-05-07T12:56:29.075Z,buy,3.47e-05,261.6,0.00907752
NAV/BTC,1557233789078,2019-05-07T12:56:29.078Z,buy,3.47e-05,264.25,0.009169475
NAV/BTC,1557233789107,2019-05-07T12:56:29.107Z,buy,3.47e-05,41.01,0.001423047
NAV/BTC,1557233789533,2019-05-07T12:56:29.533Z,buy,3.47e-05,69.12,0.002398464
NAV/BTC,1557233894746,2019-05-07T12:58:14.746Z,sell,3.46e-05,72.04,0.002492584
NAV/BTC,1557234961107,2019-05-07T13:16:01.107Z,sell,3.46e-05,264.25,0.00914305
NAV/BTC,1557235199725,2019-05-07T13:19:59.725Z,sell,3.46e-05,54.05,0.00187013
NAV/BTC,1557235248295,2019-05-07T13:20:48.295Z,buy,3.47e-05,578.0,0.0200566
NAV/BTC,1557235421413,2019-05-07T13:23:41.413Z,sell,3.46e-05,2000.05,0.06920173
NAV/BTC,1557235723739,2019-05-07T13:28:43.739Z,buy,3.47e-05,483.35,0.016772245
NAV/BTC,1557235829048,2019-05-07T13:30:29.048Z,buy,3.47e-05,288.18,0.009999846
NAV/BTC,1557235851795,2019-05-07T13:30:51.795Z,sell,3.46e-05,666.3,0.0230539799999999
NAV/BTC,1557236209820,2019-05-07T13:36:49.820Z,sell,3.46e-05,84.05,0.00290813
NAV/BTC,1557236687041,2019-05-07T13:44:47.041Z,sell,3.46e-05,55.08,0.001905768
NAV/BTC,1557236687041,2019-05-07T13:44:47.041Z,sell,3.46e-05,55.08,0.001905768
NAV/BTC,1557237148657,2019-05-07T13:52:28.657Z,sell,3.46e-05,235.0,0.008131
NAV/BTC,1557237585106,2019-05-07T13:59:45.106Z,buy,3.46e-05,320.67,0.011095182
NAV/BTC,1557237738971,2019-05-07T14:02:18.971Z,sell,3.45e-05,390.88,0.01348536
NAV/BTC,1557237739360,2019-05-07T14:02:19.360Z,buy,3.46e-05,29.59,0.001023814
NAV/BTC,1557237740922,2019-05-07T14:02:20.922Z,sell,3.45e-05,1027.7,0.03545565
NAV/BTC,1557237740929,2019-05-07T14:02:20.929Z,sell,3.45e-05,667.9,0.02304255
NAV/BTC,1557237740961,2019-05-07T14:02:20.961Z,sell,3.45e-05,884.98,0.03053181
NAV/BTC,1557237741289,2019-05-07T14:02:21.289Z,sell,3.45e-05,1198.05,0.0413327249999999
NAV/BTC,1557237747010,2019-05-07T14:02:27.010Z,sell,3.45e-05,410.72,0.01416984
NAV/BTC,1557237749339,2019-05-07T14:02:29.339Z,sell,3.45e-05,1608.77,0.055502565
NAV/BTC,1557237752218,2019-05-07T14:02:32.218Z,sell,3.44e-05,389.45,0.01339708
NAV/BTC,1557237760472,2019-05-07T14:02:40.472Z,sell,3.44e-05,282.99,0.009734856
NAV/BTC,1557237760473,2019-05-07T14:02:40.473Z,sell,3.44e-05,113.31,0.003897864
NAV/BTC,1557237761383,2019-05-07T14:02:41.383Z,sell,3.44e-05,84.5,0.0029068
NAV/BTC,1557237768534,2019-05-07T14:02:48.534Z,sell,3.44e-05,412.48,0.014189312
NAV/BTC,1557237772359,2019-05-07T14:02:52.359Z,sell,3.44e-05,1686.14,0.058003216
NAV/BTC,1557237785447,2019-05-07T14:03:05.447Z,buy,3.45e-05,865.67,0.0298656149999999
NAV/BTC,1557237817940,2019-05-07T14:03:37.940Z,sell,3.44e-05,827.58,0.028468752
NAV/BTC,1557237871185,2019-05-07T14:04:31.185Z,sell,3.44e-05,450.0,0.01548
NAV/BTC,1557238014358,2019-05-07T14:06:54.358Z,buy,3.45e-05,36.27,0.001251315
NAV/BTC,1557238173449,2019-05-07T14:09:33.449Z,buy,3.45e-05,40.0,0.00138
NAV/BTC,1557238298933,2019-05-07T14:11:38.933Z,sell,3.44e-05,43.6,0.00149984
NAV/BTC,1557238391159,2019-05-07T14:13:11.159Z,sell,3.44e-05,5346.39,0.183915816
NAV/BTC,1557238639302,2019-05-07T14:17:19.302Z,sell,3.44e-05,1365.25,0.0469646
NAV/BTC,1557238876825,2019-05-07T14:21:16.825Z,buy,3.45e-05,857.7,0.02959065
NAV/BTC,1557238880509,2019-05-07T14:21:20.509Z,buy,3.45e-05,282.59,0.009749355
NAV/BTC,1557238967283,2019-05-07T14:22:47.283Z,sell,3.44e-05,152.24,0.005237056
NAV/BTC,1557238991709,2019-05-07T14:23:11.709Z,sell,3.44e-05,63.45,0.00218268
NAV/BTC,1557239518666,2019-05-07T14:31:58.666Z,buy,3.45e-05,1155.63,0.039869235
NAV/BTC,1557239523314,2019-05-07T14:32:03.314Z,buy,3.45e-05,380.74,0.01313553
NAV/BTC,1557239956189,2019-05-07T14:39:16.189Z,sell,3.43e-05,3117.79,0.106940197
NAV/BTC,1557239966057,2019-05-07T14:39:26.057Z,sell,3.43e-05,60.5,0.00207515
NAV/BTC,1557240016233,2019-05-07T14:40:16.233Z,sell,3.43e-05,5993.22,0.205567446
NAV/BTC,1557240173515,2019-05-07T14:42:53.515Z,buy,3.43e-05,311.03,0.0106683289999999
NAV/BTC,1557240173515,2019-05-07T14:42:53.515Z,buy,3.43e-05,311.03,0.0106683289999999
NAV/BTC,1557240289021,2019-05-07T14:44:49.021Z,buy,3.43e-05,1480.35,0.050776005
NAV/BTC,1557240307346,2019-05-07T14:45:07.346Z,buy,3.43e-05,289.06,0.009914758
NAV/BTC,1557240371080,2019-05-07T14:46:11.080Z,buy,3.43e-05,289.06,0.009914758
NAV/BTC,1557240499845,2019-05-07T14:48:19.845Z,buy,3.43e-05,289.06,0.009914758
NAV/BTC,1557240617115,2019-05-07T14:50:17.115Z,buy,3.43e-05,29.2,0.00100156
NAV/BTC,1557240632094,2019-05-07T14:50:32.094Z,buy,3.43e-05,291.54,0.009999822
NAV/BTC,1557240734588,2019-05-07T14:52:14.588Z,buy,3.43e-05,55.89,0.001917027
NAV/BTC,1557240746017,2019-05-07T14:52:26.017Z,sell,3.42e-05,1060.6,0.0362725199999999
NAV/BTC,1557240754605,2019-05-07T14:52:34.605Z,sell,3.42e-05,42.8,0.0014637599999999
NAV/BTC,1557240776243,2019-05-07T14:52:56.243Z,buy,3.43e-05,837.05,0.0287108149999999
NAV/BTC,1557240786653,2019-05-07T14:53:06.653Z,sell,3.43e-05,541.82,0.018584426
NAV/BTC,1557240795962,2019-05-07T14:53:15.962Z,buy,3.44e-05,579.7,0.01994168
NAV/BTC,1557240854500,2019-05-07T14:54:14.500Z,sell,3.43e-05,34.99,0.001200157
NAV/BTC,1557241149803,2019-05-07T14:59:09.803Z,sell,3.43e-05,46.85,0.001606955
NAV/BTC,1557241506278,2019-05-07T15:05:06.278Z,sell,3.42e-05,236.37,0.008083854
NAV/BTC,1557241533060,2019-05-07T15:05:33.060Z,sell,3.42e-05,20.14,0.000688788
NAV/BTC,1557241533060,2019-05-07T15:05:33.060Z,sell,3.41e-05,49.21,0.001678061
NAV/BTC,1557241533060,2019-05-07T15:05:33.060Z,sell,3.41e-05,576.36,0.019653876
NAV/BTC,1557241762340,2019-05-07T15:09:22.340Z,sell,3.42e-05,237.49,0.0081221579999999
NAV/BTC,1557241762340,2019-05-07T15:09:22.340Z,sell,3.41e-05,7164.41,0.244306381
NAV/BTC,1557241773424,2019-05-07T15:09:33.424Z,buy,3.43e-05,75.98,0.002606114
NAV/BTC,1557241831848,2019-05-07T15:10:31.848Z,buy,3.43e-05,289.06,0.009914758
NAV/BTC,1557241918604,2019-05-07T15:11:58.604Z,buy,3.43e-05,289.06,0.009914758
NAV/BTC,1557241949453,2019-05-07T15:12:29.453Z,buy,3.43e-05,58.3,0.0019996899999999
NAV/BTC,1557242063563,2019-05-07T15:14:23.563Z,buy,3.43e-05,36.44,0.0012498919999999
NAV/BTC,1557242461059,2019-05-07T15:21:01.059Z,buy,3.43e-05,55.13,0.001890959
NAV/BTC,1557242604779,2019-05-07T15:23:24.779Z,buy,3.43e-05,36.44,0.0012498919999999
NAV/BTC,1557243106753,2019-05-07T15:31:46.753Z,sell,3.42e-05,280.0,0.009576
NAV/BTC,1557243133122,2019-05-07T15:32:13.122Z,sell,3.42e-05,72.88,0.002492496
NAV/BTC,1557243168240,2019-05-07T15:32:48.240Z,sell,3.42e-05,491.33,0.016803486
NAV/BTC,1557243181151,2019-05-07T15:33:01.151Z,buy,3.42e-05,36.59,0.001251378
NAV/BTC,1557243301752,2019-05-07T15:35:01.752Z,buy,3.42e-05,29.24,0.001000008
NAV/BTC,1557243309352,2019-05-07T15:35:09.352Z,sell,3.41e-05,56.43,0.001924263
NAV/BTC,1557243502816,2019-05-07T15:38:22.816Z,buy,3.42e-05,3.34,0.0001142279999999
NAV/BTC,1557243502816,2019-05-07T15:38:22.816Z,buy,3.43e-05,26.06,0.000893858
NAV/BTC,1557243542843,2019-05-07T15:39:02.843Z,sell,3.41e-05,498.32,0.016992712
NAV/BTC,1557243542843,2019-05-07T15:39:02.843Z,sell,3.41e-05,498.32,0.016992712
NAV/BTC,1557243998299,2019-05-07T15:46:38.299Z,buy,3.42e-05,125.59,0.004295178
NAV/BTC,1557243998624,2019-05-07T15:46:38.624Z,buy,3.42e-05,687.54,0.0235138679999999
NAV/BTC,1557244015814,2019-05-07T15:46:55.814Z,buy,3.42e-05,489.58,0.016743636
NAV/BTC,1557244178007,2019-05-07T15:49:38.007Z,buy,3.42e-05,36.54,0.0012496679999999
NAV/BTC,1557244256194,2019-05-07T15:50:56.194Z,buy,3.42e-05,54.3,0.0018570599999999
NAV/BTC,1557244390842,2019-05-07T15:53:10.842Z,buy,3.42e-05,146.47,0.0050092739999999
NAV/BTC,1557244571517,2019-05-07T15:56:11.517Z,sell,3.41e-05,237.49,0.008098409
NAV/BTC,1557244708285,2019-05-07T15:58:28.285Z,sell,3.41e-05,841.85,0.028707085
NAV/BTC,1557244903505,2019-05-07T16:01:43.505Z,buy,3.42e-05,71.27,0.0024374339999999
NAV/BTC,1557245004660,2019-05-07T16:03:24.660Z,buy,3.42e-05,2616.11,0.089470962
NAV/BTC,1557245042995,2019-05-07T16:04:02.995Z,buy,3.42e-05,29.54,0.001010268
NAV/BTC,1557245083093,2019-05-07T16:04:43.093Z,buy,3.42e-05,2616.1,0.0894706199999999
NAV/BTC,1557245084698,2019-05-07T16:04:44.698Z,buy,3.42e-05,700.85,0.02396907
NAV/BTC,1557245090793,2019-05-07T16:04:50.793Z,sell,3.42e-05,237.53,0.0081235259999999
NAV/BTC,1557245091680,2019-05-07T16:04:51.680Z,buy,3.42e-05,299.15,0.01023093
NAV/BTC,1557245183156,2019-05-07T16:06:23.156Z,buy,3.42e-05,62.45,0.00213579
NAV/BTC,1557245240224,2019-05-07T16:07:20.224Z,buy,3.42e-05,36.54,0.0012496679999999
NAV/BTC,1557245742752,2019-05-07T16:15:42.752Z,buy,3.42e-05,85.84,0.002935728
NAV/BTC,1557245761742,2019-05-07T16:16:01.742Z,buy,3.43e-05,62.29,0.002136547
NAV/BTC,1557245765726,2019-05-07T16:16:05.726Z,sell,3.42e-05,730.46,0.024981732
NAV/BTC,1557245839095,2019-05-07T16:17:19.095Z,sell,3.42e-05,73.08,0.0024993359999999
NAV/BTC,1557246034296,2019-05-07T16:20:34.296Z,buy,3.43e-05,778.83,0.026713869
NAV/BTC,1557246365663,2019-05-07T16:26:05.663Z,buy,3.43e-05,36.44,0.0012498919999999
NAV/BTC,1557246583300,2019-05-07T16:29:43.300Z,buy,3.43e-05,3516.11,0.120602573
NAV/BTC,1557247095105,2019-05-07T16:38:15.105Z,buy,3.44e-05,5420.42,0.186462448
NAV/BTC,1557247110904,2019-05-07T16:38:30.904Z,sell,3.44e-05,582.53,0.020039032
NAV/BTC,1557247123419,2019-05-07T16:38:43.419Z,buy,3.44e-05,427.96,0.014721824
NAV/BTC,1557247123419,2019-05-07T16:38:43.419Z,buy,3.44e-05,427.96,0.014721824
NAV/BTC,1557247174692,2019-05-07T16:39:34.692Z,sell,3.44e-05,307.68,0.010584192
NAV/BTC,1557247571563,2019-05-07T16:46:11.563Z,buy,3.44e-05,105.26,0.003620944
NAV/BTC,1557247616003,2019-05-07T16:46:56.003Z,buy,3.44e-05,145.34,0.004999696
NAV/BTC,1557247622947,2019-05-07T16:47:02.947Z,buy,3.44e-05,39.03,0.001342632
NAV/BTC,1557247830160,2019-05-07T16:50:30.160Z,buy,3.45e-05,173.91,0.005999895
NAV/BTC,1557247949431,2019-05-07T16:52:29.431Z,sell,3.44e-05,36.4,0.00125216
NAV/BTC,1557247991258,2019-05-07T16:53:11.258Z,buy,3.45e-05,55.89,0.001928205
NAV/BTC,1557248043157,2019-05-07T16:54:03.157Z,buy,3.45e-05,2142.67,0.073922115
NAV/BTC,1557248043157,2019-05-07T16:54:03.157Z,buy,3.46e-05,1185.15,0.04100619
NAV/BTC,1557248134955,2019-05-07T16:55:34.955Z,sell,3.44e-05,76.48,0.002630912
NAV/BTC,1557248454591,2019-05-07T17:00:54.591Z,sell,3.44e-05,59.21,0.002036824
NAV/BTC,1557248762756,2019-05-07T17:06:02.756Z,buy,3.45e-05,289.85,0.009999825
NAV/BTC,1557249106244,2019-05-07T17:11:46.244Z,sell,3.44e-05,171.72,0.005907168
NAV/BTC,1557249153700,2019-05-07T17:12:33.700Z,sell,3.44e-05,62.5,0.00215
NAV/BTC,1557249153700,2019-05-07T17:12:33.700Z,sell,3.43e-05,650.11,0.022298773
NAV/BTC,1557249188766,2019-05-07T17:13:08.766Z,buy,3.45e-05,65.38,0.00225561
NAV/BTC,1557249881962,2019-05-07T17:24:41.962Z,sell,3.44e-05,968.77,0.033325688
NAV/BTC,1557250066638,2019-05-07T17:27:46.638Z,buy,3.45e-05,34.78,0.00119991
NAV/BTC,1557250162378,2019-05-07T17:29:22.378Z,sell,3.44e-05,34.09,0.001172696
NAV/BTC,1557250162378,2019-05-07T17:29:22.378Z,sell,3.44e-05,34.09,0.001172696
NAV/BTC,1557250758451,2019-05-07T17:39:18.451Z,sell,3.44e-05,245.47,0.008444168
NAV/BTC,1557250980733,2019-05-07T17:43:00.733Z,sell,3.44e-05,150.0,0.00516
NAV/BTC,1557251178355,2019-05-07T17:46:18.355Z,sell,3.44e-05,42.78,0.001471632
NAV/BTC,1557251183496,2019-05-07T17:46:23.496Z,buy,3.45e-05,30.0,0.001035
NAV/BTC,1557251199808,2019-05-07T17:46:39.808Z,sell,3.44e-05,54.57,0.001877208
NAV/BTC,1557251967136,2019-05-07T17:59:27.136Z,sell,3.44e-05,36.48,0.001254912
NAV/BTC,1557252656003,2019-05-07T18:10:56.003Z,sell,3.44e-05,53.73,0.001848312
NAV/BTC,1557252899147,2019-05-07T18:14:59.147Z,sell,3.44e-05,307.39,0.010574216
NAV/BTC,1557252905545,2019-05-07T18:15:05.545Z,sell,3.44e-05,32.19,0.001107336
NAV/BTC,1557253640732,2019-05-07T18:27:20.732Z,sell,3.44e-05,175.3,0.00603032
NAV/BTC,1557253640732,2019-05-07T18:27:20.732Z,sell,3.44e-05,175.3,0.00603032
NAV/BTC,1557253864236,2019-05-07T18:31:04.236Z,sell,3.44e-05,73.9,0.00254216
NAV/BTC,1557253864432,2019-05-07T18:31:04.432Z,sell,3.44e-05,55.88,0.001922272
NAV/BTC,1557253867172,2019-05-07T18:31:07.172Z,sell,3.44e-05,55.89,0.001922616
NAV/BTC,1557253867859,2019-05-07T18:31:07.859Z,sell,3.44e-05,55.89,0.001922616
NAV/BTC,1557253867961,2019-05-07T18:31:07.961Z,sell,3.44e-05,55.89,0.001922616
NAV/BTC,1557253868219,2019-05-07T18:31:08.219Z,sell,3.44e-05,111.78,0.003845232
NAV/BTC,1557253868939,2019-05-07T18:31:08.939Z,sell,3.44e-05,55.88,0.001922272
NAV/BTC,1557253870740,2019-05-07T18:31:10.740Z,sell,3.44e-05,111.67,0.003841448
NAV/BTC,1557253872310,2019-05-07T18:31:12.310Z,sell,3.44e-05,94.56,0.003252864
NAV/BTC,1557253879034,2019-05-07T18:31:19.034Z,sell,3.44e-05,55.89,0.001922616
NAV/BTC,1557253906532,2019-05-07T18:31:46.532Z,sell,3.44e-05,45.07,0.001550408
NAV/BTC,1557253906749,2019-05-07T18:31:46.749Z,sell,3.44e-05,55.89,0.001922616
NAV/BTC,1557253907634,2019-05-07T18:31:47.634Z,sell,3.44e-05,56.96,0.001959424
NAV/BTC,1557253908732,2019-05-07T18:31:48.732Z,sell,3.44e-05,111.78,0.003845232
NAV/BTC,1557254011295,2019-05-07T18:33:31.295Z,sell,3.44e-05,563.79,0.019394376
NAV/BTC,1557254236701,2019-05-07T18:37:16.701Z,sell,3.44e-05,631.09,0.021709496
NAV/BTC,1557254617829,2019-05-07T18:43:37.829Z,sell,3.44e-05,115.92,0.003987648
NAV/BTC,1557254660415,2019-05-07T18:44:20.415Z,sell,3.44e-05,40.08,0.001378752
NAV/BTC,1557254672441,2019-05-07T18:44:32.441Z,buy,3.45e-05,50.14,0.00172983
NAV/BTC,1557254894515,2019-05-07T18:48:14.515Z,sell,3.44e-05,58.3,0.00200552
NAV/BTC,1557254952929,2019-05-07T18:49:12.929Z,sell,3.44e-05,38.47,0.001323368
NAV/BTC,1557254953878,2019-05-07T18:49:13.878Z,sell,3.44e-05,38.33,0.001318552
NAV/BTC,1557255002254,2019-05-07T18:50:02.254Z,sell,3.44e-05,3033.16,0.104340704
NAV/BTC,1557255084337,2019-05-07T18:51:24.337Z,sell,3.44e-05,122.36,0.004209184
NAV/BTC,1557255084358,2019-05-07T18:51:24.358Z,sell,3.44e-05,1000.0,0.0344
NAV/BTC,1557255084462,2019-05-07T18:51:24.462Z,sell,3.44e-05,345.95,0.01190068
NAV/BTC,1557255121055,2019-05-07T18:52:01.055Z,sell,3.44e-05,391.01,0.013450744
NAV/BTC,1557255182915,2019-05-07T18:53:02.915Z,sell,3.44e-05,126.8,0.00436192
NAV/BTC,1557255223730,2019-05-07T18:53:43.730Z,buy,3.45e-05,252.11,0.008697795
NAV/BTC,1557255228730,2019-05-07T18:53:48.730Z,buy,3.45e-05,84.76,0.00292422
NAV/BTC,1557255241506,2019-05-07T18:54:01.506Z,buy,3.45e-05,55.89,0.001928205
NAV/BTC,1557255243552,2019-05-07T18:54:03.552Z,buy,3.45e-05,55.89,0.001928205
NAV/BTC,1557255244252,2019-05-07T18:54:04.252Z,buy,3.45e-05,55.89,0.001928205
NAV/BTC,1557255244354,2019-05-07T18:54:04.354Z,buy,3.45e-05,55.89,0.001928205
NAV/BTC,1557255246992,2019-05-07T18:54:06.992Z,buy,3.45e-05,55.89,0.001928205
NAV/BTC,1557255247562,2019-05-07T18:54:07.562Z,buy,3.45e-05,55.89,0.001928205
NAV/BTC,1557255248156,2019-05-07T18:54:08.156Z,buy,3.45e-05,55.89,0.001928205
NAV/BTC,1557255249433,2019-05-07T18:54:09.433Z,sell,3.44e-05,85.23,0.002931912
NAV/BTC,1557255322808,2019-05-07T18:55:22.808Z,buy,3.45e-05,2120.76,0.07316622
NAV/BTC,1557255322808,2019-05-07T18:55:22.808Z,buy,3.46e-05,7325.77,0.253471642
NAV/BTC,1557255322808,2019-05-07T18:55:22.808Z,buy,3.47e-05,3533.88,0.122625636
NAV/BTC,1557255322830,2019-05-07T18:55:22.830Z,sell,3.47e-05,2051.52,0.071187744
NAV/BTC,1557255322835,2019-05-07T18:55:22.835Z,sell,3.47e-05,804.35,0.027910945
NAV/BTC,1557255322836,2019-05-07T18:55:22.836Z,sell,3.47e-05,2051.52,0.071187744
NAV/BTC,1557255322848,2019-05-07T18:55:22.848Z,sell,3.47e-05,171.43,0.005948621
NAV/BTC,1557255322855,2019-05-07T18:55:22.855Z,sell,3.47e-05,31.9,0.00110693
NAV/BTC,1557255322855,2019-05-07T18:55:22.855Z,buy,3.48e-05,2051.52,0.071392896
NAV/BTC,1557255322890,2019-05-07T18:55:22.890Z,sell,3.47e-05,360.93,0.012524271
NAV/BTC,1557255325444,2019-05-07T18:55:25.444Z,sell,3.47e-05,924.82,0.032091254
NAV/BTC,1557255325507,2019-05-07T18:55:25.507Z,buy,3.48e-05,1000.0,0.0348
NAV/BTC,1557255327194,2019-05-07T18:55:27.194Z,buy,3.48e-05,351.16,0.012220368
NAV/BTC,1557255372926,2019-05-07T18:56:12.926Z,sell,3.47e-05,1088.24,0.037761928
NAV/BTC,1557255387536,2019-05-07T18:56:27.536Z,sell,3.47e-05,62.39,0.002164933
NAV/BTC,1557255387622,2019-05-07T18:56:27.622Z,sell,3.47e-05,489.09,0.016971423
NAV/BTC,1557255421152,2019-05-07T18:57:01.152Z,sell,3.47e-05,1093.14,0.037931958
NAV/BTC,1557255468430,2019-05-07T18:57:48.430Z,sell,3.47e-05,1098.9,0.03813183
NAV/BTC,1557255486797,2019-05-07T18:58:06.797Z,sell,3.47e-05,5227.32,0.181388004
NAV/BTC,1557255516467,2019-05-07T18:58:36.467Z,sell,3.47e-05,276.18,0.009583446
NAV/BTC,1557255650258,2019-05-07T19:00:50.258Z,sell,3.47e-05,74.7,0.00259209
NAV/BTC,1557256217328,2019-05-07T19:10:17.328Z,sell,3.48e-05,123.7,0.00430476
NAV/BTC,1557256339743,2019-05-07T19:12:19.743Z,sell,3.47e-05,165.75,0.005751525
NAV/BTC,1557257057720,2019-05-07T19:24:17.720Z,sell,3.47e-05,1798.95,0.062423565
NAV/BTC,1557257057720,2019-05-07T19:24:17.720Z,sell,3.46e-05,1526.56,0.052818976
NAV/BTC,1557257074822,2019-05-07T19:24:34.822Z,sell,3.47e-05,1036.67,0.035972449
NAV/BTC,1557257106253,2019-05-07T19:25:06.253Z,buy,3.48e-05,76.77,0.0026715959999999
NAV/BTC,1557257106253,2019-05-07T19:25:06.253Z,buy,3.48e-05,76.77,0.0026715959999999
NAV/BTC,1557257323963,2019-05-07T19:28:43.963Z,buy,3.49e-05,112.77,0.003935673
NAV/BTC,1557257324012,2019-05-07T19:28:44.012Z,buy,3.49e-05,300.1,0.01047349
NAV/BTC,1557257533384,2019-05-07T19:32:13.384Z,buy,3.49e-05,118.07,0.004120643
NAV/BTC,1557257692030,2019-05-07T19:34:52.030Z,sell,3.48e-05,67.06,0.002333688
NAV/BTC,1557257771143,2019-05-07T19:36:11.143Z,buy,3.49e-05,578.0,0.0201722
NAV/BTC,1557257936628,2019-05-07T19:38:56.628Z,sell,3.48e-05,454.55,0.01581834
NAV/BTC,1557258194870,2019-05-07T19:43:14.870Z,sell,3.47e-05,46.05,0.001597935
NAV/BTC,1557258194870,2019-05-07T19:43:14.870Z,sell,3.46e-05,164.31,0.005685126
NAV/BTC,1557258203044,2019-05-07T19:43:23.044Z,sell,3.46e-05,351.16,0.012150136
NAV/BTC,1557258231173,2019-05-07T19:43:51.173Z,buy,3.47e-05,2166.75,0.075186225
NAV/BTC,1557258231173,2019-05-07T19:43:51.173Z,buy,3.48e-05,420.25,0.0146247
NAV/BTC,1557258396525,2019-05-07T19:46:36.525Z,sell,3.47e-05,1036.43,0.035964121
NAV/BTC,1557258396525,2019-05-07T19:46:36.525Z,sell,3.46e-05,935.17,0.032356882
NAV/BTC,1557258396525,2019-05-07T19:46:36.525Z,sell,3.45e-05,2399.59,0.082785855
NAV/BTC,1557258396525,2019-05-07T19:46:36.525Z,sell,3.44e-05,299.46,0.010301424
NAV/BTC,1557258669961,2019-05-07T19:51:09.961Z,buy,3.45e-05,332.73,0.011479185
NAV/BTC,1557258669961,2019-05-07T19:51:09.961Z,buy,3.45e-05,4.87,0.0001680149999999
NAV/BTC,1557258849060,2019-05-07T19:54:09.060Z,buy,3.46e-05,64.75,0.00224035
NAV/BTC,1557258863990,2019-05-07T19:54:23.990Z,buy,3.46e-05,43.31,0.001498526
NAV/BTC,1557258869566,2019-05-07T19:54:29.566Z,buy,3.46e-05,55.89,0.001933794
NAV/BTC,1557259653377,2019-05-07T20:07:33.377Z,buy,3.46e-05,5.22,0.000180612
NAV/BTC,1557259661199,2019-05-07T20:07:41.199Z,buy,3.46e-05,107.63,0.003723998
NAV/BTC,1557260436779,2019-05-07T20:20:36.779Z,sell,3.45e-05,65.31,0.002253195
NAV/BTC,1557260437034,2019-05-07T20:20:37.034Z,buy,3.45e-05,44.99,0.001552155
NAV/BTC,1557260437289,2019-05-07T20:20:37.289Z,buy,3.45e-05,45.31,0.001563195
NAV/BTC,1557260521518,2019-05-07T20:22:01.518Z,buy,3.45e-05,28.99,0.001000155
NAV/BTC,1557260521518,2019-05-07T20:22:01.518Z,buy,3.45e-05,28.99,0.001000155
NAV/BTC,1557261158544,2019-05-07T20:32:38.544Z,sell,3.44e-05,290.0,0.009976
NAV/BTC,1557261158544,2019-05-07T20:32:38.544Z,sell,3.43e-05,692.61,0.023756523
NAV/BTC,1557261158544,2019-05-07T20:32:38.544Z,sell,3.42e-05,6178.98,0.2113211159999999
NAV/BTC,1557261186083,2019-05-07T20:33:06.083Z,sell,3.43e-05,60.5,0.00207515
NAV/BTC,1557261968599,2019-05-07T20:46:08.599Z,sell,3.43e-05,118.07,0.004049801
NAV/BTC,1557262216568,2019-05-07T20:50:16.568Z,sell,3.43e-05,1624.8,0.05573064
NAV/BTC,1557262216570,2019-05-07T20:50:16.570Z,sell,3.43e-05,0.01,3.43e-07
NAV/BTC,1557262497639,2019-05-07T20:54:57.639Z,buy,3.43e-05,55.99,0.001920457
NAV/BTC,1557262501927,2019-05-07T20:55:01.927Z,buy,3.43e-05,50.19,0.0017215169999999
NAV/BTC,1557263253917,2019-05-07T21:07:33.917Z,buy,3.43e-05,126.8,0.00434924
NAV/BTC,1557263253917,2019-05-07T21:07:33.917Z,buy,3.43e-05,126.8,0.00434924
NAV/BTC,1557264641169,2019-05-07T21:30:41.169Z,buy,3.43e-05,51.13,0.001753759
NAV/BTC,1557264641169,2019-05-07T21:30:41.169Z,buy,3.44e-05,43.62,0.001500528
NAV/BTC,1557264642815,2019-05-07T21:30:42.815Z,buy,3.44e-05,43.92,0.001510848
NAV/BTC,1557266128381,2019-05-07T21:55:28.381Z,buy,3.44e-05,55.89,0.001922616
NAV/BTC,1557266487552,2019-05-07T22:01:27.552Z,buy,3.44e-05,290.69,0.009999736
NAV/BTC,1557266487552,2019-05-07T22:01:27.552Z,buy,3.44e-05,290.69,0.009999736
NAV/BTC,1557266966298,2019-05-07T22:09:26.298Z,sell,3.43e-05,234.46,0.008041978
NAV/BTC,1557267076216,2019-05-07T22:11:16.216Z,sell,3.42e-05,234.46,0.008018532
NAV/BTC,1557267131028,2019-05-07T22:12:11.028Z,sell,3.42e-05,873.47,0.029872674
NAV/BTC,1557267131028,2019-05-07T22:12:11.028Z,sell,3.41e-05,5430.61,0.185183801
NAV/BTC,1557267134156,2019-05-07T22:12:14.156Z,sell,3.41e-05,39.83,0.001358203
NAV/BTC,1557267136228,2019-05-07T22:12:16.228Z,sell,3.41e-05,182.33,0.006217453
NAV/BTC,1557267148621,2019-05-07T22:12:28.621Z,buy,3.42e-05,36.59,0.001251378
NAV/BTC,1557267149853,2019-05-07T22:12:29.853Z,buy,3.42e-05,36.59,0.001251378
NAV/BTC,1557267269814,2019-05-07T22:14:29.814Z,buy,3.42e-05,108.15,0.00369873
NAV/BTC,1557267308053,2019-05-07T22:15:08.053Z,buy,3.42e-05,99.28,0.003395376
NAV/BTC,1557267308053,2019-05-07T22:15:08.053Z,buy,3.43e-05,16.32,0.000559776
NAV/BTC,1557267615285,2019-05-07T22:20:15.285Z,sell,3.42e-05,391.1,0.01337562
NAV/BTC,1557267615289,2019-05-07T22:20:15.289Z,sell,3.42e-05,419.0,0.0143297999999999
NAV/BTC,1557267671015,2019-05-07T22:21:11.015Z,buy,3.43e-05,13.73,0.000470939
NAV/BTC,1557267671015,2019-05-07T22:21:11.015Z,buy,3.44e-05,50.72,0.001744768
NAV/BTC,1557268089980,2019-05-07T22:28:09.980Z,sell,3.42e-05,56.94,0.0019473479999999
NAV/BTC,1557268260702,2019-05-07T22:31:00.702Z,sell,3.42e-05,378.73,0.012952566
NAV/BTC,1557268302872,2019-05-07T22:31:42.872Z,sell,3.41e-05,430.56,0.014682096
NAV/BTC,1557268621903,2019-05-07T22:37:01.903Z,sell,3.41e-05,179.82,0.006131862
NAV/BTC,1557269118457,2019-05-07T22:45:18.457Z,buy,3.42e-05,2000.0,0.0684
NAV/BTC,1557269135405,2019-05-07T22:45:35.405Z,buy,3.42e-05,147.22,0.005034924
NAV/BTC,1557269135430,2019-05-07T22:45:35.430Z,buy,3.42e-05,147.22,0.005034924
NAV/BTC,1557269310027,2019-05-07T22:48:30.027Z,sell,3.41e-05,138.68,0.004728988
NAV/BTC,1557269476728,2019-05-07T22:51:16.728Z,buy,3.42e-05,197.32,0.0067483439999999
NAV/BTC,1557269477480,2019-05-07T22:51:17.480Z,buy,3.42e-05,193.42,0.0066149639999999
NAV/BTC,1557269477517,2019-05-07T22:51:17.517Z,buy,3.42e-05,212.67,0.0072733139999999
NAV/BTC,1557269477518,2019-05-07T22:51:17.518Z,buy,3.42e-05,72.24,0.0024706079999999
NAV/BTC,1557269477553,2019-05-07T22:51:17.553Z,buy,3.42e-05,136.74,0.004676508
NAV/BTC,1557269557553,2019-05-07T22:52:37.553Z,buy,3.42e-05,146.63,0.005014746
NAV/BTC,1557269752074,2019-05-07T22:55:52.074Z,buy,3.42e-05,55.89,0.001911438
NAV/BTC,1557269752074,2019-05-07T22:55:52.074Z,buy,3.42e-05,55.89,0.001911438
NAV/BTC,1557271132110,2019-05-07T23:18:52.110Z,buy,3.43e-05,37.78,0.001295854
NAV/BTC,1557271785751,2019-05-07T23:29:45.751Z,sell,3.42e-05,30.08,0.001028736
NAV/BTC,1557272404273,2019-05-07T23:40:04.273Z,sell,3.42e-05,29.24,0.001000008
NAV/BTC,1557272422420,2019-05-07T23:40:22.420Z,sell,3.41e-05,1141.79,0.038935039
NAV/BTC,1557272463911,2019-05-07T23:41:03.911Z,buy,3.42e-05,201.3,0.00688446
NAV/BTC,1557272463911,2019-05-07T23:41:03.911Z,buy,3.43e-05,354.46,0.012157978
NAV/BTC,1557272771305,2019-05-07T23:46:11.305Z,sell,3.41e-05,1050.4,0.03581864
NAV/BTC,1557272771983,2019-05-07T23:46:11.983Z,sell,3.41e-05,167.24,0.005702884
NAV/BTC,1557272896314,2019-05-07T23:48:16.314Z,sell,3.41e-05,161.62,0.005511242
NAV/BTC,1557272953344,2019-05-07T23:49:13.344Z,buy,3.42e-05,34.53,0.001180926
NAV/BTC,1557273073518,2019-05-07T23:51:13.518Z,sell,3.41e-05,611.8,0.02086238
NAV/BTC,1557273114015,2019-05-07T23:51:54.015Z,sell,3.41e-05,1661.72,0.056664652
NAV/BTC,1557273114589,2019-05-07T23:51:54.589Z,buy,3.42e-05,65.17,0.002228814
NAV/BTC,1557273121758,2019-05-07T23:52:01.758Z,sell,3.41e-05,113.4,0.00386694
NAV/BTC,1557273167493,2019-05-07T23:52:47.493Z,sell,3.41e-05,7294.0,0.2487254
NAV/BTC,1557273170795,2019-05-07T23:52:50.795Z,sell,3.41e-05,729.0,0.0248589
NAV/BTC,1557273177177,2019-05-07T23:52:57.177Z,buy,3.42e-05,292.39,0.009999738
NAV/BTC,1557273194361,2019-05-07T23:53:14.361Z,sell,3.41e-05,48.93,0.001668513
NAV/BTC,1557273284026,2019-05-07T23:54:44.026Z,buy,3.42e-05,112.8,0.0038577599999999
NAV/BTC,1557273284038,2019-05-07T23:54:44.038Z,buy,3.42e-05,112.8,0.0038577599999999
NAV/BTC,1557273285177,2019-05-07T23:54:45.177Z,sell,3.41e-05,112.8,0.00384648
NAV/BTC,1557273343710,2019-05-07T23:55:43.710Z,sell,3.41e-05,336.4,0.01147124
NAV/BTC,1557273345655,2019-05-07T23:55:45.655Z,sell,3.4e-05,37.61,0.00127874
NAV/BTC,1557273345655,2019-05-07T23:55:45.655Z,sell,3.4e-05,99.82,0.0033938799999999
NAV/BTC,1557273345655,2019-05-07T23:55:45.655Z,sell,3.4e-05,34.15,0.0011611
NAV/BTC,1557273345655,2019-05-07T23:55:45.655Z,sell,3.4e-05,885.74,0.03011516
NAV/BTC,1557273345655,2019-05-07T23:55:45.655Z,sell,3.39e-05,3331.96,0.1129534439999999
NAV/BTC,1557273345679,2019-05-07T23:55:45.679Z,buy,3.39e-05,520.9,0.01765851
NAV/BTC,1557273345701,2019-05-07T23:55:45.701Z,buy,3.39e-05,187.3,0.00634947
NAV/BTC,1557273346237,2019-05-07T23:55:46.237Z,sell,3.38e-05,202.54,0.006845852
NAV/BTC,1557273346667,2019-05-07T23:55:46.667Z,buy,3.39e-05,30.74,0.0010420859999999
NAV/BTC,1557273347042,2019-05-07T23:55:47.042Z,sell,3.38e-05,459.13,0.015518594
NAV/BTC,1557273349074,2019-05-07T23:55:49.074Z,sell,3.37e-05,109.4,0.00368678
NAV/BTC,1557273349074,2019-05-07T23:55:49.074Z,sell,3.37e-05,109.4,0.00368678
NAV/BTC,1557273352277,2019-05-07T23:55:52.277Z,sell,3.37e-05,200.0,0.0067399999999999
NAV/BTC,1557273354547,2019-05-07T23:55:54.547Z,sell,3.37e-05,56.33,0.001898321
NAV/BTC,1557273355685,2019-05-07T23:55:55.685Z,sell,3.37e-05,60.5,0.00203885
NAV/BTC,1557273355862,2019-05-07T23:55:55.862Z,sell,3.37e-05,195.47,0.006587339
NAV/BTC,1557273356322,2019-05-07T23:55:56.322Z,sell,3.36e-05,43.45,0.00145992
NAV/BTC,1557273356322,2019-05-07T23:55:56.322Z,sell,3.36e-05,516.37,0.0173500319999999
NAV/BTC,1557273356617,2019-05-07T23:55:56.617Z,sell,3.36e-05,42.82,0.001438752
NAV/BTC,1557273356857,2019-05-07T23:55:56.857Z,sell,3.36e-05,92.89,0.0031211039999999
NAV/BTC,1557273357539,2019-05-07T23:55:57.539Z,sell,3.36e-05,79.21,0.0026614559999999
NAV/BTC,1557273357621,2019-05-07T23:55:57.621Z,sell,3.36e-05,98.17,0.0032985119999999
NAV/BTC,1557273358989,2019-05-07T23:55:58.989Z,sell,3.36e-05,42.98,0.0014441279999999
NAV/BTC,1557273359291,2019-05-07T23:55:59.291Z,sell,3.36e-05,102.92,0.0034581119999999
NAV/BTC,1557273359330,2019-05-07T23:55:59.330Z,sell,3.36e-05,94.75,0.0031835999999999
NAV/BTC,1557273359367,2019-05-07T23:55:59.367Z,sell,3.36e-05,43.19,0.0014511839999999
NAV/BTC,1557273359393,2019-05-07T23:55:59.393Z,sell,3.36e-05,524.78,0.0176326079999999
NAV/BTC,1557273361238,2019-05-07T23:56:01.238Z,sell,3.36e-05,45.88,0.0015415679999999
NAV/BTC,1557273361948,2019-05-07T23:56:01.948Z,sell,3.36e-05,41.41,0.0013913759999999
NAV/BTC,1557273364125,2019-05-07T23:56:04.125Z,sell,3.36e-05,43.71,0.0014686559999999
NAV/BTC,1557273364135,2019-05-07T23:56:04.135Z,sell,3.36e-05,397.4,0.0133526399999999
NAV/BTC,1557273365310,2019-05-07T23:56:05.310Z,sell,3.36e-05,44.26,0.0014871359999999
NAV/BTC,1557273365593,2019-05-07T23:56:05.593Z,sell,3.36e-05,51.83,0.0017414879999999
NAV/BTC,1557273366093,2019-05-07T23:56:06.093Z,sell,3.36e-05,65.57,0.0022031519999999
NAV/BTC,1557273366923,2019-05-07T23:56:06.923Z,sell,3.36e-05,43.41,0.0014585759999999
NAV/BTC,1557273367914,2019-05-07T23:56:07.914Z,sell,3.36e-05,43.09,0.001447824
NAV/BTC,1557273367931,2019-05-07T23:56:07.931Z,sell,3.36e-05,47.33,0.0015902879999999
NAV/BTC,1557273368624,2019-05-07T23:56:08.624Z,sell,3.36e-05,43.87,0.0014740319999999
NAV/BTC,1557273368896,2019-05-07T23:56:08.896Z,sell,3.36e-05,43.9,0.0014750399999999
NAV/BTC,1557273369255,2019-05-07T23:56:09.255Z,buy,3.38e-05,59.17,0.001999946
NAV/BTC,1557273369391,2019-05-07T23:56:09.391Z,sell,3.36e-05,43.01,0.0014451359999999
NAV/BTC,1557273369770,2019-05-07T23:56:09.770Z,sell,3.36e-05,42.4,0.0014246399999999
NAV/BTC,1557273370906,2019-05-07T23:56:10.906Z,sell,3.36e-05,43.63,0.001465968
NAV/BTC,1557273371066,2019-05-07T23:56:11.066Z,sell,3.36e-05,43.96,0.0014770559999999
NAV/BTC,1557273371504,2019-05-07T23:56:11.504Z,sell,3.36e-05,41.65,0.0013994399999999
NAV/BTC,1557273372755,2019-05-07T23:56:12.755Z,sell,3.36e-05,43.83,0.0014726879999999
NAV/BTC,1557273373580,2019-05-07T23:56:13.580Z,sell,3.36e-05,279.32,0.0093851519999999
NAV/BTC,1557273374211,2019-05-07T23:56:14.211Z,sell,3.36e-05,41.57,0.0013967519999999
NAV/BTC,1557273382693,2019-05-07T23:56:22.693Z,sell,3.36e-05,45.66,0.0015341759999999
NAV/BTC,1557273384476,2019-05-07T23:56:24.476Z,buy,3.38e-05,295.85,0.00999973
NAV/BTC,1557273390077,2019-05-07T23:56:30.077Z,buy,3.38e-05,82.86,0.002800668
NAV/BTC,1557273424373,2019-05-07T23:57:04.373Z,sell,3.36e-05,35.72,0.0012001919999999
NAV/BTC,1557273454281,2019-05-07T23:57:34.281Z,sell,3.36e-05,277.0,0.0093072
NAV/BTC,1557273474669,2019-05-07T23:57:54.669Z,sell,3.36e-05,546.0,0.0183455999999999
NAV/BTC,1557273529095,2019-05-07T23:58:49.095Z,buy,3.38e-05,37.02,0.001251276
NAV/BTC,1557273530277,2019-05-07T23:58:50.277Z,buy,3.38e-05,37.02,0.001251276
NAV/BTC,1557273547868,2019-05-07T23:59:07.868Z,sell,3.36e-05,123.7,0.00415632
NAV/BTC,1557273604872,2019-05-08T00:00:04.872Z,sell,3.36e-05,235.06,0.0078980159999999
NAV/BTC,1557273654716,2019-05-08T00:00:54.716Z,sell,3.36e-05,113.44,0.0038115839999999
NAV/BTC,1557273677990,2019-05-08T00:01:17.990Z,sell,3.36e-05,599.85,0.02015496
NAV/BTC,1557273772946,2019-05-08T00:02:52.946Z,buy,3.38e-05,41.45,0.00140101
NAV/BTC,1557273772951,2019-05-08T00:02:52.951Z,buy,3.38e-05,41.45,0.00140101
NAV/BTC,1557273773114,2019-05-08T00:02:53.114Z,buy,3.38e-05,123.91,0.004188158
NAV/BTC,1557273867369,2019-05-08T00:04:27.369Z,sell,3.36e-05,1200.0,0.0403199999999999
NAV/BTC,1557273891234,2019-05-08T00:04:51.234Z,sell,3.36e-05,576.03,0.019354608
NAV/BTC,1557273903351,2019-05-08T00:05:03.351Z,sell,3.36e-05,63.0,0.0021168
NAV/BTC,1557274049103,2019-05-08T00:07:29.103Z,buy,3.38e-05,291.19,0.009842222
NAV/BTC,1557274059144,2019-05-08T00:07:39.144Z,sell,3.36e-05,43.92,0.001475712
NAV/BTC,1557274181583,2019-05-08T00:09:41.583Z,buy,3.38e-05,291.19,0.009842222
NAV/BTC,1557274206102,2019-05-08T00:10:06.102Z,buy,3.37e-05,129.27,0.004356399
NAV/BTC,1557274253560,2019-05-08T00:10:53.560Z,sell,3.36e-05,2361.72,0.0793537919999999
NAV/BTC,1557274253560,2019-05-08T00:10:53.560Z,sell,3.35e-05,431.57,0.014457595
NAV/BTC,1557274256021,2019-05-08T00:10:56.021Z,sell,3.35e-05,992.43,0.033246405
NAV/BTC,1557274256564,2019-05-08T00:10:56.564Z,sell,3.34e-05,195.57,0.0065320379999999
NAV/BTC,1557274256564,2019-05-08T00:10:56.564Z,sell,3.34e-05,692.52,0.023130168
NAV/BTC,1557274256709,2019-05-08T00:10:56.709Z,sell,3.34e-05,195.53,0.006530702
NAV/BTC,1557274256857,2019-05-08T00:10:56.857Z,sell,3.34e-05,154.1,0.00514694
NAV/BTC,1557274256857,2019-05-08T00:10:56.857Z,sell,3.33e-05,39.76,0.001324008
NAV/BTC,1557274256857,2019-05-08T00:10:56.857Z,sell,3.33e-05,174.79,0.005820507
NAV/BTC,1557274258844,2019-05-08T00:10:58.844Z,sell,3.33e-05,144.5,0.00481185
NAV/BTC,1557274259156,2019-05-08T00:10:59.156Z,buy,3.35e-05,37.35,0.001251225
NAV/BTC,1557274259490,2019-05-08T00:10:59.490Z,sell,3.33e-05,246.38,0.008204454
NAV/BTC,1557274259490,2019-05-08T00:10:59.490Z,sell,3.32e-05,106.16,0.003524512
NAV/BTC,1557274259490,2019-05-08T00:10:59.490Z,sell,3.31e-05,233.98,0.0077447379999999
NAV/BTC,1557274259490,2019-05-08T00:10:59.490Z,sell,3.31e-05,830.18,0.0274789579999999
NAV/BTC,1557274259541,2019-05-08T00:10:59.541Z,buy,3.32e-05,38.09,0.001264588
NAV/BTC,1557274259571,2019-05-08T00:10:59.571Z,buy,3.32e-05,157.4,0.00522568
NAV/BTC,1557274259571,2019-05-08T00:10:59.571Z,buy,3.32e-05,0.02,6.64e-07
NAV/BTC,1557274260340,2019-05-08T00:11:00.340Z,buy,3.35e-05,37.35,0.001251225
NAV/BTC,1557274261053,2019-05-08T00:11:01.053Z,buy,3.33e-05,51.61,0.001718613
NAV/BTC,1557274264643,2019-05-08T00:11:04.643Z,sell,3.33e-05,146.59,0.004881447
NAV/BTC,1557274269282,2019-05-08T00:11:09.282Z,sell,3.33e-05,60.5,0.00201465
NAV/BTC,1557274274904,2019-05-08T00:11:14.904Z,buy,3.34e-05,60.5,0.0020207
NAV/BTC,1557274274904,2019-05-08T00:11:14.904Z,buy,3.35e-05,534.73,0.017913455
NAV/BTC,1557274288268,2019-05-08T00:11:28.268Z,sell,3.33e-05,226.98,0.007558434
NAV/BTC,1557274288268,2019-05-08T00:11:28.268Z,sell,3.32e-05,50.02,0.001660664
