symbol,timestamp,datetime,side,price,amount,btc_volume
NAV/BTC,1562000307145,2019-07-01T16:58:27.145Z,sell,1.87e-05,89.0,0.0016643
NAV/BTC,1562000307145,2019-07-01T16:58:27.145Z,buy,1.88e-05,5501.27,0.103423876
NAV/BTC,1562000361266,2019-07-01T16:59:21.266Z,buy,1.88e-05,1109.42,0.020857096
NAV/BTC,1562000400308,2019-07-01T17:00:00.308Z,sell,1.87e-05,74.37,0.001390719
NAV/BTC,1562000437540,2019-07-01T17:00:37.540Z,sell,1.88e-05,478.24,0.008990912
NAV/BTC,1562000651417,2019-07-01T17:04:11.417Z,buy,1.89e-05,429.0,0.0081081
NAV/BTC,1562001273699,2019-07-01T17:14:33.699Z,buy,1.89e-05,1698.53,0.0321022169999999
NAV/BTC,1562001313946,2019-07-01T17:15:13.946Z,buy,1.89e-05,2374.57,0.044879373
NAV/BTC,1562001320174,2019-07-01T17:15:20.174Z,buy,1.9e-05,52.92,0.00100548
NAV/BTC,1562001321179,2019-07-01T17:15:21.179Z,sell,1.89e-05,63.79,0.001205631
NAV/BTC,1562001338180,2019-07-01T17:15:38.180Z,sell,1.89e-05,936.21,0.0176943689999999
NAV/BTC,1562001345907,2019-07-01T17:15:45.907Z,sell,1.88e-05,283.23,0.005324724
NAV/BTC,1562001409985,2019-07-01T17:16:49.985Z,sell,1.88e-05,702.7,0.01321076
NAV/BTC,1562001516623,2019-07-01T17:18:36.623Z,sell,1.89e-05,2555.57,0.048300273
NAV/BTC,1562001518619,2019-07-01T17:18:38.619Z,sell,1.89e-05,236.48,0.0044694719999999
NAV/BTC,1562001658349,2019-07-01T17:20:58.349Z,sell,1.89e-05,160.41,0.003031749
NAV/BTC,1562001868513,2019-07-01T17:24:28.513Z,buy,1.9e-05,73.69,0.00140011
NAV/BTC,1562002339830,2019-07-01T17:32:19.830Z,sell,1.89e-05,89.68,0.001694952
NAV/BTC,1562002355352,2019-07-01T17:32:35.352Z,sell,1.89e-05,98.51,0.001861839
NAV/BTC,1562002742519,2019-07-01T17:39:02.519Z,sell,1.89e-05,534.75,0.0101067749999999
NAV/BTC,1562003110190,2019-07-01T17:45:10.190Z,sell,1.89e-05,282.29,0.005335281
NAV/BTC,1562003282495,2019-07-01T17:48:02.495Z,sell,1.89e-05,49.14,0.0009287459999999
NAV/BTC,1562003282495,2019-07-01T17:48:02.495Z,sell,1.88e-05,1551.29,0.0291642519999999
NAV/BTC,1562003282495,2019-07-01T17:48:02.495Z,sell,1.87e-05,4166.89,0.077920843
NAV/BTC,1562003282495,2019-07-01T17:48:02.495Z,sell,1.86e-05,4274.73,0.079509978
NAV/BTC,1562003527207,2019-07-01T17:52:07.207Z,buy,1.88e-05,346.35,0.00651138
NAV/BTC,1562003649399,2019-07-01T17:54:09.399Z,sell,1.87e-05,269.44,0.005038528
NAV/BTC,1562003649399,2019-07-01T17:54:09.399Z,sell,1.87e-05,269.44,0.005038528
NAV/BTC,1562004250419,2019-07-01T18:04:10.419Z,sell,1.87e-05,4006.75,0.074926225
NAV/BTC,1562004250726,2019-07-01T18:04:10.726Z,buy,1.87e-05,228.55,0.004273885
NAV/BTC,1562004256902,2019-07-01T18:04:16.902Z,buy,1.86e-05,100.0,0.00186
NAV/BTC,1562004257340,2019-07-01T18:04:17.340Z,buy,1.86e-05,1000.0,0.0186
NAV/BTC,1562004262503,2019-07-01T18:04:22.503Z,sell,1.85e-05,2656.91,0.0491528349999999
NAV/BTC,1562004262503,2019-07-01T18:04:22.503Z,sell,1.85e-05,5911.23,0.1093577549999999
NAV/BTC,1562004344331,2019-07-01T18:05:44.331Z,buy,1.86e-05,641.9,0.01193934
NAV/BTC,1562004394600,2019-07-01T18:06:34.600Z,buy,1.86e-05,1367.12,0.025428432
NAV/BTC,1562004416795,2019-07-01T18:06:56.795Z,buy,1.86e-05,105.78,0.001967508
NAV/BTC,1562004478444,2019-07-01T18:07:58.444Z,buy,1.86e-05,1761.7,0.03276762
NAV/BTC,1562004486963,2019-07-01T18:08:06.963Z,buy,1.87e-05,534.75,0.009999825
NAV/BTC,1562004569168,2019-07-01T18:09:29.168Z,buy,1.87e-05,1510.82,0.028252334
NAV/BTC,1562004604560,2019-07-01T18:10:04.560Z,buy,1.87e-05,53.53,0.001001011
NAV/BTC,1562004646482,2019-07-01T18:10:46.482Z,buy,1.87e-05,540.47,0.010106789
NAV/BTC,1562004688593,2019-07-01T18:11:28.593Z,buy,1.87e-05,276.6,0.00517242
NAV/BTC,1562004705448,2019-07-01T18:11:45.448Z,sell,1.86e-05,110.64,0.002057904
NAV/BTC,1562005130496,2019-07-01T18:18:50.496Z,buy,1.87e-05,3816.52,0.071368924
NAV/BTC,1562005478747,2019-07-01T18:24:38.747Z,buy,1.88e-05,250.0,0.0047
NAV/BTC,1562005587423,2019-07-01T18:26:27.423Z,buy,1.88e-05,11415.05,0.21460294
NAV/BTC,1562005628818,2019-07-01T18:27:08.818Z,buy,1.88e-05,1746.02,0.032825176
NAV/BTC,1562005674881,2019-07-01T18:27:54.881Z,sell,1.87e-05,459.89,0.008599943
NAV/BTC,1562005969771,2019-07-01T18:32:49.771Z,buy,1.88e-05,545.76,0.010260288
NAV/BTC,1562006376852,2019-07-01T18:39:36.852Z,sell,1.87e-05,53.49,0.001000263
NAV/BTC,1562006601609,2019-07-01T18:43:21.609Z,sell,1.87e-05,140.0,0.002618
NAV/BTC,1562006787061,2019-07-01T18:46:27.061Z,buy,1.88e-05,132.49,0.002490812
NAV/BTC,1562006820956,2019-07-01T18:47:00.956Z,buy,1.88e-05,113.0,0.0021244
NAV/BTC,1562006820956,2019-07-01T18:47:00.956Z,buy,1.88e-05,113.0,0.0021244
NAV/BTC,1562007436767,2019-07-01T18:57:16.767Z,buy,1.88e-05,53.49,0.001005612
NAV/BTC,1562007842686,2019-07-01T19:04:02.686Z,buy,1.88e-05,143.4,0.00269592
NAV/BTC,1562007842723,2019-07-01T19:04:02.723Z,buy,1.88e-05,143.4,0.00269592
NAV/BTC,1562007842770,2019-07-01T19:04:02.770Z,buy,1.88e-05,143.4,0.00269592
NAV/BTC,1562007842828,2019-07-01T19:04:02.828Z,buy,1.88e-05,143.4,0.00269592
NAV/BTC,1562007842937,2019-07-01T19:04:02.937Z,buy,1.88e-05,143.4,0.00269592
NAV/BTC,1562007843737,2019-07-01T19:04:03.737Z,buy,1.88e-05,143.4,0.00269592
NAV/BTC,1562007873512,2019-07-01T19:04:33.512Z,buy,1.88e-05,212.76,0.003999888
NAV/BTC,1562007873919,2019-07-01T19:04:33.919Z,buy,1.88e-05,212.76,0.003999888
NAV/BTC,1562007879433,2019-07-01T19:04:39.433Z,buy,1.88e-05,212.76,0.003999888
NAV/BTC,1562007879924,2019-07-01T19:04:39.924Z,buy,1.88e-05,212.76,0.003999888
NAV/BTC,1562007915730,2019-07-01T19:05:15.730Z,buy,1.88e-05,631.23,0.011867124
NAV/BTC,1562007915730,2019-07-01T19:05:15.730Z,buy,1.89e-05,1803.69,0.034089741
NAV/BTC,1562008020724,2019-07-01T19:07:00.724Z,buy,1.89e-05,545.56,0.0103110839999999
NAV/BTC,1562008020990,2019-07-01T19:07:00.990Z,sell,1.89e-05,101.44,0.0019172159999999
NAV/BTC,1562008125464,2019-07-01T19:08:45.464Z,sell,1.88e-05,99.99,0.0018798119999999
NAV/BTC,1562008213879,2019-07-01T19:10:13.879Z,buy,1.89e-05,129.57,0.002448873
NAV/BTC,1562008317386,2019-07-01T19:11:57.386Z,buy,1.89e-05,1827.02,0.0345306779999999
NAV/BTC,1562008853666,2019-07-01T19:20:53.666Z,sell,1.88e-05,614.8,0.01155824
NAV/BTC,1562008853666,2019-07-01T19:20:53.666Z,sell,1.87e-05,3642.93,0.068122791
NAV/BTC,1562008871203,2019-07-01T19:21:11.203Z,buy,1.89e-05,79.37,0.0015000929999999
NAV/BTC,1562009021049,2019-07-01T19:23:41.049Z,sell,1.87e-05,1007.32,0.018836884
NAV/BTC,1562009203197,2019-07-01T19:26:43.197Z,sell,1.88e-05,391.16,0.007353808
NAV/BTC,1562009206444,2019-07-01T19:26:46.444Z,buy,1.89e-05,1999.09,0.037782801
NAV/BTC,1562009212057,2019-07-01T19:26:52.057Z,buy,1.89e-05,1499.32,0.0283371479999999
NAV/BTC,1562009215464,2019-07-01T19:26:55.464Z,buy,1.89e-05,591.01,0.011170089
NAV/BTC,1562009220697,2019-07-01T19:27:00.697Z,buy,1.9e-05,3355.72,0.06375868
NAV/BTC,1562009223733,2019-07-01T19:27:03.733Z,sell,1.89e-05,1379.19,0.026066691
NAV/BTC,1562009223733,2019-07-01T19:27:03.733Z,sell,1.88e-05,1864.08,0.0350447039999999
NAV/BTC,1562009240544,2019-07-01T19:27:20.544Z,buy,1.89e-05,123.57,0.002335473
NAV/BTC,1562009297449,2019-07-01T19:28:17.449Z,buy,1.89e-05,63.79,0.001205631
NAV/BTC,1562009404284,2019-07-01T19:30:04.284Z,buy,1.89e-05,64.38,0.0012167819999999
NAV/BTC,1562009404583,2019-07-01T19:30:04.583Z,sell,1.89e-05,76.03,0.001436967
NAV/BTC,1562009405013,2019-07-01T19:30:05.013Z,buy,1.9e-05,79.36,0.00150784
NAV/BTC,1562009585628,2019-07-01T19:33:05.628Z,buy,1.9e-05,382.84,0.00727396
NAV/BTC,1562009626531,2019-07-01T19:33:46.531Z,buy,1.9e-05,694.66,0.01319854
NAV/BTC,1562009626531,2019-07-01T19:33:46.531Z,buy,1.91e-05,11098.2,0.21197562
NAV/BTC,1562009626531,2019-07-01T19:33:46.531Z,buy,1.92e-05,13824.49,0.265430208
NAV/BTC,1562009626531,2019-07-01T19:33:46.531Z,buy,1.93e-05,6026.36,0.116308748
NAV/BTC,1562009626531,2019-07-01T19:33:46.531Z,buy,1.94e-05,2425.72,0.047058968
NAV/BTC,1562009626531,2019-07-01T19:33:46.531Z,buy,1.95e-05,22047.56,0.42992742
NAV/BTC,1562009626531,2019-07-01T19:33:46.531Z,buy,1.96e-05,13779.73,0.2700827079999999
NAV/BTC,1562009626531,2019-07-01T19:33:46.531Z,buy,1.97e-05,97.56,0.001921932
NAV/BTC,1562009626531,2019-07-01T19:33:46.531Z,sell,1.96e-05,605.62,0.011870152
NAV/BTC,1562009626596,2019-07-01T19:33:46.596Z,sell,1.9e-05,605.62,0.01150678
NAV/BTC,1562009627046,2019-07-01T19:33:47.046Z,sell,1.92e-05,246.03,0.004723776
NAV/BTC,1562009627426,2019-07-01T19:33:47.426Z,sell,1.91e-05,122.84,0.002346244
NAV/BTC,1562009627611,2019-07-01T19:33:47.611Z,buy,1.93e-05,104.17,0.002010481
NAV/BTC,1562009628237,2019-07-01T19:33:48.237Z,sell,1.91e-05,2239.67,0.042777697
NAV/BTC,1562009628598,2019-07-01T19:33:48.598Z,sell,1.91e-05,260.8,0.00498128
NAV/BTC,1562009628598,2019-07-01T19:33:48.598Z,sell,1.9e-05,121.71,0.00231249
NAV/BTC,1562009628603,2019-07-01T19:33:48.603Z,sell,1.9e-05,273.22,0.00519118
NAV/BTC,1562009629587,2019-07-01T19:33:49.587Z,buy,1.92e-05,76.03,0.0014597759999999
NAV/BTC,1562009629615,2019-07-01T19:33:49.615Z,sell,1.91e-05,163.93,0.003131063
NAV/BTC,1562009630070,2019-07-01T19:33:50.070Z,sell,1.91e-05,46.07,0.000879937
NAV/BTC,1562009631635,2019-07-01T19:33:51.635Z,buy,1.91e-05,150.34,0.002871494
NAV/BTC,1562009635210,2019-07-01T19:33:55.210Z,buy,1.93e-05,325.39,0.006280027
NAV/BTC,1562009635610,2019-07-01T19:33:55.610Z,buy,1.94e-05,362.25,0.00702765
NAV/BTC,1562009636039,2019-07-01T19:33:56.039Z,sell,1.92e-05,212.76,0.004084992
NAV/BTC,1562009636416,2019-07-01T19:33:56.416Z,sell,1.92e-05,33.27,0.000638784
NAV/BTC,1562009636664,2019-07-01T19:33:56.664Z,buy,1.92e-05,191.25,0.003672
NAV/BTC,1562009636664,2019-07-01T19:33:56.664Z,buy,1.93e-05,313.33,0.006047269
NAV/BTC,1562009636850,2019-07-01T19:33:56.850Z,sell,1.93e-05,79.15,0.001527595
NAV/BTC,1562009637038,2019-07-01T19:33:57.038Z,sell,1.93e-05,246.03,0.004748379
NAV/BTC,1562009637096,2019-07-01T19:33:57.096Z,sell,1.93e-05,38.65,0.000745945
NAV/BTC,1562009637620,2019-07-01T19:33:57.620Z,buy,1.93e-05,174.11,0.003360323
NAV/BTC,1562009637620,2019-07-01T19:33:57.620Z,buy,1.94e-05,84.89,0.001646866
NAV/BTC,1562009641290,2019-07-01T19:34:01.290Z,sell,1.92e-05,246.03,0.004723776
NAV/BTC,1562009641290,2019-07-01T19:34:01.290Z,sell,1.91e-05,80.43,0.001536213
NAV/BTC,1562009642556,2019-07-01T19:34:02.556Z,sell,1.91e-05,79.37,0.001515967
NAV/BTC,1562009644086,2019-07-01T19:34:04.086Z,buy,1.92e-05,103.36,0.001984512
NAV/BTC,1562009645592,2019-07-01T19:34:05.592Z,sell,1.91e-05,307.43,0.005871913
NAV/BTC,1562009645945,2019-07-01T19:34:05.945Z,sell,1.89e-05,429.64,0.008120196
NAV/BTC,1562009649663,2019-07-01T19:34:09.663Z,sell,1.89e-05,536.45,0.010138905
NAV/BTC,1562009652201,2019-07-01T19:34:12.201Z,buy,1.9e-05,493.93,0.00938467
NAV/BTC,1562009652201,2019-07-01T19:34:12.201Z,buy,1.91e-05,343.43,0.006559513
NAV/BTC,1562009659464,2019-07-01T19:34:19.464Z,sell,1.9e-05,204.56,0.00388664
NAV/BTC,1562009665491,2019-07-01T19:34:25.491Z,sell,1.9e-05,545.76,0.01036944
NAV/BTC,1562009710833,2019-07-01T19:35:10.833Z,buy,1.91e-05,63.12,0.001205592
NAV/BTC,1562009735731,2019-07-01T19:35:35.731Z,buy,1.93e-05,55.48,0.001070764
NAV/BTC,1562009739187,2019-07-01T19:35:39.187Z,buy,1.92e-05,1158.47,0.022242624
NAV/BTC,1562009739187,2019-07-01T19:35:39.187Z,buy,1.93e-05,2796.65,0.053975345
NAV/BTC,1562009965670,2019-07-01T19:39:25.670Z,buy,1.92e-05,95.69,0.0018372479999999
NAV/BTC,1562009967035,2019-07-01T19:39:27.035Z,buy,1.92e-05,211.39,0.0040586879999999
NAV/BTC,1562009967035,2019-07-01T19:39:27.035Z,buy,1.93e-05,42.26,0.000815618
NAV/BTC,1562009985636,2019-07-01T19:39:45.636Z,buy,1.92e-05,85.76,0.001646592
NAV/BTC,1562009985922,2019-07-01T19:39:45.922Z,sell,1.92e-05,419.58,0.008055936
NAV/BTC,1562009998147,2019-07-01T19:39:58.147Z,buy,1.93e-05,114.73,0.002214289
NAV/BTC,1562010008160,2019-07-01T19:40:08.160Z,buy,1.93e-05,345.42,0.006666606
NAV/BTC,1562010059944,2019-07-01T19:40:59.944Z,sell,1.92e-05,79.79,0.001531968
NAV/BTC,1562010059944,2019-07-01T19:40:59.944Z,sell,1.92e-05,79.79,0.001531968
NAV/BTC,1562010445348,2019-07-01T19:47:25.348Z,sell,1.92e-05,1194.42,0.022932864
NAV/BTC,1562010541010,2019-07-01T19:49:01.010Z,sell,1.92e-05,310.14,0.005954688
NAV/BTC,1562011018265,2019-07-01T19:56:58.265Z,buy,1.93e-05,600.75,0.011594475
NAV/BTC,1562011020684,2019-07-01T19:57:00.684Z,sell,1.92e-05,357.6,0.00686592
NAV/BTC,1562011022749,2019-07-01T19:57:02.749Z,buy,1.93e-05,307.13,0.005927609
NAV/BTC,1562011035852,2019-07-01T19:57:15.852Z,sell,1.92e-05,212.76,0.004084992
NAV/BTC,1562011086594,2019-07-01T19:58:06.594Z,sell,1.93e-05,509.37,0.009830841
NAV/BTC,1562011086621,2019-07-01T19:58:06.621Z,sell,1.93e-05,61.48,0.001186564
NAV/BTC,1562011086742,2019-07-01T19:58:06.742Z,sell,1.93e-05,1000.0,0.0193
NAV/BTC,1562011096118,2019-07-01T19:58:16.118Z,buy,1.94e-05,2167.41,0.042047754
NAV/BTC,1562011100418,2019-07-01T19:58:20.418Z,buy,1.94e-05,62.14,0.001205516
NAV/BTC,1562011102015,2019-07-01T19:58:22.015Z,buy,1.94e-05,994.16,0.019286704
NAV/BTC,1562011103555,2019-07-01T19:58:23.555Z,sell,1.93e-05,219.91,0.004244263
NAV/BTC,1562011103704,2019-07-01T19:58:23.704Z,buy,1.93e-05,380.09,0.007335737
NAV/BTC,1562011124289,2019-07-01T19:58:44.289Z,sell,1.93e-05,53.14,0.001025602
NAV/BTC,1562011124497,2019-07-01T19:58:44.497Z,sell,1.93e-05,738.97,0.014262121
NAV/BTC,1562011124705,2019-07-01T19:58:44.705Z,buy,1.93e-05,3185.05,0.061471465
NAV/BTC,1562011125691,2019-07-01T19:58:45.691Z,sell,1.93e-05,120.87,0.002332791
NAV/BTC,1562011129370,2019-07-01T19:58:49.370Z,buy,1.94e-05,243.42,0.0047223479999999
NAV/BTC,1562011171027,2019-07-01T19:59:31.027Z,sell,1.94e-05,147.15,0.00285471
NAV/BTC,1562011171069,2019-07-01T19:59:31.069Z,sell,1.94e-05,49.05,0.00095157
NAV/BTC,1562011171074,2019-07-01T19:59:31.074Z,sell,1.93e-05,183.86,0.003548498
NAV/BTC,1562011171431,2019-07-01T19:59:31.431Z,buy,1.94e-05,144.24,0.002798256
NAV/BTC,1562011172590,2019-07-01T19:59:32.590Z,buy,1.94e-05,183.75,0.00356475
NAV/BTC,1562011172713,2019-07-01T19:59:32.713Z,buy,1.94e-05,0.51,9.894e-06
NAV/BTC,1562011173144,2019-07-01T19:59:33.144Z,sell,1.94e-05,99.49,0.001930106
NAV/BTC,1562011178714,2019-07-01T19:59:38.714Z,sell,1.93e-05,240.71,0.004645703
NAV/BTC,1562011180589,2019-07-01T19:59:40.589Z,buy,1.94e-05,240.71,0.004669774
NAV/BTC,1562011217552,2019-07-01T20:00:17.552Z,sell,1.93e-05,241.96,0.004669828
NAV/BTC,1562011219418,2019-07-01T20:00:19.418Z,buy,1.94e-05,241.96,0.004694024
NAV/BTC,1562011269762,2019-07-01T20:01:09.762Z,buy,1.95e-05,307.7,0.00600015
NAV/BTC,1562011381746,2019-07-01T20:03:01.746Z,sell,1.94e-05,380.09,0.007373746
NAV/BTC,1562011382629,2019-07-01T20:03:02.629Z,sell,1.94e-05,327.86,0.006360484
NAV/BTC,1562011384996,2019-07-01T20:03:04.996Z,sell,1.94e-05,55.48,0.001076312
NAV/BTC,1562011443262,2019-07-01T20:04:03.262Z,buy,1.94e-05,627.64,0.012176216
NAV/BTC,1562011445839,2019-07-01T20:04:05.839Z,sell,1.93e-05,161.11,0.003109423
NAV/BTC,1562011445839,2019-07-01T20:04:05.839Z,sell,1.93e-05,56.82,0.001096626
NAV/BTC,1562011445839,2019-07-01T20:04:05.839Z,sell,1.92e-05,41.96,0.000805632
NAV/BTC,1562011451662,2019-07-01T20:04:11.662Z,sell,1.91e-05,537.63,0.010268733
NAV/BTC,1562011451662,2019-07-01T20:04:11.662Z,sell,1.91e-05,117.98,0.002253418
NAV/BTC,1562011467890,2019-07-01T20:04:27.890Z,sell,1.91e-05,74.37,0.001420467
NAV/BTC,1562011548226,2019-07-01T20:05:48.226Z,sell,1.93e-05,246.52,0.004757836
NAV/BTC,1562011548226,2019-07-01T20:05:48.226Z,sell,1.92e-05,299.24,0.005745408
NAV/BTC,1562011639419,2019-07-01T20:07:19.419Z,buy,1.95e-05,90.73,0.001769235
NAV/BTC,1562011733254,2019-07-01T20:08:53.254Z,buy,1.95e-05,67.99,0.0013258049999999
NAV/BTC,1562011835366,2019-07-01T20:10:35.366Z,buy,1.95e-05,2415.94,0.04711083
NAV/BTC,1562011859943,2019-07-01T20:10:59.943Z,buy,1.95e-05,1524.81,0.0297337949999999
NAV/BTC,1562011969278,2019-07-01T20:12:49.278Z,buy,1.95e-05,75.77,0.001477515
NAV/BTC,1562012078674,2019-07-01T20:14:38.674Z,buy,1.95e-05,94.72,0.0018470399999999
NAV/BTC,1562012160717,2019-07-01T20:16:00.717Z,buy,1.95e-05,92.16,0.00179712
NAV/BTC,1562012285687,2019-07-01T20:18:05.687Z,sell,1.94e-05,139.0,0.0026966
NAV/BTC,1562012358055,2019-07-01T20:19:18.055Z,sell,1.93e-05,655.62,0.012653466
NAV/BTC,1562012358055,2019-07-01T20:19:18.055Z,buy,1.94e-05,1030.92,0.019999848
NAV/BTC,1562012402383,2019-07-01T20:20:02.383Z,buy,1.94e-05,683.58,0.013261452
NAV/BTC,1562012658397,2019-07-01T20:24:18.397Z,sell,1.93e-05,67.78,0.001308154
NAV/BTC,1562012659134,2019-07-01T20:24:19.134Z,buy,1.94e-05,147.55,0.00286247
NAV/BTC,1562012697642,2019-07-01T20:24:57.642Z,buy,1.94e-05,52.57,0.001019858
NAV/BTC,1562012778992,2019-07-01T20:26:18.992Z,sell,1.93e-05,147.4,0.00284482
NAV/BTC,1562012779062,2019-07-01T20:26:19.062Z,sell,1.93e-05,129.2,0.00249356
NAV/BTC,1562012779257,2019-07-01T20:26:19.257Z,sell,1.91e-05,276.6,0.00528306
NAV/BTC,1562012779460,2019-07-01T20:26:19.460Z,buy,1.93e-05,147.54,0.002847522
NAV/BTC,1562012787763,2019-07-01T20:26:27.763Z,sell,1.91e-05,231.87,0.004428717
NAV/BTC,1562012787763,2019-07-01T20:26:27.763Z,sell,1.9e-05,41.36,0.00078584
NAV/BTC,1562012855659,2019-07-01T20:27:35.659Z,sell,1.91e-05,1000.0,0.0191
NAV/BTC,1562013059982,2019-07-01T20:30:59.982Z,buy,1.92e-05,429.0,0.0082367999999999
NAV/BTC,1562013538888,2019-07-01T20:38:58.888Z,sell,1.92e-05,1811.16,0.034774272
NAV/BTC,1562013657474,2019-07-01T20:40:57.474Z,sell,1.92e-05,192.27,0.003691584
NAV/BTC,1562013657522,2019-07-01T20:40:57.522Z,sell,1.92e-05,147.4,0.00283008
NAV/BTC,1562013657522,2019-07-01T20:40:57.522Z,sell,1.92e-05,147.4,0.00283008
NAV/BTC,1562013688651,2019-07-01T20:41:28.651Z,buy,1.94e-05,248.52,0.004821288
NAV/BTC,1562013707386,2019-07-01T20:41:47.386Z,buy,1.94e-05,157.0,0.0030458
NAV/BTC,1562013733302,2019-07-01T20:42:13.302Z,buy,1.94e-05,155.0,0.003007
NAV/BTC,1562013748815,2019-07-01T20:42:28.815Z,buy,1.94e-05,150.0,0.00291
NAV/BTC,1562013767128,2019-07-01T20:42:47.128Z,buy,1.94e-05,150.0,0.00291
NAV/BTC,1562013775078,2019-07-01T20:42:55.078Z,buy,1.94e-05,100.0,0.00194
NAV/BTC,1562013867105,2019-07-01T20:44:27.105Z,buy,1.94e-05,61.46,0.001192324
NAV/BTC,1562014063679,2019-07-01T20:47:43.679Z,buy,1.94e-05,65.0,0.001261
NAV/BTC,1562014240890,2019-07-01T20:50:40.890Z,sell,1.93e-05,68.8,0.00132784
NAV/BTC,1562014322656,2019-07-01T20:52:02.656Z,sell,1.93e-05,575.04,0.011098272
NAV/BTC,1562014540018,2019-07-01T20:55:40.018Z,sell,1.92e-05,134.59,0.0025841279999999
NAV/BTC,1562014614798,2019-07-01T20:56:54.798Z,buy,1.93e-05,659.08,0.012720244
NAV/BTC,1562015247891,2019-07-01T21:07:27.891Z,sell,1.93e-05,176.72,0.003410696
NAV/BTC,1562015527296,2019-07-01T21:12:07.296Z,sell,1.93e-05,53.76,0.001037568
NAV/BTC,1562015659793,2019-07-01T21:14:19.793Z,sell,1.93e-05,683.58,0.013193094
NAV/BTC,1562015869443,2019-07-01T21:17:49.443Z,sell,1.93e-05,100.28,0.001935404
NAV/BTC,1562016135830,2019-07-01T21:22:15.830Z,sell,1.93e-05,3085.28,0.059545904
NAV/BTC,1562016701006,2019-07-01T21:31:41.006Z,sell,1.93e-05,149.85,0.002892105
NAV/BTC,1562016794289,2019-07-01T21:33:14.289Z,buy,1.94e-05,500.0,0.0097
NAV/BTC,1562016794289,2019-07-01T21:33:14.289Z,buy,1.94e-05,500.0,0.0097
NAV/BTC,1562017267223,2019-07-01T21:41:07.223Z,sell,1.93e-05,1061.31,0.020483283
NAV/BTC,1562017875434,2019-07-01T21:51:15.434Z,sell,1.92e-05,492.28,0.0094517759999999
NAV/BTC,1562018044661,2019-07-01T21:54:04.661Z,buy,1.92e-05,583.96,0.011212032
NAV/BTC,1562018391285,2019-07-01T21:59:51.285Z,sell,1.92e-05,2020.2,0.03878784
NAV/BTC,1562018506734,2019-07-01T22:01:46.734Z,buy,1.92e-05,951.02,0.018259584
NAV/BTC,1562019431166,2019-07-01T22:17:11.166Z,buy,1.92e-05,291.78,0.0056021759999999
NAV/BTC,1562019431166,2019-07-01T22:17:11.166Z,buy,1.93e-05,3928.53,0.075820629
NAV/BTC,1562019431166,2019-07-01T22:17:11.166Z,buy,1.94e-05,10820.36,0.209914984
NAV/BTC,1562019431166,2019-07-01T22:17:11.166Z,buy,1.95e-05,790.79,0.015420405
NAV/BTC,1562019431169,2019-07-01T22:17:11.169Z,buy,1.95e-05,86.24,0.0016816799999999
NAV/BTC,1562019431208,2019-07-01T22:17:11.208Z,buy,1.96e-05,5485.24,0.1075107039999999
NAV/BTC,1562019431208,2019-07-01T22:17:11.208Z,buy,1.97e-05,10204.93,0.201037121
NAV/BTC,1562019431208,2019-07-01T22:17:11.208Z,buy,1.98e-05,141.29,0.0027975419999999
NAV/BTC,1562019432460,2019-07-01T22:17:12.460Z,sell,1.95e-05,234.48,0.00457236
NAV/BTC,1562019432564,2019-07-01T22:17:12.564Z,buy,1.95e-05,833.93,0.016261635
NAV/BTC,1562019432566,2019-07-01T22:17:12.566Z,buy,1.95e-05,2.16,4.212e-05
NAV/BTC,1562019433349,2019-07-01T22:17:13.349Z,sell,1.95e-05,261.87,0.005106465
NAV/BTC,1562019433533,2019-07-01T22:17:13.533Z,buy,1.95e-05,226.83,0.004423185
NAV/BTC,1562019437027,2019-07-01T22:17:17.027Z,sell,1.95e-05,1900.0,0.03705
NAV/BTC,1562019437386,2019-07-01T22:17:17.386Z,sell,1.95e-05,362.25,0.007063875
NAV/BTC,1562019438398,2019-07-01T22:17:18.398Z,buy,1.96e-05,94.22,0.001846712
NAV/BTC,1562019439341,2019-07-01T22:17:19.341Z,sell,1.96e-05,1116.41,0.021881636
NAV/BTC,1562019440175,2019-07-01T22:17:20.175Z,sell,1.95e-05,232.72,0.00453804
NAV/BTC,1562019443124,2019-07-01T22:17:23.124Z,buy,1.96e-05,118.28,0.002318288
NAV/BTC,1562019465688,2019-07-01T22:17:45.688Z,sell,1.94e-05,382.51,0.007420694
NAV/BTC,1562019489513,2019-07-01T22:18:09.513Z,sell,1.95e-05,61.82,0.00120549
NAV/BTC,1562019501044,2019-07-01T22:18:21.044Z,buy,1.96e-05,1033.32,0.0202530719999999
NAV/BTC,1562019545966,2019-07-01T22:19:05.966Z,buy,1.95e-05,170.9,0.00333255
NAV/BTC,1562019548109,2019-07-01T22:19:08.109Z,sell,1.96e-05,155.07,0.003039372
NAV/BTC,1562020265282,2019-07-01T22:31:05.282Z,buy,1.97e-05,216.89,0.004272733
NAV/BTC,1562020266213,2019-07-01T22:31:06.213Z,sell,1.97e-05,320.4,0.00631188
NAV/BTC,1562020290398,2019-07-01T22:31:30.398Z,buy,1.97e-05,246.52,0.004856444
NAV/BTC,1562020312850,2019-07-01T22:31:52.850Z,buy,1.98e-05,80.68,0.001597464
NAV/BTC,1562020318753,2019-07-01T22:31:58.753Z,sell,1.97e-05,106.47,0.002097459
NAV/BTC,1562020326823,2019-07-01T22:32:06.823Z,sell,1.97e-05,51.61,0.001016717
NAV/BTC,1562020326823,2019-07-01T22:32:06.823Z,sell,1.97e-05,51.61,0.001016717
NAV/BTC,1562020952061,2019-07-01T22:42:32.061Z,sell,1.97e-05,9.58,0.000188726
NAV/BTC,1562020968373,2019-07-01T22:42:48.373Z,sell,1.96e-05,485.66,0.009518936
NAV/BTC,1562020984843,2019-07-01T22:43:04.843Z,sell,1.96e-05,232.07,0.004548572
NAV/BTC,1562021012230,2019-07-01T22:43:32.230Z,sell,1.95e-05,485.65,0.0094701749999999
NAV/BTC,1562021012779,2019-07-01T22:43:32.779Z,buy,1.96e-05,23.11,0.0004529559999999
NAV/BTC,1562021518639,2019-07-01T22:51:58.639Z,sell,1.96e-05,38.41,0.0007528359999999
NAV/BTC,1562021522188,2019-07-01T22:52:02.188Z,buy,1.96e-05,161.91,0.0031734359999999
NAV/BTC,1562021539652,2019-07-01T22:52:19.652Z,sell,1.95e-05,692.22,0.01349829
NAV/BTC,1562022030807,2019-07-01T23:00:30.807Z,buy,1.97e-05,1381.68,0.027219096
NAV/BTC,1562022045140,2019-07-01T23:00:45.140Z,buy,1.98e-05,2019.29,0.039981942
NAV/BTC,1562022046773,2019-07-01T23:00:46.773Z,buy,1.98e-05,659.51,0.013058298
NAV/BTC,1562022060431,2019-07-01T23:01:00.431Z,buy,1.98e-05,910.62,0.018030276
NAV/BTC,1562022062528,2019-07-01T23:01:02.528Z,buy,1.98e-05,910.62,0.018030276
NAV/BTC,1562022062826,2019-07-01T23:01:02.826Z,buy,1.98e-05,303.04,0.006000192
NAV/BTC,1562022064622,2019-07-01T23:01:04.622Z,buy,1.98e-05,910.62,0.018030276
NAV/BTC,1562022066713,2019-07-01T23:01:06.713Z,buy,1.98e-05,910.62,0.018030276
NAV/BTC,1562022166779,2019-07-01T23:02:46.779Z,sell,1.97e-05,118.28,0.002330116
NAV/BTC,1562022405757,2019-07-01T23:06:45.757Z,sell,1.97e-05,4336.59,0.085430823
NAV/BTC,1562022405757,2019-07-01T23:06:45.757Z,sell,1.96e-05,408.17,0.008000132
NAV/BTC,1562022405757,2019-07-01T23:06:45.757Z,sell,1.95e-05,5895.33,0.114958935
NAV/BTC,1562022405770,2019-07-01T23:06:45.770Z,buy,1.95e-05,774.96,0.01511172
NAV/BTC,1562022406851,2019-07-01T23:06:46.851Z,buy,1.97e-05,556.48,0.010962656
NAV/BTC,1562022407089,2019-07-01T23:06:47.089Z,sell,1.96e-05,1247.74,0.0244557039999999
NAV/BTC,1562022407089,2019-07-01T23:06:47.089Z,sell,1.95e-05,591.54,0.01153503
NAV/BTC,1562022418204,2019-07-01T23:06:58.204Z,sell,1.95e-05,159.45,0.003109275
NAV/BTC,1562022499178,2019-07-01T23:08:19.178Z,sell,1.94e-05,580.55,0.0112626699999999
NAV/BTC,1562022499239,2019-07-01T23:08:19.239Z,buy,1.94e-05,72.8,0.00141232
NAV/BTC,1562022499366,2019-07-01T23:08:19.366Z,buy,1.94e-05,834.53,0.016189882
NAV/BTC,1562022499388,2019-07-01T23:08:19.388Z,buy,1.94e-05,1000.0,0.0194
NAV/BTC,1562022499432,2019-07-01T23:08:19.432Z,buy,1.94e-05,188.24,0.003651856
NAV/BTC,1562022499906,2019-07-01T23:08:19.906Z,sell,1.94e-05,382.52,0.007420888
NAV/BTC,1562022920735,2019-07-01T23:15:20.735Z,buy,1.95e-05,569.95,0.011114025
NAV/BTC,1562023114982,2019-07-01T23:18:34.982Z,sell,1.95e-05,942.92,0.0183869399999999
NAV/BTC,1562023115204,2019-07-01T23:18:35.204Z,buy,1.96e-05,591.54,0.0115941839999999
NAV/BTC,1562023115204,2019-07-01T23:18:35.204Z,buy,1.97e-05,3554.26,0.070018922
NAV/BTC,1562023146106,2019-07-01T23:19:06.106Z,buy,1.96e-05,255.18,0.005001528
NAV/BTC,1562023208412,2019-07-01T23:20:08.412Z,buy,1.96e-05,315.58,0.0061853679999999
NAV/BTC,1562023208412,2019-07-01T23:20:08.412Z,buy,1.97e-05,1286.77,0.025349369
NAV/BTC,1562023208412,2019-07-01T23:20:08.412Z,buy,1.98e-05,2514.48,0.049786704
NAV/BTC,1562023270143,2019-07-01T23:21:10.143Z,sell,1.96e-05,132.35,0.0025940599999999
NAV/BTC,1562023271358,2019-07-01T23:21:11.358Z,sell,1.97e-05,61.19,0.001205443
NAV/BTC,1562023298367,2019-07-01T23:21:38.367Z,buy,1.97e-05,250.0,0.004925
NAV/BTC,1562023802785,2019-07-01T23:30:02.785Z,buy,1.97e-05,5.18,0.000102046
NAV/BTC,1562023802785,2019-07-01T23:30:02.785Z,buy,1.97e-05,5.18,0.000102046
NAV/BTC,1562024013403,2019-07-01T23:33:33.403Z,sell,1.97e-05,94.82,0.001867954
NAV/BTC,1562024532085,2019-07-01T23:42:12.085Z,sell,1.96e-05,1094.55,0.02145318
NAV/BTC,1562024659117,2019-07-01T23:44:19.117Z,sell,1.96e-05,212.26,0.004160296
NAV/BTC,1562025013118,2019-07-01T23:50:13.118Z,sell,1.96e-05,104.17,0.002041732
NAV/BTC,1562025824147,2019-07-02T00:03:44.147Z,buy,1.97e-05,202.0,0.0039794
NAV/BTC,1562025843313,2019-07-02T00:04:03.313Z,buy,1.97e-05,54.22,0.001068134
NAV/BTC,1562026225037,2019-07-02T00:10:25.037Z,buy,1.96e-05,97.02,0.0019015919999999
NAV/BTC,1562026247547,2019-07-02T00:10:47.547Z,sell,1.95e-05,96.93,0.001890135
NAV/BTC,1562026251079,2019-07-02T00:10:51.079Z,buy,1.96e-05,54.22,0.001062712
NAV/BTC,1562027039167,2019-07-02T00:23:59.167Z,buy,1.95e-05,163.76,0.00319332
NAV/BTC,1562027295297,2019-07-02T00:28:15.297Z,sell,1.94e-05,207.0,0.0040158
NAV/BTC,1562027295297,2019-07-02T00:28:15.297Z,sell,1.94e-05,207.0,0.0040158
NAV/BTC,1562027611921,2019-07-02T00:33:31.921Z,sell,1.94e-05,534.77,0.0103745379999999
NAV/BTC,1562027633164,2019-07-02T00:33:53.164Z,sell,1.94e-05,490.62,0.009518028
NAV/BTC,1562027633164,2019-07-02T00:33:53.164Z,sell,1.93e-05,1052.58,0.020314794
NAV/BTC,1562027634622,2019-07-02T00:33:54.622Z,sell,1.94e-05,305.08,0.005918552
NAV/BTC,1562027634972,2019-07-02T00:33:54.972Z,buy,1.95e-05,108.44,0.00211458
NAV/BTC,1562027650155,2019-07-02T00:34:10.155Z,sell,1.93e-05,11619.66,0.224259438
NAV/BTC,1562027653944,2019-07-02T00:34:13.944Z,buy,1.93e-05,102.52,0.001978636
NAV/BTC,1562027662361,2019-07-02T00:34:22.361Z,buy,1.93e-05,258.7,0.00499291
NAV/BTC,1562027666363,2019-07-02T00:34:26.363Z,buy,1.93e-05,112.4,0.00216932
NAV/BTC,1562027666407,2019-07-02T00:34:26.407Z,buy,1.93e-05,112.4,0.00216932
NAV/BTC,1562027673138,2019-07-02T00:34:33.138Z,buy,1.93e-05,497.15,0.009594995
NAV/BTC,1562027680273,2019-07-02T00:34:40.273Z,buy,1.93e-05,517.94,0.009996242
NAV/BTC,1562027697743,2019-07-02T00:34:57.743Z,buy,1.93e-05,518.08,0.009998944
NAV/BTC,1562027715284,2019-07-02T00:35:15.284Z,buy,1.93e-05,517.5,0.00998775
NAV/BTC,1562027715299,2019-07-02T00:35:15.299Z,buy,1.93e-05,461.09,0.008899037
NAV/BTC,1562027733618,2019-07-02T00:35:33.618Z,buy,1.93e-05,517.27,0.009983311
NAV/BTC,1562027750618,2019-07-02T00:35:50.618Z,buy,1.93e-05,106.5,0.00205545
NAV/BTC,1562027750874,2019-07-02T00:35:50.874Z,buy,1.93e-05,946.15,0.018260695
NAV/BTC,1562027797625,2019-07-02T00:36:37.625Z,sell,1.94e-05,1000.0,0.0194
NAV/BTC,1562028146170,2019-07-02T00:42:26.170Z,sell,1.93e-05,227.87,0.004397891
NAV/BTC,1562028239180,2019-07-02T00:43:59.180Z,sell,1.93e-05,227.86,0.004397698
NAV/BTC,1562028429477,2019-07-02T00:47:09.477Z,buy,1.94e-05,94.2,0.00182748
NAV/BTC,1562028484632,2019-07-02T00:48:04.632Z,sell,1.93e-05,12717.16,0.245441188
NAV/BTC,1562028484673,2019-07-02T00:48:04.673Z,buy,1.93e-05,112.97,0.002180321
NAV/BTC,1562028484678,2019-07-02T00:48:04.678Z,buy,1.93e-05,73.99,0.001428007
NAV/BTC,1562028719040,2019-07-02T00:51:59.040Z,sell,1.92e-05,1972.0,0.0378624
NAV/BTC,1562028987126,2019-07-02T00:56:27.126Z,buy,1.93e-05,179.34,0.003461262
NAV/BTC,1562029138212,2019-07-02T00:58:58.212Z,buy,1.93e-05,2652.26,0.051188618
NAV/BTC,1562029302901,2019-07-02T01:01:42.901Z,sell,1.92e-05,4524.95,0.0868790399999999
NAV/BTC,1562029391599,2019-07-02T01:03:11.599Z,buy,1.93e-05,18.78,0.000362454
NAV/BTC,1562029600994,2019-07-02T01:06:40.994Z,buy,1.93e-05,69.93,0.001349649
NAV/BTC,1562030115184,2019-07-02T01:15:15.184Z,buy,1.93e-05,72.46,0.001398478
NAV/BTC,1562030116346,2019-07-02T01:15:16.346Z,buy,1.93e-05,629.04,0.012140472
NAV/BTC,1562030116366,2019-07-02T01:15:16.366Z,buy,1.93e-05,262.82,0.005072426
NAV/BTC,1562030116368,2019-07-02T01:15:16.368Z,buy,1.93e-05,551.3,0.01064009
NAV/BTC,1562030116530,2019-07-02T01:15:16.530Z,buy,1.93e-05,251.5,0.00485395
NAV/BTC,1562030129800,2019-07-02T01:15:29.800Z,buy,1.93e-05,209.28,0.004039104
NAV/BTC,1562030129836,2019-07-02T01:15:29.836Z,buy,1.93e-05,243.27,0.004695111
NAV/BTC,1562030130386,2019-07-02T01:15:30.386Z,buy,1.93e-05,584.64,0.011283552
NAV/BTC,1562030152058,2019-07-02T01:15:52.058Z,buy,1.93e-05,1453.48,0.028052164
NAV/BTC,1562030152058,2019-07-02T01:15:52.058Z,buy,1.93e-05,1453.48,0.028052164
NAV/BTC,1562032695995,2019-07-02T01:58:15.995Z,sell,1.92e-05,15058.75,0.289128
NAV/BTC,1562032696984,2019-07-02T01:58:16.984Z,buy,1.92e-05,66.8,0.0012825599999999
NAV/BTC,1562032697079,2019-07-02T01:58:17.079Z,buy,1.92e-05,337.43,0.006478656
NAV/BTC,1562032740704,2019-07-02T01:59:00.704Z,buy,1.92e-05,85.87,0.001648704
NAV/BTC,1562032778812,2019-07-02T01:59:38.812Z,sell,1.91e-05,2813.23,0.053732693
NAV/BTC,1562032782678,2019-07-02T01:59:42.678Z,sell,1.9e-05,78.48,0.00149112
NAV/BTC,1562032784363,2019-07-02T01:59:44.363Z,buy,1.92e-05,216.88,0.004164096
NAV/BTC,1562032789607,2019-07-02T01:59:49.607Z,sell,1.91e-05,135.53,0.002588623
NAV/BTC,1562033161438,2019-07-02T02:06:01.438Z,buy,1.92e-05,176.45,0.0033878399999999
NAV/BTC,1562033299914,2019-07-02T02:08:19.914Z,buy,1.92e-05,101.75,0.0019535999999999
NAV/BTC,1562033331192,2019-07-02T02:08:51.192Z,buy,1.92e-05,813.2,0.01561344
NAV/BTC,1562033334189,2019-07-02T02:08:54.189Z,buy,1.92e-05,1494.4,0.02869248
NAV/BTC,1562033334213,2019-07-02T02:08:54.213Z,buy,1.92e-05,0.03,5.76e-07
NAV/BTC,1562033334213,2019-07-02T02:08:54.213Z,buy,1.92e-05,0.03,5.76e-07
NAV/BTC,1562034071443,2019-07-02T02:21:11.443Z,buy,1.93e-05,55.07,0.001062851
NAV/BTC,1562034077297,2019-07-02T02:21:17.297Z,buy,1.93e-05,139.94,0.002700842
NAV/BTC,1562034091044,2019-07-02T02:21:31.044Z,buy,1.93e-05,195.25,0.003768325
NAV/BTC,1562034408584,2019-07-02T02:26:48.584Z,sell,1.91e-05,101.75,0.001943425
NAV/BTC,1562034549581,2019-07-02T02:29:09.581Z,buy,1.93e-05,372.37,0.007186741
NAV/BTC,1562034637794,2019-07-02T02:30:37.794Z,buy,1.92e-05,104.01,0.001996992
NAV/BTC,1562035074459,2019-07-02T02:37:54.459Z,buy,1.92e-05,137.34,0.0026369279999999
NAV/BTC,1562035084689,2019-07-02T02:38:04.689Z,buy,1.92e-05,108.7,0.00208704
NAV/BTC,1562035763544,2019-07-02T02:49:23.544Z,buy,1.92e-05,1041.66,0.019999872
NAV/BTC,1562036027243,2019-07-02T02:53:47.243Z,buy,1.92e-05,154.73,0.002970816
NAV/BTC,1562036217357,2019-07-02T02:56:57.357Z,sell,1.91e-05,1900.0,0.03629
NAV/BTC,1562036461680,2019-07-02T03:01:01.680Z,buy,1.92e-05,72.02,0.001382784
NAV/BTC,1562036461680,2019-07-02T03:01:01.680Z,buy,1.92e-05,72.02,0.001382784
NAV/BTC,1562037573649,2019-07-02T03:19:33.649Z,buy,1.92e-05,521.7,0.01001664
NAV/BTC,1562037839529,2019-07-02T03:23:59.529Z,sell,1.91e-05,178.06,0.003400946
NAV/BTC,1562037991318,2019-07-02T03:26:31.318Z,buy,1.92e-05,136.35,0.0026179199999999
NAV/BTC,1562038900874,2019-07-02T03:41:40.874Z,buy,1.92e-05,2083.33,0.039999936
NAV/BTC,1562039160728,2019-07-02T03:46:00.728Z,buy,1.92e-05,94.4,0.00181248
NAV/BTC,1562039464167,2019-07-02T03:51:04.167Z,buy,1.92e-05,54.4,0.00104448
NAV/BTC,1562039872212,2019-07-02T03:57:52.212Z,buy,1.92e-05,240.77,0.004622784
NAV/BTC,1562039884963,2019-07-02T03:58:04.963Z,buy,1.92e-05,173.0,0.0033215999999999
NAV/BTC,1562040043627,2019-07-02T04:00:43.627Z,sell,1.91e-05,180.33,0.003444303
NAV/BTC,1562040043627,2019-07-02T04:00:43.627Z,sell,1.91e-05,180.33,0.003444303
NAV/BTC,1562040573414,2019-07-02T04:09:33.414Z,sell,1.91e-05,335.85,0.006414735
NAV/BTC,1562040579029,2019-07-02T04:09:39.029Z,sell,1.91e-05,220.92,0.0042195719999999
NAV/BTC,1562040794148,2019-07-02T04:13:14.148Z,sell,1.91e-05,9247.13,0.176620183
NAV/BTC,1562041221615,2019-07-02T04:20:21.615Z,buy,1.91e-05,78.55,0.001500305
NAV/BTC,1562041344830,2019-07-02T04:22:24.830Z,buy,1.91e-05,66.7,0.00127397
NAV/BTC,1562041493613,2019-07-02T04:24:53.613Z,buy,1.91e-05,461.04,0.008805864
NAV/BTC,1562041541737,2019-07-02T04:25:41.737Z,sell,1.9e-05,21243.7,0.4036303
NAV/BTC,1562041815176,2019-07-02T04:30:15.176Z,buy,1.91e-05,66.69,0.001273779
NAV/BTC,1562041842482,2019-07-02T04:30:42.482Z,buy,1.91e-05,1048.16,0.020019856
NAV/BTC,1562041856422,2019-07-02T04:30:56.422Z,buy,1.91e-05,104.71,0.0019999609999999
NAV/BTC,1562041856469,2019-07-02T04:30:56.469Z,buy,1.91e-05,394.73,0.007539343
NAV/BTC,1562041856469,2019-07-02T04:30:56.469Z,buy,1.91e-05,263.15,0.005026165
NAV/BTC,1562041856474,2019-07-02T04:30:56.474Z,buy,1.91e-05,184.21,0.003518411
NAV/BTC,1562041865108,2019-07-02T04:31:05.108Z,buy,1.91e-05,105.95,0.002023645
NAV/BTC,1562042174749,2019-07-02T04:36:14.749Z,buy,1.91e-05,209.42,0.0039999219999999
NAV/BTC,1562042322561,2019-07-02T04:38:42.561Z,buy,1.91e-05,647.16,0.0123607559999999
NAV/BTC,1562042324972,2019-07-02T04:38:44.972Z,buy,1.91e-05,243.0,0.0046413
NAV/BTC,1562042324988,2019-07-02T04:38:44.988Z,buy,1.91e-05,243.0,0.0046413
NAV/BTC,1562042325015,2019-07-02T04:38:45.015Z,buy,1.91e-05,243.0,0.0046413
NAV/BTC,1562042325018,2019-07-02T04:38:45.018Z,buy,1.91e-05,243.96,0.004659636
NAV/BTC,1562042589197,2019-07-02T04:43:09.197Z,sell,1.9e-05,2080.85,0.03953615
NAV/BTC,1562042615523,2019-07-02T04:43:35.523Z,sell,1.9e-05,1872.77,0.03558263
NAV/BTC,1562042622218,2019-07-02T04:43:42.218Z,sell,1.9e-05,4213.75,0.08006125
NAV/BTC,1562042622652,2019-07-02T04:43:42.652Z,buy,1.91e-05,62.06,0.001185346
NAV/BTC,1562042629113,2019-07-02T04:43:49.113Z,sell,1.9e-05,3160.31,0.06004589
NAV/BTC,1562042644225,2019-07-02T04:44:04.225Z,sell,1.9e-05,158.48,0.00301112
NAV/BTC,1562042646230,2019-07-02T04:44:06.230Z,sell,1.9e-05,56.27,0.00106913
NAV/BTC,1562042647695,2019-07-02T04:44:07.695Z,sell,1.9e-05,218.94,0.00415986
NAV/BTC,1562042648402,2019-07-02T04:44:08.402Z,sell,1.9e-05,238.48,0.00453112
NAV/BTC,1562042714816,2019-07-02T04:45:14.816Z,buy,1.91e-05,63.94,0.001221254
NAV/BTC,1562042720989,2019-07-02T04:45:20.989Z,sell,1.9e-05,1701.5,0.0323285
NAV/BTC,1562042724180,2019-07-02T04:45:24.180Z,buy,1.91e-05,537.62,0.010268542
NAV/BTC,1562042795174,2019-07-02T04:46:35.174Z,sell,1.9e-05,9480.94,0.18013786
NAV/BTC,1562042887974,2019-07-02T04:48:07.974Z,buy,1.91e-05,62.06,0.001185346
NAV/BTC,1562042890896,2019-07-02T04:48:10.896Z,buy,1.91e-05,85.98,0.001642218
NAV/BTC,1562042901370,2019-07-02T04:48:21.370Z,buy,1.91e-05,13841.93,0.264380863
NAV/BTC,1562042901787,2019-07-02T04:48:21.787Z,sell,1.91e-05,243.0,0.0046413
NAV/BTC,1562042913166,2019-07-02T04:48:33.166Z,buy,1.92e-05,96.92,0.001860864
NAV/BTC,1562043076649,2019-07-02T04:51:16.649Z,buy,1.92e-05,500.0,0.0096
NAV/BTC,1562043571664,2019-07-02T04:59:31.664Z,buy,1.92e-05,1996.77,0.038337984
NAV/BTC,1562043571664,2019-07-02T04:59:31.664Z,buy,1.92e-05,1996.77,0.038337984
NAV/BTC,1562043658507,2019-07-02T05:00:58.507Z,buy,1.91e-05,85.5,0.00163305
NAV/BTC,1562043666501,2019-07-02T05:01:06.501Z,buy,1.91e-05,142.56,0.002722896
NAV/BTC,1562044312873,2019-07-02T05:11:52.873Z,sell,1.91e-05,57.75,0.001103025
NAV/BTC,1562044490190,2019-07-02T05:14:50.190Z,sell,1.91e-05,92.3,0.00176293
NAV/BTC,1562044490206,2019-07-02T05:14:50.206Z,sell,1.91e-05,100.85,0.0019262349999999
NAV/BTC,1562044495895,2019-07-02T05:14:55.895Z,buy,1.92e-05,486.0,0.0093312
NAV/BTC,1562044495990,2019-07-02T05:14:55.990Z,buy,1.92e-05,368.84,0.0070817279999999
NAV/BTC,1562044496006,2019-07-02T05:14:56.006Z,buy,1.92e-05,273.54,0.005251968
NAV/BTC,1562044497247,2019-07-02T05:14:57.247Z,buy,1.92e-05,397.97,0.007641024
NAV/BTC,1562044510241,2019-07-02T05:15:10.241Z,buy,1.93e-05,1290.2,0.02490086
NAV/BTC,1562044510258,2019-07-02T05:15:10.258Z,buy,1.93e-05,891.22,0.017200546
NAV/BTC,1562044510300,2019-07-02T05:15:10.300Z,sell,1.91e-05,101.3,0.00193483
NAV/BTC,1562044510308,2019-07-02T05:15:10.308Z,sell,1.91e-05,93.3,0.00178203
NAV/BTC,1562044626553,2019-07-02T05:17:06.553Z,sell,1.91e-05,60.36,0.001152876
NAV/BTC,1562044638543,2019-07-02T05:17:18.543Z,sell,1.91e-05,66.88,0.0012774079999999
NAV/BTC,1562044849347,2019-07-02T05:20:49.347Z,buy,1.92e-05,1386.59,0.0266225279999999
NAV/BTC,1562044849347,2019-07-02T05:20:49.347Z,buy,1.93e-05,1323.41,0.025541813
NAV/BTC,1562044983555,2019-07-02T05:23:03.555Z,sell,1.92e-05,57.34,0.001100928
NAV/BTC,1562045487678,2019-07-02T05:31:27.678Z,buy,1.92e-05,156.09,0.002996928
NAV/BTC,1562046010292,2019-07-02T05:40:10.292Z,buy,1.92e-05,52.09,0.001000128
NAV/BTC,1562046095477,2019-07-02T05:41:35.477Z,sell,1.91e-05,54.07,0.001032737
NAV/BTC,1562046181760,2019-07-02T05:43:01.760Z,sell,1.91e-05,891.2,0.01702192
NAV/BTC,1562046976726,2019-07-02T05:56:16.726Z,sell,1.92e-05,585.75,0.0112464
NAV/BTC,1562046976726,2019-07-02T05:56:16.726Z,sell,1.91e-05,456.18,0.008713038
NAV/BTC,1562046978096,2019-07-02T05:56:18.096Z,sell,1.91e-05,104.27,0.001991557
NAV/BTC,1562046978096,2019-07-02T05:56:18.096Z,sell,1.91e-05,104.27,0.001991557
NAV/BTC,1562047517972,2019-07-02T06:05:17.972Z,buy,1.92e-05,8365.08,0.160609536
NAV/BTC,1562047536917,2019-07-02T06:05:36.917Z,buy,1.92e-05,196.73,0.0037772159999999
NAV/BTC,1562047891665,2019-07-02T06:11:31.665Z,buy,1.92e-05,54.08,0.001038336
NAV/BTC,1562047955715,2019-07-02T06:12:35.715Z,sell,1.91e-05,149.93,0.002863663
NAV/BTC,1562048134971,2019-07-02T06:15:34.971Z,buy,1.92e-05,53.0,0.0010176
NAV/BTC,1562048219588,2019-07-02T06:16:59.588Z,sell,1.91e-05,1253.23,0.023936693
NAV/BTC,1562048613106,2019-07-02T06:23:33.106Z,sell,1.91e-05,1450.81,0.027710471
NAV/BTC,1562048770278,2019-07-02T06:26:10.278Z,buy,1.92e-05,54.26,0.001041792
NAV/BTC,1562048795317,2019-07-02T06:26:35.317Z,buy,1.92e-05,196.25,0.0037679999999999
NAV/BTC,1562048958125,2019-07-02T06:29:18.125Z,sell,1.91e-05,206.6,0.0039460599999999
NAV/BTC,1562049046707,2019-07-02T06:30:46.707Z,buy,1.92e-05,78.49,0.0015070079999999
NAV/BTC,1562049093744,2019-07-02T06:31:33.744Z,sell,1.91e-05,73.28,0.001399648
NAV/BTC,1562049702003,2019-07-02T06:41:42.003Z,sell,1.91e-05,248.52,0.004746732
NAV/BTC,1562049723617,2019-07-02T06:42:03.617Z,buy,1.92e-05,3991.07,0.0766285439999999
NAV/BTC,1562050235210,2019-07-02T06:50:35.210Z,sell,1.91e-05,85.13,0.001625983
NAV/BTC,1562050435081,2019-07-02T06:53:55.081Z,sell,1.91e-05,58.85,0.001124035
NAV/BTC,1562050525662,2019-07-02T06:55:25.662Z,buy,1.92e-05,5208.33,0.099999936
NAV/BTC,1562050565588,2019-07-02T06:56:05.588Z,buy,1.92e-05,67.01,0.001286592
NAV/BTC,1562050565588,2019-07-02T06:56:05.588Z,buy,1.92e-05,67.01,0.001286592
NAV/BTC,1562050746094,2019-07-02T06:59:06.094Z,buy,1.92e-05,127.61,0.002450112
NAV/BTC,1562051720891,2019-07-02T07:15:20.891Z,buy,1.92e-05,400.0,0.0076799999999999
NAV/BTC,1562052093089,2019-07-02T07:21:33.089Z,sell,1.91e-05,77.96,0.0014890359999999
NAV/BTC,1562052386728,2019-07-02T07:26:26.728Z,sell,1.91e-05,627.41,0.0119835309999999
NAV/BTC,1562052749859,2019-07-02T07:32:29.859Z,sell,1.91e-05,1987.0,0.0379517
NAV/BTC,1562052800850,2019-07-02T07:33:20.850Z,buy,1.92e-05,2744.97,0.0527034239999999
NAV/BTC,1562053037237,2019-07-02T07:37:17.237Z,sell,1.91e-05,60.76,0.0011605159999999
NAV/BTC,1562053110234,2019-07-02T07:38:30.234Z,buy,1.92e-05,100.0,0.0019199999999999
NAV/BTC,1562053117699,2019-07-02T07:38:37.699Z,buy,1.92e-05,2307.2,0.0442982399999999
NAV/BTC,1562053291719,2019-07-02T07:41:31.719Z,buy,1.93e-05,54.16,0.001045288
NAV/BTC,1562053304544,2019-07-02T07:41:44.544Z,buy,1.93e-05,3514.75,0.067834675
NAV/BTC,1562053304544,2019-07-02T07:41:44.544Z,buy,1.93e-05,3514.75,0.067834675
NAV/BTC,1562054382698,2019-07-02T07:59:42.698Z,buy,1.93e-05,2159.44,0.041677192
NAV/BTC,1562055797407,2019-07-02T08:23:17.407Z,buy,1.93e-05,56.85,0.001097205
NAV/BTC,1562055818752,2019-07-02T08:23:38.752Z,buy,1.93e-05,548.64,0.010588752
NAV/BTC,1562055819429,2019-07-02T08:23:39.429Z,sell,1.93e-05,200.0,0.00386
NAV/BTC,1562055819464,2019-07-02T08:23:39.464Z,sell,1.93e-05,196.2,0.00378666
NAV/BTC,1562055819556,2019-07-02T08:23:39.556Z,sell,1.93e-05,95.95,0.001851835
NAV/BTC,1562055819680,2019-07-02T08:23:39.680Z,sell,1.93e-05,100.0,0.00193
NAV/BTC,1562055829062,2019-07-02T08:23:49.062Z,buy,1.94e-05,232.25,0.00450565
NAV/BTC,1562055970539,2019-07-02T08:26:10.539Z,buy,1.94e-05,49441.66,0.959168204
NAV/BTC,1562055970591,2019-07-02T08:26:10.591Z,sell,1.94e-05,253.8,0.00492372
NAV/BTC,1562055970604,2019-07-02T08:26:10.604Z,sell,1.94e-05,708.06,0.013736364
NAV/BTC,1562056003076,2019-07-02T08:26:43.076Z,buy,1.95e-05,1864.88,0.03636516
NAV/BTC,1562056087547,2019-07-02T08:28:07.547Z,sell,1.94e-05,399.6,0.00775224
NAV/BTC,1562056087547,2019-07-02T08:28:07.547Z,sell,1.94e-05,85.87,0.001665878
NAV/BTC,1562056091487,2019-07-02T08:28:11.487Z,sell,1.94e-05,139.8,0.00271212
NAV/BTC,1562056111486,2019-07-02T08:28:31.486Z,sell,1.94e-05,259.06,0.005025764
NAV/BTC,1562056183894,2019-07-02T08:29:43.894Z,sell,1.94e-05,3955.12,0.076729328
NAV/BTC,1562056247769,2019-07-02T08:30:47.769Z,buy,1.95e-05,70.86,0.00138177
NAV/BTC,1562056440415,2019-07-02T08:34:00.415Z,sell,1.94e-05,2157.28,0.041851232
NAV/BTC,1562056531238,2019-07-02T08:35:31.238Z,sell,1.94e-05,237.74,0.004612156
NAV/BTC,1562056536729,2019-07-02T08:35:36.729Z,sell,1.94e-05,1140.79,0.022131326
NAV/BTC,1562056669261,2019-07-02T08:37:49.261Z,sell,1.94e-05,143.0,0.0027742
NAV/BTC,1562056669437,2019-07-02T08:37:49.437Z,sell,1.94e-05,1592.4,0.03089256
NAV/BTC,1562056670443,2019-07-02T08:37:50.443Z,sell,1.94e-05,60.0,0.001164
NAV/BTC,1562056695309,2019-07-02T08:38:15.309Z,sell,1.94e-05,1281.49,0.024860906
NAV/BTC,1562056741199,2019-07-02T08:39:01.199Z,sell,1.93e-05,1168.71,0.022556103
NAV/BTC,1562056741247,2019-07-02T08:39:01.247Z,buy,1.93e-05,425.0,0.0082025
NAV/BTC,1562056741437,2019-07-02T08:39:01.437Z,buy,1.93e-05,425.0,0.0082025
NAV/BTC,1562056742228,2019-07-02T08:39:02.228Z,buy,1.93e-05,114.54,0.002210622
NAV/BTC,1562056778129,2019-07-02T08:39:38.129Z,sell,1.92e-05,267.37,0.005133504
NAV/BTC,1562056829242,2019-07-02T08:40:29.242Z,sell,1.92e-05,395.47,0.007593024
NAV/BTC,1562056830229,2019-07-02T08:40:30.229Z,buy,1.92e-05,885.46,0.017000832
NAV/BTC,1562056830335,2019-07-02T08:40:30.335Z,buy,1.92e-05,202.06,0.0038795519999999
NAV/BTC,1562056833217,2019-07-02T08:40:33.217Z,buy,1.92e-05,90.71,0.001741632
NAV/BTC,1562056833217,2019-07-02T08:40:33.217Z,buy,1.92e-05,90.71,0.001741632
NAV/BTC,1562057076916,2019-07-02T08:44:36.916Z,sell,1.91e-05,509.63,0.009733933
NAV/BTC,1562057140229,2019-07-02T08:45:40.229Z,sell,1.91e-05,263.87,0.005039917
NAV/BTC,1562057194021,2019-07-02T08:46:34.021Z,buy,1.92e-05,5208.33,0.099999936
NAV/BTC,1562057203821,2019-07-02T08:46:43.821Z,buy,1.92e-05,1767.91,0.033943872
NAV/BTC,1562057245673,2019-07-02T08:47:25.673Z,sell,1.91e-05,4348.96,0.083065136
NAV/BTC,1562057245699,2019-07-02T08:47:25.699Z,sell,1.91e-05,282.27,0.0053913569999999
NAV/BTC,1562057348156,2019-07-02T08:49:08.156Z,sell,1.9e-05,53.0,0.001007
NAV/BTC,1562057466224,2019-07-02T08:51:06.224Z,buy,1.9e-05,101.68,0.00193192
NAV/BTC,1562057581307,2019-07-02T08:53:01.307Z,sell,1.89e-05,295.54,0.005585706
NAV/BTC,1562057703289,2019-07-02T08:55:03.289Z,sell,1.89e-05,662.36,0.012518604
NAV/BTC,1562057703289,2019-07-02T08:55:03.289Z,sell,1.88e-05,6854.17,0.128858396
NAV/BTC,1562057703289,2019-07-02T08:55:03.289Z,sell,1.87e-05,17933.83,0.335362621
NAV/BTC,1562057703289,2019-07-02T08:55:03.289Z,sell,1.86e-05,335.88,0.006247368
NAV/BTC,1562057703289,2019-07-02T08:55:03.289Z,sell,1.85e-05,14507.71,0.268392635
NAV/BTC,1562057703289,2019-07-02T08:55:03.289Z,sell,1.84e-05,18911.04,0.347963136
NAV/BTC,1562057703289,2019-07-02T08:55:03.289Z,sell,1.83e-05,2650.68,0.048507444
NAV/BTC,1562057703289,2019-07-02T08:55:03.289Z,buy,1.85e-05,647.57,0.011980045
NAV/BTC,1562057703289,2019-07-02T08:55:03.289Z,sell,1.85e-05,84.31,0.001559735
NAV/BTC,1562057703289,2019-07-02T08:55:03.289Z,sell,1.85e-05,1000.0,0.0185
NAV/BTC,1562057703314,2019-07-02T08:55:03.314Z,buy,1.86e-05,1670.52,0.031071672
NAV/BTC,1562057703342,2019-07-02T08:55:03.342Z,buy,1.86e-05,57.77,0.001074522
NAV/BTC,1562057703349,2019-07-02T08:55:03.349Z,buy,1.87e-05,452.4,0.00845988
NAV/BTC,1562057703349,2019-07-02T08:55:03.349Z,buy,1.9e-05,195.17,0.00370823
NAV/BTC,1562057703657,2019-07-02T08:55:03.657Z,sell,1.87e-05,693.97,0.012977239
NAV/BTC,1562057703840,2019-07-02T08:55:03.840Z,sell,1.87e-05,3000.0,0.0561
NAV/BTC,1562057703840,2019-07-02T08:55:03.840Z,sell,1.86e-05,841.4,0.01565004
NAV/BTC,1562057704210,2019-07-02T08:55:04.210Z,sell,1.86e-05,2205.42,0.041020812
NAV/BTC,1562057704262,2019-07-02T08:55:04.262Z,sell,1.86e-05,717.73,0.013349778
NAV/BTC,1562057704492,2019-07-02T08:55:04.492Z,buy,1.87e-05,657.91,0.012302917
NAV/BTC,1562057704505,2019-07-02T08:55:04.505Z,sell,1.86e-05,1502.5,0.0279465
NAV/BTC,1562057704601,2019-07-02T08:55:04.601Z,buy,1.87e-05,196.2,0.00366894
NAV/BTC,1562057705191,2019-07-02T08:55:05.191Z,buy,1.87e-05,1146.87,0.021446469
NAV/BTC,1562057706571,2019-07-02T08:55:06.571Z,buy,1.87e-05,138.67,0.002593129
NAV/BTC,1562057724602,2019-07-02T08:55:24.602Z,sell,1.86e-05,328.95,0.00611847
NAV/BTC,1562057726973,2019-07-02T08:55:26.973Z,buy,1.87e-05,255.3,0.00477411
NAV/BTC,1562057737930,2019-07-02T08:55:37.930Z,buy,1.87e-05,506.15,0.009465005
NAV/BTC,1562057750972,2019-07-02T08:55:50.972Z,buy,1.87e-05,271.78,0.0050822859999999
NAV/BTC,1562057787043,2019-07-02T08:56:27.043Z,buy,1.87e-05,1050.0,0.019635
NAV/BTC,1562057795062,2019-07-02T08:56:35.062Z,sell,1.86e-05,719.1,0.01337526
NAV/BTC,1562057795971,2019-07-02T08:56:35.971Z,sell,1.86e-05,1733.04,0.032234544
NAV/BTC,1562057796185,2019-07-02T08:56:36.185Z,sell,1.86e-05,1667.98,0.031024428
NAV/BTC,1562057807793,2019-07-02T08:56:47.793Z,buy,1.87e-05,18.9,0.00035343
NAV/BTC,1562057827240,2019-07-02T08:57:07.240Z,buy,1.87e-05,106.47,0.001990989
NAV/BTC,1562057983001,2019-07-02T08:59:43.001Z,buy,1.87e-05,16.62,0.000310794
NAV/BTC,1562058021452,2019-07-02T09:00:21.452Z,buy,1.87e-05,7448.67,0.139290129
NAV/BTC,1562058031032,2019-07-02T09:00:31.032Z,sell,1.87e-05,566.05,0.0105851349999999
NAV/BTC,1562058096788,2019-07-02T09:01:36.788Z,sell,1.87e-05,163.19,0.003051653
NAV/BTC,1562058097625,2019-07-02T09:01:37.625Z,sell,1.87e-05,162.39,0.003036693
NAV/BTC,1562058117019,2019-07-02T09:01:57.019Z,buy,1.88e-05,106.38,0.001999944
NAV/BTC,1562058138515,2019-07-02T09:02:18.515Z,buy,1.88e-05,136.29,0.0025622519999999
NAV/BTC,1562058204914,2019-07-02T09:03:24.914Z,buy,1.88e-05,53.73,0.0010101239999999
NAV/BTC,1562058227342,2019-07-02T09:03:47.342Z,sell,1.87e-05,264.81,0.004951947
NAV/BTC,1562058297266,2019-07-02T09:04:57.266Z,buy,1.87e-05,324.52,0.006068524
NAV/BTC,1562058302324,2019-07-02T09:05:02.324Z,sell,1.86e-05,527.08,0.009803688
NAV/BTC,1562058308634,2019-07-02T09:05:08.634Z,sell,1.86e-05,1300.0,0.02418
NAV/BTC,1562058554979,2019-07-02T09:09:14.979Z,sell,1.86e-05,5400.0,0.10044
NAV/BTC,1562058575359,2019-07-02T09:09:35.359Z,buy,1.87e-05,160.41,0.002999667
NAV/BTC,1562058659996,2019-07-02T09:10:59.996Z,sell,1.86e-05,2020.78,0.037586508
NAV/BTC,1562058763383,2019-07-02T09:12:43.383Z,sell,1.85e-05,1518.0,0.0280829999999999
NAV/BTC,1562058776786,2019-07-02T09:12:56.786Z,sell,1.85e-05,1503.24,0.02780994
NAV/BTC,1562058789832,2019-07-02T09:13:09.832Z,buy,1.86e-05,17.06,0.000317316
NAV/BTC,1562058837779,2019-07-02T09:13:57.779Z,sell,1.85e-05,7668.46,0.14186651
NAV/BTC,1562058844565,2019-07-02T09:14:04.565Z,sell,1.85e-05,222.41,0.004114585
NAV/BTC,1562058863042,2019-07-02T09:14:23.042Z,sell,1.85e-05,222.41,0.004114585
NAV/BTC,1562059149970,2019-07-02T09:19:09.970Z,sell,1.85e-05,2951.09,0.054595165
NAV/BTC,1562059507681,2019-07-02T09:25:07.681Z,sell,1.85e-05,293.87,0.005436595
NAV/BTC,1562059858653,2019-07-02T09:30:58.653Z,buy,1.86e-05,118.71,0.002208006
NAV/BTC,1562059996204,2019-07-02T09:33:16.204Z,buy,1.86e-05,15.93,0.000296298
NAV/BTC,1562059998214,2019-07-02T09:33:18.214Z,buy,1.86e-05,17.82,0.000331452
NAV/BTC,1562059998286,2019-07-02T09:33:18.286Z,sell,1.85e-05,55.13,0.001019905
NAV/BTC,1562060253416,2019-07-02T09:37:33.416Z,buy,1.86e-05,16.24,0.000302064
NAV/BTC,1562060253416,2019-07-02T09:37:33.416Z,buy,1.86e-05,16.24,0.000302064
NAV/BTC,1562060473363,2019-07-02T09:41:13.363Z,buy,1.86e-05,16.92,0.000314712
NAV/BTC,1562060492561,2019-07-02T09:41:32.561Z,buy,1.86e-05,15.28,0.000284208
NAV/BTC,1562060519874,2019-07-02T09:41:59.874Z,buy,1.86e-05,81.14,0.001509204
NAV/BTC,1562060544369,2019-07-02T09:42:24.369Z,buy,1.86e-05,829.54,0.015429444
NAV/BTC,1562060622213,2019-07-02T09:43:42.213Z,buy,1.86e-05,118.22,0.002198892
NAV/BTC,1562060903948,2019-07-02T09:48:23.948Z,buy,1.86e-05,231.66,0.004308876
NAV/BTC,1562060925140,2019-07-02T09:48:45.140Z,buy,1.86e-05,4445.59,0.082687974
NAV/BTC,1562060925173,2019-07-02T09:48:45.173Z,buy,1.86e-05,1000.0,0.0186
NAV/BTC,1562061032522,2019-07-02T09:50:32.522Z,buy,1.86e-05,4731.18,0.087999948
NAV/BTC,1562061049434,2019-07-02T09:50:49.434Z,buy,1.86e-05,1096.76,0.020399736
NAV/BTC,1562061057176,2019-07-02T09:50:57.176Z,buy,1.87e-05,138.52,0.002590324
NAV/BTC,1562061219710,2019-07-02T09:53:39.710Z,buy,1.87e-05,77.04,0.001440648
NAV/BTC,1562061369937,2019-07-02T09:56:09.937Z,sell,1.86e-05,1502.68,0.027949848
NAV/BTC,1562061606965,2019-07-02T10:00:06.965Z,buy,1.87e-05,6146.28,0.114935436
NAV/BTC,1562061695974,2019-07-02T10:01:35.974Z,buy,1.88e-05,7819.14,0.146999832
NAV/BTC,1562061699706,2019-07-02T10:01:39.706Z,buy,1.88e-05,119.98,0.002255624
NAV/BTC,1562062038156,2019-07-02T10:07:18.156Z,buy,1.88e-05,4250.0,0.0799
NAV/BTC,1562062052889,2019-07-02T10:07:32.889Z,buy,1.88e-05,70.0,0.001316
NAV/BTC,1562062091277,2019-07-02T10:08:11.277Z,buy,1.89e-05,2100.0,0.0396899999999999
NAV/BTC,1562062249133,2019-07-02T10:10:49.133Z,buy,1.89e-05,6448.67,0.1218798629999999
NAV/BTC,1562062563174,2019-07-02T10:16:03.174Z,buy,1.89e-05,18.44,0.000348516
NAV/BTC,1562062594925,2019-07-02T10:16:34.925Z,sell,1.88e-05,314.59,0.005914292
NAV/BTC,1562062656957,2019-07-02T10:17:36.957Z,buy,1.89e-05,18.92,0.000357588
NAV/BTC,1562062755267,2019-07-02T10:19:15.267Z,buy,1.89e-05,89.81,0.001697409
NAV/BTC,1562062854783,2019-07-02T10:20:54.783Z,sell,1.88e-05,95.39,0.001793332
NAV/BTC,1562063203576,2019-07-02T10:26:43.576Z,sell,1.88e-05,54.8,0.00103024
NAV/BTC,1562063204180,2019-07-02T10:26:44.180Z,sell,1.88e-05,1145.72,0.021539536
NAV/BTC,1562063306519,2019-07-02T10:28:26.519Z,buy,1.89e-05,14.91,0.000281799
NAV/BTC,1562063418745,2019-07-02T10:30:18.745Z,sell,1.88e-05,14.05,0.00026414
NAV/BTC,1562063418745,2019-07-02T10:30:18.745Z,sell,1.87e-05,364.73,0.006820451
NAV/BTC,1562063418745,2019-07-02T10:30:18.745Z,sell,1.88e-05,14.05,0.00026414
NAV/BTC,1562063418745,2019-07-02T10:30:18.745Z,sell,1.87e-05,364.73,0.006820451
NAV/BTC,1562063857087,2019-07-02T10:37:37.087Z,sell,1.88e-05,2366.52,0.044490576
NAV/BTC,1562063857274,2019-07-02T10:37:37.274Z,sell,1.88e-05,83.39,0.001567732
NAV/BTC,1562063942757,2019-07-02T10:39:02.757Z,sell,1.88e-05,1165.2,0.02190576
NAV/BTC,1562064034066,2019-07-02T10:40:34.066Z,buy,1.89e-05,115.85,0.0021895649999999
NAV/BTC,1562064040491,2019-07-02T10:40:40.491Z,buy,1.89e-05,132.26,0.0024997139999999
NAV/BTC,1562064060782,2019-07-02T10:41:00.782Z,sell,1.88e-05,450.0,0.00846
NAV/BTC,1562064069845,2019-07-02T10:41:09.845Z,buy,1.89e-05,8206.13,0.1550958569999999
NAV/BTC,1562064727462,2019-07-02T10:52:07.462Z,buy,1.9e-05,15.01,0.00028519
NAV/BTC,1562064807746,2019-07-02T10:53:27.746Z,buy,1.9e-05,910.15,0.01729285
NAV/BTC,1562064964756,2019-07-02T10:56:04.756Z,sell,1.89e-05,793.65,0.0149999849999999
NAV/BTC,1562064989280,2019-07-02T10:56:29.280Z,sell,1.89e-05,324.52,0.0061334279999999
NAV/BTC,1562065231284,2019-07-02T11:00:31.284Z,sell,1.89e-05,54.29,0.0010260809999999
NAV/BTC,1562065297925,2019-07-02T11:01:37.925Z,sell,1.89e-05,53.14,0.001004346
NAV/BTC,1562065415004,2019-07-02T11:03:35.004Z,buy,1.9e-05,1890.59,0.03592121
NAV/BTC,1562065415141,2019-07-02T11:03:35.141Z,sell,1.9e-05,466.4,0.0088616
NAV/BTC,1562065415154,2019-07-02T11:03:35.154Z,sell,1.9e-05,455.7,0.0086583
NAV/BTC,1562065415675,2019-07-02T11:03:35.675Z,sell,1.9e-05,1000.0,0.019
NAV/BTC,1562065416026,2019-07-02T11:03:36.026Z,sell,1.9e-05,158.81,0.00301739
NAV/BTC,1562065424446,2019-07-02T11:03:44.446Z,sell,1.9e-05,335.6,0.0063764
NAV/BTC,1562065449480,2019-07-02T11:04:09.480Z,buy,1.91e-05,314.14,0.0060000739999999
NAV/BTC,1562065500805,2019-07-02T11:05:00.805Z,sell,1.9e-05,3637.23,0.06910737
NAV/BTC,1562065581700,2019-07-02T11:06:21.700Z,buy,1.91e-05,1479.2,0.02825272
NAV/BTC,1562065603374,2019-07-02T11:06:43.374Z,buy,1.91e-05,641.39,0.012250549
NAV/BTC,1562065611889,2019-07-02T11:06:51.889Z,buy,1.91e-05,15.98,0.000305218
NAV/BTC,1562065823246,2019-07-02T11:10:23.246Z,buy,1.91e-05,555.38,0.010607758
NAV/BTC,1562065885849,2019-07-02T11:11:25.849Z,buy,1.91e-05,3117.97,0.0595532269999999
NAV/BTC,1562065955507,2019-07-02T11:12:35.507Z,buy,1.91e-05,162.45,0.0031027949999999
NAV/BTC,1562066097862,2019-07-02T11:14:57.862Z,buy,1.91e-05,591.93,0.011305863
NAV/BTC,1562066466715,2019-07-02T11:21:06.715Z,sell,1.91e-05,307.3,0.00586943
NAV/BTC,1562066582770,2019-07-02T11:23:02.770Z,buy,1.92e-05,14.72,0.000282624
NAV/BTC,1562066677268,2019-07-02T11:24:37.268Z,buy,1.92e-05,134.76,0.0025873919999999
NAV/BTC,1562066768958,2019-07-02T11:26:08.958Z,sell,1.91e-05,160.41,0.003063831
NAV/BTC,1562066972738,2019-07-02T11:29:32.738Z,buy,1.92e-05,18.08,0.0003471359999999
NAV/BTC,1562066972738,2019-07-02T11:29:32.738Z,buy,1.92e-05,18.08,0.0003471359999999
NAV/BTC,1562067113502,2019-07-02T11:31:53.502Z,sell,1.91e-05,145.44,0.002777904
NAV/BTC,1562067588836,2019-07-02T11:39:48.836Z,buy,1.92e-05,5271.21,0.101207232
NAV/BTC,1562067593454,2019-07-02T11:39:53.454Z,buy,1.92e-05,312.5,0.006
NAV/BTC,1562067662148,2019-07-02T11:41:02.148Z,sell,1.91e-05,56.0,0.0010696
NAV/BTC,1562067662765,2019-07-02T11:41:02.765Z,sell,1.91e-05,59.27,0.001132057
NAV/BTC,1562067858973,2019-07-02T11:44:18.973Z,sell,1.91e-05,2623.87,0.0501159169999999
NAV/BTC,1562067859001,2019-07-02T11:44:19.001Z,buy,1.91e-05,351.27,0.006709257
NAV/BTC,1562067859960,2019-07-02T11:44:19.960Z,sell,1.9e-05,527.97,0.01003143
NAV/BTC,1562067863281,2019-07-02T11:44:23.281Z,buy,1.91e-05,351.3,0.00670983
NAV/BTC,1562067882743,2019-07-02T11:44:42.743Z,sell,1.9e-05,505.48,0.00960412
NAV/BTC,1562067889478,2019-07-02T11:44:49.478Z,sell,1.9e-05,1047.22,0.01989718
NAV/BTC,1562067914096,2019-07-02T11:45:14.096Z,sell,1.89e-05,5356.68,0.101241252
NAV/BTC,1562067943482,2019-07-02T11:45:43.482Z,sell,1.89e-05,2854.15,0.053943435
NAV/BTC,1562067943800,2019-07-02T11:45:43.800Z,buy,1.89e-05,119.46,0.0022577939999999
NAV/BTC,1562068213740,2019-07-02T11:50:13.740Z,buy,1.89e-05,19.47,0.0003679829999999
NAV/BTC,1562068230775,2019-07-02T11:50:30.775Z,sell,1.88e-05,53.45,0.00100486
NAV/BTC,1562068716625,2019-07-02T11:58:36.625Z,sell,1.87e-05,4200.0,0.07854
NAV/BTC,1562068842897,2019-07-02T12:00:42.897Z,buy,1.88e-05,92.27,0.0017346759999999
NAV/BTC,1562068870786,2019-07-02T12:01:10.786Z,buy,1.88e-05,933.99,0.017559012
NAV/BTC,1562069148178,2019-07-02T12:05:48.178Z,sell,1.87e-05,414.92,0.007759004
NAV/BTC,1562069185956,2019-07-02T12:06:25.956Z,buy,1.88e-05,18.39,0.000345732
NAV/BTC,1562069316762,2019-07-02T12:08:36.762Z,sell,1.87e-05,2691.96,0.050339652
NAV/BTC,1562069531509,2019-07-02T12:12:11.509Z,buy,1.88e-05,113.37,0.002131356
NAV/BTC,1562069625328,2019-07-02T12:13:45.328Z,buy,1.88e-05,370.28,0.0069612639999999
NAV/BTC,1562069628386,2019-07-02T12:13:48.386Z,buy,1.88e-05,163.45,0.0030728599999999
NAV/BTC,1562069745644,2019-07-02T12:15:45.644Z,sell,1.87e-05,150.06,0.002806122
NAV/BTC,1562069805887,2019-07-02T12:16:45.887Z,buy,1.88e-05,88.13,0.001656844
NAV/BTC,1562069861867,2019-07-02T12:17:41.867Z,buy,1.88e-05,77.13,0.001450044
NAV/BTC,1562070020939,2019-07-02T12:20:20.939Z,sell,1.87e-05,323.47,0.006048889
NAV/BTC,1562070020939,2019-07-02T12:20:20.939Z,sell,1.87e-05,323.47,0.006048889
NAV/BTC,1562070715598,2019-07-02T12:31:55.598Z,buy,1.88e-05,91.87,0.001727156
NAV/BTC,1562070996442,2019-07-02T12:36:36.442Z,buy,1.88e-05,1063.83,0.020000004
NAV/BTC,1562070996989,2019-07-02T12:36:36.989Z,buy,1.88e-05,105.26,0.001978888
NAV/BTC,1562071339778,2019-07-02T12:42:19.778Z,buy,1.88e-05,1319.14,0.024799832
NAV/BTC,1562071705512,2019-07-02T12:48:25.512Z,buy,1.88e-05,4760.58,0.0894989039999999
NAV/BTC,1562071778956,2019-07-02T12:49:38.956Z,buy,1.89e-05,15.54,0.0002937059999999
NAV/BTC,1562071779025,2019-07-02T12:49:39.025Z,sell,1.88e-05,67.04,0.001260352
NAV/BTC,1562071976578,2019-07-02T12:52:56.578Z,buy,1.89e-05,72.06,0.001361934
NAV/BTC,1562071990222,2019-07-02T12:53:10.222Z,sell,1.88e-05,2742.22,0.0515537359999999
NAV/BTC,1562072129500,2019-07-02T12:55:29.500Z,sell,1.88e-05,142.17,0.002672796
NAV/BTC,1562072207549,2019-07-02T12:56:47.549Z,sell,1.88e-05,142.17,0.002672796
NAV/BTC,1562072272019,2019-07-02T12:57:52.019Z,buy,1.89e-05,8413.44,0.159014016
NAV/BTC,1562072359924,2019-07-02T12:59:19.924Z,buy,1.89e-05,69.22,0.0013082579999999
NAV/BTC,1562072405083,2019-07-02T13:00:05.083Z,sell,1.88e-05,56.82,0.001068216
NAV/BTC,1562072453440,2019-07-02T13:00:53.440Z,sell,1.88e-05,54.34,0.001021592
NAV/BTC,1562072581995,2019-07-02T13:03:01.995Z,sell,1.88e-05,2413.52,0.0453741759999999
NAV/BTC,1562072582971,2019-07-02T13:03:02.971Z,sell,1.88e-05,1000.0,0.0188
NAV/BTC,1562072885103,2019-07-02T13:08:05.103Z,buy,1.9e-05,16.94,0.00032186
NAV/BTC,1562072888991,2019-07-02T13:08:08.991Z,buy,1.89e-05,56.33,0.0010646369999999
NAV/BTC,1562072891149,2019-07-02T13:08:11.149Z,sell,1.89e-05,314.38,0.005941782
NAV/BTC,1562073016942,2019-07-02T13:10:16.942Z,sell,1.89e-05,1506.56,0.0284739839999999
NAV/BTC,1562073114318,2019-07-02T13:11:54.318Z,buy,1.9e-05,16.52,0.00031388
NAV/BTC,1562073124686,2019-07-02T13:12:04.686Z,buy,1.9e-05,2756.0,0.052364
NAV/BTC,1562073138307,2019-07-02T13:12:18.307Z,buy,1.9e-05,315.79,0.00600001
NAV/BTC,1562073295767,2019-07-02T13:14:55.767Z,buy,1.9e-05,230.27,0.00437513
NAV/BTC,1562073295796,2019-07-02T13:14:55.796Z,sell,1.9e-05,285.26,0.00541994
NAV/BTC,1562073360664,2019-07-02T13:16:00.664Z,sell,1.89e-05,7973.89,0.1507065209999999
NAV/BTC,1562073380291,2019-07-02T13:16:20.291Z,buy,1.89e-05,800.0,0.0151199999999999
NAV/BTC,1562073511904,2019-07-02T13:18:31.904Z,buy,1.89e-05,1423.1,0.0268965899999999
NAV/BTC,1562073512771,2019-07-02T13:18:32.771Z,sell,1.89e-05,349.7,0.0066093299999999
NAV/BTC,1562073555132,2019-07-02T13:19:15.132Z,sell,1.89e-05,1452.31,0.0274486589999999
NAV/BTC,1562073555132,2019-07-02T13:19:15.132Z,sell,1.89e-05,1452.31,0.0274486589999999
NAV/BTC,1562073770711,2019-07-02T13:22:50.711Z,sell,1.89e-05,276.86,0.005232654
NAV/BTC,1562073880015,2019-07-02T13:24:40.015Z,buy,1.89e-05,943.67,0.0178353629999999
NAV/BTC,1562074245218,2019-07-02T13:30:45.218Z,buy,1.89e-05,56.31,0.001064259
NAV/BTC,1562074296598,2019-07-02T13:31:36.598Z,buy,1.89e-05,16.38,0.000309582
NAV/BTC,1562074473401,2019-07-02T13:34:33.401Z,buy,1.89e-05,77.41,0.001463049
NAV/BTC,1562075100082,2019-07-02T13:45:00.082Z,buy,1.89e-05,16.56,0.0003129839999999
NAV/BTC,1562075336680,2019-07-02T13:48:56.680Z,buy,1.89e-05,211.64,0.003999996
NAV/BTC,1562075338696,2019-07-02T13:48:58.696Z,buy,1.89e-05,1005.33,0.019000737
NAV/BTC,1562075338696,2019-07-02T13:48:58.696Z,buy,1.9e-05,253.02,0.00480738
NAV/BTC,1562075338696,2019-07-02T13:48:58.696Z,buy,1.91e-05,2954.16,0.056424456
NAV/BTC,1562075409193,2019-07-02T13:50:09.193Z,buy,1.91e-05,314.14,0.0060000739999999
NAV/BTC,1562075467894,2019-07-02T13:51:07.894Z,sell,1.89e-05,72.09,0.001362501
NAV/BTC,1562075617182,2019-07-02T13:53:37.182Z,buy,1.9e-05,15.69,0.00029811
NAV/BTC,1562075699517,2019-07-02T13:54:59.517Z,buy,1.9e-05,18.97,0.00036043
NAV/BTC,1562075755376,2019-07-02T13:55:55.376Z,buy,1.9e-05,19.36,0.00036784
NAV/BTC,1562075920106,2019-07-02T13:58:40.106Z,buy,1.9e-05,14.6,0.0002774
NAV/BTC,1562076134632,2019-07-02T14:02:14.632Z,sell,1.89e-05,118.03,0.002230767
NAV/BTC,1562076171712,2019-07-02T14:02:51.712Z,buy,1.9e-05,17.85,0.00033915
NAV/BTC,1562076171955,2019-07-02T14:02:51.955Z,sell,1.89e-05,64.51,0.001219239
NAV/BTC,1562076172217,2019-07-02T14:02:52.217Z,buy,1.9e-05,18.52,0.00035188
NAV/BTC,1562076457289,2019-07-02T14:07:37.289Z,sell,1.9e-05,96.58,0.00183502
NAV/BTC,1562076469895,2019-07-02T14:07:49.895Z,sell,1.9e-05,1053.03,0.02000757
NAV/BTC,1562076472221,2019-07-02T14:07:52.221Z,sell,1.9e-05,105.38,0.00200222
NAV/BTC,1562076474881,2019-07-02T14:07:54.881Z,sell,1.9e-05,105.38,0.00200222
NAV/BTC,1562076519109,2019-07-02T14:08:39.109Z,sell,1.9e-05,1285.13,0.02441747
NAV/BTC,1562076521525,2019-07-02T14:08:41.525Z,sell,1.9e-05,450.09,0.00855171
NAV/BTC,1562076558410,2019-07-02T14:09:18.410Z,sell,1.9e-05,193.8,0.0036822
NAV/BTC,1562076685898,2019-07-02T14:11:25.898Z,sell,1.9e-05,2184.61,0.04150759
NAV/BTC,1562076687286,2019-07-02T14:11:27.286Z,buy,1.91e-05,1424.55,0.027208905
NAV/BTC,1562076689680,2019-07-02T14:11:29.680Z,buy,1.91e-05,616.74,0.011779734
NAV/BTC,1562076689843,2019-07-02T14:11:29.843Z,buy,1.91e-05,100.31,0.001915921
NAV/BTC,1562076733598,2019-07-02T14:12:13.598Z,sell,1.89e-05,113.57,0.002146473
NAV/BTC,1562077059200,2019-07-02T14:17:39.200Z,buy,1.91e-05,18.03,0.000344373
NAV/BTC,1562077068485,2019-07-02T14:17:48.485Z,buy,1.91e-05,14.76,0.000281916
NAV/BTC,1562077124295,2019-07-02T14:18:44.295Z,buy,1.9e-05,54.26,0.00103094
NAV/BTC,1562077124295,2019-07-02T14:18:44.295Z,buy,1.9e-05,54.26,0.00103094
NAV/BTC,1562077522065,2019-07-02T14:25:22.065Z,sell,1.9e-05,100.0,0.0019
NAV/BTC,1562077575248,2019-07-02T14:26:15.248Z,buy,1.91e-05,575.25,0.010987275
NAV/BTC,1562077845150,2019-07-02T14:30:45.150Z,buy,1.91e-05,53.02,0.001012682
NAV/BTC,1562077895603,2019-07-02T14:31:35.603Z,sell,1.89e-05,181.69,0.003433941
NAV/BTC,1562077961474,2019-07-02T14:32:41.474Z,buy,1.91e-05,178.01,0.0033999909999999
NAV/BTC,1562078005688,2019-07-02T14:33:25.688Z,buy,1.91e-05,60.0,0.001146
NAV/BTC,1562078025522,2019-07-02T14:33:45.522Z,sell,1.89e-05,235.1,0.0044433899999999
NAV/BTC,1562078026376,2019-07-02T14:33:46.376Z,sell,1.89e-05,515.61,0.0097450289999999
NAV/BTC,1562078081738,2019-07-02T14:34:41.738Z,sell,1.89e-05,4212.51,0.079616439
NAV/BTC,1562078100840,2019-07-02T14:35:00.840Z,sell,1.89e-05,1472.36,0.0278276039999999
NAV/BTC,1562078100859,2019-07-02T14:35:00.859Z,sell,1.89e-05,426.95,0.0080693549999999
NAV/BTC,1562078135532,2019-07-02T14:35:35.532Z,sell,1.89e-05,57.6,0.0010886399999999
NAV/BTC,1562078143209,2019-07-02T14:35:43.209Z,sell,1.89e-05,83.09,0.001570401
NAV/BTC,1562078145173,2019-07-02T14:35:45.173Z,sell,1.89e-05,144.92,0.0027389879999999
NAV/BTC,1562078254702,2019-07-02T14:37:34.702Z,sell,1.89e-05,5840.82,0.1103914979999999
NAV/BTC,1562078255238,2019-07-02T14:37:35.238Z,sell,1.89e-05,235.22,0.004445658
NAV/BTC,1562078258740,2019-07-02T14:37:38.740Z,sell,1.89e-05,211.64,0.003999996
NAV/BTC,1562078536640,2019-07-02T14:42:16.640Z,sell,1.88e-05,180.74,0.003397912
NAV/BTC,1562078869233,2019-07-02T14:47:49.233Z,buy,1.89e-05,18.07,0.000341523
NAV/BTC,1562079007165,2019-07-02T14:50:07.165Z,sell,1.88e-05,500.0,0.0094
NAV/BTC,1562079007275,2019-07-02T14:50:07.275Z,sell,1.88e-05,636.06,0.0119579279999999
NAV/BTC,1562079052895,2019-07-02T14:50:52.895Z,sell,1.87e-05,79.36,0.001484032
NAV/BTC,1562079062081,2019-07-02T14:51:02.081Z,sell,1.86e-05,64.93,0.001207698
NAV/BTC,1562079194314,2019-07-02T14:53:14.314Z,buy,1.88e-05,1611.59,0.0302978919999999
NAV/BTC,1562079206253,2019-07-02T14:53:26.253Z,buy,1.87e-05,636.06,0.0118943219999999
NAV/BTC,1562079227051,2019-07-02T14:53:47.051Z,sell,1.86e-05,10042.62,0.186792732
NAV/BTC,1562079250750,2019-07-02T14:54:10.750Z,sell,1.86e-05,1980.58,0.036838788
NAV/BTC,1562079265425,2019-07-02T14:54:25.425Z,sell,1.86e-05,259.01,0.004817586
NAV/BTC,1562079278261,2019-07-02T14:54:38.261Z,sell,1.86e-05,1000.0,0.0186
NAV/BTC,1562079605741,2019-07-02T15:00:05.741Z,sell,1.86e-05,235.1,0.00437286
NAV/BTC,1562079690194,2019-07-02T15:01:30.194Z,sell,1.86e-05,31.21,0.000580506
NAV/BTC,1562079711669,2019-07-02T15:01:51.669Z,sell,1.85e-05,64.15,0.001186775
NAV/BTC,1562079711669,2019-07-02T15:01:51.669Z,sell,1.85e-05,86.5,0.00160025
NAV/BTC,1562079745724,2019-07-02T15:02:25.724Z,buy,1.86e-05,537.63,0.009999918
NAV/BTC,1562079747385,2019-07-02T15:02:27.385Z,sell,1.85e-05,627.84,0.01161504
NAV/BTC,1562079747450,2019-07-02T15:02:27.450Z,buy,1.85e-05,93.98,0.00173863
NAV/BTC,1562079747915,2019-07-02T15:02:27.915Z,buy,1.85e-05,269.68,0.00498908
NAV/BTC,1562079925232,2019-07-02T15:05:25.232Z,sell,1.84e-05,115.66,0.0021281439999999
NAV/BTC,1562079925232,2019-07-02T15:05:25.232Z,sell,1.84e-05,1340.23,0.024660232
NAV/BTC,1562079925232,2019-07-02T15:05:25.232Z,sell,1.83e-05,323.44,0.005918952
NAV/BTC,1562079925265,2019-07-02T15:05:25.265Z,buy,1.83e-05,78.46,0.001435818
NAV/BTC,1562079925283,2019-07-02T15:05:25.283Z,buy,1.83e-05,129.1,0.00236253
NAV/BTC,1562079925544,2019-07-02T15:05:25.544Z,buy,1.83e-05,3000.0,0.0549
NAV/BTC,1562079926465,2019-07-02T15:05:26.465Z,buy,1.83e-05,100.0,0.00183
NAV/BTC,1562079926600,2019-07-02T15:05:26.600Z,buy,1.83e-05,114.61,0.002097363
NAV/BTC,1562079926870,2019-07-02T15:05:26.870Z,sell,1.82e-05,103.36,0.0018811519999999
NAV/BTC,1562079936292,2019-07-02T15:05:36.292Z,buy,1.83e-05,1000.0,0.0183
NAV/BTC,1562079989083,2019-07-02T15:06:29.083Z,buy,1.83e-05,87.21,0.001595943
NAV/BTC,1562080254796,2019-07-02T15:10:54.796Z,buy,1.83e-05,2203.24,0.040319292
NAV/BTC,1562080394343,2019-07-02T15:13:14.343Z,buy,1.83e-05,170.66,0.003123078
NAV/BTC,1562080526447,2019-07-02T15:15:26.447Z,buy,1.83e-05,20.34,0.000372222
NAV/BTC,1562080552440,2019-07-02T15:15:52.440Z,buy,1.83e-05,17.38,0.000318054
NAV/BTC,1562080552440,2019-07-02T15:15:52.440Z,buy,1.83e-05,17.38,0.000318054
NAV/BTC,1562080906796,2019-07-02T15:21:46.796Z,buy,1.83e-05,94.5,0.00172935
NAV/BTC,1562081121343,2019-07-02T15:25:21.343Z,buy,1.83e-05,956.53,0.017504499
NAV/BTC,1562081368527,2019-07-02T15:29:28.527Z,buy,1.83e-05,168.73,0.003087759
NAV/BTC,1562081553042,2019-07-02T15:32:33.042Z,sell,1.82e-05,899.1,0.01636362
NAV/BTC,1562081584079,2019-07-02T15:33:04.079Z,buy,1.83e-05,218.57,0.003999831
NAV/BTC,1562081625930,2019-07-02T15:33:45.930Z,sell,1.82e-05,31858.7,0.5798283399999999
NAV/BTC,1562081628288,2019-07-02T15:33:48.288Z,sell,1.81e-05,218.57,0.0039561169999999
NAV/BTC,1562081643805,2019-07-02T15:34:03.805Z,sell,1.81e-05,896.41,0.016225021
NAV/BTC,1562081730948,2019-07-02T15:35:30.948Z,buy,1.82e-05,438.46,0.0079799719999999
NAV/BTC,1562081843929,2019-07-02T15:37:23.929Z,sell,1.81e-05,138.6,0.00250866
NAV/BTC,1562081946562,2019-07-02T15:39:06.562Z,sell,1.81e-05,32256.31,0.583839211
NAV/BTC,1562081946607,2019-07-02T15:39:06.607Z,buy,1.81e-05,239.81,0.004340561
NAV/BTC,1562081946614,2019-07-02T15:39:06.614Z,buy,1.81e-05,239.81,0.004340561
NAV/BTC,1562082011030,2019-07-02T15:40:11.030Z,buy,1.81e-05,67.25,0.001217225
NAV/BTC,1562082026563,2019-07-02T15:40:26.563Z,sell,1.8e-05,575.25,0.0103545
NAV/BTC,1562082026563,2019-07-02T15:40:26.563Z,sell,1.8e-05,566.28,0.01019304
NAV/BTC,1562082055846,2019-07-02T15:40:55.846Z,sell,1.8e-05,59.82,0.00107676
NAV/BTC,1562082065172,2019-07-02T15:41:05.172Z,buy,1.81e-05,164.53,0.002977993
NAV/BTC,1562082283746,2019-07-02T15:44:43.746Z,buy,1.81e-05,79.95,0.001447095
NAV/BTC,1562082286009,2019-07-02T15:44:46.009Z,sell,1.81e-05,14.6,0.00026426
NAV/BTC,1562082286009,2019-07-02T15:44:46.009Z,sell,1.8e-05,22712.61,0.40882698
NAV/BTC,1562082286181,2019-07-02T15:44:46.181Z,buy,1.8e-05,555.54,0.00999972
NAV/BTC,1562082287030,2019-07-02T15:44:47.030Z,buy,1.8e-05,172.22,0.00309996
NAV/BTC,1562082287364,2019-07-02T15:44:47.364Z,buy,1.8e-05,2465.53,0.04437954
NAV/BTC,1562082298230,2019-07-02T15:44:58.230Z,buy,1.8e-05,73.62,0.00132516
NAV/BTC,1562082321639,2019-07-02T15:45:21.639Z,buy,1.8e-05,4742.3,0.0853614
NAV/BTC,1562082358930,2019-07-02T15:45:58.930Z,sell,1.79e-05,7916.7,0.14170893
NAV/BTC,1562082358930,2019-07-02T15:45:58.930Z,sell,1.78e-05,13820.56,0.2460059679999999
NAV/BTC,1562082358930,2019-07-02T15:45:58.930Z,sell,1.77e-05,6125.92,0.108428784
NAV/BTC,1562082358930,2019-07-02T15:45:58.930Z,sell,1.76e-05,11078.03,0.194973328
NAV/BTC,1562082358952,2019-07-02T15:45:58.952Z,buy,1.76e-05,1865.08,0.032825408
NAV/BTC,1562082358955,2019-07-02T15:45:58.955Z,buy,1.76e-05,1482.23,0.026087248
NAV/BTC,1562082358979,2019-07-02T15:45:58.979Z,sell,1.77e-05,1482.23,0.026235471
NAV/BTC,1562082358984,2019-07-02T15:45:58.984Z,buy,1.78e-05,834.5,0.0148540999999999
NAV/BTC,1562082358985,2019-07-02T15:45:58.985Z,buy,1.78e-05,482.12,0.008581736
NAV/BTC,1562082359301,2019-07-02T15:45:59.301Z,buy,1.8e-05,55.95,0.0010071
NAV/BTC,1562082359446,2019-07-02T15:45:59.446Z,buy,1.79e-05,112.29,0.002009991
NAV/BTC,1562082359840,2019-07-02T15:45:59.840Z,sell,1.78e-05,1430.4,0.02546112
NAV/BTC,1562082359934,2019-07-02T15:45:59.934Z,buy,1.79e-05,111.42,0.001994418
NAV/BTC,1562082360413,2019-07-02T15:46:00.413Z,sell,1.78e-05,172.22,0.003065516
NAV/BTC,1562082360473,2019-07-02T15:46:00.473Z,sell,1.78e-05,178.3,0.00317374
NAV/BTC,1562082361008,2019-07-02T15:46:01.008Z,sell,1.78e-05,778.81,0.0138628179999999
NAV/BTC,1562082361939,2019-07-02T15:46:01.939Z,buy,1.79e-05,197.13,0.003528627
NAV/BTC,1562082363533,2019-07-02T15:46:03.533Z,buy,1.79e-05,56.43,0.001010097
NAV/BTC,1562082363797,2019-07-02T15:46:03.797Z,sell,1.78e-05,359.26,0.0063948279999999
NAV/BTC,1562082363957,2019-07-02T15:46:03.957Z,buy,1.79e-05,148.89,0.002665131
NAV/BTC,1562082373264,2019-07-02T15:46:13.264Z,buy,1.79e-05,4305.13,0.077061827
NAV/BTC,1562082373896,2019-07-02T15:46:13.896Z,buy,1.79e-05,932.54,0.016692466
NAV/BTC,1562082375646,2019-07-02T15:46:15.646Z,buy,1.79e-05,3552.4,0.06358796
NAV/BTC,1562082383954,2019-07-02T15:46:23.954Z,buy,1.79e-05,73.3,0.00131207
NAV/BTC,1562082398008,2019-07-02T15:46:38.008Z,buy,1.79e-05,172.17,0.003081843
NAV/BTC,1562082432532,2019-07-02T15:47:12.532Z,sell,1.78e-05,21494.87,0.382608686
NAV/BTC,1562082432647,2019-07-02T15:47:12.647Z,buy,1.79e-05,196.18,0.003511622
NAV/BTC,1562082442664,2019-07-02T15:47:22.664Z,buy,1.79e-05,4421.5,0.07914485
NAV/BTC,1562082472802,2019-07-02T15:47:52.802Z,sell,1.78e-05,642.69,0.011439882
NAV/BTC,1562082559694,2019-07-02T15:49:19.694Z,buy,1.79e-05,167.59,0.002999861
NAV/BTC,1562082611566,2019-07-02T15:50:11.566Z,buy,1.79e-05,307.26,0.005499954
NAV/BTC,1562082635952,2019-07-02T15:50:35.952Z,buy,1.79e-05,4379.24,0.078388396
NAV/BTC,1562082639025,2019-07-02T15:50:39.025Z,buy,1.79e-05,309.46,0.005539334
NAV/BTC,1562082656267,2019-07-02T15:50:56.267Z,sell,1.78e-05,184.21,0.003278938
NAV/BTC,1562082656276,2019-07-02T15:50:56.276Z,sell,1.78e-05,394.73,0.0070261939999999
NAV/BTC,1562082656592,2019-07-02T15:50:56.592Z,sell,1.78e-05,104.71,0.0018638379999999
NAV/BTC,1562082674302,2019-07-02T15:51:14.302Z,sell,1.78e-05,472.39,0.008408542
NAV/BTC,1562083049050,2019-07-02T15:57:29.050Z,sell,1.78e-05,7019.69,0.1249504819999999
NAV/BTC,1562083049327,2019-07-02T15:57:29.327Z,sell,1.78e-05,3050.6,0.05430068
NAV/BTC,1562083153233,2019-07-02T15:59:13.233Z,sell,1.78e-05,500.0,0.0089
NAV/BTC,1562083167472,2019-07-02T15:59:27.472Z,sell,1.78e-05,472.39,0.008408542
NAV/BTC,1562083228458,2019-07-02T16:00:28.458Z,sell,1.78e-05,709.87,0.012635686
NAV/BTC,1562083243078,2019-07-02T16:00:43.078Z,sell,1.78e-05,2203.24,0.0392176719999999
NAV/BTC,1562083267857,2019-07-02T16:01:07.857Z,sell,1.78e-05,5224.77,0.093000906
NAV/BTC,1562083317643,2019-07-02T16:01:57.643Z,sell,1.78e-05,9994.65,0.17790477
NAV/BTC,1562083317670,2019-07-02T16:01:57.670Z,sell,1.78e-05,1000.0,0.0178
NAV/BTC,1562083318445,2019-07-02T16:01:58.445Z,sell,1.78e-05,836.69,0.014893082
NAV/BTC,1562083341147,2019-07-02T16:02:21.147Z,buy,1.79e-05,84.93,0.001520247
NAV/BTC,1562083344373,2019-07-02T16:02:24.373Z,buy,1.79e-05,222.43,0.003981497
NAV/BTC,1562083352110,2019-07-02T16:02:32.110Z,sell,1.78e-05,415.98,0.007404444
NAV/BTC,1562083402905,2019-07-02T16:03:22.905Z,buy,1.79e-05,955.05,0.017095395
NAV/BTC,1562083771171,2019-07-02T16:09:31.171Z,sell,1.78e-05,1573.98,0.028016844
NAV/BTC,1562083817796,2019-07-02T16:10:17.796Z,sell,1.78e-05,6602.58,0.1175259239999999
NAV/BTC,1562083817796,2019-07-02T16:10:17.796Z,sell,1.77e-05,224.72,0.003977544
NAV/BTC,1562083817796,2019-07-02T16:10:17.796Z,sell,1.76e-05,5556.71,0.097798096
NAV/BTC,1562083817812,2019-07-02T16:10:17.812Z,buy,1.76e-05,1567.45,0.02758712
NAV/BTC,1562083817835,2019-07-02T16:10:17.835Z,buy,1.77e-05,761.61,0.013480497
NAV/BTC,1562083820915,2019-07-02T16:10:20.915Z,sell,1.78e-05,238.58,0.004246724
NAV/BTC,1562083822073,2019-07-02T16:10:22.073Z,buy,1.78e-05,81.4,0.00144892
NAV/BTC,1562083870650,2019-07-02T16:11:10.650Z,buy,1.79e-05,286.01,0.005119579
NAV/BTC,1562083968700,2019-07-02T16:12:48.700Z,buy,1.79e-05,4220.95,0.075555005
NAV/BTC,1562083968700,2019-07-02T16:12:48.700Z,buy,1.79e-05,4220.95,0.075555005
NAV/BTC,1562084195326,2019-07-02T16:16:35.326Z,buy,1.79e-05,1159.52,0.020755408
NAV/BTC,1562084460800,2019-07-02T16:21:00.800Z,buy,1.79e-05,275.3,0.00492787
NAV/BTC,1562084488273,2019-07-02T16:21:28.273Z,buy,1.79e-05,232.68,0.004164972
NAV/BTC,1562084589443,2019-07-02T16:23:09.443Z,sell,1.78e-05,5121.87,0.0911692859999999
NAV/BTC,1562084763013,2019-07-02T16:26:03.013Z,buy,1.79e-05,89.95,0.001610105
NAV/BTC,1562084797133,2019-07-02T16:26:37.133Z,buy,1.79e-05,391.97,0.007016263
NAV/BTC,1562084887812,2019-07-02T16:28:07.812Z,buy,1.79e-05,212.84,0.003809836
NAV/BTC,1562084967705,2019-07-02T16:29:27.705Z,buy,1.79e-05,60.0,0.001074
NAV/BTC,1562085115083,2019-07-02T16:31:55.083Z,buy,1.79e-05,104.14,0.001864106
NAV/BTC,1562085250831,2019-07-02T16:34:10.831Z,buy,1.79e-05,2234.63,0.039999877
NAV/BTC,1562085453159,2019-07-02T16:37:33.159Z,buy,1.79e-05,4940.35,0.088432265
NAV/BTC,1562085476004,2019-07-02T16:37:56.004Z,buy,1.8e-05,73.0,0.001314
NAV/BTC,1562085500540,2019-07-02T16:38:20.540Z,buy,1.8e-05,3300.0,0.0594
NAV/BTC,1562085663666,2019-07-02T16:41:03.666Z,buy,1.8e-05,113.47,0.00204246
NAV/BTC,1562085745832,2019-07-02T16:42:25.832Z,buy,1.8e-05,108.53,0.00195354
NAV/BTC,1562086026760,2019-07-02T16:47:06.760Z,buy,1.8e-05,222.22,0.00399996
NAV/BTC,1562086251708,2019-07-02T16:50:51.708Z,buy,1.8e-05,83.48,0.00150264
NAV/BTC,1562086278496,2019-07-02T16:51:18.496Z,sell,1.79e-05,293.87,0.005260273
NAV/BTC,1562086321838,2019-07-02T16:52:01.838Z,buy,1.8e-05,163.17,0.00293706
NAV/BTC,1562086321889,2019-07-02T16:52:01.889Z,buy,1.8e-05,156.29,0.00281322
NAV/BTC,1562086431640,2019-07-02T16:53:51.640Z,sell,1.79e-05,471.25,0.008435375
NAV/BTC,1562086435587,2019-07-02T16:53:55.587Z,sell,1.79e-05,782.84,0.014012836
NAV/BTC,1562086537125,2019-07-02T16:55:37.125Z,buy,1.8e-05,180.01,0.00324018
NAV/BTC,1562086552268,2019-07-02T16:55:52.268Z,buy,1.8e-05,146.16,0.00263088
NAV/BTC,1562086864640,2019-07-02T17:01:04.640Z,buy,1.8e-05,770.5,0.013869
NAV/BTC,1562086932052,2019-07-02T17:02:12.052Z,sell,1.79e-05,81.03,0.001450437
NAV/BTC,1562087018763,2019-07-02T17:03:38.763Z,sell,1.79e-05,108.87,0.001948773
NAV/BTC,1562087297052,2019-07-02T17:08:17.052Z,sell,1.79e-05,346.44,0.006201276
NAV/BTC,1562087323438,2019-07-02T17:08:43.438Z,sell,1.79e-05,56.26,0.001007054
NAV/BTC,1562087469301,2019-07-02T17:11:09.301Z,buy,1.8e-05,147.59,0.00265662
NAV/BTC,1562087497717,2019-07-02T17:11:37.717Z,buy,1.8e-05,6762.78,0.12173004
NAV/BTC,1562087497717,2019-07-02T17:11:37.717Z,buy,1.8e-05,6762.78,0.12173004
NAV/BTC,1562087783432,2019-07-02T17:16:23.432Z,sell,1.79e-05,4726.44,0.084603276
NAV/BTC,1562088040723,2019-07-02T17:20:40.723Z,buy,1.8e-05,78.97,0.00142146
NAV/BTC,1562088264189,2019-07-02T17:24:24.189Z,sell,1.79e-05,1610.76,0.028832604
NAV/BTC,1562088264193,2019-07-02T17:24:24.193Z,sell,1.78e-05,3195.43,0.0568786539999999
NAV/BTC,1562088264992,2019-07-02T17:24:24.992Z,sell,1.78e-05,161.19,0.0028691819999999
NAV/BTC,1562088374634,2019-07-02T17:26:14.634Z,sell,1.78e-05,4309.23,0.0767042939999999
NAV/BTC,1562088430452,2019-07-02T17:27:10.452Z,buy,1.79e-05,443.82,0.007944378
NAV/BTC,1562088973882,2019-07-02T17:36:13.882Z,sell,1.76e-05,154.09,0.002711984
NAV/BTC,1562088992477,2019-07-02T17:36:32.477Z,sell,1.76e-05,156.13,0.002747888
NAV/BTC,1562089062788,2019-07-02T17:37:42.788Z,sell,1.76e-05,537.63,0.009462288
NAV/BTC,1562089146047,2019-07-02T17:39:06.047Z,sell,1.76e-05,132.13,0.002325488
NAV/BTC,1562089520728,2019-07-02T17:45:20.728Z,buy,1.77e-05,218.15,0.003861255
NAV/BTC,1562089521747,2019-07-02T17:45:21.747Z,sell,1.76e-05,58.35,0.00102696
NAV/BTC,1562089543343,2019-07-02T17:45:43.343Z,buy,1.77e-05,118.49,0.0020972729999999
NAV/BTC,1562089570527,2019-07-02T17:46:10.527Z,sell,1.76e-05,848.01,0.014924976
NAV/BTC,1562089570561,2019-07-02T17:46:10.561Z,buy,1.76e-05,464.7,0.00817872
NAV/BTC,1562089570814,2019-07-02T17:46:10.814Z,buy,1.77e-05,464.69,0.008225013
NAV/BTC,1562089574093,2019-07-02T17:46:14.093Z,buy,1.77e-05,513.61,0.009090897
NAV/BTC,1562089732020,2019-07-02T17:48:52.020Z,buy,1.76e-05,240.0,0.004224
NAV/BTC,1562089732035,2019-07-02T17:48:52.035Z,buy,1.76e-05,1168.71,0.020569296
NAV/BTC,1562089733769,2019-07-02T17:48:53.769Z,buy,1.76e-05,74.99,0.001319824
NAV/BTC,1562089734037,2019-07-02T17:48:54.037Z,buy,1.76e-05,74.99,0.001319824
NAV/BTC,1562089867573,2019-07-02T17:51:07.573Z,buy,1.76e-05,118.82,0.002091232
NAV/BTC,1562089942810,2019-07-02T17:52:22.810Z,buy,1.76e-05,725.2,0.01276352
NAV/BTC,1562090013807,2019-07-02T17:53:33.807Z,buy,1.76e-05,213.71,0.003761296
NAV/BTC,1562090028827,2019-07-02T17:53:48.827Z,buy,1.76e-05,180.0,0.003168
NAV/BTC,1562090029260,2019-07-02T17:53:49.260Z,buy,1.76e-05,150.19,0.002643344
NAV/BTC,1562090056125,2019-07-02T17:54:16.125Z,buy,1.76e-05,153.64,0.002704064
NAV/BTC,1562090104329,2019-07-02T17:55:04.329Z,buy,1.76e-05,180.0,0.003168
NAV/BTC,1562090116419,2019-07-02T17:55:16.419Z,buy,1.76e-05,253.51,0.004461776
NAV/BTC,1562090120716,2019-07-02T17:55:20.716Z,buy,1.76e-05,310.51,0.005464976
NAV/BTC,1562090121156,2019-07-02T17:55:21.156Z,buy,1.76e-05,180.0,0.003168
NAV/BTC,1562090128174,2019-07-02T17:55:28.174Z,buy,1.76e-05,873.21,0.015368496
NAV/BTC,1562090128582,2019-07-02T17:55:28.582Z,buy,1.76e-05,180.0,0.003168
NAV/BTC,1562090139439,2019-07-02T17:55:39.439Z,sell,1.75e-05,8266.94,0.14467145
NAV/BTC,1562090139467,2019-07-02T17:55:39.467Z,buy,1.75e-05,262.67,0.004596725
NAV/BTC,1562090139467,2019-07-02T17:55:39.467Z,buy,1.75e-05,838.04,0.0146656999999999
NAV/BTC,1562090148201,2019-07-02T17:55:48.201Z,buy,1.76e-05,124.43,0.002189968
NAV/BTC,1562090149855,2019-07-02T17:55:49.855Z,buy,1.75e-05,211.28,0.0036973999999999
NAV/BTC,1562090149857,2019-07-02T17:55:49.857Z,buy,1.75e-05,464.04,0.0081207
NAV/BTC,1562090198626,2019-07-02T17:56:38.626Z,buy,1.75e-05,100.0,0.0017499999999999
NAV/BTC,1562090200064,2019-07-02T17:56:40.064Z,buy,1.75e-05,70.51,0.001233925
NAV/BTC,1562090223950,2019-07-02T17:57:03.950Z,sell,1.74e-05,443.82,0.007722468
NAV/BTC,1562090223950,2019-07-02T17:57:03.950Z,sell,1.74e-05,2234.63,0.038882562
NAV/BTC,1562090223950,2019-07-02T17:57:03.950Z,sell,1.74e-05,770.5,0.0134066999999999
NAV/BTC,1562090277147,2019-07-02T17:57:57.147Z,buy,1.76e-05,5350.0,0.09416
NAV/BTC,1562090293304,2019-07-02T17:58:13.304Z,buy,1.76e-05,167.0,0.0029392
NAV/BTC,1562090411274,2019-07-02T18:00:11.274Z,sell,1.73e-05,818.85,0.014166105
NAV/BTC,1562090411274,2019-07-02T18:00:11.274Z,sell,1.73e-05,1025.06,0.017733538
NAV/BTC,1562090411303,2019-07-02T18:00:11.303Z,buy,1.73e-05,568.18,0.009829514
NAV/BTC,1562090411312,2019-07-02T18:00:11.312Z,buy,1.73e-05,106.62,0.001844526
NAV/BTC,1562090411312,2019-07-02T18:00:11.312Z,buy,1.73e-05,296.8,0.00513464
NAV/BTC,1562090411326,2019-07-02T18:00:11.326Z,buy,1.73e-05,609.5,0.01054435
NAV/BTC,1562090411352,2019-07-02T18:00:11.352Z,buy,1.73e-05,281.2,0.00486476
NAV/BTC,1562090411711,2019-07-02T18:00:11.711Z,buy,1.73e-05,97.77,0.001691421
NAV/BTC,1562090411785,2019-07-02T18:00:11.785Z,buy,1.73e-05,1000.0,0.0173
NAV/BTC,1562090412101,2019-07-02T18:00:12.101Z,buy,1.73e-05,231.6,0.00400668
NAV/BTC,1562090412824,2019-07-02T18:00:12.824Z,sell,1.73e-05,609.5,0.01054435
NAV/BTC,1562090453323,2019-07-02T18:00:53.323Z,buy,1.75e-05,3598.08,0.0629663999999999
NAV/BTC,1562090537953,2019-07-02T18:02:17.953Z,sell,1.74e-05,62.86,0.0010937639999999
NAV/BTC,1562090575085,2019-07-02T18:02:55.085Z,sell,1.74e-05,193.93,0.003374382
NAV/BTC,1562090645826,2019-07-02T18:04:05.826Z,buy,1.74e-05,2800.0,0.04872
NAV/BTC,1562090774992,2019-07-02T18:06:14.992Z,buy,1.74e-05,9725.68,0.169226832
NAV/BTC,1562090775791,2019-07-02T18:06:15.791Z,sell,1.74e-05,1000.0,0.0174
NAV/BTC,1562090820558,2019-07-02T18:07:00.558Z,buy,1.75e-05,500.0,0.0087499999999999
NAV/BTC,1562090845613,2019-07-02T18:07:25.613Z,sell,1.74e-05,363.99,0.006333426
NAV/BTC,1562090862984,2019-07-02T18:07:42.984Z,buy,1.74e-05,477.11,0.008301714
NAV/BTC,1562090888680,2019-07-02T18:08:08.680Z,sell,1.74e-05,22.89,0.000398286
NAV/BTC,1562090888680,2019-07-02T18:08:08.680Z,sell,1.73e-05,443.19,0.007667187
NAV/BTC,1562090888680,2019-07-02T18:08:08.680Z,sell,1.72e-05,1160.45,0.01995974
NAV/BTC,1562090945727,2019-07-02T18:09:05.727Z,buy,1.74e-05,260.24,0.004528176
NAV/BTC,1562090966363,2019-07-02T18:09:26.363Z,sell,1.74e-05,214.76,0.0037368239999999
NAV/BTC,1562090966363,2019-07-02T18:09:26.363Z,sell,1.73e-05,257.51,0.0044549229999999
NAV/BTC,1562090966363,2019-07-02T18:09:26.363Z,sell,1.72e-05,617.78,0.010625816
NAV/BTC,1562090974560,2019-07-02T18:09:34.560Z,sell,1.72e-05,171.43,0.002948596
NAV/BTC,1562090986760,2019-07-02T18:09:46.760Z,sell,1.72e-05,2000.0,0.0344
NAV/BTC,1562091096027,2019-07-02T18:11:36.027Z,buy,1.74e-05,100.0,0.00174
NAV/BTC,1562091096027,2019-07-02T18:11:36.027Z,buy,1.74e-05,100.0,0.00174
NAV/BTC,1562091100032,2019-07-02T18:11:40.032Z,buy,1.74e-05,1185.45,0.02062683
NAV/BTC,1562091121640,2019-07-02T18:12:01.640Z,buy,1.74e-05,950.0,0.01653
NAV/BTC,1562091223554,2019-07-02T18:13:43.554Z,sell,1.73e-05,444.0,0.0076812
NAV/BTC,1562091295677,2019-07-02T18:14:55.677Z,sell,1.73e-05,774.14,0.013392622
NAV/BTC,1562091295677,2019-07-02T18:14:55.677Z,sell,1.72e-05,860.36,0.014798192
NAV/BTC,1562091327532,2019-07-02T18:15:27.532Z,buy,1.74e-05,184.0,0.0032015999999999
NAV/BTC,1562091363180,2019-07-02T18:16:03.180Z,buy,1.74e-05,1724.13,0.029999862
NAV/BTC,1562091879767,2019-07-02T18:24:39.767Z,buy,1.74e-05,1525.85,0.0265497899999999
NAV/BTC,1562091991368,2019-07-02T18:26:31.368Z,sell,1.73e-05,99.8,0.00172654
NAV/BTC,1562091995511,2019-07-02T18:26:35.511Z,buy,1.74e-05,574.71,0.009999954
NAV/BTC,1562092054283,2019-07-02T18:27:34.283Z,sell,1.73e-05,1233.99,0.021348027
NAV/BTC,1562092054283,2019-07-02T18:27:34.283Z,sell,1.72e-05,4324.0,0.0743728
NAV/BTC,1562092055815,2019-07-02T18:27:35.815Z,sell,1.73e-05,414.32,0.007167736
NAV/BTC,1562092228087,2019-07-02T18:30:28.087Z,sell,1.73e-05,116.44,0.002014412
NAV/BTC,1562092241234,2019-07-02T18:30:41.234Z,buy,1.74e-05,794.69,0.013827606
NAV/BTC,1562092504528,2019-07-02T18:35:04.528Z,sell,1.73e-05,1611.59,0.027880507
NAV/BTC,1562092746137,2019-07-02T18:39:06.137Z,buy,1.74e-05,2011.49,0.034999926
NAV/BTC,1562092773975,2019-07-02T18:39:33.975Z,buy,1.74e-05,287.35,0.00499989
NAV/BTC,1562092856812,2019-07-02T18:40:56.812Z,buy,1.74e-05,160.38,0.002790612
NAV/BTC,1562092961450,2019-07-02T18:42:41.450Z,buy,1.74e-05,4539.48,0.0789869519999999
NAV/BTC,1562093039021,2019-07-02T18:43:59.021Z,buy,1.74e-05,326.63,0.005683362
NAV/BTC,1562093218127,2019-07-02T18:46:58.127Z,buy,1.74e-05,279.7,0.0048667799999999
NAV/BTC,1562093431624,2019-07-02T18:50:31.624Z,buy,1.74e-05,209.27,0.003641298
NAV/BTC,1562093431624,2019-07-02T18:50:31.624Z,buy,1.75e-05,20235.47,0.3541207249999999
NAV/BTC,1562093431890,2019-07-02T18:50:31.890Z,sell,1.75e-05,4000.0,0.0699999999999999
NAV/BTC,1562093431895,2019-07-02T18:50:31.895Z,sell,1.75e-05,3000.0,0.0525
NAV/BTC,1562093431902,2019-07-02T18:50:31.902Z,sell,1.75e-05,4000.0,0.0699999999999999
NAV/BTC,1562093433159,2019-07-02T18:50:33.159Z,buy,1.76e-05,73.86,0.001299936
NAV/BTC,1562093434154,2019-07-02T18:50:34.154Z,buy,1.76e-05,112.83,0.001985808
NAV/BTC,1562093480718,2019-07-02T18:51:20.718Z,buy,1.76e-05,124.12,0.002184512
NAV/BTC,1562093481394,2019-07-02T18:51:21.394Z,sell,1.76e-05,206.84,0.003640384
NAV/BTC,1562093485427,2019-07-02T18:51:25.427Z,sell,1.76e-05,225.19,0.003963344
NAV/BTC,1562093486625,2019-07-02T18:51:26.625Z,sell,1.76e-05,75.79,0.001333904
NAV/BTC,1562093486671,2019-07-02T18:51:26.671Z,sell,1.76e-05,207.42,0.003650592
NAV/BTC,1562093487187,2019-07-02T18:51:27.187Z,sell,1.76e-05,360.26,0.006340576
NAV/BTC,1562093487623,2019-07-02T18:51:27.623Z,sell,1.76e-05,76.63,0.001348688
NAV/BTC,1562093487656,2019-07-02T18:51:27.656Z,sell,1.76e-05,197.89,0.003482864
NAV/BTC,1562093506371,2019-07-02T18:51:46.371Z,sell,1.76e-05,516.76,0.009094976
NAV/BTC,1562093509152,2019-07-02T18:51:49.152Z,buy,1.76e-05,142.86,0.002514336
NAV/BTC,1562093525867,2019-07-02T18:52:05.867Z,sell,1.75e-05,574.71,0.010057425
NAV/BTC,1562093683831,2019-07-02T18:54:43.831Z,sell,1.76e-05,768.48,0.013525248
NAV/BTC,1562093684479,2019-07-02T18:54:44.479Z,sell,1.76e-05,1431.52,0.025194752
NAV/BTC,1562093684500,2019-07-02T18:54:44.500Z,buy,1.76e-05,25.28,0.000444928
NAV/BTC,1562093810422,2019-07-02T18:56:50.422Z,sell,1.76e-05,1998.84,0.035179584
NAV/BTC,1562093855889,2019-07-02T18:57:35.889Z,sell,1.76e-05,212.84,0.003745984
NAV/BTC,1562093896299,2019-07-02T18:58:16.299Z,buy,1.77e-05,739.17,0.013083309
NAV/BTC,1562093900091,2019-07-02T18:58:20.091Z,buy,1.77e-05,554.38,0.009812526
NAV/BTC,1562093902687,2019-07-02T18:58:22.687Z,buy,1.77e-05,415.79,0.007359483
NAV/BTC,1562093907863,2019-07-02T18:58:27.863Z,buy,1.77e-05,623.68,0.011039136
NAV/BTC,1562093910294,2019-07-02T18:58:30.294Z,buy,1.77e-05,467.77,0.0082795289999999
NAV/BTC,1562093914050,2019-07-02T18:58:34.050Z,buy,1.77e-05,155.92,0.002759784
NAV/BTC,1562094074250,2019-07-02T19:01:14.250Z,sell,1.76e-05,1793.64,0.031568064
NAV/BTC,1562094115329,2019-07-02T19:01:55.329Z,sell,1.76e-05,148.92,0.002620992
NAV/BTC,1562094248075,2019-07-02T19:04:08.075Z,sell,1.76e-05,152.03,0.002675728
NAV/BTC,1562094248525,2019-07-02T19:04:08.525Z,buy,1.77e-05,1560.83,0.027626691
NAV/BTC,1562094252384,2019-07-02T19:04:12.384Z,sell,1.76e-05,2326.83,0.040952208
NAV/BTC,1562094635360,2019-07-02T19:10:35.360Z,sell,1.76e-05,440.19,0.007747344
NAV/BTC,1562094635360,2019-07-02T19:10:35.360Z,sell,1.76e-05,440.19,0.007747344
NAV/BTC,1562094930958,2019-07-02T19:15:30.958Z,sell,1.76e-05,215.15,0.00378664
NAV/BTC,1562095124059,2019-07-02T19:18:44.059Z,buy,1.77e-05,650.96,0.011521992
NAV/BTC,1562095224289,2019-07-02T19:20:24.289Z,sell,1.76e-05,228.23,0.004016848
NAV/BTC,1562095303540,2019-07-02T19:21:43.540Z,sell,1.76e-05,142.9,0.00251504
NAV/BTC,1562095308633,2019-07-02T19:21:48.633Z,sell,1.76e-05,909.65,0.01600984
NAV/BTC,1562095436269,2019-07-02T19:23:56.269Z,sell,1.76e-05,329.55,0.00580008
NAV/BTC,1562095633643,2019-07-02T19:27:13.643Z,sell,1.76e-05,2298.84,0.040459584
NAV/BTC,1562095686951,2019-07-02T19:28:06.951Z,buy,1.77e-05,10962.75,0.194040675
NAV/BTC,1562095687289,2019-07-02T19:28:07.289Z,sell,1.76e-05,527.53,0.009284528
NAV/BTC,1562095703476,2019-07-02T19:28:23.476Z,sell,1.76e-05,263.15,0.00463144
NAV/BTC,1562095851874,2019-07-02T19:30:51.874Z,sell,1.76e-05,785.88,0.013831488
NAV/BTC,1562095976253,2019-07-02T19:32:56.253Z,sell,1.76e-05,759.61,0.013369136
NAV/BTC,1562095985849,2019-07-02T19:33:05.849Z,sell,1.76e-05,758.62,0.013351712
NAV/BTC,1562096029059,2019-07-02T19:33:49.059Z,buy,1.77e-05,1908.5,0.03378045
NAV/BTC,1562096197974,2019-07-02T19:36:37.974Z,buy,1.77e-05,708.24,0.012535848
NAV/BTC,1562096290319,2019-07-02T19:38:10.319Z,sell,1.76e-05,960.75,0.0169092
NAV/BTC,1562096363059,2019-07-02T19:39:23.059Z,sell,1.76e-05,919.27,0.016179152
NAV/BTC,1562096363059,2019-07-02T19:39:23.059Z,sell,1.75e-05,110.61,0.0019356749999999
NAV/BTC,1562096530194,2019-07-02T19:42:10.194Z,sell,1.75e-05,472.53,0.008269275
NAV/BTC,1562096779720,2019-07-02T19:46:19.720Z,buy,1.76e-05,100.0,0.00176
NAV/BTC,1562096935432,2019-07-02T19:48:55.432Z,sell,1.75e-05,58.0,0.0010149999999999
NAV/BTC,1562096984615,2019-07-02T19:49:44.615Z,sell,1.75e-05,84.93,0.001486275
NAV/BTC,1562097044159,2019-07-02T19:50:44.159Z,sell,1.75e-05,361.76,0.0063307999999999
NAV/BTC,1562097734735,2019-07-02T20:02:14.735Z,buy,1.76e-05,218.0,0.0038368
NAV/BTC,1562097750195,2019-07-02T20:02:30.195Z,buy,1.76e-05,27529.69,0.484522544
NAV/BTC,1562097750219,2019-07-02T20:02:30.219Z,sell,1.76e-05,1700.0,0.02992
NAV/BTC,1562097750385,2019-07-02T20:02:30.385Z,buy,1.77e-05,1000.0,0.0177
NAV/BTC,1562097832533,2019-07-02T20:03:52.533Z,buy,1.77e-05,83.97,0.001486269
NAV/BTC,1562098078425,2019-07-02T20:07:58.425Z,buy,1.77e-05,203.6,0.00360372
NAV/BTC,1562098078425,2019-07-02T20:07:58.425Z,buy,1.77e-05,203.6,0.00360372
NAV/BTC,1562098245118,2019-07-02T20:10:45.118Z,sell,1.76e-05,148.23,0.002608848
NAV/BTC,1562098380925,2019-07-02T20:13:00.925Z,sell,1.76e-05,9435.23,0.166060048
NAV/BTC,1562098553439,2019-07-02T20:15:53.439Z,buy,1.77e-05,29333.71,0.519206667
NAV/BTC,1562098553481,2019-07-02T20:15:53.481Z,sell,1.77e-05,226.84,0.004015068
NAV/BTC,1562098558302,2019-07-02T20:15:58.302Z,sell,1.77e-05,81.21,0.0014374169999999
NAV/BTC,1562098560594,2019-07-02T20:16:00.594Z,sell,1.77e-05,1654.44,0.029283588
NAV/BTC,1562098726963,2019-07-02T20:18:46.963Z,buy,1.78e-05,6804.75,0.12112455
NAV/BTC,1562098740573,2019-07-02T20:19:00.573Z,sell,1.78e-05,632.42,0.0112570759999999
NAV/BTC,1562098748788,2019-07-02T20:19:08.788Z,buy,1.79e-05,1339.53,0.023977587
NAV/BTC,1562098748788,2019-07-02T20:19:08.788Z,buy,1.8e-05,17485.39,0.31473702
NAV/BTC,1562098748814,2019-07-02T20:19:08.814Z,sell,1.8e-05,324.15,0.0058347
NAV/BTC,1562098748830,2019-07-02T20:19:08.830Z,sell,1.8e-05,468.78,0.0084380399999999
NAV/BTC,1562098748929,2019-07-02T20:19:08.929Z,sell,1.8e-05,1000.0,0.018
NAV/BTC,1562098748972,2019-07-02T20:19:08.972Z,sell,1.8e-05,17468.03,0.31442454
NAV/BTC,1562098750321,2019-07-02T20:19:10.321Z,buy,1.8e-05,1178.64,0.02121552
NAV/BTC,1562098750321,2019-07-02T20:19:10.321Z,buy,1.81e-05,202.79,0.003670499
NAV/BTC,1562098751976,2019-07-02T20:19:11.976Z,buy,1.81e-05,858.98,0.015547538
NAV/BTC,1562098753463,2019-07-02T20:19:13.463Z,sell,1.81e-05,809.49,0.014651769
NAV/BTC,1562098753557,2019-07-02T20:19:13.557Z,buy,1.82e-05,162.6,0.0029593199999999
NAV/BTC,1562098755976,2019-07-02T20:19:15.976Z,buy,1.82e-05,386.59,0.0070359379999999
NAV/BTC,1562098755976,2019-07-02T20:19:15.976Z,buy,1.83e-05,476.98,0.008728734
NAV/BTC,1562098756808,2019-07-02T20:19:16.808Z,sell,1.81e-05,1090.51,0.019738231
NAV/BTC,1562098756932,2019-07-02T20:19:16.932Z,buy,1.81e-05,319.66,0.005785846
NAV/BTC,1562098757986,2019-07-02T20:19:17.986Z,buy,1.83e-05,137.44,0.002515152
NAV/BTC,1562098758381,2019-07-02T20:19:18.381Z,buy,1.83e-05,1857.38,0.033990054
NAV/BTC,1562098758943,2019-07-02T20:19:18.943Z,sell,1.81e-05,244.33,0.004422373
NAV/BTC,1562098760993,2019-07-02T20:19:20.993Z,buy,1.82e-05,244.33,0.004446806
NAV/BTC,1562098801885,2019-07-02T20:20:01.885Z,sell,1.81e-05,118.17,0.002138877
NAV/BTC,1562098820748,2019-07-02T20:20:20.748Z,sell,1.81e-05,222.22,0.004022182
NAV/BTC,1562098829927,2019-07-02T20:20:29.927Z,sell,1.81e-05,146.16,0.002645496
NAV/BTC,1562098927902,2019-07-02T20:22:07.902Z,sell,1.81e-05,73.18,0.001324558
NAV/BTC,1562098928359,2019-07-02T20:22:08.359Z,buy,1.81e-05,244.54,0.004426174
NAV/BTC,1562098931051,2019-07-02T20:22:11.051Z,sell,1.8e-05,708.24,0.01274832
NAV/BTC,1562098937155,2019-07-02T20:22:17.155Z,sell,1.8e-05,118.82,0.00213876
NAV/BTC,1562098942251,2019-07-02T20:22:22.251Z,sell,1.8e-05,72.22,0.00129996
NAV/BTC,1562098943908,2019-07-02T20:22:23.908Z,buy,1.8e-05,46.27,0.00083286
NAV/BTC,1562098956367,2019-07-02T20:22:36.367Z,buy,1.82e-05,548.62,0.009984884
NAV/BTC,1562098964931,2019-07-02T20:22:44.931Z,sell,1.8e-05,181.94,0.00327492
NAV/BTC,1562099006995,2019-07-02T20:23:26.995Z,buy,1.81e-05,267.69,0.004845189
NAV/BTC,1562099190374,2019-07-02T20:26:30.374Z,sell,1.8e-05,215.0,0.00387
NAV/BTC,1562099190398,2019-07-02T20:26:30.398Z,sell,1.8e-05,22.37,0.00040266
NAV/BTC,1562099190398,2019-07-02T20:26:30.398Z,sell,1.79e-05,89.16,0.001595964
NAV/BTC,1562099199605,2019-07-02T20:26:39.605Z,sell,1.79e-05,1724.13,0.030861927
NAV/BTC,1562099200259,2019-07-02T20:26:40.259Z,sell,1.79e-05,574.71,0.010287309
NAV/BTC,1562099203918,2019-07-02T20:26:43.918Z,sell,1.79e-05,337.07,0.006033553
NAV/BTC,1562099205230,2019-07-02T20:26:45.230Z,sell,1.79e-05,337.07,0.006033553
NAV/BTC,1562099225207,2019-07-02T20:27:05.207Z,buy,1.81e-05,261.7,0.0047367699999999
NAV/BTC,1562099425886,2019-07-02T20:30:25.886Z,sell,1.8e-05,2882.46,0.05188428
NAV/BTC,1562099425886,2019-07-02T20:30:25.886Z,sell,1.79e-05,3651.29,0.065358091
NAV/BTC,1562099434043,2019-07-02T20:30:34.043Z,buy,1.81e-05,125.89,0.002278609
NAV/BTC,1562099487543,2019-07-02T20:31:27.543Z,buy,1.81e-05,279.83,0.005064923
NAV/BTC,1562099526418,2019-07-02T20:32:06.418Z,buy,1.81e-05,292.97,0.005302757
NAV/BTC,1562099538860,2019-07-02T20:32:18.860Z,buy,1.81e-05,269.18,0.004872158
NAV/BTC,1562099566719,2019-07-02T20:32:46.719Z,buy,1.81e-05,294.6,0.00533226
NAV/BTC,1562099596034,2019-07-02T20:33:16.034Z,buy,1.81e-05,9070.05,0.1641679049999999
NAV/BTC,1562099604746,2019-07-02T20:33:24.746Z,buy,1.81e-05,318.86,0.005771366
NAV/BTC,1562099608462,2019-07-02T20:33:28.462Z,buy,1.81e-05,1157.04,0.0209424239999999
NAV/BTC,1562099674137,2019-07-02T20:34:34.137Z,sell,1.79e-05,60.78,0.001087962
NAV/BTC,1562099677282,2019-07-02T20:34:37.282Z,sell,1.79e-05,1768.35,0.031653465
NAV/BTC,1562099826158,2019-07-02T20:37:06.158Z,sell,1.79e-05,225.99,0.004045221
NAV/BTC,1562100283813,2019-07-02T20:44:43.813Z,sell,1.79e-05,222.22,0.003977738
NAV/BTC,1562100385345,2019-07-02T20:46:25.345Z,sell,1.79e-05,3005.27,0.053794333
NAV/BTC,1562101282058,2019-07-02T21:01:22.058Z,buy,1.79e-05,56.21,0.001006159
NAV/BTC,1562101282058,2019-07-02T21:01:22.058Z,buy,1.79e-05,56.21,0.001006159
NAV/BTC,1562102410561,2019-07-02T21:20:10.561Z,buy,1.8e-05,1209.12,0.0217641599999999
NAV/BTC,1562102410561,2019-07-02T21:20:10.561Z,buy,1.81e-05,1584.18,0.028673658
NAV/BTC,1562102708401,2019-07-02T21:25:08.401Z,buy,1.8e-05,57.96,0.00104328
NAV/BTC,1562102746717,2019-07-02T21:25:46.717Z,buy,1.8e-05,55.67,0.00100206
NAV/BTC,1562103085700,2019-07-02T21:31:25.700Z,buy,1.8e-05,121.69,0.00219042
NAV/BTC,1562103085700,2019-07-02T21:31:25.700Z,buy,1.81e-05,178.31,0.003227411
NAV/BTC,1562103087203,2019-07-02T21:31:27.203Z,buy,1.81e-05,300.0,0.00543
NAV/BTC,1562103476849,2019-07-02T21:37:56.849Z,sell,1.8e-05,100.0,0.0018
NAV/BTC,1562103666162,2019-07-02T21:41:06.162Z,buy,1.81e-05,100.0,0.00181
NAV/BTC,1562104375407,2019-07-02T21:52:55.407Z,buy,1.81e-05,6709.69,0.1214453889999999
NAV/BTC,1562104402998,2019-07-02T21:53:22.998Z,sell,1.8e-05,93.63,0.00168534
NAV/BTC,1562104453303,2019-07-02T21:54:13.303Z,sell,1.8e-05,68.0,0.001224
NAV/BTC,1562104453303,2019-07-02T21:54:13.303Z,sell,1.8e-05,68.0,0.001224
NAV/BTC,1562105372511,2019-07-02T22:09:32.511Z,sell,1.8e-05,771.95,0.0138951
NAV/BTC,1562105535775,2019-07-02T22:12:15.775Z,buy,1.8e-05,4526.09,0.08146962
NAV/BTC,1562105652118,2019-07-02T22:14:12.118Z,buy,1.8e-05,239.99,0.00431982
NAV/BTC,1562105828049,2019-07-02T22:17:08.049Z,sell,1.79e-05,268.73,0.004810267
NAV/BTC,1562105879367,2019-07-02T22:17:59.367Z,buy,1.8e-05,214.14,0.0038545199999999
NAV/BTC,1562105882687,2019-07-02T22:18:02.687Z,sell,1.79e-05,83.97,0.001503063
NAV/BTC,1562105916756,2019-07-02T22:18:36.756Z,sell,1.79e-05,929.2,0.01663268
NAV/BTC,1562105989506,2019-07-02T22:19:49.506Z,sell,1.79e-05,6702.98,0.119983342
NAV/BTC,1562106412887,2019-07-02T22:26:52.887Z,sell,1.79e-05,480.0,0.008592
NAV/BTC,1562106686258,2019-07-02T22:31:26.258Z,sell,1.79e-05,300.0,0.00537
NAV/BTC,1562106688267,2019-07-02T22:31:28.267Z,sell,1.79e-05,300.0,0.00537
NAV/BTC,1562106750522,2019-07-02T22:32:30.522Z,buy,1.8e-05,1642.59,0.02956662
NAV/BTC,1562106854385,2019-07-02T22:34:14.385Z,buy,1.8e-05,83.5,0.001503
NAV/BTC,1562107724243,2019-07-02T22:48:44.243Z,buy,1.8e-05,55.56,0.00100008
NAV/BTC,1562107724243,2019-07-02T22:48:44.243Z,buy,1.8e-05,55.56,0.00100008
NAV/BTC,1562108452542,2019-07-02T23:00:52.542Z,buy,1.79e-05,58.25,0.001042675
NAV/BTC,1562108493828,2019-07-02T23:01:33.828Z,sell,1.78e-05,83.5,0.0014862999999999
NAV/BTC,1562108541946,2019-07-02T23:02:21.946Z,sell,1.78e-05,765.94,0.013633732
NAV/BTC,1562108603519,2019-07-02T23:03:23.519Z,buy,1.8e-05,83.33,0.00149994
NAV/BTC,1562108883471,2019-07-02T23:08:03.471Z,sell,1.79e-05,83.03,0.001486237
NAV/BTC,1562109371772,2019-07-02T23:16:11.772Z,sell,1.79e-05,83.03,0.001486237
NAV/BTC,1562110246365,2019-07-02T23:30:46.365Z,sell,1.79e-05,441.13,0.007896227
NAV/BTC,1562110246400,2019-07-02T23:30:46.400Z,buy,1.79e-05,441.13,0.007896227
NAV/BTC,1562110246417,2019-07-02T23:30:46.417Z,buy,1.79e-05,441.13,0.007896227
NAV/BTC,1562110247424,2019-07-02T23:30:47.424Z,buy,1.79e-05,455.06,0.008145574
NAV/BTC,1562110323091,2019-07-02T23:32:03.091Z,buy,1.79e-05,430.87,0.007712573
NAV/BTC,1562110712228,2019-07-02T23:38:32.228Z,buy,1.79e-05,558.65,0.009999835
NAV/BTC,1562110813730,2019-07-02T23:40:13.730Z,sell,1.78e-05,441.13,0.007852114
NAV/BTC,1562111105489,2019-07-02T23:45:05.489Z,buy,1.79e-05,280.89,0.005027931
NAV/BTC,1562111116415,2019-07-02T23:45:16.415Z,buy,1.79e-05,111.11,0.001988869
NAV/BTC,1562111120679,2019-07-02T23:45:20.679Z,buy,1.79e-05,279.33,0.005000007
NAV/BTC,1562111120679,2019-07-02T23:45:20.679Z,buy,1.79e-05,279.33,0.005000007
NAV/BTC,1562112066962,2019-07-03T00:01:06.962Z,sell,1.78e-05,3598.08,0.064045824
NAV/BTC,1562112570008,2019-07-03T00:09:30.008Z,sell,1.78e-05,861.53,0.0153352339999999
NAV/BTC,1562112570245,2019-07-03T00:09:30.245Z,sell,1.78e-05,138.56,0.002466368
NAV/BTC,1562112832911,2019-07-03T00:13:52.911Z,sell,1.78e-05,182.95,0.00325651
NAV/BTC,1562112888785,2019-07-03T00:14:48.785Z,sell,1.78e-05,312.2,0.0055571599999999
NAV/BTC,1562112889521,2019-07-03T00:14:49.521Z,buy,1.78e-05,210.7,0.0037504599999999
NAV/BTC,1562112923847,2019-07-03T00:15:23.847Z,sell,1.77e-05,1382.22,0.024465294
NAV/BTC,1562112923847,2019-07-03T00:15:23.847Z,sell,1.76e-05,3360.08,0.059137408
NAV/BTC,1562112925456,2019-07-03T00:15:25.456Z,buy,1.78e-05,84.44,0.0015030319999999
NAV/BTC,1562113016690,2019-07-03T00:16:56.690Z,sell,1.76e-05,548.62,0.009655712
NAV/BTC,1562113480337,2019-07-03T00:24:40.337Z,sell,1.76e-05,312.1,0.00549296
NAV/BTC,1562113572460,2019-07-03T00:26:12.460Z,sell,1.76e-05,919.43,0.016181968
NAV/BTC,1562113649163,2019-07-03T00:27:29.163Z,sell,1.76e-05,13577.9,0.23897104
NAV/BTC,1562113988779,2019-07-03T00:33:08.779Z,sell,1.76e-05,204.8,0.00360448
NAV/BTC,1562113988779,2019-07-03T00:33:08.779Z,sell,1.76e-05,204.8,0.00360448
NAV/BTC,1562115029328,2019-07-03T00:50:29.328Z,sell,1.77e-05,292.31,0.005173887
NAV/BTC,1562115446589,2019-07-03T00:57:26.589Z,sell,1.77e-05,269.89,0.004777053
NAV/BTC,1562115662369,2019-07-03T01:01:02.369Z,sell,1.77e-05,104.69,0.001853013
NAV/BTC,1562115702621,2019-07-03T01:01:42.621Z,sell,1.77e-05,63.03,0.001115631
NAV/BTC,1562116109310,2019-07-03T01:08:29.310Z,sell,1.77e-05,6448.15,0.1141322549999999
NAV/BTC,1562116370727,2019-07-03T01:12:50.727Z,sell,1.77e-05,134.28,0.002376756
NAV/BTC,1562116445319,2019-07-03T01:14:05.319Z,sell,1.77e-05,134.27,0.002376579
NAV/BTC,1562117153099,2019-07-03T01:25:53.099Z,sell,1.77e-05,3917.01,0.069331077
NAV/BTC,1562117153099,2019-07-03T01:25:53.099Z,sell,1.76e-05,1200.35,0.0211261599999999
NAV/BTC,1562117159039,2019-07-03T01:25:59.039Z,sell,1.76e-05,83.81,0.001475056
NAV/BTC,1562117171628,2019-07-03T01:26:11.628Z,sell,1.76e-05,84.44,0.001486144
NAV/BTC,1562117171628,2019-07-03T01:26:11.628Z,sell,1.76e-05,84.44,0.001486144
NAV/BTC,1562117659354,2019-07-03T01:34:19.354Z,sell,1.77e-05,103.0,0.0018231
NAV/BTC,1562117681688,2019-07-03T01:34:41.688Z,buy,1.78e-05,126.79,0.002256862
NAV/BTC,1562117685564,2019-07-03T01:34:45.564Z,buy,1.78e-05,560.63,0.009979214
NAV/BTC,1562117705840,2019-07-03T01:35:05.840Z,buy,1.78e-05,350.73,0.006242994
