symbol,timestamp,datetime,side,price,amount,btc_volume
NAV/BTC,1563652919169,2019-07-20T20:01:59.169Z,sell,1.25e-05,96.91,0.001211375
NAV/BTC,1563652944528,2019-07-20T20:02:24.528Z,sell,1.25e-05,170.06,0.00212575
NAV/BTC,1563654309096,2019-07-20T20:25:09.096Z,buy,1.26e-05,476.19,0.005999994
NAV/BTC,1563655033067,2019-07-20T20:37:13.067Z,sell,1.26e-05,23.29,0.0002934539999999
NAV/BTC,1563655033931,2019-07-20T20:37:13.931Z,sell,1.26e-05,749.0,0.0094374
NAV/BTC,1563655033962,2019-07-20T20:37:13.962Z,sell,1.26e-05,1223.73,0.015418998
NAV/BTC,1563655908119,2019-07-20T20:51:48.119Z,sell,1.25e-05,115.27,0.001440875
NAV/BTC,1563656306322,2019-07-20T20:58:26.322Z,sell,1.25e-05,4500.0,0.05625
NAV/BTC,1563656383652,2019-07-20T20:59:43.652Z,buy,1.26e-05,3197.79,0.040292154
NAV/BTC,1563656384370,2019-07-20T20:59:44.370Z,sell,1.26e-05,1469.12,0.0185109119999999
NAV/BTC,1563656384686,2019-07-20T20:59:44.686Z,sell,1.26e-05,600.0,0.00756
NAV/BTC,1563656384752,2019-07-20T20:59:44.752Z,sell,1.26e-05,653.01,0.008227926
NAV/BTC,1563656384835,2019-07-20T20:59:44.835Z,sell,1.26e-05,1469.12,0.0185109119999999
NAV/BTC,1563656385271,2019-07-20T20:59:45.271Z,sell,1.26e-05,366.75,0.00462105
NAV/BTC,1563656385271,2019-07-20T20:59:45.271Z,sell,1.26e-05,366.75,0.00462105
NAV/BTC,1563657140953,2019-07-20T21:12:20.953Z,sell,1.26e-05,87.98,0.001108548
NAV/BTC,1563657310383,2019-07-20T21:15:10.383Z,sell,1.26e-05,99.8,0.0012574799999999
NAV/BTC,1563657310383,2019-07-20T21:15:10.383Z,sell,1.26e-05,99.8,0.0012574799999999
NAV/BTC,1563660272124,2019-07-20T22:04:32.124Z,buy,1.27e-05,5020.07,0.063754889
NAV/BTC,1563660653344,2019-07-20T22:10:53.344Z,sell,1.26e-05,102.64,0.001293264
NAV/BTC,1563660653344,2019-07-20T22:10:53.344Z,sell,1.26e-05,102.64,0.001293264
NAV/BTC,1563661142509,2019-07-20T22:19:02.509Z,buy,1.27e-05,810.3,0.01029081
NAV/BTC,1563661457366,2019-07-20T22:24:17.366Z,sell,1.26e-05,1850.0,0.02331
NAV/BTC,1563661529575,2019-07-20T22:25:29.575Z,sell,1.27e-05,193.77,0.002460879
NAV/BTC,1563661763697,2019-07-20T22:29:23.697Z,sell,1.26e-05,1024.68,0.012910968
NAV/BTC,1563663041971,2019-07-20T22:50:41.971Z,sell,1.26e-05,74.2,0.00093492
NAV/BTC,1563663233452,2019-07-20T22:53:53.452Z,buy,1.27e-05,8.24,0.000104648
NAV/BTC,1563663252521,2019-07-20T22:54:12.521Z,sell,1.26e-05,14.24,0.000179424
NAV/BTC,1563663912078,2019-07-20T23:05:12.078Z,sell,1.26e-05,9.37,0.0001180619999999
NAV/BTC,1563663930165,2019-07-20T23:05:30.165Z,sell,1.26e-05,189.16,0.0023834159999999
NAV/BTC,1563664030678,2019-07-20T23:07:10.678Z,sell,1.26e-05,122.54,0.001544004
NAV/BTC,1563664030678,2019-07-20T23:07:10.678Z,sell,1.26e-05,122.54,0.001544004
NAV/BTC,1563664314218,2019-07-20T23:11:54.218Z,sell,1.26e-05,111.49,0.001404774
NAV/BTC,1563664628790,2019-07-20T23:17:08.790Z,sell,1.26e-05,1698.43,0.021400218
NAV/BTC,1563664633472,2019-07-20T23:17:13.472Z,sell,1.26e-05,421.91,0.005316066
NAV/BTC,1563664634137,2019-07-20T23:17:14.137Z,sell,1.26e-05,23.29,0.0002934539999999
NAV/BTC,1563664634330,2019-07-20T23:17:14.330Z,sell,1.26e-05,23.29,0.0002934539999999
NAV/BTC,1563665053674,2019-07-20T23:24:13.674Z,buy,1.27e-05,30.13,0.000382651
NAV/BTC,1563665992592,2019-07-20T23:39:52.592Z,sell,1.26e-05,23.29,0.0002934539999999
NAV/BTC,1563666013592,2019-07-20T23:40:13.592Z,sell,1.26e-05,153.1,0.0019290599999999
NAV/BTC,1563666202764,2019-07-20T23:43:22.764Z,sell,1.26e-05,542.94,0.006841044
NAV/BTC,1563666267162,2019-07-20T23:44:27.162Z,sell,1.26e-05,663.87,0.008364762
NAV/BTC,1563666267355,2019-07-20T23:44:27.355Z,sell,1.26e-05,92.36,0.001163736
NAV/BTC,1563666345071,2019-07-20T23:45:45.071Z,buy,1.27e-05,23.29,0.000295783
NAV/BTC,1563666629055,2019-07-20T23:50:29.055Z,buy,1.27e-05,1509.23,0.019167221
NAV/BTC,1563667168210,2019-07-20T23:59:28.210Z,sell,1.26e-05,319.28,0.0040229279999999
NAV/BTC,1563667255643,2019-07-21T00:00:55.643Z,sell,1.26e-05,319.28,0.0040229279999999
NAV/BTC,1563667550485,2019-07-21T00:05:50.485Z,sell,1.26e-05,1077.3,0.01357398
NAV/BTC,1563667556267,2019-07-21T00:05:56.267Z,sell,1.26e-05,295.34,0.0037212839999999
NAV/BTC,1563667556267,2019-07-21T00:05:56.267Z,sell,1.26e-05,295.34,0.0037212839999999
NAV/BTC,1563667726904,2019-07-21T00:08:46.904Z,buy,1.27e-05,222.07,0.002820289
NAV/BTC,1563667736932,2019-07-21T00:08:56.932Z,buy,1.27e-05,128.22,0.001628394
NAV/BTC,1563668128514,2019-07-21T00:15:28.514Z,sell,1.26e-05,102.7,0.00129402
NAV/BTC,1563669609841,2019-07-21T00:40:09.841Z,sell,1.26e-05,9.19,0.000115794
NAV/BTC,1563669696313,2019-07-21T00:41:36.313Z,buy,1.27e-05,74.22,0.000942594
NAV/BTC,1563669696313,2019-07-21T00:41:36.313Z,buy,1.27e-05,74.22,0.000942594
NAV/BTC,1563671528589,2019-07-21T01:12:08.589Z,sell,1.27e-05,46.58,0.000591566
NAV/BTC,1563671528654,2019-07-21T01:12:08.654Z,sell,1.27e-05,23.29,0.000295783
NAV/BTC,1563671528668,2019-07-21T01:12:08.668Z,sell,1.27e-05,2302.56,0.029242512
NAV/BTC,1563671528713,2019-07-21T01:12:08.713Z,sell,1.26e-05,23.29,0.0002934539999999
NAV/BTC,1563671660511,2019-07-21T01:14:20.511Z,sell,1.26e-05,9.99,0.000125874
NAV/BTC,1563672430761,2019-07-21T01:27:10.761Z,buy,1.27e-05,787.4,0.00999998
NAV/BTC,1563672430765,2019-07-21T01:27:10.765Z,buy,1.27e-05,3761.79,0.047774733
NAV/BTC,1563672433224,2019-07-21T01:27:13.224Z,sell,1.27e-05,365.83,0.004646041
NAV/BTC,1563672433224,2019-07-21T01:27:13.224Z,sell,1.26e-05,1209.13,0.015235038
NAV/BTC,1563673164488,2019-07-21T01:39:24.488Z,buy,1.28e-05,8.5,0.0001087999999999
NAV/BTC,1563673164488,2019-07-21T01:39:24.488Z,buy,1.28e-05,8.5,0.0001087999999999
NAV/BTC,1563673495621,2019-07-21T01:44:55.621Z,sell,1.26e-05,8.5,0.0001071
NAV/BTC,1563674234741,2019-07-21T01:57:14.741Z,sell,1.26e-05,9.93,0.000125118
NAV/BTC,1563674612579,2019-07-21T02:03:32.579Z,sell,1.26e-05,329.0,0.0041454
NAV/BTC,1563674903031,2019-07-21T02:08:23.031Z,sell,1.27e-05,772.0,0.0098044
NAV/BTC,1563674903446,2019-07-21T02:08:23.446Z,sell,1.27e-05,798.24,0.010137648
NAV/BTC,1563674913454,2019-07-21T02:08:33.454Z,sell,1.27e-05,201.76,0.002562352
NAV/BTC,1563675047810,2019-07-21T02:10:47.810Z,sell,1.27e-05,17.56,0.000223012
NAV/BTC,1563675327445,2019-07-21T02:15:27.445Z,buy,1.28e-05,22.34,0.0002859519999999
NAV/BTC,1563676215073,2019-07-21T02:30:15.073Z,sell,1.27e-05,1371.48,0.017417796
NAV/BTC,1563676215073,2019-07-21T02:30:15.073Z,sell,1.26e-05,5067.44,0.063849744
NAV/BTC,1563676215472,2019-07-21T02:30:15.472Z,sell,1.26e-05,8847.24,0.111475224
NAV/BTC,1563676215472,2019-07-21T02:30:15.472Z,sell,1.26e-05,8847.24,0.111475224
NAV/BTC,1563676768473,2019-07-21T02:39:28.473Z,sell,1.26e-05,1602.44,0.020190744
NAV/BTC,1563676768548,2019-07-21T02:39:28.548Z,buy,1.26e-05,23.29,0.0002934539999999
NAV/BTC,1563676768674,2019-07-21T02:39:28.674Z,buy,1.26e-05,13.82,0.000174132
NAV/BTC,1563676771172,2019-07-21T02:39:31.172Z,buy,1.26e-05,23.29,0.0002934539999999
NAV/BTC,1563676838549,2019-07-21T02:40:38.549Z,sell,1.26e-05,707.21,0.008910846
NAV/BTC,1563677074652,2019-07-21T02:44:34.652Z,sell,1.26e-05,23.29,0.0002934539999999
NAV/BTC,1563677852251,2019-07-21T02:57:32.251Z,sell,1.26e-05,23.29,0.0002934539999999
NAV/BTC,1563678182218,2019-07-21T03:03:02.218Z,sell,1.26e-05,674.0,0.0084923999999999
NAV/BTC,1563678183660,2019-07-21T03:03:03.660Z,sell,1.26e-05,17.9,0.0002255399999999
NAV/BTC,1563678183660,2019-07-21T03:03:03.660Z,sell,1.26e-05,17.9,0.0002255399999999
NAV/BTC,1563680158023,2019-07-21T03:35:58.023Z,sell,1.26e-05,655.39,0.008257914
NAV/BTC,1563680158047,2019-07-21T03:35:58.047Z,buy,1.26e-05,23.29,0.0002934539999999
NAV/BTC,1563680158112,2019-07-21T03:35:58.112Z,buy,1.26e-05,23.29,0.0002934539999999
NAV/BTC,1563680158174,2019-07-21T03:35:58.174Z,buy,1.26e-05,23.29,0.0002934539999999
NAV/BTC,1563680158174,2019-07-21T03:35:58.174Z,buy,1.26e-05,23.29,0.0002934539999999
NAV/BTC,1563680998785,2019-07-21T03:49:58.785Z,buy,1.26e-05,1812.42,0.022836492
NAV/BTC,1563681409042,2019-07-21T03:56:49.042Z,sell,1.26e-05,221.54,0.002791404
NAV/BTC,1563681409042,2019-07-21T03:56:49.042Z,sell,1.26e-05,221.54,0.002791404
NAV/BTC,1563682289316,2019-07-21T04:11:29.316Z,sell,1.26e-05,412.49,0.005197374
NAV/BTC,1563682524955,2019-07-21T04:15:24.955Z,buy,1.26e-05,8.0,0.0001008
NAV/BTC,1563683324579,2019-07-21T04:28:44.579Z,sell,1.25e-05,24.0,0.0003
NAV/BTC,1563683508587,2019-07-21T04:31:48.587Z,buy,1.26e-05,113.92,0.001435392
NAV/BTC,1563684421533,2019-07-21T04:47:01.533Z,buy,1.26e-05,23.29,0.0002934539999999
NAV/BTC,1563684421533,2019-07-21T04:47:01.533Z,buy,1.26e-05,23.29,0.0002934539999999
NAV/BTC,1563685296050,2019-07-21T05:01:36.050Z,sell,1.26e-05,1582.67,0.019941642
NAV/BTC,1563685296082,2019-07-21T05:01:36.082Z,buy,1.26e-05,27.0,0.0003402
NAV/BTC,1563685359485,2019-07-21T05:02:39.485Z,sell,1.25e-05,398.96,0.004987
NAV/BTC,1563685773293,2019-07-21T05:09:33.293Z,sell,1.26e-05,1797.42,0.022647492
NAV/BTC,1563685773329,2019-07-21T05:09:33.329Z,buy,1.26e-05,1797.42,0.022647492
NAV/BTC,1563685773362,2019-07-21T05:09:33.362Z,buy,1.26e-05,407.74,0.005137524
NAV/BTC,1563687325153,2019-07-21T05:35:25.153Z,sell,1.26e-05,498.51,0.006281226
NAV/BTC,1563687377813,2019-07-21T05:36:17.813Z,sell,1.26e-05,7307.22,0.092070972
NAV/BTC,1563687377813,2019-07-21T05:36:17.813Z,sell,1.26e-05,7307.22,0.092070972
NAV/BTC,1563688639091,2019-07-21T05:57:19.091Z,buy,1.27e-05,14.99,0.000190373
NAV/BTC,1563689875398,2019-07-21T06:17:55.398Z,buy,1.27e-05,190.42,0.002418334
NAV/BTC,1563689875398,2019-07-21T06:17:55.398Z,buy,1.27e-05,190.42,0.002418334
NAV/BTC,1563691278481,2019-07-21T06:41:18.481Z,sell,1.26e-05,87.09,0.001097334
NAV/BTC,1563691948472,2019-07-21T06:52:28.472Z,buy,1.27e-05,30.25,0.000384175
NAV/BTC,1563692239772,2019-07-21T06:57:19.772Z,buy,1.27e-05,13.59,0.000172593
NAV/BTC,1563692394084,2019-07-21T06:59:54.084Z,buy,1.27e-05,9209.25,0.116957475
NAV/BTC,1563692838091,2019-07-21T07:07:18.091Z,sell,1.26e-05,300.0,0.00378
NAV/BTC,1563692884083,2019-07-21T07:08:04.083Z,sell,1.26e-05,1199.57,0.0151145819999999
NAV/BTC,1563692884083,2019-07-21T07:08:04.083Z,sell,1.26e-05,1199.57,0.0151145819999999
NAV/BTC,1563693675633,2019-07-21T07:21:15.633Z,buy,1.27e-05,108.21,0.001374267
NAV/BTC,1563695131200,2019-07-21T07:45:31.200Z,buy,1.27e-05,4338.19,0.055095013
NAV/BTC,1563695168861,2019-07-21T07:46:08.861Z,buy,1.27e-05,787.4,0.00999998
NAV/BTC,1563695168861,2019-07-21T07:46:08.861Z,buy,1.27e-05,787.4,0.00999998
NAV/BTC,1563696508555,2019-07-21T08:08:28.555Z,sell,1.26e-05,27.0,0.0003402
NAV/BTC,1563696812281,2019-07-21T08:13:32.281Z,sell,1.26e-05,23.29,0.0002934539999999
NAV/BTC,1563696821682,2019-07-21T08:13:41.682Z,sell,1.26e-05,477.67,0.006018642
NAV/BTC,1563696918946,2019-07-21T08:15:18.946Z,buy,1.27e-05,10180.84,0.129296668
NAV/BTC,1563696919199,2019-07-21T08:15:19.199Z,sell,1.27e-05,17.92,0.000227584
NAV/BTC,1563696919256,2019-07-21T08:15:19.256Z,sell,1.27e-05,3067.62,0.038958774
NAV/BTC,1563696922944,2019-07-21T08:15:22.944Z,sell,1.27e-05,4333.86,0.055040022
NAV/BTC,1563696923105,2019-07-21T08:15:23.105Z,sell,1.27e-05,426.0,0.0054102
NAV/BTC,1563697051627,2019-07-21T08:17:31.627Z,sell,1.27e-05,23.29,0.000295783
NAV/BTC,1563697943541,2019-07-21T08:32:23.541Z,sell,1.27e-05,75.66,0.000960882
NAV/BTC,1563698610677,2019-07-21T08:43:30.677Z,buy,1.28e-05,78.75,0.001008
NAV/BTC,1563698610677,2019-07-21T08:43:30.677Z,buy,1.28e-05,78.75,0.001008
NAV/BTC,1563699088692,2019-07-21T08:51:28.692Z,sell,1.27e-05,114.51,0.001454277
NAV/BTC,1563699430849,2019-07-21T08:57:10.849Z,sell,1.27e-05,19.28,0.000244856
NAV/BTC,1563700438878,2019-07-21T09:13:58.878Z,sell,1.27e-05,731.75,0.009293225
NAV/BTC,1563701692426,2019-07-21T09:34:52.426Z,sell,1.27e-05,973.33,0.012361291
NAV/BTC,1563701692426,2019-07-21T09:34:52.426Z,sell,1.27e-05,973.33,0.012361291
NAV/BTC,1563702736648,2019-07-21T09:52:16.648Z,sell,1.27e-05,92.53,0.001175131
NAV/BTC,1563703537538,2019-07-21T10:05:37.538Z,buy,1.28e-05,3380.33,0.0432682239999999
NAV/BTC,1563703542590,2019-07-21T10:05:42.590Z,buy,1.28e-05,468.75,0.006
NAV/BTC,1563703906805,2019-07-21T10:11:46.805Z,sell,1.27e-05,91.25,0.001158875
NAV/BTC,1563703985806,2019-07-21T10:13:05.806Z,buy,1.28e-05,13.61,0.000174208
NAV/BTC,1563703992430,2019-07-21T10:13:12.430Z,buy,1.28e-05,13.59,0.0001739519999999
NAV/BTC,1563704031452,2019-07-21T10:13:51.452Z,buy,1.28e-05,69.83,0.000893824
NAV/BTC,1563704031701,2019-07-21T10:13:51.701Z,buy,1.28e-05,80.25,0.0010272
NAV/BTC,1563704181589,2019-07-21T10:16:21.589Z,buy,1.28e-05,1171.87,0.0149999359999999
NAV/BTC,1563704583179,2019-07-21T10:23:03.179Z,buy,1.28e-05,23.29,0.0002981119999999
NAV/BTC,1563704583179,2019-07-21T10:23:03.179Z,buy,1.28e-05,23.29,0.0002981119999999
NAV/BTC,1563705632021,2019-07-21T10:40:32.021Z,sell,1.27e-05,75.11,0.000953897
NAV/BTC,1563705840139,2019-07-21T10:44:00.139Z,sell,1.27e-05,775.03,0.009842881
NAV/BTC,1563705915052,2019-07-21T10:45:15.052Z,sell,1.27e-05,4529.93,0.057530111
NAV/BTC,1563707909010,2019-07-21T11:18:29.010Z,sell,1.27e-05,721.05,0.0091573349999999
NAV/BTC,1563707909010,2019-07-21T11:18:29.010Z,sell,1.27e-05,721.05,0.0091573349999999
NAV/BTC,1563708694061,2019-07-21T11:31:34.061Z,buy,1.28e-05,1493.98,0.019122944
NAV/BTC,1563708694104,2019-07-21T11:31:34.104Z,buy,1.28e-05,346.22,0.004431616
NAV/BTC,1563708816378,2019-07-21T11:33:36.378Z,sell,1.27e-05,411.7,0.00522859
NAV/BTC,1563709336878,2019-07-21T11:42:16.878Z,buy,1.28e-05,4185.57,0.0535752959999999
NAV/BTC,1563709886954,2019-07-21T11:51:26.954Z,buy,1.28e-05,316.6,0.00405248
NAV/BTC,1563710135541,2019-07-21T11:55:35.541Z,buy,1.28e-05,2658.12,0.034023936
NAV/BTC,1563710136232,2019-07-21T11:55:36.232Z,buy,1.28e-05,2658.25,0.0340255999999999
NAV/BTC,1563710137287,2019-07-21T11:55:37.287Z,buy,1.28e-05,447.7,0.00573056
NAV/BTC,1563711127592,2019-07-21T12:12:07.592Z,buy,1.29e-05,695.0,0.0089655
NAV/BTC,1563711132120,2019-07-21T12:12:12.120Z,buy,1.29e-05,465.12,0.006000048
NAV/BTC,1563711150638,2019-07-21T12:12:30.638Z,buy,1.29e-05,845.17,0.010902693
NAV/BTC,1563711189246,2019-07-21T12:13:09.246Z,sell,1.28e-05,885.74,0.011337472
NAV/BTC,1563711189246,2019-07-21T12:13:09.246Z,sell,1.27e-05,1267.26,0.016094202
NAV/BTC,1563711189755,2019-07-21T12:13:09.755Z,buy,1.28e-05,190.85,0.0024428799999999
NAV/BTC,1563711190392,2019-07-21T12:13:10.392Z,buy,1.28e-05,643.25,0.0082335999999999
NAV/BTC,1563711190494,2019-07-21T12:13:10.494Z,buy,1.28e-05,0.03,3.8400000000000005e-07
NAV/BTC,1563711192343,2019-07-21T12:13:12.343Z,sell,1.28e-05,119.69,0.0015320319999999
NAV/BTC,1563711480138,2019-07-21T12:18:00.138Z,sell,1.28e-05,239.39,0.003064192
NAV/BTC,1563711480138,2019-07-21T12:18:00.138Z,sell,1.27e-05,7697.11,0.097753297
NAV/BTC,1563711481073,2019-07-21T12:18:01.073Z,buy,1.28e-05,1148.54,0.014701312
NAV/BTC,1563711483425,2019-07-21T12:18:03.425Z,sell,1.27e-05,7670.28,0.097412556
NAV/BTC,1563711483425,2019-07-21T12:18:03.425Z,sell,1.26e-05,266.22,0.003354372
NAV/BTC,1563711484437,2019-07-21T12:18:04.437Z,buy,1.28e-05,240.0,0.003072
NAV/BTC,1563711484437,2019-07-21T12:18:04.437Z,buy,1.28e-05,240.0,0.003072
NAV/BTC,1563711930481,2019-07-21T12:25:30.481Z,sell,1.26e-05,170.14,0.002143764
NAV/BTC,1563712046199,2019-07-21T12:27:26.199Z,sell,1.27e-05,364.52,0.004629404
NAV/BTC,1563712069815,2019-07-21T12:27:49.815Z,buy,1.28e-05,39.07,0.000500096
NAV/BTC,1563712756943,2019-07-21T12:39:16.943Z,sell,1.27e-05,26.0,0.0003302
NAV/BTC,1563712914852,2019-07-21T12:41:54.852Z,sell,1.27e-05,316.28,0.004016756
NAV/BTC,1563713009444,2019-07-21T12:43:29.444Z,buy,1.27e-05,25.0,0.0003175
NAV/BTC,1563713148918,2019-07-21T12:45:48.918Z,buy,1.27e-05,399.59,0.005074793
NAV/BTC,1563713150492,2019-07-21T12:45:50.492Z,buy,1.27e-05,671.99,0.008534273
NAV/BTC,1563713152988,2019-07-21T12:45:52.988Z,buy,1.27e-05,412.49,0.005238623
NAV/BTC,1563713554793,2019-07-21T12:52:34.793Z,buy,1.27e-05,107.28,0.001362456
NAV/BTC,1563713641462,2019-07-21T12:54:01.462Z,buy,1.27e-05,451.33,0.005731891
NAV/BTC,1563713836790,2019-07-21T12:57:16.790Z,buy,1.27e-05,12.44,0.000157988
NAV/BTC,1563714119844,2019-07-21T13:01:59.844Z,buy,1.27e-05,1475.87,0.0187435489999999
NAV/BTC,1563714119844,2019-07-21T13:01:59.844Z,buy,1.27e-05,1475.87,0.0187435489999999
NAV/BTC,1563715264259,2019-07-21T13:21:04.259Z,sell,1.26e-05,76.61,0.000965286
NAV/BTC,1563715634144,2019-07-21T13:27:14.144Z,sell,1.26e-05,378.41,0.004767966
NAV/BTC,1563715687747,2019-07-21T13:28:07.747Z,sell,1.26e-05,378.41,0.004767966
NAV/BTC,1563715998695,2019-07-21T13:33:18.695Z,sell,1.26e-05,8239.18,0.103813668
NAV/BTC,1563715998695,2019-07-21T13:33:18.695Z,sell,1.26e-05,8239.18,0.103813668
NAV/BTC,1563717906467,2019-07-21T14:05:06.467Z,sell,1.26e-05,9.03,0.000113778
NAV/BTC,1563718259430,2019-07-21T14:10:59.430Z,buy,1.27e-05,2645.35,0.033595945
NAV/BTC,1563718260961,2019-07-21T14:11:00.961Z,buy,1.27e-05,3662.03,0.046507781
NAV/BTC,1563718285564,2019-07-21T14:11:25.564Z,buy,1.27e-05,85.21,0.001082167
NAV/BTC,1563718314866,2019-07-21T14:11:54.866Z,buy,1.27e-05,942.97,0.011975719
NAV/BTC,1563718341886,2019-07-21T14:12:21.886Z,buy,1.27e-05,100.0,0.00127
NAV/BTC,1563718342173,2019-07-21T14:12:22.173Z,buy,1.27e-05,3921.44,0.049802288
NAV/BTC,1563718347463,2019-07-21T14:12:27.463Z,buy,1.27e-05,443.1,0.00562737
NAV/BTC,1563718360072,2019-07-21T14:12:40.072Z,buy,1.27e-05,702.45,0.008921115
NAV/BTC,1563718361179,2019-07-21T14:12:41.179Z,buy,1.27e-05,8.79,0.0001116329999999
NAV/BTC,1563718361282,2019-07-21T14:12:41.282Z,buy,1.27e-05,8.52,0.000108204
NAV/BTC,1563718490101,2019-07-21T14:14:50.101Z,buy,1.27e-05,171.98,0.002184146
NAV/BTC,1563718677333,2019-07-21T14:17:57.333Z,buy,1.27e-05,24.17,0.000306959
NAV/BTC,1563718698191,2019-07-21T14:18:18.191Z,buy,1.27e-05,1021.0,0.0129667
NAV/BTC,1563718714592,2019-07-21T14:18:34.592Z,buy,1.27e-05,433.52,0.005505704
NAV/BTC,1563718715314,2019-07-21T14:18:35.314Z,buy,1.27e-05,3567.01,0.045301027
NAV/BTC,1563718715366,2019-07-21T14:18:35.366Z,sell,1.27e-05,360.99,0.004584573
NAV/BTC,1563718715374,2019-07-21T14:18:35.374Z,sell,1.27e-05,72.53,0.000921131
NAV/BTC,1563719237949,2019-07-21T14:27:17.949Z,buy,1.28e-05,20.0,0.000256
NAV/BTC,1563719370993,2019-07-21T14:29:30.993Z,buy,1.28e-05,15549.74,0.199036672
NAV/BTC,1563719376909,2019-07-21T14:29:36.909Z,buy,1.28e-05,468.75,0.006
NAV/BTC,1563719541955,2019-07-21T14:32:21.955Z,buy,1.28e-05,209.54,0.002682112
NAV/BTC,1563719541955,2019-07-21T14:32:21.955Z,buy,1.28e-05,209.54,0.002682112
NAV/BTC,1563719960184,2019-07-21T14:39:20.184Z,buy,1.28e-05,206.19,0.002639232
NAV/BTC,1563719969790,2019-07-21T14:39:29.790Z,buy,1.28e-05,204.95,0.00262336
NAV/BTC,1563720552038,2019-07-21T14:49:12.038Z,buy,1.28e-05,24.19,0.000309632
NAV/BTC,1563720793277,2019-07-21T14:53:13.277Z,sell,1.27e-05,1864.44,0.023678388
NAV/BTC,1563720793343,2019-07-21T14:53:13.343Z,buy,1.27e-05,21.58,0.000274066
NAV/BTC,1563720793368,2019-07-21T14:53:13.368Z,buy,1.27e-05,21.58,0.000274066
NAV/BTC,1563720813881,2019-07-21T14:53:33.881Z,buy,1.27e-05,11809.67,0.149982809
NAV/BTC,1563720813908,2019-07-21T14:53:33.908Z,buy,1.27e-05,3802.0,0.0482854
NAV/BTC,1563720813921,2019-07-21T14:53:33.921Z,buy,1.27e-05,0.07,8.890000000000001e-07
NAV/BTC,1563720950174,2019-07-21T14:55:50.174Z,buy,1.27e-05,28.57,0.000362839
NAV/BTC,1563720993420,2019-07-21T14:56:33.420Z,buy,1.28e-05,236.22,0.003023616
NAV/BTC,1563721031801,2019-07-21T14:57:11.801Z,sell,1.27e-05,14.17,0.000179959
NAV/BTC,1563721227773,2019-07-21T15:00:27.773Z,sell,1.27e-05,11170.04,0.141859508
NAV/BTC,1563721298737,2019-07-21T15:01:38.737Z,sell,1.26e-05,7768.28,0.0978803279999999
NAV/BTC,1563721416009,2019-07-21T15:03:36.009Z,buy,1.27e-05,598.42,0.007599934
NAV/BTC,1563721418328,2019-07-21T15:03:38.328Z,buy,1.27e-05,314.96,0.003999992
NAV/BTC,1563721419070,2019-07-21T15:03:39.070Z,buy,1.27e-05,314.96,0.003999992
NAV/BTC,1563721422932,2019-07-21T15:03:42.932Z,buy,1.27e-05,314.96,0.003999992
NAV/BTC,1563721549187,2019-07-21T15:05:49.187Z,buy,1.27e-05,555.29,0.007052183
NAV/BTC,1563721816696,2019-07-21T15:10:16.696Z,sell,1.27e-05,13.88,0.000176276
NAV/BTC,1563721816941,2019-07-21T15:10:16.941Z,buy,1.27e-05,103.91,0.001319657
NAV/BTC,1563721942082,2019-07-21T15:12:22.082Z,buy,1.28e-05,509.32,0.006519296
NAV/BTC,1563721961822,2019-07-21T15:12:41.822Z,buy,1.28e-05,100.05,0.00128064
NAV/BTC,1563722136129,2019-07-21T15:15:36.129Z,buy,1.28e-05,100.0,0.0012799999999999
NAV/BTC,1563722253180,2019-07-21T15:17:33.180Z,buy,1.28e-05,720.0,0.009216
NAV/BTC,1563722353073,2019-07-21T15:19:13.073Z,sell,1.27e-05,461.35,0.005859145
NAV/BTC,1563722436396,2019-07-21T15:20:36.396Z,sell,1.27e-05,1569.65,0.019934555
NAV/BTC,1563722461757,2019-07-21T15:21:01.757Z,sell,1.26e-05,8927.19,0.112482594
NAV/BTC,1563722462491,2019-07-21T15:21:02.491Z,buy,1.27e-05,2383.52,0.030270704
NAV/BTC,1563722465380,2019-07-21T15:21:05.380Z,buy,1.27e-05,104.35,0.001325245
NAV/BTC,1563722465380,2019-07-21T15:21:05.380Z,buy,1.27e-05,104.35,0.001325245
NAV/BTC,1563723167485,2019-07-21T15:32:47.485Z,buy,1.28e-05,171.19,0.002191232
NAV/BTC,1563723729383,2019-07-21T15:42:09.383Z,buy,1.28e-05,585.34,0.007492352
NAV/BTC,1563723875919,2019-07-21T15:44:35.919Z,sell,1.27e-05,2373.12,0.030138624
NAV/BTC,1563724354401,2019-07-21T15:52:34.401Z,buy,1.27e-05,283.38,0.003598926
NAV/BTC,1563724556840,2019-07-21T15:55:56.840Z,sell,1.27e-05,7795.36,0.099001072
NAV/BTC,1563724556840,2019-07-21T15:55:56.840Z,sell,1.26e-05,10176.42,0.128222892
NAV/BTC,1563724557464,2019-07-21T15:55:57.464Z,sell,1.27e-05,2200.0,0.02794
NAV/BTC,1563724641797,2019-07-21T15:57:21.797Z,buy,1.28e-05,13.88,0.000177664
NAV/BTC,1563724668737,2019-07-21T15:57:48.737Z,buy,1.28e-05,7.9,0.00010112
NAV/BTC,1563725387349,2019-07-21T16:09:47.349Z,buy,1.28e-05,1020.97,0.013068416
NAV/BTC,1563725455767,2019-07-21T16:10:55.767Z,buy,1.28e-05,482.23,0.006172544
NAV/BTC,1563725455767,2019-07-21T16:10:55.767Z,buy,1.28e-05,482.23,0.006172544
NAV/BTC,1563726513124,2019-07-21T16:28:33.124Z,sell,1.27e-05,190.23,0.002415921
NAV/BTC,1563726859564,2019-07-21T16:34:19.564Z,buy,1.28e-05,11740.63,0.150280064
NAV/BTC,1563726860005,2019-07-21T16:34:20.005Z,sell,1.28e-05,2352.12,0.0301071359999999
NAV/BTC,1563726873837,2019-07-21T16:34:33.837Z,sell,1.28e-05,7.94,0.000101632
NAV/BTC,1563726877533,2019-07-21T16:34:37.533Z,sell,1.28e-05,11.49,0.000147072
NAV/BTC,1563726878979,2019-07-21T16:34:38.979Z,buy,1.29e-05,465.12,0.006000048
NAV/BTC,1563727067146,2019-07-21T16:37:47.146Z,sell,1.28e-05,17.64,0.000225792
NAV/BTC,1563727352847,2019-07-21T16:42:32.847Z,sell,1.28e-05,23.29,0.0002981119999999
NAV/BTC,1563727938168,2019-07-21T16:52:18.168Z,buy,1.29e-05,680.62,0.008779998
NAV/BTC,1563728231999,2019-07-21T16:57:11.999Z,sell,1.28e-05,13.53,0.0001731839999999
NAV/BTC,1563728620295,2019-07-21T17:03:40.295Z,sell,1.28e-05,53.22,0.000681216
NAV/BTC,1563728968495,2019-07-21T17:09:28.495Z,sell,1.28e-05,3662.03,0.046873984
NAV/BTC,1563728968495,2019-07-21T17:09:28.495Z,sell,1.28e-05,3662.03,0.046873984
NAV/BTC,1563729057843,2019-07-21T17:10:57.843Z,sell,1.28e-05,595.0,0.0076159999999999
NAV/BTC,1563729157266,2019-07-21T17:12:37.266Z,sell,1.28e-05,987.87,0.012644736
NAV/BTC,1563729198872,2019-07-21T17:13:18.872Z,sell,1.28e-05,23.29,0.0002981119999999
NAV/BTC,1563729446049,2019-07-21T17:17:26.049Z,sell,1.28e-05,171.98,0.0022013439999999
NAV/BTC,1563730858055,2019-07-21T17:40:58.055Z,sell,1.28e-05,81.83,0.001047424
NAV/BTC,1563732488029,2019-07-21T18:08:08.029Z,buy,1.29e-05,282.0,0.0036378
NAV/BTC,1563732488029,2019-07-21T18:08:08.029Z,buy,1.29e-05,282.0,0.0036378
NAV/BTC,1563733010718,2019-07-21T18:16:50.718Z,sell,1.28e-05,335.18,0.004290304
NAV/BTC,1563734674958,2019-07-21T18:44:34.958Z,sell,1.28e-05,8349.25,0.1068703999999999
NAV/BTC,1563734930842,2019-07-21T18:48:50.842Z,sell,1.28e-05,437.87,0.005604736
NAV/BTC,1563734931077,2019-07-21T18:48:51.077Z,sell,1.28e-05,367.86,0.0047086079999999
NAV/BTC,1563734931077,2019-07-21T18:48:51.077Z,sell,1.28e-05,367.86,0.0047086079999999
NAV/BTC,1563736364861,2019-07-21T19:12:44.861Z,sell,1.28e-05,685.75,0.0087776
NAV/BTC,1563736371049,2019-07-21T19:12:51.049Z,sell,1.28e-05,257.5,0.003296
NAV/BTC,1563737281190,2019-07-21T19:28:01.190Z,sell,1.28e-05,94.61,0.001211008
NAV/BTC,1563737545142,2019-07-21T19:32:25.142Z,sell,1.28e-05,464.29,0.005942912
NAV/BTC,1563737552880,2019-07-21T19:32:32.880Z,sell,1.28e-05,264.79,0.003389312
NAV/BTC,1563737709925,2019-07-21T19:35:09.925Z,sell,1.28e-05,21.27,0.0002722559999999
NAV/BTC,1563737947718,2019-07-21T19:39:07.718Z,sell,1.28e-05,5444.23,0.0696861439999999
NAV/BTC,1563737947753,2019-07-21T19:39:07.753Z,buy,1.28e-05,23.29,0.0002981119999999
NAV/BTC,1563738020658,2019-07-21T19:40:20.658Z,sell,1.27e-05,314.95,0.003999865
NAV/BTC,1563738021071,2019-07-21T19:40:21.071Z,sell,1.27e-05,314.95,0.003999865
NAV/BTC,1563738025124,2019-07-21T19:40:25.124Z,sell,1.27e-05,314.95,0.003999865
NAV/BTC,1563738167919,2019-07-21T19:42:47.919Z,buy,1.28e-05,10.1,0.0001292799999999
NAV/BTC,1563738168072,2019-07-21T19:42:48.072Z,sell,1.28e-05,283.78,0.0036323839999999
NAV/BTC,1563738188622,2019-07-21T19:43:08.622Z,sell,1.28e-05,18.62,0.000238336
NAV/BTC,1563738188622,2019-07-21T19:43:08.622Z,sell,1.27e-05,13181.38,0.167403526
NAV/BTC,1563738350712,2019-07-21T19:45:50.712Z,sell,1.27e-05,118.65,0.001506855
NAV/BTC,1563738350746,2019-07-21T19:45:50.746Z,buy,1.27e-05,23.29,0.000295783
NAV/BTC,1563738350757,2019-07-21T19:45:50.757Z,buy,1.27e-05,23.29,0.000295783
NAV/BTC,1563738350788,2019-07-21T19:45:50.788Z,buy,1.27e-05,50.7,0.00064389
NAV/BTC,1563738392558,2019-07-21T19:46:32.558Z,sell,1.26e-05,96.58,0.001216908
NAV/BTC,1563738420668,2019-07-21T19:47:00.668Z,buy,1.28e-05,1752.37,0.022430336
NAV/BTC,1563738453802,2019-07-21T19:47:33.802Z,buy,1.28e-05,78.13,0.001000064
NAV/BTC,1563738454063,2019-07-21T19:47:34.063Z,buy,1.28e-05,78.13,0.001000064
NAV/BTC,1563738454063,2019-07-21T19:47:34.063Z,buy,1.28e-05,78.13,0.001000064
NAV/BTC,1563739038936,2019-07-21T19:57:18.936Z,buy,1.28e-05,8.95,0.0001145599999999
NAV/BTC,1563739038936,2019-07-21T19:57:18.936Z,buy,1.28e-05,8.95,0.0001145599999999
NAV/BTC,1563742715833,2019-07-21T20:58:35.833Z,buy,1.28e-05,23.29,0.0002981119999999
NAV/BTC,1563742716026,2019-07-21T20:58:36.026Z,buy,1.28e-05,23.29,0.0002981119999999
NAV/BTC,1563742725900,2019-07-21T20:58:45.900Z,buy,1.28e-05,2147.0,0.0274816
NAV/BTC,1563742725979,2019-07-21T20:58:45.979Z,buy,1.28e-05,249.18,0.003189504
NAV/BTC,1563742843792,2019-07-21T21:00:43.792Z,buy,1.28e-05,23.29,0.0002981119999999
NAV/BTC,1563742843792,2019-07-21T21:00:43.792Z,buy,1.28e-05,23.29,0.0002981119999999
NAV/BTC,1563743373665,2019-07-21T21:09:33.665Z,buy,1.28e-05,78.2,0.00100096
NAV/BTC,1563743380585,2019-07-21T21:09:40.585Z,buy,1.28e-05,1852.54,0.0237125119999999
NAV/BTC,1563745266523,2019-07-21T21:41:06.523Z,sell,1.28e-05,23.29,0.0002981119999999
NAV/BTC,1563745428918,2019-07-21T21:43:48.918Z,sell,1.28e-05,1113.5,0.0142528
NAV/BTC,1563745458120,2019-07-21T21:44:18.120Z,sell,1.28e-05,30.27,0.000387456
NAV/BTC,1563745961786,2019-07-21T21:52:41.786Z,sell,1.28e-05,119.57,0.001530496
NAV/BTC,1563746008449,2019-07-21T21:53:28.449Z,buy,1.28e-05,85.38,0.0010928639999999
NAV/BTC,1563746230910,2019-07-21T21:57:10.910Z,sell,1.28e-05,12.87,0.000164736
NAV/BTC,1563746230910,2019-07-21T21:57:10.910Z,sell,1.28e-05,12.87,0.000164736
NAV/BTC,1563746565079,2019-07-21T22:02:45.079Z,buy,1.29e-05,6125.76,0.079022304
NAV/BTC,1563746573348,2019-07-21T22:02:53.348Z,buy,1.29e-05,465.12,0.006000048
NAV/BTC,1563747003921,2019-07-21T22:10:03.921Z,sell,1.27e-05,407.1,0.00517017
NAV/BTC,1563747350207,2019-07-21T22:15:50.207Z,buy,1.28e-05,23.29,0.0002981119999999
NAV/BTC,1563748228145,2019-07-21T22:30:28.145Z,buy,1.29e-05,3800.0,0.04902
NAV/BTC,1563748241893,2019-07-21T22:30:41.893Z,buy,1.29e-05,465.12,0.006000048
NAV/BTC,1563748267646,2019-07-21T22:31:07.646Z,buy,1.29e-05,4197.26,0.054144654
NAV/BTC,1563748291029,2019-07-21T22:31:31.029Z,buy,1.29e-05,351.84,0.004538736
NAV/BTC,1563748291060,2019-07-21T22:31:31.060Z,sell,1.29e-05,1782.0,0.0229878
NAV/BTC,1563748291064,2019-07-21T22:31:31.064Z,sell,1.29e-05,0.31,3.999e-06
NAV/BTC,1563748291697,2019-07-21T22:31:31.697Z,sell,1.28e-05,10.96,0.000140288
NAV/BTC,1563749418404,2019-07-21T22:50:18.404Z,buy,1.29e-05,402.29,0.005189541
NAV/BTC,1563749418404,2019-07-21T22:50:18.404Z,buy,1.29e-05,1.57,2.0253e-05
NAV/BTC,1563749418404,2019-07-21T22:50:18.404Z,buy,1.29e-05,402.29,0.005189541
NAV/BTC,1563749418404,2019-07-21T22:50:18.404Z,buy,1.29e-05,1.57,2.0253e-05
NAV/BTC,1563750696470,2019-07-21T23:11:36.470Z,sell,1.28e-05,19.57,0.000250496
NAV/BTC,1563751447794,2019-07-21T23:24:07.794Z,sell,1.28e-05,32.85,0.00042048
NAV/BTC,1563751447794,2019-07-21T23:24:07.794Z,sell,1.28e-05,32.85,0.00042048
NAV/BTC,1563753272887,2019-07-21T23:54:32.887Z,sell,1.28e-05,46.58,0.0005962239999999
NAV/BTC,1563753273438,2019-07-21T23:54:33.438Z,sell,1.28e-05,2355.0,0.0301439999999999
NAV/BTC,1563754104120,2019-07-22T00:08:24.120Z,sell,1.28e-05,1557.8,0.0199398399999999
NAV/BTC,1563754136597,2019-07-22T00:08:56.597Z,sell,1.28e-05,574.22,0.007350016
NAV/BTC,1563754472893,2019-07-22T00:14:32.893Z,sell,1.28e-05,23.29,0.0002981119999999
NAV/BTC,1563754676022,2019-07-22T00:17:56.022Z,buy,1.29e-05,1589.2,0.02050068
NAV/BTC,1563754676074,2019-07-22T00:17:56.074Z,sell,1.29e-05,46.58,0.000600882
NAV/BTC,1563754676312,2019-07-22T00:17:56.312Z,sell,1.29e-05,23.29,0.000300441
NAV/BTC,1563754676367,2019-07-22T00:17:56.367Z,sell,1.29e-05,9.25,0.000119325
NAV/BTC,1563754676705,2019-07-22T00:17:56.705Z,sell,1.29e-05,11.04,0.000142416
NAV/BTC,1563754677443,2019-07-22T00:17:57.443Z,sell,1.29e-05,23.27,0.000300183
NAV/BTC,1563754694496,2019-07-22T00:18:14.496Z,sell,1.29e-05,183.26,0.002364054
NAV/BTC,1563754807428,2019-07-22T00:20:07.428Z,sell,1.29e-05,7.87,0.000101523
NAV/BTC,1563754807428,2019-07-22T00:20:07.428Z,sell,1.29e-05,7.87,0.000101523
NAV/BTC,1563755541138,2019-07-22T00:32:21.138Z,sell,1.29e-05,17.14,0.000221106
NAV/BTC,1563756038795,2019-07-22T00:40:38.795Z,sell,1.29e-05,12360.5,0.15945045
NAV/BTC,1563756040991,2019-07-22T00:40:40.991Z,sell,1.28e-05,637.61,0.008161408
NAV/BTC,1563757180115,2019-07-22T00:59:40.115Z,sell,1.28e-05,1744.27,0.022326656
NAV/BTC,1563757180115,2019-07-22T00:59:40.115Z,sell,1.28e-05,1744.27,0.022326656
NAV/BTC,1563762801131,2019-07-22T02:33:21.131Z,sell,1.28e-05,2642.7,0.03382656
NAV/BTC,1563762801131,2019-07-22T02:33:21.131Z,sell,1.28e-05,2642.7,0.03382656
NAV/BTC,1563764426280,2019-07-22T03:00:26.280Z,buy,1.29e-05,23.29,0.000300441
NAV/BTC,1563764857921,2019-07-22T03:07:37.921Z,sell,1.28e-05,784.66,0.0100436479999999
NAV/BTC,1563764857921,2019-07-22T03:07:37.921Z,sell,1.28e-05,784.66,0.0100436479999999
NAV/BTC,1563767017198,2019-07-22T03:43:37.198Z,buy,1.29e-05,1064.61,0.0137334689999999
NAV/BTC,1563767302103,2019-07-22T03:48:22.103Z,buy,1.29e-05,8.91,0.000114939
NAV/BTC,1563767730092,2019-07-22T03:55:30.092Z,sell,1.28e-05,127.03,0.001625984
NAV/BTC,1563767756072,2019-07-22T03:55:56.072Z,buy,1.29e-05,226.78,0.002925462
NAV/BTC,1563767756181,2019-07-22T03:55:56.181Z,sell,1.29e-05,23.29,0.000300441
NAV/BTC,1563767756195,2019-07-22T03:55:56.195Z,sell,1.29e-05,23.29,0.000300441
NAV/BTC,1563767756299,2019-07-22T03:55:56.299Z,sell,1.29e-05,23.29,0.000300441
NAV/BTC,1563767758888,2019-07-22T03:55:58.888Z,sell,1.29e-05,24.17,0.000311793
NAV/BTC,1563768138964,2019-07-22T04:02:18.964Z,sell,1.29e-05,1097.52,0.014158008
NAV/BTC,1563768144148,2019-07-22T04:02:24.148Z,sell,1.28e-05,154.19,0.001973632
NAV/BTC,1563768314132,2019-07-22T04:05:14.132Z,buy,1.29e-05,1659.79,0.021411291
NAV/BTC,1563768345481,2019-07-22T04:05:45.481Z,buy,1.29e-05,3729.57,0.048111453
NAV/BTC,1563768345481,2019-07-22T04:05:45.481Z,buy,1.29e-05,3729.57,0.048111453
NAV/BTC,1563768465284,2019-07-22T04:07:45.284Z,buy,1.29e-05,138.6,0.00178794
NAV/BTC,1563768475202,2019-07-22T04:07:55.202Z,buy,1.29e-05,250.59,0.003232611
NAV/BTC,1563768525084,2019-07-22T04:08:45.084Z,buy,1.3e-05,1352.74,0.01758562
NAV/BTC,1563768525107,2019-07-22T04:08:45.107Z,sell,1.3e-05,246.86,0.00320918
NAV/BTC,1563768525236,2019-07-22T04:08:45.236Z,sell,1.3e-05,566.09,0.00735917
NAV/BTC,1563768525238,2019-07-22T04:08:45.238Z,sell,1.3e-05,72.61,0.0009439299999999
NAV/BTC,1563768525269,2019-07-22T04:08:45.269Z,sell,1.3e-05,189.87,0.00246831
NAV/BTC,1563768525278,2019-07-22T04:08:45.278Z,sell,1.3e-05,246.75,0.0032077499999999
NAV/BTC,1563768525280,2019-07-22T04:08:45.280Z,sell,1.3e-05,474.71,0.00617123
NAV/BTC,1563768545513,2019-07-22T04:09:05.513Z,sell,1.29e-05,5388.58,0.069512682
NAV/BTC,1563768545559,2019-07-22T04:09:05.559Z,buy,1.29e-05,153.52,0.001980408
NAV/BTC,1563768545673,2019-07-22T04:09:05.673Z,buy,1.29e-05,219.82,0.002835678
NAV/BTC,1563768546856,2019-07-22T04:09:06.856Z,buy,1.29e-05,455.86,0.005880594
NAV/BTC,1563768571883,2019-07-22T04:09:31.883Z,sell,1.3e-05,23.29,0.0003027699999999
NAV/BTC,1563768571896,2019-07-22T04:09:31.896Z,sell,1.3e-05,54.56,0.00070928
NAV/BTC,1563768579102,2019-07-22T04:09:39.102Z,buy,1.3e-05,519.52,0.0067537599999999
NAV/BTC,1563768598869,2019-07-22T04:09:58.869Z,buy,1.3e-05,38.47,0.00050011
NAV/BTC,1563768688585,2019-07-22T04:11:28.585Z,buy,1.3e-05,461.54,0.00600002
NAV/BTC,1563768694540,2019-07-22T04:11:34.540Z,buy,1.3e-05,1397.19,0.01816347
NAV/BTC,1563768710903,2019-07-22T04:11:50.903Z,sell,1.3e-05,124.54,0.0016190199999999
NAV/BTC,1563768914450,2019-07-22T04:15:14.450Z,sell,1.3e-05,350.05,0.00455065
NAV/BTC,1563768996034,2019-07-22T04:16:36.034Z,buy,1.31e-05,29.13,0.000381603
NAV/BTC,1563770593753,2019-07-22T04:43:13.753Z,sell,1.29e-05,202.76,0.002615604
NAV/BTC,1563770872490,2019-07-22T04:47:52.490Z,buy,1.3e-05,130.55,0.00169715
NAV/BTC,1563770987448,2019-07-22T04:49:47.448Z,sell,1.29e-05,476.19,0.006142851
NAV/BTC,1563770987448,2019-07-22T04:49:47.448Z,sell,1.29e-05,476.19,0.006142851
NAV/BTC,1563772088612,2019-07-22T05:08:08.612Z,sell,1.29e-05,23.29,0.000300441
NAV/BTC,1563772514248,2019-07-22T05:15:14.248Z,sell,1.29e-05,10.09,0.000130161
NAV/BTC,1563773972764,2019-07-22T05:39:32.764Z,sell,1.29e-05,843.23,0.010877667
NAV/BTC,1563773972805,2019-07-22T05:39:32.805Z,sell,1.29e-05,1818.18,0.023454522
NAV/BTC,1563773972816,2019-07-22T05:39:32.816Z,sell,1.29e-05,1818.18,0.023454522
NAV/BTC,1563773972846,2019-07-22T05:39:32.846Z,sell,1.29e-05,5422.15,0.069945735
NAV/BTC,1563773972846,2019-07-22T05:39:32.846Z,sell,1.29e-05,5422.15,0.069945735
NAV/BTC,1563774804693,2019-07-22T05:53:24.693Z,buy,1.3e-05,138.38,0.0017989399999999
NAV/BTC,1563775424254,2019-07-22T06:03:44.254Z,buy,1.3e-05,7.88,0.0001024399999999
NAV/BTC,1563775752922,2019-07-22T06:09:12.922Z,buy,1.3e-05,139.0,0.0018069999999999
NAV/BTC,1563775752922,2019-07-22T06:09:12.922Z,buy,1.3e-05,139.0,0.0018069999999999
NAV/BTC,1563778278379,2019-07-22T06:51:18.379Z,sell,1.29e-05,23.29,0.000300441
NAV/BTC,1563778278379,2019-07-22T06:51:18.379Z,sell,1.29e-05,23.29,0.000300441
NAV/BTC,1563779630480,2019-07-22T07:13:50.480Z,buy,1.29e-05,79.61,0.001026969
NAV/BTC,1563780064180,2019-07-22T07:21:04.180Z,buy,1.29e-05,79.51,0.001025679
NAV/BTC,1563780175678,2019-07-22T07:22:55.678Z,buy,1.29e-05,2983.9,0.03849231
NAV/BTC,1563780175713,2019-07-22T07:22:55.713Z,sell,1.29e-05,327.08,0.004219332
NAV/BTC,1563780175763,2019-07-22T07:22:55.763Z,sell,1.29e-05,3925.0,0.0506325
NAV/BTC,1563780175872,2019-07-22T07:22:55.872Z,sell,1.29e-05,327.0,0.0042183
NAV/BTC,1563780192762,2019-07-22T07:23:12.762Z,sell,1.29e-05,9159.32,0.118155228
NAV/BTC,1563780192792,2019-07-22T07:23:12.792Z,buy,1.29e-05,23.29,0.000300441
NAV/BTC,1563780192808,2019-07-22T07:23:12.808Z,buy,1.29e-05,23.29,0.000300441
NAV/BTC,1563780193085,2019-07-22T07:23:13.085Z,buy,1.29e-05,23.29,0.000300441
NAV/BTC,1563780912701,2019-07-22T07:35:12.701Z,buy,1.29e-05,2561.16,0.033038964
NAV/BTC,1563780912701,2019-07-22T07:35:12.701Z,buy,1.3e-05,8550.72,0.1111593599999999
NAV/BTC,1563780912776,2019-07-22T07:35:12.776Z,sell,1.3e-05,46.58,0.0006055399999999
NAV/BTC,1563780912825,2019-07-22T07:35:12.825Z,sell,1.3e-05,669.49,0.00870337
NAV/BTC,1563780912917,2019-07-22T07:35:12.917Z,sell,1.3e-05,393.0,0.005109
NAV/BTC,1563780912964,2019-07-22T07:35:12.964Z,sell,1.3e-05,150.09,0.00195117
NAV/BTC,1563780985841,2019-07-22T07:36:25.841Z,sell,1.3e-05,23.83,0.0003097899999999
NAV/BTC,1563781035012,2019-07-22T07:37:15.012Z,buy,1.3e-05,208.42,0.0027094599999999
NAV/BTC,1563781078720,2019-07-22T07:37:58.720Z,buy,1.3e-05,31.0,0.000403
NAV/BTC,1563781104118,2019-07-22T07:38:24.118Z,buy,1.3e-05,0.14,1.82e-06
NAV/BTC,1563781104854,2019-07-22T07:38:24.854Z,sell,1.3e-05,30.86,0.0004011799999999
NAV/BTC,1563781126852,2019-07-22T07:38:46.852Z,sell,1.3e-05,766.21,0.00996073
NAV/BTC,1563781685312,2019-07-22T07:48:05.312Z,buy,1.3e-05,483.61,0.00628693
NAV/BTC,1563781685312,2019-07-22T07:48:05.312Z,buy,1.3e-05,483.61,0.00628693
NAV/BTC,1563781952054,2019-07-22T07:52:32.054Z,buy,1.3e-05,1449.58,0.0188445399999999
NAV/BTC,1563782231117,2019-07-22T07:57:11.117Z,sell,1.3e-05,12.96,0.00016848
NAV/BTC,1563782233100,2019-07-22T07:57:13.100Z,sell,1.3e-05,117.34,0.00152542
NAV/BTC,1563782325798,2019-07-22T07:58:45.798Z,sell,1.3e-05,117.33,0.00152529
NAV/BTC,1563782767215,2019-07-22T08:06:07.215Z,sell,1.3e-05,43.6,0.0005668
NAV/BTC,1563783003209,2019-07-22T08:10:03.209Z,sell,1.3e-05,163.0,0.002119
NAV/BTC,1563783684214,2019-07-22T08:21:24.214Z,sell,1.3e-05,19058.7,0.2477631
NAV/BTC,1563784676891,2019-07-22T08:37:56.891Z,buy,1.3e-05,105766.81,1.37496853
NAV/BTC,1563784677150,2019-07-22T08:37:57.150Z,buy,1.3e-05,1000.0,0.013
NAV/BTC,1563784677673,2019-07-22T08:37:57.673Z,buy,1.3e-05,764.72,0.00994136
NAV/BTC,1563784684873,2019-07-22T08:38:04.873Z,buy,1.31e-05,7.71,0.000101001
NAV/BTC,1563784758784,2019-07-22T08:39:18.784Z,buy,1.31e-05,15572.16,0.203995296
NAV/BTC,1563784762299,2019-07-22T08:39:22.299Z,buy,1.31e-05,1565.79,0.020511849
NAV/BTC,1563784764026,2019-07-22T08:39:24.026Z,buy,1.32e-05,157.98,0.002085336
NAV/BTC,1563784766857,2019-07-22T08:39:26.857Z,sell,1.3e-05,489.36,0.00636168
NAV/BTC,1563784767828,2019-07-22T08:39:27.828Z,buy,1.3e-05,2897.96,0.0376734799999999
NAV/BTC,1563784770827,2019-07-22T08:39:30.827Z,buy,1.3e-05,489.0,0.006357
NAV/BTC,1563784770827,2019-07-22T08:39:30.827Z,buy,1.3e-05,0.36,4.679999999999999e-06
NAV/BTC,1563784775076,2019-07-22T08:39:35.076Z,buy,1.31e-05,6389.86,0.083707166
NAV/BTC,1563784837876,2019-07-22T08:40:37.876Z,sell,1.3e-05,11630.43,0.15119559
NAV/BTC,1563784838509,2019-07-22T08:40:38.509Z,buy,1.3e-05,488.23,0.00634699
NAV/BTC,1563784878305,2019-07-22T08:41:18.305Z,buy,1.3e-05,933.78,0.01213914
NAV/BTC,1563784878305,2019-07-22T08:41:18.305Z,buy,1.31e-05,2480.92,0.032500052
NAV/BTC,1563784887170,2019-07-22T08:41:27.170Z,buy,1.32e-05,83.33,0.001099956
NAV/BTC,1563785067267,2019-07-22T08:44:27.267Z,buy,1.32e-05,3663.21,0.048354372
NAV/BTC,1563785153352,2019-07-22T08:45:53.352Z,buy,1.32e-05,454.55,0.00600006
NAV/BTC,1563785177381,2019-07-22T08:46:17.381Z,buy,1.31e-05,9.09,0.000119079
NAV/BTC,1563785177381,2019-07-22T08:46:17.381Z,buy,1.31e-05,9.09,0.000119079
NAV/BTC,1563785341628,2019-07-22T08:49:01.628Z,buy,1.31e-05,22.9,0.00029999
NAV/BTC,1563785452740,2019-07-22T08:50:52.740Z,buy,1.31e-05,618.18,0.008098158
NAV/BTC,1563785577407,2019-07-22T08:52:57.407Z,buy,1.31e-05,7.64,0.000100084
NAV/BTC,1563786045558,2019-07-22T09:00:45.558Z,sell,1.3e-05,3972.0,0.0516359999999999
NAV/BTC,1563786049853,2019-07-22T09:00:49.853Z,sell,1.3e-05,398.0,0.005174
NAV/BTC,1563786149485,2019-07-22T09:02:29.485Z,buy,1.31e-05,1053.86,0.0138055659999999
NAV/BTC,1563786256529,2019-07-22T09:04:16.529Z,sell,1.3e-05,23.29,0.0003027699999999
NAV/BTC,1563786314225,2019-07-22T09:05:14.225Z,sell,1.3e-05,37.71,0.00049023
NAV/BTC,1563786586456,2019-07-22T09:09:46.456Z,sell,1.3e-05,114.65,0.00149045
NAV/BTC,1563786697919,2019-07-22T09:11:37.919Z,sell,1.3e-05,404.84,0.0052629199999999
NAV/BTC,1563786806836,2019-07-22T09:13:26.836Z,sell,1.3e-05,3977.04,0.0517015199999999
NAV/BTC,1563786822323,2019-07-22T09:13:42.323Z,sell,1.3e-05,786.68,0.01022684
NAV/BTC,1563786851319,2019-07-22T09:14:11.319Z,sell,1.3e-05,39.32,0.00051116
NAV/BTC,1563786856320,2019-07-22T09:14:16.320Z,sell,1.3e-05,71.83,0.0009337899999999
NAV/BTC,1563786857329,2019-07-22T09:14:17.329Z,sell,1.3e-05,70.45,0.00091585
NAV/BTC,1563787567945,2019-07-22T09:26:07.945Z,buy,1.31e-05,360.3,0.00471993
NAV/BTC,1563787893792,2019-07-22T09:31:33.792Z,sell,1.3e-05,77.71,0.0010102299999999
NAV/BTC,1563787893792,2019-07-22T09:31:33.792Z,sell,1.3e-05,77.71,0.0010102299999999
NAV/BTC,1563788832690,2019-07-22T09:47:12.690Z,buy,1.31e-05,3649.34,0.047806354
NAV/BTC,1563789298395,2019-07-22T09:54:58.395Z,buy,1.31e-05,5301.99,0.069456069
NAV/BTC,1563789298441,2019-07-22T09:54:58.441Z,sell,1.31e-05,45.21,0.000592251
NAV/BTC,1563789526307,2019-07-22T09:58:46.307Z,sell,1.31e-05,15.06,0.000197286
NAV/BTC,1563789630912,2019-07-22T10:00:30.912Z,sell,1.31e-05,20.0,0.0002619999999999
NAV/BTC,1563789748662,2019-07-22T10:02:28.662Z,sell,1.31e-05,23.29,0.000305099
NAV/BTC,1563789836838,2019-07-22T10:03:56.838Z,sell,1.31e-05,702.45,0.009202095
NAV/BTC,1563790018645,2019-07-22T10:06:58.645Z,sell,1.31e-05,23.26,0.000304706
NAV/BTC,1563790018865,2019-07-22T10:06:58.865Z,sell,1.31e-05,93.51,0.001224981
NAV/BTC,1563790018900,2019-07-22T10:06:58.900Z,sell,1.31e-05,23.29,0.000305099
NAV/BTC,1563790019291,2019-07-22T10:06:59.291Z,sell,1.31e-05,23.29,0.000305099
NAV/BTC,1563790060107,2019-07-22T10:07:40.107Z,sell,1.31e-05,16.29,0.000213399
NAV/BTC,1563790307030,2019-07-22T10:11:47.030Z,sell,1.31e-05,138.81,0.001818411
NAV/BTC,1563790561009,2019-07-22T10:16:01.009Z,buy,1.32e-05,150.0,0.00198
NAV/BTC,1563790646750,2019-07-22T10:17:26.750Z,buy,1.32e-05,836.92,0.011047344
NAV/BTC,1563790987000,2019-07-22T10:23:07.000Z,buy,1.32e-05,3696.19,0.048789708
NAV/BTC,1563791491142,2019-07-22T10:31:31.142Z,buy,1.32e-05,12060.0,0.159192
NAV/BTC,1563791491142,2019-07-22T10:31:31.142Z,buy,1.32e-05,12060.0,0.159192
NAV/BTC,1563791910265,2019-07-22T10:38:30.265Z,buy,1.33e-05,17307.89,0.230194937
NAV/BTC,1563791914518,2019-07-22T10:38:34.518Z,sell,1.32e-05,414.02,0.005465064
NAV/BTC,1563791915868,2019-07-22T10:38:35.868Z,buy,1.33e-05,7.6,0.0001010799999999
NAV/BTC,1563791915893,2019-07-22T10:38:35.893Z,sell,1.32e-05,22.9,0.00030228
NAV/BTC,1563791925420,2019-07-22T10:38:45.420Z,sell,1.31e-05,2133.28,0.027945968
NAV/BTC,1563791934610,2019-07-22T10:38:54.610Z,sell,1.31e-05,3484.53,0.045647343
NAV/BTC,1563791935901,2019-07-22T10:38:55.901Z,buy,1.32e-05,1893.28,0.024991296
NAV/BTC,1563791935901,2019-07-22T10:38:55.901Z,buy,1.33e-05,1963.66,0.026116678
NAV/BTC,1563791950053,2019-07-22T10:39:10.053Z,sell,1.32e-05,240.0,0.003168
NAV/BTC,1563792100248,2019-07-22T10:41:40.248Z,buy,1.33e-05,608.27,0.008089991
NAV/BTC,1563792112990,2019-07-22T10:41:52.990Z,buy,1.33e-05,547.44,0.007280952
NAV/BTC,1563792302768,2019-07-22T10:45:02.768Z,sell,1.32e-05,181.67,0.002398044
NAV/BTC,1563792302794,2019-07-22T10:45:02.794Z,sell,1.32e-05,211.05,0.00278586
NAV/BTC,1563792308931,2019-07-22T10:45:08.931Z,sell,1.32e-05,23.29,0.000307428
NAV/BTC,1563792383073,2019-07-22T10:46:23.073Z,buy,1.33e-05,451.13,0.006000029
NAV/BTC,1563792605466,2019-07-22T10:50:05.466Z,buy,1.33e-05,7.6,0.0001010799999999
NAV/BTC,1563793034245,2019-07-22T10:57:14.245Z,sell,1.32e-05,14.61,0.000192852
NAV/BTC,1563793873124,2019-07-22T11:11:13.124Z,sell,1.32e-05,72.29,0.000954228
NAV/BTC,1563793952408,2019-07-22T11:12:32.408Z,sell,1.32e-05,273.2,0.00360624
NAV/BTC,1563793952408,2019-07-22T11:12:32.408Z,sell,1.31e-05,526.8,0.0069010799999999
NAV/BTC,1563794044496,2019-07-22T11:14:04.496Z,buy,1.33e-05,37.6,0.00050008
NAV/BTC,1563794100840,2019-07-22T11:15:00.840Z,buy,1.33e-05,8.05,0.000107065
NAV/BTC,1563794415285,2019-07-22T11:20:15.285Z,buy,1.32e-05,8.24,0.000108768
NAV/BTC,1563794947786,2019-07-22T11:29:07.786Z,sell,1.31e-05,8.35,0.000109385
NAV/BTC,1563794947786,2019-07-22T11:29:07.786Z,sell,1.31e-05,8.35,0.000109385
NAV/BTC,1563795321110,2019-07-22T11:35:21.110Z,sell,1.31e-05,7.86,0.000102966
NAV/BTC,1563795332410,2019-07-22T11:35:32.410Z,sell,1.31e-05,8.41,0.000110171
NAV/BTC,1563795551056,2019-07-22T11:39:11.056Z,buy,1.32e-05,23.29,0.000307428
NAV/BTC,1563795891973,2019-07-22T11:44:51.973Z,sell,1.31e-05,150.0,0.001965
NAV/BTC,1563796012222,2019-07-22T11:46:52.222Z,sell,1.31e-05,1309.63,0.017156153
NAV/BTC,1563796012222,2019-07-22T11:46:52.222Z,sell,1.3e-05,1895.43,0.02464059
NAV/BTC,1563796012222,2019-07-22T11:46:52.222Z,sell,1.29e-05,6048.75,0.078028875
NAV/BTC,1563796012242,2019-07-22T11:46:52.242Z,buy,1.29e-05,592.0,0.0076368
NAV/BTC,1563796012250,2019-07-22T11:46:52.250Z,buy,1.29e-05,2214.19,0.028563051
NAV/BTC,1563796012274,2019-07-22T11:46:52.274Z,buy,1.3e-05,474.07,0.00616291
NAV/BTC,1563796012392,2019-07-22T11:46:52.392Z,sell,1.3e-05,366.62,0.00476606
NAV/BTC,1563796012438,2019-07-22T11:46:52.438Z,buy,1.29e-05,363.24,0.004685796
NAV/BTC,1563796012438,2019-07-22T11:46:52.438Z,buy,1.29e-05,121.08,0.001561932
NAV/BTC,1563796012737,2019-07-22T11:46:52.737Z,buy,1.3e-05,240.0,0.00312
NAV/BTC,1563796014476,2019-07-22T11:46:54.476Z,sell,1.29e-05,116.07,0.001497303
NAV/BTC,1563796014526,2019-07-22T11:46:54.526Z,buy,1.29e-05,490.51,0.006327579
NAV/BTC,1563796014527,2019-07-22T11:46:54.527Z,buy,1.29e-05,180.82,0.002332578
NAV/BTC,1563796015479,2019-07-22T11:46:55.479Z,sell,1.29e-05,126.75,0.001635075
NAV/BTC,1563796015628,2019-07-22T11:46:55.628Z,sell,1.29e-05,105.66,0.001363014
NAV/BTC,1563796017795,2019-07-22T11:46:57.795Z,sell,1.29e-05,322.57,0.004161153
NAV/BTC,1563796018135,2019-07-22T11:46:58.135Z,sell,1.29e-05,121.08,0.001561932
NAV/BTC,1563796018248,2019-07-22T11:46:58.248Z,sell,1.29e-05,94.63,0.001220727
NAV/BTC,1563796019462,2019-07-22T11:46:59.462Z,sell,1.29e-05,161.77,0.002086833
NAV/BTC,1563796019464,2019-07-22T11:46:59.464Z,sell,1.29e-05,53.93,0.000695697
NAV/BTC,1563796022431,2019-07-22T11:47:02.431Z,sell,1.28e-05,96.87,0.001239936
NAV/BTC,1563796024019,2019-07-22T11:47:04.019Z,sell,1.28e-05,1210.03,0.015488384
NAV/BTC,1563796025558,2019-07-22T11:47:05.558Z,buy,1.3e-05,23.83,0.0003097899999999
NAV/BTC,1563796095709,2019-07-22T11:48:15.709Z,sell,1.29e-05,72.34,0.000933186
NAV/BTC,1563796103763,2019-07-22T11:48:23.763Z,sell,1.29e-05,828.21,0.010683909
NAV/BTC,1563796103984,2019-07-22T11:48:23.984Z,sell,1.29e-05,1470.68,0.018971772
NAV/BTC,1563796108733,2019-07-22T11:48:28.733Z,buy,1.3e-05,92.24,0.00119912
NAV/BTC,1563796134087,2019-07-22T11:48:54.087Z,sell,1.29e-05,1171.87,0.0151171229999999
NAV/BTC,1563796474397,2019-07-22T11:54:34.397Z,buy,1.3e-05,762.02,0.0099062599999999
NAV/BTC,1563796474803,2019-07-22T11:54:34.803Z,buy,1.3e-05,1439.78,0.01871714
NAV/BTC,1563796474990,2019-07-22T11:54:34.990Z,buy,1.3e-05,1143.03,0.0148593899999999
NAV/BTC,1563796506210,2019-07-22T11:55:06.210Z,buy,1.31e-05,5773.84,0.075637304
NAV/BTC,1563796530247,2019-07-22T11:55:30.247Z,sell,1.3e-05,23.29,0.0003027699999999
NAV/BTC,1563796530451,2019-07-22T11:55:30.451Z,sell,1.3e-05,23.29,0.0003027699999999
NAV/BTC,1563796532520,2019-07-22T11:55:32.520Z,buy,1.31e-05,10.63,0.000139253
NAV/BTC,1563796648761,2019-07-22T11:57:28.761Z,buy,1.31e-05,11.07,0.000145017
NAV/BTC,1563796820695,2019-07-22T12:00:20.695Z,sell,1.3e-05,367.0,0.004771
NAV/BTC,1563797017020,2019-07-22T12:03:37.020Z,sell,1.3e-05,718.39,0.00933907
NAV/BTC,1563797017020,2019-07-22T12:03:37.020Z,sell,1.29e-05,5055.45,0.065215305
NAV/BTC,1563797020170,2019-07-22T12:03:40.170Z,buy,1.3e-05,1954.68,0.02541084
NAV/BTC,1563797229352,2019-07-22T12:07:09.352Z,buy,1.31e-05,83.96,0.0010998759999999
NAV/BTC,1563797394714,2019-07-22T12:09:54.714Z,sell,1.3e-05,11.54,0.0001500199999999
NAV/BTC,1563797670586,2019-07-22T12:14:30.586Z,buy,1.31e-05,2046.28,0.026806268
NAV/BTC,1563798165270,2019-07-22T12:22:45.270Z,sell,1.3e-05,12.02,0.00015626
NAV/BTC,1563798165270,2019-07-22T12:22:45.270Z,sell,1.3e-05,12.02,0.00015626
NAV/BTC,1563799391775,2019-07-22T12:43:11.775Z,sell,1.3e-05,13775.65,0.1790834499999999
NAV/BTC,1563799392266,2019-07-22T12:43:12.266Z,buy,1.3e-05,125.29,0.00162877
NAV/BTC,1563799844936,2019-07-22T12:50:44.936Z,sell,1.29e-05,9557.17,0.123287493
NAV/BTC,1563799998752,2019-07-22T12:53:18.752Z,sell,1.3e-05,23.29,0.0003027699999999
NAV/BTC,1563800143418,2019-07-22T12:55:43.418Z,buy,1.31e-05,7200.0,0.09432
NAV/BTC,1563800251608,2019-07-22T12:57:31.608Z,buy,1.31e-05,7.71,0.000101001
NAV/BTC,1563800765096,2019-07-22T13:06:05.096Z,sell,1.3e-05,374.0,0.004862
NAV/BTC,1563800765096,2019-07-22T13:06:05.096Z,sell,1.3e-05,374.0,0.004862
NAV/BTC,1563802096695,2019-07-22T13:28:16.695Z,buy,1.31e-05,1635.85,0.021429635
NAV/BTC,1563802132143,2019-07-22T13:28:52.143Z,buy,1.31e-05,27.72,0.000363132
NAV/BTC,1563802322823,2019-07-22T13:32:02.823Z,buy,1.31e-05,3821.72,0.0500645319999999
NAV/BTC,1563802472993,2019-07-22T13:34:32.993Z,buy,1.31e-05,33.58,0.000439898
NAV/BTC,1563802529791,2019-07-22T13:35:29.791Z,buy,1.31e-05,3656.98,0.047906438
NAV/BTC,1563802539232,2019-07-22T13:35:39.232Z,buy,1.31e-05,50.9,0.00066679
NAV/BTC,1563802544404,2019-07-22T13:35:44.404Z,sell,1.3e-05,5843.0,0.075959
NAV/BTC,1563802554720,2019-07-22T13:35:54.720Z,buy,1.31e-05,139.96,0.001833476
NAV/BTC,1563802605951,2019-07-22T13:36:45.951Z,buy,1.31e-05,89.38,0.001170878
NAV/BTC,1563802606066,2019-07-22T13:36:46.066Z,buy,1.31e-05,13.54,0.000177374
NAV/BTC,1563803111307,2019-07-22T13:45:11.307Z,buy,1.31e-05,2949.47,0.0386380569999999
NAV/BTC,1563803206478,2019-07-22T13:46:46.478Z,buy,1.31e-05,7.64,0.000100084
NAV/BTC,1563803215231,2019-07-22T13:46:55.231Z,sell,1.3e-05,8.4,0.0001092
NAV/BTC,1563803316773,2019-07-22T13:48:36.773Z,sell,1.3e-05,302.4,0.0039311999999999
NAV/BTC,1563803535678,2019-07-22T13:52:15.678Z,buy,1.31e-05,76.36,0.001000316
NAV/BTC,1563803555427,2019-07-22T13:52:35.427Z,sell,1.3e-05,27.16,0.00035308
NAV/BTC,1563803614983,2019-07-22T13:53:34.983Z,sell,1.3e-05,447.79,0.00582127
NAV/BTC,1563803686563,2019-07-22T13:54:46.563Z,buy,1.31e-05,78.57,0.001029267
NAV/BTC,1563803686683,2019-07-22T13:54:46.683Z,buy,1.31e-05,78.62,0.001029922
NAV/BTC,1563803843933,2019-07-22T13:57:23.933Z,buy,1.31e-05,15.28,0.000200168
NAV/BTC,1563804012133,2019-07-22T14:00:12.133Z,buy,1.31e-05,308.78,0.004045018
NAV/BTC,1563804012175,2019-07-22T14:00:12.175Z,sell,1.31e-05,46.58,0.000610198
NAV/BTC,1563804012310,2019-07-22T14:00:12.310Z,sell,1.31e-05,119.36,0.0015636159999999
NAV/BTC,1563804014250,2019-07-22T14:00:14.250Z,sell,1.31e-05,23.27,0.0003048369999999
NAV/BTC,1563804056639,2019-07-22T14:00:56.639Z,buy,1.32e-05,15711.77,0.207395364
NAV/BTC,1563804059411,2019-07-22T14:00:59.411Z,buy,1.32e-05,1550.64,0.020468448
NAV/BTC,1563804062730,2019-07-22T14:01:02.730Z,sell,1.32e-05,276.3,0.00364716
NAV/BTC,1563804063260,2019-07-22T14:01:03.260Z,buy,1.33e-05,82.7,0.00109991
NAV/BTC,1563804069592,2019-07-22T14:01:09.592Z,buy,1.33e-05,451.13,0.006000029
NAV/BTC,1563804071365,2019-07-22T14:01:11.365Z,buy,1.33e-05,155.97,0.002074401
NAV/BTC,1563804110843,2019-07-22T14:01:50.843Z,sell,1.32e-05,23.29,0.000307428
NAV/BTC,1563804110843,2019-07-22T14:01:50.843Z,sell,1.32e-05,23.29,0.000307428
NAV/BTC,1563804838073,2019-07-22T14:13:58.073Z,buy,1.33e-05,1707.91,0.022715203
NAV/BTC,1563804906041,2019-07-22T14:15:06.041Z,buy,1.33e-05,2348.9,0.03124037
NAV/BTC,1563804907179,2019-07-22T14:15:07.179Z,sell,1.33e-05,534.12,0.007103796
NAV/BTC,1563804911629,2019-07-22T14:15:11.629Z,sell,1.32e-05,78.13,0.001031316
NAV/BTC,1563804920681,2019-07-22T14:15:20.681Z,sell,1.32e-05,21.47,0.000283404
NAV/BTC,1563804980956,2019-07-22T14:16:20.956Z,buy,1.34e-05,7.54,0.000101036
NAV/BTC,1563805175076,2019-07-22T14:19:35.076Z,buy,1.33e-05,7.6,0.0001010799999999
NAV/BTC,1563805205201,2019-07-22T14:20:05.201Z,sell,1.32e-05,103.57,0.001367124
NAV/BTC,1563805205264,2019-07-22T14:20:05.264Z,buy,1.32e-05,22.3,0.00029436
NAV/BTC,1563805205710,2019-07-22T14:20:05.710Z,buy,1.32e-05,240.25,0.0031713
NAV/BTC,1563805329838,2019-07-22T14:22:09.838Z,buy,1.32e-05,7.58,0.000100056
NAV/BTC,1563805418696,2019-07-22T14:23:38.696Z,buy,1.32e-05,757.57,0.009999924
NAV/BTC,1563805534375,2019-07-22T14:25:34.375Z,sell,1.31e-05,449.04,0.005882424
NAV/BTC,1563805657407,2019-07-22T14:27:37.407Z,sell,1.31e-05,1910.99,0.025033969
NAV/BTC,1563805657445,2019-07-22T14:27:37.445Z,buy,1.31e-05,23.29,0.000305099
NAV/BTC,1563805657497,2019-07-22T14:27:37.497Z,buy,1.31e-05,23.29,0.000305099
NAV/BTC,1563805658601,2019-07-22T14:27:38.601Z,buy,1.31e-05,1506.25,0.019731875
NAV/BTC,1563805659037,2019-07-22T14:27:39.037Z,sell,1.3e-05,2582.81,0.03357653
NAV/BTC,1563805660906,2019-07-22T14:27:40.906Z,buy,1.31e-05,1667.39,0.021842809
NAV/BTC,1563805704216,2019-07-22T14:28:24.216Z,buy,1.31e-05,423.3,0.00554523
NAV/BTC,1563805739492,2019-07-22T14:28:59.492Z,sell,1.31e-05,610.58,0.007998598
NAV/BTC,1563805941070,2019-07-22T14:32:21.070Z,sell,1.31e-05,63.0,0.0008253
NAV/BTC,1563806128591,2019-07-22T14:35:28.591Z,buy,1.32e-05,102.27,0.001349964
NAV/BTC,1563806199983,2019-07-22T14:36:39.983Z,buy,1.32e-05,1503.78,0.019849896
NAV/BTC,1563806319727,2019-07-22T14:38:39.727Z,buy,1.32e-05,204.54,0.002699928
NAV/BTC,1563806335693,2019-07-22T14:38:55.693Z,buy,1.32e-05,2394.67,0.031609644
NAV/BTC,1563806413726,2019-07-22T14:40:13.726Z,sell,1.31e-05,6980.21,0.091440751
NAV/BTC,1563806413726,2019-07-22T14:40:13.726Z,sell,1.3e-05,8556.47,0.1112341099999999
NAV/BTC,1563806415195,2019-07-22T14:40:15.195Z,buy,1.31e-05,371.11,0.004861541
NAV/BTC,1563806448692,2019-07-22T14:40:48.692Z,buy,1.31e-05,23.29,0.000305099
NAV/BTC,1563806448813,2019-07-22T14:40:48.813Z,buy,1.31e-05,23.29,0.000305099
NAV/BTC,1563806450640,2019-07-22T14:40:50.640Z,buy,1.31e-05,29.82,0.000390642
NAV/BTC,1563806471330,2019-07-22T14:41:11.330Z,buy,1.31e-05,974.15,0.012761365
NAV/BTC,1563806644430,2019-07-22T14:44:04.430Z,sell,1.3e-05,23.29,0.0003027699999999
NAV/BTC,1563806698845,2019-07-22T14:44:58.845Z,sell,1.3e-05,99.0,0.001287
NAV/BTC,1563806712483,2019-07-22T14:45:12.483Z,sell,1.3e-05,440.86,0.00573118
NAV/BTC,1563806743400,2019-07-22T14:45:43.400Z,sell,1.3e-05,3957.29,0.0514447699999999
NAV/BTC,1563806749217,2019-07-22T14:45:49.217Z,sell,1.3e-05,157.98,0.0020537399999999
NAV/BTC,1563806757078,2019-07-22T14:45:57.078Z,sell,1.3e-05,1778.42,0.0231194599999999
NAV/BTC,1563806757325,2019-07-22T14:45:57.325Z,sell,1.3e-05,2507.72,0.0326003599999999
NAV/BTC,1563806757369,2019-07-22T14:45:57.369Z,buy,1.3e-05,23.29,0.0003027699999999
NAV/BTC,1563806757440,2019-07-22T14:45:57.440Z,buy,1.3e-05,23.29,0.0003027699999999
NAV/BTC,1563806758656,2019-07-22T14:45:58.656Z,buy,1.3e-05,86.62,0.00112606
NAV/BTC,1563806766562,2019-07-22T14:46:06.562Z,buy,1.3e-05,38.47,0.00050011
NAV/BTC,1563806880079,2019-07-22T14:48:00.079Z,buy,1.3e-05,23.29,0.0003027699999999
NAV/BTC,1563806898451,2019-07-22T14:48:18.451Z,sell,1.29e-05,169.71,0.002189259
NAV/BTC,1563806898488,2019-07-22T14:48:18.488Z,buy,1.29e-05,75.89,0.000978981
NAV/BTC,1563806898508,2019-07-22T14:48:18.508Z,buy,1.29e-05,75.89,0.000978981
NAV/BTC,1563806898848,2019-07-22T14:48:18.848Z,buy,1.29e-05,1388.71,0.017914359
NAV/BTC,1563806899812,2019-07-22T14:48:19.812Z,sell,1.29e-05,31.72,0.000409188
NAV/BTC,1563806902016,2019-07-22T14:48:22.016Z,buy,1.29e-05,812.0,0.0104748
NAV/BTC,1563806902851,2019-07-22T14:48:22.851Z,buy,1.29e-05,775.88,0.010008852
NAV/BTC,1563807009090,2019-07-22T14:50:09.090Z,buy,1.29e-05,8.34,0.000107586
NAV/BTC,1563807066574,2019-07-22T14:51:06.574Z,sell,1.28e-05,97.23,0.001244544
NAV/BTC,1563807070441,2019-07-22T14:51:10.441Z,sell,1.28e-05,75.89,0.000971392
NAV/BTC,1563807098433,2019-07-22T14:51:38.433Z,sell,1.28e-05,1778.42,0.022763776
NAV/BTC,1563807171447,2019-07-22T14:52:51.447Z,sell,1.28e-05,442.65,0.00566592
NAV/BTC,1563807173941,2019-07-22T14:52:53.941Z,sell,1.28e-05,1697.21,0.0217242879999999
NAV/BTC,1563807183410,2019-07-22T14:53:03.410Z,sell,1.28e-05,4359.72,0.055804416
NAV/BTC,1563807195776,2019-07-22T14:53:15.776Z,sell,1.28e-05,575.64,0.0073681919999999
NAV/BTC,1563807432528,2019-07-22T14:57:12.528Z,sell,1.27e-05,2729.68,0.034666936
NAV/BTC,1563807432554,2019-07-22T14:57:12.554Z,buy,1.27e-05,41.94,0.000532638
NAV/BTC,1563807432557,2019-07-22T14:57:12.557Z,buy,1.27e-05,1267.0,0.0160909
NAV/BTC,1563807432557,2019-07-22T14:57:12.557Z,buy,1.27e-05,48.76,0.000619252
NAV/BTC,1563807432568,2019-07-22T14:57:12.568Z,buy,1.27e-05,590.55,0.007499985
NAV/BTC,1563807453707,2019-07-22T14:57:33.707Z,buy,1.28e-05,16.27,0.0002082559999999
NAV/BTC,1563807672839,2019-07-22T15:01:12.839Z,buy,1.28e-05,694.37,0.0088879359999999
NAV/BTC,1563807673164,2019-07-22T15:01:13.164Z,sell,1.28e-05,23.29,0.0002981119999999
NAV/BTC,1563807688497,2019-07-22T15:01:28.497Z,buy,1.29e-05,9.38,0.000121002
NAV/BTC,1563807706671,2019-07-22T15:01:46.671Z,sell,1.28e-05,420.0,0.005376
NAV/BTC,1563807706671,2019-07-22T15:01:46.671Z,sell,1.28e-05,420.0,0.005376
NAV/BTC,1563807825651,2019-07-22T15:03:45.651Z,sell,1.28e-05,2184.65,0.02796352
NAV/BTC,1563808698210,2019-07-22T15:18:18.210Z,sell,1.28e-05,2940.14,0.037633792
NAV/BTC,1563808700339,2019-07-22T15:18:20.339Z,buy,1.29e-05,312.74,0.004034346
NAV/BTC,1563808700345,2019-07-22T15:18:20.345Z,buy,1.29e-05,412.42,0.005320218
NAV/BTC,1563808701243,2019-07-22T15:18:21.243Z,buy,1.29e-05,34.33,0.000442857
NAV/BTC,1563809257716,2019-07-22T15:27:37.716Z,buy,1.29e-05,78.29,0.001009941
NAV/BTC,1563809335106,2019-07-22T15:28:55.106Z,sell,1.28e-05,152.31,0.001949568
NAV/BTC,1563809337046,2019-07-22T15:28:57.046Z,buy,1.3e-05,34.92,0.00045396
NAV/BTC,1563809452196,2019-07-22T15:30:52.196Z,buy,1.3e-05,246.66,0.0032065799999999
NAV/BTC,1563809453803,2019-07-22T15:30:53.803Z,sell,1.29e-05,23.29,0.000300441
NAV/BTC,1563809453819,2019-07-22T15:30:53.819Z,sell,1.29e-05,23.29,0.000300441
NAV/BTC,1563809455717,2019-07-22T15:30:55.717Z,sell,1.29e-05,23.27,0.000300183
NAV/BTC,1563809456223,2019-07-22T15:30:56.223Z,sell,1.29e-05,1429.81,0.018444549
NAV/BTC,1563809549659,2019-07-22T15:32:29.659Z,buy,1.29e-05,209.3,0.00269997
NAV/BTC,1563809728256,2019-07-22T15:35:28.256Z,buy,1.29e-05,104.65,0.001349985
NAV/BTC,1563810055059,2019-07-22T15:40:55.059Z,buy,1.29e-05,354.27,0.004570083
NAV/BTC,1563810055095,2019-07-22T15:40:55.095Z,sell,1.29e-05,575.0,0.0074175
NAV/BTC,1563810055135,2019-07-22T15:40:55.135Z,sell,1.29e-05,80.73,0.001041417
NAV/BTC,1563810284449,2019-07-22T15:44:44.449Z,sell,1.28e-05,10173.25,0.1302176
NAV/BTC,1563810284472,2019-07-22T15:44:44.472Z,buy,1.28e-05,23.29,0.0002981119999999
NAV/BTC,1563810284560,2019-07-22T15:44:44.560Z,buy,1.28e-05,23.29,0.0002981119999999
NAV/BTC,1563810314150,2019-07-22T15:45:14.150Z,buy,1.28e-05,851.23,0.0108957439999999
NAV/BTC,1563810314278,2019-07-22T15:45:14.278Z,buy,1.28e-05,33.32,0.000426496
NAV/BTC,1563810361082,2019-07-22T15:46:01.082Z,sell,1.27e-05,30539.21,0.387847967
NAV/BTC,1563810361107,2019-07-22T15:46:01.107Z,buy,1.27e-05,23.29,0.000295783
NAV/BTC,1563810361121,2019-07-22T15:46:01.121Z,buy,1.27e-05,79.36,0.001007872
NAV/BTC,1563810361166,2019-07-22T15:46:01.166Z,buy,1.27e-05,23.29,0.000295783
NAV/BTC,1563810361170,2019-07-22T15:46:01.170Z,buy,1.27e-05,23.29,0.000295783
NAV/BTC,1563810361265,2019-07-22T15:46:01.265Z,buy,1.27e-05,79.25,0.001006475
NAV/BTC,1563810361271,2019-07-22T15:46:01.271Z,buy,1.27e-05,1480.76,0.018805652
NAV/BTC,1563810363483,2019-07-22T15:46:03.483Z,sell,1.27e-05,79.28,0.001006856
NAV/BTC,1563810364851,2019-07-22T15:46:04.851Z,buy,1.28e-05,544.07,0.006964096
NAV/BTC,1563810406733,2019-07-22T15:46:46.733Z,buy,1.28e-05,36.0,0.0004608
NAV/BTC,1563810406983,2019-07-22T15:46:46.983Z,buy,1.28e-05,300.0,0.0038399999999999
NAV/BTC,1563810406987,2019-07-22T15:46:46.987Z,buy,1.28e-05,2900.0,0.03712
NAV/BTC,1563810406988,2019-07-22T15:46:46.988Z,buy,1.28e-05,2600.0,0.03328
NAV/BTC,1563810431589,2019-07-22T15:47:11.589Z,buy,1.29e-05,9418.7,0.12150123
NAV/BTC,1563810431622,2019-07-22T15:47:11.622Z,sell,1.29e-05,1339.0,0.0172731
NAV/BTC,1563810431629,2019-07-22T15:47:11.629Z,sell,1.29e-05,239.39,0.003088131
NAV/BTC,1563810431631,2019-07-22T15:47:11.631Z,sell,1.29e-05,46.58,0.000600882
NAV/BTC,1563810431701,2019-07-22T15:47:11.701Z,sell,1.29e-05,69.87,0.000901323
NAV/BTC,1563810431784,2019-07-22T15:47:11.784Z,sell,1.29e-05,1691.0,0.0218139
NAV/BTC,1563810433052,2019-07-22T15:47:13.052Z,sell,1.28e-05,110.92,0.001419776
NAV/BTC,1563810448404,2019-07-22T15:47:28.404Z,sell,1.28e-05,163.0,0.0020864
NAV/BTC,1563810513562,2019-07-22T15:48:33.562Z,buy,1.29e-05,1461.34,0.018851286
NAV/BTC,1563810577285,2019-07-22T15:49:37.285Z,buy,1.29e-05,371.5,0.00479235
NAV/BTC,1563810577462,2019-07-22T15:49:37.462Z,sell,1.29e-05,834.5,0.01076505
NAV/BTC,1563810577994,2019-07-22T15:49:37.994Z,sell,1.29e-05,236.33,0.003048657
NAV/BTC,1563810578993,2019-07-22T15:49:38.993Z,sell,1.29e-05,371.5,0.00479235
NAV/BTC,1563810646795,2019-07-22T15:50:46.795Z,buy,1.29e-05,7751.93,0.099999897
NAV/BTC,1563811019463,2019-07-22T15:56:59.463Z,sell,1.28e-05,5040.09,0.064513152
NAV/BTC,1563811019463,2019-07-22T15:56:59.463Z,sell,1.27e-05,7751.98,0.098450146
NAV/BTC,1563811020200,2019-07-22T15:57:00.200Z,buy,1.28e-05,23.29,0.0002981119999999
NAV/BTC,1563811020280,2019-07-22T15:57:00.280Z,buy,1.28e-05,23.29,0.0002981119999999
NAV/BTC,1563811216122,2019-07-22T16:00:16.122Z,buy,1.28e-05,798.3,0.0102182399999999
NAV/BTC,1563811302061,2019-07-22T16:01:42.061Z,buy,1.28e-05,913.46,0.011692288
NAV/BTC,1563811302061,2019-07-22T16:01:42.061Z,buy,1.28e-05,913.46,0.011692288
NAV/BTC,1563811310178,2019-07-22T16:01:50.178Z,buy,1.28e-05,75.49,0.0009662719999999
NAV/BTC,1563811318251,2019-07-22T16:01:58.251Z,buy,1.28e-05,78.9,0.00100992
NAV/BTC,1563811338255,2019-07-22T16:02:18.255Z,sell,1.27e-05,4713.77,0.059864879
NAV/BTC,1563811350773,2019-07-22T16:02:30.773Z,buy,1.28e-05,249.17,0.003189376
NAV/BTC,1563811444336,2019-07-22T16:04:04.336Z,buy,1.28e-05,20.77,0.0002658559999999
NAV/BTC,1563811444336,2019-07-22T16:04:04.336Z,buy,1.29e-05,133.77,0.001725633
NAV/BTC,1563811715436,2019-07-22T16:08:35.436Z,sell,1.28e-05,23.29,0.0002981119999999
NAV/BTC,1563811774722,2019-07-22T16:09:34.722Z,buy,1.29e-05,8.47,0.000109263
NAV/BTC,1563811832719,2019-07-22T16:10:32.719Z,buy,1.28e-05,7.84,0.0001003519999999
NAV/BTC,1563811837009,2019-07-22T16:10:37.009Z,buy,1.28e-05,2222.2,0.0284441599999999
NAV/BTC,1563812371423,2019-07-22T16:19:31.423Z,buy,1.28e-05,3964.03,0.050739584
NAV/BTC,1563812371544,2019-07-22T16:19:31.544Z,sell,1.28e-05,23.29,0.0002981119999999
NAV/BTC,1563812475802,2019-07-22T16:21:15.802Z,buy,1.29e-05,4405.18,0.056826822
NAV/BTC,1563812574147,2019-07-22T16:22:54.147Z,buy,1.29e-05,767.44,0.009899976
NAV/BTC,1563812575269,2019-07-22T16:22:55.269Z,buy,1.29e-05,77.51,0.000999879
NAV/BTC,1563812575336,2019-07-22T16:22:55.336Z,buy,1.29e-05,77.51,0.000999879
NAV/BTC,1563813017341,2019-07-22T16:30:17.341Z,sell,1.28e-05,97.07,0.0012424959999999
NAV/BTC,1563813068463,2019-07-22T16:31:08.463Z,buy,1.29e-05,35.05,0.000452145
NAV/BTC,1563813667943,2019-07-22T16:41:07.943Z,buy,1.29e-05,89.31,0.001152099
NAV/BTC,1563813771800,2019-07-22T16:42:51.800Z,sell,1.28e-05,3031.04,0.038797312
NAV/BTC,1563814104248,2019-07-22T16:48:24.248Z,buy,1.28e-05,614.64,0.0078673919999999
NAV/BTC,1563814538223,2019-07-22T16:55:38.223Z,buy,1.28e-05,763.35,0.00977088
NAV/BTC,1563814538223,2019-07-22T16:55:38.223Z,buy,1.29e-05,7371.93,0.095097897
NAV/BTC,1563814538260,2019-07-22T16:55:38.260Z,sell,1.29e-05,842.66,0.0108703139999999
NAV/BTC,1563814538296,2019-07-22T16:55:38.296Z,sell,1.29e-05,1608.38,0.020748102
NAV/BTC,1563814538434,2019-07-22T16:55:38.434Z,sell,1.29e-05,2785.82,0.035937078
NAV/BTC,1563814539157,2019-07-22T16:55:39.157Z,sell,1.29e-05,2785.75,0.035936175
NAV/BTC,1563814539274,2019-07-22T16:55:39.274Z,sell,1.29e-05,334.85,0.004319565
NAV/BTC,1563814539481,2019-07-22T16:55:39.481Z,sell,1.29e-05,126.17,0.001627593
NAV/BTC,1563814541269,2019-07-22T16:55:41.269Z,sell,1.29e-05,665.15,0.0085804349999999
NAV/BTC,1563814559722,2019-07-22T16:55:59.722Z,buy,1.3e-05,126.16,0.00164008
NAV/BTC,1563814576062,2019-07-22T16:56:16.062Z,sell,1.29e-05,10574.11,0.136406019
NAV/BTC,1563814600460,2019-07-22T16:56:40.460Z,buy,1.29e-05,2912.66,0.037573314
NAV/BTC,1563814611703,2019-07-22T16:56:51.703Z,buy,1.29e-05,3238.0,0.0417702
NAV/BTC,1563814633096,2019-07-22T16:57:13.096Z,buy,1.29e-05,232.55,0.002999895
NAV/BTC,1563814634005,2019-07-22T16:57:14.005Z,sell,1.28e-05,13.39,0.000171392
NAV/BTC,1563814647881,2019-07-22T16:57:27.881Z,buy,1.29e-05,13.39,0.000172731
NAV/BTC,1563814664740,2019-07-22T16:57:44.740Z,buy,1.3e-05,4772.77,0.06204601
NAV/BTC,1563814669975,2019-07-22T16:57:49.975Z,buy,1.3e-05,236.89,0.00307957
NAV/BTC,1563814731906,2019-07-22T16:58:51.906Z,buy,1.3e-05,218.51,0.00284063
NAV/BTC,1563814744960,2019-07-22T16:59:04.960Z,buy,1.3e-05,949.98,0.01234974
NAV/BTC,1563814753027,2019-07-22T16:59:13.027Z,buy,1.3e-05,230.57,0.00299741
NAV/BTC,1563814763890,2019-07-22T16:59:23.890Z,buy,1.3e-05,2762.1,0.0359072999999999
NAV/BTC,1563814809272,2019-07-22T17:00:09.272Z,buy,1.3e-05,2903.85,0.0377500499999999
NAV/BTC,1563814878411,2019-07-22T17:01:18.411Z,buy,1.3e-05,900.0,0.0116999999999999
NAV/BTC,1563814878411,2019-07-22T17:01:18.411Z,buy,1.3e-05,900.0,0.0116999999999999
NAV/BTC,1563814935746,2019-07-22T17:02:15.746Z,buy,1.3e-05,1381.2,0.0179556
NAV/BTC,1563815028357,2019-07-22T17:03:48.357Z,buy,1.3e-05,769.23,0.00999999
NAV/BTC,1563815169449,2019-07-22T17:06:09.449Z,buy,1.3e-05,339.82,0.0044176599999999
NAV/BTC,1563815454082,2019-07-22T17:10:54.082Z,buy,1.3e-05,221.28,0.0028766399999999
NAV/BTC,1563815715306,2019-07-22T17:15:15.306Z,sell,1.29e-05,23.29,0.000300441
NAV/BTC,1563815719607,2019-07-22T17:15:19.607Z,sell,1.29e-05,156.25,0.002015625
NAV/BTC,1563815737383,2019-07-22T17:15:37.383Z,sell,1.29e-05,910.52,0.011745708
NAV/BTC,1563815741814,2019-07-22T17:15:41.814Z,sell,1.29e-05,949.03,0.012242487
NAV/BTC,1563815756259,2019-07-22T17:15:56.259Z,sell,1.29e-05,2243.24,0.028937796
NAV/BTC,1563815757708,2019-07-22T17:15:57.708Z,sell,1.29e-05,45.2,0.00058308
NAV/BTC,1563815759879,2019-07-22T17:15:59.879Z,sell,1.29e-05,65.37,0.000843273
NAV/BTC,1563815820753,2019-07-22T17:17:00.753Z,buy,1.29e-05,23.29,0.000300441
NAV/BTC,1563815846255,2019-07-22T17:17:26.255Z,sell,1.28e-05,164.0,0.0020992
NAV/BTC,1563815889720,2019-07-22T17:18:09.720Z,sell,1.28e-05,2900.0,0.03712
NAV/BTC,1563815889720,2019-07-22T17:18:09.720Z,sell,1.28e-05,3009.46,0.038521088
NAV/BTC,1563815889760,2019-07-22T17:18:09.760Z,buy,1.28e-05,23.29,0.0002981119999999
NAV/BTC,1563815889800,2019-07-22T17:18:09.800Z,buy,1.28e-05,23.29,0.0002981119999999
NAV/BTC,1563815889994,2019-07-22T17:18:09.994Z,buy,1.28e-05,23.29,0.0002981119999999
NAV/BTC,1563815891642,2019-07-22T17:18:11.642Z,buy,1.28e-05,2332.62,0.0298575359999999
NAV/BTC,1563817010890,2019-07-22T17:36:50.890Z,buy,1.28e-05,4950.53,0.063366784
NAV/BTC,1563817011051,2019-07-22T17:36:51.051Z,sell,1.28e-05,23.29,0.0002981119999999
NAV/BTC,1563817056399,2019-07-22T17:37:36.399Z,buy,1.29e-05,5274.89,0.068046081
NAV/BTC,1563817059146,2019-07-22T17:37:39.146Z,buy,1.29e-05,2782.9,0.03589941
NAV/BTC,1563817059221,2019-07-22T17:37:39.221Z,sell,1.29e-05,46.58,0.000600882
NAV/BTC,1563817059725,2019-07-22T17:37:39.725Z,sell,1.29e-05,34.92,0.000450468
NAV/BTC,1563817060628,2019-07-22T17:37:40.628Z,sell,1.29e-05,35.05,0.000452145
NAV/BTC,1563817078822,2019-07-22T17:37:58.822Z,buy,1.3e-05,2944.3,0.0382759
NAV/BTC,1563817081551,2019-07-22T17:38:01.551Z,buy,1.3e-05,153.85,0.0020000499999999
NAV/BTC,1563817082425,2019-07-22T17:38:02.425Z,buy,1.3e-05,2208.23,0.0287069899999999
NAV/BTC,1563817084965,2019-07-22T17:38:04.965Z,buy,1.3e-05,1656.17,0.02153021
NAV/BTC,1563817097066,2019-07-22T17:38:17.066Z,buy,1.3e-05,76.93,0.00100009
NAV/BTC,1563817111439,2019-07-22T17:38:31.439Z,buy,1.3e-05,78.63,0.0010221899999999
NAV/BTC,1563817120537,2019-07-22T17:38:40.537Z,buy,1.3e-05,102.63,0.0013341899999999
NAV/BTC,1563817151684,2019-07-22T17:39:11.684Z,buy,1.3e-05,1177.58,0.0153085399999999
NAV/BTC,1563817157127,2019-07-22T17:39:17.127Z,buy,1.3e-05,883.18,0.0114813399999999
NAV/BTC,1563817160744,2019-07-22T17:39:20.744Z,buy,1.3e-05,662.39,0.0086110699999999
NAV/BTC,1563817216089,2019-07-22T17:40:16.089Z,buy,1.3e-05,15.63,0.0002031899999999
NAV/BTC,1563817221993,2019-07-22T17:40:21.993Z,buy,1.3e-05,16.32,0.00021216
NAV/BTC,1563817292928,2019-07-22T17:41:32.928Z,sell,1.29e-05,82.6,0.00106554
NAV/BTC,1563817311292,2019-07-22T17:41:51.292Z,buy,1.3e-05,16.02,0.00020826
NAV/BTC,1563817369274,2019-07-22T17:42:49.274Z,buy,1.3e-05,16.32,0.00021216
NAV/BTC,1563817459042,2019-07-22T17:44:19.042Z,sell,1.29e-05,2035.48,0.026257692
NAV/BTC,1563817459073,2019-07-22T17:44:19.073Z,buy,1.29e-05,911.04,0.011752416
NAV/BTC,1563817490593,2019-07-22T17:44:50.593Z,buy,1.3e-05,16.0,0.000208
NAV/BTC,1563817527898,2019-07-22T17:45:27.898Z,buy,1.3e-05,20.2,0.0002626
NAV/BTC,1563817687057,2019-07-22T17:48:07.057Z,sell,1.29e-05,220.77,0.002847933
NAV/BTC,1563817690154,2019-07-22T17:48:10.154Z,buy,1.3e-05,18.88,0.00024544
NAV/BTC,1563817811037,2019-07-22T17:50:11.037Z,buy,1.3e-05,17.32,0.00022516
NAV/BTC,1563818032554,2019-07-22T17:53:52.554Z,buy,1.3e-05,2208.79,0.0287142699999999
NAV/BTC,1563818230644,2019-07-22T17:57:10.644Z,buy,1.3e-05,4360.8,0.0566904
NAV/BTC,1563818230660,2019-07-22T17:57:10.660Z,sell,1.3e-05,508.7,0.0066130999999999
NAV/BTC,1563818230826,2019-07-22T17:57:10.826Z,sell,1.3e-05,73.74,0.0009586199999999
NAV/BTC,1563818233933,2019-07-22T17:57:13.933Z,sell,1.3e-05,7.86,0.00010218
NAV/BTC,1563818236399,2019-07-22T17:57:16.399Z,sell,1.3e-05,23.29,0.0003027699999999
NAV/BTC,1563818246511,2019-07-22T17:57:26.511Z,buy,1.31e-05,16.0,0.0002096
NAV/BTC,1563818247130,2019-07-22T17:57:27.130Z,buy,1.31e-05,9.16,0.000119996
NAV/BTC,1563818292934,2019-07-22T17:58:12.934Z,buy,1.31e-05,15.63,0.000204753
NAV/BTC,1563818367773,2019-07-22T17:59:27.773Z,buy,1.31e-05,16.09,0.000210779
NAV/BTC,1563818367773,2019-07-22T17:59:27.773Z,buy,1.31e-05,16.09,0.000210779
NAV/BTC,1563818485629,2019-07-22T18:01:25.629Z,sell,1.3e-05,80.81,0.00105053
NAV/BTC,1563818511008,2019-07-22T18:01:51.008Z,buy,1.31e-05,15.63,0.000204753
NAV/BTC,1563819683023,2019-07-22T18:21:23.023Z,buy,1.31e-05,21.87,0.000286497
NAV/BTC,1563819791172,2019-07-22T18:23:11.172Z,sell,1.3e-05,21535.84,0.27996592
NAV/BTC,1563819791189,2019-07-22T18:23:11.189Z,buy,1.3e-05,23.29,0.0003027699999999
NAV/BTC,1563819791356,2019-07-22T18:23:11.356Z,buy,1.3e-05,1660.38,0.02158494
NAV/BTC,1563819792654,2019-07-22T18:23:12.654Z,sell,1.3e-05,373.68,0.0048578399999999
NAV/BTC,1563819812841,2019-07-22T18:23:32.841Z,sell,1.29e-05,373.67,0.004820343
NAV/BTC,1563819821966,2019-07-22T18:23:41.966Z,sell,1.3e-05,23.29,0.0003027699999999
NAV/BTC,1563819828596,2019-07-22T18:23:48.596Z,sell,1.3e-05,1510.71,0.01963923
NAV/BTC,1563819828644,2019-07-22T18:23:48.644Z,buy,1.3e-05,695.87,0.00904631
NAV/BTC,1563819853603,2019-07-22T18:24:13.603Z,sell,1.3e-05,89.37,0.0011618099999999
NAV/BTC,1563819856307,2019-07-22T18:24:16.307Z,buy,1.31e-05,90.0,0.001179
NAV/BTC,1563819895392,2019-07-22T18:24:55.392Z,sell,1.3e-05,1440.26,0.0187233799999999
NAV/BTC,1563820164085,2019-07-22T18:29:24.085Z,buy,1.3e-05,2.84,3.692e-05
NAV/BTC,1563820472684,2019-07-22T18:34:32.684Z,buy,1.3e-05,2.43,3.159e-05
NAV/BTC,1563820897760,2019-07-22T18:41:37.760Z,buy,1.3e-05,823.78,0.0107091399999999
NAV/BTC,1563821053208,2019-07-22T18:44:13.208Z,sell,1.29e-05,98.78,0.001274262
NAV/BTC,1563821143169,2019-07-22T18:45:43.169Z,sell,1.29e-05,27.1,0.00034959
NAV/BTC,1563821383806,2019-07-22T18:49:43.806Z,sell,1.29e-05,809.51,0.010442679
NAV/BTC,1563821383806,2019-07-22T18:49:43.806Z,sell,1.29e-05,809.51,0.010442679
NAV/BTC,1563822283905,2019-07-22T19:04:43.905Z,sell,1.29e-05,89.37,0.001152873
NAV/BTC,1563822480929,2019-07-22T19:08:00.929Z,sell,1.29e-05,627.89,0.008099781
NAV/BTC,1563823539046,2019-07-22T19:25:39.046Z,buy,1.29e-05,8117.05,0.104709945
NAV/BTC,1563823539064,2019-07-22T19:25:39.064Z,buy,1.29e-05,1000.0,0.0129
NAV/BTC,1563823562530,2019-07-22T19:26:02.530Z,buy,1.3e-05,384.61,0.00499993
NAV/BTC,1563823924520,2019-07-22T19:32:04.520Z,sell,1.28e-05,221.0,0.0028288
NAV/BTC,1563823925202,2019-07-22T19:32:05.202Z,sell,1.28e-05,216.0,0.0027648
NAV/BTC,1563823976788,2019-07-22T19:32:56.788Z,buy,1.3e-05,130.57,0.0016974099999999
NAV/BTC,1563824549010,2019-07-22T19:42:29.010Z,sell,1.29e-05,108.17,0.001395393
NAV/BTC,1563824549120,2019-07-22T19:42:29.120Z,sell,1.29e-05,108.12,0.001394748
NAV/BTC,1563824549721,2019-07-22T19:42:29.721Z,sell,1.29e-05,100.0,0.00129
NAV/BTC,1563824551833,2019-07-22T19:42:31.833Z,buy,1.3e-05,108.28,0.00140764
NAV/BTC,1563824552613,2019-07-22T19:42:32.613Z,buy,1.3e-05,230.77,0.00300001
NAV/BTC,1563824552613,2019-07-22T19:42:32.613Z,buy,1.3e-05,230.77,0.00300001
NAV/BTC,1563825447196,2019-07-22T19:57:27.196Z,buy,1.3e-05,7.76,0.00010088
NAV/BTC,1563825875125,2019-07-22T20:04:35.125Z,sell,1.29e-05,134.97,0.001741113
NAV/BTC,1563826094362,2019-07-22T20:08:14.362Z,sell,1.29e-05,134.97,0.001741113
NAV/BTC,1563826473758,2019-07-22T20:14:33.758Z,sell,1.28e-05,1401.27,0.0179362559999999
NAV/BTC,1563826512548,2019-07-22T20:15:12.548Z,buy,1.29e-05,23.29,0.000300441
NAV/BTC,1563826512580,2019-07-22T20:15:12.580Z,buy,1.29e-05,23.29,0.000300441
NAV/BTC,1563827146569,2019-07-22T20:25:46.569Z,sell,1.28e-05,67.7,0.0008665599999999
NAV/BTC,1563827422196,2019-07-22T20:30:22.196Z,buy,1.29e-05,1654.68,0.021345372
NAV/BTC,1563827448548,2019-07-22T20:30:48.548Z,sell,1.29e-05,3190.14,0.041152806
NAV/BTC,1563827599861,2019-07-22T20:33:19.861Z,sell,1.29e-05,23.29,0.000300441
NAV/BTC,1563827704685,2019-07-22T20:35:04.685Z,sell,1.29e-05,347.45,0.004482105
NAV/BTC,1563827704685,2019-07-22T20:35:04.685Z,sell,1.29e-05,347.45,0.004482105
NAV/BTC,1563828770966,2019-07-22T20:52:50.966Z,sell,1.29e-05,83.65,0.001079085
NAV/BTC,1563830299538,2019-07-22T21:18:19.538Z,sell,1.29e-05,2092.02,0.026987058
NAV/BTC,1563830782862,2019-07-22T21:26:22.862Z,sell,1.29e-05,8997.57,0.116068653
NAV/BTC,1563830850722,2019-07-22T21:27:30.722Z,buy,1.29e-05,155.03,0.001999887
NAV/BTC,1563831109717,2019-07-22T21:31:49.717Z,buy,1.29e-05,77.66,0.001001814
NAV/BTC,1563831109717,2019-07-22T21:31:49.717Z,buy,1.29e-05,77.66,0.001001814
NAV/BTC,1563831697916,2019-07-22T21:41:37.916Z,buy,1.29e-05,346.65,0.004471785
NAV/BTC,1563831822425,2019-07-22T21:43:42.425Z,buy,1.29e-05,49.0,0.0006321
NAV/BTC,1563831822471,2019-07-22T21:43:42.471Z,buy,1.29e-05,49.0,0.0006321
NAV/BTC,1563832348358,2019-07-22T21:52:28.358Z,buy,1.29e-05,11.31,0.000145899
NAV/BTC,1563832422455,2019-07-22T21:53:42.455Z,buy,1.29e-05,4378.15,0.056478135
NAV/BTC,1563832422455,2019-07-22T21:53:42.455Z,buy,1.3e-05,12321.85,0.16018405
NAV/BTC,1563832454957,2019-07-22T21:54:14.957Z,buy,1.3e-05,1713.0,0.0222689999999999
NAV/BTC,1563832484353,2019-07-22T21:54:44.353Z,sell,1.3e-05,44.2,0.0005746
NAV/BTC,1563832628791,2019-07-22T21:57:08.791Z,sell,1.3e-05,8.95,0.0001163499999999
NAV/BTC,1563832635234,2019-07-22T21:57:15.234Z,buy,1.31e-05,8500.0,0.11135
NAV/BTC,1563832636476,2019-07-22T21:57:16.476Z,sell,1.3e-05,77.51,0.00100763
NAV/BTC,1563832641239,2019-07-22T21:57:21.239Z,buy,1.31e-05,458.02,0.006000062
NAV/BTC,1563832701840,2019-07-22T21:58:21.840Z,buy,1.31e-05,11.67,0.000152877
NAV/BTC,1563833004175,2019-07-22T22:03:24.175Z,buy,1.31e-05,606.0,0.0079386
NAV/BTC,1563833089635,2019-07-22T22:04:49.635Z,buy,1.31e-05,0.22,2.882e-06
NAV/BTC,1563833089679,2019-07-22T22:04:49.679Z,sell,1.31e-05,46.58,0.000610198
NAV/BTC,1563833089815,2019-07-22T22:04:49.815Z,sell,1.31e-05,23.29,0.000305099
NAV/BTC,1563833104415,2019-07-22T22:05:04.415Z,sell,1.31e-05,77.51,0.001015381
NAV/BTC,1563833697359,2019-07-22T22:14:57.359Z,sell,1.3e-05,100.0,0.0013
NAV/BTC,1563833710448,2019-07-22T22:15:10.448Z,sell,1.31e-05,153.85,0.002015435
NAV/BTC,1563834253512,2019-07-22T22:24:13.512Z,sell,1.31e-05,49.0,0.0006419
NAV/BTC,1563834253512,2019-07-22T22:24:13.512Z,sell,1.31e-05,49.0,0.0006419
NAV/BTC,1563834957398,2019-07-22T22:35:57.398Z,sell,1.31e-05,208.5,0.00273135
NAV/BTC,1563835970747,2019-07-22T22:52:50.747Z,sell,1.31e-05,11.48,0.000150388
NAV/BTC,1563836234783,2019-07-22T22:57:14.783Z,sell,1.31e-05,20.94,0.000274314
NAV/BTC,1563837005503,2019-07-22T23:10:05.503Z,sell,1.31e-05,130.41,0.001708371
NAV/BTC,1563837006103,2019-07-22T23:10:06.103Z,sell,1.3e-05,1561.6,0.0203007999999999
NAV/BTC,1563837006544,2019-07-22T23:10:06.544Z,sell,1.3e-05,130.41,0.0016953299999999
NAV/BTC,1563837006544,2019-07-22T23:10:06.544Z,sell,1.3e-05,130.41,0.0016953299999999
NAV/BTC,1563838718102,2019-07-22T23:38:38.102Z,sell,1.3e-05,30.0,0.00039
NAV/BTC,1563839830829,2019-07-22T23:57:10.829Z,sell,1.3e-05,2057.7,0.0267500999999999
NAV/BTC,1563839842298,2019-07-22T23:57:22.298Z,buy,1.31e-05,10.87,0.000142397
NAV/BTC,1563839846016,2019-07-22T23:57:26.016Z,buy,1.31e-05,152.67,0.001999977
NAV/BTC,1563840076091,2019-07-23T00:01:16.091Z,buy,1.31e-05,230.88,0.003024528
NAV/BTC,1563840154052,2019-07-23T00:02:34.052Z,buy,1.31e-05,458.02,0.006000062
NAV/BTC,1563840226822,2019-07-23T00:03:46.822Z,buy,1.31e-05,327.48,0.004289988
NAV/BTC,1563840231440,2019-07-23T00:03:51.440Z,sell,1.31e-05,7.64,0.000100084
NAV/BTC,1563840309306,2019-07-23T00:05:09.306Z,buy,1.32e-05,1529.74,0.020192568
NAV/BTC,1563840310013,2019-07-23T00:05:10.013Z,sell,1.31e-05,230.77,0.003023087
NAV/BTC,1563840316163,2019-07-23T00:05:16.163Z,buy,1.32e-05,454.55,0.00600006
NAV/BTC,1563840320650,2019-07-23T00:05:20.650Z,sell,1.32e-05,50.68,0.000668976
NAV/BTC,1563840320650,2019-07-23T00:05:20.650Z,sell,1.32e-05,50.68,0.000668976
NAV/BTC,1563840672134,2019-07-23T00:11:12.134Z,sell,1.32e-05,23.29,0.000307428
NAV/BTC,1563840937993,2019-07-23T00:15:37.993Z,sell,1.32e-05,1516.58,0.020018856
NAV/BTC,1563841077650,2019-07-23T00:17:57.650Z,buy,1.32e-05,93.85,0.00123882
NAV/BTC,1563841160028,2019-07-23T00:19:20.028Z,buy,1.32e-05,7.66,0.000101112
NAV/BTC,1563841310502,2019-07-23T00:21:50.502Z,sell,1.31e-05,3320.21,0.043494751
NAV/BTC,1563841310502,2019-07-23T00:21:50.502Z,sell,1.31e-05,130.4,0.00170824
NAV/BTC,1563841842261,2019-07-23T00:30:42.261Z,buy,1.32e-05,188.64,0.002490048
NAV/BTC,1563841926266,2019-07-23T00:32:06.266Z,sell,1.31e-05,94.38,0.001236378
NAV/BTC,1563842012228,2019-07-23T00:33:32.228Z,buy,1.32e-05,594.7,0.00785004
NAV/BTC,1563842046939,2019-07-23T00:34:06.939Z,buy,1.32e-05,37.88,0.000500016
NAV/BTC,1563842054596,2019-07-23T00:34:14.596Z,buy,1.32e-05,39.23,0.000517836
NAV/BTC,1563842079098,2019-07-23T00:34:39.098Z,buy,1.32e-05,1860.38,0.024557016
NAV/BTC,1563842079138,2019-07-23T00:34:39.138Z,sell,1.32e-05,419.94,0.005543208
NAV/BTC,1563842580018,2019-07-23T00:43:00.018Z,buy,1.32e-05,359.85,0.00475002
NAV/BTC,1563842587240,2019-07-23T00:43:07.240Z,sell,1.32e-05,711.67,0.009394044
NAV/BTC,1563842667249,2019-07-23T00:44:27.249Z,sell,1.32e-05,288.33,0.003805956
NAV/BTC,1563843361733,2019-07-23T00:56:01.733Z,sell,1.32e-05,227.0,0.0029964
NAV/BTC,1563843431847,2019-07-23T00:57:11.847Z,sell,1.32e-05,17.36,0.000229152
NAV/BTC,1563843722722,2019-07-23T01:02:02.722Z,sell,1.32e-05,174.0,0.0022968
NAV/BTC,1563843725944,2019-07-23T01:02:05.944Z,sell,1.32e-05,174.0,0.0022968
NAV/BTC,1563843726473,2019-07-23T01:02:06.473Z,sell,1.32e-05,4629.71,0.061112172
NAV/BTC,1563843726872,2019-07-23T01:02:06.872Z,sell,1.32e-05,4635.62,0.061190184
NAV/BTC,1563843903800,2019-07-23T01:05:03.800Z,sell,1.32e-05,1238.74,0.016351368
NAV/BTC,1563843903800,2019-07-23T01:05:03.800Z,sell,1.31e-05,1673.92,0.021928352
NAV/BTC,1563843903800,2019-07-23T01:05:03.800Z,sell,1.32e-05,1238.74,0.016351368
NAV/BTC,1563843903800,2019-07-23T01:05:03.800Z,sell,1.31e-05,1673.92,0.021928352
NAV/BTC,1563844032288,2019-07-23T01:07:12.288Z,buy,1.32e-05,2179.43,0.0287684759999999
NAV/BTC,1563844032385,2019-07-23T01:07:12.385Z,buy,1.32e-05,524.79,0.006927228
NAV/BTC,1563846234737,2019-07-23T01:43:54.737Z,sell,1.32e-05,140.84,0.001859088
NAV/BTC,1563846234737,2019-07-23T01:43:54.737Z,sell,1.32e-05,140.84,0.001859088
NAV/BTC,1563848000087,2019-07-23T02:13:20.087Z,buy,1.33e-05,7.58,0.000100814
NAV/BTC,1563849082957,2019-07-23T02:31:22.957Z,sell,1.32e-05,12.83,0.000169356
NAV/BTC,1563849082957,2019-07-23T02:31:22.957Z,sell,1.31e-05,20.17,0.000264227
NAV/BTC,1563849090848,2019-07-23T02:31:30.848Z,sell,1.32e-05,152.67,0.002015244
NAV/BTC,1563849467676,2019-07-23T02:37:47.676Z,buy,1.32e-05,18.9,0.00024948
NAV/BTC,1563849570960,2019-07-23T02:39:30.960Z,buy,1.32e-05,34.54,0.000455928
NAV/BTC,1563849570960,2019-07-23T02:39:30.960Z,buy,1.32e-05,34.54,0.000455928
NAV/BTC,1563850224949,2019-07-23T02:50:24.949Z,sell,1.31e-05,413.23,0.005413313
NAV/BTC,1563850514049,2019-07-23T02:55:14.049Z,sell,1.31e-05,9.62,0.000126022
NAV/BTC,1563850642974,2019-07-23T02:57:22.974Z,buy,1.32e-05,16.26,0.000214632
NAV/BTC,1563850645625,2019-07-23T02:57:25.625Z,buy,1.32e-05,151.52,0.002000064
NAV/BTC,1563851078083,2019-07-23T03:04:38.083Z,sell,1.31e-05,399.6,0.00523476
NAV/BTC,1563851078976,2019-07-23T03:04:38.976Z,buy,1.32e-05,12.07,0.000159324
NAV/BTC,1563851079923,2019-07-23T03:04:39.923Z,buy,1.32e-05,227.27,0.002999964
NAV/BTC,1563851588157,2019-07-23T03:13:08.157Z,buy,1.32e-05,80.49,0.001062468
NAV/BTC,1563851865815,2019-07-23T03:17:45.815Z,buy,1.32e-05,12784.23,0.168751836
NAV/BTC,1563851865815,2019-07-23T03:17:45.815Z,buy,1.33e-05,10078.34,0.134041922
NAV/BTC,1563851865854,2019-07-23T03:17:45.854Z,sell,1.33e-05,1000.0,0.0133
NAV/BTC,1563851865864,2019-07-23T03:17:45.864Z,sell,1.33e-05,1538.93,0.020467769
NAV/BTC,1563851865868,2019-07-23T03:17:45.868Z,sell,1.33e-05,64.06,0.000851998
NAV/BTC,1563851866009,2019-07-23T03:17:46.009Z,sell,1.33e-05,2435.5,0.03239215
NAV/BTC,1563851866009,2019-07-23T03:17:46.009Z,sell,1.33e-05,159.5,0.00212135
NAV/BTC,1563851866019,2019-07-23T03:17:46.019Z,sell,1.33e-05,8159.12,0.108516296
NAV/BTC,1563851866020,2019-07-23T03:17:46.020Z,sell,1.33e-05,499.25,0.006640025
NAV/BTC,1563851866020,2019-07-23T03:17:46.020Z,sell,1.33e-05,232.37,0.003090521
NAV/BTC,1563851866089,2019-07-23T03:17:46.089Z,sell,1.33e-05,3704.95,0.049275835
NAV/BTC,1563851866341,2019-07-23T03:17:46.341Z,buy,1.33e-05,136.41,0.0018142529999999
NAV/BTC,1563851866348,2019-07-23T03:17:46.348Z,buy,1.33e-05,192.41,0.002559053
NAV/BTC,1563851868180,2019-07-23T03:17:48.180Z,buy,1.33e-05,864.45,0.011497185
NAV/BTC,1563851869208,2019-07-23T03:17:49.208Z,buy,1.33e-05,1228.71,0.016341843
NAV/BTC,1563851870281,2019-07-23T03:17:50.281Z,buy,1.34e-05,447.77,0.006000118
NAV/BTC,1563851870619,2019-07-23T03:17:50.619Z,buy,1.34e-05,757.62,0.010152108
NAV/BTC,1563851872032,2019-07-23T03:17:52.032Z,buy,1.34e-05,23.35,0.00031289
NAV/BTC,1563851872274,2019-07-23T03:17:52.274Z,buy,1.34e-05,4271.29,0.057235286
NAV/BTC,1563851872414,2019-07-23T03:17:52.414Z,sell,1.32e-05,250.19,0.003302508
NAV/BTC,1563851872433,2019-07-23T03:17:52.433Z,sell,1.32e-05,27.47,0.000362604
NAV/BTC,1563851872529,2019-07-23T03:17:52.529Z,buy,1.34e-05,23.35,0.00031289
NAV/BTC,1563851872712,2019-07-23T03:17:52.712Z,buy,1.34e-05,23.35,0.00031289
NAV/BTC,1563851872930,2019-07-23T03:17:52.930Z,sell,1.32e-05,329.94,0.004355208
NAV/BTC,1563851873036,2019-07-23T03:17:53.036Z,buy,1.34e-05,23.35,0.00031289
NAV/BTC,1563851873409,2019-07-23T03:17:53.409Z,sell,1.32e-05,458.02,0.006045864
NAV/BTC,1563851873576,2019-07-23T03:17:53.576Z,buy,1.34e-05,23.29,0.000312086
NAV/BTC,1563851873786,2019-07-23T03:17:53.786Z,buy,1.34e-05,23.29,0.000312086
NAV/BTC,1563851874040,2019-07-23T03:17:54.040Z,buy,1.34e-05,23.29,0.000312086
NAV/BTC,1563851874295,2019-07-23T03:17:54.295Z,buy,1.34e-05,232.37,0.003113758
NAV/BTC,1563851874297,2019-07-23T03:17:54.297Z,buy,1.34e-05,159.5,0.0021373
NAV/BTC,1563851874297,2019-07-23T03:17:54.297Z,buy,1.34e-05,499.25,0.00668995
NAV/BTC,1563851874300,2019-07-23T03:17:54.300Z,buy,1.34e-05,1185.56,0.015886504
NAV/BTC,1563851874301,2019-07-23T03:17:54.301Z,buy,1.34e-05,338.16,0.004531344
NAV/BTC,1563851886641,2019-07-23T03:18:06.641Z,buy,1.34e-05,174.4,0.00233696
NAV/BTC,1563851894446,2019-07-23T03:18:14.446Z,sell,1.33e-05,23.29,0.0003097569999999
NAV/BTC,1563851895981,2019-07-23T03:18:15.981Z,sell,1.33e-05,151.52,0.002015216
NAV/BTC,1563851903949,2019-07-23T03:18:23.949Z,buy,1.34e-05,381.68,0.005114512
NAV/BTC,1563851908632,2019-07-23T03:18:28.632Z,buy,1.34e-05,149.25,0.00199995
NAV/BTC,1563851994961,2019-07-23T03:19:54.961Z,buy,1.34e-05,2.13,2.8542e-05
NAV/BTC,1563852106692,2019-07-23T03:21:46.692Z,buy,1.34e-05,246.24,0.003299616
NAV/BTC,1563852184188,2019-07-23T03:23:04.188Z,sell,1.33e-05,245.99,0.003271667
NAV/BTC,1563852624244,2019-07-23T03:30:24.244Z,sell,1.33e-05,233.92,0.0031111359999999
NAV/BTC,1563852667904,2019-07-23T03:31:07.904Z,buy,1.34e-05,7.54,0.000101036
NAV/BTC,1563852796190,2019-07-23T03:33:16.190Z,buy,1.34e-05,114.69,0.001536846
NAV/BTC,1563852855748,2019-07-23T03:34:15.748Z,buy,1.34e-05,1337.19,0.017918346
NAV/BTC,1563852861948,2019-07-23T03:34:21.948Z,buy,1.34e-05,37.32,0.000500088
NAV/BTC,1563852861948,2019-07-23T03:34:21.948Z,buy,1.34e-05,37.32,0.000500088
NAV/BTC,1563853676262,2019-07-23T03:47:56.262Z,buy,1.34e-05,1469.5,0.0196913
NAV/BTC,1563854230782,2019-07-23T03:57:10.782Z,sell,1.33e-05,22.98,0.000305634
NAV/BTC,1563854716246,2019-07-23T04:05:16.246Z,buy,1.34e-05,1634.56,0.021903104
NAV/BTC,1563854825806,2019-07-23T04:07:05.806Z,buy,1.34e-05,2515.66,0.0337098439999999
NAV/BTC,1563854825902,2019-07-23T04:07:05.902Z,sell,1.34e-05,23.29,0.000312086
NAV/BTC,1563854826713,2019-07-23T04:07:06.713Z,sell,1.34e-05,78.12,0.001046808
NAV/BTC,1563854828213,2019-07-23T04:07:08.213Z,sell,1.34e-05,23.29,0.000312086
NAV/BTC,1563855351440,2019-07-23T04:15:51.440Z,sell,1.34e-05,8384.1,0.11234694
NAV/BTC,1563855487335,2019-07-23T04:18:07.335Z,sell,1.34e-05,2197.3,0.02944382
NAV/BTC,1563855679992,2019-07-23T04:21:19.992Z,sell,1.34e-05,175.0,0.002345
NAV/BTC,1563856343525,2019-07-23T04:32:23.525Z,buy,1.35e-05,150.0,0.002025
NAV/BTC,1563856343525,2019-07-23T04:32:23.525Z,buy,1.35e-05,150.0,0.002025
NAV/BTC,1563856504024,2019-07-23T04:35:04.024Z,sell,1.34e-05,9200.95,0.12329273
NAV/BTC,1563856728653,2019-07-23T04:38:48.653Z,buy,1.35e-05,4000.0,0.054
NAV/BTC,1563857430665,2019-07-23T04:50:30.665Z,sell,1.34e-05,1052.8,0.01410752
NAV/BTC,1563857463021,2019-07-23T04:51:03.021Z,sell,1.34e-05,85.19,0.001141546
NAV/BTC,1563857708754,2019-07-23T04:55:08.754Z,sell,1.34e-05,8.41,0.000112694
NAV/BTC,1563857806031,2019-07-23T04:56:46.031Z,sell,1.34e-05,48764.42,0.653443228
NAV/BTC,1563857832816,2019-07-23T04:57:12.816Z,sell,1.34e-05,15.35,0.00020569
NAV/BTC,1563857861562,2019-07-23T04:57:41.562Z,buy,1.35e-05,1596.12,0.0215476199999999
NAV/BTC,1563857863080,2019-07-23T04:57:43.080Z,buy,1.35e-05,4741.09,0.064004715
NAV/BTC,1563857904231,2019-07-23T04:58:24.231Z,buy,1.35e-05,1883.05,0.0254211749999999
NAV/BTC,1563858038817,2019-07-23T05:00:38.817Z,sell,1.34e-05,7.58,0.000101572
NAV/BTC,1563858122155,2019-07-23T05:02:02.155Z,sell,1.34e-05,73.02,0.000978468
NAV/BTC,1563858697320,2019-07-23T05:11:37.320Z,sell,1.34e-05,682.87,0.009150458
NAV/BTC,1563858808105,2019-07-23T05:13:28.105Z,buy,1.35e-05,7984.32,0.1077883199999999
NAV/BTC,1563858816462,2019-07-23T05:13:36.462Z,buy,1.35e-05,444.45,0.006000075
NAV/BTC,1563859028580,2019-07-23T05:17:08.580Z,buy,1.35e-05,148.15,0.002000025
NAV/BTC,1563859503966,2019-07-23T05:25:03.966Z,sell,1.34e-05,661.1,0.00885874
NAV/BTC,1563859505334,2019-07-23T05:25:05.334Z,buy,1.34e-05,238.25,0.00319255
NAV/BTC,1563859568640,2019-07-23T05:26:08.640Z,buy,1.34e-05,11.76,0.000157584
NAV/BTC,1563859640695,2019-07-23T05:27:20.695Z,sell,1.33e-05,159.34,0.002119222
NAV/BTC,1563859796926,2019-07-23T05:29:56.926Z,buy,1.34e-05,3933.56,0.052709704
NAV/BTC,1563859797788,2019-07-23T05:29:57.788Z,sell,1.34e-05,227.27,0.003045418
NAV/BTC,1563859826774,2019-07-23T05:30:26.774Z,sell,1.34e-05,2139.17,0.028664878
NAV/BTC,1563859826774,2019-07-23T05:30:26.774Z,sell,1.34e-05,2139.17,0.028664878
NAV/BTC,1563860132519,2019-07-23T05:35:32.519Z,sell,1.33e-05,206.92,0.002752036
NAV/BTC,1563860166762,2019-07-23T05:36:06.762Z,sell,1.33e-05,6401.51,0.085140083
NAV/BTC,1563860166806,2019-07-23T05:36:06.806Z,buy,1.33e-05,23.29,0.0003097569999999
NAV/BTC,1563860166817,2019-07-23T05:36:06.817Z,buy,1.33e-05,23.29,0.0003097569999999
NAV/BTC,1563860168258,2019-07-23T05:36:08.258Z,sell,1.32e-05,163.08,0.002152656
NAV/BTC,1563860267079,2019-07-23T05:37:47.079Z,buy,1.33e-05,354.48,0.004714584
NAV/BTC,1563860332276,2019-07-23T05:38:52.276Z,sell,1.33e-05,398.0,0.0052934
NAV/BTC,1563860332320,2019-07-23T05:38:52.320Z,sell,1.33e-05,0.21,2.793e-06
NAV/BTC,1563860332320,2019-07-23T05:38:52.320Z,sell,1.32e-05,23.08,0.000304656
NAV/BTC,1563860355072,2019-07-23T05:39:15.072Z,buy,1.34e-05,82.08,0.001099872
NAV/BTC,1563860556830,2019-07-23T05:42:36.830Z,sell,1.33e-05,23.29,0.0003097569999999
NAV/BTC,1563860556882,2019-07-23T05:42:36.882Z,sell,1.33e-05,716.0,0.0095228
NAV/BTC,1563860903645,2019-07-23T05:48:23.645Z,buy,1.33e-05,7.52,0.0001000159999999
NAV/BTC,1563861439338,2019-07-23T05:57:19.338Z,buy,1.33e-05,1891.95,0.025162935
NAV/BTC,1563861440867,2019-07-23T05:57:20.867Z,buy,1.34e-05,11.94,0.000159996
NAV/BTC,1563861515756,2019-07-23T05:58:35.756Z,buy,1.34e-05,3885.24,0.052062216
NAV/BTC,1563861520282,2019-07-23T05:58:40.282Z,buy,1.34e-05,72.78,0.000975252
NAV/BTC,1563861520341,2019-07-23T05:58:40.341Z,sell,1.34e-05,58.9,0.00078926
NAV/BTC,1563861521922,2019-07-23T05:58:41.922Z,sell,1.34e-05,23.29,0.000312086
NAV/BTC,1563861604465,2019-07-23T06:00:04.465Z,buy,1.35e-05,74.0,0.0009989999999999
NAV/BTC,1563861633777,2019-07-23T06:00:33.777Z,buy,1.35e-05,290.51,0.003921885
NAV/BTC,1563861757271,2019-07-23T06:02:37.271Z,buy,1.35e-05,184.55,0.002491425
NAV/BTC,1563862300609,2019-07-23T06:11:40.609Z,buy,1.34e-05,655.23,0.008780082
NAV/BTC,1563862300609,2019-07-23T06:11:40.609Z,buy,1.35e-05,6239.13,0.084228255
NAV/BTC,1563862300649,2019-07-23T06:11:40.649Z,sell,1.35e-05,379.52,0.0051235199999999
NAV/BTC,1563862300800,2019-07-23T06:11:40.800Z,sell,1.35e-05,5500.0,0.07425
NAV/BTC,1563862300803,2019-07-23T06:11:40.803Z,sell,1.35e-05,1278.0,0.017253
NAV/BTC,1563862300825,2019-07-23T06:11:40.825Z,sell,1.35e-05,379.5,0.00512325
NAV/BTC,1563862300890,2019-07-23T06:11:40.890Z,sell,1.35e-05,9.16,0.00012366
NAV/BTC,1563862300893,2019-07-23T06:11:40.893Z,sell,1.35e-05,5500.0,0.07425
NAV/BTC,1563862301364,2019-07-23T06:11:41.364Z,sell,1.35e-05,149.25,0.0020148749999999
NAV/BTC,1563862302281,2019-07-23T06:11:42.281Z,buy,1.36e-05,379.5,0.0051612
NAV/BTC,1563862302281,2019-07-23T06:11:42.281Z,buy,1.36e-05,1444.31,0.0196426159999999
NAV/BTC,1563862302292,2019-07-23T06:11:42.292Z,buy,1.36e-05,2039.05,0.0277310799999999
NAV/BTC,1563862305420,2019-07-23T06:11:45.420Z,buy,1.37e-05,375.94,0.005150378
NAV/BTC,1563862306714,2019-07-23T06:11:46.714Z,buy,1.37e-05,437.96,0.006000052
NAV/BTC,1563862307754,2019-07-23T06:11:47.754Z,sell,1.36e-05,258.85,0.00352036
NAV/BTC,1563862307754,2019-07-23T06:11:47.754Z,sell,1.35e-05,9834.93,0.1327715549999999
NAV/BTC,1563862307954,2019-07-23T06:11:47.954Z,buy,1.37e-05,14.59,0.0001998829999999
NAV/BTC,1563862309085,2019-07-23T06:11:49.085Z,buy,1.37e-05,364.96,0.0049999519999999
NAV/BTC,1563862309817,2019-07-23T06:11:49.817Z,sell,1.35e-05,78.13,0.0010547549999999
NAV/BTC,1563862318344,2019-07-23T06:11:58.344Z,sell,1.35e-05,168.16,0.00227016
NAV/BTC,1563862322922,2019-07-23T06:12:02.922Z,sell,1.35e-05,157.23,0.0021226049999999
NAV/BTC,1563862325198,2019-07-23T06:12:05.198Z,buy,1.36e-05,23.29,0.000316744
NAV/BTC,1563862328621,2019-07-23T06:12:08.621Z,buy,1.36e-05,147.06,0.002000016
NAV/BTC,1563862391379,2019-07-23T06:13:11.379Z,buy,1.37e-05,334.93,0.004588541
NAV/BTC,1563862510924,2019-07-23T06:15:10.924Z,sell,1.36e-05,291.77,0.003968072
NAV/BTC,1563862518573,2019-07-23T06:15:18.573Z,sell,1.36e-05,1487.34,0.020227824
NAV/BTC,1563862518573,2019-07-23T06:15:18.573Z,sell,1.35e-05,3728.22,0.0503309699999999
NAV/BTC,1563862714270,2019-07-23T06:18:34.270Z,sell,1.35e-05,23.29,0.0003144149999999
NAV/BTC,1563862714270,2019-07-23T06:18:34.270Z,sell,1.34e-05,213.11,0.002855674
NAV/BTC,1563862720586,2019-07-23T06:18:40.586Z,sell,1.34e-05,757.57,0.010151438
NAV/BTC,1563862890066,2019-07-23T06:21:30.066Z,sell,1.35e-05,16.77,0.0002263949999999
NAV/BTC,1563862961335,2019-07-23T06:22:41.335Z,sell,1.35e-05,1481.48,0.01999998
NAV/BTC,1563862969506,2019-07-23T06:22:49.506Z,buy,1.35e-05,37.04,0.00050004
NAV/BTC,1563863056797,2019-07-23T06:24:16.797Z,sell,1.34e-05,1871.72,0.025081048
NAV/BTC,1563863057157,2019-07-23T06:24:17.157Z,buy,1.34e-05,137.0,0.0018358
NAV/BTC,1563863067397,2019-07-23T06:24:27.397Z,buy,1.34e-05,854.99,0.011456866
NAV/BTC,1563863070304,2019-07-23T06:24:30.304Z,sell,1.34e-05,8507.25,0.11399715
NAV/BTC,1563863070304,2019-07-23T06:24:30.304Z,sell,1.33e-05,1817.22,0.024169026
NAV/BTC,1563863070325,2019-07-23T06:24:30.325Z,buy,1.33e-05,385.07,0.005121431
NAV/BTC,1563863070325,2019-07-23T06:24:30.325Z,buy,1.33e-05,385.82,0.005131406
NAV/BTC,1563863070326,2019-07-23T06:24:30.326Z,buy,1.33e-05,385.74,0.005130342
NAV/BTC,1563863070340,2019-07-23T06:24:30.340Z,buy,1.33e-05,762.87,0.010146171
NAV/BTC,1563863070356,2019-07-23T06:24:30.356Z,buy,1.33e-05,1735.01,0.0230756329999999
NAV/BTC,1563863070362,2019-07-23T06:24:30.362Z,buy,1.33e-05,81.72,0.0010868759999999
NAV/BTC,1563863070363,2019-07-23T06:24:30.363Z,buy,1.33e-05,2.49,3.3117e-05
NAV/BTC,1563863070998,2019-07-23T06:24:30.998Z,buy,1.33e-05,1534.5,0.02040885
NAV/BTC,1563863071018,2019-07-23T06:24:31.018Z,buy,1.33e-05,549.0,0.0073016999999999
NAV/BTC,1563863071046,2019-07-23T06:24:31.046Z,buy,1.33e-05,1049.06,0.0139524979999999
NAV/BTC,1563863071242,2019-07-23T06:24:31.242Z,buy,1.33e-05,364.82,0.004852106
NAV/BTC,1563863071626,2019-07-23T06:24:31.626Z,buy,1.33e-05,120.0,0.001596
NAV/BTC,1563863071789,2019-07-23T06:24:31.789Z,buy,1.33e-05,1001.0,0.0133133
NAV/BTC,1563863071944,2019-07-23T06:24:31.944Z,buy,1.33e-05,8188.25,0.1089037249999999
NAV/BTC,1563863071969,2019-07-23T06:24:31.969Z,buy,1.33e-05,255.31,0.003395623
NAV/BTC,1563863073386,2019-07-23T06:24:33.386Z,sell,1.33e-05,962.58,0.012802314
NAV/BTC,1563863073489,2019-07-23T06:24:33.489Z,sell,1.33e-05,275.19,0.0036600269999999
NAV/BTC,1563863078466,2019-07-23T06:24:38.466Z,sell,1.33e-05,313.89,0.0041747369999999
NAV/BTC,1563863078466,2019-07-23T06:24:38.466Z,sell,1.33e-05,313.89,0.0041747369999999
NAV/BTC,1563863685508,2019-07-23T06:34:45.508Z,sell,1.33e-05,658.73,0.008761109
NAV/BTC,1563863699839,2019-07-23T06:34:59.839Z,sell,1.33e-05,13.24,0.000176092
NAV/BTC,1563863980074,2019-07-23T06:39:40.074Z,sell,1.33e-05,375.18,0.004989894
NAV/BTC,1563863980074,2019-07-23T06:39:40.074Z,sell,1.32e-05,38.66,0.000510312
NAV/BTC,1563863981618,2019-07-23T06:39:41.618Z,buy,1.33e-05,46.85,0.000623105
NAV/BTC,1563863981657,2019-07-23T06:39:41.657Z,buy,1.33e-05,110.92,0.001475236
NAV/BTC,1563864333794,2019-07-23T06:45:33.794Z,buy,1.33e-05,1609.25,0.021403025
NAV/BTC,1563864334443,2019-07-23T06:45:34.443Z,buy,1.34e-05,355.18,0.004759412
NAV/BTC,1563864334466,2019-07-23T06:45:34.466Z,sell,1.34e-05,1379.53,0.018485702
NAV/BTC,1563864334477,2019-07-23T06:45:34.477Z,sell,1.34e-05,1402.82,0.018797788
NAV/BTC,1563864334870,2019-07-23T06:45:34.870Z,buy,1.35e-05,223.88,0.00302238
NAV/BTC,1563864339833,2019-07-23T06:45:39.833Z,sell,1.34e-05,20.0,0.000268
NAV/BTC,1563864341691,2019-07-23T06:45:41.691Z,buy,1.34e-05,23.29,0.000312086
NAV/BTC,1563864343368,2019-07-23T06:45:43.368Z,buy,1.34e-05,0.54,7.236000000000001e-06
NAV/BTC,1563864689381,2019-07-23T06:51:29.381Z,sell,1.33e-05,8937.1,0.11886343
NAV/BTC,1563864690153,2019-07-23T06:51:30.153Z,buy,1.34e-05,23.29,0.000312086
NAV/BTC,1563864690158,2019-07-23T06:51:30.158Z,buy,1.34e-05,23.29,0.000312086
NAV/BTC,1563864690252,2019-07-23T06:51:30.252Z,buy,1.34e-05,23.29,0.000312086
NAV/BTC,1563864833937,2019-07-23T06:53:53.937Z,buy,1.34e-05,200.0,0.00268
NAV/BTC,1563864893649,2019-07-23T06:54:53.649Z,sell,1.33e-05,385.43,0.005126219
NAV/BTC,1563865018864,2019-07-23T06:56:58.864Z,sell,1.33e-05,230.57,0.0030665809999999
NAV/BTC,1563865055122,2019-07-23T06:57:35.122Z,sell,1.33e-05,11964.21,0.159123993
NAV/BTC,1563865055433,2019-07-23T06:57:35.433Z,buy,1.33e-05,1084.77,0.014427441
NAV/BTC,1563865055583,2019-07-23T06:57:35.583Z,buy,1.33e-05,183.06,0.002434698
NAV/BTC,1563865056041,2019-07-23T06:57:36.041Z,buy,1.33e-05,1001.0,0.0133133
NAV/BTC,1563865056052,2019-07-23T06:57:36.052Z,buy,1.33e-05,12080.67,0.160672911
NAV/BTC,1563865056090,2019-07-23T06:57:36.090Z,buy,1.33e-05,463.5,0.0061645499999999
NAV/BTC,1563865056093,2019-07-23T06:57:36.093Z,buy,1.33e-05,240.0,0.003192
NAV/BTC,1563865056102,2019-07-23T06:57:36.102Z,buy,1.33e-05,5507.25,0.073246425
NAV/BTC,1563865056102,2019-07-23T06:57:36.102Z,buy,1.33e-05,3613.62,0.048061146
NAV/BTC,1563865056133,2019-07-23T06:57:36.133Z,buy,1.33e-05,764.69,0.010170377
NAV/BTC,1563865057546,2019-07-23T06:57:37.546Z,buy,1.33e-05,476.66,0.006339578
NAV/BTC,1563865057709,2019-07-23T06:57:37.709Z,buy,1.33e-05,23.29,0.0003097569999999
NAV/BTC,1563865060972,2019-07-23T06:57:40.972Z,sell,1.32e-05,373.97,0.004936404
NAV/BTC,1563865066523,2019-07-23T06:57:46.523Z,sell,1.32e-05,476.66,0.006291912
NAV/BTC,1563865302108,2019-07-23T07:01:42.108Z,buy,1.33e-05,23.29,0.0003097569999999
NAV/BTC,1563865310337,2019-07-23T07:01:50.337Z,buy,1.33e-05,405.95,0.0053991349999999
NAV/BTC,1563865351711,2019-07-23T07:02:31.711Z,sell,1.32e-05,200.0,0.00264
NAV/BTC,1563865775032,2019-07-23T07:09:35.032Z,sell,1.32e-05,106.14,0.001401048
NAV/BTC,1563866513584,2019-07-23T07:21:53.584Z,sell,1.32e-05,823.78,0.010873896
NAV/BTC,1563866513584,2019-07-23T07:21:53.584Z,sell,1.32e-05,823.78,0.010873896
NAV/BTC,1563867090910,2019-07-23T07:31:30.910Z,sell,1.32e-05,124.0,0.0016368
NAV/BTC,1563867600055,2019-07-23T07:40:00.055Z,sell,1.32e-05,442.38,0.005839416
NAV/BTC,1563867600093,2019-07-23T07:40:00.093Z,buy,1.32e-05,104.19,0.001375308
NAV/BTC,1563867600120,2019-07-23T07:40:00.120Z,buy,1.32e-05,80.91,0.001068012
NAV/BTC,1563867600953,2019-07-23T07:40:00.953Z,buy,1.32e-05,2479.0,0.0327228
NAV/BTC,1563867601100,2019-07-23T07:40:01.100Z,buy,1.32e-05,0.47,6.204e-06
NAV/BTC,1563867636033,2019-07-23T07:40:36.033Z,sell,1.32e-05,79.55,0.00105006
NAV/BTC,1563867692268,2019-07-23T07:41:32.268Z,sell,1.31e-05,4284.64,0.056128784
NAV/BTC,1563867692268,2019-07-23T07:41:32.268Z,sell,1.3e-05,29486.08,0.38331904
NAV/BTC,1563867692287,2019-07-23T07:41:32.287Z,buy,1.3e-05,575.41,0.0074803299999999
NAV/BTC,1563867692315,2019-07-23T07:41:32.315Z,buy,1.3e-05,1079.0,0.014027
NAV/BTC,1563867692315,2019-07-23T07:41:32.315Z,buy,1.3e-05,1774.19,0.02306447
NAV/BTC,1563867692331,2019-07-23T07:41:32.331Z,buy,1.3e-05,137.88,0.0017924399999999
NAV/BTC,1563867692509,2019-07-23T07:41:32.509Z,buy,1.3e-05,508.37,0.00660881
NAV/BTC,1563867692515,2019-07-23T07:41:32.515Z,buy,1.3e-05,137.87,0.0017923099999999
NAV/BTC,1563867692523,2019-07-23T07:41:32.523Z,buy,1.3e-05,414.12,0.00538356
NAV/BTC,1563867692530,2019-07-23T07:41:32.530Z,buy,1.3e-05,137.0,0.0017809999999999
NAV/BTC,1563867692540,2019-07-23T07:41:32.540Z,buy,1.3e-05,3900.0,0.0506999999999999
NAV/BTC,1563867692601,2019-07-23T07:41:32.601Z,buy,1.3e-05,11.58,0.0001505399999999
NAV/BTC,1563867692651,2019-07-23T07:41:32.651Z,buy,1.3e-05,943.21,0.01226173
NAV/BTC,1563867692940,2019-07-23T07:41:32.940Z,buy,1.3e-05,2285.34,0.02970942
NAV/BTC,1563867693157,2019-07-23T07:41:33.157Z,buy,1.3e-05,3948.68,0.05133284
NAV/BTC,1563867693289,2019-07-23T07:41:33.289Z,buy,1.3e-05,19.16,0.00024908
NAV/BTC,1563867693419,2019-07-23T07:41:33.419Z,buy,1.3e-05,174.0,0.0022619999999999
NAV/BTC,1563867693461,2019-07-23T07:41:33.461Z,buy,1.3e-05,1001.0,0.0130129999999999
NAV/BTC,1563867694135,2019-07-23T07:41:34.135Z,buy,1.3e-05,3855.37,0.0501198099999999
NAV/BTC,1563867694711,2019-07-23T07:41:34.711Z,buy,1.3e-05,26.0,0.000338
NAV/BTC,1563867694901,2019-07-23T07:41:34.901Z,buy,1.3e-05,26.0,0.000338
NAV/BTC,1563867695069,2019-07-23T07:41:35.069Z,buy,1.3e-05,1001.0,0.0130129999999999
NAV/BTC,1563867695316,2019-07-23T07:41:35.316Z,buy,1.3e-05,26.0,0.000338
NAV/BTC,1563867697511,2019-07-23T07:41:37.511Z,buy,1.3e-05,384.02,0.0049922599999999
NAV/BTC,1563867697953,2019-07-23T07:41:37.953Z,sell,1.29e-05,2730.8,0.03522732
NAV/BTC,1563867697953,2019-07-23T07:41:37.953Z,buy,1.29e-05,25.15,0.000324435
NAV/BTC,1563867698414,2019-07-23T07:41:38.414Z,buy,1.29e-05,174.0,0.0022446
NAV/BTC,1563867699154,2019-07-23T07:41:39.154Z,buy,1.29e-05,2570.0,0.033153
NAV/BTC,1563867701340,2019-07-23T07:41:41.340Z,buy,1.29e-05,395.82,0.005106078
NAV/BTC,1563867701630,2019-07-23T07:41:41.630Z,buy,1.29e-05,244.9,0.00315921
NAV/BTC,1563867704539,2019-07-23T07:41:44.539Z,buy,1.29e-05,517.12,0.006670848
NAV/BTC,1563867709988,2019-07-23T07:41:49.988Z,sell,1.29e-05,2040.5,0.02632245
NAV/BTC,1563867711146,2019-07-23T07:41:51.146Z,buy,1.3e-05,1160.63,0.01508819
NAV/BTC,1563867765869,2019-07-23T07:42:45.869Z,sell,1.3e-05,153.09,0.00199017
NAV/BTC,1563867766066,2019-07-23T07:42:46.066Z,sell,1.3e-05,150.84,0.00196092
