symbol,timestamp,datetime,side,price,amount,btc_volume
NAV/BTC,1578164569177,2020-01-04T19:02:49.177Z,sell,1.317e-05,31.0,0.0004082699999999
NAV/BTC,1578164569177,2020-01-04T19:02:49.177Z,sell,1.313e-05,2458.0,0.0322735399999999
NAV/BTC,1578164659171,2020-01-04T19:04:19.171Z,sell,1.314e-05,571.0,0.00750294
NAV/BTC,1578164659171,2020-01-04T19:04:19.171Z,sell,1.313e-05,1918.0,0.02518334
NAV/BTC,1578164700060,2020-01-04T19:05:00.060Z,buy,1.323e-05,122.0,0.00161406
NAV/BTC,1578164721597,2020-01-04T19:05:21.597Z,sell,1.313e-05,157.0,0.00206141
NAV/BTC,1578164798194,2020-01-04T19:06:38.194Z,sell,1.313e-05,1876.0,0.02463188
NAV/BTC,1578164803940,2020-01-04T19:06:43.940Z,sell,1.313e-05,339.0,0.00445107
NAV/BTC,1578164808780,2020-01-04T19:06:48.780Z,buy,1.313e-05,110.0,0.0014443
NAV/BTC,1578164813948,2020-01-04T19:06:53.948Z,sell,1.314e-05,194.0,0.00254916
NAV/BTC,1578164813970,2020-01-04T19:06:53.970Z,buy,1.314e-05,431.0,0.00566334
NAV/BTC,1578165161410,2020-01-04T19:12:41.410Z,buy,1.324e-05,190.0,0.0025156
NAV/BTC,1578165348862,2020-01-04T19:15:48.862Z,buy,1.323e-05,47.0,0.00062181
NAV/BTC,1578165348880,2020-01-04T19:15:48.880Z,sell,1.323e-05,809.0,0.01070307
NAV/BTC,1578165349598,2020-01-04T19:15:49.598Z,buy,1.324e-05,244.0,0.00323056
NAV/BTC,1578165597058,2020-01-04T19:19:57.058Z,buy,1.324e-05,15.0,0.0001986
NAV/BTC,1578165717864,2020-01-04T19:21:57.864Z,sell,1.313e-05,571.0,0.00749723
NAV/BTC,1578165717864,2020-01-04T19:21:57.864Z,sell,1.312e-05,5649.0,0.07411488
NAV/BTC,1578165964349,2020-01-04T19:26:04.349Z,sell,1.313e-05,147.0,0.0019301099999999
NAV/BTC,1578165964349,2020-01-04T19:26:04.349Z,sell,1.312e-05,43.0,0.00056416
NAV/BTC,1578166116946,2020-01-04T19:28:36.946Z,sell,1.312e-05,13.0,0.00017056
NAV/BTC,1578166116946,2020-01-04T19:28:36.946Z,sell,1.311e-05,698.0,0.00915078
NAV/BTC,1578166767808,2020-01-04T19:39:27.808Z,sell,1.314e-05,3861.0,0.05073354
NAV/BTC,1578167195402,2020-01-04T19:46:35.402Z,buy,1.32e-05,147.0,0.0019404
NAV/BTC,1578167211789,2020-01-04T19:46:51.789Z,buy,1.323e-05,471.0,0.00623133
NAV/BTC,1578167266616,2020-01-04T19:47:46.616Z,sell,1.319e-05,157.0,0.00207083
NAV/BTC,1578167266632,2020-01-04T19:47:46.632Z,sell,1.319e-05,484.0,0.00638396
NAV/BTC,1578167345607,2020-01-04T19:49:05.607Z,sell,1.314e-05,1128.0,0.0148219199999999
NAV/BTC,1578167414235,2020-01-04T19:50:14.235Z,buy,1.318e-05,100.0,0.001318
NAV/BTC,1578167437752,2020-01-04T19:50:37.752Z,buy,1.322e-05,8.0,0.00010576
NAV/BTC,1578167474540,2020-01-04T19:51:14.540Z,buy,1.324e-05,697.0,0.00922828
NAV/BTC,1578167486215,2020-01-04T19:51:26.215Z,sell,1.324e-05,2227.0,0.02948548
NAV/BTC,1578167572019,2020-01-04T19:52:52.019Z,sell,1.324e-05,726.0,0.00961224
NAV/BTC,1578167636477,2020-01-04T19:53:56.477Z,buy,1.323e-05,380.0,0.0050274
NAV/BTC,1578167636477,2020-01-04T19:53:56.477Z,buy,1.324e-05,5955.0,0.0788442
NAV/BTC,1578167692740,2020-01-04T19:54:52.740Z,buy,1.325e-05,512.0,0.006784
NAV/BTC,1578167700586,2020-01-04T19:55:00.586Z,sell,1.324e-05,388.0,0.00513712
NAV/BTC,1578167713466,2020-01-04T19:55:13.466Z,buy,1.324e-05,388.0,0.00513712
NAV/BTC,1578167713466,2020-01-04T19:55:13.466Z,buy,1.325e-05,2848.0,0.037736
NAV/BTC,1578167718854,2020-01-04T19:55:18.854Z,sell,1.325e-05,377.0,0.00499525
NAV/BTC,1578167722386,2020-01-04T19:55:22.386Z,sell,1.325e-05,377.0,0.00499525
NAV/BTC,1578167725961,2020-01-04T19:55:25.961Z,sell,1.325e-05,377.0,0.00499525
NAV/BTC,1578167729478,2020-01-04T19:55:29.478Z,sell,1.325e-05,377.0,0.00499525
NAV/BTC,1578167733027,2020-01-04T19:55:33.027Z,sell,1.325e-05,377.0,0.00499525
NAV/BTC,1578167734415,2020-01-04T19:55:34.415Z,sell,1.325e-05,812.0,0.010759
NAV/BTC,1578167747513,2020-01-04T19:55:47.513Z,sell,1.325e-05,3932.0,0.052099
NAV/BTC,1578167882120,2020-01-04T19:58:02.120Z,buy,1.326e-05,50.0,0.000663
NAV/BTC,1578167882120,2020-01-04T19:58:02.120Z,buy,1.327e-05,2636.0,0.03497972
NAV/BTC,1578167882137,2020-01-04T19:58:02.137Z,buy,1.33e-05,383.0,0.0050939
NAV/BTC,1578167883543,2020-01-04T19:58:03.543Z,buy,1.33e-05,767.0,0.0102011
NAV/BTC,1578167883543,2020-01-04T19:58:03.543Z,buy,1.331e-05,12.0,0.00015972
NAV/BTC,1578167883543,2020-01-04T19:58:03.543Z,buy,1.333e-05,100.0,0.001333
NAV/BTC,1578167883543,2020-01-04T19:58:03.543Z,buy,1.334e-05,148.0,0.00197432
NAV/BTC,1578167883543,2020-01-04T19:58:03.543Z,buy,1.335e-05,644.0,0.0085974
NAV/BTC,1578167883543,2020-01-04T19:58:03.543Z,buy,1.338e-05,126.0,0.00168588
NAV/BTC,1578167883543,2020-01-04T19:58:03.543Z,buy,1.339e-05,20.0,0.0002678
NAV/BTC,1578167883543,2020-01-04T19:58:03.543Z,buy,1.34e-05,2020.0,0.027068
NAV/BTC,1578167883570,2020-01-04T19:58:03.570Z,sell,1.34e-05,56.0,0.0007504
NAV/BTC,1578167883618,2020-01-04T19:58:03.618Z,sell,1.34e-05,600.0,0.00804
NAV/BTC,1578167883626,2020-01-04T19:58:03.626Z,sell,1.34e-05,694.0,0.0092996
NAV/BTC,1578167884924,2020-01-04T19:58:04.924Z,sell,1.331e-05,50.0,0.0006655
NAV/BTC,1578167884937,2020-01-04T19:58:04.937Z,sell,1.331e-05,209.0,0.00278179
NAV/BTC,1578167885283,2020-01-04T19:58:05.283Z,sell,1.331e-05,266.0,0.00354046
NAV/BTC,1578167886370,2020-01-04T19:58:06.370Z,buy,1.33e-05,569.0,0.0075677
NAV/BTC,1578167887515,2020-01-04T19:58:07.515Z,sell,1.331e-05,52.0,0.00069212
NAV/BTC,1578167910024,2020-01-04T19:58:30.024Z,sell,1.332e-05,562.0,0.00748584
NAV/BTC,1578167911305,2020-01-04T19:58:31.305Z,sell,1.333e-05,47.0,0.0006265099999999
NAV/BTC,1578167912929,2020-01-04T19:58:32.929Z,sell,1.333e-05,37.0,0.00049321
NAV/BTC,1578167951300,2020-01-04T19:59:11.300Z,buy,1.336e-05,499.0,0.00666664
NAV/BTC,1578167951300,2020-01-04T19:59:11.300Z,buy,1.339e-05,281.0,0.00376259
NAV/BTC,1578167951300,2020-01-04T19:59:11.300Z,buy,1.34e-05,2638.0,0.0353492
NAV/BTC,1578167958823,2020-01-04T19:59:18.823Z,sell,1.34e-05,16859.0,0.2259106
NAV/BTC,1578167977993,2020-01-04T19:59:37.993Z,buy,1.34e-05,3141.0,0.0420894
NAV/BTC,1578167978248,2020-01-04T19:59:38.248Z,sell,1.34e-05,299.0,0.0040066
NAV/BTC,1578167980990,2020-01-04T19:59:40.990Z,sell,1.34e-05,15866.0,0.2126044
NAV/BTC,1578167994544,2020-01-04T19:59:54.544Z,buy,1.339e-05,375.0,0.00502125
NAV/BTC,1578167994544,2020-01-04T19:59:54.544Z,buy,1.339e-05,375.0,0.00502125
NAV/BTC,1578168021560,2020-01-04T20:00:21.560Z,buy,1.339e-05,42.0,0.00056238
NAV/BTC,1578168021560,2020-01-04T20:00:21.560Z,buy,1.34e-05,3658.0,0.0490172
NAV/BTC,1578168042927,2020-01-04T20:00:42.927Z,sell,1.333e-05,1000.0,0.01333
NAV/BTC,1578168046352,2020-01-04T20:00:46.352Z,buy,1.339e-05,38.0,0.00050882
NAV/BTC,1578168048718,2020-01-04T20:00:48.718Z,sell,1.333e-05,1000.0,0.01333
NAV/BTC,1578168048735,2020-01-04T20:00:48.735Z,sell,1.333e-05,107.0,0.0014263099999999
NAV/BTC,1578168091560,2020-01-04T20:01:31.560Z,sell,1.331e-05,455.0,0.0060560499999999
NAV/BTC,1578168091560,2020-01-04T20:01:31.560Z,sell,1.33e-05,1717.0,0.0228360999999999
NAV/BTC,1578168120169,2020-01-04T20:02:00.169Z,sell,1.33e-05,2197.0,0.0292201
NAV/BTC,1578168120169,2020-01-04T20:02:00.169Z,sell,1.328e-05,2357.0,0.03130096
NAV/BTC,1578168120225,2020-01-04T20:02:00.225Z,sell,1.327e-05,18.0,0.00023886
NAV/BTC,1578168121221,2020-01-04T20:02:01.221Z,sell,1.326e-05,53.0,0.00070278
NAV/BTC,1578168136245,2020-01-04T20:02:16.245Z,sell,1.322e-05,1629.0,0.02153538
NAV/BTC,1578168136245,2020-01-04T20:02:16.245Z,sell,1.319e-05,2633.0,0.03472927
NAV/BTC,1578168136245,2020-01-04T20:02:16.245Z,sell,1.318e-05,107.0,0.00141026
NAV/BTC,1578168136245,2020-01-04T20:02:16.245Z,sell,1.316e-05,701.0,0.00922516
NAV/BTC,1578168136245,2020-01-04T20:02:16.245Z,sell,1.315e-05,31.0,0.0004076499999999
NAV/BTC,1578168136245,2020-01-04T20:02:16.245Z,sell,1.311e-05,830.0,0.0108813
NAV/BTC,1578168136271,2020-01-04T20:02:16.271Z,buy,1.311e-05,3926.0,0.05146986
NAV/BTC,1578168137846,2020-01-04T20:02:17.846Z,buy,1.321e-05,209.0,0.00276089
NAV/BTC,1578168140830,2020-01-04T20:02:20.830Z,sell,1.311e-05,2120.0,0.0277932
NAV/BTC,1578168140830,2020-01-04T20:02:20.830Z,sell,1.31e-05,1580.0,0.020698
NAV/BTC,1578168143184,2020-01-04T20:02:23.184Z,buy,1.318e-05,18.0,0.00023724
NAV/BTC,1578168143248,2020-01-04T20:02:23.248Z,sell,1.318e-05,95.0,0.0012521
NAV/BTC,1578168151330,2020-01-04T20:02:31.330Z,buy,1.32e-05,377.0,0.0049764
NAV/BTC,1578168154416,2020-01-04T20:02:34.416Z,buy,1.32e-05,37.0,0.0004884
NAV/BTC,1578168158492,2020-01-04T20:02:38.492Z,buy,1.32e-05,52.0,0.0006864
NAV/BTC,1578168182874,2020-01-04T20:03:02.874Z,buy,1.319e-05,1448.0,0.01909912
NAV/BTC,1578168182974,2020-01-04T20:03:02.974Z,sell,1.319e-05,841.0,0.01109279
NAV/BTC,1578168184028,2020-01-04T20:03:04.028Z,buy,1.32e-05,1347.0,0.0177804
NAV/BTC,1578168185670,2020-01-04T20:03:05.670Z,buy,1.32e-05,637.0,0.0084084
NAV/BTC,1578168196332,2020-01-04T20:03:16.332Z,sell,1.319e-05,206.0,0.00271714
NAV/BTC,1578168237505,2020-01-04T20:03:57.505Z,buy,1.322e-05,17.0,0.00022474
NAV/BTC,1578168238503,2020-01-04T20:03:58.503Z,buy,1.322e-05,17.0,0.00022474
NAV/BTC,1578168239510,2020-01-04T20:03:59.510Z,buy,1.322e-05,17.0,0.00022474
NAV/BTC,1578168248002,2020-01-04T20:04:08.002Z,sell,1.32e-05,51.0,0.0006732
NAV/BTC,1578168256127,2020-01-04T20:04:16.127Z,buy,1.321e-05,813.0,0.01073973
NAV/BTC,1578168266745,2020-01-04T20:04:26.745Z,sell,1.32e-05,337.0,0.0044484
NAV/BTC,1578168281724,2020-01-04T20:04:41.724Z,sell,1.319e-05,4477.0,0.05905163
NAV/BTC,1578168317655,2020-01-04T20:05:17.655Z,buy,1.322e-05,622.0,0.00822284
NAV/BTC,1578168319345,2020-01-04T20:05:19.345Z,buy,1.322e-05,17.0,0.00022474
NAV/BTC,1578168320349,2020-01-04T20:05:20.349Z,buy,1.322e-05,17.0,0.00022474
NAV/BTC,1578168321355,2020-01-04T20:05:21.355Z,buy,1.322e-05,17.0,0.00022474
NAV/BTC,1578168322374,2020-01-04T20:05:22.374Z,buy,1.322e-05,17.0,0.00022474
NAV/BTC,1578168323427,2020-01-04T20:05:23.427Z,buy,1.322e-05,17.0,0.00022474
NAV/BTC,1578168324420,2020-01-04T20:05:24.420Z,buy,1.322e-05,11.0,0.00014542
NAV/BTC,1578168360888,2020-01-04T20:06:00.888Z,sell,1.32e-05,96.0,0.0012672
NAV/BTC,1578168391485,2020-01-04T20:06:31.485Z,buy,1.322e-05,415.0,0.0054863
NAV/BTC,1578168475752,2020-01-04T20:07:55.752Z,sell,1.32e-05,717.0,0.0094644
NAV/BTC,1578168501699,2020-01-04T20:08:21.699Z,sell,1.319e-05,7065.0,0.09318735
NAV/BTC,1578168619868,2020-01-04T20:10:19.868Z,buy,1.318e-05,152.0,0.00200336
NAV/BTC,1578168647621,2020-01-04T20:10:47.621Z,buy,1.318e-05,60.0,0.0007907999999999
NAV/BTC,1578168752009,2020-01-04T20:12:32.009Z,buy,1.318e-05,15.0,0.0001976999999999
NAV/BTC,1578168789705,2020-01-04T20:13:09.705Z,sell,1.313e-05,2420.0,0.0317746
NAV/BTC,1578168843169,2020-01-04T20:14:03.169Z,sell,1.315e-05,613.0,0.0080609499999999
NAV/BTC,1578168843169,2020-01-04T20:14:03.169Z,sell,1.314e-05,2383.0,0.03131262
NAV/BTC,1578168843169,2020-01-04T20:14:03.169Z,sell,1.31e-05,2882.0,0.0377542
NAV/BTC,1578168843169,2020-01-04T20:14:03.169Z,sell,1.309e-05,2173.0,0.02844457
NAV/BTC,1578168881597,2020-01-04T20:14:41.597Z,sell,1.313e-05,8.0,0.00010504
NAV/BTC,1578168881671,2020-01-04T20:14:41.671Z,buy,1.313e-05,119.0,0.00156247
NAV/BTC,1578168887024,2020-01-04T20:14:47.024Z,sell,1.308e-05,855.0,0.0111834
NAV/BTC,1578169004635,2020-01-04T20:16:44.635Z,buy,1.318e-05,18.0,0.00023724
NAV/BTC,1578169004635,2020-01-04T20:16:44.635Z,buy,1.32e-05,2420.0,0.031944
NAV/BTC,1578169004730,2020-01-04T20:16:44.730Z,buy,1.321e-05,10.0,0.0001321
NAV/BTC,1578169005749,2020-01-04T20:16:45.749Z,buy,1.322e-05,10.0,0.0001322
NAV/BTC,1578169006745,2020-01-04T20:16:46.745Z,buy,1.323e-05,10.0,0.0001323
NAV/BTC,1578169007762,2020-01-04T20:16:47.762Z,buy,1.324e-05,10.0,0.0001324
NAV/BTC,1578169057318,2020-01-04T20:17:37.318Z,sell,1.32e-05,5181.0,0.0683892
NAV/BTC,1578169104744,2020-01-04T20:18:24.744Z,buy,1.325e-05,10.0,0.0001325
NAV/BTC,1578169104744,2020-01-04T20:18:24.744Z,buy,1.326e-05,10.0,0.0001326
NAV/BTC,1578169104744,2020-01-04T20:18:24.744Z,buy,1.327e-05,288.0,0.00382176
NAV/BTC,1578169104744,2020-01-04T20:18:24.744Z,buy,1.328e-05,2368.0,0.03144704
NAV/BTC,1578169105395,2020-01-04T20:18:25.395Z,sell,1.328e-05,587.0,0.00779536
NAV/BTC,1578169105797,2020-01-04T20:18:25.797Z,buy,1.329e-05,10.0,0.0001329
NAV/BTC,1578169105945,2020-01-04T20:18:25.945Z,sell,1.328e-05,2173.0,0.0288574399999999
NAV/BTC,1578169106792,2020-01-04T20:18:26.792Z,buy,1.33e-05,10.0,0.000133
NAV/BTC,1578169107763,2020-01-04T20:18:27.763Z,sell,1.328e-05,377.0,0.00500656
NAV/BTC,1578169108385,2020-01-04T20:18:28.385Z,sell,1.328e-05,3802.0,0.05049056
NAV/BTC,1578169108768,2020-01-04T20:18:28.768Z,sell,1.328e-05,1830.0,0.0243024
NAV/BTC,1578169117005,2020-01-04T20:18:37.005Z,buy,1.331e-05,10.0,0.0001330999999999
NAV/BTC,1578169121963,2020-01-04T20:18:41.963Z,buy,1.332e-05,10.0,0.0001331999999999
NAV/BTC,1578169121963,2020-01-04T20:18:41.963Z,buy,1.333e-05,10.0,0.0001333
NAV/BTC,1578169121963,2020-01-04T20:18:41.963Z,buy,1.334e-05,10.0,0.0001334
NAV/BTC,1578169121963,2020-01-04T20:18:41.963Z,buy,1.335e-05,120.0,0.001602
NAV/BTC,1578169126229,2020-01-04T20:18:46.229Z,buy,1.335e-05,94.0,0.0012549
NAV/BTC,1578169127626,2020-01-04T20:18:47.626Z,buy,1.335e-05,15.0,0.00020025
NAV/BTC,1578169142638,2020-01-04T20:19:02.638Z,buy,1.335e-05,75.0,0.00100125
NAV/BTC,1578169150724,2020-01-04T20:19:10.724Z,buy,1.335e-05,23.0,0.00030705
NAV/BTC,1578169155422,2020-01-04T20:19:15.422Z,buy,1.335e-05,327.0,0.00436545
NAV/BTC,1578169155438,2020-01-04T20:19:15.438Z,sell,1.335e-05,1216.0,0.0162336
NAV/BTC,1578169155520,2020-01-04T20:19:15.520Z,buy,1.336e-05,10.0,0.0001336
NAV/BTC,1578169156546,2020-01-04T20:19:16.546Z,buy,1.337e-05,915.0,0.01223355
NAV/BTC,1578169156837,2020-01-04T20:19:16.837Z,sell,1.335e-05,2110.0,0.0281685
NAV/BTC,1578169157741,2020-01-04T20:19:17.741Z,sell,1.335e-05,113.0,0.00150855
NAV/BTC,1578169159037,2020-01-04T20:19:19.037Z,buy,1.337e-05,15.0,0.00020055
NAV/BTC,1578169160758,2020-01-04T20:19:20.758Z,sell,1.335e-05,375.0,0.0050062499999999
NAV/BTC,1578169167402,2020-01-04T20:19:27.402Z,buy,1.337e-05,79.0,0.00105623
NAV/BTC,1578169173031,2020-01-04T20:19:33.031Z,sell,1.335e-05,37.0,0.0004939499999999
NAV/BTC,1578169176748,2020-01-04T20:19:36.748Z,sell,1.335e-05,52.0,0.0006942
NAV/BTC,1578169190778,2020-01-04T20:19:50.778Z,sell,1.335e-05,3646.0,0.0486741
NAV/BTC,1578169193809,2020-01-04T20:19:53.809Z,sell,1.335e-05,104.0,0.0013884
NAV/BTC,1578169199344,2020-01-04T20:19:59.344Z,sell,1.335e-05,1000.0,0.0133499999999999
NAV/BTC,1578169203044,2020-01-04T20:20:03.044Z,sell,1.335e-05,1805.0,0.02409675
NAV/BTC,1578169204216,2020-01-04T20:20:04.216Z,sell,1.335e-05,1368.0,0.0182628
NAV/BTC,1578169205892,2020-01-04T20:20:05.892Z,sell,1.335e-05,4174.0,0.0557229
NAV/BTC,1578169220907,2020-01-04T20:20:20.907Z,buy,1.336e-05,45.0,0.0006012
NAV/BTC,1578169238121,2020-01-04T20:20:38.121Z,buy,1.336e-05,188.0,0.00251168
NAV/BTC,1578169426164,2020-01-04T20:23:46.164Z,buy,1.336e-05,681.0,0.00909816
NAV/BTC,1578169488078,2020-01-04T20:24:48.078Z,sell,1.331e-05,148.0,0.00196988
NAV/BTC,1578169488078,2020-01-04T20:24:48.078Z,sell,1.33e-05,696.0,0.0092567999999999
NAV/BTC,1578169488078,2020-01-04T20:24:48.078Z,sell,1.329e-05,2903.0,0.0385808699999999
NAV/BTC,1578169490056,2020-01-04T20:24:50.056Z,buy,1.336e-05,1382.0,0.01846352
NAV/BTC,1578169635417,2020-01-04T20:27:15.417Z,sell,1.329e-05,6727.0,0.08940183
NAV/BTC,1578169635417,2020-01-04T20:27:15.417Z,sell,1.328e-05,11145.0,0.1480056
NAV/BTC,1578169635434,2020-01-04T20:27:15.434Z,sell,1.327e-05,18.0,0.00023886
NAV/BTC,1578169688058,2020-01-04T20:28:08.058Z,sell,1.322e-05,1210.0,0.0159962
NAV/BTC,1578169688076,2020-01-04T20:28:08.076Z,sell,1.322e-05,139.0,0.00183758
NAV/BTC,1578169884892,2020-01-04T20:31:24.892Z,sell,1.32e-05,115.0,0.001518
NAV/BTC,1578169897772,2020-01-04T20:31:37.772Z,sell,1.32e-05,301.0,0.0039732
NAV/BTC,1578169897772,2020-01-04T20:31:37.772Z,sell,1.319e-05,61.0,0.00080459
NAV/BTC,1578169897772,2020-01-04T20:31:37.772Z,sell,1.318e-05,319.0,0.0042044199999999
NAV/BTC,1578169899729,2020-01-04T20:31:39.729Z,buy,1.318e-05,52.0,0.00068536
NAV/BTC,1578169925232,2020-01-04T20:32:05.232Z,buy,1.326e-05,37.0,0.00049062
NAV/BTC,1578169975762,2020-01-04T20:32:55.762Z,buy,1.326e-05,346.0,0.00458796
NAV/BTC,1578169975762,2020-01-04T20:32:55.762Z,buy,1.327e-05,18.0,0.00023886
NAV/BTC,1578169975762,2020-01-04T20:32:55.762Z,buy,1.328e-05,2558.0,0.03397024
NAV/BTC,1578170062244,2020-01-04T20:34:22.244Z,sell,1.319e-05,651.0,0.00858669
NAV/BTC,1578170062324,2020-01-04T20:34:22.324Z,sell,1.318e-05,70.0,0.0009226
NAV/BTC,1578170062667,2020-01-04T20:34:22.667Z,buy,1.319e-05,38.0,0.00050122
NAV/BTC,1578170067739,2020-01-04T20:34:27.739Z,buy,1.319e-05,377.0,0.00497263
NAV/BTC,1578170075645,2020-01-04T20:34:35.645Z,buy,1.326e-05,52.0,0.00068952
NAV/BTC,1578170077944,2020-01-04T20:34:37.944Z,sell,1.317e-05,2217.0,0.0291978899999999
NAV/BTC,1578170077953,2020-01-04T20:34:37.953Z,buy,1.317e-05,991.0,0.0130514699999999
NAV/BTC,1578170078023,2020-01-04T20:34:38.023Z,buy,1.317e-05,175.0,0.00230475
NAV/BTC,1578170078068,2020-01-04T20:34:38.068Z,buy,1.317e-05,855.0,0.0112603499999999
NAV/BTC,1578170079837,2020-01-04T20:34:39.837Z,sell,1.316e-05,511.0,0.00672476
NAV/BTC,1578170143809,2020-01-04T20:35:43.809Z,buy,1.326e-05,319.0,0.00422994
NAV/BTC,1578170143809,2020-01-04T20:35:43.809Z,buy,1.327e-05,18.0,0.00023886
NAV/BTC,1578170143809,2020-01-04T20:35:43.809Z,buy,1.328e-05,2298.0,0.03051744
NAV/BTC,1578170143876,2020-01-04T20:35:43.876Z,sell,1.328e-05,288.0,0.00382464
NAV/BTC,1578170159657,2020-01-04T20:35:59.657Z,buy,1.328e-05,779.0,0.01034512
NAV/BTC,1578170159713,2020-01-04T20:35:59.713Z,sell,1.328e-05,826.0,0.01096928
NAV/BTC,1578170159882,2020-01-04T20:35:59.882Z,sell,1.328e-05,3640.0,0.0483392
NAV/BTC,1578170172229,2020-01-04T20:36:12.229Z,buy,1.329e-05,9551.0,0.12693279
NAV/BTC,1578170172229,2020-01-04T20:36:12.229Z,buy,1.33e-05,416.0,0.0055328
NAV/BTC,1578170172229,2020-01-04T20:36:12.229Z,buy,1.331e-05,4029.0,0.05362599
NAV/BTC,1578170172229,2020-01-04T20:36:12.229Z,buy,1.334e-05,1088.0,0.01451392
NAV/BTC,1578170172229,2020-01-04T20:36:12.229Z,buy,1.335e-05,107.0,0.00142845
NAV/BTC,1578170172229,2020-01-04T20:36:12.229Z,buy,1.336e-05,1100.0,0.014696
NAV/BTC,1578170172229,2020-01-04T20:36:12.229Z,buy,1.337e-05,2173.0,0.02905301
NAV/BTC,1578170172229,2020-01-04T20:36:12.229Z,buy,1.338e-05,10.0,0.0001338
NAV/BTC,1578170172229,2020-01-04T20:36:12.229Z,buy,1.339e-05,271.0,0.00362869
NAV/BTC,1578170172229,2020-01-04T20:36:12.229Z,buy,1.34e-05,5055.0,0.067737
NAV/BTC,1578170172229,2020-01-04T20:36:12.229Z,buy,1.341e-05,10.0,0.0001341
NAV/BTC,1578170172229,2020-01-04T20:36:12.229Z,buy,1.342e-05,10.0,0.0001342
NAV/BTC,1578170172229,2020-01-04T20:36:12.229Z,buy,1.343e-05,28.0,0.00037604
NAV/BTC,1578170172229,2020-01-04T20:36:12.229Z,buy,1.344e-05,1020.0,0.0137088
NAV/BTC,1578170172229,2020-01-04T20:36:12.229Z,buy,1.345e-05,1047.0,0.01408215
NAV/BTC,1578170172229,2020-01-04T20:36:12.229Z,buy,1.346e-05,101.0,0.00135946
NAV/BTC,1578170172229,2020-01-04T20:36:12.229Z,buy,1.347e-05,401.0,0.00540147
NAV/BTC,1578170172229,2020-01-04T20:36:12.229Z,buy,1.348e-05,10.0,0.0001348
NAV/BTC,1578170172229,2020-01-04T20:36:12.229Z,buy,1.349e-05,3573.0,0.0481997699999999
NAV/BTC,1578170193642,2020-01-04T20:36:33.642Z,sell,1.34e-05,37.0,0.0004958
NAV/BTC,1578170194851,2020-01-04T20:36:34.851Z,sell,1.34e-05,52.0,0.0006968
NAV/BTC,1578170201251,2020-01-04T20:36:41.251Z,sell,1.34e-05,15.0,0.000201
NAV/BTC,1578170213252,2020-01-04T20:36:53.252Z,sell,1.337e-05,38.0,0.00050806
NAV/BTC,1578170213370,2020-01-04T20:36:53.370Z,sell,1.337e-05,45.0,0.00060165
NAV/BTC,1578170324748,2020-01-04T20:38:44.748Z,sell,1.342e-05,495.0,0.0066429
NAV/BTC,1578170324748,2020-01-04T20:38:44.748Z,sell,1.34e-05,316.0,0.0042344
NAV/BTC,1578170324820,2020-01-04T20:38:44.820Z,buy,1.34e-05,189.0,0.0025326
NAV/BTC,1578170363547,2020-01-04T20:39:23.547Z,sell,1.336e-05,647.0,0.00864392
NAV/BTC,1578170363547,2020-01-04T20:39:23.547Z,sell,1.335e-05,18.0,0.0002402999999999
NAV/BTC,1578170363547,2020-01-04T20:39:23.547Z,sell,1.333e-05,634.0,0.0084512199999999
NAV/BTC,1578170363547,2020-01-04T20:39:23.547Z,sell,1.332e-05,2351.0,0.03131532
NAV/BTC,1578170363547,2020-01-04T20:39:23.547Z,sell,1.331e-05,336.0,0.00447216
NAV/BTC,1578170363547,2020-01-04T20:39:23.547Z,sell,1.33e-05,1253.0,0.0166649
NAV/BTC,1578170401759,2020-01-04T20:40:01.759Z,buy,1.333e-05,75.0,0.00099975
NAV/BTC,1578170401759,2020-01-04T20:40:01.759Z,buy,1.338e-05,909.0,0.01216242
NAV/BTC,1578170401784,2020-01-04T20:40:01.784Z,sell,1.338e-05,466.0,0.00623508
NAV/BTC,1578170401797,2020-01-04T20:40:01.797Z,sell,1.338e-05,189.0,0.00252882
NAV/BTC,1578170416785,2020-01-04T20:40:16.785Z,buy,1.34e-05,808.0,0.0108272
NAV/BTC,1578170447775,2020-01-04T20:40:47.775Z,buy,1.341e-05,782.0,0.01048662
NAV/BTC,1578170447775,2020-01-04T20:40:47.775Z,buy,1.342e-05,66.0,0.00088572
NAV/BTC,1578170447775,2020-01-04T20:40:47.775Z,buy,1.343e-05,2770.0,0.0372011
NAV/BTC,1578170455950,2020-01-04T20:40:55.950Z,sell,1.343e-05,2594.0,0.03483742
NAV/BTC,1578170461429,2020-01-04T20:41:01.429Z,sell,1.343e-05,1727.0,0.02319361
NAV/BTC,1578170462126,2020-01-04T20:41:02.126Z,buy,1.343e-05,123.0,0.00165189
NAV/BTC,1578170527508,2020-01-04T20:42:07.508Z,buy,1.343e-05,15.0,0.00020145
NAV/BTC,1578170707516,2020-01-04T20:45:07.516Z,sell,1.336e-05,30.0,0.0004008
NAV/BTC,1578170711185,2020-01-04T20:45:11.185Z,buy,1.336e-05,3970.0,0.0530392
NAV/BTC,1578170711185,2020-01-04T20:45:11.185Z,buy,1.339e-05,516.0,0.00690924
NAV/BTC,1578170711185,2020-01-04T20:45:11.185Z,buy,1.34e-05,5673.0,0.0760182
NAV/BTC,1578170712711,2020-01-04T20:45:12.711Z,buy,1.34e-05,11224.0,0.1504016
NAV/BTC,1578170735816,2020-01-04T20:45:35.816Z,sell,1.335e-05,18.0,0.0002402999999999
NAV/BTC,1578170735816,2020-01-04T20:45:35.816Z,sell,1.33e-05,43.0,0.0005719
NAV/BTC,1578170735816,2020-01-04T20:45:35.816Z,sell,1.33e-05,12.0,0.0001596
NAV/BTC,1578170768860,2020-01-04T20:46:08.860Z,sell,1.331e-05,129.0,0.00171699
NAV/BTC,1578170935148,2020-01-04T20:48:55.148Z,sell,1.33e-05,1380.0,0.018354
NAV/BTC,1578170979791,2020-01-04T20:49:39.791Z,buy,1.33e-05,77.0,0.0010241
NAV/BTC,1578171166132,2020-01-04T20:52:46.132Z,sell,1.329e-05,77.0,0.00102333
NAV/BTC,1578171402081,2020-01-04T20:56:42.081Z,sell,1.329e-05,240.0,0.0031896
NAV/BTC,1578171411795,2020-01-04T20:56:51.795Z,sell,1.329e-05,79.0,0.00104991
NAV/BTC,1578171411795,2020-01-04T20:56:51.795Z,sell,1.329e-05,79.0,0.00104991
NAV/BTC,1578171685845,2020-01-04T21:01:25.845Z,sell,1.327e-05,18.0,0.00023886
NAV/BTC,1578171696450,2020-01-04T21:01:36.450Z,sell,1.326e-05,25.0,0.0003315
NAV/BTC,1578171743155,2020-01-04T21:02:23.155Z,sell,1.326e-05,25.0,0.0003315
NAV/BTC,1578171743155,2020-01-04T21:02:23.155Z,sell,1.325e-05,951.0,0.01260075
NAV/BTC,1578171756029,2020-01-04T21:02:36.029Z,buy,1.325e-05,50.0,0.0006625
NAV/BTC,1578171779608,2020-01-04T21:02:59.608Z,sell,1.324e-05,61.0,0.00080764
NAV/BTC,1578171808222,2020-01-04T21:03:28.222Z,sell,1.318e-05,107.0,0.00141026
NAV/BTC,1578171867084,2020-01-04T21:04:27.084Z,sell,1.317e-05,396.0,0.00521532
NAV/BTC,1578171867195,2020-01-04T21:04:27.195Z,buy,1.317e-05,436.0,0.00574212
NAV/BTC,1578171873403,2020-01-04T21:04:33.403Z,buy,1.325e-05,37.0,0.00049025
NAV/BTC,1578171875870,2020-01-04T21:04:35.870Z,buy,1.325e-05,52.0,0.000689
NAV/BTC,1578172063971,2020-01-04T21:07:43.971Z,sell,1.317e-05,292.0,0.00384564
NAV/BTC,1578172310406,2020-01-04T21:11:50.406Z,sell,1.317e-05,475.0,0.00625575
NAV/BTC,1578172310444,2020-01-04T21:11:50.444Z,buy,1.317e-05,312.0,0.00410904
NAV/BTC,1578172676968,2020-01-04T21:17:56.968Z,sell,1.316e-05,26.0,0.00034216
NAV/BTC,1578172676968,2020-01-04T21:17:56.968Z,sell,1.315e-05,391.0,0.00514165
NAV/BTC,1578172676968,2020-01-04T21:17:56.968Z,sell,1.314e-05,2644.0,0.03474216
NAV/BTC,1578172676993,2020-01-04T21:17:56.993Z,buy,1.314e-05,461.0,0.00605754
NAV/BTC,1578172747131,2020-01-04T21:19:07.131Z,buy,1.315e-05,100.0,0.001315
NAV/BTC,1578172795324,2020-01-04T21:19:55.324Z,buy,1.327e-05,401.0,0.00532127
NAV/BTC,1578172795324,2020-01-04T21:19:55.324Z,buy,1.328e-05,2358.0,0.03131424
NAV/BTC,1578172795324,2020-01-04T21:19:55.324Z,buy,1.329e-05,200.0,0.0026579999999999
NAV/BTC,1578172795324,2020-01-04T21:19:55.324Z,buy,1.331e-05,383.0,0.00509773
NAV/BTC,1578172795324,2020-01-04T21:19:55.324Z,buy,1.334e-05,105.0,0.0014007
NAV/BTC,1578172795324,2020-01-04T21:19:55.324Z,buy,1.335e-05,2844.0,0.0379674
NAV/BTC,1578172795324,2020-01-04T21:19:55.324Z,buy,1.338e-05,3185.0,0.0426153
NAV/BTC,1578172795324,2020-01-04T21:19:55.324Z,buy,1.34e-05,7554.0,0.1012236
NAV/BTC,1578172795324,2020-01-04T21:19:55.324Z,buy,1.342e-05,319.0,0.00428098
NAV/BTC,1578172795324,2020-01-04T21:19:55.324Z,buy,1.343e-05,37.0,0.00049691
NAV/BTC,1578172795324,2020-01-04T21:19:55.324Z,buy,1.344e-05,113.0,0.00151872
NAV/BTC,1578172795324,2020-01-04T21:19:55.324Z,buy,1.349e-05,1320.0,0.0178068
NAV/BTC,1578172795324,2020-01-04T21:19:55.324Z,buy,1.35e-05,1750.0,0.023625
NAV/BTC,1578172795324,2020-01-04T21:19:55.324Z,buy,1.351e-05,315.0,0.00425565
NAV/BTC,1578172795324,2020-01-04T21:19:55.324Z,buy,1.352e-05,99.0,0.00133848
NAV/BTC,1578172795324,2020-01-04T21:19:55.324Z,buy,1.353e-05,1590.0,0.0215127
NAV/BTC,1578172795324,2020-01-04T21:19:55.324Z,buy,1.354e-05,136.0,0.00184144
NAV/BTC,1578172795324,2020-01-04T21:19:55.324Z,buy,1.355e-05,2032.0,0.0275336
NAV/BTC,1578172795324,2020-01-04T21:19:55.324Z,buy,1.356e-05,547.0,0.00741732
NAV/BTC,1578172795324,2020-01-04T21:19:55.324Z,buy,1.357e-05,10.0,0.0001357
NAV/BTC,1578172795324,2020-01-04T21:19:55.324Z,buy,1.358e-05,10.0,0.0001358
NAV/BTC,1578172795324,2020-01-04T21:19:55.324Z,buy,1.359e-05,7530.0,0.1023327
NAV/BTC,1578172795324,2020-01-04T21:19:55.324Z,buy,1.36e-05,1696.0,0.0230656
NAV/BTC,1578172795324,2020-01-04T21:19:55.324Z,buy,1.361e-05,301.0,0.00409661
NAV/BTC,1578172795324,2020-01-04T21:19:55.324Z,buy,1.362e-05,10.0,0.0001362
NAV/BTC,1578172795324,2020-01-04T21:19:55.324Z,buy,1.363e-05,10.0,0.0001363
NAV/BTC,1578172795324,2020-01-04T21:19:55.324Z,buy,1.364e-05,10.0,0.0001364
NAV/BTC,1578172795324,2020-01-04T21:19:55.324Z,buy,1.365e-05,110.0,0.0015015
NAV/BTC,1578172795324,2020-01-04T21:19:55.324Z,buy,1.366e-05,10.0,0.0001365999999999
NAV/BTC,1578172795324,2020-01-04T21:19:55.324Z,buy,1.367e-05,324.0,0.00442908
NAV/BTC,1578172795324,2020-01-04T21:19:55.324Z,buy,1.368e-05,128.0,0.00175104
NAV/BTC,1578172795324,2020-01-04T21:19:55.324Z,buy,1.369e-05,99.0,0.00135531
NAV/BTC,1578172795324,2020-01-04T21:19:55.324Z,buy,1.37e-05,4099.0,0.0561563
NAV/BTC,1578172795324,2020-01-04T21:19:55.324Z,buy,1.371e-05,50.0,0.0006854999999999
NAV/BTC,1578172795324,2020-01-04T21:19:55.324Z,buy,1.374e-05,175.0,0.0024045
NAV/BTC,1578172795324,2020-01-04T21:19:55.324Z,buy,1.375e-05,6369.0,0.08757375
NAV/BTC,1578172795324,2020-01-04T21:19:55.324Z,buy,1.376e-05,570.0,0.0078432
NAV/BTC,1578172795324,2020-01-04T21:19:55.324Z,buy,1.378e-05,4735.0,0.0652483
NAV/BTC,1578172795324,2020-01-04T21:19:55.324Z,buy,1.379e-05,145.0,0.00199955
NAV/BTC,1578172795324,2020-01-04T21:19:55.324Z,buy,1.38e-05,810.0,0.011178
NAV/BTC,1578172795324,2020-01-04T21:19:55.324Z,buy,1.383e-05,50.0,0.0006915
NAV/BTC,1578172795324,2020-01-04T21:19:55.324Z,buy,1.384e-05,1027.0,0.01421368
NAV/BTC,1578172795324,2020-01-04T21:19:55.324Z,buy,1.385e-05,4995.0,0.06918075
NAV/BTC,1578172795324,2020-01-04T21:19:55.324Z,buy,1.386e-05,100.0,0.0013859999999999
NAV/BTC,1578172795324,2020-01-04T21:19:55.324Z,buy,1.387e-05,89.0,0.00123443
NAV/BTC,1578172795324,2020-01-04T21:19:55.324Z,buy,1.388e-05,12.0,0.00016656
NAV/BTC,1578172795324,2020-01-04T21:19:55.324Z,buy,1.39e-05,19380.0,0.269382
NAV/BTC,1578172795324,2020-01-04T21:19:55.324Z,buy,1.391e-05,745.0,0.01036295
NAV/BTC,1578172795324,2020-01-04T21:19:55.324Z,buy,1.393e-05,20106.0,0.28007658
NAV/BTC,1578172795324,2020-01-04T21:19:55.324Z,buy,1.394e-05,50.0,0.000697
NAV/BTC,1578172795324,2020-01-04T21:19:55.324Z,buy,1.395e-05,300.0,0.004185
NAV/BTC,1578172795324,2020-01-04T21:19:55.324Z,buy,1.397e-05,3537.0,0.04941189
NAV/BTC,1578172795324,2020-01-04T21:19:55.324Z,buy,1.398e-05,7799.0,0.10903002
NAV/BTC,1578172795324,2020-01-04T21:19:55.324Z,buy,1.399e-05,5275.0,0.07379725
NAV/BTC,1578172795324,2020-01-04T21:19:55.324Z,buy,1.4e-05,16574.0,0.232036
NAV/BTC,1578172795324,2020-01-04T21:19:55.324Z,buy,1.401e-05,1458.0,0.02042658
NAV/BTC,1578172795324,2020-01-04T21:19:55.324Z,buy,1.402e-05,607.0,0.00851014
NAV/BTC,1578172795324,2020-01-04T21:19:55.324Z,buy,1.403e-05,209.0,0.00293227
NAV/BTC,1578172795324,2020-01-04T21:19:55.324Z,buy,1.404e-05,189.0,0.0026535599999999
NAV/BTC,1578172795324,2020-01-04T21:19:55.324Z,buy,1.405e-05,2149.0,0.03019345
NAV/BTC,1578172795324,2020-01-04T21:19:55.324Z,buy,1.407e-05,3076.0,0.04327932
NAV/BTC,1578172795324,2020-01-04T21:19:55.324Z,buy,1.408e-05,829.0,0.01167232
NAV/BTC,1578172795324,2020-01-04T21:19:55.324Z,buy,1.409e-05,737.0,0.01038433
NAV/BTC,1578172795324,2020-01-04T21:19:55.324Z,buy,1.414e-05,703.0,0.00994042
NAV/BTC,1578172795324,2020-01-04T21:19:55.324Z,buy,1.415e-05,12476.0,0.1765354
NAV/BTC,1578172795324,2020-01-04T21:19:55.324Z,buy,1.416e-05,2569.0,0.03637704
NAV/BTC,1578172795324,2020-01-04T21:19:55.324Z,buy,1.417e-05,17900.0,0.253643
NAV/BTC,1578172795324,2020-01-04T21:19:55.324Z,buy,1.418e-05,555.0,0.0078698999999999
NAV/BTC,1578172795324,2020-01-04T21:19:55.324Z,buy,1.419e-05,5871.0,0.08330949
NAV/BTC,1578172795324,2020-01-04T21:19:55.324Z,buy,1.42e-05,1133.0,0.0160885999999999
NAV/BTC,1578172795324,2020-01-04T21:19:55.324Z,buy,1.421e-05,5835.0,0.08291535
NAV/BTC,1578172795324,2020-01-04T21:19:55.324Z,buy,1.422e-05,100.0,0.0014219999999999
NAV/BTC,1578172795324,2020-01-04T21:19:55.324Z,buy,1.423e-05,2519.0,0.03584537
NAV/BTC,1578172795324,2020-01-04T21:19:55.324Z,buy,1.424e-05,5724.0,0.08150976
NAV/BTC,1578172795324,2020-01-04T21:19:55.324Z,buy,1.425e-05,99.0,0.00141075
NAV/BTC,1578172795324,2020-01-04T21:19:55.324Z,buy,1.426e-05,5018.0,0.07155668
NAV/BTC,1578172795324,2020-01-04T21:19:55.324Z,buy,1.427e-05,1500.0,0.021405
NAV/BTC,1578172795324,2020-01-04T21:19:55.324Z,buy,1.428e-05,4231.0,0.06041868
NAV/BTC,1578172795324,2020-01-04T21:19:55.324Z,buy,1.429e-05,4372.0,0.06247588
NAV/BTC,1578172795324,2020-01-04T21:19:55.324Z,buy,1.43e-05,1911.0,0.0273273
NAV/BTC,1578172795324,2020-01-04T21:19:55.324Z,buy,1.432e-05,11.0,0.00015752
NAV/BTC,1578172795324,2020-01-04T21:19:55.324Z,buy,1.434e-05,18.0,0.00025812
NAV/BTC,1578172795324,2020-01-04T21:19:55.324Z,buy,1.435e-05,1000.0,0.01435
NAV/BTC,1578172795324,2020-01-04T21:19:55.324Z,buy,1.436e-05,2777.0,0.03987772
NAV/BTC,1578172795324,2020-01-04T21:19:55.324Z,buy,1.437e-05,1500.0,0.0215549999999999
NAV/BTC,1578172795324,2020-01-04T21:19:55.324Z,buy,1.438e-05,89.0,0.0012798199999999
NAV/BTC,1578172795324,2020-01-04T21:19:55.324Z,buy,1.439e-05,587.0,0.00844693
NAV/BTC,1578172795324,2020-01-04T21:19:55.324Z,buy,1.44e-05,28123.0,0.4049712
NAV/BTC,1578172795324,2020-01-04T21:19:55.324Z,buy,1.441e-05,253.0,0.00364573
NAV/BTC,1578172795324,2020-01-04T21:19:55.324Z,buy,1.442e-05,473.0,0.0068206599999999
NAV/BTC,1578172795324,2020-01-04T21:19:55.324Z,buy,1.443e-05,18.0,0.00025974
NAV/BTC,1578172795324,2020-01-04T21:19:55.324Z,buy,1.444e-05,268.0,0.00386992
NAV/BTC,1578172795324,2020-01-04T21:19:55.324Z,buy,1.445e-05,1107.0,0.01599615
NAV/BTC,1578172795324,2020-01-04T21:19:55.324Z,buy,1.446e-05,12.0,0.00017352
NAV/BTC,1578172795324,2020-01-04T21:19:55.324Z,buy,1.447e-05,1014.0,0.01467258
NAV/BTC,1578172795324,2020-01-04T21:19:55.324Z,buy,1.45e-05,6601.0,0.0957145
NAV/BTC,1578172795324,2020-01-04T21:19:55.324Z,buy,1.451e-05,18.0,0.00026118
NAV/BTC,1578172795324,2020-01-04T21:19:55.324Z,buy,1.452e-05,1547.0,0.02246244
NAV/BTC,1578172795324,2020-01-04T21:19:55.324Z,buy,1.453e-05,286.0,0.00415558
NAV/BTC,1578172795324,2020-01-04T21:19:55.324Z,buy,1.387e-05,139.0,0.00192793
NAV/BTC,1578172795453,2020-01-04T21:19:55.453Z,buy,1.333e-05,408.0,0.00543864
NAV/BTC,1578172795456,2020-01-04T21:19:55.456Z,buy,1.333e-05,359.0,0.00478547
NAV/BTC,1578172795611,2020-01-04T21:19:55.611Z,sell,1.348e-05,990.0,0.0133452
NAV/BTC,1578172796139,2020-01-04T21:19:56.139Z,sell,1.366e-05,976.0,0.01333216
NAV/BTC,1578172796139,2020-01-04T21:19:56.139Z,sell,1.365e-05,383.0,0.00522795
NAV/BTC,1578172796139,2020-01-04T21:19:56.139Z,sell,1.364e-05,372.0,0.00507408
NAV/BTC,1578172797191,2020-01-04T21:19:57.191Z,buy,1.386e-05,25.0,0.0003464999999999
NAV/BTC,1578172797594,2020-01-04T21:19:57.594Z,buy,1.386e-05,14.0,0.0001940399999999
NAV/BTC,1578172797805,2020-01-04T21:19:57.805Z,sell,1.376e-05,537.0,0.00738912
NAV/BTC,1578172797805,2020-01-04T21:19:57.805Z,sell,1.369e-05,516.0,0.00706404
NAV/BTC,1578172798105,2020-01-04T21:19:58.105Z,buy,1.386e-05,10.0,0.0001386
NAV/BTC,1578172798243,2020-01-04T21:19:58.243Z,buy,1.386e-05,537.0,0.0074428199999999
NAV/BTC,1578172798504,2020-01-04T21:19:58.504Z,buy,1.386e-05,36.0,0.00049896
NAV/BTC,1578172799066,2020-01-04T21:19:59.066Z,buy,1.386e-05,870.0,0.0120582
NAV/BTC,1578172799066,2020-01-04T21:19:59.066Z,buy,1.387e-05,129.0,0.00178923
NAV/BTC,1578172799133,2020-01-04T21:19:59.133Z,buy,1.396e-05,1569.0,0.02190324
NAV/BTC,1578172799230,2020-01-04T21:19:59.230Z,buy,1.397e-05,537.0,0.00750189
NAV/BTC,1578172799704,2020-01-04T21:19:59.704Z,sell,1.419e-05,779.0,0.01105401
NAV/BTC,1578172799778,2020-01-04T21:19:59.778Z,sell,1.419e-05,537.0,0.00762003
NAV/BTC,1578172799909,2020-01-04T21:19:59.909Z,sell,1.419e-05,154.0,0.00218526
NAV/BTC,1578172800087,2020-01-04T21:20:00.087Z,sell,1.419e-05,848.0,0.01203312
NAV/BTC,1578172800865,2020-01-04T21:20:00.865Z,sell,1.419e-05,8.0,0.00011352
NAV/BTC,1578172801331,2020-01-04T21:20:01.331Z,sell,1.419e-05,324.0,0.00459756
NAV/BTC,1578172801335,2020-01-04T21:20:01.335Z,sell,1.419e-05,88.0,0.00124872
NAV/BTC,1578172801344,2020-01-04T21:20:01.344Z,sell,1.42e-05,554.0,0.0078668
NAV/BTC,1578172801344,2020-01-04T21:20:01.344Z,sell,1.419e-05,166.0,0.00235554
NAV/BTC,1578172801344,2020-01-04T21:20:01.344Z,sell,1.418e-05,537.0,0.00761466
NAV/BTC,1578172801344,2020-01-04T21:20:01.344Z,sell,1.417e-05,12.0,0.00017004
NAV/BTC,1578172801344,2020-01-04T21:20:01.344Z,sell,1.416e-05,1325.0,0.018762
NAV/BTC,1578172801792,2020-01-04T21:20:01.792Z,sell,1.42e-05,383.0,0.0054386
NAV/BTC,1578172801792,2020-01-04T21:20:01.792Z,sell,1.416e-05,887.0,0.01255992
NAV/BTC,1578172801792,2020-01-04T21:20:01.792Z,sell,1.409e-05,18.0,0.00025362
NAV/BTC,1578172801792,2020-01-04T21:20:01.792Z,sell,1.403e-05,1306.0,0.0183231799999999
NAV/BTC,1578172802110,2020-01-04T21:20:02.110Z,sell,1.42e-05,384.0,0.0054528
NAV/BTC,1578172802208,2020-01-04T21:20:02.208Z,buy,1.412e-05,25.0,0.000353
NAV/BTC,1578172802208,2020-01-04T21:20:02.208Z,buy,1.414e-05,184.0,0.00260176
NAV/BTC,1578172802254,2020-01-04T21:20:02.254Z,sell,1.404e-05,814.0,0.0114285599999999
NAV/BTC,1578172802254,2020-01-04T21:20:02.254Z,sell,1.403e-05,1780.0,0.0249734
NAV/BTC,1578172802592,2020-01-04T21:20:02.592Z,buy,1.413e-05,18.0,0.00025434
NAV/BTC,1578172802666,2020-01-04T21:20:02.666Z,buy,1.413e-05,18.0,0.00025434
NAV/BTC,1578172802848,2020-01-04T21:20:02.848Z,sell,1.404e-05,277.0,0.0038890799999999
NAV/BTC,1578172802993,2020-01-04T21:20:02.993Z,buy,1.413e-05,18.0,0.00025434
NAV/BTC,1578172803350,2020-01-04T21:20:03.350Z,sell,1.404e-05,41.0,0.00057564
NAV/BTC,1578172803350,2020-01-04T21:20:03.350Z,sell,1.403e-05,1467.0,0.0205820099999999
NAV/BTC,1578172803350,2020-01-04T21:20:03.350Z,sell,1.402e-05,1086.0,0.01522572
NAV/BTC,1578172803640,2020-01-04T21:20:03.640Z,buy,1.413e-05,18.0,0.00025434
NAV/BTC,1578172803983,2020-01-04T21:20:03.983Z,buy,1.403e-05,79.0,0.00110837
NAV/BTC,1578172803983,2020-01-04T21:20:03.983Z,buy,1.413e-05,202.0,0.00285426
NAV/BTC,1578172804584,2020-01-04T21:20:04.584Z,sell,1.402e-05,698.0,0.00978596
NAV/BTC,1578172804940,2020-01-04T21:20:04.940Z,sell,1.401e-05,301.0,0.00421701
NAV/BTC,1578172804940,2020-01-04T21:20:04.940Z,sell,1.4e-05,261.0,0.003654
NAV/BTC,1578172804940,2020-01-04T21:20:04.940Z,sell,1.397e-05,253.0,0.00353441
NAV/BTC,1578172806485,2020-01-04T21:20:06.485Z,sell,1.397e-05,39.0,0.00054483
NAV/BTC,1578172808069,2020-01-04T21:20:08.069Z,buy,1.401e-05,37.0,0.00051837
NAV/BTC,1578172808177,2020-01-04T21:20:08.177Z,buy,1.401e-05,35.0,0.00049035
NAV/BTC,1578172808388,2020-01-04T21:20:08.388Z,buy,1.401e-05,35.0,0.00049035
NAV/BTC,1578172808482,2020-01-04T21:20:08.482Z,sell,1.397e-05,39.0,0.00054483
NAV/BTC,1578172808819,2020-01-04T21:20:08.819Z,buy,1.401e-05,37.0,0.00051837
NAV/BTC,1578172809459,2020-01-04T21:20:09.459Z,sell,1.397e-05,79.0,0.00110363
NAV/BTC,1578172809475,2020-01-04T21:20:09.475Z,sell,1.397e-05,127.0,0.00177419
NAV/BTC,1578172809475,2020-01-04T21:20:09.475Z,sell,1.393e-05,18.0,0.00025074
NAV/BTC,1578172809475,2020-01-04T21:20:09.475Z,sell,1.392e-05,5.0,6.96e-05
NAV/BTC,1578172809484,2020-01-04T21:20:09.484Z,sell,1.392e-05,148.0,0.00206016
NAV/BTC,1578172809626,2020-01-04T21:20:09.626Z,sell,1.392e-05,662.0,0.00921504
NAV/BTC,1578172809642,2020-01-04T21:20:09.642Z,sell,1.392e-05,45.0,0.0006264
NAV/BTC,1578172809988,2020-01-04T21:20:09.988Z,buy,1.401e-05,50.0,0.0007005
NAV/BTC,1578172810397,2020-01-04T21:20:10.397Z,buy,1.401e-05,100.0,0.001401
NAV/BTC,1578172811427,2020-01-04T21:20:11.427Z,sell,1.394e-05,50.0,0.000697
NAV/BTC,1578172812200,2020-01-04T21:20:12.200Z,sell,1.388e-05,12.0,0.00016656
NAV/BTC,1578172812200,2020-01-04T21:20:12.200Z,sell,1.387e-05,25.0,0.00034675
NAV/BTC,1578172813404,2020-01-04T21:20:13.404Z,buy,1.399e-05,52.0,0.00072748
NAV/BTC,1578172813653,2020-01-04T21:20:13.653Z,buy,1.399e-05,86.0,0.00120314
NAV/BTC,1578172813667,2020-01-04T21:20:13.667Z,buy,1.399e-05,143.0,0.00200057
NAV/BTC,1578172813956,2020-01-04T21:20:13.956Z,sell,1.388e-05,60.0,0.0008328
NAV/BTC,1578172816034,2020-01-04T21:20:16.034Z,sell,1.388e-05,52.0,0.00072176
NAV/BTC,1578172816192,2020-01-04T21:20:16.192Z,buy,1.389e-05,172.0,0.00238908
NAV/BTC,1578172816259,2020-01-04T21:20:16.259Z,sell,1.388e-05,169.0,0.00234572
NAV/BTC,1578172816259,2020-01-04T21:20:16.259Z,sell,1.387e-05,407.0,0.0056450899999999
NAV/BTC,1578172816261,2020-01-04T21:20:16.261Z,sell,1.387e-05,144.0,0.0019972799999999
NAV/BTC,1578172816261,2020-01-04T21:20:16.261Z,sell,1.386e-05,100.0,0.0013859999999999
NAV/BTC,1578172819263,2020-01-04T21:20:19.263Z,sell,1.385e-05,32.0,0.0004432
NAV/BTC,1578172819812,2020-01-04T21:20:19.812Z,buy,1.384e-05,211.0,0.0029202399999999
NAV/BTC,1578172819812,2020-01-04T21:20:19.812Z,buy,1.387e-05,215.0,0.00298205
NAV/BTC,1578172819812,2020-01-04T21:20:19.812Z,buy,1.388e-05,359.0,0.00498292
NAV/BTC,1578172819812,2020-01-04T21:20:19.812Z,buy,1.389e-05,7215.0,0.10021635
NAV/BTC,1578172820147,2020-01-04T21:20:20.147Z,buy,1.388e-05,791.0,0.0109790799999999
NAV/BTC,1578172820147,2020-01-04T21:20:20.147Z,buy,1.389e-05,6676.0,0.09272964
NAV/BTC,1578172820761,2020-01-04T21:20:20.761Z,buy,1.393e-05,18.0,0.00025074
NAV/BTC,1578172826294,2020-01-04T21:20:26.294Z,buy,1.4e-05,450.0,0.0063
NAV/BTC,1578172830400,2020-01-04T21:20:30.400Z,buy,1.4e-05,35.0,0.00049
NAV/BTC,1578172833938,2020-01-04T21:20:33.938Z,buy,1.4e-05,37.0,0.000518
NAV/BTC,1578172835842,2020-01-04T21:20:35.842Z,buy,1.4e-05,50.0,0.0007
NAV/BTC,1578172837850,2020-01-04T21:20:37.850Z,buy,1.4e-05,415.0,0.00581
NAV/BTC,1578172837977,2020-01-04T21:20:37.977Z,buy,1.401e-05,18.0,0.00025218
NAV/BTC,1578172837977,2020-01-04T21:20:37.977Z,buy,1.402e-05,34.0,0.00047668
NAV/BTC,1578172838515,2020-01-04T21:20:38.515Z,buy,1.402e-05,100.0,0.001402
NAV/BTC,1578172839025,2020-01-04T21:20:39.025Z,buy,1.402e-05,138.0,0.00193476
NAV/BTC,1578172839047,2020-01-04T21:20:39.047Z,buy,1.404e-05,37.0,0.00051948
NAV/BTC,1578172839408,2020-01-04T21:20:39.408Z,buy,1.409e-05,18.0,0.00025362
NAV/BTC,1578172839408,2020-01-04T21:20:39.408Z,buy,1.412e-05,34.0,0.00048008
NAV/BTC,1578172841075,2020-01-04T21:20:41.075Z,sell,1.404e-05,300.0,0.004212
NAV/BTC,1578172843184,2020-01-04T21:20:43.184Z,sell,1.409e-05,55.0,0.00077495
NAV/BTC,1578172847544,2020-01-04T21:20:47.544Z,sell,1.409e-05,81.0,0.00114129
NAV/BTC,1578172847766,2020-01-04T21:20:47.766Z,sell,1.404e-05,14.0,0.00019656
NAV/BTC,1578172847902,2020-01-04T21:20:47.902Z,sell,1.404e-05,370.0,0.0051947999999999
NAV/BTC,1578172847902,2020-01-04T21:20:47.902Z,sell,1.403e-05,2.0,2.806e-05
NAV/BTC,1578172851164,2020-01-04T21:20:51.164Z,buy,1.406e-05,72.0,0.00101232
NAV/BTC,1578172852350,2020-01-04T21:20:52.350Z,sell,1.404e-05,36.0,0.00050544
NAV/BTC,1578172852727,2020-01-04T21:20:52.727Z,sell,1.404e-05,10.0,0.0001404
NAV/BTC,1578172854573,2020-01-04T21:20:54.573Z,sell,1.404e-05,720.0,0.0101088
NAV/BTC,1578172854573,2020-01-04T21:20:54.573Z,sell,1.401e-05,18.0,0.00025218
NAV/BTC,1578172854573,2020-01-04T21:20:54.573Z,sell,1.4e-05,2125.0,0.02975
NAV/BTC,1578172854573,2020-01-04T21:20:54.573Z,sell,1.398e-05,1690.0,0.0236262
NAV/BTC,1578172864328,2020-01-04T21:21:04.328Z,sell,1.393e-05,18.0,0.00025074
NAV/BTC,1578172864328,2020-01-04T21:21:04.328Z,sell,1.392e-05,19.0,0.00026448
NAV/BTC,1578172868966,2020-01-04T21:21:08.966Z,buy,1.401e-05,292.0,0.00409092
NAV/BTC,1578172868966,2020-01-04T21:21:08.966Z,buy,1.403e-05,395.0,0.00554185
NAV/BTC,1578172869156,2020-01-04T21:21:09.156Z,sell,1.403e-05,1374.0,0.0192772199999999
NAV/BTC,1578172882840,2020-01-04T21:21:22.840Z,buy,1.404e-05,152.0,0.00213408
NAV/BTC,1578172885068,2020-01-04T21:21:25.068Z,sell,1.405e-05,395.0,0.00554975
NAV/BTC,1578172885068,2020-01-04T21:21:25.068Z,sell,1.404e-05,401.0,0.0056300399999999
NAV/BTC,1578172885270,2020-01-04T21:21:25.270Z,sell,1.404e-05,1981.0,0.02781324
NAV/BTC,1578172885270,2020-01-04T21:21:25.270Z,sell,1.403e-05,1980.0,0.0277794
NAV/BTC,1578172886409,2020-01-04T21:21:26.409Z,buy,1.4e-05,1792.0,0.025088
NAV/BTC,1578172886514,2020-01-04T21:21:26.514Z,buy,1.4e-05,347.0,0.004858
NAV/BTC,1578172895620,2020-01-04T21:21:35.620Z,sell,1.393e-05,18.0,0.00025074
NAV/BTC,1578172895620,2020-01-04T21:21:35.620Z,sell,1.392e-05,34.0,0.00047328
NAV/BTC,1578172902356,2020-01-04T21:21:42.356Z,buy,1.4e-05,1367.0,0.019138
NAV/BTC,1578172918239,2020-01-04T21:21:58.239Z,sell,1.4e-05,8497.0,0.118958
NAV/BTC,1578172927209,2020-01-04T21:22:07.209Z,buy,1.401e-05,18.0,0.00025218
NAV/BTC,1578172927209,2020-01-04T21:22:07.209Z,buy,1.403e-05,2389.0,0.03351767
NAV/BTC,1578172927209,2020-01-04T21:22:07.209Z,buy,1.406e-05,383.0,0.0053849799999999
NAV/BTC,1578172927209,2020-01-04T21:22:07.209Z,buy,1.407e-05,2323.0,0.03268461
NAV/BTC,1578172927209,2020-01-04T21:22:07.209Z,buy,1.408e-05,418.0,0.00588544
NAV/BTC,1578172931978,2020-01-04T21:22:11.978Z,buy,1.406e-05,767.0,0.01078402
NAV/BTC,1578172931978,2020-01-04T21:22:11.978Z,buy,1.408e-05,1046.0,0.01472768
NAV/BTC,1578172943660,2020-01-04T21:22:23.660Z,sell,1.401e-05,222.0,0.00311022
NAV/BTC,1578172948357,2020-01-04T21:22:28.357Z,buy,1.406e-05,2537.0,0.0356702199999999
NAV/BTC,1578172948377,2020-01-04T21:22:28.377Z,buy,1.408e-05,640.0,0.0090112
NAV/BTC,1578172948377,2020-01-04T21:22:28.377Z,buy,1.409e-05,18.0,0.00025362
NAV/BTC,1578172951981,2020-01-04T21:22:31.981Z,buy,1.412e-05,222.0,0.00313464
NAV/BTC,1578172951996,2020-01-04T21:22:31.996Z,buy,1.413e-05,187.0,0.00264231
NAV/BTC,1578172951996,2020-01-04T21:22:31.996Z,buy,1.415e-05,959.0,0.01356985
NAV/BTC,1578172955051,2020-01-04T21:22:35.051Z,buy,1.416e-05,333.0,0.00471528
NAV/BTC,1578172955051,2020-01-04T21:22:35.051Z,buy,1.417e-05,12.0,0.00017004
NAV/BTC,1578172955051,2020-01-04T21:22:35.051Z,buy,1.418e-05,301.0,0.00426818
NAV/BTC,1578172955055,2020-01-04T21:22:35.055Z,buy,1.418e-05,254.0,0.00360172
NAV/BTC,1578172955432,2020-01-04T21:22:35.432Z,sell,1.413e-05,203.0,0.00286839
NAV/BTC,1578172957976,2020-01-04T21:22:37.976Z,sell,1.413e-05,631.0,0.00891603
NAV/BTC,1578172957976,2020-01-04T21:22:37.976Z,sell,1.412e-05,1271.0,0.01794652
NAV/BTC,1578172958148,2020-01-04T21:22:38.148Z,sell,1.413e-05,19.0,0.00026847
NAV/BTC,1578172958633,2020-01-04T21:22:38.633Z,buy,1.42e-05,196.0,0.0027832
NAV/BTC,1578172958633,2020-01-04T21:22:38.633Z,buy,1.421e-05,89.0,0.00126469
NAV/BTC,1578172958633,2020-01-04T21:22:38.633Z,buy,1.422e-05,172.0,0.00244584
NAV/BTC,1578172959474,2020-01-04T21:22:39.474Z,buy,1.426e-05,18.0,0.00025668
NAV/BTC,1578172959474,2020-01-04T21:22:39.474Z,buy,1.43e-05,470.0,0.006721
NAV/BTC,1578172961006,2020-01-04T21:22:41.006Z,sell,1.424e-05,86.0,0.00122464
NAV/BTC,1578172964649,2020-01-04T21:22:44.649Z,sell,1.425e-05,402.0,0.0057285
NAV/BTC,1578172964649,2020-01-04T21:22:44.649Z,sell,1.423e-05,71.0,0.00101033
NAV/BTC,1578172966312,2020-01-04T21:22:46.312Z,buy,1.43e-05,896.0,0.0128128
NAV/BTC,1578172966331,2020-01-04T21:22:46.331Z,buy,1.43e-05,14.0,0.0002002
NAV/BTC,1578172967070,2020-01-04T21:22:47.070Z,sell,1.425e-05,882.0,0.0125685
NAV/BTC,1578172968626,2020-01-04T21:22:48.626Z,sell,1.425e-05,13775.0,0.19629375
NAV/BTC,1578172970606,2020-01-04T21:22:50.606Z,sell,1.425e-05,106.0,0.0015105
NAV/BTC,1578172970668,2020-01-04T21:22:50.668Z,buy,1.426e-05,14.0,0.00019964
NAV/BTC,1578172970840,2020-01-04T21:22:50.840Z,buy,1.426e-05,122.0,0.00173972
NAV/BTC,1578172972011,2020-01-04T21:22:52.011Z,sell,1.431e-05,343.0,0.00490833
NAV/BTC,1578172972042,2020-01-04T21:22:52.042Z,sell,1.431e-05,351.0,0.00502281
NAV/BTC,1578172972590,2020-01-04T21:22:52.590Z,sell,1.431e-05,1070.0,0.0153117
NAV/BTC,1578172972683,2020-01-04T21:22:52.683Z,sell,1.431e-05,106.0,0.00151686
NAV/BTC,1578172974277,2020-01-04T21:22:54.277Z,sell,1.431e-05,106.0,0.00151686
NAV/BTC,1578172975563,2020-01-04T21:22:55.563Z,sell,1.431e-05,349.0,0.00499419
NAV/BTC,1578172976366,2020-01-04T21:22:56.366Z,sell,1.431e-05,106.0,0.00151686
NAV/BTC,1578172977559,2020-01-04T21:22:57.559Z,buy,1.433e-05,84.0,0.00120372
NAV/BTC,1578172978203,2020-01-04T21:22:58.203Z,sell,1.431e-05,106.0,0.00151686
NAV/BTC,1578172978634,2020-01-04T21:22:58.634Z,sell,1.431e-05,3212.0,0.04596372
NAV/BTC,1578172979164,2020-01-04T21:22:59.164Z,sell,1.431e-05,349.0,0.00499419
NAV/BTC,1578172980473,2020-01-04T21:23:00.473Z,buy,1.433e-05,121.0,0.00173393
NAV/BTC,1578172980527,2020-01-04T21:23:00.527Z,sell,1.425e-05,106.0,0.0015105
NAV/BTC,1578172980776,2020-01-04T21:23:00.776Z,sell,1.425e-05,8.0,0.000114
NAV/BTC,1578172982725,2020-01-04T21:23:02.725Z,sell,1.425e-05,351.0,0.00500175
NAV/BTC,1578172985187,2020-01-04T21:23:05.187Z,sell,1.425e-05,50.0,0.0007125
NAV/BTC,1578172986246,2020-01-04T21:23:06.246Z,sell,1.426e-05,150.0,0.002139
NAV/BTC,1578172986246,2020-01-04T21:23:06.246Z,sell,1.425e-05,201.0,0.00286425
NAV/BTC,1578172989777,2020-01-04T21:23:09.777Z,sell,1.426e-05,351.0,0.00500526
NAV/BTC,1578172994490,2020-01-04T21:23:14.490Z,buy,1.434e-05,18.0,0.00025812
NAV/BTC,1578172996798,2020-01-04T21:23:16.798Z,sell,1.434e-05,28.0,0.00040152
NAV/BTC,1578173000654,2020-01-04T21:23:20.654Z,buy,1.438e-05,298.0,0.00428524
NAV/BTC,1578173004014,2020-01-04T21:23:24.014Z,buy,1.438e-05,296.0,0.00425648
NAV/BTC,1578173006986,2020-01-04T21:23:26.986Z,buy,1.438e-05,991.0,0.0142505799999999
NAV/BTC,1578173006986,2020-01-04T21:23:26.986Z,buy,1.439e-05,587.0,0.00844693
NAV/BTC,1578173006986,2020-01-04T21:23:26.986Z,buy,1.44e-05,100.0,0.0014399999999999
NAV/BTC,1578173006986,2020-01-04T21:23:26.986Z,buy,1.441e-05,582.0,0.00838662
NAV/BTC,1578173006986,2020-01-04T21:23:26.986Z,buy,1.442e-05,351.0,0.00506142
NAV/BTC,1578173007096,2020-01-04T21:23:27.096Z,buy,1.443e-05,18.0,0.00025974
NAV/BTC,1578173008123,2020-01-04T21:23:28.123Z,buy,1.446e-05,12.0,0.00017352
NAV/BTC,1578173010941,2020-01-04T21:23:30.941Z,sell,1.446e-05,193.0,0.00279078
NAV/BTC,1578173015054,2020-01-04T21:23:35.054Z,sell,1.446e-05,240.0,0.0034704
NAV/BTC,1578173015091,2020-01-04T21:23:35.091Z,buy,1.45e-05,25.0,0.0003625
NAV/BTC,1578173015091,2020-01-04T21:23:35.091Z,buy,1.451e-05,18.0,0.00026118
NAV/BTC,1578173015091,2020-01-04T21:23:35.091Z,buy,1.453e-05,1399.0,0.02032747
NAV/BTC,1578173017013,2020-01-04T21:23:37.013Z,buy,1.453e-05,3294.0,0.04786182
NAV/BTC,1578173017013,2020-01-04T21:23:37.013Z,buy,1.455e-05,2183.0,0.0317626499999999
NAV/BTC,1578173017013,2020-01-04T21:23:37.013Z,buy,1.456e-05,370.0,0.0053872
NAV/BTC,1578173017013,2020-01-04T21:23:37.013Z,buy,1.457e-05,20516.0,0.29891812
NAV/BTC,1578173019584,2020-01-04T21:23:39.584Z,buy,1.457e-05,537.0,0.0078240899999999
NAV/BTC,1578173019985,2020-01-04T21:23:39.985Z,sell,1.453e-05,84.0,0.00122052
NAV/BTC,1578173022070,2020-01-04T21:23:42.070Z,sell,1.455e-05,8.0,0.0001164
NAV/BTC,1578173022753,2020-01-04T21:23:42.753Z,sell,1.455e-05,344.0,0.0050052
NAV/BTC,1578173022770,2020-01-04T21:23:42.770Z,sell,1.455e-05,18.0,0.0002618999999999
NAV/BTC,1578173022770,2020-01-04T21:23:42.770Z,sell,1.453e-05,202.0,0.0029350599999999
NAV/BTC,1578173024012,2020-01-04T21:23:44.012Z,buy,1.457e-05,2900.0,0.042253
NAV/BTC,1578173024889,2020-01-04T21:23:44.889Z,sell,1.453e-05,104.0,0.00151112
NAV/BTC,1578173025321,2020-01-04T21:23:45.321Z,buy,1.457e-05,1920.0,0.0279744
NAV/BTC,1578173025321,2020-01-04T21:23:45.321Z,buy,1.458e-05,200.0,0.0029159999999999
NAV/BTC,1578173025401,2020-01-04T21:23:45.401Z,sell,1.458e-05,539.0,0.00785862
NAV/BTC,1578173025408,2020-01-04T21:23:45.408Z,sell,1.458e-05,30.0,0.0004374
NAV/BTC,1578173026266,2020-01-04T21:23:46.266Z,sell,1.458e-05,103.0,0.0015017399999999
NAV/BTC,1578173026266,2020-01-04T21:23:46.266Z,sell,1.457e-05,241.0,0.0035113699999999
NAV/BTC,1578173027130,2020-01-04T21:23:47.130Z,buy,1.459e-05,1121.0,0.0163553899999999
NAV/BTC,1578173027247,2020-01-04T21:23:47.247Z,buy,1.46e-05,587.0,0.0085702
NAV/BTC,1578173027247,2020-01-04T21:23:47.247Z,buy,1.461e-05,9.0,0.00013149
NAV/BTC,1578173028665,2020-01-04T21:23:48.665Z,buy,1.461e-05,578.0,0.00844458
NAV/BTC,1578173028665,2020-01-04T21:23:48.665Z,buy,1.463e-05,588.0,0.00860244
NAV/BTC,1578173028665,2020-01-04T21:23:48.665Z,buy,1.464e-05,4751.0,0.06955464
NAV/BTC,1578173028665,2020-01-04T21:23:48.665Z,buy,1.465e-05,6941.0,0.10168565
NAV/BTC,1578173029200,2020-01-04T21:23:49.200Z,buy,1.465e-05,196.0,0.0028714
NAV/BTC,1578173029775,2020-01-04T21:23:49.775Z,sell,1.46e-05,343.0,0.0050078
NAV/BTC,1578173033338,2020-01-04T21:23:53.338Z,sell,1.46e-05,342.0,0.0049932
NAV/BTC,1578173033365,2020-01-04T21:23:53.365Z,buy,1.465e-05,111.0,0.00162615
NAV/BTC,1578173036262,2020-01-04T21:23:56.262Z,buy,1.464e-05,1605.0,0.0234972
NAV/BTC,1578173036262,2020-01-04T21:23:56.262Z,buy,1.465e-05,16807.0,0.24622255
NAV/BTC,1578173036886,2020-01-04T21:23:56.886Z,sell,1.461e-05,342.0,0.00499662
NAV/BTC,1578173039314,2020-01-04T21:23:59.314Z,buy,1.465e-05,4934.0,0.0722831
NAV/BTC,1578173039414,2020-01-04T21:23:59.414Z,buy,1.465e-05,82.0,0.0012013
NAV/BTC,1578173040405,2020-01-04T21:24:00.405Z,sell,1.462e-05,342.0,0.00500004
NAV/BTC,1578173040708,2020-01-04T21:24:00.708Z,sell,1.462e-05,8.0,0.00011696
NAV/BTC,1578173042222,2020-01-04T21:24:02.222Z,buy,1.465e-05,979.0,0.01434235
NAV/BTC,1578173042222,2020-01-04T21:24:02.222Z,buy,1.466e-05,515.0,0.0075499
NAV/BTC,1578173042222,2020-01-04T21:24:02.222Z,buy,1.468e-05,509.0,0.00747212
NAV/BTC,1578173042222,2020-01-04T21:24:02.222Z,buy,1.47e-05,22.0,0.0003234
NAV/BTC,1578173042222,2020-01-04T21:24:02.222Z,buy,1.471e-05,397.0,0.00583987
NAV/BTC,1578173042222,2020-01-04T21:24:02.222Z,buy,1.472e-05,3399.0,0.05003328
NAV/BTC,1578173043921,2020-01-04T21:24:03.921Z,sell,1.472e-05,342.0,0.00503424
NAV/BTC,1578173047265,2020-01-04T21:24:07.265Z,sell,1.472e-05,375.0,0.00552
NAV/BTC,1578173047308,2020-01-04T21:24:07.308Z,buy,1.473e-05,572.0,0.00842556
NAV/BTC,1578173050210,2020-01-04T21:24:10.210Z,sell,1.474e-05,104.0,0.0015329599999999
NAV/BTC,1578173050304,2020-01-04T21:24:10.304Z,buy,1.475e-05,205.0,0.00302375
NAV/BTC,1578173050905,2020-01-04T21:24:10.905Z,sell,1.475e-05,4271.0,0.0629972499999999
NAV/BTC,1578173050905,2020-01-04T21:24:10.905Z,sell,1.474e-05,8574.0,0.12638076
NAV/BTC,1578173050914,2020-01-04T21:24:10.914Z,sell,1.474e-05,2537.0,0.03739538
NAV/BTC,1578173052025,2020-01-04T21:24:12.025Z,sell,1.474e-05,104.0,0.0015329599999999
NAV/BTC,1578173052407,2020-01-04T21:24:12.407Z,buy,1.476e-05,119.0,0.00175644
NAV/BTC,1578173053349,2020-01-04T21:24:13.349Z,buy,1.476e-05,758.0,0.01118808
NAV/BTC,1578173053349,2020-01-04T21:24:13.349Z,buy,1.478e-05,447.0,0.00660666
NAV/BTC,1578173053349,2020-01-04T21:24:13.349Z,buy,1.479e-05,795.0,0.01175805
NAV/BTC,1578173053876,2020-01-04T21:24:13.876Z,sell,1.474e-05,104.0,0.0015329599999999
NAV/BTC,1578173053961,2020-01-04T21:24:13.961Z,buy,1.478e-05,953.0,0.01408534
NAV/BTC,1578173053966,2020-01-04T21:24:13.966Z,sell,1.474e-05,10209.0,0.15048066
NAV/BTC,1578173055457,2020-01-04T21:24:15.457Z,sell,1.462e-05,104.0,0.00152048
NAV/BTC,1578173056727,2020-01-04T21:24:16.727Z,sell,1.463e-05,342.0,0.00500346
NAV/BTC,1578173056727,2020-01-04T21:24:16.727Z,sell,1.462e-05,280.0,0.0040936
NAV/BTC,1578173056727,2020-01-04T21:24:16.727Z,sell,1.459e-05,18.0,0.00026262
NAV/BTC,1578173056727,2020-01-04T21:24:16.727Z,sell,1.457e-05,2197.0,0.03201029
NAV/BTC,1578173057231,2020-01-04T21:24:17.231Z,sell,1.458e-05,104.0,0.0015163199999999
NAV/BTC,1578173057553,2020-01-04T21:24:17.553Z,sell,1.458e-05,345.0,0.0050301
NAV/BTC,1578173057905,2020-01-04T21:24:17.905Z,sell,1.458e-05,143.0,0.00208494
NAV/BTC,1578173063442,2020-01-04T21:24:23.442Z,buy,1.467e-05,342.0,0.00501714
NAV/BTC,1578173063442,2020-01-04T21:24:23.442Z,buy,1.468e-05,18.0,0.00026424
NAV/BTC,1578173063442,2020-01-04T21:24:23.442Z,buy,1.472e-05,449.0,0.0066092799999999
NAV/BTC,1578173063442,2020-01-04T21:24:23.442Z,buy,1.474e-05,6269.0,0.09240506
NAV/BTC,1578173063442,2020-01-04T21:24:23.442Z,buy,1.476e-05,8658.0,0.12779208
NAV/BTC,1578173063442,2020-01-04T21:24:23.442Z,buy,1.479e-05,10416.0,0.15405264
NAV/BTC,1578173063442,2020-01-04T21:24:23.442Z,buy,1.48e-05,30219.0,0.4472412
NAV/BTC,1578173063442,2020-01-04T21:24:23.442Z,buy,1.481e-05,5760.0,0.0853056
NAV/BTC,1578173063442,2020-01-04T21:24:23.442Z,buy,1.482e-05,88.0,0.00130416
NAV/BTC,1578173063442,2020-01-04T21:24:23.442Z,buy,1.483e-05,674.0,0.00999542
NAV/BTC,1578173063526,2020-01-04T21:24:23.526Z,buy,1.467e-05,370.0,0.0054279
NAV/BTC,1578173063552,2020-01-04T21:24:23.552Z,buy,1.467e-05,110.0,0.0016137
NAV/BTC,1578173064954,2020-01-04T21:24:24.954Z,sell,1.471e-05,21.0,0.00030891
NAV/BTC,1578173065818,2020-01-04T21:24:25.818Z,sell,1.471e-05,182.0,0.00267722
NAV/BTC,1578173065818,2020-01-04T21:24:25.818Z,sell,1.468e-05,937.0,0.01375516
NAV/BTC,1578173066316,2020-01-04T21:24:26.316Z,sell,1.469e-05,108.0,0.00158652
NAV/BTC,1578173066856,2020-01-04T21:24:26.856Z,sell,1.469e-05,337.0,0.00495053
NAV/BTC,1578173066856,2020-01-04T21:24:26.856Z,sell,1.468e-05,420.0,0.0061656
NAV/BTC,1578173071827,2020-01-04T21:24:31.827Z,buy,1.473e-05,527.0,0.00776271
NAV/BTC,1578173072049,2020-01-04T21:24:32.049Z,sell,1.473e-05,5641.0,0.08309193
NAV/BTC,1578173072076,2020-01-04T21:24:32.076Z,sell,1.473e-05,89.0,0.00131097
NAV/BTC,1578173077606,2020-01-04T21:24:37.606Z,buy,1.479e-05,14.0,0.00020706
NAV/BTC,1578173079416,2020-01-04T21:24:39.416Z,buy,1.479e-05,356.0,0.00526524
NAV/BTC,1578173079416,2020-01-04T21:24:39.416Z,buy,1.482e-05,925.0,0.0137085
NAV/BTC,1578173084792,2020-01-04T21:24:44.792Z,buy,1.482e-05,315.0,0.0046683
NAV/BTC,1578173086979,2020-01-04T21:24:46.979Z,sell,1.476e-05,20.0,0.0002951999999999
NAV/BTC,1578173086979,2020-01-04T21:24:46.979Z,sell,1.473e-05,1154.0,0.01699842
NAV/BTC,1578173086979,2020-01-04T21:24:46.979Z,sell,1.471e-05,28.0,0.00041188
NAV/BTC,1578173087212,2020-01-04T21:24:47.212Z,buy,1.468e-05,104.0,0.00152672
NAV/BTC,1578173088606,2020-01-04T21:24:48.606Z,sell,1.46e-05,370.0,0.005402
NAV/BTC,1578173091174,2020-01-04T21:24:51.174Z,sell,1.46e-05,79.0,0.0011534
NAV/BTC,1578173091174,2020-01-04T21:24:51.174Z,sell,1.459e-05,18.0,0.00026262
NAV/BTC,1578173091174,2020-01-04T21:24:51.174Z,sell,1.456e-05,20.0,0.0002912
NAV/BTC,1578173093562,2020-01-04T21:24:53.562Z,sell,1.456e-05,168.0,0.0024460799999999
NAV/BTC,1578173093562,2020-01-04T21:24:53.562Z,sell,1.452e-05,6.0,8.711999999999999e-05
NAV/BTC,1578173094478,2020-01-04T21:24:54.478Z,sell,1.454e-05,344.0,0.00500176
NAV/BTC,1578173094478,2020-01-04T21:24:54.478Z,sell,1.452e-05,695.0,0.0100914
NAV/BTC,1578173094478,2020-01-04T21:24:54.478Z,sell,1.451e-05,959.0,0.01391509
NAV/BTC,1578173094541,2020-01-04T21:24:54.541Z,sell,1.451e-05,143.0,0.00207493
NAV/BTC,1578173094583,2020-01-04T21:24:54.583Z,buy,1.467e-05,370.0,0.0054279
NAV/BTC,1578173094583,2020-01-04T21:24:54.583Z,buy,1.468e-05,4989.0,0.07323852
NAV/BTC,1578173096194,2020-01-04T21:24:56.194Z,sell,1.453e-05,896.0,0.01301888
NAV/BTC,1578173098944,2020-01-04T21:24:58.944Z,sell,1.453e-05,148.0,0.00215044
NAV/BTC,1578173100096,2020-01-04T21:25:00.096Z,sell,1.453e-05,262.0,0.00380686
NAV/BTC,1578173107017,2020-01-04T21:25:07.017Z,buy,1.457e-05,52.0,0.00075764
NAV/BTC,1578173107062,2020-01-04T21:25:07.062Z,sell,1.456e-05,37.0,0.00053872
NAV/BTC,1578173120551,2020-01-04T21:25:20.551Z,sell,1.451e-05,9.0,0.00013059
NAV/BTC,1578173128677,2020-01-04T21:25:28.677Z,buy,1.453e-05,138.0,0.00200514
NAV/BTC,1578173128832,2020-01-04T21:25:28.832Z,buy,1.453e-05,169.0,0.00245557
NAV/BTC,1578173128942,2020-01-04T21:25:28.942Z,buy,1.454e-05,780.0,0.0113412
NAV/BTC,1578173128958,2020-01-04T21:25:28.958Z,buy,1.456e-05,28.0,0.00040768
NAV/BTC,1578173133117,2020-01-04T21:25:33.117Z,sell,1.455e-05,390.0,0.0056745
NAV/BTC,1578173133156,2020-01-04T21:25:33.156Z,buy,1.456e-05,2.0,2.912e-05
NAV/BTC,1578173137279,2020-01-04T21:25:37.279Z,buy,1.459e-05,18.0,0.00026262
NAV/BTC,1578173140204,2020-01-04T21:25:40.204Z,sell,1.46e-05,236.0,0.0034456
NAV/BTC,1578173146145,2020-01-04T21:25:46.145Z,buy,1.462e-05,81.0,0.00118422
NAV/BTC,1578173146145,2020-01-04T21:25:46.145Z,buy,1.468e-05,11732.0,0.17222576
NAV/BTC,1578173146712,2020-01-04T21:25:46.712Z,sell,1.469e-05,136.0,0.00199784
NAV/BTC,1578173147733,2020-01-04T21:25:47.733Z,sell,1.47e-05,760.0,0.011172
NAV/BTC,1578173147733,2020-01-04T21:25:47.733Z,sell,1.469e-05,3413.0,0.05013697
NAV/BTC,1578173147832,2020-01-04T21:25:47.832Z,sell,1.469e-05,65.0,0.00095485
NAV/BTC,1578173153887,2020-01-04T21:25:53.887Z,sell,1.469e-05,1179.0,0.01731951
NAV/BTC,1578173153887,2020-01-04T21:25:53.887Z,sell,1.468e-05,22369.0,0.32837692
NAV/BTC,1578173159456,2020-01-04T21:25:59.456Z,sell,1.468e-05,49.0,0.00071932
NAV/BTC,1578173160238,2020-01-04T21:26:00.238Z,sell,1.468e-05,140.0,0.0020552
NAV/BTC,1578173160540,2020-01-04T21:26:00.540Z,sell,1.468e-05,8.0,0.00011744
NAV/BTC,1578173160611,2020-01-04T21:26:00.611Z,buy,1.473e-05,52.0,0.00076596
NAV/BTC,1578173164219,2020-01-04T21:26:04.219Z,sell,1.473e-05,37.0,0.00054501
NAV/BTC,1578173164721,2020-01-04T21:26:04.721Z,sell,1.473e-05,149.0,0.00219477
NAV/BTC,1578173167654,2020-01-04T21:26:07.654Z,sell,1.474e-05,52.0,0.0007664799999999
NAV/BTC,1578173175084,2020-01-04T21:26:15.084Z,sell,1.473e-05,2044.0,0.03010812
NAV/BTC,1578173176082,2020-01-04T21:26:16.082Z,sell,1.473e-05,159.0,0.00234207
NAV/BTC,1578173182331,2020-01-04T21:26:22.331Z,buy,1.47e-05,183.0,0.0026901
NAV/BTC,1578173185098,2020-01-04T21:26:25.098Z,sell,1.468e-05,52.0,0.00076336
NAV/BTC,1578173185643,2020-01-04T21:26:25.643Z,buy,1.468e-05,78.0,0.00114504
NAV/BTC,1578173185742,2020-01-04T21:26:25.742Z,buy,1.469e-05,286.0,0.00420134
NAV/BTC,1578173201194,2020-01-04T21:26:41.194Z,buy,1.471e-05,52.0,0.00076492
NAV/BTC,1578173202717,2020-01-04T21:26:42.717Z,sell,1.469e-05,7771.0,0.11415599
NAV/BTC,1578173202717,2020-01-04T21:26:42.717Z,sell,1.468e-05,13327.0,0.19564036
NAV/BTC,1578173202717,2020-01-04T21:26:42.717Z,sell,1.465e-05,3344.0,0.0489896
NAV/BTC,1578173206886,2020-01-04T21:26:46.886Z,buy,1.467e-05,383.0,0.00561861
NAV/BTC,1578173206886,2020-01-04T21:26:46.886Z,buy,1.468e-05,4173.0,0.06125964
NAV/BTC,1578173210523,2020-01-04T21:26:50.523Z,sell,1.47e-05,8412.0,0.1236564
NAV/BTC,1578173211194,2020-01-04T21:26:51.194Z,buy,1.469e-05,767.0,0.01126723
NAV/BTC,1578173211194,2020-01-04T21:26:51.194Z,buy,1.47e-05,1341.0,0.0197127
NAV/BTC,1578173244090,2020-01-04T21:27:24.090Z,sell,1.46e-05,305.0,0.004453
NAV/BTC,1578173244090,2020-01-04T21:27:24.090Z,sell,1.459e-05,18.0,0.00026262
NAV/BTC,1578173244090,2020-01-04T21:27:24.090Z,sell,1.457e-05,383.0,0.00558031
NAV/BTC,1578173244090,2020-01-04T21:27:24.090Z,sell,1.456e-05,89.0,0.00129584
NAV/BTC,1578173244090,2020-01-04T21:27:24.090Z,sell,1.453e-05,137.0,0.00199061
NAV/BTC,1578173244090,2020-01-04T21:27:24.090Z,sell,1.452e-05,68.0,0.00098736
NAV/BTC,1578173246253,2020-01-04T21:27:26.253Z,sell,1.457e-05,767.0,0.01117519
NAV/BTC,1578173246253,2020-01-04T21:27:26.253Z,sell,1.452e-05,233.0,0.00338316
NAV/BTC,1578173246265,2020-01-04T21:27:26.265Z,sell,1.452e-05,1000.0,0.01452
NAV/BTC,1578173246410,2020-01-04T21:27:26.410Z,sell,1.453e-05,1000.0,0.01453
NAV/BTC,1578173246437,2020-01-04T21:27:26.437Z,sell,1.453e-05,1000.0,0.01453
NAV/BTC,1578173246547,2020-01-04T21:27:26.547Z,sell,1.453e-05,1000.0,0.01453
NAV/BTC,1578173246923,2020-01-04T21:27:26.923Z,sell,1.454e-05,344.0,0.00500176
NAV/BTC,1578173246923,2020-01-04T21:27:26.923Z,sell,1.453e-05,656.0,0.00953168
NAV/BTC,1578173247279,2020-01-04T21:27:27.279Z,sell,1.453e-05,25.0,0.00036325
NAV/BTC,1578173247279,2020-01-04T21:27:27.279Z,sell,1.452e-05,695.0,0.0100914
NAV/BTC,1578173247279,2020-01-04T21:27:27.279Z,sell,1.451e-05,174.0,0.00252474
NAV/BTC,1578173247279,2020-01-04T21:27:27.279Z,sell,1.446e-05,106.0,0.00153276
NAV/BTC,1578173247656,2020-01-04T21:27:27.656Z,sell,1.447e-05,416.0,0.00601952
NAV/BTC,1578173247656,2020-01-04T21:27:27.656Z,sell,1.446e-05,260.0,0.0037596
NAV/BTC,1578173247656,2020-01-04T21:27:27.656Z,sell,1.445e-05,61.0,0.00088145
NAV/BTC,1578173247656,2020-01-04T21:27:27.656Z,sell,1.444e-05,263.0,0.00379772
NAV/BTC,1578173247725,2020-01-04T21:27:27.725Z,sell,1.444e-05,1000.0,0.01444
NAV/BTC,1578173247982,2020-01-04T21:27:27.982Z,sell,1.444e-05,1000.0,0.01444
NAV/BTC,1578173248307,2020-01-04T21:27:28.307Z,sell,1.444e-05,903.0,0.01303932
NAV/BTC,1578173248307,2020-01-04T21:27:28.307Z,sell,1.443e-05,18.0,0.00025974
NAV/BTC,1578173248307,2020-01-04T21:27:28.307Z,sell,1.442e-05,79.0,0.0011391799999999
NAV/BTC,1578173248635,2020-01-04T21:27:28.635Z,sell,1.442e-05,340.0,0.0049028
NAV/BTC,1578173248635,2020-01-04T21:27:28.635Z,sell,1.442e-05,340.0,0.0049028
NAV/BTC,1578173248635,2020-01-04T21:27:28.635Z,sell,1.441e-05,660.0,0.0095106
NAV/BTC,1578173249775,2020-01-04T21:27:29.775Z,sell,1.44e-05,35.0,0.000504
NAV/BTC,1578173250841,2020-01-04T21:27:30.841Z,sell,1.44e-05,1976.0,0.0284543999999999
NAV/BTC,1578173250841,2020-01-04T21:27:30.841Z,sell,1.439e-05,587.0,0.00844693
NAV/BTC,1578173250841,2020-01-04T21:27:30.841Z,sell,1.438e-05,89.0,0.0012798199999999
NAV/BTC,1578173250841,2020-01-04T21:27:30.841Z,sell,1.435e-05,666.0,0.0095571
NAV/BTC,1578173250841,2020-01-04T21:27:30.841Z,sell,1.434e-05,363.0,0.00520542
NAV/BTC,1578173250841,2020-01-04T21:27:30.841Z,sell,1.432e-05,393.0,0.00562776
NAV/BTC,1578173250841,2020-01-04T21:27:30.841Z,sell,1.431e-05,760.0,0.0108756
NAV/BTC,1578173250841,2020-01-04T21:27:30.841Z,sell,1.429e-05,762.0,0.01088898
NAV/BTC,1578173250841,2020-01-04T21:27:30.841Z,sell,1.428e-05,381.0,0.00544068
NAV/BTC,1578173250841,2020-01-04T21:27:30.841Z,sell,1.427e-05,1509.0,0.02153343
NAV/BTC,1578173250841,2020-01-04T21:27:30.841Z,sell,1.426e-05,18.0,0.00025668
NAV/BTC,1578173250841,2020-01-04T21:27:30.841Z,sell,1.425e-05,14.0,0.0001995
NAV/BTC,1578173250841,2020-01-04T21:27:30.841Z,sell,1.423e-05,764.0,0.01087172
NAV/BTC,1578173250841,2020-01-04T21:27:30.841Z,sell,1.422e-05,448.0,0.00637056
NAV/BTC,1578173250841,2020-01-04T21:27:30.841Z,sell,1.421e-05,89.0,0.00126469
NAV/BTC,1578173250841,2020-01-04T21:27:30.841Z,sell,1.42e-05,397.0,0.0056374
NAV/BTC,1578173250841,2020-01-04T21:27:30.841Z,sell,1.419e-05,4963.0,0.07042497
NAV/BTC,1578173250841,2020-01-04T21:27:30.841Z,sell,1.418e-05,1312.0,0.0186041599999999
NAV/BTC,1578173250841,2020-01-04T21:27:30.841Z,sell,1.417e-05,12.0,0.00017004
NAV/BTC,1578173250841,2020-01-04T21:27:30.841Z,sell,1.416e-05,766.0,0.01084656
NAV/BTC,1578173250841,2020-01-04T21:27:30.841Z,sell,1.414e-05,849.0,0.01200486
NAV/BTC,1578173250841,2020-01-04T21:27:30.841Z,sell,1.413e-05,2241.0,0.03166533
NAV/BTC,1578173250841,2020-01-04T21:27:30.841Z,sell,1.412e-05,4016.0,0.05670592
NAV/BTC,1578173250841,2020-01-04T21:27:30.841Z,sell,1.411e-05,382.0,0.00539002
NAV/BTC,1578173250841,2020-01-04T21:27:30.841Z,sell,1.41e-05,9537.0,0.1344717
NAV/BTC,1578173251102,2020-01-04T21:27:31.102Z,sell,1.435e-05,13.0,0.00018655
NAV/BTC,1578173251913,2020-01-04T21:27:31.913Z,sell,1.412e-05,408.0,0.00576096
NAV/BTC,1578173252270,2020-01-04T21:27:32.270Z,sell,1.412e-05,1698.0,0.02397576
NAV/BTC,1578173252984,2020-01-04T21:27:32.984Z,sell,1.412e-05,359.0,0.00506908
NAV/BTC,1578173253354,2020-01-04T21:27:33.354Z,sell,1.412e-05,1815.0,0.0256278
NAV/BTC,1578173253354,2020-01-04T21:27:33.354Z,sell,1.411e-05,716.0,0.01010276
NAV/BTC,1578173253906,2020-01-04T21:27:33.906Z,sell,1.41e-05,1227.0,0.0173007
NAV/BTC,1578173254016,2020-01-04T21:27:34.016Z,sell,1.41e-05,608.0,0.0085728
NAV/BTC,1578173254908,2020-01-04T21:27:34.908Z,sell,1.41e-05,2033.0,0.0286653
NAV/BTC,1578173255889,2020-01-04T21:27:35.889Z,sell,1.41e-05,298.0,0.0042018
NAV/BTC,1578173256172,2020-01-04T21:27:36.172Z,buy,1.411e-05,50.0,0.0007055
NAV/BTC,1578173256195,2020-01-04T21:27:36.195Z,sell,1.41e-05,4576.0,0.0645216
NAV/BTC,1578173256195,2020-01-04T21:27:36.195Z,sell,1.409e-05,404.0,0.00569236
NAV/BTC,1578173256195,2020-01-04T21:27:36.195Z,sell,1.406e-05,2661.0,0.03741366
NAV/BTC,1578173256195,2020-01-04T21:27:36.195Z,sell,1.404e-05,794.0,0.01114776
NAV/BTC,1578173256195,2020-01-04T21:27:36.195Z,sell,1.403e-05,14.0,0.00019642
NAV/BTC,1578173256195,2020-01-04T21:27:36.195Z,sell,1.402e-05,142.0,0.00199084
NAV/BTC,1578173256195,2020-01-04T21:27:36.195Z,sell,1.401e-05,21379.0,0.29951979
NAV/BTC,1578173256195,2020-01-04T21:27:36.195Z,sell,1.401e-05,1479.0,0.02072079
NAV/BTC,1578173256217,2020-01-04T21:27:36.217Z,buy,1.401e-05,332.0,0.00465132
NAV/BTC,1578173256255,2020-01-04T21:27:36.255Z,buy,1.401e-05,95.0,0.00133095
NAV/BTC,1578173256736,2020-01-04T21:27:36.736Z,buy,1.401e-05,37.0,0.00051837
NAV/BTC,1578173256945,2020-01-04T21:27:36.945Z,sell,1.4e-05,344.0,0.004816
NAV/BTC,1578173256993,2020-01-04T21:27:36.993Z,sell,1.4e-05,588.0,0.008232
NAV/BTC,1578173257179,2020-01-04T21:27:37.179Z,sell,1.397e-05,377.0,0.00526669
NAV/BTC,1578173257218,2020-01-04T21:27:37.218Z,sell,1.397e-05,61.0,0.00085217
NAV/BTC,1578173258127,2020-01-04T21:27:38.127Z,sell,1.397e-05,255.0,0.00356235
NAV/BTC,1578173258127,2020-01-04T21:27:38.127Z,sell,1.394e-05,50.0,0.000697
NAV/BTC,1578173258127,2020-01-04T21:27:38.127Z,sell,1.393e-05,18.0,0.00025074
NAV/BTC,1578173258127,2020-01-04T21:27:38.127Z,sell,1.392e-05,164.0,0.00228288
NAV/BTC,1578173259007,2020-01-04T21:27:39.007Z,buy,1.398e-05,52.0,0.00072696
NAV/BTC,1578173259510,2020-01-04T21:27:39.510Z,sell,1.393e-05,365.0,0.00508445
NAV/BTC,1578173260412,2020-01-04T21:27:40.412Z,buy,1.394e-05,97.0,0.00135218
NAV/BTC,1578173260563,2020-01-04T21:27:40.563Z,buy,1.394e-05,280.0,0.0039032
NAV/BTC,1578173260563,2020-01-04T21:27:40.563Z,buy,1.395e-05,342.0,0.0047709
NAV/BTC,1578173260563,2020-01-04T21:27:40.563Z,buy,1.398e-05,490.0,0.0068502
NAV/BTC,1578173261307,2020-01-04T21:27:41.307Z,buy,1.399e-05,600.0,0.008394
NAV/BTC,1578173261307,2020-01-04T21:27:41.307Z,buy,1.4e-05,201.0,0.002814
NAV/BTC,1578173261607,2020-01-04T21:27:41.607Z,buy,1.4e-05,407.0,0.005698
NAV/BTC,1578173261607,2020-01-04T21:27:41.607Z,buy,1.401e-05,661.0,0.0092606099999999
NAV/BTC,1578173261744,2020-01-04T21:27:41.744Z,buy,1.401e-05,1068.0,0.0149626799999999
NAV/BTC,1578173261842,2020-01-04T21:27:41.842Z,sell,1.398e-05,19.0,0.00026562
NAV/BTC,1578173262022,2020-01-04T21:27:42.022Z,sell,1.398e-05,577.0,0.00806646
NAV/BTC,1578173262178,2020-01-04T21:27:42.178Z,buy,1.4e-05,1509.0,0.021126
NAV/BTC,1578173262178,2020-01-04T21:27:42.178Z,buy,1.401e-05,687.0,0.00962487
NAV/BTC,1578173263302,2020-01-04T21:27:43.302Z,buy,1.408e-05,142.0,0.00199936
NAV/BTC,1578173263302,2020-01-04T21:27:43.302Z,buy,1.409e-05,18.0,0.00025362
NAV/BTC,1578173263302,2020-01-04T21:27:43.302Z,buy,1.412e-05,3956.0,0.05585872
NAV/BTC,1578173263302,2020-01-04T21:27:43.302Z,buy,1.413e-05,2046.0,0.02890998
NAV/BTC,1578173263302,2020-01-04T21:27:43.302Z,buy,1.414e-05,801.0,0.01132614
NAV/BTC,1578173263302,2020-01-04T21:27:43.302Z,buy,1.418e-05,555.0,0.0078698999999999
NAV/BTC,1578173263302,2020-01-04T21:27:43.302Z,buy,1.42e-05,5811.0,0.0825162
NAV/BTC,1578173264362,2020-01-04T21:27:44.362Z,sell,1.414e-05,385.0,0.0054439
NAV/BTC,1578173264905,2020-01-04T21:27:44.905Z,buy,1.411e-05,380.0,0.0053618
NAV/BTC,1578173265374,2020-01-04T21:27:45.374Z,buy,1.415e-05,14.0,0.0001981
NAV/BTC,1578173265662,2020-01-04T21:27:45.662Z,buy,1.419e-05,716.0,0.01016004
NAV/BTC,1578173265662,2020-01-04T21:27:45.662Z,buy,1.42e-05,591.0,0.0083921999999999
NAV/BTC,1578173266478,2020-01-04T21:27:46.478Z,sell,1.418e-05,358.0,0.00507644
NAV/BTC,1578173266905,2020-01-04T21:27:46.905Z,sell,1.418e-05,380.0,0.0053884
NAV/BTC,1578173267147,2020-01-04T21:27:47.147Z,sell,1.418e-05,365.0,0.0051757
NAV/BTC,1578173267404,2020-01-04T21:27:47.404Z,buy,1.42e-05,3585.0,0.050907
NAV/BTC,1578173267404,2020-01-04T21:27:47.404Z,buy,1.421e-05,52.0,0.00073892
NAV/BTC,1578173267404,2020-01-04T21:27:47.404Z,buy,1.422e-05,815.0,0.0115893
NAV/BTC,1578173267487,2020-01-04T21:27:47.487Z,buy,1.422e-05,276.0,0.00392472
NAV/BTC,1578173267971,2020-01-04T21:27:47.971Z,sell,1.422e-05,965.0,0.0137223
NAV/BTC,1578173267999,2020-01-04T21:27:47.999Z,buy,1.416e-05,103.0,0.00145848
NAV/BTC,1578173268998,2020-01-04T21:27:48.998Z,buy,1.416e-05,1011.0,0.01431576
NAV/BTC,1578173273179,2020-01-04T21:27:53.179Z,sell,1.419e-05,57.0,0.00080883
NAV/BTC,1578173273508,2020-01-04T21:27:53.508Z,sell,1.419e-05,247.0,0.00350493
NAV/BTC,1578173273902,2020-01-04T21:27:53.902Z,sell,1.418e-05,2196.0,0.03113928
NAV/BTC,1578173275744,2020-01-04T21:27:55.744Z,buy,1.419e-05,304.0,0.00431376
NAV/BTC,1578173275744,2020-01-04T21:27:55.744Z,buy,1.42e-05,1000.0,0.0141999999999999
NAV/BTC,1578173275797,2020-01-04T21:27:55.797Z,buy,1.425e-05,382.0,0.0054435
NAV/BTC,1578173275929,2020-01-04T21:27:55.929Z,buy,1.426e-05,13.0,0.00018538
NAV/BTC,1578173276036,2020-01-04T21:27:56.036Z,sell,1.42e-05,281.0,0.0039902
NAV/BTC,1578173278273,2020-01-04T21:27:58.273Z,sell,1.42e-05,1000.0,0.0141999999999999
NAV/BTC,1578173282063,2020-01-04T21:28:02.063Z,buy,1.426e-05,5.0,7.13e-05
NAV/BTC,1578173282091,2020-01-04T21:28:02.091Z,buy,1.427e-05,136.0,0.00194072
NAV/BTC,1578173283104,2020-01-04T21:28:03.104Z,buy,1.427e-05,111.0,0.00158397
NAV/BTC,1578173284046,2020-01-04T21:28:04.046Z,sell,1.426e-05,37.0,0.00052762
NAV/BTC,1578173284162,2020-01-04T21:28:04.162Z,sell,1.426e-05,1000.0,0.01426
NAV/BTC,1578173285334,2020-01-04T21:28:05.334Z,buy,1.427e-05,1103.0,0.01573981
NAV/BTC,1578173285431,2020-01-04T21:28:05.431Z,buy,1.429e-05,83.0,0.00118607
NAV/BTC,1578173285431,2020-01-04T21:28:05.431Z,buy,1.432e-05,267.0,0.00382344
NAV/BTC,1578173286300,2020-01-04T21:28:06.300Z,sell,1.429e-05,50.0,0.0007145
NAV/BTC,1578173287232,2020-01-04T21:28:07.232Z,sell,1.429e-05,52.0,0.00074308
NAV/BTC,1578173289067,2020-01-04T21:28:09.067Z,sell,1.43e-05,2394.0,0.0342342
NAV/BTC,1578173291172,2020-01-04T21:28:11.172Z,sell,1.43e-05,382.0,0.0054626
NAV/BTC,1578173292483,2020-01-04T21:28:12.483Z,buy,1.431e-05,138.0,0.00197478
NAV/BTC,1578173297460,2020-01-04T21:28:17.460Z,sell,1.432e-05,30.0,0.0004296
NAV/BTC,1578173297664,2020-01-04T21:28:17.664Z,buy,1.433e-05,145.0,0.00207785
NAV/BTC,1578173297664,2020-01-04T21:28:17.664Z,buy,1.434e-05,18.0,0.00025812
NAV/BTC,1578173297843,2020-01-04T21:28:17.843Z,sell,1.434e-05,14.0,0.00020076
NAV/BTC,1578173306969,2020-01-04T21:28:26.969Z,sell,1.435e-05,5460.0,0.078351
NAV/BTC,1578173306969,2020-01-04T21:28:26.969Z,sell,1.434e-05,2009.0,0.02880906
NAV/BTC,1578173306969,2020-01-04T21:28:26.969Z,sell,1.431e-05,3093.0,0.04426083
NAV/BTC,1578173306969,2020-01-04T21:28:26.969Z,sell,1.43e-05,861.0,0.0123123
NAV/BTC,1578173306969,2020-01-04T21:28:26.969Z,sell,1.429e-05,248.0,0.00354392
NAV/BTC,1578173306969,2020-01-04T21:28:26.969Z,sell,1.427e-05,25.0,0.00035675
NAV/BTC,1578173306969,2020-01-04T21:28:26.969Z,sell,1.426e-05,18.0,0.00025668
NAV/BTC,1578173306969,2020-01-04T21:28:26.969Z,sell,1.419e-05,1601.0,0.02271819
NAV/BTC,1578173309248,2020-01-04T21:28:29.248Z,sell,1.422e-05,136.0,0.00193392
NAV/BTC,1578173309616,2020-01-04T21:28:29.616Z,sell,1.418e-05,18.0,0.00025524
NAV/BTC,1578173309616,2020-01-04T21:28:29.616Z,sell,1.411e-05,367.0,0.00517837
NAV/BTC,1578173311598,2020-01-04T21:28:31.598Z,buy,1.42e-05,140.0,0.0019879999999999
NAV/BTC,1578173313229,2020-01-04T21:28:33.229Z,buy,1.419e-05,4230.0,0.0600237
NAV/BTC,1578173313550,2020-01-04T21:28:33.550Z,sell,1.411e-05,30.0,0.0004233
NAV/BTC,1578173313562,2020-01-04T21:28:33.562Z,sell,1.411e-05,50.0,0.0007055
NAV/BTC,1578173314980,2020-01-04T21:28:34.980Z,buy,1.417e-05,2354.0,0.03335618
NAV/BTC,1578173314980,2020-01-04T21:28:34.980Z,buy,1.418e-05,136.0,0.00192848
NAV/BTC,1578173314980,2020-01-04T21:28:34.980Z,buy,1.419e-05,395.0,0.0056050499999999
NAV/BTC,1578173315040,2020-01-04T21:28:35.040Z,buy,1.42e-05,860.0,0.0122119999999999
NAV/BTC,1578173315213,2020-01-04T21:28:35.213Z,sell,1.42e-05,382.0,0.0054244
NAV/BTC,1578173316044,2020-01-04T21:28:36.044Z,buy,1.423e-05,136.0,0.00193528
NAV/BTC,1578173320639,2020-01-04T21:28:40.639Z,buy,1.423e-05,192.0,0.00273216
NAV/BTC,1578173321460,2020-01-04T21:28:41.460Z,sell,1.423e-05,74.0,0.00105302
NAV/BTC,1578173321460,2020-01-04T21:28:41.460Z,sell,1.422e-05,202.0,0.00287244
NAV/BTC,1578173321464,2020-01-04T21:28:41.464Z,sell,1.422e-05,379.0,0.00538938
NAV/BTC,1578173321701,2020-01-04T21:28:41.701Z,sell,1.423e-05,1703.0,0.02423369
NAV/BTC,1578173338083,2020-01-04T21:28:58.083Z,sell,1.423e-05,50.0,0.0007115
NAV/BTC,1578173342771,2020-01-04T21:29:02.771Z,sell,1.423e-05,37.0,0.00052651
NAV/BTC,1578173348203,2020-01-04T21:29:08.203Z,sell,1.423e-05,1959.0,0.02787657
NAV/BTC,1578173351599,2020-01-04T21:29:11.599Z,sell,1.423e-05,380.0,0.0054074
NAV/BTC,1578173358986,2020-01-04T21:29:18.986Z,buy,1.426e-05,18.0,0.00025668
NAV/BTC,1578173358986,2020-01-04T21:29:18.986Z,buy,1.427e-05,39.0,0.00055653
NAV/BTC,1578173359066,2020-01-04T21:29:19.066Z,sell,1.427e-05,48.0,0.00068496
NAV/BTC,1578173359412,2020-01-04T21:29:19.412Z,sell,1.422e-05,1904.0,0.02707488
NAV/BTC,1578173360096,2020-01-04T21:29:20.096Z,sell,1.42e-05,1066.0,0.0151372
NAV/BTC,1578173360126,2020-01-04T21:29:20.126Z,sell,1.42e-05,2202.0,0.0312684
NAV/BTC,1578173362901,2020-01-04T21:29:22.901Z,sell,1.418e-05,18.0,0.00025524
NAV/BTC,1578173363956,2020-01-04T21:29:23.956Z,sell,1.411e-05,265.0,0.00373915
NAV/BTC,1578173366992,2020-01-04T21:29:26.992Z,buy,1.413e-05,2247.0,0.03175011
NAV/BTC,1578173366992,2020-01-04T21:29:26.992Z,buy,1.414e-05,381.0,0.00538734
NAV/BTC,1578173366992,2020-01-04T21:29:26.992Z,buy,1.417e-05,2247.0,0.03183999
NAV/BTC,1578173371170,2020-01-04T21:29:31.170Z,sell,1.418e-05,1000.0,0.01418
NAV/BTC,1578173376350,2020-01-04T21:29:36.350Z,sell,1.418e-05,1000.0,0.01418
NAV/BTC,1578173380236,2020-01-04T21:29:40.236Z,sell,1.412e-05,253.0,0.00357236
NAV/BTC,1578173381024,2020-01-04T21:29:41.024Z,buy,1.415e-05,349.0,0.00493835
NAV/BTC,1578173381347,2020-01-04T21:29:41.347Z,sell,1.419e-05,1000.0,0.01419
NAV/BTC,1578173381784,2020-01-04T21:29:41.784Z,sell,1.419e-05,380.0,0.0053922
NAV/BTC,1578173387273,2020-01-04T21:29:47.273Z,buy,1.419e-05,1389.0,0.01970991
NAV/BTC,1578173392491,2020-01-04T21:29:52.491Z,buy,1.415e-05,381.0,0.00539115
NAV/BTC,1578173392491,2020-01-04T21:29:52.491Z,buy,1.42e-05,430.0,0.0061059999999999
NAV/BTC,1578173392491,2020-01-04T21:29:52.491Z,buy,1.422e-05,2158.0,0.0306867599999999
NAV/BTC,1578173396907,2020-01-04T21:29:56.907Z,buy,1.422e-05,1609.0,0.0228799799999999
NAV/BTC,1578173409791,2020-01-04T21:30:09.791Z,sell,1.422e-05,637.0,0.00905814
NAV/BTC,1578173416325,2020-01-04T21:30:16.325Z,buy,1.426e-05,2025.0,0.0288765
NAV/BTC,1578173416938,2020-01-04T21:30:16.938Z,sell,1.423e-05,138.0,0.00196374
NAV/BTC,1578173416984,2020-01-04T21:30:16.984Z,sell,1.421e-05,430.0,0.0061103
NAV/BTC,1578173419957,2020-01-04T21:30:19.957Z,buy,1.42e-05,138.0,0.0019596
NAV/BTC,1578173419957,2020-01-04T21:30:19.957Z,buy,1.421e-05,639.0,0.00908019
NAV/BTC,1578173425238,2020-01-04T21:30:25.238Z,buy,1.421e-05,40.0,0.0005683999999999
NAV/BTC,1578173425514,2020-01-04T21:30:25.514Z,buy,1.421e-05,655.0,0.00930755
NAV/BTC,1578173425514,2020-01-04T21:30:25.514Z,buy,1.422e-05,20757.0,0.29516454
NAV/BTC,1578173425817,2020-01-04T21:30:25.817Z,buy,1.425e-05,139.0,0.00198075
NAV/BTC,1578173435757,2020-01-04T21:30:35.757Z,sell,1.425e-05,87.0,0.00123975
NAV/BTC,1578173438320,2020-01-04T21:30:38.320Z,buy,1.43e-05,55.0,0.0007865
NAV/BTC,1578173441163,2020-01-04T21:30:41.163Z,sell,1.427e-05,4280.0,0.0610756
NAV/BTC,1578173441220,2020-01-04T21:30:41.220Z,sell,1.426e-05,139.0,0.00198214
NAV/BTC,1578173441588,2020-01-04T21:30:41.588Z,buy,1.427e-05,943.0,0.01345661
NAV/BTC,1578173441588,2020-01-04T21:30:41.588Z,buy,1.43e-05,104.0,0.0014872
NAV/BTC,1578173442884,2020-01-04T21:30:42.884Z,sell,1.426e-05,897.0,0.01279122
NAV/BTC,1578173442884,2020-01-04T21:30:42.884Z,sell,1.424e-05,103.0,0.00146672
NAV/BTC,1578173446608,2020-01-04T21:30:46.608Z,sell,1.428e-05,773.0,0.01103844
NAV/BTC,1578173447368,2020-01-04T21:30:47.368Z,sell,1.424e-05,66.0,0.00093984
NAV/BTC,1578173447368,2020-01-04T21:30:47.368Z,sell,1.423e-05,315.0,0.00448245
NAV/BTC,1578173449344,2020-01-04T21:30:49.344Z,sell,1.423e-05,35.0,0.00049805
NAV/BTC,1578173449344,2020-01-04T21:30:49.344Z,sell,1.422e-05,1959.0,0.02785698
NAV/BTC,1578173456315,2020-01-04T21:30:56.315Z,sell,1.423e-05,4280.0,0.0609044
NAV/BTC,1578173456339,2020-01-04T21:30:56.339Z,sell,1.422e-05,1722.0,0.02448684
NAV/BTC,1578173459252,2020-01-04T21:30:59.252Z,sell,1.42e-05,800.0,0.01136
NAV/BTC,1578173459252,2020-01-04T21:30:59.252Z,sell,1.419e-05,254.0,0.0036042599999999
NAV/BTC,1578173459377,2020-01-04T21:30:59.377Z,sell,1.419e-05,781.0,0.01108239
NAV/BTC,1578173459377,2020-01-04T21:30:59.377Z,sell,1.418e-05,18.0,0.00025524
NAV/BTC,1578173463305,2020-01-04T21:31:03.305Z,buy,1.42e-05,4280.0,0.060776
NAV/BTC,1578173483274,2020-01-04T21:31:23.274Z,buy,1.42e-05,2140.0,0.030388
NAV/BTC,1578173490032,2020-01-04T21:31:30.032Z,buy,1.421e-05,352.0,0.00500192
NAV/BTC,1578173490032,2020-01-04T21:31:30.032Z,buy,1.423e-05,10648.0,0.15152104
NAV/BTC,1578173500077,2020-01-04T21:31:40.077Z,buy,1.423e-05,21.0,0.00029883
NAV/BTC,1578173503674,2020-01-04T21:31:43.674Z,buy,1.423e-05,358.0,0.00509434
NAV/BTC,1578173524423,2020-01-04T21:32:04.423Z,buy,1.423e-05,2326.0,0.03309898
NAV/BTC,1578173530087,2020-01-04T21:32:10.087Z,buy,1.423e-05,1423.0,0.02024929
NAV/BTC,1578173531393,2020-01-04T21:32:11.393Z,buy,1.426e-05,18.0,0.00025668
NAV/BTC,1578173564213,2020-01-04T21:32:44.213Z,sell,1.426e-05,143.0,0.00203918
NAV/BTC,1578173570900,2020-01-04T21:32:50.900Z,buy,1.43e-05,672.0,0.0096096
NAV/BTC,1578173571015,2020-01-04T21:32:51.015Z,sell,1.43e-05,18.0,0.0002574
NAV/BTC,1578173572946,2020-01-04T21:32:52.946Z,sell,1.43e-05,21.0,0.0003003
NAV/BTC,1578173576736,2020-01-04T21:32:56.736Z,sell,1.43e-05,336.0,0.0048048
NAV/BTC,1578173577013,2020-01-04T21:32:57.013Z,sell,1.43e-05,852.0,0.0121836
NAV/BTC,1578173605228,2020-01-04T21:33:25.228Z,sell,1.425e-05,169.0,0.00240825
NAV/BTC,1578173626543,2020-01-04T21:33:46.543Z,buy,1.422e-05,54.0,0.00076788
NAV/BTC,1578173637260,2020-01-04T21:33:57.260Z,sell,1.423e-05,54.0,0.0007684199999999
NAV/BTC,1578173638368,2020-01-04T21:33:58.368Z,sell,1.423e-05,116.0,0.0016506799999999
NAV/BTC,1578173665182,2020-01-04T21:34:25.182Z,sell,1.423e-05,121.0,0.00172183
NAV/BTC,1578173672319,2020-01-04T21:34:32.319Z,buy,1.426e-05,169.0,0.00240994
NAV/BTC,1578173672319,2020-01-04T21:34:32.319Z,buy,1.428e-05,260.0,0.0037128
NAV/BTC,1578173675390,2020-01-04T21:34:35.390Z,buy,1.43e-05,114.0,0.0016302
NAV/BTC,1578173676428,2020-01-04T21:34:36.428Z,buy,1.43e-05,114.0,0.0016302
NAV/BTC,1578173677432,2020-01-04T21:34:37.432Z,buy,1.43e-05,55.0,0.0007865
NAV/BTC,1578173681387,2020-01-04T21:34:41.387Z,sell,1.427e-05,2500.0,0.035675
NAV/BTC,1578173699533,2020-01-04T21:34:59.533Z,buy,1.43e-05,382.0,0.0054626
NAV/BTC,1578173699598,2020-01-04T21:34:59.598Z,buy,1.431e-05,34.0,0.00048654
NAV/BTC,1578173699664,2020-01-04T21:34:59.664Z,buy,1.431e-05,302.0,0.00432162
NAV/BTC,1578173700610,2020-01-04T21:35:00.610Z,buy,1.434e-05,18.0,0.00025812
NAV/BTC,1578173701042,2020-01-04T21:35:01.042Z,sell,1.431e-05,78.0,0.00111618
NAV/BTC,1578173704836,2020-01-04T21:35:04.836Z,buy,1.434e-05,335.0,0.0048039
NAV/BTC,1578173704836,2020-01-04T21:35:04.836Z,buy,1.437e-05,383.0,0.00550371
NAV/BTC,1578173704856,2020-01-04T21:35:04.856Z,buy,1.438e-05,89.0,0.0012798199999999
NAV/BTC,1578173704856,2020-01-04T21:35:04.856Z,buy,1.439e-05,587.0,0.00844693
NAV/BTC,1578173704907,2020-01-04T21:35:04.907Z,buy,1.44e-05,779.0,0.0112176
NAV/BTC,1578173707972,2020-01-04T21:35:07.972Z,buy,1.44e-05,852.0,0.0122688
NAV/BTC,1578173708106,2020-01-04T21:35:08.106Z,sell,1.439e-05,703.0,0.0101161699999999
NAV/BTC,1578173711105,2020-01-04T21:35:11.105Z,sell,1.439e-05,444.0,0.00638916
NAV/BTC,1578173712720,2020-01-04T21:35:12.720Z,sell,1.432e-05,456.0,0.00652992
NAV/BTC,1578173713717,2020-01-04T21:35:13.717Z,sell,1.431e-05,214.0,0.00306234
NAV/BTC,1578173717532,2020-01-04T21:35:17.532Z,sell,1.431e-05,1712.0,0.02449872
NAV/BTC,1578173717532,2020-01-04T21:35:17.532Z,sell,1.43e-05,1207.0,0.0172601
NAV/BTC,1578173722169,2020-01-04T21:35:22.169Z,buy,1.434e-05,70.0,0.0010038
NAV/BTC,1578173722439,2020-01-04T21:35:22.439Z,buy,1.434e-05,311.0,0.00445974
NAV/BTC,1578173722439,2020-01-04T21:35:22.439Z,buy,1.436e-05,383.0,0.0054998799999999
NAV/BTC,1578173722785,2020-01-04T21:35:22.785Z,buy,1.439e-05,490.0,0.0070510999999999
NAV/BTC,1578173726032,2020-01-04T21:35:26.032Z,buy,1.438e-05,31.0,0.00044578
NAV/BTC,1578173727033,2020-01-04T21:35:27.033Z,buy,1.438e-05,31.0,0.00044578
NAV/BTC,1578173728022,2020-01-04T21:35:28.022Z,buy,1.438e-05,31.0,0.00044578
NAV/BTC,1578173729024,2020-01-04T21:35:29.024Z,buy,1.438e-05,31.0,0.00044578
NAV/BTC,1578173730031,2020-01-04T21:35:30.031Z,buy,1.438e-05,31.0,0.00044578
NAV/BTC,1578173730334,2020-01-04T21:35:30.334Z,sell,1.437e-05,383.0,0.00550371
NAV/BTC,1578173738958,2020-01-04T21:35:38.958Z,buy,1.437e-05,145.0,0.00208365
NAV/BTC,1578173738958,2020-01-04T21:35:38.958Z,buy,1.44e-05,2816.0,0.0405504
NAV/BTC,1578173739089,2020-01-04T21:35:39.089Z,buy,1.441e-05,568.0,0.00818488
NAV/BTC,1578173739105,2020-01-04T21:35:39.105Z,buy,1.441e-05,199.0,0.0028675899999999
NAV/BTC,1578173739142,2020-01-04T21:35:39.142Z,buy,1.441e-05,383.0,0.0055190299999999
NAV/BTC,1578173739903,2020-01-04T21:35:39.903Z,buy,1.442e-05,94.0,0.0013554799999999
NAV/BTC,1578173740116,2020-01-04T21:35:40.116Z,buy,1.442e-05,260.0,0.0037492
NAV/BTC,1578173741123,2020-01-04T21:35:41.123Z,buy,1.443e-05,18.0,0.00025974
NAV/BTC,1578173749937,2020-01-04T21:35:49.937Z,sell,1.442e-05,372.0,0.0053642399999999
NAV/BTC,1578173750075,2020-01-04T21:35:50.075Z,sell,1.442e-05,372.0,0.0053642399999999
NAV/BTC,1578173750942,2020-01-04T21:35:50.942Z,sell,1.434e-05,18.0,0.00025812
NAV/BTC,1578173753440,2020-01-04T21:35:53.440Z,sell,1.431e-05,242.0,0.00346302
NAV/BTC,1578173757582,2020-01-04T21:35:57.582Z,buy,1.432e-05,3638.0,0.05209616
NAV/BTC,1578173757582,2020-01-04T21:35:57.582Z,buy,1.433e-05,329.0,0.00471457
NAV/BTC,1578173757582,2020-01-04T21:35:57.582Z,buy,1.434e-05,988.0,0.01416792
NAV/BTC,1578173760929,2020-01-04T21:36:00.929Z,sell,1.432e-05,1460.0,0.0209072
NAV/BTC,1578173765382,2020-01-04T21:36:05.382Z,buy,1.433e-05,657.0,0.00941481
NAV/BTC,1578173765415,2020-01-04T21:36:05.415Z,buy,1.434e-05,1509.0,0.0216390599999999
NAV/BTC,1578173765435,2020-01-04T21:36:05.435Z,buy,1.438e-05,67.0,0.00096346
NAV/BTC,1578173766442,2020-01-04T21:36:06.442Z,buy,1.438e-05,67.0,0.00096346
NAV/BTC,1578173767435,2020-01-04T21:36:07.435Z,buy,1.438e-05,67.0,0.00096346
NAV/BTC,1578173768438,2020-01-04T21:36:08.438Z,buy,1.438e-05,67.0,0.00096346
NAV/BTC,1578173769462,2020-01-04T21:36:09.462Z,buy,1.438e-05,67.0,0.00096346
NAV/BTC,1578173770546,2020-01-04T21:36:10.546Z,buy,1.438e-05,67.0,0.00096346
NAV/BTC,1578173771030,2020-01-04T21:36:11.030Z,buy,1.438e-05,264.0,0.0037963199999999
NAV/BTC,1578173771940,2020-01-04T21:36:11.940Z,sell,1.438e-05,193.0,0.00277534
NAV/BTC,1578173771940,2020-01-04T21:36:11.940Z,sell,1.435e-05,335.0,0.00480725
NAV/BTC,1578173771940,2020-01-04T21:36:11.940Z,sell,1.434e-05,5000.0,0.0717
NAV/BTC,1578173771940,2020-01-04T21:36:11.940Z,sell,1.433e-05,36408.0,0.52172664
NAV/BTC,1578173771970,2020-01-04T21:36:11.970Z,buy,1.433e-05,4117.0,0.05899661
NAV/BTC,1578173771994,2020-01-04T21:36:11.994Z,sell,1.432e-05,1033.0,0.01479256
NAV/BTC,1578173772039,2020-01-04T21:36:12.039Z,sell,1.431e-05,402.0,0.00575262
NAV/BTC,1578173772082,2020-01-04T21:36:12.082Z,sell,1.431e-05,750.0,0.0107325
NAV/BTC,1578173776077,2020-01-04T21:36:16.077Z,buy,1.428e-05,1712.0,0.02444736
NAV/BTC,1578173776077,2020-01-04T21:36:16.077Z,buy,1.429e-05,457.0,0.00653053
NAV/BTC,1578173776077,2020-01-04T21:36:16.077Z,buy,1.433e-05,2735.0,0.03919255
NAV/BTC,1578173776077,2020-01-04T21:36:16.077Z,buy,1.442e-05,335.0,0.0048306999999999
NAV/BTC,1578173776077,2020-01-04T21:36:16.077Z,buy,1.443e-05,18.0,0.00025974
NAV/BTC,1578173776077,2020-01-04T21:36:16.077Z,buy,1.444e-05,1204.0,0.01738576
NAV/BTC,1578173793306,2020-01-04T21:36:33.306Z,buy,1.443e-05,209.0,0.00301587
NAV/BTC,1578173815152,2020-01-04T21:36:55.152Z,buy,1.443e-05,452.0,0.00652236
NAV/BTC,1578173826299,2020-01-04T21:37:06.299Z,buy,1.441e-05,852.0,0.01227732
NAV/BTC,1578173837115,2020-01-04T21:37:17.115Z,sell,1.434e-05,18.0,0.00025812
NAV/BTC,1578173837115,2020-01-04T21:37:17.115Z,sell,1.427e-05,407.0,0.00580789
NAV/BTC,1578173837115,2020-01-04T21:37:17.115Z,sell,1.426e-05,18.0,0.00025668
NAV/BTC,1578173837115,2020-01-04T21:37:17.115Z,sell,1.421e-05,214.0,0.00304094
NAV/BTC,1578173837115,2020-01-04T21:37:17.115Z,sell,1.42e-05,85.0,0.001207
NAV/BTC,1578173837115,2020-01-04T21:37:17.115Z,sell,1.418e-05,575.0,0.0081535
NAV/BTC,1578173837115,2020-01-04T21:37:17.115Z,sell,1.417e-05,412.0,0.00583804
NAV/BTC,1578173837115,2020-01-04T21:37:17.115Z,sell,1.416e-05,1440.0,0.0203904
NAV/BTC,1578173837115,2020-01-04T21:37:17.115Z,sell,1.415e-05,89.0,0.00125935
NAV/BTC,1578173837115,2020-01-04T21:37:17.115Z,sell,1.414e-05,1820.0,0.0257348
NAV/BTC,1578173837115,2020-01-04T21:37:17.115Z,sell,1.413e-05,3382.0,0.04778766
NAV/BTC,1578173837115,2020-01-04T21:37:17.115Z,sell,1.412e-05,283.0,0.00399596
NAV/BTC,1578173837115,2020-01-04T21:37:17.115Z,sell,1.411e-05,2896.0,0.04086256
NAV/BTC,1578173837115,2020-01-04T21:37:17.115Z,sell,1.41e-05,8998.0,0.1268718
NAV/BTC,1578173837115,2020-01-04T21:37:17.115Z,sell,1.41e-05,750.0,0.010575
NAV/BTC,1578173840619,2020-01-04T21:37:20.619Z,sell,1.422e-05,743.0,0.0105654599999999
NAV/BTC,1578173853152,2020-01-04T21:37:33.152Z,buy,1.424e-05,37.0,0.00052688
NAV/BTC,1578173854591,2020-01-04T21:37:34.591Z,buy,1.424e-05,50.0,0.000712
NAV/BTC,1578173856214,2020-01-04T21:37:36.214Z,buy,1.424e-05,52.0,0.00074048
NAV/BTC,1578173898708,2020-01-04T21:38:18.708Z,buy,1.426e-05,18.0,0.00025668
NAV/BTC,1578173898708,2020-01-04T21:38:18.708Z,buy,1.427e-05,594.0,0.00847638
NAV/BTC,1578173908272,2020-01-04T21:38:28.272Z,buy,1.426e-05,382.0,0.00544732
NAV/BTC,1578173908272,2020-01-04T21:38:28.272Z,buy,1.427e-05,56.0,0.00079912
NAV/BTC,1578174003462,2020-01-04T21:40:03.462Z,sell,1.421e-05,360.0,0.0051156
NAV/BTC,1578174003520,2020-01-04T21:40:03.520Z,buy,1.421e-05,176.0,0.00250096
NAV/BTC,1578174012181,2020-01-04T21:40:12.181Z,sell,1.42e-05,382.0,0.0054244
NAV/BTC,1578174023010,2020-01-04T21:40:23.010Z,buy,1.42e-05,69.0,0.0009798
NAV/BTC,1578174024502,2020-01-04T21:40:24.502Z,buy,1.423e-05,15.0,0.0002134499999999
NAV/BTC,1578174024502,2020-01-04T21:40:24.502Z,sell,1.42e-05,56.0,0.0007952
NAV/BTC,1578174026746,2020-01-04T21:40:26.746Z,sell,1.419e-05,176.0,0.00249744
NAV/BTC,1578174028482,2020-01-04T21:40:28.482Z,sell,1.419e-05,528.0,0.00749232
NAV/BTC,1578174028482,2020-01-04T21:40:28.482Z,sell,1.418e-05,18.0,0.00025524
NAV/BTC,1578174040955,2020-01-04T21:40:40.955Z,sell,1.41e-05,262.0,0.0036942
NAV/BTC,1578174040955,2020-01-04T21:40:40.955Z,sell,1.409e-05,18.0,0.00025362
NAV/BTC,1578174043857,2020-01-04T21:40:43.857Z,sell,1.404e-05,89.0,0.00124956
NAV/BTC,1578174043857,2020-01-04T21:40:43.857Z,sell,1.401e-05,703.0,0.00984903
NAV/BTC,1578174045547,2020-01-04T21:40:45.547Z,sell,1.401e-05,2838.0,0.03976038
NAV/BTC,1578174045547,2020-01-04T21:40:45.547Z,sell,1.398e-05,354.0,0.00494892
NAV/BTC,1578174045547,2020-01-04T21:40:45.547Z,sell,1.397e-05,537.0,0.00750189
NAV/BTC,1578174045569,2020-01-04T21:40:45.569Z,sell,1.394e-05,604.0,0.00841976
NAV/BTC,1578174045570,2020-01-04T21:40:45.570Z,sell,1.394e-05,508.0,0.00708152
NAV/BTC,1578174045570,2020-01-04T21:40:45.570Z,sell,1.393e-05,96.0,0.00133728
NAV/BTC,1578174046659,2020-01-04T21:40:46.659Z,sell,1.393e-05,94.0,0.00130942
NAV/BTC,1578174047706,2020-01-04T21:40:47.706Z,sell,1.393e-05,20.0,0.0002786
NAV/BTC,1578174048762,2020-01-04T21:40:48.762Z,sell,1.393e-05,62.0,0.00086366
NAV/BTC,1578174049217,2020-01-04T21:40:49.217Z,sell,1.393e-05,389.0,0.00541877
NAV/BTC,1578174049217,2020-01-04T21:40:49.217Z,sell,1.388e-05,48.0,0.00066624
NAV/BTC,1578174051167,2020-01-04T21:40:51.167Z,buy,1.391e-05,40.0,0.0005564
NAV/BTC,1578174051744,2020-01-04T21:40:51.744Z,buy,1.391e-05,357.0,0.00496587
NAV/BTC,1578174051744,2020-01-04T21:40:51.744Z,buy,1.394e-05,271.0,0.00377774
NAV/BTC,1578174060262,2020-01-04T21:41:00.262Z,buy,1.401e-05,18.0,0.00025218
NAV/BTC,1578174061560,2020-01-04T21:41:01.560Z,sell,1.401e-05,264.0,0.00369864
NAV/BTC,1578174061560,2020-01-04T21:41:01.560Z,sell,1.394e-05,10613.0,0.14794522
NAV/BTC,1578174061560,2020-01-04T21:41:01.560Z,sell,1.393e-05,18.0,0.00025074
NAV/BTC,1578174063793,2020-01-04T21:41:03.793Z,buy,1.391e-05,1046.0,0.01454986
NAV/BTC,1578174064407,2020-01-04T21:41:04.407Z,sell,1.39e-05,249.0,0.0034611
NAV/BTC,1578174064407,2020-01-04T21:41:04.407Z,sell,1.389e-05,609.0,0.00845901
NAV/BTC,1578174064407,2020-01-04T21:41:04.407Z,sell,1.388e-05,1751.0,0.02430388
NAV/BTC,1578174081459,2020-01-04T21:41:21.459Z,sell,1.387e-05,89.0,0.00123443
NAV/BTC,1578174081459,2020-01-04T21:41:21.459Z,sell,1.385e-05,409.0,0.00566465
NAV/BTC,1578174085197,2020-01-04T21:41:25.197Z,sell,1.383e-05,40.0,0.0005532
NAV/BTC,1578174089020,2020-01-04T21:41:29.020Z,sell,1.383e-05,125.0,0.00172875
NAV/BTC,1578174089419,2020-01-04T21:41:29.419Z,sell,1.383e-05,206.0,0.00284898
NAV/BTC,1578174090971,2020-01-04T21:41:30.971Z,sell,1.382e-05,209.0,0.00288838
NAV/BTC,1578174091287,2020-01-04T21:41:31.287Z,sell,1.382e-05,1349.0,0.01864318
NAV/BTC,1578174091287,2020-01-04T21:41:31.287Z,sell,1.381e-05,73.0,0.00100813
NAV/BTC,1578174091287,2020-01-04T21:41:31.287Z,sell,1.379e-05,361.0,0.00497819
NAV/BTC,1578174091287,2020-01-04T21:41:31.287Z,sell,1.376e-05,820.0,0.0112832
NAV/BTC,1578174091287,2020-01-04T21:41:31.287Z,sell,1.375e-05,394.0,0.0054175
NAV/BTC,1578174091287,2020-01-04T21:41:31.287Z,sell,1.371e-05,50.0,0.0006854999999999
NAV/BTC,1578174091287,2020-01-04T21:41:31.287Z,sell,1.37e-05,881.0,0.0120697
NAV/BTC,1578174091287,2020-01-04T21:41:31.287Z,sell,1.369e-05,305.0,0.00417545
NAV/BTC,1578174091287,2020-01-04T21:41:31.287Z,sell,1.368e-05,118.0,0.0016142399999999
NAV/BTC,1578174091287,2020-01-04T21:41:31.287Z,sell,1.363e-05,863.0,0.01176269
NAV/BTC,1578174091287,2020-01-04T21:41:31.287Z,sell,1.362e-05,139.0,0.00189318
NAV/BTC,1578174092290,2020-01-04T21:41:32.290Z,buy,1.375e-05,40.0,0.00055
NAV/BTC,1578174093106,2020-01-04T21:41:33.106Z,buy,1.374e-05,261.0,0.00358614
NAV/BTC,1578174093409,2020-01-04T21:41:33.409Z,buy,1.372e-05,81.0,0.00111132
NAV/BTC,1578174093496,2020-01-04T21:41:33.496Z,buy,1.372e-05,79.0,0.00108388
NAV/BTC,1578174093997,2020-01-04T21:41:33.997Z,buy,1.368e-05,141.0,0.00192888
NAV/BTC,1578174094103,2020-01-04T21:41:34.103Z,buy,1.368e-05,106.0,0.0014500799999999
NAV/BTC,1578174094864,2020-01-04T21:41:34.864Z,buy,1.367e-05,74.0,0.00101158
NAV/BTC,1578174095021,2020-01-04T21:41:35.021Z,buy,1.367e-05,286.0,0.00390962
NAV/BTC,1578174095524,2020-01-04T21:41:35.524Z,buy,1.368e-05,113.0,0.00154584
NAV/BTC,1578174095679,2020-01-04T21:41:35.679Z,buy,1.368e-05,113.0,0.00154584
NAV/BTC,1578174096030,2020-01-04T21:41:36.030Z,buy,1.365e-05,143.0,0.00195195
NAV/BTC,1578174096136,2020-01-04T21:41:36.136Z,buy,1.365e-05,1268.0,0.0173082
NAV/BTC,1578174096136,2020-01-04T21:41:36.136Z,buy,1.368e-05,1704.0,0.02331072
NAV/BTC,1578174096136,2020-01-04T21:41:36.136Z,buy,1.369e-05,2102.0,0.0287763799999999
NAV/BTC,1578174096136,2020-01-04T21:41:36.136Z,buy,1.371e-05,1079.0,0.0147930899999999
NAV/BTC,1578174096624,2020-01-04T21:41:36.624Z,buy,1.372e-05,636.0,0.00872592
NAV/BTC,1578174096636,2020-01-04T21:41:36.636Z,sell,1.371e-05,550.0,0.0075404999999999
NAV/BTC,1578174096871,2020-01-04T21:41:36.871Z,sell,1.364e-05,15.0,0.0002045999999999
NAV/BTC,1578174096888,2020-01-04T21:41:36.888Z,buy,1.364e-05,105.0,0.0014322
NAV/BTC,1578174096964,2020-01-04T21:41:36.964Z,buy,1.364e-05,928.0,0.01265792
NAV/BTC,1578174096964,2020-01-04T21:41:36.964Z,buy,1.373e-05,354.0,0.00486042
NAV/BTC,1578174097676,2020-01-04T21:41:37.676Z,buy,1.375e-05,40.0,0.00055
NAV/BTC,1578174098441,2020-01-04T21:41:38.441Z,sell,1.365e-05,211.0,0.00288015
NAV/BTC,1578174098521,2020-01-04T21:41:38.521Z,buy,1.375e-05,40.0,0.00055
NAV/BTC,1578174099437,2020-01-04T21:41:39.437Z,sell,1.365e-05,2352.0,0.0321048
NAV/BTC,1578174099437,2020-01-04T21:41:39.437Z,sell,1.363e-05,7337.0,0.10000331
NAV/BTC,1578174099453,2020-01-04T21:41:39.453Z,sell,1.362e-05,2038.0,0.02775756
NAV/BTC,1578174099481,2020-01-04T21:41:39.481Z,sell,1.362e-05,1590.0,0.0216558
NAV/BTC,1578174099508,2020-01-04T21:41:39.508Z,sell,1.361e-05,570.0,0.0077577
NAV/BTC,1578174099742,2020-01-04T21:41:39.742Z,buy,1.363e-05,1552.0,0.02115376
NAV/BTC,1578174099874,2020-01-04T21:41:39.874Z,sell,1.361e-05,140.0,0.0019054
NAV/BTC,1578174099950,2020-01-04T21:41:39.950Z,buy,1.363e-05,1689.0,0.02302107
NAV/BTC,1578174100128,2020-01-04T21:41:40.128Z,buy,1.363e-05,1550.0,0.0211265
NAV/BTC,1578174100147,2020-01-04T21:41:40.147Z,buy,1.363e-05,34990.0,0.4769137
NAV/BTC,1578174100301,2020-01-04T21:41:40.301Z,buy,1.374e-05,257.0,0.00353118
NAV/BTC,1578174100513,2020-01-04T21:41:40.513Z,sell,1.36e-05,30.0,0.000408
NAV/BTC,1578174100513,2020-01-04T21:41:40.513Z,sell,1.358e-05,663.0,0.00900354
NAV/BTC,1578174100513,2020-01-04T21:41:40.513Z,sell,1.357e-05,147.0,0.00199479
NAV/BTC,1578174100513,2020-01-04T21:41:40.513Z,sell,1.356e-05,376.0,0.00509856
NAV/BTC,1578174102332,2020-01-04T21:41:42.332Z,buy,1.368e-05,1591.0,0.02176488
NAV/BTC,1578174102357,2020-01-04T21:41:42.357Z,buy,1.368e-05,18.0,0.00024624
NAV/BTC,1578174103360,2020-01-04T21:41:43.360Z,buy,1.368e-05,12.0,0.00016416
NAV/BTC,1578174103823,2020-01-04T21:41:43.823Z,buy,1.368e-05,102.0,0.00139536
NAV/BTC,1578174103823,2020-01-04T21:41:43.823Z,buy,1.369e-05,260.0,0.0035594
NAV/BTC,1578174104373,2020-01-04T21:41:44.373Z,buy,1.369e-05,10.0,0.0001369
NAV/BTC,1578174104832,2020-01-04T21:41:44.832Z,buy,1.369e-05,45.0,0.0006160499999999
NAV/BTC,1578174105411,2020-01-04T21:41:45.411Z,buy,1.369e-05,45.0,0.0006160499999999
NAV/BTC,1578174105575,2020-01-04T21:41:45.575Z,buy,1.369e-05,83.0,0.00113627
NAV/BTC,1578174105598,2020-01-04T21:41:45.598Z,buy,1.373e-05,307.0,0.00421511
NAV/BTC,1578174107350,2020-01-04T21:41:47.350Z,buy,1.373e-05,76.0,0.00104348
NAV/BTC,1578174107350,2020-01-04T21:41:47.350Z,buy,1.375e-05,196.0,0.002695
NAV/BTC,1578174107400,2020-01-04T21:41:47.400Z,buy,1.375e-05,56.0,0.00077
NAV/BTC,1578174108411,2020-01-04T21:41:48.411Z,buy,1.375e-05,84.0,0.001155
NAV/BTC,1578174109505,2020-01-04T21:41:49.505Z,buy,1.375e-05,378.0,0.0051975
NAV/BTC,1578174109917,2020-01-04T21:41:49.917Z,buy,1.376e-05,18.0,0.00024768
NAV/BTC,1578174109917,2020-01-04T21:41:49.917Z,buy,1.377e-05,464.0,0.00638928
NAV/BTC,1578174109917,2020-01-04T21:41:49.917Z,buy,1.378e-05,177.0,0.00243906
NAV/BTC,1578174113681,2020-01-04T21:41:53.681Z,buy,1.378e-05,465.0,0.0064077
NAV/BTC,1578174113681,2020-01-04T21:41:53.681Z,buy,1.384e-05,381.0,0.00527304
NAV/BTC,1578174123022,2020-01-04T21:42:03.022Z,sell,1.374e-05,213.0,0.00292662
NAV/BTC,1578174125870,2020-01-04T21:42:05.870Z,buy,1.378e-05,100.0,0.001378
NAV/BTC,1578174126843,2020-01-04T21:42:06.843Z,buy,1.378e-05,100.0,0.001378
NAV/BTC,1578174127612,2020-01-04T21:42:07.612Z,buy,1.378e-05,100.0,0.001378
NAV/BTC,1578174128338,2020-01-04T21:42:08.338Z,buy,1.378e-05,100.0,0.001378
NAV/BTC,1578174129275,2020-01-04T21:42:09.275Z,buy,1.378e-05,100.0,0.001378
NAV/BTC,1578174132912,2020-01-04T21:42:12.912Z,buy,1.378e-05,241.0,0.00332098
NAV/BTC,1578174136297,2020-01-04T21:42:16.297Z,sell,1.37e-05,307.0,0.0042058999999999
NAV/BTC,1578174136297,2020-01-04T21:42:16.297Z,sell,1.369e-05,26.0,0.00035594
NAV/BTC,1578174136707,2020-01-04T21:42:16.707Z,buy,1.378e-05,739.0,0.01018342
NAV/BTC,1578174136795,2020-01-04T21:42:16.795Z,buy,1.378e-05,5790.0,0.0797862
NAV/BTC,1578174140904,2020-01-04T21:42:20.904Z,sell,1.37e-05,333.0,0.0045620999999999
NAV/BTC,1578174140904,2020-01-04T21:42:20.904Z,sell,1.369e-05,15.0,0.0002053499999999
NAV/BTC,1578174147418,2020-01-04T21:42:27.418Z,buy,1.378e-05,67.0,0.00092326
NAV/BTC,1578174152917,2020-01-04T21:42:32.917Z,buy,1.381e-05,348.0,0.00480588
NAV/BTC,1578174156956,2020-01-04T21:42:36.956Z,buy,1.381e-05,281.0,0.00388061
NAV/BTC,1578174166330,2020-01-04T21:42:46.330Z,buy,1.381e-05,707.0,0.00976367
NAV/BTC,1578174168652,2020-01-04T21:42:48.652Z,buy,1.381e-05,563.0,0.00777503
NAV/BTC,1578174168666,2020-01-04T21:42:48.666Z,sell,1.378e-05,375.0,0.0051675
NAV/BTC,1578174168897,2020-01-04T21:42:48.897Z,sell,1.378e-05,397.0,0.00547066
NAV/BTC,1578174169393,2020-01-04T21:42:49.393Z,sell,1.378e-05,940.0,0.0129532
NAV/BTC,1578174169393,2020-01-04T21:42:49.393Z,sell,1.377e-05,348.0,0.00479196
NAV/BTC,1578174169393,2020-01-04T21:42:49.393Z,sell,1.376e-05,503.0,0.00692128
NAV/BTC,1578174170741,2020-01-04T21:42:50.741Z,sell,1.377e-05,281.0,0.00386937
NAV/BTC,1578174170741,2020-01-04T21:42:50.741Z,sell,1.376e-05,1209.0,0.01663584
NAV/BTC,1578174170850,2020-01-04T21:42:50.850Z,buy,1.375e-05,539.0,0.00741125
NAV/BTC,1578174172067,2020-01-04T21:42:52.067Z,buy,1.375e-05,635.0,0.00873125
NAV/BTC,1578174173294,2020-01-04T21:42:53.294Z,sell,1.372e-05,566.0,0.00776552
NAV/BTC,1578174173321,2020-01-04T21:42:53.321Z,sell,1.372e-05,734.0,0.01007048
NAV/BTC,1578174173321,2020-01-04T21:42:53.321Z,sell,1.371e-05,1821.0,0.0249659099999999
NAV/BTC,1578174178325,2020-01-04T21:42:58.325Z,buy,1.38e-05,474.0,0.0065412
NAV/BTC,1578174182571,2020-01-04T21:43:02.571Z,buy,1.382e-05,413.0,0.00570766
NAV/BTC,1578174193043,2020-01-04T21:43:13.043Z,buy,1.383e-05,807.0,0.01116081
NAV/BTC,1578174197370,2020-01-04T21:43:17.370Z,buy,1.385e-05,18.0,0.0002493
NAV/BTC,1578174197370,2020-01-04T21:43:17.370Z,buy,1.386e-05,186.0,0.00257796
NAV/BTC,1578174197370,2020-01-04T21:43:17.370Z,buy,1.387e-05,89.0,0.00123443
NAV/BTC,1578174197370,2020-01-04T21:43:17.370Z,buy,1.388e-05,1162.0,0.01612856
NAV/BTC,1578174197610,2020-01-04T21:43:17.610Z,buy,1.391e-05,265.0,0.00368615
NAV/BTC,1578174197610,2020-01-04T21:43:17.610Z,buy,1.392e-05,399.0,0.00555408
NAV/BTC,1578174199006,2020-01-04T21:43:19.006Z,sell,1.389e-05,81.0,0.00112509
NAV/BTC,1578174201199,2020-01-04T21:43:21.199Z,buy,1.392e-05,333.0,0.00463536
NAV/BTC,1578174201199,2020-01-04T21:43:21.199Z,buy,1.393e-05,18.0,0.00025074
NAV/BTC,1578174201199,2020-01-04T21:43:21.199Z,buy,1.394e-05,146.0,0.00203524
NAV/BTC,1578174206395,2020-01-04T21:43:26.395Z,buy,1.392e-05,295.0,0.0041064
NAV/BTC,1578174208421,2020-01-04T21:43:28.421Z,sell,1.389e-05,573.0,0.00795897
NAV/BTC,1578174208488,2020-01-04T21:43:28.488Z,sell,1.382e-05,1745.0,0.0241159
NAV/BTC,1578174208493,2020-01-04T21:43:28.493Z,sell,1.382e-05,137.0,0.0018933399999999
NAV/BTC,1578174211384,2020-01-04T21:43:31.384Z,buy,1.387e-05,383.0,0.0053122099999999
NAV/BTC,1578174211626,2020-01-04T21:43:31.626Z,buy,1.387e-05,767.0,0.01063829
NAV/BTC,1578174211626,2020-01-04T21:43:31.626Z,buy,1.388e-05,9937.0,0.13792556
NAV/BTC,1578174212870,2020-01-04T21:43:32.870Z,sell,1.377e-05,363.0,0.00499851
NAV/BTC,1578174212870,2020-01-04T21:43:32.870Z,sell,1.376e-05,145.0,0.0019952
NAV/BTC,1578174212870,2020-01-04T21:43:32.870Z,sell,1.373e-05,383.0,0.00525859
NAV/BTC,1578174212870,2020-01-04T21:43:32.870Z,sell,1.371e-05,2009.0,0.0275433899999999
NAV/BTC,1578174214742,2020-01-04T21:43:34.742Z,sell,1.38e-05,50.0,0.00069
NAV/BTC,1578174215053,2020-01-04T21:43:35.053Z,buy,1.387e-05,371.0,0.00514577
NAV/BTC,1578174215306,2020-01-04T21:43:35.306Z,sell,1.38e-05,52.0,0.0007176
NAV/BTC,1578174225560,2020-01-04T21:43:45.560Z,sell,1.38e-05,1784.0,0.0246192
NAV/BTC,1578174225632,2020-01-04T21:43:45.632Z,sell,1.374e-05,767.0,0.01053858
NAV/BTC,1578174230517,2020-01-04T21:43:50.517Z,sell,1.372e-05,145.0,0.0019894
