symbol,timestamp,datetime,side,price,amount,btc_volume
NAV/BTC,1560358881192,2019-06-12T17:01:21.192Z,sell,2.83e-05,197.77,0.005596891
NAV/BTC,1560359010588,2019-06-12T17:03:30.588Z,buy,2.85e-05,524.95,0.014961075
NAV/BTC,1560359021058,2019-06-12T17:03:41.058Z,sell,2.85e-05,832.0,0.023712
NAV/BTC,1560359021441,2019-06-12T17:03:41.441Z,sell,2.85e-05,1000.0,0.0285
NAV/BTC,1560359021441,2019-06-12T17:03:41.441Z,sell,2.85e-05,229.76,0.00654816
NAV/BTC,1560359065830,2019-06-12T17:04:25.830Z,sell,2.83e-05,1113.88,0.031522804
NAV/BTC,1560359350380,2019-06-12T17:09:10.380Z,buy,2.85e-05,70.29,0.002003265
NAV/BTC,1560359488822,2019-06-12T17:11:28.822Z,sell,2.84e-05,67.98,0.001930632
NAV/BTC,1560359506692,2019-06-12T17:11:46.692Z,buy,2.85e-05,207.05,0.005900925
NAV/BTC,1560359805367,2019-06-12T17:16:45.367Z,buy,2.85e-05,70.29,0.002003265
NAV/BTC,1560359805367,2019-06-12T17:16:45.367Z,buy,2.86e-05,1929.71,0.055189706
NAV/BTC,1560359843480,2019-06-12T17:17:23.480Z,buy,2.85e-05,70.29,0.002003265
NAV/BTC,1560359939476,2019-06-12T17:18:59.476Z,buy,2.85e-05,105.63,0.003010455
NAV/BTC,1560360119051,2019-06-12T17:21:59.051Z,sell,2.85e-05,45.55,0.001298175
NAV/BTC,1560360438048,2019-06-12T17:27:18.048Z,sell,2.85e-05,1930.1,0.05500785
NAV/BTC,1560360680772,2019-06-12T17:31:20.772Z,sell,2.85e-05,51.28,0.00146148
NAV/BTC,1560360794509,2019-06-12T17:33:14.509Z,buy,2.85e-05,123.0,0.0035055
NAV/BTC,1560360976719,2019-06-12T17:36:16.719Z,buy,2.86e-05,452.05,0.01292863
NAV/BTC,1560360978267,2019-06-12T17:36:18.267Z,buy,2.86e-05,69.93,0.001999998
NAV/BTC,1560361185185,2019-06-12T17:39:45.185Z,sell,2.84e-05,451.59,0.0128251559999999
NAV/BTC,1560361496756,2019-06-12T17:44:56.756Z,sell,2.84e-05,3391.86,0.096328824
NAV/BTC,1560361575914,2019-06-12T17:46:15.914Z,sell,2.84e-05,64.09,0.001820156
NAV/BTC,1560361868625,2019-06-12T17:51:08.625Z,buy,2.85e-05,56.62,0.00161367
NAV/BTC,1560361874162,2019-06-12T17:51:14.162Z,buy,2.86e-05,56.62,0.001619332
NAV/BTC,1560361874495,2019-06-12T17:51:14.495Z,sell,2.86e-05,94.32,0.0026975519999999
NAV/BTC,1560361874495,2019-06-12T17:51:14.495Z,sell,2.86e-05,94.32,0.0026975519999999
NAV/BTC,1560362801860,2019-06-12T18:06:41.860Z,buy,2.86e-05,426.85,0.01220791
NAV/BTC,1560362998119,2019-06-12T18:09:58.119Z,buy,2.86e-05,921.43,0.026352898
NAV/BTC,1560363006059,2019-06-12T18:10:06.059Z,sell,2.86e-05,671.67,0.019209762
NAV/BTC,1560363067775,2019-06-12T18:11:07.775Z,sell,2.85e-05,655.52,0.01868232
NAV/BTC,1560363130163,2019-06-12T18:12:10.163Z,sell,2.85e-05,55.81,0.001590585
NAV/BTC,1560364340006,2019-06-12T18:32:20.006Z,sell,2.85e-05,175.09,0.004990065
NAV/BTC,1560364409726,2019-06-12T18:33:29.726Z,buy,2.85e-05,63.56,0.00181146
NAV/BTC,1560364463720,2019-06-12T18:34:23.720Z,buy,2.85e-05,190.66,0.00543381
NAV/BTC,1560364463720,2019-06-12T18:34:23.720Z,buy,2.85e-05,190.66,0.00543381
NAV/BTC,1560365508868,2019-06-12T18:51:48.868Z,sell,2.85e-05,67.7,0.00192945
NAV/BTC,1560366613590,2019-06-12T19:10:13.590Z,buy,2.86e-05,35.1,0.00100386
NAV/BTC,1560366806203,2019-06-12T19:13:26.203Z,sell,2.85e-05,250.42,0.00713697
NAV/BTC,1560366832371,2019-06-12T19:13:52.371Z,sell,2.85e-05,129.6,0.0036936
NAV/BTC,1560366834636,2019-06-12T19:13:54.636Z,sell,2.85e-05,370.4,0.0105564
NAV/BTC,1560367105270,2019-06-12T19:18:25.270Z,buy,2.86e-05,70.04,0.002003144
NAV/BTC,1560367105904,2019-06-12T19:18:25.904Z,sell,2.86e-05,279.61,0.007996846
NAV/BTC,1560367627902,2019-06-12T19:27:07.902Z,sell,2.86e-05,37.87,0.001083082
NAV/BTC,1560367918535,2019-06-12T19:31:58.535Z,sell,2.86e-05,1591.5,0.0455169
NAV/BTC,1560367918563,2019-06-12T19:31:58.563Z,sell,2.86e-05,273.53,0.007822958
NAV/BTC,1560367923924,2019-06-12T19:32:03.924Z,sell,2.86e-05,354.6,0.01014156
NAV/BTC,1560367924047,2019-06-12T19:32:04.047Z,sell,2.86e-05,249.11,0.007124546
NAV/BTC,1560367925518,2019-06-12T19:32:05.518Z,sell,2.86e-05,170.12,0.004865432
NAV/BTC,1560367926910,2019-06-12T19:32:06.910Z,sell,2.86e-05,249.11,0.007124546
NAV/BTC,1560367926910,2019-06-12T19:32:06.910Z,sell,2.86e-05,249.11,0.007124546
NAV/BTC,1560368257432,2019-06-12T19:37:37.432Z,sell,2.86e-05,774.69,0.022156134
NAV/BTC,1560368973854,2019-06-12T19:49:33.854Z,buy,2.87e-05,191.42,0.005493754
NAV/BTC,1560369015205,2019-06-12T19:50:15.205Z,buy,2.87e-05,572.75,0.016437925
NAV/BTC,1560369048590,2019-06-12T19:50:48.590Z,sell,2.86e-05,1299.47,0.037164842
NAV/BTC,1560369086313,2019-06-12T19:51:26.313Z,buy,2.86e-05,50.73,0.0014508779999999
NAV/BTC,1560369298917,2019-06-12T19:54:58.917Z,sell,2.86e-05,1901.74,0.054389764
NAV/BTC,1560370104484,2019-06-12T20:08:24.484Z,sell,2.86e-05,2820.51,0.080666586
NAV/BTC,1560370104484,2019-06-12T20:08:24.484Z,sell,2.85e-05,688.26,0.01961541
NAV/BTC,1560370142186,2019-06-12T20:09:02.186Z,sell,2.85e-05,99.74,0.00284259
NAV/BTC,1560370203179,2019-06-12T20:10:03.179Z,buy,2.86e-05,170.77,0.004884022
NAV/BTC,1560370556188,2019-06-12T20:15:56.188Z,buy,2.86e-05,209.47,0.005990842
NAV/BTC,1560370750187,2019-06-12T20:19:10.187Z,buy,2.86e-05,118.7,0.00339482
NAV/BTC,1560370829185,2019-06-12T20:20:29.185Z,buy,2.86e-05,55.86,0.001597596
NAV/BTC,1560370846127,2019-06-12T20:20:46.127Z,buy,2.86e-05,266.99,0.007635914
NAV/BTC,1560370931554,2019-06-12T20:22:11.554Z,buy,2.86e-05,70.05,0.00200343
NAV/BTC,1560370934500,2019-06-12T20:22:14.500Z,buy,2.86e-05,70.05,0.00200343
NAV/BTC,1560370997226,2019-06-12T20:23:17.226Z,sell,2.85e-05,723.38,0.02061633
NAV/BTC,1560371177731,2019-06-12T20:26:17.731Z,sell,2.86e-05,1326.89,0.037949054
NAV/BTC,1560371177731,2019-06-12T20:26:17.731Z,sell,2.86e-05,1326.89,0.037949054
NAV/BTC,1560371569380,2019-06-12T20:32:49.380Z,sell,2.86e-05,812.0,0.0232232
NAV/BTC,1560371569936,2019-06-12T20:32:49.936Z,sell,2.86e-05,129.6,0.00370656
NAV/BTC,1560371620457,2019-06-12T20:33:40.457Z,sell,2.86e-05,213.97,0.006119542
NAV/BTC,1560372365658,2019-06-12T20:46:05.658Z,buy,2.87e-05,216.12,0.006202644
NAV/BTC,1560372365688,2019-06-12T20:46:05.688Z,buy,2.87e-05,216.12,0.006202644
NAV/BTC,1560372381407,2019-06-12T20:46:21.407Z,buy,2.87e-05,339.26,0.009736762
NAV/BTC,1560372389571,2019-06-12T20:46:29.571Z,buy,2.87e-05,438.11,0.012573757
NAV/BTC,1560372439029,2019-06-12T20:47:19.029Z,buy,2.87e-05,438.11,0.012573757
NAV/BTC,1560372439072,2019-06-12T20:47:19.072Z,buy,2.87e-05,438.11,0.012573757
NAV/BTC,1560372847301,2019-06-12T20:54:07.301Z,buy,2.87e-05,348.43,0.009999941
NAV/BTC,1560372978870,2019-06-12T20:56:18.870Z,buy,2.87e-05,104.53,0.003000011
NAV/BTC,1560373051478,2019-06-12T20:57:31.478Z,buy,2.87e-05,64.81,0.001860047
NAV/BTC,1560373418423,2019-06-12T21:03:38.423Z,buy,2.87e-05,173.84,0.004989208
NAV/BTC,1560373418948,2019-06-12T21:03:38.948Z,buy,2.87e-05,271.7,0.00779779
NAV/BTC,1560373470886,2019-06-12T21:04:30.886Z,sell,2.86e-05,397.49,0.011368214
NAV/BTC,1560373483589,2019-06-12T21:04:43.589Z,buy,2.87e-05,423.99,0.012168513
NAV/BTC,1560373669097,2019-06-12T21:07:49.097Z,sell,2.86e-05,4198.9,0.12008854
NAV/BTC,1560373758653,2019-06-12T21:09:18.653Z,buy,2.87e-05,183.22,0.005258414
NAV/BTC,1560373779569,2019-06-12T21:09:39.569Z,buy,2.87e-05,6500.0,0.18655
NAV/BTC,1560373779601,2019-06-12T21:09:39.601Z,buy,2.87e-05,35.3,0.00101311
NAV/BTC,1560373783297,2019-06-12T21:09:43.297Z,sell,2.87e-05,54.79,0.001572473
NAV/BTC,1560373785368,2019-06-12T21:09:45.368Z,sell,2.87e-05,247.34,0.007098658
NAV/BTC,1560373800831,2019-06-12T21:10:00.831Z,sell,2.87e-05,736.78,0.0211455859999999
NAV/BTC,1560373800842,2019-06-12T21:10:00.842Z,sell,2.87e-05,123.61,0.003547607
NAV/BTC,1560373809489,2019-06-12T21:10:09.489Z,sell,2.87e-05,353.35,0.010141145
NAV/BTC,1560373836069,2019-06-12T21:10:36.069Z,buy,2.88e-05,46.96,0.001352448
NAV/BTC,1560373978444,2019-06-12T21:12:58.444Z,buy,2.88e-05,2097.88,0.060418944
NAV/BTC,1560373997962,2019-06-12T21:13:17.962Z,sell,2.87e-05,338.98,0.009728726
NAV/BTC,1560374046629,2019-06-12T21:14:06.629Z,sell,2.87e-05,1382.74,0.039684638
NAV/BTC,1560374047311,2019-06-12T21:14:07.311Z,buy,2.87e-05,964.7,0.02768689
NAV/BTC,1560374049653,2019-06-12T21:14:09.653Z,buy,2.87e-05,353.35,0.010141145
NAV/BTC,1560374093994,2019-06-12T21:14:53.994Z,sell,2.86e-05,65.51,0.001873586
NAV/BTC,1560374137719,2019-06-12T21:15:37.719Z,sell,2.86e-05,46.92,0.001341912
NAV/BTC,1560374610205,2019-06-12T21:23:30.205Z,sell,2.86e-05,143.73,0.0041106779999999
NAV/BTC,1560374710033,2019-06-12T21:25:10.033Z,buy,2.87e-05,500.0,0.01435
NAV/BTC,1560374734591,2019-06-12T21:25:34.591Z,buy,2.87e-05,300.0,0.00861
NAV/BTC,1560374743649,2019-06-12T21:25:43.649Z,buy,2.87e-05,400.0,0.01148
NAV/BTC,1560374743649,2019-06-12T21:25:43.649Z,buy,2.87e-05,400.0,0.01148
NAV/BTC,1560374864479,2019-06-12T21:27:44.479Z,buy,2.87e-05,453.87,0.013026069
NAV/BTC,1560375220069,2019-06-12T21:33:40.069Z,sell,2.86e-05,106.38,0.003042468
NAV/BTC,1560375737349,2019-06-12T21:42:17.349Z,buy,2.87e-05,50.0,0.001435
NAV/BTC,1560375819914,2019-06-12T21:43:39.914Z,buy,2.87e-05,1346.24,0.038637088
NAV/BTC,1560375903715,2019-06-12T21:45:03.715Z,sell,2.86e-05,290.7,0.00831402
NAV/BTC,1560376185005,2019-06-12T21:49:45.005Z,buy,2.87e-05,484.56,0.013906872
NAV/BTC,1560377839371,2019-06-12T22:17:19.371Z,buy,2.87e-05,1381.16,0.039639292
NAV/BTC,1560378239092,2019-06-12T22:23:59.092Z,buy,2.88e-05,2565.31,0.073880928
NAV/BTC,1560378245950,2019-06-12T22:24:05.950Z,buy,2.88e-05,843.23,0.024285024
NAV/BTC,1560378245950,2019-06-12T22:24:05.950Z,buy,2.88e-05,843.23,0.024285024
NAV/BTC,1560379857209,2019-06-12T22:50:57.209Z,buy,2.88e-05,7835.29,0.2256563519999999
NAV/BTC,1560380048951,2019-06-12T22:54:08.951Z,sell,2.87e-05,48.33,0.001387071
NAV/BTC,1560380419852,2019-06-12T23:00:19.852Z,sell,2.87e-05,99.9,0.00286713
NAV/BTC,1560381448835,2019-06-12T23:17:28.835Z,buy,2.88e-05,148.17,0.0042672959999999
NAV/BTC,1560381449586,2019-06-12T23:17:29.586Z,sell,2.88e-05,39.01,0.001123488
NAV/BTC,1560381449739,2019-06-12T23:17:29.739Z,buy,2.89e-05,55.85,0.001614065
NAV/BTC,1560381449739,2019-06-12T23:17:29.739Z,buy,2.89e-05,51.9,0.00149991
NAV/BTC,1560381611322,2019-06-12T23:20:11.322Z,buy,2.89e-05,179.08,0.005175412
NAV/BTC,1560381761256,2019-06-12T23:22:41.256Z,sell,2.87e-05,69.93,0.002006991
NAV/BTC,1560381761256,2019-06-12T23:22:41.256Z,sell,2.87e-05,69.93,0.002006991
NAV/BTC,1560381908744,2019-06-12T23:25:08.744Z,buy,2.89e-05,316.95,0.009159855
NAV/BTC,1560381917067,2019-06-12T23:25:17.067Z,buy,2.89e-05,69.2,0.00199988
NAV/BTC,1560382475079,2019-06-12T23:34:35.079Z,buy,2.89e-05,34.95,0.001010055
NAV/BTC,1560382552796,2019-06-12T23:35:52.796Z,sell,2.88e-05,98.18,0.002827584
NAV/BTC,1560383486311,2019-06-12T23:51:26.311Z,buy,2.89e-05,6919.91,0.199985399
NAV/BTC,1560383568044,2019-06-12T23:52:48.044Z,buy,2.89e-05,42.96,0.001241544
NAV/BTC,1560384085116,2019-06-13T00:01:25.116Z,sell,2.88e-05,171.47,0.004938336
NAV/BTC,1560384128284,2019-06-13T00:02:08.284Z,buy,2.89e-05,314.5,0.00908905
NAV/BTC,1560384629894,2019-06-13T00:10:29.894Z,buy,2.89e-05,936.47,0.027063983
NAV/BTC,1560384630823,2019-06-13T00:10:30.823Z,buy,2.9e-05,2374.51,0.06886079
NAV/BTC,1560384915605,2019-06-13T00:15:15.605Z,buy,2.9e-05,8629.16,0.25024564
NAV/BTC,1560384916541,2019-06-13T00:15:16.541Z,sell,2.9e-05,76.31,0.00221299
NAV/BTC,1560384918617,2019-06-13T00:15:18.617Z,sell,2.9e-05,48.43,0.00140447
NAV/BTC,1560384919171,2019-06-13T00:15:19.171Z,sell,2.9e-05,83.07,0.00240903
NAV/BTC,1560384921167,2019-06-13T00:15:21.167Z,buy,2.91e-05,274.91,0.007999881
NAV/BTC,1560384923245,2019-06-13T00:15:23.245Z,sell,2.9e-05,57.58,0.00166982
NAV/BTC,1560384923328,2019-06-13T00:15:23.328Z,sell,2.9e-05,76.04,0.00220516
NAV/BTC,1560384923826,2019-06-13T00:15:23.826Z,buy,2.91e-05,132.92,0.0038679719999999
NAV/BTC,1560384944660,2019-06-13T00:15:44.660Z,buy,2.91e-05,326.74,0.009508134
NAV/BTC,1560384964966,2019-06-13T00:16:04.966Z,sell,2.9e-05,220.68,0.00639972
NAV/BTC,1560385157595,2019-06-13T00:19:17.595Z,buy,2.91e-05,149.54,0.0043516139999999
NAV/BTC,1560385167147,2019-06-13T00:19:27.147Z,sell,2.91e-05,131.41,0.003824031
NAV/BTC,1560385168102,2019-06-13T00:19:28.102Z,sell,2.91e-05,54.49,0.001585659
NAV/BTC,1560385168303,2019-06-13T00:19:28.303Z,sell,2.91e-05,8.2,0.0002386199999999
NAV/BTC,1560385168382,2019-06-13T00:19:28.382Z,sell,2.9e-05,69.2,0.0020068
NAV/BTC,1560385184898,2019-06-13T00:19:44.898Z,sell,2.9e-05,396.43,0.01149647
NAV/BTC,1560385190359,2019-06-13T00:19:50.359Z,sell,2.9e-05,588.99,0.01708071
NAV/BTC,1560385190359,2019-06-13T00:19:50.359Z,sell,2.9e-05,588.99,0.01708071
NAV/BTC,1560385473770,2019-06-13T00:24:33.770Z,sell,2.9e-05,4551.64,0.13199756
NAV/BTC,1560385524728,2019-06-13T00:25:24.728Z,sell,2.9e-05,1145.89,0.03323081
NAV/BTC,1560385526378,2019-06-13T00:25:26.378Z,sell,2.89e-05,319.65,0.009237885
NAV/BTC,1560385526378,2019-06-13T00:25:26.378Z,sell,2.88e-05,1078.01,0.031046688
NAV/BTC,1560385528365,2019-06-13T00:25:28.365Z,buy,2.91e-05,240.55,0.007000005
NAV/BTC,1560385534149,2019-06-13T00:25:34.149Z,buy,2.91e-05,68.73,0.002000043
NAV/BTC,1560385708800,2019-06-13T00:28:28.800Z,buy,2.91e-05,34.71,0.001010061
NAV/BTC,1560385949130,2019-06-13T00:32:29.130Z,buy,2.9e-05,89.97,0.00260913
NAV/BTC,1560386378339,2019-06-13T00:39:38.339Z,sell,2.89e-05,4278.99,0.123662811
NAV/BTC,1560386378339,2019-06-13T00:39:38.339Z,sell,2.88e-05,3469.33,0.099916704
NAV/BTC,1560386478708,2019-06-13T00:41:18.708Z,buy,2.89e-05,48.41,0.0013990489999999
NAV/BTC,1560386768298,2019-06-13T00:46:08.298Z,buy,2.89e-05,306.95,0.008870855
NAV/BTC,1560387050439,2019-06-13T00:50:50.439Z,sell,2.89e-05,55.8,0.00161262
NAV/BTC,1560387276341,2019-06-13T00:54:36.341Z,sell,2.89e-05,268.06,0.007746934
NAV/BTC,1560387316112,2019-06-13T00:55:16.112Z,buy,2.89e-05,2033.92,0.058780288
NAV/BTC,1560388257272,2019-06-13T01:10:57.272Z,sell,2.89e-05,46.81,0.001352809
NAV/BTC,1560388257272,2019-06-13T01:10:57.272Z,sell,2.89e-05,46.81,0.001352809
NAV/BTC,1560391704503,2019-06-13T02:08:24.503Z,buy,2.9e-05,344.82,0.00999978
NAV/BTC,1560391704503,2019-06-13T02:08:24.503Z,buy,2.9e-05,344.82,0.00999978
NAV/BTC,1560393348341,2019-06-13T02:35:48.341Z,sell,2.89e-05,209.47,0.006053683
NAV/BTC,1560393719141,2019-06-13T02:41:59.141Z,sell,2.89e-05,62.85,0.001816365
NAV/BTC,1560393818004,2019-06-13T02:43:38.004Z,sell,2.89e-05,62.84,0.001816076
NAV/BTC,1560393854622,2019-06-13T02:44:14.622Z,buy,2.9e-05,790.03,0.02291087
NAV/BTC,1560393875312,2019-06-13T02:44:35.312Z,buy,2.9e-05,391.16,0.01134364
NAV/BTC,1560394218707,2019-06-13T02:50:18.707Z,buy,2.9e-05,213.11,0.00618019
NAV/BTC,1560394224383,2019-06-13T02:50:24.383Z,buy,2.9e-05,213.11,0.00618019
NAV/BTC,1560394224505,2019-06-13T02:50:24.505Z,buy,2.9e-05,213.11,0.00618019
NAV/BTC,1560394224532,2019-06-13T02:50:24.532Z,buy,2.9e-05,213.11,0.00618019
NAV/BTC,1560394226374,2019-06-13T02:50:26.374Z,buy,2.9e-05,213.11,0.00618019
NAV/BTC,1560394379338,2019-06-13T02:52:59.338Z,buy,2.9e-05,67.56,0.00195924
NAV/BTC,1560394380495,2019-06-13T02:53:00.495Z,buy,2.9e-05,45.59,0.00132211
NAV/BTC,1560394381849,2019-06-13T02:53:01.849Z,buy,2.9e-05,34.53,0.00100137
NAV/BTC,1560394384873,2019-06-13T02:53:04.873Z,buy,2.9e-05,34.53,0.00100137
NAV/BTC,1560394387744,2019-06-13T02:53:07.744Z,buy,2.9e-05,34.53,0.00100137
NAV/BTC,1560394389358,2019-06-13T02:53:09.358Z,buy,2.9e-05,34.53,0.00100137
NAV/BTC,1560395233227,2019-06-13T03:07:13.227Z,sell,2.89e-05,86.41,0.002497249
NAV/BTC,1560395233227,2019-06-13T03:07:13.227Z,sell,2.89e-05,86.41,0.002497249
NAV/BTC,1560395633252,2019-06-13T03:13:53.252Z,sell,2.89e-05,128.33,0.003708737
NAV/BTC,1560396644017,2019-06-13T03:30:44.017Z,sell,2.89e-05,257.54,0.007442906
NAV/BTC,1560396723975,2019-06-13T03:32:03.975Z,sell,2.89e-05,257.53,0.0074426169999999
NAV/BTC,1560396744913,2019-06-13T03:32:24.913Z,sell,2.89e-05,7805.02,0.225565078
NAV/BTC,1560396755790,2019-06-13T03:32:35.790Z,buy,2.89e-05,4842.02,0.139934378
NAV/BTC,1560396755790,2019-06-13T03:32:35.790Z,buy,2.9e-05,1807.15,0.05240735
NAV/BTC,1560396755790,2019-06-13T03:32:35.790Z,buy,2.91e-05,295.44,0.008597304
NAV/BTC,1560397750720,2019-06-13T03:49:10.720Z,sell,2.89e-05,109.32,0.0031593479999999
NAV/BTC,1560398656423,2019-06-13T04:04:16.423Z,buy,2.9e-05,210.74,0.00611146
NAV/BTC,1560398656518,2019-06-13T04:04:16.518Z,buy,2.9e-05,213.1,0.0061798999999999
NAV/BTC,1560398656518,2019-06-13T04:04:16.518Z,buy,2.9e-05,213.1,0.0061798999999999
NAV/BTC,1560399019720,2019-06-13T04:10:19.720Z,buy,2.9e-05,564.0,0.016356
NAV/BTC,1560399254044,2019-06-13T04:14:14.044Z,sell,2.89e-05,1000.0,0.0289
NAV/BTC,1560399261296,2019-06-13T04:14:21.296Z,buy,2.9e-05,70.32,0.0020392799999999
NAV/BTC,1560399277086,2019-06-13T04:14:37.086Z,sell,2.89e-05,192.71,0.005569319
NAV/BTC,1560399317947,2019-06-13T04:15:17.947Z,sell,2.88e-05,2067.73,0.0595506239999999
NAV/BTC,1560399328082,2019-06-13T04:15:28.082Z,sell,2.88e-05,1060.06,0.0305297279999999
NAV/BTC,1560399328696,2019-06-13T04:15:28.696Z,sell,2.88e-05,343.64,0.009896832
NAV/BTC,1560399330192,2019-06-13T04:15:30.192Z,sell,2.88e-05,353.35,0.01017648
NAV/BTC,1560399567720,2019-06-13T04:19:27.720Z,sell,2.88e-05,121.42,0.0034968959999999
NAV/BTC,1560399681525,2019-06-13T04:21:21.525Z,buy,2.89e-05,292.91,0.008465099
NAV/BTC,1560399769850,2019-06-13T04:22:49.850Z,sell,2.88e-05,11028.89,0.3176320319999999
NAV/BTC,1560399769850,2019-06-13T04:22:49.850Z,sell,2.87e-05,4318.89,0.123952143
NAV/BTC,1560399769850,2019-06-13T04:22:49.850Z,sell,2.86e-05,2192.52,0.062706072
NAV/BTC,1560399769850,2019-06-13T04:22:49.850Z,sell,2.86e-05,93.96,0.002687256
NAV/BTC,1560399769855,2019-06-13T04:22:49.855Z,sell,2.86e-05,18092.2,0.5174369200000001
NAV/BTC,1560399769859,2019-06-13T04:22:49.859Z,sell,2.86e-05,1305.5,0.0373373
NAV/BTC,1560399769903,2019-06-13T04:22:49.903Z,buy,2.87e-05,399.13,0.011455031
NAV/BTC,1560399843593,2019-06-13T04:24:03.593Z,sell,2.87e-05,385.01,0.011049787
NAV/BTC,1560399885109,2019-06-13T04:24:45.109Z,sell,2.87e-05,67.56,0.001938972
NAV/BTC,1560399896020,2019-06-13T04:24:56.020Z,sell,2.87e-05,237.15,0.006806205
NAV/BTC,1560399896541,2019-06-13T04:24:56.541Z,sell,2.87e-05,237.18,0.006807066
NAV/BTC,1560399897360,2019-06-13T04:24:57.360Z,sell,2.87e-05,245.15,0.007035805
NAV/BTC,1560399897981,2019-06-13T04:24:57.981Z,sell,2.87e-05,221.67,0.006361929
NAV/BTC,1560399910693,2019-06-13T04:25:10.693Z,buy,2.87e-05,42.42,0.001217454
NAV/BTC,1560399910715,2019-06-13T04:25:10.715Z,buy,2.87e-05,1000.0,0.0287
NAV/BTC,1560399910796,2019-06-13T04:25:10.796Z,buy,2.87e-05,70.3,0.00201761
NAV/BTC,1560399912692,2019-06-13T04:25:12.692Z,buy,2.87e-05,727.68,0.020884416
NAV/BTC,1560399913764,2019-06-13T04:25:13.764Z,sell,2.87e-05,219.39,0.0062964929999999
NAV/BTC,1560399959985,2019-06-13T04:25:59.985Z,sell,2.87e-05,135.81,0.003897747
NAV/BTC,1560399978154,2019-06-13T04:26:18.154Z,sell,2.87e-05,292.91,0.008406517
NAV/BTC,1560399983345,2019-06-13T04:26:23.345Z,sell,2.87e-05,2169.43,0.0622626409999999
NAV/BTC,1560399992465,2019-06-13T04:26:32.465Z,buy,2.87e-05,1568.83,0.0450254209999999
NAV/BTC,1560400068638,2019-06-13T04:27:48.638Z,sell,2.87e-05,1153.53,0.033106311
NAV/BTC,1560400342052,2019-06-13T04:32:22.052Z,buy,2.88e-05,41.93,0.001207584
NAV/BTC,1560400648902,2019-06-13T04:37:28.902Z,buy,2.88e-05,9.93,0.000285984
NAV/BTC,1560400648949,2019-06-13T04:37:28.949Z,sell,2.87e-05,37.57,0.001078259
NAV/BTC,1560400672770,2019-06-13T04:37:52.770Z,sell,2.87e-05,1186.0,0.0340382
NAV/BTC,1560400712822,2019-06-13T04:38:32.822Z,sell,2.87e-05,101.72,0.002919364
NAV/BTC,1560400935026,2019-06-13T04:42:15.026Z,buy,2.88e-05,9.76,0.000281088
NAV/BTC,1560401874960,2019-06-13T04:57:54.960Z,buy,2.87e-05,98.17,0.002817479
NAV/BTC,1560401897185,2019-06-13T04:58:17.185Z,buy,2.87e-05,459.03,0.0131741609999999
NAV/BTC,1560401926157,2019-06-13T04:58:46.157Z,sell,2.87e-05,276.81,0.007944447
NAV/BTC,1560402027320,2019-06-13T05:00:27.320Z,buy,2.88e-05,66.11,0.0019039679999999
NAV/BTC,1560402192416,2019-06-13T05:03:12.416Z,sell,2.87e-05,353.32,0.010140284
NAV/BTC,1560402224856,2019-06-13T05:03:44.856Z,sell,2.87e-05,326.74,0.009377438
NAV/BTC,1560402224856,2019-06-13T05:03:44.856Z,sell,2.87e-05,326.74,0.009377438
NAV/BTC,1560402423029,2019-06-13T05:07:03.029Z,sell,2.87e-05,1870.77,0.053691099
NAV/BTC,1560402677259,2019-06-13T05:11:17.259Z,sell,2.87e-05,1000.0,0.0287
NAV/BTC,1560402749567,2019-06-13T05:12:29.567Z,sell,2.87e-05,456.36,0.013097532
NAV/BTC,1560402850895,2019-06-13T05:14:10.895Z,sell,2.87e-05,1034.68,0.029695316
NAV/BTC,1560402856870,2019-06-13T05:14:16.870Z,sell,2.87e-05,1197.82,0.034377434
NAV/BTC,1560403276412,2019-06-13T05:21:16.412Z,sell,2.86e-05,215.17,0.0061538619999999
NAV/BTC,1560403289694,2019-06-13T05:21:29.694Z,buy,2.88e-05,41.93,0.001207584
NAV/BTC,1560403446090,2019-06-13T05:24:06.090Z,sell,2.86e-05,42.77,0.001223222
NAV/BTC,1560403446937,2019-06-13T05:24:06.937Z,sell,2.86e-05,47.7,0.00136422
NAV/BTC,1560403449344,2019-06-13T05:24:09.344Z,sell,2.86e-05,143.1,0.00409266
NAV/BTC,1560403745761,2019-06-13T05:29:05.761Z,buy,2.87e-05,1791.66,0.051420642
NAV/BTC,1560403768668,2019-06-13T05:29:28.668Z,buy,2.87e-05,4.09,0.000117383
NAV/BTC,1560403768668,2019-06-13T05:29:28.668Z,buy,2.88e-05,8.27,0.0002381759999999
NAV/BTC,1560403782170,2019-06-13T05:29:42.170Z,sell,2.87e-05,2836.7,0.08141329
NAV/BTC,1560403782205,2019-06-13T05:29:42.205Z,buy,2.87e-05,163.3,0.00468671
NAV/BTC,1560403821176,2019-06-13T05:30:21.176Z,sell,2.86e-05,2000.0,0.0572
NAV/BTC,1560403892492,2019-06-13T05:31:32.492Z,sell,2.87e-05,114.31,0.003280697
NAV/BTC,1560404067325,2019-06-13T05:34:27.325Z,buy,2.87e-05,249.09,0.007148883
NAV/BTC,1560405037327,2019-06-13T05:50:37.327Z,buy,2.88e-05,49.05,0.00141264
NAV/BTC,1560405093645,2019-06-13T05:51:33.645Z,sell,2.86e-05,371.03,0.0106114579999999
NAV/BTC,1560405608915,2019-06-13T06:00:08.915Z,sell,2.86e-05,2935.52,0.083955872
NAV/BTC,1560405608915,2019-06-13T06:00:08.915Z,sell,2.85e-05,82.18,0.00234213
NAV/BTC,1560405608915,2019-06-13T06:00:08.915Z,sell,2.86e-05,2935.52,0.083955872
NAV/BTC,1560405608915,2019-06-13T06:00:08.915Z,sell,2.85e-05,82.18,0.00234213
NAV/BTC,1560405847866,2019-06-13T06:04:07.866Z,buy,2.87e-05,426.32,0.012235384
NAV/BTC,1560405849451,2019-06-13T06:04:09.451Z,buy,2.87e-05,487.8,0.01399986
NAV/BTC,1560405875392,2019-06-13T06:04:35.392Z,sell,2.86e-05,131.52,0.003761472
NAV/BTC,1560405992050,2019-06-13T06:06:32.050Z,sell,2.86e-05,54.99,0.001572714
NAV/BTC,1560406075336,2019-06-13T06:07:55.336Z,sell,2.86e-05,21.8,0.00062348
NAV/BTC,1560406092881,2019-06-13T06:08:12.881Z,buy,2.86e-05,18.2,0.00052052
NAV/BTC,1560406092924,2019-06-13T06:08:12.924Z,sell,2.86e-05,334.4,0.0095638399999999
NAV/BTC,1560406092924,2019-06-13T06:08:12.924Z,sell,2.85e-05,624.6,0.0178011
NAV/BTC,1560406101204,2019-06-13T06:08:21.204Z,sell,2.85e-05,2818.0,0.080313
NAV/BTC,1560406115442,2019-06-13T06:08:35.442Z,sell,2.85e-05,37.36,0.00106476
NAV/BTC,1560406143468,2019-06-13T06:09:03.468Z,buy,2.85e-05,52.08,0.00148428
NAV/BTC,1560406192227,2019-06-13T06:09:52.227Z,sell,2.85e-05,223.82,0.00637887
NAV/BTC,1560406277098,2019-06-13T06:11:17.098Z,buy,2.86e-05,184.0,0.0052624
NAV/BTC,1560406277127,2019-06-13T06:11:17.127Z,buy,2.86e-05,166.87,0.004772482
NAV/BTC,1560406280880,2019-06-13T06:11:20.880Z,sell,2.85e-05,326.89,0.009316365
NAV/BTC,1560406289152,2019-06-13T06:11:29.152Z,sell,2.85e-05,423.12,0.01205892
NAV/BTC,1560406303483,2019-06-13T06:11:43.483Z,sell,2.86e-05,52.08,0.001489488
NAV/BTC,1560406367881,2019-06-13T06:12:47.881Z,sell,2.86e-05,166.8,0.00477048
NAV/BTC,1560406481090,2019-06-13T06:14:41.090Z,buy,2.87e-05,173.95,0.0049923649999999
NAV/BTC,1560406573732,2019-06-13T06:16:13.732Z,sell,2.86e-05,386.05,0.01104103
NAV/BTC,1560406617276,2019-06-13T06:16:57.276Z,buy,2.86e-05,143.1,0.00409266
NAV/BTC,1560406618487,2019-06-13T06:16:58.487Z,sell,2.86e-05,108.16,0.003093376
NAV/BTC,1560406851663,2019-06-13T06:20:51.663Z,buy,2.87e-05,49.03,0.001407161
NAV/BTC,1560407425200,2019-06-13T06:30:25.200Z,buy,2.87e-05,152.82,0.0043859339999999
NAV/BTC,1560407530414,2019-06-13T06:32:10.414Z,sell,2.85e-05,623.27,0.017763195
NAV/BTC,1560407600034,2019-06-13T06:33:20.034Z,sell,2.85e-05,623.27,0.017763195
NAV/BTC,1560407610593,2019-06-13T06:33:30.593Z,buy,2.87e-05,104.53,0.003000011
NAV/BTC,1560407669685,2019-06-13T06:34:29.685Z,sell,2.85e-05,623.27,0.017763195
NAV/BTC,1560407740103,2019-06-13T06:35:40.103Z,sell,2.85e-05,623.25,0.017762625
NAV/BTC,1560407928241,2019-06-13T06:38:48.241Z,sell,2.86e-05,180.84,0.005172024
NAV/BTC,1560408227062,2019-06-13T06:43:47.062Z,sell,2.86e-05,411.83,0.011778338
NAV/BTC,1560408256648,2019-06-13T06:44:16.648Z,buy,2.86e-05,400.8,0.01146288
NAV/BTC,1560408389835,2019-06-13T06:46:29.835Z,sell,2.86e-05,330.43,0.009450298
NAV/BTC,1560408591784,2019-06-13T06:49:51.784Z,sell,2.86e-05,2000.0,0.0572
NAV/BTC,1560408838963,2019-06-13T06:53:58.963Z,sell,2.86e-05,190.8,0.00545688
NAV/BTC,1560408839777,2019-06-13T06:53:59.777Z,sell,2.86e-05,874.12,0.024999832
NAV/BTC,1560408839888,2019-06-13T06:53:59.888Z,sell,2.86e-05,147.52,0.004219072
NAV/BTC,1560408843500,2019-06-13T06:54:03.500Z,sell,2.86e-05,1490.49,0.042628014
NAV/BTC,1560408843500,2019-06-13T06:54:03.500Z,sell,2.85e-05,372.31,0.010610835
NAV/BTC,1560408843500,2019-06-13T06:54:03.500Z,sell,2.84e-05,1227.94,0.034873496
NAV/BTC,1560408843505,2019-06-13T06:54:03.505Z,sell,2.83e-05,1339.35,0.037903605
NAV/BTC,1560408859003,2019-06-13T06:54:19.003Z,buy,2.86e-05,83.86,0.002398396
NAV/BTC,1560409151509,2019-06-13T06:59:11.509Z,sell,2.85e-05,258.9,0.00737865
NAV/BTC,1560409151509,2019-06-13T06:59:11.509Z,sell,2.84e-05,279.88,0.0079485919999999
NAV/BTC,1560409158352,2019-06-13T06:59:18.352Z,buy,2.85e-05,544.4,0.0155154
NAV/BTC,1560409158352,2019-06-13T06:59:18.352Z,buy,2.85e-05,544.4,0.0155154
NAV/BTC,1560409237050,2019-06-13T07:00:37.050Z,sell,2.84e-05,2509.95,0.07128258
NAV/BTC,1560409638801,2019-06-13T07:07:18.801Z,buy,2.85e-05,61.58,0.00175503
NAV/BTC,1560409879917,2019-06-13T07:11:19.917Z,buy,2.85e-05,440.05,0.012541425
NAV/BTC,1560409891723,2019-06-13T07:11:31.723Z,buy,2.85e-05,319.68,0.00911088
NAV/BTC,1560409959965,2019-06-13T07:12:39.965Z,buy,2.86e-05,54.3,0.00155298
NAV/BTC,1560410141081,2019-06-13T07:15:41.081Z,sell,2.85e-05,54.0,0.001539
NAV/BTC,1560410268512,2019-06-13T07:17:48.512Z,sell,2.85e-05,3212.6,0.0915591
NAV/BTC,1560410268512,2019-06-13T07:17:48.512Z,sell,2.84e-05,9581.95,0.27212738
NAV/BTC,1560410268512,2019-06-13T07:17:48.512Z,sell,2.83e-05,4444.43,0.125777369
NAV/BTC,1560410272432,2019-06-13T07:17:52.432Z,sell,2.84e-05,90.18,0.002561112
NAV/BTC,1560411058692,2019-06-13T07:30:58.692Z,buy,2.85e-05,51.85,0.001477725
NAV/BTC,1560411060980,2019-06-13T07:31:00.980Z,buy,2.85e-05,670.99,0.019123215
NAV/BTC,1560411139722,2019-06-13T07:32:19.722Z,sell,2.84e-05,35.22,0.001000248
NAV/BTC,1560411139722,2019-06-13T07:32:19.722Z,sell,2.83e-05,45.96,0.001300668
NAV/BTC,1560411160095,2019-06-13T07:32:40.095Z,buy,2.85e-05,1754.39,0.050000115
NAV/BTC,1560411163537,2019-06-13T07:32:43.537Z,buy,2.85e-05,177.93,0.005071005
NAV/BTC,1560411241373,2019-06-13T07:34:01.373Z,sell,2.85e-05,35.22,0.00100377
NAV/BTC,1560411246792,2019-06-13T07:34:06.792Z,sell,2.85e-05,112.98,0.00321993
NAV/BTC,1560411421809,2019-06-13T07:37:01.809Z,buy,2.86e-05,10.15,0.00029029
NAV/BTC,1560411573603,2019-06-13T07:39:33.603Z,buy,2.85e-05,3795.47,0.108170895
NAV/BTC,1560411608338,2019-06-13T07:40:08.338Z,buy,2.85e-05,357.07,0.010176495
NAV/BTC,1560411612353,2019-06-13T07:40:12.353Z,buy,2.85e-05,1910.73,0.054455805
NAV/BTC,1560411663814,2019-06-13T07:41:03.814Z,buy,2.85e-05,2773.02,0.07903107
NAV/BTC,1560411828908,2019-06-13T07:43:48.908Z,buy,2.86e-05,6785.38,0.194061868
NAV/BTC,1560411950558,2019-06-13T07:45:50.558Z,sell,2.84e-05,84.23,0.002392132
NAV/BTC,1560412077540,2019-06-13T07:47:57.540Z,buy,2.86e-05,79.38,0.0022702679999999
NAV/BTC,1560412242744,2019-06-13T07:50:42.744Z,sell,2.84e-05,523.08,0.014855472
NAV/BTC,1560412242744,2019-06-13T07:50:42.744Z,sell,2.83e-05,5324.66,0.150687878
NAV/BTC,1560412385292,2019-06-13T07:53:05.292Z,sell,2.83e-05,7048.0,0.1994584
NAV/BTC,1560412385292,2019-06-13T07:53:05.292Z,sell,2.83e-05,7048.0,0.1994584
NAV/BTC,1560413300933,2019-06-13T08:08:20.933Z,sell,2.84e-05,3500.0,0.0994
NAV/BTC,1560413408414,2019-06-13T08:10:08.414Z,sell,2.84e-05,316.62,0.008992008
NAV/BTC,1560413438554,2019-06-13T08:10:38.554Z,buy,2.85e-05,53.44,0.00152304
NAV/BTC,1560413527977,2019-06-13T08:12:07.977Z,buy,2.85e-05,793.3,0.02260905
NAV/BTC,1560413623497,2019-06-13T08:13:43.497Z,sell,2.84e-05,200.0,0.00568
NAV/BTC,1560413832050,2019-06-13T08:17:12.050Z,buy,2.85e-05,952.68,0.02715138
NAV/BTC,1560413834661,2019-06-13T08:17:14.661Z,buy,2.86e-05,87.4,0.00249964
NAV/BTC,1560414092029,2019-06-13T08:21:32.029Z,sell,2.85e-05,392.73,0.011192805
NAV/BTC,1560414142828,2019-06-13T08:22:22.828Z,sell,2.85e-05,385.9,0.01099815
NAV/BTC,1560414368090,2019-06-13T08:26:08.090Z,sell,2.85e-05,40.0,0.00114
NAV/BTC,1560414807511,2019-06-13T08:33:27.511Z,buy,2.86e-05,351.57,0.010054902
NAV/BTC,1560415148131,2019-06-13T08:39:08.131Z,buy,2.86e-05,699.3,0.01999998
NAV/BTC,1560415799330,2019-06-13T08:49:59.330Z,buy,2.86e-05,349.65,0.00999999
NAV/BTC,1560415799330,2019-06-13T08:49:59.330Z,buy,2.86e-05,349.65,0.00999999
NAV/BTC,1560416428799,2019-06-13T09:00:28.799Z,buy,2.86e-05,1264.35,0.03616041
NAV/BTC,1560416429339,2019-06-13T09:00:29.339Z,sell,2.86e-05,413.94,0.011838684
NAV/BTC,1560416429368,2019-06-13T09:00:29.368Z,sell,2.86e-05,1.15,3.289e-05
NAV/BTC,1560417096325,2019-06-13T09:11:36.325Z,sell,2.85e-05,1968.62,0.05610567
NAV/BTC,1560417122288,2019-06-13T09:12:02.288Z,buy,2.85e-05,35.09,0.001000065
NAV/BTC,1560417124741,2019-06-13T09:12:04.741Z,sell,2.84e-05,50.01,0.001420284
NAV/BTC,1560417153446,2019-06-13T09:12:33.446Z,buy,2.85e-05,701.75,0.019999875
NAV/BTC,1560417168566,2019-06-13T09:12:48.566Z,buy,2.85e-05,526.3,0.01499955
NAV/BTC,1560417176617,2019-06-13T09:12:56.617Z,buy,2.85e-05,1052.63,0.029999955
NAV/BTC,1560417713476,2019-06-13T09:21:53.476Z,buy,2.85e-05,105.26,0.00299991
NAV/BTC,1560417742647,2019-06-13T09:22:22.647Z,sell,2.84e-05,251.03,0.007129252
NAV/BTC,1560417970021,2019-06-13T09:26:10.021Z,buy,2.85e-05,526.3,0.01499955
NAV/BTC,1560418246896,2019-06-13T09:30:46.896Z,buy,2.85e-05,353.82,0.01008387
NAV/BTC,1560418246896,2019-06-13T09:30:46.896Z,buy,2.86e-05,783.18,0.022398948
NAV/BTC,1560418252737,2019-06-13T09:30:52.737Z,buy,2.86e-05,707.83,0.020243938
NAV/BTC,1560418905459,2019-06-13T09:41:45.459Z,buy,2.86e-05,349.65,0.00999999
NAV/BTC,1560419253248,2019-06-13T09:47:33.248Z,sell,2.84e-05,7181.37,0.203950908
NAV/BTC,1560419253248,2019-06-13T09:47:33.248Z,sell,2.83e-05,24395.42,0.6903903859999999
NAV/BTC,1560419253268,2019-06-13T09:47:33.268Z,buy,2.83e-05,5720.95,0.161902885
NAV/BTC,1560419253276,2019-06-13T09:47:33.276Z,buy,2.83e-05,708.8,0.02005904
NAV/BTC,1560419253304,2019-06-13T09:47:33.304Z,buy,2.83e-05,639.9,0.01810917
NAV/BTC,1560419256385,2019-06-13T09:47:36.385Z,sell,2.82e-05,5720.95,0.16133079
NAV/BTC,1560419278632,2019-06-13T09:47:58.632Z,buy,2.83e-05,38.2,0.00108106
NAV/BTC,1560419289833,2019-06-13T09:48:09.833Z,sell,2.83e-05,3933.66,0.1113225779999999
NAV/BTC,1560419299316,2019-06-13T09:48:19.316Z,sell,2.82e-05,708.8,0.0199881599999999
NAV/BTC,1560419321353,2019-06-13T09:48:41.353Z,sell,2.83e-05,172.09,0.004870147
NAV/BTC,1560419321353,2019-06-13T09:48:41.353Z,sell,2.82e-05,4720.04,0.133105128
NAV/BTC,1560419321385,2019-06-13T09:48:41.385Z,buy,2.82e-05,344.1,0.00970362
NAV/BTC,1560419321397,2019-06-13T09:48:41.397Z,buy,2.82e-05,219.13,0.006179466
NAV/BTC,1560419321400,2019-06-13T09:48:41.400Z,buy,2.82e-05,686.03,0.019346046
NAV/BTC,1560419321412,2019-06-13T09:48:41.412Z,buy,2.82e-05,429.08,0.012100056
NAV/BTC,1560419321412,2019-06-13T09:48:41.412Z,buy,2.82e-05,421.34,0.0118817879999999
NAV/BTC,1560419322047,2019-06-13T09:48:42.047Z,buy,2.84e-05,42.25,0.0011999
NAV/BTC,1560419331578,2019-06-13T09:48:51.578Z,buy,2.84e-05,118.59,0.003367956
NAV/BTC,1560419331959,2019-06-13T09:48:51.959Z,buy,2.83e-05,38.2,0.00108106
NAV/BTC,1560419332815,2019-06-13T09:48:52.815Z,sell,2.83e-05,47.07,0.001332081
NAV/BTC,1560419377144,2019-06-13T09:49:37.144Z,sell,2.83e-05,3814.42,0.107948086
NAV/BTC,1560419377144,2019-06-13T09:49:37.144Z,sell,2.82e-05,1427.79,0.040263678
NAV/BTC,1560419377144,2019-06-13T09:49:37.144Z,sell,2.81e-05,5027.26,0.141266006
NAV/BTC,1560419380378,2019-06-13T09:49:40.378Z,buy,2.83e-05,38.2,0.00108106
NAV/BTC,1560419380408,2019-06-13T09:49:40.408Z,sell,2.83e-05,315.15,0.0089187449999999
NAV/BTC,1560419380866,2019-06-13T09:49:40.866Z,sell,2.82e-05,487.8,0.01375596
NAV/BTC,1560419382413,2019-06-13T09:49:42.413Z,sell,2.83e-05,80.86,0.002288338
NAV/BTC,1560419382413,2019-06-13T09:49:42.413Z,sell,2.83e-05,80.86,0.002288338
NAV/BTC,1560419399762,2019-06-13T09:49:59.762Z,buy,2.84e-05,10.37,0.0002945079999999
NAV/BTC,1560419543478,2019-06-13T09:52:23.478Z,buy,2.84e-05,56.45,0.00160318
NAV/BTC,1560419941563,2019-06-13T09:59:01.563Z,buy,2.84e-05,35.22,0.001000248
NAV/BTC,1560420805673,2019-06-13T10:13:25.673Z,sell,2.83e-05,1348.92,0.038174436
NAV/BTC,1560420818566,2019-06-13T10:13:38.566Z,sell,2.82e-05,4938.4,0.13926288
NAV/BTC,1560420818745,2019-06-13T10:13:38.745Z,sell,2.82e-05,36.06,0.001016892
NAV/BTC,1560420836692,2019-06-13T10:13:56.692Z,buy,2.83e-05,212.01,0.005999883
NAV/BTC,1560420836863,2019-06-13T10:13:56.863Z,buy,2.83e-05,212.01,0.005999883
NAV/BTC,1560420841849,2019-06-13T10:14:01.849Z,buy,2.83e-05,35.34,0.001000122
NAV/BTC,1560420842152,2019-06-13T10:14:02.152Z,sell,2.82e-05,7865.15,0.22179723
NAV/BTC,1560420842318,2019-06-13T10:14:02.318Z,buy,2.82e-05,87.19,0.002458758
NAV/BTC,1560420842410,2019-06-13T10:14:02.410Z,buy,2.82e-05,256.99,0.007247118
NAV/BTC,1560420842510,2019-06-13T10:14:02.510Z,buy,2.82e-05,256.94,0.007245708
NAV/BTC,1560420842520,2019-06-13T10:14:02.520Z,buy,2.82e-05,396.01,0.011167482
NAV/BTC,1560420843576,2019-06-13T10:14:03.576Z,buy,2.82e-05,184.53,0.005203746
NAV/BTC,1560420843752,2019-06-13T10:14:03.752Z,buy,2.82e-05,212.76,0.005999832
NAV/BTC,1560420844954,2019-06-13T10:14:04.954Z,buy,2.82e-05,212.76,0.005999832
NAV/BTC,1560420845144,2019-06-13T10:14:05.144Z,buy,2.82e-05,248.22,0.006999804
NAV/BTC,1560420845383,2019-06-13T10:14:05.383Z,buy,2.82e-05,212.76,0.005999832
NAV/BTC,1560420845726,2019-06-13T10:14:05.726Z,sell,2.81e-05,104.34,0.002931954
NAV/BTC,1560420847233,2019-06-13T10:14:07.233Z,buy,2.82e-05,248.22,0.006999804
NAV/BTC,1560420852235,2019-06-13T10:14:12.235Z,buy,2.82e-05,248.22,0.006999804
NAV/BTC,1560420867514,2019-06-13T10:14:27.514Z,buy,2.82e-05,118.92,0.003353544
NAV/BTC,1560420921230,2019-06-13T10:15:21.230Z,buy,2.82e-05,1166.97,0.032908554
NAV/BTC,1560420928123,2019-06-13T10:15:28.123Z,buy,2.82e-05,141.84,0.003999888
NAV/BTC,1560421140781,2019-06-13T10:19:00.781Z,buy,2.82e-05,35.47,0.001000254
NAV/BTC,1560421195295,2019-06-13T10:19:55.295Z,buy,2.82e-05,3648.76,0.102895032
NAV/BTC,1560421261126,2019-06-13T10:21:01.126Z,buy,2.83e-05,99.59,0.002818397
NAV/BTC,1560421590496,2019-06-13T10:26:30.496Z,buy,2.83e-05,212.76,0.006021108
NAV/BTC,1560422041707,2019-06-13T10:34:01.707Z,buy,2.83e-05,459.41,0.013001303
NAV/BTC,1560422324194,2019-06-13T10:38:44.194Z,buy,2.83e-05,39.81,0.001126623
NAV/BTC,1560422631749,2019-06-13T10:43:51.749Z,sell,2.82e-05,1191.38,0.033596916
NAV/BTC,1560422730638,2019-06-13T10:45:30.638Z,buy,2.83e-05,556.0,0.0157348
NAV/BTC,1560422883032,2019-06-13T10:48:03.032Z,sell,2.82e-05,353.57,0.009970674
NAV/BTC,1560422979236,2019-06-13T10:49:39.236Z,sell,2.82e-05,707.12,0.019940784
NAV/BTC,1560422979236,2019-06-13T10:49:39.236Z,sell,2.82e-05,707.12,0.019940784
NAV/BTC,1560423024468,2019-06-13T10:50:24.468Z,buy,2.83e-05,176.67,0.0049997609999999
NAV/BTC,1560423028244,2019-06-13T10:50:28.244Z,buy,2.83e-05,327.07,0.009256081
NAV/BTC,1560423028582,2019-06-13T10:50:28.582Z,sell,2.82e-05,340.13,0.009591666
NAV/BTC,1560423058588,2019-06-13T10:50:58.588Z,buy,2.83e-05,69.03,0.001953549
NAV/BTC,1560423109088,2019-06-13T10:51:49.088Z,sell,2.82e-05,1552.0,0.0437664
NAV/BTC,1560423131631,2019-06-13T10:52:11.631Z,sell,2.82e-05,555.44,0.015663408
NAV/BTC,1560423424903,2019-06-13T10:57:04.903Z,buy,2.83e-05,1628.06,0.046074098
NAV/BTC,1560423438435,2019-06-13T10:57:18.435Z,sell,2.83e-05,515.97,0.014601951
NAV/BTC,1560423582686,2019-06-13T10:59:42.686Z,sell,2.83e-05,45.29,0.001281707
NAV/BTC,1560423583807,2019-06-13T10:59:43.807Z,buy,2.83e-05,860.8,0.02436064
NAV/BTC,1560423583808,2019-06-13T10:59:43.808Z,buy,2.83e-05,219.01,0.006197983
NAV/BTC,1560423583809,2019-06-13T10:59:43.809Z,buy,2.83e-05,686.0,0.0194138
NAV/BTC,1560423714686,2019-06-13T11:01:54.686Z,sell,2.82e-05,39.81,0.001122642
NAV/BTC,1560423748693,2019-06-13T11:02:28.693Z,sell,2.83e-05,80.0,0.002264
NAV/BTC,1560424275729,2019-06-13T11:11:15.729Z,buy,2.83e-05,125.29,0.003545707
NAV/BTC,1560424286235,2019-06-13T11:11:26.235Z,buy,2.83e-05,187.15,0.005296345
NAV/BTC,1560424547891,2019-06-13T11:15:47.891Z,buy,2.83e-05,647.86,0.018334438
NAV/BTC,1560424828499,2019-06-13T11:20:28.499Z,sell,2.83e-05,141.84,0.004014072
NAV/BTC,1560424864770,2019-06-13T11:21:04.770Z,sell,2.83e-05,53.11,0.001503013
NAV/BTC,1560424870095,2019-06-13T11:21:10.095Z,sell,2.82e-05,788.91,0.022247262
NAV/BTC,1560425325025,2019-06-13T11:28:45.025Z,buy,2.83e-05,792.93,0.022439919
NAV/BTC,1560425325025,2019-06-13T11:28:45.025Z,buy,2.84e-05,4703.73,0.133585932
NAV/BTC,1560425325025,2019-06-13T11:28:45.025Z,buy,2.85e-05,14958.85,0.426327225
NAV/BTC,1560425325025,2019-06-13T11:28:45.025Z,buy,2.86e-05,28403.19,0.812331234
NAV/BTC,1560425325025,2019-06-13T11:28:45.025Z,buy,2.87e-05,1086.57,0.0311845589999999
NAV/BTC,1560425325025,2019-06-13T11:28:45.025Z,buy,2.88e-05,6149.63,0.177109344
NAV/BTC,1560425325025,2019-06-13T11:28:45.025Z,buy,2.89e-05,6909.69,0.1996900409999999
NAV/BTC,1560425325025,2019-06-13T11:28:45.025Z,buy,2.9e-05,12606.18,0.36557922
NAV/BTC,1560425325201,2019-06-13T11:28:45.201Z,sell,2.84e-05,130.75,0.0037132999999999
NAV/BTC,1560425325211,2019-06-13T11:28:45.211Z,sell,2.84e-05,174.3,0.00495012
NAV/BTC,1560425325215,2019-06-13T11:28:45.215Z,sell,2.84e-05,130.75,0.0037132999999999
NAV/BTC,1560425325223,2019-06-13T11:28:45.223Z,sell,2.84e-05,1212.8,0.03444352
NAV/BTC,1560425325229,2019-06-13T11:28:45.229Z,sell,2.85e-05,324.7,0.00925395
NAV/BTC,1560425325800,2019-06-13T11:28:45.800Z,sell,2.87e-05,37.59,0.001078833
NAV/BTC,1560425325800,2019-06-13T11:28:45.800Z,sell,2.85e-05,25.56,0.00072846
NAV/BTC,1560425325800,2019-06-13T11:28:45.800Z,sell,2.84e-05,17.01,0.000483084
NAV/BTC,1560425325904,2019-06-13T11:28:45.904Z,sell,2.85e-05,116.1,0.00330885
NAV/BTC,1560425325956,2019-06-13T11:28:45.956Z,sell,2.85e-05,303.07,0.008637495
NAV/BTC,1560425326070,2019-06-13T11:28:46.070Z,buy,2.86e-05,174.26,0.004983836
NAV/BTC,1560425326580,2019-06-13T11:28:46.580Z,buy,2.86e-05,104.71,0.0029947059999999
NAV/BTC,1560425326793,2019-06-13T11:28:46.793Z,buy,2.86e-05,53.11,0.001518946
NAV/BTC,1560425327984,2019-06-13T11:28:47.984Z,buy,2.86e-05,480.97,0.013755742
NAV/BTC,1560425328108,2019-06-13T11:28:48.108Z,buy,2.86e-05,2120.1,0.06063486
NAV/BTC,1560425328114,2019-06-13T11:28:48.114Z,buy,2.86e-05,0.02,5.72e-07
NAV/BTC,1560425329360,2019-06-13T11:28:49.360Z,sell,2.87e-05,207.04,0.005942048
NAV/BTC,1560425329360,2019-06-13T11:28:49.360Z,sell,2.86e-05,337.16,0.009642776
NAV/BTC,1560425329379,2019-06-13T11:28:49.379Z,sell,2.86e-05,207.04,0.005921344
NAV/BTC,1560425331117,2019-06-13T11:28:51.117Z,buy,2.87e-05,280.4,0.00804748
NAV/BTC,1560425331123,2019-06-13T11:28:51.123Z,buy,2.87e-05,0.04,1.148e-06
NAV/BTC,1560425331533,2019-06-13T11:28:51.533Z,sell,2.86e-05,874.12,0.024999832
NAV/BTC,1560425332429,2019-06-13T11:28:52.429Z,sell,2.86e-05,880.26,0.025175436
NAV/BTC,1560425332865,2019-06-13T11:28:52.865Z,sell,2.86e-05,174.82,0.004999852
NAV/BTC,1560425333154,2019-06-13T11:28:53.154Z,sell,2.85e-05,174.32,0.00496812
NAV/BTC,1560425336625,2019-06-13T11:28:56.625Z,buy,2.86e-05,567.18,0.016221348
NAV/BTC,1560425336625,2019-06-13T11:28:56.625Z,buy,2.87e-05,196.95,0.005652465
NAV/BTC,1560425340661,2019-06-13T11:29:00.661Z,buy,2.87e-05,196.94,0.005652178
NAV/BTC,1560425351015,2019-06-13T11:29:11.015Z,buy,2.87e-05,177.61,0.005097407
NAV/BTC,1560425389296,2019-06-13T11:29:49.296Z,sell,2.86e-05,207.04,0.005921344
NAV/BTC,1560425389310,2019-06-13T11:29:49.310Z,sell,2.86e-05,162.34,0.004642924
NAV/BTC,1560425390181,2019-06-13T11:29:50.181Z,sell,2.86e-05,113.21,0.0032378059999999
NAV/BTC,1560425391279,2019-06-13T11:29:51.279Z,sell,2.86e-05,762.7,0.02181322
NAV/BTC,1560425395984,2019-06-13T11:29:55.984Z,sell,2.86e-05,118.59,0.003391674
NAV/BTC,1560425405624,2019-06-13T11:30:05.624Z,sell,2.86e-05,619.62,0.017721132
NAV/BTC,1560425405896,2019-06-13T11:30:05.896Z,sell,2.86e-05,174.34,0.004986124
NAV/BTC,1560425406862,2019-06-13T11:30:06.862Z,sell,2.86e-05,274.91,0.007862426
NAV/BTC,1560425410847,2019-06-13T11:30:10.847Z,sell,2.86e-05,174.32,0.004985552
NAV/BTC,1560425412948,2019-06-13T11:30:12.948Z,sell,2.86e-05,174.33,0.004985838
NAV/BTC,1560425420910,2019-06-13T11:30:20.910Z,sell,2.86e-05,174.34,0.004986124
NAV/BTC,1560425420950,2019-06-13T11:30:20.950Z,sell,2.86e-05,174.34,0.004986124
NAV/BTC,1560425447215,2019-06-13T11:30:47.215Z,sell,2.86e-05,54.33,0.0015538379999999
NAV/BTC,1560425715314,2019-06-13T11:35:15.314Z,sell,2.86e-05,351.57,0.010054902
NAV/BTC,1560425737702,2019-06-13T11:35:37.702Z,sell,2.85e-05,176.67,0.005035095
NAV/BTC,1560425741237,2019-06-13T11:35:41.237Z,sell,2.85e-05,327.07,0.009321495
NAV/BTC,1560425999763,2019-06-13T11:39:59.763Z,sell,2.85e-05,38.15,0.001087275
NAV/BTC,1560426312823,2019-06-13T11:45:12.823Z,sell,2.86e-05,85.23,0.002437578
NAV/BTC,1560426312867,2019-06-13T11:45:12.867Z,sell,2.85e-05,85.23,0.002429055
NAV/BTC,1560426569845,2019-06-13T11:49:29.845Z,sell,2.86e-05,100.37,0.002870582
NAV/BTC,1560426569850,2019-06-13T11:49:29.850Z,sell,2.85e-05,100.37,0.002860545
NAV/BTC,1560426569850,2019-06-13T11:49:29.850Z,sell,2.85e-05,100.37,0.002860545
NAV/BTC,1560426612317,2019-06-13T11:50:12.317Z,sell,2.85e-05,332.54,0.00947739
NAV/BTC,1560426677844,2019-06-13T11:51:17.844Z,sell,2.85e-05,51.86,0.00147801
NAV/BTC,1560426703117,2019-06-13T11:51:43.117Z,sell,2.85e-05,253.0,0.0072105
NAV/BTC,1560426987582,2019-06-13T11:56:27.582Z,sell,2.85e-05,168.35,0.004797975
NAV/BTC,1560427182642,2019-06-13T11:59:42.642Z,sell,2.86e-05,1074.06,0.030718116
NAV/BTC,1560427182664,2019-06-13T11:59:42.664Z,sell,2.86e-05,278.83,0.007974538
NAV/BTC,1560427201473,2019-06-13T12:00:01.473Z,sell,2.86e-05,35.47,0.001014442
NAV/BTC,1560427208801,2019-06-13T12:00:08.801Z,sell,2.86e-05,37.7,0.00107822
NAV/BTC,1560427380054,2019-06-13T12:03:00.054Z,buy,2.86e-05,148.69,0.004252534
NAV/BTC,1560427416917,2019-06-13T12:03:36.917Z,sell,2.86e-05,109.23,0.003123978
NAV/BTC,1560427442590,2019-06-13T12:04:02.590Z,sell,2.86e-05,35.22,0.001007292
NAV/BTC,1560427501997,2019-06-13T12:05:01.997Z,sell,2.86e-05,35.09,0.001003574
NAV/BTC,1560428160753,2019-06-13T12:16:00.753Z,buy,2.87e-05,455.66,0.013077442
NAV/BTC,1560428160753,2019-06-13T12:16:00.753Z,buy,2.88e-05,13.18,0.000379584
NAV/BTC,1560428202733,2019-06-13T12:16:42.733Z,buy,2.87e-05,74.39,0.002134993
NAV/BTC,1560428235971,2019-06-13T12:17:15.971Z,buy,2.87e-05,104.77,0.003006899
NAV/BTC,1560428609776,2019-06-13T12:23:29.776Z,sell,2.86e-05,458.95,0.01312597
NAV/BTC,1560428766830,2019-06-13T12:26:06.830Z,buy,2.86e-05,100.0,0.00286
NAV/BTC,1560428859053,2019-06-13T12:27:39.053Z,sell,2.86e-05,397.35,0.01136421
NAV/BTC,1560429062989,2019-06-13T12:31:02.989Z,sell,2.85e-05,46.02,0.00131157
NAV/BTC,1560429073154,2019-06-13T12:31:13.154Z,buy,2.86e-05,202.11,0.005780346
NAV/BTC,1560429123900,2019-06-13T12:32:03.900Z,sell,2.85e-05,4720.72,0.13454052
NAV/BTC,1560429158081,2019-06-13T12:32:38.081Z,sell,2.86e-05,242.19,0.006926634
NAV/BTC,1560429441104,2019-06-13T12:37:21.104Z,buy,2.86e-05,179.16,0.005123976
NAV/BTC,1560429512103,2019-06-13T12:38:32.103Z,buy,2.86e-05,63.03,0.001802658
NAV/BTC,1560429518266,2019-06-13T12:38:38.266Z,sell,2.86e-05,66.6,0.00190476
NAV/BTC,1560429571009,2019-06-13T12:39:31.009Z,sell,2.86e-05,140.81,0.004027166
NAV/BTC,1560429912799,2019-06-13T12:45:12.799Z,sell,2.85e-05,1339.36,0.03817176
NAV/BTC,1560429988036,2019-06-13T12:46:28.036Z,buy,2.87e-05,2829.0,0.0811923
NAV/BTC,1560429988036,2019-06-13T12:46:28.036Z,buy,2.88e-05,6530.22,0.188070336
NAV/BTC,1560429988036,2019-06-13T12:46:28.036Z,buy,2.89e-05,3388.59,0.097930251
NAV/BTC,1560429992679,2019-06-13T12:46:32.679Z,buy,2.88e-05,3197.49,0.0920877119999999
NAV/BTC,1560429998592,2019-06-13T12:46:38.592Z,buy,2.88e-05,887.31,0.0255545279999999
NAV/BTC,1560429998592,2019-06-13T12:46:38.592Z,buy,2.89e-05,839.84,0.024271376
NAV/BTC,1560429999970,2019-06-13T12:46:39.970Z,sell,2.89e-05,700.96,0.020257744
NAV/BTC,1560430003493,2019-06-13T12:46:43.493Z,sell,2.89e-05,270.45,0.007816005
NAV/BTC,1560430004807,2019-06-13T12:46:44.807Z,sell,2.89e-05,670.99,0.019391611
NAV/BTC,1560430020045,2019-06-13T12:47:00.045Z,sell,2.89e-05,111.48,0.003221772
NAV/BTC,1560430021904,2019-06-13T12:47:01.904Z,sell,2.89e-05,3721.64,0.107555396
NAV/BTC,1560430021904,2019-06-13T12:47:01.904Z,sell,2.87e-05,4270.42,0.122561054
NAV/BTC,1560430023982,2019-06-13T12:47:03.982Z,buy,2.88e-05,37.53,0.001080864
NAV/BTC,1560430028325,2019-06-13T12:47:08.325Z,sell,2.87e-05,547.62,0.015716694
NAV/BTC,1560430029855,2019-06-13T12:47:09.855Z,sell,2.87e-05,42.25,0.001212575
NAV/BTC,1560430029855,2019-06-13T12:47:09.855Z,sell,2.87e-05,42.25,0.001212575
NAV/BTC,1560430214338,2019-06-13T12:50:14.338Z,buy,2.89e-05,345.5,0.00998495
NAV/BTC,1560430269417,2019-06-13T12:51:09.417Z,sell,2.88e-05,88.4,0.00254592
NAV/BTC,1560430288468,2019-06-13T12:51:28.468Z,buy,2.89e-05,734.52,0.021227628
NAV/BTC,1560430288522,2019-06-13T12:51:28.522Z,sell,2.89e-05,198.14,0.005726246
NAV/BTC,1560430288633,2019-06-13T12:51:28.633Z,sell,2.89e-05,39.91,0.001153399
NAV/BTC,1560430312310,2019-06-13T12:51:52.310Z,buy,2.9e-05,59.09,0.00171361
NAV/BTC,1560430336892,2019-06-13T12:52:16.892Z,buy,2.9e-05,52.02,0.00150858
NAV/BTC,1560430352929,2019-06-13T12:52:32.929Z,buy,2.9e-05,59.93,0.00173797
NAV/BTC,1560430357796,2019-06-13T12:52:37.796Z,buy,2.9e-05,238.36,0.00691244
NAV/BTC,1560430430399,2019-06-13T12:53:50.399Z,buy,2.9e-05,168.62,0.00488998
NAV/BTC,1560430498029,2019-06-13T12:54:58.029Z,buy,2.9e-05,56.08,0.00162632
NAV/BTC,1560430710769,2019-06-13T12:58:30.769Z,sell,2.89e-05,172.9,0.00499681
NAV/BTC,1560430746082,2019-06-13T12:59:06.082Z,buy,2.9e-05,868.87,0.02519723
NAV/BTC,1560430747736,2019-06-13T12:59:07.736Z,sell,2.9e-05,45.74,0.00132646
NAV/BTC,1560430786457,2019-06-13T12:59:46.457Z,sell,2.9e-05,43.27,0.00125483
NAV/BTC,1560430873116,2019-06-13T13:01:13.116Z,sell,2.89e-05,53.27,0.001539503
NAV/BTC,1560430881848,2019-06-13T13:01:21.848Z,buy,2.9e-05,165.8,0.0048082
NAV/BTC,1560430883401,2019-06-13T13:01:23.401Z,sell,2.9e-05,284.67,0.00825543
NAV/BTC,1560430950799,2019-06-13T13:02:30.799Z,buy,2.9e-05,414.63,0.01202427
NAV/BTC,1560430952517,2019-06-13T13:02:32.517Z,buy,2.91e-05,518.88,0.015099408
NAV/BTC,1560431064157,2019-06-13T13:04:24.157Z,buy,2.91e-05,5079.23,0.1478055929999999
NAV/BTC,1560431064206,2019-06-13T13:04:24.206Z,sell,2.91e-05,1207.46,0.035137086
NAV/BTC,1560431064212,2019-06-13T13:04:24.212Z,sell,2.91e-05,674.67,0.019632897
NAV/BTC,1560431064941,2019-06-13T13:04:24.941Z,sell,2.91e-05,1754.39,0.051052749
NAV/BTC,1560431065091,2019-06-13T13:04:25.091Z,sell,2.91e-05,1000.0,0.0291
NAV/BTC,1560431065589,2019-06-13T13:04:25.589Z,sell,2.91e-05,58.2,0.00169362
NAV/BTC,1560431065679,2019-06-13T13:04:25.679Z,sell,2.91e-05,38.53,0.001121223
NAV/BTC,1560431071758,2019-06-13T13:04:31.758Z,sell,2.91e-05,246.26,0.007166166
NAV/BTC,1560431080599,2019-06-13T13:04:40.599Z,sell,2.9e-05,204.2,0.0059218
NAV/BTC,1560431080599,2019-06-13T13:04:40.599Z,sell,2.89e-05,980.47,0.028335583
NAV/BTC,1560431089723,2019-06-13T13:04:49.723Z,buy,2.9e-05,58.2,0.0016878
NAV/BTC,1560431089820,2019-06-13T13:04:49.820Z,sell,2.89e-05,152.67,0.004412163
NAV/BTC,1560431092612,2019-06-13T13:04:52.612Z,sell,2.9e-05,87.31,0.00253199
NAV/BTC,1560431092744,2019-06-13T13:04:52.744Z,buy,2.91e-05,174.62,0.005081442
NAV/BTC,1560431092891,2019-06-13T13:04:52.891Z,sell,2.91e-05,65.93,0.001918563
NAV/BTC,1560431110697,2019-06-13T13:05:10.697Z,sell,2.9e-05,38.89,0.00112781
NAV/BTC,1560431113318,2019-06-13T13:05:13.318Z,buy,2.92e-05,3376.48,0.098593216
NAV/BTC,1560431113333,2019-06-13T13:05:13.333Z,sell,2.92e-05,271.5,0.0079278
NAV/BTC,1560431113342,2019-06-13T13:05:13.342Z,sell,2.92e-05,271.5,0.0079278
NAV/BTC,1560431113342,2019-06-13T13:05:13.342Z,sell,2.92e-05,271.5,0.0079278
NAV/BTC,1560431113351,2019-06-13T13:05:13.351Z,sell,2.92e-05,271.5,0.0079278
NAV/BTC,1560431113371,2019-06-13T13:05:13.371Z,sell,2.92e-05,90.3,0.00263676
NAV/BTC,1560431113372,2019-06-13T13:05:13.372Z,sell,2.92e-05,271.4,0.00792488
NAV/BTC,1560431113379,2019-06-13T13:05:13.379Z,sell,2.92e-05,848.3,0.02477036
NAV/BTC,1560431113381,2019-06-13T13:05:13.381Z,sell,2.9e-05,271.5,0.0078735
NAV/BTC,1560431127199,2019-06-13T13:05:27.199Z,sell,2.91e-05,37.07,0.001078737
NAV/BTC,1560431127199,2019-06-13T13:05:27.199Z,sell,2.9e-05,514.77,0.01492833
NAV/BTC,1560431127199,2019-06-13T13:05:27.199Z,sell,2.89e-05,1635.29,0.047259881
NAV/BTC,1560431157956,2019-06-13T13:05:57.956Z,sell,2.9e-05,900.92,0.02612668
NAV/BTC,1560431157956,2019-06-13T13:05:57.956Z,sell,2.89e-05,1099.08,0.031763412
NAV/BTC,1560431165234,2019-06-13T13:06:05.234Z,sell,2.89e-05,1000.0,0.0289
NAV/BTC,1560431467865,2019-06-13T13:11:07.865Z,buy,2.92e-05,1218.23,0.035572316
NAV/BTC,1560431467921,2019-06-13T13:11:07.921Z,sell,2.92e-05,122.95,0.00359014
NAV/BTC,1560431468574,2019-06-13T13:11:08.574Z,sell,2.92e-05,97.85,0.00285722
NAV/BTC,1560431469121,2019-06-13T13:11:09.121Z,sell,2.92e-05,97.97,0.002860724
NAV/BTC,1560431469561,2019-06-13T13:11:09.561Z,sell,2.92e-05,73.2,0.00213744
NAV/BTC,1560431471277,2019-06-13T13:11:11.277Z,sell,2.92e-05,140.5,0.0041026
NAV/BTC,1560431471700,2019-06-13T13:11:11.700Z,buy,2.93e-05,78.82,0.002309426
NAV/BTC,1560431482134,2019-06-13T13:11:22.134Z,buy,2.93e-05,581.91,0.0170499629999999
NAV/BTC,1560431482281,2019-06-13T13:11:22.281Z,sell,2.92e-05,440.05,0.01284946
NAV/BTC,1560431495047,2019-06-13T13:11:35.047Z,sell,2.92e-05,277.13,0.008092196
NAV/BTC,1560431495262,2019-06-13T13:11:35.262Z,sell,2.92e-05,526.29,0.015367668
NAV/BTC,1560431513044,2019-06-13T13:11:53.044Z,sell,2.92e-05,886.55,0.02588726
NAV/BTC,1560431533692,2019-06-13T13:12:13.692Z,sell,2.92e-05,275.86,0.008055112
NAV/BTC,1560431542126,2019-06-13T13:12:22.126Z,sell,2.92e-05,843.42,0.024627864
NAV/BTC,1560431554780,2019-06-13T13:12:34.780Z,sell,2.91e-05,37.07,0.001078737
NAV/BTC,1560431566241,2019-06-13T13:12:46.241Z,buy,2.91e-05,301.06,0.008760846
NAV/BTC,1560431566241,2019-06-13T13:12:46.241Z,buy,2.92e-05,3167.86,0.092501512
NAV/BTC,1560431566268,2019-06-13T13:12:46.268Z,sell,2.92e-05,652.7,0.01905884
NAV/BTC,1560431566301,2019-06-13T13:12:46.301Z,sell,2.92e-05,1202.18,0.035103656
NAV/BTC,1560431566409,2019-06-13T13:12:46.409Z,sell,2.92e-05,219.5,0.0064094
NAV/BTC,1560431566625,2019-06-13T13:12:46.625Z,sell,2.92e-05,219.5,0.0064094
NAV/BTC,1560431566806,2019-06-13T13:12:46.806Z,sell,2.92e-05,219.5,0.0064094
NAV/BTC,1560431566935,2019-06-13T13:12:46.935Z,sell,2.92e-05,219.5,0.0064094
NAV/BTC,1560431567042,2019-06-13T13:12:47.042Z,sell,2.92e-05,219.5,0.0064094
NAV/BTC,1560431567111,2019-06-13T13:12:47.111Z,sell,2.92e-05,219.5,0.0064094
NAV/BTC,1560431567111,2019-06-13T13:12:47.111Z,sell,2.92e-05,219.5,0.0064094
NAV/BTC,1560431567169,2019-06-13T13:12:47.169Z,sell,2.92e-05,219.5,0.0064094
NAV/BTC,1560431567241,2019-06-13T13:12:47.241Z,sell,2.92e-05,218.7,0.00638604
NAV/BTC,1560431567646,2019-06-13T13:12:47.646Z,sell,2.92e-05,49.02,0.001431384
NAV/BTC,1560431589998,2019-06-13T13:13:09.998Z,sell,2.92e-05,1052.63,0.030736796
NAV/BTC,1560431595601,2019-06-13T13:13:15.601Z,sell,2.92e-05,87.32,0.002549744
NAV/BTC,1560431694251,2019-06-13T13:14:54.251Z,buy,2.92e-05,47.86,0.001397512
NAV/BTC,1560431710612,2019-06-13T13:15:10.612Z,buy,2.92e-05,854.34,0.024946728
NAV/BTC,1560431748538,2019-06-13T13:15:48.538Z,buy,2.92e-05,2621.58,0.076550136
NAV/BTC,1560431808120,2019-06-13T13:16:48.120Z,buy,2.93e-05,34.48,0.0010102639999999
NAV/BTC,1560431810151,2019-06-13T13:16:50.151Z,sell,2.92e-05,309.0,0.0090228
NAV/BTC,1560431810172,2019-06-13T13:16:50.172Z,sell,2.92e-05,801.09,0.023391828
NAV/BTC,1560431843111,2019-06-13T13:17:23.111Z,sell,2.92e-05,279.57,0.008163444
NAV/BTC,1560431932972,2019-06-13T13:18:52.972Z,sell,2.92e-05,669.29,0.019543268
NAV/BTC,1560431943313,2019-06-13T13:19:03.313Z,buy,2.93e-05,2749.46,0.080559178
NAV/BTC,1560432004158,2019-06-13T13:20:04.158Z,sell,2.92e-05,642.76,0.018768592
NAV/BTC,1560432004158,2019-06-13T13:20:04.158Z,sell,2.91e-05,4060.17,0.1181509469999999
NAV/BTC,1560432005106,2019-06-13T13:20:05.106Z,buy,2.93e-05,1024.0,0.0300032
NAV/BTC,1560432034731,2019-06-13T13:20:34.731Z,sell,2.91e-05,161.11,0.004688301
NAV/BTC,1560432040128,2019-06-13T13:20:40.128Z,buy,2.92e-05,122.3,0.00357116
NAV/BTC,1560432070281,2019-06-13T13:21:10.281Z,buy,2.93e-05,208.38,0.006105534
NAV/BTC,1560432070281,2019-06-13T13:21:10.281Z,buy,2.94e-05,2112.43,0.062105442
NAV/BTC,1560432075550,2019-06-13T13:21:15.550Z,buy,2.94e-05,238.1,0.00700014
NAV/BTC,1560432134393,2019-06-13T13:22:14.393Z,buy,2.93e-05,551.72,0.016165396
NAV/BTC,1560432134432,2019-06-13T13:22:14.432Z,sell,2.93e-05,551.5,0.01615895
NAV/BTC,1560432166195,2019-06-13T13:22:46.195Z,sell,2.93e-05,17.24,0.0005051319999999
NAV/BTC,1560432169411,2019-06-13T13:22:49.411Z,sell,2.92e-05,227.12,0.006631904
NAV/BTC,1560432169850,2019-06-13T13:22:49.850Z,sell,2.92e-05,68.73,0.002006916
NAV/BTC,1560432193988,2019-06-13T13:23:13.988Z,sell,2.93e-05,57.55,0.001686215
NAV/BTC,1560432199763,2019-06-13T13:23:19.763Z,buy,2.94e-05,68.03,0.002000082
NAV/BTC,1560432245361,2019-06-13T13:24:05.361Z,sell,2.93e-05,1081.63,0.031691759
NAV/BTC,1560432247938,2019-06-13T13:24:07.938Z,sell,2.93e-05,980.6,0.02873158
NAV/BTC,1560432255313,2019-06-13T13:24:15.313Z,buy,2.94e-05,4892.69,0.1438450859999999
NAV/BTC,1560432255589,2019-06-13T13:24:15.589Z,sell,2.94e-05,591.02,0.017375988
NAV/BTC,1560432255632,2019-06-13T13:24:15.632Z,sell,2.93e-05,591.09,0.017318937
NAV/BTC,1560432273756,2019-06-13T13:24:33.756Z,sell,2.93e-05,78.22,0.002291846
NAV/BTC,1560432287246,2019-06-13T13:24:47.246Z,buy,2.94e-05,684.93,0.0201369419999999
NAV/BTC,1560432287246,2019-06-13T13:24:47.246Z,buy,2.95e-05,1527.81,0.045070395
NAV/BTC,1560432341519,2019-06-13T13:25:41.519Z,buy,2.94e-05,2039.15,0.05995101
NAV/BTC,1560432404086,2019-06-13T13:26:44.086Z,buy,2.94e-05,1027.39,0.030205266
NAV/BTC,1560432404990,2019-06-13T13:26:44.990Z,sell,2.94e-05,1346.25,0.03957975
NAV/BTC,1560432407483,2019-06-13T13:26:47.483Z,sell,2.94e-05,426.75,0.01254645
NAV/BTC,1560432419429,2019-06-13T13:26:59.429Z,buy,2.95e-05,67.8,0.0020001
NAV/BTC,1560432438518,2019-06-13T13:27:18.518Z,buy,2.95e-05,947.1,0.02793945
NAV/BTC,1560432440033,2019-06-13T13:27:20.033Z,sell,2.95e-05,52.2,0.0015399
NAV/BTC,1560432459674,2019-06-13T13:27:39.674Z,sell,2.95e-05,684.93,0.0202054349999999
NAV/BTC,1560432462732,2019-06-13T13:27:42.732Z,sell,2.95e-05,874.23,0.025789785
NAV/BTC,1560432482332,2019-06-13T13:28:02.332Z,sell,2.95e-05,379.94,0.01120823
NAV/BTC,1560432488568,2019-06-13T13:28:08.568Z,sell,2.95e-05,357.07,0.010533565
NAV/BTC,1560432500717,2019-06-13T13:28:20.717Z,sell,2.95e-05,352.6,0.0104017
NAV/BTC,1560432503470,2019-06-13T13:28:23.470Z,sell,2.95e-05,1270.41,0.037477095
NAV/BTC,1560432536275,2019-06-13T13:28:56.275Z,sell,2.95e-05,1428.14,0.04213013
NAV/BTC,1560432586260,2019-06-13T13:29:46.260Z,sell,2.95e-05,102.62,0.00302729
NAV/BTC,1560432587446,2019-06-13T13:29:47.446Z,sell,2.95e-05,384.33,0.011337735
NAV/BTC,1560432618446,2019-06-13T13:30:18.446Z,sell,2.95e-05,55.0,0.0016225
NAV/BTC,1560432624138,2019-06-13T13:30:24.138Z,buy,2.96e-05,112.87,0.003340952
NAV/BTC,1560432624405,2019-06-13T13:30:24.405Z,sell,2.95e-05,111.11,0.003277745
NAV/BTC,1560432624492,2019-06-13T13:30:24.492Z,buy,2.96e-05,3308.19,0.097922424
NAV/BTC,1560432624550,2019-06-13T13:30:24.550Z,sell,2.96e-05,112.87,0.003340952
NAV/BTC,1560432626441,2019-06-13T13:30:26.441Z,sell,2.96e-05,54.05,0.00159988
NAV/BTC,1560432632305,2019-06-13T13:30:32.305Z,sell,2.96e-05,312.82,0.009259472
NAV/BTC,1560432633236,2019-06-13T13:30:33.236Z,sell,2.96e-05,0.01,2.96e-07
NAV/BTC,1560432637510,2019-06-13T13:30:37.510Z,sell,2.96e-05,719.5,0.0212972
NAV/BTC,1560432637588,2019-06-13T13:30:37.588Z,sell,2.96e-05,90.92,0.002691232
NAV/BTC,1560432637998,2019-06-13T13:30:37.998Z,sell,2.96e-05,238.36,0.007055456
NAV/BTC,1560432639807,2019-06-13T13:30:39.807Z,sell,2.95e-05,34.24,0.00101008
NAV/BTC,1560432639867,2019-06-13T13:30:39.867Z,sell,2.95e-05,34.27,0.001010965
NAV/BTC,1560432640254,2019-06-13T13:30:40.254Z,sell,2.95e-05,1858.83,0.0548354849999999
NAV/BTC,1560432642557,2019-06-13T13:30:42.557Z,sell,2.95e-05,195.05,0.005753975
NAV/BTC,1560432642685,2019-06-13T13:30:42.685Z,sell,2.95e-05,342.47,0.010102865
NAV/BTC,1560432648839,2019-06-13T13:30:48.839Z,buy,2.96e-05,133.4,0.00394864
NAV/BTC,1560432651401,2019-06-13T13:30:51.401Z,sell,2.95e-05,104.16,0.0030727199999999
NAV/BTC,1560432669359,2019-06-13T13:31:09.359Z,sell,2.95e-05,701.75,0.0207016249999999
NAV/BTC,1560432673550,2019-06-13T13:31:13.550Z,buy,2.96e-05,3653.05,0.10813028
NAV/BTC,1560432711124,2019-06-13T13:31:51.124Z,sell,2.95e-05,1679.44,0.04954348
NAV/BTC,1560432720716,2019-06-13T13:32:00.716Z,sell,2.95e-05,306.39,0.0090385049999999
NAV/BTC,1560432731554,2019-06-13T13:32:11.554Z,sell,2.95e-05,1870.42,0.05517739
NAV/BTC,1560432731554,2019-06-13T13:32:11.554Z,sell,2.94e-05,1129.58,0.033209652
NAV/BTC,1560432731554,2019-06-13T13:32:11.554Z,sell,2.94e-05,345.5,0.0101577
NAV/BTC,1560432731554,2019-06-13T13:32:11.554Z,sell,2.94e-05,242.44,0.007127736
NAV/BTC,1560432731554,2019-06-13T13:32:11.554Z,sell,2.94e-05,173.95,0.00511413
NAV/BTC,1560432734403,2019-06-13T13:32:14.403Z,sell,2.94e-05,104.53,0.003073182
NAV/BTC,1560432735255,2019-06-13T13:32:15.255Z,sell,2.94e-05,240.31,0.007065114
NAV/BTC,1560432739101,2019-06-13T13:32:19.101Z,sell,2.94e-05,2000.0,0.0588
NAV/BTC,1560432744931,2019-06-13T13:32:24.931Z,buy,2.96e-05,236.49,0.007000104
NAV/BTC,1560432753439,2019-06-13T13:32:33.439Z,sell,2.94e-05,349.65,0.01027971
NAV/BTC,1560432761722,2019-06-13T13:32:41.722Z,sell,2.94e-05,2000.0,0.0588
NAV/BTC,1560432774067,2019-06-13T13:32:54.067Z,buy,2.95e-05,277.2,0.0081774
NAV/BTC,1560432925549,2019-06-13T13:35:25.549Z,buy,2.95e-05,35.62,0.0010507899999999
NAV/BTC,1560432996344,2019-06-13T13:36:36.344Z,sell,2.95e-05,851.47,0.025118365
NAV/BTC,1560433096994,2019-06-13T13:38:16.994Z,buy,2.96e-05,833.28,0.024665088
NAV/BTC,1560433189088,2019-06-13T13:39:49.088Z,sell,2.95e-05,50.16,0.00147972
NAV/BTC,1560433304773,2019-06-13T13:41:44.773Z,buy,2.96e-05,1625.4,0.04811184
NAV/BTC,1560433305352,2019-06-13T13:41:45.352Z,sell,2.96e-05,148.53,0.004396488
NAV/BTC,1560433306180,2019-06-13T13:41:46.180Z,sell,2.96e-05,278.28,0.008237088
NAV/BTC,1560433307420,2019-06-13T13:41:47.420Z,sell,2.96e-05,85.27,0.002523992
NAV/BTC,1560433307478,2019-06-13T13:41:47.478Z,sell,2.96e-05,212.01,0.006275496
NAV/BTC,1560433308028,2019-06-13T13:41:48.028Z,sell,2.96e-05,65.9,0.00195064
NAV/BTC,1560433333223,2019-06-13T13:42:13.223Z,buy,2.96e-05,469.5,0.0138972
NAV/BTC,1560433333522,2019-06-13T13:42:13.522Z,sell,2.96e-05,212.01,0.006275496
NAV/BTC,1560433333824,2019-06-13T13:42:13.824Z,sell,2.96e-05,353.35,0.01045916
NAV/BTC,1560433334090,2019-06-13T13:42:14.090Z,sell,2.96e-05,248.22,0.007347312
NAV/BTC,1560433334786,2019-06-13T13:42:14.786Z,sell,2.96e-05,212.76,0.006297696
NAV/BTC,1560433335690,2019-06-13T13:42:15.690Z,sell,2.96e-05,127.01,0.003759496
NAV/BTC,1560433353010,2019-06-13T13:42:33.010Z,sell,2.95e-05,82.15,0.002423425
NAV/BTC,1560433353553,2019-06-13T13:42:33.553Z,sell,2.95e-05,185.25,0.005464875
NAV/BTC,1560433367400,2019-06-13T13:42:47.400Z,sell,2.95e-05,121.21,0.003575695
NAV/BTC,1560433546012,2019-06-13T13:45:46.012Z,buy,2.96e-05,87.33,0.002584968
NAV/BTC,1560433548383,2019-06-13T13:45:48.383Z,sell,2.96e-05,68.26,0.002020496
NAV/BTC,1560433548679,2019-06-13T13:45:48.679Z,sell,2.96e-05,212.76,0.006297696
NAV/BTC,1560433548894,2019-06-13T13:45:48.894Z,sell,2.96e-05,248.22,0.007347312
NAV/BTC,1560433558647,2019-06-13T13:45:58.647Z,sell,2.96e-05,96.9,0.00286824
NAV/BTC,1560433574315,2019-06-13T13:46:14.315Z,sell,2.96e-05,40.0,0.001184
NAV/BTC,1560433574498,2019-06-13T13:46:14.498Z,sell,2.96e-05,54.99,0.001627704
NAV/BTC,1560433585774,2019-06-13T13:46:25.774Z,sell,2.95e-05,68.03,0.002006885
NAV/BTC,1560433585774,2019-06-13T13:46:25.774Z,sell,2.95e-05,68.03,0.002006885
NAV/BTC,1560433654973,2019-06-13T13:47:34.973Z,sell,2.95e-05,238.36,0.00703162
NAV/BTC,1560433762196,2019-06-13T13:49:22.196Z,buy,2.97e-05,9202.77,0.273322269
NAV/BTC,1560433788180,2019-06-13T13:49:48.180Z,buy,2.97e-05,507.52,0.0150733439999999
NAV/BTC,1560433789090,2019-06-13T13:49:49.090Z,sell,2.97e-05,94.43,0.002804571
NAV/BTC,1560433791518,2019-06-13T13:49:51.518Z,sell,2.96e-05,34.2,0.00101232
NAV/BTC,1560433791540,2019-06-13T13:49:51.540Z,sell,2.96e-05,34.15,0.00101084
NAV/BTC,1560433791588,2019-06-13T13:49:51.588Z,sell,2.96e-05,34.2,0.00101232
NAV/BTC,1560433791860,2019-06-13T13:49:51.860Z,sell,2.96e-05,34.2,0.00101232
NAV/BTC,1560433793939,2019-06-13T13:49:53.939Z,buy,2.97e-05,67.34,0.001999998
NAV/BTC,1560433877847,2019-06-13T13:51:17.847Z,buy,2.97e-05,359.03,0.0106631909999999
NAV/BTC,1560433878566,2019-06-13T13:51:18.566Z,sell,2.97e-05,148.22,0.004402134
NAV/BTC,1560433879165,2019-06-13T13:51:19.165Z,sell,2.97e-05,100.0,0.00297
NAV/BTC,1560433879179,2019-06-13T13:51:19.179Z,sell,2.97e-05,148.22,0.004402134
NAV/BTC,1560433881248,2019-06-13T13:51:21.248Z,sell,2.97e-05,55.37,0.0016444889999999
NAV/BTC,1560433883447,2019-06-13T13:51:23.447Z,sell,2.97e-05,85.91,0.002551527
NAV/BTC,1560433888156,2019-06-13T13:51:28.156Z,sell,2.97e-05,57.16,0.001697652
NAV/BTC,1560433888187,2019-06-13T13:51:28.187Z,sell,2.97e-05,53.69,0.001594593
NAV/BTC,1560433889453,2019-06-13T13:51:29.453Z,sell,2.97e-05,59.69,0.001772793
NAV/BTC,1560433892366,2019-06-13T13:51:32.366Z,sell,2.97e-05,56.98,0.001692306
NAV/BTC,1560433895824,2019-06-13T13:51:35.824Z,sell,2.97e-05,59.94,0.0017802179999999
NAV/BTC,1560433895922,2019-06-13T13:51:35.922Z,sell,2.97e-05,59.17,0.001757349
NAV/BTC,1560433896468,2019-06-13T13:51:36.468Z,sell,2.97e-05,152.05,0.004515885
NAV/BTC,1560433897698,2019-06-13T13:51:37.698Z,sell,2.97e-05,99.66,0.002959902
NAV/BTC,1560433898119,2019-06-13T13:51:38.119Z,sell,2.97e-05,54.21,0.001610037
NAV/BTC,1560433900317,2019-06-13T13:51:40.317Z,sell,2.97e-05,58.08,0.001724976
NAV/BTC,1560433900378,2019-06-13T13:51:40.378Z,sell,2.97e-05,724.3,0.02151171
NAV/BTC,1560433901441,2019-06-13T13:51:41.441Z,sell,2.97e-05,57.61,0.001711017
NAV/BTC,1560433901472,2019-06-13T13:51:41.472Z,sell,2.97e-05,76.28,0.002265516
NAV/BTC,1560433903209,2019-06-13T13:51:43.209Z,sell,2.97e-05,90.99,0.002702403
NAV/BTC,1560433903421,2019-06-13T13:51:43.421Z,sell,2.97e-05,53.6,0.00159192
NAV/BTC,1560433905472,2019-06-13T13:51:45.472Z,sell,2.97e-05,53.6,0.00159192
NAV/BTC,1560433906256,2019-06-13T13:51:46.256Z,sell,2.97e-05,72.78,0.002161566
NAV/BTC,1560433906329,2019-06-13T13:51:46.329Z,sell,2.97e-05,1524.97,0.045291609
NAV/BTC,1560433906664,2019-06-13T13:51:46.664Z,sell,2.97e-05,57.04,0.001694088
NAV/BTC,1560433909236,2019-06-13T13:51:49.236Z,sell,2.97e-05,468.96,0.013928112
NAV/BTC,1560433909257,2019-06-13T13:51:49.257Z,sell,2.97e-05,152.25,0.004521825
NAV/BTC,1560433910343,2019-06-13T13:51:50.343Z,buy,2.98e-05,380.0,0.0113239999999999
NAV/BTC,1560433910343,2019-06-13T13:51:50.343Z,buy,2.98e-05,2364.28,0.070455544
NAV/BTC,1560433912515,2019-06-13T13:51:52.515Z,buy,2.98e-05,5033.55,0.14999979
NAV/BTC,1560433928819,2019-06-13T13:52:08.819Z,buy,2.98e-05,453.41,0.013511618
NAV/BTC,1560433947684,2019-06-13T13:52:27.684Z,sell,2.97e-05,70.42,0.002091474
NAV/BTC,1560434027464,2019-06-13T13:53:47.464Z,buy,2.98e-05,2124.02,0.063295796
NAV/BTC,1560434037949,2019-06-13T13:53:57.949Z,sell,2.97e-05,154.84,0.004598748
NAV/BTC,1560434046735,2019-06-13T13:54:06.735Z,buy,2.98e-05,111.42,0.003320316
NAV/BTC,1560434046735,2019-06-13T13:54:06.735Z,buy,2.99e-05,3733.1,0.11161969
NAV/BTC,1560434046735,2019-06-13T13:54:06.735Z,sell,2.97e-05,384.88,0.011430936
NAV/BTC,1560434046735,2019-06-13T13:54:06.735Z,buy,2.99e-05,325.89,0.009744111
NAV/BTC,1560434047112,2019-06-13T13:54:07.112Z,sell,2.97e-05,400.0,0.01188
NAV/BTC,1560434113537,2019-06-13T13:55:13.537Z,sell,2.97e-05,846.98,0.025155306
NAV/BTC,1560434113538,2019-06-13T13:55:13.538Z,sell,2.97e-05,386.39,0.011475783
NAV/BTC,1560434113645,2019-06-13T13:55:13.645Z,sell,2.97e-05,220.68,0.006554196
NAV/BTC,1560434115442,2019-06-13T13:55:15.442Z,sell,2.97e-05,190.8,0.00566676
NAV/BTC,1560434116445,2019-06-13T13:55:16.445Z,sell,2.97e-05,841.76,0.025000272
NAV/BTC,1560434135379,2019-06-13T13:55:35.379Z,buy,2.98e-05,198.74,0.005922452
NAV/BTC,1560434135379,2019-06-13T13:55:35.379Z,buy,2.99e-05,287.81,0.0086055189999999
NAV/BTC,1560434146315,2019-06-13T13:55:46.315Z,sell,2.97e-05,2500.0,0.07425
NAV/BTC,1560434200940,2019-06-13T13:56:40.940Z,sell,2.97e-05,486.07,0.014436279
NAV/BTC,1560434280924,2019-06-13T13:58:00.924Z,sell,2.97e-05,70.72,0.002100384
NAV/BTC,1560434385094,2019-06-13T13:59:45.094Z,sell,2.97e-05,33.8,0.0010038599999999
NAV/BTC,1560434411636,2019-06-13T14:00:11.636Z,sell,2.97e-05,591.02,0.017553294
NAV/BTC,1560434427787,2019-06-13T14:00:27.787Z,sell,2.97e-05,155.76,0.004626072
NAV/BTC,1560434460552,2019-06-13T14:01:00.552Z,sell,2.97e-05,9350.17,0.277700049
NAV/BTC,1560434479222,2019-06-13T14:01:19.222Z,buy,2.98e-05,198.69,0.005920962
NAV/BTC,1560434479222,2019-06-13T14:01:19.222Z,buy,2.99e-05,1204.04,0.0360007959999999
NAV/BTC,1560434479222,2019-06-13T14:01:19.222Z,buy,2.99e-05,429.49,0.012841751
NAV/BTC,1560434502803,2019-06-13T14:01:42.803Z,sell,2.98e-05,50.81,0.001514138
NAV/BTC,1560434503641,2019-06-13T14:01:43.641Z,sell,2.98e-05,8.05,0.00023989
NAV/BTC,1560434503641,2019-06-13T14:01:43.641Z,sell,2.97e-05,65.58,0.0019477259999999
NAV/BTC,1560434555818,2019-06-13T14:02:35.818Z,buy,2.99e-05,78.71,0.0023534289999999
NAV/BTC,1560434560958,2019-06-13T14:02:40.958Z,buy,2.99e-05,676.58,0.020229742
NAV/BTC,1560434590677,2019-06-13T14:03:10.677Z,sell,2.98e-05,53.94,0.001607412
NAV/BTC,1560434599394,2019-06-13T14:03:19.394Z,buy,2.99e-05,100.34,0.003000166
NAV/BTC,1560434607495,2019-06-13T14:03:27.495Z,sell,2.98e-05,55.4,0.00165092
NAV/BTC,1560434615331,2019-06-13T14:03:35.331Z,sell,2.98e-05,51.57,0.001536786
NAV/BTC,1560434675833,2019-06-13T14:04:35.833Z,buy,2.99e-05,334.44,0.0099997559999999
NAV/BTC,1560434684090,2019-06-13T14:04:44.090Z,buy,2.99e-05,3344.48,0.0999999519999999
NAV/BTC,1560434685182,2019-06-13T14:04:45.182Z,buy,2.99e-05,2316.38,0.069259762
NAV/BTC,1560434716933,2019-06-13T14:05:16.933Z,buy,2.99e-05,863.18,0.0258090819999999
NAV/BTC,1560434725672,2019-06-13T14:05:25.672Z,buy,2.99e-05,2793.35,0.083521165
NAV/BTC,1560434725672,2019-06-13T14:05:25.672Z,buy,3e-05,20516.97,0.6155091
NAV/BTC,1560434725672,2019-06-13T14:05:25.672Z,buy,3.01e-05,29940.62,0.901212662
NAV/BTC,1560434725672,2019-06-13T14:05:25.672Z,buy,3.02e-05,38472.58,1.161871916
NAV/BTC,1560434725672,2019-06-13T14:05:25.672Z,sell,2.98e-05,472.83,0.014090334
NAV/BTC,1560434726409,2019-06-13T14:05:26.409Z,buy,3.01e-05,1000.0,0.0301
NAV/BTC,1560434726656,2019-06-13T14:05:26.656Z,sell,3e-05,86.51,0.0025953
NAV/BTC,1560434727392,2019-06-13T14:05:27.392Z,sell,2.99e-05,1234.31,0.0369058689999999
NAV/BTC,1560434727416,2019-06-13T14:05:27.416Z,sell,2.99e-05,50.0,0.001495
NAV/BTC,1560434727425,2019-06-13T14:05:27.425Z,sell,2.99e-05,52.2,0.00156078
NAV/BTC,1560434729142,2019-06-13T14:05:29.142Z,sell,2.99e-05,108.14,0.003233386
NAV/BTC,1560434729938,2019-06-13T14:05:29.938Z,sell,2.99e-05,52.2,0.00156078
NAV/BTC,1560434732453,2019-06-13T14:05:32.453Z,sell,2.99e-05,67.34,0.0020134659999999
NAV/BTC,1560434734460,2019-06-13T14:05:34.460Z,sell,2.99e-05,52.2,0.00156078
NAV/BTC,1560434737023,2019-06-13T14:05:37.023Z,sell,2.99e-05,52.2,0.00156078
NAV/BTC,1560434737928,2019-06-13T14:05:37.928Z,sell,2.99e-05,277.92,0.008309808
NAV/BTC,1560434738163,2019-06-13T14:05:38.163Z,buy,3e-05,67.97,0.0020391
NAV/BTC,1560434738163,2019-06-13T14:05:38.163Z,buy,3.01e-05,1353.47,0.040739447
NAV/BTC,1560434738163,2019-06-13T14:05:38.163Z,buy,3.02e-05,21018.27,0.634751754
NAV/BTC,1560434738394,2019-06-13T14:05:38.394Z,sell,3.01e-05,149.51,0.0045002509999999
NAV/BTC,1560434738424,2019-06-13T14:05:38.424Z,sell,3.01e-05,13.91,0.000418691
NAV/BTC,1560434739321,2019-06-13T14:05:39.321Z,sell,3.01e-05,163.41,0.004918641
NAV/BTC,1560434739346,2019-06-13T14:05:39.346Z,sell,3.01e-05,75.69,0.002278269
NAV/BTC,1560434739409,2019-06-13T14:05:39.409Z,sell,3.01e-05,986.09,0.029681309
NAV/BTC,1560434739722,2019-06-13T14:05:39.722Z,sell,3.01e-05,433.0,0.0130333
NAV/BTC,1560434739728,2019-06-13T14:05:39.728Z,sell,3.01e-05,0.03,9.03e-07
NAV/BTC,1560434740186,2019-06-13T14:05:40.186Z,buy,3e-05,36.03,0.0010809
NAV/BTC,1560434740207,2019-06-13T14:05:40.207Z,buy,3.02e-05,22770.04,0.687655208
NAV/BTC,1560434740207,2019-06-13T14:05:40.207Z,buy,3.03e-05,3487.09,0.105658827
NAV/BTC,1560434740207,2019-06-13T14:05:40.207Z,buy,3.04e-05,3606.55,0.10963912
NAV/BTC,1560434740207,2019-06-13T14:05:40.207Z,buy,3.05e-05,2412.74,0.0735885699999999
NAV/BTC,1560434740207,2019-06-13T14:05:40.207Z,buy,3.05e-05,875.84,0.02671312
NAV/BTC,1560434740347,2019-06-13T14:05:40.347Z,sell,3.02e-05,330.54,0.009982308
NAV/BTC,1560434740351,2019-06-13T14:05:40.351Z,sell,3.02e-05,46.27,0.001397354
NAV/BTC,1560434740643,2019-06-13T14:05:40.643Z,sell,3.02e-05,46.27,0.001397354
NAV/BTC,1560434741414,2019-06-13T14:05:41.414Z,buy,3.02e-05,100.0,0.0030199999999999
NAV/BTC,1560434741715,2019-06-13T14:05:41.715Z,buy,3.02e-05,52.99,0.001600298
NAV/BTC,1560434741715,2019-06-13T14:05:41.715Z,buy,3.03e-05,548.93,0.0166325789999999
NAV/BTC,1560434741715,2019-06-13T14:05:41.715Z,buy,3.04e-05,754.59,0.022939536
NAV/BTC,1560434741715,2019-06-13T14:05:41.715Z,buy,3.05e-05,4034.2,0.1230430999999999
NAV/BTC,1560434742914,2019-06-13T14:05:42.914Z,sell,3.02e-05,116.97,0.0035324939999999
NAV/BTC,1560434742943,2019-06-13T14:05:42.943Z,buy,3.03e-05,510.14,0.015457242
NAV/BTC,1560434742977,2019-06-13T14:05:42.977Z,sell,3.02e-05,51.2,0.00154624
NAV/BTC,1560434743225,2019-06-13T14:05:43.225Z,sell,3.01e-05,139.86,0.004209786
NAV/BTC,1560434743321,2019-06-13T14:05:43.321Z,sell,3.01e-05,72.65,0.002186765
NAV/BTC,1560434743394,2019-06-13T14:05:43.394Z,buy,3.02e-05,48.8,0.00147376
NAV/BTC,1560434744637,2019-06-13T14:05:44.637Z,sell,3.02e-05,100.0,0.0030199999999999
NAV/BTC,1560434745297,2019-06-13T14:05:45.297Z,sell,3.02e-05,830.85,0.02509167
NAV/BTC,1560434745492,2019-06-13T14:05:45.492Z,buy,3.04e-05,65.79,0.002000016
NAV/BTC,1560434747161,2019-06-13T14:05:47.161Z,sell,3.02e-05,72.75,0.00219705
NAV/BTC,1560434747293,2019-06-13T14:05:47.293Z,sell,3.02e-05,104.53,0.003156806
NAV/BTC,1560434747328,2019-06-13T14:05:47.328Z,sell,3.02e-05,540.31,0.016317362
NAV/BTC,1560434747409,2019-06-13T14:05:47.409Z,buy,3.02e-05,389.86,0.011773772
NAV/BTC,1560434747518,2019-06-13T14:05:47.518Z,buy,3.02e-05,69.83,0.002108866
NAV/BTC,1560434747784,2019-06-13T14:05:47.784Z,sell,3.01e-05,2168.0,0.0652568
NAV/BTC,1560434747784,2019-06-13T14:05:47.784Z,sell,3.01e-05,426.32,0.0128322319999999
NAV/BTC,1560434748272,2019-06-13T14:05:48.272Z,sell,3.01e-05,100.0,0.00301
NAV/BTC,1560434748352,2019-06-13T14:05:48.352Z,sell,3.01e-05,100.0,0.00301
NAV/BTC,1560434749071,2019-06-13T14:05:49.071Z,sell,3.02e-05,1000.0,0.0301999999999999
NAV/BTC,1560434750149,2019-06-13T14:05:50.149Z,buy,3.03e-05,102.38,0.003102114
NAV/BTC,1560434750149,2019-06-13T14:05:50.149Z,buy,3.04e-05,819.87,0.024924048
NAV/BTC,1560434750150,2019-06-13T14:05:50.150Z,buy,3.04e-05,300.0,0.00912
NAV/BTC,1560434750153,2019-06-13T14:05:50.153Z,buy,3.04e-05,840.7,0.02555728
NAV/BTC,1560434750437,2019-06-13T14:05:50.437Z,buy,3.04e-05,49.66,0.001509664
NAV/BTC,1560434750730,2019-06-13T14:05:50.730Z,sell,3.02e-05,1000.0,0.0301999999999999
NAV/BTC,1560434751136,2019-06-13T14:05:51.136Z,buy,3.04e-05,33.23,0.0010101919999999
NAV/BTC,1560434752355,2019-06-13T14:05:52.355Z,sell,3.03e-05,35.6,0.00107868
NAV/BTC,1560434752355,2019-06-13T14:05:52.355Z,sell,3.02e-05,964.4,0.02912488
NAV/BTC,1560434753421,2019-06-13T14:05:53.421Z,sell,3.02e-05,240.28,0.007256456
NAV/BTC,1560434754423,2019-06-13T14:05:54.423Z,sell,3.02e-05,195.85,0.0059146699999999
NAV/BTC,1560434755512,2019-06-13T14:05:55.512Z,sell,3.01e-05,88.92,0.002676492
NAV/BTC,1560434755512,2019-06-13T14:05:55.512Z,sell,3.01e-05,85.0,0.0025585
NAV/BTC,1560434756092,2019-06-13T14:05:56.092Z,sell,3.02e-05,239.73,0.0072398459999999
NAV/BTC,1560434756429,2019-06-13T14:05:56.429Z,sell,3.02e-05,325.52,0.009830704
NAV/BTC,1560434757269,2019-06-13T14:05:57.269Z,sell,3.01e-05,46.27,0.001392727
NAV/BTC,1560434757407,2019-06-13T14:05:57.407Z,sell,3.01e-05,330.54,0.009949254
NAV/BTC,1560434758442,2019-06-13T14:05:58.442Z,sell,3.01e-05,46.27,0.001392727
NAV/BTC,1560434759803,2019-06-13T14:05:59.803Z,sell,3.01e-05,513.54,0.0154575539999999
NAV/BTC,1560434760130,2019-06-13T14:06:00.130Z,buy,3.02e-05,688.82,0.020802364
NAV/BTC,1560434760145,2019-06-13T14:06:00.145Z,sell,3.01e-05,716.46,0.021565446
NAV/BTC,1560434761939,2019-06-13T14:06:01.939Z,sell,3.01e-05,76.73,0.002309573
NAV/BTC,1560434768851,2019-06-13T14:06:08.851Z,buy,3.02e-05,95.64,0.002888328
NAV/BTC,1560434769950,2019-06-13T14:06:09.950Z,buy,3.02e-05,42.65,0.00128803
NAV/BTC,1560434769950,2019-06-13T14:06:09.950Z,buy,3.03e-05,1274.22,0.038608866
NAV/BTC,1560434771021,2019-06-13T14:06:11.021Z,buy,3.03e-05,39.6,0.00119988
NAV/BTC,1560434771021,2019-06-13T14:06:11.021Z,buy,3.04e-05,56.04,0.001703616
NAV/BTC,1560434773886,2019-06-13T14:06:13.886Z,buy,3.04e-05,475.31,0.014449424
NAV/BTC,1560434775272,2019-06-13T14:06:15.272Z,sell,3.02e-05,300.0,0.00906
NAV/BTC,1560434775316,2019-06-13T14:06:15.316Z,buy,3.04e-05,319.58,0.0097152319999999
NAV/BTC,1560434776190,2019-06-13T14:06:16.190Z,sell,3.02e-05,232.74,0.007028748
NAV/BTC,1560434777759,2019-06-13T14:06:17.759Z,buy,3.03e-05,80.42,0.002436726
NAV/BTC,1560434778522,2019-06-13T14:06:18.522Z,sell,3.02e-05,100.0,0.0030199999999999
NAV/BTC,1560434780045,2019-06-13T14:06:20.045Z,buy,3.03e-05,218.65,0.006625095
NAV/BTC,1560434780045,2019-06-13T14:06:20.045Z,buy,3.04e-05,2649.23,0.080536592
NAV/BTC,1560434780097,2019-06-13T14:06:20.097Z,sell,3.04e-05,83.95,0.00255208
NAV/BTC,1560434780421,2019-06-13T14:06:20.421Z,sell,3.04e-05,238.35,0.00724584
NAV/BTC,1560434780568,2019-06-13T14:06:20.568Z,sell,3.04e-05,39.23,0.001192592
NAV/BTC,1560434780639,2019-06-13T14:06:20.639Z,sell,3.02e-05,277.58,0.0083829159999999
NAV/BTC,1560434780973,2019-06-13T14:06:20.973Z,sell,3.02e-05,200.0,0.0060399999999999
NAV/BTC,1560434782608,2019-06-13T14:06:22.608Z,sell,3.02e-05,500.0,0.0150999999999999
NAV/BTC,1560434783146,2019-06-13T14:06:23.146Z,sell,3.02e-05,177.3,0.00535446
NAV/BTC,1560434783748,2019-06-13T14:06:23.748Z,buy,3.03e-05,205.72,0.006233316
NAV/BTC,1560434783748,2019-06-13T14:06:23.748Z,buy,3.04e-05,193.91,0.005894864
NAV/BTC,1560434784771,2019-06-13T14:06:24.771Z,sell,3.04e-05,408.27,0.0124114079999999
NAV/BTC,1560434784792,2019-06-13T14:06:24.792Z,sell,3.02e-05,408.27,0.0123297539999999
NAV/BTC,1560434784843,2019-06-13T14:06:24.843Z,sell,3.02e-05,1801.36,0.0544010719999999
NAV/BTC,1560434785148,2019-06-13T14:06:25.148Z,buy,3.02e-05,95.83,0.002894066
NAV/BTC,1560434786423,2019-06-13T14:06:26.423Z,sell,3.03e-05,112.88,0.003420264
NAV/BTC,1560434788835,2019-06-13T14:06:28.835Z,sell,3.01e-05,687.29,0.020687429
NAV/BTC,1560434789529,2019-06-13T14:06:29.529Z,sell,3.01e-05,236.25,0.007111125
NAV/BTC,1560434793801,2019-06-13T14:06:33.801Z,sell,3.02e-05,9075.62,0.274083724
NAV/BTC,1560434797347,2019-06-13T14:06:37.347Z,buy,3.04e-05,269.96,0.008206784
NAV/BTC,1560434797521,2019-06-13T14:06:37.521Z,buy,3.04e-05,230.27,0.007000208
NAV/BTC,1560434799109,2019-06-13T14:06:39.109Z,buy,3.04e-05,2163.18,0.0657606719999999
NAV/BTC,1560434799779,2019-06-13T14:06:39.779Z,sell,3.04e-05,1782.2,0.05417888
NAV/BTC,1560434799799,2019-06-13T14:06:39.799Z,sell,3.02e-05,940.0,0.028388
NAV/BTC,1560434801567,2019-06-13T14:06:41.567Z,sell,3.03e-05,35.6,0.00107868
NAV/BTC,1560434802536,2019-06-13T14:06:42.536Z,sell,3.02e-05,166.18,0.005018636
NAV/BTC,1560434802816,2019-06-13T14:06:42.816Z,sell,3.02e-05,64.4,0.00194488
NAV/BTC,1560434802882,2019-06-13T14:06:42.882Z,sell,3.02e-05,430.36,0.012996872
NAV/BTC,1560434802882,2019-06-13T14:06:42.882Z,sell,3.01e-05,569.64,0.017146164
NAV/BTC,1560434805794,2019-06-13T14:06:45.794Z,sell,3.01e-05,39.6,0.00119196
NAV/BTC,1560434810588,2019-06-13T14:06:50.588Z,sell,3.01e-05,259.41,0.007808241
NAV/BTC,1560434813659,2019-06-13T14:06:53.659Z,sell,3e-05,351.92,0.0105576
NAV/BTC,1560434814648,2019-06-13T14:06:54.648Z,sell,3e-05,163.69,0.0049107
NAV/BTC,1560434815443,2019-06-13T14:06:55.443Z,sell,3e-05,366.3,0.010989
NAV/BTC,1560434815959,2019-06-13T14:06:55.959Z,sell,3e-05,304.77,0.0091431
NAV/BTC,1560434815959,2019-06-13T14:06:55.959Z,sell,2.99e-05,61.53,0.0018397469999999
NAV/BTC,1560434815959,2019-06-13T14:06:55.959Z,sell,2.99e-05,171.97,0.005141903
NAV/BTC,1560434820042,2019-06-13T14:07:00.042Z,sell,2.99e-05,1078.22,0.0322387779999999
NAV/BTC,1560434821214,2019-06-13T14:07:01.214Z,buy,3.01e-05,83.47,0.002512447
NAV/BTC,1560434822349,2019-06-13T14:07:02.349Z,sell,2.99e-05,366.3,0.01095237
NAV/BTC,1560434824411,2019-06-13T14:07:04.411Z,buy,3e-05,36.03,0.0010809
NAV/BTC,1560434825803,2019-06-13T14:07:05.803Z,sell,2.99e-05,274.26,0.008200374
NAV/BTC,1560434825861,2019-06-13T14:07:05.861Z,sell,2.99e-05,85.91,0.0025687089999999
NAV/BTC,1560434827414,2019-06-13T14:07:07.414Z,buy,3e-05,50.07,0.0015021
NAV/BTC,1560434828434,2019-06-13T14:07:08.434Z,buy,3e-05,56.53,0.0016959
NAV/BTC,1560434834297,2019-06-13T14:07:14.297Z,sell,3e-05,100.0,0.003
NAV/BTC,1560434834417,2019-06-13T14:07:14.417Z,sell,3e-05,75.37,0.0022611
NAV/BTC,1560434834475,2019-06-13T14:07:14.475Z,buy,3.01e-05,50.0,0.001505
NAV/BTC,1560434836518,2019-06-13T14:07:16.518Z,sell,3e-05,99.33,0.0029799
NAV/BTC,1560434898943,2019-06-13T14:08:18.943Z,sell,3e-05,601.35,0.0180405
NAV/BTC,1560434914105,2019-06-13T14:08:34.105Z,sell,3e-05,398.34,0.0119502
NAV/BTC,1560434921245,2019-06-13T14:08:41.245Z,sell,2.99e-05,36.08,0.0010787919999999
NAV/BTC,1560434921421,2019-06-13T14:08:41.421Z,buy,2.99e-05,172.42,0.005155358
NAV/BTC,1560434936552,2019-06-13T14:08:56.552Z,sell,2.98e-05,347.22,0.010347156
NAV/BTC,1560434942884,2019-06-13T14:09:02.884Z,buy,2.99e-05,66.44,0.001986556
NAV/BTC,1560434972078,2019-06-13T14:09:32.078Z,buy,3e-05,372.81,0.0111843
NAV/BTC,1560434977120,2019-06-13T14:09:37.120Z,buy,3e-05,357.38,0.0107214
NAV/BTC,1560434977827,2019-06-13T14:09:37.827Z,buy,3e-05,266.66,0.0079998
NAV/BTC,1560435018072,2019-06-13T14:10:18.072Z,buy,3e-05,1236.2,0.037086
NAV/BTC,1560435018072,2019-06-13T14:10:18.072Z,buy,3.01e-05,4133.91,0.124430691
NAV/BTC,1560435024359,2019-06-13T14:10:24.359Z,sell,3.01e-05,52.2,0.00157122
NAV/BTC,1560435026260,2019-06-13T14:10:26.260Z,sell,3.01e-05,52.2,0.00157122
NAV/BTC,1560435026490,2019-06-13T14:10:26.490Z,sell,3.01e-05,75.08,0.002259908
NAV/BTC,1560435027736,2019-06-13T14:10:27.736Z,sell,3.01e-05,52.2,0.00157122
NAV/BTC,1560435044020,2019-06-13T14:10:44.020Z,buy,3.02e-05,1004.33,0.030330766
NAV/BTC,1560435062473,2019-06-13T14:11:02.473Z,sell,3.01e-05,46.88,0.001411088
NAV/BTC,1560435071653,2019-06-13T14:11:11.653Z,sell,3.01e-05,4412.55,0.132817755
NAV/BTC,1560435073900,2019-06-13T14:11:13.900Z,buy,3.02e-05,993.37,0.029999774
NAV/BTC,1560435092950,2019-06-13T14:11:32.950Z,sell,3.01e-05,205.98,0.006199998
NAV/BTC,1560435094423,2019-06-13T14:11:34.423Z,sell,3.01e-05,862.31,0.0259555309999999
NAV/BTC,1560435125854,2019-06-13T14:12:05.854Z,buy,3.02e-05,1034.44,0.031240088
NAV/BTC,1560435126646,2019-06-13T14:12:06.646Z,sell,3.02e-05,52.2,0.00157644
NAV/BTC,1560435127945,2019-06-13T14:12:07.945Z,sell,3.02e-05,52.2,0.00157644
NAV/BTC,1560435129360,2019-06-13T14:12:09.360Z,sell,3.02e-05,52.2,0.00157644
NAV/BTC,1560435130661,2019-06-13T14:12:10.661Z,sell,3.02e-05,52.2,0.00157644
NAV/BTC,1560435131854,2019-06-13T14:12:11.854Z,sell,3.02e-05,2120.12,0.0640276239999999
NAV/BTC,1560435131886,2019-06-13T14:12:11.886Z,sell,3.02e-05,196.17,0.0059243339999999
NAV/BTC,1560435140899,2019-06-13T14:12:20.899Z,sell,3.01e-05,2637.85,0.079399285
NAV/BTC,1560435140899,2019-06-13T14:12:20.899Z,sell,3e-05,791.32,0.0237396
NAV/BTC,1560435162741,2019-06-13T14:12:42.741Z,sell,3.01e-05,334.44,0.010066644
NAV/BTC,1560435167964,2019-06-13T14:12:47.964Z,buy,3.02e-05,100.67,0.0030402339999999
NAV/BTC,1560435170266,2019-06-13T14:12:50.266Z,buy,3.02e-05,100.67,0.0030402339999999
NAV/BTC,1560435198807,2019-06-13T14:13:18.807Z,sell,3.01e-05,56.53,0.001701553
NAV/BTC,1560435232675,2019-06-13T14:13:52.675Z,sell,3.01e-05,256.71,0.0077269709999999
NAV/BTC,1560435245568,2019-06-13T14:14:05.568Z,buy,3.01e-05,33.56,0.001010156
NAV/BTC,1560435262495,2019-06-13T14:14:22.495Z,sell,3e-05,49.75,0.0014925
NAV/BTC,1560435263454,2019-06-13T14:14:23.454Z,buy,3e-05,287.46,0.0086238
NAV/BTC,1560435298953,2019-06-13T14:14:58.953Z,sell,2.99e-05,983.18,0.0293970819999999
NAV/BTC,1560435299199,2019-06-13T14:14:59.199Z,buy,3.01e-05,906.98,0.027300098
NAV/BTC,1560435299199,2019-06-13T14:14:59.199Z,buy,3.02e-05,452.1,0.01365342
NAV/BTC,1560435299199,2019-06-13T14:14:59.199Z,buy,3.03e-05,85.74,0.002597922
NAV/BTC,1560435299930,2019-06-13T14:14:59.930Z,sell,3.01e-05,39.6,0.00119196
NAV/BTC,1560435319779,2019-06-13T14:15:19.779Z,sell,3e-05,59.73,0.0017919
NAV/BTC,1560435341164,2019-06-13T14:15:41.164Z,sell,3e-05,350.0,0.0105
NAV/BTC,1560435384991,2019-06-13T14:16:24.991Z,sell,3e-05,183.33,0.0054999
NAV/BTC,1560435385458,2019-06-13T14:16:25.458Z,buy,3e-05,82.43,0.0024729
NAV/BTC,1560435390461,2019-06-13T14:16:30.461Z,buy,3e-05,37.8,0.001134
NAV/BTC,1560435430542,2019-06-13T14:17:10.542Z,sell,3e-05,322.84,0.0096852
NAV/BTC,1560435488918,2019-06-13T14:18:08.918Z,buy,3.01e-05,35.91,0.0010808909999999
NAV/BTC,1560435519475,2019-06-13T14:18:39.475Z,sell,3.01e-05,214.2,0.00644742
NAV/BTC,1560435597827,2019-06-13T14:19:57.827Z,sell,3.01e-05,920.62,0.027710662
NAV/BTC,1560435599066,2019-06-13T14:19:59.066Z,buy,3.01e-05,232.56,0.007000056
NAV/BTC,1560435606227,2019-06-13T14:20:06.227Z,buy,3.01e-05,920.62,0.027710662
NAV/BTC,1560435646701,2019-06-13T14:20:46.701Z,sell,3e-05,299.62,0.0089886
NAV/BTC,1560435657519,2019-06-13T14:20:57.519Z,sell,3e-05,1482.17,0.0444651
NAV/BTC,1560435674897,2019-06-13T14:21:14.897Z,sell,3e-05,40.08,0.0012024
NAV/BTC,1560435703630,2019-06-13T14:21:43.630Z,buy,3.02e-05,142.38,0.0042998759999999
NAV/BTC,1560435733798,2019-06-13T14:22:13.798Z,sell,3.01e-05,39.32,0.001183532
NAV/BTC,1560435736922,2019-06-13T14:22:16.922Z,buy,3.02e-05,92.81,0.002802862
NAV/BTC,1560435736922,2019-06-13T14:22:16.922Z,buy,3.03e-05,256.52,0.007772556
NAV/BTC,1560435740387,2019-06-13T14:22:20.387Z,buy,3.03e-05,59.41,0.001800123
NAV/BTC,1560435752704,2019-06-13T14:22:32.704Z,buy,3.03e-05,1562.81,0.047353143
NAV/BTC,1560435752704,2019-06-13T14:22:32.704Z,buy,3.04e-05,1453.23,0.044178192
NAV/BTC,1560435752704,2019-06-13T14:22:32.704Z,buy,3.05e-05,6868.86,0.2095002299999999
NAV/BTC,1560435764181,2019-06-13T14:22:44.181Z,buy,3.05e-05,163.0,0.0049715
NAV/BTC,1560435806595,2019-06-13T14:23:26.595Z,buy,3.05e-05,248.39,0.0075758949999999
NAV/BTC,1560435808778,2019-06-13T14:23:28.778Z,buy,3.05e-05,248.39,0.0075758949999999
NAV/BTC,1560435851820,2019-06-13T14:24:11.820Z,buy,3.05e-05,44.55,0.0013587749999999
NAV/BTC,1560435854072,2019-06-13T14:24:14.072Z,buy,3.05e-05,337.74,0.01030107
NAV/BTC,1560435861436,2019-06-13T14:24:21.436Z,buy,3.05e-05,24008.45,0.732257725
NAV/BTC,1560435861461,2019-06-13T14:24:21.461Z,sell,3.05e-05,1267.25,0.038651125
NAV/BTC,1560435862148,2019-06-13T14:24:22.148Z,sell,3.05e-05,140.33,0.004280065
NAV/BTC,1560435864280,2019-06-13T14:24:24.280Z,sell,3.05e-05,52.2,0.0015921
NAV/BTC,1560435868695,2019-06-13T14:24:28.695Z,sell,3.05e-05,74.23,0.002264015
NAV/BTC,1560435872375,2019-06-13T14:24:32.375Z,sell,3.05e-05,400.0,0.0121999999999999
NAV/BTC,1560435875949,2019-06-13T14:24:35.949Z,buy,3.06e-05,3658.35,0.11194551
NAV/BTC,1560435882597,2019-06-13T14:24:42.597Z,buy,3.06e-05,3184.14,0.097434684
NAV/BTC,1560435890474,2019-06-13T14:24:50.474Z,buy,3.06e-05,281.82,0.0086236919999999
NAV/BTC,1560435890882,2019-06-13T14:24:50.882Z,buy,3.06e-05,17845.48,0.5460716879999999
NAV/BTC,1560435893527,2019-06-13T14:24:53.527Z,sell,3.06e-05,215.6,0.0065973599999999
NAV/BTC,1560435896572,2019-06-13T14:24:56.572Z,sell,3.06e-05,160.89,0.0049232339999999
NAV/BTC,1560435925906,2019-06-13T14:25:25.906Z,sell,3.06e-05,146.93,0.004496058
NAV/BTC,1560435929267,2019-06-13T14:25:29.267Z,buy,3.07e-05,242.62,0.007448434
NAV/BTC,1560435931436,2019-06-13T14:25:31.436Z,buy,3.07e-05,242.62,0.007448434
NAV/BTC,1560435936407,2019-06-13T14:25:36.407Z,buy,3.07e-05,14385.95,0.441648665
NAV/BTC,1560435936407,2019-06-13T14:25:36.407Z,buy,3.08e-05,16973.81,0.5227933480000001
NAV/BTC,1560435936564,2019-06-13T14:25:36.564Z,sell,3.07e-05,144.54,0.004437378
NAV/BTC,1560435936574,2019-06-13T14:25:36.574Z,sell,3.07e-05,48.18,0.001479126
NAV/BTC,1560435937503,2019-06-13T14:25:37.503Z,buy,3.07e-05,71.66,0.0021999619999999
NAV/BTC,1560435950157,2019-06-13T14:25:50.157Z,sell,3.07e-05,44.46,0.001364922
NAV/BTC,1560435951350,2019-06-13T14:25:51.350Z,sell,3.07e-05,133.82,0.004108274
NAV/BTC,1560435953061,2019-06-13T14:25:53.061Z,buy,3.08e-05,325.64,0.010029712
NAV/BTC,1560435953061,2019-06-13T14:25:53.061Z,buy,3.09e-05,30538.36,0.943635324
NAV/BTC,1560435953077,2019-06-13T14:25:53.077Z,sell,3.09e-05,223.59,0.006908931
NAV/BTC,1560435953175,2019-06-13T14:25:53.175Z,sell,3.09e-05,249.11,0.007697499
NAV/BTC,1560435953565,2019-06-13T14:25:53.565Z,sell,3.09e-05,400.0,0.01236
NAV/BTC,1560435953704,2019-06-13T14:25:53.704Z,sell,3.09e-05,462.18,0.014281362
NAV/BTC,1560435954307,2019-06-13T14:25:54.307Z,sell,3.09e-05,2455.26,0.075867534
NAV/BTC,1560435954457,2019-06-13T14:25:54.457Z,buy,3.1e-05,9263.21,0.28715951
NAV/BTC,1560435954818,2019-06-13T14:25:54.818Z,sell,3.09e-05,71.22,0.002200698
NAV/BTC,1560435955380,2019-06-13T14:25:55.380Z,sell,3.09e-05,138.5,0.0042796499999999
NAV/BTC,1560435955578,2019-06-13T14:25:55.578Z,sell,3.09e-05,72.65,0.002244885
NAV/BTC,1560435955685,2019-06-13T14:25:55.685Z,sell,3.09e-05,809.06,0.0249999539999999
NAV/BTC,1560435955767,2019-06-13T14:25:55.767Z,sell,3.09e-05,32.46,0.001003014
NAV/BTC,1560435960273,2019-06-13T14:26:00.273Z,sell,3.09e-05,142.38,0.0043995419999999
NAV/BTC,1560435960328,2019-06-13T14:26:00.328Z,sell,3.09e-05,106.6,0.0032939399999999
NAV/BTC,1560435960418,2019-06-13T14:26:00.418Z,sell,3.09e-05,81.5,0.00251835
NAV/BTC,1560435960994,2019-06-13T14:26:00.994Z,sell,3.09e-05,32.9,0.0010166099999999
NAV/BTC,1560435963559,2019-06-13T14:26:03.559Z,buy,3.1e-05,192.47,0.00596657
NAV/BTC,1560435969425,2019-06-13T14:26:09.425Z,buy,3.1e-05,311.49,0.00965619
NAV/BTC,1560435970897,2019-06-13T14:26:10.897Z,buy,3.1e-05,551.89,0.01710859
NAV/BTC,1560435973801,2019-06-13T14:26:13.801Z,buy,3.1e-05,68.43,0.00212133
NAV/BTC,1560435975971,2019-06-13T14:26:15.971Z,buy,3.1e-05,68.43,0.00212133
NAV/BTC,1560435977902,2019-06-13T14:26:17.902Z,buy,3.1e-05,10053.94,0.31167214
NAV/BTC,1560435977960,2019-06-13T14:26:17.960Z,sell,3.09e-05,1722.0,0.0532098
NAV/BTC,1560435987526,2019-06-13T14:26:27.526Z,sell,3.09e-05,4165.54,0.1287151859999999
NAV/BTC,1560435989176,2019-06-13T14:26:29.176Z,sell,3.09e-05,35.15,0.001086135
NAV/BTC,1560435989183,2019-06-13T14:26:29.183Z,sell,3.09e-05,43.44,0.001342296
NAV/BTC,1560435992375,2019-06-13T14:26:32.375Z,buy,3.1e-05,322.51,0.00999781
NAV/BTC,1560435993981,2019-06-13T14:26:33.981Z,buy,3.1e-05,73.56,0.00228036
NAV/BTC,1560435994582,2019-06-13T14:26:34.582Z,sell,3.09e-05,833.28,0.025748352
NAV/BTC,1560435996194,2019-06-13T14:26:36.194Z,buy,3.1e-05,50.46,0.00156426
NAV/BTC,1560435996965,2019-06-13T14:26:36.965Z,sell,3.09e-05,2405.0,0.0743144999999999
NAV/BTC,1560435998520,2019-06-13T14:26:38.520Z,sell,3.09e-05,9253.94,0.285946746
NAV/BTC,1560435998545,2019-06-13T14:26:38.545Z,sell,3.09e-05,384.03,0.0118665269999999
NAV/BTC,1560436001483,2019-06-13T14:26:41.483Z,sell,3.09e-05,9066.54,0.280156086
NAV/BTC,1560436003165,2019-06-13T14:26:43.165Z,sell,3.09e-05,86.24,0.0026648159999999
NAV/BTC,1560436005282,2019-06-13T14:26:45.282Z,sell,3.09e-05,4165.54,0.1287151859999999
NAV/BTC,1560436007260,2019-06-13T14:26:47.260Z,sell,3.09e-05,3180.95,0.098291355
NAV/BTC,1560436010786,2019-06-13T14:26:50.786Z,sell,3.09e-05,277.56,0.008576604
NAV/BTC,1560436011785,2019-06-13T14:26:51.785Z,sell,3.08e-05,65.79,0.002026332
NAV/BTC,1560436012505,2019-06-13T14:26:52.505Z,sell,3.08e-05,297.73,0.009170084
NAV/BTC,1560436013223,2019-06-13T14:26:53.223Z,sell,3.07e-05,33.19,0.0010189329999999
NAV/BTC,1560436013738,2019-06-13T14:26:53.738Z,buy,3.09e-05,287.07,0.008870463
NAV/BTC,1560436019524,2019-06-13T14:26:59.524Z,sell,3.08e-05,192.0,0.0059136
NAV/BTC,1560436019554,2019-06-13T14:26:59.554Z,sell,3.08e-05,0.02,6.160000000000001e-07
NAV/BTC,1560436021975,2019-06-13T14:27:01.975Z,sell,3.07e-05,51.19,0.001571533
NAV/BTC,1560436022047,2019-06-13T14:27:02.047Z,sell,3.07e-05,342.47,0.010513829
NAV/BTC,1560436023277,2019-06-13T14:27:03.277Z,sell,3.07e-05,51.19,0.001571533
NAV/BTC,1560436026307,2019-06-13T14:27:06.307Z,sell,3.07e-05,51.19,0.001571533
NAV/BTC,1560436029093,2019-06-13T14:27:09.093Z,sell,3.07e-05,192.67,0.005914969
NAV/BTC,1560436030638,2019-06-13T14:27:10.638Z,buy,3.09e-05,417.0,0.0128852999999999
NAV/BTC,1560436030934,2019-06-13T14:27:10.934Z,sell,3.09e-05,725.1,0.02240559
NAV/BTC,1560436030936,2019-06-13T14:27:10.936Z,sell,3.09e-05,0.03,9.27e-07
NAV/BTC,1560436034128,2019-06-13T14:27:14.128Z,sell,3.08e-05,35.02,0.001078616
NAV/BTC,1560436034128,2019-06-13T14:27:14.128Z,sell,3.07e-05,1049.24,0.032211668
NAV/BTC,1560436034160,2019-06-13T14:27:14.160Z,buy,3.07e-05,185.26,0.005687482
NAV/BTC,1560436038352,2019-06-13T14:27:18.352Z,sell,3.07e-05,581.74,0.017859418
NAV/BTC,1560436038416,2019-06-13T14:27:18.416Z,sell,3.07e-05,100.34,0.003080438
NAV/BTC,1560436045248,2019-06-13T14:27:25.248Z,sell,3.08e-05,211.1,0.00650188
NAV/BTC,1560436045260,2019-06-13T14:27:25.260Z,sell,3.08e-05,0.02,6.160000000000001e-07
NAV/BTC,1560436053414,2019-06-13T14:27:33.414Z,buy,3.09e-05,36.03,0.001113327
NAV/BTC,1560436054437,2019-06-13T14:27:34.437Z,buy,3.08e-05,136.4,0.00420112
NAV/BTC,1560436054437,2019-06-13T14:27:34.437Z,buy,3.09e-05,172.5,0.00533025
NAV/BTC,1560436055350,2019-06-13T14:27:35.350Z,buy,3.09e-05,75.71,0.0023394389999999
NAV/BTC,1560436055879,2019-06-13T14:27:35.879Z,buy,3.08e-05,58.84,0.001812272
NAV/BTC,1560436057653,2019-06-13T14:27:37.653Z,sell,3.07e-05,1612.23,0.049495461
NAV/BTC,1560436057688,2019-06-13T14:27:37.688Z,buy,3.08e-05,324.61,0.009997988
NAV/BTC,1560436058073,2019-06-13T14:27:38.073Z,buy,3.08e-05,58.84,0.001812272
NAV/BTC,1560436058454,2019-06-13T14:27:38.454Z,buy,3.08e-05,227.28,0.007000224
NAV/BTC,1560436063616,2019-06-13T14:27:43.616Z,buy,3.08e-05,58.05,0.00178794
NAV/BTC,1560436065041,2019-06-13T14:27:45.041Z,buy,3.08e-05,1408.76,0.043389808
NAV/BTC,1560436065814,2019-06-13T14:27:45.814Z,buy,3.09e-05,58.05,0.0017937449999999
NAV/BTC,1560436066646,2019-06-13T14:27:46.646Z,sell,3.08e-05,48.12,0.001482096
NAV/BTC,1560436067707,2019-06-13T14:27:47.707Z,buy,3.09e-05,64.72,0.001999848
NAV/BTC,1560436083255,2019-06-13T14:28:03.255Z,sell,3.08e-05,4000.0,0.1232
NAV/BTC,1560436087592,2019-06-13T14:28:07.592Z,buy,3.09e-05,550.05,0.016996545
NAV/BTC,1560436093516,2019-06-13T14:28:13.516Z,buy,3.09e-05,83.36,0.002575824
NAV/BTC,1560436093683,2019-06-13T14:28:13.683Z,sell,3.08e-05,42.4,0.00130592
NAV/BTC,1560436095596,2019-06-13T14:28:15.596Z,buy,3.09e-05,83.36,0.002575824
NAV/BTC,1560436103033,2019-06-13T14:28:23.033Z,sell,3.08e-05,394.31,0.012144748
NAV/BTC,1560436104075,2019-06-13T14:28:24.075Z,buy,3.08e-05,548.58,0.016896264
NAV/BTC,1560436104075,2019-06-13T14:28:24.075Z,buy,3.09e-05,9627.69,0.297495621
NAV/BTC,1560436108002,2019-06-13T14:28:28.002Z,sell,3.07e-05,1837.06,0.056397742
NAV/BTC,1560436120898,2019-06-13T14:28:40.898Z,buy,3.09e-05,587.31,0.018147879
NAV/BTC,1560436123071,2019-06-13T14:28:43.071Z,buy,3.09e-05,587.31,0.018147879
NAV/BTC,1560436125228,2019-06-13T14:28:45.228Z,buy,3.09e-05,255.72,0.007901748
NAV/BTC,1560436125228,2019-06-13T14:28:45.228Z,buy,3.1e-05,331.59,0.01027929
NAV/BTC,1560436127384,2019-06-13T14:28:47.384Z,buy,3.09e-05,587.31,0.018147879
NAV/BTC,1560436130627,2019-06-13T14:28:50.627Z,sell,3.08e-05,682.59,0.021023772
NAV/BTC,1560436131150,2019-06-13T14:28:51.150Z,buy,3.09e-05,868.36,0.026832324
NAV/BTC,1560436132034,2019-06-13T14:28:52.034Z,buy,3.09e-05,6268.54,0.1936978859999999
NAV/BTC,1560436132682,2019-06-13T14:28:52.682Z,sell,3.09e-05,80.01,0.002472309
NAV/BTC,1560436133076,2019-06-13T14:28:53.076Z,buy,3.1e-05,245.17,0.00760027
NAV/BTC,1560436133989,2019-06-13T14:28:53.989Z,sell,3.09e-05,1432.1,0.0442518899999999
NAV/BTC,1560436135260,2019-06-13T14:28:55.260Z,buy,3.1e-05,245.17,0.00760027
NAV/BTC,1560436136197,2019-06-13T14:28:56.197Z,sell,3.09e-05,811.69,0.025081221
NAV/BTC,1560436138155,2019-06-13T14:28:58.155Z,sell,3.09e-05,211.8,0.00654462
NAV/BTC,1560436138487,2019-06-13T14:28:58.487Z,sell,3.09e-05,500.0,0.01545
NAV/BTC,1560436146330,2019-06-13T14:29:06.330Z,buy,3.1e-05,541.91,0.01679921
NAV/BTC,1560436147985,2019-06-13T14:29:07.985Z,buy,3.1e-05,3013.86,0.09342966
NAV/BTC,1560436148709,2019-06-13T14:29:08.709Z,buy,3.1e-05,83.36,0.00258416
NAV/BTC,1560436149739,2019-06-13T14:29:09.739Z,buy,3.1e-05,83.36,0.00258416
NAV/BTC,1560436156538,2019-06-13T14:29:16.538Z,sell,3.09e-05,372.2,0.01150098
NAV/BTC,1560436160711,2019-06-13T14:29:20.711Z,sell,3.09e-05,4351.61,0.134464749
NAV/BTC,1560436161574,2019-06-13T14:29:21.574Z,sell,3.08e-05,40.0,0.001232
NAV/BTC,1560436165705,2019-06-13T14:29:25.705Z,sell,3.08e-05,232.56,0.007162848
NAV/BTC,1560436176542,2019-06-13T14:29:36.542Z,buy,3.09e-05,226.54,0.0070000859999999
NAV/BTC,1560436187027,2019-06-13T14:29:47.027Z,buy,3.09e-05,1077.65,0.033299385
NAV/BTC,1560436187383,2019-06-13T14:29:47.383Z,sell,3.09e-05,339.66,0.010495494
NAV/BTC,1560436202793,2019-06-13T14:30:02.793Z,buy,3.09e-05,644.77,0.0199233929999999
NAV/BTC,1560436214315,2019-06-13T14:30:14.315Z,sell,3.08e-05,867.49,0.026718692
NAV/BTC,1560436218563,2019-06-13T14:30:18.563Z,buy,3.09e-05,1050.11,0.0324483989999999
NAV/BTC,1560436218563,2019-06-13T14:30:18.563Z,buy,3.1e-05,60439.42,1.87362202
NAV/BTC,1560436218651,2019-06-13T14:30:18.651Z,sell,3.1e-05,150.0,0.00465
NAV/BTC,1560436219649,2019-06-13T14:30:19.649Z,sell,3.1e-05,1000.0,0.031
NAV/BTC,1560436219790,2019-06-13T14:30:19.790Z,sell,3.1e-05,4026.47,0.12482057
NAV/BTC,1560436220523,2019-06-13T14:30:20.523Z,buy,3.09e-05,973.53,0.030082077
NAV/BTC,1560436220829,2019-06-13T14:30:20.829Z,sell,3.09e-05,696.76,0.021529884
NAV/BTC,1560436221404,2019-06-13T14:30:21.404Z,sell,3.09e-05,175.57,0.005425113
NAV/BTC,1560436225198,2019-06-13T14:30:25.198Z,buy,3.11e-05,6030.93,0.187561923
NAV/BTC,1560436225198,2019-06-13T14:30:25.198Z,buy,3.12e-05,2344.75,0.0731562
NAV/BTC,1560436225227,2019-06-13T14:30:25.227Z,sell,3.12e-05,50.67,0.001580904
NAV/BTC,1560436225230,2019-06-13T14:30:25.230Z,sell,3.12e-05,190.44,0.0059417279999999
NAV/BTC,1560436225252,2019-06-13T14:30:25.252Z,sell,3.12e-05,940.12,0.029331744
NAV/BTC,1560436225295,2019-06-13T14:30:25.295Z,sell,3.12e-05,322.51,0.010062312
NAV/BTC,1560436225440,2019-06-13T14:30:25.440Z,sell,3.12e-05,735.51,0.022947912
NAV/BTC,1560436225812,2019-06-13T14:30:25.812Z,sell,3.12e-05,1000.0,0.0312
NAV/BTC,1560436226364,2019-06-13T14:30:26.364Z,sell,3.12e-05,100.0,0.00312
NAV/BTC,1560436226688,2019-06-13T14:30:26.688Z,sell,3.12e-05,699.88,0.021836256
NAV/BTC,1560436227155,2019-06-13T14:30:27.155Z,sell,3.12e-05,57.38,0.001790256
NAV/BTC,1560436227453,2019-06-13T14:30:27.453Z,sell,3.12e-05,500.0,0.0156
NAV/BTC,1560436227598,2019-06-13T14:30:27.598Z,sell,3.12e-05,268.4,0.0083740799999999
NAV/BTC,1560436228418,2019-06-13T14:30:28.418Z,sell,3.12e-05,2005.21,0.062562552
NAV/BTC,1560436228436,2019-06-13T14:30:28.436Z,sell,3.12e-05,81.0,0.0025272
NAV/BTC,1560436228505,2019-06-13T14:30:28.505Z,sell,3.12e-05,585.19,0.018257928
NAV/BTC,1560436228758,2019-06-13T14:30:28.758Z,buy,3.13e-05,1837.06,0.057499978
NAV/BTC,1560436229819,2019-06-13T14:30:29.819Z,sell,3.12e-05,213.45,0.00665964
NAV/BTC,1560436230798,2019-06-13T14:30:30.798Z,sell,3.12e-05,41.15,0.0012838799999999
NAV/BTC,1560436236703,2019-06-13T14:30:36.703Z,buy,3.13e-05,321.66,0.010067958
NAV/BTC,1560436236945,2019-06-13T14:30:36.945Z,buy,3.13e-05,873.85,0.027351505
NAV/BTC,1560436236945,2019-06-13T14:30:36.945Z,buy,3.14e-05,183.84,0.005772576
NAV/BTC,1560436239679,2019-06-13T14:30:39.679Z,sell,3.12e-05,72.65,0.00226668
NAV/BTC,1560436246434,2019-06-13T14:30:46.434Z,buy,3.13e-05,286.06,0.008953678
NAV/BTC,1560436249806,2019-06-13T14:30:49.806Z,buy,3.13e-05,220.36,0.006897268
NAV/BTC,1560436252618,2019-06-13T14:30:52.618Z,buy,3.13e-05,86.4,0.00270432
NAV/BTC,1560436253948,2019-06-13T14:30:53.948Z,sell,3.12e-05,329.67,0.010285704
NAV/BTC,1560436254635,2019-06-13T14:30:54.635Z,buy,3.13e-05,38.29,0.001198477
NAV/BTC,1560436254825,2019-06-13T14:30:54.825Z,buy,3.13e-05,249.86,0.007820618
NAV/BTC,1560436254825,2019-06-13T14:30:54.825Z,buy,3.14e-05,27371.17,0.8594547379999998
NAV/BTC,1560436256932,2019-06-13T14:30:56.932Z,buy,3.14e-05,616.59,0.019360926
NAV/BTC,1560436257715,2019-06-13T14:30:57.715Z,buy,3.14e-05,14995.88,0.4708706319999999
NAV/BTC,1560436259363,2019-06-13T14:30:59.363Z,sell,3.14e-05,431.05,0.0135349699999999
NAV/BTC,1560436259591,2019-06-13T14:30:59.591Z,buy,3.15e-05,11873.38,0.3740114699999999
NAV/BTC,1560436259591,2019-06-13T14:30:59.591Z,sell,3.14e-05,3887.54,0.1220687559999999
NAV/BTC,1560436259985,2019-06-13T14:30:59.985Z,buy,3.15e-05,2456.93,0.077393295
NAV/BTC,1560436260271,2019-06-13T14:31:00.271Z,sell,3.14e-05,183.81,0.0057716339999999
NAV/BTC,1560436260584,2019-06-13T14:31:00.584Z,sell,3.14e-05,45.6,0.00143184
NAV/BTC,1560436261405,2019-06-13T14:31:01.405Z,sell,3.14e-05,39.25,0.00123245
NAV/BTC,1560436261459,2019-06-13T14:31:01.459Z,sell,3.14e-05,39.21,0.001231194
NAV/BTC,1560436261464,2019-06-13T14:31:01.464Z,sell,3.14e-05,46.25,0.00145225
NAV/BTC,1560436261465,2019-06-13T14:31:01.465Z,sell,3.14e-05,39.5,0.0012403
NAV/BTC,1560436261491,2019-06-13T14:31:01.491Z,sell,3.14e-05,63.18,0.001983852
NAV/BTC,1560436261499,2019-06-13T14:31:01.499Z,sell,3.14e-05,431.61,0.013552554
NAV/BTC,1560436261499,2019-06-13T14:31:01.499Z,sell,3.14e-05,53.19,0.0016701659999999
NAV/BTC,1560436261499,2019-06-13T14:31:01.499Z,sell,3.14e-05,39.21,0.001231194
NAV/BTC,1560436261506,2019-06-13T14:31:01.506Z,sell,3.14e-05,39.25,0.00123245
NAV/BTC,1560436261514,2019-06-13T14:31:01.514Z,sell,3.14e-05,39.25,0.00123245
NAV/BTC,1560436261514,2019-06-13T14:31:01.514Z,sell,3.14e-05,39.25,0.00123245
NAV/BTC,1560436261524,2019-06-13T14:31:01.524Z,sell,3.14e-05,108.5,0.0034068999999999
NAV/BTC,1560436261558,2019-06-13T14:31:01.558Z,sell,3.14e-05,39.25,0.00123245
NAV/BTC,1560436261580,2019-06-13T14:31:01.580Z,sell,3.14e-05,41.45,0.00130153
NAV/BTC,1560436261597,2019-06-13T14:31:01.597Z,sell,3.14e-05,38.03,0.001194142
NAV/BTC,1560436261610,2019-06-13T14:31:01.610Z,sell,3.14e-05,39.25,0.00123245
NAV/BTC,1560436261679,2019-06-13T14:31:01.679Z,sell,3.14e-05,87.91,0.0027603739999999
NAV/BTC,1560436261694,2019-06-13T14:31:01.694Z,sell,3.14e-05,39.25,0.00123245
NAV/BTC,1560436261800,2019-06-13T14:31:01.800Z,sell,3.14e-05,39.25,0.00123245
NAV/BTC,1560436261805,2019-06-13T14:31:01.805Z,sell,3.14e-05,39.25,0.00123245
NAV/BTC,1560436261808,2019-06-13T14:31:01.808Z,sell,3.14e-05,39.25,0.00123245
NAV/BTC,1560436261815,2019-06-13T14:31:01.815Z,sell,3.14e-05,39.21,0.001231194
NAV/BTC,1560436261822,2019-06-13T14:31:01.822Z,sell,3.14e-05,1210.0,0.037994
NAV/BTC,1560436261825,2019-06-13T14:31:01.825Z,sell,3.14e-05,39.25,0.00123245
NAV/BTC,1560436261836,2019-06-13T14:31:01.836Z,sell,3.14e-05,39.25,0.00123245
NAV/BTC,1560436261837,2019-06-13T14:31:01.837Z,sell,3.14e-05,68.25,0.0021430499999999
NAV/BTC,1560436261846,2019-06-13T14:31:01.846Z,sell,3.14e-05,39.21,0.001231194
NAV/BTC,1560436261853,2019-06-13T14:31:01.853Z,sell,3.14e-05,164.0,0.0051496
NAV/BTC,1560436261857,2019-06-13T14:31:01.857Z,sell,3.14e-05,57.75,0.0018133499999999
NAV/BTC,1560436261858,2019-06-13T14:31:01.858Z,sell,3.14e-05,39.25,0.00123245
NAV/BTC,1560436261858,2019-06-13T14:31:01.858Z,sell,3.14e-05,40.45,0.00127013
