symbol,timestamp,datetime,side,price,amount,btc_volume
NEBL/BTC,1605895220889,2020-11-20T18:00:20.889Z,buy,1.887e-05,2649.0,0.04998663
NEBL/BTC,1605895224712,2020-11-20T18:00:24.712Z,buy,1.887e-05,16.0,0.00030192
NEBL/BTC,1605895556037,2020-11-20T18:05:56.037Z,buy,1.887e-05,6.0,0.00011322
NEBL/BTC,1605896116301,2020-11-20T18:15:16.301Z,sell,1.886e-05,15.0,0.0002829
NEBL/BTC,1605896116301,2020-11-20T18:15:16.301Z,sell,1.885e-05,8.0,0.0001508
NEBL/BTC,1605896116301,2020-11-20T18:15:16.301Z,sell,1.883e-05,82.0,0.00154406
NEBL/BTC,1605896116301,2020-11-20T18:15:16.301Z,sell,1.879e-05,26.0,0.00048854
NEBL/BTC,1605896116301,2020-11-20T18:15:16.301Z,sell,1.877e-05,616.0,0.01156232
NEBL/BTC,1605896116301,2020-11-20T18:15:16.301Z,sell,1.875e-05,42.0,0.0007874999999999
NEBL/BTC,1605896116301,2020-11-20T18:15:16.301Z,sell,1.874e-05,8.0,0.00014992
NEBL/BTC,1605896116301,2020-11-20T18:15:16.301Z,sell,1.869e-05,9.0,0.00016821
NEBL/BTC,1605896116301,2020-11-20T18:15:16.301Z,sell,1.868e-05,2141.0,0.03999388
NEBL/BTC,1605896116301,2020-11-20T18:15:16.301Z,sell,1.867e-05,114.0,0.00212838
NEBL/BTC,1605896116301,2020-11-20T18:15:16.301Z,sell,1.866e-05,6.0,0.00011196
NEBL/BTC,1605896116301,2020-11-20T18:15:16.301Z,sell,1.864e-05,223.0,0.00415672
NEBL/BTC,1605896116301,2020-11-20T18:15:16.301Z,sell,1.863e-05,309.0,0.00575667
NEBL/BTC,1605896116301,2020-11-20T18:15:16.301Z,sell,1.862e-05,7.0,0.00013034
NEBL/BTC,1605896116301,2020-11-20T18:15:16.301Z,sell,1.86e-05,28.0,0.0005208
NEBL/BTC,1605896116301,2020-11-20T18:15:16.301Z,sell,1.859e-05,89.0,0.00165451
NEBL/BTC,1605896116301,2020-11-20T18:15:16.301Z,sell,1.858e-05,7.0,0.00013006
NEBL/BTC,1605896116301,2020-11-20T18:15:16.301Z,sell,1.857e-05,430.0,0.0079851
NEBL/BTC,1605896116301,2020-11-20T18:15:16.301Z,sell,1.853e-05,54.0,0.00100062
NEBL/BTC,1605896116301,2020-11-20T18:15:16.301Z,sell,1.851e-05,864.0,0.01599264
NEBL/BTC,1605896116301,2020-11-20T18:15:16.301Z,sell,1.849e-05,206.0,0.00380894
NEBL/BTC,1605896123091,2020-11-20T18:15:23.091Z,sell,1.855e-05,8.0,0.0001484
NEBL/BTC,1605896136961,2020-11-20T18:15:36.961Z,buy,1.872e-05,37.0,0.00069264
NEBL/BTC,1605896415792,2020-11-20T18:20:15.792Z,buy,1.884e-05,135.0,0.0025434
NEBL/BTC,1605896540541,2020-11-20T18:22:20.541Z,buy,1.884e-05,2.0,3.768e-05
NEBL/BTC,1605896624391,2020-11-20T18:23:44.391Z,buy,1.884e-05,16.0,0.00030144
NEBL/BTC,1605896654632,2020-11-20T18:24:14.632Z,sell,1.877e-05,500.0,0.009385
NEBL/BTC,1605896733167,2020-11-20T18:25:33.167Z,sell,1.877e-05,462.0,0.00867174
NEBL/BTC,1605896991165,2020-11-20T18:29:51.165Z,sell,1.877e-05,516.0,0.00968532
NEBL/BTC,1605897106094,2020-11-20T18:31:46.094Z,sell,1.877e-05,103.0,0.00193331
NEBL/BTC,1605897118144,2020-11-20T18:31:58.144Z,sell,1.877e-05,40.0,0.0007508
NEBL/BTC,1605897144726,2020-11-20T18:32:24.726Z,sell,1.877e-05,542.0,0.01017334
NEBL/BTC,1605897220161,2020-11-20T18:33:40.161Z,sell,1.867e-05,340.0,0.0063478
NEBL/BTC,1605897220174,2020-11-20T18:33:40.174Z,buy,1.867e-05,218.0,0.0040700599999999
NEBL/BTC,1605897220179,2020-11-20T18:33:40.179Z,buy,1.867e-05,219.0,0.00408873
NEBL/BTC,1605897277255,2020-11-20T18:34:37.255Z,buy,1.877e-05,16.0,0.00030032
NEBL/BTC,1605897282771,2020-11-20T18:34:42.771Z,buy,1.876e-05,2.0,3.752e-05
NEBL/BTC,1605897308335,2020-11-20T18:35:08.335Z,buy,1.875e-05,159.0,0.0029812499999999
NEBL/BTC,1605897385586,2020-11-20T18:36:25.586Z,buy,1.879e-05,2.0,3.758e-05
NEBL/BTC,1605897452696,2020-11-20T18:37:32.696Z,buy,1.879e-05,1056.0,0.01984224
NEBL/BTC,1605897831877,2020-11-20T18:43:51.877Z,buy,1.884e-05,89.0,0.00167676
NEBL/BTC,1605897833946,2020-11-20T18:43:53.946Z,buy,1.885e-05,6.0,0.0001131
NEBL/BTC,1605897834803,2020-11-20T18:43:54.803Z,sell,1.886e-05,52.0,0.00098072
NEBL/BTC,1605897946264,2020-11-20T18:45:46.264Z,sell,1.884e-05,327.0,0.00616068
NEBL/BTC,1605897985938,2020-11-20T18:46:25.938Z,sell,1.878e-05,6.0,0.00011268
NEBL/BTC,1605898013355,2020-11-20T18:46:53.355Z,buy,1.88e-05,37.0,0.0006956
NEBL/BTC,1605898653279,2020-11-20T18:57:33.279Z,sell,1.877e-05,795.0,0.01492215
NEBL/BTC,1605898695737,2020-11-20T18:58:15.737Z,sell,1.877e-05,54.0,0.00101358
NEBL/BTC,1605898715497,2020-11-20T18:58:35.497Z,sell,1.877e-05,14.0,0.00026278
NEBL/BTC,1605898752021,2020-11-20T18:59:12.021Z,sell,1.877e-05,311.0,0.00583747
NEBL/BTC,1605898756628,2020-11-20T18:59:16.628Z,buy,1.881e-05,2.0,3.762e-05
NEBL/BTC,1605898756628,2020-11-20T18:59:16.628Z,buy,1.881e-05,2.0,3.762e-05
NEBL/BTC,1605898817837,2020-11-20T19:00:17.837Z,sell,1.875e-05,42.0,0.0007874999999999
NEBL/BTC,1605898941662,2020-11-20T19:02:21.662Z,sell,1.864e-05,51.0,0.00095064
NEBL/BTC,1605898941662,2020-11-20T19:02:21.662Z,sell,1.855e-05,160.0,0.002968
NEBL/BTC,1605898941662,2020-11-20T19:02:21.662Z,sell,1.854e-05,386.0,0.0071564399999999
NEBL/BTC,1605899064588,2020-11-20T19:04:24.588Z,buy,1.868e-05,53.0,0.00099004
NEBL/BTC,1605899162154,2020-11-20T19:06:02.154Z,buy,1.866e-05,249.0,0.00464634
NEBL/BTC,1605899162154,2020-11-20T19:06:02.154Z,buy,1.867e-05,386.0,0.0072066199999999
NEBL/BTC,1605899165743,2020-11-20T19:06:05.743Z,buy,1.873e-05,887.0,0.0166135099999999
NEBL/BTC,1605899187205,2020-11-20T19:06:27.205Z,buy,1.875e-05,13.0,0.00024375
NEBL/BTC,1605899441390,2020-11-20T19:10:41.390Z,buy,1.875e-05,14.0,0.0002625
NEBL/BTC,1605899551741,2020-11-20T19:12:31.741Z,sell,1.874e-05,150.0,0.002811
NEBL/BTC,1605899999303,2020-11-20T19:19:59.303Z,buy,1.874e-05,9.0,0.00016866
NEBL/BTC,1605900295769,2020-11-20T19:24:55.769Z,buy,1.874e-05,77.0,0.00144298
NEBL/BTC,1605900295769,2020-11-20T19:24:55.769Z,buy,1.876e-05,23.0,0.00043148
NEBL/BTC,1605900524149,2020-11-20T19:28:44.149Z,sell,1.862e-05,143.0,0.00266266
NEBL/BTC,1605900524149,2020-11-20T19:28:44.149Z,sell,1.853e-05,12.0,0.00022236
NEBL/BTC,1605900524149,2020-11-20T19:28:44.149Z,sell,1.851e-05,228.0,0.00422028
NEBL/BTC,1605900524149,2020-11-20T19:28:44.149Z,sell,1.849e-05,189.0,0.00349461
NEBL/BTC,1605900530125,2020-11-20T19:28:50.125Z,sell,1.852e-05,399.0,0.0073894799999999
NEBL/BTC,1605900637589,2020-11-20T19:30:37.589Z,buy,1.875e-05,133.0,0.00249375
NEBL/BTC,1605901007436,2020-11-20T19:36:47.436Z,buy,1.885e-05,2.0,3.77e-05
NEBL/BTC,1605902172517,2020-11-20T19:56:12.517Z,buy,1.876e-05,2.0,3.752e-05
NEBL/BTC,1605902313617,2020-11-20T19:58:33.617Z,buy,1.864e-05,202.0,0.00376528
NEBL/BTC,1605902313617,2020-11-20T19:58:33.617Z,buy,1.864e-05,202.0,0.00376528
NEBL/BTC,1605902442729,2020-11-20T20:00:42.729Z,sell,1.869e-05,1501.0,0.02805369
NEBL/BTC,1605902717263,2020-11-20T20:05:17.263Z,sell,1.87e-05,202.0,0.0037774
NEBL/BTC,1605902954791,2020-11-20T20:09:14.791Z,sell,1.87e-05,6.0,0.0001122
NEBL/BTC,1605903224427,2020-11-20T20:13:44.427Z,sell,1.864e-05,6.0,0.00011184
NEBL/BTC,1605903224427,2020-11-20T20:13:44.427Z,sell,1.863e-05,21.0,0.00039123
NEBL/BTC,1605903455651,2020-11-20T20:17:35.651Z,buy,1.864e-05,22.0,0.00041008
NEBL/BTC,1605903547718,2020-11-20T20:19:07.718Z,buy,1.863e-05,38.0,0.00070794
NEBL/BTC,1605903987740,2020-11-20T20:26:27.740Z,buy,1.854e-05,36.0,0.0006674399999999
NEBL/BTC,1605903987781,2020-11-20T20:26:27.781Z,buy,1.854e-05,36.0,0.0006674399999999
NEBL/BTC,1605903987831,2020-11-20T20:26:27.831Z,sell,1.853e-05,10.0,0.0001853
NEBL/BTC,1605903987831,2020-11-20T20:26:27.831Z,sell,1.849e-05,25.0,0.00046225
NEBL/BTC,1605903996005,2020-11-20T20:26:36.005Z,buy,1.854e-05,804.0,0.0149061599999999
NEBL/BTC,1605904025754,2020-11-20T20:27:05.754Z,sell,1.854e-05,14.0,0.00025956
NEBL/BTC,1605904188751,2020-11-20T20:29:48.751Z,buy,1.855e-05,131.0,0.00243005
NEBL/BTC,1605904246309,2020-11-20T20:30:46.309Z,buy,1.855e-05,358.0,0.0066409
NEBL/BTC,1605904383435,2020-11-20T20:33:03.435Z,buy,1.855e-05,507.0,0.00940485
NEBL/BTC,1605904738257,2020-11-20T20:38:58.257Z,buy,1.855e-05,197.0,0.00365435
NEBL/BTC,1605905453039,2020-11-20T20:50:53.039Z,buy,1.871e-05,17.0,0.00031807
NEBL/BTC,1605905453039,2020-11-20T20:50:53.039Z,buy,1.871e-05,17.0,0.00031807
NEBL/BTC,1605906427963,2020-11-20T21:07:07.963Z,sell,1.855e-05,10.0,0.0001855
NEBL/BTC,1605906766639,2020-11-20T21:12:46.639Z,buy,1.856e-05,1452.0,0.0269491199999999
NEBL/BTC,1605906768413,2020-11-20T21:12:48.413Z,buy,1.857e-05,234.0,0.00434538
NEBL/BTC,1605906780956,2020-11-20T21:13:00.956Z,buy,1.869e-05,5176.0,0.09673944
NEBL/BTC,1605906780956,2020-11-20T21:13:00.956Z,buy,1.87e-05,78.0,0.0014586
NEBL/BTC,1605906780956,2020-11-20T21:13:00.956Z,buy,1.873e-05,3898.0,0.07300954
NEBL/BTC,1605906883027,2020-11-20T21:14:43.027Z,buy,1.873e-05,535.0,0.01002055
NEBL/BTC,1605906883027,2020-11-20T21:14:43.027Z,buy,1.88e-05,229.0,0.0043051999999999
NEBL/BTC,1605906883027,2020-11-20T21:14:43.027Z,buy,1.881e-05,1274.0,0.02396394
NEBL/BTC,1605906883027,2020-11-20T21:14:43.027Z,buy,1.882e-05,1769.0,0.03329258
NEBL/BTC,1605907308070,2020-11-20T21:21:48.070Z,sell,1.866e-05,506.0,0.00944196
NEBL/BTC,1605907725151,2020-11-20T21:28:45.151Z,buy,1.881e-05,50.0,0.0009405
NEBL/BTC,1605907927777,2020-11-20T21:32:07.777Z,buy,1.881e-05,6.0,0.00011286
NEBL/BTC,1605907927777,2020-11-20T21:32:07.777Z,buy,1.885e-05,14.0,0.0002639
NEBL/BTC,1605907927777,2020-11-20T21:32:07.777Z,buy,1.888e-05,306.0,0.0057772799999999
NEBL/BTC,1605907927777,2020-11-20T21:32:07.777Z,buy,1.889e-05,4223.0,0.07977247
NEBL/BTC,1605907927791,2020-11-20T21:32:07.791Z,sell,1.889e-05,42.0,0.00079338
NEBL/BTC,1605907927792,2020-11-20T21:32:07.792Z,sell,1.889e-05,791.0,0.01494199
NEBL/BTC,1605907927877,2020-11-20T21:32:07.877Z,sell,1.889e-05,538.0,0.01016282
NEBL/BTC,1605907928299,2020-11-20T21:32:08.299Z,sell,1.889e-05,97.0,0.00183233
NEBL/BTC,1605907928420,2020-11-20T21:32:08.420Z,sell,1.889e-05,563.0,0.01063507
NEBL/BTC,1605907928420,2020-11-20T21:32:08.420Z,sell,1.889e-05,601.0,0.01135289
NEBL/BTC,1605907993510,2020-11-20T21:33:13.510Z,sell,1.875e-05,93.0,0.0017437499999999
NEBL/BTC,1605908086285,2020-11-20T21:34:46.285Z,buy,1.887e-05,110.0,0.0020757
NEBL/BTC,1605908124257,2020-11-20T21:35:24.257Z,buy,1.887e-05,108.0,0.00203796
NEBL/BTC,1605908158411,2020-11-20T21:35:58.411Z,buy,1.888e-05,77.0,0.00145376
NEBL/BTC,1605908374038,2020-11-20T21:39:34.038Z,sell,1.874e-05,354.0,0.00663396
NEBL/BTC,1605908588787,2020-11-20T21:43:08.787Z,buy,1.883e-05,16.0,0.00030128
NEBL/BTC,1605908588787,2020-11-20T21:43:08.787Z,buy,1.884e-05,354.0,0.00666936
NEBL/BTC,1605908588787,2020-11-20T21:43:08.787Z,buy,1.885e-05,901.0,0.01698385
NEBL/BTC,1605908588787,2020-11-20T21:43:08.787Z,buy,1.888e-05,1555.0,0.0293584
NEBL/BTC,1605908588787,2020-11-20T21:43:08.787Z,buy,1.889e-05,5632.0,0.10638848
NEBL/BTC,1605908588787,2020-11-20T21:43:08.787Z,buy,1.89e-05,3582.0,0.0676997999999999
NEBL/BTC,1605908588787,2020-11-20T21:43:08.787Z,buy,1.893e-05,814.0,0.01540902
NEBL/BTC,1605908589966,2020-11-20T21:43:09.966Z,sell,1.893e-05,702.0,0.01328886
NEBL/BTC,1605908618374,2020-11-20T21:43:38.374Z,sell,1.893e-05,647.0,0.01224771
NEBL/BTC,1605908719219,2020-11-20T21:45:19.219Z,sell,1.884e-05,53.0,0.00099852
NEBL/BTC,1605908743241,2020-11-20T21:45:43.241Z,buy,1.898e-05,99.0,0.00187902
NEBL/BTC,1605908746304,2020-11-20T21:45:46.304Z,buy,1.9e-05,623.0,0.011837
NEBL/BTC,1605908755549,2020-11-20T21:45:55.549Z,buy,1.901e-05,452.0,0.00859252
NEBL/BTC,1605908764976,2020-11-20T21:46:04.976Z,buy,1.901e-05,679.0,0.0129077899999999
NEBL/BTC,1605908789691,2020-11-20T21:46:29.691Z,buy,1.901e-05,49.0,0.00093149
NEBL/BTC,1605908789691,2020-11-20T21:46:29.691Z,buy,1.902e-05,597.0,0.01135494
NEBL/BTC,1605908789839,2020-11-20T21:46:29.839Z,sell,1.902e-05,534.0,0.01015668
NEBL/BTC,1605908804330,2020-11-20T21:46:44.330Z,buy,1.903e-05,372.0,0.0070791599999999
NEBL/BTC,1605908809912,2020-11-20T21:46:49.912Z,sell,1.902e-05,529.0,0.01006158
NEBL/BTC,1605908815507,2020-11-20T21:46:55.507Z,sell,1.902e-05,56.0,0.00106512
NEBL/BTC,1605908826819,2020-11-20T21:47:06.819Z,sell,1.887e-05,133.0,0.00250971
NEBL/BTC,1605908832558,2020-11-20T21:47:12.558Z,sell,1.887e-05,375.0,0.00707625
NEBL/BTC,1605908832558,2020-11-20T21:47:12.558Z,sell,1.887e-05,375.0,0.00707625
NEBL/BTC,1605909087206,2020-11-20T21:51:27.206Z,buy,1.887e-05,512.0,0.00966144
NEBL/BTC,1605909087206,2020-11-20T21:51:27.206Z,buy,1.894e-05,508.0,0.00962152
NEBL/BTC,1605909087206,2020-11-20T21:51:27.206Z,buy,1.895e-05,1343.0,0.02544985
NEBL/BTC,1605910463404,2020-11-20T22:14:23.404Z,buy,1.895e-05,96.0,0.0018192
NEBL/BTC,1605910543018,2020-11-20T22:15:43.018Z,buy,1.895e-05,8.0,0.0001516
NEBL/BTC,1605910861907,2020-11-20T22:21:01.907Z,buy,1.895e-05,2.0,3.79e-05
NEBL/BTC,1605910964434,2020-11-20T22:22:44.434Z,sell,1.89e-05,234.0,0.0044226
NEBL/BTC,1605912092307,2020-11-20T22:41:32.307Z,buy,1.894e-05,2.0,3.788e-05
NEBL/BTC,1605912092307,2020-11-20T22:41:32.307Z,buy,1.894e-05,2.0,3.788e-05
NEBL/BTC,1605912805729,2020-11-20T22:53:25.729Z,sell,1.88e-05,35.0,0.000658
NEBL/BTC,1605912805729,2020-11-20T22:53:25.729Z,sell,1.874e-05,528.0,0.00989472
NEBL/BTC,1605912805729,2020-11-20T22:53:25.729Z,sell,1.872e-05,39.0,0.00073008
NEBL/BTC,1605912805729,2020-11-20T22:53:25.729Z,sell,1.871e-05,1433.0,0.0268114299999999
NEBL/BTC,1605912805729,2020-11-20T22:53:25.729Z,sell,1.868e-05,4256.0,0.07950208
NEBL/BTC,1605912805729,2020-11-20T22:53:25.729Z,sell,1.867e-05,942.0,0.0175871399999999
NEBL/BTC,1605913341594,2020-11-20T23:02:21.594Z,buy,1.885e-05,8.0,0.0001508
NEBL/BTC,1605913544940,2020-11-20T23:05:44.940Z,sell,1.872e-05,165.0,0.0030888
NEBL/BTC,1605913544940,2020-11-20T23:05:44.940Z,sell,1.869e-05,157.0,0.0029343299999999
NEBL/BTC,1605913666762,2020-11-20T23:07:46.762Z,sell,1.87e-05,1341.0,0.0250767
NEBL/BTC,1605913666762,2020-11-20T23:07:46.762Z,sell,1.869e-05,800.0,0.014952
NEBL/BTC,1605915656547,2020-11-20T23:40:56.547Z,sell,1.869e-05,8.0,0.00014952
NEBL/BTC,1605915656547,2020-11-20T23:40:56.547Z,sell,1.869e-05,8.0,0.00014952
NEBL/BTC,1605915796192,2020-11-20T23:43:16.192Z,buy,1.887e-05,632.0,0.01192584
NEBL/BTC,1605915796192,2020-11-20T23:43:16.192Z,buy,1.891e-05,4794.0,0.09065454
NEBL/BTC,1605915968830,2020-11-20T23:46:08.830Z,sell,1.891e-05,6.0,0.00011346
NEBL/BTC,1605916517554,2020-11-20T23:55:17.554Z,buy,1.896e-05,7.0,0.00013272
NEBL/BTC,1605916517554,2020-11-20T23:55:17.554Z,buy,1.897e-05,39.0,0.00073983
NEBL/BTC,1605916517554,2020-11-20T23:55:17.554Z,buy,1.898e-05,377.0,0.00715546
NEBL/BTC,1605916529402,2020-11-20T23:55:29.402Z,sell,1.895e-05,12.0,0.0002274
NEBL/BTC,1605916529402,2020-11-20T23:55:29.402Z,sell,1.891e-05,188.0,0.00355508
NEBL/BTC,1605916919084,2020-11-21T00:01:59.084Z,sell,1.891e-05,8.0,0.00015128
NEBL/BTC,1605917386838,2020-11-21T00:09:46.838Z,buy,1.897e-05,62.0,0.00117614
NEBL/BTC,1605917408926,2020-11-21T00:10:08.926Z,sell,1.904e-05,6.0,0.00011424
NEBL/BTC,1605917437337,2020-11-21T00:10:37.337Z,buy,1.906e-05,16.0,0.00030496
NEBL/BTC,1605918400769,2020-11-21T00:26:40.769Z,sell,1.899e-05,50.0,0.0009494999999999
NEBL/BTC,1605918400769,2020-11-21T00:26:40.769Z,sell,1.899e-05,50.0,0.0009494999999999
NEBL/BTC,1605919467007,2020-11-21T00:44:27.007Z,sell,1.899e-05,10.0,0.0001899
NEBL/BTC,1605920046674,2020-11-21T00:54:06.674Z,buy,1.9e-05,99.0,0.001881
NEBL/BTC,1605920154187,2020-11-21T00:55:54.187Z,sell,1.899e-05,40.0,0.0007596
NEBL/BTC,1605920173272,2020-11-21T00:56:13.272Z,buy,1.896e-05,10.0,0.0001896
NEBL/BTC,1605920173272,2020-11-21T00:56:13.272Z,buy,1.897e-05,488.0,0.00925736
NEBL/BTC,1605920412815,2020-11-21T01:00:12.815Z,sell,1.897e-05,62.0,0.00117614
NEBL/BTC,1605920419596,2020-11-21T01:00:19.596Z,sell,1.897e-05,27.0,0.00051219
NEBL/BTC,1605920468650,2020-11-21T01:01:08.650Z,buy,1.893e-05,6.0,0.00011358
NEBL/BTC,1605920468650,2020-11-21T01:01:08.650Z,sell,1.891e-05,42.0,0.00079422
NEBL/BTC,1605920472878,2020-11-21T01:01:12.878Z,buy,1.886e-05,2.0,3.772e-05
NEBL/BTC,1605920503327,2020-11-21T01:01:43.327Z,buy,1.886e-05,15.0,0.0002829
NEBL/BTC,1605920503327,2020-11-21T01:01:43.327Z,buy,1.892e-05,502.0,0.0094978399999999
NEBL/BTC,1605920503327,2020-11-21T01:01:43.327Z,buy,1.893e-05,244.0,0.00461892
NEBL/BTC,1605920503327,2020-11-21T01:01:43.327Z,buy,1.894e-05,586.0,0.01109884
NEBL/BTC,1605920503327,2020-11-21T01:01:43.327Z,buy,1.896e-05,3597.0,0.06819912
NEBL/BTC,1605920515368,2020-11-21T01:01:55.368Z,sell,1.897e-05,212.0,0.00402164
NEBL/BTC,1605920520802,2020-11-21T01:02:00.802Z,sell,1.897e-05,1376.0,0.02610272
NEBL/BTC,1605920674757,2020-11-21T01:04:34.757Z,buy,1.892e-05,672.0,0.0127142399999999
NEBL/BTC,1605920701038,2020-11-21T01:05:01.038Z,sell,1.893e-05,609.0,0.01152837
NEBL/BTC,1605921961745,2020-11-21T01:26:01.745Z,buy,1.9e-05,50.0,0.00095
NEBL/BTC,1605921961745,2020-11-21T01:26:01.745Z,buy,1.9e-05,50.0,0.00095
NEBL/BTC,1605922401289,2020-11-21T01:33:21.289Z,sell,1.894e-05,14.0,0.00026516
NEBL/BTC,1605922441362,2020-11-21T01:34:01.362Z,sell,1.894e-05,197.0,0.00373118
NEBL/BTC,1605923935236,2020-11-21T01:58:55.236Z,sell,1.885e-05,6.0,0.0001131
NEBL/BTC,1605923948905,2020-11-21T01:59:08.905Z,buy,1.885e-05,6.0,0.0001131
NEBL/BTC,1605924165893,2020-11-21T02:02:45.893Z,sell,1.885e-05,8.0,0.0001508
NEBL/BTC,1605924165893,2020-11-21T02:02:45.893Z,sell,1.879e-05,8.0,0.00015032
NEBL/BTC,1605924165893,2020-11-21T02:02:45.893Z,sell,1.877e-05,254.0,0.00476758
NEBL/BTC,1605924165893,2020-11-21T02:02:45.893Z,sell,1.885e-05,8.0,0.0001508
NEBL/BTC,1605924165893,2020-11-21T02:02:45.893Z,sell,1.879e-05,8.0,0.00015032
NEBL/BTC,1605924165893,2020-11-21T02:02:45.893Z,sell,1.877e-05,254.0,0.00476758
NEBL/BTC,1605925837812,2020-11-21T02:30:37.812Z,sell,1.877e-05,6.0,0.00011262
NEBL/BTC,1605925867252,2020-11-21T02:31:07.252Z,sell,1.874e-05,439.0,0.00822686
NEBL/BTC,1605925877068,2020-11-21T02:31:17.068Z,sell,1.873e-05,329.0,0.00616217
NEBL/BTC,1605925885683,2020-11-21T02:31:25.683Z,sell,1.873e-05,387.0,0.00724851
NEBL/BTC,1605926086046,2020-11-21T02:34:46.046Z,sell,1.873e-05,20.0,0.0003746
NEBL/BTC,1605926963889,2020-11-21T02:49:23.889Z,buy,1.888e-05,85.0,0.0016048
NEBL/BTC,1605927047606,2020-11-21T02:50:47.606Z,sell,1.871e-05,84.0,0.0015716399999999
NEBL/BTC,1605927694627,2020-11-21T03:01:34.627Z,buy,1.885e-05,601.0,0.01132885
NEBL/BTC,1605927694627,2020-11-21T03:01:34.627Z,buy,1.886e-05,555.0,0.0104672999999999
NEBL/BTC,1605927694627,2020-11-21T03:01:34.627Z,buy,1.887e-05,1871.0,0.03530577
NEBL/BTC,1605927694627,2020-11-21T03:01:34.627Z,buy,1.885e-05,601.0,0.01132885
NEBL/BTC,1605927694627,2020-11-21T03:01:34.627Z,buy,1.886e-05,555.0,0.0104672999999999
NEBL/BTC,1605927694627,2020-11-21T03:01:34.627Z,buy,1.887e-05,1871.0,0.03530577
NEBL/BTC,1605928852696,2020-11-21T03:20:52.696Z,buy,1.886e-05,6.0,0.00011316
NEBL/BTC,1605930227320,2020-11-21T03:43:47.320Z,buy,1.887e-05,14.0,0.00026418
NEBL/BTC,1605930227320,2020-11-21T03:43:47.320Z,buy,1.889e-05,150.0,0.0028335
NEBL/BTC,1605930247647,2020-11-21T03:44:07.647Z,buy,1.891e-05,417.0,0.00788547
NEBL/BTC,1605930309952,2020-11-21T03:45:09.952Z,sell,1.875e-05,7.0,0.00013125
NEBL/BTC,1605930309952,2020-11-21T03:45:09.952Z,sell,1.874e-05,156.0,0.00292344
NEBL/BTC,1605931222854,2020-11-21T04:00:22.854Z,buy,1.887e-05,7.0,0.00013209
NEBL/BTC,1605931222854,2020-11-21T04:00:22.854Z,buy,1.89e-05,37.0,0.0006992999999999
NEBL/BTC,1605931222854,2020-11-21T04:00:22.854Z,buy,1.887e-05,7.0,0.00013209
NEBL/BTC,1605931222854,2020-11-21T04:00:22.854Z,buy,1.89e-05,37.0,0.0006992999999999
NEBL/BTC,1605931408706,2020-11-21T04:03:28.706Z,buy,1.89e-05,54.0,0.0010206
NEBL/BTC,1605933491625,2020-11-21T04:38:11.625Z,buy,1.885e-05,38.0,0.0007163
NEBL/BTC,1605933728843,2020-11-21T04:42:08.843Z,buy,1.885e-05,27.0,0.00050895
NEBL/BTC,1605933765802,2020-11-21T04:42:45.802Z,buy,1.888e-05,8.0,0.00015104
NEBL/BTC,1605933818577,2020-11-21T04:43:38.577Z,buy,1.888e-05,238.0,0.00449344
NEBL/BTC,1605933818577,2020-11-21T04:43:38.577Z,buy,1.888e-05,238.0,0.00449344
NEBL/BTC,1605935874566,2020-11-21T05:17:54.566Z,sell,1.88e-05,322.0,0.0060536
NEBL/BTC,1605935874566,2020-11-21T05:17:54.566Z,sell,1.879e-05,213.0,0.00400227
NEBL/BTC,1605935874566,2020-11-21T05:17:54.566Z,sell,1.875e-05,223.0,0.0041812499999999
NEBL/BTC,1605935874566,2020-11-21T05:17:54.566Z,sell,1.874e-05,616.0,0.01154384
NEBL/BTC,1605935874589,2020-11-21T05:17:54.589Z,sell,1.872e-05,49.0,0.00091728
NEBL/BTC,1605935874613,2020-11-21T05:17:54.613Z,sell,1.872e-05,24.0,0.00044928
NEBL/BTC,1605935874630,2020-11-21T05:17:54.630Z,sell,1.872e-05,22.0,0.00041184
NEBL/BTC,1605935874644,2020-11-21T05:17:54.644Z,sell,1.872e-05,22.0,0.00041184
NEBL/BTC,1605935874653,2020-11-21T05:17:54.653Z,sell,1.872e-05,14.0,0.00026208
NEBL/BTC,1605935874667,2020-11-21T05:17:54.667Z,sell,1.872e-05,14.0,0.00026208
NEBL/BTC,1605935874685,2020-11-21T05:17:54.685Z,sell,1.872e-05,1282.0,0.02399904
NEBL/BTC,1605935874685,2020-11-21T05:17:54.685Z,sell,1.871e-05,50.0,0.0009354999999999
NEBL/BTC,1605935874752,2020-11-21T05:17:54.752Z,sell,1.873e-05,14.0,0.0002622199999999
NEBL/BTC,1605935876892,2020-11-21T05:17:56.892Z,sell,1.871e-05,535.0,0.0100098499999999
NEBL/BTC,1605935877312,2020-11-21T05:17:57.312Z,sell,1.871e-05,232.0,0.0043407199999999
NEBL/BTC,1605935879910,2020-11-21T05:17:59.910Z,sell,1.871e-05,2449.0,0.04582079
NEBL/BTC,1605935880013,2020-11-21T05:18:00.013Z,sell,1.871e-05,2726.0,0.0510034599999999
NEBL/BTC,1605935880119,2020-11-21T05:18:00.119Z,sell,1.871e-05,1325.0,0.0247907499999999
NEBL/BTC,1605935881285,2020-11-21T05:18:01.285Z,buy,1.878e-05,284.0,0.00533352
NEBL/BTC,1605935881285,2020-11-21T05:18:01.285Z,buy,1.878e-05,284.0,0.00533352
NEBL/BTC,1605939277719,2020-11-21T06:14:37.719Z,buy,1.886e-05,102.0,0.0019237199999999
NEBL/BTC,1605939277719,2020-11-21T06:14:37.719Z,buy,1.89e-05,29.0,0.0005480999999999
NEBL/BTC,1605939277719,2020-11-21T06:14:37.719Z,buy,1.891e-05,224.0,0.00423584
NEBL/BTC,1605939277719,2020-11-21T06:14:37.719Z,buy,1.892e-05,1284.0,0.0242932799999999
NEBL/BTC,1605939277719,2020-11-21T06:14:37.719Z,buy,1.894e-05,21.0,0.00039774
NEBL/BTC,1605939296576,2020-11-21T06:14:56.576Z,buy,1.894e-05,406.0,0.00768964
NEBL/BTC,1605939310323,2020-11-21T06:15:10.323Z,buy,1.895e-05,131.0,0.0024824499999999
NEBL/BTC,1605939310323,2020-11-21T06:15:10.323Z,buy,1.895e-05,131.0,0.0024824499999999
NEBL/BTC,1605939816010,2020-11-21T06:23:36.010Z,sell,1.878e-05,20.0,0.0003756
NEBL/BTC,1605939816010,2020-11-21T06:23:36.010Z,sell,1.876e-05,621.0,0.01164996
NEBL/BTC,1605939816010,2020-11-21T06:23:36.010Z,sell,1.875e-05,848.0,0.0158999999999999
NEBL/BTC,1605939816010,2020-11-21T06:23:36.010Z,sell,1.874e-05,1266.0,0.02372484
NEBL/BTC,1605939816010,2020-11-21T06:23:36.010Z,sell,1.873e-05,4188.0,0.07844124
NEBL/BTC,1605939890048,2020-11-21T06:24:50.048Z,buy,1.89e-05,7.0,0.0001323
NEBL/BTC,1605939890048,2020-11-21T06:24:50.048Z,buy,1.893e-05,522.0,0.00988146
NEBL/BTC,1605939890048,2020-11-21T06:24:50.048Z,buy,1.894e-05,19.0,0.00035986
NEBL/BTC,1605940092250,2020-11-21T06:28:12.250Z,buy,1.895e-05,20.0,0.000379
NEBL/BTC,1605940166662,2020-11-21T06:29:26.662Z,buy,1.895e-05,56.0,0.0010612
NEBL/BTC,1605940280514,2020-11-21T06:31:20.514Z,buy,1.896e-05,23.0,0.00043608
NEBL/BTC,1605940588477,2020-11-21T06:36:28.477Z,buy,1.894e-05,7.0,0.00013258
NEBL/BTC,1605940594215,2020-11-21T06:36:34.215Z,buy,1.896e-05,7.0,0.00013272
NEBL/BTC,1605940684948,2020-11-21T06:38:04.948Z,buy,1.906e-05,7.0,0.00013342
NEBL/BTC,1605941032680,2020-11-21T06:43:52.680Z,buy,1.906e-05,6.0,0.00011436
NEBL/BTC,1605941329032,2020-11-21T06:48:49.032Z,buy,1.906e-05,6.0,0.00011436
NEBL/BTC,1605941357196,2020-11-21T06:49:17.196Z,buy,1.911e-05,10.0,0.0001911
NEBL/BTC,1605941907254,2020-11-21T06:58:27.254Z,sell,1.894e-05,60.0,0.0011364
NEBL/BTC,1605941907254,2020-11-21T06:58:27.254Z,sell,1.894e-05,60.0,0.0011364
NEBL/BTC,1605943606532,2020-11-21T07:26:46.532Z,sell,1.896e-05,110.0,0.0020856
NEBL/BTC,1605944245882,2020-11-21T07:37:25.882Z,buy,1.909e-05,37.0,0.0007063299999999
NEBL/BTC,1605944262363,2020-11-21T07:37:42.363Z,sell,1.895e-05,222.0,0.0042068999999999
NEBL/BTC,1605944262363,2020-11-21T07:37:42.363Z,sell,1.895e-05,222.0,0.0042068999999999
NEBL/BTC,1605946375884,2020-11-21T08:12:55.884Z,buy,1.907e-05,355.0,0.0067698499999999
NEBL/BTC,1605947275833,2020-11-21T08:27:55.833Z,buy,1.907e-05,6.0,0.0001144199999999
NEBL/BTC,1605947275833,2020-11-21T08:27:55.833Z,buy,1.911e-05,50.0,0.0009555
NEBL/BTC,1605947275833,2020-11-21T08:27:55.833Z,buy,1.914e-05,232.0,0.00444048
NEBL/BTC,1605947467544,2020-11-21T08:31:07.544Z,sell,1.903e-05,6.0,0.00011418
NEBL/BTC,1605947568905,2020-11-21T08:32:48.905Z,buy,1.913e-05,15.0,0.00028695
NEBL/BTC,1605947568905,2020-11-21T08:32:48.905Z,buy,1.913e-05,15.0,0.00028695
NEBL/BTC,1605947944170,2020-11-21T08:39:04.170Z,sell,1.912e-05,12.0,0.00022944
NEBL/BTC,1605947970667,2020-11-21T08:39:30.667Z,buy,1.913e-05,12.0,0.00022956
NEBL/BTC,1605947998816,2020-11-21T08:39:58.816Z,buy,1.913e-05,187.0,0.00357731
NEBL/BTC,1605947998824,2020-11-21T08:39:58.824Z,sell,1.913e-05,156.0,0.00298428
NEBL/BTC,1605948000580,2020-11-21T08:40:00.580Z,buy,1.914e-05,162.0,0.0031006799999999
NEBL/BTC,1605948222571,2020-11-21T08:43:42.571Z,buy,1.915e-05,56.0,0.0010724
NEBL/BTC,1605948381861,2020-11-21T08:46:21.861Z,buy,1.913e-05,13.0,0.00024869
NEBL/BTC,1605948381861,2020-11-21T08:46:21.861Z,buy,1.915e-05,44.0,0.0008426
NEBL/BTC,1605948555369,2020-11-21T08:49:15.369Z,sell,1.919e-05,182.0,0.00349258
NEBL/BTC,1605948555369,2020-11-21T08:49:15.369Z,sell,1.917e-05,1651.0,0.03164967
NEBL/BTC,1605948711194,2020-11-21T08:51:51.194Z,buy,1.922e-05,6.0,0.00011532
NEBL/BTC,1605948711194,2020-11-21T08:51:51.194Z,buy,1.927e-05,6.0,0.00011562
NEBL/BTC,1605948711194,2020-11-21T08:51:51.194Z,buy,1.93e-05,20.0,0.000386
NEBL/BTC,1605948717406,2020-11-21T08:51:57.406Z,sell,1.915e-05,211.0,0.00404065
NEBL/BTC,1605948729106,2020-11-21T08:52:09.106Z,sell,1.915e-05,213.0,0.00407895
NEBL/BTC,1605948747855,2020-11-21T08:52:27.855Z,sell,1.913e-05,62.0,0.00118606
NEBL/BTC,1605948759434,2020-11-21T08:52:39.434Z,buy,1.926e-05,215.0,0.0041408999999999
NEBL/BTC,1605948788410,2020-11-21T08:53:08.410Z,buy,1.922e-05,36.0,0.00069192
NEBL/BTC,1605948791004,2020-11-21T08:53:11.004Z,buy,1.922e-05,11.0,0.0002114199999999
NEBL/BTC,1605948905392,2020-11-21T08:55:05.392Z,buy,1.922e-05,49.0,0.0009417799999999
NEBL/BTC,1605949036039,2020-11-21T08:57:16.039Z,sell,1.921e-05,322.0,0.00618562
NEBL/BTC,1605949066915,2020-11-21T08:57:46.915Z,buy,1.922e-05,113.0,0.00217186
NEBL/BTC,1605949066915,2020-11-21T08:57:46.915Z,buy,1.926e-05,94.0,0.00181044
NEBL/BTC,1605949266125,2020-11-21T09:01:06.125Z,buy,1.923e-05,409.0,0.00786507
NEBL/BTC,1605949266125,2020-11-21T09:01:06.125Z,buy,1.924e-05,215.0,0.0041366
NEBL/BTC,1605949266125,2020-11-21T09:01:06.125Z,buy,1.926e-05,315.0,0.0060668999999999
NEBL/BTC,1605949266125,2020-11-21T09:01:06.125Z,buy,1.93e-05,861.0,0.0166173
NEBL/BTC,1605949649519,2020-11-21T09:07:29.519Z,buy,1.93e-05,430.0,0.008299
NEBL/BTC,1605949866024,2020-11-21T09:11:06.024Z,buy,1.93e-05,110.0,0.002123
NEBL/BTC,1605950351893,2020-11-21T09:19:11.893Z,buy,1.929e-05,12.0,0.00023148
NEBL/BTC,1605950433140,2020-11-21T09:20:33.140Z,buy,1.929e-05,348.0,0.00671292
NEBL/BTC,1605950433140,2020-11-21T09:20:33.140Z,buy,1.93e-05,737.0,0.0142241
NEBL/BTC,1605950433140,2020-11-21T09:20:33.140Z,buy,1.932e-05,230.0,0.0044436
NEBL/BTC,1605950433140,2020-11-21T09:20:33.140Z,buy,1.933e-05,394.0,0.00761602
NEBL/BTC,1605950433140,2020-11-21T09:20:33.140Z,buy,1.937e-05,447.0,0.00865839
NEBL/BTC,1605950433140,2020-11-21T09:20:33.140Z,buy,1.94e-05,100.0,0.00194
NEBL/BTC,1605950433140,2020-11-21T09:20:33.140Z,buy,1.941e-05,79.0,0.00153339
NEBL/BTC,1605950433140,2020-11-21T09:20:33.140Z,buy,1.944e-05,2809.0,0.05460696
NEBL/BTC,1605950460865,2020-11-21T09:21:00.865Z,sell,1.925e-05,37.0,0.00071225
NEBL/BTC,1605950539816,2020-11-21T09:22:19.816Z,sell,1.93e-05,256.0,0.0049408
NEBL/BTC,1605951145413,2020-11-21T09:32:25.413Z,sell,1.93e-05,795.0,0.0153435
NEBL/BTC,1605951145413,2020-11-21T09:32:25.413Z,sell,1.929e-05,205.0,0.00395445
NEBL/BTC,1605951145482,2020-11-21T09:32:25.482Z,sell,1.929e-05,56.0,0.00108024
NEBL/BTC,1605951145482,2020-11-21T09:32:25.482Z,sell,1.929e-05,56.0,0.00108024
NEBL/BTC,1605951175993,2020-11-21T09:32:55.993Z,buy,1.945e-05,298.0,0.0057960999999999
NEBL/BTC,1605951175993,2020-11-21T09:32:55.993Z,buy,1.946e-05,1205.0,0.0234493
NEBL/BTC,1605951175993,2020-11-21T09:32:55.993Z,buy,1.947e-05,225.0,0.00438075
NEBL/BTC,1605951175993,2020-11-21T09:32:55.993Z,buy,1.948e-05,6.0,0.00011688
NEBL/BTC,1605951175993,2020-11-21T09:32:55.993Z,buy,1.949e-05,1972.0,0.03843428
NEBL/BTC,1605951175993,2020-11-21T09:32:55.993Z,buy,1.95e-05,2933.0,0.0571935
NEBL/BTC,1605951246829,2020-11-21T09:34:06.829Z,sell,1.929e-05,310.0,0.0059799
NEBL/BTC,1605951314129,2020-11-21T09:35:14.129Z,buy,1.942e-05,37.0,0.00071854
NEBL/BTC,1605951494851,2020-11-21T09:38:14.851Z,sell,1.928e-05,28.0,0.00053984
NEBL/BTC,1605951494851,2020-11-21T09:38:14.851Z,sell,1.928e-05,44.0,0.00084832
NEBL/BTC,1605951494851,2020-11-21T09:38:14.851Z,sell,1.927e-05,6.0,0.00011562
NEBL/BTC,1605951494851,2020-11-21T09:38:14.851Z,sell,1.924e-05,6.0,0.0001154399999999
NEBL/BTC,1605951494851,2020-11-21T09:38:14.851Z,sell,1.921e-05,75.0,0.00144075
NEBL/BTC,1605952890883,2020-11-21T10:01:30.883Z,sell,1.921e-05,154.0,0.00295834
NEBL/BTC,1605953280906,2020-11-21T10:08:00.906Z,sell,1.92e-05,372.0,0.0071423999999999
NEBL/BTC,1605953444455,2020-11-21T10:10:44.455Z,sell,1.92e-05,135.0,0.0025919999999999
NEBL/BTC,1605953534365,2020-11-21T10:12:14.365Z,sell,1.919e-05,312.0,0.00598728
NEBL/BTC,1605953614309,2020-11-21T10:13:34.309Z,sell,1.919e-05,80.0,0.0015352
NEBL/BTC,1605954064754,2020-11-21T10:21:04.754Z,sell,1.92e-05,63.0,0.0012096
NEBL/BTC,1605954064754,2020-11-21T10:21:04.754Z,sell,1.918e-05,18.0,0.0003452399999999
NEBL/BTC,1605954064754,2020-11-21T10:21:04.754Z,sell,1.917e-05,593.0,0.01136781
NEBL/BTC,1605954422876,2020-11-21T10:27:02.876Z,sell,1.918e-05,41.0,0.0007863799999999
NEBL/BTC,1605954422876,2020-11-21T10:27:02.876Z,sell,1.917e-05,3323.0,0.06370191
NEBL/BTC,1605954422876,2020-11-21T10:27:02.876Z,sell,1.918e-05,41.0,0.0007863799999999
NEBL/BTC,1605954422876,2020-11-21T10:27:02.876Z,sell,1.917e-05,3323.0,0.06370191
NEBL/BTC,1605955474033,2020-11-21T10:44:34.033Z,sell,1.917e-05,6.0,0.00011502
NEBL/BTC,1605955474033,2020-11-21T10:44:34.033Z,sell,1.915e-05,1666.0,0.0319039
NEBL/BTC,1605955474033,2020-11-21T10:44:34.033Z,sell,1.914e-05,934.0,0.01787676
NEBL/BTC,1605955474033,2020-11-21T10:44:34.033Z,sell,1.911e-05,225.0,0.00429975
NEBL/BTC,1605955474033,2020-11-21T10:44:34.033Z,sell,1.91e-05,2307.0,0.0440637
NEBL/BTC,1605956620365,2020-11-21T11:03:40.365Z,buy,1.928e-05,59.0,0.00113752
NEBL/BTC,1605956790787,2020-11-21T11:06:30.787Z,buy,1.928e-05,2812.0,0.05421536
NEBL/BTC,1605957660789,2020-11-21T11:21:00.789Z,buy,1.928e-05,2.0,3.856e-05
NEBL/BTC,1605957660789,2020-11-21T11:21:00.789Z,buy,1.928e-05,2.0,3.856e-05
NEBL/BTC,1605958268775,2020-11-21T11:31:08.775Z,buy,1.928e-05,101.0,0.0019472799999999
NEBL/BTC,1605958496641,2020-11-21T11:34:56.641Z,buy,1.928e-05,78.0,0.0015038399999999
NEBL/BTC,1605958762724,2020-11-21T11:39:22.724Z,buy,1.928e-05,35.0,0.0006747999999999
NEBL/BTC,1605959120437,2020-11-21T11:45:20.437Z,sell,1.914e-05,9.0,0.00017226
NEBL/BTC,1605959463624,2020-11-21T11:51:03.624Z,sell,1.914e-05,95.0,0.0018183
NEBL/BTC,1605960490902,2020-11-21T12:08:10.902Z,buy,1.927e-05,289.0,0.00556903
NEBL/BTC,1605961255948,2020-11-21T12:20:55.948Z,buy,1.927e-05,10.0,0.0001927
NEBL/BTC,1605961255948,2020-11-21T12:20:55.948Z,buy,1.927e-05,10.0,0.0001927
NEBL/BTC,1605962421143,2020-11-21T12:40:21.143Z,buy,1.926e-05,223.0,0.0042949799999999
NEBL/BTC,1605962421143,2020-11-21T12:40:21.143Z,buy,1.927e-05,21.0,0.00040467
NEBL/BTC,1605962623042,2020-11-21T12:43:43.042Z,buy,1.927e-05,456.0,0.00878712
NEBL/BTC,1605962623042,2020-11-21T12:43:43.042Z,buy,1.93e-05,544.0,0.0104992
NEBL/BTC,1605962772394,2020-11-21T12:46:12.394Z,buy,1.93e-05,368.0,0.0071024
NEBL/BTC,1605963056326,2020-11-21T12:50:56.326Z,buy,1.934e-05,20.0,0.0003868
NEBL/BTC,1605963562084,2020-11-21T12:59:22.084Z,buy,1.934e-05,12.0,0.00023208
NEBL/BTC,1605963787459,2020-11-21T13:03:07.459Z,sell,1.924e-05,616.0,0.0118518399999999
NEBL/BTC,1605963849080,2020-11-21T13:04:09.080Z,buy,1.934e-05,346.0,0.00669164
NEBL/BTC,1605964078747,2020-11-21T13:07:58.747Z,buy,1.938e-05,438.0,0.00848844
NEBL/BTC,1605964078747,2020-11-21T13:07:58.747Z,buy,1.938e-05,144.0,0.00279072
NEBL/BTC,1605964389138,2020-11-21T13:13:09.138Z,sell,1.931e-05,16.0,0.00030896
NEBL/BTC,1605964389138,2020-11-21T13:13:09.138Z,sell,1.928e-05,399.0,0.0076927199999999
NEBL/BTC,1605964850353,2020-11-21T13:20:50.353Z,buy,1.94e-05,6.0,0.0001164
NEBL/BTC,1605964850353,2020-11-21T13:20:50.353Z,buy,1.94e-05,6.0,0.0001164
NEBL/BTC,1605964866601,2020-11-21T13:21:06.601Z,sell,1.929e-05,6.0,0.00011574
NEBL/BTC,1605964887094,2020-11-21T13:21:27.094Z,buy,1.929e-05,1.0,1.929e-05
NEBL/BTC,1605964930321,2020-11-21T13:22:10.321Z,buy,1.94e-05,94.0,0.0018236
NEBL/BTC,1605964930321,2020-11-21T13:22:10.321Z,buy,1.946e-05,22.0,0.00042812
NEBL/BTC,1605965130600,2020-11-21T13:25:30.600Z,buy,1.946e-05,10.0,0.0001946
NEBL/BTC,1605965151424,2020-11-21T13:25:51.424Z,buy,1.946e-05,230.0,0.0044758
NEBL/BTC,1605965182506,2020-11-21T13:26:22.506Z,sell,1.931e-05,20.0,0.0003862
NEBL/BTC,1605965182506,2020-11-21T13:26:22.506Z,sell,1.93e-05,6.0,0.0001158
NEBL/BTC,1605965227062,2020-11-21T13:27:07.062Z,buy,1.946e-05,827.0,0.01609342
NEBL/BTC,1605965245024,2020-11-21T13:27:25.024Z,sell,1.946e-05,136.0,0.00264656
NEBL/BTC,1605965558203,2020-11-21T13:32:38.203Z,sell,1.945e-05,74.0,0.0014393
NEBL/BTC,1605966154242,2020-11-21T13:42:34.242Z,sell,1.934e-05,41.0,0.00079294
NEBL/BTC,1605966266880,2020-11-21T13:44:26.880Z,sell,1.917e-05,36.0,0.00069012
NEBL/BTC,1605966266880,2020-11-21T13:44:26.880Z,sell,1.916e-05,1234.0,0.0236434399999999
NEBL/BTC,1605966266880,2020-11-21T13:44:26.880Z,sell,1.915e-05,100.0,0.001915
NEBL/BTC,1605966266880,2020-11-21T13:44:26.880Z,sell,1.912e-05,10.0,0.0001911999999999
NEBL/BTC,1605966266880,2020-11-21T13:44:26.880Z,sell,1.909e-05,25.0,0.0004772499999999
NEBL/BTC,1605966266880,2020-11-21T13:44:26.880Z,sell,1.907e-05,13.0,0.00024791
NEBL/BTC,1605966266880,2020-11-21T13:44:26.880Z,sell,1.906e-05,112.0,0.00213472
NEBL/BTC,1605966266880,2020-11-21T13:44:26.880Z,sell,1.905e-05,273.0,0.0052006499999999
NEBL/BTC,1605966326078,2020-11-21T13:45:26.078Z,sell,1.923e-05,526.0,0.01011498
NEBL/BTC,1605966329387,2020-11-21T13:45:29.387Z,sell,1.923e-05,793.0,0.01524939
NEBL/BTC,1605966407188,2020-11-21T13:46:47.188Z,sell,1.923e-05,1317.0,0.02532591
NEBL/BTC,1605966457947,2020-11-21T13:47:37.947Z,sell,1.911e-05,100.0,0.001911
NEBL/BTC,1605966457947,2020-11-21T13:47:37.947Z,sell,1.909e-05,6.0,0.00011454
NEBL/BTC,1605966457947,2020-11-21T13:47:37.947Z,sell,1.907e-05,318.0,0.0060642599999999
NEBL/BTC,1605966457947,2020-11-21T13:47:37.947Z,sell,1.904e-05,893.0,0.01700272
NEBL/BTC,1605966776555,2020-11-21T13:52:56.555Z,sell,1.906e-05,25.0,0.0004765
NEBL/BTC,1605967261099,2020-11-21T14:01:01.099Z,buy,1.913e-05,280.0,0.0053564
NEBL/BTC,1605967929518,2020-11-21T14:12:09.518Z,buy,1.927e-05,6.0,0.00011562
NEBL/BTC,1605967929518,2020-11-21T14:12:09.518Z,buy,1.93e-05,8.0,0.0001544
NEBL/BTC,1605968264570,2020-11-21T14:17:44.570Z,sell,1.92e-05,145.0,0.002784
NEBL/BTC,1605968352385,2020-11-21T14:19:12.385Z,buy,1.928e-05,147.0,0.0028341599999999
NEBL/BTC,1605968352385,2020-11-21T14:19:12.385Z,buy,1.928e-05,147.0,0.0028341599999999
NEBL/BTC,1605968612947,2020-11-21T14:23:32.947Z,buy,1.93e-05,127.0,0.0024511
NEBL/BTC,1605968628681,2020-11-21T14:23:48.681Z,sell,1.933e-05,605.0,0.01169465
NEBL/BTC,1605968628687,2020-11-21T14:23:48.687Z,sell,1.933e-05,380.0,0.0073454
NEBL/BTC,1605968648985,2020-11-21T14:24:08.985Z,sell,1.933e-05,6.0,0.00011598
NEBL/BTC,1605968705416,2020-11-21T14:25:05.416Z,buy,1.935e-05,12.0,0.0002322
NEBL/BTC,1605969329875,2020-11-21T14:35:29.875Z,buy,1.94e-05,93.0,0.0018042
NEBL/BTC,1605969640629,2020-11-21T14:40:40.629Z,buy,1.94e-05,7.0,0.0001358
NEBL/BTC,1605969659274,2020-11-21T14:40:59.274Z,buy,1.943e-05,63.0,0.00122409
NEBL/BTC,1605969659274,2020-11-21T14:40:59.274Z,buy,1.948e-05,6.0,0.00011688
NEBL/BTC,1605969659274,2020-11-21T14:40:59.274Z,buy,1.949e-05,106.0,0.00206594
NEBL/BTC,1605969739150,2020-11-21T14:42:19.150Z,buy,1.95e-05,93.0,0.0018135
NEBL/BTC,1605969797697,2020-11-21T14:43:17.697Z,buy,1.95e-05,14.0,0.000273
NEBL/BTC,1605969849029,2020-11-21T14:44:09.029Z,sell,1.95e-05,6.0,0.000117
NEBL/BTC,1605970029645,2020-11-21T14:47:09.645Z,buy,1.951e-05,13.0,0.00025363
NEBL/BTC,1605970119486,2020-11-21T14:48:39.486Z,buy,1.951e-05,332.0,0.00647732
NEBL/BTC,1605970119486,2020-11-21T14:48:39.486Z,buy,1.952e-05,569.0,0.01110688
NEBL/BTC,1605970119486,2020-11-21T14:48:39.486Z,buy,1.955e-05,125.0,0.00244375
NEBL/BTC,1605970119486,2020-11-21T14:48:39.486Z,buy,1.962e-05,173.0,0.0033942599999999
NEBL/BTC,1605970119486,2020-11-21T14:48:39.486Z,buy,1.965e-05,100.0,0.001965
NEBL/BTC,1605970128068,2020-11-21T14:48:48.068Z,sell,1.965e-05,6.0,0.0001178999999999
NEBL/BTC,1605970225435,2020-11-21T14:50:25.435Z,sell,1.954e-05,40.0,0.0007815999999999
NEBL/BTC,1605970225435,2020-11-21T14:50:25.435Z,sell,1.95e-05,72.0,0.0014039999999999
NEBL/BTC,1605970225435,2020-11-21T14:50:25.435Z,sell,1.95e-05,20.0,0.00039
NEBL/BTC,1605970229048,2020-11-21T14:50:29.048Z,sell,1.951e-05,36.0,0.00070236
NEBL/BTC,1605970256610,2020-11-21T14:50:56.610Z,buy,1.967e-05,99.0,0.00194733
NEBL/BTC,1605970256618,2020-11-21T14:50:56.618Z,sell,1.967e-05,514.0,0.01011038
NEBL/BTC,1605970301882,2020-11-21T14:51:41.882Z,buy,1.969e-05,44.0,0.0008663599999999
NEBL/BTC,1605970301882,2020-11-21T14:51:41.882Z,buy,1.97e-05,188.0,0.0037036
NEBL/BTC,1605970478065,2020-11-21T14:54:38.065Z,sell,1.967e-05,275.0,0.00540925
NEBL/BTC,1605970478160,2020-11-21T14:54:38.160Z,sell,1.967e-05,275.0,0.00540925
NEBL/BTC,1605970478250,2020-11-21T14:54:38.250Z,sell,1.967e-05,275.0,0.00540925
NEBL/BTC,1605970478331,2020-11-21T14:54:38.331Z,sell,1.967e-05,275.0,0.00540925
NEBL/BTC,1605970478421,2020-11-21T14:54:38.421Z,sell,1.967e-05,275.0,0.00540925
NEBL/BTC,1605970478499,2020-11-21T14:54:38.499Z,sell,1.967e-05,275.0,0.00540925
NEBL/BTC,1605970478569,2020-11-21T14:54:38.569Z,sell,1.967e-05,275.0,0.00540925
NEBL/BTC,1605970478639,2020-11-21T14:54:38.639Z,sell,1.967e-05,203.0,0.00399301
NEBL/BTC,1605970566603,2020-11-21T14:56:06.603Z,buy,1.968e-05,79.0,0.00155472
NEBL/BTC,1605970637960,2020-11-21T14:57:17.960Z,sell,1.968e-05,29.0,0.00057072
NEBL/BTC,1605970941104,2020-11-21T15:02:21.104Z,sell,1.967e-05,373.0,0.00733691
NEBL/BTC,1605970974367,2020-11-21T15:02:54.367Z,sell,1.967e-05,594.0,0.01168398
NEBL/BTC,1605970977950,2020-11-21T15:02:57.950Z,sell,1.96e-05,49.0,0.0009603999999999
NEBL/BTC,1605970991440,2020-11-21T15:03:11.440Z,buy,1.967e-05,543.0,0.01068081
NEBL/BTC,1605971102759,2020-11-21T15:05:02.759Z,sell,1.96e-05,327.0,0.0064091999999999
NEBL/BTC,1605971205895,2020-11-21T15:06:45.895Z,buy,1.96e-05,95.0,0.001862
NEBL/BTC,1605971229371,2020-11-21T15:07:09.371Z,sell,1.957e-05,40.0,0.0007828
NEBL/BTC,1605971229371,2020-11-21T15:07:09.371Z,sell,1.955e-05,105.0,0.00205275
NEBL/BTC,1605971229371,2020-11-21T15:07:09.371Z,sell,1.95e-05,32.0,0.000624
NEBL/BTC,1605971236965,2020-11-21T15:07:16.965Z,buy,1.955e-05,933.0,0.01824015
NEBL/BTC,1605971307408,2020-11-21T15:08:27.408Z,buy,1.969e-05,500.0,0.009845
NEBL/BTC,1605971345264,2020-11-21T15:09:05.264Z,buy,1.969e-05,295.0,0.00580855
NEBL/BTC,1605971709127,2020-11-21T15:15:09.127Z,buy,1.97e-05,168.0,0.0033096
NEBL/BTC,1605971754751,2020-11-21T15:15:54.751Z,sell,1.957e-05,32.0,0.00062624
NEBL/BTC,1605971754751,2020-11-21T15:15:54.751Z,sell,1.957e-05,6.0,0.00011742
NEBL/BTC,1605971754922,2020-11-21T15:15:54.922Z,buy,1.97e-05,517.0,0.0101849
NEBL/BTC,1605971754922,2020-11-21T15:15:54.922Z,buy,1.97e-05,517.0,0.0101849
NEBL/BTC,1605972139664,2020-11-21T15:22:19.664Z,sell,1.955e-05,500.0,0.009775
NEBL/BTC,1605972447348,2020-11-21T15:27:27.348Z,sell,1.955e-05,84.0,0.0016422
NEBL/BTC,1605972469130,2020-11-21T15:27:49.130Z,sell,1.955e-05,6.0,0.0001173
NEBL/BTC,1605972553044,2020-11-21T15:29:13.044Z,sell,1.954e-05,15.0,0.0002930999999999
NEBL/BTC,1605972553044,2020-11-21T15:29:13.044Z,sell,1.953e-05,37.0,0.00072261
NEBL/BTC,1605972711126,2020-11-21T15:31:51.126Z,sell,1.953e-05,423.0,0.00826119
NEBL/BTC,1605972827910,2020-11-21T15:33:47.910Z,buy,1.954e-05,6.0,0.00011724
NEBL/BTC,1605972870981,2020-11-21T15:34:30.981Z,buy,1.955e-05,30.0,0.0005865
NEBL/BTC,1605972895239,2020-11-21T15:34:55.239Z,buy,1.955e-05,16.0,0.0003128
NEBL/BTC,1605973124780,2020-11-21T15:38:44.780Z,buy,1.955e-05,41.0,0.00080155
NEBL/BTC,1605973124780,2020-11-21T15:38:44.780Z,buy,1.96e-05,9.0,0.0001763999999999
NEBL/BTC,1605973207912,2020-11-21T15:40:07.912Z,buy,1.96e-05,681.0,0.0133476
NEBL/BTC,1605973509106,2020-11-21T15:45:09.106Z,sell,1.962e-05,6.0,0.0001177199999999
NEBL/BTC,1605973559527,2020-11-21T15:45:59.527Z,buy,1.97e-05,471.0,0.0092787
NEBL/BTC,1605974105986,2020-11-21T15:55:05.986Z,buy,1.97e-05,134.0,0.0026398
NEBL/BTC,1605974198941,2020-11-21T15:56:38.941Z,buy,1.973e-05,584.0,0.0115223199999999
NEBL/BTC,1605974204358,2020-11-21T15:56:44.358Z,buy,1.974e-05,2401.0,0.04739574
NEBL/BTC,1605974208416,2020-11-21T15:56:48.416Z,buy,1.98e-05,2651.0,0.0524898
NEBL/BTC,1605974236446,2020-11-21T15:57:16.446Z,buy,1.978e-05,6.0,0.00011868
NEBL/BTC,1605974237794,2020-11-21T15:57:17.794Z,sell,1.979e-05,50.0,0.0009895
NEBL/BTC,1605974237977,2020-11-21T15:57:17.977Z,sell,1.979e-05,97.0,0.0019196299999999
NEBL/BTC,1605974238500,2020-11-21T15:57:18.500Z,sell,1.979e-05,50.0,0.0009895
NEBL/BTC,1605974239163,2020-11-21T15:57:19.163Z,sell,1.979e-05,50.0,0.0009895
NEBL/BTC,1605974239499,2020-11-21T15:57:19.499Z,sell,1.979e-05,48.0,0.0009499199999999
NEBL/BTC,1605974239851,2020-11-21T15:57:19.851Z,sell,1.979e-05,48.0,0.0009499199999999
NEBL/BTC,1605974543627,2020-11-21T16:02:23.627Z,buy,1.979e-05,2.0,3.958e-05
NEBL/BTC,1605974557507,2020-11-21T16:02:37.507Z,buy,1.986e-05,371.0,0.00736806
NEBL/BTC,1605974589165,2020-11-21T16:03:09.165Z,sell,1.986e-05,6.0,0.0001191599999999
NEBL/BTC,1605974609393,2020-11-21T16:03:29.393Z,buy,1.987e-05,26.0,0.00051662
NEBL/BTC,1605974629372,2020-11-21T16:03:49.372Z,buy,1.988e-05,180.0,0.0035784
NEBL/BTC,1605974697760,2020-11-21T16:04:57.760Z,buy,1.99e-05,131.0,0.0026069
NEBL/BTC,1605974709132,2020-11-21T16:05:09.132Z,sell,1.99e-05,6.0,0.0001194
NEBL/BTC,1605974807805,2020-11-21T16:06:47.805Z,buy,1.997e-05,79.0,0.00157763
NEBL/BTC,1605974821390,2020-11-21T16:07:01.390Z,buy,1.997e-05,60.0,0.0011982
NEBL/BTC,1605974835029,2020-11-21T16:07:15.029Z,buy,1.997e-05,154.0,0.00307538
NEBL/BTC,1605974840216,2020-11-21T16:07:20.216Z,sell,1.997e-05,24.0,0.00047928
NEBL/BTC,1605975043399,2020-11-21T16:10:43.399Z,sell,1.996e-05,12.0,0.0002395199999999
NEBL/BTC,1605975069841,2020-11-21T16:11:09.841Z,sell,1.996e-05,112.0,0.00223552
NEBL/BTC,1605975069841,2020-11-21T16:11:09.841Z,sell,1.996e-05,112.0,0.00223552
NEBL/BTC,1605975475039,2020-11-21T16:17:55.039Z,sell,1.985e-05,40.0,0.000794
NEBL/BTC,1605975540000,2020-11-21T16:19:00.000Z,buy,1.998e-05,51.0,0.0010189799999999
NEBL/BTC,1605975572161,2020-11-21T16:19:32.161Z,sell,1.98e-05,7665.0,0.151767
NEBL/BTC,1605975572161,2020-11-21T16:19:32.161Z,sell,1.979e-05,30.0,0.0005937
NEBL/BTC,1605975585184,2020-11-21T16:19:45.184Z,sell,1.979e-05,6677.0,0.1321378299999999
NEBL/BTC,1605975672398,2020-11-21T16:21:12.398Z,sell,1.991e-05,16528.0,0.32907248
NEBL/BTC,1605975777470,2020-11-21T16:22:57.470Z,sell,1.974e-05,509.0,0.01004766
NEBL/BTC,1605975803848,2020-11-21T16:23:23.848Z,sell,1.974e-05,3423.0,0.06757002
NEBL/BTC,1605975827682,2020-11-21T16:23:47.682Z,sell,1.977e-05,1282.0,0.02534514
NEBL/BTC,1605975827682,2020-11-21T16:23:47.682Z,sell,1.976e-05,2028.0,0.04007328
NEBL/BTC,1605975879671,2020-11-21T16:24:39.671Z,sell,1.97e-05,113.0,0.0022261
NEBL/BTC,1605975883516,2020-11-21T16:24:43.516Z,sell,1.97e-05,540.0,0.010638
NEBL/BTC,1605975897213,2020-11-21T16:24:57.213Z,sell,1.969e-05,46.0,0.0009057399999999
NEBL/BTC,1605975897213,2020-11-21T16:24:57.213Z,sell,1.965e-05,66.0,0.0012969
NEBL/BTC,1605975964021,2020-11-21T16:26:04.021Z,buy,1.984e-05,765.0,0.0151776
NEBL/BTC,1605975979835,2020-11-21T16:26:19.835Z,buy,1.984e-05,11236.0,0.22292224
NEBL/BTC,1605975996049,2020-11-21T16:26:36.049Z,buy,1.989e-05,126.0,0.00250614
NEBL/BTC,1605976150820,2020-11-21T16:29:10.820Z,buy,1.986e-05,8.0,0.00015888
NEBL/BTC,1605976442911,2020-11-21T16:34:02.911Z,sell,1.986e-05,254.0,0.00504444
NEBL/BTC,1605976952325,2020-11-21T16:42:32.325Z,sell,1.978e-05,255.0,0.0050439
NEBL/BTC,1605976952325,2020-11-21T16:42:32.325Z,sell,1.976e-05,202.0,0.00399152
NEBL/BTC,1605976952325,2020-11-21T16:42:32.325Z,sell,1.966e-05,411.0,0.00808026
NEBL/BTC,1605976952325,2020-11-21T16:42:32.325Z,sell,1.965e-05,100.0,0.001965
NEBL/BTC,1605976952325,2020-11-21T16:42:32.325Z,sell,1.959e-05,36.0,0.00070524
NEBL/BTC,1605976952325,2020-11-21T16:42:32.325Z,sell,1.956e-05,187.0,0.0036577199999999
NEBL/BTC,1605976952325,2020-11-21T16:42:32.325Z,sell,1.955e-05,125.0,0.00244375
NEBL/BTC,1605976952325,2020-11-21T16:42:32.325Z,sell,1.954e-05,7.0,0.00013678
NEBL/BTC,1605976952325,2020-11-21T16:42:32.325Z,sell,1.953e-05,224.0,0.00437472
NEBL/BTC,1605976952325,2020-11-21T16:42:32.325Z,sell,1.95e-05,119.0,0.0023205
NEBL/BTC,1605976952325,2020-11-21T16:42:32.325Z,sell,1.949e-05,344.0,0.00670456
NEBL/BTC,1605976970744,2020-11-21T16:42:50.744Z,buy,1.979e-05,145.0,0.00286955
NEBL/BTC,1605977209765,2020-11-21T16:46:49.765Z,sell,1.96e-05,18.0,0.0003527999999999
NEBL/BTC,1605977351095,2020-11-21T16:49:11.095Z,sell,1.964e-05,500.0,0.0098199999999999
NEBL/BTC,1605977354457,2020-11-21T16:49:14.457Z,buy,1.975e-05,2.0,3.95e-05
NEBL/BTC,1605977886372,2020-11-21T16:58:06.372Z,buy,1.972e-05,6.0,0.00011832
NEBL/BTC,1605977886372,2020-11-21T16:58:06.372Z,buy,1.977e-05,516.0,0.01020132
NEBL/BTC,1605977886372,2020-11-21T16:58:06.372Z,buy,1.978e-05,187.0,0.00369886
NEBL/BTC,1605977886372,2020-11-21T16:58:06.372Z,buy,1.979e-05,354.0,0.0070056599999999
NEBL/BTC,1605977886372,2020-11-21T16:58:06.372Z,buy,1.98e-05,99.0,0.0019602
NEBL/BTC,1605977915930,2020-11-21T16:58:35.930Z,buy,1.979e-05,2.0,3.958e-05
NEBL/BTC,1605978016150,2020-11-21T17:00:16.150Z,buy,1.976e-05,94.0,0.00185744
NEBL/BTC,1605978025935,2020-11-21T17:00:25.935Z,buy,1.973e-05,2.0,3.946e-05
NEBL/BTC,1605978198367,2020-11-21T17:03:18.367Z,buy,1.976e-05,511.0,0.01009736
NEBL/BTC,1605978249102,2020-11-21T17:04:09.102Z,buy,1.98e-05,26.0,0.0005148
NEBL/BTC,1605978282199,2020-11-21T17:04:42.199Z,buy,1.981e-05,100.0,0.0019809999999999
NEBL/BTC,1605978288877,2020-11-21T17:04:48.877Z,sell,1.98e-05,74.0,0.0014652
NEBL/BTC,1605978288877,2020-11-21T17:04:48.877Z,sell,1.97e-05,19.0,0.0003743
NEBL/BTC,1605978596863,2020-11-21T17:09:56.863Z,buy,1.981e-05,250.0,0.0049524999999999
NEBL/BTC,1605978664744,2020-11-21T17:11:04.744Z,sell,1.96e-05,17.0,0.0003331999999999
NEBL/BTC,1605978664744,2020-11-21T17:11:04.744Z,sell,1.96e-05,17.0,0.0003331999999999
NEBL/BTC,1605978739862,2020-11-21T17:12:19.862Z,sell,1.963e-05,516.0,0.01012908
NEBL/BTC,1605979619176,2020-11-21T17:26:59.176Z,sell,1.968e-05,47.0,0.00092496
NEBL/BTC,1605979915525,2020-11-21T17:31:55.525Z,sell,1.963e-05,163.0,0.00319969
NEBL/BTC,1605979915525,2020-11-21T17:31:55.525Z,sell,1.959e-05,40.0,0.0007836
NEBL/BTC,1605979915525,2020-11-21T17:31:55.525Z,sell,1.948e-05,6.0,0.00011688
NEBL/BTC,1605979915525,2020-11-21T17:31:55.525Z,sell,1.945e-05,32.0,0.0006224
NEBL/BTC,1605979962268,2020-11-21T17:32:42.268Z,buy,1.97e-05,41.0,0.0008077
NEBL/BTC,1605980370657,2020-11-21T17:39:30.657Z,buy,1.97e-05,2538.0,0.0499986
NEBL/BTC,1605980590158,2020-11-21T17:43:10.158Z,sell,1.97e-05,69.0,0.0013593
NEBL/BTC,1605980970653,2020-11-21T17:49:30.653Z,sell,1.97e-05,65.0,0.0012805
NEBL/BTC,1605980986690,2020-11-21T17:49:46.690Z,buy,1.98e-05,21.0,0.0004158
NEBL/BTC,1605981013866,2020-11-21T17:50:13.866Z,sell,1.97e-05,15.0,0.0002955
NEBL/BTC,1605981351735,2020-11-21T17:55:51.735Z,sell,1.97e-05,69.0,0.0013593
NEBL/BTC,1605981533185,2020-11-21T17:58:53.185Z,sell,1.97e-05,30.0,0.000591
NEBL/BTC,1605981533221,2020-11-21T17:58:53.221Z,sell,1.97e-05,30.0,0.000591
NEBL/BTC,1605981533221,2020-11-21T17:58:53.221Z,sell,1.97e-05,30.0,0.000591
NEBL/BTC,1605982317638,2020-11-21T18:11:57.638Z,buy,1.969e-05,37.0,0.00072853
NEBL/BTC,1605984127465,2020-11-21T18:42:07.465Z,buy,1.976e-05,30.0,0.0005928
NEBL/BTC,1605984212550,2020-11-21T18:43:32.550Z,buy,1.976e-05,12.0,0.00023712
NEBL/BTC,1605984363432,2020-11-21T18:46:03.432Z,buy,1.976e-05,497.0,0.00982072
NEBL/BTC,1605984489234,2020-11-21T18:48:09.234Z,buy,1.977e-05,22.0,0.00043494
NEBL/BTC,1605984490488,2020-11-21T18:48:10.488Z,buy,1.977e-05,15.0,0.0002965499999999
NEBL/BTC,1605984703493,2020-11-21T18:51:43.493Z,buy,1.977e-05,6.0,0.00011862
NEBL/BTC,1605985012791,2020-11-21T18:56:52.791Z,sell,1.976e-05,672.0,0.01327872
NEBL/BTC,1605985012791,2020-11-21T18:56:52.791Z,sell,1.976e-05,672.0,0.01327872
NEBL/BTC,1605985339178,2020-11-21T19:02:19.178Z,sell,1.976e-05,128.0,0.00252928
NEBL/BTC,1605985339191,2020-11-21T19:02:19.191Z,buy,1.977e-05,159.0,0.00314343
NEBL/BTC,1605986496274,2020-11-21T19:21:36.274Z,sell,1.977e-05,112.0,0.0022142399999999
NEBL/BTC,1605986624639,2020-11-21T19:23:44.639Z,sell,1.977e-05,211.0,0.00417147
NEBL/BTC,1605986702980,2020-11-21T19:25:02.980Z,sell,1.977e-05,1000.0,0.01977
NEBL/BTC,1605986911605,2020-11-21T19:28:31.605Z,buy,1.984e-05,78.0,0.00154752
NEBL/BTC,1605987126494,2020-11-21T19:32:06.494Z,sell,1.976e-05,60.0,0.0011856
NEBL/BTC,1605987142716,2020-11-21T19:32:22.716Z,sell,1.97e-05,77.0,0.0015169
NEBL/BTC,1605987547764,2020-11-21T19:39:07.764Z,sell,1.971e-05,276.0,0.00543996
NEBL/BTC,1605988234459,2020-11-21T19:50:34.459Z,buy,1.984e-05,79.0,0.00156736
NEBL/BTC,1605988234459,2020-11-21T19:50:34.459Z,buy,1.985e-05,22.0,0.0004367
NEBL/BTC,1605988234459,2020-11-21T19:50:34.459Z,buy,1.984e-05,79.0,0.00156736
NEBL/BTC,1605988234459,2020-11-21T19:50:34.459Z,buy,1.985e-05,22.0,0.0004367
NEBL/BTC,1605989596129,2020-11-21T20:13:16.129Z,sell,1.981e-05,6.0,0.0001188599999999
NEBL/BTC,1605989804314,2020-11-21T20:16:44.314Z,sell,1.981e-05,1432.0,0.0283679199999999
NEBL/BTC,1605990360341,2020-11-21T20:26:00.341Z,sell,1.981e-05,295.0,0.00584395
NEBL/BTC,1605990381030,2020-11-21T20:26:21.030Z,sell,1.981e-05,43.0,0.0008518299999999
NEBL/BTC,1605990406985,2020-11-21T20:26:46.985Z,sell,1.981e-05,267.0,0.0052892699999999
NEBL/BTC,1605991155703,2020-11-21T20:39:15.703Z,buy,1.982e-05,89.0,0.00176398
NEBL/BTC,1605991349511,2020-11-21T20:42:29.511Z,sell,1.981e-05,104.0,0.0020602399999999
NEBL/BTC,1605991555005,2020-11-21T20:45:55.005Z,buy,1.982e-05,126.0,0.00249732
NEBL/BTC,1605991555005,2020-11-21T20:45:55.005Z,buy,1.983e-05,1665.0,0.03301695
NEBL/BTC,1605991592651,2020-11-21T20:46:32.651Z,buy,1.985e-05,685.0,0.01359725
NEBL/BTC,1605991621403,2020-11-21T20:47:01.403Z,sell,1.985e-05,264.0,0.0052404
NEBL/BTC,1605991624832,2020-11-21T20:47:04.832Z,buy,1.985e-05,2581.0,0.05123285
NEBL/BTC,1605991624832,2020-11-21T20:47:04.832Z,buy,1.985e-05,2581.0,0.05123285
NEBL/BTC,1605992584397,2020-11-21T21:03:04.397Z,buy,1.989e-05,229.0,0.00455481
NEBL/BTC,1605993289676,2020-11-21T21:14:49.676Z,buy,1.99e-05,388.0,0.0077212
NEBL/BTC,1605993788894,2020-11-21T21:23:08.894Z,buy,1.989e-05,1990.0,0.0395811
NEBL/BTC,1605993850406,2020-11-21T21:24:10.406Z,sell,1.971e-05,6.0,0.00011826
NEBL/BTC,1605993858669,2020-11-21T21:24:18.669Z,buy,1.989e-05,35.0,0.00069615
NEBL/BTC,1605993986876,2020-11-21T21:26:26.876Z,buy,1.99e-05,1542.0,0.0306858
NEBL/BTC,1605993986876,2020-11-21T21:26:26.876Z,buy,1.995e-05,123.0,0.00245385
NEBL/BTC,1605993986876,2020-11-21T21:26:26.876Z,buy,1.998e-05,225.0,0.0044954999999999
NEBL/BTC,1605993986876,2020-11-21T21:26:26.876Z,buy,1.999e-05,1274.0,0.02546726
NEBL/BTC,1605993986876,2020-11-21T21:26:26.876Z,buy,2e-05,125.0,0.0025
NEBL/BTC,1605993986876,2020-11-21T21:26:26.876Z,buy,2.001e-05,351.0,0.00702351
NEBL/BTC,1605993986876,2020-11-21T21:26:26.876Z,buy,1.99e-05,1542.0,0.0306858
NEBL/BTC,1605993986876,2020-11-21T21:26:26.876Z,buy,1.995e-05,123.0,0.00245385
NEBL/BTC,1605993986876,2020-11-21T21:26:26.876Z,buy,1.998e-05,225.0,0.0044954999999999
NEBL/BTC,1605993986876,2020-11-21T21:26:26.876Z,buy,1.999e-05,1274.0,0.02546726
NEBL/BTC,1605993986876,2020-11-21T21:26:26.876Z,buy,2e-05,125.0,0.0025
NEBL/BTC,1605993986876,2020-11-21T21:26:26.876Z,buy,2.001e-05,351.0,0.00702351
NEBL/BTC,1605995281523,2020-11-21T21:48:01.523Z,sell,1.985e-05,65.0,0.00129025
NEBL/BTC,1605995281523,2020-11-21T21:48:01.523Z,sell,1.975e-05,13.0,0.00025675
NEBL/BTC,1605995281523,2020-11-21T21:48:01.523Z,sell,1.975e-05,12.0,0.000237
NEBL/BTC,1605995328127,2020-11-21T21:48:48.127Z,buy,1.986e-05,512.0,0.01016832
NEBL/BTC,1605995697620,2020-11-21T21:54:57.620Z,buy,1.986e-05,25.0,0.0004965
NEBL/BTC,1605995774942,2020-11-21T21:56:14.942Z,sell,1.985e-05,13.0,0.00025805
NEBL/BTC,1605995774946,2020-11-21T21:56:14.946Z,sell,1.985e-05,84.0,0.0016674
NEBL/BTC,1605995775230,2020-11-21T21:56:15.230Z,sell,1.985e-05,200.0,0.00397
NEBL/BTC,1605995776580,2020-11-21T21:56:16.580Z,sell,1.985e-05,200.0,0.00397
NEBL/BTC,1605995777757,2020-11-21T21:56:17.757Z,sell,1.983e-05,200.0,0.003966
NEBL/BTC,1605995778866,2020-11-21T21:56:18.866Z,sell,1.983e-05,49.0,0.00097167
NEBL/BTC,1605995783229,2020-11-21T21:56:23.229Z,sell,1.983e-05,1269.0,0.02516427
NEBL/BTC,1605996370190,2020-11-21T22:06:10.190Z,sell,1.983e-05,512.0,0.01015296
NEBL/BTC,1605996652283,2020-11-21T22:10:52.283Z,buy,1.986e-05,503.0,0.00998958
NEBL/BTC,1605996652283,2020-11-21T22:10:52.283Z,buy,1.986e-05,503.0,0.00998958
NEBL/BTC,1605999147537,2020-11-21T22:52:27.537Z,sell,1.975e-05,256.0,0.005056
NEBL/BTC,1605999147537,2020-11-21T22:52:27.537Z,sell,1.974e-05,1.0,1.974e-05
NEBL/BTC,1605999424269,2020-11-21T22:57:04.269Z,sell,1.974e-05,382.0,0.00754068
NEBL/BTC,1605999424280,2020-11-21T22:57:04.280Z,buy,1.974e-05,268.0,0.00529032
NEBL/BTC,1605999520886,2020-11-21T22:58:40.886Z,buy,1.984e-05,44.0,0.00087296
NEBL/BTC,1605999520886,2020-11-21T22:58:40.886Z,buy,1.985e-05,55.0,0.00109175
NEBL/BTC,1605999731569,2020-11-21T23:02:11.569Z,buy,1.985e-05,2036.0,0.0404146
NEBL/BTC,1605999938761,2020-11-21T23:05:38.761Z,buy,1.986e-05,469.0,0.0093143399999999
NEBL/BTC,1605999938761,2020-11-21T23:05:38.761Z,buy,1.986e-05,469.0,0.0093143399999999
NEBL/BTC,1606000480211,2020-11-21T23:14:40.211Z,sell,1.972e-05,510.0,0.0100572
NEBL/BTC,1606000634038,2020-11-21T23:17:14.038Z,buy,1.986e-05,100.0,0.001986
NEBL/BTC,1606001183343,2020-11-21T23:26:23.343Z,sell,1.973e-05,56.0,0.00110488
NEBL/BTC,1606001183343,2020-11-21T23:26:23.343Z,sell,1.972e-05,1663.0,0.03279436
NEBL/BTC,1606001183343,2020-11-21T23:26:23.343Z,sell,1.97e-05,708.0,0.0139476
NEBL/BTC,1606001183343,2020-11-21T23:26:23.343Z,sell,1.969e-05,75.0,0.00147675
NEBL/BTC,1606001431568,2020-11-21T23:30:31.568Z,sell,1.971e-05,41.0,0.00080811
NEBL/BTC,1606001883956,2020-11-21T23:38:03.956Z,buy,1.985e-05,227.0,0.00450595
NEBL/BTC,1606002183044,2020-11-21T23:43:03.044Z,buy,1.985e-05,72.0,0.0014292
NEBL/BTC,1606002244757,2020-11-21T23:44:04.757Z,sell,1.985e-05,8.0,0.0001588
NEBL/BTC,1606002599904,2020-11-21T23:49:59.904Z,buy,1.986e-05,15.0,0.0002979
NEBL/BTC,1606002605135,2020-11-21T23:50:05.135Z,buy,1.986e-05,406.0,0.00806316
NEBL/BTC,1606002618029,2020-11-21T23:50:18.029Z,buy,2e-05,22.0,0.00044
NEBL/BTC,1606003435416,2020-11-22T00:03:55.416Z,buy,1.995e-05,8.0,0.0001596
NEBL/BTC,1606003435416,2020-11-22T00:03:55.416Z,buy,1.995e-05,8.0,0.0001596
NEBL/BTC,1606003699850,2020-11-22T00:08:19.850Z,buy,1.995e-05,121.0,0.00241395
NEBL/BTC,1606003699850,2020-11-22T00:08:19.850Z,buy,2e-05,214.0,0.00428
NEBL/BTC,1606003699850,2020-11-22T00:08:19.850Z,buy,2.001e-05,555.0,0.01110555
NEBL/BTC,1606004197023,2020-11-22T00:16:37.023Z,buy,1.999e-05,6.0,0.00011994
NEBL/BTC,1606004197170,2020-11-22T00:16:37.170Z,buy,2.001e-05,17.0,0.00034017
NEBL/BTC,1606004231704,2020-11-22T00:17:11.704Z,buy,2e-05,6.0,0.00012
NEBL/BTC,1606004232531,2020-11-22T00:17:12.531Z,buy,2.003e-05,6.0,0.00012018
NEBL/BTC,1606004232531,2020-11-22T00:17:12.531Z,buy,2.003e-05,13.0,0.00026039
NEBL/BTC,1606004239599,2020-11-22T00:17:19.599Z,buy,2.003e-05,27.0,0.00054081
NEBL/BTC,1606005533725,2020-11-22T00:38:53.725Z,buy,2.004e-05,18.0,0.00036072
NEBL/BTC,1606005664093,2020-11-22T00:41:04.093Z,buy,2.004e-05,10.0,0.0002004
NEBL/BTC,1606005664093,2020-11-22T00:41:04.093Z,buy,2.005e-05,36.0,0.0007218
NEBL/BTC,1606005679924,2020-11-22T00:41:19.924Z,buy,2.005e-05,15.0,0.00030075
NEBL/BTC,1606005769334,2020-11-22T00:42:49.334Z,sell,2e-05,45.0,0.0009
NEBL/BTC,1606005782108,2020-11-22T00:43:02.108Z,sell,2e-05,268.0,0.00536
NEBL/BTC,1606005827008,2020-11-22T00:43:47.008Z,buy,2.005e-05,16.0,0.0003208
NEBL/BTC,1606005924770,2020-11-22T00:45:24.770Z,buy,2.005e-05,50.0,0.0010025
NEBL/BTC,1606006129808,2020-11-22T00:48:49.808Z,buy,2.005e-05,8.0,0.0001604
NEBL/BTC,1606006129808,2020-11-22T00:48:49.808Z,buy,2.011e-05,8.0,0.00016088
NEBL/BTC,1606006374309,2020-11-22T00:52:54.309Z,sell,2e-05,258.0,0.00516
NEBL/BTC,1606006420590,2020-11-22T00:53:40.590Z,sell,1.991e-05,36.0,0.00071676
NEBL/BTC,1606006420590,2020-11-22T00:53:40.590Z,sell,1.991e-05,63.0,0.00125433
NEBL/BTC,1606006420590,2020-11-22T00:53:40.590Z,sell,1.989e-05,2.0,3.978e-05
NEBL/BTC,1606006547943,2020-11-22T00:55:47.943Z,sell,1.99e-05,156.0,0.0031043999999999
NEBL/BTC,1606006550061,2020-11-22T00:55:50.061Z,sell,1.99e-05,99.0,0.0019701
NEBL/BTC,1606006551819,2020-11-22T00:55:51.819Z,sell,1.99e-05,71.0,0.0014129
NEBL/BTC,1606006611442,2020-11-22T00:56:51.442Z,sell,1.99e-05,253.0,0.0050347
NEBL/BTC,1606006619138,2020-11-22T00:56:59.138Z,sell,1.99e-05,64.0,0.0012736
NEBL/BTC,1606006627320,2020-11-22T00:57:07.320Z,sell,1.989e-05,44.0,0.00087516
NEBL/BTC,1606006744618,2020-11-22T00:59:04.618Z,sell,1.99e-05,6.0,0.0001194
NEBL/BTC,1606006905057,2020-11-22T01:01:45.057Z,buy,1.988e-05,7.0,0.00013916
NEBL/BTC,1606006905057,2020-11-22T01:01:45.057Z,buy,1.988e-05,7.0,0.00013916
NEBL/BTC,1606007105988,2020-11-22T01:05:05.988Z,sell,1.986e-05,16.0,0.00031776
NEBL/BTC,1606007608279,2020-11-22T01:13:28.279Z,sell,1.986e-05,20.0,0.0003972
NEBL/BTC,1606007608279,2020-11-22T01:13:28.279Z,sell,1.98e-05,125.0,0.002475
NEBL/BTC,1606007608279,2020-11-22T01:13:28.279Z,sell,1.976e-05,25.0,0.000494
NEBL/BTC,1606007608279,2020-11-22T01:13:28.279Z,sell,1.975e-05,81.0,0.0015997499999999
NEBL/BTC,1606008310878,2020-11-22T01:25:10.878Z,sell,1.975e-05,6.0,0.0001185
NEBL/BTC,1606008310893,2020-11-22T01:25:10.893Z,buy,1.975e-05,13.0,0.00025675
NEBL/BTC,1606008310909,2020-11-22T01:25:10.909Z,buy,1.975e-05,13.0,0.00025675
NEBL/BTC,1606008527495,2020-11-22T01:28:47.495Z,sell,1.973e-05,35.0,0.00069055
NEBL/BTC,1606008529846,2020-11-22T01:28:49.846Z,buy,1.974e-05,25.0,0.0004935
NEBL/BTC,1606008766988,2020-11-22T01:32:46.988Z,sell,1.979e-05,776.0,0.0153570399999999
NEBL/BTC,1606008766988,2020-11-22T01:32:46.988Z,sell,1.978e-05,134.0,0.00265052
NEBL/BTC,1606008766988,2020-11-22T01:32:46.988Z,sell,1.972e-05,2918.0,0.05754296
NEBL/BTC,1606008780862,2020-11-22T01:33:00.862Z,sell,1.969e-05,163.0,0.00320947
NEBL/BTC,1606009005945,2020-11-22T01:36:45.945Z,buy,1.972e-05,1438.0,0.02835736
NEBL/BTC,1606009390122,2020-11-22T01:43:10.122Z,sell,1.969e-05,13.0,0.00025597
NEBL/BTC,1606009400023,2020-11-22T01:43:20.023Z,sell,1.969e-05,59.0,0.00116171
NEBL/BTC,1606009400023,2020-11-22T01:43:20.023Z,sell,1.967e-05,129.0,0.00253743
NEBL/BTC,1606009400023,2020-11-22T01:43:20.023Z,sell,1.966e-05,88.0,0.00173008
NEBL/BTC,1606009400023,2020-11-22T01:43:20.023Z,sell,1.965e-05,100.0,0.001965
NEBL/BTC,1606009442072,2020-11-22T01:44:02.072Z,buy,1.957e-05,63.0,0.00123291
NEBL/BTC,1606009445739,2020-11-22T01:44:05.739Z,sell,1.955e-05,125.0,0.00244375
NEBL/BTC,1606009445739,2020-11-22T01:44:05.739Z,sell,1.954e-05,9.0,0.00017586
NEBL/BTC,1606009446608,2020-11-22T01:44:06.608Z,buy,1.953e-05,28.0,0.00054684
NEBL/BTC,1606009447608,2020-11-22T01:44:07.608Z,buy,1.953e-05,200.0,0.003906
NEBL/BTC,1606009450435,2020-11-22T01:44:10.435Z,sell,1.95e-05,6.0,0.000117
NEBL/BTC,1606009450435,2020-11-22T01:44:10.435Z,sell,1.948e-05,6.0,0.00011688
NEBL/BTC,1606009450435,2020-11-22T01:44:10.435Z,sell,1.945e-05,12.0,0.0002333999999999
NEBL/BTC,1606009450435,2020-11-22T01:44:10.435Z,sell,1.94e-05,106.0,0.0020564
NEBL/BTC,1606009450435,2020-11-22T01:44:10.435Z,sell,1.937e-05,12.0,0.00023244
NEBL/BTC,1606009450435,2020-11-22T01:44:10.435Z,sell,1.936e-05,578.0,0.01119008
NEBL/BTC,1606009450435,2020-11-22T01:44:10.435Z,sell,1.935e-05,167.0,0.00323145
NEBL/BTC,1606009480955,2020-11-22T01:44:40.955Z,buy,1.951e-05,258.0,0.00503358
NEBL/BTC,1606009491118,2020-11-22T01:44:51.118Z,sell,1.935e-05,258.0,0.0049923
NEBL/BTC,1606009491118,2020-11-22T01:44:51.118Z,sell,1.935e-05,258.0,0.0049923
NEBL/BTC,1606010510299,2020-11-22T02:01:50.299Z,buy,1.949e-05,489.0,0.00953061
NEBL/BTC,1606011425670,2020-11-22T02:17:05.670Z,buy,1.949e-05,505.0,0.00984245
NEBL/BTC,1606011537967,2020-11-22T02:18:57.967Z,sell,1.943e-05,65.0,0.0012629499999999
NEBL/BTC,1606011537967,2020-11-22T02:18:57.967Z,sell,1.942e-05,1056.0,0.02050752
NEBL/BTC,1606011537967,2020-11-22T02:18:57.967Z,sell,1.939e-05,705.0,0.01366995
NEBL/BTC,1606011537967,2020-11-22T02:18:57.967Z,sell,1.938e-05,8.0,0.00015504
NEBL/BTC,1606011537967,2020-11-22T02:18:57.967Z,sell,1.937e-05,268.0,0.00519116
NEBL/BTC,1606011543924,2020-11-22T02:19:03.924Z,sell,1.937e-05,82.0,0.00158834
NEBL/BTC,1606011543924,2020-11-22T02:19:03.924Z,sell,1.937e-05,77.0,0.0014914899999999
NEBL/BTC,1606011586683,2020-11-22T02:19:46.683Z,sell,1.939e-05,19.0,0.00036841
NEBL/BTC,1606011586683,2020-11-22T02:19:46.683Z,sell,1.937e-05,1088.0,0.02107456
NEBL/BTC,1606011664736,2020-11-22T02:21:04.736Z,sell,1.938e-05,355.0,0.0068799
NEBL/BTC,1606011664736,2020-11-22T02:21:04.736Z,sell,1.937e-05,749.0,0.01450813
NEBL/BTC,1606011687173,2020-11-22T02:21:27.173Z,sell,1.937e-05,764.0,0.01479868
NEBL/BTC,1606011687173,2020-11-22T02:21:27.173Z,sell,1.935e-05,71.0,0.00137385
NEBL/BTC,1606011687173,2020-11-22T02:21:27.173Z,sell,1.934e-05,269.0,0.00520246
NEBL/BTC,1606011707649,2020-11-22T02:21:47.649Z,sell,1.936e-05,217.0,0.00420112
NEBL/BTC,1606011707649,2020-11-22T02:21:47.649Z,sell,1.935e-05,509.0,0.00984915
NEBL/BTC,1606011707649,2020-11-22T02:21:47.649Z,sell,1.934e-05,31.0,0.00059954
NEBL/BTC,1606011707649,2020-11-22T02:21:47.649Z,sell,1.932e-05,41.0,0.00079212
NEBL/BTC,1606011707649,2020-11-22T02:21:47.649Z,sell,1.931e-05,8.0,0.00015448
NEBL/BTC,1606011707649,2020-11-22T02:21:47.649Z,sell,1.93e-05,298.0,0.0057514
NEBL/BTC,1606011726729,2020-11-22T02:22:06.729Z,sell,1.934e-05,457.0,0.00883838
NEBL/BTC,1606011726729,2020-11-22T02:22:06.729Z,sell,1.933e-05,78.0,0.00150774
NEBL/BTC,1606011726729,2020-11-22T02:22:06.729Z,sell,1.93e-05,569.0,0.0109817
NEBL/BTC,1606011774419,2020-11-22T02:22:54.419Z,sell,1.932e-05,2111.0,0.04078452
NEBL/BTC,1606011774443,2020-11-22T02:22:54.443Z,sell,1.932e-05,555.0,0.0107226
NEBL/BTC,1606011813220,2020-11-22T02:23:33.220Z,sell,1.931e-05,2111.0,0.04076341
NEBL/BTC,1606011835473,2020-11-22T02:23:55.473Z,sell,1.931e-05,1086.0,0.02097066
NEBL/BTC,1606011835473,2020-11-22T02:23:55.473Z,sell,1.93e-05,861.0,0.0166173
NEBL/BTC,1606011835473,2020-11-22T02:23:55.473Z,sell,1.929e-05,164.0,0.00316356
NEBL/BTC,1606011835473,2020-11-22T02:23:55.473Z,sell,1.929e-05,35.0,0.00067515
NEBL/BTC,1606011840162,2020-11-22T02:24:00.162Z,sell,1.93e-05,60.0,0.001158
NEBL/BTC,1606011840829,2020-11-22T02:24:00.829Z,sell,1.93e-05,16.0,0.0003088
NEBL/BTC,1606011854846,2020-11-22T02:24:14.846Z,sell,1.93e-05,2111.0,0.0407423
NEBL/BTC,1606011876014,2020-11-22T02:24:36.014Z,sell,1.93e-05,2111.0,0.0407423
NEBL/BTC,1606011894306,2020-11-22T02:24:54.306Z,sell,1.93e-05,2111.0,0.0407423
NEBL/BTC,1606011912668,2020-11-22T02:25:12.668Z,sell,1.93e-05,2111.0,0.0407423
NEBL/BTC,1606011933944,2020-11-22T02:25:33.944Z,sell,1.931e-05,2111.0,0.04076341
NEBL/BTC,1606011951211,2020-11-22T02:25:51.211Z,sell,1.931e-05,1512.0,0.02919672
NEBL/BTC,1606012703039,2020-11-22T02:38:23.039Z,buy,1.947e-05,312.0,0.00607464
NEBL/BTC,1606012704190,2020-11-22T02:38:24.190Z,buy,1.949e-05,12.0,0.00023388
NEBL/BTC,1606012704190,2020-11-22T02:38:24.190Z,buy,1.949e-05,12.0,0.00023388
NEBL/BTC,1606013139903,2020-11-22T02:45:39.903Z,sell,1.947e-05,42.0,0.00081774
NEBL/BTC,1606013771128,2020-11-22T02:56:11.128Z,buy,1.949e-05,47.0,0.00091603
NEBL/BTC,1606013997390,2020-11-22T02:59:57.390Z,buy,1.949e-05,2360.0,0.0459964
NEBL/BTC,1606013997390,2020-11-22T02:59:57.390Z,buy,1.955e-05,125.0,0.00244375
NEBL/BTC,1606013997390,2020-11-22T02:59:57.390Z,buy,1.965e-05,312.0,0.0061308
NEBL/BTC,1606013997390,2020-11-22T02:59:57.390Z,buy,1.969e-05,14.0,0.00027566
NEBL/BTC,1606013997390,2020-11-22T02:59:57.390Z,buy,1.971e-05,1523.0,0.03001833
NEBL/BTC,1606013997390,2020-11-22T02:59:57.390Z,buy,1.972e-05,3662.0,0.07221464
NEBL/BTC,1606013997399,2020-11-22T02:59:57.399Z,sell,1.972e-05,42.0,0.00082824
NEBL/BTC,1606013997399,2020-11-22T02:59:57.399Z,sell,1.972e-05,26.0,0.00051272
NEBL/BTC,1606014103344,2020-11-22T03:01:43.344Z,sell,1.951e-05,48.0,0.00093648
NEBL/BTC,1606014147550,2020-11-22T03:02:27.550Z,sell,1.951e-05,50.0,0.0009755
NEBL/BTC,1606014365937,2020-11-22T03:06:05.937Z,buy,1.97e-05,228.0,0.0044916
NEBL/BTC,1606014366239,2020-11-22T03:06:06.239Z,buy,1.97e-05,200.0,0.00394
NEBL/BTC,1606014534933,2020-11-22T03:08:54.933Z,buy,1.963e-05,217.0,0.00425971
NEBL/BTC,1606014534933,2020-11-22T03:08:54.933Z,buy,1.964e-05,1791.0,0.0351752399999999
NEBL/BTC,1606014534933,2020-11-22T03:08:54.933Z,buy,1.97e-05,214.0,0.0042158
NEBL/BTC,1606014534942,2020-11-22T03:08:54.942Z,sell,1.97e-05,481.0,0.0094757
NEBL/BTC,1606014627298,2020-11-22T03:10:27.298Z,buy,1.964e-05,165.0,0.0032405999999999
NEBL/BTC,1606014627298,2020-11-22T03:10:27.298Z,buy,1.965e-05,9669.0,0.18999585
NEBL/BTC,1606014627298,2020-11-22T03:10:27.298Z,buy,1.971e-05,166.0,0.0032718599999999
NEBL/BTC,1606014640809,2020-11-22T03:10:40.809Z,buy,1.97e-05,50.0,0.000985
NEBL/BTC,1606014705225,2020-11-22T03:11:45.225Z,buy,1.97e-05,1336.0,0.0263192
NEBL/BTC,1606014899932,2020-11-22T03:14:59.932Z,buy,1.97e-05,1603.0,0.0315791
NEBL/BTC,1606015078129,2020-11-22T03:17:58.129Z,sell,1.953e-05,1291.0,0.02521323
NEBL/BTC,1606015078129,2020-11-22T03:17:58.129Z,sell,1.95e-05,155.0,0.0030225
NEBL/BTC,1606015078129,2020-11-22T03:17:58.129Z,sell,1.948e-05,6.0,0.00011688
NEBL/BTC,1606015078129,2020-11-22T03:17:58.129Z,sell,1.946e-05,36.0,0.00070056
NEBL/BTC,1606015078129,2020-11-22T03:17:58.129Z,sell,1.94e-05,312.0,0.0060528
NEBL/BTC,1606015078129,2020-11-22T03:17:58.129Z,sell,1.939e-05,294.0,0.00570066
NEBL/BTC,1606015387821,2020-11-22T03:23:07.821Z,sell,1.948e-05,151.0,0.00294148
NEBL/BTC,1606015387821,2020-11-22T03:23:07.821Z,sell,1.947e-05,849.0,0.01653003
NEBL/BTC,1606015478000,2020-11-22T03:24:38.000Z,sell,1.948e-05,15.0,0.0002922
NEBL/BTC,1606015598382,2020-11-22T03:26:38.382Z,sell,1.948e-05,500.0,0.00974
NEBL/BTC,1606015598382,2020-11-22T03:26:38.382Z,sell,1.948e-05,500.0,0.00974
NEBL/BTC,1606016632835,2020-11-22T03:43:52.835Z,buy,1.955e-05,486.0,0.0095013
NEBL/BTC,1606018429214,2020-11-22T04:13:49.214Z,sell,1.948e-05,217.0,0.00422716
NEBL/BTC,1606019193223,2020-11-22T04:26:33.223Z,sell,1.949e-05,328.0,0.00639272
NEBL/BTC,1606019193223,2020-11-22T04:26:33.223Z,sell,1.949e-05,328.0,0.00639272
NEBL/BTC,1606020426811,2020-11-22T04:47:06.811Z,sell,1.95e-05,104.0,0.002028
NEBL/BTC,1606020861959,2020-11-22T04:54:21.959Z,sell,1.95e-05,374.0,0.007293
NEBL/BTC,1606021216044,2020-11-22T05:00:16.044Z,buy,1.955e-05,15.0,0.00029325
NEBL/BTC,1606021224432,2020-11-22T05:00:24.432Z,buy,1.959e-05,41.0,0.00080319
NEBL/BTC,1606022300024,2020-11-22T05:18:20.024Z,buy,1.959e-05,234.0,0.00458406
NEBL/BTC,1606022300024,2020-11-22T05:18:20.024Z,buy,1.959e-05,234.0,0.00458406
NEBL/BTC,1606023193531,2020-11-22T05:33:13.531Z,sell,1.955e-05,118.0,0.0023069
NEBL/BTC,1606023613745,2020-11-22T05:40:13.745Z,sell,1.955e-05,27.0,0.00052785
NEBL/BTC,1606023948487,2020-11-22T05:45:48.487Z,buy,1.956e-05,47.0,0.00091932
NEBL/BTC,1606023948487,2020-11-22T05:45:48.487Z,buy,1.957e-05,19.0,0.00037183
NEBL/BTC,1606024904055,2020-11-22T06:01:44.055Z,buy,1.957e-05,7.0,0.00013699
NEBL/BTC,1606025592737,2020-11-22T06:13:12.737Z,sell,1.95e-05,211.0,0.0041145
NEBL/BTC,1606025592753,2020-11-22T06:13:12.753Z,sell,1.95e-05,49.0,0.0009555
NEBL/BTC,1606025592776,2020-11-22T06:13:12.776Z,sell,1.95e-05,49.0,0.0009555
NEBL/BTC,1606025592784,2020-11-22T06:13:12.784Z,sell,1.95e-05,28.0,0.000546
NEBL/BTC,1606025592792,2020-11-22T06:13:12.792Z,sell,1.95e-05,21.0,0.0004095
NEBL/BTC,1606025592804,2020-11-22T06:13:12.804Z,sell,1.95e-05,21.0,0.0004095
NEBL/BTC,1606025592816,2020-11-22T06:13:12.816Z,sell,1.95e-05,13.0,0.0002535
NEBL/BTC,1606025824066,2020-11-22T06:17:04.066Z,sell,1.95e-05,303.0,0.0059085
NEBL/BTC,1606025824066,2020-11-22T06:17:04.066Z,sell,1.95e-05,303.0,0.0059085
NEBL/BTC,1606026069551,2020-11-22T06:21:09.551Z,buy,1.95e-05,6.0,0.000117
NEBL/BTC,1606026278626,2020-11-22T06:24:38.626Z,sell,1.938e-05,245.0,0.0047481
NEBL/BTC,1606026278626,2020-11-22T06:24:38.626Z,sell,1.937e-05,564.0,0.0109246799999999
NEBL/BTC,1606026284129,2020-11-22T06:24:44.129Z,sell,1.937e-05,905.0,0.01752985
NEBL/BTC,1606026432787,2020-11-22T06:27:12.787Z,sell,1.937e-05,16.0,0.00030992
NEBL/BTC,1606026432800,2020-11-22T06:27:12.800Z,buy,1.935e-05,165.0,0.00319275
NEBL/BTC,1606026500265,2020-11-22T06:28:20.265Z,buy,1.934e-05,28.0,0.00054152
NEBL/BTC,1606026500283,2020-11-22T06:28:20.283Z,buy,1.934e-05,21.0,0.00040614
NEBL/BTC,1606026505002,2020-11-22T06:28:25.002Z,buy,1.934e-05,21.0,0.00040614
NEBL/BTC,1606026505021,2020-11-22T06:28:25.021Z,buy,1.934e-05,13.0,0.00025142
NEBL/BTC,1606026505354,2020-11-22T06:28:25.354Z,buy,1.933e-05,9.0,0.00017397
NEBL/BTC,1606026507814,2020-11-22T06:28:27.814Z,buy,1.934e-05,13.0,0.00025142
NEBL/BTC,1606027008004,2020-11-22T06:36:48.004Z,buy,1.934e-05,75.0,0.0014505
NEBL/BTC,1606027008004,2020-11-22T06:36:48.004Z,buy,1.938e-05,236.0,0.00457368
NEBL/BTC,1606027008478,2020-11-22T06:36:48.478Z,sell,1.938e-05,206.0,0.00399228
NEBL/BTC,1606029367583,2020-11-22T07:16:07.583Z,sell,1.937e-05,630.0,0.0122031
NEBL/BTC,1606029367583,2020-11-22T07:16:07.583Z,sell,1.937e-05,630.0,0.0122031
NEBL/BTC,1606029655454,2020-11-22T07:20:55.454Z,sell,1.937e-05,6.0,0.00011622
NEBL/BTC,1606030021068,2020-11-22T07:27:01.068Z,sell,1.937e-05,439.0,0.00850343
NEBL/BTC,1606030187124,2020-11-22T07:29:47.124Z,sell,1.931e-05,10.0,0.0001931
NEBL/BTC,1606030187124,2020-11-22T07:29:47.124Z,sell,1.93e-05,125.0,0.0024125
NEBL/BTC,1606030800177,2020-11-22T07:40:00.177Z,buy,1.932e-05,409.0,0.00790188
NEBL/BTC,1606030984440,2020-11-22T07:43:04.440Z,buy,1.933e-05,386.0,0.00746138
NEBL/BTC,1606031011510,2020-11-22T07:43:31.510Z,buy,1.936e-05,328.0,0.00635008
NEBL/BTC,1606031764663,2020-11-22T07:56:04.663Z,buy,1.936e-05,211.0,0.00408496
NEBL/BTC,1606031764663,2020-11-22T07:56:04.663Z,buy,1.936e-05,211.0,0.00408496
NEBL/BTC,1606033503778,2020-11-22T08:25:03.778Z,sell,1.931e-05,33.0,0.00063723
NEBL/BTC,1606033503778,2020-11-22T08:25:03.778Z,sell,1.929e-05,403.0,0.0077738699999999
NEBL/BTC,1606033503778,2020-11-22T08:25:03.778Z,sell,1.927e-05,18.0,0.00034686
NEBL/BTC,1606033503778,2020-11-22T08:25:03.778Z,sell,1.926e-05,41.0,0.00078966
NEBL/BTC,1606033503778,2020-11-22T08:25:03.778Z,sell,1.924e-05,6.0,0.0001154399999999
NEBL/BTC,1606033503778,2020-11-22T08:25:03.778Z,sell,1.921e-05,245.0,0.00470645
NEBL/BTC,1606033503778,2020-11-22T08:25:03.778Z,sell,1.92e-05,6.0,0.0001152
NEBL/BTC,1606033503778,2020-11-22T08:25:03.778Z,sell,1.919e-05,193.0,0.00370367
NEBL/BTC,1606033552298,2020-11-22T08:25:52.298Z,buy,1.935e-05,2.0,3.87e-05
NEBL/BTC,1606033628826,2020-11-22T08:27:08.826Z,sell,1.92e-05,409.0,0.0078528
NEBL/BTC,1606033658457,2020-11-22T08:27:38.457Z,sell,1.919e-05,2535.0,0.04864665
NEBL/BTC,1606034385403,2020-11-22T08:39:45.403Z,buy,1.93e-05,422.0,0.0081446
NEBL/BTC,1606034385403,2020-11-22T08:39:45.403Z,buy,1.934e-05,176.0,0.00340384
NEBL/BTC,1606034385403,2020-11-22T08:39:45.403Z,buy,1.935e-05,1715.0,0.03318525
NEBL/BTC,1606034385843,2020-11-22T08:39:45.843Z,sell,1.935e-05,358.0,0.0069273
NEBL/BTC,1606034404114,2020-11-22T08:40:04.114Z,buy,1.934e-05,1632.0,0.03156288
NEBL/BTC,1606034856124,2020-11-22T08:47:36.124Z,buy,1.934e-05,13.0,0.00025142
NEBL/BTC,1606035197734,2020-11-22T08:53:17.734Z,sell,1.92e-05,471.0,0.0090432
NEBL/BTC,1606035197734,2020-11-22T08:53:17.734Z,sell,1.92e-05,471.0,0.0090432
NEBL/BTC,1606035483217,2020-11-22T08:58:03.217Z,buy,1.934e-05,15.0,0.0002901
NEBL/BTC,1606035821875,2020-11-22T09:03:41.875Z,buy,1.934e-05,499.0,0.00965066
NEBL/BTC,1606035844786,2020-11-22T09:04:04.786Z,buy,1.935e-05,2.0,3.87e-05
NEBL/BTC,1606036658139,2020-11-22T09:17:38.139Z,sell,1.925e-05,2218.0,0.0426965
NEBL/BTC,1606036658139,2020-11-22T09:17:38.139Z,sell,1.924e-05,1275.0,0.0245309999999999
NEBL/BTC,1606036658154,2020-11-22T09:17:38.154Z,buy,1.924e-05,500.0,0.00962
NEBL/BTC,1606036666606,2020-11-22T09:17:46.606Z,buy,1.924e-05,213.0,0.0040981199999999
NEBL/BTC,1606036689801,2020-11-22T09:18:09.801Z,buy,1.924e-05,6.0,0.0001154399999999
NEBL/BTC,1606036935296,2020-11-22T09:22:15.296Z,buy,1.924e-05,281.0,0.0054064399999999
NEBL/BTC,1606036935437,2020-11-22T09:22:15.437Z,buy,1.924e-05,257.0,0.00494468
NEBL/BTC,1606037051625,2020-11-22T09:24:11.625Z,sell,1.924e-05,307.0,0.0059066799999999
NEBL/BTC,1606038302737,2020-11-22T09:45:02.737Z,buy,1.94e-05,158.0,0.0030652
NEBL/BTC,1606038334187,2020-11-22T09:45:34.187Z,sell,1.934e-05,67.0,0.00129578
NEBL/BTC,1606038549592,2020-11-22T09:49:09.592Z,sell,1.934e-05,6.0,0.00011604
NEBL/BTC,1606038549592,2020-11-22T09:49:09.592Z,sell,1.934e-05,6.0,0.00011604
NEBL/BTC,1606039481846,2020-11-22T10:04:41.846Z,buy,1.944e-05,7.0,0.00013608
NEBL/BTC,1606040696989,2020-11-22T10:24:56.989Z,buy,1.944e-05,6.0,0.00011664
NEBL/BTC,1606040696989,2020-11-22T10:24:56.989Z,buy,1.948e-05,167.0,0.00325316
NEBL/BTC,1606041038496,2020-11-22T10:30:38.496Z,sell,1.946e-05,495.0,0.0096327
NEBL/BTC,1606041351509,2020-11-22T10:35:51.509Z,buy,1.951e-05,7.0,0.00013657
NEBL/BTC,1606041351509,2020-11-22T10:35:51.509Z,buy,1.952e-05,262.0,0.00511424
NEBL/BTC,1606041351509,2020-11-22T10:35:51.509Z,buy,1.954e-05,227.0,0.00443558
NEBL/BTC,1606041351509,2020-11-22T10:35:51.509Z,buy,1.955e-05,1604.0,0.0313582
NEBL/BTC,1606041351509,2020-11-22T10:35:51.509Z,buy,1.956e-05,654.0,0.01279224
NEBL/BTC,1606041351509,2020-11-22T10:35:51.509Z,buy,1.959e-05,1546.0,0.03028614
NEBL/BTC,1606041351509,2020-11-22T10:35:51.509Z,buy,1.96e-05,418.0,0.0081928
NEBL/BTC,1606041351509,2020-11-22T10:35:51.509Z,buy,1.964e-05,2790.0,0.0547955999999999
NEBL/BTC,1606041355612,2020-11-22T10:35:55.612Z,buy,1.963e-05,98.0,0.00192374
NEBL/BTC,1606041641642,2020-11-22T10:40:41.642Z,sell,1.946e-05,496.0,0.00965216
NEBL/BTC,1606041815171,2020-11-22T10:43:35.171Z,buy,1.959e-05,4005.0,0.07845795
NEBL/BTC,1606041815171,2020-11-22T10:43:35.171Z,buy,1.962e-05,188.0,0.0036885599999999
NEBL/BTC,1606041815171,2020-11-22T10:43:35.171Z,buy,1.963e-05,3507.0,0.06884241
NEBL/BTC,1606041886892,2020-11-22T10:44:46.892Z,buy,1.964e-05,89.0,0.0017479599999999
NEBL/BTC,1606041886892,2020-11-22T10:44:46.892Z,buy,1.965e-05,3761.0,0.07390365
NEBL/BTC,1606041913831,2020-11-22T10:45:13.831Z,buy,1.968e-05,3669.0,0.07220592
NEBL/BTC,1606041913846,2020-11-22T10:45:13.846Z,sell,1.949e-05,166.0,0.00323534
NEBL/BTC,1606041937560,2020-11-22T10:45:37.560Z,sell,1.952e-05,6.0,0.0001171199999999
NEBL/BTC,1606041990076,2020-11-22T10:46:30.076Z,buy,1.965e-05,172.0,0.0033798
NEBL/BTC,1606041990076,2020-11-22T10:46:30.076Z,buy,1.966e-05,4328.0,0.08508848
NEBL/BTC,1606042010263,2020-11-22T10:46:50.263Z,buy,1.966e-05,675.0,0.0132705
NEBL/BTC,1606042134180,2020-11-22T10:48:54.180Z,buy,1.969e-05,6.0,0.00011814
NEBL/BTC,1606042134180,2020-11-22T10:48:54.180Z,buy,1.971e-05,4194.0,0.08266374
NEBL/BTC,1606042134180,2020-11-22T10:48:54.180Z,buy,1.969e-05,6.0,0.00011814
NEBL/BTC,1606042134180,2020-11-22T10:48:54.180Z,buy,1.971e-05,4194.0,0.08266374
NEBL/BTC,1606042170457,2020-11-22T10:49:30.457Z,buy,1.971e-05,1152.0,0.0227059199999999
NEBL/BTC,1606042170457,2020-11-22T10:49:30.457Z,buy,1.972e-05,606.0,0.01195032
NEBL/BTC,1606042330279,2020-11-22T10:52:10.279Z,buy,1.972e-05,6.0,0.00011832
NEBL/BTC,1606042330289,2020-11-22T10:52:10.289Z,sell,1.972e-05,19.0,0.00037468
NEBL/BTC,1606042741193,2020-11-22T10:59:01.193Z,buy,1.972e-05,89.0,0.00175508
NEBL/BTC,1606042741193,2020-11-22T10:59:01.193Z,buy,1.973e-05,163.0,0.0032159899999999
NEBL/BTC,1606042847205,2020-11-22T11:00:47.205Z,buy,1.972e-05,248.0,0.00489056
NEBL/BTC,1606042921805,2020-11-22T11:02:01.805Z,sell,1.964e-05,7.0,0.00013748
NEBL/BTC,1606043247860,2020-11-22T11:07:27.860Z,sell,1.965e-05,8.0,0.0001572
NEBL/BTC,1606043287978,2020-11-22T11:08:07.978Z,buy,1.967e-05,183.0,0.00359961
NEBL/BTC,1606043812722,2020-11-22T11:16:52.722Z,sell,1.966e-05,7.0,0.00013762
NEBL/BTC,1606044601923,2020-11-22T11:30:01.923Z,sell,1.977e-05,279.0,0.0055158299999999
NEBL/BTC,1606044660807,2020-11-22T11:31:00.807Z,sell,1.977e-05,334.0,0.0066031799999999
NEBL/BTC,1606044753631,2020-11-22T11:32:33.631Z,sell,1.976e-05,279.0,0.00551304
NEBL/BTC,1606044760641,2020-11-22T11:32:40.641Z,sell,1.976e-05,117.0,0.00231192
NEBL/BTC,1606044766603,2020-11-22T11:32:46.603Z,sell,1.975e-05,203.0,0.00400925
NEBL/BTC,1606044767618,2020-11-22T11:32:47.618Z,sell,1.974e-05,76.0,0.00150024
NEBL/BTC,1606044782713,2020-11-22T11:33:02.713Z,sell,1.974e-05,182.0,0.00359268
NEBL/BTC,1606044841552,2020-11-22T11:34:01.552Z,sell,1.975e-05,8.0,0.000158
NEBL/BTC,1606044841858,2020-11-22T11:34:01.858Z,sell,1.975e-05,398.0,0.0078605
NEBL/BTC,1606044841858,2020-11-22T11:34:01.858Z,sell,1.974e-05,141.0,0.00278334
NEBL/BTC,1606045063118,2020-11-22T11:37:43.118Z,sell,1.968e-05,254.0,0.00499872
NEBL/BTC,1606045063118,2020-11-22T11:37:43.118Z,sell,1.966e-05,4044.0,0.07950504
NEBL/BTC,1606045224794,2020-11-22T11:40:24.794Z,sell,1.967e-05,49.0,0.0009638299999999
NEBL/BTC,1606045321572,2020-11-22T11:42:01.572Z,sell,1.967e-05,133.0,0.00261611
NEBL/BTC,1606045481170,2020-11-22T11:44:41.170Z,sell,1.967e-05,262.0,0.00515354
NEBL/BTC,1606045481196,2020-11-22T11:44:41.196Z,sell,1.967e-05,280.0,0.0055076
NEBL/BTC,1606045535413,2020-11-22T11:45:35.413Z,sell,1.968e-05,1253.0,0.02465904
NEBL/BTC,1606045535413,2020-11-22T11:45:35.413Z,sell,1.967e-05,1557.0,0.03062619
NEBL/BTC,1606045535413,2020-11-22T11:45:35.413Z,sell,1.966e-05,2021.0,0.03973286
NEBL/BTC,1606045640746,2020-11-22T11:47:20.746Z,sell,1.948e-05,6.0,0.00011688
NEBL/BTC,1606045689691,2020-11-22T11:48:09.691Z,buy,1.947e-05,6.0,0.00011682
NEBL/BTC,1606045689691,2020-11-22T11:48:09.691Z,buy,1.947e-05,6.0,0.00011682
NEBL/BTC,1606045830984,2020-11-22T11:50:30.984Z,buy,1.947e-05,5.0,9.735e-05
NEBL/BTC,1606045874329,2020-11-22T11:51:14.329Z,sell,1.94e-05,100.0,0.00194
NEBL/BTC,1606045992188,2020-11-22T11:53:12.188Z,sell,1.932e-05,6.0,0.00011592
NEBL/BTC,1606045992188,2020-11-22T11:53:12.188Z,sell,1.93e-05,125.0,0.0024125
NEBL/BTC,1606046040505,2020-11-22T11:54:00.505Z,sell,1.927e-05,6.0,0.00011562
NEBL/BTC,1606046040505,2020-11-22T11:54:00.505Z,sell,1.92e-05,7.0,0.0001344
NEBL/BTC,1606046040505,2020-11-22T11:54:00.505Z,sell,1.917e-05,1.0,1.917e-05
NEBL/BTC,1606046040940,2020-11-22T11:54:00.940Z,buy,1.931e-05,6.0,0.0001158599999999
NEBL/BTC,1606046106208,2020-11-22T11:55:06.208Z,buy,1.93e-05,10.0,0.000193
NEBL/BTC,1606046131017,2020-11-22T11:55:31.017Z,buy,1.932e-05,174.0,0.00336168
NEBL/BTC,1606046498540,2020-11-22T12:01:38.540Z,buy,1.931e-05,7.0,0.00013517
NEBL/BTC,1606046581412,2020-11-22T12:03:01.412Z,buy,1.931e-05,195.0,0.00376545
NEBL/BTC,1606046643386,2020-11-22T12:04:03.386Z,sell,1.918e-05,470.0,0.0090146
NEBL/BTC,1606046957209,2020-11-22T12:09:17.209Z,buy,1.934e-05,4082.0,0.07894588
NEBL/BTC,1606047016176,2020-11-22T12:10:16.176Z,sell,1.929e-05,252.0,0.00486108
NEBL/BTC,1606047032310,2020-11-22T12:10:32.310Z,buy,1.945e-05,252.0,0.0049013999999999
NEBL/BTC,1606047032310,2020-11-22T12:10:32.310Z,buy,1.946e-05,1337.0,0.02601802
NEBL/BTC,1606047032325,2020-11-22T12:10:32.325Z,sell,1.946e-05,11.0,0.00021406
NEBL/BTC,1606047743750,2020-11-22T12:22:23.750Z,buy,1.946e-05,6.0,0.00011676
NEBL/BTC,1606047789357,2020-11-22T12:23:09.357Z,sell,1.946e-05,32.0,0.00062272
NEBL/BTC,1606048599555,2020-11-22T12:36:39.555Z,buy,1.948e-05,6.0,0.00011688
NEBL/BTC,1606048599555,2020-11-22T12:36:39.555Z,buy,1.955e-05,125.0,0.00244375
NEBL/BTC,1606048599555,2020-11-22T12:36:39.555Z,buy,1.965e-05,79.0,0.00155235
NEBL/BTC,1606049225480,2020-11-22T12:47:05.480Z,buy,1.965e-05,27.0,0.00053055
NEBL/BTC,1606049225480,2020-11-22T12:47:05.480Z,buy,1.969e-05,6.0,0.00011814
NEBL/BTC,1606049225480,2020-11-22T12:47:05.480Z,buy,1.98e-05,125.0,0.002475
NEBL/BTC,1606049225493,2020-11-22T12:47:05.493Z,sell,1.98e-05,13.0,0.0002574
NEBL/BTC,1606049225509,2020-11-22T12:47:05.509Z,sell,1.98e-05,13.0,0.0002574
NEBL/BTC,1606049225538,2020-11-22T12:47:05.538Z,sell,1.98e-05,13.0,0.0002574
NEBL/BTC,1606049225614,2020-11-22T12:47:05.614Z,sell,1.98e-05,48.0,0.0009504
NEBL/BTC,1606049248781,2020-11-22T12:47:28.781Z,buy,1.98e-05,55.0,0.001089
NEBL/BTC,1606049248781,2020-11-22T12:47:28.781Z,buy,1.98e-05,55.0,0.001089
NEBL/BTC,1606049676097,2020-11-22T12:54:36.097Z,buy,1.98e-05,220.0,0.004356
NEBL/BTC,1606049676111,2020-11-22T12:54:36.111Z,sell,1.98e-05,49.0,0.0009702
NEBL/BTC,1606049860533,2020-11-22T12:57:40.533Z,buy,1.984e-05,6.0,0.00011904
NEBL/BTC,1606050070479,2020-11-22T13:01:10.479Z,sell,1.977e-05,6.0,0.00011862
NEBL/BTC,1606050120758,2020-11-22T13:02:00.758Z,sell,1.965e-05,7.0,0.00013755
NEBL/BTC,1606050120758,2020-11-22T13:02:00.758Z,sell,1.965e-05,96.0,0.0018863999999999
NEBL/BTC,1606050995277,2020-11-22T13:16:35.277Z,sell,1.968e-05,203.0,0.00399504
NEBL/BTC,1606050995277,2020-11-22T13:16:35.277Z,sell,1.966e-05,1024.0,0.02013184
NEBL/BTC,1606050995290,2020-11-22T13:16:35.290Z,buy,1.966e-05,13.0,0.00025558
NEBL/BTC,1606051002988,2020-11-22T13:16:42.988Z,buy,1.966e-05,18.0,0.00035388
NEBL/BTC,1606051056640,2020-11-22T13:17:36.640Z,sell,1.965e-05,114.0,0.0022401
NEBL/BTC,1606051056656,2020-11-22T13:17:36.656Z,sell,1.965e-05,28.0,0.0005502
NEBL/BTC,1606051147756,2020-11-22T13:19:07.756Z,buy,1.966e-05,2571.0,0.05054586
NEBL/BTC,1606052270269,2020-11-22T13:37:50.269Z,buy,1.983e-05,51.0,0.00101133
NEBL/BTC,1606052362216,2020-11-22T13:39:22.216Z,sell,1.983e-05,946.0,0.01875918
NEBL/BTC,1606052362216,2020-11-22T13:39:22.216Z,sell,1.983e-05,946.0,0.01875918
NEBL/BTC,1606053252113,2020-11-22T13:54:12.113Z,buy,1.983e-05,6.0,0.00011898
NEBL/BTC,1606053252113,2020-11-22T13:54:12.113Z,buy,1.984e-05,344.0,0.00682496
NEBL/BTC,1606053252113,2020-11-22T13:54:12.113Z,buy,1.986e-05,150.0,0.002979
NEBL/BTC,1606053267003,2020-11-22T13:54:27.003Z,buy,1.986e-05,6.0,0.0001191599999999
NEBL/BTC,1606053768166,2020-11-22T14:02:48.166Z,sell,1.981e-05,202.0,0.00400162
NEBL/BTC,1606053768327,2020-11-22T14:02:48.327Z,sell,1.98e-05,160.0,0.003168
NEBL/BTC,1606053939102,2020-11-22T14:05:39.102Z,buy,1.986e-05,6.0,0.0001191599999999
NEBL/BTC,1606054104601,2020-11-22T14:08:24.601Z,sell,1.982e-05,23.0,0.00045586
NEBL/BTC,1606054247125,2020-11-22T14:10:47.125Z,sell,1.983e-05,202.0,0.00400566
NEBL/BTC,1606055546945,2020-11-22T14:32:26.945Z,buy,1.983e-05,160.0,0.0031728
NEBL/BTC,1606055593009,2020-11-22T14:33:13.009Z,sell,1.982e-05,159.0,0.00315138
NEBL/BTC,1606055593009,2020-11-22T14:33:13.009Z,sell,1.982e-05,159.0,0.00315138
NEBL/BTC,1606056366590,2020-11-22T14:46:06.590Z,buy,1.983e-05,307.0,0.00608781
NEBL/BTC,1606057272695,2020-11-22T15:01:12.695Z,buy,1.983e-05,10.0,0.0001983
NEBL/BTC,1606057380056,2020-11-22T15:03:00.056Z,buy,1.986e-05,32.0,0.00063552
NEBL/BTC,1606057484395,2020-11-22T15:04:44.395Z,sell,1.983e-05,31.0,0.00061473
NEBL/BTC,1606058728275,2020-11-22T15:25:28.275Z,sell,1.983e-05,307.0,0.00608781
NEBL/BTC,1606058728275,2020-11-22T15:25:28.275Z,sell,1.983e-05,307.0,0.00608781
NEBL/BTC,1606059744201,2020-11-22T15:42:24.201Z,buy,1.985e-05,20.0,0.000397
NEBL/BTC,1606059744201,2020-11-22T15:42:24.201Z,buy,1.986e-05,98.0,0.0019462799999999
NEBL/BTC,1606059744201,2020-11-22T15:42:24.201Z,buy,1.989e-05,42.0,0.00083538
NEBL/BTC,1606059759949,2020-11-22T15:42:39.949Z,buy,1.989e-05,202.0,0.00401778
NEBL/BTC,1606059852132,2020-11-22T15:44:12.132Z,sell,1.983e-05,132.0,0.00261756
NEBL/BTC,1606059852132,2020-11-22T15:44:12.132Z,sell,1.979e-05,6.0,0.0001187399999999
NEBL/BTC,1606059852132,2020-11-22T15:44:12.132Z,sell,1.972e-05,21.0,0.00041412
NEBL/BTC,1606061226335,2020-11-22T16:07:06.335Z,buy,1.989e-05,52.0,0.00103428
NEBL/BTC,1606061713138,2020-11-22T16:15:13.138Z,buy,1.99e-05,106.0,0.0021094
NEBL/BTC,1606062007632,2020-11-22T16:20:07.632Z,buy,1.992e-05,56.0,0.00111552
NEBL/BTC,1606062048859,2020-11-22T16:20:48.859Z,buy,1.992e-05,102.0,0.00203184
NEBL/BTC,1606062048859,2020-11-22T16:20:48.859Z,buy,1.992e-05,102.0,0.00203184
NEBL/BTC,1606062714038,2020-11-22T16:31:54.038Z,buy,1.994e-05,15.0,0.0002991
NEBL/BTC,1606063030293,2020-11-22T16:37:10.293Z,buy,1.994e-05,6.0,0.0001196399999999
NEBL/BTC,1606063030293,2020-11-22T16:37:10.293Z,buy,1.995e-05,179.0,0.00357105
NEBL/BTC,1606063030293,2020-11-22T16:37:10.293Z,buy,1.997e-05,213.0,0.00425361
NEBL/BTC,1606063030293,2020-11-22T16:37:10.293Z,buy,1.998e-05,757.0,0.0151248599999999
NEBL/BTC,1606063030293,2020-11-22T16:37:10.293Z,buy,2.002e-05,738.0,0.01477476
NEBL/BTC,1606063030293,2020-11-22T16:37:10.293Z,buy,2.002e-05,212.0,0.00424424
NEBL/BTC,1606063030307,2020-11-22T16:37:10.307Z,sell,2.002e-05,13.0,0.00026026
NEBL/BTC,1606063031225,2020-11-22T16:37:11.225Z,sell,2.002e-05,780.0,0.0156156
NEBL/BTC,1606063032671,2020-11-22T16:37:12.671Z,sell,2.002e-05,12.0,0.00024024
NEBL/BTC,1606063133482,2020-11-22T16:38:53.482Z,sell,2.002e-05,274.0,0.00548548
NEBL/BTC,1606063133498,2020-11-22T16:38:53.498Z,sell,2.002e-05,258.0,0.00516516
NEBL/BTC,1606063135031,2020-11-22T16:38:55.031Z,sell,1.983e-05,12.0,0.00023796
NEBL/BTC,1606063135097,2020-11-22T16:38:55.097Z,sell,1.983e-05,12.0,0.00023796
NEBL/BTC,1606063242154,2020-11-22T16:40:42.154Z,sell,1.988e-05,5.0,9.94e-05
NEBL/BTC,1606063328516,2020-11-22T16:42:08.516Z,buy,2.004e-05,6.0,0.00012024
NEBL/BTC,1606065187200,2020-11-22T17:13:07.200Z,buy,2.005e-05,60.0,0.001203
NEBL/BTC,1606065483404,2020-11-22T17:18:03.404Z,buy,2.005e-05,65.0,0.00130325
NEBL/BTC,1606065484061,2020-11-22T17:18:04.061Z,sell,2.005e-05,76.0,0.0015238
NEBL/BTC,1606065484061,2020-11-22T17:18:04.061Z,sell,2.005e-05,76.0,0.0015238
NEBL/BTC,1606065696639,2020-11-22T17:21:36.639Z,buy,2.011e-05,6.0,0.00012066
NEBL/BTC,1606065696639,2020-11-22T17:21:36.639Z,buy,2.012e-05,13.0,0.00026156
NEBL/BTC,1606065696639,2020-11-22T17:21:36.639Z,buy,2.015e-05,100.0,0.002015
NEBL/BTC,1606065696639,2020-11-22T17:21:36.639Z,buy,2.016e-05,7.0,0.00014112
NEBL/BTC,1606065696639,2020-11-22T17:21:36.639Z,buy,2.017e-05,9.0,0.0001815299999999
NEBL/BTC,1606065696639,2020-11-22T17:21:36.639Z,buy,2.02e-05,427.0,0.0086254
NEBL/BTC,1606065696639,2020-11-22T17:21:36.639Z,buy,2.023e-05,38.0,0.00076874
NEBL/BTC,1606065696639,2020-11-22T17:21:36.639Z,buy,2.023e-05,91.0,0.00184093
NEBL/BTC,1606065696639,2020-11-22T17:21:36.639Z,buy,2.024e-05,190.0,0.0038456
NEBL/BTC,1606065720803,2020-11-22T17:22:00.803Z,sell,2.013e-05,438.0,0.0088169399999999
NEBL/BTC,1606066019772,2020-11-22T17:26:59.772Z,sell,2.006e-05,13.0,0.00026078
NEBL/BTC,1606066019772,2020-11-22T17:26:59.772Z,sell,2.005e-05,608.0,0.0121904
NEBL/BTC,1606066019772,2020-11-22T17:26:59.772Z,sell,2.003e-05,1245.0,0.02493735
NEBL/BTC,1606066019772,2020-11-22T17:26:59.772Z,sell,2.002e-05,146.0,0.00292292
NEBL/BTC,1606066032401,2020-11-22T17:27:12.401Z,sell,2.002e-05,54.0,0.00108108
NEBL/BTC,1606066032401,2020-11-22T17:27:12.401Z,sell,2e-05,7.0,0.00014
NEBL/BTC,1606066032401,2020-11-22T17:27:12.401Z,sell,1.995e-05,39.0,0.00077805
NEBL/BTC,1606066044724,2020-11-22T17:27:24.724Z,sell,1.996e-05,55.0,0.0010978
NEBL/BTC,1606066653178,2020-11-22T17:37:33.178Z,sell,1.996e-05,6.0,0.0001197599999999
NEBL/BTC,1606066653208,2020-11-22T17:37:33.208Z,buy,1.996e-05,13.0,0.00025948
NEBL/BTC,1606066653229,2020-11-22T17:37:33.229Z,buy,1.996e-05,13.0,0.00025948
NEBL/BTC,1606066653237,2020-11-22T17:37:33.237Z,buy,1.996e-05,13.0,0.00025948
NEBL/BTC,1606066668389,2020-11-22T17:37:48.389Z,sell,1.995e-05,90.0,0.0017955
NEBL/BTC,1606066742266,2020-11-22T17:39:02.266Z,sell,1.99e-05,106.0,0.0021094
NEBL/BTC,1606066750107,2020-11-22T17:39:10.107Z,sell,1.985e-05,50.0,0.0009925
NEBL/BTC,1606066750188,2020-11-22T17:39:10.188Z,buy,1.985e-05,25.0,0.00049625
NEBL/BTC,1606066766502,2020-11-22T17:39:26.502Z,sell,1.98e-05,125.0,0.002475
NEBL/BTC,1606066791941,2020-11-22T17:39:51.941Z,buy,1.98e-05,61.0,0.0012078
NEBL/BTC,1606066791941,2020-11-22T17:39:51.941Z,buy,1.983e-05,55.0,0.00109065
NEBL/BTC,1606066791941,2020-11-22T17:39:51.941Z,buy,1.984e-05,389.0,0.00771776
NEBL/BTC,1606066929881,2020-11-22T17:42:09.881Z,buy,1.984e-05,6.0,0.00011904
NEBL/BTC,1606066983124,2020-11-22T17:43:03.124Z,buy,1.984e-05,6.0,0.00011904
NEBL/BTC,1606067026767,2020-11-22T17:43:46.767Z,buy,1.984e-05,116.0,0.00230144
NEBL/BTC,1606067124737,2020-11-22T17:45:24.737Z,buy,1.984e-05,108.0,0.00214272
NEBL/BTC,1606068447570,2020-11-22T18:07:27.570Z,buy,2.004e-05,79.0,0.00158316
NEBL/BTC,1606068546242,2020-11-22T18:09:06.242Z,buy,2.004e-05,35.0,0.0007014
NEBL/BTC,1606068546242,2020-11-22T18:09:06.242Z,buy,2.005e-05,125.0,0.00250625
NEBL/BTC,1606068546242,2020-11-22T18:09:06.242Z,buy,2.011e-05,40.0,0.0008043999999999
NEBL/BTC,1606068555252,2020-11-22T18:09:15.252Z,sell,1.991e-05,78.0,0.00155298
NEBL/BTC,1606068651042,2020-11-22T18:10:51.042Z,sell,1.994e-05,4363.0,0.08699822
NEBL/BTC,1606068651042,2020-11-22T18:10:51.042Z,sell,1.993e-05,408.0,0.00813144
NEBL/BTC,1606068651042,2020-11-22T18:10:51.042Z,sell,1.99e-05,513.0,0.0102087
NEBL/BTC,1606068651042,2020-11-22T18:10:51.042Z,sell,1.989e-05,3581.0,0.07122609
NEBL/BTC,1606068655419,2020-11-22T18:10:55.419Z,sell,1.986e-05,3644.0,0.07236984
NEBL/BTC,1606068735481,2020-11-22T18:12:15.481Z,sell,1.986e-05,55.0,0.0010923
NEBL/BTC,1606068735481,2020-11-22T18:12:15.481Z,sell,1.985e-05,554.0,0.0109969
NEBL/BTC,1606068735481,2020-11-22T18:12:15.481Z,sell,1.984e-05,7.0,0.00013888
NEBL/BTC,1606068735481,2020-11-22T18:12:15.481Z,sell,1.981e-05,3595.0,0.07121695
NEBL/BTC,1606068740714,2020-11-22T18:12:20.714Z,buy,1.981e-05,18.0,0.0003565799999999
NEBL/BTC,1606068740718,2020-11-22T18:12:20.718Z,buy,1.981e-05,171.0,0.00338751
NEBL/BTC,1606068763074,2020-11-22T18:12:43.074Z,sell,1.981e-05,1468.0,0.02908108
NEBL/BTC,1606068793928,2020-11-22T18:13:13.928Z,sell,1.981e-05,4508.0,0.0893034799999999
NEBL/BTC,1606068809315,2020-11-22T18:13:29.315Z,sell,1.98e-05,1452.0,0.0287496
NEBL/BTC,1606068849956,2020-11-22T18:14:09.956Z,sell,1.978e-05,3860.0,0.0763508
NEBL/BTC,1606068849956,2020-11-22T18:14:09.956Z,sell,1.978e-05,3860.0,0.0763508
NEBL/BTC,1606069798184,2020-11-22T18:29:58.184Z,sell,1.985e-05,68.0,0.0013498
NEBL/BTC,1606069915293,2020-11-22T18:31:55.293Z,sell,1.986e-05,48.0,0.0009532799999999
NEBL/BTC,1606070444410,2020-11-22T18:40:44.410Z,sell,1.986e-05,203.0,0.00403158
NEBL/BTC,1606070470375,2020-11-22T18:41:10.375Z,sell,1.986e-05,48.0,0.0009532799999999
NEBL/BTC,1606070929032,2020-11-22T18:48:49.032Z,sell,1.985e-05,92.0,0.0018262
NEBL/BTC,1606071199692,2020-11-22T18:53:19.692Z,buy,1.986e-05,32.0,0.00063552
NEBL/BTC,1606071220559,2020-11-22T18:53:40.559Z,sell,1.985e-05,26.0,0.0005161
NEBL/BTC,1606071561275,2020-11-22T18:59:21.275Z,sell,1.985e-05,87.0,0.00172695
NEBL/BTC,1606071684332,2020-11-22T19:01:24.332Z,buy,1.986e-05,458.0,0.00909588
NEBL/BTC,1606071704698,2020-11-22T19:01:44.698Z,buy,1.986e-05,153.0,0.00303858
NEBL/BTC,1606071704698,2020-11-22T19:01:44.698Z,buy,1.986e-05,153.0,0.00303858
NEBL/BTC,1606074004232,2020-11-22T19:40:04.232Z,sell,1.986e-05,39.0,0.00077454
NEBL/BTC,1606074215538,2020-11-22T19:43:35.538Z,sell,1.986e-05,6.0,0.0001191599999999
NEBL/BTC,1606075238202,2020-11-22T20:00:38.202Z,sell,1.987e-05,385.0,0.00764995
NEBL/BTC,1606075238202,2020-11-22T20:00:38.202Z,sell,1.985e-05,115.0,0.00228275
NEBL/BTC,1606075238202,2020-11-22T20:00:38.202Z,sell,1.987e-05,385.0,0.00764995
NEBL/BTC,1606075238202,2020-11-22T20:00:38.202Z,sell,1.985e-05,115.0,0.00228275
NEBL/BTC,1606076626235,2020-11-22T20:23:46.235Z,sell,1.985e-05,300.0,0.005955
NEBL/BTC,1606076708677,2020-11-22T20:25:08.677Z,sell,1.985e-05,531.0,0.01054035
NEBL/BTC,1606076829494,2020-11-22T20:27:09.494Z,sell,1.98e-05,40.0,0.000792
NEBL/BTC,1606077216308,2020-11-22T20:33:36.308Z,buy,1.985e-05,103.0,0.00204455
NEBL/BTC,1606077245560,2020-11-22T20:34:05.560Z,sell,1.98e-05,6.0,0.0001188
NEBL/BTC,1606077245560,2020-11-22T20:34:05.560Z,sell,1.979e-05,213.0,0.00421527
NEBL/BTC,1606077245560,2020-11-22T20:34:05.560Z,sell,1.978e-05,575.0,0.0113735
NEBL/BTC,1606077245560,2020-11-22T20:34:05.560Z,sell,1.976e-05,35.0,0.0006916
NEBL/BTC,1606077312399,2020-11-22T20:35:12.399Z,sell,1.977e-05,9.0,0.00017793
NEBL/BTC,1606077312399,2020-11-22T20:35:12.399Z,sell,1.975e-05,1.0,1.975e-05
NEBL/BTC,1606077312421,2020-11-22T20:35:12.421Z,sell,1.975e-05,479.0,0.00946025
NEBL/BTC,1606078553220,2020-11-22T20:55:53.220Z,buy,1.982e-05,476.0,0.00943432
NEBL/BTC,1606078553220,2020-11-22T20:55:53.220Z,buy,1.982e-05,476.0,0.00943432
NEBL/BTC,1606078901200,2020-11-22T21:01:41.200Z,sell,1.982e-05,7.0,0.00013874
NEBL/BTC,1606078901208,2020-11-22T21:01:41.208Z,sell,1.982e-05,50.0,0.000991
NEBL/BTC,1606078991582,2020-11-22T21:03:11.582Z,buy,1.985e-05,250.0,0.0049625
NEBL/BTC,1606078991582,2020-11-22T21:03:11.582Z,buy,1.993e-05,66.0,0.00131538
NEBL/BTC,1606079062087,2020-11-22T21:04:22.087Z,sell,1.976e-05,66.0,0.00130416
NEBL/BTC,1606079062087,2020-11-22T21:04:22.087Z,sell,1.975e-05,249.0,0.0049177499999999
NEBL/BTC,1606080718099,2020-11-22T21:31:58.099Z,sell,1.981e-05,49.0,0.00097069
NEBL/BTC,1606081370178,2020-11-22T21:42:50.178Z,sell,1.98e-05,212.0,0.0041976
NEBL/BTC,1606081454884,2020-11-22T21:44:14.884Z,sell,1.98e-05,212.0,0.0041976
NEBL/BTC,1606081454884,2020-11-22T21:44:14.884Z,sell,1.98e-05,212.0,0.0041976
NEBL/BTC,1606082157684,2020-11-22T21:55:57.684Z,buy,1.988e-05,302.0,0.0060037599999999
NEBL/BTC,1606082415729,2020-11-22T22:00:15.729Z,buy,1.988e-05,6.0,0.00011928
NEBL/BTC,1606082415729,2020-11-22T22:00:15.729Z,buy,1.989e-05,116.0,0.00230724
NEBL/BTC,1606082415729,2020-11-22T22:00:15.729Z,buy,1.998e-05,213.0,0.00425574
NEBL/BTC,1606082415729,2020-11-22T22:00:15.729Z,buy,1.999e-05,1141.0,0.02280859
NEBL/BTC,1606082653743,2020-11-22T22:04:13.743Z,sell,1.982e-05,103.0,0.00204146
NEBL/BTC,1606082662154,2020-11-22T22:04:22.154Z,sell,1.982e-05,203.0,0.00402346
NEBL/BTC,1606082782235,2020-11-22T22:06:22.235Z,sell,1.982e-05,11.0,0.00021802
NEBL/BTC,1606083047230,2020-11-22T22:10:47.230Z,buy,1.994e-05,11.0,0.00021934
NEBL/BTC,1606083228420,2020-11-22T22:13:48.420Z,buy,2.002e-05,103.0,0.00206206
NEBL/BTC,1606083228420,2020-11-22T22:13:48.420Z,buy,2.003e-05,203.0,0.00406609
NEBL/BTC,1606083228420,2020-11-22T22:13:48.420Z,buy,2.005e-05,125.0,0.00250625
NEBL/BTC,1606083228420,2020-11-22T22:13:48.420Z,buy,2.006e-05,542.0,0.01087252
NEBL/BTC,1606083246892,2020-11-22T22:14:06.892Z,sell,2.006e-05,252.0,0.00505512
NEBL/BTC,1606083247203,2020-11-22T22:14:07.203Z,sell,2.006e-05,6.0,0.00012036
NEBL/BTC,1606083319216,2020-11-22T22:15:19.216Z,buy,2.009e-05,21.0,0.0004218899999999
NEBL/BTC,1606083324091,2020-11-22T22:15:24.091Z,buy,2.01e-05,3000.0,0.0603
NEBL/BTC,1606084915225,2020-11-22T22:41:55.225Z,buy,2.009e-05,5.0,0.00010045
NEBL/BTC,1606084915225,2020-11-22T22:41:55.225Z,buy,2.01e-05,6.0,0.0001206
NEBL/BTC,1606084915225,2020-11-22T22:41:55.225Z,buy,2.011e-05,6.0,0.00012066
NEBL/BTC,1606084915225,2020-11-22T22:41:55.225Z,buy,2.014e-05,62.0,0.00124868
NEBL/BTC,1606084915225,2020-11-22T22:41:55.225Z,buy,2.009e-05,5.0,0.00010045
NEBL/BTC,1606084915225,2020-11-22T22:41:55.225Z,buy,2.01e-05,6.0,0.0001206
NEBL/BTC,1606084915225,2020-11-22T22:41:55.225Z,buy,2.011e-05,6.0,0.00012066
NEBL/BTC,1606084915225,2020-11-22T22:41:55.225Z,buy,2.014e-05,62.0,0.00124868
NEBL/BTC,1606085088447,2020-11-22T22:44:48.447Z,sell,1.993e-05,123.0,0.00245139
NEBL/BTC,1606085286270,2020-11-22T22:48:06.270Z,sell,1.995e-05,96.0,0.0019152
NEBL/BTC,1606085287973,2020-11-22T22:48:07.973Z,sell,1.995e-05,160.0,0.003192
NEBL/BTC,1606085290859,2020-11-22T22:48:10.859Z,sell,1.995e-05,202.0,0.0040299
NEBL/BTC,1606085314783,2020-11-22T22:48:34.783Z,sell,1.995e-05,201.0,0.00400995
NEBL/BTC,1606085316497,2020-11-22T22:48:36.497Z,sell,1.995e-05,182.0,0.0036309
NEBL/BTC,1606085326196,2020-11-22T22:48:46.196Z,sell,1.995e-05,202.0,0.0040299
NEBL/BTC,1606085630669,2020-11-22T22:53:50.669Z,sell,1.995e-05,466.0,0.0092967
NEBL/BTC,1606086008435,2020-11-22T23:00:08.435Z,sell,1.995e-05,50.0,0.0009975
NEBL/BTC,1606086273551,2020-11-22T23:04:33.551Z,sell,1.995e-05,612.0,0.0122094
NEBL/BTC,1606086278943,2020-11-22T23:04:38.943Z,sell,1.995e-05,131.0,0.00261345
NEBL/BTC,1606086278943,2020-11-22T23:04:38.943Z,sell,1.993e-05,15.0,0.00029895
NEBL/BTC,1606086278943,2020-11-22T23:04:38.943Z,sell,1.99e-05,6.0,0.0001194
NEBL/BTC,1606086278943,2020-11-22T23:04:38.943Z,sell,1.989e-05,310.0,0.0061659
NEBL/BTC,1606086482343,2020-11-22T23:08:02.343Z,buy,1.985e-05,21.0,0.00041685
NEBL/BTC,1606086482640,2020-11-22T23:08:02.640Z,buy,1.985e-05,6.0,0.0001191
NEBL/BTC,1606086525421,2020-11-22T23:08:45.421Z,sell,1.98e-05,125.0,0.002475
NEBL/BTC,1606086658934,2020-11-22T23:10:58.934Z,sell,1.972e-05,32.0,0.00063104
NEBL/BTC,1606086672130,2020-11-22T23:11:12.130Z,sell,1.972e-05,6.0,0.00011832
NEBL/BTC,1606086672130,2020-11-22T23:11:12.130Z,sell,1.971e-05,9.0,0.0001773899999999
NEBL/BTC,1606086672130,2020-11-22T23:11:12.130Z,sell,1.969e-05,16.0,0.00031504
NEBL/BTC,1606086672130,2020-11-22T23:11:12.130Z,sell,1.968e-05,174.0,0.00342432
NEBL/BTC,1606086836780,2020-11-22T23:13:56.780Z,sell,1.969e-05,39.0,0.00076791
NEBL/BTC,1606086836780,2020-11-22T23:13:56.780Z,sell,1.968e-05,547.0,0.01076496
NEBL/BTC,1606087357575,2020-11-22T23:22:37.575Z,sell,1.968e-05,203.0,0.00399504
NEBL/BTC,1606087357575,2020-11-22T23:22:37.575Z,sell,1.967e-05,129.0,0.00253743
NEBL/BTC,1606087357575,2020-11-22T23:22:37.575Z,sell,1.966e-05,10.0,0.0001966
NEBL/BTC,1606087357575,2020-11-22T23:22:37.575Z,sell,1.965e-05,100.0,0.001965
NEBL/BTC,1606087357575,2020-11-22T23:22:37.575Z,sell,1.962e-05,413.0,0.0081030599999999
NEBL/BTC,1606087357575,2020-11-22T23:22:37.575Z,sell,1.961e-05,1042.0,0.02043362
NEBL/BTC,1606087766729,2020-11-22T23:29:26.729Z,buy,1.976e-05,419.0,0.00827944
NEBL/BTC,1606087766729,2020-11-22T23:29:26.729Z,buy,1.977e-05,575.0,0.01136775
NEBL/BTC,1606087766729,2020-11-22T23:29:26.729Z,buy,1.98e-05,694.0,0.0137412
NEBL/BTC,1606088052649,2020-11-22T23:34:12.649Z,buy,1.984e-05,60.0,0.0011903999999999
NEBL/BTC,1606088265758,2020-11-22T23:37:45.758Z,buy,1.984e-05,6.0,0.00011904
NEBL/BTC,1606088512996,2020-11-22T23:41:52.996Z,sell,1.985e-05,33.0,0.00065505
NEBL/BTC,1606088512996,2020-11-22T23:41:52.996Z,sell,1.985e-05,33.0,0.00065505
NEBL/BTC,1606088852287,2020-11-22T23:47:32.287Z,sell,1.986e-05,60.0,0.0011916
NEBL/BTC,1606088969357,2020-11-22T23:49:29.357Z,sell,1.986e-05,203.0,0.00403158
NEBL/BTC,1606089226016,2020-11-22T23:53:46.016Z,sell,1.986e-05,256.0,0.00508416
NEBL/BTC,1606089232466,2020-11-22T23:53:52.466Z,sell,1.986e-05,62.0,0.00123132
NEBL/BTC,1606089292960,2020-11-22T23:54:52.960Z,sell,1.984e-05,273.0,0.00541632
NEBL/BTC,1606089292986,2020-11-22T23:54:52.986Z,sell,1.984e-05,111.0,0.00220224
NEBL/BTC,1606089430283,2020-11-22T23:57:10.283Z,buy,1.98e-05,6.0,0.0001188
NEBL/BTC,1606089672243,2020-11-23T00:01:12.243Z,buy,1.978e-05,448.0,0.00886144
NEBL/BTC,1606089686511,2020-11-23T00:01:26.511Z,buy,1.978e-05,14.0,0.00027692
NEBL/BTC,1606089790155,2020-11-23T00:03:10.155Z,buy,1.978e-05,6.0,0.00011868
NEBL/BTC,1606089951651,2020-11-23T00:05:51.651Z,sell,1.971e-05,92.0,0.00181332
NEBL/BTC,1606090304486,2020-11-23T00:11:44.486Z,buy,1.978e-05,134.0,0.00265052
NEBL/BTC,1606091299266,2020-11-23T00:28:19.266Z,buy,1.989e-05,125.0,0.00248625
NEBL/BTC,1606091299266,2020-11-23T00:28:19.266Z,buy,1.99e-05,106.0,0.0021094
NEBL/BTC,1606091299266,2020-11-23T00:28:19.266Z,buy,1.995e-05,129.0,0.00257355
NEBL/BTC,1606091299266,2020-11-23T00:28:19.266Z,buy,2e-05,215.0,0.0043
NEBL/BTC,1606091299266,2020-11-23T00:28:19.266Z,buy,2.001e-05,210.0,0.0042021
NEBL/BTC,1606091301765,2020-11-23T00:28:21.765Z,sell,1.981e-05,201.0,0.00398181
NEBL/BTC,1606091616639,2020-11-23T00:33:36.639Z,buy,1.997e-05,48.0,0.00095856
NEBL/BTC,1606091616639,2020-11-23T00:33:36.639Z,buy,1.997e-05,48.0,0.00095856
NEBL/BTC,1606092148082,2020-11-23T00:42:28.082Z,sell,1.983e-05,381.0,0.00755523
NEBL/BTC,1606092212511,2020-11-23T00:43:32.511Z,sell,1.983e-05,30.0,0.0005949
NEBL/BTC,1606092835328,2020-11-23T00:53:55.328Z,sell,1.987e-05,6.0,0.00011922
NEBL/BTC,1606092850111,2020-11-23T00:54:10.111Z,sell,1.987e-05,6.0,0.00011922
