symbol,timestamp,datetime,side,price,amount,btc_volume
NEBL/BTC,1571932806023,2019-10-24T16:00:06.023Z,sell,5.665e-05,3.0,0.00016995
NEBL/BTC,1571932832415,2019-10-24T16:00:32.415Z,sell,5.665e-05,475.0,0.02690875
NEBL/BTC,1571932832415,2019-10-24T16:00:32.415Z,sell,5.657e-05,681.0,0.03852417
NEBL/BTC,1571932832415,2019-10-24T16:00:32.415Z,sell,5.656e-05,321.0,0.01815576
NEBL/BTC,1571932843613,2019-10-24T16:00:43.613Z,sell,5.656e-05,369.0,0.02087064
NEBL/BTC,1571933214434,2019-10-24T16:06:54.434Z,buy,5.666e-05,39.0,0.00220974
NEBL/BTC,1571933214434,2019-10-24T16:06:54.434Z,buy,5.667e-05,135.0,0.00765045
NEBL/BTC,1571933214493,2019-10-24T16:06:54.493Z,sell,5.667e-05,63.0,0.00357021
NEBL/BTC,1571934597798,2019-10-24T16:29:57.798Z,buy,5.667e-05,11.0,0.0006233699999999
NEBL/BTC,1571934945548,2019-10-24T16:35:45.548Z,sell,5.641e-05,30.0,0.0016922999999999
NEBL/BTC,1571935024586,2019-10-24T16:37:04.586Z,buy,5.667e-05,8.0,0.00045336
NEBL/BTC,1571935386796,2019-10-24T16:43:06.796Z,buy,5.667e-05,2.0,0.00011334
NEBL/BTC,1571935640964,2019-10-24T16:47:20.964Z,buy,5.667e-05,30.0,0.0017001
NEBL/BTC,1571935646454,2019-10-24T16:47:26.454Z,sell,5.647e-05,265.0,0.01496455
NEBL/BTC,1571935808483,2019-10-24T16:50:08.483Z,buy,5.667e-05,12.0,0.00068004
NEBL/BTC,1571935901164,2019-10-24T16:51:41.164Z,buy,5.667e-05,27.0,0.00153009
NEBL/BTC,1571936131383,2019-10-24T16:55:31.383Z,buy,5.667e-05,36.0,0.00204012
NEBL/BTC,1571936389136,2019-10-24T16:59:49.136Z,buy,5.667e-05,4.0,0.00022668
NEBL/BTC,1571936389136,2019-10-24T16:59:49.136Z,buy,5.667e-05,4.0,0.00022668
NEBL/BTC,1571936422738,2019-10-24T17:00:22.738Z,buy,5.667e-05,319.0,0.01807773
NEBL/BTC,1571936422738,2019-10-24T17:00:22.738Z,buy,5.668e-05,74.0,0.00419432
NEBL/BTC,1571936422775,2019-10-24T17:00:22.775Z,sell,5.668e-05,79.0,0.00447772
NEBL/BTC,1571936445510,2019-10-24T17:00:45.510Z,sell,5.65e-05,252.0,0.0142379999999999
NEBL/BTC,1571936445510,2019-10-24T17:00:45.510Z,sell,5.649e-05,1393.0,0.07869057
NEBL/BTC,1571936445535,2019-10-24T17:00:45.535Z,buy,5.649e-05,175.0,0.00988575
NEBL/BTC,1571936513593,2019-10-24T17:01:53.593Z,buy,5.669e-05,219.0,0.01241511
NEBL/BTC,1571936513593,2019-10-24T17:01:53.593Z,buy,5.67e-05,209.0,0.0118503
NEBL/BTC,1571936513593,2019-10-24T17:01:53.593Z,buy,5.671e-05,67.0,0.00379957
NEBL/BTC,1571936513593,2019-10-24T17:01:53.593Z,buy,5.675e-05,43.0,0.0024402499999999
NEBL/BTC,1571936513593,2019-10-24T17:01:53.593Z,buy,5.677e-05,35.0,0.00198695
NEBL/BTC,1571936513593,2019-10-24T17:01:53.593Z,buy,5.678e-05,2.0,0.00011356
NEBL/BTC,1571936513593,2019-10-24T17:01:53.593Z,buy,5.681e-05,248.0,0.01408888
NEBL/BTC,1571936513593,2019-10-24T17:01:53.593Z,buy,5.682e-05,81.0,0.00460242
NEBL/BTC,1571936513593,2019-10-24T17:01:53.593Z,buy,5.684e-05,31.0,0.0017620399999999
NEBL/BTC,1571936513593,2019-10-24T17:01:53.593Z,buy,5.687e-05,8.0,0.00045496
NEBL/BTC,1571936513593,2019-10-24T17:01:53.593Z,buy,5.69e-05,38.0,0.0021622
NEBL/BTC,1571936513593,2019-10-24T17:01:53.593Z,buy,5.691e-05,21.0,0.00119511
NEBL/BTC,1571936513593,2019-10-24T17:01:53.593Z,buy,5.694e-05,2.0,0.00011388
NEBL/BTC,1571936513593,2019-10-24T17:01:53.593Z,buy,5.695e-05,34.0,0.0019363
NEBL/BTC,1571936513593,2019-10-24T17:01:53.593Z,buy,5.699e-05,67.0,0.00381833
NEBL/BTC,1571936678152,2019-10-24T17:04:38.152Z,sell,5.657e-05,100.0,0.005657
NEBL/BTC,1571937354536,2019-10-24T17:15:54.536Z,sell,5.659e-05,26.0,0.00147134
NEBL/BTC,1571938120063,2019-10-24T17:28:40.063Z,sell,5.663e-05,12.0,0.00067956
NEBL/BTC,1571938120063,2019-10-24T17:28:40.063Z,sell,5.662e-05,4.0,0.00022648
NEBL/BTC,1571938243397,2019-10-24T17:30:43.397Z,buy,5.699e-05,25.0,0.00142475
NEBL/BTC,1571938373329,2019-10-24T17:32:53.329Z,sell,5.663e-05,25.0,0.00141575
NEBL/BTC,1571938373370,2019-10-24T17:32:53.370Z,buy,5.663e-05,17.0,0.00096271
NEBL/BTC,1571938373418,2019-10-24T17:32:53.418Z,buy,5.663e-05,17.0,0.00096271
NEBL/BTC,1571938387883,2019-10-24T17:33:07.883Z,buy,5.663e-05,289.0,0.01636607
NEBL/BTC,1571938435778,2019-10-24T17:33:55.778Z,buy,5.696e-05,2.0,0.00011392
NEBL/BTC,1571939064403,2019-10-24T17:44:24.403Z,sell,5.659e-05,9.0,0.00050931
NEBL/BTC,1571939064403,2019-10-24T17:44:24.403Z,sell,5.657e-05,7.0,0.00039599
NEBL/BTC,1571939086710,2019-10-24T17:44:46.710Z,sell,5.657e-05,189.0,0.01069173
NEBL/BTC,1571939441358,2019-10-24T17:50:41.358Z,sell,5.658e-05,2.0,0.00011316
NEBL/BTC,1571939442823,2019-10-24T17:50:42.823Z,buy,5.658e-05,19.0,0.0010750199999999
NEBL/BTC,1571939605507,2019-10-24T17:53:25.507Z,sell,5.657e-05,95.0,0.00537415
NEBL/BTC,1571939605529,2019-10-24T17:53:25.529Z,buy,5.657e-05,405.0,0.02291085
NEBL/BTC,1571939646735,2019-10-24T17:54:06.735Z,sell,5.651e-05,12.0,0.0006781199999999
NEBL/BTC,1571939646735,2019-10-24T17:54:06.735Z,sell,5.649e-05,4.0,0.00022596
NEBL/BTC,1571939646735,2019-10-24T17:54:06.735Z,sell,5.645e-05,317.0,0.01789465
NEBL/BTC,1571939646735,2019-10-24T17:54:06.735Z,sell,5.643e-05,88.0,0.00496584
NEBL/BTC,1571939646735,2019-10-24T17:54:06.735Z,sell,5.642e-05,176.0,0.00992992
NEBL/BTC,1571939646753,2019-10-24T17:54:06.753Z,buy,5.642e-05,372.0,0.02098824
NEBL/BTC,1571939646753,2019-10-24T17:54:06.753Z,buy,5.642e-05,372.0,0.02098824
NEBL/BTC,1571940391694,2019-10-24T18:06:31.694Z,buy,5.65e-05,398.0,0.022487
NEBL/BTC,1571940397202,2019-10-24T18:06:37.202Z,buy,5.681e-05,2.0,0.00011362
NEBL/BTC,1571940582117,2019-10-24T18:09:42.117Z,sell,5.643e-05,43.0,0.00242649
NEBL/BTC,1571940582117,2019-10-24T18:09:42.117Z,sell,5.642e-05,72.0,0.00406224
NEBL/BTC,1571940582117,2019-10-24T18:09:42.117Z,sell,5.64e-05,84.0,0.0047376
NEBL/BTC,1571941101516,2019-10-24T18:18:21.516Z,sell,5.64e-05,100.0,0.00564
NEBL/BTC,1571941873597,2019-10-24T18:31:13.597Z,sell,5.639e-05,3.0,0.00016917
NEBL/BTC,1571941873597,2019-10-24T18:31:13.597Z,sell,5.636e-05,31.0,0.00174716
NEBL/BTC,1571941873597,2019-10-24T18:31:13.597Z,sell,5.633e-05,2.0,0.00011266
NEBL/BTC,1571941873597,2019-10-24T18:31:13.597Z,sell,5.629e-05,143.0,0.00804947
NEBL/BTC,1571942394472,2019-10-24T18:39:54.472Z,buy,5.67e-05,327.0,0.0185409
NEBL/BTC,1571942394508,2019-10-24T18:39:54.508Z,sell,5.67e-05,75.0,0.0042525
NEBL/BTC,1571942394508,2019-10-24T18:39:54.508Z,sell,5.67e-05,75.0,0.0042525
NEBL/BTC,1571944547094,2019-10-24T19:15:47.094Z,buy,5.663e-05,9.0,0.0005096699999999
NEBL/BTC,1571945165315,2019-10-24T19:26:05.315Z,sell,5.64e-05,78.0,0.0043992
NEBL/BTC,1571945165315,2019-10-24T19:26:05.315Z,sell,5.639e-05,3.0,0.00016917
NEBL/BTC,1571945165315,2019-10-24T19:26:05.315Z,sell,5.629e-05,755.0,0.04249895
NEBL/BTC,1571945306217,2019-10-24T19:28:26.217Z,sell,5.63e-05,21.0,0.0011823
NEBL/BTC,1571945648231,2019-10-24T19:34:08.231Z,buy,5.661e-05,79.0,0.00447219
NEBL/BTC,1571945648251,2019-10-24T19:34:08.251Z,buy,5.662e-05,337.0,0.0190809399999999
NEBL/BTC,1571945648254,2019-10-24T19:34:08.254Z,buy,5.662e-05,79.0,0.00447298
NEBL/BTC,1571945648302,2019-10-24T19:34:08.302Z,sell,5.661e-05,285.0,0.01613385
NEBL/BTC,1571945650232,2019-10-24T19:34:10.232Z,sell,5.631e-05,115.0,0.00647565
NEBL/BTC,1571945650232,2019-10-24T19:34:10.232Z,sell,5.63e-05,91.0,0.0051233
NEBL/BTC,1571945941058,2019-10-24T19:39:01.058Z,buy,5.661e-05,6.0,0.00033966
NEBL/BTC,1571945941058,2019-10-24T19:39:01.058Z,buy,5.661e-05,6.0,0.00033966
NEBL/BTC,1571946825236,2019-10-24T19:53:45.236Z,buy,5.661e-05,1.0,5.661e-05
NEBL/BTC,1571947368929,2019-10-24T20:02:48.929Z,sell,5.63e-05,88.0,0.0049544
NEBL/BTC,1571947368929,2019-10-24T20:02:48.929Z,sell,5.629e-05,111.0,0.00624819
NEBL/BTC,1571947500293,2019-10-24T20:05:00.293Z,buy,5.66e-05,2.0,0.0001132
NEBL/BTC,1571947529053,2019-10-24T20:05:29.053Z,sell,5.654e-05,707.0,0.03997378
NEBL/BTC,1571947844331,2019-10-24T20:10:44.331Z,buy,5.633e-05,119.0,0.00670327
NEBL/BTC,1571947846128,2019-10-24T20:10:46.128Z,buy,5.649e-05,10.0,0.0005649
NEBL/BTC,1571947901908,2019-10-24T20:11:41.908Z,buy,5.64e-05,67.0,0.0037788
NEBL/BTC,1571947912445,2019-10-24T20:11:52.445Z,buy,5.64e-05,32.0,0.0018048
NEBL/BTC,1571948002891,2019-10-24T20:13:22.891Z,buy,5.637e-05,38.0,0.00214206
NEBL/BTC,1571948199348,2019-10-24T20:16:39.348Z,buy,5.633e-05,189.0,0.0106463699999999
NEBL/BTC,1571948222875,2019-10-24T20:17:02.875Z,buy,5.637e-05,27.0,0.00152199
NEBL/BTC,1571948228379,2019-10-24T20:17:08.379Z,buy,5.638e-05,20.0,0.0011275999999999
NEBL/BTC,1571948232897,2019-10-24T20:17:12.897Z,buy,5.639e-05,30.0,0.0016917
NEBL/BTC,1571948242693,2019-10-24T20:17:22.693Z,buy,5.64e-05,31.0,0.0017484
NEBL/BTC,1571948290638,2019-10-24T20:18:10.638Z,buy,5.64e-05,2.0,0.0001128
NEBL/BTC,1571948301641,2019-10-24T20:18:21.641Z,buy,5.64e-05,2.0,0.0001128
NEBL/BTC,1571948457959,2019-10-24T20:20:57.959Z,buy,5.64e-05,209.0,0.0117876
NEBL/BTC,1571948995272,2019-10-24T20:29:55.272Z,sell,5.64e-05,442.0,0.0249288
NEBL/BTC,1571948995272,2019-10-24T20:29:55.272Z,sell,5.629e-05,337.0,0.01896973
NEBL/BTC,1571949009849,2019-10-24T20:30:09.849Z,buy,5.655e-05,10.0,0.0005655
NEBL/BTC,1571949009849,2019-10-24T20:30:09.849Z,buy,5.655e-05,10.0,0.0005655
NEBL/BTC,1571950092388,2019-10-24T20:48:12.388Z,sell,5.629e-05,476.0,0.0267940399999999
NEBL/BTC,1571950095014,2019-10-24T20:48:15.014Z,sell,5.62e-05,12.0,0.0006743999999999
NEBL/BTC,1571950095014,2019-10-24T20:48:15.014Z,sell,5.616e-05,4.0,0.00022464
NEBL/BTC,1571950107397,2019-10-24T20:48:27.397Z,sell,5.615e-05,302.0,0.0169573
NEBL/BTC,1571950124468,2019-10-24T20:48:44.468Z,sell,5.61e-05,1359.0,0.0762399
NEBL/BTC,1571950280213,2019-10-24T20:51:20.213Z,sell,5.61e-05,7.0,0.0003927
NEBL/BTC,1571950280213,2019-10-24T20:51:20.213Z,sell,5.609e-05,3.0,0.0001682699999999
NEBL/BTC,1571950280213,2019-10-24T20:51:20.213Z,sell,5.603e-05,36.0,0.00201708
NEBL/BTC,1571950280213,2019-10-24T20:51:20.213Z,sell,5.6e-05,120.0,0.00672
NEBL/BTC,1571950289027,2019-10-24T20:51:29.027Z,sell,5.6e-05,269.0,0.015064
NEBL/BTC,1571950291623,2019-10-24T20:51:31.623Z,sell,5.599e-05,3.0,0.0001679699999999
NEBL/BTC,1571950291623,2019-10-24T20:51:31.623Z,sell,5.59e-05,11.0,0.0006148999999999
NEBL/BTC,1571950571890,2019-10-24T20:56:11.890Z,buy,5.638e-05,25.0,0.0014095
NEBL/BTC,1571950612838,2019-10-24T20:56:52.838Z,buy,5.638e-05,7.0,0.00039466
NEBL/BTC,1571950720960,2019-10-24T20:58:40.960Z,sell,5.614e-05,45.0,0.0025263
NEBL/BTC,1571950777432,2019-10-24T20:59:37.432Z,buy,5.639e-05,3.0,0.00016917
NEBL/BTC,1571950777432,2019-10-24T20:59:37.432Z,buy,5.645e-05,827.0,0.04668415
NEBL/BTC,1571950777511,2019-10-24T20:59:37.511Z,sell,5.645e-05,28.0,0.0015806
NEBL/BTC,1571950777612,2019-10-24T20:59:37.612Z,sell,5.645e-05,59.0,0.00333055
NEBL/BTC,1571950777638,2019-10-24T20:59:37.638Z,sell,5.645e-05,1270.0,0.0716915
NEBL/BTC,1571950793742,2019-10-24T20:59:53.742Z,buy,5.648e-05,1.0,5.648e-05
NEBL/BTC,1571951894608,2019-10-24T21:18:14.608Z,sell,5.609e-05,3.0,0.0001682699999999
NEBL/BTC,1571951894608,2019-10-24T21:18:14.608Z,sell,5.594e-05,4.0,0.00022376
NEBL/BTC,1571951894608,2019-10-24T21:18:14.608Z,sell,5.591e-05,21.0,0.00117411
NEBL/BTC,1571951937055,2019-10-24T21:18:57.055Z,sell,5.601e-05,28.0,0.00156828
NEBL/BTC,1571951937055,2019-10-24T21:18:57.055Z,sell,5.601e-05,28.0,0.00156828
NEBL/BTC,1571953005177,2019-10-24T21:36:45.177Z,buy,5.601e-05,134.0,0.00750534
NEBL/BTC,1571953005192,2019-10-24T21:36:45.192Z,buy,5.601e-05,17.0,0.00095217
NEBL/BTC,1571953005203,2019-10-24T21:36:45.203Z,buy,5.601e-05,46.0,0.00257646
NEBL/BTC,1571953064588,2019-10-24T21:37:44.588Z,buy,5.599e-05,305.0,0.01707695
NEBL/BTC,1571953073464,2019-10-24T21:37:53.464Z,buy,5.6e-05,336.0,0.018816
NEBL/BTC,1571953127093,2019-10-24T21:38:47.093Z,buy,5.6e-05,382.0,0.021392
NEBL/BTC,1571953127093,2019-10-24T21:38:47.093Z,buy,5.601e-05,1284.0,0.07191684
NEBL/BTC,1571953171918,2019-10-24T21:39:31.918Z,buy,5.636e-05,1020.0,0.0574872
NEBL/BTC,1571953426456,2019-10-24T21:43:46.456Z,buy,5.636e-05,2.0,0.00011272
NEBL/BTC,1571954378240,2019-10-24T21:59:38.240Z,buy,5.637e-05,1.0,5.637e-05
NEBL/BTC,1571954464012,2019-10-24T22:01:04.012Z,buy,5.636e-05,3.0,0.00016908
NEBL/BTC,1571954464012,2019-10-24T22:01:04.012Z,buy,5.637e-05,109.0,0.00614433
NEBL/BTC,1571954464124,2019-10-24T22:01:04.124Z,sell,5.592e-05,118.0,0.00659856
NEBL/BTC,1571954464124,2019-10-24T22:01:04.124Z,sell,5.59e-05,1.0,5.59e-05
NEBL/BTC,1571954464124,2019-10-24T22:01:04.124Z,sell,5.589e-05,31.0,0.00173259
NEBL/BTC,1571954464124,2019-10-24T22:01:04.124Z,sell,5.586e-05,2.0,0.00011172
NEBL/BTC,1571954464124,2019-10-24T22:01:04.124Z,sell,5.583e-05,23.0,0.0012840899999999
NEBL/BTC,1571954464124,2019-10-24T22:01:04.124Z,sell,5.581e-05,3.0,0.00016743
NEBL/BTC,1571954464124,2019-10-24T22:01:04.124Z,sell,5.578e-05,3.0,0.0001673399999999
NEBL/BTC,1571954464124,2019-10-24T22:01:04.124Z,sell,5.574e-05,160.0,0.0089184
NEBL/BTC,1571954464124,2019-10-24T22:01:04.124Z,sell,5.572e-05,3.0,0.00016716
NEBL/BTC,1571954464124,2019-10-24T22:01:04.124Z,sell,5.567e-05,206.0,0.01146802
NEBL/BTC,1571954464124,2019-10-24T22:01:04.124Z,sell,5.562e-05,7.0,0.00038934
NEBL/BTC,1571954464124,2019-10-24T22:01:04.124Z,sell,5.56e-05,29.0,0.0016124
NEBL/BTC,1571954464124,2019-10-24T22:01:04.124Z,sell,5.559e-05,23.0,0.00127857
NEBL/BTC,1571954464124,2019-10-24T22:01:04.124Z,sell,5.557e-05,2.0,0.00011114
NEBL/BTC,1571954464124,2019-10-24T22:01:04.124Z,sell,5.553e-05,206.0,0.01143918
NEBL/BTC,1571954464124,2019-10-24T22:01:04.124Z,sell,5.552e-05,239.0,0.01326928
NEBL/BTC,1571954464975,2019-10-24T22:01:04.975Z,buy,5.593e-05,25.0,0.00139825
NEBL/BTC,1571954482486,2019-10-24T22:01:22.486Z,buy,5.589e-05,4.0,0.00022356
NEBL/BTC,1571954489054,2019-10-24T22:01:29.054Z,buy,5.589e-05,71.0,0.00396819
NEBL/BTC,1571954528567,2019-10-24T22:02:08.567Z,buy,5.589e-05,2.0,0.00011178
NEBL/BTC,1571955053819,2019-10-24T22:10:53.819Z,sell,5.588e-05,90.0,0.0050292
NEBL/BTC,1571955156891,2019-10-24T22:12:36.891Z,sell,5.571e-05,7.0,0.00038997
NEBL/BTC,1571955286010,2019-10-24T22:14:46.010Z,sell,5.571e-05,3.0,0.00016713
NEBL/BTC,1571955479677,2019-10-24T22:17:59.677Z,buy,5.589e-05,2.0,0.00011178
NEBL/BTC,1571955516784,2019-10-24T22:18:36.784Z,buy,5.589e-05,1.0,5.589e-05
NEBL/BTC,1571955516784,2019-10-24T22:18:36.784Z,buy,5.59e-05,9.0,0.0005030999999999
NEBL/BTC,1571955518186,2019-10-24T22:18:38.186Z,buy,5.59e-05,3.0,0.0001676999999999
NEBL/BTC,1571955518186,2019-10-24T22:18:38.186Z,buy,5.608e-05,36.0,0.00201888
NEBL/BTC,1571955518186,2019-10-24T22:18:38.186Z,buy,5.59e-05,3.0,0.0001676999999999
NEBL/BTC,1571955518186,2019-10-24T22:18:38.186Z,buy,5.608e-05,36.0,0.00201888
NEBL/BTC,1571955722850,2019-10-24T22:22:02.850Z,sell,5.606e-05,3.0,0.00016818
NEBL/BTC,1571956385179,2019-10-24T22:33:05.179Z,sell,5.575e-05,252.0,0.014049
NEBL/BTC,1571958109750,2019-10-24T23:01:49.750Z,buy,5.606e-05,19.0,0.00106514
NEBL/BTC,1571958120159,2019-10-24T23:02:00.159Z,buy,5.606e-05,55.0,0.0030833
NEBL/BTC,1571958120187,2019-10-24T23:02:00.187Z,sell,5.606e-05,118.0,0.00661508
NEBL/BTC,1571958120189,2019-10-24T23:02:00.189Z,sell,5.606e-05,112.0,0.00627872
NEBL/BTC,1571958174053,2019-10-24T23:02:54.053Z,buy,5.607e-05,2.0,0.00011214
NEBL/BTC,1571958319895,2019-10-24T23:05:19.895Z,buy,5.607e-05,23.0,0.0012896099999999
NEBL/BTC,1571958386342,2019-10-24T23:06:26.342Z,sell,5.575e-05,135.0,0.00752625
NEBL/BTC,1571958386342,2019-10-24T23:06:26.342Z,sell,5.575e-05,135.0,0.00752625
NEBL/BTC,1571961549156,2019-10-24T23:59:09.156Z,buy,5.601e-05,49.0,0.00274449
NEBL/BTC,1571961552713,2019-10-24T23:59:12.713Z,buy,5.601e-05,132.0,0.00739332
NEBL/BTC,1571961606520,2019-10-25T00:00:06.520Z,buy,5.601e-05,21.0,0.00117621
NEBL/BTC,1571961606520,2019-10-25T00:00:06.520Z,buy,5.601e-05,21.0,0.00117621
NEBL/BTC,1571962983321,2019-10-25T00:23:03.321Z,buy,5.595e-05,302.0,0.0168969
NEBL/BTC,1571962983437,2019-10-25T00:23:03.437Z,sell,5.595e-05,606.0,0.0339057
NEBL/BTC,1571963129838,2019-10-25T00:25:29.838Z,buy,5.596e-05,2.0,0.00011192
NEBL/BTC,1571963136832,2019-10-25T00:25:36.832Z,buy,5.596e-05,2.0,0.00011192
NEBL/BTC,1571963143908,2019-10-25T00:25:43.908Z,buy,5.596e-05,2.0,0.00011192
NEBL/BTC,1571963166935,2019-10-25T00:26:06.935Z,buy,5.596e-05,377.0,0.0210969199999999
NEBL/BTC,1571963166935,2019-10-25T00:26:06.935Z,buy,5.601e-05,2.0,0.00011202
NEBL/BTC,1571963166935,2019-10-25T00:26:06.935Z,buy,5.606e-05,332.0,0.01861192
NEBL/BTC,1571963166935,2019-10-25T00:26:06.935Z,buy,5.607e-05,172.0,0.00964404
NEBL/BTC,1571963166935,2019-10-25T00:26:06.935Z,buy,5.608e-05,1117.0,0.06264136
NEBL/BTC,1571963179817,2019-10-25T00:26:19.817Z,buy,5.608e-05,200.0,0.011216
NEBL/BTC,1571963193644,2019-10-25T00:26:33.644Z,buy,5.608e-05,20.0,0.0011216
NEBL/BTC,1571963196210,2019-10-25T00:26:36.210Z,buy,5.608e-05,20.0,0.0011216
NEBL/BTC,1571963199201,2019-10-25T00:26:39.201Z,buy,5.608e-05,20.0,0.0011216
NEBL/BTC,1571963201964,2019-10-25T00:26:41.964Z,buy,5.608e-05,20.0,0.0011216
NEBL/BTC,1571963205339,2019-10-25T00:26:45.339Z,buy,5.608e-05,20.0,0.0011216
NEBL/BTC,1571963229520,2019-10-25T00:27:09.520Z,sell,5.575e-05,330.0,0.0183975
NEBL/BTC,1571963229520,2019-10-25T00:27:09.520Z,sell,5.574e-05,89.0,0.00496086
NEBL/BTC,1571963229520,2019-10-25T00:27:09.520Z,sell,5.57e-05,500.0,0.02785
NEBL/BTC,1571963229520,2019-10-25T00:27:09.520Z,sell,5.559e-05,12.0,0.00066708
NEBL/BTC,1571963229520,2019-10-25T00:27:09.520Z,sell,5.551e-05,4.0,0.00022204
NEBL/BTC,1571963229520,2019-10-25T00:27:09.520Z,sell,5.549e-05,517.0,0.0286883299999999
NEBL/BTC,1571963229520,2019-10-25T00:27:09.520Z,sell,5.548e-05,851.0,0.0472134799999999
NEBL/BTC,1571963232869,2019-10-25T00:27:12.869Z,buy,5.583e-05,4.0,0.00022332
NEBL/BTC,1571963232869,2019-10-25T00:27:12.869Z,buy,5.59e-05,12.0,0.0006707999999999
NEBL/BTC,1571963232869,2019-10-25T00:27:12.869Z,buy,5.605e-05,7.0,0.00039235
NEBL/BTC,1571963260386,2019-10-25T00:27:40.386Z,buy,5.603e-05,323.0,0.01809769
NEBL/BTC,1571963260386,2019-10-25T00:27:40.386Z,buy,5.604e-05,850.0,0.0476339999999999
NEBL/BTC,1571963260386,2019-10-25T00:27:40.386Z,buy,5.605e-05,89.0,0.00498845
NEBL/BTC,1571963260386,2019-10-25T00:27:40.386Z,buy,5.608e-05,838.0,0.04699504
NEBL/BTC,1571963287059,2019-10-25T00:28:07.059Z,buy,5.608e-05,20.0,0.0011216
NEBL/BTC,1571963289559,2019-10-25T00:28:09.559Z,buy,5.608e-05,20.0,0.0011216
NEBL/BTC,1571963292589,2019-10-25T00:28:12.589Z,buy,5.608e-05,20.0,0.0011216
NEBL/BTC,1571963294686,2019-10-25T00:28:14.686Z,buy,5.608e-05,20.0,0.0011216
NEBL/BTC,1571963296891,2019-10-25T00:28:16.891Z,buy,5.608e-05,20.0,0.0011216
NEBL/BTC,1571963300497,2019-10-25T00:28:20.497Z,buy,5.608e-05,20.0,0.0011216
NEBL/BTC,1571963303105,2019-10-25T00:28:23.105Z,buy,5.608e-05,20.0,0.0011216
NEBL/BTC,1571963305799,2019-10-25T00:28:25.799Z,buy,5.608e-05,20.0,0.0011216
NEBL/BTC,1571963308558,2019-10-25T00:28:28.558Z,buy,5.608e-05,20.0,0.0011216
NEBL/BTC,1571963331917,2019-10-25T00:28:51.917Z,sell,5.568e-05,31.0,0.00172608
NEBL/BTC,1571963331917,2019-10-25T00:28:51.917Z,sell,5.559e-05,14.0,0.00077826
NEBL/BTC,1571963331917,2019-10-25T00:28:51.917Z,sell,5.554e-05,334.0,0.01855036
NEBL/BTC,1571963331917,2019-10-25T00:28:51.917Z,sell,5.552e-05,90.0,0.0049968
NEBL/BTC,1571963331917,2019-10-25T00:28:51.917Z,sell,5.551e-05,853.0,0.04735003
NEBL/BTC,1571963331917,2019-10-25T00:28:51.917Z,sell,5.549e-05,121.0,0.0067142899999999
NEBL/BTC,1571963331917,2019-10-25T00:28:51.917Z,sell,5.548e-05,835.0,0.0463258
NEBL/BTC,1571963333983,2019-10-25T00:28:53.983Z,sell,5.552e-05,30.0,0.0016656
NEBL/BTC,1571963360199,2019-10-25T00:29:20.199Z,buy,5.583e-05,4.0,0.00022332
NEBL/BTC,1571963360199,2019-10-25T00:29:20.199Z,buy,5.59e-05,12.0,0.0006707999999999
NEBL/BTC,1571963360199,2019-10-25T00:29:20.199Z,buy,5.602e-05,334.0,0.01871068
NEBL/BTC,1571963360199,2019-10-25T00:29:20.199Z,buy,5.603e-05,879.0,0.0492503699999999
NEBL/BTC,1571963360199,2019-10-25T00:29:20.199Z,buy,5.604e-05,90.0,0.0050436
NEBL/BTC,1571963360199,2019-10-25T00:29:20.199Z,buy,5.608e-05,901.0,0.0505280799999999
NEBL/BTC,1571963382905,2019-10-25T00:29:42.905Z,sell,5.563e-05,122.0,0.00678686
NEBL/BTC,1571963382905,2019-10-25T00:29:42.905Z,sell,5.559e-05,12.0,0.00066708
NEBL/BTC,1571963382905,2019-10-25T00:29:42.905Z,sell,5.554e-05,334.0,0.01855036
NEBL/BTC,1571963382905,2019-10-25T00:29:42.905Z,sell,5.552e-05,800.0,0.044416
NEBL/BTC,1571963382905,2019-10-25T00:29:42.905Z,sell,5.551e-05,4.0,0.00022204
NEBL/BTC,1571963382905,2019-10-25T00:29:42.905Z,sell,5.549e-05,180.0,0.0099882
NEBL/BTC,1571963382905,2019-10-25T00:29:42.905Z,sell,5.548e-05,766.0,0.0424976799999999
NEBL/BTC,1571963402563,2019-10-25T00:30:02.563Z,buy,5.583e-05,4.0,0.00022332
NEBL/BTC,1571963402563,2019-10-25T00:30:02.563Z,buy,5.589e-05,456.0,0.02548584
NEBL/BTC,1571963402563,2019-10-25T00:30:02.563Z,buy,5.59e-05,12.0,0.0006707999999999
NEBL/BTC,1571963402563,2019-10-25T00:30:02.563Z,buy,5.607e-05,180.0,0.0100926
NEBL/BTC,1571963402563,2019-10-25T00:30:02.563Z,buy,5.608e-05,1548.0,0.08681184
NEBL/BTC,1571963496576,2019-10-25T00:31:36.576Z,sell,5.58e-05,274.0,0.0152892
NEBL/BTC,1571963496576,2019-10-25T00:31:36.576Z,sell,5.575e-05,89.0,0.00496175
NEBL/BTC,1571963496576,2019-10-25T00:31:36.576Z,sell,5.574e-05,411.0,0.0229091399999999
NEBL/BTC,1571963496576,2019-10-25T00:31:36.576Z,sell,5.569e-05,549.0,0.03057381
NEBL/BTC,1571963496576,2019-10-25T00:31:36.576Z,sell,5.562e-05,641.0,0.03565242
NEBL/BTC,1571963496576,2019-10-25T00:31:36.576Z,sell,5.559e-05,12.0,0.00066708
NEBL/BTC,1571963496576,2019-10-25T00:31:36.576Z,sell,5.554e-05,221.0,0.01227434
NEBL/BTC,1571963518270,2019-10-25T00:31:58.270Z,buy,5.59e-05,12.0,0.0006707999999999
NEBL/BTC,1571963518270,2019-10-25T00:31:58.270Z,buy,5.605e-05,89.0,0.00498845
NEBL/BTC,1571963518270,2019-10-25T00:31:58.270Z,buy,5.606e-05,73.0,0.00409238
NEBL/BTC,1571963518270,2019-10-25T00:31:58.270Z,buy,5.607e-05,526.0,0.02949282
NEBL/BTC,1571963518698,2019-10-25T00:31:58.698Z,sell,5.556e-05,600.0,0.033336
NEBL/BTC,1571963519378,2019-10-25T00:31:59.378Z,buy,5.605e-05,358.0,0.0200659
NEBL/BTC,1571963519378,2019-10-25T00:31:59.378Z,buy,5.606e-05,342.0,0.01917252
NEBL/BTC,1571963519938,2019-10-25T00:31:59.938Z,sell,5.557e-05,358.0,0.0198940599999999
NEBL/BTC,1571963519938,2019-10-25T00:31:59.938Z,sell,5.556e-05,3.0,0.00016668
NEBL/BTC,1571963519938,2019-10-25T00:31:59.938Z,sell,5.554e-05,94.0,0.00522076
NEBL/BTC,1571963519938,2019-10-25T00:31:59.938Z,sell,5.551e-05,4.0,0.00022204
NEBL/BTC,1571963519938,2019-10-25T00:31:59.938Z,sell,5.549e-05,141.0,0.00782409
NEBL/BTC,1571963520836,2019-10-25T00:32:00.836Z,buy,5.605e-05,358.0,0.0200659
NEBL/BTC,1571963520836,2019-10-25T00:32:00.836Z,buy,5.606e-05,342.0,0.01917252
NEBL/BTC,1571963521182,2019-10-25T00:32:01.182Z,sell,5.56e-05,442.0,0.0245752
NEBL/BTC,1571963521182,2019-10-25T00:32:01.182Z,sell,5.559e-05,158.0,0.00878322
NEBL/BTC,1571963521845,2019-10-25T00:32:01.845Z,buy,5.583e-05,4.0,0.00022332
NEBL/BTC,1571963521845,2019-10-25T00:32:01.845Z,buy,5.59e-05,12.0,0.0006707999999999
NEBL/BTC,1571963521845,2019-10-25T00:32:01.845Z,buy,5.605e-05,442.0,0.0247741
NEBL/BTC,1571963521845,2019-10-25T00:32:01.845Z,buy,5.606e-05,242.0,0.01356652
NEBL/BTC,1571963522177,2019-10-25T00:32:02.177Z,sell,5.559e-05,441.0,0.02451519
NEBL/BTC,1571963522177,2019-10-25T00:32:02.177Z,sell,5.557e-05,159.0,0.00883563
NEBL/BTC,1571963522981,2019-10-25T00:32:02.981Z,buy,5.604e-05,441.0,0.02471364
NEBL/BTC,1571963522981,2019-10-25T00:32:02.981Z,buy,5.605e-05,146.0,0.0081833
NEBL/BTC,1571963522981,2019-10-25T00:32:02.981Z,buy,5.606e-05,87.0,0.00487722
NEBL/BTC,1571963522981,2019-10-25T00:32:02.981Z,buy,5.607e-05,22.0,0.00123354
NEBL/BTC,1571963522981,2019-10-25T00:32:02.981Z,buy,5.608e-05,4.0,0.00022432
NEBL/BTC,1571963523840,2019-10-25T00:32:03.840Z,sell,5.559e-05,350.0,0.0194565
NEBL/BTC,1571963523840,2019-10-25T00:32:03.840Z,sell,5.558e-05,250.0,0.013895
NEBL/BTC,1571963524622,2019-10-25T00:32:04.622Z,buy,5.604e-05,451.0,0.02527404
NEBL/BTC,1571963524622,2019-10-25T00:32:04.622Z,buy,5.607e-05,249.0,0.0139614299999999
NEBL/BTC,1571963525162,2019-10-25T00:32:05.162Z,sell,5.558e-05,341.0,0.01895278
NEBL/BTC,1571963525162,2019-10-25T00:32:05.162Z,sell,5.557e-05,185.0,0.01028045
NEBL/BTC,1571963525162,2019-10-25T00:32:05.162Z,sell,5.551e-05,4.0,0.00022204
NEBL/BTC,1571963525162,2019-10-25T00:32:05.162Z,sell,5.549e-05,70.0,0.0038843
NEBL/BTC,1571963526688,2019-10-25T00:32:06.688Z,buy,5.59e-05,12.0,0.0006707999999999
NEBL/BTC,1571963526688,2019-10-25T00:32:06.688Z,buy,5.607e-05,342.0,0.01917594
NEBL/BTC,1571963526688,2019-10-25T00:32:06.688Z,buy,5.608e-05,346.0,0.01940368
NEBL/BTC,1571963527048,2019-10-25T00:32:07.048Z,sell,5.56e-05,399.0,0.0221844
NEBL/BTC,1571963527048,2019-10-25T00:32:07.048Z,sell,5.559e-05,201.0,0.01117359
NEBL/BTC,1571963527725,2019-10-25T00:32:07.725Z,buy,5.607e-05,399.0,0.0223719299999999
NEBL/BTC,1571963527725,2019-10-25T00:32:07.725Z,buy,5.608e-05,301.0,0.01688008
NEBL/BTC,1571963528202,2019-10-25T00:32:08.202Z,sell,5.561e-05,401.0,0.0222996099999999
NEBL/BTC,1571963528202,2019-10-25T00:32:08.202Z,sell,5.56e-05,199.0,0.0110644
NEBL/BTC,1571963528864,2019-10-25T00:32:08.864Z,buy,5.582e-05,401.0,0.02238382
NEBL/BTC,1571963528864,2019-10-25T00:32:08.864Z,buy,5.583e-05,4.0,0.00022332
NEBL/BTC,1571963528864,2019-10-25T00:32:08.864Z,buy,5.607e-05,199.0,0.01115793
NEBL/BTC,1571963528864,2019-10-25T00:32:08.864Z,buy,5.608e-05,96.0,0.00538368
NEBL/BTC,1571963529194,2019-10-25T00:32:09.194Z,sell,5.559e-05,148.0,0.00822732
NEBL/BTC,1571963529194,2019-10-25T00:32:09.194Z,sell,5.549e-05,452.0,0.02508148
NEBL/BTC,1571963530059,2019-10-25T00:32:10.059Z,buy,5.59e-05,12.0,0.0006707999999999
NEBL/BTC,1571963530059,2019-10-25T00:32:10.059Z,buy,5.607e-05,613.0,0.03437091
NEBL/BTC,1571963530059,2019-10-25T00:32:10.059Z,buy,5.608e-05,75.0,0.004206
NEBL/BTC,1571963530396,2019-10-25T00:32:10.396Z,sell,5.556e-05,179.0,0.00994524
NEBL/BTC,1571963530396,2019-10-25T00:32:10.396Z,sell,5.553e-05,421.0,0.02337813
NEBL/BTC,1571963531317,2019-10-25T00:32:11.317Z,buy,5.607e-05,421.0,0.02360547
NEBL/BTC,1571963531317,2019-10-25T00:32:11.317Z,buy,5.608e-05,279.0,0.01564632
NEBL/BTC,1571963531657,2019-10-25T00:32:11.657Z,sell,5.554e-05,405.0,0.0224937
NEBL/BTC,1571963531657,2019-10-25T00:32:11.657Z,sell,5.553e-05,195.0,0.01082835
NEBL/BTC,1571963532519,2019-10-25T00:32:12.519Z,buy,5.607e-05,405.0,0.02270835
NEBL/BTC,1571963532519,2019-10-25T00:32:12.519Z,buy,5.608e-05,295.0,0.0165436
NEBL/BTC,1571963532851,2019-10-25T00:32:12.851Z,sell,5.56e-05,421.0,0.0234076
NEBL/BTC,1571963532851,2019-10-25T00:32:12.851Z,sell,5.559e-05,12.0,0.00066708
NEBL/BTC,1571963532851,2019-10-25T00:32:12.851Z,sell,5.553e-05,167.0,0.00927351
NEBL/BTC,1571963534048,2019-10-25T00:32:14.048Z,buy,5.607e-05,421.0,0.02360547
NEBL/BTC,1571963534048,2019-10-25T00:32:14.048Z,buy,5.608e-05,279.0,0.01564632
NEBL/BTC,1571963534385,2019-10-25T00:32:14.385Z,sell,5.554e-05,419.0,0.02327126
NEBL/BTC,1571963534385,2019-10-25T00:32:14.385Z,sell,5.553e-05,60.0,0.0033317999999999
NEBL/BTC,1571963534385,2019-10-25T00:32:14.385Z,sell,5.551e-05,121.0,0.00671671
NEBL/BTC,1571963535082,2019-10-25T00:32:15.082Z,buy,5.59e-05,12.0,0.0006707999999999
NEBL/BTC,1571963535082,2019-10-25T00:32:15.082Z,buy,5.607e-05,419.0,0.02349333
NEBL/BTC,1571963535082,2019-10-25T00:32:15.082Z,buy,5.608e-05,269.0,0.01508552
NEBL/BTC,1571963535511,2019-10-25T00:32:15.511Z,sell,5.553e-05,427.0,0.02371131
NEBL/BTC,1571963535511,2019-10-25T00:32:15.511Z,sell,5.552e-05,173.0,0.00960496
NEBL/BTC,1571963536174,2019-10-25T00:32:16.174Z,buy,5.607e-05,427.0,0.0239418899999999
NEBL/BTC,1571963536174,2019-10-25T00:32:16.174Z,buy,5.608e-05,273.0,0.01530984
NEBL/BTC,1571963536516,2019-10-25T00:32:16.516Z,sell,5.559e-05,12.0,0.00066708
NEBL/BTC,1571963536516,2019-10-25T00:32:16.516Z,sell,5.554e-05,285.0,0.0158289
NEBL/BTC,1571963536516,2019-10-25T00:32:16.516Z,sell,5.553e-05,303.0,0.0168255899999999
NEBL/BTC,1571963550946,2019-10-25T00:32:30.946Z,sell,5.567e-05,428.0,0.02382676
NEBL/BTC,1571963550946,2019-10-25T00:32:30.946Z,sell,5.566e-05,340.0,0.0189244
NEBL/BTC,1571963550946,2019-10-25T00:32:30.946Z,sell,5.56e-05,722.0,0.0401432
NEBL/BTC,1571963563201,2019-10-25T00:32:43.201Z,buy,5.563e-05,28.0,0.00155764
NEBL/BTC,1571963564159,2019-10-25T00:32:44.159Z,buy,5.563e-05,694.0,0.03860722
NEBL/BTC,1571963564159,2019-10-25T00:32:44.159Z,buy,5.582e-05,6.0,0.00033492
NEBL/BTC,1571963564498,2019-10-25T00:32:44.498Z,sell,5.552e-05,430.0,0.0238736
NEBL/BTC,1571963564498,2019-10-25T00:32:44.498Z,sell,5.551e-05,4.0,0.00022204
NEBL/BTC,1571963564498,2019-10-25T00:32:44.498Z,sell,5.548e-05,256.0,0.01420288
NEBL/BTC,1571963565501,2019-10-25T00:32:45.501Z,buy,5.58e-05,430.0,0.023994
NEBL/BTC,1571963565501,2019-10-25T00:32:45.501Z,buy,5.589e-05,270.0,0.0150903
NEBL/BTC,1571963566015,2019-10-25T00:32:46.015Z,sell,5.549e-05,429.0,0.02380521
NEBL/BTC,1571963566015,2019-10-25T00:32:46.015Z,sell,5.548e-05,261.0,0.01448028
NEBL/BTC,1571963566680,2019-10-25T00:32:46.680Z,buy,5.583e-05,4.0,0.00022332
NEBL/BTC,1571963566680,2019-10-25T00:32:46.680Z,buy,5.588e-05,429.0,0.02397252
NEBL/BTC,1571963566680,2019-10-25T00:32:46.680Z,buy,5.589e-05,158.0,0.00883062
NEBL/BTC,1571963566680,2019-10-25T00:32:46.680Z,buy,5.59e-05,12.0,0.0006707999999999
NEBL/BTC,1571963566680,2019-10-25T00:32:46.680Z,buy,5.607e-05,97.0,0.00543879
NEBL/BTC,1571963567220,2019-10-25T00:32:47.220Z,sell,5.549e-05,433.0,0.02402717
NEBL/BTC,1571963567220,2019-10-25T00:32:47.220Z,sell,5.548e-05,257.0,0.01425836
NEBL/BTC,1571963568155,2019-10-25T00:32:48.155Z,buy,5.585e-05,334.0,0.0186539
NEBL/BTC,1571963568155,2019-10-25T00:32:48.155Z,buy,5.586e-05,366.0,0.02044476
NEBL/BTC,1571963568494,2019-10-25T00:32:48.494Z,sell,5.549e-05,422.0,0.0234167799999999
NEBL/BTC,1571963568494,2019-10-25T00:32:48.494Z,sell,5.548e-05,268.0,0.0148686399999999
NEBL/BTC,1571963569377,2019-10-25T00:32:49.377Z,buy,5.585e-05,285.0,0.01591725
NEBL/BTC,1571963569377,2019-10-25T00:32:49.377Z,buy,5.586e-05,67.0,0.00374262
NEBL/BTC,1571963569377,2019-10-25T00:32:49.377Z,buy,5.607e-05,348.0,0.01951236
NEBL/BTC,1571963569717,2019-10-25T00:32:49.717Z,sell,5.56e-05,427.0,0.0237412
NEBL/BTC,1571963569717,2019-10-25T00:32:49.717Z,sell,5.559e-05,12.0,0.00066708
NEBL/BTC,1571963569717,2019-10-25T00:32:49.717Z,sell,5.554e-05,251.0,0.01394054
NEBL/BTC,1571963570420,2019-10-25T00:32:50.420Z,buy,5.607e-05,700.0,0.039249
NEBL/BTC,1571963570755,2019-10-25T00:32:50.755Z,sell,5.555e-05,426.0,0.0236643
NEBL/BTC,1571963570755,2019-10-25T00:32:50.755Z,sell,5.554e-05,264.0,0.01466256
NEBL/BTC,1571963571553,2019-10-25T00:32:51.553Z,buy,5.59e-05,12.0,0.0006707999999999
NEBL/BTC,1571963571553,2019-10-25T00:32:51.553Z,buy,5.605e-05,426.0,0.0238773
NEBL/BTC,1571963571553,2019-10-25T00:32:51.553Z,buy,5.606e-05,262.0,0.01468772
NEBL/BTC,1571963571883,2019-10-25T00:32:51.883Z,sell,5.557e-05,432.0,0.0240062399999999
NEBL/BTC,1571963571883,2019-10-25T00:32:51.883Z,sell,5.556e-05,155.0,0.0086118
NEBL/BTC,1571963571883,2019-10-25T00:32:51.883Z,sell,5.554e-05,103.0,0.00572062
NEBL/BTC,1571963572552,2019-10-25T00:32:52.552Z,buy,5.602e-05,12.0,0.00067224
NEBL/BTC,1571963572552,2019-10-25T00:32:52.552Z,buy,5.605e-05,432.0,0.0242136
NEBL/BTC,1571963572552,2019-10-25T00:32:52.552Z,buy,5.606e-05,256.0,0.01435136
NEBL/BTC,1571963573085,2019-10-25T00:32:53.085Z,sell,5.559e-05,12.0,0.00066708
NEBL/BTC,1571963573085,2019-10-25T00:32:53.085Z,sell,5.558e-05,433.0,0.02406614
NEBL/BTC,1571963573085,2019-10-25T00:32:53.085Z,sell,5.557e-05,209.0,0.01161413
NEBL/BTC,1571963573085,2019-10-25T00:32:53.085Z,sell,5.554e-05,36.0,0.00199944
NEBL/BTC,1571963573990,2019-10-25T00:32:53.990Z,buy,5.602e-05,642.0,0.03596484
NEBL/BTC,1571963573990,2019-10-25T00:32:53.990Z,buy,5.605e-05,58.0,0.0032509
NEBL/BTC,1571963574363,2019-10-25T00:32:54.363Z,sell,5.559e-05,427.0,0.02373693
NEBL/BTC,1571963574363,2019-10-25T00:32:54.363Z,sell,5.558e-05,263.0,0.01461754
NEBL/BTC,1571963575287,2019-10-25T00:32:55.287Z,buy,5.604e-05,427.0,0.02392908
NEBL/BTC,1571963575287,2019-10-25T00:32:55.287Z,buy,5.605e-05,273.0,0.01530165
NEBL/BTC,1571963575645,2019-10-25T00:32:55.645Z,sell,5.559e-05,342.0,0.01901178
NEBL/BTC,1571963575645,2019-10-25T00:32:55.645Z,sell,5.558e-05,346.0,0.01923068
NEBL/BTC,1571963575645,2019-10-25T00:32:55.645Z,sell,5.557e-05,2.0,0.00011114
NEBL/BTC,1571963576491,2019-10-25T00:32:56.491Z,buy,5.589e-05,346.0,0.01933794
NEBL/BTC,1571963576491,2019-10-25T00:32:56.491Z,buy,5.59e-05,12.0,0.0006707999999999
NEBL/BTC,1571963576491,2019-10-25T00:32:56.491Z,buy,5.605e-05,342.0,0.0191691
NEBL/BTC,1571963577068,2019-10-25T00:32:57.068Z,sell,5.559e-05,12.0,0.00066708
NEBL/BTC,1571963577068,2019-10-25T00:32:57.068Z,sell,5.558e-05,437.0,0.02428846
NEBL/BTC,1571963577068,2019-10-25T00:32:57.068Z,sell,5.557e-05,241.0,0.0133923699999999
NEBL/BTC,1571963577993,2019-10-25T00:32:57.993Z,buy,5.604e-05,437.0,0.02448948
NEBL/BTC,1571963577993,2019-10-25T00:32:57.993Z,buy,5.605e-05,23.0,0.00128915
NEBL/BTC,1571963577993,2019-10-25T00:32:57.993Z,buy,5.606e-05,240.0,0.0134544
NEBL/BTC,1571963578328,2019-10-25T00:32:58.328Z,sell,5.56e-05,436.0,0.0242416
NEBL/BTC,1571963578328,2019-10-25T00:32:58.328Z,sell,5.559e-05,254.0,0.01411986
NEBL/BTC,1571963579002,2019-10-25T00:32:59.002Z,buy,5.604e-05,596.0,0.03339984
NEBL/BTC,1571963579002,2019-10-25T00:32:59.002Z,buy,5.605e-05,104.0,0.0058292
NEBL/BTC,1571963579329,2019-10-25T00:32:59.329Z,sell,5.558e-05,444.0,0.02467752
NEBL/BTC,1571963579329,2019-10-25T00:32:59.329Z,sell,5.557e-05,246.0,0.01367022
NEBL/BTC,1571963580131,2019-10-25T00:33:00.131Z,buy,5.589e-05,444.0,0.02481516
NEBL/BTC,1571963580131,2019-10-25T00:33:00.131Z,buy,5.59e-05,12.0,0.0006707999999999
NEBL/BTC,1571963580131,2019-10-25T00:33:00.131Z,buy,5.605e-05,244.0,0.0136762
NEBL/BTC,1571963580475,2019-10-25T00:33:00.475Z,sell,5.558e-05,439.0,0.02439962
NEBL/BTC,1571963580475,2019-10-25T00:33:00.475Z,sell,5.557e-05,251.0,0.01394807
NEBL/BTC,1571963581354,2019-10-25T00:33:01.354Z,buy,5.605e-05,527.0,0.02953835
NEBL/BTC,1571963581354,2019-10-25T00:33:01.354Z,buy,5.606e-05,173.0,0.00969838
NEBL/BTC,1571963581685,2019-10-25T00:33:01.685Z,sell,5.559e-05,12.0,0.00066708
NEBL/BTC,1571963581685,2019-10-25T00:33:01.685Z,sell,5.558e-05,678.0,0.03768324
NEBL/BTC,1571963582878,2019-10-25T00:33:02.878Z,buy,5.602e-05,12.0,0.00067224
NEBL/BTC,1571963582878,2019-10-25T00:33:02.878Z,buy,5.605e-05,438.0,0.0245499
NEBL/BTC,1571963582878,2019-10-25T00:33:02.878Z,buy,5.607e-05,250.0,0.0140174999999999
NEBL/BTC,1571963583219,2019-10-25T00:33:03.219Z,sell,5.559e-05,438.0,0.02434842
NEBL/BTC,1571963583219,2019-10-25T00:33:03.219Z,sell,5.558e-05,80.0,0.0044464
NEBL/BTC,1571963583219,2019-10-25T00:33:03.219Z,sell,5.557e-05,172.0,0.00955804
NEBL/BTC,1571963584451,2019-10-25T00:33:04.451Z,buy,5.589e-05,438.0,0.02447982
NEBL/BTC,1571963584451,2019-10-25T00:33:04.451Z,buy,5.59e-05,12.0,0.0006707999999999
NEBL/BTC,1571963584451,2019-10-25T00:33:04.451Z,buy,5.602e-05,250.0,0.014005
NEBL/BTC,1571963584852,2019-10-25T00:33:04.852Z,sell,5.554e-05,427.0,0.02371558
NEBL/BTC,1571963584852,2019-10-25T00:33:04.852Z,sell,5.553e-05,263.0,0.01460439
NEBL/BTC,1571963585533,2019-10-25T00:33:05.533Z,buy,5.602e-05,417.0,0.02336034
NEBL/BTC,1571963585533,2019-10-25T00:33:05.533Z,buy,5.607e-05,283.0,0.01586781
NEBL/BTC,1571963585971,2019-10-25T00:33:05.971Z,sell,5.56e-05,449.0,0.0249644
NEBL/BTC,1571963585971,2019-10-25T00:33:05.971Z,sell,5.559e-05,12.0,0.00066708
NEBL/BTC,1571963585971,2019-10-25T00:33:05.971Z,sell,5.556e-05,229.0,0.01272324
NEBL/BTC,1571963587215,2019-10-25T00:33:07.215Z,buy,5.59e-05,12.0,0.0006707999999999
NEBL/BTC,1571963587215,2019-10-25T00:33:07.215Z,buy,5.606e-05,688.0,0.03856928
NEBL/BTC,1571963587557,2019-10-25T00:33:07.557Z,sell,5.557e-05,449.0,0.02495093
NEBL/BTC,1571963587557,2019-10-25T00:33:07.557Z,sell,5.556e-05,241.0,0.01338996
NEBL/BTC,1571963588478,2019-10-25T00:33:08.478Z,buy,5.605e-05,449.0,0.02516645
NEBL/BTC,1571963588478,2019-10-25T00:33:08.478Z,buy,5.607e-05,251.0,0.0140735699999999
NEBL/BTC,1571963589044,2019-10-25T00:33:09.044Z,sell,5.557e-05,453.0,0.0251732099999999
NEBL/BTC,1571963589044,2019-10-25T00:33:09.044Z,sell,5.556e-05,237.0,0.01316772
NEBL/BTC,1571963589711,2019-10-25T00:33:09.711Z,buy,5.6e-05,188.0,0.010528
NEBL/BTC,1571963589711,2019-10-25T00:33:09.711Z,buy,5.601e-05,453.0,0.02537253
NEBL/BTC,1571963589711,2019-10-25T00:33:09.711Z,buy,5.602e-05,12.0,0.00067224
NEBL/BTC,1571963589711,2019-10-25T00:33:09.711Z,buy,5.607e-05,47.0,0.0026352899999999
NEBL/BTC,1571963590053,2019-10-25T00:33:10.053Z,sell,5.56e-05,455.0,0.025298
NEBL/BTC,1571963590053,2019-10-25T00:33:10.053Z,sell,5.559e-05,12.0,0.00066708
NEBL/BTC,1571963590053,2019-10-25T00:33:10.053Z,sell,5.556e-05,223.0,0.01238988
NEBL/BTC,1571963591409,2019-10-25T00:33:11.409Z,buy,5.602e-05,700.0,0.039214
NEBL/BTC,1571963592379,2019-10-25T00:33:12.379Z,sell,5.555e-05,690.0,0.0383295
NEBL/BTC,1571963593341,2019-10-25T00:33:13.341Z,buy,5.59e-05,12.0,0.0006707999999999
NEBL/BTC,1571963593341,2019-10-25T00:33:13.341Z,buy,5.602e-05,218.0,0.01221236
NEBL/BTC,1571963593341,2019-10-25T00:33:13.341Z,buy,5.606e-05,455.0,0.0255073
NEBL/BTC,1571963593341,2019-10-25T00:33:13.341Z,buy,5.607e-05,15.0,0.00084105
NEBL/BTC,1571963593676,2019-10-25T00:33:13.676Z,sell,5.559e-05,459.0,0.02551581
NEBL/BTC,1571963593676,2019-10-25T00:33:13.676Z,sell,5.558e-05,89.0,0.00494662
NEBL/BTC,1571963593676,2019-10-25T00:33:13.676Z,sell,5.555e-05,142.0,0.0078881
NEBL/BTC,1571963594612,2019-10-25T00:33:14.612Z,buy,5.606e-05,459.0,0.02573154
NEBL/BTC,1571963594612,2019-10-25T00:33:14.612Z,buy,5.608e-05,241.0,0.01351528
NEBL/BTC,1571963595005,2019-10-25T00:33:15.005Z,sell,5.557e-05,628.0,0.03489796
NEBL/BTC,1571963595005,2019-10-25T00:33:15.005Z,sell,5.555e-05,62.0,0.0034441
NEBL/BTC,1571963595675,2019-10-25T00:33:15.675Z,buy,5.604e-05,12.0,0.00067248
NEBL/BTC,1571963595675,2019-10-25T00:33:15.675Z,buy,5.608e-05,688.0,0.03858304
NEBL/BTC,1571963596009,2019-10-25T00:33:16.009Z,sell,5.559e-05,12.0,0.00066708
NEBL/BTC,1571963596009,2019-10-25T00:33:16.009Z,sell,5.556e-05,451.0,0.02505756
NEBL/BTC,1571963596009,2019-10-25T00:33:16.009Z,sell,5.555e-05,227.0,0.01260985
NEBL/BTC,1571963597027,2019-10-25T00:33:17.027Z,buy,5.584e-05,700.0,0.039088
NEBL/BTC,1571963597355,2019-10-25T00:33:17.355Z,sell,5.554e-05,456.0,0.02532624
NEBL/BTC,1571963597355,2019-10-25T00:33:17.355Z,sell,5.553e-05,18.0,0.00099954
NEBL/BTC,1571963597355,2019-10-25T00:33:17.355Z,sell,5.551e-05,4.0,0.00022204
NEBL/BTC,1571963597355,2019-10-25T00:33:17.355Z,sell,5.548e-05,212.0,0.01176176
NEBL/BTC,1571963598269,2019-10-25T00:33:18.269Z,buy,5.582e-05,628.0,0.0350549599999999
NEBL/BTC,1571963598269,2019-10-25T00:33:18.269Z,buy,5.583e-05,72.0,0.00401976
NEBL/BTC,1571963598602,2019-10-25T00:33:18.602Z,sell,5.556e-05,459.0,0.02550204
NEBL/BTC,1571963598602,2019-10-25T00:33:18.602Z,sell,5.555e-05,231.0,0.01283205
NEBL/BTC,1571963599268,2019-10-25T00:33:19.268Z,buy,5.583e-05,700.0,0.039081
NEBL/BTC,1571963599603,2019-10-25T00:33:19.603Z,sell,5.558e-05,245.0,0.0136171
NEBL/BTC,1571963599603,2019-10-25T00:33:19.603Z,sell,5.557e-05,345.0,0.01917165
NEBL/BTC,1571963599603,2019-10-25T00:33:19.603Z,sell,5.555e-05,100.0,0.005555
NEBL/BTC,1571963600398,2019-10-25T00:33:20.398Z,buy,5.582e-05,245.0,0.0136759
NEBL/BTC,1571963600398,2019-10-25T00:33:20.398Z,buy,5.583e-05,147.0,0.00820701
NEBL/BTC,1571963600398,2019-10-25T00:33:20.398Z,buy,5.584e-05,308.0,0.01719872
NEBL/BTC,1571963600735,2019-10-25T00:33:20.735Z,sell,5.556e-05,464.0,0.02577984
NEBL/BTC,1571963600735,2019-10-25T00:33:20.735Z,sell,5.555e-05,226.0,0.0125543
NEBL/BTC,1571963601638,2019-10-25T00:33:21.638Z,buy,5.561e-05,101.0,0.00561661
NEBL/BTC,1571963601638,2019-10-25T00:33:21.638Z,buy,5.563e-05,285.0,0.01585455
NEBL/BTC,1571963601638,2019-10-25T00:33:21.638Z,buy,5.573e-05,179.0,0.0099756699999999
NEBL/BTC,1571963601638,2019-10-25T00:33:21.638Z,buy,5.59e-05,12.0,0.0006707999999999
NEBL/BTC,1571963601638,2019-10-25T00:33:21.638Z,buy,5.602e-05,12.0,0.00067224
NEBL/BTC,1571963601638,2019-10-25T00:33:21.638Z,buy,5.605e-05,111.0,0.00622155
NEBL/BTC,1571963602508,2019-10-25T00:33:22.508Z,sell,5.556e-05,690.0,0.0383364
NEBL/BTC,1571963603478,2019-10-25T00:33:23.478Z,buy,5.601e-05,454.0,0.02542854
NEBL/BTC,1571963603478,2019-10-25T00:33:23.478Z,buy,5.602e-05,246.0,0.01378092
NEBL/BTC,1571963603817,2019-10-25T00:33:23.817Z,sell,5.559e-05,12.0,0.00066708
NEBL/BTC,1571963603817,2019-10-25T00:33:23.817Z,sell,5.556e-05,205.0,0.0113898
NEBL/BTC,1571963603817,2019-10-25T00:33:23.817Z,sell,5.551e-05,4.0,0.00022204
NEBL/BTC,1571963603817,2019-10-25T00:33:23.817Z,sell,5.548e-05,469.0,0.0260201199999999
NEBL/BTC,1571963604734,2019-10-25T00:33:24.734Z,buy,5.602e-05,533.0,0.02985866
NEBL/BTC,1571963604734,2019-10-25T00:33:24.734Z,buy,5.606e-05,167.0,0.00936202
NEBL/BTC,1571963605081,2019-10-25T00:33:25.081Z,sell,5.561e-05,458.0,0.02546938
NEBL/BTC,1571963605081,2019-10-25T00:33:25.081Z,sell,5.56e-05,232.0,0.0128992
NEBL/BTC,1571963606246,2019-10-25T00:33:26.246Z,buy,5.583e-05,4.0,0.00022332
NEBL/BTC,1571963606246,2019-10-25T00:33:26.246Z,buy,5.59e-05,12.0,0.0006707999999999
NEBL/BTC,1571963606246,2019-10-25T00:33:26.246Z,buy,5.606e-05,284.0,0.01592104
NEBL/BTC,1571963606246,2019-10-25T00:33:26.246Z,buy,5.607e-05,400.0,0.022428
NEBL/BTC,1571963606588,2019-10-25T00:33:26.588Z,sell,5.562e-05,690.0,0.0383778
NEBL/BTC,1571963607487,2019-10-25T00:33:27.487Z,buy,5.603e-05,12.0,0.00067236
NEBL/BTC,1571963607487,2019-10-25T00:33:27.487Z,buy,5.607e-05,398.0,0.02231586
NEBL/BTC,1571963607487,2019-10-25T00:33:27.487Z,buy,5.608e-05,290.0,0.0162632
NEBL/BTC,1571963607831,2019-10-25T00:33:27.831Z,sell,5.564e-05,450.0,0.025038
NEBL/BTC,1571963607831,2019-10-25T00:33:27.831Z,sell,5.563e-05,240.0,0.0133512
NEBL/BTC,1571963609001,2019-10-25T00:33:29.001Z,buy,5.603e-05,220.0,0.0123266
NEBL/BTC,1571963609001,2019-10-25T00:33:29.001Z,buy,5.605e-05,240.0,0.013452
NEBL/BTC,1571963609001,2019-10-25T00:33:29.001Z,buy,5.606e-05,240.0,0.0134544
NEBL/BTC,1571963609348,2019-10-25T00:33:29.348Z,sell,5.566e-05,450.0,0.025047
NEBL/BTC,1571963609348,2019-10-25T00:33:29.348Z,sell,5.565e-05,107.0,0.0059545499999999
NEBL/BTC,1571963609348,2019-10-25T00:33:29.348Z,sell,5.559e-05,12.0,0.00066708
NEBL/BTC,1571963609348,2019-10-25T00:33:29.348Z,sell,5.554e-05,119.0,0.00660926
NEBL/BTC,1571963609348,2019-10-25T00:33:29.348Z,sell,5.551e-05,2.0,0.00011102
NEBL/BTC,1571963610234,2019-10-25T00:33:30.234Z,buy,5.604e-05,700.0,0.039228
NEBL/BTC,1571963610572,2019-10-25T00:33:30.572Z,sell,5.565e-05,455.0,0.02532075
NEBL/BTC,1571963610572,2019-10-25T00:33:30.572Z,sell,5.564e-05,235.0,0.0130754
NEBL/BTC,1571963611429,2019-10-25T00:33:31.429Z,buy,5.603e-05,455.0,0.02549365
NEBL/BTC,1571963611429,2019-10-25T00:33:31.429Z,buy,5.604e-05,245.0,0.0137298
NEBL/BTC,1571963611782,2019-10-25T00:33:31.782Z,sell,5.565e-05,314.0,0.0174741
NEBL/BTC,1571963611782,2019-10-25T00:33:31.782Z,sell,5.564e-05,376.0,0.02092064
NEBL/BTC,1571963612450,2019-10-25T00:33:32.450Z,buy,5.589e-05,314.0,0.01754946
NEBL/BTC,1571963612450,2019-10-25T00:33:32.450Z,buy,5.59e-05,12.0,0.0006707999999999
NEBL/BTC,1571963612450,2019-10-25T00:33:32.450Z,buy,5.604e-05,374.0,0.02095896
NEBL/BTC,1571963613002,2019-10-25T00:33:33.002Z,sell,5.567e-05,321.0,0.01787007
NEBL/BTC,1571963613002,2019-10-25T00:33:33.002Z,sell,5.566e-05,305.0,0.0169763
NEBL/BTC,1571963613002,2019-10-25T00:33:33.002Z,sell,5.564e-05,64.0,0.00356096
NEBL/BTC,1571963613682,2019-10-25T00:33:33.682Z,buy,5.6e-05,317.0,0.017752
NEBL/BTC,1571963613682,2019-10-25T00:33:33.682Z,buy,5.606e-05,210.0,0.0117726
NEBL/BTC,1571963613682,2019-10-25T00:33:33.682Z,buy,5.607e-05,173.0,0.00970011
NEBL/BTC,1571963614015,2019-10-25T00:33:34.015Z,sell,5.565e-05,453.0,0.0252094499999999
NEBL/BTC,1571963614015,2019-10-25T00:33:34.015Z,sell,5.564e-05,237.0,0.01318668
NEBL/BTC,1571963615147,2019-10-25T00:33:35.147Z,buy,5.6e-05,700.0,0.0392
NEBL/BTC,1571963615475,2019-10-25T00:33:35.475Z,sell,5.568e-05,107.0,0.00595776
NEBL/BTC,1571963615475,2019-10-25T00:33:35.475Z,sell,5.567e-05,452.0,0.02516284
NEBL/BTC,1571963615475,2019-10-25T00:33:35.475Z,sell,5.559e-05,12.0,0.00066708
NEBL/BTC,1571963615475,2019-10-25T00:33:35.475Z,sell,5.553e-05,119.0,0.00660807
NEBL/BTC,1571963616159,2019-10-25T00:33:36.159Z,buy,5.599e-05,452.0,0.02530748
NEBL/BTC,1571963616159,2019-10-25T00:33:36.159Z,buy,5.6e-05,200.0,0.0112
NEBL/BTC,1571963616159,2019-10-25T00:33:36.159Z,buy,5.607e-05,48.0,0.00269136
NEBL/BTC,1571963616495,2019-10-25T00:33:36.495Z,sell,5.56e-05,457.0,0.0254092
NEBL/BTC,1571963616495,2019-10-25T00:33:36.495Z,sell,5.559e-05,233.0,0.01295247
NEBL/BTC,1571963617298,2019-10-25T00:33:37.298Z,buy,5.606e-05,45.0,0.0025227
NEBL/BTC,1571963617298,2019-10-25T00:33:37.298Z,buy,5.607e-05,655.0,0.03672585
NEBL/BTC,1571963617640,2019-10-25T00:33:37.640Z,sell,5.563e-05,49.0,0.00272587
NEBL/BTC,1571963617640,2019-10-25T00:33:37.640Z,sell,5.562e-05,458.0,0.02547396
NEBL/BTC,1571963617640,2019-10-25T00:33:37.640Z,sell,5.561e-05,183.0,0.0101766299999999
NEBL/BTC,1571963618544,2019-10-25T00:33:38.544Z,buy,5.59e-05,12.0,0.0006707999999999
NEBL/BTC,1571963618544,2019-10-25T00:33:38.544Z,buy,5.606e-05,183.0,0.01025898
NEBL/BTC,1571963618544,2019-10-25T00:33:38.544Z,buy,5.607e-05,505.0,0.02831535
NEBL/BTC,1571963618904,2019-10-25T00:33:38.904Z,sell,5.562e-05,454.0,0.02525148
NEBL/BTC,1571963618904,2019-10-25T00:33:38.904Z,sell,5.561e-05,236.0,0.0131239599999999
NEBL/BTC,1571963619786,2019-10-25T00:33:39.786Z,buy,5.601e-05,12.0,0.00067212
NEBL/BTC,1571963619786,2019-10-25T00:33:39.786Z,buy,5.604e-05,236.0,0.01322544
NEBL/BTC,1571963619786,2019-10-25T00:33:39.786Z,buy,5.605e-05,452.0,0.0253346
NEBL/BTC,1571963620116,2019-10-25T00:33:40.116Z,sell,5.564e-05,455.0,0.0253162
NEBL/BTC,1571963620116,2019-10-25T00:33:40.116Z,sell,5.563e-05,235.0,0.01307305
NEBL/BTC,1571963620988,2019-10-25T00:33:40.988Z,buy,5.6e-05,321.0,0.017976
NEBL/BTC,1571963620988,2019-10-25T00:33:40.988Z,buy,5.601e-05,221.0,0.01237821
NEBL/BTC,1571963620988,2019-10-25T00:33:40.988Z,buy,5.605e-05,2.0,0.0001121
NEBL/BTC,1571963620988,2019-10-25T00:33:40.988Z,buy,5.606e-05,49.0,0.00274694
NEBL/BTC,1571963620988,2019-10-25T00:33:40.988Z,buy,5.607e-05,107.0,0.00599949
NEBL/BTC,1571963621320,2019-10-25T00:33:41.320Z,sell,5.564e-05,454.0,0.02526056
NEBL/BTC,1571963621320,2019-10-25T00:33:41.320Z,sell,5.563e-05,86.0,0.00478418
NEBL/BTC,1571963621320,2019-10-25T00:33:41.320Z,sell,5.559e-05,150.0,0.0083385
NEBL/BTC,1571963621985,2019-10-25T00:33:41.985Z,buy,5.607e-05,700.0,0.039249
NEBL/BTC,1571963622525,2019-10-25T00:33:42.525Z,sell,5.56e-05,241.0,0.0133996
NEBL/BTC,1571963622525,2019-10-25T00:33:42.525Z,sell,5.559e-05,9.0,0.00050031
NEBL/BTC,1571963622525,2019-10-25T00:33:42.525Z,sell,5.553e-05,102.0,0.00566406
NEBL/BTC,1571963622525,2019-10-25T00:33:42.525Z,sell,5.551e-05,2.0,0.00011102
NEBL/BTC,1571963622525,2019-10-25T00:33:42.525Z,sell,5.548e-05,336.0,0.01864128
NEBL/BTC,1571963623481,2019-10-25T00:33:43.481Z,buy,5.583e-05,4.0,0.00022332
NEBL/BTC,1571963623481,2019-10-25T00:33:43.481Z,buy,5.606e-05,333.0,0.01866798
NEBL/BTC,1571963623481,2019-10-25T00:33:43.481Z,buy,5.607e-05,363.0,0.02035341
NEBL/BTC,1571963624094,2019-10-25T00:33:44.094Z,sell,5.562e-05,452.0,0.02514024
NEBL/BTC,1571963624094,2019-10-25T00:33:44.094Z,sell,5.561e-05,107.0,0.00595027
NEBL/BTC,1571963624094,2019-10-25T00:33:44.094Z,sell,5.56e-05,131.0,0.0072836
NEBL/BTC,1571963624879,2019-10-25T00:33:44.879Z,buy,5.589e-05,273.0,0.01525797
NEBL/BTC,1571963624879,2019-10-25T00:33:44.879Z,buy,5.59e-05,12.0,0.0006707999999999
NEBL/BTC,1571963624879,2019-10-25T00:33:44.879Z,buy,5.592e-05,179.0,0.01000968
NEBL/BTC,1571963624879,2019-10-25T00:33:44.879Z,buy,5.607e-05,236.0,0.01323252
NEBL/BTC,1571963625299,2019-10-25T00:33:45.299Z,sell,5.562e-05,321.0,0.0178540199999999
NEBL/BTC,1571963625299,2019-10-25T00:33:45.299Z,sell,5.56e-05,38.0,0.0021128
NEBL/BTC,1571963625299,2019-10-25T00:33:45.299Z,sell,5.556e-05,331.0,0.01839036
NEBL/BTC,1571963625959,2019-10-25T00:33:45.959Z,buy,5.607e-05,181.0,0.01014867
NEBL/BTC,1571963625959,2019-10-25T00:33:45.959Z,buy,5.608e-05,176.0,0.00987008
NEBL/BTC,1571963625959,2019-10-25T00:33:45.959Z,buy,5.609e-05,3.0,0.0001682699999999
NEBL/BTC,1571963625959,2019-10-25T00:33:45.959Z,buy,5.616e-05,36.0,0.00202176
NEBL/BTC,1571963625959,2019-10-25T00:33:45.959Z,buy,5.62e-05,12.0,0.0006743999999999
NEBL/BTC,1571963625959,2019-10-25T00:33:45.959Z,buy,5.625e-05,239.0,0.0134437499999999
NEBL/BTC,1571963625959,2019-10-25T00:33:45.959Z,buy,5.632e-05,53.0,0.00298496
NEBL/BTC,1571963626303,2019-10-25T00:33:46.303Z,sell,5.564e-05,214.0,0.01190696
NEBL/BTC,1571963626303,2019-10-25T00:33:46.303Z,sell,5.563e-05,476.0,0.02647988
NEBL/BTC,1571963627655,2019-10-25T00:33:47.655Z,buy,5.605e-05,450.0,0.0252225
NEBL/BTC,1571963627655,2019-10-25T00:33:47.655Z,buy,5.606e-05,89.0,0.00498934
NEBL/BTC,1571963627655,2019-10-25T00:33:47.655Z,buy,5.632e-05,161.0,0.00906752
NEBL/BTC,1571963627800,2019-10-25T00:33:47.800Z,sell,5.611e-05,2646.0,0.14846706
NEBL/BTC,1571963628070,2019-10-25T00:33:48.070Z,sell,5.583e-05,4.0,0.00022332
NEBL/BTC,1571963628070,2019-10-25T00:33:48.070Z,sell,5.578e-05,3.0,0.0001673399999999
NEBL/BTC,1571963628070,2019-10-25T00:33:48.070Z,sell,5.561e-05,683.0,0.0379816299999999
NEBL/BTC,1571963628737,2019-10-25T00:33:48.737Z,buy,5.604e-05,119.0,0.00666876
NEBL/BTC,1571963628737,2019-10-25T00:33:48.737Z,buy,5.611e-05,581.0,0.03259991
NEBL/BTC,1571963629063,2019-10-25T00:33:49.063Z,sell,5.59e-05,12.0,0.0006707999999999
NEBL/BTC,1571963629063,2019-10-25T00:33:49.063Z,sell,5.561e-05,103.0,0.00572783
NEBL/BTC,1571963629063,2019-10-25T00:33:49.063Z,sell,5.56e-05,321.0,0.0178476
NEBL/BTC,1571963629063,2019-10-25T00:33:49.063Z,sell,5.559e-05,12.0,0.00066708
NEBL/BTC,1571963629063,2019-10-25T00:33:49.063Z,sell,5.551e-05,4.0,0.00022204
NEBL/BTC,1571963629063,2019-10-25T00:33:49.063Z,sell,5.548e-05,238.0,0.0132042399999999
NEBL/BTC,1571963629093,2019-10-25T00:33:49.093Z,buy,5.609e-05,201.0,0.01127409
NEBL/BTC,1571963630194,2019-10-25T00:33:50.194Z,buy,5.583e-05,4.0,0.00022332
NEBL/BTC,1571963630194,2019-10-25T00:33:50.194Z,buy,5.608e-05,170.0,0.0095336
NEBL/BTC,1571963630194,2019-10-25T00:33:50.194Z,buy,5.609e-05,508.0,0.02849372
NEBL/BTC,1571963630194,2019-10-25T00:33:50.194Z,buy,5.61e-05,18.0,0.0010098
NEBL/BTC,1571963630532,2019-10-25T00:33:50.532Z,sell,5.552e-05,690.0,0.0383088
NEBL/BTC,1571963631437,2019-10-25T00:33:51.437Z,buy,5.59e-05,12.0,0.0006707999999999
NEBL/BTC,1571963631437,2019-10-25T00:33:51.437Z,buy,5.609e-05,106.0,0.00594554
NEBL/BTC,1571963631437,2019-10-25T00:33:51.437Z,buy,5.616e-05,4.0,0.00022464
NEBL/BTC,1571963631437,2019-10-25T00:33:51.437Z,buy,5.62e-05,12.0,0.0006743999999999
NEBL/BTC,1571963631437,2019-10-25T00:33:51.437Z,buy,5.632e-05,427.0,0.02404864
NEBL/BTC,1571963631437,2019-10-25T00:33:51.437Z,buy,5.636e-05,31.0,0.00174716
NEBL/BTC,1571963631437,2019-10-25T00:33:51.437Z,buy,5.637e-05,68.0,0.00383316
NEBL/BTC,1571963631437,2019-10-25T00:33:51.437Z,buy,5.639e-05,3.0,0.00016917
NEBL/BTC,1571963631437,2019-10-25T00:33:51.437Z,buy,5.642e-05,37.0,0.00208754
NEBL/BTC,1571963631768,2019-10-25T00:33:51.768Z,sell,5.555e-05,429.0,0.02383095
NEBL/BTC,1571963631768,2019-10-25T00:33:51.768Z,sell,5.554e-05,214.0,0.01188556
NEBL/BTC,1571963631768,2019-10-25T00:33:51.768Z,sell,5.55e-05,47.0,0.0026085
NEBL/BTC,1571963632664,2019-10-25T00:33:52.664Z,buy,5.64e-05,476.0,0.0268464
NEBL/BTC,1571963632664,2019-10-25T00:33:52.664Z,buy,5.641e-05,224.0,0.0126358399999999
NEBL/BTC,1571963633004,2019-10-25T00:33:53.004Z,sell,5.56e-05,424.0,0.0235744
NEBL/BTC,1571963633004,2019-10-25T00:33:53.004Z,sell,5.559e-05,12.0,0.00066708
NEBL/BTC,1571963633004,2019-10-25T00:33:53.004Z,sell,5.551e-05,4.0,0.00022204
NEBL/BTC,1571963633004,2019-10-25T00:33:53.004Z,sell,5.55e-05,250.0,0.013875
NEBL/BTC,1571963633404,2019-10-25T00:33:53.404Z,sell,5.612e-05,26.0,0.00145912
NEBL/BTC,1571963633910,2019-10-25T00:33:53.910Z,buy,5.622e-05,214.0,0.01203108
NEBL/BTC,1571963633910,2019-10-25T00:33:53.910Z,buy,5.623e-05,486.0,0.02732778
NEBL/BTC,1571963634240,2019-10-25T00:33:54.240Z,sell,5.609e-05,3.0,0.0001682699999999
NEBL/BTC,1571963634240,2019-10-25T00:33:54.240Z,sell,5.557e-05,428.0,0.02378396
NEBL/BTC,1571963634240,2019-10-25T00:33:54.240Z,sell,5.556e-05,53.0,0.00294468
NEBL/BTC,1571963634240,2019-10-25T00:33:54.240Z,sell,5.55e-05,38.0,0.002109
NEBL/BTC,1571963634240,2019-10-25T00:33:54.240Z,sell,5.548e-05,168.0,0.00932064
NEBL/BTC,1571963634905,2019-10-25T00:33:54.905Z,sell,5.589e-05,31.0,0.00173259
NEBL/BTC,1571963634905,2019-10-25T00:33:54.905Z,sell,5.578e-05,3.0,0.0001673399999999
NEBL/BTC,1571963635113,2019-10-25T00:33:55.113Z,buy,5.616e-05,4.0,0.00022464
NEBL/BTC,1571963635113,2019-10-25T00:33:55.113Z,buy,5.62e-05,12.0,0.0006743999999999
NEBL/BTC,1571963635113,2019-10-25T00:33:55.113Z,buy,5.621e-05,428.0,0.02405788
NEBL/BTC,1571963635113,2019-10-25T00:33:55.113Z,buy,5.622e-05,256.0,0.01439232
NEBL/BTC,1571963635443,2019-10-25T00:33:55.443Z,sell,5.561e-05,428.0,0.02380108
NEBL/BTC,1571963635443,2019-10-25T00:33:55.443Z,sell,5.56e-05,262.0,0.0145672
NEBL/BTC,1571963635959,2019-10-25T00:33:55.959Z,buy,5.62e-05,88.0,0.0049456
NEBL/BTC,1571963636345,2019-10-25T00:33:56.345Z,buy,5.62e-05,340.0,0.019108
NEBL/BTC,1571963636345,2019-10-25T00:33:56.345Z,buy,5.621e-05,262.0,0.01472702
NEBL/BTC,1571963636345,2019-10-25T00:33:56.345Z,buy,5.622e-05,98.0,0.00550956
NEBL/BTC,1571963636671,2019-10-25T00:33:56.671Z,sell,5.561e-05,310.0,0.0172391
NEBL/BTC,1571963636671,2019-10-25T00:33:56.671Z,sell,5.56e-05,380.0,0.021128
NEBL/BTC,1571963637338,2019-10-25T00:33:57.338Z,buy,5.609e-05,3.0,0.0001682699999999
NEBL/BTC,1571963637338,2019-10-25T00:33:57.338Z,buy,5.621e-05,380.0,0.0213597999999999
NEBL/BTC,1571963637338,2019-10-25T00:33:57.338Z,buy,5.622e-05,317.0,0.01782174
NEBL/BTC,1571963637667,2019-10-25T00:33:57.667Z,sell,5.59e-05,12.0,0.0006707999999999
NEBL/BTC,1571963637667,2019-10-25T00:33:57.667Z,sell,5.583e-05,4.0,0.00022332
NEBL/BTC,1571963637667,2019-10-25T00:33:57.667Z,sell,5.559e-05,12.0,0.00066708
NEBL/BTC,1571963637667,2019-10-25T00:33:57.667Z,sell,5.557e-05,274.0,0.0152261799999999
NEBL/BTC,1571963637667,2019-10-25T00:33:57.667Z,sell,5.551e-05,4.0,0.00022204
NEBL/BTC,1571963637667,2019-10-25T00:33:57.667Z,sell,5.548e-05,384.0,0.0213043199999999
NEBL/BTC,1571963638498,2019-10-25T00:33:58.498Z,buy,5.621e-05,310.0,0.0174251
NEBL/BTC,1571963638498,2019-10-25T00:33:58.498Z,buy,5.623e-05,390.0,0.0219297
NEBL/BTC,1571963638834,2019-10-25T00:33:58.834Z,sell,5.578e-05,3.0,0.0001673399999999
NEBL/BTC,1571963638834,2019-10-25T00:33:58.834Z,sell,5.562e-05,420.0,0.0233604
NEBL/BTC,1571963638834,2019-10-25T00:33:58.834Z,sell,5.561e-05,140.0,0.0077854
NEBL/BTC,1571963638834,2019-10-25T00:33:58.834Z,sell,5.558e-05,127.0,0.00705866
NEBL/BTC,1571963639501,2019-10-25T00:33:59.501Z,buy,5.59e-05,12.0,0.0006707999999999
NEBL/BTC,1571963639501,2019-10-25T00:33:59.501Z,buy,5.621e-05,450.0,0.0252945
NEBL/BTC,1571963639501,2019-10-25T00:33:59.501Z,buy,5.622e-05,238.0,0.01338036
NEBL/BTC,1571963639886,2019-10-25T00:33:59.886Z,sell,5.561e-05,70.0,0.0038927
NEBL/BTC,1571963639886,2019-10-25T00:33:59.886Z,sell,5.56e-05,620.0,0.034472
NEBL/BTC,1571963640569,2019-10-25T00:34:00.569Z,buy,5.609e-05,3.0,0.0001682699999999
NEBL/BTC,1571963640569,2019-10-25T00:34:00.569Z,buy,5.62e-05,12.0,0.0006743999999999
NEBL/BTC,1571963640569,2019-10-25T00:34:00.569Z,buy,5.622e-05,182.0,0.01023204
NEBL/BTC,1571963640569,2019-10-25T00:34:00.569Z,buy,5.623e-05,503.0,0.02828369
NEBL/BTC,1571963640904,2019-10-25T00:34:00.904Z,sell,5.561e-05,456.0,0.0253581599999999
NEBL/BTC,1571963640904,2019-10-25T00:34:00.904Z,sell,5.56e-05,234.0,0.0130104
NEBL/BTC,1571963641568,2019-10-25T00:34:01.568Z,buy,5.582e-05,421.0,0.02350022
NEBL/BTC,1571963641568,2019-10-25T00:34:01.568Z,buy,5.582e-05,421.0,0.02350022
NEBL/BTC,1571963641568,2019-10-25T00:34:01.568Z,buy,5.583e-05,4.0,0.00022332
NEBL/BTC,1571963641568,2019-10-25T00:34:01.568Z,buy,5.616e-05,4.0,0.00022464
NEBL/BTC,1571963641568,2019-10-25T00:34:01.568Z,buy,5.617e-05,271.0,0.0152220699999999
NEBL/BTC,1571963641898,2019-10-25T00:34:01.898Z,sell,5.564e-05,214.0,0.01190696
NEBL/BTC,1571963641898,2019-10-25T00:34:01.898Z,sell,5.563e-05,239.0,0.01329557
NEBL/BTC,1571963641898,2019-10-25T00:34:01.898Z,sell,5.562e-05,196.0,0.01090152
NEBL/BTC,1571963641898,2019-10-25T00:34:01.898Z,sell,5.56e-05,41.0,0.0022796
NEBL/BTC,1571963643104,2019-10-25T00:34:03.104Z,buy,5.615e-05,214.0,0.0120161
NEBL/BTC,1571963643104,2019-10-25T00:34:03.104Z,buy,5.616e-05,418.0,0.02347488
NEBL/BTC,1571963643104,2019-10-25T00:34:03.104Z,buy,5.617e-05,68.0,0.00381956
NEBL/BTC,1571963643439,2019-10-25T00:34:03.439Z,sell,5.59e-05,12.0,0.0006707999999999
NEBL/BTC,1571963643439,2019-10-25T00:34:03.439Z,sell,5.583e-05,4.0,0.00022332
NEBL/BTC,1571963643439,2019-10-25T00:34:03.439Z,sell,5.578e-05,3.0,0.0001673399999999
NEBL/BTC,1571963643439,2019-10-25T00:34:03.439Z,sell,5.564e-05,9.0,0.00050076
NEBL/BTC,1571963643439,2019-10-25T00:34:03.439Z,sell,5.562e-05,661.0,0.03676482
NEBL/BTC,1571963643439,2019-10-25T00:34:03.439Z,sell,5.56e-05,1.0,5.56e-05
NEBL/BTC,1571963644955,2019-10-25T00:34:04.955Z,buy,5.608e-05,428.0,0.0240022399999999
NEBL/BTC,1571963644955,2019-10-25T00:34:04.955Z,buy,5.609e-05,3.0,0.0001682699999999
NEBL/BTC,1571963644955,2019-10-25T00:34:04.955Z,buy,5.616e-05,269.0,0.0151070399999999
NEBL/BTC,1571963645368,2019-10-25T00:34:05.368Z,sell,5.572e-05,690.0,0.0384468
NEBL/BTC,1571963646662,2019-10-25T00:34:06.662Z,buy,5.612e-05,700.0,0.039284
NEBL/BTC,1571963647006,2019-10-25T00:34:07.006Z,sell,5.579e-05,419.0,0.02337601
NEBL/BTC,1571963647006,2019-10-25T00:34:07.006Z,sell,5.578e-05,3.0,0.0001673399999999
NEBL/BTC,1571963647006,2019-10-25T00:34:07.006Z,sell,5.572e-05,268.0,0.01493296
NEBL/BTC,1571963647672,2019-10-25T00:34:07.672Z,buy,5.611e-05,419.0,0.02351009
NEBL/BTC,1571963647672,2019-10-25T00:34:07.672Z,buy,5.612e-05,281.0,0.01576972
NEBL/BTC,1571963648033,2019-10-25T00:34:08.033Z,sell,5.577e-05,428.0,0.02386956
NEBL/BTC,1571963648033,2019-10-25T00:34:08.033Z,sell,5.576e-05,262.0,0.01460912
NEBL/BTC,1571963648697,2019-10-25T00:34:08.697Z,buy,5.611e-05,262.0,0.01470082
NEBL/BTC,1571963648697,2019-10-25T00:34:08.697Z,buy,5.612e-05,438.0,0.0245805599999999
NEBL/BTC,1571963649039,2019-10-25T00:34:09.039Z,sell,5.577e-05,179.0,0.00998283
NEBL/BTC,1571963649039,2019-10-25T00:34:09.039Z,sell,5.576e-05,511.0,0.02849336
NEBL/BTC,1571963649904,2019-10-25T00:34:09.904Z,buy,5.608e-05,336.0,0.01884288
NEBL/BTC,1571963649904,2019-10-25T00:34:09.904Z,buy,5.609e-05,3.0,0.0001682699999999
NEBL/BTC,1571963649904,2019-10-25T00:34:09.904Z,buy,5.612e-05,41.0,0.0023009199999999
NEBL/BTC,1571963649904,2019-10-25T00:34:09.904Z,buy,5.613e-05,320.0,0.0179616
NEBL/BTC,1571963650498,2019-10-25T00:34:10.498Z,sell,5.581e-05,179.0,0.00998999
NEBL/BTC,1571963650498,2019-10-25T00:34:10.498Z,sell,5.58e-05,511.0,0.0285138
NEBL/BTC,1571963651283,2019-10-25T00:34:11.283Z,buy,5.612e-05,417.0,0.02340204
NEBL/BTC,1571963651283,2019-10-25T00:34:11.283Z,buy,5.613e-05,251.0,0.01408863
NEBL/BTC,1571963651283,2019-10-25T00:34:11.283Z,buy,5.616e-05,4.0,0.00022464
NEBL/BTC,1571963651283,2019-10-25T00:34:11.283Z,buy,5.62e-05,12.0,0.0006743999999999
NEBL/BTC,1571963651283,2019-10-25T00:34:11.283Z,buy,5.636e-05,16.0,0.00090176
NEBL/BTC,1571963651621,2019-10-25T00:34:11.621Z,sell,5.583e-05,416.0,0.02322528
NEBL/BTC,1571963651621,2019-10-25T00:34:11.621Z,sell,5.582e-05,274.0,0.01529468
NEBL/BTC,1571963652941,2019-10-25T00:34:12.941Z,buy,5.63e-05,428.0,0.0240964
NEBL/BTC,1571963652941,2019-10-25T00:34:12.941Z,buy,5.631e-05,272.0,0.01531632
NEBL/BTC,1571963653284,2019-10-25T00:34:13.284Z,sell,5.591e-05,413.0,0.02309083
NEBL/BTC,1571963653284,2019-10-25T00:34:13.284Z,sell,5.59e-05,12.0,0.0006707999999999
NEBL/BTC,1571963653284,2019-10-25T00:34:13.284Z,sell,5.586e-05,265.0,0.0148028999999999
NEBL/BTC,1571963654165,2019-10-25T00:34:14.165Z,buy,5.63e-05,413.0,0.0232519
NEBL/BTC,1571963654165,2019-10-25T00:34:14.165Z,buy,5.631e-05,287.0,0.01616097
NEBL/BTC,1571963654501,2019-10-25T00:34:14.501Z,sell,5.587e-05,349.0,0.01949863
NEBL/BTC,1571963654501,2019-10-25T00:34:14.501Z,sell,5.583e-05,4.0,0.00022332
NEBL/BTC,1571963654501,2019-10-25T00:34:14.501Z,sell,5.578e-05,3.0,0.0001673399999999
NEBL/BTC,1571963654501,2019-10-25T00:34:14.501Z,sell,5.562e-05,153.0,0.00850986
NEBL/BTC,1571963654501,2019-10-25T00:34:14.501Z,sell,5.559e-05,181.0,0.01006179
NEBL/BTC,1571963655391,2019-10-25T00:34:15.391Z,buy,5.602e-05,94.0,0.00526588
NEBL/BTC,1571963655391,2019-10-25T00:34:15.391Z,buy,5.62e-05,12.0,0.0006743999999999
NEBL/BTC,1571963655391,2019-10-25T00:34:15.391Z,buy,5.627e-05,171.0,0.00962217
NEBL/BTC,1571963655391,2019-10-25T00:34:15.391Z,buy,5.628e-05,423.0,0.02380644
NEBL/BTC,1571963655731,2019-10-25T00:34:15.731Z,sell,5.567e-05,690.0,0.0384123
NEBL/BTC,1571963656627,2019-10-25T00:34:16.627Z,buy,5.602e-05,75.0,0.0042015
NEBL/BTC,1571963656627,2019-10-25T00:34:16.627Z,buy,5.62e-05,12.0,0.0006743999999999
NEBL/BTC,1571963656627,2019-10-25T00:34:16.627Z,buy,5.627e-05,415.0,0.02335205
NEBL/BTC,1571963656627,2019-10-25T00:34:16.627Z,buy,5.628e-05,198.0,0.01114344
NEBL/BTC,1571963657021,2019-10-25T00:34:17.021Z,sell,5.569e-05,428.0,0.02383532
NEBL/BTC,1571963657021,2019-10-25T00:34:17.021Z,sell,5.568e-05,262.0,0.01458816
NEBL/BTC,1571963658019,2019-10-25T00:34:18.019Z,buy,5.608e-05,262.0,0.01469296
NEBL/BTC,1571963658019,2019-10-25T00:34:18.019Z,buy,5.609e-05,3.0,0.0001682699999999
NEBL/BTC,1571963658019,2019-10-25T00:34:18.019Z,buy,5.616e-05,4.0,0.00022464
NEBL/BTC,1571963658019,2019-10-25T00:34:18.019Z,buy,5.631e-05,431.0,0.02426961
NEBL/BTC,1571963658350,2019-10-25T00:34:18.350Z,sell,5.59e-05,12.0,0.0006707999999999
NEBL/BTC,1571963658350,2019-10-25T00:34:18.350Z,sell,5.578e-05,3.0,0.0001673399999999
NEBL/BTC,1571963658350,2019-10-25T00:34:18.350Z,sell,5.572e-05,675.0,0.037611
NEBL/BTC,1571963659011,2019-10-25T00:34:19.011Z,buy,5.629e-05,406.0,0.02285374
NEBL/BTC,1571963659011,2019-10-25T00:34:19.011Z,buy,5.63e-05,294.0,0.0165522
NEBL/BTC,1571963659342,2019-10-25T00:34:19.342Z,sell,5.584e-05,406.0,0.02267104
NEBL/BTC,1571963659342,2019-10-25T00:34:19.342Z,sell,5.583e-05,4.0,0.00022332
NEBL/BTC,1571963659342,2019-10-25T00:34:19.342Z,sell,5.574e-05,280.0,0.0156072
NEBL/BTC,1571963660022,2019-10-25T00:34:20.022Z,buy,5.628e-05,700.0,0.039396
NEBL/BTC,1571963660351,2019-10-25T00:34:20.351Z,sell,5.575e-05,353.0,0.01967975
NEBL/BTC,1571963660351,2019-10-25T00:34:20.351Z,sell,5.574e-05,337.0,0.01878438
NEBL/BTC,1571963661040,2019-10-25T00:34:21.040Z,buy,5.609e-05,3.0,0.0001682699999999
NEBL/BTC,1571963661040,2019-10-25T00:34:21.040Z,buy,5.616e-05,4.0,0.00022464
NEBL/BTC,1571963661040,2019-10-25T00:34:21.040Z,buy,5.62e-05,12.0,0.0006743999999999
NEBL/BTC,1571963661040,2019-10-25T00:34:21.040Z,buy,5.626e-05,428.0,0.02407928
NEBL/BTC,1571963661040,2019-10-25T00:34:21.040Z,buy,5.627e-05,253.0,0.01423631
NEBL/BTC,1571963661389,2019-10-25T00:34:21.389Z,sell,5.577e-05,690.0,0.0384813
NEBL/BTC,1571963662184,2019-10-25T00:34:22.184Z,buy,5.625e-05,252.0,0.014175
NEBL/BTC,1571963662184,2019-10-25T00:34:22.184Z,buy,5.626e-05,428.0,0.02407928
NEBL/BTC,1571963662184,2019-10-25T00:34:22.184Z,buy,5.627e-05,20.0,0.0011254
NEBL/BTC,1571963662525,2019-10-25T00:34:22.525Z,sell,5.578e-05,272.0,0.0151721599999999
NEBL/BTC,1571963662525,2019-10-25T00:34:22.525Z,sell,5.577e-05,132.0,0.00736164
NEBL/BTC,1571963662525,2019-10-25T00:34:22.525Z,sell,5.576e-05,286.0,0.01594736
NEBL/BTC,1571963663422,2019-10-25T00:34:23.422Z,buy,5.622e-05,214.0,0.01203108
NEBL/BTC,1571963663422,2019-10-25T00:34:23.422Z,buy,5.623e-05,272.0,0.01529456
NEBL/BTC,1571963663422,2019-10-25T00:34:23.422Z,buy,5.624e-05,113.0,0.00635512
NEBL/BTC,1571963663422,2019-10-25T00:34:23.422Z,buy,5.627e-05,101.0,0.00568327
NEBL/BTC,1571963663998,2019-10-25T00:34:23.998Z,sell,5.59e-05,12.0,0.0006707999999999
NEBL/BTC,1571963663998,2019-10-25T00:34:23.998Z,sell,5.583e-05,4.0,0.00022332
NEBL/BTC,1571963663998,2019-10-25T00:34:23.998Z,sell,5.578e-05,3.0,0.0001673399999999
NEBL/BTC,1571963663998,2019-10-25T00:34:23.998Z,sell,5.576e-05,428.0,0.02386528
NEBL/BTC,1571963663998,2019-10-25T00:34:23.998Z,sell,5.569e-05,179.0,0.00996851
NEBL/BTC,1571963663998,2019-10-25T00:34:23.998Z,sell,5.568e-05,64.0,0.00356352
NEBL/BTC,1571963664831,2019-10-25T00:34:24.831Z,sell,5.58e-05,239.0,0.0133362
NEBL/BTC,1571963665341,2019-10-25T00:34:25.341Z,buy,5.609e-05,3.0,0.0001682699999999
NEBL/BTC,1571963665341,2019-10-25T00:34:25.341Z,buy,5.616e-05,4.0,0.00022464
NEBL/BTC,1571963665341,2019-10-25T00:34:25.341Z,buy,5.62e-05,12.0,0.0006743999999999
NEBL/BTC,1571963665341,2019-10-25T00:34:25.341Z,buy,5.626e-05,179.0,0.01007054
NEBL/BTC,1571963665341,2019-10-25T00:34:25.341Z,buy,5.627e-05,502.0,0.02824754
NEBL/BTC,1571963665771,2019-10-25T00:34:25.771Z,sell,5.581e-05,353.0,0.01970093
NEBL/BTC,1571963665771,2019-10-25T00:34:25.771Z,sell,5.58e-05,337.0,0.0188046
NEBL/BTC,1571963666489,2019-10-25T00:34:26.489Z,buy,5.626e-05,353.0,0.01985978
NEBL/BTC,1571963666489,2019-10-25T00:34:26.489Z,buy,5.627e-05,47.0,0.00264469
NEBL/BTC,1571963666489,2019-10-25T00:34:26.489Z,buy,5.629e-05,300.0,0.016887
NEBL/BTC,1571963666824,2019-10-25T00:34:26.824Z,sell,5.59e-05,12.0,0.0006707999999999
NEBL/BTC,1571963666824,2019-10-25T00:34:26.824Z,sell,5.583e-05,4.0,0.00022332
NEBL/BTC,1571963666824,2019-10-25T00:34:26.824Z,sell,5.581e-05,402.0,0.02243562
NEBL/BTC,1571963666824,2019-10-25T00:34:26.824Z,sell,5.58e-05,272.0,0.0151776
NEBL/BTC,1571963667725,2019-10-25T00:34:27.725Z,buy,5.627e-05,535.0,0.03010445
NEBL/BTC,1571963667725,2019-10-25T00:34:27.725Z,buy,5.628e-05,165.0,0.0092862
NEBL/BTC,1571963668054,2019-10-25T00:34:28.054Z,sell,5.583e-05,66.0,0.00368478
NEBL/BTC,1571963668054,2019-10-25T00:34:28.054Z,sell,5.582e-05,624.0,0.03483168
NEBL/BTC,1571963668827,2019-10-25T00:34:28.827Z,sell,5.583e-05,184.0,0.0102727199999999
NEBL/BTC,1571963668971,2019-10-25T00:34:28.971Z,buy,5.616e-05,4.0,0.00022464
NEBL/BTC,1571963668971,2019-10-25T00:34:28.971Z,buy,5.625e-05,184.0,0.01035
NEBL/BTC,1571963668971,2019-10-25T00:34:28.971Z,buy,5.626e-05,512.0,0.02880512
NEBL/BTC,1571963669303,2019-10-25T00:34:29.303Z,sell,5.579e-05,184.0,0.01026536
NEBL/BTC,1571963669303,2019-10-25T00:34:29.303Z,sell,5.578e-05,506.0,0.02822468
NEBL/BTC,1571963670157,2019-10-25T00:34:30.157Z,buy,5.619e-05,184.0,0.01033896
NEBL/BTC,1571963670157,2019-10-25T00:34:30.157Z,buy,5.62e-05,12.0,0.0006743999999999
NEBL/BTC,1571963670157,2019-10-25T00:34:30.157Z,buy,5.626e-05,112.0,0.00630112
NEBL/BTC,1571963670157,2019-10-25T00:34:30.157Z,buy,5.627e-05,66.0,0.00371382
NEBL/BTC,1571963670157,2019-10-25T00:34:30.157Z,buy,5.628e-05,326.0,0.01834728
NEBL/BTC,1571963670501,2019-10-25T00:34:30.501Z,sell,5.58e-05,535.0,0.029853
NEBL/BTC,1571963670501,2019-10-25T00:34:30.501Z,sell,5.579e-05,155.0,0.00864745
NEBL/BTC,1571963671368,2019-10-25T00:34:31.368Z,buy,5.609e-05,3.0,0.0001682699999999
NEBL/BTC,1571963671368,2019-10-25T00:34:31.368Z,buy,5.62e-05,155.0,0.008711
NEBL/BTC,1571963671368,2019-10-25T00:34:31.368Z,buy,5.621e-05,222.0,0.01247862
NEBL/BTC,1571963671368,2019-10-25T00:34:31.368Z,buy,5.628e-05,320.0,0.0180096
NEBL/BTC,1571963671707,2019-10-25T00:34:31.707Z,sell,5.592e-05,248.0,0.01386816
NEBL/BTC,1571963671707,2019-10-25T00:34:31.707Z,sell,5.591e-05,214.0,0.01196474
NEBL/BTC,1571963671707,2019-10-25T00:34:31.707Z,sell,5.59e-05,12.0,0.0006707999999999
NEBL/BTC,1571963671707,2019-10-25T00:34:31.707Z,sell,5.583e-05,4.0,0.00022332
NEBL/BTC,1571963671707,2019-10-25T00:34:31.707Z,sell,5.58e-05,212.0,0.0118296
NEBL/BTC,1571963672479,2019-10-25T00:34:32.479Z,buy,5.627e-05,248.0,0.01395496
NEBL/BTC,1571963672479,2019-10-25T00:34:32.479Z,buy,5.628e-05,452.0,0.02543856
NEBL/BTC,1571963672940,2019-10-25T00:34:32.940Z,sell,5.584e-05,249.0,0.01390416
NEBL/BTC,1571963672940,2019-10-25T00:34:32.940Z,sell,5.583e-05,97.0,0.00541551
NEBL/BTC,1571963672940,2019-10-25T00:34:32.940Z,sell,5.58e-05,216.0,0.0120528
NEBL/BTC,1571963672940,2019-10-25T00:34:32.940Z,sell,5.578e-05,128.0,0.00713984
NEBL/BTC,1571963673828,2019-10-25T00:34:33.828Z,buy,5.614e-05,128.0,0.00718592
NEBL/BTC,1571963673828,2019-10-25T00:34:33.828Z,buy,5.615e-05,249.0,0.01398135
NEBL/BTC,1571963673828,2019-10-25T00:34:33.828Z,buy,5.616e-05,4.0,0.00022464
NEBL/BTC,1571963673828,2019-10-25T00:34:33.828Z,buy,5.62e-05,12.0,0.0006743999999999
NEBL/BTC,1571963673828,2019-10-25T00:34:33.828Z,buy,5.628e-05,139.0,0.00782292
NEBL/BTC,1571963673828,2019-10-25T00:34:33.828Z,buy,5.629e-05,106.0,0.00596674
NEBL/BTC,1571963673828,2019-10-25T00:34:33.828Z,buy,5.63e-05,62.0,0.0034906
NEBL/BTC,1571963674161,2019-10-25T00:34:34.161Z,sell,5.581e-05,384.0,0.02143104
NEBL/BTC,1571963674161,2019-10-25T00:34:34.161Z,sell,5.578e-05,3.0,0.0001673399999999
NEBL/BTC,1571963674161,2019-10-25T00:34:34.161Z,sell,5.577e-05,178.0,0.00992706
NEBL/BTC,1571963674161,2019-10-25T00:34:34.161Z,sell,5.574e-05,125.0,0.0069675
NEBL/BTC,1571963675435,2019-10-25T00:34:35.435Z,sell,5.59e-05,12.0,0.0006707999999999
NEBL/BTC,1571963675435,2019-10-25T00:34:35.435Z,sell,5.584e-05,535.0,0.0298744
NEBL/BTC,1571963675435,2019-10-25T00:34:35.435Z,sell,5.583e-05,4.0,0.00022332
NEBL/BTC,1571963676436,2019-10-25T00:34:36.436Z,sell,5.579e-05,122.0,0.00680638
NEBL/BTC,1571963677936,2019-10-25T00:34:37.936Z,sell,5.579e-05,368.0,0.02053072
NEBL/BTC,1571963677936,2019-10-25T00:34:37.936Z,sell,5.576e-05,292.0,0.01628192
NEBL/BTC,1571963679034,2019-10-25T00:34:39.034Z,sell,5.577e-05,32.0,0.00178464
NEBL/BTC,1571963679034,2019-10-25T00:34:39.034Z,sell,5.576e-05,295.0,0.0164492
NEBL/BTC,1571963679034,2019-10-25T00:34:39.034Z,sell,5.574e-05,3071.0,0.17117754
NEBL/BTC,1571963689572,2019-10-25T00:34:49.572Z,sell,5.563e-05,809.0,0.04500467
NEBL/BTC,1571963689587,2019-10-25T00:34:49.587Z,sell,5.563e-05,43.0,0.00239209
NEBL/BTC,1571963690643,2019-10-25T00:34:50.643Z,sell,5.561e-05,214.0,0.01190054
NEBL/BTC,1571963692742,2019-10-25T00:34:52.742Z,sell,5.56e-05,45.0,0.002502
NEBL/BTC,1571963696445,2019-10-25T00:34:56.445Z,sell,5.56e-05,214.0,0.0118984
NEBL/BTC,1571963700350,2019-10-25T00:35:00.350Z,sell,5.56e-05,535.0,0.029746
NEBL/BTC,1571963700350,2019-10-25T00:35:00.350Z,sell,5.559e-05,12.0,0.00066708
NEBL/BTC,1571963705950,2019-10-25T00:35:05.950Z,sell,5.566e-05,120.0,0.0066792
NEBL/BTC,1571963706947,2019-10-25T00:35:06.947Z,sell,5.574e-05,207.0,0.01153818
NEBL/BTC,1571963706948,2019-10-25T00:35:06.948Z,sell,5.574e-05,432.0,0.02407968
NEBL/BTC,1571963709526,2019-10-25T00:35:09.526Z,buy,5.577e-05,400.0,0.022308
NEBL/BTC,1571963710075,2019-10-25T00:35:10.075Z,sell,5.552e-05,390.0,0.0216528
NEBL/BTC,1571963710995,2019-10-25T00:35:10.995Z,buy,5.577e-05,400.0,0.022308
NEBL/BTC,1571963711870,2019-10-25T00:35:11.870Z,sell,5.552e-05,390.0,0.0216528
NEBL/BTC,1571963712561,2019-10-25T00:35:12.561Z,buy,5.577e-05,400.0,0.022308
NEBL/BTC,1571963712896,2019-10-25T00:35:12.896Z,sell,5.552e-05,390.0,0.0216528
NEBL/BTC,1571963714071,2019-10-25T00:35:14.071Z,buy,5.577e-05,400.0,0.022308
NEBL/BTC,1571963714932,2019-10-25T00:35:14.932Z,sell,5.552e-05,328.0,0.01821056
NEBL/BTC,1571963714932,2019-10-25T00:35:14.932Z,sell,5.551e-05,4.0,0.00022204
NEBL/BTC,1571963714932,2019-10-25T00:35:14.932Z,sell,5.549e-05,58.0,0.00321842
NEBL/BTC,1571963715603,2019-10-25T00:35:15.603Z,buy,5.576e-05,58.0,0.00323408
NEBL/BTC,1571963715603,2019-10-25T00:35:15.603Z,buy,5.577e-05,342.0,0.01907334
NEBL/BTC,1571963715939,2019-10-25T00:35:15.939Z,sell,5.549e-05,152.0,0.00843448
NEBL/BTC,1571963715939,2019-10-25T00:35:15.939Z,sell,5.548e-05,238.0,0.0132042399999999
NEBL/BTC,1571963716615,2019-10-25T00:35:16.615Z,buy,5.576e-05,63.0,0.00351288
NEBL/BTC,1571963716615,2019-10-25T00:35:16.615Z,buy,5.577e-05,337.0,0.01879449
NEBL/BTC,1571963717138,2019-10-25T00:35:17.138Z,sell,5.549e-05,390.0,0.0216411
NEBL/BTC,1571963717993,2019-10-25T00:35:17.993Z,buy,5.577e-05,400.0,0.022308
NEBL/BTC,1571963718454,2019-10-25T00:35:18.454Z,sell,5.549e-05,145.0,0.0080460499999999
NEBL/BTC,1571963718454,2019-10-25T00:35:18.454Z,sell,5.548e-05,245.0,0.0135926
NEBL/BTC,1571963719377,2019-10-25T00:35:19.377Z,buy,5.577e-05,400.0,0.022308
NEBL/BTC,1571963719710,2019-10-25T00:35:19.710Z,sell,5.554e-05,107.0,0.00594278
NEBL/BTC,1571963719710,2019-10-25T00:35:19.710Z,sell,5.553e-05,274.0,0.01521522
NEBL/BTC,1571963719710,2019-10-25T00:35:19.710Z,sell,5.548e-05,9.0,0.0004993199999999
NEBL/BTC,1571963720573,2019-10-25T00:35:20.573Z,buy,5.577e-05,117.0,0.00652509
NEBL/BTC,1571963720573,2019-10-25T00:35:20.573Z,buy,5.583e-05,4.0,0.00022332
NEBL/BTC,1571963720573,2019-10-25T00:35:20.573Z,buy,5.59e-05,12.0,0.0006707999999999
NEBL/BTC,1571963720573,2019-10-25T00:35:20.573Z,buy,5.606e-05,267.0,0.01496802
NEBL/BTC,1571963721141,2019-10-25T00:35:21.141Z,sell,5.548e-05,390.0,0.0216372
NEBL/BTC,1571963721803,2019-10-25T00:35:21.803Z,buy,5.604e-05,400.0,0.022416
NEBL/BTC,1571963722138,2019-10-25T00:35:22.138Z,sell,5.559e-05,12.0,0.00066708
NEBL/BTC,1571963722138,2019-10-25T00:35:22.138Z,sell,5.551e-05,4.0,0.00022204
NEBL/BTC,1571963722138,2019-10-25T00:35:22.138Z,sell,5.549e-05,294.0,0.01631406
NEBL/BTC,1571963722138,2019-10-25T00:35:22.138Z,sell,5.548e-05,80.0,0.0044383999999999
NEBL/BTC,1571963723288,2019-10-25T00:35:23.288Z,buy,5.603e-05,400.0,0.0224119999999999
NEBL/BTC,1571963723636,2019-10-25T00:35:23.636Z,sell,5.555e-05,212.0,0.0117766
NEBL/BTC,1571963723636,2019-10-25T00:35:23.636Z,sell,5.554e-05,178.0,0.00988612
NEBL/BTC,1571963725044,2019-10-25T00:35:25.044Z,buy,5.583e-05,4.0,0.00022332
NEBL/BTC,1571963725044,2019-10-25T00:35:25.044Z,buy,5.59e-05,12.0,0.0006707999999999
NEBL/BTC,1571963725044,2019-10-25T00:35:25.044Z,buy,5.601e-05,384.0,0.02150784
NEBL/BTC,1571963725457,2019-10-25T00:35:25.457Z,sell,5.556e-05,390.0,0.0216684
NEBL/BTC,1571963726364,2019-10-25T00:35:26.364Z,buy,5.599e-05,400.0,0.022396
NEBL/BTC,1571963726695,2019-10-25T00:35:26.695Z,sell,5.559e-05,12.0,0.00066708
NEBL/BTC,1571963726695,2019-10-25T00:35:26.695Z,sell,5.556e-05,359.0,0.01994604
NEBL/BTC,1571963726695,2019-10-25T00:35:26.695Z,sell,5.555e-05,19.0,0.00105545
NEBL/BTC,1571963727595,2019-10-25T00:35:27.595Z,buy,5.597e-05,400.0,0.022388
NEBL/BTC,1571963727931,2019-10-25T00:35:27.931Z,sell,5.555e-05,55.0,0.00305525
NEBL/BTC,1571963727931,2019-10-25T00:35:27.931Z,sell,5.554e-05,335.0,0.0186059
NEBL/BTC,1571963728936,2019-10-25T00:35:28.936Z,buy,5.589e-05,400.0,0.022356
NEBL/BTC,1571963729789,2019-10-25T00:35:29.789Z,sell,5.555e-05,363.0,0.02016465
NEBL/BTC,1571963729789,2019-10-25T00:35:29.789Z,sell,5.554e-05,27.0,0.00149958
NEBL/BTC,1571963730474,2019-10-25T00:35:30.474Z,buy,5.587e-05,400.0,0.022348
NEBL/BTC,1571963730819,2019-10-25T00:35:30.819Z,sell,5.554e-05,390.0,0.0216606
NEBL/BTC,1571963731480,2019-10-25T00:35:31.480Z,buy,5.586e-05,400.0,0.022344
NEBL/BTC,1571963731816,2019-10-25T00:35:31.816Z,sell,5.555e-05,390.0,0.0216645
NEBL/BTC,1571963732548,2019-10-25T00:35:32.548Z,buy,5.585e-05,214.0,0.0119519
NEBL/BTC,1571963732548,2019-10-25T00:35:32.548Z,buy,5.586e-05,135.0,0.0075410999999999
NEBL/BTC,1571963732548,2019-10-25T00:35:32.548Z,buy,5.59e-05,12.0,0.0006707999999999
NEBL/BTC,1571963732548,2019-10-25T00:35:32.548Z,buy,5.597e-05,39.0,0.00218283
NEBL/BTC,1571963733648,2019-10-25T00:35:33.648Z,sell,5.555e-05,145.0,0.00805475
NEBL/BTC,1571963733648,2019-10-25T00:35:33.648Z,sell,5.554e-05,245.0,0.0136073
NEBL/BTC,1571963734474,2019-10-25T00:35:34.474Z,sell,5.563e-05,222.0,0.01234986
NEBL/BTC,1571963734661,2019-10-25T00:35:34.661Z,buy,5.583e-05,363.0,0.02026629
NEBL/BTC,1571963734661,2019-10-25T00:35:34.661Z,buy,5.584e-05,37.0,0.00206608
NEBL/BTC,1571963734998,2019-10-25T00:35:34.998Z,sell,5.563e-05,390.0,0.0216957
NEBL/BTC,1571963735671,2019-10-25T00:35:35.671Z,buy,5.583e-05,400.0,0.022332
NEBL/BTC,1571963735691,2019-10-25T00:35:35.691Z,sell,5.563e-05,54.0,0.00300402
NEBL/BTC,1571963736277,2019-10-25T00:35:36.277Z,sell,5.563e-05,390.0,0.0216957
NEBL/BTC,1571963736940,2019-10-25T00:35:36.940Z,buy,5.582e-05,52.0,0.0029026399999999
NEBL/BTC,1571963736940,2019-10-25T00:35:36.940Z,buy,5.583e-05,135.0,0.00753705
NEBL/BTC,1571963736940,2019-10-25T00:35:36.940Z,buy,5.584e-05,177.0,0.00988368
NEBL/BTC,1571963736940,2019-10-25T00:35:36.940Z,buy,5.585e-05,36.0,0.0020106
NEBL/BTC,1571963736959,2019-10-25T00:35:36.959Z,sell,5.563e-05,54.0,0.00300402
NEBL/BTC,1571963737416,2019-10-25T00:35:37.416Z,sell,5.563e-05,390.0,0.0216957
NEBL/BTC,1571963738333,2019-10-25T00:35:38.333Z,buy,5.585e-05,400.0,0.02234
NEBL/BTC,1571963738670,2019-10-25T00:35:38.670Z,sell,5.563e-05,390.0,0.0216957
NEBL/BTC,1571963738690,2019-10-25T00:35:38.690Z,sell,5.563e-05,54.0,0.00300402
NEBL/BTC,1571963739359,2019-10-25T00:35:39.359Z,buy,5.585e-05,400.0,0.02234
NEBL/BTC,1571963739692,2019-10-25T00:35:39.692Z,sell,5.563e-05,272.0,0.01513136
NEBL/BTC,1571963739692,2019-10-25T00:35:39.692Z,sell,5.559e-05,12.0,0.00066708
NEBL/BTC,1571963739692,2019-10-25T00:35:39.692Z,sell,5.551e-05,4.0,0.00022204
NEBL/BTC,1571963739692,2019-10-25T00:35:39.692Z,sell,5.548e-05,102.0,0.0056589599999999
NEBL/BTC,1571963740430,2019-10-25T00:35:40.430Z,buy,5.584e-05,400.0,0.022336
NEBL/BTC,1571963740761,2019-10-25T00:35:40.761Z,sell,5.549e-05,390.0,0.0216411
NEBL/BTC,1571963741432,2019-10-25T00:35:41.432Z,buy,5.584e-05,135.0,0.0075384
NEBL/BTC,1571963741432,2019-10-25T00:35:41.432Z,buy,5.585e-05,265.0,0.01480025
NEBL/BTC,1571963741761,2019-10-25T00:35:41.761Z,sell,5.549e-05,390.0,0.0216411
NEBL/BTC,1571963742664,2019-10-25T00:35:42.664Z,buy,5.583e-05,4.0,0.00022332
NEBL/BTC,1571963742664,2019-10-25T00:35:42.664Z,buy,5.585e-05,74.0,0.0041329
NEBL/BTC,1571963742664,2019-10-25T00:35:42.664Z,buy,5.59e-05,12.0,0.0006707999999999
NEBL/BTC,1571963742664,2019-10-25T00:35:42.664Z,buy,5.597e-05,310.0,0.0173507
NEBL/BTC,1571963743013,2019-10-25T00:35:43.013Z,sell,5.55e-05,390.0,0.021645
NEBL/BTC,1571963744177,2019-10-25T00:35:44.177Z,buy,5.596e-05,400.0,0.022384
NEBL/BTC,1571963744514,2019-10-25T00:35:44.514Z,sell,5.552e-05,214.0,0.01188128
NEBL/BTC,1571963744514,2019-10-25T00:35:44.514Z,sell,5.551e-05,176.0,0.00976976
NEBL/BTC,1571963745406,2019-10-25T00:35:45.406Z,buy,5.594e-05,400.0,0.022376
NEBL/BTC,1571963745748,2019-10-25T00:35:45.748Z,sell,5.559e-05,12.0,0.00066708
NEBL/BTC,1571963745748,2019-10-25T00:35:45.748Z,sell,5.554e-05,378.0,0.02099412
NEBL/BTC,1571963746413,2019-10-25T00:35:46.413Z,buy,5.594e-05,400.0,0.022376
NEBL/BTC,1571963746750,2019-10-25T00:35:46.750Z,sell,5.555e-05,390.0,0.0216645
NEBL/BTC,1571963747572,2019-10-25T00:35:47.572Z,buy,5.588e-05,400.0,0.022352
NEBL/BTC,1571963747904,2019-10-25T00:35:47.904Z,sell,5.555e-05,145.0,0.00805475
NEBL/BTC,1571963747904,2019-10-25T00:35:47.904Z,sell,5.554e-05,245.0,0.0136073
NEBL/BTC,1571963748750,2019-10-25T00:35:48.750Z,buy,5.586e-05,214.0,0.0119540399999999
NEBL/BTC,1571963748750,2019-10-25T00:35:48.750Z,buy,5.587e-05,176.0,0.0098331199999999
NEBL/BTC,1571963748750,2019-10-25T00:35:48.750Z,buy,5.588e-05,10.0,0.0005588
NEBL/BTC,1571963749090,2019-10-25T00:35:49.090Z,sell,5.555e-05,390.0,0.0216645
NEBL/BTC,1571963749774,2019-10-25T00:35:49.774Z,buy,5.588e-05,400.0,0.022352
NEBL/BTC,1571963750113,2019-10-25T00:35:50.113Z,sell,5.555e-05,145.0,0.00805475
NEBL/BTC,1571963750113,2019-10-25T00:35:50.113Z,sell,5.554e-05,245.0,0.0136073
NEBL/BTC,1571963753736,2019-10-25T00:35:53.736Z,buy,5.584e-05,400.0,0.022336
NEBL/BTC,1571963755200,2019-10-25T00:35:55.200Z,sell,5.555e-05,214.0,0.0118877
NEBL/BTC,1571963755200,2019-10-25T00:35:55.200Z,sell,5.551e-05,4.0,0.00022204
NEBL/BTC,1571963755200,2019-10-25T00:35:55.200Z,sell,5.549e-05,172.0,0.00954428
NEBL/BTC,1571963756163,2019-10-25T00:35:56.163Z,buy,5.584e-05,400.0,0.022336
NEBL/BTC,1571963756517,2019-10-25T00:35:56.517Z,sell,5.549e-05,214.0,0.01187486
NEBL/BTC,1571963756517,2019-10-25T00:35:56.517Z,sell,5.548e-05,176.0,0.0097644799999999
NEBL/BTC,1571963757520,2019-10-25T00:35:57.520Z,buy,5.583e-05,4.0,0.00022332
NEBL/BTC,1571963757520,2019-10-25T00:35:57.520Z,buy,5.584e-05,240.0,0.0134016
NEBL/BTC,1571963757520,2019-10-25T00:35:57.520Z,buy,5.588e-05,156.0,0.00871728
NEBL/BTC,1571963758011,2019-10-25T00:35:58.011Z,sell,5.55e-05,390.0,0.021645
NEBL/BTC,1571963759231,2019-10-25T00:35:59.231Z,buy,5.588e-05,400.0,0.022352
NEBL/BTC,1571963760153,2019-10-25T00:36:00.153Z,sell,5.552e-05,390.0,0.0216528
NEBL/BTC,1571963761346,2019-10-25T00:36:01.346Z,buy,5.587e-05,400.0,0.022348
NEBL/BTC,1571963761679,2019-10-25T00:36:01.679Z,sell,5.552e-05,390.0,0.0216528
NEBL/BTC,1571963762366,2019-10-25T00:36:02.366Z,buy,5.586e-05,214.0,0.0119540399999999
NEBL/BTC,1571963762366,2019-10-25T00:36:02.366Z,buy,5.587e-05,186.0,0.01039182
NEBL/BTC,1571963762699,2019-10-25T00:36:02.699Z,sell,5.552e-05,122.0,0.0067734399999999
NEBL/BTC,1571963762699,2019-10-25T00:36:02.699Z,sell,5.551e-05,4.0,0.00022204
NEBL/BTC,1571963762699,2019-10-25T00:36:02.699Z,sell,5.548e-05,264.0,0.0146467199999999
NEBL/BTC,1571963763575,2019-10-25T00:36:03.575Z,buy,5.586e-05,245.0,0.0136856999999999
NEBL/BTC,1571963763575,2019-10-25T00:36:03.575Z,buy,5.587e-05,155.0,0.00865985
NEBL/BTC,1571963764147,2019-10-25T00:36:04.147Z,sell,5.551e-05,390.0,0.0216489
NEBL/BTC,1571963765070,2019-10-25T00:36:05.070Z,buy,5.583e-05,4.0,0.00022332
NEBL/BTC,1571963765070,2019-10-25T00:36:05.070Z,buy,5.588e-05,396.0,0.02212848
NEBL/BTC,1571963765490,2019-10-25T00:36:05.490Z,sell,5.552e-05,390.0,0.0216528
NEBL/BTC,1571963766857,2019-10-25T00:36:06.857Z,buy,5.587e-05,122.0,0.00681614
NEBL/BTC,1571963766857,2019-10-25T00:36:06.857Z,buy,5.588e-05,278.0,0.01553464
NEBL/BTC,1571963767215,2019-10-25T00:36:07.215Z,sell,5.552e-05,359.0,0.01993168
NEBL/BTC,1571963767215,2019-10-25T00:36:07.215Z,sell,5.551e-05,31.0,0.00172081
NEBL/BTC,1571963768134,2019-10-25T00:36:08.134Z,buy,5.588e-05,400.0,0.022352
NEBL/BTC,1571963768480,2019-10-25T00:36:08.480Z,sell,5.552e-05,369.0,0.02048688
NEBL/BTC,1571963768480,2019-10-25T00:36:08.480Z,sell,5.551e-05,21.0,0.00116571
NEBL/BTC,1571963769378,2019-10-25T00:36:09.378Z,buy,5.587e-05,369.0,0.02061603
NEBL/BTC,1571963769378,2019-10-25T00:36:09.378Z,buy,5.59e-05,12.0,0.0006707999999999
NEBL/BTC,1571963769378,2019-10-25T00:36:09.378Z,buy,5.594e-05,19.0,0.00106286
NEBL/BTC,1571963769706,2019-10-25T00:36:09.706Z,sell,5.552e-05,390.0,0.0216528
NEBL/BTC,1571963770640,2019-10-25T00:36:10.640Z,buy,5.593e-05,214.0,0.01196902
NEBL/BTC,1571963770640,2019-10-25T00:36:10.640Z,buy,5.594e-05,186.0,0.01040484
NEBL/BTC,1571963771234,2019-10-25T00:36:11.234Z,sell,5.559e-05,12.0,0.00066708
NEBL/BTC,1571963771234,2019-10-25T00:36:11.234Z,sell,5.552e-05,378.0,0.0209865599999999
NEBL/BTC,1571963771893,2019-10-25T00:36:11.893Z,buy,5.593e-05,400.0,0.022372
NEBL/BTC,1571963772752,2019-10-25T00:36:12.752Z,sell,5.553e-05,390.0,0.0216567
NEBL/BTC,1571963773417,2019-10-25T00:36:13.417Z,buy,5.589e-05,400.0,0.022356
NEBL/BTC,1571963773991,2019-10-25T00:36:13.991Z,sell,5.555e-05,390.0,0.0216645
NEBL/BTC,1571963774660,2019-10-25T00:36:14.660Z,buy,5.588e-05,390.0,0.0217932
NEBL/BTC,1571963774660,2019-10-25T00:36:14.660Z,buy,5.589e-05,10.0,0.0005589
NEBL/BTC,1571963774991,2019-10-25T00:36:14.991Z,sell,5.556e-05,390.0,0.0216684
NEBL/BTC,1571963776137,2019-10-25T00:36:16.137Z,buy,5.588e-05,378.0,0.02112264
NEBL/BTC,1571963776137,2019-10-25T00:36:16.137Z,buy,5.59e-05,12.0,0.0006707999999999
NEBL/BTC,1571963776137,2019-10-25T00:36:16.137Z,buy,5.594e-05,10.0,0.0005594
NEBL/BTC,1571963776472,2019-10-25T00:36:16.472Z,sell,5.556e-05,390.0,0.0216684
NEBL/BTC,1571963777883,2019-10-25T00:36:17.883Z,buy,5.586e-05,400.0,0.022344
NEBL/BTC,1571963778274,2019-10-25T00:36:18.274Z,sell,5.557e-05,390.0,0.0216723
NEBL/BTC,1571963779545,2019-10-25T00:36:19.545Z,buy,5.589e-05,400.0,0.022356
NEBL/BTC,1571963780126,2019-10-25T00:36:20.126Z,sell,5.559e-05,12.0,0.00066708
NEBL/BTC,1571963780126,2019-10-25T00:36:20.126Z,sell,5.557e-05,252.0,0.01400364
NEBL/BTC,1571963780126,2019-10-25T00:36:20.126Z,sell,5.555e-05,126.0,0.0069993
NEBL/BTC,1571963781043,2019-10-25T00:36:21.043Z,buy,5.588e-05,400.0,0.022352
NEBL/BTC,1571963781377,2019-10-25T00:36:21.377Z,sell,5.555e-05,390.0,0.0216645
NEBL/BTC,1571963782267,2019-10-25T00:36:22.267Z,buy,5.588e-05,135.0,0.0075438
NEBL/BTC,1571963782267,2019-10-25T00:36:22.267Z,buy,5.589e-05,265.0,0.01481085
NEBL/BTC,1571963782599,2019-10-25T00:36:22.599Z,sell,5.555e-05,390.0,0.0216645
NEBL/BTC,1571963783504,2019-10-25T00:36:23.504Z,buy,5.588e-05,400.0,0.022352
NEBL/BTC,1571963783836,2019-10-25T00:36:23.836Z,sell,5.551e-05,4.0,0.00022204
NEBL/BTC,1571963783836,2019-10-25T00:36:23.836Z,sell,5.549e-05,360.0,0.0199764
NEBL/BTC,1571963783836,2019-10-25T00:36:23.836Z,sell,5.548e-05,26.0,0.0014424799999999
NEBL/BTC,1571963784121,2019-10-25T00:36:24.121Z,sell,5.561e-05,92.0,0.00511612
NEBL/BTC,1571963784496,2019-10-25T00:36:24.496Z,buy,5.587e-05,64.0,0.00357568
NEBL/BTC,1571963784496,2019-10-25T00:36:24.496Z,buy,5.588e-05,336.0,0.01877568
NEBL/BTC,1571963785037,2019-10-25T00:36:25.037Z,sell,5.548e-05,390.0,0.0216372
NEBL/BTC,1571963785785,2019-10-25T00:36:25.785Z,buy,5.582e-05,214.0,0.01194548
NEBL/BTC,1571963785785,2019-10-25T00:36:25.785Z,buy,5.583e-05,4.0,0.00022332
NEBL/BTC,1571963785785,2019-10-25T00:36:25.785Z,buy,5.59e-05,182.0,0.0101738
NEBL/BTC,1571963786128,2019-10-25T00:36:26.128Z,sell,5.548e-05,390.0,0.0216372
NEBL/BTC,1571963786900,2019-10-25T00:36:26.900Z,buy,5.584e-05,400.0,0.022336
NEBL/BTC,1571963787228,2019-10-25T00:36:27.228Z,sell,5.551e-05,4.0,0.00022204
NEBL/BTC,1571963787228,2019-10-25T00:36:27.228Z,sell,5.548e-05,386.0,0.02141528
NEBL/BTC,1571963787895,2019-10-25T00:36:27.895Z,buy,5.583e-05,400.0,0.022332
NEBL/BTC,1571963788240,2019-10-25T00:36:28.240Z,sell,5.559e-05,12.0,0.00066708
NEBL/BTC,1571963788240,2019-10-25T00:36:28.240Z,sell,5.549e-05,378.0,0.02097522
NEBL/BTC,1571963789032,2019-10-25T00:36:29.032Z,buy,5.581e-05,400.0,0.022324
NEBL/BTC,1571963789406,2019-10-25T00:36:29.406Z,sell,5.549e-05,157.0,0.00871193
NEBL/BTC,1571963789406,2019-10-25T00:36:29.406Z,sell,5.548e-05,233.0,0.01292684
NEBL/BTC,1571963790781,2019-10-25T00:36:30.781Z,buy,5.58e-05,400.0,0.02232
NEBL/BTC,1571963791204,2019-10-25T00:36:31.204Z,sell,5.548e-05,390.0,0.0216372
NEBL/BTC,1571963791877,2019-10-25T00:36:31.877Z,buy,5.58e-05,135.0,0.007533
NEBL/BTC,1571963791877,2019-10-25T00:36:31.877Z,buy,5.582e-05,138.0,0.00770316
NEBL/BTC,1571963791877,2019-10-25T00:36:31.877Z,buy,5.583e-05,127.0,0.00709041
NEBL/BTC,1571963792424,2019-10-25T00:36:32.424Z,sell,5.551e-05,390.0,0.0216489
NEBL/BTC,1571963793371,2019-10-25T00:36:33.371Z,buy,5.575e-05,400.0,0.0223
NEBL/BTC,1571963793709,2019-10-25T00:36:33.709Z,sell,5.552e-05,373.0,0.02070896
NEBL/BTC,1571963793709,2019-10-25T00:36:33.709Z,sell,5.551e-05,17.0,0.00094367
NEBL/BTC,1571963794559,2019-10-25T00:36:34.559Z,buy,5.575e-05,271.0,0.01510825
NEBL/BTC,1571963794559,2019-10-25T00:36:34.559Z,buy,5.583e-05,129.0,0.00720207
NEBL/BTC,1571963794892,2019-10-25T00:36:34.892Z,sell,5.553e-05,242.0,0.01343826
NEBL/BTC,1571963794892,2019-10-25T00:36:34.892Z,sell,5.552e-05,148.0,0.0082169599999999
NEBL/BTC,1571963795560,2019-10-25T00:36:35.560Z,buy,5.58e-05,400.0,0.02232
NEBL/BTC,1571963795893,2019-10-25T00:36:35.893Z,sell,5.554e-05,390.0,0.0216606
NEBL/BTC,1571963796564,2019-10-25T00:36:36.564Z,buy,5.58e-05,349.0,0.0194742
NEBL/BTC,1571963796564,2019-10-25T00:36:36.564Z,buy,5.581e-05,51.0,0.00284631
NEBL/BTC,1571963796889,2019-10-25T00:36:36.889Z,sell,5.555e-05,214.0,0.0118877
NEBL/BTC,1571963796889,2019-10-25T00:36:36.889Z,sell,5.554e-05,145.0,0.0080533
NEBL/BTC,1571963796889,2019-10-25T00:36:36.889Z,sell,5.548e-05,31.0,0.00171988
NEBL/BTC,1571963798198,2019-10-25T00:36:38.198Z,buy,5.579e-05,400.0,0.022316
NEBL/BTC,1571963798528,2019-10-25T00:36:38.528Z,sell,5.55e-05,390.0,0.021645
NEBL/BTC,1571963799184,2019-10-25T00:36:39.184Z,buy,5.578e-05,400.0,0.022312
NEBL/BTC,1571963799514,2019-10-25T00:36:39.514Z,sell,5.55e-05,385.0,0.0213675
NEBL/BTC,1571963799514,2019-10-25T00:36:39.514Z,sell,5.548e-05,5.0,0.0002773999999999
NEBL/BTC,1571963799636,2019-10-25T00:36:39.636Z,sell,5.551e-05,214.0,0.01187914
NEBL/BTC,1571963800636,2019-10-25T00:36:40.636Z,sell,5.549e-05,239.0,0.01326211
NEBL/BTC,1571963800702,2019-10-25T00:36:40.702Z,buy,5.574e-05,400.0,0.022296
NEBL/BTC,1571963801036,2019-10-25T00:36:41.036Z,sell,5.548e-05,390.0,0.0216372
NEBL/BTC,1571963801700,2019-10-25T00:36:41.700Z,buy,5.574e-05,400.0,0.022296
NEBL/BTC,1571963802234,2019-10-25T00:36:42.234Z,sell,5.548e-05,390.0,0.0216372
NEBL/BTC,1571963802248,2019-10-25T00:36:42.248Z,sell,5.548e-05,4365.0,0.2421702
NEBL/BTC,1571963802371,2019-10-25T00:36:42.371Z,sell,5.549e-05,168.0,0.00932232
NEBL/BTC,1571963802915,2019-10-25T00:36:42.915Z,buy,5.571e-05,62.0,0.00345402
NEBL/BTC,1571963802915,2019-10-25T00:36:42.915Z,buy,5.572e-05,168.0,0.00936096
NEBL/BTC,1571963802915,2019-10-25T00:36:42.915Z,buy,5.573e-05,170.0,0.0094741
NEBL/BTC,1571963803465,2019-10-25T00:36:43.465Z,sell,5.547e-05,265.0,0.01469955
NEBL/BTC,1571963803465,2019-10-25T00:36:43.465Z,sell,5.543e-05,125.0,0.00692875
NEBL/BTC,1571963804393,2019-10-25T00:36:44.393Z,buy,5.572e-05,400.0,0.022288
NEBL/BTC,1571963804732,2019-10-25T00:36:44.732Z,sell,5.543e-05,390.0,0.0216177
NEBL/BTC,1571963805433,2019-10-25T00:36:45.433Z,buy,5.571e-05,400.0,0.022284
NEBL/BTC,1571963805924,2019-10-25T00:36:45.924Z,sell,5.543e-05,390.0,0.0216177
NEBL/BTC,1571963806591,2019-10-25T00:36:46.591Z,buy,5.569e-05,400.0,0.0222759999999999
NEBL/BTC,1571963807150,2019-10-25T00:36:47.150Z,sell,5.543e-05,334.0,0.01851362
NEBL/BTC,1571963807150,2019-10-25T00:36:47.150Z,sell,5.542e-05,31.0,0.00171802
NEBL/BTC,1571963807150,2019-10-25T00:36:47.150Z,sell,5.54e-05,4.0,0.0002216
NEBL/BTC,1571963807150,2019-10-25T00:36:47.150Z,sell,5.539e-05,5.0,0.00027695
NEBL/BTC,1571963807150,2019-10-25T00:36:47.150Z,sell,5.538e-05,16.0,0.00088608
NEBL/BTC,1571963807816,2019-10-25T00:36:47.816Z,buy,5.568e-05,400.0,0.022272
NEBL/BTC,1571963808387,2019-10-25T00:36:48.387Z,sell,5.537e-05,390.0,0.0215943
NEBL/BTC,1571963809114,2019-10-25T00:36:49.114Z,buy,5.567e-05,400.0,0.022268
NEBL/BTC,1571963809608,2019-10-25T00:36:49.608Z,sell,5.537e-05,103.0,0.00570311
NEBL/BTC,1571963809608,2019-10-25T00:36:49.608Z,sell,5.532e-05,287.0,0.01587684
NEBL/BTC,1571963810534,2019-10-25T00:36:50.534Z,buy,5.563e-05,372.0,0.02069436
NEBL/BTC,1571963810534,2019-10-25T00:36:50.534Z,buy,5.565e-05,28.0,0.0015582
NEBL/BTC,1571963810874,2019-10-25T00:36:50.874Z,sell,5.533e-05,269.0,0.01488377
NEBL/BTC,1571963810874,2019-10-25T00:36:50.874Z,sell,5.532e-05,121.0,0.00669372
NEBL/BTC,1571963811557,2019-10-25T00:36:51.557Z,buy,5.565e-05,400.0,0.02226
NEBL/BTC,1571963811893,2019-10-25T00:36:51.893Z,sell,5.532e-05,390.0,0.0215747999999999
NEBL/BTC,1571963812989,2019-10-25T00:36:52.989Z,buy,5.564e-05,321.0,0.01786044
NEBL/BTC,1571963812989,2019-10-25T00:36:52.989Z,buy,5.565e-05,79.0,0.0043963499999999
NEBL/BTC,1571963813324,2019-10-25T00:36:53.324Z,sell,5.533e-05,228.0,0.01261524
NEBL/BTC,1571963813324,2019-10-25T00:36:53.324Z,sell,5.532e-05,39.0,0.00215748
NEBL/BTC,1571963813324,2019-10-25T00:36:53.324Z,sell,5.529e-05,12.0,0.00066348
NEBL/BTC,1571963813324,2019-10-25T00:36:53.324Z,sell,5.523e-05,97.0,0.00535731
NEBL/BTC,1571963813324,2019-10-25T00:36:53.324Z,sell,5.52e-05,14.0,0.0007728
NEBL/BTC,1571963814220,2019-10-25T00:36:54.220Z,buy,5.551e-05,97.0,0.00538447
NEBL/BTC,1571963814220,2019-10-25T00:36:54.220Z,buy,5.564e-05,228.0,0.01268592
NEBL/BTC,1571963814220,2019-10-25T00:36:54.220Z,buy,5.565e-05,75.0,0.0041737499999999
NEBL/BTC,1571963814549,2019-10-25T00:36:54.549Z,sell,5.522e-05,228.0,0.01259016
NEBL/BTC,1571963814549,2019-10-25T00:36:54.549Z,sell,5.521e-05,162.0,0.00894402
NEBL/BTC,1571963815450,2019-10-25T00:36:55.450Z,buy,5.563e-05,162.0,0.00901206
NEBL/BTC,1571963815450,2019-10-25T00:36:55.450Z,buy,5.564e-05,228.0,0.01268592
NEBL/BTC,1571963815450,2019-10-25T00:36:55.450Z,buy,5.565e-05,10.0,0.0005564999999999
NEBL/BTC,1571963815787,2019-10-25T00:36:55.787Z,sell,5.522e-05,228.0,0.01259016
NEBL/BTC,1571963815787,2019-10-25T00:36:55.787Z,sell,5.521e-05,162.0,0.00894402
NEBL/BTC,1571963816311,2019-10-25T00:36:56.311Z,buy,5.559e-05,12.0,0.00066708
NEBL/BTC,1571963816311,2019-10-25T00:36:56.311Z,buy,5.56e-05,162.0,0.0090072
NEBL/BTC,1571963816311,2019-10-25T00:36:56.311Z,buy,5.561e-05,228.0,0.0126790799999999
NEBL/BTC,1571963816311,2019-10-25T00:36:56.311Z,buy,5.562e-05,321.0,0.0178540199999999
NEBL/BTC,1571963816311,2019-10-25T00:36:56.311Z,buy,5.565e-05,38.0,0.0021146999999999
NEBL/BTC,1571963816311,2019-10-25T00:36:56.311Z,buy,5.575e-05,239.0,0.01332425
NEBL/BTC,1571963816311,2019-10-25T00:36:56.311Z,buy,5.577e-05,240.0,0.0133848
NEBL/BTC,1571963816342,2019-10-25T00:36:56.342Z,sell,5.577e-05,265.0,0.01477905
NEBL/BTC,1571963816346,2019-10-25T00:36:56.346Z,sell,5.577e-05,251.0,0.01399827
NEBL/BTC,1571963816348,2019-10-25T00:36:56.348Z,sell,5.577e-05,324.0,0.01806948
NEBL/BTC,1571963816575,2019-10-25T00:36:56.575Z,sell,5.577e-05,71.0,0.00395967
NEBL/BTC,1571963816707,2019-10-25T00:36:56.707Z,buy,5.578e-05,3.0,0.0001673399999999
NEBL/BTC,1571963816707,2019-10-25T00:36:56.707Z,buy,5.581e-05,191.0,0.01065971
NEBL/BTC,1571963816707,2019-10-25T00:36:56.707Z,buy,5.583e-05,206.0,0.01150098
NEBL/BTC,1571963817047,2019-10-25T00:36:57.047Z,sell,5.577e-05,390.0,0.0217503
NEBL/BTC,1571963817498,2019-10-25T00:36:57.498Z,sell,5.577e-05,262.0,0.01461174
NEBL/BTC,1571963817936,2019-10-25T00:36:57.936Z,buy,5.583e-05,400.0,0.022332
NEBL/BTC,1571963818273,2019-10-25T00:36:58.273Z,sell,5.547e-05,3.0,0.00016641
NEBL/BTC,1571963818273,2019-10-25T00:36:58.273Z,sell,5.529e-05,12.0,0.00066348
NEBL/BTC,1571963818273,2019-10-25T00:36:58.273Z,sell,5.523e-05,375.0,0.02071125
NEBL/BTC,1571963818954,2019-10-25T00:36:58.954Z,buy,5.583e-05,29.0,0.00161907
NEBL/BTC,1571963818954,2019-10-25T00:36:58.954Z,buy,5.589e-05,31.0,0.00173259
NEBL/BTC,1571963818954,2019-10-25T00:36:58.954Z,buy,5.59e-05,12.0,0.0006707999999999
NEBL/BTC,1571963818954,2019-10-25T00:36:58.954Z,buy,5.593e-05,14.0,0.00078302
NEBL/BTC,1571963818954,2019-10-25T00:36:58.954Z,buy,5.604e-05,314.0,0.01759656
NEBL/BTC,1571963819459,2019-10-25T00:36:59.459Z,sell,5.531e-05,390.0,0.0215709
NEBL/BTC,1571963820357,2019-10-25T00:37:00.357Z,buy,5.578e-05,3.0,0.0001673399999999
NEBL/BTC,1571963820357,2019-10-25T00:37:00.357Z,buy,5.59e-05,12.0,0.0006707999999999
NEBL/BTC,1571963820357,2019-10-25T00:37:00.357Z,buy,5.602e-05,385.0,0.0215677
NEBL/BTC,1571963820687,2019-10-25T00:37:00.687Z,sell,5.551e-05,4.0,0.00022204
NEBL/BTC,1571963820687,2019-10-25T00:37:00.687Z,sell,5.53e-05,386.0,0.0213458
NEBL/BTC,1571963821350,2019-10-25T00:37:01.350Z,buy,5.573e-05,98.0,0.00546154
NEBL/BTC,1571963821350,2019-10-25T00:37:01.350Z,buy,5.602e-05,66.0,0.00369732
NEBL/BTC,1571963821350,2019-10-25T00:37:01.350Z,buy,5.603e-05,236.0,0.01322308
NEBL/BTC,1571963821683,2019-10-25T00:37:01.683Z,sell,5.535e-05,61.0,0.0033763499999999
NEBL/BTC,1571963821683,2019-10-25T00:37:01.683Z,sell,5.534e-05,329.0,0.01820686
NEBL/BTC,1571963822536,2019-10-25T00:37:02.536Z,buy,5.601e-05,288.0,0.01613088
NEBL/BTC,1571963822536,2019-10-25T00:37:02.536Z,buy,5.602e-05,112.0,0.00627424
NEBL/BTC,1571963822873,2019-10-25T00:37:02.873Z,sell,5.559e-05,12.0,0.00066708
NEBL/BTC,1571963822873,2019-10-25T00:37:02.873Z,sell,5.547e-05,3.0,0.00016641
NEBL/BTC,1571963822873,2019-10-25T00:37:02.873Z,sell,5.537e-05,259.0,0.01434083
NEBL/BTC,1571963822873,2019-10-25T00:37:02.873Z,sell,5.536e-05,116.0,0.0064217599999999
NEBL/BTC,1571963823771,2019-10-25T00:37:03.771Z,buy,5.583e-05,4.0,0.00022332
NEBL/BTC,1571963823771,2019-10-25T00:37:03.771Z,buy,5.601e-05,320.0,0.0179232
NEBL/BTC,1571963823771,2019-10-25T00:37:03.771Z,buy,5.602e-05,76.0,0.00425752
NEBL/BTC,1571963824106,2019-10-25T00:37:04.106Z,sell,5.546e-05,390.0,0.0216294
NEBL/BTC,1571963825470,2019-10-25T00:37:05.470Z,buy,5.578e-05,3.0,0.0001673399999999
NEBL/BTC,1571963825470,2019-10-25T00:37:05.470Z,buy,5.578e-05,3.0,0.0001673399999999
NEBL/BTC,1571963825470,2019-10-25T00:37:05.470Z,buy,5.589e-05,99.0,0.00553311
NEBL/BTC,1571963825470,2019-10-25T00:37:05.470Z,buy,5.59e-05,12.0,0.0006707999999999
NEBL/BTC,1571963825470,2019-10-25T00:37:05.470Z,buy,5.602e-05,141.0,0.00789882
NEBL/BTC,1571963825470,2019-10-25T00:37:05.470Z,buy,5.603e-05,778.0,0.04359134
NEBL/BTC,1571963825470,2019-10-25T00:37:05.470Z,buy,5.605e-05,777.0,0.04355085
NEBL/BTC,1571963825543,2019-10-25T00:37:05.543Z,sell,5.605e-05,282.0,0.0158061
NEBL/BTC,1571963832138,2019-10-25T00:37:12.138Z,sell,5.573e-05,116.0,0.0064646799999999
NEBL/BTC,1571963833425,2019-10-25T00:37:13.425Z,buy,5.589e-05,9.0,0.00050301
NEBL/BTC,1571963837270,2019-10-25T00:37:17.270Z,sell,5.605e-05,826.0,0.0462973
NEBL/BTC,1571963853608,2019-10-25T00:37:33.608Z,sell,5.605e-05,147.0,0.00823935
NEBL/BTC,1571963857228,2019-10-25T00:37:37.228Z,buy,5.606e-05,124.0,0.00695144
NEBL/BTC,1571963857228,2019-10-25T00:37:37.228Z,buy,5.609e-05,3.0,0.0001682699999999
NEBL/BTC,1571963857228,2019-10-25T00:37:37.228Z,buy,5.616e-05,133.0,0.00746928
NEBL/BTC,1571963857228,2019-10-25T00:37:37.228Z,buy,5.617e-05,120.0,0.0067404
NEBL/BTC,1571963857228,2019-10-25T00:37:37.228Z,buy,5.62e-05,12.0,0.0006743999999999
NEBL/BTC,1571963857228,2019-10-25T00:37:37.228Z,buy,5.628e-05,8.0,0.00045024
NEBL/BTC,1571963857568,2019-10-25T00:37:37.568Z,sell,5.606e-05,321.0,0.01799526
NEBL/BTC,1571963857568,2019-10-25T00:37:37.568Z,sell,5.605e-05,75.0,0.00420375
NEBL/BTC,1571963858516,2019-10-25T00:37:38.516Z,buy,5.628e-05,400.0,0.022512
NEBL/BTC,1571963858852,2019-10-25T00:37:38.852Z,sell,5.606e-05,396.0,0.02219976
NEBL/BTC,1571963859752,2019-10-25T00:37:39.752Z,buy,5.628e-05,190.0,0.0106932
NEBL/BTC,1571963859752,2019-10-25T00:37:39.752Z,buy,5.636e-05,15.0,0.0008454
NEBL/BTC,1571963859752,2019-10-25T00:37:39.752Z,buy,5.639e-05,195.0,0.01099605
NEBL/BTC,1571963860222,2019-10-25T00:37:40.222Z,sell,5.607e-05,396.0,0.02220372
NEBL/BTC,1571963860895,2019-10-25T00:37:40.895Z,buy,5.638e-05,367.0,0.02069146
NEBL/BTC,1571963860895,2019-10-25T00:37:40.895Z,buy,5.639e-05,33.0,0.00186087
NEBL/BTC,1571963861228,2019-10-25T00:37:41.228Z,sell,5.609e-05,3.0,0.0001682699999999
NEBL/BTC,1571963861228,2019-10-25T00:37:41.228Z,sell,5.607e-05,393.0,0.0220355099999999
NEBL/BTC,1571963862212,2019-10-25T00:37:42.212Z,buy,5.639e-05,400.0,0.022556
NEBL/BTC,1571963862572,2019-10-25T00:37:42.572Z,sell,5.609e-05,396.0,0.02221164
NEBL/BTC,1571963863630,2019-10-25T00:37:43.630Z,buy,5.639e-05,3.0,0.00016917
NEBL/BTC,1571963863630,2019-10-25T00:37:43.630Z,buy,5.64e-05,200.0,0.01128
NEBL/BTC,1571963863630,2019-10-25T00:37:43.630Z,buy,5.643e-05,197.0,0.01111671
NEBL/BTC,1571963863973,2019-10-25T00:37:43.973Z,sell,5.611e-05,186.0,0.01043646
NEBL/BTC,1571963863973,2019-10-25T00:37:43.973Z,sell,5.61e-05,210.0,0.011781
NEBL/BTC,1571963865314,2019-10-25T00:37:45.314Z,buy,5.641e-05,210.0,0.0118461
NEBL/BTC,1571963865314,2019-10-25T00:37:45.314Z,buy,5.642e-05,186.0,0.01049412
NEBL/BTC,1571963865314,2019-10-25T00:37:45.314Z,buy,5.643e-05,4.0,0.00022572
NEBL/BTC,1571963865652,2019-10-25T00:37:45.652Z,sell,5.614e-05,391.0,0.02195074
NEBL/BTC,1571963865652,2019-10-25T00:37:45.652Z,sell,5.613e-05,5.0,0.00028065
NEBL/BTC,1571963866414,2019-10-25T00:37:46.414Z,buy,5.642e-05,5.0,0.0002820999999999
NEBL/BTC,1571963866414,2019-10-25T00:37:46.414Z,buy,5.643e-05,209.0,0.01179387
NEBL/BTC,1571963866414,2019-10-25T00:37:46.414Z,buy,5.644e-05,186.0,0.01049784
NEBL/BTC,1571963866762,2019-10-25T00:37:46.762Z,sell,5.614e-05,396.0,0.02223144
NEBL/BTC,1571963867429,2019-10-25T00:37:47.429Z,buy,5.643e-05,391.0,0.02206413
NEBL/BTC,1571963867429,2019-10-25T00:37:47.429Z,buy,5.644e-05,9.0,0.00050796
NEBL/BTC,1571963867778,2019-10-25T00:37:47.778Z,sell,5.615e-05,396.0,0.0222354
NEBL/BTC,1571963868463,2019-10-25T00:37:48.463Z,buy,5.642e-05,195.0,0.0110019
NEBL/BTC,1571963868463,2019-10-25T00:37:48.463Z,buy,5.644e-05,205.0,0.0115702
NEBL/BTC,1571963868812,2019-10-25T00:37:48.812Z,sell,5.615e-05,396.0,0.0222354
NEBL/BTC,1571963870138,2019-10-25T00:37:50.138Z,buy,5.641e-05,321.0,0.01810761
NEBL/BTC,1571963870138,2019-10-25T00:37:50.138Z,buy,5.642e-05,79.0,0.00445718
NEBL/BTC,1571963870485,2019-10-25T00:37:50.485Z,sell,5.615e-05,171.0,0.00960165
NEBL/BTC,1571963870485,2019-10-25T00:37:50.485Z,sell,5.609e-05,3.0,0.0001682699999999
NEBL/BTC,1571963870485,2019-10-25T00:37:50.485Z,sell,5.606e-05,222.0,0.01244532
NEBL/BTC,1571963871380,2019-10-25T00:37:51.380Z,buy,5.642e-05,400.0,0.0225679999999999
NEBL/BTC,1571963871731,2019-10-25T00:37:51.731Z,sell,5.617e-05,321.0,0.01803057
NEBL/BTC,1571963871731,2019-10-25T00:37:51.731Z,sell,5.616e-05,75.0,0.004212
NEBL/BTC,1571963872393,2019-10-25T00:37:52.393Z,buy,5.642e-05,111.0,0.00626262
NEBL/BTC,1571963872393,2019-10-25T00:37:52.393Z,buy,5.643e-05,289.0,0.01630827
