symbol,timestamp,datetime,side,price,amount,btc_volume
NEBL/BTC,1583266021344,2020-03-03T20:07:01.344Z,sell,7.15e-05,677.0,0.0484055
NEBL/BTC,1583266026134,2020-03-03T20:07:06.134Z,buy,7.183e-05,1.0,7.183e-05
NEBL/BTC,1583266100275,2020-03-03T20:08:20.275Z,sell,7.15e-05,133.0,0.0095095
NEBL/BTC,1583266402967,2020-03-03T20:13:22.967Z,buy,7.182e-05,2.0,0.00014364
NEBL/BTC,1583266402967,2020-03-03T20:13:22.967Z,buy,7.183e-05,1.0,7.183e-05
NEBL/BTC,1583266402967,2020-03-03T20:13:22.967Z,buy,7.186e-05,72.0,0.00517392
NEBL/BTC,1583266402967,2020-03-03T20:13:22.967Z,buy,7.187e-05,36.0,0.00258732
NEBL/BTC,1583266402967,2020-03-03T20:13:22.967Z,buy,7.188e-05,2.0,0.00014376
NEBL/BTC,1583266402967,2020-03-03T20:13:22.967Z,buy,7.189e-05,2.0,0.00014378
NEBL/BTC,1583266402967,2020-03-03T20:13:22.967Z,buy,7.19e-05,2.0,0.0001438
NEBL/BTC,1583266402967,2020-03-03T20:13:22.967Z,buy,7.191e-05,2.0,0.00014382
NEBL/BTC,1583266402967,2020-03-03T20:13:22.967Z,buy,7.192e-05,2.0,0.00014384
NEBL/BTC,1583266402967,2020-03-03T20:13:22.967Z,buy,7.193e-05,2.0,0.00014386
NEBL/BTC,1583266402967,2020-03-03T20:13:22.967Z,buy,7.194e-05,2.0,0.00014388
NEBL/BTC,1583266402967,2020-03-03T20:13:22.967Z,buy,7.195e-05,2.0,0.0001439
NEBL/BTC,1583266402967,2020-03-03T20:13:22.967Z,buy,7.196e-05,2.0,0.00014392
NEBL/BTC,1583266402967,2020-03-03T20:13:22.967Z,buy,7.197e-05,2.0,0.00014394
NEBL/BTC,1583266402967,2020-03-03T20:13:22.967Z,buy,7.198e-05,2.0,0.00014396
NEBL/BTC,1583266402967,2020-03-03T20:13:22.967Z,buy,7.199e-05,2.0,0.00014398
NEBL/BTC,1583266402967,2020-03-03T20:13:22.967Z,buy,7.21e-05,64.0,0.0046144
NEBL/BTC,1583266402967,2020-03-03T20:13:22.967Z,buy,7.213e-05,154.0,0.01110802
NEBL/BTC,1583266487711,2020-03-03T20:14:47.711Z,sell,7.167e-05,3.0,0.00021501
NEBL/BTC,1583266488062,2020-03-03T20:14:48.062Z,sell,7.167e-05,3.0,0.00021501
NEBL/BTC,1583267566033,2020-03-03T20:32:46.033Z,sell,7.153e-05,70.0,0.0050071
NEBL/BTC,1583267588362,2020-03-03T20:33:08.362Z,buy,7.153e-05,2.0,0.00014306
NEBL/BTC,1583267730745,2020-03-03T20:35:30.745Z,buy,7.153e-05,2.0,0.00014306
NEBL/BTC,1583268027113,2020-03-03T20:40:27.113Z,buy,7.153e-05,25.0,0.00178825
NEBL/BTC,1583268041701,2020-03-03T20:40:41.701Z,buy,7.153e-05,34.0,0.00243202
NEBL/BTC,1583268041701,2020-03-03T20:40:41.701Z,buy,7.213e-05,4.0,0.00028852
NEBL/BTC,1583268545367,2020-03-03T20:49:05.367Z,buy,7.212e-05,250.0,0.0180299999999999
NEBL/BTC,1583268713736,2020-03-03T20:51:53.736Z,sell,7.152e-05,144.0,0.01029888
NEBL/BTC,1583268713758,2020-03-03T20:51:53.758Z,buy,7.152e-05,225.0,0.016092
NEBL/BTC,1583269059576,2020-03-03T20:57:39.576Z,buy,7.204e-05,50.0,0.0036019999999999
NEBL/BTC,1583269059576,2020-03-03T20:57:39.576Z,buy,7.204e-05,50.0,0.0036019999999999
NEBL/BTC,1583270013046,2020-03-03T21:13:33.046Z,sell,7.153e-05,48.0,0.00343344
NEBL/BTC,1583270013046,2020-03-03T21:13:33.046Z,sell,7.151e-05,100.0,0.0071509999999999
NEBL/BTC,1583270013046,2020-03-03T21:13:33.046Z,sell,7.15e-05,810.0,0.057915
NEBL/BTC,1583270413844,2020-03-03T21:20:13.844Z,sell,7.151e-05,81.0,0.00579231
NEBL/BTC,1583270636046,2020-03-03T21:23:56.046Z,buy,7.212e-05,370.0,0.0266843999999999
NEBL/BTC,1583270636046,2020-03-03T21:23:56.046Z,buy,7.212e-05,370.0,0.0266843999999999
NEBL/BTC,1583274687822,2020-03-03T22:31:27.822Z,sell,7.158e-05,23.0,0.00164634
NEBL/BTC,1583274698854,2020-03-03T22:31:38.854Z,sell,7.158e-05,51.0,0.00365058
NEBL/BTC,1583274707639,2020-03-03T22:31:47.639Z,sell,7.158e-05,13.0,0.00093054
NEBL/BTC,1583274763185,2020-03-03T22:32:43.185Z,sell,7.158e-05,826.0,0.05912508
NEBL/BTC,1583274763188,2020-03-03T22:32:43.188Z,sell,7.158e-05,217.0,0.01553286
NEBL/BTC,1583274763197,2020-03-03T22:32:43.197Z,sell,7.158e-05,241.0,0.01725078
NEBL/BTC,1583274763197,2020-03-03T22:32:43.197Z,sell,7.156e-05,5.0,0.0003578
NEBL/BTC,1583274763236,2020-03-03T22:32:43.236Z,buy,7.204e-05,111.0,0.0079964399999999
NEBL/BTC,1583274763236,2020-03-03T22:32:43.236Z,buy,7.205e-05,46.0,0.0033143
NEBL/BTC,1583274763236,2020-03-03T22:32:43.236Z,buy,7.208e-05,60.0,0.0043248
NEBL/BTC,1583274763236,2020-03-03T22:32:43.236Z,buy,7.204e-05,111.0,0.0079964399999999
NEBL/BTC,1583274763236,2020-03-03T22:32:43.236Z,buy,7.205e-05,46.0,0.0033143
NEBL/BTC,1583274763236,2020-03-03T22:32:43.236Z,buy,7.208e-05,60.0,0.0043248
NEBL/BTC,1583275357055,2020-03-03T22:42:37.055Z,buy,7.207e-05,3.0,0.00021621
NEBL/BTC,1583275357055,2020-03-03T22:42:37.055Z,buy,7.208e-05,135.0,0.0097308
NEBL/BTC,1583275947239,2020-03-03T22:52:27.239Z,sell,7.156e-05,93.0,0.00665508
NEBL/BTC,1583275947239,2020-03-03T22:52:27.239Z,sell,7.155e-05,27.0,0.00193185
NEBL/BTC,1583275947239,2020-03-03T22:52:27.239Z,sell,7.154e-05,4.0,0.00028616
NEBL/BTC,1583275947239,2020-03-03T22:52:27.239Z,sell,7.15e-05,141.0,0.0100815
NEBL/BTC,1583275947239,2020-03-03T22:52:27.239Z,sell,7.15e-05,93.0,0.0066495
NEBL/BTC,1583275947241,2020-03-03T22:52:27.241Z,sell,7.15e-05,93.0,0.0066495
NEBL/BTC,1583275947242,2020-03-03T22:52:27.242Z,sell,7.15e-05,93.0,0.0066495
NEBL/BTC,1583275947244,2020-03-03T22:52:27.244Z,sell,7.15e-05,37.0,0.0026455
NEBL/BTC,1583275947246,2020-03-03T22:52:27.246Z,sell,7.15e-05,93.0,0.0066495
NEBL/BTC,1583275947246,2020-03-03T22:52:27.246Z,sell,7.15e-05,93.0,0.0066495
NEBL/BTC,1583275947247,2020-03-03T22:52:27.247Z,sell,7.15e-05,597.0,0.0426855
NEBL/BTC,1583275947339,2020-03-03T22:52:27.339Z,sell,7.15e-05,630.0,0.045045
NEBL/BTC,1583275949460,2020-03-03T22:52:29.460Z,sell,7.15e-05,240.0,0.01716
NEBL/BTC,1583275951272,2020-03-03T22:52:31.272Z,sell,7.15e-05,93.0,0.0066495
NEBL/BTC,1583276270178,2020-03-03T22:57:50.178Z,buy,7.157e-05,2.0,0.00014314
NEBL/BTC,1583276371340,2020-03-03T22:59:31.340Z,sell,7.157e-05,46.0,0.0032922199999999
NEBL/BTC,1583276471415,2020-03-03T23:01:11.415Z,sell,7.15e-05,333.0,0.0238095
NEBL/BTC,1583276745795,2020-03-03T23:05:45.795Z,buy,7.2e-05,27.0,0.001944
NEBL/BTC,1583276745795,2020-03-03T23:05:45.795Z,buy,7.204e-05,63.0,0.00453852
NEBL/BTC,1583276745795,2020-03-03T23:05:45.795Z,buy,7.205e-05,8.0,0.0005764
NEBL/BTC,1583276749652,2020-03-03T23:05:49.652Z,buy,7.207e-05,4.0,0.00028828
NEBL/BTC,1583276805371,2020-03-03T23:06:45.371Z,sell,7.151e-05,217.0,0.0155176699999999
NEBL/BTC,1583276805371,2020-03-03T23:06:45.371Z,sell,7.15e-05,52.0,0.003718
NEBL/BTC,1583277081371,2020-03-03T23:11:21.371Z,buy,7.206e-05,217.0,0.0156370199999999
NEBL/BTC,1583277081380,2020-03-03T23:11:21.380Z,sell,7.206e-05,241.0,0.01736646
NEBL/BTC,1583277081383,2020-03-03T23:11:21.383Z,sell,7.206e-05,33.0,0.00237798
NEBL/BTC,1583277081457,2020-03-03T23:11:21.457Z,sell,7.206e-05,24.0,0.00172944
NEBL/BTC,1583277248286,2020-03-03T23:14:08.286Z,sell,7.206e-05,2.0,0.00014412
NEBL/BTC,1583277668305,2020-03-03T23:21:08.305Z,sell,7.206e-05,2.0,0.00014412
NEBL/BTC,1583278262999,2020-03-03T23:31:02.999Z,sell,7.206e-05,5.0,0.0003603
NEBL/BTC,1583278266141,2020-03-03T23:31:06.141Z,sell,7.207e-05,59.0,0.00425213
NEBL/BTC,1583278266152,2020-03-03T23:31:06.152Z,sell,7.207e-05,4.0,0.00028828
NEBL/BTC,1583278266152,2020-03-03T23:31:06.152Z,sell,7.207e-05,4.0,0.00028828
NEBL/BTC,1583278443724,2020-03-03T23:34:03.724Z,buy,7.208e-05,2.0,0.00014416
NEBL/BTC,1583278602903,2020-03-03T23:36:42.903Z,buy,7.208e-05,102.0,0.00735216
NEBL/BTC,1583280058858,2020-03-04T00:00:58.858Z,buy,7.204e-05,2.0,0.00014408
NEBL/BTC,1583280058858,2020-03-04T00:00:58.858Z,buy,7.205e-05,9.0,0.00064845
NEBL/BTC,1583281066796,2020-03-04T00:17:46.796Z,sell,7.205e-05,4.0,0.0002882
NEBL/BTC,1583281088512,2020-03-04T00:18:08.512Z,sell,7.174e-05,10.0,0.0007174
NEBL/BTC,1583281195696,2020-03-04T00:19:55.696Z,sell,7.174e-05,830.0,0.0595442
NEBL/BTC,1583281825244,2020-03-04T00:30:25.244Z,buy,7.206e-05,239.0,0.01722234
NEBL/BTC,1583281825244,2020-03-04T00:30:25.244Z,buy,7.207e-05,921.0,0.06637647
NEBL/BTC,1583281825244,2020-03-04T00:30:25.244Z,buy,7.206e-05,239.0,0.01722234
NEBL/BTC,1583281825244,2020-03-04T00:30:25.244Z,buy,7.207e-05,921.0,0.06637647
NEBL/BTC,1583283636305,2020-03-04T01:00:36.305Z,buy,7.204e-05,14.0,0.00100856
NEBL/BTC,1583283967331,2020-03-04T01:06:07.331Z,sell,7.159e-05,63.0,0.00451017
NEBL/BTC,1583283967352,2020-03-04T01:06:07.352Z,buy,7.159e-05,159.0,0.01138281
NEBL/BTC,1583283971597,2020-03-04T01:06:11.597Z,sell,7.156e-05,2.0,0.00014312
NEBL/BTC,1583283971623,2020-03-04T01:06:11.623Z,buy,7.156e-05,104.0,0.00744224
NEBL/BTC,1583283971625,2020-03-04T01:06:11.625Z,buy,7.156e-05,116.0,0.00830096
NEBL/BTC,1583283982731,2020-03-04T01:06:22.731Z,sell,7.156e-05,4.0,0.00028624
NEBL/BTC,1583283982779,2020-03-04T01:06:22.779Z,buy,7.156e-05,7.0,0.00050092
NEBL/BTC,1583283982812,2020-03-04T01:06:22.812Z,buy,7.156e-05,211.0,0.01509916
NEBL/BTC,1583284004558,2020-03-04T01:06:44.558Z,sell,7.151e-05,122.0,0.00872422
NEBL/BTC,1583284022460,2020-03-04T01:07:02.460Z,sell,7.152e-05,13.0,0.00092976
NEBL/BTC,1583284396379,2020-03-04T01:13:16.379Z,buy,7.2e-05,2.0,0.000144
NEBL/BTC,1583284458015,2020-03-04T01:14:18.015Z,buy,7.17e-05,168.0,0.0120455999999999
NEBL/BTC,1583284459433,2020-03-04T01:14:19.433Z,buy,7.17e-05,6.0,0.0004301999999999
NEBL/BTC,1583284494505,2020-03-04T01:14:54.505Z,buy,7.16e-05,162.0,0.0115992
NEBL/BTC,1583284659445,2020-03-04T01:17:39.445Z,sell,7.15e-05,419.0,0.0299585
NEBL/BTC,1583284778226,2020-03-04T01:19:38.226Z,sell,7.144e-05,75.0,0.005358
NEBL/BTC,1583284941754,2020-03-04T01:22:21.754Z,sell,7.144e-05,101.0,0.0072154399999999
NEBL/BTC,1583285242981,2020-03-04T01:27:22.981Z,sell,7.145e-05,928.0,0.0663056
NEBL/BTC,1583285242981,2020-03-04T01:27:22.981Z,sell,7.144e-05,72.0,0.0051436799999999
NEBL/BTC,1583285295794,2020-03-04T01:28:15.794Z,buy,7.184e-05,36.0,0.00258624
NEBL/BTC,1583285295794,2020-03-04T01:28:15.794Z,buy,7.184e-05,36.0,0.00258624
NEBL/BTC,1583285566131,2020-03-04T01:32:46.131Z,buy,7.184e-05,2.0,0.00014368
NEBL/BTC,1583287294205,2020-03-04T02:01:34.205Z,buy,7.185e-05,2.0,0.0001437
NEBL/BTC,1583287294205,2020-03-04T02:01:34.205Z,buy,7.187e-05,103.0,0.00740261
NEBL/BTC,1583287294205,2020-03-04T02:01:34.205Z,buy,7.188e-05,63.0,0.00452844
NEBL/BTC,1583287294205,2020-03-04T02:01:34.205Z,buy,7.192e-05,82.0,0.00589744
NEBL/BTC,1583287375847,2020-03-04T02:02:55.847Z,buy,7.196e-05,2.0,0.00014392
NEBL/BTC,1583287375847,2020-03-04T02:02:55.847Z,buy,7.203e-05,313.0,0.02254539
NEBL/BTC,1583287375847,2020-03-04T02:02:55.847Z,buy,7.204e-05,672.0,0.0484108799999999
NEBL/BTC,1583287409450,2020-03-04T02:03:29.450Z,buy,7.208e-05,21.0,0.00151368
NEBL/BTC,1583287416951,2020-03-04T02:03:36.951Z,buy,7.213e-05,4.0,0.00028852
NEBL/BTC,1583287465946,2020-03-04T02:04:25.946Z,buy,7.214e-05,4.0,0.00028856
NEBL/BTC,1583287465946,2020-03-04T02:04:25.946Z,buy,7.221e-05,125.0,0.00902625
NEBL/BTC,1583287465971,2020-03-04T02:04:25.971Z,sell,7.221e-05,113.0,0.00815973
NEBL/BTC,1583287480507,2020-03-04T02:04:40.507Z,buy,7.223e-05,22.0,0.00158906
NEBL/BTC,1583287483531,2020-03-04T02:04:43.531Z,buy,7.223e-05,2.0,0.00014446
NEBL/BTC,1583288068395,2020-03-04T02:14:28.395Z,sell,7.175e-05,4.0,0.000287
NEBL/BTC,1583288068395,2020-03-04T02:14:28.395Z,sell,7.175e-05,4.0,0.000287
NEBL/BTC,1583289671007,2020-03-04T02:41:11.007Z,sell,7.177e-05,139.0,0.00997603
NEBL/BTC,1583289671007,2020-03-04T02:41:11.007Z,sell,7.176e-05,151.0,0.01083576
NEBL/BTC,1583289671035,2020-03-04T02:41:11.035Z,buy,7.176e-05,313.0,0.02246088
NEBL/BTC,1583290510639,2020-03-04T02:55:10.639Z,buy,7.214e-05,4.0,0.00028856
NEBL/BTC,1583290510639,2020-03-04T02:55:10.639Z,buy,7.22e-05,429.0,0.0309738
NEBL/BTC,1583290510639,2020-03-04T02:55:10.639Z,buy,7.221e-05,1449.0,0.10463229
NEBL/BTC,1583290510639,2020-03-04T02:55:10.639Z,buy,7.226e-05,118.0,0.00852668
NEBL/BTC,1583290839366,2020-03-04T03:00:39.366Z,sell,7.182e-05,2.0,0.00014364
NEBL/BTC,1583290993435,2020-03-04T03:03:13.435Z,sell,7.175e-05,6.0,0.0004305
NEBL/BTC,1583291058091,2020-03-04T03:04:18.091Z,sell,7.156e-05,12.0,0.00085872
NEBL/BTC,1583291059233,2020-03-04T03:04:19.233Z,sell,7.15e-05,2.0,0.000143
NEBL/BTC,1583291060728,2020-03-04T03:04:20.728Z,buy,7.15e-05,160.0,0.01144
NEBL/BTC,1583291060780,2020-03-04T03:04:20.780Z,sell,7.148e-05,134.0,0.00957832
NEBL/BTC,1583291060780,2020-03-04T03:04:20.780Z,sell,7.148e-05,134.0,0.00957832
NEBL/BTC,1583291679333,2020-03-04T03:14:39.333Z,buy,7.196e-05,2.0,0.00014392
NEBL/BTC,1583291679333,2020-03-04T03:14:39.333Z,buy,7.214e-05,4.0,0.00028856
NEBL/BTC,1583291679333,2020-03-04T03:14:39.333Z,buy,7.222e-05,137.0,0.00989414
NEBL/BTC,1583291679333,2020-03-04T03:14:39.333Z,buy,7.226e-05,150.0,0.010839
NEBL/BTC,1583291686747,2020-03-04T03:14:46.747Z,buy,7.226e-05,78.0,0.00563628
NEBL/BTC,1583291686747,2020-03-04T03:14:46.747Z,buy,7.229e-05,396.0,0.02862684
NEBL/BTC,1583291686757,2020-03-04T03:14:46.757Z,sell,7.229e-05,11.0,0.00079519
NEBL/BTC,1583291686757,2020-03-04T03:14:46.757Z,sell,7.229e-05,17.0,0.00122893
NEBL/BTC,1583291686761,2020-03-04T03:14:46.761Z,sell,7.229e-05,23.0,0.00166267
NEBL/BTC,1583291686766,2020-03-04T03:14:46.766Z,sell,7.229e-05,19.0,0.00137351
NEBL/BTC,1583291686783,2020-03-04T03:14:46.783Z,sell,7.229e-05,117.0,0.00845793
NEBL/BTC,1583291696062,2020-03-04T03:14:56.062Z,sell,7.23e-05,110.0,0.007953
NEBL/BTC,1583291700900,2020-03-04T03:15:00.900Z,buy,7.232e-05,12.0,0.0008678399999999
NEBL/BTC,1583291700900,2020-03-04T03:15:00.900Z,buy,7.233e-05,11.0,0.00079563
NEBL/BTC,1583291700900,2020-03-04T03:15:00.900Z,buy,7.234e-05,87.0,0.00629358
NEBL/BTC,1583291887036,2020-03-04T03:18:07.036Z,sell,7.183e-05,62.0,0.0044534599999999
NEBL/BTC,1583292554571,2020-03-04T03:29:14.571Z,buy,7.183e-05,2.0,0.00014366
NEBL/BTC,1583292554571,2020-03-04T03:29:14.571Z,buy,7.235e-05,2.0,0.0001447
NEBL/BTC,1583292554571,2020-03-04T03:29:14.571Z,buy,7.237e-05,2.0,0.00014474
NEBL/BTC,1583292554571,2020-03-04T03:29:14.571Z,buy,7.238e-05,62.0,0.00448756
NEBL/BTC,1583292554571,2020-03-04T03:29:14.571Z,buy,7.239e-05,2.0,0.00014478
NEBL/BTC,1583292554571,2020-03-04T03:29:14.571Z,buy,7.24e-05,263.0,0.0190412
NEBL/BTC,1583292782752,2020-03-04T03:33:02.752Z,sell,7.183e-05,886.0,0.06364138
NEBL/BTC,1583294424641,2020-03-04T04:00:24.641Z,sell,7.183e-05,62.0,0.0044534599999999
NEBL/BTC,1583294424641,2020-03-04T04:00:24.641Z,sell,7.182e-05,93.0,0.00667926
NEBL/BTC,1583294427894,2020-03-04T04:00:27.894Z,sell,7.182e-05,9.0,0.00064638
NEBL/BTC,1583294427894,2020-03-04T04:00:27.894Z,sell,7.181e-05,12.0,0.00086172
NEBL/BTC,1583294427902,2020-03-04T04:00:27.902Z,buy,7.176e-05,133.0,0.00954408
NEBL/BTC,1583294432304,2020-03-04T04:00:32.304Z,sell,7.176e-05,154.0,0.01105104
NEBL/BTC,1583294434952,2020-03-04T04:00:34.952Z,sell,7.178e-05,155.0,0.0111259
NEBL/BTC,1583294438106,2020-03-04T04:00:38.106Z,sell,7.176e-05,154.0,0.01105104
NEBL/BTC,1583294441288,2020-03-04T04:00:41.288Z,sell,7.176e-05,155.0,0.0111228
NEBL/BTC,1583294481608,2020-03-04T04:01:21.608Z,sell,7.175e-05,4.0,0.000287
NEBL/BTC,1583294481608,2020-03-04T04:01:21.608Z,sell,7.169e-05,51.0,0.00365619
NEBL/BTC,1583294485076,2020-03-04T04:01:25.076Z,sell,7.169e-05,54.0,0.00387126
NEBL/BTC,1583294488467,2020-03-04T04:01:28.467Z,sell,7.157e-05,54.0,0.0038647799999999
NEBL/BTC,1583294492358,2020-03-04T04:01:32.358Z,sell,7.157e-05,54.0,0.0038647799999999
NEBL/BTC,1583294496951,2020-03-04T04:01:36.951Z,sell,7.157e-05,55.0,0.00393635
NEBL/BTC,1583294500309,2020-03-04T04:01:40.309Z,sell,7.157e-05,55.0,0.00393635
NEBL/BTC,1583294596529,2020-03-04T04:03:16.529Z,sell,7.163e-05,2.0,0.00014326
NEBL/BTC,1583294596529,2020-03-04T04:03:16.529Z,sell,7.156e-05,282.0,0.02017992
NEBL/BTC,1583294596529,2020-03-04T04:03:16.529Z,sell,7.163e-05,2.0,0.00014326
NEBL/BTC,1583294596529,2020-03-04T04:03:16.529Z,sell,7.156e-05,282.0,0.02017992
NEBL/BTC,1583294766793,2020-03-04T04:06:06.793Z,buy,7.156e-05,68.0,0.00486608
NEBL/BTC,1583296285812,2020-03-04T04:31:25.812Z,buy,7.156e-05,32.0,0.00228992
NEBL/BTC,1583296590181,2020-03-04T04:36:30.181Z,buy,7.156e-05,7.0,0.00050092
NEBL/BTC,1583297063039,2020-03-04T04:44:23.039Z,buy,7.156e-05,139.0,0.00994684
NEBL/BTC,1583297063039,2020-03-04T04:44:23.039Z,buy,7.156e-05,139.0,0.00994684
NEBL/BTC,1583301355317,2020-03-04T05:55:55.317Z,buy,7.194e-05,2.0,0.00014388
NEBL/BTC,1583301502813,2020-03-04T05:58:22.813Z,buy,7.169e-05,75.0,0.00537675
NEBL/BTC,1583301533840,2020-03-04T05:58:53.840Z,sell,7.17e-05,48.0,0.0034415999999999
NEBL/BTC,1583301534625,2020-03-04T05:58:54.625Z,sell,7.17e-05,48.0,0.0034415999999999
NEBL/BTC,1583301535406,2020-03-04T05:58:55.406Z,sell,7.17e-05,43.0,0.0030830999999999
NEBL/BTC,1583301562664,2020-03-04T05:59:22.664Z,sell,7.167e-05,95.0,0.0068086499999999
NEBL/BTC,1583301562664,2020-03-04T05:59:22.664Z,sell,7.164e-05,57.0,0.00408348
NEBL/BTC,1583301651852,2020-03-04T06:00:51.852Z,buy,7.17e-05,2.0,0.0001434
NEBL/BTC,1583301651852,2020-03-04T06:00:51.852Z,buy,7.17e-05,2.0,0.0001434
NEBL/BTC,1583302085702,2020-03-04T06:08:05.702Z,buy,7.189e-05,159.0,0.01143051
NEBL/BTC,1583302086405,2020-03-04T06:08:06.405Z,buy,7.195e-05,125.0,0.00899375
NEBL/BTC,1583302254366,2020-03-04T06:10:54.366Z,sell,7.173e-05,158.0,0.01133334
NEBL/BTC,1583302254371,2020-03-04T06:10:54.371Z,buy,7.17e-05,1340.0,0.096078
NEBL/BTC,1583302451427,2020-03-04T06:14:11.427Z,sell,7.172e-05,382.0,0.0273970399999999
NEBL/BTC,1583302451459,2020-03-04T06:14:11.459Z,buy,7.17e-05,73.0,0.0052340999999999
NEBL/BTC,1583302451459,2020-03-04T06:14:11.459Z,buy,7.17e-05,73.0,0.0052340999999999
NEBL/BTC,1583302451459,2020-03-04T06:14:11.459Z,buy,7.17e-05,73.0,0.0052340999999999
NEBL/BTC,1583302451459,2020-03-04T06:14:11.459Z,buy,7.17e-05,73.0,0.0052340999999999
NEBL/BTC,1583302451459,2020-03-04T06:14:11.459Z,buy,7.17e-05,73.0,0.0052340999999999
NEBL/BTC,1583302451459,2020-03-04T06:14:11.459Z,buy,7.17e-05,73.0,0.0052340999999999
NEBL/BTC,1583302451459,2020-03-04T06:14:11.459Z,buy,7.17e-05,73.0,0.0052340999999999
NEBL/BTC,1583302451460,2020-03-04T06:14:11.460Z,buy,7.17e-05,73.0,0.0052340999999999
NEBL/BTC,1583302451460,2020-03-04T06:14:11.460Z,buy,7.17e-05,73.0,0.0052340999999999
NEBL/BTC,1583302451461,2020-03-04T06:14:11.461Z,buy,7.17e-05,73.0,0.0052340999999999
NEBL/BTC,1583302451461,2020-03-04T06:14:11.461Z,buy,7.17e-05,73.0,0.0052340999999999
NEBL/BTC,1583302451461,2020-03-04T06:14:11.461Z,buy,7.17e-05,73.0,0.0052340999999999
NEBL/BTC,1583302451462,2020-03-04T06:14:11.462Z,buy,7.17e-05,73.0,0.0052340999999999
NEBL/BTC,1583302451463,2020-03-04T06:14:11.463Z,buy,7.17e-05,73.0,0.0052340999999999
NEBL/BTC,1583302451463,2020-03-04T06:14:11.463Z,buy,7.17e-05,73.0,0.0052340999999999
NEBL/BTC,1583302451463,2020-03-04T06:14:11.463Z,buy,7.17e-05,73.0,0.0052340999999999
NEBL/BTC,1583302451464,2020-03-04T06:14:11.464Z,buy,7.17e-05,73.0,0.0052340999999999
NEBL/BTC,1583302451464,2020-03-04T06:14:11.464Z,buy,7.17e-05,73.0,0.0052340999999999
NEBL/BTC,1583302451464,2020-03-04T06:14:11.464Z,buy,7.17e-05,40.0,0.002868
NEBL/BTC,1583302451464,2020-03-04T06:14:11.464Z,buy,7.17e-05,73.0,0.0052340999999999
NEBL/BTC,1583302451464,2020-03-04T06:14:11.464Z,buy,7.17e-05,73.0,0.0052340999999999
NEBL/BTC,1583302451465,2020-03-04T06:14:11.465Z,buy,7.17e-05,73.0,0.0052340999999999
NEBL/BTC,1583302451465,2020-03-04T06:14:11.465Z,buy,7.17e-05,73.0,0.0052340999999999
NEBL/BTC,1583302451466,2020-03-04T06:14:11.466Z,buy,7.17e-05,73.0,0.0052340999999999
NEBL/BTC,1583302451466,2020-03-04T06:14:11.466Z,buy,7.17e-05,73.0,0.0052340999999999
NEBL/BTC,1583302451466,2020-03-04T06:14:11.466Z,buy,7.17e-05,73.0,0.0052340999999999
NEBL/BTC,1583302451467,2020-03-04T06:14:11.467Z,buy,7.17e-05,73.0,0.0052340999999999
NEBL/BTC,1583302451467,2020-03-04T06:14:11.467Z,buy,7.17e-05,73.0,0.0052340999999999
NEBL/BTC,1583302451467,2020-03-04T06:14:11.467Z,buy,7.17e-05,73.0,0.0052340999999999
NEBL/BTC,1583302451469,2020-03-04T06:14:11.469Z,buy,7.17e-05,73.0,0.0052340999999999
NEBL/BTC,1583302451471,2020-03-04T06:14:11.471Z,buy,7.17e-05,73.0,0.0052340999999999
NEBL/BTC,1583302451491,2020-03-04T06:14:11.491Z,buy,7.17e-05,7.0,0.0005019
NEBL/BTC,1583302451495,2020-03-04T06:14:11.495Z,buy,7.17e-05,160.0,0.011472
NEBL/BTC,1583302498596,2020-03-04T06:14:58.596Z,sell,7.164e-05,508.0,0.03639312
NEBL/BTC,1583302498596,2020-03-04T06:14:58.596Z,sell,7.16e-05,154.0,0.0110264
NEBL/BTC,1583302527533,2020-03-04T06:15:27.533Z,sell,7.153e-05,424.0,0.03032872
NEBL/BTC,1583302527533,2020-03-04T06:15:27.533Z,sell,7.15e-05,2.0,0.000143
NEBL/BTC,1583302527533,2020-03-04T06:15:27.533Z,sell,7.146e-05,108.0,0.0077176799999999
NEBL/BTC,1583302527533,2020-03-04T06:15:27.533Z,sell,7.142e-05,2.0,0.00014284
NEBL/BTC,1583302527533,2020-03-04T06:15:27.533Z,sell,7.136e-05,4.0,0.00028544
NEBL/BTC,1583302527533,2020-03-04T06:15:27.533Z,sell,7.135e-05,155.0,0.01105925
NEBL/BTC,1583302527533,2020-03-04T06:15:27.533Z,sell,7.131e-05,630.0,0.0449253
NEBL/BTC,1583302527533,2020-03-04T06:15:27.533Z,sell,7.13e-05,10.0,0.000713
NEBL/BTC,1583302527543,2020-03-04T06:15:27.543Z,buy,7.13e-05,158.0,0.0112654
NEBL/BTC,1583302527576,2020-03-04T06:15:27.576Z,buy,7.13e-05,11.0,0.0007842999999999
NEBL/BTC,1583302527609,2020-03-04T06:15:27.609Z,buy,7.13e-05,497.0,0.0354361
NEBL/BTC,1583302527843,2020-03-04T06:15:27.843Z,sell,7.129e-05,12.0,0.00085548
NEBL/BTC,1583302527843,2020-03-04T06:15:27.843Z,sell,7.126e-05,2.0,0.00014252
NEBL/BTC,1583302527843,2020-03-04T06:15:27.843Z,sell,7.123e-05,178.0,0.01267894
NEBL/BTC,1583302527843,2020-03-04T06:15:27.843Z,sell,7.121e-05,114.0,0.00811794
NEBL/BTC,1583302527843,2020-03-04T06:15:27.843Z,sell,7.12e-05,4.0,0.0002848
NEBL/BTC,1583302623598,2020-03-04T06:17:03.598Z,sell,7.132e-05,258.0,0.01840056
NEBL/BTC,1583302623598,2020-03-04T06:17:03.598Z,sell,7.131e-05,842.0,0.06004302
NEBL/BTC,1583302623598,2020-03-04T06:17:03.598Z,sell,7.127e-05,212.0,0.01510924
NEBL/BTC,1583302623598,2020-03-04T06:17:03.598Z,sell,7.125e-05,43.0,0.00306375
NEBL/BTC,1583302623598,2020-03-04T06:17:03.598Z,sell,7.124e-05,835.0,0.0594854
NEBL/BTC,1583302623598,2020-03-04T06:17:03.598Z,sell,7.12e-05,7.0,0.0004984
NEBL/BTC,1583302623607,2020-03-04T06:17:03.607Z,buy,7.12e-05,817.0,0.0581704
NEBL/BTC,1583302797728,2020-03-04T06:19:57.728Z,sell,7.134e-05,7.0,0.00049938
NEBL/BTC,1583302797728,2020-03-04T06:19:57.728Z,sell,7.131e-05,56.0,0.00399336
NEBL/BTC,1583302797728,2020-03-04T06:19:57.728Z,sell,7.12e-05,2.0,0.0001424
NEBL/BTC,1583302821683,2020-03-04T06:20:21.683Z,buy,7.12e-05,7.0,0.0004984
NEBL/BTC,1583303029515,2020-03-04T06:23:49.515Z,buy,7.12e-05,161.0,0.0114632
NEBL/BTC,1583303029520,2020-03-04T06:23:49.520Z,buy,7.12e-05,479.0,0.0341048
NEBL/BTC,1583303602604,2020-03-04T06:33:22.604Z,sell,7.158e-05,28.0,0.00200424
NEBL/BTC,1583303671812,2020-03-04T06:34:31.812Z,buy,7.158e-05,43.0,0.00307794
NEBL/BTC,1583304003078,2020-03-04T06:40:03.078Z,sell,7.117e-05,3.0,0.0002135099999999
NEBL/BTC,1583304003078,2020-03-04T06:40:03.078Z,sell,7.114e-05,15.0,0.0010671
NEBL/BTC,1583304003078,2020-03-04T06:40:03.078Z,sell,7.11e-05,57.0,0.0040526999999999
NEBL/BTC,1583304003078,2020-03-04T06:40:03.078Z,sell,7.117e-05,3.0,0.0002135099999999
NEBL/BTC,1583304003078,2020-03-04T06:40:03.078Z,sell,7.114e-05,15.0,0.0010671
NEBL/BTC,1583304003078,2020-03-04T06:40:03.078Z,sell,7.11e-05,57.0,0.0040526999999999
NEBL/BTC,1583306465424,2020-03-04T07:21:05.424Z,buy,7.157e-05,4.0,0.00028628
NEBL/BTC,1583306465424,2020-03-04T07:21:05.424Z,buy,7.157e-05,3.0,0.0002147099999999
NEBL/BTC,1583306525024,2020-03-04T07:22:05.024Z,buy,7.157e-05,13.0,0.0009304099999999
NEBL/BTC,1583306731406,2020-03-04T07:25:31.406Z,buy,7.157e-05,7.0,0.00050099
NEBL/BTC,1583307004065,2020-03-04T07:30:04.065Z,buy,7.157e-05,224.0,0.01603168
NEBL/BTC,1583307004065,2020-03-04T07:30:04.065Z,buy,7.163e-05,45.0,0.00322335
NEBL/BTC,1583307004065,2020-03-04T07:30:04.065Z,buy,7.164e-05,629.0,0.04506156
NEBL/BTC,1583307004065,2020-03-04T07:30:04.065Z,buy,7.166e-05,3.0,0.00021498
NEBL/BTC,1583307004065,2020-03-04T07:30:04.065Z,buy,7.169e-05,96.0,0.0068822399999999
NEBL/BTC,1583307004065,2020-03-04T07:30:04.065Z,buy,7.17e-05,212.0,0.0152004
NEBL/BTC,1583307004065,2020-03-04T07:30:04.065Z,buy,7.175e-05,4.0,0.000287
NEBL/BTC,1583307004065,2020-03-04T07:30:04.065Z,buy,7.181e-05,12.0,0.00086172
NEBL/BTC,1583307004065,2020-03-04T07:30:04.065Z,buy,7.185e-05,208.0,0.0149448
NEBL/BTC,1583307004065,2020-03-04T07:30:04.065Z,buy,7.191e-05,633.0,0.0455190299999999
NEBL/BTC,1583307004065,2020-03-04T07:30:04.065Z,buy,7.192e-05,898.0,0.06458416
NEBL/BTC,1583307004065,2020-03-04T07:30:04.065Z,buy,7.196e-05,2.0,0.00014392
NEBL/BTC,1583307004065,2020-03-04T07:30:04.065Z,buy,7.2e-05,21.0,0.001512
NEBL/BTC,1583307004065,2020-03-04T07:30:04.065Z,buy,7.209e-05,321.0,0.0231408899999999
NEBL/BTC,1583307004065,2020-03-04T07:30:04.065Z,buy,7.214e-05,98.0,0.00706972
NEBL/BTC,1583307004065,2020-03-04T07:30:04.065Z,buy,7.22e-05,2.0,0.0001444
NEBL/BTC,1583307004065,2020-03-04T07:30:04.065Z,buy,7.221e-05,396.0,0.02859516
NEBL/BTC,1583307004065,2020-03-04T07:30:04.065Z,buy,7.223e-05,24.0,0.00173352
NEBL/BTC,1583307004065,2020-03-04T07:30:04.065Z,buy,7.226e-05,14.0,0.00101164
NEBL/BTC,1583307004065,2020-03-04T07:30:04.065Z,buy,7.228e-05,133.0,0.00961324
NEBL/BTC,1583307004065,2020-03-04T07:30:04.065Z,buy,7.229e-05,264.0,0.01908456
NEBL/BTC,1583307004065,2020-03-04T07:30:04.065Z,buy,7.232e-05,12.0,0.0008678399999999
NEBL/BTC,1583307004065,2020-03-04T07:30:04.065Z,buy,7.236e-05,301.0,0.02178036
NEBL/BTC,1583307004065,2020-03-04T07:30:04.065Z,buy,7.24e-05,35.0,0.002534
NEBL/BTC,1583307004065,2020-03-04T07:30:04.065Z,buy,7.241e-05,4.0,0.00028964
NEBL/BTC,1583307004065,2020-03-04T07:30:04.065Z,buy,7.242e-05,12.0,0.00086904
NEBL/BTC,1583307004065,2020-03-04T07:30:04.065Z,buy,7.243e-05,2.0,0.00014486
NEBL/BTC,1583307004065,2020-03-04T07:30:04.065Z,buy,7.245e-05,2.0,0.0001449
NEBL/BTC,1583307004065,2020-03-04T07:30:04.065Z,buy,7.247e-05,2.0,0.00014494
NEBL/BTC,1583307004065,2020-03-04T07:30:04.065Z,buy,7.248e-05,1.0,7.248e-05
NEBL/BTC,1583307004065,2020-03-04T07:30:04.065Z,buy,7.249e-05,2.0,0.00014498
NEBL/BTC,1583307004065,2020-03-04T07:30:04.065Z,buy,7.25e-05,5.0,0.0003625
NEBL/BTC,1583307004065,2020-03-04T07:30:04.065Z,buy,7.251e-05,2.0,0.00014502
NEBL/BTC,1583307004065,2020-03-04T07:30:04.065Z,buy,7.252e-05,10.0,0.0007252
NEBL/BTC,1583307004065,2020-03-04T07:30:04.065Z,buy,7.253e-05,6.0,0.0004351799999999
NEBL/BTC,1583307004065,2020-03-04T07:30:04.065Z,buy,7.255e-05,13.0,0.00094315
NEBL/BTC,1583307004065,2020-03-04T07:30:04.065Z,buy,7.257e-05,2.0,0.00014514
NEBL/BTC,1583307004065,2020-03-04T07:30:04.065Z,buy,7.259e-05,2.0,0.00014518
NEBL/BTC,1583307004065,2020-03-04T07:30:04.065Z,buy,7.26e-05,10.0,0.000726
NEBL/BTC,1583307004065,2020-03-04T07:30:04.065Z,buy,7.261e-05,2.0,0.00014522
NEBL/BTC,1583307004065,2020-03-04T07:30:04.065Z,buy,7.262e-05,104.0,0.00755248
NEBL/BTC,1583307004065,2020-03-04T07:30:04.065Z,buy,7.263e-05,2.0,0.00014526
NEBL/BTC,1583307004065,2020-03-04T07:30:04.065Z,buy,7.265e-05,5.0,0.00036325
NEBL/BTC,1583307004065,2020-03-04T07:30:04.065Z,buy,7.268e-05,111.0,0.00806748
NEBL/BTC,1583307004065,2020-03-04T07:30:04.065Z,buy,7.269e-05,2.0,0.00014538
NEBL/BTC,1583307004065,2020-03-04T07:30:04.065Z,buy,7.27e-05,10.0,0.000727
NEBL/BTC,1583307004065,2020-03-04T07:30:04.065Z,buy,7.271e-05,2.0,0.00014542
NEBL/BTC,1583307004065,2020-03-04T07:30:04.065Z,buy,7.277e-05,112.0,0.00815024
NEBL/BTC,1583307004564,2020-03-04T07:30:04.564Z,buy,7.23e-05,510.0,0.0368729999999999
NEBL/BTC,1583307005898,2020-03-04T07:30:05.898Z,sell,7.214e-05,4.0,0.00028856
NEBL/BTC,1583307107506,2020-03-04T07:31:47.506Z,buy,7.229e-05,238.0,0.01720502
NEBL/BTC,1583307107506,2020-03-04T07:31:47.506Z,buy,7.23e-05,2597.0,0.1877631
NEBL/BTC,1583307107522,2020-03-04T07:31:47.522Z,sell,7.23e-05,58.0,0.0041934
NEBL/BTC,1583307107531,2020-03-04T07:31:47.531Z,sell,7.23e-05,31.0,0.0022413
NEBL/BTC,1583307107613,2020-03-04T07:31:47.613Z,sell,7.23e-05,10.0,0.0007229999999999
NEBL/BTC,1583307248531,2020-03-04T07:34:08.531Z,sell,7.232e-05,2.0,0.00014464
NEBL/BTC,1583307285587,2020-03-04T07:34:45.587Z,sell,7.232e-05,19.0,0.00137408
NEBL/BTC,1583307331412,2020-03-04T07:35:31.412Z,buy,7.253e-05,4.0,0.00029012
NEBL/BTC,1583307331412,2020-03-04T07:35:31.412Z,buy,7.279e-05,341.0,0.02482139
NEBL/BTC,1583307331412,2020-03-04T07:35:31.412Z,buy,7.253e-05,4.0,0.00029012
NEBL/BTC,1583307331412,2020-03-04T07:35:31.412Z,buy,7.279e-05,341.0,0.02482139
NEBL/BTC,1583307694316,2020-03-04T07:41:34.316Z,sell,7.232e-05,12.0,0.0008678399999999
NEBL/BTC,1583307703495,2020-03-04T07:41:43.495Z,buy,7.277e-05,49.0,0.0035657299999999
NEBL/BTC,1583307703495,2020-03-04T07:41:43.495Z,buy,7.278e-05,21.0,0.00152838
NEBL/BTC,1583307703495,2020-03-04T07:41:43.495Z,buy,7.279e-05,42.0,0.00305718
NEBL/BTC,1583307703495,2020-03-04T07:41:43.495Z,buy,7.28e-05,41.0,0.0029847999999999
NEBL/BTC,1583307703495,2020-03-04T07:41:43.495Z,buy,7.283e-05,12.0,0.00087396
NEBL/BTC,1583307703495,2020-03-04T07:41:43.495Z,buy,7.287e-05,2.0,0.00014574
NEBL/BTC,1583307703495,2020-03-04T07:41:43.495Z,buy,7.292e-05,4.0,0.00029168
NEBL/BTC,1583307703495,2020-03-04T07:41:43.495Z,buy,7.294e-05,96.0,0.00700224
NEBL/BTC,1583307703495,2020-03-04T07:41:43.495Z,buy,7.295e-05,459.0,0.03348405
NEBL/BTC,1583307703495,2020-03-04T07:41:43.495Z,buy,7.296e-05,329.0,0.02400384
NEBL/BTC,1583307703495,2020-03-04T07:41:43.495Z,buy,7.299e-05,15.0,0.00109485
NEBL/BTC,1583307703495,2020-03-04T07:41:43.495Z,buy,7.3e-05,18.0,0.001314
NEBL/BTC,1583307703495,2020-03-04T07:41:43.495Z,buy,7.308e-05,92.0,0.0067233599999999
NEBL/BTC,1583307703495,2020-03-04T07:41:43.495Z,buy,7.31e-05,11.0,0.0008041
NEBL/BTC,1583307703495,2020-03-04T07:41:43.495Z,buy,7.311e-05,26.0,0.0019008599999999
NEBL/BTC,1583307703495,2020-03-04T07:41:43.495Z,buy,7.312e-05,20.0,0.0014624
NEBL/BTC,1583307703495,2020-03-04T07:41:43.495Z,buy,7.314e-05,2.0,0.00014628
NEBL/BTC,1583307703495,2020-03-04T07:41:43.495Z,buy,7.315e-05,2.0,0.0001463
NEBL/BTC,1583307703495,2020-03-04T07:41:43.495Z,buy,7.324e-05,257.0,0.0188226799999999
NEBL/BTC,1583307705633,2020-03-04T07:41:45.633Z,buy,7.288e-05,3.0,0.0002186399999999
NEBL/BTC,1583307710634,2020-03-04T07:41:50.634Z,sell,7.271e-05,2.0,0.00014542
NEBL/BTC,1583307713274,2020-03-04T07:41:53.274Z,sell,7.27e-05,2.0,0.0001454
NEBL/BTC,1583307727878,2020-03-04T07:42:07.878Z,sell,7.267e-05,2.0,0.00014534
NEBL/BTC,1583307727878,2020-03-04T07:42:07.878Z,sell,7.253e-05,2.0,0.00014506
NEBL/BTC,1583307771250,2020-03-04T07:42:51.250Z,buy,7.257e-05,2.0,0.00014514
NEBL/BTC,1583308015779,2020-03-04T07:46:55.779Z,sell,7.253e-05,2.0,0.00014506
NEBL/BTC,1583308015779,2020-03-04T07:46:55.779Z,sell,7.242e-05,135.0,0.0097767
NEBL/BTC,1583308015787,2020-03-04T07:46:55.787Z,sell,7.241e-05,209.0,0.01513369
NEBL/BTC,1583308200662,2020-03-04T07:50:00.662Z,sell,7.232e-05,2.0,0.00014464
NEBL/BTC,1583308281360,2020-03-04T07:51:21.360Z,buy,7.256e-05,69.0,0.00500664
NEBL/BTC,1583308487357,2020-03-04T07:54:47.357Z,buy,7.237e-05,26.0,0.00188162
NEBL/BTC,1583308487357,2020-03-04T07:54:47.357Z,buy,7.287e-05,2.0,0.00014574
NEBL/BTC,1583308487357,2020-03-04T07:54:47.357Z,buy,7.288e-05,13.0,0.0009474399999999
NEBL/BTC,1583308487357,2020-03-04T07:54:47.357Z,buy,7.291e-05,53.0,0.00386423
NEBL/BTC,1583308487357,2020-03-04T07:54:47.357Z,buy,7.292e-05,216.0,0.01575072
NEBL/BTC,1583308492048,2020-03-04T07:54:52.048Z,sell,7.253e-05,2.0,0.00014506
NEBL/BTC,1583308669758,2020-03-04T07:57:49.758Z,sell,7.253e-05,2.0,0.00014506
NEBL/BTC,1583308669758,2020-03-04T07:57:49.758Z,sell,7.241e-05,2.0,0.00014482
NEBL/BTC,1583308727396,2020-03-04T07:58:47.396Z,buy,7.284e-05,371.0,0.02702364
NEBL/BTC,1583309067960,2020-03-04T08:04:27.960Z,buy,7.284e-05,2.0,0.00014568
NEBL/BTC,1583309228301,2020-03-04T08:07:08.301Z,buy,7.284e-05,5.0,0.0003642
NEBL/BTC,1583309429992,2020-03-04T08:10:29.992Z,buy,7.283e-05,13.0,0.00094679
NEBL/BTC,1583309622102,2020-03-04T08:13:42.102Z,sell,7.233e-05,87.0,0.0062927099999999
NEBL/BTC,1583309622102,2020-03-04T08:13:42.102Z,sell,7.232e-05,169.0,0.01222208
NEBL/BTC,1583309622102,2020-03-04T08:13:42.102Z,sell,7.226e-05,12.0,0.00086712
NEBL/BTC,1583309622102,2020-03-04T08:13:42.102Z,sell,7.224e-05,92.0,0.00664608
NEBL/BTC,1583309622102,2020-03-04T08:13:42.102Z,sell,7.223e-05,24.0,0.00173352
NEBL/BTC,1583309622102,2020-03-04T08:13:42.102Z,sell,7.214e-05,4.0,0.00028856
NEBL/BTC,1583309622102,2020-03-04T08:13:42.102Z,sell,7.211e-05,2.0,0.00014422
NEBL/BTC,1583309622102,2020-03-04T08:13:42.102Z,sell,7.21e-05,96.0,0.0069216
NEBL/BTC,1583309622102,2020-03-04T08:13:42.102Z,sell,7.209e-05,288.0,0.02076192
NEBL/BTC,1583309622102,2020-03-04T08:13:42.102Z,sell,7.206e-05,324.0,0.02334744
NEBL/BTC,1583309622102,2020-03-04T08:13:42.102Z,sell,7.2e-05,100.0,0.0072
NEBL/BTC,1583309622102,2020-03-04T08:13:42.102Z,sell,7.196e-05,632.0,0.04547872
NEBL/BTC,1583309622102,2020-03-04T08:13:42.102Z,sell,7.192e-05,41.0,0.00294872
NEBL/BTC,1583309622102,2020-03-04T08:13:42.102Z,sell,7.184e-05,3.0,0.00021552
NEBL/BTC,1583309622102,2020-03-04T08:13:42.102Z,sell,7.182e-05,29.0,0.00208278
NEBL/BTC,1583309622102,2020-03-04T08:13:42.102Z,sell,7.181e-05,12.0,0.00086172
NEBL/BTC,1583309622102,2020-03-04T08:13:42.102Z,sell,7.18e-05,2.0,0.0001436
NEBL/BTC,1583309622102,2020-03-04T08:13:42.102Z,sell,7.177e-05,4872.0,0.34966344
NEBL/BTC,1583309622102,2020-03-04T08:13:42.102Z,sell,7.176e-05,73.0,0.00523848
NEBL/BTC,1583309622102,2020-03-04T08:13:42.102Z,sell,7.175e-05,4.0,0.000287
NEBL/BTC,1583309622102,2020-03-04T08:13:42.102Z,sell,7.166e-05,278.0,0.01992148
NEBL/BTC,1583309622102,2020-03-04T08:13:42.102Z,sell,7.163e-05,106.0,0.00759278
NEBL/BTC,1583309622102,2020-03-04T08:13:42.102Z,sell,7.161e-05,63.0,0.00451143
NEBL/BTC,1583309622102,2020-03-04T08:13:42.102Z,sell,7.156e-05,53.0,0.00379268
NEBL/BTC,1583309622102,2020-03-04T08:13:42.102Z,sell,7.15e-05,2.0,0.000143
NEBL/BTC,1583309622102,2020-03-04T08:13:42.102Z,sell,7.149e-05,103.0,0.0073634699999999
NEBL/BTC,1583309622102,2020-03-04T08:13:42.102Z,sell,7.141e-05,2.0,0.00014282
NEBL/BTC,1583309622102,2020-03-04T08:13:42.102Z,sell,7.138e-05,210.0,0.0149898
NEBL/BTC,1583309622102,2020-03-04T08:13:42.102Z,sell,7.136e-05,4.0,0.00028544
NEBL/BTC,1583309622102,2020-03-04T08:13:42.102Z,sell,7.133e-05,18.0,0.00128394
NEBL/BTC,1583309622102,2020-03-04T08:13:42.102Z,sell,7.129e-05,12.0,0.00085548
NEBL/BTC,1583309622102,2020-03-04T08:13:42.102Z,sell,7.125e-05,2.0,0.0001425
NEBL/BTC,1583309622102,2020-03-04T08:13:42.102Z,sell,7.123e-05,3.0,0.00021369
NEBL/BTC,1583309622102,2020-03-04T08:13:42.102Z,sell,7.121e-05,120.0,0.0085452
NEBL/BTC,1583309622102,2020-03-04T08:13:42.102Z,sell,7.119e-05,236.0,0.01680084
NEBL/BTC,1583309622102,2020-03-04T08:13:42.102Z,sell,7.118e-05,2.0,0.00014236
NEBL/BTC,1583309622102,2020-03-04T08:13:42.102Z,sell,7.117e-05,36.0,0.0025621199999999
NEBL/BTC,1583309622102,2020-03-04T08:13:42.102Z,sell,7.11e-05,55.0,0.0039105
NEBL/BTC,1583309622102,2020-03-04T08:13:42.102Z,sell,7.108e-05,10.0,0.0007108
NEBL/BTC,1583309622102,2020-03-04T08:13:42.102Z,sell,7.105e-05,2.0,0.0001421
NEBL/BTC,1583309622102,2020-03-04T08:13:42.102Z,sell,7.104e-05,531.0,0.03772224
NEBL/BTC,1583309622102,2020-03-04T08:13:42.102Z,sell,7.103e-05,23.0,0.00163369
NEBL/BTC,1583309622102,2020-03-04T08:13:42.102Z,sell,7.1e-05,234.0,0.016614
NEBL/BTC,1583309622102,2020-03-04T08:13:42.102Z,sell,7.098e-05,326.0,0.02313948
NEBL/BTC,1583309622128,2020-03-04T08:13:42.128Z,buy,7.1e-05,357.0,0.025347
NEBL/BTC,1583309622128,2020-03-04T08:13:42.128Z,buy,7.1e-05,357.0,0.025347
NEBL/BTC,1583309622128,2020-03-04T08:13:42.128Z,buy,7.1e-05,1.0,7.1e-05
NEBL/BTC,1583309622157,2020-03-04T08:13:42.157Z,sell,7.131e-05,169.0,0.01205139
NEBL/BTC,1583309622602,2020-03-04T08:13:42.602Z,sell,7.159e-05,63.0,0.00451017
NEBL/BTC,1583309622602,2020-03-04T08:13:42.602Z,sell,7.125e-05,1187.0,0.08457375
NEBL/BTC,1583309623169,2020-03-04T08:13:43.169Z,sell,7.126e-05,297.0,0.02116422
NEBL/BTC,1583309624264,2020-03-04T08:13:44.264Z,buy,7.15e-05,2.0,0.000143
NEBL/BTC,1583309624264,2020-03-04T08:13:44.264Z,buy,7.175e-05,74.0,0.0053095
NEBL/BTC,1583309624264,2020-03-04T08:13:44.264Z,buy,7.181e-05,1.0,7.181e-05
NEBL/BTC,1583309643075,2020-03-04T08:14:03.075Z,buy,7.164e-05,18.0,0.00128952
NEBL/BTC,1583309643075,2020-03-04T08:14:03.075Z,buy,7.166e-05,3.0,0.00021498
NEBL/BTC,1583309643075,2020-03-04T08:14:03.075Z,buy,7.168e-05,2.0,0.00014336
NEBL/BTC,1583309643075,2020-03-04T08:14:03.075Z,buy,7.176e-05,27.0,0.00193752
NEBL/BTC,1583309643075,2020-03-04T08:14:03.075Z,buy,7.181e-05,6.0,0.00043086
NEBL/BTC,1583309643781,2020-03-04T08:14:03.781Z,buy,7.181e-05,55.0,0.00394955
NEBL/BTC,1583309644298,2020-03-04T08:14:04.298Z,buy,7.181e-05,55.0,0.00394955
NEBL/BTC,1583309652701,2020-03-04T08:14:12.701Z,buy,7.181e-05,122.0,0.00876082
NEBL/BTC,1583309652701,2020-03-04T08:14:12.701Z,buy,7.184e-05,2.0,0.00014368
NEBL/BTC,1583309653299,2020-03-04T08:14:13.299Z,sell,7.185e-05,188.0,0.0135078
NEBL/BTC,1583309654758,2020-03-04T08:14:14.758Z,sell,7.192e-05,154.0,0.01107568
NEBL/BTC,1583309655299,2020-03-04T08:14:15.299Z,buy,7.183e-05,82.0,0.00589006
NEBL/BTC,1583309656304,2020-03-04T08:14:16.304Z,sell,7.192e-05,128.0,0.00920576
NEBL/BTC,1583309661614,2020-03-04T08:14:21.614Z,buy,7.196e-05,2.0,0.00014392
NEBL/BTC,1583309661614,2020-03-04T08:14:21.614Z,buy,7.197e-05,25.0,0.00179925
NEBL/BTC,1583309684260,2020-03-04T08:14:44.260Z,sell,7.192e-05,81.0,0.00582552
NEBL/BTC,1583309684260,2020-03-04T08:14:44.260Z,sell,7.188e-05,205.0,0.0147354
NEBL/BTC,1583309684260,2020-03-04T08:14:44.260Z,sell,7.185e-05,541.0,0.03887085
NEBL/BTC,1583309703241,2020-03-04T08:15:03.241Z,buy,7.178e-05,19.0,0.00136382
NEBL/BTC,1583309783858,2020-03-04T08:16:23.858Z,sell,7.15e-05,2.0,0.000143
NEBL/BTC,1583309783872,2020-03-04T08:16:23.872Z,buy,7.15e-05,24.0,0.001716
NEBL/BTC,1583310187997,2020-03-04T08:23:07.997Z,buy,7.159e-05,38.0,0.00272042
NEBL/BTC,1583310259088,2020-03-04T08:24:19.088Z,sell,7.16e-05,4.0,0.0002864
NEBL/BTC,1583310324455,2020-03-04T08:25:24.455Z,sell,7.16e-05,148.0,0.0105968
NEBL/BTC,1583310517450,2020-03-04T08:28:37.450Z,buy,7.163e-05,5.0,0.00035815
NEBL/BTC,1583310531301,2020-03-04T08:28:51.301Z,buy,7.163e-05,6.0,0.00042978
NEBL/BTC,1583310544224,2020-03-04T08:29:04.224Z,buy,7.163e-05,30.0,0.0021489
NEBL/BTC,1583310599529,2020-03-04T08:29:59.529Z,buy,7.169e-05,1.0,7.169e-05
NEBL/BTC,1583310629443,2020-03-04T08:30:29.443Z,sell,7.163e-05,10.0,0.0007163
NEBL/BTC,1583310644701,2020-03-04T08:30:44.701Z,buy,7.163e-05,142.0,0.01017146
NEBL/BTC,1583310644701,2020-03-04T08:30:44.701Z,buy,7.163e-05,142.0,0.01017146
NEBL/BTC,1583311081829,2020-03-04T08:38:01.829Z,sell,7.169e-05,5.0,0.00035845
NEBL/BTC,1583311089003,2020-03-04T08:38:09.003Z,sell,7.169e-05,7.0,0.00050183
NEBL/BTC,1583311138802,2020-03-04T08:38:58.802Z,sell,7.169e-05,100.0,0.007169
NEBL/BTC,1583311303655,2020-03-04T08:41:43.655Z,buy,7.178e-05,254.0,0.0182321199999999
NEBL/BTC,1583311303655,2020-03-04T08:41:43.655Z,buy,7.184e-05,10.0,0.0007184
NEBL/BTC,1583311303655,2020-03-04T08:41:43.655Z,buy,7.187e-05,52.0,0.00373724
NEBL/BTC,1583311303655,2020-03-04T08:41:43.655Z,buy,7.189e-05,112.0,0.00805168
NEBL/BTC,1583311303655,2020-03-04T08:41:43.655Z,buy,7.19e-05,63.0,0.0045297
NEBL/BTC,1583311303655,2020-03-04T08:41:43.655Z,buy,7.192e-05,41.0,0.00294872
NEBL/BTC,1583311303655,2020-03-04T08:41:43.655Z,buy,7.195e-05,63.0,0.00453285
NEBL/BTC,1583311303655,2020-03-04T08:41:43.655Z,buy,7.196e-05,2.0,0.00014392
NEBL/BTC,1583311303655,2020-03-04T08:41:43.655Z,buy,7.199e-05,21.0,0.0015117899999999
NEBL/BTC,1583311303655,2020-03-04T08:41:43.655Z,buy,7.2e-05,19.0,0.001368
NEBL/BTC,1583311303655,2020-03-04T08:41:43.655Z,buy,7.206e-05,161.0,0.01160166
NEBL/BTC,1583311342689,2020-03-04T08:42:22.689Z,buy,7.205e-05,128.0,0.0092224
NEBL/BTC,1583311342689,2020-03-04T08:42:22.689Z,buy,7.213e-05,210.0,0.0151473
NEBL/BTC,1583311342689,2020-03-04T08:42:22.689Z,buy,7.214e-05,4.0,0.00028856
NEBL/BTC,1583311342710,2020-03-04T08:42:22.710Z,sell,7.223e-05,207.0,0.01495161
NEBL/BTC,1583311342820,2020-03-04T08:42:22.820Z,sell,7.223e-05,104.0,0.00751192
NEBL/BTC,1583311360952,2020-03-04T08:42:40.952Z,buy,7.224e-05,10.0,0.0007224
NEBL/BTC,1583311376562,2020-03-04T08:42:56.562Z,buy,7.224e-05,10.0,0.0007224
NEBL/BTC,1583311379652,2020-03-04T08:42:59.652Z,buy,7.224e-05,16.0,0.00115584
NEBL/BTC,1583311379652,2020-03-04T08:42:59.652Z,buy,7.225e-05,835.0,0.0603287499999999
NEBL/BTC,1583311380819,2020-03-04T08:43:00.819Z,sell,7.225e-05,1.0,7.225e-05
NEBL/BTC,1583311438704,2020-03-04T08:43:58.704Z,buy,7.226e-05,14.0,0.00101164
NEBL/BTC,1583311438704,2020-03-04T08:43:58.704Z,buy,7.231e-05,87.0,0.00629097
NEBL/BTC,1583311438704,2020-03-04T08:43:58.704Z,buy,7.232e-05,42.0,0.0030374399999999
NEBL/BTC,1583311547796,2020-03-04T08:45:47.796Z,buy,7.232e-05,2.0,0.00014464
NEBL/BTC,1583311553181,2020-03-04T08:45:53.181Z,buy,7.232e-05,2.0,0.00014464
NEBL/BTC,1583311600305,2020-03-04T08:46:40.305Z,sell,7.222e-05,4.0,0.00028888
NEBL/BTC,1583311637864,2020-03-04T08:47:17.864Z,sell,7.207e-05,4.0,0.00028828
NEBL/BTC,1583311642920,2020-03-04T08:47:22.920Z,buy,7.231e-05,24.0,0.00173544
NEBL/BTC,1583311693608,2020-03-04T08:48:13.608Z,sell,7.222e-05,28.0,0.00202216
NEBL/BTC,1583311843202,2020-03-04T08:50:43.202Z,buy,7.231e-05,36.0,0.00260316
NEBL/BTC,1583311878176,2020-03-04T08:51:18.176Z,buy,7.231e-05,167.0,0.01207577
NEBL/BTC,1583311946055,2020-03-04T08:52:26.055Z,buy,7.232e-05,1.0,7.232e-05
NEBL/BTC,1583311987139,2020-03-04T08:53:07.139Z,buy,7.232e-05,170.0,0.0122944
NEBL/BTC,1583311988780,2020-03-04T08:53:08.780Z,buy,7.236e-05,3.0,0.00021708
NEBL/BTC,1583311988780,2020-03-04T08:53:08.780Z,buy,7.237e-05,6.0,0.00043422
NEBL/BTC,1583311988780,2020-03-04T08:53:08.780Z,buy,7.241e-05,2.0,0.00014482
NEBL/BTC,1583311988780,2020-03-04T08:53:08.780Z,buy,7.244e-05,60.0,0.0043464
NEBL/BTC,1583311988780,2020-03-04T08:53:08.780Z,buy,7.246e-05,149.0,0.0107965399999999
NEBL/BTC,1583311988780,2020-03-04T08:53:08.780Z,buy,7.247e-05,39.0,0.00282633
NEBL/BTC,1583312691085,2020-03-04T09:04:51.085Z,buy,7.247e-05,2.0,0.00014494
NEBL/BTC,1583313101948,2020-03-04T09:11:41.948Z,buy,7.247e-05,7.0,0.00050729
NEBL/BTC,1583313585051,2020-03-04T09:19:45.051Z,buy,7.222e-05,34.0,0.00245548
NEBL/BTC,1583313585051,2020-03-04T09:19:45.051Z,buy,7.222e-05,34.0,0.00245548
NEBL/BTC,1583321422524,2020-03-04T11:30:22.524Z,buy,7.222e-05,2.0,0.00014444
NEBL/BTC,1583321528290,2020-03-04T11:32:08.290Z,buy,7.222e-05,2.0,0.00014444
NEBL/BTC,1583321611198,2020-03-04T11:33:31.198Z,buy,7.222e-05,15.0,0.0010833
NEBL/BTC,1583321629241,2020-03-04T11:33:49.241Z,sell,7.207e-05,38.0,0.00273866
NEBL/BTC,1583321939138,2020-03-04T11:38:59.138Z,sell,7.196e-05,2.0,0.00014392
NEBL/BTC,1583321939138,2020-03-04T11:38:59.138Z,sell,7.195e-05,187.0,0.01345465
NEBL/BTC,1583321939138,2020-03-04T11:38:59.138Z,sell,7.196e-05,2.0,0.00014392
NEBL/BTC,1583321939138,2020-03-04T11:38:59.138Z,sell,7.195e-05,187.0,0.01345465
NEBL/BTC,1583321996468,2020-03-04T11:39:56.468Z,sell,7.195e-05,6.0,0.0004317
NEBL/BTC,1583322077318,2020-03-04T11:41:17.318Z,sell,7.185e-05,88.0,0.0063228
NEBL/BTC,1583322077318,2020-03-04T11:41:17.318Z,sell,7.182e-05,2.0,0.00014364
NEBL/BTC,1583322077318,2020-03-04T11:41:17.318Z,sell,7.181e-05,12.0,0.00086172
NEBL/BTC,1583322077318,2020-03-04T11:41:17.318Z,sell,7.18e-05,432.0,0.0310176
NEBL/BTC,1583322077318,2020-03-04T11:41:17.318Z,sell,7.175e-05,4.0,0.000287
NEBL/BTC,1583322077478,2020-03-04T11:41:17.478Z,sell,7.169e-05,162.0,0.01161378
NEBL/BTC,1583322077571,2020-03-04T11:41:17.571Z,sell,7.17e-05,49.0,0.0035132999999999
NEBL/BTC,1583322077671,2020-03-04T11:41:17.671Z,sell,7.169e-05,105.0,0.00752745
NEBL/BTC,1583322077782,2020-03-04T11:41:17.782Z,sell,7.169e-05,140.0,0.0100366
NEBL/BTC,1583322078890,2020-03-04T11:41:18.890Z,sell,7.169e-05,137.0,0.00982153
NEBL/BTC,1583322079040,2020-03-04T11:41:19.040Z,sell,7.169e-05,108.0,0.00774252
NEBL/BTC,1583322079156,2020-03-04T11:41:19.156Z,sell,7.169e-05,20.0,0.0014338
NEBL/BTC,1583322079387,2020-03-04T11:41:19.387Z,sell,7.169e-05,118.0,0.00845942
NEBL/BTC,1583322081354,2020-03-04T11:41:21.354Z,sell,7.156e-05,12.0,0.00085872
NEBL/BTC,1583322107675,2020-03-04T11:41:47.675Z,sell,7.151e-05,262.0,0.0187356199999999
NEBL/BTC,1583322114934,2020-03-04T11:41:54.934Z,sell,7.151e-05,3.0,0.00021453
NEBL/BTC,1583322114934,2020-03-04T11:41:54.934Z,sell,7.15e-05,2.0,0.000143
NEBL/BTC,1583322114934,2020-03-04T11:41:54.934Z,sell,7.143e-05,2.0,0.00014286
NEBL/BTC,1583322114934,2020-03-04T11:41:54.934Z,sell,7.14e-05,2.0,0.0001428
NEBL/BTC,1583322114934,2020-03-04T11:41:54.934Z,sell,7.138e-05,3.0,0.0002141399999999
NEBL/BTC,1583322114934,2020-03-04T11:41:54.934Z,sell,7.136e-05,4.0,0.00028544
NEBL/BTC,1583322114934,2020-03-04T11:41:54.934Z,sell,7.131e-05,49.0,0.00349419
NEBL/BTC,1583322130564,2020-03-04T11:42:10.564Z,buy,7.174e-05,13.0,0.00093262
NEBL/BTC,1583322154659,2020-03-04T11:42:34.659Z,buy,7.174e-05,69.0,0.00495006
NEBL/BTC,1583322319393,2020-03-04T11:45:19.393Z,buy,7.174e-05,1123.0,0.08056402
NEBL/BTC,1583322378299,2020-03-04T11:46:18.299Z,buy,7.175e-05,4.0,0.000287
NEBL/BTC,1583322378299,2020-03-04T11:46:18.299Z,buy,7.183e-05,2.0,0.00014366
NEBL/BTC,1583322378299,2020-03-04T11:46:18.299Z,buy,7.193e-05,83.0,0.00597019
NEBL/BTC,1583322426476,2020-03-04T11:47:06.476Z,sell,7.144e-05,164.0,0.01171616
NEBL/BTC,1583322498878,2020-03-04T11:48:18.878Z,buy,7.144e-05,193.0,0.0137879199999999
NEBL/BTC,1583322534601,2020-03-04T11:48:54.601Z,buy,7.144e-05,97.0,0.00692968
NEBL/BTC,1583322534715,2020-03-04T11:48:54.715Z,buy,7.144e-05,236.0,0.0168598399999999
NEBL/BTC,1583322541955,2020-03-04T11:49:01.955Z,buy,7.187e-05,27.0,0.00194049
NEBL/BTC,1583322549877,2020-03-04T11:49:09.877Z,buy,7.186e-05,73.0,0.00524578
NEBL/BTC,1583322637028,2020-03-04T11:50:37.028Z,sell,7.146e-05,28.0,0.00200088
NEBL/BTC,1583322637071,2020-03-04T11:50:37.071Z,buy,7.146e-05,106.0,0.00757476
NEBL/BTC,1583322834407,2020-03-04T11:53:54.407Z,buy,7.195e-05,27.0,0.00194265
NEBL/BTC,1583323971697,2020-03-04T12:12:51.697Z,buy,7.188e-05,5.0,0.0003593999999999
NEBL/BTC,1583323985298,2020-03-04T12:13:05.298Z,buy,7.188e-05,111.0,0.00797868
NEBL/BTC,1583323986599,2020-03-04T12:13:06.599Z,buy,7.188e-05,10.0,0.0007187999999999
NEBL/BTC,1583324046534,2020-03-04T12:14:06.534Z,buy,7.188e-05,662.0,0.04758456
NEBL/BTC,1583324193828,2020-03-04T12:16:33.828Z,buy,7.193e-05,299.0,0.02150707
NEBL/BTC,1583324201392,2020-03-04T12:16:41.392Z,sell,7.178e-05,8.0,0.00057424
NEBL/BTC,1583324201392,2020-03-04T12:16:41.392Z,sell,7.145e-05,42.0,0.0030009
NEBL/BTC,1583324555227,2020-03-04T12:22:35.227Z,sell,7.149e-05,71.0,0.0050757899999999
NEBL/BTC,1583324569506,2020-03-04T12:22:49.506Z,buy,7.189e-05,29.0,0.00208481
NEBL/BTC,1583324818975,2020-03-04T12:26:58.975Z,buy,7.181e-05,65.0,0.00466765
NEBL/BTC,1583324818975,2020-03-04T12:26:58.975Z,buy,7.182e-05,31.0,0.00222642
NEBL/BTC,1583324818975,2020-03-04T12:26:58.975Z,buy,7.181e-05,65.0,0.00466765
NEBL/BTC,1583324818975,2020-03-04T12:26:58.975Z,buy,7.182e-05,31.0,0.00222642
NEBL/BTC,1583325844456,2020-03-04T12:44:04.456Z,buy,7.182e-05,5.0,0.0003591
NEBL/BTC,1583326079766,2020-03-04T12:47:59.766Z,buy,7.182e-05,78.0,0.00560196
NEBL/BTC,1583326079766,2020-03-04T12:47:59.766Z,buy,7.187e-05,11.0,0.00079057
NEBL/BTC,1583326079766,2020-03-04T12:47:59.766Z,buy,7.188e-05,4.0,0.00028752
NEBL/BTC,1583326084168,2020-03-04T12:48:04.168Z,buy,7.182e-05,2.0,0.00014364
NEBL/BTC,1583326084168,2020-03-04T12:48:04.168Z,buy,7.188e-05,43.0,0.0030908399999999
NEBL/BTC,1583326084168,2020-03-04T12:48:04.168Z,buy,7.195e-05,4.0,0.0002878
NEBL/BTC,1583326337013,2020-03-04T12:52:17.013Z,buy,7.193e-05,2.0,0.00014386
NEBL/BTC,1583326547255,2020-03-04T12:55:47.255Z,buy,7.194e-05,2.0,0.00014388
NEBL/BTC,1583326676089,2020-03-04T12:57:56.089Z,buy,7.194e-05,5.0,0.0003597
NEBL/BTC,1583327078318,2020-03-04T13:04:38.318Z,sell,7.191e-05,3.0,0.0002157299999999
NEBL/BTC,1583327209916,2020-03-04T13:06:49.916Z,sell,7.184e-05,2.0,0.00014368
NEBL/BTC,1583327209916,2020-03-04T13:06:49.916Z,sell,7.183e-05,2.0,0.00014366
NEBL/BTC,1583327209916,2020-03-04T13:06:49.916Z,sell,7.178e-05,2.0,0.00014356
NEBL/BTC,1583327209916,2020-03-04T13:06:49.916Z,sell,7.16e-05,3.0,0.0002148
NEBL/BTC,1583327209916,2020-03-04T13:06:49.916Z,sell,7.145e-05,28.0,0.0020006
NEBL/BTC,1583327301734,2020-03-04T13:08:21.734Z,buy,7.194e-05,27.0,0.00194238
NEBL/BTC,1583327329197,2020-03-04T13:08:49.197Z,buy,7.194e-05,49.0,0.00352506
NEBL/BTC,1583327448034,2020-03-04T13:10:48.034Z,sell,7.168e-05,105.0,0.0075264
NEBL/BTC,1583327448051,2020-03-04T13:10:48.051Z,buy,7.165e-05,525.0,0.03761625
NEBL/BTC,1583327733274,2020-03-04T13:15:33.274Z,buy,7.193e-05,144.0,0.01035792
NEBL/BTC,1583327733274,2020-03-04T13:15:33.274Z,buy,7.194e-05,1246.0,0.08963724
NEBL/BTC,1583327762590,2020-03-04T13:16:02.590Z,sell,7.165e-05,26.0,0.0018628999999999
NEBL/BTC,1583327893144,2020-03-04T13:18:13.144Z,buy,7.194e-05,34.0,0.00244596
NEBL/BTC,1583328320097,2020-03-04T13:25:20.097Z,sell,7.165e-05,100.0,0.0071649999999999
NEBL/BTC,1583328320097,2020-03-04T13:25:20.097Z,sell,7.165e-05,100.0,0.0071649999999999
NEBL/BTC,1583328490707,2020-03-04T13:28:10.707Z,buy,7.194e-05,29.0,0.00208626
NEBL/BTC,1583329264739,2020-03-04T13:41:04.739Z,buy,7.194e-05,18.0,0.00129492
NEBL/BTC,1583329494345,2020-03-04T13:44:54.345Z,sell,7.19e-05,4.0,0.0002876
NEBL/BTC,1583329534903,2020-03-04T13:45:34.903Z,sell,7.19e-05,32.0,0.0023008
NEBL/BTC,1583329547271,2020-03-04T13:45:47.271Z,sell,7.184e-05,10.0,0.0007184
NEBL/BTC,1583329717286,2020-03-04T13:48:37.286Z,buy,7.184e-05,7.0,0.00050288
NEBL/BTC,1583330251073,2020-03-04T13:57:31.073Z,buy,7.193e-05,37.0,0.00266141
NEBL/BTC,1583330324143,2020-03-04T13:58:44.143Z,sell,7.175e-05,47.0,0.00337225
NEBL/BTC,1583330359456,2020-03-04T13:59:19.456Z,sell,7.175e-05,90.0,0.0064575
NEBL/BTC,1583330454959,2020-03-04T14:00:54.959Z,buy,7.193e-05,367.0,0.0263983099999999
NEBL/BTC,1583330454959,2020-03-04T14:00:54.959Z,buy,7.194e-05,1604.0,0.11539176
NEBL/BTC,1583330491129,2020-03-04T14:01:31.129Z,sell,7.175e-05,535.0,0.03838625
NEBL/BTC,1583330491129,2020-03-04T14:01:31.129Z,sell,7.172e-05,312.0,0.02237664
NEBL/BTC,1583330491129,2020-03-04T14:01:31.129Z,sell,7.169e-05,153.0,0.01096857
NEBL/BTC,1583330585013,2020-03-04T14:03:05.013Z,buy,7.193e-05,2.0,0.00014386
NEBL/BTC,1583330585013,2020-03-04T14:03:05.013Z,buy,7.194e-05,12.0,0.00086328
NEBL/BTC,1583330591338,2020-03-04T14:03:11.338Z,buy,7.193e-05,2.0,0.00014386
NEBL/BTC,1583330591338,2020-03-04T14:03:11.338Z,buy,7.194e-05,39.0,0.00280566
NEBL/BTC,1583330591489,2020-03-04T14:03:11.489Z,buy,7.194e-05,32.0,0.00230208
NEBL/BTC,1583330591560,2020-03-04T14:03:11.560Z,buy,7.194e-05,22.0,0.00158268
NEBL/BTC,1583330591567,2020-03-04T14:03:11.567Z,buy,7.194e-05,61.0,0.00438834
NEBL/BTC,1583330591849,2020-03-04T14:03:11.849Z,buy,7.194e-05,159.0,0.01143846
NEBL/BTC,1583330591853,2020-03-04T14:03:11.853Z,buy,7.194e-05,46.0,0.00330924
NEBL/BTC,1583330591956,2020-03-04T14:03:11.956Z,buy,7.194e-05,13.0,0.00093522
NEBL/BTC,1583330591965,2020-03-04T14:03:11.965Z,buy,7.194e-05,47.0,0.00338118
NEBL/BTC,1583330592199,2020-03-04T14:03:12.199Z,buy,7.194e-05,49.0,0.00352506
NEBL/BTC,1583330592330,2020-03-04T14:03:12.330Z,buy,7.194e-05,6.0,0.00043164
NEBL/BTC,1583330592412,2020-03-04T14:03:12.412Z,buy,7.194e-05,3.0,0.00021582
NEBL/BTC,1583330592546,2020-03-04T14:03:12.546Z,buy,7.194e-05,50.0,0.003597
NEBL/BTC,1583330592601,2020-03-04T14:03:12.601Z,buy,7.194e-05,500.0,0.03597
NEBL/BTC,1583330592605,2020-03-04T14:03:12.605Z,buy,7.194e-05,15.0,0.0010791
NEBL/BTC,1583330592645,2020-03-04T14:03:12.645Z,buy,7.194e-05,55.0,0.0039567
NEBL/BTC,1583330592944,2020-03-04T14:03:12.944Z,buy,7.194e-05,902.0,0.06488988
NEBL/BTC,1583330592971,2020-03-04T14:03:12.971Z,buy,7.194e-05,90.0,0.0064746
NEBL/BTC,1583330593324,2020-03-04T14:03:13.324Z,buy,7.194e-05,71.0,0.00510774
NEBL/BTC,1583330593948,2020-03-04T14:03:13.948Z,buy,7.194e-05,45.0,0.0032373
NEBL/BTC,1583330594231,2020-03-04T14:03:14.231Z,buy,7.194e-05,52.0,0.00374088
NEBL/BTC,1583330594388,2020-03-04T14:03:14.388Z,buy,7.194e-05,106.0,0.00762564
NEBL/BTC,1583330594598,2020-03-04T14:03:14.598Z,buy,7.194e-05,68.0,0.00489192
NEBL/BTC,1583330594963,2020-03-04T14:03:14.963Z,buy,7.194e-05,75.0,0.0053955
NEBL/BTC,1583330595006,2020-03-04T14:03:15.006Z,buy,7.194e-05,784.0,0.05640096
NEBL/BTC,1583330595032,2020-03-04T14:03:15.032Z,buy,7.194e-05,73.0,0.00525162
NEBL/BTC,1583330595241,2020-03-04T14:03:15.241Z,buy,7.194e-05,149.0,0.01071906
NEBL/BTC,1583330595641,2020-03-04T14:03:15.641Z,buy,7.194e-05,10.0,0.0007194
NEBL/BTC,1583330595696,2020-03-04T14:03:15.696Z,buy,7.194e-05,22.0,0.00158268
NEBL/BTC,1583330595823,2020-03-04T14:03:15.823Z,buy,7.194e-05,20.0,0.0014388
NEBL/BTC,1583330595858,2020-03-04T14:03:15.858Z,buy,7.194e-05,27.0,0.00194238
NEBL/BTC,1583330596217,2020-03-04T14:03:16.217Z,buy,7.194e-05,10.0,0.0007194
NEBL/BTC,1583330596378,2020-03-04T14:03:16.378Z,buy,7.194e-05,173.0,0.01244562
NEBL/BTC,1583330949960,2020-03-04T14:09:09.960Z,sell,7.169e-05,204.0,0.01462476
NEBL/BTC,1583331199026,2020-03-04T14:13:19.026Z,buy,7.194e-05,47.0,0.00338118
NEBL/BTC,1583331241425,2020-03-04T14:14:01.425Z,buy,7.194e-05,66.0,0.00474804
NEBL/BTC,1583331292134,2020-03-04T14:14:52.134Z,buy,7.194e-05,97.0,0.00697818
NEBL/BTC,1583331541802,2020-03-04T14:19:01.802Z,sell,7.169e-05,23.0,0.00164887
NEBL/BTC,1583331541806,2020-03-04T14:19:01.806Z,sell,7.169e-05,160.0,0.0114704
NEBL/BTC,1583331541807,2020-03-04T14:19:01.807Z,sell,7.169e-05,400.0,0.028676
NEBL/BTC,1583331680086,2020-03-04T14:21:20.086Z,buy,7.194e-05,89.0,0.00640266
NEBL/BTC,1583331686331,2020-03-04T14:21:26.331Z,sell,7.169e-05,3.0,0.0002150699999999
NEBL/BTC,1583331773340,2020-03-04T14:22:53.340Z,buy,7.194e-05,398.0,0.02863212
NEBL/BTC,1583331778576,2020-03-04T14:22:58.576Z,buy,7.194e-05,74.0,0.00532356
NEBL/BTC,1583331831216,2020-03-04T14:23:51.216Z,buy,7.194e-05,384.0,0.02762496
NEBL/BTC,1583331832865,2020-03-04T14:23:52.865Z,buy,7.194e-05,385.0,0.0276969
NEBL/BTC,1583331832865,2020-03-04T14:23:52.865Z,buy,7.194e-05,385.0,0.0276969
NEBL/BTC,1583332095418,2020-03-04T14:28:15.418Z,sell,7.177e-05,23.0,0.00165071
NEBL/BTC,1583332343491,2020-03-04T14:32:23.491Z,buy,7.194e-05,200.0,0.014388
NEBL/BTC,1583332343491,2020-03-04T14:32:23.491Z,buy,7.196e-05,2.0,0.00014392
NEBL/BTC,1583332343491,2020-03-04T14:32:23.491Z,buy,7.197e-05,28.0,0.00201516
NEBL/BTC,1583332343491,2020-03-04T14:32:23.491Z,buy,7.198e-05,6.0,0.00043188
NEBL/BTC,1583332343491,2020-03-04T14:32:23.491Z,buy,7.199e-05,6.0,0.0004319399999999
NEBL/BTC,1583332343491,2020-03-04T14:32:23.491Z,buy,7.214e-05,4.0,0.00028856
NEBL/BTC,1583332343491,2020-03-04T14:32:23.491Z,buy,7.216e-05,4872.0,0.35156352
NEBL/BTC,1583332530530,2020-03-04T14:35:30.530Z,buy,7.219e-05,2.0,0.00014438
NEBL/BTC,1583332557882,2020-03-04T14:35:57.882Z,sell,7.195e-05,23.0,0.00165485
NEBL/BTC,1583332557889,2020-03-04T14:35:57.889Z,sell,7.195e-05,61.0,0.00438895
NEBL/BTC,1583332557901,2020-03-04T14:35:57.901Z,sell,7.195e-05,3.0,0.00021585
NEBL/BTC,1583332557909,2020-03-04T14:35:57.909Z,sell,7.182e-05,70.0,0.0050274
NEBL/BTC,1583332557909,2020-03-04T14:35:57.909Z,sell,7.178e-05,17.0,0.00122026
NEBL/BTC,1583332564860,2020-03-04T14:36:04.860Z,buy,7.194e-05,61.0,0.00438834
NEBL/BTC,1583332692192,2020-03-04T14:38:12.192Z,buy,7.216e-05,61.0,0.00440176
NEBL/BTC,1583332692192,2020-03-04T14:38:12.192Z,buy,7.217e-05,17.0,0.00122689
NEBL/BTC,1583332692192,2020-03-04T14:38:12.192Z,buy,7.218e-05,2247.0,0.16218846
NEBL/BTC,1583332695488,2020-03-04T14:38:15.488Z,sell,7.203e-05,10.0,0.0007203
NEBL/BTC,1583332747589,2020-03-04T14:39:07.589Z,sell,7.203e-05,12.0,0.00086436
NEBL/BTC,1583333044004,2020-03-04T14:44:04.004Z,buy,7.219e-05,2.0,0.00014438
NEBL/BTC,1583333306067,2020-03-04T14:48:26.067Z,sell,7.209e-05,2.0,0.00014418
NEBL/BTC,1583333306067,2020-03-04T14:48:26.067Z,sell,7.203e-05,3.0,0.00021609
NEBL/BTC,1583333338473,2020-03-04T14:48:58.473Z,sell,7.203e-05,24.0,0.00172872
NEBL/BTC,1583333454514,2020-03-04T14:50:54.514Z,sell,7.203e-05,5.0,0.00036015
NEBL/BTC,1583333485683,2020-03-04T14:51:25.683Z,buy,7.226e-05,14.0,0.00101164
NEBL/BTC,1583333485771,2020-03-04T14:51:25.771Z,sell,7.226e-05,303.0,0.02189478
NEBL/BTC,1583333572913,2020-03-04T14:52:52.913Z,buy,7.232e-05,88.0,0.00636416
NEBL/BTC,1583333572953,2020-03-04T14:52:52.953Z,sell,7.232e-05,52.0,0.00376064
NEBL/BTC,1583333954216,2020-03-04T14:59:14.216Z,buy,7.232e-05,2.0,0.00014464
NEBL/BTC,1583333954216,2020-03-04T14:59:14.216Z,buy,7.236e-05,2.0,0.00014472
NEBL/BTC,1583333954216,2020-03-04T14:59:14.216Z,buy,7.241e-05,2.0,0.00014482
NEBL/BTC,1583333954216,2020-03-04T14:59:14.216Z,buy,7.247e-05,23.0,0.00166681
NEBL/BTC,1583334021415,2020-03-04T15:00:21.415Z,buy,7.223e-05,2.0,0.00014446
NEBL/BTC,1583334189432,2020-03-04T15:03:09.432Z,sell,7.223e-05,1.0,7.223e-05
NEBL/BTC,1583334374642,2020-03-04T15:06:14.642Z,sell,7.204e-05,5.0,0.0003602
NEBL/BTC,1583334374642,2020-03-04T15:06:14.642Z,sell,7.203e-05,1360.0,0.0979608
NEBL/BTC,1583335160315,2020-03-04T15:19:20.315Z,buy,7.241e-05,44.0,0.00318604
NEBL/BTC,1583335160315,2020-03-04T15:19:20.315Z,buy,7.241e-05,44.0,0.00318604
NEBL/BTC,1583336034762,2020-03-04T15:33:54.762Z,sell,7.196e-05,1693.0,0.12182828
NEBL/BTC,1583336211666,2020-03-04T15:36:51.666Z,buy,7.228e-05,15.0,0.0010842
NEBL/BTC,1583336502848,2020-03-04T15:41:42.848Z,buy,7.239e-05,27.0,0.00195453
NEBL/BTC,1583336888746,2020-03-04T15:48:08.746Z,buy,7.239e-05,2.0,0.00014478
NEBL/BTC,1583336891970,2020-03-04T15:48:11.970Z,sell,7.229e-05,2.0,0.00014458
NEBL/BTC,1583336895855,2020-03-04T15:48:15.855Z,buy,7.228e-05,30.0,0.0021684
NEBL/BTC,1583337274197,2020-03-04T15:54:34.197Z,sell,7.228e-05,55.0,0.0039754
NEBL/BTC,1583337287866,2020-03-04T15:54:47.866Z,sell,7.228e-05,11.0,0.00079508
NEBL/BTC,1583337627034,2020-03-04T16:00:27.034Z,sell,7.228e-05,17.0,0.00122876
NEBL/BTC,1583337640038,2020-03-04T16:00:40.038Z,sell,7.228e-05,27.0,0.00195156
NEBL/BTC,1583337640285,2020-03-04T16:00:40.285Z,sell,7.228e-05,728.0,0.05261984
NEBL/BTC,1583337640297,2020-03-04T16:00:40.297Z,sell,7.228e-05,70.0,0.0050596
NEBL/BTC,1583337643178,2020-03-04T16:00:43.178Z,buy,7.241e-05,2.0,0.00014482
NEBL/BTC,1583337643178,2020-03-04T16:00:43.178Z,buy,7.245e-05,28.0,0.0020286
NEBL/BTC,1583337643178,2020-03-04T16:00:43.178Z,buy,7.247e-05,7.0,0.00050729
NEBL/BTC,1583337722307,2020-03-04T16:02:02.307Z,buy,7.247e-05,54.0,0.00391338
NEBL/BTC,1583337782335,2020-03-04T16:03:02.335Z,sell,7.214e-05,2.0,0.00014428
NEBL/BTC,1583337782335,2020-03-04T16:03:02.335Z,sell,7.201e-05,40.0,0.0028804
NEBL/BTC,1583337782335,2020-03-04T16:03:02.335Z,sell,7.2e-05,20.0,0.00144
NEBL/BTC,1583338122941,2020-03-04T16:08:42.941Z,sell,7.2e-05,354.0,0.025488
NEBL/BTC,1583338268451,2020-03-04T16:11:08.451Z,buy,7.2e-05,2.0,0.000144
NEBL/BTC,1583338268451,2020-03-04T16:11:08.451Z,buy,7.2e-05,2.0,0.000144
NEBL/BTC,1583338924063,2020-03-04T16:22:04.063Z,buy,7.2e-05,176.0,0.012672
NEBL/BTC,1583338924063,2020-03-04T16:22:04.063Z,buy,7.224e-05,224.0,0.01618176
NEBL/BTC,1583338935154,2020-03-04T16:22:15.154Z,sell,7.198e-05,2.0,0.00014396
NEBL/BTC,1583338935154,2020-03-04T16:22:15.154Z,sell,7.196e-05,2.0,0.00014392
NEBL/BTC,1583338935154,2020-03-04T16:22:15.154Z,sell,7.19e-05,16.0,0.0011504
NEBL/BTC,1583338935154,2020-03-04T16:22:15.154Z,sell,7.182e-05,2.0,0.00014364
NEBL/BTC,1583338935154,2020-03-04T16:22:15.154Z,sell,7.181e-05,12.0,0.00086172
NEBL/BTC,1583338935154,2020-03-04T16:22:15.154Z,sell,7.175e-05,3.0,0.00021525
NEBL/BTC,1583338935155,2020-03-04T16:22:15.155Z,sell,7.175e-05,1.0,7.175e-05
NEBL/BTC,1583338935161,2020-03-04T16:22:15.161Z,sell,7.172e-05,9.0,0.0006454799999999
NEBL/BTC,1583338971014,2020-03-04T16:22:51.014Z,buy,7.21e-05,200.0,0.01442
NEBL/BTC,1583339285600,2020-03-04T16:28:05.600Z,buy,7.213e-05,35.0,0.00252455
NEBL/BTC,1583339481717,2020-03-04T16:31:21.717Z,sell,7.171e-05,63.0,0.00451773
NEBL/BTC,1583339497093,2020-03-04T16:31:37.093Z,sell,7.171e-05,93.0,0.00666903
NEBL/BTC,1583339768476,2020-03-04T16:36:08.476Z,buy,7.171e-05,2.0,0.00014342
NEBL/BTC,1583340219917,2020-03-04T16:43:39.917Z,sell,7.17e-05,48.0,0.0034415999999999
NEBL/BTC,1583340223672,2020-03-04T16:43:43.672Z,sell,7.169e-05,2142.0,0.15355998
NEBL/BTC,1583340223672,2020-03-04T16:43:43.672Z,sell,7.159e-05,27.0,0.00193293
NEBL/BTC,1583340223672,2020-03-04T16:43:43.672Z,sell,7.156e-05,12.0,0.00085872
NEBL/BTC,1583340223672,2020-03-04T16:43:43.672Z,sell,7.154e-05,300.0,0.021462
NEBL/BTC,1583340223672,2020-03-04T16:43:43.672Z,sell,7.15e-05,2.0,0.000143
NEBL/BTC,1583340223672,2020-03-04T16:43:43.672Z,sell,7.145e-05,95.0,0.00678775
NEBL/BTC,1583340223672,2020-03-04T16:43:43.672Z,sell,7.144e-05,630.0,0.0450072
NEBL/BTC,1583340223672,2020-03-04T16:43:43.672Z,sell,7.142e-05,488.0,0.03485296
NEBL/BTC,1583340223672,2020-03-04T16:43:43.672Z,sell,7.139e-05,2.0,0.00014278
NEBL/BTC,1583340223672,2020-03-04T16:43:43.672Z,sell,7.136e-05,206.0,0.0147001599999999
NEBL/BTC,1583340223672,2020-03-04T16:43:43.672Z,sell,7.135e-05,59.0,0.00420965
NEBL/BTC,1583340223672,2020-03-04T16:43:43.672Z,sell,7.131e-05,833.0,0.05940123
NEBL/BTC,1583340223672,2020-03-04T16:43:43.672Z,sell,7.131e-05,1596.0,0.11381076
NEBL/BTC,1583340223672,2020-03-04T16:43:43.672Z,sell,7.13e-05,10.0,0.000713
NEBL/BTC,1583340223685,2020-03-04T16:43:43.685Z,buy,7.13e-05,34.0,0.0024242
NEBL/BTC,1583340223686,2020-03-04T16:43:43.686Z,buy,7.13e-05,224.0,0.0159711999999999
NEBL/BTC,1583340223687,2020-03-04T16:43:43.687Z,buy,7.13e-05,162.0,0.0115506
NEBL/BTC,1583340223688,2020-03-04T16:43:43.688Z,buy,7.13e-05,422.0,0.0300886
NEBL/BTC,1583340223743,2020-03-04T16:43:43.743Z,buy,7.13e-05,1788.0,0.1274844
NEBL/BTC,1583340224133,2020-03-04T16:43:44.133Z,sell,7.129e-05,12.0,0.00085548
NEBL/BTC,1583340224133,2020-03-04T16:43:44.133Z,sell,7.124e-05,41.0,0.00292084
NEBL/BTC,1583340224133,2020-03-04T16:43:44.133Z,sell,7.123e-05,3.0,0.00021369
NEBL/BTC,1583340224133,2020-03-04T16:43:44.133Z,sell,7.12e-05,11.0,0.0007832
NEBL/BTC,1583340224133,2020-03-04T16:43:44.133Z,sell,7.119e-05,3.0,0.00021357
NEBL/BTC,1583340224133,2020-03-04T16:43:44.133Z,sell,7.117e-05,3.0,0.0002135099999999
NEBL/BTC,1583340224133,2020-03-04T16:43:44.133Z,sell,7.111e-05,5.0,0.00035555
NEBL/BTC,1583340224133,2020-03-04T16:43:44.133Z,sell,7.11e-05,112.0,0.0079632
NEBL/BTC,1583340224133,2020-03-04T16:43:44.133Z,sell,7.108e-05,10.0,0.0007108
NEBL/BTC,1583340224133,2020-03-04T16:43:44.133Z,sell,7.107e-05,45.0,0.00319815
NEBL/BTC,1583340224133,2020-03-04T16:43:44.133Z,sell,7.105e-05,2.0,0.0001421
NEBL/BTC,1583340224133,2020-03-04T16:43:44.133Z,sell,7.104e-05,52.0,0.0036940799999999
NEBL/BTC,1583340224133,2020-03-04T16:43:44.133Z,sell,7.103e-05,1.0,7.103e-05
NEBL/BTC,1583340224907,2020-03-04T16:43:44.907Z,sell,7.103e-05,600.0,0.042618
NEBL/BTC,1583340292539,2020-03-04T16:44:52.539Z,buy,7.13e-05,820.0,0.058466
NEBL/BTC,1583340403484,2020-03-04T16:46:43.484Z,sell,7.108e-05,156.0,0.01108848
NEBL/BTC,1583340403484,2020-03-04T16:46:43.484Z,sell,7.105e-05,639.0,0.04540095
NEBL/BTC,1583340403484,2020-03-04T16:46:43.484Z,sell,7.104e-05,220.0,0.0156287999999999
NEBL/BTC,1583340433657,2020-03-04T16:47:13.657Z,buy,7.148e-05,240.0,0.0171552
NEBL/BTC,1583340504841,2020-03-04T16:48:24.841Z,buy,7.148e-05,13.0,0.00092924
NEBL/BTC,1583340607368,2020-03-04T16:50:07.368Z,buy,7.148e-05,49.0,0.00350252
NEBL/BTC,1583341028482,2020-03-04T16:57:08.482Z,buy,7.143e-05,3.0,0.00021429
NEBL/BTC,1583341046964,2020-03-04T16:57:26.964Z,sell,7.107e-05,10.0,0.0007107
NEBL/BTC,1583341095445,2020-03-04T16:58:15.445Z,buy,7.148e-05,97.0,0.00693356
NEBL/BTC,1583341163724,2020-03-04T16:59:23.724Z,buy,7.13e-05,22.0,0.0015685999999999
NEBL/BTC,1583341163724,2020-03-04T16:59:23.724Z,buy,7.148e-05,15.0,0.0010722
NEBL/BTC,1583341350952,2020-03-04T17:02:30.952Z,buy,7.148e-05,3.0,0.00021444
NEBL/BTC,1583341372573,2020-03-04T17:02:52.573Z,sell,7.111e-05,2.0,0.00014222
NEBL/BTC,1583341413190,2020-03-04T17:03:33.190Z,buy,7.148e-05,37.0,0.00264476
NEBL/BTC,1583341413190,2020-03-04T17:03:33.190Z,buy,7.148e-05,37.0,0.00264476
NEBL/BTC,1583342439685,2020-03-04T17:20:39.685Z,buy,7.143e-05,52.0,0.00371436
NEBL/BTC,1583342441694,2020-03-04T17:20:41.694Z,sell,7.143e-05,10.0,0.0007143
NEBL/BTC,1583342539342,2020-03-04T17:22:19.342Z,sell,7.143e-05,136.0,0.00971448
NEBL/BTC,1583342662519,2020-03-04T17:24:22.519Z,buy,7.148e-05,2.0,0.00014296
NEBL/BTC,1583342851989,2020-03-04T17:27:31.989Z,sell,7.143e-05,11.0,0.00078573
NEBL/BTC,1583342852012,2020-03-04T17:27:32.012Z,sell,7.137e-05,82.0,0.00585234
NEBL/BTC,1583342852097,2020-03-04T17:27:32.097Z,sell,7.137e-05,35.0,0.00249795
NEBL/BTC,1583342888477,2020-03-04T17:28:08.477Z,buy,7.137e-05,2.0,0.00014274
NEBL/BTC,1583343311006,2020-03-04T17:35:11.006Z,buy,7.15e-05,2.0,0.000143
NEBL/BTC,1583343843929,2020-03-04T17:44:03.929Z,buy,7.155e-05,2450.0,0.1752975
NEBL/BTC,1583343843935,2020-03-04T17:44:03.935Z,sell,7.155e-05,1155.0,0.08264025
NEBL/BTC,1583343843983,2020-03-04T17:44:03.983Z,buy,7.124e-05,6.0,0.00042744
NEBL/BTC,1583343843983,2020-03-04T17:44:03.983Z,buy,7.13e-05,240.0,0.017112
NEBL/BTC,1583343843983,2020-03-04T17:44:03.983Z,buy,7.149e-05,233.0,0.01665717
NEBL/BTC,1583343843983,2020-03-04T17:44:03.983Z,buy,7.164e-05,88.0,0.0063043199999999
NEBL/BTC,1583343843983,2020-03-04T17:44:03.983Z,buy,7.166e-05,3.0,0.00021498
NEBL/BTC,1583343843983,2020-03-04T17:44:03.983Z,buy,7.167e-05,2.0,0.00014334
NEBL/BTC,1583343843983,2020-03-04T17:44:03.983Z,buy,7.171e-05,579.0,0.04152009
NEBL/BTC,1583343886898,2020-03-04T17:44:46.898Z,buy,7.171e-05,547.0,0.03922537
NEBL/BTC,1583343917592,2020-03-04T17:45:17.592Z,buy,7.174e-05,1251.0,0.08974674
NEBL/BTC,1583343948318,2020-03-04T17:45:48.318Z,buy,7.174e-05,84.0,0.00602616
NEBL/BTC,1583344047886,2020-03-04T17:47:27.886Z,sell,7.123e-05,5.0,0.0003561499999999
NEBL/BTC,1583344047886,2020-03-04T17:47:27.886Z,sell,7.107e-05,5.0,0.00035535
NEBL/BTC,1583344192915,2020-03-04T17:49:52.915Z,buy,7.166e-05,5.0,0.0003583
NEBL/BTC,1583344192915,2020-03-04T17:49:52.915Z,buy,7.174e-05,2.0,0.00014348
NEBL/BTC,1583344192915,2020-03-04T17:49:52.915Z,buy,7.175e-05,4.0,0.000287
NEBL/BTC,1583344192915,2020-03-04T17:49:52.915Z,buy,7.178e-05,10.0,0.0007178
NEBL/BTC,1583344192915,2020-03-04T17:49:52.915Z,buy,7.181e-05,12.0,0.00086172
NEBL/BTC,1583344192915,2020-03-04T17:49:52.915Z,buy,7.182e-05,2.0,0.00014364
NEBL/BTC,1583344192915,2020-03-04T17:49:52.915Z,buy,7.184e-05,10.0,0.0007184
NEBL/BTC,1583344192915,2020-03-04T17:49:52.915Z,buy,7.189e-05,112.0,0.00805168
NEBL/BTC,1583344192935,2020-03-04T17:49:52.935Z,sell,7.19e-05,703.0,0.0505457
NEBL/BTC,1583344218265,2020-03-04T17:50:18.265Z,sell,7.147e-05,2.0,0.00014294
NEBL/BTC,1583344247209,2020-03-04T17:50:47.209Z,sell,7.15e-05,3.0,0.0002145
NEBL/BTC,1583344388543,2020-03-04T17:53:08.543Z,buy,7.191e-05,5.0,0.00035955
NEBL/BTC,1583344388543,2020-03-04T17:53:08.543Z,buy,7.192e-05,41.0,0.00294872
NEBL/BTC,1583344388543,2020-03-04T17:53:08.543Z,buy,7.195e-05,6.0,0.0004317
NEBL/BTC,1583344388543,2020-03-04T17:53:08.543Z,buy,7.196e-05,2.0,0.00014392
NEBL/BTC,1583344388543,2020-03-04T17:53:08.543Z,buy,7.2e-05,21.0,0.001512
NEBL/BTC,1583344388569,2020-03-04T17:53:08.569Z,sell,7.2e-05,248.0,0.017856
NEBL/BTC,1583344392085,2020-03-04T17:53:12.085Z,sell,7.2e-05,106.0,0.007632
NEBL/BTC,1583344616848,2020-03-04T17:56:56.848Z,sell,7.2e-05,51.0,0.003672
NEBL/BTC,1583344830328,2020-03-04T18:00:30.328Z,sell,7.2e-05,20.0,0.00144
NEBL/BTC,1583344850876,2020-03-04T18:00:50.876Z,sell,7.2e-05,7.0,0.000504
NEBL/BTC,1583344928558,2020-03-04T18:02:08.558Z,sell,7.2e-05,2.0,0.000144
NEBL/BTC,1583344928558,2020-03-04T18:02:08.558Z,sell,7.2e-05,2.0,0.000144
NEBL/BTC,1583345155518,2020-03-04T18:05:55.518Z,sell,7.2e-05,35.0,0.00252
NEBL/BTC,1583345155519,2020-03-04T18:05:55.519Z,sell,7.2e-05,180.0,0.01296
NEBL/BTC,1583345529110,2020-03-04T18:12:09.110Z,buy,7.206e-05,11.0,0.0007926599999999
NEBL/BTC,1583345529110,2020-03-04T18:12:09.110Z,buy,7.214e-05,4.0,0.00028856
NEBL/BTC,1583345529110,2020-03-04T18:12:09.110Z,buy,7.222e-05,10.0,0.0007222
NEBL/BTC,1583345529110,2020-03-04T18:12:09.110Z,buy,7.223e-05,24.0,0.00173352
NEBL/BTC,1583345529110,2020-03-04T18:12:09.110Z,buy,7.226e-05,14.0,0.00101164
NEBL/BTC,1583345529110,2020-03-04T18:12:09.110Z,buy,7.228e-05,3.0,0.00021684
NEBL/BTC,1583345773868,2020-03-04T18:16:13.868Z,sell,7.2e-05,49.0,0.003528
NEBL/BTC,1583345774654,2020-03-04T18:16:14.654Z,sell,7.2e-05,49.0,0.003528
NEBL/BTC,1583345822470,2020-03-04T18:17:02.470Z,sell,7.2e-05,24.0,0.001728
NEBL/BTC,1583345822572,2020-03-04T18:17:02.572Z,sell,7.2e-05,12.0,0.000864
NEBL/BTC,1583345822572,2020-03-04T18:17:02.572Z,sell,7.182e-05,2.0,0.00014364
NEBL/BTC,1583345822572,2020-03-04T18:17:02.572Z,sell,7.175e-05,4.0,0.000287
NEBL/BTC,1583345822572,2020-03-04T18:17:02.572Z,sell,7.17e-05,18.0,0.0012905999999999
NEBL/BTC,1583345972543,2020-03-04T18:19:32.543Z,buy,7.214e-05,4.0,0.00028856
NEBL/BTC,1583345972543,2020-03-04T18:19:32.543Z,buy,7.226e-05,2.0,0.00014452
NEBL/BTC,1583345972543,2020-03-04T18:19:32.543Z,buy,7.228e-05,20.0,0.0014456
NEBL/BTC,1583345972543,2020-03-04T18:19:32.543Z,buy,7.232e-05,11.0,0.00079552
NEBL/BTC,1583346199020,2020-03-04T18:23:19.020Z,buy,7.232e-05,1.0,7.232e-05
NEBL/BTC,1583346199020,2020-03-04T18:23:19.020Z,buy,7.239e-05,1.0,7.239e-05
NEBL/BTC,1583346199607,2020-03-04T18:23:19.607Z,buy,7.239e-05,2.0,0.00014478
NEBL/BTC,1583346200189,2020-03-04T18:23:20.189Z,buy,7.239e-05,2.0,0.00014478
NEBL/BTC,1583346427570,2020-03-04T18:27:07.570Z,buy,7.239e-05,2.0,0.00014478
NEBL/BTC,1583346567736,2020-03-04T18:29:27.736Z,sell,7.229e-05,2.0,0.00014458
NEBL/BTC,1583347338327,2020-03-04T18:42:18.327Z,sell,7.229e-05,5.0,0.00036145
NEBL/BTC,1583348276447,2020-03-04T18:57:56.447Z,buy,7.237e-05,13.0,0.00094081
NEBL/BTC,1583348276447,2020-03-04T18:57:56.447Z,buy,7.238e-05,21.0,0.00151998
NEBL/BTC,1583348510391,2020-03-04T19:01:50.391Z,sell,7.214e-05,2.0,0.00014428
NEBL/BTC,1583348510391,2020-03-04T19:01:50.391Z,sell,7.214e-05,2.0,0.00014428
NEBL/BTC,1583349113717,2020-03-04T19:11:53.717Z,sell,7.214e-05,100.0,0.007214
NEBL/BTC,1583349371719,2020-03-04T19:16:11.719Z,buy,7.238e-05,32.0,0.00231616
NEBL/BTC,1583349372081,2020-03-04T19:16:12.081Z,buy,7.239e-05,92.0,0.00665988
NEBL/BTC,1583349372452,2020-03-04T19:16:12.452Z,buy,7.24e-05,108.0,0.0078192
NEBL/BTC,1583349445851,2020-03-04T19:17:25.851Z,buy,7.239e-05,32.0,0.00231648
NEBL/BTC,1583349445851,2020-03-04T19:17:25.851Z,buy,7.24e-05,66.0,0.0047783999999999
NEBL/BTC,1583349445851,2020-03-04T19:17:25.851Z,buy,7.241e-05,2.0,0.00014482
NEBL/BTC,1583349445851,2020-03-04T19:17:25.851Z,buy,7.244e-05,6.0,0.00043464
NEBL/BTC,1583349445851,2020-03-04T19:17:25.851Z,buy,7.247e-05,303.0,0.02195841
NEBL/BTC,1583349445851,2020-03-04T19:17:25.851Z,buy,7.248e-05,128.0,0.00927744
NEBL/BTC,1583349450732,2020-03-04T19:17:30.732Z,buy,7.247e-05,2.0,0.00014494
NEBL/BTC,1583349453461,2020-03-04T19:17:33.461Z,sell,7.237e-05,2.0,0.00014474
NEBL/BTC,1583349521660,2020-03-04T19:18:41.660Z,sell,7.221e-05,2.0,0.00014442
NEBL/BTC,1583349986077,2020-03-04T19:26:26.077Z,sell,7.206e-05,2.0,0.00014412
NEBL/BTC,1583349993887,2020-03-04T19:26:33.887Z,buy,7.205e-05,8.0,0.0005764
NEBL/BTC,1583349993887,2020-03-04T19:26:33.887Z,buy,7.206e-05,19.0,0.00136914
NEBL/BTC,1583350063825,2020-03-04T19:27:43.825Z,buy,7.206e-05,166.0,0.0119619599999999
NEBL/BTC,1583350133747,2020-03-04T19:28:53.747Z,buy,7.206e-05,443.0,0.03192258
NEBL/BTC,1583350134520,2020-03-04T19:28:54.520Z,buy,7.206e-05,85.0,0.0061251
NEBL/BTC,1583350210007,2020-03-04T19:30:10.007Z,buy,7.207e-05,305.0,0.02198135
NEBL/BTC,1583350263584,2020-03-04T19:31:03.584Z,sell,7.202e-05,308.0,0.02218216
NEBL/BTC,1583350345333,2020-03-04T19:32:25.333Z,sell,7.196e-05,340.0,0.0244664
NEBL/BTC,1583350388511,2020-03-04T19:33:08.511Z,buy,7.196e-05,2.0,0.00014392
NEBL/BTC,1583350445481,2020-03-04T19:34:05.481Z,buy,7.196e-05,24.0,0.00172704
NEBL/BTC,1583350446593,2020-03-04T19:34:06.593Z,buy,7.196e-05,25.0,0.0017989999999999
NEBL/BTC,1583350447182,2020-03-04T19:34:07.182Z,buy,7.196e-05,25.0,0.0017989999999999
NEBL/BTC,1583350447786,2020-03-04T19:34:07.786Z,buy,7.196e-05,25.0,0.0017989999999999
NEBL/BTC,1583350448378,2020-03-04T19:34:08.378Z,buy,7.196e-05,26.0,0.0018709599999999
NEBL/BTC,1583350449026,2020-03-04T19:34:09.026Z,buy,7.196e-05,26.0,0.0018709599999999
NEBL/BTC,1583350449652,2020-03-04T19:34:09.652Z,buy,7.196e-05,26.0,0.0018709599999999
NEBL/BTC,1583350450274,2020-03-04T19:34:10.274Z,buy,7.196e-05,27.0,0.0019429199999999
NEBL/BTC,1583350450876,2020-03-04T19:34:10.876Z,buy,7.196e-05,27.0,0.0019429199999999
NEBL/BTC,1583350451492,2020-03-04T19:34:11.492Z,buy,7.196e-05,27.0,0.0019429199999999
NEBL/BTC,1583350571998,2020-03-04T19:36:11.998Z,sell,7.191e-05,2.0,0.00014382
NEBL/BTC,1583350571998,2020-03-04T19:36:11.998Z,sell,7.182e-05,2.0,0.00014364
NEBL/BTC,1583350585948,2020-03-04T19:36:25.948Z,buy,7.182e-05,27.0,0.00193914
NEBL/BTC,1583350595373,2020-03-04T19:36:35.373Z,sell,7.181e-05,12.0,0.00086172
NEBL/BTC,1583350595373,2020-03-04T19:36:35.373Z,sell,7.178e-05,2.0,0.00014356
NEBL/BTC,1583350595373,2020-03-04T19:36:35.373Z,sell,7.177e-05,555.0,0.03983235
NEBL/BTC,1583350595373,2020-03-04T19:36:35.373Z,sell,7.176e-05,2.0,0.00014352
NEBL/BTC,1583350595373,2020-03-04T19:36:35.373Z,sell,7.175e-05,836.0,0.0599829999999999
NEBL/BTC,1583350595393,2020-03-04T19:36:35.393Z,buy,7.17e-05,1644.0,0.1178747999999999
NEBL/BTC,1583350873702,2020-03-04T19:41:13.702Z,sell,7.189e-05,1129.0,0.08116381
NEBL/BTC,1583350873728,2020-03-04T19:41:13.728Z,buy,7.189e-05,112.0,0.00805168
NEBL/BTC,1583350965972,2020-03-04T19:42:45.972Z,buy,7.214e-05,4.0,0.00028856
NEBL/BTC,1583350967424,2020-03-04T19:42:47.424Z,sell,7.214e-05,6.0,0.00043284
NEBL/BTC,1583351031919,2020-03-04T19:43:51.919Z,sell,7.214e-05,6.0,0.00043284
NEBL/BTC,1583351106391,2020-03-04T19:45:06.391Z,buy,7.221e-05,2.0,0.00014442
NEBL/BTC,1583351106391,2020-03-04T19:45:06.391Z,buy,7.225e-05,15.0,0.0010837499999999
NEBL/BTC,1583351106391,2020-03-04T19:45:06.391Z,buy,7.221e-05,2.0,0.00014442
NEBL/BTC,1583351106391,2020-03-04T19:45:06.391Z,buy,7.225e-05,15.0,0.0010837499999999
NEBL/BTC,1583353888016,2020-03-04T20:31:28.016Z,buy,7.225e-05,10.0,0.0007224999999999
NEBL/BTC,1583354685101,2020-03-04T20:44:45.101Z,buy,7.225e-05,300.0,0.021675
NEBL/BTC,1583354685101,2020-03-04T20:44:45.101Z,buy,7.225e-05,300.0,0.021675
NEBL/BTC,1583354823625,2020-03-04T20:47:03.625Z,buy,7.225e-05,15.0,0.0010837499999999
NEBL/BTC,1583354823625,2020-03-04T20:47:03.625Z,buy,7.226e-05,2.0,0.00014452
NEBL/BTC,1583354823625,2020-03-04T20:47:03.625Z,buy,7.23e-05,12.0,0.0008676
NEBL/BTC,1583354823625,2020-03-04T20:47:03.625Z,buy,7.232e-05,12.0,0.0008678399999999
NEBL/BTC,1583354823625,2020-03-04T20:47:03.625Z,buy,7.241e-05,2.0,0.00014482
NEBL/BTC,1583354823625,2020-03-04T20:47:03.625Z,buy,7.247e-05,50.0,0.0036235
NEBL/BTC,1583354823625,2020-03-04T20:47:03.625Z,buy,7.248e-05,37.0,0.00268176
NEBL/BTC,1583354824239,2020-03-04T20:47:04.239Z,sell,7.225e-05,104.0,0.007514
NEBL/BTC,1583354827053,2020-03-04T20:47:07.053Z,buy,7.248e-05,63.0,0.00456624
NEBL/BTC,1583354861682,2020-03-04T20:47:41.682Z,sell,7.225e-05,28.0,0.0020229999999999
NEBL/BTC,1583355640691,2020-03-04T21:00:40.691Z,buy,7.247e-05,2.0,0.00014494
NEBL/BTC,1583356378500,2020-03-04T21:12:58.500Z,sell,7.237e-05,2.0,0.00014474
NEBL/BTC,1583356549870,2020-03-04T21:15:49.870Z,buy,7.237e-05,200.0,0.014474
NEBL/BTC,1583356573494,2020-03-04T21:16:13.494Z,sell,7.221e-05,2.0,0.00014442
NEBL/BTC,1583357000376,2020-03-04T21:23:20.376Z,sell,7.206e-05,2.0,0.00014412
NEBL/BTC,1583357323798,2020-03-04T21:28:43.798Z,buy,7.206e-05,96.0,0.00691776
NEBL/BTC,1583357588612,2020-03-04T21:33:08.612Z,buy,7.206e-05,2.0,0.00014412
NEBL/BTC,1583357816201,2020-03-04T21:36:56.201Z,sell,7.196e-05,2.0,0.00014392
NEBL/BTC,1583357816201,2020-03-04T21:36:56.201Z,sell,7.191e-05,2.0,0.00014382
NEBL/BTC,1583357816201,2020-03-04T21:36:56.201Z,sell,7.183e-05,10.0,0.0007183
NEBL/BTC,1583357925312,2020-03-04T21:38:45.312Z,buy,7.206e-05,27.0,0.00194562
NEBL/BTC,1583357979489,2020-03-04T21:39:39.489Z,buy,7.206e-05,251.0,0.01808706
NEBL/BTC,1583358000344,2020-03-04T21:40:00.344Z,buy,7.206e-05,1032.0,0.07436592
NEBL/BTC,1583358000344,2020-03-04T21:40:00.344Z,buy,7.206e-05,1032.0,0.07436592
NEBL/BTC,1583359160661,2020-03-04T21:59:20.661Z,buy,7.206e-05,1.0,7.206e-05
NEBL/BTC,1583359193345,2020-03-04T21:59:53.345Z,sell,7.182e-05,2.0,0.00014364
NEBL/BTC,1583359193345,2020-03-04T21:59:53.345Z,sell,7.181e-05,24.0,0.00172344
NEBL/BTC,1583359231827,2020-03-04T22:00:31.827Z,buy,7.205e-05,1.0,7.205e-05
NEBL/BTC,1583359341607,2020-03-04T22:02:21.607Z,buy,7.205e-05,1.0,7.205e-05
NEBL/BTC,1583359407930,2020-03-04T22:03:27.930Z,buy,7.206e-05,1.0,7.206e-05
NEBL/BTC,1583359441694,2020-03-04T22:04:01.694Z,buy,7.205e-05,3.0,0.00021615
NEBL/BTC,1583359712245,2020-03-04T22:08:32.245Z,buy,7.206e-05,17.0,0.00122502
NEBL/BTC,1583359957040,2020-03-04T22:12:37.040Z,buy,7.206e-05,2.0,0.00014412
NEBL/BTC,1583359962721,2020-03-04T22:12:42.721Z,sell,7.205e-05,8.0,0.0005764
NEBL/BTC,1583359962737,2020-03-04T22:12:42.737Z,buy,7.182e-05,100.0,0.007182
NEBL/BTC,1583359962851,2020-03-04T22:12:42.851Z,buy,7.182e-05,1133.0,0.08137206
NEBL/BTC,1583359970096,2020-03-04T22:12:50.096Z,buy,7.206e-05,3.0,0.00021618
NEBL/BTC,1583359973322,2020-03-04T22:12:53.322Z,sell,7.181e-05,61.0,0.00438041
NEBL/BTC,1583359973322,2020-03-04T22:12:53.322Z,sell,7.176e-05,2.0,0.00014352
NEBL/BTC,1583359973322,2020-03-04T22:12:53.322Z,sell,7.175e-05,4.0,0.000287
NEBL/BTC,1583359973322,2020-03-04T22:12:53.322Z,sell,7.17e-05,50.0,0.0035849999999999
NEBL/BTC,1583359973322,2020-03-04T22:12:53.322Z,sell,7.169e-05,834.0,0.05978946
NEBL/BTC,1583359973339,2020-03-04T22:12:53.339Z,buy,7.169e-05,1018.0,0.07298042
NEBL/BTC,1583360941314,2020-03-04T22:29:01.314Z,sell,7.169e-05,2.0,0.00014338
NEBL/BTC,1583360965205,2020-03-04T22:29:25.205Z,sell,7.164e-05,486.0,0.03481704
NEBL/BTC,1583360965274,2020-03-04T22:29:25.274Z,buy,7.162e-05,1780.0,0.1274836
NEBL/BTC,1583360965277,2020-03-04T22:29:25.277Z,buy,7.162e-05,170.0,0.0121754
NEBL/BTC,1583360989933,2020-03-04T22:29:49.933Z,buy,7.204e-05,444.0,0.0319857599999999
NEBL/BTC,1583360991709,2020-03-04T22:29:51.709Z,sell,7.161e-05,191.0,0.01367751
NEBL/BTC,1583360993004,2020-03-04T22:29:53.004Z,buy,7.161e-05,145.0,0.01038345
NEBL/BTC,1583361587186,2020-03-04T22:39:47.186Z,buy,7.214e-05,4.0,0.00028856
NEBL/BTC,1583361587186,2020-03-04T22:39:47.186Z,buy,7.222e-05,14.0,0.00101108
NEBL/BTC,1583361587186,2020-03-04T22:39:47.186Z,buy,7.226e-05,2.0,0.00014452
NEBL/BTC,1583361587186,2020-03-04T22:39:47.186Z,buy,7.232e-05,12.0,0.0008678399999999
NEBL/BTC,1583361587186,2020-03-04T22:39:47.186Z,buy,7.241e-05,2.0,0.00014482
NEBL/BTC,1583361587186,2020-03-04T22:39:47.186Z,buy,7.243e-05,95.0,0.00688085
NEBL/BTC,1583361587186,2020-03-04T22:39:47.186Z,buy,7.244e-05,481.0,0.03484364
NEBL/BTC,1583361587186,2020-03-04T22:39:47.186Z,buy,7.214e-05,4.0,0.00028856
NEBL/BTC,1583361587186,2020-03-04T22:39:47.186Z,buy,7.222e-05,14.0,0.00101108
NEBL/BTC,1583361587186,2020-03-04T22:39:47.186Z,buy,7.226e-05,2.0,0.00014452
NEBL/BTC,1583361587186,2020-03-04T22:39:47.186Z,buy,7.232e-05,12.0,0.0008678399999999
NEBL/BTC,1583361587186,2020-03-04T22:39:47.186Z,buy,7.241e-05,2.0,0.00014482
NEBL/BTC,1583361587186,2020-03-04T22:39:47.186Z,buy,7.243e-05,95.0,0.00688085
NEBL/BTC,1583361587186,2020-03-04T22:39:47.186Z,buy,7.244e-05,481.0,0.03484364
NEBL/BTC,1583361605248,2020-03-04T22:40:05.248Z,buy,7.243e-05,2.0,0.00014486
NEBL/BTC,1583361622057,2020-03-04T22:40:22.057Z,buy,7.244e-05,4.0,0.00028976
NEBL/BTC,1583361622057,2020-03-04T22:40:22.057Z,buy,7.246e-05,485.0,0.0351431
NEBL/BTC,1583361622057,2020-03-04T22:40:22.057Z,buy,7.25e-05,1.0,7.25e-05
NEBL/BTC,1583362261681,2020-03-04T22:51:01.681Z,sell,7.233e-05,2.0,0.00014466
NEBL/BTC,1583362261681,2020-03-04T22:51:01.681Z,sell,7.196e-05,1.0,7.196e-05
NEBL/BTC,1583362262704,2020-03-04T22:51:02.704Z,sell,7.196e-05,1.0,7.196e-05
NEBL/BTC,1583362262704,2020-03-04T22:51:02.704Z,sell,7.191e-05,1.0,7.191e-05
NEBL/BTC,1583362438300,2020-03-04T22:53:58.300Z,buy,7.24e-05,4.0,0.0002896
NEBL/BTC,1583362441175,2020-03-04T22:54:01.175Z,buy,7.24e-05,4.0,0.0002896
NEBL/BTC,1583362443681,2020-03-04T22:54:03.681Z,buy,7.24e-05,4.0,0.0002896
NEBL/BTC,1583362446986,2020-03-04T22:54:06.986Z,buy,7.241e-05,2.0,0.00014482
NEBL/BTC,1583362446986,2020-03-04T22:54:06.986Z,buy,7.25e-05,2.0,0.000145
NEBL/BTC,1583362451211,2020-03-04T22:54:11.211Z,buy,7.25e-05,4.0,0.00029
NEBL/BTC,1583362452553,2020-03-04T22:54:12.553Z,buy,7.25e-05,4.0,0.00029
NEBL/BTC,1583362457751,2020-03-04T22:54:17.751Z,buy,7.249e-05,4.0,0.00028996
NEBL/BTC,1583362459326,2020-03-04T22:54:19.326Z,buy,7.249e-05,4.0,0.00028996
NEBL/BTC,1583362462201,2020-03-04T22:54:22.201Z,buy,7.248e-05,4.0,0.00028992
NEBL/BTC,1583362465098,2020-03-04T22:54:25.098Z,buy,7.248e-05,4.0,0.00028992
NEBL/BTC,1583362467073,2020-03-04T22:54:27.073Z,buy,7.248e-05,4.0,0.00028992
NEBL/BTC,1583362470691,2020-03-04T22:54:30.691Z,buy,7.25e-05,4.0,0.00029
NEBL/BTC,1583362474704,2020-03-04T22:54:34.704Z,buy,7.249e-05,4.0,0.00028996
NEBL/BTC,1583362482553,2020-03-04T22:54:42.553Z,buy,7.248e-05,2.0,0.00014496
NEBL/BTC,1583362488072,2020-03-04T22:54:48.072Z,buy,7.249e-05,4.0,0.00028996
NEBL/BTC,1583362522512,2020-03-04T22:55:22.512Z,buy,7.249e-05,54.0,0.00391446
NEBL/BTC,1583362536016,2020-03-04T22:55:36.016Z,buy,7.248e-05,72.0,0.00521856
NEBL/BTC,1583362536033,2020-03-04T22:55:36.033Z,buy,7.248e-05,72.0,0.00521856
NEBL/BTC,1583363723216,2020-03-04T23:15:23.216Z,sell,7.217e-05,2.0,0.00014434
NEBL/BTC,1583363737903,2020-03-04T23:15:37.903Z,buy,7.211e-05,152.0,0.01096072
NEBL/BTC,1583363765287,2020-03-04T23:16:05.287Z,buy,7.211e-05,47.0,0.00338917
NEBL/BTC,1583363789539,2020-03-04T23:16:29.539Z,sell,7.202e-05,55.0,0.0039611
NEBL/BTC,1583363846642,2020-03-04T23:17:26.642Z,sell,7.22e-05,154.0,0.0111188
NEBL/BTC,1583363950231,2020-03-04T23:19:10.231Z,buy,7.24e-05,69.0,0.0049956
NEBL/BTC,1583364107532,2020-03-04T23:21:47.532Z,buy,7.24e-05,28.0,0.0020272
NEBL/BTC,1583364858779,2020-03-04T23:34:18.779Z,buy,7.239e-05,50.0,0.0036195
NEBL/BTC,1583364858799,2020-03-04T23:34:18.799Z,sell,7.239e-05,231.0,0.01672209
NEBL/BTC,1583364874461,2020-03-04T23:34:34.461Z,buy,7.241e-05,8.0,0.00057928
NEBL/BTC,1583364874461,2020-03-04T23:34:34.461Z,buy,7.246e-05,3.0,0.0002173799999999
NEBL/BTC,1583364874461,2020-03-04T23:34:34.461Z,buy,7.251e-05,19.0,0.00137769
NEBL/BTC,1583364874461,2020-03-04T23:34:34.461Z,buy,7.252e-05,89.0,0.00645428
NEBL/BTC,1583364874491,2020-03-04T23:34:34.491Z,sell,7.252e-05,92.0,0.00667184
NEBL/BTC,1583364880353,2020-03-04T23:34:40.353Z,buy,7.252e-05,316.0,0.02291632
NEBL/BTC,1583364889599,2020-03-04T23:34:49.599Z,buy,7.25e-05,79.0,0.0057275
NEBL/BTC,1583364891685,2020-03-04T23:34:51.685Z,buy,7.25e-05,59.0,0.0042775
NEBL/BTC,1583365002606,2020-03-04T23:36:42.606Z,buy,7.246e-05,54.0,0.00391284
NEBL/BTC,1583365146719,2020-03-04T23:39:06.719Z,buy,7.25e-05,4.0,0.00029
NEBL/BTC,1583365146719,2020-03-04T23:39:06.719Z,buy,7.25e-05,4.0,0.00029
NEBL/BTC,1583366107982,2020-03-04T23:55:07.982Z,buy,7.247e-05,12.0,0.00086964
NEBL/BTC,1583366513601,2020-03-05T00:01:53.601Z,buy,7.25e-05,9.0,0.0006525
NEBL/BTC,1583366885177,2020-03-05T00:08:05.177Z,buy,7.247e-05,160.0,0.0115952
NEBL/BTC,1583366885177,2020-03-05T00:08:05.177Z,buy,7.248e-05,20.0,0.0014495999999999
NEBL/BTC,1583367455304,2020-03-05T00:17:35.304Z,buy,7.248e-05,2.0,0.00014496
NEBL/BTC,1583367505976,2020-03-05T00:18:25.976Z,buy,7.248e-05,30.0,0.0021744
NEBL/BTC,1583367505976,2020-03-05T00:18:25.976Z,buy,7.248e-05,30.0,0.0021744
NEBL/BTC,1583368793865,2020-03-05T00:39:53.865Z,buy,7.247e-05,3.0,0.00021741
NEBL/BTC,1583369116865,2020-03-05T00:45:16.865Z,sell,7.238e-05,2.0,0.00014476
NEBL/BTC,1583369178235,2020-03-05T00:46:18.235Z,buy,7.237e-05,19.0,0.00137503
NEBL/BTC,1583369218912,2020-03-05T00:46:58.912Z,buy,7.237e-05,17.0,0.00123029
NEBL/BTC,1583369653452,2020-03-05T00:54:13.452Z,buy,7.248e-05,10.0,0.0007247999999999
NEBL/BTC,1583370164195,2020-03-05T01:02:44.195Z,buy,7.246e-05,509.0,0.0368821399999999
NEBL/BTC,1583370164195,2020-03-05T01:02:44.195Z,buy,7.247e-05,116.0,0.00840652
NEBL/BTC,1583370287743,2020-03-05T01:04:47.743Z,buy,7.248e-05,10.0,0.0007247999999999
NEBL/BTC,1583370287743,2020-03-05T01:04:47.743Z,buy,7.25e-05,16.0,0.00116
NEBL/BTC,1583370287743,2020-03-05T01:04:47.743Z,buy,7.253e-05,2.0,0.00014506
NEBL/BTC,1583370923576,2020-03-05T01:15:23.576Z,buy,7.251e-05,2.0,0.00014502
NEBL/BTC,1583370924849,2020-03-05T01:15:24.849Z,sell,7.222e-05,2.0,0.00014444
NEBL/BTC,1583370924849,2020-03-05T01:15:24.849Z,sell,7.21e-05,4.0,0.0002884
NEBL/BTC,1583370982808,2020-03-05T01:16:22.808Z,sell,7.207e-05,2.0,0.00014414
NEBL/BTC,1583370982808,2020-03-05T01:16:22.808Z,sell,7.205e-05,5.0,0.00036025
NEBL/BTC,1583370986630,2020-03-05T01:16:26.630Z,sell,7.206e-05,5.0,0.0003603
NEBL/BTC,1583370986630,2020-03-05T01:16:26.630Z,sell,7.206e-05,5.0,0.0003603
NEBL/BTC,1583371222682,2020-03-05T01:20:22.682Z,buy,7.246e-05,8.0,0.00057968
NEBL/BTC,1583371222714,2020-03-05T01:20:22.714Z,sell,7.246e-05,25.0,0.0018114999999999
NEBL/BTC,1583371222818,2020-03-05T01:20:22.818Z,sell,7.246e-05,11.0,0.0007970599999999
NEBL/BTC,1583371237650,2020-03-05T01:20:37.650Z,sell,7.246e-05,4.0,0.00028984
NEBL/BTC,1583371253194,2020-03-05T01:20:53.194Z,sell,7.234e-05,203.0,0.01468502
NEBL/BTC,1583371587306,2020-03-05T01:26:27.306Z,sell,7.206e-05,23.0,0.00165738
NEBL/BTC,1583371587306,2020-03-05T01:26:27.306Z,sell,7.201e-05,85.0,0.00612085
NEBL/BTC,1583371587306,2020-03-05T01:26:27.306Z,sell,7.2e-05,334.0,0.024048
NEBL/BTC,1583371647875,2020-03-05T01:27:27.875Z,sell,7.2e-05,2395.0,0.17244
NEBL/BTC,1583371711620,2020-03-05T01:28:31.620Z,buy,7.242e-05,19.0,0.00137598
NEBL/BTC,1583371753370,2020-03-05T01:29:13.370Z,buy,7.242e-05,2.0,0.00014484
NEBL/BTC,1583371775390,2020-03-05T01:29:35.390Z,buy,7.242e-05,3.0,0.00021726
NEBL/BTC,1583372270052,2020-03-05T01:37:50.052Z,buy,7.242e-05,2.0,0.00014484
NEBL/BTC,1583372288332,2020-03-05T01:38:08.332Z,sell,7.232e-05,2.0,0.00014464
NEBL/BTC,1583373153963,2020-03-05T01:52:33.963Z,buy,7.225e-05,21.0,0.00151725
NEBL/BTC,1583373582868,2020-03-05T01:59:42.868Z,sell,7.216e-05,2.0,0.00014432
NEBL/BTC,1583374256135,2020-03-05T02:10:56.135Z,buy,7.246e-05,55.0,0.0039853
NEBL/BTC,1583374422098,2020-03-05T02:13:42.098Z,buy,7.246e-05,283.0,0.02050618
NEBL/BTC,1583374422098,2020-03-05T02:13:42.098Z,buy,7.246e-05,283.0,0.02050618
NEBL/BTC,1583374897040,2020-03-05T02:21:37.040Z,sell,7.208e-05,33.0,0.00237864
NEBL/BTC,1583375095810,2020-03-05T02:24:55.810Z,sell,7.225e-05,35.0,0.0025287499999999
NEBL/BTC,1583375764078,2020-03-05T02:36:04.078Z,sell,7.236e-05,5.0,0.0003618
NEBL/BTC,1583376631325,2020-03-05T02:50:31.325Z,sell,7.225e-05,7.0,0.0005057499999999
NEBL/BTC,1583376633341,2020-03-05T02:50:33.341Z,sell,7.225e-05,7.0,0.0005057499999999
NEBL/BTC,1583376912238,2020-03-05T02:55:12.238Z,buy,7.246e-05,15.0,0.0010869
NEBL/BTC,1583377214430,2020-03-05T03:00:14.430Z,sell,7.226e-05,2.0,0.00014452
NEBL/BTC,1583377214430,2020-03-05T03:00:14.430Z,sell,7.225e-05,98.0,0.0070804999999999
NEBL/BTC,1583377254622,2020-03-05T03:00:54.622Z,sell,7.225e-05,1125.0,0.08128125
NEBL/BTC,1583377452836,2020-03-05T03:04:12.836Z,buy,7.239e-05,20.0,0.0014478
NEBL/BTC,1583377452836,2020-03-05T03:04:12.836Z,buy,7.239e-05,20.0,0.0014478
NEBL/BTC,1583378153628,2020-03-05T03:15:53.628Z,sell,7.237e-05,2.0,0.00014474
NEBL/BTC,1583378153628,2020-03-05T03:15:53.628Z,sell,7.236e-05,2.0,0.00014472
NEBL/BTC,1583378153628,2020-03-05T03:15:53.628Z,sell,7.235e-05,2.0,0.0001447
NEBL/BTC,1583378153628,2020-03-05T03:15:53.628Z,sell,7.234e-05,2.0,0.00014468
NEBL/BTC,1583378153628,2020-03-05T03:15:53.628Z,sell,7.233e-05,2.0,0.00014466
NEBL/BTC,1583378153628,2020-03-05T03:15:53.628Z,sell,7.232e-05,2.0,0.00014464
NEBL/BTC,1583378424647,2020-03-05T03:20:24.647Z,sell,7.231e-05,2.0,0.00014462
NEBL/BTC,1583378553855,2020-03-05T03:22:33.855Z,sell,7.23e-05,2.0,0.0001446
NEBL/BTC,1583378553855,2020-03-05T03:22:33.855Z,sell,7.229e-05,2.0,0.00014458
NEBL/BTC,1583378553855,2020-03-05T03:22:33.855Z,sell,7.228e-05,2.0,0.00014456
NEBL/BTC,1583378553855,2020-03-05T03:22:33.855Z,sell,7.227e-05,2.0,0.00014454
NEBL/BTC,1583378553855,2020-03-05T03:22:33.855Z,sell,7.226e-05,2.0,0.00014452
NEBL/BTC,1583378553855,2020-03-05T03:22:33.855Z,sell,7.225e-05,2.0,0.0001445
NEBL/BTC,1583378553855,2020-03-05T03:22:33.855Z,sell,7.224e-05,2.0,0.00014448
NEBL/BTC,1583378553855,2020-03-05T03:22:33.855Z,sell,7.223e-05,2.0,0.00014446
NEBL/BTC,1583378553855,2020-03-05T03:22:33.855Z,sell,7.222e-05,2.0,0.00014444
NEBL/BTC,1583378553855,2020-03-05T03:22:33.855Z,sell,7.221e-05,2.0,0.00014442
NEBL/BTC,1583378553855,2020-03-05T03:22:33.855Z,sell,7.22e-05,2.0,0.0001444
NEBL/BTC,1583378553855,2020-03-05T03:22:33.855Z,sell,7.219e-05,2.0,0.00014438
NEBL/BTC,1583378553855,2020-03-05T03:22:33.855Z,sell,7.218e-05,2.0,0.00014436
NEBL/BTC,1583378553855,2020-03-05T03:22:33.855Z,sell,7.217e-05,2.0,0.00014434
NEBL/BTC,1583378553855,2020-03-05T03:22:33.855Z,sell,7.216e-05,2.0,0.00014432
NEBL/BTC,1583378553855,2020-03-05T03:22:33.855Z,sell,7.215e-05,2.0,0.0001443
NEBL/BTC,1583378553855,2020-03-05T03:22:33.855Z,sell,7.214e-05,2.0,0.00014428
NEBL/BTC,1583378553855,2020-03-05T03:22:33.855Z,sell,7.213e-05,2.0,0.00014426
NEBL/BTC,1583378553855,2020-03-05T03:22:33.855Z,sell,7.212e-05,2.0,0.00014424
NEBL/BTC,1583378553855,2020-03-05T03:22:33.855Z,sell,7.211e-05,85.0,0.0061293499999999
NEBL/BTC,1583378553855,2020-03-05T03:22:33.855Z,sell,7.21e-05,2.0,0.0001442
NEBL/BTC,1583378553855,2020-03-05T03:22:33.855Z,sell,7.209e-05,2.0,0.00014418
NEBL/BTC,1583378553855,2020-03-05T03:22:33.855Z,sell,7.208e-05,2.0,0.00014416
NEBL/BTC,1583378553855,2020-03-05T03:22:33.855Z,sell,7.207e-05,2.0,0.00014414
NEBL/BTC,1583378553855,2020-03-05T03:22:33.855Z,sell,7.203e-05,7.0,0.0005042099999999
NEBL/BTC,1583379268306,2020-03-05T03:34:28.306Z,buy,7.245e-05,340.0,0.024633
NEBL/BTC,1583379404559,2020-03-05T03:36:44.559Z,buy,7.245e-05,329.0,0.02383605
NEBL/BTC,1583379624808,2020-03-05T03:40:24.808Z,buy,7.245e-05,327.0,0.02369115
NEBL/BTC,1583380106776,2020-03-05T03:48:26.776Z,buy,7.245e-05,2.0,0.0001449
NEBL/BTC,1583380106776,2020-03-05T03:48:26.776Z,buy,7.246e-05,624.0,0.04521504
NEBL/BTC,1583380134238,2020-03-05T03:48:54.238Z,buy,7.246e-05,705.0,0.0510843
NEBL/BTC,1583380225154,2020-03-05T03:50:25.154Z,buy,7.246e-05,93.0,0.00673878
NEBL/BTC,1583380225997,2020-03-05T03:50:25.997Z,sell,7.246e-05,11.0,0.0007970599999999
NEBL/BTC,1583380243490,2020-03-05T03:50:43.490Z,sell,7.246e-05,275.0,0.0199265
NEBL/BTC,1583380283235,2020-03-05T03:51:23.235Z,buy,7.247e-05,6.0,0.00043482
NEBL/BTC,1583380283235,2020-03-05T03:51:23.235Z,buy,7.253e-05,2.0,0.00014506
NEBL/BTC,1583380286061,2020-03-05T03:51:26.061Z,sell,7.246e-05,622.0,0.04507012
NEBL/BTC,1583380286061,2020-03-05T03:51:26.061Z,sell,7.215e-05,630.0,0.0454545
NEBL/BTC,1583380286061,2020-03-05T03:51:26.061Z,sell,7.214e-05,4.0,0.00028856
NEBL/BTC,1583380286061,2020-03-05T03:51:26.061Z,sell,7.207e-05,26.0,0.00187382
NEBL/BTC,1583380286061,2020-03-05T03:51:26.061Z,sell,7.202e-05,5.0,0.0003601
NEBL/BTC,1583380286061,2020-03-05T03:51:26.061Z,sell,7.201e-05,2.0,0.00014402
NEBL/BTC,1583380286061,2020-03-05T03:51:26.061Z,sell,7.2e-05,202.0,0.014544
NEBL/BTC,1583380286753,2020-03-05T03:51:26.753Z,sell,7.207e-05,3.0,0.00021621
NEBL/BTC,1583380286753,2020-03-05T03:51:26.753Z,sell,7.205e-05,3.0,0.00021615
NEBL/BTC,1583380286753,2020-03-05T03:51:26.753Z,sell,7.204e-05,244.0,0.0175777599999999
NEBL/BTC,1583380286753,2020-03-05T03:51:26.753Z,sell,7.202e-05,3.0,0.00021606
NEBL/BTC,1583380286753,2020-03-05T03:51:26.753Z,sell,7.201e-05,7.0,0.00050407
NEBL/BTC,1583380313705,2020-03-05T03:51:53.705Z,buy,7.239e-05,3.0,0.00021717
NEBL/BTC,1583380313705,2020-03-05T03:51:53.705Z,buy,7.241e-05,6.0,0.00043446
NEBL/BTC,1583380313705,2020-03-05T03:51:53.705Z,buy,7.253e-05,16.0,0.00116048
NEBL/BTC,1583380326075,2020-03-05T03:52:06.075Z,buy,7.243e-05,26.0,0.00188318
NEBL/BTC,1583380326075,2020-03-05T03:52:06.075Z,buy,7.256e-05,180.0,0.0130608
NEBL/BTC,1583380367762,2020-03-05T03:52:47.762Z,buy,7.255e-05,65.0,0.00471575
NEBL/BTC,1583380370360,2020-03-05T03:52:50.360Z,buy,7.259e-05,65.0,0.00471835
NEBL/BTC,1583380374213,2020-03-05T03:52:54.213Z,buy,7.259e-05,43.0,0.0031213699999999
NEBL/BTC,1583380402456,2020-03-05T03:53:22.456Z,buy,7.259e-05,464.0,0.03368176
NEBL/BTC,1583380410055,2020-03-05T03:53:30.055Z,buy,7.26e-05,10.0,0.000726
NEBL/BTC,1583380412723,2020-03-05T03:53:32.723Z,buy,7.265e-05,3.0,0.00021795
NEBL/BTC,1583380412723,2020-03-05T03:53:32.723Z,buy,7.268e-05,7.0,0.00050876
NEBL/BTC,1583380413458,2020-03-05T03:53:33.458Z,buy,7.268e-05,10.0,0.0007268
NEBL/BTC,1583380415250,2020-03-05T03:53:35.250Z,buy,7.268e-05,10.0,0.0007268
NEBL/BTC,1583380415497,2020-03-05T03:53:35.497Z,buy,7.268e-05,10.0,0.0007268
NEBL/BTC,1583380420382,2020-03-05T03:53:40.382Z,buy,7.268e-05,13.0,0.00094484
NEBL/BTC,1583380425153,2020-03-05T03:53:45.153Z,buy,7.268e-05,6.0,0.00043608
NEBL/BTC,1583380445759,2020-03-05T03:54:05.759Z,buy,7.268e-05,43.0,0.00312524
NEBL/BTC,1583380453764,2020-03-05T03:54:13.764Z,buy,7.268e-05,12.0,0.00087216
NEBL/BTC,1583380453764,2020-03-05T03:54:13.764Z,buy,7.27e-05,14.0,0.0010178
NEBL/BTC,1583380453764,2020-03-05T03:54:13.764Z,buy,7.276e-05,79.0,0.00574804
NEBL/BTC,1583380646805,2020-03-05T03:57:26.805Z,buy,7.277e-05,4.0,0.00029108
NEBL/BTC,1583380660207,2020-03-05T03:57:40.207Z,buy,7.277e-05,3.0,0.00021831
NEBL/BTC,1583380716691,2020-03-05T03:58:36.691Z,buy,7.277e-05,2.0,0.00014554
NEBL/BTC,1583380726754,2020-03-05T03:58:46.754Z,sell,7.267e-05,2.0,0.00014534
NEBL/BTC,1583380800708,2020-03-05T04:00:00.708Z,sell,7.251e-05,2.0,0.00014502
NEBL/BTC,1583381042710,2020-03-05T04:04:02.710Z,buy,7.251e-05,38.0,0.00275538
NEBL/BTC,1583381048446,2020-03-05T04:04:08.446Z,buy,7.251e-05,12.0,0.0008701199999999
NEBL/BTC,1583381048446,2020-03-05T04:04:08.446Z,buy,7.251e-05,12.0,0.0008701199999999
NEBL/BTC,1583381197114,2020-03-05T04:06:37.114Z,sell,7.215e-05,101.0,0.00728715
NEBL/BTC,1583381347022,2020-03-05T04:09:07.022Z,buy,7.259e-05,4.0,0.00029036
NEBL/BTC,1583381451168,2020-03-05T04:10:51.168Z,buy,7.259e-05,6.0,0.00043554
NEBL/BTC,1583381616127,2020-03-05T04:13:36.127Z,sell,7.259e-05,114.0,0.00827526
NEBL/BTC,1583383667658,2020-03-05T04:47:47.658Z,buy,7.267e-05,11.0,0.00079937
NEBL/BTC,1583383667658,2020-03-05T04:47:47.658Z,buy,7.267e-05,11.0,0.00079937
NEBL/BTC,1583384705099,2020-03-05T05:05:05.099Z,buy,7.251e-05,41.0,0.0029729099999999
NEBL/BTC,1583384767196,2020-03-05T05:06:07.196Z,sell,7.236e-05,2.0,0.00014472
NEBL/BTC,1583384767202,2020-03-05T05:06:07.202Z,buy,7.223e-05,584.0,0.04218232
NEBL/BTC,1583384767202,2020-03-05T05:06:07.202Z,buy,7.223e-05,28.0,0.00202244
NEBL/BTC,1583385029170,2020-03-05T05:10:29.170Z,buy,7.267e-05,1.0,7.267e-05
NEBL/BTC,1583385029170,2020-03-05T05:10:29.170Z,buy,7.275e-05,8.0,0.000582
NEBL/BTC,1583385029170,2020-03-05T05:10:29.170Z,buy,7.277e-05,24.0,0.00174648
NEBL/BTC,1583385029170,2020-03-05T05:10:29.170Z,buy,7.28e-05,51.0,0.0037127999999999
NEBL/BTC,1583385029194,2020-03-05T05:10:29.194Z,sell,7.28e-05,406.0,0.0295567999999999
NEBL/BTC,1583385032428,2020-03-05T05:10:32.428Z,sell,7.28e-05,2.0,0.0001456
NEBL/BTC,1583385058531,2020-03-05T05:10:58.531Z,sell,7.28e-05,4.0,0.0002912
NEBL/BTC,1583385247985,2020-03-05T05:14:07.985Z,buy,7.283e-05,2.0,0.00014566
NEBL/BTC,1583385418188,2020-03-05T05:16:58.188Z,sell,7.28e-05,27.0,0.0019655999999999
NEBL/BTC,1583386033700,2020-03-05T05:27:13.700Z,sell,7.28e-05,66.0,0.0048048
NEBL/BTC,1583386034208,2020-03-05T05:27:14.208Z,sell,7.28e-05,9.0,0.0006552
NEBL/BTC,1583386110727,2020-03-05T05:28:30.727Z,sell,7.28e-05,62.0,0.0045135999999999
NEBL/BTC,1583386429107,2020-03-05T05:33:49.107Z,buy,7.283e-05,3.0,0.00021849
NEBL/BTC,1583386429107,2020-03-05T05:33:49.107Z,buy,7.283e-05,3.0,0.00021849
NEBL/BTC,1583387327170,2020-03-05T05:48:47.170Z,buy,7.283e-05,2.0,0.00014566
NEBL/BTC,1583389264469,2020-03-05T06:21:04.469Z,buy,7.283e-05,7.0,0.00050981
NEBL/BTC,1583389264469,2020-03-05T06:21:04.469Z,buy,7.284e-05,2.0,0.00014568
NEBL/BTC,1583389264469,2020-03-05T06:21:04.469Z,buy,7.287e-05,2.0,0.00014574
NEBL/BTC,1583389264469,2020-03-05T06:21:04.469Z,buy,7.288e-05,6.0,0.0004372799999999
NEBL/BTC,1583389264469,2020-03-05T06:21:04.469Z,buy,7.283e-05,7.0,0.00050981
NEBL/BTC,1583389264469,2020-03-05T06:21:04.469Z,buy,7.284e-05,2.0,0.00014568
NEBL/BTC,1583389264469,2020-03-05T06:21:04.469Z,buy,7.287e-05,2.0,0.00014574
NEBL/BTC,1583389264469,2020-03-05T06:21:04.469Z,buy,7.288e-05,6.0,0.0004372799999999
NEBL/BTC,1583390721853,2020-03-05T06:45:21.853Z,buy,7.286e-05,2.0,0.00014572
NEBL/BTC,1583390910115,2020-03-05T06:48:30.115Z,buy,7.287e-05,22.0,0.0016031399999999
NEBL/BTC,1583390962730,2020-03-05T06:49:22.730Z,buy,7.288e-05,6.0,0.0004372799999999
NEBL/BTC,1583391141987,2020-03-05T06:52:21.987Z,sell,7.281e-05,200.0,0.014562
NEBL/BTC,1583391187066,2020-03-05T06:53:07.066Z,sell,7.281e-05,139.0,0.01012059
NEBL/BTC,1583392276045,2020-03-05T07:11:16.045Z,sell,7.281e-05,27.0,0.00196587
NEBL/BTC,1583392276045,2020-03-05T07:11:16.045Z,sell,7.281e-05,27.0,0.00196587
NEBL/BTC,1583393084427,2020-03-05T07:24:44.427Z,buy,7.288e-05,2.0,0.00014576
NEBL/BTC,1583393291187,2020-03-05T07:28:11.187Z,buy,7.288e-05,42.0,0.0030609599999999
NEBL/BTC,1583393291187,2020-03-05T07:28:11.187Z,buy,7.29e-05,2.0,0.0001458
NEBL/BTC,1583393291187,2020-03-05T07:28:11.187Z,buy,7.291e-05,2.0,0.00014582
NEBL/BTC,1583393291187,2020-03-05T07:28:11.187Z,buy,7.292e-05,6.0,0.00043752
NEBL/BTC,1583393291187,2020-03-05T07:28:11.187Z,buy,7.293e-05,2.0,0.00014586
NEBL/BTC,1583393291187,2020-03-05T07:28:11.187Z,buy,7.294e-05,2.0,0.00014588
NEBL/BTC,1583393291187,2020-03-05T07:28:11.187Z,buy,7.295e-05,2.0,0.0001459
NEBL/BTC,1583393291187,2020-03-05T07:28:11.187Z,buy,7.296e-05,41.0,0.00299136
NEBL/BTC,1583393291187,2020-03-05T07:28:11.187Z,buy,7.297e-05,2.0,0.00014594
NEBL/BTC,1583393291187,2020-03-05T07:28:11.187Z,buy,7.298e-05,210.0,0.0153257999999999
NEBL/BTC,1583393293548,2020-03-05T07:28:13.548Z,buy,7.299e-05,62.0,0.00452538
NEBL/BTC,1583393401939,2020-03-05T07:30:01.939Z,buy,7.299e-05,374.0,0.02729826
NEBL/BTC,1583393692781,2020-03-05T07:34:52.781Z,sell,7.298e-05,12.0,0.00087576
NEBL/BTC,1583393975104,2020-03-05T07:39:35.104Z,sell,7.298e-05,14.0,0.0010217199999999
NEBL/BTC,1583393989165,2020-03-05T07:39:49.165Z,sell,7.281e-05,85.0,0.00618885
NEBL/BTC,1583394058000,2020-03-05T07:40:58.000Z,sell,7.281e-05,13.0,0.00094653
NEBL/BTC,1583394265242,2020-03-05T07:44:25.242Z,sell,7.281e-05,99.0,0.00720819
NEBL/BTC,1583394574335,2020-03-05T07:49:34.335Z,buy,7.285e-05,7.0,0.00050995
NEBL/BTC,1583394872590,2020-03-05T07:54:32.590Z,sell,7.281e-05,437.0,0.03181797
NEBL/BTC,1583394872590,2020-03-05T07:54:32.590Z,sell,7.28e-05,1773.0,0.1290743999999999
NEBL/BTC,1583395070897,2020-03-05T07:57:50.897Z,sell,7.276e-05,2.0,0.00014552
NEBL/BTC,1583395070897,2020-03-05T07:57:50.897Z,sell,7.273e-05,2.0,0.00014546
NEBL/BTC,1583395070897,2020-03-05T07:57:50.897Z,sell,7.253e-05,4.0,0.00029012
NEBL/BTC,1583395070897,2020-03-05T07:57:50.897Z,sell,7.241e-05,2.0,0.00014482
NEBL/BTC,1583395070897,2020-03-05T07:57:50.897Z,sell,7.236e-05,17.0,0.00123012
NEBL/BTC,1583395070897,2020-03-05T07:57:50.897Z,sell,7.235e-05,39.0,0.0028216499999999
NEBL/BTC,1583395116279,2020-03-05T07:58:36.279Z,sell,7.261e-05,11.0,0.00079871
NEBL/BTC,1583395116941,2020-03-05T07:58:36.941Z,buy,7.28e-05,110.0,0.008008
NEBL/BTC,1583395116941,2020-03-05T07:58:36.941Z,buy,7.28e-05,110.0,0.008008
NEBL/BTC,1583396203843,2020-03-05T08:16:43.843Z,buy,7.264e-05,86.0,0.00624704
NEBL/BTC,1583396395841,2020-03-05T08:19:55.841Z,buy,7.287e-05,2.0,0.00014574
NEBL/BTC,1583396743703,2020-03-05T08:25:43.703Z,buy,7.292e-05,4.0,0.00029168
NEBL/BTC,1583396743703,2020-03-05T08:25:43.703Z,buy,7.295e-05,4.0,0.0002918
NEBL/BTC,1583396743703,2020-03-05T08:25:43.703Z,buy,7.298e-05,4.0,0.00029192
NEBL/BTC,1583396743703,2020-03-05T08:25:43.703Z,buy,7.3e-05,15.0,0.001095
NEBL/BTC,1583396795452,2020-03-05T08:26:35.452Z,buy,7.3e-05,3.0,0.000219
NEBL/BTC,1583396796131,2020-03-05T08:26:36.131Z,buy,7.3e-05,22.0,0.001606
NEBL/BTC,1583396806674,2020-03-05T08:26:46.674Z,buy,7.3e-05,110.0,0.00803
NEBL/BTC,1583396827446,2020-03-05T08:27:07.446Z,buy,7.308e-05,132.0,0.00964656
NEBL/BTC,1583396842009,2020-03-05T08:27:22.009Z,buy,7.31e-05,4.0,0.0002924
NEBL/BTC,1583396871870,2020-03-05T08:27:51.870Z,buy,7.31e-05,213.0,0.0155703
NEBL/BTC,1583396952905,2020-03-05T08:29:12.905Z,buy,7.31e-05,2.0,0.0001462
NEBL/BTC,1583396952905,2020-03-05T08:29:12.905Z,buy,7.311e-05,26.0,0.0019008599999999
NEBL/BTC,1583396952905,2020-03-05T08:29:12.905Z,buy,7.312e-05,172.0,0.01257664
NEBL/BTC,1583396954343,2020-03-05T08:29:14.343Z,buy,7.312e-05,81.0,0.00592272
NEBL/BTC,1583396954343,2020-03-05T08:29:14.343Z,buy,7.313e-05,10.0,0.0007313
NEBL/BTC,1583396954343,2020-03-05T08:29:14.343Z,buy,7.314e-05,2.0,0.00014628
