symbol,timestamp,datetime,side,price,amount,btc_volume
NEBL/BTC,1607018402342,2020-12-03T18:00:02.342Z,buy,2.33e-05,10.0,0.000233
NEBL/BTC,1607018456780,2020-12-03T18:00:56.780Z,sell,2.33e-05,5.0,0.0001165
NEBL/BTC,1607018579219,2020-12-03T18:02:59.219Z,buy,2.331e-05,47.0,0.00109557
NEBL/BTC,1607018583276,2020-12-03T18:03:03.276Z,buy,2.331e-05,82.0,0.0019114199999999
NEBL/BTC,1607018583551,2020-12-03T18:03:03.551Z,sell,2.331e-05,5.0,0.0001165499999999
NEBL/BTC,1607018706645,2020-12-03T18:05:06.645Z,buy,2.333e-05,8.0,0.00018664
NEBL/BTC,1607018706645,2020-12-03T18:05:06.645Z,buy,2.335e-05,8.0,0.0001868
NEBL/BTC,1607018706645,2020-12-03T18:05:06.645Z,buy,2.337e-05,12.0,0.00028044
NEBL/BTC,1607018706645,2020-12-03T18:05:06.645Z,buy,2.34e-05,40.0,0.000936
NEBL/BTC,1607018898763,2020-12-03T18:08:18.763Z,buy,2.34e-05,9.0,0.0002106
NEBL/BTC,1607019298974,2020-12-03T18:14:58.974Z,sell,2.331e-05,17.0,0.00039627
NEBL/BTC,1607019486460,2020-12-03T18:18:06.460Z,sell,2.327e-05,5.0,0.00011635
NEBL/BTC,1607019740559,2020-12-03T18:22:20.559Z,sell,2.323e-05,8.0,0.00018584
NEBL/BTC,1607019847982,2020-12-03T18:24:07.982Z,buy,2.321e-05,5.0,0.00011605
NEBL/BTC,1607019861239,2020-12-03T18:24:21.239Z,sell,2.32e-05,7.0,0.0001624
NEBL/BTC,1607019900638,2020-12-03T18:25:00.638Z,sell,2.319e-05,14.0,0.00032466
NEBL/BTC,1607020060647,2020-12-03T18:27:40.647Z,buy,2.315e-05,5.0,0.00011575
NEBL/BTC,1607020082142,2020-12-03T18:28:02.142Z,sell,2.314e-05,39.0,0.0009024599999999
NEBL/BTC,1607020200309,2020-12-03T18:30:00.309Z,sell,2.311e-05,8.0,0.00018488
NEBL/BTC,1607020200581,2020-12-03T18:30:00.581Z,buy,2.311e-05,5.0,0.00011555
NEBL/BTC,1607020220168,2020-12-03T18:30:20.168Z,sell,2.305e-05,14.0,0.0003227
NEBL/BTC,1607020220168,2020-12-03T18:30:20.168Z,sell,2.304e-05,191.0,0.00440064
NEBL/BTC,1607020220168,2020-12-03T18:30:20.168Z,sell,2.303e-05,538.0,0.01239014
NEBL/BTC,1607020233958,2020-12-03T18:30:33.958Z,sell,2.303e-05,255.0,0.00587265
NEBL/BTC,1607020261256,2020-12-03T18:31:01.256Z,sell,2.303e-05,51.0,0.00117453
NEBL/BTC,1607020403218,2020-12-03T18:33:23.218Z,sell,2.303e-05,110.0,0.0025333
NEBL/BTC,1607020447567,2020-12-03T18:34:07.567Z,sell,2.302e-05,23.0,0.00052946
NEBL/BTC,1607020447567,2020-12-03T18:34:07.567Z,sell,2.301e-05,5.0,0.00011505
NEBL/BTC,1607020447567,2020-12-03T18:34:07.567Z,sell,2.3e-05,66.0,0.001518
NEBL/BTC,1607020487820,2020-12-03T18:34:47.820Z,buy,2.31e-05,14.0,0.0003234
NEBL/BTC,1607020490022,2020-12-03T18:34:50.022Z,buy,2.31e-05,21.0,0.0004851
NEBL/BTC,1607021365373,2020-12-03T18:49:25.373Z,buy,2.31e-05,1987.0,0.0458996999999999
NEBL/BTC,1607021365488,2020-12-03T18:49:25.488Z,buy,2.31e-05,354.0,0.0081774
NEBL/BTC,1607021505333,2020-12-03T18:51:45.333Z,sell,2.3e-05,53.0,0.001219
NEBL/BTC,1607021798743,2020-12-03T18:56:38.743Z,buy,2.308e-05,23.0,0.00053084
NEBL/BTC,1607021798756,2020-12-03T18:56:38.756Z,buy,2.308e-05,17.0,0.0003923599999999
NEBL/BTC,1607021943262,2020-12-03T18:59:03.262Z,buy,2.307e-05,47.0,0.00108429
NEBL/BTC,1607021943262,2020-12-03T18:59:03.262Z,buy,2.307e-05,47.0,0.00108429
NEBL/BTC,1607022268121,2020-12-03T19:04:28.121Z,sell,2.3e-05,80.0,0.00184
NEBL/BTC,1607022281622,2020-12-03T19:04:41.622Z,sell,2.299e-05,24.0,0.00055176
NEBL/BTC,1607022295325,2020-12-03T19:04:55.325Z,sell,2.292e-05,11.0,0.00025212
NEBL/BTC,1607022295325,2020-12-03T19:04:55.325Z,sell,2.29e-05,246.0,0.0056334
NEBL/BTC,1607022295325,2020-12-03T19:04:55.325Z,sell,2.289e-05,5.0,0.0001144499999999
NEBL/BTC,1607022295325,2020-12-03T19:04:55.325Z,sell,2.288e-05,13.0,0.00029744
NEBL/BTC,1607022295325,2020-12-03T19:04:55.325Z,sell,2.287e-05,8.0,0.00018296
NEBL/BTC,1607022295325,2020-12-03T19:04:55.325Z,sell,2.286e-05,254.0,0.00580644
NEBL/BTC,1607022295325,2020-12-03T19:04:55.325Z,sell,2.285e-05,175.0,0.00399875
NEBL/BTC,1607022295325,2020-12-03T19:04:55.325Z,sell,2.284e-05,156.0,0.00356304
NEBL/BTC,1607022350101,2020-12-03T19:05:50.101Z,buy,2.299e-05,5.0,0.0001149499999999
NEBL/BTC,1607022356337,2020-12-03T19:05:56.337Z,buy,2.299e-05,41.0,0.00094259
NEBL/BTC,1607022584875,2020-12-03T19:09:44.875Z,sell,2.291e-05,1744.0,0.03995504
NEBL/BTC,1607022584901,2020-12-03T19:09:44.901Z,buy,2.291e-05,54.0,0.0012371399999999
NEBL/BTC,1607022584996,2020-12-03T19:09:44.996Z,buy,2.291e-05,51.0,0.00116841
NEBL/BTC,1607022597054,2020-12-03T19:09:57.054Z,buy,2.291e-05,43.0,0.0009851299999999
NEBL/BTC,1607022719640,2020-12-03T19:11:59.640Z,sell,2.29e-05,1555.0,0.0356095
NEBL/BTC,1607022719640,2020-12-03T19:11:59.640Z,sell,2.289e-05,568.0,0.0130015199999999
NEBL/BTC,1607022719759,2020-12-03T19:11:59.759Z,buy,2.289e-05,45.0,0.00103005
NEBL/BTC,1607022994634,2020-12-03T19:16:34.634Z,buy,2.299e-05,8.0,0.00018392
NEBL/BTC,1607022994634,2020-12-03T19:16:34.634Z,buy,2.301e-05,5.0,0.00011505
NEBL/BTC,1607022994634,2020-12-03T19:16:34.634Z,buy,2.302e-05,104.0,0.00239408
NEBL/BTC,1607023006634,2020-12-03T19:16:46.634Z,sell,2.29e-05,175.0,0.0040075
NEBL/BTC,1607023006634,2020-12-03T19:16:46.634Z,sell,2.289e-05,10.0,0.0002288999999999
NEBL/BTC,1607023006634,2020-12-03T19:16:46.634Z,sell,2.288e-05,178.0,0.00407264
NEBL/BTC,1607023180690,2020-12-03T19:19:40.690Z,sell,2.287e-05,609.0,0.01392783
NEBL/BTC,1607023311306,2020-12-03T19:21:51.306Z,sell,2.284e-05,86.0,0.00196424
NEBL/BTC,1607023401638,2020-12-03T19:23:21.638Z,sell,2.284e-05,128.0,0.00292352
NEBL/BTC,1607023401638,2020-12-03T19:23:21.638Z,sell,2.283e-05,14.0,0.00031962
NEBL/BTC,1607023401638,2020-12-03T19:23:21.638Z,sell,2.282e-05,327.0,0.0074621399999999
NEBL/BTC,1607023401638,2020-12-03T19:23:21.638Z,sell,2.281e-05,269.0,0.00613589
NEBL/BTC,1607023563558,2020-12-03T19:26:03.558Z,sell,2.281e-05,326.0,0.00743606
NEBL/BTC,1607023564513,2020-12-03T19:26:04.513Z,sell,2.28e-05,122.0,0.0027816
NEBL/BTC,1607023564513,2020-12-03T19:26:04.513Z,sell,2.278e-05,610.0,0.0138958
NEBL/BTC,1607023564513,2020-12-03T19:26:04.513Z,sell,2.276e-05,433.0,0.0098550799999999
NEBL/BTC,1607023564513,2020-12-03T19:26:04.513Z,sell,2.275e-05,519.0,0.01180725
NEBL/BTC,1607023564513,2020-12-03T19:26:04.513Z,sell,2.274e-05,10.0,0.0002274
NEBL/BTC,1607023564513,2020-12-03T19:26:04.513Z,sell,2.272e-05,184.0,0.00418048
NEBL/BTC,1607023564513,2020-12-03T19:26:04.513Z,sell,2.271e-05,101.0,0.00229371
NEBL/BTC,1607023564513,2020-12-03T19:26:04.513Z,sell,2.27e-05,134.0,0.0030418
NEBL/BTC,1607023613498,2020-12-03T19:26:53.498Z,buy,2.279e-05,35.0,0.00079765
NEBL/BTC,1607023755420,2020-12-03T19:29:15.420Z,sell,2.272e-05,95.0,0.0021584
NEBL/BTC,1607023755420,2020-12-03T19:29:15.420Z,sell,2.271e-05,220.0,0.0049962
NEBL/BTC,1607023845382,2020-12-03T19:30:45.382Z,buy,2.281e-05,53.0,0.00120893
NEBL/BTC,1607023865604,2020-12-03T19:31:05.604Z,buy,2.282e-05,61.0,0.0013920199999999
NEBL/BTC,1607023883342,2020-12-03T19:31:23.342Z,sell,2.281e-05,806.0,0.01838486
NEBL/BTC,1607023931808,2020-12-03T19:32:11.808Z,buy,2.28e-05,5.0,0.0001139999999999
NEBL/BTC,1607024205681,2020-12-03T19:36:45.681Z,sell,2.275e-05,391.0,0.00889525
NEBL/BTC,1607024205681,2020-12-03T19:36:45.681Z,sell,2.272e-05,420.0,0.0095424
NEBL/BTC,1607024361026,2020-12-03T19:39:21.026Z,sell,2.272e-05,83.0,0.00188576
NEBL/BTC,1607024366248,2020-12-03T19:39:26.248Z,buy,2.272e-05,133.0,0.00302176
NEBL/BTC,1607024379040,2020-12-03T19:39:39.040Z,sell,2.27e-05,499.0,0.0113273
NEBL/BTC,1607024432880,2020-12-03T19:40:32.880Z,sell,2.27e-05,3933.0,0.0892791
NEBL/BTC,1607024521095,2020-12-03T19:42:01.095Z,sell,2.269e-05,27.0,0.00061263
NEBL/BTC,1607024521095,2020-12-03T19:42:01.095Z,sell,2.267e-05,6.0,0.00013602
NEBL/BTC,1607024521095,2020-12-03T19:42:01.095Z,sell,2.264e-05,423.0,0.00957672
NEBL/BTC,1607024591480,2020-12-03T19:43:11.480Z,sell,2.264e-05,46.0,0.00104144
NEBL/BTC,1607024595026,2020-12-03T19:43:15.026Z,buy,2.27e-05,12.0,0.0002724
NEBL/BTC,1607024800727,2020-12-03T19:46:40.727Z,sell,2.263e-05,21.0,0.00047523
NEBL/BTC,1607025336534,2020-12-03T19:55:36.534Z,buy,2.27e-05,67.0,0.0015209
NEBL/BTC,1607025402904,2020-12-03T19:56:42.904Z,sell,2.263e-05,5.0,0.0001131499999999
NEBL/BTC,1607025402904,2020-12-03T19:56:42.904Z,sell,2.262e-05,61.0,0.00137982
NEBL/BTC,1607025402904,2020-12-03T19:56:42.904Z,sell,2.263e-05,5.0,0.0001131499999999
NEBL/BTC,1607025402904,2020-12-03T19:56:42.904Z,sell,2.262e-05,61.0,0.00137982
NEBL/BTC,1607025852326,2020-12-03T20:04:12.326Z,sell,2.264e-05,59.0,0.00133576
NEBL/BTC,1607025862955,2020-12-03T20:04:22.955Z,buy,2.27e-05,2.0,4.54e-05
NEBL/BTC,1607025865349,2020-12-03T20:04:25.349Z,sell,2.26e-05,25.0,0.000565
NEBL/BTC,1607026008667,2020-12-03T20:06:48.667Z,buy,2.27e-05,221.0,0.0050167
NEBL/BTC,1607026742184,2020-12-03T20:19:02.184Z,buy,2.27e-05,2.0,4.54e-05
NEBL/BTC,1607027047557,2020-12-03T20:24:07.557Z,sell,2.26e-05,55.0,0.001243
NEBL/BTC,1607027913033,2020-12-03T20:38:33.033Z,buy,2.269e-05,8.0,0.00018152
NEBL/BTC,1607027913033,2020-12-03T20:38:33.033Z,buy,2.269e-05,8.0,0.00018152
NEBL/BTC,1607029164601,2020-12-03T20:59:24.601Z,sell,2.26e-05,94.0,0.0021244
NEBL/BTC,1607029279185,2020-12-03T21:01:19.185Z,buy,2.269e-05,35.0,0.00079415
NEBL/BTC,1607029573696,2020-12-03T21:06:13.696Z,buy,2.269e-05,114.0,0.00258666
NEBL/BTC,1607029604347,2020-12-03T21:06:44.347Z,buy,2.27e-05,368.0,0.0083536
NEBL/BTC,1607029807857,2020-12-03T21:10:07.857Z,buy,2.27e-05,587.0,0.0133248999999999
NEBL/BTC,1607029822530,2020-12-03T21:10:22.530Z,buy,2.272e-05,6.0,0.00013632
NEBL/BTC,1607029822530,2020-12-03T21:10:22.530Z,buy,2.273e-05,64.0,0.00145472
NEBL/BTC,1607030098056,2020-12-03T21:14:58.056Z,buy,2.273e-05,367.0,0.00834191
NEBL/BTC,1607030112681,2020-12-03T21:15:12.681Z,buy,2.273e-05,11.0,0.00025003
NEBL/BTC,1607030138833,2020-12-03T21:15:38.833Z,buy,2.273e-05,11.0,0.00025003
NEBL/BTC,1607030140072,2020-12-03T21:15:40.072Z,buy,2.273e-05,16.0,0.00036368
NEBL/BTC,1607030263937,2020-12-03T21:17:43.937Z,buy,2.275e-05,8.0,0.000182
NEBL/BTC,1607030263937,2020-12-03T21:17:43.937Z,buy,2.276e-05,5.0,0.0001138
NEBL/BTC,1607030295032,2020-12-03T21:18:15.032Z,buy,2.279e-05,88.0,0.00200552
NEBL/BTC,1607030616637,2020-12-03T21:23:36.637Z,buy,2.279e-05,199.0,0.00453521
NEBL/BTC,1607030982161,2020-12-03T21:29:42.161Z,sell,2.279e-05,220.0,0.0050138
NEBL/BTC,1607031156347,2020-12-03T21:32:36.347Z,sell,2.279e-05,5.0,0.00011395
NEBL/BTC,1607031176940,2020-12-03T21:32:56.940Z,sell,2.279e-05,210.0,0.0047859
NEBL/BTC,1607031304166,2020-12-03T21:35:04.166Z,sell,2.279e-05,5.0,0.00011395
NEBL/BTC,1607031308430,2020-12-03T21:35:08.430Z,sell,2.279e-05,5.0,0.00011395
NEBL/BTC,1607031411403,2020-12-03T21:36:51.403Z,sell,2.279e-05,225.0,0.00512775
NEBL/BTC,1607031411403,2020-12-03T21:36:51.403Z,sell,2.279e-05,225.0,0.00512775
NEBL/BTC,1607031592214,2020-12-03T21:39:52.214Z,buy,2.28e-05,122.0,0.0027816
NEBL/BTC,1607031592214,2020-12-03T21:39:52.214Z,buy,2.286e-05,7.0,0.00016002
NEBL/BTC,1607031592214,2020-12-03T21:39:52.214Z,buy,2.287e-05,8.0,0.00018296
NEBL/BTC,1607031592214,2020-12-03T21:39:52.214Z,buy,2.288e-05,95.0,0.0021736
NEBL/BTC,1607032214174,2020-12-03T21:50:14.174Z,buy,2.288e-05,42.0,0.00096096
NEBL/BTC,1607032214174,2020-12-03T21:50:14.174Z,buy,2.289e-05,152.0,0.00347928
NEBL/BTC,1607032214174,2020-12-03T21:50:14.174Z,buy,2.29e-05,313.0,0.0071677
NEBL/BTC,1607032331179,2020-12-03T21:52:11.179Z,sell,2.283e-05,107.0,0.00244281
NEBL/BTC,1607032381530,2020-12-03T21:53:01.530Z,sell,2.283e-05,24.0,0.00054792
NEBL/BTC,1607032748009,2020-12-03T21:59:08.009Z,buy,2.283e-05,5.0,0.00011415
NEBL/BTC,1607032967527,2020-12-03T22:02:47.527Z,sell,2.276e-05,31.0,0.0007055599999999
NEBL/BTC,1607032967527,2020-12-03T22:02:47.527Z,sell,2.275e-05,321.0,0.00730275
NEBL/BTC,1607032967528,2020-12-03T22:02:47.528Z,sell,2.275e-05,564.0,0.012831
NEBL/BTC,1607032967529,2020-12-03T22:02:47.529Z,sell,2.275e-05,31.0,0.00070525
NEBL/BTC,1607032967531,2020-12-03T22:02:47.531Z,sell,2.275e-05,31.0,0.00070525
NEBL/BTC,1607032967531,2020-12-03T22:02:47.531Z,sell,2.275e-05,31.0,0.00070525
NEBL/BTC,1607032967531,2020-12-03T22:02:47.531Z,sell,2.275e-05,31.0,0.00070525
NEBL/BTC,1607032967532,2020-12-03T22:02:47.532Z,sell,2.275e-05,31.0,0.00070525
NEBL/BTC,1607032967534,2020-12-03T22:02:47.534Z,sell,2.275e-05,31.0,0.00070525
NEBL/BTC,1607032967534,2020-12-03T22:02:47.534Z,sell,2.275e-05,31.0,0.00070525
NEBL/BTC,1607032967534,2020-12-03T22:02:47.534Z,sell,2.275e-05,3.0,6.825e-05
NEBL/BTC,1607032967534,2020-12-03T22:02:47.534Z,sell,2.274e-05,28.0,0.00063672
NEBL/BTC,1607032967534,2020-12-03T22:02:47.534Z,sell,2.274e-05,31.0,0.0007049399999999
NEBL/BTC,1607032967537,2020-12-03T22:02:47.537Z,sell,2.274e-05,31.0,0.0007049399999999
NEBL/BTC,1607033038123,2020-12-03T22:03:58.123Z,sell,2.276e-05,5.0,0.0001138
NEBL/BTC,1607033178605,2020-12-03T22:06:18.605Z,buy,2.287e-05,5.0,0.00011435
NEBL/BTC,1607033365292,2020-12-03T22:09:25.292Z,sell,2.285e-05,2055.0,0.04695675
NEBL/BTC,1607033401896,2020-12-03T22:10:01.896Z,sell,2.285e-05,65.0,0.00148525
NEBL/BTC,1607033462001,2020-12-03T22:11:02.001Z,sell,2.285e-05,220.0,0.005027
NEBL/BTC,1607033862327,2020-12-03T22:17:42.327Z,buy,2.287e-05,3.0,6.861e-05
NEBL/BTC,1607033862327,2020-12-03T22:17:42.327Z,buy,2.289e-05,5.0,0.0001144499999999
NEBL/BTC,1607033862327,2020-12-03T22:17:42.327Z,buy,2.297e-05,5.0,0.00011485
NEBL/BTC,1607033862327,2020-12-03T22:17:42.327Z,buy,2.299e-05,175.0,0.00402325
NEBL/BTC,1607033862327,2020-12-03T22:17:42.327Z,buy,2.3e-05,79.0,0.001817
NEBL/BTC,1607033961150,2020-12-03T22:19:21.150Z,buy,2.299e-05,29.0,0.0006667099999999
NEBL/BTC,1607033962157,2020-12-03T22:19:22.157Z,buy,2.3e-05,49.0,0.001127
NEBL/BTC,1607033983641,2020-12-03T22:19:43.641Z,sell,2.287e-05,8.0,0.00018296
NEBL/BTC,1607033983641,2020-12-03T22:19:43.641Z,sell,2.285e-05,151.0,0.00345035
NEBL/BTC,1607033998467,2020-12-03T22:19:58.467Z,sell,2.277e-05,88.0,0.00200376
NEBL/BTC,1607034000795,2020-12-03T22:20:00.795Z,buy,2.283e-05,107.0,0.00244281
NEBL/BTC,1607034716942,2020-12-03T22:31:56.942Z,buy,2.297e-05,8.0,0.00018376
NEBL/BTC,1607034716942,2020-12-03T22:31:56.942Z,buy,2.298e-05,107.0,0.00245886
NEBL/BTC,1607034716942,2020-12-03T22:31:56.942Z,buy,2.299e-05,8.0,0.00018392
NEBL/BTC,1607034716942,2020-12-03T22:31:56.942Z,buy,2.3e-05,93.0,0.002139
NEBL/BTC,1607034716942,2020-12-03T22:31:56.942Z,buy,2.301e-05,248.0,0.00570648
NEBL/BTC,1607034716942,2020-12-03T22:31:56.942Z,buy,2.302e-05,185.0,0.0042587
NEBL/BTC,1607034716942,2020-12-03T22:31:56.942Z,buy,2.303e-05,388.0,0.00893564
NEBL/BTC,1607034716942,2020-12-03T22:31:56.942Z,buy,2.307e-05,349.0,0.00805143
NEBL/BTC,1607034716942,2020-12-03T22:31:56.942Z,buy,2.308e-05,20.0,0.0004616
NEBL/BTC,1607034716942,2020-12-03T22:31:56.942Z,buy,2.31e-05,792.0,0.0182951999999999
NEBL/BTC,1607034716949,2020-12-03T22:31:56.949Z,sell,2.31e-05,313.0,0.0072302999999999
NEBL/BTC,1607034716952,2020-12-03T22:31:56.952Z,sell,2.31e-05,86.0,0.0019866
NEBL/BTC,1607034843643,2020-12-03T22:34:03.643Z,buy,2.294e-05,6.0,0.00013764
NEBL/BTC,1607034982764,2020-12-03T22:36:22.764Z,buy,2.294e-05,13.0,0.00029822
NEBL/BTC,1607034983275,2020-12-03T22:36:23.275Z,buy,2.294e-05,5.0,0.0001147
NEBL/BTC,1607034983275,2020-12-03T22:36:23.275Z,buy,2.294e-05,5.0,0.0001147
NEBL/BTC,1607035056574,2020-12-03T22:37:36.574Z,buy,2.294e-05,5.0,0.0001147
NEBL/BTC,1607035095646,2020-12-03T22:38:15.646Z,sell,2.289e-05,5.0,0.0001144499999999
NEBL/BTC,1607035114560,2020-12-03T22:38:34.560Z,sell,2.287e-05,8.0,0.00018296
NEBL/BTC,1607035114560,2020-12-03T22:38:34.560Z,sell,2.286e-05,21.0,0.00048006
NEBL/BTC,1607035114560,2020-12-03T22:38:34.560Z,sell,2.28e-05,122.0,0.0027816
NEBL/BTC,1607035114560,2020-12-03T22:38:34.560Z,sell,2.279e-05,201.0,0.00458079
NEBL/BTC,1607035114679,2020-12-03T22:38:34.679Z,buy,2.279e-05,65.0,0.00148135
NEBL/BTC,1607035115836,2020-12-03T22:38:35.836Z,buy,2.279e-05,1070.0,0.0243853
NEBL/BTC,1607035115840,2020-12-03T22:38:35.840Z,buy,2.279e-05,358.0,0.00815882
NEBL/BTC,1607035115841,2020-12-03T22:38:35.841Z,buy,2.279e-05,106.0,0.00241574
NEBL/BTC,1607035116019,2020-12-03T22:38:36.019Z,buy,2.279e-05,115.0,0.00262085
NEBL/BTC,1607035448660,2020-12-03T22:44:08.660Z,buy,2.285e-05,55.0,0.00125675
NEBL/BTC,1607035448660,2020-12-03T22:44:08.660Z,buy,2.299e-05,123.0,0.00282777
NEBL/BTC,1607035448660,2020-12-03T22:44:08.660Z,buy,2.3e-05,122.0,0.002806
NEBL/BTC,1607035448660,2020-12-03T22:44:08.660Z,buy,2.301e-05,5.0,0.00011505
NEBL/BTC,1607035448660,2020-12-03T22:44:08.660Z,buy,2.303e-05,7.0,0.00016121
NEBL/BTC,1607035448660,2020-12-03T22:44:08.660Z,buy,2.304e-05,4.0,9.216e-05
NEBL/BTC,1607035488237,2020-12-03T22:44:48.237Z,sell,2.29e-05,176.0,0.0040304
NEBL/BTC,1607035841837,2020-12-03T22:50:41.837Z,sell,2.295e-05,299.0,0.00686205
NEBL/BTC,1607035906884,2020-12-03T22:51:46.884Z,buy,2.307e-05,5.0,0.00011535
NEBL/BTC,1607035993591,2020-12-03T22:53:13.591Z,sell,2.295e-05,261.0,0.00598995
NEBL/BTC,1607035999060,2020-12-03T22:53:19.060Z,buy,2.306e-05,7.0,0.00016142
NEBL/BTC,1607036173834,2020-12-03T22:56:13.834Z,buy,2.306e-05,427.0,0.00984662
NEBL/BTC,1607036173849,2020-12-03T22:56:13.849Z,sell,2.306e-05,36.0,0.0008301599999999
NEBL/BTC,1607036198855,2020-12-03T22:56:38.855Z,sell,2.306e-05,194.0,0.00447364
NEBL/BTC,1607036201700,2020-12-03T22:56:41.700Z,sell,2.306e-05,393.0,0.00906258
NEBL/BTC,1607036231596,2020-12-03T22:57:11.596Z,sell,2.306e-05,18.0,0.0004150799999999
NEBL/BTC,1607036605695,2020-12-03T23:03:25.695Z,sell,2.296e-05,1048.0,0.02406208
NEBL/BTC,1607036808858,2020-12-03T23:06:48.858Z,buy,2.296e-05,5.0,0.0001148
NEBL/BTC,1607037207859,2020-12-03T23:13:27.859Z,sell,2.289e-05,5.0,0.0001144499999999
NEBL/BTC,1607037207859,2020-12-03T23:13:27.859Z,sell,2.287e-05,8.0,0.00018296
NEBL/BTC,1607037207859,2020-12-03T23:13:27.859Z,sell,2.286e-05,7.0,0.00016002
NEBL/BTC,1607037207859,2020-12-03T23:13:27.859Z,sell,2.282e-05,158.0,0.00360556
NEBL/BTC,1607037207859,2020-12-03T23:13:27.859Z,sell,2.281e-05,44.0,0.00100364
NEBL/BTC,1607037207859,2020-12-03T23:13:27.859Z,sell,2.28e-05,122.0,0.0027816
NEBL/BTC,1607037207859,2020-12-03T23:13:27.859Z,sell,2.277e-05,310.0,0.0070587
NEBL/BTC,1607037207859,2020-12-03T23:13:27.859Z,sell,2.289e-05,5.0,0.0001144499999999
NEBL/BTC,1607037207859,2020-12-03T23:13:27.859Z,sell,2.287e-05,8.0,0.00018296
NEBL/BTC,1607037207859,2020-12-03T23:13:27.859Z,sell,2.286e-05,7.0,0.00016002
NEBL/BTC,1607037207859,2020-12-03T23:13:27.859Z,sell,2.282e-05,158.0,0.00360556
NEBL/BTC,1607037207859,2020-12-03T23:13:27.859Z,sell,2.281e-05,44.0,0.00100364
NEBL/BTC,1607037207859,2020-12-03T23:13:27.859Z,sell,2.28e-05,122.0,0.0027816
NEBL/BTC,1607037207859,2020-12-03T23:13:27.859Z,sell,2.277e-05,310.0,0.0070587
NEBL/BTC,1607038756861,2020-12-03T23:39:16.861Z,buy,2.298e-05,25.0,0.0005745
NEBL/BTC,1607038879083,2020-12-03T23:41:19.083Z,buy,2.298e-05,102.0,0.00234396
NEBL/BTC,1607039515152,2020-12-03T23:51:55.152Z,sell,2.284e-05,30.0,0.0006852
NEBL/BTC,1607040093096,2020-12-04T00:01:33.096Z,sell,2.295e-05,180.0,0.004131
NEBL/BTC,1607040095553,2020-12-04T00:01:35.553Z,buy,2.297e-05,15.0,0.00034455
NEBL/BTC,1607040123118,2020-12-04T00:02:03.118Z,buy,2.297e-05,371.0,0.0085218699999999
NEBL/BTC,1607040123118,2020-12-04T00:02:03.118Z,buy,2.299e-05,8.0,0.00018392
NEBL/BTC,1607040136502,2020-12-04T00:02:16.502Z,buy,2.3e-05,122.0,0.002806
NEBL/BTC,1607040136502,2020-12-04T00:02:16.502Z,buy,2.301e-05,5.0,0.00011505
NEBL/BTC,1607040136502,2020-12-04T00:02:16.502Z,buy,2.303e-05,7.0,0.00016121
NEBL/BTC,1607040136502,2020-12-04T00:02:16.502Z,buy,2.307e-05,9.0,0.00020763
NEBL/BTC,1607040136502,2020-12-04T00:02:16.502Z,buy,2.311e-05,15.0,0.00034665
NEBL/BTC,1607040136502,2020-12-04T00:02:16.502Z,buy,2.312e-05,5.0,0.0001155999999999
NEBL/BTC,1607040136502,2020-12-04T00:02:16.502Z,buy,2.314e-05,5.0,0.0001157
NEBL/BTC,1607040136502,2020-12-04T00:02:16.502Z,buy,2.315e-05,9.0,0.00020835
NEBL/BTC,1607040136624,2020-12-04T00:02:16.624Z,sell,2.299e-05,25.0,0.00057475
NEBL/BTC,1607040138506,2020-12-04T00:02:18.506Z,sell,2.301e-05,5.0,0.00011505
NEBL/BTC,1607040138959,2020-12-04T00:02:18.959Z,sell,2.298e-05,17.0,0.00039066
NEBL/BTC,1607040186285,2020-12-04T00:03:06.285Z,sell,2.299e-05,8.0,0.00018392
NEBL/BTC,1607040268534,2020-12-04T00:04:28.534Z,buy,2.299e-05,106.0,0.00243694
NEBL/BTC,1607040305165,2020-12-04T00:05:05.165Z,buy,2.299e-05,110.0,0.0025288999999999
NEBL/BTC,1607040394737,2020-12-04T00:06:34.737Z,buy,2.299e-05,343.0,0.00788557
NEBL/BTC,1607040397325,2020-12-04T00:06:37.325Z,buy,2.299e-05,1150.0,0.0264384999999999
NEBL/BTC,1607040438864,2020-12-04T00:07:18.864Z,sell,2.3e-05,166.0,0.003818
NEBL/BTC,1607040438864,2020-12-04T00:07:18.864Z,sell,2.3e-05,166.0,0.003818
NEBL/BTC,1607040853274,2020-12-04T00:14:13.274Z,sell,2.299e-05,31.0,0.00071269
NEBL/BTC,1607040853314,2020-12-04T00:14:13.314Z,sell,2.299e-05,31.0,0.00071269
NEBL/BTC,1607040853342,2020-12-04T00:14:13.342Z,sell,2.299e-05,31.0,0.00071269
NEBL/BTC,1607040853374,2020-12-04T00:14:13.374Z,sell,2.299e-05,35.0,0.00080465
NEBL/BTC,1607040920818,2020-12-04T00:15:20.818Z,buy,2.3e-05,5.0,0.000115
NEBL/BTC,1607041561051,2020-12-04T00:26:01.051Z,sell,2.299e-05,516.0,0.01186284
NEBL/BTC,1607041828936,2020-12-04T00:30:28.936Z,buy,2.3e-05,47.0,0.001081
NEBL/BTC,1607041920460,2020-12-04T00:32:00.460Z,buy,2.3e-05,1238.0,0.028474
NEBL/BTC,1607041941477,2020-12-04T00:32:21.477Z,sell,2.3e-05,1000.0,0.023
NEBL/BTC,1607042296617,2020-12-04T00:38:16.617Z,sell,2.3e-05,175.0,0.004025
NEBL/BTC,1607042881672,2020-12-04T00:48:01.672Z,sell,2.3e-05,54.0,0.001242
NEBL/BTC,1607043053706,2020-12-04T00:50:53.706Z,sell,2.3e-05,284.0,0.006532
NEBL/BTC,1607043126375,2020-12-04T00:52:06.375Z,sell,2.3e-05,1368.0,0.031464
NEBL/BTC,1607043135650,2020-12-04T00:52:15.650Z,sell,2.299e-05,1891.0,0.04347409
NEBL/BTC,1607043135650,2020-12-04T00:52:15.650Z,sell,2.289e-05,5.0,0.0001144499999999
NEBL/BTC,1607043135650,2020-12-04T00:52:15.650Z,sell,2.288e-05,338.0,0.00773344
NEBL/BTC,1607043135650,2020-12-04T00:52:15.650Z,sell,2.287e-05,3919.0,0.08962753
NEBL/BTC,1607043135659,2020-12-04T00:52:15.659Z,buy,2.287e-05,123.0,0.00281301
NEBL/BTC,1607043135663,2020-12-04T00:52:15.663Z,buy,2.287e-05,681.0,0.01557447
NEBL/BTC,1607043135668,2020-12-04T00:52:15.668Z,buy,2.287e-05,61.0,0.00139507
NEBL/BTC,1607043135742,2020-12-04T00:52:15.742Z,buy,2.287e-05,331.0,0.00756997
NEBL/BTC,1607043142870,2020-12-04T00:52:22.870Z,sell,2.287e-05,1283.0,0.02934221
NEBL/BTC,1607043243477,2020-12-04T00:54:03.477Z,buy,2.298e-05,127.0,0.00291846
NEBL/BTC,1607043243477,2020-12-04T00:54:03.477Z,buy,2.299e-05,8.0,0.00018392
NEBL/BTC,1607043243477,2020-12-04T00:54:03.477Z,buy,2.301e-05,5.0,0.00011505
NEBL/BTC,1607043256063,2020-12-04T00:54:16.063Z,sell,2.301e-05,260.0,0.0059826
NEBL/BTC,1607043365397,2020-12-04T00:56:05.397Z,buy,2.306e-05,380.0,0.0087628
NEBL/BTC,1607043421454,2020-12-04T00:57:01.454Z,sell,2.306e-05,5.0,0.0001153
NEBL/BTC,1607043456673,2020-12-04T00:57:36.673Z,sell,2.306e-05,327.0,0.00754062
NEBL/BTC,1607043539203,2020-12-04T00:58:59.203Z,sell,2.306e-05,426.0,0.00982356
NEBL/BTC,1607043738165,2020-12-04T01:02:18.165Z,buy,2.307e-05,5.0,0.00011535
NEBL/BTC,1607043738165,2020-12-04T01:02:18.165Z,buy,2.311e-05,8.0,0.00018488
NEBL/BTC,1607043738165,2020-12-04T01:02:18.165Z,buy,2.312e-05,177.0,0.00409224
NEBL/BTC,1607043738171,2020-12-04T01:02:18.171Z,buy,2.312e-05,14.0,0.0003236799999999
NEBL/BTC,1607043738171,2020-12-04T01:02:18.171Z,buy,2.313e-05,166.0,0.00383958
NEBL/BTC,1607043744495,2020-12-04T01:02:24.495Z,buy,2.312e-05,57.0,0.00131784
NEBL/BTC,1607043744502,2020-12-04T01:02:24.502Z,buy,2.312e-05,113.0,0.00261256
NEBL/BTC,1607043744519,2020-12-04T01:02:24.519Z,buy,2.312e-05,57.0,0.00131784
NEBL/BTC,1607043744603,2020-12-04T01:02:24.603Z,buy,2.312e-05,67.0,0.00154904
NEBL/BTC,1607043746973,2020-12-04T01:02:26.973Z,buy,2.314e-05,5.0,0.0001157
NEBL/BTC,1607043747008,2020-12-04T01:02:27.008Z,buy,2.315e-05,31.0,0.00071765
NEBL/BTC,1607043747352,2020-12-04T01:02:27.352Z,buy,2.318e-05,1461.0,0.03386598
NEBL/BTC,1607043763139,2020-12-04T01:02:43.139Z,sell,2.306e-05,175.0,0.0040355
NEBL/BTC,1607043769214,2020-12-04T01:02:49.214Z,sell,2.306e-05,324.0,0.00747144
NEBL/BTC,1607043773819,2020-12-04T01:02:53.819Z,buy,2.319e-05,151.0,0.00350169
NEBL/BTC,1607043774282,2020-12-04T01:02:54.282Z,sell,2.306e-05,175.0,0.0040355
NEBL/BTC,1607043798426,2020-12-04T01:03:18.426Z,buy,2.32e-05,95.0,0.002204
NEBL/BTC,1607043799024,2020-12-04T01:03:19.024Z,buy,2.32e-05,45.0,0.001044
NEBL/BTC,1607043799024,2020-12-04T01:03:19.024Z,buy,2.321e-05,55.0,0.00127655
NEBL/BTC,1607043799617,2020-12-04T01:03:19.617Z,buy,2.321e-05,95.0,0.00220495
NEBL/BTC,1607043803558,2020-12-04T01:03:23.558Z,buy,2.322e-05,60.0,0.0013932
NEBL/BTC,1607043803558,2020-12-04T01:03:23.558Z,buy,2.323e-05,41.0,0.00095243
NEBL/BTC,1607043804148,2020-12-04T01:03:24.148Z,buy,2.323e-05,95.0,0.00220685
NEBL/BTC,1607043806496,2020-12-04T01:03:26.496Z,buy,2.322e-05,63.0,0.00146286
NEBL/BTC,1607043808073,2020-12-04T01:03:28.073Z,buy,2.322e-05,95.0,0.0022059
NEBL/BTC,1607043808656,2020-12-04T01:03:28.656Z,buy,2.322e-05,95.0,0.0022059
NEBL/BTC,1607043812315,2020-12-04T01:03:32.315Z,buy,2.321e-05,101.0,0.00234421
NEBL/BTC,1607043812885,2020-12-04T01:03:32.885Z,buy,2.321e-05,95.0,0.00220495
NEBL/BTC,1607043813900,2020-12-04T01:03:33.900Z,buy,2.322e-05,95.0,0.0022059
NEBL/BTC,1607043814938,2020-12-04T01:03:34.938Z,buy,2.322e-05,101.0,0.00234522
NEBL/BTC,1607043816955,2020-12-04T01:03:36.955Z,buy,2.321e-05,51.0,0.00118371
NEBL/BTC,1607043816955,2020-12-04T01:03:36.955Z,buy,2.322e-05,44.0,0.00102168
NEBL/BTC,1607043817977,2020-12-04T01:03:37.977Z,buy,2.322e-05,95.0,0.0022059
NEBL/BTC,1607043819023,2020-12-04T01:03:39.023Z,buy,2.322e-05,29.0,0.00067338
NEBL/BTC,1607043819023,2020-12-04T01:03:39.023Z,buy,2.324e-05,66.0,0.00153384
NEBL/BTC,1607043819594,2020-12-04T01:03:39.594Z,buy,2.323e-05,95.0,0.00220685
NEBL/BTC,1607043820175,2020-12-04T01:03:40.175Z,buy,2.323e-05,95.0,0.00220685
NEBL/BTC,1607043820764,2020-12-04T01:03:40.764Z,buy,2.323e-05,95.0,0.00220685
NEBL/BTC,1607043820764,2020-12-04T01:03:40.764Z,buy,2.323e-05,95.0,0.00220685
NEBL/BTC,1607044632463,2020-12-04T01:17:12.463Z,buy,2.323e-05,5.0,0.00011615
NEBL/BTC,1607044632463,2020-12-04T01:17:12.463Z,buy,2.324e-05,3428.0,0.07966672
NEBL/BTC,1607044638490,2020-12-04T01:17:18.490Z,buy,2.325e-05,6.0,0.0001395
NEBL/BTC,1607044638490,2020-12-04T01:17:18.490Z,buy,2.326e-05,23.0,0.00053498
NEBL/BTC,1607044638490,2020-12-04T01:17:18.490Z,buy,2.327e-05,5.0,0.00011635
NEBL/BTC,1607044638490,2020-12-04T01:17:18.490Z,buy,2.33e-05,252.0,0.0058716
NEBL/BTC,1607044638490,2020-12-04T01:17:18.490Z,buy,2.331e-05,841.0,0.01960371
NEBL/BTC,1607044638490,2020-12-04T01:17:18.490Z,buy,2.332e-05,9.0,0.00020988
NEBL/BTC,1607044638490,2020-12-04T01:17:18.490Z,buy,2.335e-05,1680.0,0.039228
NEBL/BTC,1607044638490,2020-12-04T01:17:18.490Z,buy,2.336e-05,622.0,0.01452992
NEBL/BTC,1607044702089,2020-12-04T01:18:22.089Z,sell,2.323e-05,8.0,0.00018584
NEBL/BTC,1607044812823,2020-12-04T01:20:12.823Z,buy,2.321e-05,31.0,0.00071951
NEBL/BTC,1607044812823,2020-12-04T01:20:12.823Z,buy,2.332e-05,5.0,0.0001166
NEBL/BTC,1607044812823,2020-12-04T01:20:12.823Z,buy,2.335e-05,8.0,0.0001868
NEBL/BTC,1607044812823,2020-12-04T01:20:12.823Z,buy,2.337e-05,12.0,0.00028044
NEBL/BTC,1607044812823,2020-12-04T01:20:12.823Z,buy,2.338e-05,194.0,0.00453572
NEBL/BTC,1607044812823,2020-12-04T01:20:12.823Z,buy,2.339e-05,1667.0,0.03899113
NEBL/BTC,1607044812823,2020-12-04T01:20:12.823Z,buy,2.34e-05,166.0,0.0038844
NEBL/BTC,1607044812823,2020-12-04T01:20:12.823Z,buy,2.341e-05,556.0,0.01301596
NEBL/BTC,1607044812823,2020-12-04T01:20:12.823Z,buy,2.342e-05,685.0,0.0160427
NEBL/BTC,1607044868187,2020-12-04T01:21:08.187Z,buy,2.343e-05,2.0,4.686e-05
NEBL/BTC,1607045265342,2020-12-04T01:27:45.342Z,buy,2.343e-05,2.0,4.686e-05
NEBL/BTC,1607045421435,2020-12-04T01:30:21.435Z,buy,2.343e-05,804.0,0.01883772
NEBL/BTC,1607045711276,2020-12-04T01:35:11.276Z,buy,2.343e-05,5.0,0.00011715
NEBL/BTC,1607045711291,2020-12-04T01:35:11.291Z,sell,2.343e-05,37.0,0.00086691
NEBL/BTC,1607045737261,2020-12-04T01:35:37.261Z,sell,2.327e-05,5.0,0.00011635
NEBL/BTC,1607046148145,2020-12-04T01:42:28.145Z,buy,2.339e-05,74.0,0.00173086
NEBL/BTC,1607046329356,2020-12-04T01:45:29.356Z,buy,2.34e-05,5.0,0.000117
NEBL/BTC,1607046329368,2020-12-04T01:45:29.368Z,sell,2.34e-05,37.0,0.0008658
NEBL/BTC,1607046477112,2020-12-04T01:47:57.112Z,buy,2.342e-05,81.0,0.00189702
NEBL/BTC,1607046675955,2020-12-04T01:51:15.955Z,buy,2.344e-05,5.0,0.0001172
NEBL/BTC,1607046675955,2020-12-04T01:51:15.955Z,buy,2.344e-05,5.0,0.0001172
NEBL/BTC,1607047504031,2020-12-04T02:05:04.031Z,sell,2.327e-05,5.0,0.00011635
NEBL/BTC,1607047504031,2020-12-04T02:05:04.031Z,sell,2.323e-05,8.0,0.00018584
NEBL/BTC,1607047504031,2020-12-04T02:05:04.031Z,sell,2.32e-05,129.0,0.0029928
NEBL/BTC,1607047504031,2020-12-04T02:05:04.031Z,sell,2.319e-05,14.0,0.00032466
NEBL/BTC,1607047504031,2020-12-04T02:05:04.031Z,sell,2.315e-05,34.0,0.0007871
NEBL/BTC,1607047504031,2020-12-04T02:05:04.031Z,sell,2.314e-05,5.0,0.0001157
NEBL/BTC,1607047504031,2020-12-04T02:05:04.031Z,sell,2.308e-05,45.0,0.0010386
NEBL/BTC,1607049271307,2020-12-04T02:34:31.307Z,sell,2.314e-05,5.0,0.0001157
NEBL/BTC,1607049271307,2020-12-04T02:34:31.307Z,sell,2.311e-05,8.0,0.00018488
NEBL/BTC,1607049271307,2020-12-04T02:34:31.307Z,sell,2.307e-05,147.0,0.00339129
NEBL/BTC,1607049473958,2020-12-04T02:37:53.958Z,sell,2.306e-05,17.0,0.00039202
NEBL/BTC,1607049573690,2020-12-04T02:39:33.690Z,sell,2.306e-05,61.0,0.00140666
NEBL/BTC,1607049616841,2020-12-04T02:40:16.841Z,sell,2.306e-05,24.0,0.00055344
NEBL/BTC,1607049628364,2020-12-04T02:40:28.364Z,sell,2.304e-05,5.0,0.0001152
NEBL/BTC,1607049628364,2020-12-04T02:40:28.364Z,sell,2.303e-05,6.0,0.00013818
NEBL/BTC,1607049666553,2020-12-04T02:41:06.553Z,sell,2.303e-05,382.0,0.00879746
NEBL/BTC,1607049702178,2020-12-04T02:41:42.178Z,sell,2.302e-05,6.0,0.0001381199999999
NEBL/BTC,1607049776316,2020-12-04T02:42:56.316Z,sell,2.302e-05,290.0,0.0066758
NEBL/BTC,1607049776316,2020-12-04T02:42:56.316Z,sell,2.301e-05,506.0,0.01164306
NEBL/BTC,1607049789136,2020-12-04T02:43:09.136Z,sell,2.302e-05,147.0,0.0033839399999999
NEBL/BTC,1607049849382,2020-12-04T02:44:09.382Z,sell,2.302e-05,41.0,0.0009438199999999
NEBL/BTC,1607049867814,2020-12-04T02:44:27.814Z,buy,2.303e-05,31.0,0.00071393
NEBL/BTC,1607049867814,2020-12-04T02:44:27.814Z,buy,2.305e-05,492.0,0.0113406
NEBL/BTC,1607049867817,2020-12-04T02:44:27.817Z,buy,2.305e-05,31.0,0.00071455
NEBL/BTC,1607049867818,2020-12-04T02:44:27.818Z,buy,2.305e-05,31.0,0.00071455
NEBL/BTC,1607049867818,2020-12-04T02:44:27.818Z,buy,2.305e-05,31.0,0.00071455
NEBL/BTC,1607049867818,2020-12-04T02:44:27.818Z,buy,2.305e-05,31.0,0.00071455
NEBL/BTC,1607049867818,2020-12-04T02:44:27.818Z,buy,2.305e-05,31.0,0.00071455
NEBL/BTC,1607049867819,2020-12-04T02:44:27.819Z,buy,2.305e-05,31.0,0.00071455
NEBL/BTC,1607049867819,2020-12-04T02:44:27.819Z,buy,2.305e-05,31.0,0.00071455
NEBL/BTC,1607049867819,2020-12-04T02:44:27.819Z,buy,2.305e-05,31.0,0.00071455
NEBL/BTC,1607049867819,2020-12-04T02:44:27.819Z,buy,2.305e-05,31.0,0.00071455
NEBL/BTC,1607049867819,2020-12-04T02:44:27.819Z,buy,2.305e-05,31.0,0.00071455
NEBL/BTC,1607049867821,2020-12-04T02:44:27.821Z,buy,2.305e-05,31.0,0.00071455
NEBL/BTC,1607049867822,2020-12-04T02:44:27.822Z,buy,2.305e-05,31.0,0.00071455
NEBL/BTC,1607049867822,2020-12-04T02:44:27.822Z,buy,2.305e-05,31.0,0.00071455
NEBL/BTC,1607049867822,2020-12-04T02:44:27.822Z,buy,2.305e-05,31.0,0.00071455
NEBL/BTC,1607049867822,2020-12-04T02:44:27.822Z,buy,2.305e-05,31.0,0.00071455
NEBL/BTC,1607049867822,2020-12-04T02:44:27.822Z,buy,2.305e-05,31.0,0.00071455
NEBL/BTC,1607049867822,2020-12-04T02:44:27.822Z,buy,2.305e-05,31.0,0.00071455
NEBL/BTC,1607049867822,2020-12-04T02:44:27.822Z,buy,2.305e-05,31.0,0.00071455
NEBL/BTC,1607049867822,2020-12-04T02:44:27.822Z,buy,2.305e-05,31.0,0.00071455
NEBL/BTC,1607049867822,2020-12-04T02:44:27.822Z,buy,2.305e-05,31.0,0.00071455
NEBL/BTC,1607049867823,2020-12-04T02:44:27.823Z,buy,2.305e-05,31.0,0.00071455
NEBL/BTC,1607049867823,2020-12-04T02:44:27.823Z,buy,2.305e-05,31.0,0.00071455
NEBL/BTC,1607049929431,2020-12-04T02:45:29.431Z,buy,2.305e-05,5.0,0.00011525
NEBL/BTC,1607049929431,2020-12-04T02:45:29.431Z,buy,2.305e-05,5.0,0.00011525
NEBL/BTC,1607050723961,2020-12-04T02:58:43.961Z,buy,2.305e-05,668.0,0.0153974
NEBL/BTC,1607051146176,2020-12-04T03:05:46.176Z,sell,2.303e-05,142.0,0.00327026
NEBL/BTC,1607051157780,2020-12-04T03:05:57.780Z,sell,2.301e-05,151.0,0.00347451
NEBL/BTC,1607051815108,2020-12-04T03:16:55.108Z,buy,2.305e-05,5.0,0.00011525
NEBL/BTC,1607051904883,2020-12-04T03:18:24.883Z,buy,2.311e-05,16.0,0.00036976
NEBL/BTC,1607052711655,2020-12-04T03:31:51.655Z,sell,2.301e-05,21.0,0.00048321
NEBL/BTC,1607052711655,2020-12-04T03:31:51.655Z,sell,2.301e-05,21.0,0.00048321
NEBL/BTC,1607054032365,2020-12-04T03:53:52.365Z,sell,2.301e-05,100.0,0.002301
NEBL/BTC,1607055106117,2020-12-04T04:11:46.117Z,buy,2.311e-05,2.0,4.622e-05
NEBL/BTC,1607055145778,2020-12-04T04:12:25.778Z,sell,2.301e-05,1681.0,0.03867981
NEBL/BTC,1607055174425,2020-12-04T04:12:54.425Z,sell,2.301e-05,60.0,0.0013806
NEBL/BTC,1607055310600,2020-12-04T04:15:10.600Z,sell,2.301e-05,174.0,0.00400374
NEBL/BTC,1607055310600,2020-12-04T04:15:10.600Z,sell,2.3e-05,128.0,0.002944
NEBL/BTC,1607055310600,2020-12-04T04:15:10.600Z,sell,2.299e-05,8.0,0.00018392
NEBL/BTC,1607055310600,2020-12-04T04:15:10.600Z,sell,2.297e-05,2.0,4.594e-05
NEBL/BTC,1607055310600,2020-12-04T04:15:10.600Z,sell,2.301e-05,174.0,0.00400374
NEBL/BTC,1607055310600,2020-12-04T04:15:10.600Z,sell,2.3e-05,128.0,0.002944
NEBL/BTC,1607055310600,2020-12-04T04:15:10.600Z,sell,2.299e-05,8.0,0.00018392
NEBL/BTC,1607055310600,2020-12-04T04:15:10.600Z,sell,2.297e-05,2.0,4.594e-05
NEBL/BTC,1607057699879,2020-12-04T04:54:59.879Z,buy,2.3e-05,5.0,0.000115
NEBL/BTC,1607058854358,2020-12-04T05:14:14.358Z,sell,2.298e-05,100.0,0.002298
NEBL/BTC,1607058863088,2020-12-04T05:14:23.088Z,buy,2.311e-05,8.0,0.00018488
NEBL/BTC,1607058863088,2020-12-04T05:14:23.088Z,buy,2.314e-05,5.0,0.0001157
NEBL/BTC,1607058863088,2020-12-04T05:14:23.088Z,buy,2.318e-05,86.0,0.00199348
NEBL/BTC,1607058877162,2020-12-04T05:14:37.162Z,buy,2.318e-05,19.0,0.00044042
NEBL/BTC,1607058877162,2020-12-04T05:14:37.162Z,buy,2.319e-05,182.0,0.00422058
NEBL/BTC,1607058877162,2020-12-04T05:14:37.162Z,buy,2.318e-05,19.0,0.00044042
NEBL/BTC,1607058877162,2020-12-04T05:14:37.162Z,buy,2.319e-05,182.0,0.00422058
NEBL/BTC,1607059837583,2020-12-04T05:30:37.583Z,sell,2.311e-05,106.0,0.00244966
NEBL/BTC,1607059837583,2020-12-04T05:30:37.583Z,sell,2.309e-05,194.0,0.00447946
NEBL/BTC,1607059845045,2020-12-04T05:30:45.045Z,buy,2.319e-05,5.0,0.00011595
NEBL/BTC,1607059845045,2020-12-04T05:30:45.045Z,buy,2.32e-05,129.0,0.0029928
NEBL/BTC,1607059845045,2020-12-04T05:30:45.045Z,buy,2.323e-05,22.0,0.00051106
NEBL/BTC,1607059845045,2020-12-04T05:30:45.045Z,buy,2.327e-05,142.0,0.00330434
NEBL/BTC,1607060098606,2020-12-04T05:34:58.606Z,buy,2.327e-05,2401.0,0.05587127
NEBL/BTC,1607060234594,2020-12-04T05:37:14.594Z,buy,2.33e-05,252.0,0.0058716
NEBL/BTC,1607060234594,2020-12-04T05:37:14.594Z,buy,2.331e-05,129.0,0.0030069899999999
NEBL/BTC,1607060234594,2020-12-04T05:37:14.594Z,buy,2.332e-05,2140.0,0.0499048
NEBL/BTC,1607060234603,2020-12-04T05:37:14.603Z,sell,2.332e-05,6.0,0.00013992
NEBL/BTC,1607060234605,2020-12-04T05:37:14.605Z,sell,2.332e-05,95.0,0.0022154
NEBL/BTC,1607060234613,2020-12-04T05:37:14.613Z,sell,2.332e-05,53.0,0.00123596
NEBL/BTC,1607060313108,2020-12-04T05:38:33.108Z,buy,2.335e-05,8.0,0.0001868
NEBL/BTC,1607060313108,2020-12-04T05:38:33.108Z,buy,2.337e-05,12.0,0.00028044
NEBL/BTC,1607060313108,2020-12-04T05:38:33.108Z,buy,2.34e-05,196.0,0.0045864
NEBL/BTC,1607062023683,2020-12-04T06:07:03.683Z,sell,2.324e-05,1000.0,0.02324
NEBL/BTC,1607062036035,2020-12-04T06:07:16.035Z,buy,2.34e-05,748.0,0.0175032
NEBL/BTC,1607062036035,2020-12-04T06:07:16.035Z,buy,2.342e-05,6.0,0.00014052
NEBL/BTC,1607062036035,2020-12-04T06:07:16.035Z,buy,2.347e-05,8.0,0.00018776
NEBL/BTC,1607062036035,2020-12-04T06:07:16.035Z,buy,2.348e-05,11.0,0.00025828
NEBL/BTC,1607062036035,2020-12-04T06:07:16.035Z,buy,2.351e-05,5.0,0.00011755
NEBL/BTC,1607062036035,2020-12-04T06:07:16.035Z,buy,2.352e-05,192.0,0.00451584
NEBL/BTC,1607062036035,2020-12-04T06:07:16.035Z,buy,2.353e-05,16.0,0.00037648
NEBL/BTC,1607062037550,2020-12-04T06:07:17.550Z,sell,2.337e-05,7.0,0.00016359
NEBL/BTC,1607062048964,2020-12-04T06:07:28.964Z,buy,2.353e-05,10.0,0.0002353
NEBL/BTC,1607062094204,2020-12-04T06:08:14.204Z,buy,2.352e-05,33.0,0.0007761599999999
NEBL/BTC,1607062102000,2020-12-04T06:08:22.000Z,buy,2.352e-05,170.0,0.0039984
NEBL/BTC,1607062143610,2020-12-04T06:09:03.610Z,buy,2.352e-05,30.0,0.0007055999999999
NEBL/BTC,1607062197480,2020-12-04T06:09:57.480Z,buy,2.352e-05,21.0,0.00049392
NEBL/BTC,1607062197480,2020-12-04T06:09:57.480Z,buy,2.352e-05,21.0,0.00049392
NEBL/BTC,1607062602896,2020-12-04T06:16:42.896Z,sell,2.34e-05,5.0,0.000117
NEBL/BTC,1607062627984,2020-12-04T06:17:07.984Z,sell,2.34e-05,5.0,0.000117
NEBL/BTC,1607064002871,2020-12-04T06:40:02.871Z,buy,2.352e-05,5.0,0.0001175999999999
NEBL/BTC,1607064002871,2020-12-04T06:40:02.871Z,buy,2.353e-05,7.0,0.00016471
NEBL/BTC,1607064002871,2020-12-04T06:40:02.871Z,buy,2.354e-05,746.0,0.01756084
NEBL/BTC,1607064002871,2020-12-04T06:40:02.871Z,buy,2.355e-05,2925.0,0.06888375
NEBL/BTC,1607064002871,2020-12-04T06:40:02.871Z,buy,2.356e-05,2308.0,0.05437648
NEBL/BTC,1607064067281,2020-12-04T06:41:07.281Z,buy,2.356e-05,759.0,0.01788204
NEBL/BTC,1607064360008,2020-12-04T06:46:00.008Z,buy,2.355e-05,19.0,0.00044745
NEBL/BTC,1607064482964,2020-12-04T06:48:02.964Z,buy,2.356e-05,5.0,0.0001178
NEBL/BTC,1607064492814,2020-12-04T06:48:12.814Z,sell,2.355e-05,1990.0,0.0468644999999999
NEBL/BTC,1607064492815,2020-12-04T06:48:12.815Z,sell,2.355e-05,995.0,0.0234322499999999
NEBL/BTC,1607064492816,2020-12-04T06:48:12.816Z,sell,2.355e-05,48.0,0.0011304
NEBL/BTC,1607064492980,2020-12-04T06:48:12.980Z,buy,2.356e-05,995.0,0.0234422
NEBL/BTC,1607065416138,2020-12-04T07:03:36.138Z,sell,2.34e-05,5.0,0.000117
NEBL/BTC,1607065416138,2020-12-04T07:03:36.138Z,sell,2.337e-05,7.0,0.00016359
NEBL/BTC,1607065416138,2020-12-04T07:03:36.138Z,sell,2.335e-05,8.0,0.0001868
NEBL/BTC,1607065416138,2020-12-04T07:03:36.138Z,sell,2.331e-05,171.0,0.00398601
NEBL/BTC,1607065509124,2020-12-04T07:05:09.124Z,sell,2.334e-05,5.0,0.0001167
NEBL/BTC,1607065513156,2020-12-04T07:05:13.156Z,buy,2.331e-05,12.0,0.00027972
NEBL/BTC,1607065659112,2020-12-04T07:07:39.112Z,buy,2.347e-05,8.0,0.00018776
NEBL/BTC,1607065662712,2020-12-04T07:07:42.712Z,sell,2.348e-05,171.0,0.00401508
NEBL/BTC,1607065684372,2020-12-04T07:08:04.372Z,buy,2.352e-05,5.0,0.0001175999999999
NEBL/BTC,1607065695138,2020-12-04T07:08:15.138Z,buy,2.353e-05,7.0,0.00016471
NEBL/BTC,1607065703000,2020-12-04T07:08:23.000Z,buy,2.355e-05,231.0,0.00544005
NEBL/BTC,1607065765870,2020-12-04T07:09:25.870Z,buy,2.356e-05,50.0,0.001178
NEBL/BTC,1607065765870,2020-12-04T07:09:25.870Z,buy,2.356e-05,50.0,0.001178
NEBL/BTC,1607066472243,2020-12-04T07:21:12.243Z,buy,2.356e-05,55.0,0.0012958
NEBL/BTC,1607066472243,2020-12-04T07:21:12.243Z,buy,2.357e-05,65.0,0.00153205
NEBL/BTC,1607066487582,2020-12-04T07:21:27.582Z,buy,2.357e-05,16.0,0.00037712
NEBL/BTC,1607067427973,2020-12-04T07:37:07.973Z,sell,2.34e-05,5.0,0.000117
NEBL/BTC,1607067427973,2020-12-04T07:37:07.973Z,sell,2.337e-05,434.0,0.01014258
NEBL/BTC,1607067427973,2020-12-04T07:37:07.973Z,sell,2.336e-05,14.0,0.00032704
NEBL/BTC,1607067427973,2020-12-04T07:37:07.973Z,sell,2.335e-05,8.0,0.0001868
NEBL/BTC,1607067427973,2020-12-04T07:37:07.973Z,sell,2.329e-05,288.0,0.00670752
NEBL/BTC,1607067427973,2020-12-04T07:37:07.973Z,sell,2.327e-05,1.0,2.327e-05
NEBL/BTC,1607067428144,2020-12-04T07:37:08.144Z,buy,2.354e-05,427.0,0.01005158
NEBL/BTC,1607067428144,2020-12-04T07:37:08.144Z,buy,2.357e-05,503.0,0.01185571
NEBL/BTC,1607067722686,2020-12-04T07:42:02.686Z,buy,2.347e-05,2.0,4.694e-05
NEBL/BTC,1607067775752,2020-12-04T07:42:55.752Z,buy,2.347e-05,2.0,4.694e-05
NEBL/BTC,1607067848393,2020-12-04T07:44:08.393Z,buy,2.347e-05,4.0,9.388e-05
NEBL/BTC,1607067902015,2020-12-04T07:45:02.015Z,buy,2.352e-05,5.0,0.0001175999999999
NEBL/BTC,1607067902015,2020-12-04T07:45:02.015Z,buy,2.353e-05,7.0,0.00016471
NEBL/BTC,1607067902015,2020-12-04T07:45:02.015Z,buy,2.356e-05,288.0,0.00678528
NEBL/BTC,1607067902164,2020-12-04T07:45:02.164Z,sell,2.356e-05,95.0,0.0022382
NEBL/BTC,1607067917558,2020-12-04T07:45:17.558Z,buy,2.357e-05,200.0,0.004714
NEBL/BTC,1607067948527,2020-12-04T07:45:48.527Z,buy,2.357e-05,200.0,0.004714
NEBL/BTC,1607069183719,2020-12-04T08:06:23.719Z,sell,2.347e-05,1.0,2.347e-05
NEBL/BTC,1607069183719,2020-12-04T08:06:23.719Z,sell,2.34e-05,5.0,0.000117
NEBL/BTC,1607069183719,2020-12-04T08:06:23.719Z,sell,2.337e-05,184.0,0.00430008
NEBL/BTC,1607069183719,2020-12-04T08:06:23.719Z,sell,2.347e-05,1.0,2.347e-05
NEBL/BTC,1607069183719,2020-12-04T08:06:23.719Z,sell,2.34e-05,5.0,0.000117
NEBL/BTC,1607069183719,2020-12-04T08:06:23.719Z,sell,2.337e-05,184.0,0.00430008
NEBL/BTC,1607069391820,2020-12-04T08:09:51.820Z,buy,2.352e-05,10.0,0.0002351999999999
NEBL/BTC,1607069391820,2020-12-04T08:09:51.820Z,buy,2.353e-05,6.0,0.00014118
NEBL/BTC,1607069909015,2020-12-04T08:18:29.015Z,buy,2.353e-05,1.0,2.353e-05
NEBL/BTC,1607069909015,2020-12-04T08:18:29.015Z,buy,2.356e-05,1.0,2.356e-05
NEBL/BTC,1607071028163,2020-12-04T08:37:08.163Z,buy,2.356e-05,46.0,0.00108376
NEBL/BTC,1607071028175,2020-12-04T08:37:08.175Z,buy,2.356e-05,23.0,0.00054188
NEBL/BTC,1607071028189,2020-12-04T08:37:08.189Z,buy,2.356e-05,17.0,0.00040052
NEBL/BTC,1607071028197,2020-12-04T08:37:08.197Z,buy,2.356e-05,10.0,0.0002356
NEBL/BTC,1607071172803,2020-12-04T08:39:32.803Z,sell,2.34e-05,5.0,0.000117
NEBL/BTC,1607071172803,2020-12-04T08:39:32.803Z,sell,2.337e-05,7.0,0.00016359
NEBL/BTC,1607071172803,2020-12-04T08:39:32.803Z,sell,2.335e-05,298.0,0.0069583
NEBL/BTC,1607071172827,2020-12-04T08:39:32.827Z,buy,2.335e-05,60.0,0.001401
NEBL/BTC,1607071172851,2020-12-04T08:39:32.851Z,buy,2.335e-05,60.0,0.001401
NEBL/BTC,1607071172875,2020-12-04T08:39:32.875Z,buy,2.335e-05,60.0,0.001401
NEBL/BTC,1607071172904,2020-12-04T08:39:32.904Z,buy,2.335e-05,60.0,0.001401
NEBL/BTC,1607071172935,2020-12-04T08:39:32.935Z,buy,2.335e-05,33.0,0.00077055
NEBL/BTC,1607071172985,2020-12-04T08:39:32.985Z,buy,2.335e-05,42.0,0.0009807
NEBL/BTC,1607071181947,2020-12-04T08:39:41.947Z,sell,2.332e-05,133.0,0.00310156
NEBL/BTC,1607071316917,2020-12-04T08:41:56.917Z,buy,2.347e-05,2.0,4.694e-05
NEBL/BTC,1607071343335,2020-12-04T08:42:23.335Z,buy,2.346e-05,6.0,0.00014076
NEBL/BTC,1607071343354,2020-12-04T08:42:23.354Z,sell,2.346e-05,23.0,0.00053958
NEBL/BTC,1607071343365,2020-12-04T08:42:23.365Z,sell,2.346e-05,17.0,0.00039882
NEBL/BTC,1607071343393,2020-12-04T08:42:23.393Z,sell,2.346e-05,12.0,0.00028152
NEBL/BTC,1607071343409,2020-12-04T08:42:23.409Z,sell,2.346e-05,12.0,0.00028152
NEBL/BTC,1607071343427,2020-12-04T08:42:23.427Z,sell,2.346e-05,11.0,0.00025806
NEBL/BTC,1607071390484,2020-12-04T08:43:10.484Z,buy,2.345e-05,215.0,0.00504175
NEBL/BTC,1607071827388,2020-12-04T08:50:27.388Z,buy,2.345e-05,11.0,0.00025795
NEBL/BTC,1607071849550,2020-12-04T08:50:49.550Z,buy,2.345e-05,10.0,0.0002345
NEBL/BTC,1607071884691,2020-12-04T08:51:24.691Z,buy,2.345e-05,23.0,0.00053935
NEBL/BTC,1607071884787,2020-12-04T08:51:24.787Z,buy,2.345e-05,17.0,0.00039865
NEBL/BTC,1607071892352,2020-12-04T08:51:32.352Z,buy,2.345e-05,11.0,0.00025795
NEBL/BTC,1607071892365,2020-12-04T08:51:32.365Z,buy,2.345e-05,11.0,0.00025795
NEBL/BTC,1607071898849,2020-12-04T08:51:38.849Z,buy,2.345e-05,23.0,0.00053935
NEBL/BTC,1607071898849,2020-12-04T08:51:38.849Z,buy,2.347e-05,6.0,0.00014082
NEBL/BTC,1607071898849,2020-12-04T08:51:38.849Z,buy,2.352e-05,5.0,0.0001175999999999
NEBL/BTC,1607071898849,2020-12-04T08:51:38.849Z,buy,2.353e-05,7.0,0.00016471
NEBL/BTC,1607071898849,2020-12-04T08:51:38.849Z,buy,2.354e-05,155.0,0.0036487
NEBL/BTC,1607071898849,2020-12-04T08:51:38.849Z,buy,2.355e-05,775.0,0.01825125
NEBL/BTC,1607071898849,2020-12-04T08:51:38.849Z,buy,2.357e-05,29.0,0.00068353
NEBL/BTC,1607071913345,2020-12-04T08:51:53.345Z,buy,2.354e-05,57.0,0.00134178
NEBL/BTC,1607071913345,2020-12-04T08:51:53.345Z,buy,2.354e-05,57.0,0.00134178
NEBL/BTC,1607073737245,2020-12-04T09:22:17.245Z,sell,2.34e-05,5.0,0.000117
NEBL/BTC,1607073737245,2020-12-04T09:22:17.245Z,sell,2.337e-05,7.0,0.00016359
NEBL/BTC,1607073737245,2020-12-04T09:22:17.245Z,sell,2.335e-05,8.0,0.0001868
NEBL/BTC,1607073737245,2020-12-04T09:22:17.245Z,sell,2.333e-05,285.0,0.0066490499999999
NEBL/BTC,1607073737245,2020-12-04T09:22:17.245Z,sell,2.33e-05,42.0,0.0009786
NEBL/BTC,1607073803992,2020-12-04T09:23:23.992Z,buy,2.346e-05,30.0,0.0007038
NEBL/BTC,1607073840032,2020-12-04T09:24:00.032Z,buy,2.346e-05,66.0,0.00154836
NEBL/BTC,1607073866528,2020-12-04T09:24:26.528Z,sell,2.33e-05,335.0,0.0078055
NEBL/BTC,1607073866528,2020-12-04T09:24:26.528Z,sell,2.327e-05,9.0,0.0002094299999999
NEBL/BTC,1607073866528,2020-12-04T09:24:26.528Z,sell,2.323e-05,316.0,0.00734068
NEBL/BTC,1607074031400,2020-12-04T09:27:11.400Z,sell,2.326e-05,260.0,0.0060476
NEBL/BTC,1607074031400,2020-12-04T09:27:11.400Z,sell,2.325e-05,138.0,0.0032085
NEBL/BTC,1607074043051,2020-12-04T09:27:23.051Z,buy,2.335e-05,5.0,0.0001167499999999
NEBL/BTC,1607074302643,2020-12-04T09:31:42.643Z,sell,2.326e-05,291.0,0.00676866
NEBL/BTC,1607074954265,2020-12-04T09:42:34.265Z,sell,2.326e-05,5.0,0.0001163
NEBL/BTC,1607075410021,2020-12-04T09:50:10.021Z,buy,2.334e-05,7.0,0.00016338
NEBL/BTC,1607075485266,2020-12-04T09:51:25.266Z,buy,2.334e-05,13.0,0.00030342
NEBL/BTC,1607075485266,2020-12-04T09:51:25.266Z,buy,2.334e-05,13.0,0.00030342
NEBL/BTC,1607076482856,2020-12-04T10:08:02.856Z,buy,2.334e-05,6.0,0.00014004
NEBL/BTC,1607076482856,2020-12-04T10:08:02.856Z,buy,2.335e-05,3.0,7.005e-05
NEBL/BTC,1607076482856,2020-12-04T10:08:02.856Z,buy,2.34e-05,5.0,0.000117
NEBL/BTC,1607076575470,2020-12-04T10:09:35.470Z,buy,2.346e-05,39.0,0.0009149399999999
NEBL/BTC,1607076705737,2020-12-04T10:11:45.737Z,buy,2.342e-05,51.0,0.00119442
NEBL/BTC,1607076746346,2020-12-04T10:12:26.346Z,buy,2.341e-05,45.0,0.00105345
NEBL/BTC,1607076762238,2020-12-04T10:12:42.238Z,buy,2.34e-05,16.0,0.0003744
NEBL/BTC,1607076956095,2020-12-04T10:15:56.095Z,sell,2.327e-05,5.0,0.00011635
NEBL/BTC,1607076968015,2020-12-04T10:16:08.015Z,buy,2.326e-05,5.0,0.0001163
NEBL/BTC,1607077150563,2020-12-04T10:19:10.563Z,sell,2.323e-05,8.0,0.00018584
NEBL/BTC,1607077150563,2020-12-04T10:19:10.563Z,sell,2.32e-05,48.0,0.0011136
NEBL/BTC,1607077582809,2020-12-04T10:26:22.809Z,sell,2.32e-05,97.0,0.0022504
NEBL/BTC,1607077593199,2020-12-04T10:26:33.199Z,buy,2.32e-05,1251.0,0.0290232
NEBL/BTC,1607077756469,2020-12-04T10:29:16.469Z,sell,2.319e-05,14.0,0.00032466
NEBL/BTC,1607077759925,2020-12-04T10:29:19.925Z,sell,2.318e-05,16.0,0.00037088
NEBL/BTC,1607077759925,2020-12-04T10:29:19.925Z,sell,2.314e-05,5.0,0.0001157
NEBL/BTC,1607077759925,2020-12-04T10:29:19.925Z,sell,2.311e-05,8.0,0.00018488
NEBL/BTC,1607077759925,2020-12-04T10:29:19.925Z,sell,2.306e-05,18.0,0.0004150799999999
NEBL/BTC,1607077759925,2020-12-04T10:29:19.925Z,sell,2.306e-05,21.0,0.00048426
NEBL/BTC,1607077768314,2020-12-04T10:29:28.314Z,sell,2.307e-05,33.0,0.00076131
NEBL/BTC,1607077783527,2020-12-04T10:29:43.527Z,sell,2.307e-05,62.0,0.00143034
NEBL/BTC,1607077783542,2020-12-04T10:29:43.542Z,buy,2.307e-05,62.0,0.00143034
NEBL/BTC,1607077801279,2020-12-04T10:30:01.279Z,sell,2.306e-05,187.0,0.00431222
NEBL/BTC,1607077801279,2020-12-04T10:30:01.279Z,sell,2.305e-05,2051.0,0.04727555
NEBL/BTC,1607077802020,2020-12-04T10:30:02.020Z,buy,2.307e-05,2.0,4.614e-05
NEBL/BTC,1607077865049,2020-12-04T10:31:05.049Z,sell,2.305e-05,125.0,0.00288125
NEBL/BTC,1607077865317,2020-12-04T10:31:05.317Z,buy,2.306e-05,5.0,0.0001153
NEBL/BTC,1607077885869,2020-12-04T10:31:25.869Z,buy,2.307e-05,9.0,0.00020763
NEBL/BTC,1607077898606,2020-12-04T10:31:38.606Z,buy,2.307e-05,5.0,0.00011535
NEBL/BTC,1607077906957,2020-12-04T10:31:46.957Z,buy,2.307e-05,7.0,0.00016149
NEBL/BTC,1607078451869,2020-12-04T10:40:51.869Z,sell,2.305e-05,3.0,6.915e-05
NEBL/BTC,1607078451869,2020-12-04T10:40:51.869Z,sell,2.304e-05,226.0,0.00520704
NEBL/BTC,1607078451869,2020-12-04T10:40:51.869Z,sell,2.303e-05,334.0,0.00769202
NEBL/BTC,1607078479256,2020-12-04T10:41:19.256Z,sell,2.303e-05,43.0,0.00099029
NEBL/BTC,1607078590411,2020-12-04T10:43:10.411Z,buy,2.307e-05,288.0,0.00664416
NEBL/BTC,1607078705429,2020-12-04T10:45:05.429Z,buy,2.305e-05,45.0,0.00103725
NEBL/BTC,1607078721617,2020-12-04T10:45:21.617Z,sell,2.306e-05,68.0,0.00156808
NEBL/BTC,1607078866773,2020-12-04T10:47:46.773Z,sell,2.303e-05,149.0,0.00343147
NEBL/BTC,1607078866773,2020-12-04T10:47:46.773Z,sell,2.303e-05,149.0,0.00343147
NEBL/BTC,1607079475600,2020-12-04T10:57:55.600Z,sell,2.306e-05,58.0,0.00133748
NEBL/BTC,1607079550994,2020-12-04T10:59:10.994Z,sell,2.306e-05,64.0,0.00147584
NEBL/BTC,1607079554300,2020-12-04T10:59:14.300Z,sell,2.305e-05,930.0,0.0214365
NEBL/BTC,1607079559308,2020-12-04T10:59:19.308Z,sell,2.304e-05,389.0,0.00896256
NEBL/BTC,1607080426861,2020-12-04T11:13:46.861Z,sell,2.305e-05,146.0,0.0033653
NEBL/BTC,1607080432933,2020-12-04T11:13:52.933Z,buy,2.317e-05,174.0,0.00403158
NEBL/BTC,1607080432933,2020-12-04T11:13:52.933Z,buy,2.318e-05,145.0,0.0033611
NEBL/BTC,1607080733459,2020-12-04T11:18:53.459Z,buy,2.318e-05,185.0,0.0042883
NEBL/BTC,1607080733459,2020-12-04T11:18:53.459Z,buy,2.32e-05,7.0,0.0001624
NEBL/BTC,1607080733459,2020-12-04T11:18:53.459Z,buy,2.323e-05,8.0,0.00018584
NEBL/BTC,1607080733459,2020-12-04T11:18:53.459Z,buy,2.326e-05,655.0,0.0152353
NEBL/BTC,1607080733459,2020-12-04T11:18:53.459Z,buy,2.327e-05,146.0,0.00339742
NEBL/BTC,1607080824717,2020-12-04T11:20:24.717Z,sell,2.314e-05,146.0,0.00337844
NEBL/BTC,1607080913514,2020-12-04T11:21:53.514Z,sell,2.314e-05,2039.0,0.0471824599999999
NEBL/BTC,1607081266487,2020-12-04T11:27:46.487Z,buy,2.327e-05,18.0,0.0004188599999999
NEBL/BTC,1607081273508,2020-12-04T11:27:53.508Z,buy,2.327e-05,5.0,0.00011635
NEBL/BTC,1607081556645,2020-12-04T11:32:36.645Z,sell,2.311e-05,8.0,0.00018488
NEBL/BTC,1607081556660,2020-12-04T11:32:36.660Z,buy,2.311e-05,166.0,0.00383626
NEBL/BTC,1607081556666,2020-12-04T11:32:36.666Z,sell,2.307e-05,288.0,0.00664416
NEBL/BTC,1607081587532,2020-12-04T11:33:07.532Z,sell,2.307e-05,56.0,0.00129192
NEBL/BTC,1607081587545,2020-12-04T11:33:07.545Z,buy,2.307e-05,9.0,0.00020763
NEBL/BTC,1607081662121,2020-12-04T11:34:22.121Z,buy,2.322e-05,9.0,0.00020898
NEBL/BTC,1607082003474,2020-12-04T11:40:03.474Z,sell,2.305e-05,120.0,0.002766
NEBL/BTC,1607082196814,2020-12-04T11:43:16.814Z,sell,2.306e-05,90.0,0.0020754
NEBL/BTC,1607082196826,2020-12-04T11:43:16.826Z,buy,2.306e-05,90.0,0.0020754
NEBL/BTC,1607082196828,2020-12-04T11:43:16.828Z,buy,2.306e-05,196.0,0.00451976
NEBL/BTC,1607082196828,2020-12-04T11:43:16.828Z,buy,2.306e-05,196.0,0.00451976
NEBL/BTC,1607082829995,2020-12-04T11:53:49.995Z,buy,2.314e-05,2.0,4.628e-05
NEBL/BTC,1607083079930,2020-12-04T11:57:59.930Z,buy,2.312e-05,31.0,0.00071672
NEBL/BTC,1607083403433,2020-12-04T12:03:23.433Z,sell,2.306e-05,75.0,0.0017295
NEBL/BTC,1607083447936,2020-12-04T12:04:07.936Z,buy,2.305e-05,5.0,0.00011525
NEBL/BTC,1607083634446,2020-12-04T12:07:14.446Z,sell,2.303e-05,19.0,0.00043757
NEBL/BTC,1607083634446,2020-12-04T12:07:14.446Z,sell,2.302e-05,14.0,0.00032228
NEBL/BTC,1607083634446,2020-12-04T12:07:14.446Z,sell,2.301e-05,5.0,0.00011505
NEBL/BTC,1607083634446,2020-12-04T12:07:14.446Z,sell,2.3e-05,128.0,0.002944
NEBL/BTC,1607083634446,2020-12-04T12:07:14.446Z,sell,2.299e-05,8.0,0.00018392
NEBL/BTC,1607083634446,2020-12-04T12:07:14.446Z,sell,2.297e-05,34.0,0.0007809799999999
NEBL/BTC,1607083634446,2020-12-04T12:07:14.446Z,sell,2.292e-05,27.0,0.00061884
NEBL/BTC,1607083634446,2020-12-04T12:07:14.446Z,sell,2.291e-05,257.0,0.00588787
NEBL/BTC,1607083634446,2020-12-04T12:07:14.446Z,sell,2.29e-05,326.0,0.0074654
NEBL/BTC,1607083634446,2020-12-04T12:07:14.446Z,sell,2.289e-05,277.0,0.00634053
NEBL/BTC,1607083634446,2020-12-04T12:07:14.446Z,sell,2.287e-05,12.0,0.00027444
NEBL/BTC,1607083634446,2020-12-04T12:07:14.446Z,sell,2.286e-05,21.0,0.00048006
NEBL/BTC,1607083634446,2020-12-04T12:07:14.446Z,sell,2.284e-05,262.0,0.00598408
NEBL/BTC,1607083634446,2020-12-04T12:07:14.446Z,sell,2.283e-05,6.0,0.00013698
NEBL/BTC,1607083634446,2020-12-04T12:07:14.446Z,sell,2.28e-05,122.0,0.0027816
NEBL/BTC,1607083634446,2020-12-04T12:07:14.446Z,sell,2.279e-05,359.0,0.00818161
NEBL/BTC,1607083634446,2020-12-04T12:07:14.446Z,sell,2.276e-05,36.0,0.00081936
NEBL/BTC,1607083634474,2020-12-04T12:07:14.474Z,buy,2.29e-05,43.0,0.0009847
NEBL/BTC,1607083644636,2020-12-04T12:07:24.636Z,buy,2.289e-05,92.0,0.00210588
NEBL/BTC,1607083644886,2020-12-04T12:07:24.886Z,sell,2.287e-05,8.0,0.00018296
NEBL/BTC,1607083644886,2020-12-04T12:07:24.886Z,sell,2.28e-05,22.0,0.0005015999999999
NEBL/BTC,1607083648200,2020-12-04T12:07:28.200Z,buy,2.289e-05,5.0,0.0001144499999999
NEBL/BTC,1607083658681,2020-12-04T12:07:38.681Z,buy,2.29e-05,14.0,0.0003206
NEBL/BTC,1607083839337,2020-12-04T12:10:39.337Z,buy,2.298e-05,5.0,0.0001149
NEBL/BTC,1607084049766,2020-12-04T12:14:09.766Z,sell,2.292e-05,117.0,0.00268164
NEBL/BTC,1607084079941,2020-12-04T12:14:39.941Z,sell,2.292e-05,17.0,0.00038964
NEBL/BTC,1607084127314,2020-12-04T12:15:27.314Z,sell,2.292e-05,41.0,0.00093972
NEBL/BTC,1607084127314,2020-12-04T12:15:27.314Z,sell,2.29e-05,630.0,0.014427
NEBL/BTC,1607084139481,2020-12-04T12:15:39.481Z,buy,2.298e-05,236.0,0.00542328
NEBL/BTC,1607084139481,2020-12-04T12:15:39.481Z,buy,2.299e-05,1814.0,0.0417038599999999
NEBL/BTC,1607084155480,2020-12-04T12:15:55.480Z,sell,2.29e-05,929.0,0.0212741
NEBL/BTC,1607084644359,2020-12-04T12:24:04.359Z,sell,2.294e-05,102.0,0.00233988
NEBL/BTC,1607084647876,2020-12-04T12:24:07.876Z,sell,2.294e-05,72.0,0.00165168
NEBL/BTC,1607084647876,2020-12-04T12:24:07.876Z,sell,2.293e-05,28.0,0.00064204
NEBL/BTC,1607084776125,2020-12-04T12:26:16.125Z,buy,2.299e-05,73.0,0.00167827
NEBL/BTC,1607085095632,2020-12-04T12:31:35.632Z,buy,2.299e-05,278.0,0.0063912199999999
NEBL/BTC,1607085095632,2020-12-04T12:31:35.632Z,buy,2.3e-05,122.0,0.002806
NEBL/BTC,1607085288188,2020-12-04T12:34:48.188Z,sell,2.295e-05,232.0,0.0053244
NEBL/BTC,1607085330286,2020-12-04T12:35:30.286Z,sell,2.295e-05,5.0,0.00011475
NEBL/BTC,1607085449342,2020-12-04T12:37:29.342Z,sell,2.293e-05,290.0,0.0066497
NEBL/BTC,1607085450024,2020-12-04T12:37:30.024Z,buy,2.293e-05,10.0,0.0002293
NEBL/BTC,1607085462924,2020-12-04T12:37:42.924Z,buy,2.301e-05,10.0,0.0002301
NEBL/BTC,1607085462924,2020-12-04T12:37:42.924Z,buy,2.303e-05,7.0,0.00016121
NEBL/BTC,1607085462924,2020-12-04T12:37:42.924Z,buy,2.305e-05,8.0,0.0001844
NEBL/BTC,1607085462924,2020-12-04T12:37:42.924Z,buy,2.307e-05,14.0,0.00032298
NEBL/BTC,1607085462924,2020-12-04T12:37:42.924Z,buy,2.311e-05,20.0,0.0004622
NEBL/BTC,1607085462924,2020-12-04T12:37:42.924Z,buy,2.314e-05,5.0,0.0001157
NEBL/BTC,1607085462924,2020-12-04T12:37:42.924Z,buy,2.315e-05,235.0,0.00544025
NEBL/BTC,1607085508867,2020-12-04T12:38:28.867Z,buy,2.315e-05,55.0,0.00127325
NEBL/BTC,1607085508867,2020-12-04T12:38:28.867Z,buy,2.317e-05,16.0,0.00037072
NEBL/BTC,1607085508867,2020-12-04T12:38:28.867Z,buy,2.318e-05,5.0,0.0001159
NEBL/BTC,1607085508867,2020-12-04T12:38:28.867Z,buy,2.32e-05,140.0,0.003248
NEBL/BTC,1607085508968,2020-12-04T12:38:28.968Z,sell,2.32e-05,101.0,0.0023432
NEBL/BTC,1607085509080,2020-12-04T12:38:29.080Z,sell,2.32e-05,10.0,0.000232
NEBL/BTC,1607085528430,2020-12-04T12:38:48.430Z,sell,2.32e-05,162.0,0.0037584
NEBL/BTC,1607085559035,2020-12-04T12:39:19.035Z,sell,2.303e-05,75.0,0.00172725
NEBL/BTC,1607085666475,2020-12-04T12:41:06.475Z,buy,2.303e-05,87.0,0.00200361
NEBL/BTC,1607085666475,2020-12-04T12:41:06.475Z,buy,2.303e-05,87.0,0.00200361
NEBL/BTC,1607085977053,2020-12-04T12:46:17.053Z,buy,2.303e-05,217.0,0.00499751
NEBL/BTC,1607085977064,2020-12-04T12:46:17.064Z,buy,2.303e-05,57.0,0.00131271
NEBL/BTC,1607086135043,2020-12-04T12:48:55.043Z,sell,2.302e-05,55.0,0.0012661
NEBL/BTC,1607086135043,2020-12-04T12:48:55.043Z,sell,2.301e-05,445.0,0.01023945
NEBL/BTC,1607086146089,2020-12-04T12:49:06.089Z,buy,2.314e-05,5.0,0.0001157
NEBL/BTC,1607086146089,2020-12-04T12:49:06.089Z,buy,2.318e-05,5.0,0.0001159
NEBL/BTC,1607086146089,2020-12-04T12:49:06.089Z,buy,2.319e-05,68.0,0.0015769199999999
NEBL/BTC,1607086146089,2020-12-04T12:49:06.089Z,buy,2.32e-05,7.0,0.0001624
NEBL/BTC,1607086146089,2020-12-04T12:49:06.089Z,buy,2.323e-05,22.0,0.00051106
NEBL/BTC,1607086146089,2020-12-04T12:49:06.089Z,buy,2.325e-05,17.0,0.00039525
NEBL/BTC,1607086146089,2020-12-04T12:49:06.089Z,buy,2.326e-05,116.0,0.00269816
NEBL/BTC,1607086146089,2020-12-04T12:49:06.089Z,buy,2.327e-05,257.0,0.0059803899999999
NEBL/BTC,1607086190084,2020-12-04T12:49:50.084Z,sell,2.314e-05,5.0,0.0001157
NEBL/BTC,1607086208753,2020-12-04T12:50:08.753Z,sell,2.311e-05,8.0,0.00018488
NEBL/BTC,1607086208753,2020-12-04T12:50:08.753Z,sell,2.303e-05,7.0,0.00016121
NEBL/BTC,1607086208753,2020-12-04T12:50:08.753Z,sell,2.302e-05,72.0,0.00165744
NEBL/BTC,1607086479030,2020-12-04T12:54:39.030Z,sell,2.301e-05,174.0,0.00400374
NEBL/BTC,1607086497866,2020-12-04T12:54:57.866Z,sell,2.301e-05,175.0,0.00402675
NEBL/BTC,1607086535947,2020-12-04T12:55:35.947Z,sell,2.301e-05,327.0,0.00752427
NEBL/BTC,1607088108698,2020-12-04T13:21:48.698Z,sell,2.301e-05,1237.0,0.02846337
NEBL/BTC,1607088370885,2020-12-04T13:26:10.885Z,buy,2.313e-05,2.0,4.626e-05
NEBL/BTC,1607088401417,2020-12-04T13:26:41.417Z,buy,2.313e-05,111.0,0.00256743
NEBL/BTC,1607088401417,2020-12-04T13:26:41.417Z,buy,2.314e-05,439.0,0.01015846
NEBL/BTC,1607088483766,2020-12-04T13:28:03.766Z,sell,2.301e-05,67.0,0.00154167
NEBL/BTC,1607088483766,2020-12-04T13:28:03.766Z,sell,2.301e-05,67.0,0.00154167
NEBL/BTC,1607089953493,2020-12-04T13:52:33.493Z,sell,2.302e-05,200.0,0.004604
NEBL/BTC,1607089963545,2020-12-04T13:52:43.545Z,buy,2.319e-05,199.0,0.00461481
NEBL/BTC,1607089971362,2020-12-04T13:52:51.362Z,sell,2.302e-05,100.0,0.002302
NEBL/BTC,1607089974875,2020-12-04T13:52:54.875Z,sell,2.302e-05,1.0,2.302e-05
NEBL/BTC,1607089976836,2020-12-04T13:52:56.836Z,buy,2.302e-05,86.0,0.00197972
NEBL/BTC,1607089977033,2020-12-04T13:52:57.033Z,buy,2.302e-05,83.0,0.00191066
NEBL/BTC,1607089977033,2020-12-04T13:52:57.033Z,buy,2.319e-05,1.0,2.319e-05
NEBL/BTC,1607089977033,2020-12-04T13:52:57.033Z,buy,2.32e-05,7.0,0.0001624
NEBL/BTC,1607089977033,2020-12-04T13:52:57.033Z,buy,2.322e-05,8.0,0.00018576
NEBL/BTC,1607090212948,2020-12-04T13:56:52.948Z,sell,2.304e-05,260.0,0.0059904
NEBL/BTC,1607090659357,2020-12-04T14:04:19.357Z,sell,2.303e-05,7.0,0.00016121
NEBL/BTC,1607090659357,2020-12-04T14:04:19.357Z,sell,2.302e-05,493.0,0.01134886
NEBL/BTC,1607090675461,2020-12-04T14:04:35.461Z,buy,2.32e-05,100.0,0.00232
NEBL/BTC,1607090675461,2020-12-04T14:04:35.461Z,buy,2.321e-05,260.0,0.0060346
NEBL/BTC,1607090675461,2020-12-04T14:04:35.461Z,buy,2.323e-05,22.0,0.00051106
NEBL/BTC,1607090675461,2020-12-04T14:04:35.461Z,buy,2.327e-05,5.0,0.00011635
NEBL/BTC,1607090675461,2020-12-04T14:04:35.461Z,buy,2.33e-05,107.0,0.0024931
NEBL/BTC,1607090728271,2020-12-04T14:05:28.271Z,sell,2.314e-05,5.0,0.0001157
NEBL/BTC,1607091135870,2020-12-04T14:12:15.870Z,sell,2.311e-05,8.0,0.00018488
NEBL/BTC,1607091135870,2020-12-04T14:12:15.870Z,sell,2.303e-05,7.0,0.00016121
NEBL/BTC,1607091135870,2020-12-04T14:12:15.870Z,sell,2.302e-05,517.0,0.01190134
NEBL/BTC,1607091705048,2020-12-04T14:21:45.048Z,buy,2.314e-05,113.0,0.00261482
NEBL/BTC,1607091824097,2020-12-04T14:23:44.097Z,sell,2.302e-05,14.0,0.00032228
NEBL/BTC,1607091824097,2020-12-04T14:23:44.097Z,sell,2.301e-05,325.0,0.00747825
NEBL/BTC,1607091824097,2020-12-04T14:23:44.097Z,sell,2.302e-05,14.0,0.00032228
NEBL/BTC,1607091824097,2020-12-04T14:23:44.097Z,sell,2.301e-05,325.0,0.00747825
NEBL/BTC,1607092098272,2020-12-04T14:28:18.272Z,sell,2.301e-05,2325.0,0.05349825
NEBL/BTC,1607092098272,2020-12-04T14:28:18.272Z,sell,2.3e-05,122.0,0.002806
NEBL/BTC,1607092098272,2020-12-04T14:28:18.272Z,sell,2.299e-05,1312.0,0.03016288
NEBL/BTC,1607092129248,2020-12-04T14:28:49.248Z,buy,2.299e-05,5.0,0.0001149499999999
NEBL/BTC,1607092142750,2020-12-04T14:29:02.750Z,buy,2.299e-05,1025.0,0.02356475
NEBL/BTC,1607092198297,2020-12-04T14:29:58.297Z,sell,2.296e-05,27.0,0.00061992
NEBL/BTC,1607092378977,2020-12-04T14:32:58.977Z,sell,2.296e-05,273.0,0.00626808
NEBL/BTC,1607092936642,2020-12-04T14:42:16.642Z,buy,2.296e-05,584.0,0.01340864
NEBL/BTC,1607093642877,2020-12-04T14:54:02.877Z,sell,2.297e-05,34.0,0.0007809799999999
NEBL/BTC,1607093642877,2020-12-04T14:54:02.877Z,sell,2.297e-05,34.0,0.0007809799999999
NEBL/BTC,1607095528689,2020-12-04T15:25:28.689Z,sell,2.297e-05,55.0,0.0012633499999999
NEBL/BTC,1607095528689,2020-12-04T15:25:28.689Z,sell,2.297e-05,55.0,0.0012633499999999
NEBL/BTC,1607097602101,2020-12-04T16:00:02.101Z,sell,2.301e-05,17.0,0.00039117
NEBL/BTC,1607097602116,2020-12-04T16:00:02.116Z,sell,2.301e-05,11.0,0.00025311
NEBL/BTC,1607097602135,2020-12-04T16:00:02.135Z,sell,2.301e-05,11.0,0.00025311
NEBL/BTC,1607097602155,2020-12-04T16:00:02.155Z,sell,2.301e-05,11.0,0.00025311
NEBL/BTC,1607097602491,2020-12-04T16:00:02.491Z,sell,2.301e-05,10.0,0.0002301
NEBL/BTC,1607097605415,2020-12-04T16:00:05.415Z,sell,2.301e-05,95.0,0.00218595
NEBL/BTC,1607097696405,2020-12-04T16:01:36.405Z,sell,2.302e-05,85.0,0.0019567
NEBL/BTC,1607098453791,2020-12-04T16:14:13.791Z,sell,2.301e-05,47.0,0.00108147
NEBL/BTC,1607098453822,2020-12-04T16:14:13.822Z,sell,2.301e-05,483.0,0.01111383
NEBL/BTC,1607098480430,2020-12-04T16:14:40.430Z,buy,2.302e-05,300.0,0.006906
NEBL/BTC,1607098544431,2020-12-04T16:15:44.431Z,buy,2.302e-05,232.0,0.00534064
NEBL/BTC,1607098625067,2020-12-04T16:17:05.067Z,sell,2.298e-05,870.0,0.0199926
NEBL/BTC,1607098626070,2020-12-04T16:17:06.070Z,sell,2.292e-05,11.0,0.00025212
NEBL/BTC,1607098627569,2020-12-04T16:17:07.569Z,sell,2.289e-05,5.0,0.0001144499999999
NEBL/BTC,1607098628877,2020-12-04T16:17:08.877Z,sell,2.288e-05,15.0,0.0003432
NEBL/BTC,1607099074714,2020-12-04T16:24:34.714Z,buy,2.301e-05,234.0,0.00538434
NEBL/BTC,1607099074722,2020-12-04T16:24:34.722Z,sell,2.297e-05,130.0,0.0029860999999999
NEBL/BTC,1607099074722,2020-12-04T16:24:34.722Z,sell,2.297e-05,130.0,0.0029860999999999
NEBL/BTC,1607099398568,2020-12-04T16:29:58.568Z,sell,2.297e-05,30.0,0.0006891
NEBL/BTC,1607099871407,2020-12-04T16:37:51.407Z,buy,2.301e-05,5.0,0.00011505
NEBL/BTC,1607099871407,2020-12-04T16:37:51.407Z,buy,2.302e-05,1313.0,0.03022526
NEBL/BTC,1607099871407,2020-12-04T16:37:51.407Z,buy,2.311e-05,8.0,0.00018488
NEBL/BTC,1607099871407,2020-12-04T16:37:51.407Z,buy,2.313e-05,61.0,0.00141093
NEBL/BTC,1607099871420,2020-12-04T16:37:51.420Z,sell,2.313e-05,233.0,0.00538929
NEBL/BTC,1607099871420,2020-12-04T16:37:51.420Z,sell,2.313e-05,208.0,0.00481104
NEBL/BTC,1607099873324,2020-12-04T16:37:53.324Z,buy,2.314e-05,96.0,0.00222144
NEBL/BTC,1607100446498,2020-12-04T16:47:26.498Z,sell,2.301e-05,5.0,0.00011505
NEBL/BTC,1607100457786,2020-12-04T16:47:37.786Z,sell,2.297e-05,68.0,0.0015619599999999
NEBL/BTC,1607100457786,2020-12-04T16:47:37.786Z,sell,2.289e-05,5.0,0.0001144499999999
NEBL/BTC,1607100457786,2020-12-04T16:47:37.786Z,sell,2.288e-05,83.0,0.00189904
NEBL/BTC,1607100457786,2020-12-04T16:47:37.786Z,sell,2.287e-05,9222.0,0.21090714
NEBL/BTC,1607100458868,2020-12-04T16:47:38.868Z,sell,2.286e-05,21.0,0.00048006
NEBL/BTC,1607100458881,2020-12-04T16:47:38.881Z,sell,2.285e-05,34.0,0.0007769
NEBL/BTC,1607100497512,2020-12-04T16:48:17.512Z,sell,2.283e-05,6.0,0.00013698
NEBL/BTC,1607100497512,2020-12-04T16:48:17.512Z,sell,2.28e-05,59.0,0.0013452
NEBL/BTC,1607100546088,2020-12-04T16:49:06.088Z,sell,2.28e-05,63.0,0.0014364
NEBL/BTC,1607100546088,2020-12-04T16:49:06.088Z,sell,2.277e-05,15.0,0.00034155
NEBL/BTC,1607100546088,2020-12-04T16:49:06.088Z,sell,2.276e-05,226.0,0.00514376
NEBL/BTC,1607100546088,2020-12-04T16:49:06.088Z,sell,2.275e-05,70.0,0.0015925
NEBL/BTC,1607100623932,2020-12-04T16:50:23.932Z,sell,2.281e-05,5.0,0.00011405
NEBL/BTC,1607100623932,2020-12-04T16:50:23.932Z,sell,2.275e-05,59.0,0.00134225
NEBL/BTC,1607100623932,2020-12-04T16:50:23.932Z,sell,2.27e-05,10.0,0.000227
NEBL/BTC,1607100623932,2020-12-04T16:50:23.932Z,sell,2.269e-05,3.0,6.807e-05
NEBL/BTC,1607101061915,2020-12-04T16:57:41.915Z,sell,2.27e-05,262.0,0.0059474
NEBL/BTC,1607101061915,2020-12-04T16:57:41.915Z,sell,2.269e-05,23.0,0.00052187
NEBL/BTC,1607101061915,2020-12-04T16:57:41.915Z,sell,2.267e-05,21.0,0.00047607
NEBL/BTC,1607101061915,2020-12-04T16:57:41.915Z,sell,2.264e-05,67.0,0.00151688
NEBL/BTC,1607101061915,2020-12-04T16:57:41.915Z,sell,2.263e-05,5.0,0.0001131499999999
NEBL/BTC,1607101061915,2020-12-04T16:57:41.915Z,sell,2.261e-05,7.0,0.00015827
NEBL/BTC,1607101061915,2020-12-04T16:57:41.915Z,sell,2.26e-05,168.0,0.0037968
NEBL/BTC,1607101061915,2020-12-04T16:57:41.915Z,sell,2.258e-05,1854.0,0.04186332
NEBL/BTC,1607101061915,2020-12-04T16:57:41.915Z,sell,2.255e-05,656.0,0.0147928
NEBL/BTC,1607101061915,2020-12-04T16:57:41.915Z,sell,2.254e-05,15.0,0.0003381
NEBL/BTC,1607101061915,2020-12-04T16:57:41.915Z,sell,2.253e-05,716.0,0.01613148
NEBL/BTC,1607101061915,2020-12-04T16:57:41.915Z,sell,2.252e-05,7.0,0.00015764
NEBL/BTC,1607101061915,2020-12-04T16:57:41.915Z,sell,2.25e-05,19.0,0.0004275
NEBL/BTC,1607101061915,2020-12-04T16:57:41.915Z,sell,2.248e-05,355.0,0.0079804
NEBL/BTC,1607101061915,2020-12-04T16:57:41.915Z,sell,2.247e-05,129.0,0.00289863
NEBL/BTC,1607101061915,2020-12-04T16:57:41.915Z,sell,2.246e-05,183.0,0.00411018
NEBL/BTC,1607101061915,2020-12-04T16:57:41.915Z,sell,2.245e-05,1359.0,0.03050955
NEBL/BTC,1607101063677,2020-12-04T16:57:43.677Z,buy,2.263e-05,5.0,0.0001131499999999
NEBL/BTC,1607101063736,2020-12-04T16:57:43.736Z,sell,2.246e-05,6.0,0.00013476
NEBL/BTC,1607101064015,2020-12-04T16:57:44.015Z,buy,2.276e-05,5.0,0.0001138
NEBL/BTC,1607101064263,2020-12-04T16:57:44.263Z,buy,2.269e-05,7.0,0.00015883
NEBL/BTC,1607101064842,2020-12-04T16:57:44.842Z,buy,2.273e-05,15.0,0.00034095
NEBL/BTC,1607101065299,2020-12-04T16:57:45.299Z,sell,2.25e-05,13.0,0.0002925
NEBL/BTC,1607101097745,2020-12-04T16:58:17.745Z,buy,2.275e-05,129.0,0.00293475
NEBL/BTC,1607101115600,2020-12-04T16:58:35.600Z,buy,2.273e-05,15.0,0.00034095
NEBL/BTC,1607101209133,2020-12-04T17:00:09.133Z,buy,2.279e-05,5.0,0.00011395
NEBL/BTC,1607101213308,2020-12-04T17:00:13.308Z,buy,2.279e-05,18.0,0.00041022
NEBL/BTC,1607101213308,2020-12-04T17:00:13.308Z,buy,2.28e-05,122.0,0.0027816
NEBL/BTC,1607101213308,2020-12-04T17:00:13.308Z,buy,2.283e-05,8.0,0.00018264
NEBL/BTC,1607101213308,2020-12-04T17:00:13.308Z,buy,2.285e-05,8.0,0.0001828
NEBL/BTC,1607101213308,2020-12-04T17:00:13.308Z,buy,2.286e-05,7.0,0.00016002
NEBL/BTC,1607101213308,2020-12-04T17:00:13.308Z,buy,2.287e-05,44.0,0.00100628
NEBL/BTC,1607101213308,2020-12-04T17:00:13.308Z,buy,2.289e-05,5.0,0.0001144499999999
NEBL/BTC,1607101213308,2020-12-04T17:00:13.308Z,buy,2.29e-05,369.0,0.0084501
NEBL/BTC,1607101213308,2020-12-04T17:00:13.308Z,buy,2.291e-05,14.0,0.0003207399999999
NEBL/BTC,1607101282742,2020-12-04T17:01:22.742Z,sell,2.291e-05,37.0,0.00084767
NEBL/BTC,1607101298514,2020-12-04T17:01:38.514Z,sell,2.291e-05,264.0,0.00604824
NEBL/BTC,1607101340612,2020-12-04T17:02:20.612Z,sell,2.291e-05,6.0,0.00013746
NEBL/BTC,1607101448026,2020-12-04T17:04:08.026Z,sell,2.291e-05,5.0,0.0001145499999999
NEBL/BTC,1607101497228,2020-12-04T17:04:57.228Z,sell,2.291e-05,459.0,0.01051569
NEBL/BTC,1607101956151,2020-12-04T17:12:36.151Z,sell,2.276e-05,5.0,0.0001138
NEBL/BTC,1607101956151,2020-12-04T17:12:36.151Z,sell,2.273e-05,58.0,0.00131834
NEBL/BTC,1607102310123,2020-12-04T17:18:30.123Z,sell,2.273e-05,19.0,0.00043187
NEBL/BTC,1607102435982,2020-12-04T17:20:35.982Z,sell,2.273e-05,350.0,0.0079555
NEBL/BTC,1607102448638,2020-12-04T17:20:48.638Z,sell,2.271e-05,132.0,0.00299772
NEBL/BTC,1607102448638,2020-12-04T17:20:48.638Z,sell,2.271e-05,132.0,0.00299772
NEBL/BTC,1607103123486,2020-12-04T17:32:03.486Z,sell,2.271e-05,42.0,0.00095382
NEBL/BTC,1607103889340,2020-12-04T17:44:49.340Z,buy,2.289e-05,53.0,0.00121317
NEBL/BTC,1607103889340,2020-12-04T17:44:49.340Z,buy,2.29e-05,2.0,4.58e-05
NEBL/BTC,1607103977207,2020-12-04T17:46:17.207Z,sell,2.276e-05,5.0,0.0001138
NEBL/BTC,1607103977207,2020-12-04T17:46:17.207Z,sell,2.272e-05,49.0,0.00111328
NEBL/BTC,1607103977207,2020-12-04T17:46:17.207Z,sell,2.276e-05,5.0,0.0001138
NEBL/BTC,1607103977207,2020-12-04T17:46:17.207Z,sell,2.272e-05,49.0,0.00111328
NEBL/BTC,1607106794113,2020-12-04T18:33:14.113Z,buy,2.288e-05,428.0,0.00979264
NEBL/BTC,1607106794798,2020-12-04T18:33:14.798Z,buy,2.288e-05,8.0,0.00018304
NEBL/BTC,1607107065221,2020-12-04T18:37:45.221Z,buy,2.288e-05,225.0,0.005148
NEBL/BTC,1607107082286,2020-12-04T18:38:02.286Z,sell,2.288e-05,129.0,0.00295152
NEBL/BTC,1607107090508,2020-12-04T18:38:10.508Z,sell,2.287e-05,8.0,0.00018296
NEBL/BTC,1607107092331,2020-12-04T18:38:12.331Z,sell,2.282e-05,43.0,0.0009812599999999
NEBL/BTC,1607107092331,2020-12-04T18:38:12.331Z,sell,2.282e-05,43.0,0.0009812599999999
NEBL/BTC,1607108006542,2020-12-04T18:53:26.542Z,sell,2.283e-05,262.0,0.00598146
NEBL/BTC,1607108194399,2020-12-04T18:56:34.399Z,buy,2.288e-05,60.0,0.0013728
NEBL/BTC,1607108198421,2020-12-04T18:56:38.421Z,buy,2.289e-05,5.0,0.0001144499999999
NEBL/BTC,1607108198421,2020-12-04T18:56:38.421Z,buy,2.295e-05,25.0,0.0005737499999999
NEBL/BTC,1607108198421,2020-12-04T18:56:38.421Z,buy,2.299e-05,89.0,0.00204611
NEBL/BTC,1607108198421,2020-12-04T18:56:38.421Z,buy,2.3e-05,156.0,0.003588
NEBL/BTC,1607108198421,2020-12-04T18:56:38.421Z,buy,2.301e-05,25.0,0.00057525
NEBL/BTC,1607108198421,2020-12-04T18:56:38.421Z,buy,2.302e-05,170.0,0.0039134
NEBL/BTC,1607108198434,2020-12-04T18:56:38.434Z,sell,2.302e-05,73.0,0.00168046
NEBL/BTC,1607108198435,2020-12-04T18:56:38.435Z,sell,2.302e-05,175.0,0.0040285
NEBL/BTC,1607108198457,2020-12-04T18:56:38.457Z,sell,2.302e-05,107.0,0.00246314
NEBL/BTC,1607108198470,2020-12-04T18:56:38.470Z,buy,2.303e-05,73.0,0.00168119
NEBL/BTC,1607108201369,2020-12-04T18:56:41.369Z,buy,2.303e-05,315.0,0.00725445
NEBL/BTC,1607108201369,2020-12-04T18:56:41.369Z,buy,2.304e-05,15.0,0.0003456
NEBL/BTC,1607108201369,2020-12-04T18:56:41.369Z,buy,2.307e-05,14.0,0.00032298
NEBL/BTC,1607108201369,2020-12-04T18:56:41.369Z,buy,2.308e-05,2039.0,0.04706012
NEBL/BTC,1607108201377,2020-12-04T18:56:41.377Z,sell,2.309e-05,17.0,0.00039253
NEBL/BTC,1607108201384,2020-12-04T18:56:41.384Z,sell,2.309e-05,18.0,0.00041562
NEBL/BTC,1607108202107,2020-12-04T18:56:42.107Z,sell,2.309e-05,260.0,0.0060034
NEBL/BTC,1607108238722,2020-12-04T18:57:18.722Z,buy,2.302e-05,5.0,0.0001151
NEBL/BTC,1607108238722,2020-12-04T18:57:18.722Z,buy,2.308e-05,190.0,0.0043852
NEBL/BTC,1607108238722,2020-12-04T18:57:18.722Z,buy,2.309e-05,861.0,0.01988049
NEBL/BTC,1607108238722,2020-12-04T18:57:18.722Z,buy,2.311e-05,8.0,0.00018488
NEBL/BTC,1607108246179,2020-12-04T18:57:26.179Z,buy,2.311e-05,700.0,0.016177
NEBL/BTC,1607108246709,2020-12-04T18:57:26.709Z,sell,2.313e-05,230.0,0.0053199
NEBL/BTC,1607108246711,2020-12-04T18:57:26.711Z,sell,2.313e-05,227.0,0.00525051
NEBL/BTC,1607108246716,2020-12-04T18:57:26.716Z,sell,2.313e-05,227.0,0.00525051
NEBL/BTC,1607108246726,2020-12-04T18:57:26.726Z,sell,2.313e-05,40.0,0.0009252
NEBL/BTC,1607108250885,2020-12-04T18:57:30.885Z,buy,2.312e-05,130.0,0.0030055999999999
NEBL/BTC,1607108250885,2020-12-04T18:57:30.885Z,buy,2.313e-05,247.0,0.00571311
NEBL/BTC,1607108486381,2020-12-04T19:01:26.381Z,sell,2.299e-05,8.0,0.00018392
NEBL/BTC,1607108767024,2020-12-04T19:06:07.024Z,sell,2.295e-05,14.0,0.0003213
NEBL/BTC,1607108944919,2020-12-04T19:09:04.919Z,sell,2.295e-05,17.0,0.0003901499999999
NEBL/BTC,1607109626043,2020-12-04T19:20:26.043Z,buy,2.299e-05,161.0,0.0037013899999999
NEBL/BTC,1607109951174,2020-12-04T19:25:51.174Z,sell,2.303e-05,153.0,0.00352359
NEBL/BTC,1607110469925,2020-12-04T19:34:29.925Z,sell,2.305e-05,84.0,0.0019362
NEBL/BTC,1607110487676,2020-12-04T19:34:47.676Z,sell,2.305e-05,24.0,0.0005532
NEBL/BTC,1607110487680,2020-12-04T19:34:47.680Z,sell,2.302e-05,24.0,0.0005524799999999
NEBL/BTC,1607110661556,2020-12-04T19:37:41.556Z,buy,2.311e-05,8.0,0.00018488
NEBL/BTC,1607110661556,2020-12-04T19:37:41.556Z,buy,2.314e-05,5.0,0.0001157
NEBL/BTC,1607110661556,2020-12-04T19:37:41.556Z,buy,2.315e-05,219.0,0.00506985
NEBL/BTC,1607110661556,2020-12-04T19:37:41.556Z,buy,2.318e-05,5.0,0.0001159
NEBL/BTC,1607110661556,2020-12-04T19:37:41.556Z,buy,2.32e-05,140.0,0.003248
NEBL/BTC,1607110661556,2020-12-04T19:37:41.556Z,buy,2.323e-05,14.0,0.00032522
NEBL/BTC,1607110661556,2020-12-04T19:37:41.556Z,buy,2.325e-05,6.0,0.0001395
NEBL/BTC,1607110661556,2020-12-04T19:37:41.556Z,buy,2.327e-05,5.0,0.00011635
NEBL/BTC,1607110661556,2020-12-04T19:37:41.556Z,buy,2.329e-05,115.0,0.00267835
NEBL/BTC,1607110661564,2020-12-04T19:37:41.564Z,sell,2.329e-05,123.0,0.0028646699999999
NEBL/BTC,1607110661564,2020-12-04T19:37:41.564Z,sell,2.329e-05,123.0,0.0028646699999999
NEBL/BTC,1607110694612,2020-12-04T19:38:14.612Z,sell,2.314e-05,5.0,0.0001157
NEBL/BTC,1607111028017,2020-12-04T19:43:48.017Z,sell,2.307e-05,104.0,0.00239928
NEBL/BTC,1607111055860,2020-12-04T19:44:15.860Z,buy,2.307e-05,401.0,0.00925107
NEBL/BTC,1607111114074,2020-12-04T19:45:14.074Z,buy,2.307e-05,6.0,0.00013842
NEBL/BTC,1607111373650,2020-12-04T19:49:33.650Z,buy,2.307e-05,50.0,0.0011535
NEBL/BTC,1607111453313,2020-12-04T19:50:53.313Z,sell,2.305e-05,113.0,0.00260465
NEBL/BTC,1607111471781,2020-12-04T19:51:11.781Z,buy,2.305e-05,61.0,0.00140605
NEBL/BTC,1607111851160,2020-12-04T19:57:31.160Z,sell,2.304e-05,215.0,0.0049536
NEBL/BTC,1607111992592,2020-12-04T19:59:52.592Z,sell,2.303e-05,7.0,0.00016121
NEBL/BTC,1607112021020,2020-12-04T20:00:21.020Z,buy,2.303e-05,8.0,0.00018424
NEBL/BTC,1607112022529,2020-12-04T20:00:22.529Z,sell,2.303e-05,49.0,0.00112847
NEBL/BTC,1607113067467,2020-12-04T20:17:47.467Z,buy,2.314e-05,640.0,0.0148096
NEBL/BTC,1607113067467,2020-12-04T20:17:47.467Z,buy,2.315e-05,152.0,0.0035188
NEBL/BTC,1607113463680,2020-12-04T20:24:23.680Z,buy,2.315e-05,114.0,0.0026391
NEBL/BTC,1607113463680,2020-12-04T20:24:23.680Z,buy,2.32e-05,7.0,0.0001624
NEBL/BTC,1607113463680,2020-12-04T20:24:23.680Z,buy,2.323e-05,8.0,0.00018584
NEBL/BTC,1607113463680,2020-12-04T20:24:23.680Z,buy,2.327e-05,5.0,0.00011635
NEBL/BTC,1607113463680,2020-12-04T20:24:23.680Z,buy,2.329e-05,48.0,0.00111792
NEBL/BTC,1607113463688,2020-12-04T20:24:23.688Z,sell,2.329e-05,47.0,0.0010946299999999
NEBL/BTC,1607114089008,2020-12-04T20:34:49.008Z,sell,2.314e-05,5.0,0.0001157
NEBL/BTC,1607114089008,2020-12-04T20:34:49.008Z,sell,2.311e-05,302.0,0.00697922
NEBL/BTC,1607114089024,2020-12-04T20:34:49.024Z,sell,2.31e-05,96.0,0.0022176
NEBL/BTC,1607114089024,2020-12-04T20:34:49.024Z,sell,2.31e-05,96.0,0.0022176
NEBL/BTC,1607114329040,2020-12-04T20:38:49.040Z,buy,2.32e-05,161.0,0.0037352
NEBL/BTC,1607115329950,2020-12-04T20:55:29.950Z,buy,2.311e-05,18.0,0.00041598
NEBL/BTC,1607115381178,2020-12-04T20:56:21.178Z,sell,2.304e-05,427.0,0.0098380799999999
NEBL/BTC,1607115402303,2020-12-04T20:56:42.303Z,sell,2.303e-05,7.0,0.00016121
NEBL/BTC,1607115402303,2020-12-04T20:56:42.303Z,sell,2.302e-05,14.0,0.00032228
NEBL/BTC,1607115402303,2020-12-04T20:56:42.303Z,sell,2.301e-05,300.0,0.006903
NEBL/BTC,1607115502045,2020-12-04T20:58:22.045Z,sell,2.303e-05,68.0,0.00156604
NEBL/BTC,1607116274327,2020-12-04T21:11:14.327Z,sell,2.303e-05,5.0,0.00011515
NEBL/BTC,1607116297801,2020-12-04T21:11:37.801Z,sell,2.303e-05,292.0,0.00672476
NEBL/BTC,1607116346016,2020-12-04T21:12:26.016Z,buy,2.31e-05,9.0,0.0002078999999999
NEBL/BTC,1607116861912,2020-12-04T21:21:01.912Z,sell,2.305e-05,141.0,0.00325005
NEBL/BTC,1607116861912,2020-12-04T21:21:01.912Z,sell,2.304e-05,174.0,0.00400896
NEBL/BTC,1607116861912,2020-12-04T21:21:01.912Z,sell,2.303e-05,889.0,0.02047367
NEBL/BTC,1607117451955,2020-12-04T21:30:51.955Z,sell,2.305e-05,33.0,0.00076065
NEBL/BTC,1607117451955,2020-12-04T21:30:51.955Z,sell,2.305e-05,33.0,0.00076065
NEBL/BTC,1607117807308,2020-12-04T21:36:47.308Z,buy,2.309e-05,82.0,0.00189338
NEBL/BTC,1607117909547,2020-12-04T21:38:29.547Z,sell,2.305e-05,81.0,0.00186705
NEBL/BTC,1607118271602,2020-12-04T21:44:31.602Z,sell,2.305e-05,49.0,0.00112945
NEBL/BTC,1607118290265,2020-12-04T21:44:50.265Z,buy,2.309e-05,41.0,0.00094669
NEBL/BTC,1607118290265,2020-12-04T21:44:50.265Z,buy,2.314e-05,5.0,0.0001157
NEBL/BTC,1607118290265,2020-12-04T21:44:50.265Z,buy,2.316e-05,54.0,0.00125064
NEBL/BTC,1607118455897,2020-12-04T21:47:35.897Z,buy,2.314e-05,373.0,0.00863122
NEBL/BTC,1607118455897,2020-12-04T21:47:35.897Z,buy,2.315e-05,174.0,0.0040281
NEBL/BTC,1607118461526,2020-12-04T21:47:41.526Z,sell,2.316e-05,1218.0,0.02820888
NEBL/BTC,1607118462526,2020-12-04T21:47:42.526Z,sell,2.306e-05,169.0,0.00389714
NEBL/BTC,1607118463535,2020-12-04T21:47:43.535Z,sell,2.305e-05,697.0,0.01606585
NEBL/BTC,1607118464553,2020-12-04T21:47:44.553Z,sell,2.301e-05,5.0,0.00011505
NEBL/BTC,1607118465560,2020-12-04T21:47:45.560Z,sell,2.3e-05,291.0,0.006693
NEBL/BTC,1607118466570,2020-12-04T21:47:46.570Z,sell,2.299e-05,83.0,0.0019081699999999
NEBL/BTC,1607118809732,2020-12-04T21:53:29.732Z,sell,2.299e-05,251.0,0.00577049
NEBL/BTC,1607118878323,2020-12-04T21:54:38.323Z,sell,2.299e-05,192.0,0.00441408
NEBL/BTC,1607118888447,2020-12-04T21:54:48.447Z,sell,2.299e-05,57.0,0.00131043
NEBL/BTC,1607119180509,2020-12-04T21:59:40.509Z,sell,2.299e-05,5.0,0.0001149499999999
NEBL/BTC,1607119181406,2020-12-04T21:59:41.406Z,sell,2.297e-05,151.0,0.00346847
NEBL/BTC,1607119181676,2020-12-04T21:59:41.676Z,sell,2.297e-05,33.0,0.0007580099999999
NEBL/BTC,1607119181843,2020-12-04T21:59:41.843Z,sell,2.297e-05,57.0,0.0013092899999999
NEBL/BTC,1607119183549,2020-12-04T21:59:43.549Z,sell,2.295e-05,263.0,0.00603585
NEBL/BTC,1607119784586,2020-12-04T22:09:44.586Z,buy,2.296e-05,5.0,0.0001148
NEBL/BTC,1607120453704,2020-12-04T22:20:53.704Z,sell,2.295e-05,12.0,0.0002753999999999
NEBL/BTC,1607120465170,2020-12-04T22:21:05.170Z,sell,2.292e-05,11.0,0.00025212
NEBL/BTC,1607120491689,2020-12-04T22:21:31.689Z,sell,2.289e-05,5.0,0.0001144499999999
NEBL/BTC,1607120499388,2020-12-04T22:21:39.388Z,sell,2.286e-05,21.0,0.00048006
NEBL/BTC,1607120511935,2020-12-04T22:21:51.935Z,sell,2.283e-05,6.0,0.00013698
NEBL/BTC,1607120520884,2020-12-04T22:22:00.884Z,sell,2.28e-05,132.0,0.0030096
NEBL/BTC,1607120521151,2020-12-04T22:22:01.151Z,buy,2.28e-05,5.0,0.0001139999999999
NEBL/BTC,1607120531537,2020-12-04T22:22:11.537Z,sell,2.278e-05,45.0,0.0010251
NEBL/BTC,1607120603806,2020-12-04T22:23:23.806Z,sell,2.277e-05,46.0,0.00104742
NEBL/BTC,1607120603823,2020-12-04T22:23:23.823Z,buy,2.277e-05,284.0,0.00646668
NEBL/BTC,1607120603842,2020-12-04T22:23:23.842Z,buy,2.277e-05,283.0,0.00644391
NEBL/BTC,1607120616944,2020-12-04T22:23:36.944Z,sell,2.277e-05,106.0,0.00241362
NEBL/BTC,1607120634981,2020-12-04T22:23:54.981Z,buy,2.277e-05,6.0,0.00013662
NEBL/BTC,1607120650033,2020-12-04T22:24:10.033Z,sell,2.277e-05,306.0,0.00696762
NEBL/BTC,1607120650033,2020-12-04T22:24:10.033Z,sell,2.276e-05,495.0,0.0112661999999999
NEBL/BTC,1607120665968,2020-12-04T22:24:25.968Z,buy,2.289e-05,5.0,0.0001144499999999
NEBL/BTC,1607120665968,2020-12-04T22:24:25.968Z,buy,2.289e-05,5.0,0.0001144499999999
NEBL/BTC,1607121204648,2020-12-04T22:33:24.648Z,sell,2.276e-05,5.0,0.0001138
NEBL/BTC,1607121204648,2020-12-04T22:33:24.648Z,sell,2.275e-05,4.0,9.1e-05
NEBL/BTC,1607121317546,2020-12-04T22:35:17.546Z,sell,2.285e-05,176.0,0.0040216
NEBL/BTC,1607121497022,2020-12-04T22:38:17.022Z,sell,2.285e-05,53.0,0.00121105
NEBL/BTC,1607121836254,2020-12-04T22:43:56.254Z,sell,2.285e-05,383.0,0.00875155
NEBL/BTC,1607122298579,2020-12-04T22:51:38.579Z,sell,2.275e-05,100.0,0.002275
NEBL/BTC,1607122298691,2020-12-04T22:51:38.691Z,sell,2.275e-05,25.0,0.00056875
NEBL/BTC,1607122304898,2020-12-04T22:51:44.898Z,sell,2.269e-05,21.0,0.00047649
NEBL/BTC,1607122323079,2020-12-04T22:52:03.079Z,buy,2.282e-05,19.0,0.00043358
NEBL/BTC,1607122417828,2020-12-04T22:53:37.828Z,sell,2.271e-05,5.0,0.00011355
NEBL/BTC,1607122756944,2020-12-04T22:59:16.944Z,sell,2.267e-05,6.0,0.00013602
NEBL/BTC,1607122756944,2020-12-04T22:59:16.944Z,sell,2.265e-05,7.0,0.00015855
NEBL/BTC,1607122756944,2020-12-04T22:59:16.944Z,sell,2.263e-05,5.0,0.0001131499999999
NEBL/BTC,1607122756944,2020-12-04T22:59:16.944Z,sell,2.261e-05,313.0,0.0070769299999999
NEBL/BTC,1607122756944,2020-12-04T22:59:16.944Z,sell,2.26e-05,122.0,0.0027572
NEBL/BTC,1607122756944,2020-12-04T22:59:16.944Z,sell,2.257e-05,5.0,0.0001128499999999
NEBL/BTC,1607122756944,2020-12-04T22:59:16.944Z,sell,2.253e-05,23.0,0.00051819
NEBL/BTC,1607122756944,2020-12-04T22:59:16.944Z,sell,2.252e-05,7.0,0.00015764
NEBL/BTC,1607122756944,2020-12-04T22:59:16.944Z,sell,2.251e-05,74.0,0.00166574
NEBL/BTC,1607122756944,2020-12-04T22:59:16.944Z,sell,2.25e-05,230.0,0.005175
NEBL/BTC,1607122760462,2020-12-04T22:59:20.462Z,buy,2.273e-05,15.0,0.00034095
NEBL/BTC,1607122828013,2020-12-04T23:00:28.013Z,sell,2.254e-05,77.0,0.00173558
NEBL/BTC,1607122828013,2020-12-04T23:00:28.013Z,sell,2.253e-05,15.0,0.00033795
NEBL/BTC,1607122828013,2020-12-04T23:00:28.013Z,sell,2.251e-05,396.0,0.00891396
NEBL/BTC,1607122828013,2020-12-04T23:00:28.013Z,sell,2.25e-05,120.0,0.0027
NEBL/BTC,1607122828013,2020-12-04T23:00:28.013Z,sell,2.248e-05,65.0,0.0014612
NEBL/BTC,1607122828013,2020-12-04T23:00:28.013Z,sell,2.247e-05,129.0,0.00289863
NEBL/BTC,1607122828013,2020-12-04T23:00:28.013Z,sell,2.246e-05,8.0,0.00017968
NEBL/BTC,1607122828013,2020-12-04T23:00:28.013Z,sell,2.245e-05,592.0,0.0132904
NEBL/BTC,1607122828013,2020-12-04T23:00:28.013Z,sell,2.242e-05,8.0,0.00017936
NEBL/BTC,1607122828013,2020-12-04T23:00:28.013Z,sell,2.24e-05,309.0,0.0069216
NEBL/BTC,1607122828013,2020-12-04T23:00:28.013Z,sell,2.239e-05,6.0,0.00013434
NEBL/BTC,1607122828013,2020-12-04T23:00:28.013Z,sell,2.238e-05,1868.0,0.04180584
NEBL/BTC,1607122828013,2020-12-04T23:00:28.013Z,sell,2.236e-05,15.0,0.0003353999999999
NEBL/BTC,1607122828013,2020-12-04T23:00:28.013Z,sell,2.235e-05,17.0,0.00037995
NEBL/BTC,1607122828013,2020-12-04T23:00:28.013Z,sell,2.234e-05,4600.0,0.102764
NEBL/BTC,1607122828013,2020-12-04T23:00:28.013Z,sell,2.233e-05,33.0,0.00073689
NEBL/BTC,1607122828013,2020-12-04T23:00:28.013Z,sell,2.23e-05,5.0,0.0001115
NEBL/BTC,1607122828013,2020-12-04T23:00:28.013Z,sell,2.225e-05,18.0,0.0004005
NEBL/BTC,1607122828013,2020-12-04T23:00:28.013Z,sell,2.222e-05,2715.0,0.0603273
NEBL/BTC,1607122828013,2020-12-04T23:00:28.013Z,sell,2.222e-05,10.0,0.0002222
NEBL/BTC,1607122944941,2020-12-04T23:02:24.941Z,sell,2.236e-05,425.0,0.009503
NEBL/BTC,1607122944941,2020-12-04T23:02:24.941Z,sell,2.235e-05,179.0,0.00400065
NEBL/BTC,1607122944941,2020-12-04T23:02:24.941Z,sell,2.232e-05,116.0,0.00258912
NEBL/BTC,1607122944941,2020-12-04T23:02:24.941Z,sell,2.231e-05,11.0,0.00024541
NEBL/BTC,1607122944941,2020-12-04T23:02:24.941Z,sell,2.23e-05,1869.0,0.0416787
NEBL/BTC,1607122944957,2020-12-04T23:02:24.957Z,buy,2.23e-05,51.0,0.0011373
NEBL/BTC,1607122945000,2020-12-04T23:02:25.000Z,buy,2.23e-05,50.0,0.001115
NEBL/BTC,1607122951171,2020-12-04T23:02:31.171Z,sell,2.228e-05,74.0,0.00164872
NEBL/BTC,1607122976887,2020-12-04T23:02:56.887Z,buy,2.238e-05,10.0,0.0002238
NEBL/BTC,1607123234357,2020-12-04T23:07:14.357Z,buy,2.25e-05,5.0,0.0001125
NEBL/BTC,1607123263039,2020-12-04T23:07:43.039Z,buy,2.252e-05,5.0,0.0001126
NEBL/BTC,1607123404454,2020-12-04T23:10:04.454Z,sell,2.245e-05,128.0,0.0028736
NEBL/BTC,1607123404454,2020-12-04T23:10:04.454Z,sell,2.244e-05,73.0,0.0016381199999999
NEBL/BTC,1607123481114,2020-12-04T23:11:21.114Z,buy,2.252e-05,2.0,4.504e-05
NEBL/BTC,1607123742225,2020-12-04T23:15:42.225Z,buy,2.255e-05,18.0,0.0004059
NEBL/BTC,1607123742225,2020-12-04T23:15:42.225Z,buy,2.256e-05,15.0,0.0003384
NEBL/BTC,1607123742225,2020-12-04T23:15:42.225Z,buy,2.259e-05,135.0,0.0030496499999999
NEBL/BTC,1607123789709,2020-12-04T23:16:29.709Z,sell,2.254e-05,10.0,0.0002254
NEBL/BTC,1607124217170,2020-12-04T23:23:37.170Z,buy,2.255e-05,171.0,0.0038560499999999
NEBL/BTC,1607124217170,2020-12-04T23:23:37.170Z,buy,2.257e-05,93.0,0.00209901
NEBL/BTC,1607124217170,2020-12-04T23:23:37.170Z,buy,2.255e-05,171.0,0.0038560499999999
NEBL/BTC,1607124217170,2020-12-04T23:23:37.170Z,buy,2.257e-05,93.0,0.00209901
NEBL/BTC,1607124375258,2020-12-04T23:26:15.258Z,buy,2.257e-05,112.0,0.00252784
NEBL/BTC,1607124431735,2020-12-04T23:27:11.735Z,sell,2.255e-05,18.0,0.0004059
NEBL/BTC,1607124431735,2020-12-04T23:27:11.735Z,sell,2.245e-05,93.0,0.00208785
NEBL/BTC,1607124737758,2020-12-04T23:32:17.758Z,buy,2.26e-05,2.0,4.52e-05
NEBL/BTC,1607125729929,2020-12-04T23:48:49.929Z,buy,2.245e-05,5.0,0.00011225
NEBL/BTC,1607125747409,2020-12-04T23:49:07.409Z,sell,2.244e-05,5.0,0.0001121999999999
NEBL/BTC,1607125747679,2020-12-04T23:49:07.679Z,buy,2.244e-05,5.0,0.0001121999999999
NEBL/BTC,1607125897063,2020-12-04T23:51:37.063Z,sell,2.243e-05,71.0,0.00159253
NEBL/BTC,1607125926421,2020-12-04T23:52:06.421Z,sell,2.238e-05,5.0,0.0001119
NEBL/BTC,1607125972622,2020-12-04T23:52:52.622Z,sell,2.236e-05,15.0,0.0003353999999999
NEBL/BTC,1607126053457,2020-12-04T23:54:13.457Z,buy,2.237e-05,11.0,0.00024607
NEBL/BTC,1607126464343,2020-12-05T00:01:04.343Z,sell,2.237e-05,5.0,0.00011185
NEBL/BTC,1607126464343,2020-12-05T00:01:04.343Z,sell,2.235e-05,7.0,0.00015645
NEBL/BTC,1607126464343,2020-12-05T00:01:04.343Z,sell,2.229e-05,6.0,0.0001337399999999
NEBL/BTC,1607126464343,2020-12-05T00:01:04.343Z,sell,2.228e-05,196.0,0.00436688
NEBL/BTC,1607126631979,2020-12-05T00:03:51.979Z,sell,2.227e-05,148.0,0.0032959599999999
NEBL/BTC,1607127018970,2020-12-05T00:10:18.970Z,sell,2.227e-05,17.0,0.00037859
NEBL/BTC,1607127018970,2020-12-05T00:10:18.970Z,sell,2.225e-05,5.0,0.00011125
NEBL/BTC,1607127018970,2020-12-05T00:10:18.970Z,sell,2.224e-05,6.0,0.00013344
NEBL/BTC,1607127018970,2020-12-05T00:10:18.970Z,sell,2.222e-05,621.0,0.01379862
NEBL/BTC,1607127520310,2020-12-05T00:18:40.310Z,buy,2.238e-05,100.0,0.002238
NEBL/BTC,1607127559671,2020-12-05T00:19:19.671Z,sell,2.223e-05,72.0,0.00160056
NEBL/BTC,1607127559671,2020-12-05T00:19:19.671Z,sell,2.223e-05,72.0,0.00160056
NEBL/BTC,1607127878326,2020-12-05T00:24:38.326Z,buy,2.238e-05,8.0,0.00017904
NEBL/BTC,1607128340938,2020-12-05T00:32:20.938Z,buy,2.238e-05,707.0,0.01582266
NEBL/BTC,1607128512289,2020-12-05T00:35:12.289Z,buy,2.237e-05,11.0,0.00024607
NEBL/BTC,1607128517658,2020-12-05T00:35:17.658Z,buy,2.239e-05,83.0,0.00185837
NEBL/BTC,1607129153428,2020-12-05T00:45:53.428Z,buy,2.248e-05,6.0,0.00013488
NEBL/BTC,1607129167971,2020-12-05T00:46:07.971Z,sell,2.249e-05,5.0,0.00011245
NEBL/BTC,1607129196975,2020-12-05T00:46:36.975Z,buy,2.25e-05,5.0,0.0001125
NEBL/BTC,1607129196975,2020-12-05T00:46:36.975Z,buy,2.252e-05,7.0,0.00015764
NEBL/BTC,1607129365744,2020-12-05T00:49:25.744Z,sell,2.25e-05,96.0,0.00216
NEBL/BTC,1607129418051,2020-12-05T00:50:18.051Z,sell,2.25e-05,49.0,0.0011025
NEBL/BTC,1607129445792,2020-12-05T00:50:45.792Z,sell,2.248e-05,160.0,0.0035968
NEBL/BTC,1607129535895,2020-12-05T00:52:15.895Z,sell,2.248e-05,93.0,0.00209064
NEBL/BTC,1607129653568,2020-12-05T00:54:13.568Z,buy,2.256e-05,133.0,0.00300048
NEBL/BTC,1607129681551,2020-12-05T00:54:41.551Z,buy,2.257e-05,15.0,0.0003385499999999
NEBL/BTC,1607129681551,2020-12-05T00:54:41.551Z,buy,2.258e-05,16.0,0.00036128
NEBL/BTC,1607129710250,2020-12-05T00:55:10.250Z,buy,2.26e-05,15.0,0.000339
NEBL/BTC,1607130110743,2020-12-05T01:01:50.743Z,sell,2.253e-05,571.0,0.01286463
NEBL/BTC,1607130110743,2020-12-05T01:01:50.743Z,sell,2.251e-05,224.0,0.00504224
NEBL/BTC,1607130449063,2020-12-05T01:07:29.063Z,sell,2.247e-05,37.0,0.00083139
NEBL/BTC,1607130969204,2020-12-05T01:16:09.204Z,buy,2.259e-05,30.0,0.0006776999999999
NEBL/BTC,1607130969204,2020-12-05T01:16:09.204Z,buy,2.259e-05,30.0,0.0006776999999999
NEBL/BTC,1607131808028,2020-12-05T01:30:08.028Z,sell,2.241e-05,1067.0,0.02391147
NEBL/BTC,1607132162112,2020-12-05T01:36:02.112Z,buy,2.256e-05,76.0,0.00171456
NEBL/BTC,1607132162112,2020-12-05T01:36:02.112Z,buy,2.257e-05,435.0,0.0098179499999999
NEBL/BTC,1607132441872,2020-12-05T01:40:41.872Z,buy,2.257e-05,39.0,0.00088023
NEBL/BTC,1607133157378,2020-12-05T01:52:37.378Z,sell,2.244e-05,422.0,0.00946968
NEBL/BTC,1607133286827,2020-12-05T01:54:46.827Z,buy,2.257e-05,443.0,0.00999851
NEBL/BTC,1607133358477,2020-12-05T01:55:58.477Z,sell,2.242e-05,5.0,0.0001120999999999
NEBL/BTC,1607133620262,2020-12-05T02:00:20.262Z,buy,2.256e-05,106.0,0.00239136
NEBL/BTC,1607133620262,2020-12-05T02:00:20.262Z,buy,2.257e-05,1397.0,0.0315302899999999
NEBL/BTC,1607133620262,2020-12-05T02:00:20.262Z,buy,2.26e-05,105.0,0.002373
NEBL/BTC,1607133620262,2020-12-05T02:00:20.262Z,buy,2.263e-05,188.0,0.00425444
NEBL/BTC,1607133620262,2020-12-05T02:00:20.262Z,buy,2.264e-05,5.0,0.0001132
NEBL/BTC,1607133620262,2020-12-05T02:00:20.262Z,buy,2.265e-05,10.0,0.0002265
NEBL/BTC,1607133620262,2020-12-05T02:00:20.262Z,buy,2.268e-05,14.0,0.00031752
NEBL/BTC,1607133620262,2020-12-05T02:00:20.262Z,buy,2.269e-05,7.0,0.00015883
NEBL/BTC,1607133620262,2020-12-05T02:00:20.262Z,buy,2.273e-05,241.0,0.00547793
NEBL/BTC,1607133620262,2020-12-05T02:00:20.262Z,buy,2.274e-05,13.0,0.0002956199999999
NEBL/BTC,1607133620262,2020-12-05T02:00:20.262Z,buy,2.275e-05,135.0,0.00307125
NEBL/BTC,1607133620262,2020-12-05T02:00:20.262Z,buy,2.276e-05,5.0,0.0001138
NEBL/BTC,1607133620262,2020-12-05T02:00:20.262Z,buy,2.277e-05,387.0,0.00881199
NEBL/BTC,1607133620262,2020-12-05T02:00:20.262Z,buy,2.278e-05,540.0,0.0123012
NEBL/BTC,1607133620262,2020-12-05T02:00:20.262Z,buy,2.279e-05,571.0,0.01301309
NEBL/BTC,1607133620262,2020-12-05T02:00:20.262Z,buy,2.28e-05,122.0,0.0027816
NEBL/BTC,1607133620262,2020-12-05T02:00:20.262Z,buy,2.281e-05,237.0,0.00540597
NEBL/BTC,1607133620262,2020-12-05T02:00:20.262Z,buy,2.282e-05,587.0,0.0133953399999999
NEBL/BTC,1607133620262,2020-12-05T02:00:20.262Z,buy,2.284e-05,783.0,0.01788372
NEBL/BTC,1607133620262,2020-12-05T02:00:20.262Z,buy,2.286e-05,7.0,0.00016002
NEBL/BTC,1607133620262,2020-12-05T02:00:20.262Z,buy,2.287e-05,12.0,0.00027444
NEBL/BTC,1607133620262,2020-12-05T02:00:20.262Z,buy,2.289e-05,192.0,0.00439488
NEBL/BTC,1607133620262,2020-12-05T02:00:20.262Z,buy,2.29e-05,14.0,0.0003206
NEBL/BTC,1607133620262,2020-12-05T02:00:20.262Z,buy,2.291e-05,6.0,0.00013746
NEBL/BTC,1607133620262,2020-12-05T02:00:20.262Z,buy,2.294e-05,7.0,0.00016058
NEBL/BTC,1607133620262,2020-12-05T02:00:20.262Z,buy,2.295e-05,795.0,0.0182452499999999
NEBL/BTC,1607133620262,2020-12-05T02:00:20.262Z,buy,2.296e-05,180.0,0.0041328
NEBL/BTC,1607133620262,2020-12-05T02:00:20.262Z,buy,2.3e-05,127.0,0.002921
NEBL/BTC,1607133620262,2020-12-05T02:00:20.262Z,buy,2.301e-05,5.0,0.00011505
NEBL/BTC,1607133620262,2020-12-05T02:00:20.262Z,buy,2.303e-05,388.0,0.00893564
NEBL/BTC,1607133620262,2020-12-05T02:00:20.262Z,buy,2.304e-05,8.0,0.00018432
NEBL/BTC,1607133620262,2020-12-05T02:00:20.262Z,buy,2.307e-05,14.0,0.00032298
NEBL/BTC,1607133620262,2020-12-05T02:00:20.262Z,buy,2.308e-05,12.0,0.00027696
NEBL/BTC,1607133620262,2020-12-05T02:00:20.262Z,buy,2.311e-05,178.0,0.00411358
NEBL/BTC,1607133620262,2020-12-05T02:00:20.262Z,buy,2.312e-05,2109.0,0.04876008
NEBL/BTC,1607133620262,2020-12-05T02:00:20.262Z,buy,2.314e-05,5.0,0.0001157
NEBL/BTC,1607133620262,2020-12-05T02:00:20.262Z,buy,2.316e-05,330.0,0.0076427999999999
NEBL/BTC,1607133620262,2020-12-05T02:00:20.262Z,buy,2.318e-05,5.0,0.0001159
NEBL/BTC,1607133620262,2020-12-05T02:00:20.262Z,buy,2.32e-05,140.0,0.003248
NEBL/BTC,1607133620262,2020-12-05T02:00:20.262Z,buy,2.323e-05,14.0,0.00032522
NEBL/BTC,1607133620262,2020-12-05T02:00:20.262Z,buy,2.325e-05,6.0,0.0001395
NEBL/BTC,1607133620262,2020-12-05T02:00:20.262Z,buy,2.326e-05,74.0,0.00172124
NEBL/BTC,1607133620262,2020-12-05T02:00:20.262Z,buy,2.327e-05,5.0,0.00011635
NEBL/BTC,1607133620262,2020-12-05T02:00:20.262Z,buy,2.33e-05,145.0,0.0033785
NEBL/BTC,1607133620262,2020-12-05T02:00:20.262Z,buy,2.331e-05,129.0,0.0030069899999999
NEBL/BTC,1607133620262,2020-12-05T02:00:20.262Z,buy,2.332e-05,96.0,0.00223872
NEBL/BTC,1607133620262,2020-12-05T02:00:20.262Z,buy,2.333e-05,144.0,0.00335952
NEBL/BTC,1607133620262,2020-12-05T02:00:20.262Z,buy,2.334e-05,143.0,0.00333762
NEBL/BTC,1607133620262,2020-12-05T02:00:20.262Z,buy,2.335e-05,8.0,0.0001868
NEBL/BTC,1607133620262,2020-12-05T02:00:20.262Z,buy,2.336e-05,128.0,0.00299008
NEBL/BTC,1607133620270,2020-12-05T02:00:20.270Z,sell,2.336e-05,679.0,0.01586144
NEBL/BTC,1607133620326,2020-12-05T02:00:20.326Z,buy,2.249e-05,42.0,0.00094458
NEBL/BTC,1607133620342,2020-12-05T02:00:20.342Z,buy,2.249e-05,79.0,0.00177671
NEBL/BTC,1607133624269,2020-12-05T02:00:24.269Z,sell,2.303e-05,7.0,0.00016121
NEBL/BTC,1607133624269,2020-12-05T02:00:24.269Z,sell,2.302e-05,12.0,0.0002762399999999
NEBL/BTC,1607133624996,2020-12-05T02:00:24.996Z,buy,2.311e-05,5.0,0.00011555
NEBL/BTC,1607133625977,2020-12-05T02:00:25.977Z,sell,2.302e-05,2.0,4.604e-05
NEBL/BTC,1607133625977,2020-12-05T02:00:25.977Z,sell,2.301e-05,5.0,0.00011505
NEBL/BTC,1607133627357,2020-12-05T02:00:27.357Z,sell,2.289e-05,5.0,0.0001144499999999
NEBL/BTC,1607133627372,2020-12-05T02:00:27.372Z,sell,2.286e-05,21.0,0.00048006
NEBL/BTC,1607133687010,2020-12-05T02:01:27.010Z,buy,2.289e-05,252.0,0.00576828
NEBL/BTC,1607133687669,2020-12-05T02:01:27.669Z,buy,2.289e-05,129.0,0.0029528099999999
NEBL/BTC,1607133688288,2020-12-05T02:01:28.288Z,buy,2.289e-05,122.0,0.00279258
NEBL/BTC,1607133697362,2020-12-05T02:01:37.362Z,buy,2.291e-05,11.0,0.00025201
NEBL/BTC,1607133812778,2020-12-05T02:03:32.778Z,buy,2.291e-05,5.0,0.0001145499999999
NEBL/BTC,1607133812778,2020-12-05T02:03:32.778Z,buy,2.291e-05,5.0,0.0001145499999999
NEBL/BTC,1607135520583,2020-12-05T02:32:00.583Z,sell,2.283e-05,6.0,0.00013698
NEBL/BTC,1607135520583,2020-12-05T02:32:00.583Z,sell,2.28e-05,33.0,0.0007524
NEBL/BTC,1607136553089,2020-12-05T02:49:13.089Z,buy,2.29e-05,240.0,0.005496
NEBL/BTC,1607136553089,2020-12-05T02:49:13.089Z,buy,2.291e-05,167.0,0.0038259699999999
NEBL/BTC,1607136553089,2020-12-05T02:49:13.089Z,buy,2.292e-05,93.0,0.00213156
NEBL/BTC,1607136553089,2020-12-05T02:49:13.089Z,buy,2.29e-05,240.0,0.005496
NEBL/BTC,1607136553089,2020-12-05T02:49:13.089Z,buy,2.291e-05,167.0,0.0038259699999999
NEBL/BTC,1607136553089,2020-12-05T02:49:13.089Z,buy,2.292e-05,93.0,0.00213156
NEBL/BTC,1607137531488,2020-12-05T03:05:31.488Z,sell,2.282e-05,448.0,0.0102233599999999
NEBL/BTC,1607138960175,2020-12-05T03:29:20.175Z,buy,2.291e-05,14.0,0.0003207399999999
NEBL/BTC,1607138972136,2020-12-05T03:29:32.136Z,sell,2.291e-05,14.0,0.0003207399999999
NEBL/BTC,1607138988857,2020-12-05T03:29:48.857Z,sell,2.291e-05,279.0,0.00639189
NEBL/BTC,1607139006844,2020-12-05T03:30:06.844Z,buy,2.291e-05,117.0,0.00268047
NEBL/BTC,1607139007124,2020-12-05T03:30:07.124Z,buy,2.291e-05,5.0,0.0001145499999999
NEBL/BTC,1607139039498,2020-12-05T03:30:39.498Z,sell,2.29e-05,76.0,0.0017404
NEBL/BTC,1607139039498,2020-12-05T03:30:39.498Z,sell,2.29e-05,76.0,0.0017404
NEBL/BTC,1607140513733,2020-12-05T03:55:13.733Z,buy,2.29e-05,196.0,0.0044884
NEBL/BTC,1607140513828,2020-12-05T03:55:13.828Z,buy,2.292e-05,293.0,0.00671556
NEBL/BTC,1607141091403,2020-12-05T04:04:51.403Z,buy,2.292e-05,5.0,0.0001146
NEBL/BTC,1607141967334,2020-12-05T04:19:27.334Z,buy,2.3e-05,253.0,0.005819
NEBL/BTC,1607141968340,2020-12-05T04:19:28.340Z,buy,2.301e-05,5.0,0.00011505
NEBL/BTC,1607141969337,2020-12-05T04:19:29.337Z,buy,2.302e-05,537.0,0.01236174
NEBL/BTC,1607141970640,2020-12-05T04:19:30.640Z,buy,2.303e-05,1532.0,0.03528196
NEBL/BTC,1607142340574,2020-12-05T04:25:40.574Z,sell,2.289e-05,5.0,0.0001144499999999
NEBL/BTC,1607142341107,2020-12-05T04:25:41.107Z,sell,2.286e-05,5.0,0.0001143
NEBL/BTC,1607142341502,2020-12-05T04:25:41.502Z,sell,2.287e-05,9.0,0.00020583
NEBL/BTC,1607142341582,2020-12-05T04:25:41.582Z,sell,2.287e-05,28.0,0.00064036
NEBL/BTC,1607142464208,2020-12-05T04:27:44.208Z,sell,2.293e-05,16.0,0.00036688
NEBL/BTC,1607142529177,2020-12-05T04:28:49.177Z,buy,2.297e-05,9.0,0.00020673
NEBL/BTC,1607142560236,2020-12-05T04:29:20.236Z,buy,2.301e-05,5.0,0.00011505
NEBL/BTC,1607142616870,2020-12-05T04:30:16.870Z,sell,2.303e-05,162.0,0.00373086
NEBL/BTC,1607142617507,2020-12-05T04:30:17.507Z,buy,2.305e-05,294.0,0.0067767
NEBL/BTC,1607142617507,2020-12-05T04:30:17.507Z,buy,2.305e-05,294.0,0.0067767
NEBL/BTC,1607142707805,2020-12-05T04:31:47.805Z,sell,2.304e-05,11.0,0.00025344
NEBL/BTC,1607142724160,2020-12-05T04:32:04.160Z,sell,2.304e-05,16.0,0.00036864
NEBL/BTC,1607142756408,2020-12-05T04:32:36.408Z,buy,2.305e-05,8.0,0.0001844
NEBL/BTC,1607142798234,2020-12-05T04:33:18.234Z,sell,2.297e-05,612.0,0.01405764
NEBL/BTC,1607142974060,2020-12-05T04:36:14.060Z,buy,2.304e-05,261.0,0.00601344
NEBL/BTC,1607142974512,2020-12-05T04:36:14.512Z,buy,2.304e-05,7.0,0.00016128
NEBL/BTC,1607143533020,2020-12-05T04:45:33.020Z,sell,2.289e-05,5.0,0.0001144499999999
NEBL/BTC,1607143533077,2020-12-05T04:45:33.077Z,buy,2.289e-05,282.0,0.00645498
NEBL/BTC,1607145932502,2020-12-05T05:25:32.502Z,sell,2.294e-05,217.0,0.00497798
NEBL/BTC,1607145932502,2020-12-05T05:25:32.502Z,sell,2.291e-05,268.0,0.0061398799999999
NEBL/BTC,1607145932502,2020-12-05T05:25:32.502Z,sell,2.29e-05,522.0,0.0119538
NEBL/BTC,1607145932502,2020-12-05T05:25:32.502Z,sell,2.289e-05,1159.0,0.02652951
NEBL/BTC,1607145932502,2020-12-05T05:25:32.502Z,sell,2.288e-05,807.0,0.01846416
NEBL/BTC,1607145932502,2020-12-05T05:25:32.502Z,sell,2.286e-05,27.0,0.00061722
NEBL/BTC,1607145941806,2020-12-05T05:25:41.806Z,sell,2.286e-05,1042.0,0.02382012
NEBL/BTC,1607146109499,2020-12-05T05:28:29.499Z,buy,2.301e-05,2.0,4.602e-05
NEBL/BTC,1607146109499,2020-12-05T05:28:29.499Z,buy,2.301e-05,2.0,4.602e-05
NEBL/BTC,1607146367896,2020-12-05T05:32:47.896Z,buy,2.296e-05,6.0,0.00013776
NEBL/BTC,1607146616129,2020-12-05T05:36:56.129Z,buy,2.3e-05,164.0,0.003772
NEBL/BTC,1607146689815,2020-12-05T05:38:09.815Z,buy,2.299e-05,217.0,0.00498883
NEBL/BTC,1607146689815,2020-12-05T05:38:09.815Z,buy,2.3e-05,1.0,2.3e-05
NEBL/BTC,1607146728713,2020-12-05T05:38:48.713Z,buy,2.3e-05,103.0,0.002369
NEBL/BTC,1607146811510,2020-12-05T05:40:11.510Z,buy,2.301e-05,3.0,6.903000000000001e-05
NEBL/BTC,1607146811510,2020-12-05T05:40:11.510Z,buy,2.303e-05,7.0,0.00016121
NEBL/BTC,1607146811510,2020-12-05T05:40:11.510Z,buy,2.307e-05,14.0,0.00032298
NEBL/BTC,1607146824336,2020-12-05T05:40:24.336Z,buy,2.311e-05,392.0,0.00905912
NEBL/BTC,1607146824336,2020-12-05T05:40:24.336Z,buy,2.312e-05,107.0,0.0024738399999999
NEBL/BTC,1607146824352,2020-12-05T05:40:24.352Z,sell,2.313e-05,112.0,0.00259056
NEBL/BTC,1607146848942,2020-12-05T05:40:48.942Z,sell,2.313e-05,105.0,0.00242865
NEBL/BTC,1607146870363,2020-12-05T05:41:10.363Z,sell,2.299e-05,175.0,0.00402325
NEBL/BTC,1607146870537,2020-12-05T05:41:10.537Z,sell,2.299e-05,12.0,0.00027588
NEBL/BTC,1607146873247,2020-12-05T05:41:13.247Z,buy,2.299e-05,167.0,0.0038393299999999
NEBL/BTC,1607146874458,2020-12-05T05:41:14.458Z,sell,2.292e-05,86.0,0.00197112
NEBL/BTC,1607146874469,2020-12-05T05:41:14.469Z,buy,2.292e-05,92.0,0.00210864
NEBL/BTC,1607146979899,2020-12-05T05:42:59.899Z,buy,2.292e-05,188.0,0.00430896
NEBL/BTC,1607146981360,2020-12-05T05:43:01.360Z,buy,2.292e-05,12.0,0.00027504
NEBL/BTC,1607146981360,2020-12-05T05:43:01.360Z,buy,2.299e-05,164.0,0.00377036
NEBL/BTC,1607147090392,2020-12-05T05:44:50.392Z,buy,2.299e-05,2.0,4.598e-05
NEBL/BTC,1607148795526,2020-12-05T06:13:15.526Z,sell,2.294e-05,25.0,0.0005735
NEBL/BTC,1607148795526,2020-12-05T06:13:15.526Z,sell,2.294e-05,25.0,0.0005735
NEBL/BTC,1607150169619,2020-12-05T06:36:09.619Z,buy,2.299e-05,10.0,0.0002298999999999
NEBL/BTC,1607150169619,2020-12-05T06:36:09.619Z,buy,2.308e-05,167.0,0.00385436
NEBL/BTC,1607150169619,2020-12-05T06:36:09.619Z,buy,2.31e-05,14.0,0.0003234
NEBL/BTC,1607150169619,2020-12-05T06:36:09.619Z,buy,2.314e-05,91.0,0.00210574
NEBL/BTC,1607150169619,2020-12-05T06:36:09.619Z,buy,2.318e-05,162.0,0.00375516
NEBL/BTC,1607150169619,2020-12-05T06:36:09.619Z,buy,2.319e-05,73.0,0.00169287
NEBL/BTC,1607150267117,2020-12-05T06:37:47.117Z,sell,2.301e-05,167.0,0.00384267
NEBL/BTC,1607152212199,2020-12-05T07:10:12.199Z,sell,2.3e-05,412.0,0.009476
NEBL/BTC,1607152212199,2020-12-05T07:10:12.199Z,sell,2.3e-05,412.0,0.009476
NEBL/BTC,1607153912882,2020-12-05T07:38:32.882Z,buy,2.303e-05,143.0,0.00329329
NEBL/BTC,1607154237353,2020-12-05T07:43:57.353Z,sell,2.29e-05,50.0,0.001145
NEBL/BTC,1607154447861,2020-12-05T07:47:27.861Z,sell,2.29e-05,410.0,0.009389
NEBL/BTC,1607154447861,2020-12-05T07:47:27.861Z,sell,2.29e-05,410.0,0.009389
NEBL/BTC,1607156416784,2020-12-05T08:20:16.784Z,buy,2.303e-05,120.0,0.0027636
NEBL/BTC,1607156416784,2020-12-05T08:20:16.784Z,buy,2.313e-05,11.0,0.00025443
NEBL/BTC,1607156416784,2020-12-05T08:20:16.784Z,buy,2.314e-05,5.0,0.0001157
