symbol,timestamp,datetime,side,price,amount,btc_volume
NEBL/BTC,1591113613148,2020-06-02T16:00:13.148Z,sell,5.471e-05,24.0,0.00131304
NEBL/BTC,1591113910390,2020-06-02T16:05:10.390Z,buy,5.488e-05,2.0,0.00010976
NEBL/BTC,1591113910442,2020-06-02T16:05:10.442Z,buy,5.488e-05,2.0,0.00010976
NEBL/BTC,1591114028533,2020-06-02T16:07:08.533Z,buy,5.496e-05,3.0,0.00016488
NEBL/BTC,1591114028533,2020-06-02T16:07:08.533Z,buy,5.501e-05,3.0,0.0001650299999999
NEBL/BTC,1591114082523,2020-06-02T16:08:02.523Z,buy,5.505e-05,3.0,0.00016515
NEBL/BTC,1591114107868,2020-06-02T16:08:27.868Z,buy,5.514e-05,6.0,0.00033084
NEBL/BTC,1591114110688,2020-06-02T16:08:30.688Z,sell,5.52e-05,494.0,0.0272688
NEBL/BTC,1591114151428,2020-06-02T16:09:11.428Z,buy,5.522e-05,3.0,0.00016566
NEBL/BTC,1591114212847,2020-06-02T16:10:12.847Z,buy,5.526e-05,4.0,0.00022104
NEBL/BTC,1591114214871,2020-06-02T16:10:14.871Z,buy,5.526e-05,2.0,0.00011052
NEBL/BTC,1591114214871,2020-06-02T16:10:14.871Z,buy,5.531e-05,3.0,0.00016593
NEBL/BTC,1591114214871,2020-06-02T16:10:14.871Z,buy,5.535e-05,1.0,5.535e-05
NEBL/BTC,1591114276008,2020-06-02T16:11:16.008Z,sell,5.512e-05,351.0,0.01934712
NEBL/BTC,1591114276009,2020-06-02T16:11:16.009Z,sell,5.512e-05,303.0,0.01670136
NEBL/BTC,1591114276026,2020-06-02T16:11:16.026Z,buy,5.497e-05,55.0,0.0030233499999999
NEBL/BTC,1591114276142,2020-06-02T16:11:16.142Z,buy,5.508e-05,198.0,0.01090584
NEBL/BTC,1591114278009,2020-06-02T16:11:18.009Z,sell,5.512e-05,20.0,0.0011024
NEBL/BTC,1591114529370,2020-06-02T16:15:29.370Z,buy,5.535e-05,15.0,0.0008302499999999
NEBL/BTC,1591114656547,2020-06-02T16:17:36.547Z,buy,5.535e-05,19.0,0.00105165
NEBL/BTC,1591115462895,2020-06-02T16:31:02.895Z,sell,5.513e-05,24.0,0.00132312
NEBL/BTC,1591115501986,2020-06-02T16:31:41.986Z,sell,5.513e-05,282.0,0.01554666
NEBL/BTC,1591116272202,2020-06-02T16:44:32.202Z,sell,5.519e-05,2.0,0.00011038
NEBL/BTC,1591116286202,2020-06-02T16:44:46.202Z,sell,5.519e-05,2.0,0.00011038
NEBL/BTC,1591116308242,2020-06-02T16:45:08.242Z,sell,5.519e-05,2.0,0.00011038
NEBL/BTC,1591116308242,2020-06-02T16:45:08.242Z,sell,5.519e-05,2.0,0.00011038
NEBL/BTC,1591117480367,2020-06-02T17:04:40.367Z,buy,5.535e-05,1.0,5.535e-05
NEBL/BTC,1591117480367,2020-06-02T17:04:40.367Z,buy,5.538e-05,2.0,0.00011076
NEBL/BTC,1591117881666,2020-06-02T17:11:21.666Z,buy,5.538e-05,1.0,5.538e-05
NEBL/BTC,1591117881666,2020-06-02T17:11:21.666Z,buy,5.539e-05,3.0,0.00016617
NEBL/BTC,1591117881666,2020-06-02T17:11:21.666Z,buy,5.54e-05,3.0,0.0001662
NEBL/BTC,1591117881666,2020-06-02T17:11:21.666Z,buy,5.541e-05,8.0,0.00044328
NEBL/BTC,1591118140637,2020-06-02T17:15:40.637Z,sell,5.519e-05,15.0,0.00082785
NEBL/BTC,1591118164783,2020-06-02T17:16:04.783Z,buy,5.541e-05,15.0,0.00083115
NEBL/BTC,1591118234996,2020-06-02T17:17:14.996Z,sell,5.53e-05,3.0,0.0001659
NEBL/BTC,1591118234996,2020-06-02T17:17:14.996Z,sell,5.527e-05,12.0,0.0006632399999999
NEBL/BTC,1591119558313,2020-06-02T17:39:18.313Z,sell,5.527e-05,287.0,0.01586249
NEBL/BTC,1591119614355,2020-06-02T17:40:14.355Z,buy,5.535e-05,1.0,5.535e-05
NEBL/BTC,1591119625838,2020-06-02T17:40:25.838Z,buy,5.531e-05,1.0,5.531e-05
NEBL/BTC,1591119689680,2020-06-02T17:41:29.680Z,buy,5.533e-05,1.0,5.533e-05
NEBL/BTC,1591119689680,2020-06-02T17:41:29.680Z,buy,5.533e-05,1.0,5.533e-05
NEBL/BTC,1591119972380,2020-06-02T17:46:12.380Z,sell,5.527e-05,201.0,0.01110927
NEBL/BTC,1591119972380,2020-06-02T17:46:12.380Z,sell,5.526e-05,30.0,0.0016578
NEBL/BTC,1591120306166,2020-06-02T17:51:46.166Z,buy,5.533e-05,4.0,0.00022132
NEBL/BTC,1591120306166,2020-06-02T17:51:46.166Z,buy,5.541e-05,20.0,0.0011082
NEBL/BTC,1591120306166,2020-06-02T17:51:46.166Z,buy,5.544e-05,60.0,0.0033263999999999
NEBL/BTC,1591120306166,2020-06-02T17:51:46.166Z,buy,5.548e-05,3.0,0.0001664399999999
NEBL/BTC,1591120306166,2020-06-02T17:51:46.166Z,buy,5.553e-05,3.0,0.00016659
NEBL/BTC,1591120306166,2020-06-02T17:51:46.166Z,buy,5.555e-05,3.0,0.00016665
NEBL/BTC,1591120306166,2020-06-02T17:51:46.166Z,buy,5.557e-05,3.0,0.0001667099999999
NEBL/BTC,1591120306166,2020-06-02T17:51:46.166Z,buy,5.562e-05,153.0,0.00850986
NEBL/BTC,1591120358612,2020-06-02T17:52:38.612Z,sell,5.528e-05,23.0,0.00127144
NEBL/BTC,1591120877690,2020-06-02T18:01:17.690Z,sell,5.528e-05,384.0,0.02122752
NEBL/BTC,1591120949442,2020-06-02T18:02:29.442Z,sell,5.527e-05,262.0,0.0144807399999999
NEBL/BTC,1591121011962,2020-06-02T18:03:31.962Z,buy,5.534e-05,2.0,0.00011068
NEBL/BTC,1591121180200,2020-06-02T18:06:20.200Z,sell,5.527e-05,19.0,0.00105013
NEBL/BTC,1591121198424,2020-06-02T18:06:38.424Z,sell,5.528e-05,134.0,0.00740752
NEBL/BTC,1591122506268,2020-06-02T18:28:26.268Z,sell,5.527e-05,42.0,0.00232134
NEBL/BTC,1591122635676,2020-06-02T18:30:35.676Z,buy,5.551e-05,1.0,5.551e-05
NEBL/BTC,1591122647894,2020-06-02T18:30:47.894Z,sell,5.527e-05,147.0,0.00812469
NEBL/BTC,1591122647894,2020-06-02T18:30:47.894Z,sell,5.527e-05,147.0,0.00812469
NEBL/BTC,1591123546237,2020-06-02T18:45:46.237Z,sell,5.534e-05,58.0,0.00320972
NEBL/BTC,1591123619402,2020-06-02T18:46:59.402Z,sell,5.534e-05,43.0,0.00237962
NEBL/BTC,1591123640421,2020-06-02T18:47:20.421Z,sell,5.534e-05,1337.0,0.07398958
NEBL/BTC,1591123640433,2020-06-02T18:47:20.433Z,buy,5.534e-05,536.0,0.02966224
NEBL/BTC,1591123643154,2020-06-02T18:47:23.154Z,buy,5.534e-05,24.0,0.00132816
NEBL/BTC,1591123667273,2020-06-02T18:47:47.273Z,buy,5.533e-05,3.0,0.00016599
NEBL/BTC,1591123675115,2020-06-02T18:47:55.115Z,buy,5.534e-05,72.0,0.00398448
NEBL/BTC,1591123713376,2020-06-02T18:48:33.376Z,buy,5.534e-05,1.0,5.534e-05
NEBL/BTC,1591123934282,2020-06-02T18:52:14.282Z,sell,5.533e-05,195.0,0.01078935
NEBL/BTC,1591125236779,2020-06-02T19:13:56.779Z,sell,5.538e-05,81.0,0.00448578
NEBL/BTC,1591125588758,2020-06-02T19:19:48.758Z,buy,5.55e-05,2.0,0.000111
NEBL/BTC,1591125651580,2020-06-02T19:20:51.580Z,buy,5.55e-05,1.0,5.55e-05
NEBL/BTC,1591125659712,2020-06-02T19:20:59.712Z,buy,5.555e-05,3.0,0.00016665
NEBL/BTC,1591125659712,2020-06-02T19:20:59.712Z,buy,5.556e-05,36.0,0.00200016
NEBL/BTC,1591125659712,2020-06-02T19:20:59.712Z,buy,5.557e-05,3.0,0.0001667099999999
NEBL/BTC,1591125659712,2020-06-02T19:20:59.712Z,buy,5.561e-05,3.0,0.00016683
NEBL/BTC,1591125659712,2020-06-02T19:20:59.712Z,buy,5.563e-05,5.0,0.00027815
NEBL/BTC,1591125659712,2020-06-02T19:20:59.712Z,buy,5.564e-05,3.0,0.00016692
NEBL/BTC,1591125659712,2020-06-02T19:20:59.712Z,buy,5.566e-05,3.0,0.00016698
NEBL/BTC,1591125659712,2020-06-02T19:20:59.712Z,buy,5.568e-05,38.0,0.00211584
NEBL/BTC,1591125662142,2020-06-02T19:21:02.142Z,buy,5.572e-05,72.0,0.00401184
NEBL/BTC,1591125693138,2020-06-02T19:21:33.138Z,buy,5.572e-05,24.0,0.00133728
NEBL/BTC,1591125693143,2020-06-02T19:21:33.143Z,buy,5.572e-05,24.0,0.00133728
NEBL/BTC,1591125755133,2020-06-02T19:22:35.133Z,buy,5.572e-05,24.0,0.00133728
NEBL/BTC,1591125755133,2020-06-02T19:22:35.133Z,buy,5.572e-05,6.0,0.00033432
NEBL/BTC,1591125755133,2020-06-02T19:22:35.133Z,buy,5.573e-05,3.0,0.00016719
NEBL/BTC,1591125755133,2020-06-02T19:22:35.133Z,buy,5.574e-05,15.0,0.0008361
NEBL/BTC,1591125910136,2020-06-02T19:25:10.136Z,buy,5.574e-05,21.0,0.0011705399999999
NEBL/BTC,1591125910138,2020-06-02T19:25:10.138Z,buy,5.575e-05,3.0,0.00016725
NEBL/BTC,1591126035129,2020-06-02T19:27:15.129Z,buy,5.58e-05,23.0,0.0012834
NEBL/BTC,1591126035129,2020-06-02T19:27:15.129Z,buy,5.58e-05,23.0,0.0012834
NEBL/BTC,1591126501149,2020-06-02T19:35:01.149Z,buy,5.579e-05,24.0,0.00133896
NEBL/BTC,1591126501166,2020-06-02T19:35:01.166Z,buy,5.579e-05,72.0,0.00401688
NEBL/BTC,1591126501171,2020-06-02T19:35:01.171Z,buy,5.579e-05,24.0,0.00133896
NEBL/BTC,1591126506103,2020-06-02T19:35:06.103Z,buy,5.579e-05,264.0,0.01472856
NEBL/BTC,1591126525192,2020-06-02T19:35:25.192Z,buy,5.58e-05,2.0,0.0001116
NEBL/BTC,1591126533905,2020-06-02T19:35:33.905Z,buy,5.581e-05,241.0,0.01345021
NEBL/BTC,1591126542363,2020-06-02T19:35:42.363Z,buy,5.582e-05,737.0,0.0411393399999999
NEBL/BTC,1591126550078,2020-06-02T19:35:50.078Z,buy,5.583e-05,285.0,0.01591155
NEBL/BTC,1591126550078,2020-06-02T19:35:50.078Z,buy,5.584e-05,2942.0,0.16428128
NEBL/BTC,1591126550086,2020-06-02T19:35:50.086Z,sell,5.584e-05,273.0,0.01524432
NEBL/BTC,1591126557233,2020-06-02T19:35:57.233Z,buy,5.584e-05,31.0,0.00173104
NEBL/BTC,1591126557245,2020-06-02T19:35:57.245Z,sell,5.584e-05,824.0,0.04601216
NEBL/BTC,1591126566669,2020-06-02T19:36:06.669Z,buy,5.586e-05,3.0,0.00016758
NEBL/BTC,1591126583849,2020-06-02T19:36:23.849Z,buy,5.586e-05,710.0,0.0396606
NEBL/BTC,1591126584004,2020-06-02T19:36:24.004Z,sell,5.586e-05,254.0,0.01418844
NEBL/BTC,1591126588727,2020-06-02T19:36:28.727Z,buy,5.59e-05,151.0,0.0084409
NEBL/BTC,1591126588727,2020-06-02T19:36:28.727Z,buy,5.591e-05,69.0,0.00385779
NEBL/BTC,1591126588727,2020-06-02T19:36:28.727Z,buy,5.592e-05,18.0,0.00100656
NEBL/BTC,1591126591734,2020-06-02T19:36:31.734Z,buy,5.594e-05,27.0,0.00151038
NEBL/BTC,1591126591734,2020-06-02T19:36:31.734Z,buy,5.596e-05,431.0,0.02411876
NEBL/BTC,1591126591734,2020-06-02T19:36:31.734Z,buy,5.597e-05,20.0,0.0011194
NEBL/BTC,1591126594733,2020-06-02T19:36:34.733Z,buy,5.6e-05,1113.0,0.062328
NEBL/BTC,1591126594733,2020-06-02T19:36:34.733Z,buy,5.601e-05,3.0,0.00016803
NEBL/BTC,1591126597750,2020-06-02T19:36:37.750Z,buy,5.605e-05,3.0,0.00016815
NEBL/BTC,1591126597750,2020-06-02T19:36:37.750Z,buy,5.606e-05,2.0,0.00011212
NEBL/BTC,1591126597750,2020-06-02T19:36:37.750Z,buy,5.607e-05,231.0,0.0129521699999999
NEBL/BTC,1591126597750,2020-06-02T19:36:37.750Z,buy,5.608e-05,3.0,0.00016824
NEBL/BTC,1591126597750,2020-06-02T19:36:37.750Z,buy,5.61e-05,13.0,0.0007293
NEBL/BTC,1591126600852,2020-06-02T19:36:40.852Z,buy,5.612e-05,65.0,0.0036477999999999
NEBL/BTC,1591126600852,2020-06-02T19:36:40.852Z,buy,5.613e-05,35.0,0.00196455
NEBL/BTC,1591126603478,2020-06-02T19:36:43.478Z,buy,5.616e-05,2.0,0.00011232
NEBL/BTC,1591126749381,2020-06-02T19:39:09.381Z,buy,5.613e-05,135.0,0.00757755
NEBL/BTC,1591126766541,2020-06-02T19:39:26.541Z,buy,5.613e-05,18.0,0.00101034
NEBL/BTC,1591126791306,2020-06-02T19:39:51.306Z,buy,5.61e-05,2.0,0.0001122
NEBL/BTC,1591126801035,2020-06-02T19:40:01.035Z,sell,5.61e-05,34.0,0.0019074
NEBL/BTC,1591126801054,2020-06-02T19:40:01.054Z,sell,5.61e-05,32.0,0.0017952
NEBL/BTC,1591126801075,2020-06-02T19:40:01.075Z,sell,5.61e-05,19.0,0.0010659
NEBL/BTC,1591126826965,2020-06-02T19:40:26.965Z,buy,5.614e-05,2.0,0.00011228
NEBL/BTC,1591126828062,2020-06-02T19:40:28.062Z,sell,5.61e-05,104.0,0.0058344
NEBL/BTC,1591126845245,2020-06-02T19:40:45.245Z,sell,5.582e-05,4.0,0.00022328
NEBL/BTC,1591126936794,2020-06-02T19:42:16.794Z,buy,5.613e-05,3.0,0.00016839
NEBL/BTC,1591127028740,2020-06-02T19:43:48.740Z,buy,5.615e-05,6.0,0.0003369
NEBL/BTC,1591127030161,2020-06-02T19:43:50.161Z,buy,5.615e-05,15.0,0.00084225
NEBL/BTC,1591127080909,2020-06-02T19:44:40.909Z,buy,5.614e-05,31.0,0.00174034
NEBL/BTC,1591127097241,2020-06-02T19:44:57.241Z,buy,5.614e-05,4.0,0.00022456
NEBL/BTC,1591127170808,2020-06-02T19:46:10.808Z,buy,5.614e-05,48.0,0.00269472
NEBL/BTC,1591127192422,2020-06-02T19:46:32.422Z,buy,5.614e-05,15.0,0.0008421
NEBL/BTC,1591127211284,2020-06-02T19:46:51.284Z,buy,5.614e-05,4.0,0.00022456
NEBL/BTC,1591127211284,2020-06-02T19:46:51.284Z,buy,5.616e-05,1.0,5.616e-05
NEBL/BTC,1591127211284,2020-06-02T19:46:51.284Z,buy,5.617e-05,3.0,0.00016851
NEBL/BTC,1591127211297,2020-06-02T19:46:51.297Z,sell,5.617e-05,19.0,0.00106723
NEBL/BTC,1591127211312,2020-06-02T19:46:51.312Z,sell,5.617e-05,19.0,0.00106723
NEBL/BTC,1591127212060,2020-06-02T19:46:52.060Z,sell,5.617e-05,4.0,0.00022468
NEBL/BTC,1591127215102,2020-06-02T19:46:55.102Z,sell,5.617e-05,20.0,0.0011234
NEBL/BTC,1591127247138,2020-06-02T19:47:27.138Z,sell,5.617e-05,35.0,0.00196595
NEBL/BTC,1591127297443,2020-06-02T19:48:17.443Z,buy,5.618e-05,15.0,0.0008427
NEBL/BTC,1591127356792,2020-06-02T19:49:16.792Z,buy,5.619e-05,3.0,0.00016857
NEBL/BTC,1591127356792,2020-06-02T19:49:16.792Z,buy,5.624e-05,3.0,0.00016872
NEBL/BTC,1591127356792,2020-06-02T19:49:16.792Z,buy,5.626e-05,3.0,0.00016878
NEBL/BTC,1591127460188,2020-06-02T19:51:00.188Z,buy,5.626e-05,2.0,0.00011252
NEBL/BTC,1591127460188,2020-06-02T19:51:00.188Z,buy,5.627e-05,13.0,0.00073151
NEBL/BTC,1591127479120,2020-06-02T19:51:19.120Z,buy,5.628e-05,3.0,0.00016884
NEBL/BTC,1591127640130,2020-06-02T19:54:00.130Z,sell,5.628e-05,19.0,0.00106932
NEBL/BTC,1591127640134,2020-06-02T19:54:00.134Z,sell,5.628e-05,7.0,0.00039396
NEBL/BTC,1591127640134,2020-06-02T19:54:00.134Z,sell,5.627e-05,12.0,0.00067524
NEBL/BTC,1591127779181,2020-06-02T19:56:19.181Z,buy,5.631e-05,3.0,0.00016893
NEBL/BTC,1591127839147,2020-06-02T19:57:19.147Z,buy,5.631e-05,2.0,0.00011262
NEBL/BTC,1591127971932,2020-06-02T19:59:31.932Z,buy,5.632e-05,142.0,0.00799744
NEBL/BTC,1591128008408,2020-06-02T20:00:08.408Z,buy,5.632e-05,1.0,5.632e-05
NEBL/BTC,1591128008471,2020-06-02T20:00:08.471Z,sell,5.632e-05,2.0,0.00011264
NEBL/BTC,1591128043143,2020-06-02T20:00:43.143Z,sell,5.632e-05,19.0,0.00107008
NEBL/BTC,1591128043143,2020-06-02T20:00:43.143Z,sell,5.632e-05,19.0,0.00107008
NEBL/BTC,1591128049017,2020-06-02T20:00:49.017Z,sell,5.632e-05,43.0,0.00242176
NEBL/BTC,1591128128284,2020-06-02T20:02:08.284Z,sell,5.632e-05,16.0,0.00090112
NEBL/BTC,1591128128284,2020-06-02T20:02:08.284Z,sell,5.628e-05,284.0,0.01598352
NEBL/BTC,1591128136448,2020-06-02T20:02:16.448Z,sell,5.628e-05,43.0,0.00242004
NEBL/BTC,1591128177825,2020-06-02T20:02:57.825Z,buy,5.635e-05,5.0,0.00028175
NEBL/BTC,1591128177825,2020-06-02T20:02:57.825Z,buy,5.637e-05,3.0,0.0001691099999999
NEBL/BTC,1591128177825,2020-06-02T20:02:57.825Z,buy,5.638e-05,3.0,0.00016914
NEBL/BTC,1591128177825,2020-06-02T20:02:57.825Z,buy,5.639e-05,10.0,0.0005639
NEBL/BTC,1591128177825,2020-06-02T20:02:57.825Z,buy,5.64e-05,3.0,0.0001692
NEBL/BTC,1591128177825,2020-06-02T20:02:57.825Z,buy,5.641e-05,6.0,0.0003384599999999
NEBL/BTC,1591128198124,2020-06-02T20:03:18.124Z,sell,5.63e-05,19.0,0.0010697
NEBL/BTC,1591128198127,2020-06-02T20:03:18.127Z,sell,5.63e-05,19.0,0.0010697
NEBL/BTC,1591128200422,2020-06-02T20:03:20.422Z,sell,5.63e-05,61.0,0.0034343
NEBL/BTC,1591128200422,2020-06-02T20:03:20.422Z,sell,5.628e-05,218.0,0.01226904
NEBL/BTC,1591128202021,2020-06-02T20:03:22.021Z,buy,5.641e-05,5.0,0.00028205
NEBL/BTC,1591128202021,2020-06-02T20:03:22.021Z,buy,5.644e-05,3.0,0.00016932
NEBL/BTC,1591128202021,2020-06-02T20:03:22.021Z,buy,5.645e-05,3.0,0.00016935
NEBL/BTC,1591128202021,2020-06-02T20:03:22.021Z,buy,5.647e-05,2.0,0.00011294
NEBL/BTC,1591128202021,2020-06-02T20:03:22.021Z,buy,5.649e-05,3.0,0.00016947
NEBL/BTC,1591128202031,2020-06-02T20:03:22.031Z,sell,5.649e-05,19.0,0.00107331
NEBL/BTC,1591128202055,2020-06-02T20:03:22.055Z,sell,5.649e-05,4.0,0.00022596
NEBL/BTC,1591128202116,2020-06-02T20:03:22.116Z,sell,5.649e-05,11.0,0.00062139
NEBL/BTC,1591128204406,2020-06-02T20:03:24.406Z,buy,5.652e-05,5.0,0.0002826
NEBL/BTC,1591128204577,2020-06-02T20:03:24.577Z,buy,5.652e-05,2.0,0.00011304
NEBL/BTC,1591128348650,2020-06-02T20:05:48.650Z,buy,5.652e-05,2.0,0.00011304
NEBL/BTC,1591128516506,2020-06-02T20:08:36.506Z,buy,5.652e-05,26.0,0.00146952
NEBL/BTC,1591128516517,2020-06-02T20:08:36.517Z,sell,5.652e-05,19.0,0.00107388
NEBL/BTC,1591128516518,2020-06-02T20:08:36.518Z,sell,5.652e-05,15.0,0.0008478
NEBL/BTC,1591128885797,2020-06-02T20:14:45.797Z,buy,5.653e-05,3.0,0.00016959
NEBL/BTC,1591129294951,2020-06-02T20:21:34.951Z,buy,5.654e-05,3.0,0.00016962
NEBL/BTC,1591129294965,2020-06-02T20:21:34.965Z,sell,5.654e-05,19.0,0.00107426
NEBL/BTC,1591129295127,2020-06-02T20:21:35.127Z,sell,5.654e-05,44.0,0.00248776
NEBL/BTC,1591129295127,2020-06-02T20:21:35.127Z,sell,5.654e-05,44.0,0.00248776
NEBL/BTC,1591129883985,2020-06-02T20:31:23.985Z,buy,5.655e-05,2.0,0.0001131
NEBL/BTC,1591129883985,2020-06-02T20:31:23.985Z,buy,5.656e-05,25.0,0.001414
NEBL/BTC,1591130184406,2020-06-02T20:36:24.406Z,sell,5.629e-05,33.0,0.00185757
NEBL/BTC,1591130402185,2020-06-02T20:40:02.185Z,buy,5.656e-05,20.0,0.0011312
NEBL/BTC,1591130408002,2020-06-02T20:40:08.002Z,sell,5.629e-05,100.0,0.0056289999999999
NEBL/BTC,1591130408002,2020-06-02T20:40:08.002Z,sell,5.628e-05,80.0,0.0045024
NEBL/BTC,1591130583661,2020-06-02T20:43:03.661Z,sell,5.628e-05,3.0,0.00016884
NEBL/BTC,1591131310844,2020-06-02T20:55:10.844Z,sell,5.629e-05,26.0,0.00146354
NEBL/BTC,1591132078161,2020-06-02T21:07:58.161Z,buy,5.656e-05,24.0,0.00135744
NEBL/BTC,1591132078163,2020-06-02T21:07:58.163Z,buy,5.656e-05,1.0,5.656e-05
NEBL/BTC,1591132078166,2020-06-02T21:07:58.166Z,buy,5.656e-05,6.0,0.00033936
NEBL/BTC,1591132480148,2020-06-02T21:14:40.148Z,buy,5.656e-05,2.0,0.00011312
NEBL/BTC,1591132480164,2020-06-02T21:14:40.164Z,sell,5.656e-05,3.0,0.00016968
NEBL/BTC,1591132757246,2020-06-02T21:19:17.246Z,sell,5.646e-05,3.0,0.00016938
NEBL/BTC,1591132785307,2020-06-02T21:19:45.307Z,sell,5.636e-05,3.0,0.00016908
NEBL/BTC,1591132785307,2020-06-02T21:19:45.307Z,sell,5.629e-05,51.0,0.00287079
NEBL/BTC,1591132824970,2020-06-02T21:20:24.970Z,buy,5.636e-05,24.0,0.00135264
NEBL/BTC,1591132855559,2020-06-02T21:20:55.559Z,buy,5.636e-05,24.0,0.00135264
NEBL/BTC,1591132856357,2020-06-02T21:20:56.357Z,buy,5.636e-05,24.0,0.00135264
NEBL/BTC,1591132856357,2020-06-02T21:20:56.357Z,buy,5.636e-05,24.0,0.00135264
NEBL/BTC,1591132917520,2020-06-02T21:21:57.520Z,buy,5.636e-05,24.0,0.00135264
NEBL/BTC,1591132948468,2020-06-02T21:22:28.468Z,buy,5.636e-05,24.0,0.00135264
NEBL/BTC,1591133010630,2020-06-02T21:23:30.630Z,buy,5.636e-05,24.0,0.00135264
NEBL/BTC,1591133011390,2020-06-02T21:23:31.390Z,buy,5.636e-05,24.0,0.00135264
NEBL/BTC,1591133024538,2020-06-02T21:23:44.538Z,buy,5.658e-05,6.0,0.0003394799999999
NEBL/BTC,1591133024538,2020-06-02T21:23:44.538Z,buy,5.659e-05,94.0,0.00531946
NEBL/BTC,1591133041897,2020-06-02T21:24:01.897Z,buy,5.636e-05,24.0,0.00135264
NEBL/BTC,1591133443384,2020-06-02T21:30:43.384Z,sell,5.629e-05,200.0,0.0112579999999999
NEBL/BTC,1591133444832,2020-06-02T21:30:44.832Z,sell,5.629e-05,145.0,0.00816205
NEBL/BTC,1591133446520,2020-06-02T21:30:46.520Z,sell,5.628e-05,200.0,0.011256
NEBL/BTC,1591133446947,2020-06-02T21:30:46.947Z,sell,5.628e-05,43.0,0.00242004
NEBL/BTC,1591133452417,2020-06-02T21:30:52.417Z,sell,5.628e-05,46.0,0.00258888
NEBL/BTC,1591133462569,2020-06-02T21:31:02.569Z,sell,5.628e-05,200.0,0.011256
NEBL/BTC,1591133463784,2020-06-02T21:31:03.784Z,sell,5.628e-05,200.0,0.011256
NEBL/BTC,1591133465062,2020-06-02T21:31:05.062Z,sell,5.628e-05,200.0,0.011256
NEBL/BTC,1591133466671,2020-06-02T21:31:06.671Z,sell,5.628e-05,200.0,0.011256
NEBL/BTC,1591133467737,2020-06-02T21:31:07.737Z,sell,5.628e-05,200.0,0.011256
NEBL/BTC,1591133469334,2020-06-02T21:31:09.334Z,sell,5.628e-05,2.0,0.00011256
NEBL/BTC,1591133469914,2020-06-02T21:31:09.914Z,sell,5.628e-05,200.0,0.011256
NEBL/BTC,1591133472198,2020-06-02T21:31:12.198Z,sell,5.628e-05,200.0,0.011256
NEBL/BTC,1591133473866,2020-06-02T21:31:13.866Z,sell,5.628e-05,200.0,0.011256
NEBL/BTC,1591133475129,2020-06-02T21:31:15.129Z,sell,5.628e-05,200.0,0.011256
NEBL/BTC,1591133476165,2020-06-02T21:31:16.165Z,buy,5.659e-05,14.0,0.0007922599999999
NEBL/BTC,1591133476250,2020-06-02T21:31:16.250Z,sell,5.629e-05,10.0,0.0005629
NEBL/BTC,1591133476250,2020-06-02T21:31:16.250Z,sell,5.628e-05,190.0,0.0106932
NEBL/BTC,1591133477687,2020-06-02T21:31:17.687Z,sell,5.628e-05,176.0,0.00990528
NEBL/BTC,1591133477798,2020-06-02T21:31:17.798Z,sell,5.628e-05,200.0,0.011256
NEBL/BTC,1591133500852,2020-06-02T21:31:40.852Z,sell,5.628e-05,38.0,0.00213864
NEBL/BTC,1591133506559,2020-06-02T21:31:46.559Z,sell,5.628e-05,84.0,0.00472752
NEBL/BTC,1591133524429,2020-06-02T21:32:04.429Z,sell,5.628e-05,120.0,0.0067536
NEBL/BTC,1591133667921,2020-06-02T21:34:27.921Z,sell,5.629e-05,6.0,0.00033774
NEBL/BTC,1591133667921,2020-06-02T21:34:27.921Z,sell,5.628e-05,16.0,0.00090048
NEBL/BTC,1591133741550,2020-06-02T21:35:41.550Z,buy,5.659e-05,1.0,5.659e-05
NEBL/BTC,1591134005051,2020-06-02T21:40:05.051Z,sell,5.625e-05,199.0,0.0111937499999999
NEBL/BTC,1591134005377,2020-06-02T21:40:05.377Z,sell,5.617e-05,29.0,0.00162893
NEBL/BTC,1591134007397,2020-06-02T21:40:07.397Z,sell,5.617e-05,144.0,0.00808848
NEBL/BTC,1591134521748,2020-06-02T21:48:41.748Z,sell,5.615e-05,3.0,0.00016845
NEBL/BTC,1591134521748,2020-06-02T21:48:41.748Z,sell,5.613e-05,40.0,0.0022452
NEBL/BTC,1591134660631,2020-06-02T21:51:00.631Z,buy,5.633e-05,24.0,0.00135192
NEBL/BTC,1591134661714,2020-06-02T21:51:01.714Z,buy,5.633e-05,24.0,0.00135192
NEBL/BTC,1591135166276,2020-06-02T21:59:26.276Z,buy,5.64e-05,19.0,0.0010716
NEBL/BTC,1591135281127,2020-06-02T22:01:21.127Z,buy,5.64e-05,16.0,0.0009024
NEBL/BTC,1591136200121,2020-06-02T22:16:40.121Z,buy,5.64e-05,24.0,0.0013536
NEBL/BTC,1591136200125,2020-06-02T22:16:40.125Z,buy,5.64e-05,24.0,0.0013536
NEBL/BTC,1591136200125,2020-06-02T22:16:40.125Z,buy,5.64e-05,24.0,0.0013536
NEBL/BTC,1591137057081,2020-06-02T22:30:57.081Z,sell,5.632e-05,67.0,0.00377344
NEBL/BTC,1591137057081,2020-06-02T22:30:57.081Z,sell,5.605e-05,187.0,0.01048135
NEBL/BTC,1591137057081,2020-06-02T22:30:57.081Z,sell,5.604e-05,3.0,0.00016812
NEBL/BTC,1591137057081,2020-06-02T22:30:57.081Z,sell,5.601e-05,3.0,0.00016803
NEBL/BTC,1591137057081,2020-06-02T22:30:57.081Z,sell,5.6e-05,447.0,0.025032
NEBL/BTC,1591137057081,2020-06-02T22:30:57.081Z,sell,5.599e-05,3.0,0.0001679699999999
NEBL/BTC,1591137057081,2020-06-02T22:30:57.081Z,sell,5.594e-05,3.0,0.00016782
NEBL/BTC,1591137057081,2020-06-02T22:30:57.081Z,sell,5.59e-05,45.0,0.0025155
NEBL/BTC,1591137057081,2020-06-02T22:30:57.081Z,sell,5.587e-05,456.0,0.0254767199999999
NEBL/BTC,1591137057204,2020-06-02T22:30:57.204Z,buy,5.612e-05,24.0,0.00134688
NEBL/BTC,1591137057343,2020-06-02T22:30:57.343Z,buy,5.612e-05,9.0,0.00050508
NEBL/BTC,1591137058347,2020-06-02T22:30:58.347Z,sell,5.59e-05,3.0,0.0001676999999999
NEBL/BTC,1591137064376,2020-06-02T22:31:04.376Z,buy,5.612e-05,5.0,0.0002806
NEBL/BTC,1591137075641,2020-06-02T22:31:15.641Z,buy,5.612e-05,39.0,0.00218868
NEBL/BTC,1591137075650,2020-06-02T22:31:15.650Z,buy,5.612e-05,15.0,0.0008418
NEBL/BTC,1591137078452,2020-06-02T22:31:18.452Z,buy,5.612e-05,9.0,0.00050508
NEBL/BTC,1591137084185,2020-06-02T22:31:24.185Z,buy,5.612e-05,9.0,0.00050508
NEBL/BTC,1591137098120,2020-06-02T22:31:38.120Z,buy,5.612e-05,24.0,0.00134688
NEBL/BTC,1591137098120,2020-06-02T22:31:38.120Z,buy,5.612e-05,24.0,0.00134688
NEBL/BTC,1591137384542,2020-06-02T22:36:24.542Z,buy,5.612e-05,53.0,0.0029743599999999
NEBL/BTC,1591137423135,2020-06-02T22:37:03.135Z,buy,5.612e-05,5.0,0.0002806
NEBL/BTC,1591137437125,2020-06-02T22:37:17.125Z,buy,5.612e-05,24.0,0.00134688
NEBL/BTC,1591137437130,2020-06-02T22:37:17.130Z,buy,5.612e-05,24.0,0.00134688
NEBL/BTC,1591137455125,2020-06-02T22:37:35.125Z,buy,5.612e-05,19.0,0.00106628
NEBL/BTC,1591137455127,2020-06-02T22:37:35.127Z,buy,5.612e-05,19.0,0.00106628
NEBL/BTC,1591137610135,2020-06-02T22:40:10.135Z,buy,5.612e-05,24.0,0.00134688
NEBL/BTC,1591137610136,2020-06-02T22:40:10.136Z,buy,5.612e-05,24.0,0.00134688
NEBL/BTC,1591137671572,2020-06-02T22:41:11.572Z,buy,5.606e-05,3.0,0.00016818
NEBL/BTC,1591137681749,2020-06-02T22:41:21.749Z,buy,5.606e-05,3.0,0.00016818
NEBL/BTC,1591137728427,2020-06-02T22:42:08.427Z,buy,5.606e-05,2.0,0.00011212
NEBL/BTC,1591137732140,2020-06-02T22:42:12.140Z,buy,5.606e-05,98.0,0.00549388
NEBL/BTC,1591137750258,2020-06-02T22:42:30.258Z,buy,5.607e-05,243.0,0.01362501
NEBL/BTC,1591138290119,2020-06-02T22:51:30.119Z,buy,5.625e-05,19.0,0.00106875
NEBL/BTC,1591138318694,2020-06-02T22:51:58.694Z,buy,5.625e-05,1.0,5.625e-05
NEBL/BTC,1591138420970,2020-06-02T22:53:40.970Z,buy,5.625e-05,1.0,5.625e-05
NEBL/BTC,1591138665117,2020-06-02T22:57:45.117Z,buy,5.625e-05,24.0,0.00135
NEBL/BTC,1591138665122,2020-06-02T22:57:45.122Z,buy,5.625e-05,17.0,0.00095625
NEBL/BTC,1591138665122,2020-06-02T22:57:45.122Z,buy,5.626e-05,7.0,0.00039382
NEBL/BTC,1591138669123,2020-06-02T22:57:49.123Z,buy,5.628e-05,5.0,0.0002814
NEBL/BTC,1591139593641,2020-06-02T23:13:13.641Z,buy,5.623e-05,1.0,5.623e-05
NEBL/BTC,1591139655064,2020-06-02T23:14:15.064Z,buy,5.618e-05,1.0,5.618e-05
NEBL/BTC,1591139721115,2020-06-02T23:15:21.115Z,buy,5.616e-05,19.0,0.00106704
NEBL/BTC,1591139721135,2020-06-02T23:15:21.135Z,buy,5.616e-05,24.0,0.0013478399999999
NEBL/BTC,1591139721135,2020-06-02T23:15:21.135Z,buy,5.616e-05,24.0,0.0013478399999999
NEBL/BTC,1591139814125,2020-06-02T23:16:54.125Z,buy,5.619e-05,19.0,0.00106761
NEBL/BTC,1591139829673,2020-06-02T23:17:09.673Z,buy,5.625e-05,1.0,5.625e-05
NEBL/BTC,1591140042028,2020-06-02T23:20:42.028Z,sell,5.614e-05,3.0,0.00016842
NEBL/BTC,1591140042028,2020-06-02T23:20:42.028Z,sell,5.604e-05,26.0,0.00145704
NEBL/BTC,1591140434124,2020-06-02T23:27:14.124Z,buy,5.627e-05,19.0,0.00106913
NEBL/BTC,1591140828966,2020-06-02T23:33:48.966Z,buy,5.627e-05,105.0,0.00590835
NEBL/BTC,1591140836263,2020-06-02T23:33:56.263Z,buy,5.628e-05,24.0,0.00135072
NEBL/BTC,1591140839982,2020-06-02T23:33:59.982Z,buy,5.633e-05,1.0,5.633e-05
NEBL/BTC,1591140926773,2020-06-02T23:35:26.773Z,sell,5.627e-05,54.0,0.00303858
NEBL/BTC,1591141301141,2020-06-02T23:41:41.141Z,buy,5.628e-05,4.0,0.00022512
NEBL/BTC,1591141334694,2020-06-02T23:42:14.694Z,sell,5.605e-05,23.0,0.00128915
NEBL/BTC,1591141334694,2020-06-02T23:42:14.694Z,sell,5.603e-05,3.0,0.00016809
NEBL/BTC,1591141334694,2020-06-02T23:42:14.694Z,sell,5.592e-05,3.0,0.00016776
NEBL/BTC,1591141334694,2020-06-02T23:42:14.694Z,sell,5.58e-05,3.0,0.0001674
NEBL/BTC,1591141334694,2020-06-02T23:42:14.694Z,sell,5.575e-05,45.0,0.00250875
NEBL/BTC,1591141334708,2020-06-02T23:42:14.708Z,buy,5.575e-05,8.0,0.000446
NEBL/BTC,1591141538557,2020-06-02T23:45:38.557Z,buy,5.601e-05,603.0,0.03377403
NEBL/BTC,1591141879446,2020-06-02T23:51:19.446Z,buy,5.613e-05,1.0,5.613e-05
NEBL/BTC,1591141882299,2020-06-02T23:51:22.299Z,sell,5.607e-05,20.0,0.0011213999999999
NEBL/BTC,1591141906065,2020-06-02T23:51:46.065Z,buy,5.606e-05,2.0,0.00011212
NEBL/BTC,1591141924276,2020-06-02T23:52:04.276Z,buy,5.607e-05,3.0,0.00016821
NEBL/BTC,1591142173689,2020-06-02T23:56:13.689Z,buy,5.614e-05,3.0,0.00016842
NEBL/BTC,1591142191137,2020-06-02T23:56:31.137Z,buy,5.615e-05,24.0,0.0013476
NEBL/BTC,1591142191137,2020-06-02T23:56:31.137Z,buy,5.615e-05,30.0,0.0016845
NEBL/BTC,1591143173181,2020-06-03T00:12:53.181Z,buy,5.621e-05,1.0,5.621e-05
NEBL/BTC,1591143173181,2020-06-03T00:12:53.181Z,buy,5.621e-05,1.0,5.621e-05
NEBL/BTC,1591143630631,2020-06-03T00:20:30.631Z,buy,5.622e-05,280.0,0.0157416
NEBL/BTC,1591143779126,2020-06-03T00:22:59.126Z,buy,5.623e-05,24.0,0.00134952
NEBL/BTC,1591143779133,2020-06-03T00:22:59.133Z,buy,5.623e-05,10.0,0.0005623
NEBL/BTC,1591143779151,2020-06-03T00:22:59.151Z,buy,5.623e-05,11.0,0.00061853
NEBL/BTC,1591143779205,2020-06-03T00:22:59.205Z,buy,5.623e-05,5.0,0.00028115
NEBL/BTC,1591144293176,2020-06-03T00:31:33.176Z,buy,5.624e-05,245.0,0.0137787999999999
NEBL/BTC,1591144333054,2020-06-03T00:32:13.054Z,buy,5.624e-05,89.0,0.0050053599999999
NEBL/BTC,1591144368644,2020-06-03T00:32:48.644Z,buy,5.623e-05,133.0,0.00747859
NEBL/BTC,1591145008006,2020-06-03T00:43:28.006Z,sell,5.617e-05,3.0,0.00016851
NEBL/BTC,1591145045605,2020-06-03T00:44:05.605Z,sell,5.617e-05,10.0,0.0005617
NEBL/BTC,1591145302030,2020-06-03T00:48:22.030Z,buy,5.617e-05,169.0,0.00949273
NEBL/BTC,1591145302030,2020-06-03T00:48:22.030Z,buy,5.626e-05,6.0,0.00033756
NEBL/BTC,1591145302030,2020-06-03T00:48:22.030Z,buy,5.628e-05,3.0,0.00016884
NEBL/BTC,1591145302030,2020-06-03T00:48:22.030Z,buy,5.635e-05,3.0,0.00016905
NEBL/BTC,1591145302030,2020-06-03T00:48:22.030Z,buy,5.636e-05,5.0,0.0002818
NEBL/BTC,1591145302030,2020-06-03T00:48:22.030Z,buy,5.637e-05,6.0,0.0003382199999999
NEBL/BTC,1591145302030,2020-06-03T00:48:22.030Z,buy,5.638e-05,3.0,0.00016914
NEBL/BTC,1591145302030,2020-06-03T00:48:22.030Z,buy,5.639e-05,168.0,0.00947352
NEBL/BTC,1591145302030,2020-06-03T00:48:22.030Z,buy,5.64e-05,516.0,0.0291024
NEBL/BTC,1591145302030,2020-06-03T00:48:22.030Z,buy,5.644e-05,186.0,0.01049784
NEBL/BTC,1591145302030,2020-06-03T00:48:22.030Z,buy,5.645e-05,3.0,0.00016935
NEBL/BTC,1591145302030,2020-06-03T00:48:22.030Z,buy,5.648e-05,3.0,0.00016944
NEBL/BTC,1591145302030,2020-06-03T00:48:22.030Z,buy,5.65e-05,3.0,0.0001695
NEBL/BTC,1591145302030,2020-06-03T00:48:22.030Z,buy,5.652e-05,35.0,0.0019782
NEBL/BTC,1591145302030,2020-06-03T00:48:22.030Z,buy,5.653e-05,3.0,0.00016959
NEBL/BTC,1591145302030,2020-06-03T00:48:22.030Z,buy,5.654e-05,3.0,0.00016962
NEBL/BTC,1591145302030,2020-06-03T00:48:22.030Z,buy,5.656e-05,45.0,0.0025452
NEBL/BTC,1591145302030,2020-06-03T00:48:22.030Z,buy,5.659e-05,504.0,0.02852136
NEBL/BTC,1591145302030,2020-06-03T00:48:22.030Z,buy,5.66e-05,1420.0,0.080372
NEBL/BTC,1591145302030,2020-06-03T00:48:22.030Z,buy,5.662e-05,6.0,0.0003397199999999
NEBL/BTC,1591145302030,2020-06-03T00:48:22.030Z,buy,5.663e-05,3.0,0.00016989
NEBL/BTC,1591145302030,2020-06-03T00:48:22.030Z,buy,5.671e-05,3.0,0.00017013
NEBL/BTC,1591145302030,2020-06-03T00:48:22.030Z,buy,5.672e-05,3.0,0.0001701599999999
NEBL/BTC,1591145302030,2020-06-03T00:48:22.030Z,buy,5.673e-05,6.0,0.00034038
NEBL/BTC,1591145302030,2020-06-03T00:48:22.030Z,buy,5.675e-05,3.0,0.00017025
NEBL/BTC,1591145302030,2020-06-03T00:48:22.030Z,buy,5.68e-05,38.0,0.0021584
NEBL/BTC,1591145302030,2020-06-03T00:48:22.030Z,buy,5.681e-05,3.0,0.00017043
NEBL/BTC,1591145302030,2020-06-03T00:48:22.030Z,buy,5.683e-05,10.0,0.0005683
NEBL/BTC,1591145302030,2020-06-03T00:48:22.030Z,buy,5.687e-05,3.0,0.00017061
NEBL/BTC,1591145302030,2020-06-03T00:48:22.030Z,buy,5.688e-05,144.0,0.00819072
NEBL/BTC,1591145302030,2020-06-03T00:48:22.030Z,buy,5.689e-05,3.0,0.00017067
NEBL/BTC,1591145302030,2020-06-03T00:48:22.030Z,buy,5.69e-05,56.0,0.0031864
NEBL/BTC,1591145302030,2020-06-03T00:48:22.030Z,buy,5.691e-05,9.0,0.00051219
NEBL/BTC,1591145302030,2020-06-03T00:48:22.030Z,buy,5.692e-05,186.0,0.01058712
NEBL/BTC,1591145302030,2020-06-03T00:48:22.030Z,buy,5.699e-05,9.0,0.00051291
NEBL/BTC,1591145302030,2020-06-03T00:48:22.030Z,buy,5.7e-05,5.0,0.000285
NEBL/BTC,1591145302047,2020-06-03T00:48:22.047Z,sell,5.7e-05,1766.0,0.100662
NEBL/BTC,1591145303243,2020-06-03T00:48:23.243Z,buy,5.636e-05,3.0,0.00016908
NEBL/BTC,1591145304361,2020-06-03T00:48:24.361Z,buy,5.637e-05,24.0,0.0013528799999999
NEBL/BTC,1591145307537,2020-06-03T00:48:27.537Z,sell,5.652e-05,10.0,0.0005652
NEBL/BTC,1591145308742,2020-06-03T00:48:28.742Z,buy,5.664e-05,102.0,0.00577728
NEBL/BTC,1591145308893,2020-06-03T00:48:28.893Z,buy,5.683e-05,2.0,0.00011366
NEBL/BTC,1591145311202,2020-06-03T00:48:31.202Z,sell,5.652e-05,4.0,0.00022608
NEBL/BTC,1591145311330,2020-06-03T00:48:31.330Z,buy,5.652e-05,3.0,0.00016956
NEBL/BTC,1591145312277,2020-06-03T00:48:32.277Z,buy,5.651e-05,222.0,0.01254522
NEBL/BTC,1591145312277,2020-06-03T00:48:32.277Z,buy,5.652e-05,3.0,0.00016956
NEBL/BTC,1591145321706,2020-06-03T00:48:41.706Z,sell,5.631e-05,43.0,0.00242133
NEBL/BTC,1591145346451,2020-06-03T00:49:06.451Z,sell,5.636e-05,6.0,0.00033816
NEBL/BTC,1591145349035,2020-06-03T00:49:09.035Z,buy,5.669e-05,5.0,0.00028345
NEBL/BTC,1591145353292,2020-06-03T00:49:13.292Z,buy,5.669e-05,1.0,5.669e-05
NEBL/BTC,1591145353292,2020-06-03T00:49:13.292Z,buy,5.67e-05,3.0,0.0001701
NEBL/BTC,1591145353292,2020-06-03T00:49:13.292Z,buy,5.686e-05,5.0,0.0002843
NEBL/BTC,1591145353699,2020-06-03T00:49:13.699Z,sell,5.638e-05,92.0,0.00518696
NEBL/BTC,1591145354356,2020-06-03T00:49:14.356Z,sell,5.638e-05,7.0,0.00039466
NEBL/BTC,1591145354368,2020-06-03T00:49:14.368Z,buy,5.638e-05,18.0,0.00101484
NEBL/BTC,1591145354369,2020-06-03T00:49:14.369Z,buy,5.638e-05,38.0,0.00214244
NEBL/BTC,1591145410641,2020-06-03T00:50:10.641Z,sell,5.651e-05,5.0,0.00028255
NEBL/BTC,1591145455888,2020-06-03T00:50:55.888Z,buy,5.651e-05,6.0,0.0003390599999999
NEBL/BTC,1591145455888,2020-06-03T00:50:55.888Z,buy,5.684e-05,89.0,0.00505876
NEBL/BTC,1591145455888,2020-06-03T00:50:55.888Z,buy,5.685e-05,5.0,0.00028425
NEBL/BTC,1591145455888,2020-06-03T00:50:55.888Z,buy,5.686e-05,1.0,5.686e-05
NEBL/BTC,1591145455888,2020-06-03T00:50:55.888Z,buy,5.69e-05,43.0,0.0024467
NEBL/BTC,1591145455888,2020-06-03T00:50:55.888Z,buy,5.692e-05,35.0,0.0019922
NEBL/BTC,1591145455888,2020-06-03T00:50:55.888Z,buy,5.693e-05,24.0,0.0013663199999999
NEBL/BTC,1591145530246,2020-06-03T00:52:10.246Z,buy,5.693e-05,6.0,0.0003415799999999
NEBL/BTC,1591145566683,2020-06-03T00:52:46.683Z,sell,5.652e-05,35.0,0.0019782
NEBL/BTC,1591145566683,2020-06-03T00:52:46.683Z,sell,5.65e-05,5.0,0.0002825
NEBL/BTC,1591145566683,2020-06-03T00:52:46.683Z,sell,5.635e-05,3.0,0.00016905
NEBL/BTC,1591145566683,2020-06-03T00:52:46.683Z,sell,5.632e-05,141.0,0.00794112
NEBL/BTC,1591145566683,2020-06-03T00:52:46.683Z,sell,5.631e-05,5.0,0.00028155
NEBL/BTC,1591145566683,2020-06-03T00:52:46.683Z,sell,5.627e-05,13.0,0.00073151
NEBL/BTC,1591145591817,2020-06-03T00:53:11.817Z,buy,5.661e-05,3.0,0.00016983
NEBL/BTC,1591145592719,2020-06-03T00:53:12.719Z,sell,5.636e-05,25.0,0.001409
NEBL/BTC,1591145592719,2020-06-03T00:53:12.719Z,sell,5.635e-05,2.0,0.0001127
NEBL/BTC,1591145626909,2020-06-03T00:53:46.909Z,buy,5.668e-05,3.0,0.00017004
NEBL/BTC,1591145629519,2020-06-03T00:53:49.519Z,sell,5.668e-05,326.0,0.01847768
NEBL/BTC,1591145648078,2020-06-03T00:54:08.078Z,buy,5.669e-05,3.0,0.00017007
NEBL/BTC,1591145711083,2020-06-03T00:55:11.083Z,buy,5.682e-05,9.0,0.00051138
NEBL/BTC,1591145743140,2020-06-03T00:55:43.140Z,sell,5.673e-05,2.0,0.00011346
NEBL/BTC,1591145778743,2020-06-03T00:56:18.743Z,buy,5.682e-05,36.0,0.00204552
NEBL/BTC,1591145862870,2020-06-03T00:57:42.870Z,sell,5.659e-05,2.0,0.00011318
NEBL/BTC,1591145869185,2020-06-03T00:57:49.185Z,buy,5.681e-05,2.0,0.00011362
NEBL/BTC,1591145912622,2020-06-03T00:58:32.622Z,sell,5.643e-05,2.0,0.00011286
NEBL/BTC,1591146090247,2020-06-03T01:01:30.247Z,buy,5.643e-05,98.0,0.00553014
NEBL/BTC,1591146094253,2020-06-03T01:01:34.253Z,buy,5.643e-05,186.0,0.01049598
NEBL/BTC,1591146097362,2020-06-03T01:01:37.362Z,buy,5.643e-05,354.0,0.01997622
NEBL/BTC,1591146100473,2020-06-03T01:01:40.473Z,buy,5.643e-05,117.0,0.00660231
NEBL/BTC,1591146621777,2020-06-03T01:10:21.777Z,sell,5.643e-05,13.0,0.00073359
NEBL/BTC,1591146621777,2020-06-03T01:10:21.777Z,sell,5.643e-05,13.0,0.00073359
NEBL/BTC,1591147121706,2020-06-03T01:18:41.706Z,sell,5.643e-05,43.0,0.00242649
NEBL/BTC,1591147320350,2020-06-03T01:22:00.350Z,buy,5.657e-05,3.0,0.00016971
NEBL/BTC,1591147348828,2020-06-03T01:22:28.828Z,buy,5.67e-05,3.0,0.0001701
NEBL/BTC,1591147621478,2020-06-03T01:27:01.478Z,sell,5.643e-05,43.0,0.00242649
NEBL/BTC,1591147641437,2020-06-03T01:27:21.437Z,sell,5.643e-05,154.0,0.00869022
NEBL/BTC,1591147666207,2020-06-03T01:27:46.207Z,buy,5.663e-05,3.0,0.00016989
NEBL/BTC,1591147822464,2020-06-03T01:30:22.464Z,sell,5.637e-05,35.0,0.00197295
NEBL/BTC,1591147864422,2020-06-03T01:31:04.422Z,sell,5.637e-05,86.0,0.00484782
NEBL/BTC,1591147864422,2020-06-03T01:31:04.422Z,sell,5.636e-05,35.0,0.0019726
NEBL/BTC,1591147864434,2020-06-03T01:31:04.434Z,buy,5.636e-05,678.0,0.03821208
NEBL/BTC,1591148364424,2020-06-03T01:39:24.424Z,sell,5.635e-05,3.0,0.00016905
NEBL/BTC,1591148364424,2020-06-03T01:39:24.424Z,sell,5.633e-05,3.0,0.00016899
NEBL/BTC,1591148364424,2020-06-03T01:39:24.424Z,sell,5.63e-05,14.0,0.0007882
NEBL/BTC,1591148404742,2020-06-03T01:40:04.742Z,buy,5.66e-05,22.0,0.0012452
NEBL/BTC,1591148871179,2020-06-03T01:47:51.179Z,buy,5.651e-05,3.0,0.0001695299999999
NEBL/BTC,1591148885706,2020-06-03T01:48:05.706Z,buy,5.651e-05,3.0,0.0001695299999999
NEBL/BTC,1591149137049,2020-06-03T01:52:17.049Z,buy,5.647e-05,93.0,0.00525171
NEBL/BTC,1591149137049,2020-06-03T01:52:17.049Z,buy,5.648e-05,745.0,0.0420776
NEBL/BTC,1591149223052,2020-06-03T01:53:43.052Z,buy,5.66e-05,16.0,0.0009056
NEBL/BTC,1591149230617,2020-06-03T01:53:50.617Z,buy,5.66e-05,16.0,0.0009056
NEBL/BTC,1591149230617,2020-06-03T01:53:50.617Z,buy,5.667e-05,3.0,0.00017001
NEBL/BTC,1591149230617,2020-06-03T01:53:50.617Z,buy,5.669e-05,3.0,0.00017007
NEBL/BTC,1591149230617,2020-06-03T01:53:50.617Z,buy,5.671e-05,3.0,0.00017013
NEBL/BTC,1591149230617,2020-06-03T01:53:50.617Z,buy,5.672e-05,3.0,0.0001701599999999
NEBL/BTC,1591149230617,2020-06-03T01:53:50.617Z,buy,5.68e-05,3.0,0.0001704
NEBL/BTC,1591149230617,2020-06-03T01:53:50.617Z,buy,5.681e-05,3.0,0.00017043
NEBL/BTC,1591149230617,2020-06-03T01:53:50.617Z,buy,5.683e-05,15.0,0.00085245
NEBL/BTC,1591149230617,2020-06-03T01:53:50.617Z,buy,5.689e-05,3.0,0.00017067
NEBL/BTC,1591149230617,2020-06-03T01:53:50.617Z,buy,5.69e-05,191.0,0.0108679
NEBL/BTC,1591149230617,2020-06-03T01:53:50.617Z,buy,5.691e-05,298.0,0.01695918
NEBL/BTC,1591149230812,2020-06-03T01:53:50.812Z,buy,5.69e-05,16.0,0.0009104
NEBL/BTC,1591149231057,2020-06-03T01:53:51.057Z,buy,5.69e-05,80.0,0.004552
NEBL/BTC,1591149259250,2020-06-03T01:54:19.250Z,buy,5.68e-05,3.0,0.0001704
NEBL/BTC,1591150107888,2020-06-03T02:08:27.888Z,sell,5.648e-05,3.0,0.00016944
NEBL/BTC,1591150114621,2020-06-03T02:08:34.621Z,sell,5.636e-05,96.0,0.00541056
NEBL/BTC,1591150121742,2020-06-03T02:08:41.742Z,sell,5.634e-05,3.0,0.00016902
NEBL/BTC,1591150121742,2020-06-03T02:08:41.742Z,sell,5.632e-05,3.0,0.00016896
NEBL/BTC,1591150121742,2020-06-03T02:08:41.742Z,sell,5.63e-05,37.0,0.0020831
NEBL/BTC,1591150167953,2020-06-03T02:09:27.953Z,buy,5.662e-05,1.0,5.662e-05
NEBL/BTC,1591150187048,2020-06-03T02:09:47.048Z,buy,5.656e-05,2.0,0.00011312
NEBL/BTC,1591150187048,2020-06-03T02:09:47.048Z,buy,5.657e-05,4.0,0.00022628
NEBL/BTC,1591150198115,2020-06-03T02:09:58.115Z,buy,5.657e-05,6.0,0.00033942
NEBL/BTC,1591150198115,2020-06-03T02:09:58.115Z,buy,5.657e-05,6.0,0.00033942
NEBL/BTC,1591150736241,2020-06-03T02:18:56.241Z,buy,5.66e-05,1.0,5.66e-05
NEBL/BTC,1591150841813,2020-06-03T02:20:41.813Z,buy,5.648e-05,3.0,0.00016944
NEBL/BTC,1591150921733,2020-06-03T02:22:01.733Z,sell,5.632e-05,43.0,0.00242176
NEBL/BTC,1591151060306,2020-06-03T02:24:20.306Z,buy,5.653e-05,3.0,0.00016959
NEBL/BTC,1591152600557,2020-06-03T02:50:00.557Z,buy,5.652e-05,2.0,0.00011304
NEBL/BTC,1591152668465,2020-06-03T02:51:08.465Z,sell,5.652e-05,2.0,0.00011304
NEBL/BTC,1591152779621,2020-06-03T02:52:59.621Z,buy,5.637e-05,6.0,0.0003382199999999
NEBL/BTC,1591152779939,2020-06-03T02:52:59.939Z,buy,5.637e-05,3.0,0.0001691099999999
NEBL/BTC,1591152799149,2020-06-03T02:53:19.149Z,buy,5.637e-05,2.0,0.00011274
NEBL/BTC,1591152814459,2020-06-03T02:53:34.459Z,sell,5.631e-05,75.0,0.00422325
NEBL/BTC,1591152814459,2020-06-03T02:53:34.459Z,sell,5.63e-05,93.0,0.0052359
NEBL/BTC,1591152814459,2020-06-03T02:53:34.459Z,sell,5.629e-05,3.0,0.00016887
NEBL/BTC,1591152814459,2020-06-03T02:53:34.459Z,sell,5.627e-05,10.0,0.0005627
NEBL/BTC,1591152814470,2020-06-03T02:53:34.470Z,buy,5.626e-05,5.0,0.0002813
NEBL/BTC,1591152874939,2020-06-03T02:54:34.939Z,buy,5.627e-05,3.0,0.00016881
NEBL/BTC,1591152900388,2020-06-03T02:55:00.388Z,buy,5.63e-05,3.0,0.0001688999999999
NEBL/BTC,1591153721719,2020-06-03T03:08:41.719Z,sell,5.63e-05,26.0,0.0014638
NEBL/BTC,1591153721719,2020-06-03T03:08:41.719Z,sell,5.63e-05,26.0,0.0014638
NEBL/BTC,1591155541900,2020-06-03T03:39:01.900Z,sell,5.627e-05,2.0,0.00011254
NEBL/BTC,1591155549933,2020-06-03T03:39:09.933Z,sell,5.624e-05,2.0,0.00011248
NEBL/BTC,1591155554840,2020-06-03T03:39:14.840Z,sell,5.622e-05,5.0,0.0002811
NEBL/BTC,1591155560013,2020-06-03T03:39:20.013Z,sell,5.62e-05,3.0,0.0001685999999999
NEBL/BTC,1591156183985,2020-06-03T03:49:43.985Z,sell,5.614e-05,439.0,0.02464546
NEBL/BTC,1591156183985,2020-06-03T03:49:43.985Z,sell,5.613e-05,35.0,0.00196455
NEBL/BTC,1591156183985,2020-06-03T03:49:43.985Z,sell,5.609e-05,3.0,0.0001682699999999
NEBL/BTC,1591156183985,2020-06-03T03:49:43.985Z,sell,5.603e-05,2.0,0.00011206
NEBL/BTC,1591156183985,2020-06-03T03:49:43.985Z,sell,5.599e-05,3.0,0.0001679699999999
NEBL/BTC,1591156183985,2020-06-03T03:49:43.985Z,sell,5.595e-05,357.0,0.01997415
NEBL/BTC,1591156183985,2020-06-03T03:49:43.985Z,sell,5.59e-05,133.0,0.0074347
NEBL/BTC,1591156183985,2020-06-03T03:49:43.985Z,sell,5.588e-05,3.0,0.00016764
NEBL/BTC,1591156183985,2020-06-03T03:49:43.985Z,sell,5.587e-05,3.0,0.00016761
NEBL/BTC,1591156183985,2020-06-03T03:49:43.985Z,sell,5.579e-05,203.0,0.01132537
NEBL/BTC,1591156183985,2020-06-03T03:49:43.985Z,sell,5.578e-05,3.0,0.0001673399999999
NEBL/BTC,1591156183985,2020-06-03T03:49:43.985Z,sell,5.574e-05,35.0,0.0019509
NEBL/BTC,1591156183985,2020-06-03T03:49:43.985Z,sell,5.573e-05,40.0,0.0022291999999999
NEBL/BTC,1591156183985,2020-06-03T03:49:43.985Z,sell,5.572e-05,149.0,0.00830228
NEBL/BTC,1591156183985,2020-06-03T03:49:43.985Z,sell,5.571e-05,10.0,0.0005571
NEBL/BTC,1591156183985,2020-06-03T03:49:43.985Z,sell,5.569e-05,582.0,0.0324115799999999
NEBL/BTC,1591156189231,2020-06-03T03:49:49.231Z,sell,5.579e-05,2.0,0.00011158
NEBL/BTC,1591156189231,2020-06-03T03:49:49.231Z,sell,5.568e-05,27.0,0.00150336
NEBL/BTC,1591156189231,2020-06-03T03:49:49.231Z,sell,5.567e-05,3.0,0.00016701
NEBL/BTC,1591156189231,2020-06-03T03:49:49.231Z,sell,5.565e-05,3.0,0.00016695
NEBL/BTC,1591156189231,2020-06-03T03:49:49.231Z,sell,5.564e-05,10.0,0.0005564
NEBL/BTC,1591156189231,2020-06-03T03:49:49.231Z,sell,5.563e-05,8.0,0.00044504
NEBL/BTC,1591156189231,2020-06-03T03:49:49.231Z,sell,5.557e-05,3.0,0.0001667099999999
NEBL/BTC,1591156189231,2020-06-03T03:49:49.231Z,sell,5.556e-05,35.0,0.0019446
NEBL/BTC,1591156189231,2020-06-03T03:49:49.231Z,sell,5.55e-05,2.0,0.000111
NEBL/BTC,1591156189231,2020-06-03T03:49:49.231Z,sell,5.546e-05,216.0,0.01197936
NEBL/BTC,1591156189231,2020-06-03T03:49:49.231Z,sell,5.545e-05,942.0,0.0522339
NEBL/BTC,1591156189231,2020-06-03T03:49:49.231Z,sell,5.544e-05,71.0,0.00393624
NEBL/BTC,1591156189231,2020-06-03T03:49:49.231Z,sell,5.543e-05,678.0,0.03758154
NEBL/BTC,1591156192304,2020-06-03T03:49:52.304Z,sell,5.568e-05,3.0,0.00016704
NEBL/BTC,1591156197238,2020-06-03T03:49:57.238Z,sell,5.568e-05,827.0,0.04604736
NEBL/BTC,1591156197238,2020-06-03T03:49:57.238Z,sell,5.565e-05,10.0,0.0005564999999999
NEBL/BTC,1591156197238,2020-06-03T03:49:57.238Z,sell,5.552e-05,2.0,0.00011104
NEBL/BTC,1591156197238,2020-06-03T03:49:57.238Z,sell,5.545e-05,19.0,0.0010535499999999
NEBL/BTC,1591156197238,2020-06-03T03:49:57.238Z,sell,5.542e-05,186.0,0.01030812
NEBL/BTC,1591156197238,2020-06-03T03:49:57.238Z,sell,5.541e-05,18.0,0.00099738
NEBL/BTC,1591156197238,2020-06-03T03:49:57.238Z,sell,5.535e-05,318.0,0.0176013
NEBL/BTC,1591156198344,2020-06-03T03:49:58.344Z,buy,5.575e-05,1.0,5.575e-05
NEBL/BTC,1591156198512,2020-06-03T03:49:58.512Z,buy,5.547e-05,98.0,0.00543606
NEBL/BTC,1591156198560,2020-06-03T03:49:58.560Z,buy,5.547e-05,8.0,0.00044376
NEBL/BTC,1591156200380,2020-06-03T03:50:00.380Z,buy,5.547e-05,37.0,0.00205239
NEBL/BTC,1591156201782,2020-06-03T03:50:01.782Z,buy,5.547e-05,19.0,0.00105393
NEBL/BTC,1591156202569,2020-06-03T03:50:02.569Z,sell,5.537e-05,220.0,0.0121814
NEBL/BTC,1591156204164,2020-06-03T03:50:04.164Z,buy,5.548e-05,15.0,0.0008322
NEBL/BTC,1591156214234,2020-06-03T03:50:14.234Z,buy,5.548e-05,9.0,0.0004993199999999
NEBL/BTC,1591156214234,2020-06-03T03:50:14.234Z,buy,5.549e-05,84.0,0.00466116
NEBL/BTC,1591156221654,2020-06-03T03:50:21.654Z,buy,5.554e-05,43.0,0.00238822
NEBL/BTC,1591156226574,2020-06-03T03:50:26.574Z,buy,5.554e-05,675.0,0.0374895
NEBL/BTC,1591156242128,2020-06-03T03:50:42.128Z,buy,5.563e-05,19.0,0.00105697
NEBL/BTC,1591156253804,2020-06-03T03:50:53.804Z,buy,5.563e-05,21.0,0.00116823
NEBL/BTC,1591156257527,2020-06-03T03:50:57.527Z,buy,5.563e-05,3.0,0.00016689
NEBL/BTC,1591156262568,2020-06-03T03:51:02.568Z,buy,5.563e-05,120.0,0.0066756
NEBL/BTC,1591156271141,2020-06-03T03:51:11.141Z,sell,5.554e-05,2.0,0.00011108
NEBL/BTC,1591156273119,2020-06-03T03:51:13.119Z,buy,5.548e-05,23.0,0.00127604
NEBL/BTC,1591156273121,2020-06-03T03:51:13.121Z,buy,5.548e-05,19.0,0.00105412
NEBL/BTC,1591156273339,2020-06-03T03:51:13.339Z,buy,5.548e-05,3.0,0.0001664399999999
NEBL/BTC,1591156275074,2020-06-03T03:51:15.074Z,buy,5.548e-05,41.0,0.00227468
NEBL/BTC,1591156275493,2020-06-03T03:51:15.493Z,buy,5.549e-05,43.0,0.00238607
NEBL/BTC,1591156275585,2020-06-03T03:51:15.585Z,buy,5.549e-05,271.0,0.01503779
NEBL/BTC,1591156377829,2020-06-03T03:52:57.829Z,buy,5.569e-05,3.0,0.0001670699999999
NEBL/BTC,1591156377829,2020-06-03T03:52:57.829Z,buy,5.57e-05,63.0,0.0035091
NEBL/BTC,1591156377829,2020-06-03T03:52:57.829Z,buy,5.574e-05,36.0,0.00200664
NEBL/BTC,1591156377829,2020-06-03T03:52:57.829Z,buy,5.58e-05,3.0,0.0001674
NEBL/BTC,1591156377829,2020-06-03T03:52:57.829Z,buy,5.584e-05,3.0,0.00016752
NEBL/BTC,1591156377829,2020-06-03T03:52:57.829Z,buy,5.586e-05,27.0,0.00150822
NEBL/BTC,1591156377829,2020-06-03T03:52:57.829Z,buy,5.59e-05,169.0,0.0094471
NEBL/BTC,1591156544511,2020-06-03T03:55:44.511Z,buy,5.562e-05,3.0,0.00016686
NEBL/BTC,1591156553884,2020-06-03T03:55:53.884Z,buy,5.562e-05,3.0,0.00016686
NEBL/BTC,1591156567856,2020-06-03T03:56:07.856Z,buy,5.562e-05,12.0,0.00066744
NEBL/BTC,1591156567879,2020-06-03T03:56:07.879Z,sell,5.562e-05,167.0,0.00928854
NEBL/BTC,1591157172030,2020-06-03T04:06:12.030Z,buy,5.582e-05,5.0,0.0002791
NEBL/BTC,1591157172043,2020-06-03T04:06:12.043Z,sell,5.583e-05,82.0,0.00457806
NEBL/BTC,1591157172043,2020-06-03T04:06:12.043Z,sell,5.583e-05,82.0,0.00457806
NEBL/BTC,1591157426044,2020-06-03T04:10:26.044Z,buy,5.583e-05,1.0,5.583e-05
NEBL/BTC,1591157780533,2020-06-03T04:16:20.533Z,buy,5.583e-05,1.0,5.583e-05
NEBL/BTC,1591158554004,2020-06-03T04:29:14.004Z,buy,5.582e-05,1.0,5.582e-05
NEBL/BTC,1591158559747,2020-06-03T04:29:19.747Z,buy,5.582e-05,1.0,5.582e-05
NEBL/BTC,1591158629978,2020-06-03T04:30:29.978Z,sell,5.582e-05,2.0,0.00011164
NEBL/BTC,1591158883378,2020-06-03T04:34:43.378Z,buy,5.584e-05,1.0,5.584e-05
NEBL/BTC,1591159041478,2020-06-03T04:37:21.478Z,buy,5.584e-05,6.0,0.00033504
NEBL/BTC,1591159041478,2020-06-03T04:37:21.478Z,buy,5.59e-05,18.0,0.0010061999999999
NEBL/BTC,1591159041478,2020-06-03T04:37:21.478Z,buy,5.591e-05,72.0,0.0040255199999999
NEBL/BTC,1591159041478,2020-06-03T04:37:21.478Z,buy,5.592e-05,3.0,0.00016776
NEBL/BTC,1591159041478,2020-06-03T04:37:21.478Z,buy,5.6e-05,3.0,0.000168
NEBL/BTC,1591159041478,2020-06-03T04:37:21.478Z,buy,5.601e-05,10.0,0.0005601
NEBL/BTC,1591159041478,2020-06-03T04:37:21.478Z,buy,5.602e-05,437.0,0.02448074
NEBL/BTC,1591159041478,2020-06-03T04:37:21.478Z,buy,5.603e-05,675.0,0.03782025
NEBL/BTC,1591159041478,2020-06-03T04:37:21.478Z,buy,5.604e-05,220.0,0.0123288
NEBL/BTC,1591159041478,2020-06-03T04:37:21.478Z,buy,5.607e-05,561.0,0.03145527
NEBL/BTC,1591159041478,2020-06-03T04:37:21.478Z,buy,5.608e-05,3.0,0.00016824
NEBL/BTC,1591159041478,2020-06-03T04:37:21.478Z,buy,5.61e-05,3.0,0.0001683
NEBL/BTC,1591159041478,2020-06-03T04:37:21.478Z,buy,5.612e-05,38.0,0.00213256
NEBL/BTC,1591159041478,2020-06-03T04:37:21.478Z,buy,5.613e-05,35.0,0.00196455
NEBL/BTC,1591159041478,2020-06-03T04:37:21.478Z,buy,5.616e-05,676.0,0.03796416
NEBL/BTC,1591159041478,2020-06-03T04:37:21.478Z,buy,5.617e-05,3.0,0.00016851
NEBL/BTC,1591159041478,2020-06-03T04:37:21.478Z,buy,5.619e-05,3.0,0.00016857
NEBL/BTC,1591159041478,2020-06-03T04:37:21.478Z,buy,5.622e-05,3.0,0.00016866
NEBL/BTC,1591159041478,2020-06-03T04:37:21.478Z,buy,5.626e-05,3.0,0.00016878
NEBL/BTC,1591159041478,2020-06-03T04:37:21.478Z,buy,5.627e-05,10.0,0.0005627
NEBL/BTC,1591159041478,2020-06-03T04:37:21.478Z,buy,5.628e-05,3.0,0.00016884
NEBL/BTC,1591159041478,2020-06-03T04:37:21.478Z,buy,5.631e-05,5.0,0.00028155
NEBL/BTC,1591159041478,2020-06-03T04:37:21.478Z,buy,5.632e-05,41.0,0.00230912
NEBL/BTC,1591159091439,2020-06-03T04:38:11.439Z,sell,5.587e-05,3.0,0.00016761
NEBL/BTC,1591159091446,2020-06-03T04:38:11.446Z,buy,5.587e-05,82.0,0.00458134
NEBL/BTC,1591159091553,2020-06-03T04:38:11.553Z,buy,5.587e-05,94.0,0.00525178
NEBL/BTC,1591160374147,2020-06-03T04:59:34.147Z,sell,5.588e-05,29.0,0.00162052
NEBL/BTC,1591160395010,2020-06-03T04:59:55.010Z,sell,5.6e-05,36.0,0.002016
NEBL/BTC,1591160395022,2020-06-03T04:59:55.022Z,sell,5.6e-05,35.0,0.00196
NEBL/BTC,1591160395030,2020-06-03T04:59:55.030Z,sell,5.6e-05,32.0,0.001792
NEBL/BTC,1591160395037,2020-06-03T04:59:55.037Z,sell,5.6e-05,97.0,0.005432
NEBL/BTC,1591160395038,2020-06-03T04:59:55.038Z,sell,5.6e-05,24.0,0.001344
NEBL/BTC,1591160395048,2020-06-03T04:59:55.048Z,sell,5.6e-05,21.0,0.001176
NEBL/BTC,1591160395063,2020-06-03T04:59:55.063Z,sell,5.6e-05,13.0,0.000728
NEBL/BTC,1591160468572,2020-06-03T05:01:08.572Z,sell,5.6e-05,2.0,0.000112
NEBL/BTC,1591160468572,2020-06-03T05:01:08.572Z,sell,5.6e-05,2.0,0.000112
NEBL/BTC,1591161218843,2020-06-03T05:13:38.843Z,sell,5.6e-05,8.0,0.000448
NEBL/BTC,1591161257269,2020-06-03T05:14:17.269Z,sell,5.6e-05,15.0,0.00084
NEBL/BTC,1591161257269,2020-06-03T05:14:17.269Z,sell,5.599e-05,10.0,0.0005599
NEBL/BTC,1591161257269,2020-06-03T05:14:17.269Z,sell,5.598e-05,10.0,0.0005598
NEBL/BTC,1591161257269,2020-06-03T05:14:17.269Z,sell,5.597e-05,10.0,0.0005597
NEBL/BTC,1591161257269,2020-06-03T05:14:17.269Z,sell,5.596e-05,10.0,0.0005595999999999
NEBL/BTC,1591161257269,2020-06-03T05:14:17.269Z,sell,5.595e-05,10.0,0.0005595
NEBL/BTC,1591161257269,2020-06-03T05:14:17.269Z,sell,5.594e-05,10.0,0.0005594
NEBL/BTC,1591161257269,2020-06-03T05:14:17.269Z,sell,5.593e-05,15.0,0.00083895
NEBL/BTC,1591161381852,2020-06-03T05:16:21.852Z,sell,5.595e-05,2.0,0.0001119
NEBL/BTC,1591161381852,2020-06-03T05:16:21.852Z,sell,5.592e-05,10.0,0.0005592
NEBL/BTC,1591161381852,2020-06-03T05:16:21.852Z,sell,5.591e-05,10.0,0.0005591
NEBL/BTC,1591161381852,2020-06-03T05:16:21.852Z,sell,5.59e-05,10.0,0.0005589999999999
NEBL/BTC,1591161404991,2020-06-03T05:16:44.991Z,sell,5.589e-05,10.0,0.0005589
NEBL/BTC,1591161404991,2020-06-03T05:16:44.991Z,sell,5.588e-05,20.0,0.0011176
NEBL/BTC,1591161404991,2020-06-03T05:16:44.991Z,sell,5.587e-05,112.0,0.0062574399999999
NEBL/BTC,1591161845505,2020-06-03T05:24:05.505Z,buy,5.6e-05,3.0,0.000168
NEBL/BTC,1591161854564,2020-06-03T05:24:14.564Z,sell,5.6e-05,24.0,0.001344
NEBL/BTC,1591161854590,2020-06-03T05:24:14.590Z,sell,5.6e-05,236.0,0.013216
NEBL/BTC,1591161909356,2020-06-03T05:25:09.356Z,sell,5.589e-05,3.0,0.00016767
NEBL/BTC,1591161909356,2020-06-03T05:25:09.356Z,sell,5.588e-05,30.0,0.0016764
NEBL/BTC,1591162750737,2020-06-03T05:39:10.737Z,buy,5.605e-05,3.0,0.00016815
NEBL/BTC,1591163084301,2020-06-03T05:44:44.301Z,sell,5.588e-05,86.0,0.00480568
NEBL/BTC,1591163084301,2020-06-03T05:44:44.301Z,sell,5.587e-05,88.0,0.0049165599999999
NEBL/BTC,1591163681456,2020-06-03T05:54:41.456Z,sell,5.592e-05,43.0,0.00240456
NEBL/BTC,1591163927230,2020-06-03T05:58:47.230Z,buy,5.605e-05,1.0,5.605e-05
NEBL/BTC,1591163927230,2020-06-03T05:58:47.230Z,buy,5.605e-05,1.0,5.605e-05
NEBL/BTC,1591164091834,2020-06-03T06:01:31.834Z,buy,5.61e-05,1.0,5.61e-05
NEBL/BTC,1591164162628,2020-06-03T06:02:42.628Z,buy,5.597e-05,2.0,0.00011194
NEBL/BTC,1591164162628,2020-06-03T06:02:42.628Z,buy,5.598e-05,1.0,5.598e-05
NEBL/BTC,1591164200623,2020-06-03T06:03:20.623Z,buy,5.61e-05,1.0,5.61e-05
NEBL/BTC,1591164718012,2020-06-03T06:11:58.012Z,buy,5.609e-05,3.0,0.0001682699999999
NEBL/BTC,1591164718012,2020-06-03T06:11:58.012Z,buy,5.612e-05,3.0,0.00016836
NEBL/BTC,1591164718012,2020-06-03T06:11:58.012Z,buy,5.619e-05,3.0,0.00016857
NEBL/BTC,1591164718012,2020-06-03T06:11:58.012Z,buy,5.623e-05,3.0,0.00016869
NEBL/BTC,1591164718012,2020-06-03T06:11:58.012Z,buy,5.624e-05,3.0,0.00016872
NEBL/BTC,1591164718012,2020-06-03T06:11:58.012Z,buy,5.626e-05,3.0,0.00016878
NEBL/BTC,1591164718012,2020-06-03T06:11:58.012Z,buy,5.628e-05,3.0,0.00016884
NEBL/BTC,1591164718012,2020-06-03T06:11:58.012Z,buy,5.631e-05,9.0,0.00050679
NEBL/BTC,1591165041620,2020-06-03T06:17:21.620Z,buy,5.611e-05,3.0,0.00016833
NEBL/BTC,1591165051090,2020-06-03T06:17:31.090Z,sell,5.593e-05,2.0,0.00011186
NEBL/BTC,1591165147273,2020-06-03T06:19:07.273Z,sell,5.593e-05,24.0,0.00134232
NEBL/BTC,1591165765372,2020-06-03T06:29:25.372Z,sell,5.594e-05,53.0,0.00296482
NEBL/BTC,1591165963837,2020-06-03T06:32:43.837Z,buy,5.608e-05,2.0,0.00011216
NEBL/BTC,1591166219904,2020-06-03T06:36:59.904Z,sell,5.608e-05,10.0,0.0005608
NEBL/BTC,1591166428817,2020-06-03T06:40:28.817Z,buy,5.609e-05,3.0,0.0001682699999999
NEBL/BTC,1591166474458,2020-06-03T06:41:14.458Z,buy,5.609e-05,2.0,0.00011218
NEBL/BTC,1591166474476,2020-06-03T06:41:14.476Z,sell,5.609e-05,398.0,0.02232382
NEBL/BTC,1591166527339,2020-06-03T06:42:07.339Z,sell,5.596e-05,372.0,0.02081712
NEBL/BTC,1591166894744,2020-06-03T06:48:14.744Z,buy,5.612e-05,749.0,0.0420338799999999
NEBL/BTC,1591166924445,2020-06-03T06:48:44.445Z,sell,5.612e-05,12.0,0.00067344
NEBL/BTC,1591166963144,2020-06-03T06:49:23.144Z,sell,5.612e-05,53.0,0.0029743599999999
NEBL/BTC,1591167044136,2020-06-03T06:50:44.136Z,sell,5.612e-05,51.0,0.00286212
NEBL/BTC,1591167044138,2020-06-03T06:50:44.138Z,sell,5.612e-05,351.0,0.01969812
NEBL/BTC,1591167044139,2020-06-03T06:50:44.139Z,sell,5.612e-05,19.0,0.00106628
NEBL/BTC,1591167044140,2020-06-03T06:50:44.140Z,sell,5.612e-05,19.0,0.00106628
NEBL/BTC,1591167088320,2020-06-03T06:51:28.320Z,sell,5.612e-05,109.0,0.00611708
NEBL/BTC,1591167272421,2020-06-03T06:54:32.421Z,sell,5.613e-05,110.0,0.0061743
NEBL/BTC,1591167312085,2020-06-03T06:55:12.085Z,sell,5.613e-05,140.0,0.0078582
NEBL/BTC,1591167345286,2020-06-03T06:55:45.286Z,sell,5.612e-05,2.0,0.00011224
NEBL/BTC,1591167509143,2020-06-03T06:58:29.143Z,sell,5.612e-05,19.0,0.00106628
NEBL/BTC,1591167509143,2020-06-03T06:58:29.143Z,sell,5.612e-05,19.0,0.00106628
NEBL/BTC,1591167540352,2020-06-03T06:59:00.352Z,sell,5.612e-05,142.0,0.00796904
NEBL/BTC,1591167576319,2020-06-03T06:59:36.319Z,sell,5.612e-05,19.0,0.00106628
NEBL/BTC,1591167651021,2020-06-03T07:00:51.021Z,buy,5.626e-05,4.0,0.00022504
NEBL/BTC,1591167651031,2020-06-03T07:00:51.031Z,sell,5.626e-05,14.0,0.00078764
NEBL/BTC,1591167664134,2020-06-03T07:01:04.134Z,sell,5.618e-05,18.0,0.00101124
NEBL/BTC,1591167831673,2020-06-03T07:03:51.673Z,sell,5.613e-05,43.0,0.00241359
NEBL/BTC,1591167913145,2020-06-03T07:05:13.145Z,sell,5.612e-05,19.0,0.00106628
NEBL/BTC,1591167913145,2020-06-03T07:05:13.145Z,sell,5.612e-05,19.0,0.00106628
NEBL/BTC,1591167922182,2020-06-03T07:05:22.182Z,sell,5.612e-05,24.0,0.00134688
NEBL/BTC,1591167944140,2020-06-03T07:05:44.140Z,sell,5.612e-05,19.0,0.00106628
NEBL/BTC,1591167944141,2020-06-03T07:05:44.141Z,sell,5.612e-05,19.0,0.00106628
NEBL/BTC,1591167965828,2020-06-03T07:06:05.828Z,sell,5.613e-05,4.0,0.00022452
NEBL/BTC,1591168161127,2020-06-03T07:09:21.127Z,sell,5.612e-05,19.0,0.00106628
NEBL/BTC,1591168161132,2020-06-03T07:09:21.132Z,sell,5.612e-05,19.0,0.00106628
NEBL/BTC,1591168207048,2020-06-03T07:10:07.048Z,buy,5.626e-05,2.0,0.00011252
NEBL/BTC,1591168208386,2020-06-03T07:10:08.386Z,sell,5.619e-05,2.0,0.00011238
NEBL/BTC,1591168254152,2020-06-03T07:10:54.152Z,sell,5.612e-05,19.0,0.00106628
NEBL/BTC,1591168254156,2020-06-03T07:10:54.156Z,sell,5.612e-05,19.0,0.00106628
NEBL/BTC,1591168401083,2020-06-03T07:13:21.083Z,sell,5.613e-05,79.0,0.00443427
NEBL/BTC,1591168796452,2020-06-03T07:19:56.452Z,sell,5.613e-05,23.0,0.0012909899999999
NEBL/BTC,1591168878244,2020-06-03T07:21:18.244Z,sell,5.613e-05,6.0,0.00033678
NEBL/BTC,1591168928692,2020-06-03T07:22:08.692Z,sell,5.613e-05,51.0,0.00286263
NEBL/BTC,1591169602025,2020-06-03T07:33:22.025Z,sell,5.613e-05,35.0,0.00196455
NEBL/BTC,1591169620132,2020-06-03T07:33:40.132Z,sell,5.613e-05,19.0,0.00106647
NEBL/BTC,1591169620133,2020-06-03T07:33:40.133Z,sell,5.613e-05,19.0,0.00106647
NEBL/BTC,1591169699367,2020-06-03T07:34:59.367Z,buy,5.622e-05,1.0,5.622e-05
NEBL/BTC,1591169790299,2020-06-03T07:36:30.299Z,buy,5.616e-05,1.0,5.616e-05
NEBL/BTC,1591169815285,2020-06-03T07:36:55.285Z,sell,5.613e-05,2.0,0.00011226
NEBL/BTC,1591170841211,2020-06-03T07:54:01.211Z,buy,5.622e-05,23.0,0.00129306
NEBL/BTC,1591170861130,2020-06-03T07:54:21.130Z,sell,5.613e-05,31.0,0.00174003
NEBL/BTC,1591170861130,2020-06-03T07:54:21.130Z,sell,5.613e-05,31.0,0.00174003
NEBL/BTC,1591171124117,2020-06-03T07:58:44.117Z,buy,5.626e-05,3.0,0.00016878
NEBL/BTC,1591171124132,2020-06-03T07:58:44.132Z,sell,5.626e-05,15.0,0.0008439
NEBL/BTC,1591171139450,2020-06-03T07:58:59.450Z,buy,5.627e-05,135.0,0.00759645
NEBL/BTC,1591171139450,2020-06-03T07:58:59.450Z,buy,5.628e-05,3.0,0.00016884
NEBL/BTC,1591171139450,2020-06-03T07:58:59.450Z,buy,5.632e-05,102.0,0.00574464
NEBL/BTC,1591171139450,2020-06-03T07:58:59.450Z,buy,5.635e-05,3.0,0.00016905
NEBL/BTC,1591171139450,2020-06-03T07:58:59.450Z,buy,5.637e-05,6.0,0.0003382199999999
NEBL/BTC,1591171139450,2020-06-03T07:58:59.450Z,buy,5.638e-05,7.0,0.00039466
NEBL/BTC,1591171139450,2020-06-03T07:58:59.450Z,buy,5.639e-05,3.0,0.00016917
NEBL/BTC,1591171139450,2020-06-03T07:58:59.450Z,buy,5.64e-05,192.0,0.0108288
NEBL/BTC,1591171139450,2020-06-03T07:58:59.450Z,buy,5.641e-05,830.0,0.0468202999999999
NEBL/BTC,1591171139450,2020-06-03T07:58:59.450Z,buy,5.643e-05,304.0,0.01715472
NEBL/BTC,1591171139450,2020-06-03T07:58:59.450Z,buy,5.644e-05,3.0,0.00016932
NEBL/BTC,1591171139450,2020-06-03T07:58:59.450Z,buy,5.645e-05,74.0,0.0041773
NEBL/BTC,1591171139450,2020-06-03T07:58:59.450Z,buy,5.651e-05,920.0,0.0519892
NEBL/BTC,1591171139450,2020-06-03T07:58:59.450Z,buy,5.652e-05,38.0,0.00214776
NEBL/BTC,1591171139450,2020-06-03T07:58:59.450Z,buy,5.653e-05,3.0,0.00016959
NEBL/BTC,1591171139450,2020-06-03T07:58:59.450Z,buy,5.654e-05,9.0,0.00050886
NEBL/BTC,1591171139450,2020-06-03T07:58:59.450Z,buy,5.656e-05,15.0,0.0008484
NEBL/BTC,1591171150403,2020-06-03T07:59:10.403Z,buy,5.655e-05,2.0,0.0001131
NEBL/BTC,1591171264894,2020-06-03T08:01:04.894Z,buy,5.655e-05,35.0,0.00197925
NEBL/BTC,1591171419413,2020-06-03T08:03:39.413Z,sell,5.618e-05,18.0,0.00101124
NEBL/BTC,1591171419413,2020-06-03T08:03:39.413Z,sell,5.617e-05,3.0,0.00016851
NEBL/BTC,1591171419413,2020-06-03T08:03:39.413Z,sell,5.614e-05,2.0,0.00011228
NEBL/BTC,1591171455508,2020-06-03T08:04:15.508Z,buy,5.65e-05,2570.0,0.145205
NEBL/BTC,1591171485113,2020-06-03T08:04:45.113Z,sell,5.614e-05,14.0,0.00078596
NEBL/BTC,1591171487440,2020-06-03T08:04:47.440Z,sell,5.614e-05,5.0,0.0002807
NEBL/BTC,1591171702523,2020-06-03T08:08:22.523Z,sell,5.62e-05,8.0,0.0004496
NEBL/BTC,1591171702523,2020-06-03T08:08:22.523Z,sell,5.616e-05,35.0,0.0019656
NEBL/BTC,1591171702523,2020-06-03T08:08:22.523Z,sell,5.615e-05,554.0,0.0311071
NEBL/BTC,1591171702615,2020-06-03T08:08:22.615Z,sell,5.613e-05,546.0,0.03064698
NEBL/BTC,1591171702615,2020-06-03T08:08:22.615Z,sell,5.612e-05,1029.0,0.05774748
NEBL/BTC,1591171705653,2020-06-03T08:08:25.653Z,sell,5.612e-05,157.0,0.00881084
NEBL/BTC,1591171714735,2020-06-03T08:08:34.735Z,sell,5.612e-05,739.0,0.04147268
NEBL/BTC,1591171714735,2020-06-03T08:08:34.735Z,sell,5.606e-05,36.0,0.00201816
NEBL/BTC,1591171719616,2020-06-03T08:08:39.616Z,buy,5.606e-05,180.0,0.0100908
NEBL/BTC,1591171813839,2020-06-03T08:10:13.839Z,buy,5.636e-05,3.0,0.00016908
NEBL/BTC,1591171828612,2020-06-03T08:10:28.612Z,buy,5.636e-05,3.0,0.00016908
NEBL/BTC,1591172737201,2020-06-03T08:25:37.201Z,sell,5.605e-05,6.0,0.0003363
NEBL/BTC,1591172737201,2020-06-03T08:25:37.201Z,sell,5.604e-05,3.0,0.00016812
NEBL/BTC,1591172737201,2020-06-03T08:25:37.201Z,sell,5.603e-05,3.0,0.00016809
NEBL/BTC,1591172826294,2020-06-03T08:27:06.294Z,sell,5.597e-05,220.0,0.0123134
NEBL/BTC,1591172956830,2020-06-03T08:29:16.830Z,sell,5.603e-05,30.0,0.0016809
NEBL/BTC,1591172956830,2020-06-03T08:29:16.830Z,sell,5.597e-05,104.0,0.00582088
NEBL/BTC,1591172956851,2020-06-03T08:29:16.851Z,buy,5.597e-05,99.0,0.00554103
NEBL/BTC,1591172967584,2020-06-03T08:29:27.584Z,buy,5.626e-05,2.0,0.00011252
NEBL/BTC,1591172993946,2020-06-03T08:29:53.946Z,buy,5.627e-05,3.0,0.00016881
NEBL/BTC,1591173194496,2020-06-03T08:33:14.496Z,buy,5.628e-05,19.0,0.00106932
NEBL/BTC,1591173259337,2020-06-03T08:34:19.337Z,buy,5.626e-05,2.0,0.00011252
NEBL/BTC,1591173260848,2020-06-03T08:34:20.848Z,sell,5.619e-05,2.0,0.00011238
NEBL/BTC,1591173825679,2020-06-03T08:43:45.679Z,buy,5.625e-05,9.0,0.00050625
NEBL/BTC,1591173884302,2020-06-03T08:44:44.302Z,buy,5.62e-05,3.0,0.0001685999999999
NEBL/BTC,1591174371263,2020-06-03T08:52:51.263Z,sell,5.607e-05,2.0,0.00011214
NEBL/BTC,1591174371263,2020-06-03T08:52:51.263Z,sell,5.596e-05,8.0,0.00044768
NEBL/BTC,1591174442367,2020-06-03T08:54:02.367Z,buy,5.619e-05,1.0,5.619e-05
NEBL/BTC,1591174442367,2020-06-03T08:54:02.367Z,buy,5.619e-05,1.0,5.619e-05
NEBL/BTC,1591174550076,2020-06-03T08:55:50.076Z,buy,5.62e-05,1.0,5.62e-05
NEBL/BTC,1591174554327,2020-06-03T08:55:54.327Z,buy,5.62e-05,20.0,0.001124
NEBL/BTC,1591174563088,2020-06-03T08:56:03.088Z,sell,5.596e-05,19.0,0.00106324
NEBL/BTC,1591174609063,2020-06-03T08:56:49.063Z,sell,5.597e-05,13.0,0.00072761
NEBL/BTC,1591174785149,2020-06-03T08:59:45.149Z,buy,5.62e-05,24.0,0.0013487999999999
NEBL/BTC,1591175343162,2020-06-03T09:09:03.162Z,buy,5.619e-05,3.0,0.00016857
NEBL/BTC,1591175343162,2020-06-03T09:09:03.162Z,buy,5.62e-05,16.0,0.0008992
NEBL/BTC,1591175374145,2020-06-03T09:09:34.145Z,buy,5.62e-05,5.0,0.000281
NEBL/BTC,1591175531718,2020-06-03T09:12:11.718Z,sell,5.606e-05,196.0,0.01098776
NEBL/BTC,1591176910776,2020-06-03T09:35:10.776Z,sell,5.61e-05,70.0,0.003927
NEBL/BTC,1591176910776,2020-06-03T09:35:10.776Z,sell,5.604e-05,141.0,0.00790164
NEBL/BTC,1591176966710,2020-06-03T09:36:06.710Z,buy,5.618e-05,3.0,0.00016854
NEBL/BTC,1591176973460,2020-06-03T09:36:13.460Z,sell,5.604e-05,15.0,0.0008405999999999
NEBL/BTC,1591177698497,2020-06-03T09:48:18.497Z,buy,5.619e-05,3.0,0.00016857
NEBL/BTC,1591177698497,2020-06-03T09:48:18.497Z,buy,5.632e-05,43.0,0.00242176
NEBL/BTC,1591177698497,2020-06-03T09:48:18.497Z,buy,5.635e-05,3.0,0.00016905
NEBL/BTC,1591177698497,2020-06-03T09:48:18.497Z,buy,5.636e-05,156.0,0.00879216
NEBL/BTC,1591177943568,2020-06-03T09:52:23.568Z,buy,5.63e-05,2.0,0.0001126
NEBL/BTC,1591177943576,2020-06-03T09:52:23.576Z,sell,5.63e-05,440.0,0.024772
NEBL/BTC,1591177943576,2020-06-03T09:52:23.576Z,sell,5.63e-05,440.0,0.024772
NEBL/BTC,1591178479425,2020-06-03T10:01:19.425Z,buy,5.636e-05,1.0,5.636e-05
NEBL/BTC,1591178540135,2020-06-03T10:02:20.135Z,buy,5.637e-05,34.0,0.00191658
NEBL/BTC,1591178551771,2020-06-03T10:02:31.771Z,buy,5.637e-05,131.0,0.00738447
NEBL/BTC,1591178624175,2020-06-03T10:03:44.175Z,buy,5.637e-05,548.0,0.03089076
NEBL/BTC,1591178727120,2020-06-03T10:05:27.120Z,buy,5.637e-05,24.0,0.0013528799999999
NEBL/BTC,1591178727124,2020-06-03T10:05:27.124Z,buy,5.637e-05,24.0,0.0013528799999999
NEBL/BTC,1591178727124,2020-06-03T10:05:27.124Z,buy,5.637e-05,24.0,0.0013528799999999
NEBL/BTC,1591178976400,2020-06-03T10:09:36.400Z,buy,5.637e-05,914.0,0.05152218
NEBL/BTC,1591178976408,2020-06-03T10:09:36.408Z,sell,5.637e-05,31.0,0.0017474699999999
NEBL/BTC,1591178976408,2020-06-03T10:09:36.408Z,sell,5.637e-05,207.0,0.01166859
NEBL/BTC,1591178993300,2020-06-03T10:09:53.300Z,sell,5.637e-05,435.0,0.02452095
NEBL/BTC,1591179986364,2020-06-03T10:26:26.364Z,buy,5.644e-05,1.0,5.644e-05
NEBL/BTC,1591180832240,2020-06-03T10:40:32.240Z,sell,5.618e-05,35.0,0.0019663
NEBL/BTC,1591180832240,2020-06-03T10:40:32.240Z,sell,5.61e-05,35.0,0.0019635
NEBL/BTC,1591180832240,2020-06-03T10:40:32.240Z,sell,5.604e-05,64.0,0.00358656
NEBL/BTC,1591180960768,2020-06-03T10:42:40.768Z,buy,5.629e-05,1.0,5.629e-05
NEBL/BTC,1591180972122,2020-06-03T10:42:52.122Z,buy,5.629e-05,1.0,5.629e-05
NEBL/BTC,1591180972122,2020-06-03T10:42:52.122Z,buy,5.629e-05,1.0,5.629e-05
NEBL/BTC,1591181661643,2020-06-03T10:54:21.643Z,sell,5.612e-05,273.0,0.01532076
NEBL/BTC,1591181661643,2020-06-03T10:54:21.643Z,sell,5.611e-05,170.0,0.0095387
NEBL/BTC,1591181661643,2020-06-03T10:54:21.643Z,sell,5.606e-05,486.0,0.02724516
NEBL/BTC,1591181661643,2020-06-03T10:54:21.643Z,sell,5.604e-05,71.0,0.00397884
NEBL/BTC,1591181859315,2020-06-03T10:57:39.315Z,buy,5.643e-05,1111.0,0.06269373
NEBL/BTC,1591181859315,2020-06-03T10:57:39.315Z,buy,5.644e-05,2.0,0.00011288
NEBL/BTC,1591181859315,2020-06-03T10:57:39.315Z,buy,5.645e-05,6.0,0.0003387
NEBL/BTC,1591181859315,2020-06-03T10:57:39.315Z,buy,5.652e-05,35.0,0.0019782
NEBL/BTC,1591181859315,2020-06-03T10:57:39.315Z,buy,5.653e-05,3.0,0.00016959
NEBL/BTC,1591181859315,2020-06-03T10:57:39.315Z,buy,5.654e-05,3.0,0.00016962
NEBL/BTC,1591181859315,2020-06-03T10:57:39.315Z,buy,5.655e-05,108.0,0.0061074
NEBL/BTC,1591181859315,2020-06-03T10:57:39.315Z,buy,5.656e-05,109.0,0.00616504
NEBL/BTC,1591181859315,2020-06-03T10:57:39.315Z,buy,5.658e-05,3.0,0.0001697399999999
NEBL/BTC,1591181859315,2020-06-03T10:57:39.315Z,buy,5.661e-05,272.0,0.01539792
NEBL/BTC,1591181859315,2020-06-03T10:57:39.315Z,buy,5.662e-05,3.0,0.0001698599999999
NEBL/BTC,1591181859315,2020-06-03T10:57:39.315Z,buy,5.663e-05,3.0,0.00016989
NEBL/BTC,1591181859315,2020-06-03T10:57:39.315Z,buy,5.67e-05,503.0,0.0285201
NEBL/BTC,1591181859315,2020-06-03T10:57:39.315Z,buy,5.671e-05,203.0,0.0115121299999999
NEBL/BTC,1591181859315,2020-06-03T10:57:39.315Z,buy,5.672e-05,3.0,0.0001701599999999
NEBL/BTC,1591181859402,2020-06-03T10:57:39.402Z,buy,5.68e-05,38.0,0.0021584
NEBL/BTC,1591181861218,2020-06-03T10:57:41.218Z,buy,5.681e-05,3.0,0.00017043
NEBL/BTC,1591181861218,2020-06-03T10:57:41.218Z,buy,5.683e-05,10.0,0.0005683
NEBL/BTC,1591181861218,2020-06-03T10:57:41.218Z,buy,5.684e-05,3.0,0.00017052
NEBL/BTC,1591181862123,2020-06-03T10:57:42.123Z,buy,5.689e-05,1.0,5.689e-05
NEBL/BTC,1591181867747,2020-06-03T10:57:47.747Z,sell,5.667e-05,100.0,0.005667
NEBL/BTC,1591181921330,2020-06-03T10:58:41.330Z,sell,5.654e-05,23.0,0.00130042
NEBL/BTC,1591181922312,2020-06-03T10:58:42.312Z,sell,5.654e-05,11.0,0.00062194
NEBL/BTC,1591181922312,2020-06-03T10:58:42.312Z,sell,5.65e-05,344.0,0.019436
NEBL/BTC,1591181924109,2020-06-03T10:58:44.109Z,buy,5.664e-05,2.0,0.00011328
NEBL/BTC,1591181925763,2020-06-03T10:58:45.763Z,sell,5.649e-05,3.0,0.00016947
NEBL/BTC,1591181925763,2020-06-03T10:58:45.763Z,sell,5.636e-05,3.0,0.00016908
NEBL/BTC,1591181925763,2020-06-03T10:58:45.763Z,sell,5.625e-05,79.0,0.00444375
NEBL/BTC,1591181925763,2020-06-03T10:58:45.763Z,sell,5.623e-05,3.0,0.00016869
NEBL/BTC,1591181925763,2020-06-03T10:58:45.763Z,sell,5.622e-05,216.0,0.01214352
NEBL/BTC,1591181951415,2020-06-03T10:59:11.415Z,buy,5.657e-05,3.0,0.00016971
NEBL/BTC,1591181955119,2020-06-03T10:59:15.119Z,sell,5.657e-05,2.0,0.00011314
NEBL/BTC,1591181975592,2020-06-03T10:59:35.592Z,buy,5.658e-05,151.0,0.00854358
NEBL/BTC,1591181975592,2020-06-03T10:59:35.592Z,buy,5.67e-05,3.0,0.0001701
NEBL/BTC,1591181975592,2020-06-03T10:59:35.592Z,buy,5.683e-05,3.0,0.00017049
NEBL/BTC,1591181975592,2020-06-03T10:59:35.592Z,buy,5.688e-05,90.0,0.0051192
NEBL/BTC,1591181975592,2020-06-03T10:59:35.592Z,buy,5.689e-05,504.0,0.02867256
NEBL/BTC,1591181975602,2020-06-03T10:59:35.602Z,buy,5.69e-05,56.0,0.0031864
NEBL/BTC,1591181975602,2020-06-03T10:59:35.602Z,buy,5.692e-05,164.0,0.00933488
NEBL/BTC,1591181975688,2020-06-03T10:59:35.688Z,buy,5.692e-05,12.0,0.00068304
NEBL/BTC,1591181978871,2020-06-03T10:59:38.871Z,buy,5.697e-05,3.0,0.00017091
NEBL/BTC,1591181978871,2020-06-03T10:59:38.871Z,buy,5.698e-05,122.0,0.00695156
NEBL/BTC,1591181978871,2020-06-03T10:59:38.871Z,buy,5.699e-05,8.0,0.00045592
NEBL/BTC,1591181979663,2020-06-03T10:59:39.663Z,buy,5.695e-05,34.0,0.0019363
NEBL/BTC,1591181984338,2020-06-03T10:59:44.338Z,buy,5.695e-05,221.0,0.01258595
NEBL/BTC,1591181984508,2020-06-03T10:59:44.508Z,buy,5.7e-05,2.0,0.000114
NEBL/BTC,1591181994787,2020-06-03T10:59:54.787Z,sell,5.661e-05,3.0,0.00016983
NEBL/BTC,1591181994787,2020-06-03T10:59:54.787Z,sell,5.658e-05,85.0,0.0048093
NEBL/BTC,1591181994787,2020-06-03T10:59:54.787Z,sell,5.657e-05,10.0,0.0005657
NEBL/BTC,1591181994787,2020-06-03T10:59:54.787Z,sell,5.652e-05,35.0,0.0019782
NEBL/BTC,1591181994787,2020-06-03T10:59:54.787Z,sell,5.648e-05,3.0,0.00016944
NEBL/BTC,1591181994787,2020-06-03T10:59:54.787Z,sell,5.641e-05,9.0,0.00050769
NEBL/BTC,1591182088367,2020-06-03T11:01:28.367Z,buy,5.682e-05,5.0,0.0002841
NEBL/BTC,1591182088367,2020-06-03T11:01:28.367Z,buy,5.691e-05,85.0,0.00483735
NEBL/BTC,1591182088367,2020-06-03T11:01:28.367Z,buy,5.692e-05,125.0,0.007115
NEBL/BTC,1591182088367,2020-06-03T11:01:28.367Z,buy,5.695e-05,245.0,0.01395275
NEBL/BTC,1591182088367,2020-06-03T11:01:28.367Z,buy,5.696e-05,501.0,0.02853696
NEBL/BTC,1591182088367,2020-06-03T11:01:28.367Z,buy,5.7e-05,242.0,0.013794
NEBL/BTC,1591182088367,2020-06-03T11:01:28.367Z,buy,5.707e-05,35.0,0.00199745
NEBL/BTC,1591182088367,2020-06-03T11:01:28.367Z,buy,5.708e-05,259.0,0.01478372
NEBL/BTC,1591182088367,2020-06-03T11:01:28.367Z,buy,5.709e-05,1012.0,0.05777508
NEBL/BTC,1591182088367,2020-06-03T11:01:28.367Z,buy,5.71e-05,3.0,0.0001713
NEBL/BTC,1591182088367,2020-06-03T11:01:28.367Z,buy,5.712e-05,837.0,0.04780944
NEBL/BTC,1591182088367,2020-06-03T11:01:28.367Z,buy,5.713e-05,15.0,0.00085695
NEBL/BTC,1591182088367,2020-06-03T11:01:28.367Z,buy,5.717e-05,6.0,0.00034302
NEBL/BTC,1591182088367,2020-06-03T11:01:28.367Z,buy,5.719e-05,35.0,0.00200165
NEBL/BTC,1591182088367,2020-06-03T11:01:28.367Z,buy,5.72e-05,506.0,0.0289432
NEBL/BTC,1591182088367,2020-06-03T11:01:28.367Z,buy,5.72e-05,853.0,0.0487916
NEBL/BTC,1591182088367,2020-06-03T11:01:28.367Z,buy,5.723e-05,48.0,0.00274704
NEBL/BTC,1591182088405,2020-06-03T11:01:28.405Z,buy,5.726e-05,6.0,0.0003435599999999
NEBL/BTC,1591182088448,2020-06-03T11:01:28.448Z,buy,5.729e-05,6.0,0.00034374
NEBL/BTC,1591182088448,2020-06-03T11:01:28.448Z,buy,5.732e-05,35.0,0.0020062
NEBL/BTC,1591182088448,2020-06-03T11:01:28.448Z,buy,5.735e-05,6.0,0.0003440999999999
NEBL/BTC,1591182088448,2020-06-03T11:01:28.448Z,buy,5.736e-05,3.0,0.00017208
NEBL/BTC,1591182088448,2020-06-03T11:01:28.448Z,buy,5.739e-05,1014.0,0.0581934599999999
NEBL/BTC,1591182088448,2020-06-03T11:01:28.448Z,buy,5.745e-05,20.0,0.001149
NEBL/BTC,1591182088448,2020-06-03T11:01:28.448Z,buy,5.746e-05,145.0,0.0083317
NEBL/BTC,1591182088448,2020-06-03T11:01:28.448Z,buy,5.747e-05,5.0,0.0002873499999999
NEBL/BTC,1591182088448,2020-06-03T11:01:28.448Z,buy,5.749e-05,171.0,0.00983079
NEBL/BTC,1591182088448,2020-06-03T11:01:28.448Z,buy,5.75e-05,254.0,0.014605
NEBL/BTC,1591182088448,2020-06-03T11:01:28.448Z,buy,5.752e-05,140.0,0.0080528
NEBL/BTC,1591182088448,2020-06-03T11:01:28.448Z,buy,5.762e-05,3.0,0.00017286
NEBL/BTC,1591182088448,2020-06-03T11:01:28.448Z,buy,5.765e-05,122.0,0.0070333
NEBL/BTC,1591182088448,2020-06-03T11:01:28.448Z,buy,5.766e-05,4.0,0.00023064
NEBL/BTC,1591182088448,2020-06-03T11:01:28.448Z,buy,5.767e-05,3.0,0.00017301
NEBL/BTC,1591182088448,2020-06-03T11:01:28.448Z,buy,5.77e-05,39.0,0.0022502999999999
NEBL/BTC,1591182088448,2020-06-03T11:01:28.448Z,buy,5.772e-05,34.0,0.00196248
NEBL/BTC,1591182088448,2020-06-03T11:01:28.448Z,buy,5.773e-05,16.0,0.00092368
NEBL/BTC,1591182088448,2020-06-03T11:01:28.448Z,buy,5.775e-05,573.0,0.03309075
NEBL/BTC,1591182088448,2020-06-03T11:01:28.448Z,buy,5.782e-05,85.0,0.0049147
NEBL/BTC,1591182088448,2020-06-03T11:01:28.448Z,buy,5.788e-05,3.0,0.00017364
NEBL/BTC,1591182088448,2020-06-03T11:01:28.448Z,buy,5.789e-05,311.0,0.01800379
NEBL/BTC,1591182091487,2020-06-03T11:01:31.487Z,buy,5.788e-05,4.0,0.00023152
NEBL/BTC,1591182091781,2020-06-03T11:01:31.781Z,buy,5.788e-05,5.0,0.0002894
NEBL/BTC,1591182091866,2020-06-03T11:01:31.866Z,buy,5.788e-05,5.0,0.0002894
NEBL/BTC,1591182093901,2020-06-03T11:01:33.901Z,sell,5.733e-05,376.0,0.02155608
NEBL/BTC,1591182094853,2020-06-03T11:01:34.853Z,sell,5.733e-05,41.0,0.00235053
NEBL/BTC,1591182094858,2020-06-03T11:01:34.858Z,buy,5.788e-05,2.0,0.00011576
NEBL/BTC,1591182099308,2020-06-03T11:01:39.308Z,sell,5.752e-05,3.0,0.00017256
NEBL/BTC,1591182099308,2020-06-03T11:01:39.308Z,sell,5.739e-05,3.0,0.00017217
NEBL/BTC,1591182099308,2020-06-03T11:01:39.308Z,sell,5.732e-05,31.0,0.00177692
NEBL/BTC,1591182100347,2020-06-03T11:01:40.347Z,sell,5.735e-05,25.0,0.00143375
NEBL/BTC,1591182103291,2020-06-03T11:01:43.291Z,buy,5.787e-05,6.0,0.0003472199999999
NEBL/BTC,1591182110215,2020-06-03T11:01:50.215Z,buy,5.787e-05,3.0,0.0001736099999999
NEBL/BTC,1591182111210,2020-06-03T11:01:51.210Z,sell,5.737e-05,83.0,0.00476171
NEBL/BTC,1591182113088,2020-06-03T11:01:53.088Z,sell,5.732e-05,723.0,0.04144236
NEBL/BTC,1591182114429,2020-06-03T11:01:54.429Z,sell,5.732e-05,92.0,0.00527344
NEBL/BTC,1591182144368,2020-06-03T11:02:24.368Z,buy,5.766e-05,3.0,0.00017298
NEBL/BTC,1591182156704,2020-06-03T11:02:36.704Z,buy,5.761e-05,6.0,0.00034566
NEBL/BTC,1591182157177,2020-06-03T11:02:37.177Z,buy,5.761e-05,22.0,0.00126742
NEBL/BTC,1591182157863,2020-06-03T11:02:37.863Z,buy,5.76e-05,9.0,0.0005184
NEBL/BTC,1591182190395,2020-06-03T11:03:10.395Z,buy,5.761e-05,9.0,0.00051849
NEBL/BTC,1591182219361,2020-06-03T11:03:39.361Z,buy,5.759e-05,3.0,0.00017277
NEBL/BTC,1591182231481,2020-06-03T11:03:51.481Z,buy,5.759e-05,3.0,0.00017277
NEBL/BTC,1591182273326,2020-06-03T11:04:33.326Z,buy,5.755e-05,65.0,0.00374075
NEBL/BTC,1591182273326,2020-06-03T11:04:33.326Z,buy,5.756e-05,219.0,0.01260564
NEBL/BTC,1591182277621,2020-06-03T11:04:37.621Z,buy,5.759e-05,95.0,0.00547105
NEBL/BTC,1591182297194,2020-06-03T11:04:57.194Z,sell,5.731e-05,21.0,0.0012035099999999
NEBL/BTC,1591182311620,2020-06-03T11:05:11.620Z,buy,5.738e-05,441.0,0.02530458
NEBL/BTC,1591182311736,2020-06-03T11:05:11.736Z,sell,5.742e-05,196.0,0.01125432
NEBL/BTC,1591182323130,2020-06-03T11:05:23.130Z,buy,5.74e-05,19.0,0.0010906
NEBL/BTC,1591182323130,2020-06-03T11:05:23.130Z,buy,5.74e-05,19.0,0.0010906
NEBL/BTC,1591182323135,2020-06-03T11:05:23.135Z,buy,5.74e-05,19.0,0.0010906
NEBL/BTC,1591182323140,2020-06-03T11:05:23.140Z,buy,5.74e-05,45.0,0.002583
NEBL/BTC,1591182329650,2020-06-03T11:05:29.650Z,buy,5.74e-05,3.0,0.0001722
NEBL/BTC,1591182356303,2020-06-03T11:05:56.303Z,buy,5.74e-05,6.0,0.0003444
NEBL/BTC,1591182366500,2020-06-03T11:06:06.500Z,buy,5.74e-05,19.0,0.0010906
NEBL/BTC,1591182372205,2020-06-03T11:06:12.205Z,buy,5.74e-05,2.0,0.0001148
NEBL/BTC,1591182378116,2020-06-03T11:06:18.116Z,buy,5.74e-05,291.0,0.0167034
NEBL/BTC,1591182378116,2020-06-03T11:06:18.116Z,buy,5.758e-05,3.0,0.00017274
NEBL/BTC,1591182378116,2020-06-03T11:06:18.116Z,buy,5.76e-05,2.0,0.0001152
NEBL/BTC,1591182378116,2020-06-03T11:06:18.116Z,buy,5.766e-05,3.0,0.00017298
NEBL/BTC,1591182378116,2020-06-03T11:06:18.116Z,buy,5.767e-05,57.0,0.00328719
NEBL/BTC,1591182443975,2020-06-03T11:07:23.975Z,buy,5.758e-05,2.0,0.00011516
NEBL/BTC,1591182472331,2020-06-03T11:07:52.331Z,buy,5.766e-05,480.0,0.0276768
NEBL/BTC,1591182514355,2020-06-03T11:08:34.355Z,buy,5.763e-05,4.0,0.00023052
NEBL/BTC,1591182515410,2020-06-03T11:08:35.410Z,buy,5.763e-05,31.0,0.00178653
NEBL/BTC,1591182518000,2020-06-03T11:08:38.000Z,buy,5.763e-05,34.0,0.00195942
NEBL/BTC,1591182520543,2020-06-03T11:08:40.543Z,buy,5.763e-05,39.0,0.00224757
NEBL/BTC,1591182520555,2020-06-03T11:08:40.555Z,buy,5.763e-05,38.0,0.00218994
NEBL/BTC,1591182523131,2020-06-03T11:08:43.131Z,buy,5.763e-05,35.0,0.00201705
NEBL/BTC,1591182525938,2020-06-03T11:08:45.938Z,buy,5.763e-05,31.0,0.00178653
NEBL/BTC,1591182525948,2020-06-03T11:08:45.948Z,buy,5.763e-05,31.0,0.00178653
NEBL/BTC,1591182529701,2020-06-03T11:08:49.701Z,buy,5.763e-05,5.0,0.00028815
NEBL/BTC,1591182533369,2020-06-03T11:08:53.369Z,buy,5.763e-05,4.0,0.00023052
NEBL/BTC,1591182640311,2020-06-03T11:10:40.311Z,sell,5.734e-05,186.0,0.01066524
NEBL/BTC,1591182649305,2020-06-03T11:10:49.305Z,buy,5.762e-05,3.0,0.00017286
NEBL/BTC,1591182724958,2020-06-03T11:12:04.958Z,sell,5.734e-05,71.0,0.00407114
NEBL/BTC,1591182732996,2020-06-03T11:12:12.996Z,sell,5.734e-05,114.0,0.00653676
NEBL/BTC,1591182799346,2020-06-03T11:13:19.346Z,sell,5.734e-05,151.0,0.00865834
NEBL/BTC,1591182803087,2020-06-03T11:13:23.087Z,sell,5.734e-05,20.0,0.0011468
NEBL/BTC,1591182881305,2020-06-03T11:14:41.305Z,sell,5.734e-05,15.0,0.0008601
NEBL/BTC,1591183020584,2020-06-03T11:17:00.584Z,sell,5.734e-05,34.0,0.00194956
NEBL/BTC,1591183147408,2020-06-03T11:19:07.408Z,sell,5.734e-05,25.0,0.0014335
NEBL/BTC,1591183269577,2020-06-03T11:21:09.577Z,sell,5.734e-05,183.0,0.01049322
NEBL/BTC,1591183269585,2020-06-03T11:21:09.585Z,buy,5.734e-05,967.0,0.05544778
NEBL/BTC,1591183803837,2020-06-03T11:30:03.837Z,buy,5.751e-05,1.0,5.751e-05
NEBL/BTC,1591184048106,2020-06-03T11:34:08.106Z,buy,5.75e-05,18.0,0.001035
NEBL/BTC,1591184134111,2020-06-03T11:35:34.111Z,buy,5.75e-05,4.0,0.00023
NEBL/BTC,1591184252154,2020-06-03T11:37:32.154Z,buy,5.75e-05,19.0,0.0010925
NEBL/BTC,1591184307350,2020-06-03T11:38:27.350Z,sell,5.741e-05,3.0,0.00017223
NEBL/BTC,1591184307350,2020-06-03T11:38:27.350Z,sell,5.733e-05,1.0,5.733e-05
NEBL/BTC,1591184309595,2020-06-03T11:38:29.595Z,sell,5.733e-05,1.0,5.733e-05
NEBL/BTC,1591184309595,2020-06-03T11:38:29.595Z,sell,5.732e-05,3.0,0.00017196
NEBL/BTC,1591184309595,2020-06-03T11:38:29.595Z,sell,5.73e-05,10.0,0.0005729999999999
NEBL/BTC,1591184420668,2020-06-03T11:40:20.668Z,sell,5.73e-05,42.0,0.0024066
NEBL/BTC,1591184420668,2020-06-03T11:40:20.668Z,sell,5.723e-05,45.0,0.00257535
NEBL/BTC,1591184420668,2020-06-03T11:40:20.668Z,sell,5.722e-05,3.0,0.00017166
NEBL/BTC,1591184420668,2020-06-03T11:40:20.668Z,sell,5.713e-05,3.0,0.00017139
NEBL/BTC,1591184420668,2020-06-03T11:40:20.668Z,sell,5.709e-05,3.0,0.00017127
NEBL/BTC,1591184420668,2020-06-03T11:40:20.668Z,sell,5.703e-05,404.0,0.02304012
NEBL/BTC,1591184420668,2020-06-03T11:40:20.668Z,sell,5.703e-05,18.0,0.00102654
NEBL/BTC,1591184427154,2020-06-03T11:40:27.154Z,sell,5.71e-05,22.0,0.0012562
NEBL/BTC,1591184444380,2020-06-03T11:40:44.380Z,buy,5.737e-05,6.0,0.00034422
NEBL/BTC,1591184468130,2020-06-03T11:41:08.130Z,buy,5.738e-05,3.0,0.00017214
NEBL/BTC,1591184469539,2020-06-03T11:41:09.539Z,buy,5.72e-05,19.0,0.0010868
NEBL/BTC,1591184469552,2020-06-03T11:41:09.552Z,buy,5.72e-05,19.0,0.0010868
NEBL/BTC,1591184496133,2020-06-03T11:41:36.133Z,buy,5.72e-05,19.0,0.0010868
NEBL/BTC,1591184496138,2020-06-03T11:41:36.138Z,buy,5.72e-05,19.0,0.0010868
NEBL/BTC,1591184496140,2020-06-03T11:41:36.140Z,buy,5.72e-05,19.0,0.0010868
NEBL/BTC,1591184505643,2020-06-03T11:41:45.643Z,buy,5.72e-05,3.0,0.0001716
NEBL/BTC,1591184509212,2020-06-03T11:41:49.212Z,buy,5.72e-05,3.0,0.0001716
NEBL/BTC,1591184509212,2020-06-03T11:41:49.212Z,buy,5.72e-05,3.0,0.0001716
NEBL/BTC,1591184588591,2020-06-03T11:43:08.591Z,buy,5.71e-05,3.0,0.0001713
NEBL/BTC,1591184591901,2020-06-03T11:43:11.901Z,buy,5.71e-05,3.0,0.0001713
NEBL/BTC,1591184718222,2020-06-03T11:45:18.222Z,buy,5.71e-05,24.0,0.0013704
NEBL/BTC,1591184718227,2020-06-03T11:45:18.227Z,buy,5.71e-05,24.0,0.0013704
NEBL/BTC,1591184718246,2020-06-03T11:45:18.246Z,buy,5.71e-05,24.0,0.0013704
NEBL/BTC,1591184739978,2020-06-03T11:45:39.978Z,buy,5.71e-05,2.0,0.0001142
NEBL/BTC,1591185475598,2020-06-03T11:57:55.598Z,buy,5.71e-05,4.0,0.0002284
NEBL/BTC,1591185557658,2020-06-03T11:59:17.658Z,buy,5.71e-05,4.0,0.0002284
NEBL/BTC,1591185727338,2020-06-03T12:02:07.338Z,buy,5.709e-05,13.0,0.00074217
NEBL/BTC,1591185728610,2020-06-03T12:02:08.610Z,buy,5.71e-05,2.0,0.0001142
NEBL/BTC,1591185731397,2020-06-03T12:02:11.397Z,buy,5.71e-05,4.0,0.0002284
NEBL/BTC,1591185971408,2020-06-03T12:06:11.408Z,buy,5.71e-05,4.0,0.0002284
NEBL/BTC,1591185971408,2020-06-03T12:06:11.408Z,buy,5.711e-05,249.0,0.01422039
NEBL/BTC,1591186028708,2020-06-03T12:07:08.708Z,sell,5.712e-05,2.0,0.00011424
NEBL/BTC,1591186378030,2020-06-03T12:12:58.030Z,sell,5.712e-05,15.0,0.0008568
NEBL/BTC,1591186378038,2020-06-03T12:12:58.038Z,buy,5.712e-05,5.0,0.0002856
NEBL/BTC,1591186515133,2020-06-03T12:15:15.133Z,buy,5.732e-05,3.0,0.00017196
NEBL/BTC,1591186518137,2020-06-03T12:15:18.137Z,buy,5.734e-05,3.0,0.00017202
NEBL/BTC,1591186922164,2020-06-03T12:22:02.164Z,buy,5.743e-05,8.0,0.00045944
NEBL/BTC,1591187015331,2020-06-03T12:23:35.331Z,buy,5.743e-05,2.0,0.00011486
NEBL/BTC,1591187028433,2020-06-03T12:23:48.433Z,buy,5.746e-05,3.0,0.00017238
NEBL/BTC,1591187046145,2020-06-03T12:24:06.145Z,sell,5.747e-05,25.0,0.0014367499999999
NEBL/BTC,1591187136137,2020-06-03T12:25:36.137Z,buy,5.748e-05,3.0,0.00017244
NEBL/BTC,1591187198128,2020-06-03T12:26:38.128Z,sell,5.75e-05,39.0,0.0022425
NEBL/BTC,1591187229127,2020-06-03T12:27:09.127Z,sell,5.75e-05,26.0,0.001495
NEBL/BTC,1591187229138,2020-06-03T12:27:09.138Z,sell,5.75e-05,3.0,0.0001725
NEBL/BTC,1591187353125,2020-06-03T12:29:13.125Z,sell,5.75e-05,38.0,0.002185
NEBL/BTC,1591187353139,2020-06-03T12:29:13.139Z,sell,5.75e-05,35.0,0.0020125
NEBL/BTC,1591187353158,2020-06-03T12:29:13.158Z,sell,5.75e-05,34.0,0.001955
NEBL/BTC,1591187353165,2020-06-03T12:29:13.165Z,sell,5.75e-05,24.0,0.00138
NEBL/BTC,1591187353173,2020-06-03T12:29:13.173Z,sell,5.75e-05,24.0,0.00138
NEBL/BTC,1591187353209,2020-06-03T12:29:13.209Z,sell,5.75e-05,19.0,0.0010925
NEBL/BTC,1591187379016,2020-06-03T12:29:39.016Z,buy,5.755e-05,3.0,0.00017265
NEBL/BTC,1591187388220,2020-06-03T12:29:48.220Z,sell,5.755e-05,6.0,0.0003453
NEBL/BTC,1591187419148,2020-06-03T12:30:19.148Z,sell,5.756e-05,38.0,0.0021872799999999
NEBL/BTC,1591187419223,2020-06-03T12:30:19.223Z,sell,5.756e-05,127.0,0.00731012
NEBL/BTC,1591187419336,2020-06-03T12:30:19.336Z,sell,5.755e-05,617.0,0.03550835
NEBL/BTC,1591187442267,2020-06-03T12:30:42.267Z,sell,5.755e-05,231.0,0.01329405
NEBL/BTC,1591187510649,2020-06-03T12:31:50.649Z,sell,5.755e-05,232.0,0.0133516
NEBL/BTC,1591187512667,2020-06-03T12:31:52.667Z,buy,5.757e-05,3.0,0.00017271
NEBL/BTC,1591187558970,2020-06-03T12:32:38.970Z,buy,5.758e-05,3.0,0.00017274
NEBL/BTC,1591187558970,2020-06-03T12:32:38.970Z,buy,5.766e-05,3.0,0.00017298
NEBL/BTC,1591187558970,2020-06-03T12:32:38.970Z,buy,5.767e-05,3.0,0.00017301
NEBL/BTC,1591187558970,2020-06-03T12:32:38.970Z,buy,5.768e-05,3.0,0.0001730399999999
NEBL/BTC,1591187558970,2020-06-03T12:32:38.970Z,buy,5.77e-05,3.0,0.0001731
NEBL/BTC,1591187558970,2020-06-03T12:32:38.970Z,buy,5.772e-05,6.0,0.00034632
NEBL/BTC,1591187569777,2020-06-03T12:32:49.777Z,buy,5.772e-05,28.0,0.00161616
NEBL/BTC,1591187569789,2020-06-03T12:32:49.789Z,sell,5.772e-05,200.0,0.011544
NEBL/BTC,1591187569853,2020-06-03T12:32:49.853Z,sell,5.772e-05,4.0,0.00023088
NEBL/BTC,1591187570126,2020-06-03T12:32:50.126Z,sell,5.772e-05,19.0,0.00109668
NEBL/BTC,1591187570129,2020-06-03T12:32:50.129Z,sell,5.772e-05,19.0,0.00109668
NEBL/BTC,1591187575246,2020-06-03T12:32:55.246Z,sell,5.772e-05,24.0,0.00138528
NEBL/BTC,1591187581145,2020-06-03T12:33:01.145Z,buy,5.776e-05,3.0,0.00017328
NEBL/BTC,1591187581145,2020-06-03T12:33:01.145Z,buy,5.777e-05,3.0,0.0001733099999999
NEBL/BTC,1591187581145,2020-06-03T12:33:01.145Z,buy,5.778e-05,3.0,0.00017334
NEBL/BTC,1591187581145,2020-06-03T12:33:01.145Z,buy,5.781e-05,11.0,0.00063591
NEBL/BTC,1591187581145,2020-06-03T12:33:01.145Z,buy,5.781e-05,9.0,0.00052029
NEBL/BTC,1591187584961,2020-06-03T12:33:04.961Z,buy,5.781e-05,6.0,0.00034686
NEBL/BTC,1591187584961,2020-06-03T12:33:04.961Z,buy,5.782e-05,3.0,0.00017346
NEBL/BTC,1591187584961,2020-06-03T12:33:04.961Z,buy,5.784e-05,11.0,0.00063624
NEBL/BTC,1591187584971,2020-06-03T12:33:04.971Z,sell,5.772e-05,19.0,0.00109668
NEBL/BTC,1591187586828,2020-06-03T12:33:06.828Z,buy,5.784e-05,118.0,0.00682512
NEBL/BTC,1591187589255,2020-06-03T12:33:09.255Z,buy,5.784e-05,20.0,0.0011568
NEBL/BTC,1591187593284,2020-06-03T12:33:13.284Z,buy,5.784e-05,12.0,0.00069408
NEBL/BTC,1591187593284,2020-06-03T12:33:13.284Z,buy,5.785e-05,8.0,0.0004628
NEBL/BTC,1591187596902,2020-06-03T12:33:16.902Z,buy,5.785e-05,20.0,0.001157
NEBL/BTC,1591187601118,2020-06-03T12:33:21.118Z,sell,5.772e-05,19.0,0.00109668
NEBL/BTC,1591187601121,2020-06-03T12:33:21.121Z,sell,5.772e-05,19.0,0.00109668
NEBL/BTC,1591187601125,2020-06-03T12:33:21.125Z,sell,5.772e-05,19.0,0.00109668
NEBL/BTC,1591187601143,2020-06-03T12:33:21.143Z,buy,5.785e-05,20.0,0.001157
NEBL/BTC,1591187601239,2020-06-03T12:33:21.239Z,sell,5.772e-05,31.0,0.00178932
NEBL/BTC,1591187604786,2020-06-03T12:33:24.786Z,buy,5.785e-05,20.0,0.001157
NEBL/BTC,1591187609146,2020-06-03T12:33:29.146Z,buy,5.785e-05,20.0,0.001157
NEBL/BTC,1591187613389,2020-06-03T12:33:33.389Z,buy,5.785e-05,20.0,0.001157
NEBL/BTC,1591187617141,2020-06-03T12:33:37.141Z,buy,5.785e-05,20.0,0.001157
NEBL/BTC,1591187621068,2020-06-03T12:33:41.068Z,buy,5.785e-05,20.0,0.001157
NEBL/BTC,1591187625028,2020-06-03T12:33:45.028Z,buy,5.785e-05,20.0,0.001157
NEBL/BTC,1591187629012,2020-06-03T12:33:49.012Z,buy,5.784e-05,20.0,0.0011568
NEBL/BTC,1591187632970,2020-06-03T12:33:52.970Z,buy,5.784e-05,20.0,0.0011568
NEBL/BTC,1591187641062,2020-06-03T12:34:01.062Z,buy,5.784e-05,20.0,0.0011568
NEBL/BTC,1591187641421,2020-06-03T12:34:01.421Z,buy,5.784e-05,21.0,0.00121464
NEBL/BTC,1591187641724,2020-06-03T12:34:01.724Z,buy,5.784e-05,21.0,0.00121464
NEBL/BTC,1591187642068,2020-06-03T12:34:02.068Z,buy,5.784e-05,21.0,0.00121464
NEBL/BTC,1591187642240,2020-06-03T12:34:02.240Z,buy,5.784e-05,21.0,0.00121464
NEBL/BTC,1591187642744,2020-06-03T12:34:02.744Z,buy,5.784e-05,21.0,0.00121464
NEBL/BTC,1591187643129,2020-06-03T12:34:03.129Z,buy,5.784e-05,21.0,0.00121464
NEBL/BTC,1591187643436,2020-06-03T12:34:03.436Z,buy,5.784e-05,21.0,0.00121464
NEBL/BTC,1591187643590,2020-06-03T12:34:03.590Z,buy,5.784e-05,21.0,0.00121464
NEBL/BTC,1591187643933,2020-06-03T12:34:03.933Z,buy,5.784e-05,21.0,0.00121464
NEBL/BTC,1591187644098,2020-06-03T12:34:04.098Z,buy,5.784e-05,16.0,0.00092544
NEBL/BTC,1591187644098,2020-06-03T12:34:04.098Z,buy,5.785e-05,5.0,0.00028925
NEBL/BTC,1591187698975,2020-06-03T12:34:58.975Z,buy,5.785e-05,345.0,0.01995825
NEBL/BTC,1591187756125,2020-06-03T12:35:56.125Z,sell,5.776e-05,19.0,0.00109744
NEBL/BTC,1591187756129,2020-06-03T12:35:56.129Z,sell,5.776e-05,19.0,0.00109744
NEBL/BTC,1591187862594,2020-06-03T12:37:42.594Z,sell,5.776e-05,93.0,0.00537168
NEBL/BTC,1591188002427,2020-06-03T12:40:02.427Z,sell,5.776e-05,19.0,0.00109744
NEBL/BTC,1591188003774,2020-06-03T12:40:03.774Z,sell,5.776e-05,35.0,0.0020216
NEBL/BTC,1591188003790,2020-06-03T12:40:03.790Z,sell,5.776e-05,4.0,0.00023104
NEBL/BTC,1591188003797,2020-06-03T12:40:03.797Z,sell,5.776e-05,38.0,0.00219488
NEBL/BTC,1591188006415,2020-06-03T12:40:06.415Z,sell,5.776e-05,12.0,0.00069312
NEBL/BTC,1591188009148,2020-06-03T12:40:09.148Z,sell,5.776e-05,72.0,0.00415872
NEBL/BTC,1591188023130,2020-06-03T12:40:23.130Z,buy,5.785e-05,2.0,0.0001157
NEBL/BTC,1591188023130,2020-06-03T12:40:23.130Z,buy,5.785e-05,2.0,0.0001157
NEBL/BTC,1591188159154,2020-06-03T12:42:39.154Z,sell,5.778e-05,2.0,0.00011556
NEBL/BTC,1591188159154,2020-06-03T12:42:39.154Z,sell,5.776e-05,17.0,0.00098192
NEBL/BTC,1591188257233,2020-06-03T12:44:17.233Z,sell,5.776e-05,72.0,0.00415872
NEBL/BTC,1591188315380,2020-06-03T12:45:15.380Z,sell,5.776e-05,17.0,0.00098192
NEBL/BTC,1591188345152,2020-06-03T12:45:45.152Z,sell,5.776e-05,19.0,0.00109744
NEBL/BTC,1591188377239,2020-06-03T12:46:17.239Z,buy,5.785e-05,9.0,0.00052065
NEBL/BTC,1591188381156,2020-06-03T12:46:21.156Z,sell,5.776e-05,19.0,0.00109744
NEBL/BTC,1591188553350,2020-06-03T12:49:13.350Z,sell,5.776e-05,6.0,0.00034656
NEBL/BTC,1591188553786,2020-06-03T12:49:13.786Z,sell,5.776e-05,87.0,0.00502512
NEBL/BTC,1591188553788,2020-06-03T12:49:13.788Z,sell,5.776e-05,15.0,0.0008664
NEBL/BTC,1591188553789,2020-06-03T12:49:13.789Z,sell,5.776e-05,11.0,0.00063536
NEBL/BTC,1591188581566,2020-06-03T12:49:41.566Z,sell,5.776e-05,43.0,0.00248368
NEBL/BTC,1591188584658,2020-06-03T12:49:44.658Z,sell,5.776e-05,43.0,0.00248368
NEBL/BTC,1591188616921,2020-06-03T12:50:16.921Z,buy,5.784e-05,1.0,5.784e-05
NEBL/BTC,1591188677702,2020-06-03T12:51:17.702Z,buy,5.785e-05,1.0,5.785e-05
NEBL/BTC,1591188843156,2020-06-03T12:54:03.156Z,sell,5.776e-05,19.0,0.00109744
NEBL/BTC,1591189013336,2020-06-03T12:56:53.336Z,sell,5.756e-05,15.0,0.0008634
NEBL/BTC,1591189104029,2020-06-03T12:58:24.029Z,sell,5.776e-05,19.0,0.00109744
NEBL/BTC,1591189122143,2020-06-03T12:58:42.143Z,sell,5.776e-05,5.0,0.0002888
NEBL/BTC,1591189153128,2020-06-03T12:59:13.128Z,sell,5.776e-05,16.0,0.00092416
NEBL/BTC,1591189348162,2020-06-03T13:02:28.162Z,sell,5.756e-05,169.0,0.00972764
NEBL/BTC,1591189348162,2020-06-03T13:02:28.162Z,sell,5.755e-05,1210.0,0.0696355
NEBL/BTC,1591189408859,2020-06-03T13:03:28.859Z,sell,5.766e-05,2.0,0.00011532
NEBL/BTC,1591189408859,2020-06-03T13:03:28.859Z,sell,5.755e-05,58.0,0.0033379
NEBL/BTC,1591190141959,2020-06-03T13:15:41.959Z,sell,5.755e-05,342.0,0.0196821
NEBL/BTC,1591190141970,2020-06-03T13:15:41.970Z,buy,5.755e-05,39.0,0.00224445
NEBL/BTC,1591190141971,2020-06-03T13:15:41.971Z,buy,5.755e-05,68.0,0.0039134
NEBL/BTC,1591190141982,2020-06-03T13:15:41.982Z,buy,5.755e-05,11.0,0.00063305
NEBL/BTC,1591190142000,2020-06-03T13:15:42.000Z,buy,5.755e-05,11.0,0.00063305
NEBL/BTC,1591190149673,2020-06-03T13:15:49.673Z,buy,5.755e-05,6.0,0.0003453
NEBL/BTC,1591190153131,2020-06-03T13:15:53.131Z,buy,5.755e-05,24.0,0.0013812
NEBL/BTC,1591190401610,2020-06-03T13:20:01.610Z,buy,5.772e-05,3.0,0.00017316
NEBL/BTC,1591190401610,2020-06-03T13:20:01.610Z,buy,5.773e-05,35.0,0.00202055
NEBL/BTC,1591190401610,2020-06-03T13:20:01.610Z,buy,5.774e-05,35.0,0.0020209
NEBL/BTC,1591190401610,2020-06-03T13:20:01.610Z,buy,5.775e-05,35.0,0.00202125
NEBL/BTC,1591190401610,2020-06-03T13:20:01.610Z,buy,5.776e-05,35.0,0.0020216
NEBL/BTC,1591190401610,2020-06-03T13:20:01.610Z,buy,5.777e-05,35.0,0.00202195
NEBL/BTC,1591190401610,2020-06-03T13:20:01.610Z,buy,5.779e-05,38.0,0.00219602
NEBL/BTC,1591190401619,2020-06-03T13:20:01.619Z,sell,5.779e-05,1097.0,0.06339563
NEBL/BTC,1591190401622,2020-06-03T13:20:01.622Z,sell,5.779e-05,39.0,0.00225381
NEBL/BTC,1591190402659,2020-06-03T13:20:02.659Z,sell,5.779e-05,23.0,0.00132917
NEBL/BTC,1591190407440,2020-06-03T13:20:07.440Z,sell,5.779e-05,35.0,0.00202265
NEBL/BTC,1591190416894,2020-06-03T13:20:16.894Z,buy,5.785e-05,1933.0,0.11182405
NEBL/BTC,1591190416894,2020-06-03T13:20:16.894Z,buy,5.789e-05,67.0,0.00387863
NEBL/BTC,1591190426004,2020-06-03T13:20:26.004Z,buy,5.789e-05,99.0,0.00573111
NEBL/BTC,1591190559001,2020-06-03T13:22:39.001Z,sell,5.752e-05,98.0,0.00563696
NEBL/BTC,1591191041284,2020-06-03T13:30:41.284Z,buy,5.787e-05,2.0,0.00011574
NEBL/BTC,1591191310451,2020-06-03T13:35:10.451Z,sell,5.755e-05,300.0,0.017265
NEBL/BTC,1591191462922,2020-06-03T13:37:42.922Z,sell,5.76e-05,5.0,0.000288
NEBL/BTC,1591191462922,2020-06-03T13:37:42.922Z,sell,5.76e-05,5.0,0.000288
NEBL/BTC,1591191628196,2020-06-03T13:40:28.196Z,buy,5.788e-05,131.0,0.00758228
NEBL/BTC,1591191628196,2020-06-03T13:40:28.196Z,buy,5.789e-05,154.0,0.00891506
NEBL/BTC,1591191628196,2020-06-03T13:40:28.196Z,buy,5.79e-05,215.0,0.0124485
NEBL/BTC,1591191628196,2020-06-03T13:40:28.196Z,buy,5.79e-05,5.0,0.0002895
NEBL/BTC,1591191754499,2020-06-03T13:42:34.499Z,buy,5.79e-05,18.0,0.0010422
NEBL/BTC,1591191756057,2020-06-03T13:42:36.057Z,sell,5.782e-05,4.0,0.00023128
NEBL/BTC,1591191825133,2020-06-03T13:43:45.133Z,sell,5.782e-05,9.0,0.00052038
NEBL/BTC,1591191926524,2020-06-03T13:45:26.524Z,buy,5.79e-05,141.0,0.0081639
NEBL/BTC,1591191969916,2020-06-03T13:46:09.916Z,buy,5.79e-05,387.0,0.0224072999999999
NEBL/BTC,1591191969925,2020-06-03T13:46:09.925Z,sell,5.789e-05,2.0,0.00011578
NEBL/BTC,1591191971398,2020-06-03T13:46:11.398Z,buy,5.79e-05,14.0,0.0008106
NEBL/BTC,1591191983206,2020-06-03T13:46:23.206Z,sell,5.789e-05,2.0,0.00011578
NEBL/BTC,1591192051662,2020-06-03T13:47:31.662Z,sell,5.789e-05,10.0,0.0005789
NEBL/BTC,1591192064250,2020-06-03T13:47:44.250Z,sell,5.789e-05,35.0,0.00202615
NEBL/BTC,1591192064261,2020-06-03T13:47:44.261Z,sell,5.789e-05,29.0,0.00167881
NEBL/BTC,1591192064277,2020-06-03T13:47:44.277Z,sell,5.789e-05,26.0,0.00150514
NEBL/BTC,1591192064289,2020-06-03T13:47:44.289Z,sell,5.789e-05,30.0,0.0017367
NEBL/BTC,1591192064299,2020-06-03T13:47:44.299Z,sell,5.789e-05,15.0,0.00086835
NEBL/BTC,1591192064299,2020-06-03T13:47:44.299Z,sell,5.784e-05,3.0,0.00017352
NEBL/BTC,1591192064299,2020-06-03T13:47:44.299Z,sell,5.783e-05,3.0,0.00017349
NEBL/BTC,1591192064299,2020-06-03T13:47:44.299Z,sell,5.782e-05,2.0,0.00011564
NEBL/BTC,1591192136119,2020-06-03T13:48:56.119Z,sell,5.783e-05,19.0,0.00109877
NEBL/BTC,1591192136120,2020-06-03T13:48:56.120Z,sell,5.783e-05,1.0,5.783e-05
NEBL/BTC,1591192136120,2020-06-03T13:48:56.120Z,sell,5.782e-05,18.0,0.00104076
NEBL/BTC,1591192161983,2020-06-03T13:49:21.983Z,buy,5.79e-05,2214.0,0.1281906
NEBL/BTC,1591192241093,2020-06-03T13:50:41.093Z,buy,5.789e-05,98.0,0.00567322
NEBL/BTC,1591192241093,2020-06-03T13:50:41.093Z,buy,5.79e-05,125.0,0.0072375
NEBL/BTC,1591192474824,2020-06-03T13:54:34.824Z,buy,5.79e-05,1.0,5.79e-05
NEBL/BTC,1591192484181,2020-06-03T13:54:44.181Z,sell,5.773e-05,3.0,0.00017319
NEBL/BTC,1591192606689,2020-06-03T13:56:46.689Z,sell,5.773e-05,43.0,0.00248239
NEBL/BTC,1591192728847,2020-06-03T13:58:48.847Z,sell,5.773e-05,50.0,0.0028864999999999
NEBL/BTC,1591192844686,2020-06-03T14:00:44.686Z,buy,5.789e-05,77.0,0.00445753
NEBL/BTC,1591192875390,2020-06-03T14:01:15.390Z,buy,5.789e-05,2.0,0.00011578
NEBL/BTC,1591192898879,2020-06-03T14:01:38.879Z,buy,5.79e-05,1916.0,0.1109363999999999
NEBL/BTC,1591192898879,2020-06-03T14:01:38.879Z,buy,5.791e-05,519.0,0.03005529
NEBL/BTC,1591192898879,2020-06-03T14:01:38.879Z,buy,5.794e-05,3.0,0.0001738199999999
NEBL/BTC,1591192898879,2020-06-03T14:01:38.879Z,buy,5.795e-05,10.0,0.0005794999999999
NEBL/BTC,1591192898879,2020-06-03T14:01:38.879Z,buy,5.8e-05,65.0,0.00377
NEBL/BTC,1591192898879,2020-06-03T14:01:38.879Z,buy,5.801e-05,3.0,0.00017403
NEBL/BTC,1591192898879,2020-06-03T14:01:38.879Z,buy,5.802e-05,20.0,0.0011604
NEBL/BTC,1591192898879,2020-06-03T14:01:38.879Z,buy,5.803e-05,544.0,0.03156832
NEBL/BTC,1591192898879,2020-06-03T14:01:38.879Z,buy,5.804e-05,96.0,0.00557184
NEBL/BTC,1591192898879,2020-06-03T14:01:38.879Z,buy,5.806e-05,3.0,0.00017418
NEBL/BTC,1591192898879,2020-06-03T14:01:38.879Z,buy,5.808e-05,3.0,0.0001742399999999
NEBL/BTC,1591192898879,2020-06-03T14:01:38.879Z,buy,5.812e-05,138.0,0.00802056
NEBL/BTC,1591192898879,2020-06-03T14:01:38.879Z,buy,5.813e-05,34.0,0.00197642
NEBL/BTC,1591192898879,2020-06-03T14:01:38.879Z,buy,5.815e-05,3.0,0.0001744499999999
NEBL/BTC,1591192898879,2020-06-03T14:01:38.879Z,buy,5.816e-05,12.0,0.00069792
NEBL/BTC,1591192898879,2020-06-03T14:01:38.879Z,buy,5.818e-05,3.0,0.00017454
NEBL/BTC,1591192898879,2020-06-03T14:01:38.879Z,buy,5.819e-05,3.0,0.0001745699999999
NEBL/BTC,1591192898879,2020-06-03T14:01:38.879Z,buy,5.821e-05,39.0,0.00227019
NEBL/BTC,1591192898879,2020-06-03T14:01:38.879Z,buy,5.821e-05,33.0,0.00192093
NEBL/BTC,1591192898879,2020-06-03T14:01:38.879Z,buy,5.822e-05,67.0,0.00390074
NEBL/BTC,1591192898879,2020-06-03T14:01:38.879Z,buy,5.826e-05,36.0,0.00209736
NEBL/BTC,1591192898879,2020-06-03T14:01:38.879Z,buy,5.829e-05,4.0,0.00023316
NEBL/BTC,1591192898879,2020-06-03T14:01:38.879Z,buy,5.829e-05,16.0,0.00093264
NEBL/BTC,1591192898879,2020-06-03T14:01:38.879Z,buy,5.83e-05,39.0,0.0022737
NEBL/BTC,1591192899030,2020-06-03T14:01:39.030Z,sell,5.819e-05,5.0,0.00029095
NEBL/BTC,1591192900017,2020-06-03T14:01:40.017Z,buy,5.829e-05,70.0,0.0040803
NEBL/BTC,1591192901266,2020-06-03T14:01:41.266Z,buy,5.83e-05,71.0,0.0041393
NEBL/BTC,1591192901290,2020-06-03T14:01:41.290Z,buy,5.83e-05,15.0,0.0008745
NEBL/BTC,1591192901290,2020-06-03T14:01:41.290Z,buy,5.833e-05,2.0,0.00011666
NEBL/BTC,1591192901290,2020-06-03T14:01:41.290Z,buy,5.837e-05,3.0,0.00017511
NEBL/BTC,1591192901290,2020-06-03T14:01:41.290Z,buy,5.84e-05,51.0,0.0029784
NEBL/BTC,1591192906574,2020-06-03T14:01:46.574Z,buy,5.84e-05,1.0,5.84e-05
NEBL/BTC,1591192907219,2020-06-03T14:01:47.219Z,sell,5.84e-05,1.0,5.84e-05
NEBL/BTC,1591192925829,2020-06-03T14:02:05.829Z,sell,5.84e-05,23.0,0.0013432
NEBL/BTC,1591192925833,2020-06-03T14:02:05.833Z,sell,5.84e-05,174.0,0.0101616
NEBL/BTC,1591192925844,2020-06-03T14:02:05.844Z,sell,5.84e-05,32.0,0.0018688
NEBL/BTC,1591192925857,2020-06-03T14:02:05.857Z,sell,5.84e-05,31.0,0.0018104
NEBL/BTC,1591192925887,2020-06-03T14:02:05.887Z,sell,5.84e-05,10.0,0.000584
NEBL/BTC,1591192925896,2020-06-03T14:02:05.896Z,sell,5.84e-05,433.0,0.0252872
NEBL/BTC,1591192925996,2020-06-03T14:02:05.996Z,sell,5.84e-05,19.0,0.0011096
NEBL/BTC,1591192927476,2020-06-03T14:02:07.476Z,sell,5.84e-05,2.0,0.0001168
NEBL/BTC,1591192928620,2020-06-03T14:02:08.620Z,buy,5.841e-05,65.0,0.00379665
NEBL/BTC,1591192928620,2020-06-03T14:02:08.620Z,buy,5.842e-05,212.0,0.01238504
NEBL/BTC,1591192928620,2020-06-03T14:02:08.620Z,buy,5.844e-05,27.0,0.00157788
NEBL/BTC,1591192928620,2020-06-03T14:02:08.620Z,buy,5.849e-05,30.0,0.0017546999999999
NEBL/BTC,1591192928620,2020-06-03T14:02:08.620Z,buy,5.85e-05,166.0,0.009711
NEBL/BTC,1591192928813,2020-06-03T14:02:08.813Z,sell,5.84e-05,25.0,0.00146
NEBL/BTC,1591192931829,2020-06-03T14:02:11.829Z,buy,5.85e-05,117.0,0.0068445
NEBL/BTC,1591192936024,2020-06-03T14:02:16.024Z,buy,5.851e-05,10.0,0.0005851
NEBL/BTC,1591192936172,2020-06-03T14:02:16.172Z,sell,5.851e-05,6.0,0.00035106
NEBL/BTC,1591192944129,2020-06-03T14:02:24.129Z,sell,5.85e-05,19.0,0.0011115
NEBL/BTC,1591192944135,2020-06-03T14:02:24.135Z,sell,5.85e-05,19.0,0.0011115
NEBL/BTC,1591192944191,2020-06-03T14:02:24.191Z,sell,5.85e-05,8.0,0.000468
NEBL/BTC,1591192945259,2020-06-03T14:02:25.259Z,buy,5.854e-05,3.0,0.00017562
NEBL/BTC,1591192949536,2020-06-03T14:02:29.536Z,sell,5.85e-05,3.0,0.0001754999999999
NEBL/BTC,1591192955382,2020-06-03T14:02:35.382Z,buy,5.854e-05,31.0,0.00181474
NEBL/BTC,1591192955382,2020-06-03T14:02:35.382Z,buy,5.855e-05,286.0,0.0167453
NEBL/BTC,1591192964191,2020-06-03T14:02:44.191Z,buy,5.855e-05,3.0,0.00017565
NEBL/BTC,1591192976288,2020-06-03T14:02:56.288Z,buy,5.855e-05,2.0,0.0001171
NEBL/BTC,1591192977065,2020-06-03T14:02:57.065Z,sell,5.813e-05,3.0,0.00017439
NEBL/BTC,1591192982613,2020-06-03T14:03:02.613Z,buy,5.855e-05,512.0,0.0299776
NEBL/BTC,1591192995109,2020-06-03T14:03:15.109Z,buy,5.855e-05,3.0,0.00017565
NEBL/BTC,1591192995841,2020-06-03T14:03:15.841Z,buy,5.855e-05,9.0,0.00052695
NEBL/BTC,1591193006667,2020-06-03T14:03:26.667Z,buy,5.855e-05,18.0,0.0010539
NEBL/BTC,1591193030728,2020-06-03T14:03:50.728Z,buy,5.855e-05,2.0,0.0001171
NEBL/BTC,1591193034194,2020-06-03T14:03:54.194Z,buy,5.855e-05,16.0,0.0009368
NEBL/BTC,1591193069201,2020-06-03T14:04:29.201Z,buy,5.855e-05,18.0,0.0010539
NEBL/BTC,1591193117584,2020-06-03T14:05:17.584Z,buy,5.855e-05,39.0,0.00228345
NEBL/BTC,1591193142860,2020-06-03T14:05:42.860Z,buy,5.856e-05,48.0,0.00281088
NEBL/BTC,1591193165720,2020-06-03T14:06:05.720Z,buy,5.859e-05,3.0,0.00017577
NEBL/BTC,1591193173907,2020-06-03T14:06:13.907Z,buy,5.86e-05,3.0,0.0001758
NEBL/BTC,1591193175761,2020-06-03T14:06:15.761Z,sell,5.855e-05,6.0,0.0003513
NEBL/BTC,1591193184044,2020-06-03T14:06:24.044Z,buy,5.86e-05,98.0,0.0057428
NEBL/BTC,1591193184044,2020-06-03T14:06:24.044Z,buy,5.865e-05,2.0,0.0001173
NEBL/BTC,1591193184835,2020-06-03T14:06:24.835Z,buy,5.865e-05,19.0,0.00111435
NEBL/BTC,1591193208967,2020-06-03T14:06:48.967Z,buy,5.865e-05,2.0,0.0001173
NEBL/BTC,1591193224126,2020-06-03T14:07:04.126Z,buy,5.865e-05,57.0,0.00334305
NEBL/BTC,1591193232935,2020-06-03T14:07:12.935Z,buy,5.865e-05,191.0,0.01120215
NEBL/BTC,1591193239813,2020-06-03T14:07:19.813Z,buy,5.865e-05,161.0,0.00944265
NEBL/BTC,1591193244507,2020-06-03T14:07:24.507Z,sell,5.865e-05,12.0,0.0007038
NEBL/BTC,1591193259065,2020-06-03T14:07:39.065Z,sell,5.865e-05,15.0,0.00087975
NEBL/BTC,1591193273757,2020-06-03T14:07:53.757Z,sell,5.865e-05,10.0,0.0005865
NEBL/BTC,1591193282328,2020-06-03T14:08:02.328Z,buy,5.867e-05,8.0,0.00046936
NEBL/BTC,1591193300222,2020-06-03T14:08:20.222Z,buy,5.869e-05,2.0,0.00011738
NEBL/BTC,1591193300222,2020-06-03T14:08:20.222Z,buy,5.87e-05,84.0,0.0049308
NEBL/BTC,1591193311704,2020-06-03T14:08:31.704Z,buy,5.87e-05,7.0,0.0004108999999999
NEBL/BTC,1591193312110,2020-06-03T14:08:32.110Z,buy,5.87e-05,20.0,0.001174
NEBL/BTC,1591193325315,2020-06-03T14:08:45.315Z,buy,5.87e-05,49.0,0.0028763
NEBL/BTC,1591193325450,2020-06-03T14:08:45.450Z,sell,5.87e-05,173.0,0.0101551
NEBL/BTC,1591193340017,2020-06-03T14:09:00.017Z,buy,5.871e-05,3.0,0.0001761299999999
NEBL/BTC,1591193340069,2020-06-03T14:09:00.069Z,sell,5.871e-05,12.0,0.0007045199999999
NEBL/BTC,1591193340353,2020-06-03T14:09:00.353Z,sell,5.871e-05,2.0,0.00011742
NEBL/BTC,1591193349447,2020-06-03T14:09:09.447Z,buy,5.872e-05,146.0,0.00857312
NEBL/BTC,1591193354564,2020-06-03T14:09:14.564Z,buy,5.874e-05,3.0,0.00017622
NEBL/BTC,1591193354564,2020-06-03T14:09:14.564Z,buy,5.877e-05,548.0,0.03220596
NEBL/BTC,1591193354697,2020-06-03T14:09:14.697Z,sell,5.877e-05,19.0,0.00111663
NEBL/BTC,1591193358102,2020-06-03T14:09:18.102Z,sell,5.877e-05,21.0,0.00123417
NEBL/BTC,1591193360094,2020-06-03T14:09:20.094Z,sell,5.877e-05,4.0,0.00023508
NEBL/BTC,1591193402104,2020-06-03T14:10:02.104Z,buy,5.88e-05,6.0,0.0003528
NEBL/BTC,1591193402104,2020-06-03T14:10:02.104Z,buy,5.882e-05,20.0,0.0011764
NEBL/BTC,1591193402219,2020-06-03T14:10:02.219Z,sell,5.882e-05,26.0,0.00152932
NEBL/BTC,1591193408575,2020-06-03T14:10:08.575Z,buy,5.884e-05,21.0,0.00123564
NEBL/BTC,1591193408575,2020-06-03T14:10:08.575Z,buy,5.886e-05,7.0,0.00041202
NEBL/BTC,1591193408575,2020-06-03T14:10:08.575Z,buy,5.887e-05,4.0,0.00023548
NEBL/BTC,1591193408575,2020-06-03T14:10:08.575Z,buy,5.89e-05,559.0,0.0329251
NEBL/BTC,1591193409238,2020-06-03T14:10:09.238Z,sell,5.882e-05,2.0,0.00011764
