symbol,timestamp,datetime,side,price,amount,btc_volume
NULS/BTC,1579366828807,2020-01-18T17:00:28.807Z,buy,3.066e-05,240.0,0.0073584
NULS/BTC,1579366830017,2020-01-18T17:00:30.017Z,buy,3.066e-05,166.0,0.00508956
NULS/BTC,1579366830705,2020-01-18T17:00:30.705Z,buy,3.066e-05,100.0,0.003066
NULS/BTC,1579366831714,2020-01-18T17:00:31.714Z,buy,3.066e-05,184.0,0.00564144
NULS/BTC,1579366833007,2020-01-18T17:00:33.007Z,buy,3.066e-05,128.0,0.00392448
NULS/BTC,1579366834016,2020-01-18T17:00:34.016Z,buy,3.066e-05,88.0,0.00269808
NULS/BTC,1579366835577,2020-01-18T17:00:35.577Z,buy,3.066e-05,65.0,0.0019929
NULS/BTC,1579366835587,2020-01-18T17:00:35.587Z,buy,3.066e-05,107.0,0.00328062
NULS/BTC,1579366850924,2020-01-18T17:00:50.924Z,buy,3.066e-05,66.0,0.00202356
NULS/BTC,1579366854316,2020-01-18T17:00:54.316Z,buy,3.066e-05,45.0,0.0013797
NULS/BTC,1579366865155,2020-01-18T17:01:05.155Z,buy,3.065e-05,217.0,0.0066510499999999
NULS/BTC,1579366870024,2020-01-18T17:01:10.024Z,buy,3.066e-05,173.0,0.00530418
NULS/BTC,1579366873226,2020-01-18T17:01:13.226Z,buy,3.066e-05,118.0,0.00361788
NULS/BTC,1579366877923,2020-01-18T17:01:17.923Z,buy,3.066e-05,79.0,0.00242214
NULS/BTC,1579366882423,2020-01-18T17:01:22.423Z,buy,3.066e-05,54.0,0.00165564
NULS/BTC,1579366886836,2020-01-18T17:01:26.836Z,buy,3.066e-05,36.0,0.00110376
NULS/BTC,1579366912334,2020-01-18T17:01:52.334Z,buy,3.066e-05,1295.0,0.0397047
NULS/BTC,1579366912354,2020-01-18T17:01:52.354Z,buy,3.066e-05,927.0,0.02842182
NULS/BTC,1579366922808,2020-01-18T17:02:02.808Z,buy,3.066e-05,32.0,0.00098112
NULS/BTC,1579366922822,2020-01-18T17:02:02.822Z,buy,3.066e-05,617.0,0.01891722
NULS/BTC,1579366930352,2020-01-18T17:02:10.352Z,buy,3.066e-05,406.0,0.01244796
NULS/BTC,1579366942369,2020-01-18T17:02:22.369Z,buy,3.066e-05,257.0,0.00787962
NULS/BTC,1579366943857,2020-01-18T17:02:23.857Z,buy,3.066e-05,177.0,0.00542682
NULS/BTC,1579366945460,2020-01-18T17:02:25.460Z,buy,3.066e-05,123.0,0.00377118
NULS/BTC,1579366947161,2020-01-18T17:02:27.161Z,buy,3.065e-05,85.0,0.00260525
NULS/BTC,1579366949262,2020-01-18T17:02:29.262Z,buy,3.065e-05,58.0,0.0017777
NULS/BTC,1579366953856,2020-01-18T17:02:33.856Z,buy,3.065e-05,39.0,0.00119535
NULS/BTC,1579366956262,2020-01-18T17:02:36.262Z,buy,3.065e-05,510.0,0.0156315
NULS/BTC,1579367050753,2020-01-18T17:04:10.753Z,buy,3.085e-05,1900.0,0.0586149999999999
NULS/BTC,1579367088514,2020-01-18T17:04:48.514Z,buy,3.086e-05,4.0,0.00012344
NULS/BTC,1579367098771,2020-01-18T17:04:58.771Z,sell,3.086e-05,8.0,0.00024688
NULS/BTC,1579367099007,2020-01-18T17:04:59.007Z,sell,3.086e-05,21.0,0.00064806
NULS/BTC,1579367148148,2020-01-18T17:05:48.148Z,buy,3.092e-05,224.0,0.00692608
NULS/BTC,1579367238979,2020-01-18T17:07:18.979Z,buy,3.093e-05,7.0,0.0002165099999999
NULS/BTC,1579367506438,2020-01-18T17:11:46.438Z,buy,3.092e-05,483.0,0.01493436
NULS/BTC,1579367563641,2020-01-18T17:12:43.641Z,buy,3.081e-05,32.0,0.00098592
NULS/BTC,1579367565813,2020-01-18T17:12:45.813Z,buy,3.072e-05,254.0,0.0078028799999999
NULS/BTC,1579367565820,2020-01-18T17:12:45.820Z,buy,3.072e-05,21.0,0.0006451199999999
NULS/BTC,1579367566810,2020-01-18T17:12:46.810Z,buy,3.072e-05,191.0,0.0058675199999999
NULS/BTC,1579367568122,2020-01-18T17:12:48.122Z,buy,3.072e-05,132.0,0.0040550399999999
NULS/BTC,1579367569211,2020-01-18T17:12:49.211Z,buy,3.072e-05,92.0,0.00282624
NULS/BTC,1579367572012,2020-01-18T17:12:52.012Z,buy,3.072e-05,63.0,0.00193536
NULS/BTC,1579367573113,2020-01-18T17:12:53.113Z,buy,3.072e-05,43.0,0.00132096
NULS/BTC,1579367799343,2020-01-18T17:16:39.343Z,buy,3.075e-05,326.0,0.0100245
NULS/BTC,1579367807933,2020-01-18T17:16:47.933Z,sell,3.069e-05,326.0,0.01000494
NULS/BTC,1579367811000,2020-01-18T17:16:51.000Z,buy,3.075e-05,426.0,0.0130995
NULS/BTC,1579367811000,2020-01-18T17:16:51.000Z,buy,3.081e-05,74.0,0.00227994
NULS/BTC,1579367953436,2020-01-18T17:19:13.436Z,buy,3.072e-05,239.0,0.0073420799999999
NULS/BTC,1579367955137,2020-01-18T17:19:15.137Z,buy,3.072e-05,165.0,0.0050687999999999
NULS/BTC,1579367956143,2020-01-18T17:19:16.143Z,buy,3.072e-05,114.0,0.00350208
NULS/BTC,1579368014874,2020-01-18T17:20:14.874Z,buy,3.072e-05,12.0,0.0003686399999999
NULS/BTC,1579368101314,2020-01-18T17:21:41.314Z,buy,3.08e-05,201.0,0.0061908
NULS/BTC,1579368113340,2020-01-18T17:21:53.340Z,sell,3.07e-05,4.0,0.0001228
NULS/BTC,1579368116075,2020-01-18T17:21:56.075Z,buy,3.08e-05,4.0,0.0001232
NULS/BTC,1579368116075,2020-01-18T17:21:56.075Z,buy,3.093e-05,1261.0,0.03900273
NULS/BTC,1579368116133,2020-01-18T17:21:56.133Z,sell,3.093e-05,1037.0,0.03207441
NULS/BTC,1579368117328,2020-01-18T17:21:57.328Z,sell,3.093e-05,718.0,0.0222077399999999
NULS/BTC,1579368118328,2020-01-18T17:21:58.328Z,sell,3.093e-05,499.0,0.0154340699999999
NULS/BTC,1579368120124,2020-01-18T17:22:00.124Z,sell,3.093e-05,344.0,0.0106399199999999
NULS/BTC,1579368121229,2020-01-18T17:22:01.229Z,sell,3.093e-05,239.0,0.0073922699999999
NULS/BTC,1579368122231,2020-01-18T17:22:02.231Z,sell,3.093e-05,166.0,0.0051343799999999
NULS/BTC,1579368125837,2020-01-18T17:22:05.837Z,sell,3.093e-05,112.0,0.0034641599999999
NULS/BTC,1579368126341,2020-01-18T17:22:06.341Z,sell,3.093e-05,1703.0,0.05267379
NULS/BTC,1579368128334,2020-01-18T17:22:08.334Z,sell,3.093e-05,1250.0,0.0386624999999999
NULS/BTC,1579368131727,2020-01-18T17:22:11.727Z,sell,3.093e-05,851.0,0.0263214299999999
NULS/BTC,1579368132935,2020-01-18T17:22:12.935Z,sell,3.093e-05,296.0,0.0091552799999999
NULS/BTC,1579368133139,2020-01-18T17:22:13.139Z,sell,3.093e-05,1121.0,0.03467253
NULS/BTC,1579368155539,2020-01-18T17:22:35.539Z,buy,3.096e-05,9.0,0.00027864
NULS/BTC,1579368163694,2020-01-18T17:22:43.694Z,buy,3.098e-05,24.0,0.0007435199999999
NULS/BTC,1579368170235,2020-01-18T17:22:50.235Z,buy,3.106e-05,414.0,0.0128588399999999
NULS/BTC,1579368176802,2020-01-18T17:22:56.802Z,buy,3.106e-05,825.0,0.0256244999999999
NULS/BTC,1579368211301,2020-01-18T17:23:31.301Z,sell,3.093e-05,32.0,0.00098976
NULS/BTC,1579368235111,2020-01-18T17:23:55.111Z,sell,3.093e-05,104.0,0.0032167199999999
NULS/BTC,1579368245487,2020-01-18T17:24:05.487Z,sell,3.093e-05,73.0,0.00225789
NULS/BTC,1579368246734,2020-01-18T17:24:06.734Z,sell,3.093e-05,37.0,0.0011444099999999
NULS/BTC,1579368301754,2020-01-18T17:25:01.754Z,sell,3.093e-05,39.0,0.00120627
NULS/BTC,1579368317761,2020-01-18T17:25:17.761Z,sell,3.093e-05,5.0,0.00015465
NULS/BTC,1579368343775,2020-01-18T17:25:43.775Z,buy,3.106e-05,4.0,0.00012424
NULS/BTC,1579368343792,2020-01-18T17:25:43.792Z,sell,3.106e-05,1.0,3.106e-05
NULS/BTC,1579368370973,2020-01-18T17:26:10.973Z,sell,3.106e-05,299.0,0.0092869399999999
NULS/BTC,1579368371043,2020-01-18T17:26:11.043Z,buy,3.105e-05,299.0,0.00928395
NULS/BTC,1579368373754,2020-01-18T17:26:13.754Z,sell,3.093e-05,36.0,0.0011134799999999
NULS/BTC,1579368379277,2020-01-18T17:26:19.277Z,buy,3.102e-05,14.0,0.00043428
NULS/BTC,1579368379277,2020-01-18T17:26:19.277Z,buy,3.107e-05,130.0,0.0040390999999999
NULS/BTC,1579368379277,2020-01-18T17:26:19.277Z,buy,3.108e-05,1817.0,0.05647236
NULS/BTC,1579368403924,2020-01-18T17:26:43.924Z,sell,3.108e-05,497.0,0.01544676
NULS/BTC,1579368404041,2020-01-18T17:26:44.041Z,sell,3.108e-05,139.0,0.00432012
NULS/BTC,1579368404135,2020-01-18T17:26:44.135Z,sell,3.108e-05,9.0,0.00027972
NULS/BTC,1579368404147,2020-01-18T17:26:44.147Z,sell,3.108e-05,872.0,0.02710176
NULS/BTC,1579368404158,2020-01-18T17:26:44.158Z,sell,3.108e-05,586.0,0.01821288
NULS/BTC,1579368419134,2020-01-18T17:26:59.134Z,sell,3.093e-05,148.0,0.0045776399999999
NULS/BTC,1579368424766,2020-01-18T17:27:04.766Z,sell,3.094e-05,70.0,0.0021658
NULS/BTC,1579368424770,2020-01-18T17:27:04.770Z,buy,3.099e-05,354.0,0.01097046
NULS/BTC,1579368440221,2020-01-18T17:27:20.221Z,buy,3.099e-05,65.0,0.00201435
NULS/BTC,1579368450110,2020-01-18T17:27:30.110Z,buy,3.099e-05,2.0,6.198e-05
NULS/BTC,1579368453248,2020-01-18T17:27:33.248Z,buy,3.108e-05,44.0,0.00136752
NULS/BTC,1579368454767,2020-01-18T17:27:34.767Z,buy,3.112e-05,9.0,0.00028008
NULS/BTC,1579368455865,2020-01-18T17:27:35.865Z,buy,3.113e-05,59.0,0.00183667
NULS/BTC,1579368456247,2020-01-18T17:27:36.247Z,sell,3.111e-05,113.0,0.00351543
NULS/BTC,1579368457307,2020-01-18T17:27:37.307Z,sell,3.111e-05,46.0,0.0014310599999999
NULS/BTC,1579368457716,2020-01-18T17:27:37.716Z,buy,3.117e-05,4.0,0.00012468
NULS/BTC,1579368457716,2020-01-18T17:27:37.716Z,buy,3.118e-05,10.0,0.0003118
NULS/BTC,1579368460709,2020-01-18T17:27:40.709Z,sell,3.112e-05,129.0,0.00401448
NULS/BTC,1579368460770,2020-01-18T17:27:40.770Z,buy,3.112e-05,28.0,0.00087136
NULS/BTC,1579368483386,2020-01-18T17:28:03.386Z,sell,3.111e-05,65.0,0.00202215
NULS/BTC,1579368551154,2020-01-18T17:29:11.154Z,sell,3.111e-05,120.0,0.0037332
NULS/BTC,1579368575446,2020-01-18T17:29:35.446Z,buy,3.118e-05,148.0,0.00461464
NULS/BTC,1579368575446,2020-01-18T17:29:35.446Z,buy,3.12e-05,552.0,0.0172224
NULS/BTC,1579368609630,2020-01-18T17:30:09.630Z,buy,3.12e-05,91.0,0.0028392
NULS/BTC,1579368625418,2020-01-18T17:30:25.418Z,buy,3.117e-05,96.0,0.00299232
NULS/BTC,1579368625427,2020-01-18T17:30:25.427Z,sell,3.114e-05,133.0,0.0041416199999999
NULS/BTC,1579368627659,2020-01-18T17:30:27.659Z,sell,3.113e-05,89.0,0.00277057
NULS/BTC,1579368680661,2020-01-18T17:31:20.661Z,sell,3.113e-05,80.0,0.0024904
NULS/BTC,1579368744463,2020-01-18T17:32:24.463Z,sell,3.113e-05,209.0,0.00650617
NULS/BTC,1579368744463,2020-01-18T17:32:24.463Z,sell,3.112e-05,204.0,0.00634848
NULS/BTC,1579368746849,2020-01-18T17:32:26.849Z,sell,3.112e-05,7.0,0.00021784
NULS/BTC,1579368746935,2020-01-18T17:32:26.935Z,sell,3.112e-05,7.0,0.00021784
NULS/BTC,1579368757750,2020-01-18T17:32:37.750Z,buy,3.118e-05,12.0,0.00037416
NULS/BTC,1579368758804,2020-01-18T17:32:38.804Z,buy,3.119e-05,22.0,0.00068618
NULS/BTC,1579368769365,2020-01-18T17:32:49.365Z,buy,3.121e-05,5.0,0.00015605
NULS/BTC,1579368772299,2020-01-18T17:32:52.299Z,buy,3.121e-05,5.0,0.00015605
NULS/BTC,1579368773291,2020-01-18T17:32:53.291Z,buy,3.121e-05,5.0,0.00015605
NULS/BTC,1579368774320,2020-01-18T17:32:54.320Z,buy,3.121e-05,5.0,0.00015605
NULS/BTC,1579368777028,2020-01-18T17:32:57.028Z,buy,3.121e-05,5.0,0.00015605
NULS/BTC,1579368778033,2020-01-18T17:32:58.033Z,buy,3.121e-05,5.0,0.00015605
NULS/BTC,1579368779442,2020-01-18T17:32:59.442Z,buy,3.121e-05,5.0,0.00015605
NULS/BTC,1579368780435,2020-01-18T17:33:00.435Z,buy,3.121e-05,5.0,0.00015605
NULS/BTC,1579368781533,2020-01-18T17:33:01.533Z,buy,3.121e-05,5.0,0.00015605
NULS/BTC,1579368792546,2020-01-18T17:33:12.546Z,buy,3.121e-05,17.0,0.00053057
NULS/BTC,1579368880005,2020-01-18T17:34:40.005Z,buy,3.121e-05,397.0,0.01239037
NULS/BTC,1579368880014,2020-01-18T17:34:40.014Z,sell,3.114e-05,38.0,0.0011833199999999
NULS/BTC,1579368978799,2020-01-18T17:36:18.799Z,buy,3.125e-05,28.0,0.000875
NULS/BTC,1579368979895,2020-01-18T17:36:19.895Z,sell,3.114e-05,199.0,0.0061968599999999
NULS/BTC,1579368979905,2020-01-18T17:36:19.905Z,sell,3.114e-05,118.0,0.0036745199999999
NULS/BTC,1579369069642,2020-01-18T17:37:49.642Z,sell,3.114e-05,181.0,0.0056363399999999
NULS/BTC,1579369171736,2020-01-18T17:39:31.736Z,sell,3.112e-05,7.0,0.00021784
NULS/BTC,1579369186972,2020-01-18T17:39:46.972Z,sell,3.113e-05,386.0,0.01201618
NULS/BTC,1579369311326,2020-01-18T17:41:51.326Z,sell,3.112e-05,229.0,0.00712648
NULS/BTC,1579369340100,2020-01-18T17:42:20.100Z,sell,3.098e-05,124.0,0.0038415199999999
NULS/BTC,1579369340159,2020-01-18T17:42:20.159Z,sell,3.098e-05,50.0,0.0015489999999999
NULS/BTC,1579369340203,2020-01-18T17:42:20.203Z,sell,3.098e-05,33.0,0.0010223399999999
NULS/BTC,1579369361160,2020-01-18T17:42:41.160Z,buy,3.108e-05,169.0,0.00525252
NULS/BTC,1579369449084,2020-01-18T17:44:09.084Z,sell,3.101e-05,533.0,0.01652833
NULS/BTC,1579369541901,2020-01-18T17:45:41.901Z,sell,3.104e-05,8.0,0.00024832
NULS/BTC,1579369541901,2020-01-18T17:45:41.901Z,sell,3.101e-05,779.0,0.02415679
NULS/BTC,1579369732364,2020-01-18T17:48:52.364Z,sell,3.105e-05,728.0,0.0226044
NULS/BTC,1579369732370,2020-01-18T17:48:52.370Z,sell,3.102e-05,239.0,0.0074137799999999
NULS/BTC,1579369760260,2020-01-18T17:49:20.260Z,buy,3.111e-05,14.0,0.00043554
NULS/BTC,1579369777601,2020-01-18T17:49:37.601Z,buy,3.115e-05,824.0,0.0256676
NULS/BTC,1579369817588,2020-01-18T17:50:17.588Z,sell,3.115e-05,20.0,0.000623
NULS/BTC,1579369818670,2020-01-18T17:50:18.670Z,buy,3.125e-05,381.0,0.01190625
NULS/BTC,1579369818750,2020-01-18T17:50:18.750Z,buy,3.127e-05,1136.0,0.0355227199999999
NULS/BTC,1579369818838,2020-01-18T17:50:18.838Z,sell,3.125e-05,181.0,0.00565625
NULS/BTC,1579369819850,2020-01-18T17:50:19.850Z,sell,3.125e-05,34.0,0.0010625
NULS/BTC,1579369826850,2020-01-18T17:50:26.850Z,buy,3.127e-05,7.0,0.0002188899999999
NULS/BTC,1579369829173,2020-01-18T17:50:29.173Z,sell,3.125e-05,5.0,0.00015625
NULS/BTC,1579369829279,2020-01-18T17:50:29.279Z,sell,3.125e-05,7.0,0.00021875
NULS/BTC,1579369831999,2020-01-18T17:50:31.999Z,buy,3.127e-05,10.0,0.0003126999999999
NULS/BTC,1579369833514,2020-01-18T17:50:33.514Z,sell,3.125e-05,7.0,0.00021875
NULS/BTC,1579369835151,2020-01-18T17:50:35.151Z,sell,3.115e-05,33.0,0.00102795
NULS/BTC,1579369935718,2020-01-18T17:52:15.718Z,sell,3.116e-05,454.0,0.01414664
NULS/BTC,1579369988322,2020-01-18T17:53:08.322Z,sell,3.115e-05,4.0,0.0001246
NULS/BTC,1579369988326,2020-01-18T17:53:08.326Z,sell,3.115e-05,4.0,0.0001246
NULS/BTC,1579369997375,2020-01-18T17:53:17.375Z,buy,3.116e-05,4.0,0.00012464
NULS/BTC,1579369997375,2020-01-18T17:53:17.375Z,buy,3.123e-05,2055.0,0.0641776499999999
NULS/BTC,1579370009166,2020-01-18T17:53:29.166Z,buy,3.124e-05,1850.0,0.057794
NULS/BTC,1579370032478,2020-01-18T17:53:52.478Z,sell,3.124e-05,499.0,0.01558876
NULS/BTC,1579370040985,2020-01-18T17:54:00.985Z,sell,3.124e-05,10.0,0.0003124
NULS/BTC,1579370069430,2020-01-18T17:54:29.430Z,buy,3.126e-05,141.0,0.00440766
NULS/BTC,1579370069519,2020-01-18T17:54:29.519Z,buy,3.126e-05,10.0,0.0003126
NULS/BTC,1579370074386,2020-01-18T17:54:34.386Z,buy,3.126e-05,368.0,0.01150368
NULS/BTC,1579370100273,2020-01-18T17:55:00.273Z,buy,3.127e-05,490.0,0.0153222999999999
NULS/BTC,1579370100790,2020-01-18T17:55:00.790Z,buy,3.127e-05,60.0,0.0018761999999999
NULS/BTC,1579370116619,2020-01-18T17:55:16.619Z,buy,3.131e-05,9.0,0.0002817899999999
NULS/BTC,1579370116619,2020-01-18T17:55:16.619Z,buy,3.14e-05,193.0,0.0060601999999999
NULS/BTC,1579370126297,2020-01-18T17:55:26.297Z,sell,3.133e-05,989.0,0.0309853699999999
NULS/BTC,1579370129334,2020-01-18T17:55:29.334Z,buy,3.14e-05,14.0,0.0004395999999999
NULS/BTC,1579370129334,2020-01-18T17:55:29.334Z,buy,3.141e-05,20.0,0.0006282
NULS/BTC,1579370145637,2020-01-18T17:55:45.637Z,sell,3.121e-05,78.0,0.00243438
NULS/BTC,1579370174080,2020-01-18T17:56:14.080Z,buy,3.137e-05,133.0,0.00417221
NULS/BTC,1579370174080,2020-01-18T17:56:14.080Z,buy,3.139e-05,230.0,0.0072197
NULS/BTC,1579370174080,2020-01-18T17:56:14.080Z,buy,3.14e-05,261.0,0.0081953999999999
NULS/BTC,1579370174080,2020-01-18T17:56:14.080Z,buy,3.141e-05,1029.0,0.03232089
NULS/BTC,1579370174080,2020-01-18T17:56:14.080Z,buy,3.142e-05,7.0,0.00021994
NULS/BTC,1579370174080,2020-01-18T17:56:14.080Z,buy,3.143e-05,220.0,0.0069146
NULS/BTC,1579370175840,2020-01-18T17:56:15.840Z,sell,3.125e-05,300.0,0.009375
NULS/BTC,1579370269580,2020-01-18T17:57:49.580Z,sell,3.127e-05,79.0,0.0024703299999999
NULS/BTC,1579370269585,2020-01-18T17:57:49.585Z,buy,3.134e-05,305.0,0.0095587
NULS/BTC,1579370269585,2020-01-18T17:57:49.585Z,buy,3.134e-05,305.0,0.0095587
NULS/BTC,1579370435406,2020-01-18T18:00:35.406Z,buy,3.143e-05,47.0,0.00147721
NULS/BTC,1579370435407,2020-01-18T18:00:35.407Z,buy,3.143e-05,104.0,0.00326872
NULS/BTC,1579370435420,2020-01-18T18:00:35.420Z,buy,3.143e-05,104.0,0.00326872
NULS/BTC,1579370435441,2020-01-18T18:00:35.441Z,buy,3.143e-05,104.0,0.00326872
NULS/BTC,1579370435700,2020-01-18T18:00:35.700Z,buy,3.143e-05,80.0,0.0025144
NULS/BTC,1579370435702,2020-01-18T18:00:35.702Z,buy,3.143e-05,47.0,0.00147721
NULS/BTC,1579370458695,2020-01-18T18:00:58.695Z,buy,3.143e-05,919.0,0.02888417
NULS/BTC,1579370458695,2020-01-18T18:00:58.695Z,buy,3.144e-05,157.0,0.00493608
NULS/BTC,1579370458695,2020-01-18T18:00:58.695Z,buy,3.145e-05,851.0,0.0267639499999999
NULS/BTC,1579370458695,2020-01-18T18:00:58.695Z,buy,3.147e-05,819.0,0.02577393
NULS/BTC,1579370458695,2020-01-18T18:00:58.695Z,buy,3.148e-05,2016.0,0.06346368
NULS/BTC,1579370458818,2020-01-18T18:00:58.818Z,sell,3.148e-05,30.0,0.0009443999999999
NULS/BTC,1579370459034,2020-01-18T18:00:59.034Z,sell,3.148e-05,162.0,0.0050997599999999
NULS/BTC,1579370460838,2020-01-18T18:01:00.838Z,sell,3.149e-05,43.0,0.00135407
NULS/BTC,1579370461133,2020-01-18T18:01:01.133Z,sell,3.149e-05,301.0,0.00947849
NULS/BTC,1579370467410,2020-01-18T18:01:07.410Z,sell,3.125e-05,58.0,0.0018125
NULS/BTC,1579370475271,2020-01-18T18:01:15.271Z,buy,3.126e-05,7.0,0.00021882
NULS/BTC,1579370475271,2020-01-18T18:01:15.271Z,buy,3.133e-05,998.0,0.03126734
NULS/BTC,1579370478936,2020-01-18T18:01:18.936Z,buy,3.144e-05,7.0,0.00022008
NULS/BTC,1579370495275,2020-01-18T18:01:35.275Z,buy,3.144e-05,6.0,0.0001886399999999
NULS/BTC,1579370655937,2020-01-18T18:04:15.937Z,sell,3.126e-05,48.0,0.00150048
NULS/BTC,1579370764421,2020-01-18T18:06:04.421Z,buy,3.133e-05,15.0,0.00046995
NULS/BTC,1579370764421,2020-01-18T18:06:04.421Z,buy,3.134e-05,239.0,0.00749026
NULS/BTC,1579370764421,2020-01-18T18:06:04.421Z,buy,3.136e-05,24.0,0.00075264
NULS/BTC,1579370764516,2020-01-18T18:06:04.516Z,buy,3.136e-05,24.0,0.00075264
NULS/BTC,1579370840950,2020-01-18T18:07:20.950Z,buy,3.136e-05,185.0,0.0058016
NULS/BTC,1579370840950,2020-01-18T18:07:20.950Z,buy,3.153e-05,24.0,0.00075672
NULS/BTC,1579370840950,2020-01-18T18:07:20.950Z,buy,3.156e-05,285.0,0.0089946
NULS/BTC,1579370840950,2020-01-18T18:07:20.950Z,buy,3.157e-05,362.0,0.0114283399999999
NULS/BTC,1579370840950,2020-01-18T18:07:20.950Z,buy,3.16e-05,1672.0,0.0528352
NULS/BTC,1579370847495,2020-01-18T18:07:27.495Z,buy,3.157e-05,59.0,0.0018626299999999
NULS/BTC,1579370847524,2020-01-18T18:07:27.524Z,sell,3.157e-05,19.0,0.00059983
NULS/BTC,1579370864005,2020-01-18T18:07:44.005Z,sell,3.131e-05,19.0,0.0005948899999999
NULS/BTC,1579370864005,2020-01-18T18:07:44.005Z,sell,3.13e-05,647.0,0.0202511
NULS/BTC,1579370864005,2020-01-18T18:07:44.005Z,sell,3.128e-05,6.0,0.00018768
NULS/BTC,1579370864005,2020-01-18T18:07:44.005Z,sell,3.127e-05,501.0,0.01566627
NULS/BTC,1579370864005,2020-01-18T18:07:44.005Z,sell,3.125e-05,62.0,0.0019375
NULS/BTC,1579370864005,2020-01-18T18:07:44.005Z,sell,3.125e-05,269.0,0.00840625
NULS/BTC,1579370957602,2020-01-18T18:09:17.602Z,buy,3.132e-05,79.0,0.0024742799999999
NULS/BTC,1579370957610,2020-01-18T18:09:17.610Z,buy,3.149e-05,253.0,0.00796697
NULS/BTC,1579370990699,2020-01-18T18:09:50.699Z,sell,3.12e-05,7.0,0.0002184
NULS/BTC,1579371061038,2020-01-18T18:11:01.038Z,buy,3.15e-05,21.0,0.0006615
NULS/BTC,1579371061038,2020-01-18T18:11:01.038Z,buy,3.151e-05,19.0,0.00059869
NULS/BTC,1579371061038,2020-01-18T18:11:01.038Z,buy,3.153e-05,116.0,0.00365748
NULS/BTC,1579371080999,2020-01-18T18:11:20.999Z,buy,3.15e-05,555.0,0.0174825
NULS/BTC,1579371086007,2020-01-18T18:11:26.007Z,buy,3.153e-05,371.0,0.0116976299999999
NULS/BTC,1579371086007,2020-01-18T18:11:26.007Z,buy,3.154e-05,2064.0,0.06509856
NULS/BTC,1579371142216,2020-01-18T18:12:22.216Z,sell,3.135e-05,4.0,0.0001254
NULS/BTC,1579371226079,2020-01-18T18:13:46.079Z,buy,3.15e-05,54.0,0.001701
NULS/BTC,1579371226081,2020-01-18T18:13:46.081Z,buy,3.159e-05,443.0,0.01399437
NULS/BTC,1579371233004,2020-01-18T18:13:53.004Z,sell,3.132e-05,22.0,0.0006890399999999
NULS/BTC,1579371233040,2020-01-18T18:13:53.040Z,sell,3.133e-05,14.0,0.00043862
NULS/BTC,1579371353519,2020-01-18T18:15:53.519Z,sell,3.134e-05,30.0,0.0009402
NULS/BTC,1579371448326,2020-01-18T18:17:28.326Z,buy,3.156e-05,16.0,0.00050496
NULS/BTC,1579371448326,2020-01-18T18:17:28.326Z,buy,3.157e-05,14.0,0.0004419799999999
NULS/BTC,1579371448326,2020-01-18T18:17:28.326Z,buy,3.159e-05,52.0,0.00164268
NULS/BTC,1579371448326,2020-01-18T18:17:28.326Z,buy,3.16e-05,40.0,0.001264
NULS/BTC,1579371448326,2020-01-18T18:17:28.326Z,buy,3.163e-05,58.0,0.00183454
NULS/BTC,1579371448326,2020-01-18T18:17:28.326Z,buy,3.169e-05,142.0,0.00449998
NULS/BTC,1579371448326,2020-01-18T18:17:28.326Z,buy,3.17e-05,54.0,0.0017117999999999
NULS/BTC,1579371461162,2020-01-18T18:17:41.162Z,sell,3.14e-05,16.0,0.0005024
NULS/BTC,1579371464954,2020-01-18T18:17:44.954Z,sell,3.138e-05,6.0,0.00018828
NULS/BTC,1579371466054,2020-01-18T18:17:46.054Z,buy,3.168e-05,6.0,0.00019008
NULS/BTC,1579371466054,2020-01-18T18:17:46.054Z,buy,3.169e-05,370.0,0.0117253
NULS/BTC,1579371473468,2020-01-18T18:17:53.468Z,sell,3.14e-05,11.0,0.0003454
NULS/BTC,1579371473468,2020-01-18T18:17:53.468Z,sell,3.139e-05,360.0,0.0113004
NULS/BTC,1579371698687,2020-01-18T18:21:38.687Z,buy,3.161e-05,11.0,0.00034771
NULS/BTC,1579371698687,2020-01-18T18:21:38.687Z,buy,3.162e-05,43.0,0.00135966
NULS/BTC,1579371880349,2020-01-18T18:24:40.349Z,sell,3.145e-05,54.0,0.0016983
NULS/BTC,1579371883244,2020-01-18T18:24:43.244Z,buy,3.162e-05,388.0,0.01226856
NULS/BTC,1579371883370,2020-01-18T18:24:43.370Z,sell,3.162e-05,41.0,0.00129642
NULS/BTC,1579371883379,2020-01-18T18:24:43.379Z,sell,3.162e-05,340.0,0.0107508
NULS/BTC,1579371883457,2020-01-18T18:24:43.457Z,sell,3.158e-05,17.0,0.00053686
NULS/BTC,1579371883756,2020-01-18T18:24:43.756Z,sell,3.158e-05,51.0,0.00161058
NULS/BTC,1579371891862,2020-01-18T18:24:51.862Z,buy,3.168e-05,7.0,0.00022176
NULS/BTC,1579371899603,2020-01-18T18:24:59.603Z,sell,3.156e-05,6.0,0.00018936
NULS/BTC,1579371952925,2020-01-18T18:25:52.925Z,buy,3.168e-05,1.0,3.168e-05
NULS/BTC,1579371971360,2020-01-18T18:26:11.360Z,buy,3.167e-05,146.0,0.00462382
NULS/BTC,1579372188531,2020-01-18T18:29:48.531Z,buy,3.168e-05,7.0,0.00022176
NULS/BTC,1579372188611,2020-01-18T18:29:48.611Z,sell,3.168e-05,107.0,0.00338976
NULS/BTC,1579372188628,2020-01-18T18:29:48.628Z,sell,3.16e-05,7.0,0.0002212
NULS/BTC,1579372267558,2020-01-18T18:31:07.558Z,sell,3.161e-05,100.0,0.0031609999999999
NULS/BTC,1579372286536,2020-01-18T18:31:26.536Z,buy,3.173e-05,1.0,3.173e-05
NULS/BTC,1579372288828,2020-01-18T18:31:28.828Z,sell,3.169e-05,548.0,0.01736612
NULS/BTC,1579372336175,2020-01-18T18:32:16.175Z,buy,3.173e-05,363.0,0.01151799
NULS/BTC,1579372336196,2020-01-18T18:32:16.196Z,sell,3.173e-05,203.0,0.00644119
NULS/BTC,1579372336215,2020-01-18T18:32:16.215Z,sell,3.173e-05,7.0,0.00022211
NULS/BTC,1579372336240,2020-01-18T18:32:16.240Z,sell,3.173e-05,913.0,0.02896949
NULS/BTC,1579372336267,2020-01-18T18:32:16.267Z,sell,3.173e-05,409.0,0.01297757
NULS/BTC,1579372336433,2020-01-18T18:32:16.433Z,sell,3.173e-05,565.0,0.01792745
NULS/BTC,1579372337932,2020-01-18T18:32:17.932Z,sell,3.173e-05,120.0,0.0038076
NULS/BTC,1579372339259,2020-01-18T18:32:19.259Z,sell,3.173e-05,80.0,0.0025384
NULS/BTC,1579372342337,2020-01-18T18:32:22.337Z,sell,3.173e-05,46.0,0.00145958
NULS/BTC,1579372350827,2020-01-18T18:32:30.827Z,sell,3.173e-05,50.0,0.0015865
NULS/BTC,1579372354177,2020-01-18T18:32:34.177Z,sell,3.173e-05,21.0,0.00066633
NULS/BTC,1579372354177,2020-01-18T18:32:34.177Z,sell,3.158e-05,18.0,0.00056844
NULS/BTC,1579372354330,2020-01-18T18:32:34.330Z,sell,3.158e-05,7.0,0.00022106
NULS/BTC,1579372376981,2020-01-18T18:32:56.981Z,buy,3.174e-05,10.0,0.0003173999999999
NULS/BTC,1579372377002,2020-01-18T18:32:57.002Z,sell,3.174e-05,22.0,0.0006982799999999
NULS/BTC,1579372395219,2020-01-18T18:33:15.219Z,sell,3.158e-05,26.0,0.00082108
NULS/BTC,1579372433796,2020-01-18T18:33:53.796Z,buy,3.175e-05,753.0,0.02390775
NULS/BTC,1579372433796,2020-01-18T18:33:53.796Z,buy,3.176e-05,1019.0,0.03236344
NULS/BTC,1579372433796,2020-01-18T18:33:53.796Z,buy,3.179e-05,27.0,0.0008583299999999
NULS/BTC,1579372433796,2020-01-18T18:33:53.796Z,buy,3.18e-05,1350.0,0.04293
NULS/BTC,1579372446756,2020-01-18T18:34:06.756Z,sell,3.161e-05,38.0,0.0012011799999999
NULS/BTC,1579372462822,2020-01-18T18:34:22.822Z,buy,3.178e-05,33.0,0.0010487399999999
NULS/BTC,1579372620314,2020-01-18T18:37:00.314Z,sell,3.17e-05,4.0,0.0001268
NULS/BTC,1579372627114,2020-01-18T18:37:07.114Z,sell,3.17e-05,262.0,0.0083054
NULS/BTC,1579372628380,2020-01-18T18:37:08.380Z,sell,3.17e-05,104.0,0.0032968
NULS/BTC,1579372631781,2020-01-18T18:37:11.781Z,sell,3.17e-05,42.0,0.0013314
NULS/BTC,1579372640915,2020-01-18T18:37:20.915Z,buy,3.178e-05,4.0,0.00012712
NULS/BTC,1579372640915,2020-01-18T18:37:20.915Z,buy,3.179e-05,27.0,0.0008583299999999
NULS/BTC,1579372640915,2020-01-18T18:37:20.915Z,buy,3.18e-05,269.0,0.0085542
NULS/BTC,1579372643559,2020-01-18T18:37:23.559Z,sell,3.17e-05,73.0,0.0023141
NULS/BTC,1579372643718,2020-01-18T18:37:23.718Z,buy,3.18e-05,149.0,0.0047382
NULS/BTC,1579372645955,2020-01-18T18:37:25.955Z,sell,3.17e-05,4.0,0.0001268
NULS/BTC,1579372647705,2020-01-18T18:37:27.705Z,buy,3.18e-05,75.0,0.002385
NULS/BTC,1579372650222,2020-01-18T18:37:30.222Z,buy,3.18e-05,75.0,0.002385
NULS/BTC,1579372748513,2020-01-18T18:39:08.513Z,buy,3.18e-05,161.0,0.0051198
NULS/BTC,1579372749093,2020-01-18T18:39:09.093Z,sell,3.17e-05,194.0,0.0061497999999999
NULS/BTC,1579372814678,2020-01-18T18:40:14.678Z,sell,3.161e-05,27.0,0.0008534699999999
NULS/BTC,1579372814678,2020-01-18T18:40:14.678Z,sell,3.159e-05,37.0,0.00116883
NULS/BTC,1579372875900,2020-01-18T18:41:15.900Z,buy,3.179e-05,27.0,0.0008583299999999
NULS/BTC,1579372875920,2020-01-18T18:41:15.920Z,sell,3.179e-05,40.0,0.0012716
NULS/BTC,1579372875926,2020-01-18T18:41:15.926Z,sell,3.179e-05,27.0,0.0008583299999999
NULS/BTC,1579372880950,2020-01-18T18:41:20.950Z,sell,3.161e-05,27.0,0.0008534699999999
NULS/BTC,1579372880950,2020-01-18T18:41:20.950Z,sell,3.159e-05,571.0,0.01803789
NULS/BTC,1579372911273,2020-01-18T18:41:51.273Z,buy,3.178e-05,1.0,3.178e-05
NULS/BTC,1579372930344,2020-01-18T18:42:10.344Z,sell,3.159e-05,161.0,0.00508599
NULS/BTC,1579372975604,2020-01-18T18:42:55.604Z,buy,3.178e-05,24.0,0.0007627199999999
NULS/BTC,1579372975606,2020-01-18T18:42:55.606Z,buy,3.179e-05,24.0,0.00076296
NULS/BTC,1579372975606,2020-01-18T18:42:55.606Z,buy,3.179e-05,21.0,0.00066759
NULS/BTC,1579372975606,2020-01-18T18:42:55.606Z,buy,3.18e-05,3.0,9.54e-05
NULS/BTC,1579372975607,2020-01-18T18:42:55.607Z,buy,3.18e-05,24.0,0.0007632
NULS/BTC,1579372975607,2020-01-18T18:42:55.607Z,buy,3.18e-05,24.0,0.0007632
NULS/BTC,1579372975607,2020-01-18T18:42:55.607Z,buy,3.18e-05,24.0,0.0007632
NULS/BTC,1579372975608,2020-01-18T18:42:55.608Z,buy,3.18e-05,24.0,0.0007632
NULS/BTC,1579372975610,2020-01-18T18:42:55.610Z,buy,3.18e-05,24.0,0.0007632
NULS/BTC,1579372975610,2020-01-18T18:42:55.610Z,buy,3.18e-05,24.0,0.0007632
NULS/BTC,1579372975610,2020-01-18T18:42:55.610Z,buy,3.18e-05,24.0,0.0007632
NULS/BTC,1579372975611,2020-01-18T18:42:55.611Z,buy,3.18e-05,24.0,0.0007632
NULS/BTC,1579372975612,2020-01-18T18:42:55.612Z,buy,3.18e-05,24.0,0.0007632
NULS/BTC,1579372975614,2020-01-18T18:42:55.614Z,buy,3.18e-05,24.0,0.0007632
NULS/BTC,1579372975614,2020-01-18T18:42:55.614Z,buy,3.18e-05,24.0,0.0007632
NULS/BTC,1579372975614,2020-01-18T18:42:55.614Z,buy,3.18e-05,24.0,0.0007632
NULS/BTC,1579372975614,2020-01-18T18:42:55.614Z,buy,3.18e-05,24.0,0.0007632
NULS/BTC,1579372975614,2020-01-18T18:42:55.614Z,buy,3.18e-05,24.0,0.0007632
NULS/BTC,1579372975615,2020-01-18T18:42:55.615Z,buy,3.18e-05,24.0,0.0007632
NULS/BTC,1579372975617,2020-01-18T18:42:55.617Z,buy,3.18e-05,106.0,0.0033708
NULS/BTC,1579372975618,2020-01-18T18:42:55.618Z,buy,3.18e-05,24.0,0.0007632
NULS/BTC,1579372975618,2020-01-18T18:42:55.618Z,buy,3.18e-05,24.0,0.0007632
NULS/BTC,1579372975619,2020-01-18T18:42:55.619Z,buy,3.18e-05,24.0,0.0007632
NULS/BTC,1579372975619,2020-01-18T18:42:55.619Z,buy,3.18e-05,24.0,0.0007632
NULS/BTC,1579372975619,2020-01-18T18:42:55.619Z,buy,3.18e-05,24.0,0.0007632
NULS/BTC,1579372975620,2020-01-18T18:42:55.620Z,buy,3.18e-05,24.0,0.0007632
NULS/BTC,1579372975620,2020-01-18T18:42:55.620Z,buy,3.18e-05,24.0,0.0007632
NULS/BTC,1579372975633,2020-01-18T18:42:55.633Z,buy,3.18e-05,177.0,0.0056286
NULS/BTC,1579373008986,2020-01-18T18:43:28.986Z,sell,3.174e-05,85.0,0.0026978999999999
NULS/BTC,1579373008990,2020-01-18T18:43:28.990Z,buy,3.179e-05,129.0,0.00410091
NULS/BTC,1579373041601,2020-01-18T18:44:01.601Z,buy,3.18e-05,274.0,0.0087132
NULS/BTC,1579373041605,2020-01-18T18:44:01.605Z,buy,3.18e-05,164.0,0.0052152
NULS/BTC,1579373041608,2020-01-18T18:44:01.608Z,buy,3.18e-05,275.0,0.008745
NULS/BTC,1579373053900,2020-01-18T18:44:13.900Z,sell,3.165e-05,10.0,0.0003164999999999
NULS/BTC,1579373059773,2020-01-18T18:44:19.773Z,buy,3.18e-05,1710.0,0.054378
NULS/BTC,1579373066274,2020-01-18T18:44:26.274Z,buy,3.18e-05,9.0,0.0002862
NULS/BTC,1579373212766,2020-01-18T18:46:52.766Z,sell,3.168e-05,238.0,0.00753984
NULS/BTC,1579373212766,2020-01-18T18:46:52.766Z,sell,3.165e-05,152.0,0.0048108
NULS/BTC,1579373212811,2020-01-18T18:46:52.811Z,buy,3.18e-05,1768.0,0.0562224
NULS/BTC,1579373229020,2020-01-18T18:47:09.020Z,buy,3.179e-05,121.0,0.00384659
NULS/BTC,1579373229020,2020-01-18T18:47:09.020Z,buy,3.18e-05,121.0,0.0038478
NULS/BTC,1579373229021,2020-01-18T18:47:09.021Z,buy,3.18e-05,121.0,0.0038478
NULS/BTC,1579373229021,2020-01-18T18:47:09.021Z,buy,3.18e-05,121.0,0.0038478
NULS/BTC,1579373229021,2020-01-18T18:47:09.021Z,buy,3.18e-05,121.0,0.0038478
NULS/BTC,1579373229022,2020-01-18T18:47:09.022Z,buy,3.18e-05,121.0,0.0038478
NULS/BTC,1579373229027,2020-01-18T18:47:09.027Z,buy,3.18e-05,200.0,0.00636
NULS/BTC,1579373229028,2020-01-18T18:47:09.028Z,buy,3.18e-05,72.0,0.0022896
NULS/BTC,1579373229031,2020-01-18T18:47:09.031Z,buy,3.18e-05,121.0,0.0038478
NULS/BTC,1579373229033,2020-01-18T18:47:09.033Z,buy,3.18e-05,121.0,0.0038478
NULS/BTC,1579373240964,2020-01-18T18:47:20.964Z,buy,3.18e-05,79.0,0.0025122
NULS/BTC,1579373322627,2020-01-18T18:48:42.627Z,buy,3.18e-05,877.0,0.0278886
NULS/BTC,1579373322627,2020-01-18T18:48:42.627Z,buy,3.181e-05,5.0,0.00015905
NULS/BTC,1579373322627,2020-01-18T18:48:42.627Z,buy,3.185e-05,8.0,0.0002548
NULS/BTC,1579373422858,2020-01-18T18:50:22.858Z,sell,3.173e-05,10.0,0.0003173
NULS/BTC,1579373452567,2020-01-18T18:50:52.567Z,sell,3.173e-05,17.0,0.00053941
NULS/BTC,1579373460542,2020-01-18T18:51:00.542Z,sell,3.173e-05,8.0,0.00025384
NULS/BTC,1579373661895,2020-01-18T18:54:21.895Z,sell,3.173e-05,54.0,0.00171342
NULS/BTC,1579373772899,2020-01-18T18:56:12.899Z,sell,3.173e-05,196.0,0.00621908
NULS/BTC,1579373772914,2020-01-18T18:56:12.914Z,buy,3.173e-05,216.0,0.00685368
NULS/BTC,1579373772919,2020-01-18T18:56:12.919Z,buy,3.173e-05,260.0,0.0082498
NULS/BTC,1579373795133,2020-01-18T18:56:35.133Z,buy,3.173e-05,5742.0,0.18219366
NULS/BTC,1579373795133,2020-01-18T18:56:35.133Z,buy,3.182e-05,7.0,0.0002227399999999
NULS/BTC,1579373795133,2020-01-18T18:56:35.133Z,buy,3.183e-05,298.0,0.00948534
NULS/BTC,1579373795133,2020-01-18T18:56:35.133Z,buy,3.185e-05,25.0,0.00079625
NULS/BTC,1579373795133,2020-01-18T18:56:35.133Z,buy,3.187e-05,1286.0,0.04098482
NULS/BTC,1579373828707,2020-01-18T18:57:08.707Z,buy,3.188e-05,4.0,0.00012752
NULS/BTC,1579373828707,2020-01-18T18:57:08.707Z,buy,3.189e-05,1007.0,0.03211323
NULS/BTC,1579373828707,2020-01-18T18:57:08.707Z,buy,3.19e-05,3677.0,0.1172963
NULS/BTC,1579373828707,2020-01-18T18:57:08.707Z,buy,3.19e-05,80.0,0.002552
NULS/BTC,1579373829396,2020-01-18T18:57:09.396Z,buy,3.19e-05,6.0,0.0001914
NULS/BTC,1579373843926,2020-01-18T18:57:23.926Z,buy,3.172e-05,4.0,0.00012688
NULS/BTC,1579373843926,2020-01-18T18:57:23.926Z,buy,3.172e-05,4.0,0.00012688
NULS/BTC,1579373898449,2020-01-18T18:58:18.449Z,buy,3.17e-05,359.0,0.0113803
NULS/BTC,1579373898453,2020-01-18T18:58:18.453Z,buy,3.172e-05,2.0,6.344e-05
NULS/BTC,1579373914453,2020-01-18T18:58:34.453Z,buy,3.189e-05,1.0,3.189e-05
NULS/BTC,1579374021119,2020-01-18T19:00:21.119Z,sell,3.168e-05,4.0,0.00012672
NULS/BTC,1579374037095,2020-01-18T19:00:37.095Z,buy,3.188e-05,86.0,0.00274168
NULS/BTC,1579374179506,2020-01-18T19:02:59.506Z,buy,3.181e-05,256.0,0.00814336
NULS/BTC,1579374313291,2020-01-18T19:05:13.291Z,buy,3.181e-05,1.0,3.181e-05
NULS/BTC,1579374379459,2020-01-18T19:06:19.459Z,sell,3.163e-05,79.0,0.00249877
NULS/BTC,1579374389867,2020-01-18T19:06:29.867Z,buy,3.181e-05,692.0,0.02201252
NULS/BTC,1579374452336,2020-01-18T19:07:32.336Z,sell,3.163e-05,1467.0,0.04640121
NULS/BTC,1579374452336,2020-01-18T19:07:32.336Z,sell,3.162e-05,946.0,0.0299125199999999
NULS/BTC,1579374452336,2020-01-18T19:07:32.336Z,sell,3.161e-05,457.0,0.0144457699999999
NULS/BTC,1579374452336,2020-01-18T19:07:32.336Z,sell,3.159e-05,27.0,0.00085293
NULS/BTC,1579374452336,2020-01-18T19:07:32.336Z,sell,3.153e-05,24.0,0.00075672
NULS/BTC,1579374452336,2020-01-18T19:07:32.336Z,sell,3.152e-05,982.0,0.03095264
NULS/BTC,1579374452336,2020-01-18T19:07:32.336Z,sell,3.151e-05,58.0,0.00182758
NULS/BTC,1579374452336,2020-01-18T19:07:32.336Z,sell,3.15e-05,153.0,0.0048195
NULS/BTC,1579374452336,2020-01-18T19:07:32.336Z,sell,3.148e-05,3000.0,0.09444
NULS/BTC,1579374452345,2020-01-18T19:07:32.345Z,buy,3.148e-05,1832.0,0.0576713599999999
NULS/BTC,1579374452355,2020-01-18T19:07:32.355Z,buy,3.15e-05,299.0,0.0094185
NULS/BTC,1579374467476,2020-01-18T19:07:47.476Z,buy,3.168e-05,280.0,0.0088704
NULS/BTC,1579374467485,2020-01-18T19:07:47.485Z,buy,3.178e-05,329.0,0.0104556199999999
NULS/BTC,1579374684377,2020-01-18T19:11:24.377Z,buy,3.176e-05,110.0,0.0034936
NULS/BTC,1579374756556,2020-01-18T19:12:36.556Z,buy,3.177e-05,1.0,3.177e-05
NULS/BTC,1579374759282,2020-01-18T19:12:39.282Z,buy,3.177e-05,267.0,0.00848259
NULS/BTC,1579374759282,2020-01-18T19:12:39.282Z,buy,3.178e-05,1253.0,0.0398203399999999
NULS/BTC,1579374799980,2020-01-18T19:13:19.980Z,sell,3.169e-05,510.0,0.0161619
NULS/BTC,1579374843420,2020-01-18T19:14:03.420Z,buy,3.178e-05,1.0,3.178e-05
NULS/BTC,1579374869652,2020-01-18T19:14:29.652Z,buy,3.177e-05,4.0,0.00012708
NULS/BTC,1579374869652,2020-01-18T19:14:29.652Z,buy,3.178e-05,439.0,0.0139514199999999
NULS/BTC,1579374870118,2020-01-18T19:14:30.118Z,sell,3.178e-05,69.0,0.00219282
NULS/BTC,1579374871255,2020-01-18T19:14:31.255Z,sell,3.178e-05,39.0,0.00123942
NULS/BTC,1579374871346,2020-01-18T19:14:31.346Z,sell,3.178e-05,4.0,0.00012712
NULS/BTC,1579374934140,2020-01-18T19:15:34.140Z,sell,3.178e-05,4.0,0.00012712
NULS/BTC,1579374952993,2020-01-18T19:15:52.993Z,buy,3.179e-05,27.0,0.0008583299999999
NULS/BTC,1579374954066,2020-01-18T19:15:54.066Z,buy,3.18e-05,24.0,0.0007632
NULS/BTC,1579374966475,2020-01-18T19:16:06.475Z,buy,3.186e-05,15.0,0.0004779
NULS/BTC,1579374981899,2020-01-18T19:16:21.899Z,sell,3.178e-05,399.0,0.0126802199999999
NULS/BTC,1579375159487,2020-01-18T19:19:19.487Z,buy,3.178e-05,79.0,0.00251062
NULS/BTC,1579375178074,2020-01-18T19:19:38.074Z,buy,3.175e-05,158.0,0.0050165
NULS/BTC,1579375178076,2020-01-18T19:19:38.076Z,buy,3.177e-05,147.0,0.00467019
NULS/BTC,1579375179006,2020-01-18T19:19:39.006Z,sell,3.169e-05,500.0,0.015845
NULS/BTC,1579375351631,2020-01-18T19:22:31.631Z,sell,3.169e-05,12.0,0.00038028
NULS/BTC,1579375445528,2020-01-18T19:24:05.528Z,sell,3.161e-05,27.0,0.0008534699999999
NULS/BTC,1579375445528,2020-01-18T19:24:05.528Z,sell,3.153e-05,24.0,0.00075672
NULS/BTC,1579375445528,2020-01-18T19:24:05.528Z,sell,3.151e-05,14.0,0.00044114
NULS/BTC,1579375451340,2020-01-18T19:24:11.340Z,buy,3.177e-05,1.0,3.177e-05
NULS/BTC,1579375588303,2020-01-18T19:26:28.303Z,buy,3.176e-05,236.0,0.00749536
NULS/BTC,1579375733478,2020-01-18T19:28:53.478Z,buy,3.164e-05,171.0,0.00541044
NULS/BTC,1579375756833,2020-01-18T19:29:16.833Z,buy,3.165e-05,1360.0,0.043044
NULS/BTC,1579375757141,2020-01-18T19:29:17.141Z,buy,3.165e-05,985.0,0.0311752499999999
NULS/BTC,1579375884058,2020-01-18T19:31:24.058Z,buy,3.176e-05,43.0,0.00136568
NULS/BTC,1579375884062,2020-01-18T19:31:24.062Z,buy,3.163e-05,50.0,0.0015815
NULS/BTC,1579375907939,2020-01-18T19:31:47.939Z,buy,3.163e-05,884.0,0.02796092
NULS/BTC,1579375910952,2020-01-18T19:31:50.952Z,buy,3.163e-05,53.0,0.00167639
NULS/BTC,1579375956998,2020-01-18T19:32:36.998Z,buy,3.163e-05,666.0,0.02106558
NULS/BTC,1579375957006,2020-01-18T19:32:37.006Z,buy,3.163e-05,358.0,0.01132354
NULS/BTC,1579376050885,2020-01-18T19:34:10.885Z,buy,3.177e-05,20.0,0.0006354
NULS/BTC,1579376085694,2020-01-18T19:34:45.694Z,buy,3.174e-05,156.0,0.00495144
NULS/BTC,1579376140975,2020-01-18T19:35:40.975Z,sell,3.157e-05,4.0,0.00012628
NULS/BTC,1579376141198,2020-01-18T19:35:41.198Z,sell,3.156e-05,59.0,0.00186204
NULS/BTC,1579376141429,2020-01-18T19:35:41.429Z,sell,3.156e-05,518.0,0.01634808
NULS/BTC,1579376141468,2020-01-18T19:35:41.468Z,sell,3.156e-05,114.0,0.00359784
NULS/BTC,1579376141520,2020-01-18T19:35:41.520Z,sell,3.156e-05,25.0,0.000789
NULS/BTC,1579376141645,2020-01-18T19:35:41.645Z,sell,3.155e-05,103.0,0.00324965
NULS/BTC,1579376149761,2020-01-18T19:35:49.761Z,sell,3.156e-05,340.0,0.0107304
NULS/BTC,1579376193243,2020-01-18T19:36:33.243Z,buy,3.174e-05,53.0,0.00168222
NULS/BTC,1579376242660,2020-01-18T19:37:22.660Z,buy,3.173e-05,47.0,0.00149131
NULS/BTC,1579376256753,2020-01-18T19:37:36.753Z,sell,3.156e-05,53.0,0.00167268
NULS/BTC,1579376267281,2020-01-18T19:37:47.281Z,buy,3.172e-05,31.0,0.00098332
NULS/BTC,1579376387492,2020-01-18T19:39:47.492Z,sell,3.165e-05,7.0,0.00022155
NULS/BTC,1579376387492,2020-01-18T19:39:47.492Z,sell,3.163e-05,21.0,0.00066423
NULS/BTC,1579376387492,2020-01-18T19:39:47.492Z,sell,3.162e-05,5.0,0.0001581
NULS/BTC,1579376387498,2020-01-18T19:39:47.498Z,sell,3.155e-05,100.0,0.003155
NULS/BTC,1579376387539,2020-01-18T19:39:47.539Z,sell,3.155e-05,1179.0,0.03719745
NULS/BTC,1579376387652,2020-01-18T19:39:47.652Z,sell,3.155e-05,789.0,0.02489295
NULS/BTC,1579376396618,2020-01-18T19:39:56.618Z,sell,3.155e-05,83.0,0.00261865
NULS/BTC,1579376424572,2020-01-18T19:40:24.572Z,buy,3.161e-05,1.0,3.161e-05
NULS/BTC,1579376428176,2020-01-18T19:40:28.176Z,sell,3.156e-05,11.0,0.00034716
NULS/BTC,1579376429162,2020-01-18T19:40:29.162Z,sell,3.155e-05,29.0,0.00091495
NULS/BTC,1579376434099,2020-01-18T19:40:34.099Z,sell,3.155e-05,4886.0,0.1541533
NULS/BTC,1579376434704,2020-01-18T19:40:34.704Z,buy,3.155e-05,86.0,0.0027133
NULS/BTC,1579376434704,2020-01-18T19:40:34.704Z,buy,3.156e-05,1.0,3.156e-05
NULS/BTC,1579376439998,2020-01-18T19:40:39.998Z,buy,3.156e-05,1.0,3.156e-05
NULS/BTC,1579376559754,2020-01-18T19:42:39.754Z,buy,3.151e-05,324.0,0.01020924
NULS/BTC,1579376559758,2020-01-18T19:42:39.758Z,buy,3.155e-05,154.0,0.0048587
NULS/BTC,1579376729538,2020-01-18T19:45:29.538Z,sell,3.143e-05,4.0,0.00012572
NULS/BTC,1579376729538,2020-01-18T19:45:29.538Z,sell,3.142e-05,27.0,0.00084834
NULS/BTC,1579376729538,2020-01-18T19:45:29.538Z,sell,3.14e-05,561.0,0.0176154
NULS/BTC,1579376729538,2020-01-18T19:45:29.538Z,sell,3.138e-05,52.0,0.00163176
NULS/BTC,1579376729538,2020-01-18T19:45:29.538Z,sell,3.137e-05,127.0,0.00398399
NULS/BTC,1579376729538,2020-01-18T19:45:29.538Z,sell,3.133e-05,66.0,0.00206778
NULS/BTC,1579376729538,2020-01-18T19:45:29.538Z,sell,3.132e-05,848.0,0.0265593599999999
NULS/BTC,1579376729538,2020-01-18T19:45:29.538Z,sell,3.13e-05,3000.0,0.0939
NULS/BTC,1579376729547,2020-01-18T19:45:29.547Z,buy,3.136e-05,50.0,0.001568
NULS/BTC,1579376729665,2020-01-18T19:45:29.665Z,sell,3.138e-05,44.0,0.00138072
NULS/BTC,1579376729712,2020-01-18T19:45:29.712Z,sell,3.138e-05,4.0,0.00012552
NULS/BTC,1579376730147,2020-01-18T19:45:30.147Z,sell,3.131e-05,9.0,0.0002817899999999
NULS/BTC,1579376730147,2020-01-18T19:45:30.147Z,sell,3.128e-05,861.0,0.0269320799999999
NULS/BTC,1579376730970,2020-01-18T19:45:30.970Z,sell,3.128e-05,850.0,0.026588
NULS/BTC,1579376732412,2020-01-18T19:45:32.412Z,sell,3.141e-05,955.0,0.02999655
NULS/BTC,1579376745706,2020-01-18T19:45:45.706Z,buy,3.139e-05,10.0,0.0003139
NULS/BTC,1579376745706,2020-01-18T19:45:45.706Z,buy,3.14e-05,384.0,0.0120575999999999
NULS/BTC,1579376745706,2020-01-18T19:45:45.706Z,buy,3.151e-05,138.0,0.00434838
NULS/BTC,1579376758022,2020-01-18T19:45:58.022Z,sell,3.127e-05,1651.0,0.0516267699999999
NULS/BTC,1579376767975,2020-01-18T19:46:07.975Z,sell,3.135e-05,4.0,0.0001254
NULS/BTC,1579376812627,2020-01-18T19:46:52.627Z,sell,3.135e-05,48.0,0.0015048
NULS/BTC,1579376816984,2020-01-18T19:46:56.984Z,sell,3.135e-05,7.0,0.00021945
NULS/BTC,1579376834510,2020-01-18T19:47:14.510Z,sell,3.135e-05,301.0,0.00943635
NULS/BTC,1579376834513,2020-01-18T19:47:14.513Z,sell,3.135e-05,641.0,0.02009535
NULS/BTC,1579376834519,2020-01-18T19:47:14.519Z,sell,3.135e-05,3.0,9.405e-05
NULS/BTC,1579376904798,2020-01-18T19:48:24.798Z,sell,3.127e-05,56.0,0.0017511199999999
NULS/BTC,1579376905832,2020-01-18T19:48:25.832Z,sell,3.131e-05,153.0,0.0047904299999999
NULS/BTC,1579376905834,2020-01-18T19:48:25.834Z,buy,3.134e-05,115.0,0.0036041
NULS/BTC,1579376907145,2020-01-18T19:48:27.145Z,buy,3.135e-05,9.0,0.00028215
NULS/BTC,1579377031905,2020-01-18T19:50:31.905Z,buy,3.135e-05,57.0,0.00178695
NULS/BTC,1579377108993,2020-01-18T19:51:48.993Z,sell,3.125e-05,28.0,0.000875
NULS/BTC,1579377108994,2020-01-18T19:51:48.994Z,sell,3.124e-05,27.0,0.00084348
NULS/BTC,1579377109018,2020-01-18T19:51:49.018Z,sell,3.12e-05,43.0,0.0013416
NULS/BTC,1579377109018,2020-01-18T19:51:49.018Z,sell,3.12e-05,111.0,0.0034632
NULS/BTC,1579377109018,2020-01-18T19:51:49.018Z,sell,3.116e-05,3611.0,0.11251876
NULS/BTC,1579377109018,2020-01-18T19:51:49.018Z,sell,3.115e-05,322.0,0.0100302999999999
NULS/BTC,1579377109018,2020-01-18T19:51:49.018Z,sell,3.114e-05,76.0,0.0023666399999999
NULS/BTC,1579377109018,2020-01-18T19:51:49.018Z,sell,3.113e-05,5.0,0.00015565
NULS/BTC,1579377109018,2020-01-18T19:51:49.018Z,sell,3.112e-05,9.0,0.00028008
NULS/BTC,1579377109018,2020-01-18T19:51:49.018Z,sell,3.109e-05,143.0,0.00444587
NULS/BTC,1579377109018,2020-01-18T19:51:49.018Z,sell,3.108e-05,2678.0,0.08323224
NULS/BTC,1579377113056,2020-01-18T19:51:53.056Z,buy,3.123e-05,32.0,0.00099936
NULS/BTC,1579377113114,2020-01-18T19:51:53.114Z,buy,3.123e-05,32.0,0.00099936
NULS/BTC,1579377162426,2020-01-18T19:52:42.426Z,buy,3.123e-05,136.0,0.00424728
NULS/BTC,1579377162548,2020-01-18T19:52:42.548Z,sell,3.125e-05,136.0,0.00425
NULS/BTC,1579377200044,2020-01-18T19:53:20.044Z,buy,3.134e-05,162.0,0.00507708
NULS/BTC,1579377341317,2020-01-18T19:55:41.317Z,buy,3.135e-05,466.0,0.0146091
NULS/BTC,1579377341368,2020-01-18T19:55:41.368Z,sell,3.137e-05,1712.0,0.05370544
NULS/BTC,1579377341403,2020-01-18T19:55:41.403Z,buy,3.142e-05,27.0,0.00084834
NULS/BTC,1579377341403,2020-01-18T19:55:41.403Z,buy,3.145e-05,293.0,0.00921485
NULS/BTC,1579377341447,2020-01-18T19:55:41.447Z,sell,3.137e-05,134.0,0.00420358
NULS/BTC,1579377341512,2020-01-18T19:55:41.512Z,buy,3.141e-05,1458.0,0.04579578
NULS/BTC,1579377341604,2020-01-18T19:55:41.604Z,buy,3.141e-05,246.0,0.0077268599999999
NULS/BTC,1579377342239,2020-01-18T19:55:42.239Z,buy,3.144e-05,347.0,0.01090968
NULS/BTC,1579377342239,2020-01-18T19:55:42.239Z,buy,3.145e-05,1163.0,0.03657635
NULS/BTC,1579377374230,2020-01-18T19:56:14.230Z,sell,3.14e-05,200.0,0.0062799999999999
NULS/BTC,1579377386653,2020-01-18T19:56:26.653Z,buy,3.153e-05,1.0,3.153e-05
NULS/BTC,1579377395509,2020-01-18T19:56:35.509Z,buy,3.146e-05,186.0,0.00585156
NULS/BTC,1579377395509,2020-01-18T19:56:35.509Z,buy,3.146e-05,186.0,0.00585156
NULS/BTC,1579377548887,2020-01-18T19:59:08.887Z,buy,3.147e-05,65.0,0.00204555
NULS/BTC,1579377568767,2020-01-18T19:59:28.767Z,buy,3.143e-05,5.0,0.00015715
NULS/BTC,1579377579238,2020-01-18T19:59:39.238Z,buy,3.144e-05,4.0,0.00012576
NULS/BTC,1579377633464,2020-01-18T20:00:33.464Z,sell,3.147e-05,488.0,0.01535736
NULS/BTC,1579377723838,2020-01-18T20:02:03.838Z,buy,3.148e-05,4.0,0.00012592
NULS/BTC,1579377725918,2020-01-18T20:02:05.918Z,buy,3.148e-05,4.0,0.00012592
NULS/BTC,1579377731323,2020-01-18T20:02:11.323Z,buy,3.146e-05,4.0,0.00012584
NULS/BTC,1579377775834,2020-01-18T20:02:55.834Z,buy,3.139e-05,620.0,0.0194618
NULS/BTC,1579377775836,2020-01-18T20:02:55.836Z,buy,3.145e-05,196.0,0.0061642
NULS/BTC,1579377856195,2020-01-18T20:04:16.195Z,buy,3.143e-05,193.0,0.00606599
NULS/BTC,1579377856200,2020-01-18T20:04:16.200Z,buy,3.138e-05,828.0,0.02598264
NULS/BTC,1579377942447,2020-01-18T20:05:42.447Z,buy,3.143e-05,568.0,0.01785224
NULS/BTC,1579377942453,2020-01-18T20:05:42.453Z,buy,3.134e-05,356.0,0.01115704
NULS/BTC,1579377942493,2020-01-18T20:05:42.493Z,buy,3.144e-05,1.0,3.144e-05
NULS/BTC,1579377942578,2020-01-18T20:05:42.578Z,sell,3.135e-05,9.0,0.00028215
NULS/BTC,1579377955985,2020-01-18T20:05:55.985Z,buy,3.143e-05,1.0,3.143e-05
NULS/BTC,1579378030645,2020-01-18T20:07:10.645Z,buy,3.142e-05,406.0,0.01275652
NULS/BTC,1579378103509,2020-01-18T20:08:23.509Z,buy,3.142e-05,108.0,0.00339336
NULS/BTC,1579378144781,2020-01-18T20:09:04.781Z,buy,3.142e-05,15.0,0.0004713
NULS/BTC,1579378166493,2020-01-18T20:09:26.493Z,sell,3.124e-05,31.0,0.00096844
NULS/BTC,1579378166493,2020-01-18T20:09:26.493Z,sell,3.119e-05,43.0,0.0013411699999999
NULS/BTC,1579378166493,2020-01-18T20:09:26.493Z,sell,3.114e-05,251.0,0.00781614
NULS/BTC,1579378166493,2020-01-18T20:09:26.493Z,sell,3.113e-05,387.0,0.01204731
NULS/BTC,1579378166518,2020-01-18T20:09:26.518Z,buy,3.141e-05,93.0,0.00292113
NULS/BTC,1579378166518,2020-01-18T20:09:26.518Z,sell,3.131e-05,368.0,0.0115220799999999
NULS/BTC,1579378257676,2020-01-18T20:10:57.676Z,sell,3.116e-05,67.0,0.00208772
NULS/BTC,1579378257676,2020-01-18T20:10:57.676Z,sell,3.112e-05,644.0,0.02004128
NULS/BTC,1579378266682,2020-01-18T20:11:06.682Z,buy,3.123e-05,50.0,0.0015615
NULS/BTC,1579378267679,2020-01-18T20:11:07.679Z,buy,3.122e-05,50.0,0.001561
NULS/BTC,1579378268864,2020-01-18T20:11:08.864Z,buy,3.134e-05,1.0,3.134e-05
NULS/BTC,1579378309934,2020-01-18T20:11:49.934Z,buy,3.133e-05,225.0,0.00704925
NULS/BTC,1579378368138,2020-01-18T20:12:48.138Z,buy,3.133e-05,13.0,0.00040729
NULS/BTC,1579378368138,2020-01-18T20:12:48.138Z,buy,3.134e-05,196.0,0.00614264
NULS/BTC,1579378368138,2020-01-18T20:12:48.138Z,buy,3.142e-05,969.0,0.03044598
NULS/BTC,1579378368138,2020-01-18T20:12:48.138Z,buy,3.145e-05,2151.0,0.06764895
NULS/BTC,1579378368138,2020-01-18T20:12:48.138Z,buy,3.146e-05,435.0,0.0136851
NULS/BTC,1579378368138,2020-01-18T20:12:48.138Z,buy,3.148e-05,478.0,0.0150474399999999
NULS/BTC,1579378368138,2020-01-18T20:12:48.138Z,buy,3.149e-05,2626.0,0.08269274
NULS/BTC,1579378388603,2020-01-18T20:13:08.603Z,buy,3.151e-05,163.0,0.00513613
NULS/BTC,1579378452829,2020-01-18T20:14:12.829Z,buy,3.15e-05,244.0,0.007686
NULS/BTC,1579378526233,2020-01-18T20:15:26.233Z,sell,3.141e-05,433.0,0.01360053
NULS/BTC,1579378526242,2020-01-18T20:15:26.242Z,buy,3.15e-05,94.0,0.002961
NULS/BTC,1579378602802,2020-01-18T20:16:42.802Z,buy,3.138e-05,506.0,0.01587828
NULS/BTC,1579378602808,2020-01-18T20:16:42.808Z,buy,3.15e-05,212.0,0.006678
NULS/BTC,1579378696871,2020-01-18T20:18:16.871Z,buy,3.137e-05,105.0,0.00329385
NULS/BTC,1579378696880,2020-01-18T20:18:16.880Z,buy,3.15e-05,355.0,0.0111825
NULS/BTC,1579378777458,2020-01-18T20:19:37.458Z,buy,3.142e-05,305.0,0.0095831
NULS/BTC,1579378777460,2020-01-18T20:19:37.460Z,buy,3.15e-05,139.0,0.0043785
NULS/BTC,1579378813532,2020-01-18T20:20:13.532Z,buy,3.15e-05,50.0,0.001575
NULS/BTC,1579378821394,2020-01-18T20:20:21.394Z,buy,3.151e-05,4.0,0.00012604
NULS/BTC,1579378821394,2020-01-18T20:20:21.394Z,buy,3.153e-05,23.0,0.0007251899999999
NULS/BTC,1579378821394,2020-01-18T20:20:21.394Z,buy,3.16e-05,9.0,0.0002844
NULS/BTC,1579378821426,2020-01-18T20:20:21.426Z,sell,3.16e-05,1.0,3.16e-05
NULS/BTC,1579378838849,2020-01-18T20:20:38.849Z,buy,3.16e-05,8.0,0.0002528
NULS/BTC,1579378844802,2020-01-18T20:20:44.802Z,buy,3.16e-05,3.0,9.48e-05
NULS/BTC,1579378844802,2020-01-18T20:20:44.802Z,buy,3.161e-05,2.0,6.322e-05
NULS/BTC,1579378854688,2020-01-18T20:20:54.688Z,buy,3.154e-05,213.0,0.00671802
NULS/BTC,1579378854688,2020-01-18T20:20:54.688Z,buy,3.154e-05,27.0,0.00085158
NULS/BTC,1579378854694,2020-01-18T20:20:54.694Z,sell,3.154e-05,213.0,0.00671802
NULS/BTC,1579378874398,2020-01-18T20:21:14.398Z,buy,3.159e-05,4.0,0.00012636
NULS/BTC,1579378874398,2020-01-18T20:21:14.398Z,buy,3.16e-05,217.0,0.0068572
NULS/BTC,1579378874398,2020-01-18T20:21:14.398Z,buy,3.161e-05,25.0,0.0007902499999999
NULS/BTC,1579378874398,2020-01-18T20:21:14.398Z,buy,3.165e-05,256.0,0.0081024
NULS/BTC,1579378874398,2020-01-18T20:21:14.398Z,buy,3.166e-05,173.0,0.00547718
NULS/BTC,1579378879299,2020-01-18T20:21:19.299Z,sell,3.142e-05,20.0,0.0006284
NULS/BTC,1579378902427,2020-01-18T20:21:42.427Z,buy,3.148e-05,101.0,0.0031794799999999
NULS/BTC,1579378902434,2020-01-18T20:21:42.434Z,buy,3.165e-05,208.0,0.0065831999999999
NULS/BTC,1579378920536,2020-01-18T20:22:00.536Z,sell,3.142e-05,7.0,0.00021994
NULS/BTC,1579378920536,2020-01-18T20:22:00.536Z,sell,3.13e-05,672.0,0.0210336
NULS/BTC,1579378920536,2020-01-18T20:22:00.536Z,sell,3.128e-05,468.0,0.0146390399999999
NULS/BTC,1579378920536,2020-01-18T20:22:00.536Z,sell,3.127e-05,5116.0,0.1599773199999999
NULS/BTC,1579378920536,2020-01-18T20:22:00.536Z,sell,3.126e-05,632.0,0.01975632
NULS/BTC,1579378920536,2020-01-18T20:22:00.536Z,sell,3.125e-05,24.0,0.00075
NULS/BTC,1579378920536,2020-01-18T20:22:00.536Z,sell,3.124e-05,3040.0,0.0949696
NULS/BTC,1579378920536,2020-01-18T20:22:00.536Z,sell,3.123e-05,475.0,0.0148342499999999
NULS/BTC,1579378920549,2020-01-18T20:22:00.549Z,buy,3.12e-05,165.0,0.005148
NULS/BTC,1579378920555,2020-01-18T20:22:00.555Z,buy,3.12e-05,145.0,0.004524
NULS/BTC,1579378920557,2020-01-18T20:22:00.557Z,buy,3.12e-05,99.0,0.0030888
NULS/BTC,1579378920561,2020-01-18T20:22:00.561Z,buy,3.12e-05,254.0,0.0079248
NULS/BTC,1579378920564,2020-01-18T20:22:00.564Z,buy,3.12e-05,2719.0,0.0848328
NULS/BTC,1579378984164,2020-01-18T20:23:04.164Z,buy,3.141e-05,356.0,0.01118196
NULS/BTC,1579379176421,2020-01-18T20:26:16.421Z,buy,3.142e-05,1.0,3.142e-05
NULS/BTC,1579379324801,2020-01-18T20:28:44.801Z,buy,3.134e-05,360.0,0.0112824
NULS/BTC,1579379324802,2020-01-18T20:28:44.802Z,buy,3.141e-05,183.0,0.0057480299999999
NULS/BTC,1579379485738,2020-01-18T20:31:25.738Z,buy,3.139e-05,286.0,0.00897754
NULS/BTC,1579379524046,2020-01-18T20:32:04.046Z,sell,3.139e-05,100.0,0.003139
NULS/BTC,1579379532667,2020-01-18T20:32:12.667Z,sell,3.139e-05,44.0,0.00138116
NULS/BTC,1579379570581,2020-01-18T20:32:50.581Z,sell,3.137e-05,140.0,0.0043917999999999
NULS/BTC,1579379589414,2020-01-18T20:33:09.414Z,buy,3.14e-05,71.0,0.0022294
NULS/BTC,1579379598765,2020-01-18T20:33:18.765Z,sell,3.137e-05,70.0,0.0021958999999999
NULS/BTC,1579379764027,2020-01-18T20:36:04.027Z,buy,3.139e-05,62.0,0.00194618
NULS/BTC,1579379764031,2020-01-18T20:36:04.031Z,buy,3.138e-05,356.0,0.01117128
NULS/BTC,1579379921938,2020-01-18T20:38:41.938Z,buy,3.14e-05,165.0,0.005181
NULS/BTC,1579380029072,2020-01-18T20:40:29.072Z,sell,3.137e-05,139.0,0.00436043
NULS/BTC,1579380090985,2020-01-18T20:41:30.985Z,buy,3.14e-05,1.0,3.14e-05
NULS/BTC,1579380095715,2020-01-18T20:41:35.715Z,sell,3.137e-05,610.0,0.0191357
NULS/BTC,1579380095715,2020-01-18T20:41:35.715Z,sell,3.12e-05,86.0,0.0026832
NULS/BTC,1579380095715,2020-01-18T20:41:35.715Z,sell,3.119e-05,266.0,0.00829654
NULS/BTC,1579380095715,2020-01-18T20:41:35.715Z,sell,3.118e-05,634.0,0.01976812
NULS/BTC,1579380095715,2020-01-18T20:41:35.715Z,sell,3.112e-05,3009.0,0.09364008
NULS/BTC,1579380095723,2020-01-18T20:41:35.723Z,buy,3.112e-05,78.0,0.00242736
NULS/BTC,1579380095843,2020-01-18T20:41:35.843Z,sell,3.117e-05,78.0,0.00243126
NULS/BTC,1579380095843,2020-01-18T20:41:35.843Z,sell,3.116e-05,109.0,0.00339644
NULS/BTC,1579380095843,2020-01-18T20:41:35.843Z,sell,3.115e-05,72.0,0.0022427999999999
NULS/BTC,1579380095843,2020-01-18T20:41:35.843Z,sell,3.112e-05,10.0,0.0003112
NULS/BTC,1579380098623,2020-01-18T20:41:38.623Z,sell,3.137e-05,72.0,0.00225864
NULS/BTC,1579380098623,2020-01-18T20:41:38.623Z,sell,3.137e-05,885.0,0.02776245
NULS/BTC,1579380104736,2020-01-18T20:41:44.736Z,sell,3.137e-05,957.0,0.03002109
NULS/BTC,1579380129275,2020-01-18T20:42:09.275Z,sell,3.137e-05,670.0,0.0210179
NULS/BTC,1579380131598,2020-01-18T20:42:11.598Z,sell,3.137e-05,287.0,0.00900319
NULS/BTC,1579380135079,2020-01-18T20:42:15.079Z,buy,3.138e-05,260.0,0.0081588
NULS/BTC,1579380158597,2020-01-18T20:42:38.597Z,sell,3.137e-05,100.0,0.003137
NULS/BTC,1579380163047,2020-01-18T20:42:43.047Z,buy,3.139e-05,39.0,0.00122421
NULS/BTC,1579380163047,2020-01-18T20:42:43.047Z,buy,3.142e-05,26.0,0.00081692
NULS/BTC,1579380163885,2020-01-18T20:42:43.885Z,sell,3.142e-05,5.0,0.0001571
NULS/BTC,1579380199872,2020-01-18T20:43:19.872Z,sell,3.142e-05,30.0,0.0009426
NULS/BTC,1579380200183,2020-01-18T20:43:20.183Z,sell,3.137e-05,954.0,0.02992698
NULS/BTC,1579380203208,2020-01-18T20:43:23.208Z,sell,3.137e-05,489.0,0.01533993
NULS/BTC,1579380238573,2020-01-18T20:43:58.573Z,buy,3.143e-05,1.0,3.143e-05
NULS/BTC,1579380246838,2020-01-18T20:44:06.838Z,buy,3.143e-05,473.0,0.01486639
NULS/BTC,1579380246838,2020-01-18T20:44:06.838Z,buy,3.145e-05,475.0,0.0149387499999999
NULS/BTC,1579380246838,2020-01-18T20:44:06.838Z,buy,3.15e-05,366.0,0.011529
NULS/BTC,1579380246838,2020-01-18T20:44:06.838Z,buy,3.151e-05,3000.0,0.09453
NULS/BTC,1579380246848,2020-01-18T20:44:06.848Z,sell,3.151e-05,552.0,0.01739352
NULS/BTC,1579380247149,2020-01-18T20:44:07.149Z,buy,3.145e-05,59.0,0.0018555499999999
NULS/BTC,1579380247222,2020-01-18T20:44:07.222Z,buy,3.145e-05,231.0,0.00726495
NULS/BTC,1579380247249,2020-01-18T20:44:07.249Z,buy,3.145e-05,379.0,0.01191955
NULS/BTC,1579380247249,2020-01-18T20:44:07.249Z,buy,3.15e-05,115.0,0.0036225
NULS/BTC,1579380247249,2020-01-18T20:44:07.249Z,buy,3.153e-05,24.0,0.00075672
NULS/BTC,1579380247249,2020-01-18T20:44:07.249Z,buy,3.159e-05,842.0,0.02659878
NULS/BTC,1579380276885,2020-01-18T20:44:36.885Z,sell,3.148e-05,257.0,0.00809036
NULS/BTC,1579380276892,2020-01-18T20:44:36.892Z,buy,3.157e-05,124.0,0.0039146799999999
NULS/BTC,1579380285608,2020-01-18T20:44:45.608Z,sell,3.132e-05,60.0,0.0018792
NULS/BTC,1579380299850,2020-01-18T20:44:59.850Z,sell,3.132e-05,213.0,0.00667116
NULS/BTC,1579380299850,2020-01-18T20:44:59.850Z,sell,3.132e-05,1.0,3.132e-05
NULS/BTC,1579380299852,2020-01-18T20:44:59.852Z,sell,3.131e-05,214.0,0.0067003399999999
NULS/BTC,1579380299853,2020-01-18T20:44:59.853Z,sell,3.131e-05,75.0,0.0023482499999999
NULS/BTC,1579380299853,2020-01-18T20:44:59.853Z,sell,3.129e-05,139.0,0.00434931
NULS/BTC,1579380299854,2020-01-18T20:44:59.854Z,sell,3.129e-05,214.0,0.00669606
NULS/BTC,1579380299857,2020-01-18T20:44:59.857Z,sell,3.129e-05,214.0,0.00669606
NULS/BTC,1579380299864,2020-01-18T20:44:59.864Z,sell,3.129e-05,214.0,0.00669606
NULS/BTC,1579380299867,2020-01-18T20:44:59.867Z,sell,3.129e-05,173.0,0.00541317
NULS/BTC,1579380299867,2020-01-18T20:44:59.867Z,sell,3.125e-05,24.0,0.00075
NULS/BTC,1579380299867,2020-01-18T20:44:59.867Z,sell,3.124e-05,21.0,0.00065604
NULS/BTC,1579380299903,2020-01-18T20:44:59.903Z,sell,3.124e-05,6.0,0.0001874399999999
NULS/BTC,1579380299903,2020-01-18T20:44:59.903Z,sell,3.122e-05,41.0,0.00128002
NULS/BTC,1579380299942,2020-01-18T20:44:59.942Z,sell,3.122e-05,324.0,0.01011528
NULS/BTC,1579380299942,2020-01-18T20:44:59.942Z,sell,3.121e-05,166.0,0.00518086
NULS/BTC,1579380300160,2020-01-18T20:45:00.160Z,sell,3.122e-05,51.0,0.00159222
NULS/BTC,1579380300165,2020-01-18T20:45:00.165Z,sell,3.122e-05,161.0,0.00502642
NULS/BTC,1579380305797,2020-01-18T20:45:05.797Z,sell,3.118e-05,156.0,0.00486408
NULS/BTC,1579380306111,2020-01-18T20:45:06.111Z,sell,3.118e-05,156.0,0.00486408
NULS/BTC,1579380306170,2020-01-18T20:45:06.170Z,buy,3.127e-05,822.0,0.0257039399999999
NULS/BTC,1579380306432,2020-01-18T20:45:06.432Z,sell,3.118e-05,156.0,0.00486408
NULS/BTC,1579380306533,2020-01-18T20:45:06.533Z,sell,3.118e-05,85.0,0.0026503
NULS/BTC,1579380312442,2020-01-18T20:45:12.442Z,sell,3.117e-05,634.0,0.01976178
NULS/BTC,1579380327100,2020-01-18T20:45:27.100Z,buy,3.117e-05,10.0,0.0003117
NULS/BTC,1579380328208,2020-01-18T20:45:28.208Z,buy,3.118e-05,4.0,0.00012472
NULS/BTC,1579380329195,2020-01-18T20:45:29.195Z,buy,3.116e-05,4.0,0.00012464
NULS/BTC,1579380330204,2020-01-18T20:45:30.204Z,buy,3.116e-05,4.0,0.00012464
NULS/BTC,1579380332410,2020-01-18T20:45:32.410Z,buy,3.116e-05,290.0,0.0090364
NULS/BTC,1579380339323,2020-01-18T20:45:39.323Z,sell,3.116e-05,338.0,0.01053208
NULS/BTC,1579380362632,2020-01-18T20:46:02.632Z,buy,3.123e-05,1.0,3.123e-05
NULS/BTC,1579380377323,2020-01-18T20:46:17.323Z,buy,3.123e-05,64.0,0.00199872
NULS/BTC,1579380377323,2020-01-18T20:46:17.323Z,buy,3.124e-05,138.0,0.00431112
NULS/BTC,1579380377476,2020-01-18T20:46:17.476Z,buy,3.124e-05,23.0,0.0007185199999999
NULS/BTC,1579380377476,2020-01-18T20:46:17.476Z,buy,3.129e-05,156.0,0.00488124
NULS/BTC,1579380377476,2020-01-18T20:46:17.476Z,buy,3.13e-05,1.0,3.13e-05
NULS/BTC,1579380472708,2020-01-18T20:47:52.708Z,buy,3.124e-05,214.0,0.00668536
NULS/BTC,1579380513231,2020-01-18T20:48:33.231Z,buy,3.125e-05,17.0,0.00053125
NULS/BTC,1579380513231,2020-01-18T20:48:33.231Z,buy,3.13e-05,280.0,0.008764
NULS/BTC,1579380515370,2020-01-18T20:48:35.370Z,buy,3.13e-05,116.0,0.0036308
NULS/BTC,1579380515370,2020-01-18T20:48:35.370Z,buy,3.131e-05,58.0,0.0018159799999999
NULS/BTC,1579380570889,2020-01-18T20:49:30.889Z,buy,3.129e-05,103.0,0.00322287
NULS/BTC,1579380624449,2020-01-18T20:50:24.449Z,buy,3.13e-05,211.0,0.0066043
NULS/BTC,1579380626569,2020-01-18T20:50:26.569Z,sell,3.13e-05,36.0,0.0011268
NULS/BTC,1579380626597,2020-01-18T20:50:26.597Z,sell,3.13e-05,27.0,0.0008451
NULS/BTC,1579380649048,2020-01-18T20:50:49.048Z,sell,3.121e-05,4.0,0.00012484
NULS/BTC,1579380668390,2020-01-18T20:51:08.390Z,sell,3.114e-05,158.0,0.0049201199999999
NULS/BTC,1579380778151,2020-01-18T20:52:58.151Z,buy,3.13e-05,16.0,0.0005008
NULS/BTC,1579380778151,2020-01-18T20:52:58.151Z,buy,3.131e-05,2.0,6.262e-05
NULS/BTC,1579380778151,2020-01-18T20:52:58.151Z,buy,3.138e-05,64.0,0.00200832
NULS/BTC,1579380778151,2020-01-18T20:52:58.151Z,buy,3.141e-05,923.0,0.02899143
NULS/BTC,1579380778151,2020-01-18T20:52:58.151Z,buy,3.142e-05,15.0,0.0004713
NULS/BTC,1579380778972,2020-01-18T20:52:58.972Z,buy,3.142e-05,60.0,0.0018852
NULS/BTC,1579380778972,2020-01-18T20:52:58.972Z,buy,3.143e-05,98.0,0.00308014
NULS/BTC,1579380778980,2020-01-18T20:52:58.980Z,buy,3.143e-05,20.0,0.0006286
NULS/BTC,1579380778980,2020-01-18T20:52:58.980Z,buy,3.153e-05,24.0,0.00075672
NULS/BTC,1579380778980,2020-01-18T20:52:58.980Z,buy,3.157e-05,273.0,0.0086186099999999
NULS/BTC,1579380778980,2020-01-18T20:52:58.980Z,buy,3.158e-05,333.0,0.01051614
NULS/BTC,1579380778980,2020-01-18T20:52:58.980Z,buy,3.159e-05,4040.0,0.1276236
NULS/BTC,1579380812082,2020-01-18T20:53:32.082Z,buy,3.148e-05,659.0,0.0207453199999999
NULS/BTC,1579380867191,2020-01-18T20:54:27.191Z,buy,3.155e-05,1.0,3.155e-05
NULS/BTC,1579380867191,2020-01-18T20:54:27.191Z,buy,3.155e-05,1.0,3.155e-05
NULS/BTC,1579381349165,2020-01-18T21:02:29.165Z,sell,3.148e-05,16.0,0.00050368
NULS/BTC,1579381582077,2020-01-18T21:06:22.077Z,buy,3.15e-05,1.0,3.15e-05
NULS/BTC,1579381590662,2020-01-18T21:06:30.662Z,sell,3.133e-05,107.0,0.00335231
NULS/BTC,1579381590662,2020-01-18T21:06:30.662Z,sell,3.132e-05,94.0,0.00294408
NULS/BTC,1579381627955,2020-01-18T21:07:07.955Z,buy,3.138e-05,54.0,0.00169452
NULS/BTC,1579381656612,2020-01-18T21:07:36.612Z,sell,3.133e-05,107.0,0.00335231
NULS/BTC,1579381656612,2020-01-18T21:07:36.612Z,sell,3.132e-05,43.0,0.00134676
NULS/BTC,1579381784052,2020-01-18T21:09:44.052Z,buy,3.14e-05,334.0,0.0104876
NULS/BTC,1579381784052,2020-01-18T21:09:44.052Z,buy,3.148e-05,95.0,0.0029905999999999
NULS/BTC,1579381784184,2020-01-18T21:09:44.184Z,buy,3.156e-05,1.0,3.156e-05
NULS/BTC,1579381861482,2020-01-18T21:11:01.482Z,sell,3.132e-05,2512.0,0.07867584
NULS/BTC,1579381861482,2020-01-18T21:11:01.482Z,sell,3.128e-05,63.0,0.00197064
NULS/BTC,1579381861482,2020-01-18T21:11:01.482Z,sell,3.127e-05,387.0,0.01210149
NULS/BTC,1579381861482,2020-01-18T21:11:01.482Z,sell,3.126e-05,4499.0,0.14063874
NULS/BTC,1579381861507,2020-01-18T21:11:01.507Z,buy,3.126e-05,800.0,0.025008
NULS/BTC,1579381861546,2020-01-18T21:11:01.546Z,sell,3.125e-05,24.0,0.00075
NULS/BTC,1579381861570,2020-01-18T21:11:01.570Z,buy,3.126e-05,35.0,0.0010941
NULS/BTC,1579381861622,2020-01-18T21:11:01.622Z,buy,3.126e-05,254.0,0.00794004
NULS/BTC,1579381861693,2020-01-18T21:11:01.693Z,buy,3.126e-05,140.0,0.0043764
NULS/BTC,1579381861705,2020-01-18T21:11:01.705Z,sell,3.124e-05,27.0,0.00084348
NULS/BTC,1579381861705,2020-01-18T21:11:01.705Z,sell,3.121e-05,374.0,0.01167254
NULS/BTC,1579381861724,2020-01-18T21:11:01.724Z,buy,3.126e-05,885.0,0.0276651
NULS/BTC,1579381862575,2020-01-18T21:11:02.575Z,buy,3.126e-05,89.0,0.00278214
NULS/BTC,1579381871871,2020-01-18T21:11:11.871Z,sell,3.119e-05,633.0,0.01974327
NULS/BTC,1579381871871,2020-01-18T21:11:11.871Z,sell,3.108e-05,392.0,0.01218336
NULS/BTC,1579381873031,2020-01-18T21:11:13.031Z,buy,3.129e-05,30.0,0.0009387
NULS/BTC,1579381873160,2020-01-18T21:11:13.160Z,sell,3.129e-05,34.0,0.00106386
NULS/BTC,1579381915292,2020-01-18T21:11:55.292Z,buy,3.127e-05,230.0,0.0071920999999999
NULS/BTC,1579381915296,2020-01-18T21:11:55.296Z,sell,3.116e-05,121.0,0.00377036
NULS/BTC,1579382091689,2020-01-18T21:14:51.689Z,buy,3.116e-05,842.0,0.02623672
NULS/BTC,1579382092072,2020-01-18T21:14:52.072Z,buy,3.127e-05,56.0,0.0017511199999999
NULS/BTC,1579382156914,2020-01-18T21:15:56.914Z,buy,3.127e-05,7.0,0.0002188899999999
NULS/BTC,1579382156914,2020-01-18T21:15:56.914Z,buy,3.129e-05,898.0,0.02809842
NULS/BTC,1579382157016,2020-01-18T21:15:57.016Z,sell,3.129e-05,113.0,0.00353577
NULS/BTC,1579382270651,2020-01-18T21:17:50.651Z,buy,3.128e-05,200.0,0.0062559999999999
NULS/BTC,1579382270651,2020-01-18T21:17:50.651Z,buy,3.133e-05,64.0,0.00200512
NULS/BTC,1579382306879,2020-01-18T21:18:26.879Z,sell,3.117e-05,47.0,0.00146499
NULS/BTC,1579382306879,2020-01-18T21:18:26.879Z,sell,3.116e-05,4.0,0.00012464
NULS/BTC,1579382306879,2020-01-18T21:18:26.879Z,sell,3.11e-05,245.0,0.0076194999999999
NULS/BTC,1579382369109,2020-01-18T21:19:29.109Z,buy,3.132e-05,1.0,3.132e-05
NULS/BTC,1579382372087,2020-01-18T21:19:32.087Z,sell,3.116e-05,4.0,0.00012464
NULS/BTC,1579382372087,2020-01-18T21:19:32.087Z,sell,3.115e-05,4.0,0.0001246
NULS/BTC,1579382372087,2020-01-18T21:19:32.087Z,sell,3.111e-05,437.0,0.0135950699999999
NULS/BTC,1579382486301,2020-01-18T21:21:26.301Z,buy,3.113e-05,48.0,0.00149424
NULS/BTC,1579382486302,2020-01-18T21:21:26.302Z,buy,3.113e-05,52.0,0.00161876
NULS/BTC,1579382494319,2020-01-18T21:21:34.319Z,buy,3.127e-05,620.0,0.0193874
NULS/BTC,1579382494323,2020-01-18T21:21:34.323Z,sell,3.125e-05,360.0,0.01125
NULS/BTC,1579382495186,2020-01-18T21:21:35.186Z,sell,3.124e-05,81.0,0.00253044
NULS/BTC,1579382495186,2020-01-18T21:21:35.186Z,sell,3.113e-05,141.0,0.00438933
NULS/BTC,1579382495716,2020-01-18T21:21:35.716Z,buy,3.127e-05,12.0,0.00037524
NULS/BTC,1579382501243,2020-01-18T21:21:41.243Z,sell,3.113e-05,55.0,0.00171215
NULS/BTC,1579382502925,2020-01-18T21:21:42.925Z,buy,3.127e-05,55.0,0.0017198499999999
NULS/BTC,1579382503932,2020-01-18T21:21:43.932Z,buy,3.127e-05,12.0,0.00037524
NULS/BTC,1579382504935,2020-01-18T21:21:44.935Z,buy,3.128e-05,12.0,0.00037536
NULS/BTC,1579382506764,2020-01-18T21:21:46.764Z,sell,3.113e-05,84.0,0.00261492
NULS/BTC,1579382528129,2020-01-18T21:22:08.129Z,sell,3.128e-05,5.0,0.0001564
NULS/BTC,1579382558646,2020-01-18T21:22:38.646Z,buy,3.133e-05,5.0,0.0001566499999999
NULS/BTC,1579382583101,2020-01-18T21:23:03.101Z,sell,3.127e-05,7.0,0.0002188899999999
NULS/BTC,1579382583111,2020-01-18T21:23:03.111Z,buy,3.127e-05,1.0,3.127e-05
NULS/BTC,1579382609183,2020-01-18T21:23:29.183Z,buy,3.126e-05,79.0,0.00246954
NULS/BTC,1579382610582,2020-01-18T21:23:30.582Z,buy,3.127e-05,570.0,0.0178238999999999
NULS/BTC,1579382611609,2020-01-18T21:23:31.609Z,buy,3.128e-05,250.0,0.0078199999999999
NULS/BTC,1579382616652,2020-01-18T21:23:36.652Z,buy,3.134e-05,13.0,0.00040742
NULS/BTC,1579382637025,2020-01-18T21:23:57.025Z,buy,3.134e-05,14.0,0.00043876
NULS/BTC,1579382644155,2020-01-18T21:24:04.155Z,sell,3.125e-05,319.0,0.00996875
NULS/BTC,1579382644157,2020-01-18T21:24:04.157Z,buy,3.133e-05,478.0,0.01497574
NULS/BTC,1579382647478,2020-01-18T21:24:07.478Z,buy,3.134e-05,13.0,0.00040742
NULS/BTC,1579382771357,2020-01-18T21:26:11.357Z,buy,3.133e-05,110.0,0.0034463
NULS/BTC,1579382879034,2020-01-18T21:27:59.034Z,buy,3.134e-05,8.0,0.00025072
NULS/BTC,1579382897280,2020-01-18T21:28:17.280Z,buy,3.134e-05,5.0,0.0001567
NULS/BTC,1579382917549,2020-01-18T21:28:37.549Z,buy,3.134e-05,8.0,0.00025072
NULS/BTC,1579382976995,2020-01-18T21:29:36.995Z,sell,3.132e-05,112.0,0.00350784
NULS/BTC,1579383016511,2020-01-18T21:30:16.511Z,sell,3.132e-05,7.0,0.00021924
NULS/BTC,1579383017266,2020-01-18T21:30:17.266Z,buy,3.133e-05,526.0,0.01647958
NULS/BTC,1579383029817,2020-01-18T21:30:29.817Z,buy,3.134e-05,4.0,0.00012536
NULS/BTC,1579383135583,2020-01-18T21:32:15.583Z,buy,3.127e-05,180.0,0.0056285999999999
NULS/BTC,1579383135583,2020-01-18T21:32:15.583Z,buy,3.133e-05,540.0,0.0169182
NULS/BTC,1579383322637,2020-01-18T21:35:22.637Z,buy,3.127e-05,99.0,0.0030957299999999
NULS/BTC,1579383322637,2020-01-18T21:35:22.637Z,buy,3.133e-05,81.0,0.00253773
NULS/BTC,1579383357780,2020-01-18T21:35:57.780Z,buy,3.133e-05,99.0,0.00310167
NULS/BTC,1579383424934,2020-01-18T21:37:04.934Z,buy,3.134e-05,14.0,0.00043876
NULS/BTC,1579383497001,2020-01-18T21:38:17.001Z,buy,3.134e-05,14.0,0.00043876
NULS/BTC,1579383500097,2020-01-18T21:38:20.097Z,buy,3.133e-05,501.0,0.01569633
NULS/BTC,1579383539624,2020-01-18T21:38:59.624Z,buy,3.133e-05,7.0,0.00021931
NULS/BTC,1579383552851,2020-01-18T21:39:12.851Z,buy,3.133e-05,7.0,0.00021931
NULS/BTC,1579383552944,2020-01-18T21:39:12.944Z,buy,3.134e-05,298.0,0.00933932
NULS/BTC,1579383553957,2020-01-18T21:39:13.957Z,buy,3.134e-05,13.0,0.00040742
NULS/BTC,1579383554992,2020-01-18T21:39:14.992Z,buy,3.134e-05,13.0,0.00040742
NULS/BTC,1579383555382,2020-01-18T21:39:15.382Z,sell,3.133e-05,1.0,3.133e-05
NULS/BTC,1579383555382,2020-01-18T21:39:15.382Z,sell,3.121e-05,272.0,0.00848912
NULS/BTC,1579383555382,2020-01-18T21:39:15.382Z,sell,3.115e-05,689.0,0.0214623499999999
NULS/BTC,1579383555382,2020-01-18T21:39:15.382Z,sell,3.114e-05,1094.0,0.03406716
NULS/BTC,1579383574479,2020-01-18T21:39:34.479Z,buy,3.134e-05,10.0,0.0003134
NULS/BTC,1579383574479,2020-01-18T21:39:34.479Z,buy,3.139e-05,1.0,3.139e-05
NULS/BTC,1579383602781,2020-01-18T21:40:02.781Z,sell,3.137e-05,4.0,0.00012548
NULS/BTC,1579383737637,2020-01-18T21:42:17.637Z,buy,3.136e-05,1.0,3.136e-05
NULS/BTC,1579383777307,2020-01-18T21:42:57.307Z,buy,3.135e-05,311.0,0.00974985
NULS/BTC,1579383909753,2020-01-18T21:45:09.753Z,sell,3.12e-05,229.0,0.0071448
NULS/BTC,1579383909757,2020-01-18T21:45:09.757Z,buy,3.135e-05,289.0,0.00906015
NULS/BTC,1579384176591,2020-01-18T21:49:36.591Z,buy,3.135e-05,355.0,0.01112925
NULS/BTC,1579384450576,2020-01-18T21:54:10.576Z,buy,3.135e-05,99.0,0.00310365
NULS/BTC,1579384450576,2020-01-18T21:54:10.576Z,buy,3.135e-05,99.0,0.00310365
NULS/BTC,1579384610439,2020-01-18T21:56:50.439Z,buy,3.137e-05,300.0,0.009411
NULS/BTC,1579384622522,2020-01-18T21:57:02.522Z,sell,3.114e-05,963.0,0.02998782
NULS/BTC,1579384622522,2020-01-18T21:57:02.522Z,sell,3.112e-05,1818.0,0.05657616
NULS/BTC,1579384713259,2020-01-18T21:58:33.259Z,buy,3.134e-05,4.0,0.00012536
NULS/BTC,1579384738781,2020-01-18T21:58:58.781Z,buy,3.119e-05,195.0,0.0060820499999999
NULS/BTC,1579384791005,2020-01-18T21:59:51.005Z,sell,3.119e-05,105.0,0.0032749499999999
NULS/BTC,1579384834887,2020-01-18T22:00:34.887Z,sell,3.119e-05,75.0,0.0023392499999999
NULS/BTC,1579384834941,2020-01-18T22:00:34.941Z,sell,3.119e-05,50.0,0.0015595
NULS/BTC,1579384977888,2020-01-18T22:02:57.888Z,sell,3.119e-05,370.0,0.0115403
NULS/BTC,1579384977896,2020-01-18T22:02:57.896Z,buy,3.119e-05,713.0,0.02223847
NULS/BTC,1579384981413,2020-01-18T22:03:01.413Z,buy,3.125e-05,97.0,0.00303125
NULS/BTC,1579384982413,2020-01-18T22:03:02.413Z,buy,3.124e-05,8.0,0.00024992
NULS/BTC,1579384983416,2020-01-18T22:03:03.416Z,buy,3.125e-05,15.0,0.00046875
NULS/BTC,1579384992198,2020-01-18T22:03:12.198Z,buy,3.139e-05,4.0,0.00012556
NULS/BTC,1579385122063,2020-01-18T22:05:22.063Z,sell,3.119e-05,1262.0,0.03936178
NULS/BTC,1579385223562,2020-01-18T22:07:03.562Z,sell,3.134e-05,82.0,0.00256988
NULS/BTC,1579385225163,2020-01-18T22:07:05.163Z,sell,3.13e-05,100.0,0.00313
NULS/BTC,1579385304303,2020-01-18T22:08:24.303Z,sell,3.119e-05,125.0,0.00389875
NULS/BTC,1579385319793,2020-01-18T22:08:39.793Z,sell,3.118e-05,106.0,0.00330508
NULS/BTC,1579385319793,2020-01-18T22:08:39.793Z,sell,3.117e-05,106.0,0.00330402
NULS/BTC,1579385319803,2020-01-18T22:08:39.803Z,buy,3.117e-05,106.0,0.00330402
NULS/BTC,1579385319807,2020-01-18T22:08:39.807Z,buy,3.117e-05,63.0,0.00196371
NULS/BTC,1579385319817,2020-01-18T22:08:39.817Z,buy,3.117e-05,320.0,0.0099744
NULS/BTC,1579385320828,2020-01-18T22:08:40.828Z,sell,3.113e-05,36.0,0.00112068
NULS/BTC,1579385320828,2020-01-18T22:08:40.828Z,sell,3.112e-05,70.0,0.0021784
NULS/BTC,1579385329243,2020-01-18T22:08:49.243Z,sell,3.112e-05,539.0,0.01677368
NULS/BTC,1579385329270,2020-01-18T22:08:49.270Z,buy,3.112e-05,43.0,0.00133816
NULS/BTC,1579385331042,2020-01-18T22:08:51.042Z,buy,3.112e-05,676.0,0.02103712
NULS/BTC,1579385331098,2020-01-18T22:08:51.098Z,buy,3.111e-05,48.0,0.00149328
NULS/BTC,1579385331107,2020-01-18T22:08:51.107Z,buy,3.111e-05,275.0,0.00855525
NULS/BTC,1579385331163,2020-01-18T22:08:51.163Z,buy,3.111e-05,64.0,0.00199104
NULS/BTC,1579385332194,2020-01-18T22:08:52.194Z,buy,3.116e-05,11.0,0.00034276
NULS/BTC,1579385332194,2020-01-18T22:08:52.194Z,buy,3.117e-05,7.0,0.00021819
NULS/BTC,1579385472979,2020-01-18T22:11:12.979Z,buy,3.116e-05,51.0,0.00158916
NULS/BTC,1579385596489,2020-01-18T22:13:16.489Z,sell,3.11e-05,36.0,0.0011196
NULS/BTC,1579385638991,2020-01-18T22:13:58.991Z,sell,3.107e-05,194.0,0.0060275799999999
NULS/BTC,1579385734244,2020-01-18T22:15:34.244Z,buy,3.114e-05,55.0,0.0017126999999999
NULS/BTC,1579385734244,2020-01-18T22:15:34.244Z,buy,3.115e-05,134.0,0.0041741
NULS/BTC,1579385742169,2020-01-18T22:15:42.169Z,sell,3.108e-05,3066.0,0.09529128
NULS/BTC,1579385806379,2020-01-18T22:16:46.379Z,buy,3.134e-05,1.0,3.134e-05
NULS/BTC,1579385940225,2020-01-18T22:19:00.225Z,buy,3.123e-05,499.0,0.0155837699999999
NULS/BTC,1579385954346,2020-01-18T22:19:14.346Z,buy,3.131e-05,1.0,3.131e-05
NULS/BTC,1579386308571,2020-01-18T22:25:08.571Z,sell,3.114e-05,86.0,0.0026780399999999
NULS/BTC,1579386364963,2020-01-18T22:26:04.963Z,buy,3.114e-05,13.0,0.0004048199999999
NULS/BTC,1579386367310,2020-01-18T22:26:07.310Z,sell,3.114e-05,1022.0,0.03182508
NULS/BTC,1579386367310,2020-01-18T22:26:07.310Z,sell,3.111e-05,938.0,0.0291811799999999
NULS/BTC,1579386427844,2020-01-18T22:27:07.844Z,buy,3.114e-05,26.0,0.0008096399999999
NULS/BTC,1579386493431,2020-01-18T22:28:13.431Z,sell,3.116e-05,428.0,0.01333648
NULS/BTC,1579386510241,2020-01-18T22:28:30.241Z,sell,3.111e-05,46.0,0.0014310599999999
NULS/BTC,1579386588665,2020-01-18T22:29:48.665Z,buy,3.128e-05,189.0,0.0059119199999999
NULS/BTC,1579386606062,2020-01-18T22:30:06.062Z,sell,3.111e-05,4.0,0.00012444
NULS/BTC,1579386720279,2020-01-18T22:32:00.279Z,buy,3.117e-05,383.0,0.01193811
NULS/BTC,1579386720282,2020-01-18T22:32:00.282Z,buy,3.13e-05,73.0,0.0022849
NULS/BTC,1579387270431,2020-01-18T22:41:10.431Z,buy,3.125e-05,29.0,0.00090625
NULS/BTC,1579387270447,2020-01-18T22:41:10.447Z,sell,3.125e-05,35.0,0.00109375
NULS/BTC,1579387275627,2020-01-18T22:41:15.627Z,sell,3.111e-05,84.0,0.0026132399999999
NULS/BTC,1579387405671,2020-01-18T22:43:25.671Z,buy,3.119e-05,217.0,0.0067682299999999
NULS/BTC,1579387405671,2020-01-18T22:43:25.671Z,buy,3.125e-05,1.0,3.125e-05
NULS/BTC,1579387405795,2020-01-18T22:43:25.795Z,sell,3.119e-05,210.0,0.0065498999999999
NULS/BTC,1579387405882,2020-01-18T22:43:25.882Z,sell,3.119e-05,7.0,0.0002183299999999
NULS/BTC,1579387695740,2020-01-18T22:48:15.740Z,sell,3.115e-05,136.0,0.0042363999999999
NULS/BTC,1579387695740,2020-01-18T22:48:15.740Z,sell,3.115e-05,136.0,0.0042363999999999
NULS/BTC,1579388118149,2020-01-18T22:55:18.149Z,sell,3.111e-05,128.0,0.00398208
NULS/BTC,1579388190558,2020-01-18T22:56:30.558Z,buy,3.119e-05,1.0,3.119e-05
NULS/BTC,1579388401849,2020-01-18T23:00:01.849Z,sell,3.106e-05,4.0,0.00012424
NULS/BTC,1579388401849,2020-01-18T23:00:01.849Z,sell,3.105e-05,4.0,0.0001242
NULS/BTC,1579388429403,2020-01-18T23:00:29.403Z,sell,3.105e-05,22.0,0.0006831
NULS/BTC,1579388431422,2020-01-18T23:00:31.422Z,sell,3.105e-05,1.0,3.105e-05
NULS/BTC,1579388431422,2020-01-18T23:00:31.422Z,sell,3.1e-05,7.0,0.000217
NULS/BTC,1579388431422,2020-01-18T23:00:31.422Z,sell,3.1e-05,58.0,0.001798
NULS/BTC,1579388431422,2020-01-18T23:00:31.422Z,sell,3.098e-05,24.0,0.0007435199999999
NULS/BTC,1579388431422,2020-01-18T23:00:31.422Z,sell,3.097e-05,642.0,0.01988274
NULS/BTC,1579388446963,2020-01-18T23:00:46.963Z,sell,3.097e-05,891.0,0.02759427
NULS/BTC,1579388446976,2020-01-18T23:00:46.976Z,buy,3.097e-05,179.0,0.00554363
NULS/BTC,1579388465344,2020-01-18T23:01:05.344Z,buy,3.116e-05,25.0,0.000779
NULS/BTC,1579388465344,2020-01-18T23:01:05.344Z,buy,3.117e-05,4.0,0.00012468
NULS/BTC,1579388465344,2020-01-18T23:01:05.344Z,buy,3.118e-05,5.0,0.0001559
NULS/BTC,1579388465344,2020-01-18T23:01:05.344Z,buy,3.119e-05,103.0,0.0032125699999999
NULS/BTC,1579388527155,2020-01-18T23:02:07.155Z,buy,3.118e-05,7.0,0.00021826
NULS/BTC,1579388528368,2020-01-18T23:02:08.368Z,buy,3.117e-05,214.0,0.00667038
NULS/BTC,1579388552615,2020-01-18T23:02:32.615Z,buy,3.118e-05,137.0,0.00427166
NULS/BTC,1579388745802,2020-01-18T23:05:45.802Z,buy,3.117e-05,121.0,0.00377157
NULS/BTC,1579389044014,2020-01-18T23:10:44.014Z,sell,3.102e-05,136.0,0.00421872
NULS/BTC,1579389044112,2020-01-18T23:10:44.112Z,sell,3.105e-05,115.0,0.00357075
NULS/BTC,1579389069312,2020-01-18T23:11:09.312Z,sell,3.106e-05,65.0,0.0020188999999999
NULS/BTC,1579389077607,2020-01-18T23:11:17.607Z,buy,3.117e-05,210.0,0.0065457
NULS/BTC,1579389194816,2020-01-18T23:13:14.816Z,sell,3.098e-05,6.0,0.0001858799999999
NULS/BTC,1579389210504,2020-01-18T23:13:30.504Z,buy,3.111e-05,209.0,0.00650199
NULS/BTC,1579389284412,2020-01-18T23:14:44.412Z,sell,3.098e-05,20.0,0.0006196
NULS/BTC,1579389307611,2020-01-18T23:15:07.611Z,sell,3.098e-05,20.0,0.0006196
NULS/BTC,1579389318134,2020-01-18T23:15:18.134Z,buy,3.1e-05,25.0,0.000775
NULS/BTC,1579389318134,2020-01-18T23:15:18.134Z,buy,3.101e-05,21.0,0.00065121
NULS/BTC,1579389339167,2020-01-18T23:15:39.167Z,buy,3.114e-05,102.0,0.0031762799999999
NULS/BTC,1579389408447,2020-01-18T23:16:48.447Z,sell,3.098e-05,20.0,0.0006196
NULS/BTC,1579389546787,2020-01-18T23:19:06.787Z,buy,3.114e-05,4.0,0.00012456
NULS/BTC,1579389684221,2020-01-18T23:21:24.221Z,buy,3.102e-05,121.0,0.00375342
NULS/BTC,1579389865158,2020-01-18T23:24:25.158Z,buy,3.112e-05,17.0,0.00052904
NULS/BTC,1579389865158,2020-01-18T23:24:25.158Z,buy,3.113e-05,39.0,0.00121407
NULS/BTC,1579389865158,2020-01-18T23:24:25.158Z,buy,3.114e-05,10.0,0.0003114
NULS/BTC,1579389865158,2020-01-18T23:24:25.158Z,buy,3.115e-05,246.0,0.0076628999999999
NULS/BTC,1579389865158,2020-01-18T23:24:25.158Z,buy,3.116e-05,10.0,0.0003116
NULS/BTC,1579389865158,2020-01-18T23:24:25.158Z,buy,3.118e-05,544.0,0.01696192
NULS/BTC,1579389921982,2020-01-18T23:25:21.982Z,sell,3.098e-05,735.0,0.0227703
NULS/BTC,1579389921982,2020-01-18T23:25:21.982Z,sell,3.097e-05,161.0,0.00498617
NULS/BTC,1579389921982,2020-01-18T23:25:21.982Z,sell,3.095e-05,87.0,0.00269265
NULS/BTC,1579389921982,2020-01-18T23:25:21.982Z,sell,3.093e-05,375.0,0.01159875
NULS/BTC,1579389921996,2020-01-18T23:25:21.996Z,buy,3.118e-05,1.0,3.118e-05
NULS/BTC,1579389961252,2020-01-18T23:26:01.252Z,buy,3.115e-05,172.0,0.0053577999999999
NULS/BTC,1579389961255,2020-01-18T23:26:01.255Z,sell,3.104e-05,227.0,0.00704608
NULS/BTC,1579390297643,2020-01-18T23:31:37.643Z,sell,3.093e-05,854.0,0.02641422
NULS/BTC,1579390297643,2020-01-18T23:31:37.643Z,sell,3.09e-05,161.0,0.0049749
NULS/BTC,1579390297643,2020-01-18T23:31:37.643Z,sell,3.086e-05,27.0,0.00083322
NULS/BTC,1579390297643,2020-01-18T23:31:37.643Z,sell,3.084e-05,32.0,0.00098688
NULS/BTC,1579390297643,2020-01-18T23:31:37.643Z,sell,3.082e-05,236.0,0.00727352
NULS/BTC,1579390297643,2020-01-18T23:31:37.643Z,sell,3.081e-05,594.0,0.01830114
NULS/BTC,1579390297643,2020-01-18T23:31:37.643Z,sell,3.078e-05,26.0,0.00080028
NULS/BTC,1579390297666,2020-01-18T23:31:37.666Z,buy,3.088e-05,141.0,0.00435408
NULS/BTC,1579390297669,2020-01-18T23:31:37.669Z,buy,3.088e-05,251.0,0.00775088
NULS/BTC,1579390297736,2020-01-18T23:31:37.736Z,buy,3.088e-05,303.0,0.00935664
NULS/BTC,1579390297838,2020-01-18T23:31:37.838Z,buy,3.088e-05,118.0,0.00364384
NULS/BTC,1579390297838,2020-01-18T23:31:37.838Z,buy,3.09e-05,7.0,0.0002163
NULS/BTC,1579390353718,2020-01-18T23:32:33.718Z,sell,3.079e-05,8.0,0.00024632
NULS/BTC,1579390380752,2020-01-18T23:33:00.752Z,sell,3.081e-05,6.0,0.00018486
NULS/BTC,1579390380752,2020-01-18T23:33:00.752Z,sell,3.079e-05,9.0,0.00027711
NULS/BTC,1579390561283,2020-01-18T23:36:01.283Z,buy,3.086e-05,1.0,3.086e-05
NULS/BTC,1579390565103,2020-01-18T23:36:05.103Z,buy,3.086e-05,38.0,0.00117268
NULS/BTC,1579390639173,2020-01-18T23:37:19.173Z,buy,3.086e-05,48.0,0.00148128
NULS/BTC,1579390639177,2020-01-18T23:37:19.177Z,buy,3.086e-05,37.0,0.00114182
NULS/BTC,1579390639181,2020-01-18T23:37:19.181Z,buy,3.086e-05,34.0,0.00104924
NULS/BTC,1579390641339,2020-01-18T23:37:21.339Z,buy,3.082e-05,199.0,0.00613318
NULS/BTC,1579390641342,2020-01-18T23:37:21.342Z,buy,3.085e-05,74.0,0.0022829
NULS/BTC,1579390756145,2020-01-18T23:39:16.145Z,sell,3.087e-05,52.0,0.00160524
NULS/BTC,1579390939816,2020-01-18T23:42:19.816Z,buy,3.088e-05,282.0,0.00870816
NULS/BTC,1579390948561,2020-01-18T23:42:28.561Z,buy,3.087e-05,30.0,0.0009261
NULS/BTC,1579390948561,2020-01-18T23:42:28.561Z,buy,3.088e-05,34.0,0.00104992
NULS/BTC,1579390995454,2020-01-18T23:43:15.454Z,buy,3.087e-05,187.0,0.00577269
NULS/BTC,1579390995454,2020-01-18T23:43:15.454Z,buy,3.087e-05,187.0,0.00577269
NULS/BTC,1579391298813,2020-01-18T23:48:18.813Z,buy,3.083e-05,143.0,0.00440869
NULS/BTC,1579391298818,2020-01-18T23:48:18.818Z,buy,3.083e-05,310.0,0.0095573
NULS/BTC,1579391298922,2020-01-18T23:48:18.922Z,sell,3.083e-05,143.0,0.00440869
NULS/BTC,1579391316442,2020-01-18T23:48:36.442Z,buy,3.084e-05,247.0,0.00761748
NULS/BTC,1579391316922,2020-01-18T23:48:36.922Z,buy,3.085e-05,67.0,0.0020669499999999
NULS/BTC,1579391596874,2020-01-18T23:53:16.874Z,buy,3.084e-05,165.0,0.0050886
NULS/BTC,1579391881095,2020-01-18T23:58:01.095Z,buy,3.087e-05,7.0,0.00021609
NULS/BTC,1579391970293,2020-01-18T23:59:30.293Z,buy,3.086e-05,211.0,0.00651146
NULS/BTC,1579391970293,2020-01-18T23:59:30.293Z,sell,3.083e-05,323.0,0.00995809
NULS/BTC,1579392187824,2020-01-19T00:03:07.824Z,buy,3.087e-05,4.0,0.00012348
NULS/BTC,1579392190894,2020-01-19T00:03:10.894Z,buy,3.087e-05,150.0,0.0046305
NULS/BTC,1579392190894,2020-01-19T00:03:10.894Z,buy,3.09e-05,145.0,0.0044805
NULS/BTC,1579392198615,2020-01-19T00:03:18.615Z,buy,3.089e-05,4.0,0.00012356
NULS/BTC,1579392198804,2020-01-19T00:03:18.804Z,buy,3.089e-05,37.0,0.00114293
NULS/BTC,1579392198805,2020-01-19T00:03:18.805Z,sell,3.085e-05,135.0,0.00416475
NULS/BTC,1579392200143,2020-01-19T00:03:20.143Z,buy,3.089e-05,1.0,3.089e-05
NULS/BTC,1579392396110,2020-01-19T00:06:36.110Z,buy,3.088e-05,222.0,0.00685536
NULS/BTC,1579392583083,2020-01-19T00:09:43.083Z,buy,3.085e-05,229.0,0.00706465
NULS/BTC,1579392583084,2020-01-19T00:09:43.084Z,buy,3.086e-05,113.0,0.00348718
NULS/BTC,1579392661025,2020-01-19T00:11:01.025Z,sell,3.083e-05,2051.0,0.06323233
NULS/BTC,1579392662872,2020-01-19T00:11:02.872Z,sell,3.083e-05,60.0,0.0018498
NULS/BTC,1579392664989,2020-01-19T00:11:04.989Z,sell,3.083e-05,19.0,0.00058577
NULS/BTC,1579392833191,2020-01-19T00:13:53.191Z,sell,3.083e-05,60.0,0.0018498
NULS/BTC,1579392833191,2020-01-19T00:13:53.191Z,sell,3.082e-05,179.0,0.00551678
NULS/BTC,1579392833191,2020-01-19T00:13:53.191Z,sell,3.081e-05,243.0,0.00748683
NULS/BTC,1579392833191,2020-01-19T00:13:53.191Z,sell,3.08e-05,312.0,0.0096096
NULS/BTC,1579392833628,2020-01-19T00:13:53.628Z,buy,3.086e-05,203.0,0.00626458
NULS/BTC,1579392971830,2020-01-19T00:16:11.830Z,sell,3.08e-05,149.0,0.0045892
NULS/BTC,1579392972050,2020-01-19T00:16:12.050Z,sell,3.08e-05,335.0,0.010318
NULS/BTC,1579392974785,2020-01-19T00:16:14.785Z,sell,3.08e-05,93.0,0.0028644
NULS/BTC,1579392997585,2020-01-19T00:16:37.585Z,sell,3.08e-05,4.0,0.0001232
NULS/BTC,1579392997667,2020-01-19T00:16:37.667Z,sell,3.08e-05,12.0,0.0003696
NULS/BTC,1579393201345,2020-01-19T00:20:01.345Z,sell,3.08e-05,225.0,0.00693
NULS/BTC,1579393273170,2020-01-19T00:21:13.170Z,buy,3.079e-05,7.0,0.00021553
NULS/BTC,1579393337433,2020-01-19T00:22:17.433Z,buy,3.08e-05,61.0,0.0018788
NULS/BTC,1579393337433,2020-01-19T00:22:17.433Z,buy,3.087e-05,148.0,0.00456876
NULS/BTC,1579393592438,2020-01-19T00:26:32.438Z,buy,3.085e-05,183.0,0.0056455499999999
NULS/BTC,1579393782916,2020-01-19T00:29:42.916Z,buy,3.087e-05,128.0,0.00395136
NULS/BTC,1579394020381,2020-01-19T00:33:40.381Z,buy,3.087e-05,49.0,0.00151263
NULS/BTC,1579394021493,2020-01-19T00:33:41.493Z,buy,3.087e-05,79.0,0.00243873
NULS/BTC,1579394327390,2020-01-19T00:38:47.390Z,buy,3.08e-05,444.0,0.0136752
NULS/BTC,1579394327399,2020-01-19T00:38:47.399Z,buy,3.087e-05,174.0,0.00537138
NULS/BTC,1579394341647,2020-01-19T00:39:01.647Z,buy,3.085e-05,1.0,3.085e-05
NULS/BTC,1579394472533,2020-01-19T00:41:12.533Z,buy,3.082e-05,48.0,0.0014793599999999
NULS/BTC,1579394473911,2020-01-19T00:41:13.911Z,buy,3.082e-05,80.0,0.0024656
NULS/BTC,1579394479174,2020-01-19T00:41:19.174Z,sell,3.077e-05,94.0,0.00289238
NULS/BTC,1579394479174,2020-01-19T00:41:19.174Z,sell,3.077e-05,94.0,0.00289238
NULS/BTC,1579394671974,2020-01-19T00:44:31.974Z,buy,3.08e-05,233.0,0.0071764
NULS/BTC,1579394671976,2020-01-19T00:44:31.976Z,buy,3.085e-05,120.0,0.0037019999999999
NULS/BTC,1579394785542,2020-01-19T00:46:25.542Z,buy,3.085e-05,8.0,0.0002468
NULS/BTC,1579394791216,2020-01-19T00:46:31.216Z,buy,3.086e-05,10.0,0.0003086
NULS/BTC,1579394796323,2020-01-19T00:46:36.323Z,buy,3.089e-05,315.0,0.0097303499999999
NULS/BTC,1579394866418,2020-01-19T00:47:46.418Z,buy,3.089e-05,187.0,0.0057764299999999
NULS/BTC,1579394866600,2020-01-19T00:47:46.600Z,buy,3.089e-05,37.0,0.00114293
NULS/BTC,1579394868698,2020-01-19T00:47:48.698Z,buy,3.089e-05,238.0,0.0073518199999999
NULS/BTC,1579394940111,2020-01-19T00:49:00.111Z,buy,3.088e-05,129.0,0.00398352
NULS/BTC,1579395134318,2020-01-19T00:52:14.318Z,buy,3.082e-05,142.0,0.00437644
NULS/BTC,1579395134325,2020-01-19T00:52:14.325Z,buy,3.088e-05,119.0,0.00367472
NULS/BTC,1579395380118,2020-01-19T00:56:20.118Z,buy,3.089e-05,231.0,0.0071355899999999
NULS/BTC,1579395473242,2020-01-19T00:57:53.242Z,sell,3.078e-05,92.0,0.00283176
NULS/BTC,1579395594774,2020-01-19T00:59:54.774Z,buy,3.085e-05,175.0,0.00539875
NULS/BTC,1579395594778,2020-01-19T00:59:54.778Z,buy,3.088e-05,74.0,0.00228512
NULS/BTC,1579395646285,2020-01-19T01:00:46.285Z,sell,3.078e-05,58.0,0.00178524
NULS/BTC,1579395687655,2020-01-19T01:01:27.655Z,sell,3.081e-05,72.0,0.0022183199999999
NULS/BTC,1579395725181,2020-01-19T01:02:05.181Z,sell,3.081e-05,187.0,0.0057614699999999
NULS/BTC,1579395743604,2020-01-19T01:02:23.604Z,sell,3.076e-05,11.0,0.0003383599999999
NULS/BTC,1579395746604,2020-01-19T01:02:26.604Z,sell,3.076e-05,341.0,0.0104891599999999
NULS/BTC,1579395746612,2020-01-19T01:02:26.612Z,sell,3.076e-05,246.0,0.0075669599999999
NULS/BTC,1579395764548,2020-01-19T01:02:44.548Z,sell,3.076e-05,4.0,0.00012304
NULS/BTC,1579395764548,2020-01-19T01:02:44.548Z,sell,3.075e-05,371.0,0.01140825
NULS/BTC,1579395764611,2020-01-19T01:02:44.611Z,sell,3.075e-05,68.0,0.002091
NULS/BTC,1579395769093,2020-01-19T01:02:49.093Z,sell,3.075e-05,39.0,0.00119925
NULS/BTC,1579395790307,2020-01-19T01:03:10.307Z,sell,3.075e-05,39.0,0.00119925
NULS/BTC,1579395791156,2020-01-19T01:03:11.156Z,sell,3.075e-05,129.0,0.00396675
NULS/BTC,1579395848882,2020-01-19T01:04:08.882Z,sell,3.075e-05,10.0,0.0003075
NULS/BTC,1579395915240,2020-01-19T01:05:15.240Z,sell,3.075e-05,257.0,0.00790275
NULS/BTC,1579395915253,2020-01-19T01:05:15.253Z,sell,3.075e-05,7.0,0.00021525
NULS/BTC,1579395957517,2020-01-19T01:05:57.517Z,buy,3.082e-05,217.0,0.00668794
NULS/BTC,1579396116393,2020-01-19T01:08:36.393Z,buy,3.083e-05,110.0,0.0033913
NULS/BTC,1579396126439,2020-01-19T01:08:46.439Z,sell,3.082e-05,167.0,0.00514694
NULS/BTC,1579396126460,2020-01-19T01:08:46.460Z,sell,3.082e-05,23.0,0.00070886
NULS/BTC,1579396137343,2020-01-19T01:08:57.343Z,buy,3.078e-05,268.0,0.00824904
NULS/BTC,1579396186706,2020-01-19T01:09:46.706Z,sell,3.075e-05,35.0,0.00107625
NULS/BTC,1579396203817,2020-01-19T01:10:03.817Z,sell,3.075e-05,279.0,0.00857925
NULS/BTC,1579396203817,2020-01-19T01:10:03.817Z,sell,3.074e-05,899.0,0.02763526
NULS/BTC,1579396203817,2020-01-19T01:10:03.817Z,sell,3.073e-05,876.0,0.02691948
NULS/BTC,1579396203817,2020-01-19T01:10:03.817Z,sell,3.072e-05,215.0,0.0066047999999999
NULS/BTC,1579396230743,2020-01-19T01:10:30.743Z,sell,3.072e-05,1720.0,0.0528383999999999
NULS/BTC,1579396297394,2020-01-19T01:11:37.394Z,buy,3.075e-05,46.0,0.0014145
NULS/BTC,1579396297396,2020-01-19T01:11:37.396Z,buy,3.075e-05,54.0,0.0016605
NULS/BTC,1579396299114,2020-01-19T01:11:39.114Z,sell,3.075e-05,46.0,0.0014145
NULS/BTC,1579396299114,2020-01-19T01:11:39.114Z,sell,3.072e-05,51.0,0.00156672
NULS/BTC,1579396299193,2020-01-19T01:11:39.193Z,buy,3.072e-05,517.0,0.01588224
NULS/BTC,1579396355734,2020-01-19T01:12:35.734Z,buy,3.082e-05,4.0,0.00012328
NULS/BTC,1579396379050,2020-01-19T01:12:59.050Z,sell,3.071e-05,24.0,0.00073704
NULS/BTC,1579396379050,2020-01-19T01:12:59.050Z,sell,3.069e-05,60.0,0.0018414
NULS/BTC,1579396379050,2020-01-19T01:12:59.050Z,sell,3.068e-05,27.0,0.00082836
NULS/BTC,1579396379050,2020-01-19T01:12:59.050Z,sell,3.064e-05,139.0,0.00425896
NULS/BTC,1579396379050,2020-01-19T01:12:59.050Z,sell,3.063e-05,609.0,0.01865367
NULS/BTC,1579396379119,2020-01-19T01:12:59.119Z,buy,3.063e-05,1346.0,0.04122798
NULS/BTC,1579396380618,2020-01-19T01:13:00.618Z,buy,3.063e-05,735.0,0.02251305
NULS/BTC,1579396382546,2020-01-19T01:13:02.546Z,buy,3.082e-05,9.0,0.00027738
NULS/BTC,1579396405001,2020-01-19T01:13:25.001Z,sell,3.061e-05,4.0,0.00012244
NULS/BTC,1579396405001,2020-01-19T01:13:25.001Z,sell,3.06e-05,72.0,0.0022031999999999
NULS/BTC,1579396507201,2020-01-19T01:15:07.201Z,sell,3.064e-05,9.0,0.00027576
NULS/BTC,1579396507201,2020-01-19T01:15:07.201Z,sell,3.06e-05,1929.0,0.0590273999999999
NULS/BTC,1579396507201,2020-01-19T01:15:07.201Z,sell,3.052e-05,22.0,0.0006714399999999
NULS/BTC,1579396507201,2020-01-19T01:15:07.201Z,sell,3.051e-05,69.0,0.00210519
NULS/BTC,1579396507201,2020-01-19T01:15:07.201Z,sell,3.05e-05,134.0,0.0040869999999999
NULS/BTC,1579396522989,2020-01-19T01:15:22.989Z,buy,3.081e-05,17.0,0.00052377
NULS/BTC,1579396523019,2020-01-19T01:15:23.019Z,buy,3.081e-05,53.0,0.0016329299999999
NULS/BTC,1579396595300,2020-01-19T01:16:35.300Z,buy,3.081e-05,1.0,3.081e-05
NULS/BTC,1579396766397,2020-01-19T01:19:26.397Z,buy,3.078e-05,207.0,0.00637146
NULS/BTC,1579396817965,2020-01-19T01:20:17.965Z,sell,3.058e-05,4.0,0.00012232
NULS/BTC,1579396817965,2020-01-19T01:20:17.965Z,sell,3.053e-05,327.0,0.00998331
NULS/BTC,1579396817965,2020-01-19T01:20:17.965Z,sell,3.052e-05,964.0,0.0294212799999999
NULS/BTC,1579396817972,2020-01-19T01:20:17.972Z,buy,3.052e-05,964.0,0.0294212799999999
NULS/BTC,1579396817976,2020-01-19T01:20:17.976Z,buy,3.052e-05,161.0,0.00491372
NULS/BTC,1579396943842,2020-01-19T01:22:23.842Z,buy,3.053e-05,602.0,0.01837906
NULS/BTC,1579397091663,2020-01-19T01:24:51.663Z,buy,3.055e-05,172.0,0.0052546
NULS/BTC,1579397091666,2020-01-19T01:24:51.666Z,buy,3.064e-05,136.0,0.0041670399999999
NULS/BTC,1579397093022,2020-01-19T01:24:53.022Z,buy,3.07e-05,36.0,0.0011052
NULS/BTC,1579397290643,2020-01-19T01:28:10.643Z,buy,3.063e-05,42.0,0.00128646
NULS/BTC,1579397295317,2020-01-19T01:28:15.317Z,sell,3.052e-05,11.0,0.0003357199999999
NULS/BTC,1579397295317,2020-01-19T01:28:15.317Z,sell,3.05e-05,97.0,0.0029584999999999
NULS/BTC,1579397295317,2020-01-19T01:28:15.317Z,sell,3.049e-05,27.0,0.00082323
NULS/BTC,1579397295317,2020-01-19T01:28:15.317Z,sell,3.045e-05,304.0,0.0092568
NULS/BTC,1579397295317,2020-01-19T01:28:15.317Z,sell,3.043e-05,24.0,0.00073032
NULS/BTC,1579397295317,2020-01-19T01:28:15.317Z,sell,3.04e-05,500.0,0.0152
NULS/BTC,1579397295317,2020-01-19T01:28:15.317Z,sell,3.037e-05,601.0,0.01825237
NULS/BTC,1579397295317,2020-01-19T01:28:15.317Z,sell,3.033e-05,1581.0,0.04795173
NULS/BTC,1579397397841,2020-01-19T01:29:57.841Z,sell,3.032e-05,56.0,0.00169792
NULS/BTC,1579397429400,2020-01-19T01:30:29.400Z,buy,3.042e-05,327.0,0.00994734
NULS/BTC,1579397444018,2020-01-19T01:30:44.018Z,buy,3.043e-05,89.0,0.00270827
NULS/BTC,1579397504468,2020-01-19T01:31:44.468Z,sell,3.034e-05,33.0,0.00100122
NULS/BTC,1579397506691,2020-01-19T01:31:46.691Z,buy,3.043e-05,1.0,3.043e-05
NULS/BTC,1579397515832,2020-01-19T01:31:55.832Z,buy,3.042e-05,200.0,0.006084
NULS/BTC,1579397526198,2020-01-19T01:32:06.198Z,buy,3.036e-05,38.0,0.00115368
NULS/BTC,1579397730113,2020-01-19T01:35:30.113Z,sell,3.034e-05,100.0,0.003034
NULS/BTC,1579397730113,2020-01-19T01:35:30.113Z,sell,3.032e-05,152.0,0.00460864
NULS/BTC,1579397730113,2020-01-19T01:35:30.113Z,sell,3.031e-05,27.0,0.00081837
NULS/BTC,1579397730113,2020-01-19T01:35:30.113Z,sell,3.029e-05,301.0,0.00911729
NULS/BTC,1579397730113,2020-01-19T01:35:30.113Z,sell,3.028e-05,490.0,0.0148372
NULS/BTC,1579397730113,2020-01-19T01:35:30.113Z,sell,3.026e-05,227.0,0.00686902
NULS/BTC,1579397730113,2020-01-19T01:35:30.113Z,sell,3.024e-05,4298.0,0.12997152
NULS/BTC,1579397730113,2020-01-19T01:35:30.113Z,sell,3.019e-05,438.0,0.01322322
NULS/BTC,1579397730113,2020-01-19T01:35:30.113Z,sell,3.018e-05,402.0,0.01213236
NULS/BTC,1579397730113,2020-01-19T01:35:30.113Z,sell,3.018e-05,160.0,0.0048287999999999
NULS/BTC,1579397730113,2020-01-19T01:35:30.113Z,sell,3.018e-05,97.0,0.00292746
NULS/BTC,1579397730129,2020-01-19T01:35:30.129Z,buy,3.018e-05,62.0,0.00187116
NULS/BTC,1579397730129,2020-01-19T01:35:30.129Z,buy,3.018e-05,96.0,0.00289728
NULS/BTC,1579397730132,2020-01-19T01:35:30.132Z,buy,3.018e-05,58.0,0.00175044
NULS/BTC,1579397730136,2020-01-19T01:35:30.136Z,buy,3.018e-05,101.0,0.0030481799999999
NULS/BTC,1579397730136,2020-01-19T01:35:30.136Z,buy,3.018e-05,35.0,0.0010563
NULS/BTC,1579397730137,2020-01-19T01:35:30.137Z,buy,3.018e-05,6.0,0.00018108
NULS/BTC,1579397730139,2020-01-19T01:35:30.139Z,buy,3.018e-05,104.0,0.00313872
NULS/BTC,1579397730140,2020-01-19T01:35:30.140Z,buy,3.018e-05,35.0,0.0010563
NULS/BTC,1579397730151,2020-01-19T01:35:30.151Z,buy,3.018e-05,49.0,0.00147882
NULS/BTC,1579397730182,2020-01-19T01:35:30.182Z,buy,3.018e-05,197.0,0.00594546
NULS/BTC,1579397730203,2020-01-19T01:35:30.203Z,buy,3.018e-05,329.0,0.0099292199999999
NULS/BTC,1579397730230,2020-01-19T01:35:30.230Z,buy,3.018e-05,79.0,0.00238422
NULS/BTC,1579397730311,2020-01-19T01:35:30.311Z,buy,3.018e-05,1171.0,0.03534078
NULS/BTC,1579397730609,2020-01-19T01:35:30.609Z,buy,3.023e-05,1257.0,0.03799911
NULS/BTC,1579397731151,2020-01-19T01:35:31.151Z,sell,3.021e-05,96.0,0.00290016
NULS/BTC,1579397732295,2020-01-19T01:35:32.295Z,buy,3.023e-05,327.0,0.00988521
NULS/BTC,1579397732400,2020-01-19T01:35:32.400Z,buy,3.023e-05,119.0,0.00359737
NULS/BTC,1579397732400,2020-01-19T01:35:32.400Z,buy,3.025e-05,473.0,0.01430825
NULS/BTC,1579397737157,2020-01-19T01:35:37.157Z,buy,3.024e-05,315.0,0.0095255999999999
NULS/BTC,1579397751228,2020-01-19T01:35:51.228Z,sell,3.016e-05,37.0,0.00111592
NULS/BTC,1579397751228,2020-01-19T01:35:51.228Z,sell,3.015e-05,5241.0,0.15801615
NULS/BTC,1579397751228,2020-01-19T01:35:51.228Z,sell,3.014e-05,302.0,0.0091022799999999
NULS/BTC,1579397751228,2020-01-19T01:35:51.228Z,sell,3.013e-05,33.0,0.00099429
NULS/BTC,1579397751228,2020-01-19T01:35:51.228Z,sell,3.012e-05,27.0,0.00081324
NULS/BTC,1579397751228,2020-01-19T01:35:51.228Z,sell,3.009e-05,796.0,0.02395164
NULS/BTC,1579397761288,2020-01-19T01:36:01.288Z,buy,3.012e-05,91.0,0.00274092
NULS/BTC,1579397763902,2020-01-19T01:36:03.902Z,buy,3.022e-05,9.0,0.00027198
NULS/BTC,1579397818429,2020-01-19T01:36:58.429Z,sell,3.017e-05,8.0,0.00024136
NULS/BTC,1579397849389,2020-01-19T01:37:29.389Z,sell,3.016e-05,9.0,0.00027144
NULS/BTC,1579397855117,2020-01-19T01:37:35.117Z,buy,3.015e-05,30.0,0.0009045
NULS/BTC,1579397856591,2020-01-19T01:37:36.591Z,sell,2.999e-05,34.0,0.00101966
NULS/BTC,1579397859649,2020-01-19T01:37:39.649Z,sell,2.999e-05,129.0,0.00386871
NULS/BTC,1579397866015,2020-01-19T01:37:46.015Z,buy,3.015e-05,54.0,0.0016281
NULS/BTC,1579397866019,2020-01-19T01:37:46.019Z,buy,3.015e-05,18.0,0.0005427
NULS/BTC,1579397866953,2020-01-19T01:37:46.953Z,sell,2.999e-05,243.0,0.00728757
NULS/BTC,1579397890242,2020-01-19T01:38:10.242Z,buy,3.014e-05,122.0,0.00367708
NULS/BTC,1579397895789,2020-01-19T01:38:15.789Z,buy,3.015e-05,152.0,0.0045828
NULS/BTC,1579397958654,2020-01-19T01:39:18.654Z,buy,3.015e-05,100.0,0.003015
NULS/BTC,1579398023976,2020-01-19T01:40:23.976Z,buy,3.015e-05,54.0,0.0016281
NULS/BTC,1579398023985,2020-01-19T01:40:23.985Z,buy,3.015e-05,18.0,0.0005427
NULS/BTC,1579398023985,2020-01-19T01:40:23.985Z,buy,3.015e-05,18.0,0.0005427
NULS/BTC,1579398127173,2020-01-19T01:42:07.173Z,buy,3.014e-05,47.0,0.00141658
NULS/BTC,1579398163973,2020-01-19T01:42:43.973Z,sell,3e-05,133.0,0.00399
NULS/BTC,1579398224275,2020-01-19T01:43:44.275Z,buy,3.012e-05,85.0,0.0025602
NULS/BTC,1579398270237,2020-01-19T01:44:30.237Z,sell,2.999e-05,4.0,0.00011996
NULS/BTC,1579398270252,2020-01-19T01:44:30.252Z,buy,2.999e-05,116.0,0.00347884
NULS/BTC,1579398295314,2020-01-19T01:44:55.314Z,buy,2.999e-05,133.0,0.00398867
NULS/BTC,1579398297275,2020-01-19T01:44:57.275Z,buy,2.999e-05,229.0,0.00686771
NULS/BTC,1579398305131,2020-01-19T01:45:05.131Z,sell,2.998e-05,201.0,0.00602598
NULS/BTC,1579398305385,2020-01-19T01:45:05.385Z,buy,2.999e-05,186.0,0.00557814
NULS/BTC,1579398305906,2020-01-19T01:45:05.906Z,sell,2.998e-05,107.0,0.00320786
NULS/BTC,1579398314438,2020-01-19T01:45:14.438Z,buy,3.01e-05,66.0,0.0019866
NULS/BTC,1579398425922,2020-01-19T01:47:05.922Z,buy,3.009e-05,142.0,0.00427278
NULS/BTC,1579398556801,2020-01-19T01:49:16.801Z,sell,2.996e-05,7.0,0.00020972
NULS/BTC,1579398560997,2020-01-19T01:49:20.997Z,buy,3.009e-05,4.0,0.00012036
NULS/BTC,1579398566382,2020-01-19T01:49:26.382Z,buy,3.009e-05,1.0,3.009e-05
NULS/BTC,1579398566382,2020-01-19T01:49:26.382Z,buy,3.01e-05,17.0,0.0005117
NULS/BTC,1579398566457,2020-01-19T01:49:26.457Z,buy,3.01e-05,54.0,0.0016254
NULS/BTC,1579398641070,2020-01-19T01:50:41.070Z,buy,3.009e-05,282.0,0.00848538
NULS/BTC,1579398641074,2020-01-19T01:50:41.074Z,sell,3.005e-05,457.0,0.01373285
NULS/BTC,1579398756925,2020-01-19T01:52:36.925Z,buy,3.009e-05,33.0,0.00099297
NULS/BTC,1579398823781,2020-01-19T01:53:43.781Z,sell,2.994e-05,27.0,0.00080838
NULS/BTC,1579398823781,2020-01-19T01:53:43.781Z,sell,2.993e-05,35.0,0.00104755
NULS/BTC,1579398823797,2020-01-19T01:53:43.797Z,sell,2.993e-05,249.0,0.0074525699999999
NULS/BTC,1579398828745,2020-01-19T01:53:48.745Z,buy,3.009e-05,7.0,0.00021063
NULS/BTC,1579398832801,2020-01-19T01:53:52.801Z,sell,2.993e-05,1919.0,0.05743567
NULS/BTC,1579398832801,2020-01-19T01:53:52.801Z,sell,2.989e-05,24.0,0.00071736
NULS/BTC,1579398832801,2020-01-19T01:53:52.801Z,sell,2.988e-05,7.0,0.0002091599999999
NULS/BTC,1579398833075,2020-01-19T01:53:53.075Z,sell,2.989e-05,72.0,0.00215208
NULS/BTC,1579398833075,2020-01-19T01:53:53.075Z,sell,2.988e-05,555.0,0.0165833999999999
NULS/BTC,1579398833075,2020-01-19T01:53:53.075Z,sell,2.986e-05,165.0,0.0049269
NULS/BTC,1579398833213,2020-01-19T01:53:53.213Z,sell,2.987e-05,37.0,0.00110519
NULS/BTC,1579398833213,2020-01-19T01:53:53.213Z,sell,2.986e-05,47.0,0.0014034199999999
NULS/BTC,1579398833213,2020-01-19T01:53:53.213Z,sell,2.984e-05,116.0,0.0034614399999999
NULS/BTC,1579398833216,2020-01-19T01:53:53.216Z,sell,2.984e-05,76.0,0.00226784
NULS/BTC,1579398833216,2020-01-19T01:53:53.216Z,sell,2.983e-05,306.0,0.00912798
NULS/BTC,1579398833216,2020-01-19T01:53:53.216Z,sell,2.977e-05,5.0,0.00014885
NULS/BTC,1579398833216,2020-01-19T01:53:53.216Z,sell,2.975e-05,184.0,0.005474
NULS/BTC,1579398833291,2020-01-19T01:53:53.291Z,buy,2.977e-05,204.0,0.00607308
NULS/BTC,1579398833293,2020-01-19T01:53:53.293Z,buy,2.977e-05,18.0,0.00053586
NULS/BTC,1579398833295,2020-01-19T01:53:53.295Z,buy,2.977e-05,50.0,0.0014885
NULS/BTC,1579398833330,2020-01-19T01:53:53.330Z,buy,2.977e-05,290.0,0.0086333
NULS/BTC,1579398833608,2020-01-19T01:53:53.608Z,sell,2.976e-05,235.0,0.0069936
NULS/BTC,1579398833608,2020-01-19T01:53:53.608Z,sell,2.975e-05,767.0,0.02281825
NULS/BTC,1579398833608,2020-01-19T01:53:53.608Z,sell,2.972e-05,725.0,0.021547
NULS/BTC,1579398833608,2020-01-19T01:53:53.608Z,sell,2.971e-05,37.0,0.0010992699999999
NULS/BTC,1579398833608,2020-01-19T01:53:53.608Z,sell,2.968e-05,6.0,0.00017808
NULS/BTC,1579398834120,2020-01-19T01:53:54.120Z,buy,2.99e-05,113.0,0.0033786999999999
NULS/BTC,1579398834120,2020-01-19T01:53:54.120Z,buy,2.991e-05,850.0,0.0254235
NULS/BTC,1579398834120,2020-01-19T01:53:54.120Z,buy,2.994e-05,27.0,0.00080838
NULS/BTC,1579398834120,2020-01-19T01:53:54.120Z,buy,3.004e-05,1830.0,0.0549732
NULS/BTC,1579398834682,2020-01-19T01:53:54.682Z,sell,2.977e-05,5.0,0.00014885
NULS/BTC,1579398834682,2020-01-19T01:53:54.682Z,sell,2.968e-05,3.0,8.904e-05
NULS/BTC,1579398834682,2020-01-19T01:53:54.682Z,sell,2.967e-05,310.0,0.0091977
NULS/BTC,1579398834905,2020-01-19T01:53:54.905Z,buy,2.989e-05,32.0,0.00095648
NULS/BTC,1579398834914,2020-01-19T01:53:54.914Z,sell,2.992e-05,53.0,0.00158576
NULS/BTC,1579398834915,2020-01-19T01:53:54.915Z,sell,2.992e-05,53.0,0.00158576
NULS/BTC,1579398834916,2020-01-19T01:53:54.916Z,sell,2.992e-05,53.0,0.00158576
NULS/BTC,1579398834917,2020-01-19T01:53:54.917Z,sell,2.992e-05,53.0,0.00158576
NULS/BTC,1579398834917,2020-01-19T01:53:54.917Z,sell,2.992e-05,53.0,0.00158576
NULS/BTC,1579398834924,2020-01-19T01:53:54.924Z,sell,2.992e-05,260.0,0.0077792
NULS/BTC,1579398846769,2020-01-19T01:54:06.769Z,buy,2.993e-05,186.0,0.00556698
NULS/BTC,1579398888243,2020-01-19T01:54:48.243Z,buy,2.996e-05,1.0,2.996e-05
NULS/BTC,1579398890307,2020-01-19T01:54:50.307Z,sell,2.977e-05,33.0,0.00098241
NULS/BTC,1579398964374,2020-01-19T01:56:04.374Z,sell,2.977e-05,4757.0,0.14161589
NULS/BTC,1579398996059,2020-01-19T01:56:36.059Z,buy,2.988e-05,148.0,0.00442224
NULS/BTC,1579398996059,2020-01-19T01:56:36.059Z,buy,2.995e-05,21.0,0.00062895
NULS/BTC,1579398996962,2020-01-19T01:56:36.962Z,sell,2.988e-05,148.0,0.00442224
NULS/BTC,1579399247893,2020-01-19T02:00:47.893Z,sell,2.985e-05,1558.0,0.0465063
NULS/BTC,1579399247907,2020-01-19T02:00:47.907Z,buy,2.985e-05,33.0,0.00098505
NULS/BTC,1579399267198,2020-01-19T02:01:07.198Z,buy,2.985e-05,5.0,0.00014925
NULS/BTC,1579399276832,2020-01-19T02:01:16.832Z,sell,2.977e-05,391.0,0.01164007
NULS/BTC,1579399276832,2020-01-19T02:01:16.832Z,sell,2.975e-05,27.0,0.00080325
NULS/BTC,1579399276832,2020-01-19T02:01:16.832Z,sell,2.968e-05,2043.0,0.06063624
NULS/BTC,1579399283386,2020-01-19T02:01:23.386Z,buy,2.985e-05,4.0,0.0001194
NULS/BTC,1579399283386,2020-01-19T02:01:23.386Z,buy,2.994e-05,1.0,2.994e-05
NULS/BTC,1579399362740,2020-01-19T02:02:42.740Z,buy,2.987e-05,538.0,0.01607006
NULS/BTC,1579399362746,2020-01-19T02:02:42.746Z,buy,2.993e-05,188.0,0.00562684
NULS/BTC,1579399363031,2020-01-19T02:02:43.031Z,buy,2.993e-05,4.0,0.00011972
NULS/BTC,1579399363163,2020-01-19T02:02:43.163Z,sell,2.993e-05,8.0,0.00023944
NULS/BTC,1579399377843,2020-01-19T02:02:57.843Z,buy,2.994e-05,26.0,0.00077844
NULS/BTC,1579399377843,2020-01-19T02:02:57.843Z,buy,2.996e-05,14.0,0.00041944
NULS/BTC,1579399396058,2020-01-19T02:03:16.058Z,buy,2.996e-05,16.0,0.00047936
NULS/BTC,1579399552593,2020-01-19T02:05:52.593Z,sell,2.993e-05,9.0,0.00026937
NULS/BTC,1579399596978,2020-01-19T02:06:36.978Z,buy,2.995e-05,1.0,2.995e-05
NULS/BTC,1579399621149,2020-01-19T02:07:01.149Z,buy,2.994e-05,615.0,0.0184131
NULS/BTC,1579399680924,2020-01-19T02:08:00.924Z,sell,2.987e-05,5.0,0.00014935
NULS/BTC,1579399687112,2020-01-19T02:08:07.112Z,buy,2.995e-05,128.0,0.0038336
NULS/BTC,1579399770496,2020-01-19T02:09:30.496Z,buy,2.988e-05,569.0,0.0170017199999999
NULS/BTC,1579399811519,2020-01-19T02:10:11.519Z,sell,2.976e-05,566.0,0.01684416
NULS/BTC,1579399824208,2020-01-19T02:10:24.208Z,sell,2.975e-05,27.0,0.00080325
NULS/BTC,1579399844326,2020-01-19T02:10:44.326Z,sell,2.97e-05,10.0,0.000297
NULS/BTC,1579399844326,2020-01-19T02:10:44.326Z,sell,2.967e-05,3.0,8.900999999999999e-05
NULS/BTC,1579399844326,2020-01-19T02:10:44.326Z,sell,2.961e-05,368.0,0.01089648
NULS/BTC,1579399844326,2020-01-19T02:10:44.326Z,sell,2.96e-05,3398.0,0.1005808
NULS/BTC,1579399844326,2020-01-19T02:10:44.326Z,sell,2.959e-05,4703.0,0.13916177
NULS/BTC,1579399844334,2020-01-19T02:10:44.334Z,buy,2.959e-05,5992.0,0.17730328
NULS/BTC,1579399844335,2020-01-19T02:10:44.335Z,buy,2.959e-05,5924.0,0.17529116
