symbol,timestamp,datetime,side,price,amount,btc_volume
NXS/BTC,1582214441557,2020-02-20T16:00:41.557Z,sell,2.173e-05,14.0,0.00030422
NXS/BTC,1582214491081,2020-02-20T16:01:31.081Z,sell,2.173e-05,453.0,0.00984369
NXS/BTC,1582214491081,2020-02-20T16:01:31.081Z,sell,2.169e-05,292.0,0.00633348
NXS/BTC,1582214491081,2020-02-20T16:01:31.081Z,sell,2.166e-05,61.0,0.0013212599999999
NXS/BTC,1582214491081,2020-02-20T16:01:31.081Z,sell,2.163e-05,531.0,0.01148553
NXS/BTC,1582214491081,2020-02-20T16:01:31.081Z,sell,2.162e-05,931.0,0.02012822
NXS/BTC,1582214491081,2020-02-20T16:01:31.081Z,sell,2.161e-05,192.0,0.00414912
NXS/BTC,1582214491081,2020-02-20T16:01:31.081Z,sell,2.16e-05,2247.0,0.0485352
NXS/BTC,1582214491081,2020-02-20T16:01:31.081Z,sell,2.16e-05,21.0,0.0004536
NXS/BTC,1582214571912,2020-02-20T16:02:51.912Z,buy,2.175e-05,192.0,0.004176
NXS/BTC,1582214571912,2020-02-20T16:02:51.912Z,buy,2.178e-05,62.0,0.00135036
NXS/BTC,1582214571912,2020-02-20T16:02:51.912Z,buy,2.179e-05,61.0,0.00132919
NXS/BTC,1582214571912,2020-02-20T16:02:51.912Z,buy,2.181e-05,1185.0,0.02584485
NXS/BTC,1582214614160,2020-02-20T16:03:34.160Z,buy,2.181e-05,12.0,0.00026172
NXS/BTC,1582214790217,2020-02-20T16:06:30.217Z,sell,2.166e-05,49.0,0.00106134
NXS/BTC,1582214790310,2020-02-20T16:06:30.310Z,sell,2.166e-05,12.0,0.0002599199999999
NXS/BTC,1582214828777,2020-02-20T16:07:08.777Z,sell,2.163e-05,62.0,0.00134106
NXS/BTC,1582214828842,2020-02-20T16:07:08.842Z,sell,2.158e-05,8.0,0.00017264
NXS/BTC,1582214828842,2020-02-20T16:07:08.842Z,sell,2.156e-05,27.0,0.00058212
NXS/BTC,1582214828842,2020-02-20T16:07:08.842Z,sell,2.153e-05,27.0,0.0005813099999999
NXS/BTC,1582214847228,2020-02-20T16:07:27.228Z,sell,2.153e-05,34.0,0.00073202
NXS/BTC,1582214847228,2020-02-20T16:07:27.228Z,sell,2.15e-05,472.0,0.010148
NXS/BTC,1582214847242,2020-02-20T16:07:27.242Z,buy,2.15e-05,73.0,0.0015695
NXS/BTC,1582214847247,2020-02-20T16:07:27.247Z,buy,2.15e-05,69.0,0.0014835
NXS/BTC,1582214848425,2020-02-20T16:07:28.425Z,buy,2.15e-05,32.0,0.000688
NXS/BTC,1582214850427,2020-02-20T16:07:30.427Z,buy,2.15e-05,16.0,0.000344
NXS/BTC,1582214888901,2020-02-20T16:08:08.901Z,buy,2.15e-05,5.0,0.0001075
NXS/BTC,1582214889808,2020-02-20T16:08:09.808Z,buy,2.15e-05,257.0,0.0055255
NXS/BTC,1582215012303,2020-02-20T16:10:12.303Z,buy,2.156e-05,184.0,0.00396704
NXS/BTC,1582215012303,2020-02-20T16:10:12.303Z,buy,2.157e-05,253.0,0.00545721
NXS/BTC,1582215466602,2020-02-20T16:17:46.602Z,sell,2.152e-05,5.0,0.0001076
NXS/BTC,1582215473464,2020-02-20T16:17:53.464Z,sell,2.149e-05,68.0,0.00146132
NXS/BTC,1582215671904,2020-02-20T16:21:11.904Z,sell,2.149e-05,367.0,0.00788683
NXS/BTC,1582216052732,2020-02-20T16:27:32.732Z,buy,2.148e-05,78.0,0.00167544
NXS/BTC,1582216089118,2020-02-20T16:28:09.118Z,buy,2.148e-05,5.0,0.0001074
NXS/BTC,1582216421970,2020-02-20T16:33:41.970Z,sell,2.147e-05,546.0,0.01172262
NXS/BTC,1582216720842,2020-02-20T16:38:40.842Z,sell,2.147e-05,661.0,0.01419167
NXS/BTC,1582216720842,2020-02-20T16:38:40.842Z,sell,2.144e-05,8.0,0.00017152
NXS/BTC,1582216720842,2020-02-20T16:38:40.842Z,sell,2.143e-05,27.0,0.00057861
NXS/BTC,1582216720842,2020-02-20T16:38:40.842Z,sell,2.14e-05,32.0,0.0006848
NXS/BTC,1582216720842,2020-02-20T16:38:40.842Z,sell,2.137e-05,525.0,0.01121925
NXS/BTC,1582216720842,2020-02-20T16:38:40.842Z,sell,2.136e-05,428.0,0.00914208
NXS/BTC,1582216720856,2020-02-20T16:38:40.856Z,sell,2.136e-05,111.0,0.00237096
NXS/BTC,1582216729533,2020-02-20T16:38:49.533Z,sell,2.135e-05,690.0,0.0147315
NXS/BTC,1582216729533,2020-02-20T16:38:49.533Z,sell,2.134e-05,991.0,0.02114794
NXS/BTC,1582216732864,2020-02-20T16:38:52.864Z,buy,2.138e-05,40.0,0.0008552
NXS/BTC,1582216733178,2020-02-20T16:38:53.178Z,buy,2.138e-05,107.0,0.00228766
NXS/BTC,1582216735045,2020-02-20T16:38:55.045Z,sell,2.134e-05,1681.0,0.03587254
NXS/BTC,1582216735823,2020-02-20T16:38:55.823Z,buy,2.138e-05,199.0,0.00425462
NXS/BTC,1582216737031,2020-02-20T16:38:57.031Z,buy,2.138e-05,585.0,0.0125072999999999
NXS/BTC,1582216737240,2020-02-20T16:38:57.240Z,sell,2.134e-05,1681.0,0.03587254
NXS/BTC,1582216940599,2020-02-20T16:42:20.599Z,buy,2.147e-05,32.0,0.00068704
NXS/BTC,1582217377868,2020-02-20T16:49:37.868Z,sell,2.135e-05,99.0,0.00211365
NXS/BTC,1582217835353,2020-02-20T16:57:15.353Z,buy,2.147e-05,686.0,0.0147284199999999
NXS/BTC,1582217835353,2020-02-20T16:57:15.353Z,buy,2.148e-05,2829.0,0.06076692
NXS/BTC,1582217903630,2020-02-20T16:58:23.630Z,buy,2.148e-05,2631.0,0.05651388
NXS/BTC,1582217961644,2020-02-20T16:59:21.644Z,buy,2.148e-05,383.0,0.00822684
NXS/BTC,1582217961644,2020-02-20T16:59:21.644Z,buy,2.148e-05,383.0,0.00822684
NXS/BTC,1582218379530,2020-02-20T17:06:19.530Z,buy,2.148e-05,73.0,0.00156804
NXS/BTC,1582218430989,2020-02-20T17:07:10.989Z,sell,2.145e-05,59.0,0.00126555
NXS/BTC,1582218653134,2020-02-20T17:10:53.134Z,sell,2.145e-05,63.0,0.00135135
NXS/BTC,1582218890268,2020-02-20T17:14:50.268Z,buy,2.148e-05,196.0,0.00421008
NXS/BTC,1582218962517,2020-02-20T17:16:02.517Z,buy,2.149e-05,48.0,0.00103152
NXS/BTC,1582219080370,2020-02-20T17:18:00.370Z,buy,2.149e-05,9.0,0.0001934099999999
NXS/BTC,1582219276598,2020-02-20T17:21:16.598Z,buy,2.149e-05,5.0,0.00010745
NXS/BTC,1582219277826,2020-02-20T17:21:17.826Z,sell,2.15e-05,8.0,0.000172
NXS/BTC,1582219396075,2020-02-20T17:23:16.075Z,buy,2.153e-05,61.0,0.00131333
NXS/BTC,1582219614635,2020-02-20T17:26:54.635Z,buy,2.156e-05,27.0,0.00058212
NXS/BTC,1582219614885,2020-02-20T17:26:54.885Z,sell,2.157e-05,863.0,0.01861491
NXS/BTC,1582219756644,2020-02-20T17:29:16.644Z,sell,2.153e-05,187.0,0.0040261099999999
NXS/BTC,1582219954360,2020-02-20T17:32:34.360Z,sell,2.146e-05,465.0,0.0099789
NXS/BTC,1582219954360,2020-02-20T17:32:34.360Z,sell,2.145e-05,373.0,0.00800085
NXS/BTC,1582219954360,2020-02-20T17:32:34.360Z,sell,2.144e-05,72.0,0.00154368
NXS/BTC,1582220191731,2020-02-20T17:36:31.731Z,sell,2.145e-05,320.0,0.006864
NXS/BTC,1582220191731,2020-02-20T17:36:31.731Z,sell,2.144e-05,2195.0,0.0470608
NXS/BTC,1582220191731,2020-02-20T17:36:31.731Z,sell,2.143e-05,27.0,0.00057861
NXS/BTC,1582220191731,2020-02-20T17:36:31.731Z,sell,2.14e-05,61.0,0.0013054
NXS/BTC,1582220191731,2020-02-20T17:36:31.731Z,sell,2.138e-05,2341.0,0.05005058
NXS/BTC,1582220191731,2020-02-20T17:36:31.731Z,sell,2.135e-05,5.0,0.00010675
NXS/BTC,1582220191731,2020-02-20T17:36:31.731Z,sell,2.134e-05,538.0,0.0114809199999999
NXS/BTC,1582220191731,2020-02-20T17:36:31.731Z,sell,2.133e-05,140.0,0.0029862
NXS/BTC,1582220191731,2020-02-20T17:36:31.731Z,sell,2.132e-05,53.0,0.00112996
NXS/BTC,1582220191731,2020-02-20T17:36:31.731Z,sell,2.13e-05,853.0,0.0181688999999999
NXS/BTC,1582220191731,2020-02-20T17:36:31.731Z,sell,2.129e-05,731.0,0.01556299
NXS/BTC,1582220191731,2020-02-20T17:36:31.731Z,sell,2.128e-05,8.0,0.00017024
NXS/BTC,1582220191731,2020-02-20T17:36:31.731Z,sell,2.127e-05,2879.0,0.06123633
NXS/BTC,1582220191731,2020-02-20T17:36:31.731Z,sell,2.124e-05,3.0,6.371999999999999e-05
NXS/BTC,1582220202614,2020-02-20T17:36:42.614Z,buy,2.14e-05,61.0,0.0013054
NXS/BTC,1582220257561,2020-02-20T17:37:37.561Z,buy,2.143e-05,17.0,0.00036431
NXS/BTC,1582220257608,2020-02-20T17:37:37.608Z,buy,2.143e-05,6.0,0.00012858
NXS/BTC,1582220277789,2020-02-20T17:37:57.789Z,buy,2.143e-05,4.0,8.572e-05
NXS/BTC,1582220316986,2020-02-20T17:38:36.986Z,buy,2.144e-05,5.0,0.0001072
NXS/BTC,1582220473681,2020-02-20T17:41:13.681Z,buy,2.144e-05,3.0,6.432000000000001e-05
NXS/BTC,1582220473681,2020-02-20T17:41:13.681Z,buy,2.147e-05,8.0,0.00017176
NXS/BTC,1582220473681,2020-02-20T17:41:13.681Z,buy,2.149e-05,62.0,0.00133238
NXS/BTC,1582220473681,2020-02-20T17:41:13.681Z,buy,2.153e-05,61.0,0.00131333
NXS/BTC,1582220473681,2020-02-20T17:41:13.681Z,buy,2.156e-05,27.0,0.00058212
NXS/BTC,1582220473681,2020-02-20T17:41:13.681Z,buy,2.158e-05,8.0,0.00017264
NXS/BTC,1582220473681,2020-02-20T17:41:13.681Z,buy,2.16e-05,204.0,0.0044063999999999
NXS/BTC,1582221129672,2020-02-20T17:52:09.672Z,buy,2.16e-05,5.0,0.000108
NXS/BTC,1582221129672,2020-02-20T17:52:09.672Z,buy,2.161e-05,290.0,0.0062669
NXS/BTC,1582221129672,2020-02-20T17:52:09.672Z,buy,2.16e-05,5.0,0.000108
NXS/BTC,1582221129672,2020-02-20T17:52:09.672Z,buy,2.161e-05,290.0,0.0062669
NXS/BTC,1582222153806,2020-02-20T18:09:13.806Z,buy,2.154e-05,431.0,0.00928374
NXS/BTC,1582222176638,2020-02-20T18:09:36.638Z,buy,2.153e-05,121.0,0.0026051299999999
NXS/BTC,1582222198391,2020-02-20T18:09:58.391Z,buy,2.153e-05,113.0,0.00243289
NXS/BTC,1582222212503,2020-02-20T18:10:12.503Z,buy,2.153e-05,134.0,0.00288502
NXS/BTC,1582222225791,2020-02-20T18:10:25.791Z,buy,2.153e-05,91.0,0.0019592299999999
NXS/BTC,1582222236362,2020-02-20T18:10:36.362Z,buy,2.153e-05,163.0,0.00350939
NXS/BTC,1582223183690,2020-02-20T18:26:23.690Z,buy,2.153e-05,451.0,0.00971003
NXS/BTC,1582223183690,2020-02-20T18:26:23.690Z,buy,2.155e-05,1211.0,0.0260970499999999
NXS/BTC,1582223183690,2020-02-20T18:26:23.690Z,buy,2.156e-05,206.0,0.00444136
NXS/BTC,1582223183690,2020-02-20T18:26:23.690Z,buy,2.157e-05,486.0,0.01048302
NXS/BTC,1582223183690,2020-02-20T18:26:23.690Z,buy,2.161e-05,414.0,0.00894654
NXS/BTC,1582223183690,2020-02-20T18:26:23.690Z,buy,2.162e-05,53.0,0.00114586
NXS/BTC,1582223183690,2020-02-20T18:26:23.690Z,buy,2.163e-05,62.0,0.00134106
NXS/BTC,1582223183808,2020-02-20T18:26:23.808Z,sell,2.163e-05,346.0,0.00748398
NXS/BTC,1582223256842,2020-02-20T18:27:36.842Z,sell,2.163e-05,1394.0,0.03015222
NXS/BTC,1582223256842,2020-02-20T18:27:36.842Z,sell,2.163e-05,1394.0,0.03015222
NXS/BTC,1582225035211,2020-02-20T18:57:15.211Z,sell,2.149e-05,24.0,0.00051576
NXS/BTC,1582226007947,2020-02-20T19:13:27.947Z,sell,2.149e-05,43.0,0.0009240699999999
NXS/BTC,1582226007947,2020-02-20T19:13:27.947Z,sell,2.144e-05,8.0,0.00017152
NXS/BTC,1582226007947,2020-02-20T19:13:27.947Z,sell,2.143e-05,27.0,0.00057861
NXS/BTC,1582226007947,2020-02-20T19:13:27.947Z,sell,2.14e-05,256.0,0.0054784
NXS/BTC,1582226007947,2020-02-20T19:13:27.947Z,sell,2.135e-05,344.0,0.0073444
NXS/BTC,1582226007947,2020-02-20T19:13:27.947Z,sell,2.134e-05,62.0,0.00132308
NXS/BTC,1582226007947,2020-02-20T19:13:27.947Z,sell,2.132e-05,521.0,0.01110772
NXS/BTC,1582226007947,2020-02-20T19:13:27.947Z,sell,2.13e-05,268.0,0.0057084
NXS/BTC,1582226099102,2020-02-20T19:14:59.102Z,buy,2.138e-05,468.0,0.0100058399999999
NXS/BTC,1582226163322,2020-02-20T19:16:03.322Z,buy,2.144e-05,8.0,0.00017152
NXS/BTC,1582226165007,2020-02-20T19:16:05.007Z,sell,2.144e-05,8.0,0.00017152
NXS/BTC,1582226257697,2020-02-20T19:17:37.697Z,buy,2.149e-05,18.0,0.0003868199999999
NXS/BTC,1582226364631,2020-02-20T19:19:24.631Z,buy,2.149e-05,44.0,0.00094556
NXS/BTC,1582226364631,2020-02-20T19:19:24.631Z,buy,2.153e-05,61.0,0.00131333
NXS/BTC,1582226364631,2020-02-20T19:19:24.631Z,buy,2.154e-05,12.0,0.00025848
NXS/BTC,1582226365528,2020-02-20T19:19:25.528Z,buy,2.153e-05,357.0,0.00768621
NXS/BTC,1582226365528,2020-02-20T19:19:25.528Z,buy,2.154e-05,110.0,0.0023694
NXS/BTC,1582226367071,2020-02-20T19:19:27.071Z,sell,2.153e-05,16.0,0.00034448
NXS/BTC,1582226619112,2020-02-20T19:23:39.112Z,sell,2.153e-05,73.0,0.00157169
NXS/BTC,1582226619112,2020-02-20T19:23:39.112Z,sell,2.153e-05,73.0,0.00157169
NXS/BTC,1582227705868,2020-02-20T19:41:45.868Z,sell,2.153e-05,121.0,0.0026051299999999
NXS/BTC,1582227705908,2020-02-20T19:41:45.908Z,sell,2.143e-05,307.0,0.00657901
NXS/BTC,1582227705956,2020-02-20T19:41:45.956Z,sell,2.144e-05,160.0,0.0034304
NXS/BTC,1582227705956,2020-02-20T19:41:45.956Z,sell,2.14e-05,147.0,0.0031458
NXS/BTC,1582227916804,2020-02-20T19:45:16.804Z,sell,2.148e-05,4179.0,0.08976492
NXS/BTC,1582227916804,2020-02-20T19:45:16.804Z,sell,2.14e-05,5.0,0.000107
NXS/BTC,1582227916837,2020-02-20T19:45:16.837Z,buy,2.14e-05,7.0,0.0001497999999999
NXS/BTC,1582227916910,2020-02-20T19:45:16.910Z,buy,2.14e-05,7.0,0.0001497999999999
NXS/BTC,1582227926250,2020-02-20T19:45:26.250Z,buy,2.14e-05,7.0,0.0001497999999999
NXS/BTC,1582227926304,2020-02-20T19:45:26.304Z,buy,2.14e-05,7.0,0.0001497999999999
NXS/BTC,1582228018596,2020-02-20T19:46:58.596Z,buy,2.14e-05,300.0,0.0064199999999999
NXS/BTC,1582228987020,2020-02-20T20:03:07.020Z,sell,2.135e-05,6.0,0.0001281
NXS/BTC,1582229340929,2020-02-20T20:09:00.929Z,buy,2.14e-05,5661.0,0.1211453999999999
NXS/BTC,1582229996309,2020-02-20T20:19:56.309Z,sell,2.14e-05,234.0,0.0050075999999999
NXS/BTC,1582229996334,2020-02-20T20:19:56.334Z,buy,2.14e-05,315.0,0.006741
NXS/BTC,1582230133808,2020-02-20T20:22:13.808Z,sell,2.14e-05,15.0,0.000321
NXS/BTC,1582230133808,2020-02-20T20:22:13.808Z,sell,2.136e-05,342.0,0.00730512
NXS/BTC,1582230177280,2020-02-20T20:22:57.280Z,sell,2.14e-05,91.0,0.0019474
NXS/BTC,1582230177280,2020-02-20T20:22:57.280Z,sell,2.137e-05,6.0,0.00012822
NXS/BTC,1582230177280,2020-02-20T20:22:57.280Z,sell,2.136e-05,14.0,0.00029904
NXS/BTC,1582230177280,2020-02-20T20:22:57.280Z,sell,2.134e-05,62.0,0.00132308
NXS/BTC,1582230177280,2020-02-20T20:22:57.280Z,sell,2.132e-05,476.0,0.0101483199999999
NXS/BTC,1582230177280,2020-02-20T20:22:57.280Z,sell,2.131e-05,195.0,0.00415545
NXS/BTC,1582230177280,2020-02-20T20:22:57.280Z,sell,2.13e-05,1.0,2.13e-05
NXS/BTC,1582230177280,2020-02-20T20:22:57.280Z,sell,2.14e-05,91.0,0.0019474
NXS/BTC,1582230177280,2020-02-20T20:22:57.280Z,sell,2.137e-05,6.0,0.00012822
NXS/BTC,1582230177280,2020-02-20T20:22:57.280Z,sell,2.136e-05,14.0,0.00029904
NXS/BTC,1582230177280,2020-02-20T20:22:57.280Z,sell,2.134e-05,62.0,0.00132308
NXS/BTC,1582230177280,2020-02-20T20:22:57.280Z,sell,2.132e-05,476.0,0.0101483199999999
NXS/BTC,1582230177280,2020-02-20T20:22:57.280Z,sell,2.131e-05,195.0,0.00415545
NXS/BTC,1582230177280,2020-02-20T20:22:57.280Z,sell,2.13e-05,1.0,2.13e-05
NXS/BTC,1582230234839,2020-02-20T20:23:54.839Z,buy,2.144e-05,195.0,0.0041808
NXS/BTC,1582230234839,2020-02-20T20:23:54.839Z,buy,2.148e-05,421.0,0.00904308
NXS/BTC,1582230234839,2020-02-20T20:23:54.839Z,buy,2.149e-05,62.0,0.00133238
NXS/BTC,1582230269106,2020-02-20T20:24:29.106Z,buy,2.153e-05,61.0,0.00131333
NXS/BTC,1582230269106,2020-02-20T20:24:29.106Z,buy,2.156e-05,27.0,0.00058212
NXS/BTC,1582230269106,2020-02-20T20:24:29.106Z,buy,2.158e-05,8.0,0.00017264
NXS/BTC,1582230269106,2020-02-20T20:24:29.106Z,buy,2.162e-05,530.0,0.0114586
NXS/BTC,1582230269106,2020-02-20T20:24:29.106Z,buy,2.163e-05,576.0,0.01245888
NXS/BTC,1582230269106,2020-02-20T20:24:29.106Z,buy,2.164e-05,745.0,0.0161218
NXS/BTC,1582230269106,2020-02-20T20:24:29.106Z,buy,2.165e-05,485.0,0.01050025
NXS/BTC,1582230269106,2020-02-20T20:24:29.106Z,buy,2.166e-05,61.0,0.0013212599999999
NXS/BTC,1582230269106,2020-02-20T20:24:29.106Z,buy,2.167e-05,8.0,0.00017336
NXS/BTC,1582230269106,2020-02-20T20:24:29.106Z,buy,2.17e-05,48.0,0.0010416
NXS/BTC,1582230269120,2020-02-20T20:24:29.120Z,sell,2.17e-05,72.0,0.0015623999999999
NXS/BTC,1582230269122,2020-02-20T20:24:29.122Z,sell,2.17e-05,463.0,0.0100471
NXS/BTC,1582230269125,2020-02-20T20:24:29.125Z,sell,2.17e-05,560.0,0.012152
NXS/BTC,1582230269126,2020-02-20T20:24:29.126Z,sell,2.17e-05,463.0,0.0100471
NXS/BTC,1582230272340,2020-02-20T20:24:32.340Z,sell,2.17e-05,8.0,0.0001736
NXS/BTC,1582230274341,2020-02-20T20:24:34.341Z,sell,2.158e-05,10.0,0.0002158
NXS/BTC,1582230281587,2020-02-20T20:24:41.587Z,buy,2.17e-05,249.0,0.0054033
NXS/BTC,1582230281587,2020-02-20T20:24:41.587Z,buy,2.171e-05,17.0,0.00036907
NXS/BTC,1582230281587,2020-02-20T20:24:41.587Z,buy,2.175e-05,25.0,0.00054375
NXS/BTC,1582230281587,2020-02-20T20:24:41.587Z,buy,2.178e-05,62.0,0.00135036
NXS/BTC,1582230281587,2020-02-20T20:24:41.587Z,buy,2.179e-05,61.0,0.00132919
NXS/BTC,1582230281587,2020-02-20T20:24:41.587Z,buy,2.184e-05,236.0,0.00515424
NXS/BTC,1582230281587,2020-02-20T20:24:41.587Z,buy,2.185e-05,8.0,0.0001748
NXS/BTC,1582230281587,2020-02-20T20:24:41.587Z,buy,2.187e-05,754.0,0.0164899799999999
NXS/BTC,1582230281587,2020-02-20T20:24:41.587Z,buy,2.188e-05,4884.0,0.10686192
NXS/BTC,1582230281587,2020-02-20T20:24:41.587Z,buy,2.189e-05,4179.0,0.09147831
NXS/BTC,1582230281602,2020-02-20T20:24:41.602Z,sell,2.19e-05,93.0,0.0020367
NXS/BTC,1582230281610,2020-02-20T20:24:41.610Z,sell,2.19e-05,428.0,0.0093732
NXS/BTC,1582230281619,2020-02-20T20:24:41.619Z,sell,2.19e-05,93.0,0.0020367
NXS/BTC,1582230281624,2020-02-20T20:24:41.624Z,sell,2.19e-05,21.0,0.0004599
NXS/BTC,1582230281638,2020-02-20T20:24:41.638Z,sell,2.19e-05,88.0,0.0019272
NXS/BTC,1582230281676,2020-02-20T20:24:41.676Z,sell,2.19e-05,84.0,0.0018396
NXS/BTC,1582230283336,2020-02-20T20:24:43.336Z,sell,2.19e-05,21.0,0.0004599
NXS/BTC,1582230284404,2020-02-20T20:24:44.404Z,sell,2.19e-05,8.0,0.0001752
NXS/BTC,1582230289872,2020-02-20T20:24:49.872Z,buy,2.191e-05,13.0,0.0002848299999999
NXS/BTC,1582230289872,2020-02-20T20:24:49.872Z,buy,2.192e-05,288.0,0.00631296
NXS/BTC,1582230289872,2020-02-20T20:24:49.872Z,buy,2.193e-05,62.0,0.00135966
NXS/BTC,1582230289872,2020-02-20T20:24:49.872Z,buy,2.197e-05,27.0,0.00059319
NXS/BTC,1582230289872,2020-02-20T20:24:49.872Z,buy,2.199e-05,13.0,0.00028587
NXS/BTC,1582230289872,2020-02-20T20:24:49.872Z,buy,2.2e-05,176.0,0.003872
NXS/BTC,1582230289885,2020-02-20T20:24:49.885Z,sell,2.2e-05,40.0,0.0008799999999999
NXS/BTC,1582230289894,2020-02-20T20:24:49.894Z,sell,2.2e-05,40.0,0.0008799999999999
NXS/BTC,1582230289941,2020-02-20T20:24:49.941Z,sell,2.2e-05,273.0,0.006006
NXS/BTC,1582230291348,2020-02-20T20:24:51.348Z,sell,2.195e-05,8.0,0.0001756
NXS/BTC,1582230292350,2020-02-20T20:24:52.350Z,sell,2.196e-05,47.0,0.00103212
NXS/BTC,1582230292497,2020-02-20T20:24:52.497Z,buy,2.205e-05,61.0,0.00134505
NXS/BTC,1582230294345,2020-02-20T20:24:54.345Z,sell,2.206e-05,7.0,0.00015442
NXS/BTC,1582230295689,2020-02-20T20:24:55.689Z,buy,2.207e-05,8.0,0.00017656
NXS/BTC,1582230295689,2020-02-20T20:24:55.689Z,buy,2.208e-05,51.0,0.00112608
NXS/BTC,1582230296075,2020-02-20T20:24:56.075Z,sell,2.196e-05,13.0,0.00028548
NXS/BTC,1582230298429,2020-02-20T20:24:58.429Z,sell,2.197e-05,33.0,0.00072501
NXS/BTC,1582230298689,2020-02-20T20:24:58.689Z,buy,2.208e-05,11.0,0.0002428799999999
NXS/BTC,1582230298815,2020-02-20T20:24:58.815Z,buy,2.211e-05,27.0,0.00059697
NXS/BTC,1582230300348,2020-02-20T20:25:00.348Z,sell,2.211e-05,22.0,0.00048642
NXS/BTC,1582230300394,2020-02-20T20:25:00.394Z,sell,2.211e-05,41.0,0.00090651
NXS/BTC,1582230300401,2020-02-20T20:25:00.401Z,sell,2.211e-05,83.0,0.00183513
NXS/BTC,1582230301348,2020-02-20T20:25:01.348Z,sell,2.21e-05,11.0,0.0002430999999999
NXS/BTC,1582230302772,2020-02-20T20:25:02.772Z,buy,2.213e-05,33.0,0.00073029
NXS/BTC,1582230302772,2020-02-20T20:25:02.772Z,buy,2.219e-05,61.0,0.00135359
NXS/BTC,1582230302772,2020-02-20T20:25:02.772Z,buy,2.222e-05,269.0,0.00597718
NXS/BTC,1582230302772,2020-02-20T20:25:02.772Z,buy,2.223e-05,115.0,0.00255645
NXS/BTC,1582230302772,2020-02-20T20:25:02.772Z,buy,2.225e-05,27.0,0.0006007499999999
NXS/BTC,1582230302772,2020-02-20T20:25:02.772Z,buy,2.226e-05,8.0,0.00017808
NXS/BTC,1582230302772,2020-02-20T20:25:02.772Z,buy,2.227e-05,8.0,0.00017816
NXS/BTC,1582230304344,2020-02-20T20:25:04.344Z,sell,2.228e-05,10.0,0.0002228
NXS/BTC,1582230304367,2020-02-20T20:25:04.367Z,sell,2.228e-05,15.0,0.0003342
NXS/BTC,1582230305894,2020-02-20T20:25:05.894Z,buy,2.229e-05,6.0,0.0001337399999999
NXS/BTC,1582230305894,2020-02-20T20:25:05.894Z,buy,2.23e-05,68.0,0.0015164
NXS/BTC,1582230305894,2020-02-20T20:25:05.894Z,buy,2.231e-05,155.0,0.00345805
NXS/BTC,1582230305894,2020-02-20T20:25:05.894Z,buy,2.232e-05,61.0,0.00136152
NXS/BTC,1582230305894,2020-02-20T20:25:05.894Z,buy,2.236e-05,407.0,0.0091005199999999
NXS/BTC,1582230305894,2020-02-20T20:25:05.894Z,buy,2.239e-05,89.0,0.00199271
NXS/BTC,1582230305894,2020-02-20T20:25:05.894Z,buy,2.24e-05,8.0,0.0001792
NXS/BTC,1582230305904,2020-02-20T20:25:05.904Z,sell,2.242e-05,14.0,0.00031388
NXS/BTC,1582230305956,2020-02-20T20:25:05.956Z,sell,2.242e-05,28.0,0.00062776
NXS/BTC,1582230305965,2020-02-20T20:25:05.965Z,sell,2.242e-05,10.0,0.0002241999999999
NXS/BTC,1582230306334,2020-02-20T20:25:06.334Z,sell,2.242e-05,14.0,0.00031388
NXS/BTC,1582230306418,2020-02-20T20:25:06.418Z,sell,2.242e-05,695.0,0.0155819
NXS/BTC,1582230306889,2020-02-20T20:25:06.889Z,sell,2.242e-05,37.0,0.0008295399999999
NXS/BTC,1582230307287,2020-02-20T20:25:07.287Z,sell,2.242e-05,103.0,0.00230926
NXS/BTC,1582230307550,2020-02-20T20:25:07.550Z,sell,2.242e-05,45.0,0.0010088999999999
NXS/BTC,1582230307667,2020-02-20T20:25:07.667Z,sell,2.242e-05,123.0,0.00275766
NXS/BTC,1582230308880,2020-02-20T20:25:08.880Z,sell,2.242e-05,96.0,0.00215232
NXS/BTC,1582230309549,2020-02-20T20:25:09.549Z,sell,2.242e-05,26.0,0.00058292
NXS/BTC,1582230310321,2020-02-20T20:25:10.321Z,buy,2.243e-05,164.0,0.00367852
NXS/BTC,1582230310321,2020-02-20T20:25:10.321Z,buy,2.244e-05,914.0,0.02051016
NXS/BTC,1582230310321,2020-02-20T20:25:10.321Z,buy,2.246e-05,434.0,0.00974764
NXS/BTC,1582230310321,2020-02-20T20:25:10.321Z,buy,2.247e-05,421.0,0.00945987
NXS/BTC,1582230311284,2020-02-20T20:25:11.284Z,sell,2.232e-05,61.0,0.00136152
NXS/BTC,1582230314349,2020-02-20T20:25:14.349Z,buy,2.243e-05,5.0,0.00011215
NXS/BTC,1582230315331,2020-02-20T20:25:15.331Z,sell,2.226e-05,8.0,0.00017808
NXS/BTC,1582230315331,2020-02-20T20:25:15.331Z,sell,2.225e-05,6.0,0.0001335
NXS/BTC,1582230322241,2020-02-20T20:25:22.241Z,sell,2.225e-05,19.0,0.0004227499999999
NXS/BTC,1582230330929,2020-02-20T20:25:30.929Z,sell,2.225e-05,2.0,4.45e-05
NXS/BTC,1582230330929,2020-02-20T20:25:30.929Z,sell,2.223e-05,62.0,0.0013782599999999
NXS/BTC,1582230330929,2020-02-20T20:25:30.929Z,sell,2.219e-05,61.0,0.00135359
NXS/BTC,1582230330937,2020-02-20T20:25:30.937Z,sell,2.213e-05,18.0,0.00039834
NXS/BTC,1582230335546,2020-02-20T20:25:35.546Z,sell,2.215e-05,5.0,0.00011075
NXS/BTC,1582230336076,2020-02-20T20:25:36.076Z,buy,2.226e-05,5.0,0.0001113
NXS/BTC,1582230341277,2020-02-20T20:25:41.277Z,sell,2.22e-05,138.0,0.0030636
NXS/BTC,1582230352431,2020-02-20T20:25:52.431Z,sell,2.225e-05,63.0,0.00140175
NXS/BTC,1582230373370,2020-02-20T20:26:13.370Z,buy,2.224e-05,16.0,0.00035584
NXS/BTC,1582230378361,2020-02-20T20:26:18.361Z,buy,2.213e-05,16.0,0.00035408
NXS/BTC,1582230418054,2020-02-20T20:26:58.054Z,buy,2.213e-05,17.0,0.00037621
NXS/BTC,1582230454379,2020-02-20T20:27:34.379Z,buy,2.212e-05,8.0,0.00017696
NXS/BTC,1582230611875,2020-02-20T20:30:11.875Z,sell,2.211e-05,32.0,0.00070752
NXS/BTC,1582230619784,2020-02-20T20:30:19.784Z,sell,2.208e-05,62.0,0.00136896
NXS/BTC,1582230619784,2020-02-20T20:30:19.784Z,sell,2.207e-05,8.0,0.00017656
NXS/BTC,1582230619784,2020-02-20T20:30:19.784Z,sell,2.205e-05,61.0,0.00134505
NXS/BTC,1582230619784,2020-02-20T20:30:19.784Z,sell,2.203e-05,1797.0,0.03958791
NXS/BTC,1582230619805,2020-02-20T20:30:19.805Z,buy,2.202e-05,68.0,0.0014973599999999
NXS/BTC,1582230620181,2020-02-20T20:30:20.181Z,buy,2.202e-05,15.0,0.0003303
NXS/BTC,1582230639058,2020-02-20T20:30:39.058Z,sell,2.199e-05,8.0,0.00017592
NXS/BTC,1582230639058,2020-02-20T20:30:39.058Z,sell,2.197e-05,27.0,0.00059319
NXS/BTC,1582230639058,2020-02-20T20:30:39.058Z,sell,2.194e-05,5.0,0.0001097
NXS/BTC,1582230639058,2020-02-20T20:30:39.058Z,sell,2.193e-05,62.0,0.00135966
NXS/BTC,1582230639083,2020-02-20T20:30:39.083Z,sell,2.192e-05,114.0,0.00249888
NXS/BTC,1582230640412,2020-02-20T20:30:40.412Z,buy,2.193e-05,31.0,0.00067983
NXS/BTC,1582230643786,2020-02-20T20:30:43.786Z,sell,2.203e-05,37.0,0.00081511
NXS/BTC,1582230643786,2020-02-20T20:30:43.786Z,sell,2.187e-05,8.0,0.00017496
NXS/BTC,1582230643786,2020-02-20T20:30:43.786Z,sell,2.185e-05,8.0,0.0001748
NXS/BTC,1582230643804,2020-02-20T20:30:43.804Z,buy,2.185e-05,16.0,0.0003496
NXS/BTC,1582230643821,2020-02-20T20:30:43.821Z,buy,2.185e-05,236.0,0.0051566
NXS/BTC,1582230645418,2020-02-20T20:30:45.418Z,buy,2.185e-05,24.0,0.0005244
NXS/BTC,1582230652825,2020-02-20T20:30:52.825Z,sell,2.184e-05,121.0,0.00264264
NXS/BTC,1582230652825,2020-02-20T20:30:52.825Z,sell,2.181e-05,260.0,0.0056706
NXS/BTC,1582230652825,2020-02-20T20:30:52.825Z,sell,2.18e-05,466.0,0.0101588
NXS/BTC,1582230656236,2020-02-20T20:30:56.236Z,sell,2.18e-05,130.0,0.002834
NXS/BTC,1582230656236,2020-02-20T20:30:56.236Z,sell,2.179e-05,1044.0,0.02274876
NXS/BTC,1582230796032,2020-02-20T20:33:16.032Z,sell,2.178e-05,62.0,0.00135036
NXS/BTC,1582230796032,2020-02-20T20:33:16.032Z,sell,2.175e-05,65.0,0.00141375
NXS/BTC,1582230796032,2020-02-20T20:33:16.032Z,sell,2.175e-05,23.0,0.00050025
NXS/BTC,1582230855512,2020-02-20T20:34:15.512Z,buy,2.183e-05,8.0,0.00017464
NXS/BTC,1582232449597,2020-02-20T21:00:49.597Z,buy,2.184e-05,47.0,0.00102648
NXS/BTC,1582232475816,2020-02-20T21:01:15.816Z,buy,2.184e-05,68.0,0.00148512
NXS/BTC,1582232689476,2020-02-20T21:04:49.476Z,buy,2.184e-05,37.0,0.00080808
NXS/BTC,1582233022761,2020-02-20T21:10:22.761Z,sell,2.172e-05,5.0,0.0001086
NXS/BTC,1582233022761,2020-02-20T21:10:22.761Z,sell,2.171e-05,37.0,0.00080327
NXS/BTC,1582233078677,2020-02-20T21:11:18.677Z,sell,2.171e-05,6.0,0.00013026
NXS/BTC,1582233079303,2020-02-20T21:11:19.303Z,sell,2.171e-05,6.0,0.00013026
NXS/BTC,1582233079303,2020-02-20T21:11:19.303Z,sell,2.171e-05,6.0,0.00013026
NXS/BTC,1582233987557,2020-02-20T21:26:27.557Z,buy,2.184e-05,32.0,0.00069888
NXS/BTC,1582233987557,2020-02-20T21:26:27.557Z,buy,2.185e-05,8.0,0.0001748
NXS/BTC,1582233987557,2020-02-20T21:26:27.557Z,buy,2.186e-05,19.0,0.00041534
NXS/BTC,1582234008751,2020-02-20T21:26:48.751Z,buy,2.186e-05,5.0,0.0001093
NXS/BTC,1582234174970,2020-02-20T21:29:34.970Z,buy,2.185e-05,5.0,0.00010925
NXS/BTC,1582234174970,2020-02-20T21:29:34.970Z,buy,2.186e-05,41.0,0.00089626
NXS/BTC,1582234209235,2020-02-20T21:30:09.235Z,sell,2.186e-05,5.0,0.0001093
NXS/BTC,1582234478112,2020-02-20T21:34:38.112Z,sell,2.183e-05,5.0,0.00010915
NXS/BTC,1582234478112,2020-02-20T21:34:38.112Z,sell,2.182e-05,145.0,0.0031639
NXS/BTC,1582234773271,2020-02-20T21:39:33.271Z,sell,2.182e-05,118.0,0.00257476
NXS/BTC,1582235180087,2020-02-20T21:46:20.087Z,buy,2.188e-05,5.0,0.0001094
NXS/BTC,1582235205898,2020-02-20T21:46:45.898Z,buy,2.188e-05,5.0,0.0001094
NXS/BTC,1582235497367,2020-02-20T21:51:37.367Z,sell,2.185e-05,5.0,0.00010925
NXS/BTC,1582235529498,2020-02-20T21:52:09.498Z,buy,2.185e-05,1.0,2.185e-05
NXS/BTC,1582235834096,2020-02-20T21:57:14.096Z,buy,2.188e-05,55.0,0.0012034
NXS/BTC,1582235834096,2020-02-20T21:57:14.096Z,buy,2.19e-05,10.0,0.000219
NXS/BTC,1582235865826,2020-02-20T21:57:45.826Z,buy,2.192e-05,71.0,0.00155632
NXS/BTC,1582235876195,2020-02-20T21:57:56.195Z,sell,2.192e-05,244.0,0.00534848
NXS/BTC,1582235889012,2020-02-20T21:58:09.012Z,sell,2.192e-05,5.0,0.0001096
NXS/BTC,1582235910029,2020-02-20T21:58:30.029Z,buy,2.193e-05,62.0,0.00135966
NXS/BTC,1582235910902,2020-02-20T21:58:30.902Z,sell,2.195e-05,8.0,0.0001756
NXS/BTC,1582236057227,2020-02-20T22:00:57.227Z,buy,2.197e-05,392.0,0.00861224
NXS/BTC,1582236084580,2020-02-20T22:01:24.580Z,buy,2.197e-05,5.0,0.00010985
NXS/BTC,1582236084580,2020-02-20T22:01:24.580Z,buy,2.198e-05,13.0,0.00028574
NXS/BTC,1582236102415,2020-02-20T22:01:42.415Z,buy,2.198e-05,864.0,0.01899072
NXS/BTC,1582236102415,2020-02-20T22:01:42.415Z,buy,2.199e-05,8.0,0.00017592
NXS/BTC,1582236121944,2020-02-20T22:02:01.944Z,sell,2.201e-05,8.0,0.00017608
NXS/BTC,1582236151943,2020-02-20T22:02:31.943Z,sell,2.203e-05,8.0,0.00017624
NXS/BTC,1582236183282,2020-02-20T22:03:03.282Z,buy,2.205e-05,21.0,0.00046305
NXS/BTC,1582236256333,2020-02-20T22:04:16.333Z,buy,2.205e-05,19.0,0.00041895
NXS/BTC,1582236439626,2020-02-20T22:07:19.626Z,buy,2.205e-05,5.0,0.00011025
NXS/BTC,1582236439626,2020-02-20T22:07:19.626Z,buy,2.205e-05,5.0,0.00011025
NXS/BTC,1582236921215,2020-02-20T22:15:21.215Z,buy,2.201e-05,41.0,0.00090241
NXS/BTC,1582236921215,2020-02-20T22:15:21.215Z,sell,2.193e-05,7.0,0.0001535099999999
NXS/BTC,1582236927963,2020-02-20T22:15:27.963Z,buy,2.201e-05,567.0,0.01247967
NXS/BTC,1582236927963,2020-02-20T22:15:27.963Z,buy,2.202e-05,2057.0,0.04529514
NXS/BTC,1582237191761,2020-02-20T22:19:51.761Z,buy,2.201e-05,36.0,0.00079236
NXS/BTC,1582237233972,2020-02-20T22:20:33.972Z,buy,2.201e-05,270.0,0.0059427
NXS/BTC,1582237902224,2020-02-20T22:31:42.224Z,buy,2.201e-05,2229.0,0.04906029
NXS/BTC,1582237902224,2020-02-20T22:31:42.224Z,buy,2.202e-05,1595.0,0.0351219
NXS/BTC,1582237950214,2020-02-20T22:32:30.214Z,buy,2.202e-05,5.0,0.0001100999999999
NXS/BTC,1582237950214,2020-02-20T22:32:30.214Z,buy,2.205e-05,16.0,0.0003528
NXS/BTC,1582237950214,2020-02-20T22:32:30.214Z,buy,2.207e-05,8.0,0.00017656
NXS/BTC,1582237950214,2020-02-20T22:32:30.214Z,buy,2.208e-05,62.0,0.00136896
NXS/BTC,1582238038749,2020-02-20T22:33:58.749Z,sell,2.196e-05,58.0,0.00127368
NXS/BTC,1582238375335,2020-02-20T22:39:35.335Z,buy,2.211e-05,12.0,0.00026532
NXS/BTC,1582238387489,2020-02-20T22:39:47.489Z,buy,2.211e-05,121.0,0.00267531
NXS/BTC,1582238387489,2020-02-20T22:39:47.489Z,buy,2.213e-05,9.0,0.00019917
NXS/BTC,1582238723605,2020-02-20T22:45:23.605Z,buy,2.213e-05,5.0,0.00011065
NXS/BTC,1582238804831,2020-02-20T22:46:44.831Z,buy,2.213e-05,5.0,0.00011065
NXS/BTC,1582238807761,2020-02-20T22:46:47.761Z,sell,2.21e-05,5.0,0.0001104999999999
NXS/BTC,1582239028862,2020-02-20T22:50:28.862Z,buy,2.213e-05,15.0,0.00033195
NXS/BTC,1582239028862,2020-02-20T22:50:28.862Z,buy,2.216e-05,14.0,0.00031024
NXS/BTC,1582239028862,2020-02-20T22:50:28.862Z,buy,2.217e-05,10.0,0.0002217
NXS/BTC,1582239028862,2020-02-20T22:50:28.862Z,buy,2.218e-05,14.0,0.00031052
NXS/BTC,1582239028862,2020-02-20T22:50:28.862Z,buy,2.219e-05,61.0,0.00135359
NXS/BTC,1582239028862,2020-02-20T22:50:28.862Z,buy,2.221e-05,789.0,0.0175236899999999
NXS/BTC,1582239079577,2020-02-20T22:51:19.577Z,buy,2.218e-05,5.0,0.0001109
NXS/BTC,1582239182670,2020-02-20T22:53:02.670Z,buy,2.222e-05,478.0,0.01062116
NXS/BTC,1582239182695,2020-02-20T22:53:02.695Z,sell,2.222e-05,212.0,0.00471064
NXS/BTC,1582239182754,2020-02-20T22:53:02.754Z,sell,2.222e-05,31.0,0.00068882
NXS/BTC,1582239183861,2020-02-20T22:53:03.861Z,sell,2.222e-05,27.0,0.00059994
NXS/BTC,1582239222466,2020-02-20T22:53:42.466Z,sell,2.222e-05,47.0,0.00104434
NXS/BTC,1582239222489,2020-02-20T22:53:42.489Z,sell,2.222e-05,943.0,0.02095346
NXS/BTC,1582239494577,2020-02-20T22:58:14.577Z,buy,2.223e-05,5.0,0.0001111499999999
NXS/BTC,1582239614545,2020-02-20T23:00:14.545Z,buy,2.223e-05,5.0,0.0001111499999999
NXS/BTC,1582239614545,2020-02-20T23:00:14.545Z,buy,2.223e-05,5.0,0.0001111499999999
NXS/BTC,1582240198264,2020-02-20T23:09:58.264Z,sell,2.222e-05,152.0,0.00337744
NXS/BTC,1582240695124,2020-02-20T23:18:15.124Z,buy,2.223e-05,110.0,0.0024453
NXS/BTC,1582241554729,2020-02-20T23:32:34.729Z,buy,2.225e-05,5.0,0.00011125
NXS/BTC,1582241643984,2020-02-20T23:34:03.984Z,buy,2.225e-05,277.0,0.0061632499999999
NXS/BTC,1582241660396,2020-02-20T23:34:20.396Z,sell,2.225e-05,603.0,0.01341675
NXS/BTC,1582241741881,2020-02-20T23:35:41.881Z,sell,2.221e-05,5.0,0.0001110499999999
NXS/BTC,1582241741881,2020-02-20T23:35:41.881Z,sell,2.219e-05,5.0,0.00011095
NXS/BTC,1582241741881,2020-02-20T23:35:41.881Z,sell,2.211e-05,27.0,0.00059697
NXS/BTC,1582241741881,2020-02-20T23:35:41.881Z,sell,2.208e-05,62.0,0.00136896
NXS/BTC,1582241741881,2020-02-20T23:35:41.881Z,sell,2.205e-05,286.0,0.0063063
NXS/BTC,1582241741881,2020-02-20T23:35:41.881Z,sell,2.203e-05,461.0,0.01015583
NXS/BTC,1582241741904,2020-02-20T23:35:41.904Z,buy,2.2e-05,16.0,0.000352
NXS/BTC,1582241741953,2020-02-20T23:35:41.953Z,buy,2.2e-05,16.0,0.000352
NXS/BTC,1582241742058,2020-02-20T23:35:42.058Z,buy,2.2e-05,1928.0,0.042416
NXS/BTC,1582241759841,2020-02-20T23:35:59.841Z,sell,2.217e-05,5.0,0.00011085
NXS/BTC,1582242370775,2020-02-20T23:46:10.775Z,buy,2.217e-05,36.0,0.00079812
NXS/BTC,1582242370775,2020-02-20T23:46:10.775Z,buy,2.217e-05,36.0,0.00079812
NXS/BTC,1582243378859,2020-02-21T00:02:58.859Z,sell,2.215e-05,5.0,0.00011075
NXS/BTC,1582243396154,2020-02-21T00:03:16.154Z,buy,2.215e-05,31.0,0.00068665
NXS/BTC,1582243449298,2020-02-21T00:04:09.298Z,buy,2.214e-05,5.0,0.0001107
NXS/BTC,1582243498461,2020-02-21T00:04:58.461Z,sell,2.212e-05,20.0,0.0004424
NXS/BTC,1582243498461,2020-02-21T00:04:58.461Z,sell,2.21e-05,5.0,0.0001104999999999
NXS/BTC,1582243498461,2020-02-21T00:04:58.461Z,sell,2.199e-05,32.0,0.00070368
NXS/BTC,1582243501068,2020-02-21T00:05:01.068Z,buy,2.211e-05,8.0,0.00017688
NXS/BTC,1582243608466,2020-02-21T00:06:48.466Z,buy,2.211e-05,72.0,0.00159192
NXS/BTC,1582244065726,2020-02-21T00:14:25.726Z,buy,2.213e-05,32.0,0.00070816
NXS/BTC,1582244065726,2020-02-21T00:14:25.726Z,buy,2.219e-05,182.0,0.00403858
NXS/BTC,1582244065726,2020-02-21T00:14:25.726Z,buy,2.221e-05,11.0,0.0002443099999999
NXS/BTC,1582244065820,2020-02-21T00:14:25.820Z,buy,2.212e-05,100.0,0.002212
NXS/BTC,1582244396808,2020-02-21T00:19:56.808Z,sell,2.208e-05,8.0,0.00017664
NXS/BTC,1582244508319,2020-02-21T00:21:48.319Z,sell,2.208e-05,37.0,0.0008169599999999
NXS/BTC,1582244508385,2020-02-21T00:21:48.385Z,buy,2.208e-05,41.0,0.00090528
NXS/BTC,1582244629096,2020-02-21T00:23:49.096Z,buy,2.208e-05,67.0,0.0014793599999999
NXS/BTC,1582244629107,2020-02-21T00:23:49.107Z,buy,2.208e-05,94.0,0.00207552
NXS/BTC,1582244649141,2020-02-21T00:24:09.141Z,buy,2.208e-05,5.0,0.0001104
NXS/BTC,1582244760591,2020-02-21T00:26:00.591Z,sell,2.207e-05,5.0,0.00011035
NXS/BTC,1582244801516,2020-02-21T00:26:41.516Z,sell,2.206e-05,688.0,0.01517728
NXS/BTC,1582245056464,2020-02-21T00:30:56.464Z,sell,2.206e-05,96.0,0.0021177599999999
NXS/BTC,1582245920267,2020-02-21T00:45:20.267Z,buy,2.219e-05,135.0,0.00299565
NXS/BTC,1582245920267,2020-02-21T00:45:20.267Z,buy,2.219e-05,135.0,0.00299565
NXS/BTC,1582248551932,2020-02-21T01:29:11.932Z,sell,2.208e-05,50.0,0.001104
NXS/BTC,1582249401947,2020-02-21T01:43:21.947Z,buy,2.219e-05,5.0,0.00011095
NXS/BTC,1582249401947,2020-02-21T01:43:21.947Z,buy,2.219e-05,5.0,0.00011095
NXS/BTC,1582250124831,2020-02-21T01:55:24.831Z,buy,2.219e-05,43.0,0.00095417
NXS/BTC,1582250124831,2020-02-21T01:55:24.831Z,buy,2.22e-05,36.0,0.0007992
NXS/BTC,1582250124831,2020-02-21T01:55:24.831Z,buy,2.221e-05,4.0,8.884e-05
NXS/BTC,1582250150268,2020-02-21T01:55:50.268Z,buy,2.222e-05,45.0,0.0009999
NXS/BTC,1582250150292,2020-02-21T01:55:50.292Z,buy,2.223e-05,62.0,0.0013782599999999
NXS/BTC,1582250152017,2020-02-21T01:55:52.017Z,sell,2.222e-05,8.0,0.00017776
NXS/BTC,1582250229379,2020-02-21T01:57:09.379Z,sell,2.222e-05,5.0,0.0001111
NXS/BTC,1582250417002,2020-02-21T02:00:17.002Z,buy,2.225e-05,5.0,0.00011125
NXS/BTC,1582250560970,2020-02-21T02:02:40.970Z,buy,2.225e-05,8.0,0.000178
NXS/BTC,1582250626891,2020-02-21T02:03:46.891Z,buy,2.225e-05,5.0,0.00011125
NXS/BTC,1582251157698,2020-02-21T02:12:37.698Z,sell,2.222e-05,416.0,0.00924352
NXS/BTC,1582251418453,2020-02-21T02:16:58.453Z,buy,2.225e-05,5.0,0.00011125
NXS/BTC,1582251723664,2020-02-21T02:22:03.664Z,buy,2.225e-05,4.0,8.9e-05
NXS/BTC,1582251889070,2020-02-21T02:24:49.070Z,buy,2.226e-05,3.0,6.678000000000001e-05
NXS/BTC,1582251977879,2020-02-21T02:26:17.879Z,buy,2.227e-05,8.0,0.00017816
NXS/BTC,1582251977994,2020-02-21T02:26:17.994Z,buy,2.23e-05,94.0,0.0020962
NXS/BTC,1582251978732,2020-02-21T02:26:18.732Z,sell,2.227e-05,5.0,0.00011135
NXS/BTC,1582251980348,2020-02-21T02:26:20.348Z,buy,2.231e-05,15.0,0.00033465
NXS/BTC,1582251981760,2020-02-21T02:26:21.760Z,sell,2.231e-05,16.0,0.00035696
NXS/BTC,1582251988249,2020-02-21T02:26:28.249Z,sell,2.231e-05,135.0,0.00301185
NXS/BTC,1582251990188,2020-02-21T02:26:30.188Z,sell,2.231e-05,91.0,0.00203021
NXS/BTC,1582251991061,2020-02-21T02:26:31.061Z,buy,2.232e-05,92.0,0.00205344
NXS/BTC,1582252010385,2020-02-21T02:26:50.385Z,buy,2.233e-05,152.0,0.00339416
NXS/BTC,1582252019573,2020-02-21T02:26:59.573Z,buy,2.235e-05,200.0,0.00447
NXS/BTC,1582252031986,2020-02-21T02:27:11.986Z,buy,2.235e-05,132.0,0.0029502
NXS/BTC,1582252032740,2020-02-21T02:27:12.740Z,sell,2.235e-05,10.0,0.0002235
NXS/BTC,1582252056189,2020-02-21T02:27:36.189Z,buy,2.239e-05,89.0,0.00199271
NXS/BTC,1582252056189,2020-02-21T02:27:36.189Z,buy,2.24e-05,8.0,0.0001792
NXS/BTC,1582252056737,2020-02-21T02:27:36.737Z,sell,2.241e-05,8.0,0.00017928
NXS/BTC,1582252057631,2020-02-21T02:27:37.631Z,sell,2.241e-05,27.0,0.00060507
NXS/BTC,1582252061732,2020-02-21T02:27:41.732Z,sell,2.241e-05,159.0,0.00356319
NXS/BTC,1582252080687,2020-02-21T02:28:00.687Z,buy,2.244e-05,5.0,0.0001121999999999
NXS/BTC,1582252239570,2020-02-21T02:30:39.570Z,buy,2.244e-05,94.0,0.00210936
NXS/BTC,1582252240006,2020-02-21T02:30:40.006Z,sell,2.244e-05,273.0,0.00612612
NXS/BTC,1582252240814,2020-02-21T02:30:40.814Z,sell,2.244e-05,16.0,0.00035904
NXS/BTC,1582252241781,2020-02-21T02:30:41.781Z,buy,2.246e-05,61.0,0.00137006
NXS/BTC,1582252307736,2020-02-21T02:31:47.736Z,sell,2.246e-05,71.0,0.00159466
NXS/BTC,1582252394019,2020-02-21T02:33:14.019Z,buy,2.248e-05,9.0,0.00020232
NXS/BTC,1582252394035,2020-02-21T02:33:14.035Z,buy,2.248e-05,48.0,0.00107904
NXS/BTC,1582252394185,2020-02-21T02:33:14.185Z,buy,2.248e-05,99.0,0.00222552
NXS/BTC,1582252394249,2020-02-21T02:33:14.249Z,sell,2.248e-05,293.0,0.00658664
NXS/BTC,1582252395059,2020-02-21T02:33:15.059Z,buy,2.249e-05,87.0,0.00195663
NXS/BTC,1582252407672,2020-02-21T02:33:27.672Z,buy,2.249e-05,247.0,0.00555503
NXS/BTC,1582252407672,2020-02-21T02:33:27.672Z,buy,2.25e-05,1096.0,0.02466
NXS/BTC,1582252412262,2020-02-21T02:33:32.262Z,buy,2.25e-05,225.0,0.0050625
NXS/BTC,1582252427969,2020-02-21T02:33:47.969Z,buy,2.25e-05,46.0,0.001035
NXS/BTC,1582252753918,2020-02-21T02:39:13.918Z,buy,2.25e-05,43.0,0.0009675
NXS/BTC,1582252753980,2020-02-21T02:39:13.980Z,buy,2.25e-05,9.0,0.0002025
NXS/BTC,1582252780486,2020-02-21T02:39:40.486Z,sell,2.241e-05,5.0,0.00011205
NXS/BTC,1582252780486,2020-02-21T02:39:40.486Z,sell,2.24e-05,40.0,0.000896
NXS/BTC,1582252780486,2020-02-21T02:39:40.486Z,sell,2.24e-05,65.0,0.0014559999999999
NXS/BTC,1582252780486,2020-02-21T02:39:40.486Z,sell,2.239e-05,20.0,0.0004478
NXS/BTC,1582252783020,2020-02-21T02:39:43.020Z,sell,2.239e-05,25.0,0.00055975
NXS/BTC,1582252783020,2020-02-21T02:39:43.020Z,sell,2.238e-05,5.0,0.0001119
NXS/BTC,1582252946679,2020-02-21T02:42:26.679Z,buy,2.238e-05,105.0,0.0023499
NXS/BTC,1582252950186,2020-02-21T02:42:30.186Z,buy,2.248e-05,10.0,0.0002248
NXS/BTC,1582252997734,2020-02-21T02:43:17.734Z,buy,2.25e-05,5.0,0.0001125
NXS/BTC,1582252997734,2020-02-21T02:43:17.734Z,buy,2.25e-05,5.0,0.0001125
NXS/BTC,1582253139201,2020-02-21T02:45:39.201Z,buy,2.25e-05,102.0,0.002295
NXS/BTC,1582253451670,2020-02-21T02:50:51.670Z,sell,2.246e-05,5.0,0.0001122999999999
NXS/BTC,1582253451670,2020-02-21T02:50:51.670Z,sell,2.235e-05,108.0,0.0024138
NXS/BTC,1582253472161,2020-02-21T02:51:12.161Z,buy,2.25e-05,44.0,0.00099
NXS/BTC,1582253719379,2020-02-21T02:55:19.379Z,buy,2.25e-05,2076.0,0.04671
NXS/BTC,1582253721344,2020-02-21T02:55:21.344Z,sell,2.25e-05,5.0,0.0001125
NXS/BTC,1582253755827,2020-02-21T02:55:55.827Z,buy,2.252e-05,33.0,0.00074316
NXS/BTC,1582253755827,2020-02-21T02:55:55.827Z,buy,2.253e-05,78.0,0.00175734
NXS/BTC,1582253755827,2020-02-21T02:55:55.827Z,buy,2.254e-05,80.0,0.0018032
NXS/BTC,1582253755827,2020-02-21T02:55:55.827Z,buy,2.255e-05,6.0,0.0001352999999999
NXS/BTC,1582253755827,2020-02-21T02:55:55.827Z,buy,2.256e-05,65.0,0.0014664
NXS/BTC,1582253855032,2020-02-21T02:57:35.032Z,buy,2.256e-05,5.0,0.0001128
NXS/BTC,1582253939401,2020-02-21T02:58:59.401Z,sell,2.252e-05,5.0,0.0001126
NXS/BTC,1582253945011,2020-02-21T02:59:05.011Z,buy,2.256e-05,8.0,0.00018048
NXS/BTC,1582253946346,2020-02-21T02:59:06.346Z,buy,2.256e-05,48.0,0.00108288
NXS/BTC,1582253949977,2020-02-21T02:59:09.977Z,buy,2.256e-05,22.0,0.00049632
NXS/BTC,1582253950480,2020-02-21T02:59:10.480Z,buy,2.256e-05,23.0,0.00051888
NXS/BTC,1582253951201,2020-02-21T02:59:11.201Z,buy,2.256e-05,3.0,6.768e-05
NXS/BTC,1582253951201,2020-02-21T02:59:11.201Z,buy,2.259e-05,2.0,4.518e-05
NXS/BTC,1582253973532,2020-02-21T02:59:33.532Z,buy,2.259e-05,59.0,0.00133281
NXS/BTC,1582253973532,2020-02-21T02:59:33.532Z,buy,2.26e-05,10.0,0.000226
NXS/BTC,1582253973532,2020-02-21T02:59:33.532Z,buy,2.261e-05,60.0,0.0013566
NXS/BTC,1582253973532,2020-02-21T02:59:33.532Z,buy,2.263e-05,193.0,0.0043675899999999
NXS/BTC,1582253973532,2020-02-21T02:59:33.532Z,buy,2.264e-05,36.0,0.00081504
NXS/BTC,1582253996412,2020-02-21T02:59:56.412Z,buy,2.264e-05,45.0,0.0010188
NXS/BTC,1582254037766,2020-02-21T03:00:37.766Z,buy,2.264e-05,45.0,0.0010188
NXS/BTC,1582254038843,2020-02-21T03:00:38.843Z,buy,2.264e-05,67.0,0.00151688
NXS/BTC,1582254045057,2020-02-21T03:00:45.057Z,buy,2.264e-05,133.0,0.00301112
NXS/BTC,1582254045809,2020-02-21T03:00:45.809Z,buy,2.264e-05,1179.0,0.02669256
NXS/BTC,1582254169715,2020-02-21T03:02:49.715Z,buy,2.264e-05,223.0,0.00504872
NXS/BTC,1582255053724,2020-02-21T03:17:33.724Z,buy,2.264e-05,5.0,0.0001132
NXS/BTC,1582255167233,2020-02-21T03:19:27.233Z,sell,2.26e-05,5.0,0.000113
NXS/BTC,1582255167233,2020-02-21T03:19:27.233Z,sell,2.248e-05,4.0,8.992e-05
NXS/BTC,1582255167233,2020-02-21T03:19:27.233Z,sell,2.248e-05,18.0,0.00040464
NXS/BTC,1582255168989,2020-02-21T03:19:28.989Z,sell,2.248e-05,453.0,0.01018344
NXS/BTC,1582255187393,2020-02-21T03:19:47.393Z,buy,2.264e-05,5.0,0.0001132
NXS/BTC,1582255419554,2020-02-21T03:23:39.554Z,buy,2.264e-05,1.0,2.264e-05
NXS/BTC,1582255455310,2020-02-21T03:24:15.310Z,buy,2.265e-05,5.0,0.00011325
NXS/BTC,1582255458572,2020-02-21T03:24:18.572Z,buy,2.265e-05,44.0,0.0009966
NXS/BTC,1582255584987,2020-02-21T03:26:24.987Z,buy,2.265e-05,28.0,0.0006342
NXS/BTC,1582255590803,2020-02-21T03:26:30.803Z,sell,2.261e-05,8.0,0.00018088
NXS/BTC,1582255836587,2020-02-21T03:30:36.587Z,sell,2.262e-05,5.0,0.0001131
NXS/BTC,1582255836587,2020-02-21T03:30:36.587Z,sell,2.257e-05,5.0,0.0001128499999999
NXS/BTC,1582255836587,2020-02-21T03:30:36.587Z,sell,2.256e-05,5.0,0.0001128
NXS/BTC,1582255836587,2020-02-21T03:30:36.587Z,sell,2.247e-05,96.0,0.00215712
NXS/BTC,1582255836587,2020-02-21T03:30:36.587Z,sell,2.262e-05,5.0,0.0001131
NXS/BTC,1582255836587,2020-02-21T03:30:36.587Z,sell,2.257e-05,5.0,0.0001128499999999
NXS/BTC,1582255836587,2020-02-21T03:30:36.587Z,sell,2.256e-05,5.0,0.0001128
NXS/BTC,1582255836587,2020-02-21T03:30:36.587Z,sell,2.247e-05,96.0,0.00215712
NXS/BTC,1582257180444,2020-02-21T03:53:00.444Z,sell,2.26e-05,21.0,0.0004746
NXS/BTC,1582257184828,2020-02-21T03:53:04.828Z,buy,2.264e-05,66.0,0.00149424
NXS/BTC,1582257187741,2020-02-21T03:53:07.741Z,sell,2.264e-05,33.0,0.00074712
NXS/BTC,1582257189694,2020-02-21T03:53:09.694Z,sell,2.264e-05,100.0,0.002264
NXS/BTC,1582257190150,2020-02-21T03:53:10.150Z,sell,2.26e-05,431.0,0.0097406
NXS/BTC,1582257200103,2020-02-21T03:53:20.103Z,sell,2.252e-05,5.0,0.0001126
NXS/BTC,1582257200103,2020-02-21T03:53:20.103Z,sell,2.251e-05,5.0,0.00011255
NXS/BTC,1582257200103,2020-02-21T03:53:20.103Z,sell,2.247e-05,3.0,6.741000000000001e-05
NXS/BTC,1582257555417,2020-02-21T03:59:15.417Z,sell,2.254e-05,1286.0,0.02898644
NXS/BTC,1582257558933,2020-02-21T03:59:18.933Z,sell,2.254e-05,465.0,0.0104811
NXS/BTC,1582257588054,2020-02-21T03:59:48.054Z,buy,2.262e-05,448.0,0.01013376
NXS/BTC,1582257588054,2020-02-21T03:59:48.054Z,buy,2.263e-05,20.0,0.0004525999999999
NXS/BTC,1582257589851,2020-02-21T03:59:49.851Z,sell,2.263e-05,30.0,0.0006789
NXS/BTC,1582257682644,2020-02-21T04:01:22.644Z,buy,2.263e-05,5.0,0.0001131499999999
NXS/BTC,1582258303522,2020-02-21T04:11:43.522Z,sell,2.263e-05,72.0,0.0016293599999999
NXS/BTC,1582258303522,2020-02-21T04:11:43.522Z,sell,2.263e-05,72.0,0.0016293599999999
NXS/BTC,1582260250310,2020-02-21T04:44:10.310Z,buy,2.26e-05,5.0,0.000113
NXS/BTC,1582260351624,2020-02-21T04:45:51.624Z,sell,2.259e-05,5.0,0.00011295
NXS/BTC,1582260610061,2020-02-21T04:50:10.061Z,sell,2.256e-05,5.0,0.0001128
NXS/BTC,1582260610061,2020-02-21T04:50:10.061Z,sell,2.255e-05,5.0,0.00011275
NXS/BTC,1582260616306,2020-02-21T04:50:16.306Z,buy,2.252e-05,5.0,0.0001126
NXS/BTC,1582260707075,2020-02-21T04:51:47.075Z,sell,2.25e-05,5.0,0.0001125
NXS/BTC,1582260707075,2020-02-21T04:51:47.075Z,sell,2.247e-05,9.0,0.00020223
NXS/BTC,1582260975187,2020-02-21T04:56:15.187Z,sell,2.248e-05,5.0,0.0001124
NXS/BTC,1582260976473,2020-02-21T04:56:16.473Z,buy,2.248e-05,8.0,0.00017984
NXS/BTC,1582261055891,2020-02-21T04:57:35.891Z,buy,2.248e-05,39.0,0.00087672
NXS/BTC,1582261055902,2020-02-21T04:57:35.902Z,sell,2.248e-05,35.0,0.0007868
NXS/BTC,1582261055902,2020-02-21T04:57:35.902Z,sell,2.247e-05,3.0,6.741000000000001e-05
NXS/BTC,1582261645054,2020-02-21T05:07:25.054Z,sell,2.246e-05,38.0,0.00085348
NXS/BTC,1582261738822,2020-02-21T05:08:58.822Z,sell,2.246e-05,23.0,0.00051658
NXS/BTC,1582261738822,2020-02-21T05:08:58.822Z,sell,2.246e-05,23.0,0.00051658
NXS/BTC,1582261928656,2020-02-21T05:12:08.656Z,sell,2.245e-05,5.0,0.00011225
NXS/BTC,1582261957473,2020-02-21T05:12:37.473Z,sell,2.243e-05,90.0,0.0020187
NXS/BTC,1582262149819,2020-02-21T05:15:49.819Z,sell,2.242e-05,377.0,0.00845234
NXS/BTC,1582262208481,2020-02-21T05:16:48.481Z,sell,2.242e-05,97.0,0.00217474
NXS/BTC,1582262232972,2020-02-21T05:17:12.972Z,sell,2.242e-05,90.0,0.0020177999999999
NXS/BTC,1582262304706,2020-02-21T05:18:24.706Z,sell,2.242e-05,95.0,0.0021298999999999
NXS/BTC,1582262468348,2020-02-21T05:21:08.348Z,buy,2.246e-05,26.0,0.0005839599999999
NXS/BTC,1582263421351,2020-02-21T05:37:01.351Z,sell,2.244e-05,465.0,0.0104345999999999
NXS/BTC,1582263467217,2020-02-21T05:37:47.217Z,sell,2.244e-05,34.0,0.0007629599999999
NXS/BTC,1582263624899,2020-02-21T05:40:24.899Z,buy,2.249e-05,413.0,0.00928837
NXS/BTC,1582263624899,2020-02-21T05:40:24.899Z,buy,2.25e-05,41.0,0.0009225
NXS/BTC,1582264270483,2020-02-21T05:51:10.483Z,buy,2.248e-05,36.0,0.00080928
NXS/BTC,1582264270487,2020-02-21T05:51:10.487Z,buy,2.248e-05,56.0,0.00125888
NXS/BTC,1582265225005,2020-02-21T06:07:05.005Z,buy,2.248e-05,293.0,0.00658664
NXS/BTC,1582265225005,2020-02-21T06:07:05.005Z,buy,2.248e-05,293.0,0.00658664
NXS/BTC,1582265533620,2020-02-21T06:12:13.620Z,buy,2.248e-05,5.0,0.0001124
NXS/BTC,1582265593985,2020-02-21T06:13:13.985Z,buy,2.248e-05,87.0,0.00195576
NXS/BTC,1582265593993,2020-02-21T06:13:13.993Z,buy,2.254e-05,5.0,0.0001127
NXS/BTC,1582265593993,2020-02-21T06:13:13.993Z,buy,2.256e-05,51.0,0.00115056
NXS/BTC,1582265678788,2020-02-21T06:14:38.788Z,sell,2.256e-05,100.0,0.002256
NXS/BTC,1582265898961,2020-02-21T06:18:18.961Z,buy,2.256e-05,40.0,0.0009024
NXS/BTC,1582266491508,2020-02-21T06:28:11.508Z,buy,2.256e-05,1668.0,0.03763008
NXS/BTC,1582266491508,2020-02-21T06:28:11.508Z,buy,2.257e-05,25.0,0.00056425
NXS/BTC,1582266491508,2020-02-21T06:28:11.508Z,buy,2.259e-05,61.0,0.00137799
NXS/BTC,1582266491508,2020-02-21T06:28:11.508Z,buy,2.26e-05,56.0,0.0012656
NXS/BTC,1582266491508,2020-02-21T06:28:11.508Z,buy,2.261e-05,274.0,0.00619514
NXS/BTC,1582266491508,2020-02-21T06:28:11.508Z,buy,2.262e-05,3129.0,0.07077798
NXS/BTC,1582266491508,2020-02-21T06:28:11.508Z,buy,2.263e-05,5.0,0.0001131499999999
NXS/BTC,1582266491508,2020-02-21T06:28:11.508Z,buy,2.264e-05,630.0,0.0142632
NXS/BTC,1582266491508,2020-02-21T06:28:11.508Z,buy,2.266e-05,1386.0,0.03140676
NXS/BTC,1582266491550,2020-02-21T06:28:11.550Z,buy,2.267e-05,453.0,0.01026951
NXS/BTC,1582266494947,2020-02-21T06:28:14.947Z,buy,2.268e-05,25.0,0.000567
NXS/BTC,1582266494947,2020-02-21T06:28:14.947Z,buy,2.269e-05,62.0,0.00140678
NXS/BTC,1582266494947,2020-02-21T06:28:14.947Z,buy,2.271e-05,640.0,0.0145344
NXS/BTC,1582266495719,2020-02-21T06:28:15.719Z,sell,2.266e-05,14.0,0.00031724
NXS/BTC,1582266496960,2020-02-21T06:28:16.960Z,sell,2.266e-05,8.0,0.00018128
NXS/BTC,1582266509329,2020-02-21T06:28:29.329Z,sell,2.26e-05,43.0,0.0009718
NXS/BTC,1582266514443,2020-02-21T06:28:34.443Z,buy,2.273e-05,700.0,0.015911
NXS/BTC,1582266518014,2020-02-21T06:28:38.014Z,sell,2.273e-05,160.0,0.0036368
NXS/BTC,1582266518243,2020-02-21T06:28:38.243Z,buy,2.274e-05,49.0,0.00111426
NXS/BTC,1582266531111,2020-02-21T06:28:51.111Z,buy,2.274e-05,1394.0,0.03169956
NXS/BTC,1582266531141,2020-02-21T06:28:51.141Z,sell,2.274e-05,108.0,0.00245592
NXS/BTC,1582266531259,2020-02-21T06:28:51.259Z,sell,2.274e-05,14.0,0.00031836
NXS/BTC,1582266531486,2020-02-21T06:28:51.486Z,buy,2.278e-05,94.0,0.00214132
NXS/BTC,1582266532016,2020-02-21T06:28:52.016Z,buy,2.279e-05,181.0,0.00412499
NXS/BTC,1582266532931,2020-02-21T06:28:52.931Z,sell,2.274e-05,29.0,0.00065946
NXS/BTC,1582266534498,2020-02-21T06:28:54.498Z,sell,2.274e-05,8.0,0.00018192
NXS/BTC,1582266558077,2020-02-21T06:29:18.077Z,sell,2.266e-05,62.0,0.00140492
NXS/BTC,1582266562673,2020-02-21T06:29:22.673Z,buy,2.279e-05,105.0,0.00239295
NXS/BTC,1582266562673,2020-02-21T06:29:22.673Z,buy,2.28e-05,348.0,0.0079344
NXS/BTC,1582266562673,2020-02-21T06:29:22.673Z,buy,2.281e-05,8.0,0.00018248
NXS/BTC,1582266562673,2020-02-21T06:29:22.673Z,buy,2.282e-05,13.0,0.0002966599999999
NXS/BTC,1582266562673,2020-02-21T06:29:22.673Z,buy,2.283e-05,400.0,0.009132
NXS/BTC,1582266580792,2020-02-21T06:29:40.792Z,buy,2.283e-05,88.0,0.00200904
NXS/BTC,1582266605090,2020-02-21T06:30:05.090Z,buy,2.283e-05,7.0,0.00015981
NXS/BTC,1582266605125,2020-02-21T06:30:05.125Z,sell,2.269e-05,5.0,0.00011345
NXS/BTC,1582266732894,2020-02-21T06:32:12.894Z,sell,2.269e-05,73.0,0.00165637
NXS/BTC,1582266854954,2020-02-21T06:34:14.954Z,sell,2.268e-05,6660.0,0.1510488
NXS/BTC,1582266855100,2020-02-21T06:34:15.100Z,sell,2.266e-05,27.0,0.00061182
NXS/BTC,1582266855100,2020-02-21T06:34:15.100Z,sell,2.263e-05,619.0,0.01400797
NXS/BTC,1582266877952,2020-02-21T06:34:37.952Z,sell,2.261e-05,2141.0,0.0484080099999999
NXS/BTC,1582268645088,2020-02-21T07:04:05.088Z,sell,2.268e-05,45.0,0.0010206
NXS/BTC,1582268645088,2020-02-21T07:04:05.088Z,sell,2.268e-05,45.0,0.0010206
NXS/BTC,1582268903471,2020-02-21T07:08:23.471Z,buy,2.269e-05,5.0,0.00011345
NXS/BTC,1582268903471,2020-02-21T07:08:23.471Z,buy,2.28e-05,27.0,0.0006156
NXS/BTC,1582268903471,2020-02-21T07:08:23.471Z,buy,2.281e-05,194.0,0.00442514
NXS/BTC,1582268903478,2020-02-21T07:08:23.478Z,sell,2.281e-05,53.0,0.00120893
NXS/BTC,1582268903478,2020-02-21T07:08:23.478Z,sell,2.281e-05,16.0,0.00036496
NXS/BTC,1582268903483,2020-02-21T07:08:23.483Z,sell,2.281e-05,16.0,0.00036496
NXS/BTC,1582268903485,2020-02-21T07:08:23.485Z,sell,2.281e-05,16.0,0.00036496
NXS/BTC,1582268903486,2020-02-21T07:08:23.486Z,sell,2.281e-05,161.0,0.00367241
NXS/BTC,1582268903496,2020-02-21T07:08:23.496Z,sell,2.281e-05,1107.0,0.02525067
NXS/BTC,1582269097806,2020-02-21T07:11:37.806Z,buy,2.277e-05,5.0,0.00011385
NXS/BTC,1582269308915,2020-02-21T07:15:08.915Z,sell,2.273e-05,180.0,0.0040914
NXS/BTC,1582269695625,2020-02-21T07:21:35.625Z,sell,2.27e-05,111.0,0.0025197
NXS/BTC,1582269695625,2020-02-21T07:21:35.625Z,sell,2.269e-05,5.0,0.00011345
NXS/BTC,1582269695625,2020-02-21T07:21:35.625Z,sell,2.268e-05,8.0,0.00018144
NXS/BTC,1582269695625,2020-02-21T07:21:35.625Z,sell,2.266e-05,27.0,0.00061182
NXS/BTC,1582269695625,2020-02-21T07:21:35.625Z,sell,2.259e-05,47.0,0.0010617299999999
NXS/BTC,1582270166331,2020-02-21T07:29:26.331Z,buy,2.276e-05,5.0,0.0001138
NXS/BTC,1582270169982,2020-02-21T07:29:29.982Z,buy,2.276e-05,198.0,0.00450648
NXS/BTC,1582271312409,2020-02-21T07:48:32.409Z,buy,2.275e-05,233.0,0.00530075
NXS/BTC,1582271757408,2020-02-21T07:55:57.408Z,sell,2.264e-05,5.0,0.0001132
NXS/BTC,1582271757408,2020-02-21T07:55:57.408Z,sell,2.259e-05,628.0,0.01418652
NXS/BTC,1582271757408,2020-02-21T07:55:57.408Z,sell,2.258e-05,316.0,0.00713528
NXS/BTC,1582271757408,2020-02-21T07:55:57.408Z,buy,2.258e-05,51.0,0.00115158
NXS/BTC,1582271777860,2020-02-21T07:56:17.860Z,sell,2.26e-05,857.0,0.0193682
NXS/BTC,1582271777860,2020-02-21T07:56:17.860Z,sell,2.26e-05,857.0,0.0193682
NXS/BTC,1582273594170,2020-02-21T08:26:34.170Z,sell,2.261e-05,106.0,0.0023966599999999
NXS/BTC,1582273594170,2020-02-21T08:26:34.170Z,sell,2.26e-05,536.0,0.0121136
NXS/BTC,1582273880708,2020-02-21T08:31:20.708Z,sell,2.26e-05,269.0,0.0060794
NXS/BTC,1582273882348,2020-02-21T08:31:22.348Z,sell,2.259e-05,5.0,0.00011295
NXS/BTC,1582274022857,2020-02-21T08:33:42.857Z,sell,2.259e-05,184.0,0.00415656
NXS/BTC,1582274053845,2020-02-21T08:34:13.845Z,sell,2.259e-05,728.0,0.0164455199999999
NXS/BTC,1582274053845,2020-02-21T08:34:13.845Z,sell,2.258e-05,22.0,0.00049676
NXS/BTC,1582274053845,2020-02-21T08:34:13.845Z,sell,2.259e-05,728.0,0.0164455199999999
NXS/BTC,1582274053845,2020-02-21T08:34:13.845Z,sell,2.258e-05,22.0,0.00049676
NXS/BTC,1582275697209,2020-02-21T09:01:37.209Z,sell,2.256e-05,60.0,0.0013536
NXS/BTC,1582276135269,2020-02-21T09:08:55.269Z,sell,2.256e-05,137.0,0.00309072
NXS/BTC,1582276135394,2020-02-21T09:08:55.394Z,sell,2.256e-05,19.0,0.00042864
NXS/BTC,1582276876697,2020-02-21T09:21:16.697Z,buy,2.268e-05,95.0,0.0021546
NXS/BTC,1582277347240,2020-02-21T09:29:07.240Z,sell,2.254e-05,75.0,0.0016905
NXS/BTC,1582277347240,2020-02-21T09:29:07.240Z,sell,2.253e-05,53.0,0.0011940899999999
NXS/BTC,1582277347240,2020-02-21T09:29:07.240Z,sell,2.252e-05,27.0,0.00060804
NXS/BTC,1582277347240,2020-02-21T09:29:07.240Z,sell,2.25e-05,676.0,0.01521
NXS/BTC,1582277376870,2020-02-21T09:29:36.870Z,sell,2.25e-05,216.0,0.00486
NXS/BTC,1582277377670,2020-02-21T09:29:37.670Z,sell,2.25e-05,22.0,0.000495
NXS/BTC,1582277616808,2020-02-21T09:33:36.808Z,buy,2.266e-05,2173.0,0.04924018
NXS/BTC,1582277616808,2020-02-21T09:33:36.808Z,buy,2.266e-05,2173.0,0.04924018
NXS/BTC,1582277726417,2020-02-21T09:35:26.417Z,buy,2.267e-05,5.0,0.00011335
NXS/BTC,1582278069868,2020-02-21T09:41:09.868Z,buy,2.268e-05,5.0,0.0001133999999999
NXS/BTC,1582278550899,2020-02-21T09:49:10.899Z,buy,2.268e-05,8.0,0.00018144
NXS/BTC,1582278550970,2020-02-21T09:49:10.970Z,sell,2.268e-05,12.0,0.00027216
NXS/BTC,1582278838464,2020-02-21T09:53:58.464Z,sell,2.268e-05,50.0,0.001134
NXS/BTC,1582279873726,2020-02-21T10:11:13.726Z,sell,2.264e-05,93.0,0.00210552
NXS/BTC,1582279950161,2020-02-21T10:12:30.161Z,buy,2.268e-05,136.0,0.00308448
NXS/BTC,1582279969951,2020-02-21T10:12:49.951Z,buy,2.268e-05,64.0,0.00145152
NXS/BTC,1582279997054,2020-02-21T10:13:17.054Z,buy,2.269e-05,62.0,0.00140678
NXS/BTC,1582280001612,2020-02-21T10:13:21.612Z,buy,2.271e-05,316.0,0.00717636
NXS/BTC,1582280449278,2020-02-21T10:20:49.278Z,sell,2.271e-05,70.0,0.0015897
NXS/BTC,1582280727444,2020-02-21T10:25:27.444Z,buy,2.272e-05,5.0,0.0001136
NXS/BTC,1582280777123,2020-02-21T10:26:17.123Z,sell,2.271e-05,390.0,0.0088569
NXS/BTC,1582280898242,2020-02-21T10:28:18.242Z,buy,2.272e-05,6.0,0.00013632
NXS/BTC,1582280951650,2020-02-21T10:29:11.650Z,sell,2.271e-05,29.0,0.00065859
NXS/BTC,1582280976286,2020-02-21T10:29:36.286Z,buy,2.272e-05,19.0,0.00043168
NXS/BTC,1582281022325,2020-02-21T10:30:22.325Z,buy,2.273e-05,9.0,0.00020457
NXS/BTC,1582281039360,2020-02-21T10:30:39.360Z,sell,2.271e-05,553.0,0.01255863
NXS/BTC,1582281078995,2020-02-21T10:31:18.995Z,sell,2.27e-05,729.0,0.0165483
NXS/BTC,1582281078995,2020-02-21T10:31:18.995Z,sell,2.268e-05,6.0,0.00013608
NXS/BTC,1582281108118,2020-02-21T10:31:48.118Z,sell,2.268e-05,23.0,0.00052164
NXS/BTC,1582281108118,2020-02-21T10:31:48.118Z,sell,2.266e-05,1849.0,0.04189834
NXS/BTC,1582281108118,2020-02-21T10:31:48.118Z,sell,2.264e-05,2215.0,0.0501476
NXS/BTC,1582281108118,2020-02-21T10:31:48.118Z,sell,2.263e-05,1857.0,0.04202391
NXS/BTC,1582281108118,2020-02-21T10:31:48.118Z,sell,2.261e-05,439.0,0.0099257899999999
NXS/BTC,1582281108296,2020-02-21T10:31:48.296Z,sell,2.26e-05,416.0,0.0094016
NXS/BTC,1582281108784,2020-02-21T10:31:48.784Z,buy,2.261e-05,587.0,0.0132720699999999
NXS/BTC,1582281120798,2020-02-21T10:32:00.798Z,buy,2.27e-05,28.0,0.0006355999999999
NXS/BTC,1582281135275,2020-02-21T10:32:15.275Z,buy,2.27e-05,79.0,0.0017933
NXS/BTC,1582281135275,2020-02-21T10:32:15.275Z,buy,2.27e-05,79.0,0.0017933
NXS/BTC,1582281299404,2020-02-21T10:34:59.404Z,buy,2.27e-05,99.0,0.0022473
NXS/BTC,1582281993137,2020-02-21T10:46:33.137Z,sell,2.269e-05,2621.0,0.05947049
NXS/BTC,1582281993163,2020-02-21T10:46:33.163Z,sell,2.269e-05,228.0,0.00517332
NXS/BTC,1582282133008,2020-02-21T10:48:53.008Z,sell,2.264e-05,5.0,0.0001132
NXS/BTC,1582282209612,2020-02-21T10:50:09.612Z,buy,2.264e-05,5.0,0.0001132
NXS/BTC,1582282265122,2020-02-21T10:51:05.122Z,buy,2.263e-05,175.0,0.0039602499999999
NXS/BTC,1582282271860,2020-02-21T10:51:11.860Z,buy,2.263e-05,8.0,0.00018104
NXS/BTC,1582282283719,2020-02-21T10:51:23.719Z,sell,2.259e-05,204.0,0.00460836
NXS/BTC,1582282405315,2020-02-21T10:53:25.315Z,buy,2.263e-05,39.0,0.00088257
NXS/BTC,1582282609762,2020-02-21T10:56:49.762Z,buy,2.263e-05,130.0,0.0029419
NXS/BTC,1582282609762,2020-02-21T10:56:49.762Z,buy,2.269e-05,199.0,0.00451531
NXS/BTC,1582282609836,2020-02-21T10:56:49.836Z,sell,2.269e-05,474.0,0.01075506
NXS/BTC,1582282668485,2020-02-21T10:57:48.485Z,buy,2.27e-05,7.0,0.0001588999999999
NXS/BTC,1582282668485,2020-02-21T10:57:48.485Z,buy,2.271e-05,10.0,0.0002271
NXS/BTC,1582282668485,2020-02-21T10:57:48.485Z,buy,2.273e-05,77.0,0.00175021
NXS/BTC,1582282668485,2020-02-21T10:57:48.485Z,buy,2.274e-05,15.0,0.0003411
NXS/BTC,1582282668485,2020-02-21T10:57:48.485Z,buy,2.279e-05,195.0,0.00444405
NXS/BTC,1582282668485,2020-02-21T10:57:48.485Z,buy,2.28e-05,594.0,0.0135431999999999
NXS/BTC,1582282670564,2020-02-21T10:57:50.564Z,sell,2.266e-05,5.0,0.0001133
NXS/BTC,1582282716909,2020-02-21T10:58:36.909Z,buy,2.278e-05,208.0,0.0047382399999999
NXS/BTC,1582282716909,2020-02-21T10:58:36.909Z,buy,2.28e-05,828.0,0.0188784
NXS/BTC,1582282718013,2020-02-21T10:58:38.013Z,sell,2.28e-05,8.0,0.0001824
NXS/BTC,1582282723387,2020-02-21T10:58:43.387Z,sell,2.266e-05,54.0,0.00122364
NXS/BTC,1582282723387,2020-02-21T10:58:43.387Z,sell,2.261e-05,208.0,0.0047028799999999
NXS/BTC,1582282723387,2020-02-21T10:58:43.387Z,sell,2.26e-05,368.0,0.0083168
NXS/BTC,1582282724112,2020-02-21T10:58:44.112Z,buy,2.278e-05,208.0,0.0047382399999999
NXS/BTC,1582282724112,2020-02-21T10:58:44.112Z,buy,2.279e-05,316.0,0.00720164
NXS/BTC,1582282724112,2020-02-21T10:58:44.112Z,buy,2.28e-05,623.0,0.0142043999999999
NXS/BTC,1582282792996,2020-02-21T10:59:52.996Z,buy,2.275e-05,1609.0,0.03660475
NXS/BTC,1582282898153,2020-02-21T11:01:38.153Z,buy,2.274e-05,449.0,0.0102102599999999
NXS/BTC,1582282964862,2020-02-21T11:02:44.862Z,sell,2.26e-05,36.0,0.0008136
NXS/BTC,1582283005855,2020-02-21T11:03:25.855Z,sell,2.26e-05,8.0,0.0001808
NXS/BTC,1582283005855,2020-02-21T11:03:25.855Z,sell,2.259e-05,31.0,0.00070029
NXS/BTC,1582283242398,2020-02-21T11:07:22.398Z,buy,2.274e-05,5.0,0.0001137
NXS/BTC,1582283798233,2020-02-21T11:16:38.233Z,buy,2.274e-05,5.0,0.0001137
NXS/BTC,1582283798233,2020-02-21T11:16:38.233Z,buy,2.28e-05,24.0,0.0005472
NXS/BTC,1582284330233,2020-02-21T11:25:30.233Z,sell,2.265e-05,108.0,0.0024462
NXS/BTC,1582284330233,2020-02-21T11:25:30.233Z,sell,2.265e-05,108.0,0.0024462
NXS/BTC,1582284965257,2020-02-21T11:36:05.257Z,buy,2.278e-05,5.0,0.0001138999999999
NXS/BTC,1582285268216,2020-02-21T11:41:08.216Z,buy,2.278e-05,569.0,0.0129618199999999
NXS/BTC,1582285277266,2020-02-21T11:41:17.266Z,sell,2.265e-05,13.0,0.00029445
NXS/BTC,1582285277266,2020-02-21T11:41:17.266Z,sell,2.264e-05,687.0,0.01555368
NXS/BTC,1582285288025,2020-02-21T11:41:28.025Z,buy,2.279e-05,827.0,0.01884733
NXS/BTC,1582285288025,2020-02-21T11:41:28.025Z,buy,2.28e-05,226.0,0.0051528
NXS/BTC,1582285288025,2020-02-21T11:41:28.025Z,buy,2.281e-05,51.0,0.00116331
NXS/BTC,1582285549896,2020-02-21T11:45:49.896Z,buy,2.281e-05,5.0,0.00011405
NXS/BTC,1582286631142,2020-02-21T12:03:51.142Z,buy,2.281e-05,5.0,0.00011405
NXS/BTC,1582286812521,2020-02-21T12:06:52.521Z,buy,2.278e-05,113.0,0.00257414
NXS/BTC,1582286884363,2020-02-21T12:08:04.363Z,buy,2.279e-05,64.0,0.00145856
NXS/BTC,1582286897906,2020-02-21T12:08:17.906Z,sell,2.277e-05,47.0,0.00107019
NXS/BTC,1582286898057,2020-02-21T12:08:18.057Z,sell,2.277e-05,10.0,0.0002277
NXS/BTC,1582286900716,2020-02-21T12:08:20.716Z,buy,2.271e-05,5.0,0.00011355
NXS/BTC,1582286901039,2020-02-21T12:08:21.039Z,buy,2.271e-05,5.0,0.00011355
NXS/BTC,1582287107214,2020-02-21T12:11:47.214Z,buy,2.271e-05,27.0,0.00061317
NXS/BTC,1582287107214,2020-02-21T12:11:47.214Z,buy,2.279e-05,533.0,0.01214707
NXS/BTC,1582287121362,2020-02-21T12:12:01.362Z,sell,2.279e-05,89.0,0.00202831
NXS/BTC,1582287161712,2020-02-21T12:12:41.712Z,buy,2.281e-05,213.0,0.00485853
NXS/BTC,1582287284046,2020-02-21T12:14:44.046Z,buy,2.281e-05,780.0,0.0177918
NXS/BTC,1582287284046,2020-02-21T12:14:44.046Z,buy,2.282e-05,530.0,0.0120945999999999
NXS/BTC,1582287285523,2020-02-21T12:14:45.523Z,sell,2.282e-05,16.0,0.00036512
NXS/BTC,1582287330410,2020-02-21T12:15:30.410Z,buy,2.282e-05,5.0,0.0001141
NXS/BTC,1582287338716,2020-02-21T12:15:38.716Z,sell,2.278e-05,5.0,0.0001138999999999
NXS/BTC,1582287338716,2020-02-21T12:15:38.716Z,sell,2.268e-05,8.0,0.00018144
NXS/BTC,1582287338716,2020-02-21T12:15:38.716Z,sell,2.266e-05,27.0,0.00061182
NXS/BTC,1582287338716,2020-02-21T12:15:38.716Z,sell,2.264e-05,4.0,9.056e-05
NXS/BTC,1582287849104,2020-02-21T12:24:09.104Z,sell,2.274e-05,5.0,0.0001137
NXS/BTC,1582287849104,2020-02-21T12:24:09.104Z,sell,2.265e-05,439.0,0.00994335
NXS/BTC,1582287849120,2020-02-21T12:24:09.120Z,buy,2.265e-05,408.0,0.0092412
NXS/BTC,1582287849120,2020-02-21T12:24:09.120Z,buy,2.265e-05,408.0,0.0092412
NXS/BTC,1582287951728,2020-02-21T12:25:51.728Z,buy,2.279e-05,5.0,0.00011395
NXS/BTC,1582288346272,2020-02-21T12:32:26.272Z,buy,2.279e-05,1068.0,0.02433972
NXS/BTC,1582288356619,2020-02-21T12:32:36.619Z,buy,2.28e-05,27.0,0.0006156
NXS/BTC,1582288361667,2020-02-21T12:32:41.667Z,buy,2.281e-05,8.0,0.00018248
NXS/BTC,1582288372051,2020-02-21T12:32:52.051Z,buy,2.283e-05,3386.0,0.07730238
NXS/BTC,1582288806188,2020-02-21T12:40:06.188Z,buy,2.284e-05,5.0,0.0001142
NXS/BTC,1582288877685,2020-02-21T12:41:17.685Z,buy,2.281e-05,5.0,0.00011405
NXS/BTC,1582289273154,2020-02-21T12:47:53.154Z,buy,2.283e-05,13.0,0.00029679
NXS/BTC,1582289943347,2020-02-21T12:59:03.347Z,buy,2.283e-05,74.0,0.00168942
NXS/BTC,1582289947318,2020-02-21T12:59:07.318Z,buy,2.283e-05,71.0,0.00162093
NXS/BTC,1582289950321,2020-02-21T12:59:10.321Z,buy,2.283e-05,81.0,0.00184923
NXS/BTC,1582289953330,2020-02-21T12:59:13.330Z,buy,2.283e-05,16.0,0.00036528
NXS/BTC,1582289953330,2020-02-21T12:59:13.330Z,buy,2.284e-05,65.0,0.0014846
NXS/BTC,1582289954805,2020-02-21T12:59:14.805Z,buy,2.284e-05,652.0,0.01489168
NXS/BTC,1582289954805,2020-02-21T12:59:14.805Z,buy,2.285e-05,5.0,0.00011425
NXS/BTC,1582289956331,2020-02-21T12:59:16.331Z,buy,2.285e-05,81.0,0.00185085
NXS/BTC,1582289960328,2020-02-21T12:59:20.328Z,buy,2.285e-05,81.0,0.00185085
NXS/BTC,1582289963331,2020-02-21T12:59:23.331Z,buy,2.285e-05,73.0,0.00166805
NXS/BTC,1582289966325,2020-02-21T12:59:26.325Z,buy,2.285e-05,81.0,0.00185085
NXS/BTC,1582289969324,2020-02-21T12:59:29.324Z,buy,2.285e-05,57.0,0.00130245
NXS/BTC,1582289969324,2020-02-21T12:59:29.324Z,buy,2.286e-05,24.0,0.00054864
NXS/BTC,1582289972324,2020-02-21T12:59:32.324Z,buy,2.286e-05,81.0,0.00185166
NXS/BTC,1582289976345,2020-02-21T12:59:36.345Z,buy,2.286e-05,82.0,0.00187452
NXS/BTC,1582289979328,2020-02-21T12:59:39.328Z,buy,2.286e-05,81.0,0.00185166
NXS/BTC,1582289980154,2020-02-21T12:59:40.154Z,buy,2.286e-05,5.0,0.0001143
NXS/BTC,1582289982333,2020-02-21T12:59:42.333Z,buy,2.286e-05,81.0,0.00185166
NXS/BTC,1582289985334,2020-02-21T12:59:45.334Z,buy,2.286e-05,81.0,0.00185166
NXS/BTC,1582289989330,2020-02-21T12:59:49.330Z,buy,2.286e-05,81.0,0.00185166
NXS/BTC,1582289992332,2020-02-21T12:59:52.332Z,buy,2.286e-05,81.0,0.00185166
NXS/BTC,1582289995343,2020-02-21T12:59:55.343Z,buy,2.286e-05,81.0,0.00185166
NXS/BTC,1582289998327,2020-02-21T12:59:58.327Z,buy,2.286e-05,36.0,0.00082296
NXS/BTC,1582289998327,2020-02-21T12:59:58.327Z,buy,2.287e-05,45.0,0.00102915
NXS/BTC,1582289999337,2020-02-21T12:59:59.337Z,sell,2.28e-05,10.0,0.0002279999999999
NXS/BTC,1582289999337,2020-02-21T12:59:59.337Z,sell,2.277e-05,5.0,0.00011385
NXS/BTC,1582289999337,2020-02-21T12:59:59.337Z,sell,2.275e-05,9.0,0.00020475
NXS/BTC,1582289999337,2020-02-21T12:59:59.337Z,sell,2.273e-05,20.0,0.0004546
NXS/BTC,1582289999337,2020-02-21T12:59:59.337Z,sell,2.273e-05,12.0,0.00027276
NXS/BTC,1582290002332,2020-02-21T13:00:02.332Z,buy,2.287e-05,81.0,0.00185247
NXS/BTC,1582290005346,2020-02-21T13:00:05.346Z,buy,2.285e-05,10.0,0.0002285
NXS/BTC,1582290005346,2020-02-21T13:00:05.346Z,buy,2.287e-05,71.0,0.00162377
NXS/BTC,1582290008333,2020-02-21T13:00:08.333Z,buy,2.287e-05,81.0,0.00185247
NXS/BTC,1582290011355,2020-02-21T13:00:11.355Z,buy,2.287e-05,81.0,0.00185247
NXS/BTC,1582290014511,2020-02-21T13:00:14.511Z,buy,2.287e-05,13.0,0.00029731
NXS/BTC,1582290014596,2020-02-21T13:00:14.596Z,buy,2.287e-05,49.0,0.00112063
NXS/BTC,1582290014667,2020-02-21T13:00:14.667Z,buy,2.287e-05,43.0,0.0009834099999999
NXS/BTC,1582290015342,2020-02-21T13:00:15.342Z,buy,2.287e-05,81.0,0.00185247
NXS/BTC,1582290018339,2020-02-21T13:00:18.339Z,buy,2.287e-05,81.0,0.00185247
NXS/BTC,1582290021345,2020-02-21T13:00:21.345Z,buy,2.288e-05,81.0,0.00185328
NXS/BTC,1582290024345,2020-02-21T13:00:24.345Z,buy,2.288e-05,81.0,0.00185328
NXS/BTC,1582290024851,2020-02-21T13:00:24.851Z,sell,2.282e-05,1936.0,0.04417952
NXS/BTC,1582290028351,2020-02-21T13:00:28.351Z,buy,2.288e-05,81.0,0.00185328
NXS/BTC,1582290031352,2020-02-21T13:00:31.352Z,buy,2.288e-05,81.0,0.00185328
NXS/BTC,1582290035340,2020-02-21T13:00:35.340Z,buy,2.288e-05,81.0,0.00185328
NXS/BTC,1582290038534,2020-02-21T13:00:38.534Z,buy,2.288e-05,30.0,0.0006864
NXS/BTC,1582290039634,2020-02-21T13:00:39.634Z,buy,2.288e-05,38.0,0.00086944
NXS/BTC,1582290042541,2020-02-21T13:00:42.541Z,buy,2.288e-05,37.0,0.00084656
NXS/BTC,1582290042541,2020-02-21T13:00:42.541Z,buy,2.289e-05,8.0,0.00018312
NXS/BTC,1582290042541,2020-02-21T13:00:42.541Z,buy,2.29e-05,22.0,0.0005038
NXS/BTC,1582290042541,2020-02-21T13:00:42.541Z,buy,2.291e-05,6.0,0.00013746
NXS/BTC,1582290045353,2020-02-21T13:00:45.353Z,buy,2.291e-05,52.0,0.00119132
NXS/BTC,1582290045353,2020-02-21T13:00:45.353Z,buy,2.292e-05,25.0,0.000573
NXS/BTC,1582290045353,2020-02-21T13:00:45.353Z,buy,2.293e-05,4.0,9.172e-05
NXS/BTC,1582290048339,2020-02-21T13:00:48.339Z,buy,2.293e-05,81.0,0.00185733
NXS/BTC,1582290052354,2020-02-21T13:00:52.354Z,buy,2.293e-05,81.0,0.00185733
NXS/BTC,1582290055349,2020-02-21T13:00:55.349Z,buy,2.293e-05,81.0,0.00185733
NXS/BTC,1582290058551,2020-02-21T13:00:58.551Z,buy,2.293e-05,82.0,0.00188026
NXS/BTC,1582290061356,2020-02-21T13:01:01.356Z,buy,2.293e-05,81.0,0.00185733
NXS/BTC,1582290065349,2020-02-21T13:01:05.349Z,buy,2.293e-05,6.0,0.00013758
NXS/BTC,1582290065349,2020-02-21T13:01:05.349Z,buy,2.295e-05,75.0,0.00172125
NXS/BTC,1582290068356,2020-02-21T13:01:08.356Z,buy,2.295e-05,81.0,0.0018589499999999
NXS/BTC,1582290071346,2020-02-21T13:01:11.346Z,buy,2.295e-05,81.0,0.0018589499999999
NXS/BTC,1582290074357,2020-02-21T13:01:14.357Z,buy,2.296e-05,81.0,0.00185976
NXS/BTC,1582290078363,2020-02-21T13:01:18.363Z,buy,2.296e-05,81.0,0.00185976
NXS/BTC,1582290081356,2020-02-21T13:01:21.356Z,buy,2.296e-05,81.0,0.00185976
NXS/BTC,1582290084365,2020-02-21T13:01:24.365Z,buy,2.296e-05,81.0,0.00185976
NXS/BTC,1582290091368,2020-02-21T13:01:31.368Z,buy,2.296e-05,737.0,0.01692152
NXS/BTC,1582290102322,2020-02-21T13:01:42.322Z,buy,2.296e-05,14.0,0.00032144
NXS/BTC,1582290211219,2020-02-21T13:03:31.219Z,sell,2.292e-05,14.0,0.00032088
NXS/BTC,1582290211219,2020-02-21T13:03:31.219Z,sell,2.283e-05,183.0,0.00417789
NXS/BTC,1582290211219,2020-02-21T13:03:31.219Z,sell,2.283e-05,24.0,0.00054792
NXS/BTC,1582290211219,2020-02-21T13:03:31.219Z,sell,2.282e-05,6.0,0.0001369199999999
NXS/BTC,1582290219065,2020-02-21T13:03:39.065Z,sell,2.282e-05,6.0,0.0001369199999999
NXS/BTC,1582290220630,2020-02-21T13:03:40.630Z,sell,2.288e-05,14.0,0.00032032
NXS/BTC,1582290220630,2020-02-21T13:03:40.630Z,sell,2.282e-05,1163.0,0.02653966
NXS/BTC,1582290269437,2020-02-21T13:04:29.437Z,sell,2.283e-05,14.0,0.00031962
NXS/BTC,1582290269437,2020-02-21T13:04:29.437Z,sell,2.282e-05,34.0,0.00077588
NXS/BTC,1582290635560,2020-02-21T13:10:35.560Z,sell,2.283e-05,14.0,0.00031962
NXS/BTC,1582290673897,2020-02-21T13:11:13.897Z,buy,2.293e-05,285.0,0.00653505
NXS/BTC,1582290673921,2020-02-21T13:11:13.921Z,sell,2.294e-05,145.0,0.0033263
NXS/BTC,1582291201037,2020-02-21T13:20:01.037Z,sell,2.283e-05,39.0,0.00089037
NXS/BTC,1582291201041,2020-02-21T13:20:01.041Z,sell,2.281e-05,8.0,0.00018248
NXS/BTC,1582291201041,2020-02-21T13:20:01.041Z,sell,2.28e-05,27.0,0.0006156
NXS/BTC,1582291316164,2020-02-21T13:21:56.164Z,buy,2.293e-05,29.0,0.00066497
NXS/BTC,1582291316164,2020-02-21T13:21:56.164Z,buy,2.293e-05,29.0,0.00066497
NXS/BTC,1582291772525,2020-02-21T13:29:32.525Z,buy,2.289e-05,5.0,0.0001144499999999
NXS/BTC,1582292029254,2020-02-21T13:33:49.254Z,buy,2.292e-05,5.0,0.0001146
NXS/BTC,1582292284018,2020-02-21T13:38:04.018Z,sell,2.286e-05,443.0,0.01012698
NXS/BTC,1582292320956,2020-02-21T13:38:40.956Z,sell,2.281e-05,5.0,0.00011405
NXS/BTC,1582292320956,2020-02-21T13:38:40.956Z,sell,2.279e-05,352.0,0.00802208
NXS/BTC,1582292320956,2020-02-21T13:38:40.956Z,sell,2.278e-05,14.0,0.00031892
NXS/BTC,1582292320956,2020-02-21T13:38:40.956Z,sell,2.275e-05,1376.0,0.031304
NXS/BTC,1582292321950,2020-02-21T13:38:41.950Z,buy,2.283e-05,34.0,0.00077622
NXS/BTC,1582292322954,2020-02-21T13:38:42.954Z,buy,2.283e-05,55.0,0.00125565
NXS/BTC,1582292686592,2020-02-21T13:44:46.592Z,buy,2.283e-05,1830.0,0.0417789
NXS/BTC,1582292728238,2020-02-21T13:45:28.238Z,sell,2.276e-05,5.0,0.0001138
NXS/BTC,1582292728238,2020-02-21T13:45:28.238Z,sell,2.275e-05,821.0,0.01867775
NXS/BTC,1582292728238,2020-02-21T13:45:28.238Z,sell,2.273e-05,43.0,0.00097739
NXS/BTC,1582292728238,2020-02-21T13:45:28.238Z,sell,2.272e-05,190.0,0.0043168
NXS/BTC,1582292728238,2020-02-21T13:45:28.238Z,sell,2.271e-05,316.0,0.00717636
NXS/BTC,1582292728238,2020-02-21T13:45:28.238Z,sell,2.269e-05,62.0,0.00140678
NXS/BTC,1582292728238,2020-02-21T13:45:28.238Z,sell,2.268e-05,16.0,0.00036288
NXS/BTC,1582292728238,2020-02-21T13:45:28.238Z,sell,2.266e-05,19.0,0.00043054
NXS/BTC,1582292728238,2020-02-21T13:45:28.238Z,sell,2.266e-05,8.0,0.00018128
NXS/BTC,1582292728415,2020-02-21T13:45:28.415Z,sell,2.267e-05,1461.0,0.03312087
NXS/BTC,1582292730072,2020-02-21T13:45:30.072Z,buy,2.264e-05,16.0,0.00036224
NXS/BTC,1582292730307,2020-02-21T13:45:30.307Z,buy,2.264e-05,5.0,0.0001132
NXS/BTC,1582292731059,2020-02-21T13:45:31.059Z,buy,2.264e-05,102.0,0.00230928
NXS/BTC,1582292732120,2020-02-21T13:45:32.120Z,buy,2.264e-05,14.0,0.00031696
NXS/BTC,1582292732271,2020-02-21T13:45:32.271Z,sell,2.263e-05,9.0,0.0002036699999999
NXS/BTC,1582292732271,2020-02-21T13:45:32.271Z,sell,2.262e-05,439.0,0.00993018
NXS/BTC,1582292732271,2020-02-21T13:45:32.271Z,sell,2.259e-05,30.0,0.0006776999999999
NXS/BTC,1582292732271,2020-02-21T13:45:32.271Z,sell,2.258e-05,25.0,0.0005645
NXS/BTC,1582292732307,2020-02-21T13:45:32.307Z,sell,2.258e-05,164.0,0.00370312
NXS/BTC,1582292732516,2020-02-21T13:45:32.516Z,sell,2.258e-05,92.0,0.00207736
NXS/BTC,1582292780710,2020-02-21T13:46:20.710Z,buy,2.264e-05,5.0,0.0001132
NXS/BTC,1582292781527,2020-02-21T13:46:21.527Z,buy,2.264e-05,39.0,0.00088296
NXS/BTC,1582292889847,2020-02-21T13:48:09.847Z,buy,2.264e-05,5.0,0.0001132
NXS/BTC,1582292989372,2020-02-21T13:49:49.372Z,sell,2.263e-05,14.0,0.00031682
NXS/BTC,1582293119049,2020-02-21T13:51:59.049Z,sell,2.262e-05,5.0,0.0001131
NXS/BTC,1582293120419,2020-02-21T13:52:00.419Z,buy,2.261e-05,8.0,0.00018088
NXS/BTC,1582293171991,2020-02-21T13:52:51.991Z,sell,2.259e-05,14.0,0.0003162599999999
NXS/BTC,1582293171991,2020-02-21T13:52:51.991Z,sell,2.258e-05,35.0,0.0007903
NXS/BTC,1582293171991,2020-02-21T13:52:51.991Z,sell,2.257e-05,5.0,0.0001128499999999
NXS/BTC,1582293171991,2020-02-21T13:52:51.991Z,sell,2.254e-05,45.0,0.0010143
NXS/BTC,1582293173005,2020-02-21T13:52:53.005Z,sell,2.254e-05,35.0,0.0007889
NXS/BTC,1582293173005,2020-02-21T13:52:53.005Z,sell,2.253e-05,14.0,0.00031542
NXS/BTC,1582293180262,2020-02-21T13:53:00.262Z,buy,2.262e-05,1543.0,0.03490266
NXS/BTC,1582293445442,2020-02-21T13:57:25.442Z,sell,2.254e-05,2238.0,0.05044452
NXS/BTC,1582293730555,2020-02-21T14:02:10.555Z,sell,2.254e-05,9296.0,0.20953184
NXS/BTC,1582294910648,2020-02-21T14:21:50.648Z,buy,2.267e-05,66.0,0.00149622
NXS/BTC,1582294910648,2020-02-21T14:21:50.648Z,buy,2.267e-05,66.0,0.00149622
NXS/BTC,1582295377281,2020-02-21T14:29:37.281Z,sell,2.253e-05,108.0,0.00243324
NXS/BTC,1582295377281,2020-02-21T14:29:37.281Z,sell,2.252e-05,101.0,0.00227452
NXS/BTC,1582295645412,2020-02-21T14:34:05.412Z,sell,2.253e-05,70.0,0.0015771
NXS/BTC,1582295645482,2020-02-21T14:34:05.482Z,sell,2.252e-05,390.0,0.0087828
NXS/BTC,1582295646378,2020-02-21T14:34:06.378Z,buy,2.253e-05,99.0,0.00223047
NXS/BTC,1582295661526,2020-02-21T14:34:21.526Z,sell,2.25e-05,100.0,0.00225
NXS/BTC,1582295711120,2020-02-21T14:35:11.120Z,sell,2.25e-05,914.0,0.020565
NXS/BTC,1582296384807,2020-02-21T14:46:24.807Z,sell,2.25e-05,195.0,0.0043875
NXS/BTC,1582296421741,2020-02-21T14:47:01.741Z,sell,2.25e-05,254.0,0.005715
NXS/BTC,1582296577954,2020-02-21T14:49:37.954Z,sell,2.25e-05,525.0,0.0118125
NXS/BTC,1582296577955,2020-02-21T14:49:37.955Z,sell,2.25e-05,21.0,0.0004725
NXS/BTC,1582296578007,2020-02-21T14:49:38.007Z,buy,2.249e-05,21.0,0.00047229
NXS/BTC,1582296578253,2020-02-21T14:49:38.253Z,buy,2.249e-05,100.0,0.002249
NXS/BTC,1582296578512,2020-02-21T14:49:38.512Z,buy,2.249e-05,8.0,0.00017992
NXS/BTC,1582296582365,2020-02-21T14:49:42.365Z,sell,2.248e-05,8.0,0.00017984
NXS/BTC,1582296582365,2020-02-21T14:49:42.365Z,sell,2.247e-05,5.0,0.00011235
NXS/BTC,1582296582365,2020-02-21T14:49:42.365Z,sell,2.246e-05,61.0,0.00137006
NXS/BTC,1582296582365,2020-02-21T14:49:42.365Z,sell,2.244e-05,692.0,0.0155284799999999
NXS/BTC,1582296582403,2020-02-21T14:49:42.403Z,buy,2.244e-05,40.0,0.0008975999999999
NXS/BTC,1582296583519,2020-02-21T14:49:43.519Z,buy,2.244e-05,13.0,0.00029172
NXS/BTC,1582296669485,2020-02-21T14:51:09.485Z,buy,2.244e-05,5.0,0.0001121999999999
NXS/BTC,1582296750223,2020-02-21T14:52:30.223Z,buy,2.244e-05,133.0,0.0029845199999999
NXS/BTC,1582296750483,2020-02-21T14:52:30.483Z,buy,2.244e-05,1206.0,0.02706264
NXS/BTC,1582296758757,2020-02-21T14:52:38.757Z,buy,2.247e-05,9.0,0.00020223
NXS/BTC,1582296772875,2020-02-21T14:52:52.875Z,buy,2.247e-05,5.0,0.00011235
NXS/BTC,1582296792986,2020-02-21T14:53:12.986Z,sell,2.243e-05,5.0,0.00011215
NXS/BTC,1582296792986,2020-02-21T14:53:12.986Z,sell,2.24e-05,48.0,0.0010752
NXS/BTC,1582297460050,2020-02-21T15:04:20.050Z,sell,2.24e-05,630.0,0.014112
NXS/BTC,1582297460050,2020-02-21T15:04:20.050Z,sell,2.239e-05,89.0,0.00199271
NXS/BTC,1582297460050,2020-02-21T15:04:20.050Z,sell,2.238e-05,14.0,0.0003133199999999
NXS/BTC,1582297460050,2020-02-21T15:04:20.050Z,sell,2.233e-05,236.0,0.00526988
NXS/BTC,1582297460050,2020-02-21T15:04:20.050Z,sell,2.232e-05,336.0,0.00749952
NXS/BTC,1582297460050,2020-02-21T15:04:20.050Z,sell,2.231e-05,903.0,0.02014593
NXS/BTC,1582297460050,2020-02-21T15:04:20.050Z,sell,2.23e-05,94.0,0.0020962
NXS/BTC,1582297460050,2020-02-21T15:04:20.050Z,sell,2.228e-05,191.0,0.00425548
NXS/BTC,1582297460050,2020-02-21T15:04:20.050Z,sell,2.227e-05,296.0,0.0065919199999999
NXS/BTC,1582297460050,2020-02-21T15:04:20.050Z,sell,2.226e-05,8.0,0.00017808
NXS/BTC,1582297460050,2020-02-21T15:04:20.050Z,sell,2.225e-05,36.0,0.000801
NXS/BTC,1582297460050,2020-02-21T15:04:20.050Z,sell,2.223e-05,115.0,0.00255645
NXS/BTC,1582297460050,2020-02-21T15:04:20.050Z,sell,2.222e-05,7.0,0.00015554
NXS/BTC,1582297460050,2020-02-21T15:04:20.050Z,sell,2.219e-05,61.0,0.00135359
NXS/BTC,1582297460050,2020-02-21T15:04:20.050Z,sell,2.218e-05,1069.0,0.02371042
NXS/BTC,1582297460050,2020-02-21T15:04:20.050Z,sell,2.217e-05,5.0,0.00011085
NXS/BTC,1582297460050,2020-02-21T15:04:20.050Z,sell,2.215e-05,97.0,0.00214855
NXS/BTC,1582297460050,2020-02-21T15:04:20.050Z,sell,2.213e-05,65.0,0.00143845
NXS/BTC,1582297460050,2020-02-21T15:04:20.050Z,sell,2.211e-05,528.0,0.01167408
NXS/BTC,1582297460050,2020-02-21T15:04:20.050Z,sell,2.209e-05,951.0,0.02100759
NXS/BTC,1582297460050,2020-02-21T15:04:20.050Z,sell,2.208e-05,62.0,0.00136896
NXS/BTC,1582297460050,2020-02-21T15:04:20.050Z,sell,2.207e-05,20.0,0.0004414
NXS/BTC,1582297460050,2020-02-21T15:04:20.050Z,sell,2.205e-05,61.0,0.00134505
NXS/BTC,1582297460050,2020-02-21T15:04:20.050Z,sell,2.201e-05,10.0,0.0002201
NXS/BTC,1582297460050,2020-02-21T15:04:20.050Z,sell,2.199e-05,787.0,0.01730613
NXS/BTC,1582297460050,2020-02-21T15:04:20.050Z,sell,2.198e-05,5.0,0.0001099
NXS/BTC,1582297460050,2020-02-21T15:04:20.050Z,sell,2.197e-05,3474.0,0.07632378
NXS/BTC,1582297461801,2020-02-21T15:04:21.801Z,buy,2.226e-05,81.0,0.00180306
NXS/BTC,1582297462162,2020-02-21T15:04:22.162Z,buy,2.219e-05,5.0,0.00011095
NXS/BTC,1582297462798,2020-02-21T15:04:22.798Z,buy,2.213e-05,8.0,0.00017704
NXS/BTC,1582297462798,2020-02-21T15:04:22.798Z,buy,2.219e-05,56.0,0.00124264
NXS/BTC,1582297462798,2020-02-21T15:04:22.798Z,buy,2.223e-05,62.0,0.0013782599999999
NXS/BTC,1582297462798,2020-02-21T15:04:22.798Z,buy,2.225e-05,5.0,0.00011125
NXS/BTC,1582297462996,2020-02-21T15:04:22.996Z,sell,2.211e-05,27.0,0.00059697
NXS/BTC,1582297463790,2020-02-21T15:04:23.790Z,buy,2.224e-05,5.0,0.0001112
NXS/BTC,1582297507455,2020-02-21T15:05:07.455Z,buy,2.224e-05,49.0,0.00108976
NXS/BTC,1582297520463,2020-02-21T15:05:20.463Z,buy,2.224e-05,6.0,0.00013344
NXS/BTC,1582297525656,2020-02-21T15:05:25.656Z,buy,2.224e-05,5.0,0.0001112
NXS/BTC,1582297689671,2020-02-21T15:08:09.671Z,buy,2.224e-05,5.0,0.0001112
NXS/BTC,1582297856075,2020-02-21T15:10:56.075Z,buy,2.224e-05,300.0,0.006672
NXS/BTC,1582297895234,2020-02-21T15:11:35.234Z,buy,2.224e-05,742.0,0.01650208
NXS/BTC,1582297895234,2020-02-21T15:11:35.234Z,buy,2.225e-05,22.0,0.0004894999999999
NXS/BTC,1582297999803,2020-02-21T15:13:19.803Z,sell,2.223e-05,5.0,0.0001111499999999
NXS/BTC,1582297999803,2020-02-21T15:13:19.803Z,sell,2.216e-05,209.0,0.00463144
NXS/BTC,1582297999803,2020-02-21T15:13:19.803Z,sell,2.215e-05,476.0,0.0105434
NXS/BTC,1582298013541,2020-02-21T15:13:33.541Z,buy,2.226e-05,8.0,0.00017808
NXS/BTC,1582298013541,2020-02-21T15:13:33.541Z,buy,2.227e-05,8.0,0.00017816
NXS/BTC,1582298013541,2020-02-21T15:13:33.541Z,buy,2.232e-05,8.0,0.00017856
NXS/BTC,1582298017594,2020-02-21T15:13:37.594Z,buy,2.232e-05,24.0,0.00053568
NXS/BTC,1582298019718,2020-02-21T15:13:39.718Z,buy,2.232e-05,24.0,0.00053568
NXS/BTC,1582298475864,2020-02-21T15:21:15.864Z,buy,2.226e-05,545.0,0.0121317
NXS/BTC,1582298475864,2020-02-21T15:21:15.864Z,buy,2.226e-05,545.0,0.0121317
NXS/BTC,1582298672617,2020-02-21T15:24:32.617Z,sell,2.219e-05,10.0,0.0002219
NXS/BTC,1582298740824,2020-02-21T15:25:40.824Z,buy,2.221e-05,41.0,0.00091061
NXS/BTC,1582298741076,2020-02-21T15:25:41.076Z,buy,2.221e-05,600.0,0.013326
NXS/BTC,1582298842792,2020-02-21T15:27:22.792Z,buy,2.219e-05,394.0,0.00874286
NXS/BTC,1582298879361,2020-02-21T15:27:59.361Z,sell,2.215e-05,2638.0,0.0584316999999999
NXS/BTC,1582299033416,2020-02-21T15:30:33.416Z,sell,2.217e-05,677.0,0.01500909
NXS/BTC,1582299034361,2020-02-21T15:30:34.361Z,sell,2.217e-05,1368.0,0.03032856
NXS/BTC,1582299429400,2020-02-21T15:37:09.400Z,buy,2.23e-05,23.0,0.0005128999999999
NXS/BTC,1582299934962,2020-02-21T15:45:34.962Z,sell,2.215e-05,111.0,0.00245865
NXS/BTC,1582300377559,2020-02-21T15:52:57.559Z,buy,2.22e-05,111.0,0.0024642
NXS/BTC,1582300401819,2020-02-21T15:53:21.819Z,buy,2.218e-05,17.0,0.00037706
NXS/BTC,1582300534742,2020-02-21T15:55:34.742Z,sell,2.215e-05,71.0,0.0015726499999999
NXS/BTC,1582300867812,2020-02-21T16:01:07.812Z,sell,2.215e-05,152.0,0.0033668
NXS/BTC,1582300879257,2020-02-21T16:01:19.257Z,buy,2.22e-05,2242.0,0.0497724
NXS/BTC,1582300943466,2020-02-21T16:02:23.466Z,sell,2.215e-05,82.0,0.0018163
NXS/BTC,1582300955050,2020-02-21T16:02:35.050Z,buy,2.22e-05,85.0,0.001887
NXS/BTC,1582301030754,2020-02-21T16:03:50.754Z,buy,2.229e-05,60.0,0.0013373999999999
NXS/BTC,1582301340932,2020-02-21T16:09:00.932Z,sell,2.215e-05,20.0,0.000443
NXS/BTC,1582301442325,2020-02-21T16:10:42.325Z,sell,2.215e-05,1922.0,0.0425723
NXS/BTC,1582301443060,2020-02-21T16:10:43.060Z,buy,2.215e-05,271.0,0.00600265
NXS/BTC,1582301448740,2020-02-21T16:10:48.740Z,buy,2.215e-05,2242.0,0.0496603
NXS/BTC,1582301450277,2020-02-21T16:10:50.277Z,buy,2.215e-05,57.0,0.00126255
NXS/BTC,1582301467238,2020-02-21T16:11:07.238Z,sell,2.214e-05,5.0,0.0001107
NXS/BTC,1582301467238,2020-02-21T16:11:07.238Z,sell,2.213e-05,8.0,0.00017704
NXS/BTC,1582301467238,2020-02-21T16:11:07.238Z,sell,2.212e-05,111.0,0.00245532
NXS/BTC,1582301467238,2020-02-21T16:11:07.238Z,sell,2.211e-05,27.0,0.00059697
NXS/BTC,1582301467238,2020-02-21T16:11:07.238Z,sell,2.208e-05,3572.0,0.07886976
NXS/BTC,1582301467259,2020-02-21T16:11:07.259Z,buy,2.208e-05,23.0,0.00050784
NXS/BTC,1582301467263,2020-02-21T16:11:07.263Z,buy,2.208e-05,70.0,0.0015455999999999
NXS/BTC,1582301467266,2020-02-21T16:11:07.266Z,buy,2.208e-05,67.0,0.0014793599999999
NXS/BTC,1582301467270,2020-02-21T16:11:07.270Z,sell,2.207e-05,194.0,0.00428158
NXS/BTC,1582301467270,2020-02-21T16:11:07.270Z,sell,2.205e-05,61.0,0.00134505
NXS/BTC,1582301471320,2020-02-21T16:11:11.320Z,buy,2.208e-05,5.0,0.0001104
NXS/BTC,1582301520774,2020-02-21T16:12:00.774Z,sell,2.207e-05,2273.0,0.05016511
NXS/BTC,1582301707924,2020-02-21T16:15:07.924Z,sell,2.207e-05,16.0,0.00035312
NXS/BTC,1582301707924,2020-02-21T16:15:07.924Z,sell,2.206e-05,4741.0,0.1045864599999999
NXS/BTC,1582301708352,2020-02-21T16:15:08.352Z,buy,2.206e-05,1800.0,0.039708
NXS/BTC,1582301791572,2020-02-21T16:16:31.572Z,sell,2.208e-05,1393.0,0.0307574399999999
NXS/BTC,1582301802587,2020-02-21T16:16:42.587Z,buy,2.208e-05,89.0,0.00196512
NXS/BTC,1582301979554,2020-02-21T16:19:39.554Z,sell,2.21e-05,162.0,0.0035802
NXS/BTC,1582301979554,2020-02-21T16:19:39.554Z,sell,2.209e-05,3733.0,0.08246197
NXS/BTC,1582301979554,2020-02-21T16:19:39.554Z,sell,2.21e-05,162.0,0.0035802
NXS/BTC,1582301979554,2020-02-21T16:19:39.554Z,sell,2.209e-05,3733.0,0.08246197
NXS/BTC,1582302658378,2020-02-21T16:30:58.378Z,sell,2.207e-05,761.0,0.01679527
NXS/BTC,1582302658378,2020-02-21T16:30:58.378Z,sell,2.204e-05,5.0,0.0001102
NXS/BTC,1582302658378,2020-02-21T16:30:58.378Z,sell,2.202e-05,5.0,0.0001100999999999
NXS/BTC,1582302662421,2020-02-21T16:31:02.421Z,sell,2.199e-05,8.0,0.00017592
NXS/BTC,1582302662421,2020-02-21T16:31:02.421Z,sell,2.198e-05,281.0,0.0061763799999999
NXS/BTC,1582302662421,2020-02-21T16:31:02.421Z,sell,2.197e-05,27.0,0.00059319
NXS/BTC,1582302662421,2020-02-21T16:31:02.421Z,sell,2.196e-05,162.0,0.0035575199999999
NXS/BTC,1582302662555,2020-02-21T16:31:02.555Z,buy,2.205e-05,18.0,0.0003969
NXS/BTC,1582302663436,2020-02-21T16:31:03.436Z,sell,2.204e-05,5.0,0.0001102
NXS/BTC,1582302663436,2020-02-21T16:31:03.436Z,sell,2.197e-05,72.0,0.00158184
NXS/BTC,1582302690772,2020-02-21T16:31:30.772Z,sell,2.199e-05,5.0,0.00010995
NXS/BTC,1582302690772,2020-02-21T16:31:30.772Z,sell,2.197e-05,2505.0,0.05503485
NXS/BTC,1582302690797,2020-02-21T16:31:30.797Z,buy,2.197e-05,402.0,0.00883194
NXS/BTC,1582302764550,2020-02-21T16:32:44.550Z,buy,2.2e-05,13.0,0.000286
NXS/BTC,1582302871538,2020-02-21T16:34:31.538Z,buy,2.2e-05,30.0,0.00066
NXS/BTC,1582302967939,2020-02-21T16:36:07.939Z,buy,2.2e-05,1402.0,0.030844
NXS/BTC,1582302973209,2020-02-21T16:36:13.209Z,sell,2.199e-05,420.0,0.0092358
NXS/BTC,1582302993393,2020-02-21T16:36:33.393Z,buy,2.2e-05,11.0,0.000242
NXS/BTC,1582303038982,2020-02-21T16:37:18.982Z,sell,2.199e-05,58.0,0.00127542
NXS/BTC,1582303044960,2020-02-21T16:37:24.960Z,sell,2.199e-05,258.0,0.00567342
NXS/BTC,1582303149478,2020-02-21T16:39:09.478Z,sell,2.199e-05,500.0,0.010995
NXS/BTC,1582303164289,2020-02-21T16:39:24.289Z,sell,2.199e-05,500.0,0.010995
NXS/BTC,1582303274475,2020-02-21T16:41:14.475Z,buy,2.2e-05,194.0,0.004268
NXS/BTC,1582303290017,2020-02-21T16:41:30.017Z,buy,2.207e-05,15.0,0.00033105
NXS/BTC,1582303431625,2020-02-21T16:43:51.625Z,buy,2.207e-05,38.0,0.00083866
NXS/BTC,1582303557982,2020-02-21T16:45:57.982Z,buy,2.205e-05,186.0,0.0041013
NXS/BTC,1582303630240,2020-02-21T16:47:10.240Z,buy,2.207e-05,16.0,0.00035312
NXS/BTC,1582304322183,2020-02-21T16:58:42.183Z,buy,2.206e-05,359.0,0.00791954
NXS/BTC,1582304327489,2020-02-21T16:58:47.489Z,sell,2.206e-05,29.0,0.00063974
NXS/BTC,1582304351552,2020-02-21T16:59:11.552Z,buy,2.207e-05,1072.0,0.02365904
NXS/BTC,1582304483009,2020-02-21T17:01:23.009Z,sell,2.207e-05,109.0,0.00240563
NXS/BTC,1582305456938,2020-02-21T17:17:36.938Z,buy,2.208e-05,71.0,0.00156768
NXS/BTC,1582305456938,2020-02-21T17:17:36.938Z,buy,2.208e-05,71.0,0.00156768
NXS/BTC,1582305948758,2020-02-21T17:25:48.758Z,buy,2.208e-05,380.0,0.0083904
NXS/BTC,1582306764930,2020-02-21T17:39:24.930Z,sell,2.208e-05,61.0,0.00134688
NXS/BTC,1582306800189,2020-02-21T17:40:00.189Z,sell,2.208e-05,61.0,0.00134688
NXS/BTC,1582308914761,2020-02-21T18:15:14.761Z,sell,2.208e-05,174.0,0.00384192
NXS/BTC,1582308914761,2020-02-21T18:15:14.761Z,sell,2.208e-05,174.0,0.00384192
NXS/BTC,1582309078488,2020-02-21T18:17:58.488Z,buy,2.21e-05,8.0,0.0001768
NXS/BTC,1582309078488,2020-02-21T18:17:58.488Z,buy,2.211e-05,15.0,0.00033165
NXS/BTC,1582310022824,2020-02-21T18:33:42.824Z,buy,2.211e-05,5.0,0.00011055
NXS/BTC,1582310023075,2020-02-21T18:33:43.075Z,buy,2.211e-05,12.0,0.00026532
NXS/BTC,1582310063346,2020-02-21T18:34:23.346Z,sell,2.211e-05,88.0,0.00194568
NXS/BTC,1582310128912,2020-02-21T18:35:28.912Z,sell,2.208e-05,579.0,0.01278432
NXS/BTC,1582310166590,2020-02-21T18:36:06.590Z,sell,2.207e-05,20361.0,0.44936727
NXS/BTC,1582310166620,2020-02-21T18:36:06.620Z,sell,2.206e-05,1331.0,0.02936186
NXS/BTC,1582310299016,2020-02-21T18:38:19.016Z,sell,2.208e-05,5.0,0.0001104
NXS/BTC,1582310428653,2020-02-21T18:40:28.653Z,sell,2.208e-05,2293.0,0.05062944
NXS/BTC,1582310648482,2020-02-21T18:44:08.482Z,sell,2.206e-05,245.0,0.0054047
NXS/BTC,1582311345414,2020-02-21T18:55:45.414Z,sell,2.204e-05,111.0,0.00244644
NXS/BTC,1582311935070,2020-02-21T19:05:35.070Z,sell,2.205e-05,205.0,0.00452025
NXS/BTC,1582312304222,2020-02-21T19:11:44.222Z,buy,2.208e-05,452.0,0.00998016
NXS/BTC,1582312421239,2020-02-21T19:13:41.239Z,buy,2.208e-05,167.0,0.0036873599999999
NXS/BTC,1582312421909,2020-02-21T19:13:41.909Z,buy,2.208e-05,1700.0,0.037536
NXS/BTC,1582312421909,2020-02-21T19:13:41.909Z,buy,2.208e-05,1700.0,0.037536
NXS/BTC,1582313494118,2020-02-21T19:31:34.118Z,sell,2.203e-05,5.0,0.00011015
NXS/BTC,1582313494118,2020-02-21T19:31:34.118Z,sell,2.202e-05,1786.0,0.03932772
NXS/BTC,1582313494118,2020-02-21T19:31:34.118Z,sell,2.2e-05,703.0,0.0154659999999999
NXS/BTC,1582313494140,2020-02-21T19:31:34.140Z,sell,2.2e-05,332.0,0.007304
NXS/BTC,1582313938342,2020-02-21T19:38:58.342Z,sell,2.203e-05,100.0,0.002203
NXS/BTC,1582313938342,2020-02-21T19:38:58.342Z,sell,2.2e-05,5.0,0.0001099999999999
NXS/BTC,1582314176414,2020-02-21T19:42:56.414Z,sell,2.198e-05,5.0,0.0001099
NXS/BTC,1582314183564,2020-02-21T19:43:03.564Z,sell,2.197e-05,27.0,0.00059319
NXS/BTC,1582314208994,2020-02-21T19:43:28.994Z,buy,2.197e-05,8.0,0.00017576
NXS/BTC,1582314240370,2020-02-21T19:44:00.370Z,sell,2.196e-05,8.0,0.00017568
NXS/BTC,1582314240370,2020-02-21T19:44:00.370Z,sell,2.195e-05,5.0,0.00010975
NXS/BTC,1582314632105,2020-02-21T19:50:32.105Z,sell,2.194e-05,10.0,0.0002194
NXS/BTC,1582314632105,2020-02-21T19:50:32.105Z,sell,2.193e-05,62.0,0.00135966
NXS/BTC,1582314632105,2020-02-21T19:50:32.105Z,sell,2.192e-05,1109.0,0.02430928
NXS/BTC,1582314632105,2020-02-21T19:50:32.105Z,sell,2.191e-05,5.0,0.0001095499999999
NXS/BTC,1582314632105,2020-02-21T19:50:32.105Z,sell,2.19e-05,608.0,0.0133152
NXS/BTC,1582314632105,2020-02-21T19:50:32.105Z,sell,2.189e-05,12.0,0.00026268
NXS/BTC,1582314632105,2020-02-21T19:50:32.105Z,sell,2.188e-05,10.0,0.0002188
NXS/BTC,1582314632105,2020-02-21T19:50:32.105Z,sell,2.187e-05,4513.0,0.09869931
NXS/BTC,1582314699705,2020-02-21T19:51:39.705Z,buy,2.194e-05,25.0,0.0005485
NXS/BTC,1582314735154,2020-02-21T19:52:15.154Z,buy,2.19e-05,8.0,0.0001752
NXS/BTC,1582314838449,2020-02-21T19:53:58.449Z,buy,2.191e-05,68.0,0.0014898799999999
NXS/BTC,1582314963774,2020-02-21T19:56:03.774Z,sell,2.189e-05,5.0,0.0001094499999999
NXS/BTC,1582314967375,2020-02-21T19:56:07.375Z,buy,2.188e-05,8.0,0.00017504
NXS/BTC,1582314994907,2020-02-21T19:56:34.907Z,sell,2.187e-05,1528.0,0.03341736
NXS/BTC,1582314995205,2020-02-21T19:56:35.205Z,sell,2.187e-05,1471.0,0.03217077
NXS/BTC,1582315029877,2020-02-21T19:57:09.877Z,buy,2.187e-05,5.0,0.00010935
NXS/BTC,1582315050943,2020-02-21T19:57:30.943Z,sell,2.186e-05,26.0,0.00056836
NXS/BTC,1582315077017,2020-02-21T19:57:57.017Z,sell,2.185e-05,13.0,0.00028405
NXS/BTC,1582315103900,2020-02-21T19:58:23.900Z,sell,2.184e-05,32.0,0.00069888
NXS/BTC,1582315183863,2020-02-21T19:59:43.863Z,buy,2.186e-05,69.0,0.00150834
NXS/BTC,1582315335193,2020-02-21T20:02:15.193Z,buy,2.185e-05,194.0,0.0042388999999999
NXS/BTC,1582315355349,2020-02-21T20:02:35.349Z,sell,2.183e-05,19.0,0.0004147699999999
NXS/BTC,1582315355349,2020-02-21T20:02:35.349Z,sell,2.18e-05,255.0,0.005559
NXS/BTC,1582315355349,2020-02-21T20:02:35.349Z,sell,2.179e-05,61.0,0.00132919
NXS/BTC,1582315355349,2020-02-21T20:02:35.349Z,sell,2.178e-05,62.0,0.00135036
NXS/BTC,1582315355371,2020-02-21T20:02:35.371Z,buy,2.178e-05,68.0,0.00148104
NXS/BTC,1582315359901,2020-02-21T20:02:39.901Z,sell,2.176e-05,16.0,0.00034816
NXS/BTC,1582315359901,2020-02-21T20:02:39.901Z,sell,2.175e-05,168.0,0.003654
NXS/BTC,1582315359901,2020-02-21T20:02:39.901Z,sell,2.174e-05,42.0,0.0009130799999999
NXS/BTC,1582315359901,2020-02-21T20:02:39.901Z,sell,2.173e-05,238.0,0.00517174
NXS/BTC,1582315359901,2020-02-21T20:02:39.901Z,sell,2.171e-05,8.0,0.00017368
NXS/BTC,1582315359901,2020-02-21T20:02:39.901Z,sell,2.17e-05,27.0,0.0005859
NXS/BTC,1582315359901,2020-02-21T20:02:39.901Z,sell,2.167e-05,8.0,0.00017336
NXS/BTC,1582315359901,2020-02-21T20:02:39.901Z,sell,2.166e-05,1604.0,0.03474264
NXS/BTC,1582315359901,2020-02-21T20:02:39.901Z,sell,2.164e-05,10.0,0.0002164
NXS/BTC,1582315359901,2020-02-21T20:02:39.901Z,sell,2.163e-05,62.0,0.00134106
NXS/BTC,1582315359901,2020-02-21T20:02:39.901Z,sell,2.162e-05,53.0,0.00114586
NXS/BTC,1582315359901,2020-02-21T20:02:39.901Z,sell,2.159e-05,5.0,0.00010795
NXS/BTC,1582315359901,2020-02-21T20:02:39.901Z,sell,2.158e-05,8.0,0.00017264
NXS/BTC,1582315359901,2020-02-21T20:02:39.901Z,sell,2.156e-05,24.0,0.00051744
NXS/BTC,1582315362150,2020-02-21T20:02:42.150Z,sell,2.157e-05,154.0,0.00332178
NXS/BTC,1582315363219,2020-02-21T20:02:43.219Z,buy,2.177e-05,59.0,0.00128443
NXS/BTC,1582315364041,2020-02-21T20:02:44.041Z,sell,2.157e-05,237.0,0.00511209
NXS/BTC,1582315364041,2020-02-21T20:02:44.041Z,sell,2.156e-05,134.0,0.00288904
NXS/BTC,1582315364041,2020-02-21T20:02:44.041Z,sell,2.155e-05,85.0,0.0018317499999999
NXS/BTC,1582315364041,2020-02-21T20:02:44.041Z,sell,2.153e-05,66.0,0.0014209799999999
NXS/BTC,1582315364041,2020-02-21T20:02:44.041Z,sell,2.152e-05,1751.0,0.03768152
NXS/BTC,1582315364440,2020-02-21T20:02:44.440Z,buy,2.177e-05,23.0,0.00050071
NXS/BTC,1582315371039,2020-02-21T20:02:51.039Z,sell,2.175e-05,5.0,0.00010875
NXS/BTC,1582315371452,2020-02-21T20:02:51.452Z,buy,2.171e-05,3.0,6.513e-05
NXS/BTC,1582315371452,2020-02-21T20:02:51.452Z,buy,2.176e-05,5.0,0.0001087999999999
NXS/BTC,1582315371460,2020-02-21T20:02:51.460Z,sell,2.155e-05,171.0,0.0036850499999999
NXS/BTC,1582315371460,2020-02-21T20:02:51.460Z,sell,2.151e-05,10.0,0.0002151
NXS/BTC,1582315371460,2020-02-21T20:02:51.460Z,sell,2.15e-05,400.0,0.0086
NXS/BTC,1582315371460,2020-02-21T20:02:51.460Z,sell,2.149e-05,62.0,0.00133238
NXS/BTC,1582315371460,2020-02-21T20:02:51.460Z,sell,2.148e-05,1167.0,0.02506716
NXS/BTC,1582315374446,2020-02-21T20:02:54.446Z,buy,2.173e-05,8.0,0.00017384
NXS/BTC,1582315377451,2020-02-21T20:02:57.451Z,buy,2.163e-05,16.0,0.00034608
NXS/BTC,1582315379318,2020-02-21T20:02:59.318Z,buy,2.163e-05,41.0,0.00088683
NXS/BTC,1582315384954,2020-02-21T20:03:04.954Z,sell,2.158e-05,14.0,0.00030212
NXS/BTC,1582315384954,2020-02-21T20:03:04.954Z,sell,2.149e-05,23.0,0.00049427
NXS/BTC,1582315384954,2020-02-21T20:03:04.954Z,sell,2.148e-05,235.0,0.0050478
NXS/BTC,1582315384954,2020-02-21T20:03:04.954Z,sell,2.147e-05,8.0,0.00017176
NXS/BTC,1582315384954,2020-02-21T20:03:04.954Z,sell,2.144e-05,8.0,0.00017152
NXS/BTC,1582315384954,2020-02-21T20:03:04.954Z,sell,2.143e-05,810.0,0.0173583
NXS/BTC,1582315384954,2020-02-21T20:03:04.954Z,sell,2.141e-05,257.0,0.00550237
NXS/BTC,1582315385506,2020-02-21T20:03:05.506Z,buy,2.162e-05,171.0,0.00369702
NXS/BTC,1582315387709,2020-02-21T20:03:07.709Z,sell,2.143e-05,85.0,0.00182155
NXS/BTC,1582315387709,2020-02-21T20:03:07.709Z,sell,2.142e-05,13.0,0.00027846
NXS/BTC,1582315387709,2020-02-21T20:03:07.709Z,sell,2.141e-05,287.0,0.00614467
NXS/BTC,1582315387732,2020-02-21T20:03:07.732Z,buy,2.141e-05,70.0,0.0014987
NXS/BTC,1582315387740,2020-02-21T20:03:07.740Z,buy,2.141e-05,14.0,0.00029974
NXS/BTC,1582315387750,2020-02-21T20:03:07.750Z,buy,2.141e-05,70.0,0.0014987
NXS/BTC,1582315387792,2020-02-21T20:03:07.792Z,buy,2.141e-05,14.0,0.00029974
NXS/BTC,1582315388442,2020-02-21T20:03:08.442Z,buy,2.141e-05,47.0,0.00100627
NXS/BTC,1582315388970,2020-02-21T20:03:08.970Z,sell,2.14e-05,61.0,0.0013054
NXS/BTC,1582315388970,2020-02-21T20:03:08.970Z,sell,2.139e-05,10.0,0.0002139
NXS/BTC,1582315388970,2020-02-21T20:03:08.970Z,sell,2.137e-05,51.0,0.00108987
NXS/BTC,1582315389115,2020-02-21T20:03:09.115Z,buy,2.141e-05,390.0,0.0083499
NXS/BTC,1582315390849,2020-02-21T20:03:10.849Z,sell,2.137e-05,11.0,0.00023507
NXS/BTC,1582315393167,2020-02-21T20:03:13.167Z,buy,2.141e-05,215.0,0.00460315
NXS/BTC,1582315396396,2020-02-21T20:03:16.396Z,buy,2.141e-05,19.0,0.0004067899999999
NXS/BTC,1582315401930,2020-02-21T20:03:21.930Z,buy,2.141e-05,95.0,0.00203395
NXS/BTC,1582315407885,2020-02-21T20:03:27.885Z,buy,2.141e-05,1822.0,0.03900902
NXS/BTC,1582315449501,2020-02-21T20:04:09.501Z,buy,2.14e-05,5.0,0.000107
NXS/BTC,1582315472594,2020-02-21T20:04:32.594Z,sell,2.138e-05,108.0,0.00230904
NXS/BTC,1582315483882,2020-02-21T20:04:43.882Z,sell,2.138e-05,98.0,0.00209524
NXS/BTC,1582315497287,2020-02-21T20:04:57.287Z,buy,2.14e-05,93.0,0.0019901999999999
NXS/BTC,1582315512272,2020-02-21T20:05:12.272Z,buy,2.14e-05,13.0,0.0002782
NXS/BTC,1582315512272,2020-02-21T20:05:12.272Z,buy,2.152e-05,80.0,0.0017216
NXS/BTC,1582315512272,2020-02-21T20:05:12.272Z,buy,2.153e-05,61.0,0.00131333
NXS/BTC,1582315512272,2020-02-21T20:05:12.272Z,buy,2.154e-05,291.0,0.00626814
NXS/BTC,1582315532445,2020-02-21T20:05:32.445Z,sell,2.141e-05,89.0,0.00190549
NXS/BTC,1582315559098,2020-02-21T20:05:59.098Z,sell,2.141e-05,388.0,0.00830708
NXS/BTC,1582315559098,2020-02-21T20:05:59.098Z,sell,2.14e-05,61.0,0.0013054
NXS/BTC,1582315559098,2020-02-21T20:05:59.098Z,sell,2.138e-05,447.0,0.0095568599999999
NXS/BTC,1582315639010,2020-02-21T20:07:19.010Z,sell,2.139e-05,22.0,0.00047058
NXS/BTC,1582315675951,2020-02-21T20:07:55.951Z,buy,2.139e-05,46.0,0.00098394
NXS/BTC,1582315713912,2020-02-21T20:08:33.912Z,buy,2.152e-05,452.0,0.00972704
NXS/BTC,1582315722609,2020-02-21T20:08:42.609Z,buy,2.152e-05,6745.0,0.1451524
NXS/BTC,1582315738565,2020-02-21T20:08:58.565Z,sell,2.15e-05,29.0,0.0006235
NXS/BTC,1582315738651,2020-02-21T20:08:58.651Z,sell,2.15e-05,29.0,0.0006235
NXS/BTC,1582315738785,2020-02-21T20:08:58.785Z,sell,2.15e-05,29.0,0.0006235
NXS/BTC,1582315739482,2020-02-21T20:08:59.482Z,sell,2.15e-05,23.0,0.0004945
NXS/BTC,1582315739482,2020-02-21T20:08:59.482Z,sell,2.15e-05,23.0,0.0004945
NXS/BTC,1582316043117,2020-02-21T20:14:03.117Z,sell,2.15e-05,18.0,0.000387
NXS/BTC,1582316055182,2020-02-21T20:14:15.182Z,sell,2.15e-05,14.0,0.000301
NXS/BTC,1582316112432,2020-02-21T20:15:12.432Z,sell,2.15e-05,62.0,0.001333
NXS/BTC,1582316145349,2020-02-21T20:15:45.349Z,buy,2.153e-05,5.0,0.0001076499999999
NXS/BTC,1582316181454,2020-02-21T20:16:21.454Z,buy,2.153e-05,5.0,0.0001076499999999
NXS/BTC,1582316237374,2020-02-21T20:17:17.374Z,buy,2.153e-05,5.0,0.0001076499999999
NXS/BTC,1582316301331,2020-02-21T20:18:21.331Z,buy,2.153e-05,5.0,0.0001076499999999
NXS/BTC,1582316444452,2020-02-21T20:20:44.452Z,buy,2.153e-05,28.0,0.00060284
NXS/BTC,1582316691926,2020-02-21T20:24:51.926Z,buy,2.153e-05,8.0,0.00017224
NXS/BTC,1582316724488,2020-02-21T20:25:24.488Z,buy,2.153e-05,5.0,0.0001076499999999
NXS/BTC,1582316724488,2020-02-21T20:25:24.488Z,buy,2.156e-05,20.0,0.0004312
NXS/BTC,1582316730271,2020-02-21T20:25:30.271Z,sell,2.151e-05,5.0,0.00010755
NXS/BTC,1582316730271,2020-02-21T20:25:30.271Z,sell,2.15e-05,406.0,0.008729
NXS/BTC,1582316730271,2020-02-21T20:25:30.271Z,sell,2.148e-05,782.0,0.01679736
NXS/BTC,1582316730271,2020-02-21T20:25:30.271Z,sell,2.145e-05,225.0,0.00482625
NXS/BTC,1582316730271,2020-02-21T20:25:30.271Z,sell,2.144e-05,8.0,0.00017152
NXS/BTC,1582316730271,2020-02-21T20:25:30.271Z,sell,2.14e-05,69.0,0.0014765999999999
NXS/BTC,1582316730271,2020-02-21T20:25:30.271Z,sell,2.139e-05,559.0,0.01195701
NXS/BTC,1582316730271,2020-02-21T20:25:30.271Z,sell,2.138e-05,127.0,0.0027152599999999
NXS/BTC,1582316750832,2020-02-21T20:25:50.832Z,buy,2.153e-05,5.0,0.0001076499999999
NXS/BTC,1582316766970,2020-02-21T20:26:06.970Z,buy,2.153e-05,5.0,0.0001076499999999
NXS/BTC,1582316767073,2020-02-21T20:26:07.073Z,buy,2.153e-05,5.0,0.0001076499999999
NXS/BTC,1582316767151,2020-02-21T20:26:07.151Z,buy,2.153e-05,5.0,0.0001076499999999
NXS/BTC,1582316976534,2020-02-21T20:29:36.534Z,buy,2.153e-05,126.0,0.0027127799999999
NXS/BTC,1582316976534,2020-02-21T20:29:36.534Z,buy,2.153e-05,195.0,0.00419835
NXS/BTC,1582316976547,2020-02-21T20:29:36.547Z,buy,2.153e-05,195.0,0.00419835
NXS/BTC,1582317173799,2020-02-21T20:32:53.799Z,sell,2.146e-05,58.0,0.00124468
NXS/BTC,1582317456285,2020-02-21T20:37:36.285Z,buy,2.156e-05,7.0,0.00015092
NXS/BTC,1582317669655,2020-02-21T20:41:09.655Z,sell,2.156e-05,5.0,0.0001078
NXS/BTC,1582317671957,2020-02-21T20:41:11.957Z,buy,2.158e-05,8.0,0.00017264
NXS/BTC,1582317673198,2020-02-21T20:41:13.198Z,buy,2.16e-05,26.0,0.0005616
NXS/BTC,1582318338285,2020-02-21T20:52:18.285Z,buy,2.163e-05,5.0,0.00010815
NXS/BTC,1582318461790,2020-02-21T20:54:21.790Z,sell,2.164e-05,91.0,0.00196924
NXS/BTC,1582318468153,2020-02-21T20:54:28.153Z,buy,2.164e-05,1.0,2.164e-05
NXS/BTC,1582318805143,2020-02-21T21:00:05.143Z,buy,2.165e-05,445.0,0.00963425
NXS/BTC,1582318917569,2020-02-21T21:01:57.569Z,sell,2.163e-05,5.0,0.00010815
NXS/BTC,1582318917569,2020-02-21T21:01:57.569Z,sell,2.163e-05,5.0,0.00010815
NXS/BTC,1582319707162,2020-02-21T21:15:07.162Z,buy,2.165e-05,38.0,0.0008227
NXS/BTC,1582320036392,2020-02-21T21:20:36.392Z,buy,2.166e-05,61.0,0.0013212599999999
NXS/BTC,1582320706192,2020-02-21T21:31:46.192Z,sell,2.166e-05,14.0,0.00030324
NXS/BTC,1582320710278,2020-02-21T21:31:50.278Z,buy,2.167e-05,26.0,0.00056342
NXS/BTC,1582320712194,2020-02-21T21:31:52.194Z,buy,2.17e-05,27.0,0.0005859
NXS/BTC,1582320721628,2020-02-21T21:32:01.628Z,sell,2.17e-05,21.0,0.0004556999999999
NXS/BTC,1582320794486,2020-02-21T21:33:14.486Z,buy,2.171e-05,23.0,0.00049933
NXS/BTC,1582320795714,2020-02-21T21:33:15.714Z,buy,2.174e-05,45.0,0.0009782999999999
NXS/BTC,1582320795956,2020-02-21T21:33:15.956Z,buy,2.174e-05,25.0,0.0005434999999999
NXS/BTC,1582320857858,2020-02-21T21:34:17.858Z,buy,2.175e-05,10.0,0.0002175
NXS/BTC,1582320857873,2020-02-21T21:34:17.873Z,buy,2.175e-05,10.0,0.0002175
NXS/BTC,1582320858056,2020-02-21T21:34:18.056Z,buy,2.175e-05,28.0,0.000609
NXS/BTC,1582320858070,2020-02-21T21:34:18.070Z,buy,2.175e-05,37.0,0.00080475
NXS/BTC,1582320858079,2020-02-21T21:34:18.079Z,buy,2.175e-05,46.0,0.0010005
NXS/BTC,1582320858218,2020-02-21T21:34:18.218Z,buy,2.175e-05,106.0,0.0023055
NXS/BTC,1582320858280,2020-02-21T21:34:18.280Z,buy,2.175e-05,10.0,0.0002175
NXS/BTC,1582320859217,2020-02-21T21:34:19.217Z,buy,2.175e-05,51.0,0.00110925
NXS/BTC,1582320859692,2020-02-21T21:34:19.692Z,buy,2.175e-05,51.0,0.00110925
NXS/BTC,1582321512737,2020-02-21T21:45:12.737Z,buy,2.177e-05,66.0,0.00143682
NXS/BTC,1582321512810,2020-02-21T21:45:12.810Z,buy,2.177e-05,2297.0,0.05000569
NXS/BTC,1582321512942,2020-02-21T21:45:12.942Z,buy,2.177e-05,138.0,0.00300426
NXS/BTC,1582321513117,2020-02-21T21:45:13.117Z,buy,2.177e-05,735.0,0.01600095
NXS/BTC,1582321513171,2020-02-21T21:45:13.171Z,buy,2.177e-05,92.0,0.00200284
NXS/BTC,1582321513523,2020-02-21T21:45:13.523Z,buy,2.177e-05,207.0,0.00450639
NXS/BTC,1582321513722,2020-02-21T21:45:13.722Z,buy,2.177e-05,35.0,0.00076195
NXS/BTC,1582321513843,2020-02-21T21:45:13.843Z,buy,2.177e-05,138.0,0.00300426
NXS/BTC,1582321513908,2020-02-21T21:45:13.908Z,buy,2.177e-05,35.0,0.00076195
NXS/BTC,1582321568126,2020-02-21T21:46:08.126Z,buy,2.177e-05,1154.0,0.02512258
NXS/BTC,1582321602838,2020-02-21T21:46:42.838Z,buy,2.177e-05,231.0,0.00502887
NXS/BTC,1582321845533,2020-02-21T21:50:45.533Z,buy,2.177e-05,2245.0,0.04887365
NXS/BTC,1582322410925,2020-02-21T22:00:10.925Z,buy,2.177e-05,5.0,0.00010885
NXS/BTC,1582322439165,2020-02-21T22:00:39.165Z,buy,2.178e-05,5.0,0.0001089
NXS/BTC,1582322450786,2020-02-21T22:00:50.786Z,buy,2.178e-05,5.0,0.0001089
NXS/BTC,1582322462371,2020-02-21T22:01:02.371Z,buy,2.178e-05,5.0,0.0001089
NXS/BTC,1582322474281,2020-02-21T22:01:14.281Z,buy,2.178e-05,5.0,0.0001089
NXS/BTC,1582322485694,2020-02-21T22:01:25.694Z,buy,2.178e-05,5.0,0.0001089
