symbol,timestamp,datetime,side,price,amount,btc_volume
NXS/BTC,1608057472413,2020-12-15T18:37:52.413Z,sell,1.146e-05,17.0,0.00019482
NXS/BTC,1608057781180,2020-12-15T18:43:01.180Z,buy,1.148e-05,4355.0,0.0499954
NXS/BTC,1608057815528,2020-12-15T18:43:35.528Z,buy,1.148e-05,2613.0,0.02999724
NXS/BTC,1608057975984,2020-12-15T18:46:15.984Z,buy,1.148e-05,1000.0,0.01148
NXS/BTC,1608058003124,2020-12-15T18:46:43.124Z,sell,1.147e-05,2184.0,0.02505048
NXS/BTC,1608058043078,2020-12-15T18:47:23.078Z,sell,1.147e-05,1004.0,0.01151588
NXS/BTC,1608058047406,2020-12-15T18:47:27.406Z,buy,1.148e-05,1650.0,0.018942
NXS/BTC,1608058047406,2020-12-15T18:47:27.406Z,buy,1.149e-05,1450.0,0.0166605
NXS/BTC,1608058047406,2020-12-15T18:47:27.406Z,buy,1.15e-05,2991.0,0.0343965
NXS/BTC,1608058089472,2020-12-15T18:48:09.472Z,sell,1.148e-05,266.0,0.00305368
NXS/BTC,1608058089716,2020-12-15T18:48:09.716Z,buy,1.148e-05,12.0,0.00013776
NXS/BTC,1608058127799,2020-12-15T18:48:47.799Z,buy,1.153e-05,26.0,0.00029978
NXS/BTC,1608058313243,2020-12-15T18:51:53.243Z,buy,1.153e-05,2582.0,0.02977046
NXS/BTC,1608058313243,2020-12-15T18:51:53.243Z,buy,1.153e-05,2582.0,0.02977046
NXS/BTC,1608059011008,2020-12-15T19:03:31.008Z,buy,1.153e-05,35.0,0.0004035499999999
NXS/BTC,1608059062512,2020-12-15T19:04:22.512Z,buy,1.153e-05,1858.0,0.02142274
NXS/BTC,1608059063519,2020-12-15T19:04:23.519Z,buy,1.153e-05,229.0,0.00264037
NXS/BTC,1608059076310,2020-12-15T19:04:36.310Z,sell,1.152e-05,1775.0,0.020448
NXS/BTC,1608059158827,2020-12-15T19:05:58.827Z,sell,1.152e-05,575.0,0.006624
NXS/BTC,1608059221580,2020-12-15T19:07:01.580Z,sell,1.152e-05,191.0,0.00220032
NXS/BTC,1608059228813,2020-12-15T19:07:08.813Z,sell,1.152e-05,440.0,0.0050688
NXS/BTC,1608059674805,2020-12-15T19:14:34.805Z,sell,1.152e-05,1359.0,0.0156556799999999
NXS/BTC,1608059776560,2020-12-15T19:16:16.560Z,sell,1.151e-05,266.0,0.00306166
NXS/BTC,1608059874592,2020-12-15T19:17:54.592Z,sell,1.151e-05,229.0,0.00263579
NXS/BTC,1608060188361,2020-12-15T19:23:08.361Z,sell,1.151e-05,38.0,0.00043738
NXS/BTC,1608060612398,2020-12-15T19:30:12.398Z,sell,1.151e-05,836.0,0.00962236
NXS/BTC,1608060685659,2020-12-15T19:31:25.659Z,sell,1.151e-05,268.0,0.00308468
NXS/BTC,1608061028965,2020-12-15T19:37:08.965Z,sell,1.151e-05,149.0,0.00171499
NXS/BTC,1608061368268,2020-12-15T19:42:48.268Z,buy,1.155e-05,11.0,0.00012705
NXS/BTC,1608061388017,2020-12-15T19:43:08.017Z,sell,1.155e-05,9.0,0.0001039499999999
NXS/BTC,1608061487343,2020-12-15T19:44:47.343Z,sell,1.155e-05,223.0,0.00257565
NXS/BTC,1608061495258,2020-12-15T19:44:55.258Z,sell,1.155e-05,133.0,0.00153615
NXS/BTC,1608061508679,2020-12-15T19:45:08.679Z,sell,1.155e-05,32.0,0.0003696
NXS/BTC,1608061600911,2020-12-15T19:46:40.911Z,buy,1.152e-05,9.0,0.00010368
NXS/BTC,1608061600911,2020-12-15T19:46:40.911Z,buy,1.152e-05,9.0,0.00010368
NXS/BTC,1608062363688,2020-12-15T19:59:23.688Z,sell,1.15e-05,9.0,0.0001035
NXS/BTC,1608062476590,2020-12-15T20:01:16.590Z,buy,1.15e-05,741.0,0.0085215
NXS/BTC,1608063466708,2020-12-15T20:17:46.708Z,sell,1.149e-05,11.0,0.00012639
NXS/BTC,1608063466708,2020-12-15T20:17:46.708Z,sell,1.148e-05,51.0,0.00058548
NXS/BTC,1608064459464,2020-12-15T20:34:19.464Z,buy,1.151e-05,500.0,0.005755
NXS/BTC,1608064706712,2020-12-15T20:38:26.712Z,buy,1.151e-05,44.0,0.00050644
NXS/BTC,1608064706712,2020-12-15T20:38:26.712Z,buy,1.151e-05,44.0,0.00050644
NXS/BTC,1608066023993,2020-12-15T21:00:23.993Z,sell,1.148e-05,78.0,0.00089544
NXS/BTC,1608067316043,2020-12-15T21:21:56.043Z,buy,1.151e-05,130.0,0.0014962999999999
NXS/BTC,1608067325420,2020-12-15T21:22:05.420Z,sell,1.148e-05,133.0,0.00152684
NXS/BTC,1608067892655,2020-12-15T21:31:32.655Z,sell,1.148e-05,528.0,0.00606144
NXS/BTC,1608067892655,2020-12-15T21:31:32.655Z,sell,1.147e-05,500.0,0.005735
NXS/BTC,1608067892655,2020-12-15T21:31:32.655Z,sell,1.146e-05,500.0,0.00573
NXS/BTC,1608067892655,2020-12-15T21:31:32.655Z,sell,1.144e-05,11.0,0.00012584
NXS/BTC,1608067892655,2020-12-15T21:31:32.655Z,sell,1.138e-05,11.0,0.00012518
NXS/BTC,1608067892655,2020-12-15T21:31:32.655Z,sell,1.136e-05,436.0,0.00495296
NXS/BTC,1608067892655,2020-12-15T21:31:32.655Z,sell,1.135e-05,764.0,0.0086714
NXS/BTC,1608068052479,2020-12-15T21:34:12.479Z,buy,1.144e-05,11.0,0.00012584
NXS/BTC,1608068087550,2020-12-15T21:34:47.550Z,buy,1.147e-05,26.0,0.00029822
NXS/BTC,1608068087550,2020-12-15T21:34:47.550Z,buy,1.147e-05,26.0,0.00029822
NXS/BTC,1608069130806,2020-12-15T21:52:10.806Z,sell,1.145e-05,37.0,0.00042365
NXS/BTC,1608069167461,2020-12-15T21:52:47.461Z,buy,1.149e-05,22.0,0.00025278
NXS/BTC,1608069167461,2020-12-15T21:52:47.461Z,buy,1.152e-05,8.0,9.216e-05
NXS/BTC,1608069171841,2020-12-15T21:52:51.841Z,sell,1.145e-05,66.0,0.0007557
NXS/BTC,1608069848311,2020-12-15T22:04:08.311Z,sell,1.145e-05,71.0,0.00081295
NXS/BTC,1608070277596,2020-12-15T22:11:17.596Z,sell,1.145e-05,125.0,0.00143125
NXS/BTC,1608070277596,2020-12-15T22:11:17.596Z,sell,1.145e-05,125.0,0.00143125
NXS/BTC,1608071902314,2020-12-15T22:38:22.314Z,buy,1.152e-05,20.0,0.0002304
NXS/BTC,1608072940663,2020-12-15T22:55:40.663Z,sell,1.145e-05,20.0,0.000229
NXS/BTC,1608073687339,2020-12-15T23:08:07.339Z,sell,1.145e-05,257.0,0.00294265
NXS/BTC,1608073687339,2020-12-15T23:08:07.339Z,sell,1.145e-05,257.0,0.00294265
NXS/BTC,1608074299661,2020-12-15T23:18:19.661Z,sell,1.144e-05,11.0,0.00012584
NXS/BTC,1608076246079,2020-12-15T23:50:46.079Z,sell,1.144e-05,125.0,0.00143
NXS/BTC,1608076282778,2020-12-15T23:51:22.778Z,sell,1.144e-05,281.0,0.00321464
NXS/BTC,1608076768881,2020-12-15T23:59:28.881Z,buy,1.149e-05,11.0,0.00012639
NXS/BTC,1608076768881,2020-12-15T23:59:28.881Z,buy,1.151e-05,77.0,0.00088627
NXS/BTC,1608076768881,2020-12-15T23:59:28.881Z,buy,1.149e-05,11.0,0.00012639
NXS/BTC,1608076768881,2020-12-15T23:59:28.881Z,buy,1.151e-05,77.0,0.00088627
NXS/BTC,1608077833706,2020-12-16T00:17:13.706Z,sell,1.144e-05,31.0,0.00035464
NXS/BTC,1608078029582,2020-12-16T00:20:29.582Z,sell,1.144e-05,87.0,0.00099528
NXS/BTC,1608078029582,2020-12-16T00:20:29.582Z,sell,1.144e-05,87.0,0.00099528
NXS/BTC,1608080422227,2020-12-16T01:00:22.227Z,sell,1.138e-05,11.0,0.00012518
NXS/BTC,1608080422227,2020-12-16T01:00:22.227Z,sell,1.138e-05,11.0,0.00012518
NXS/BTC,1608081754617,2020-12-16T01:22:34.617Z,buy,1.14e-05,256.0,0.0029184
NXS/BTC,1608081770597,2020-12-16T01:22:50.597Z,sell,1.138e-05,9.0,0.00010242
NXS/BTC,1608081770597,2020-12-16T01:22:50.597Z,sell,1.137e-05,69.0,0.00078453
NXS/BTC,1608081770597,2020-12-16T01:22:50.597Z,sell,1.136e-05,178.0,0.00202208
NXS/BTC,1608083142792,2020-12-16T01:45:42.792Z,sell,1.137e-05,360.0,0.0040932
NXS/BTC,1608083151572,2020-12-16T01:45:51.572Z,sell,1.136e-05,925.0,0.010508
NXS/BTC,1608083151572,2020-12-16T01:45:51.572Z,sell,1.136e-05,925.0,0.010508
NXS/BTC,1608084418592,2020-12-16T02:06:58.592Z,sell,1.134e-05,134.0,0.0015195599999999
NXS/BTC,1608084690015,2020-12-16T02:11:30.015Z,buy,1.143e-05,16.0,0.00018288
NXS/BTC,1608084702662,2020-12-16T02:11:42.662Z,sell,1.135e-05,22.0,0.0002497
NXS/BTC,1608085342706,2020-12-16T02:22:22.706Z,sell,1.135e-05,29.0,0.00032915
NXS/BTC,1608085342706,2020-12-16T02:22:22.706Z,sell,1.135e-05,29.0,0.00032915
NXS/BTC,1608087119085,2020-12-16T02:51:59.085Z,buy,1.141e-05,41.0,0.00046781
NXS/BTC,1608087701201,2020-12-16T03:01:41.201Z,sell,1.135e-05,226.0,0.0025651
NXS/BTC,1608087701201,2020-12-16T03:01:41.201Z,sell,1.133e-05,11.0,0.00012463
NXS/BTC,1608087701201,2020-12-16T03:01:41.201Z,sell,1.131e-05,53.0,0.00059943
NXS/BTC,1608087701201,2020-12-16T03:01:41.201Z,sell,1.129e-05,58.0,0.00065482
NXS/BTC,1608087714652,2020-12-16T03:01:54.652Z,sell,1.13e-05,27.0,0.0003051
NXS/BTC,1608088081753,2020-12-16T03:08:01.753Z,sell,1.13e-05,412.0,0.0046556
NXS/BTC,1608088081753,2020-12-16T03:08:01.753Z,sell,1.129e-05,202.0,0.00228058
NXS/BTC,1608088095426,2020-12-16T03:08:15.426Z,sell,1.13e-05,45.0,0.0005085
NXS/BTC,1608088095426,2020-12-16T03:08:15.426Z,sell,1.13e-05,45.0,0.0005085
NXS/BTC,1608089829449,2020-12-16T03:37:09.449Z,buy,1.135e-05,72.0,0.0008172
NXS/BTC,1608090704082,2020-12-16T03:51:44.082Z,sell,1.133e-05,2808.0,0.03181464
NXS/BTC,1608090745874,2020-12-16T03:52:25.874Z,sell,1.133e-05,781.0,0.0088487299999999
NXS/BTC,1608090804946,2020-12-16T03:53:24.946Z,sell,1.133e-05,260.0,0.0029458
NXS/BTC,1608091048514,2020-12-16T03:57:28.514Z,sell,1.133e-05,463.0,0.00524579
NXS/BTC,1608091048514,2020-12-16T03:57:28.514Z,sell,1.133e-05,463.0,0.00524579
NXS/BTC,1608091945773,2020-12-16T04:12:25.773Z,sell,1.133e-05,31.0,0.00035123
NXS/BTC,1608093107674,2020-12-16T04:31:47.674Z,buy,1.134e-05,217.0,0.00246078
NXS/BTC,1608093107674,2020-12-16T04:31:47.674Z,buy,1.136e-05,3005.0,0.0341368
NXS/BTC,1608093128034,2020-12-16T04:32:08.034Z,sell,1.136e-05,9.0,0.00010224
NXS/BTC,1608093131891,2020-12-16T04:32:11.891Z,buy,1.138e-05,11.0,0.00012518
NXS/BTC,1608093136153,2020-12-16T04:32:16.153Z,buy,1.139e-05,11.0,0.00012529
NXS/BTC,1608093167579,2020-12-16T04:32:47.579Z,buy,1.14e-05,26.0,0.0002964
NXS/BTC,1608093167856,2020-12-16T04:32:47.856Z,buy,1.14e-05,26.0,0.0002964
NXS/BTC,1608093168349,2020-12-16T04:32:48.349Z,buy,1.14e-05,131.0,0.0014934
NXS/BTC,1608093168349,2020-12-16T04:32:48.349Z,buy,1.141e-05,75.0,0.00085575
NXS/BTC,1608093168349,2020-12-16T04:32:48.349Z,buy,1.144e-05,11.0,0.00012584
NXS/BTC,1608093168349,2020-12-16T04:32:48.349Z,buy,1.147e-05,78.0,0.00089466
NXS/BTC,1608093168349,2020-12-16T04:32:48.349Z,buy,1.149e-05,22.0,0.00025278
NXS/BTC,1608093168349,2020-12-16T04:32:48.349Z,buy,1.153e-05,31.0,0.00035743
NXS/BTC,1608093168349,2020-12-16T04:32:48.349Z,buy,1.154e-05,69.0,0.00079626
NXS/BTC,1608093168349,2020-12-16T04:32:48.349Z,buy,1.155e-05,11.0,0.00012705
NXS/BTC,1608093168349,2020-12-16T04:32:48.349Z,buy,1.159e-05,416.0,0.00482144
NXS/BTC,1608093168349,2020-12-16T04:32:48.349Z,buy,1.16e-05,6342.0,0.0735672
NXS/BTC,1608093174816,2020-12-16T04:32:54.816Z,sell,1.149e-05,475.0,0.00545775
NXS/BTC,1608093174939,2020-12-16T04:32:54.939Z,sell,1.149e-05,168.0,0.00193032
NXS/BTC,1608093175780,2020-12-16T04:32:55.780Z,sell,1.149e-05,134.0,0.00153966
NXS/BTC,1608093203048,2020-12-16T04:33:23.048Z,sell,1.144e-05,11.0,0.00012584
NXS/BTC,1608093208721,2020-12-16T04:33:28.721Z,buy,1.144e-05,261.0,0.00298584
NXS/BTC,1608093211166,2020-12-16T04:33:31.166Z,sell,1.144e-05,187.0,0.00213928
NXS/BTC,1608093211368,2020-12-16T04:33:31.368Z,sell,1.144e-05,51.0,0.00058344
NXS/BTC,1608093231802,2020-12-16T04:33:51.802Z,sell,1.14e-05,117.0,0.0013338
NXS/BTC,1608093560179,2020-12-16T04:39:20.179Z,sell,1.139e-05,989.0,0.0112647099999999
NXS/BTC,1608093560179,2020-12-16T04:39:20.179Z,sell,1.138e-05,11.0,0.00012518
NXS/BTC,1608093560179,2020-12-16T04:39:20.179Z,sell,1.137e-05,316.0,0.00359292
NXS/BTC,1608093560179,2020-12-16T04:39:20.179Z,sell,1.136e-05,87.0,0.00098832
NXS/BTC,1608093560179,2020-12-16T04:39:20.179Z,sell,1.133e-05,11.0,0.00012463
NXS/BTC,1608093560179,2020-12-16T04:39:20.179Z,sell,1.129e-05,311.0,0.00351119
NXS/BTC,1608093572186,2020-12-16T04:39:32.186Z,sell,1.129e-05,27.0,0.00030483
NXS/BTC,1608093576700,2020-12-16T04:39:36.700Z,sell,1.129e-05,496.0,0.00559984
NXS/BTC,1608093576700,2020-12-16T04:39:36.700Z,sell,1.128e-05,1252.0,0.01412256
NXS/BTC,1608093576700,2020-12-16T04:39:36.700Z,sell,1.128e-05,100.0,0.001128
NXS/BTC,1608093590388,2020-12-16T04:39:50.388Z,buy,1.134e-05,27.0,0.0003061799999999
NXS/BTC,1608093591986,2020-12-16T04:39:51.986Z,buy,1.136e-05,71.0,0.00080656
NXS/BTC,1608093591986,2020-12-16T04:39:51.986Z,buy,1.136e-05,71.0,0.00080656
NXS/BTC,1608095056275,2020-12-16T05:04:16.275Z,sell,1.137e-05,381.0,0.00433197
NXS/BTC,1608095056275,2020-12-16T05:04:16.275Z,sell,1.136e-05,1769.0,0.02009584
NXS/BTC,1608095146195,2020-12-16T05:05:46.195Z,buy,1.136e-05,188.0,0.00213568
NXS/BTC,1608096303608,2020-12-16T05:25:03.608Z,buy,1.138e-05,11.0,0.00012518
NXS/BTC,1608096305062,2020-12-16T05:25:05.062Z,buy,1.14e-05,28.0,0.0003191999999999
NXS/BTC,1608096306845,2020-12-16T05:25:06.845Z,buy,1.144e-05,34.0,0.00038896
NXS/BTC,1608096346818,2020-12-16T05:25:46.818Z,buy,1.146e-05,26.0,0.00029796
NXS/BTC,1608096822142,2020-12-16T05:33:42.142Z,buy,1.144e-05,19.0,0.00021736
NXS/BTC,1608096862616,2020-12-16T05:34:22.616Z,sell,1.138e-05,11.0,0.00012518
NXS/BTC,1608096862616,2020-12-16T05:34:22.616Z,sell,1.134e-05,74.0,0.00083916
NXS/BTC,1608096862616,2020-12-16T05:34:22.616Z,sell,1.138e-05,11.0,0.00012518
NXS/BTC,1608096862616,2020-12-16T05:34:22.616Z,sell,1.134e-05,74.0,0.00083916
NXS/BTC,1608099125356,2020-12-16T06:12:05.356Z,buy,1.139e-05,87.0,0.00099093
NXS/BTC,1608100085384,2020-12-16T06:28:05.384Z,sell,1.138e-05,44.0,0.00050072
NXS/BTC,1608100085384,2020-12-16T06:28:05.384Z,sell,1.138e-05,44.0,0.00050072
NXS/BTC,1608100543334,2020-12-16T06:35:43.334Z,sell,1.139e-05,799.0,0.00910061
NXS/BTC,1608101347471,2020-12-16T06:49:07.471Z,buy,1.144e-05,11.0,0.00012584
NXS/BTC,1608101387186,2020-12-16T06:49:47.186Z,buy,1.146e-05,3.0,3.438e-05
NXS/BTC,1608101387186,2020-12-16T06:49:47.186Z,buy,1.149e-05,11.0,0.00012639
NXS/BTC,1608101387186,2020-12-16T06:49:47.186Z,buy,1.152e-05,12.0,0.00013824
NXS/BTC,1608103106675,2020-12-16T07:18:26.675Z,sell,1.145e-05,293.0,0.00335485
NXS/BTC,1608103106675,2020-12-16T07:18:26.675Z,sell,1.144e-05,11.0,0.00012584
NXS/BTC,1608103106675,2020-12-16T07:18:26.675Z,sell,1.141e-05,678.0,0.0077359799999999
NXS/BTC,1608103106675,2020-12-16T07:18:26.675Z,sell,1.145e-05,293.0,0.00335485
NXS/BTC,1608103106675,2020-12-16T07:18:26.675Z,sell,1.144e-05,11.0,0.00012584
NXS/BTC,1608103106675,2020-12-16T07:18:26.675Z,sell,1.141e-05,678.0,0.0077359799999999
NXS/BTC,1608105933697,2020-12-16T08:05:33.697Z,buy,1.149e-05,11.0,0.00012639
NXS/BTC,1608105933697,2020-12-16T08:05:33.697Z,buy,1.151e-05,446.0,0.00513346
NXS/BTC,1608105933697,2020-12-16T08:05:33.697Z,buy,1.152e-05,1371.0,0.01579392
NXS/BTC,1608105968024,2020-12-16T08:06:08.024Z,sell,1.152e-05,9.0,0.00010368
NXS/BTC,1608106088030,2020-12-16T08:08:08.030Z,sell,1.152e-05,9.0,0.00010368
NXS/BTC,1608106321984,2020-12-16T08:12:01.984Z,sell,1.153e-05,763.0,0.00879739
NXS/BTC,1608106321984,2020-12-16T08:12:01.984Z,sell,1.152e-05,1077.0,0.01240704
NXS/BTC,1608106403776,2020-12-16T08:13:23.776Z,buy,1.155e-05,11.0,0.00012705
NXS/BTC,1608106420798,2020-12-16T08:13:40.798Z,buy,1.158e-05,32.0,0.00037056
NXS/BTC,1608106420798,2020-12-16T08:13:40.798Z,buy,1.16e-05,2170.0,0.025172
NXS/BTC,1608106421802,2020-12-16T08:13:41.802Z,buy,1.161e-05,59.0,0.00068499
NXS/BTC,1608106421802,2020-12-16T08:13:41.802Z,buy,1.164e-05,33.0,0.00038412
NXS/BTC,1608106421802,2020-12-16T08:13:41.802Z,buy,1.166e-05,11.0,0.00012826
NXS/BTC,1608106421802,2020-12-16T08:13:41.802Z,buy,1.167e-05,112.0,0.00130704
NXS/BTC,1608106436143,2020-12-16T08:13:56.143Z,sell,1.161e-05,11.0,0.00012771
NXS/BTC,1608106436925,2020-12-16T08:13:56.925Z,buy,1.161e-05,23.0,0.00026703
NXS/BTC,1608106436925,2020-12-16T08:13:56.925Z,buy,1.165e-05,9.0,0.00010485
NXS/BTC,1608106468071,2020-12-16T08:14:28.071Z,buy,1.165e-05,3220.0,0.037513
NXS/BTC,1608106574457,2020-12-16T08:16:14.457Z,sell,1.156e-05,428.0,0.0049476799999999
NXS/BTC,1608106585400,2020-12-16T08:16:25.400Z,sell,1.156e-05,44.0,0.00050864
NXS/BTC,1608106628511,2020-12-16T08:17:08.511Z,sell,1.155e-05,11.0,0.00012705
NXS/BTC,1608106660801,2020-12-16T08:17:40.801Z,sell,1.153e-05,23.0,0.00026519
NXS/BTC,1608106667501,2020-12-16T08:17:47.501Z,sell,1.15e-05,61.0,0.0007015
NXS/BTC,1608106667501,2020-12-16T08:17:47.501Z,sell,1.15e-05,61.0,0.0007015
NXS/BTC,1608106789790,2020-12-16T08:19:49.790Z,buy,1.153e-05,93.0,0.00107229
NXS/BTC,1608107059718,2020-12-16T08:24:19.718Z,buy,1.153e-05,173.0,0.00199469
NXS/BTC,1608107437356,2020-12-16T08:30:37.356Z,buy,1.153e-05,173.0,0.00199469
NXS/BTC,1608108653398,2020-12-16T08:50:53.398Z,buy,1.153e-05,43.0,0.00049579
NXS/BTC,1608109539145,2020-12-16T09:05:39.145Z,buy,1.153e-05,150.0,0.0017295
NXS/BTC,1608109684424,2020-12-16T09:08:04.424Z,sell,1.153e-05,155.0,0.00178715
NXS/BTC,1608110086554,2020-12-16T09:14:46.554Z,buy,1.158e-05,23.0,0.00026634
NXS/BTC,1608110108069,2020-12-16T09:15:08.069Z,sell,1.16e-05,9.0,0.0001044
NXS/BTC,1608110108069,2020-12-16T09:15:08.069Z,sell,1.16e-05,9.0,0.0001044
NXS/BTC,1608110476667,2020-12-16T09:21:16.667Z,sell,1.16e-05,118.0,0.0013688
NXS/BTC,1608110688253,2020-12-16T09:24:48.253Z,sell,1.16e-05,34.0,0.0003944
NXS/BTC,1608111414300,2020-12-16T09:36:54.300Z,buy,1.161e-05,3969.0,0.04608009
NXS/BTC,1608111414300,2020-12-16T09:36:54.300Z,buy,1.165e-05,4978.0,0.0579937
NXS/BTC,1608111596151,2020-12-16T09:39:56.151Z,buy,1.164e-05,9.0,0.00010476
NXS/BTC,1608111596151,2020-12-16T09:39:56.151Z,buy,1.165e-05,494.0,0.0057551
NXS/BTC,1608111596151,2020-12-16T09:39:56.151Z,buy,1.166e-05,11.0,0.00012826
NXS/BTC,1608111596151,2020-12-16T09:39:56.151Z,buy,1.167e-05,125.0,0.00145875
NXS/BTC,1608111596151,2020-12-16T09:39:56.151Z,buy,1.169e-05,11.0,0.00012859
NXS/BTC,1608111596151,2020-12-16T09:39:56.151Z,buy,1.17e-05,35.0,0.0004095
NXS/BTC,1608111596151,2020-12-16T09:39:56.151Z,buy,1.172e-05,11.0,0.00012892
NXS/BTC,1608111596151,2020-12-16T09:39:56.151Z,buy,1.174e-05,154.0,0.00180796
NXS/BTC,1608111596151,2020-12-16T09:39:56.151Z,buy,1.175e-05,382.0,0.0044884999999999
NXS/BTC,1608111596151,2020-12-16T09:39:56.151Z,buy,1.177e-05,5289.0,0.06225153
NXS/BTC,1608111598009,2020-12-16T09:39:58.009Z,sell,1.177e-05,98.0,0.00115346
NXS/BTC,1608111601675,2020-12-16T09:40:01.675Z,sell,1.177e-05,60.0,0.0007062
NXS/BTC,1608111601975,2020-12-16T09:40:01.975Z,sell,1.177e-05,61.0,0.00071797
NXS/BTC,1608111667987,2020-12-16T09:41:07.987Z,sell,1.177e-05,9.0,0.00010593
NXS/BTC,1608111673928,2020-12-16T09:41:13.928Z,buy,1.179e-05,217.0,0.00255843
NXS/BTC,1608111689807,2020-12-16T09:41:29.807Z,sell,1.172e-05,234.0,0.00274248
NXS/BTC,1608111689807,2020-12-16T09:41:29.807Z,sell,1.169e-05,170.0,0.0019873
NXS/BTC,1608111689807,2020-12-16T09:41:29.807Z,sell,1.166e-05,11.0,0.00012826
NXS/BTC,1608111689807,2020-12-16T09:41:29.807Z,sell,1.165e-05,363.0,0.00422895
NXS/BTC,1608111693948,2020-12-16T09:41:33.948Z,buy,1.172e-05,11.0,0.00012892
NXS/BTC,1608111693948,2020-12-16T09:41:33.948Z,buy,1.177e-05,11.0,0.00012947
NXS/BTC,1608111693948,2020-12-16T09:41:33.948Z,buy,1.178e-05,223.0,0.00262694
NXS/BTC,1608111693948,2020-12-16T09:41:33.948Z,buy,1.179e-05,535.0,0.00630765
NXS/BTC,1608111704539,2020-12-16T09:41:44.539Z,sell,1.172e-05,11.0,0.00012892
NXS/BTC,1608111704539,2020-12-16T09:41:44.539Z,sell,1.168e-05,504.0,0.00588672
NXS/BTC,1608112250170,2020-12-16T09:50:50.170Z,buy,1.177e-05,11.0,0.00012947
NXS/BTC,1608112250170,2020-12-16T09:50:50.170Z,buy,1.179e-05,504.0,0.00594216
NXS/BTC,1608112757376,2020-12-16T09:59:17.376Z,buy,1.177e-05,29.0,0.00034133
NXS/BTC,1608112757376,2020-12-16T09:59:17.376Z,buy,1.179e-05,9.0,0.00010611
NXS/BTC,1608112757376,2020-12-16T09:59:17.376Z,buy,1.18e-05,51.0,0.0006018
NXS/BTC,1608112757376,2020-12-16T09:59:17.376Z,buy,1.181e-05,551.0,0.00650731
NXS/BTC,1608112757376,2020-12-16T09:59:17.376Z,buy,1.182e-05,64.0,0.00075648
NXS/BTC,1608112757376,2020-12-16T09:59:17.376Z,buy,1.183e-05,49.0,0.00057967
NXS/BTC,1608112757376,2020-12-16T09:59:17.376Z,buy,1.185e-05,104.0,0.0012324
NXS/BTC,1608112757891,2020-12-16T09:59:17.891Z,sell,1.185e-05,18.0,0.0002133
NXS/BTC,1608112762431,2020-12-16T09:59:22.431Z,sell,1.185e-05,69.0,0.00081765
NXS/BTC,1608112765991,2020-12-16T09:59:25.991Z,sell,1.185e-05,526.0,0.0062331
NXS/BTC,1608112767167,2020-12-16T09:59:27.167Z,sell,1.185e-05,18.0,0.0002133
NXS/BTC,1608112783136,2020-12-16T09:59:43.136Z,sell,1.185e-05,326.0,0.0038631
NXS/BTC,1608112798170,2020-12-16T09:59:58.170Z,buy,1.186e-05,80.0,0.0009488
NXS/BTC,1608112798170,2020-12-16T09:59:58.170Z,buy,1.187e-05,327.0,0.00388149
NXS/BTC,1608112798170,2020-12-16T09:59:58.170Z,buy,1.188e-05,229.0,0.00272052
NXS/BTC,1608112798170,2020-12-16T09:59:58.170Z,buy,1.189e-05,422.0,0.00501758
NXS/BTC,1608112798170,2020-12-16T09:59:58.170Z,buy,1.19e-05,40.0,0.0004759999999999
NXS/BTC,1608112798170,2020-12-16T09:59:58.170Z,buy,1.193e-05,54.0,0.0006442199999999
NXS/BTC,1608112798170,2020-12-16T09:59:58.170Z,buy,1.194e-05,106.0,0.00126564
NXS/BTC,1608112798170,2020-12-16T09:59:58.170Z,buy,1.195e-05,64.0,0.0007648
NXS/BTC,1608112798170,2020-12-16T09:59:58.170Z,buy,1.197e-05,112.0,0.00134064
NXS/BTC,1608112798170,2020-12-16T09:59:58.170Z,buy,1.199e-05,528.0,0.00633072
NXS/BTC,1608112798170,2020-12-16T09:59:58.170Z,buy,1.2e-05,1341.0,0.016092
NXS/BTC,1608112799405,2020-12-16T09:59:59.405Z,sell,1.201e-05,92.0,0.00110492
NXS/BTC,1608112799455,2020-12-16T09:59:59.455Z,sell,1.201e-05,92.0,0.00110492
NXS/BTC,1608112806152,2020-12-16T10:00:06.152Z,sell,1.194e-05,11.0,0.00013134
NXS/BTC,1608112806152,2020-12-16T10:00:06.152Z,sell,1.188e-05,11.0,0.00013068
NXS/BTC,1608112806152,2020-12-16T10:00:06.152Z,sell,1.187e-05,36.0,0.00042732
NXS/BTC,1608112806152,2020-12-16T10:00:06.152Z,sell,1.186e-05,743.0,0.00881198
NXS/BTC,1608112806983,2020-12-16T10:00:06.983Z,sell,1.187e-05,1775.0,0.02106925
NXS/BTC,1608112814608,2020-12-16T10:00:14.608Z,sell,1.185e-05,366.0,0.0043371
NXS/BTC,1608112822211,2020-12-16T10:00:22.211Z,sell,1.187e-05,175.0,0.00207725
NXS/BTC,1608112825095,2020-12-16T10:00:25.095Z,sell,1.187e-05,86.0,0.00102082
NXS/BTC,1608112826943,2020-12-16T10:00:26.943Z,sell,1.187e-05,87.0,0.00103269
NXS/BTC,1608112827049,2020-12-16T10:00:27.049Z,buy,1.193e-05,1775.0,0.02117575
NXS/BTC,1608112827603,2020-12-16T10:00:27.603Z,sell,1.193e-05,87.0,0.00103791
NXS/BTC,1608112828307,2020-12-16T10:00:28.307Z,sell,1.193e-05,87.0,0.00103791
NXS/BTC,1608112829118,2020-12-16T10:00:29.118Z,sell,1.193e-05,87.0,0.00103791
NXS/BTC,1608112832960,2020-12-16T10:00:32.960Z,buy,1.194e-05,11.0,0.00013134
NXS/BTC,1608112877700,2020-12-16T10:01:17.700Z,buy,1.199e-05,11.0,0.00013189
NXS/BTC,1608112886048,2020-12-16T10:01:26.048Z,buy,1.2e-05,425.0,0.0051
NXS/BTC,1608112892127,2020-12-16T10:01:32.127Z,buy,1.203e-05,338.0,0.00406614
NXS/BTC,1608112893225,2020-12-16T10:01:33.225Z,sell,1.203e-05,19.0,0.00022857
NXS/BTC,1608112897855,2020-12-16T10:01:37.855Z,sell,1.203e-05,631.0,0.00759093
NXS/BTC,1608112916127,2020-12-16T10:01:56.127Z,buy,1.204e-05,362.0,0.00435848
NXS/BTC,1608112924061,2020-12-16T10:02:04.061Z,sell,1.204e-05,446.0,0.00536984
NXS/BTC,1608112949568,2020-12-16T10:02:29.568Z,sell,1.204e-05,1.0,1.204e-05
NXS/BTC,1608112950831,2020-12-16T10:02:30.831Z,sell,1.203e-05,104.0,0.00125112
NXS/BTC,1608112955128,2020-12-16T10:02:35.128Z,sell,1.203e-05,190.0,0.0022857
NXS/BTC,1608112959274,2020-12-16T10:02:39.274Z,sell,1.203e-05,191.0,0.00229773
NXS/BTC,1608112969566,2020-12-16T10:02:49.566Z,sell,1.203e-05,215.0,0.00258645
NXS/BTC,1608112981521,2020-12-16T10:03:01.521Z,sell,1.203e-05,331.0,0.00398193
NXS/BTC,1608112981791,2020-12-16T10:03:01.791Z,sell,1.203e-05,9.0,0.00010827
NXS/BTC,1608113107976,2020-12-16T10:05:07.976Z,sell,1.203e-05,9.0,0.00010827
NXS/BTC,1608113128426,2020-12-16T10:05:28.426Z,sell,1.203e-05,123.0,0.00147969
NXS/BTC,1608113128426,2020-12-16T10:05:28.426Z,sell,1.202e-05,302.0,0.00363004
NXS/BTC,1608113132643,2020-12-16T10:05:32.643Z,buy,1.204e-05,50.0,0.000602
NXS/BTC,1608113169222,2020-12-16T10:06:09.222Z,buy,1.205e-05,55.0,0.00066275
NXS/BTC,1608113180730,2020-12-16T10:06:20.730Z,buy,1.206e-05,268.0,0.00323208
NXS/BTC,1608113228009,2020-12-16T10:07:08.009Z,sell,1.206e-05,9.0,0.00010854
NXS/BTC,1608113320536,2020-12-16T10:08:40.536Z,sell,1.206e-05,160.0,0.0019296
NXS/BTC,1608113528008,2020-12-16T10:12:08.008Z,sell,1.206e-05,467.0,0.00563202
NXS/BTC,1608113528008,2020-12-16T10:12:08.008Z,sell,1.206e-05,467.0,0.00563202
NXS/BTC,1608113843269,2020-12-16T10:17:23.269Z,sell,1.206e-05,3022.0,0.0364453199999999
NXS/BTC,1608113843269,2020-12-16T10:17:23.269Z,sell,1.205e-05,1921.0,0.02314805
NXS/BTC,1608113843269,2020-12-16T10:17:23.269Z,sell,1.2e-05,5507.0,0.066084
NXS/BTC,1608113843269,2020-12-16T10:17:23.269Z,sell,1.199e-05,11.0,0.00013189
NXS/BTC,1608113843269,2020-12-16T10:17:23.269Z,sell,1.194e-05,11.0,0.00013134
NXS/BTC,1608113843652,2020-12-16T10:17:23.652Z,buy,1.194e-05,411.0,0.00490734
NXS/BTC,1608113846198,2020-12-16T10:17:26.198Z,sell,1.188e-05,11.0,0.00013068
NXS/BTC,1608113846198,2020-12-16T10:17:26.198Z,sell,1.186e-05,429.0,0.00508794
NXS/BTC,1608113848125,2020-12-16T10:17:28.125Z,sell,1.186e-05,300.0,0.003558
NXS/BTC,1608113848795,2020-12-16T10:17:28.795Z,buy,1.194e-05,260.0,0.0031043999999999
NXS/BTC,1608113919165,2020-12-16T10:18:39.165Z,buy,1.194e-05,1449.0,0.01730106
NXS/BTC,1608113927027,2020-12-16T10:18:47.027Z,sell,1.194e-05,15301.0,0.18269394
NXS/BTC,1608113942388,2020-12-16T10:19:02.388Z,sell,1.194e-05,6249.0,0.07461306
NXS/BTC,1608114110964,2020-12-16T10:21:50.964Z,buy,1.199e-05,11.0,0.00013189
NXS/BTC,1608114113620,2020-12-16T10:21:53.620Z,sell,1.199e-05,491.0,0.00588709
NXS/BTC,1608114123829,2020-12-16T10:22:03.829Z,sell,1.199e-05,54.0,0.00064746
NXS/BTC,1608114130168,2020-12-16T10:22:10.168Z,sell,1.199e-05,128.0,0.00153472
NXS/BTC,1608114300536,2020-12-16T10:25:00.536Z,sell,1.199e-05,441.0,0.00528759
NXS/BTC,1608114383899,2020-12-16T10:26:23.899Z,sell,1.199e-05,831.0,0.00996369
NXS/BTC,1608114393156,2020-12-16T10:26:33.156Z,sell,1.199e-05,409.0,0.00490391
NXS/BTC,1608114393581,2020-12-16T10:26:33.581Z,sell,1.199e-05,649.0,0.00778151
NXS/BTC,1608114396060,2020-12-16T10:26:36.060Z,sell,1.199e-05,102.0,0.00122298
NXS/BTC,1608114405186,2020-12-16T10:26:45.186Z,sell,1.199e-05,656.0,0.00786544
NXS/BTC,1608114417221,2020-12-16T10:26:57.221Z,sell,1.199e-05,877.0,0.01051523
NXS/BTC,1608114434182,2020-12-16T10:27:14.182Z,sell,1.199e-05,786.0,0.00942414
NXS/BTC,1608114436375,2020-12-16T10:27:16.375Z,sell,1.199e-05,277.0,0.00332123
NXS/BTC,1608114436584,2020-12-16T10:27:16.584Z,sell,1.199e-05,173.0,0.00207427
NXS/BTC,1608114437783,2020-12-16T10:27:17.783Z,sell,1.199e-05,37.0,0.00044363
NXS/BTC,1608114438358,2020-12-16T10:27:18.358Z,sell,1.199e-05,173.0,0.00207427
NXS/BTC,1608114439635,2020-12-16T10:27:19.635Z,sell,1.199e-05,27.0,0.00032373
NXS/BTC,1608114440145,2020-12-16T10:27:20.145Z,sell,1.199e-05,15.0,0.00017985
NXS/BTC,1608114483184,2020-12-16T10:28:03.184Z,sell,1.194e-05,11.0,0.00013134
NXS/BTC,1608114483184,2020-12-16T10:28:03.184Z,sell,1.188e-05,11.0,0.00013068
NXS/BTC,1608114488189,2020-12-16T10:28:08.189Z,buy,1.194e-05,11.0,0.00013134
NXS/BTC,1608114506811,2020-12-16T10:28:26.811Z,sell,1.194e-05,159.0,0.0018984599999999
NXS/BTC,1608114558573,2020-12-16T10:29:18.573Z,buy,1.194e-05,14.0,0.00016716
NXS/BTC,1608114558976,2020-12-16T10:29:18.976Z,buy,1.194e-05,17.0,0.0002029799999999
NXS/BTC,1608114568860,2020-12-16T10:29:28.860Z,buy,1.194e-05,70.0,0.0008357999999999
NXS/BTC,1608114641304,2020-12-16T10:30:41.304Z,buy,1.199e-05,44.0,0.00052756
NXS/BTC,1608114642226,2020-12-16T10:30:42.226Z,buy,1.199e-05,248.0,0.00297352
NXS/BTC,1608114656440,2020-12-16T10:30:56.440Z,buy,1.202e-05,411.0,0.00494022
NXS/BTC,1608114675516,2020-12-16T10:31:15.516Z,sell,1.202e-05,80.0,0.0009616
NXS/BTC,1608114676548,2020-12-16T10:31:16.548Z,buy,1.202e-05,321.0,0.00385842
NXS/BTC,1608114676548,2020-12-16T10:31:16.548Z,buy,1.203e-05,30.0,0.0003609
NXS/BTC,1608114677263,2020-12-16T10:31:17.263Z,sell,1.203e-05,269.0,0.00323607
NXS/BTC,1608114681001,2020-12-16T10:31:21.001Z,sell,1.203e-05,71.0,0.00085413
NXS/BTC,1608114682426,2020-12-16T10:31:22.426Z,sell,1.203e-05,37.0,0.00044511
NXS/BTC,1608114683347,2020-12-16T10:31:23.347Z,sell,1.203e-05,28.0,0.00033684
NXS/BTC,1608114684166,2020-12-16T10:31:24.166Z,sell,1.203e-05,87.0,0.00104661
NXS/BTC,1608114685380,2020-12-16T10:31:25.380Z,sell,1.203e-05,37.0,0.00044511
NXS/BTC,1608114685554,2020-12-16T10:31:25.554Z,sell,1.203e-05,295.0,0.00354885
NXS/BTC,1608114687408,2020-12-16T10:31:27.408Z,buy,1.205e-05,11.0,0.00013255
NXS/BTC,1608114687408,2020-12-16T10:31:27.408Z,buy,1.207e-05,56.0,0.00067592
NXS/BTC,1608114687408,2020-12-16T10:31:27.408Z,buy,1.208e-05,537.0,0.00648696
NXS/BTC,1608114688423,2020-12-16T10:31:28.423Z,sell,1.203e-05,226.0,0.00271878
NXS/BTC,1608114694165,2020-12-16T10:31:34.165Z,sell,1.203e-05,630.0,0.0075789
NXS/BTC,1608114694495,2020-12-16T10:31:34.495Z,buy,1.202e-05,310.0,0.0037262
NXS/BTC,1608114698846,2020-12-16T10:31:38.846Z,buy,1.202e-05,40.0,0.0004808
NXS/BTC,1608114726975,2020-12-16T10:32:06.975Z,sell,1.199e-05,112.0,0.00134288
NXS/BTC,1608114733987,2020-12-16T10:32:13.987Z,buy,1.199e-05,19.0,0.00022781
NXS/BTC,1608114802236,2020-12-16T10:33:22.236Z,buy,1.199e-05,109.0,0.00130691
NXS/BTC,1608114814287,2020-12-16T10:33:34.287Z,sell,1.194e-05,52.0,0.00062088
NXS/BTC,1608114823450,2020-12-16T10:33:43.450Z,buy,1.194e-05,222.0,0.00265068
NXS/BTC,1608114841919,2020-12-16T10:34:01.919Z,sell,1.19e-05,135.0,0.0016064999999999
NXS/BTC,1608114843187,2020-12-16T10:34:03.187Z,sell,1.19e-05,19.0,0.0002261
NXS/BTC,1608114854423,2020-12-16T10:34:14.423Z,sell,1.19e-05,13.0,0.0001547
NXS/BTC,1608114855602,2020-12-16T10:34:15.602Z,buy,1.19e-05,116.0,0.0013804
NXS/BTC,1608114855602,2020-12-16T10:34:15.602Z,buy,1.193e-05,1781.0,0.02124733
NXS/BTC,1608114855602,2020-12-16T10:34:15.602Z,buy,1.194e-05,535.0,0.0063878999999999
NXS/BTC,1608114855602,2020-12-16T10:34:15.602Z,buy,1.198e-05,130.0,0.0015574
NXS/BTC,1608114855602,2020-12-16T10:34:15.602Z,buy,1.199e-05,216.0,0.00258984
NXS/BTC,1608114855602,2020-12-16T10:34:15.602Z,buy,1.2e-05,5000.0,0.06
NXS/BTC,1608114870223,2020-12-16T10:34:30.223Z,buy,1.202e-05,578.0,0.00694756
NXS/BTC,1608114880352,2020-12-16T10:34:40.352Z,buy,1.202e-05,4272.0,0.05134944
NXS/BTC,1608114931526,2020-12-16T10:35:31.526Z,buy,1.204e-05,54.0,0.00065016
NXS/BTC,1608114939449,2020-12-16T10:35:39.449Z,buy,1.204e-05,318.0,0.00382872
NXS/BTC,1608114939449,2020-12-16T10:35:39.449Z,buy,1.205e-05,11.0,0.00013255
NXS/BTC,1608114939449,2020-12-16T10:35:39.449Z,buy,1.21e-05,376.0,0.0045496
NXS/BTC,1608114963828,2020-12-16T10:36:03.828Z,buy,1.21e-05,742.0,0.0089781999999999
NXS/BTC,1608114966089,2020-12-16T10:36:06.089Z,sell,1.21e-05,1917.0,0.0231957
NXS/BTC,1608114983841,2020-12-16T10:36:23.841Z,buy,1.211e-05,56.0,0.0006781599999999
NXS/BTC,1608114983841,2020-12-16T10:36:23.841Z,buy,1.212e-05,10.0,0.0001211999999999
NXS/BTC,1608114983841,2020-12-16T10:36:23.841Z,buy,1.213e-05,44.0,0.00053372
NXS/BTC,1608114983841,2020-12-16T10:36:23.841Z,buy,1.214e-05,323.0,0.00392122
NXS/BTC,1608114983841,2020-12-16T10:36:23.841Z,buy,1.215e-05,447.0,0.00543105
NXS/BTC,1608114983841,2020-12-16T10:36:23.841Z,buy,1.216e-05,11.0,0.00013376
NXS/BTC,1608114985607,2020-12-16T10:36:25.607Z,sell,1.216e-05,306.0,0.00372096
NXS/BTC,1608114986635,2020-12-16T10:36:26.635Z,sell,1.216e-05,165.0,0.0020064
NXS/BTC,1608114996996,2020-12-16T10:36:36.996Z,sell,1.211e-05,11.0,0.0001332099999999
NXS/BTC,1608114996996,2020-12-16T10:36:36.996Z,sell,1.21e-05,425.0,0.0051424999999999
NXS/BTC,1608114996996,2020-12-16T10:36:36.996Z,sell,1.205e-05,11.0,0.00013255
NXS/BTC,1608114996996,2020-12-16T10:36:36.996Z,sell,1.204e-05,325.0,0.003913
NXS/BTC,1608114997729,2020-12-16T10:36:37.729Z,buy,1.217e-05,2471.0,0.03007207
NXS/BTC,1608115004697,2020-12-16T10:36:44.697Z,sell,1.204e-05,318.0,0.00382872
NXS/BTC,1608115008238,2020-12-16T10:36:48.238Z,buy,1.211e-05,11.0,0.0001332099999999
NXS/BTC,1608115008238,2020-12-16T10:36:48.238Z,buy,1.216e-05,11.0,0.00013376
NXS/BTC,1608115008238,2020-12-16T10:36:48.238Z,buy,1.217e-05,2501.0,0.03043717
NXS/BTC,1608115009283,2020-12-16T10:36:49.283Z,sell,1.217e-05,887.0,0.01079479
NXS/BTC,1608115009419,2020-12-16T10:36:49.419Z,buy,1.218e-05,219.0,0.00266742
NXS/BTC,1608115015872,2020-12-16T10:36:55.872Z,sell,1.217e-05,2199.0,0.02676183
NXS/BTC,1608115018308,2020-12-16T10:36:58.308Z,buy,1.216e-05,219.0,0.00266304
NXS/BTC,1608115018308,2020-12-16T10:36:58.308Z,buy,1.217e-05,303.0,0.00368751
NXS/BTC,1608115019940,2020-12-16T10:36:59.940Z,buy,1.216e-05,277.0,0.00336832
NXS/BTC,1608115038282,2020-12-16T10:37:18.282Z,sell,1.211e-05,262.0,0.00317282
NXS/BTC,1608115039943,2020-12-16T10:37:19.943Z,buy,1.216e-05,78.0,0.00094848
NXS/BTC,1608115041021,2020-12-16T10:37:21.021Z,sell,1.216e-05,11.0,0.00013376
NXS/BTC,1608115041763,2020-12-16T10:37:21.763Z,sell,1.216e-05,250.0,0.00304
NXS/BTC,1608115053540,2020-12-16T10:37:33.540Z,buy,1.217e-05,172.0,0.00209324
NXS/BTC,1608115059731,2020-12-16T10:37:39.731Z,buy,1.217e-05,392.0,0.00477064
NXS/BTC,1608115073851,2020-12-16T10:37:53.851Z,sell,1.216e-05,280.0,0.0034048
NXS/BTC,1608115077218,2020-12-16T10:37:57.218Z,sell,1.216e-05,88.0,0.00107008
NXS/BTC,1608115082209,2020-12-16T10:38:02.209Z,buy,1.217e-05,6842.0,0.08326714
NXS/BTC,1608115086081,2020-12-16T10:38:06.081Z,sell,1.216e-05,1099.0,0.01336384
NXS/BTC,1608115113286,2020-12-16T10:38:33.286Z,buy,1.217e-05,414.0,0.00503838
NXS/BTC,1608115127674,2020-12-16T10:38:47.674Z,buy,1.217e-05,906.0,0.01102602
NXS/BTC,1608115128431,2020-12-16T10:38:48.431Z,buy,1.218e-05,8.0,9.744e-05
NXS/BTC,1608115156777,2020-12-16T10:39:16.777Z,sell,1.218e-05,564.0,0.00686952
NXS/BTC,1608115156777,2020-12-16T10:39:16.777Z,sell,1.217e-05,10665.0,0.12979305
NXS/BTC,1608115158351,2020-12-16T10:39:18.351Z,buy,1.219e-05,219.0,0.00266961
NXS/BTC,1608115175348,2020-12-16T10:39:35.348Z,buy,1.22e-05,105.0,0.001281
NXS/BTC,1608115175622,2020-12-16T10:39:35.622Z,sell,1.22e-05,210.0,0.002562
NXS/BTC,1608115175622,2020-12-16T10:39:35.622Z,sell,1.219e-05,622.0,0.00758218
NXS/BTC,1608115252371,2020-12-16T10:40:52.371Z,sell,1.219e-05,16.0,0.00019504
NXS/BTC,1608115327978,2020-12-16T10:42:07.978Z,sell,1.219e-05,9.0,0.00010971
NXS/BTC,1608115374174,2020-12-16T10:42:54.174Z,sell,1.219e-05,100.0,0.001219
NXS/BTC,1608115382171,2020-12-16T10:43:02.171Z,sell,1.219e-05,3375.0,0.04114125
NXS/BTC,1608115384795,2020-12-16T10:43:04.795Z,buy,1.218e-05,18.0,0.00021924
NXS/BTC,1608115393311,2020-12-16T10:43:13.311Z,sell,1.217e-05,499.0,0.00607283
NXS/BTC,1608115397361,2020-12-16T10:43:17.361Z,buy,1.218e-05,199.0,0.00242382
NXS/BTC,1608115397361,2020-12-16T10:43:17.361Z,buy,1.219e-05,292.0,0.00355948
NXS/BTC,1608115399753,2020-12-16T10:43:19.753Z,sell,1.217e-05,8738.0,0.10634146
NXS/BTC,1608115400206,2020-12-16T10:43:20.206Z,sell,1.217e-05,176.0,0.00214192
NXS/BTC,1608115400440,2020-12-16T10:43:20.440Z,buy,1.219e-05,488.0,0.00594872
NXS/BTC,1608115401323,2020-12-16T10:43:21.323Z,sell,1.217e-05,251.0,0.00305467
NXS/BTC,1608115409698,2020-12-16T10:43:29.698Z,sell,1.217e-05,100.0,0.001217
NXS/BTC,1608115480496,2020-12-16T10:44:40.496Z,buy,1.219e-05,132.0,0.00160908
NXS/BTC,1608115508721,2020-12-16T10:45:08.721Z,buy,1.219e-05,722.0,0.00880118
NXS/BTC,1608115575695,2020-12-16T10:46:15.695Z,sell,1.219e-05,48.0,0.00058512
NXS/BTC,1608115575695,2020-12-16T10:46:15.695Z,sell,1.218e-05,622.0,0.00757596
NXS/BTC,1608115575695,2020-12-16T10:46:15.695Z,sell,1.217e-05,550.0,0.0066935
NXS/BTC,1608115603112,2020-12-16T10:46:43.112Z,sell,1.218e-05,257.0,0.00313026
NXS/BTC,1608115603112,2020-12-16T10:46:43.112Z,sell,1.217e-05,2162.0,0.02631154
NXS/BTC,1608115729131,2020-12-16T10:48:49.131Z,buy,1.221e-05,39.0,0.00047619
NXS/BTC,1608115836338,2020-12-16T10:50:36.338Z,buy,1.221e-05,10.0,0.0001220999999999
NXS/BTC,1608115853051,2020-12-16T10:50:53.051Z,buy,1.221e-05,10.0,0.0001220999999999
NXS/BTC,1608115853051,2020-12-16T10:50:53.051Z,buy,1.222e-05,6.0,7.332e-05
NXS/BTC,1608115854918,2020-12-16T10:50:54.918Z,buy,1.222e-05,17.0,0.0002077399999999
NXS/BTC,1608115854918,2020-12-16T10:50:54.918Z,buy,1.224e-05,16.0,0.00019584
NXS/BTC,1608115887779,2020-12-16T10:51:27.779Z,buy,1.224e-05,78.0,0.0009547199999999
NXS/BTC,1608115889260,2020-12-16T10:51:29.260Z,sell,1.224e-05,19.0,0.0002325599999999
NXS/BTC,1608115916705,2020-12-16T10:51:56.705Z,buy,1.226e-05,32.0,0.00039232
NXS/BTC,1608115983392,2020-12-16T10:53:03.392Z,buy,1.226e-05,10.0,0.0001226
NXS/BTC,1608115999348,2020-12-16T10:53:19.348Z,buy,1.226e-05,16.0,0.00019616
NXS/BTC,1608115999348,2020-12-16T10:53:19.348Z,buy,1.227e-05,11.0,0.00013497
NXS/BTC,1608115999348,2020-12-16T10:53:19.348Z,buy,1.228e-05,60.0,0.0007367999999999
NXS/BTC,1608115999348,2020-12-16T10:53:19.348Z,buy,1.23e-05,5.0,6.15e-05
NXS/BTC,1608116012393,2020-12-16T10:53:32.393Z,buy,1.225e-05,137.0,0.00167825
NXS/BTC,1608116016796,2020-12-16T10:53:36.796Z,sell,1.222e-05,11.0,0.00013442
NXS/BTC,1608116021399,2020-12-16T10:53:41.399Z,buy,1.222e-05,63.0,0.00076986
NXS/BTC,1608116022678,2020-12-16T10:53:42.678Z,buy,1.225e-05,406.0,0.0049735
NXS/BTC,1608116086031,2020-12-16T10:54:46.031Z,buy,1.225e-05,1637.0,0.0200532499999999
NXS/BTC,1608116121398,2020-12-16T10:55:21.398Z,sell,1.225e-05,81.0,0.00099225
NXS/BTC,1608116121398,2020-12-16T10:55:21.398Z,sell,1.222e-05,1372.0,0.01676584
NXS/BTC,1608116121398,2020-12-16T10:55:21.398Z,sell,1.221e-05,1545.0,0.01886445
NXS/BTC,1608116244995,2020-12-16T10:57:24.995Z,sell,1.222e-05,126.0,0.00153972
NXS/BTC,1608116270464,2020-12-16T10:57:50.464Z,buy,1.222e-05,300.0,0.003666
NXS/BTC,1608116295797,2020-12-16T10:58:15.797Z,sell,1.222e-05,678.0,0.00828516
NXS/BTC,1608116303383,2020-12-16T10:58:23.383Z,sell,1.222e-05,132.0,0.00161304
NXS/BTC,1608116307427,2020-12-16T10:58:27.427Z,sell,1.222e-05,201.0,0.00245622
NXS/BTC,1608116308728,2020-12-16T10:58:28.728Z,sell,1.222e-05,5.0,6.11e-05
NXS/BTC,1608116356146,2020-12-16T10:59:16.146Z,sell,1.221e-05,201.0,0.00245421
NXS/BTC,1608116398924,2020-12-16T10:59:58.924Z,sell,1.221e-05,900.0,0.010989
NXS/BTC,1608116398924,2020-12-16T10:59:58.924Z,sell,1.22e-05,99.0,0.0012078
NXS/BTC,1608116398924,2020-12-16T10:59:58.924Z,sell,1.218e-05,636.0,0.00774648
NXS/BTC,1608116424508,2020-12-16T11:00:24.508Z,sell,1.219e-05,9.0,0.00010971
NXS/BTC,1608116424508,2020-12-16T11:00:24.508Z,sell,1.218e-05,568.0,0.00691824
NXS/BTC,1608116432673,2020-12-16T11:00:32.673Z,sell,1.218e-05,380.0,0.0046284
NXS/BTC,1608116532367,2020-12-16T11:02:12.367Z,buy,1.22e-05,89.0,0.0010858
NXS/BTC,1608116563999,2020-12-16T11:02:43.999Z,sell,1.218e-05,866.0,0.01054788
NXS/BTC,1608116666394,2020-12-16T11:04:26.394Z,buy,1.22e-05,117.0,0.0014274
NXS/BTC,1608116685053,2020-12-16T11:04:45.053Z,buy,1.22e-05,29.0,0.0003538
NXS/BTC,1608116712498,2020-12-16T11:05:12.498Z,buy,1.22e-05,31.0,0.0003782
NXS/BTC,1608116746601,2020-12-16T11:05:46.601Z,buy,1.22e-05,65.0,0.000793
NXS/BTC,1608116770691,2020-12-16T11:06:10.691Z,sell,1.218e-05,482.0,0.00587076
NXS/BTC,1608116785908,2020-12-16T11:06:25.908Z,buy,1.22e-05,57.0,0.0006954
NXS/BTC,1608116799443,2020-12-16T11:06:39.443Z,buy,1.22e-05,37.0,0.0004514
NXS/BTC,1608116848739,2020-12-16T11:07:28.739Z,buy,1.221e-05,656.0,0.00800976
NXS/BTC,1608116900914,2020-12-16T11:08:20.914Z,buy,1.227e-05,51.0,0.00062577
NXS/BTC,1608116917559,2020-12-16T11:08:37.559Z,buy,1.227e-05,85.0,0.00104295
NXS/BTC,1608116917639,2020-12-16T11:08:37.639Z,buy,1.227e-05,50.0,0.0006135
NXS/BTC,1608116921593,2020-12-16T11:08:41.593Z,buy,1.227e-05,24.0,0.0002944799999999
NXS/BTC,1608117006694,2020-12-16T11:10:06.694Z,buy,1.226e-05,255.0,0.0031263
NXS/BTC,1608117006694,2020-12-16T11:10:06.694Z,buy,1.227e-05,5.0,6.135e-05
NXS/BTC,1608117012481,2020-12-16T11:10:12.481Z,sell,1.222e-05,11.0,0.00013442
NXS/BTC,1608117014999,2020-12-16T11:10:14.999Z,buy,1.222e-05,51.0,0.00062322
NXS/BTC,1608117028846,2020-12-16T11:10:28.846Z,buy,1.222e-05,16.0,0.00019552
NXS/BTC,1608117073797,2020-12-16T11:11:13.797Z,buy,1.222e-05,23.0,0.00028106
NXS/BTC,1608117099048,2020-12-16T11:11:39.048Z,buy,1.222e-05,45.0,0.0005499
NXS/BTC,1608117108660,2020-12-16T11:11:48.660Z,buy,1.222e-05,9.0,0.00010998
NXS/BTC,1608117108660,2020-12-16T11:11:48.660Z,buy,1.222e-05,9.0,0.00010998
NXS/BTC,1608117243040,2020-12-16T11:14:03.040Z,buy,1.222e-05,214.0,0.00261508
NXS/BTC,1608117287619,2020-12-16T11:14:47.619Z,sell,1.219e-05,49.0,0.00059731
NXS/BTC,1608117320775,2020-12-16T11:15:20.775Z,sell,1.219e-05,433.0,0.00527827
NXS/BTC,1608117345135,2020-12-16T11:15:45.135Z,buy,1.222e-05,50.0,0.000611
NXS/BTC,1608117357660,2020-12-16T11:15:57.660Z,buy,1.222e-05,86.0,0.00105092
NXS/BTC,1608117420433,2020-12-16T11:17:00.433Z,buy,1.222e-05,81.0,0.00098982
NXS/BTC,1608117519359,2020-12-16T11:18:39.359Z,buy,1.222e-05,40.0,0.0004888
NXS/BTC,1608117568977,2020-12-16T11:19:28.977Z,sell,1.219e-05,51.0,0.00062169
NXS/BTC,1608117685494,2020-12-16T11:21:25.494Z,sell,1.219e-05,434.0,0.00529046
NXS/BTC,1608117699755,2020-12-16T11:21:39.755Z,sell,1.219e-05,59.0,0.00071921
NXS/BTC,1608117701882,2020-12-16T11:21:41.882Z,sell,1.219e-05,18.0,0.00021942
NXS/BTC,1608117744864,2020-12-16T11:22:24.864Z,buy,1.222e-05,15.0,0.0001833
NXS/BTC,1608117882992,2020-12-16T11:24:42.992Z,buy,1.222e-05,345.0,0.0042159
NXS/BTC,1608117964430,2020-12-16T11:26:04.430Z,buy,1.222e-05,324.0,0.00395928
NXS/BTC,1608117986042,2020-12-16T11:26:26.042Z,buy,1.227e-05,11.0,0.00013497
NXS/BTC,1608117986042,2020-12-16T11:26:26.042Z,buy,1.23e-05,29.0,0.0003567
NXS/BTC,1608117986275,2020-12-16T11:26:26.275Z,sell,1.227e-05,458.0,0.0056196599999999
NXS/BTC,1608117997852,2020-12-16T11:26:37.852Z,sell,1.227e-05,173.0,0.00212271
NXS/BTC,1608118040892,2020-12-16T11:27:20.892Z,sell,1.222e-05,257.0,0.00314054
NXS/BTC,1608118104699,2020-12-16T11:28:24.699Z,buy,1.226e-05,23.0,0.00028198
NXS/BTC,1608118194859,2020-12-16T11:29:54.859Z,sell,1.222e-05,191.0,0.00233402
NXS/BTC,1608118377754,2020-12-16T11:32:57.754Z,buy,1.226e-05,212.0,0.00259912
NXS/BTC,1608118424567,2020-12-16T11:33:44.567Z,buy,1.226e-05,105.0,0.0012873
NXS/BTC,1608118424567,2020-12-16T11:33:44.567Z,buy,1.23e-05,99.0,0.0012177
NXS/BTC,1608118470459,2020-12-16T11:34:30.459Z,sell,1.226e-05,464.0,0.00568864
NXS/BTC,1608118503894,2020-12-16T11:35:03.894Z,buy,1.23e-05,80.0,0.000984
NXS/BTC,1608118694198,2020-12-16T11:38:14.198Z,buy,1.23e-05,102.0,0.0012546
NXS/BTC,1608118765410,2020-12-16T11:39:25.410Z,buy,1.23e-05,80.0,0.000984
NXS/BTC,1608118771235,2020-12-16T11:39:31.235Z,sell,1.23e-05,120.0,0.001476
NXS/BTC,1608118771235,2020-12-16T11:39:31.235Z,sell,1.226e-05,30.0,0.0003678
NXS/BTC,1608118771235,2020-12-16T11:39:31.235Z,sell,1.222e-05,50.0,0.000611
NXS/BTC,1608118773367,2020-12-16T11:39:33.367Z,sell,1.222e-05,261.0,0.00318942
NXS/BTC,1608118773367,2020-12-16T11:39:33.367Z,sell,1.22e-05,330.0,0.004026
NXS/BTC,1608118773367,2020-12-16T11:39:33.367Z,sell,1.218e-05,274.0,0.00333732
NXS/BTC,1608118773378,2020-12-16T11:39:33.378Z,sell,1.218e-05,17.0,0.00020706
NXS/BTC,1608118773495,2020-12-16T11:39:33.495Z,sell,1.218e-05,576.0,0.00701568
NXS/BTC,1608119063903,2020-12-16T11:44:23.903Z,sell,1.218e-05,15.0,0.0001827
NXS/BTC,1608119063903,2020-12-16T11:44:23.903Z,sell,1.216e-05,11.0,0.00013376
NXS/BTC,1608119063903,2020-12-16T11:44:23.903Z,sell,1.211e-05,11.0,0.0001332099999999
NXS/BTC,1608119063903,2020-12-16T11:44:23.903Z,sell,1.208e-05,82.0,0.00099056
NXS/BTC,1608119063903,2020-12-16T11:44:23.903Z,sell,1.206e-05,381.0,0.00459486
NXS/BTC,1608119077670,2020-12-16T11:44:37.670Z,buy,1.21e-05,165.0,0.0019965
NXS/BTC,1608119078054,2020-12-16T11:44:38.054Z,sell,1.206e-05,177.0,0.00213462
NXS/BTC,1608119079247,2020-12-16T11:44:39.247Z,buy,1.21e-05,165.0,0.0019965
NXS/BTC,1608119080150,2020-12-16T11:44:40.150Z,buy,1.21e-05,38.0,0.0004597999999999
NXS/BTC,1608119096022,2020-12-16T11:44:56.022Z,buy,1.216e-05,11.0,0.00013376
NXS/BTC,1608119096416,2020-12-16T11:44:56.416Z,buy,1.218e-05,21.0,0.00025578
NXS/BTC,1608119132178,2020-12-16T11:45:32.178Z,buy,1.222e-05,11.0,0.00013442
NXS/BTC,1608119132178,2020-12-16T11:45:32.178Z,buy,1.227e-05,11.0,0.00013497
NXS/BTC,1608119132178,2020-12-16T11:45:32.178Z,buy,1.233e-05,2.0,2.466e-05
NXS/BTC,1608119162313,2020-12-16T11:46:02.313Z,buy,1.233e-05,42.0,0.00051786
NXS/BTC,1608119211088,2020-12-16T11:46:51.088Z,buy,1.233e-05,42.0,0.00051786
NXS/BTC,1608119236998,2020-12-16T11:47:16.998Z,buy,1.233e-05,12.0,0.00014796
NXS/BTC,1608119237952,2020-12-16T11:47:17.952Z,sell,1.233e-05,165.0,0.00203445
NXS/BTC,1608119238504,2020-12-16T11:47:18.504Z,sell,1.233e-05,165.0,0.00203445
NXS/BTC,1608119239045,2020-12-16T11:47:19.045Z,sell,1.233e-05,38.0,0.00046854
NXS/BTC,1608119243400,2020-12-16T11:47:23.400Z,sell,1.233e-05,147.0,0.00181251
NXS/BTC,1608119278994,2020-12-16T11:47:58.994Z,sell,1.227e-05,11.0,0.00013497
NXS/BTC,1608119315685,2020-12-16T11:48:35.685Z,buy,1.227e-05,106.0,0.00130062
NXS/BTC,1608119315685,2020-12-16T11:48:35.685Z,buy,1.233e-05,124.0,0.00152892
NXS/BTC,1608119339087,2020-12-16T11:48:59.087Z,buy,1.233e-05,6.0,7.398e-05
NXS/BTC,1608119345173,2020-12-16T11:49:05.173Z,sell,1.233e-05,35.0,0.00043155
NXS/BTC,1608119346049,2020-12-16T11:49:06.049Z,sell,1.233e-05,21.0,0.00025893
NXS/BTC,1608119348592,2020-12-16T11:49:08.592Z,sell,1.233e-05,55.0,0.00067815
NXS/BTC,1608119360094,2020-12-16T11:49:20.094Z,buy,1.232e-05,355.0,0.0043736
NXS/BTC,1608119360094,2020-12-16T11:49:20.094Z,buy,1.233e-05,1919.0,0.02366127
NXS/BTC,1608119368556,2020-12-16T11:49:28.556Z,sell,1.233e-05,393.0,0.00484569
NXS/BTC,1608119369016,2020-12-16T11:49:29.016Z,sell,1.233e-05,488.0,0.00601704
NXS/BTC,1608119375527,2020-12-16T11:49:35.527Z,sell,1.233e-05,126.0,0.00155358
NXS/BTC,1608119379557,2020-12-16T11:49:39.557Z,sell,1.233e-05,214.0,0.00263862
NXS/BTC,1608119381855,2020-12-16T11:49:41.855Z,sell,1.233e-05,625.0,0.00770625
NXS/BTC,1608119400569,2020-12-16T11:50:00.569Z,sell,1.227e-05,11.0,0.00013497
NXS/BTC,1608119400569,2020-12-16T11:50:00.569Z,sell,1.222e-05,11.0,0.00013442
NXS/BTC,1608119400569,2020-12-16T11:50:00.569Z,sell,1.218e-05,166.0,0.00202188
NXS/BTC,1608119400569,2020-12-16T11:50:00.569Z,sell,1.216e-05,580.0,0.0070528
NXS/BTC,1608119400569,2020-12-16T11:50:00.569Z,sell,1.214e-05,664.0,0.00806096
NXS/BTC,1608119550498,2020-12-16T11:52:30.498Z,sell,1.216e-05,2149.0,0.02613184
NXS/BTC,1608119550498,2020-12-16T11:52:30.498Z,sell,1.215e-05,1500.0,0.018225
NXS/BTC,1608119603805,2020-12-16T11:53:23.805Z,buy,1.214e-05,130.0,0.0015782
NXS/BTC,1608119672998,2020-12-16T11:54:32.998Z,buy,1.214e-05,298.0,0.00361772
NXS/BTC,1608119688723,2020-12-16T11:54:48.723Z,buy,1.214e-05,50.0,0.000607
NXS/BTC,1608119819123,2020-12-16T11:56:59.123Z,buy,1.214e-05,652.0,0.00791528
NXS/BTC,1608119867988,2020-12-16T11:57:47.988Z,sell,1.214e-05,1613.0,0.01958182
NXS/BTC,1608119892461,2020-12-16T11:58:12.461Z,sell,1.212e-05,121.0,0.0014665199999999
NXS/BTC,1608119892461,2020-12-16T11:58:12.461Z,sell,1.211e-05,191.0,0.00231301
NXS/BTC,1608119892461,2020-12-16T11:58:12.461Z,sell,1.21e-05,281.0,0.0034000999999999
NXS/BTC,1608119892461,2020-12-16T11:58:12.461Z,sell,1.209e-05,83.0,0.00100347
NXS/BTC,1608119892461,2020-12-16T11:58:12.461Z,sell,1.205e-05,11.0,0.00013255
NXS/BTC,1608119892461,2020-12-16T11:58:12.461Z,sell,1.202e-05,518.0,0.00622636
NXS/BTC,1608119892461,2020-12-16T11:58:12.461Z,sell,1.201e-05,115.0,0.00138115
NXS/BTC,1608119892461,2020-12-16T11:58:12.461Z,sell,1.201e-05,92.0,0.00110492
NXS/BTC,1608119893354,2020-12-16T11:58:13.354Z,buy,1.202e-05,10666.0,0.12820532
NXS/BTC,1608119895569,2020-12-16T11:58:15.569Z,sell,1.201e-05,166.0,0.00199366
NXS/BTC,1608119896124,2020-12-16T11:58:16.124Z,sell,1.201e-05,154.0,0.00184954
NXS/BTC,1608119896124,2020-12-16T11:58:16.124Z,sell,1.2e-05,415.0,0.00498
NXS/BTC,1608119896124,2020-12-16T11:58:16.124Z,sell,1.2e-05,1842.0,0.022104
NXS/BTC,1608119896124,2020-12-16T11:58:16.124Z,sell,1.2e-05,299.0,0.003588
NXS/BTC,1608119896124,2020-12-16T11:58:16.124Z,sell,1.199e-05,194.0,0.00232606
NXS/BTC,1608119902121,2020-12-16T11:58:22.121Z,sell,1.199e-05,422.0,0.00505978
NXS/BTC,1608119948021,2020-12-16T11:59:08.021Z,buy,1.201e-05,9.0,0.00010809
NXS/BTC,1608119962926,2020-12-16T11:59:22.926Z,sell,1.194e-05,11.0,0.00013134
NXS/BTC,1608119962926,2020-12-16T11:59:22.926Z,sell,1.191e-05,84.0,0.00100044
NXS/BTC,1608119962926,2020-12-16T11:59:22.926Z,sell,1.19e-05,23.0,0.0002737
NXS/BTC,1608119965348,2020-12-16T11:59:25.348Z,sell,1.2e-05,11.0,0.000132
NXS/BTC,1608119966333,2020-12-16T11:59:26.333Z,buy,1.201e-05,112.0,0.00134512
NXS/BTC,1608120060921,2020-12-16T12:01:00.921Z,buy,1.202e-05,854.0,0.01026508
NXS/BTC,1608120066891,2020-12-16T12:01:06.891Z,buy,1.202e-05,213.0,0.00256026
NXS/BTC,1608120071401,2020-12-16T12:01:11.401Z,buy,1.202e-05,53.0,0.00063706
NXS/BTC,1608120075891,2020-12-16T12:01:15.891Z,buy,1.202e-05,13.0,0.00015626
NXS/BTC,1608120088839,2020-12-16T12:01:28.839Z,buy,1.202e-05,57.0,0.00068514
NXS/BTC,1608120161842,2020-12-16T12:02:41.842Z,buy,1.202e-05,307.0,0.00369014
NXS/BTC,1608120412622,2020-12-16T12:06:52.622Z,buy,1.202e-05,274.0,0.00329348
NXS/BTC,1608120555031,2020-12-16T12:09:15.031Z,buy,1.2e-05,19.0,0.000228
NXS/BTC,1608120613946,2020-12-16T12:10:13.946Z,sell,1.197e-05,46.0,0.00055062
NXS/BTC,1608120672678,2020-12-16T12:11:12.678Z,buy,1.197e-05,100.0,0.001197
NXS/BTC,1608120676633,2020-12-16T12:11:16.633Z,sell,1.196e-05,266.0,0.00318136
NXS/BTC,1608120676633,2020-12-16T12:11:16.633Z,sell,1.196e-05,266.0,0.00318136
NXS/BTC,1608120929565,2020-12-16T12:15:29.565Z,buy,1.197e-05,211.0,0.00252567
NXS/BTC,1608120933111,2020-12-16T12:15:33.111Z,sell,1.196e-05,872.0,0.01042912
NXS/BTC,1608121084414,2020-12-16T12:18:04.414Z,buy,1.197e-05,19.0,0.00022743
NXS/BTC,1608121122794,2020-12-16T12:18:42.794Z,buy,1.197e-05,134.0,0.00160398
NXS/BTC,1608121141854,2020-12-16T12:19:01.854Z,sell,1.196e-05,118.0,0.00141128
NXS/BTC,1608121350230,2020-12-16T12:22:30.230Z,buy,1.197e-05,13.0,0.00015561
NXS/BTC,1608121578163,2020-12-16T12:26:18.163Z,buy,1.197e-05,369.0,0.00441693
NXS/BTC,1608121747591,2020-12-16T12:29:07.591Z,sell,1.197e-05,79.0,0.00094563
NXS/BTC,1608121779775,2020-12-16T12:29:39.775Z,sell,1.196e-05,9.0,0.00010764
NXS/BTC,1608121817273,2020-12-16T12:30:17.273Z,buy,1.196e-05,114.0,0.00136344
NXS/BTC,1608121846606,2020-12-16T12:30:46.606Z,sell,1.194e-05,11.0,0.00013134
NXS/BTC,1608121885254,2020-12-16T12:31:25.254Z,sell,1.188e-05,11.0,0.00013068
NXS/BTC,1608121903049,2020-12-16T12:31:43.049Z,sell,1.185e-05,59.0,0.00069915
NXS/BTC,1608121909711,2020-12-16T12:31:49.711Z,sell,1.185e-05,149.0,0.00176565
NXS/BTC,1608121912590,2020-12-16T12:31:52.590Z,buy,1.185e-05,127.0,0.00150495
NXS/BTC,1608121912590,2020-12-16T12:31:52.590Z,buy,1.188e-05,126.0,0.00149688
NXS/BTC,1608121988428,2020-12-16T12:33:08.428Z,buy,1.186e-05,9.0,0.00010674
NXS/BTC,1608121990791,2020-12-16T12:33:10.791Z,sell,1.183e-05,11.0,0.00013013
NXS/BTC,1608121990791,2020-12-16T12:33:10.791Z,sell,1.18e-05,41.0,0.0004838
NXS/BTC,1608121990791,2020-12-16T12:33:10.791Z,sell,1.18e-05,972.0,0.0114696
NXS/BTC,1608122013801,2020-12-16T12:33:33.801Z,sell,1.18e-05,301.0,0.0035518
NXS/BTC,1608122015184,2020-12-16T12:33:35.184Z,sell,1.18e-05,732.0,0.0086376
NXS/BTC,1608122015184,2020-12-16T12:33:35.184Z,sell,1.179e-05,91.0,0.00107289
NXS/BTC,1608122015184,2020-12-16T12:33:35.184Z,sell,1.178e-05,2546.0,0.02999188
NXS/BTC,1608122015184,2020-12-16T12:33:35.184Z,sell,1.177e-05,11.0,0.00012947
NXS/BTC,1608122016484,2020-12-16T12:33:36.484Z,buy,1.176e-05,19.0,0.00022344
NXS/BTC,1608122034764,2020-12-16T12:33:54.764Z,sell,1.175e-05,583.0,0.00685025
NXS/BTC,1608122034764,2020-12-16T12:33:54.764Z,sell,1.172e-05,76.0,0.00089072
NXS/BTC,1608122051852,2020-12-16T12:34:11.852Z,sell,1.169e-05,9.0,0.00010521
NXS/BTC,1608122052140,2020-12-16T12:34:12.140Z,sell,1.169e-05,26.0,0.00030394
NXS/BTC,1608122106507,2020-12-16T12:35:06.507Z,sell,1.171e-05,365.0,0.00427415
NXS/BTC,1608122106507,2020-12-16T12:35:06.507Z,sell,1.17e-05,1362.0,0.0159354
NXS/BTC,1608122109967,2020-12-16T12:35:09.967Z,buy,1.17e-05,379.0,0.0044342999999999
NXS/BTC,1608122110274,2020-12-16T12:35:10.274Z,buy,1.17e-05,426.0,0.0049842
NXS/BTC,1608122114444,2020-12-16T12:35:14.444Z,sell,1.169e-05,926.0,0.01082494
NXS/BTC,1608122119113,2020-12-16T12:35:19.113Z,sell,1.169e-05,722.0,0.00844018
NXS/BTC,1608122124797,2020-12-16T12:35:24.797Z,buy,1.169e-05,64.0,0.00074816
NXS/BTC,1608122124797,2020-12-16T12:35:24.797Z,buy,1.17e-05,489.0,0.0057212999999999
NXS/BTC,1608122130534,2020-12-16T12:35:30.534Z,sell,1.167e-05,43.0,0.00050181
NXS/BTC,1608122133393,2020-12-16T12:35:33.393Z,sell,1.167e-05,100.0,0.001167
NXS/BTC,1608122172552,2020-12-16T12:36:12.552Z,sell,1.167e-05,1011.0,0.01179837
NXS/BTC,1608122173505,2020-12-16T12:36:13.505Z,buy,1.167e-05,1212.0,0.01414404
NXS/BTC,1608122185628,2020-12-16T12:36:25.628Z,sell,1.166e-05,22.0,0.00025652
NXS/BTC,1608122185628,2020-12-16T12:36:25.628Z,sell,1.161e-05,11.0,0.00012771
NXS/BTC,1608122185628,2020-12-16T12:36:25.628Z,sell,1.16e-05,10.0,0.000116
NXS/BTC,1608122209676,2020-12-16T12:36:49.676Z,sell,1.16e-05,665.0,0.007714
NXS/BTC,1608122263915,2020-12-16T12:37:43.915Z,buy,1.166e-05,11.0,0.00012826
NXS/BTC,1608122263915,2020-12-16T12:37:43.915Z,buy,1.169e-05,43.0,0.00050267
NXS/BTC,1608122263915,2020-12-16T12:37:43.915Z,buy,1.17e-05,418.0,0.0048906
NXS/BTC,1608122420426,2020-12-16T12:40:20.426Z,buy,1.165e-05,76.0,0.0008854
NXS/BTC,1608122468450,2020-12-16T12:41:08.450Z,buy,1.164e-05,503.0,0.00585492
NXS/BTC,1608122470657,2020-12-16T12:41:10.657Z,buy,1.164e-05,116.0,0.00135024
NXS/BTC,1608122471065,2020-12-16T12:41:11.065Z,buy,1.165e-05,251.0,0.00292415
NXS/BTC,1608122539750,2020-12-16T12:42:19.750Z,buy,1.165e-05,488.0,0.0056852
NXS/BTC,1608122940355,2020-12-16T12:49:00.355Z,buy,1.169e-05,48.0,0.00056112
NXS/BTC,1608123294663,2020-12-16T12:54:54.663Z,buy,1.169e-05,98.0,0.00114562
NXS/BTC,1608123294663,2020-12-16T12:54:54.663Z,buy,1.17e-05,628.0,0.0073476
NXS/BTC,1608123350013,2020-12-16T12:55:50.013Z,buy,1.17e-05,117.0,0.0013689
NXS/BTC,1608123350013,2020-12-16T12:55:50.013Z,buy,1.171e-05,77.0,0.0009016699999999
NXS/BTC,1608123676869,2020-12-16T13:01:16.869Z,buy,1.172e-05,54.0,0.0006328799999999
NXS/BTC,1608123676869,2020-12-16T13:01:16.869Z,buy,1.173e-05,534.0,0.00626382
NXS/BTC,1608123938030,2020-12-16T13:05:38.030Z,buy,1.173e-05,22.0,0.00025806
NXS/BTC,1608123955420,2020-12-16T13:05:55.420Z,buy,1.173e-05,721.0,0.0084573299999999
NXS/BTC,1608124105768,2020-12-16T13:08:25.768Z,buy,1.174e-05,10.0,0.0001174
NXS/BTC,1608124191275,2020-12-16T13:09:51.275Z,sell,1.173e-05,99.0,0.00116127
NXS/BTC,1608124192591,2020-12-16T13:09:52.591Z,buy,1.174e-05,25.0,0.0002935
NXS/BTC,1608124258316,2020-12-16T13:10:58.316Z,buy,1.175e-05,44.0,0.000517
NXS/BTC,1608124258316,2020-12-16T13:10:58.316Z,buy,1.175e-05,44.0,0.000517
NXS/BTC,1608124285667,2020-12-16T13:11:25.667Z,buy,1.175e-05,2.0,2.35e-05
NXS/BTC,1608124285667,2020-12-16T13:11:25.667Z,buy,1.177e-05,11.0,0.00012947
NXS/BTC,1608124300459,2020-12-16T13:11:40.459Z,buy,1.178e-05,44.0,0.00051832
NXS/BTC,1608124319431,2020-12-16T13:11:59.431Z,buy,1.18e-05,32.0,0.0003776
NXS/BTC,1608124486145,2020-12-16T13:14:46.145Z,buy,1.179e-05,495.0,0.00583605
NXS/BTC,1608124486145,2020-12-16T13:14:46.145Z,buy,1.18e-05,4.0,4.72e-05
NXS/BTC,1608124533334,2020-12-16T13:15:33.334Z,buy,1.181e-05,48.0,0.00056688
NXS/BTC,1608124545804,2020-12-16T13:15:45.804Z,buy,1.183e-05,11.0,0.00013013
NXS/BTC,1608124545804,2020-12-16T13:15:45.804Z,buy,1.184e-05,45.0,0.0005328
NXS/BTC,1608124545804,2020-12-16T13:15:45.804Z,buy,1.186e-05,38.0,0.00045068
NXS/BTC,1608124545804,2020-12-16T13:15:45.804Z,buy,1.188e-05,62.0,0.00073656
NXS/BTC,1608124545804,2020-12-16T13:15:45.804Z,buy,1.191e-05,46.0,0.00054786
NXS/BTC,1608124545804,2020-12-16T13:15:45.804Z,buy,1.192e-05,40.0,0.0004768
NXS/BTC,1608124545804,2020-12-16T13:15:45.804Z,buy,1.194e-05,64.0,0.00076416
NXS/BTC,1608124545804,2020-12-16T13:15:45.804Z,buy,1.197e-05,42.0,0.00050274
NXS/BTC,1608124551524,2020-12-16T13:15:51.524Z,sell,1.188e-05,11.0,0.00013068
NXS/BTC,1608124551524,2020-12-16T13:15:51.524Z,sell,1.185e-05,2535.0,0.03003975
NXS/BTC,1608124570228,2020-12-16T13:16:10.228Z,sell,1.185e-05,253.0,0.00299805
NXS/BTC,1608124635738,2020-12-16T13:17:15.738Z,buy,1.194e-05,11.0,0.00013134
NXS/BTC,1608124635738,2020-12-16T13:17:15.738Z,buy,1.197e-05,6.0,7.182e-05
NXS/BTC,1608124635738,2020-12-16T13:17:15.738Z,buy,1.198e-05,10.0,0.0001198
NXS/BTC,1608124635738,2020-12-16T13:17:15.738Z,buy,1.199e-05,42.0,0.00050358
NXS/BTC,1608124635738,2020-12-16T13:17:15.738Z,buy,1.2e-05,39.0,0.000468
NXS/BTC,1608124637950,2020-12-16T13:17:17.950Z,buy,1.2e-05,681.0,0.008172
NXS/BTC,1608124637950,2020-12-16T13:17:17.950Z,buy,1.202e-05,3633.0,0.04366866
NXS/BTC,1608124660401,2020-12-16T13:17:40.401Z,sell,1.194e-05,11.0,0.00013134
NXS/BTC,1608124660401,2020-12-16T13:17:40.401Z,sell,1.188e-05,11.0,0.00013068
NXS/BTC,1608124660401,2020-12-16T13:17:40.401Z,sell,1.187e-05,222.0,0.00263514
NXS/BTC,1608124660401,2020-12-16T13:17:40.401Z,sell,1.186e-05,103.0,0.0012215799999999
NXS/BTC,1608124721712,2020-12-16T13:18:41.712Z,sell,1.187e-05,299.0,0.00354913
NXS/BTC,1608124721712,2020-12-16T13:18:41.712Z,sell,1.186e-05,200.0,0.002372
NXS/BTC,1608124730758,2020-12-16T13:18:50.758Z,sell,1.186e-05,630.0,0.0074718
NXS/BTC,1608124867262,2020-12-16T13:21:07.262Z,sell,1.186e-05,888.0,0.01053168
NXS/BTC,1608124867667,2020-12-16T13:21:07.667Z,sell,1.185e-05,212.0,0.0025122
NXS/BTC,1608124868062,2020-12-16T13:21:08.062Z,sell,1.183e-05,11.0,0.00013013
NXS/BTC,1608124874866,2020-12-16T13:21:14.866Z,sell,1.18e-05,44.0,0.0005192
NXS/BTC,1608124958317,2020-12-16T13:22:38.317Z,sell,1.18e-05,48.0,0.0005664
NXS/BTC,1608124958716,2020-12-16T13:22:38.716Z,sell,1.179e-05,199.0,0.00234621
NXS/BTC,1608124986461,2020-12-16T13:23:06.461Z,sell,1.179e-05,82.0,0.00096678
NXS/BTC,1608125199396,2020-12-16T13:26:39.396Z,sell,1.18e-05,168.0,0.0019824
NXS/BTC,1608125323656,2020-12-16T13:28:43.656Z,sell,1.18e-05,31.0,0.0003658
NXS/BTC,1608125591036,2020-12-16T13:33:11.036Z,buy,1.187e-05,124.0,0.00147188
NXS/BTC,1608125591296,2020-12-16T13:33:11.296Z,sell,1.187e-05,44.0,0.00052228
NXS/BTC,1608125622163,2020-12-16T13:33:42.163Z,sell,1.182e-05,99.0,0.00117018
NXS/BTC,1608125623163,2020-12-16T13:33:43.163Z,sell,1.181e-05,370.0,0.0043697
NXS/BTC,1608125919077,2020-12-16T13:38:39.077Z,buy,1.188e-05,11.0,0.00013068
NXS/BTC,1608125919077,2020-12-16T13:38:39.077Z,buy,1.194e-05,8.0,9.552e-05
NXS/BTC,1608126032276,2020-12-16T13:40:32.276Z,sell,1.185e-05,464.0,0.0054984
NXS/BTC,1608126032276,2020-12-16T13:40:32.276Z,sell,1.183e-05,7.0,8.281e-05
NXS/BTC,1608126143958,2020-12-16T13:42:23.958Z,sell,1.183e-05,4.0,4.732e-05
NXS/BTC,1608126143958,2020-12-16T13:42:23.958Z,sell,1.182e-05,226.0,0.00267132
NXS/BTC,1608126253116,2020-12-16T13:44:13.116Z,buy,1.191e-05,20.0,0.0002382
NXS/BTC,1608126298112,2020-12-16T13:44:58.112Z,sell,1.182e-05,112.0,0.00132384
NXS/BTC,1608126385948,2020-12-16T13:46:25.948Z,sell,1.182e-05,264.0,0.00312048
NXS/BTC,1608126507237,2020-12-16T13:48:27.237Z,sell,1.182e-05,723.0,0.00854586
NXS/BTC,1608126738041,2020-12-16T13:52:18.041Z,sell,1.18e-05,125.0,0.001475
NXS/BTC,1608126779383,2020-12-16T13:52:59.383Z,sell,1.18e-05,7239.0,0.0854202
NXS/BTC,1608126788244,2020-12-16T13:53:08.244Z,sell,1.18e-05,9.0,0.0001062
NXS/BTC,1608126795604,2020-12-16T13:53:15.604Z,sell,1.177e-05,11.0,0.00012947
NXS/BTC,1608126797927,2020-12-16T13:53:17.927Z,sell,1.175e-05,169.0,0.0019857499999999
NXS/BTC,1608126801341,2020-12-16T13:53:21.341Z,sell,1.173e-05,41.0,0.0004809299999999
NXS/BTC,1608126802343,2020-12-16T13:53:22.343Z,sell,1.172e-05,11.0,0.00012892
NXS/BTC,1608126804339,2020-12-16T13:53:24.339Z,sell,1.17e-05,159.0,0.0018603
NXS/BTC,1608126812733,2020-12-16T13:53:32.733Z,sell,1.167e-05,272.0,0.00317424
NXS/BTC,1608126812733,2020-12-16T13:53:32.733Z,sell,1.166e-05,11.0,0.00012826
NXS/BTC,1608126812733,2020-12-16T13:53:32.733Z,sell,1.162e-05,2956.0,0.03434872
NXS/BTC,1608126812733,2020-12-16T13:53:32.733Z,sell,1.161e-05,357.0,0.00414477
NXS/BTC,1608126864190,2020-12-16T13:54:24.190Z,sell,1.161e-05,234.0,0.00271674
NXS/BTC,1608126864190,2020-12-16T13:54:24.190Z,sell,1.16e-05,104.0,0.0012064
NXS/BTC,1608126864190,2020-12-16T13:54:24.190Z,sell,1.156e-05,17.0,0.00019652
NXS/BTC,1608126865281,2020-12-16T13:54:25.281Z,sell,1.156e-05,51.0,0.0005895599999999
NXS/BTC,1608126865731,2020-12-16T13:54:25.731Z,buy,1.157e-05,19.0,0.00021983
NXS/BTC,1608126866277,2020-12-16T13:54:26.277Z,sell,1.155e-05,11.0,0.00012705
NXS/BTC,1608126868369,2020-12-16T13:54:28.369Z,sell,1.151e-05,29.0,0.00033379
NXS/BTC,1608126909700,2020-12-16T13:55:09.700Z,sell,1.154e-05,9.0,0.00010386
NXS/BTC,1608126910216,2020-12-16T13:55:10.216Z,sell,1.151e-05,343.0,0.00394793
NXS/BTC,1608126917568,2020-12-16T13:55:17.568Z,sell,1.151e-05,86.0,0.00098986
NXS/BTC,1608126947597,2020-12-16T13:55:47.597Z,sell,1.149e-05,159.0,0.00182691
NXS/BTC,1608126947597,2020-12-16T13:55:47.597Z,sell,1.149e-05,43.0,0.00049407
NXS/BTC,1608126947597,2020-12-16T13:55:47.597Z,sell,1.149e-05,40.0,0.0004596
NXS/BTC,1608127012168,2020-12-16T13:56:52.168Z,buy,1.154e-05,202.0,0.00233108
NXS/BTC,1608127012168,2020-12-16T13:56:52.168Z,buy,1.155e-05,364.0,0.0042042
NXS/BTC,1608127012168,2020-12-16T13:56:52.168Z,buy,1.157e-05,144.0,0.00166608
NXS/BTC,1608127014466,2020-12-16T13:56:54.466Z,buy,1.157e-05,439.0,0.00507923
NXS/BTC,1608127048852,2020-12-16T13:57:28.852Z,sell,1.149e-05,44.0,0.00050556
NXS/BTC,1608127051065,2020-12-16T13:57:31.065Z,sell,1.149e-05,44.0,0.00050556
NXS/BTC,1608127053791,2020-12-16T13:57:33.791Z,sell,1.149e-05,26.0,0.00029874
NXS/BTC,1608127084366,2020-12-16T13:58:04.366Z,sell,1.151e-05,673.0,0.00774623
NXS/BTC,1608127097295,2020-12-16T13:58:17.295Z,sell,1.149e-05,9.0,0.00010341
NXS/BTC,1608127098681,2020-12-16T13:58:18.681Z,sell,1.149e-05,1265.0,0.01453485
NXS/BTC,1608127156983,2020-12-16T13:59:16.983Z,sell,1.149e-05,100.0,0.001149
NXS/BTC,1608127170804,2020-12-16T13:59:30.804Z,sell,1.149e-05,286.0,0.00328614
NXS/BTC,1608127204905,2020-12-16T14:00:04.905Z,sell,1.149e-05,11.0,0.00012639
NXS/BTC,1608127238077,2020-12-16T14:00:38.077Z,buy,1.15e-05,2987.0,0.0343505
NXS/BTC,1608127238077,2020-12-16T14:00:38.077Z,buy,1.151e-05,632.0,0.00727432
NXS/BTC,1608127351110,2020-12-16T14:02:31.110Z,buy,1.151e-05,22.0,0.00025322
NXS/BTC,1608127479328,2020-12-16T14:04:39.328Z,sell,1.149e-05,182.0,0.00209118
NXS/BTC,1608127484865,2020-12-16T14:04:44.865Z,buy,1.149e-05,141.0,0.00162009
NXS/BTC,1608127488893,2020-12-16T14:04:48.893Z,buy,1.149e-05,141.0,0.00162009
NXS/BTC,1608127489918,2020-12-16T14:04:49.918Z,buy,1.149e-05,1252.0,0.01438548
NXS/BTC,1608127492869,2020-12-16T14:04:52.869Z,buy,1.149e-05,145.0,0.00166605
NXS/BTC,1608127520992,2020-12-16T14:05:20.992Z,buy,1.147e-05,160.0,0.0018352
NXS/BTC,1608127541054,2020-12-16T14:05:41.054Z,buy,1.146e-05,195.0,0.0022347
NXS/BTC,1608127544148,2020-12-16T14:05:44.148Z,buy,1.146e-05,798.0,0.00914508
NXS/BTC,1608127544986,2020-12-16T14:05:44.986Z,buy,1.146e-05,195.0,0.0022347
NXS/BTC,1608127549042,2020-12-16T14:05:49.042Z,buy,1.146e-05,190.0,0.0021774
NXS/BTC,1608127569139,2020-12-16T14:06:09.139Z,buy,1.146e-05,1381.0,0.01582626
NXS/BTC,1608127569152,2020-12-16T14:06:09.152Z,buy,1.146e-05,140.0,0.0016044
NXS/BTC,1608127609265,2020-12-16T14:06:49.265Z,buy,1.146e-05,190.0,0.0021774
NXS/BTC,1608127627936,2020-12-16T14:07:07.936Z,buy,1.146e-05,9.0,0.00010314
NXS/BTC,1608127631773,2020-12-16T14:07:11.773Z,buy,1.146e-05,127.0,0.00145542
NXS/BTC,1608127654292,2020-12-16T14:07:34.292Z,buy,1.146e-05,78.0,0.00089388
NXS/BTC,1608127713639,2020-12-16T14:08:33.639Z,sell,1.144e-05,11.0,0.00012584
NXS/BTC,1608127713639,2020-12-16T14:08:33.639Z,sell,1.141e-05,64.0,0.00073024
NXS/BTC,1608127713639,2020-12-16T14:08:33.639Z,sell,1.139e-05,118.0,0.00134402
NXS/BTC,1608127713639,2020-12-16T14:08:33.639Z,sell,1.138e-05,33.0,0.00037554
NXS/BTC,1608127713639,2020-12-16T14:08:33.639Z,sell,1.136e-05,173.0,0.00196528
NXS/BTC,1608127771414,2020-12-16T14:09:31.414Z,sell,1.136e-05,125.0,0.00142
NXS/BTC,1608127790859,2020-12-16T14:09:50.859Z,sell,1.136e-05,97.0,0.00110192
NXS/BTC,1608127790859,2020-12-16T14:09:50.859Z,sell,1.135e-05,2967.0,0.03367545
NXS/BTC,1608127803547,2020-12-16T14:10:03.547Z,buy,1.135e-05,83.0,0.0009420499999999
NXS/BTC,1608127804269,2020-12-16T14:10:04.269Z,buy,1.135e-05,9.0,0.00010215
NXS/BTC,1608127804269,2020-12-16T14:10:04.269Z,buy,1.135e-05,9.0,0.00010215
NXS/BTC,1608127865045,2020-12-16T14:11:05.045Z,buy,1.135e-05,17902.0,0.2031877
NXS/BTC,1608127908029,2020-12-16T14:11:48.029Z,sell,1.134e-05,58.0,0.00065772
NXS/BTC,1608127999815,2020-12-16T14:13:19.815Z,sell,1.136e-05,108.0,0.00122688
NXS/BTC,1608128065597,2020-12-16T14:14:25.597Z,sell,1.136e-05,721.0,0.00819056
NXS/BTC,1608128065597,2020-12-16T14:14:25.597Z,sell,1.135e-05,31.0,0.00035185
NXS/BTC,1608128065597,2020-12-16T14:14:25.597Z,sell,1.133e-05,129.0,0.00146157
NXS/BTC,1608128065597,2020-12-16T14:14:25.597Z,sell,1.128e-05,105.0,0.0011844
NXS/BTC,1608128483563,2020-12-16T14:21:23.563Z,sell,1.133e-05,1800.0,0.020394
NXS/BTC,1608128576843,2020-12-16T14:22:56.843Z,sell,1.134e-05,135.0,0.0015309
NXS/BTC,1608128576843,2020-12-16T14:22:56.843Z,sell,1.133e-05,470.0,0.0053251
NXS/BTC,1608128767710,2020-12-16T14:26:07.710Z,sell,1.134e-05,44.0,0.00049896
NXS/BTC,1608128937725,2020-12-16T14:28:57.725Z,sell,1.135e-05,110.0,0.0012485
NXS/BTC,1608129002451,2020-12-16T14:30:02.451Z,sell,1.136e-05,130.0,0.0014768
NXS/BTC,1608129035022,2020-12-16T14:30:35.022Z,sell,1.136e-05,453.0,0.00514608
NXS/BTC,1608129035439,2020-12-16T14:30:35.439Z,sell,1.135e-05,1521.0,0.01726335
NXS/BTC,1608129037798,2020-12-16T14:30:37.798Z,sell,1.134e-05,674.0,0.0076431599999999
NXS/BTC,1608129040249,2020-12-16T14:30:40.249Z,sell,1.133e-05,124.0,0.00140492
NXS/BTC,1608129041501,2020-12-16T14:30:41.501Z,sell,1.13e-05,2981.0,0.0336853
NXS/BTC,1608129042755,2020-12-16T14:30:42.755Z,sell,1.128e-05,166.0,0.00187248
NXS/BTC,1608129045654,2020-12-16T14:30:45.654Z,sell,1.127e-05,11.0,0.00012397
NXS/BTC,1608129051400,2020-12-16T14:30:51.400Z,sell,1.122e-05,101.0,0.0011332199999999
NXS/BTC,1608129051819,2020-12-16T14:30:51.819Z,sell,1.12e-05,50.0,0.00056
NXS/BTC,1608129052645,2020-12-16T14:30:52.645Z,sell,1.117e-05,276.0,0.00308292
NXS/BTC,1608129053873,2020-12-16T14:30:53.873Z,sell,1.116e-05,11.0,0.00012276
NXS/BTC,1608129056698,2020-12-16T14:30:56.698Z,sell,1.116e-05,2061.0,0.02300076
NXS/BTC,1608129059591,2020-12-16T14:30:59.591Z,sell,1.116e-05,1417.0,0.01581372
NXS/BTC,1608129064356,2020-12-16T14:31:04.356Z,buy,1.127e-05,11.0,0.00012397
NXS/BTC,1608129064356,2020-12-16T14:31:04.356Z,buy,1.129e-05,139.0,0.00156931
NXS/BTC,1608129090021,2020-12-16T14:31:30.021Z,sell,1.116e-05,225.0,0.0025109999999999
NXS/BTC,1608129105534,2020-12-16T14:31:45.534Z,buy,1.122e-05,83.0,0.0009312599999999
NXS/BTC,1608129105534,2020-12-16T14:31:45.534Z,buy,1.123e-05,412.0,0.00462676
NXS/BTC,1608129107077,2020-12-16T14:31:47.077Z,buy,1.123e-05,194.0,0.00217862
NXS/BTC,1608129111019,2020-12-16T14:31:51.019Z,buy,1.123e-05,194.0,0.00217862
NXS/BTC,1608129112369,2020-12-16T14:31:52.369Z,buy,1.123e-05,238.0,0.00267274
NXS/BTC,1608129118724,2020-12-16T14:31:58.724Z,buy,1.125e-05,537.0,0.00604125
NXS/BTC,1608129122441,2020-12-16T14:32:02.441Z,sell,1.123e-05,45.0,0.00050535
NXS/BTC,1608129123373,2020-12-16T14:32:03.373Z,sell,1.123e-05,45.0,0.00050535
NXS/BTC,1608129155116,2020-12-16T14:32:35.116Z,sell,1.123e-05,49.0,0.00055027
NXS/BTC,1608129159274,2020-12-16T14:32:39.274Z,buy,1.123e-05,68.0,0.0007636399999999
NXS/BTC,1608129182006,2020-12-16T14:33:02.006Z,buy,1.125e-05,350.0,0.0039375
NXS/BTC,1608129208197,2020-12-16T14:33:28.197Z,sell,1.122e-05,82.0,0.0009200399999999
NXS/BTC,1608129208278,2020-12-16T14:33:28.278Z,buy,1.122e-05,48.0,0.00053856
NXS/BTC,1608129326994,2020-12-16T14:35:26.994Z,sell,1.123e-05,441.0,0.00495243
NXS/BTC,1608129328360,2020-12-16T14:35:28.360Z,buy,1.123e-05,441.0,0.00495243
NXS/BTC,1608129330098,2020-12-16T14:35:30.098Z,buy,1.123e-05,792.0,0.00889416
NXS/BTC,1608129361618,2020-12-16T14:36:01.618Z,sell,1.123e-05,441.0,0.00495243
NXS/BTC,1608129361618,2020-12-16T14:36:01.618Z,sell,1.122e-05,1092.0,0.01225224
NXS/BTC,1608129361618,2020-12-16T14:36:01.618Z,sell,1.121e-05,2032.0,0.02277872
NXS/BTC,1608129593368,2020-12-16T14:39:53.368Z,buy,1.125e-05,77.0,0.00086625
NXS/BTC,1608129690829,2020-12-16T14:41:30.829Z,buy,1.125e-05,71.0,0.00079875
NXS/BTC,1608129752872,2020-12-16T14:42:32.872Z,buy,1.125e-05,167.0,0.00187875
NXS/BTC,1608129752872,2020-12-16T14:42:32.872Z,buy,1.127e-05,11.0,0.00012397
NXS/BTC,1608129752872,2020-12-16T14:42:32.872Z,buy,1.128e-05,89.0,0.00100392
NXS/BTC,1608129756571,2020-12-16T14:42:36.571Z,buy,1.128e-05,1.0,1.128e-05
NXS/BTC,1608129788962,2020-12-16T14:43:08.962Z,sell,1.128e-05,276.0,0.00311328
NXS/BTC,1608129793434,2020-12-16T14:43:13.434Z,sell,1.128e-05,291.0,0.00328248
NXS/BTC,1608129800886,2020-12-16T14:43:20.886Z,buy,1.133e-05,11.0,0.00012463
NXS/BTC,1608129800886,2020-12-16T14:43:20.886Z,buy,1.134e-05,9.0,0.00010206
NXS/BTC,1608129874121,2020-12-16T14:44:34.121Z,sell,1.129e-05,177.0,0.00199833
NXS/BTC,1608129874537,2020-12-16T14:44:34.537Z,sell,1.128e-05,1225.0,0.013818
NXS/BTC,1608129885014,2020-12-16T14:44:45.014Z,sell,1.127e-05,11.0,0.00012397
NXS/BTC,1608129885425,2020-12-16T14:44:45.425Z,sell,1.122e-05,3012.0,0.03379464
NXS/BTC,1608129885843,2020-12-16T14:44:45.843Z,sell,1.118e-05,441.0,0.00493038
NXS/BTC,1608130108578,2020-12-16T14:48:28.578Z,sell,1.119e-05,92.0,0.00102948
NXS/BTC,1608130202653,2020-12-16T14:50:02.653Z,buy,1.127e-05,11.0,0.00012397
NXS/BTC,1608130202653,2020-12-16T14:50:02.653Z,buy,1.131e-05,3018.0,0.03413358
NXS/BTC,1608130202653,2020-12-16T14:50:02.653Z,buy,1.133e-05,11.0,0.00012463
NXS/BTC,1608130202653,2020-12-16T14:50:02.653Z,buy,1.134e-05,975.0,0.0110565
NXS/BTC,1608130202653,2020-12-16T14:50:02.653Z,buy,1.137e-05,486.0,0.00552582
NXS/BTC,1608130202653,2020-12-16T14:50:02.653Z,buy,1.138e-05,11.0,0.00012518
NXS/BTC,1608130202653,2020-12-16T14:50:02.653Z,buy,1.139e-05,338.0,0.00384982
NXS/BTC,1608130208096,2020-12-16T14:50:08.096Z,sell,1.133e-05,11.0,0.00012463
NXS/BTC,1608130208507,2020-12-16T14:50:08.507Z,sell,1.128e-05,3179.0,0.03585912
NXS/BTC,1608130387071,2020-12-16T14:53:07.071Z,sell,1.13e-05,64.0,0.0007232
NXS/BTC,1608130403645,2020-12-16T14:53:23.645Z,buy,1.138e-05,153.0,0.00174114
NXS/BTC,1608130469194,2020-12-16T14:54:29.194Z,buy,1.137e-05,87.0,0.00098919
NXS/BTC,1608130585110,2020-12-16T14:56:25.110Z,sell,1.133e-05,11.0,0.00012463
NXS/BTC,1608130585385,2020-12-16T14:56:25.385Z,sell,1.129e-05,30.0,0.0003387
NXS/BTC,1608130634475,2020-12-16T14:57:14.475Z,buy,1.133e-05,43.0,0.00048719
NXS/BTC,1608130704396,2020-12-16T14:58:24.396Z,buy,1.133e-05,121.0,0.00137093
NXS/BTC,1608130762285,2020-12-16T14:59:22.285Z,sell,1.129e-05,361.0,0.00407569
NXS/BTC,1608130772140,2020-12-16T14:59:32.140Z,buy,1.129e-05,418.0,0.00471922
NXS/BTC,1608130978546,2020-12-16T15:02:58.546Z,sell,1.128e-05,37.0,0.00041736
NXS/BTC,1608131020617,2020-12-16T15:03:40.617Z,sell,1.128e-05,100.0,0.001128
NXS/BTC,1608131094076,2020-12-16T15:04:54.076Z,sell,1.127e-05,86.0,0.00096922
NXS/BTC,1608131275646,2020-12-16T15:07:55.646Z,sell,1.127e-05,129.0,0.00145383
NXS/BTC,1608131275646,2020-12-16T15:07:55.646Z,sell,1.127e-05,129.0,0.00145383
NXS/BTC,1608131956891,2020-12-16T15:19:16.891Z,sell,1.127e-05,135.0,0.00152145
NXS/BTC,1608132020669,2020-12-16T15:20:20.669Z,sell,1.127e-05,29.0,0.00032683
NXS/BTC,1608132045651,2020-12-16T15:20:45.651Z,sell,1.127e-05,12.0,0.00013524
NXS/BTC,1608132057311,2020-12-16T15:20:57.311Z,sell,1.127e-05,44.0,0.00049588
NXS/BTC,1608132060677,2020-12-16T15:21:00.677Z,sell,1.127e-05,20.0,0.0002254
NXS/BTC,1608132080687,2020-12-16T15:21:20.687Z,sell,1.127e-05,20.0,0.0002254
NXS/BTC,1608132095686,2020-12-16T15:21:35.686Z,sell,1.127e-05,19.0,0.00021413
NXS/BTC,1608132115692,2020-12-16T15:21:55.692Z,sell,1.127e-05,19.0,0.00021413
NXS/BTC,1608132140671,2020-12-16T15:22:20.671Z,sell,1.127e-05,15.0,0.00016905
NXS/BTC,1608132150805,2020-12-16T15:22:30.805Z,sell,1.127e-05,19.0,0.00021413
NXS/BTC,1608132170857,2020-12-16T15:22:50.857Z,sell,1.127e-05,17.0,0.00019159
NXS/BTC,1608132190803,2020-12-16T15:23:10.803Z,sell,1.127e-05,18.0,0.00020286
NXS/BTC,1608132200806,2020-12-16T15:23:20.806Z,sell,1.127e-05,13.0,0.00014651
NXS/BTC,1608132210837,2020-12-16T15:23:30.837Z,sell,1.127e-05,19.0,0.00021413
NXS/BTC,1608132225809,2020-12-16T15:23:45.809Z,sell,1.127e-05,14.0,0.00015778
NXS/BTC,1608132233387,2020-12-16T15:23:53.387Z,sell,1.127e-05,55.0,0.00061985
NXS/BTC,1608132239843,2020-12-16T15:23:59.843Z,sell,1.127e-05,28.0,0.00031556
NXS/BTC,1608132245828,2020-12-16T15:24:05.828Z,sell,1.127e-05,29.0,0.00032683
NXS/BTC,1608132260845,2020-12-16T15:24:20.845Z,sell,1.127e-05,16.0,0.00018032
NXS/BTC,1608132270815,2020-12-16T15:24:30.815Z,sell,1.127e-05,23.0,0.00025921
NXS/BTC,1608132295845,2020-12-16T15:24:55.845Z,sell,1.127e-05,14.0,0.00015778
NXS/BTC,1608132305817,2020-12-16T15:25:05.817Z,sell,1.127e-05,21.0,0.00023667
NXS/BTC,1608132320830,2020-12-16T15:25:20.830Z,sell,1.127e-05,28.0,0.00031556
NXS/BTC,1608132345817,2020-12-16T15:25:45.817Z,sell,1.127e-05,12.0,0.00013524
NXS/BTC,1608132355930,2020-12-16T15:25:55.930Z,sell,1.127e-05,21.0,0.00023667
NXS/BTC,1608132367212,2020-12-16T15:26:07.212Z,sell,1.127e-05,749.0,0.00844123
NXS/BTC,1608132380820,2020-12-16T15:26:20.820Z,sell,1.127e-05,16.0,0.00018032
NXS/BTC,1608132390818,2020-12-16T15:26:30.818Z,sell,1.127e-05,26.0,0.00029302
NXS/BTC,1608132410854,2020-12-16T15:26:50.854Z,sell,1.127e-05,42.0,0.00047334
NXS/BTC,1608132440821,2020-12-16T15:27:20.821Z,sell,1.127e-05,36.0,0.00040572
NXS/BTC,1608132470876,2020-12-16T15:27:50.876Z,sell,1.127e-05,13.0,0.00014651
NXS/BTC,1608132480886,2020-12-16T15:28:00.886Z,sell,1.127e-05,35.0,0.00039445
NXS/BTC,1608132500824,2020-12-16T15:28:20.824Z,sell,1.127e-05,16.0,0.00018032
NXS/BTC,1608132500824,2020-12-16T15:28:20.824Z,sell,1.126e-05,9.0,0.00010134
NXS/BTC,1608132520824,2020-12-16T15:28:40.824Z,sell,1.126e-05,31.0,0.00034906
NXS/BTC,1608132545822,2020-12-16T15:29:05.822Z,sell,1.126e-05,34.0,0.00038284
NXS/BTC,1608132560846,2020-12-16T15:29:20.846Z,sell,1.126e-05,21.0,0.00023646
NXS/BTC,1608132575839,2020-12-16T15:29:35.839Z,sell,1.126e-05,11.0,0.00012386
NXS/BTC,1608132575839,2020-12-16T15:29:35.839Z,sell,1.125e-05,7.0,7.875e-05
NXS/BTC,1608132595859,2020-12-16T15:29:55.859Z,sell,1.125e-05,30.0,0.0003375
NXS/BTC,1608132620828,2020-12-16T15:30:20.828Z,sell,1.125e-05,27.0,0.00030375
NXS/BTC,1608132640615,2020-12-16T15:30:40.615Z,sell,1.125e-05,6.0,6.75e-05
NXS/BTC,1608132640615,2020-12-16T15:30:40.615Z,sell,1.122e-05,11.0,0.0001234199999999
NXS/BTC,1608132640615,2020-12-16T15:30:40.615Z,sell,1.12e-05,250.0,0.0028
NXS/BTC,1608132640853,2020-12-16T15:30:40.853Z,sell,1.121e-05,19.0,0.0002129899999999
NXS/BTC,1608132660863,2020-12-16T15:31:00.863Z,sell,1.121e-05,15.0,0.00016815
NXS/BTC,1608132670909,2020-12-16T15:31:10.909Z,sell,1.121e-05,20.0,0.0002241999999999
NXS/BTC,1608132680854,2020-12-16T15:31:20.854Z,sell,1.121e-05,22.0,0.0002466199999999
NXS/BTC,1608132700852,2020-12-16T15:31:40.852Z,sell,1.121e-05,22.0,0.0002466199999999
NXS/BTC,1608132720871,2020-12-16T15:32:00.871Z,sell,1.121e-05,21.0,0.00023541
NXS/BTC,1608132740852,2020-12-16T15:32:20.852Z,sell,1.122e-05,25.0,0.0002805
NXS/BTC,1608132760844,2020-12-16T15:32:40.844Z,sell,1.123e-05,20.0,0.0002245999999999
NXS/BTC,1608132775876,2020-12-16T15:32:55.876Z,sell,1.123e-05,33.0,0.0003705899999999
NXS/BTC,1608132800847,2020-12-16T15:33:20.847Z,sell,1.123e-05,32.0,0.00035936
NXS/BTC,1608132825885,2020-12-16T15:33:45.885Z,sell,1.123e-05,13.0,0.0001459899999999
NXS/BTC,1608132845850,2020-12-16T15:34:05.850Z,sell,1.123e-05,23.0,0.00025829
NXS/BTC,1608132860849,2020-12-16T15:34:20.849Z,sell,1.123e-05,30.0,0.0003369
NXS/BTC,1608132885713,2020-12-16T15:34:45.713Z,sell,1.123e-05,13.0,0.0001459899999999
NXS/BTC,1608132900724,2020-12-16T15:35:00.724Z,sell,1.123e-05,19.0,0.00021337
NXS/BTC,1608132920708,2020-12-16T15:35:20.708Z,sell,1.123e-05,21.0,0.0002358299999999
NXS/BTC,1608132935714,2020-12-16T15:35:35.714Z,sell,1.121e-05,16.0,0.00017936
NXS/BTC,1608132955733,2020-12-16T15:35:55.733Z,sell,1.12e-05,18.0,0.0002016
NXS/BTC,1608132980717,2020-12-16T15:36:20.717Z,sell,1.123e-05,30.0,0.0003369
NXS/BTC,1608133010760,2020-12-16T15:36:50.760Z,sell,1.123e-05,16.0,0.00017968
NXS/BTC,1608133025709,2020-12-16T15:37:05.709Z,sell,1.123e-05,26.0,0.0002919799999999
NXS/BTC,1608133040714,2020-12-16T15:37:20.714Z,sell,1.123e-05,17.0,0.0001909099999999
NXS/BTC,1608133055722,2020-12-16T15:37:35.722Z,sell,1.123e-05,16.0,0.00017968
NXS/BTC,1608133070731,2020-12-16T15:37:50.731Z,sell,1.121e-05,27.0,0.00030267
NXS/BTC,1608133100729,2020-12-16T15:38:20.729Z,sell,1.123e-05,14.0,0.00015722
NXS/BTC,1608133110719,2020-12-16T15:38:30.719Z,sell,1.123e-05,31.0,0.00034813
NXS/BTC,1608133145730,2020-12-16T15:39:05.730Z,sell,1.123e-05,15.0,0.00016845
NXS/BTC,1608133160723,2020-12-16T15:39:20.723Z,sell,1.123e-05,29.0,0.0003256699999999
NXS/BTC,1608133185732,2020-12-16T15:39:45.732Z,sell,1.123e-05,27.0,0.00030321
NXS/BTC,1608133210733,2020-12-16T15:40:10.733Z,sell,1.123e-05,31.0,0.00034813
NXS/BTC,1608133214560,2020-12-16T15:40:14.560Z,sell,1.123e-05,29.0,0.0003256699999999
NXS/BTC,1608133220726,2020-12-16T15:40:20.726Z,sell,1.121e-05,19.0,0.0002129899999999
NXS/BTC,1608133235740,2020-12-16T15:40:35.740Z,sell,1.124e-05,19.0,0.00021356
NXS/BTC,1608133255747,2020-12-16T15:40:55.747Z,sell,1.123e-05,23.0,0.00025829
NXS/BTC,1608133280746,2020-12-16T15:41:20.746Z,sell,1.122e-05,27.0,0.0003029399999999
NXS/BTC,1608133305863,2020-12-16T15:41:45.863Z,sell,1.122e-05,15.0,0.0001683
NXS/BTC,1608133320760,2020-12-16T15:42:00.760Z,sell,1.122e-05,18.0,0.00020196
NXS/BTC,1608133340750,2020-12-16T15:42:20.750Z,sell,1.122e-05,14.0,0.0001570799999999
NXS/BTC,1608133350735,2020-12-16T15:42:30.735Z,sell,1.122e-05,26.0,0.00029172
NXS/BTC,1608133375910,2020-12-16T15:42:55.910Z,sell,1.122e-05,19.0,0.00021318
NXS/BTC,1608133400883,2020-12-16T15:43:20.883Z,sell,1.122e-05,26.0,0.00029172
NXS/BTC,1608133420885,2020-12-16T15:43:40.885Z,sell,1.122e-05,27.0,0.0003029399999999
NXS/BTC,1608133450887,2020-12-16T15:44:10.887Z,sell,1.122e-05,29.0,0.00032538
NXS/BTC,1608133460899,2020-12-16T15:44:20.899Z,sell,1.122e-05,21.0,0.00023562
NXS/BTC,1608133475906,2020-12-16T15:44:35.906Z,sell,1.122e-05,31.0,0.00034782
NXS/BTC,1608133505908,2020-12-16T15:45:05.908Z,sell,1.122e-05,24.0,0.00026928
NXS/BTC,1608133520916,2020-12-16T15:45:20.916Z,sell,1.122e-05,10.0,0.0001121999999999
NXS/BTC,1608133525908,2020-12-16T15:45:25.908Z,sell,1.122e-05,25.0,0.0002805
NXS/BTC,1608133550909,2020-12-16T15:45:50.909Z,sell,1.122e-05,25.0,0.0002805
NXS/BTC,1608133580912,2020-12-16T15:46:20.912Z,sell,1.122e-05,16.0,0.00017952
NXS/BTC,1608133595906,2020-12-16T15:46:35.906Z,sell,1.122e-05,31.0,0.00034782
NXS/BTC,1608133620774,2020-12-16T15:47:00.774Z,sell,1.122e-05,19.0,0.00021318
NXS/BTC,1608133640761,2020-12-16T15:47:20.761Z,sell,1.122e-05,30.0,0.0003366
NXS/BTC,1608133665758,2020-12-16T15:47:45.758Z,sell,1.122e-05,11.0,0.0001234199999999
NXS/BTC,1608133680780,2020-12-16T15:48:00.780Z,sell,1.122e-05,28.0,0.0003141599999999
NXS/BTC,1608133700773,2020-12-16T15:48:20.773Z,sell,1.122e-05,29.0,0.00032538
NXS/BTC,1608133725771,2020-12-16T15:48:45.771Z,sell,1.122e-05,16.0,0.00017952
NXS/BTC,1608133740792,2020-12-16T15:49:00.792Z,sell,1.122e-05,20.0,0.0002243999999999
NXS/BTC,1608133760786,2020-12-16T15:49:20.786Z,sell,1.122e-05,29.0,0.00032538
NXS/BTC,1608133785771,2020-12-16T15:49:45.771Z,sell,1.122e-05,12.0,0.00013464
NXS/BTC,1608133800795,2020-12-16T15:50:00.795Z,sell,1.122e-05,18.0,0.00020196
NXS/BTC,1608133820800,2020-12-16T15:50:20.800Z,sell,1.122e-05,29.0,0.00032538
NXS/BTC,1608133850792,2020-12-16T15:50:50.792Z,sell,1.122e-05,14.0,0.0001570799999999
NXS/BTC,1608133865822,2020-12-16T15:51:05.822Z,sell,1.123e-05,25.0,0.0002807499999999
NXS/BTC,1608133880781,2020-12-16T15:51:20.781Z,sell,1.123e-05,30.0,0.0003369
NXS/BTC,1608133905786,2020-12-16T15:51:45.786Z,sell,1.123e-05,21.0,0.0002358299999999
NXS/BTC,1608133925780,2020-12-16T15:52:05.780Z,sell,1.123e-05,11.0,0.00012353
NXS/BTC,1608133940816,2020-12-16T15:52:20.816Z,sell,1.123e-05,17.0,0.0001909099999999
NXS/BTC,1608133955794,2020-12-16T15:52:35.794Z,sell,1.123e-05,27.0,0.00030321
NXS/BTC,1608133990814,2020-12-16T15:53:10.814Z,sell,1.123e-05,13.0,0.0001459899999999
NXS/BTC,1608134000789,2020-12-16T15:53:20.789Z,sell,1.123e-05,15.0,0.00016845
NXS/BTC,1608134015796,2020-12-16T15:53:35.796Z,sell,1.123e-05,15.0,0.00016845
NXS/BTC,1608134030482,2020-12-16T15:53:50.482Z,sell,1.123e-05,432.0,0.00485136
NXS/BTC,1608134035807,2020-12-16T15:53:55.807Z,sell,1.123e-05,16.0,0.00017968
NXS/BTC,1608134060788,2020-12-16T15:54:20.788Z,sell,1.123e-05,15.0,0.00016845
NXS/BTC,1608134075800,2020-12-16T15:54:35.800Z,sell,1.123e-05,29.0,0.0003256699999999
NXS/BTC,1608134105945,2020-12-16T15:55:05.945Z,sell,1.123e-05,28.0,0.00031444
NXS/BTC,1608134120933,2020-12-16T15:55:20.933Z,sell,1.123e-05,19.0,0.00021337
NXS/BTC,1608134135946,2020-12-16T15:55:35.946Z,sell,1.123e-05,26.0,0.0002919799999999
NXS/BTC,1608134154659,2020-12-16T15:55:54.659Z,sell,1.123e-05,113.0,0.00126899
NXS/BTC,1608134165939,2020-12-16T15:56:05.939Z,sell,1.123e-05,16.0,0.00017968
NXS/BTC,1608134180942,2020-12-16T15:56:20.942Z,sell,1.123e-05,25.0,0.0002807499999999
NXS/BTC,1608134205940,2020-12-16T15:56:45.940Z,sell,1.123e-05,11.0,0.00012353
NXS/BTC,1608134220965,2020-12-16T15:57:00.965Z,sell,1.123e-05,20.0,0.0002245999999999
NXS/BTC,1608134240951,2020-12-16T15:57:20.951Z,sell,1.123e-05,25.0,0.0002807499999999
NXS/BTC,1608134248347,2020-12-16T15:57:28.347Z,sell,1.123e-05,211.0,0.00236953
NXS/BTC,1608134265944,2020-12-16T15:57:45.944Z,sell,1.123e-05,19.0,0.00021337
NXS/BTC,1608134285954,2020-12-16T15:58:05.954Z,sell,1.123e-05,21.0,0.0002358299999999
NXS/BTC,1608134300956,2020-12-16T15:58:20.956Z,sell,1.123e-05,18.0,0.0002021399999999
NXS/BTC,1608134320953,2020-12-16T15:58:40.953Z,sell,1.123e-05,26.0,0.0002919799999999
NXS/BTC,1608134345952,2020-12-16T15:59:05.952Z,sell,1.123e-05,23.0,0.00025829
NXS/BTC,1608134360980,2020-12-16T15:59:20.980Z,sell,1.123e-05,16.0,0.00017968
NXS/BTC,1608134375960,2020-12-16T15:59:35.960Z,sell,1.123e-05,16.0,0.00017968
NXS/BTC,1608134395994,2020-12-16T15:59:55.994Z,sell,1.123e-05,16.0,0.00017968
NXS/BTC,1608134420958,2020-12-16T16:00:20.958Z,sell,1.123e-05,24.0,0.00026952
NXS/BTC,1608134450990,2020-12-16T16:00:50.990Z,sell,1.123e-05,24.0,0.00026952
NXS/BTC,1608134470877,2020-12-16T16:01:10.877Z,sell,1.123e-05,793.0,0.00890539
NXS/BTC,1608134470877,2020-12-16T16:01:10.877Z,sell,1.116e-05,339.0,0.0037832399999999
NXS/BTC,1608134479714,2020-12-16T16:01:19.714Z,buy,1.122e-05,183.0,0.00205326
NXS/BTC,1608134617582,2020-12-16T16:03:37.582Z,buy,1.127e-05,340.0,0.0038318
NXS/BTC,1608134660998,2020-12-16T16:04:20.998Z,sell,1.127e-05,29.0,0.00032683
NXS/BTC,1608134686013,2020-12-16T16:04:46.013Z,sell,1.127e-05,25.0,0.00028175
NXS/BTC,1608134710976,2020-12-16T16:05:10.976Z,sell,1.127e-05,30.0,0.0003381
NXS/BTC,1608134720970,2020-12-16T16:05:20.970Z,sell,1.127e-05,15.0,0.00016905
NXS/BTC,1608134735994,2020-12-16T16:05:35.994Z,sell,1.127e-05,25.0,0.00028175
NXS/BTC,1608134756014,2020-12-16T16:05:56.014Z,sell,1.127e-05,19.0,0.00021413
NXS/BTC,1608134767968,2020-12-16T16:06:07.968Z,sell,1.127e-05,9.0,0.00010143
NXS/BTC,1608134781004,2020-12-16T16:06:21.004Z,sell,1.127e-05,19.0,0.00021413
NXS/BTC,1608134800985,2020-12-16T16:06:40.985Z,sell,1.127e-05,23.0,0.00025921
NXS/BTC,1608134840985,2020-12-16T16:07:20.985Z,sell,1.127e-05,12.0,0.00013524
NXS/BTC,1608134840985,2020-12-16T16:07:20.985Z,sell,1.126e-05,6.0,6.756000000000001e-05
NXS/BTC,1608134861017,2020-12-16T16:07:41.017Z,sell,1.126e-05,13.0,0.00014638
NXS/BTC,1608134861017,2020-12-16T16:07:41.017Z,sell,1.126e-05,13.0,0.00014638
NXS/BTC,1608134876019,2020-12-16T16:07:56.019Z,sell,1.126e-05,15.0,0.0001689
NXS/BTC,1608134900992,2020-12-16T16:08:20.992Z,sell,1.126e-05,14.0,0.00015764
NXS/BTC,1608134915988,2020-12-16T16:08:35.988Z,sell,1.126e-05,10.0,0.0001126
NXS/BTC,1608134931000,2020-12-16T16:08:51.000Z,sell,1.126e-05,10.0,0.0001126
NXS/BTC,1608134945986,2020-12-16T16:09:05.986Z,sell,1.126e-05,10.0,0.0001126
NXS/BTC,1608134960988,2020-12-16T16:09:20.988Z,sell,1.126e-05,10.0,0.0001126
NXS/BTC,1608134970983,2020-12-16T16:09:30.983Z,sell,1.126e-05,13.0,0.00014638
NXS/BTC,1608134991022,2020-12-16T16:09:51.022Z,sell,1.126e-05,21.0,0.00023646
NXS/BTC,1608135010437,2020-12-16T16:10:10.437Z,sell,1.126e-05,60.0,0.0006756
NXS/BTC,1608135021018,2020-12-16T16:10:21.018Z,sell,1.126e-05,14.0,0.00015764
NXS/BTC,1608135036013,2020-12-16T16:10:36.013Z,sell,1.126e-05,18.0,0.00020268
NXS/BTC,1608135065995,2020-12-16T16:11:05.995Z,sell,1.126e-05,16.0,0.00018016
NXS/BTC,1608135081000,2020-12-16T16:11:21.000Z,sell,1.126e-05,10.0,0.0001126
NXS/BTC,1608135100998,2020-12-16T16:11:40.998Z,sell,1.126e-05,10.0,0.0001126
NXS/BTC,1608135121015,2020-12-16T16:12:01.015Z,sell,1.126e-05,10.0,0.0001126
NXS/BTC,1608135131003,2020-12-16T16:12:11.003Z,sell,1.126e-05,10.0,0.0001126
NXS/BTC,1608135140997,2020-12-16T16:12:20.997Z,sell,1.126e-05,10.0,0.0001126
NXS/BTC,1608135156018,2020-12-16T16:12:36.018Z,sell,1.126e-05,13.0,0.00014638
NXS/BTC,1608135181024,2020-12-16T16:13:01.024Z,sell,1.126e-05,11.0,0.00012386
NXS/BTC,1608135201023,2020-12-16T16:13:21.023Z,sell,1.126e-05,12.0,0.00013512
NXS/BTC,1608135221038,2020-12-16T16:13:41.038Z,sell,1.126e-05,15.0,0.0001689
NXS/BTC,1608135246005,2020-12-16T16:14:06.005Z,sell,1.126e-05,10.0,0.0001126
NXS/BTC,1608135258825,2020-12-16T16:14:18.825Z,buy,1.129e-05,560.0,0.0063224
NXS/BTC,1608135261006,2020-12-16T16:14:21.006Z,sell,1.126e-05,10.0,0.0001126
NXS/BTC,1608135276025,2020-12-16T16:14:36.025Z,sell,1.126e-05,14.0,0.00015764
NXS/BTC,1608135301038,2020-12-16T16:15:01.038Z,sell,1.126e-05,10.0,0.0001126
NXS/BTC,1608135320890,2020-12-16T16:15:20.890Z,sell,1.126e-05,10.0,0.0001126
NXS/BTC,1608135335882,2020-12-16T16:15:35.882Z,sell,1.126e-05,10.0,0.0001126
NXS/BTC,1608135350894,2020-12-16T16:15:50.894Z,sell,1.126e-05,17.0,0.00019142
NXS/BTC,1608135380873,2020-12-16T16:16:20.873Z,sell,1.126e-05,10.0,0.0001126
NXS/BTC,1608135395890,2020-12-16T16:16:35.890Z,sell,1.126e-05,13.0,0.00014638
NXS/BTC,1608135420896,2020-12-16T16:17:00.896Z,sell,1.126e-05,10.0,0.0001126
NXS/BTC,1608135430881,2020-12-16T16:17:10.881Z,sell,1.126e-05,10.0,0.0001126
NXS/BTC,1608135440894,2020-12-16T16:17:20.894Z,sell,1.126e-05,10.0,0.0001126
NXS/BTC,1608135455886,2020-12-16T16:17:35.886Z,sell,1.126e-05,10.0,0.0001126
NXS/BTC,1608135470895,2020-12-16T16:17:50.895Z,sell,1.126e-05,10.0,0.0001126
NXS/BTC,1608135490885,2020-12-16T16:18:10.885Z,sell,1.126e-05,10.0,0.0001126
NXS/BTC,1608135500887,2020-12-16T16:18:20.887Z,sell,1.126e-05,10.0,0.0001126
NXS/BTC,1608135515902,2020-12-16T16:18:35.902Z,sell,1.126e-05,10.0,0.0001126
NXS/BTC,1608135535896,2020-12-16T16:18:55.896Z,sell,1.126e-05,13.0,0.00014638
NXS/BTC,1608135550902,2020-12-16T16:19:10.902Z,sell,1.126e-05,10.0,0.0001126
NXS/BTC,1608135560894,2020-12-16T16:19:20.894Z,sell,1.126e-05,12.0,0.00013512
NXS/BTC,1608135580897,2020-12-16T16:19:40.897Z,sell,1.126e-05,11.0,0.00012386
NXS/BTC,1608135605893,2020-12-16T16:20:05.893Z,sell,1.126e-05,10.0,0.0001126
NXS/BTC,1608135620925,2020-12-16T16:20:20.925Z,sell,1.126e-05,10.0,0.0001126
NXS/BTC,1608135635907,2020-12-16T16:20:35.907Z,sell,1.126e-05,15.0,0.0001689
NXS/BTC,1608135649050,2020-12-16T16:20:49.050Z,sell,1.126e-05,25.0,0.0002815
NXS/BTC,1608135670913,2020-12-16T16:21:10.913Z,sell,1.126e-05,10.0,0.0001126
NXS/BTC,1608135680897,2020-12-16T16:21:20.897Z,sell,1.126e-05,10.0,0.0001126
NXS/BTC,1608135700906,2020-12-16T16:21:40.906Z,sell,1.126e-05,10.0,0.0001126
NXS/BTC,1608135720916,2020-12-16T16:22:00.916Z,sell,1.126e-05,10.0,0.0001126
NXS/BTC,1608135740904,2020-12-16T16:22:20.904Z,sell,1.126e-05,10.0,0.0001126
NXS/BTC,1608135760901,2020-12-16T16:22:40.901Z,sell,1.126e-05,10.0,0.0001126
NXS/BTC,1608135780921,2020-12-16T16:23:00.921Z,sell,1.126e-05,10.0,0.0001126
NXS/BTC,1608135800909,2020-12-16T16:23:20.909Z,sell,1.126e-05,10.0,0.0001126
NXS/BTC,1608135816062,2020-12-16T16:23:36.062Z,sell,1.126e-05,10.0,0.0001126
NXS/BTC,1608135819911,2020-12-16T16:23:39.911Z,buy,1.129e-05,193.0,0.00217897
NXS/BTC,1608135823900,2020-12-16T16:23:43.900Z,buy,1.129e-05,193.0,0.00217897
NXS/BTC,1608135827976,2020-12-16T16:23:47.976Z,buy,1.129e-05,193.0,0.00217897
NXS/BTC,1608135836067,2020-12-16T16:23:56.067Z,sell,1.126e-05,10.0,0.0001126
NXS/BTC,1608135861065,2020-12-16T16:24:21.065Z,sell,1.126e-05,10.0,0.0001126
NXS/BTC,1608135876069,2020-12-16T16:24:36.069Z,sell,1.126e-05,14.0,0.00015764
NXS/BTC,1608135896075,2020-12-16T16:24:56.075Z,sell,1.126e-05,17.0,0.00019142
NXS/BTC,1608135921086,2020-12-16T16:25:21.086Z,sell,1.126e-05,14.0,0.00015764
NXS/BTC,1608135941069,2020-12-16T16:25:41.069Z,sell,1.126e-05,14.0,0.00015764
NXS/BTC,1608135966053,2020-12-16T16:26:06.053Z,sell,1.126e-05,10.0,0.0001126
NXS/BTC,1608135981050,2020-12-16T16:26:21.050Z,sell,1.126e-05,16.0,0.00018016
NXS/BTC,1608136006056,2020-12-16T16:26:46.056Z,sell,1.126e-05,18.0,0.00020268
NXS/BTC,1608136037984,2020-12-16T16:27:17.984Z,sell,1.126e-05,280.0,0.0031528
NXS/BTC,1608136041061,2020-12-16T16:27:21.061Z,sell,1.126e-05,17.0,0.00019142
NXS/BTC,1608136043581,2020-12-16T16:27:23.581Z,sell,1.126e-05,121.0,0.00136246
NXS/BTC,1608136066064,2020-12-16T16:27:46.064Z,sell,1.126e-05,16.0,0.00018016
NXS/BTC,1608136091061,2020-12-16T16:28:11.061Z,sell,1.126e-05,10.0,0.0001126
NXS/BTC,1608136101084,2020-12-16T16:28:21.084Z,sell,1.126e-05,15.0,0.0001689
NXS/BTC,1608136110379,2020-12-16T16:28:30.379Z,sell,1.126e-05,1184.0,0.01333184
NXS/BTC,1608136126063,2020-12-16T16:28:46.063Z,sell,1.122e-05,11.0,0.0001234199999999
NXS/BTC,1608136141086,2020-12-16T16:29:01.086Z,sell,1.118e-05,10.0,0.0001118
NXS/BTC,1608136161092,2020-12-16T16:29:21.092Z,sell,1.118e-05,15.0,0.0001676999999999
NXS/BTC,1608136181095,2020-12-16T16:29:41.095Z,sell,1.118e-05,12.0,0.00013416
NXS/BTC,1608136196095,2020-12-16T16:29:56.095Z,sell,1.118e-05,16.0,0.00017888
NXS/BTC,1608136199626,2020-12-16T16:29:59.626Z,sell,1.118e-05,301.0,0.0033651799999999
NXS/BTC,1608136199629,2020-12-16T16:29:59.629Z,buy,1.118e-05,1119.0,0.01251042
NXS/BTC,1608136211068,2020-12-16T16:30:11.068Z,sell,1.12e-05,15.0,0.000168
NXS/BTC,1608136221069,2020-12-16T16:30:21.069Z,sell,1.12e-05,19.0,0.0002128
NXS/BTC,1608136236090,2020-12-16T16:30:36.090Z,sell,1.12e-05,26.0,0.0002912
NXS/BTC,1608136266088,2020-12-16T16:31:06.088Z,sell,1.12e-05,13.0,0.0001456
NXS/BTC,1608136281083,2020-12-16T16:31:21.083Z,sell,1.12e-05,26.0,0.0002912
NXS/BTC,1608136311069,2020-12-16T16:31:51.069Z,sell,1.12e-05,25.0,0.00028
NXS/BTC,1608136340939,2020-12-16T16:32:20.939Z,sell,1.12e-05,19.0,0.0002128
NXS/BTC,1608136365946,2020-12-16T16:32:45.946Z,sell,1.12e-05,14.0,0.0001568
NXS/BTC,1608136375961,2020-12-16T16:32:55.961Z,sell,1.12e-05,10.0,0.000112
NXS/BTC,1608136390950,2020-12-16T16:33:10.950Z,sell,1.12e-05,18.0,0.0002016
NXS/BTC,1608136400946,2020-12-16T16:33:20.946Z,sell,1.12e-05,17.0,0.0001904
NXS/BTC,1608136425948,2020-12-16T16:33:45.948Z,sell,1.12e-05,16.0,0.0001792
NXS/BTC,1608136443848,2020-12-16T16:34:03.848Z,sell,1.12e-05,10.0,0.000112
NXS/BTC,1608136460951,2020-12-16T16:34:20.951Z,sell,1.12e-05,10.0,0.000112
NXS/BTC,1608136480974,2020-12-16T16:34:40.974Z,sell,1.12e-05,11.0,0.0001231999999999
NXS/BTC,1608136505959,2020-12-16T16:35:05.959Z,sell,1.12e-05,12.0,0.0001344
NXS/BTC,1608136512225,2020-12-16T16:35:12.225Z,buy,1.125e-05,300.0,0.003375
NXS/BTC,1608136520954,2020-12-16T16:35:20.954Z,sell,1.12e-05,10.0,0.000112
NXS/BTC,1608136535970,2020-12-16T16:35:35.970Z,sell,1.12e-05,12.0,0.0001344
NXS/BTC,1608136560970,2020-12-16T16:36:00.970Z,sell,1.12e-05,11.0,0.0001231999999999
NXS/BTC,1608136580964,2020-12-16T16:36:20.964Z,sell,1.12e-05,13.0,0.0001456
NXS/BTC,1608136610991,2020-12-16T16:36:50.991Z,sell,1.12e-05,10.0,0.000112
NXS/BTC,1608136640974,2020-12-16T16:37:20.974Z,sell,1.12e-05,10.0,0.000112
NXS/BTC,1608136660954,2020-12-16T16:37:40.954Z,sell,1.12e-05,10.0,0.000112
NXS/BTC,1608136690968,2020-12-16T16:38:10.968Z,sell,1.12e-05,10.0,0.000112
NXS/BTC,1608136700960,2020-12-16T16:38:20.960Z,sell,1.12e-05,11.0,0.0001231999999999
NXS/BTC,1608136720957,2020-12-16T16:38:40.957Z,sell,1.12e-05,11.0,0.0001231999999999
NXS/BTC,1608136750966,2020-12-16T16:39:10.966Z,sell,1.12e-05,10.0,0.000112
NXS/BTC,1608136760976,2020-12-16T16:39:20.976Z,sell,1.12e-05,10.0,0.000112
NXS/BTC,1608136785962,2020-12-16T16:39:45.962Z,sell,1.12e-05,11.0,0.0001231999999999
NXS/BTC,1608136810973,2020-12-16T16:40:10.973Z,sell,1.12e-05,10.0,0.000112
NXS/BTC,1608136820981,2020-12-16T16:40:20.981Z,sell,1.12e-05,10.0,0.000112
NXS/BTC,1608136845969,2020-12-16T16:40:45.969Z,sell,1.12e-05,10.0,0.000112
NXS/BTC,1608136870982,2020-12-16T16:41:10.982Z,sell,1.12e-05,10.0,0.000112
NXS/BTC,1608136880966,2020-12-16T16:41:20.966Z,sell,1.12e-05,10.0,0.000112
NXS/BTC,1608136905967,2020-12-16T16:41:45.967Z,sell,1.12e-05,10.0,0.000112
NXS/BTC,1608136930994,2020-12-16T16:42:10.994Z,sell,1.12e-05,10.0,0.000112
NXS/BTC,1608136940973,2020-12-16T16:42:20.973Z,sell,1.12e-05,10.0,0.000112
NXS/BTC,1608136965986,2020-12-16T16:42:45.986Z,sell,1.12e-05,10.0,0.000112
NXS/BTC,1608136990986,2020-12-16T16:43:10.986Z,sell,1.12e-05,10.0,0.000112
NXS/BTC,1608137001001,2020-12-16T16:43:21.001Z,sell,1.12e-05,10.0,0.000112
NXS/BTC,1608137025985,2020-12-16T16:43:45.985Z,sell,1.12e-05,10.0,0.000112
NXS/BTC,1608137051024,2020-12-16T16:44:11.024Z,sell,1.121e-05,10.0,0.0001120999999999
NXS/BTC,1608137051834,2020-12-16T16:44:11.834Z,buy,1.125e-05,171.0,0.00192375
NXS/BTC,1608137061129,2020-12-16T16:44:21.129Z,sell,1.121e-05,10.0,0.0001120999999999
NXS/BTC,1608137076044,2020-12-16T16:44:36.044Z,buy,1.125e-05,117.0,0.00131625
NXS/BTC,1608137081151,2020-12-16T16:44:41.151Z,sell,1.121e-05,10.0,0.0001120999999999
NXS/BTC,1608137111157,2020-12-16T16:45:11.157Z,sell,1.121e-05,10.0,0.0001120999999999
NXS/BTC,1608137121153,2020-12-16T16:45:21.153Z,sell,1.121e-05,10.0,0.0001120999999999
NXS/BTC,1608137146132,2020-12-16T16:45:46.132Z,sell,1.121e-05,10.0,0.0001120999999999
NXS/BTC,1608137181122,2020-12-16T16:46:21.122Z,sell,1.121e-05,10.0,0.0001120999999999
NXS/BTC,1608137206126,2020-12-16T16:46:46.126Z,sell,1.121e-05,10.0,0.0001120999999999
NXS/BTC,1608137241132,2020-12-16T16:47:21.132Z,sell,1.121e-05,10.0,0.0001120999999999
NXS/BTC,1608137271164,2020-12-16T16:47:51.164Z,sell,1.121e-05,10.0,0.0001120999999999
NXS/BTC,1608137301148,2020-12-16T16:48:21.148Z,sell,1.121e-05,10.0,0.0001120999999999
NXS/BTC,1608137331019,2020-12-16T16:48:51.019Z,sell,1.121e-05,10.0,0.0001120999999999
NXS/BTC,1608137336384,2020-12-16T16:48:56.384Z,buy,1.122e-05,42.0,0.00047124
NXS/BTC,1608137361020,2020-12-16T16:49:21.020Z,sell,1.122e-05,10.0,0.0001121999999999
NXS/BTC,1608137391022,2020-12-16T16:49:51.022Z,sell,1.122e-05,10.0,0.0001121999999999
NXS/BTC,1608137421017,2020-12-16T16:50:21.017Z,sell,1.121e-05,10.0,0.0001120999999999
NXS/BTC,1608137425519,2020-12-16T16:50:25.519Z,buy,1.123e-05,147.0,0.00165081
NXS/BTC,1608137425519,2020-12-16T16:50:25.519Z,buy,1.124e-05,479.0,0.00538396
NXS/BTC,1608137425519,2020-12-16T16:50:25.519Z,buy,1.125e-05,566.0,0.0063675
NXS/BTC,1608137481064,2020-12-16T16:51:21.064Z,sell,1.121e-05,10.0,0.0001120999999999
NXS/BTC,1608137506039,2020-12-16T16:51:46.039Z,sell,1.121e-05,10.0,0.0001120999999999
NXS/BTC,1608137541027,2020-12-16T16:52:21.027Z,sell,1.121e-05,10.0,0.0001120999999999
NXS/BTC,1608137546131,2020-12-16T16:52:26.131Z,sell,1.121e-05,140.0,0.0015693999999999
NXS/BTC,1608137546131,2020-12-16T16:52:26.131Z,sell,1.12e-05,117.0,0.0013104
NXS/BTC,1608137546131,2020-12-16T16:52:26.131Z,sell,1.116e-05,11.0,0.00012276
NXS/BTC,1608137546131,2020-12-16T16:52:26.131Z,sell,1.115e-05,219.0,0.00244185
NXS/BTC,1608137546131,2020-12-16T16:52:26.131Z,sell,1.114e-05,173.0,0.00192722
NXS/BTC,1608137546131,2020-12-16T16:52:26.131Z,sell,1.113e-05,539.0,0.00599907
NXS/BTC,1608137546131,2020-12-16T16:52:26.131Z,sell,1.112e-05,143.0,0.00159016
NXS/BTC,1608137546131,2020-12-16T16:52:26.131Z,sell,1.112e-05,200.0,0.002224
NXS/BTC,1608137561024,2020-12-16T16:52:41.024Z,sell,1.114e-05,12.0,0.00013368
NXS/BTC,1608137591249,2020-12-16T16:53:11.249Z,sell,1.114e-05,10.0,0.0001114
NXS/BTC,1608137601156,2020-12-16T16:53:21.156Z,sell,1.115e-05,16.0,0.0001784
NXS/BTC,1608137621172,2020-12-16T16:53:41.172Z,sell,1.115e-05,17.0,0.00018955
NXS/BTC,1608137651172,2020-12-16T16:54:11.172Z,sell,1.115e-05,13.0,0.00014495
NXS/BTC,1608137661157,2020-12-16T16:54:21.157Z,sell,1.115e-05,18.0,0.0002007
NXS/BTC,1608137686161,2020-12-16T16:54:46.161Z,sell,1.115e-05,19.0,0.00021185
NXS/BTC,1608137706660,2020-12-16T16:55:06.660Z,sell,1.115e-05,300.0,0.003345
NXS/BTC,1608137711175,2020-12-16T16:55:11.175Z,sell,1.115e-05,15.0,0.00016725
NXS/BTC,1608137721193,2020-12-16T16:55:21.193Z,sell,1.115e-05,10.0,0.0001115
NXS/BTC,1608137736216,2020-12-16T16:55:36.216Z,sell,1.115e-05,19.0,0.00021185
NXS/BTC,1608137761174,2020-12-16T16:56:01.174Z,sell,1.115e-05,15.0,0.00016725
NXS/BTC,1608137781183,2020-12-16T16:56:21.183Z,sell,1.115e-05,13.0,0.00014495
NXS/BTC,1608137801164,2020-12-16T16:56:41.164Z,sell,1.115e-05,10.0,0.0001115
NXS/BTC,1608137821187,2020-12-16T16:57:01.187Z,sell,1.115e-05,10.0,0.0001115
NXS/BTC,1608137841169,2020-12-16T16:57:21.169Z,sell,1.115e-05,10.0,0.0001115
NXS/BTC,1608137866175,2020-12-16T16:57:46.175Z,sell,1.115e-05,10.0,0.0001115
NXS/BTC,1608137901190,2020-12-16T16:58:21.190Z,sell,1.115e-05,10.0,0.0001115
NXS/BTC,1608137936211,2020-12-16T16:58:56.211Z,sell,1.115e-05,10.0,0.0001115
NXS/BTC,1608137961198,2020-12-16T16:59:21.198Z,sell,1.115e-05,10.0,0.0001115
NXS/BTC,1608137996223,2020-12-16T16:59:56.223Z,sell,1.115e-05,10.0,0.0001115
NXS/BTC,1608138021207,2020-12-16T17:00:21.207Z,sell,1.115e-05,10.0,0.0001115
NXS/BTC,1608138022118,2020-12-16T17:00:22.118Z,buy,1.118e-05,216.0,0.00241488
NXS/BTC,1608138030952,2020-12-16T17:00:30.952Z,buy,1.118e-05,3.0,3.354e-05
NXS/BTC,1608138061211,2020-12-16T17:01:01.211Z,sell,1.118e-05,10.0,0.0001118
NXS/BTC,1608138081206,2020-12-16T17:01:21.206Z,sell,1.118e-05,10.0,0.0001118
NXS/BTC,1608138116079,2020-12-16T17:01:56.079Z,sell,1.118e-05,10.0,0.0001118
NXS/BTC,1608138141058,2020-12-16T17:02:21.058Z,sell,1.118e-05,10.0,0.0001118
NXS/BTC,1608138176093,2020-12-16T17:02:56.093Z,sell,1.118e-05,10.0,0.0001118
NXS/BTC,1608138201091,2020-12-16T17:03:21.091Z,sell,1.118e-05,1.0,1.118e-05
NXS/BTC,1608138206077,2020-12-16T17:03:26.077Z,sell,1.112e-05,10.0,0.0001112
NXS/BTC,1608138241077,2020-12-16T17:04:01.077Z,sell,1.112e-05,10.0,0.0001112
NXS/BTC,1608138261069,2020-12-16T17:04:21.069Z,sell,1.114e-05,9.0,0.00010026
NXS/BTC,1608138289150,2020-12-16T17:04:49.150Z,buy,1.119e-05,94.0,0.00105186
NXS/BTC,1608138289150,2020-12-16T17:04:49.150Z,buy,1.119e-05,94.0,0.00105186
NXS/BTC,1608138653968,2020-12-16T17:10:53.968Z,sell,1.115e-05,443.0,0.00493945
NXS/BTC,1608138653968,2020-12-16T17:10:53.968Z,sell,1.111e-05,592.0,0.00657712
NXS/BTC,1608138842302,2020-12-16T17:14:02.302Z,buy,1.116e-05,11.0,0.00012276
NXS/BTC,1608138842302,2020-12-16T17:14:02.302Z,buy,1.12e-05,217.0,0.0024304
NXS/BTC,1608138861260,2020-12-16T17:14:21.260Z,sell,1.12e-05,14.0,0.0001568
NXS/BTC,1608138891119,2020-12-16T17:14:51.119Z,sell,1.12e-05,10.0,0.000112
NXS/BTC,1608138906110,2020-12-16T17:15:06.110Z,sell,1.12e-05,12.0,0.0001344
NXS/BTC,1608138921117,2020-12-16T17:15:21.117Z,sell,1.12e-05,10.0,0.000112
NXS/BTC,1608138956138,2020-12-16T17:15:56.138Z,sell,1.12e-05,10.0,0.000112
NXS/BTC,1608138981115,2020-12-16T17:16:21.115Z,sell,1.12e-05,10.0,0.000112
NXS/BTC,1608139011132,2020-12-16T17:16:51.132Z,sell,1.12e-05,10.0,0.000112
NXS/BTC,1608139041114,2020-12-16T17:17:21.114Z,sell,1.12e-05,10.0,0.000112
NXS/BTC,1608139076156,2020-12-16T17:17:56.156Z,sell,1.12e-05,10.0,0.000112
NXS/BTC,1608139101135,2020-12-16T17:18:21.135Z,sell,1.12e-05,10.0,0.000112
NXS/BTC,1608139136145,2020-12-16T17:18:56.145Z,sell,1.12e-05,10.0,0.000112
NXS/BTC,1608139147991,2020-12-16T17:19:07.991Z,sell,1.12e-05,9.0,0.0001008
NXS/BTC,1608139161132,2020-12-16T17:19:21.132Z,sell,1.12e-05,10.0,0.000112
NXS/BTC,1608139196153,2020-12-16T17:19:56.153Z,sell,1.12e-05,10.0,0.000112
NXS/BTC,1608139221142,2020-12-16T17:20:21.142Z,sell,1.12e-05,10.0,0.000112
NXS/BTC,1608139261135,2020-12-16T17:21:01.135Z,sell,1.12e-05,10.0,0.000112
NXS/BTC,1608139281145,2020-12-16T17:21:21.145Z,sell,1.12e-05,10.0,0.000112
NXS/BTC,1608139321148,2020-12-16T17:22:01.148Z,sell,1.12e-05,10.0,0.000112
NXS/BTC,1608139341137,2020-12-16T17:22:21.137Z,sell,1.12e-05,10.0,0.000112
NXS/BTC,1608139391143,2020-12-16T17:23:11.143Z,sell,1.12e-05,10.0,0.000112
NXS/BTC,1608139401155,2020-12-16T17:23:21.155Z,sell,1.12e-05,10.0,0.000112
NXS/BTC,1608139451280,2020-12-16T17:24:11.280Z,sell,1.12e-05,10.0,0.000112
NXS/BTC,1608139461324,2020-12-16T17:24:21.324Z,sell,1.12e-05,10.0,0.000112
NXS/BTC,1608139511310,2020-12-16T17:25:11.310Z,sell,1.12e-05,10.0,0.000112
NXS/BTC,1608139521319,2020-12-16T17:25:21.319Z,sell,1.12e-05,10.0,0.000112
NXS/BTC,1608139571332,2020-12-16T17:26:11.332Z,sell,1.12e-05,10.0,0.000112
NXS/BTC,1608139581303,2020-12-16T17:26:21.303Z,sell,1.12e-05,10.0,0.000112
NXS/BTC,1608139641312,2020-12-16T17:27:21.312Z,sell,1.12e-05,10.0,0.000112
NXS/BTC,1608139701184,2020-12-16T17:28:21.184Z,sell,1.12e-05,10.0,0.000112
NXS/BTC,1608139761194,2020-12-16T17:29:21.194Z,sell,1.12e-05,10.0,0.000112
NXS/BTC,1608139821193,2020-12-16T17:30:21.193Z,sell,1.12e-05,10.0,0.000112
