symbol,timestamp,datetime,side,price,amount,btc_volume
NXS/BTC,1584115031850,2020-03-13T15:57:11.850Z,sell,1.995e-05,31.0,0.00061845
NXS/BTC,1584115034192,2020-03-13T15:57:14.192Z,buy,1.995e-05,16.0,0.0003192
NXS/BTC,1584115037671,2020-03-13T15:57:17.671Z,sell,1.99e-05,16.0,0.0003184
NXS/BTC,1584115039851,2020-03-13T15:57:19.851Z,sell,1.99e-05,10.0,0.0001989999999999
NXS/BTC,1584115039851,2020-03-13T15:57:19.851Z,sell,1.989e-05,8.0,0.00015912
NXS/BTC,1584115039851,2020-03-13T15:57:19.851Z,sell,1.988e-05,16.0,0.00031808
NXS/BTC,1584115040967,2020-03-13T15:57:20.967Z,buy,1.984e-05,8.0,0.00015872
NXS/BTC,1584115041275,2020-03-13T15:57:21.275Z,buy,1.984e-05,56.0,0.00111104
NXS/BTC,1584115041499,2020-03-13T15:57:21.499Z,buy,1.984e-05,6.0,0.00011904
NXS/BTC,1584115041788,2020-03-13T15:57:21.788Z,buy,1.984e-05,10.0,0.0001984
NXS/BTC,1584115041997,2020-03-13T15:57:21.997Z,buy,1.984e-05,8.0,0.00015872
NXS/BTC,1584115042534,2020-03-13T15:57:22.534Z,buy,1.984e-05,10.0,0.0001984
NXS/BTC,1584115042577,2020-03-13T15:57:22.577Z,buy,1.984e-05,10.0,0.0001984
NXS/BTC,1584115042656,2020-03-13T15:57:22.656Z,buy,1.984e-05,8.0,0.00015872
NXS/BTC,1584115046751,2020-03-13T15:57:26.751Z,buy,1.988e-05,71.0,0.00141148
NXS/BTC,1584115048504,2020-03-13T15:57:28.504Z,buy,1.988e-05,503.0,0.0099996399999999
NXS/BTC,1584115052659,2020-03-13T15:57:32.659Z,sell,1.976e-05,2190.0,0.0432744
NXS/BTC,1584115054290,2020-03-13T15:57:34.290Z,buy,1.988e-05,10.0,0.0001988
NXS/BTC,1584115075336,2020-03-13T15:57:55.336Z,buy,1.988e-05,17.0,0.00033796
NXS/BTC,1584115075633,2020-03-13T15:57:55.633Z,buy,1.988e-05,18.0,0.00035784
NXS/BTC,1584115111521,2020-03-13T15:58:31.521Z,buy,1.988e-05,12.0,0.00023856
NXS/BTC,1584115207336,2020-03-13T16:00:07.336Z,buy,1.988e-05,7.0,0.00013916
NXS/BTC,1584115207637,2020-03-13T16:00:07.637Z,buy,1.988e-05,6.0,0.00011928
NXS/BTC,1584115209619,2020-03-13T16:00:09.619Z,buy,1.988e-05,6.0,0.00011928
NXS/BTC,1584115210180,2020-03-13T16:00:10.180Z,buy,1.988e-05,46.0,0.00091448
NXS/BTC,1584115212589,2020-03-13T16:00:12.589Z,buy,1.988e-05,13.0,0.0002584399999999
NXS/BTC,1584115219997,2020-03-13T16:00:19.997Z,sell,1.978e-05,85.0,0.0016813
NXS/BTC,1584115219997,2020-03-13T16:00:19.997Z,sell,1.975e-05,226.0,0.0044635
NXS/BTC,1584115220901,2020-03-13T16:00:20.901Z,buy,1.975e-05,14.0,0.0002765
NXS/BTC,1584115221006,2020-03-13T16:00:21.006Z,buy,1.975e-05,14.0,0.0002765
NXS/BTC,1584115223546,2020-03-13T16:00:23.546Z,buy,1.975e-05,6.0,0.0001185
NXS/BTC,1584115232103,2020-03-13T16:00:32.103Z,sell,1.974e-05,158.0,0.00311892
NXS/BTC,1584115245787,2020-03-13T16:00:45.787Z,buy,1.984e-05,5.0,9.92e-05
NXS/BTC,1584115245865,2020-03-13T16:00:45.865Z,buy,1.984e-05,23.0,0.0004563199999999
NXS/BTC,1584115256088,2020-03-13T16:00:56.088Z,buy,1.984e-05,80.0,0.0015872
NXS/BTC,1584115270304,2020-03-13T16:01:10.304Z,buy,1.987e-05,5.0,9.935e-05
NXS/BTC,1584115307447,2020-03-13T16:01:47.447Z,sell,1.978e-05,85.0,0.0016813
NXS/BTC,1584115307447,2020-03-13T16:01:47.447Z,sell,1.975e-05,212.0,0.004187
NXS/BTC,1584115307447,2020-03-13T16:01:47.447Z,sell,1.974e-05,256.0,0.00505344
NXS/BTC,1584115318733,2020-03-13T16:01:58.733Z,buy,1.987e-05,15.0,0.00029805
NXS/BTC,1584115334476,2020-03-13T16:02:14.476Z,buy,1.987e-05,8.0,0.00015896
NXS/BTC,1584115357412,2020-03-13T16:02:37.412Z,buy,1.984e-05,5.0,9.92e-05
NXS/BTC,1584115360564,2020-03-13T16:02:40.564Z,buy,1.984e-05,5.0,9.92e-05
NXS/BTC,1584115390985,2020-03-13T16:03:10.985Z,buy,1.984e-05,6.0,0.00011904
NXS/BTC,1584115393706,2020-03-13T16:03:13.706Z,buy,1.984e-05,6.0,0.00011904
NXS/BTC,1584115451783,2020-03-13T16:04:11.783Z,buy,1.984e-05,6.0,0.00011904
NXS/BTC,1584115520390,2020-03-13T16:05:20.390Z,buy,1.984e-05,6.0,0.00011904
NXS/BTC,1584115570702,2020-03-13T16:06:10.702Z,sell,1.981e-05,6.0,0.0001188599999999
NXS/BTC,1584115570702,2020-03-13T16:06:10.702Z,sell,1.976e-05,233.0,0.00460408
NXS/BTC,1584115570702,2020-03-13T16:06:10.702Z,sell,1.975e-05,261.0,0.00515475
NXS/BTC,1584115681146,2020-03-13T16:08:01.146Z,buy,1.984e-05,51.0,0.00101184
NXS/BTC,1584116043052,2020-03-13T16:14:03.052Z,buy,1.987e-05,63.0,0.00125181
NXS/BTC,1584116069451,2020-03-13T16:14:29.451Z,buy,1.988e-05,443.0,0.00880684
NXS/BTC,1584116113386,2020-03-13T16:15:13.386Z,buy,1.989e-05,85.0,0.00169065
NXS/BTC,1584116113386,2020-03-13T16:15:13.386Z,buy,1.994e-05,85.0,0.0016948999999999
NXS/BTC,1584116113386,2020-03-13T16:15:13.386Z,buy,1.995e-05,364.0,0.0072618
NXS/BTC,1584116113386,2020-03-13T16:15:13.386Z,buy,1.996e-05,172.0,0.0034331199999999
NXS/BTC,1584116113386,2020-03-13T16:15:13.386Z,buy,1.997e-05,30.0,0.0005991
NXS/BTC,1584116113386,2020-03-13T16:15:13.386Z,buy,1.998e-05,10.0,0.0001997999999999
NXS/BTC,1584116113386,2020-03-13T16:15:13.386Z,buy,1.999e-05,53.0,0.00105947
NXS/BTC,1584116113386,2020-03-13T16:15:13.386Z,buy,2e-05,85.0,0.0017
NXS/BTC,1584116113386,2020-03-13T16:15:13.386Z,buy,2.001e-05,8.0,0.00016008
NXS/BTC,1584116113386,2020-03-13T16:15:13.386Z,buy,2.002e-05,18.0,0.00036036
NXS/BTC,1584116113386,2020-03-13T16:15:13.386Z,buy,2.005e-05,418.0,0.0083809
NXS/BTC,1584116113386,2020-03-13T16:15:13.386Z,buy,2.007e-05,897.0,0.0180027899999999
NXS/BTC,1584116113386,2020-03-13T16:15:13.386Z,buy,2.008e-05,73.0,0.00146584
NXS/BTC,1584116113386,2020-03-13T16:15:13.386Z,buy,2.009e-05,81.0,0.00162729
NXS/BTC,1584116113386,2020-03-13T16:15:13.386Z,buy,2.01e-05,85.0,0.0017085
NXS/BTC,1584116113386,2020-03-13T16:15:13.386Z,buy,2.011e-05,67.0,0.0013473699999999
NXS/BTC,1584116113386,2020-03-13T16:15:13.386Z,buy,2.016e-05,85.0,0.0017136
NXS/BTC,1584116113386,2020-03-13T16:15:13.386Z,buy,2.017e-05,21.0,0.0004235699999999
NXS/BTC,1584116113386,2020-03-13T16:15:13.386Z,buy,2.018e-05,30.0,0.0006054
NXS/BTC,1584116113386,2020-03-13T16:15:13.386Z,buy,2.021e-05,166.0,0.00335486
NXS/BTC,1584116113386,2020-03-13T16:15:13.386Z,buy,2.022e-05,13.0,0.00026286
NXS/BTC,1584116113386,2020-03-13T16:15:13.386Z,buy,2.024e-05,14.0,0.0002833599999999
NXS/BTC,1584116113386,2020-03-13T16:15:13.386Z,buy,2.026e-05,93.0,0.0018841799999999
NXS/BTC,1584116113386,2020-03-13T16:15:13.386Z,buy,2.03e-05,26.0,0.0005277999999999
NXS/BTC,1584116113386,2020-03-13T16:15:13.386Z,buy,2.031e-05,116.0,0.00235596
NXS/BTC,1584116113386,2020-03-13T16:15:13.386Z,buy,2.032e-05,85.0,0.0017272
NXS/BTC,1584116113386,2020-03-13T16:15:13.386Z,buy,2.033e-05,81.0,0.00164673
NXS/BTC,1584116113386,2020-03-13T16:15:13.386Z,buy,2.036e-05,14.0,0.00028504
NXS/BTC,1584116113386,2020-03-13T16:15:13.386Z,buy,2.037e-05,85.0,0.00173145
NXS/BTC,1584116113386,2020-03-13T16:15:13.386Z,buy,2.04e-05,95.0,0.001938
NXS/BTC,1584116113386,2020-03-13T16:15:13.386Z,buy,2.042e-05,53.0,0.00108226
NXS/BTC,1584116113386,2020-03-13T16:15:13.386Z,buy,2.043e-05,85.0,0.00173655
NXS/BTC,1584116113386,2020-03-13T16:15:13.386Z,buy,2.045e-05,13.0,0.00026585
NXS/BTC,1584116113386,2020-03-13T16:15:13.386Z,buy,2.046e-05,81.0,0.00165726
NXS/BTC,1584116113386,2020-03-13T16:15:13.386Z,buy,2.047e-05,8.0,0.00016376
NXS/BTC,1584116113386,2020-03-13T16:15:13.386Z,buy,2.048e-05,99.0,0.00202752
NXS/BTC,1584116113401,2020-03-13T16:15:13.401Z,sell,2.05e-05,1078.0,0.022099
NXS/BTC,1584116113401,2020-03-13T16:15:13.401Z,sell,2.05e-05,6.0,0.000123
NXS/BTC,1584116113433,2020-03-13T16:15:13.433Z,buy,1.992e-05,131.0,0.0026095199999999
NXS/BTC,1584116116370,2020-03-13T16:15:16.370Z,buy,2.036e-05,14.0,0.00028504
NXS/BTC,1584116117228,2020-03-13T16:15:17.228Z,sell,2.033e-05,81.0,0.00164673
NXS/BTC,1584116118872,2020-03-13T16:15:18.872Z,sell,2.026e-05,8.0,0.00016208
NXS/BTC,1584116118872,2020-03-13T16:15:18.872Z,sell,2.024e-05,10.0,0.0002024
NXS/BTC,1584116154262,2020-03-13T16:15:54.262Z,sell,2.043e-05,17.0,0.00034731
NXS/BTC,1584116154299,2020-03-13T16:15:54.299Z,sell,2.043e-05,12.0,0.00024516
NXS/BTC,1584116154885,2020-03-13T16:15:54.885Z,sell,2.043e-05,6.0,0.00012258
NXS/BTC,1584116173451,2020-03-13T16:16:13.451Z,buy,2.045e-05,7.0,0.0001431499999999
NXS/BTC,1584116173451,2020-03-13T16:16:13.451Z,buy,2.046e-05,81.0,0.00165726
NXS/BTC,1584116173451,2020-03-13T16:16:13.451Z,buy,2.047e-05,8.0,0.00016376
NXS/BTC,1584116173451,2020-03-13T16:16:13.451Z,buy,2.048e-05,14.0,0.00028672
NXS/BTC,1584116173451,2020-03-13T16:16:13.451Z,buy,2.053e-05,87.0,0.00178611
NXS/BTC,1584116176414,2020-03-13T16:16:16.414Z,sell,2.043e-05,33.0,0.00067419
NXS/BTC,1584116211715,2020-03-13T16:16:51.715Z,sell,2.048e-05,14.0,0.00028672
NXS/BTC,1584116212736,2020-03-13T16:16:52.736Z,sell,2.048e-05,14.0,0.00028672
NXS/BTC,1584116214095,2020-03-13T16:16:54.095Z,sell,2.048e-05,57.0,0.00116736
NXS/BTC,1584116214095,2020-03-13T16:16:54.095Z,sell,2.043e-05,17.0,0.00034731
NXS/BTC,1584116215127,2020-03-13T16:16:55.127Z,buy,2.041e-05,11.0,0.00022451
NXS/BTC,1584116215127,2020-03-13T16:16:55.127Z,buy,2.051e-05,263.0,0.00539413
NXS/BTC,1584116215292,2020-03-13T16:16:55.292Z,sell,2.037e-05,30.0,0.0006111
NXS/BTC,1584116255367,2020-03-13T16:17:35.367Z,sell,2.037e-05,11.0,0.00022407
NXS/BTC,1584116259581,2020-03-13T16:17:39.581Z,buy,2.041e-05,2122.0,0.04331002
NXS/BTC,1584116273826,2020-03-13T16:17:53.826Z,sell,2.041e-05,12.0,0.00024492
NXS/BTC,1584116275914,2020-03-13T16:17:55.914Z,sell,2.041e-05,14.0,0.00028574
NXS/BTC,1584116284924,2020-03-13T16:18:04.924Z,sell,2.041e-05,301.0,0.00614341
NXS/BTC,1584116297246,2020-03-13T16:18:17.246Z,sell,2.037e-05,44.0,0.00089628
NXS/BTC,1584116297246,2020-03-13T16:18:17.246Z,sell,2.036e-05,14.0,0.00028504
NXS/BTC,1584116297246,2020-03-13T16:18:17.246Z,sell,2.033e-05,81.0,0.00164673
NXS/BTC,1584116297246,2020-03-13T16:18:17.246Z,sell,2.032e-05,85.0,0.0017272
NXS/BTC,1584116297246,2020-03-13T16:18:17.246Z,sell,2.031e-05,27.0,0.00054837
NXS/BTC,1584116297246,2020-03-13T16:18:17.246Z,sell,2.026e-05,93.0,0.0018841799999999
NXS/BTC,1584116297246,2020-03-13T16:18:17.246Z,sell,2.024e-05,4.0,8.096e-05
NXS/BTC,1584116297246,2020-03-13T16:18:17.246Z,sell,2.022e-05,13.0,0.00026286
NXS/BTC,1584116297246,2020-03-13T16:18:17.246Z,sell,2.021e-05,147.0,0.00297087
NXS/BTC,1584116455977,2020-03-13T16:20:55.977Z,buy,2.032e-05,5.0,0.0001015999999999
NXS/BTC,1584116588101,2020-03-13T16:23:08.101Z,buy,2.032e-05,5.0,0.0001015999999999
NXS/BTC,1584116608656,2020-03-13T16:23:28.656Z,sell,2.029e-05,5.0,0.00010145
NXS/BTC,1584116608656,2020-03-13T16:23:28.656Z,sell,2.021e-05,1.0,2.021e-05
NXS/BTC,1584116687441,2020-03-13T16:24:47.441Z,buy,2.032e-05,10.0,0.0002031999999999
NXS/BTC,1584117629093,2020-03-13T16:40:29.093Z,sell,2.021e-05,18.0,0.00036378
NXS/BTC,1584117629093,2020-03-13T16:40:29.093Z,sell,2.019e-05,482.0,0.00973158
NXS/BTC,1584117629093,2020-03-13T16:40:29.093Z,sell,2.019e-05,6.0,0.00012114
NXS/BTC,1584117656245,2020-03-13T16:40:56.245Z,sell,2.019e-05,6.0,0.00012114
NXS/BTC,1584117657653,2020-03-13T16:40:57.653Z,buy,2.019e-05,6.0,0.00012114
NXS/BTC,1584117678209,2020-03-13T16:41:18.209Z,sell,2.018e-05,35.0,0.0007063
NXS/BTC,1584117692409,2020-03-13T16:41:32.409Z,sell,2.017e-05,10.0,0.0002016999999999
NXS/BTC,1584117714785,2020-03-13T16:41:54.785Z,sell,2.016e-05,85.0,0.0017136
NXS/BTC,1584117923888,2020-03-13T16:45:23.888Z,buy,2.021e-05,27.0,0.00054567
NXS/BTC,1584117937734,2020-03-13T16:45:37.734Z,buy,2.021e-05,5.0,0.00010105
NXS/BTC,1584117971836,2020-03-13T16:46:11.836Z,buy,2.021e-05,5.0,0.00010105
NXS/BTC,1584118571413,2020-03-13T16:56:11.413Z,buy,2.021e-05,548.0,0.01107508
NXS/BTC,1584118571413,2020-03-13T16:56:11.413Z,buy,2.021e-05,548.0,0.01107508
NXS/BTC,1584118625824,2020-03-13T16:57:05.824Z,sell,2.02e-05,42.0,0.0008484
NXS/BTC,1584118637119,2020-03-13T16:57:17.119Z,buy,2.026e-05,5.0,0.0001013
NXS/BTC,1584118646177,2020-03-13T16:57:26.177Z,sell,2.016e-05,90.0,0.0018144
NXS/BTC,1584118672524,2020-03-13T16:57:52.524Z,sell,2.012e-05,5.0,0.0001006
NXS/BTC,1584118691595,2020-03-13T16:58:11.595Z,sell,2.011e-05,67.0,0.0013473699999999
NXS/BTC,1584118692962,2020-03-13T16:58:12.962Z,buy,2.011e-05,6.0,0.00012066
NXS/BTC,1584118713273,2020-03-13T16:58:33.273Z,sell,2.01e-05,85.0,0.0017085
NXS/BTC,1584118734593,2020-03-13T16:58:54.593Z,sell,2.009e-05,81.0,0.00162729
NXS/BTC,1584118765486,2020-03-13T16:59:25.486Z,sell,2.008e-05,5.0,0.0001004
NXS/BTC,1584118766549,2020-03-13T16:59:26.549Z,buy,2.007e-05,34.0,0.00068238
NXS/BTC,1584118766581,2020-03-13T16:59:26.581Z,buy,2.007e-05,16.0,0.00032112
NXS/BTC,1584118766638,2020-03-13T16:59:26.638Z,buy,2.007e-05,15.0,0.0003010499999999
NXS/BTC,1584118794640,2020-03-13T16:59:54.640Z,sell,2.005e-05,121.0,0.00242605
NXS/BTC,1584118796512,2020-03-13T16:59:56.512Z,buy,2.005e-05,11.0,0.00022055
NXS/BTC,1584118813350,2020-03-13T17:00:13.350Z,sell,2.004e-05,5.0,0.0001002
NXS/BTC,1584118813350,2020-03-13T17:00:13.350Z,sell,2.003e-05,5.0,0.00010015
NXS/BTC,1584118827040,2020-03-13T17:00:27.040Z,buy,2.003e-05,7.0,0.00014021
NXS/BTC,1584118830978,2020-03-13T17:00:30.978Z,buy,2.003e-05,7.0,0.00014021
NXS/BTC,1584118832283,2020-03-13T17:00:32.283Z,buy,2.003e-05,7.0,0.00014021
NXS/BTC,1584118832761,2020-03-13T17:00:32.761Z,buy,2.003e-05,7.0,0.00014021
NXS/BTC,1584118838945,2020-03-13T17:00:38.945Z,buy,2.003e-05,10.0,0.0002003
NXS/BTC,1584118858525,2020-03-13T17:00:58.525Z,sell,2.007e-05,7.0,0.00014049
NXS/BTC,1584118858525,2020-03-13T17:00:58.525Z,sell,2.006e-05,21.0,0.00042126
NXS/BTC,1584118858525,2020-03-13T17:00:58.525Z,sell,2e-05,95.0,0.0019
NXS/BTC,1584118860172,2020-03-13T17:01:00.172Z,buy,2e-05,10.0,0.0002
NXS/BTC,1584118862187,2020-03-13T17:01:02.187Z,buy,2e-05,10.0,0.0002
NXS/BTC,1584118862700,2020-03-13T17:01:02.700Z,buy,2e-05,10.0,0.0002
NXS/BTC,1584118863453,2020-03-13T17:01:03.453Z,buy,2e-05,10.0,0.0002
NXS/BTC,1584118864437,2020-03-13T17:01:04.437Z,buy,2e-05,10.0,0.0002
NXS/BTC,1584118865227,2020-03-13T17:01:05.227Z,buy,2e-05,10.0,0.0002
NXS/BTC,1584118874632,2020-03-13T17:01:14.632Z,buy,2.005e-05,10.0,0.0002005
NXS/BTC,1584118877963,2020-03-13T17:01:17.963Z,sell,1.999e-05,33.0,0.00065967
NXS/BTC,1584118879020,2020-03-13T17:01:19.020Z,buy,1.999e-05,6.0,0.00011994
NXS/BTC,1584118884718,2020-03-13T17:01:24.718Z,sell,1.997e-05,186.0,0.00371442
NXS/BTC,1584118889003,2020-03-13T17:01:29.003Z,buy,1.997e-05,236.0,0.00471292
NXS/BTC,1584118889003,2020-03-13T17:01:29.003Z,buy,1.999e-05,813.0,0.01625187
NXS/BTC,1584118905086,2020-03-13T17:01:45.086Z,buy,1.999e-05,8.0,0.00015992
NXS/BTC,1584118930621,2020-03-13T17:02:10.621Z,buy,1.999e-05,10.0,0.0001999
NXS/BTC,1584118945456,2020-03-13T17:02:25.456Z,buy,1.999e-05,10.0,0.0001999
NXS/BTC,1584118971469,2020-03-13T17:02:51.469Z,buy,1.999e-05,6.0,0.00011994
NXS/BTC,1584118972506,2020-03-13T17:02:52.506Z,buy,1.999e-05,7.0,0.00013993
NXS/BTC,1584118974199,2020-03-13T17:02:54.199Z,buy,1.999e-05,7.0,0.00013993
NXS/BTC,1584118976284,2020-03-13T17:02:56.284Z,buy,1.999e-05,8.0,0.00015992
NXS/BTC,1584118977972,2020-03-13T17:02:57.972Z,buy,1.999e-05,9.0,0.00017991
NXS/BTC,1584118985932,2020-03-13T17:03:05.932Z,buy,1.999e-05,6.0,0.00011994
NXS/BTC,1584118987887,2020-03-13T17:03:07.887Z,buy,1.999e-05,6.0,0.00011994
NXS/BTC,1584118992003,2020-03-13T17:03:12.003Z,buy,1.999e-05,9.0,0.00017991
NXS/BTC,1584118996992,2020-03-13T17:03:16.992Z,buy,1.999e-05,7.0,0.00013993
NXS/BTC,1584118998412,2020-03-13T17:03:18.412Z,buy,1.999e-05,10.0,0.0001999
NXS/BTC,1584119090900,2020-03-13T17:04:50.900Z,sell,1.997e-05,197.0,0.00393409
NXS/BTC,1584119135776,2020-03-13T17:05:35.776Z,sell,1.996e-05,146.0,0.00291416
NXS/BTC,1584119147354,2020-03-13T17:05:47.354Z,buy,1.996e-05,6.0,0.0001197599999999
NXS/BTC,1584119166292,2020-03-13T17:06:06.292Z,sell,1.995e-05,6.0,0.0001197
NXS/BTC,1584119166292,2020-03-13T17:06:06.292Z,sell,1.994e-05,325.0,0.0064804999999999
NXS/BTC,1584119180033,2020-03-13T17:06:20.033Z,buy,1.994e-05,13.0,0.00025922
NXS/BTC,1584119181034,2020-03-13T17:06:21.034Z,buy,1.994e-05,341.0,0.00679954
NXS/BTC,1584119183933,2020-03-13T17:06:23.933Z,buy,1.994e-05,1783.0,0.03555302
NXS/BTC,1584120035399,2020-03-13T17:20:35.399Z,buy,2e-05,85.0,0.0017
NXS/BTC,1584120035399,2020-03-13T17:20:35.399Z,buy,2.003e-05,221.0,0.00442663
NXS/BTC,1584120035399,2020-03-13T17:20:35.399Z,buy,2.004e-05,55.0,0.0011022
NXS/BTC,1584120167574,2020-03-13T17:22:47.574Z,sell,1.994e-05,11.0,0.00021934
NXS/BTC,1584120171489,2020-03-13T17:22:51.489Z,sell,1.994e-05,7.0,0.00013958
NXS/BTC,1584120173546,2020-03-13T17:22:53.546Z,sell,1.994e-05,7.0,0.00013958
NXS/BTC,1584120175582,2020-03-13T17:22:55.582Z,sell,1.994e-05,8.0,0.00015952
NXS/BTC,1584120177547,2020-03-13T17:22:57.547Z,sell,1.995e-05,9.0,0.00017955
NXS/BTC,1584120185509,2020-03-13T17:23:05.509Z,sell,1.995e-05,6.0,0.0001197
NXS/BTC,1584120187536,2020-03-13T17:23:07.536Z,sell,1.995e-05,7.0,0.00013965
NXS/BTC,1584120191543,2020-03-13T17:23:11.543Z,sell,1.995e-05,9.0,0.00017955
NXS/BTC,1584120196582,2020-03-13T17:23:16.582Z,sell,1.995e-05,7.0,0.00013965
NXS/BTC,1584120305563,2020-03-13T17:25:05.563Z,buy,2.005e-05,9.0,0.00018045
NXS/BTC,1584120552666,2020-03-13T17:29:12.666Z,buy,2.005e-05,72.0,0.0014436
NXS/BTC,1584120552666,2020-03-13T17:29:12.666Z,buy,2.008e-05,439.0,0.00881512
NXS/BTC,1584120552666,2020-03-13T17:29:12.666Z,buy,2.009e-05,81.0,0.00162729
NXS/BTC,1584120552666,2020-03-13T17:29:12.666Z,buy,2.01e-05,85.0,0.0017085
NXS/BTC,1584120552666,2020-03-13T17:29:12.666Z,buy,2.011e-05,24.0,0.00048264
NXS/BTC,1584120552666,2020-03-13T17:29:12.666Z,buy,2.012e-05,30.0,0.0006036
NXS/BTC,1584120552666,2020-03-13T17:29:12.666Z,buy,2.014e-05,10.0,0.0002014
NXS/BTC,1584120552666,2020-03-13T17:29:12.666Z,buy,2.016e-05,829.0,0.01671264
NXS/BTC,1584120552666,2020-03-13T17:29:12.666Z,buy,2.017e-05,29.0,0.00058493
NXS/BTC,1584120552666,2020-03-13T17:29:12.666Z,buy,2.018e-05,1214.0,0.02449852
NXS/BTC,1584120563785,2020-03-13T17:29:23.785Z,sell,2.018e-05,6.0,0.00012108
NXS/BTC,1584120569378,2020-03-13T17:29:29.378Z,sell,2.018e-05,895.0,0.0180611
NXS/BTC,1584120696036,2020-03-13T17:31:36.036Z,buy,2.019e-05,51.0,0.00102969
NXS/BTC,1584120696036,2020-03-13T17:31:36.036Z,buy,2.02e-05,17.0,0.0003434
NXS/BTC,1584120696036,2020-03-13T17:31:36.036Z,buy,2.021e-05,155.0,0.00313255
NXS/BTC,1584120937745,2020-03-13T17:35:37.745Z,sell,2.016e-05,85.0,0.0017136
NXS/BTC,1584120937745,2020-03-13T17:35:37.745Z,sell,2.01e-05,85.0,0.0017085
NXS/BTC,1584120937745,2020-03-13T17:35:37.745Z,sell,2.005e-05,85.0,0.00170425
NXS/BTC,1584120937759,2020-03-13T17:35:37.759Z,buy,2.005e-05,35.0,0.00070175
NXS/BTC,1584121028508,2020-03-13T17:37:08.508Z,buy,2.005e-05,5.0,0.00010025
NXS/BTC,1584121278744,2020-03-13T17:41:18.744Z,sell,2e-05,85.0,0.0017
NXS/BTC,1584121278744,2020-03-13T17:41:18.744Z,sell,1.999e-05,14.0,0.00027986
NXS/BTC,1584121280022,2020-03-13T17:41:20.022Z,buy,1.998e-05,6.0,0.00011988
NXS/BTC,1584121293480,2020-03-13T17:41:33.480Z,buy,1.998e-05,6.0,0.00011988
NXS/BTC,1584121565754,2020-03-13T17:46:05.754Z,sell,1.997e-05,30.0,0.0005991
NXS/BTC,1584121565754,2020-03-13T17:46:05.754Z,sell,1.996e-05,11.0,0.00021956
NXS/BTC,1584121565754,2020-03-13T17:46:05.754Z,sell,1.997e-05,30.0,0.0005991
NXS/BTC,1584121565754,2020-03-13T17:46:05.754Z,sell,1.996e-05,11.0,0.00021956
NXS/BTC,1584122562004,2020-03-13T18:02:42.004Z,sell,1.996e-05,76.0,0.00151696
NXS/BTC,1584122562004,2020-03-13T18:02:42.004Z,sell,1.995e-05,30.0,0.0005985
NXS/BTC,1584122562004,2020-03-13T18:02:42.004Z,sell,1.994e-05,52.0,0.00103688
NXS/BTC,1584122562004,2020-03-13T18:02:42.004Z,sell,1.989e-05,65.0,0.00129285
NXS/BTC,1584122574961,2020-03-13T18:02:54.961Z,buy,2e-05,85.0,0.0017
NXS/BTC,1584122574961,2020-03-13T18:02:54.961Z,buy,2.005e-05,114.0,0.0022857
NXS/BTC,1584122574961,2020-03-13T18:02:54.961Z,buy,2.007e-05,21.0,0.0004214699999999
NXS/BTC,1584122584526,2020-03-13T18:03:04.526Z,sell,1.993e-05,220.0,0.0043846
NXS/BTC,1584122798921,2020-03-13T18:06:38.921Z,sell,2e-05,85.0,0.0017
NXS/BTC,1584122798921,2020-03-13T18:06:38.921Z,sell,1.994e-05,85.0,0.0016948999999999
NXS/BTC,1584122803964,2020-03-13T18:06:43.964Z,buy,1.99e-05,125.0,0.0024874999999999
NXS/BTC,1584122813364,2020-03-13T18:06:53.364Z,buy,1.99e-05,31.0,0.0006169
NXS/BTC,1584123124230,2020-03-13T18:12:04.230Z,buy,2e-05,85.0,0.0017
NXS/BTC,1584123124230,2020-03-13T18:12:04.230Z,buy,2.005e-05,85.0,0.00170425
NXS/BTC,1584123124230,2020-03-13T18:12:04.230Z,buy,2.007e-05,51.0,0.00102357
NXS/BTC,1584123479125,2020-03-13T18:17:59.125Z,sell,2.001e-05,1434.0,0.02869434
NXS/BTC,1584123510375,2020-03-13T18:18:30.375Z,sell,2.001e-05,81.0,0.00162081
NXS/BTC,1584123723047,2020-03-13T18:22:03.047Z,sell,2e-05,454.0,0.00908
NXS/BTC,1584123786639,2020-03-13T18:23:06.639Z,sell,2e-05,6.0,0.00012
NXS/BTC,1584123788934,2020-03-13T18:23:08.934Z,buy,2.005e-05,85.0,0.00170425
NXS/BTC,1584123788934,2020-03-13T18:23:08.934Z,buy,2.007e-05,396.0,0.00794772
NXS/BTC,1584123788934,2020-03-13T18:23:08.934Z,buy,2.009e-05,81.0,0.00162729
NXS/BTC,1584123788934,2020-03-13T18:23:08.934Z,buy,2.01e-05,85.0,0.0017085
NXS/BTC,1584123788934,2020-03-13T18:23:08.934Z,buy,2.011e-05,14.0,0.00028154
NXS/BTC,1584123788934,2020-03-13T18:23:08.934Z,buy,2.016e-05,85.0,0.0017136
NXS/BTC,1584123788934,2020-03-13T18:23:08.934Z,buy,2.018e-05,30.0,0.0006054
NXS/BTC,1584123788934,2020-03-13T18:23:08.934Z,buy,2.021e-05,96.0,0.00194016
NXS/BTC,1584123788934,2020-03-13T18:23:08.934Z,buy,2.022e-05,825.0,0.0166815
NXS/BTC,1584123788934,2020-03-13T18:23:08.934Z,buy,2.024e-05,35.0,0.0007084
NXS/BTC,1584123788934,2020-03-13T18:23:08.934Z,buy,2.025e-05,968.0,0.019602
NXS/BTC,1584123795796,2020-03-13T18:23:15.796Z,buy,2.025e-05,221.0,0.00447525
NXS/BTC,1584123795796,2020-03-13T18:23:15.796Z,buy,2.026e-05,98.0,0.00198548
NXS/BTC,1584123795796,2020-03-13T18:23:15.796Z,buy,2.027e-05,5.0,0.00010135
NXS/BTC,1584123795796,2020-03-13T18:23:15.796Z,buy,2.032e-05,65.0,0.0013208
NXS/BTC,1584123795796,2020-03-13T18:23:15.796Z,buy,2.033e-05,81.0,0.00164673
NXS/BTC,1584123795796,2020-03-13T18:23:15.796Z,buy,2.035e-05,55.0,0.00111925
NXS/BTC,1584123795796,2020-03-13T18:23:15.796Z,buy,2.036e-05,14.0,0.00028504
NXS/BTC,1584123795796,2020-03-13T18:23:15.796Z,buy,2.037e-05,85.0,0.00173145
NXS/BTC,1584123795796,2020-03-13T18:23:15.796Z,buy,2.039e-05,25.0,0.00050975
NXS/BTC,1584123796791,2020-03-13T18:23:16.791Z,sell,2.024e-05,14.0,0.0002833599999999
NXS/BTC,1584123796791,2020-03-13T18:23:16.791Z,sell,2.013e-05,12.0,0.0002415599999999
NXS/BTC,1584123797134,2020-03-13T18:23:17.134Z,sell,2.021e-05,6.0,0.00012126
NXS/BTC,1584123799050,2020-03-13T18:23:19.050Z,buy,2.036e-05,14.0,0.00028504
NXS/BTC,1584123799050,2020-03-13T18:23:19.050Z,buy,2.039e-05,147.0,0.00299733
NXS/BTC,1584123801841,2020-03-13T18:23:21.841Z,buy,2.04e-05,39.0,0.0007956
NXS/BTC,1584123802520,2020-03-13T18:23:22.520Z,sell,2.024e-05,4686.0,0.09484464
NXS/BTC,1584123805186,2020-03-13T18:23:25.186Z,sell,2.021e-05,337.0,0.00681077
NXS/BTC,1584123807685,2020-03-13T18:23:27.685Z,buy,2.036e-05,10.0,0.0002036
NXS/BTC,1584123814862,2020-03-13T18:23:34.862Z,buy,2.032e-05,5.0,0.0001015999999999
NXS/BTC,1584123822561,2020-03-13T18:23:42.561Z,sell,2.032e-05,42.0,0.0008534399999999
NXS/BTC,1584123822950,2020-03-13T18:23:42.950Z,sell,2.032e-05,6.0,0.00012192
NXS/BTC,1584123824610,2020-03-13T18:23:44.610Z,sell,2.032e-05,14.0,0.00028448
NXS/BTC,1584123825635,2020-03-13T18:23:45.635Z,sell,2.032e-05,14.0,0.00028448
NXS/BTC,1584123826089,2020-03-13T18:23:46.089Z,sell,2.032e-05,9.0,0.0001828799999999
NXS/BTC,1584123826089,2020-03-13T18:23:46.089Z,sell,2.029e-05,5.0,0.00010145
NXS/BTC,1584123826089,2020-03-13T18:23:46.089Z,sell,2.026e-05,41.0,0.00083066
NXS/BTC,1584123827540,2020-03-13T18:23:47.540Z,sell,2.026e-05,30.0,0.0006077999999999
NXS/BTC,1584123830941,2020-03-13T18:23:50.941Z,sell,2.026e-05,14.0,0.00028364
NXS/BTC,1584123830941,2020-03-13T18:23:50.941Z,sell,2.025e-05,5.0,0.00010125
NXS/BTC,1584123830941,2020-03-13T18:23:50.941Z,sell,2.021e-05,85.0,0.00171785
NXS/BTC,1584123830941,2020-03-13T18:23:50.941Z,sell,2.018e-05,30.0,0.0006054
NXS/BTC,1584123830941,2020-03-13T18:23:50.941Z,sell,2.016e-05,49.0,0.00098784
NXS/BTC,1584123833317,2020-03-13T18:23:53.317Z,sell,2.016e-05,36.0,0.00072576
NXS/BTC,1584123834854,2020-03-13T18:23:54.854Z,buy,2.012e-05,5.0,0.0001006
NXS/BTC,1584123845072,2020-03-13T18:24:05.072Z,sell,2.012e-05,770.0,0.0154924
NXS/BTC,1584124323968,2020-03-13T18:32:03.968Z,sell,2.018e-05,65.0,0.0013117
NXS/BTC,1584124323968,2020-03-13T18:32:03.968Z,sell,2.016e-05,5.0,0.0001008
NXS/BTC,1584124323968,2020-03-13T18:32:03.968Z,sell,2.015e-05,10.0,0.0002015
NXS/BTC,1584124323968,2020-03-13T18:32:03.968Z,sell,2.011e-05,14.0,0.00028154
NXS/BTC,1584124323968,2020-03-13T18:32:03.968Z,sell,2.01e-05,112.0,0.0022512
NXS/BTC,1584124323968,2020-03-13T18:32:03.968Z,sell,2.009e-05,81.0,0.00162729
NXS/BTC,1584124323968,2020-03-13T18:32:03.968Z,sell,2.005e-05,93.0,0.00186465
NXS/BTC,1584124323968,2020-03-13T18:32:03.968Z,sell,2e-05,1710.0,0.0342
NXS/BTC,1584124324082,2020-03-13T18:32:04.082Z,buy,2e-05,17.0,0.00034
NXS/BTC,1584124330014,2020-03-13T18:32:10.014Z,buy,2e-05,7.0,0.00014
NXS/BTC,1584124331881,2020-03-13T18:32:11.881Z,buy,2e-05,5.0,0.0001
NXS/BTC,1584124335067,2020-03-13T18:32:15.067Z,buy,2e-05,5.0,0.0001
NXS/BTC,1584124337367,2020-03-13T18:32:17.367Z,buy,2e-05,6.0,0.00012
NXS/BTC,1584124345010,2020-03-13T18:32:25.010Z,sell,1.999e-05,800.0,0.015992
NXS/BTC,1584124408397,2020-03-13T18:33:28.397Z,sell,2.004e-05,5.0,0.0001002
NXS/BTC,1584124408397,2020-03-13T18:33:28.397Z,sell,1.997e-05,30.0,0.0005991
NXS/BTC,1584124408397,2020-03-13T18:33:28.397Z,sell,1.996e-05,81.0,0.0016167599999999
NXS/BTC,1584124408397,2020-03-13T18:33:28.397Z,sell,1.994e-05,85.0,0.0016948999999999
NXS/BTC,1584124408397,2020-03-13T18:33:28.397Z,sell,1.989e-05,20.0,0.0003978
NXS/BTC,1584124408397,2020-03-13T18:33:28.397Z,sell,1.988e-05,60.0,0.0011928
NXS/BTC,1584124408397,2020-03-13T18:33:28.397Z,sell,1.987e-05,14.0,0.00027818
NXS/BTC,1584124408397,2020-03-13T18:33:28.397Z,sell,1.984e-05,203.0,0.00402752
NXS/BTC,1584124408397,2020-03-13T18:33:28.397Z,sell,1.981e-05,53.0,0.00104993
NXS/BTC,1584124408397,2020-03-13T18:33:28.397Z,sell,1.978e-05,49.0,0.00096922
NXS/BTC,1584124410351,2020-03-13T18:33:30.351Z,buy,1.996e-05,6.0,0.0001197599999999
NXS/BTC,1584124413466,2020-03-13T18:33:33.466Z,buy,1.996e-05,6.0,0.0001197599999999
NXS/BTC,1584124414176,2020-03-13T18:33:34.176Z,buy,1.995e-05,497.0,0.00991515
NXS/BTC,1584124414188,2020-03-13T18:33:34.188Z,buy,1.995e-05,303.0,0.00604485
NXS/BTC,1584124416342,2020-03-13T18:33:36.342Z,buy,1.995e-05,303.0,0.00604485
NXS/BTC,1584124422234,2020-03-13T18:33:42.234Z,sell,1.979e-05,113.0,0.00223627
NXS/BTC,1584124422234,2020-03-13T18:33:42.234Z,sell,1.978e-05,36.0,0.00071208
NXS/BTC,1584124422234,2020-03-13T18:33:42.234Z,sell,1.976e-05,43.0,0.00084968
NXS/BTC,1584124422234,2020-03-13T18:33:42.234Z,sell,1.975e-05,20.0,0.0003949999999999
NXS/BTC,1584124422234,2020-03-13T18:33:42.234Z,sell,1.974e-05,65.0,0.0012831
NXS/BTC,1584124422234,2020-03-13T18:33:42.234Z,sell,1.973e-05,85.0,0.00167705
NXS/BTC,1584124422251,2020-03-13T18:33:42.251Z,buy,1.973e-05,238.0,0.0046957399999999
NXS/BTC,1584124422725,2020-03-13T18:33:42.725Z,buy,1.988e-05,141.0,0.00280308
NXS/BTC,1584124423356,2020-03-13T18:33:43.356Z,buy,1.987e-05,6.0,0.00011922
NXS/BTC,1584124425004,2020-03-13T18:33:45.004Z,buy,1.987e-05,8.0,0.00015896
NXS/BTC,1584124425004,2020-03-13T18:33:45.004Z,buy,1.988e-05,445.0,0.0088466
NXS/BTC,1584124425514,2020-03-13T18:33:45.514Z,buy,1.988e-05,874.0,0.01737512
NXS/BTC,1584124428059,2020-03-13T18:33:48.059Z,buy,1.988e-05,897.0,0.01783236
NXS/BTC,1584124432731,2020-03-13T18:33:52.731Z,buy,1.988e-05,865.0,0.0171962
NXS/BTC,1584124433494,2020-03-13T18:33:53.494Z,buy,1.988e-05,208.0,0.0041350399999999
NXS/BTC,1584124435303,2020-03-13T18:33:55.303Z,buy,1.988e-05,885.0,0.0175938
NXS/BTC,1584124438156,2020-03-13T18:33:58.156Z,buy,1.989e-05,86.0,0.00171054
NXS/BTC,1584124438165,2020-03-13T18:33:58.165Z,buy,1.989e-05,8.0,0.00015912
NXS/BTC,1584124442646,2020-03-13T18:34:02.646Z,sell,1.98e-05,185.0,0.003663
NXS/BTC,1584124442646,2020-03-13T18:34:02.646Z,sell,1.979e-05,1042.0,0.02062118
NXS/BTC,1584124442646,2020-03-13T18:34:02.646Z,sell,1.978e-05,773.0,0.01528994
NXS/BTC,1584124452279,2020-03-13T18:34:12.279Z,buy,1.994e-05,6.0,0.0001196399999999
NXS/BTC,1584124455492,2020-03-13T18:34:15.492Z,sell,1.99e-05,26.0,0.0005174
NXS/BTC,1584124455492,2020-03-13T18:34:15.492Z,sell,1.989e-05,8.0,0.00015912
NXS/BTC,1584124456705,2020-03-13T18:34:16.705Z,buy,1.989e-05,10.0,0.0001989
NXS/BTC,1584124456712,2020-03-13T18:34:16.712Z,sell,1.988e-05,80.0,0.0015904
NXS/BTC,1584124467710,2020-03-13T18:34:27.710Z,buy,1.984e-05,5.0,9.92e-05
NXS/BTC,1584124467710,2020-03-13T18:34:27.710Z,buy,1.989e-05,41.0,0.00081549
NXS/BTC,1584124467710,2020-03-13T18:34:27.710Z,buy,1.994e-05,72.0,0.00143568
NXS/BTC,1584124480427,2020-03-13T18:34:40.427Z,sell,1.99e-05,10.0,0.0001989999999999
NXS/BTC,1584124480427,2020-03-13T18:34:40.427Z,sell,1.989e-05,10.0,0.0001989
NXS/BTC,1584124480427,2020-03-13T18:34:40.427Z,sell,1.988e-05,20.0,0.0003976
NXS/BTC,1584124480427,2020-03-13T18:34:40.427Z,sell,1.984e-05,68.0,0.00134912
NXS/BTC,1584124507051,2020-03-13T18:35:07.051Z,buy,1.992e-05,208.0,0.00414336
NXS/BTC,1584124762194,2020-03-13T18:39:22.194Z,sell,1.991e-05,6.0,0.00011946
NXS/BTC,1584124827596,2020-03-13T18:40:27.596Z,buy,1.991e-05,417.0,0.00830247
NXS/BTC,1584124872025,2020-03-13T18:41:12.025Z,buy,1.991e-05,77.0,0.00153307
NXS/BTC,1584124872025,2020-03-13T18:41:12.025Z,buy,1.994e-05,4.0,7.976e-05
NXS/BTC,1584125065907,2020-03-13T18:44:25.907Z,buy,1.994e-05,3.0,5.981999999999999e-05
NXS/BTC,1584125065907,2020-03-13T18:44:25.907Z,buy,1.996e-05,18.0,0.0003592799999999
NXS/BTC,1584125115976,2020-03-13T18:45:15.976Z,sell,1.989e-05,238.0,0.00473382
NXS/BTC,1584125130265,2020-03-13T18:45:30.265Z,buy,1.995e-05,78.0,0.0015561
NXS/BTC,1584125141940,2020-03-13T18:45:41.940Z,buy,1.994e-05,80.0,0.0015952
NXS/BTC,1584125141940,2020-03-13T18:45:41.940Z,buy,1.994e-05,80.0,0.0015952
NXS/BTC,1584125199726,2020-03-13T18:46:39.726Z,buy,1.994e-05,5.0,9.97e-05
NXS/BTC,1584125199726,2020-03-13T18:46:39.726Z,buy,1.995e-05,3.0,5.9850000000000005e-05
NXS/BTC,1584125199845,2020-03-13T18:46:39.845Z,buy,1.995e-05,1.0,1.995e-05
NXS/BTC,1584125199845,2020-03-13T18:46:39.845Z,buy,1.996e-05,7.0,0.00013972
NXS/BTC,1584125199854,2020-03-13T18:46:39.854Z,buy,1.996e-05,109.0,0.00217564
NXS/BTC,1584125212846,2020-03-13T18:46:52.846Z,buy,1.997e-05,30.0,0.0005991
NXS/BTC,1584125222611,2020-03-13T18:47:02.611Z,buy,1.998e-05,16.0,0.00031968
NXS/BTC,1584125274979,2020-03-13T18:47:54.979Z,buy,1.999e-05,34.0,0.00067966
NXS/BTC,1584125274990,2020-03-13T18:47:54.990Z,buy,1.999e-05,67.0,0.00133933
NXS/BTC,1584125406540,2020-03-13T18:50:06.540Z,sell,1.989e-05,85.0,0.00169065
NXS/BTC,1584125406540,2020-03-13T18:50:06.540Z,sell,1.987e-05,3.0,5.961000000000001e-05
NXS/BTC,1584125469184,2020-03-13T18:51:09.184Z,buy,1.994e-05,75.0,0.0014954999999999
NXS/BTC,1584125469907,2020-03-13T18:51:09.907Z,sell,1.988e-05,6.0,0.00011928
NXS/BTC,1584125469907,2020-03-13T18:51:09.907Z,sell,1.987e-05,17.0,0.00033779
NXS/BTC,1584125479944,2020-03-13T18:51:19.944Z,buy,1.987e-05,99.0,0.00196713
NXS/BTC,1584125520377,2020-03-13T18:52:00.377Z,sell,1.984e-05,98.0,0.00194432
NXS/BTC,1584125520377,2020-03-13T18:52:00.377Z,sell,1.98e-05,209.0,0.0041382
NXS/BTC,1584125520377,2020-03-13T18:52:00.377Z,sell,1.979e-05,251.0,0.0049672899999999
NXS/BTC,1584125520377,2020-03-13T18:52:00.377Z,sell,1.978e-05,85.0,0.0016813
NXS/BTC,1584125520391,2020-03-13T18:52:00.391Z,buy,1.978e-05,15.0,0.0002967
NXS/BTC,1584125521790,2020-03-13T18:52:01.790Z,buy,1.977e-05,224.0,0.0044284799999999
NXS/BTC,1584125521790,2020-03-13T18:52:01.790Z,buy,1.978e-05,2023.0,0.04001494
NXS/BTC,1584125524284,2020-03-13T18:52:04.284Z,buy,1.978e-05,209.0,0.00413402
NXS/BTC,1584125533923,2020-03-13T18:52:13.923Z,buy,1.993e-05,847.0,0.01688071
NXS/BTC,1584125537176,2020-03-13T18:52:17.176Z,buy,1.984e-05,85.0,0.0016864
NXS/BTC,1584125537176,2020-03-13T18:52:17.176Z,buy,1.989e-05,158.0,0.00314262
NXS/BTC,1584125558942,2020-03-13T18:52:38.942Z,buy,1.994e-05,105.0,0.0020937
NXS/BTC,1584125577185,2020-03-13T18:52:57.185Z,sell,1.984e-05,170.0,0.0033728
NXS/BTC,1584125577185,2020-03-13T18:52:57.185Z,sell,1.98e-05,60.0,0.001188
NXS/BTC,1584125594436,2020-03-13T18:53:14.436Z,buy,1.994e-05,80.0,0.0015952
NXS/BTC,1584125631160,2020-03-13T18:53:51.160Z,buy,1.994e-05,19.0,0.0003788599999999
NXS/BTC,1584125717329,2020-03-13T18:55:17.329Z,buy,1.996e-05,53.0,0.00105788
NXS/BTC,1584125827305,2020-03-13T18:57:07.305Z,buy,1.996e-05,28.0,0.00055888
NXS/BTC,1584126151676,2020-03-13T19:02:31.676Z,sell,1.989e-05,85.0,0.00169065
NXS/BTC,1584126151676,2020-03-13T19:02:31.676Z,sell,1.984e-05,64.0,0.00126976
NXS/BTC,1584126175699,2020-03-13T19:02:55.699Z,sell,1.984e-05,8.0,0.00015872
NXS/BTC,1584126181579,2020-03-13T19:03:01.579Z,sell,1.984e-05,8.0,0.00015872
NXS/BTC,1584126184957,2020-03-13T19:03:04.957Z,buy,1.994e-05,75.0,0.0014954999999999
NXS/BTC,1584126569903,2020-03-13T19:09:29.903Z,buy,1.994e-05,141.0,0.00281154
NXS/BTC,1584126676659,2020-03-13T19:11:16.659Z,sell,1.989e-05,85.0,0.00169065
NXS/BTC,1584126676659,2020-03-13T19:11:16.659Z,sell,1.984e-05,86.0,0.00170624
NXS/BTC,1584126676659,2020-03-13T19:11:16.659Z,sell,1.982e-05,6.0,0.00011892
NXS/BTC,1584126676659,2020-03-13T19:11:16.659Z,sell,1.979e-05,163.0,0.0032257699999999
NXS/BTC,1584126676659,2020-03-13T19:11:16.659Z,sell,1.978e-05,158.0,0.00312524
NXS/BTC,1584126676659,2020-03-13T19:11:16.659Z,sell,1.976e-05,43.0,0.00084968
NXS/BTC,1584126676659,2020-03-13T19:11:16.659Z,sell,1.975e-05,1059.0,0.02091525
NXS/BTC,1584126676659,2020-03-13T19:11:16.659Z,sell,1.974e-05,929.0,0.01833846
NXS/BTC,1584126676659,2020-03-13T19:11:16.659Z,sell,1.973e-05,85.0,0.00167705
NXS/BTC,1584126676659,2020-03-13T19:11:16.659Z,sell,1.972e-05,95.0,0.0018734
NXS/BTC,1584126676659,2020-03-13T19:11:16.659Z,sell,1.971e-05,117.0,0.00230607
NXS/BTC,1584126676659,2020-03-13T19:11:16.659Z,sell,1.97e-05,5478.0,0.1079166
NXS/BTC,1584126691092,2020-03-13T19:11:31.092Z,buy,1.984e-05,53.0,0.00105152
NXS/BTC,1584126696696,2020-03-13T19:11:36.696Z,sell,1.978e-05,6.0,0.00011868
NXS/BTC,1584126700270,2020-03-13T19:11:40.270Z,buy,1.978e-05,42.0,0.00083076
NXS/BTC,1584126704751,2020-03-13T19:11:44.751Z,buy,1.978e-05,42.0,0.00083076
NXS/BTC,1584126716943,2020-03-13T19:11:56.943Z,buy,1.978e-05,37.0,0.00073186
NXS/BTC,1584126728364,2020-03-13T19:12:08.364Z,buy,1.978e-05,42.0,0.00083076
NXS/BTC,1584126736396,2020-03-13T19:12:16.396Z,buy,1.978e-05,42.0,0.00083076
NXS/BTC,1584126748785,2020-03-13T19:12:28.785Z,buy,1.978e-05,42.0,0.00083076
NXS/BTC,1584126756750,2020-03-13T19:12:36.750Z,buy,1.978e-05,42.0,0.00083076
NXS/BTC,1584126913029,2020-03-13T19:15:13.029Z,buy,1.978e-05,11.0,0.00021758
NXS/BTC,1584126913029,2020-03-13T19:15:13.029Z,buy,1.983e-05,6.0,0.00011898
NXS/BTC,1584126913029,2020-03-13T19:15:13.029Z,buy,1.984e-05,25.0,0.000496
NXS/BTC,1584126934877,2020-03-13T19:15:34.877Z,sell,1.974e-05,6.0,0.00011844
NXS/BTC,1584126934887,2020-03-13T19:15:34.887Z,buy,1.974e-05,85.0,0.0016779
NXS/BTC,1584126935417,2020-03-13T19:15:35.417Z,buy,1.974e-05,6.0,0.00011844
NXS/BTC,1584126961212,2020-03-13T19:16:01.212Z,buy,1.974e-05,29.0,0.00057246
NXS/BTC,1584126961212,2020-03-13T19:16:01.212Z,buy,1.978e-05,13.0,0.00025714
NXS/BTC,1584126973479,2020-03-13T19:16:13.479Z,buy,1.984e-05,311.0,0.00617024
NXS/BTC,1584126982904,2020-03-13T19:16:22.904Z,buy,1.986e-05,893.0,0.01773498
NXS/BTC,1584128423744,2020-03-13T19:40:23.744Z,buy,1.987e-05,14.0,0.00027818
NXS/BTC,1584128423744,2020-03-13T19:40:23.744Z,buy,1.989e-05,85.0,0.00169065
NXS/BTC,1584128423744,2020-03-13T19:40:23.744Z,buy,1.994e-05,85.0,0.0016948999999999
NXS/BTC,1584128423744,2020-03-13T19:40:23.744Z,buy,1.996e-05,146.0,0.00291416
NXS/BTC,1584128423744,2020-03-13T19:40:23.744Z,buy,1.997e-05,24.0,0.00047928
NXS/BTC,1584128437856,2020-03-13T19:40:37.856Z,sell,1.989e-05,6.0,0.00011934
NXS/BTC,1584128544761,2020-03-13T19:42:24.761Z,sell,1.989e-05,35.0,0.00069615
NXS/BTC,1584128544761,2020-03-13T19:42:24.761Z,sell,1.989e-05,35.0,0.00069615
NXS/BTC,1584128803081,2020-03-13T19:46:43.081Z,sell,1.989e-05,7.0,0.00013923
NXS/BTC,1584129230183,2020-03-13T19:53:50.183Z,sell,1.989e-05,37.0,0.00073593
NXS/BTC,1584129230183,2020-03-13T19:53:50.183Z,sell,1.985e-05,69.0,0.00136965
NXS/BTC,1584129230183,2020-03-13T19:53:50.183Z,sell,1.984e-05,166.0,0.00329344
NXS/BTC,1584129289996,2020-03-13T19:54:49.996Z,buy,1.989e-05,85.0,0.00169065
NXS/BTC,1584129436096,2020-03-13T19:57:16.096Z,sell,1.984e-05,85.0,0.0016864
NXS/BTC,1584129436096,2020-03-13T19:57:16.096Z,sell,1.979e-05,279.0,0.0055214099999999
NXS/BTC,1584129436096,2020-03-13T19:57:16.096Z,sell,1.978e-05,85.0,0.0016813
NXS/BTC,1584129436096,2020-03-13T19:57:16.096Z,sell,1.976e-05,116.0,0.00229216
NXS/BTC,1584129519992,2020-03-13T19:58:39.992Z,buy,1.984e-05,85.0,0.0016864
NXS/BTC,1584129519995,2020-03-13T19:58:39.995Z,buy,1.989e-05,85.0,0.00169065
NXS/BTC,1584130243692,2020-03-13T20:10:43.692Z,buy,1.994e-05,13.0,0.00025922
NXS/BTC,1584130265440,2020-03-13T20:11:05.440Z,buy,1.994e-05,72.0,0.00143568
NXS/BTC,1584130265440,2020-03-13T20:11:05.440Z,buy,1.995e-05,69.0,0.00137655
NXS/BTC,1584130265440,2020-03-13T20:11:05.440Z,buy,1.996e-05,81.0,0.0016167599999999
NXS/BTC,1584130265440,2020-03-13T20:11:05.440Z,buy,1.997e-05,28.0,0.00055916
NXS/BTC,1584130265440,2020-03-13T20:11:05.440Z,buy,1.999e-05,35.0,0.00069965
NXS/BTC,1584130265440,2020-03-13T20:11:05.440Z,buy,2e-05,20.0,0.0004
NXS/BTC,1584131613716,2020-03-13T20:33:33.716Z,buy,2e-05,52.0,0.00104
NXS/BTC,1584131660083,2020-03-13T20:34:20.083Z,buy,2e-05,88.0,0.00176
NXS/BTC,1584131660083,2020-03-13T20:34:20.083Z,buy,2e-05,88.0,0.00176
NXS/BTC,1584132401839,2020-03-13T20:46:41.839Z,buy,2.001e-05,18.0,0.00036018
NXS/BTC,1584132401839,2020-03-13T20:46:41.839Z,buy,2.002e-05,182.0,0.00364364
NXS/BTC,1584132902698,2020-03-13T20:55:02.698Z,buy,2.003e-05,100.0,0.002003
NXS/BTC,1584132992346,2020-03-13T20:56:32.346Z,buy,2.003e-05,67.0,0.00134201
NXS/BTC,1584132992346,2020-03-13T20:56:32.346Z,buy,2.005e-05,111.0,0.0022255499999999
NXS/BTC,1584132992346,2020-03-13T20:56:32.346Z,buy,2.006e-05,36.0,0.00072216
NXS/BTC,1584133134903,2020-03-13T20:58:54.903Z,buy,2.006e-05,6.0,0.00012036
NXS/BTC,1584133652984,2020-03-13T21:07:32.984Z,buy,2.006e-05,6.0,0.00012036
NXS/BTC,1584133794952,2020-03-13T21:09:54.952Z,buy,2.006e-05,48.0,0.00096288
NXS/BTC,1584134224732,2020-03-13T21:17:04.732Z,buy,2.006e-05,82.0,0.00164492
NXS/BTC,1584134224732,2020-03-13T21:17:04.732Z,buy,2.007e-05,54.0,0.00108378
NXS/BTC,1584134224732,2020-03-13T21:17:04.732Z,buy,2.009e-05,81.0,0.00162729
NXS/BTC,1584134224732,2020-03-13T21:17:04.732Z,buy,2.01e-05,85.0,0.0017085
NXS/BTC,1584134224732,2020-03-13T21:17:04.732Z,buy,2.011e-05,67.0,0.0013473699999999
NXS/BTC,1584134224732,2020-03-13T21:17:04.732Z,buy,2.013e-05,56.0,0.00112728
NXS/BTC,1584134224732,2020-03-13T21:17:04.732Z,buy,2.016e-05,97.0,0.00195552
NXS/BTC,1584134224732,2020-03-13T21:17:04.732Z,buy,2.018e-05,95.0,0.0019171
NXS/BTC,1584134224732,2020-03-13T21:17:04.732Z,buy,2.019e-05,1037.0,0.02093703
NXS/BTC,1584134224732,2020-03-13T21:17:04.732Z,buy,2.02e-05,1124.0,0.0227048
NXS/BTC,1584134224732,2020-03-13T21:17:04.732Z,buy,2.021e-05,283.0,0.00571943
NXS/BTC,1584134224732,2020-03-13T21:17:04.732Z,buy,2.022e-05,13.0,0.00026286
NXS/BTC,1584134224732,2020-03-13T21:17:04.732Z,buy,2.024e-05,14.0,0.0002833599999999
NXS/BTC,1584134224732,2020-03-13T21:17:04.732Z,buy,2.026e-05,93.0,0.0018841799999999
NXS/BTC,1584134224732,2020-03-13T21:17:04.732Z,buy,2.032e-05,85.0,0.0017272
NXS/BTC,1584134224732,2020-03-13T21:17:04.732Z,buy,2.033e-05,91.0,0.00185003
NXS/BTC,1584134224732,2020-03-13T21:17:04.732Z,buy,2.036e-05,4.0,8.144e-05
NXS/BTC,1584134224732,2020-03-13T21:17:04.732Z,buy,2.037e-05,85.0,0.00173145
NXS/BTC,1584134224732,2020-03-13T21:17:04.732Z,buy,2.04e-05,86.0,0.0017544
NXS/BTC,1584134224732,2020-03-13T21:17:04.732Z,buy,2.041e-05,1128.0,0.0230224799999999
NXS/BTC,1584134224732,2020-03-13T21:17:04.732Z,buy,2.042e-05,53.0,0.00108226
NXS/BTC,1584134224732,2020-03-13T21:17:04.732Z,buy,2.043e-05,85.0,0.00173655
NXS/BTC,1584134224732,2020-03-13T21:17:04.732Z,buy,2.045e-05,3620.0,0.074029
NXS/BTC,1584134226034,2020-03-13T21:17:06.034Z,sell,2.002e-05,6.0,0.00012012
NXS/BTC,1584134228037,2020-03-13T21:17:08.037Z,sell,2.024e-05,6.0,0.00012144
NXS/BTC,1584134231033,2020-03-13T21:17:11.033Z,sell,2.026e-05,6.0,0.00012156
NXS/BTC,1584134238041,2020-03-13T21:17:18.041Z,sell,2.037e-05,6.0,0.00012222
NXS/BTC,1584134255767,2020-03-13T21:17:35.767Z,sell,2.037e-05,39.0,0.0007944299999999
NXS/BTC,1584134255771,2020-03-13T21:17:35.771Z,sell,2.037e-05,40.0,0.0008148
NXS/BTC,1584134309870,2020-03-13T21:18:29.870Z,sell,2.032e-05,9.0,0.0001828799999999
NXS/BTC,1584134349781,2020-03-13T21:19:09.781Z,buy,2.043e-05,91.0,0.0018591299999999
NXS/BTC,1584134349788,2020-03-13T21:19:09.788Z,sell,2.043e-05,864.0,0.01765152
NXS/BTC,1584134349791,2020-03-13T21:19:09.791Z,sell,2.043e-05,78.0,0.0015935399999999
NXS/BTC,1584134359249,2020-03-13T21:19:19.249Z,buy,2.046e-05,5.0,0.0001023
NXS/BTC,1584134399883,2020-03-13T21:19:59.883Z,sell,2.037e-05,14.0,0.00028518
NXS/BTC,1584134687374,2020-03-13T21:24:47.374Z,buy,2.04e-05,5.0,0.000102
NXS/BTC,1584134687374,2020-03-13T21:24:47.374Z,buy,2.04e-05,5.0,0.000102
NXS/BTC,1584136003755,2020-03-13T21:46:43.755Z,sell,2.037e-05,9.0,0.00018333
NXS/BTC,1584136003755,2020-03-13T21:46:43.755Z,sell,2.037e-05,18.0,0.00036666
NXS/BTC,1584136006444,2020-03-13T21:46:46.444Z,sell,2.037e-05,32.0,0.00065184
NXS/BTC,1584136317100,2020-03-13T21:51:57.100Z,sell,2.037e-05,46.0,0.00093702
NXS/BTC,1584136342419,2020-03-13T21:52:22.419Z,buy,2.037e-05,99.0,0.00201663
NXS/BTC,1584136348118,2020-03-13T21:52:28.118Z,buy,2.037e-05,22.0,0.00044814
NXS/BTC,1584136351809,2020-03-13T21:52:31.809Z,buy,2.037e-05,9.0,0.00018333
NXS/BTC,1584136357534,2020-03-13T21:52:37.534Z,buy,2.037e-05,13.0,0.00026481
NXS/BTC,1584136496918,2020-03-13T21:54:56.918Z,sell,2.033e-05,5.0,0.00010165
NXS/BTC,1584136496918,2020-03-13T21:54:56.918Z,sell,2.032e-05,76.0,0.0015443199999999
NXS/BTC,1584136496918,2020-03-13T21:54:56.918Z,sell,2.031e-05,27.0,0.00054837
NXS/BTC,1584136496918,2020-03-13T21:54:56.918Z,sell,2.026e-05,85.0,0.0017220999999999
NXS/BTC,1584136496918,2020-03-13T21:54:56.918Z,sell,2.024e-05,8.0,0.00016192
NXS/BTC,1584136496918,2020-03-13T21:54:56.918Z,sell,2.022e-05,13.0,0.00026286
NXS/BTC,1584136497233,2020-03-13T21:54:57.233Z,buy,2.022e-05,336.0,0.00679392
NXS/BTC,1584136532130,2020-03-13T21:55:32.130Z,sell,2.029e-05,5.0,0.00010145
NXS/BTC,1584136532130,2020-03-13T21:55:32.130Z,sell,2.021e-05,166.0,0.00335486
NXS/BTC,1584136532130,2020-03-13T21:55:32.130Z,sell,2.018e-05,95.0,0.0019171
NXS/BTC,1584136532130,2020-03-13T21:55:32.130Z,sell,2.016e-05,90.0,0.0018144
NXS/BTC,1584136532130,2020-03-13T21:55:32.130Z,sell,2.013e-05,455.0,0.00915915
NXS/BTC,1584136537385,2020-03-13T21:55:37.385Z,sell,2.024e-05,5.0,0.0001012
NXS/BTC,1584136538926,2020-03-13T21:55:38.926Z,buy,2.021e-05,6.0,0.00012126
NXS/BTC,1584136554368,2020-03-13T21:55:54.368Z,buy,2.021e-05,6.0,0.00012126
NXS/BTC,1584136556183,2020-03-13T21:55:56.183Z,buy,2.021e-05,6.0,0.00012126
NXS/BTC,1584136769308,2020-03-13T21:59:29.308Z,sell,2.02e-05,5.0,0.000101
NXS/BTC,1584136769308,2020-03-13T21:59:29.308Z,sell,2.012e-05,143.0,0.00287716
NXS/BTC,1584136769308,2020-03-13T21:59:29.308Z,sell,2.011e-05,67.0,0.0013473699999999
NXS/BTC,1584136769308,2020-03-13T21:59:29.308Z,sell,2.01e-05,85.0,0.0017085
NXS/BTC,1584136769308,2020-03-13T21:59:29.308Z,sell,2.009e-05,81.0,0.00162729
NXS/BTC,1584136769308,2020-03-13T21:59:29.308Z,sell,2.005e-05,121.0,0.00242605
NXS/BTC,1584136769308,2020-03-13T21:59:29.308Z,sell,2.002e-05,567.0,0.01135134
NXS/BTC,1584136779960,2020-03-13T21:59:39.960Z,buy,2.01e-05,6.0,0.0001206
NXS/BTC,1584136821527,2020-03-13T22:00:21.527Z,buy,2.01e-05,6.0,0.0001206
NXS/BTC,1584136836498,2020-03-13T22:00:36.498Z,buy,2.01e-05,5.0,0.0001005
NXS/BTC,1584136861629,2020-03-13T22:01:01.629Z,buy,2.01e-05,68.0,0.0013668
NXS/BTC,1584136950043,2020-03-13T22:02:30.043Z,buy,2.016e-05,6.0,0.00012096
NXS/BTC,1584136987766,2020-03-13T22:03:07.766Z,buy,2.016e-05,17.0,0.00034272
NXS/BTC,1584137000296,2020-03-13T22:03:20.296Z,buy,2.016e-05,5.0,0.0001008
NXS/BTC,1584137001290,2020-03-13T22:03:21.290Z,buy,2.016e-05,5.0,0.0001008
NXS/BTC,1584137007288,2020-03-13T22:03:27.288Z,buy,2.016e-05,7.0,0.00014112
NXS/BTC,1584137017764,2020-03-13T22:03:37.764Z,buy,2.016e-05,6.0,0.00012096
NXS/BTC,1584137023856,2020-03-13T22:03:43.856Z,buy,2.016e-05,6.0,0.00012096
NXS/BTC,1584137026742,2020-03-13T22:03:46.742Z,buy,2.016e-05,10.0,0.0002016
NXS/BTC,1584137049093,2020-03-13T22:04:09.093Z,buy,2.016e-05,95.0,0.0019152
NXS/BTC,1584137049093,2020-03-13T22:04:09.093Z,buy,2.02e-05,143.0,0.0028886
NXS/BTC,1584137049093,2020-03-13T22:04:09.093Z,buy,2.021e-05,143.0,0.00289003
NXS/BTC,1584137049093,2020-03-13T22:04:09.093Z,buy,2.024e-05,878.0,0.01777072
NXS/BTC,1584138260210,2020-03-13T22:24:20.210Z,sell,2.016e-05,6.0,0.00012096
NXS/BTC,1584138265205,2020-03-13T22:24:25.205Z,sell,2.016e-05,6.0,0.00012096
NXS/BTC,1584138266276,2020-03-13T22:24:26.276Z,sell,2.016e-05,5.0,0.0001008
NXS/BTC,1584138272177,2020-03-13T22:24:32.177Z,sell,2.016e-05,7.0,0.00014112
NXS/BTC,1584138274273,2020-03-13T22:24:34.273Z,sell,2.016e-05,6.0,0.00012096
NXS/BTC,1584138277295,2020-03-13T22:24:37.295Z,sell,2.016e-05,9.0,0.00018144
NXS/BTC,1584138281300,2020-03-13T22:24:41.300Z,sell,2.016e-05,7.0,0.00014112
NXS/BTC,1584138287282,2020-03-13T22:24:47.282Z,sell,2.016e-05,6.0,0.00012096
NXS/BTC,1584138287282,2020-03-13T22:24:47.282Z,sell,2.016e-05,6.0,0.00012096
NXS/BTC,1584138623082,2020-03-13T22:30:23.082Z,sell,2.016e-05,33.0,0.00066528
NXS/BTC,1584138711692,2020-03-13T22:31:51.692Z,buy,2.016e-05,17.0,0.00034272
NXS/BTC,1584138788740,2020-03-13T22:33:08.740Z,buy,2.016e-05,5.0,0.0001008
NXS/BTC,1584138847354,2020-03-13T22:34:07.354Z,buy,2.016e-05,20.0,0.0004032
NXS/BTC,1584138847354,2020-03-13T22:34:07.354Z,buy,2.021e-05,40.0,0.0008084
NXS/BTC,1584139157623,2020-03-13T22:39:17.623Z,buy,2.021e-05,10.0,0.0002021
NXS/BTC,1584139952256,2020-03-13T22:52:32.256Z,buy,2.021e-05,15.0,0.00030315
NXS/BTC,1584139990468,2020-03-13T22:53:10.468Z,buy,2.021e-05,7.0,0.00014147
NXS/BTC,1584140001346,2020-03-13T22:53:21.346Z,buy,2.021e-05,7.0,0.00014147
NXS/BTC,1584140029152,2020-03-13T22:53:49.152Z,buy,2.021e-05,5.0,0.00010105
NXS/BTC,1584140057109,2020-03-13T22:54:17.109Z,buy,2.021e-05,14.0,0.00028294
NXS/BTC,1584140453087,2020-03-13T23:00:53.087Z,buy,2.021e-05,25.0,0.00050525
NXS/BTC,1584140479174,2020-03-13T23:01:19.174Z,buy,2.021e-05,5.0,0.00010105
NXS/BTC,1584140530202,2020-03-13T23:02:10.202Z,buy,2.021e-05,2.0,4.042e-05
NXS/BTC,1584140530202,2020-03-13T23:02:10.202Z,buy,2.026e-05,5.0,0.0001013
NXS/BTC,1584140583281,2020-03-13T23:03:03.281Z,buy,2.026e-05,37.0,0.00074962
NXS/BTC,1584140611559,2020-03-13T23:03:31.559Z,buy,2.026e-05,17.0,0.00034442
NXS/BTC,1584140612646,2020-03-13T23:03:32.646Z,buy,2.026e-05,17.0,0.00034442
NXS/BTC,1584140612667,2020-03-13T23:03:32.667Z,buy,2.026e-05,23.0,0.0004659799999999
NXS/BTC,1584140675255,2020-03-13T23:04:35.255Z,sell,2.021e-05,7.0,0.00014147
NXS/BTC,1584141028204,2020-03-13T23:10:28.204Z,buy,2.026e-05,10.0,0.0002026
NXS/BTC,1584141028204,2020-03-13T23:10:28.204Z,buy,2.032e-05,85.0,0.0017272
NXS/BTC,1584141028204,2020-03-13T23:10:28.204Z,buy,2.033e-05,115.0,0.00233795
NXS/BTC,1584141028204,2020-03-13T23:10:28.204Z,buy,2.035e-05,55.0,0.00111925
NXS/BTC,1584141028204,2020-03-13T23:10:28.204Z,buy,2.036e-05,226.0,0.00460136
NXS/BTC,1584141028204,2020-03-13T23:10:28.204Z,buy,2.037e-05,85.0,0.00173145
NXS/BTC,1584141028204,2020-03-13T23:10:28.204Z,buy,2.038e-05,10.0,0.0002038
NXS/BTC,1584141028204,2020-03-13T23:10:28.204Z,buy,2.04e-05,95.0,0.001938
NXS/BTC,1584141028204,2020-03-13T23:10:28.204Z,buy,2.042e-05,53.0,0.00108226
NXS/BTC,1584141028204,2020-03-13T23:10:28.204Z,buy,2.043e-05,85.0,0.00173655
NXS/BTC,1584141028204,2020-03-13T23:10:28.204Z,buy,2.045e-05,13.0,0.00026585
NXS/BTC,1584141028204,2020-03-13T23:10:28.204Z,buy,2.046e-05,105.0,0.0021483
NXS/BTC,1584141028204,2020-03-13T23:10:28.204Z,buy,2.047e-05,63.0,0.0012896099999999
NXS/BTC,1584141029706,2020-03-13T23:10:29.706Z,sell,2.025e-05,6.0,0.0001215
NXS/BTC,1584141036684,2020-03-13T23:10:36.684Z,sell,2.037e-05,6.0,0.00012222
NXS/BTC,1584141046400,2020-03-13T23:10:46.400Z,sell,2.037e-05,37.0,0.00075369
NXS/BTC,1584141065311,2020-03-13T23:11:05.311Z,buy,2.047e-05,5.0,0.00010235
NXS/BTC,1584141227150,2020-03-13T23:13:47.150Z,buy,2.047e-05,5.0,0.00010235
NXS/BTC,1584141339803,2020-03-13T23:15:39.803Z,buy,2.047e-05,5.0,0.00010235
NXS/BTC,1584141383837,2020-03-13T23:16:23.837Z,buy,2.047e-05,5.0,0.00010235
NXS/BTC,1584141383837,2020-03-13T23:16:23.837Z,buy,2.047e-05,5.0,0.00010235
NXS/BTC,1584141888283,2020-03-13T23:24:48.283Z,sell,2.044e-05,5.0,0.0001022
NXS/BTC,1584142527261,2020-03-13T23:35:27.261Z,buy,2.047e-05,259.0,0.0053017299999999
NXS/BTC,1584142527261,2020-03-13T23:35:27.261Z,buy,2.048e-05,99.0,0.00202752
NXS/BTC,1584142527261,2020-03-13T23:35:27.261Z,buy,2.051e-05,9.0,0.00018459
NXS/BTC,1584142527261,2020-03-13T23:35:27.261Z,buy,2.052e-05,49.0,0.00100548
NXS/BTC,1584142527261,2020-03-13T23:35:27.261Z,buy,2.053e-05,135.0,0.00277155
NXS/BTC,1584142527261,2020-03-13T23:35:27.261Z,buy,2.057e-05,15.0,0.00030855
NXS/BTC,1584142527261,2020-03-13T23:35:27.261Z,buy,2.058e-05,81.0,0.00166698
NXS/BTC,1584142527261,2020-03-13T23:35:27.261Z,buy,2.059e-05,85.0,0.00175015
NXS/BTC,1584142527261,2020-03-13T23:35:27.261Z,buy,2.061e-05,44.0,0.00090684
NXS/BTC,1584142527261,2020-03-13T23:35:27.261Z,buy,2.062e-05,1110.0,0.0228881999999999
NXS/BTC,1584142527261,2020-03-13T23:35:27.261Z,buy,2.063e-05,213.0,0.00439419
NXS/BTC,1584142527261,2020-03-13T23:35:27.261Z,buy,2.064e-05,85.0,0.0017544
NXS/BTC,1584142527261,2020-03-13T23:35:27.261Z,buy,2.065e-05,749.0,0.01546685
NXS/BTC,1584142527261,2020-03-13T23:35:27.261Z,buy,2.066e-05,1.0,2.066e-05
NXS/BTC,1584142534122,2020-03-13T23:35:34.122Z,sell,2.05e-05,6.0,0.000123
NXS/BTC,1584142547420,2020-03-13T23:35:47.420Z,buy,2.066e-05,5.0,0.0001032999999999
NXS/BTC,1584142550607,2020-03-13T23:35:50.607Z,sell,2.063e-05,5.0,0.00010315
NXS/BTC,1584142568683,2020-03-13T23:36:08.683Z,sell,2.059e-05,5.0,0.00010295
NXS/BTC,1584142571749,2020-03-13T23:36:11.749Z,buy,2.063e-05,10.0,0.0002063
NXS/BTC,1584142667316,2020-03-13T23:37:47.316Z,buy,2.062e-05,5.0,0.0001031
NXS/BTC,1584142979747,2020-03-13T23:42:59.747Z,buy,2.062e-05,5.0,0.0001031
NXS/BTC,1584142979747,2020-03-13T23:42:59.747Z,buy,2.063e-05,20.0,0.0004126
NXS/BTC,1584142979747,2020-03-13T23:42:59.747Z,buy,2.066e-05,93.0,0.0019213799999999
NXS/BTC,1584142979747,2020-03-13T23:42:59.747Z,buy,2.068e-05,21.0,0.00043428
NXS/BTC,1584142979747,2020-03-13T23:42:59.747Z,buy,2.069e-05,85.0,0.00175865
NXS/BTC,1584142979747,2020-03-13T23:42:59.747Z,buy,2.07e-05,9.0,0.0001862999999999
NXS/BTC,1584142979747,2020-03-13T23:42:59.747Z,buy,2.071e-05,174.0,0.00360354
NXS/BTC,1584142979747,2020-03-13T23:42:59.747Z,buy,2.072e-05,53.0,0.00109816
NXS/BTC,1584142979747,2020-03-13T23:42:59.747Z,buy,2.073e-05,14.0,0.00029022
NXS/BTC,1584142979747,2020-03-13T23:42:59.747Z,buy,2.075e-05,85.0,0.00176375
NXS/BTC,1584142979747,2020-03-13T23:42:59.747Z,buy,2.076e-05,5.0,0.0001038
NXS/BTC,1584142979747,2020-03-13T23:42:59.747Z,buy,2.08e-05,85.0,0.001768
NXS/BTC,1584142979747,2020-03-13T23:42:59.747Z,buy,2.081e-05,14.0,0.0002913399999999
NXS/BTC,1584142979747,2020-03-13T23:42:59.747Z,buy,2.082e-05,30.0,0.0006246
NXS/BTC,1584142979747,2020-03-13T23:42:59.747Z,buy,2.083e-05,146.0,0.0030411799999999
NXS/BTC,1584142979747,2020-03-13T23:42:59.747Z,buy,2.084e-05,65.0,0.0013546
NXS/BTC,1584142979747,2020-03-13T23:42:59.747Z,buy,2.085e-05,85.0,0.00177225
NXS/BTC,1584142979747,2020-03-13T23:42:59.747Z,buy,2.086e-05,14.0,0.00029204
NXS/BTC,1584142979747,2020-03-13T23:42:59.747Z,buy,2.089e-05,8.0,0.00016712
NXS/BTC,1584142979747,2020-03-13T23:42:59.747Z,buy,2.091e-05,98.0,0.00204918
NXS/BTC,1584142979747,2020-03-13T23:42:59.747Z,buy,2.096e-05,166.0,0.00347936
NXS/BTC,1584142979747,2020-03-13T23:42:59.747Z,buy,2.098e-05,14.0,0.0002937199999999
NXS/BTC,1584142979747,2020-03-13T23:42:59.747Z,buy,2.1e-05,463.0,0.0097229999999999
NXS/BTC,1584142979747,2020-03-13T23:42:59.747Z,buy,2.102e-05,138.0,0.0029007599999999
NXS/BTC,1584142979747,2020-03-13T23:42:59.747Z,buy,2.104e-05,30.0,0.0006312
NXS/BTC,1584142979747,2020-03-13T23:42:59.747Z,buy,2.105e-05,50.0,0.0010525
NXS/BTC,1584142979747,2020-03-13T23:42:59.747Z,buy,2.106e-05,65.0,0.0013689
NXS/BTC,1584142979747,2020-03-13T23:42:59.747Z,buy,2.107e-05,85.0,0.00179095
NXS/BTC,1584142979747,2020-03-13T23:42:59.747Z,buy,2.109e-05,90.0,0.0018981
NXS/BTC,1584142979747,2020-03-13T23:42:59.747Z,buy,2.11e-05,1028.0,0.0216908
NXS/BTC,1584142979747,2020-03-13T23:42:59.747Z,buy,2.111e-05,14.0,0.00029554
NXS/BTC,1584142979747,2020-03-13T23:42:59.747Z,buy,2.112e-05,90.0,0.0019008
NXS/BTC,1584142979747,2020-03-13T23:42:59.747Z,buy,2.114e-05,681.0,0.01439634
NXS/BTC,1584142979747,2020-03-13T23:42:59.747Z,buy,2.118e-05,85.0,0.0018003
NXS/BTC,1584142979747,2020-03-13T23:42:59.747Z,buy,2.119e-05,870.0,0.0184352999999999
NXS/BTC,1584142982421,2020-03-13T23:43:02.421Z,sell,2.1e-05,5.0,0.0001049999999999
NXS/BTC,1584142982421,2020-03-13T23:43:02.421Z,sell,2.098e-05,1.0,2.098e-05
NXS/BTC,1584142982679,2020-03-13T23:43:02.679Z,sell,2.098e-05,13.0,0.00027274
NXS/BTC,1584142982679,2020-03-13T23:43:02.679Z,sell,2.096e-05,38.0,0.00079648
NXS/BTC,1584142983767,2020-03-13T23:43:03.767Z,sell,2.096e-05,14.0,0.00029344
NXS/BTC,1584142983804,2020-03-13T23:43:03.804Z,sell,2.096e-05,15.0,0.0003144
NXS/BTC,1584142984391,2020-03-13T23:43:04.391Z,sell,2.096e-05,12.0,0.00025152
NXS/BTC,1584142984693,2020-03-13T23:43:04.693Z,sell,2.096e-05,2.0,4.192e-05
NXS/BTC,1584142984693,2020-03-13T23:43:04.693Z,sell,2.089e-05,8.0,0.00016712
NXS/BTC,1584142984693,2020-03-13T23:43:04.693Z,sell,2.086e-05,14.0,0.00029204
NXS/BTC,1584142984693,2020-03-13T23:43:04.693Z,sell,2.083e-05,57.0,0.00118731
NXS/BTC,1584142985173,2020-03-13T23:43:05.173Z,sell,2.083e-05,29.0,0.00060407
NXS/BTC,1584142985173,2020-03-13T23:43:05.173Z,sell,2.082e-05,8.0,0.00016656
NXS/BTC,1584142985173,2020-03-13T23:43:05.173Z,sell,2.077e-05,9.0,0.00018693
NXS/BTC,1584142985173,2020-03-13T23:43:05.173Z,sell,2.073e-05,171.0,0.00354483
NXS/BTC,1584142987005,2020-03-13T23:43:07.005Z,buy,2.086e-05,9.0,0.00018774
NXS/BTC,1584142987005,2020-03-13T23:43:07.005Z,buy,2.088e-05,1.0,2.088e-05
NXS/BTC,1584142987187,2020-03-13T23:43:07.187Z,buy,2.088e-05,4.0,8.352e-05
NXS/BTC,1584142987187,2020-03-13T23:43:07.187Z,buy,2.089e-05,43.0,0.00089827
NXS/BTC,1584142987912,2020-03-13T23:43:07.912Z,buy,2.088e-05,6.0,0.00012528
NXS/BTC,1584142987912,2020-03-13T23:43:07.912Z,buy,2.089e-05,8.0,0.00016712
NXS/BTC,1584142987912,2020-03-13T23:43:07.912Z,buy,2.1e-05,5.0,0.0001049999999999
NXS/BTC,1584142987912,2020-03-13T23:43:07.912Z,buy,2.11e-05,8.0,0.0001688
NXS/BTC,1584142987912,2020-03-13T23:43:07.912Z,buy,2.118e-05,68.0,0.00144024
NXS/BTC,1584142988028,2020-03-13T23:43:08.028Z,sell,2.074e-05,52.0,0.00107848
NXS/BTC,1584142988028,2020-03-13T23:43:08.028Z,sell,2.073e-05,1261.0,0.02614053
NXS/BTC,1584142988243,2020-03-13T23:43:08.243Z,buy,2.117e-05,239.0,0.00505963
NXS/BTC,1584142988650,2020-03-13T23:43:08.650Z,sell,2.088e-05,5.0,0.0001044
NXS/BTC,1584142988650,2020-03-13T23:43:08.650Z,sell,2.074e-05,194.0,0.00402356
NXS/BTC,1584142988693,2020-03-13T23:43:08.693Z,sell,2.074e-05,6.0,0.00012444
NXS/BTC,1584142988693,2020-03-13T23:43:08.693Z,sell,2.073e-05,46.0,0.00095358
NXS/BTC,1584142989680,2020-03-13T23:43:09.680Z,sell,2.082e-05,22.0,0.00045804
NXS/BTC,1584142989680,2020-03-13T23:43:09.680Z,sell,2.074e-05,65.0,0.0013481
NXS/BTC,1584142990117,2020-03-13T23:43:10.117Z,sell,2.075e-05,74.0,0.0015355
NXS/BTC,1584142990871,2020-03-13T23:43:10.871Z,sell,2.075e-05,10.0,0.0002075
NXS/BTC,1584142990875,2020-03-13T23:43:10.875Z,buy,2.086e-05,14.0,0.00029204
NXS/BTC,1584142990875,2020-03-13T23:43:10.875Z,buy,2.096e-05,34.0,0.00071264
NXS/BTC,1584142991005,2020-03-13T23:43:11.005Z,sell,2.089e-05,8.0,0.00016712
NXS/BTC,1584142991005,2020-03-13T23:43:11.005Z,sell,2.075e-05,94.0,0.0019505
NXS/BTC,1584142991105,2020-03-13T23:43:11.105Z,sell,2.076e-05,9.0,0.00018684
NXS/BTC,1584142992066,2020-03-13T23:43:12.066Z,buy,2.095e-05,48.0,0.0010056
NXS/BTC,1584142992664,2020-03-13T23:43:12.664Z,sell,2.076e-05,97.0,0.00201372
NXS/BTC,1584142993114,2020-03-13T23:43:13.114Z,sell,2.076e-05,136.0,0.00282336
NXS/BTC,1584142993164,2020-03-13T23:43:13.164Z,buy,2.076e-05,5.0,0.0001038
NXS/BTC,1584142993380,2020-03-13T23:43:13.380Z,buy,2.076e-05,12.0,0.00024912
NXS/BTC,1584142994599,2020-03-13T23:43:14.599Z,buy,2.093e-05,37.0,0.00077441
NXS/BTC,1584142994621,2020-03-13T23:43:14.621Z,buy,2.093e-05,238.0,0.00498134
NXS/BTC,1584142995087,2020-03-13T23:43:15.087Z,sell,2.091e-05,13.0,0.00027183
NXS/BTC,1584142995087,2020-03-13T23:43:15.087Z,sell,2.084e-05,53.0,0.00110452
NXS/BTC,1584142996122,2020-03-13T23:43:16.122Z,buy,2.092e-05,24.0,0.00050208
NXS/BTC,1584142996142,2020-03-13T23:43:16.142Z,buy,2.092e-05,83.0,0.00173636
NXS/BTC,1584142996142,2020-03-13T23:43:16.142Z,buy,2.093e-05,13.0,0.00027209
NXS/BTC,1584142996150,2020-03-13T23:43:16.150Z,buy,2.093e-05,5.0,0.00010465
NXS/BTC,1584142996295,2020-03-13T23:43:16.295Z,buy,2.093e-05,192.0,0.00401856
NXS/BTC,1584142996480,2020-03-13T23:43:16.480Z,buy,2.093e-05,5.0,0.00010465
NXS/BTC,1584142996726,2020-03-13T23:43:16.726Z,sell,2.083e-05,367.0,0.00764461
NXS/BTC,1584142996736,2020-03-13T23:43:16.736Z,sell,2.083e-05,498.0,0.01037334
NXS/BTC,1584142996822,2020-03-13T23:43:16.822Z,buy,2.083e-05,48.0,0.0009998399999999
NXS/BTC,1584142997087,2020-03-13T23:43:17.087Z,buy,2.083e-05,19.0,0.00039577
NXS/BTC,1584142997205,2020-03-13T23:43:17.205Z,buy,2.083e-05,108.0,0.00224964
NXS/BTC,1584142997529,2020-03-13T23:43:17.529Z,buy,2.083e-05,6.0,0.0001249799999999
NXS/BTC,1584142997817,2020-03-13T23:43:17.817Z,sell,2.075e-05,259.0,0.00537425
NXS/BTC,1584142997817,2020-03-13T23:43:17.817Z,sell,2.074e-05,32.0,0.00066368
NXS/BTC,1584142997817,2020-03-13T23:43:17.817Z,sell,2.073e-05,404.0,0.00837492
NXS/BTC,1584142997817,2020-03-13T23:43:17.817Z,sell,2.072e-05,53.0,0.00109816
NXS/BTC,1584142997817,2020-03-13T23:43:17.817Z,sell,2.071e-05,81.0,0.00167751
NXS/BTC,1584142997817,2020-03-13T23:43:17.817Z,sell,2.068e-05,21.0,0.00043428
NXS/BTC,1584142997817,2020-03-13T23:43:17.817Z,sell,2.062e-05,65.0,0.0013403
NXS/BTC,1584142997817,2020-03-13T23:43:17.817Z,sell,2.061e-05,44.0,0.00090684
NXS/BTC,1584142997817,2020-03-13T23:43:17.817Z,sell,2.059e-05,80.0,0.0016472
NXS/BTC,1584142997817,2020-03-13T23:43:17.817Z,sell,2.058e-05,81.0,0.00166698
NXS/BTC,1584142997817,2020-03-13T23:43:17.817Z,sell,2.056e-05,20.0,0.0004112
NXS/BTC,1584142997817,2020-03-13T23:43:17.817Z,sell,2.054e-05,10.0,0.0002054
NXS/BTC,1584142997817,2020-03-13T23:43:17.817Z,sell,2.053e-05,136.0,0.00279208
NXS/BTC,1584142997817,2020-03-13T23:43:17.817Z,sell,2.049e-05,125.0,0.0025612499999999
NXS/BTC,1584142997817,2020-03-13T23:43:17.817Z,sell,2.048e-05,99.0,0.00202752
NXS/BTC,1584142997817,2020-03-13T23:43:17.817Z,sell,2.047e-05,8.0,0.00016376
NXS/BTC,1584142997817,2020-03-13T23:43:17.817Z,sell,2.046e-05,66.0,0.00135036
NXS/BTC,1584142998779,2020-03-13T23:43:18.779Z,sell,2.073e-05,14.0,0.00029022
NXS/BTC,1584142999378,2020-03-13T23:43:19.378Z,sell,2.073e-05,23.0,0.00047679
NXS/BTC,1584142999922,2020-03-13T23:43:19.922Z,buy,2.061e-05,14.0,0.00028854
NXS/BTC,1584143001406,2020-03-13T23:43:21.406Z,buy,2.068e-05,6.0,0.00012408
NXS/BTC,1584143004880,2020-03-13T23:43:24.880Z,sell,2.054e-05,103.0,0.00211562
NXS/BTC,1584143004880,2020-03-13T23:43:24.880Z,sell,2.052e-05,47.0,0.00096444
NXS/BTC,1584143006835,2020-03-13T23:43:26.835Z,buy,2.067e-05,85.0,0.00175695
NXS/BTC,1584143007343,2020-03-13T23:43:27.343Z,sell,2.053e-05,37.0,0.00075961
NXS/BTC,1584143008706,2020-03-13T23:43:28.706Z,buy,2.067e-05,85.0,0.00175695
NXS/BTC,1584143009213,2020-03-13T23:43:29.213Z,buy,2.067e-05,85.0,0.00175695
NXS/BTC,1584143009312,2020-03-13T23:43:29.312Z,buy,2.067e-05,117.0,0.00241839
NXS/BTC,1584143009732,2020-03-13T23:43:29.732Z,buy,2.067e-05,85.0,0.00175695
NXS/BTC,1584143010243,2020-03-13T23:43:30.243Z,buy,2.067e-05,85.0,0.00175695
NXS/BTC,1584143011807,2020-03-13T23:43:31.807Z,buy,2.068e-05,2.0,4.136e-05
NXS/BTC,1584143011807,2020-03-13T23:43:31.807Z,buy,2.069e-05,83.0,0.00171727
NXS/BTC,1584143015137,2020-03-13T23:43:35.137Z,sell,2.064e-05,85.0,0.0017544
NXS/BTC,1584143015137,2020-03-13T23:43:35.137Z,sell,2.059e-05,64.0,0.00131776
NXS/BTC,1584143016573,2020-03-13T23:43:36.573Z,buy,2.069e-05,10.0,0.0002069
NXS/BTC,1584143029586,2020-03-13T23:43:49.586Z,buy,2.069e-05,32.0,0.00066208
NXS/BTC,1584143029586,2020-03-13T23:43:49.586Z,buy,2.071e-05,67.0,0.00138757
NXS/BTC,1584143029586,2020-03-13T23:43:49.586Z,buy,2.073e-05,14.0,0.00029022
NXS/BTC,1584143029586,2020-03-13T23:43:49.586Z,buy,2.075e-05,1.0,2.075e-05
NXS/BTC,1584143056911,2020-03-13T23:44:16.911Z,buy,2.072e-05,5.0,0.0001036
NXS/BTC,1584143081312,2020-03-13T23:44:41.312Z,sell,2.061e-05,7.0,0.00014427
NXS/BTC,1584143084321,2020-03-13T23:44:44.321Z,sell,2.061e-05,5.0,0.00010305
NXS/BTC,1584143115911,2020-03-13T23:45:15.911Z,buy,2.068e-05,5.0,0.0001033999999999
NXS/BTC,1584143154634,2020-03-13T23:45:54.634Z,buy,2.068e-05,177.0,0.0036603599999999
NXS/BTC,1584143172570,2020-03-13T23:46:12.570Z,buy,2.068e-05,5.0,0.0001033999999999
NXS/BTC,1584143198752,2020-03-13T23:46:38.752Z,buy,2.068e-05,5.0,0.0001033999999999
NXS/BTC,1584143285024,2020-03-13T23:48:05.024Z,buy,2.068e-05,5.0,0.0001033999999999
NXS/BTC,1584143322133,2020-03-13T23:48:42.133Z,sell,2.067e-05,56.0,0.00115752
NXS/BTC,1584143648265,2020-03-13T23:54:08.265Z,sell,2.067e-05,257.0,0.00531219
NXS/BTC,1584143889645,2020-03-13T23:58:09.645Z,buy,2.068e-05,5.0,0.0001033999999999
NXS/BTC,1584143889645,2020-03-13T23:58:09.645Z,buy,2.068e-05,5.0,0.0001033999999999
NXS/BTC,1584145136876,2020-03-14T00:18:56.876Z,buy,2.068e-05,15.0,0.0003101999999999
NXS/BTC,1584145213176,2020-03-14T00:20:13.176Z,buy,2.068e-05,136.0,0.00281248
NXS/BTC,1584145213176,2020-03-14T00:20:13.176Z,buy,2.069e-05,264.0,0.00546216
NXS/BTC,1584145574207,2020-03-14T00:26:14.207Z,buy,2.068e-05,207.0,0.00428076
NXS/BTC,1584145588330,2020-03-14T00:26:28.330Z,buy,2.069e-05,57.0,0.00117933
NXS/BTC,1584145711926,2020-03-14T00:28:31.926Z,sell,2.064e-05,16.0,0.00033024
NXS/BTC,1584145711926,2020-03-14T00:28:31.926Z,sell,2.064e-05,23.0,0.00047472
NXS/BTC,1584147274128,2020-03-14T00:54:34.128Z,buy,2.069e-05,1.0,2.069e-05
NXS/BTC,1584147274128,2020-03-14T00:54:34.128Z,buy,2.069e-05,1.0,2.069e-05
NXS/BTC,1584147636678,2020-03-14T01:00:36.678Z,buy,2.07e-05,7.0,0.0001449
NXS/BTC,1584148187626,2020-03-14T01:09:47.626Z,buy,2.07e-05,10.0,0.000207
NXS/BTC,1584148323468,2020-03-14T01:12:03.468Z,buy,2.07e-05,9.0,0.0001862999999999
NXS/BTC,1584148594502,2020-03-14T01:16:34.502Z,buy,2.075e-05,90.0,0.0018675
NXS/BTC,1584148829229,2020-03-14T01:20:29.229Z,buy,2.078e-05,17.0,0.00035326
NXS/BTC,1584148829229,2020-03-14T01:20:29.229Z,buy,2.079e-05,39.0,0.0008108099999999
NXS/BTC,1584148836008,2020-03-14T01:20:36.008Z,buy,2.08e-05,5.0,0.000104
NXS/BTC,1584148902900,2020-03-14T01:21:42.900Z,buy,2.08e-05,10.0,0.000208
NXS/BTC,1584149118470,2020-03-14T01:25:18.470Z,buy,2.08e-05,5.0,0.000104
NXS/BTC,1584149130422,2020-03-14T01:25:30.422Z,buy,2.08e-05,73.0,0.0015184
NXS/BTC,1584149130422,2020-03-14T01:25:30.422Z,buy,2.082e-05,30.0,0.0006246
NXS/BTC,1584149130422,2020-03-14T01:25:30.422Z,buy,2.083e-05,217.0,0.00452011
NXS/BTC,1584149130422,2020-03-14T01:25:30.422Z,buy,2.084e-05,65.0,0.0013546
NXS/BTC,1584149130422,2020-03-14T01:25:30.422Z,buy,2.085e-05,85.0,0.00177225
NXS/BTC,1584149130480,2020-03-14T01:25:30.480Z,sell,2.085e-05,428.0,0.0089237999999999
NXS/BTC,1584149222308,2020-03-14T01:27:02.308Z,sell,2.08e-05,85.0,0.001768
NXS/BTC,1584149222308,2020-03-14T01:27:02.308Z,sell,2.077e-05,227.0,0.00471479
NXS/BTC,1584149222310,2020-03-14T01:27:02.310Z,sell,2.076e-05,85.0,0.0017646
NXS/BTC,1584149222340,2020-03-14T01:27:02.340Z,sell,2.076e-05,104.0,0.00215904
NXS/BTC,1584149222341,2020-03-14T01:27:02.341Z,sell,2.075e-05,85.0,0.00176375
NXS/BTC,1584149226339,2020-03-14T01:27:06.339Z,sell,2.072e-05,245.0,0.0050764
NXS/BTC,1584149238630,2020-03-14T01:27:18.630Z,buy,2.08e-05,85.0,0.001768
NXS/BTC,1584149238630,2020-03-14T01:27:18.630Z,buy,2.083e-05,189.0,0.0039368699999999
NXS/BTC,1584149279870,2020-03-14T01:27:59.870Z,sell,2.075e-05,51.0,0.00105825
NXS/BTC,1584149756284,2020-03-14T01:35:56.284Z,sell,2.075e-05,28.0,0.000581
NXS/BTC,1584150675537,2020-03-14T01:51:15.537Z,buy,2.084e-05,5.0,0.0001042
NXS/BTC,1584150675537,2020-03-14T01:51:15.537Z,buy,2.084e-05,5.0,0.0001042
NXS/BTC,1584151406722,2020-03-14T02:03:26.722Z,sell,2.076e-05,49.0,0.00101724
NXS/BTC,1584151406722,2020-03-14T02:03:26.722Z,sell,2.075e-05,6.0,0.0001245
NXS/BTC,1584151406722,2020-03-14T02:03:26.722Z,sell,2.073e-05,5.0,0.00010365
NXS/BTC,1584151406722,2020-03-14T02:03:26.722Z,sell,2.071e-05,6.0,0.00012426
NXS/BTC,1584151406839,2020-03-14T02:03:26.839Z,sell,2.071e-05,83.0,0.00171893
NXS/BTC,1584152314226,2020-03-14T02:18:34.226Z,buy,2.08e-05,50.0,0.00104
NXS/BTC,1584152489530,2020-03-14T02:21:29.530Z,sell,2.071e-05,116.0,0.00240236
NXS/BTC,1584152978393,2020-03-14T02:29:38.393Z,buy,2.08e-05,35.0,0.000728
NXS/BTC,1584152978393,2020-03-14T02:29:38.393Z,buy,2.081e-05,9.0,0.00018729
NXS/BTC,1584152978393,2020-03-14T02:29:38.393Z,buy,2.083e-05,81.0,0.0016872299999999
NXS/BTC,1584152978393,2020-03-14T02:29:38.393Z,buy,2.084e-05,189.0,0.00393876
NXS/BTC,1584152978393,2020-03-14T02:29:38.393Z,buy,2.085e-05,1711.0,0.03567435
NXS/BTC,1584152978393,2020-03-14T02:29:38.393Z,buy,2.086e-05,14.0,0.00029204
NXS/BTC,1584152978393,2020-03-14T02:29:38.393Z,buy,2.089e-05,34.0,0.00071026
NXS/BTC,1584152978393,2020-03-14T02:29:38.393Z,buy,2.09e-05,15.0,0.0003135
NXS/BTC,1584152978393,2020-03-14T02:29:38.393Z,buy,2.091e-05,98.0,0.00204918
NXS/BTC,1584152978393,2020-03-14T02:29:38.393Z,buy,2.093e-05,500.0,0.010465
NXS/BTC,1584152978393,2020-03-14T02:29:38.393Z,buy,2.094e-05,5.0,0.0001047
NXS/BTC,1584152978393,2020-03-14T02:29:38.393Z,buy,2.096e-05,132.0,0.00276672
NXS/BTC,1584152978393,2020-03-14T02:29:38.393Z,buy,2.098e-05,14.0,0.0002937199999999
NXS/BTC,1584152978393,2020-03-14T02:29:38.393Z,buy,2.102e-05,138.0,0.0029007599999999
NXS/BTC,1584152978393,2020-03-14T02:29:38.393Z,buy,2.104e-05,30.0,0.0006312
NXS/BTC,1584152978393,2020-03-14T02:29:38.393Z,buy,2.106e-05,65.0,0.0013689
NXS/BTC,1584152978393,2020-03-14T02:29:38.393Z,buy,2.107e-05,85.0,0.00179095
NXS/BTC,1584152978393,2020-03-14T02:29:38.393Z,buy,2.109e-05,81.0,0.00170829
NXS/BTC,1584152978393,2020-03-14T02:29:38.393Z,buy,2.11e-05,8.0,0.0001688
NXS/BTC,1584152978393,2020-03-14T02:29:38.393Z,buy,2.111e-05,14.0,0.00029554
NXS/BTC,1584152978393,2020-03-14T02:29:38.393Z,buy,2.112e-05,119.0,0.00251328
NXS/BTC,1584152978393,2020-03-14T02:29:38.393Z,buy,2.114e-05,13.0,0.00027482
NXS/BTC,1584152978393,2020-03-14T02:29:38.393Z,buy,2.118e-05,85.0,0.0018003
NXS/BTC,1584152978393,2020-03-14T02:29:38.393Z,buy,2.119e-05,830.0,0.0175876999999999
NXS/BTC,1584152978393,2020-03-14T02:29:38.393Z,buy,2.12e-05,164.0,0.0034768
NXS/BTC,1584152980583,2020-03-14T02:29:40.583Z,buy,2.119e-05,5.0,0.00010595
NXS/BTC,1584152981430,2020-03-14T02:29:41.430Z,sell,2.1e-05,5.0,0.0001049999999999
NXS/BTC,1584152981430,2020-03-14T02:29:41.430Z,sell,2.098e-05,2.0,4.196e-05
NXS/BTC,1584152982622,2020-03-14T02:29:42.622Z,sell,2.098e-05,12.0,0.0002517599999999
NXS/BTC,1584152982622,2020-03-14T02:29:42.622Z,sell,2.096e-05,81.0,0.00169776
NXS/BTC,1584152982622,2020-03-14T02:29:42.622Z,sell,2.089e-05,8.0,0.00016712
NXS/BTC,1584152982622,2020-03-14T02:29:42.622Z,sell,2.088e-05,5.0,0.0001044
NXS/BTC,1584152982622,2020-03-14T02:29:42.622Z,sell,2.086e-05,14.0,0.00029204
NXS/BTC,1584152982622,2020-03-14T02:29:42.622Z,sell,2.083e-05,81.0,0.0016872299999999
NXS/BTC,1584152982622,2020-03-14T02:29:42.622Z,sell,2.082e-05,30.0,0.0006246
NXS/BTC,1584152982622,2020-03-14T02:29:42.622Z,sell,2.073e-05,14.0,0.00029022
NXS/BTC,1584152982622,2020-03-14T02:29:42.622Z,sell,2.071e-05,151.0,0.00312721
NXS/BTC,1584152982625,2020-03-14T02:29:42.625Z,sell,2.071e-05,396.0,0.00820116
NXS/BTC,1584152983373,2020-03-14T02:29:43.373Z,sell,2.073e-05,132.0,0.00273636
NXS/BTC,1584152983373,2020-03-14T02:29:43.373Z,sell,2.072e-05,190.0,0.0039368
NXS/BTC,1584152983373,2020-03-14T02:29:43.373Z,sell,2.071e-05,2111.0,0.04371881
NXS/BTC,1584152983373,2020-03-14T02:29:43.373Z,sell,2.07e-05,364.0,0.0075347999999999
NXS/BTC,1584152983373,2020-03-14T02:29:43.373Z,sell,2.069e-05,85.0,0.00175865
NXS/BTC,1584152983373,2020-03-14T02:29:43.373Z,sell,2.068e-05,8.0,0.00016544
NXS/BTC,1584152983373,2020-03-14T02:29:43.373Z,sell,2.064e-05,51.0,0.0010526399999999
NXS/BTC,1584152983373,2020-03-14T02:29:43.373Z,sell,2.062e-05,127.0,0.00261874
NXS/BTC,1584152983389,2020-03-14T02:29:43.389Z,sell,2.062e-05,1124.0,0.02317688
NXS/BTC,1584152983389,2020-03-14T02:29:43.389Z,sell,2.061e-05,32.0,0.00065952
NXS/BTC,1584152983389,2020-03-14T02:29:43.389Z,sell,2.059e-05,21.0,0.00043239
NXS/BTC,1584152983389,2020-03-14T02:29:43.389Z,sell,2.058e-05,81.0,0.00166698
NXS/BTC,1584152983389,2020-03-14T02:29:43.389Z,sell,2.054e-05,727.0,0.0149325799999999
NXS/BTC,1584152983389,2020-03-14T02:29:43.389Z,sell,2.053e-05,85.0,0.00174505
NXS/BTC,1584152983389,2020-03-14T02:29:43.389Z,sell,2.052e-05,148.0,0.00303696
NXS/BTC,1584152983389,2020-03-14T02:29:43.389Z,sell,2.049e-05,356.0,0.0072944399999999
NXS/BTC,1584152983389,2020-03-14T02:29:43.389Z,sell,2.048e-05,99.0,0.00202752
NXS/BTC,1584152983389,2020-03-14T02:29:43.389Z,sell,2.047e-05,8.0,0.00016376
NXS/BTC,1584152983389,2020-03-14T02:29:43.389Z,sell,2.046e-05,15.0,0.0003069
NXS/BTC,1584152983389,2020-03-14T02:29:43.389Z,sell,2.045e-05,13.0,0.00026585
NXS/BTC,1584152983389,2020-03-14T02:29:43.389Z,sell,2.044e-05,28.0,0.00057232
NXS/BTC,1584152983389,2020-03-14T02:29:43.389Z,sell,2.043e-05,179.0,0.00365697
NXS/BTC,1584152983389,2020-03-14T02:29:43.389Z,sell,2.042e-05,1037.0,0.02117554
NXS/BTC,1584152983389,2020-03-14T02:29:43.389Z,sell,2.04e-05,115.0,0.002346
NXS/BTC,1584152983389,2020-03-14T02:29:43.389Z,sell,2.037e-05,631.0,0.01285347
NXS/BTC,1584152983389,2020-03-14T02:29:43.389Z,sell,2.036e-05,14.0,0.00028504
NXS/BTC,1584152983389,2020-03-14T02:29:43.389Z,sell,2.034e-05,239.0,0.0048612599999999
NXS/BTC,1584152983535,2020-03-14T02:29:43.535Z,buy,2.069e-05,356.0,0.00736564
NXS/BTC,1584152984766,2020-03-14T02:29:44.766Z,sell,2.074e-05,14.0,0.00029036
NXS/BTC,1584152985264,2020-03-14T02:29:45.264Z,sell,2.074e-05,81.0,0.00167994
NXS/BTC,1584152985289,2020-03-14T02:29:45.289Z,sell,2.074e-05,14.0,0.00029036
NXS/BTC,1584152985897,2020-03-14T02:29:45.897Z,sell,2.074e-05,81.0,0.00167994
NXS/BTC,1584152986399,2020-03-14T02:29:46.399Z,sell,2.061e-05,14.0,0.00028854
NXS/BTC,1584152989219,2020-03-14T02:29:49.219Z,sell,2.061e-05,8.0,0.00016488
NXS/BTC,1584152989242,2020-03-14T02:29:49.242Z,sell,2.061e-05,22.0,0.00045342
NXS/BTC,1584152990518,2020-03-14T02:29:50.518Z,buy,2.068e-05,8.0,0.00016544
NXS/BTC,1584152990518,2020-03-14T02:29:50.518Z,buy,2.073e-05,14.0,0.00029022
NXS/BTC,1584152990518,2020-03-14T02:29:50.518Z,buy,2.082e-05,30.0,0.0006246
NXS/BTC,1584152990518,2020-03-14T02:29:50.518Z,buy,2.083e-05,81.0,0.0016872299999999
NXS/BTC,1584152990518,2020-03-14T02:29:50.518Z,buy,2.086e-05,14.0,0.00029204
NXS/BTC,1584152990518,2020-03-14T02:29:50.518Z,buy,2.089e-05,8.0,0.00016712
NXS/BTC,1584152990518,2020-03-14T02:29:50.518Z,buy,2.096e-05,81.0,0.00169776
NXS/BTC,1584152990518,2020-03-14T02:29:50.518Z,buy,2.098e-05,14.0,0.0002937199999999
NXS/BTC,1584152990518,2020-03-14T02:29:50.518Z,buy,2.1e-05,120.0,0.0025199999999999
NXS/BTC,1584152990518,2020-03-14T02:29:50.518Z,buy,2.104e-05,30.0,0.0006312
NXS/BTC,1584152990518,2020-03-14T02:29:50.518Z,buy,2.109e-05,81.0,0.00170829
NXS/BTC,1584152990518,2020-03-14T02:29:50.518Z,buy,2.11e-05,597.0,0.0125967
NXS/BTC,1584152990518,2020-03-14T02:29:50.518Z,buy,2.111e-05,12.0,0.00025332
NXS/BTC,1584152992488,2020-03-14T02:29:52.488Z,sell,2.096e-05,81.0,0.00169776
NXS/BTC,1584152992651,2020-03-14T02:29:52.651Z,buy,2.108e-05,30.0,0.0006324
NXS/BTC,1584152992651,2020-03-14T02:29:52.651Z,buy,2.109e-05,233.0,0.00491397
NXS/BTC,1584152994815,2020-03-14T02:29:54.815Z,sell,2.089e-05,8.0,0.00016712
NXS/BTC,1584152994815,2020-03-14T02:29:54.815Z,sell,2.086e-05,14.0,0.00029204
NXS/BTC,1584152994815,2020-03-14T02:29:54.815Z,sell,2.083e-05,25.0,0.0005207499999999
NXS/BTC,1584152995740,2020-03-14T02:29:55.740Z,sell,2.084e-05,147.0,0.00306348
NXS/BTC,1584152995740,2020-03-14T02:29:55.740Z,sell,2.083e-05,56.0,0.00116648
NXS/BTC,1584152995740,2020-03-14T02:29:55.740Z,sell,2.082e-05,41.0,0.00085362
NXS/BTC,1584152996043,2020-03-14T02:29:56.043Z,sell,2.083e-05,95.0,0.00197885
NXS/BTC,1584152998576,2020-03-14T02:29:58.576Z,buy,2.096e-05,63.0,0.00132048
NXS/BTC,1584153000348,2020-03-14T02:30:00.348Z,buy,2.096e-05,16.0,0.00033536
NXS/BTC,1584153000454,2020-03-14T02:30:00.454Z,sell,2.074e-05,48.0,0.00099552
NXS/BTC,1584153040915,2020-03-14T02:30:40.915Z,buy,2.074e-05,28.0,0.00058072
NXS/BTC,1584153054956,2020-03-14T02:30:54.956Z,sell,2.075e-05,19.0,0.00039425
NXS/BTC,1584154211558,2020-03-14T02:50:11.558Z,sell,2.075e-05,38.0,0.0007885
NXS/BTC,1584154211664,2020-03-14T02:50:11.664Z,buy,2.075e-05,6.0,0.0001245
NXS/BTC,1584154219842,2020-03-14T02:50:19.842Z,buy,2.074e-05,66.0,0.00136884
NXS/BTC,1584154219842,2020-03-14T02:50:19.842Z,buy,2.075e-05,353.0,0.00732475
NXS/BTC,1584154219842,2020-03-14T02:50:19.842Z,buy,2.074e-05,66.0,0.00136884
NXS/BTC,1584154219842,2020-03-14T02:50:19.842Z,buy,2.075e-05,353.0,0.00732475
NXS/BTC,1584154276226,2020-03-14T02:51:16.226Z,sell,2.073e-05,14.0,0.00029022
NXS/BTC,1584154276226,2020-03-14T02:51:16.226Z,sell,2.071e-05,14.0,0.00028994
NXS/BTC,1584154292228,2020-03-14T02:51:32.228Z,buy,2.075e-05,6.0,0.0001245
NXS/BTC,1584154574011,2020-03-14T02:56:14.011Z,sell,2.071e-05,67.0,0.00138757
NXS/BTC,1584154675915,2020-03-14T02:57:55.915Z,buy,2.075e-05,61.0,0.00126575
NXS/BTC,1584154680408,2020-03-14T02:58:00.408Z,buy,2.08e-05,85.0,0.001768
NXS/BTC,1584154683234,2020-03-14T02:58:03.234Z,buy,2.081e-05,94.0,0.00195614
NXS/BTC,1584154701487,2020-03-14T02:58:21.487Z,sell,2.075e-05,85.0,0.00176375
NXS/BTC,1584154701487,2020-03-14T02:58:21.487Z,sell,2.071e-05,5.0,0.00010355
NXS/BTC,1584154701487,2020-03-14T02:58:21.487Z,sell,2.069e-05,111.0,0.00229659
NXS/BTC,1584154701487,2020-03-14T02:58:21.487Z,sell,2.068e-05,21.0,0.00043428
NXS/BTC,1584154701487,2020-03-14T02:58:21.487Z,sell,2.064e-05,17.0,0.00035088
NXS/BTC,1584154811166,2020-03-14T03:00:11.166Z,sell,2.066e-05,6.0,0.00012396
NXS/BTC,1584154822287,2020-03-14T03:00:22.287Z,sell,2.066e-05,6.0,0.00012396
NXS/BTC,1584155881912,2020-03-14T03:18:01.912Z,sell,2.066e-05,5.0,0.0001032999999999
NXS/BTC,1584155881912,2020-03-14T03:18:01.912Z,sell,2.064e-05,68.0,0.00140352
NXS/BTC,1584155881912,2020-03-14T03:18:01.912Z,sell,2.061e-05,44.0,0.00090684
NXS/BTC,1584155881912,2020-03-14T03:18:01.912Z,sell,2.06e-05,118.0,0.0024308
NXS/BTC,1584155893641,2020-03-14T03:18:13.641Z,sell,2.061e-05,11.0,0.00022671
NXS/BTC,1584155894545,2020-03-14T03:18:14.545Z,buy,2.069e-05,6.0,0.00012414
NXS/BTC,1584155894545,2020-03-14T03:18:14.545Z,buy,2.069e-05,6.0,0.00012414
NXS/BTC,1584157927748,2020-03-14T03:52:07.748Z,buy,2.069e-05,8.0,0.00016552
NXS/BTC,1584158261032,2020-03-14T03:57:41.032Z,buy,2.069e-05,37.0,0.00076553
NXS/BTC,1584158399517,2020-03-14T03:59:59.517Z,buy,2.069e-05,5.0,0.00010345
NXS/BTC,1584158442197,2020-03-14T04:00:42.197Z,buy,2.069e-05,5.0,0.00010345
NXS/BTC,1584158663549,2020-03-14T04:04:23.549Z,buy,2.069e-05,5.0,0.00010345
NXS/BTC,1584158740266,2020-03-14T04:05:40.266Z,buy,2.069e-05,19.0,0.00039311
NXS/BTC,1584158762712,2020-03-14T04:06:02.712Z,buy,2.071e-05,978.0,0.02025438
NXS/BTC,1584158787313,2020-03-14T04:06:27.313Z,buy,2.072e-05,118.0,0.00244496
NXS/BTC,1584158791623,2020-03-14T04:06:31.623Z,buy,2.073e-05,7.0,0.00014511
NXS/BTC,1584158870122,2020-03-14T04:07:50.122Z,buy,2.073e-05,5.0,0.00010365
NXS/BTC,1584159044526,2020-03-14T04:10:44.526Z,buy,2.073e-05,7.0,0.00014511
NXS/BTC,1584159044551,2020-03-14T04:10:44.551Z,buy,2.075e-05,85.0,0.00176375
NXS/BTC,1584159128562,2020-03-14T04:12:08.562Z,buy,2.079e-05,8.0,0.00016632
NXS/BTC,1584159128562,2020-03-14T04:12:08.562Z,buy,2.08e-05,2.0,4.16e-05
NXS/BTC,1584159176220,2020-03-14T04:12:56.220Z,buy,2.08e-05,20.0,0.000416
NXS/BTC,1584159176220,2020-03-14T04:12:56.220Z,buy,2.08e-05,20.0,0.000416
NXS/BTC,1584159598052,2020-03-14T04:19:58.052Z,sell,2.07e-05,5.0,0.0001035
NXS/BTC,1584160014847,2020-03-14T04:26:54.847Z,buy,2.08e-05,100.0,0.00208
NXS/BTC,1584160014847,2020-03-14T04:26:54.847Z,buy,2.082e-05,30.0,0.0006246
NXS/BTC,1584160014847,2020-03-14T04:26:54.847Z,buy,2.083e-05,81.0,0.0016872299999999
NXS/BTC,1584160014847,2020-03-14T04:26:54.847Z,buy,2.084e-05,65.0,0.0013546
NXS/BTC,1584160014847,2020-03-14T04:26:54.847Z,buy,2.085e-05,85.0,0.00177225
NXS/BTC,1584160014847,2020-03-14T04:26:54.847Z,buy,2.086e-05,14.0,0.00029204
NXS/BTC,1584160014847,2020-03-14T04:26:54.847Z,buy,2.087e-05,26.0,0.00054262
NXS/BTC,1584160014847,2020-03-14T04:26:54.847Z,buy,2.088e-05,727.0,0.01517976
NXS/BTC,1584160014847,2020-03-14T04:26:54.847Z,buy,2.089e-05,8.0,0.00016712
NXS/BTC,1584160014847,2020-03-14T04:26:54.847Z,buy,2.09e-05,931.0,0.0194579
NXS/BTC,1584160014847,2020-03-14T04:26:54.847Z,buy,2.091e-05,98.0,0.00204918
NXS/BTC,1584160014847,2020-03-14T04:26:54.847Z,buy,2.096e-05,87.0,0.00182352
NXS/BTC,1584160014847,2020-03-14T04:26:54.847Z,buy,2.098e-05,14.0,0.0002937199999999
NXS/BTC,1584160014847,2020-03-14T04:26:54.847Z,buy,2.102e-05,138.0,0.0029007599999999
NXS/BTC,1584160014847,2020-03-14T04:26:54.847Z,buy,2.104e-05,30.0,0.0006312
NXS/BTC,1584160014847,2020-03-14T04:26:54.847Z,buy,2.106e-05,65.0,0.0013689
NXS/BTC,1584160014847,2020-03-14T04:26:54.847Z,buy,2.107e-05,415.0,0.00874405
NXS/BTC,1584160014847,2020-03-14T04:26:54.847Z,buy,2.109e-05,81.0,0.00170829
NXS/BTC,1584160014847,2020-03-14T04:26:54.847Z,buy,2.11e-05,8.0,0.0001688
NXS/BTC,1584160014847,2020-03-14T04:26:54.847Z,buy,2.111e-05,12.0,0.00025332
NXS/BTC,1584160014847,2020-03-14T04:26:54.847Z,buy,2.112e-05,90.0,0.0019008
NXS/BTC,1584160014847,2020-03-14T04:26:54.847Z,buy,2.114e-05,13.0,0.00027482
NXS/BTC,1584160014847,2020-03-14T04:26:54.847Z,buy,2.118e-05,85.0,0.0018003
NXS/BTC,1584160014847,2020-03-14T04:26:54.847Z,buy,2.122e-05,198.0,0.00420156
NXS/BTC,1584160014847,2020-03-14T04:26:54.847Z,buy,2.123e-05,85.0,0.0018045499999999
NXS/BTC,1584160014847,2020-03-14T04:26:54.847Z,buy,2.124e-05,14.0,0.00029736
NXS/BTC,1584160014847,2020-03-14T04:26:54.847Z,buy,2.125e-05,35.0,0.00074375
NXS/BTC,1584160014847,2020-03-14T04:26:54.847Z,buy,2.126e-05,19.0,0.00040394
NXS/BTC,1584160014847,2020-03-14T04:26:54.847Z,buy,2.128e-05,150.0,0.003192
NXS/BTC,1584160014847,2020-03-14T04:26:54.847Z,buy,2.129e-05,19.0,0.00040451
NXS/BTC,1584160014847,2020-03-14T04:26:54.847Z,buy,2.13e-05,22264.0,0.4742232
NXS/BTC,1584160014960,2020-03-14T04:26:54.960Z,sell,2.094e-05,341.0,0.00714054
NXS/BTC,1584160014961,2020-03-14T04:26:54.961Z,sell,2.094e-05,6.0,0.00012564
NXS/BTC,1584160014961,2020-03-14T04:26:54.961Z,sell,2.093e-05,335.0,0.00701155
NXS/BTC,1584160014961,2020-03-14T04:26:54.961Z,sell,2.093e-05,6.0,0.00012558
NXS/BTC,1584160014961,2020-03-14T04:26:54.961Z,sell,2.092e-05,335.0,0.0070082
NXS/BTC,1584160014963,2020-03-14T04:26:54.963Z,sell,2.095e-05,33.0,0.00069135
NXS/BTC,1584160014966,2020-03-14T04:26:54.966Z,sell,2.095e-05,33.0,0.00069135
NXS/BTC,1584160014967,2020-03-14T04:26:54.967Z,sell,2.095e-05,30.0,0.0006285
NXS/BTC,1584160014967,2020-03-14T04:26:54.967Z,sell,2.095e-05,33.0,0.00069135
NXS/BTC,1584160014977,2020-03-14T04:26:54.977Z,sell,2.095e-05,20.0,0.000419
NXS/BTC,1584160015022,2020-03-14T04:26:55.022Z,sell,2.095e-05,198.0,0.0041481
NXS/BTC,1584160015022,2020-03-14T04:26:55.022Z,sell,2.094e-05,2947.0,0.0617101799999999
NXS/BTC,1584160015022,2020-03-14T04:26:55.022Z,sell,2.092e-05,359.0,0.00751028
NXS/BTC,1584160015029,2020-03-14T04:26:55.029Z,sell,2.094e-05,98.0,0.00205212
NXS/BTC,1584160015035,2020-03-14T04:26:55.035Z,sell,2.094e-05,1093.0,0.02288742
NXS/BTC,1584160015046,2020-03-14T04:26:55.046Z,sell,2.091e-05,238.0,0.00497658
NXS/BTC,1584160015061,2020-03-14T04:26:55.061Z,sell,2.091e-05,98.0,0.00204918
NXS/BTC,1584160015074,2020-03-14T04:26:55.074Z,sell,2.091e-05,97.0,0.00202827
NXS/BTC,1584160015758,2020-03-14T04:26:55.758Z,buy,2.092e-05,5.0,0.0001046
NXS/BTC,1584160016190,2020-03-14T04:26:56.190Z,buy,2.092e-05,5.0,0.0001046
NXS/BTC,1584160016754,2020-03-14T04:26:56.754Z,buy,2.092e-05,81.0,0.00169452
NXS/BTC,1584160016768,2020-03-14T04:26:56.768Z,buy,2.092e-05,14.0,0.00029288
NXS/BTC,1584160017400,2020-03-14T04:26:57.400Z,buy,2.092e-05,14.0,0.00029288
NXS/BTC,1584160017585,2020-03-14T04:26:57.585Z,buy,2.092e-05,81.0,0.00169452
NXS/BTC,1584160017814,2020-03-14T04:26:57.814Z,buy,2.092e-05,22.0,0.00046024
NXS/BTC,1584160017960,2020-03-14T04:26:57.960Z,sell,2.089e-05,6.0,0.00012534
NXS/BTC,1584160018244,2020-03-14T04:26:58.244Z,buy,2.092e-05,8.0,0.00016736
NXS/BTC,1584160020105,2020-03-14T04:27:00.105Z,buy,2.092e-05,908.0,0.01899536
NXS/BTC,1584160021034,2020-03-14T04:27:01.034Z,sell,2.091e-05,9.0,0.00018819
NXS/BTC,1584160023111,2020-03-14T04:27:03.111Z,buy,2.09e-05,42.0,0.0008778
NXS/BTC,1584160034947,2020-03-14T04:27:14.947Z,sell,2.106e-05,5.0,0.0001053
NXS/BTC,1584160037111,2020-03-14T04:27:17.111Z,sell,2.106e-05,34.0,0.00071604
NXS/BTC,1584160038526,2020-03-14T04:27:18.526Z,buy,2.108e-05,85.0,0.0017918
NXS/BTC,1584160041142,2020-03-14T04:27:21.142Z,buy,2.108e-05,27.0,0.00056916
NXS/BTC,1584160041142,2020-03-14T04:27:21.142Z,buy,2.109e-05,58.0,0.00122322
NXS/BTC,1584160043244,2020-03-14T04:27:23.244Z,buy,2.109e-05,23.0,0.00048507
NXS/BTC,1584160043244,2020-03-14T04:27:23.244Z,buy,2.111e-05,62.0,0.00130882
NXS/BTC,1584160059440,2020-03-14T04:27:39.440Z,buy,2.111e-05,467.0,0.00985837
NXS/BTC,1584160067544,2020-03-14T04:27:47.544Z,buy,2.111e-05,10.0,0.0002110999999999
NXS/BTC,1584160107699,2020-03-14T04:28:27.699Z,buy,2.11e-05,1066.0,0.0224926
NXS/BTC,1584160127384,2020-03-14T04:28:47.384Z,buy,2.11e-05,840.0,0.017724
NXS/BTC,1584160127828,2020-03-14T04:28:47.828Z,buy,2.111e-05,1446.0,0.03052506
NXS/BTC,1584160132799,2020-03-14T04:28:52.799Z,buy,2.11e-05,347.0,0.0073217
NXS/BTC,1584160141584,2020-03-14T04:29:01.584Z,buy,2.111e-05,347.0,0.00732517
NXS/BTC,1584160142335,2020-03-14T04:29:02.335Z,buy,2.11e-05,5.0,0.0001055
NXS/BTC,1584160187355,2020-03-14T04:29:47.355Z,buy,2.11e-05,373.0,0.0078703
NXS/BTC,1584160191341,2020-03-14T04:29:51.341Z,buy,2.111e-05,341.0,0.00719851
NXS/BTC,1584160206392,2020-03-14T04:30:06.392Z,buy,2.111e-05,347.0,0.00732517
NXS/BTC,1584160244398,2020-03-14T04:30:44.398Z,sell,2.107e-05,9.0,0.0001896299999999
NXS/BTC,1584160244398,2020-03-14T04:30:44.398Z,sell,2.107e-05,37.0,0.00077959
NXS/BTC,1584160244903,2020-03-14T04:30:44.903Z,sell,2.107e-05,39.0,0.00082173
NXS/BTC,1584160244903,2020-03-14T04:30:44.903Z,sell,2.106e-05,26.0,0.00054756
NXS/BTC,1584160247007,2020-03-14T04:30:47.007Z,sell,2.102e-05,10.0,0.0002102
NXS/BTC,1584160247008,2020-03-14T04:30:47.008Z,sell,2.102e-05,49.0,0.00102998
NXS/BTC,1584160247033,2020-03-14T04:30:47.033Z,sell,2.102e-05,26.0,0.00054652
NXS/BTC,1584160247033,2020-03-14T04:30:47.033Z,sell,2.101e-05,26.0,0.00054626
NXS/BTC,1584160247033,2020-03-14T04:30:47.033Z,sell,2.098e-05,226.0,0.00474148
NXS/BTC,1584160247033,2020-03-14T04:30:47.033Z,sell,2.096e-05,166.0,0.00347936
NXS/BTC,1584160247033,2020-03-14T04:30:47.033Z,sell,2.091e-05,98.0,0.00204918
NXS/BTC,1584160247033,2020-03-14T04:30:47.033Z,sell,2.089e-05,2.0,4.178e-05
NXS/BTC,1584160247033,2020-03-14T04:30:47.033Z,sell,2.088e-05,133.0,0.00277704
NXS/BTC,1584160247058,2020-03-14T04:30:47.058Z,sell,2.088e-05,318.0,0.00663984
NXS/BTC,1584160247095,2020-03-14T04:30:47.095Z,sell,2.088e-05,893.0,0.01864584
NXS/BTC,1584160247095,2020-03-14T04:30:47.095Z,sell,2.087e-05,460.0,0.0096002
NXS/BTC,1584160247165,2020-03-14T04:30:47.165Z,sell,2.087e-05,29.0,0.00060523
NXS/BTC,1584160247542,2020-03-14T04:30:47.542Z,sell,2.088e-05,10.0,0.0002088
NXS/BTC,1584160248671,2020-03-14T04:30:48.671Z,sell,2.088e-05,2189.0,0.04570632
NXS/BTC,1584160295283,2020-03-14T04:31:35.283Z,sell,2.086e-05,14.0,0.00029204
NXS/BTC,1584160295283,2020-03-14T04:31:35.283Z,sell,2.085e-05,85.0,0.00177225
NXS/BTC,1584160295283,2020-03-14T04:31:35.283Z,sell,2.084e-05,253.0,0.00527252
NXS/BTC,1584160295283,2020-03-14T04:31:35.283Z,sell,2.083e-05,81.0,0.0016872299999999
NXS/BTC,1584160295283,2020-03-14T04:31:35.283Z,sell,2.082e-05,30.0,0.0006246
NXS/BTC,1584160295283,2020-03-14T04:31:35.283Z,sell,2.081e-05,20.0,0.0004162
NXS/BTC,1584160295283,2020-03-14T04:31:35.283Z,sell,2.08e-05,85.0,0.001768
NXS/BTC,1584160295283,2020-03-14T04:31:35.283Z,sell,2.075e-05,85.0,0.00176375
NXS/BTC,1584160295283,2020-03-14T04:31:35.283Z,sell,2.074e-05,27.0,0.00055998
NXS/BTC,1584160295283,2020-03-14T04:31:35.283Z,sell,2.073e-05,198.0,0.00410454
NXS/BTC,1584160295283,2020-03-14T04:31:35.283Z,sell,2.073e-05,113.0,0.00234249
NXS/BTC,1584160298325,2020-03-14T04:31:38.325Z,buy,2.077e-05,268.0,0.00556636
NXS/BTC,1584160315957,2020-03-14T04:31:55.957Z,buy,2.084e-05,6.0,0.00012504
NXS/BTC,1584160467834,2020-03-14T04:34:27.834Z,buy,2.073e-05,224.0,0.00464352
NXS/BTC,1584160476140,2020-03-14T04:34:36.140Z,sell,2.072e-05,53.0,0.00109816
NXS/BTC,1584160476140,2020-03-14T04:34:36.140Z,sell,2.071e-05,198.0,0.00410058
NXS/BTC,1584160477021,2020-03-14T04:34:37.021Z,buy,2.071e-05,6.0,0.00012426
NXS/BTC,1584160743086,2020-03-14T04:39:03.086Z,buy,2.071e-05,14.0,0.00028994
NXS/BTC,1584160743391,2020-03-14T04:39:03.391Z,buy,2.071e-05,5.0,0.00010355
NXS/BTC,1584160856046,2020-03-14T04:40:56.046Z,buy,2.071e-05,71.0,0.00147041
NXS/BTC,1584161103442,2020-03-14T04:45:03.442Z,buy,2.08e-05,85.0,0.001768
NXS/BTC,1584161135744,2020-03-14T04:45:35.744Z,buy,2.083e-05,5.0,0.00010415
NXS/BTC,1584161633240,2020-03-14T04:53:53.240Z,buy,2.083e-05,81.0,0.0016872299999999
NXS/BTC,1584161633240,2020-03-14T04:53:53.240Z,buy,2.084e-05,341.0,0.00710644
NXS/BTC,1584161633240,2020-03-14T04:53:53.240Z,buy,2.085e-05,85.0,0.00177225
NXS/BTC,1584161633240,2020-03-14T04:53:53.240Z,buy,2.086e-05,14.0,0.00029204
NXS/BTC,1584161633240,2020-03-14T04:53:53.240Z,buy,2.091e-05,85.0,0.00177735
NXS/BTC,1584161633240,2020-03-14T04:53:53.240Z,buy,2.094e-05,737.0,0.01543278
NXS/BTC,1584161633240,2020-03-14T04:53:53.240Z,buy,2.096e-05,166.0,0.00347936
NXS/BTC,1584161633240,2020-03-14T04:53:53.240Z,buy,2.098e-05,14.0,0.0002937199999999
NXS/BTC,1584161633240,2020-03-14T04:53:53.240Z,buy,2.101e-05,14.0,0.00029414
NXS/BTC,1584161633240,2020-03-14T04:53:53.240Z,buy,2.102e-05,138.0,0.0029007599999999
NXS/BTC,1584161633240,2020-03-14T04:53:53.240Z,buy,2.104e-05,30.0,0.0006312
NXS/BTC,1584161633240,2020-03-14T04:53:53.240Z,buy,2.105e-05,138.0,0.0029049
NXS/BTC,1584161633240,2020-03-14T04:53:53.240Z,buy,2.106e-05,65.0,0.0013689
NXS/BTC,1584161633240,2020-03-14T04:53:53.240Z,buy,2.107e-05,85.0,0.00179095
NXS/BTC,1584161633240,2020-03-14T04:53:53.240Z,buy,2.109e-05,81.0,0.00170829
NXS/BTC,1584161633240,2020-03-14T04:53:53.240Z,buy,2.11e-05,8.0,0.0001688
NXS/BTC,1584161633240,2020-03-14T04:53:53.240Z,buy,2.111e-05,14.0,0.00029554
NXS/BTC,1584161633240,2020-03-14T04:53:53.240Z,buy,2.112e-05,90.0,0.0019008
NXS/BTC,1584161633240,2020-03-14T04:53:53.240Z,buy,2.114e-05,13.0,0.00027482
NXS/BTC,1584161633240,2020-03-14T04:53:53.240Z,buy,2.118e-05,85.0,0.0018003
NXS/BTC,1584161633240,2020-03-14T04:53:53.240Z,buy,2.122e-05,198.0,0.00420156
NXS/BTC,1584161633240,2020-03-14T04:53:53.240Z,buy,2.123e-05,85.0,0.0018045499999999
NXS/BTC,1584161633240,2020-03-14T04:53:53.240Z,buy,2.124e-05,14.0,0.00029736
NXS/BTC,1584161633240,2020-03-14T04:53:53.240Z,buy,2.125e-05,35.0,0.00074375
NXS/BTC,1584161633240,2020-03-14T04:53:53.240Z,buy,2.128e-05,150.0,0.003192
NXS/BTC,1584161633240,2020-03-14T04:53:53.240Z,buy,2.131e-05,8.0,0.00017048
NXS/BTC,1584161633240,2020-03-14T04:53:53.240Z,buy,2.132e-05,53.0,0.00112996
NXS/BTC,1584161633240,2020-03-14T04:53:53.240Z,buy,2.134e-05,516.0,0.0110114399999999
NXS/BTC,1584161633240,2020-03-14T04:53:53.240Z,buy,2.135e-05,81.0,0.00172935
NXS/BTC,1584161633240,2020-03-14T04:53:53.240Z,buy,2.137e-05,27.0,0.00057699
NXS/BTC,1584161633240,2020-03-14T04:53:53.240Z,buy,2.138e-05,34.0,0.0007269199999999
NXS/BTC,1584161633240,2020-03-14T04:53:53.240Z,buy,2.139e-05,85.0,0.00181815
NXS/BTC,1584161633240,2020-03-14T04:53:53.240Z,buy,2.14e-05,349.0,0.0074686
NXS/BTC,1584161633240,2020-03-14T04:53:53.240Z,buy,2.144e-05,85.0,0.0018224
NXS/BTC,1584161633240,2020-03-14T04:53:53.240Z,buy,2.145e-05,81.0,0.00173745
NXS/BTC,1584161633240,2020-03-14T04:53:53.240Z,buy,2.146e-05,30.0,0.0006438
NXS/BTC,1584161633240,2020-03-14T04:53:53.240Z,buy,2.148e-05,81.0,0.00173988
NXS/BTC,1584161633240,2020-03-14T04:53:53.240Z,buy,2.15e-05,3250.0,0.069875
NXS/BTC,1584161633240,2020-03-14T04:53:53.240Z,buy,2.151e-05,5.0,0.00010755
NXS/BTC,1584161633240,2020-03-14T04:53:53.240Z,buy,2.152e-05,8.0,0.00017216
NXS/BTC,1584161633240,2020-03-14T04:53:53.240Z,buy,2.155e-05,85.0,0.0018317499999999
NXS/BTC,1584161633240,2020-03-14T04:53:53.240Z,buy,2.158e-05,423.0,0.00912834
NXS/BTC,1584161633240,2020-03-14T04:53:53.240Z,buy,2.159e-05,34.0,0.00073406
NXS/BTC,1584161633240,2020-03-14T04:53:53.240Z,buy,2.16e-05,13.0,0.0002808
NXS/BTC,1584161633240,2020-03-14T04:53:53.240Z,buy,2.161e-05,166.0,0.00358726
NXS/BTC,1584161633240,2020-03-14T04:53:53.240Z,buy,2.162e-05,53.0,0.00114586
NXS/BTC,1584161633240,2020-03-14T04:53:53.240Z,buy,2.163e-05,14.0,0.00030282
NXS/BTC,1584161633240,2020-03-14T04:53:53.240Z,buy,2.165e-05,5.0,0.00010825
NXS/BTC,1584161633240,2020-03-14T04:53:53.240Z,buy,2.166e-05,85.0,0.0018411
NXS/BTC,1584161633240,2020-03-14T04:53:53.240Z,buy,2.168e-05,30.0,0.0006504
NXS/BTC,1584161633240,2020-03-14T04:53:53.240Z,buy,2.17e-05,20.0,0.000434
NXS/BTC,1584161633240,2020-03-14T04:53:53.240Z,buy,2.171e-05,850.0,0.0184535
NXS/BTC,1584161633240,2020-03-14T04:53:53.240Z,buy,2.172e-05,192.0,0.0041702399999999
NXS/BTC,1584161633240,2020-03-14T04:53:53.240Z,buy,2.173e-05,8.0,0.00017384
NXS/BTC,1584161633240,2020-03-14T04:53:53.240Z,buy,2.175e-05,93.0,0.00202275
NXS/BTC,1584161633240,2020-03-14T04:53:53.240Z,buy,2.176e-05,14.0,0.0003046399999999
NXS/BTC,1584161633240,2020-03-14T04:53:53.240Z,buy,2.177e-05,85.0,0.00185045
NXS/BTC,1584161633240,2020-03-14T04:53:53.240Z,buy,2.178e-05,5.0,0.0001089
NXS/BTC,1584161633240,2020-03-14T04:53:53.240Z,buy,2.182e-05,85.0,0.0018547
NXS/BTC,1584161633240,2020-03-14T04:53:53.240Z,buy,2.183e-05,13.0,0.00028379
NXS/BTC,1584161633240,2020-03-14T04:53:53.240Z,buy,2.185e-05,4874.0,0.1064968999999999
NXS/BTC,1584161633240,2020-03-14T04:53:53.240Z,buy,2.186e-05,155.0,0.0033883
NXS/BTC,1584161633240,2020-03-14T04:53:53.240Z,buy,2.187e-05,85.0,0.0018589499999999
NXS/BTC,1584161633240,2020-03-14T04:53:53.240Z,buy,2.188e-05,11829.0,0.25881852
NXS/BTC,1584161633240,2020-03-14T04:53:53.240Z,buy,2.189e-05,44.0,0.0009631599999999
NXS/BTC,1584161633240,2020-03-14T04:53:53.240Z,buy,2.19e-05,50.0,0.001095
NXS/BTC,1584161633240,2020-03-14T04:53:53.240Z,buy,2.191e-05,767.0,0.01680497
NXS/BTC,1584161633240,2020-03-14T04:53:53.240Z,buy,2.192e-05,53.0,0.00116176
NXS/BTC,1584161633240,2020-03-14T04:53:53.240Z,buy,2.193e-05,100.0,0.0021929999999999
NXS/BTC,1584161633240,2020-03-14T04:53:53.240Z,buy,2.194e-05,73.0,0.00160162
NXS/BTC,1584161633240,2020-03-14T04:53:53.240Z,buy,2.195e-05,5.0,0.00010975
NXS/BTC,1584161633240,2020-03-14T04:53:53.240Z,buy,2.196e-05,5.0,0.0001098
NXS/BTC,1584161633240,2020-03-14T04:53:53.240Z,buy,2.197e-05,14.0,0.00030758
NXS/BTC,1584161633240,2020-03-14T04:53:53.240Z,buy,2.198e-05,5085.0,0.1117683
NXS/BTC,1584161633240,2020-03-14T04:53:53.240Z,buy,2.2e-05,6144.0,0.135168
NXS/BTC,1584161633240,2020-03-14T04:53:53.240Z,buy,2.202e-05,295.0,0.0064959
NXS/BTC,1584161633240,2020-03-14T04:53:53.240Z,buy,2.203e-05,85.0,0.00187255
NXS/BTC,1584161633240,2020-03-14T04:53:53.240Z,buy,2.205e-05,5.0,0.00011025
NXS/BTC,1584161633240,2020-03-14T04:53:53.240Z,buy,2.206e-05,13.0,0.00028678
NXS/BTC,1584161633240,2020-03-14T04:53:53.240Z,sell,2.206e-05,43.0,0.00094858
NXS/BTC,1584161633264,2020-03-14T04:53:53.264Z,sell,2.206e-05,14788.0,0.32622328
NXS/BTC,1584161633333,2020-03-14T04:53:53.333Z,buy,2.101e-05,49.0,0.00102949
NXS/BTC,1584161633356,2020-03-14T04:53:53.356Z,sell,2.081e-05,28.0,0.0005826799999999
NXS/BTC,1584161633503,2020-03-14T04:53:53.503Z,buy,2.101e-05,1.0,2.101e-05
NXS/BTC,1584161633776,2020-03-14T04:53:53.776Z,sell,2.156e-05,18.0,0.00038808
NXS/BTC,1584161633786,2020-03-14T04:53:53.786Z,sell,2.156e-05,44.0,0.00094864
NXS/BTC,1584161633786,2020-03-14T04:53:53.786Z,sell,2.098e-05,2.0,4.196e-05
NXS/BTC,1584161633788,2020-03-14T04:53:53.788Z,sell,2.098e-05,58.0,0.0012168399999999
NXS/BTC,1584161633789,2020-03-14T04:53:53.789Z,sell,2.098e-05,106.0,0.0022238799999999
NXS/BTC,1584161633793,2020-03-14T04:53:53.793Z,sell,2.098e-05,180.0,0.0037763999999999
NXS/BTC,1584161633793,2020-03-14T04:53:53.793Z,sell,2.097e-05,74.0,0.00155178
NXS/BTC,1584161633794,2020-03-14T04:53:53.794Z,sell,2.097e-05,627.0,0.01314819
NXS/BTC,1584161633795,2020-03-14T04:53:53.795Z,sell,2.097e-05,47.0,0.00098559
NXS/BTC,1584161634373,2020-03-14T04:53:54.373Z,sell,2.146e-05,7.0,0.00015022
NXS/BTC,1584161635271,2020-03-14T04:53:55.271Z,sell,2.148e-05,46.0,0.00098808
NXS/BTC,1584161635567,2020-03-14T04:53:55.567Z,sell,2.148e-05,56.0,0.00120288
NXS/BTC,1584161635798,2020-03-14T04:53:55.798Z,buy,2.18e-05,42.0,0.0009156
NXS/BTC,1584161636167,2020-03-14T04:53:56.167Z,sell,2.173e-05,8.0,0.00017384
NXS/BTC,1584161636167,2020-03-14T04:53:56.167Z,sell,2.148e-05,42.0,0.00090216
NXS/BTC,1584161637823,2020-03-14T04:53:57.823Z,buy,2.18e-05,102.0,0.0022236
NXS/BTC,1584161637823,2020-03-14T04:53:57.823Z,buy,2.181e-05,7.0,0.00015267
NXS/BTC,1584161637823,2020-03-14T04:53:57.823Z,buy,2.182e-05,95.0,0.0020729
NXS/BTC,1584161637824,2020-03-14T04:53:57.824Z,buy,2.182e-05,102.0,0.00222564
NXS/BTC,1584161637825,2020-03-14T04:53:57.825Z,buy,2.182e-05,98.0,0.00213836
NXS/BTC,1584161637825,2020-03-14T04:53:57.825Z,buy,2.183e-05,4.0,8.732e-05
NXS/BTC,1584161637825,2020-03-14T04:53:57.825Z,buy,2.183e-05,102.0,0.00222666
NXS/BTC,1584161637825,2020-03-14T04:53:57.825Z,buy,2.183e-05,102.0,0.00222666
NXS/BTC,1584161637826,2020-03-14T04:53:57.826Z,buy,2.183e-05,102.0,0.00222666
NXS/BTC,1584161637826,2020-03-14T04:53:57.826Z,buy,2.183e-05,102.0,0.00222666
NXS/BTC,1584161637826,2020-03-14T04:53:57.826Z,buy,2.183e-05,102.0,0.00222666
NXS/BTC,1584161637828,2020-03-14T04:53:57.828Z,buy,2.183e-05,102.0,0.00222666
NXS/BTC,1584161637828,2020-03-14T04:53:57.828Z,buy,2.183e-05,102.0,0.00222666
NXS/BTC,1584161637828,2020-03-14T04:53:57.828Z,buy,2.183e-05,102.0,0.00222666
NXS/BTC,1584161637829,2020-03-14T04:53:57.829Z,buy,2.183e-05,102.0,0.00222666
NXS/BTC,1584161637829,2020-03-14T04:53:57.829Z,buy,2.183e-05,2.0,4.366e-05
NXS/BTC,1584161637977,2020-03-14T04:53:57.977Z,sell,2.191e-05,5.0,0.0001095499999999
NXS/BTC,1584161637977,2020-03-14T04:53:57.977Z,sell,2.182e-05,23.0,0.00050186
NXS/BTC,1584161638115,2020-03-14T04:53:58.115Z,sell,2.182e-05,18.0,0.00039276
NXS/BTC,1584161638115,2020-03-14T04:53:58.115Z,sell,2.178e-05,5.0,0.0001089
NXS/BTC,1584161638115,2020-03-14T04:53:58.115Z,sell,2.176e-05,14.0,0.0003046399999999
NXS/BTC,1584161638375,2020-03-14T04:53:58.375Z,buy,2.167e-05,4.0,8.668e-05
NXS/BTC,1584161638531,2020-03-14T04:53:58.531Z,sell,2.189e-05,7.0,0.00015323
NXS/BTC,1584161638822,2020-03-14T04:53:58.822Z,sell,2.189e-05,7.0,0.00015323
NXS/BTC,1584161639210,2020-03-14T04:53:59.210Z,sell,2.168e-05,81.0,0.00175608
NXS/BTC,1584161639277,2020-03-14T04:53:59.277Z,sell,2.168e-05,1309.0,0.0283791199999999
NXS/BTC,1584161639478,2020-03-14T04:53:59.478Z,sell,2.165e-05,47.0,0.00101755
NXS/BTC,1584161639740,2020-03-14T04:53:59.740Z,sell,2.165e-05,773.0,0.01673545
NXS/BTC,1584161639825,2020-03-14T04:53:59.825Z,sell,2.165e-05,219.0,0.00474135
NXS/BTC,1584161639828,2020-03-14T04:53:59.828Z,sell,2.165e-05,67.0,0.00145055
NXS/BTC,1584161639829,2020-03-14T04:53:59.829Z,sell,2.165e-05,25.0,0.00054125
NXS/BTC,1584161639829,2020-03-14T04:53:59.829Z,sell,2.163e-05,14.0,0.00030282
NXS/BTC,1584161639829,2020-03-14T04:53:59.829Z,sell,2.161e-05,9.0,0.00019449
NXS/BTC,1584161639832,2020-03-14T04:53:59.832Z,sell,2.161e-05,72.0,0.00155592
NXS/BTC,1584161639832,2020-03-14T04:53:59.832Z,sell,2.152e-05,8.0,0.00017216
NXS/BTC,1584161639832,2020-03-14T04:53:59.832Z,sell,2.151e-05,5.0,0.00010755
NXS/BTC,1584161639832,2020-03-14T04:53:59.832Z,sell,2.15e-05,14.0,0.000301
NXS/BTC,1584161639832,2020-03-14T04:53:59.832Z,sell,2.148e-05,81.0,0.00173988
NXS/BTC,1584161639832,2020-03-14T04:53:59.832Z,sell,2.147e-05,39.0,0.00083733
NXS/BTC,1584161639833,2020-03-14T04:53:59.833Z,sell,2.147e-05,244.0,0.00523868
NXS/BTC,1584161639833,2020-03-14T04:53:59.833Z,sell,2.146e-05,30.0,0.0006438
NXS/BTC,1584161639833,2020-03-14T04:53:59.833Z,sell,2.145e-05,121.0,0.00259545
NXS/BTC,1584161639835,2020-03-14T04:53:59.835Z,sell,2.145e-05,157.0,0.00336765
NXS/BTC,1584161639835,2020-03-14T04:53:59.835Z,sell,2.144e-05,77.0,0.00165088
NXS/BTC,1584161639835,2020-03-14T04:53:59.835Z,sell,2.144e-05,179.0,0.00383776
NXS/BTC,1584161639835,2020-03-14T04:53:59.835Z,sell,2.143e-05,359.0,0.00769337
NXS/BTC,1584161639835,2020-03-14T04:53:59.835Z,sell,2.138e-05,5.0,0.0001069
NXS/BTC,1584161639835,2020-03-14T04:53:59.835Z,sell,2.137e-05,14.0,0.00029918
NXS/BTC,1584161639835,2020-03-14T04:53:59.835Z,sell,2.136e-05,9.0,0.00019224
NXS/BTC,1584161639835,2020-03-14T04:53:59.835Z,sell,2.135e-05,81.0,0.00172935
NXS/BTC,1584161639835,2020-03-14T04:53:59.835Z,sell,2.131e-05,8.0,0.00017048
NXS/BTC,1584161639835,2020-03-14T04:53:59.835Z,sell,2.125e-05,35.0,0.00074375
NXS/BTC,1584161639835,2020-03-14T04:53:59.835Z,sell,2.124e-05,14.0,0.00029736
NXS/BTC,1584161639835,2020-03-14T04:53:59.835Z,sell,2.122e-05,1239.0,0.02629158
NXS/BTC,1584161639836,2020-03-14T04:53:59.836Z,sell,2.122e-05,296.0,0.00628112
NXS/BTC,1584161639837,2020-03-14T04:53:59.837Z,sell,2.122e-05,394.0,0.00836068
NXS/BTC,1584161639837,2020-03-14T04:53:59.837Z,sell,2.122e-05,447.0,0.00948534
NXS/BTC,1584161639839,2020-03-14T04:53:59.839Z,sell,2.122e-05,312.0,0.00662064
NXS/BTC,1584161639841,2020-03-14T04:53:59.841Z,sell,2.122e-05,691.0,0.01466302
NXS/BTC,1584161639841,2020-03-14T04:53:59.841Z,sell,2.121e-05,135.0,0.0028633499999999
NXS/BTC,1584161639841,2020-03-14T04:53:59.841Z,sell,2.112e-05,5.0,0.0001056
NXS/BTC,1584161639841,2020-03-14T04:53:59.841Z,sell,2.111e-05,14.0,0.00029554
NXS/BTC,1584161639841,2020-03-14T04:53:59.841Z,sell,2.11e-05,8.0,0.0001688
NXS/BTC,1584161639841,2020-03-14T04:53:59.841Z,sell,2.109e-05,81.0,0.00170829
NXS/BTC,1584161639841,2020-03-14T04:53:59.841Z,sell,2.108e-05,330.0,0.0069564
NXS/BTC,1584161639841,2020-03-14T04:53:59.841Z,sell,2.104e-05,422.0,0.0088788799999999
NXS/BTC,1584161639841,2020-03-14T04:53:59.841Z,sell,2.1e-05,5.0,0.0001049999999999
NXS/BTC,1584161639841,2020-03-14T04:53:59.841Z,sell,2.098e-05,14.0,0.0002937199999999
NXS/BTC,1584161639841,2020-03-14T04:53:59.841Z,sell,2.096e-05,81.0,0.00169776
NXS/BTC,1584161639841,2020-03-14T04:53:59.841Z,sell,2.095e-05,332.0,0.0069554
NXS/BTC,1584161639841,2020-03-14T04:53:59.841Z,sell,2.089e-05,1049.0,0.02191361
NXS/BTC,1584161639841,2020-03-14T04:53:59.841Z,sell,2.086e-05,14.0,0.00029204
NXS/BTC,1584161639841,2020-03-14T04:53:59.841Z,sell,2.085e-05,297.0,0.0061924499999999
NXS/BTC,1584161639846,2020-03-14T04:53:59.846Z,sell,2.085e-05,660.0,0.0137609999999999
NXS/BTC,1584161639846,2020-03-14T04:53:59.846Z,sell,2.083e-05,2.0,4.166e-05
NXS/BTC,1584161639849,2020-03-14T04:53:59.849Z,sell,2.083e-05,79.0,0.0016455699999999
NXS/BTC,1584161639849,2020-03-14T04:53:59.849Z,sell,2.082e-05,30.0,0.0006246
NXS/BTC,1584161639849,2020-03-14T04:53:59.849Z,sell,2.08e-05,185.0,0.003848
NXS/BTC,1584161639849,2020-03-14T04:53:59.849Z,sell,2.075e-05,85.0,0.00176375
NXS/BTC,1584161639849,2020-03-14T04:53:59.849Z,sell,2.073e-05,14.0,0.00029022
NXS/BTC,1584161639849,2020-03-14T04:53:59.849Z,sell,2.071e-05,891.0,0.01845261
NXS/BTC,1584161639850,2020-03-14T04:53:59.850Z,sell,2.071e-05,96.0,0.00198816
NXS/BTC,1584161639851,2020-03-14T04:53:59.851Z,sell,2.071e-05,69.0,0.00142899
NXS/BTC,1584161639853,2020-03-14T04:53:59.853Z,sell,2.071e-05,218.0,0.00451478
NXS/BTC,1584161639859,2020-03-14T04:53:59.859Z,sell,2.092e-05,435.0,0.0091002
NXS/BTC,1584161639860,2020-03-14T04:53:59.860Z,sell,2.092e-05,1305.0,0.0273005999999999
