symbol,timestamp,datetime,side,price,amount,btc_volume
NXS/BTC,1578510196988,2020-01-08T19:03:16.988Z,buy,2.271e-05,44.0,0.00099924
NXS/BTC,1578511877657,2020-01-08T19:31:17.657Z,sell,2.26e-05,5.0,0.000113
NXS/BTC,1578511928075,2020-01-08T19:32:08.075Z,buy,2.26e-05,5.0,0.000113
NXS/BTC,1578511936228,2020-01-08T19:32:16.228Z,buy,2.26e-05,24.0,0.0005424
NXS/BTC,1578512099918,2020-01-08T19:34:59.918Z,sell,2.258e-05,15.0,0.0003387
NXS/BTC,1578512160731,2020-01-08T19:36:00.731Z,buy,2.274e-05,74.0,0.00168276
NXS/BTC,1578512790119,2020-01-08T19:46:30.119Z,buy,2.274e-05,148.0,0.00336552
NXS/BTC,1578512790119,2020-01-08T19:46:30.119Z,buy,2.277e-05,297.0,0.00676269
NXS/BTC,1578513489754,2020-01-08T19:58:09.754Z,buy,2.277e-05,2.0,4.554e-05
NXS/BTC,1578513581743,2020-01-08T19:59:41.743Z,buy,2.277e-05,2.0,4.554e-05
NXS/BTC,1578513581743,2020-01-08T19:59:41.743Z,buy,2.277e-05,2.0,4.554e-05
NXS/BTC,1578513730010,2020-01-08T20:02:10.010Z,sell,2.262e-05,5.0,0.0001131
NXS/BTC,1578513730010,2020-01-08T20:02:10.010Z,sell,2.261e-05,41.0,0.0009270099999999
NXS/BTC,1578513981042,2020-01-08T20:06:21.042Z,buy,2.275e-05,370.0,0.0084175
NXS/BTC,1578513981059,2020-01-08T20:06:21.059Z,buy,2.275e-05,78.0,0.0017745
NXS/BTC,1578513981059,2020-01-08T20:06:21.059Z,buy,2.276e-05,6.0,0.0001365599999999
NXS/BTC,1578513981059,2020-01-08T20:06:21.059Z,buy,2.277e-05,1.0,2.277e-05
NXS/BTC,1578513981059,2020-01-08T20:06:21.059Z,buy,2.278e-05,405.0,0.0092258999999999
NXS/BTC,1578513981059,2020-01-08T20:06:21.059Z,buy,2.279e-05,3.0,6.837e-05
NXS/BTC,1578513981459,2020-01-08T20:06:21.459Z,buy,2.275e-05,5.0,0.00011375
NXS/BTC,1578514241960,2020-01-08T20:10:41.960Z,buy,2.278e-05,6.0,0.00013668
NXS/BTC,1578514241960,2020-01-08T20:10:41.960Z,buy,2.279e-05,7.0,0.00015953
NXS/BTC,1578514277046,2020-01-08T20:11:17.046Z,buy,2.278e-05,5.0,0.0001138999999999
NXS/BTC,1578514520161,2020-01-08T20:15:20.161Z,buy,2.276e-05,46.0,0.00104696
NXS/BTC,1578514787086,2020-01-08T20:19:47.086Z,sell,2.261e-05,111.0,0.00250971
NXS/BTC,1578514859886,2020-01-08T20:20:59.886Z,buy,2.277e-05,17.0,0.00038709
NXS/BTC,1578515053187,2020-01-08T20:24:13.187Z,buy,2.277e-05,20.0,0.0004554
NXS/BTC,1578515085776,2020-01-08T20:24:45.776Z,buy,2.277e-05,2.0,4.554e-05
NXS/BTC,1578515251544,2020-01-08T20:27:31.544Z,buy,2.277e-05,8.0,0.00018216
NXS/BTC,1578515251544,2020-01-08T20:27:31.544Z,buy,2.278e-05,217.0,0.00494326
NXS/BTC,1578515420229,2020-01-08T20:30:20.229Z,buy,2.277e-05,171.0,0.00389367
NXS/BTC,1578515420229,2020-01-08T20:30:20.229Z,buy,2.278e-05,182.0,0.00414596
NXS/BTC,1578515420229,2020-01-08T20:30:20.229Z,buy,2.279e-05,2214.0,0.05045706
NXS/BTC,1578515420229,2020-01-08T20:30:20.229Z,buy,2.28e-05,2970.0,0.067716
NXS/BTC,1578515420229,2020-01-08T20:30:20.229Z,buy,2.286e-05,160.0,0.0036576
NXS/BTC,1578515420229,2020-01-08T20:30:20.229Z,buy,2.287e-05,10.0,0.0002287
NXS/BTC,1578515420229,2020-01-08T20:30:20.229Z,buy,2.292e-05,77.0,0.00176484
NXS/BTC,1578515420229,2020-01-08T20:30:20.229Z,buy,2.293e-05,146.0,0.00334778
NXS/BTC,1578515420229,2020-01-08T20:30:20.229Z,buy,2.294e-05,42.0,0.00096348
NXS/BTC,1578515420408,2020-01-08T20:30:20.408Z,sell,2.286e-05,12.0,0.00027432
NXS/BTC,1578515420557,2020-01-08T20:30:20.557Z,sell,2.286e-05,10.0,0.0002286
NXS/BTC,1578516125620,2020-01-08T20:42:05.620Z,sell,2.279e-05,273.0,0.00622167
NXS/BTC,1578517051799,2020-01-08T20:57:31.799Z,buy,2.291e-05,122.0,0.00279502
NXS/BTC,1578517051799,2020-01-08T20:57:31.799Z,buy,2.291e-05,122.0,0.00279502
NXS/BTC,1578520027557,2020-01-08T21:47:07.557Z,buy,2.288e-05,43.0,0.00098384
NXS/BTC,1578520027614,2020-01-08T21:47:07.614Z,buy,2.288e-05,43.0,0.00098384
NXS/BTC,1578520057986,2020-01-08T21:47:37.986Z,buy,2.288e-05,2.0,4.576e-05
NXS/BTC,1578520147959,2020-01-08T21:49:07.959Z,sell,2.272e-05,394.0,0.00895168
NXS/BTC,1578520147959,2020-01-08T21:49:07.959Z,sell,2.272e-05,394.0,0.00895168
NXS/BTC,1578521147999,2020-01-08T22:05:47.999Z,sell,2.274e-05,511.0,0.01162014
NXS/BTC,1578521150968,2020-01-08T22:05:50.968Z,sell,2.275e-05,221.0,0.00502775
NXS/BTC,1578521153050,2020-01-08T22:05:53.050Z,sell,2.275e-05,50.0,0.0011375
NXS/BTC,1578521153050,2020-01-08T22:05:53.050Z,sell,2.271e-05,27.0,0.00061317
NXS/BTC,1578521153050,2020-01-08T22:05:53.050Z,sell,2.269e-05,32.0,0.00072608
NXS/BTC,1578521156165,2020-01-08T22:05:56.165Z,sell,2.272e-05,180.0,0.0040896
NXS/BTC,1578521159693,2020-01-08T22:05:59.693Z,sell,2.269e-05,276.0,0.00626244
NXS/BTC,1578521163251,2020-01-08T22:06:03.251Z,sell,2.269e-05,86.0,0.00195134
NXS/BTC,1578521163251,2020-01-08T22:06:03.251Z,sell,2.268e-05,90.0,0.0020412
NXS/BTC,1578521422057,2020-01-08T22:10:22.057Z,buy,2.281e-05,2.0,4.562e-05
NXS/BTC,1578521543856,2020-01-08T22:12:23.856Z,sell,2.269e-05,209.0,0.00474221
NXS/BTC,1578521544721,2020-01-08T22:12:24.721Z,sell,2.268e-05,86.0,0.0019504799999999
NXS/BTC,1578521544721,2020-01-08T22:12:24.721Z,sell,2.259e-05,126.0,0.0028463399999999
NXS/BTC,1578521556442,2020-01-08T22:12:36.442Z,buy,2.286e-05,215.0,0.0049149
NXS/BTC,1578521556442,2020-01-08T22:12:36.442Z,buy,2.287e-05,18.0,0.00041166
NXS/BTC,1578521583470,2020-01-08T22:13:03.470Z,sell,2.27e-05,117.0,0.0026559
NXS/BTC,1578521583470,2020-01-08T22:13:03.470Z,sell,2.269e-05,117.0,0.00265473
NXS/BTC,1578521586990,2020-01-08T22:13:06.990Z,sell,2.27e-05,5.0,0.0001135
NXS/BTC,1578521602439,2020-01-08T22:13:22.439Z,sell,2.264e-05,209.0,0.00473176
NXS/BTC,1578521602439,2020-01-08T22:13:22.439Z,sell,2.263e-05,20.0,0.0004525999999999
NXS/BTC,1578521610149,2020-01-08T22:13:30.149Z,buy,2.271e-05,117.0,0.00265707
NXS/BTC,1578521620262,2020-01-08T22:13:40.262Z,sell,2.266e-05,239.0,0.00541574
NXS/BTC,1578521623795,2020-01-08T22:13:43.795Z,sell,2.266e-05,220.0,0.0049852
NXS/BTC,1578521625465,2020-01-08T22:13:45.465Z,buy,2.269e-05,44.0,0.00099836
NXS/BTC,1578521628195,2020-01-08T22:13:48.195Z,sell,2.266e-05,209.0,0.00473594
NXS/BTC,1578521644320,2020-01-08T22:14:04.320Z,sell,2.266e-05,11.0,0.00024926
NXS/BTC,1578521644323,2020-01-08T22:14:04.323Z,sell,2.266e-05,5.0,0.0001133
NXS/BTC,1578521645960,2020-01-08T22:14:05.960Z,sell,2.266e-05,7.0,0.00015862
NXS/BTC,1578521660411,2020-01-08T22:14:20.411Z,sell,2.266e-05,229.0,0.00518914
NXS/BTC,1578521866641,2020-01-08T22:17:46.641Z,sell,2.266e-05,129.0,0.00292314
NXS/BTC,1578522201484,2020-01-08T22:23:21.484Z,sell,2.266e-05,1100.0,0.024926
NXS/BTC,1578522509422,2020-01-08T22:28:29.422Z,buy,2.267e-05,13.0,0.00029471
NXS/BTC,1578522509422,2020-01-08T22:28:29.422Z,buy,2.27e-05,20.0,0.000454
NXS/BTC,1578522509422,2020-01-08T22:28:29.422Z,buy,2.282e-05,653.0,0.0149014599999999
NXS/BTC,1578522509422,2020-01-08T22:28:29.422Z,buy,2.284e-05,117.0,0.00267228
NXS/BTC,1578522509422,2020-01-08T22:28:29.422Z,buy,2.286e-05,572.0,0.01307592
NXS/BTC,1578522509422,2020-01-08T22:28:29.422Z,buy,2.267e-05,13.0,0.00029471
NXS/BTC,1578522509422,2020-01-08T22:28:29.422Z,buy,2.27e-05,20.0,0.000454
NXS/BTC,1578522509422,2020-01-08T22:28:29.422Z,buy,2.282e-05,653.0,0.0149014599999999
NXS/BTC,1578522509422,2020-01-08T22:28:29.422Z,buy,2.284e-05,117.0,0.00267228
NXS/BTC,1578522509422,2020-01-08T22:28:29.422Z,buy,2.286e-05,572.0,0.01307592
NXS/BTC,1578525900128,2020-01-08T23:25:00.128Z,sell,2.26e-05,6.0,0.0001356
NXS/BTC,1578525900128,2020-01-08T23:25:00.128Z,sell,2.252e-05,96.0,0.00216192
NXS/BTC,1578525901526,2020-01-08T23:25:01.526Z,sell,2.255e-05,85.0,0.0019167499999999
NXS/BTC,1578525901526,2020-01-08T23:25:01.526Z,sell,2.254e-05,694.0,0.01564276
NXS/BTC,1578525901526,2020-01-08T23:25:01.526Z,sell,2.253e-05,1159.0,0.02611227
NXS/BTC,1578525902563,2020-01-08T23:25:02.563Z,sell,2.254e-05,15.0,0.0003381
NXS/BTC,1578525902563,2020-01-08T23:25:02.563Z,sell,2.254e-05,15.0,0.0003381
NXS/BTC,1578526274063,2020-01-08T23:31:14.063Z,sell,2.261e-05,336.0,0.00759696
NXS/BTC,1578526274282,2020-01-08T23:31:14.282Z,buy,2.26e-05,12.0,0.0002712
NXS/BTC,1578526290130,2020-01-08T23:31:30.130Z,sell,2.258e-05,2376.0,0.05365008
NXS/BTC,1578526514889,2020-01-08T23:35:14.889Z,buy,2.278e-05,6.0,0.00013668
NXS/BTC,1578526515219,2020-01-08T23:35:15.219Z,sell,2.278e-05,79.0,0.0017996199999999
NXS/BTC,1578526528106,2020-01-08T23:35:28.106Z,sell,2.278e-05,930.0,0.0211854
NXS/BTC,1578527914090,2020-01-08T23:58:34.090Z,sell,2.259e-05,6.0,0.00013554
NXS/BTC,1578527916014,2020-01-08T23:58:36.014Z,buy,2.259e-05,125.0,0.00282375
NXS/BTC,1578527918845,2020-01-08T23:58:38.845Z,buy,2.276e-05,21.0,0.00047796
NXS/BTC,1578527918845,2020-01-08T23:58:38.845Z,buy,2.276e-05,21.0,0.00047796
NXS/BTC,1578530319696,2020-01-09T00:38:39.696Z,buy,2.276e-05,2.0,4.552e-05
NXS/BTC,1578530320498,2020-01-09T00:38:40.498Z,buy,2.276e-05,9.0,0.00020484
NXS/BTC,1578530346893,2020-01-09T00:39:06.893Z,buy,2.276e-05,15.0,0.0003414
NXS/BTC,1578530850083,2020-01-09T00:47:30.083Z,sell,2.265e-05,11.0,0.00024915
NXS/BTC,1578530850083,2020-01-09T00:47:30.083Z,sell,2.264e-05,696.0,0.01575744
NXS/BTC,1578530850083,2020-01-09T00:47:30.083Z,sell,2.257e-05,221.0,0.0049879699999999
NXS/BTC,1578530850083,2020-01-09T00:47:30.083Z,sell,2.256e-05,2494.0,0.05626464
NXS/BTC,1578530850083,2020-01-09T00:47:30.083Z,sell,2.265e-05,11.0,0.00024915
NXS/BTC,1578530850083,2020-01-09T00:47:30.083Z,sell,2.264e-05,696.0,0.01575744
NXS/BTC,1578530850083,2020-01-09T00:47:30.083Z,sell,2.257e-05,221.0,0.0049879699999999
NXS/BTC,1578530850083,2020-01-09T00:47:30.083Z,sell,2.256e-05,2494.0,0.05626464
NXS/BTC,1578531526320,2020-01-09T00:58:46.320Z,buy,2.267e-05,113.0,0.00256171
NXS/BTC,1578531570987,2020-01-09T00:59:30.987Z,sell,2.259e-05,81.0,0.00182979
NXS/BTC,1578531662463,2020-01-09T01:01:02.463Z,buy,2.268e-05,126.0,0.00285768
NXS/BTC,1578532075583,2020-01-09T01:07:55.583Z,buy,2.274e-05,2.0,4.548e-05
NXS/BTC,1578532370341,2020-01-09T01:12:50.341Z,buy,2.274e-05,189.0,0.00429786
NXS/BTC,1578533211472,2020-01-09T01:26:51.472Z,buy,2.275e-05,5.0,0.00011375
NXS/BTC,1578534363237,2020-01-09T01:46:03.237Z,buy,2.274e-05,6.0,0.00013644
NXS/BTC,1578534363237,2020-01-09T01:46:03.237Z,buy,2.275e-05,6.0,0.0001365
NXS/BTC,1578534363237,2020-01-09T01:46:03.237Z,buy,2.283e-05,11.0,0.00025113
NXS/BTC,1578534377256,2020-01-09T01:46:17.256Z,buy,2.281e-05,100.0,0.002281
NXS/BTC,1578534377256,2020-01-09T01:46:17.256Z,buy,2.281e-05,100.0,0.002281
NXS/BTC,1578536005026,2020-01-09T02:13:25.026Z,sell,2.26e-05,6.0,0.0001356
NXS/BTC,1578536005026,2020-01-09T02:13:25.026Z,sell,2.256e-05,599.0,0.01351344
NXS/BTC,1578536975320,2020-01-09T02:29:35.320Z,buy,2.274e-05,595.0,0.0135303
NXS/BTC,1578536975320,2020-01-09T02:29:35.320Z,buy,2.284e-05,155.0,0.0035402
NXS/BTC,1578536975353,2020-01-09T02:29:35.353Z,buy,2.284e-05,104.0,0.00237536
NXS/BTC,1578536976113,2020-01-09T02:29:36.113Z,buy,2.282e-05,182.0,0.00415324
NXS/BTC,1578536996880,2020-01-09T02:29:56.880Z,buy,2.282e-05,194.0,0.00442708
NXS/BTC,1578536996890,2020-01-09T02:29:56.890Z,buy,2.282e-05,65.0,0.0014833
NXS/BTC,1578536996890,2020-01-09T02:29:56.890Z,buy,2.282e-05,65.0,0.0014833
NXS/BTC,1578538049380,2020-01-09T02:47:29.380Z,buy,2.279e-05,228.0,0.00519612
NXS/BTC,1578538304675,2020-01-09T02:51:44.675Z,buy,2.279e-05,6.0,0.00013674
NXS/BTC,1578538674519,2020-01-09T02:57:54.519Z,buy,2.28e-05,518.0,0.0118103999999999
NXS/BTC,1578539112044,2020-01-09T03:05:12.044Z,buy,2.282e-05,152.0,0.00346864
NXS/BTC,1578539112047,2020-01-09T03:05:12.047Z,buy,2.282e-05,50.0,0.0011409999999999
NXS/BTC,1578539112118,2020-01-09T03:05:12.118Z,buy,2.282e-05,6.0,0.0001369199999999
NXS/BTC,1578539112118,2020-01-09T03:05:12.118Z,buy,2.283e-05,34.0,0.00077622
NXS/BTC,1578539123921,2020-01-09T03:05:23.921Z,sell,2.279e-05,15.0,0.00034185
NXS/BTC,1578539123921,2020-01-09T03:05:23.921Z,sell,2.271e-05,25.0,0.00056775
NXS/BTC,1578539154789,2020-01-09T03:05:54.789Z,buy,2.273e-05,701.0,0.01593373
NXS/BTC,1578539234633,2020-01-09T03:07:14.633Z,buy,2.279e-05,26.0,0.00059254
NXS/BTC,1578539234638,2020-01-09T03:07:14.638Z,buy,2.279e-05,41.0,0.00093439
NXS/BTC,1578539234642,2020-01-09T03:07:14.642Z,buy,2.279e-05,126.0,0.00287154
NXS/BTC,1578539234648,2020-01-09T03:07:14.648Z,buy,2.279e-05,41.0,0.00093439
NXS/BTC,1578539240999,2020-01-09T03:07:20.999Z,buy,2.279e-05,89.0,0.00202831
NXS/BTC,1578539279880,2020-01-09T03:07:59.880Z,buy,2.28e-05,41.0,0.0009348
NXS/BTC,1578539457223,2020-01-09T03:10:57.223Z,sell,2.273e-05,5.0,0.00011365
NXS/BTC,1578539457308,2020-01-09T03:10:57.308Z,buy,2.273e-05,227.0,0.00515971
NXS/BTC,1578539745729,2020-01-09T03:15:45.729Z,sell,2.258e-05,25.0,0.0005645
NXS/BTC,1578540402819,2020-01-09T03:26:42.819Z,sell,2.263e-05,5.0,0.0001131499999999
NXS/BTC,1578540402819,2020-01-09T03:26:42.819Z,sell,2.259e-05,13.0,0.00029367
NXS/BTC,1578540402819,2020-01-09T03:26:42.819Z,sell,2.258e-05,5.0,0.0001129
NXS/BTC,1578540402819,2020-01-09T03:26:42.819Z,sell,2.248e-05,82.0,0.00184336
NXS/BTC,1578540438836,2020-01-09T03:27:18.836Z,buy,2.262e-05,66.0,0.00149292
NXS/BTC,1578540438872,2020-01-09T03:27:18.872Z,buy,2.262e-05,543.0,0.01228266
NXS/BTC,1578540441956,2020-01-09T03:27:21.956Z,buy,2.261e-05,595.0,0.01345295
NXS/BTC,1578540441956,2020-01-09T03:27:21.956Z,buy,2.261e-05,595.0,0.01345295
NXS/BTC,1578541127583,2020-01-09T03:38:47.583Z,sell,2.254e-05,24.0,0.00054096
NXS/BTC,1578542653455,2020-01-09T04:04:13.455Z,buy,2.278e-05,6.0,0.00013668
NXS/BTC,1578542662015,2020-01-09T04:04:22.015Z,sell,2.267e-05,315.0,0.00714105
NXS/BTC,1578542674872,2020-01-09T04:04:34.872Z,buy,2.276e-05,139.0,0.0031636399999999
NXS/BTC,1578542718556,2020-01-09T04:05:18.556Z,buy,2.274e-05,5.0,0.0001137
NXS/BTC,1578542830800,2020-01-09T04:07:10.800Z,buy,2.279e-05,588.0,0.01340052
NXS/BTC,1578542830971,2020-01-09T04:07:10.971Z,buy,2.28e-05,2.0,4.56e-05
NXS/BTC,1578542835856,2020-01-09T04:07:15.856Z,buy,2.279e-05,5.0,0.00011395
NXS/BTC,1578542955253,2020-01-09T04:09:15.253Z,buy,2.28e-05,273.0,0.0062244
NXS/BTC,1578542955596,2020-01-09T04:09:15.596Z,sell,2.28e-05,115.0,0.0026219999999999
NXS/BTC,1578542973890,2020-01-09T04:09:33.890Z,buy,2.281e-05,14.0,0.00031934
NXS/BTC,1578542973890,2020-01-09T04:09:33.890Z,buy,2.282e-05,459.0,0.0104743799999999
NXS/BTC,1578542978213,2020-01-09T04:09:38.213Z,sell,2.281e-05,913.0,0.02082553
NXS/BTC,1578543040865,2020-01-09T04:10:40.865Z,buy,2.281e-05,100.0,0.002281
NXS/BTC,1578543046809,2020-01-09T04:10:46.809Z,buy,2.285e-05,5.0,0.00011425
NXS/BTC,1578543293891,2020-01-09T04:14:53.891Z,buy,2.285e-05,5.0,0.00011425
NXS/BTC,1578543293891,2020-01-09T04:14:53.891Z,buy,2.285e-05,5.0,0.00011425
NXS/BTC,1578544540928,2020-01-09T04:35:40.928Z,sell,2.28e-05,10.0,0.0002279999999999
NXS/BTC,1578544541022,2020-01-09T04:35:41.022Z,sell,2.28e-05,287.0,0.0065435999999999
NXS/BTC,1578544594953,2020-01-09T04:36:34.953Z,buy,2.286e-05,87.0,0.00198882
NXS/BTC,1578545477906,2020-01-09T04:51:17.906Z,sell,2.28e-05,12.0,0.0002736
NXS/BTC,1578545477906,2020-01-09T04:51:17.906Z,sell,2.28e-05,12.0,0.0002736
NXS/BTC,1578547101171,2020-01-09T05:18:21.171Z,sell,2.28e-05,60.0,0.0013679999999999
NXS/BTC,1578547142855,2020-01-09T05:19:02.855Z,sell,2.28e-05,60.0,0.0013679999999999
NXS/BTC,1578547591312,2020-01-09T05:26:31.312Z,sell,2.28e-05,172.0,0.0039216
NXS/BTC,1578547591312,2020-01-09T05:26:31.312Z,sell,2.28e-05,172.0,0.0039216
NXS/BTC,1578550396072,2020-01-09T06:13:16.072Z,sell,2.28e-05,1695.0,0.038646
NXS/BTC,1578550420222,2020-01-09T06:13:40.222Z,sell,2.271e-05,562.0,0.01276302
NXS/BTC,1578550420369,2020-01-09T06:13:40.369Z,sell,2.271e-05,1605.0,0.03644955
NXS/BTC,1578550420369,2020-01-09T06:13:40.369Z,sell,2.271e-05,1605.0,0.03644955
NXS/BTC,1578551646627,2020-01-09T06:34:06.627Z,buy,2.28e-05,654.0,0.0149112
NXS/BTC,1578551646627,2020-01-09T06:34:06.627Z,buy,2.286e-05,618.0,0.01412748
NXS/BTC,1578551646627,2020-01-09T06:34:06.627Z,buy,2.29e-05,188.0,0.0043052
NXS/BTC,1578551830247,2020-01-09T06:37:10.247Z,sell,2.274e-05,61.0,0.00138714
NXS/BTC,1578551847480,2020-01-09T06:37:27.480Z,sell,2.274e-05,38.0,0.00086412
NXS/BTC,1578551912193,2020-01-09T06:38:32.193Z,sell,2.274e-05,399.0,0.00907326
NXS/BTC,1578551941927,2020-01-09T06:39:01.927Z,sell,2.274e-05,26.0,0.0005912399999999
NXS/BTC,1578551968357,2020-01-09T06:39:28.357Z,sell,2.274e-05,399.0,0.00907326
NXS/BTC,1578552062629,2020-01-09T06:41:02.629Z,buy,2.285e-05,19.0,0.00043415
NXS/BTC,1578552471528,2020-01-09T06:47:51.528Z,sell,2.275e-05,123.0,0.00279825
NXS/BTC,1578552725359,2020-01-09T06:52:05.359Z,sell,2.275e-05,412.0,0.009373
NXS/BTC,1578553428334,2020-01-09T07:03:48.334Z,buy,2.283e-05,225.0,0.00513675
NXS/BTC,1578553515356,2020-01-09T07:05:15.356Z,sell,2.28e-05,175.0,0.00399
NXS/BTC,1578553515356,2020-01-09T07:05:15.356Z,sell,2.28e-05,175.0,0.00399
NXS/BTC,1578554232812,2020-01-09T07:17:12.812Z,buy,2.283e-05,5.0,0.00011415
NXS/BTC,1578555046054,2020-01-09T07:30:46.054Z,buy,2.293e-05,180.0,0.0041274
NXS/BTC,1578555046054,2020-01-09T07:30:46.054Z,buy,2.3e-05,795.0,0.018285
NXS/BTC,1578555133078,2020-01-09T07:32:13.078Z,buy,2.295e-05,1172.0,0.0268974
NXS/BTC,1578555981100,2020-01-09T07:46:21.100Z,buy,2.293e-05,176.0,0.00403568
NXS/BTC,1578555981100,2020-01-09T07:46:21.100Z,buy,2.298e-05,5.0,0.0001149
NXS/BTC,1578555981100,2020-01-09T07:46:21.100Z,buy,2.299e-05,98.0,0.0022530199999999
NXS/BTC,1578555981100,2020-01-09T07:46:21.100Z,buy,2.301e-05,119.0,0.00273819
NXS/BTC,1578555981100,2020-01-09T07:46:21.100Z,buy,2.302e-05,887.0,0.02041874
NXS/BTC,1578555986295,2020-01-09T07:46:26.295Z,sell,2.302e-05,434.0,0.00999068
NXS/BTC,1578555989854,2020-01-09T07:46:29.854Z,sell,2.302e-05,434.0,0.00999068
NXS/BTC,1578555989878,2020-01-09T07:46:29.878Z,sell,2.302e-05,225.0,0.0051795
NXS/BTC,1578555993807,2020-01-09T07:46:33.807Z,sell,2.302e-05,434.0,0.00999068
NXS/BTC,1578555994932,2020-01-09T07:46:34.932Z,buy,2.304e-05,548.0,0.01262592
NXS/BTC,1578555996999,2020-01-09T07:46:36.999Z,sell,2.302e-05,288.0,0.00662976
NXS/BTC,1578556969043,2020-01-09T08:02:49.043Z,sell,2.302e-05,47.0,0.00108194
NXS/BTC,1578556969043,2020-01-09T08:02:49.043Z,sell,2.302e-05,47.0,0.00108194
NXS/BTC,1578558826888,2020-01-09T08:33:46.888Z,sell,2.296e-05,5.0,0.0001148
NXS/BTC,1578558863998,2020-01-09T08:34:23.998Z,buy,2.305e-05,42.0,0.0009681
NXS/BTC,1578558863998,2020-01-09T08:34:23.998Z,buy,2.306e-05,158.0,0.0036434799999999
NXS/BTC,1578558863998,2020-01-09T08:34:23.998Z,buy,2.307e-05,16.0,0.00036912
NXS/BTC,1578558864026,2020-01-09T08:34:24.026Z,sell,2.307e-05,809.0,0.01866363
NXS/BTC,1578559873720,2020-01-09T08:51:13.720Z,sell,2.307e-05,105.0,0.00242235
NXS/BTC,1578559876700,2020-01-09T08:51:16.700Z,sell,2.307e-05,6.0,0.00013842
NXS/BTC,1578560288436,2020-01-09T08:58:08.436Z,sell,2.307e-05,5.0,0.00011535
NXS/BTC,1578560288436,2020-01-09T08:58:08.436Z,sell,2.307e-05,5.0,0.00011535
NXS/BTC,1578560898317,2020-01-09T09:08:18.317Z,buy,2.311e-05,5.0,0.00011555
NXS/BTC,1578562798529,2020-01-09T09:39:58.529Z,buy,2.311e-05,49.0,0.00113239
NXS/BTC,1578562798669,2020-01-09T09:39:58.669Z,sell,2.311e-05,15.0,0.00034665
NXS/BTC,1578562798669,2020-01-09T09:39:58.669Z,sell,2.311e-05,15.0,0.00034665
NXS/BTC,1578564376827,2020-01-09T10:06:16.827Z,buy,2.312e-05,27.0,0.00062424
NXS/BTC,1578564376827,2020-01-09T10:06:16.827Z,buy,2.314e-05,221.0,0.00511394
NXS/BTC,1578564376827,2020-01-09T10:06:16.827Z,buy,2.318e-05,1152.0,0.02670336
NXS/BTC,1578564379126,2020-01-09T10:06:19.126Z,sell,2.311e-05,5.0,0.00011555
NXS/BTC,1578564401379,2020-01-09T10:06:41.379Z,sell,2.311e-05,388.0,0.00896668
NXS/BTC,1578564402810,2020-01-09T10:06:42.810Z,sell,2.308e-05,169.0,0.0039005199999999
NXS/BTC,1578564402810,2020-01-09T10:06:42.810Z,sell,2.306e-05,154.0,0.0035512399999999
NXS/BTC,1578564433120,2020-01-09T10:07:13.120Z,buy,2.31e-05,8.0,0.0001848
NXS/BTC,1578564487009,2020-01-09T10:08:07.009Z,buy,2.318e-05,192.0,0.00445056
NXS/BTC,1578564726491,2020-01-09T10:12:06.491Z,sell,2.31e-05,206.0,0.0047586
NXS/BTC,1578564793771,2020-01-09T10:13:13.771Z,buy,2.316e-05,333.0,0.0077122799999999
NXS/BTC,1578564793771,2020-01-09T10:13:13.771Z,buy,2.318e-05,181.0,0.00419558
NXS/BTC,1578564793771,2020-01-09T10:13:13.771Z,buy,2.323e-05,1508.0,0.03503084
NXS/BTC,1578565294124,2020-01-09T10:21:34.124Z,buy,2.32e-05,110.0,0.002552
NXS/BTC,1578565294124,2020-01-09T10:21:34.124Z,buy,2.321e-05,2480.0,0.0575608
NXS/BTC,1578565294124,2020-01-09T10:21:34.124Z,buy,2.324e-05,89.0,0.00206836
NXS/BTC,1578565294265,2020-01-09T10:21:34.265Z,sell,2.325e-05,12.0,0.000279
NXS/BTC,1578565296478,2020-01-09T10:21:36.478Z,sell,2.325e-05,427.0,0.0099277499999999
NXS/BTC,1578565299219,2020-01-09T10:21:39.219Z,sell,2.325e-05,262.0,0.0060915
NXS/BTC,1578565299452,2020-01-09T10:21:39.452Z,sell,2.325e-05,337.0,0.00783525
NXS/BTC,1578565312957,2020-01-09T10:21:52.957Z,sell,2.325e-05,42.0,0.0009764999999999
NXS/BTC,1578565313116,2020-01-09T10:21:53.116Z,sell,2.325e-05,39.0,0.00090675
NXS/BTC,1578565355214,2020-01-09T10:22:35.214Z,sell,2.325e-05,5.0,0.0001162499999999
NXS/BTC,1578565388411,2020-01-09T10:23:08.411Z,sell,2.325e-05,5.0,0.0001162499999999
NXS/BTC,1578565388411,2020-01-09T10:23:08.411Z,sell,2.325e-05,5.0,0.0001162499999999
NXS/BTC,1578566613391,2020-01-09T10:43:33.391Z,sell,2.326e-05,113.0,0.00262838
NXS/BTC,1578566643370,2020-01-09T10:44:03.370Z,sell,2.326e-05,26.0,0.00060476
NXS/BTC,1578566643370,2020-01-09T10:44:03.370Z,sell,2.325e-05,88.0,0.002046
NXS/BTC,1578566676610,2020-01-09T10:44:36.610Z,sell,2.325e-05,113.0,0.00262725
NXS/BTC,1578566676617,2020-01-09T10:44:36.617Z,sell,2.325e-05,260.0,0.006045
NXS/BTC,1578566676617,2020-01-09T10:44:36.617Z,sell,2.325e-05,260.0,0.006045
NXS/BTC,1578569527064,2020-01-09T11:32:07.064Z,sell,2.325e-05,32.0,0.000744
NXS/BTC,1578569527064,2020-01-09T11:32:07.064Z,sell,2.325e-05,32.0,0.000744
NXS/BTC,1578571872081,2020-01-09T12:11:12.081Z,sell,2.319e-05,27.0,0.00062613
NXS/BTC,1578571872081,2020-01-09T12:11:12.081Z,sell,2.313e-05,10.0,0.0002313
NXS/BTC,1578571872081,2020-01-09T12:11:12.081Z,sell,2.308e-05,34.0,0.0007847199999999
NXS/BTC,1578571872850,2020-01-09T12:11:12.850Z,sell,2.309e-05,124.0,0.00286316
NXS/BTC,1578571874418,2020-01-09T12:11:14.418Z,sell,2.309e-05,62.0,0.00143158
NXS/BTC,1578571875902,2020-01-09T12:11:15.902Z,sell,2.309e-05,53.0,0.00122377
NXS/BTC,1578572756316,2020-01-09T12:25:56.316Z,buy,2.323e-05,65.0,0.00150995
NXS/BTC,1578572952934,2020-01-09T12:29:12.934Z,sell,2.311e-05,72.0,0.00166392
NXS/BTC,1578572954080,2020-01-09T12:29:14.080Z,sell,2.311e-05,64.0,0.00147904
NXS/BTC,1578572955494,2020-01-09T12:29:15.494Z,sell,2.311e-05,57.0,0.00131727
NXS/BTC,1578572975937,2020-01-09T12:29:35.937Z,sell,2.311e-05,901.0,0.02082211
NXS/BTC,1578572977643,2020-01-09T12:29:37.643Z,sell,2.311e-05,1153.0,0.02664583
NXS/BTC,1578573014879,2020-01-09T12:30:14.879Z,sell,2.31e-05,433.0,0.0100023
NXS/BTC,1578573031307,2020-01-09T12:30:31.307Z,sell,2.31e-05,433.0,0.0100023
NXS/BTC,1578573034824,2020-01-09T12:30:34.824Z,sell,2.31e-05,433.0,0.0100023
NXS/BTC,1578573038335,2020-01-09T12:30:38.335Z,sell,2.31e-05,136.0,0.0031416
NXS/BTC,1578573041858,2020-01-09T12:30:41.858Z,sell,2.31e-05,136.0,0.0031416
NXS/BTC,1578573041858,2020-01-09T12:30:41.858Z,sell,2.31e-05,136.0,0.0031416
NXS/BTC,1578573868848,2020-01-09T12:44:28.848Z,sell,2.31e-05,520.0,0.012012
NXS/BTC,1578574016765,2020-01-09T12:46:56.765Z,sell,2.31e-05,390.0,0.009009
NXS/BTC,1578574130746,2020-01-09T12:48:50.746Z,sell,2.31e-05,321.0,0.0074151
NXS/BTC,1578576398049,2020-01-09T13:26:38.049Z,sell,2.31e-05,7.0,0.0001617
NXS/BTC,1578576472989,2020-01-09T13:27:52.989Z,sell,2.31e-05,548.0,0.0126588
NXS/BTC,1578576472989,2020-01-09T13:27:52.989Z,sell,2.31e-05,548.0,0.0126588
NXS/BTC,1578577645211,2020-01-09T13:47:25.211Z,sell,2.31e-05,1171.0,0.0270501
NXS/BTC,1578577747328,2020-01-09T13:49:07.328Z,buy,2.322e-05,7.0,0.00016254
NXS/BTC,1578577747328,2020-01-09T13:49:07.328Z,buy,2.323e-05,5.0,0.00011615
NXS/BTC,1578578853158,2020-01-09T14:07:33.158Z,buy,2.323e-05,93.0,0.00216039
NXS/BTC,1578578853158,2020-01-09T14:07:33.158Z,buy,2.325e-05,150.0,0.0034874999999999
NXS/BTC,1578578853158,2020-01-09T14:07:33.158Z,buy,2.328e-05,693.0,0.01613304
NXS/BTC,1578578862269,2020-01-09T14:07:42.269Z,buy,2.327e-05,936.0,0.02178072
NXS/BTC,1578578875497,2020-01-09T14:07:55.497Z,buy,2.327e-05,220.0,0.0051194
NXS/BTC,1578578875497,2020-01-09T14:07:55.497Z,buy,2.327e-05,220.0,0.0051194
NXS/BTC,1578580321297,2020-01-09T14:32:01.297Z,buy,2.326e-05,1430.0,0.0332618
NXS/BTC,1578580321297,2020-01-09T14:32:01.297Z,buy,2.326e-05,1430.0,0.0332618
NXS/BTC,1578582815049,2020-01-09T15:13:35.049Z,buy,2.327e-05,931.0,0.02166437
NXS/BTC,1578582815066,2020-01-09T15:13:35.066Z,buy,2.329e-05,717.0,0.01669893
NXS/BTC,1578582815066,2020-01-09T15:13:35.066Z,buy,2.33e-05,3256.0,0.0758648
NXS/BTC,1578582821981,2020-01-09T15:13:41.981Z,buy,2.336e-05,1177.0,0.02749472
NXS/BTC,1578582821981,2020-01-09T15:13:41.981Z,buy,2.337e-05,16.0,0.00037392
NXS/BTC,1578582823138,2020-01-09T15:13:43.138Z,sell,2.336e-05,100.0,0.002336
NXS/BTC,1578582823527,2020-01-09T15:13:43.527Z,buy,2.337e-05,49.0,0.00114513
NXS/BTC,1578582827009,2020-01-09T15:13:47.009Z,sell,2.336e-05,428.0,0.00999808
NXS/BTC,1578582830590,2020-01-09T15:13:50.590Z,buy,2.337e-05,468.0,0.01093716
NXS/BTC,1578582834775,2020-01-09T15:13:54.775Z,sell,2.337e-05,150.0,0.0035055
NXS/BTC,1578582836141,2020-01-09T15:13:56.141Z,sell,2.337e-05,428.0,0.01000236
NXS/BTC,1578582838827,2020-01-09T15:13:58.827Z,buy,2.338e-05,1639.0,0.03831982
NXS/BTC,1578582843277,2020-01-09T15:14:03.277Z,buy,2.339e-05,48.0,0.00112272
NXS/BTC,1578583056611,2020-01-09T15:17:36.611Z,buy,2.338e-05,6.0,0.00014028
NXS/BTC,1578583085337,2020-01-09T15:18:05.337Z,sell,2.338e-05,36.0,0.00084168
NXS/BTC,1578583085337,2020-01-09T15:18:05.337Z,sell,2.315e-05,35.0,0.00081025
NXS/BTC,1578583086570,2020-01-09T15:18:06.570Z,sell,2.316e-05,63.0,0.00145908
NXS/BTC,1578583088755,2020-01-09T15:18:08.755Z,sell,2.317e-05,118.0,0.00273406
NXS/BTC,1578583267704,2020-01-09T15:21:07.704Z,sell,2.316e-05,22.0,0.00050952
NXS/BTC,1578583267704,2020-01-09T15:21:07.704Z,sell,2.314e-05,180.0,0.0041652
NXS/BTC,1578583267704,2020-01-09T15:21:07.704Z,sell,2.313e-05,29.0,0.00067077
NXS/BTC,1578583267704,2020-01-09T15:21:07.704Z,sell,2.312e-05,131.0,0.00302872
NXS/BTC,1578583271229,2020-01-09T15:21:11.229Z,sell,2.315e-05,49.0,0.00113435
NXS/BTC,1578583271229,2020-01-09T15:21:11.229Z,sell,2.314e-05,383.0,0.00886262
NXS/BTC,1578583274762,2020-01-09T15:21:14.762Z,sell,2.314e-05,232.0,0.00536848
NXS/BTC,1578583406494,2020-01-09T15:23:26.494Z,sell,2.311e-05,359.0,0.00829649
NXS/BTC,1578583410017,2020-01-09T15:23:30.017Z,sell,2.31e-05,433.0,0.0100023
NXS/BTC,1578583413528,2020-01-09T15:23:33.528Z,sell,2.31e-05,87.0,0.0020097
NXS/BTC,1578583413528,2020-01-09T15:23:33.528Z,sell,2.307e-05,346.0,0.00798222
NXS/BTC,1578583460450,2020-01-09T15:24:20.450Z,sell,2.307e-05,337.0,0.00777459
NXS/BTC,1578583463942,2020-01-09T15:24:23.942Z,sell,2.303e-05,367.0,0.00845201
NXS/BTC,1578583507362,2020-01-09T15:25:07.362Z,sell,2.303e-05,434.0,0.00999502
NXS/BTC,1578583635502,2020-01-09T15:27:15.502Z,sell,2.304e-05,274.0,0.00631296
NXS/BTC,1578583635502,2020-01-09T15:27:15.502Z,sell,2.303e-05,838.0,0.01929914
NXS/BTC,1578583635518,2020-01-09T15:27:15.518Z,buy,2.303e-05,1455.0,0.03350865
NXS/BTC,1578583635520,2020-01-09T15:27:15.520Z,buy,2.303e-05,12.0,0.00027636
NXS/BTC,1578583702527,2020-01-09T15:28:22.527Z,sell,2.305e-05,182.0,0.0041951
NXS/BTC,1578583734800,2020-01-09T15:28:54.800Z,sell,2.301e-05,1917.0,0.04411017
NXS/BTC,1578583734800,2020-01-09T15:28:54.800Z,sell,2.301e-05,1917.0,0.04411017
NXS/BTC,1578584574983,2020-01-09T15:42:54.983Z,sell,2.301e-05,506.0,0.01164306
NXS/BTC,1578584608919,2020-01-09T15:43:28.919Z,sell,2.301e-05,300.0,0.006903
NXS/BTC,1578584799839,2020-01-09T15:46:39.839Z,buy,2.313e-05,154.0,0.00356202
NXS/BTC,1578584799839,2020-01-09T15:46:39.839Z,buy,2.32e-05,180.0,0.004176
NXS/BTC,1578584799839,2020-01-09T15:46:39.839Z,buy,2.321e-05,284.0,0.00659164
NXS/BTC,1578584799839,2020-01-09T15:46:39.839Z,buy,2.322e-05,666.0,0.01546452
NXS/BTC,1578584799839,2020-01-09T15:46:39.839Z,buy,2.328e-05,700.0,0.016296
NXS/BTC,1578584799839,2020-01-09T15:46:39.839Z,buy,2.336e-05,581.0,0.01357216
NXS/BTC,1578584799839,2020-01-09T15:46:39.839Z,buy,2.338e-05,1221.0,0.02854698
NXS/BTC,1578584799839,2020-01-09T15:46:39.839Z,buy,2.339e-05,647.0,0.01513333
NXS/BTC,1578584799839,2020-01-09T15:46:39.839Z,buy,2.34e-05,4592.0,0.1074528
NXS/BTC,1578584807809,2020-01-09T15:46:47.809Z,sell,2.316e-05,53.0,0.00122748
NXS/BTC,1578584814318,2020-01-09T15:46:54.318Z,sell,2.311e-05,210.0,0.0048531
NXS/BTC,1578584814946,2020-01-09T15:46:54.946Z,sell,2.311e-05,12.0,0.00027732
NXS/BTC,1578584814984,2020-01-09T15:46:54.984Z,buy,2.305e-05,181.0,0.00417205
NXS/BTC,1578584817675,2020-01-09T15:46:57.675Z,sell,2.307e-05,179.0,0.00412953
NXS/BTC,1578584831193,2020-01-09T15:47:11.193Z,sell,2.317e-05,226.0,0.00523642
NXS/BTC,1578584833338,2020-01-09T15:47:13.338Z,sell,2.318e-05,69.0,0.00159942
NXS/BTC,1578584947578,2020-01-09T15:49:07.578Z,sell,2.318e-05,181.0,0.00419558
NXS/BTC,1578585669271,2020-01-09T16:01:09.271Z,buy,2.322e-05,517.0,0.01200474
NXS/BTC,1578586235523,2020-01-09T16:10:35.523Z,sell,2.318e-05,115.0,0.0026657
NXS/BTC,1578586235523,2020-01-09T16:10:35.523Z,sell,2.318e-05,115.0,0.0026657
NXS/BTC,1578588122632,2020-01-09T16:42:02.632Z,sell,2.312e-05,27.0,0.00062424
NXS/BTC,1578588164640,2020-01-09T16:42:44.640Z,buy,2.323e-05,2344.0,0.05445112
NXS/BTC,1578588164640,2020-01-09T16:42:44.640Z,buy,2.324e-05,182.0,0.00422968
NXS/BTC,1578588164640,2020-01-09T16:42:44.640Z,buy,2.325e-05,91.0,0.00211575
NXS/BTC,1578588164640,2020-01-09T16:42:44.640Z,buy,2.327e-05,113.0,0.00262951
NXS/BTC,1578588164640,2020-01-09T16:42:44.640Z,buy,2.328e-05,788.0,0.01834464
NXS/BTC,1578588164640,2020-01-09T16:42:44.640Z,buy,2.335e-05,6.0,0.0001401
NXS/BTC,1578588164640,2020-01-09T16:42:44.640Z,buy,2.335e-05,47.0,0.0010974499999999
NXS/BTC,1578588164660,2020-01-09T16:42:44.660Z,buy,2.34e-05,1640.0,0.038376
NXS/BTC,1578588164689,2020-01-09T16:42:44.689Z,sell,2.328e-05,133.0,0.00309624
NXS/BTC,1578588164689,2020-01-09T16:42:44.689Z,sell,2.327e-05,545.0,0.01268215
NXS/BTC,1578588164689,2020-01-09T16:42:44.689Z,sell,2.306e-05,10.0,0.0002306
NXS/BTC,1578588164689,2020-01-09T16:42:44.689Z,sell,2.3e-05,2880.0,0.06624
NXS/BTC,1578588172414,2020-01-09T16:42:52.414Z,buy,2.339e-05,2.0,4.678e-05
NXS/BTC,1578588172437,2020-01-09T16:42:52.437Z,sell,2.32e-05,176.0,0.0040832
NXS/BTC,1578588172437,2020-01-09T16:42:52.437Z,sell,2.319e-05,1822.0,0.04225218
NXS/BTC,1578588172458,2020-01-09T16:42:52.458Z,buy,2.339e-05,2.0,4.678e-05
NXS/BTC,1578588183410,2020-01-09T16:43:03.410Z,sell,2.318e-05,93.0,0.00215574
NXS/BTC,1578588492479,2020-01-09T16:48:12.479Z,buy,2.306e-05,2.0,4.612e-05
NXS/BTC,1578588548172,2020-01-09T16:49:08.172Z,buy,2.306e-05,5.0,0.0001153
NXS/BTC,1578588970710,2020-01-09T16:56:10.710Z,buy,2.303e-05,110.0,0.0025333
NXS/BTC,1578588970746,2020-01-09T16:56:10.746Z,sell,2.3e-05,95.0,0.002185
NXS/BTC,1578589045960,2020-01-09T16:57:25.960Z,sell,2.3e-05,139.0,0.003197
NXS/BTC,1578589045970,2020-01-09T16:57:25.970Z,buy,2.298e-05,1477.0,0.03394146
NXS/BTC,1578589054101,2020-01-09T16:57:34.101Z,buy,2.297e-05,179.0,0.00411163
NXS/BTC,1578589606175,2020-01-09T17:06:46.175Z,buy,2.298e-05,21.0,0.00048258
NXS/BTC,1578589606175,2020-01-09T17:06:46.175Z,buy,2.307e-05,229.0,0.00528303
NXS/BTC,1578589740827,2020-01-09T17:09:00.827Z,buy,2.307e-05,311.0,0.00717477
NXS/BTC,1578589810874,2020-01-09T17:10:10.874Z,sell,2.306e-05,44.0,0.00101464
NXS/BTC,1578589810874,2020-01-09T17:10:10.874Z,sell,2.306e-05,44.0,0.00101464
NXS/BTC,1578592678860,2020-01-09T17:57:58.860Z,sell,2.297e-05,204.0,0.00468588
NXS/BTC,1578592678860,2020-01-09T17:57:58.860Z,sell,2.296e-05,405.0,0.0092988
NXS/BTC,1578592679947,2020-01-09T17:57:59.947Z,sell,2.295e-05,135.0,0.00309825
NXS/BTC,1578592688206,2020-01-09T17:58:08.206Z,buy,2.296e-05,5.0,0.0001148
NXS/BTC,1578592712831,2020-01-09T17:58:32.831Z,sell,2.295e-05,385.0,0.00883575
NXS/BTC,1578592787029,2020-01-09T17:59:47.029Z,sell,2.293e-05,61.0,0.00139873
NXS/BTC,1578592787029,2020-01-09T17:59:47.029Z,sell,2.292e-05,444.0,0.01017648
NXS/BTC,1578592787072,2020-01-09T17:59:47.072Z,sell,2.288e-05,269.0,0.00615472
NXS/BTC,1578592787072,2020-01-09T17:59:47.072Z,sell,2.287e-05,162.0,0.00370494
NXS/BTC,1578592793021,2020-01-09T17:59:53.021Z,sell,2.284e-05,49.0,0.00111916
NXS/BTC,1578592890305,2020-01-09T18:01:30.305Z,sell,2.29e-05,165.0,0.0037785
NXS/BTC,1578592890305,2020-01-09T18:01:30.305Z,sell,2.289e-05,543.0,0.01242927
NXS/BTC,1578592915588,2020-01-09T18:01:55.588Z,sell,2.29e-05,8.0,0.0001832
NXS/BTC,1578592915588,2020-01-09T18:01:55.588Z,sell,2.29e-05,8.0,0.0001832
NXS/BTC,1578593423713,2020-01-09T18:10:23.713Z,sell,2.302e-05,276.0,0.00635352
NXS/BTC,1578593548886,2020-01-09T18:12:28.886Z,buy,2.305e-05,7.0,0.00016135
NXS/BTC,1578593569474,2020-01-09T18:12:49.474Z,sell,2.306e-05,318.0,0.00733308
NXS/BTC,1578593617882,2020-01-09T18:13:37.882Z,sell,2.299e-05,851.0,0.01956449
NXS/BTC,1578594570119,2020-01-09T18:29:30.119Z,buy,2.312e-05,6.0,0.00013872
NXS/BTC,1578594570119,2020-01-09T18:29:30.119Z,buy,2.315e-05,6.0,0.0001389
NXS/BTC,1578594570119,2020-01-09T18:29:30.119Z,buy,2.324e-05,488.0,0.01134112
NXS/BTC,1578594576167,2020-01-09T18:29:36.167Z,sell,2.301e-05,672.0,0.01546272
NXS/BTC,1578594576231,2020-01-09T18:29:36.231Z,buy,2.323e-05,43.0,0.0009988899999999
NXS/BTC,1578594577242,2020-01-09T18:29:37.242Z,buy,2.323e-05,44.0,0.00102212
NXS/BTC,1578594580082,2020-01-09T18:29:40.082Z,sell,2.302e-05,327.0,0.00752754
NXS/BTC,1578594582984,2020-01-09T18:29:42.984Z,buy,2.322e-05,51.0,0.00118422
NXS/BTC,1578594583621,2020-01-09T18:29:43.621Z,sell,2.301e-05,403.0,0.00927303
NXS/BTC,1578594590809,2020-01-09T18:29:50.809Z,sell,2.312e-05,256.0,0.00591872
NXS/BTC,1578594721871,2020-01-09T18:32:01.871Z,buy,2.308e-05,40.0,0.0009232
NXS/BTC,1578595763177,2020-01-09T18:49:23.177Z,sell,2.295e-05,50.0,0.0011474999999999
NXS/BTC,1578595764441,2020-01-09T18:49:24.441Z,sell,2.289e-05,139.0,0.00318171
NXS/BTC,1578595764441,2020-01-09T18:49:24.441Z,sell,2.289e-05,139.0,0.00318171
NXS/BTC,1578597525144,2020-01-09T19:18:45.144Z,sell,2.289e-05,2350.0,0.0537915
NXS/BTC,1578597737110,2020-01-09T19:22:17.110Z,sell,2.29e-05,7.0,0.0001603
NXS/BTC,1578597737119,2020-01-09T19:22:17.119Z,buy,2.291e-05,2.0,4.582e-05
NXS/BTC,1578598124439,2020-01-09T19:28:44.439Z,sell,2.288e-05,586.0,0.01340768
NXS/BTC,1578598415898,2020-01-09T19:33:35.898Z,sell,2.286e-05,328.0,0.00749808
NXS/BTC,1578598415898,2020-01-09T19:33:35.898Z,sell,2.285e-05,290.0,0.0066265
NXS/BTC,1578598415898,2020-01-09T19:33:35.898Z,sell,2.282e-05,29.0,0.0006617799999999
NXS/BTC,1578598415898,2020-01-09T19:33:35.898Z,sell,2.28e-05,378.0,0.0086184
NXS/BTC,1578598415898,2020-01-09T19:33:35.898Z,sell,2.277e-05,94.0,0.00214038
NXS/BTC,1578598429958,2020-01-09T19:33:49.958Z,buy,2.291e-05,5.0,0.0001145499999999
NXS/BTC,1578598429958,2020-01-09T19:33:49.958Z,buy,2.301e-05,101.0,0.00232401
NXS/BTC,1578598429958,2020-01-09T19:33:49.958Z,buy,2.291e-05,5.0,0.0001145499999999
NXS/BTC,1578598429958,2020-01-09T19:33:49.958Z,buy,2.301e-05,101.0,0.00232401
NXS/BTC,1578599573588,2020-01-09T19:52:53.588Z,sell,2.29e-05,5.0,0.0001145
NXS/BTC,1578599635464,2020-01-09T19:53:55.464Z,sell,2.276e-05,5.0,0.0001138
NXS/BTC,1578599635464,2020-01-09T19:53:55.464Z,sell,2.273e-05,16.0,0.00036368
NXS/BTC,1578599635464,2020-01-09T19:53:55.464Z,sell,2.262e-05,95.0,0.0021489
NXS/BTC,1578599635464,2020-01-09T19:53:55.464Z,sell,2.26e-05,1040.0,0.023504
NXS/BTC,1578599635464,2020-01-09T19:53:55.464Z,sell,2.259e-05,667.0,0.0150675299999999
NXS/BTC,1578599655102,2020-01-09T19:54:15.102Z,buy,2.276e-05,5.0,0.0001138
NXS/BTC,1578599660746,2020-01-09T19:54:20.746Z,sell,2.276e-05,68.0,0.0015476799999999
NXS/BTC,1578600281008,2020-01-09T20:04:41.008Z,buy,2.273e-05,16.0,0.00036368
NXS/BTC,1578600328492,2020-01-09T20:05:28.492Z,buy,2.267e-05,9.0,0.00020403
NXS/BTC,1578600331251,2020-01-09T20:05:31.251Z,buy,2.266e-05,92.0,0.00208472
NXS/BTC,1578600331251,2020-01-09T20:05:31.251Z,buy,2.267e-05,466.0,0.01056422
NXS/BTC,1578600346822,2020-01-09T20:05:46.822Z,buy,2.267e-05,13.0,0.00029471
NXS/BTC,1578600348837,2020-01-09T20:05:48.837Z,buy,2.267e-05,65.0,0.00147355
NXS/BTC,1578600348861,2020-01-09T20:05:48.861Z,buy,2.267e-05,5.0,0.00011335
NXS/BTC,1578600407035,2020-01-09T20:06:47.035Z,sell,2.263e-05,5.0,0.0001131499999999
NXS/BTC,1578600407971,2020-01-09T20:06:47.971Z,sell,2.262e-05,5.0,0.0001131
NXS/BTC,1578600451045,2020-01-09T20:07:31.045Z,sell,2.257e-05,55.0,0.00124135
NXS/BTC,1578600481088,2020-01-09T20:08:01.088Z,sell,2.257e-05,98.0,0.00221186
NXS/BTC,1578600580218,2020-01-09T20:09:40.218Z,sell,2.257e-05,1112.0,0.02509784
NXS/BTC,1578600690841,2020-01-09T20:11:30.841Z,sell,2.255e-05,45.0,0.00101475
NXS/BTC,1578600691511,2020-01-09T20:11:31.511Z,buy,2.253e-05,44.0,0.00099132
NXS/BTC,1578600692017,2020-01-09T20:11:32.017Z,buy,2.253e-05,357.0,0.00804321
NXS/BTC,1578600692017,2020-01-09T20:11:32.017Z,buy,2.269e-05,718.0,0.01629142
NXS/BTC,1578600692017,2020-01-09T20:11:32.017Z,buy,2.272e-05,165.0,0.0037488
NXS/BTC,1578601059407,2020-01-09T20:17:39.407Z,sell,2.272e-05,12.0,0.00027264
NXS/BTC,1578601059417,2020-01-09T20:17:39.417Z,sell,2.272e-05,1996.0,0.04534912
NXS/BTC,1578601059423,2020-01-09T20:17:39.423Z,sell,2.272e-05,583.0,0.0132457599999999
NXS/BTC,1578601419635,2020-01-09T20:23:39.635Z,buy,2.273e-05,50.0,0.0011365
NXS/BTC,1578601419645,2020-01-09T20:23:39.645Z,sell,2.272e-05,119.0,0.00270368
NXS/BTC,1578601883538,2020-01-09T20:31:23.538Z,buy,2.273e-05,43.0,0.00097739
NXS/BTC,1578601883538,2020-01-09T20:31:23.538Z,buy,2.273e-05,43.0,0.00097739
NXS/BTC,1578602131421,2020-01-09T20:35:31.421Z,buy,2.273e-05,8.0,0.00018184
NXS/BTC,1578602180399,2020-01-09T20:36:20.399Z,buy,2.273e-05,30.0,0.0006819
NXS/BTC,1578602189775,2020-01-09T20:36:29.775Z,buy,2.273e-05,30.0,0.0006819
NXS/BTC,1578602242058,2020-01-09T20:37:22.058Z,buy,2.276e-05,5.0,0.0001138
NXS/BTC,1578602242058,2020-01-09T20:37:22.058Z,buy,2.282e-05,25.0,0.0005704999999999
NXS/BTC,1578602286322,2020-01-09T20:38:06.322Z,buy,2.282e-05,30.0,0.0006845999999999
NXS/BTC,1578602328024,2020-01-09T20:38:48.024Z,buy,2.28e-05,5.0,0.0001139999999999
NXS/BTC,1578602328024,2020-01-09T20:38:48.024Z,buy,2.282e-05,14.0,0.0003194799999999
NXS/BTC,1578602328541,2020-01-09T20:38:48.541Z,buy,2.282e-05,22.0,0.0005020399999999
NXS/BTC,1578603088049,2020-01-09T20:51:28.049Z,sell,2.272e-05,181.0,0.00411232
NXS/BTC,1578603652577,2020-01-09T21:00:52.577Z,buy,2.282e-05,115.0,0.0026243
NXS/BTC,1578604009041,2020-01-09T21:06:49.041Z,sell,2.278e-05,16.0,0.00036448
NXS/BTC,1578605111918,2020-01-09T21:25:11.918Z,sell,2.28e-05,55.0,0.001254
NXS/BTC,1578605111918,2020-01-09T21:25:11.918Z,sell,2.28e-05,55.0,0.001254
NXS/BTC,1578607077364,2020-01-09T21:57:57.364Z,buy,2.283e-05,50.0,0.0011415
NXS/BTC,1578607077364,2020-01-09T21:57:57.364Z,buy,2.29e-05,5.0,0.0001145
NXS/BTC,1578607086709,2020-01-09T21:58:06.709Z,sell,2.292e-05,51.0,0.00116892
NXS/BTC,1578607128956,2020-01-09T21:58:48.956Z,sell,2.292e-05,85.0,0.0019482
NXS/BTC,1578607128956,2020-01-09T21:58:48.956Z,sell,2.291e-05,195.0,0.0044674499999999
NXS/BTC,1578607344451,2020-01-09T22:02:24.451Z,sell,2.29e-05,59.0,0.0013511
NXS/BTC,1578608349914,2020-01-09T22:19:09.914Z,sell,2.29e-05,65.0,0.0014885
NXS/BTC,1578608349914,2020-01-09T22:19:09.914Z,sell,2.29e-05,65.0,0.0014885
NXS/BTC,1578609502133,2020-01-09T22:38:22.133Z,sell,2.291e-05,58.0,0.00132878
NXS/BTC,1578609764409,2020-01-09T22:42:44.409Z,buy,2.294e-05,9.0,0.00020646
NXS/BTC,1578609764409,2020-01-09T22:42:44.409Z,buy,2.301e-05,12.0,0.00027612
NXS/BTC,1578609764409,2020-01-09T22:42:44.409Z,buy,2.304e-05,5.0,0.0001152
NXS/BTC,1578609764409,2020-01-09T22:42:44.409Z,buy,2.306e-05,50.0,0.001153
NXS/BTC,1578609764409,2020-01-09T22:42:44.409Z,buy,2.307e-05,16.0,0.00036912
NXS/BTC,1578609764409,2020-01-09T22:42:44.409Z,buy,2.316e-05,56.0,0.00129696
NXS/BTC,1578609764409,2020-01-09T22:42:44.409Z,buy,2.318e-05,5.0,0.0001159
NXS/BTC,1578609764409,2020-01-09T22:42:44.409Z,buy,2.319e-05,3661.0,0.08489859
NXS/BTC,1578609768623,2020-01-09T22:42:48.623Z,sell,2.304e-05,5.0,0.0001152
NXS/BTC,1578609768623,2020-01-09T22:42:48.623Z,sell,2.293e-05,189.0,0.00433377
NXS/BTC,1578609790518,2020-01-09T22:43:10.518Z,buy,2.312e-05,189.0,0.00436968
NXS/BTC,1578609790518,2020-01-09T22:43:10.518Z,buy,2.313e-05,3289.0,0.07607457
NXS/BTC,1578609945784,2020-01-09T22:45:45.784Z,buy,2.313e-05,5.0,0.00011565
NXS/BTC,1578609945784,2020-01-09T22:45:45.784Z,buy,2.314e-05,562.0,0.01300468
NXS/BTC,1578609945784,2020-01-09T22:45:45.784Z,buy,2.318e-05,5.0,0.0001159
NXS/BTC,1578609945784,2020-01-09T22:45:45.784Z,buy,2.32e-05,500.0,0.0116
NXS/BTC,1578609945784,2020-01-09T22:45:45.784Z,buy,2.323e-05,7.0,0.00016261
NXS/BTC,1578610370633,2020-01-09T22:52:50.633Z,buy,2.32e-05,203.0,0.0047096
NXS/BTC,1578610370653,2020-01-09T22:52:50.653Z,sell,2.323e-05,115.0,0.00267145
NXS/BTC,1578610370898,2020-01-09T22:52:50.898Z,sell,2.323e-05,549.0,0.01275327
NXS/BTC,1578610572002,2020-01-09T22:56:12.002Z,sell,2.311e-05,18.0,0.00041598
NXS/BTC,1578610874295,2020-01-09T23:01:14.295Z,buy,2.321e-05,5.0,0.00011605
NXS/BTC,1578610882943,2020-01-09T23:01:22.943Z,buy,2.321e-05,5.0,0.00011605
NXS/BTC,1578610895780,2020-01-09T23:01:35.780Z,buy,2.321e-05,3.0,6.963e-05
NXS/BTC,1578610895780,2020-01-09T23:01:35.780Z,buy,2.322e-05,2.0,4.644e-05
NXS/BTC,1578610900092,2020-01-09T23:01:40.092Z,buy,2.322e-05,3.0,6.966000000000001e-05
NXS/BTC,1578610900092,2020-01-09T23:01:40.092Z,buy,2.324e-05,2.0,4.648e-05
NXS/BTC,1578610915833,2020-01-09T23:01:55.833Z,buy,2.324e-05,262.0,0.00608888
NXS/BTC,1578610980126,2020-01-09T23:03:00.126Z,sell,2.324e-05,139.0,0.00323036
NXS/BTC,1578611184920,2020-01-09T23:06:24.920Z,buy,2.326e-05,250.0,0.005815
NXS/BTC,1578611184920,2020-01-09T23:06:24.920Z,buy,2.326e-05,250.0,0.005815
NXS/BTC,1578614442583,2020-01-10T00:00:42.583Z,buy,2.326e-05,2057.0,0.04784582
NXS/BTC,1578614442583,2020-01-10T00:00:42.583Z,buy,2.326e-05,2057.0,0.04784582
NXS/BTC,1578616233350,2020-01-10T00:30:33.350Z,sell,2.315e-05,176.0,0.0040744
NXS/BTC,1578616233360,2020-01-10T00:30:33.360Z,sell,2.315e-05,823.0,0.01905245
NXS/BTC,1578616245130,2020-01-10T00:30:45.130Z,sell,2.315e-05,8.0,0.0001852
NXS/BTC,1578617452319,2020-01-10T00:50:52.319Z,sell,2.315e-05,7.0,0.00016205
NXS/BTC,1578617452319,2020-01-10T00:50:52.319Z,sell,2.315e-05,7.0,0.00016205
NXS/BTC,1578619086284,2020-01-10T01:18:06.284Z,sell,2.315e-05,115.0,0.00266225
NXS/BTC,1578619086284,2020-01-10T01:18:06.284Z,sell,2.314e-05,280.0,0.0064791999999999
NXS/BTC,1578619086286,2020-01-10T01:18:06.286Z,sell,2.314e-05,115.0,0.0026611
NXS/BTC,1578619086292,2020-01-10T01:18:06.292Z,sell,2.314e-05,95.0,0.0021983
NXS/BTC,1578619086297,2020-01-10T01:18:06.297Z,sell,2.309e-05,27.0,0.00062343
NXS/BTC,1578619086304,2020-01-10T01:18:06.304Z,sell,2.305e-05,460.0,0.010603
NXS/BTC,1578619208266,2020-01-10T01:20:08.266Z,buy,2.305e-05,5.0,0.00011525
NXS/BTC,1578619233257,2020-01-10T01:20:33.257Z,sell,2.304e-05,5.0,0.0001152
NXS/BTC,1578619233257,2020-01-10T01:20:33.257Z,sell,2.304e-05,5.0,0.0001152
NXS/BTC,1578622756851,2020-01-10T02:19:16.851Z,buy,2.301e-05,13.0,0.00029913
NXS/BTC,1578622756851,2020-01-10T02:19:16.851Z,buy,2.315e-05,666.0,0.0154179
NXS/BTC,1578622756851,2020-01-10T02:19:16.851Z,buy,2.316e-05,572.0,0.0132475199999999
NXS/BTC,1578622756851,2020-01-10T02:19:16.851Z,buy,2.318e-05,5.0,0.0001159
NXS/BTC,1578622756851,2020-01-10T02:19:16.851Z,buy,2.326e-05,193.0,0.00448918
NXS/BTC,1578622756851,2020-01-10T02:19:16.851Z,buy,2.329e-05,721.0,0.01679209
NXS/BTC,1578622756851,2020-01-10T02:19:16.851Z,buy,2.332e-05,5.0,0.0001166
NXS/BTC,1578622756851,2020-01-10T02:19:16.851Z,buy,2.335e-05,127.0,0.0029654499999999
NXS/BTC,1578622756851,2020-01-10T02:19:16.851Z,buy,2.34e-05,1338.0,0.0313092
NXS/BTC,1578622758154,2020-01-10T02:19:18.154Z,buy,2.315e-05,5.0,0.00011575
NXS/BTC,1578622792993,2020-01-10T02:19:52.993Z,buy,2.332e-05,45.0,0.0010494
NXS/BTC,1578622795137,2020-01-10T02:19:55.137Z,buy,2.331e-05,23.0,0.00053613
NXS/BTC,1578622797160,2020-01-10T02:19:57.160Z,buy,2.33e-05,11.0,0.0002563
NXS/BTC,1578622798781,2020-01-10T02:19:58.781Z,buy,2.329e-05,12.0,0.00027948
NXS/BTC,1578622798781,2020-01-10T02:19:58.781Z,buy,2.329e-05,12.0,0.00027948
NXS/BTC,1578622840852,2020-01-10T02:20:40.852Z,buy,2.322e-05,361.0,0.00838242
NXS/BTC,1578622846510,2020-01-10T02:20:46.510Z,buy,2.323e-05,5.0,0.00011615
NXS/BTC,1578622846510,2020-01-10T02:20:46.510Z,buy,2.335e-05,176.0,0.0041096
NXS/BTC,1578622851239,2020-01-10T02:20:51.239Z,buy,2.335e-05,5.0,0.0001167499999999
NXS/BTC,1578622851239,2020-01-10T02:20:51.239Z,buy,2.336e-05,85.0,0.0019856
NXS/BTC,1578622857889,2020-01-10T02:20:57.889Z,sell,2.322e-05,9.0,0.00020898
NXS/BTC,1578622858007,2020-01-10T02:20:58.007Z,sell,2.322e-05,73.0,0.00169506
NXS/BTC,1578622861171,2020-01-10T02:21:01.171Z,buy,2.336e-05,45.0,0.0010512
NXS/BTC,1578622869896,2020-01-10T02:21:09.896Z,buy,2.336e-05,22.0,0.00051392
NXS/BTC,1578622872671,2020-01-10T02:21:12.671Z,buy,2.338e-05,23.0,0.00053774
NXS/BTC,1578622873782,2020-01-10T02:21:13.782Z,sell,2.323e-05,189.0,0.00439047
NXS/BTC,1578622905579,2020-01-10T02:21:45.579Z,buy,2.337e-05,271.0,0.00633327
NXS/BTC,1578622905579,2020-01-10T02:21:45.579Z,buy,2.338e-05,140.0,0.0032732
NXS/BTC,1578622909587,2020-01-10T02:21:49.587Z,buy,2.338e-05,203.0,0.00474614
NXS/BTC,1578622912458,2020-01-10T02:21:52.458Z,buy,2.338e-05,102.0,0.00238476
NXS/BTC,1578622912773,2020-01-10T02:21:52.773Z,sell,2.323e-05,273.0,0.00634179
NXS/BTC,1578622914254,2020-01-10T02:21:54.254Z,buy,2.337e-05,102.0,0.00238374
NXS/BTC,1578622942787,2020-01-10T02:22:22.787Z,sell,2.323e-05,104.0,0.00241592
NXS/BTC,1578622961374,2020-01-10T02:22:41.374Z,buy,2.337e-05,215.0,0.00502455
NXS/BTC,1578622965081,2020-01-10T02:22:45.081Z,buy,2.337e-05,60.0,0.0014022
NXS/BTC,1578622965081,2020-01-10T02:22:45.081Z,buy,2.338e-05,46.0,0.00107548
NXS/BTC,1578622968772,2020-01-10T02:22:48.772Z,sell,2.323e-05,278.0,0.00645794
NXS/BTC,1578622975699,2020-01-10T02:22:55.699Z,buy,2.337e-05,53.0,0.00123861
NXS/BTC,1578622977765,2020-01-10T02:22:57.765Z,buy,2.337e-05,53.0,0.00123861
NXS/BTC,1578623176968,2020-01-10T02:26:16.968Z,buy,2.336e-05,172.0,0.00401792
NXS/BTC,1578623176968,2020-01-10T02:26:16.968Z,buy,2.337e-05,5.0,0.00011685
NXS/BTC,1578623176968,2020-01-10T02:26:16.968Z,buy,2.338e-05,142.0,0.00331996
NXS/BTC,1578623176968,2020-01-10T02:26:16.968Z,buy,2.34e-05,295.0,0.006903
NXS/BTC,1578623218914,2020-01-10T02:26:58.914Z,sell,2.332e-05,153.0,0.00356796
NXS/BTC,1578623395403,2020-01-10T02:29:55.403Z,buy,2.34e-05,115.0,0.002691
NXS/BTC,1578623402777,2020-01-10T02:30:02.777Z,buy,2.34e-05,125.0,0.002925
NXS/BTC,1578624084020,2020-01-10T02:41:24.020Z,sell,2.32e-05,1468.0,0.0340576
NXS/BTC,1578624127833,2020-01-10T02:42:07.833Z,buy,2.339e-05,411.0,0.00961329
NXS/BTC,1578624140318,2020-01-10T02:42:20.318Z,sell,2.321e-05,734.0,0.0170361399999999
NXS/BTC,1578624189587,2020-01-10T02:43:09.587Z,sell,2.321e-05,735.0,0.01705935
NXS/BTC,1578624800311,2020-01-10T02:53:20.311Z,buy,2.339e-05,214.0,0.00500546
NXS/BTC,1578624800311,2020-01-10T02:53:20.311Z,buy,2.339e-05,214.0,0.00500546
NXS/BTC,1578630948727,2020-01-10T04:35:48.727Z,sell,2.323e-05,88.0,0.00204424
NXS/BTC,1578630948727,2020-01-10T04:35:48.727Z,sell,2.323e-05,88.0,0.00204424
NXS/BTC,1578633761397,2020-01-10T05:22:41.397Z,buy,2.335e-05,7.0,0.00016345
NXS/BTC,1578633923934,2020-01-10T05:25:23.934Z,sell,2.323e-05,5.0,0.00011615
NXS/BTC,1578633923934,2020-01-10T05:25:23.934Z,sell,2.319e-05,134.0,0.00310746
NXS/BTC,1578633967781,2020-01-10T05:26:07.781Z,buy,2.333e-05,11.0,0.00025663
NXS/BTC,1578633967781,2020-01-10T05:26:07.781Z,buy,2.334e-05,399.0,0.00931266
NXS/BTC,1578633967781,2020-01-10T05:26:07.781Z,buy,2.333e-05,11.0,0.00025663
NXS/BTC,1578633967781,2020-01-10T05:26:07.781Z,buy,2.334e-05,399.0,0.00931266
NXS/BTC,1578640313187,2020-01-10T07:11:53.187Z,sell,2.319e-05,100.0,0.002319
NXS/BTC,1578640313187,2020-01-10T07:11:53.187Z,sell,2.319e-05,100.0,0.002319
NXS/BTC,1578640647748,2020-01-10T07:17:27.748Z,sell,2.319e-05,72.0,0.00166968
NXS/BTC,1578640649461,2020-01-10T07:17:29.461Z,sell,2.32e-05,136.0,0.0031552
NXS/BTC,1578640650221,2020-01-10T07:17:30.221Z,sell,2.32e-05,50.0,0.00116
NXS/BTC,1578640650221,2020-01-10T07:17:30.221Z,sell,2.319e-05,71.0,0.00164649
NXS/BTC,1578640710216,2020-01-10T07:18:30.216Z,buy,2.334e-05,42.0,0.00098028
NXS/BTC,1578640710258,2020-01-10T07:18:30.258Z,buy,2.334e-05,42.0,0.00098028
NXS/BTC,1578641020995,2020-01-10T07:23:40.995Z,sell,2.319e-05,77.0,0.00178563
NXS/BTC,1578641130226,2020-01-10T07:25:30.226Z,sell,2.319e-05,265.0,0.00614535
NXS/BTC,1578642976837,2020-01-10T07:56:16.837Z,sell,2.32e-05,5.0,0.000116
NXS/BTC,1578642989568,2020-01-10T07:56:29.568Z,sell,2.32e-05,5.0,0.000116
NXS/BTC,1578642995924,2020-01-10T07:56:35.924Z,sell,2.32e-05,10.0,0.000232
NXS/BTC,1578643000335,2020-01-10T07:56:40.335Z,sell,2.32e-05,20.0,0.000464
NXS/BTC,1578643000573,2020-01-10T07:56:40.573Z,sell,2.32e-05,410.0,0.009512
NXS/BTC,1578643007289,2020-01-10T07:56:47.289Z,sell,2.32e-05,302.0,0.0070064
NXS/BTC,1578643697420,2020-01-10T08:08:17.420Z,sell,2.32e-05,155.0,0.003596
NXS/BTC,1578643701815,2020-01-10T08:08:21.815Z,sell,2.318e-05,5.0,0.0001159
NXS/BTC,1578643701859,2020-01-10T08:08:21.859Z,buy,2.318e-05,64.0,0.00148352
NXS/BTC,1578643705064,2020-01-10T08:08:25.064Z,sell,2.313e-05,27.0,0.00062451
NXS/BTC,1578643705074,2020-01-10T08:08:25.074Z,buy,2.313e-05,12.0,0.00027756
NXS/BTC,1578643705081,2020-01-10T08:08:25.081Z,buy,2.313e-05,116.0,0.00268308
NXS/BTC,1578643708272,2020-01-10T08:08:28.272Z,sell,2.311e-05,1018.0,0.02352598
NXS/BTC,1578643710959,2020-01-10T08:08:30.959Z,buy,2.311e-05,339.0,0.00783429
NXS/BTC,1578643711063,2020-01-10T08:08:31.063Z,buy,2.311e-05,339.0,0.00783429
NXS/BTC,1578643715404,2020-01-10T08:08:35.404Z,sell,2.314e-05,346.0,0.00800644
NXS/BTC,1578643715404,2020-01-10T08:08:35.404Z,sell,2.313e-05,236.0,0.00545868
NXS/BTC,1578643715456,2020-01-10T08:08:35.456Z,buy,2.312e-05,1152.0,0.02663424
NXS/BTC,1578643718333,2020-01-10T08:08:38.333Z,buy,2.312e-05,411.0,0.00950232
NXS/BTC,1578643718376,2020-01-10T08:08:38.376Z,buy,2.312e-05,1779.0,0.04113048
NXS/BTC,1578643835145,2020-01-10T08:10:35.145Z,buy,2.329e-05,13.0,0.00030277
NXS/BTC,1578643835145,2020-01-10T08:10:35.145Z,buy,2.329e-05,13.0,0.00030277
NXS/BTC,1578644138596,2020-01-10T08:15:38.596Z,sell,2.314e-05,5.0,0.0001157
NXS/BTC,1578644138596,2020-01-10T08:15:38.596Z,sell,2.312e-05,8.0,0.00018496
NXS/BTC,1578644208279,2020-01-10T08:16:48.279Z,buy,2.329e-05,103.0,0.00239887
NXS/BTC,1578644642413,2020-01-10T08:24:02.413Z,sell,2.311e-05,102.0,0.00235722
NXS/BTC,1578644642413,2020-01-10T08:24:02.413Z,sell,2.311e-05,102.0,0.00235722
NXS/BTC,1578647927180,2020-01-10T09:18:47.180Z,sell,2.31e-05,153.0,0.0035342999999999
NXS/BTC,1578647927180,2020-01-10T09:18:47.180Z,sell,2.309e-05,894.0,0.02064246
NXS/BTC,1578647972949,2020-01-10T09:19:32.949Z,sell,2.31e-05,201.0,0.0046431
NXS/BTC,1578647972949,2020-01-10T09:19:32.949Z,sell,2.31e-05,201.0,0.0046431
NXS/BTC,1578648243962,2020-01-10T09:24:03.962Z,buy,2.32e-05,6.0,0.0001392
NXS/BTC,1578648243962,2020-01-10T09:24:03.962Z,buy,2.327e-05,2.0,4.654e-05
NXS/BTC,1578648301143,2020-01-10T09:25:01.143Z,sell,2.31e-05,487.0,0.0112497
NXS/BTC,1578648313939,2020-01-10T09:25:13.939Z,sell,2.31e-05,69.0,0.0015938999999999
NXS/BTC,1578648462299,2020-01-10T09:27:42.299Z,sell,2.311e-05,50.0,0.0011555
NXS/BTC,1578648462299,2020-01-10T09:27:42.299Z,sell,2.31e-05,3.0,6.93e-05
NXS/BTC,1578649390046,2020-01-10T09:43:10.046Z,sell,2.31e-05,10.0,0.0002309999999999
NXS/BTC,1578649390046,2020-01-10T09:43:10.046Z,sell,2.304e-05,5.0,0.0001152
NXS/BTC,1578649390046,2020-01-10T09:43:10.046Z,sell,2.303e-05,74.0,0.00170422
NXS/BTC,1578649390046,2020-01-10T09:43:10.046Z,sell,2.31e-05,10.0,0.0002309999999999
NXS/BTC,1578649390046,2020-01-10T09:43:10.046Z,sell,2.304e-05,5.0,0.0001152
NXS/BTC,1578649390046,2020-01-10T09:43:10.046Z,sell,2.303e-05,74.0,0.00170422
NXS/BTC,1578653348618,2020-01-10T10:49:08.618Z,sell,2.309e-05,14.0,0.00032326
NXS/BTC,1578653371046,2020-01-10T10:49:31.046Z,buy,2.318e-05,11.0,0.00025498
NXS/BTC,1578653371046,2020-01-10T10:49:31.046Z,buy,2.321e-05,4.0,9.284e-05
NXS/BTC,1578653371046,2020-01-10T10:49:31.046Z,buy,2.318e-05,11.0,0.00025498
NXS/BTC,1578653371046,2020-01-10T10:49:31.046Z,buy,2.321e-05,4.0,9.284e-05
NXS/BTC,1578654555222,2020-01-10T11:09:15.222Z,sell,2.306e-05,1657.0,0.03821042
NXS/BTC,1578654603772,2020-01-10T11:10:03.772Z,sell,2.306e-05,114.0,0.00262884
NXS/BTC,1578655145956,2020-01-10T11:19:05.956Z,buy,2.32e-05,174.0,0.0040368
NXS/BTC,1578655145956,2020-01-10T11:19:05.956Z,buy,2.321e-05,241.0,0.00559361
NXS/BTC,1578655145957,2020-01-10T11:19:05.957Z,buy,2.321e-05,174.0,0.00403854
NXS/BTC,1578655145957,2020-01-10T11:19:05.957Z,buy,2.321e-05,174.0,0.00403854
NXS/BTC,1578655145959,2020-01-10T11:19:05.959Z,buy,2.321e-05,53.0,0.00123013
NXS/BTC,1578655145979,2020-01-10T11:19:05.979Z,buy,2.329e-05,121.0,0.0028180899999999
NXS/BTC,1578655317845,2020-01-10T11:21:57.845Z,buy,2.327e-05,643.0,0.01496261
NXS/BTC,1578655317845,2020-01-10T11:21:57.845Z,buy,2.327e-05,643.0,0.01496261
NXS/BTC,1578657438498,2020-01-10T11:57:18.498Z,buy,2.329e-05,6.0,0.00013974
NXS/BTC,1578657545298,2020-01-10T11:59:05.298Z,buy,2.329e-05,248.0,0.0057759199999999
NXS/BTC,1578657548504,2020-01-10T11:59:08.504Z,sell,2.329e-05,41.0,0.0009548899999999
NXS/BTC,1578657552960,2020-01-10T11:59:12.960Z,sell,2.329e-05,40.0,0.0009316
NXS/BTC,1578657556516,2020-01-10T11:59:16.516Z,sell,2.329e-05,12.0,0.00027948
NXS/BTC,1578658009048,2020-01-10T12:06:49.048Z,sell,2.329e-05,196.0,0.00456484
NXS/BTC,1578658119332,2020-01-10T12:08:39.332Z,sell,2.329e-05,56.0,0.00130424
NXS/BTC,1578658809169,2020-01-10T12:20:09.169Z,buy,2.331e-05,6.0,0.00013986
NXS/BTC,1578658809169,2020-01-10T12:20:09.169Z,buy,2.331e-05,6.0,0.00013986
NXS/BTC,1578658993392,2020-01-10T12:23:13.392Z,buy,2.332e-05,2.0,4.664e-05
NXS/BTC,1578660136584,2020-01-10T12:42:16.584Z,sell,2.33e-05,388.0,0.0090404
NXS/BTC,1578660230723,2020-01-10T12:43:50.723Z,sell,2.33e-05,67.0,0.0015611
NXS/BTC,1578660230740,2020-01-10T12:43:50.740Z,sell,2.33e-05,170.0,0.003961
NXS/BTC,1578660232412,2020-01-10T12:43:52.412Z,sell,2.33e-05,118.0,0.0027494
NXS/BTC,1578660237214,2020-01-10T12:43:57.214Z,sell,2.33e-05,79.0,0.0018407
NXS/BTC,1578660239714,2020-01-10T12:43:59.714Z,sell,2.33e-05,54.0,0.0012582
NXS/BTC,1578660477344,2020-01-10T12:47:57.344Z,buy,2.331e-05,8.0,0.00018648
NXS/BTC,1578661383365,2020-01-10T13:03:03.365Z,sell,2.331e-05,517.0,0.01205127
NXS/BTC,1578661383384,2020-01-10T13:03:03.384Z,sell,2.33e-05,358.0,0.0083414
NXS/BTC,1578661385348,2020-01-10T13:03:05.348Z,sell,2.33e-05,250.0,0.005825
NXS/BTC,1578661405570,2020-01-10T13:03:25.570Z,sell,2.33e-05,148.0,0.0034484
NXS/BTC,1578661406871,2020-01-10T13:03:26.871Z,sell,2.33e-05,102.0,0.0023766
NXS/BTC,1578661436696,2020-01-10T13:03:56.696Z,sell,2.33e-05,56.0,0.0013048
NXS/BTC,1578661824641,2020-01-10T13:10:24.641Z,sell,2.33e-05,9.0,0.0002097
NXS/BTC,1578661887384,2020-01-10T13:11:27.384Z,sell,2.33e-05,575.0,0.0133975
NXS/BTC,1578661887397,2020-01-10T13:11:27.397Z,sell,2.33e-05,393.0,0.0091569
NXS/BTC,1578662084950,2020-01-10T13:14:44.950Z,sell,2.33e-05,443.0,0.0103219
NXS/BTC,1578662087918,2020-01-10T13:14:47.918Z,sell,2.33e-05,852.0,0.0198516
NXS/BTC,1578662087918,2020-01-10T13:14:47.918Z,sell,2.33e-05,852.0,0.0198516
NXS/BTC,1578662565982,2020-01-10T13:22:45.982Z,sell,2.33e-05,259.0,0.0060347
NXS/BTC,1578662565982,2020-01-10T13:22:45.982Z,sell,2.329e-05,1867.0,0.0434824299999999
NXS/BTC,1578663207521,2020-01-10T13:33:27.521Z,buy,2.332e-05,5.0,0.0001166
NXS/BTC,1578663207540,2020-01-10T13:33:27.540Z,sell,2.329e-05,751.0,0.01749079
NXS/BTC,1578663473477,2020-01-10T13:37:53.477Z,sell,2.329e-05,969.0,0.02256801
NXS/BTC,1578663473593,2020-01-10T13:37:53.593Z,sell,2.329e-05,351.0,0.00817479
NXS/BTC,1578663473595,2020-01-10T13:37:53.595Z,sell,2.329e-05,492.0,0.0114586799999999
NXS/BTC,1578663475965,2020-01-10T13:37:55.965Z,sell,2.329e-05,876.0,0.02040204
NXS/BTC,1578663477686,2020-01-10T13:37:57.686Z,sell,2.329e-05,208.0,0.00484432
NXS/BTC,1578663519056,2020-01-10T13:38:39.056Z,sell,2.329e-05,101.0,0.00235229
NXS/BTC,1578663520965,2020-01-10T13:38:40.965Z,sell,2.329e-05,50.0,0.0011645
NXS/BTC,1578663548385,2020-01-10T13:39:08.385Z,sell,2.329e-05,5.0,0.00011645
NXS/BTC,1578663568040,2020-01-10T13:39:28.040Z,sell,2.329e-05,35.0,0.00081515
NXS/BTC,1578663577990,2020-01-10T13:39:37.990Z,sell,2.329e-05,40.0,0.0009316
NXS/BTC,1578664346758,2020-01-10T13:52:26.758Z,sell,2.329e-05,9.0,0.00020961
NXS/BTC,1578664346773,2020-01-10T13:52:26.773Z,sell,2.318e-05,5.0,0.0001159
NXS/BTC,1578664346773,2020-01-10T13:52:26.773Z,sell,2.31e-05,11.0,0.0002541
NXS/BTC,1578664346773,2020-01-10T13:52:26.773Z,sell,2.304e-05,5.0,0.0001152
NXS/BTC,1578664346773,2020-01-10T13:52:26.773Z,sell,2.302e-05,100.0,0.002302
NXS/BTC,1578664346777,2020-01-10T13:52:26.777Z,sell,2.3e-05,202.0,0.004646
NXS/BTC,1578664348070,2020-01-10T13:52:28.070Z,sell,2.301e-05,187.0,0.00430287
NXS/BTC,1578664349830,2020-01-10T13:52:29.830Z,buy,2.317e-05,2947.0,0.06828199
NXS/BTC,1578664349830,2020-01-10T13:52:29.830Z,buy,2.318e-05,5.0,0.0001159
NXS/BTC,1578664362238,2020-01-10T13:52:42.238Z,buy,2.329e-05,672.0,0.01565088
NXS/BTC,1578664371184,2020-01-10T13:52:51.184Z,sell,2.314e-05,56.0,0.00129584
NXS/BTC,1578664371247,2020-01-10T13:52:51.247Z,sell,2.314e-05,23.0,0.0005322199999999
NXS/BTC,1578664451845,2020-01-10T13:54:11.845Z,sell,2.315e-05,194.0,0.0044911
NXS/BTC,1578664451845,2020-01-10T13:54:11.845Z,sell,2.314e-05,5.0,0.0001157
NXS/BTC,1578664451875,2020-01-10T13:54:11.875Z,buy,2.314e-05,456.0,0.01055184
NXS/BTC,1578664551762,2020-01-10T13:55:51.762Z,sell,2.314e-05,51.0,0.0011801399999999
NXS/BTC,1578664551816,2020-01-10T13:55:51.816Z,buy,2.314e-05,604.0,0.0139765599999999
NXS/BTC,1578664743153,2020-01-10T13:59:03.153Z,sell,2.314e-05,8.0,0.00018512
NXS/BTC,1578665365035,2020-01-10T14:09:25.035Z,sell,2.314e-05,15.0,0.0003471
NXS/BTC,1578665365035,2020-01-10T14:09:25.035Z,sell,2.314e-05,15.0,0.0003471
NXS/BTC,1578667946029,2020-01-10T14:52:26.029Z,sell,2.304e-05,199.0,0.00458496
NXS/BTC,1578667946029,2020-01-10T14:52:26.029Z,sell,2.302e-05,10.0,0.0002302
NXS/BTC,1578667946029,2020-01-10T14:52:26.029Z,sell,2.295e-05,391.0,0.00897345
NXS/BTC,1578667946029,2020-01-10T14:52:26.029Z,sell,2.29e-05,5.0,0.0001145
NXS/BTC,1578667946029,2020-01-10T14:52:26.029Z,sell,2.284e-05,371.0,0.00847364
NXS/BTC,1578668004944,2020-01-10T14:53:24.944Z,sell,2.293e-05,84.0,0.00192612
NXS/BTC,1578668437662,2020-01-10T15:00:37.662Z,buy,2.304e-05,5.0,0.0001152
NXS/BTC,1578668437662,2020-01-10T15:00:37.662Z,buy,2.307e-05,66.0,0.00152262
NXS/BTC,1578668437662,2020-01-10T15:00:37.662Z,buy,2.304e-05,5.0,0.0001152
NXS/BTC,1578668437662,2020-01-10T15:00:37.662Z,buy,2.307e-05,66.0,0.00152262
NXS/BTC,1578669378161,2020-01-10T15:16:18.161Z,sell,2.301e-05,909.0,0.02091609
NXS/BTC,1578669545878,2020-01-10T15:19:05.878Z,sell,2.291e-05,10.0,0.0002290999999999
NXS/BTC,1578669628134,2020-01-10T15:20:28.134Z,buy,2.301e-05,20.0,0.0004602
NXS/BTC,1578669667987,2020-01-10T15:21:07.987Z,buy,2.301e-05,51.0,0.00117351
NXS/BTC,1578670498911,2020-01-10T15:34:58.911Z,sell,2.29e-05,5.0,0.0001145
NXS/BTC,1578670498911,2020-01-10T15:34:58.911Z,sell,2.283e-05,29.0,0.00066207
NXS/BTC,1578670498911,2020-01-10T15:34:58.911Z,sell,2.28e-05,75.0,0.00171
NXS/BTC,1578670715644,2020-01-10T15:38:35.644Z,sell,2.291e-05,2706.0,0.06199446
NXS/BTC,1578670717534,2020-01-10T15:38:37.534Z,sell,2.29e-05,472.0,0.0108088
NXS/BTC,1578670717558,2020-01-10T15:38:37.558Z,sell,2.29e-05,328.0,0.0075112
NXS/BTC,1578671051134,2020-01-10T15:44:11.134Z,sell,2.28e-05,87.0,0.0019836
NXS/BTC,1578671051134,2020-01-10T15:44:11.134Z,sell,2.279e-05,50.0,0.0011395
NXS/BTC,1578671051134,2020-01-10T15:44:11.134Z,sell,2.277e-05,153.0,0.00348381
NXS/BTC,1578671051134,2020-01-10T15:44:11.134Z,sell,2.276e-05,5.0,0.0001138
NXS/BTC,1578671051134,2020-01-10T15:44:11.134Z,sell,2.273e-05,16.0,0.00036368
NXS/BTC,1578671051134,2020-01-10T15:44:11.134Z,sell,2.27e-05,500.0,0.0113499999999999
NXS/BTC,1578671051134,2020-01-10T15:44:11.134Z,sell,2.269e-05,563.0,0.01277447
NXS/BTC,1578671051134,2020-01-10T15:44:11.134Z,sell,2.268e-05,440.0,0.0099792
NXS/BTC,1578671051134,2020-01-10T15:44:11.134Z,sell,2.265e-05,697.0,0.01578705
NXS/BTC,1578671051134,2020-01-10T15:44:11.134Z,sell,2.262e-05,271.0,0.00613002
NXS/BTC,1578671051134,2020-01-10T15:44:11.134Z,sell,2.256e-05,493.0,0.01112208
NXS/BTC,1578671051134,2020-01-10T15:44:11.134Z,sell,2.253e-05,433.0,0.00975549
NXS/BTC,1578671051134,2020-01-10T15:44:11.134Z,sell,2.252e-05,31.0,0.00069812
NXS/BTC,1578671051134,2020-01-10T15:44:11.134Z,sell,2.25e-05,77.0,0.0017325
NXS/BTC,1578671051134,2020-01-10T15:44:11.134Z,sell,2.25e-05,100.0,0.00225
NXS/BTC,1578671051147,2020-01-10T15:44:11.147Z,buy,2.268e-05,50.0,0.001134
NXS/BTC,1578671051147,2020-01-10T15:44:11.147Z,buy,2.268e-05,50.0,0.001134
NXS/BTC,1578671051148,2020-01-10T15:44:11.148Z,buy,2.268e-05,50.0,0.001134
NXS/BTC,1578671051186,2020-01-10T15:44:11.186Z,buy,2.291e-05,2.0,4.582e-05
NXS/BTC,1578671530697,2020-01-10T15:52:10.697Z,sell,2.26e-05,5.0,0.000113
NXS/BTC,1578671530697,2020-01-10T15:52:10.697Z,sell,2.257e-05,432.0,0.00975024
NXS/BTC,1578671530697,2020-01-10T15:52:10.697Z,sell,2.256e-05,800.0,0.018048
NXS/BTC,1578671530697,2020-01-10T15:52:10.697Z,sell,2.254e-05,700.0,0.015778
NXS/BTC,1578671530697,2020-01-10T15:52:10.697Z,sell,2.251e-05,738.0,0.01661238
NXS/BTC,1578671530697,2020-01-10T15:52:10.697Z,sell,2.25e-05,2559.0,0.0575775
NXS/BTC,1578671530708,2020-01-10T15:52:10.708Z,buy,2.25e-05,432.0,0.00972
NXS/BTC,1578671530730,2020-01-10T15:52:10.730Z,buy,2.25e-05,303.0,0.0068175
NXS/BTC,1578671530802,2020-01-10T15:52:10.802Z,sell,2.249e-05,382.0,0.00859118
NXS/BTC,1578671531732,2020-01-10T15:52:11.732Z,sell,2.248e-05,5.0,0.0001124
NXS/BTC,1578671531732,2020-01-10T15:52:11.732Z,sell,2.24e-05,16.0,0.0003584
NXS/BTC,1578671531732,2020-01-10T15:52:11.732Z,sell,2.238e-05,411.0,0.00919818
NXS/BTC,1578671531732,2020-01-10T15:52:11.732Z,sell,2.238e-05,100.0,0.002238
NXS/BTC,1578671533814,2020-01-10T15:52:13.814Z,sell,2.243e-05,20.0,0.0004486
NXS/BTC,1578671533814,2020-01-10T15:52:13.814Z,sell,2.238e-05,289.0,0.00646782
NXS/BTC,1578671533814,2020-01-10T15:52:13.814Z,sell,2.234e-05,5.0,0.0001117
NXS/BTC,1578671542777,2020-01-10T15:52:22.777Z,sell,2.225e-05,489.0,0.01088025
NXS/BTC,1578671563070,2020-01-10T15:52:43.070Z,sell,2.229e-05,106.0,0.00236274
NXS/BTC,1578671639536,2020-01-10T15:53:59.536Z,buy,2.242e-05,6.0,0.00013452
NXS/BTC,1578671639552,2020-01-10T15:53:59.552Z,buy,2.242e-05,265.0,0.0059413
NXS/BTC,1578671767832,2020-01-10T15:56:07.832Z,buy,2.245e-05,106.0,0.0023797
NXS/BTC,1578671769139,2020-01-10T15:56:09.139Z,buy,2.247e-05,489.0,0.01098783
NXS/BTC,1578671925697,2020-01-10T15:58:45.697Z,buy,2.247e-05,58.0,0.00130326
NXS/BTC,1578671925697,2020-01-10T15:58:45.697Z,buy,2.248e-05,5.0,0.0001124
NXS/BTC,1578671982559,2020-01-10T15:59:42.559Z,buy,2.248e-05,83.0,0.00186584
NXS/BTC,1578671984454,2020-01-10T15:59:44.454Z,buy,2.248e-05,57.0,0.00128136
NXS/BTC,1578672017281,2020-01-10T16:00:17.281Z,buy,2.248e-05,35.0,0.0007868
NXS/BTC,1578672017289,2020-01-10T16:00:17.289Z,buy,2.248e-05,55.0,0.0012364
NXS/BTC,1578672025543,2020-01-10T16:00:25.543Z,buy,2.248e-05,7.0,0.00015736
NXS/BTC,1578672025543,2020-01-10T16:00:25.543Z,buy,2.248e-05,7.0,0.00015736
NXS/BTC,1578672078193,2020-01-10T16:01:18.193Z,buy,2.25e-05,20.0,0.00045
NXS/BTC,1578672100031,2020-01-10T16:01:40.031Z,sell,2.25e-05,200.0,0.0045
NXS/BTC,1578672116270,2020-01-10T16:01:56.270Z,buy,2.262e-05,5.0,0.0001131
NXS/BTC,1578672116270,2020-01-10T16:01:56.270Z,buy,2.266e-05,382.0,0.00865612
NXS/BTC,1578672116270,2020-01-10T16:01:56.270Z,buy,2.271e-05,147.0,0.00333837
NXS/BTC,1578672119625,2020-01-10T16:01:59.625Z,buy,2.27e-05,7.0,0.0001588999999999
NXS/BTC,1578672119625,2020-01-10T16:01:59.625Z,buy,2.271e-05,53.0,0.00120363
NXS/BTC,1578672119625,2020-01-10T16:01:59.625Z,buy,2.273e-05,16.0,0.00036368
NXS/BTC,1578672119625,2020-01-10T16:01:59.625Z,buy,2.274e-05,54.0,0.00122796
NXS/BTC,1578672121318,2020-01-10T16:02:01.318Z,buy,2.274e-05,32.0,0.00072768
NXS/BTC,1578672122866,2020-01-10T16:02:02.866Z,buy,2.274e-05,8.0,0.00018192
NXS/BTC,1578672171878,2020-01-10T16:02:51.878Z,sell,2.252e-05,156.0,0.00351312
NXS/BTC,1578672171879,2020-01-10T16:02:51.879Z,sell,2.251e-05,5.0,0.00011255
NXS/BTC,1578672171881,2020-01-10T16:02:51.881Z,sell,2.25e-05,26.0,0.000585
NXS/BTC,1578672171902,2020-01-10T16:02:51.902Z,sell,2.25e-05,116.0,0.00261
NXS/BTC,1578672171902,2020-01-10T16:02:51.902Z,sell,2.25e-05,302.0,0.006795
NXS/BTC,1578672172003,2020-01-10T16:02:52.003Z,buy,2.251e-05,156.0,0.00351156
NXS/BTC,1578672204361,2020-01-10T16:03:24.361Z,sell,2.252e-05,130.0,0.0029276
NXS/BTC,1578672204361,2020-01-10T16:03:24.361Z,sell,2.251e-05,5.0,0.00011255
NXS/BTC,1578672204361,2020-01-10T16:03:24.361Z,sell,2.25e-05,297.0,0.0066825
NXS/BTC,1578672382658,2020-01-10T16:06:22.658Z,sell,2.251e-05,5.0,0.00011255
NXS/BTC,1578672382658,2020-01-10T16:06:22.658Z,sell,2.249e-05,956.0,0.02150044
NXS/BTC,1578672423026,2020-01-10T16:07:03.026Z,sell,2.249e-05,376.0,0.00845624
NXS/BTC,1578672423055,2020-01-10T16:07:03.055Z,buy,2.249e-05,533.0,0.01198717
NXS/BTC,1578673234326,2020-01-10T16:20:34.326Z,sell,2.251e-05,117.0,0.00263367
NXS/BTC,1578673305264,2020-01-10T16:21:45.264Z,buy,2.259e-05,22.0,0.00049698
NXS/BTC,1578673305528,2020-01-10T16:21:45.528Z,buy,2.259e-05,121.0,0.00273339
NXS/BTC,1578673305639,2020-01-10T16:21:45.639Z,buy,2.26e-05,145.0,0.003277
NXS/BTC,1578673308046,2020-01-10T16:21:48.046Z,buy,2.26e-05,55.0,0.001243
NXS/BTC,1578673310051,2020-01-10T16:21:50.051Z,buy,2.26e-05,57.0,0.0012882
NXS/BTC,1578673321052,2020-01-10T16:22:01.052Z,buy,2.26e-05,57.0,0.0012882
NXS/BTC,1578673907037,2020-01-10T16:31:47.037Z,buy,2.254e-05,11.0,0.00024794
NXS/BTC,1578674065641,2020-01-10T16:34:25.641Z,sell,2.251e-05,6.0,0.00013506
NXS/BTC,1578674065901,2020-01-10T16:34:25.901Z,buy,2.25e-05,100.0,0.00225
NXS/BTC,1578674108012,2020-01-10T16:35:08.012Z,buy,2.25e-05,5.0,0.0001125
NXS/BTC,1578674217707,2020-01-10T16:36:57.707Z,sell,2.248e-05,11.0,0.00024728
NXS/BTC,1578674369772,2020-01-10T16:39:29.772Z,sell,2.247e-05,259.0,0.00581973
NXS/BTC,1578674369772,2020-01-10T16:39:29.772Z,sell,2.247e-05,259.0,0.00581973
NXS/BTC,1578675971374,2020-01-10T17:06:11.374Z,sell,2.265e-05,81.0,0.00183465
NXS/BTC,1578676028061,2020-01-10T17:07:08.061Z,sell,2.265e-05,5.0,0.00011325
NXS/BTC,1578676539804,2020-01-10T17:15:39.804Z,sell,2.267e-05,45.0,0.00102015
NXS/BTC,1578676539804,2020-01-10T17:15:39.804Z,sell,2.266e-05,81.0,0.00183546
NXS/BTC,1578677262985,2020-01-10T17:27:42.985Z,sell,2.274e-05,503.0,0.0114382199999999
NXS/BTC,1578677262985,2020-01-10T17:27:42.985Z,sell,2.272e-05,695.0,0.0157904
NXS/BTC,1578677262985,2020-01-10T17:27:42.985Z,sell,2.27e-05,451.0,0.0102377
NXS/BTC,1578677262985,2020-01-10T17:27:42.985Z,sell,2.267e-05,600.0,0.013602
NXS/BTC,1578677262985,2020-01-10T17:27:42.985Z,sell,2.266e-05,73.0,0.0016541799999999
NXS/BTC,1578677262985,2020-01-10T17:27:42.985Z,sell,2.264e-05,4521.0,0.10235544
NXS/BTC,1578677262985,2020-01-10T17:27:42.985Z,sell,2.263e-05,600.0,0.013578
NXS/BTC,1578677262985,2020-01-10T17:27:42.985Z,sell,2.262e-05,1200.0,0.027144
NXS/BTC,1578677262985,2020-01-10T17:27:42.985Z,sell,2.261e-05,565.0,0.0127746499999999
NXS/BTC,1578677262985,2020-01-10T17:27:42.985Z,sell,2.248e-05,744.0,0.01672512
NXS/BTC,1578677262985,2020-01-10T17:27:42.985Z,sell,2.245e-05,400.0,0.00898
NXS/BTC,1578677262985,2020-01-10T17:27:42.985Z,sell,2.241e-05,304.0,0.00681264
NXS/BTC,1578677262985,2020-01-10T17:27:42.985Z,sell,2.24e-05,194.0,0.0043456
NXS/BTC,1578677262985,2020-01-10T17:27:42.985Z,sell,2.237e-05,843.0,0.01885791
NXS/BTC,1578677262985,2020-01-10T17:27:42.985Z,sell,2.235e-05,1100.0,0.024585
NXS/BTC,1578677263058,2020-01-10T17:27:43.058Z,sell,2.236e-05,213.0,0.00476268
NXS/BTC,1578677266586,2020-01-10T17:27:46.586Z,sell,2.264e-05,2198.0,0.04976272
NXS/BTC,1578677310521,2020-01-10T17:28:30.521Z,buy,2.273e-05,9.0,0.00020457
NXS/BTC,1578677331213,2020-01-10T17:28:51.213Z,buy,2.273e-05,9.0,0.00020457
NXS/BTC,1578677454433,2020-01-10T17:30:54.433Z,sell,2.271e-05,10.0,0.0002271
NXS/BTC,1578677522753,2020-01-10T17:32:02.753Z,buy,2.265e-05,345.0,0.00781425
NXS/BTC,1578677523742,2020-01-10T17:32:03.742Z,sell,2.264e-05,34.0,0.00076976
NXS/BTC,1578677535457,2020-01-10T17:32:15.457Z,sell,2.259e-05,168.0,0.00379512
NXS/BTC,1578677554018,2020-01-10T17:32:34.018Z,buy,2.259e-05,11.0,0.00024849
NXS/BTC,1578677574677,2020-01-10T17:32:54.677Z,buy,2.259e-05,11.0,0.00024849
NXS/BTC,1578677652773,2020-01-10T17:34:12.773Z,buy,2.277e-05,50.0,0.0011385
NXS/BTC,1578677807308,2020-01-10T17:36:47.308Z,buy,2.276e-05,2.0,4.552e-05
NXS/BTC,1578677887844,2020-01-10T17:38:07.844Z,buy,2.272e-05,2.0,4.544e-05
NXS/BTC,1578677887844,2020-01-10T17:38:07.844Z,buy,2.272e-05,2.0,4.544e-05
NXS/BTC,1578678065742,2020-01-10T17:41:05.742Z,sell,2.261e-05,5.0,0.00011305
NXS/BTC,1578678111341,2020-01-10T17:41:51.341Z,sell,2.246e-05,6.0,0.00013476
NXS/BTC,1578678134872,2020-01-10T17:42:14.872Z,buy,2.263e-05,9.0,0.0002036699999999
NXS/BTC,1578678323151,2020-01-10T17:45:23.151Z,sell,2.249e-05,500.0,0.011245
NXS/BTC,1578678491387,2020-01-10T17:48:11.387Z,buy,2.262e-05,7.0,0.00015834
NXS/BTC,1578678491387,2020-01-10T17:48:11.387Z,buy,2.265e-05,2.0,4.53e-05
NXS/BTC,1578678784338,2020-01-10T17:53:04.338Z,buy,2.26e-05,2.0,4.52e-05
NXS/BTC,1578679033990,2020-01-10T17:57:13.990Z,buy,2.258e-05,44.0,0.00099352
NXS/BTC,1578679034044,2020-01-10T17:57:14.044Z,buy,2.258e-05,44.0,0.00099352
NXS/BTC,1578679220424,2020-01-10T18:00:20.424Z,buy,2.254e-05,8.0,0.00018032
NXS/BTC,1578679229854,2020-01-10T18:00:29.854Z,buy,2.252e-05,15.0,0.0003378
NXS/BTC,1578679244131,2020-01-10T18:00:44.131Z,buy,2.252e-05,66.0,0.00148632
NXS/BTC,1578679568101,2020-01-10T18:06:08.101Z,buy,2.252e-05,5.0,0.0001126
NXS/BTC,1578679737734,2020-01-10T18:08:57.734Z,sell,2.244e-05,206.0,0.00462264
NXS/BTC,1578680153406,2020-01-10T18:15:53.406Z,sell,2.244e-05,5.0,0.0001121999999999
NXS/BTC,1578680178850,2020-01-10T18:16:18.850Z,buy,2.244e-05,9.0,0.00020196
NXS/BTC,1578680231905,2020-01-10T18:17:11.905Z,sell,2.242e-05,186.0,0.0041701199999999
NXS/BTC,1578680231930,2020-01-10T18:17:11.930Z,sell,2.242e-05,138.0,0.0030939599999999
NXS/BTC,1578680233410,2020-01-10T18:17:13.410Z,sell,2.242e-05,95.0,0.0021298999999999
NXS/BTC,1578680234594,2020-01-10T18:17:14.594Z,sell,2.242e-05,66.0,0.00147972
NXS/BTC,1578680235713,2020-01-10T18:17:15.713Z,sell,2.242e-05,46.0,0.0010313199999999
NXS/BTC,1578680269614,2020-01-10T18:17:49.614Z,buy,2.247e-05,8.0,0.00017976
NXS/BTC,1578680322812,2020-01-10T18:18:42.812Z,buy,2.245e-05,514.0,0.0115393
NXS/BTC,1578680322812,2020-01-10T18:18:42.812Z,buy,2.246e-05,17.0,0.0003818199999999
NXS/BTC,1578680330657,2020-01-10T18:18:50.657Z,buy,2.246e-05,592.0,0.0132963199999999
NXS/BTC,1578680463129,2020-01-10T18:21:03.129Z,buy,2.244e-05,51.0,0.0011444399999999
NXS/BTC,1578680463221,2020-01-10T18:21:03.221Z,buy,2.244e-05,51.0,0.0011444399999999
NXS/BTC,1578680463349,2020-01-10T18:21:03.349Z,buy,2.244e-05,51.0,0.0011444399999999
NXS/BTC,1578680463431,2020-01-10T18:21:03.431Z,buy,2.244e-05,51.0,0.0011444399999999
NXS/BTC,1578680463556,2020-01-10T18:21:03.556Z,buy,2.244e-05,43.0,0.00096492
NXS/BTC,1578680579374,2020-01-10T18:22:59.374Z,sell,2.242e-05,139.0,0.0031163799999999
NXS/BTC,1578680579387,2020-01-10T18:22:59.387Z,sell,2.242e-05,85.0,0.0019057
NXS/BTC,1578680604257,2020-01-10T18:23:24.257Z,sell,2.24e-05,10.0,0.000224
NXS/BTC,1578680604275,2020-01-10T18:23:24.275Z,sell,2.24e-05,96.0,0.0021504
NXS/BTC,1578680652992,2020-01-10T18:24:12.992Z,sell,2.234e-05,452.0,0.01009768
NXS/BTC,1578680652992,2020-01-10T18:24:12.992Z,sell,2.227e-05,200.0,0.004454
NXS/BTC,1578680652992,2020-01-10T18:24:12.992Z,sell,2.222e-05,33.0,0.00073326
NXS/BTC,1578680652992,2020-01-10T18:24:12.992Z,sell,2.215e-05,1545.0,0.03422175
NXS/BTC,1578680670748,2020-01-10T18:24:30.748Z,sell,2.216e-05,538.0,0.01192208
NXS/BTC,1578680670748,2020-01-10T18:24:30.748Z,sell,2.215e-05,1252.0,0.0277318
NXS/BTC,1578680670748,2020-01-10T18:24:30.748Z,sell,2.201e-05,419.0,0.00922219
NXS/BTC,1578680673771,2020-01-10T18:24:33.771Z,buy,2.236e-05,35.0,0.0007825999999999
NXS/BTC,1578680676519,2020-01-10T18:24:36.519Z,sell,2.2e-05,1061.0,0.0233419999999999
NXS/BTC,1578680676519,2020-01-10T18:24:36.519Z,sell,2.197e-05,709.0,0.01557673
NXS/BTC,1578680678062,2020-01-10T18:24:38.062Z,sell,2.192e-05,35.0,0.0007672
NXS/BTC,1578680678062,2020-01-10T18:24:38.062Z,sell,2.191e-05,9.0,0.0001971899999999
NXS/BTC,1578680688097,2020-01-10T18:24:48.097Z,sell,2.192e-05,65.0,0.0014248
NXS/BTC,1578680717966,2020-01-10T18:25:17.966Z,sell,2.21e-05,13.0,0.0002873
NXS/BTC,1578680731183,2020-01-10T18:25:31.183Z,buy,2.212e-05,150.0,0.003318
NXS/BTC,1578680731193,2020-01-10T18:25:31.193Z,sell,2.212e-05,12.0,0.00026544
NXS/BTC,1578680731200,2020-01-10T18:25:31.200Z,sell,2.212e-05,219.0,0.00484428
NXS/BTC,1578680740914,2020-01-10T18:25:40.914Z,sell,2.212e-05,77.0,0.00170324
NXS/BTC,1578680757179,2020-01-10T18:25:57.179Z,buy,2.213e-05,552.0,0.0122157599999999
NXS/BTC,1578680757179,2020-01-10T18:25:57.179Z,buy,2.216e-05,97.0,0.00214952
NXS/BTC,1578680757179,2020-01-10T18:25:57.179Z,buy,2.222e-05,1443.0,0.03206346
NXS/BTC,1578681054702,2020-01-10T18:30:54.702Z,sell,2.217e-05,146.0,0.00323682
NXS/BTC,1578681054759,2020-01-10T18:30:54.759Z,buy,2.217e-05,54.0,0.00119718
NXS/BTC,1578681063166,2020-01-10T18:31:03.166Z,sell,2.215e-05,17.0,0.00037655
NXS/BTC,1578681063166,2020-01-10T18:31:03.166Z,sell,2.215e-05,17.0,0.00037655
NXS/BTC,1578682049039,2020-01-10T18:47:29.039Z,sell,2.215e-05,6.0,0.0001329
NXS/BTC,1578682049039,2020-01-10T18:47:29.039Z,sell,2.206e-05,5.0,0.0001103
NXS/BTC,1578682049039,2020-01-10T18:47:29.039Z,sell,2.203e-05,19.0,0.00041857
NXS/BTC,1578682191776,2020-01-10T18:49:51.776Z,buy,2.222e-05,6.0,0.00013332
NXS/BTC,1578682558335,2020-01-10T18:55:58.335Z,sell,2.216e-05,255.0,0.0056508
NXS/BTC,1578682736877,2020-01-10T18:58:56.877Z,buy,2.233e-05,9.0,0.00020097
NXS/BTC,1578682736877,2020-01-10T18:58:56.877Z,buy,2.235e-05,325.0,0.00726375
NXS/BTC,1578682748028,2020-01-10T18:59:08.028Z,sell,2.235e-05,1.0,2.235e-05
NXS/BTC,1578683307357,2020-01-10T19:08:27.357Z,buy,2.234e-05,2.0,4.468e-05
NXS/BTC,1578683767572,2020-01-10T19:16:07.572Z,sell,2.214e-05,558.0,0.01235412
NXS/BTC,1578683799862,2020-01-10T19:16:39.862Z,sell,2.214e-05,900.0,0.019926
NXS/BTC,1578683799915,2020-01-10T19:16:39.915Z,buy,2.214e-05,201.0,0.00445014
NXS/BTC,1578683853812,2020-01-10T19:17:33.812Z,sell,2.215e-05,54.0,0.0011961
NXS/BTC,1578683853812,2020-01-10T19:17:33.812Z,sell,2.214e-05,514.0,0.01137996
NXS/BTC,1578683854494,2020-01-10T19:17:34.494Z,buy,2.233e-05,2.0,4.466e-05
NXS/BTC,1578684021732,2020-01-10T19:20:21.732Z,buy,2.233e-05,2.0,4.466e-05
NXS/BTC,1578684021985,2020-01-10T19:20:21.985Z,buy,2.233e-05,3.0,6.699000000000001e-05
NXS/BTC,1578684022055,2020-01-10T19:20:22.055Z,sell,2.233e-05,297.0,0.00663201
NXS/BTC,1578684022055,2020-01-10T19:20:22.055Z,sell,2.233e-05,297.0,0.00663201
NXS/BTC,1578684908704,2020-01-10T19:35:08.704Z,sell,2.216e-05,88.0,0.00195008
NXS/BTC,1578684911912,2020-01-10T19:35:11.912Z,sell,2.216e-05,176.0,0.00390016
NXS/BTC,1578685250493,2020-01-10T19:40:50.493Z,buy,2.231e-05,1214.0,0.02708434
NXS/BTC,1578685357763,2020-01-10T19:42:37.763Z,buy,2.233e-05,366.0,0.00817278
NXS/BTC,1578685440156,2020-01-10T19:44:00.156Z,buy,2.233e-05,651.0,0.01453683
NXS/BTC,1578685661920,2020-01-10T19:47:41.920Z,buy,2.231e-05,1249.0,0.02786519
NXS/BTC,1578685666835,2020-01-10T19:47:46.835Z,buy,2.231e-05,64.0,0.00142784
NXS/BTC,1578685672187,2020-01-10T19:47:52.187Z,buy,2.231e-05,70.0,0.0015617
NXS/BTC,1578685686786,2020-01-10T19:48:06.786Z,buy,2.231e-05,44.0,0.00098164
NXS/BTC,1578685686857,2020-01-10T19:48:06.857Z,buy,2.231e-05,44.0,0.00098164
NXS/BTC,1578685935144,2020-01-10T19:52:15.144Z,buy,2.231e-05,234.0,0.00522054
NXS/BTC,1578686177464,2020-01-10T19:56:17.464Z,sell,2.22e-05,35.0,0.000777
NXS/BTC,1578686199291,2020-01-10T19:56:39.291Z,sell,2.22e-05,1965.0,0.043623
NXS/BTC,1578686199291,2020-01-10T19:56:39.291Z,sell,2.215e-05,366.0,0.0081069
NXS/BTC,1578686199291,2020-01-10T19:56:39.291Z,sell,2.214e-05,5.0,0.0001107
NXS/BTC,1578686251042,2020-01-10T19:57:31.042Z,sell,2.216e-05,5.0,0.0001108
NXS/BTC,1578686251042,2020-01-10T19:57:31.042Z,sell,2.215e-05,351.0,0.00777465
NXS/BTC,1578686364485,2020-01-10T19:59:24.485Z,sell,2.216e-05,99.0,0.00219384
NXS/BTC,1578686402842,2020-01-10T20:00:02.842Z,sell,2.215e-05,125.0,0.00276875
NXS/BTC,1578686419999,2020-01-10T20:00:19.999Z,sell,2.215e-05,983.0,0.02177345
NXS/BTC,1578686513063,2020-01-10T20:01:53.063Z,sell,2.215e-05,88.0,0.0019491999999999
NXS/BTC,1578687450144,2020-01-10T20:17:30.144Z,sell,2.216e-05,48.0,0.00106368
NXS/BTC,1578687450144,2020-01-10T20:17:30.144Z,sell,2.215e-05,56.0,0.0012404
NXS/BTC,1578687450144,2020-01-10T20:17:30.144Z,sell,2.216e-05,48.0,0.00106368
NXS/BTC,1578687450144,2020-01-10T20:17:30.144Z,sell,2.215e-05,56.0,0.0012404
NXS/BTC,1578688379368,2020-01-10T20:32:59.368Z,sell,2.216e-05,451.0,0.00999416
NXS/BTC,1578688379368,2020-01-10T20:32:59.368Z,sell,2.207e-05,1156.0,0.02551292
NXS/BTC,1578688379368,2020-01-10T20:32:59.368Z,sell,2.205e-05,1970.0,0.0434385
NXS/BTC,1578688379368,2020-01-10T20:32:59.368Z,sell,2.204e-05,835.0,0.0184034
NXS/BTC,1578688389287,2020-01-10T20:33:09.287Z,buy,2.219e-05,48.0,0.00106512
NXS/BTC,1578688699504,2020-01-10T20:38:19.504Z,buy,2.219e-05,530.0,0.0117606999999999
NXS/BTC,1578688699504,2020-01-10T20:38:19.504Z,buy,2.22e-05,117.0,0.0025974
NXS/BTC,1578688699504,2020-01-10T20:38:19.504Z,buy,2.221e-05,672.0,0.01492512
NXS/BTC,1578688699504,2020-01-10T20:38:19.504Z,buy,2.224e-05,578.0,0.01285472
NXS/BTC,1578688699504,2020-01-10T20:38:19.504Z,buy,2.228e-05,5003.0,0.11146684
NXS/BTC,1578688699527,2020-01-10T20:38:19.527Z,sell,2.228e-05,685.0,0.0152618
NXS/BTC,1578688700649,2020-01-10T20:38:20.649Z,sell,2.228e-05,82.0,0.00182696
NXS/BTC,1578688701689,2020-01-10T20:38:21.689Z,sell,2.228e-05,174.0,0.00387672
NXS/BTC,1578688708136,2020-01-10T20:38:28.136Z,buy,2.229e-05,744.0,0.01658376
NXS/BTC,1578688771598,2020-01-10T20:39:31.598Z,sell,2.228e-05,134.0,0.00298552
NXS/BTC,1578688868144,2020-01-10T20:41:08.144Z,sell,2.228e-05,5.0,0.0001114
NXS/BTC,1578689143294,2020-01-10T20:45:43.294Z,sell,2.228e-05,29.0,0.00064612
NXS/BTC,1578689220967,2020-01-10T20:47:00.967Z,buy,2.226e-05,2147.0,0.04779222
NXS/BTC,1578689234517,2020-01-10T20:47:14.517Z,sell,2.226e-05,36.0,0.00080136
NXS/BTC,1578689234517,2020-01-10T20:47:14.517Z,sell,2.222e-05,11.0,0.00024442
NXS/BTC,1578689945082,2020-01-10T20:59:05.082Z,sell,2.224e-05,391.0,0.00869584
NXS/BTC,1578689945082,2020-01-10T20:59:05.082Z,sell,2.223e-05,67.0,0.0014894099999999
NXS/BTC,1578690032938,2020-01-10T21:00:32.938Z,sell,2.224e-05,212.0,0.00471488
NXS/BTC,1578690081484,2020-01-10T21:01:21.484Z,sell,2.223e-05,1436.0,0.03192228
NXS/BTC,1578690297650,2020-01-10T21:04:57.650Z,sell,2.223e-05,20.0,0.0004445999999999
NXS/BTC,1578690334137,2020-01-10T21:05:34.137Z,sell,2.223e-05,55.0,0.00122265
NXS/BTC,1578690523940,2020-01-10T21:08:43.940Z,sell,2.223e-05,4.0,8.892e-05
NXS/BTC,1578690530875,2020-01-10T21:08:50.875Z,sell,2.222e-05,700.0,0.015554
NXS/BTC,1578690530875,2020-01-10T21:08:50.875Z,sell,2.222e-05,700.0,0.015554
NXS/BTC,1578691154784,2020-01-10T21:19:14.784Z,sell,2.223e-05,58.0,0.00128934
NXS/BTC,1578691766623,2020-01-10T21:29:26.623Z,sell,2.222e-05,450.0,0.009999
NXS/BTC,1578691836413,2020-01-10T21:30:36.413Z,sell,2.222e-05,163.0,0.00362186
NXS/BTC,1578691841486,2020-01-10T21:30:41.486Z,buy,2.234e-05,454.0,0.01014236
NXS/BTC,1578691841486,2020-01-10T21:30:41.486Z,buy,2.238e-05,200.0,0.004476
NXS/BTC,1578691841486,2020-01-10T21:30:41.486Z,buy,2.24e-05,518.0,0.0116032
NXS/BTC,1578691841486,2020-01-10T21:30:41.486Z,buy,2.241e-05,1200.0,0.026892
NXS/BTC,1578691841486,2020-01-10T21:30:41.486Z,buy,2.243e-05,728.0,0.01632904
NXS/BTC,1578691841569,2020-01-10T21:30:41.569Z,sell,2.243e-05,60.0,0.0013458
NXS/BTC,1578691879047,2020-01-10T21:31:19.047Z,sell,2.223e-05,237.0,0.00526851
NXS/BTC,1578691903476,2020-01-10T21:31:43.476Z,sell,2.227e-05,316.0,0.00703732
NXS/BTC,1578691986706,2020-01-10T21:33:06.706Z,sell,2.224e-05,142.0,0.00315808
NXS/BTC,1578691986706,2020-01-10T21:33:06.706Z,sell,2.222e-05,205.0,0.0045551
NXS/BTC,1578692088149,2020-01-10T21:34:48.149Z,sell,2.223e-05,165.0,0.0036679499999999
NXS/BTC,1578692724067,2020-01-10T21:45:24.067Z,sell,2.223e-05,97.0,0.00215631
NXS/BTC,1578692728412,2020-01-10T21:45:28.412Z,buy,2.223e-05,68.0,0.0015116399999999
NXS/BTC,1578692747581,2020-01-10T21:45:47.581Z,buy,2.223e-05,33.0,0.00073359
NXS/BTC,1578692844784,2020-01-10T21:47:24.784Z,buy,2.223e-05,325.0,0.0072247499999999
NXS/BTC,1578692846513,2020-01-10T21:47:26.513Z,buy,2.223e-05,252.0,0.00560196
NXS/BTC,1578692872632,2020-01-10T21:47:52.632Z,buy,2.223e-05,142.0,0.00315666
NXS/BTC,1578692892706,2020-01-10T21:48:12.706Z,buy,2.223e-05,949.0,0.02109627
NXS/BTC,1578692905843,2020-01-10T21:48:25.843Z,buy,2.223e-05,188.0,0.00417924
NXS/BTC,1578693062832,2020-01-10T21:51:02.832Z,buy,2.231e-05,766.0,0.01708946
NXS/BTC,1578693064015,2020-01-10T21:51:04.015Z,sell,2.234e-05,157.0,0.00350738
NXS/BTC,1578693093682,2020-01-10T21:51:33.682Z,buy,2.241e-05,5.0,0.00011205
NXS/BTC,1578693130756,2020-01-10T21:52:10.756Z,sell,2.225e-05,118.0,0.0026255
NXS/BTC,1578693222823,2020-01-10T21:53:42.823Z,sell,2.222e-05,59.0,0.00131098
NXS/BTC,1578693222823,2020-01-10T21:53:42.823Z,sell,2.217e-05,707.0,0.01567419
NXS/BTC,1578693492272,2020-01-10T21:58:12.272Z,buy,2.236e-05,43.0,0.00096148
NXS/BTC,1578693597951,2020-01-10T21:59:57.951Z,sell,2.225e-05,109.0,0.00242525
NXS/BTC,1578693622431,2020-01-10T22:00:22.431Z,buy,2.24e-05,18.0,0.0004032
NXS/BTC,1578694089250,2020-01-10T22:08:09.250Z,sell,2.222e-05,78.0,0.00173316
NXS/BTC,1578694089250,2020-01-10T22:08:09.250Z,sell,2.222e-05,78.0,0.00173316
NXS/BTC,1578694539206,2020-01-10T22:15:39.206Z,buy,2.239e-05,6.0,0.00013434
NXS/BTC,1578694568207,2020-01-10T22:16:08.207Z,sell,2.239e-05,5.0,0.00011195
NXS/BTC,1578694621515,2020-01-10T22:17:01.515Z,sell,2.239e-05,100.0,0.002239
NXS/BTC,1578694621533,2020-01-10T22:17:01.533Z,sell,2.239e-05,32.0,0.00071648
NXS/BTC,1578694994384,2020-01-10T22:23:14.384Z,buy,2.238e-05,279.0,0.0062440199999999
NXS/BTC,1578694994407,2020-01-10T22:23:14.407Z,buy,2.243e-05,727.0,0.01630661
NXS/BTC,1578695025970,2020-01-10T22:23:45.970Z,sell,2.239e-05,107.0,0.00239573
NXS/BTC,1578695274347,2020-01-10T22:27:54.347Z,buy,2.249e-05,619.0,0.01392131
NXS/BTC,1578695413079,2020-01-10T22:30:13.079Z,buy,2.254e-05,6.0,0.00013524
NXS/BTC,1578695413079,2020-01-10T22:30:13.079Z,buy,2.259e-05,128.0,0.00289152
NXS/BTC,1578695422764,2020-01-10T22:30:22.764Z,sell,2.246e-05,34.0,0.0007636399999999
NXS/BTC,1578695481067,2020-01-10T22:31:21.067Z,sell,2.246e-05,68.0,0.0015272799999999
NXS/BTC,1578695497287,2020-01-10T22:31:37.287Z,sell,2.246e-05,12.0,0.00026952
NXS/BTC,1578695796550,2020-01-10T22:36:36.550Z,buy,2.255e-05,1720.0,0.038786
NXS/BTC,1578695796550,2020-01-10T22:36:36.550Z,buy,2.256e-05,489.0,0.01103184
NXS/BTC,1578696553117,2020-01-10T22:49:13.117Z,sell,2.246e-05,109.0,0.0024481399999999
NXS/BTC,1578696553117,2020-01-10T22:49:13.117Z,sell,2.24e-05,591.0,0.0132383999999999
NXS/BTC,1578697207991,2020-01-10T23:00:07.991Z,sell,2.24e-05,5.0,0.000112
NXS/BTC,1578697300469,2020-01-10T23:01:40.469Z,sell,2.24e-05,99.0,0.0022175999999999
NXS/BTC,1578697300473,2020-01-10T23:01:40.473Z,sell,2.24e-05,33.0,0.0007392
NXS/BTC,1578697300473,2020-01-10T23:01:40.473Z,sell,2.24e-05,33.0,0.0007392
NXS/BTC,1578700183325,2020-01-10T23:49:43.325Z,sell,2.239e-05,1342.0,0.03004738
NXS/BTC,1578700183361,2020-01-10T23:49:43.361Z,sell,2.239e-05,78.0,0.00174642
NXS/BTC,1578700183542,2020-01-10T23:49:43.542Z,sell,2.239e-05,2209.0,0.04945951
NXS/BTC,1578700308806,2020-01-10T23:51:48.806Z,sell,2.239e-05,16.0,0.00035824
NXS/BTC,1578700558000,2020-01-10T23:55:58.000Z,sell,2.239e-05,5.0,0.00011195
NXS/BTC,1578700723315,2020-01-10T23:58:43.315Z,buy,2.244e-05,88.0,0.0019747199999999
NXS/BTC,1578700746905,2020-01-10T23:59:06.905Z,buy,2.239e-05,44.0,0.00098516
NXS/BTC,1578700746905,2020-01-10T23:59:06.905Z,buy,2.239e-05,44.0,0.00098516
NXS/BTC,1578701707398,2020-01-11T00:15:07.398Z,buy,2.226e-05,44.0,0.00097944
NXS/BTC,1578701707437,2020-01-11T00:15:07.437Z,buy,2.226e-05,44.0,0.00097944
NXS/BTC,1578701768194,2020-01-11T00:16:08.194Z,buy,2.226e-05,5.0,0.0001113
NXS/BTC,1578702441948,2020-01-11T00:27:21.948Z,sell,2.225e-05,83.0,0.0018467499999999
NXS/BTC,1578702441956,2020-01-11T00:27:21.956Z,sell,2.225e-05,58.0,0.0012905
NXS/BTC,1578703692210,2020-01-11T00:48:12.210Z,sell,2.225e-05,180.0,0.004005
NXS/BTC,1578703692474,2020-01-11T00:48:12.474Z,buy,2.225e-05,687.0,0.0152857499999999
NXS/BTC,1578703692474,2020-01-11T00:48:12.474Z,buy,2.225e-05,687.0,0.0152857499999999
NXS/BTC,1578707357513,2020-01-11T01:49:17.513Z,sell,2.225e-05,200.0,0.00445
NXS/BTC,1578707497239,2020-01-11T01:51:37.239Z,buy,2.235e-05,429.0,0.00958815
NXS/BTC,1578707497239,2020-01-11T01:51:37.239Z,buy,2.235e-05,429.0,0.00958815
NXS/BTC,1578713513820,2020-01-11T03:31:53.820Z,buy,2.235e-05,5.0,0.00011175
NXS/BTC,1578713521320,2020-01-11T03:32:01.320Z,buy,2.237e-05,109.0,0.00243833
NXS/BTC,1578713856515,2020-01-11T03:37:36.515Z,buy,2.238e-05,300.0,0.0067139999999999
NXS/BTC,1578713856596,2020-01-11T03:37:36.596Z,sell,2.237e-05,126.0,0.00281862
NXS/BTC,1578713856709,2020-01-11T03:37:36.709Z,sell,2.237e-05,12.0,0.00026844
NXS/BTC,1578714054086,2020-01-11T03:40:54.086Z,buy,2.245e-05,70.0,0.0015715
NXS/BTC,1578714054086,2020-01-11T03:40:54.086Z,buy,2.245e-05,70.0,0.0015715
NXS/BTC,1578714399949,2020-01-11T03:46:39.949Z,sell,2.239e-05,153.0,0.00342567
NXS/BTC,1578714516005,2020-01-11T03:48:36.005Z,sell,2.239e-05,16.0,0.00035824
NXS/BTC,1578714581861,2020-01-11T03:49:41.861Z,buy,2.245e-05,600.0,0.01347
NXS/BTC,1578714581861,2020-01-11T03:49:41.861Z,buy,2.252e-05,467.0,0.01051684
NXS/BTC,1578715254843,2020-01-11T04:00:54.843Z,sell,2.25e-05,47.0,0.0010575
NXS/BTC,1578715477251,2020-01-11T04:04:37.251Z,sell,2.25e-05,29.0,0.0006525
NXS/BTC,1578715496115,2020-01-11T04:04:56.115Z,buy,2.252e-05,636.0,0.01432272
NXS/BTC,1578715496115,2020-01-11T04:04:56.115Z,buy,2.265e-05,1.0,2.265e-05
NXS/BTC,1578715623114,2020-01-11T04:07:03.114Z,sell,2.258e-05,12.0,0.00027096
NXS/BTC,1578716036939,2020-01-11T04:13:56.939Z,buy,2.26e-05,6.0,0.0001356
NXS/BTC,1578716083478,2020-01-11T04:14:43.478Z,buy,2.26e-05,5.0,0.000113
NXS/BTC,1578716083478,2020-01-11T04:14:43.478Z,buy,2.264e-05,6.0,0.00013584
NXS/BTC,1578716571505,2020-01-11T04:22:51.505Z,buy,2.263e-05,11.0,0.0002489299999999
NXS/BTC,1578716571505,2020-01-11T04:22:51.505Z,buy,2.265e-05,818.0,0.0185277
NXS/BTC,1578716571505,2020-01-11T04:22:51.505Z,buy,2.268e-05,355.0,0.0080514
NXS/BTC,1578716571520,2020-01-11T04:22:51.520Z,sell,2.268e-05,700.0,0.015876
NXS/BTC,1578716571521,2020-01-11T04:22:51.521Z,sell,2.268e-05,385.0,0.0087318
NXS/BTC,1578716571526,2020-01-11T04:22:51.526Z,sell,2.268e-05,140.0,0.0031752
NXS/BTC,1578716571528,2020-01-11T04:22:51.528Z,sell,2.268e-05,339.0,0.00768852
NXS/BTC,1578716571541,2020-01-11T04:22:51.541Z,sell,2.268e-05,1258.0,0.0285314399999999
NXS/BTC,1578716571544,2020-01-11T04:22:51.544Z,sell,2.268e-05,994.0,0.02254392
NXS/BTC,1578716571579,2020-01-11T04:22:51.579Z,sell,2.252e-05,45.0,0.0010134
NXS/BTC,1578716588079,2020-01-11T04:23:08.079Z,buy,2.269e-05,416.0,0.00943904
NXS/BTC,1578716588079,2020-01-11T04:23:08.079Z,buy,2.269e-05,416.0,0.00943904
NXS/BTC,1578720942932,2020-01-11T05:35:42.932Z,sell,2.251e-05,333.0,0.00749583
NXS/BTC,1578720942932,2020-01-11T05:35:42.932Z,sell,2.25e-05,167.0,0.0037575
NXS/BTC,1578721068830,2020-01-11T05:37:48.830Z,buy,2.267e-05,6.0,0.00013602
NXS/BTC,1578721068830,2020-01-11T05:37:48.830Z,buy,2.273e-05,2.0,4.546e-05
NXS/BTC,1578721068830,2020-01-11T05:37:48.830Z,buy,2.267e-05,6.0,0.00013602
NXS/BTC,1578721068830,2020-01-11T05:37:48.830Z,buy,2.273e-05,2.0,4.546e-05
NXS/BTC,1578721900701,2020-01-11T05:51:40.701Z,buy,2.273e-05,27.0,0.00061371
NXS/BTC,1578721900724,2020-01-11T05:51:40.724Z,sell,2.273e-05,262.0,0.00595526
NXS/BTC,1578721900731,2020-01-11T05:51:40.731Z,sell,2.273e-05,202.0,0.00459146
NXS/BTC,1578721911958,2020-01-11T05:51:51.958Z,sell,2.273e-05,131.0,0.00297763
NXS/BTC,1578722112738,2020-01-11T05:55:12.738Z,sell,2.273e-05,213.0,0.00484149
NXS/BTC,1578722512690,2020-01-11T06:01:52.690Z,sell,2.267e-05,642.0,0.01455414
NXS/BTC,1578722512706,2020-01-11T06:01:52.706Z,sell,2.267e-05,9.0,0.00020403
NXS/BTC,1578722523441,2020-01-11T06:02:03.441Z,sell,2.258e-05,6.0,0.00013548
NXS/BTC,1578723864590,2020-01-11T06:24:24.590Z,buy,2.261e-05,12.0,0.0002713199999999
NXS/BTC,1578723864590,2020-01-11T06:24:24.590Z,buy,2.261e-05,12.0,0.0002713199999999
NXS/BTC,1578726255698,2020-01-11T07:04:15.698Z,sell,2.255e-05,172.0,0.0038786
NXS/BTC,1578726255698,2020-01-11T07:04:15.698Z,sell,2.255e-05,172.0,0.0038786
NXS/BTC,1578729091089,2020-01-11T07:51:31.089Z,sell,2.256e-05,210.0,0.0047376
NXS/BTC,1578729575771,2020-01-11T07:59:35.771Z,buy,2.261e-05,416.0,0.0094057599999999
NXS/BTC,1578729618555,2020-01-11T08:00:18.555Z,buy,2.279e-05,553.0,0.01260287
NXS/BTC,1578729618555,2020-01-11T08:00:18.555Z,buy,2.279e-05,553.0,0.01260287
NXS/BTC,1578729996076,2020-01-11T08:06:36.076Z,buy,2.279e-05,948.0,0.02160492
NXS/BTC,1578730708935,2020-01-11T08:18:28.935Z,buy,2.278e-05,176.0,0.00400928
NXS/BTC,1578730708945,2020-01-11T08:18:28.945Z,sell,2.278e-05,272.0,0.00619616
NXS/BTC,1578731650370,2020-01-11T08:34:10.370Z,buy,2.279e-05,95.0,0.00216505
NXS/BTC,1578731650444,2020-01-11T08:34:10.444Z,buy,2.279e-05,545.0,0.01242055
NXS/BTC,1578731650820,2020-01-11T08:34:10.820Z,buy,2.279e-05,160.0,0.0036464
NXS/BTC,1578731650827,2020-01-11T08:34:10.827Z,buy,2.279e-05,160.0,0.0036464
NXS/BTC,1578731650837,2020-01-11T08:34:10.837Z,buy,2.279e-05,148.0,0.00337292
NXS/BTC,1578731650847,2020-01-11T08:34:10.847Z,buy,2.279e-05,97.0,0.00221063
NXS/BTC,1578731650853,2020-01-11T08:34:10.853Z,buy,2.279e-05,112.0,0.00255248
NXS/BTC,1578731650857,2020-01-11T08:34:10.857Z,buy,2.279e-05,80.0,0.0018232
NXS/BTC,1578731651224,2020-01-11T08:34:11.224Z,sell,2.257e-05,97.0,0.00218929
NXS/BTC,1578731651545,2020-01-11T08:34:11.545Z,buy,2.279e-05,149.0,0.00339571
NXS/BTC,1578731651662,2020-01-11T08:34:11.662Z,sell,2.261e-05,509.0,0.01150849
NXS/BTC,1578731759323,2020-01-11T08:35:59.323Z,buy,2.278e-05,367.0,0.00836026
NXS/BTC,1578731759776,2020-01-11T08:35:59.776Z,buy,2.278e-05,148.0,0.00337144
NXS/BTC,1578731759776,2020-01-11T08:35:59.776Z,buy,2.279e-05,41.0,0.00093439
NXS/BTC,1578731759776,2020-01-11T08:35:59.776Z,buy,2.286e-05,27.0,0.00061722
NXS/BTC,1578731759776,2020-01-11T08:35:59.776Z,buy,2.287e-05,27.0,0.0006174899999999
NXS/BTC,1578731759776,2020-01-11T08:35:59.776Z,buy,2.3e-05,10.0,0.00023
NXS/BTC,1578731759811,2020-01-11T08:35:59.811Z,buy,2.3e-05,253.0,0.005819
NXS/BTC,1578731759814,2020-01-11T08:35:59.814Z,buy,2.3e-05,149.0,0.003427
NXS/BTC,1578731759814,2020-01-11T08:35:59.814Z,buy,2.3e-05,98.0,0.002254
NXS/BTC,1578731760048,2020-01-11T08:36:00.048Z,buy,2.278e-05,47.0,0.00107066
NXS/BTC,1578731760181,2020-01-11T08:36:00.181Z,sell,2.267e-05,11.0,0.00024937
NXS/BTC,1578731760181,2020-01-11T08:36:00.181Z,sell,2.266e-05,49.0,0.00111034
NXS/BTC,1578731760183,2020-01-11T08:36:00.183Z,sell,2.266e-05,37.0,0.00083842
NXS/BTC,1578731760417,2020-01-11T08:36:00.417Z,sell,2.266e-05,96.0,0.00217536
NXS/BTC,1578731760417,2020-01-11T08:36:00.417Z,sell,2.255e-05,54.0,0.0012177
NXS/BTC,1578732076491,2020-01-11T08:41:16.491Z,buy,2.275e-05,5.0,0.00011375
NXS/BTC,1578732076491,2020-01-11T08:41:16.491Z,buy,2.277e-05,36.0,0.00081972
NXS/BTC,1578732105803,2020-01-11T08:41:45.803Z,buy,2.277e-05,40.0,0.0009108
NXS/BTC,1578732132847,2020-01-11T08:42:12.847Z,buy,2.277e-05,40.0,0.0009108
NXS/BTC,1578732157779,2020-01-11T08:42:37.779Z,buy,2.276e-05,40.0,0.0009104
NXS/BTC,1578732180740,2020-01-11T08:43:00.740Z,buy,2.276e-05,21.0,0.00047796
NXS/BTC,1578732180740,2020-01-11T08:43:00.740Z,buy,2.291e-05,9.0,0.00020619
NXS/BTC,1578732180740,2020-01-11T08:43:00.740Z,buy,2.292e-05,10.0,0.0002292
NXS/BTC,1578732201708,2020-01-11T08:43:21.708Z,buy,2.287e-05,40.0,0.0009148
NXS/BTC,1578732223838,2020-01-11T08:43:43.838Z,buy,2.287e-05,40.0,0.0009148
NXS/BTC,1578732242785,2020-01-11T08:44:02.785Z,buy,2.287e-05,38.0,0.00086906
NXS/BTC,1578732242785,2020-01-11T08:44:02.785Z,buy,2.29e-05,2.0,4.58e-05
NXS/BTC,1578732261870,2020-01-11T08:44:21.870Z,buy,2.29e-05,40.0,0.000916
NXS/BTC,1578732284989,2020-01-11T08:44:44.989Z,sell,2.27e-05,91.0,0.0020656999999999
NXS/BTC,1578732284989,2020-01-11T08:44:44.989Z,sell,2.269e-05,42.0,0.00095298
NXS/BTC,1578732287466,2020-01-11T08:44:47.466Z,sell,2.269e-05,14.0,0.00031766
NXS/BTC,1578732287476,2020-01-11T08:44:47.476Z,buy,2.263e-05,16.0,0.00036208
NXS/BTC,1578732287497,2020-01-11T08:44:47.497Z,buy,2.263e-05,29.0,0.0006562699999999
NXS/BTC,1578732301883,2020-01-11T08:45:01.883Z,sell,2.267e-05,12.0,0.00027204
NXS/BTC,1578732838429,2020-01-11T08:53:58.429Z,buy,2.285e-05,18.0,0.0004112999999999
NXS/BTC,1578732838429,2020-01-11T08:53:58.429Z,buy,2.286e-05,42.0,0.00096012
NXS/BTC,1578732838429,2020-01-11T08:53:58.429Z,buy,2.289e-05,34.0,0.00077826
NXS/BTC,1578732838467,2020-01-11T08:53:58.467Z,buy,2.289e-05,386.0,0.00883554
NXS/BTC,1578732838879,2020-01-11T08:53:58.879Z,buy,2.288e-05,14.0,0.00032032
NXS/BTC,1578732838879,2020-01-11T08:53:58.879Z,buy,2.299e-05,135.0,0.00310365
NXS/BTC,1578732838879,2020-01-11T08:53:58.879Z,buy,2.3e-05,161.0,0.003703
NXS/BTC,1578732838888,2020-01-11T08:53:58.888Z,buy,2.3e-05,310.0,0.00713
NXS/BTC,1578732838892,2020-01-11T08:53:58.892Z,buy,2.3e-05,97.0,0.002231
NXS/BTC,1578732838901,2020-01-11T08:53:58.901Z,buy,2.3e-05,112.0,0.002576
NXS/BTC,1578732838922,2020-01-11T08:53:58.922Z,buy,2.3e-05,310.0,0.00713
NXS/BTC,1578732839134,2020-01-11T08:53:59.134Z,sell,2.29e-05,43.0,0.0009847
NXS/BTC,1578732839272,2020-01-11T08:53:59.272Z,sell,2.268e-05,221.0,0.00501228
NXS/BTC,1578732839272,2020-01-11T08:53:59.272Z,sell,2.267e-05,792.0,0.01795464
NXS/BTC,1578732839272,2020-01-11T08:53:59.272Z,sell,2.266e-05,207.0,0.00469062
NXS/BTC,1578732840317,2020-01-11T08:54:00.317Z,sell,2.282e-05,56.0,0.0012779199999999
NXS/BTC,1578732840317,2020-01-11T08:54:00.317Z,sell,2.282e-05,161.0,0.0036740199999999
NXS/BTC,1578732840331,2020-01-11T08:54:00.331Z,sell,2.282e-05,161.0,0.0036740199999999
NXS/BTC,1578732841355,2020-01-11T08:54:01.355Z,sell,2.267e-05,57.0,0.00129219
NXS/BTC,1578732849072,2020-01-11T08:54:09.072Z,buy,2.286e-05,16.0,0.00036576
NXS/BTC,1578732849072,2020-01-11T08:54:09.072Z,buy,2.286e-05,16.0,0.00036576
NXS/BTC,1578733371670,2020-01-11T09:02:51.670Z,buy,2.284e-05,207.0,0.00472788
NXS/BTC,1578733454484,2020-01-11T09:04:14.484Z,buy,2.279e-05,11.0,0.00025069
NXS/BTC,1578733454516,2020-01-11T09:04:14.516Z,buy,2.28e-05,11.0,0.0002507999999999
NXS/BTC,1578733488776,2020-01-11T09:04:48.776Z,buy,2.28e-05,76.0,0.0017327999999999
NXS/BTC,1578733488776,2020-01-11T09:04:48.776Z,buy,2.283e-05,11.0,0.00025113
NXS/BTC,1578733693081,2020-01-11T09:08:13.081Z,sell,2.279e-05,449.0,0.01023271
NXS/BTC,1578733693081,2020-01-11T09:08:13.081Z,sell,2.278e-05,583.0,0.01328074
NXS/BTC,1578734941918,2020-01-11T09:29:01.918Z,sell,2.28e-05,156.0,0.0035567999999999
NXS/BTC,1578735094086,2020-01-11T09:31:34.086Z,sell,2.278e-05,11.0,0.00025058
NXS/BTC,1578735246170,2020-01-11T09:34:06.170Z,buy,2.275e-05,22.0,0.0005005
NXS/BTC,1578735246267,2020-01-11T09:34:06.267Z,buy,2.275e-05,22.0,0.0005005
NXS/BTC,1578735246384,2020-01-11T09:34:06.384Z,buy,2.275e-05,14.0,0.0003185
NXS/BTC,1578735702572,2020-01-11T09:41:42.572Z,sell,2.27e-05,153.0,0.0034731
NXS/BTC,1578735702584,2020-01-11T09:41:42.584Z,sell,2.27e-05,29.0,0.0006583
NXS/BTC,1578735702584,2020-01-11T09:41:42.584Z,sell,2.27e-05,29.0,0.0006583
NXS/BTC,1578737240463,2020-01-11T10:07:20.463Z,buy,2.283e-05,42.0,0.00095886
NXS/BTC,1578737240463,2020-01-11T10:07:20.463Z,buy,2.285e-05,133.0,0.00303905
NXS/BTC,1578737240463,2020-01-11T10:07:20.463Z,buy,2.286e-05,207.0,0.00473202
NXS/BTC,1578737240463,2020-01-11T10:07:20.463Z,buy,2.287e-05,100.0,0.002287
NXS/BTC,1578737240463,2020-01-11T10:07:20.463Z,buy,2.292e-05,43.0,0.00098556
NXS/BTC,1578737240463,2020-01-11T10:07:20.463Z,buy,2.296e-05,43.0,0.00098728
NXS/BTC,1578737240463,2020-01-11T10:07:20.463Z,buy,2.299e-05,135.0,0.00310365
NXS/BTC,1578737240463,2020-01-11T10:07:20.463Z,buy,2.3e-05,1010.0,0.02323
NXS/BTC,1578737240463,2020-01-11T10:07:20.463Z,buy,2.302e-05,267.0,0.00614634
NXS/BTC,1578737240463,2020-01-11T10:07:20.463Z,buy,2.304e-05,50.0,0.001152
NXS/BTC,1578737240463,2020-01-11T10:07:20.463Z,buy,2.307e-05,599.0,0.01381893
NXS/BTC,1578737240463,2020-01-11T10:07:20.463Z,buy,2.308e-05,200.0,0.0046159999999999
NXS/BTC,1578737240463,2020-01-11T10:07:20.463Z,buy,2.311e-05,449.0,0.01037639
NXS/BTC,1578737240472,2020-01-11T10:07:20.472Z,sell,2.311e-05,547.0,0.01264117
NXS/BTC,1578738314248,2020-01-11T10:25:14.248Z,buy,2.282e-05,495.0,0.0112959
NXS/BTC,1578738314248,2020-01-11T10:25:14.248Z,buy,2.293e-05,1111.0,0.0254752299999999
NXS/BTC,1578738314248,2020-01-11T10:25:14.248Z,buy,2.295e-05,326.0,0.0074817
NXS/BTC,1578738459709,2020-01-11T10:27:39.709Z,buy,2.295e-05,6.0,0.0001376999999999
NXS/BTC,1578738465816,2020-01-11T10:27:45.816Z,sell,2.295e-05,518.0,0.0118880999999999
NXS/BTC,1578738467826,2020-01-11T10:27:47.826Z,sell,2.295e-05,202.0,0.0046359
NXS/BTC,1578738487999,2020-01-11T10:28:07.999Z,sell,2.295e-05,66.0,0.0015147
NXS/BTC,1578738639652,2020-01-11T10:30:39.652Z,buy,2.301e-05,178.0,0.00409578
NXS/BTC,1578738639652,2020-01-11T10:30:39.652Z,buy,2.302e-05,5.0,0.0001151
NXS/BTC,1578738639652,2020-01-11T10:30:39.652Z,buy,2.31e-05,117.0,0.0027026999999999
NXS/BTC,1578738639652,2020-01-11T10:30:39.652Z,buy,2.319e-05,333.0,0.00772227
NXS/BTC,1578738639652,2020-01-11T10:30:39.652Z,buy,2.322e-05,236.0,0.00547992
NXS/BTC,1578738640572,2020-01-11T10:30:40.572Z,sell,2.296e-05,899.0,0.02064104
NXS/BTC,1578738660956,2020-01-11T10:31:00.956Z,sell,2.299e-05,172.0,0.00395428
NXS/BTC,1578738703857,2020-01-11T10:31:43.857Z,sell,2.297e-05,316.0,0.0072585199999999
NXS/BTC,1578738703857,2020-01-11T10:31:43.857Z,sell,2.296e-05,71.0,0.00163016
NXS/BTC,1578738718834,2020-01-11T10:31:58.834Z,sell,2.295e-05,16.0,0.0003672
NXS/BTC,1578738718834,2020-01-11T10:31:58.834Z,sell,2.291e-05,72.0,0.00164952
NXS/BTC,1578738718834,2020-01-11T10:31:58.834Z,sell,2.295e-05,16.0,0.0003672
NXS/BTC,1578738718834,2020-01-11T10:31:58.834Z,sell,2.291e-05,72.0,0.00164952
NXS/BTC,1578739673103,2020-01-11T10:47:53.103Z,buy,2.297e-05,316.0,0.0072585199999999
NXS/BTC,1578740025417,2020-01-11T10:53:45.417Z,sell,2.294e-05,159.0,0.00364746
NXS/BTC,1578740055996,2020-01-11T10:54:15.996Z,sell,2.294e-05,45.0,0.0010323
NXS/BTC,1578741814023,2020-01-11T11:23:34.023Z,sell,2.294e-05,101.0,0.00231694
NXS/BTC,1578741814023,2020-01-11T11:23:34.023Z,sell,2.294e-05,101.0,0.00231694
NXS/BTC,1578743088308,2020-01-11T11:44:48.308Z,sell,2.294e-05,73.0,0.00167462
NXS/BTC,1578743088308,2020-01-11T11:44:48.308Z,sell,2.292e-05,99.0,0.00226908
NXS/BTC,1578743910205,2020-01-11T11:58:30.205Z,buy,2.295e-05,808.0,0.0185436
NXS/BTC,1578743928339,2020-01-11T11:58:48.339Z,sell,2.292e-05,578.0,0.01324776
NXS/BTC,1578743928339,2020-01-11T11:58:48.339Z,sell,2.291e-05,675.0,0.0154642499999999
NXS/BTC,1578744822019,2020-01-11T12:13:42.019Z,buy,2.295e-05,199.0,0.00456705
NXS/BTC,1578744852276,2020-01-11T12:14:12.276Z,buy,2.295e-05,5.0,0.00011475
NXS/BTC,1578744863427,2020-01-11T12:14:23.427Z,buy,2.295e-05,5.0,0.00011475
NXS/BTC,1578744877468,2020-01-11T12:14:37.468Z,buy,2.295e-05,5.0,0.00011475
NXS/BTC,1578744930981,2020-01-11T12:15:30.981Z,buy,2.295e-05,5.0,0.00011475
NXS/BTC,1578744937027,2020-01-11T12:15:37.027Z,buy,2.295e-05,5.0,0.00011475
NXS/BTC,1578744937044,2020-01-11T12:15:37.044Z,buy,2.295e-05,66.0,0.0015147
NXS/BTC,1578744938743,2020-01-11T12:15:38.743Z,buy,2.295e-05,45.0,0.00103275
NXS/BTC,1578744971366,2020-01-11T12:16:11.366Z,buy,2.295e-05,5.0,0.00011475
NXS/BTC,1578744978108,2020-01-11T12:16:18.108Z,buy,2.295e-05,5.0,0.00011475
NXS/BTC,1578744986033,2020-01-11T12:16:26.033Z,buy,2.295e-05,5.0,0.00011475
NXS/BTC,1578744993666,2020-01-11T12:16:33.666Z,buy,2.295e-05,5.0,0.00011475
NXS/BTC,1578745002692,2020-01-11T12:16:42.692Z,buy,2.295e-05,5.0,0.00011475
NXS/BTC,1578745328753,2020-01-11T12:22:08.753Z,sell,2.292e-05,621.0,0.01423332
NXS/BTC,1578745387791,2020-01-11T12:23:07.791Z,buy,2.292e-05,23.0,0.00052716
