symbol,timestamp,datetime,side,price,amount,btc_volume
NXS/BTC,1609693201161,2021-01-03T17:00:01.161Z,sell,9.7e-06,200.0,0.00194
NXS/BTC,1609693201424,2021-01-03T17:00:01.424Z,sell,9.7e-06,14.0,0.0001358
NXS/BTC,1609693201626,2021-01-03T17:00:01.626Z,sell,9.7e-06,75.0,0.0007275
NXS/BTC,1609693202693,2021-01-03T17:00:02.693Z,buy,9.71e-06,100.0,0.000971
NXS/BTC,1609693202693,2021-01-03T17:00:02.693Z,buy,9.76e-06,397.0,0.00387472
NXS/BTC,1609693202759,2021-01-03T17:00:02.759Z,buy,9.76e-06,1832.0,0.0178803199999999
NXS/BTC,1609693202759,2021-01-03T17:00:02.759Z,buy,9.77e-06,218.0,0.00212986
NXS/BTC,1609693202759,2021-01-03T17:00:02.759Z,buy,9.78e-06,96.0,0.00093888
NXS/BTC,1609693202759,2021-01-03T17:00:02.759Z,buy,9.8e-06,510.0,0.004998
NXS/BTC,1609693202759,2021-01-03T17:00:02.759Z,buy,9.81e-06,2939.0,0.0288315899999999
NXS/BTC,1609693202759,2021-01-03T17:00:02.759Z,buy,9.82e-06,104.0,0.0010212799999999
NXS/BTC,1609693202759,2021-01-03T17:00:02.759Z,buy,9.87e-06,379.0,0.00374073
NXS/BTC,1609693202759,2021-01-03T17:00:02.759Z,buy,9.9e-06,66.0,0.0006534
NXS/BTC,1609693202759,2021-01-03T17:00:02.759Z,buy,9.91e-06,222.0,0.00220002
NXS/BTC,1609693202759,2021-01-03T17:00:02.759Z,buy,9.93e-06,108.0,0.00107244
NXS/BTC,1609693202759,2021-01-03T17:00:02.759Z,buy,9.99e-06,188.0,0.0018781199999999
NXS/BTC,1609693202759,2021-01-03T17:00:02.759Z,buy,1e-05,2748.0,0.02748
NXS/BTC,1609693203158,2021-01-03T17:00:03.158Z,buy,1e-05,2697.0,0.02697
NXS/BTC,1609693203990,2021-01-03T17:00:03.990Z,buy,1e-05,246.0,0.00246
NXS/BTC,1609693204529,2021-01-03T17:00:04.529Z,sell,9.72e-06,98.0,0.00095256
NXS/BTC,1609693204529,2021-01-03T17:00:04.529Z,sell,9.71e-06,499.0,0.00484529
NXS/BTC,1609693205674,2021-01-03T17:00:05.674Z,buy,9.81e-06,333.0,0.00326673
NXS/BTC,1609693205674,2021-01-03T17:00:05.674Z,buy,9.91e-06,193.0,0.00191263
NXS/BTC,1609693206001,2021-01-03T17:00:06.001Z,buy,9.99e-06,167.0,0.0016683299999999
NXS/BTC,1609693206121,2021-01-03T17:00:06.121Z,sell,9.7e-06,21.0,0.0002037
NXS/BTC,1609693206121,2021-01-03T17:00:06.121Z,sell,9.18e-06,173.0,0.00158814
NXS/BTC,1609693206154,2021-01-03T17:00:06.154Z,sell,9.18e-06,622.0,0.00570996
NXS/BTC,1609693206154,2021-01-03T17:00:06.154Z,sell,9.17e-06,132.0,0.00121044
NXS/BTC,1609693206154,2021-01-03T17:00:06.154Z,sell,9.16e-06,96.0,0.00087936
NXS/BTC,1609693206154,2021-01-03T17:00:06.154Z,sell,9.15e-06,383.0,0.00350445
NXS/BTC,1609693207168,2021-01-03T17:00:07.168Z,buy,9.41e-06,81.0,0.0007622099999999
NXS/BTC,1609693208011,2021-01-03T17:00:08.011Z,buy,9.41e-06,302.0,0.00284182
NXS/BTC,1609693208011,2021-01-03T17:00:08.011Z,buy,9.42e-06,96.0,0.0009043199999999
NXS/BTC,1609693208011,2021-01-03T17:00:08.011Z,buy,9.43e-06,132.0,0.00124476
NXS/BTC,1609693208011,2021-01-03T17:00:08.011Z,buy,9.7e-06,239.0,0.0023183
NXS/BTC,1609693208606,2021-01-03T17:00:08.606Z,buy,9.7e-06,127.0,0.0012319
NXS/BTC,1609693208910,2021-01-03T17:00:08.910Z,sell,9.2e-06,57.0,0.0005244
NXS/BTC,1609693209042,2021-01-03T17:00:09.042Z,sell,9.2e-06,1234.0,0.0113528
NXS/BTC,1609693209042,2021-01-03T17:00:09.042Z,sell,9.12e-06,2684.0,0.02447808
NXS/BTC,1609693209042,2021-01-03T17:00:09.042Z,sell,9.08e-06,18529.0,0.16824332
NXS/BTC,1609693209042,2021-01-03T17:00:09.042Z,sell,9e-06,1951.0,0.017559
NXS/BTC,1609693209644,2021-01-03T17:00:09.644Z,sell,9.16e-06,65.0,0.0005954
NXS/BTC,1609693210332,2021-01-03T17:00:10.332Z,buy,9.37e-06,65.0,0.00060905
NXS/BTC,1609693210332,2021-01-03T17:00:10.332Z,buy,9.38e-06,2684.0,0.02517592
NXS/BTC,1609693210332,2021-01-03T17:00:10.332Z,buy,9.69e-06,753.0,0.00729657
NXS/BTC,1609693210332,2021-01-03T17:00:10.332Z,buy,9.7e-06,166.0,0.0016102
NXS/BTC,1609693210332,2021-01-03T17:00:10.332Z,buy,9.71e-06,765.0,0.00742815
NXS/BTC,1609693210332,2021-01-03T17:00:10.332Z,buy,9.84e-06,60.0,0.0005904
NXS/BTC,1609693210332,2021-01-03T17:00:10.332Z,buy,9.99e-06,1127.0,0.01125873
NXS/BTC,1609693210332,2021-01-03T17:00:10.332Z,buy,1e-05,6782.0,0.06782
NXS/BTC,1609693213120,2021-01-03T17:00:13.120Z,sell,9.62e-06,403.0,0.0038768599999999
NXS/BTC,1609693213120,2021-01-03T17:00:13.120Z,sell,9.41e-06,4206.0,0.0395784599999999
NXS/BTC,1609693213126,2021-01-03T17:00:13.126Z,sell,9.41e-06,5339.0,0.05023999
NXS/BTC,1609693213126,2021-01-03T17:00:13.126Z,sell,9.25e-06,150.0,0.0013874999999999
NXS/BTC,1609693213126,2021-01-03T17:00:13.126Z,sell,9.15e-06,250.0,0.0022875
NXS/BTC,1609693213126,2021-01-03T17:00:13.126Z,sell,9.12e-06,2550.0,0.023256
NXS/BTC,1609693213126,2021-01-03T17:00:13.126Z,sell,9.03e-06,2214.0,0.01999242
NXS/BTC,1609693213126,2021-01-03T17:00:13.126Z,sell,8.9e-06,234.0,0.0020826
NXS/BTC,1609693213126,2021-01-03T17:00:13.126Z,sell,8.85e-06,7195.0,0.06367575
NXS/BTC,1609693213126,2021-01-03T17:00:13.126Z,sell,8.84e-06,534.0,0.00472056
NXS/BTC,1609693213126,2021-01-03T17:00:13.126Z,sell,8.83e-06,579.0,0.00511257
NXS/BTC,1609693213126,2021-01-03T17:00:13.126Z,sell,8.81e-06,138.0,0.00121578
NXS/BTC,1609693213126,2021-01-03T17:00:13.126Z,sell,8.8e-06,1750.0,0.0154
NXS/BTC,1609693213451,2021-01-03T17:00:13.451Z,buy,9.68e-06,199.0,0.00192632
NXS/BTC,1609693213708,2021-01-03T17:00:13.708Z,sell,9.08e-06,56.0,0.00050848
NXS/BTC,1609693214712,2021-01-03T17:00:14.712Z,sell,8.81e-06,525.0,0.00462525
NXS/BTC,1609693214749,2021-01-03T17:00:14.749Z,buy,9.06e-06,82.0,0.00074292
NXS/BTC,1609693214749,2021-01-03T17:00:14.749Z,buy,9.33e-06,106.0,0.00098898
NXS/BTC,1609693214749,2021-01-03T17:00:14.749Z,buy,9.38e-06,29.0,0.00027202
NXS/BTC,1609693214914,2021-01-03T17:00:14.914Z,buy,9.32e-06,27.0,0.00025164
NXS/BTC,1609693214987,2021-01-03T17:00:14.987Z,buy,9.32e-06,237.0,0.00220884
NXS/BTC,1609693215458,2021-01-03T17:00:15.458Z,buy,9.32e-06,59.0,0.00054988
NXS/BTC,1609693215648,2021-01-03T17:00:15.648Z,buy,9.32e-06,80.0,0.0007456
NXS/BTC,1609693215648,2021-01-03T17:00:15.648Z,buy,9.37e-06,525.0,0.00491925
NXS/BTC,1609693215648,2021-01-03T17:00:15.648Z,buy,9.38e-06,147.0,0.00137886
NXS/BTC,1609693215850,2021-01-03T17:00:15.850Z,sell,9.01e-06,722.0,0.00650522
NXS/BTC,1609693215862,2021-01-03T17:00:15.862Z,sell,9.01e-06,620.0,0.0055862
NXS/BTC,1609693215862,2021-01-03T17:00:15.862Z,sell,9e-06,14.0,0.000126
NXS/BTC,1609693215862,2021-01-03T17:00:15.862Z,sell,8.85e-06,600.0,0.00531
NXS/BTC,1609693216141,2021-01-03T17:00:16.141Z,buy,9.37e-06,32.0,0.00029984
NXS/BTC,1609693216706,2021-01-03T17:00:16.706Z,buy,9.37e-06,60.0,0.0005622
NXS/BTC,1609693218165,2021-01-03T17:00:18.165Z,sell,9.01e-06,1489.0,0.01341589
NXS/BTC,1609693218165,2021-01-03T17:00:18.165Z,sell,9e-06,1109.0,0.009981
NXS/BTC,1609693218165,2021-01-03T17:00:18.165Z,sell,8.85e-06,527.0,0.00466395
NXS/BTC,1609693218165,2021-01-03T17:00:18.165Z,sell,8.8e-06,4280.0,0.037664
NXS/BTC,1609693218793,2021-01-03T17:00:18.793Z,sell,9.08e-06,6497.0,0.05899276
NXS/BTC,1609693218793,2021-01-03T17:00:18.793Z,sell,8.82e-06,136.0,0.00119952
NXS/BTC,1609693218793,2021-01-03T17:00:18.793Z,sell,8.8e-06,1738.0,0.0152944
NXS/BTC,1609693218793,2021-01-03T17:00:18.793Z,sell,8.76e-06,559.0,0.00489684
NXS/BTC,1609693218793,2021-01-03T17:00:18.793Z,sell,8.75e-06,1162.0,0.0101675
NXS/BTC,1609693218793,2021-01-03T17:00:18.793Z,sell,8.73e-06,432.0,0.0037713599999999
NXS/BTC,1609693220648,2021-01-03T17:00:20.648Z,sell,8.86e-06,150.0,0.0013289999999999
NXS/BTC,1609693220965,2021-01-03T17:00:20.965Z,sell,8.86e-06,20.0,0.0001772
NXS/BTC,1609693221061,2021-01-03T17:00:21.061Z,sell,8.86e-06,312.0,0.00276432
NXS/BTC,1609693221061,2021-01-03T17:00:21.061Z,sell,8.85e-06,184.0,0.0016284
NXS/BTC,1609693221299,2021-01-03T17:00:21.299Z,sell,8.85e-06,943.0,0.00834555
NXS/BTC,1609693221299,2021-01-03T17:00:21.299Z,sell,8.74e-06,27.0,0.0002359799999999
NXS/BTC,1609693221299,2021-01-03T17:00:21.299Z,sell,8.73e-06,2556.0,0.0223138799999999
NXS/BTC,1609693221305,2021-01-03T17:00:21.305Z,sell,8.73e-06,2150.0,0.0187694999999999
NXS/BTC,1609693221636,2021-01-03T17:00:21.636Z,sell,8.78e-06,112.0,0.00098336
NXS/BTC,1609693221636,2021-01-03T17:00:21.636Z,sell,8.73e-06,340.0,0.0029682
NXS/BTC,1609693221962,2021-01-03T17:00:21.962Z,sell,9.01e-06,24.0,0.00021624
NXS/BTC,1609693221966,2021-01-03T17:00:21.966Z,sell,9.01e-06,112.0,0.00100912
NXS/BTC,1609693222504,2021-01-03T17:00:22.504Z,sell,9.01e-06,36.0,0.00032436
NXS/BTC,1609693222892,2021-01-03T17:00:22.892Z,buy,9.03e-06,332.0,0.00299796
NXS/BTC,1609693222892,2021-01-03T17:00:22.892Z,buy,9.04e-06,394.0,0.0035617599999999
NXS/BTC,1609693222892,2021-01-03T17:00:22.892Z,buy,9.05e-06,18.0,0.0001629
NXS/BTC,1609693223049,2021-01-03T17:00:23.049Z,sell,9.05e-06,3907.0,0.03535835
NXS/BTC,1609693223551,2021-01-03T17:00:23.551Z,sell,9.05e-06,5921.0,0.0535850499999999
NXS/BTC,1609693224024,2021-01-03T17:00:24.024Z,sell,9.05e-06,4722.0,0.0427341
NXS/BTC,1609693224024,2021-01-03T17:00:24.024Z,sell,9.01e-06,2207.0,0.01988507
NXS/BTC,1609693224024,2021-01-03T17:00:24.024Z,sell,8.95e-06,50.0,0.0004475
NXS/BTC,1609693224024,2021-01-03T17:00:24.024Z,sell,8.81e-06,1041.0,0.00917121
NXS/BTC,1609693224024,2021-01-03T17:00:24.024Z,sell,8.73e-06,102.0,0.0008904599999999
NXS/BTC,1609693224024,2021-01-03T17:00:24.024Z,sell,8.65e-06,640.0,0.005536
NXS/BTC,1609693224024,2021-01-03T17:00:24.024Z,sell,8.64e-06,231.0,0.00199584
NXS/BTC,1609693224024,2021-01-03T17:00:24.024Z,sell,8.62e-06,26.0,0.00022412
NXS/BTC,1609693224024,2021-01-03T17:00:24.024Z,sell,8.58e-06,142.0,0.00121836
NXS/BTC,1609693224024,2021-01-03T17:00:24.024Z,sell,8.52e-06,239.0,0.00203628
NXS/BTC,1609693224438,2021-01-03T17:00:24.438Z,sell,8.53e-06,1087.0,0.00927211
NXS/BTC,1609693224438,2021-01-03T17:00:24.438Z,sell,8.52e-06,1469.0,0.01251588
NXS/BTC,1609693224438,2021-01-03T17:00:24.438Z,sell,8.51e-06,539.0,0.00458689
NXS/BTC,1609693224438,2021-01-03T17:00:24.438Z,sell,8.5e-06,1017.0,0.0086445
NXS/BTC,1609693225166,2021-01-03T17:00:25.166Z,sell,8.51e-06,349.0,0.00296999
NXS/BTC,1609693225410,2021-01-03T17:00:25.410Z,sell,8.73e-06,330.0,0.0028808999999999
NXS/BTC,1609693225410,2021-01-03T17:00:25.410Z,sell,8.51e-06,42.0,0.00035742
NXS/BTC,1609693226282,2021-01-03T17:00:26.282Z,sell,8.51e-06,523.0,0.00445073
NXS/BTC,1609693226282,2021-01-03T17:00:26.282Z,sell,8.5e-06,4718.0,0.040103
NXS/BTC,1609693226282,2021-01-03T17:00:26.282Z,sell,8.43e-06,18.0,0.00015174
NXS/BTC,1609693226282,2021-01-03T17:00:26.282Z,sell,8.41e-06,1186.0,0.00997426
NXS/BTC,1609693226282,2021-01-03T17:00:26.282Z,sell,8.37e-06,1192.0,0.00997704
NXS/BTC,1609693226282,2021-01-03T17:00:26.282Z,sell,8.34e-06,345.0,0.0028772999999999
NXS/BTC,1609693226282,2021-01-03T17:00:26.282Z,sell,8.31e-06,4001.0,0.03324831
NXS/BTC,1609693226829,2021-01-03T17:00:26.829Z,buy,8.52e-06,538.0,0.00458376
NXS/BTC,1609693226829,2021-01-03T17:00:26.829Z,buy,8.81e-06,42.0,0.00037002
NXS/BTC,1609693226829,2021-01-03T17:00:26.829Z,buy,8.82e-06,1109.0,0.00978138
NXS/BTC,1609693226829,2021-01-03T17:00:26.829Z,buy,8.85e-06,1161.0,0.01027485
NXS/BTC,1609693227294,2021-01-03T17:00:27.294Z,sell,8.73e-06,226.0,0.00197298
NXS/BTC,1609693227294,2021-01-03T17:00:27.294Z,sell,8.42e-06,709.0,0.00596978
NXS/BTC,1609693228620,2021-01-03T17:00:28.620Z,sell,8.53e-06,972.0,0.0082911599999999
NXS/BTC,1609693228620,2021-01-03T17:00:28.620Z,sell,8.5e-06,175.0,0.0014874999999999
NXS/BTC,1609693228620,2021-01-03T17:00:28.620Z,sell,8.41e-06,716.0,0.00602156
NXS/BTC,1609693228620,2021-01-03T17:00:28.620Z,sell,8.36e-06,8.0,6.688e-05
NXS/BTC,1609693229770,2021-01-03T17:00:29.770Z,buy,8.42e-06,269.0,0.00226498
NXS/BTC,1609693229770,2021-01-03T17:00:29.770Z,buy,8.56e-06,54.0,0.0004622399999999
NXS/BTC,1609693229802,2021-01-03T17:00:29.802Z,sell,8.36e-06,429.0,0.0035864399999999
NXS/BTC,1609693229802,2021-01-03T17:00:29.802Z,sell,8.3e-06,46.0,0.0003818
NXS/BTC,1609693229802,2021-01-03T17:00:29.802Z,sell,8.29e-06,205.0,0.00169945
NXS/BTC,1609693229802,2021-01-03T17:00:29.802Z,sell,8.2e-06,47.0,0.0003854
NXS/BTC,1609693229802,2021-01-03T17:00:29.802Z,sell,8.19e-06,247.0,0.00202293
NXS/BTC,1609693229802,2021-01-03T17:00:29.802Z,sell,8.15e-06,1740.0,0.014181
NXS/BTC,1609693229802,2021-01-03T17:00:29.802Z,sell,8.14e-06,265.0,0.0021571
NXS/BTC,1609693229802,2021-01-03T17:00:29.802Z,sell,8.14e-06,196.0,0.00159544
NXS/BTC,1609693229802,2021-01-03T17:00:29.802Z,sell,8.14e-06,131.0,0.00106634
NXS/BTC,1609693230199,2021-01-03T17:00:30.199Z,sell,8.51e-06,40.0,0.0003404
NXS/BTC,1609693230199,2021-01-03T17:00:30.199Z,sell,8.14e-06,7454.0,0.06067556
NXS/BTC,1609693230199,2021-01-03T17:00:30.199Z,sell,8.13e-06,1377.0,0.01119501
NXS/BTC,1609693230199,2021-01-03T17:00:30.199Z,sell,8.12e-06,24.0,0.00019488
NXS/BTC,1609693230199,2021-01-03T17:00:30.199Z,sell,8.1e-06,225.0,0.0018225
NXS/BTC,1609693230199,2021-01-03T17:00:30.199Z,sell,8e-06,2745.0,0.02196
NXS/BTC,1609693230256,2021-01-03T17:00:30.256Z,sell,8e-06,1855.0,0.0148399999999999
NXS/BTC,1609693230256,2021-01-03T17:00:30.256Z,sell,7.98e-06,152.0,0.00121296
NXS/BTC,1609693230256,2021-01-03T17:00:30.256Z,sell,7.95e-06,9936.0,0.0789912
NXS/BTC,1609693231066,2021-01-03T17:00:31.066Z,sell,8.18e-06,38.0,0.00031084
NXS/BTC,1609693231208,2021-01-03T17:00:31.208Z,sell,8.18e-06,427.0,0.00349286
NXS/BTC,1609693231208,2021-01-03T17:00:31.208Z,sell,7.95e-06,1334.0,0.0106053
NXS/BTC,1609693231353,2021-01-03T17:00:31.353Z,buy,8.45e-06,929.0,0.00785005
NXS/BTC,1609693232541,2021-01-03T17:00:32.541Z,buy,8.14e-06,152.0,0.0012372799999999
NXS/BTC,1609693232541,2021-01-03T17:00:32.541Z,buy,8.42e-06,80.0,0.0006736
NXS/BTC,1609693234311,2021-01-03T17:00:34.311Z,buy,8.25e-06,18.0,0.0001485
NXS/BTC,1609693234474,2021-01-03T17:00:34.474Z,sell,8.25e-06,38.0,0.0003135
NXS/BTC,1609693234735,2021-01-03T17:00:34.735Z,buy,8.34e-06,878.0,0.00732252
NXS/BTC,1609693235625,2021-01-03T17:00:35.625Z,buy,8.31e-06,19.0,0.00015789
NXS/BTC,1609693236281,2021-01-03T17:00:36.281Z,buy,8.31e-06,2676.0,0.02223756
NXS/BTC,1609693240270,2021-01-03T17:00:40.270Z,sell,8.27e-06,51.0,0.00042177
NXS/BTC,1609693240288,2021-01-03T17:00:40.288Z,buy,8.28e-06,36.0,0.00029808
NXS/BTC,1609693240608,2021-01-03T17:00:40.608Z,buy,8.28e-06,120.0,0.0009936
NXS/BTC,1609693241544,2021-01-03T17:00:41.544Z,sell,8.25e-06,144.0,0.001188
NXS/BTC,1609693243296,2021-01-03T17:00:43.296Z,buy,8.28e-06,1.0,8.28e-06
NXS/BTC,1609693243296,2021-01-03T17:00:43.296Z,buy,8.29e-06,189.0,0.00156681
NXS/BTC,1609693243689,2021-01-03T17:00:43.689Z,sell,8.27e-06,148.0,0.00122396
NXS/BTC,1609693245175,2021-01-03T17:00:45.175Z,sell,8.25e-06,1413.0,0.01165725
NXS/BTC,1609693245175,2021-01-03T17:00:45.175Z,sell,8.16e-06,462.0,0.00376992
NXS/BTC,1609693245175,2021-01-03T17:00:45.175Z,sell,8.15e-06,4076.0,0.0332193999999999
NXS/BTC,1609693245175,2021-01-03T17:00:45.175Z,sell,8.12e-06,713.0,0.00578956
NXS/BTC,1609693245175,2021-01-03T17:00:45.175Z,sell,8.05e-06,3846.0,0.0309602999999999
NXS/BTC,1609693245175,2021-01-03T17:00:45.175Z,sell,8e-06,257.0,0.002056
NXS/BTC,1609693245175,2021-01-03T17:00:45.175Z,sell,7.98e-06,153.0,0.00122094
NXS/BTC,1609693245175,2021-01-03T17:00:45.175Z,sell,7.88e-06,506.0,0.00398728
NXS/BTC,1609693245175,2021-01-03T17:00:45.175Z,sell,7.8e-06,364.0,0.0028392
NXS/BTC,1609693245175,2021-01-03T17:00:45.175Z,sell,7.64e-06,5000.0,0.0382
NXS/BTC,1609693245175,2021-01-03T17:00:45.175Z,sell,7.63e-06,2102.0,0.01603826
NXS/BTC,1609693245175,2021-01-03T17:00:45.175Z,sell,7.63e-06,813.0,0.00620319
NXS/BTC,1609693245175,2021-01-03T17:00:45.175Z,sell,7.62e-06,1948.0,0.01484376
NXS/BTC,1609693245175,2021-01-03T17:00:45.175Z,sell,7.54e-06,66.0,0.00049764
NXS/BTC,1609693245175,2021-01-03T17:00:45.175Z,sell,7.51e-06,298.0,0.00223798
NXS/BTC,1609693245175,2021-01-03T17:00:45.175Z,sell,7.5e-06,3928.0,0.02946
NXS/BTC,1609693245175,2021-01-03T17:00:45.175Z,sell,7.5e-06,243.0,0.0018225
NXS/BTC,1609693250461,2021-01-03T17:00:50.461Z,buy,7.86e-06,682.0,0.00536052
NXS/BTC,1609693250602,2021-01-03T17:00:50.602Z,buy,7.86e-06,220.0,0.0017291999999999
NXS/BTC,1609693250731,2021-01-03T17:00:50.731Z,sell,7.8e-06,1165.0,0.009087
NXS/BTC,1609693251246,2021-01-03T17:00:51.246Z,sell,7.8e-06,635.0,0.004953
NXS/BTC,1609693251770,2021-01-03T17:00:51.770Z,buy,7.78e-06,135.0,0.0010503
NXS/BTC,1609693253024,2021-01-03T17:00:53.024Z,sell,7.67e-06,63.0,0.00048321
NXS/BTC,1609693253052,2021-01-03T17:00:53.052Z,sell,7.67e-06,20.0,0.0001534
NXS/BTC,1609693253893,2021-01-03T17:00:53.893Z,buy,7.77e-06,160.0,0.0012432
NXS/BTC,1609693253893,2021-01-03T17:00:53.893Z,buy,7.78e-06,477.0,0.00371106
NXS/BTC,1609693254773,2021-01-03T17:00:54.773Z,buy,7.71e-06,1960.0,0.0151116
NXS/BTC,1609693254773,2021-01-03T17:00:54.773Z,buy,7.75e-06,2003.0,0.01552325
NXS/BTC,1609693254874,2021-01-03T17:00:54.874Z,sell,7.67e-06,19.0,0.00014573
NXS/BTC,1609693254874,2021-01-03T17:00:54.874Z,sell,7.62e-06,32.0,0.00024384
NXS/BTC,1609693256374,2021-01-03T17:00:56.374Z,sell,7.62e-06,506.0,0.00385572
NXS/BTC,1609693256667,2021-01-03T17:00:56.667Z,buy,7.67e-06,40.0,0.0003068
NXS/BTC,1609693256667,2021-01-03T17:00:56.667Z,buy,7.75e-06,380.0,0.002945
NXS/BTC,1609693256905,2021-01-03T17:00:56.905Z,buy,7.75e-06,127.0,0.00098425
NXS/BTC,1609693257059,2021-01-03T17:00:57.059Z,buy,7.75e-06,976.0,0.007564
NXS/BTC,1609693257059,2021-01-03T17:00:57.059Z,buy,7.78e-06,48.0,0.00037344
NXS/BTC,1609693257861,2021-01-03T17:00:57.861Z,sell,7.62e-06,94.0,0.00071628
NXS/BTC,1609693259569,2021-01-03T17:00:59.569Z,buy,7.7e-06,1192.0,0.0091784
NXS/BTC,1609693259569,2021-01-03T17:00:59.569Z,buy,7.74e-06,1186.0,0.00917964
NXS/BTC,1609693259569,2021-01-03T17:00:59.569Z,buy,7.78e-06,273.0,0.00212394
NXS/BTC,1609693259569,2021-01-03T17:00:59.569Z,buy,7.85e-06,160.0,0.001256
NXS/BTC,1609693259569,2021-01-03T17:00:59.569Z,buy,7.86e-06,235.0,0.0018470999999999
NXS/BTC,1609693259569,2021-01-03T17:00:59.569Z,buy,7.92e-06,872.0,0.00690624
NXS/BTC,1609693259569,2021-01-03T17:00:59.569Z,buy,7.93e-06,3245.0,0.02573285
NXS/BTC,1609693261718,2021-01-03T17:01:01.718Z,sell,7.8e-06,656.0,0.0051167999999999
NXS/BTC,1609693262525,2021-01-03T17:01:02.525Z,buy,7.93e-06,255.0,0.00202215
NXS/BTC,1609693262525,2021-01-03T17:01:02.525Z,buy,7.94e-06,346.0,0.00274724
NXS/BTC,1609693262958,2021-01-03T17:01:02.958Z,sell,7.8e-06,79.0,0.0006162
NXS/BTC,1609693267056,2021-01-03T17:01:07.056Z,sell,7.93e-06,22.0,0.00017446
NXS/BTC,1609693268854,2021-01-03T17:01:08.854Z,sell,7.85e-06,71.0,0.00055735
NXS/BTC,1609693268951,2021-01-03T17:01:08.951Z,buy,7.91e-06,314.0,0.00248374
NXS/BTC,1609693268951,2021-01-03T17:01:08.951Z,buy,7.93e-06,210.0,0.0016653
NXS/BTC,1609693268951,2021-01-03T17:01:08.951Z,buy,7.94e-06,287.0,0.00227878
NXS/BTC,1609693269742,2021-01-03T17:01:09.742Z,buy,8.05e-06,25.0,0.0002012499999999
NXS/BTC,1609693270337,2021-01-03T17:01:10.337Z,buy,8.05e-06,75.0,0.0006037499999999
NXS/BTC,1609693273097,2021-01-03T17:01:13.097Z,buy,8.05e-06,1578.0,0.0127028999999999
NXS/BTC,1609693274813,2021-01-03T17:01:14.813Z,buy,8.05e-06,1075.0,0.0086537499999999
NXS/BTC,1609693276030,2021-01-03T17:01:16.030Z,sell,7.85e-06,179.0,0.00140515
NXS/BTC,1609693277389,2021-01-03T17:01:17.389Z,buy,8.03e-06,269.0,0.0021600699999999
NXS/BTC,1609693279232,2021-01-03T17:01:19.232Z,buy,8.03e-06,504.0,0.0040471199999999
NXS/BTC,1609693279232,2021-01-03T17:01:19.232Z,buy,8.06e-06,516.0,0.00415896
NXS/BTC,1609693279838,2021-01-03T17:01:19.838Z,buy,8.06e-06,502.0,0.00404612
NXS/BTC,1609693283999,2021-01-03T17:01:23.999Z,buy,8.01e-06,24.0,0.00019224
NXS/BTC,1609693283999,2021-01-03T17:01:23.999Z,buy,8.03e-06,57.0,0.0004577099999999
NXS/BTC,1609693285484,2021-01-03T17:01:25.484Z,buy,8.03e-06,98.0,0.00078694
NXS/BTC,1609693285987,2021-01-03T17:01:25.987Z,buy,8.03e-06,228.0,0.0018308399999999
NXS/BTC,1609693285987,2021-01-03T17:01:25.987Z,buy,8.04e-06,291.0,0.0023396399999999
NXS/BTC,1609693285987,2021-01-03T17:01:25.987Z,buy,8.05e-06,1348.0,0.0108513999999999
NXS/BTC,1609693285987,2021-01-03T17:01:25.987Z,buy,8.06e-06,643.0,0.00518258
NXS/BTC,1609693287208,2021-01-03T17:01:27.208Z,buy,8.06e-06,13.0,0.00010478
NXS/BTC,1609693287208,2021-01-03T17:01:27.208Z,buy,8.07e-06,102.0,0.00082314
NXS/BTC,1609693287208,2021-01-03T17:01:27.208Z,buy,8.1e-06,782.0,0.0063342
NXS/BTC,1609693287208,2021-01-03T17:01:27.208Z,buy,8.18e-06,231.0,0.0018895799999999
NXS/BTC,1609693287208,2021-01-03T17:01:27.208Z,buy,8.2e-06,1563.0,0.0128166
NXS/BTC,1609693287208,2021-01-03T17:01:27.208Z,buy,8.26e-06,675.0,0.0055755
NXS/BTC,1609693287208,2021-01-03T17:01:27.208Z,buy,8.28e-06,327.0,0.00270756
NXS/BTC,1609693293102,2021-01-03T17:01:33.102Z,buy,8.28e-06,118.0,0.00097704
NXS/BTC,1609693295316,2021-01-03T17:01:35.316Z,buy,8.28e-06,265.0,0.0021942
NXS/BTC,1609693295560,2021-01-03T17:01:35.560Z,sell,8.28e-06,79.0,0.00065412
NXS/BTC,1609693300549,2021-01-03T17:01:40.549Z,buy,8.2e-06,45.0,0.0003689999999999
NXS/BTC,1609693303291,2021-01-03T17:01:43.291Z,sell,8.07e-06,147.0,0.00118629
NXS/BTC,1609693304146,2021-01-03T17:01:44.146Z,buy,8.2e-06,134.0,0.0010987999999999
NXS/BTC,1609693306004,2021-01-03T17:01:46.004Z,buy,8.19e-06,147.0,0.00120393
NXS/BTC,1609693306004,2021-01-03T17:01:46.004Z,buy,8.2e-06,46.0,0.0003771999999999
NXS/BTC,1609693309808,2021-01-03T17:01:49.808Z,sell,8.1e-06,41.0,0.0003321
NXS/BTC,1609693310444,2021-01-03T17:01:50.444Z,buy,8.2e-06,12.0,9.84e-05
NXS/BTC,1609693311350,2021-01-03T17:01:51.350Z,sell,8.1e-06,131.0,0.0010611
NXS/BTC,1609693312328,2021-01-03T17:01:52.328Z,sell,8.1e-06,56.0,0.0004536
NXS/BTC,1609693313798,2021-01-03T17:01:53.798Z,buy,8.15e-06,197.0,0.00160555
NXS/BTC,1609693316809,2021-01-03T17:01:56.809Z,sell,8.1e-06,213.0,0.0017253
NXS/BTC,1609693317079,2021-01-03T17:01:57.079Z,buy,8.09e-06,80.0,0.0006472
NXS/BTC,1609693317079,2021-01-03T17:01:57.079Z,buy,8.2e-06,54.0,0.0004428
NXS/BTC,1609693317462,2021-01-03T17:01:57.462Z,sell,8.06e-06,583.0,0.00469898
NXS/BTC,1609693317462,2021-01-03T17:01:57.462Z,sell,8.05e-06,43.0,0.00034615
NXS/BTC,1609693317874,2021-01-03T17:01:57.874Z,buy,8.2e-06,1279.0,0.0104877999999999
NXS/BTC,1609693320548,2021-01-03T17:02:00.548Z,sell,8.05e-06,102.0,0.0008211
NXS/BTC,1609693320548,2021-01-03T17:02:00.548Z,sell,8.03e-06,6.0,4.818e-05
NXS/BTC,1609693322375,2021-01-03T17:02:02.375Z,buy,8.06e-06,56.0,0.00045136
NXS/BTC,1609693322375,2021-01-03T17:02:02.375Z,buy,8.09e-06,355.0,0.00287195
NXS/BTC,1609693324354,2021-01-03T17:02:04.354Z,sell,8.05e-06,391.0,0.00314755
NXS/BTC,1609693325461,2021-01-03T17:02:05.461Z,sell,8.06e-06,29.0,0.00023374
NXS/BTC,1609693325461,2021-01-03T17:02:05.461Z,sell,8.05e-06,860.0,0.0069229999999999
NXS/BTC,1609693325461,2021-01-03T17:02:05.461Z,sell,8.03e-06,106.0,0.0008511799999999
NXS/BTC,1609693326191,2021-01-03T17:02:06.191Z,buy,8.03e-06,926.0,0.0074357799999999
NXS/BTC,1609693328771,2021-01-03T17:02:08.771Z,sell,8.02e-06,1417.0,0.0113643399999999
NXS/BTC,1609693330621,2021-01-03T17:02:10.621Z,sell,8.02e-06,420.0,0.0033683999999999
NXS/BTC,1609693331498,2021-01-03T17:02:11.498Z,buy,8.03e-06,461.0,0.0037018299999999
NXS/BTC,1609693331991,2021-01-03T17:02:11.991Z,buy,8.03e-06,125.0,0.0010037499999999
NXS/BTC,1609693333468,2021-01-03T17:02:13.468Z,sell,8.02e-06,117.0,0.00093834
NXS/BTC,1609693335887,2021-01-03T17:02:15.887Z,buy,8.03e-06,461.0,0.0037018299999999
NXS/BTC,1609693338122,2021-01-03T17:02:18.122Z,sell,8.03e-06,35.0,0.00028105
NXS/BTC,1609693339297,2021-01-03T17:02:19.297Z,sell,8.03e-06,177.0,0.0014213099999999
NXS/BTC,1609693344830,2021-01-03T17:02:24.830Z,sell,8.05e-06,1000.0,0.00805
NXS/BTC,1609693346831,2021-01-03T17:02:26.831Z,sell,8.03e-06,43.0,0.00034529
NXS/BTC,1609693346831,2021-01-03T17:02:26.831Z,sell,8.02e-06,91.0,0.00072982
NXS/BTC,1609693347840,2021-01-03T17:02:27.840Z,buy,8.05e-06,1423.0,0.0114551499999999
NXS/BTC,1609693350089,2021-01-03T17:02:30.089Z,sell,8.02e-06,3351.0,0.02687502
NXS/BTC,1609693351762,2021-01-03T17:02:31.762Z,sell,8.02e-06,182.0,0.00145964
NXS/BTC,1609693354234,2021-01-03T17:02:34.234Z,sell,8.03e-06,618.0,0.00496254
NXS/BTC,1609693354234,2021-01-03T17:02:34.234Z,sell,8.02e-06,337.0,0.00270274
NXS/BTC,1609693354234,2021-01-03T17:02:34.234Z,sell,8.01e-06,4349.0,0.03483549
NXS/BTC,1609693358164,2021-01-03T17:02:38.164Z,sell,7.96e-06,99.0,0.00078804
NXS/BTC,1609693359375,2021-01-03T17:02:39.375Z,buy,7.96e-06,21.0,0.00016716
NXS/BTC,1609693362815,2021-01-03T17:02:42.815Z,buy,8e-06,223.0,0.001784
NXS/BTC,1609693363785,2021-01-03T17:02:43.785Z,buy,8e-06,16.0,0.000128
NXS/BTC,1609693364830,2021-01-03T17:02:44.830Z,sell,7.93e-06,39.0,0.00030927
NXS/BTC,1609693365576,2021-01-03T17:02:45.576Z,buy,8e-06,111.0,0.000888
NXS/BTC,1609693369812,2021-01-03T17:02:49.812Z,sell,7.93e-06,348.0,0.00275964
NXS/BTC,1609693369812,2021-01-03T17:02:49.812Z,sell,7.88e-06,420.0,0.0033096
NXS/BTC,1609693371108,2021-01-03T17:02:51.108Z,sell,7.86e-06,60.0,0.0004715999999999
NXS/BTC,1609693371875,2021-01-03T17:02:51.875Z,buy,7.93e-06,23.0,0.00018239
NXS/BTC,1609693376633,2021-01-03T17:02:56.633Z,sell,7.86e-06,792.0,0.00622512
NXS/BTC,1609693377630,2021-01-03T17:02:57.630Z,sell,7.86e-06,253.0,0.0019885799999999
NXS/BTC,1609693378254,2021-01-03T17:02:58.254Z,sell,7.86e-06,1426.0,0.0112083599999999
NXS/BTC,1609693378254,2021-01-03T17:02:58.254Z,sell,7.81e-06,1354.0,0.01057474
NXS/BTC,1609693380814,2021-01-03T17:03:00.814Z,sell,7.8e-06,706.0,0.0055068
NXS/BTC,1609693380814,2021-01-03T17:03:00.814Z,sell,7.75e-06,2494.0,0.0193285
NXS/BTC,1609693380814,2021-01-03T17:03:00.814Z,sell,7.74e-06,152.0,0.00117648
NXS/BTC,1609693385044,2021-01-03T17:03:05.044Z,sell,7.65e-06,76.0,0.0005813999999999
NXS/BTC,1609693386953,2021-01-03T17:03:06.953Z,sell,7.65e-06,48.0,0.0003672
NXS/BTC,1609693386953,2021-01-03T17:03:06.953Z,sell,7.6e-06,960.0,0.007296
NXS/BTC,1609693387309,2021-01-03T17:03:07.309Z,buy,7.6e-06,2674.0,0.0203224
NXS/BTC,1609693387813,2021-01-03T17:03:07.813Z,buy,7.6e-06,139.0,0.0010564
NXS/BTC,1609693387988,2021-01-03T17:03:07.988Z,sell,7.59e-06,655.0,0.00497145
NXS/BTC,1609693387988,2021-01-03T17:03:07.988Z,sell,7.58e-06,2000.0,0.01516
NXS/BTC,1609693387988,2021-01-03T17:03:07.988Z,sell,7.53e-06,2568.0,0.01933704
NXS/BTC,1609693387988,2021-01-03T17:03:07.988Z,sell,7.52e-06,1569.0,0.01179888
NXS/BTC,1609693389186,2021-01-03T17:03:09.186Z,buy,7.6e-06,77.0,0.0005852
NXS/BTC,1609693394800,2021-01-03T17:03:14.800Z,buy,7.58e-06,125.0,0.0009475
NXS/BTC,1609693395124,2021-01-03T17:03:15.124Z,sell,7.57e-06,150.0,0.0011355
NXS/BTC,1609693396352,2021-01-03T17:03:16.352Z,sell,7.57e-06,406.0,0.00307342
NXS/BTC,1609693398019,2021-01-03T17:03:18.019Z,sell,7.57e-06,534.0,0.00404238
NXS/BTC,1609693398426,2021-01-03T17:03:18.426Z,sell,7.57e-06,149.0,0.00112793
NXS/BTC,1609693398706,2021-01-03T17:03:18.706Z,sell,7.57e-06,27.0,0.00020439
NXS/BTC,1609693398739,2021-01-03T17:03:18.739Z,sell,7.57e-06,31.0,0.00023467
NXS/BTC,1609693399806,2021-01-03T17:03:19.806Z,sell,7.57e-06,40.0,0.0003028
NXS/BTC,1609693402230,2021-01-03T17:03:22.230Z,sell,7.57e-06,4014.0,0.03038598
NXS/BTC,1609693403801,2021-01-03T17:03:23.801Z,buy,7.57e-06,47.0,0.00035579
NXS/BTC,1609693408346,2021-01-03T17:03:28.346Z,sell,7.55e-06,178.0,0.0013438999999999
NXS/BTC,1609693408356,2021-01-03T17:03:28.356Z,sell,7.55e-06,463.0,0.00349565
NXS/BTC,1609693411987,2021-01-03T17:03:31.987Z,sell,7.55e-06,366.0,0.0027633
NXS/BTC,1609693412359,2021-01-03T17:03:32.359Z,sell,7.55e-06,1227.0,0.0092638499999999
NXS/BTC,1609693412606,2021-01-03T17:03:32.606Z,sell,7.55e-06,150.0,0.0011325
NXS/BTC,1609693413804,2021-01-03T17:03:33.804Z,buy,7.57e-06,139.0,0.00105223
NXS/BTC,1609693415545,2021-01-03T17:03:35.545Z,sell,7.55e-06,74.0,0.0005587
NXS/BTC,1609693416954,2021-01-03T17:03:36.954Z,buy,7.57e-06,1092.0,0.00826644
NXS/BTC,1609693418511,2021-01-03T17:03:38.511Z,sell,7.57e-06,1928.0,0.01459496
NXS/BTC,1609693418511,2021-01-03T17:03:38.511Z,sell,7.55e-06,1984.0,0.0149792
NXS/BTC,1609693419785,2021-01-03T17:03:39.785Z,buy,7.54e-06,20.0,0.0001508
NXS/BTC,1609693421220,2021-01-03T17:03:41.220Z,sell,7.52e-06,484.0,0.00363968
NXS/BTC,1609693421220,2021-01-03T17:03:41.220Z,sell,7.51e-06,489.0,0.00367239
NXS/BTC,1609693421220,2021-01-03T17:03:41.220Z,sell,7.5e-06,5145.0,0.0385875
NXS/BTC,1609693421220,2021-01-03T17:03:41.220Z,sell,7.49e-06,105.0,0.00078645
NXS/BTC,1609693421220,2021-01-03T17:03:41.220Z,sell,7.44e-06,522.0,0.00388368
NXS/BTC,1609693421220,2021-01-03T17:03:41.220Z,sell,7.42e-06,215.0,0.0015953
NXS/BTC,1609693421220,2021-01-03T17:03:41.220Z,sell,7.41e-06,1219.0,0.00903279
NXS/BTC,1609693421220,2021-01-03T17:03:41.220Z,sell,7.4e-06,30.0,0.000222
NXS/BTC,1609693421220,2021-01-03T17:03:41.220Z,sell,7.39e-06,378.0,0.00279342
NXS/BTC,1609693421220,2021-01-03T17:03:41.220Z,sell,7.38e-06,567.0,0.00418446
NXS/BTC,1609693423122,2021-01-03T17:03:43.122Z,sell,7.41e-06,748.0,0.00554268
NXS/BTC,1609693424785,2021-01-03T17:03:44.785Z,sell,7.41e-06,193.0,0.00143013
NXS/BTC,1609693426974,2021-01-03T17:03:46.974Z,buy,7.48e-06,757.0,0.00566236
NXS/BTC,1609693427840,2021-01-03T17:03:47.840Z,sell,7.41e-06,2885.0,0.02137785
NXS/BTC,1609693428141,2021-01-03T17:03:48.141Z,buy,7.4e-06,73.0,0.0005402
NXS/BTC,1609693428141,2021-01-03T17:03:48.141Z,buy,7.41e-06,69.0,0.00051129
NXS/BTC,1609693430003,2021-01-03T17:03:50.003Z,sell,7.32e-06,1384.0,0.01013088
NXS/BTC,1609693430219,2021-01-03T17:03:50.219Z,buy,7.41e-06,142.0,0.00105222
NXS/BTC,1609693432255,2021-01-03T17:03:52.255Z,sell,7.32e-06,4064.0,0.02974848
NXS/BTC,1609693432255,2021-01-03T17:03:52.255Z,sell,7.26e-06,418.0,0.00303468
NXS/BTC,1609693432672,2021-01-03T17:03:52.672Z,buy,7.26e-06,76.0,0.00055176
NXS/BTC,1609693434053,2021-01-03T17:03:54.053Z,buy,7.25e-06,148.0,0.001073
NXS/BTC,1609693434179,2021-01-03T17:03:54.179Z,buy,7.25e-06,2124.0,0.015399
NXS/BTC,1609693435103,2021-01-03T17:03:55.103Z,buy,7.25e-06,148.0,0.001073
NXS/BTC,1609693435146,2021-01-03T17:03:55.146Z,buy,7.25e-06,321.0,0.00232725
NXS/BTC,1609693435146,2021-01-03T17:03:55.146Z,buy,7.26e-06,4008.0,0.02909808
NXS/BTC,1609693436077,2021-01-03T17:03:56.077Z,buy,7.26e-06,331.0,0.00240306
NXS/BTC,1609693439864,2021-01-03T17:03:59.864Z,sell,7.2e-06,117.0,0.0008424
NXS/BTC,1609693440440,2021-01-03T17:04:00.440Z,sell,7.2e-06,238.0,0.0017136
NXS/BTC,1609693442607,2021-01-03T17:04:02.607Z,buy,7.25e-06,14.0,0.0001015
NXS/BTC,1609693442607,2021-01-03T17:04:02.607Z,buy,7.26e-06,130.0,0.0009438
NXS/BTC,1609693443626,2021-01-03T17:04:03.626Z,sell,7.21e-06,45.0,0.00032445
NXS/BTC,1609693444746,2021-01-03T17:04:04.746Z,buy,7.26e-06,2000.0,0.01452
NXS/BTC,1609693444815,2021-01-03T17:04:04.815Z,sell,7.21e-06,188.0,0.0013554799999999
NXS/BTC,1609693444915,2021-01-03T17:04:04.915Z,buy,7.26e-06,126.0,0.00091476
NXS/BTC,1609693445312,2021-01-03T17:04:05.312Z,buy,7.26e-06,2220.0,0.0161171999999999
NXS/BTC,1609693445520,2021-01-03T17:04:05.520Z,sell,7.21e-06,603.0,0.00434763
NXS/BTC,1609693445520,2021-01-03T17:04:05.520Z,sell,7.2e-06,229.0,0.0016488
NXS/BTC,1609693446386,2021-01-03T17:04:06.386Z,buy,7.2e-06,110.0,0.000792
NXS/BTC,1609693446386,2021-01-03T17:04:06.386Z,buy,7.25e-06,477.0,0.00345825
NXS/BTC,1609693451331,2021-01-03T17:04:11.331Z,sell,7.14e-06,93.0,0.00066402
NXS/BTC,1609693456506,2021-01-03T17:04:16.506Z,sell,7.14e-06,3751.0,0.02678214
NXS/BTC,1609693456974,2021-01-03T17:04:16.974Z,sell,7.14e-06,2140.0,0.0152796
NXS/BTC,1609693456974,2021-01-03T17:04:16.974Z,sell,7.13e-06,368.0,0.00262384
NXS/BTC,1609693456974,2021-01-03T17:04:16.974Z,sell,7.11e-06,200.0,0.0014219999999999
NXS/BTC,1609693456974,2021-01-03T17:04:16.974Z,sell,7.09e-06,862.0,0.00611158
NXS/BTC,1609693457132,2021-01-03T17:04:17.132Z,buy,7.2e-06,1274.0,0.0091728
NXS/BTC,1609693457412,2021-01-03T17:04:17.412Z,sell,7.18e-06,101.0,0.00072518
NXS/BTC,1609693460050,2021-01-03T17:04:20.050Z,sell,7.19e-06,386.0,0.00277534
NXS/BTC,1609693460320,2021-01-03T17:04:20.320Z,buy,7.2e-06,917.0,0.0066024
NXS/BTC,1609693460919,2021-01-03T17:04:20.919Z,sell,7.19e-06,178.0,0.0012798199999999
NXS/BTC,1609693461216,2021-01-03T17:04:21.216Z,buy,7.2e-06,760.0,0.0054719999999999
NXS/BTC,1609693462055,2021-01-03T17:04:22.055Z,sell,7.19e-06,65.0,0.00046735
NXS/BTC,1609693462055,2021-01-03T17:04:22.055Z,sell,7.18e-06,519.0,0.00372642
NXS/BTC,1609693463238,2021-01-03T17:04:23.238Z,buy,7.21e-06,772.0,0.00556612
NXS/BTC,1609693463431,2021-01-03T17:04:23.431Z,sell,7.2e-06,162.0,0.0011664
NXS/BTC,1609693470084,2021-01-03T17:04:30.084Z,buy,7.21e-06,153.0,0.00110313
NXS/BTC,1609693470084,2021-01-03T17:04:30.084Z,buy,7.25e-06,516.0,0.003741
NXS/BTC,1609693470521,2021-01-03T17:04:30.521Z,sell,7.2e-06,81.0,0.0005832
NXS/BTC,1609693470884,2021-01-03T17:04:30.884Z,sell,7.2e-06,127.0,0.0009144
NXS/BTC,1609693474678,2021-01-03T17:04:34.678Z,sell,7.22e-06,1863.0,0.01345086
NXS/BTC,1609693474678,2021-01-03T17:04:34.678Z,sell,7.2e-06,654.0,0.0047088
NXS/BTC,1609693475484,2021-01-03T17:04:35.484Z,buy,7.2e-06,667.0,0.0048024
NXS/BTC,1609693476450,2021-01-03T17:04:36.450Z,buy,7.2e-06,42.0,0.0003024
NXS/BTC,1609693484883,2021-01-03T17:04:44.883Z,sell,7.15e-06,525.0,0.00375375
NXS/BTC,1609693485254,2021-01-03T17:04:45.254Z,buy,7.15e-06,5078.0,0.0363077
NXS/BTC,1609693485479,2021-01-03T17:04:45.479Z,buy,7.2e-06,2000.0,0.0144
NXS/BTC,1609693486915,2021-01-03T17:04:46.915Z,buy,7.2e-06,2238.0,0.0161136
NXS/BTC,1609693492809,2021-01-03T17:04:52.809Z,sell,7.15e-06,475.0,0.00339625
NXS/BTC,1609693494712,2021-01-03T17:04:54.712Z,sell,7.15e-06,234.0,0.0016731
NXS/BTC,1609693501602,2021-01-03T17:05:01.602Z,sell,7.16e-06,225.0,0.001611
NXS/BTC,1609693503396,2021-01-03T17:05:03.396Z,sell,7.17e-06,322.0,0.00230874
NXS/BTC,1609693503396,2021-01-03T17:05:03.396Z,sell,7.16e-06,49.0,0.00035084
NXS/BTC,1609693503396,2021-01-03T17:05:03.396Z,sell,7.15e-06,207.0,0.00148005
NXS/BTC,1609693508705,2021-01-03T17:05:08.705Z,sell,7.18e-06,74.0,0.00053132
NXS/BTC,1609693510285,2021-01-03T17:05:10.285Z,buy,7.2e-06,74.0,0.0005327999999999
NXS/BTC,1609693510700,2021-01-03T17:05:10.700Z,buy,7.2e-06,4738.0,0.0341136
NXS/BTC,1609693512718,2021-01-03T17:05:12.718Z,buy,7.2e-06,1647.0,0.0118584
NXS/BTC,1609693513424,2021-01-03T17:05:13.424Z,sell,7.2e-06,159.0,0.0011447999999999
NXS/BTC,1609693514654,2021-01-03T17:05:14.654Z,sell,7.19e-06,461.0,0.00331459
NXS/BTC,1609693516375,2021-01-03T17:05:16.375Z,sell,7.21e-06,234.0,0.00168714
NXS/BTC,1609693516375,2021-01-03T17:05:16.375Z,sell,7.2e-06,956.0,0.0068832
NXS/BTC,1609693516834,2021-01-03T17:05:16.834Z,sell,7.18e-06,297.0,0.00213246
NXS/BTC,1609693517204,2021-01-03T17:05:17.204Z,sell,7.18e-06,2717.0,0.01950806
NXS/BTC,1609693518390,2021-01-03T17:05:18.390Z,sell,7.19e-06,413.0,0.00296947
NXS/BTC,1609693518390,2021-01-03T17:05:18.390Z,sell,7.15e-06,2290.0,0.0163735
NXS/BTC,1609693522397,2021-01-03T17:05:22.397Z,sell,7.16e-06,167.0,0.00119572
NXS/BTC,1609693522397,2021-01-03T17:05:22.397Z,sell,7.15e-06,31.0,0.00022165
NXS/BTC,1609693523261,2021-01-03T17:05:23.261Z,sell,7.15e-06,68.0,0.0004862
NXS/BTC,1609693523394,2021-01-03T17:05:23.394Z,buy,7.19e-06,61.0,0.00043859
NXS/BTC,1609693526226,2021-01-03T17:05:26.226Z,sell,7.21e-06,128.0,0.00092288
NXS/BTC,1609693529796,2021-01-03T17:05:29.796Z,sell,7.21e-06,14.0,0.0001009399999999
NXS/BTC,1609693530220,2021-01-03T17:05:30.220Z,sell,7.2e-06,121.0,0.0008711999999999
NXS/BTC,1609693533274,2021-01-03T17:05:33.274Z,sell,7.2e-06,1526.0,0.0109871999999999
NXS/BTC,1609693536168,2021-01-03T17:05:36.168Z,buy,7.21e-06,70.0,0.0005047
NXS/BTC,1609693536176,2021-01-03T17:05:36.176Z,sell,7.21e-06,70.0,0.0005047
NXS/BTC,1609693537671,2021-01-03T17:05:37.671Z,sell,7.21e-06,18.0,0.00012978
NXS/BTC,1609693537671,2021-01-03T17:05:37.671Z,sell,7.16e-06,130.0,0.0009308
NXS/BTC,1609693538359,2021-01-03T17:05:38.359Z,sell,7.22e-06,141.0,0.00101802
NXS/BTC,1609693539921,2021-01-03T17:05:39.921Z,sell,7.16e-06,227.0,0.00162532
NXS/BTC,1609693539921,2021-01-03T17:05:39.921Z,sell,7.15e-06,405.0,0.00289575
NXS/BTC,1609693540351,2021-01-03T17:05:40.351Z,sell,7.17e-06,148.0,0.00106116
NXS/BTC,1609693541766,2021-01-03T17:05:41.766Z,sell,7.18e-06,167.0,0.00119906
NXS/BTC,1609693541766,2021-01-03T17:05:41.766Z,sell,7.15e-06,122.0,0.0008723
NXS/BTC,1609693541921,2021-01-03T17:05:41.921Z,buy,7.21e-06,121.0,0.0008724099999999
NXS/BTC,1609693542365,2021-01-03T17:05:42.365Z,sell,7.22e-06,907.0,0.00654854
NXS/BTC,1609693543632,2021-01-03T17:05:43.632Z,sell,7.22e-06,413.0,0.00298186
NXS/BTC,1609693543665,2021-01-03T17:05:43.665Z,sell,7.22e-06,999.0,0.00721278
NXS/BTC,1609693544431,2021-01-03T17:05:44.431Z,sell,7.22e-06,438.0,0.00316236
NXS/BTC,1609693545864,2021-01-03T17:05:45.864Z,sell,7.22e-06,68.0,0.00049096
NXS/BTC,1609693547782,2021-01-03T17:05:47.782Z,sell,7.22e-06,145.0,0.0010469
NXS/BTC,1609693554643,2021-01-03T17:05:54.643Z,sell,7.22e-06,2456.0,0.01773232
NXS/BTC,1609693555990,2021-01-03T17:05:55.990Z,buy,7.22e-06,1282.0,0.00925604
NXS/BTC,1609693559200,2021-01-03T17:05:59.200Z,buy,7.22e-06,16.0,0.00011552
NXS/BTC,1609693575434,2021-01-03T17:06:15.434Z,sell,7.16e-06,167.0,0.00119572
NXS/BTC,1609693598231,2021-01-03T17:06:38.231Z,sell,7.16e-06,219.0,0.00156804
NXS/BTC,1609693599139,2021-01-03T17:06:39.139Z,sell,7.16e-06,1700.0,0.012172
NXS/BTC,1609693603401,2021-01-03T17:06:43.401Z,sell,7.16e-06,441.0,0.00315756
NXS/BTC,1609693609662,2021-01-03T17:06:49.662Z,sell,7.16e-06,59.0,0.00042244
NXS/BTC,1609693619009,2021-01-03T17:06:59.009Z,sell,7.16e-06,2224.0,0.01592384
NXS/BTC,1609693619253,2021-01-03T17:06:59.253Z,buy,7.16e-06,260.0,0.0018616
NXS/BTC,1609693620264,2021-01-03T17:07:00.264Z,buy,7.16e-06,533.0,0.00381628
NXS/BTC,1609693635263,2021-01-03T17:07:15.263Z,sell,7.17e-06,244.0,0.00174948
NXS/BTC,1609693635263,2021-01-03T17:07:15.263Z,sell,7.16e-06,274.0,0.00196184
NXS/BTC,1609693635263,2021-01-03T17:07:15.263Z,sell,7.13e-06,43.0,0.00030659
NXS/BTC,1609693638290,2021-01-03T17:07:18.290Z,sell,7.14e-06,210.0,0.0014994
NXS/BTC,1609693641839,2021-01-03T17:07:21.839Z,sell,7.14e-06,307.0,0.00219198
NXS/BTC,1609693644678,2021-01-03T17:07:24.678Z,sell,7.16e-06,55.0,0.0003938
NXS/BTC,1609693646434,2021-01-03T17:07:26.434Z,sell,7.13e-06,666.0,0.00474858
NXS/BTC,1609693648349,2021-01-03T17:07:28.349Z,sell,7.14e-06,158.0,0.00112812
NXS/BTC,1609693648580,2021-01-03T17:07:28.580Z,buy,7.16e-06,189.0,0.00135324
NXS/BTC,1609693654389,2021-01-03T17:07:34.389Z,sell,7.17e-06,347.0,0.00248799
NXS/BTC,1609693654389,2021-01-03T17:07:34.389Z,sell,7.16e-06,140.0,0.0010024
NXS/BTC,1609693654389,2021-01-03T17:07:34.389Z,sell,7.14e-06,1201.0,0.00857514
NXS/BTC,1609693654427,2021-01-03T17:07:34.427Z,buy,7.23e-06,24.0,0.00017352
NXS/BTC,1609693660248,2021-01-03T17:07:40.248Z,buy,7.2e-06,48.0,0.0003456
NXS/BTC,1609693663399,2021-01-03T17:07:43.399Z,buy,7.22e-06,39.0,0.00028158
NXS/BTC,1609693663416,2021-01-03T17:07:43.416Z,buy,7.22e-06,95.0,0.0006859
NXS/BTC,1609693669565,2021-01-03T17:07:49.565Z,sell,7.18e-06,100.0,0.000718
NXS/BTC,1609693671308,2021-01-03T17:07:51.308Z,sell,7.18e-06,128.0,0.00091904
NXS/BTC,1609693673223,2021-01-03T17:07:53.223Z,buy,7.18e-06,85.0,0.0006103
NXS/BTC,1609693677728,2021-01-03T17:07:57.728Z,sell,7.15e-06,220.0,0.001573
NXS/BTC,1609693678339,2021-01-03T17:07:58.339Z,buy,7.15e-06,1800.0,0.01287
NXS/BTC,1609693680977,2021-01-03T17:08:00.977Z,sell,7.14e-06,471.0,0.00336294
NXS/BTC,1609693680977,2021-01-03T17:08:00.977Z,sell,7.13e-06,370.0,0.0026381
NXS/BTC,1609693694503,2021-01-03T17:08:14.503Z,sell,7.14e-06,138.0,0.00098532
NXS/BTC,1609693695026,2021-01-03T17:08:15.026Z,sell,7.14e-06,62.0,0.00044268
NXS/BTC,1609693695026,2021-01-03T17:08:15.026Z,sell,7.11e-06,958.0,0.00681138
NXS/BTC,1609693702596,2021-01-03T17:08:22.596Z,sell,7.12e-06,155.0,0.0011036
NXS/BTC,1609693702596,2021-01-03T17:08:22.596Z,sell,7.11e-06,444.0,0.0031568399999999
NXS/BTC,1609693702596,2021-01-03T17:08:22.596Z,sell,7.12e-06,155.0,0.0011036
NXS/BTC,1609693702596,2021-01-03T17:08:22.596Z,sell,7.11e-06,444.0,0.0031568399999999
NXS/BTC,1609693705632,2021-01-03T17:08:25.632Z,sell,7.12e-06,176.0,0.00125312
NXS/BTC,1609693705632,2021-01-03T17:08:25.632Z,sell,7.11e-06,3424.0,0.0243446399999999
NXS/BTC,1609693707211,2021-01-03T17:08:27.211Z,sell,7.1e-06,1804.0,0.0128084
NXS/BTC,1609693709262,2021-01-03T17:08:29.262Z,buy,7.11e-06,9498.0,0.06753078
NXS/BTC,1609693718949,2021-01-03T17:08:38.949Z,buy,7.11e-06,1843.0,0.01310373
NXS/BTC,1609693719359,2021-01-03T17:08:39.359Z,sell,7.1e-06,99.0,0.0007029
NXS/BTC,1609693720445,2021-01-03T17:08:40.445Z,sell,7.1e-06,3212.0,0.0228051999999999
NXS/BTC,1609693720445,2021-01-03T17:08:40.445Z,sell,7.08e-06,231.0,0.00163548
NXS/BTC,1609693720445,2021-01-03T17:08:40.445Z,sell,7.02e-06,855.0,0.0060021
NXS/BTC,1609693720445,2021-01-03T17:08:40.445Z,sell,7.01e-06,5702.0,0.0399710199999999
NXS/BTC,1609693720445,2021-01-03T17:08:40.445Z,sell,7e-06,3159.0,0.022113
NXS/BTC,1609693720445,2021-01-03T17:08:40.445Z,sell,7e-06,433.0,0.003031
NXS/BTC,1609693722496,2021-01-03T17:08:42.496Z,buy,7.1e-06,265.0,0.0018815
NXS/BTC,1609693722496,2021-01-03T17:08:42.496Z,buy,7.11e-06,648.0,0.00460728
NXS/BTC,1609693724187,2021-01-03T17:08:44.187Z,sell,7.03e-06,75.0,0.0005272499999999
NXS/BTC,1609693728871,2021-01-03T17:08:48.871Z,sell,7.01e-06,349.0,0.00244649
NXS/BTC,1609693728871,2021-01-03T17:08:48.871Z,sell,7e-06,1585.0,0.011095
NXS/BTC,1609693729367,2021-01-03T17:08:49.367Z,sell,7e-06,2847.0,0.019929
NXS/BTC,1609693735286,2021-01-03T17:08:55.286Z,buy,7.03e-06,239.0,0.00168017
NXS/BTC,1609693736360,2021-01-03T17:08:56.360Z,sell,7.02e-06,15.0,0.0001053
NXS/BTC,1609693736360,2021-01-03T17:08:56.360Z,sell,7.01e-06,827.0,0.00579727
NXS/BTC,1609693738508,2021-01-03T17:08:58.508Z,sell,7.01e-06,196.0,0.00137396
NXS/BTC,1609693738508,2021-01-03T17:08:58.508Z,sell,7e-06,4.0,2.8e-05
NXS/BTC,1609693742548,2021-01-03T17:09:02.548Z,sell,7e-06,418.0,0.0029259999999999
NXS/BTC,1609693743481,2021-01-03T17:09:03.481Z,sell,7e-06,564.0,0.003948
NXS/BTC,1609693749290,2021-01-03T17:09:09.290Z,sell,7e-06,23.0,0.000161
NXS/BTC,1609693749851,2021-01-03T17:09:09.851Z,buy,7.01e-06,75.0,0.00052575
NXS/BTC,1609693750341,2021-01-03T17:09:10.341Z,buy,7.01e-06,1058.0,0.00741658
NXS/BTC,1609693750388,2021-01-03T17:09:10.388Z,sell,7e-06,363.0,0.002541
NXS/BTC,1609693758861,2021-01-03T17:09:18.861Z,sell,7.02e-06,71.0,0.00049842
NXS/BTC,1609693771334,2021-01-03T17:09:31.334Z,sell,7.04e-06,1297.0,0.00913088
NXS/BTC,1609693772428,2021-01-03T17:09:32.428Z,sell,7.04e-06,123.0,0.00086592
NXS/BTC,1609693773474,2021-01-03T17:09:33.474Z,sell,7.01e-06,71.0,0.00049771
NXS/BTC,1609693784407,2021-01-03T17:09:44.407Z,sell,7.01e-06,54.0,0.0003785399999999
NXS/BTC,1609693786301,2021-01-03T17:09:46.301Z,sell,7.01e-06,661.0,0.00463361
NXS/BTC,1609693791851,2021-01-03T17:09:51.851Z,buy,7.01e-06,612.0,0.00429012
NXS/BTC,1609693792631,2021-01-03T17:09:52.631Z,sell,7.01e-06,40.0,0.0002804
NXS/BTC,1609693797923,2021-01-03T17:09:57.923Z,sell,7.01e-06,4906.0,0.03439106
NXS/BTC,1609693811938,2021-01-03T17:10:11.938Z,buy,7.01e-06,278.0,0.00194878
NXS/BTC,1609693818851,2021-01-03T17:10:18.851Z,buy,7.01e-06,75.0,0.00052575
NXS/BTC,1609693819209,2021-01-03T17:10:19.209Z,sell,7e-06,1617.0,0.011319
NXS/BTC,1609693822221,2021-01-03T17:10:22.221Z,buy,7.01e-06,1904.0,0.01334704
NXS/BTC,1609693826812,2021-01-03T17:10:26.812Z,sell,7.02e-06,21.0,0.00014742
NXS/BTC,1609693826812,2021-01-03T17:10:26.812Z,sell,7.01e-06,3005.0,0.02106505
NXS/BTC,1609693831863,2021-01-03T17:10:31.863Z,sell,7.01e-06,611.0,0.00428311
NXS/BTC,1609693835309,2021-01-03T17:10:35.309Z,buy,7.04e-06,75.0,0.000528
NXS/BTC,1609693837680,2021-01-03T17:10:37.680Z,sell,7.04e-06,67.0,0.00047168
NXS/BTC,1609693837680,2021-01-03T17:10:37.680Z,sell,7.01e-06,76.0,0.00053276
NXS/BTC,1609693839001,2021-01-03T17:10:39.001Z,sell,7.04e-06,237.0,0.00166848
NXS/BTC,1609693839001,2021-01-03T17:10:39.001Z,sell,7.01e-06,5036.0,0.03530236
NXS/BTC,1609693839774,2021-01-03T17:10:39.774Z,sell,7.01e-06,31.0,0.00021731
NXS/BTC,1609693852913,2021-01-03T17:10:52.913Z,sell,7.01e-06,84.0,0.00058884
NXS/BTC,1609693861794,2021-01-03T17:11:01.794Z,sell,7.01e-06,50.0,0.0003505
NXS/BTC,1609693863020,2021-01-03T17:11:03.020Z,sell,7.01e-06,751.0,0.00526451
NXS/BTC,1609693864581,2021-01-03T17:11:04.581Z,sell,7.01e-06,54.0,0.0003785399999999
NXS/BTC,1609693876009,2021-01-03T17:11:16.009Z,sell,7.01e-06,90.0,0.0006309
NXS/BTC,1609693923512,2021-01-03T17:12:03.512Z,sell,7.01e-06,189.0,0.00132489
NXS/BTC,1609693943331,2021-01-03T17:12:23.331Z,sell,7.01e-06,4503.0,0.03156603
NXS/BTC,1609693943734,2021-01-03T17:12:23.734Z,sell,7e-06,4157.0,0.029099
NXS/BTC,1609693944155,2021-01-03T17:12:24.155Z,sell,6.97e-06,251.0,0.00174947
NXS/BTC,1609693944155,2021-01-03T17:12:24.155Z,sell,6.96e-06,174.0,0.00121104
NXS/BTC,1609693948101,2021-01-03T17:12:28.101Z,buy,6.93e-06,126.0,0.00087318
NXS/BTC,1609693956590,2021-01-03T17:12:36.590Z,sell,6.93e-06,289.0,0.00200277
NXS/BTC,1609693956643,2021-01-03T17:12:36.643Z,buy,6.93e-06,121.0,0.00083853
NXS/BTC,1609693957240,2021-01-03T17:12:37.240Z,buy,6.93e-06,716.0,0.00496188
NXS/BTC,1609693957424,2021-01-03T17:12:37.424Z,sell,6.92e-06,251.0,0.0017369199999999
NXS/BTC,1609693958262,2021-01-03T17:12:38.262Z,buy,6.93e-06,419.0,0.0029036699999999
NXS/BTC,1609693959148,2021-01-03T17:12:39.148Z,buy,6.93e-06,278.0,0.00192654
NXS/BTC,1609693960617,2021-01-03T17:12:40.617Z,buy,6.93e-06,519.0,0.0035966699999999
NXS/BTC,1609693963173,2021-01-03T17:12:43.173Z,buy,6.93e-06,278.0,0.00192654
NXS/BTC,1609693972565,2021-01-03T17:12:52.565Z,sell,6.92e-06,816.0,0.00564672
NXS/BTC,1609693972824,2021-01-03T17:12:52.824Z,buy,6.93e-06,2439.0,0.01690227
NXS/BTC,1609693977674,2021-01-03T17:12:57.674Z,sell,6.93e-06,1753.0,0.0121482899999999
NXS/BTC,1609693989610,2021-01-03T17:13:09.610Z,buy,6.99e-06,126.0,0.00088074
NXS/BTC,1609694002083,2021-01-03T17:13:22.083Z,buy,7e-06,197.0,0.001379
NXS/BTC,1609694008651,2021-01-03T17:13:28.651Z,buy,7.03e-06,124.0,0.00087172
NXS/BTC,1609694040659,2021-01-03T17:14:00.659Z,buy,7.03e-06,165.0,0.0011599499999999
NXS/BTC,1609694040659,2021-01-03T17:14:00.659Z,buy,7.04e-06,59.0,0.00041536
NXS/BTC,1609694082268,2021-01-03T17:14:42.268Z,buy,7.04e-06,1258.0,0.00885632
NXS/BTC,1609694082268,2021-01-03T17:14:42.268Z,buy,7.05e-06,27.0,0.00019035
NXS/BTC,1609694086631,2021-01-03T17:14:46.631Z,buy,7.05e-06,44.0,0.0003102
NXS/BTC,1609694086631,2021-01-03T17:14:46.631Z,buy,7.09e-06,73.0,0.00051757
NXS/BTC,1609694086631,2021-01-03T17:14:46.631Z,buy,7.1e-06,204.0,0.0014483999999999
NXS/BTC,1609694092738,2021-01-03T17:14:52.738Z,buy,7.11e-06,104.0,0.00073944
NXS/BTC,1609694096129,2021-01-03T17:14:56.129Z,buy,7.1e-06,145.0,0.0010295
NXS/BTC,1609694096129,2021-01-03T17:14:56.129Z,buy,7.11e-06,4684.0,0.03330324
NXS/BTC,1609694096365,2021-01-03T17:14:56.365Z,sell,7.11e-06,505.0,0.0035905499999999
NXS/BTC,1609694096405,2021-01-03T17:14:56.405Z,sell,7.11e-06,413.0,0.00293643
NXS/BTC,1609694104835,2021-01-03T17:15:04.835Z,buy,7.13e-06,75.0,0.00053475
NXS/BTC,1609694104835,2021-01-03T17:15:04.835Z,buy,7.15e-06,2376.0,0.0169884
NXS/BTC,1609694106623,2021-01-03T17:15:06.623Z,sell,7.15e-06,343.0,0.00245245
NXS/BTC,1609694107506,2021-01-03T17:15:07.506Z,buy,7.16e-06,77.0,0.00055132
NXS/BTC,1609694107506,2021-01-03T17:15:07.506Z,buy,7.2e-06,79.0,0.0005688
NXS/BTC,1609694107506,2021-01-03T17:15:07.506Z,buy,7.23e-06,6.0,4.338e-05
NXS/BTC,1609694110754,2021-01-03T17:15:10.754Z,sell,7.15e-06,167.0,0.00119405
NXS/BTC,1609694113367,2021-01-03T17:15:13.367Z,sell,7.16e-06,17.0,0.00012172
NXS/BTC,1609694117534,2021-01-03T17:15:17.534Z,buy,7.2e-06,79.0,0.0005688
NXS/BTC,1609694118809,2021-01-03T17:15:18.809Z,buy,7.2e-06,79.0,0.0005688
NXS/BTC,1609694129218,2021-01-03T17:15:29.218Z,sell,7.18e-06,20.0,0.0001436
NXS/BTC,1609694134400,2021-01-03T17:15:34.400Z,buy,7.16e-06,17.0,0.00012172
NXS/BTC,1609694143746,2021-01-03T17:15:43.746Z,buy,7.2e-06,160.0,0.001152
NXS/BTC,1609694145323,2021-01-03T17:15:45.323Z,buy,7.2e-06,52.0,0.0003744
NXS/BTC,1609694170932,2021-01-03T17:16:10.932Z,sell,7.15e-06,540.0,0.003861
NXS/BTC,1609694173154,2021-01-03T17:16:13.154Z,sell,7.15e-06,855.0,0.00611325
NXS/BTC,1609694174085,2021-01-03T17:16:14.085Z,sell,7.15e-06,316.0,0.0022594
NXS/BTC,1609694180817,2021-01-03T17:16:20.817Z,sell,7.15e-06,50.0,0.0003575
NXS/BTC,1609694193154,2021-01-03T17:16:33.154Z,sell,7.15e-06,23.0,0.00016445
NXS/BTC,1609694201993,2021-01-03T17:16:41.993Z,sell,7.15e-06,17.0,0.00012155
NXS/BTC,1609694220446,2021-01-03T17:17:00.446Z,sell,7.15e-06,649.0,0.00464035
NXS/BTC,1609694233021,2021-01-03T17:17:13.021Z,sell,7.16e-06,1074.0,0.00768984
NXS/BTC,1609694245817,2021-01-03T17:17:25.817Z,buy,7.17e-06,26.0,0.00018642
NXS/BTC,1609694254639,2021-01-03T17:17:34.639Z,buy,7.17e-06,61.0,0.00043737
NXS/BTC,1609694256787,2021-01-03T17:17:36.787Z,buy,7.17e-06,289.0,0.00207213
NXS/BTC,1609694274427,2021-01-03T17:17:54.427Z,buy,7.19e-06,17.0,0.00012223
NXS/BTC,1609694275385,2021-01-03T17:17:55.385Z,sell,7.19e-06,128.0,0.00092032
NXS/BTC,1609694285159,2021-01-03T17:18:05.159Z,buy,7.2e-06,985.0,0.0070919999999999
NXS/BTC,1609694323268,2021-01-03T17:18:43.268Z,buy,7.2e-06,811.0,0.0058392
NXS/BTC,1609694342661,2021-01-03T17:19:02.661Z,sell,7.21e-06,158.0,0.0011391799999999
NXS/BTC,1609694342661,2021-01-03T17:19:02.661Z,sell,7.2e-06,9.0,6.48e-05
NXS/BTC,1609694343003,2021-01-03T17:19:03.003Z,sell,7.17e-06,119.0,0.00085323
NXS/BTC,1609694343003,2021-01-03T17:19:03.003Z,sell,7.16e-06,4686.0,0.03355176
NXS/BTC,1609694343003,2021-01-03T17:19:03.003Z,sell,7.15e-06,400.0,0.00286
NXS/BTC,1609694343003,2021-01-03T17:19:03.003Z,sell,7.12e-06,110.0,0.0007832
NXS/BTC,1609694343003,2021-01-03T17:19:03.003Z,sell,7.11e-06,1005.0,0.00714555
NXS/BTC,1609694349958,2021-01-03T17:19:09.958Z,sell,7.11e-06,154.0,0.00109494
NXS/BTC,1609694359414,2021-01-03T17:19:19.414Z,sell,7.12e-06,77.0,0.00054824
NXS/BTC,1609694359414,2021-01-03T17:19:19.414Z,sell,7.11e-06,3502.0,0.02489922
NXS/BTC,1609694385492,2021-01-03T17:19:45.492Z,sell,7.11e-06,82.0,0.00058302
NXS/BTC,1609694391648,2021-01-03T17:19:51.648Z,buy,7.2e-06,5541.0,0.0398952
NXS/BTC,1609694391988,2021-01-03T17:19:51.988Z,sell,7.2e-06,215.0,0.001548
NXS/BTC,1609694398721,2021-01-03T17:19:58.721Z,sell,7.2e-06,25.0,0.0001799999999999
NXS/BTC,1609694439848,2021-01-03T17:20:39.848Z,sell,7.2e-06,1109.0,0.0079848
NXS/BTC,1609694443551,2021-01-03T17:20:43.551Z,buy,7.23e-06,809.0,0.00584907
NXS/BTC,1609694444740,2021-01-03T17:20:44.740Z,buy,7.23e-06,3864.0,0.02793672
NXS/BTC,1609694445320,2021-01-03T17:20:45.320Z,sell,7.23e-06,2515.0,0.01818345
NXS/BTC,1609694450172,2021-01-03T17:20:50.172Z,sell,7.23e-06,42.0,0.00030366
NXS/BTC,1609694451294,2021-01-03T17:20:51.294Z,buy,7.24e-06,81.0,0.00058644
NXS/BTC,1609694452014,2021-01-03T17:20:52.014Z,sell,7.24e-06,264.0,0.00191136
NXS/BTC,1609694461949,2021-01-03T17:21:01.949Z,buy,7.25e-06,242.0,0.0017545
NXS/BTC,1609694480171,2021-01-03T17:21:20.171Z,buy,7.25e-06,275.0,0.00199375
NXS/BTC,1609694482290,2021-01-03T17:21:22.290Z,buy,7.26e-06,391.0,0.00283866
NXS/BTC,1609694483155,2021-01-03T17:21:23.155Z,sell,7.26e-06,325.0,0.0023595
NXS/BTC,1609694493892,2021-01-03T17:21:33.892Z,buy,7.29e-06,80.0,0.0005832
NXS/BTC,1609694493980,2021-01-03T17:21:33.980Z,buy,7.29e-06,682.0,0.0049717799999999
NXS/BTC,1609694498440,2021-01-03T17:21:38.440Z,buy,7.29e-06,1003.0,0.00731187
NXS/BTC,1609694499187,2021-01-03T17:21:39.187Z,buy,7.3e-06,44.0,0.0003212
NXS/BTC,1609694502029,2021-01-03T17:21:42.029Z,sell,7.3e-06,113.0,0.0008249
NXS/BTC,1609694502029,2021-01-03T17:21:42.029Z,sell,7.29e-06,206.0,0.0015017399999999
NXS/BTC,1609694502738,2021-01-03T17:21:42.738Z,buy,7.33e-06,329.0,0.00241157
NXS/BTC,1609694504241,2021-01-03T17:21:44.241Z,sell,7.29e-06,262.0,0.00190998
NXS/BTC,1609694504646,2021-01-03T17:21:44.646Z,sell,7.29e-06,363.0,0.00264627
NXS/BTC,1609694506485,2021-01-03T17:21:46.485Z,sell,7.29e-06,368.0,0.00268272
NXS/BTC,1609694508494,2021-01-03T17:21:48.494Z,buy,7.32e-06,2147.0,0.01571604
NXS/BTC,1609694511319,2021-01-03T17:21:51.319Z,sell,7.31e-06,318.0,0.00232458
NXS/BTC,1609694513370,2021-01-03T17:21:53.370Z,sell,7.31e-06,148.0,0.00108188
NXS/BTC,1609694513666,2021-01-03T17:21:53.666Z,sell,7.31e-06,311.0,0.00227341
NXS/BTC,1609694516019,2021-01-03T17:21:56.019Z,sell,7.32e-06,142.0,0.00103944
NXS/BTC,1609694516019,2021-01-03T17:21:56.019Z,sell,7.31e-06,114.0,0.00083334
NXS/BTC,1609694521366,2021-01-03T17:22:01.366Z,buy,7.32e-06,76.0,0.00055632
NXS/BTC,1609694527976,2021-01-03T17:22:07.976Z,buy,7.34e-06,46.0,0.00033764
NXS/BTC,1609694527976,2021-01-03T17:22:07.976Z,buy,7.37e-06,86.0,0.00063382
NXS/BTC,1609694528977,2021-01-03T17:22:08.977Z,buy,7.38e-06,48.0,0.0003542399999999
NXS/BTC,1609694528977,2021-01-03T17:22:08.977Z,buy,7.39e-06,3902.0,0.02883578
NXS/BTC,1609694542626,2021-01-03T17:22:22.626Z,buy,7.4e-06,1515.0,0.011211
NXS/BTC,1609694543076,2021-01-03T17:22:23.076Z,buy,7.4e-06,24.0,0.0001776
NXS/BTC,1609694557840,2021-01-03T17:22:37.840Z,buy,7.4e-06,151.0,0.0011174
NXS/BTC,1609694565020,2021-01-03T17:22:45.020Z,buy,7.4e-06,3275.0,0.024235
NXS/BTC,1609694565020,2021-01-03T17:22:45.020Z,buy,7.41e-06,4597.0,0.03406377
NXS/BTC,1609694565610,2021-01-03T17:22:45.610Z,sell,7.41e-06,128.0,0.00094848
NXS/BTC,1609694575149,2021-01-03T17:22:55.149Z,buy,7.4e-06,37.0,0.0002738
NXS/BTC,1609694575149,2021-01-03T17:22:55.149Z,buy,7.42e-06,705.0,0.0052311
NXS/BTC,1609694575149,2021-01-03T17:22:55.149Z,buy,7.44e-06,751.0,0.00558744
NXS/BTC,1609694575149,2021-01-03T17:22:55.149Z,buy,7.45e-06,1758.0,0.0130971
NXS/BTC,1609694576196,2021-01-03T17:22:56.196Z,sell,7.45e-06,34.0,0.0002533
NXS/BTC,1609694585160,2021-01-03T17:23:05.160Z,buy,7.45e-06,166.0,0.0012366999999999
NXS/BTC,1609694585160,2021-01-03T17:23:05.160Z,buy,7.47e-06,142.0,0.00106074
NXS/BTC,1609694585160,2021-01-03T17:23:05.160Z,buy,7.51e-06,54.0,0.00040554
NXS/BTC,1609694585160,2021-01-03T17:23:05.160Z,buy,7.52e-06,93.0,0.00069936
NXS/BTC,1609694585160,2021-01-03T17:23:05.160Z,buy,7.54e-06,2122.0,0.01599988
NXS/BTC,1609694587578,2021-01-03T17:23:07.578Z,buy,7.55e-06,1297.0,0.00979235
NXS/BTC,1609694587578,2021-01-03T17:23:07.578Z,buy,7.56e-06,56.0,0.0004233599999999
NXS/BTC,1609694587578,2021-01-03T17:23:07.578Z,buy,7.57e-06,2.0,1.514e-05
NXS/BTC,1609694591077,2021-01-03T17:23:11.077Z,sell,7.55e-06,971.0,0.0073310499999999
NXS/BTC,1609694594689,2021-01-03T17:23:14.689Z,buy,7.57e-06,93.0,0.00070401
NXS/BTC,1609694595193,2021-01-03T17:23:15.193Z,buy,7.6e-06,61.0,0.0004636
NXS/BTC,1609694595193,2021-01-03T17:23:15.193Z,buy,7.61e-06,4384.0,0.03336224
NXS/BTC,1609694601935,2021-01-03T17:23:21.935Z,buy,7.62e-06,97.0,0.00073914
NXS/BTC,1609694613921,2021-01-03T17:23:33.921Z,sell,7.65e-06,23.0,0.00017595
NXS/BTC,1609694613921,2021-01-03T17:23:33.921Z,sell,7.62e-06,947.0,0.00721614
NXS/BTC,1609694616254,2021-01-03T17:23:36.254Z,buy,7.66e-06,61.0,0.00046726
NXS/BTC,1609694616254,2021-01-03T17:23:36.254Z,buy,7.67e-06,99.0,0.0007593299999999
NXS/BTC,1609694620864,2021-01-03T17:23:40.864Z,sell,7.67e-06,20.0,0.0001534
NXS/BTC,1609694645255,2021-01-03T17:24:05.255Z,sell,7.66e-06,563.0,0.00431258
NXS/BTC,1609694647892,2021-01-03T17:24:07.892Z,buy,7.66e-06,354.0,0.00271164
NXS/BTC,1609694650482,2021-01-03T17:24:10.482Z,sell,7.62e-06,407.0,0.0031013399999999
NXS/BTC,1609694651124,2021-01-03T17:24:11.124Z,sell,7.62e-06,293.0,0.00223266
NXS/BTC,1609694658832,2021-01-03T17:24:18.832Z,buy,7.62e-06,707.0,0.00538734
NXS/BTC,1609694666969,2021-01-03T17:24:26.969Z,buy,7.66e-06,25.0,0.0001915
NXS/BTC,1609694667199,2021-01-03T17:24:27.199Z,sell,7.62e-06,151.0,0.00115062
NXS/BTC,1609694667783,2021-01-03T17:24:27.783Z,sell,7.62e-06,4957.0,0.03777234
NXS/BTC,1609694667783,2021-01-03T17:24:27.783Z,sell,7.56e-06,2013.0,0.0152182799999999
NXS/BTC,1609694667783,2021-01-03T17:24:27.783Z,sell,7.45e-06,1986.0,0.0147957
NXS/BTC,1609694670135,2021-01-03T17:24:30.135Z,buy,7.45e-06,377.0,0.0028086499999999
NXS/BTC,1609694670135,2021-01-03T17:24:30.135Z,buy,7.49e-06,3999.0,0.02995251
NXS/BTC,1609694672345,2021-01-03T17:24:32.345Z,sell,7.65e-06,182.0,0.0013923
NXS/BTC,1609694676647,2021-01-03T17:24:36.647Z,sell,7.65e-06,322.0,0.0024633
NXS/BTC,1609694686276,2021-01-03T17:24:46.276Z,sell,7.62e-06,571.0,0.00435102
NXS/BTC,1609694687143,2021-01-03T17:24:47.143Z,sell,7.62e-06,2725.0,0.0207644999999999
NXS/BTC,1609694700174,2021-01-03T17:25:00.174Z,sell,7.56e-06,52.0,0.00039312
NXS/BTC,1609694700475,2021-01-03T17:25:00.475Z,buy,7.57e-06,39.0,0.00029523
NXS/BTC,1609694700475,2021-01-03T17:25:00.475Z,buy,7.62e-06,386.0,0.00294132
NXS/BTC,1609694700475,2021-01-03T17:25:00.475Z,buy,7.65e-06,86.0,0.0006579
NXS/BTC,1609694700475,2021-01-03T17:25:00.475Z,buy,7.69e-06,4520.0,0.0347588
NXS/BTC,1609694713085,2021-01-03T17:25:13.085Z,sell,7.69e-06,500.0,0.0038449999999999
NXS/BTC,1609694717627,2021-01-03T17:25:17.627Z,sell,7.69e-06,188.0,0.00144572
NXS/BTC,1609694717792,2021-01-03T17:25:17.792Z,buy,7.69e-06,1852.0,0.0142418799999999
NXS/BTC,1609694729700,2021-01-03T17:25:29.700Z,sell,7.69e-06,47.0,0.00036143
NXS/BTC,1609694750087,2021-01-03T17:25:50.087Z,sell,7.7e-06,106.0,0.0008162
NXS/BTC,1609694750087,2021-01-03T17:25:50.087Z,sell,7.69e-06,2156.0,0.01657964
NXS/BTC,1609694752027,2021-01-03T17:25:52.027Z,sell,7.69e-06,707.0,0.0054368299999999
NXS/BTC,1609694756834,2021-01-03T17:25:56.834Z,buy,7.7e-06,489.0,0.0037653
NXS/BTC,1609694762994,2021-01-03T17:26:02.994Z,sell,7.69e-06,956.0,0.0073516399999999
NXS/BTC,1609694766934,2021-01-03T17:26:06.934Z,buy,7.7e-06,584.0,0.0044968
NXS/BTC,1609694768881,2021-01-03T17:26:08.881Z,sell,7.69e-06,4675.0,0.03595075
NXS/BTC,1609694778086,2021-01-03T17:26:18.086Z,sell,7.69e-06,420.0,0.0032297999999999
NXS/BTC,1609694778204,2021-01-03T17:26:18.204Z,buy,7.7e-06,100.0,0.00077
NXS/BTC,1609694779547,2021-01-03T17:26:19.547Z,sell,7.69e-06,250.0,0.0019224999999999
NXS/BTC,1609694789515,2021-01-03T17:26:29.515Z,sell,7.69e-06,1113.0,0.0085589699999999
NXS/BTC,1609694808099,2021-01-03T17:26:48.099Z,sell,7.63e-06,103.0,0.00078589
NXS/BTC,1609694846217,2021-01-03T17:27:26.217Z,sell,7.48e-06,17.0,0.00012716
NXS/BTC,1609694867413,2021-01-03T17:27:47.413Z,sell,7.49e-06,250.0,0.0018725
NXS/BTC,1609694926137,2021-01-03T17:28:46.137Z,buy,7.54e-06,45.0,0.0003393
NXS/BTC,1609694990840,2021-01-03T17:29:50.840Z,sell,7.43e-06,500.0,0.003715
NXS/BTC,1609694999873,2021-01-03T17:29:59.873Z,buy,7.51e-06,154.0,0.00115654
NXS/BTC,1609695008014,2021-01-03T17:30:08.014Z,buy,7.5e-06,124.0,0.00093
NXS/BTC,1609695021087,2021-01-03T17:30:21.087Z,sell,7.5e-06,52.0,0.00039
NXS/BTC,1609695035881,2021-01-03T17:30:35.881Z,sell,7.48e-06,46.0,0.00034408
NXS/BTC,1609695035881,2021-01-03T17:30:35.881Z,sell,7.43e-06,181.0,0.00134483
NXS/BTC,1609695037410,2021-01-03T17:30:37.410Z,buy,7.49e-06,28.0,0.00020972
NXS/BTC,1609695037410,2021-01-03T17:30:37.410Z,buy,7.5e-06,49.0,0.0003675
NXS/BTC,1609695057159,2021-01-03T17:30:57.159Z,buy,7.48e-06,31.0,0.00023188
NXS/BTC,1609695063506,2021-01-03T17:31:03.506Z,sell,7.43e-06,37.0,0.00027491
NXS/BTC,1609695063506,2021-01-03T17:31:03.506Z,sell,7.42e-06,451.0,0.00334642
NXS/BTC,1609695073855,2021-01-03T17:31:13.855Z,buy,7.48e-06,161.0,0.00120428
NXS/BTC,1609695127983,2021-01-03T17:32:07.983Z,buy,7.48e-06,226.0,0.00169048
NXS/BTC,1609695127983,2021-01-03T17:32:07.983Z,buy,7.49e-06,142.0,0.00106358
NXS/BTC,1609695127983,2021-01-03T17:32:07.983Z,buy,7.5e-06,310.0,0.002325
NXS/BTC,1609695131773,2021-01-03T17:32:11.773Z,buy,7.52e-06,124.0,0.00093248
NXS/BTC,1609695133176,2021-01-03T17:32:13.176Z,buy,7.52e-06,2350.0,0.017672
NXS/BTC,1609695146402,2021-01-03T17:32:26.402Z,buy,7.52e-06,2054.0,0.01544608
NXS/BTC,1609695157205,2021-01-03T17:32:37.205Z,sell,7.51e-06,227.0,0.00170477
NXS/BTC,1609695157205,2021-01-03T17:32:37.205Z,sell,7.5e-06,1005.0,0.0075375
NXS/BTC,1609695162920,2021-01-03T17:32:42.920Z,sell,7.51e-06,100.0,0.000751
NXS/BTC,1609695172782,2021-01-03T17:32:52.782Z,sell,7.51e-06,237.0,0.00177987
NXS/BTC,1609695197377,2021-01-03T17:33:17.377Z,buy,7.55e-06,150.0,0.0011325
NXS/BTC,1609695197445,2021-01-03T17:33:17.445Z,sell,7.51e-06,124.0,0.00093124
NXS/BTC,1609695205312,2021-01-03T17:33:25.312Z,sell,7.51e-06,1051.0,0.00789301
NXS/BTC,1609695205312,2021-01-03T17:33:25.312Z,sell,7.5e-06,632.0,0.00474
NXS/BTC,1609695220529,2021-01-03T17:33:40.529Z,sell,7.5e-06,471.0,0.0035325
NXS/BTC,1609695231137,2021-01-03T17:33:51.137Z,buy,7.45e-06,67.0,0.00049915
NXS/BTC,1609695235287,2021-01-03T17:33:55.287Z,buy,7.49e-06,49.0,0.00036701
NXS/BTC,1609695236123,2021-01-03T17:33:56.123Z,sell,7.42e-06,76.0,0.00056392
NXS/BTC,1609695245385,2021-01-03T17:34:05.385Z,sell,7.42e-06,304.0,0.00225568
NXS/BTC,1609695259436,2021-01-03T17:34:19.436Z,buy,7.42e-06,61.0,0.00045262
NXS/BTC,1609695259439,2021-01-03T17:34:19.439Z,buy,7.42e-06,103.0,0.00076426
NXS/BTC,1609695316036,2021-01-03T17:35:16.036Z,sell,7.36e-06,533.0,0.00392288
NXS/BTC,1609695327288,2021-01-03T17:35:27.288Z,buy,7.41e-06,187.0,0.00138567
NXS/BTC,1609695334628,2021-01-03T17:35:34.628Z,buy,7.42e-06,67.0,0.00049714
NXS/BTC,1609695352273,2021-01-03T17:35:52.273Z,buy,7.42e-06,24.0,0.00017808
NXS/BTC,1609695352273,2021-01-03T17:35:52.273Z,buy,7.48e-06,2.0,1.496e-05
NXS/BTC,1609695417291,2021-01-03T17:36:57.291Z,buy,7.5e-06,1879.0,0.0140925
NXS/BTC,1609695417291,2021-01-03T17:36:57.291Z,buy,7.53e-06,227.0,0.00170931
NXS/BTC,1609695417291,2021-01-03T17:36:57.291Z,buy,7.54e-06,4891.0,0.03687814
NXS/BTC,1609695419215,2021-01-03T17:36:59.215Z,sell,7.54e-06,77.0,0.00058058
NXS/BTC,1609695422516,2021-01-03T17:37:02.516Z,sell,7.54e-06,93.0,0.00070122
NXS/BTC,1609695426118,2021-01-03T17:37:06.118Z,buy,7.55e-06,36.0,0.0002718
NXS/BTC,1609695432855,2021-01-03T17:37:12.855Z,buy,7.57e-06,500.0,0.003785
NXS/BTC,1609695439216,2021-01-03T17:37:19.216Z,buy,7.59e-06,97.0,0.00073623
NXS/BTC,1609695446204,2021-01-03T17:37:26.204Z,buy,7.59e-06,4385.0,0.03328215
NXS/BTC,1609695446332,2021-01-03T17:37:26.332Z,sell,7.59e-06,18.0,0.00013662
NXS/BTC,1609695452275,2021-01-03T17:37:32.275Z,buy,7.61e-06,26.0,0.00019786
NXS/BTC,1609695452275,2021-01-03T17:37:32.275Z,buy,7.66e-06,49.0,0.00037534
NXS/BTC,1609695458552,2021-01-03T17:37:38.552Z,sell,7.57e-06,47.0,0.00035579
NXS/BTC,1609695472149,2021-01-03T17:37:52.149Z,buy,7.59e-06,125.0,0.00094875
NXS/BTC,1609695487116,2021-01-03T17:38:07.116Z,sell,7.59e-06,6.0,4.554e-05
NXS/BTC,1609695488398,2021-01-03T17:38:08.398Z,buy,7.59e-06,126.0,0.00095634
NXS/BTC,1609695488398,2021-01-03T17:38:08.398Z,buy,7.63e-06,2140.0,0.0163282
NXS/BTC,1609695498561,2021-01-03T17:38:18.561Z,buy,7.65e-06,29699.0,0.22719735
NXS/BTC,1609695503625,2021-01-03T17:38:23.625Z,buy,7.65e-06,130.0,0.0009945
NXS/BTC,1609695504347,2021-01-03T17:38:24.347Z,buy,7.65e-06,976.0,0.0074664
NXS/BTC,1609695514272,2021-01-03T17:38:34.272Z,buy,7.66e-06,483.0,0.0036997799999999
NXS/BTC,1609695523524,2021-01-03T17:38:43.524Z,buy,7.67e-06,500.0,0.003835
NXS/BTC,1609695523524,2021-01-03T17:38:43.524Z,buy,7.68e-06,1035.0,0.0079487999999999
NXS/BTC,1609695524954,2021-01-03T17:38:44.954Z,buy,7.68e-06,865.0,0.0066431999999999
NXS/BTC,1609695530055,2021-01-03T17:38:50.055Z,buy,7.69e-06,130.0,0.0009996999999999
NXS/BTC,1609695530871,2021-01-03T17:38:50.871Z,buy,7.69e-06,90.0,0.0006921
NXS/BTC,1609695541310,2021-01-03T17:39:01.310Z,buy,7.71e-06,17.0,0.00013107
NXS/BTC,1609695552572,2021-01-03T17:39:12.572Z,buy,7.71e-06,47.0,0.00036237
NXS/BTC,1609695559788,2021-01-03T17:39:19.788Z,buy,7.72e-06,2200.0,0.016984
NXS/BTC,1609695569183,2021-01-03T17:39:29.183Z,sell,7.69e-06,799.0,0.0061443099999999
NXS/BTC,1609695580807,2021-01-03T17:39:40.807Z,sell,7.69e-06,484.0,0.0037219599999999
NXS/BTC,1609695592889,2021-01-03T17:39:52.889Z,sell,7.61e-06,16.0,0.00012176
NXS/BTC,1609695604155,2021-01-03T17:40:04.155Z,buy,7.61e-06,250.0,0.0019025
NXS/BTC,1609695604785,2021-01-03T17:40:04.785Z,sell,7.6e-06,91.0,0.0006916
NXS/BTC,1609695606364,2021-01-03T17:40:06.364Z,buy,7.6e-06,193.0,0.0014668
NXS/BTC,1609695611439,2021-01-03T17:40:11.439Z,sell,7.61e-06,131.0,0.00099691
NXS/BTC,1609695613049,2021-01-03T17:40:13.049Z,sell,7.61e-06,31.0,0.00023591
NXS/BTC,1609695617492,2021-01-03T17:40:17.492Z,sell,7.61e-06,36.0,0.00027396
NXS/BTC,1609695617937,2021-01-03T17:40:17.937Z,sell,7.61e-06,130.0,0.0009893
NXS/BTC,1609695620234,2021-01-03T17:40:20.234Z,sell,7.61e-06,112.0,0.0008523199999999
NXS/BTC,1609695624788,2021-01-03T17:40:24.788Z,sell,7.61e-06,75.0,0.00057075
NXS/BTC,1609695626306,2021-01-03T17:40:26.306Z,sell,7.61e-06,40.0,0.0003044
NXS/BTC,1609695653259,2021-01-03T17:40:53.259Z,sell,7.61e-06,158.0,0.00120238
NXS/BTC,1609695671230,2021-01-03T17:41:11.230Z,sell,7.61e-06,117.0,0.00089037
NXS/BTC,1609695680493,2021-01-03T17:41:20.493Z,sell,7.61e-06,1144.0,0.00870584
NXS/BTC,1609695682974,2021-01-03T17:41:22.974Z,sell,7.61e-06,150.0,0.0011415
NXS/BTC,1609695702513,2021-01-03T17:41:42.513Z,sell,7.61e-06,17.0,0.00012937
NXS/BTC,1609695715248,2021-01-03T17:41:55.248Z,sell,7.61e-06,1354.0,0.01030394
NXS/BTC,1609695723398,2021-01-03T17:42:03.398Z,sell,7.61e-06,4.0,3.044e-05
NXS/BTC,1609695723398,2021-01-03T17:42:03.398Z,sell,7.58e-06,317.0,0.00240286
NXS/BTC,1609695723398,2021-01-03T17:42:03.398Z,sell,7.57e-06,241.0,0.00182437
NXS/BTC,1609695736719,2021-01-03T17:42:16.719Z,sell,7.57e-06,328.0,0.00248296
NXS/BTC,1609695755612,2021-01-03T17:42:35.612Z,sell,7.57e-06,145.0,0.00109765
NXS/BTC,1609695759333,2021-01-03T17:42:39.333Z,sell,7.57e-06,367.0,0.00277819
NXS/BTC,1609695779287,2021-01-03T17:42:59.287Z,sell,7.57e-06,31.0,0.00023467
NXS/BTC,1609695782671,2021-01-03T17:43:02.671Z,sell,7.57e-06,2508.0,0.01898556
NXS/BTC,1609695788973,2021-01-03T17:43:08.973Z,sell,7.57e-06,330.0,0.0024981
NXS/BTC,1609695807641,2021-01-03T17:43:27.641Z,sell,7.57e-06,178.0,0.00134746
NXS/BTC,1609695815695,2021-01-03T17:43:35.695Z,sell,7.57e-06,122.0,0.00092354
NXS/BTC,1609695837906,2021-01-03T17:43:57.906Z,sell,7.57e-06,51.0,0.00038607
NXS/BTC,1609695850096,2021-01-03T17:44:10.096Z,sell,7.57e-06,1079.0,0.00816803
NXS/BTC,1609695853054,2021-01-03T17:44:13.054Z,buy,7.57e-06,154.0,0.00116578
NXS/BTC,1609695864102,2021-01-03T17:44:24.102Z,buy,7.57e-06,51.0,0.00038607
NXS/BTC,1609695909905,2021-01-03T17:45:09.905Z,sell,7.57e-06,75.0,0.00056775
NXS/BTC,1609695944919,2021-01-03T17:45:44.919Z,buy,7.61e-06,415.0,0.00315815
NXS/BTC,1609695944941,2021-01-03T17:45:44.941Z,sell,7.57e-06,134.0,0.00101438
NXS/BTC,1609695949470,2021-01-03T17:45:49.470Z,buy,7.57e-06,301.0,0.00227857
NXS/BTC,1609695949827,2021-01-03T17:45:49.827Z,buy,7.57e-06,185.0,0.00140045
NXS/BTC,1609695957660,2021-01-03T17:45:57.660Z,buy,7.57e-06,112.0,0.00084784
NXS/BTC,1609695969300,2021-01-03T17:46:09.300Z,buy,7.56e-06,81.0,0.0006123599999999
NXS/BTC,1609695969501,2021-01-03T17:46:09.501Z,buy,7.56e-06,23.0,0.0001738799999999
NXS/BTC,1609695969839,2021-01-03T17:46:09.839Z,buy,7.56e-06,252.0,0.00190512
NXS/BTC,1609695969839,2021-01-03T17:46:09.839Z,buy,7.57e-06,809.0,0.00612413
NXS/BTC,1609696038879,2021-01-03T17:47:18.879Z,sell,7.56e-06,50.0,0.0003779999999999
NXS/BTC,1609696038879,2021-01-03T17:47:18.879Z,sell,7.55e-06,99.0,0.00074745
NXS/BTC,1609696063400,2021-01-03T17:47:43.400Z,sell,7.55e-06,169.0,0.0012759499999999
NXS/BTC,1609696100536,2021-01-03T17:48:20.536Z,buy,7.54e-06,30.0,0.0002262
NXS/BTC,1609696100536,2021-01-03T17:48:20.536Z,buy,7.55e-06,25.0,0.0001887499999999
NXS/BTC,1609696121569,2021-01-03T17:48:41.569Z,sell,7.41e-06,41.0,0.00030381
NXS/BTC,1609696126614,2021-01-03T17:48:46.614Z,sell,7.35e-06,124.0,0.0009114
NXS/BTC,1609696130362,2021-01-03T17:48:50.362Z,sell,7.35e-06,50.0,0.0003675
NXS/BTC,1609696135339,2021-01-03T17:48:55.339Z,buy,7.4e-06,124.0,0.0009176
NXS/BTC,1609696136605,2021-01-03T17:48:56.605Z,sell,7.4e-06,117.0,0.0008658
NXS/BTC,1609696136605,2021-01-03T17:48:56.605Z,sell,7.33e-06,143.0,0.00104819
NXS/BTC,1609696136605,2021-01-03T17:48:56.605Z,sell,7.32e-06,2038.0,0.01491816
NXS/BTC,1609696136605,2021-01-03T17:48:56.605Z,sell,7.3e-06,2322.0,0.0169506
NXS/BTC,1609696136619,2021-01-03T17:48:56.619Z,buy,7.3e-06,125.0,0.0009125
NXS/BTC,1609696137302,2021-01-03T17:48:57.302Z,buy,7.3e-06,3138.0,0.0229074
NXS/BTC,1609696149022,2021-01-03T17:49:09.022Z,sell,7.3e-06,5224.0,0.0381352
NXS/BTC,1609696149022,2021-01-03T17:49:09.022Z,sell,7.29e-06,391.0,0.00285039
NXS/BTC,1609696149022,2021-01-03T17:49:09.022Z,sell,7.28e-06,8181.0,0.0595576799999999
NXS/BTC,1609696149022,2021-01-03T17:49:09.022Z,sell,7.27e-06,1459.0,0.01060693
NXS/BTC,1609696149022,2021-01-03T17:49:09.022Z,sell,7.26e-06,755.0,0.0054813
NXS/BTC,1609696155300,2021-01-03T17:49:15.300Z,buy,7.3e-06,145.0,0.0010585
NXS/BTC,1609696156327,2021-01-03T17:49:16.327Z,buy,7.3e-06,132.0,0.0009636
NXS/BTC,1609696156761,2021-01-03T17:49:16.761Z,buy,7.3e-06,765.0,0.0055845
NXS/BTC,1609696157357,2021-01-03T17:49:17.357Z,sell,7.28e-06,29.0,0.00021112
NXS/BTC,1609696158122,2021-01-03T17:49:18.122Z,buy,7.3e-06,273.0,0.0019929
NXS/BTC,1609696158560,2021-01-03T17:49:18.560Z,buy,7.3e-06,1665.0,0.0121545
NXS/BTC,1609696159376,2021-01-03T17:49:19.376Z,buy,7.3e-06,475.0,0.0034675
NXS/BTC,1609696161539,2021-01-03T17:49:21.539Z,buy,7.3e-06,475.0,0.0034675
NXS/BTC,1609696162087,2021-01-03T17:49:22.087Z,buy,7.3e-06,273.0,0.0019929
NXS/BTC,1609696165656,2021-01-03T17:49:25.656Z,buy,7.3e-06,127.0,0.0009271
NXS/BTC,1609696166128,2021-01-03T17:49:26.128Z,buy,7.3e-06,128.0,0.0009344
NXS/BTC,1609696173889,2021-01-03T17:49:33.889Z,sell,7.28e-06,128.0,0.00093184
NXS/BTC,1609696178093,2021-01-03T17:49:38.093Z,buy,7.3e-06,159.0,0.0011607
NXS/BTC,1609696182190,2021-01-03T17:49:42.190Z,buy,7.3e-06,259.0,0.0018907
NXS/BTC,1609696187296,2021-01-03T17:49:47.296Z,buy,7.3e-06,46.0,0.0003358
NXS/BTC,1609696187387,2021-01-03T17:49:47.387Z,sell,7.3e-06,42.0,0.0003066
NXS/BTC,1609696188502,2021-01-03T17:49:48.502Z,sell,7.3e-06,73.0,0.0005329
NXS/BTC,1609696230395,2021-01-03T17:50:30.395Z,buy,7.3e-06,167.0,0.0012191
NXS/BTC,1609696256846,2021-01-03T17:50:56.846Z,buy,7.32e-06,132.0,0.00096624
NXS/BTC,1609696268136,2021-01-03T17:51:08.136Z,sell,7.29e-06,69.0,0.00050301
NXS/BTC,1609696287074,2021-01-03T17:51:27.074Z,sell,7.29e-06,461.0,0.00336069
NXS/BTC,1609696307812,2021-01-03T17:51:47.812Z,buy,7.32e-06,273.0,0.00199836
NXS/BTC,1609696329175,2021-01-03T17:52:09.175Z,sell,7.29e-06,51.0,0.00037179
NXS/BTC,1609696347309,2021-01-03T17:52:27.309Z,buy,7.3e-06,51.0,0.0003723
NXS/BTC,1609696351491,2021-01-03T17:52:31.491Z,sell,7.29e-06,1017.0,0.00741393
NXS/BTC,1609696398272,2021-01-03T17:53:18.272Z,sell,7.29e-06,3136.0,0.02286144
NXS/BTC,1609696399221,2021-01-03T17:53:19.221Z,buy,7.29e-06,2673.0,0.01948617
NXS/BTC,1609696423330,2021-01-03T17:53:43.330Z,buy,7.3e-06,126.0,0.0009198
NXS/BTC,1609696508274,2021-01-03T17:55:08.274Z,buy,7.31e-06,824.0,0.00602344
NXS/BTC,1609696530975,2021-01-03T17:55:30.975Z,sell,7.3e-06,14.0,0.0001022
NXS/BTC,1609696531355,2021-01-03T17:55:31.355Z,buy,7.3e-06,286.0,0.0020878
NXS/BTC,1609696545437,2021-01-03T17:55:45.437Z,buy,7.31e-06,77.0,0.00056287
NXS/BTC,1609696583313,2021-01-03T17:56:23.313Z,buy,7.31e-06,23.0,0.00016813
NXS/BTC,1609696615959,2021-01-03T17:56:55.959Z,buy,7.32e-06,22.0,0.00016104
NXS/BTC,1609696651284,2021-01-03T17:57:31.284Z,buy,7.32e-06,47.0,0.00034404
NXS/BTC,1609696684301,2021-01-03T17:58:04.301Z,buy,7.33e-06,41.0,0.00030053
NXS/BTC,1609696693045,2021-01-03T17:58:13.045Z,sell,7.32e-06,55.0,0.0004026
NXS/BTC,1609696836585,2021-01-03T18:00:36.585Z,sell,7.32e-06,160.0,0.0011712
NXS/BTC,1609696853807,2021-01-03T18:00:53.807Z,buy,7.36e-06,70.0,0.0005152
NXS/BTC,1609696853807,2021-01-03T18:00:53.807Z,buy,7.37e-06,43.0,0.00031691
NXS/BTC,1609696853807,2021-01-03T18:00:53.807Z,buy,7.38e-06,123.0,0.00090774
NXS/BTC,1609696853807,2021-01-03T18:00:53.807Z,buy,7.4e-06,72.0,0.0005328
NXS/BTC,1609696853807,2021-01-03T18:00:53.807Z,buy,7.41e-06,45.0,0.00033345
NXS/BTC,1609696853807,2021-01-03T18:00:53.807Z,buy,7.42e-06,147.0,0.00109074
NXS/BTC,1609696867679,2021-01-03T18:01:07.679Z,buy,7.42e-06,231.0,0.00171402
NXS/BTC,1609696903883,2021-01-03T18:01:43.883Z,buy,7.44e-06,974.0,0.00724656
NXS/BTC,1609696910729,2021-01-03T18:01:50.729Z,buy,7.44e-06,23.0,0.00017112
NXS/BTC,1609697171950,2021-01-03T18:06:11.950Z,sell,7.35e-06,322.0,0.0023667
NXS/BTC,1609697184856,2021-01-03T18:06:24.856Z,sell,7.36e-06,67.0,0.00049312
NXS/BTC,1609697187555,2021-01-03T18:06:27.555Z,sell,7.36e-06,33.0,0.00024288
NXS/BTC,1609697216196,2021-01-03T18:06:56.196Z,buy,7.38e-06,67.0,0.00049446
NXS/BTC,1609697216196,2021-01-03T18:06:56.196Z,buy,7.39e-06,33.0,0.00024387
NXS/BTC,1609697216196,2021-01-03T18:06:56.196Z,buy,7.4e-06,6347.0,0.0469678
NXS/BTC,1609697281616,2021-01-03T18:08:01.616Z,sell,7.36e-06,258.0,0.00189888
NXS/BTC,1609697281616,2021-01-03T18:08:01.616Z,sell,7.35e-06,55.0,0.00040425
NXS/BTC,1609697301175,2021-01-03T18:08:21.175Z,buy,7.35e-06,797.0,0.00585795
NXS/BTC,1609697301175,2021-01-03T18:08:21.175Z,buy,7.35e-06,797.0,0.00585795
NXS/BTC,1609697368271,2021-01-03T18:09:28.271Z,sell,7.33e-06,300.0,0.002199
NXS/BTC,1609697395243,2021-01-03T18:09:55.243Z,sell,7.33e-06,700.0,0.005131
NXS/BTC,1609697401419,2021-01-03T18:10:01.419Z,sell,7.26e-06,173.0,0.00125598
NXS/BTC,1609697401419,2021-01-03T18:10:01.419Z,sell,7.25e-06,359.0,0.00260275
NXS/BTC,1609697401419,2021-01-03T18:10:01.419Z,sell,7.23e-06,124.0,0.00089652
NXS/BTC,1609697401419,2021-01-03T18:10:01.419Z,sell,7.22e-06,448.0,0.00323456
NXS/BTC,1609697401419,2021-01-03T18:10:01.419Z,sell,7.19e-06,70.0,0.0005033
NXS/BTC,1609697401419,2021-01-03T18:10:01.419Z,sell,7.17e-06,2087.0,0.01496379
NXS/BTC,1609697401558,2021-01-03T18:10:01.558Z,buy,7.29e-06,164.0,0.00119556
NXS/BTC,1609697401558,2021-01-03T18:10:01.558Z,buy,7.3e-06,90.0,0.000657
NXS/BTC,1609697408370,2021-01-03T18:10:08.370Z,buy,7.28e-06,258.0,0.00187824
NXS/BTC,1609697409562,2021-01-03T18:10:09.562Z,buy,7.29e-06,70.0,0.0005103
NXS/BTC,1609697409562,2021-01-03T18:10:09.562Z,buy,7.3e-06,2243.0,0.0163739
NXS/BTC,1609697420870,2021-01-03T18:10:20.870Z,buy,7.29e-06,2673.0,0.01948617
NXS/BTC,1609697420870,2021-01-03T18:10:20.870Z,buy,7.3e-06,316.0,0.0023068
NXS/BTC,1609697428960,2021-01-03T18:10:28.960Z,buy,7.3e-06,421.0,0.0030733
NXS/BTC,1609697467935,2021-01-03T18:11:07.935Z,sell,7.28e-06,69.0,0.00050232
NXS/BTC,1609697468256,2021-01-03T18:11:08.256Z,sell,7.28e-06,41.0,0.00029848
NXS/BTC,1609697516483,2021-01-03T18:11:56.483Z,sell,7.28e-06,230.0,0.0016744
NXS/BTC,1609697528819,2021-01-03T18:12:08.819Z,sell,7.28e-06,985.0,0.0071708
NXS/BTC,1609697630038,2021-01-03T18:13:50.038Z,sell,7.28e-06,915.0,0.0066612
NXS/BTC,1609697734664,2021-01-03T18:15:34.664Z,sell,7.28e-06,891.0,0.00648648
NXS/BTC,1609697750407,2021-01-03T18:15:50.407Z,buy,7.3e-06,46.0,0.0003358
NXS/BTC,1609697754285,2021-01-03T18:15:54.285Z,buy,7.3e-06,669.0,0.0048837
NXS/BTC,1609697758372,2021-01-03T18:15:58.372Z,buy,7.31e-06,129.0,0.00094299
NXS/BTC,1609697812381,2021-01-03T18:16:52.381Z,buy,7.32e-06,41.0,0.00030012
NXS/BTC,1609697927728,2021-01-03T18:18:47.728Z,sell,7.31e-06,2564.0,0.01874284
NXS/BTC,1609697938319,2021-01-03T18:18:58.319Z,buy,7.32e-06,448.0,0.00327936
NXS/BTC,1609697948023,2021-01-03T18:19:08.023Z,sell,7.31e-06,185.0,0.00135235
NXS/BTC,1609697981488,2021-01-03T18:19:41.488Z,sell,7.31e-06,240.0,0.0017544
NXS/BTC,1609698029713,2021-01-03T18:20:29.713Z,sell,7.31e-06,124.0,0.00090644
NXS/BTC,1609698038683,2021-01-03T18:20:38.683Z,sell,7.31e-06,984.0,0.00719304
NXS/BTC,1609698076835,2021-01-03T18:21:16.835Z,sell,7.31e-06,130.0,0.0009503
NXS/BTC,1609698166202,2021-01-03T18:22:46.202Z,sell,7.31e-06,200.0,0.001462
NXS/BTC,1609698207782,2021-01-03T18:23:27.782Z,sell,7.31e-06,66.0,0.00048246
NXS/BTC,1609698237758,2021-01-03T18:23:57.758Z,buy,7.34e-06,124.0,0.00091016
NXS/BTC,1609698237758,2021-01-03T18:23:57.758Z,buy,7.35e-06,213.0,0.00156555
NXS/BTC,1609698237758,2021-01-03T18:23:57.758Z,buy,7.38e-06,45.0,0.0003321
NXS/BTC,1609698237758,2021-01-03T18:23:57.758Z,buy,7.39e-06,117.0,0.00086463
NXS/BTC,1609698237758,2021-01-03T18:23:57.758Z,buy,7.4e-06,3437.0,0.0254338
NXS/BTC,1609698253747,2021-01-03T18:24:13.747Z,buy,7.42e-06,4585.0,0.0340207
NXS/BTC,1609698266283,2021-01-03T18:24:26.283Z,buy,7.43e-06,73.0,0.00054239
NXS/BTC,1609698345006,2021-01-03T18:25:45.006Z,buy,7.43e-06,56.0,0.00041608
NXS/BTC,1609698346326,2021-01-03T18:25:46.326Z,buy,7.43e-06,6.0,4.458e-05
NXS/BTC,1609698346326,2021-01-03T18:25:46.326Z,buy,7.45e-06,22.0,0.0001639
NXS/BTC,1609698348698,2021-01-03T18:25:48.698Z,buy,7.45e-06,28.0,0.0002086
NXS/BTC,1609698359172,2021-01-03T18:25:59.172Z,buy,7.45e-06,160.0,0.001192
NXS/BTC,1609698360511,2021-01-03T18:26:00.511Z,buy,7.45e-06,80.0,0.000596
NXS/BTC,1609698362990,2021-01-03T18:26:02.990Z,buy,7.45e-06,80.0,0.000596
NXS/BTC,1609698453385,2021-01-03T18:27:33.385Z,sell,7.37e-06,106.0,0.00078122
NXS/BTC,1609698453385,2021-01-03T18:27:33.385Z,sell,7.32e-06,114.0,0.00083448
NXS/BTC,1609698471155,2021-01-03T18:27:51.155Z,sell,7.25e-06,46.0,0.0003335
NXS/BTC,1609698471155,2021-01-03T18:27:51.155Z,sell,7.24e-06,579.0,0.00419196
NXS/BTC,1609698471155,2021-01-03T18:27:51.155Z,sell,7.19e-06,8.0,5.752e-05
NXS/BTC,1609698475932,2021-01-03T18:27:55.932Z,buy,7.25e-06,136.0,0.000986
NXS/BTC,1609698478587,2021-01-03T18:27:58.587Z,buy,7.25e-06,256.0,0.001856
NXS/BTC,1609698499053,2021-01-03T18:28:19.053Z,sell,7.25e-06,68.0,0.000493
NXS/BTC,1609698499360,2021-01-03T18:28:19.360Z,sell,7.25e-06,41.0,0.00029725
NXS/BTC,1609698501920,2021-01-03T18:28:21.920Z,buy,7.28e-06,111.0,0.00080808
NXS/BTC,1609698501920,2021-01-03T18:28:21.920Z,buy,7.31e-06,92.0,0.00067252
NXS/BTC,1609698502294,2021-01-03T18:28:22.294Z,buy,7.31e-06,203.0,0.00148393
NXS/BTC,1609698511306,2021-01-03T18:28:31.306Z,buy,7.32e-06,115.0,0.0008418
NXS/BTC,1609698511306,2021-01-03T18:28:31.306Z,buy,7.36e-06,250.0,0.00184
NXS/BTC,1609698515347,2021-01-03T18:28:35.347Z,buy,7.4e-06,181.0,0.0013394
NXS/BTC,1609698528656,2021-01-03T18:28:48.656Z,buy,7.38e-06,477.0,0.00352026
NXS/BTC,1609698643532,2021-01-03T18:30:43.532Z,sell,7.23e-06,77.0,0.00055671
NXS/BTC,1609698654358,2021-01-03T18:30:54.358Z,sell,7.23e-06,228.0,0.00164844
NXS/BTC,1609698781592,2021-01-03T18:33:01.592Z,buy,7.3e-06,14.0,0.0001022
NXS/BTC,1609698960112,2021-01-03T18:36:00.112Z,sell,7.24e-06,3001.0,0.02172724
NXS/BTC,1609698970170,2021-01-03T18:36:10.170Z,sell,7.24e-06,80.0,0.0005792
NXS/BTC,1609698998358,2021-01-03T18:36:38.358Z,buy,7.3e-06,284.0,0.0020732
NXS/BTC,1609699000468,2021-01-03T18:36:40.468Z,buy,7.3e-06,319.0,0.0023287
NXS/BTC,1609699028492,2021-01-03T18:37:08.492Z,sell,7.25e-06,2144.0,0.015544
NXS/BTC,1609699071203,2021-01-03T18:37:51.203Z,buy,7.3e-06,3055.0,0.0223015
NXS/BTC,1609699210674,2021-01-03T18:40:10.674Z,buy,7.3e-06,379.0,0.0027667
NXS/BTC,1609699213470,2021-01-03T18:40:13.470Z,sell,7.25e-06,1658.0,0.0120205
NXS/BTC,1609699213470,2021-01-03T18:40:13.470Z,sell,7.22e-06,716.0,0.00516952
NXS/BTC,1609699218897,2021-01-03T18:40:18.897Z,sell,7.22e-06,136.0,0.00098192
NXS/BTC,1609699226833,2021-01-03T18:40:26.833Z,sell,7.23e-06,950.0,0.0068685
NXS/BTC,1609699227325,2021-01-03T18:40:27.325Z,sell,7.23e-06,108.0,0.00078084
NXS/BTC,1609699263643,2021-01-03T18:41:03.643Z,sell,7.24e-06,270.0,0.0019548
NXS/BTC,1609699263643,2021-01-03T18:41:03.643Z,sell,7.23e-06,350.0,0.0025305
NXS/BTC,1609699300174,2021-01-03T18:41:40.174Z,sell,7.25e-06,14.0,0.0001015
NXS/BTC,1609699300174,2021-01-03T18:41:40.174Z,sell,7.23e-06,151.0,0.00109173
NXS/BTC,1609699368229,2021-01-03T18:42:48.229Z,buy,7.29e-06,270.0,0.0019683
NXS/BTC,1609699368229,2021-01-03T18:42:48.229Z,buy,7.3e-06,1230.0,0.008979
NXS/BTC,1609699388442,2021-01-03T18:43:08.442Z,sell,7.25e-06,485.0,0.00351625
NXS/BTC,1609699475624,2021-01-03T18:44:35.624Z,buy,7.3e-06,150.0,0.001095
NXS/BTC,1609699489985,2021-01-03T18:44:49.985Z,buy,7.3e-06,1736.0,0.0126728
NXS/BTC,1609699489985,2021-01-03T18:44:49.985Z,buy,7.35e-06,372.0,0.0027342
NXS/BTC,1609699545352,2021-01-03T18:45:45.352Z,buy,7.38e-06,28.0,0.00020664
NXS/BTC,1609699549577,2021-01-03T18:45:49.577Z,sell,7.36e-06,407.0,0.0029955199999999
NXS/BTC,1609699549577,2021-01-03T18:45:49.577Z,sell,7.3e-06,21.0,0.0001533
NXS/BTC,1609699919255,2021-01-03T18:51:59.255Z,sell,7.31e-06,45.0,0.00032895
NXS/BTC,1609699936340,2021-01-03T18:52:16.340Z,sell,7.31e-06,82.0,0.00059942
NXS/BTC,1609700017786,2021-01-03T18:53:37.786Z,sell,7.31e-06,17.0,0.00012427
NXS/BTC,1609700032467,2021-01-03T18:53:52.467Z,sell,7.31e-06,96.0,0.00070176
NXS/BTC,1609700093015,2021-01-03T18:54:53.015Z,sell,7.26e-06,108.0,0.00078408
NXS/BTC,1609700101109,2021-01-03T18:55:01.109Z,sell,7.25e-06,126.0,0.0009135
NXS/BTC,1609700106814,2021-01-03T18:55:06.814Z,sell,7.24e-06,248.0,0.00179552
NXS/BTC,1609700106814,2021-01-03T18:55:06.814Z,sell,7.23e-06,824.0,0.00595752
NXS/BTC,1609700116239,2021-01-03T18:55:16.239Z,buy,7.24e-06,135.0,0.0009774
NXS/BTC,1609700116246,2021-01-03T18:55:16.246Z,buy,7.24e-06,113.0,0.00081812
NXS/BTC,1609700226825,2021-01-03T18:57:06.825Z,sell,7.23e-06,805.0,0.00582015
NXS/BTC,1609700263910,2021-01-03T18:57:43.910Z,sell,7.23e-06,31.0,0.00022413
NXS/BTC,1609700263910,2021-01-03T18:57:43.910Z,sell,7.22e-06,1516.0,0.01094552
NXS/BTC,1609700329714,2021-01-03T18:58:49.714Z,sell,7.22e-06,598.0,0.00431756
NXS/BTC,1609700405610,2021-01-03T19:00:05.610Z,buy,7.31e-06,1000.0,0.00731
NXS/BTC,1609700467756,2021-01-03T19:01:07.756Z,sell,7.23e-06,273.0,0.00197379
NXS/BTC,1609700467756,2021-01-03T19:01:07.756Z,sell,7.22e-06,77.0,0.00055594
NXS/BTC,1609700574045,2021-01-03T19:02:54.045Z,sell,7.22e-06,14.0,0.00010108
NXS/BTC,1609700674843,2021-01-03T19:04:34.843Z,sell,7.22e-06,452.0,0.00326344
NXS/BTC,1609700750122,2021-01-03T19:05:50.122Z,buy,7.22e-06,270.0,0.0019494
NXS/BTC,1609700750122,2021-01-03T19:05:50.122Z,buy,7.22e-06,270.0,0.0019494
NXS/BTC,1609700924309,2021-01-03T19:08:44.309Z,sell,7.21e-06,586.0,0.00422506
NXS/BTC,1609700958277,2021-01-03T19:09:18.277Z,sell,7.21e-06,42.0,0.00030282
NXS/BTC,1609700981369,2021-01-03T19:09:41.369Z,buy,7.22e-06,1040.0,0.0075088
NXS/BTC,1609701104232,2021-01-03T19:11:44.232Z,sell,7.22e-06,227.0,0.00163894
NXS/BTC,1609701116873,2021-01-03T19:11:56.873Z,sell,7.22e-06,41.0,0.00029602
NXS/BTC,1609701128160,2021-01-03T19:12:08.160Z,sell,7.22e-06,126.0,0.00090972
NXS/BTC,1609701128160,2021-01-03T19:12:08.160Z,sell,7.21e-06,4174.0,0.03009454
NXS/BTC,1609701207831,2021-01-03T19:13:27.831Z,sell,7.21e-06,14.0,0.0001009399999999
NXS/BTC,1609701207831,2021-01-03T19:13:27.831Z,sell,7.2e-06,3038.0,0.0218736
NXS/BTC,1609701300849,2021-01-03T19:15:00.849Z,sell,7.2e-06,332.0,0.0023904
NXS/BTC,1609701410220,2021-01-03T19:16:50.220Z,buy,7.24e-06,42.0,0.00030408
NXS/BTC,1609701410220,2021-01-03T19:16:50.220Z,buy,7.27e-06,89.0,0.0006470299999999
NXS/BTC,1609701499639,2021-01-03T19:18:19.639Z,sell,7.21e-06,285.0,0.00205485
NXS/BTC,1609701577989,2021-01-03T19:19:37.989Z,sell,7.21e-06,4365.0,0.03147165
NXS/BTC,1609701694474,2021-01-03T19:21:34.474Z,sell,7.19e-06,486.0,0.00349434
NXS/BTC,1609701718303,2021-01-03T19:21:58.303Z,sell,7.19e-06,70.0,0.0005033
NXS/BTC,1609701740502,2021-01-03T19:22:20.502Z,buy,7.2e-06,154.0,0.0011087999999999
NXS/BTC,1609701807232,2021-01-03T19:23:27.232Z,sell,7.19e-06,162.0,0.00116478
NXS/BTC,1609702111311,2021-01-03T19:28:31.311Z,buy,7.2e-06,816.0,0.0058752
NXS/BTC,1609702126057,2021-01-03T19:28:46.057Z,sell,7.19e-06,126.0,0.0009059399999999
NXS/BTC,1609702170467,2021-01-03T19:29:30.467Z,sell,7.19e-06,1991.0,0.01431529
NXS/BTC,1609702191477,2021-01-03T19:29:51.477Z,sell,7.19e-06,113.0,0.0008124699999999
NXS/BTC,1609702192270,2021-01-03T19:29:52.270Z,buy,7.2e-06,394.0,0.0028368
NXS/BTC,1609702215406,2021-01-03T19:30:15.406Z,sell,7.19e-06,166.0,0.0011935399999999
NXS/BTC,1609702412597,2021-01-03T19:33:32.597Z,buy,7.21e-06,198.0,0.00142758
NXS/BTC,1609702457709,2021-01-03T19:34:17.709Z,buy,7.21e-06,208.0,0.00149968
NXS/BTC,1609702534254,2021-01-03T19:35:34.254Z,sell,7.19e-06,1280.0,0.0092032
NXS/BTC,1609702580808,2021-01-03T19:36:20.808Z,sell,7.19e-06,73.0,0.00052487
NXS/BTC,1609702585016,2021-01-03T19:36:25.016Z,sell,7.19e-06,483.0,0.00347277
NXS/BTC,1609702585016,2021-01-03T19:36:25.016Z,sell,7.18e-06,109.0,0.00078262
NXS/BTC,1609702585016,2021-01-03T19:36:25.016Z,sell,7.17e-06,238.0,0.00170646
NXS/BTC,1609702631906,2021-01-03T19:37:11.906Z,buy,7.21e-06,2207.0,0.0159124699999999
NXS/BTC,1609702632248,2021-01-03T19:37:12.248Z,buy,7.22e-06,70.0,0.0005054
NXS/BTC,1609702641978,2021-01-03T19:37:21.978Z,buy,7.26e-06,71.0,0.00051546
NXS/BTC,1609702641978,2021-01-03T19:37:21.978Z,buy,7.28e-06,44.0,0.0003203199999999
NXS/BTC,1609702641978,2021-01-03T19:37:21.978Z,buy,7.29e-06,276.0,0.00201204
NXS/BTC,1609702784117,2021-01-03T19:39:44.117Z,buy,7.28e-06,114.0,0.0008299199999999
NXS/BTC,1609702818954,2021-01-03T19:40:18.954Z,buy,7.3e-06,1028.0,0.0075044
NXS/BTC,1609702833566,2021-01-03T19:40:33.566Z,buy,7.32e-06,46.0,0.00033672
NXS/BTC,1609702868132,2021-01-03T19:41:08.132Z,sell,7.32e-06,14.0,0.00010248
NXS/BTC,1609702908701,2021-01-03T19:41:48.701Z,buy,7.34e-06,21.0,0.00015414
NXS/BTC,1609702923692,2021-01-03T19:42:03.692Z,buy,7.34e-06,54.0,0.00039636
NXS/BTC,1609702923692,2021-01-03T19:42:03.692Z,buy,7.36e-06,48.0,0.00035328
NXS/BTC,1609702927521,2021-01-03T19:42:07.521Z,sell,7.36e-06,200.0,0.001472
NXS/BTC,1609702960167,2021-01-03T19:42:40.167Z,sell,7.36e-06,2.0,1.472e-05
NXS/BTC,1609702960625,2021-01-03T19:42:40.625Z,sell,7.3e-06,19.0,0.0001387
NXS/BTC,1609702989773,2021-01-03T19:43:09.773Z,sell,7.3e-06,20.0,0.000146
NXS/BTC,1609703021030,2021-01-03T19:43:41.030Z,sell,7.3e-06,219.0,0.0015987
NXS/BTC,1609703061256,2021-01-03T19:44:21.256Z,buy,7.37e-06,21.0,0.0001547699999999
NXS/BTC,1609703212101,2021-01-03T19:46:52.101Z,sell,7.28e-06,1286.0,0.00936208
NXS/BTC,1609703270367,2021-01-03T19:47:50.367Z,buy,7.35e-06,20.0,0.000147
NXS/BTC,1609703335824,2021-01-03T19:48:55.824Z,buy,7.35e-06,383.0,0.00281505
NXS/BTC,1609703554066,2021-01-03T19:52:34.066Z,sell,7.28e-06,47.0,0.00034216
NXS/BTC,1609703554066,2021-01-03T19:52:34.066Z,sell,7.27e-06,289.0,0.00210103
NXS/BTC,1609703569504,2021-01-03T19:52:49.504Z,sell,7.26e-06,229.0,0.00166254
NXS/BTC,1609703576785,2021-01-03T19:52:56.785Z,sell,7.26e-06,1189.0,0.00863214
NXS/BTC,1609703608093,2021-01-03T19:53:28.093Z,sell,7.26e-06,234.0,0.00169884
NXS/BTC,1609703608093,2021-01-03T19:53:28.093Z,sell,7.25e-06,1422.0,0.0103095
NXS/BTC,1609703619737,2021-01-03T19:53:39.737Z,sell,7.24e-06,1142.0,0.00826808
NXS/BTC,1609703622146,2021-01-03T19:53:42.146Z,sell,7.23e-06,1552.0,0.01122096
NXS/BTC,1609703624093,2021-01-03T19:53:44.093Z,sell,7.22e-06,1585.0,0.0114437
NXS/BTC,1609703626634,2021-01-03T19:53:46.634Z,sell,7.21e-06,1262.0,0.00909902
NXS/BTC,1609703649678,2021-01-03T19:54:09.678Z,sell,7.22e-06,263.0,0.00189886
NXS/BTC,1609703649678,2021-01-03T19:54:09.678Z,sell,7.21e-06,31.0,0.0002235099999999
NXS/BTC,1609703666082,2021-01-03T19:54:26.082Z,sell,7.2e-06,1342.0,0.0096624
NXS/BTC,1609703786443,2021-01-03T19:56:26.443Z,buy,7.2e-06,341.0,0.0024552
NXS/BTC,1609703787808,2021-01-03T19:56:27.808Z,buy,7.2e-06,62.0,0.0004463999999999
NXS/BTC,1609703822732,2021-01-03T19:57:02.732Z,sell,7.19e-06,59.0,0.00042421
NXS/BTC,1609703822732,2021-01-03T19:57:02.732Z,sell,7.18e-06,73.0,0.00052414
NXS/BTC,1609703914826,2021-01-03T19:58:34.826Z,buy,7.2e-06,179.0,0.0012887999999999
NXS/BTC,1609703950374,2021-01-03T19:59:10.374Z,buy,7.2e-06,131.0,0.0009431999999999
NXS/BTC,1609703961367,2021-01-03T19:59:21.367Z,buy,7.2e-06,1144.0,0.0082367999999999
NXS/BTC,1609703980521,2021-01-03T19:59:40.521Z,sell,7.2e-06,302.0,0.0021744
NXS/BTC,1609703983083,2021-01-03T19:59:43.083Z,sell,7.19e-06,5952.0,0.04279488
NXS/BTC,1609703991950,2021-01-03T19:59:51.950Z,buy,7.2e-06,1119.0,0.0080568
NXS/BTC,1609704165924,2021-01-03T20:02:45.924Z,sell,7.21e-06,818.0,0.00589778
NXS/BTC,1609704185617,2021-01-03T20:03:05.617Z,sell,7.21e-06,5851.0,0.0421857099999999
NXS/BTC,1609704293481,2021-01-03T20:04:53.481Z,sell,7.2e-06,251.0,0.0018072
NXS/BTC,1609704293481,2021-01-03T20:04:53.481Z,sell,7.18e-06,152.0,0.00109136
NXS/BTC,1609704293481,2021-01-03T20:04:53.481Z,sell,7.17e-06,3254.0,0.02333118
NXS/BTC,1609704307979,2021-01-03T20:05:07.979Z,buy,7.17e-06,14.0,0.00010038
NXS/BTC,1609704320948,2021-01-03T20:05:20.948Z,sell,7.15e-06,42.0,0.0003003
NXS/BTC,1609704320948,2021-01-03T20:05:20.948Z,sell,7.15e-06,42.0,0.0003003
NXS/BTC,1609704401754,2021-01-03T20:06:41.754Z,sell,7.15e-06,5015.0,0.03585725
NXS/BTC,1609704436247,2021-01-03T20:07:16.247Z,sell,7.1e-06,415.0,0.0029465
NXS/BTC,1609704436247,2021-01-03T20:07:16.247Z,sell,7.05e-06,10628.0,0.0749274
NXS/BTC,1609704436980,2021-01-03T20:07:16.980Z,buy,7.05e-06,152.0,0.0010716
NXS/BTC,1609704466543,2021-01-03T20:07:46.543Z,buy,7.05e-06,263.0,0.00185415
NXS/BTC,1609704488025,2021-01-03T20:08:08.025Z,buy,7.06e-06,15.0,0.0001059
NXS/BTC,1609704489729,2021-01-03T20:08:09.729Z,sell,7.02e-06,71.0,0.00049842
NXS/BTC,1609704497269,2021-01-03T20:08:17.269Z,sell,7.02e-06,624.0,0.00438048
NXS/BTC,1609704598299,2021-01-03T20:09:58.299Z,sell,7.03e-06,2567.0,0.0180460099999999
NXS/BTC,1609704612487,2021-01-03T20:10:12.487Z,sell,7.02e-06,3360.0,0.0235872
NXS/BTC,1609704614351,2021-01-03T20:10:14.351Z,buy,7.02e-06,345.0,0.0024219
NXS/BTC,1609704623744,2021-01-03T20:10:23.744Z,sell,7.01e-06,196.0,0.00137396
NXS/BTC,1609704623744,2021-01-03T20:10:23.744Z,sell,7.01e-06,2042.0,0.01431442
NXS/BTC,1609704626114,2021-01-03T20:10:26.114Z,sell,7.01e-06,3279.0,0.02298579
NXS/BTC,1609704631380,2021-01-03T20:10:31.380Z,buy,7.05e-06,299.0,0.00210795
NXS/BTC,1609704632245,2021-01-03T20:10:32.245Z,buy,7.06e-06,26.0,0.00018356
NXS/BTC,1609704632245,2021-01-03T20:10:32.245Z,buy,7.07e-06,258.0,0.00182406
NXS/BTC,1609704632566,2021-01-03T20:10:32.566Z,buy,7.07e-06,427.0,0.00301889
NXS/BTC,1609704719329,2021-01-03T20:11:59.329Z,sell,7.02e-06,74.0,0.00051948
NXS/BTC,1609704732328,2021-01-03T20:12:12.328Z,sell,7.01e-06,2937.0,0.0205883699999999
NXS/BTC,1609704738463,2021-01-03T20:12:18.463Z,sell,7e-06,165.0,0.001155
NXS/BTC,1609704738463,2021-01-03T20:12:18.463Z,sell,7e-06,807.0,0.0056489999999999
NXS/BTC,1609704740538,2021-01-03T20:12:20.538Z,sell,7e-06,1862.0,0.013034
NXS/BTC,1609704753093,2021-01-03T20:12:33.093Z,sell,7.01e-06,2327.0,0.01631227
NXS/BTC,1609704761612,2021-01-03T20:12:41.612Z,sell,7e-06,2094.0,0.014658
NXS/BTC,1609704780959,2021-01-03T20:13:00.959Z,sell,6.99e-06,1694.0,0.01184106
NXS/BTC,1609704787621,2021-01-03T20:13:07.621Z,sell,7e-06,1736.0,0.012152
NXS/BTC,1609704826277,2021-01-03T20:13:46.277Z,buy,7e-06,204.0,0.001428
NXS/BTC,1609704839259,2021-01-03T20:13:59.259Z,sell,6.98e-06,1530.0,0.0106794
NXS/BTC,1609704849208,2021-01-03T20:14:09.208Z,sell,6.97e-06,26.0,0.00018122
NXS/BTC,1609704854095,2021-01-03T20:14:14.095Z,sell,6.97e-06,1202.0,0.00837794
NXS/BTC,1609704871640,2021-01-03T20:14:31.640Z,sell,6.96e-06,1317.0,0.00916632
NXS/BTC,1609704881483,2021-01-03T20:14:41.483Z,sell,6.95e-06,1141.0,0.00792995
NXS/BTC,1609704887740,2021-01-03T20:14:47.740Z,sell,6.96e-06,424.0,0.00295104
NXS/BTC,1609704894245,2021-01-03T20:14:54.245Z,sell,6.97e-06,43.0,0.00029971
NXS/BTC,1609704915725,2021-01-03T20:15:15.725Z,sell,6.97e-06,130.0,0.0009061
NXS/BTC,1609704948859,2021-01-03T20:15:48.859Z,sell,6.97e-06,1059.0,0.00738123
NXS/BTC,1609704953016,2021-01-03T20:15:53.016Z,sell,6.98e-06,27.0,0.00018846
NXS/BTC,1609704968850,2021-01-03T20:16:08.850Z,buy,7e-06,200.0,0.0014
NXS/BTC,1609705002986,2021-01-03T20:16:42.986Z,buy,7e-06,567.0,0.003969
NXS/BTC,1609705009863,2021-01-03T20:16:49.863Z,buy,7.03e-06,37.0,0.00026011
NXS/BTC,1609705034630,2021-01-03T20:17:14.630Z,sell,7.01e-06,200.0,0.001402
NXS/BTC,1609705084975,2021-01-03T20:18:04.975Z,sell,7.02e-06,179.0,0.00125658
NXS/BTC,1609705091563,2021-01-03T20:18:11.563Z,buy,7.03e-06,862.0,0.0060598599999999
NXS/BTC,1609705114809,2021-01-03T20:18:34.809Z,buy,7.03e-06,521.0,0.0036626299999999
NXS/BTC,1609705114809,2021-01-03T20:18:34.809Z,buy,7.04e-06,45.0,0.0003168
NXS/BTC,1609705114809,2021-01-03T20:18:34.809Z,buy,7.06e-06,625.0,0.0044125
NXS/BTC,1609705114809,2021-01-03T20:18:34.809Z,buy,7.08e-06,47.0,0.00033276
NXS/BTC,1609705114809,2021-01-03T20:18:34.809Z,buy,7.09e-06,3210.0,0.0227589
NXS/BTC,1609705250323,2021-01-03T20:20:50.323Z,sell,7.06e-06,1282.0,0.00905092
NXS/BTC,1609705250732,2021-01-03T20:20:50.732Z,sell,7.03e-06,2679.0,0.01883337
NXS/BTC,1609705251140,2021-01-03T20:20:51.140Z,sell,6.98e-06,860.0,0.0060028
NXS/BTC,1609705274166,2021-01-03T20:21:14.166Z,sell,6.99e-06,71.0,0.00049629
NXS/BTC,1609705286488,2021-01-03T20:21:26.488Z,buy,7.02e-06,72.0,0.00050544
NXS/BTC,1609705286488,2021-01-03T20:21:26.488Z,buy,7.06e-06,76.0,0.00053656
NXS/BTC,1609705286488,2021-01-03T20:21:26.488Z,buy,7.1e-06,80.0,0.0005679999999999
NXS/BTC,1609705286488,2021-01-03T20:21:26.488Z,buy,7.12e-06,1858.0,0.01322896
NXS/BTC,1609705372170,2021-01-03T20:22:52.170Z,sell,6.99e-06,112.0,0.00078288
NXS/BTC,1609705372170,2021-01-03T20:22:52.170Z,sell,6.95e-06,404.0,0.0028078
NXS/BTC,1609705372170,2021-01-03T20:22:52.170Z,sell,6.94e-06,2384.0,0.0165449599999999
NXS/BTC,1609705379167,2021-01-03T20:22:59.167Z,sell,6.94e-06,29.0,0.0002012599999999
NXS/BTC,1609705399270,2021-01-03T20:23:19.270Z,sell,6.94e-06,72.0,0.00049968
NXS/BTC,1609705399833,2021-01-03T20:23:19.833Z,sell,6.94e-06,44.0,0.0003053599999999
NXS/BTC,1609705400783,2021-01-03T20:23:20.783Z,buy,6.97e-06,29.0,0.00020213
NXS/BTC,1609705400783,2021-01-03T20:23:20.783Z,buy,7e-06,279.0,0.0019529999999999
NXS/BTC,1609705401310,2021-01-03T20:23:21.310Z,buy,6.97e-06,116.0,0.00080852
NXS/BTC,1609705401310,2021-01-03T20:23:21.310Z,buy,7e-06,16.0,0.000112
NXS/BTC,1609705401310,2021-01-03T20:23:21.310Z,buy,7.01e-06,18.0,0.00012618
NXS/BTC,1609705402636,2021-01-03T20:23:22.636Z,buy,7.01e-06,131.0,0.00091831
NXS/BTC,1609705422952,2021-01-03T20:23:42.952Z,sell,6.95e-06,72.0,0.0005004
NXS/BTC,1609705434898,2021-01-03T20:23:54.898Z,sell,6.95e-06,115.0,0.00079925
NXS/BTC,1609705440461,2021-01-03T20:24:00.461Z,sell,6.95e-06,858.0,0.0059631
NXS/BTC,1609705485777,2021-01-03T20:24:45.777Z,buy,6.95e-06,323.0,0.00224485
NXS/BTC,1609705488126,2021-01-03T20:24:48.126Z,buy,6.95e-06,216.0,0.0015012
NXS/BTC,1609705492378,2021-01-03T20:24:52.378Z,buy,6.95e-06,30.0,0.0002085
NXS/BTC,1609705511729,2021-01-03T20:25:11.729Z,buy,6.98e-06,43.0,0.00030014
NXS/BTC,1609705511749,2021-01-03T20:25:11.749Z,buy,6.98e-06,29.0,0.00020242
NXS/BTC,1609705546261,2021-01-03T20:25:46.261Z,buy,7.02e-06,29.0,0.00020358
NXS/BTC,1609705808014,2021-01-03T20:30:08.014Z,sell,7.01e-06,625.0,0.00438125
NXS/BTC,1609705868558,2021-01-03T20:31:08.558Z,sell,7e-06,22.0,0.000154
NXS/BTC,1609706034104,2021-01-03T20:33:54.104Z,sell,7e-06,162.0,0.001134
NXS/BTC,1609706034104,2021-01-03T20:33:54.104Z,sell,6.99e-06,137.0,0.00095763
NXS/BTC,1609706051505,2021-01-03T20:34:11.505Z,sell,6.99e-06,6.0,4.194e-05
NXS/BTC,1609706087477,2021-01-03T20:34:47.477Z,sell,6.96e-06,24.0,0.00016704
NXS/BTC,1609706178160,2021-01-03T20:36:18.160Z,sell,6.98e-06,256.0,0.00178688
NXS/BTC,1609706479008,2021-01-03T20:41:19.008Z,sell,7e-06,404.0,0.002828
NXS/BTC,1609706496661,2021-01-03T20:41:36.661Z,buy,7.01e-06,382.0,0.00267782
NXS/BTC,1609706497982,2021-01-03T20:41:37.982Z,buy,7.01e-06,20098.0,0.14088698
NXS/BTC,1609706547748,2021-01-03T20:42:27.748Z,buy,7.01e-06,6000.0,0.04206
NXS/BTC,1609706739691,2021-01-03T20:45:39.691Z,buy,7.01e-06,213.0,0.00149313
NXS/BTC,1609707000350,2021-01-03T20:50:00.350Z,sell,7e-06,28.0,0.000196
NXS/BTC,1609707396242,2021-01-03T20:56:36.242Z,sell,7e-06,94.0,0.000658
NXS/BTC,1609707443750,2021-01-03T20:57:23.750Z,buy,7.01e-06,141.0,0.00098841
NXS/BTC,1609707446058,2021-01-03T20:57:26.058Z,buy,7.01e-06,188.0,0.00131788
NXS/BTC,1609707454408,2021-01-03T20:57:34.408Z,sell,7e-06,1871.0,0.013097
NXS/BTC,1609707591598,2021-01-03T20:59:51.598Z,sell,6.96e-06,38.0,0.00026448
NXS/BTC,1609707605281,2021-01-03T21:00:05.281Z,sell,6.95e-06,1839.0,0.01278105
NXS/BTC,1609707627919,2021-01-03T21:00:27.919Z,sell,6.92e-06,21.0,0.00014532
NXS/BTC,1609707630981,2021-01-03T21:00:30.981Z,sell,6.89e-06,157.0,0.00108173
NXS/BTC,1609707630981,2021-01-03T21:00:30.981Z,sell,6.88e-06,4.0,2.752e-05
NXS/BTC,1609707636930,2021-01-03T21:00:36.930Z,sell,6.88e-06,171.0,0.00117648
NXS/BTC,1609707636930,2021-01-03T21:00:36.930Z,sell,6.87e-06,113.0,0.00077631
NXS/BTC,1609707637235,2021-01-03T21:00:37.235Z,sell,6.87e-06,108.0,0.00074196
NXS/BTC,1609707637235,2021-01-03T21:00:37.235Z,sell,6.86e-06,135.0,0.0009261
NXS/BTC,1609707637235,2021-01-03T21:00:37.235Z,sell,6.85e-06,3.0,2.055e-05
NXS/BTC,1609707637235,2021-01-03T21:00:37.235Z,sell,6.85e-06,61.0,0.00041785
NXS/BTC,1609707651760,2021-01-03T21:00:51.760Z,sell,6.86e-06,72.0,0.00049392
NXS/BTC,1609707656303,2021-01-03T21:00:56.303Z,sell,6.88e-06,308.0,0.00211904
NXS/BTC,1609707657169,2021-01-03T21:00:57.169Z,sell,6.88e-06,73.0,0.00050224
NXS/BTC,1609707657380,2021-01-03T21:00:57.380Z,sell,6.88e-06,44.0,0.00030272
NXS/BTC,1609707667984,2021-01-03T21:01:07.984Z,buy,6.89e-06,15.0,0.00010335
NXS/BTC,1609707693514,2021-01-03T21:01:33.514Z,sell,6.88e-06,381.0,0.00262128
NXS/BTC,1609707706367,2021-01-03T21:01:46.367Z,sell,6.88e-06,326.0,0.00224288
NXS/BTC,1609707762494,2021-01-03T21:02:42.494Z,buy,6.89e-06,58.0,0.00039962
NXS/BTC,1609707762494,2021-01-03T21:02:42.494Z,buy,6.91e-06,117.0,0.0008084699999999
NXS/BTC,1609707879621,2021-01-03T21:04:39.621Z,buy,6.93e-06,76.0,0.00052668
NXS/BTC,1609707912158,2021-01-03T21:05:12.158Z,buy,6.95e-06,121.0,0.00084095
NXS/BTC,1609707912158,2021-01-03T21:05:12.158Z,buy,6.95e-06,121.0,0.00084095
NXS/BTC,1609707937331,2021-01-03T21:05:37.331Z,sell,6.96e-06,64.0,0.00044544
NXS/BTC,1609707963679,2021-01-03T21:06:03.679Z,buy,6.97e-06,78.0,0.00054366
NXS/BTC,1609707964886,2021-01-03T21:06:04.886Z,buy,6.98e-06,76.0,0.00053048
NXS/BTC,1609708008104,2021-01-03T21:06:48.104Z,buy,6.99e-06,48.0,0.00033552
NXS/BTC,1609708008104,2021-01-03T21:06:48.104Z,buy,7e-06,81.0,0.000567
NXS/BTC,1609708008104,2021-01-03T21:06:48.104Z,buy,7.02e-06,107.0,0.00075114
NXS/BTC,1609708028039,2021-01-03T21:07:08.039Z,sell,7e-06,15.0,0.000105
NXS/BTC,1609708032681,2021-01-03T21:07:12.681Z,buy,7.02e-06,59.0,0.00041418
NXS/BTC,1609708034216,2021-01-03T21:07:14.216Z,buy,7.02e-06,29.0,0.00020358
NXS/BTC,1609708061622,2021-01-03T21:07:41.622Z,sell,7e-06,121.0,0.000847
NXS/BTC,1609708062069,2021-01-03T21:07:42.069Z,sell,7e-06,78.0,0.000546
NXS/BTC,1609708097470,2021-01-03T21:08:17.470Z,sell,6.98e-06,76.0,0.00053048
NXS/BTC,1609708117003,2021-01-03T21:08:37.003Z,buy,7.02e-06,81.0,0.0005686199999999
NXS/BTC,1609708117003,2021-01-03T21:08:37.003Z,buy,7.04e-06,3.0,2.112e-05
NXS/BTC,1609708121865,2021-01-03T21:08:41.865Z,buy,7.04e-06,41.0,0.00028864
NXS/BTC,1609708123307,2021-01-03T21:08:43.307Z,buy,7.04e-06,41.0,0.00028864
NXS/BTC,1609708124351,2021-01-03T21:08:44.351Z,buy,7.04e-06,261.0,0.00183744
NXS/BTC,1609708130069,2021-01-03T21:08:50.069Z,sell,6.96e-06,170.0,0.0011832
NXS/BTC,1609708159680,2021-01-03T21:09:19.680Z,buy,7.04e-06,545.0,0.0038368
NXS/BTC,1609708705071,2021-01-03T21:18:25.071Z,sell,7.02e-06,439.0,0.0030817799999999
NXS/BTC,1609708705071,2021-01-03T21:18:25.071Z,sell,6.93e-06,145.0,0.00100485
NXS/BTC,1609708752145,2021-01-03T21:19:12.145Z,sell,6.94e-06,107.0,0.00074258
NXS/BTC,1609708830814,2021-01-03T21:20:30.814Z,buy,7.03e-06,413.0,0.00290339
NXS/BTC,1609709104330,2021-01-03T21:25:04.330Z,sell,6.99e-06,56.0,0.00039144
NXS/BTC,1609709146192,2021-01-03T21:25:46.192Z,buy,7.02e-06,29.0,0.00020358
NXS/BTC,1609709390759,2021-01-03T21:29:50.759Z,sell,7.01e-06,388.0,0.00271988
NXS/BTC,1609709411294,2021-01-03T21:30:11.294Z,buy,7.02e-06,1176.0,0.0082555199999999
NXS/BTC,1609709411549,2021-01-03T21:30:11.549Z,buy,7.03e-06,518.0,0.00364154
NXS/BTC,1609709426252,2021-01-03T21:30:26.252Z,sell,7.03e-06,29.0,0.0002038699999999
NXS/BTC,1609709446192,2021-01-03T21:30:46.192Z,sell,7.03e-06,37.0,0.00026011
NXS/BTC,1609709559624,2021-01-03T21:32:39.624Z,sell,7.03e-06,350.0,0.0024605
NXS/BTC,1609709651695,2021-01-03T21:34:11.695Z,buy,7.04e-06,107.0,0.00075328
NXS/BTC,1609709716590,2021-01-03T21:35:16.590Z,sell,7.03e-06,78.0,0.0005483399999999
NXS/BTC,1609709758964,2021-01-03T21:35:58.964Z,sell,7.03e-06,498.0,0.0035009399999999
NXS/BTC,1609709759287,2021-01-03T21:35:59.287Z,sell,7.03e-06,81.0,0.00056943
NXS/BTC,1609709761539,2021-01-03T21:36:01.539Z,sell,7.03e-06,709.0,0.00498427
NXS/BTC,1609709803731,2021-01-03T21:36:43.731Z,buy,7.04e-06,809.0,0.00569536
NXS/BTC,1609709846569,2021-01-03T21:37:26.569Z,buy,7.04e-06,415.0,0.0029216
NXS/BTC,1609709866626,2021-01-03T21:37:46.626Z,sell,7.03e-06,160.0,0.0011248
NXS/BTC,1609709993964,2021-01-03T21:39:53.964Z,sell,7.03e-06,841.0,0.00591223
NXS/BTC,1609710049618,2021-01-03T21:40:49.618Z,sell,7.03e-06,111.0,0.00078033
NXS/BTC,1609710196837,2021-01-03T21:43:16.837Z,buy,7.04e-06,15.0,0.0001056
NXS/BTC,1609710252010,2021-01-03T21:44:12.010Z,buy,7.04e-06,948.0,0.00667392
NXS/BTC,1609710272432,2021-01-03T21:44:32.432Z,buy,7.05e-06,539.0,0.00379995
NXS/BTC,1609710289201,2021-01-03T21:44:49.201Z,buy,7.06e-06,132.0,0.00093192
NXS/BTC,1609710295980,2021-01-03T21:44:55.980Z,sell,7.06e-06,61.0,0.00043066
NXS/BTC,1609710342891,2021-01-03T21:45:42.891Z,buy,7.08e-06,32.0,0.00022656
NXS/BTC,1609710389944,2021-01-03T21:46:29.944Z,sell,7.08e-06,539.0,0.00381612
