symbol,timestamp,datetime,side,price,amount,btc_volume
NXS/BTC,1569002412779,2019-09-20T18:00:12.779Z,sell,2.282e-05,1485.0,0.0338877
NXS/BTC,1569002479311,2019-09-20T18:01:19.311Z,sell,2.281e-05,2808.0,0.06405048
NXS/BTC,1569002859116,2019-09-20T18:07:39.116Z,sell,2.279e-05,495.0,0.01128105
NXS/BTC,1569004493303,2019-09-20T18:34:53.303Z,buy,2.296e-05,2.0,4.592e-05
NXS/BTC,1569004547380,2019-09-20T18:35:47.380Z,buy,2.296e-05,10.0,0.0002296
NXS/BTC,1569005343547,2019-09-20T18:49:03.547Z,sell,2.285e-05,124.0,0.0028334
NXS/BTC,1569005343547,2019-09-20T18:49:03.547Z,sell,2.282e-05,438.0,0.00999516
NXS/BTC,1569005343547,2019-09-20T18:49:03.547Z,sell,2.281e-05,592.0,0.01350352
NXS/BTC,1569005343547,2019-09-20T18:49:03.547Z,sell,2.285e-05,124.0,0.0028334
NXS/BTC,1569005343547,2019-09-20T18:49:03.547Z,sell,2.282e-05,438.0,0.00999516
NXS/BTC,1569005343547,2019-09-20T18:49:03.547Z,sell,2.281e-05,592.0,0.01350352
NXS/BTC,1569006043750,2019-09-20T19:00:43.750Z,buy,2.296e-05,2.0,4.592e-05
NXS/BTC,1569006043768,2019-09-20T19:00:43.768Z,buy,2.296e-05,2.0,4.592e-05
NXS/BTC,1569006156365,2019-09-20T19:02:36.365Z,buy,2.296e-05,24.0,0.00055104
NXS/BTC,1569006461586,2019-09-20T19:07:41.586Z,buy,2.299e-05,51.0,0.00117249
NXS/BTC,1569006553411,2019-09-20T19:09:13.411Z,sell,2.296e-05,61.0,0.00140056
NXS/BTC,1569006571855,2019-09-20T19:09:31.855Z,sell,2.286e-05,75.0,0.0017145
NXS/BTC,1569006571995,2019-09-20T19:09:31.995Z,buy,2.286e-05,57.0,0.00130302
NXS/BTC,1569006574771,2019-09-20T19:09:34.771Z,sell,2.285e-05,30.0,0.0006855
NXS/BTC,1569006574793,2019-09-20T19:09:34.793Z,buy,2.285e-05,69.0,0.00157665
NXS/BTC,1569006577849,2019-09-20T19:09:37.849Z,sell,2.284e-05,149.0,0.00340316
NXS/BTC,1569006579691,2019-09-20T19:09:39.691Z,sell,2.284e-05,149.0,0.00340316
NXS/BTC,1569006920207,2019-09-20T19:15:20.207Z,sell,2.29e-05,112.0,0.0025648
NXS/BTC,1569006920207,2019-09-20T19:15:20.207Z,sell,2.289e-05,74.0,0.00169386
NXS/BTC,1569007975062,2019-09-20T19:32:55.062Z,sell,2.289e-05,40.0,0.0009155999999999
NXS/BTC,1569008157796,2019-09-20T19:35:57.796Z,buy,2.297e-05,220.0,0.0050533999999999
NXS/BTC,1569008157796,2019-09-20T19:35:57.796Z,buy,2.298e-05,650.0,0.014937
NXS/BTC,1569008398409,2019-09-20T19:39:58.409Z,sell,2.289e-05,11.0,0.00025179
NXS/BTC,1569008416803,2019-09-20T19:40:16.803Z,buy,2.289e-05,46.0,0.00105294
NXS/BTC,1569008416803,2019-09-20T19:40:16.803Z,buy,2.295e-05,1310.0,0.0300644999999999
NXS/BTC,1569008416803,2019-09-20T19:40:16.803Z,buy,2.296e-05,1901.0,0.04364696
NXS/BTC,1569008416803,2019-09-20T19:40:16.803Z,buy,2.299e-05,30.0,0.0006896999999999
NXS/BTC,1569008416803,2019-09-20T19:40:16.803Z,buy,2.3e-05,386.0,0.008878
NXS/BTC,1569008416803,2019-09-20T19:40:16.803Z,buy,2.301e-05,1910.0,0.0439491
NXS/BTC,1569008416803,2019-09-20T19:40:16.803Z,buy,2.305e-05,560.0,0.012908
NXS/BTC,1569008416803,2019-09-20T19:40:16.803Z,buy,2.306e-05,618.0,0.01425108
NXS/BTC,1569008416803,2019-09-20T19:40:16.803Z,buy,2.31e-05,596.0,0.0137676
NXS/BTC,1569008416803,2019-09-20T19:40:16.803Z,buy,2.311e-05,584.0,0.01349624
NXS/BTC,1569008416803,2019-09-20T19:40:16.803Z,buy,2.312e-05,339.0,0.00783768
NXS/BTC,1569008416803,2019-09-20T19:40:16.803Z,buy,2.316e-05,29.0,0.0006716399999999
NXS/BTC,1569008416803,2019-09-20T19:40:16.803Z,buy,2.317e-05,574.0,0.01329958
NXS/BTC,1569008416803,2019-09-20T19:40:16.803Z,buy,2.319e-05,7080.0,0.1641852
NXS/BTC,1569008416803,2019-09-20T19:40:16.803Z,buy,2.32e-05,643.0,0.0149176
NXS/BTC,1569008416803,2019-09-20T19:40:16.803Z,buy,2.323e-05,21.0,0.0004878299999999
NXS/BTC,1569008416803,2019-09-20T19:40:16.803Z,buy,2.324e-05,1319.0,0.03065356
NXS/BTC,1569008416803,2019-09-20T19:40:16.803Z,buy,2.325e-05,2484.0,0.057753
NXS/BTC,1569008416803,2019-09-20T19:40:16.803Z,buy,2.326e-05,148.0,0.00344248
NXS/BTC,1569008416803,2019-09-20T19:40:16.803Z,buy,2.327e-05,87.0,0.00202449
NXS/BTC,1569008416803,2019-09-20T19:40:16.803Z,buy,2.328e-05,131.0,0.00304968
NXS/BTC,1569008416803,2019-09-20T19:40:16.803Z,buy,2.329e-05,3918.0,0.0912502199999999
NXS/BTC,1569008416803,2019-09-20T19:40:16.803Z,buy,2.33e-05,4574.81,0.106593073
NXS/BTC,1569008416803,2019-09-20T19:40:16.803Z,buy,2.331e-05,2189.0,0.0510255899999999
NXS/BTC,1569008416803,2019-09-20T19:40:16.803Z,buy,2.332e-05,2292.0,0.05344944
NXS/BTC,1569008417802,2019-09-20T19:40:17.802Z,sell,2.332e-05,0.19,4.4308e-06
NXS/BTC,1569008417802,2019-09-20T19:40:17.802Z,sell,2.305e-05,43.81,0.0010098205
NXS/BTC,1569008417812,2019-09-20T19:40:17.812Z,sell,2.305e-05,44.0,0.0010142
NXS/BTC,1569008418457,2019-09-20T19:40:18.457Z,buy,2.314e-05,6.0,0.00013884
NXS/BTC,1569008421121,2019-09-20T19:40:21.121Z,sell,2.305e-05,437.0,0.01007285
NXS/BTC,1569008477718,2019-09-20T19:41:17.718Z,buy,2.314e-05,298.0,0.0068957199999999
NXS/BTC,1569008491140,2019-09-20T19:41:31.140Z,sell,2.31e-05,16.0,0.0003696
NXS/BTC,1569008491140,2019-09-20T19:41:31.140Z,sell,2.305e-05,158.0,0.0036419
NXS/BTC,1569008534309,2019-09-20T19:42:14.309Z,sell,2.305e-05,93.0,0.00214365
NXS/BTC,1569008611034,2019-09-20T19:43:31.034Z,sell,2.305e-05,75.0,0.00172875
NXS/BTC,1569008611034,2019-09-20T19:43:31.034Z,sell,2.304e-05,95.0,0.0021888
NXS/BTC,1569008759166,2019-09-20T19:45:59.166Z,buy,2.306e-05,51.0,0.00117606
NXS/BTC,1569008888209,2019-09-20T19:48:08.209Z,sell,2.306e-05,5.0,0.0001153
NXS/BTC,1569008888209,2019-09-20T19:48:08.209Z,sell,2.306e-05,5.0,0.0001153
NXS/BTC,1569009196900,2019-09-20T19:53:16.900Z,buy,2.315e-05,6.0,0.0001389
NXS/BTC,1569009196900,2019-09-20T19:53:16.900Z,buy,2.319e-05,168.0,0.0038959199999999
NXS/BTC,1569009196900,2019-09-20T19:53:16.900Z,buy,2.32e-05,90.0,0.002088
NXS/BTC,1569009993476,2019-09-20T20:06:33.476Z,buy,2.318e-05,204.0,0.00472872
NXS/BTC,1569009993476,2019-09-20T20:06:33.476Z,buy,2.32e-05,1536.0,0.0356352
NXS/BTC,1569009993476,2019-09-20T20:06:33.476Z,buy,2.323e-05,5.0,0.00011615
NXS/BTC,1569009993476,2019-09-20T20:06:33.476Z,buy,2.324e-05,1879.0,0.04366796
NXS/BTC,1569009993476,2019-09-20T20:06:33.476Z,buy,2.33e-05,16.0,0.0003728
NXS/BTC,1569009993476,2019-09-20T20:06:33.476Z,buy,2.333e-05,878.0,0.02048374
NXS/BTC,1569009993476,2019-09-20T20:06:33.476Z,buy,2.334e-05,207.0,0.00483138
NXS/BTC,1569009993476,2019-09-20T20:06:33.476Z,buy,2.335e-05,1088.0,0.0254047999999999
NXS/BTC,1569009993476,2019-09-20T20:06:33.476Z,buy,2.339e-05,12.0,0.00028068
NXS/BTC,1569009993476,2019-09-20T20:06:33.476Z,buy,2.34e-05,1931.45,0.04519593
NXS/BTC,1569009993476,2019-09-20T20:06:33.476Z,buy,2.344e-05,2173.0,0.05093512
NXS/BTC,1569009993476,2019-09-20T20:06:33.476Z,buy,2.345e-05,1459.0,0.03421355
NXS/BTC,1569009993476,2019-09-20T20:06:33.476Z,buy,2.346e-05,6.0,0.00014076
NXS/BTC,1569009993476,2019-09-20T20:06:33.476Z,buy,2.349e-05,2787.0,0.06546663
NXS/BTC,1569009993476,2019-09-20T20:06:33.476Z,buy,2.35e-05,6831.98,0.1605515299999999
NXS/BTC,1569009993498,2019-09-20T20:06:33.498Z,sell,2.35e-05,345.0,0.0081075
NXS/BTC,1569009993505,2019-09-20T20:06:33.505Z,sell,2.35e-05,3496.0,0.0821559999999999
NXS/BTC,1569009993525,2019-09-20T20:06:33.525Z,sell,2.35e-05,2414.0,0.0567289999999999
NXS/BTC,1569009993537,2019-09-20T20:06:33.537Z,buy,2.351e-05,430.0,0.0101093
NXS/BTC,1569009993537,2019-09-20T20:06:33.537Z,buy,2.355e-05,348.0,0.0081954
NXS/BTC,1569009993537,2019-09-20T20:06:33.537Z,sell,2.35e-05,149.0,0.0035015
NXS/BTC,1569009993549,2019-09-20T20:06:33.549Z,buy,2.355e-05,430.0,0.0101265
NXS/BTC,1569009993549,2019-09-20T20:06:33.549Z,buy,2.356e-05,49.0,0.00115444
NXS/BTC,1569009993549,2019-09-20T20:06:33.549Z,buy,2.36e-05,641.82,0.015146952
NXS/BTC,1569009993549,2019-09-20T20:06:33.549Z,buy,2.361e-05,12.0,0.00028332
NXS/BTC,1569009993549,2019-09-20T20:06:33.549Z,buy,2.364e-05,35.0,0.0008274
NXS/BTC,1569009993549,2019-09-20T20:06:33.549Z,buy,2.369e-05,6.0,0.00014214
NXS/BTC,1569009993549,2019-09-20T20:06:33.549Z,buy,2.37e-05,59.0,0.0013983
NXS/BTC,1569009993549,2019-09-20T20:06:33.549Z,buy,2.373e-05,11.0,0.00026103
NXS/BTC,1569009993549,2019-09-20T20:06:33.549Z,buy,2.38e-05,1035.18,0.024637284
NXS/BTC,1569009993549,2019-09-20T20:06:33.549Z,sell,2.35e-05,110.0,0.002585
NXS/BTC,1569009993566,2019-09-20T20:06:33.566Z,sell,2.35e-05,345.0,0.0081075
NXS/BTC,1569009993578,2019-09-20T20:06:33.578Z,sell,2.35e-05,51.0,0.0011985
NXS/BTC,1569009993648,2019-09-20T20:06:33.648Z,sell,2.35e-05,164.0,0.003854
NXS/BTC,1569009994014,2019-09-20T20:06:34.014Z,buy,2.351e-05,30.0,0.0007053
NXS/BTC,1569009994014,2019-09-20T20:06:34.014Z,buy,2.38e-05,119.0,0.0028322
NXS/BTC,1569009995793,2019-09-20T20:06:35.793Z,sell,2.352e-05,85.0,0.0019992
NXS/BTC,1569009996233,2019-09-20T20:06:36.233Z,sell,2.352e-05,49.0,0.00115248
NXS/BTC,1569009996443,2019-09-20T20:06:36.443Z,sell,2.353e-05,124.0,0.00291772
NXS/BTC,1569009996885,2019-09-20T20:06:36.885Z,sell,2.353e-05,61.0,0.00143533
NXS/BTC,1569009996980,2019-09-20T20:06:36.980Z,sell,2.353e-05,48.0,0.00112944
NXS/BTC,1569009999027,2019-09-20T20:06:39.027Z,sell,2.353e-05,106.0,0.00249418
NXS/BTC,1569010000171,2019-09-20T20:06:40.171Z,sell,2.352e-05,65.0,0.0015287999999999
NXS/BTC,1569010001023,2019-09-20T20:06:41.023Z,sell,2.352e-05,4060.0,0.0954912
NXS/BTC,1569010001939,2019-09-20T20:06:41.939Z,sell,2.352e-05,57.0,0.00134064
NXS/BTC,1569010001952,2019-09-20T20:06:41.952Z,sell,2.352e-05,5.0,0.0001175999999999
NXS/BTC,1569010001952,2019-09-20T20:06:41.952Z,sell,2.35e-05,314.0,0.0073789999999999
NXS/BTC,1569010002326,2019-09-20T20:06:42.326Z,sell,2.35e-05,39.0,0.0009165
NXS/BTC,1569010002622,2019-09-20T20:06:42.622Z,sell,2.35e-05,52.0,0.001222
NXS/BTC,1569010003733,2019-09-20T20:06:43.733Z,sell,2.35e-05,44.0,0.001034
NXS/BTC,1569010005454,2019-09-20T20:06:45.454Z,sell,2.35e-05,61.0,0.0014334999999999
NXS/BTC,1569010009328,2019-09-20T20:06:49.328Z,sell,2.35e-05,61.0,0.0014334999999999
NXS/BTC,1569010010000,2019-09-20T20:06:50.000Z,sell,2.35e-05,4000.0,0.094
NXS/BTC,1569010010551,2019-09-20T20:06:50.551Z,sell,2.35e-05,419.0,0.0098465
NXS/BTC,1569010013001,2019-09-20T20:06:53.001Z,sell,2.35e-05,46.0,0.001081
NXS/BTC,1569010016439,2019-09-20T20:06:56.439Z,sell,2.35e-05,352.0,0.008272
NXS/BTC,1569010016441,2019-09-20T20:06:56.441Z,sell,2.35e-05,41.0,0.0009635
NXS/BTC,1569010016441,2019-09-20T20:06:56.441Z,sell,2.35e-05,30.0,0.000705
NXS/BTC,1569010017147,2019-09-20T20:06:57.147Z,sell,2.35e-05,61.0,0.0014334999999999
NXS/BTC,1569010020162,2019-09-20T20:07:00.162Z,sell,2.35e-05,437.0,0.0102694999999999
NXS/BTC,1569010020495,2019-09-20T20:07:00.495Z,sell,2.35e-05,5.0,0.0001175
NXS/BTC,1569010028075,2019-09-20T20:07:08.075Z,sell,2.35e-05,12.0,0.0002819999999999
NXS/BTC,1569010041494,2019-09-20T20:07:21.494Z,sell,2.35e-05,576.0,0.013536
NXS/BTC,1569010075594,2019-09-20T20:07:55.594Z,buy,2.351e-05,5.0,0.00011755
NXS/BTC,1569010075594,2019-09-20T20:07:55.594Z,buy,2.352e-05,6.0,0.00014112
NXS/BTC,1569010221763,2019-09-20T20:10:21.763Z,sell,2.35e-05,257.57,0.0060528949999999
NXS/BTC,1569010224598,2019-09-20T20:10:24.598Z,sell,2.332e-05,93.0,0.00216876
NXS/BTC,1569010224598,2019-09-20T20:10:24.598Z,sell,2.331e-05,93.0,0.00216783
NXS/BTC,1569010224598,2019-09-20T20:10:24.598Z,sell,2.33e-05,440.0,0.010252
NXS/BTC,1569010224598,2019-09-20T20:10:24.598Z,sell,2.329e-05,60.0,0.0013974
NXS/BTC,1569010224598,2019-09-20T20:10:24.598Z,sell,2.328e-05,14.0,0.00032592
NXS/BTC,1569010224601,2019-09-20T20:10:24.601Z,sell,2.328e-05,175.0,0.004074
NXS/BTC,1569010224640,2019-09-20T20:10:24.640Z,sell,2.328e-05,218.0,0.00507504
NXS/BTC,1569010224669,2019-09-20T20:10:24.669Z,sell,2.328e-05,5.0,0.0001164
NXS/BTC,1569010224734,2019-09-20T20:10:24.734Z,sell,2.328e-05,657.0,0.01529496
NXS/BTC,1569010233021,2019-09-20T20:10:33.021Z,sell,2.326e-05,15.0,0.0003489
NXS/BTC,1569010236309,2019-09-20T20:10:36.309Z,sell,2.31e-05,16.0,0.0003696
NXS/BTC,1569010236309,2019-09-20T20:10:36.309Z,sell,2.309e-05,1171.0,0.02703839
NXS/BTC,1569010240614,2019-09-20T20:10:40.614Z,sell,2.308e-05,185.0,0.0042698
NXS/BTC,1569010240614,2019-09-20T20:10:40.614Z,sell,2.307e-05,33.0,0.00076131
NXS/BTC,1569010270151,2019-09-20T20:11:10.151Z,buy,2.321e-05,7.0,0.00016247
NXS/BTC,1569010270151,2019-09-20T20:11:10.151Z,buy,2.322e-05,7.0,0.00016254
NXS/BTC,1569010482148,2019-09-20T20:14:42.148Z,sell,2.314e-05,33.0,0.00076362
NXS/BTC,1569010552138,2019-09-20T20:15:52.138Z,sell,2.316e-05,12.0,0.0002779199999999
NXS/BTC,1569010571237,2019-09-20T20:16:11.237Z,sell,2.316e-05,156.0,0.0036129599999999
NXS/BTC,1569010571367,2019-09-20T20:16:11.367Z,buy,2.316e-05,172.0,0.00398352
NXS/BTC,1569010623740,2019-09-20T20:17:03.740Z,sell,2.315e-05,1797.0,0.04160055
NXS/BTC,1569010631384,2019-09-20T20:17:11.384Z,sell,2.314e-05,1953.0,0.04519242
NXS/BTC,1569010631384,2019-09-20T20:17:11.384Z,sell,2.312e-05,2026.0,0.04684112
NXS/BTC,1569010631414,2019-09-20T20:17:11.414Z,sell,2.311e-05,172.0,0.00397492
NXS/BTC,1569010634279,2019-09-20T20:17:14.279Z,sell,2.311e-05,339.0,0.00783429
NXS/BTC,1569010647041,2019-09-20T20:17:27.041Z,sell,2.311e-05,2006.0,0.04635866
NXS/BTC,1569010647041,2019-09-20T20:17:27.041Z,sell,2.31e-05,1669.0,0.0385538999999999
NXS/BTC,1569010658761,2019-09-20T20:17:38.761Z,sell,2.309e-05,293.0,0.00676537
NXS/BTC,1569010658761,2019-09-20T20:17:38.761Z,sell,2.303e-05,9.0,0.00020727
NXS/BTC,1569010658761,2019-09-20T20:17:38.761Z,sell,2.301e-05,1899.0,0.04369599
NXS/BTC,1569010661021,2019-09-20T20:17:41.021Z,sell,2.3e-05,12.0,0.000276
NXS/BTC,1569010663266,2019-09-20T20:17:43.266Z,buy,2.294e-05,18.0,0.00041292
NXS/BTC,1569010666242,2019-09-20T20:17:46.242Z,buy,2.292e-05,93.0,0.00213156
NXS/BTC,1569010666737,2019-09-20T20:17:46.737Z,buy,2.291e-05,15.0,0.00034365
NXS/BTC,1569010667247,2019-09-20T20:17:47.247Z,buy,2.293e-05,60.0,0.0013758
NXS/BTC,1569010668352,2019-09-20T20:17:48.352Z,buy,2.292e-05,406.0,0.00930552
NXS/BTC,1569010669348,2019-09-20T20:17:49.348Z,buy,2.292e-05,81.0,0.00185652
NXS/BTC,1569010924057,2019-09-20T20:22:04.057Z,sell,2.296e-05,393.0,0.00902328
NXS/BTC,1569010924057,2019-09-20T20:22:04.057Z,sell,2.295e-05,1085.0,0.02490075
NXS/BTC,1569010924098,2019-09-20T20:22:04.098Z,buy,2.295e-05,124.0,0.0028458
NXS/BTC,1569010924115,2019-09-20T20:22:04.115Z,buy,2.295e-05,124.0,0.0028458
NXS/BTC,1569010924123,2019-09-20T20:22:04.123Z,buy,2.295e-05,55.0,0.00126225
NXS/BTC,1569010924139,2019-09-20T20:22:04.139Z,buy,2.295e-05,350.0,0.0080325
NXS/BTC,1569010925677,2019-09-20T20:22:05.677Z,buy,2.295e-05,4500.0,0.1032749999999999
NXS/BTC,1569011229099,2019-09-20T20:27:09.099Z,sell,2.31e-05,10.0,0.0002309999999999
NXS/BTC,1569011860274,2019-09-20T20:37:40.274Z,sell,2.301e-05,439.0,0.01010139
NXS/BTC,1569012051661,2019-09-20T20:40:51.661Z,sell,2.302e-05,851.0,0.01959002
NXS/BTC,1569012053351,2019-09-20T20:40:53.351Z,sell,2.301e-05,214.0,0.00492414
NXS/BTC,1569012063103,2019-09-20T20:41:03.103Z,sell,2.308e-05,96.0,0.00221568
NXS/BTC,1569012129207,2019-09-20T20:42:09.207Z,buy,2.308e-05,44.0,0.00101552
NXS/BTC,1569012326068,2019-09-20T20:45:26.068Z,sell,2.302e-05,652.0,0.01500904
NXS/BTC,1569012326068,2019-09-20T20:45:26.068Z,sell,2.302e-05,652.0,0.01500904
NXS/BTC,1569012536781,2019-09-20T20:48:56.781Z,buy,2.308e-05,8.0,0.00018464
NXS/BTC,1569012737335,2019-09-20T20:52:17.335Z,sell,2.302e-05,268.0,0.00616936
NXS/BTC,1569012737335,2019-09-20T20:52:17.335Z,sell,2.301e-05,211.0,0.00485511
NXS/BTC,1569012744810,2019-09-20T20:52:24.810Z,sell,2.301e-05,339.0,0.00780039
NXS/BTC,1569013064720,2019-09-20T20:57:44.720Z,sell,2.301e-05,294.0,0.00676494
NXS/BTC,1569013878200,2019-09-20T21:11:18.200Z,sell,2.301e-05,298.0,0.00685698
NXS/BTC,1569014157866,2019-09-20T21:15:57.866Z,buy,2.315e-05,5.0,0.00011575
NXS/BTC,1569014451185,2019-09-20T21:20:51.185Z,buy,2.307e-05,20.0,0.0004614
NXS/BTC,1569014451185,2019-09-20T21:20:51.185Z,buy,2.315e-05,439.0,0.01016285
NXS/BTC,1569014451185,2019-09-20T21:20:51.185Z,buy,2.316e-05,744.0,0.01723104
NXS/BTC,1569014451185,2019-09-20T21:20:51.185Z,buy,2.307e-05,20.0,0.0004614
NXS/BTC,1569014451185,2019-09-20T21:20:51.185Z,buy,2.315e-05,439.0,0.01016285
NXS/BTC,1569014451185,2019-09-20T21:20:51.185Z,buy,2.316e-05,744.0,0.01723104
NXS/BTC,1569016892121,2019-09-20T22:01:32.121Z,buy,2.316e-05,9.0,0.0002084399999999
NXS/BTC,1569016892121,2019-09-20T22:01:32.121Z,buy,2.319e-05,71.0,0.00164649
NXS/BTC,1569017027752,2019-09-20T22:03:47.752Z,sell,2.307e-05,168.0,0.00387576
NXS/BTC,1569017077283,2019-09-20T22:04:37.283Z,sell,2.307e-05,99.0,0.00228393
NXS/BTC,1569017077283,2019-09-20T22:04:37.283Z,sell,2.307e-05,99.0,0.00228393
NXS/BTC,1569018840845,2019-09-20T22:34:00.845Z,sell,2.307e-05,200.0,0.004614
NXS/BTC,1569020643551,2019-09-20T23:04:03.551Z,sell,2.307e-05,812.0,0.01873284
NXS/BTC,1569020643551,2019-09-20T23:04:03.551Z,sell,2.307e-05,812.0,0.01873284
NXS/BTC,1569021767310,2019-09-20T23:22:47.310Z,sell,2.306e-05,556.0,0.01282136
NXS/BTC,1569022345137,2019-09-20T23:32:25.137Z,sell,2.307e-05,233.0,0.00537531
NXS/BTC,1569022397638,2019-09-20T23:33:17.638Z,sell,2.307e-05,100.0,0.002307
NXS/BTC,1569022397638,2019-09-20T23:33:17.638Z,sell,2.307e-05,100.0,0.002307
NXS/BTC,1569024325961,2019-09-21T00:05:25.961Z,buy,2.319e-05,5.0,0.00011595
NXS/BTC,1569024607573,2019-09-21T00:10:07.573Z,buy,2.319e-05,50.0,0.0011595
NXS/BTC,1569025622716,2019-09-21T00:27:02.716Z,buy,2.319e-05,9.0,0.00020871
NXS/BTC,1569025622716,2019-09-21T00:27:02.716Z,buy,2.319e-05,9.0,0.00020871
NXS/BTC,1569027788745,2019-09-21T01:03:08.745Z,buy,2.319e-05,970.0,0.0224943
NXS/BTC,1569028057893,2019-09-21T01:07:37.893Z,buy,2.324e-05,2.0,4.648e-05
NXS/BTC,1569028058011,2019-09-21T01:07:38.011Z,buy,2.324e-05,2.0,4.648e-05
NXS/BTC,1569028058081,2019-09-21T01:07:38.081Z,sell,2.323e-05,6.0,0.0001393799999999
NXS/BTC,1569028067972,2019-09-21T01:07:47.972Z,sell,2.323e-05,6.0,0.0001393799999999
NXS/BTC,1569028132377,2019-09-21T01:08:52.377Z,buy,2.324e-05,2.0,4.648e-05
NXS/BTC,1569028810059,2019-09-21T01:20:10.059Z,buy,2.33e-05,21.0,0.0004893
NXS/BTC,1569028847412,2019-09-21T01:20:47.412Z,buy,2.332e-05,206.0,0.00480392
NXS/BTC,1569028847412,2019-09-21T01:20:47.412Z,buy,2.332e-05,206.0,0.00480392
NXS/BTC,1569029391241,2019-09-21T01:29:51.241Z,sell,2.327e-05,15.0,0.00034905
NXS/BTC,1569029440226,2019-09-21T01:30:40.226Z,sell,2.327e-05,1660.0,0.0386282
NXS/BTC,1569029452434,2019-09-21T01:30:52.434Z,sell,2.326e-05,529.0,0.01230454
NXS/BTC,1569031274810,2019-09-21T02:01:14.810Z,sell,2.315e-05,160.0,0.003704
NXS/BTC,1569031274823,2019-09-21T02:01:14.823Z,sell,2.315e-05,160.0,0.003704
NXS/BTC,1569031277285,2019-09-21T02:01:17.285Z,sell,2.315e-05,160.0,0.003704
NXS/BTC,1569031277857,2019-09-21T02:01:17.857Z,sell,2.315e-05,159.0,0.00368085
NXS/BTC,1569031280627,2019-09-21T02:01:20.627Z,sell,2.315e-05,803.0,0.01858945
NXS/BTC,1569031280627,2019-09-21T02:01:20.627Z,sell,2.313e-05,166.0,0.00383958
NXS/BTC,1569031280627,2019-09-21T02:01:20.627Z,sell,2.315e-05,803.0,0.01858945
NXS/BTC,1569031280627,2019-09-21T02:01:20.627Z,sell,2.313e-05,166.0,0.00383958
NXS/BTC,1569034405370,2019-09-21T02:53:25.370Z,sell,2.319e-05,168.0,0.0038959199999999
NXS/BTC,1569034576317,2019-09-21T02:56:16.317Z,sell,2.319e-05,40.0,0.0009276
NXS/BTC,1569034576317,2019-09-21T02:56:16.317Z,sell,2.319e-05,40.0,0.0009276
NXS/BTC,1569035780557,2019-09-21T03:16:20.557Z,sell,2.325e-05,51.0,0.00118575
NXS/BTC,1569035784539,2019-09-21T03:16:24.539Z,sell,2.319e-05,61.0,0.00141459
NXS/BTC,1569035818007,2019-09-21T03:16:58.007Z,sell,2.319e-05,40.0,0.0009276
NXS/BTC,1569035847303,2019-09-21T03:17:27.303Z,sell,2.319e-05,40.0,0.0009276
NXS/BTC,1569036581405,2019-09-21T03:29:41.405Z,sell,2.319e-05,336.0,0.0077918399999999
NXS/BTC,1569036819134,2019-09-21T03:33:39.134Z,sell,2.319e-05,293.0,0.00679467
NXS/BTC,1569036894336,2019-09-21T03:34:54.336Z,sell,2.319e-05,138.0,0.00320022
NXS/BTC,1569036976018,2019-09-21T03:36:16.018Z,sell,2.318e-05,293.0,0.00679174
NXS/BTC,1569037948176,2019-09-21T03:52:28.176Z,sell,2.318e-05,1033.0,0.02394494
NXS/BTC,1569038163735,2019-09-21T03:56:03.735Z,sell,2.318e-05,219.0,0.00507642
NXS/BTC,1569038163735,2019-09-21T03:56:03.735Z,sell,2.318e-05,219.0,0.00507642
NXS/BTC,1569038736055,2019-09-21T04:05:36.055Z,sell,2.318e-05,139.0,0.00322202
NXS/BTC,1569038737489,2019-09-21T04:05:37.489Z,sell,2.318e-05,40.0,0.0009272
NXS/BTC,1569038766039,2019-09-21T04:06:06.039Z,sell,2.318e-05,576.0,0.01335168
NXS/BTC,1569038878286,2019-09-21T04:07:58.286Z,sell,2.318e-05,40.0,0.0009272
NXS/BTC,1569038925110,2019-09-21T04:08:45.110Z,buy,2.329e-05,500.0,0.0116449999999999
NXS/BTC,1569038925110,2019-09-21T04:08:45.110Z,buy,2.332e-05,9.0,0.00020988
NXS/BTC,1569038925110,2019-09-21T04:08:45.110Z,buy,2.335e-05,2958.0,0.0690693
NXS/BTC,1569038925110,2019-09-21T04:08:45.110Z,buy,2.337e-05,1523.0,0.03559251
NXS/BTC,1569039551324,2019-09-21T04:19:11.324Z,sell,2.324e-05,350.0,0.008134
NXS/BTC,1569039553468,2019-09-21T04:19:13.468Z,buy,2.334e-05,5.0,0.0001167
NXS/BTC,1569039553565,2019-09-21T04:19:13.565Z,sell,2.335e-05,80.0,0.0018679999999999
NXS/BTC,1569039834530,2019-09-21T04:23:54.530Z,sell,2.325e-05,61.0,0.00141825
NXS/BTC,1569039844393,2019-09-21T04:24:04.393Z,buy,2.326e-05,50.0,0.001163
NXS/BTC,1569039905395,2019-09-21T04:25:05.395Z,sell,2.325e-05,374.0,0.0086955
NXS/BTC,1569039905395,2019-09-21T04:25:05.395Z,sell,2.323e-05,28.0,0.00065044
NXS/BTC,1569039957620,2019-09-21T04:25:57.620Z,sell,2.323e-05,269.0,0.00624887
NXS/BTC,1569040038275,2019-09-21T04:27:18.275Z,sell,2.323e-05,1336.0,0.03103528
NXS/BTC,1569040143965,2019-09-21T04:29:03.965Z,sell,2.323e-05,159.0,0.0036935699999999
NXS/BTC,1569040152333,2019-09-21T04:29:12.333Z,sell,2.323e-05,1000.0,0.02323
NXS/BTC,1569040204397,2019-09-21T04:30:04.397Z,sell,2.323e-05,1000.0,0.02323
NXS/BTC,1569040347590,2019-09-21T04:32:27.590Z,sell,2.324e-05,170.0,0.0039508
NXS/BTC,1569040497206,2019-09-21T04:34:57.206Z,sell,2.324e-05,147.0,0.00341628
NXS/BTC,1569040578686,2019-09-21T04:36:18.686Z,sell,2.324e-05,40.0,0.0009296
NXS/BTC,1569040833348,2019-09-21T04:40:33.348Z,sell,2.325e-05,287.0,0.00667275
NXS/BTC,1569041193944,2019-09-21T04:46:33.944Z,sell,2.327e-05,354.0,0.00823758
NXS/BTC,1569041216947,2019-09-21T04:46:56.947Z,buy,2.336e-05,5.0,0.0001167999999999
NXS/BTC,1569041382532,2019-09-21T04:49:42.532Z,sell,2.329e-05,294.0,0.00684726
NXS/BTC,1569041559910,2019-09-21T04:52:39.910Z,sell,2.33e-05,164.0,0.0038212
NXS/BTC,1569041597797,2019-09-21T04:53:17.797Z,sell,2.33e-05,61.0,0.0014213
NXS/BTC,1569041601735,2019-09-21T04:53:21.735Z,sell,2.33e-05,61.0,0.0014213
NXS/BTC,1569041613266,2019-09-21T04:53:33.266Z,sell,2.33e-05,61.0,0.0014213
NXS/BTC,1569041703307,2019-09-21T04:55:03.307Z,sell,2.331e-05,40.0,0.0009323999999999
NXS/BTC,1569041703307,2019-09-21T04:55:03.307Z,sell,2.331e-05,40.0,0.0009323999999999
NXS/BTC,1569041770880,2019-09-21T04:56:10.880Z,sell,2.331e-05,102.0,0.00237762
NXS/BTC,1569041770880,2019-09-21T04:56:10.880Z,sell,2.33e-05,120.0,0.002796
NXS/BTC,1569042219654,2019-09-21T05:03:39.654Z,sell,2.33e-05,39.0,0.0009087
NXS/BTC,1569042223610,2019-09-21T05:03:43.610Z,sell,2.33e-05,42.0,0.0009786
NXS/BTC,1569042563651,2019-09-21T05:09:23.651Z,sell,2.33e-05,437.0,0.0101821
NXS/BTC,1569042703194,2019-09-21T05:11:43.194Z,sell,2.33e-05,40.0,0.000932
NXS/BTC,1569043394038,2019-09-21T05:23:14.038Z,sell,2.33e-05,18.0,0.0004194
NXS/BTC,1569043394924,2019-09-21T05:23:14.924Z,buy,2.335e-05,10.0,0.0002334999999999
NXS/BTC,1569043394924,2019-09-21T05:23:14.924Z,buy,2.342e-05,60.0,0.0014052
NXS/BTC,1569043469953,2019-09-21T05:24:29.953Z,sell,2.33e-05,23.0,0.0005359
NXS/BTC,1569043488567,2019-09-21T05:24:48.567Z,buy,2.331e-05,51.0,0.00118881
NXS/BTC,1569043831150,2019-09-21T05:30:31.150Z,sell,2.331e-05,887.0,0.02067597
NXS/BTC,1569044490702,2019-09-21T05:41:30.702Z,sell,2.331e-05,12.0,0.00027972
NXS/BTC,1569044795047,2019-09-21T05:46:35.047Z,buy,2.333e-05,22.0,0.00051326
NXS/BTC,1569044795047,2019-09-21T05:46:35.047Z,buy,2.338e-05,5.0,0.0001169
NXS/BTC,1569044795047,2019-09-21T05:46:35.047Z,buy,2.342e-05,1881.0,0.04405302
NXS/BTC,1569044795047,2019-09-21T05:46:35.047Z,buy,2.343e-05,44.0,0.00103092
NXS/BTC,1569044795047,2019-09-21T05:46:35.047Z,buy,2.345e-05,1070.0,0.0250915
NXS/BTC,1569044795122,2019-09-21T05:46:35.122Z,sell,2.345e-05,21.0,0.00049245
NXS/BTC,1569044796393,2019-09-21T05:46:36.393Z,buy,2.346e-05,12.0,0.00028152
NXS/BTC,1569044796393,2019-09-21T05:46:36.393Z,buy,2.35e-05,6.0,0.0001409999999999
NXS/BTC,1569044796413,2019-09-21T05:46:36.413Z,sell,2.345e-05,243.0,0.00569835
NXS/BTC,1569044839862,2019-09-21T05:47:19.862Z,sell,2.331e-05,284.0,0.00662004
NXS/BTC,1569044849854,2019-09-21T05:47:29.854Z,sell,2.331e-05,180.0,0.0041957999999999
NXS/BTC,1569044909934,2019-09-21T05:48:29.934Z,buy,2.336e-05,18.0,0.00042048
NXS/BTC,1569044921511,2019-09-21T05:48:41.511Z,sell,2.331e-05,40.0,0.0009323999999999
NXS/BTC,1569044945733,2019-09-21T05:49:05.733Z,buy,2.336e-05,19.0,0.00044384
NXS/BTC,1569044995288,2019-09-21T05:49:55.288Z,sell,2.333e-05,19.0,0.0004432699999999
NXS/BTC,1569044995288,2019-09-21T05:49:55.288Z,sell,2.331e-05,21.0,0.00048951
NXS/BTC,1569045028510,2019-09-21T05:50:28.510Z,sell,2.331e-05,40.0,0.0009323999999999
NXS/BTC,1569045150312,2019-09-21T05:52:30.312Z,sell,2.331e-05,35.0,0.0008158499999999
NXS/BTC,1569045150312,2019-09-21T05:52:30.312Z,sell,2.33e-05,5.0,0.0001165
NXS/BTC,1569045150312,2019-09-21T05:52:30.312Z,sell,2.331e-05,35.0,0.0008158499999999
NXS/BTC,1569045150312,2019-09-21T05:52:30.312Z,sell,2.33e-05,5.0,0.0001165
NXS/BTC,1569045730398,2019-09-21T06:02:10.398Z,sell,2.33e-05,14.0,0.0003262
NXS/BTC,1569045730398,2019-09-21T06:02:10.398Z,sell,2.324e-05,38.0,0.00088312
NXS/BTC,1569045889082,2019-09-21T06:04:49.082Z,sell,2.326e-05,5.0,0.0001163
NXS/BTC,1569045889082,2019-09-21T06:04:49.082Z,sell,2.324e-05,3822.0,0.08882328
NXS/BTC,1569045889082,2019-09-21T06:04:49.082Z,sell,2.323e-05,7274.0,0.16897502
NXS/BTC,1569045889082,2019-09-21T06:04:49.082Z,sell,2.322e-05,72.0,0.00167184
NXS/BTC,1569047067571,2019-09-21T06:24:27.571Z,sell,2.321e-05,51.0,0.00118371
NXS/BTC,1569047067658,2019-09-21T06:24:27.658Z,buy,2.321e-05,449.0,0.01042129
NXS/BTC,1569047169012,2019-09-21T06:26:09.012Z,buy,2.321e-05,500.0,0.0116049999999999
NXS/BTC,1569047246300,2019-09-21T06:27:26.300Z,sell,2.32e-05,30.0,0.000696
NXS/BTC,1569047246320,2019-09-21T06:27:26.320Z,buy,2.32e-05,341.0,0.0079112
NXS/BTC,1569047300149,2019-09-21T06:28:20.149Z,buy,2.321e-05,500.0,0.0116049999999999
NXS/BTC,1569047324374,2019-09-21T06:28:44.374Z,buy,2.321e-05,500.0,0.0116049999999999
NXS/BTC,1569047359776,2019-09-21T06:29:19.776Z,buy,2.322e-05,500.0,0.01161
NXS/BTC,1569047373891,2019-09-21T06:29:33.891Z,buy,2.322e-05,500.0,0.01161
NXS/BTC,1569047384201,2019-09-21T06:29:44.201Z,buy,2.323e-05,500.0,0.011615
NXS/BTC,1569047395401,2019-09-21T06:29:55.401Z,buy,2.324e-05,100.0,0.002324
NXS/BTC,1569047434631,2019-09-21T06:30:34.631Z,buy,2.323e-05,500.0,0.011615
NXS/BTC,1569047444442,2019-09-21T06:30:44.442Z,buy,2.323e-05,500.0,0.011615
NXS/BTC,1569047454642,2019-09-21T06:30:54.642Z,buy,2.323e-05,500.0,0.011615
NXS/BTC,1569047475968,2019-09-21T06:31:15.968Z,buy,2.323e-05,1000.0,0.02323
NXS/BTC,1569047497482,2019-09-21T06:31:37.482Z,buy,2.323e-05,1000.0,0.02323
NXS/BTC,1569047600251,2019-09-21T06:33:20.251Z,buy,2.321e-05,500.0,0.0116049999999999
NXS/BTC,1569047612054,2019-09-21T06:33:32.054Z,buy,2.321e-05,1132.0,0.02627372
NXS/BTC,1569048004189,2019-09-21T06:40:04.189Z,sell,2.328e-05,214.0,0.00498192
NXS/BTC,1569048052263,2019-09-21T06:40:52.263Z,sell,2.327e-05,19.0,0.00044213
NXS/BTC,1569048052263,2019-09-21T06:40:52.263Z,sell,2.321e-05,1896.0,0.04400616
NXS/BTC,1569048052263,2019-09-21T06:40:52.263Z,sell,2.32e-05,5.0,0.000116
NXS/BTC,1569048052263,2019-09-21T06:40:52.263Z,sell,2.31e-05,16.0,0.0003696
NXS/BTC,1569048052263,2019-09-21T06:40:52.263Z,sell,2.306e-05,297.0,0.00684882
NXS/BTC,1569048141317,2019-09-21T06:42:21.317Z,buy,2.33e-05,16.0,0.0003728
NXS/BTC,1569048141317,2019-09-21T06:42:21.317Z,buy,2.332e-05,36.0,0.00083952
NXS/BTC,1569048409945,2019-09-21T06:46:49.945Z,sell,2.327e-05,5.0,0.00011635
NXS/BTC,1569048409945,2019-09-21T06:46:49.945Z,sell,2.324e-05,19.0,0.00044156
NXS/BTC,1569048409945,2019-09-21T06:46:49.945Z,sell,2.321e-05,674.0,0.01564354
NXS/BTC,1569048435840,2019-09-21T06:47:15.840Z,sell,2.318e-05,430.0,0.0099674
NXS/BTC,1569048435840,2019-09-21T06:47:15.840Z,sell,2.318e-05,430.0,0.0099674
NXS/BTC,1569049329506,2019-09-21T07:02:09.506Z,sell,2.318e-05,432.0,0.01001376
NXS/BTC,1569049386592,2019-09-21T07:03:06.592Z,sell,2.318e-05,2936.0,0.06805648
NXS/BTC,1569049386674,2019-09-21T07:03:06.674Z,sell,2.317e-05,992.0,0.02298464
NXS/BTC,1569049386698,2019-09-21T07:03:06.698Z,sell,2.317e-05,907.0,0.02101519
NXS/BTC,1569049524799,2019-09-21T07:05:24.799Z,buy,2.315e-05,142.0,0.0032873
NXS/BTC,1569050142385,2019-09-21T07:15:42.385Z,sell,2.31e-05,16.0,0.0003696
NXS/BTC,1569050142385,2019-09-21T07:15:42.385Z,sell,2.306e-05,484.0,0.01116104
NXS/BTC,1569050156891,2019-09-21T07:15:56.891Z,buy,2.313e-05,6.0,0.00013878
NXS/BTC,1569050345098,2019-09-21T07:19:05.098Z,sell,2.311e-05,5.0,0.00011555
NXS/BTC,1569050345098,2019-09-21T07:19:05.098Z,sell,2.306e-05,831.0,0.01916286
NXS/BTC,1569050345098,2019-09-21T07:19:05.098Z,sell,2.303e-05,462.0,0.01063986
NXS/BTC,1569050345098,2019-09-21T07:19:05.098Z,sell,2.303e-05,1142.0,0.02630026
NXS/BTC,1569050345098,2019-09-21T07:19:05.098Z,sell,2.3e-05,5615.0,0.129145
NXS/BTC,1569050347053,2019-09-21T07:19:07.053Z,buy,2.3e-05,5.0,0.000115
NXS/BTC,1569050347348,2019-09-21T07:19:07.348Z,sell,2.298e-05,1634.0,0.03754932
NXS/BTC,1569050350946,2019-09-21T07:19:10.946Z,sell,2.298e-05,173.0,0.00397554
NXS/BTC,1569050350974,2019-09-21T07:19:10.974Z,buy,2.299e-05,213.0,0.0048968699999999
NXS/BTC,1569050351590,2019-09-21T07:19:11.590Z,buy,2.299e-05,5.0,0.0001149499999999
NXS/BTC,1569050355150,2019-09-21T07:19:15.150Z,sell,2.295e-05,1198.0,0.0274940999999999
NXS/BTC,1569050355950,2019-09-21T07:19:15.950Z,buy,2.298e-05,5.0,0.0001149
NXS/BTC,1569050356851,2019-09-21T07:19:16.851Z,sell,2.294e-05,553.0,0.01268582
NXS/BTC,1569050360774,2019-09-21T07:19:20.774Z,buy,2.299e-05,5.0,0.0001149499999999
NXS/BTC,1569050364947,2019-09-21T07:19:24.947Z,buy,2.299e-05,5.0,0.0001149499999999
NXS/BTC,1569050371209,2019-09-21T07:19:31.209Z,buy,2.299e-05,5.0,0.0001149499999999
NXS/BTC,1569050381124,2019-09-21T07:19:41.124Z,buy,2.299e-05,5.0,0.0001149499999999
NXS/BTC,1569050385895,2019-09-21T07:19:45.895Z,sell,2.287e-05,6.0,0.00013722
NXS/BTC,1569050385895,2019-09-21T07:19:45.895Z,sell,2.286e-05,79.0,0.00180594
NXS/BTC,1569050385895,2019-09-21T07:19:45.895Z,sell,2.286e-05,50.0,0.001143
NXS/BTC,1569050385895,2019-09-21T07:19:45.895Z,sell,2.286e-05,10.0,0.0002286
NXS/BTC,1569050385895,2019-09-21T07:19:45.895Z,sell,2.286e-05,222.0,0.00507492
NXS/BTC,1569050425395,2019-09-21T07:20:25.395Z,buy,2.299e-05,83.0,0.0019081699999999
NXS/BTC,1569050425395,2019-09-21T07:20:25.395Z,buy,2.3e-05,2146.0,0.049358
NXS/BTC,1569050444635,2019-09-21T07:20:44.635Z,buy,2.299e-05,5.0,0.0001149499999999
NXS/BTC,1569050454251,2019-09-21T07:20:54.251Z,buy,2.299e-05,5.0,0.0001149499999999
NXS/BTC,1569050456416,2019-09-21T07:20:56.416Z,buy,2.299e-05,66.0,0.0015173399999999
NXS/BTC,1569050484813,2019-09-21T07:21:24.813Z,buy,2.299e-05,5.0,0.0001149499999999
NXS/BTC,1569050493340,2019-09-21T07:21:33.340Z,buy,2.299e-05,5.0,0.0001149499999999
NXS/BTC,1569050501475,2019-09-21T07:21:41.475Z,buy,2.299e-05,5.0,0.0001149499999999
NXS/BTC,1569050510435,2019-09-21T07:21:50.435Z,buy,2.299e-05,5.0,0.0001149499999999
NXS/BTC,1569050522387,2019-09-21T07:22:02.387Z,buy,2.298e-05,5.0,0.0001149
NXS/BTC,1569050533789,2019-09-21T07:22:13.789Z,buy,2.298e-05,5.0,0.0001149
NXS/BTC,1569050537113,2019-09-21T07:22:17.113Z,buy,2.299e-05,5.0,0.0001149499999999
NXS/BTC,1569050544303,2019-09-21T07:22:24.303Z,buy,2.298e-05,5.0,0.0001149
NXS/BTC,1569050566383,2019-09-21T07:22:46.383Z,buy,2.299e-05,5.0,0.0001149499999999
NXS/BTC,1569050646427,2019-09-21T07:24:06.427Z,buy,2.298e-05,435.0,0.0099963
NXS/BTC,1569050766813,2019-09-21T07:26:06.813Z,buy,2.298e-05,435.0,0.0099963
NXS/BTC,1569050793470,2019-09-21T07:26:33.470Z,sell,2.294e-05,1000.0,0.02294
NXS/BTC,1569050804444,2019-09-21T07:26:44.444Z,sell,2.294e-05,61.0,0.00139934
NXS/BTC,1569051018007,2019-09-21T07:30:18.007Z,buy,2.298e-05,435.0,0.0099963
NXS/BTC,1569051047463,2019-09-21T07:30:47.463Z,buy,2.298e-05,5.0,0.0001149
NXS/BTC,1569051147708,2019-09-21T07:32:27.708Z,buy,2.298e-05,435.0,0.0099963
NXS/BTC,1569051165283,2019-09-21T07:32:45.283Z,sell,2.294e-05,870.0,0.0199578
NXS/BTC,1569051252466,2019-09-21T07:34:12.466Z,sell,2.294e-05,195.0,0.0044733
NXS/BTC,1569051270917,2019-09-21T07:34:30.917Z,buy,2.297e-05,2.0,4.594e-05
NXS/BTC,1569051272668,2019-09-21T07:34:32.668Z,buy,2.296e-05,5.0,0.0001148
NXS/BTC,1569051272668,2019-09-21T07:34:32.668Z,buy,2.297e-05,92.0,0.0021132399999999
NXS/BTC,1569051272668,2019-09-21T07:34:32.668Z,buy,2.298e-05,338.0,0.00776724
NXS/BTC,1569051308018,2019-09-21T07:35:08.018Z,sell,2.294e-05,354.0,0.00812076
NXS/BTC,1569051401328,2019-09-21T07:36:41.328Z,buy,2.298e-05,435.0,0.0099963
NXS/BTC,1569051471211,2019-09-21T07:37:51.211Z,sell,2.295e-05,146.0,0.0033507
NXS/BTC,1569051520677,2019-09-21T07:38:40.677Z,buy,2.298e-05,5.0,0.0001149
NXS/BTC,1569051532273,2019-09-21T07:38:52.273Z,buy,2.298e-05,435.0,0.0099963
NXS/BTC,1569051559931,2019-09-21T07:39:19.931Z,buy,2.298e-05,1818.0,0.04177764
NXS/BTC,1569051568264,2019-09-21T07:39:28.264Z,sell,2.295e-05,175.0,0.00401625
NXS/BTC,1569051585804,2019-09-21T07:39:45.804Z,buy,2.298e-05,7013.0,0.16115874
NXS/BTC,1569051585804,2019-09-21T07:39:45.804Z,buy,2.299e-05,1537.0,0.03533563
NXS/BTC,1569051585879,2019-09-21T07:39:45.879Z,buy,2.3e-05,67.0,0.001541
NXS/BTC,1569051594303,2019-09-21T07:39:54.303Z,sell,2.307e-05,22.0,0.00050754
NXS/BTC,1569051594303,2019-09-21T07:39:54.303Z,sell,2.301e-05,334.0,0.00768534
NXS/BTC,1569051594303,2019-09-21T07:39:54.303Z,sell,2.3e-05,34.0,0.000782
NXS/BTC,1569051868740,2019-09-21T07:44:28.740Z,sell,2.3e-05,53.0,0.001219
NXS/BTC,1569051868740,2019-09-21T07:44:28.740Z,sell,2.3e-05,53.0,0.001219
NXS/BTC,1569052248727,2019-09-21T07:50:48.727Z,sell,2.301e-05,984.0,0.02264184
NXS/BTC,1569052310201,2019-09-21T07:51:50.201Z,buy,2.303e-05,13.0,0.00029939
NXS/BTC,1569052317447,2019-09-21T07:51:57.447Z,buy,2.303e-05,182.0,0.00419146
NXS/BTC,1569053147078,2019-09-21T08:05:47.078Z,sell,2.299e-05,188.0,0.00432212
NXS/BTC,1569053224820,2019-09-21T08:07:04.820Z,buy,2.303e-05,743.0,0.01711129
NXS/BTC,1569053341791,2019-09-21T08:09:01.791Z,buy,2.303e-05,9.0,0.00020727
NXS/BTC,1569053867186,2019-09-21T08:17:47.186Z,sell,2.299e-05,1979.0,0.0454972099999999
NXS/BTC,1569054290634,2019-09-21T08:24:50.634Z,sell,2.299e-05,5837.0,0.1341926299999999
NXS/BTC,1569054290634,2019-09-21T08:24:50.634Z,sell,2.298e-05,2959.0,0.06799782
NXS/BTC,1569054290634,2019-09-21T08:24:50.634Z,sell,2.296e-05,213.0,0.00489048
NXS/BTC,1569054290665,2019-09-21T08:24:50.665Z,sell,2.295e-05,566.0,0.0129897
NXS/BTC,1569054625555,2019-09-21T08:30:25.555Z,sell,2.291e-05,6.0,0.00013746
NXS/BTC,1569054625555,2019-09-21T08:30:25.555Z,sell,2.29e-05,176.0,0.0040304
NXS/BTC,1569054685679,2019-09-21T08:31:25.679Z,buy,2.295e-05,82.0,0.0018819
NXS/BTC,1569054814792,2019-09-21T08:33:34.792Z,sell,2.29e-05,11.0,0.0002519
NXS/BTC,1569054861005,2019-09-21T08:34:21.005Z,sell,2.285e-05,1100.0,0.025135
NXS/BTC,1569054861005,2019-09-21T08:34:21.005Z,sell,2.285e-05,54.0,0.0012339
NXS/BTC,1569054861005,2019-09-21T08:34:21.005Z,sell,2.283e-05,1319.0,0.03011277
NXS/BTC,1569054861005,2019-09-21T08:34:21.005Z,sell,2.281e-05,556.0,0.01268236
NXS/BTC,1569054861074,2019-09-21T08:34:21.074Z,buy,2.28e-05,123.0,0.0028044
NXS/BTC,1569054861097,2019-09-21T08:34:21.097Z,buy,2.28e-05,60.0,0.0013679999999999
NXS/BTC,1569054861111,2019-09-21T08:34:21.111Z,buy,2.28e-05,116.0,0.0026447999999999
NXS/BTC,1569054904245,2019-09-21T08:35:04.245Z,buy,2.28e-05,121.0,0.0027587999999999
NXS/BTC,1569055111496,2019-09-21T08:38:31.496Z,buy,2.28e-05,335.0,0.007638
NXS/BTC,1569055148839,2019-09-21T08:39:08.839Z,buy,2.28e-05,5.0,0.0001139999999999
NXS/BTC,1569055201028,2019-09-21T08:40:01.028Z,buy,2.28e-05,129.0,0.0029411999999999
NXS/BTC,1569055222694,2019-09-21T08:40:22.694Z,buy,2.28e-05,2248.0,0.0512544
NXS/BTC,1569055222694,2019-09-21T08:40:22.694Z,buy,2.28e-05,2248.0,0.0512544
NXS/BTC,1569055533364,2019-09-21T08:45:33.364Z,sell,2.277e-05,658.0,0.01498266
NXS/BTC,1569055672035,2019-09-21T08:47:52.035Z,buy,2.279e-05,5.0,0.00011395
NXS/BTC,1569055774492,2019-09-21T08:49:34.492Z,buy,2.279e-05,12.0,0.00027348
NXS/BTC,1569055777331,2019-09-21T08:49:37.331Z,buy,2.279e-05,11.0,0.00025069
NXS/BTC,1569055778365,2019-09-21T08:49:38.365Z,buy,2.279e-05,11.0,0.00025069
NXS/BTC,1569055829732,2019-09-21T08:50:29.732Z,buy,2.279e-05,295.0,0.00672305
NXS/BTC,1569055829732,2019-09-21T08:50:29.732Z,buy,2.28e-05,1081.0,0.0246468
NXS/BTC,1569055831146,2019-09-21T08:50:31.146Z,buy,2.28e-05,2248.0,0.0512544
NXS/BTC,1569056193883,2019-09-21T08:56:33.883Z,buy,2.279e-05,429.0,0.00977691
NXS/BTC,1569056193883,2019-09-21T08:56:33.883Z,buy,2.28e-05,4161.0,0.0948707999999999
NXS/BTC,1569056193914,2019-09-21T08:56:33.914Z,buy,2.287e-05,492.0,0.01125204
NXS/BTC,1569056194012,2019-09-21T08:56:34.012Z,buy,2.288e-05,751.0,0.01718288
NXS/BTC,1569056194203,2019-09-21T08:56:34.203Z,buy,2.288e-05,1173.0,0.02683824
NXS/BTC,1569056194437,2019-09-21T08:56:34.437Z,sell,2.282e-05,147.0,0.0033545399999999
NXS/BTC,1569056194437,2019-09-21T08:56:34.437Z,sell,2.281e-05,42.0,0.00095802
NXS/BTC,1569056195695,2019-09-21T08:56:35.695Z,buy,2.289e-05,1148.0,0.02627772
NXS/BTC,1569056207115,2019-09-21T08:56:47.115Z,sell,2.29e-05,9.0,0.0002061
NXS/BTC,1569056207115,2019-09-21T08:56:47.115Z,sell,2.289e-05,95.0,0.00217455
NXS/BTC,1569056207115,2019-09-21T08:56:47.115Z,sell,2.284e-05,412.0,0.00941008
NXS/BTC,1569056740764,2019-09-21T09:05:40.764Z,buy,2.29e-05,357.0,0.0081753
NXS/BTC,1569057279445,2019-09-21T09:14:39.445Z,buy,2.29e-05,10.0,0.000229
NXS/BTC,1569057283100,2019-09-21T09:14:43.100Z,buy,2.303e-05,173.0,0.00398419
NXS/BTC,1569057296198,2019-09-21T09:14:56.198Z,sell,2.29e-05,492.0,0.0112668
NXS/BTC,1569057296288,2019-09-21T09:14:56.288Z,buy,2.29e-05,5357.0,0.1226753
NXS/BTC,1569057357893,2019-09-21T09:15:57.893Z,buy,2.302e-05,5.0,0.0001151
NXS/BTC,1569057402616,2019-09-21T09:16:42.616Z,buy,2.302e-05,312.0,0.00718224
NXS/BTC,1569057403384,2019-09-21T09:16:43.384Z,buy,2.303e-05,76.0,0.00175028
NXS/BTC,1569057428679,2019-09-21T09:17:08.679Z,sell,2.305e-05,5.0,0.00011525
NXS/BTC,1569057560402,2019-09-21T09:19:20.402Z,sell,2.304e-05,173.0,0.00398592
NXS/BTC,1569057631335,2019-09-21T09:20:31.335Z,sell,2.302e-05,30.0,0.0006906
NXS/BTC,1569057631335,2019-09-21T09:20:31.335Z,sell,2.302e-05,30.0,0.0006906
NXS/BTC,1569058946061,2019-09-21T09:42:26.061Z,sell,2.302e-05,52.0,0.00119704
NXS/BTC,1569059906409,2019-09-21T09:58:26.409Z,sell,2.308e-05,37.0,0.00085396
NXS/BTC,1569059932684,2019-09-21T09:58:52.684Z,sell,2.308e-05,14.0,0.00032312
NXS/BTC,1569060063944,2019-09-21T10:01:03.944Z,sell,2.303e-05,70.0,0.0016121
NXS/BTC,1569061098234,2019-09-21T10:18:18.234Z,sell,2.293e-05,112.0,0.00256816
NXS/BTC,1569061098234,2019-09-21T10:18:18.234Z,sell,2.293e-05,112.0,0.00256816
NXS/BTC,1569062228975,2019-09-21T10:37:08.975Z,sell,2.294e-05,87.0,0.00199578
NXS/BTC,1569062468914,2019-09-21T10:41:08.914Z,sell,2.293e-05,1254.0,0.0287542199999999
NXS/BTC,1569062472695,2019-09-21T10:41:12.695Z,sell,2.293e-05,300.0,0.006879
NXS/BTC,1569062472696,2019-09-21T10:41:12.696Z,sell,2.293e-05,640.0,0.0146752
NXS/BTC,1569062475586,2019-09-21T10:41:15.586Z,sell,2.293e-05,367.0,0.0084153099999999
NXS/BTC,1569062475591,2019-09-21T10:41:15.591Z,sell,2.293e-05,1811.0,0.04152623
NXS/BTC,1569062475594,2019-09-21T10:41:15.594Z,buy,2.307e-05,2.0,4.614e-05
NXS/BTC,1569062475595,2019-09-21T10:41:15.595Z,sell,2.293e-05,640.0,0.0146752
NXS/BTC,1569062563487,2019-09-21T10:42:43.487Z,sell,2.293e-05,217.0,0.00497581
NXS/BTC,1569062563511,2019-09-21T10:42:43.511Z,sell,2.293e-05,463.0,0.0106165899999999
NXS/BTC,1569062563521,2019-09-21T10:42:43.521Z,sell,2.293e-05,207.0,0.00474651
NXS/BTC,1569062820377,2019-09-21T10:47:00.377Z,sell,2.286e-05,187.0,0.00427482
NXS/BTC,1569063075274,2019-09-21T10:51:15.274Z,sell,2.286e-05,63.0,0.00144018
NXS/BTC,1569063075274,2019-09-21T10:51:15.274Z,sell,2.285e-05,420.0,0.009597
NXS/BTC,1569063132216,2019-09-21T10:52:12.216Z,sell,2.285e-05,368.0,0.0084088
NXS/BTC,1569063484759,2019-09-21T10:58:04.759Z,sell,2.296e-05,7.0,0.00016072
NXS/BTC,1569064100821,2019-09-21T11:08:20.821Z,sell,2.296e-05,808.0,0.01855168
NXS/BTC,1569064119757,2019-09-21T11:08:39.757Z,sell,2.293e-05,678.0,0.01554654
NXS/BTC,1569064197546,2019-09-21T11:09:57.546Z,sell,2.293e-05,678.0,0.01554654
NXS/BTC,1569064211685,2019-09-21T11:10:11.685Z,sell,2.293e-05,678.0,0.01554654
NXS/BTC,1569064229087,2019-09-21T11:10:29.087Z,sell,2.293e-05,678.0,0.01554654
NXS/BTC,1569064234197,2019-09-21T11:10:34.197Z,sell,2.293e-05,678.0,0.01554654
NXS/BTC,1569064241378,2019-09-21T11:10:41.378Z,sell,2.293e-05,678.0,0.01554654
NXS/BTC,1569064245597,2019-09-21T11:10:45.597Z,sell,2.293e-05,678.0,0.01554654
NXS/BTC,1569064251187,2019-09-21T11:10:51.187Z,sell,2.293e-05,678.0,0.01554654
NXS/BTC,1569064254293,2019-09-21T11:10:54.293Z,sell,2.293e-05,678.0,0.01554654
NXS/BTC,1569064271636,2019-09-21T11:11:11.636Z,sell,2.293e-05,246.0,0.00564078
NXS/BTC,1569064271636,2019-09-21T11:11:11.636Z,sell,2.293e-05,246.0,0.00564078
NXS/BTC,1569064702046,2019-09-21T11:18:22.046Z,sell,2.293e-05,2481.0,0.0568893299999999
NXS/BTC,1569065131225,2019-09-21T11:25:31.225Z,sell,2.293e-05,219.0,0.00502167
NXS/BTC,1569066458078,2019-09-21T11:47:38.078Z,sell,2.293e-05,306.0,0.00701658
NXS/BTC,1569066567793,2019-09-21T11:49:27.793Z,buy,2.293e-05,557.0,0.01277201
NXS/BTC,1569066580774,2019-09-21T11:49:40.774Z,buy,2.293e-05,3722.0,0.08534546
NXS/BTC,1569067099165,2019-09-21T11:58:19.165Z,sell,2.294e-05,678.0,0.01555332
NXS/BTC,1569067102882,2019-09-21T11:58:22.882Z,sell,2.294e-05,1332.0,0.03055608
NXS/BTC,1569067302960,2019-09-21T12:01:42.960Z,sell,2.294e-05,678.0,0.01555332
NXS/BTC,1569067302960,2019-09-21T12:01:42.960Z,sell,2.294e-05,678.0,0.01555332
NXS/BTC,1569068558319,2019-09-21T12:22:38.319Z,sell,2.294e-05,5.0,0.0001147
NXS/BTC,1569069703459,2019-09-21T12:41:43.459Z,sell,2.294e-05,3042.0,0.06978348
NXS/BTC,1569069742071,2019-09-21T12:42:22.071Z,sell,2.294e-05,367.0,0.00841898
NXS/BTC,1569069742071,2019-09-21T12:42:22.071Z,sell,2.293e-05,639.0,0.0146522699999999
NXS/BTC,1569069913429,2019-09-21T12:45:13.429Z,buy,2.3e-05,883.0,0.020309
NXS/BTC,1569070768764,2019-09-21T12:59:28.764Z,sell,2.287e-05,141.0,0.00322467
NXS/BTC,1569070768764,2019-09-21T12:59:28.764Z,sell,2.287e-05,141.0,0.00322467
NXS/BTC,1569071405593,2019-09-21T13:10:05.593Z,buy,2.299e-05,5.0,0.0001149499999999
NXS/BTC,1569071405593,2019-09-21T13:10:05.593Z,buy,2.3e-05,5.0,0.000115
NXS/BTC,1569071405593,2019-09-21T13:10:05.593Z,buy,2.304e-05,1915.0,0.0441216
NXS/BTC,1569071425399,2019-09-21T13:10:25.399Z,buy,2.313e-05,3026.0,0.06999138
NXS/BTC,1569071484942,2019-09-21T13:11:24.942Z,buy,2.313e-05,19.0,0.00043947
NXS/BTC,1569071530134,2019-09-21T13:12:10.134Z,buy,2.313e-05,19.0,0.00043947
NXS/BTC,1569071565947,2019-09-21T13:12:45.947Z,buy,2.316e-05,86.0,0.00199176
NXS/BTC,1569071602295,2019-09-21T13:13:22.295Z,sell,2.31e-05,19.0,0.0004389
NXS/BTC,1569071602295,2019-09-21T13:13:22.295Z,sell,2.305e-05,11.0,0.00025355
NXS/BTC,1569071625719,2019-09-21T13:13:45.719Z,sell,2.311e-05,51.0,0.00117861
NXS/BTC,1569071651768,2019-09-21T13:14:11.768Z,buy,2.317e-05,24.0,0.00055608
NXS/BTC,1569071651768,2019-09-21T13:14:11.768Z,buy,2.318e-05,6675.0,0.1547265
NXS/BTC,1569071750825,2019-09-21T13:15:50.825Z,sell,2.308e-05,7.0,0.00016156
NXS/BTC,1569071991250,2019-09-21T13:19:51.250Z,sell,2.307e-05,432.0,0.00996624
NXS/BTC,1569071991250,2019-09-21T13:19:51.250Z,sell,2.306e-05,111.0,0.00255966
NXS/BTC,1569071997650,2019-09-21T13:19:57.650Z,sell,2.306e-05,335.0,0.0077250999999999
NXS/BTC,1569072084446,2019-09-21T13:21:24.446Z,sell,2.308e-05,206.0,0.00475448
NXS/BTC,1569072199742,2019-09-21T13:23:19.742Z,buy,2.31e-05,432.0,0.0099791999999999
NXS/BTC,1569072209455,2019-09-21T13:23:29.455Z,buy,2.31e-05,11345.0,0.2620695
NXS/BTC,1569072209482,2019-09-21T13:23:29.482Z,sell,2.308e-05,542.0,0.0125093599999999
NXS/BTC,1569072229792,2019-09-21T13:23:49.792Z,buy,2.323e-05,12.0,0.0002787599999999
NXS/BTC,1569072229792,2019-09-21T13:23:49.792Z,buy,2.327e-05,1900.0,0.0442129999999999
NXS/BTC,1569072238178,2019-09-21T13:23:58.178Z,sell,2.312e-05,140.0,0.0032367999999999
NXS/BTC,1569072283176,2019-09-21T13:24:43.176Z,sell,2.312e-05,1196.0,0.02765152
NXS/BTC,1569072283176,2019-09-21T13:24:43.176Z,sell,2.311e-05,483.0,0.01116213
NXS/BTC,1569072784057,2019-09-21T13:33:04.057Z,buy,2.317e-05,431.0,0.00998627
NXS/BTC,1569073357281,2019-09-21T13:42:37.281Z,buy,2.317e-05,53.0,0.00122801
NXS/BTC,1569073357281,2019-09-21T13:42:37.281Z,buy,2.323e-05,1903.0,0.04420669
NXS/BTC,1569073357281,2019-09-21T13:42:37.281Z,buy,2.326e-05,1077.0,0.02505102
NXS/BTC,1569073357281,2019-09-21T13:42:37.281Z,buy,2.33e-05,16.0,0.0003728
NXS/BTC,1569073357281,2019-09-21T13:42:37.281Z,buy,2.336e-05,588.0,0.01373568
NXS/BTC,1569073357281,2019-09-21T13:42:37.281Z,buy,2.34e-05,5569.0,0.1303146
NXS/BTC,1569073357381,2019-09-21T13:42:37.381Z,sell,2.34e-05,15.0,0.0003509999999999
NXS/BTC,1569073359349,2019-09-21T13:42:39.349Z,sell,2.34e-05,14.0,0.0003276
NXS/BTC,1569073359349,2019-09-21T13:42:39.349Z,sell,2.332e-05,113.0,0.00263516
NXS/BTC,1569073359456,2019-09-21T13:42:39.456Z,sell,2.332e-05,1276.0,0.02975632
NXS/BTC,1569073362950,2019-09-21T13:42:42.950Z,sell,2.322e-05,66.0,0.00153252
NXS/BTC,1569073379137,2019-09-21T13:42:59.137Z,sell,2.316e-05,342.0,0.00792072
NXS/BTC,1569073410101,2019-09-21T13:43:30.101Z,sell,2.317e-05,438.0,0.01014846
NXS/BTC,1569073884853,2019-09-21T13:51:24.853Z,sell,2.317e-05,173.0,0.00400841
NXS/BTC,1569073884853,2019-09-21T13:51:24.853Z,sell,2.317e-05,173.0,0.00400841
NXS/BTC,1569074468941,2019-09-21T14:01:08.941Z,sell,2.318e-05,5.0,0.0001159
NXS/BTC,1569076817220,2019-09-21T14:40:17.220Z,buy,2.328e-05,6.0,0.00013968
NXS/BTC,1569076817220,2019-09-21T14:40:17.220Z,buy,2.329e-05,3.0,6.987e-05
NXS/BTC,1569077120717,2019-09-21T14:45:20.717Z,sell,2.318e-05,363.0,0.00841434
NXS/BTC,1569077132427,2019-09-21T14:45:32.427Z,buy,2.319e-05,51.0,0.00118269
NXS/BTC,1569077157210,2019-09-21T14:45:57.210Z,sell,2.31e-05,16.0,0.0003696
NXS/BTC,1569077157238,2019-09-21T14:45:57.238Z,buy,2.31e-05,5941.0,0.1372371
NXS/BTC,1569077268239,2019-09-21T14:47:48.239Z,buy,2.319e-05,38.0,0.00088122
NXS/BTC,1569077268239,2019-09-21T14:47:48.239Z,buy,2.319e-05,38.0,0.00088122
NXS/BTC,1569077837433,2019-09-21T14:57:17.433Z,buy,2.319e-05,13.0,0.0003014699999999
NXS/BTC,1569077837433,2019-09-21T14:57:17.433Z,buy,2.322e-05,1078.0,0.02503116
NXS/BTC,1569077837433,2019-09-21T14:57:17.433Z,buy,2.325e-05,1901.0,0.04419825
NXS/BTC,1569077837433,2019-09-21T14:57:17.433Z,buy,2.326e-05,1674.0,0.03893724
NXS/BTC,1569077837433,2019-09-21T14:57:17.433Z,buy,2.329e-05,5.0,0.00011645
NXS/BTC,1569077837433,2019-09-21T14:57:17.433Z,buy,2.33e-05,16.0,0.0003728
NXS/BTC,1569077837433,2019-09-21T14:57:17.433Z,buy,2.331e-05,66.0,0.00153846
NXS/BTC,1569077837433,2019-09-21T14:57:17.433Z,buy,2.342e-05,84.0,0.00196728
NXS/BTC,1569077837433,2019-09-21T14:57:17.433Z,buy,2.343e-05,610.0,0.0142923
NXS/BTC,1569077837433,2019-09-21T14:57:17.433Z,buy,2.345e-05,556.0,0.0130382
NXS/BTC,1569077837433,2019-09-21T14:57:17.433Z,buy,2.346e-05,6.0,0.00014076
NXS/BTC,1569077837433,2019-09-21T14:57:17.433Z,buy,2.35e-05,632.0,0.0148519999999999
NXS/BTC,1569077837433,2019-09-21T14:57:17.433Z,buy,2.352e-05,55.0,0.0012936
NXS/BTC,1569077837433,2019-09-21T14:57:17.433Z,buy,2.353e-05,616.0,0.01449448
NXS/BTC,1569077837433,2019-09-21T14:57:17.433Z,buy,2.357e-05,623.0,0.01468411
NXS/BTC,1569077837433,2019-09-21T14:57:17.433Z,buy,2.36e-05,23.0,0.0005428
NXS/BTC,1569077837433,2019-09-21T14:57:17.433Z,buy,2.362e-05,570.0,0.0134634
NXS/BTC,1569077922649,2019-09-21T14:58:42.649Z,buy,2.345e-05,269.0,0.00630805
NXS/BTC,1569077922649,2019-09-21T14:58:42.649Z,buy,2.346e-05,444.0,0.01041624
NXS/BTC,1569077922768,2019-09-21T14:58:42.768Z,sell,2.346e-05,52.0,0.00121992
NXS/BTC,1569077923230,2019-09-21T14:58:43.230Z,sell,2.33e-05,16.0,0.0003728
NXS/BTC,1569077923230,2019-09-21T14:58:43.230Z,sell,2.329e-05,70.0,0.0016303
NXS/BTC,1569077924075,2019-09-21T14:58:44.075Z,sell,2.346e-05,452.0,0.01060392
NXS/BTC,1569077926016,2019-09-21T14:58:46.016Z,buy,2.346e-05,58.0,0.00136068
NXS/BTC,1569077926071,2019-09-21T14:58:46.071Z,sell,2.346e-05,65.0,0.0015249
NXS/BTC,1569077931713,2019-09-21T14:58:51.713Z,sell,2.33e-05,30.0,0.000699
NXS/BTC,1569077934642,2019-09-21T14:58:54.642Z,sell,2.33e-05,130.0,0.003029
NXS/BTC,1569077939783,2019-09-21T14:58:59.783Z,sell,2.33e-05,201.0,0.0046833
NXS/BTC,1569078020308,2019-09-21T15:00:20.308Z,sell,2.326e-05,40.0,0.0009304
NXS/BTC,1569078036829,2019-09-21T15:00:36.829Z,sell,2.326e-05,40.0,0.0009304
NXS/BTC,1569078166368,2019-09-21T15:02:46.368Z,sell,2.326e-05,137.0,0.00318662
NXS/BTC,1569078167642,2019-09-21T15:02:47.642Z,sell,2.319e-05,430.0,0.0099717
NXS/BTC,1569078168164,2019-09-21T15:02:48.164Z,sell,2.32e-05,2330.0,0.054056
NXS/BTC,1569078170175,2019-09-21T15:02:50.175Z,sell,2.32e-05,652.0,0.0151264
NXS/BTC,1569078170260,2019-09-21T15:02:50.260Z,sell,2.32e-05,59.0,0.0013688
NXS/BTC,1569078171180,2019-09-21T15:02:51.180Z,sell,2.32e-05,430.0,0.009976
NXS/BTC,1569078185240,2019-09-21T15:03:05.240Z,buy,2.325e-05,7.0,0.00016275
NXS/BTC,1569078216302,2019-09-21T15:03:36.302Z,sell,2.32e-05,1362.0,0.0315984
NXS/BTC,1569078222870,2019-09-21T15:03:42.870Z,sell,2.32e-05,2043.0,0.0473976
NXS/BTC,1569078269832,2019-09-21T15:04:29.832Z,sell,2.32e-05,510.0,0.011832
NXS/BTC,1569078282526,2019-09-21T15:04:42.526Z,sell,2.32e-05,766.0,0.0177712
NXS/BTC,1569078295738,2019-09-21T15:04:55.738Z,sell,2.32e-05,270.0,0.006264
NXS/BTC,1569078295846,2019-09-21T15:04:55.846Z,buy,2.32e-05,305.0,0.007076
NXS/BTC,1569078355490,2019-09-21T15:05:55.490Z,buy,2.322e-05,303.0,0.00703566
NXS/BTC,1569078356498,2019-09-21T15:05:56.498Z,buy,2.323e-05,90.0,0.0020907
NXS/BTC,1569078357696,2019-09-21T15:05:57.696Z,buy,2.325e-05,808.0,0.018786
NXS/BTC,1569079769275,2019-09-21T15:29:29.275Z,buy,2.332e-05,13.0,0.00030316
NXS/BTC,1569079769275,2019-09-21T15:29:29.275Z,buy,2.339e-05,1.0,2.339e-05
NXS/BTC,1569079792990,2019-09-21T15:29:52.990Z,sell,2.327e-05,250.0,0.0058175
NXS/BTC,1569079845535,2019-09-21T15:30:45.535Z,buy,2.339e-05,5.0,0.00011695
NXS/BTC,1569079864715,2019-09-21T15:31:04.715Z,sell,2.335e-05,543.0,0.0126790499999999
NXS/BTC,1569079867921,2019-09-21T15:31:07.921Z,sell,2.335e-05,250.0,0.0058375
NXS/BTC,1569079913081,2019-09-21T15:31:53.081Z,sell,2.335e-05,782.0,0.0182597
NXS/BTC,1569079952053,2019-09-21T15:32:32.053Z,sell,2.328e-05,348.0,0.00810144
NXS/BTC,1569079952053,2019-09-21T15:32:32.053Z,sell,2.328e-05,510.0,0.0118728
NXS/BTC,1569079952170,2019-09-21T15:32:32.170Z,buy,2.328e-05,1715.0,0.0399252
NXS/BTC,1569079952170,2019-09-21T15:32:32.170Z,buy,2.328e-05,1715.0,0.0399252
NXS/BTC,1569081148500,2019-09-21T15:52:28.500Z,buy,2.338e-05,1114.0,0.02604532
NXS/BTC,1569081148500,2019-09-21T15:52:28.500Z,buy,2.339e-05,304.0,0.00711056
NXS/BTC,1569081148500,2019-09-21T15:52:28.500Z,buy,2.341e-05,318.0,0.00744438
NXS/BTC,1569081658914,2019-09-21T16:00:58.914Z,buy,2.34e-05,5.0,0.000117
NXS/BTC,1569081965256,2019-09-21T16:06:05.256Z,buy,2.34e-05,9.0,0.0002106
NXS/BTC,1569081965256,2019-09-21T16:06:05.256Z,buy,2.341e-05,1076.0,0.02518916
NXS/BTC,1569081965256,2019-09-21T16:06:05.256Z,buy,2.343e-05,179.0,0.00419397
NXS/BTC,1569081965256,2019-09-21T16:06:05.256Z,buy,2.346e-05,5.0,0.0001172999999999
NXS/BTC,1569081965256,2019-09-21T16:06:05.256Z,buy,2.35e-05,16.0,0.000376
NXS/BTC,1569081965256,2019-09-21T16:06:05.256Z,buy,2.357e-05,19.0,0.0004478299999999
NXS/BTC,1569081965276,2019-09-21T16:06:05.276Z,sell,2.36e-05,312.0,0.0073632
NXS/BTC,1569081965320,2019-09-21T16:06:05.320Z,sell,2.36e-05,1753.0,0.0413708
NXS/BTC,1569082046443,2019-09-21T16:07:26.443Z,sell,2.333e-05,67.0,0.00156311
NXS/BTC,1569082051356,2019-09-21T16:07:31.356Z,sell,2.334e-05,65.0,0.0015171
NXS/BTC,1569082056399,2019-09-21T16:07:36.399Z,sell,2.334e-05,86.0,0.00200724
NXS/BTC,1569082165801,2019-09-21T16:09:25.801Z,sell,2.334e-05,41.0,0.00095694
NXS/BTC,1569082165801,2019-09-21T16:09:25.801Z,sell,2.333e-05,102.0,0.00237966
NXS/BTC,1569082551288,2019-09-21T16:15:51.288Z,sell,2.33e-05,9.0,0.0002097
NXS/BTC,1569082659292,2019-09-21T16:17:39.292Z,buy,2.348e-05,5.0,0.0001174
NXS/BTC,1569082659292,2019-09-21T16:17:39.292Z,buy,2.348e-05,5.0,0.0001174
NXS/BTC,1569084201107,2019-09-21T16:43:21.107Z,buy,2.346e-05,6.0,0.00014076
NXS/BTC,1569084201107,2019-09-21T16:43:21.107Z,buy,2.347e-05,92.0,0.00215924
NXS/BTC,1569084201107,2019-09-21T16:43:21.107Z,buy,2.348e-05,2.0,4.696e-05
NXS/BTC,1569084640896,2019-09-21T16:50:40.896Z,sell,2.333e-05,5.0,0.0001166499999999
NXS/BTC,1569084640941,2019-09-21T16:50:40.941Z,buy,2.333e-05,64.0,0.00149312
NXS/BTC,1569084856880,2019-09-21T16:54:16.880Z,sell,2.332e-05,67.0,0.00156244
NXS/BTC,1569084936556,2019-09-21T16:55:36.556Z,buy,2.348e-05,106.0,0.0024888799999999
NXS/BTC,1569084936556,2019-09-21T16:55:36.556Z,buy,2.351e-05,94.0,0.00220994
NXS/BTC,1569085617548,2019-09-21T17:06:57.548Z,buy,2.352e-05,6.0,0.00014112
NXS/BTC,1569085617548,2019-09-21T17:06:57.548Z,buy,2.358e-05,2.0,4.716e-05
NXS/BTC,1569085902366,2019-09-21T17:11:42.366Z,buy,2.355e-05,42.0,0.0009891
NXS/BTC,1569085902913,2019-09-21T17:11:42.913Z,buy,2.356e-05,5.0,0.0001178
NXS/BTC,1569085902913,2019-09-21T17:11:42.913Z,buy,2.358e-05,91.0,0.00214578
NXS/BTC,1569085902913,2019-09-21T17:11:42.913Z,buy,2.36e-05,74.0,0.0017464
NXS/BTC,1569085903477,2019-09-21T17:11:43.477Z,buy,2.359e-05,134.0,0.00316106
NXS/BTC,1569085903477,2019-09-21T17:11:43.477Z,buy,2.36e-05,290.0,0.006844
NXS/BTC,1569085903916,2019-09-21T17:11:43.916Z,buy,2.36e-05,127.0,0.0029972
NXS/BTC,1569085904462,2019-09-21T17:11:44.462Z,buy,2.36e-05,42.0,0.0009912
NXS/BTC,1569085904713,2019-09-21T17:11:44.713Z,buy,2.36e-05,1272.0,0.0300192
NXS/BTC,1569085904881,2019-09-21T17:11:44.881Z,buy,2.36e-05,42.0,0.0009912
NXS/BTC,1569085905482,2019-09-21T17:11:45.482Z,buy,2.36e-05,170.0,0.004012
NXS/BTC,1569085905505,2019-09-21T17:11:45.505Z,buy,2.36e-05,21.0,0.0004956
NXS/BTC,1569085905601,2019-09-21T17:11:45.601Z,buy,2.36e-05,127.0,0.0029972
NXS/BTC,1569085906226,2019-09-21T17:11:46.226Z,buy,2.36e-05,60.0,0.001416
NXS/BTC,1569085906226,2019-09-21T17:11:46.226Z,buy,2.364e-05,194.0,0.00458616
NXS/BTC,1569085906774,2019-09-21T17:11:46.774Z,buy,2.364e-05,424.0,0.01002336
NXS/BTC,1569085906848,2019-09-21T17:11:46.848Z,buy,2.364e-05,1060.0,0.0250584
NXS/BTC,1569085906850,2019-09-21T17:11:46.850Z,buy,2.364e-05,424.0,0.01002336
NXS/BTC,1569085906970,2019-09-21T17:11:46.970Z,buy,2.364e-05,42.0,0.00099288
NXS/BTC,1569085907449,2019-09-21T17:11:47.449Z,buy,2.364e-05,212.0,0.00501168
NXS/BTC,1569085957147,2019-09-21T17:12:37.147Z,sell,2.347e-05,361.0,0.00847267
NXS/BTC,1569085957147,2019-09-21T17:12:37.147Z,sell,2.347e-05,361.0,0.00847267
NXS/BTC,1569086859730,2019-09-21T17:27:39.730Z,sell,2.346e-05,6.0,0.00014076
NXS/BTC,1569086859730,2019-09-21T17:27:39.730Z,sell,2.339e-05,1728.0,0.04041792
NXS/BTC,1569086888813,2019-09-21T17:28:08.813Z,buy,2.345e-05,2.0,4.69e-05
NXS/BTC,1569087161801,2019-09-21T17:32:41.801Z,sell,2.341e-05,90.0,0.0021069
NXS/BTC,1569087164808,2019-09-21T17:32:44.808Z,sell,2.331e-05,28.0,0.00065268
NXS/BTC,1569087164808,2019-09-21T17:32:44.808Z,sell,2.33e-05,7.0,0.0001631
NXS/BTC,1569087164808,2019-09-21T17:32:44.808Z,sell,2.328e-05,1904.0,0.04432512
NXS/BTC,1569087164808,2019-09-21T17:32:44.808Z,sell,2.323e-05,953.0,0.02213819
NXS/BTC,1569087164808,2019-09-21T17:32:44.808Z,sell,2.322e-05,30.0,0.0006966
NXS/BTC,1569087164808,2019-09-21T17:32:44.808Z,sell,2.321e-05,861.0,0.01998381
NXS/BTC,1569087164808,2019-09-21T17:32:44.808Z,sell,2.315e-05,618.0,0.0143067
NXS/BTC,1569087164808,2019-09-21T17:32:44.808Z,sell,2.314e-05,559.0,0.0129352599999999
NXS/BTC,1569087164808,2019-09-21T17:32:44.808Z,sell,2.312e-05,40.0,0.0009247999999999
NXS/BTC,1569087164829,2019-09-21T17:32:44.829Z,buy,2.318e-05,244.0,0.00565592
NXS/BTC,1569087167574,2019-09-21T17:32:47.574Z,sell,2.341e-05,301.0,0.00704641
NXS/BTC,1569087168387,2019-09-21T17:32:48.387Z,buy,2.34e-05,2.0,4.68e-05
NXS/BTC,1569087241532,2019-09-21T17:34:01.532Z,buy,2.341e-05,2.0,4.682e-05
NXS/BTC,1569087290921,2019-09-21T17:34:50.921Z,buy,2.339e-05,65.0,0.00152035
NXS/BTC,1569087293100,2019-09-21T17:34:53.100Z,buy,2.339e-05,65.0,0.00152035
NXS/BTC,1569087293100,2019-09-21T17:34:53.100Z,buy,2.339e-05,65.0,0.00152035
NXS/BTC,1569089755514,2019-09-21T18:15:55.514Z,buy,2.331e-05,6.0,0.00013986
NXS/BTC,1569089768093,2019-09-21T18:16:08.093Z,buy,2.331e-05,5.0,0.0001165499999999
NXS/BTC,1569090074939,2019-09-21T18:21:14.939Z,buy,2.331e-05,218.0,0.00508158
NXS/BTC,1569090074939,2019-09-21T18:21:14.939Z,buy,2.332e-05,1390.0,0.0324148
NXS/BTC,1569090074939,2019-09-21T18:21:14.939Z,buy,2.334e-05,1902.0,0.04439268
NXS/BTC,1569090176875,2019-09-21T18:22:56.875Z,buy,2.341e-05,2.0,4.682e-05
NXS/BTC,1569090325005,2019-09-21T18:25:25.005Z,sell,2.322e-05,1121.0,0.02602962
NXS/BTC,1569090380488,2019-09-21T18:26:20.488Z,buy,2.336e-05,340.0,0.0079424
NXS/BTC,1569090380488,2019-09-21T18:26:20.488Z,buy,2.337e-05,4579.0,0.10701123
NXS/BTC,1569090385806,2019-09-21T18:26:25.806Z,buy,2.338e-05,1286.0,0.03006668
NXS/BTC,1569090752639,2019-09-21T18:32:32.639Z,sell,2.327e-05,105.0,0.00244335
NXS/BTC,1569090752707,2019-09-21T18:32:32.707Z,sell,2.327e-05,435.0,0.01012245
NXS/BTC,1569090752707,2019-09-21T18:32:32.707Z,sell,2.327e-05,435.0,0.01012245
NXS/BTC,1569091448514,2019-09-21T18:44:08.514Z,buy,2.33e-05,109.0,0.0025397
NXS/BTC,1569092167556,2019-09-21T18:56:07.556Z,buy,2.33e-05,301.0,0.0070133
NXS/BTC,1569092654999,2019-09-21T19:04:14.999Z,buy,2.338e-05,2652.0,0.06200376
NXS/BTC,1569092657263,2019-09-21T19:04:17.263Z,buy,2.337e-05,1126.0,0.02631462
NXS/BTC,1569092657263,2019-09-21T19:04:17.263Z,buy,2.337e-05,1126.0,0.02631462
NXS/BTC,1569094747287,2019-09-21T19:39:07.287Z,sell,2.326e-05,131.0,0.00304706
NXS/BTC,1569094747287,2019-09-21T19:39:07.287Z,sell,2.326e-05,131.0,0.00304706
NXS/BTC,1569096457161,2019-09-21T20:07:37.161Z,sell,2.338e-05,547.0,0.0127888599999999
NXS/BTC,1569096703280,2019-09-21T20:11:43.280Z,buy,2.339e-05,25.0,0.00058475
NXS/BTC,1569096732100,2019-09-21T20:12:12.100Z,buy,2.339e-05,11.0,0.00025729
NXS/BTC,1569096734304,2019-09-21T20:12:14.304Z,buy,2.339e-05,11.0,0.00025729
NXS/BTC,1569096758769,2019-09-21T20:12:38.769Z,buy,2.339e-05,86.0,0.00201154
NXS/BTC,1569096782305,2019-09-21T20:13:02.305Z,buy,2.339e-05,531.0,0.01242009
NXS/BTC,1569096831540,2019-09-21T20:13:51.540Z,buy,2.339e-05,582.0,0.01361298
NXS/BTC,1569096953196,2019-09-21T20:15:53.196Z,sell,2.335e-05,5.0,0.0001167499999999
NXS/BTC,1569097509910,2019-09-21T20:25:09.910Z,sell,2.343e-05,12.0,0.00028116
NXS/BTC,1569097509910,2019-09-21T20:25:09.910Z,sell,2.336e-05,110.0,0.0025696
NXS/BTC,1569097510811,2019-09-21T20:25:10.811Z,buy,2.344e-05,6.0,0.0001406399999999
NXS/BTC,1569097595891,2019-09-21T20:26:35.891Z,sell,2.337e-05,451.0,0.01053987
NXS/BTC,1569098060784,2019-09-21T20:34:20.784Z,sell,2.343e-05,50.0,0.0011715
NXS/BTC,1569098060784,2019-09-21T20:34:20.784Z,sell,2.337e-05,31.0,0.00072447
NXS/BTC,1569098060784,2019-09-21T20:34:20.784Z,sell,2.343e-05,50.0,0.0011715
NXS/BTC,1569098060784,2019-09-21T20:34:20.784Z,sell,2.337e-05,31.0,0.00072447
NXS/BTC,1569098714579,2019-09-21T20:45:14.579Z,buy,2.344e-05,24.0,0.0005625599999999
NXS/BTC,1569098760954,2019-09-21T20:46:00.954Z,buy,2.35e-05,40.0,0.00094
NXS/BTC,1569098890723,2019-09-21T20:48:10.723Z,buy,2.344e-05,5.0,0.0001172
NXS/BTC,1569098895810,2019-09-21T20:48:15.810Z,sell,2.344e-05,86.0,0.00201584
NXS/BTC,1569099606092,2019-09-21T21:00:06.092Z,sell,2.334e-05,46.0,0.00107364
NXS/BTC,1569100332177,2019-09-21T21:12:12.177Z,sell,2.335e-05,90.0,0.0021015
NXS/BTC,1569100559300,2019-09-21T21:15:59.300Z,buy,2.354e-05,5.0,0.0001177
NXS/BTC,1569101085414,2019-09-21T21:24:45.414Z,buy,2.354e-05,170.0,0.0040018
NXS/BTC,1569101414889,2019-09-21T21:30:14.889Z,buy,2.354e-05,44.0,0.00103576
NXS/BTC,1569101414889,2019-09-21T21:30:14.889Z,buy,2.355e-05,102.0,0.0024021
NXS/BTC,1569101414889,2019-09-21T21:30:14.889Z,buy,2.354e-05,44.0,0.00103576
NXS/BTC,1569101414889,2019-09-21T21:30:14.889Z,buy,2.355e-05,102.0,0.0024021
NXS/BTC,1569103325278,2019-09-21T22:02:05.278Z,buy,2.355e-05,547.0,0.01288185
NXS/BTC,1569103325278,2019-09-21T22:02:05.278Z,buy,2.356e-05,7395.0,0.1742262
NXS/BTC,1569103325278,2019-09-21T22:02:05.278Z,buy,2.357e-05,1628.0,0.03837196
NXS/BTC,1569103325278,2019-09-21T22:02:05.278Z,buy,2.37e-05,16.0,0.0003792
NXS/BTC,1569103325278,2019-09-21T22:02:05.278Z,buy,2.373e-05,11.0,0.00026103
NXS/BTC,1569103325278,2019-09-21T22:02:05.278Z,buy,2.377e-05,807.0,0.01918239
NXS/BTC,1569103325278,2019-09-21T22:02:05.278Z,buy,2.379e-05,3625.0,0.08623875
NXS/BTC,1569103325278,2019-09-21T22:02:05.278Z,sell,2.379e-05,52.0,0.00123708
NXS/BTC,1569103325300,2019-09-21T22:02:05.300Z,sell,2.379e-05,334.0,0.00794586
NXS/BTC,1569103325323,2019-09-21T22:02:05.323Z,sell,2.379e-05,70.0,0.0016653
NXS/BTC,1569103325331,2019-09-21T22:02:05.331Z,buy,2.38e-05,3190.0,0.075922
NXS/BTC,1569103325347,2019-09-21T22:02:05.347Z,sell,2.379e-05,20.0,0.0004758
NXS/BTC,1569103325414,2019-09-21T22:02:05.414Z,sell,2.379e-05,26.0,0.00061854
NXS/BTC,1569103326473,2019-09-21T22:02:06.473Z,sell,2.38e-05,2100.0,0.04998
NXS/BTC,1569103326473,2019-09-21T22:02:06.473Z,sell,2.379e-05,6486.0,0.15430194
NXS/BTC,1569103326672,2019-09-21T22:02:06.672Z,sell,2.343e-05,123.0,0.00288189
NXS/BTC,1569103326777,2019-09-21T22:02:06.777Z,sell,2.344e-05,129.0,0.00302376
NXS/BTC,1569103330144,2019-09-21T22:02:10.144Z,sell,2.348e-05,86.0,0.00201928
NXS/BTC,1569103330947,2019-09-21T22:02:10.947Z,sell,2.361e-05,30.0,0.0007083
NXS/BTC,1569103332837,2019-09-21T22:02:12.837Z,sell,2.349e-05,103.0,0.00241947
NXS/BTC,1569103336752,2019-09-21T22:02:16.752Z,sell,2.351e-05,147.0,0.00345597
NXS/BTC,1569103338939,2019-09-21T22:02:18.939Z,sell,2.351e-05,80.0,0.0018808
NXS/BTC,1569103348096,2019-09-21T22:02:28.096Z,buy,2.353e-05,50.0,0.0011765
NXS/BTC,1569103350645,2019-09-21T22:02:30.645Z,sell,2.352e-05,42.0,0.00098784
NXS/BTC,1569103350645,2019-09-21T22:02:30.645Z,sell,2.351e-05,72.0,0.00169272
NXS/BTC,1569103353916,2019-09-21T22:02:33.916Z,sell,2.351e-05,131.0,0.00307981
NXS/BTC,1569103357522,2019-09-21T22:02:37.522Z,buy,2.361e-05,45.0,0.00106245
NXS/BTC,1569103357522,2019-09-21T22:02:37.522Z,buy,2.369e-05,103.0,0.00244007
NXS/BTC,1569103357522,2019-09-21T22:02:37.522Z,buy,2.378e-05,148.0,0.00351944
NXS/BTC,1569103386922,2019-09-21T22:03:06.922Z,sell,2.353e-05,258.0,0.00607074
NXS/BTC,1569103493157,2019-09-21T22:04:53.157Z,sell,2.353e-05,90.0,0.0021177
NXS/BTC,1569103517722,2019-09-21T22:05:17.722Z,sell,2.353e-05,498.0,0.01171794
NXS/BTC,1569103578674,2019-09-21T22:06:18.674Z,buy,2.373e-05,5.0,0.00011865
NXS/BTC,1569103596120,2019-09-21T22:06:36.120Z,buy,2.373e-05,497.0,0.01179381
NXS/BTC,1569103596120,2019-09-21T22:06:36.120Z,buy,2.374e-05,430.0,0.0102082
NXS/BTC,1569103596120,2019-09-21T22:06:36.120Z,buy,2.375e-05,570.0,0.0135375
NXS/BTC,1569103596120,2019-09-21T22:06:36.120Z,buy,2.376e-05,30.0,0.0007128
NXS/BTC,1569103596120,2019-09-21T22:06:36.120Z,buy,2.378e-05,618.0,0.0146960399999999
NXS/BTC,1569103596120,2019-09-21T22:06:36.120Z,buy,2.379e-05,433.0,0.01030107
NXS/BTC,1569103596120,2019-09-21T22:06:36.120Z,buy,2.38e-05,2328.0,0.0554063999999999
NXS/BTC,1569103596120,2019-09-21T22:06:36.120Z,buy,2.381e-05,1005.0,0.02392905
NXS/BTC,1569103596120,2019-09-21T22:06:36.120Z,buy,2.382e-05,7127.0,0.1697651399999999
NXS/BTC,1569103596120,2019-09-21T22:06:36.120Z,buy,2.383e-05,509.0,0.01212947
NXS/BTC,1569103596120,2019-09-21T22:06:36.120Z,buy,2.384e-05,543.0,0.01294512
NXS/BTC,1569103596120,2019-09-21T22:06:36.120Z,buy,2.385e-05,248.0,0.0059148
NXS/BTC,1569103596120,2019-09-21T22:06:36.120Z,buy,2.387e-05,612.0,0.01460844
NXS/BTC,1569103596120,2019-09-21T22:06:36.120Z,buy,2.388e-05,11.0,0.00026268
NXS/BTC,1569103596120,2019-09-21T22:06:36.120Z,buy,2.39e-05,729.81,0.017442459
NXS/BTC,1569103596120,2019-09-21T22:06:36.120Z,buy,2.391e-05,609.0,0.01456119
NXS/BTC,1569103596120,2019-09-21T22:06:36.120Z,buy,2.393e-05,862.0,0.02062766
NXS/BTC,1569103596120,2019-09-21T22:06:36.120Z,buy,2.394e-05,152.0,0.00363888
NXS/BTC,1569103596120,2019-09-21T22:06:36.120Z,buy,2.395e-05,416.0,0.0099632
NXS/BTC,1569103596120,2019-09-21T22:06:36.120Z,buy,2.398e-05,3783.0,0.09071634
NXS/BTC,1569103596120,2019-09-21T22:06:36.120Z,buy,2.4e-05,1128.19,0.02707656
NXS/BTC,1569103596561,2019-09-21T22:06:36.561Z,sell,2.382e-05,62.0,0.0014768399999999
NXS/BTC,1569103596591,2019-09-21T22:06:36.591Z,sell,2.382e-05,69.0,0.00164358
NXS/BTC,1569103597124,2019-09-21T22:06:37.124Z,sell,2.389e-05,58.0,0.00138562
NXS/BTC,1569103597840,2019-09-21T22:06:37.840Z,sell,2.382e-05,6.0,0.00014292
NXS/BTC,1569103597840,2019-09-21T22:06:37.840Z,sell,2.382e-05,111.0,0.00264402
NXS/BTC,1569103597840,2019-09-21T22:06:37.840Z,sell,2.381e-05,1.0,2.381e-05
NXS/BTC,1569103599905,2019-09-21T22:06:39.905Z,sell,2.368e-05,44.0,0.00104192
NXS/BTC,1569103599905,2019-09-21T22:06:39.905Z,sell,2.368e-05,123.0,0.00291264
NXS/BTC,1569103599905,2019-09-21T22:06:39.905Z,sell,2.367e-05,167.0,0.00395289
NXS/BTC,1569103599905,2019-09-21T22:06:39.905Z,sell,2.365e-05,454.0,0.0107371
NXS/BTC,1569103599905,2019-09-21T22:06:39.905Z,sell,2.365e-05,134.0,0.0031690999999999
NXS/BTC,1569103599905,2019-09-21T22:06:39.905Z,sell,2.365e-05,856.0,0.0202444
NXS/BTC,1569103599905,2019-09-21T22:06:39.905Z,sell,2.365e-05,113.0,0.00267245
NXS/BTC,1569103599905,2019-09-21T22:06:39.905Z,sell,2.365e-05,35.0,0.0008277499999999
NXS/BTC,1569103599905,2019-09-21T22:06:39.905Z,sell,2.365e-05,127.0,0.00300355
NXS/BTC,1569103599905,2019-09-21T22:06:39.905Z,sell,2.365e-05,140.0,0.0033109999999999
NXS/BTC,1569103599905,2019-09-21T22:06:39.905Z,sell,2.365e-05,19.0,0.00044935
NXS/BTC,1569103599905,2019-09-21T22:06:39.905Z,sell,2.36e-05,244.0,0.0057584
NXS/BTC,1569103599905,2019-09-21T22:06:39.905Z,sell,2.36e-05,61.0,0.0014396
NXS/BTC,1569103599905,2019-09-21T22:06:39.905Z,sell,2.358e-05,169.0,0.00398502
NXS/BTC,1569103599905,2019-09-21T22:06:39.905Z,sell,2.353e-05,404.0,0.00950612
NXS/BTC,1569103613268,2019-09-21T22:06:53.268Z,buy,2.376e-05,96.0,0.00228096
NXS/BTC,1569103613268,2019-09-21T22:06:53.268Z,buy,2.38e-05,169.0,0.0040222
NXS/BTC,1569103613268,2019-09-21T22:06:53.268Z,buy,2.381e-05,46.0,0.00109526
NXS/BTC,1569103613268,2019-09-21T22:06:53.268Z,buy,2.383e-05,305.0,0.00726815
NXS/BTC,1569103613268,2019-09-21T22:06:53.268Z,buy,2.384e-05,101.0,0.00240784
NXS/BTC,1569103615811,2019-09-21T22:06:55.811Z,sell,2.371e-05,328.0,0.00777688
NXS/BTC,1569103620298,2019-09-21T22:07:00.298Z,sell,2.37e-05,16.0,0.0003792
NXS/BTC,1569103620298,2019-09-21T22:07:00.298Z,sell,2.369e-05,79.0,0.0018715099999999
NXS/BTC,1569103620298,2019-09-21T22:07:00.298Z,sell,2.369e-05,31.0,0.0007343899999999
NXS/BTC,1569103620421,2019-09-21T22:07:00.421Z,sell,2.369e-05,366.0,0.00867054
NXS/BTC,1569103622735,2019-09-21T22:07:02.735Z,buy,2.37e-05,113.0,0.0026781
NXS/BTC,1569103622735,2019-09-21T22:07:02.735Z,buy,2.374e-05,47.0,0.00111578
NXS/BTC,1569103642414,2019-09-21T22:07:22.414Z,sell,2.368e-05,307.0,0.00726976
NXS/BTC,1569103642414,2019-09-21T22:07:22.414Z,sell,2.366e-05,138.0,0.00326508
NXS/BTC,1569103667261,2019-09-21T22:07:47.261Z,sell,2.367e-05,40.0,0.0009467999999999
NXS/BTC,1569103694962,2019-09-21T22:08:14.962Z,sell,2.374e-05,84.0,0.00199416
NXS/BTC,1569103800904,2019-09-21T22:10:00.904Z,buy,2.383e-05,127.0,0.00302641
NXS/BTC,1569104148859,2019-09-21T22:15:48.859Z,sell,2.366e-05,14.0,0.00033124
NXS/BTC,1569104536673,2019-09-21T22:22:16.673Z,buy,2.383e-05,5.0,0.00011915
NXS/BTC,1569104627675,2019-09-21T22:23:47.675Z,buy,2.383e-05,1605.0,0.03824715
NXS/BTC,1569104627715,2019-09-21T22:23:47.715Z,sell,2.383e-05,508.0,0.01210564
NXS/BTC,1569104829264,2019-09-21T22:27:09.264Z,sell,2.366e-05,40.0,0.0009464
NXS/BTC,1569104848762,2019-09-21T22:27:28.762Z,buy,2.384e-05,15.0,0.0003575999999999
NXS/BTC,1569104848762,2019-09-21T22:27:28.762Z,buy,2.384e-05,15.0,0.0003575999999999
NXS/BTC,1569105281177,2019-09-21T22:34:41.177Z,buy,2.384e-05,292.0,0.0069612799999999
NXS/BTC,1569105281177,2019-09-21T22:34:41.177Z,buy,2.385e-05,471.0,0.01123335
NXS/BTC,1569105281177,2019-09-21T22:34:41.177Z,buy,2.387e-05,997.0,0.02379839
NXS/BTC,1569105543796,2019-09-21T22:39:03.796Z,buy,2.387e-05,294.0,0.00701778
NXS/BTC,1569105661467,2019-09-21T22:41:01.467Z,buy,2.387e-05,130.0,0.0031031
NXS/BTC,1569105661467,2019-09-21T22:41:01.467Z,buy,2.389e-05,349.0,0.00833761
NXS/BTC,1569105661467,2019-09-21T22:41:01.467Z,buy,2.39e-05,1393.0,0.0332927
NXS/BTC,1569105661467,2019-09-21T22:41:01.467Z,buy,2.392e-05,11.0,0.00026312
NXS/BTC,1569105661467,2019-09-21T22:41:01.467Z,buy,2.398e-05,212.0,0.00508376
NXS/BTC,1569105661467,2019-09-21T22:41:01.467Z,buy,2.399e-05,2165.0,0.05193835
NXS/BTC,1569105661467,2019-09-21T22:41:01.467Z,buy,2.4e-05,4119.0,0.098856
NXS/BTC,1569105690317,2019-09-21T22:41:30.317Z,sell,2.371e-05,238.0,0.00564298
NXS/BTC,1569105690317,2019-09-21T22:41:30.317Z,sell,2.371e-05,79.0,0.00187309
NXS/BTC,1569105690317,2019-09-21T22:41:30.317Z,sell,2.371e-05,22.0,0.00052162
NXS/BTC,1569105705783,2019-09-21T22:41:45.783Z,sell,2.372e-05,129.0,0.00305988
NXS/BTC,1569105711278,2019-09-21T22:41:51.278Z,sell,2.372e-05,129.0,0.00305988
NXS/BTC,1569105726365,2019-09-21T22:42:06.365Z,sell,2.373e-05,116.0,0.00275268
NXS/BTC,1569105728378,2019-09-21T22:42:08.378Z,sell,2.373e-05,43.0,0.00102039
NXS/BTC,1569105733715,2019-09-21T22:42:13.715Z,sell,2.373e-05,103.0,0.00244419
NXS/BTC,1569105812632,2019-09-21T22:43:32.632Z,sell,2.377e-05,575.0,0.01366775
NXS/BTC,1569105977029,2019-09-21T22:46:17.029Z,sell,2.379e-05,74.0,0.00176046
NXS/BTC,1569106237230,2019-09-21T22:50:37.230Z,sell,2.379e-05,421.0,0.01001559
NXS/BTC,1569107044548,2019-09-21T23:04:04.548Z,sell,2.371e-05,220.0,0.0052162
NXS/BTC,1569107125757,2019-09-21T23:05:25.757Z,sell,2.371e-05,14.0,0.00033194
NXS/BTC,1569107230155,2019-09-21T23:07:10.155Z,sell,2.371e-05,122.0,0.00289262
NXS/BTC,1569107377258,2019-09-21T23:09:37.258Z,sell,2.371e-05,35.0,0.00082985
NXS/BTC,1569107377258,2019-09-21T23:09:37.258Z,sell,2.371e-05,35.0,0.00082985
NXS/BTC,1569111658424,2019-09-22T00:20:58.424Z,buy,2.379e-05,318.0,0.00756522
NXS/BTC,1569111658424,2019-09-22T00:20:58.424Z,buy,2.38e-05,2289.0,0.0544782
NXS/BTC,1569111814445,2019-09-22T00:23:34.445Z,sell,2.38e-05,156.0,0.0037128
NXS/BTC,1569111814503,2019-09-22T00:23:34.503Z,sell,2.38e-05,371.0,0.0088298
NXS/BTC,1569111814503,2019-09-22T00:23:34.503Z,sell,2.38e-05,371.0,0.0088298
NXS/BTC,1569112207805,2019-09-22T00:30:07.805Z,sell,2.38e-05,43.0,0.0010234
NXS/BTC,1569112504195,2019-09-22T00:35:04.195Z,sell,2.38e-05,323.0,0.0076874
NXS/BTC,1569112504371,2019-09-22T00:35:04.371Z,sell,2.38e-05,554.0,0.0131852
NXS/BTC,1569112649864,2019-09-22T00:37:29.864Z,buy,2.382e-05,11.0,0.0002620199999999
NXS/BTC,1569113499886,2019-09-22T00:51:39.886Z,buy,2.378e-05,10.0,0.0002377999999999
NXS/BTC,1569113662375,2019-09-22T00:54:22.375Z,buy,2.378e-05,25.0,0.0005945
NXS/BTC,1569113662375,2019-09-22T00:54:22.375Z,buy,2.38e-05,1815.0,0.043197
NXS/BTC,1569113674268,2019-09-22T00:54:34.268Z,sell,2.382e-05,116.0,0.00276312
NXS/BTC,1569113674398,2019-09-22T00:54:34.398Z,sell,2.382e-05,117.0,0.00278694
NXS/BTC,1569113691635,2019-09-22T00:54:51.635Z,buy,2.383e-05,995.0,0.02371085
NXS/BTC,1569113691635,2019-09-22T00:54:51.635Z,buy,2.387e-05,615.0,0.01468005
NXS/BTC,1569113691635,2019-09-22T00:54:51.635Z,buy,2.389e-05,62.0,0.00148118
NXS/BTC,1569113691635,2019-09-22T00:54:51.635Z,buy,2.396e-05,674.0,0.01614904
NXS/BTC,1569113691635,2019-09-22T00:54:51.635Z,buy,2.4e-05,1659.82,0.03983568
NXS/BTC,1569113691635,2019-09-22T00:54:51.635Z,buy,2.401e-05,55.0,0.00132055
NXS/BTC,1569113691635,2019-09-22T00:54:51.635Z,buy,2.403e-05,11.0,0.00026433
NXS/BTC,1569113691635,2019-09-22T00:54:51.635Z,buy,2.405e-05,1070.0,0.0257335
NXS/BTC,1569113691665,2019-09-22T00:54:51.665Z,sell,2.405e-05,736.0,0.0177008
NXS/BTC,1569113691690,2019-09-22T00:54:51.690Z,sell,2.405e-05,8551.0,0.20565155
NXS/BTC,1569113691707,2019-09-22T00:54:51.707Z,sell,2.405e-05,0.18,4.329e-06
NXS/BTC,1569113691713,2019-09-22T00:54:51.713Z,buy,2.405e-05,25.82,0.000620971
NXS/BTC,1569113691732,2019-09-22T00:54:51.732Z,buy,2.406e-05,11.0,0.00026466
NXS/BTC,1569113691732,2019-09-22T00:54:51.732Z,buy,2.409e-05,216.0,0.00520344
NXS/BTC,1569113691794,2019-09-22T00:54:51.794Z,sell,2.405e-05,108.0,0.0025973999999999
NXS/BTC,1569113692688,2019-09-22T00:54:52.688Z,sell,2.405e-05,1966.0,0.0472823
NXS/BTC,1569113692728,2019-09-22T00:54:52.728Z,sell,2.405e-05,0.18,4.329e-06
NXS/BTC,1569113693339,2019-09-22T00:54:53.339Z,sell,2.4e-05,6.0,0.000144
NXS/BTC,1569113695706,2019-09-22T00:54:55.706Z,buy,2.388e-05,9.0,0.0002149199999999
NXS/BTC,1569113723960,2019-09-22T00:55:23.960Z,buy,2.382e-05,22.0,0.0005240399999999
NXS/BTC,1569113723960,2019-09-22T00:55:23.960Z,buy,2.383e-05,53.0,0.00126299
NXS/BTC,1569113723960,2019-09-22T00:55:23.960Z,buy,2.393e-05,780.0,0.0186654
NXS/BTC,1569113724139,2019-09-22T00:55:24.139Z,buy,2.393e-05,180.0,0.0043074
NXS/BTC,1569113724490,2019-09-22T00:55:24.490Z,buy,2.393e-05,44.0,0.00105292
NXS/BTC,1569113724490,2019-09-22T00:55:24.490Z,buy,2.409e-05,97.0,0.00233673
NXS/BTC,1569113745545,2019-09-22T00:55:45.545Z,sell,2.391e-05,309.0,0.00738819
NXS/BTC,1569113745545,2019-09-22T00:55:45.545Z,sell,2.39e-05,148.0,0.0035372
NXS/BTC,1569113751932,2019-09-22T00:55:51.932Z,sell,2.388e-05,128.0,0.00305664
NXS/BTC,1569114254767,2019-09-22T01:04:14.767Z,sell,2.385e-05,43.0,0.00102555
NXS/BTC,1569114807460,2019-09-22T01:13:27.460Z,sell,2.385e-05,9.0,0.00021465
NXS/BTC,1569114924684,2019-09-22T01:15:24.684Z,buy,2.406e-05,927.0,0.02230362
NXS/BTC,1569114924710,2019-09-22T01:15:24.710Z,sell,2.406e-05,2131.0,0.05127186
NXS/BTC,1569114958155,2019-09-22T01:15:58.155Z,sell,2.386e-05,13.0,0.0003101799999999
NXS/BTC,1569115251089,2019-09-22T01:20:51.089Z,sell,2.379e-05,25.0,0.00059475
NXS/BTC,1569115251089,2019-09-22T01:20:51.089Z,sell,2.379e-05,25.0,0.00059475
NXS/BTC,1569115903089,2019-09-22T01:31:43.089Z,sell,2.38e-05,624.0,0.0148512
NXS/BTC,1569115903089,2019-09-22T01:31:43.089Z,sell,2.379e-05,417.0,0.00992043
NXS/BTC,1569115903089,2019-09-22T01:31:43.089Z,sell,2.378e-05,959.0,0.02280502
NXS/BTC,1569116687203,2019-09-22T01:44:47.203Z,sell,2.381e-05,20.0,0.0004762
NXS/BTC,1569116832365,2019-09-22T01:47:12.365Z,sell,2.381e-05,77.0,0.00183337
NXS/BTC,1569116832430,2019-09-22T01:47:12.430Z,buy,2.381e-05,1897.0,0.04516757
NXS/BTC,1569116931454,2019-09-22T01:48:51.454Z,sell,2.38e-05,15.0,0.000357
NXS/BTC,1569117048789,2019-09-22T01:50:48.789Z,buy,2.391e-05,167.0,0.00399297
NXS/BTC,1569117051718,2019-09-22T01:50:51.718Z,buy,2.391e-05,167.0,0.00399297
NXS/BTC,1569118494883,2019-09-22T02:14:54.883Z,sell,2.38e-05,500.0,0.0118999999999999
NXS/BTC,1569118494883,2019-09-22T02:14:54.883Z,sell,2.38e-05,500.0,0.0118999999999999
NXS/BTC,1569119313704,2019-09-22T02:28:33.704Z,buy,2.391e-05,729.0,0.01743039
NXS/BTC,1569119313704,2019-09-22T02:28:33.704Z,buy,2.397e-05,1235.0,0.02960295
NXS/BTC,1569119319757,2019-09-22T02:28:39.757Z,buy,2.409e-05,2928.0,0.07053552
NXS/BTC,1569119322336,2019-09-22T02:28:42.336Z,buy,2.409e-05,532.0,0.01281588
NXS/BTC,1569119325855,2019-09-22T02:28:45.855Z,buy,2.409e-05,532.0,0.01281588
NXS/BTC,1569119327698,2019-09-22T02:28:47.698Z,buy,2.409e-05,532.0,0.01281588
NXS/BTC,1569119329608,2019-09-22T02:28:49.608Z,buy,2.409e-05,532.0,0.01281588
NXS/BTC,1569119331615,2019-09-22T02:28:51.615Z,buy,2.409e-05,532.0,0.01281588
NXS/BTC,1569119354590,2019-09-22T02:29:14.590Z,buy,2.403e-05,10.0,0.0002402999999999
NXS/BTC,1569119354590,2019-09-22T02:29:14.590Z,buy,2.409e-05,532.0,0.01281588
NXS/BTC,1569119357915,2019-09-22T02:29:17.915Z,buy,2.409e-05,1068.0,0.02572812
NXS/BTC,1569119357942,2019-09-22T02:29:17.942Z,sell,2.409e-05,1814.0,0.04369926
NXS/BTC,1569119357986,2019-09-22T02:29:17.986Z,sell,2.409e-05,38629.0,0.93057261
NXS/BTC,1569119357992,2019-09-22T02:29:17.992Z,sell,2.384e-05,18.0,0.0004291199999999
NXS/BTC,1569119396306,2019-09-22T02:29:56.306Z,sell,2.392e-05,183.0,0.00437736
NXS/BTC,1569119435104,2019-09-22T02:30:35.104Z,buy,2.41e-05,420.81,0.010141521
NXS/BTC,1569119435104,2019-09-22T02:30:35.104Z,buy,2.411e-05,436.19,0.0105165409
NXS/BTC,1569119437001,2019-09-22T02:30:37.001Z,sell,2.387e-05,62.0,0.00147994
NXS/BTC,1569119438632,2019-09-22T02:30:38.632Z,buy,2.411e-05,527.81,0.0127254990999999
NXS/BTC,1569119438632,2019-09-22T02:30:38.632Z,buy,2.415e-05,11.0,0.00026565
NXS/BTC,1569119438632,2019-09-22T02:30:38.632Z,buy,2.419e-05,11.0,0.00026609
NXS/BTC,1569119438632,2019-09-22T02:30:38.632Z,buy,2.42e-05,309.19,0.0074823979999999
NXS/BTC,1569119441348,2019-09-22T02:30:41.348Z,buy,2.42e-05,861.0,0.0208362
NXS/BTC,1569119442861,2019-09-22T02:30:42.861Z,buy,2.42e-05,5.0,0.0001209999999999
NXS/BTC,1569119443064,2019-09-22T02:30:43.064Z,buy,2.42e-05,863.0,0.0208846
NXS/BTC,1569119444676,2019-09-22T02:30:44.676Z,buy,2.42e-05,11.0,0.0002661999999999
NXS/BTC,1569119444687,2019-09-22T02:30:44.687Z,buy,2.42e-05,865.0,0.020933
NXS/BTC,1569119465122,2019-09-22T02:31:05.122Z,buy,2.419e-05,11.0,0.00026609
NXS/BTC,1569119465171,2019-09-22T02:31:05.171Z,sell,2.419e-05,62.0,0.00149978
NXS/BTC,1569119465210,2019-09-22T02:31:05.210Z,sell,2.419e-05,193.0,0.00466867
NXS/BTC,1569119465783,2019-09-22T02:31:05.783Z,sell,2.419e-05,1718.0,0.04155842
NXS/BTC,1569119466025,2019-09-22T02:31:06.025Z,sell,2.419e-05,6.0,0.00014514
NXS/BTC,1569119466273,2019-09-22T02:31:06.273Z,sell,2.419e-05,76.0,0.00183844
NXS/BTC,1569119469351,2019-09-22T02:31:09.351Z,sell,2.39e-05,39.0,0.0009321
NXS/BTC,1569119469907,2019-09-22T02:31:09.907Z,sell,2.391e-05,6.0,0.0001434599999999
NXS/BTC,1569119492197,2019-09-22T02:31:32.197Z,sell,2.398e-05,1105.0,0.0264979
NXS/BTC,1569119492197,2019-09-22T02:31:32.197Z,sell,2.397e-05,1841.0,0.04412877
NXS/BTC,1569119627769,2019-09-22T02:33:47.769Z,buy,2.416e-05,806.0,0.01947296
NXS/BTC,1569119627769,2019-09-22T02:33:47.769Z,buy,2.417e-05,62.0,0.00149854
NXS/BTC,1569119631204,2019-09-22T02:33:51.204Z,buy,2.417e-05,108.0,0.00261036
NXS/BTC,1569119631204,2019-09-22T02:33:51.204Z,buy,2.418e-05,762.0,0.01842516
NXS/BTC,1569119637415,2019-09-22T02:33:57.415Z,sell,2.397e-05,417.0,0.00999549
NXS/BTC,1569119640980,2019-09-22T02:34:00.980Z,sell,2.397e-05,417.0,0.00999549
NXS/BTC,1569119673374,2019-09-22T02:34:33.374Z,sell,2.397e-05,417.0,0.00999549
NXS/BTC,1569119758503,2019-09-22T02:35:58.503Z,sell,2.398e-05,171.0,0.00410058
NXS/BTC,1569119758503,2019-09-22T02:35:58.503Z,sell,2.397e-05,77.0,0.0018456899999999
NXS/BTC,1569120012250,2019-09-22T02:40:12.250Z,sell,2.397e-05,52.0,0.00124644
NXS/BTC,1569120097538,2019-09-22T02:41:37.538Z,sell,2.397e-05,335.0,0.00802995
NXS/BTC,1569120097538,2019-09-22T02:41:37.538Z,sell,2.396e-05,1665.0,0.0398934
NXS/BTC,1569120498528,2019-09-22T02:48:18.528Z,buy,2.414e-05,5.0,0.0001206999999999
NXS/BTC,1569120502853,2019-09-22T02:48:22.853Z,buy,2.414e-05,83.0,0.00200362
NXS/BTC,1569120612449,2019-09-22T02:50:12.449Z,sell,2.394e-05,1000.0,0.02394
NXS/BTC,1569120733096,2019-09-22T02:52:13.096Z,sell,2.395e-05,40.0,0.000958
NXS/BTC,1569120829001,2019-09-22T02:53:49.001Z,sell,2.395e-05,40.0,0.000958
NXS/BTC,1569121207171,2019-09-22T03:00:07.171Z,sell,2.395e-05,17.0,0.00040715
NXS/BTC,1569121699188,2019-09-22T03:08:19.188Z,buy,2.414e-05,115.0,0.0027761
NXS/BTC,1569121699188,2019-09-22T03:08:19.188Z,buy,2.414e-05,115.0,0.0027761
NXS/BTC,1569122212613,2019-09-22T03:16:52.613Z,sell,2.395e-05,7.0,0.0001676499999999
NXS/BTC,1569122496028,2019-09-22T03:21:36.028Z,buy,2.414e-05,664.0,0.01602896
NXS/BTC,1569122496028,2019-09-22T03:21:36.028Z,buy,2.415e-05,164.0,0.0039606
NXS/BTC,1569123683751,2019-09-22T03:41:23.751Z,sell,2.399e-05,53.0,0.00127147
NXS/BTC,1569123756029,2019-09-22T03:42:36.029Z,sell,2.399e-05,53.0,0.00127147
NXS/BTC,1569123760484,2019-09-22T03:42:40.484Z,sell,2.399e-05,53.0,0.00127147
NXS/BTC,1569123848403,2019-09-22T03:44:08.403Z,sell,2.399e-05,14.0,0.00033586
NXS/BTC,1569123848403,2019-09-22T03:44:08.403Z,sell,2.397e-05,45.0,0.00107865
NXS/BTC,1569123852747,2019-09-22T03:44:12.747Z,sell,2.397e-05,59.0,0.00141423
NXS/BTC,1569123852747,2019-09-22T03:44:12.747Z,sell,2.397e-05,59.0,0.00141423
NXS/BTC,1569126869609,2019-09-22T04:34:29.609Z,sell,2.398e-05,42.0,0.00100716
NXS/BTC,1569126909012,2019-09-22T04:35:09.012Z,sell,2.398e-05,5.0,0.0001199
NXS/BTC,1569127245646,2019-09-22T04:40:45.646Z,sell,2.398e-05,230.0,0.0055154
NXS/BTC,1569127245646,2019-09-22T04:40:45.646Z,sell,2.397e-05,1201.0,0.02878797
NXS/BTC,1569127245646,2019-09-22T04:40:45.646Z,sell,2.396e-05,210.0,0.0050316
NXS/BTC,1569127302916,2019-09-22T04:41:42.916Z,buy,2.415e-05,849.0,0.02050335
NXS/BTC,1569127302916,2019-09-22T04:41:42.916Z,buy,2.416e-05,173.0,0.00417968
NXS/BTC,1569127302916,2019-09-22T04:41:42.916Z,buy,2.417e-05,211.0,0.00509987
NXS/BTC,1569127302916,2019-09-22T04:41:42.916Z,buy,2.415e-05,849.0,0.02050335
NXS/BTC,1569127302916,2019-09-22T04:41:42.916Z,buy,2.416e-05,173.0,0.00417968
NXS/BTC,1569127302916,2019-09-22T04:41:42.916Z,buy,2.417e-05,211.0,0.00509987
NXS/BTC,1569127534873,2019-09-22T04:45:34.873Z,sell,2.393e-05,61.0,0.00145973
NXS/BTC,1569130151361,2019-09-22T05:29:11.361Z,sell,2.399e-05,71.0,0.0017032899999999
NXS/BTC,1569130493578,2019-09-22T05:34:53.578Z,sell,2.399e-05,42.0,0.0010075799999999
NXS/BTC,1569130493578,2019-09-22T05:34:53.578Z,sell,2.397e-05,1831.0,0.0438890699999999
NXS/BTC,1569130493578,2019-09-22T05:34:53.578Z,sell,2.396e-05,566.0,0.01356136
NXS/BTC,1569130493578,2019-09-22T05:34:53.578Z,sell,2.39e-05,16.0,0.0003824
NXS/BTC,1569130493578,2019-09-22T05:34:53.578Z,sell,2.388e-05,58.0,0.00138504
NXS/BTC,1569130493578,2019-09-22T05:34:53.578Z,sell,2.383e-05,377.0,0.00898391
NXS/BTC,1569130493578,2019-09-22T05:34:53.578Z,sell,2.38e-05,2500.0,0.0595
NXS/BTC,1569130493578,2019-09-22T05:34:53.578Z,sell,2.379e-05,14123.0,0.33598617
NXS/BTC,1569130493578,2019-09-22T05:34:53.578Z,sell,2.378e-05,90487.0,2.15178086
NXS/BTC,1569130519542,2019-09-22T05:35:19.542Z,sell,2.385e-05,5.0,0.00011925
NXS/BTC,1569130519542,2019-09-22T05:35:19.542Z,sell,2.384e-05,1838.0,0.0438179199999999
NXS/BTC,1569130519542,2019-09-22T05:35:19.542Z,sell,2.381e-05,5.0,0.00011905
NXS/BTC,1569130527891,2019-09-22T05:35:27.891Z,sell,2.378e-05,4049.0,0.0962852199999999
NXS/BTC,1569130592177,2019-09-22T05:36:32.177Z,sell,2.378e-05,787.0,0.01871486
NXS/BTC,1569130593382,2019-09-22T05:36:33.382Z,sell,2.378e-05,100.0,0.002378
NXS/BTC,1569130596374,2019-09-22T05:36:36.374Z,sell,2.378e-05,926.0,0.02202028
NXS/BTC,1569130598731,2019-09-22T05:36:38.731Z,sell,2.378e-05,168.0,0.00399504
NXS/BTC,1569130599715,2019-09-22T05:36:39.715Z,sell,2.378e-05,513.0,0.0121991399999999
NXS/BTC,1569130602917,2019-09-22T05:36:42.917Z,sell,2.378e-05,395.0,0.0093931
NXS/BTC,1569130602917,2019-09-22T05:36:42.917Z,sell,2.377e-05,463.0,0.01100551
NXS/BTC,1569130616600,2019-09-22T05:36:56.600Z,sell,2.376e-05,11.0,0.00026136
NXS/BTC,1569130616600,2019-09-22T05:36:56.600Z,sell,2.37e-05,16.0,0.0003792
NXS/BTC,1569130616693,2019-09-22T05:36:56.693Z,buy,2.369e-05,24.0,0.00056856
NXS/BTC,1569130618351,2019-09-22T05:36:58.351Z,sell,2.36e-05,276.0,0.0065136
NXS/BTC,1569130637997,2019-09-22T05:37:17.997Z,sell,2.36e-05,1516.0,0.0357776
NXS/BTC,1569130637997,2019-09-22T05:37:17.997Z,sell,2.358e-05,951.0,0.02242458
NXS/BTC,1569130637997,2019-09-22T05:37:17.997Z,sell,2.355e-05,68.0,0.0016014
NXS/BTC,1569130637997,2019-09-22T05:37:17.997Z,sell,2.354e-05,424.0,0.00998096
NXS/BTC,1569130637997,2019-09-22T05:37:17.997Z,sell,2.353e-05,1794.0,0.04221282
NXS/BTC,1569130637997,2019-09-22T05:37:17.997Z,sell,2.352e-05,6.0,0.00014112
NXS/BTC,1569130637997,2019-09-22T05:37:17.997Z,sell,2.35e-05,16.0,0.000376
NXS/BTC,1569130637997,2019-09-22T05:37:17.997Z,sell,2.348e-05,699.0,0.01641252
NXS/BTC,1569130637997,2019-09-22T05:37:17.997Z,sell,2.346e-05,1014.0,0.0237884399999999
NXS/BTC,1569130637997,2019-09-22T05:37:17.997Z,sell,2.344e-05,93.0,0.00217992
NXS/BTC,1569130637997,2019-09-22T05:37:17.997Z,sell,2.343e-05,2716.0,0.06363588
NXS/BTC,1569130637997,2019-09-22T05:37:17.997Z,sell,2.342e-05,703.0,0.0164642599999999
NXS/BTC,1569130640560,2019-09-22T05:37:20.560Z,sell,2.344e-05,571.0,0.01338424
NXS/BTC,1569130642321,2019-09-22T05:37:22.321Z,sell,2.344e-05,90.0,0.0021096
NXS/BTC,1569130659134,2019-09-22T05:37:39.134Z,sell,2.347e-05,627.0,0.01471569
NXS/BTC,1569130659134,2019-09-22T05:37:39.134Z,sell,2.346e-05,55.0,0.0012902999999999
NXS/BTC,1569130659134,2019-09-22T05:37:39.134Z,sell,2.344e-05,185.0,0.0043364
NXS/BTC,1569130659134,2019-09-22T05:37:39.134Z,sell,2.34e-05,80.0,0.001872
NXS/BTC,1569130667954,2019-09-22T05:37:47.954Z,buy,2.355e-05,5.0,0.00011775
NXS/BTC,1569130667954,2019-09-22T05:37:47.954Z,buy,2.356e-05,53.0,0.00124868
NXS/BTC,1569130679093,2019-09-22T05:37:59.093Z,buy,2.352e-05,17.0,0.00039984
NXS/BTC,1569130679164,2019-09-22T05:37:59.164Z,buy,2.352e-05,360.0,0.0084672
NXS/BTC,1569130679164,2019-09-22T05:37:59.164Z,buy,2.354e-05,5.0,0.0001177
NXS/BTC,1569130680019,2019-09-22T05:38:00.019Z,sell,2.343e-05,8895.0,0.20840985
NXS/BTC,1569130680019,2019-09-22T05:38:00.019Z,sell,2.34e-05,221.0,0.0051714
NXS/BTC,1569130680046,2019-09-22T05:38:00.046Z,buy,2.34e-05,646.0,0.0151164
NXS/BTC,1569130680052,2019-09-22T05:38:00.052Z,buy,2.34e-05,4082.0,0.0955188
NXS/BTC,1569130695683,2019-09-22T05:38:15.683Z,buy,2.358e-05,801.0,0.01888758
NXS/BTC,1569130712567,2019-09-22T05:38:32.567Z,sell,2.351e-05,10.0,0.0002351
NXS/BTC,1569130712567,2019-09-22T05:38:32.567Z,sell,2.35e-05,956.0,0.022466
NXS/BTC,1569130726572,2019-09-22T05:38:46.572Z,sell,2.35e-05,897.0,0.0210794999999999
NXS/BTC,1569130726572,2019-09-22T05:38:46.572Z,sell,2.342e-05,677.0,0.01585534
NXS/BTC,1569130726572,2019-09-22T05:38:46.572Z,sell,2.341e-05,67.0,0.00156847
NXS/BTC,1569130726600,2019-09-22T05:38:46.600Z,sell,2.341e-05,365.0,0.00854465
NXS/BTC,1569130737365,2019-09-22T05:38:57.365Z,sell,2.35e-05,5.0,0.0001175
NXS/BTC,1569130737365,2019-09-22T05:38:57.365Z,sell,2.342e-05,1277.0,0.0299073399999999
NXS/BTC,1569130745153,2019-09-22T05:39:05.153Z,sell,2.343e-05,328.0,0.00768504
NXS/BTC,1569130756801,2019-09-22T05:39:16.801Z,sell,2.343e-05,1402.0,0.03284886
NXS/BTC,1569130790967,2019-09-22T05:39:50.967Z,sell,2.343e-05,2184.0,0.05117112
NXS/BTC,1569130790967,2019-09-22T05:39:50.967Z,sell,2.338e-05,162.0,0.00378756
NXS/BTC,1569130790967,2019-09-22T05:39:50.967Z,sell,2.332e-05,544.0,0.01268608
NXS/BTC,1569130790967,2019-09-22T05:39:50.967Z,sell,2.33e-05,696.0,0.0162168
NXS/BTC,1569130790983,2019-09-22T05:39:50.983Z,buy,2.33e-05,432.0,0.0100656
NXS/BTC,1569130790992,2019-09-22T05:39:50.992Z,buy,2.33e-05,645.0,0.0150285
NXS/BTC,1569130791010,2019-09-22T05:39:51.010Z,buy,2.33e-05,85.0,0.0019805
NXS/BTC,1569130791040,2019-09-22T05:39:51.040Z,buy,2.33e-05,239.0,0.0055687
NXS/BTC,1569130791057,2019-09-22T05:39:51.057Z,buy,2.33e-05,5013.0,0.1168029
NXS/BTC,1569130793559,2019-09-22T05:39:53.559Z,buy,2.339e-05,276.0,0.00645564
NXS/BTC,1569130793958,2019-09-22T05:39:53.958Z,sell,2.332e-05,257.0,0.00599324
NXS/BTC,1569130794663,2019-09-22T05:39:54.663Z,buy,2.338e-05,257.0,0.00600866
NXS/BTC,1569130794763,2019-09-22T05:39:54.763Z,buy,2.346e-05,1868.0,0.04382328
NXS/BTC,1569130798080,2019-09-22T05:39:58.080Z,sell,2.332e-05,4327.0,0.10090564
NXS/BTC,1569130798859,2019-09-22T05:39:58.859Z,sell,2.334e-05,423.0,0.00987282
NXS/BTC,1569130802098,2019-09-22T05:40:02.098Z,sell,2.334e-05,1725.0,0.0402615
NXS/BTC,1569130808392,2019-09-22T05:40:08.392Z,sell,2.335e-05,243.0,0.00567405
NXS/BTC,1569130813172,2019-09-22T05:40:13.172Z,sell,2.335e-05,4715.0,0.1100952499999999
NXS/BTC,1569130813172,2019-09-22T05:40:13.172Z,sell,2.334e-05,2048.0,0.04780032
NXS/BTC,1569130813172,2019-09-22T05:40:13.172Z,sell,2.333e-05,1237.0,0.02885921
NXS/BTC,1569130820577,2019-09-22T05:40:20.577Z,sell,2.334e-05,4178.0,0.09751452
NXS/BTC,1569130820577,2019-09-22T05:40:20.577Z,sell,2.333e-05,1597.0,0.03725801
NXS/BTC,1569130827860,2019-09-22T05:40:27.860Z,sell,2.333e-05,562.0,0.0131114599999999
NXS/BTC,1569130827860,2019-09-22T05:40:27.860Z,sell,2.332e-05,303.0,0.00706596
NXS/BTC,1569130827860,2019-09-22T05:40:27.860Z,sell,2.331e-05,222.0,0.00517482
NXS/BTC,1569130853725,2019-09-22T05:40:53.725Z,sell,2.341e-05,47.0,0.00110027
NXS/BTC,1569130853725,2019-09-22T05:40:53.725Z,sell,2.331e-05,1564.0,0.03645684
NXS/BTC,1569130853725,2019-09-22T05:40:53.725Z,sell,2.329e-05,398.0,0.00926942
NXS/BTC,1569130853725,2019-09-22T05:40:53.725Z,sell,2.328e-05,859.0,0.01999752
NXS/BTC,1569130853725,2019-09-22T05:40:53.725Z,sell,2.327e-05,4354.0,0.1013175799999999
NXS/BTC,1569130853725,2019-09-22T05:40:53.725Z,sell,2.326e-05,12.0,0.00027912
NXS/BTC,1569130853725,2019-09-22T05:40:53.725Z,sell,2.325e-05,386.0,0.0089745
NXS/BTC,1569130853725,2019-09-22T05:40:53.725Z,sell,2.323e-05,65.0,0.00150995
NXS/BTC,1569130853725,2019-09-22T05:40:53.725Z,sell,2.322e-05,96.0,0.00222912
NXS/BTC,1569130854805,2019-09-22T05:40:54.805Z,buy,2.337e-05,59.0,0.00137883
NXS/BTC,1569130855833,2019-09-22T05:40:55.833Z,sell,2.323e-05,1010.0,0.0234623
NXS/BTC,1569130856064,2019-09-22T05:40:56.064Z,buy,2.34e-05,1078.0,0.0252252
NXS/BTC,1569130856064,2019-09-22T05:40:56.064Z,buy,2.341e-05,622.0,0.01456102
NXS/BTC,1569130856111,2019-09-22T05:40:56.111Z,buy,2.341e-05,1262.0,0.02954342
NXS/BTC,1569130857208,2019-09-22T05:40:57.208Z,buy,2.337e-05,60.0,0.0014022
NXS/BTC,1569130857208,2019-09-22T05:40:57.208Z,buy,2.338e-05,18.0,0.00042084
NXS/BTC,1569130862010,2019-09-22T05:41:02.010Z,buy,2.335e-05,567.0,0.01323945
NXS/BTC,1569130862010,2019-09-22T05:41:02.010Z,buy,2.336e-05,16.0,0.00037376
NXS/BTC,1569130864715,2019-09-22T05:41:04.715Z,buy,2.341e-05,1871.0,0.04380011
NXS/BTC,1569130866325,2019-09-22T05:41:06.325Z,buy,2.334e-05,136.0,0.00317424
NXS/BTC,1569130866325,2019-09-22T05:41:06.325Z,buy,2.341e-05,1749.0,0.04094409
NXS/BTC,1569130866345,2019-09-22T05:41:06.345Z,buy,2.341e-05,122.0,0.00285602
NXS/BTC,1569130866947,2019-09-22T05:41:06.947Z,sell,2.328e-05,122.0,0.00284016
NXS/BTC,1569130881274,2019-09-22T05:41:21.274Z,sell,2.329e-05,1326.0,0.03088254
NXS/BTC,1569130881274,2019-09-22T05:41:21.274Z,sell,2.328e-05,4748.0,0.11053344
NXS/BTC,1569130881274,2019-09-22T05:41:21.274Z,sell,2.327e-05,1882.0,0.0437941399999999
NXS/BTC,1569130881274,2019-09-22T05:41:21.274Z,sell,2.326e-05,681.0,0.01584006
NXS/BTC,1569130881274,2019-09-22T05:41:21.274Z,sell,2.324e-05,1023.0,0.02377452
NXS/BTC,1569130881274,2019-09-22T05:41:21.274Z,sell,2.323e-05,592.0,0.01375216
NXS/BTC,1569130881274,2019-09-22T05:41:21.274Z,sell,2.322e-05,880.0,0.0204336
NXS/BTC,1569130890831,2019-09-22T05:41:30.831Z,sell,2.322e-05,1460.0,0.0339012
NXS/BTC,1569130890831,2019-09-22T05:41:30.831Z,sell,2.321e-05,1320.0,0.0306372
NXS/BTC,1569130893455,2019-09-22T05:41:33.455Z,sell,2.322e-05,5.0,0.0001161
NXS/BTC,1569130893455,2019-09-22T05:41:33.455Z,sell,2.321e-05,60.0,0.0013926
NXS/BTC,1569130893455,2019-09-22T05:41:33.455Z,sell,2.322e-05,5.0,0.0001161
NXS/BTC,1569130893455,2019-09-22T05:41:33.455Z,sell,2.321e-05,60.0,0.0013926
NXS/BTC,1569130950772,2019-09-22T05:42:30.772Z,buy,2.338e-05,11.0,0.00025718
NXS/BTC,1569130950788,2019-09-22T05:42:30.788Z,buy,2.338e-05,151.0,0.00353038
NXS/BTC,1569130950887,2019-09-22T05:42:30.887Z,buy,2.339e-05,3698.0,0.08649622
NXS/BTC,1569130950987,2019-09-22T05:42:30.987Z,buy,2.34e-05,2077.0,0.0486018
NXS/BTC,1569130951084,2019-09-22T05:42:31.084Z,buy,2.343e-05,168.0,0.00393624
NXS/BTC,1569130981923,2019-09-22T05:43:01.923Z,buy,2.344e-05,7.0,0.00016408
NXS/BTC,1569130981923,2019-09-22T05:43:01.923Z,buy,2.345e-05,386.0,0.0090517
NXS/BTC,1569131225319,2019-09-22T05:47:05.319Z,buy,2.348e-05,212.0,0.0049777599999999
NXS/BTC,1569131228543,2019-09-22T05:47:08.543Z,buy,2.346e-05,125.0,0.0029324999999999
NXS/BTC,1569131263481,2019-09-22T05:47:43.481Z,sell,2.345e-05,5.0,0.00011725
NXS/BTC,1569131263575,2019-09-22T05:47:43.575Z,buy,2.344e-05,113.0,0.00264872
NXS/BTC,1569131264574,2019-09-22T05:47:44.574Z,buy,2.344e-05,113.0,0.00264872
NXS/BTC,1569131265581,2019-09-22T05:47:45.581Z,buy,2.344e-05,113.0,0.00264872
NXS/BTC,1569131267285,2019-09-22T05:47:47.285Z,buy,2.344e-05,113.0,0.00264872
NXS/BTC,1569131268680,2019-09-22T05:47:48.680Z,buy,2.344e-05,113.0,0.00264872
NXS/BTC,1569131271585,2019-09-22T05:47:51.585Z,buy,2.344e-05,113.0,0.00264872
NXS/BTC,1569131274494,2019-09-22T05:47:54.494Z,buy,2.344e-05,113.0,0.00264872
NXS/BTC,1569131276094,2019-09-22T05:47:56.094Z,buy,2.344e-05,113.0,0.00264872
NXS/BTC,1569131278402,2019-09-22T05:47:58.402Z,buy,2.344e-05,113.0,0.00264872
NXS/BTC,1569131279699,2019-09-22T05:47:59.699Z,buy,2.344e-05,100.0,0.0023439999999999
NXS/BTC,1569131345117,2019-09-22T05:49:05.117Z,buy,2.349e-05,218.0,0.00512082
NXS/BTC,1569131345117,2019-09-22T05:49:05.117Z,buy,2.35e-05,1167.0,0.0274244999999999
NXS/BTC,1569131345117,2019-09-22T05:49:05.117Z,buy,2.351e-05,115.0,0.00270365
NXS/BTC,1569131498814,2019-09-22T05:51:38.814Z,buy,2.349e-05,2.0,4.698e-05
NXS/BTC,1569131698492,2019-09-22T05:54:58.492Z,buy,2.343e-05,436.0,0.01021548
NXS/BTC,1569131710884,2019-09-22T05:55:10.884Z,buy,2.343e-05,436.0,0.01021548
NXS/BTC,1569131722440,2019-09-22T05:55:22.440Z,buy,2.343e-05,436.0,0.01021548
NXS/BTC,1569131736402,2019-09-22T05:55:36.402Z,buy,2.343e-05,436.0,0.01021548
NXS/BTC,1569131761659,2019-09-22T05:56:01.659Z,buy,2.341e-05,262.0,0.00613342
NXS/BTC,1569131761672,2019-09-22T05:56:01.672Z,buy,2.341e-05,262.0,0.00613342
NXS/BTC,1569131761758,2019-09-22T05:56:01.758Z,buy,2.341e-05,2.0,4.682e-05
NXS/BTC,1569131761774,2019-09-22T05:56:01.774Z,buy,2.341e-05,211.0,0.00493951
NXS/BTC,1569131762252,2019-09-22T05:56:02.252Z,buy,2.341e-05,13.0,0.00030433
NXS/BTC,1569131814410,2019-09-22T05:56:54.410Z,sell,2.339e-05,5.0,0.00011695
NXS/BTC,1569131814502,2019-09-22T05:56:54.502Z,buy,2.339e-05,187.0,0.00437393
NXS/BTC,1569131814601,2019-09-22T05:56:54.601Z,buy,2.339e-05,187.0,0.00437393
NXS/BTC,1569131814700,2019-09-22T05:56:54.700Z,buy,2.339e-05,187.0,0.00437393
NXS/BTC,1569131814801,2019-09-22T05:56:54.801Z,buy,2.339e-05,187.0,0.00437393
NXS/BTC,1569131814822,2019-09-22T05:56:54.822Z,buy,2.339e-05,187.0,0.00437393
NXS/BTC,1569131814897,2019-09-22T05:56:54.897Z,buy,2.339e-05,187.0,0.00437393
NXS/BTC,1569131815000,2019-09-22T05:56:55.000Z,buy,2.339e-05,187.0,0.00437393
NXS/BTC,1569131815104,2019-09-22T05:56:55.104Z,buy,2.339e-05,187.0,0.00437393
NXS/BTC,1569131815205,2019-09-22T05:56:55.205Z,buy,2.339e-05,187.0,0.00437393
NXS/BTC,1569131815303,2019-09-22T05:56:55.303Z,buy,2.339e-05,172.0,0.00402308
NXS/BTC,1569132120696,2019-09-22T06:02:00.696Z,buy,2.335e-05,5.0,0.0001167499999999
NXS/BTC,1569132244099,2019-09-22T06:04:04.099Z,buy,2.342e-05,563.0,0.01318546
NXS/BTC,1569132245305,2019-09-22T06:04:05.305Z,buy,2.341e-05,1359.0,0.03181419
NXS/BTC,1569132412386,2019-09-22T06:06:52.386Z,sell,2.339e-05,10.0,0.0002339
NXS/BTC,1569132412386,2019-09-22T06:06:52.386Z,sell,2.33e-05,1080.0,0.025164
NXS/BTC,1569132412386,2019-09-22T06:06:52.386Z,sell,2.326e-05,328.0,0.00762928
NXS/BTC,1569132412386,2019-09-22T06:06:52.386Z,sell,2.325e-05,615.0,0.0142987499999999
NXS/BTC,1569132412386,2019-09-22T06:06:52.386Z,sell,2.323e-05,85.0,0.00197455
NXS/BTC,1569132412386,2019-09-22T06:06:52.386Z,sell,2.322e-05,63.0,0.00146286
NXS/BTC,1569132412386,2019-09-22T06:06:52.386Z,sell,2.321e-05,105.0,0.00243705
NXS/BTC,1569132428618,2019-09-22T06:07:08.618Z,sell,2.321e-05,656.0,0.01522576
NXS/BTC,1569132428618,2019-09-22T06:07:08.618Z,sell,2.32e-05,285.0,0.006612
NXS/BTC,1569132428618,2019-09-22T06:07:08.618Z,sell,2.319e-05,670.0,0.0155373
NXS/BTC,1569132428618,2019-09-22T06:07:08.618Z,sell,2.318e-05,173.0,0.00401014
NXS/BTC,1569132428618,2019-09-22T06:07:08.618Z,sell,2.314e-05,360.0,0.0083304
NXS/BTC,1569132428618,2019-09-22T06:07:08.618Z,sell,2.313e-05,715.0,0.01653795
NXS/BTC,1569132428618,2019-09-22T06:07:08.618Z,sell,2.312e-05,837.0,0.0193514399999999
NXS/BTC,1569132428618,2019-09-22T06:07:08.618Z,sell,2.311e-05,211.0,0.00487621
NXS/BTC,1569132428618,2019-09-22T06:07:08.618Z,sell,2.31e-05,439.0,0.0101409
NXS/BTC,1569132428670,2019-09-22T06:07:08.670Z,buy,2.31e-05,3834.0,0.0885654
NXS/BTC,1569132428784,2019-09-22T06:07:08.784Z,buy,2.32e-05,309.0,0.0071688
NXS/BTC,1569132429670,2019-09-22T06:07:09.670Z,buy,2.32e-05,785.0,0.018212
NXS/BTC,1569132431907,2019-09-22T06:07:11.907Z,sell,2.309e-05,2598.0,0.05998782
NXS/BTC,1569132431907,2019-09-22T06:07:11.907Z,sell,2.307e-05,100.0,0.002307
NXS/BTC,1569132439855,2019-09-22T06:07:19.855Z,sell,2.316e-05,10.0,0.0002316
NXS/BTC,1569132460380,2019-09-22T06:07:40.380Z,buy,2.32e-05,5.0,0.000116
NXS/BTC,1569132460380,2019-09-22T06:07:40.380Z,buy,2.321e-05,107.0,0.0024834699999999
NXS/BTC,1569132460380,2019-09-22T06:07:40.380Z,buy,2.324e-05,590.0,0.0137116
NXS/BTC,1569132460504,2019-09-22T06:07:40.504Z,buy,2.324e-05,59.0,0.00137116
NXS/BTC,1569132461197,2019-09-22T06:07:41.197Z,buy,2.324e-05,78.0,0.00181272
NXS/BTC,1569132462300,2019-09-22T06:07:42.300Z,buy,2.324e-05,78.0,0.00181272
NXS/BTC,1569132462313,2019-09-22T06:07:42.313Z,buy,2.324e-05,78.0,0.00181272
NXS/BTC,1569132462339,2019-09-22T06:07:42.339Z,buy,2.324e-05,78.0,0.00181272
NXS/BTC,1569132462401,2019-09-22T06:07:42.401Z,buy,2.324e-05,78.0,0.00181272
NXS/BTC,1569132462501,2019-09-22T06:07:42.501Z,buy,2.324e-05,78.0,0.00181272
NXS/BTC,1569132462571,2019-09-22T06:07:42.571Z,buy,2.324e-05,42.0,0.00097608
NXS/BTC,1569132462588,2019-09-22T06:07:42.588Z,buy,2.324e-05,78.0,0.00181272
NXS/BTC,1569132494552,2019-09-22T06:08:14.552Z,sell,2.316e-05,1790.0,0.0414564
NXS/BTC,1569132494552,2019-09-22T06:08:14.552Z,sell,2.307e-05,455.0,0.01049685
NXS/BTC,1569132494552,2019-09-22T06:08:14.552Z,sell,2.305e-05,279.0,0.00643095
NXS/BTC,1569132494552,2019-09-22T06:08:14.552Z,sell,2.304e-05,220.0,0.0050688
NXS/BTC,1569132575607,2019-09-22T06:09:35.607Z,buy,2.32e-05,2.0,4.64e-05
NXS/BTC,1569132644541,2019-09-22T06:10:44.541Z,buy,2.32e-05,2.0,4.64e-05
NXS/BTC,1569132650367,2019-09-22T06:10:50.367Z,buy,2.315e-05,93.0,0.00215295
NXS/BTC,1569132650367,2019-09-22T06:10:50.367Z,buy,2.316e-05,5.0,0.0001158
NXS/BTC,1569132650394,2019-09-22T06:10:50.394Z,buy,2.314e-05,6.0,0.00013884
NXS/BTC,1569132744778,2019-09-22T06:12:24.778Z,sell,2.31e-05,312.0,0.0072071999999999
NXS/BTC,1569132744778,2019-09-22T06:12:24.778Z,sell,2.309e-05,111.0,0.00256299
NXS/BTC,1569132959170,2019-09-22T06:15:59.170Z,buy,2.32e-05,20.0,0.000464
NXS/BTC,1569132959188,2019-09-22T06:15:59.188Z,buy,2.32e-05,480.0,0.011136
NXS/BTC,1569132984167,2019-09-22T06:16:24.167Z,sell,2.314e-05,18.0,0.00041652
NXS/BTC,1569132984167,2019-09-22T06:16:24.167Z,sell,2.311e-05,282.0,0.00651702
NXS/BTC,1569132987646,2019-09-22T06:16:27.646Z,buy,2.32e-05,8.0,0.0001856
NXS/BTC,1569133003016,2019-09-22T06:16:43.016Z,buy,2.324e-05,2.0,4.648e-05
NXS/BTC,1569133147055,2019-09-22T06:19:07.055Z,buy,2.324e-05,983.0,0.02284492
NXS/BTC,1569133399936,2019-09-22T06:23:19.936Z,sell,2.32e-05,133.0,0.0030856
NXS/BTC,1569133525325,2019-09-22T06:25:25.325Z,buy,2.324e-05,5.0,0.0001162
NXS/BTC,1569133525325,2019-09-22T06:25:25.325Z,buy,2.327e-05,247.0,0.00574769
NXS/BTC,1569133528228,2019-09-22T06:25:28.228Z,buy,2.328e-05,63.0,0.00146664
NXS/BTC,1569133528228,2019-09-22T06:25:28.228Z,buy,2.33e-05,322.0,0.0075026
NXS/BTC,1569133528228,2019-09-22T06:25:28.228Z,buy,2.332e-05,328.0,0.00764896
NXS/BTC,1569133528228,2019-09-22T06:25:28.228Z,buy,2.334e-05,8.0,0.00018672
NXS/BTC,1569133592536,2019-09-22T06:26:32.536Z,buy,2.334e-05,14.0,0.00032676
NXS/BTC,1569133653683,2019-09-22T06:27:33.683Z,sell,2.327e-05,162.0,0.0037697399999999
NXS/BTC,1569133697535,2019-09-22T06:28:17.535Z,sell,2.32e-05,5.0,0.000116
NXS/BTC,1569133738833,2019-09-22T06:28:58.833Z,buy,2.333e-05,11.0,0.00025663
NXS/BTC,1569133880388,2019-09-22T06:31:20.388Z,buy,2.33e-05,174.0,0.0040542
NXS/BTC,1569133890292,2019-09-22T06:31:30.292Z,sell,2.33e-05,202.0,0.0047066
NXS/BTC,1569133897846,2019-09-22T06:31:37.846Z,buy,2.331e-05,970.0,0.0226106999999999
NXS/BTC,1569134048253,2019-09-22T06:34:08.253Z,sell,2.324e-05,6.0,0.00013944
NXS/BTC,1569134058314,2019-09-22T06:34:18.314Z,sell,2.32e-05,32.0,0.0007424
NXS/BTC,1569134287773,2019-09-22T06:38:07.773Z,buy,2.327e-05,515.0,0.01198405
NXS/BTC,1569134287773,2019-09-22T06:38:07.773Z,buy,2.327e-05,515.0,0.01198405
NXS/BTC,1569134839392,2019-09-22T06:47:19.392Z,sell,2.32e-05,500.0,0.0116
NXS/BTC,1569135521935,2019-09-22T06:58:41.935Z,sell,2.32e-05,11.0,0.0002552
