symbol,timestamp,datetime,side,price,amount,btc_volume
NXS/BTC,1603656023465,2020-10-25T20:00:23.465Z,sell,1.428e-05,653.0,0.00932484
NXS/BTC,1603656023465,2020-10-25T20:00:23.465Z,sell,1.427e-05,694.0,0.00990338
NXS/BTC,1603656600850,2020-10-25T20:10:00.850Z,sell,1.427e-05,2504.0,0.03573208
NXS/BTC,1603657115445,2020-10-25T20:18:35.445Z,buy,1.439e-05,159.0,0.00228801
NXS/BTC,1603657688827,2020-10-25T20:28:08.827Z,sell,1.439e-05,14.0,0.0002014599999999
NXS/BTC,1603657759362,2020-10-25T20:29:19.362Z,sell,1.439e-05,400.0,0.005756
NXS/BTC,1603658676784,2020-10-25T20:44:36.784Z,sell,1.439e-05,93.0,0.00133827
NXS/BTC,1603658676784,2020-10-25T20:44:36.784Z,sell,1.432e-05,132.0,0.00189024
NXS/BTC,1603658676784,2020-10-25T20:44:36.784Z,sell,1.431e-05,264.0,0.00377784
NXS/BTC,1603658779625,2020-10-25T20:46:19.625Z,buy,1.441e-05,8.0,0.00011528
NXS/BTC,1603658779625,2020-10-25T20:46:19.625Z,buy,1.442e-05,63.0,0.0009084599999999
NXS/BTC,1603658779625,2020-10-25T20:46:19.625Z,buy,1.441e-05,8.0,0.00011528
NXS/BTC,1603658779625,2020-10-25T20:46:19.625Z,buy,1.442e-05,63.0,0.0009084599999999
NXS/BTC,1603660483834,2020-10-25T21:14:43.834Z,buy,1.442e-05,114.0,0.00164388
NXS/BTC,1603660503007,2020-10-25T21:15:03.007Z,sell,1.442e-05,157.0,0.00226394
NXS/BTC,1603660853304,2020-10-25T21:20:53.304Z,sell,1.442e-05,142.0,0.00204764
NXS/BTC,1603661417939,2020-10-25T21:30:17.939Z,sell,1.442e-05,38.0,0.00054796
NXS/BTC,1603661830811,2020-10-25T21:37:10.811Z,sell,1.442e-05,74.0,0.00106708
NXS/BTC,1603661830811,2020-10-25T21:37:10.811Z,sell,1.431e-05,14.0,0.00020034
NXS/BTC,1603661830811,2020-10-25T21:37:10.811Z,sell,1.428e-05,168.0,0.00239904
NXS/BTC,1603661830811,2020-10-25T21:37:10.811Z,sell,1.442e-05,74.0,0.00106708
NXS/BTC,1603661830811,2020-10-25T21:37:10.811Z,sell,1.431e-05,14.0,0.00020034
NXS/BTC,1603661830811,2020-10-25T21:37:10.811Z,sell,1.428e-05,168.0,0.00239904
NXS/BTC,1603665574968,2020-10-25T22:39:34.968Z,buy,1.446e-05,40.0,0.0005784
NXS/BTC,1603665574968,2020-10-25T22:39:34.968Z,buy,1.447e-05,7.0,0.00010129
NXS/BTC,1603665574968,2020-10-25T22:39:34.968Z,buy,1.448e-05,45.0,0.0006516
NXS/BTC,1603665574968,2020-10-25T22:39:34.968Z,buy,1.449e-05,9.0,0.00013041
NXS/BTC,1603665574968,2020-10-25T22:39:34.968Z,buy,1.45e-05,10.0,0.000145
NXS/BTC,1603665574968,2020-10-25T22:39:34.968Z,buy,1.451e-05,130.0,0.0018863
NXS/BTC,1603665574968,2020-10-25T22:39:34.968Z,buy,1.452e-05,124.0,0.00180048
NXS/BTC,1603665790435,2020-10-25T22:43:10.435Z,buy,1.452e-05,8.0,0.00011616
NXS/BTC,1603665823059,2020-10-25T22:43:43.059Z,buy,1.452e-05,11.0,0.00015972
NXS/BTC,1603665824117,2020-10-25T22:43:44.117Z,sell,1.445e-05,23.0,0.00033235
NXS/BTC,1603665826701,2020-10-25T22:43:46.701Z,sell,1.445e-05,26.0,0.0003757
NXS/BTC,1603665826701,2020-10-25T22:43:46.701Z,sell,1.445e-05,26.0,0.0003757
NXS/BTC,1603667320374,2020-10-25T23:08:40.374Z,buy,1.445e-05,354.0,0.0051153
NXS/BTC,1603667346516,2020-10-25T23:09:06.516Z,buy,1.446e-05,6186.0,0.08944956
NXS/BTC,1603667368403,2020-10-25T23:09:28.403Z,buy,1.446e-05,3093.0,0.04472478
NXS/BTC,1603667618963,2020-10-25T23:13:38.963Z,buy,1.446e-05,1051.0,0.01519746
NXS/BTC,1603668752467,2020-10-25T23:32:32.467Z,buy,1.453e-05,7.0,0.00010171
NXS/BTC,1603668752467,2020-10-25T23:32:32.467Z,buy,1.453e-05,7.0,0.00010171
NXS/BTC,1603669695451,2020-10-25T23:48:15.451Z,sell,1.449e-05,1679.0,0.02432871
NXS/BTC,1603669695451,2020-10-25T23:48:15.451Z,sell,1.448e-05,4287.0,0.06207576
NXS/BTC,1603669695451,2020-10-25T23:48:15.451Z,sell,1.447e-05,4034.0,0.05837198
NXS/BTC,1603670005190,2020-10-25T23:53:25.190Z,buy,1.454e-05,39.0,0.00056706
NXS/BTC,1603670009096,2020-10-25T23:53:29.096Z,sell,1.454e-05,271.0,0.00394034
NXS/BTC,1603670049022,2020-10-25T23:54:09.022Z,sell,1.454e-05,14.0,0.0002035599999999
NXS/BTC,1603670049022,2020-10-25T23:54:09.022Z,sell,1.454e-05,14.0,0.0002035599999999
NXS/BTC,1603672408671,2020-10-26T00:33:28.671Z,buy,1.454e-05,14.0,0.0002035599999999
NXS/BTC,1603672469781,2020-10-26T00:34:29.781Z,buy,1.455e-05,36.0,0.0005237999999999
NXS/BTC,1603672509928,2020-10-26T00:35:09.928Z,buy,1.456e-05,33.0,0.00048048
NXS/BTC,1603672582924,2020-10-26T00:36:22.924Z,buy,1.458e-05,10.0,0.0001458
NXS/BTC,1603672632154,2020-10-26T00:37:12.154Z,buy,1.458e-05,10.0,0.0001458
NXS/BTC,1603672946347,2020-10-26T00:42:26.347Z,sell,1.45e-05,10.0,0.000145
NXS/BTC,1603672948651,2020-10-26T00:42:28.651Z,sell,1.45e-05,23.0,0.0003335
NXS/BTC,1603672948651,2020-10-26T00:42:28.651Z,sell,1.448e-05,3.0,4.344e-05
NXS/BTC,1603673499456,2020-10-26T00:51:39.456Z,sell,1.45e-05,781.0,0.0113245
NXS/BTC,1603673499456,2020-10-26T00:51:39.456Z,sell,1.45e-05,781.0,0.0113245
NXS/BTC,1603673800179,2020-10-26T00:56:40.179Z,sell,1.45e-05,3919.0,0.0568255
NXS/BTC,1603674389655,2020-10-26T01:06:29.655Z,sell,1.449e-05,2666.0,0.03863034
NXS/BTC,1603674432746,2020-10-26T01:07:12.746Z,sell,1.449e-05,14.0,0.00020286
NXS/BTC,1603675960419,2020-10-26T01:32:40.419Z,sell,1.448e-05,1540.0,0.0222992
NXS/BTC,1603675960419,2020-10-26T01:32:40.419Z,sell,1.447e-05,2023.0,0.02927281
NXS/BTC,1603675960419,2020-10-26T01:32:40.419Z,sell,1.448e-05,1540.0,0.0222992
NXS/BTC,1603675960419,2020-10-26T01:32:40.419Z,sell,1.447e-05,2023.0,0.02927281
NXS/BTC,1603677586085,2020-10-26T01:59:46.085Z,buy,1.449e-05,13.0,0.00018837
NXS/BTC,1603678078447,2020-10-26T02:07:58.447Z,sell,1.447e-05,350.0,0.0050645
NXS/BTC,1603678202383,2020-10-26T02:10:02.383Z,sell,1.447e-05,309.0,0.00447123
NXS/BTC,1603678669657,2020-10-26T02:17:49.657Z,sell,1.447e-05,274.0,0.00396478
NXS/BTC,1603678669657,2020-10-26T02:17:49.657Z,sell,1.447e-05,274.0,0.00396478
NXS/BTC,1603679983371,2020-10-26T02:39:43.371Z,sell,1.447e-05,66.0,0.00095502
NXS/BTC,1603679983371,2020-10-26T02:39:43.371Z,sell,1.447e-05,66.0,0.00095502
NXS/BTC,1603682555389,2020-10-26T03:22:35.389Z,buy,1.449e-05,153.0,0.00221697
NXS/BTC,1603682581407,2020-10-26T03:23:01.407Z,buy,1.449e-05,95.0,0.00137655
NXS/BTC,1603682581407,2020-10-26T03:23:01.407Z,buy,1.45e-05,10.0,0.000145
NXS/BTC,1603682643442,2020-10-26T03:24:03.442Z,sell,1.454e-05,105.0,0.0015267
NXS/BTC,1603682661526,2020-10-26T03:24:21.526Z,buy,1.456e-05,33.0,0.00048048
NXS/BTC,1603682663503,2020-10-26T03:24:23.503Z,sell,1.457e-05,50.0,0.0007285
NXS/BTC,1603682688776,2020-10-26T03:24:48.776Z,buy,1.458e-05,14.0,0.00020412
NXS/BTC,1603682720158,2020-10-26T03:25:20.158Z,buy,1.459e-05,99.0,0.00144441
NXS/BTC,1603682720158,2020-10-26T03:25:20.158Z,buy,1.459e-05,99.0,0.00144441
NXS/BTC,1603684709416,2020-10-26T03:58:29.416Z,buy,1.459e-05,37.0,0.0005398299999999
NXS/BTC,1603684734273,2020-10-26T03:58:54.273Z,buy,1.46e-05,36.0,0.0005256
NXS/BTC,1603684737833,2020-10-26T03:58:57.833Z,sell,1.46e-05,276.0,0.0040296
NXS/BTC,1603684757151,2020-10-26T03:59:17.151Z,buy,1.461e-05,7.0,0.00010227
NXS/BTC,1603684774951,2020-10-26T03:59:34.951Z,buy,1.462e-05,85.0,0.0012427
NXS/BTC,1603684788628,2020-10-26T03:59:48.628Z,buy,1.463e-05,61.0,0.00089243
NXS/BTC,1603684909210,2020-10-26T04:01:49.210Z,buy,1.463e-05,262.0,0.00383306
NXS/BTC,1603684909210,2020-10-26T04:01:49.210Z,buy,1.464e-05,7.0,0.00010248
NXS/BTC,1603684909210,2020-10-26T04:01:49.210Z,buy,1.465e-05,7.0,0.00010255
NXS/BTC,1603684909210,2020-10-26T04:01:49.210Z,buy,1.466e-05,2809.0,0.04117994
NXS/BTC,1603684948009,2020-10-26T04:02:28.009Z,sell,1.46e-05,33.0,0.0004818
NXS/BTC,1603684999824,2020-10-26T04:03:19.824Z,buy,1.46e-05,7.0,0.0001022
NXS/BTC,1603685048579,2020-10-26T04:04:08.579Z,buy,1.46e-05,240.0,0.003504
NXS/BTC,1603685048579,2020-10-26T04:04:08.579Z,buy,1.465e-05,130.0,0.0019045
NXS/BTC,1603685048579,2020-10-26T04:04:08.579Z,buy,1.466e-05,2032.0,0.02978912
NXS/BTC,1603685048579,2020-10-26T04:04:08.579Z,buy,1.467e-05,9050.0,0.1327635
NXS/BTC,1603685048579,2020-10-26T04:04:08.579Z,buy,1.469e-05,300.0,0.004407
NXS/BTC,1603685050285,2020-10-26T04:04:10.285Z,sell,1.47e-05,682.0,0.0100254
NXS/BTC,1603685051754,2020-10-26T04:04:11.754Z,buy,1.471e-05,489.0,0.0071931899999999
NXS/BTC,1603685052571,2020-10-26T04:04:12.571Z,buy,1.471e-05,277.0,0.00407467
NXS/BTC,1603685055815,2020-10-26T04:04:15.815Z,sell,1.47e-05,130.0,0.001911
NXS/BTC,1603685111596,2020-10-26T04:05:11.596Z,buy,1.471e-05,198.0,0.00291258
NXS/BTC,1603685111596,2020-10-26T04:05:11.596Z,buy,1.472e-05,32.0,0.00047104
NXS/BTC,1603685111596,2020-10-26T04:05:11.596Z,buy,1.473e-05,287.0,0.00422751
NXS/BTC,1603685220869,2020-10-26T04:07:00.869Z,sell,1.473e-05,153.0,0.00225369
NXS/BTC,1603685221144,2020-10-26T04:07:01.144Z,sell,1.473e-05,8.0,0.00011784
NXS/BTC,1603685221144,2020-10-26T04:07:01.144Z,sell,1.473e-05,8.0,0.00011784
NXS/BTC,1603686513328,2020-10-26T04:28:33.328Z,sell,1.47e-05,1.0,1.47e-05
NXS/BTC,1603686513725,2020-10-26T04:28:33.725Z,sell,1.466e-05,32.0,0.00046912
NXS/BTC,1603686514129,2020-10-26T04:28:34.129Z,sell,1.465e-05,552.0,0.0080868
NXS/BTC,1603686514527,2020-10-26T04:28:34.527Z,sell,1.464e-05,181.0,0.00264984
NXS/BTC,1603686518349,2020-10-26T04:28:38.349Z,sell,1.464e-05,103.0,0.00150792
NXS/BTC,1603686558359,2020-10-26T04:29:18.359Z,sell,1.465e-05,273.0,0.00399945
NXS/BTC,1603686849720,2020-10-26T04:34:09.720Z,sell,1.465e-05,14.0,0.0002051
NXS/BTC,1603687710378,2020-10-26T04:48:30.378Z,sell,1.463e-05,25.0,0.00036575
NXS/BTC,1603687730012,2020-10-26T04:48:50.012Z,sell,1.463e-05,440.0,0.0064372
NXS/BTC,1603687730012,2020-10-26T04:48:50.012Z,sell,1.463e-05,440.0,0.0064372
NXS/BTC,1603690318949,2020-10-26T05:31:58.949Z,sell,1.46e-05,33.0,0.0004818
NXS/BTC,1603690318949,2020-10-26T05:31:58.949Z,sell,1.456e-05,33.0,0.00048048
NXS/BTC,1603690318949,2020-10-26T05:31:58.949Z,sell,1.455e-05,69.0,0.00100395
NXS/BTC,1603690319850,2020-10-26T05:31:59.850Z,sell,1.456e-05,135.0,0.0019656
NXS/BTC,1603690365199,2020-10-26T05:32:45.199Z,sell,1.457e-05,14.0,0.0002039799999999
NXS/BTC,1603690365199,2020-10-26T05:32:45.199Z,sell,1.455e-05,83.0,0.00120765
NXS/BTC,1603690367431,2020-10-26T05:32:47.431Z,buy,1.462e-05,11.0,0.00016082
NXS/BTC,1603690400041,2020-10-26T05:33:20.041Z,sell,1.455e-05,156.0,0.0022697999999999
NXS/BTC,1603690401315,2020-10-26T05:33:21.315Z,sell,1.455e-05,1438.0,0.0209228999999999
NXS/BTC,1603690403453,2020-10-26T05:33:23.453Z,sell,1.454e-05,1611.0,0.02342394
NXS/BTC,1603690403460,2020-10-26T05:33:23.460Z,sell,1.454e-05,146.0,0.00212284
NXS/BTC,1603690408025,2020-10-26T05:33:28.025Z,sell,1.453e-05,33.0,0.00047949
NXS/BTC,1603690408025,2020-10-26T05:33:28.025Z,sell,1.451e-05,95.0,0.00137845
NXS/BTC,1603690412337,2020-10-26T05:33:32.337Z,sell,1.451e-05,83.0,0.00120433
NXS/BTC,1603690416297,2020-10-26T05:33:36.297Z,sell,1.45e-05,156.0,0.002262
NXS/BTC,1603690420084,2020-10-26T05:33:40.084Z,sell,1.45e-05,88.0,0.001276
NXS/BTC,1603690421128,2020-10-26T05:33:41.128Z,buy,1.45e-05,68.0,0.000986
NXS/BTC,1603690424098,2020-10-26T05:33:44.098Z,sell,1.449e-05,156.0,0.00226044
NXS/BTC,1603690435909,2020-10-26T05:33:55.909Z,buy,1.456e-05,7.0,0.00010192
NXS/BTC,1603690462342,2020-10-26T05:34:22.342Z,sell,1.448e-05,692.0,0.01002016
NXS/BTC,1603690475849,2020-10-26T05:34:35.849Z,sell,1.447e-05,109.0,0.00157723
NXS/BTC,1603690939036,2020-10-26T05:42:19.036Z,sell,1.447e-05,158.0,0.00228626
NXS/BTC,1603690943036,2020-10-26T05:42:23.036Z,sell,1.447e-05,158.0,0.00228626
NXS/BTC,1603690946789,2020-10-26T05:42:26.789Z,sell,1.447e-05,599.0,0.00866753
NXS/BTC,1603690946931,2020-10-26T05:42:26.931Z,sell,1.447e-05,63.0,0.00091161
NXS/BTC,1603690951025,2020-10-26T05:42:31.025Z,sell,1.447e-05,158.0,0.00228626
NXS/BTC,1603690954989,2020-10-26T05:42:34.989Z,sell,1.447e-05,158.0,0.00228626
NXS/BTC,1603690959001,2020-10-26T05:42:39.001Z,sell,1.447e-05,158.0,0.00228626
NXS/BTC,1603690963007,2020-10-26T05:42:43.007Z,sell,1.447e-05,164.0,0.00237308
NXS/BTC,1603690967088,2020-10-26T05:42:47.088Z,sell,1.447e-05,158.0,0.00228626
NXS/BTC,1603690971006,2020-10-26T05:42:51.006Z,sell,1.447e-05,158.0,0.00228626
NXS/BTC,1603690975271,2020-10-26T05:42:55.271Z,sell,1.447e-05,163.0,0.00235861
NXS/BTC,1603690979196,2020-10-26T05:42:59.196Z,sell,1.447e-05,163.0,0.00235861
NXS/BTC,1603690983054,2020-10-26T05:43:03.054Z,sell,1.447e-05,163.0,0.00235861
NXS/BTC,1603690987320,2020-10-26T05:43:07.320Z,sell,1.448e-05,55.0,0.0007964
NXS/BTC,1603690991218,2020-10-26T05:43:11.218Z,sell,1.447e-05,163.0,0.00235861
NXS/BTC,1603690995303,2020-10-26T05:43:15.303Z,sell,1.447e-05,163.0,0.00235861
NXS/BTC,1603690996298,2020-10-26T05:43:16.298Z,sell,1.447e-05,686.0,0.00992642
NXS/BTC,1603690998304,2020-10-26T05:43:18.304Z,sell,1.447e-05,686.0,0.00992642
NXS/BTC,1603690999321,2020-10-26T05:43:19.321Z,sell,1.447e-05,162.0,0.00234414
NXS/BTC,1603691000351,2020-10-26T05:43:20.351Z,sell,1.447e-05,1728.0,0.02500416
NXS/BTC,1603691002352,2020-10-26T05:43:22.352Z,sell,1.446e-05,1729.0,0.02500134
NXS/BTC,1603691003307,2020-10-26T05:43:23.307Z,sell,1.446e-05,162.0,0.00234252
NXS/BTC,1603691004387,2020-10-26T05:43:24.387Z,sell,1.446e-05,1526.0,0.02206596
NXS/BTC,1603691005050,2020-10-26T05:43:25.050Z,sell,1.446e-05,155.0,0.0022413
NXS/BTC,1603691019517,2020-10-26T05:43:39.517Z,buy,1.455e-05,799.0,0.0116254499999999
NXS/BTC,1603691307187,2020-10-26T05:48:27.187Z,sell,1.445e-05,1415.0,0.02044675
NXS/BTC,1603691317862,2020-10-26T05:48:37.862Z,buy,1.453e-05,7.0,0.00010171
NXS/BTC,1603691317862,2020-10-26T05:48:37.862Z,buy,1.453e-05,7.0,0.00010171
NXS/BTC,1603692912055,2020-10-26T06:15:12.055Z,sell,1.446e-05,77.0,0.00111342
NXS/BTC,1603692912055,2020-10-26T06:15:12.055Z,sell,1.445e-05,424.0,0.0061268
NXS/BTC,1603693256878,2020-10-26T06:20:56.878Z,sell,1.445e-05,692.0,0.0099994
NXS/BTC,1603693256878,2020-10-26T06:20:56.878Z,sell,1.445e-05,692.0,0.0099994
NXS/BTC,1603695986973,2020-10-26T07:06:26.973Z,sell,1.447e-05,78.0,0.00112866
NXS/BTC,1603695986973,2020-10-26T07:06:26.973Z,sell,1.446e-05,356.0,0.00514776
NXS/BTC,1603695986973,2020-10-26T07:06:26.973Z,sell,1.445e-05,1379.0,0.01992655
NXS/BTC,1603695986973,2020-10-26T07:06:26.973Z,sell,1.444e-05,3182.0,0.04594808
NXS/BTC,1603695986973,2020-10-26T07:06:26.973Z,sell,1.447e-05,78.0,0.00112866
NXS/BTC,1603695986973,2020-10-26T07:06:26.973Z,sell,1.446e-05,356.0,0.00514776
NXS/BTC,1603695986973,2020-10-26T07:06:26.973Z,sell,1.445e-05,1379.0,0.01992655
NXS/BTC,1603695986973,2020-10-26T07:06:26.973Z,sell,1.444e-05,3182.0,0.04594808
NXS/BTC,1603699501825,2020-10-26T08:05:01.825Z,sell,1.444e-05,14.0,0.00020216
NXS/BTC,1603699569543,2020-10-26T08:06:09.543Z,buy,1.444e-05,7.0,0.00010108
NXS/BTC,1603699569543,2020-10-26T08:06:09.543Z,buy,1.444e-05,7.0,0.00010108
NXS/BTC,1603701784550,2020-10-26T08:43:04.550Z,sell,1.44e-05,10.0,0.000144
NXS/BTC,1603701784550,2020-10-26T08:43:04.550Z,sell,1.44e-05,10.0,0.000144
NXS/BTC,1603707531421,2020-10-26T10:18:51.421Z,sell,1.44e-05,34.0,0.0004896
NXS/BTC,1603707611617,2020-10-26T10:20:11.617Z,buy,1.439e-05,7.0,0.0001007299999999
NXS/BTC,1603707616971,2020-10-26T10:20:16.971Z,buy,1.439e-05,70.0,0.0010073
NXS/BTC,1603707694794,2020-10-26T10:21:34.794Z,sell,1.438e-05,184.0,0.00264592
NXS/BTC,1603707694794,2020-10-26T10:21:34.794Z,sell,1.427e-05,19910.0,0.2841157
NXS/BTC,1603707702999,2020-10-26T10:21:42.999Z,sell,1.425e-05,35.0,0.00049875
NXS/BTC,1603707702999,2020-10-26T10:21:42.999Z,sell,1.425e-05,12.0,0.000171
NXS/BTC,1603707734958,2020-10-26T10:22:14.958Z,buy,1.432e-05,8.0,0.00011456
NXS/BTC,1603707734958,2020-10-26T10:22:14.958Z,buy,1.432e-05,8.0,0.00011456
NXS/BTC,1603708024587,2020-10-26T10:27:04.587Z,sell,1.423e-05,10.0,0.0001423
NXS/BTC,1603708432435,2020-10-26T10:33:52.435Z,sell,1.423e-05,14.0,0.0001992199999999
NXS/BTC,1603708453081,2020-10-26T10:34:13.081Z,sell,1.422e-05,154.0,0.00218988
NXS/BTC,1603708453081,2020-10-26T10:34:13.081Z,sell,1.421e-05,55.0,0.00078155
NXS/BTC,1603709768614,2020-10-26T10:56:08.614Z,sell,1.42e-05,115.0,0.001633
NXS/BTC,1603709768614,2020-10-26T10:56:08.614Z,sell,1.419e-05,206.0,0.00292314
NXS/BTC,1603709768614,2020-10-26T10:56:08.614Z,sell,1.42e-05,115.0,0.001633
NXS/BTC,1603709768614,2020-10-26T10:56:08.614Z,sell,1.419e-05,206.0,0.00292314
NXS/BTC,1603712266908,2020-10-26T11:37:46.908Z,sell,1.42e-05,46.0,0.0006531999999999
NXS/BTC,1603713101552,2020-10-26T11:51:41.552Z,sell,1.42e-05,11.0,0.0001562
NXS/BTC,1603713101552,2020-10-26T11:51:41.552Z,sell,1.419e-05,14.0,0.00019866
NXS/BTC,1603713101552,2020-10-26T11:51:41.552Z,sell,1.417e-05,91.0,0.00128947
NXS/BTC,1603713101552,2020-10-26T11:51:41.552Z,sell,1.416e-05,26.0,0.0003681599999999
NXS/BTC,1603713101552,2020-10-26T11:51:41.552Z,sell,1.42e-05,11.0,0.0001562
NXS/BTC,1603713101552,2020-10-26T11:51:41.552Z,sell,1.419e-05,14.0,0.00019866
NXS/BTC,1603713101552,2020-10-26T11:51:41.552Z,sell,1.417e-05,91.0,0.00128947
NXS/BTC,1603713101552,2020-10-26T11:51:41.552Z,sell,1.416e-05,26.0,0.0003681599999999
NXS/BTC,1603714250727,2020-10-26T12:10:50.727Z,buy,1.421e-05,16.0,0.00022736
NXS/BTC,1603715511805,2020-10-26T12:31:51.805Z,buy,1.423e-05,173.0,0.0024617899999999
NXS/BTC,1603715511805,2020-10-26T12:31:51.805Z,buy,1.424e-05,354.0,0.00504096
NXS/BTC,1603715511805,2020-10-26T12:31:51.805Z,buy,1.426e-05,211.0,0.00300886
NXS/BTC,1603715511805,2020-10-26T12:31:51.805Z,buy,1.427e-05,338.0,0.00482326
NXS/BTC,1603715512522,2020-10-26T12:31:52.522Z,sell,1.427e-05,197.0,0.00281119
NXS/BTC,1603715518370,2020-10-26T12:31:58.370Z,buy,1.428e-05,71.0,0.00101388
NXS/BTC,1603715582400,2020-10-26T12:33:02.400Z,sell,1.427e-05,90.0,0.0012843
NXS/BTC,1603715941898,2020-10-26T12:39:01.898Z,sell,1.421e-05,126.0,0.00179046
NXS/BTC,1603715941898,2020-10-26T12:39:01.898Z,sell,1.417e-05,129.0,0.00182793
NXS/BTC,1603715941898,2020-10-26T12:39:01.898Z,sell,1.416e-05,1152.0,0.0163123199999999
NXS/BTC,1603715951039,2020-10-26T12:39:11.039Z,sell,1.415e-05,60.0,0.000849
NXS/BTC,1603715951052,2020-10-26T12:39:11.052Z,buy,1.416e-05,435.0,0.0061596
NXS/BTC,1603716003790,2020-10-26T12:40:03.790Z,sell,1.415e-05,10.0,0.0001415
NXS/BTC,1603716003790,2020-10-26T12:40:03.790Z,sell,1.415e-05,10.0,0.0001415
NXS/BTC,1603717239618,2020-10-26T13:00:39.618Z,sell,1.415e-05,25.0,0.00035375
NXS/BTC,1603717278951,2020-10-26T13:01:18.951Z,buy,1.415e-05,18.0,0.0002547
NXS/BTC,1603717379955,2020-10-26T13:02:59.955Z,sell,1.407e-05,8.0,0.00011256
NXS/BTC,1603717667674,2020-10-26T13:07:47.674Z,buy,1.41e-05,179.0,0.0025239
NXS/BTC,1603718027936,2020-10-26T13:13:47.936Z,sell,1.409e-05,14.0,0.00019726
NXS/BTC,1603718354520,2020-10-26T13:19:14.520Z,sell,1.409e-05,117.0,0.00164853
NXS/BTC,1603719007644,2020-10-26T13:30:07.644Z,buy,1.41e-05,94.0,0.0013254
NXS/BTC,1603719036956,2020-10-26T13:30:36.956Z,buy,1.411e-05,9.0,0.00012699
NXS/BTC,1603719036956,2020-10-26T13:30:36.956Z,buy,1.417e-05,8.0,0.00011336
NXS/BTC,1603719036956,2020-10-26T13:30:36.956Z,buy,1.423e-05,54.0,0.0007684199999999
NXS/BTC,1603719154766,2020-10-26T13:32:34.766Z,buy,1.421e-05,5318.0,0.07556878
NXS/BTC,1603719156977,2020-10-26T13:32:36.977Z,buy,1.423e-05,1024.0,0.01457152
NXS/BTC,1603719159238,2020-10-26T13:32:39.238Z,buy,1.424e-05,33.0,0.00046992
NXS/BTC,1603719159238,2020-10-26T13:32:39.238Z,buy,1.427e-05,1775.0,0.02532925
NXS/BTC,1603719159238,2020-10-26T13:32:39.238Z,buy,1.428e-05,1138.0,0.01625064
NXS/BTC,1603719161998,2020-10-26T13:32:41.998Z,buy,1.427e-05,130.0,0.0018551
NXS/BTC,1603719184220,2020-10-26T13:33:04.220Z,buy,1.426e-05,78.0,0.00111228
NXS/BTC,1603719184220,2020-10-26T13:33:04.220Z,buy,1.428e-05,1746.0,0.02493288
NXS/BTC,1603719186726,2020-10-26T13:33:06.726Z,buy,1.43e-05,7.0,0.0001001
NXS/BTC,1603719186726,2020-10-26T13:33:06.726Z,buy,1.432e-05,27.0,0.00038664
NXS/BTC,1603719186726,2020-10-26T13:33:06.726Z,buy,1.435e-05,10.0,0.0001435
NXS/BTC,1603719186726,2020-10-26T13:33:06.726Z,buy,1.437e-05,7.0,0.00010059
NXS/BTC,1603719189779,2020-10-26T13:33:09.779Z,buy,1.439e-05,37.0,0.00053243
NXS/BTC,1603719189779,2020-10-26T13:33:09.779Z,buy,1.443e-05,2640.0,0.0380952
NXS/BTC,1603719227123,2020-10-26T13:33:47.123Z,buy,1.443e-05,2556.0,0.03688308
NXS/BTC,1603719233729,2020-10-26T13:33:53.729Z,buy,1.444e-05,844.0,0.01218736
NXS/BTC,1603719236192,2020-10-26T13:33:56.192Z,buy,1.446e-05,38.0,0.00054948
NXS/BTC,1603719236192,2020-10-26T13:33:56.192Z,buy,1.45e-05,7.0,0.0001015
NXS/BTC,1603719236192,2020-10-26T13:33:56.192Z,buy,1.451e-05,218.0,0.00316318
NXS/BTC,1603719236192,2020-10-26T13:33:56.192Z,buy,1.453e-05,64.0,0.00092992
NXS/BTC,1603719239356,2020-10-26T13:33:59.356Z,buy,1.455e-05,161.0,0.00234255
NXS/BTC,1603719239356,2020-10-26T13:33:59.356Z,buy,1.456e-05,26.0,0.00037856
NXS/BTC,1603719239356,2020-10-26T13:33:59.356Z,buy,1.457e-05,17.0,0.00024769
NXS/BTC,1603719239356,2020-10-26T13:33:59.356Z,buy,1.459e-05,33.0,0.0004814699999999
NXS/BTC,1603719245310,2020-10-26T13:34:05.310Z,buy,1.46e-05,2669.0,0.0389674
NXS/BTC,1603719245310,2020-10-26T13:34:05.310Z,buy,1.462e-05,867.0,0.01267554
NXS/BTC,1603719245616,2020-10-26T13:34:05.616Z,sell,1.453e-05,14.0,0.00020342
NXS/BTC,1603719249633,2020-10-26T13:34:09.633Z,buy,1.464e-05,30.0,0.0004392
NXS/BTC,1603719249633,2020-10-26T13:34:09.633Z,buy,1.466e-05,33.0,0.00048378
NXS/BTC,1603719249633,2020-10-26T13:34:09.633Z,buy,1.467e-05,42.0,0.00061614
NXS/BTC,1603719251643,2020-10-26T13:34:11.643Z,sell,1.457e-05,195.0,0.0028411499999999
NXS/BTC,1603719251851,2020-10-26T13:34:11.851Z,buy,1.469e-05,32.0,0.00047008
NXS/BTC,1603719251851,2020-10-26T13:34:11.851Z,buy,1.471e-05,7.0,0.00010297
NXS/BTC,1603719251851,2020-10-26T13:34:11.851Z,buy,1.472e-05,32.0,0.00047104
NXS/BTC,1603719254163,2020-10-26T13:34:14.163Z,buy,1.473e-05,109.0,0.00160557
NXS/BTC,1603719257086,2020-10-26T13:34:17.086Z,buy,1.473e-05,92.0,0.00135516
NXS/BTC,1603719257086,2020-10-26T13:34:17.086Z,buy,1.474e-05,53.0,0.00078122
NXS/BTC,1603719257086,2020-10-26T13:34:17.086Z,buy,1.476e-05,39.0,0.00057564
NXS/BTC,1603719259792,2020-10-26T13:34:19.792Z,buy,1.477e-05,11.0,0.0001624699999999
NXS/BTC,1603719259792,2020-10-26T13:34:19.792Z,buy,1.479e-05,32.0,0.00047328
NXS/BTC,1603719259792,2020-10-26T13:34:19.792Z,buy,1.481e-05,45.0,0.00066645
NXS/BTC,1603719259792,2020-10-26T13:34:19.792Z,buy,1.482e-05,20.0,0.0002964
NXS/BTC,1603719259792,2020-10-26T13:34:19.792Z,buy,1.483e-05,32.0,0.00047456
NXS/BTC,1603719259792,2020-10-26T13:34:19.792Z,buy,1.484e-05,515.0,0.0076426
NXS/BTC,1603719259792,2020-10-26T13:34:19.792Z,buy,1.486e-05,366.0,0.00543876
NXS/BTC,1603719263191,2020-10-26T13:34:23.191Z,sell,1.48e-05,9.0,0.0001332
NXS/BTC,1603719263376,2020-10-26T13:34:23.376Z,buy,1.489e-05,93.0,0.00138477
NXS/BTC,1603719263376,2020-10-26T13:34:23.376Z,buy,1.49e-05,461.0,0.0068689
NXS/BTC,1603719263376,2020-10-26T13:34:23.376Z,buy,1.491e-05,7.0,0.0001043699999999
NXS/BTC,1603719263376,2020-10-26T13:34:23.376Z,buy,1.493e-05,32.0,0.00047776
NXS/BTC,1603719263376,2020-10-26T13:34:23.376Z,buy,1.496e-05,48.0,0.00071808
NXS/BTC,1603719271348,2020-10-26T13:34:31.348Z,buy,1.497e-05,32.0,0.00047904
NXS/BTC,1603719271348,2020-10-26T13:34:31.348Z,buy,1.498e-05,7.0,0.00010486
NXS/BTC,1603719271348,2020-10-26T13:34:31.348Z,buy,1.5e-05,42.0,0.00063
NXS/BTC,1603719271348,2020-10-26T13:34:31.348Z,buy,1.503e-05,50.0,0.0007515
NXS/BTC,1603719271348,2020-10-26T13:34:31.348Z,buy,1.504e-05,32.0,0.00048128
NXS/BTC,1603719271348,2020-10-26T13:34:31.348Z,buy,1.505e-05,7.0,0.00010535
NXS/BTC,1603719271348,2020-10-26T13:34:31.348Z,buy,1.506e-05,351.0,0.0052860599999999
NXS/BTC,1603719271348,2020-10-26T13:34:31.348Z,buy,1.507e-05,32.0,0.00048224
NXS/BTC,1603719274749,2020-10-26T13:34:34.749Z,buy,1.51e-05,71.0,0.0010720999999999
NXS/BTC,1603719274749,2020-10-26T13:34:34.749Z,buy,1.511e-05,32.0,0.00048352
NXS/BTC,1603719274749,2020-10-26T13:34:34.749Z,buy,1.512e-05,7.0,0.0001058399999999
NXS/BTC,1603719274749,2020-10-26T13:34:34.749Z,buy,1.514e-05,31.0,0.00046934
NXS/BTC,1603719274749,2020-10-26T13:34:34.749Z,buy,1.517e-05,53.0,0.00080401
NXS/BTC,1603719278161,2020-10-26T13:34:38.161Z,buy,1.518e-05,1071.0,0.01625778
NXS/BTC,1603719278161,2020-10-26T13:34:38.161Z,buy,1.519e-05,8463.0,0.12855297
NXS/BTC,1603719278161,2020-10-26T13:34:38.161Z,buy,1.52e-05,10.0,0.000152
NXS/BTC,1603719278161,2020-10-26T13:34:38.161Z,buy,1.521e-05,31.0,0.00047151
NXS/BTC,1603719278161,2020-10-26T13:34:38.161Z,buy,1.525e-05,31.0,0.0004727499999999
NXS/BTC,1603719278161,2020-10-26T13:34:38.161Z,buy,1.526e-05,8.0,0.00012208
NXS/BTC,1603719278161,2020-10-26T13:34:38.161Z,buy,1.528e-05,31.0,0.00047368
NXS/BTC,1603719278161,2020-10-26T13:34:38.161Z,buy,1.53e-05,10.0,0.0001529999999999
NXS/BTC,1603719278161,2020-10-26T13:34:38.161Z,buy,1.532e-05,24.0,0.00036768
NXS/BTC,1603719279253,2020-10-26T13:34:39.253Z,sell,1.51e-05,251.0,0.0037901
NXS/BTC,1603719280048,2020-10-26T13:34:40.048Z,sell,1.51e-05,114.0,0.0017213999999999
NXS/BTC,1603719280048,2020-10-26T13:34:40.048Z,sell,1.509e-05,128.0,0.00193152
NXS/BTC,1603719280048,2020-10-26T13:34:40.048Z,sell,1.508e-05,31.0,0.00046748
NXS/BTC,1603719280048,2020-10-26T13:34:40.048Z,sell,1.505e-05,10.0,0.0001505
NXS/BTC,1603719280481,2020-10-26T13:34:40.481Z,buy,1.509e-05,37.0,0.00055833
NXS/BTC,1603719281294,2020-10-26T13:34:41.294Z,sell,1.522e-05,31.0,0.00047182
NXS/BTC,1603719281294,2020-10-26T13:34:41.294Z,sell,1.519e-05,31.0,0.00047089
NXS/BTC,1603719281294,2020-10-26T13:34:41.294Z,sell,1.512e-05,31.0,0.00046872
NXS/BTC,1603719281294,2020-10-26T13:34:41.294Z,sell,1.511e-05,87.0,0.00131457
NXS/BTC,1603719281294,2020-10-26T13:34:41.294Z,sell,1.509e-05,294.0,0.00443646
NXS/BTC,1603719281294,2020-10-26T13:34:41.294Z,sell,1.506e-05,12.0,0.00018072
NXS/BTC,1603719281851,2020-10-26T13:34:41.851Z,buy,1.53e-05,338.0,0.0051714
NXS/BTC,1603719281851,2020-10-26T13:34:41.851Z,buy,1.531e-05,72.0,0.00110232
NXS/BTC,1603719282624,2020-10-26T13:34:42.624Z,sell,1.515e-05,31.0,0.00046965
NXS/BTC,1603719284583,2020-10-26T13:34:44.583Z,sell,1.505e-05,22.0,0.0003310999999999
NXS/BTC,1603719284583,2020-10-26T13:34:44.583Z,sell,1.501e-05,32.0,0.00048032
NXS/BTC,1603719284583,2020-10-26T13:34:44.583Z,sell,1.498e-05,32.0,0.00047936
NXS/BTC,1603719284583,2020-10-26T13:34:44.583Z,sell,1.494e-05,32.0,0.00047808
NXS/BTC,1603719284583,2020-10-26T13:34:44.583Z,sell,1.491e-05,32.0,0.00047712
NXS/BTC,1603719284583,2020-10-26T13:34:44.583Z,sell,1.49e-05,83.0,0.0012366999999999
NXS/BTC,1603719284583,2020-10-26T13:34:44.583Z,sell,1.487e-05,32.0,0.00047584
NXS/BTC,1603719284583,2020-10-26T13:34:44.583Z,sell,1.484e-05,32.0,0.00047488
NXS/BTC,1603719284583,2020-10-26T13:34:44.583Z,sell,1.48e-05,23.0,0.0003404
NXS/BTC,1603719284583,2020-10-26T13:34:44.583Z,sell,1.477e-05,32.0,0.00047264
NXS/BTC,1603719284583,2020-10-26T13:34:44.583Z,sell,1.474e-05,329.0,0.00484946
NXS/BTC,1603719285580,2020-10-26T13:34:45.580Z,buy,1.49e-05,31.0,0.0004619
NXS/BTC,1603719286934,2020-10-26T13:34:46.934Z,sell,1.475e-05,69.0,0.00101775
NXS/BTC,1603719286984,2020-10-26T13:34:46.984Z,sell,1.475e-05,12.0,0.000177
NXS/BTC,1603719286984,2020-10-26T13:34:46.984Z,sell,1.474e-05,59.0,0.00086966
NXS/BTC,1603719287747,2020-10-26T13:34:47.747Z,sell,1.475e-05,75.0,0.00110625
NXS/BTC,1603719287747,2020-10-26T13:34:47.747Z,sell,1.474e-05,266.0,0.00392084
NXS/BTC,1603719287747,2020-10-26T13:34:47.747Z,sell,1.473e-05,30.0,0.0004419
NXS/BTC,1603719289383,2020-10-26T13:34:49.383Z,buy,1.483e-05,32.0,0.00047456
NXS/BTC,1603719289383,2020-10-26T13:34:49.383Z,buy,1.486e-05,32.0,0.00047552
NXS/BTC,1603719289383,2020-10-26T13:34:49.383Z,buy,1.489e-05,156.0,0.00232284
NXS/BTC,1603719289383,2020-10-26T13:34:49.383Z,buy,1.49e-05,237.0,0.0035313
NXS/BTC,1603719293387,2020-10-26T13:34:53.387Z,buy,1.49e-05,93.0,0.0013857
NXS/BTC,1603719293387,2020-10-26T13:34:53.387Z,buy,1.493e-05,32.0,0.00047776
NXS/BTC,1603719293387,2020-10-26T13:34:53.387Z,buy,1.497e-05,32.0,0.00047904
NXS/BTC,1603719293387,2020-10-26T13:34:53.387Z,buy,1.5e-05,32.0,0.00048
NXS/BTC,1603719293387,2020-10-26T13:34:53.387Z,buy,1.504e-05,32.0,0.00048128
NXS/BTC,1603719293387,2020-10-26T13:34:53.387Z,buy,1.506e-05,83.0,0.00124998
NXS/BTC,1603719293387,2020-10-26T13:34:53.387Z,buy,1.507e-05,108.0,0.00162756
NXS/BTC,1603719293387,2020-10-26T13:34:53.387Z,buy,1.511e-05,32.0,0.00048352
NXS/BTC,1603719293387,2020-10-26T13:34:53.387Z,buy,1.514e-05,31.0,0.00046934
NXS/BTC,1603719293387,2020-10-26T13:34:53.387Z,buy,1.517e-05,266.0,0.00403522
NXS/BTC,1603719297733,2020-10-26T13:34:57.733Z,buy,1.515e-05,11.0,0.00016665
NXS/BTC,1603719297733,2020-10-26T13:34:57.733Z,buy,1.517e-05,65.0,0.00098605
NXS/BTC,1603719297733,2020-10-26T13:34:57.733Z,buy,1.518e-05,31.0,0.00047058
NXS/BTC,1603719297733,2020-10-26T13:34:57.733Z,buy,1.521e-05,31.0,0.00047151
NXS/BTC,1603719297733,2020-10-26T13:34:57.733Z,buy,1.524e-05,55.0,0.0008382
NXS/BTC,1603719297733,2020-10-26T13:34:57.733Z,buy,1.525e-05,31.0,0.0004727499999999
NXS/BTC,1603719297733,2020-10-26T13:34:57.733Z,buy,1.528e-05,31.0,0.00047368
NXS/BTC,1603719297733,2020-10-26T13:34:57.733Z,buy,1.531e-05,219.0,0.00335289
NXS/BTC,1603719297733,2020-10-26T13:34:57.733Z,buy,1.532e-05,7.0,0.00010724
NXS/BTC,1603719297733,2020-10-26T13:34:57.733Z,buy,1.533e-05,7.0,0.00010731
NXS/BTC,1603719297733,2020-10-26T13:34:57.733Z,buy,1.535e-05,31.0,0.00047585
NXS/BTC,1603719297733,2020-10-26T13:34:57.733Z,buy,1.538e-05,59.0,0.0009074199999999
NXS/BTC,1603719297733,2020-10-26T13:34:57.733Z,buy,1.539e-05,31.0,0.00047709
NXS/BTC,1603719297786,2020-10-26T13:34:57.786Z,sell,1.539e-05,57.0,0.00087723
NXS/BTC,1603719298301,2020-10-26T13:34:58.301Z,sell,1.539e-05,9.0,0.00013851
NXS/BTC,1603719300302,2020-10-26T13:35:00.302Z,sell,1.539e-05,181.0,0.00278559
NXS/BTC,1603719300410,2020-10-26T13:35:00.410Z,sell,1.539e-05,258.0,0.00397062
NXS/BTC,1603719300587,2020-10-26T13:35:00.587Z,sell,1.539e-05,14.0,0.00021546
NXS/BTC,1603719301356,2020-10-26T13:35:01.356Z,sell,1.539e-05,16.0,0.00024624
NXS/BTC,1603719301356,2020-10-26T13:35:01.356Z,sell,1.533e-05,31.0,0.00047523
NXS/BTC,1603719301356,2020-10-26T13:35:01.356Z,sell,1.529e-05,26.0,0.00039754
NXS/BTC,1603719302643,2020-10-26T13:35:02.643Z,sell,1.529e-05,73.0,0.00111617
NXS/BTC,1603719302894,2020-10-26T13:35:02.894Z,buy,1.54e-05,17.0,0.0002618
NXS/BTC,1603719302894,2020-10-26T13:35:02.894Z,buy,1.542e-05,31.0,0.00047802
NXS/BTC,1603719302894,2020-10-26T13:35:02.894Z,buy,1.545e-05,71.0,0.00109695
NXS/BTC,1603719302894,2020-10-26T13:35:02.894Z,buy,1.546e-05,31.0,0.00047926
NXS/BTC,1603719302894,2020-10-26T13:35:02.894Z,buy,1.548e-05,62.0,0.00095976
NXS/BTC,1603719302894,2020-10-26T13:35:02.894Z,buy,1.55e-05,1845.0,0.0285975
NXS/BTC,1603719302894,2020-10-26T13:35:02.894Z,buy,1.553e-05,94.0,0.00145982
NXS/BTC,1603719302894,2020-10-26T13:35:02.894Z,buy,1.555e-05,7.0,0.0001088499999999
NXS/BTC,1603719302894,2020-10-26T13:35:02.894Z,buy,1.557e-05,31.0,0.0004826699999999
NXS/BTC,1603719302894,2020-10-26T13:35:02.894Z,buy,1.56e-05,106.0,0.0016535999999999
NXS/BTC,1603719304132,2020-10-26T13:35:04.132Z,sell,1.531e-05,79.0,0.00120949
NXS/BTC,1603719304132,2020-10-26T13:35:04.132Z,sell,1.53e-05,10.0,0.0001529999999999
NXS/BTC,1603719304132,2020-10-26T13:35:04.132Z,sell,1.526e-05,31.0,0.00047306
NXS/BTC,1603719304132,2020-10-26T13:35:04.132Z,sell,1.524e-05,84.0,0.00128016
NXS/BTC,1603719305774,2020-10-26T13:35:05.774Z,buy,1.531e-05,31.0,0.00047461
NXS/BTC,1603719306026,2020-10-26T13:35:06.026Z,buy,1.531e-05,31.0,0.00047461
NXS/BTC,1603719306294,2020-10-26T13:35:06.294Z,buy,1.531e-05,17.0,0.00026027
NXS/BTC,1603719306294,2020-10-26T13:35:06.294Z,buy,1.535e-05,14.0,0.0002149
NXS/BTC,1603719306386,2020-10-26T13:35:06.386Z,buy,1.535e-05,17.0,0.00026095
NXS/BTC,1603719306386,2020-10-26T13:35:06.386Z,buy,1.538e-05,14.0,0.0002153199999999
NXS/BTC,1603719306578,2020-10-26T13:35:06.578Z,buy,1.538e-05,75.0,0.0011534999999999
NXS/BTC,1603719306578,2020-10-26T13:35:06.578Z,buy,1.539e-05,62.0,0.00095418
NXS/BTC,1603719306578,2020-10-26T13:35:06.578Z,buy,1.547e-05,337.0,0.00521339
NXS/BTC,1603719306578,2020-10-26T13:35:06.578Z,buy,1.562e-05,7.0,0.00010934
NXS/BTC,1603719306578,2020-10-26T13:35:06.578Z,buy,1.564e-05,30.0,0.0004691999999999
NXS/BTC,1603719306578,2020-10-26T13:35:06.578Z,buy,1.567e-05,68.0,0.00106556
NXS/BTC,1603719306578,2020-10-26T13:35:06.578Z,buy,1.568e-05,30.0,0.0004703999999999
NXS/BTC,1603719306578,2020-10-26T13:35:06.578Z,buy,1.569e-05,7.0,0.00010983
NXS/BTC,1603719306578,2020-10-26T13:35:06.578Z,buy,1.57e-05,10.0,0.000157
NXS/BTC,1603719306803,2020-10-26T13:35:06.803Z,sell,1.57e-05,84.0,0.0013188
NXS/BTC,1603719306810,2020-10-26T13:35:06.810Z,sell,1.57e-05,9.0,0.0001413
NXS/BTC,1603719306810,2020-10-26T13:35:06.810Z,sell,1.54e-05,31.0,0.0004774
NXS/BTC,1603719307025,2020-10-26T13:35:07.025Z,sell,1.544e-05,31.0,0.00047864
NXS/BTC,1603719307084,2020-10-26T13:35:07.084Z,sell,1.522e-05,31.0,0.00047182
NXS/BTC,1603719307084,2020-10-26T13:35:07.084Z,sell,1.519e-05,31.0,0.00047089
NXS/BTC,1603719307084,2020-10-26T13:35:07.084Z,sell,1.516e-05,65.0,0.0009854
NXS/BTC,1603719308436,2020-10-26T13:35:08.436Z,sell,1.532e-05,53.0,0.0008119599999999
NXS/BTC,1603719309058,2020-10-26T13:35:09.058Z,sell,1.533e-05,7.0,0.00010731
NXS/BTC,1603719309058,2020-10-26T13:35:09.058Z,sell,1.531e-05,320.0,0.0048992
NXS/BTC,1603719309058,2020-10-26T13:35:09.058Z,sell,1.53e-05,777.0,0.0118880999999999
NXS/BTC,1603719309058,2020-10-26T13:35:09.058Z,sell,1.529e-05,31.0,0.00047399
NXS/BTC,1603719309058,2020-10-26T13:35:09.058Z,sell,1.525e-05,168.0,0.002562
NXS/BTC,1603719309825,2020-10-26T13:35:09.825Z,buy,1.54e-05,30.0,0.000462
NXS/BTC,1603719310008,2020-10-26T13:35:10.008Z,buy,1.54e-05,30.0,0.000462
NXS/BTC,1603719310810,2020-10-26T13:35:10.810Z,sell,1.533e-05,31.0,0.00047523
NXS/BTC,1603719312850,2020-10-26T13:35:12.850Z,buy,1.528e-05,31.0,0.00047368
NXS/BTC,1603719312850,2020-10-26T13:35:12.850Z,buy,1.535e-05,31.0,0.00047585
NXS/BTC,1603719312850,2020-10-26T13:35:12.850Z,buy,1.539e-05,168.0,0.00258552
NXS/BTC,1603719312850,2020-10-26T13:35:12.850Z,buy,1.541e-05,77.0,0.00118657
NXS/BTC,1603719312850,2020-10-26T13:35:12.850Z,buy,1.542e-05,31.0,0.00047802
NXS/BTC,1603719312850,2020-10-26T13:35:12.850Z,buy,1.546e-05,31.0,0.00047926
NXS/BTC,1603719312850,2020-10-26T13:35:12.850Z,buy,1.55e-05,31.0,0.0004805
NXS/BTC,1603719312850,2020-10-26T13:35:12.850Z,buy,1.553e-05,31.0,0.00048143
NXS/BTC,1603719312850,2020-10-26T13:35:12.850Z,buy,1.557e-05,31.0,0.0004826699999999
NXS/BTC,1603719312850,2020-10-26T13:35:12.850Z,buy,1.56e-05,31.0,0.0004836
NXS/BTC,1603719312850,2020-10-26T13:35:12.850Z,buy,1.561e-05,418.0,0.00652498
NXS/BTC,1603719314305,2020-10-26T13:35:14.305Z,buy,1.528e-05,7.0,0.0001069599999999
NXS/BTC,1603719315672,2020-10-26T13:35:15.672Z,buy,1.539e-05,31.0,0.00047709
NXS/BTC,1603719316808,2020-10-26T13:35:16.808Z,sell,1.554e-05,7.0,0.00010878
NXS/BTC,1603719318304,2020-10-26T13:35:18.304Z,buy,1.563e-05,260.0,0.0040638
NXS/BTC,1603719318304,2020-10-26T13:35:18.304Z,buy,1.564e-05,344.0,0.00538016
NXS/BTC,1603719318424,2020-10-26T13:35:18.424Z,sell,1.554e-05,24.0,0.00037296
NXS/BTC,1603719318424,2020-10-26T13:35:18.424Z,sell,1.551e-05,31.0,0.0004808099999999
NXS/BTC,1603719318424,2020-10-26T13:35:18.424Z,sell,1.544e-05,31.0,0.00047864
NXS/BTC,1603719318424,2020-10-26T13:35:18.424Z,sell,1.54e-05,119.0,0.0018326
NXS/BTC,1603719318424,2020-10-26T13:35:18.424Z,sell,1.536e-05,31.0,0.0004761599999999
NXS/BTC,1603719318424,2020-10-26T13:35:18.424Z,sell,1.529e-05,24.0,0.00036696
NXS/BTC,1603719318424,2020-10-26T13:35:18.424Z,sell,1.526e-05,31.0,0.00047306
NXS/BTC,1603719318424,2020-10-26T13:35:18.424Z,sell,1.522e-05,31.0,0.00047182
NXS/BTC,1603719318424,2020-10-26T13:35:18.424Z,sell,1.519e-05,107.0,0.00162533
NXS/BTC,1603719320482,2020-10-26T13:35:20.482Z,sell,1.534e-05,71.0,0.00108914
NXS/BTC,1603719320482,2020-10-26T13:35:20.482Z,sell,1.533e-05,105.0,0.00160965
NXS/BTC,1603719320482,2020-10-26T13:35:20.482Z,sell,1.516e-05,135.0,0.0020466
NXS/BTC,1603719321699,2020-10-26T13:35:21.699Z,buy,1.551e-05,30.0,0.0004653
NXS/BTC,1603719322338,2020-10-26T13:35:22.338Z,buy,1.535e-05,31.0,0.00047585
NXS/BTC,1603719322338,2020-10-26T13:35:22.338Z,buy,1.549e-05,68.0,0.00105332
NXS/BTC,1603719322338,2020-10-26T13:35:22.338Z,buy,1.55e-05,76.0,0.001178
NXS/BTC,1603719322338,2020-10-26T13:35:22.338Z,buy,1.551e-05,505.0,0.0078325499999999
NXS/BTC,1603719322338,2020-10-26T13:35:22.338Z,buy,1.552e-05,145.0,0.0022504
NXS/BTC,1603719322338,2020-10-26T13:35:22.338Z,buy,1.553e-05,31.0,0.00048143
NXS/BTC,1603719322338,2020-10-26T13:35:22.338Z,buy,1.56e-05,31.0,0.0004836
NXS/BTC,1603719322338,2020-10-26T13:35:22.338Z,buy,1.563e-05,88.0,0.00137544
NXS/BTC,1603719322338,2020-10-26T13:35:22.338Z,buy,1.564e-05,337.0,0.00527068
NXS/BTC,1603719322338,2020-10-26T13:35:22.338Z,buy,1.568e-05,30.0,0.0004703999999999
NXS/BTC,1603719322338,2020-10-26T13:35:22.338Z,buy,1.569e-05,9.0,0.00014121
NXS/BTC,1603719322519,2020-10-26T13:35:22.519Z,sell,1.517e-05,78.0,0.00118326
NXS/BTC,1603719322519,2020-10-26T13:35:22.519Z,sell,1.516e-05,272.0,0.00412352
NXS/BTC,1603719322519,2020-10-26T13:35:22.519Z,sell,1.515e-05,31.0,0.00046965
NXS/BTC,1603719322519,2020-10-26T13:35:22.519Z,sell,1.512e-05,31.0,0.00046872
NXS/BTC,1603719322519,2020-10-26T13:35:22.519Z,sell,1.508e-05,31.0,0.00046748
NXS/BTC,1603719322519,2020-10-26T13:35:22.519Z,sell,1.505e-05,32.0,0.0004816
NXS/BTC,1603719322519,2020-10-26T13:35:22.519Z,sell,1.501e-05,32.0,0.00048032
NXS/BTC,1603719322519,2020-10-26T13:35:22.519Z,sell,1.5e-05,314.0,0.00471
NXS/BTC,1603719324431,2020-10-26T13:35:24.431Z,buy,1.516e-05,197.0,0.00298652
NXS/BTC,1603719324767,2020-10-26T13:35:24.767Z,buy,1.516e-05,31.0,0.00046996
NXS/BTC,1603719324975,2020-10-26T13:35:24.975Z,buy,1.516e-05,31.0,0.00046996
NXS/BTC,1603719325204,2020-10-26T13:35:25.204Z,buy,1.516e-05,30.0,0.0004548
NXS/BTC,1603719325853,2020-10-26T13:35:25.853Z,buy,1.507e-05,31.0,0.00046717
NXS/BTC,1603719326200,2020-10-26T13:35:26.200Z,buy,1.507e-05,1.0,1.507e-05
NXS/BTC,1603719326200,2020-10-26T13:35:26.200Z,buy,1.511e-05,32.0,0.00048352
NXS/BTC,1603719326200,2020-10-26T13:35:26.200Z,buy,1.516e-05,25.0,0.000379
NXS/BTC,1603719326200,2020-10-26T13:35:26.200Z,buy,1.521e-05,31.0,0.00047151
NXS/BTC,1603719326200,2020-10-26T13:35:26.200Z,buy,1.525e-05,31.0,0.0004727499999999
NXS/BTC,1603719326200,2020-10-26T13:35:26.200Z,buy,1.528e-05,31.0,0.00047368
NXS/BTC,1603719326200,2020-10-26T13:35:26.200Z,buy,1.532e-05,31.0,0.00047492
NXS/BTC,1603719326200,2020-10-26T13:35:26.200Z,buy,1.539e-05,31.0,0.00047709
NXS/BTC,1603719326200,2020-10-26T13:35:26.200Z,buy,1.542e-05,31.0,0.00047802
NXS/BTC,1603719326200,2020-10-26T13:35:26.200Z,buy,1.546e-05,31.0,0.00047926
NXS/BTC,1603719326200,2020-10-26T13:35:26.200Z,buy,1.55e-05,31.0,0.0004805
NXS/BTC,1603719326200,2020-10-26T13:35:26.200Z,buy,1.551e-05,11.0,0.00017061
NXS/BTC,1603719326200,2020-10-26T13:35:26.200Z,buy,1.557e-05,31.0,0.0004826699999999
NXS/BTC,1603719326200,2020-10-26T13:35:26.200Z,buy,1.564e-05,30.0,0.0004691999999999
NXS/BTC,1603719326200,2020-10-26T13:35:26.200Z,buy,1.569e-05,109.0,0.00171021
NXS/BTC,1603719326200,2020-10-26T13:35:26.200Z,buy,1.57e-05,156.0,0.0024492
NXS/BTC,1603719326200,2020-10-26T13:35:26.200Z,buy,1.571e-05,8.0,0.00012568
NXS/BTC,1603719328433,2020-10-26T13:35:28.433Z,buy,1.514e-05,31.0,0.00046934
NXS/BTC,1603719329206,2020-10-26T13:35:29.206Z,buy,1.517e-05,31.0,0.00047027
NXS/BTC,1603719329521,2020-10-26T13:35:29.521Z,buy,1.517e-05,31.0,0.00047027
NXS/BTC,1603719329632,2020-10-26T13:35:29.632Z,buy,1.517e-05,30.0,0.0004551
NXS/BTC,1603719329836,2020-10-26T13:35:29.836Z,buy,1.517e-05,31.0,0.00047027
NXS/BTC,1603719329913,2020-10-26T13:35:29.913Z,buy,1.517e-05,206.0,0.00312502
NXS/BTC,1603719329913,2020-10-26T13:35:29.913Z,buy,1.518e-05,31.0,0.00047058
NXS/BTC,1603719329913,2020-10-26T13:35:29.913Z,buy,1.535e-05,31.0,0.00047585
NXS/BTC,1603719329913,2020-10-26T13:35:29.913Z,buy,1.553e-05,31.0,0.00048143
NXS/BTC,1603719329913,2020-10-26T13:35:29.913Z,buy,1.56e-05,31.0,0.0004836
NXS/BTC,1603719329913,2020-10-26T13:35:29.913Z,buy,1.568e-05,30.0,0.0004703999999999
NXS/BTC,1603719329913,2020-10-26T13:35:29.913Z,buy,1.571e-05,22.0,0.00034562
NXS/BTC,1603719329913,2020-10-26T13:35:29.913Z,buy,1.574e-05,70.0,0.0011017999999999
NXS/BTC,1603719329913,2020-10-26T13:35:29.913Z,buy,1.575e-05,30.0,0.0004725
NXS/BTC,1603719329913,2020-10-26T13:35:29.913Z,buy,1.576e-05,7.0,0.00011032
NXS/BTC,1603719331077,2020-10-26T13:35:31.077Z,sell,1.576e-05,123.0,0.00193848
NXS/BTC,1603719331368,2020-10-26T13:35:31.368Z,sell,1.537e-05,173.0,0.00265901
NXS/BTC,1603719331368,2020-10-26T13:35:31.368Z,sell,1.536e-05,31.0,0.0004761599999999
NXS/BTC,1603719331368,2020-10-26T13:35:31.368Z,sell,1.533e-05,31.0,0.00047523
NXS/BTC,1603719331368,2020-10-26T13:35:31.368Z,sell,1.522e-05,31.0,0.00047182
NXS/BTC,1603719331368,2020-10-26T13:35:31.368Z,sell,1.519e-05,18.0,0.00027342
NXS/BTC,1603719331460,2020-10-26T13:35:31.460Z,sell,1.538e-05,7.0,0.0001076599999999
NXS/BTC,1603719331460,2020-10-26T13:35:31.460Z,sell,1.527e-05,24.0,0.00036648
NXS/BTC,1603719333251,2020-10-26T13:35:33.251Z,buy,1.546e-05,30.0,0.0004638
NXS/BTC,1603719333431,2020-10-26T13:35:33.431Z,buy,1.546e-05,1.0,1.546e-05
NXS/BTC,1603719333431,2020-10-26T13:35:33.431Z,buy,1.55e-05,29.0,0.0004495
NXS/BTC,1603719333706,2020-10-26T13:35:33.706Z,buy,1.55e-05,2.0,3.1e-05
NXS/BTC,1603719333706,2020-10-26T13:35:33.706Z,buy,1.557e-05,28.0,0.0004359599999999
NXS/BTC,1603719334099,2020-10-26T13:35:34.099Z,sell,1.554e-05,31.0,0.00048174
NXS/BTC,1603719334099,2020-10-26T13:35:34.099Z,sell,1.529e-05,49.0,0.00074921
NXS/BTC,1603719334465,2020-10-26T13:35:34.465Z,sell,1.547e-05,31.0,0.0004795699999999
NXS/BTC,1603719334524,2020-10-26T13:35:34.524Z,buy,1.556e-05,49.0,0.00076244
NXS/BTC,1603719334524,2020-10-26T13:35:34.524Z,buy,1.557e-05,3.0,4.670999999999999e-05
NXS/BTC,1603719334524,2020-10-26T13:35:34.524Z,buy,1.564e-05,30.0,0.0004691999999999
NXS/BTC,1603719334720,2020-10-26T13:35:34.720Z,sell,1.564e-05,11.0,0.0001720399999999
NXS/BTC,1603719335464,2020-10-26T13:35:35.464Z,buy,1.539e-05,31.0,0.00047709
NXS/BTC,1603719336796,2020-10-26T13:35:36.796Z,buy,1.541e-05,7.0,0.00010787
NXS/BTC,1603719336796,2020-10-26T13:35:36.796Z,buy,1.542e-05,20.0,0.0003084
NXS/BTC,1603719337369,2020-10-26T13:35:37.369Z,buy,1.553e-05,31.0,0.00048143
NXS/BTC,1603719337369,2020-10-26T13:35:37.369Z,buy,1.568e-05,30.0,0.0004703999999999
NXS/BTC,1603719337369,2020-10-26T13:35:37.369Z,buy,1.571e-05,30.0,0.0004713
NXS/BTC,1603719337369,2020-10-26T13:35:37.369Z,buy,1.575e-05,227.0,0.00357525
NXS/BTC,1603719337369,2020-10-26T13:35:37.369Z,buy,1.576e-05,673.0,0.01060648
NXS/BTC,1603719338456,2020-10-26T13:35:38.456Z,sell,1.558e-05,30.0,0.0004674
NXS/BTC,1603719338456,2020-10-26T13:35:38.456Z,sell,1.551e-05,1.0,1.551e-05
NXS/BTC,1603719338605,2020-10-26T13:35:38.605Z,sell,1.551e-05,30.0,0.0004653
NXS/BTC,1603719338605,2020-10-26T13:35:38.605Z,sell,1.545e-05,7.0,0.00010815
NXS/BTC,1603719338605,2020-10-26T13:35:38.605Z,sell,1.544e-05,4.0,6.176e-05
NXS/BTC,1603719338605,2020-10-26T13:35:38.605Z,sell,1.533e-05,31.0,0.00047523
NXS/BTC,1603719338605,2020-10-26T13:35:38.605Z,sell,1.532e-05,83.0,0.00127156
NXS/BTC,1603719338605,2020-10-26T13:35:38.605Z,sell,1.529e-05,31.0,0.00047399
NXS/BTC,1603719338605,2020-10-26T13:35:38.605Z,sell,1.526e-05,31.0,0.00047306
NXS/BTC,1603719338605,2020-10-26T13:35:38.605Z,sell,1.522e-05,264.0,0.00401808
NXS/BTC,1603719339847,2020-10-26T13:35:39.847Z,buy,1.559e-05,30.0,0.0004677
NXS/BTC,1603719339936,2020-10-26T13:35:39.936Z,buy,1.559e-05,60.0,0.0009354
NXS/BTC,1603719339936,2020-10-26T13:35:39.936Z,buy,1.56e-05,31.0,0.0004836
NXS/BTC,1603719339936,2020-10-26T13:35:39.936Z,buy,1.576e-05,63.0,0.00099288
NXS/BTC,1603719339936,2020-10-26T13:35:39.936Z,buy,1.579e-05,253.0,0.00399487
NXS/BTC,1603719340983,2020-10-26T13:35:40.983Z,sell,1.565e-05,30.0,0.0004695
NXS/BTC,1603719340983,2020-10-26T13:35:40.983Z,sell,1.562e-05,30.0,0.0004686
NXS/BTC,1603719340983,2020-10-26T13:35:40.983Z,sell,1.547e-05,31.0,0.0004795699999999
NXS/BTC,1603719340983,2020-10-26T13:35:40.983Z,sell,1.539e-05,7.0,0.00010773
NXS/BTC,1603719340983,2020-10-26T13:35:40.983Z,sell,1.537e-05,98.0,0.00150626
NXS/BTC,1603719341417,2020-10-26T13:35:41.417Z,sell,1.539e-05,31.0,0.00047709
NXS/BTC,1603719341835,2020-10-26T13:35:41.835Z,sell,1.54e-05,31.0,0.0004774
NXS/BTC,1603719342019,2020-10-26T13:35:42.019Z,sell,1.54e-05,31.0,0.0004774
NXS/BTC,1603719342697,2020-10-26T13:35:42.697Z,buy,1.55e-05,31.0,0.0004805
NXS/BTC,1603719342818,2020-10-26T13:35:42.818Z,buy,1.556e-05,30.0,0.0004668
NXS/BTC,1603719344018,2020-10-26T13:35:44.018Z,buy,1.553e-05,31.0,0.00048143
NXS/BTC,1603719344018,2020-10-26T13:35:44.018Z,buy,1.556e-05,31.0,0.00048236
NXS/BTC,1603719344018,2020-10-26T13:35:44.018Z,buy,1.557e-05,31.0,0.0004826699999999
NXS/BTC,1603719344018,2020-10-26T13:35:44.018Z,buy,1.564e-05,30.0,0.0004691999999999
NXS/BTC,1603719344018,2020-10-26T13:35:44.018Z,buy,1.568e-05,30.0,0.0004703999999999
NXS/BTC,1603719344018,2020-10-26T13:35:44.018Z,buy,1.571e-05,30.0,0.0004713
NXS/BTC,1603719344018,2020-10-26T13:35:44.018Z,buy,1.575e-05,30.0,0.0004725
NXS/BTC,1603719344018,2020-10-26T13:35:44.018Z,buy,1.576e-05,272.0,0.00428672
NXS/BTC,1603719344018,2020-10-26T13:35:44.018Z,buy,1.577e-05,7.0,0.00011039
NXS/BTC,1603719344438,2020-10-26T13:35:44.438Z,sell,1.541e-05,14.0,0.00021574
NXS/BTC,1603719345465,2020-10-26T13:35:45.465Z,buy,1.539e-05,31.0,0.00047709
NXS/BTC,1603719346007,2020-10-26T13:35:46.007Z,buy,1.539e-05,30.0,0.0004617
NXS/BTC,1603719346204,2020-10-26T13:35:46.204Z,buy,1.539e-05,103.0,0.00158517
NXS/BTC,1603719346204,2020-10-26T13:35:46.204Z,buy,1.546e-05,31.0,0.00047926
NXS/BTC,1603719346384,2020-10-26T13:35:46.384Z,buy,1.559e-05,7.0,0.00010913
NXS/BTC,1603719346384,2020-10-26T13:35:46.384Z,buy,1.56e-05,23.0,0.0003588
NXS/BTC,1603719346417,2020-10-26T13:35:46.417Z,sell,1.556e-05,27.0,0.00042012
NXS/BTC,1603719346818,2020-10-26T13:35:46.818Z,buy,1.56e-05,8.0,0.0001248
NXS/BTC,1603719347829,2020-10-26T13:35:47.829Z,buy,1.576e-05,68.0,0.00107168
NXS/BTC,1603719347829,2020-10-26T13:35:47.829Z,buy,1.577e-05,24.0,0.00037848
NXS/BTC,1603719347829,2020-10-26T13:35:47.829Z,buy,1.578e-05,234.0,0.00369252
NXS/BTC,1603719348675,2020-10-26T13:35:48.675Z,sell,1.569e-05,22.0,0.00034518
NXS/BTC,1603719348675,2020-10-26T13:35:48.675Z,sell,1.558e-05,9.0,0.00014022
NXS/BTC,1603719348690,2020-10-26T13:35:48.690Z,sell,1.558e-05,37.0,0.00057646
NXS/BTC,1603719348690,2020-10-26T13:35:48.690Z,sell,1.557e-05,94.0,0.00146358
NXS/BTC,1603719352169,2020-10-26T13:35:52.169Z,buy,1.564e-05,30.0,0.0004691999999999
NXS/BTC,1603719352169,2020-10-26T13:35:52.169Z,buy,1.568e-05,30.0,0.0004703999999999
NXS/BTC,1603719352169,2020-10-26T13:35:52.169Z,buy,1.571e-05,30.0,0.0004713
NXS/BTC,1603719352169,2020-10-26T13:35:52.169Z,buy,1.575e-05,30.0,0.0004725
NXS/BTC,1603719352169,2020-10-26T13:35:52.169Z,buy,1.578e-05,60.0,0.0009468
NXS/BTC,1603719352962,2020-10-26T13:35:52.962Z,sell,1.578e-05,4.0,6.312e-05
NXS/BTC,1603719357003,2020-10-26T13:35:57.003Z,buy,1.578e-05,90.0,0.0014202
NXS/BTC,1603719361461,2020-10-26T13:36:01.461Z,buy,1.579e-05,254.0,0.00401066
NXS/BTC,1603719361776,2020-10-26T13:36:01.776Z,sell,1.569e-05,14.0,0.00021966
NXS/BTC,1603719368296,2020-10-26T13:36:08.296Z,buy,1.579e-05,140.0,0.0022106
NXS/BTC,1603719372095,2020-10-26T13:36:12.095Z,buy,1.579e-05,190.0,0.0030001
NXS/BTC,1603719374648,2020-10-26T13:36:14.648Z,sell,1.569e-05,16.0,0.00025104
NXS/BTC,1603719383724,2020-10-26T13:36:23.724Z,buy,1.569e-05,245.0,0.00384405
NXS/BTC,1603719398744,2020-10-26T13:36:38.744Z,sell,1.565e-05,30.0,0.0004695
NXS/BTC,1603719404870,2020-10-26T13:36:44.870Z,sell,1.564e-05,192.0,0.00300288
NXS/BTC,1603719404870,2020-10-26T13:36:44.870Z,sell,1.562e-05,30.0,0.0004686
NXS/BTC,1603719404870,2020-10-26T13:36:44.870Z,sell,1.558e-05,67.0,0.00104386
NXS/BTC,1603719405322,2020-10-26T13:36:45.322Z,buy,1.565e-05,8.0,0.0001252
NXS/BTC,1603719405322,2020-10-26T13:36:45.322Z,buy,1.569e-05,23.0,0.00036087
NXS/BTC,1603719405322,2020-10-26T13:36:45.322Z,buy,1.571e-05,30.0,0.0004713
NXS/BTC,1603719405322,2020-10-26T13:36:45.322Z,buy,1.575e-05,30.0,0.0004725
NXS/BTC,1603719407854,2020-10-26T13:36:47.854Z,buy,1.564e-05,30.0,0.0004691999999999
NXS/BTC,1603719407854,2020-10-26T13:36:47.854Z,buy,1.568e-05,7.0,0.0001097599999999
NXS/BTC,1603719408271,2020-10-26T13:36:48.271Z,buy,1.568e-05,23.0,0.0003606399999999
NXS/BTC,1603719410290,2020-10-26T13:36:50.290Z,buy,1.578e-05,37.0,0.00058386
NXS/BTC,1603719413083,2020-10-26T13:36:53.083Z,sell,1.569e-05,7.0,0.00010983
NXS/BTC,1603719413083,2020-10-26T13:36:53.083Z,sell,1.566e-05,147.0,0.0023020199999999
NXS/BTC,1603719414953,2020-10-26T13:36:54.953Z,buy,1.578e-05,147.0,0.00231966
NXS/BTC,1603719414953,2020-10-26T13:36:54.953Z,buy,1.579e-05,107.0,0.0016895299999999
NXS/BTC,1603719416382,2020-10-26T13:36:56.382Z,sell,1.566e-05,72.0,0.00112752
NXS/BTC,1603719422844,2020-10-26T13:37:02.844Z,buy,1.575e-05,30.0,0.0004725
NXS/BTC,1603719423138,2020-10-26T13:37:03.138Z,sell,1.575e-05,14.0,0.0002205
NXS/BTC,1603719424974,2020-10-26T13:37:04.974Z,sell,1.575e-05,91.0,0.00143325
NXS/BTC,1603719425997,2020-10-26T13:37:05.997Z,buy,1.577e-05,72.0,0.00113544
NXS/BTC,1603719425997,2020-10-26T13:37:05.997Z,buy,1.578e-05,6.0,9.468e-05
NXS/BTC,1603719426257,2020-10-26T13:37:06.257Z,buy,1.578e-05,239.0,0.00377142
NXS/BTC,1603719429021,2020-10-26T13:37:09.021Z,sell,1.578e-05,78.0,0.00123084
NXS/BTC,1603719429720,2020-10-26T13:37:09.720Z,buy,1.579e-05,15789.0,0.24930831
NXS/BTC,1603719429720,2020-10-26T13:37:09.720Z,buy,1.58e-05,678.0,0.0107124
NXS/BTC,1603719429720,2020-10-26T13:37:09.720Z,buy,1.581e-05,73.0,0.00115413
NXS/BTC,1603719429720,2020-10-26T13:37:09.720Z,buy,1.582e-05,30.0,0.0004746
NXS/BTC,1603719429720,2020-10-26T13:37:09.720Z,buy,1.584e-05,207.0,0.00327888
NXS/BTC,1603719429720,2020-10-26T13:37:09.720Z,buy,1.586e-05,30.0,0.0004758
NXS/BTC,1603719432754,2020-10-26T13:37:12.754Z,buy,1.579e-05,30.0,0.0004736999999999
NXS/BTC,1603719433008,2020-10-26T13:37:13.008Z,sell,1.576e-05,30.0,0.0004728
NXS/BTC,1603719433008,2020-10-26T13:37:13.008Z,sell,1.575e-05,124.0,0.001953
NXS/BTC,1603719433212,2020-10-26T13:37:13.212Z,buy,1.579e-05,2461.0,0.03885919
NXS/BTC,1603719433212,2020-10-26T13:37:13.212Z,buy,1.588e-05,75.0,0.001191
NXS/BTC,1603719433212,2020-10-26T13:37:13.212Z,buy,1.59e-05,40.0,0.000636
NXS/BTC,1603719433212,2020-10-26T13:37:13.212Z,buy,1.591e-05,7.0,0.0001113699999999
NXS/BTC,1603719433212,2020-10-26T13:37:13.212Z,buy,1.593e-05,30.0,0.0004779
NXS/BTC,1603719433212,2020-10-26T13:37:13.212Z,buy,1.595e-05,78.0,0.0012441
NXS/BTC,1603719433212,2020-10-26T13:37:13.212Z,buy,1.597e-05,30.0,0.0004791
NXS/BTC,1603719433212,2020-10-26T13:37:13.212Z,buy,1.599e-05,7.0,0.00011193
NXS/BTC,1603719433516,2020-10-26T13:37:13.516Z,sell,1.599e-05,9.0,0.00014391
NXS/BTC,1603719435634,2020-10-26T13:37:15.634Z,sell,1.599e-05,21.0,0.00033579
NXS/BTC,1603719436079,2020-10-26T13:37:16.079Z,buy,1.582e-05,30.0,0.0004746
NXS/BTC,1603719436170,2020-10-26T13:37:16.170Z,buy,1.586e-05,9.0,0.00014274
NXS/BTC,1603719436979,2020-10-26T13:37:16.979Z,sell,1.591e-05,21.0,0.00033411
NXS/BTC,1603719436979,2020-10-26T13:37:16.979Z,sell,1.587e-05,30.0,0.0004760999999999
NXS/BTC,1603719436979,2020-10-26T13:37:16.979Z,sell,1.573e-05,18.0,0.00028314
NXS/BTC,1603719438253,2020-10-26T13:37:18.253Z,buy,1.6e-05,4780.0,0.0764799999999999
NXS/BTC,1603719440343,2020-10-26T13:37:20.343Z,buy,1.59e-05,30.0,0.000477
NXS/BTC,1603719440343,2020-10-26T13:37:20.343Z,buy,1.593e-05,30.0,0.0004779
NXS/BTC,1603719440343,2020-10-26T13:37:20.343Z,buy,1.597e-05,30.0,0.0004791
NXS/BTC,1603719440343,2020-10-26T13:37:20.343Z,buy,1.6e-05,2452.0,0.0392319999999999
NXS/BTC,1603719440989,2020-10-26T13:37:20.989Z,sell,1.58e-05,30.0,0.000474
NXS/BTC,1603719440989,2020-10-26T13:37:20.989Z,sell,1.576e-05,30.0,0.0004728
NXS/BTC,1603719440989,2020-10-26T13:37:20.989Z,sell,1.573e-05,1.0,1.573e-05
NXS/BTC,1603719443355,2020-10-26T13:37:23.355Z,sell,1.591e-05,30.0,0.0004772999999999
NXS/BTC,1603719443387,2020-10-26T13:37:23.387Z,buy,1.6e-05,16471.0,0.263536
NXS/BTC,1603719443387,2020-10-26T13:37:23.387Z,buy,1.601e-05,30.0,0.0004803
NXS/BTC,1603719443387,2020-10-26T13:37:23.387Z,buy,1.602e-05,81.0,0.00129762
NXS/BTC,1603719443387,2020-10-26T13:37:23.387Z,buy,1.605e-05,30.0,0.0004815
NXS/BTC,1603719443387,2020-10-26T13:37:23.387Z,buy,1.606e-05,7.0,0.0001124199999999
NXS/BTC,1603719443387,2020-10-26T13:37:23.387Z,buy,1.607e-05,108.0,0.00173556
NXS/BTC,1603719443387,2020-10-26T13:37:23.387Z,buy,1.608e-05,1189.0,0.01911912
NXS/BTC,1603719443387,2020-10-26T13:37:23.387Z,buy,1.61e-05,2112.0,0.0340032
NXS/BTC,1603719443566,2020-10-26T13:37:23.566Z,sell,1.587e-05,30.0,0.0004760999999999
NXS/BTC,1603719444941,2020-10-26T13:37:24.941Z,sell,1.584e-05,30.0,0.0004752
NXS/BTC,1603719444941,2020-10-26T13:37:24.941Z,sell,1.574e-05,18.0,0.00028332
NXS/BTC,1603719446138,2020-10-26T13:37:26.138Z,buy,1.593e-05,30.0,0.0004779
NXS/BTC,1603719446413,2020-10-26T13:37:26.413Z,buy,1.597e-05,30.0,0.0004791
NXS/BTC,1603719447630,2020-10-26T13:37:27.630Z,buy,1.609e-05,18.0,0.00028962
NXS/BTC,1603719447630,2020-10-26T13:37:27.630Z,buy,1.61e-05,160.0,0.0025759999999999
NXS/BTC,1603719447630,2020-10-26T13:37:27.630Z,buy,1.612e-05,30.0,0.0004836
NXS/BTC,1603719447630,2020-10-26T13:37:27.630Z,buy,1.613e-05,7.0,0.00011291
NXS/BTC,1603719447630,2020-10-26T13:37:27.630Z,buy,1.614e-05,37.0,0.00059718
NXS/BTC,1603719447630,2020-10-26T13:37:27.630Z,buy,1.616e-05,832.0,0.01344512
NXS/BTC,1603719447630,2020-10-26T13:37:27.630Z,buy,1.617e-05,86.0,0.00139062
NXS/BTC,1603719447630,2020-10-26T13:37:27.630Z,buy,1.619e-05,29.0,0.0004695099999999
NXS/BTC,1603719447630,2020-10-26T13:37:27.630Z,buy,1.62e-05,10.0,0.000162
NXS/BTC,1603719447715,2020-10-26T13:37:27.715Z,sell,1.62e-05,30.0,0.000486
NXS/BTC,1603719449868,2020-10-26T13:37:29.868Z,sell,1.601e-05,18.0,0.00028818
NXS/BTC,1603719450582,2020-10-26T13:37:30.582Z,buy,1.601e-05,12.0,0.00019212
NXS/BTC,1603719450823,2020-10-26T13:37:30.823Z,buy,1.608e-05,29.0,0.0004663199999999
NXS/BTC,1603719451075,2020-10-26T13:37:31.075Z,buy,1.608e-05,1.0,1.608e-05
NXS/BTC,1603719451641,2020-10-26T13:37:31.641Z,buy,1.621e-05,7.0,0.00011347
NXS/BTC,1603719451641,2020-10-26T13:37:31.641Z,buy,1.624e-05,241.0,0.00391384
NXS/BTC,1603719451641,2020-10-26T13:37:31.641Z,buy,1.625e-05,1140.0,0.018525
NXS/BTC,1603719451641,2020-10-26T13:37:31.641Z,buy,1.626e-05,89.0,0.00144714
NXS/BTC,1603719452665,2020-10-26T13:37:32.665Z,sell,1.626e-05,18.0,0.00029268
NXS/BTC,1603719453645,2020-10-26T13:37:33.645Z,sell,1.626e-05,24.0,0.00039024
NXS/BTC,1603719456868,2020-10-26T13:37:36.868Z,buy,1.619e-05,5.0,8.094999999999999e-05
NXS/BTC,1603719456868,2020-10-26T13:37:36.868Z,buy,1.628e-05,36.0,0.00058608
NXS/BTC,1603719456868,2020-10-26T13:37:36.868Z,buy,1.63e-05,9161.0,0.1493243
NXS/BTC,1603719457612,2020-10-26T13:37:37.612Z,buy,1.63e-05,249.0,0.0040587
NXS/BTC,1603719464476,2020-10-26T13:37:44.476Z,buy,1.63e-05,18394.0,0.2998222
NXS/BTC,1603719464476,2020-10-26T13:37:44.476Z,buy,1.631e-05,92.0,0.00150052
NXS/BTC,1603719464476,2020-10-26T13:37:44.476Z,buy,1.632e-05,29.0,0.0004732799999999
NXS/BTC,1603719464476,2020-10-26T13:37:44.476Z,buy,1.636e-05,36.0,0.0005889599999999
NXS/BTC,1603719464476,2020-10-26T13:37:44.476Z,buy,1.638e-05,96.0,0.0015724799999999
NXS/BTC,1603719464476,2020-10-26T13:37:44.476Z,buy,1.639e-05,29.0,0.00047531
NXS/BTC,1603719464476,2020-10-26T13:37:44.476Z,buy,1.64e-05,10.0,0.0001639999999999
NXS/BTC,1603719464476,2020-10-26T13:37:44.476Z,buy,1.643e-05,29.0,0.00047647
NXS/BTC,1603719464476,2020-10-26T13:37:44.476Z,buy,1.644e-05,7.0,0.0001150799999999
NXS/BTC,1603719464476,2020-10-26T13:37:44.476Z,buy,1.645e-05,99.0,0.00162855
NXS/BTC,1603719467997,2020-10-26T13:37:47.997Z,buy,1.647e-05,29.0,0.00047763
NXS/BTC,1603719467997,2020-10-26T13:37:47.997Z,buy,1.649e-05,522.0,0.00860778
NXS/BTC,1603719474402,2020-10-26T13:37:54.402Z,sell,1.64e-05,29.0,0.0004755999999999
NXS/BTC,1603719474402,2020-10-26T13:37:54.402Z,sell,1.637e-05,144.0,0.00235728
NXS/BTC,1603719474439,2020-10-26T13:37:54.439Z,buy,1.647e-05,69.0,0.00113643
NXS/BTC,1603719476014,2020-10-26T13:37:56.014Z,buy,1.646e-05,7.0,0.00011522
NXS/BTC,1603719478747,2020-10-26T13:37:58.747Z,buy,1.646e-05,137.0,0.00225502
NXS/BTC,1603719480029,2020-10-26T13:38:00.029Z,buy,1.645e-05,77.0,0.00126665
NXS/BTC,1603719480029,2020-10-26T13:38:00.029Z,buy,1.647e-05,10848.0,0.17866656
NXS/BTC,1603719480375,2020-10-26T13:38:00.375Z,sell,1.64e-05,14.0,0.0002296
NXS/BTC,1603719481616,2020-10-26T13:38:01.616Z,sell,1.64e-05,210.0,0.0034439999999999
NXS/BTC,1603719481616,2020-10-26T13:38:01.616Z,sell,1.636e-05,29.0,0.0004744399999999
NXS/BTC,1603719481616,2020-10-26T13:38:01.616Z,sell,1.632e-05,29.0,0.0004732799999999
NXS/BTC,1603719481616,2020-10-26T13:38:01.616Z,sell,1.629e-05,29.0,0.00047241
NXS/BTC,1603719481616,2020-10-26T13:38:01.616Z,sell,1.625e-05,29.0,0.0004712499999999
NXS/BTC,1603719481616,2020-10-26T13:38:01.616Z,sell,1.621e-05,29.0,0.00047009
NXS/BTC,1603719481616,2020-10-26T13:38:01.616Z,sell,1.617e-05,29.0,0.00046893
NXS/BTC,1603719481616,2020-10-26T13:38:01.616Z,sell,1.613e-05,22.0,0.00035486
NXS/BTC,1603719484853,2020-10-26T13:38:04.853Z,sell,1.633e-05,18.0,0.00029394
NXS/BTC,1603719486379,2020-10-26T13:38:06.379Z,buy,1.624e-05,29.0,0.00047096
NXS/BTC,1603719486379,2020-10-26T13:38:06.379Z,buy,1.628e-05,11.0,0.00017908
NXS/BTC,1603719486379,2020-10-26T13:38:06.379Z,buy,1.632e-05,29.0,0.0004732799999999
NXS/BTC,1603719486379,2020-10-26T13:38:06.379Z,buy,1.624e-05,29.0,0.00047096
NXS/BTC,1603719486379,2020-10-26T13:38:06.379Z,buy,1.628e-05,11.0,0.00017908
NXS/BTC,1603719486379,2020-10-26T13:38:06.379Z,buy,1.632e-05,29.0,0.0004732799999999
NXS/BTC,1603719486379,2020-10-26T13:38:06.379Z,buy,1.636e-05,29.0,0.0004744399999999
NXS/BTC,1603719486379,2020-10-26T13:38:06.379Z,buy,1.639e-05,29.0,0.00047531
NXS/BTC,1603719486379,2020-10-26T13:38:06.379Z,buy,1.64e-05,127.0,0.0020827999999999
NXS/BTC,1603719488825,2020-10-26T13:38:08.825Z,buy,1.624e-05,29.0,0.00047096
NXS/BTC,1603719489058,2020-10-26T13:38:09.058Z,buy,1.624e-05,29.0,0.00047096
NXS/BTC,1603719489148,2020-10-26T13:38:09.148Z,buy,1.624e-05,29.0,0.00047096
NXS/BTC,1603719490238,2020-10-26T13:38:10.238Z,buy,1.624e-05,726.0,0.01179024
NXS/BTC,1603719490671,2020-10-26T13:38:10.671Z,buy,1.624e-05,125.0,0.00203
NXS/BTC,1603719490801,2020-10-26T13:38:10.801Z,buy,1.624e-05,1502.0,0.02439248
NXS/BTC,1603719490801,2020-10-26T13:38:10.801Z,buy,1.643e-05,29.0,0.00047647
NXS/BTC,1603719491711,2020-10-26T13:38:11.711Z,sell,1.643e-05,29.0,0.00047647
NXS/BTC,1603719491932,2020-10-26T13:38:11.932Z,sell,1.643e-05,29.0,0.00047647
NXS/BTC,1603719492143,2020-10-26T13:38:12.143Z,sell,1.643e-05,29.0,0.00047647
NXS/BTC,1603719494066,2020-10-26T13:38:14.066Z,sell,1.643e-05,174.0,0.00285882
NXS/BTC,1603719494427,2020-10-26T13:38:14.427Z,buy,1.647e-05,124.0,0.00204228
NXS/BTC,1603719497509,2020-10-26T13:38:17.509Z,sell,1.643e-05,18.0,0.00029574
NXS/BTC,1603719499548,2020-10-26T13:38:19.548Z,sell,1.643e-05,32.0,0.00052576
NXS/BTC,1603719500423,2020-10-26T13:38:20.423Z,buy,1.647e-05,13813.0,0.22750011
NXS/BTC,1603719500423,2020-10-26T13:38:20.423Z,buy,1.65e-05,32331.0,0.5334615
NXS/BTC,1603719501825,2020-10-26T13:38:21.825Z,buy,1.65e-05,11.0,0.0001815
NXS/BTC,1603719501825,2020-10-26T13:38:21.825Z,buy,1.651e-05,37.0,0.00061087
NXS/BTC,1603719501825,2020-10-26T13:38:21.825Z,buy,1.652e-05,13.0,0.00021476
NXS/BTC,1603719503258,2020-10-26T13:38:23.258Z,buy,1.652e-05,842.0,0.01390984
NXS/BTC,1603719503877,2020-10-26T13:38:23.877Z,sell,1.654e-05,7.0,0.00011578
NXS/BTC,1603719503899,2020-10-26T13:38:23.899Z,buy,1.655e-05,29.0,0.00047995
NXS/BTC,1603719503899,2020-10-26T13:38:23.899Z,buy,1.658e-05,372.0,0.00616776
NXS/BTC,1603719503899,2020-10-26T13:38:23.899Z,buy,1.659e-05,143.0,0.00237237
NXS/BTC,1603719503899,2020-10-26T13:38:23.899Z,buy,1.66e-05,10.0,0.000166
NXS/BTC,1603719503899,2020-10-26T13:38:23.899Z,buy,1.662e-05,29.0,0.00048198
NXS/BTC,1603719503899,2020-10-26T13:38:23.899Z,buy,1.666e-05,139.0,0.00231574
NXS/BTC,1603719503899,2020-10-26T13:38:23.899Z,buy,1.667e-05,6.0,0.00010002
NXS/BTC,1603719505309,2020-10-26T13:38:25.309Z,buy,1.668e-05,8.0,0.00013344
NXS/BTC,1603719511219,2020-10-26T13:38:31.219Z,sell,1.667e-05,842.0,0.01403614
NXS/BTC,1603719511677,2020-10-26T13:38:31.677Z,buy,1.666e-05,7.0,0.00011662
NXS/BTC,1603719511677,2020-10-26T13:38:31.677Z,buy,1.67e-05,2445.0,0.0408315
NXS/BTC,1603719512775,2020-10-26T13:38:32.775Z,sell,1.659e-05,29.0,0.00048111
NXS/BTC,1603719512775,2020-10-26T13:38:32.775Z,sell,1.655e-05,29.0,0.00047995
NXS/BTC,1603719512775,2020-10-26T13:38:32.775Z,sell,1.652e-05,29.0,0.00047908
NXS/BTC,1603719512775,2020-10-26T13:38:32.775Z,sell,1.648e-05,71.0,0.00117008
NXS/BTC,1603719514614,2020-10-26T13:38:34.614Z,sell,1.663e-05,28.0,0.0004656399999999
NXS/BTC,1603719514614,2020-10-26T13:38:34.614Z,sell,1.648e-05,51.0,0.00084048
NXS/BTC,1603719515027,2020-10-26T13:38:35.027Z,buy,1.67e-05,1242.0,0.0207414
NXS/BTC,1603719519178,2020-10-26T13:38:39.178Z,buy,1.655e-05,29.0,0.00047995
NXS/BTC,1603719519178,2020-10-26T13:38:39.178Z,buy,1.659e-05,14.0,0.0002322599999999
NXS/BTC,1603719519661,2020-10-26T13:38:39.661Z,buy,1.659e-05,15.0,0.00024885
NXS/BTC,1603719519661,2020-10-26T13:38:39.661Z,buy,1.662e-05,29.0,0.00048198
NXS/BTC,1603719519661,2020-10-26T13:38:39.661Z,buy,1.666e-05,29.0,0.00048314
NXS/BTC,1603719519661,2020-10-26T13:38:39.661Z,buy,1.67e-05,2469.0,0.0412323
NXS/BTC,1603719519799,2020-10-26T13:38:39.799Z,sell,1.648e-05,188.0,0.00309824
NXS/BTC,1603719519799,2020-10-26T13:38:39.799Z,sell,1.647e-05,212.0,0.00349164
NXS/BTC,1603719522474,2020-10-26T13:38:42.474Z,sell,1.652e-05,12.0,0.00019824
NXS/BTC,1603719522764,2020-10-26T13:38:42.764Z,buy,1.67e-05,2542.0,0.0424514
NXS/BTC,1603719531000,2020-10-26T13:38:51.000Z,buy,1.67e-05,254.0,0.0042417999999999
NXS/BTC,1603719531895,2020-10-26T13:38:51.895Z,sell,1.659e-05,29.0,0.00048111
NXS/BTC,1603719531895,2020-10-26T13:38:51.895Z,sell,1.655e-05,29.0,0.00047995
NXS/BTC,1603719531895,2020-10-26T13:38:51.895Z,sell,1.652e-05,17.0,0.00028084
NXS/BTC,1603719531895,2020-10-26T13:38:51.895Z,sell,1.648e-05,212.0,0.00349376
NXS/BTC,1603719534176,2020-10-26T13:38:54.176Z,buy,1.648e-05,110.0,0.0018128
NXS/BTC,1603719536279,2020-10-26T13:38:56.279Z,buy,1.655e-05,29.0,0.00047995
NXS/BTC,1603719536279,2020-10-26T13:38:56.279Z,buy,1.659e-05,29.0,0.00048111
NXS/BTC,1603719536279,2020-10-26T13:38:56.279Z,buy,1.662e-05,29.0,0.00048198
NXS/BTC,1603719536279,2020-10-26T13:38:56.279Z,buy,1.666e-05,29.0,0.00048314
NXS/BTC,1603719536279,2020-10-26T13:38:56.279Z,buy,1.668e-05,281.0,0.00468708
NXS/BTC,1603719536279,2020-10-26T13:38:56.279Z,buy,1.669e-05,183.0,0.00305427
NXS/BTC,1603719536279,2020-10-26T13:38:56.279Z,buy,1.67e-05,2414.0,0.0403138
NXS/BTC,1603719539800,2020-10-26T13:38:59.800Z,buy,1.669e-05,118.0,0.00196942
NXS/BTC,1603719539800,2020-10-26T13:38:59.800Z,buy,1.67e-05,15647.0,0.2613049
NXS/BTC,1603719539800,2020-10-26T13:38:59.800Z,buy,1.674e-05,149.0,0.00249426
NXS/BTC,1603719539800,2020-10-26T13:38:59.800Z,buy,1.675e-05,74.0,0.0012395
NXS/BTC,1603719539800,2020-10-26T13:38:59.800Z,buy,1.678e-05,37.0,0.00062086
NXS/BTC,1603719539800,2020-10-26T13:38:59.800Z,buy,1.679e-05,17.0,0.00028543
NXS/BTC,1603719539800,2020-10-26T13:38:59.800Z,buy,1.68e-05,10.0,0.000168
NXS/BTC,1603719543758,2020-10-26T13:39:03.758Z,buy,1.681e-05,127.0,0.00213487
NXS/BTC,1603719543758,2020-10-26T13:39:03.758Z,buy,1.682e-05,35.0,0.0005887
NXS/BTC,1603719543758,2020-10-26T13:39:03.758Z,buy,1.686e-05,29.0,0.00048894
NXS/BTC,1603719543758,2020-10-26T13:39:03.758Z,buy,1.688e-05,130.0,0.0021944
NXS/BTC,1603719543758,2020-10-26T13:39:03.758Z,buy,1.689e-05,1057.0,0.01785273
NXS/BTC,1603719544052,2020-10-26T13:39:04.052Z,sell,1.671e-05,14.0,0.00023394
NXS/BTC,1603719546031,2020-10-26T13:39:06.031Z,buy,1.681e-05,1623.0,0.02728263
NXS/BTC,1603719549168,2020-10-26T13:39:09.168Z,buy,1.681e-05,770.0,0.0129437
NXS/BTC,1603719549168,2020-10-26T13:39:09.168Z,buy,1.69e-05,1005.0,0.0169845
NXS/BTC,1603719553603,2020-10-26T13:39:13.603Z,buy,1.69e-05,254.0,0.0042926
NXS/BTC,1603719555605,2020-10-26T13:39:15.605Z,buy,1.69e-05,387.0,0.0065403
NXS/BTC,1603719557265,2020-10-26T13:39:17.265Z,buy,1.69e-05,16534.0,0.2794246
NXS/BTC,1603719559359,2020-10-26T13:39:19.359Z,buy,1.69e-05,2364.0,0.0399516
NXS/BTC,1603719561237,2020-10-26T13:39:21.237Z,buy,1.69e-05,167.0,0.0028223
NXS/BTC,1603719563726,2020-10-26T13:39:23.726Z,sell,1.683e-05,28.0,0.00047124
NXS/BTC,1603719563726,2020-10-26T13:39:23.726Z,sell,1.679e-05,27.0,0.00045333
NXS/BTC,1603719566106,2020-10-26T13:39:26.106Z,sell,1.679e-05,1.0,1.679e-05
NXS/BTC,1603719566106,2020-10-26T13:39:26.106Z,sell,1.675e-05,28.0,0.000469
NXS/BTC,1603719566106,2020-10-26T13:39:26.106Z,sell,1.671e-05,14.0,0.00023394
NXS/BTC,1603719566106,2020-10-26T13:39:26.106Z,sell,1.67e-05,9.0,0.0001503
NXS/BTC,1603719566106,2020-10-26T13:39:26.106Z,sell,1.667e-05,8.0,0.00013336
NXS/BTC,1603719566114,2020-10-26T13:39:26.114Z,buy,1.69e-05,89.0,0.0015041
NXS/BTC,1603719566161,2020-10-26T13:39:26.161Z,buy,1.69e-05,3404.0,0.0575276
NXS/BTC,1603719568980,2020-10-26T13:39:28.980Z,buy,1.678e-05,28.0,0.0004698399999999
NXS/BTC,1603719568980,2020-10-26T13:39:28.980Z,buy,1.681e-05,9.0,0.00015129
NXS/BTC,1603719568980,2020-10-26T13:39:28.980Z,buy,1.686e-05,28.0,0.00047208
NXS/BTC,1603719568980,2020-10-26T13:39:28.980Z,buy,1.69e-05,2507.0,0.0423683
NXS/BTC,1603719568980,2020-10-26T13:39:28.980Z,buy,1.691e-05,358.0,0.00605378
NXS/BTC,1603719568980,2020-10-26T13:39:28.980Z,buy,1.692e-05,103.0,0.00174276
NXS/BTC,1603719568980,2020-10-26T13:39:28.980Z,buy,1.693e-05,38.0,0.00064334
NXS/BTC,1603719568980,2020-10-26T13:39:28.980Z,buy,1.695e-05,90.0,0.0015255
NXS/BTC,1603719570677,2020-10-26T13:39:30.677Z,buy,1.682e-05,28.0,0.00047096
NXS/BTC,1603719571933,2020-10-26T13:39:31.933Z,buy,1.695e-05,36.0,0.0006102
NXS/BTC,1603719571933,2020-10-26T13:39:31.933Z,buy,1.697e-05,29.0,0.0004921299999999
NXS/BTC,1603719575932,2020-10-26T13:39:35.932Z,buy,1.698e-05,254.0,0.00431292
NXS/BTC,1603719579810,2020-10-26T13:39:39.810Z,buy,1.698e-05,2542.0,0.04316316
NXS/BTC,1603719581733,2020-10-26T13:39:41.733Z,buy,1.698e-05,23719.0,0.40274862
NXS/BTC,1603719581758,2020-10-26T13:39:41.758Z,buy,1.7e-05,20.0,0.00034
NXS/BTC,1603719584194,2020-10-26T13:39:44.194Z,sell,1.698e-05,5989.0,0.10169322
NXS/BTC,1603719586639,2020-10-26T13:39:46.639Z,buy,1.7e-05,775.0,0.013175
NXS/BTC,1603719590836,2020-10-26T13:39:50.836Z,buy,1.698e-05,28.0,0.00047544
NXS/BTC,1603719591017,2020-10-26T13:39:51.017Z,buy,1.698e-05,2542.0,0.04316316
NXS/BTC,1603719592111,2020-10-26T13:39:52.111Z,buy,1.698e-05,17.0,0.00028866
NXS/BTC,1603719593129,2020-10-26T13:39:53.129Z,buy,1.698e-05,42.0,0.00071316
NXS/BTC,1603719594664,2020-10-26T13:39:54.664Z,buy,1.698e-05,1472.0,0.02499456
NXS/BTC,1603719597317,2020-10-26T13:39:57.317Z,buy,1.698e-05,736.0,0.01249728
NXS/BTC,1603719598556,2020-10-26T13:39:58.556Z,buy,1.698e-05,2447.0,0.04155006
NXS/BTC,1603719609455,2020-10-26T13:40:09.455Z,sell,1.697e-05,14.0,0.0002375799999999
NXS/BTC,1603719613037,2020-10-26T13:40:13.037Z,sell,1.697e-05,496.0,0.0084171199999999
NXS/BTC,1603719616903,2020-10-26T13:40:16.903Z,buy,1.698e-05,7610.0,0.1292178
NXS/BTC,1603719617228,2020-10-26T13:40:17.228Z,sell,1.69e-05,175.0,0.0029575
NXS/BTC,1603719617228,2020-10-26T13:40:17.228Z,sell,1.686e-05,28.0,0.00047208
NXS/BTC,1603719617228,2020-10-26T13:40:17.228Z,sell,1.683e-05,103.0,0.00173349
NXS/BTC,1603719618860,2020-10-26T13:40:18.860Z,buy,1.698e-05,17078.0,0.28998444
NXS/BTC,1603719623757,2020-10-26T13:40:23.757Z,buy,1.693e-05,38.0,0.00064334
NXS/BTC,1603719623757,2020-10-26T13:40:23.757Z,buy,1.697e-05,28.0,0.0004751599999999
NXS/BTC,1603719623757,2020-10-26T13:40:23.757Z,buy,1.698e-05,1465.0,0.0248757
NXS/BTC,1603719625553,2020-10-26T13:40:25.553Z,sell,1.693e-05,10.0,0.0001693
NXS/BTC,1603719626877,2020-10-26T13:40:26.877Z,buy,1.698e-05,736.0,0.01249728
NXS/BTC,1603719629407,2020-10-26T13:40:29.407Z,buy,1.698e-05,736.0,0.01249728
NXS/BTC,1603719630498,2020-10-26T13:40:30.498Z,buy,1.698e-05,19160.0,0.3253368
NXS/BTC,1603719630498,2020-10-26T13:40:30.498Z,buy,1.7e-05,11829.0,0.201093
NXS/BTC,1603719635040,2020-10-26T13:40:35.040Z,buy,1.7e-05,23.0,0.000391
NXS/BTC,1603719636243,2020-10-26T13:40:36.243Z,buy,1.7e-05,828.0,0.014076
NXS/BTC,1603719637631,2020-10-26T13:40:37.631Z,sell,1.7e-05,573.0,0.009741
NXS/BTC,1603719638755,2020-10-26T13:40:38.755Z,buy,1.7e-05,422.0,0.007174
NXS/BTC,1603719641719,2020-10-26T13:40:41.719Z,buy,1.7e-05,2941.0,0.049997
NXS/BTC,1603719644270,2020-10-26T13:40:44.270Z,buy,1.7e-05,882.0,0.014994
NXS/BTC,1603719645688,2020-10-26T13:40:45.688Z,sell,1.698e-05,60.0,0.0010188
NXS/BTC,1603719645852,2020-10-26T13:40:45.852Z,buy,1.7e-05,63.0,0.001071
NXS/BTC,1603719646890,2020-10-26T13:40:46.890Z,buy,1.7e-05,735.0,0.012495
NXS/BTC,1603719647769,2020-10-26T13:40:47.769Z,buy,1.7e-05,13954.0,0.2372179999999999
NXS/BTC,1603719650828,2020-10-26T13:40:50.828Z,buy,1.7e-05,652.0,0.011084
NXS/BTC,1603719658875,2020-10-26T13:40:58.875Z,buy,1.7e-05,8823.0,0.1499909999999999
NXS/BTC,1603719659028,2020-10-26T13:40:59.028Z,buy,1.7e-05,195.0,0.003315
NXS/BTC,1603719662472,2020-10-26T13:41:02.472Z,buy,1.7e-05,538.0,0.009146
NXS/BTC,1603719662999,2020-10-26T13:41:02.999Z,sell,1.697e-05,17.0,0.0002884899999999
NXS/BTC,1603719663195,2020-10-26T13:41:03.195Z,sell,1.697e-05,14.0,0.0002375799999999
NXS/BTC,1603719663572,2020-10-26T13:41:03.572Z,buy,1.7e-05,162.0,0.002754
NXS/BTC,1603719664000,2020-10-26T13:41:04.000Z,buy,1.7e-05,302.0,0.005134
NXS/BTC,1603719664463,2020-10-26T13:41:04.463Z,buy,1.7e-05,1470.0,0.02499
NXS/BTC,1603719664473,2020-10-26T13:41:04.473Z,buy,1.7e-05,917.0,0.015589
NXS/BTC,1603719667412,2020-10-26T13:41:07.412Z,buy,1.7e-05,735.0,0.012495
NXS/BTC,1603719670505,2020-10-26T13:41:10.505Z,buy,1.7e-05,705.0,0.0119849999999999
NXS/BTC,1603719673562,2020-10-26T13:41:13.562Z,buy,1.7e-05,735.0,0.012495
NXS/BTC,1603719677102,2020-10-26T13:41:17.102Z,buy,1.7e-05,705.0,0.0119849999999999
NXS/BTC,1603719682094,2020-10-26T13:41:22.094Z,sell,1.697e-05,309.0,0.0052437299999999
NXS/BTC,1603719683897,2020-10-26T13:41:23.897Z,buy,1.697e-05,177.0,0.00300369
NXS/BTC,1603719684094,2020-10-26T13:41:24.094Z,buy,1.697e-05,14.0,0.0002375799999999
NXS/BTC,1603719684185,2020-10-26T13:41:24.185Z,buy,1.7e-05,14037.0,0.238629
NXS/BTC,1603719684185,2020-10-26T13:41:24.185Z,buy,1.701e-05,29.0,0.00049329
NXS/BTC,1603719684185,2020-10-26T13:41:24.185Z,buy,1.702e-05,131.0,0.00222962
NXS/BTC,1603719684185,2020-10-26T13:41:24.185Z,buy,1.705e-05,38.0,0.0006479
NXS/BTC,1603719684185,2020-10-26T13:41:24.185Z,buy,1.706e-05,6.0,0.0001023599999999
NXS/BTC,1603719684185,2020-10-26T13:41:24.185Z,buy,1.708e-05,8.0,0.00013664
NXS/BTC,1603719684185,2020-10-26T13:41:24.185Z,buy,1.709e-05,165.0,0.00281985
NXS/BTC,1603719685096,2020-10-26T13:41:25.096Z,sell,1.709e-05,7.0,0.00011963
NXS/BTC,1603719687690,2020-10-26T13:41:27.690Z,buy,1.71e-05,2452.0,0.0419292
NXS/BTC,1603719688568,2020-10-26T13:41:28.568Z,sell,1.709e-05,184.0,0.00314456
NXS/BTC,1603719690434,2020-10-26T13:41:30.434Z,sell,1.702e-05,28.0,0.00047656
NXS/BTC,1603719690434,2020-10-26T13:41:30.434Z,sell,1.7e-05,176.0,0.002992
NXS/BTC,1603719692233,2020-10-26T13:41:32.233Z,buy,1.7e-05,796.0,0.013532
NXS/BTC,1603719692233,2020-10-26T13:41:32.233Z,buy,1.71e-05,2127.0,0.0363717
NXS/BTC,1603719692245,2020-10-26T13:41:32.245Z,buy,1.71e-05,320.0,0.0054719999999999
NXS/BTC,1603719695232,2020-10-26T13:41:35.232Z,buy,1.709e-05,28.0,0.00047852
NXS/BTC,1603719695232,2020-10-26T13:41:35.232Z,buy,1.71e-05,702.0,0.0120042
NXS/BTC,1603719696332,2020-10-26T13:41:36.332Z,buy,1.71e-05,4347.0,0.0743336999999999
NXS/BTC,1603719698979,2020-10-26T13:41:38.979Z,buy,1.709e-05,730.0,0.0124757
NXS/BTC,1603719703041,2020-10-26T13:41:43.041Z,buy,1.709e-05,124.0,0.00211916
NXS/BTC,1603719704020,2020-10-26T13:41:44.020Z,buy,1.709e-05,45.0,0.00076905
NXS/BTC,1603719704760,2020-10-26T13:41:44.760Z,buy,1.709e-05,1540.0,0.0263186
NXS/BTC,1603719705310,2020-10-26T13:41:45.310Z,buy,1.709e-05,124.0,0.00211916
NXS/BTC,1603719705322,2020-10-26T13:41:45.322Z,buy,1.709e-05,397.0,0.00678473
NXS/BTC,1603719713796,2020-10-26T13:41:53.796Z,sell,1.702e-05,28.0,0.00047656
NXS/BTC,1603719716513,2020-10-26T13:41:56.513Z,buy,1.702e-05,254.0,0.00432308
NXS/BTC,1603719720581,2020-10-26T13:42:00.581Z,sell,1.698e-05,28.0,0.00047544
NXS/BTC,1603719720581,2020-10-26T13:42:00.581Z,sell,1.697e-05,58.0,0.0009842599999999
NXS/BTC,1603719720581,2020-10-26T13:42:00.581Z,sell,1.694e-05,28.0,0.00047432
NXS/BTC,1603719720581,2020-10-26T13:42:00.581Z,sell,1.693e-05,15.0,0.0002539499999999
NXS/BTC,1603719720581,2020-10-26T13:42:00.581Z,sell,1.691e-05,288.0,0.00487008
NXS/BTC,1603719724329,2020-10-26T13:42:04.329Z,buy,1.691e-05,308.0,0.00520828
NXS/BTC,1603719724329,2020-10-26T13:42:04.329Z,buy,1.701e-05,28.0,0.00047628
NXS/BTC,1603719725478,2020-10-26T13:42:05.478Z,sell,1.701e-05,260.0,0.0044226
NXS/BTC,1603719725478,2020-10-26T13:42:05.478Z,sell,1.69e-05,28.0,0.0004732
NXS/BTC,1603719725478,2020-10-26T13:42:05.478Z,sell,1.686e-05,28.0,0.00047208
NXS/BTC,1603719725478,2020-10-26T13:42:05.478Z,sell,1.684e-05,117.0,0.00197028
NXS/BTC,1603719725478,2020-10-26T13:42:05.478Z,sell,1.683e-05,931.0,0.01566873
NXS/BTC,1603719725478,2020-10-26T13:42:05.478Z,sell,1.681e-05,9.0,0.00015129
NXS/BTC,1603719725478,2020-10-26T13:42:05.478Z,sell,1.679e-05,28.0,0.00047012
NXS/BTC,1603719725478,2020-10-26T13:42:05.478Z,sell,1.675e-05,28.0,0.000469
NXS/BTC,1603719725478,2020-10-26T13:42:05.478Z,sell,1.671e-05,28.0,0.00046788
NXS/BTC,1603719725478,2020-10-26T13:42:05.478Z,sell,1.67e-05,9.0,0.0001503
NXS/BTC,1603719725478,2020-10-26T13:42:05.478Z,sell,1.667e-05,20.0,0.0003334
NXS/BTC,1603719725478,2020-10-26T13:42:05.478Z,sell,1.663e-05,28.0,0.0004656399999999
NXS/BTC,1603719725478,2020-10-26T13:42:05.478Z,sell,1.659e-05,29.0,0.00048111
NXS/BTC,1603719725478,2020-10-26T13:42:05.478Z,sell,1.655e-05,29.0,0.00047995
NXS/BTC,1603719725478,2020-10-26T13:42:05.478Z,sell,1.652e-05,29.0,0.00047908
NXS/BTC,1603719725478,2020-10-26T13:42:05.478Z,sell,1.65e-05,2248.0,0.037092
NXS/BTC,1603719725478,2020-10-26T13:42:05.478Z,sell,1.649e-05,736.0,0.01213664
NXS/BTC,1603719725478,2020-10-26T13:42:05.478Z,sell,1.648e-05,29.0,0.00047792
NXS/BTC,1603719725478,2020-10-26T13:42:05.478Z,sell,1.644e-05,29.0,0.0004767599999999
NXS/BTC,1603719725478,2020-10-26T13:42:05.478Z,sell,1.643e-05,901.0,0.01480343
NXS/BTC,1603719725478,2020-10-26T13:42:05.478Z,sell,1.64e-05,179.0,0.0029355999999999
NXS/BTC,1603719725478,2020-10-26T13:42:05.478Z,sell,1.636e-05,29.0,0.0004744399999999
NXS/BTC,1603719725478,2020-10-26T13:42:05.478Z,sell,1.632e-05,29.0,0.0004732799999999
NXS/BTC,1603719725478,2020-10-26T13:42:05.478Z,sell,1.629e-05,29.0,0.00047241
NXS/BTC,1603719725478,2020-10-26T13:42:05.478Z,sell,1.628e-05,608.0,0.0098982399999999
NXS/BTC,1603719725478,2020-10-26T13:42:05.478Z,sell,1.625e-05,29.0,0.0004712499999999
NXS/BTC,1603719725478,2020-10-26T13:42:05.478Z,sell,1.621e-05,29.0,0.00047009
NXS/BTC,1603719725478,2020-10-26T13:42:05.478Z,sell,1.617e-05,29.0,0.00046893
NXS/BTC,1603719725478,2020-10-26T13:42:05.478Z,sell,1.613e-05,759.0,0.01224267
NXS/BTC,1603719725478,2020-10-26T13:42:05.478Z,sell,1.61e-05,28.0,0.0004507999999999
NXS/BTC,1603719725478,2020-10-26T13:42:05.478Z,sell,1.608e-05,15.0,0.0002411999999999
NXS/BTC,1603719725478,2020-10-26T13:42:05.478Z,sell,1.606e-05,30.0,0.0004817999999999
NXS/BTC,1603719725478,2020-10-26T13:42:05.478Z,sell,1.602e-05,30.0,0.0004805999999999
NXS/BTC,1603719725478,2020-10-26T13:42:05.478Z,sell,1.601e-05,494.0,0.00790894
NXS/BTC,1603719725478,2020-10-26T13:42:05.478Z,sell,1.6e-05,690.0,0.01104
NXS/BTC,1603719725478,2020-10-26T13:42:05.478Z,sell,1.599e-05,30.0,0.0004797
NXS/BTC,1603719725478,2020-10-26T13:42:05.478Z,sell,1.595e-05,30.0,0.0004785
NXS/BTC,1603719725478,2020-10-26T13:42:05.478Z,sell,1.591e-05,30.0,0.0004772999999999
NXS/BTC,1603719725478,2020-10-26T13:42:05.478Z,sell,1.587e-05,30.0,0.0004760999999999
NXS/BTC,1603719725478,2020-10-26T13:42:05.478Z,sell,1.586e-05,3042.0,0.04824612
NXS/BTC,1603719725478,2020-10-26T13:42:05.478Z,sell,1.584e-05,30.0,0.0004752
NXS/BTC,1603719725478,2020-10-26T13:42:05.478Z,sell,1.58e-05,30.0,0.000474
NXS/BTC,1603719725478,2020-10-26T13:42:05.478Z,sell,1.578e-05,679.0,0.01071462
NXS/BTC,1603719725867,2020-10-26T13:42:05.867Z,buy,1.645e-05,16.0,0.0002632
NXS/BTC,1603719726593,2020-10-26T13:42:06.593Z,buy,1.645e-05,28.0,0.0004606
NXS/BTC,1603719728234,2020-10-26T13:42:08.234Z,buy,1.638e-05,73.0,0.0011957399999999
NXS/BTC,1603719728234,2020-10-26T13:42:08.234Z,buy,1.639e-05,29.0,0.00047531
NXS/BTC,1603719728234,2020-10-26T13:42:08.234Z,buy,1.643e-05,29.0,0.00047647
NXS/BTC,1603719728234,2020-10-26T13:42:08.234Z,buy,1.646e-05,361.0,0.00594206
NXS/BTC,1603719728338,2020-10-26T13:42:08.338Z,buy,1.646e-05,247.0,0.00406562
NXS/BTC,1603719728338,2020-10-26T13:42:08.338Z,buy,1.647e-05,29.0,0.00047763
NXS/BTC,1603719728338,2020-10-26T13:42:08.338Z,buy,1.651e-05,29.0,0.00047879
NXS/BTC,1603719728338,2020-10-26T13:42:08.338Z,buy,1.659e-05,361.0,0.00598899
NXS/BTC,1603719728338,2020-10-26T13:42:08.338Z,buy,1.688e-05,41.0,0.00069208
NXS/BTC,1603719729245,2020-10-26T13:42:09.245Z,sell,1.622e-05,29.0,0.00047038
NXS/BTC,1603719729596,2020-10-26T13:42:09.596Z,sell,1.622e-05,29.0,0.00047038
NXS/BTC,1603719730540,2020-10-26T13:42:10.540Z,sell,1.622e-05,52.0,0.00084344
NXS/BTC,1603719730906,2020-10-26T13:42:10.906Z,sell,1.622e-05,12.0,0.00019464
NXS/BTC,1603719730906,2020-10-26T13:42:10.906Z,sell,1.619e-05,616.0,0.0099730399999999
NXS/BTC,1603719730906,2020-10-26T13:42:10.906Z,sell,1.613e-05,309.0,0.00498417
NXS/BTC,1603719730906,2020-10-26T13:42:10.906Z,sell,1.601e-05,217.0,0.00347417
NXS/BTC,1603719730906,2020-10-26T13:42:10.906Z,sell,1.6e-05,308.0,0.004928
NXS/BTC,1603719730906,2020-10-26T13:42:10.906Z,sell,1.578e-05,148.0,0.00233544
NXS/BTC,1603719732058,2020-10-26T13:42:12.058Z,sell,1.581e-05,123.0,0.00194463
NXS/BTC,1603719732058,2020-10-26T13:42:12.058Z,sell,1.576e-05,30.0,0.0004728
NXS/BTC,1603719732058,2020-10-26T13:42:12.058Z,sell,1.575e-05,247.0,0.00389025
NXS/BTC,1603719732058,2020-10-26T13:42:12.058Z,sell,1.573e-05,11.0,0.00017303
NXS/BTC,1603719732058,2020-10-26T13:42:12.058Z,sell,1.569e-05,30.0,0.0004707
NXS/BTC,1603719732058,2020-10-26T13:42:12.058Z,sell,1.565e-05,175.0,0.00273875
NXS/BTC,1603719734087,2020-10-26T13:42:14.087Z,buy,1.585e-05,29.0,0.00045965
NXS/BTC,1603719734171,2020-10-26T13:42:14.171Z,sell,1.57e-05,11.0,0.0001727
NXS/BTC,1603719734188,2020-10-26T13:42:14.188Z,buy,1.585e-05,29.0,0.00045965
NXS/BTC,1603719734421,2020-10-26T13:42:14.421Z,buy,1.585e-05,29.0,0.00045965
NXS/BTC,1603719734528,2020-10-26T13:42:14.528Z,buy,1.585e-05,29.0,0.00045965
NXS/BTC,1603719734752,2020-10-26T13:42:14.752Z,buy,1.585e-05,6.0,9.51e-05
NXS/BTC,1603719734752,2020-10-26T13:42:14.752Z,buy,1.586e-05,23.0,0.00036478
NXS/BTC,1603719735025,2020-10-26T13:42:15.025Z,buy,1.585e-05,29.0,0.00045965
NXS/BTC,1603719735296,2020-10-26T13:42:15.296Z,buy,1.582e-05,30.0,0.0004746
NXS/BTC,1603719735296,2020-10-26T13:42:15.296Z,buy,1.585e-05,105.0,0.00166425
NXS/BTC,1603719735296,2020-10-26T13:42:15.296Z,buy,1.586e-05,7.0,0.00011102
NXS/BTC,1603719735296,2020-10-26T13:42:15.296Z,buy,1.59e-05,30.0,0.000477
NXS/BTC,1603719735296,2020-10-26T13:42:15.296Z,buy,1.592e-05,247.0,0.00393224
NXS/BTC,1603719735296,2020-10-26T13:42:15.296Z,buy,1.593e-05,19.0,0.00030267
NXS/BTC,1603719735842,2020-10-26T13:42:15.842Z,sell,1.574e-05,30.0,0.0004721999999999
NXS/BTC,1603719736033,2020-10-26T13:42:16.033Z,sell,1.574e-05,95.0,0.0014952999999999
NXS/BTC,1603719736033,2020-10-26T13:42:16.033Z,sell,1.571e-05,315.0,0.00494865
NXS/BTC,1603719736033,2020-10-26T13:42:16.033Z,sell,1.562e-05,30.0,0.0004686
NXS/BTC,1603719736033,2020-10-26T13:42:16.033Z,sell,1.558e-05,13.0,0.00020254
NXS/BTC,1603719738179,2020-10-26T13:42:18.179Z,buy,1.563e-05,7.0,0.00010941
NXS/BTC,1603719738179,2020-10-26T13:42:18.179Z,buy,1.57e-05,23.0,0.0003611
NXS/BTC,1603719738625,2020-10-26T13:42:18.625Z,buy,1.569e-05,30.0,0.0004707
NXS/BTC,1603719738824,2020-10-26T13:42:18.824Z,buy,1.569e-05,30.0,0.0004707
NXS/BTC,1603719739619,2020-10-26T13:42:19.619Z,sell,1.565e-05,30.0,0.0004695
NXS/BTC,1603719739619,2020-10-26T13:42:19.619Z,sell,1.559e-05,120.0,0.0018708
NXS/BTC,1603719740638,2020-10-26T13:42:20.638Z,buy,1.567e-05,309.0,0.00484203
NXS/BTC,1603719744020,2020-10-26T13:42:24.020Z,buy,1.565e-05,2661.0,0.04164465
NXS/BTC,1603719744020,2020-10-26T13:42:24.020Z,buy,1.567e-05,6.0,9.402e-05
NXS/BTC,1603719744020,2020-10-26T13:42:24.020Z,buy,1.568e-05,30.0,0.0004703999999999
NXS/BTC,1603719744020,2020-10-26T13:42:24.020Z,buy,1.569e-05,65.0,0.00101985
NXS/BTC,1603719744020,2020-10-26T13:42:24.020Z,buy,1.57e-05,199.0,0.0031242999999999
NXS/BTC,1603719744020,2020-10-26T13:42:24.020Z,buy,1.571e-05,30.0,0.0004713
NXS/BTC,1603719744020,2020-10-26T13:42:24.020Z,buy,1.575e-05,30.0,0.0004725
NXS/BTC,1603719744020,2020-10-26T13:42:24.020Z,buy,1.579e-05,30.0,0.0004736999999999
NXS/BTC,1603719744020,2020-10-26T13:42:24.020Z,buy,1.582e-05,30.0,0.0004746
NXS/BTC,1603719744020,2020-10-26T13:42:24.020Z,buy,1.586e-05,30.0,0.0004758
NXS/BTC,1603719747832,2020-10-26T13:42:27.832Z,buy,1.589e-05,120.0,0.0019067999999999
NXS/BTC,1603719747832,2020-10-26T13:42:27.832Z,buy,1.59e-05,30.0,0.000477
NXS/BTC,1603719747832,2020-10-26T13:42:27.832Z,buy,1.593e-05,11.0,0.00017523
NXS/BTC,1603719747832,2020-10-26T13:42:27.832Z,buy,1.594e-05,58.0,0.00092452
NXS/BTC,1603719747832,2020-10-26T13:42:27.832Z,buy,1.597e-05,267.0,0.00426399
NXS/BTC,1603719751864,2020-10-26T13:42:31.864Z,buy,1.595e-05,51.0,0.00081345
NXS/BTC,1603719751864,2020-10-26T13:42:31.864Z,buy,1.597e-05,774.0,0.01236078
NXS/BTC,1603719752229,2020-10-26T13:42:32.229Z,sell,1.597e-05,10.0,0.0001597
NXS/BTC,1603719756601,2020-10-26T13:42:36.601Z,buy,1.599e-05,2258.0,0.03610542
NXS/BTC,1603719756601,2020-10-26T13:42:36.601Z,buy,1.6e-05,1492.0,0.0238719999999999
NXS/BTC,1603719759661,2020-10-26T13:42:39.661Z,buy,1.6e-05,1562.0,0.024992
NXS/BTC,1603719762686,2020-10-26T13:42:42.686Z,buy,1.6e-05,781.0,0.012496
NXS/BTC,1603719763426,2020-10-26T13:42:43.426Z,buy,1.6e-05,5170.0,0.08272
NXS/BTC,1603719765413,2020-10-26T13:42:45.413Z,buy,1.6e-05,1562.0,0.024992
NXS/BTC,1603719769231,2020-10-26T13:42:49.231Z,buy,1.6e-05,3117.0,0.049872
NXS/BTC,1603719775866,2020-10-26T13:42:55.866Z,buy,1.6e-05,3140.0,0.05024
NXS/BTC,1603719778894,2020-10-26T13:42:58.894Z,buy,1.6e-05,3140.0,0.05024
NXS/BTC,1603719782772,2020-10-26T13:43:02.772Z,buy,1.6e-05,1616.0,0.025856
NXS/BTC,1603719782786,2020-10-26T13:43:02.786Z,buy,1.6e-05,3140.0,0.05024
NXS/BTC,1603719788947,2020-10-26T13:43:08.947Z,sell,1.599e-05,308.0,0.00492492
NXS/BTC,1603719792341,2020-10-26T13:43:12.341Z,buy,1.6e-05,2542.0,0.040672
NXS/BTC,1603719794596,2020-10-26T13:43:14.596Z,buy,1.6e-05,863.0,0.0138079999999999
NXS/BTC,1603719794596,2020-10-26T13:43:14.596Z,buy,1.601e-05,30.0,0.0004803
NXS/BTC,1603719794596,2020-10-26T13:43:14.596Z,buy,1.605e-05,30.0,0.0004815
NXS/BTC,1603719794596,2020-10-26T13:43:14.596Z,buy,1.608e-05,30.0,0.0004823999999999
NXS/BTC,1603719794596,2020-10-26T13:43:14.596Z,buy,1.612e-05,30.0,0.0004836
NXS/BTC,1603719794596,2020-10-26T13:43:14.596Z,buy,1.615e-05,309.0,0.00499035
NXS/BTC,1603719794596,2020-10-26T13:43:14.596Z,buy,1.616e-05,798.0,0.01289568
NXS/BTC,1603719797309,2020-10-26T13:43:17.309Z,buy,1.619e-05,29.0,0.0004695099999999
NXS/BTC,1603719797309,2020-10-26T13:43:17.309Z,buy,1.624e-05,29.0,0.00047096
NXS/BTC,1603719797309,2020-10-26T13:43:17.309Z,buy,1.628e-05,1108.0,0.01803824
NXS/BTC,1603719797309,2020-10-26T13:43:17.309Z,buy,1.632e-05,29.0,0.0004732799999999
NXS/BTC,1603719797309,2020-10-26T13:43:17.309Z,buy,1.636e-05,29.0,0.0004744399999999
NXS/BTC,1603719797309,2020-10-26T13:43:17.309Z,buy,1.639e-05,29.0,0.00047531
NXS/BTC,1603719797309,2020-10-26T13:43:17.309Z,buy,1.64e-05,319.0,0.0052315999999999
NXS/BTC,1603719801163,2020-10-26T13:43:21.163Z,buy,1.642e-05,370.0,0.0060754
NXS/BTC,1603719803383,2020-10-26T13:43:23.383Z,buy,1.643e-05,29.0,0.00047647
NXS/BTC,1603719803493,2020-10-26T13:43:23.493Z,buy,1.644e-05,13.0,0.0002137199999999
NXS/BTC,1603719804276,2020-10-26T13:43:24.276Z,sell,1.643e-05,8.0,0.00013144
NXS/BTC,1603719804360,2020-10-26T13:43:24.360Z,buy,1.644e-05,370.0,0.0060827999999999
NXS/BTC,1603719808590,2020-10-26T13:43:28.590Z,buy,1.647e-05,2763.0,0.04550661
NXS/BTC,1603719808590,2020-10-26T13:43:28.590Z,buy,1.65e-05,267.0,0.0044055
NXS/BTC,1603719812321,2020-10-26T13:43:32.321Z,buy,1.65e-05,3391.0,0.0559515
NXS/BTC,1603719812804,2020-10-26T13:43:32.804Z,buy,1.65e-05,3030.0,0.049995
NXS/BTC,1603719815503,2020-10-26T13:43:35.503Z,buy,1.65e-05,3030.0,0.049995
NXS/BTC,1603719817184,2020-10-26T13:43:37.184Z,buy,1.649e-05,402.0,0.00662898
NXS/BTC,1603719817435,2020-10-26T13:43:37.435Z,buy,1.649e-05,45.0,0.00074205
NXS/BTC,1603719820973,2020-10-26T13:43:40.973Z,buy,1.649e-05,1575.0,0.02597175
NXS/BTC,1603719825529,2020-10-26T13:43:45.529Z,buy,1.649e-05,1515.0,0.02498235
NXS/BTC,1603719830686,2020-10-26T13:43:50.686Z,buy,1.65e-05,303.0,0.0049995
NXS/BTC,1603719832961,2020-10-26T13:43:52.961Z,buy,1.649e-05,3030.0,0.0499647
NXS/BTC,1603719835089,2020-10-26T13:43:55.089Z,buy,1.65e-05,773.0,0.0127545
NXS/BTC,1603719835591,2020-10-26T13:43:55.591Z,buy,1.65e-05,21943.0,0.3620595
NXS/BTC,1603719835591,2020-10-26T13:43:55.591Z,buy,1.651e-05,29.0,0.00047879
NXS/BTC,1603719835591,2020-10-26T13:43:55.591Z,buy,1.652e-05,752.0,0.01242304
NXS/BTC,1603719838293,2020-10-26T13:43:58.293Z,sell,1.653e-05,3199.0,0.05287947
NXS/BTC,1603719838293,2020-10-26T13:43:58.293Z,sell,1.652e-05,4121.0,0.06807892
NXS/BTC,1603719840823,2020-10-26T13:44:00.823Z,buy,1.655e-05,29.0,0.00047995
NXS/BTC,1603719840823,2020-10-26T13:44:00.823Z,buy,1.659e-05,37.0,0.00061383
NXS/BTC,1603719840823,2020-10-26T13:44:00.823Z,buy,1.662e-05,29.0,0.00048198
NXS/BTC,1603719840823,2020-10-26T13:44:00.823Z,buy,1.665e-05,48.0,0.0007992
NXS/BTC,1603719840823,2020-10-26T13:44:00.823Z,buy,1.666e-05,29.0,0.00048314
NXS/BTC,1603719840823,2020-10-26T13:44:00.823Z,buy,1.667e-05,6.0,0.00010002
NXS/BTC,1603719840823,2020-10-26T13:44:00.823Z,buy,1.67e-05,28.0,0.0004676
NXS/BTC,1603719840823,2020-10-26T13:44:00.823Z,buy,1.674e-05,34.0,0.00056916
NXS/BTC,1603719840823,2020-10-26T13:44:00.823Z,buy,1.678e-05,28.0,0.0004698399999999
NXS/BTC,1603719845377,2020-10-26T13:44:05.377Z,buy,1.68e-05,17.0,0.0002855999999999
NXS/BTC,1603719848127,2020-10-26T13:44:08.127Z,buy,1.678e-05,2247.0,0.0377046599999999
NXS/BTC,1603719848127,2020-10-26T13:44:08.127Z,buy,1.679e-05,2174.0,0.03650146
NXS/BTC,1603719848127,2020-10-26T13:44:08.127Z,buy,1.681e-05,1058.0,0.01778498
NXS/BTC,1603719848127,2020-10-26T13:44:08.127Z,buy,1.682e-05,34.0,0.00057188
NXS/BTC,1603719848127,2020-10-26T13:44:08.127Z,buy,1.686e-05,28.0,0.00047208
NXS/BTC,1603719848127,2020-10-26T13:44:08.127Z,buy,1.689e-05,736.0,0.0124310399999999
NXS/BTC,1603719848127,2020-10-26T13:44:08.127Z,buy,1.69e-05,35.0,0.0005915
NXS/BTC,1603719848127,2020-10-26T13:44:08.127Z,buy,1.693e-05,37.0,0.00062641
NXS/BTC,1603719848127,2020-10-26T13:44:08.127Z,buy,1.697e-05,28.0,0.0004751599999999
NXS/BTC,1603719848127,2020-10-26T13:44:08.127Z,buy,1.698e-05,6.0,0.00010188
NXS/BTC,1603719852865,2020-10-26T13:44:12.865Z,buy,1.693e-05,17.0,0.00028781
NXS/BTC,1603719852865,2020-10-26T13:44:12.865Z,buy,1.7e-05,1602.0,0.027234
NXS/BTC,1603719853135,2020-10-26T13:44:13.135Z,buy,1.7e-05,8823.0,0.1499909999999999
NXS/BTC,1603719853781,2020-10-26T13:44:13.781Z,buy,1.7e-05,1040.0,0.01768
NXS/BTC,1603719855343,2020-10-26T13:44:15.343Z,sell,1.691e-05,249.0,0.00421059
NXS/BTC,1603719856280,2020-10-26T13:44:16.280Z,buy,1.7e-05,2941.0,0.049997
NXS/BTC,1603719858308,2020-10-26T13:44:18.308Z,buy,1.699e-05,425.0,0.00722075
NXS/BTC,1603719858308,2020-10-26T13:44:18.308Z,buy,1.7e-05,14869.0,0.252773
NXS/BTC,1603719858350,2020-10-26T13:44:18.350Z,buy,1.7e-05,59.0,0.001003
NXS/BTC,1603719858859,2020-10-26T13:44:18.859Z,sell,1.693e-05,62.0,0.00104966
NXS/BTC,1603719860726,2020-10-26T13:44:20.726Z,sell,1.694e-05,399.0,0.00675906
NXS/BTC,1603719860726,2020-10-26T13:44:20.726Z,sell,1.693e-05,4126.0,0.06985318
NXS/BTC,1603719864713,2020-10-26T13:44:24.713Z,buy,1.699e-05,399.0,0.00677901
NXS/BTC,1603719864713,2020-10-26T13:44:24.713Z,buy,1.7e-05,2488.0,0.042296
NXS/BTC,1603719866174,2020-10-26T13:44:26.174Z,sell,1.694e-05,399.0,0.00675906
NXS/BTC,1603719866174,2020-10-26T13:44:26.174Z,sell,1.693e-05,3352.0,0.05674936
NXS/BTC,1603719868016,2020-10-26T13:44:28.016Z,buy,1.691e-05,831.0,0.0140522099999999
NXS/BTC,1603719871449,2020-10-26T13:44:31.449Z,sell,1.69e-05,28.0,0.0004732
NXS/BTC,1603719871449,2020-10-26T13:44:31.449Z,sell,1.686e-05,28.0,0.00047208
NXS/BTC,1603719871449,2020-10-26T13:44:31.449Z,sell,1.683e-05,28.0,0.00047124
NXS/BTC,1603719871449,2020-10-26T13:44:31.449Z,sell,1.681e-05,319.0,0.00536239
NXS/BTC,1603719871784,2020-10-26T13:44:31.784Z,buy,1.691e-05,1663.0,0.02812133
NXS/BTC,1603719882806,2020-10-26T13:44:42.806Z,buy,1.69e-05,128.0,0.0021632
NXS/BTC,1603719882806,2020-10-26T13:44:42.806Z,buy,1.691e-05,118.0,0.0019953799999999
NXS/BTC,1603719882806,2020-10-26T13:44:42.806Z,buy,1.693e-05,37.0,0.00062641
NXS/BTC,1603719882806,2020-10-26T13:44:42.806Z,buy,1.697e-05,28.0,0.0004751599999999
NXS/BTC,1603719882806,2020-10-26T13:44:42.806Z,buy,1.699e-05,454.0,0.00771346
NXS/BTC,1603719882902,2020-10-26T13:44:42.902Z,sell,1.682e-05,117.0,0.00196794
NXS/BTC,1603719882902,2020-10-26T13:44:42.902Z,sell,1.681e-05,269.0,0.00452189
NXS/BTC,1603719887714,2020-10-26T13:44:47.714Z,buy,1.699e-05,526.0,0.00893674
NXS/BTC,1603719887714,2020-10-26T13:44:47.714Z,buy,1.7e-05,14768.0,0.251056
NXS/BTC,1603719890193,2020-10-26T13:44:50.193Z,sell,1.691e-05,192.0,0.00324672
NXS/BTC,1603719891617,2020-10-26T13:44:51.617Z,sell,1.691e-05,207.0,0.0035003699999999
NXS/BTC,1603719891617,2020-10-26T13:44:51.617Z,sell,1.69e-05,628.0,0.0106132
NXS/BTC,1603719892786,2020-10-26T13:44:52.786Z,buy,1.69e-05,448.0,0.0075712
NXS/BTC,1603719892786,2020-10-26T13:44:52.786Z,buy,1.698e-05,399.0,0.00677502
NXS/BTC,1603719892786,2020-10-26T13:44:52.786Z,buy,1.699e-05,10.0,0.0001699
NXS/BTC,1603719892786,2020-10-26T13:44:52.786Z,buy,1.7e-05,7966.0,0.135422
NXS/BTC,1603719895537,2020-10-26T13:44:55.537Z,buy,1.697e-05,28.0,0.0004751599999999
NXS/BTC,1603719895537,2020-10-26T13:44:55.537Z,buy,1.7e-05,8795.0,0.149515
NXS/BTC,1603719898125,2020-10-26T13:44:58.125Z,buy,1.7e-05,2941.0,0.049997
NXS/BTC,1603719899513,2020-10-26T13:44:59.513Z,sell,1.69e-05,28.0,0.0004732
NXS/BTC,1603719899513,2020-10-26T13:44:59.513Z,sell,1.688e-05,649.0,0.01095512
NXS/BTC,1603719902434,2020-10-26T13:45:02.434Z,buy,1.688e-05,606.0,0.01022928
NXS/BTC,1603719902434,2020-10-26T13:45:02.434Z,buy,1.698e-05,399.0,0.00677502
NXS/BTC,1603719902434,2020-10-26T13:45:02.434Z,buy,1.699e-05,250.0,0.0042475
NXS/BTC,1603719902434,2020-10-26T13:45:02.434Z,buy,1.7e-05,1686.0,0.028662
NXS/BTC,1603719905765,2020-10-26T13:45:05.765Z,buy,1.697e-05,28.0,0.0004751599999999
NXS/BTC,1603719905765,2020-10-26T13:45:05.765Z,buy,1.7e-05,3501.0,0.059517
NXS/BTC,1603719908030,2020-10-26T13:45:08.030Z,buy,1.693e-05,1521.0,0.0257505299999999
NXS/BTC,1603719908030,2020-10-26T13:45:08.030Z,buy,1.697e-05,1420.0,0.0240973999999999
NXS/BTC,1603719911032,2020-10-26T13:45:11.032Z,buy,1.697e-05,118.0,0.0020024599999999
NXS/BTC,1603719911032,2020-10-26T13:45:11.032Z,buy,1.7e-05,2823.0,0.047991
NXS/BTC,1603719913932,2020-10-26T13:45:13.932Z,buy,1.7e-05,3529.0,0.059993
NXS/BTC,1603719916215,2020-10-26T13:45:16.215Z,buy,1.7e-05,2941.0,0.049997
NXS/BTC,1603719918953,2020-10-26T13:45:18.953Z,buy,1.7e-05,3411.0,0.057987
NXS/BTC,1603719920705,2020-10-26T13:45:20.705Z,buy,1.7e-05,909.0,0.015453
NXS/BTC,1603719921168,2020-10-26T13:45:21.168Z,buy,1.7e-05,3529.0,0.059993
NXS/BTC,1603719923302,2020-10-26T13:45:23.302Z,buy,1.7e-05,3411.0,0.057987
NXS/BTC,1603719925729,2020-10-26T13:45:25.729Z,buy,1.7e-05,3529.0,0.059993
NXS/BTC,1603719928366,2020-10-26T13:45:28.366Z,buy,1.7e-05,2941.0,0.049997
NXS/BTC,1603719930981,2020-10-26T13:45:30.981Z,buy,1.699e-05,1529.0,0.02597771
NXS/BTC,1603719934988,2020-10-26T13:45:34.988Z,sell,1.691e-05,1614.0,0.02729274
NXS/BTC,1603719937811,2020-10-26T13:45:37.811Z,buy,1.699e-05,2140.0,0.0363586
NXS/BTC,1603719939134,2020-10-26T13:45:39.134Z,buy,1.7e-05,248.0,0.004216
NXS/BTC,1603719939835,2020-10-26T13:45:39.835Z,sell,1.692e-05,2470.0,0.0417924
NXS/BTC,1603719943749,2020-10-26T13:45:43.749Z,buy,1.699e-05,2275.0,0.03865225
NXS/BTC,1603719943749,2020-10-26T13:45:43.749Z,buy,1.7e-05,666.0,0.011322
NXS/BTC,1603719944025,2020-10-26T13:45:44.025Z,sell,1.691e-05,117.0,0.00197847
NXS/BTC,1603719944025,2020-10-26T13:45:44.025Z,sell,1.69e-05,28.0,0.0004732
NXS/BTC,1603719944025,2020-10-26T13:45:44.025Z,sell,1.686e-05,28.0,0.00047208
NXS/BTC,1603719944025,2020-10-26T13:45:44.025Z,sell,1.683e-05,28.0,0.00047124
NXS/BTC,1603719944025,2020-10-26T13:45:44.025Z,sell,1.681e-05,9.0,0.00015129
NXS/BTC,1603719944025,2020-10-26T13:45:44.025Z,sell,1.679e-05,28.0,0.00047012
NXS/BTC,1603719944025,2020-10-26T13:45:44.025Z,sell,1.678e-05,60.0,0.0010068
NXS/BTC,1603719944025,2020-10-26T13:45:44.025Z,sell,1.677e-05,740.0,0.0124098
NXS/BTC,1603719946147,2020-10-26T13:45:46.147Z,buy,1.697e-05,857.0,0.0145432899999999
NXS/BTC,1603719946147,2020-10-26T13:45:46.147Z,buy,1.698e-05,17.0,0.00028866
NXS/BTC,1603719947883,2020-10-26T13:45:47.883Z,sell,1.678e-05,369.0,0.00619182
NXS/BTC,1603719947883,2020-10-26T13:45:47.883Z,sell,1.675e-05,28.0,0.000469
NXS/BTC,1603719947883,2020-10-26T13:45:47.883Z,sell,1.671e-05,28.0,0.00046788
NXS/BTC,1603719947883,2020-10-26T13:45:47.883Z,sell,1.67e-05,9.0,0.0001503
NXS/BTC,1603719947883,2020-10-26T13:45:47.883Z,sell,1.668e-05,494.0,0.00823992
NXS/BTC,1603719947883,2020-10-26T13:45:47.883Z,sell,1.667e-05,28.0,0.00046676
NXS/BTC,1603719947883,2020-10-26T13:45:47.883Z,sell,1.663e-05,28.0,0.0004656399999999
NXS/BTC,1603719947883,2020-10-26T13:45:47.883Z,sell,1.662e-05,630.0,0.0104706
NXS/BTC,1603719948169,2020-10-26T13:45:48.169Z,buy,1.685e-05,60.0,0.001011
NXS/BTC,1603719949269,2020-10-26T13:45:49.269Z,buy,1.685e-05,181.0,0.00304985
NXS/BTC,1603719952142,2020-10-26T13:45:52.142Z,buy,1.67e-05,28.0,0.0004676
NXS/BTC,1603719952142,2020-10-26T13:45:52.142Z,buy,1.674e-05,28.0,0.0004687199999999
NXS/BTC,1603719952142,2020-10-26T13:45:52.142Z,buy,1.678e-05,28.0,0.0004698399999999
NXS/BTC,1603719952142,2020-10-26T13:45:52.142Z,buy,1.68e-05,132.0,0.0022175999999999
NXS/BTC,1603719952142,2020-10-26T13:45:52.142Z,buy,1.681e-05,9.0,0.00015129
NXS/BTC,1603719952142,2020-10-26T13:45:52.142Z,buy,1.682e-05,28.0,0.00047096
NXS/BTC,1603719952142,2020-10-26T13:45:52.142Z,buy,1.684e-05,925.0,0.015577
NXS/BTC,1603719952142,2020-10-26T13:45:52.142Z,buy,1.685e-05,253.0,0.00426305
NXS/BTC,1603719952142,2020-10-26T13:45:52.142Z,buy,1.686e-05,38.0,0.00064068
NXS/BTC,1603719952142,2020-10-26T13:45:52.142Z,buy,1.688e-05,45.0,0.0007596
NXS/BTC,1603719956592,2020-10-26T13:45:56.592Z,buy,1.688e-05,15.0,0.0002532
NXS/BTC,1603719956592,2020-10-26T13:45:56.592Z,buy,1.69e-05,28.0,0.0004732
NXS/BTC,1603719956592,2020-10-26T13:45:56.592Z,buy,1.693e-05,37.0,0.00062641
NXS/BTC,1603719956592,2020-10-26T13:45:56.592Z,buy,1.697e-05,28.0,0.0004751599999999
NXS/BTC,1603719956592,2020-10-26T13:45:56.592Z,buy,1.699e-05,252.0,0.00428148
NXS/BTC,1603719959224,2020-10-26T13:45:59.224Z,buy,1.7e-05,59.0,0.001003
NXS/BTC,1603719961941,2020-10-26T13:46:01.941Z,buy,1.7e-05,213.0,0.003621
NXS/BTC,1603719979932,2020-10-26T13:46:19.932Z,buy,1.7e-05,11612.0,0.197404
NXS/BTC,1603719979932,2020-10-26T13:46:19.932Z,buy,1.701e-05,44.0,0.00074844
NXS/BTC,1603719979932,2020-10-26T13:46:19.932Z,buy,1.702e-05,908.0,0.01545416
NXS/BTC,1603719979932,2020-10-26T13:46:19.932Z,buy,1.703e-05,14.0,0.00023842
NXS/BTC,1603719979932,2020-10-26T13:46:19.932Z,buy,1.705e-05,376.0,0.0064108
NXS/BTC,1603719979932,2020-10-26T13:46:19.932Z,buy,1.706e-05,6.0,0.0001023599999999
NXS/BTC,1603719979932,2020-10-26T13:46:19.932Z,buy,1.709e-05,28.0,0.00047852
NXS/BTC,1603719983581,2020-10-26T13:46:23.581Z,sell,1.702e-05,7.0,0.00011914
NXS/BTC,1603719986668,2020-10-26T13:46:26.668Z,buy,1.709e-05,511.0,0.00873299
NXS/BTC,1603719986668,2020-10-26T13:46:26.668Z,buy,1.71e-05,5336.0,0.0912456
NXS/BTC,1603719989231,2020-10-26T13:46:29.231Z,buy,1.709e-05,358.0,0.00611822
NXS/BTC,1603719989242,2020-10-26T13:46:29.242Z,buy,1.71e-05,2948.0,0.0504108
NXS/BTC,1603719989703,2020-10-26T13:46:29.703Z,buy,1.71e-05,2923.0,0.0499832999999999
NXS/BTC,1603719990286,2020-10-26T13:46:30.286Z,sell,1.709e-05,250.0,0.0042725
NXS/BTC,1603719990772,2020-10-26T13:46:30.772Z,buy,1.71e-05,1599.0,0.0273429
NXS/BTC,1603719991316,2020-10-26T13:46:31.316Z,sell,1.709e-05,175.0,0.00299075
NXS/BTC,1603719991316,2020-10-26T13:46:31.316Z,sell,1.709e-05,175.0,0.00299075
NXS/BTC,1603719991434,2020-10-26T13:46:31.434Z,sell,1.709e-05,270.0,0.0046143
NXS/BTC,1603719991482,2020-10-26T13:46:31.482Z,sell,1.709e-05,12728.0,0.21752152
NXS/BTC,1603719991489,2020-10-26T13:46:31.489Z,buy,1.709e-05,59.0,0.00100831
NXS/BTC,1603719992991,2020-10-26T13:46:32.991Z,sell,1.702e-05,21.0,0.00035742
NXS/BTC,1603719992991,2020-10-26T13:46:32.991Z,sell,1.701e-05,38.0,0.00064638
NXS/BTC,1603719995796,2020-10-26T13:46:35.796Z,buy,1.708e-05,123.0,0.00210084
NXS/BTC,1603719995796,2020-10-26T13:46:35.796Z,buy,1.709e-05,785.0,0.01341565
NXS/BTC,1603720001417,2020-10-26T13:46:41.417Z,buy,1.708e-05,124.0,0.0021179199999999
NXS/BTC,1603720001417,2020-10-26T13:46:41.417Z,buy,1.709e-05,53.0,0.00090577
NXS/BTC,1603720008412,2020-10-26T13:46:48.412Z,buy,1.708e-05,60.0,0.0010248
NXS/BTC,1603720008412,2020-10-26T13:46:48.412Z,buy,1.709e-05,6445.0,0.11014505
NXS/BTC,1603720018751,2020-10-26T13:46:58.751Z,sell,1.699e-05,117.0,0.00198783
NXS/BTC,1603720018751,2020-10-26T13:46:58.751Z,sell,1.698e-05,28.0,0.00047544
NXS/BTC,1603720018751,2020-10-26T13:46:58.751Z,sell,1.694e-05,28.0,0.00047432
NXS/BTC,1603720018751,2020-10-26T13:46:58.751Z,sell,1.693e-05,27.0,0.00045711
NXS/BTC,1603720018751,2020-10-26T13:46:58.751Z,sell,1.69e-05,281.0,0.0047489
NXS/BTC,1603720018751,2020-10-26T13:46:58.751Z,sell,1.689e-05,958.0,0.01618062
NXS/BTC,1603720018751,2020-10-26T13:46:58.751Z,sell,1.688e-05,108.0,0.00182304
NXS/BTC,1603720018751,2020-10-26T13:46:58.751Z,sell,1.686e-05,28.0,0.00047208
NXS/BTC,1603720018751,2020-10-26T13:46:58.751Z,sell,1.683e-05,813.0,0.01368279
NXS/BTC,1603720018751,2020-10-26T13:46:58.751Z,sell,1.681e-05,9.0,0.00015129
NXS/BTC,1603720018751,2020-10-26T13:46:58.751Z,sell,1.679e-05,28.0,0.00047012
NXS/BTC,1603720018751,2020-10-26T13:46:58.751Z,sell,1.675e-05,28.0,0.000469
NXS/BTC,1603720018751,2020-10-26T13:46:58.751Z,sell,1.671e-05,28.0,0.00046788
NXS/BTC,1603720018751,2020-10-26T13:46:58.751Z,sell,1.67e-05,9.0,0.0001503
NXS/BTC,1603720018751,2020-10-26T13:46:58.751Z,sell,1.667e-05,28.0,0.00046676
NXS/BTC,1603720018751,2020-10-26T13:46:58.751Z,sell,1.663e-05,28.0,0.0004656399999999
NXS/BTC,1603720018751,2020-10-26T13:46:58.751Z,sell,1.659e-05,29.0,0.00048111
NXS/BTC,1603720018751,2020-10-26T13:46:58.751Z,sell,1.658e-05,181.0,0.00300098
NXS/BTC,1603720018751,2020-10-26T13:46:58.751Z,sell,1.656e-05,539.0,0.00892584
NXS/BTC,1603720018751,2020-10-26T13:46:58.751Z,sell,1.655e-05,29.0,0.00047995
NXS/BTC,1603720018751,2020-10-26T13:46:58.751Z,sell,1.654e-05,1379.0,0.02280866
NXS/BTC,1603720018751,2020-10-26T13:46:58.751Z,sell,1.653e-05,181.0,0.00299193
NXS/BTC,1603720018751,2020-10-26T13:46:58.751Z,sell,1.652e-05,243.0,0.00401436
NXS/BTC,1603720018751,2020-10-26T13:46:58.751Z,sell,1.65e-05,2222.0,0.036663
NXS/BTC,1603720018751,2020-10-26T13:46:58.751Z,sell,1.649e-05,3762.0,0.06203538
NXS/BTC,1603720018751,2020-10-26T13:46:58.751Z,sell,1.648e-05,29.0,0.00047792
NXS/BTC,1603720018751,2020-10-26T13:46:58.751Z,sell,1.647e-05,150.0,0.0024705
NXS/BTC,1603720018751,2020-10-26T13:46:58.751Z,sell,1.644e-05,29.0,0.0004767599999999
NXS/BTC,1603720018751,2020-10-26T13:46:58.751Z,sell,1.64e-05,29.0,0.0004755999999999
NXS/BTC,1603720019126,2020-10-26T13:46:59.126Z,buy,1.64e-05,710.0,0.011644
NXS/BTC,1603720019534,2020-10-26T13:46:59.534Z,buy,1.64e-05,7.0,0.0001148
NXS/BTC,1603720021481,2020-10-26T13:47:01.481Z,buy,1.639e-05,22.0,0.00036058
NXS/BTC,1603720026168,2020-10-26T13:47:06.168Z,buy,1.638e-05,18.0,0.00029484
NXS/BTC,1603720026655,2020-10-26T13:47:06.655Z,sell,1.636e-05,29.0,0.0004744399999999
NXS/BTC,1603720026655,2020-10-26T13:47:06.655Z,sell,1.632e-05,29.0,0.0004732799999999
NXS/BTC,1603720026655,2020-10-26T13:47:06.655Z,sell,1.629e-05,29.0,0.00047241
NXS/BTC,1603720026655,2020-10-26T13:47:06.655Z,sell,1.625e-05,29.0,0.0004712499999999
NXS/BTC,1603720026655,2020-10-26T13:47:06.655Z,sell,1.621e-05,29.0,0.00047009
NXS/BTC,1603720026655,2020-10-26T13:47:06.655Z,sell,1.617e-05,29.0,0.00046893
