symbol,timestamp,datetime,side,price,amount,btc_volume
NXS/BTC,1594310450331,2020-07-09T16:00:50.331Z,buy,2.206e-05,72.0,0.0015883199999999
NXS/BTC,1594310453030,2020-07-09T16:00:53.030Z,buy,2.208e-05,5.0,0.0001104
NXS/BTC,1594310453030,2020-07-09T16:00:53.030Z,buy,2.209e-05,263.0,0.00580967
NXS/BTC,1594310453030,2020-07-09T16:00:53.030Z,buy,2.21e-05,638.0,0.0140998
NXS/BTC,1594310458826,2020-07-09T16:00:58.826Z,buy,2.207e-05,92.0,0.00203044
NXS/BTC,1594310465938,2020-07-09T16:01:05.938Z,buy,2.207e-05,158.0,0.00348706
NXS/BTC,1594310487764,2020-07-09T16:01:27.764Z,buy,2.207e-05,673.0,0.01485311
NXS/BTC,1594310534185,2020-07-09T16:02:14.185Z,buy,2.211e-05,14.0,0.00030954
NXS/BTC,1594310538520,2020-07-09T16:02:18.520Z,buy,2.212e-05,6.0,0.00013272
NXS/BTC,1594310685161,2020-07-09T16:04:45.161Z,buy,2.215e-05,543.0,0.01202745
NXS/BTC,1594310772891,2020-07-09T16:06:12.891Z,buy,2.215e-05,5.0,0.00011075
NXS/BTC,1594310986703,2020-07-09T16:09:46.703Z,sell,2.212e-05,5.0,0.0001106
NXS/BTC,1594311140733,2020-07-09T16:12:20.733Z,buy,2.21e-05,50.0,0.0011049999999999
NXS/BTC,1594311207119,2020-07-09T16:13:27.119Z,buy,2.213e-05,5.0,0.00011065
NXS/BTC,1594311207119,2020-07-09T16:13:27.119Z,buy,2.215e-05,521.0,0.0115401499999999
NXS/BTC,1594311276755,2020-07-09T16:14:36.755Z,buy,2.215e-05,176.0,0.0038983999999999
NXS/BTC,1594311322478,2020-07-09T16:15:22.478Z,buy,2.216e-05,890.0,0.0197224
NXS/BTC,1594311658391,2020-07-09T16:20:58.391Z,sell,2.216e-05,12.0,0.00026592
NXS/BTC,1594311658391,2020-07-09T16:20:58.391Z,sell,2.213e-05,9.0,0.00019917
NXS/BTC,1594311658391,2020-07-09T16:20:58.391Z,sell,2.212e-05,581.0,0.01285172
NXS/BTC,1594311788339,2020-07-09T16:23:08.339Z,buy,2.211e-05,5.0,0.00011055
NXS/BTC,1594311900296,2020-07-09T16:25:00.296Z,buy,2.211e-05,83.0,0.00183513
NXS/BTC,1594311909984,2020-07-09T16:25:09.984Z,buy,2.217e-05,196.0,0.00434532
NXS/BTC,1594311911338,2020-07-09T16:25:11.338Z,sell,2.217e-05,255.0,0.00565335
NXS/BTC,1594311915837,2020-07-09T16:25:15.837Z,buy,2.218e-05,901.0,0.01998418
NXS/BTC,1594311955390,2020-07-09T16:25:55.390Z,buy,2.218e-05,450.0,0.009981
NXS/BTC,1594312623123,2020-07-09T16:37:03.123Z,sell,2.211e-05,268.0,0.00592548
NXS/BTC,1594312623359,2020-07-09T16:37:03.359Z,sell,2.211e-05,209.0,0.00462099
NXS/BTC,1594313231294,2020-07-09T16:47:11.294Z,buy,2.218e-05,295.0,0.0065431
NXS/BTC,1594313308253,2020-07-09T16:48:28.253Z,sell,2.21e-05,52.0,0.0011492
NXS/BTC,1594313309523,2020-07-09T16:48:29.523Z,sell,2.207e-05,5.0,0.00011035
NXS/BTC,1594313309523,2020-07-09T16:48:29.523Z,sell,2.202e-05,7.0,0.0001541399999999
NXS/BTC,1594313309523,2020-07-09T16:48:29.523Z,sell,2.201e-05,66.0,0.00145266
NXS/BTC,1594313324012,2020-07-09T16:48:44.012Z,buy,2.215e-05,78.0,0.0017277
NXS/BTC,1594313324012,2020-07-09T16:48:44.012Z,buy,2.215e-05,78.0,0.0017277
NXS/BTC,1594314053938,2020-07-09T17:00:53.938Z,sell,2.213e-05,1355.0,0.02998615
NXS/BTC,1594314285364,2020-07-09T17:04:45.364Z,buy,2.215e-05,30.0,0.0006644999999999
NXS/BTC,1594314340483,2020-07-09T17:05:40.483Z,buy,2.215e-05,7.0,0.00015505
NXS/BTC,1594315193707,2020-07-09T17:19:53.707Z,buy,2.215e-05,45.0,0.00099675
NXS/BTC,1594315386727,2020-07-09T17:23:06.727Z,sell,2.214e-05,34.0,0.00075276
NXS/BTC,1594315388514,2020-07-09T17:23:08.514Z,sell,2.214e-05,34.0,0.00075276
NXS/BTC,1594315394445,2020-07-09T17:23:14.445Z,sell,2.214e-05,34.0,0.00075276
NXS/BTC,1594315494342,2020-07-09T17:24:54.342Z,buy,2.215e-05,2156.0,0.0477553999999999
NXS/BTC,1594315704426,2020-07-09T17:28:24.426Z,sell,2.208e-05,14.0,0.0003091199999999
NXS/BTC,1594315718927,2020-07-09T17:28:38.927Z,sell,2.205e-05,7.0,0.00015435
NXS/BTC,1594315719483,2020-07-09T17:28:39.483Z,buy,2.204e-05,19.0,0.00041876
NXS/BTC,1594315720390,2020-07-09T17:28:40.390Z,buy,2.204e-05,10.0,0.0002204
NXS/BTC,1594315721378,2020-07-09T17:28:41.378Z,buy,2.215e-05,5.0,0.00011075
NXS/BTC,1594316844626,2020-07-09T17:47:24.626Z,sell,2.203e-05,6.0,0.00013218
NXS/BTC,1594316851642,2020-07-09T17:47:31.642Z,buy,2.203e-05,17.0,0.00037451
NXS/BTC,1594316851642,2020-07-09T17:47:31.642Z,buy,2.203e-05,17.0,0.00037451
NXS/BTC,1594317270257,2020-07-09T17:54:30.257Z,sell,2.203e-05,5.0,0.00011015
NXS/BTC,1594318152270,2020-07-09T18:09:12.270Z,buy,2.211e-05,1672.0,0.03696792
NXS/BTC,1594318368035,2020-07-09T18:12:48.035Z,sell,2.205e-05,89.0,0.00196245
NXS/BTC,1594318368035,2020-07-09T18:12:48.035Z,sell,2.204e-05,315.0,0.0069425999999999
NXS/BTC,1594318368035,2020-07-09T18:12:48.035Z,sell,2.203e-05,25710.0,0.5663913
NXS/BTC,1594318368035,2020-07-09T18:12:48.035Z,sell,2.202e-05,19.0,0.00041838
NXS/BTC,1594318368035,2020-07-09T18:12:48.035Z,sell,2.201e-05,3727.0,0.08203127
NXS/BTC,1594318368035,2020-07-09T18:12:48.035Z,sell,2.199e-05,11.0,0.00024189
NXS/BTC,1594318368035,2020-07-09T18:12:48.035Z,sell,2.198e-05,168.0,0.00369264
NXS/BTC,1594318368035,2020-07-09T18:12:48.035Z,sell,2.197e-05,8.0,0.00017576
NXS/BTC,1594318390323,2020-07-09T18:13:10.323Z,buy,2.196e-05,21.0,0.00046116
NXS/BTC,1594318401325,2020-07-09T18:13:21.325Z,buy,2.196e-05,19.0,0.00041724
NXS/BTC,1594318808436,2020-07-09T18:20:08.436Z,buy,2.196e-05,450.0,0.009882
NXS/BTC,1594318808456,2020-07-09T18:20:08.456Z,buy,2.196e-05,1681.0,0.03691476
NXS/BTC,1594318808572,2020-07-09T18:20:08.572Z,buy,2.196e-05,5.0,0.0001098
NXS/BTC,1594318809760,2020-07-09T18:20:09.760Z,buy,2.196e-05,8.0,0.00017568
NXS/BTC,1594318823880,2020-07-09T18:20:23.880Z,buy,2.196e-05,325.0,0.007137
NXS/BTC,1594318966171,2020-07-09T18:22:46.171Z,sell,2.194e-05,110.0,0.0024134
NXS/BTC,1594319014460,2020-07-09T18:23:34.460Z,sell,2.194e-05,1816.0,0.03984304
NXS/BTC,1594319014460,2020-07-09T18:23:34.460Z,sell,2.193e-05,20.0,0.0004386
NXS/BTC,1594319018615,2020-07-09T18:23:38.615Z,sell,2.192e-05,3022.0,0.06624224
NXS/BTC,1594319023460,2020-07-09T18:23:43.460Z,sell,2.192e-05,302.0,0.00661984
NXS/BTC,1594319252962,2020-07-09T18:27:32.962Z,buy,2.196e-05,5.0,0.0001098
NXS/BTC,1594319577028,2020-07-09T18:32:57.028Z,sell,2.193e-05,230.0,0.0050439
NXS/BTC,1594319591024,2020-07-09T18:33:11.024Z,sell,2.193e-05,46.0,0.00100878
NXS/BTC,1594319603062,2020-07-09T18:33:23.062Z,sell,2.193e-05,18.0,0.00039474
NXS/BTC,1594319603062,2020-07-09T18:33:23.062Z,sell,2.193e-05,18.0,0.00039474
NXS/BTC,1594321542255,2020-07-09T19:05:42.255Z,buy,2.196e-05,6.0,0.00013176
NXS/BTC,1594321561361,2020-07-09T19:06:01.361Z,buy,2.196e-05,6.0,0.00013176
NXS/BTC,1594321561361,2020-07-09T19:06:01.361Z,buy,2.196e-05,6.0,0.00013176
NXS/BTC,1594323632187,2020-07-09T19:40:32.187Z,sell,2.192e-05,6.0,0.00013152
NXS/BTC,1594323632187,2020-07-09T19:40:32.187Z,sell,2.191e-05,91.0,0.00199381
NXS/BTC,1594323632187,2020-07-09T19:40:32.187Z,sell,2.188e-05,5.0,0.0001094
NXS/BTC,1594323632187,2020-07-09T19:40:32.187Z,sell,2.187e-05,91.0,0.00199017
NXS/BTC,1594323632187,2020-07-09T19:40:32.187Z,sell,2.186e-05,6.0,0.00013116
NXS/BTC,1594323632187,2020-07-09T19:40:32.187Z,sell,2.185e-05,113.0,0.00246905
NXS/BTC,1594323632187,2020-07-09T19:40:32.187Z,sell,2.185e-05,239.0,0.00522215
NXS/BTC,1594323632187,2020-07-09T19:40:32.187Z,sell,2.184e-05,375.0,0.00819
NXS/BTC,1594323632279,2020-07-09T19:40:32.279Z,sell,2.184e-05,501.0,0.01094184
NXS/BTC,1594323908662,2020-07-09T19:45:08.662Z,buy,2.191e-05,53.0,0.0011612299999999
NXS/BTC,1594324383993,2020-07-09T19:53:03.993Z,buy,2.191e-05,101.0,0.00221291
NXS/BTC,1594324384011,2020-07-09T19:53:04.011Z,sell,2.184e-05,579.0,0.01264536
NXS/BTC,1594324607756,2020-07-09T19:56:47.756Z,buy,2.191e-05,47.0,0.00102977
NXS/BTC,1594325119677,2020-07-09T20:05:19.677Z,sell,2.186e-05,55.0,0.0012023
NXS/BTC,1594325119677,2020-07-09T20:05:19.677Z,sell,2.186e-05,55.0,0.0012023
NXS/BTC,1594325316526,2020-07-09T20:08:36.526Z,sell,2.186e-05,16.0,0.00034976
NXS/BTC,1594325316526,2020-07-09T20:08:36.526Z,sell,2.183e-05,29.0,0.00063307
NXS/BTC,1594326651470,2020-07-09T20:30:51.470Z,sell,2.183e-05,76.0,0.0016590799999999
NXS/BTC,1594326651487,2020-07-09T20:30:51.487Z,buy,2.183e-05,174.0,0.00379842
NXS/BTC,1594326660028,2020-07-09T20:31:00.028Z,buy,2.182e-05,14.0,0.00030548
NXS/BTC,1594326662537,2020-07-09T20:31:02.537Z,sell,2.18e-05,6.0,0.0001308
NXS/BTC,1594326663418,2020-07-09T20:31:03.418Z,buy,2.181e-05,4455.0,0.09716355
NXS/BTC,1594326849186,2020-07-09T20:34:09.186Z,buy,2.191e-05,46.0,0.00100786
NXS/BTC,1594326949058,2020-07-09T20:35:49.058Z,buy,2.192e-05,10.0,0.0002192
NXS/BTC,1594327305222,2020-07-09T20:41:45.222Z,sell,2.19e-05,2359.0,0.0516621
NXS/BTC,1594327305222,2020-07-09T20:41:45.222Z,sell,2.186e-05,2917.0,0.06376562
NXS/BTC,1594327305222,2020-07-09T20:41:45.222Z,sell,2.184e-05,1997.0,0.04361448
NXS/BTC,1594327305222,2020-07-09T20:41:45.222Z,sell,2.183e-05,22.0,0.00048026
NXS/BTC,1594327305222,2020-07-09T20:41:45.222Z,sell,2.182e-05,2705.0,0.0590231
NXS/BTC,1594327516299,2020-07-09T20:45:16.299Z,sell,2.184e-05,276.0,0.00602784
NXS/BTC,1594327602114,2020-07-09T20:46:42.114Z,sell,2.181e-05,9008.0,0.19646448
NXS/BTC,1594327602114,2020-07-09T20:46:42.114Z,sell,2.18e-05,992.0,0.0216256
NXS/BTC,1594327756415,2020-07-09T20:49:16.415Z,buy,2.19e-05,11.0,0.0002409
NXS/BTC,1594327972685,2020-07-09T20:52:52.685Z,buy,2.19e-05,101.0,0.0022119
NXS/BTC,1594327972685,2020-07-09T20:52:52.685Z,buy,2.19e-05,101.0,0.0022119
NXS/BTC,1594328908842,2020-07-09T21:08:28.842Z,sell,2.183e-05,17.0,0.00037111
NXS/BTC,1594328909877,2020-07-09T21:08:29.877Z,sell,2.182e-05,805.0,0.0175651
NXS/BTC,1594328953462,2020-07-09T21:09:13.462Z,buy,2.183e-05,27.0,0.00058941
NXS/BTC,1594328956267,2020-07-09T21:09:16.267Z,sell,2.182e-05,5.0,0.0001091
NXS/BTC,1594328963696,2020-07-09T21:09:23.696Z,buy,2.183e-05,5.0,0.00010915
NXS/BTC,1594329153334,2020-07-09T21:12:33.334Z,sell,2.182e-05,246.0,0.00536772
NXS/BTC,1594329456310,2020-07-09T21:17:36.310Z,buy,2.183e-05,958.0,0.02091314
NXS/BTC,1594330238957,2020-07-09T21:30:38.957Z,sell,2.181e-05,1375.0,0.0299887499999999
NXS/BTC,1594330505449,2020-07-09T21:35:05.449Z,buy,2.19e-05,457.0,0.0100083
NXS/BTC,1594330505449,2020-07-09T21:35:05.449Z,buy,2.19e-05,457.0,0.0100083
NXS/BTC,1594332049272,2020-07-09T22:00:49.272Z,sell,2.183e-05,1374.0,0.02999442
NXS/BTC,1594332049272,2020-07-09T22:00:49.272Z,sell,2.181e-05,5.0,0.00010905
NXS/BTC,1594332049272,2020-07-09T22:00:49.272Z,sell,2.179e-05,22.0,0.00047938
NXS/BTC,1594332049272,2020-07-09T22:00:49.272Z,sell,2.178e-05,36.0,0.00078408
NXS/BTC,1594332081727,2020-07-09T22:01:21.727Z,sell,2.181e-05,527.0,0.01149387
NXS/BTC,1594333077600,2020-07-09T22:17:57.600Z,buy,2.185e-05,24.0,0.0005244
NXS/BTC,1594333077845,2020-07-09T22:17:57.845Z,buy,2.185e-05,8.0,0.0001748
NXS/BTC,1594333078270,2020-07-09T22:17:58.270Z,buy,2.185e-05,61.0,0.00133285
NXS/BTC,1594333585856,2020-07-09T22:26:25.856Z,sell,2.185e-05,184.0,0.0040203999999999
NXS/BTC,1594333585856,2020-07-09T22:26:25.856Z,sell,2.185e-05,184.0,0.0040203999999999
NXS/BTC,1594335521720,2020-07-09T22:58:41.720Z,buy,2.187e-05,38.0,0.00083106
NXS/BTC,1594335548705,2020-07-09T22:59:08.705Z,sell,2.187e-05,5.0,0.00010935
NXS/BTC,1594335618971,2020-07-09T23:00:18.971Z,sell,2.186e-05,5.0,0.0001093
NXS/BTC,1594336293437,2020-07-09T23:11:33.437Z,buy,2.188e-05,414.0,0.00905832
NXS/BTC,1594336293437,2020-07-09T23:11:33.437Z,buy,2.188e-05,414.0,0.00905832
NXS/BTC,1594337489713,2020-07-09T23:31:29.713Z,buy,2.188e-05,149.0,0.00326012
NXS/BTC,1594337490433,2020-07-09T23:31:30.433Z,buy,2.188e-05,78.0,0.00170664
NXS/BTC,1594337497972,2020-07-09T23:31:37.972Z,sell,2.188e-05,91.0,0.00199108
NXS/BTC,1594338086340,2020-07-09T23:41:26.340Z,sell,2.188e-05,257.0,0.00562316
NXS/BTC,1594338146048,2020-07-09T23:42:26.048Z,buy,2.191e-05,137.0,0.0030016699999999
NXS/BTC,1594338951542,2020-07-09T23:55:51.542Z,buy,2.191e-05,5.0,0.0001095499999999
NXS/BTC,1594338952056,2020-07-09T23:55:52.056Z,buy,2.191e-05,32.0,0.00070112
NXS/BTC,1594338952305,2020-07-09T23:55:52.305Z,buy,2.191e-05,11.0,0.00024101
NXS/BTC,1594339040316,2020-07-09T23:57:20.316Z,sell,2.189e-05,6.0,0.00013134
NXS/BTC,1594339075312,2020-07-09T23:57:55.312Z,buy,2.191e-05,122.0,0.00267302
NXS/BTC,1594339075312,2020-07-09T23:57:55.312Z,buy,2.192e-05,284.0,0.00622528
NXS/BTC,1594339075332,2020-07-09T23:57:55.332Z,sell,2.193e-05,2495.0,0.0547153499999999
NXS/BTC,1594339172311,2020-07-09T23:59:32.311Z,buy,2.194e-05,5.0,0.0001097
NXS/BTC,1594339172311,2020-07-09T23:59:32.311Z,buy,2.196e-05,1111.0,0.02439756
NXS/BTC,1594339172311,2020-07-09T23:59:32.311Z,buy,2.198e-05,3088.0,0.06787424
NXS/BTC,1594339172311,2020-07-09T23:59:32.311Z,buy,2.199e-05,1226.0,0.02695974
NXS/BTC,1594339172326,2020-07-09T23:59:32.326Z,sell,2.199e-05,1675.0,0.03683325
NXS/BTC,1594339172380,2020-07-09T23:59:32.380Z,sell,2.199e-05,1324.0,0.02911476
NXS/BTC,1594339193905,2020-07-09T23:59:53.905Z,buy,2.199e-05,4000.0,0.08796
NXS/BTC,1594339214677,2020-07-10T00:00:14.677Z,buy,2.199e-05,1200.0,0.026388
NXS/BTC,1594339267849,2020-07-10T00:01:07.849Z,buy,2.199e-05,232.0,0.00510168
NXS/BTC,1594339322761,2020-07-10T00:02:02.761Z,buy,2.199e-05,104.0,0.00228696
NXS/BTC,1594339772754,2020-07-10T00:09:32.754Z,buy,2.199e-05,11.0,0.00024189
NXS/BTC,1594339864136,2020-07-10T00:11:04.136Z,buy,2.199e-05,800.0,0.017592
NXS/BTC,1594339864144,2020-07-10T00:11:04.144Z,sell,2.189e-05,300.0,0.006567
NXS/BTC,1594339864144,2020-07-10T00:11:04.144Z,sell,2.189e-05,300.0,0.006567
NXS/BTC,1594339915751,2020-07-10T00:11:55.751Z,buy,2.199e-05,455.0,0.01000545
NXS/BTC,1594339954530,2020-07-10T00:12:34.530Z,buy,2.199e-05,744.0,0.01636056
NXS/BTC,1594339954530,2020-07-10T00:12:34.530Z,buy,2.2e-05,1326.0,0.029172
NXS/BTC,1594340142958,2020-07-10T00:15:42.958Z,buy,2.2e-05,5.0,0.0001099999999999
NXS/BTC,1594340422734,2020-07-10T00:20:22.734Z,buy,2.2e-05,46.0,0.0010119999999999
NXS/BTC,1594341625538,2020-07-10T00:40:25.538Z,sell,2.197e-05,46.0,0.00101062
NXS/BTC,1594341625538,2020-07-10T00:40:25.538Z,sell,2.188e-05,12.0,0.00026256
NXS/BTC,1594341625538,2020-07-10T00:40:25.538Z,sell,2.186e-05,6.0,0.00013116
NXS/BTC,1594341625538,2020-07-10T00:40:25.538Z,sell,2.185e-05,183.0,0.00399855
NXS/BTC,1594341625538,2020-07-10T00:40:25.538Z,sell,2.183e-05,53.0,0.0011569899999999
NXS/BTC,1594341704960,2020-07-10T00:41:44.960Z,buy,2.195e-05,9.0,0.00019755
NXS/BTC,1594341727557,2020-07-10T00:42:07.557Z,sell,2.197e-05,81.0,0.00177957
NXS/BTC,1594341727557,2020-07-10T00:42:07.557Z,sell,2.197e-05,81.0,0.00177957
NXS/BTC,1594343740600,2020-07-10T01:15:40.600Z,buy,2.198e-05,28.0,0.00061544
NXS/BTC,1594343740600,2020-07-10T01:15:40.600Z,buy,2.199e-05,935.0,0.02056065
NXS/BTC,1594343740600,2020-07-10T01:15:40.600Z,buy,2.2e-05,11741.0,0.258302
NXS/BTC,1594344307206,2020-07-10T01:25:07.206Z,buy,2.199e-05,2749.0,0.06045051
NXS/BTC,1594344307206,2020-07-10T01:25:07.206Z,buy,2.2e-05,701.0,0.015422
NXS/BTC,1594344757097,2020-07-10T01:32:37.097Z,buy,2.2e-05,5.0,0.0001099999999999
NXS/BTC,1594344925897,2020-07-10T01:35:25.897Z,buy,2.2e-05,5.0,0.0001099999999999
NXS/BTC,1594344925897,2020-07-10T01:35:25.897Z,buy,2.2e-05,5.0,0.0001099999999999
NXS/BTC,1594345454491,2020-07-10T01:44:14.491Z,buy,2.2e-05,14.0,0.000308
NXS/BTC,1594345578863,2020-07-10T01:46:18.863Z,buy,2.2e-05,46.0,0.0010119999999999
NXS/BTC,1594345852903,2020-07-10T01:50:52.903Z,buy,2.2e-05,5.0,0.0001099999999999
NXS/BTC,1594347521351,2020-07-10T02:18:41.351Z,buy,2.2e-05,5.0,0.0001099999999999
NXS/BTC,1594347717212,2020-07-10T02:21:57.212Z,buy,2.2e-05,46.0,0.0010119999999999
NXS/BTC,1594347861911,2020-07-10T02:24:21.911Z,buy,2.2e-05,48.0,0.001056
NXS/BTC,1594348485752,2020-07-10T02:34:45.752Z,buy,2.2e-05,13.0,0.000286
NXS/BTC,1594348485752,2020-07-10T02:34:45.752Z,buy,2.2e-05,13.0,0.000286
NXS/BTC,1594350123805,2020-07-10T03:02:03.805Z,sell,2.197e-05,5.0,0.00010985
NXS/BTC,1594350333253,2020-07-10T03:05:33.253Z,sell,2.197e-05,300.0,0.006591
NXS/BTC,1594350735359,2020-07-10T03:12:15.359Z,sell,2.197e-05,54.0,0.00118638
NXS/BTC,1594351990763,2020-07-10T03:33:10.763Z,buy,2.2e-05,8506.0,0.187132
NXS/BTC,1594351990763,2020-07-10T03:33:10.763Z,buy,2.2e-05,8506.0,0.187132
NXS/BTC,1594353218472,2020-07-10T03:53:38.472Z,sell,2.192e-05,7.0,0.00015344
NXS/BTC,1594353295227,2020-07-10T03:54:55.227Z,buy,2.2e-05,36.0,0.000792
NXS/BTC,1594354167179,2020-07-10T04:09:27.179Z,sell,2.192e-05,27.0,0.00059184
NXS/BTC,1594355458709,2020-07-10T04:30:58.709Z,sell,2.192e-05,60.0,0.0013152
NXS/BTC,1594355550168,2020-07-10T04:32:30.168Z,buy,2.2e-05,10598.0,0.233156
NXS/BTC,1594355550168,2020-07-10T04:32:30.168Z,buy,2.2e-05,10598.0,0.233156
NXS/BTC,1594355714293,2020-07-10T04:35:14.293Z,buy,2.2e-05,46.0,0.0010119999999999
NXS/BTC,1594355770887,2020-07-10T04:36:10.887Z,buy,2.2e-05,71.0,0.001562
NXS/BTC,1594356402218,2020-07-10T04:46:42.218Z,buy,2.199e-05,2917.0,0.06414483
NXS/BTC,1594356402218,2020-07-10T04:46:42.218Z,buy,2.2e-05,5032.0,0.110704
NXS/BTC,1594356954602,2020-07-10T04:55:54.602Z,sell,2.192e-05,13.0,0.00028496
NXS/BTC,1594356984705,2020-07-10T04:56:24.705Z,buy,2.192e-05,26.0,0.00056992
NXS/BTC,1594357028298,2020-07-10T04:57:08.298Z,sell,2.188e-05,7.0,0.00015316
NXS/BTC,1594357028313,2020-07-10T04:57:08.313Z,buy,2.188e-05,245.0,0.0053606
NXS/BTC,1594357128199,2020-07-10T04:58:48.199Z,sell,2.187e-05,97.0,0.00212139
NXS/BTC,1594357154898,2020-07-10T04:59:14.898Z,sell,2.186e-05,6.0,0.00013116
NXS/BTC,1594357186854,2020-07-10T04:59:46.854Z,sell,2.186e-05,6.0,0.00013116
NXS/BTC,1594357186854,2020-07-10T04:59:46.854Z,sell,2.183e-05,51.0,0.00111333
NXS/BTC,1594357208802,2020-07-10T05:00:08.802Z,buy,2.183e-05,3.0,6.549e-05
NXS/BTC,1594357358217,2020-07-10T05:02:38.217Z,buy,2.187e-05,13.0,0.0002843099999999
NXS/BTC,1594357358474,2020-07-10T05:02:38.474Z,buy,2.187e-05,10.0,0.0002187
NXS/BTC,1594357396907,2020-07-10T05:03:16.907Z,sell,2.184e-05,2.0,4.368e-05
NXS/BTC,1594357396907,2020-07-10T05:03:16.907Z,sell,2.181e-05,6.0,0.00013086
NXS/BTC,1594357397407,2020-07-10T05:03:17.407Z,sell,2.181e-05,8.0,0.00017448
NXS/BTC,1594357398121,2020-07-10T05:03:18.121Z,sell,2.181e-05,6.0,0.00013086
NXS/BTC,1594357469165,2020-07-10T05:04:29.165Z,sell,2.181e-05,170.0,0.0037077
NXS/BTC,1594357622059,2020-07-10T05:07:02.059Z,sell,2.179e-05,22.0,0.00047938
NXS/BTC,1594357622059,2020-07-10T05:07:02.059Z,sell,2.175e-05,10.0,0.0002175
NXS/BTC,1594357622059,2020-07-10T05:07:02.059Z,sell,2.174e-05,5.0,0.0001086999999999
NXS/BTC,1594357622059,2020-07-10T05:07:02.059Z,sell,2.173e-05,568.0,0.01234264
NXS/BTC,1594357623883,2020-07-10T05:07:03.883Z,buy,2.173e-05,5.0,0.00010865
NXS/BTC,1594357631785,2020-07-10T05:07:11.785Z,buy,2.173e-05,5.0,0.00010865
NXS/BTC,1594358320191,2020-07-10T05:18:40.191Z,buy,2.181e-05,5.0,0.00010905
NXS/BTC,1594358641483,2020-07-10T05:24:01.483Z,buy,2.185e-05,8.0,0.0001748
NXS/BTC,1594358641483,2020-07-10T05:24:01.483Z,buy,2.186e-05,6.0,0.00013116
NXS/BTC,1594358641483,2020-07-10T05:24:01.483Z,buy,2.187e-05,20.0,0.0004374
NXS/BTC,1594358641483,2020-07-10T05:24:01.483Z,buy,2.185e-05,8.0,0.0001748
NXS/BTC,1594358641483,2020-07-10T05:24:01.483Z,buy,2.186e-05,6.0,0.00013116
NXS/BTC,1594358641483,2020-07-10T05:24:01.483Z,buy,2.187e-05,20.0,0.0004374
NXS/BTC,1594359727560,2020-07-10T05:42:07.560Z,sell,2.178e-05,5.0,0.0001089
NXS/BTC,1594359727560,2020-07-10T05:42:07.560Z,sell,2.173e-05,6.0,0.00013038
NXS/BTC,1594359727560,2020-07-10T05:42:07.560Z,sell,2.171e-05,17.0,0.00036907
NXS/BTC,1594359727560,2020-07-10T05:42:07.560Z,sell,2.17e-05,3.0,6.51e-05
NXS/BTC,1594360111972,2020-07-10T05:48:31.972Z,sell,2.174e-05,970.0,0.0210878
NXS/BTC,1594360156168,2020-07-10T05:49:16.168Z,sell,2.173e-05,452.0,0.00982196
NXS/BTC,1594360272579,2020-07-10T05:51:12.579Z,buy,2.186e-05,914.0,0.01998004
NXS/BTC,1594360355489,2020-07-10T05:52:35.489Z,sell,2.171e-05,79.0,0.00171509
NXS/BTC,1594360363903,2020-07-10T05:52:43.903Z,sell,2.171e-05,25.0,0.00054275
NXS/BTC,1594360377079,2020-07-10T05:52:57.079Z,buy,2.178e-05,22.0,0.00047916
NXS/BTC,1594360379930,2020-07-10T05:52:59.930Z,sell,2.17e-05,22.0,0.0004774
NXS/BTC,1594360393416,2020-07-10T05:53:13.416Z,buy,2.171e-05,526.0,0.01141946
NXS/BTC,1594360395071,2020-07-10T05:53:15.071Z,buy,2.171e-05,10.0,0.0002171
NXS/BTC,1594360401880,2020-07-10T05:53:21.880Z,buy,2.171e-05,319.0,0.00692549
NXS/BTC,1594360451195,2020-07-10T05:54:11.195Z,sell,2.169e-05,145.0,0.00314505
NXS/BTC,1594360460416,2020-07-10T05:54:20.416Z,sell,2.169e-05,723.0,0.01568187
NXS/BTC,1594361122059,2020-07-10T06:05:22.059Z,buy,2.186e-05,12.0,0.00026232
NXS/BTC,1594361130100,2020-07-10T06:05:30.100Z,buy,2.187e-05,102.0,0.0022307399999999
NXS/BTC,1594362215972,2020-07-10T06:23:35.972Z,sell,2.183e-05,108.0,0.00235764
NXS/BTC,1594362219974,2020-07-10T06:23:39.974Z,sell,2.173e-05,6.0,0.00013038
NXS/BTC,1594362219974,2020-07-10T06:23:39.974Z,sell,2.171e-05,24.0,0.00052104
NXS/BTC,1594362219974,2020-07-10T06:23:39.974Z,sell,2.173e-05,6.0,0.00013038
NXS/BTC,1594362219974,2020-07-10T06:23:39.974Z,sell,2.171e-05,24.0,0.00052104
NXS/BTC,1594362456647,2020-07-10T06:27:36.647Z,sell,2.173e-05,250.0,0.0054325
NXS/BTC,1594362892384,2020-07-10T06:34:52.384Z,sell,2.18e-05,250.0,0.00545
NXS/BTC,1594363181297,2020-07-10T06:39:41.297Z,buy,2.185e-05,24.0,0.0005244
NXS/BTC,1594363181297,2020-07-10T06:39:41.297Z,buy,2.186e-05,12.0,0.00026232
NXS/BTC,1594363181297,2020-07-10T06:39:41.297Z,buy,2.187e-05,21.0,0.0004592699999999
NXS/BTC,1594363181297,2020-07-10T06:39:41.297Z,buy,2.188e-05,8.0,0.00017504
NXS/BTC,1594363181297,2020-07-10T06:39:41.297Z,buy,2.191e-05,8.0,0.00017528
NXS/BTC,1594363181297,2020-07-10T06:39:41.297Z,buy,2.193e-05,34.0,0.0007456199999999
NXS/BTC,1594363181297,2020-07-10T06:39:41.297Z,buy,2.194e-05,8.0,0.00017552
NXS/BTC,1594363181297,2020-07-10T06:39:41.297Z,buy,2.195e-05,11.0,0.00024145
NXS/BTC,1594363181297,2020-07-10T06:39:41.297Z,buy,2.196e-05,10.0,0.0002196
NXS/BTC,1594363181297,2020-07-10T06:39:41.297Z,buy,2.197e-05,8.0,0.00017576
NXS/BTC,1594363181297,2020-07-10T06:39:41.297Z,buy,2.198e-05,73.0,0.00160454
NXS/BTC,1594363181297,2020-07-10T06:39:41.297Z,buy,2.199e-05,6.0,0.00013194
NXS/BTC,1594363181297,2020-07-10T06:39:41.297Z,buy,2.2e-05,491.0,0.0108019999999999
NXS/BTC,1594363200774,2020-07-10T06:40:00.774Z,buy,2.199e-05,136.0,0.00299064
NXS/BTC,1594363234755,2020-07-10T06:40:34.755Z,buy,2.199e-05,228.0,0.00501372
NXS/BTC,1594363316161,2020-07-10T06:41:56.161Z,sell,2.186e-05,6.0,0.00013116
NXS/BTC,1594363316161,2020-07-10T06:41:56.161Z,sell,2.185e-05,11.0,0.00024035
NXS/BTC,1594363316161,2020-07-10T06:41:56.161Z,sell,2.175e-05,330.0,0.0071775
NXS/BTC,1594363316161,2020-07-10T06:41:56.161Z,sell,2.174e-05,199.0,0.0043262599999999
NXS/BTC,1594363316161,2020-07-10T06:41:56.161Z,sell,2.173e-05,98.0,0.00212954
NXS/BTC,1594363316161,2020-07-10T06:41:56.161Z,sell,2.171e-05,10.0,0.0002171
NXS/BTC,1594363337456,2020-07-10T06:42:17.456Z,buy,2.181e-05,5.0,0.00010905
NXS/BTC,1594363361330,2020-07-10T06:42:41.330Z,buy,2.183e-05,7.0,0.00015281
NXS/BTC,1594363396726,2020-07-10T06:43:16.726Z,buy,2.184e-05,16.0,0.00034944
NXS/BTC,1594363430366,2020-07-10T06:43:50.366Z,buy,2.184e-05,5.0,0.0001092
NXS/BTC,1594363639140,2020-07-10T06:47:19.140Z,buy,2.184e-05,5.0,0.0001092
NXS/BTC,1594364122080,2020-07-10T06:55:22.080Z,buy,2.184e-05,5.0,0.0001092
NXS/BTC,1594364479974,2020-07-10T07:01:19.974Z,buy,2.184e-05,4259.0,0.09301656
NXS/BTC,1594365087489,2020-07-10T07:11:27.489Z,buy,2.185e-05,137.0,0.00299345
NXS/BTC,1594365271413,2020-07-10T07:14:31.413Z,buy,2.186e-05,5.0,0.0001093
NXS/BTC,1594365406509,2020-07-10T07:16:46.509Z,buy,2.186e-05,1.0,2.186e-05
NXS/BTC,1594365513620,2020-07-10T07:18:33.620Z,buy,2.187e-05,92.0,0.00201204
NXS/BTC,1594365513620,2020-07-10T07:18:33.620Z,buy,2.191e-05,13.0,0.0002848299999999
NXS/BTC,1594365513620,2020-07-10T07:18:33.620Z,buy,2.193e-05,199.0,0.0043640699999999
NXS/BTC,1594365513620,2020-07-10T07:18:33.620Z,buy,2.194e-05,8.0,0.00017552
NXS/BTC,1594365559439,2020-07-10T07:19:19.439Z,buy,2.194e-05,3452.0,0.07573688
NXS/BTC,1594365559439,2020-07-10T07:19:19.439Z,buy,2.197e-05,8.0,0.00017576
NXS/BTC,1594365559439,2020-07-10T07:19:19.439Z,buy,2.199e-05,25.0,0.00054975
NXS/BTC,1594365559439,2020-07-10T07:19:19.439Z,buy,2.2e-05,2384.0,0.052448
NXS/BTC,1594365591004,2020-07-10T07:19:51.004Z,buy,2.199e-05,364.0,0.00800436
NXS/BTC,1594365591140,2020-07-10T07:19:51.140Z,buy,2.199e-05,14.0,0.00030786
NXS/BTC,1594365591187,2020-07-10T07:19:51.187Z,buy,2.199e-05,5.0,0.00010995
NXS/BTC,1594365591605,2020-07-10T07:19:51.605Z,buy,2.199e-05,5.0,0.00010995
NXS/BTC,1594365591844,2020-07-10T07:19:51.844Z,buy,2.199e-05,114.0,0.00250686
NXS/BTC,1594365592950,2020-07-10T07:19:52.950Z,buy,2.199e-05,5.0,0.00010995
NXS/BTC,1594365593630,2020-07-10T07:19:53.630Z,buy,2.199e-05,14.0,0.00030786
NXS/BTC,1594365622645,2020-07-10T07:20:22.645Z,buy,2.198e-05,10.0,0.0002198
NXS/BTC,1594365632337,2020-07-10T07:20:32.337Z,buy,2.198e-05,5.0,0.0001099
NXS/BTC,1594365632337,2020-07-10T07:20:32.337Z,buy,2.198e-05,5.0,0.0001099
NXS/BTC,1594366654027,2020-07-10T07:37:34.027Z,buy,2.199e-05,6.0,0.00013194
NXS/BTC,1594366654027,2020-07-10T07:37:34.027Z,buy,2.2e-05,6165.0,0.13563
NXS/BTC,1594366670534,2020-07-10T07:37:50.534Z,buy,2.2e-05,10.0,0.0002199999999999
NXS/BTC,1594366746500,2020-07-10T07:39:06.500Z,buy,2.2e-05,493.0,0.010846
NXS/BTC,1594366773701,2020-07-10T07:39:33.701Z,buy,2.2e-05,10.0,0.0002199999999999
NXS/BTC,1594366798064,2020-07-10T07:39:58.064Z,buy,2.2e-05,5.0,0.0001099999999999
NXS/BTC,1594367148683,2020-07-10T07:45:48.683Z,buy,2.19e-05,5.0,0.0001095
NXS/BTC,1594367241068,2020-07-10T07:47:21.068Z,sell,2.187e-05,249.0,0.00544563
NXS/BTC,1594367241068,2020-07-10T07:47:21.068Z,sell,2.186e-05,6.0,0.00013116
NXS/BTC,1594367241068,2020-07-10T07:47:21.068Z,sell,2.183e-05,5.0,0.00010915
NXS/BTC,1594367241068,2020-07-10T07:47:21.068Z,sell,2.179e-05,106.0,0.00230974
NXS/BTC,1594367241068,2020-07-10T07:47:21.068Z,sell,2.178e-05,467.0,0.01017126
NXS/BTC,1594367241068,2020-07-10T07:47:21.068Z,sell,2.177e-05,18.0,0.00039186
NXS/BTC,1594367241068,2020-07-10T07:47:21.068Z,sell,2.173e-05,98.0,0.00212954
NXS/BTC,1594367241068,2020-07-10T07:47:21.068Z,sell,2.171e-05,201.0,0.00436371
NXS/BTC,1594367241068,2020-07-10T07:47:21.068Z,sell,2.169e-05,3323.0,0.07207587
NXS/BTC,1594367242249,2020-07-10T07:47:22.249Z,buy,2.195e-05,201.0,0.00441195
NXS/BTC,1594367242334,2020-07-10T07:47:22.334Z,sell,2.195e-05,253.0,0.00555335
NXS/BTC,1594367287473,2020-07-10T07:48:07.473Z,buy,2.186e-05,6.0,0.00013116
NXS/BTC,1594367296665,2020-07-10T07:48:16.665Z,buy,2.187e-05,8.0,0.00017496
NXS/BTC,1594367349965,2020-07-10T07:49:09.965Z,buy,2.187e-05,84.0,0.0018370799999999
NXS/BTC,1594367349965,2020-07-10T07:49:09.965Z,buy,2.19e-05,9.0,0.0001971
NXS/BTC,1594367349965,2020-07-10T07:49:09.965Z,buy,2.191e-05,8.0,0.00017528
NXS/BTC,1594367349965,2020-07-10T07:49:09.965Z,buy,2.193e-05,13.0,0.00028509
NXS/BTC,1594367543380,2020-07-10T07:52:23.380Z,buy,2.191e-05,3323.0,0.0728069299999999
NXS/BTC,1594367543380,2020-07-10T07:52:23.380Z,buy,2.193e-05,20.0,0.0004386
NXS/BTC,1594367543380,2020-07-10T07:52:23.380Z,buy,2.194e-05,835.0,0.0183199
NXS/BTC,1594367543380,2020-07-10T07:52:23.380Z,buy,2.195e-05,43.0,0.00094385
NXS/BTC,1594367543380,2020-07-10T07:52:23.380Z,buy,2.196e-05,27.0,0.00059292
NXS/BTC,1594367543380,2020-07-10T07:52:23.380Z,buy,2.197e-05,36.0,0.00079092
NXS/BTC,1594367543380,2020-07-10T07:52:23.380Z,buy,2.199e-05,6.0,0.00013194
NXS/BTC,1594367543380,2020-07-10T07:52:23.380Z,buy,2.2e-05,148594.0,3.269068
NXS/BTC,1594367571391,2020-07-10T07:52:51.391Z,buy,2.2e-05,8627.0,0.189794
NXS/BTC,1594367571391,2020-07-10T07:52:51.391Z,buy,2.201e-05,101.0,0.00222301
NXS/BTC,1594367571391,2020-07-10T07:52:51.391Z,buy,2.203e-05,306.0,0.00674118
NXS/BTC,1594367571391,2020-07-10T07:52:51.391Z,buy,2.204e-05,85.0,0.0018734
NXS/BTC,1594367571391,2020-07-10T07:52:51.391Z,buy,2.206e-05,1116.0,0.02461896
NXS/BTC,1594367571391,2020-07-10T07:52:51.391Z,buy,2.207e-05,8.0,0.00017656
NXS/BTC,1594367571391,2020-07-10T07:52:51.391Z,buy,2.208e-05,25.0,0.000552
NXS/BTC,1594367571391,2020-07-10T07:52:51.391Z,buy,2.209e-05,368.0,0.00812912
NXS/BTC,1594367571391,2020-07-10T07:52:51.391Z,buy,2.21e-05,8.0,0.0001768
NXS/BTC,1594367571391,2020-07-10T07:52:51.391Z,buy,2.212e-05,76448.0,1.6910297600000002
NXS/BTC,1594367571404,2020-07-10T07:52:51.404Z,buy,2.213e-05,1087.0,0.02405531
NXS/BTC,1594367571412,2020-07-10T07:52:51.412Z,buy,2.213e-05,8465.0,0.18733045
NXS/BTC,1594367572026,2020-07-10T07:52:52.026Z,sell,2.212e-05,29.0,0.00064148
NXS/BTC,1594367573042,2020-07-10T07:52:53.042Z,sell,2.212e-05,53.0,0.00117236
NXS/BTC,1594367580567,2020-07-10T07:53:00.567Z,sell,2.212e-05,332.0,0.00734384
NXS/BTC,1594367590641,2020-07-10T07:53:10.641Z,sell,2.2e-05,9.0,0.000198
NXS/BTC,1594367590641,2020-07-10T07:53:10.641Z,sell,2.199e-05,2.0,4.398e-05
NXS/BTC,1594367595107,2020-07-10T07:53:15.107Z,sell,2.2e-05,9.0,0.000198
NXS/BTC,1594367595107,2020-07-10T07:53:15.107Z,sell,2.199e-05,4.0,8.796e-05
NXS/BTC,1594367595107,2020-07-10T07:53:15.107Z,sell,2.196e-05,9.0,0.00019764
NXS/BTC,1594367596161,2020-07-10T07:53:16.161Z,buy,2.209e-05,9.0,0.00019881
NXS/BTC,1594367596161,2020-07-10T07:53:16.161Z,buy,2.21e-05,15.0,0.0003315
NXS/BTC,1594367596161,2020-07-10T07:53:16.161Z,buy,2.213e-05,9334.0,0.20656142
NXS/BTC,1594367596186,2020-07-10T07:53:16.186Z,sell,2.197e-05,9.0,0.00019773
NXS/BTC,1594367596186,2020-07-10T07:53:16.186Z,sell,2.196e-05,746.0,0.01638216
NXS/BTC,1594367615462,2020-07-10T07:53:35.462Z,buy,2.196e-05,46.0,0.00101016
NXS/BTC,1594367617701,2020-07-10T07:53:37.701Z,buy,2.206e-05,9.0,0.0001985399999999
NXS/BTC,1594367624420,2020-07-10T07:53:44.420Z,buy,2.21e-05,54.0,0.0011933999999999
NXS/BTC,1594367647665,2020-07-10T07:54:07.665Z,buy,2.21e-05,284.0,0.0062764
NXS/BTC,1594367647665,2020-07-10T07:54:07.665Z,buy,2.211e-05,289.0,0.00638979
NXS/BTC,1594367658173,2020-07-10T07:54:18.173Z,buy,2.211e-05,5.0,0.00011055
NXS/BTC,1594367668756,2020-07-10T07:54:28.756Z,buy,2.211e-05,5.0,0.00011055
NXS/BTC,1594367668989,2020-07-10T07:54:28.989Z,buy,2.211e-05,5.0,0.00011055
NXS/BTC,1594367670893,2020-07-10T07:54:30.893Z,buy,2.212e-05,6.0,0.00013272
NXS/BTC,1594367672028,2020-07-10T07:54:32.028Z,buy,2.213e-05,14.0,0.00030982
NXS/BTC,1594367673245,2020-07-10T07:54:33.245Z,buy,2.213e-05,5.0,0.00011065
NXS/BTC,1594367673948,2020-07-10T07:54:33.948Z,buy,2.213e-05,5.0,0.00011065
NXS/BTC,1594367674160,2020-07-10T07:54:34.160Z,buy,2.213e-05,14.0,0.00030982
NXS/BTC,1594367675727,2020-07-10T07:54:35.727Z,buy,2.213e-05,316.0,0.00699308
NXS/BTC,1594367675930,2020-07-10T07:54:35.930Z,buy,2.213e-05,10.0,0.0002213
NXS/BTC,1594367684424,2020-07-10T07:54:44.424Z,buy,2.213e-05,10.0,0.0002213
NXS/BTC,1594367688746,2020-07-10T07:54:48.746Z,sell,2.212e-05,4.0,8.848e-05
NXS/BTC,1594367688746,2020-07-10T07:54:48.746Z,sell,2.199e-05,6.0,0.00013194
NXS/BTC,1594367688746,2020-07-10T07:54:48.746Z,sell,2.193e-05,44.0,0.00096492
NXS/BTC,1594367911629,2020-07-10T07:58:31.629Z,sell,2.2e-05,62.0,0.001364
NXS/BTC,1594367962897,2020-07-10T07:59:22.897Z,buy,2.209e-05,16.0,0.00035344
NXS/BTC,1594367962897,2020-07-10T07:59:22.897Z,buy,2.211e-05,38.0,0.00084018
NXS/BTC,1594367962897,2020-07-10T07:59:22.897Z,buy,2.212e-05,6.0,0.00013272
NXS/BTC,1594368028882,2020-07-10T08:00:28.882Z,buy,2.212e-05,6.0,0.00013272
NXS/BTC,1594368523289,2020-07-10T08:08:43.289Z,buy,2.21e-05,54.0,0.0011933999999999
NXS/BTC,1594368589261,2020-07-10T08:09:49.261Z,buy,2.209e-05,54.0,0.00119286
NXS/BTC,1594368679897,2020-07-10T08:11:19.897Z,sell,2.195e-05,12.0,0.0002634
NXS/BTC,1594368679897,2020-07-10T08:11:19.897Z,sell,2.192e-05,39.0,0.00085488
NXS/BTC,1594368679897,2020-07-10T08:11:19.897Z,sell,2.191e-05,11.0,0.00024101
NXS/BTC,1594368679897,2020-07-10T08:11:19.897Z,sell,2.19e-05,46.0,0.0010074
NXS/BTC,1594368694725,2020-07-10T08:11:34.725Z,buy,2.203e-05,8.0,0.00017624
NXS/BTC,1594368697678,2020-07-10T08:11:37.678Z,buy,2.204e-05,28.0,0.00061712
NXS/BTC,1594368697678,2020-07-10T08:11:37.678Z,buy,2.206e-05,26.0,0.00057356
NXS/BTC,1594368731360,2020-07-10T08:12:11.360Z,sell,2.192e-05,54.0,0.00118368
NXS/BTC,1594369118367,2020-07-10T08:18:38.367Z,sell,2.19e-05,250.0,0.005475
NXS/BTC,1594369133312,2020-07-10T08:18:53.312Z,sell,2.19e-05,9.0,0.0001971
NXS/BTC,1594369149310,2020-07-10T08:19:09.310Z,sell,2.19e-05,186.0,0.0040734
NXS/BTC,1594369149310,2020-07-10T08:19:09.310Z,sell,2.188e-05,14.0,0.00030632
NXS/BTC,1594369149310,2020-07-10T08:19:09.310Z,sell,2.187e-05,91.0,0.00199017
NXS/BTC,1594369149310,2020-07-10T08:19:09.310Z,sell,2.186e-05,267.0,0.00583662
NXS/BTC,1594369149310,2020-07-10T08:19:09.310Z,sell,2.19e-05,186.0,0.0040734
NXS/BTC,1594369149310,2020-07-10T08:19:09.310Z,sell,2.188e-05,14.0,0.00030632
NXS/BTC,1594369149310,2020-07-10T08:19:09.310Z,sell,2.187e-05,91.0,0.00199017
NXS/BTC,1594369149310,2020-07-10T08:19:09.310Z,sell,2.186e-05,267.0,0.00583662
NXS/BTC,1594369282197,2020-07-10T08:21:22.197Z,buy,2.198e-05,16.0,0.00035168
NXS/BTC,1594369395992,2020-07-10T08:23:15.992Z,buy,2.198e-05,182.0,0.00400036
NXS/BTC,1594369735954,2020-07-10T08:28:55.954Z,buy,2.199e-05,6.0,0.00013194
NXS/BTC,1594369745832,2020-07-10T08:29:05.832Z,buy,2.201e-05,54.0,0.00118854
NXS/BTC,1594369759195,2020-07-10T08:29:19.195Z,buy,2.201e-05,5.0,0.00011005
NXS/BTC,1594369760414,2020-07-10T08:29:20.414Z,buy,2.2e-05,54.0,0.001188
NXS/BTC,1594369760414,2020-07-10T08:29:20.414Z,buy,2.201e-05,460.0,0.0101246
NXS/BTC,1594370046820,2020-07-10T08:34:06.820Z,sell,2.198e-05,5.0,0.0001099
NXS/BTC,1594370046820,2020-07-10T08:34:06.820Z,sell,2.189e-05,7.0,0.00015323
NXS/BTC,1594370046820,2020-07-10T08:34:06.820Z,sell,2.188e-05,42.0,0.00091896
NXS/BTC,1594370060578,2020-07-10T08:34:20.578Z,buy,2.203e-05,42.0,0.00092526
NXS/BTC,1594370060578,2020-07-10T08:34:20.578Z,buy,2.205e-05,17.0,0.00037485
NXS/BTC,1594370075123,2020-07-10T08:34:35.123Z,buy,2.205e-05,5.0,0.00011025
NXS/BTC,1594370075989,2020-07-10T08:34:35.989Z,buy,2.205e-05,5.0,0.00011025
NXS/BTC,1594370077173,2020-07-10T08:34:37.173Z,buy,2.205e-05,5.0,0.00011025
NXS/BTC,1594370158097,2020-07-10T08:35:58.097Z,buy,2.205e-05,46.0,0.0010143
NXS/BTC,1594370158272,2020-07-10T08:35:58.272Z,buy,2.205e-05,10.0,0.0002205
NXS/BTC,1594370595071,2020-07-10T08:43:15.071Z,sell,2.202e-05,46.0,0.00101292
NXS/BTC,1594370595071,2020-07-10T08:43:15.071Z,sell,2.193e-05,12.0,0.0002631599999999
NXS/BTC,1594370595071,2020-07-10T08:43:15.071Z,sell,2.187e-05,91.0,0.00199017
NXS/BTC,1594370595071,2020-07-10T08:43:15.071Z,sell,2.186e-05,6.0,0.00013116
NXS/BTC,1594370595071,2020-07-10T08:43:15.071Z,sell,2.185e-05,619.0,0.01352515
NXS/BTC,1594370595071,2020-07-10T08:43:15.071Z,sell,2.184e-05,23.0,0.00050232
NXS/BTC,1594370595071,2020-07-10T08:43:15.071Z,sell,2.183e-05,303.0,0.00661449
NXS/BTC,1594370595071,2020-07-10T08:43:15.071Z,sell,2.179e-05,219.0,0.00477201
NXS/BTC,1594370616721,2020-07-10T08:43:36.721Z,sell,2.197e-05,46.0,0.00101062
NXS/BTC,1594370684129,2020-07-10T08:44:44.129Z,sell,2.192e-05,11.0,0.00024112
NXS/BTC,1594371239107,2020-07-10T08:53:59.107Z,buy,2.199e-05,43.0,0.00094557
NXS/BTC,1594371439710,2020-07-10T08:57:19.710Z,buy,2.198e-05,5.0,0.0001099
NXS/BTC,1594371828343,2020-07-10T09:03:48.343Z,sell,2.192e-05,614.0,0.01345888
NXS/BTC,1594371899196,2020-07-10T09:04:59.196Z,buy,2.191e-05,16.0,0.00035056
NXS/BTC,1594372448322,2020-07-10T09:14:08.322Z,buy,2.191e-05,1.0,2.191e-05
NXS/BTC,1594372602135,2020-07-10T09:16:42.135Z,buy,2.192e-05,21.0,0.00046032
NXS/BTC,1594372602135,2020-07-10T09:16:42.135Z,buy,2.192e-05,21.0,0.00046032
NXS/BTC,1594372867240,2020-07-10T09:21:07.240Z,buy,2.192e-05,478.0,0.01047776
NXS/BTC,1594372885462,2020-07-10T09:21:25.462Z,sell,2.191e-05,4.0,8.764e-05
NXS/BTC,1594372885462,2020-07-10T09:21:25.462Z,sell,2.189e-05,5.0,0.0001094499999999
NXS/BTC,1594372885462,2020-07-10T09:21:25.462Z,sell,2.187e-05,91.0,0.00199017
NXS/BTC,1594372885462,2020-07-10T09:21:25.462Z,sell,2.186e-05,6.0,0.00013116
NXS/BTC,1594372885462,2020-07-10T09:21:25.462Z,sell,2.185e-05,692.0,0.0151201999999999
NXS/BTC,1594373134807,2020-07-10T09:25:34.807Z,buy,2.199e-05,85.0,0.00186915
NXS/BTC,1594373302053,2020-07-10T09:28:22.053Z,buy,2.2e-05,14.0,0.000308
NXS/BTC,1594373818886,2020-07-10T09:36:58.886Z,buy,2.189e-05,94.0,0.00205766
NXS/BTC,1594373877571,2020-07-10T09:37:57.571Z,sell,2.189e-05,87.0,0.00190443
NXS/BTC,1594373877571,2020-07-10T09:37:57.571Z,sell,2.187e-05,168.0,0.0036741599999999
NXS/BTC,1594373877571,2020-07-10T09:37:57.571Z,sell,2.186e-05,6.0,0.00013116
NXS/BTC,1594373877571,2020-07-10T09:37:57.571Z,sell,2.185e-05,9257.0,0.2022654499999999
NXS/BTC,1594375608751,2020-07-10T10:06:48.751Z,buy,2.197e-05,86.0,0.00188942
NXS/BTC,1594375613938,2020-07-10T10:06:53.938Z,buy,2.199e-05,6.0,0.00013194
NXS/BTC,1594375613938,2020-07-10T10:06:53.938Z,buy,2.2e-05,16.0,0.000352
NXS/BTC,1594375613938,2020-07-10T10:06:53.938Z,buy,2.201e-05,52.0,0.00114452
NXS/BTC,1594375613938,2020-07-10T10:06:53.938Z,buy,2.199e-05,6.0,0.00013194
NXS/BTC,1594375613938,2020-07-10T10:06:53.938Z,buy,2.2e-05,16.0,0.000352
NXS/BTC,1594375613938,2020-07-10T10:06:53.938Z,buy,2.201e-05,52.0,0.00114452
NXS/BTC,1594376446750,2020-07-10T10:20:46.750Z,buy,2.201e-05,265.0,0.00583265
NXS/BTC,1594376468434,2020-07-10T10:21:08.434Z,sell,2.201e-05,5.0,0.00011005
NXS/BTC,1594376559103,2020-07-10T10:22:39.103Z,buy,2.203e-05,5.0,0.00011015
NXS/BTC,1594376562073,2020-07-10T10:22:42.073Z,buy,2.203e-05,505.0,0.01112515
NXS/BTC,1594376562073,2020-07-10T10:22:42.073Z,buy,2.204e-05,34.0,0.0007493599999999
NXS/BTC,1594376562073,2020-07-10T10:22:42.073Z,buy,2.205e-05,241.0,0.00531405
NXS/BTC,1594376562073,2020-07-10T10:22:42.073Z,buy,2.206e-05,821.0,0.01811126
NXS/BTC,1594376562073,2020-07-10T10:22:42.073Z,buy,2.207e-05,8.0,0.00017656
NXS/BTC,1594376562073,2020-07-10T10:22:42.073Z,buy,2.208e-05,41.0,0.00090528
NXS/BTC,1594376562073,2020-07-10T10:22:42.073Z,buy,2.21e-05,8.0,0.0001768
NXS/BTC,1594376562073,2020-07-10T10:22:42.073Z,buy,2.211e-05,4525.0,0.10004775
NXS/BTC,1594376562073,2020-07-10T10:22:42.073Z,buy,2.212e-05,3.0,6.636000000000001e-05
NXS/BTC,1594376562073,2020-07-10T10:22:42.073Z,buy,2.213e-05,38115.0,0.84348495
NXS/BTC,1594376562093,2020-07-10T10:22:42.093Z,sell,2.201e-05,572.0,0.01258972
NXS/BTC,1594376570845,2020-07-10T10:22:50.845Z,buy,2.213e-05,10.0,0.0002213
NXS/BTC,1594376587800,2020-07-10T10:23:07.800Z,buy,2.213e-05,362.0,0.00801106
NXS/BTC,1594376588260,2020-07-10T10:23:08.260Z,buy,2.213e-05,10.0,0.0002213
NXS/BTC,1594376588759,2020-07-10T10:23:08.759Z,buy,2.213e-05,5.0,0.00011065
NXS/BTC,1594376589617,2020-07-10T10:23:09.617Z,buy,2.213e-05,10.0,0.0002213
NXS/BTC,1594376590581,2020-07-10T10:23:10.581Z,buy,2.213e-05,14.0,0.00030982
NXS/BTC,1594376590687,2020-07-10T10:23:10.687Z,buy,2.213e-05,5.0,0.00011065
NXS/BTC,1594376590826,2020-07-10T10:23:10.826Z,buy,2.213e-05,5.0,0.00011065
NXS/BTC,1594376590883,2020-07-10T10:23:10.883Z,buy,2.213e-05,14.0,0.00030982
NXS/BTC,1594376591452,2020-07-10T10:23:11.452Z,buy,2.213e-05,14.0,0.00030982
NXS/BTC,1594376600795,2020-07-10T10:23:20.795Z,buy,2.213e-05,5.0,0.00011065
NXS/BTC,1594376614941,2020-07-10T10:23:34.941Z,buy,2.213e-05,5.0,0.00011065
NXS/BTC,1594376673568,2020-07-10T10:24:33.568Z,buy,2.213e-05,5138.0,0.11370394
NXS/BTC,1594376674549,2020-07-10T10:24:34.549Z,buy,2.213e-05,57.0,0.00126141
NXS/BTC,1594376715195,2020-07-10T10:25:15.195Z,buy,2.213e-05,10.0,0.0002213
NXS/BTC,1594376769360,2020-07-10T10:26:09.360Z,buy,2.213e-05,10.0,0.0002213
NXS/BTC,1594376772223,2020-07-10T10:26:12.223Z,buy,2.213e-05,6.0,0.0001327799999999
NXS/BTC,1594376796283,2020-07-10T10:26:36.283Z,buy,2.213e-05,10.0,0.0002213
NXS/BTC,1594376797707,2020-07-10T10:26:37.707Z,sell,2.21e-05,5.0,0.0001104999999999
NXS/BTC,1594376797707,2020-07-10T10:26:37.707Z,sell,2.199e-05,6.0,0.00013194
NXS/BTC,1594376797707,2020-07-10T10:26:37.707Z,sell,2.196e-05,40.0,0.0008784
NXS/BTC,1594376801553,2020-07-10T10:26:41.553Z,sell,2.21e-05,26.0,0.0005746
NXS/BTC,1594376818183,2020-07-10T10:26:58.183Z,buy,2.211e-05,40.0,0.0008844
NXS/BTC,1594376830550,2020-07-10T10:27:10.550Z,buy,2.212e-05,6.0,0.00013272
NXS/BTC,1594376889146,2020-07-10T10:28:09.146Z,buy,2.213e-05,5.0,0.00011065
NXS/BTC,1594376930361,2020-07-10T10:28:50.361Z,buy,2.213e-05,46.0,0.00101798
NXS/BTC,1594376956107,2020-07-10T10:29:16.107Z,buy,2.213e-05,6.0,0.0001327799999999
NXS/BTC,1594376956339,2020-07-10T10:29:16.339Z,buy,2.213e-05,10.0,0.0002213
NXS/BTC,1594376956934,2020-07-10T10:29:16.934Z,buy,2.213e-05,17.0,0.00037621
NXS/BTC,1594377018743,2020-07-10T10:30:18.743Z,sell,2.212e-05,5.0,0.0001106
NXS/BTC,1594377019383,2020-07-10T10:30:19.383Z,buy,2.213e-05,379.0,0.00838727
NXS/BTC,1594377019397,2020-07-10T10:30:19.397Z,buy,2.213e-05,1060.0,0.0234578
NXS/BTC,1594377140227,2020-07-10T10:32:20.227Z,buy,2.213e-05,10.0,0.0002213
NXS/BTC,1594377200729,2020-07-10T10:33:20.729Z,sell,2.212e-05,9.0,0.00019908
NXS/BTC,1594377493567,2020-07-10T10:38:13.567Z,sell,2.212e-05,122.0,0.00269864
NXS/BTC,1594377493567,2020-07-10T10:38:13.567Z,sell,2.21e-05,5.0,0.0001104999999999
NXS/BTC,1594377493567,2020-07-10T10:38:13.567Z,sell,2.205e-05,5.0,0.00011025
NXS/BTC,1594377493567,2020-07-10T10:38:13.567Z,sell,2.199e-05,6.0,0.00013194
NXS/BTC,1594377493567,2020-07-10T10:38:13.567Z,sell,2.196e-05,6.0,0.00013176
NXS/BTC,1594377493567,2020-07-10T10:38:13.567Z,sell,2.195e-05,198.0,0.0043461
NXS/BTC,1594377493567,2020-07-10T10:38:13.567Z,sell,2.193e-05,25.0,0.0005482499999999
NXS/BTC,1594377493567,2020-07-10T10:38:13.567Z,sell,2.192e-05,696.0,0.01525632
NXS/BTC,1594377493567,2020-07-10T10:38:13.567Z,sell,2.191e-05,237.0,0.00519267
NXS/BTC,1594377493567,2020-07-10T10:38:13.567Z,sell,2.19e-05,700.0,0.01533
NXS/BTC,1594377866608,2020-07-10T10:44:26.608Z,sell,2.205e-05,5.0,0.00011025
NXS/BTC,1594377936888,2020-07-10T10:45:36.888Z,buy,2.203e-05,8.0,0.00017624
NXS/BTC,1594378891593,2020-07-10T11:01:31.593Z,buy,2.202e-05,275.0,0.0060555
NXS/BTC,1594378891593,2020-07-10T11:01:31.593Z,buy,2.202e-05,275.0,0.0060555
NXS/BTC,1594380729010,2020-07-10T11:32:09.010Z,sell,2.201e-05,10.0,0.0002201
NXS/BTC,1594381045370,2020-07-10T11:37:25.370Z,sell,2.2e-05,392.0,0.008624
NXS/BTC,1594381142977,2020-07-10T11:39:02.977Z,sell,2.2e-05,121.0,0.002662
NXS/BTC,1594381488404,2020-07-10T11:44:48.404Z,sell,2.2e-05,389.0,0.008558
NXS/BTC,1594381488404,2020-07-10T11:44:48.404Z,sell,2.196e-05,5.0,0.0001098
NXS/BTC,1594381488404,2020-07-10T11:44:48.404Z,sell,2.192e-05,4.0,8.768e-05
NXS/BTC,1594381791292,2020-07-10T11:49:51.292Z,sell,2.193e-05,3453.0,0.07572429
NXS/BTC,1594381791292,2020-07-10T11:49:51.292Z,sell,2.192e-05,36.0,0.00078912
NXS/BTC,1594381791292,2020-07-10T11:49:51.292Z,sell,2.191e-05,12.0,0.00026292
NXS/BTC,1594381791292,2020-07-10T11:49:51.292Z,sell,2.187e-05,181.0,0.0039584699999999
NXS/BTC,1594381791292,2020-07-10T11:49:51.292Z,sell,2.186e-05,6.0,0.00013116
NXS/BTC,1594381791292,2020-07-10T11:49:51.292Z,sell,2.185e-05,4162.0,0.0909397
NXS/BTC,1594381791292,2020-07-10T11:49:51.292Z,sell,2.184e-05,46.0,0.00100464
NXS/BTC,1594381791292,2020-07-10T11:49:51.292Z,sell,2.183e-05,47.0,0.00102601
NXS/BTC,1594381791292,2020-07-10T11:49:51.292Z,sell,2.182e-05,56.0,0.00122192
NXS/BTC,1594381792060,2020-07-10T11:49:52.060Z,buy,2.18e-05,774.0,0.0168732
NXS/BTC,1594381795345,2020-07-10T11:49:55.345Z,buy,2.18e-05,5.0,0.000109
NXS/BTC,1594381796909,2020-07-10T11:49:56.909Z,sell,2.179e-05,6.0,0.00013074
NXS/BTC,1594381796909,2020-07-10T11:49:56.909Z,sell,2.178e-05,84.0,0.00182952
NXS/BTC,1594381798770,2020-07-10T11:49:58.770Z,buy,2.18e-05,427.0,0.0093086
NXS/BTC,1594381798784,2020-07-10T11:49:58.784Z,buy,2.18e-05,144.0,0.0031392
NXS/BTC,1594381834179,2020-07-10T11:50:34.179Z,buy,2.198e-05,350.0,0.007693
NXS/BTC,1594381960118,2020-07-10T11:52:40.118Z,buy,2.198e-05,8.0,0.00017584
NXS/BTC,1594382344478,2020-07-10T11:59:04.478Z,buy,2.194e-05,8.0,0.00017552
NXS/BTC,1594382344478,2020-07-10T11:59:04.478Z,buy,2.194e-05,8.0,0.00017552
NXS/BTC,1594382665104,2020-07-10T12:04:25.104Z,buy,2.194e-05,126.0,0.00276444
NXS/BTC,1594382950465,2020-07-10T12:09:10.465Z,buy,2.193e-05,125.0,0.0027412499999999
NXS/BTC,1594382954201,2020-07-10T12:09:14.201Z,buy,2.193e-05,126.0,0.0027631799999999
NXS/BTC,1594382970303,2020-07-10T12:09:30.303Z,buy,2.194e-05,116.0,0.00254504
NXS/BTC,1594383044939,2020-07-10T12:10:44.939Z,sell,2.193e-05,126.0,0.0027631799999999
NXS/BTC,1594383510523,2020-07-10T12:18:30.523Z,sell,2.191e-05,516.0,0.01130556
NXS/BTC,1594383843936,2020-07-10T12:24:03.936Z,sell,2.191e-05,86.0,0.0018842599999999
NXS/BTC,1594383901527,2020-07-10T12:25:01.527Z,sell,2.191e-05,767.0,0.01680497
NXS/BTC,1594383901527,2020-07-10T12:25:01.527Z,sell,2.183e-05,1414.0,0.03086762
NXS/BTC,1594383954015,2020-07-10T12:25:54.015Z,sell,2.185e-05,5481.0,0.11975985
NXS/BTC,1594384083776,2020-07-10T12:28:03.776Z,buy,2.199e-05,20.0,0.0004398
NXS/BTC,1594384403441,2020-07-10T12:33:23.441Z,sell,2.186e-05,14.0,0.00030604
NXS/BTC,1594384403441,2020-07-10T12:33:23.441Z,sell,2.186e-05,14.0,0.00030604
NXS/BTC,1594386608234,2020-07-10T13:10:08.234Z,sell,2.186e-05,57.0,0.00124602
NXS/BTC,1594386728974,2020-07-10T13:12:08.974Z,sell,2.186e-05,367.0,0.00802262
NXS/BTC,1594387264529,2020-07-10T13:21:04.529Z,buy,2.199e-05,106.0,0.00233094
NXS/BTC,1594387329733,2020-07-10T13:22:09.733Z,sell,2.199e-05,5.0,0.00010995
NXS/BTC,1594387509501,2020-07-10T13:25:09.501Z,buy,2.201e-05,91.0,0.00200291
NXS/BTC,1594387509501,2020-07-10T13:25:09.501Z,buy,2.203e-05,306.0,0.00674118
NXS/BTC,1594387509501,2020-07-10T13:25:09.501Z,buy,2.204e-05,34.0,0.0007493599999999
NXS/BTC,1594387509501,2020-07-10T13:25:09.501Z,buy,2.205e-05,34.0,0.0007497
NXS/BTC,1594387509501,2020-07-10T13:25:09.501Z,buy,2.206e-05,31.0,0.00068386
NXS/BTC,1594387509501,2020-07-10T13:25:09.501Z,buy,2.207e-05,8.0,0.00017656
NXS/BTC,1594387509501,2020-07-10T13:25:09.501Z,buy,2.208e-05,864.0,0.01907712
NXS/BTC,1594387509501,2020-07-10T13:25:09.501Z,buy,2.209e-05,63.0,0.00139167
NXS/BTC,1594387509501,2020-07-10T13:25:09.501Z,buy,2.21e-05,55.0,0.0012155
NXS/BTC,1594387509501,2020-07-10T13:25:09.501Z,buy,2.211e-05,322.0,0.00711942
NXS/BTC,1594387509501,2020-07-10T13:25:09.501Z,buy,2.212e-05,6.0,0.00013272
NXS/BTC,1594387509501,2020-07-10T13:25:09.501Z,buy,2.213e-05,2146.0,0.04749098
NXS/BTC,1594387548851,2020-07-10T13:25:48.851Z,buy,2.213e-05,14.0,0.00030982
NXS/BTC,1594387549490,2020-07-10T13:25:49.490Z,buy,2.213e-05,10.0,0.0002213
NXS/BTC,1594387550418,2020-07-10T13:25:50.418Z,buy,2.213e-05,14.0,0.00030982
NXS/BTC,1594387610276,2020-07-10T13:26:50.276Z,buy,2.209e-05,5.0,0.00011045
NXS/BTC,1594387642413,2020-07-10T13:27:22.413Z,sell,2.209e-05,5.0,0.00011045
NXS/BTC,1594387642413,2020-07-10T13:27:22.413Z,sell,2.2e-05,16.0,0.000352
NXS/BTC,1594387675478,2020-07-10T13:27:55.478Z,buy,2.213e-05,46.0,0.00101798
NXS/BTC,1594387696603,2020-07-10T13:28:16.603Z,sell,2.201e-05,15.0,0.00033015
NXS/BTC,1594387705705,2020-07-10T13:28:25.705Z,buy,2.213e-05,23.0,0.00050899
NXS/BTC,1594387723017,2020-07-10T13:28:43.017Z,buy,2.213e-05,10.0,0.0002213
NXS/BTC,1594387731001,2020-07-10T13:28:51.001Z,buy,2.213e-05,452.0,0.01000276
NXS/BTC,1594387761285,2020-07-10T13:29:21.285Z,buy,2.213e-05,5.0,0.00011065
NXS/BTC,1594387840139,2020-07-10T13:30:40.139Z,buy,2.213e-05,5.0,0.00011065
NXS/BTC,1594387843901,2020-07-10T13:30:43.901Z,buy,2.213e-05,452.0,0.01000276
NXS/BTC,1594387844361,2020-07-10T13:30:44.361Z,buy,2.213e-05,5.0,0.00011065
NXS/BTC,1594387862135,2020-07-10T13:31:02.135Z,buy,2.213e-05,577.0,0.01276901
NXS/BTC,1594387935988,2020-07-10T13:32:15.988Z,buy,2.213e-05,10.0,0.0002213
NXS/BTC,1594387935988,2020-07-10T13:32:15.988Z,buy,2.213e-05,10.0,0.0002213
NXS/BTC,1594388437611,2020-07-10T13:40:37.611Z,buy,2.213e-05,5.0,0.00011065
NXS/BTC,1594388483878,2020-07-10T13:41:23.878Z,buy,2.212e-05,5.0,0.0001106
NXS/BTC,1594388714203,2020-07-10T13:45:14.203Z,buy,2.213e-05,14.0,0.00030982
NXS/BTC,1594389240801,2020-07-10T13:54:00.801Z,sell,2.201e-05,5.0,0.00011005
NXS/BTC,1594389243389,2020-07-10T13:54:03.389Z,sell,2.201e-05,87.0,0.00191487
NXS/BTC,1594389243389,2020-07-10T13:54:03.389Z,sell,2.2e-05,1289.0,0.0283579999999999
NXS/BTC,1594389243389,2020-07-10T13:54:03.389Z,sell,2.199e-05,2620.0,0.0576138
NXS/BTC,1594389428650,2020-07-10T13:57:08.650Z,sell,2.194e-05,8391.0,0.18409854
NXS/BTC,1594389428650,2020-07-10T13:57:08.650Z,sell,2.193e-05,26.0,0.00057018
NXS/BTC,1594389460964,2020-07-10T13:57:40.964Z,buy,2.206e-05,170.0,0.0037502
NXS/BTC,1594389461131,2020-07-10T13:57:41.131Z,buy,2.206e-05,118.0,0.00260308
NXS/BTC,1594389461363,2020-07-10T13:57:41.363Z,buy,2.206e-05,200.0,0.004412
NXS/BTC,1594389470627,2020-07-10T13:57:50.627Z,buy,2.206e-05,480.0,0.0105887999999999
NXS/BTC,1594390247543,2020-07-10T14:10:47.543Z,sell,2.206e-05,1155.0,0.0254793
NXS/BTC,1594390371583,2020-07-10T14:12:51.583Z,buy,2.207e-05,6.0,0.00013242
NXS/BTC,1594390371583,2020-07-10T14:12:51.583Z,buy,2.208e-05,62.0,0.00136896
NXS/BTC,1594391024827,2020-07-10T14:23:44.827Z,buy,2.208e-05,89.0,0.00196512
NXS/BTC,1594391024827,2020-07-10T14:23:44.827Z,buy,2.208e-05,89.0,0.00196512
NXS/BTC,1594391544186,2020-07-10T14:32:24.186Z,buy,2.208e-05,449.0,0.00991392
NXS/BTC,1594391544186,2020-07-10T14:32:24.186Z,buy,2.209e-05,10.0,0.0002209
NXS/BTC,1594391544186,2020-07-10T14:32:24.186Z,buy,2.212e-05,87207.0,1.92901884
NXS/BTC,1594391548471,2020-07-10T14:32:28.471Z,buy,2.213e-05,2489.0,0.0550815699999999
NXS/BTC,1594391550048,2020-07-10T14:32:30.048Z,buy,2.213e-05,891.0,0.01971783
NXS/BTC,1594391660628,2020-07-10T14:34:20.628Z,buy,2.213e-05,46.0,0.00101798
NXS/BTC,1594391809592,2020-07-10T14:36:49.592Z,buy,2.213e-05,10.0,0.0002213
NXS/BTC,1594392047090,2020-07-10T14:40:47.090Z,buy,2.213e-05,5.0,0.00011065
NXS/BTC,1594392097303,2020-07-10T14:41:37.303Z,buy,2.213e-05,5.0,0.00011065
NXS/BTC,1594392136635,2020-07-10T14:42:16.635Z,buy,2.213e-05,5.0,0.00011065
NXS/BTC,1594392189902,2020-07-10T14:43:09.902Z,buy,2.213e-05,65.0,0.00143845
NXS/BTC,1594392560620,2020-07-10T14:49:20.620Z,buy,2.213e-05,5.0,0.00011065
NXS/BTC,1594392711456,2020-07-10T14:51:51.456Z,buy,2.213e-05,4576.0,0.10126688
NXS/BTC,1594392711456,2020-07-10T14:51:51.456Z,buy,2.214e-05,184.0,0.00407376
NXS/BTC,1594392711456,2020-07-10T14:51:51.456Z,buy,2.215e-05,90.0,0.0019935
NXS/BTC,1594392711456,2020-07-10T14:51:51.456Z,buy,2.216e-05,47.0,0.00104152
NXS/BTC,1594392711456,2020-07-10T14:51:51.456Z,buy,2.218e-05,5888.0,0.13059584
NXS/BTC,1594392711456,2020-07-10T14:51:51.456Z,buy,2.219e-05,2290.0,0.0508150999999999
NXS/BTC,1594392711456,2020-07-10T14:51:51.456Z,buy,2.22e-05,1917.0,0.0425574
NXS/BTC,1594392712046,2020-07-10T14:51:52.046Z,sell,2.22e-05,18.0,0.0003996
NXS/BTC,1594392731402,2020-07-10T14:52:11.402Z,buy,2.222e-05,10.0,0.0002222
NXS/BTC,1594392732372,2020-07-10T14:52:12.372Z,sell,2.214e-05,10.0,0.0002214
NXS/BTC,1594392733430,2020-07-10T14:52:13.430Z,buy,2.222e-05,10.0,0.0002222
NXS/BTC,1594392734572,2020-07-10T14:52:14.572Z,sell,2.214e-05,21.0,0.00046494
NXS/BTC,1594392735217,2020-07-10T14:52:15.217Z,buy,2.222e-05,10.0,0.0002222
NXS/BTC,1594392735275,2020-07-10T14:52:15.275Z,sell,2.214e-05,92.0,0.00203688
NXS/BTC,1594392735292,2020-07-10T14:52:15.292Z,sell,2.214e-05,169.0,0.00374166
NXS/BTC,1594392735296,2020-07-10T14:52:15.296Z,sell,2.214e-05,91.0,0.00201474
NXS/BTC,1594392735371,2020-07-10T14:52:15.371Z,sell,2.214e-05,22.0,0.00048708
NXS/BTC,1594392770010,2020-07-10T14:52:50.010Z,buy,2.221e-05,5.0,0.0001110499999999
NXS/BTC,1594392817079,2020-07-10T14:53:37.079Z,buy,2.221e-05,5.0,0.0001110499999999
NXS/BTC,1594392824423,2020-07-10T14:53:44.423Z,buy,2.221e-05,490.0,0.0108829
NXS/BTC,1594392825124,2020-07-10T14:53:45.124Z,sell,2.221e-05,15.0,0.00033315
NXS/BTC,1594392840807,2020-07-10T14:54:00.807Z,buy,2.222e-05,5.0,0.0001111
NXS/BTC,1594392862300,2020-07-10T14:54:22.300Z,buy,2.222e-05,5.0,0.0001111
NXS/BTC,1594392922463,2020-07-10T14:55:22.463Z,buy,2.222e-05,23.0,0.00051106
NXS/BTC,1594393000920,2020-07-10T14:56:40.920Z,buy,2.222e-05,548.0,0.01217656
NXS/BTC,1594393016864,2020-07-10T14:56:56.864Z,sell,2.221e-05,47.0,0.00104387
NXS/BTC,1594393025783,2020-07-10T14:57:05.783Z,buy,2.222e-05,832.0,0.01848704
NXS/BTC,1594393037569,2020-07-10T14:57:17.569Z,buy,2.223e-05,8.0,0.00017784
NXS/BTC,1594393038062,2020-07-10T14:57:18.062Z,sell,2.223e-05,6.0,0.00013338
NXS/BTC,1594393121474,2020-07-10T14:58:41.474Z,buy,2.224e-05,182.0,0.00404768
NXS/BTC,1594393121474,2020-07-10T14:58:41.474Z,buy,2.225e-05,40.0,0.00089
NXS/BTC,1594393121474,2020-07-10T14:58:41.474Z,buy,2.226e-05,8.0,0.00017808
NXS/BTC,1594393121474,2020-07-10T14:58:41.474Z,buy,2.228e-05,740.0,0.0164872
NXS/BTC,1594393121474,2020-07-10T14:58:41.474Z,buy,2.229e-05,490.0,0.0109220999999999
NXS/BTC,1594393132147,2020-07-10T14:58:52.147Z,buy,2.229e-05,5.0,0.00011145
NXS/BTC,1594393134544,2020-07-10T14:58:54.544Z,buy,2.229e-05,5.0,0.00011145
NXS/BTC,1594393168439,2020-07-10T14:59:28.439Z,buy,2.229e-05,30.0,0.0006686999999999
NXS/BTC,1594393234733,2020-07-10T15:00:34.733Z,sell,2.216e-05,51.0,0.00113016
NXS/BTC,1594393250697,2020-07-10T15:00:50.697Z,sell,2.226e-05,12.0,0.00026712
NXS/BTC,1594393262143,2020-07-10T15:01:02.143Z,sell,2.226e-05,11.0,0.00024486
NXS/BTC,1594393269435,2020-07-10T15:01:09.435Z,sell,2.213e-05,65.0,0.00143845
NXS/BTC,1594393272676,2020-07-10T15:01:12.676Z,buy,2.224e-05,212.0,0.00471488
NXS/BTC,1594393276524,2020-07-10T15:01:16.524Z,sell,2.212e-05,920.0,0.0203504
NXS/BTC,1594393276580,2020-07-10T15:01:16.580Z,sell,2.212e-05,227.0,0.00502124
NXS/BTC,1594393286064,2020-07-10T15:01:26.064Z,sell,2.212e-05,405.0,0.0089586
NXS/BTC,1594393286806,2020-07-10T15:01:26.806Z,buy,2.222e-05,12.0,0.00026664
NXS/BTC,1594393352077,2020-07-10T15:02:32.077Z,sell,2.213e-05,12.0,0.0002655599999999
NXS/BTC,1594393352077,2020-07-10T15:02:32.077Z,sell,2.212e-05,751.0,0.01661212
NXS/BTC,1594393655948,2020-07-10T15:07:35.948Z,buy,2.223e-05,37.0,0.0008225099999999
NXS/BTC,1594393956732,2020-07-10T15:12:36.732Z,buy,2.221e-05,28.0,0.00062188
NXS/BTC,1594393956732,2020-07-10T15:12:36.732Z,buy,2.222e-05,69.0,0.00153318
NXS/BTC,1594394095399,2020-07-10T15:14:55.399Z,buy,2.225e-05,2250.0,0.0500624999999999
NXS/BTC,1594394126895,2020-07-10T15:15:26.895Z,buy,2.225e-05,682.0,0.0151744999999999
NXS/BTC,1594394140927,2020-07-10T15:15:40.927Z,sell,2.212e-05,10.0,0.0002212
NXS/BTC,1594394142127,2020-07-10T15:15:42.127Z,buy,2.224e-05,77.0,0.00171248
NXS/BTC,1594394142982,2020-07-10T15:15:42.982Z,buy,2.223e-05,10.0,0.0002222999999999
NXS/BTC,1594394149113,2020-07-10T15:15:49.113Z,buy,2.223e-05,30.0,0.0006669
NXS/BTC,1594394149113,2020-07-10T15:15:49.113Z,buy,2.225e-05,494.0,0.0109915
NXS/BTC,1594394163939,2020-07-10T15:16:03.939Z,buy,2.225e-05,54.0,0.0012014999999999
NXS/BTC,1594394178634,2020-07-10T15:16:18.634Z,sell,2.223e-05,51.0,0.00113373
NXS/BTC,1594394178650,2020-07-10T15:16:18.650Z,sell,2.223e-05,10.0,0.0002222999999999
NXS/BTC,1594394178735,2020-07-10T15:16:18.735Z,sell,2.223e-05,9.0,0.00020007
NXS/BTC,1594394178870,2020-07-10T15:16:18.870Z,sell,2.223e-05,50.0,0.0011114999999999
NXS/BTC,1594394178876,2020-07-10T15:16:18.876Z,sell,2.223e-05,11.0,0.0002445299999999
NXS/BTC,1594394179217,2020-07-10T15:16:19.217Z,sell,2.223e-05,51.0,0.00113373
NXS/BTC,1594394196902,2020-07-10T15:16:36.902Z,buy,2.225e-05,940.0,0.020915
NXS/BTC,1594394201197,2020-07-10T15:16:41.197Z,buy,2.225e-05,5586.0,0.1242885
NXS/BTC,1594394207328,2020-07-10T15:16:47.328Z,sell,2.225e-05,76.0,0.0016909999999999
NXS/BTC,1594394224005,2020-07-10T15:17:04.005Z,buy,2.229e-05,1797.0,0.0400551299999999
NXS/BTC,1594394247818,2020-07-10T15:17:27.818Z,buy,2.229e-05,154.0,0.0034326599999999
NXS/BTC,1594394248745,2020-07-10T15:17:28.745Z,sell,2.229e-05,7.0,0.0001560299999999
NXS/BTC,1594394255290,2020-07-10T15:17:35.290Z,buy,2.23e-05,2582.0,0.0575786
NXS/BTC,1594394259255,2020-07-10T15:17:39.255Z,buy,2.23e-05,9.0,0.0002007
NXS/BTC,1594394261164,2020-07-10T15:17:41.164Z,buy,2.23e-05,9.0,0.0002007
NXS/BTC,1594394266134,2020-07-10T15:17:46.134Z,buy,2.23e-05,9.0,0.0002007
NXS/BTC,1594394270554,2020-07-10T15:17:50.554Z,buy,2.23e-05,9.0,0.0002007
NXS/BTC,1594394271110,2020-07-10T15:17:51.110Z,buy,2.23e-05,9.0,0.0002007
NXS/BTC,1594394272156,2020-07-10T15:17:52.156Z,buy,2.23e-05,14.0,0.0003122
NXS/BTC,1594394331315,2020-07-10T15:18:51.315Z,buy,2.23e-05,5.0,0.0001115
NXS/BTC,1594394357880,2020-07-10T15:19:17.880Z,buy,2.23e-05,135.0,0.0030105
NXS/BTC,1594394389125,2020-07-10T15:19:49.125Z,buy,2.23e-05,5.0,0.0001115
NXS/BTC,1594394438797,2020-07-10T15:20:38.797Z,buy,2.23e-05,271.0,0.0060433
NXS/BTC,1594394479666,2020-07-10T15:21:19.666Z,sell,2.229e-05,1241.0,0.0276618899999999
NXS/BTC,1594394479666,2020-07-10T15:21:19.666Z,sell,2.227e-05,5.0,0.00011135
NXS/BTC,1594394479666,2020-07-10T15:21:19.666Z,sell,2.226e-05,4416.0,0.09830016
NXS/BTC,1594394489947,2020-07-10T15:21:29.947Z,buy,2.23e-05,9.0,0.0002007
NXS/BTC,1594394512807,2020-07-10T15:21:52.807Z,buy,2.229e-05,5.0,0.00011145
NXS/BTC,1594394539117,2020-07-10T15:22:19.117Z,buy,2.229e-05,5.0,0.00011145
NXS/BTC,1594394572932,2020-07-10T15:22:52.932Z,buy,2.23e-05,26.0,0.0005798
NXS/BTC,1594394577829,2020-07-10T15:22:57.829Z,sell,2.226e-05,8.0,0.00017808
NXS/BTC,1594394577829,2020-07-10T15:22:57.829Z,sell,2.226e-05,8.0,0.00017808
NXS/BTC,1594394875789,2020-07-10T15:27:55.789Z,buy,2.23e-05,163.0,0.0036349
NXS/BTC,1594394907712,2020-07-10T15:28:27.712Z,buy,2.23e-05,243.0,0.0054189
NXS/BTC,1594394919715,2020-07-10T15:28:39.715Z,buy,2.23e-05,171.0,0.0038133
NXS/BTC,1594394923477,2020-07-10T15:28:43.477Z,buy,2.23e-05,9.0,0.0002007
NXS/BTC,1594394955882,2020-07-10T15:29:15.882Z,buy,2.23e-05,5.0,0.0001115
NXS/BTC,1594394975763,2020-07-10T15:29:35.763Z,buy,2.23e-05,9.0,0.0002007
NXS/BTC,1594395084874,2020-07-10T15:31:24.874Z,buy,2.23e-05,113.0,0.0025199
NXS/BTC,1594395095331,2020-07-10T15:31:35.331Z,buy,2.23e-05,119.0,0.0026537
NXS/BTC,1594395095956,2020-07-10T15:31:35.956Z,buy,2.23e-05,449.0,0.0100127
NXS/BTC,1594395098043,2020-07-10T15:31:38.043Z,buy,2.23e-05,449.0,0.0100127
NXS/BTC,1594395099036,2020-07-10T15:31:39.036Z,buy,2.23e-05,29.0,0.0006467
NXS/BTC,1594395099073,2020-07-10T15:31:39.073Z,buy,2.23e-05,949.0,0.0211627
NXS/BTC,1594395100081,2020-07-10T15:31:40.081Z,buy,2.23e-05,444.0,0.0099012
NXS/BTC,1594395101849,2020-07-10T15:31:41.849Z,buy,2.23e-05,491.0,0.0109493
NXS/BTC,1594395103409,2020-07-10T15:31:43.409Z,buy,2.23e-05,99.0,0.0022077
NXS/BTC,1594395148165,2020-07-10T15:32:28.165Z,buy,2.23e-05,682.0,0.0152086
NXS/BTC,1594395153872,2020-07-10T15:32:33.872Z,buy,2.23e-05,283.0,0.0063109
NXS/BTC,1594395181036,2020-07-10T15:33:01.036Z,buy,2.23e-05,341.0,0.0076043
NXS/BTC,1594395196817,2020-07-10T15:33:16.817Z,buy,2.23e-05,308.0,0.0068684
NXS/BTC,1594395221295,2020-07-10T15:33:41.295Z,buy,2.23e-05,445.0,0.0099235
NXS/BTC,1594395264045,2020-07-10T15:34:24.045Z,buy,2.23e-05,6.0,0.0001338
NXS/BTC,1594395270812,2020-07-10T15:34:30.812Z,buy,2.23e-05,1106.0,0.0246638
NXS/BTC,1594395319542,2020-07-10T15:35:19.542Z,buy,2.231e-05,9.0,0.00020079
NXS/BTC,1594395321894,2020-07-10T15:35:21.894Z,buy,2.231e-05,14.0,0.00031234
NXS/BTC,1594395343567,2020-07-10T15:35:43.567Z,buy,2.231e-05,3.0,6.693000000000001e-05
NXS/BTC,1594395406095,2020-07-10T15:36:46.095Z,buy,2.232e-05,14.0,0.00031248
NXS/BTC,1594395406095,2020-07-10T15:36:46.095Z,buy,2.233e-05,32.0,0.00071456
NXS/BTC,1594395441615,2020-07-10T15:37:21.615Z,buy,2.233e-05,9.0,0.00020097
NXS/BTC,1594395457004,2020-07-10T15:37:37.004Z,buy,2.233e-05,79.0,0.00176407
NXS/BTC,1594395457624,2020-07-10T15:37:37.624Z,buy,2.233e-05,5.0,0.00011165
NXS/BTC,1594395493795,2020-07-10T15:38:13.795Z,buy,2.233e-05,134.0,0.00299222
NXS/BTC,1594395561499,2020-07-10T15:39:21.499Z,buy,2.233e-05,47.0,0.00104951
NXS/BTC,1594395577798,2020-07-10T15:39:37.798Z,buy,2.233e-05,5.0,0.00011165
NXS/BTC,1594395581596,2020-07-10T15:39:41.596Z,buy,2.233e-05,58.0,0.00129514
NXS/BTC,1594395583497,2020-07-10T15:39:43.497Z,buy,2.233e-05,231.0,0.00515823
NXS/BTC,1594395976709,2020-07-10T15:46:16.709Z,buy,2.233e-05,9.0,0.00020097
NXS/BTC,1594396040610,2020-07-10T15:47:20.610Z,buy,2.233e-05,269.0,0.00600677
NXS/BTC,1594396048190,2020-07-10T15:47:28.190Z,buy,2.233e-05,95.0,0.00212135
NXS/BTC,1594396143078,2020-07-10T15:49:03.078Z,buy,2.233e-05,437.0,0.00975821
NXS/BTC,1594396144511,2020-07-10T15:49:04.511Z,sell,2.233e-05,15.0,0.00033495
NXS/BTC,1594396335287,2020-07-10T15:52:15.287Z,buy,2.234e-05,6.0,0.0001340399999999
NXS/BTC,1594396335287,2020-07-10T15:52:15.287Z,buy,2.235e-05,32.0,0.0007152
NXS/BTC,1594396335287,2020-07-10T15:52:15.287Z,buy,2.236e-05,20.0,0.0004472
NXS/BTC,1594396341044,2020-07-10T15:52:21.044Z,buy,2.236e-05,5.0,0.0001118
NXS/BTC,1594396341191,2020-07-10T15:52:21.191Z,buy,2.236e-05,11.0,0.00024596
NXS/BTC,1594396357749,2020-07-10T15:52:37.749Z,buy,2.236e-05,14.0,0.00031304
NXS/BTC,1594396398930,2020-07-10T15:53:18.930Z,buy,2.236e-05,125.0,0.0027949999999999
NXS/BTC,1594396402582,2020-07-10T15:53:22.582Z,buy,2.236e-05,30.0,0.0006707999999999
NXS/BTC,1594396440386,2020-07-10T15:54:00.386Z,buy,2.236e-05,564.0,0.01261104
NXS/BTC,1594396536764,2020-07-10T15:55:36.764Z,buy,2.236e-05,98.0,0.00219128
NXS/BTC,1594396536764,2020-07-10T15:55:36.764Z,buy,2.237e-05,41.0,0.00091717
NXS/BTC,1594396541778,2020-07-10T15:55:41.778Z,buy,2.237e-05,2.0,4.474e-05
NXS/BTC,1594396543789,2020-07-10T15:55:43.789Z,sell,2.237e-05,7.0,0.00015659
NXS/BTC,1594396543789,2020-07-10T15:55:43.789Z,sell,2.234e-05,3.0,6.701999999999999e-05
NXS/BTC,1594396545467,2020-07-10T15:55:45.467Z,sell,2.234e-05,9.0,0.00020106
NXS/BTC,1594396545612,2020-07-10T15:55:45.612Z,sell,2.234e-05,37.0,0.0008265799999999
NXS/BTC,1594396546245,2020-07-10T15:55:46.245Z,buy,2.238e-05,9.0,0.00020142
NXS/BTC,1594396550742,2020-07-10T15:55:50.742Z,buy,2.238e-05,14.0,0.0003133199999999
NXS/BTC,1594396550765,2020-07-10T15:55:50.765Z,buy,2.238e-05,5.0,0.0001119
NXS/BTC,1594396551117,2020-07-10T15:55:51.117Z,buy,2.238e-05,9.0,0.00020142
NXS/BTC,1594396552088,2020-07-10T15:55:52.088Z,buy,2.238e-05,9.0,0.00020142
NXS/BTC,1594396563534,2020-07-10T15:56:03.534Z,sell,2.235e-05,9.0,0.00020115
NXS/BTC,1594396575520,2020-07-10T15:56:15.520Z,sell,2.234e-05,9.0,0.00020106
NXS/BTC,1594396577296,2020-07-10T15:56:17.296Z,buy,2.238e-05,9.0,0.00020142
NXS/BTC,1594396586080,2020-07-10T15:56:26.080Z,buy,2.238e-05,390.0,0.0087282
NXS/BTC,1594396648290,2020-07-10T15:57:28.290Z,buy,2.238e-05,29.0,0.0006490199999999
NXS/BTC,1594396648290,2020-07-10T15:57:28.290Z,buy,2.239e-05,14.0,0.00031346
NXS/BTC,1594396648290,2020-07-10T15:57:28.290Z,buy,2.24e-05,250.0,0.0056
NXS/BTC,1594396655563,2020-07-10T15:57:35.563Z,buy,2.24e-05,14.0,0.0003136
NXS/BTC,1594396672621,2020-07-10T15:57:52.621Z,buy,2.24e-05,58.0,0.0012992
NXS/BTC,1594396672621,2020-07-10T15:57:52.621Z,buy,2.241e-05,6.0,0.00013446
NXS/BTC,1594396672621,2020-07-10T15:57:52.621Z,buy,2.243e-05,26.0,0.00058318
NXS/BTC,1594396673032,2020-07-10T15:57:53.032Z,sell,2.24e-05,224.0,0.0050176
NXS/BTC,1594396675736,2020-07-10T15:57:55.736Z,sell,2.24e-05,14.0,0.0003136
NXS/BTC,1594396676193,2020-07-10T15:57:56.193Z,sell,2.24e-05,264.0,0.0059136
NXS/BTC,1594396677815,2020-07-10T15:57:57.815Z,buy,2.243e-05,5.0,0.00011215
NXS/BTC,1594396677990,2020-07-10T15:57:57.990Z,sell,2.236e-05,8.0,0.00017888
NXS/BTC,1594396678059,2020-07-10T15:57:58.059Z,sell,2.236e-05,23.0,0.00051428
NXS/BTC,1594396678435,2020-07-10T15:57:58.435Z,sell,2.236e-05,8.0,0.00017888
NXS/BTC,1594396693540,2020-07-10T15:58:13.540Z,sell,2.234e-05,67.0,0.00149678
NXS/BTC,1594396693540,2020-07-10T15:58:13.540Z,sell,2.233e-05,60.0,0.0013398
NXS/BTC,1594396694272,2020-07-10T15:58:14.272Z,sell,2.233e-05,7.0,0.00015631
NXS/BTC,1594396694272,2020-07-10T15:58:14.272Z,sell,2.231e-05,24.0,0.00053544
NXS/BTC,1594396694272,2020-07-10T15:58:14.272Z,sell,2.23e-05,91.0,0.0020293
NXS/BTC,1594396694272,2020-07-10T15:58:14.272Z,sell,2.228e-05,55.0,0.0012254
NXS/BTC,1594396695001,2020-07-10T15:58:15.001Z,buy,2.243e-05,5.0,0.00011215
NXS/BTC,1594396695070,2020-07-10T15:58:15.070Z,sell,2.228e-05,34.0,0.00075752
NXS/BTC,1594396695319,2020-07-10T15:58:15.319Z,buy,2.242e-05,23.0,0.0005156599999999
NXS/BTC,1594396698159,2020-07-10T15:58:18.159Z,buy,2.242e-05,42.0,0.00094164
NXS/BTC,1594396698159,2020-07-10T15:58:18.159Z,buy,2.243e-05,312.0,0.00699816
NXS/BTC,1594396698325,2020-07-10T15:58:18.325Z,sell,2.227e-05,135.0,0.00300645
NXS/BTC,1594396701423,2020-07-10T15:58:21.423Z,buy,2.24e-05,5.0,0.000112
NXS/BTC,1594396710837,2020-07-10T15:58:30.837Z,buy,2.238e-05,89.0,0.00199182
NXS/BTC,1594396710946,2020-07-10T15:58:30.946Z,sell,2.24e-05,357.0,0.0079968
NXS/BTC,1594396737000,2020-07-10T15:58:57.000Z,buy,2.243e-05,5.0,0.00011215
NXS/BTC,1594396744649,2020-07-10T15:59:04.649Z,sell,2.229e-05,24.0,0.0005349599999999
NXS/BTC,1594396888255,2020-07-10T16:01:28.255Z,sell,2.24e-05,53.0,0.0011872
NXS/BTC,1594396888255,2020-07-10T16:01:28.255Z,sell,2.231e-05,16.0,0.00035696
NXS/BTC,1594396888255,2020-07-10T16:01:28.255Z,sell,2.229e-05,65.0,0.0014488499999999
NXS/BTC,1594396888255,2020-07-10T16:01:28.255Z,sell,2.226e-05,138.0,0.00307188
NXS/BTC,1594396888453,2020-07-10T16:01:28.453Z,sell,2.226e-05,46.0,0.00102396
NXS/BTC,1594396892152,2020-07-10T16:01:32.152Z,sell,2.226e-05,38.0,0.00084588
NXS/BTC,1594396936032,2020-07-10T16:02:16.032Z,sell,2.226e-05,91.0,0.00202566
NXS/BTC,1594396970665,2020-07-10T16:02:50.665Z,buy,2.24e-05,12.0,0.0002688
NXS/BTC,1594397032233,2020-07-10T16:03:52.233Z,buy,2.24e-05,1333.0,0.0298592
NXS/BTC,1594397033982,2020-07-10T16:03:53.982Z,buy,2.24e-05,126.0,0.0028224
NXS/BTC,1594397034405,2020-07-10T16:03:54.405Z,buy,2.24e-05,1333.0,0.0298592
NXS/BTC,1594397036585,2020-07-10T16:03:56.585Z,buy,2.24e-05,1333.0,0.0298592
NXS/BTC,1594397038671,2020-07-10T16:03:58.671Z,buy,2.24e-05,1333.0,0.0298592
NXS/BTC,1594397040780,2020-07-10T16:04:00.780Z,buy,2.24e-05,1333.0,0.0298592
NXS/BTC,1594397078730,2020-07-10T16:04:38.730Z,buy,2.241e-05,13.0,0.00029133
NXS/BTC,1594397093492,2020-07-10T16:04:53.492Z,buy,2.24e-05,6.0,0.0001344
NXS/BTC,1594397095754,2020-07-10T16:04:55.754Z,buy,2.24e-05,5.0,0.000112
NXS/BTC,1594397141535,2020-07-10T16:05:41.535Z,buy,2.24e-05,23.0,0.0005152
NXS/BTC,1594397302437,2020-07-10T16:08:22.437Z,buy,2.24e-05,5.0,0.000112
NXS/BTC,1594397422874,2020-07-10T16:10:22.874Z,sell,2.237e-05,9.0,0.00020133
NXS/BTC,1594397519670,2020-07-10T16:11:59.670Z,sell,2.237e-05,8.0,0.00017896
NXS/BTC,1594397579351,2020-07-10T16:12:59.351Z,buy,2.241e-05,168.0,0.00376488
NXS/BTC,1594397596415,2020-07-10T16:13:16.415Z,buy,2.243e-05,9.0,0.00020187
NXS/BTC,1594397602565,2020-07-10T16:13:22.565Z,buy,2.243e-05,14.0,0.00031402
NXS/BTC,1594397655219,2020-07-10T16:14:15.219Z,buy,2.243e-05,11.0,0.00024673
NXS/BTC,1594397741517,2020-07-10T16:15:41.517Z,buy,2.243e-05,9.0,0.00020187
NXS/BTC,1594397741688,2020-07-10T16:15:41.688Z,buy,2.243e-05,56.0,0.00125608
NXS/BTC,1594397781635,2020-07-10T16:16:21.635Z,buy,2.244e-05,34.0,0.0007629599999999
NXS/BTC,1594397856176,2020-07-10T16:17:36.176Z,buy,2.244e-05,9.0,0.00020196
NXS/BTC,1594398044334,2020-07-10T16:20:44.334Z,buy,2.244e-05,9.0,0.00020196
NXS/BTC,1594398144576,2020-07-10T16:22:24.576Z,buy,2.244e-05,10.0,0.0002243999999999
NXS/BTC,1594398144576,2020-07-10T16:22:24.576Z,buy,2.245e-05,13.0,0.00029185
NXS/BTC,1594398148889,2020-07-10T16:22:28.889Z,buy,2.245e-05,9.0,0.00020205
NXS/BTC,1594398148889,2020-07-10T16:22:28.889Z,buy,2.245e-05,9.0,0.00020205
NXS/BTC,1594398194854,2020-07-10T16:23:14.854Z,buy,2.245e-05,9.0,0.00020205
NXS/BTC,1594398195236,2020-07-10T16:23:15.236Z,buy,2.245e-05,9.0,0.00020205
NXS/BTC,1594398202541,2020-07-10T16:23:22.541Z,buy,2.245e-05,2.0,4.49e-05
NXS/BTC,1594398230570,2020-07-10T16:23:50.570Z,buy,2.246e-05,9.0,0.0002021399999999
NXS/BTC,1594398250048,2020-07-10T16:24:10.048Z,buy,2.246e-05,74.0,0.0016620399999999
NXS/BTC,1594398250447,2020-07-10T16:24:10.447Z,sell,2.246e-05,15.0,0.0003369
NXS/BTC,1594398263338,2020-07-10T16:24:23.338Z,buy,2.247e-05,9.0,0.00020223
NXS/BTC,1594398265319,2020-07-10T16:24:25.319Z,buy,2.247e-05,7.0,0.00015729
NXS/BTC,1594398282349,2020-07-10T16:24:42.349Z,buy,2.247e-05,482.0,0.01083054
NXS/BTC,1594398282349,2020-07-10T16:24:42.349Z,buy,2.248e-05,8.0,0.00017984
NXS/BTC,1594398282349,2020-07-10T16:24:42.349Z,buy,2.249e-05,2108.0,0.04740892
NXS/BTC,1594398285014,2020-07-10T16:24:45.014Z,buy,2.249e-05,14.0,0.00031486
NXS/BTC,1594398317335,2020-07-10T16:25:17.335Z,buy,2.25e-05,14.0,0.000315
NXS/BTC,1594398400821,2020-07-10T16:26:40.821Z,buy,2.25e-05,2176.0,0.04896
NXS/BTC,1594398493188,2020-07-10T16:28:13.188Z,buy,2.25e-05,716.0,0.01611
NXS/BTC,1594398540450,2020-07-10T16:29:00.450Z,buy,2.249e-05,511.0,0.01149239
NXS/BTC,1594398578376,2020-07-10T16:29:38.376Z,buy,2.249e-05,23.0,0.00051727
NXS/BTC,1594398661669,2020-07-10T16:31:01.669Z,sell,2.249e-05,5.0,0.00011245
NXS/BTC,1594398662385,2020-07-10T16:31:02.385Z,sell,2.249e-05,379.0,0.00852371
NXS/BTC,1594398666327,2020-07-10T16:31:06.327Z,buy,2.25e-05,5.0,0.0001125
NXS/BTC,1594398695843,2020-07-10T16:31:35.843Z,buy,2.249e-05,20.0,0.0004498
NXS/BTC,1594398698384,2020-07-10T16:31:38.384Z,buy,2.249e-05,480.0,0.0107952
NXS/BTC,1594398701951,2020-07-10T16:31:41.951Z,buy,2.249e-05,304.0,0.0068369599999999
NXS/BTC,1594398740064,2020-07-10T16:32:20.064Z,buy,2.249e-05,5.0,0.00011245
NXS/BTC,1594398785086,2020-07-10T16:33:05.086Z,buy,2.249e-05,1369.0,0.03078881
NXS/BTC,1594398819607,2020-07-10T16:33:39.607Z,sell,2.246e-05,5.0,0.0001122999999999
NXS/BTC,1594398819607,2020-07-10T16:33:39.607Z,sell,2.237e-05,43.0,0.00096191
NXS/BTC,1594398819607,2020-07-10T16:33:39.607Z,sell,2.232e-05,15.0,0.0003348
NXS/BTC,1594398889835,2020-07-10T16:34:49.835Z,sell,2.235e-05,45.0,0.00100575
NXS/BTC,1594398889835,2020-07-10T16:34:49.835Z,sell,2.234e-05,1455.0,0.0325047
NXS/BTC,1594398903384,2020-07-10T16:35:03.384Z,buy,2.245e-05,10.0,0.0002245
NXS/BTC,1594399256641,2020-07-10T16:40:56.641Z,buy,2.239e-05,5.0,0.00011195
NXS/BTC,1594399311398,2020-07-10T16:41:51.398Z,buy,2.239e-05,543.0,0.01215777
NXS/BTC,1594399311408,2020-07-10T16:41:51.408Z,buy,2.24e-05,479.0,0.0107295999999999
NXS/BTC,1594399497314,2020-07-10T16:44:57.314Z,buy,2.245e-05,6.0,0.0001347
NXS/BTC,1594399497314,2020-07-10T16:44:57.314Z,buy,2.249e-05,5.0,0.00011245
NXS/BTC,1594399497314,2020-07-10T16:44:57.314Z,buy,2.25e-05,475.0,0.0106875
NXS/BTC,1594399527876,2020-07-10T16:45:27.876Z,sell,2.25e-05,7958.0,0.179055
NXS/BTC,1594399539371,2020-07-10T16:45:39.371Z,sell,2.24e-05,68.0,0.0015232
NXS/BTC,1594399539371,2020-07-10T16:45:39.371Z,sell,2.235e-05,133.0,0.00297255
NXS/BTC,1594399539371,2020-07-10T16:45:39.371Z,sell,2.233e-05,16.0,0.00035728
NXS/BTC,1594399539371,2020-07-10T16:45:39.371Z,sell,2.231e-05,181.0,0.00403811
NXS/BTC,1594399548701,2020-07-10T16:45:48.701Z,buy,2.248e-05,5.0,0.0001124
NXS/BTC,1594399550796,2020-07-10T16:45:50.796Z,buy,2.248e-05,52.0,0.00116896
NXS/BTC,1594399566249,2020-07-10T16:46:06.249Z,sell,2.232e-05,510.0,0.0113832
NXS/BTC,1594399638462,2020-07-10T16:47:18.462Z,buy,2.244e-05,95.0,0.0021317999999999
NXS/BTC,1594399638571,2020-07-10T16:47:18.571Z,buy,2.244e-05,97.0,0.00217668
NXS/BTC,1594399638676,2020-07-10T16:47:18.676Z,buy,2.244e-05,97.0,0.00217668
NXS/BTC,1594399915209,2020-07-10T16:51:55.209Z,buy,2.243e-05,671.0,0.01505053
NXS/BTC,1594400010925,2020-07-10T16:53:30.925Z,buy,2.247e-05,1153.0,0.02590791
NXS/BTC,1594400038516,2020-07-10T16:53:58.516Z,sell,2.247e-05,6.0,0.00013482
NXS/BTC,1594400162361,2020-07-10T16:56:02.361Z,sell,2.247e-05,248.0,0.00557256
NXS/BTC,1594400420139,2020-07-10T17:00:20.139Z,sell,2.247e-05,26.0,0.00058422
NXS/BTC,1594400420139,2020-07-10T17:00:20.139Z,sell,2.243e-05,156.0,0.00349908
NXS/BTC,1594400420139,2020-07-10T17:00:20.139Z,sell,2.238e-05,16.0,0.00035808
NXS/BTC,1594400420139,2020-07-10T17:00:20.139Z,sell,2.231e-05,178.0,0.00397118
NXS/BTC,1594400420139,2020-07-10T17:00:20.139Z,sell,2.23e-05,15.0,0.0003345
NXS/BTC,1594400420139,2020-07-10T17:00:20.139Z,sell,2.229e-05,7766.0,0.17310414
NXS/BTC,1594400420139,2020-07-10T17:00:20.139Z,sell,2.228e-05,127.0,0.00282956
NXS/BTC,1594400420139,2020-07-10T17:00:20.139Z,sell,2.227e-05,904.0,0.02013208
NXS/BTC,1594400420139,2020-07-10T17:00:20.139Z,sell,2.226e-05,4240.0,0.0943824
NXS/BTC,1594400420139,2020-07-10T17:00:20.139Z,sell,2.225e-05,28.0,0.000623
NXS/BTC,1594400420139,2020-07-10T17:00:20.139Z,sell,2.224e-05,33.0,0.00073392
NXS/BTC,1594400420139,2020-07-10T17:00:20.139Z,sell,2.223e-05,119.0,0.0026453699999999
NXS/BTC,1594400420139,2020-07-10T17:00:20.139Z,sell,2.222e-05,421.0,0.00935462
NXS/BTC,1594400420139,2020-07-10T17:00:20.139Z,sell,2.221e-05,5.0,0.0001110499999999
NXS/BTC,1594400420139,2020-07-10T17:00:20.139Z,sell,2.22e-05,957.0,0.0212454
NXS/BTC,1594400420139,2020-07-10T17:00:20.139Z,sell,2.219e-05,226.0,0.00501494
NXS/BTC,1594400420139,2020-07-10T17:00:20.139Z,sell,2.215e-05,90.0,0.0019935
NXS/BTC,1594400420139,2020-07-10T17:00:20.139Z,sell,2.214e-05,6.0,0.00013284
NXS/BTC,1594400420139,2020-07-10T17:00:20.139Z,sell,2.213e-05,813.0,0.01799169
NXS/BTC,1594400420139,2020-07-10T17:00:20.139Z,sell,2.212e-05,3065.0,0.0677978
NXS/BTC,1594400420139,2020-07-10T17:00:20.139Z,sell,2.21e-05,1563.0,0.0345423
NXS/BTC,1594400420139,2020-07-10T17:00:20.139Z,sell,2.209e-05,55.0,0.00121495
NXS/BTC,1594400420139,2020-07-10T17:00:20.139Z,sell,2.208e-05,382.0,0.0084345599999999
NXS/BTC,1594400420139,2020-07-10T17:00:20.139Z,sell,2.207e-05,3986.0,0.08797102
NXS/BTC,1594400420139,2020-07-10T17:00:20.139Z,sell,2.206e-05,1269.0,0.0279941399999999
NXS/BTC,1594400420139,2020-07-10T17:00:20.139Z,sell,2.205e-05,6.0,0.0001323
NXS/BTC,1594400420139,2020-07-10T17:00:20.139Z,sell,2.204e-05,34.0,0.0007493599999999
NXS/BTC,1594400420139,2020-07-10T17:00:20.139Z,sell,2.203e-05,298.0,0.00656494
NXS/BTC,1594400420139,2020-07-10T17:00:20.139Z,sell,2.201e-05,90.0,0.0019809
NXS/BTC,1594400420139,2020-07-10T17:00:20.139Z,sell,2.2e-05,146.0,0.003212
NXS/BTC,1594400420139,2020-07-10T17:00:20.139Z,sell,2.199e-05,6.0,0.00013194
NXS/BTC,1594400420139,2020-07-10T17:00:20.139Z,sell,2.198e-05,605.0,0.0132979
NXS/BTC,1594400420139,2020-07-10T17:00:20.139Z,sell,2.196e-05,63.0,0.00138348
NXS/BTC,1594400420139,2020-07-10T17:00:20.139Z,sell,2.193e-05,522.0,0.01144746
NXS/BTC,1594400420139,2020-07-10T17:00:20.139Z,sell,2.191e-05,5.0,0.0001095499999999
NXS/BTC,1594400420139,2020-07-10T17:00:20.139Z,sell,2.19e-05,532.0,0.0116508
NXS/BTC,1594400420139,2020-07-10T17:00:20.139Z,sell,2.189e-05,6847.0,0.14988083
NXS/BTC,1594400420139,2020-07-10T17:00:20.139Z,sell,2.187e-05,368.0,0.00804816
NXS/BTC,1594400420139,2020-07-10T17:00:20.139Z,sell,2.186e-05,13.0,0.00028418
NXS/BTC,1594400420139,2020-07-10T17:00:20.139Z,sell,2.185e-05,545.0,0.0119082499999999
NXS/BTC,1594400420139,2020-07-10T17:00:20.139Z,sell,2.184e-05,85.0,0.0018564
NXS/BTC,1594400420163,2020-07-10T17:00:20.163Z,buy,2.189e-05,26.0,0.00056914
NXS/BTC,1594400420163,2020-07-10T17:00:20.163Z,buy,2.19e-05,44.0,0.0009636
NXS/BTC,1594400420404,2020-07-10T17:00:20.404Z,sell,2.23e-05,6662.0,0.1485626
NXS/BTC,1594400420408,2020-07-10T17:00:20.408Z,sell,2.209e-05,15.0,0.00033135
NXS/BTC,1594400420408,2020-07-10T17:00:20.408Z,sell,2.208e-05,453.0,0.0100022399999999
NXS/BTC,1594400420785,2020-07-10T17:00:20.785Z,buy,2.227e-05,185.0,0.00411995
NXS/BTC,1594400421654,2020-07-10T17:00:21.654Z,sell,2.227e-05,185.0,0.00411995
NXS/BTC,1594400421686,2020-07-10T17:00:21.686Z,buy,2.227e-05,86.0,0.0019152199999999
NXS/BTC,1594400422419,2020-07-10T17:00:22.419Z,buy,2.229e-05,15.0,0.0003343499999999
NXS/BTC,1594400422506,2020-07-10T17:00:22.506Z,sell,2.227e-05,91.0,0.0020265699999999
NXS/BTC,1594400422528,2020-07-10T17:00:22.528Z,sell,2.227e-05,8.0,0.00017816
NXS/BTC,1594400422528,2020-07-10T17:00:22.528Z,sell,2.209e-05,12.0,0.00026508
NXS/BTC,1594400422725,2020-07-10T17:00:22.725Z,buy,2.215e-05,90.0,0.0019935
NXS/BTC,1594400423876,2020-07-10T17:00:23.876Z,buy,2.229e-05,103.0,0.0022958699999999
NXS/BTC,1594400423876,2020-07-10T17:00:23.876Z,buy,2.231e-05,1087.0,0.02425097
NXS/BTC,1594400424099,2020-07-10T17:00:24.099Z,sell,2.227e-05,95.0,0.0021156499999999
NXS/BTC,1594400424099,2020-07-10T17:00:24.099Z,sell,2.209e-05,126.0,0.00278334
NXS/BTC,1594400424099,2020-07-10T17:00:24.099Z,sell,2.208e-05,77.0,0.0017001599999999
NXS/BTC,1594400424124,2020-07-10T17:00:24.124Z,sell,2.208e-05,6.0,0.0001324799999999
NXS/BTC,1594400424280,2020-07-10T17:00:24.280Z,buy,2.209e-05,10.0,0.0002209
NXS/BTC,1594400424280,2020-07-10T17:00:24.280Z,buy,2.222e-05,298.0,0.00662156
NXS/BTC,1594400424280,2020-07-10T17:00:24.280Z,buy,2.231e-05,67.0,0.00149477
NXS/BTC,1594400424564,2020-07-10T17:00:24.564Z,buy,2.212e-05,6.0,0.00013272
NXS/BTC,1594400424619,2020-07-10T17:00:24.619Z,sell,2.227e-05,9.0,0.0002004299999999
NXS/BTC,1594400424780,2020-07-10T17:00:24.780Z,sell,2.227e-05,6.0,0.0001336199999999
NXS/BTC,1594400427700,2020-07-10T17:00:27.700Z,sell,2.227e-05,349.0,0.00777223
NXS/BTC,1594400430359,2020-07-10T17:00:30.359Z,buy,2.225e-05,24.0,0.000534
NXS/BTC,1594400430359,2020-07-10T17:00:30.359Z,buy,2.229e-05,89.0,0.00198381
NXS/BTC,1594400430906,2020-07-10T17:00:30.906Z,buy,2.23e-05,55.0,0.0012265
NXS/BTC,1594400431255,2020-07-10T17:00:31.255Z,buy,2.23e-05,844.0,0.0188212
NXS/BTC,1594400433375,2020-07-10T17:00:33.375Z,buy,2.231e-05,5.0,0.00011155
NXS/BTC,1594400436206,2020-07-10T17:00:36.206Z,buy,2.231e-05,256.0,0.00571136
NXS/BTC,1594400440577,2020-07-10T17:00:40.577Z,sell,2.229e-05,232.0,0.0051712799999999
NXS/BTC,1594400440577,2020-07-10T17:00:40.577Z,sell,2.227e-05,185.0,0.00411995
NXS/BTC,1594400440577,2020-07-10T17:00:40.577Z,sell,2.22e-05,16.0,0.0003552
NXS/BTC,1594400441000,2020-07-10T17:00:41.000Z,buy,2.22e-05,85.0,0.001887
NXS/BTC,1594400444735,2020-07-10T17:00:44.735Z,buy,2.22e-05,90.0,0.001998
NXS/BTC,1594400446506,2020-07-10T17:00:46.506Z,sell,2.215e-05,90.0,0.0019935
NXS/BTC,1594400446506,2020-07-10T17:00:46.506Z,sell,2.212e-05,6.0,0.00013272
NXS/BTC,1594400446506,2020-07-10T17:00:46.506Z,sell,2.207e-05,90.0,0.0019863
NXS/BTC,1594400446506,2020-07-10T17:00:46.506Z,sell,2.206e-05,54.0,0.0011912399999999
NXS/BTC,1594400446506,2020-07-10T17:00:46.506Z,sell,2.205e-05,1635.0,0.03605175
NXS/BTC,1594400448385,2020-07-10T17:00:48.385Z,buy,2.219e-05,14.0,0.00031066
NXS/BTC,1594400450393,2020-07-10T17:00:50.393Z,buy,2.217e-05,15.0,0.00033255
NXS/BTC,1594400452350,2020-07-10T17:00:52.350Z,buy,2.207e-05,797.0,0.01758979
NXS/BTC,1594400465861,2020-07-10T17:01:05.861Z,buy,2.215e-05,35.0,0.00077525
NXS/BTC,1594400479854,2020-07-10T17:01:19.854Z,buy,2.215e-05,5.0,0.00011075
NXS/BTC,1594400480301,2020-07-10T17:01:20.301Z,sell,2.207e-05,6.0,0.00013242
NXS/BTC,1594400480301,2020-07-10T17:01:20.301Z,sell,2.206e-05,2007.0,0.0442744199999999
NXS/BTC,1594400481418,2020-07-10T17:01:21.418Z,buy,2.206e-05,24.0,0.0005294399999999
NXS/BTC,1594400495933,2020-07-10T17:01:35.933Z,sell,2.205e-05,91.0,0.00200655
NXS/BTC,1594400499449,2020-07-10T17:01:39.449Z,buy,2.206e-05,2093.0,0.04617158
NXS/BTC,1594400516070,2020-07-10T17:01:56.070Z,sell,2.207e-05,336.0,0.00741552
NXS/BTC,1594400516070,2020-07-10T17:01:56.070Z,sell,2.206e-05,305.0,0.0067282999999999
NXS/BTC,1594400516070,2020-07-10T17:01:56.070Z,sell,2.205e-05,646.0,0.0142443
NXS/BTC,1594400517749,2020-07-10T17:01:57.749Z,buy,2.205e-05,6.0,0.0001323
NXS/BTC,1594400518966,2020-07-10T17:01:58.966Z,sell,2.204e-05,1424.0,0.0313849599999999
NXS/BTC,1594400518966,2020-07-10T17:01:58.966Z,sell,2.203e-05,2336.0,0.05146208
NXS/BTC,1594400569449,2020-07-10T17:02:49.449Z,buy,2.205e-05,1618.0,0.0356769
NXS/BTC,1594400576772,2020-07-10T17:02:56.772Z,buy,2.205e-05,90.0,0.0019845
NXS/BTC,1594400580129,2020-07-10T17:03:00.129Z,buy,2.205e-05,219.0,0.00482895
NXS/BTC,1594400580527,2020-07-10T17:03:00.527Z,buy,2.205e-05,5.0,0.00011025
NXS/BTC,1594400581444,2020-07-10T17:03:01.444Z,buy,2.205e-05,15.0,0.00033075
NXS/BTC,1594400622103,2020-07-10T17:03:42.103Z,buy,2.205e-05,15.0,0.00033075
NXS/BTC,1594400639593,2020-07-10T17:03:59.593Z,buy,2.205e-05,1594.0,0.0351477
NXS/BTC,1594400738808,2020-07-10T17:05:38.808Z,buy,2.212e-05,5.0,0.0001106
NXS/BTC,1594400738808,2020-07-10T17:05:38.808Z,buy,2.216e-05,1.0,2.216e-05
NXS/BTC,1594400955083,2020-07-10T17:09:15.083Z,buy,2.216e-05,146.0,0.00323536
NXS/BTC,1594401182516,2020-07-10T17:13:02.516Z,sell,2.216e-05,96.0,0.00212736
NXS/BTC,1594401182516,2020-07-10T17:13:02.516Z,sell,2.21e-05,37.0,0.0008177
NXS/BTC,1594401182524,2020-07-10T17:13:02.524Z,buy,2.217e-05,669.0,0.01483173
NXS/BTC,1594401221195,2020-07-10T17:13:41.195Z,sell,2.21e-05,1130.0,0.024973
NXS/BTC,1594401335383,2020-07-10T17:15:35.383Z,buy,2.218e-05,5.0,0.0001109
NXS/BTC,1594401335793,2020-07-10T17:15:35.793Z,sell,2.21e-05,1060.0,0.023426
NXS/BTC,1594401479726,2020-07-10T17:17:59.726Z,sell,2.21e-05,453.0,0.0100112999999999
NXS/BTC,1594401527653,2020-07-10T17:18:47.653Z,sell,2.21e-05,399.0,0.0088179
NXS/BTC,1594401527653,2020-07-10T17:18:47.653Z,sell,2.209e-05,6306.0,0.13929954
NXS/BTC,1594401527671,2020-07-10T17:18:47.671Z,sell,2.207e-05,1282.0,0.02829374
NXS/BTC,1594401527671,2020-07-10T17:18:47.671Z,sell,2.203e-05,326.0,0.00718178
NXS/BTC,1594401579333,2020-07-10T17:19:39.333Z,sell,2.203e-05,561.0,0.01235883
NXS/BTC,1594401579400,2020-07-10T17:19:39.400Z,buy,2.203e-05,16.0,0.00035248
NXS/BTC,1594401581073,2020-07-10T17:19:41.073Z,buy,2.203e-05,5.0,0.00011015
NXS/BTC,1594401591181,2020-07-10T17:19:51.181Z,buy,2.203e-05,5.0,0.00011015
NXS/BTC,1594401633438,2020-07-10T17:20:33.438Z,sell,2.202e-05,48.0,0.00105696
NXS/BTC,1594401633438,2020-07-10T17:20:33.438Z,sell,2.201e-05,134.0,0.00294934
NXS/BTC,1594401633438,2020-07-10T17:20:33.438Z,sell,2.2e-05,8.0,0.000176
NXS/BTC,1594401633438,2020-07-10T17:20:33.438Z,sell,2.199e-05,19.0,0.00041781
NXS/BTC,1594401633438,2020-07-10T17:20:33.438Z,sell,2.198e-05,986.0,0.02167228
NXS/BTC,1594401633438,2020-07-10T17:20:33.438Z,sell,2.196e-05,228.0,0.00500688
NXS/BTC,1594401633438,2020-07-10T17:20:33.438Z,sell,2.194e-05,1591.0,0.03490654
NXS/BTC,1594401633496,2020-07-10T17:20:33.496Z,buy,2.194e-05,1089.0,0.02389266
NXS/BTC,1594401633700,2020-07-10T17:20:33.700Z,sell,2.193e-05,666.0,0.01460538
NXS/BTC,1594401633802,2020-07-10T17:20:33.802Z,sell,2.193e-05,2360.0,0.0517548
NXS/BTC,1594401634036,2020-07-10T17:20:34.036Z,sell,2.191e-05,358.0,0.00784378
NXS/BTC,1594401634924,2020-07-10T17:20:34.924Z,buy,2.194e-05,5.0,0.0001097
NXS/BTC,1594401634992,2020-07-10T17:20:34.992Z,sell,2.191e-05,840.0,0.0184043999999999
NXS/BTC,1594401635669,2020-07-10T17:20:35.669Z,sell,2.191e-05,181.0,0.00396571
NXS/BTC,1594401638920,2020-07-10T17:20:38.920Z,buy,2.194e-05,741.0,0.01625754
NXS/BTC,1594401653015,2020-07-10T17:20:53.015Z,buy,2.194e-05,15.0,0.0003291
NXS/BTC,1594401658626,2020-07-10T17:20:58.626Z,buy,2.194e-05,180.0,0.0039492
NXS/BTC,1594401662186,2020-07-10T17:21:02.186Z,buy,2.194e-05,1708.0,0.03747352
NXS/BTC,1594401662902,2020-07-10T17:21:02.902Z,buy,2.194e-05,14.0,0.00030716
NXS/BTC,1594401670203,2020-07-10T17:21:10.203Z,buy,2.194e-05,50.0,0.001097
NXS/BTC,1594401671320,2020-07-10T17:21:11.320Z,buy,2.194e-05,112.0,0.00245728
NXS/BTC,1594401677019,2020-07-10T17:21:17.019Z,sell,2.191e-05,64.0,0.00140224
NXS/BTC,1594401685317,2020-07-10T17:21:25.317Z,buy,2.194e-05,14.0,0.00030716
NXS/BTC,1594401685470,2020-07-10T17:21:25.470Z,buy,2.194e-05,29.0,0.00063626
NXS/BTC,1594401705696,2020-07-10T17:21:45.696Z,sell,2.191e-05,324.0,0.0070988399999999
NXS/BTC,1594401744748,2020-07-10T17:22:24.748Z,sell,2.194e-05,1869.0,0.04100586
NXS/BTC,1594401744748,2020-07-10T17:22:24.748Z,sell,2.193e-05,112.0,0.0024561599999999
NXS/BTC,1594401744748,2020-07-10T17:22:24.748Z,sell,2.192e-05,260.0,0.0056992
NXS/BTC,1594401744748,2020-07-10T17:22:24.748Z,sell,2.191e-05,60.0,0.0013146
NXS/BTC,1594401744748,2020-07-10T17:22:24.748Z,sell,2.194e-05,1869.0,0.04100586
NXS/BTC,1594401744748,2020-07-10T17:22:24.748Z,sell,2.193e-05,112.0,0.0024561599999999
NXS/BTC,1594401744748,2020-07-10T17:22:24.748Z,sell,2.192e-05,260.0,0.0056992
NXS/BTC,1594401744748,2020-07-10T17:22:24.748Z,sell,2.191e-05,60.0,0.0013146
NXS/BTC,1594401756405,2020-07-10T17:22:36.405Z,sell,2.191e-05,2767.0,0.0606249699999999
NXS/BTC,1594401790600,2020-07-10T17:23:10.600Z,buy,2.2e-05,21.0,0.000462
NXS/BTC,1594401790600,2020-07-10T17:23:10.600Z,buy,2.201e-05,5.0,0.00011005
NXS/BTC,1594401790600,2020-07-10T17:23:10.600Z,buy,2.203e-05,8.0,0.00017624
NXS/BTC,1594401790614,2020-07-10T17:23:10.614Z,buy,2.203e-05,83.0,0.00182849
NXS/BTC,1594401896759,2020-07-10T17:24:56.759Z,buy,2.205e-05,5.0,0.00011025
NXS/BTC,1594401896759,2020-07-10T17:24:56.759Z,buy,2.208e-05,5.0,0.0001104
NXS/BTC,1594402080295,2020-07-10T17:28:00.295Z,buy,2.207e-05,50.0,0.0011035
NXS/BTC,1594402080295,2020-07-10T17:28:00.295Z,buy,2.208e-05,306.0,0.00675648
NXS/BTC,1594402080295,2020-07-10T17:28:00.295Z,buy,2.212e-05,11.0,0.00024332
NXS/BTC,1594402080295,2020-07-10T17:28:00.295Z,buy,2.213e-05,112.0,0.00247856
NXS/BTC,1594402080295,2020-07-10T17:28:00.295Z,buy,2.214e-05,2114.0,0.04680396
NXS/BTC,1594402080417,2020-07-10T17:28:00.417Z,sell,2.214e-05,3191.0,0.07064874
NXS/BTC,1594402083467,2020-07-10T17:28:03.467Z,sell,2.214e-05,320.0,0.0070848
NXS/BTC,1594402085005,2020-07-10T17:28:05.005Z,sell,2.214e-05,14.0,0.00030996
NXS/BTC,1594402092593,2020-07-10T17:28:12.593Z,sell,2.214e-05,463.0,0.01025082
NXS/BTC,1594402176181,2020-07-10T17:29:36.181Z,sell,2.214e-05,856.0,0.01895184
NXS/BTC,1594402332355,2020-07-10T17:32:12.355Z,buy,2.215e-05,96.0,0.0021264
NXS/BTC,1594402332355,2020-07-10T17:32:12.355Z,buy,2.216e-05,5.0,0.0001108
NXS/BTC,1594402332355,2020-07-10T17:32:12.355Z,buy,2.219e-05,5.0,0.00011095
NXS/BTC,1594402332355,2020-07-10T17:32:12.355Z,buy,2.22e-05,18.0,0.0003996
NXS/BTC,1594402332355,2020-07-10T17:32:12.355Z,buy,2.222e-05,2627.0,0.05837194
NXS/BTC,1594402366136,2020-07-10T17:32:46.136Z,sell,2.214e-05,561.0,0.01242054
NXS/BTC,1594402381862,2020-07-10T17:33:01.862Z,sell,2.214e-05,228.0,0.00504792
NXS/BTC,1594402381877,2020-07-10T17:33:01.877Z,sell,2.214e-05,807.0,0.01786698
NXS/BTC,1594402628697,2020-07-10T17:37:08.697Z,sell,2.214e-05,5.0,0.0001107
NXS/BTC,1594402636205,2020-07-10T17:37:16.205Z,buy,2.217e-05,5.0,0.00011085
NXS/BTC,1594402658786,2020-07-10T17:37:38.786Z,buy,2.217e-05,331.0,0.00733827
NXS/BTC,1594402718112,2020-07-10T17:38:38.112Z,buy,2.218e-05,748.0,0.01659064
NXS/BTC,1594402731074,2020-07-10T17:38:51.074Z,buy,2.222e-05,5.0,0.0001111
NXS/BTC,1594403148888,2020-07-10T17:45:48.888Z,buy,2.219e-05,60.0,0.0013314
NXS/BTC,1594403148888,2020-07-10T17:45:48.888Z,buy,2.22e-05,10000.0,0.222
NXS/BTC,1594403150482,2020-07-10T17:45:50.482Z,sell,2.22e-05,15.0,0.000333
NXS/BTC,1594403181578,2020-07-10T17:46:21.578Z,sell,2.214e-05,25.0,0.0005535
NXS/BTC,1594403294043,2020-07-10T17:48:14.043Z,buy,2.223e-05,11.0,0.0002445299999999
NXS/BTC,1594403294043,2020-07-10T17:48:14.043Z,buy,2.224e-05,33.0,0.00073392
NXS/BTC,1594403294043,2020-07-10T17:48:14.043Z,buy,2.225e-05,56.0,0.001246
NXS/BTC,1594403305253,2020-07-10T17:48:25.253Z,buy,2.225e-05,49.0,0.0010902499999999
NXS/BTC,1594403315519,2020-07-10T17:48:35.519Z,buy,2.225e-05,1330.0,0.0295924999999999
NXS/BTC,1594403325257,2020-07-10T17:48:45.257Z,buy,2.225e-05,17.0,0.00037825
NXS/BTC,1594403332912,2020-07-10T17:48:52.912Z,buy,2.225e-05,32.0,0.000712
NXS/BTC,1594403338363,2020-07-10T17:48:58.363Z,buy,2.225e-05,8.0,0.000178
NXS/BTC,1594403347984,2020-07-10T17:49:07.984Z,buy,2.225e-05,48.0,0.001068
NXS/BTC,1594403360218,2020-07-10T17:49:20.218Z,buy,2.225e-05,81.0,0.0018022499999999
NXS/BTC,1594403360860,2020-07-10T17:49:20.860Z,sell,2.22e-05,23.0,0.0005106
NXS/BTC,1594403361803,2020-07-10T17:49:21.803Z,sell,2.22e-05,23.0,0.0005106
NXS/BTC,1594403369808,2020-07-10T17:49:29.808Z,buy,2.225e-05,27.0,0.0006007499999999
NXS/BTC,1594403378101,2020-07-10T17:49:38.101Z,buy,2.225e-05,42.0,0.0009345
NXS/BTC,1594403390966,2020-07-10T17:49:50.966Z,buy,2.225e-05,686.0,0.0152635
NXS/BTC,1594403398814,2020-07-10T17:49:58.814Z,sell,2.225e-05,1072.0,0.0238519999999999
NXS/BTC,1594403466949,2020-07-10T17:51:06.949Z,sell,2.221e-05,299.0,0.00664079
NXS/BTC,1594403658352,2020-07-10T17:54:18.352Z,sell,2.221e-05,61.0,0.00135481
NXS/BTC,1594403734588,2020-07-10T17:55:34.588Z,buy,2.226e-05,13.0,0.00028938
NXS/BTC,1594403746122,2020-07-10T17:55:46.122Z,buy,2.226e-05,41.0,0.00091266
NXS/BTC,1594403785681,2020-07-10T17:56:25.681Z,sell,2.221e-05,542.0,0.01203782
NXS/BTC,1594403864082,2020-07-10T17:57:44.082Z,sell,2.216e-05,6.0,0.00013296
NXS/BTC,1594403885288,2020-07-10T17:58:05.288Z,buy,2.226e-05,6.0,0.00013356
NXS/BTC,1594403900771,2020-07-10T17:58:20.771Z,buy,2.226e-05,5.0,0.0001113
NXS/BTC,1594403910826,2020-07-10T17:58:30.826Z,buy,2.226e-05,31.0,0.00069006
NXS/BTC,1594403922060,2020-07-10T17:58:42.060Z,buy,2.226e-05,25.0,0.0005565
NXS/BTC,1594403939499,2020-07-10T17:58:59.499Z,buy,2.226e-05,5.0,0.0001113
NXS/BTC,1594403974324,2020-07-10T17:59:34.324Z,buy,2.226e-05,17.0,0.00037842
NXS/BTC,1594403980878,2020-07-10T17:59:40.878Z,sell,2.226e-05,14.0,0.00031164
NXS/BTC,1594403987695,2020-07-10T17:59:47.695Z,buy,2.227e-05,6.0,0.0001336199999999
NXS/BTC,1594403995192,2020-07-10T17:59:55.192Z,buy,2.227e-05,32.0,0.00071264
NXS/BTC,1594404005204,2020-07-10T18:00:05.204Z,buy,2.227e-05,11.0,0.00024497
NXS/BTC,1594404013481,2020-07-10T18:00:13.481Z,buy,2.227e-05,1919.0,0.04273613
NXS/BTC,1594404031354,2020-07-10T18:00:31.354Z,buy,2.225e-05,372.0,0.008277
NXS/BTC,1594404039320,2020-07-10T18:00:39.320Z,sell,2.225e-05,22.0,0.0004894999999999
NXS/BTC,1594404039327,2020-07-10T18:00:39.327Z,sell,2.225e-05,378.0,0.0084105
NXS/BTC,1594404061262,2020-07-10T18:01:01.262Z,buy,2.227e-05,5648.0,0.12578096
NXS/BTC,1594404097615,2020-07-10T18:01:37.615Z,buy,2.219e-05,5.0,0.00011095
NXS/BTC,1594404110605,2020-07-10T18:01:50.605Z,buy,2.219e-05,527.0,0.01169413
NXS/BTC,1594404121047,2020-07-10T18:02:01.047Z,sell,2.22e-05,66.0,0.0014652
NXS/BTC,1594404121047,2020-07-10T18:02:01.047Z,sell,2.219e-05,2094.0,0.04646586
NXS/BTC,1594404121047,2020-07-10T18:02:01.047Z,sell,2.216e-05,26.0,0.00057616
NXS/BTC,1594404121047,2020-07-10T18:02:01.047Z,sell,2.214e-05,123.0,0.00272322
NXS/BTC,1594404121047,2020-07-10T18:02:01.047Z,sell,2.212e-05,20.0,0.0004424
NXS/BTC,1594404167037,2020-07-10T18:02:47.037Z,sell,2.208e-05,6075.0,0.134136
NXS/BTC,1594404167037,2020-07-10T18:02:47.037Z,sell,2.205e-05,752.0,0.0165816
NXS/BTC,1594404167037,2020-07-10T18:02:47.037Z,sell,2.204e-05,214.0,0.00471656
NXS/BTC,1594404167037,2020-07-10T18:02:47.037Z,sell,2.203e-05,298.0,0.00656494
NXS/BTC,1594404167037,2020-07-10T18:02:47.037Z,sell,2.201e-05,310.0,0.0068231
NXS/BTC,1594404167924,2020-07-10T18:02:47.924Z,buy,2.2e-05,14.0,0.000308
NXS/BTC,1594404169106,2020-07-10T18:02:49.106Z,buy,2.2e-05,1086.0,0.023892
NXS/BTC,1594404175085,2020-07-10T18:02:55.085Z,buy,2.2e-05,30.0,0.00066
NXS/BTC,1594404187943,2020-07-10T18:03:07.943Z,buy,2.2e-05,636.0,0.013992
NXS/BTC,1594404307314,2020-07-10T18:05:07.314Z,sell,2.204e-05,563.0,0.01240852
NXS/BTC,1594404329027,2020-07-10T18:05:29.027Z,buy,2.208e-05,5.0,0.0001104
NXS/BTC,1594404490482,2020-07-10T18:08:10.482Z,sell,2.204e-05,5.0,0.0001102
NXS/BTC,1594404517854,2020-07-10T18:08:37.854Z,buy,2.212e-05,50.0,0.001106
NXS/BTC,1594404574125,2020-07-10T18:09:34.125Z,buy,2.215e-05,296.0,0.0065563999999999
NXS/BTC,1594404704980,2020-07-10T18:11:44.980Z,buy,2.215e-05,66.0,0.0014619
NXS/BTC,1594404704980,2020-07-10T18:11:44.980Z,buy,2.216e-05,5.0,0.0001108
NXS/BTC,1594404704980,2020-07-10T18:11:44.980Z,buy,2.218e-05,16.0,0.00035488
NXS/BTC,1594405222570,2020-07-10T18:20:22.570Z,buy,2.217e-05,5.0,0.00011085
NXS/BTC,1594405325498,2020-07-10T18:22:05.498Z,sell,2.203e-05,624.0,0.01374672
NXS/BTC,1594405325498,2020-07-10T18:22:05.498Z,sell,2.203e-05,624.0,0.01374672
NXS/BTC,1594405429274,2020-07-10T18:23:49.274Z,buy,2.21e-05,46.0,0.0010165999999999
NXS/BTC,1594405429357,2020-07-10T18:23:49.357Z,buy,2.21e-05,5.0,0.0001104999999999
NXS/BTC,1594405429731,2020-07-10T18:23:49.731Z,buy,2.21e-05,10.0,0.0002209999999999
NXS/BTC,1594405430220,2020-07-10T18:23:50.220Z,buy,2.21e-05,5.0,0.0001104999999999
NXS/BTC,1594405433278,2020-07-10T18:23:53.278Z,buy,2.21e-05,134.0,0.0029614
NXS/BTC,1594405433278,2020-07-10T18:23:53.278Z,buy,2.216e-05,92.0,0.00203872
NXS/BTC,1594406201152,2020-07-10T18:36:41.152Z,buy,2.217e-05,6.0,0.00013302
NXS/BTC,1594406201152,2020-07-10T18:36:41.152Z,buy,2.218e-05,8.0,0.00017744
NXS/BTC,1594406201152,2020-07-10T18:36:41.152Z,buy,2.219e-05,10.0,0.0002219
NXS/BTC,1594406201152,2020-07-10T18:36:41.152Z,buy,2.22e-05,175.0,0.003885
NXS/BTC,1594406233459,2020-07-10T18:37:13.459Z,sell,2.22e-05,134.0,0.0029748
NXS/BTC,1594406544414,2020-07-10T18:42:24.414Z,buy,2.221e-05,5.0,0.0001110499999999
NXS/BTC,1594407272998,2020-07-10T18:54:32.998Z,buy,2.221e-05,6.0,0.00013326
NXS/BTC,1594407288382,2020-07-10T18:54:48.382Z,buy,2.221e-05,102.0,0.0022654199999999
NXS/BTC,1594407380576,2020-07-10T18:56:20.576Z,buy,2.221e-05,26.0,0.00057746
NXS/BTC,1594407380592,2020-07-10T18:56:20.592Z,sell,2.221e-05,200.0,0.004442
NXS/BTC,1594407626857,2020-07-10T19:00:26.857Z,buy,2.222e-05,900.0,0.019998
NXS/BTC,1594407714130,2020-07-10T19:01:54.130Z,buy,2.221e-05,430.0,0.0095503
NXS/BTC,1594407916548,2020-07-10T19:05:16.548Z,buy,2.222e-05,34.0,0.00075548
NXS/BTC,1594407916600,2020-07-10T19:05:16.600Z,buy,2.223e-05,573.0,0.0127377899999999
NXS/BTC,1594407916600,2020-07-10T19:05:16.600Z,buy,2.224e-05,144.0,0.00320256
NXS/BTC,1594407916600,2020-07-10T19:05:16.600Z,buy,2.225e-05,59.0,0.00131275
NXS/BTC,1594407916600,2020-07-10T19:05:16.600Z,buy,2.226e-05,3026.0,0.06735876
NXS/BTC,1594407916600,2020-07-10T19:05:16.600Z,buy,2.227e-05,180.0,0.0040085999999999
NXS/BTC,1594407945856,2020-07-10T19:05:45.856Z,sell,2.222e-05,132.0,0.00293304
NXS/BTC,1594407975930,2020-07-10T19:06:15.930Z,buy,2.228e-05,5.0,0.0001114
NXS/BTC,1594407976703,2020-07-10T19:06:16.703Z,buy,2.228e-05,9.0,0.00020052
NXS/BTC,1594407998857,2020-07-10T19:06:38.857Z,buy,2.228e-05,47.0,0.00104716
NXS/BTC,1594408093395,2020-07-10T19:08:13.395Z,buy,2.228e-05,205.0,0.0045674
NXS/BTC,1594408093409,2020-07-10T19:08:13.409Z,sell,2.228e-05,853.0,0.01900484
NXS/BTC,1594408166896,2020-07-10T19:09:26.896Z,buy,2.229e-05,9.0,0.00020061
NXS/BTC,1594408266047,2020-07-10T19:11:06.047Z,buy,2.229e-05,76.0,0.00169404
NXS/BTC,1594408295838,2020-07-10T19:11:35.838Z,sell,2.222e-05,50.0,0.001111
NXS/BTC,1594408322590,2020-07-10T19:12:02.590Z,sell,2.222e-05,250.0,0.005555
NXS/BTC,1594408910387,2020-07-10T19:21:50.387Z,buy,2.225e-05,5.0,0.00011125
NXS/BTC,1594408914996,2020-07-10T19:21:54.996Z,sell,2.224e-05,5.0,0.0001112
NXS/BTC,1594408914996,2020-07-10T19:21:54.996Z,sell,2.224e-05,5.0,0.0001112
NXS/BTC,1594408930688,2020-07-10T19:22:10.688Z,buy,2.224e-05,9.0,0.00020016
NXS/BTC,1594408931150,2020-07-10T19:22:11.150Z,buy,2.224e-05,9.0,0.00020016
NXS/BTC,1594408940431,2020-07-10T19:22:20.431Z,buy,2.224e-05,5.0,0.0001112
NXS/BTC,1594409008585,2020-07-10T19:23:28.585Z,sell,2.222e-05,298.0,0.00662156
NXS/BTC,1594409016128,2020-07-10T19:23:36.128Z,buy,2.227e-05,31.0,0.0006903699999999
NXS/BTC,1594409057167,2020-07-10T19:24:17.167Z,buy,2.227e-05,10.0,0.0002227
NXS/BTC,1594409068583,2020-07-10T19:24:28.583Z,buy,2.227e-05,11.0,0.00024497
NXS/BTC,1594409080049,2020-07-10T19:24:40.049Z,buy,2.229e-05,9.0,0.00020061
NXS/BTC,1594409089431,2020-07-10T19:24:49.431Z,buy,2.229e-05,9.0,0.00020061
NXS/BTC,1594409140132,2020-07-10T19:25:40.132Z,sell,2.222e-05,5.0,0.0001111
NXS/BTC,1594409457158,2020-07-10T19:30:57.158Z,buy,2.229e-05,67.0,0.0014934299999999
NXS/BTC,1594409683320,2020-07-10T19:34:43.320Z,sell,2.229e-05,19.0,0.00042351
NXS/BTC,1594409696644,2020-07-10T19:34:56.644Z,buy,2.23e-05,5.0,0.0001115
NXS/BTC,1594409753324,2020-07-10T19:35:53.324Z,buy,2.23e-05,9.0,0.0002007
NXS/BTC,1594409850219,2020-07-10T19:37:30.219Z,buy,2.23e-05,8.0,0.0001784
NXS/BTC,1594410147337,2020-07-10T19:42:27.337Z,buy,2.23e-05,5.0,0.0001115
NXS/BTC,1594410164959,2020-07-10T19:42:44.959Z,buy,2.23e-05,3135.0,0.0699105
NXS/BTC,1594410164959,2020-07-10T19:42:44.959Z,buy,2.231e-05,89.0,0.00198559
NXS/BTC,1594410164959,2020-07-10T19:42:44.959Z,buy,2.232e-05,774.0,0.0172756799999999
NXS/BTC,1594410277661,2020-07-10T19:44:37.661Z,buy,2.23e-05,9.0,0.0002007
NXS/BTC,1594410284588,2020-07-10T19:44:44.588Z,buy,2.23e-05,5.0,0.0001115
NXS/BTC,1594410292014,2020-07-10T19:44:52.014Z,buy,2.23e-05,9.0,0.0002007
NXS/BTC,1594410398010,2020-07-10T19:46:38.010Z,buy,2.23e-05,14.0,0.0003122
NXS/BTC,1594410419348,2020-07-10T19:46:59.348Z,buy,2.23e-05,242.0,0.0053966
NXS/BTC,1594410438390,2020-07-10T19:47:18.390Z,sell,2.222e-05,3402.0,0.07559244
NXS/BTC,1594411158452,2020-07-10T19:59:18.452Z,sell,2.222e-05,2173.0,0.04828406
NXS/BTC,1594412470818,2020-07-10T20:21:10.818Z,buy,2.233e-05,68.0,0.00151844
NXS/BTC,1594412470818,2020-07-10T20:21:10.818Z,buy,2.234e-05,228.0,0.00509352
NXS/BTC,1594412470818,2020-07-10T20:21:10.818Z,buy,2.236e-05,65.0,0.0014533999999999
NXS/BTC,1594412470818,2020-07-10T20:21:10.818Z,buy,2.237e-05,37.0,0.00082769
NXS/BTC,1594412470818,2020-07-10T20:21:10.818Z,buy,2.238e-05,16.0,0.00035808
NXS/BTC,1594412470818,2020-07-10T20:21:10.818Z,buy,2.239e-05,2698.0,0.06040822
NXS/BTC,1594412470818,2020-07-10T20:21:10.818Z,buy,2.24e-05,755.0,0.016912
NXS/BTC,1594412470995,2020-07-10T20:21:10.995Z,sell,2.24e-05,503.0,0.0112672
NXS/BTC,1594412483958,2020-07-10T20:21:23.958Z,sell,2.228e-05,34.0,0.00075752
NXS/BTC,1594412484121,2020-07-10T20:21:24.121Z,sell,2.228e-05,31.0,0.00069068
NXS/BTC,1594412484121,2020-07-10T20:21:24.121Z,sell,2.227e-05,2.0,4.454e-05
NXS/BTC,1594412484144,2020-07-10T20:21:24.144Z,sell,2.227e-05,33.0,0.00073491
NXS/BTC,1594412484144,2020-07-10T20:21:24.144Z,sell,2.227e-05,33.0,0.00073491
NXS/BTC,1594412901811,2020-07-10T20:28:21.811Z,buy,2.238e-05,5.0,0.0001119
NXS/BTC,1594412915585,2020-07-10T20:28:35.585Z,buy,2.235e-05,14.0,0.0003129
NXS/BTC,1594412916505,2020-07-10T20:28:36.505Z,buy,2.235e-05,9.0,0.00020115
NXS/BTC,1594412916946,2020-07-10T20:28:36.946Z,sell,2.235e-05,7.0,0.00015645
NXS/BTC,1594412919516,2020-07-10T20:28:39.516Z,buy,2.241e-05,9.0,0.00020169
NXS/BTC,1594412926648,2020-07-10T20:28:46.648Z,sell,2.238e-05,25.0,0.0005595
NXS/BTC,1594412930490,2020-07-10T20:28:50.490Z,buy,2.241e-05,5.0,0.00011205
NXS/BTC,1594412931082,2020-07-10T20:28:51.082Z,buy,2.241e-05,9.0,0.00020169
NXS/BTC,1594412953153,2020-07-10T20:29:13.153Z,buy,2.241e-05,9.0,0.00020169
NXS/BTC,1594412954265,2020-07-10T20:29:14.265Z,sell,2.235e-05,2.0,4.47e-05
NXS/BTC,1594412954265,2020-07-10T20:29:14.265Z,sell,2.227e-05,7.0,0.00015589
NXS/BTC,1594412954395,2020-07-10T20:29:14.395Z,sell,2.227e-05,8.0,0.00017816
NXS/BTC,1594412954430,2020-07-10T20:29:14.430Z,sell,2.227e-05,9.0,0.0002004299999999
NXS/BTC,1594412955084,2020-07-10T20:29:15.084Z,sell,2.227e-05,9.0,0.0002004299999999
NXS/BTC,1594412955210,2020-07-10T20:29:15.210Z,buy,2.239e-05,5.0,0.00011195
NXS/BTC,1594412955261,2020-07-10T20:29:15.261Z,sell,2.227e-05,9.0,0.0002004299999999
NXS/BTC,1594412955825,2020-07-10T20:29:15.825Z,sell,2.227e-05,9.0,0.0002004299999999
NXS/BTC,1594412956009,2020-07-10T20:29:16.009Z,sell,2.227e-05,38.0,0.0008462599999999
NXS/BTC,1594412956009,2020-07-10T20:29:16.009Z,sell,2.226e-05,200.0,0.004452
NXS/BTC,1594412956009,2020-07-10T20:29:16.009Z,sell,2.225e-05,6.0,0.0001335
NXS/BTC,1594412956009,2020-07-10T20:29:16.009Z,sell,2.222e-05,28.0,0.00062216
NXS/BTC,1594412956512,2020-07-10T20:29:16.512Z,buy,2.233e-05,5.0,0.00011165
NXS/BTC,1594412977024,2020-07-10T20:29:37.024Z,buy,2.233e-05,14.0,0.00031262
NXS/BTC,1594413021811,2020-07-10T20:30:21.811Z,buy,2.233e-05,5.0,0.00011165
NXS/BTC,1594413025658,2020-07-10T20:30:25.658Z,buy,2.233e-05,9.0,0.00020097
NXS/BTC,1594413036959,2020-07-10T20:30:36.959Z,buy,2.233e-05,9.0,0.00020097
NXS/BTC,1594413040046,2020-07-10T20:30:40.046Z,buy,2.233e-05,9.0,0.00020097
NXS/BTC,1594413041036,2020-07-10T20:30:41.036Z,buy,2.233e-05,14.0,0.00031262
NXS/BTC,1594413130329,2020-07-10T20:32:10.329Z,buy,2.233e-05,135.0,0.00301455
NXS/BTC,1594413216432,2020-07-10T20:33:36.432Z,buy,2.234e-05,7.0,0.00015638
NXS/BTC,1594413255890,2020-07-10T20:34:15.890Z,buy,2.235e-05,6.0,0.0001341
NXS/BTC,1594413402414,2020-07-10T20:36:42.414Z,buy,2.238e-05,5.0,0.0001119
NXS/BTC,1594413458067,2020-07-10T20:37:38.067Z,buy,2.237e-05,6.0,0.00013422
NXS/BTC,1594413497337,2020-07-10T20:38:17.337Z,buy,2.238e-05,1.0,2.238e-05
NXS/BTC,1594413565140,2020-07-10T20:39:25.140Z,buy,2.239e-05,8.0,0.00017912
NXS/BTC,1594413577189,2020-07-10T20:39:37.189Z,buy,2.239e-05,9.0,0.00020151
NXS/BTC,1594413590454,2020-07-10T20:39:50.454Z,buy,2.239e-05,13.0,0.00029107
NXS/BTC,1594413711121,2020-07-10T20:41:51.121Z,buy,2.24e-05,23.0,0.0005152
NXS/BTC,1594413857601,2020-07-10T20:44:17.601Z,buy,2.239e-05,14.0,0.00031346
NXS/BTC,1594414206001,2020-07-10T20:50:06.001Z,sell,2.23e-05,90.0,0.002007
NXS/BTC,1594414394231,2020-07-10T20:53:14.231Z,sell,2.23e-05,13.0,0.0002899
NXS/BTC,1594415016658,2020-07-10T21:03:36.658Z,buy,2.238e-05,5.0,0.0001119
NXS/BTC,1594415401272,2020-07-10T21:10:01.272Z,buy,2.236e-05,40.0,0.0008944
NXS/BTC,1594415401272,2020-07-10T21:10:01.272Z,buy,2.237e-05,85.0,0.00190145
