symbol,timestamp,datetime,side,price,amount,btc_volume
NXS/BTC,1605981892622,2020-11-21T18:04:52.622Z,sell,9.86e-06,100.0,0.000986
NXS/BTC,1605981981234,2020-11-21T18:06:21.234Z,buy,9.91e-06,13.0,0.00012883
NXS/BTC,1605982160798,2020-11-21T18:09:20.798Z,sell,9.86e-06,370.0,0.0036482
NXS/BTC,1605982160798,2020-11-21T18:09:20.798Z,sell,9.83e-06,47.0,0.00046201
NXS/BTC,1605982162009,2020-11-21T18:09:22.009Z,sell,9.83e-06,348.0,0.00342084
NXS/BTC,1605982162189,2020-11-21T18:09:22.189Z,sell,9.83e-06,219.0,0.00215277
NXS/BTC,1605982305903,2020-11-21T18:11:45.903Z,buy,9.91e-06,11.0,0.00010901
NXS/BTC,1605983439363,2020-11-21T18:30:39.363Z,sell,9.76e-06,100.0,0.000976
NXS/BTC,1605983463249,2020-11-21T18:31:03.249Z,buy,9.89e-06,11.0,0.00010879
NXS/BTC,1605984229802,2020-11-21T18:43:49.802Z,sell,9.78e-06,158.0,0.00154524
NXS/BTC,1605984598480,2020-11-21T18:49:58.480Z,buy,9.87e-06,89.0,0.00087843
NXS/BTC,1605984598480,2020-11-21T18:49:58.480Z,buy,9.88e-06,11.0,0.00010868
NXS/BTC,1605984947997,2020-11-21T18:55:47.997Z,buy,9.88e-06,345.0,0.0034086
NXS/BTC,1605985066214,2020-11-21T18:57:46.214Z,sell,9.88e-06,236.0,0.00233168
NXS/BTC,1605985111566,2020-11-21T18:58:31.566Z,sell,9.83e-06,175.0,0.00172025
NXS/BTC,1605985111566,2020-11-21T18:58:31.566Z,sell,9.83e-06,175.0,0.00172025
NXS/BTC,1605985351967,2020-11-21T19:02:31.967Z,sell,9.83e-06,246.0,0.00241818
NXS/BTC,1605985543439,2020-11-21T19:05:43.439Z,buy,9.88e-06,11.0,0.00010868
NXS/BTC,1605985625409,2020-11-21T19:07:05.409Z,buy,9.88e-06,206.0,0.00203528
NXS/BTC,1605985689702,2020-11-21T19:08:09.702Z,sell,9.88e-06,11.0,0.00010868
NXS/BTC,1605985757547,2020-11-21T19:09:17.547Z,sell,9.88e-06,100.0,0.000988
NXS/BTC,1605985766181,2020-11-21T19:09:26.181Z,sell,9.88e-06,32.0,0.00031616
NXS/BTC,1605985766181,2020-11-21T19:09:26.181Z,sell,9.82e-06,68.0,0.00066776
NXS/BTC,1605985792542,2020-11-21T19:09:52.542Z,sell,9.82e-06,11.0,0.0001080199999999
NXS/BTC,1605985795017,2020-11-21T19:09:55.017Z,sell,9.82e-06,1.0,9.82e-06
NXS/BTC,1605985810562,2020-11-21T19:10:10.562Z,buy,9.9e-06,11.0,0.0001089
NXS/BTC,1605986117497,2020-11-21T19:15:17.497Z,sell,9.77e-06,225.0,0.00219825
NXS/BTC,1605986195502,2020-11-21T19:16:35.502Z,sell,9.77e-06,1385.0,0.0135314499999999
NXS/BTC,1605986195502,2020-11-21T19:16:35.502Z,sell,9.76e-06,122.0,0.00119072
NXS/BTC,1605987242839,2020-11-21T19:34:02.839Z,buy,9.88e-06,57.0,0.00056316
NXS/BTC,1605987552044,2020-11-21T19:39:12.044Z,buy,9.88e-06,11.0,0.00010868
NXS/BTC,1605987707275,2020-11-21T19:41:47.275Z,buy,9.87e-06,225.0,0.00222075
NXS/BTC,1605987707275,2020-11-21T19:41:47.275Z,buy,9.88e-06,120.0,0.0011856
NXS/BTC,1605987813555,2020-11-21T19:43:33.555Z,buy,9.88e-06,81.0,0.00080028
NXS/BTC,1605987813555,2020-11-21T19:43:33.555Z,buy,9.9e-06,9.0,8.91e-05
NXS/BTC,1605987824020,2020-11-21T19:43:44.020Z,buy,9.9e-06,11.0,0.0001089
NXS/BTC,1605988662778,2020-11-21T19:57:42.778Z,sell,9.85e-06,272.0,0.0026792
NXS/BTC,1605988662778,2020-11-21T19:57:42.778Z,sell,9.84e-06,928.0,0.00913152
NXS/BTC,1605988662778,2020-11-21T19:57:42.778Z,sell,9.83e-06,2022.0,0.01987626
NXS/BTC,1605988662778,2020-11-21T19:57:42.778Z,sell,9.85e-06,272.0,0.0026792
NXS/BTC,1605988662778,2020-11-21T19:57:42.778Z,sell,9.84e-06,928.0,0.00913152
NXS/BTC,1605988662778,2020-11-21T19:57:42.778Z,sell,9.83e-06,2022.0,0.01987626
NXS/BTC,1605988761291,2020-11-21T19:59:21.291Z,sell,9.83e-06,413.0,0.00405979
NXS/BTC,1605988762412,2020-11-21T19:59:22.412Z,sell,9.83e-06,525.0,0.00516075
NXS/BTC,1605988763586,2020-11-21T19:59:23.586Z,sell,9.83e-06,1.0,9.83e-06
NXS/BTC,1605988763586,2020-11-21T19:59:23.586Z,sell,9.82e-06,321.0,0.00315222
NXS/BTC,1605988763952,2020-11-21T19:59:23.952Z,sell,9.82e-06,1.0,9.82e-06
NXS/BTC,1605988765720,2020-11-21T19:59:25.720Z,sell,9.8e-06,102.0,0.0009996
NXS/BTC,1605988765720,2020-11-21T19:59:25.720Z,sell,9.79e-06,1488.0,0.0145675199999999
NXS/BTC,1605988766439,2020-11-21T19:59:26.439Z,sell,9.79e-06,102.0,0.00099858
NXS/BTC,1605988766439,2020-11-21T19:59:26.439Z,sell,9.78e-06,605.0,0.0059169
NXS/BTC,1605988831693,2020-11-21T20:00:31.693Z,buy,9.82e-06,38.0,0.00037316
NXS/BTC,1605988831808,2020-11-21T20:00:31.808Z,sell,9.77e-06,223.0,0.00217871
NXS/BTC,1605989027573,2020-11-21T20:03:47.573Z,buy,9.82e-06,178.0,0.0017479599999999
NXS/BTC,1605989027573,2020-11-21T20:03:47.573Z,buy,9.9e-06,22.0,0.0002178
NXS/BTC,1605989265535,2020-11-21T20:07:45.535Z,buy,9.9e-06,11.0,0.0001089
NXS/BTC,1605989326888,2020-11-21T20:08:46.888Z,sell,9.85e-06,200.0,0.00197
NXS/BTC,1605989550799,2020-11-21T20:12:30.799Z,sell,9.85e-06,38.0,0.0003743
NXS/BTC,1605989561775,2020-11-21T20:12:41.775Z,buy,9.9e-06,11.0,0.0001089
NXS/BTC,1605989857897,2020-11-21T20:17:37.897Z,buy,9.9e-06,829.0,0.0082071
NXS/BTC,1605990000632,2020-11-21T20:20:00.632Z,buy,9.9e-06,11.0,0.0001089
NXS/BTC,1605990181212,2020-11-21T20:23:01.212Z,sell,9.8e-06,23.0,0.0002253999999999
NXS/BTC,1605990181212,2020-11-21T20:23:01.212Z,sell,9.79e-06,1631.0,0.0159674899999999
NXS/BTC,1605990181212,2020-11-21T20:23:01.212Z,sell,9.78e-06,3155.0,0.0308559
NXS/BTC,1605990545993,2020-11-21T20:29:05.993Z,sell,9.8e-06,604.0,0.0059191999999999
NXS/BTC,1605990591160,2020-11-21T20:29:51.160Z,sell,9.8e-06,200.0,0.00196
NXS/BTC,1605990715642,2020-11-21T20:31:55.642Z,sell,9.8e-06,12.0,0.0001175999999999
NXS/BTC,1605990715642,2020-11-21T20:31:55.642Z,sell,9.78e-06,303.0,0.00296334
NXS/BTC,1605990780199,2020-11-21T20:33:00.199Z,sell,9.77e-06,15.0,0.0001465499999999
NXS/BTC,1605990780199,2020-11-21T20:33:00.199Z,sell,9.75e-06,185.0,0.00180375
NXS/BTC,1605990795034,2020-11-21T20:33:15.034Z,sell,9.75e-06,29.0,0.00028275
NXS/BTC,1605990795034,2020-11-21T20:33:15.034Z,sell,9.74e-06,971.0,0.00945754
NXS/BTC,1605990810191,2020-11-21T20:33:30.191Z,sell,9.74e-06,80.0,0.0007792
NXS/BTC,1605990810191,2020-11-21T20:33:30.191Z,sell,9.72e-06,1620.0,0.0157464
NXS/BTC,1605990820621,2020-11-21T20:33:40.621Z,sell,9.72e-06,100.0,0.000972
NXS/BTC,1605990827522,2020-11-21T20:33:47.522Z,sell,9.72e-06,36.0,0.00034992
NXS/BTC,1605990827522,2020-11-21T20:33:47.522Z,sell,9.71e-06,464.0,0.00450544
NXS/BTC,1605990920064,2020-11-21T20:35:20.064Z,sell,9.71e-06,119.0,0.00115549
NXS/BTC,1605990938275,2020-11-21T20:35:38.275Z,sell,9.6e-06,1512.0,0.0145151999999999
NXS/BTC,1605990938275,2020-11-21T20:35:38.275Z,sell,9.58e-06,37.0,0.00035446
NXS/BTC,1605991020680,2020-11-21T20:37:00.680Z,buy,9.71e-06,32.0,0.00031072
NXS/BTC,1605991021005,2020-11-21T20:37:01.005Z,buy,9.71e-06,25.0,0.00024275
NXS/BTC,1605991021031,2020-11-21T20:37:01.031Z,buy,9.71e-06,25.0,0.00024275
NXS/BTC,1605991184959,2020-11-21T20:39:44.959Z,sell,9.65e-06,847.0,0.00817355
NXS/BTC,1605991184959,2020-11-21T20:39:44.959Z,sell,9.64e-06,3735.0,0.0360054
NXS/BTC,1605991253045,2020-11-21T20:40:53.045Z,buy,9.67e-06,11.0,0.00010637
NXS/BTC,1605991290081,2020-11-21T20:41:30.081Z,buy,9.67e-06,11.0,0.00010637
NXS/BTC,1605991298959,2020-11-21T20:41:38.959Z,sell,9.65e-06,913.0,0.00881045
NXS/BTC,1605991332880,2020-11-21T20:42:12.880Z,buy,9.78e-06,203.0,0.00198534
NXS/BTC,1605991334034,2020-11-21T20:42:14.034Z,sell,9.78e-06,127.0,0.00124206
NXS/BTC,1605991339837,2020-11-21T20:42:19.837Z,buy,9.83e-06,11.0,0.00010813
NXS/BTC,1605991382323,2020-11-21T20:43:02.323Z,buy,9.83e-06,203.0,0.00199549
NXS/BTC,1605991490690,2020-11-21T20:44:50.690Z,sell,9.78e-06,11.0,0.00010758
NXS/BTC,1605991636083,2020-11-21T20:47:16.083Z,sell,9.78e-06,9.0,8.802e-05
NXS/BTC,1605991636083,2020-11-21T20:47:16.083Z,sell,9.69e-06,148.0,0.00143412
NXS/BTC,1605991637279,2020-11-21T20:47:17.279Z,sell,9.7e-06,592.0,0.0057424
NXS/BTC,1605991639791,2020-11-21T20:47:19.791Z,sell,9.7e-06,218.0,0.0021146
NXS/BTC,1605991641132,2020-11-21T20:47:21.132Z,sell,9.7e-06,177.0,0.0017169
NXS/BTC,1605991641132,2020-11-21T20:47:21.132Z,sell,9.69e-06,725.0,0.00702525
NXS/BTC,1605991666722,2020-11-21T20:47:46.722Z,buy,9.7e-06,393.0,0.0038121
NXS/BTC,1605992015147,2020-11-21T20:53:35.147Z,sell,9.7e-06,412.0,0.0039964
NXS/BTC,1605992015147,2020-11-21T20:53:35.147Z,sell,9.68e-06,2588.0,0.02505184
NXS/BTC,1605992030931,2020-11-21T20:53:50.931Z,sell,9.67e-06,2073.0,0.02004591
NXS/BTC,1605992030931,2020-11-21T20:53:50.931Z,sell,9.66e-06,927.0,0.00895482
NXS/BTC,1605992156900,2020-11-21T20:55:56.900Z,buy,9.79e-06,1901.0,0.01861079
NXS/BTC,1605992156900,2020-11-21T20:55:56.900Z,buy,9.79e-06,1901.0,0.01861079
NXS/BTC,1605992542217,2020-11-21T21:02:22.217Z,sell,9.65e-06,100.0,0.000965
NXS/BTC,1605992554654,2020-11-21T21:02:34.654Z,sell,9.65e-06,310.0,0.0029915
NXS/BTC,1605992554654,2020-11-21T21:02:34.654Z,sell,9.64e-06,415.0,0.0040006
NXS/BTC,1605992554654,2020-11-21T21:02:34.654Z,sell,9.62e-06,75.0,0.0007214999999999
NXS/BTC,1605992624475,2020-11-21T21:03:44.475Z,sell,9.62e-06,12.0,0.0001154399999999
NXS/BTC,1605992631932,2020-11-21T21:03:51.932Z,sell,9.62e-06,404.0,0.00388648
NXS/BTC,1605992631932,2020-11-21T21:03:51.932Z,sell,9.6e-06,103.0,0.0009888
NXS/BTC,1605992631932,2020-11-21T21:03:51.932Z,sell,9.59e-06,93.0,0.00089187
NXS/BTC,1605992690448,2020-11-21T21:04:50.448Z,sell,9.58e-06,12.0,0.00011496
NXS/BTC,1605992712714,2020-11-21T21:05:12.714Z,buy,9.72e-06,105.0,0.0010206
NXS/BTC,1605993111252,2020-11-21T21:11:51.252Z,sell,9.68e-06,35.0,0.0003388
NXS/BTC,1605993243648,2020-11-21T21:14:03.648Z,buy,9.65e-06,68.0,0.0006562
NXS/BTC,1605993551813,2020-11-21T21:19:11.813Z,sell,9.65e-06,11.0,0.00010615
NXS/BTC,1605993662613,2020-11-21T21:21:02.613Z,sell,9.62e-06,186.0,0.0017893199999999
NXS/BTC,1605993662613,2020-11-21T21:21:02.613Z,sell,9.59e-06,114.0,0.00109326
NXS/BTC,1605993964174,2020-11-21T21:26:04.174Z,buy,9.66e-06,32.0,0.00030912
NXS/BTC,1605994167262,2020-11-21T21:29:27.262Z,buy,9.66e-06,72.0,0.00069552
NXS/BTC,1605994167262,2020-11-21T21:29:27.262Z,buy,9.75e-06,305.0,0.00297375
NXS/BTC,1605994167262,2020-11-21T21:29:27.262Z,buy,9.78e-06,2373.0,0.02320794
NXS/BTC,1605994234190,2020-11-21T21:30:34.190Z,buy,9.78e-06,996.0,0.00974088
NXS/BTC,1605994234201,2020-11-21T21:30:34.201Z,sell,9.78e-06,393.0,0.00384354
NXS/BTC,1605994239478,2020-11-21T21:30:39.478Z,sell,9.78e-06,105.0,0.0010268999999999
NXS/BTC,1605994242075,2020-11-21T21:30:42.075Z,buy,9.79e-06,100.0,0.0009789999999999
NXS/BTC,1605994257169,2020-11-21T21:30:57.169Z,buy,9.79e-06,204.0,0.00199716
NXS/BTC,1605995290653,2020-11-21T21:48:10.653Z,sell,9.66e-06,405.0,0.0039123
NXS/BTC,1605995611054,2020-11-21T21:53:31.054Z,buy,9.78e-06,30.0,0.0002934
NXS/BTC,1605995676968,2020-11-21T21:54:36.968Z,buy,9.68e-06,317.0,0.00306856
NXS/BTC,1605995676968,2020-11-21T21:54:36.968Z,buy,9.74e-06,363.0,0.00353562
NXS/BTC,1605995676968,2020-11-21T21:54:36.968Z,buy,9.75e-06,433.0,0.00422175
NXS/BTC,1605995676968,2020-11-21T21:54:36.968Z,buy,9.68e-06,317.0,0.00306856
NXS/BTC,1605995676968,2020-11-21T21:54:36.968Z,buy,9.74e-06,363.0,0.00353562
NXS/BTC,1605995676968,2020-11-21T21:54:36.968Z,buy,9.75e-06,433.0,0.00422175
NXS/BTC,1605996142042,2020-11-21T22:02:22.042Z,buy,9.75e-06,900.0,0.008775
NXS/BTC,1605996164718,2020-11-21T22:02:44.718Z,buy,9.75e-06,6.0,5.85e-05
NXS/BTC,1605996164718,2020-11-21T22:02:44.718Z,buy,9.78e-06,11.0,0.00010758
NXS/BTC,1605996164718,2020-11-21T22:02:44.718Z,buy,9.79e-06,3.0,2.937e-05
NXS/BTC,1605996828113,2020-11-21T22:13:48.113Z,buy,9.68e-06,59.0,0.00057112
NXS/BTC,1605996874680,2020-11-21T22:14:34.680Z,buy,9.68e-06,15.0,0.0001452
NXS/BTC,1605997157259,2020-11-21T22:19:17.259Z,buy,9.68e-06,13.0,0.00012584
NXS/BTC,1605997311085,2020-11-21T22:21:51.085Z,buy,9.68e-06,18.0,0.00017424
NXS/BTC,1605997389880,2020-11-21T22:23:09.880Z,buy,9.68e-06,11.0,0.00010648
NXS/BTC,1605997406746,2020-11-21T22:23:26.746Z,buy,9.68e-06,299.0,0.00289432
NXS/BTC,1605997506359,2020-11-21T22:25:06.359Z,sell,9.67e-06,409.0,0.00395503
NXS/BTC,1605997576828,2020-11-21T22:26:16.828Z,sell,9.65e-06,289.0,0.00278885
NXS/BTC,1605997608636,2020-11-21T22:26:48.636Z,buy,9.66e-06,150.0,0.001449
NXS/BTC,1605997707209,2020-11-21T22:28:27.209Z,buy,9.66e-06,409.0,0.00395094
NXS/BTC,1605997707209,2020-11-21T22:28:27.209Z,buy,9.67e-06,418.0,0.00404206
NXS/BTC,1605997707209,2020-11-21T22:28:27.209Z,buy,9.75e-06,415.0,0.0040462499999999
NXS/BTC,1605997707209,2020-11-21T22:28:27.209Z,buy,9.76e-06,1634.0,0.0159478399999999
NXS/BTC,1605997707209,2020-11-21T22:28:27.209Z,buy,9.77e-06,413.0,0.0040350099999999
NXS/BTC,1605997707209,2020-11-21T22:28:27.209Z,buy,9.78e-06,238.0,0.0023276399999999
NXS/BTC,1605997709126,2020-11-21T22:28:29.126Z,sell,9.78e-06,213.0,0.00208314
NXS/BTC,1605997710610,2020-11-21T22:28:30.610Z,sell,9.78e-06,496.0,0.00485088
NXS/BTC,1605997712710,2020-11-21T22:28:32.710Z,sell,9.78e-06,2556.0,0.0249976799999999
NXS/BTC,1605997713007,2020-11-21T22:28:33.007Z,sell,9.78e-06,213.0,0.00208314
NXS/BTC,1605997713259,2020-11-21T22:28:33.259Z,sell,9.78e-06,439.0,0.00429342
NXS/BTC,1605997727906,2020-11-21T22:28:47.906Z,sell,9.78e-06,150.0,0.001467
NXS/BTC,1605997744584,2020-11-21T22:29:04.584Z,buy,9.79e-06,204.0,0.00199716
NXS/BTC,1605997752429,2020-11-21T22:29:12.429Z,sell,9.78e-06,734.0,0.00717852
NXS/BTC,1605997752429,2020-11-21T22:29:12.429Z,sell,9.69e-06,415.0,0.00402135
NXS/BTC,1605997752429,2020-11-21T22:29:12.429Z,sell,9.66e-06,1144.0,0.01105104
NXS/BTC,1605997752429,2020-11-21T22:29:12.429Z,sell,9.63e-06,1177.0,0.0113345099999999
NXS/BTC,1605997752429,2020-11-21T22:29:12.429Z,sell,9.6e-06,556.0,0.0053376
NXS/BTC,1605997752429,2020-11-21T22:29:12.429Z,sell,9.59e-06,1516.0,0.01453844
NXS/BTC,1605997752429,2020-11-21T22:29:12.429Z,sell,9.58e-06,624.0,0.0059779199999999
NXS/BTC,1605997752429,2020-11-21T22:29:12.429Z,sell,9.57e-06,794.0,0.00759858
NXS/BTC,1605997752429,2020-11-21T22:29:12.429Z,sell,9.49e-06,1285.0,0.01219465
NXS/BTC,1605997752429,2020-11-21T22:29:12.429Z,sell,9.47e-06,5259.0,0.04980273
NXS/BTC,1605997752429,2020-11-21T22:29:12.429Z,sell,9.46e-06,1691.0,0.0159968599999999
NXS/BTC,1605997752429,2020-11-21T22:29:12.429Z,sell,9.43e-06,3117.0,0.02939331
NXS/BTC,1605997752429,2020-11-21T22:29:12.429Z,sell,9.42e-06,454.0,0.00427668
NXS/BTC,1605997752429,2020-11-21T22:29:12.429Z,sell,9.39e-06,106.0,0.00099534
NXS/BTC,1605997752429,2020-11-21T22:29:12.429Z,sell,9.33e-06,11791.0,0.11001003
NXS/BTC,1605997752429,2020-11-21T22:29:12.429Z,sell,9.3e-06,572.0,0.0053196
NXS/BTC,1605997752429,2020-11-21T22:29:12.429Z,sell,9.17e-06,1511.0,0.01385587
NXS/BTC,1605997752429,2020-11-21T22:29:12.429Z,sell,9.16e-06,572.0,0.00523952
NXS/BTC,1605997752429,2020-11-21T22:29:12.429Z,sell,9.1e-06,1210.0,0.011011
NXS/BTC,1605997752429,2020-11-21T22:29:12.429Z,sell,9.08e-06,11013.0,0.09999804
NXS/BTC,1605997752451,2020-11-21T22:29:12.451Z,buy,9.08e-06,7137.0,0.06480396
NXS/BTC,1605997752596,2020-11-21T22:29:12.596Z,buy,9.74e-06,222.0,0.00216228
NXS/BTC,1605997752596,2020-11-21T22:29:12.596Z,buy,9.78e-06,222.0,0.00217116
NXS/BTC,1605997752650,2020-11-21T22:29:12.650Z,sell,9.46e-06,1511.0,0.0142940599999999
NXS/BTC,1605997752668,2020-11-21T22:29:12.668Z,buy,9.51e-06,225.0,0.00213975
NXS/BTC,1605997752672,2020-11-21T22:29:12.672Z,buy,9.51e-06,2.0,1.902e-05
NXS/BTC,1605997752672,2020-11-21T22:29:12.672Z,buy,9.78e-06,22.0,0.00021516
NXS/BTC,1605997753572,2020-11-21T22:29:13.572Z,sell,9.49e-06,226.0,0.00214474
NXS/BTC,1605997753572,2020-11-21T22:29:13.572Z,sell,9.46e-06,2989.0,0.0282759399999999
NXS/BTC,1605997753572,2020-11-21T22:29:13.572Z,sell,9.44e-06,424.0,0.00400256
NXS/BTC,1605997753572,2020-11-21T22:29:13.572Z,sell,9.43e-06,2685.0,0.02531955
NXS/BTC,1605997753672,2020-11-21T22:29:13.672Z,sell,9.43e-06,16.0,0.00015088
NXS/BTC,1605997754034,2020-11-21T22:29:14.034Z,sell,9.43e-06,7137.0,0.0673019099999999
NXS/BTC,1605997756370,2020-11-21T22:29:16.370Z,buy,9.48e-06,425.0,0.004029
NXS/BTC,1605997756868,2020-11-21T22:29:16.868Z,buy,9.46e-06,105.0,0.0009933
NXS/BTC,1605997757085,2020-11-21T22:29:17.085Z,buy,9.46e-06,163.0,0.0015419799999999
NXS/BTC,1605997757085,2020-11-21T22:29:17.085Z,buy,9.48e-06,567.0,0.00537516
NXS/BTC,1605997757353,2020-11-21T22:29:17.353Z,buy,9.48e-06,219.0,0.00207612
NXS/BTC,1605997757462,2020-11-21T22:29:17.462Z,buy,9.48e-06,651.0,0.00617148
NXS/BTC,1605997760399,2020-11-21T22:29:20.399Z,sell,9.45e-06,227.0,0.0021451499999999
NXS/BTC,1605997760399,2020-11-21T22:29:20.399Z,sell,9.43e-06,345.0,0.00325335
NXS/BTC,1605997762667,2020-11-21T22:29:22.667Z,sell,9.45e-06,572.0,0.0054053999999999
NXS/BTC,1605997767577,2020-11-21T22:29:27.577Z,sell,9.45e-06,53.0,0.00050085
NXS/BTC,1605997768104,2020-11-21T22:29:28.104Z,buy,9.47e-06,553.0,0.00523691
NXS/BTC,1605997772188,2020-11-21T22:29:32.188Z,sell,9.45e-06,275.0,0.00259875
NXS/BTC,1605997772188,2020-11-21T22:29:32.188Z,sell,9.44e-06,349.0,0.0032945599999999
NXS/BTC,1605997777651,2020-11-21T22:29:37.651Z,sell,9.46e-06,16.0,0.00015136
NXS/BTC,1605997777651,2020-11-21T22:29:37.651Z,sell,9.44e-06,1014.0,0.00957216
NXS/BTC,1605997777651,2020-11-21T22:29:37.651Z,sell,9.43e-06,1553.0,0.01464479
NXS/BTC,1605997783294,2020-11-21T22:29:43.294Z,buy,9.44e-06,922.0,0.00870368
NXS/BTC,1605997807567,2020-11-21T22:30:07.567Z,buy,9.46e-06,200.0,0.0018919999999999
NXS/BTC,1605997811400,2020-11-21T22:30:11.400Z,buy,9.44e-06,320.0,0.0030207999999999
NXS/BTC,1605997812846,2020-11-21T22:30:12.846Z,sell,9.43e-06,222.0,0.0020934599999999
NXS/BTC,1605997821329,2020-11-21T22:30:21.329Z,buy,9.44e-06,624.0,0.0058905599999999
NXS/BTC,1605997869508,2020-11-21T22:31:09.508Z,buy,9.46e-06,106.0,0.00100276
NXS/BTC,1605997872995,2020-11-21T22:31:12.995Z,sell,9.44e-06,424.0,0.00400256
NXS/BTC,1605997872995,2020-11-21T22:31:12.995Z,sell,9.43e-06,674.0,0.00635582
NXS/BTC,1605997896225,2020-11-21T22:31:36.225Z,sell,9.44e-06,239.0,0.0022561599999999
NXS/BTC,1605997916045,2020-11-21T22:31:56.045Z,sell,9.44e-06,102.0,0.0009628799999999
NXS/BTC,1605997917505,2020-11-21T22:31:57.505Z,buy,9.46e-06,284.0,0.0026866399999999
NXS/BTC,1605997951199,2020-11-21T22:32:31.199Z,buy,9.46e-06,19.0,0.0001797399999999
NXS/BTC,1605997951199,2020-11-21T22:32:31.199Z,buy,9.5e-06,53.0,0.0005035
NXS/BTC,1605997951199,2020-11-21T22:32:31.199Z,buy,9.51e-06,140.0,0.0013314
NXS/BTC,1605998104119,2020-11-21T22:35:04.119Z,buy,9.51e-06,87.0,0.00082737
NXS/BTC,1605998104119,2020-11-21T22:35:04.119Z,buy,9.52e-06,477.0,0.00454104
NXS/BTC,1605998280305,2020-11-21T22:38:00.305Z,buy,9.51e-06,227.0,0.00215877
NXS/BTC,1605998280305,2020-11-21T22:38:00.305Z,buy,9.52e-06,241.0,0.00229432
NXS/BTC,1605998280305,2020-11-21T22:38:00.305Z,buy,9.54e-06,55.0,0.0005247
NXS/BTC,1605998280305,2020-11-21T22:38:00.305Z,buy,9.55e-06,16.0,0.0001528
NXS/BTC,1605998280305,2020-11-21T22:38:00.305Z,buy,9.57e-06,461.0,0.00441177
NXS/BTC,1605998297990,2020-11-21T22:38:17.990Z,buy,9.57e-06,667.0,0.0063831899999999
NXS/BTC,1605998297990,2020-11-21T22:38:17.990Z,buy,9.58e-06,1333.0,0.01277014
NXS/BTC,1605998306238,2020-11-21T22:38:26.238Z,buy,9.58e-06,500.0,0.00479
NXS/BTC,1605998322382,2020-11-21T22:38:42.382Z,buy,9.58e-06,300.0,0.002874
NXS/BTC,1605998328760,2020-11-21T22:38:48.760Z,buy,9.58e-06,600.0,0.005748
NXS/BTC,1605998342755,2020-11-21T22:39:02.755Z,buy,9.58e-06,12.0,0.00011496
NXS/BTC,1605998351293,2020-11-21T22:39:11.293Z,buy,9.58e-06,400.0,0.003832
NXS/BTC,1605998351631,2020-11-21T22:39:11.631Z,buy,9.58e-06,400.0,0.003832
NXS/BTC,1605998389845,2020-11-21T22:39:49.845Z,buy,9.58e-06,1108.0,0.01061464
NXS/BTC,1605998406096,2020-11-21T22:40:06.096Z,sell,9.49e-06,570.0,0.0054093
NXS/BTC,1605998441705,2020-11-21T22:40:41.705Z,sell,9.47e-06,300.0,0.002841
NXS/BTC,1605998488613,2020-11-21T22:41:28.613Z,sell,9.48e-06,542.0,0.00513816
NXS/BTC,1605998517826,2020-11-21T22:41:57.826Z,sell,9.47e-06,800.0,0.007576
NXS/BTC,1605998535088,2020-11-21T22:42:15.088Z,buy,9.57e-06,12.0,0.00011484
NXS/BTC,1605998678088,2020-11-21T22:44:38.088Z,sell,9.54e-06,61.0,0.00058194
NXS/BTC,1605999075789,2020-11-21T22:51:15.789Z,sell,9.49e-06,341.0,0.00323609
NXS/BTC,1605999088207,2020-11-21T22:51:28.207Z,sell,9.49e-06,5165.0,0.04901585
NXS/BTC,1605999088207,2020-11-21T22:51:28.207Z,sell,9.47e-06,335.0,0.00317245
NXS/BTC,1605999095717,2020-11-21T22:51:35.717Z,sell,9.45e-06,342.0,0.0032319
NXS/BTC,1605999100665,2020-11-21T22:51:40.665Z,buy,9.46e-06,439.0,0.00415294
NXS/BTC,1605999104139,2020-11-21T22:51:44.139Z,sell,9.45e-06,85.0,0.0008032499999999
NXS/BTC,1605999245415,2020-11-21T22:54:05.415Z,buy,9.46e-06,26.0,0.00024596
NXS/BTC,1605999245415,2020-11-21T22:54:05.415Z,buy,9.46e-06,26.0,0.00024596
NXS/BTC,1605999302902,2020-11-21T22:55:02.902Z,buy,9.46e-06,520.0,0.0049191999999999
NXS/BTC,1605999542005,2020-11-21T22:59:02.005Z,sell,9.46e-06,105.0,0.0009933
NXS/BTC,1605999594143,2020-11-21T22:59:54.143Z,buy,9.47e-06,2234.0,0.02115598
NXS/BTC,1605999595821,2020-11-21T22:59:55.821Z,buy,9.47e-06,167.0,0.00158149
NXS/BTC,1605999732135,2020-11-21T23:02:12.135Z,buy,9.55e-06,16.0,0.0001528
NXS/BTC,1606000303401,2020-11-21T23:11:43.401Z,buy,9.53e-06,34.0,0.00032402
NXS/BTC,1606000432538,2020-11-21T23:13:52.538Z,buy,9.53e-06,200.0,0.001906
NXS/BTC,1606000500221,2020-11-21T23:15:00.221Z,sell,9.5e-06,284.0,0.002698
NXS/BTC,1606000549737,2020-11-21T23:15:49.737Z,buy,9.52e-06,3151.0,0.02999752
NXS/BTC,1606000616898,2020-11-21T23:16:56.898Z,buy,9.52e-06,162.0,0.00154224
NXS/BTC,1606000786586,2020-11-21T23:19:46.586Z,buy,9.52e-06,1765.0,0.0168028
NXS/BTC,1606000786586,2020-11-21T23:19:46.586Z,buy,9.53e-06,8835.0,0.08419755
NXS/BTC,1606000841339,2020-11-21T23:20:41.339Z,sell,9.52e-06,753.0,0.00716856
NXS/BTC,1606000842197,2020-11-21T23:20:42.197Z,buy,9.53e-06,555.0,0.00528915
NXS/BTC,1606000848170,2020-11-21T23:20:48.170Z,buy,9.53e-06,284.0,0.00270652
NXS/BTC,1606000963061,2020-11-21T23:22:43.061Z,buy,9.57e-06,16.0,0.00015312
NXS/BTC,1606001270372,2020-11-21T23:27:50.372Z,buy,9.57e-06,531.0,0.00508167
NXS/BTC,1606001270372,2020-11-21T23:27:50.372Z,buy,9.59e-06,263.0,0.00252217
NXS/BTC,1606001270372,2020-11-21T23:27:50.372Z,buy,9.61e-06,225.0,0.0021622499999999
NXS/BTC,1606001270372,2020-11-21T23:27:50.372Z,buy,9.64e-06,59.0,0.00056876
NXS/BTC,1606001270372,2020-11-21T23:27:50.372Z,buy,9.65e-06,284.0,0.0027406
NXS/BTC,1606001270372,2020-11-21T23:27:50.372Z,buy,9.68e-06,555.0,0.0053724
NXS/BTC,1606001270372,2020-11-21T23:27:50.372Z,buy,9.69e-06,61.0,0.00059109
NXS/BTC,1606001270372,2020-11-21T23:27:50.372Z,buy,9.7e-06,423.0,0.0041031
NXS/BTC,1606001270372,2020-11-21T23:27:50.372Z,buy,9.71e-06,1166.0,0.01132186
NXS/BTC,1606001271295,2020-11-21T23:27:51.295Z,sell,9.71e-06,624.0,0.00605904
NXS/BTC,1606001271310,2020-11-21T23:27:51.310Z,sell,9.71e-06,535.0,0.00519485
NXS/BTC,1606001271407,2020-11-21T23:27:51.407Z,sell,9.71e-06,1243.0,0.01206953
NXS/BTC,1606001272285,2020-11-21T23:27:52.285Z,sell,9.71e-06,141.0,0.00136911
NXS/BTC,1606001273250,2020-11-21T23:27:53.250Z,sell,9.71e-06,381.0,0.00369951
NXS/BTC,1606001273732,2020-11-21T23:27:53.732Z,buy,9.74e-06,447.0,0.00435378
NXS/BTC,1606001273732,2020-11-21T23:27:53.732Z,buy,9.75e-06,34.0,0.0003315
NXS/BTC,1606001275546,2020-11-21T23:27:55.546Z,sell,9.71e-06,150.0,0.0014565
NXS/BTC,1606001376141,2020-11-21T23:29:36.141Z,sell,9.71e-06,29.0,0.00028159
NXS/BTC,1606001381224,2020-11-21T23:29:41.224Z,buy,9.71e-06,791.0,0.00768061
NXS/BTC,1606001394092,2020-11-21T23:29:54.092Z,sell,9.64e-06,136.0,0.0013110399999999
NXS/BTC,1606001630331,2020-11-21T23:33:50.331Z,buy,9.7e-06,936.0,0.0090792
NXS/BTC,1606001632075,2020-11-21T23:33:52.075Z,sell,9.7e-06,611.0,0.0059267
NXS/BTC,1606001820327,2020-11-21T23:37:00.327Z,buy,9.75e-06,29.0,0.00028275
NXS/BTC,1606001820327,2020-11-21T23:37:00.327Z,buy,9.76e-06,254.0,0.00247904
NXS/BTC,1606001820327,2020-11-21T23:37:00.327Z,buy,9.78e-06,136.0,0.00133008
NXS/BTC,1606001820327,2020-11-21T23:37:00.327Z,buy,9.79e-06,489.0,0.0047873099999999
NXS/BTC,1606001820327,2020-11-21T23:37:00.327Z,buy,9.8e-06,92.0,0.0009015999999999
NXS/BTC,1606002375673,2020-11-21T23:46:15.673Z,sell,9.76e-06,424.0,0.00413824
NXS/BTC,1606002378835,2020-11-21T23:46:18.835Z,sell,9.76e-06,415.0,0.0040504
NXS/BTC,1606002450876,2020-11-21T23:47:30.876Z,buy,9.8e-06,342.0,0.0033515999999999
NXS/BTC,1606002452163,2020-11-21T23:47:32.163Z,buy,9.8e-06,239.0,0.0023422
NXS/BTC,1606002455774,2020-11-21T23:47:35.774Z,buy,9.8e-06,306.0,0.0029988
NXS/BTC,1606002766898,2020-11-21T23:52:46.898Z,buy,9.81e-06,11.0,0.0001079099999999
NXS/BTC,1606002766898,2020-11-21T23:52:46.898Z,buy,9.81e-06,11.0,0.0001079099999999
NXS/BTC,1606002995285,2020-11-21T23:56:35.285Z,buy,9.81e-06,3679.0,0.0360909899999999
NXS/BTC,1606003030060,2020-11-21T23:57:10.060Z,sell,9.81e-06,11.0,0.0001079099999999
NXS/BTC,1606003045135,2020-11-21T23:57:25.135Z,buy,9.84e-06,11.0,0.00010824
NXS/BTC,1606003045135,2020-11-21T23:57:25.135Z,buy,9.85e-06,668.0,0.0065798
NXS/BTC,1606003089757,2020-11-21T23:58:09.757Z,sell,9.85e-06,11.0,0.00010835
NXS/BTC,1606003312033,2020-11-22T00:01:52.033Z,sell,9.85e-06,16.0,0.0001576
NXS/BTC,1606003483770,2020-11-22T00:04:43.770Z,buy,9.88e-06,85.0,0.0008398
NXS/BTC,1606003483770,2020-11-22T00:04:43.770Z,buy,9.9e-06,750.0,0.007425
NXS/BTC,1606003483770,2020-11-22T00:04:43.770Z,buy,9.91e-06,1412.0,0.01399292
NXS/BTC,1606003483770,2020-11-22T00:04:43.770Z,buy,9.94e-06,4753.0,0.04724482
NXS/BTC,1606003495858,2020-11-22T00:04:55.858Z,buy,9.94e-06,506.0,0.00502964
NXS/BTC,1606003495858,2020-11-22T00:04:55.858Z,buy,9.95e-06,1675.0,0.01666625
NXS/BTC,1606003495858,2020-11-22T00:04:55.858Z,buy,9.96e-06,4819.0,0.04799724
NXS/BTC,1606003541937,2020-11-22T00:05:41.937Z,sell,9.87e-06,382.0,0.00377034
NXS/BTC,1606003551782,2020-11-22T00:05:51.782Z,sell,9.85e-06,17.0,0.00016745
NXS/BTC,1606003551782,2020-11-22T00:05:51.782Z,sell,9.8e-06,89.0,0.0008722
NXS/BTC,1606003610108,2020-11-22T00:06:50.108Z,buy,9.93e-06,11.0,0.00010923
NXS/BTC,1606003610793,2020-11-22T00:06:50.793Z,sell,9.93e-06,243.0,0.00241299
NXS/BTC,1606003616018,2020-11-22T00:06:56.018Z,sell,9.93e-06,121.0,0.00120153
NXS/BTC,1606003645262,2020-11-22T00:07:25.262Z,sell,9.89e-06,300.0,0.002967
NXS/BTC,1606003911681,2020-11-22T00:11:51.681Z,sell,9.89e-06,486.0,0.00480654
NXS/BTC,1606003955991,2020-11-22T00:12:35.991Z,sell,9.89e-06,1168.0,0.01155152
NXS/BTC,1606004007479,2020-11-22T00:13:27.479Z,sell,9.9e-06,140.0,0.001386
NXS/BTC,1606004327370,2020-11-22T00:18:47.370Z,buy,9.94e-06,89.0,0.00088466
NXS/BTC,1606004342812,2020-11-22T00:19:02.812Z,buy,9.95e-06,407.0,0.00404965
NXS/BTC,1606004409676,2020-11-22T00:20:09.676Z,sell,9.95e-06,11.0,0.0001094499999999
NXS/BTC,1606004441506,2020-11-22T00:20:41.506Z,buy,9.98e-06,1086.0,0.0108382799999999
NXS/BTC,1606004441506,2020-11-22T00:20:41.506Z,buy,1e-05,1744.0,0.01744
NXS/BTC,1606004524491,2020-11-22T00:22:04.491Z,sell,9.95e-06,32.0,0.0003184
NXS/BTC,1606004606002,2020-11-22T00:23:26.002Z,sell,9.95e-06,404.0,0.0040198
NXS/BTC,1606004619018,2020-11-22T00:23:39.018Z,sell,9.95e-06,1146.0,0.0114027
NXS/BTC,1606005063410,2020-11-22T00:31:03.410Z,sell,9.94e-06,24.0,0.00023856
NXS/BTC,1606005128889,2020-11-22T00:32:08.889Z,buy,9.95e-06,6.0,5.97e-05
NXS/BTC,1606005175374,2020-11-22T00:32:55.374Z,buy,9.99e-06,11.0,0.0001098899999999
NXS/BTC,1606005656871,2020-11-22T00:40:56.871Z,sell,9.97e-06,226.0,0.00225322
NXS/BTC,1606005717081,2020-11-22T00:41:57.081Z,sell,9.97e-06,57.0,0.0005682899999999
NXS/BTC,1606005848488,2020-11-22T00:44:08.488Z,buy,9.98e-06,19.0,0.00018962
NXS/BTC,1606005848741,2020-11-22T00:44:08.741Z,sell,9.97e-06,418.0,0.00416746
NXS/BTC,1606006234252,2020-11-22T00:50:34.252Z,buy,9.98e-06,1458.0,0.0145508399999999
NXS/BTC,1606006234252,2020-11-22T00:50:34.252Z,buy,9.99e-06,680.0,0.0067931999999999
NXS/BTC,1606006234252,2020-11-22T00:50:34.252Z,buy,1e-05,310.0,0.0031
NXS/BTC,1606006234252,2020-11-22T00:50:34.252Z,buy,1.002e-05,507.0,0.00508014
NXS/BTC,1606006234252,2020-11-22T00:50:34.252Z,buy,1.003e-05,55.0,0.00055165
NXS/BTC,1606006234252,2020-11-22T00:50:34.252Z,buy,1.007e-05,96.0,0.00096672
NXS/BTC,1606006234252,2020-11-22T00:50:34.252Z,buy,1.008e-05,77.0,0.00077616
NXS/BTC,1606006234252,2020-11-22T00:50:34.252Z,buy,1.009e-05,26.0,0.00026234
NXS/BTC,1606006234252,2020-11-22T00:50:34.252Z,buy,1.01e-05,1000.0,0.0101
NXS/BTC,1606006234252,2020-11-22T00:50:34.252Z,buy,1.012e-05,44.0,0.00044528
NXS/BTC,1606006235310,2020-11-22T00:50:35.310Z,sell,9.99e-06,517.0,0.00516483
NXS/BTC,1606006258174,2020-11-22T00:50:58.174Z,sell,9.99e-06,28.0,0.0002797199999999
NXS/BTC,1606006258174,2020-11-22T00:50:58.174Z,sell,9.97e-06,472.0,0.0047058399999999
NXS/BTC,1606006258174,2020-11-22T00:50:58.174Z,sell,9.99e-06,28.0,0.0002797199999999
NXS/BTC,1606006258174,2020-11-22T00:50:58.174Z,sell,9.97e-06,472.0,0.0047058399999999
NXS/BTC,1606006575386,2020-11-22T00:56:15.386Z,sell,9.97e-06,431.0,0.00429707
NXS/BTC,1606006595239,2020-11-22T00:56:35.239Z,sell,9.94e-06,1329.0,0.01321026
NXS/BTC,1606006601477,2020-11-22T00:56:41.477Z,sell,9.93e-06,79.0,0.00078447
NXS/BTC,1606006634054,2020-11-22T00:57:14.054Z,sell,9.92e-06,312.0,0.00309504
NXS/BTC,1606006656948,2020-11-22T00:57:36.948Z,sell,9.92e-06,41.0,0.00040672
NXS/BTC,1606006710206,2020-11-22T00:58:30.206Z,sell,9.85e-06,572.0,0.0056342
NXS/BTC,1606006723355,2020-11-22T00:58:43.355Z,buy,9.84e-06,425.0,0.004182
NXS/BTC,1606006723355,2020-11-22T00:58:43.355Z,buy,9.85e-06,970.0,0.0095545
NXS/BTC,1606006753623,2020-11-22T00:59:13.623Z,sell,9.85e-06,631.0,0.00621535
NXS/BTC,1606006809503,2020-11-22T01:00:09.503Z,buy,9.82e-06,11.0,0.0001080199999999
NXS/BTC,1606006931754,2020-11-22T01:02:11.754Z,buy,9.83e-06,16.0,0.00015728
NXS/BTC,1606007228663,2020-11-22T01:07:08.663Z,sell,9.79e-06,781.0,0.0076459899999999
NXS/BTC,1606007399273,2020-11-22T01:09:59.273Z,sell,9.82e-06,102.0,0.0010016399999999
NXS/BTC,1606007512847,2020-11-22T01:11:52.847Z,buy,9.86e-06,11.0,0.00010846
NXS/BTC,1606007606156,2020-11-22T01:13:26.156Z,buy,9.86e-06,187.0,0.00184382
NXS/BTC,1606007676232,2020-11-22T01:14:36.232Z,sell,9.84e-06,156.0,0.00153504
NXS/BTC,1606007755800,2020-11-22T01:15:55.800Z,sell,9.84e-06,584.0,0.00574656
NXS/BTC,1606007771977,2020-11-22T01:16:11.977Z,sell,9.84e-06,947.0,0.00931848
NXS/BTC,1606007773162,2020-11-22T01:16:13.162Z,sell,9.84e-06,1158.0,0.01139472
NXS/BTC,1606007781438,2020-11-22T01:16:21.438Z,sell,9.84e-06,1260.0,0.0123984
NXS/BTC,1606008424579,2020-11-22T01:27:04.579Z,sell,9.84e-06,9376.0,0.09225984
NXS/BTC,1606009171317,2020-11-22T01:39:31.317Z,sell,9.84e-06,12.0,0.00011808
NXS/BTC,1606009242946,2020-11-22T01:40:42.946Z,sell,9.84e-06,72.0,0.00070848
NXS/BTC,1606009323811,2020-11-22T01:42:03.811Z,sell,9.73e-06,206.0,0.00200438
NXS/BTC,1606009334847,2020-11-22T01:42:14.847Z,sell,9.71e-06,103.0,0.00100013
NXS/BTC,1606009430574,2020-11-22T01:43:50.574Z,sell,9.72e-06,11.0,0.00010692
NXS/BTC,1606009430574,2020-11-22T01:43:50.574Z,sell,9.71e-06,469.0,0.00455399
NXS/BTC,1606009430574,2020-11-22T01:43:50.574Z,sell,9.72e-06,11.0,0.00010692
NXS/BTC,1606009430574,2020-11-22T01:43:50.574Z,sell,9.71e-06,469.0,0.00455399
NXS/BTC,1606011595184,2020-11-22T02:19:55.184Z,sell,9.73e-06,104.0,0.00101192
NXS/BTC,1606012206061,2020-11-22T02:30:06.061Z,sell,9.74e-06,66.0,0.00064284
NXS/BTC,1606012720564,2020-11-22T02:38:40.564Z,buy,9.75e-06,205.0,0.00199875
NXS/BTC,1606012749832,2020-11-22T02:39:09.832Z,sell,9.76e-06,11.0,0.00010736
NXS/BTC,1606012749832,2020-11-22T02:39:09.832Z,sell,9.76e-06,11.0,0.00010736
NXS/BTC,1606014091953,2020-11-22T03:01:31.953Z,sell,9.77e-06,327.0,0.00319479
NXS/BTC,1606014113429,2020-11-22T03:01:53.429Z,sell,9.77e-06,16.0,0.00015632
NXS/BTC,1606014340847,2020-11-22T03:05:40.847Z,sell,9.77e-06,106.0,0.00103562
NXS/BTC,1606015023271,2020-11-22T03:17:03.271Z,sell,9.77e-06,500.0,0.004885
NXS/BTC,1606015023271,2020-11-22T03:17:03.271Z,sell,9.77e-06,500.0,0.004885
NXS/BTC,1606017647317,2020-11-22T04:00:47.317Z,buy,9.79e-06,410.0,0.0040139
NXS/BTC,1606017647317,2020-11-22T04:00:47.317Z,buy,9.79e-06,410.0,0.0040139
NXS/BTC,1606019672025,2020-11-22T04:34:32.025Z,sell,9.78e-06,172.0,0.0016821599999999
NXS/BTC,1606019672025,2020-11-22T04:34:32.025Z,sell,9.71e-06,21.0,0.00020391
NXS/BTC,1606020622287,2020-11-22T04:50:22.287Z,sell,9.73e-06,113.0,0.00109949
NXS/BTC,1606020622287,2020-11-22T04:50:22.287Z,sell,9.72e-06,52.0,0.00050544
NXS/BTC,1606020622287,2020-11-22T04:50:22.287Z,sell,9.73e-06,113.0,0.00109949
NXS/BTC,1606020622287,2020-11-22T04:50:22.287Z,sell,9.72e-06,52.0,0.00050544
NXS/BTC,1606023974703,2020-11-22T05:46:14.703Z,buy,9.79e-06,132.0,0.0012922799999999
NXS/BTC,1606023974703,2020-11-22T05:46:14.703Z,buy,9.79e-06,132.0,0.0012922799999999
NXS/BTC,1606024347091,2020-11-22T05:52:27.091Z,sell,9.74e-06,411.0,0.00400314
NXS/BTC,1606024347091,2020-11-22T05:52:27.091Z,sell,9.72e-06,266.0,0.00258552
NXS/BTC,1606024347091,2020-11-22T05:52:27.091Z,sell,9.71e-06,1602.0,0.01555542
NXS/BTC,1606024347091,2020-11-22T05:52:27.091Z,sell,9.7e-06,941.0,0.0091277
NXS/BTC,1606024361791,2020-11-22T05:52:41.791Z,sell,9.7e-06,4000.0,0.0388
NXS/BTC,1606025118434,2020-11-22T06:05:18.434Z,sell,9.7e-06,11.0,0.0001067
NXS/BTC,1606025437682,2020-11-22T06:10:37.682Z,sell,9.65e-06,300.0,0.002895
NXS/BTC,1606025691409,2020-11-22T06:14:51.409Z,sell,9.65e-06,547.0,0.00527855
NXS/BTC,1606025691409,2020-11-22T06:14:51.409Z,sell,9.62e-06,208.0,0.00200096
NXS/BTC,1606025691409,2020-11-22T06:14:51.409Z,sell,9.6e-06,1239.0,0.0118944
NXS/BTC,1606025691409,2020-11-22T06:14:51.409Z,sell,9.58e-06,2197.0,0.0210472599999999
NXS/BTC,1606025697865,2020-11-22T06:14:57.865Z,sell,9.57e-06,105.0,0.00100485
NXS/BTC,1606025701036,2020-11-22T06:15:01.036Z,buy,9.58e-06,486.0,0.00465588
NXS/BTC,1606025701162,2020-11-22T06:15:01.162Z,sell,9.57e-06,53.0,0.00050721
NXS/BTC,1606025705248,2020-11-22T06:15:05.248Z,sell,9.57e-06,5000.0,0.04785
NXS/BTC,1606025707960,2020-11-22T06:15:07.960Z,buy,9.58e-06,25.0,0.0002395
NXS/BTC,1606025713867,2020-11-22T06:15:13.867Z,sell,9.57e-06,2251.0,0.02154207
NXS/BTC,1606025714066,2020-11-22T06:15:14.066Z,buy,9.57e-06,160.0,0.0015312
NXS/BTC,1606025770138,2020-11-22T06:16:10.138Z,buy,9.56e-06,11.0,0.00010516
NXS/BTC,1606025858708,2020-11-22T06:17:38.708Z,buy,9.56e-06,105.0,0.0010038
NXS/BTC,1606025922242,2020-11-22T06:18:42.242Z,buy,9.56e-06,19.0,0.00018164
NXS/BTC,1606025971463,2020-11-22T06:19:31.463Z,buy,9.56e-06,20.0,0.0001911999999999
NXS/BTC,1606026078324,2020-11-22T06:21:18.324Z,sell,9.54e-06,443.0,0.00422622
NXS/BTC,1606026078324,2020-11-22T06:21:18.324Z,sell,9.52e-06,1586.0,0.01509872
NXS/BTC,1606026078324,2020-11-22T06:21:18.324Z,sell,9.51e-06,1649.0,0.01568199
NXS/BTC,1606026078324,2020-11-22T06:21:18.324Z,sell,9.5e-06,1322.0,0.012559
NXS/BTC,1606026096664,2020-11-22T06:21:36.664Z,sell,9.5e-06,9373.0,0.0890435
NXS/BTC,1606026121915,2020-11-22T06:22:01.915Z,buy,9.48e-06,443.0,0.00419964
NXS/BTC,1606026121915,2020-11-22T06:22:01.915Z,buy,9.49e-06,1605.0,0.01523145
NXS/BTC,1606026121915,2020-11-22T06:22:01.915Z,buy,9.5e-06,399.0,0.0037905
NXS/BTC,1606026122571,2020-11-22T06:22:02.571Z,buy,9.5e-06,228.0,0.002166
NXS/BTC,1606026124244,2020-11-22T06:22:04.244Z,sell,9.5e-06,201.0,0.0019095
NXS/BTC,1606026133203,2020-11-22T06:22:13.203Z,sell,9.5e-06,407.0,0.0038665
NXS/BTC,1606026134509,2020-11-22T06:22:14.509Z,sell,9.5e-06,225.0,0.0021375
NXS/BTC,1606026158855,2020-11-22T06:22:38.855Z,buy,9.49e-06,64.0,0.00060736
NXS/BTC,1606026189994,2020-11-22T06:23:09.994Z,buy,9.49e-06,11.0,0.00010439
NXS/BTC,1606026434695,2020-11-22T06:27:14.695Z,sell,9.47e-06,191.0,0.00180877
NXS/BTC,1606026442911,2020-11-22T06:27:22.911Z,sell,9.47e-06,106.0,0.00100382
NXS/BTC,1606027219413,2020-11-22T06:40:19.413Z,buy,9.48e-06,25.0,0.000237
NXS/BTC,1606027226740,2020-11-22T06:40:26.740Z,buy,9.48e-06,25.0,0.000237
NXS/BTC,1606027539806,2020-11-22T06:45:39.806Z,buy,9.48e-06,26.0,0.00024648
NXS/BTC,1606027539806,2020-11-22T06:45:39.806Z,buy,9.48e-06,26.0,0.00024648
NXS/BTC,1606027659142,2020-11-22T06:47:39.142Z,buy,9.48e-06,180.0,0.0017064
NXS/BTC,1606028741881,2020-11-22T07:05:41.881Z,sell,9.47e-06,835.0,0.00790745
NXS/BTC,1606028867516,2020-11-22T07:07:47.516Z,sell,9.47e-06,210.0,0.0019887
NXS/BTC,1606028917677,2020-11-22T07:08:37.677Z,sell,9.47e-06,7945.0,0.07523915
NXS/BTC,1606030073963,2020-11-22T07:27:53.963Z,sell,9.47e-06,344.0,0.00325768
NXS/BTC,1606030073980,2020-11-22T07:27:53.980Z,sell,9.47e-06,502.0,0.00475394
NXS/BTC,1606030359959,2020-11-22T07:32:39.959Z,sell,9.43e-06,335.0,0.0031590499999999
NXS/BTC,1606030406085,2020-11-22T07:33:26.085Z,sell,9.43e-06,122.0,0.0011504599999999
NXS/BTC,1606030438328,2020-11-22T07:33:58.328Z,sell,9.43e-06,115.0,0.00108445
NXS/BTC,1606030438328,2020-11-22T07:33:58.328Z,sell,9.43e-06,115.0,0.00108445
NXS/BTC,1606031478641,2020-11-22T07:51:18.641Z,buy,9.44e-06,351.0,0.00331344
NXS/BTC,1606031912834,2020-11-22T07:58:32.834Z,buy,9.44e-06,3469.0,0.0327473599999999
NXS/BTC,1606031912834,2020-11-22T07:58:32.834Z,buy,9.45e-06,2846.0,0.0268946999999999
NXS/BTC,1606032177605,2020-11-22T08:02:57.605Z,sell,9.43e-06,1286.0,0.0121269799999999
NXS/BTC,1606032263646,2020-11-22T08:04:23.646Z,sell,9.43e-06,647.0,0.0061012099999999
NXS/BTC,1606032263646,2020-11-22T08:04:23.646Z,sell,9.42e-06,346.0,0.00325932
NXS/BTC,1606033761418,2020-11-22T08:29:21.418Z,buy,9.44e-06,19.0,0.00017936
NXS/BTC,1606033863857,2020-11-22T08:31:03.857Z,buy,9.44e-06,159.0,0.00150096
NXS/BTC,1606033864248,2020-11-22T08:31:04.248Z,buy,9.44e-06,424.0,0.00400256
NXS/BTC,1606033864315,2020-11-22T08:31:04.315Z,buy,9.44e-06,106.0,0.00100064
NXS/BTC,1606033864332,2020-11-22T08:31:04.332Z,buy,9.44e-06,223.0,0.00210512
NXS/BTC,1606033864352,2020-11-22T08:31:04.352Z,buy,9.44e-06,11.0,0.00010384
NXS/BTC,1606033864352,2020-11-22T08:31:04.352Z,buy,9.44e-06,11.0,0.00010384
NXS/BTC,1606034174037,2020-11-22T08:36:14.037Z,sell,9.43e-06,424.0,0.00399832
NXS/BTC,1606034544629,2020-11-22T08:42:24.629Z,sell,9.43e-06,2642.0,0.02491406
NXS/BTC,1606034544629,2020-11-22T08:42:24.629Z,sell,9.42e-06,1181.0,0.01112502
NXS/BTC,1606035773363,2020-11-22T09:02:53.363Z,buy,9.42e-06,106.0,0.00099852
NXS/BTC,1606035786092,2020-11-22T09:03:06.092Z,sell,9.41e-06,107.0,0.00100687
NXS/BTC,1606036175471,2020-11-22T09:09:35.471Z,sell,9.41e-06,10.0,9.41e-05
NXS/BTC,1606036175471,2020-11-22T09:09:35.471Z,sell,9.4e-06,240.0,0.0022559999999999
NXS/BTC,1606036264449,2020-11-22T09:11:04.449Z,buy,9.43e-06,12.0,0.00011316
NXS/BTC,1606036264449,2020-11-22T09:11:04.449Z,buy,9.43e-06,12.0,0.00011316
NXS/BTC,1606037503878,2020-11-22T09:31:43.878Z,buy,9.43e-06,27.0,0.00025461
NXS/BTC,1606037503892,2020-11-22T09:31:43.892Z,buy,9.43e-06,410.0,0.0038662999999999
NXS/BTC,1606037524012,2020-11-22T09:32:04.012Z,buy,9.43e-06,27.0,0.00025461
NXS/BTC,1606037907179,2020-11-22T09:38:27.179Z,buy,9.43e-06,33.0,0.00031119
NXS/BTC,1606038154157,2020-11-22T09:42:34.157Z,buy,9.43e-06,599.0,0.0056485699999999
NXS/BTC,1606038337839,2020-11-22T09:45:37.839Z,buy,9.43e-06,505.0,0.00476215
NXS/BTC,1606039197230,2020-11-22T09:59:57.230Z,buy,9.43e-06,1936.0,0.01825648
NXS/BTC,1606039662593,2020-11-22T10:07:42.593Z,buy,9.43e-06,11.0,0.00010373
NXS/BTC,1606039715197,2020-11-22T10:08:35.197Z,sell,9.42e-06,151.0,0.00142242
NXS/BTC,1606039715197,2020-11-22T10:08:35.197Z,sell,9.42e-06,151.0,0.00142242
NXS/BTC,1606040058494,2020-11-22T10:14:18.494Z,sell,9.42e-06,1655.0,0.0155900999999999
NXS/BTC,1606040730623,2020-11-22T10:25:30.623Z,sell,9.41e-06,133.0,0.00125153
NXS/BTC,1606040817408,2020-11-22T10:26:57.408Z,sell,9.41e-06,452.0,0.00425332
NXS/BTC,1606041568565,2020-11-22T10:39:28.565Z,buy,9.43e-06,11.0,0.00010373
NXS/BTC,1606041929140,2020-11-22T10:45:29.140Z,buy,9.43e-06,17.0,0.00016031
NXS/BTC,1606042107854,2020-11-22T10:48:27.854Z,buy,9.43e-06,35.0,0.0003300499999999
NXS/BTC,1606042326524,2020-11-22T10:52:06.524Z,buy,9.43e-06,6683.0,0.0630206899999999
NXS/BTC,1606042409804,2020-11-22T10:53:29.804Z,sell,9.42e-06,351.0,0.00330642
NXS/BTC,1606042413598,2020-11-22T10:53:33.598Z,sell,9.42e-06,74.0,0.00069708
NXS/BTC,1606042413598,2020-11-22T10:53:33.598Z,sell,9.41e-06,64.0,0.00060224
NXS/BTC,1606042446931,2020-11-22T10:54:06.931Z,sell,9.41e-06,663.0,0.00623883
NXS/BTC,1606042765435,2020-11-22T10:59:25.435Z,sell,9.41e-06,213.0,0.00200433
NXS/BTC,1606042769453,2020-11-22T10:59:29.453Z,sell,9.41e-06,213.0,0.00200433
NXS/BTC,1606042775396,2020-11-22T10:59:35.396Z,sell,9.41e-06,156.0,0.00146796
NXS/BTC,1606042785336,2020-11-22T10:59:45.336Z,sell,9.41e-06,443.0,0.0041686299999999
NXS/BTC,1606042788578,2020-11-22T10:59:48.578Z,sell,9.41e-06,443.0,0.0041686299999999
NXS/BTC,1606042958471,2020-11-22T11:02:38.471Z,sell,9.41e-06,662.0,0.0062294199999999
NXS/BTC,1606043007538,2020-11-22T11:03:27.538Z,buy,9.44e-06,53.0,0.00050032
NXS/BTC,1606043007538,2020-11-22T11:03:27.538Z,buy,9.44e-06,53.0,0.00050032
NXS/BTC,1606043919563,2020-11-22T11:18:39.563Z,buy,9.43e-06,800.0,0.0075439999999999
NXS/BTC,1606044317519,2020-11-22T11:25:17.519Z,buy,9.43e-06,1397.0,0.01317371
NXS/BTC,1606044453126,2020-11-22T11:27:33.126Z,buy,9.43e-06,413.0,0.00389459
NXS/BTC,1606044470263,2020-11-22T11:27:50.263Z,buy,9.43e-06,206.0,0.00194258
NXS/BTC,1606044835257,2020-11-22T11:33:55.257Z,sell,9.41e-06,519.0,0.00488379
NXS/BTC,1606045050655,2020-11-22T11:37:30.655Z,sell,9.41e-06,223.0,0.00209843
NXS/BTC,1606045050655,2020-11-22T11:37:30.655Z,sell,9.4e-06,1609.0,0.0151246
NXS/BTC,1606045063252,2020-11-22T11:37:43.252Z,sell,9.4e-06,1311.0,0.0123234
NXS/BTC,1606045068473,2020-11-22T11:37:48.473Z,buy,9.39e-06,371.0,0.00348369
NXS/BTC,1606045089603,2020-11-22T11:38:09.603Z,buy,9.41e-06,472.0,0.00444152
NXS/BTC,1606045090314,2020-11-22T11:38:10.314Z,buy,9.41e-06,472.0,0.00444152
NXS/BTC,1606045091028,2020-11-22T11:38:11.028Z,buy,9.41e-06,45.0,0.0004234499999999
NXS/BTC,1606045093827,2020-11-22T11:38:13.827Z,buy,9.41e-06,45.0,0.0004234499999999
NXS/BTC,1606045106220,2020-11-22T11:38:26.220Z,buy,9.41e-06,166.0,0.0015620599999999
NXS/BTC,1606045146525,2020-11-22T11:39:06.525Z,sell,9.38e-06,138.0,0.00129444
NXS/BTC,1606045146525,2020-11-22T11:39:06.525Z,sell,9.31e-06,108.0,0.00100548
NXS/BTC,1606045146525,2020-11-22T11:39:06.525Z,sell,9.3e-06,754.0,0.0070122
NXS/BTC,1606045219345,2020-11-22T11:40:19.345Z,sell,9.31e-06,107.0,0.00099617
NXS/BTC,1606045220728,2020-11-22T11:40:20.728Z,sell,9.31e-06,54.0,0.00050274
NXS/BTC,1606045339379,2020-11-22T11:42:19.379Z,buy,9.35e-06,161.0,0.00150535
NXS/BTC,1606045339379,2020-11-22T11:42:19.379Z,buy,9.37e-06,905.0,0.00847985
NXS/BTC,1606045638492,2020-11-22T11:47:18.492Z,sell,9.32e-06,297.0,0.00276804
NXS/BTC,1606045787656,2020-11-22T11:49:47.656Z,sell,9.32e-06,356.0,0.00331792
NXS/BTC,1606045787734,2020-11-22T11:49:47.734Z,sell,9.3e-06,419.0,0.0038967
NXS/BTC,1606045940831,2020-11-22T11:52:20.831Z,sell,9.3e-06,96.0,0.0008928
NXS/BTC,1606045959760,2020-11-22T11:52:39.760Z,sell,9.3e-06,945.0,0.0087885
NXS/BTC,1606045984136,2020-11-22T11:53:04.136Z,sell,9.3e-06,17.0,0.0001581
NXS/BTC,1606046020491,2020-11-22T11:53:40.491Z,sell,9.25e-06,279.0,0.0025807499999999
NXS/BTC,1606046036901,2020-11-22T11:53:56.901Z,buy,9.25e-06,490.0,0.0045325
NXS/BTC,1606046315557,2020-11-22T11:58:35.557Z,sell,9.25e-06,11.0,0.0001017499999999
NXS/BTC,1606046315557,2020-11-22T11:58:35.557Z,sell,9.23e-06,73.0,0.00067379
NXS/BTC,1606046537140,2020-11-22T12:02:17.140Z,buy,9.26e-06,1264.0,0.0117046399999999
NXS/BTC,1606046603861,2020-11-22T12:03:23.861Z,buy,9.25e-06,167.0,0.00154475
NXS/BTC,1606046603861,2020-11-22T12:03:23.861Z,buy,9.26e-06,183.0,0.00169458
NXS/BTC,1606046603861,2020-11-22T12:03:23.861Z,buy,9.25e-06,167.0,0.00154475
NXS/BTC,1606046603861,2020-11-22T12:03:23.861Z,buy,9.26e-06,183.0,0.00169458
NXS/BTC,1606047334050,2020-11-22T12:15:34.050Z,buy,9.25e-06,1906.0,0.0176305
NXS/BTC,1606047662298,2020-11-22T12:21:02.298Z,buy,9.26e-06,189.0,0.0017501399999999
NXS/BTC,1606047694779,2020-11-22T12:21:34.779Z,buy,9.27e-06,1282.0,0.01188414
NXS/BTC,1606047722822,2020-11-22T12:22:02.822Z,buy,9.27e-06,1471.0,0.01363617
NXS/BTC,1606048030990,2020-11-22T12:27:10.990Z,buy,9.28e-06,2199.0,0.02040672
NXS/BTC,1606048090951,2020-11-22T12:28:10.951Z,buy,9.28e-06,156.0,0.0014476799999999
NXS/BTC,1606048262979,2020-11-22T12:31:02.979Z,buy,9.28e-06,27.0,0.00025056
NXS/BTC,1606048821809,2020-11-22T12:40:21.809Z,buy,9.28e-06,321.0,0.0029788799999999
NXS/BTC,1606048823159,2020-11-22T12:40:23.159Z,buy,9.29e-06,273.0,0.00253617
NXS/BTC,1606048836871,2020-11-22T12:40:36.871Z,buy,9.29e-06,360.0,0.0033444
NXS/BTC,1606048932180,2020-11-22T12:42:12.180Z,buy,9.3e-06,1443.0,0.0134199
NXS/BTC,1606048932180,2020-11-22T12:42:12.180Z,buy,9.32e-06,1809.0,0.01685988
NXS/BTC,1606049164298,2020-11-22T12:46:04.298Z,buy,9.32e-06,1007.0,0.00938524
NXS/BTC,1606049222259,2020-11-22T12:47:02.259Z,buy,9.32e-06,643.0,0.00599276
NXS/BTC,1606049516782,2020-11-22T12:51:56.782Z,sell,9.31e-06,61.0,0.00056791
NXS/BTC,1606050087386,2020-11-22T13:01:27.386Z,buy,9.33e-06,421.0,0.00392793
NXS/BTC,1606050087386,2020-11-22T13:01:27.386Z,buy,9.33e-06,421.0,0.00392793
NXS/BTC,1606050337910,2020-11-22T13:05:37.910Z,buy,9.33e-06,16.0,0.00014928
NXS/BTC,1606050711547,2020-11-22T13:11:51.547Z,sell,9.35e-06,72.0,0.0006732
NXS/BTC,1606050711547,2020-11-22T13:11:51.547Z,sell,9.34e-06,6447.0,0.06021498
NXS/BTC,1606051161130,2020-11-22T13:19:21.130Z,buy,9.37e-06,26.0,0.00024362
NXS/BTC,1606051201646,2020-11-22T13:20:01.646Z,buy,9.37e-06,359.0,0.00336383
NXS/BTC,1606051580571,2020-11-22T13:26:20.571Z,buy,9.37e-06,7096.0,0.06648952
NXS/BTC,1606051594518,2020-11-22T13:26:34.518Z,buy,9.4e-06,3990.0,0.037506
NXS/BTC,1606052117648,2020-11-22T13:35:17.648Z,sell,9.41e-06,80.0,0.0007528
NXS/BTC,1606052117648,2020-11-22T13:35:17.648Z,sell,9.41e-06,80.0,0.0007528
NXS/BTC,1606055771140,2020-11-22T14:36:11.140Z,buy,9.43e-06,11.0,0.00010373
NXS/BTC,1606055771140,2020-11-22T14:36:11.140Z,buy,9.43e-06,11.0,0.00010373
NXS/BTC,1606056371901,2020-11-22T14:46:11.901Z,buy,9.43e-06,552.0,0.00520536
NXS/BTC,1606058109678,2020-11-22T15:15:09.678Z,buy,9.43e-06,3567.0,0.0336368099999999
NXS/BTC,1606058334716,2020-11-22T15:18:54.716Z,buy,9.43e-06,424.0,0.00399832
NXS/BTC,1606058744372,2020-11-22T15:25:44.372Z,buy,9.45e-06,933.0,0.00881685
NXS/BTC,1606058744372,2020-11-22T15:25:44.372Z,buy,9.48e-06,552.0,0.00523296
NXS/BTC,1606058744372,2020-11-22T15:25:44.372Z,buy,9.49e-06,2361.0,0.02240589
NXS/BTC,1606058744372,2020-11-22T15:25:44.372Z,buy,9.5e-06,177.0,0.0016815
NXS/BTC,1606058746312,2020-11-22T15:25:46.312Z,sell,9.5e-06,15.0,0.0001425
NXS/BTC,1606058763778,2020-11-22T15:26:03.778Z,sell,9.44e-06,317.0,0.0029924799999999
NXS/BTC,1606058763778,2020-11-22T15:26:03.778Z,sell,9.43e-06,2103.0,0.0198312899999999
NXS/BTC,1606058798064,2020-11-22T15:26:38.064Z,sell,9.45e-06,1285.0,0.01214325
NXS/BTC,1606058799586,2020-11-22T15:26:39.586Z,sell,9.45e-06,267.0,0.0025231499999999
NXS/BTC,1606058799677,2020-11-22T15:26:39.677Z,sell,9.45e-06,321.0,0.0030334499999999
NXS/BTC,1606058800166,2020-11-22T15:26:40.166Z,sell,9.45e-06,675.0,0.00637875
NXS/BTC,1606058800563,2020-11-22T15:26:40.563Z,sell,9.45e-06,33.0,0.0003118499999999
NXS/BTC,1606059162992,2020-11-22T15:32:42.992Z,sell,9.47e-06,189.0,0.00178983
NXS/BTC,1606059261786,2020-11-22T15:34:21.786Z,buy,9.48e-06,80.0,0.0007584
NXS/BTC,1606059261786,2020-11-22T15:34:21.786Z,buy,9.48e-06,80.0,0.0007584
NXS/BTC,1606059562522,2020-11-22T15:39:22.522Z,sell,9.47e-06,154.0,0.00145838
NXS/BTC,1606059576741,2020-11-22T15:39:36.741Z,sell,9.42e-06,83.0,0.00078186
NXS/BTC,1606059649886,2020-11-22T15:40:49.886Z,buy,9.42e-06,3809.0,0.03588078
NXS/BTC,1606059649886,2020-11-22T15:40:49.886Z,buy,9.46e-06,317.0,0.0029988199999999
NXS/BTC,1606059649886,2020-11-22T15:40:49.886Z,buy,9.47e-06,702.0,0.00664794
NXS/BTC,1606059649886,2020-11-22T15:40:49.886Z,buy,9.48e-06,172.0,0.00163056
NXS/BTC,1606059679442,2020-11-22T15:41:19.442Z,buy,9.47e-06,2834.0,0.02683798
NXS/BTC,1606059683245,2020-11-22T15:41:23.245Z,buy,9.47e-06,2126.0,0.02013322
NXS/BTC,1606062139125,2020-11-22T16:22:19.125Z,buy,9.51e-06,41.0,0.00038991
NXS/BTC,1606062139125,2020-11-22T16:22:19.125Z,buy,9.55e-06,254.0,0.0024257
NXS/BTC,1606062139125,2020-11-22T16:22:19.125Z,buy,9.56e-06,123.0,0.00117588
NXS/BTC,1606062167251,2020-11-22T16:22:47.251Z,sell,9.56e-06,428.0,0.00409168
NXS/BTC,1606062181766,2020-11-22T16:23:01.766Z,sell,9.56e-06,993.0,0.00949308
NXS/BTC,1606062186655,2020-11-22T16:23:06.655Z,sell,9.49e-06,361.0,0.00342589
NXS/BTC,1606062441163,2020-11-22T16:27:21.163Z,buy,9.54e-06,11.0,0.00010494
NXS/BTC,1606062667266,2020-11-22T16:31:07.266Z,buy,9.54e-06,11.0,0.00010494
NXS/BTC,1606062730356,2020-11-22T16:32:10.356Z,sell,9.54e-06,11.0,0.00010494
NXS/BTC,1606062730356,2020-11-22T16:32:10.356Z,sell,9.54e-06,11.0,0.00010494
NXS/BTC,1606063018581,2020-11-22T16:36:58.581Z,sell,9.55e-06,16.0,0.0001528
NXS/BTC,1606063062965,2020-11-22T16:37:42.965Z,sell,9.55e-06,28.0,0.0002674
NXS/BTC,1606063130485,2020-11-22T16:38:50.485Z,buy,9.57e-06,1171.0,0.01120647
NXS/BTC,1606063130485,2020-11-22T16:38:50.485Z,buy,9.59e-06,2288.0,0.02194192
NXS/BTC,1606063130485,2020-11-22T16:38:50.485Z,buy,9.6e-06,2247.0,0.0215712
NXS/BTC,1606063130485,2020-11-22T16:38:50.485Z,buy,9.61e-06,1435.0,0.01379035
NXS/BTC,1606063130485,2020-11-22T16:38:50.485Z,buy,9.65e-06,62.0,0.0005983
NXS/BTC,1606063130485,2020-11-22T16:38:50.485Z,buy,9.67e-06,131.0,0.00126677
NXS/BTC,1606063130485,2020-11-22T16:38:50.485Z,buy,9.71e-06,738.0,0.00716598
NXS/BTC,1606063130485,2020-11-22T16:38:50.485Z,buy,9.73e-06,136.0,0.00132328
NXS/BTC,1606063130485,2020-11-22T16:38:50.485Z,buy,9.75e-06,1000.0,0.00975
NXS/BTC,1606063130485,2020-11-22T16:38:50.485Z,buy,9.76e-06,65.0,0.0006344
NXS/BTC,1606063130485,2020-11-22T16:38:50.485Z,buy,9.8e-06,1140.0,0.011172
NXS/BTC,1606063130485,2020-11-22T16:38:50.485Z,buy,9.82e-06,224.0,0.00219968
NXS/BTC,1606063130485,2020-11-22T16:38:50.485Z,buy,9.85e-06,1572.0,0.0154842
NXS/BTC,1606063130485,2020-11-22T16:38:50.485Z,buy,9.86e-06,145.0,0.0014297
NXS/BTC,1606063130485,2020-11-22T16:38:50.485Z,buy,9.87e-06,69.0,0.00068103
NXS/BTC,1606063130485,2020-11-22T16:38:50.485Z,buy,9.88e-06,2967.0,0.02931396
NXS/BTC,1606063130485,2020-11-22T16:38:50.485Z,buy,9.9e-06,3967.0,0.0392733
NXS/BTC,1606063130485,2020-11-22T16:38:50.485Z,buy,9.91e-06,504.0,0.00499464
NXS/BTC,1606063130485,2020-11-22T16:38:50.485Z,buy,9.92e-06,5201.0,0.05159392
NXS/BTC,1606063130485,2020-11-22T16:38:50.485Z,buy,9.93e-06,220.0,0.0021846
NXS/BTC,1606063130485,2020-11-22T16:38:50.485Z,buy,9.95e-06,15790.0,0.1571105
NXS/BTC,1606063130485,2020-11-22T16:38:50.485Z,buy,9.96e-06,2967.0,0.02955132
NXS/BTC,1606063130485,2020-11-22T16:38:50.485Z,buy,9.98e-06,1448.0,0.0144510399999999
NXS/BTC,1606063137325,2020-11-22T16:38:57.325Z,sell,9.79e-06,148.0,0.0014489199999999
NXS/BTC,1606063137555,2020-11-22T16:38:57.555Z,sell,9.79e-06,72.0,0.00070488
NXS/BTC,1606063137555,2020-11-22T16:38:57.555Z,sell,9.77e-06,74.0,0.00072298
NXS/BTC,1606063141266,2020-11-22T16:39:01.266Z,sell,9.85e-06,572.0,0.0056342
NXS/BTC,1606063144557,2020-11-22T16:39:04.557Z,sell,9.75e-06,221.0,0.00215475
NXS/BTC,1606063148987,2020-11-22T16:39:08.987Z,sell,9.71e-06,222.0,0.00215562
NXS/BTC,1606063150882,2020-11-22T16:39:10.882Z,sell,9.71e-06,350.0,0.0033985
NXS/BTC,1606063150882,2020-11-22T16:39:10.882Z,sell,9.67e-06,52.0,0.00050284
NXS/BTC,1606063204400,2020-11-22T16:40:04.400Z,sell,9.67e-06,51.0,0.00049317
NXS/BTC,1606063233201,2020-11-22T16:40:33.201Z,buy,9.66e-06,3094.0,0.02988804
NXS/BTC,1606063233201,2020-11-22T16:40:33.201Z,buy,9.67e-06,760.0,0.0073492
NXS/BTC,1606063262331,2020-11-22T16:41:02.331Z,sell,9.67e-06,3239.0,0.03132113
NXS/BTC,1606063265984,2020-11-22T16:41:05.984Z,buy,9.74e-06,1757.0,0.01711318
NXS/BTC,1606063303817,2020-11-22T16:41:43.817Z,sell,9.7e-06,119.0,0.0011543
NXS/BTC,1606063322293,2020-11-22T16:42:02.293Z,buy,9.74e-06,1335.0,0.0130029
NXS/BTC,1606063322293,2020-11-22T16:42:02.293Z,buy,9.75e-06,187.0,0.00182325
NXS/BTC,1606063322293,2020-11-22T16:42:02.293Z,buy,9.85e-06,572.0,0.0056342
NXS/BTC,1606063322293,2020-11-22T16:42:02.293Z,buy,9.88e-06,221.0,0.00218348
NXS/BTC,1606063322293,2020-11-22T16:42:02.293Z,buy,9.93e-06,220.0,0.0021846
NXS/BTC,1606063322293,2020-11-22T16:42:02.293Z,buy,9.96e-06,74.0,0.00073704
NXS/BTC,1606063322293,2020-11-22T16:42:02.293Z,buy,9.97e-06,1585.0,0.01580245
NXS/BTC,1606063322293,2020-11-22T16:42:02.293Z,buy,9.98e-06,2663.0,0.0265767399999999
NXS/BTC,1606063322293,2020-11-22T16:42:02.293Z,buy,9.99e-06,9348.0,0.0933865199999999
NXS/BTC,1606063322293,2020-11-22T16:42:02.293Z,buy,1e-05,1269.0,0.01269
NXS/BTC,1606063322293,2020-11-22T16:42:02.293Z,buy,1.001e-05,2967.0,0.02969967
NXS/BTC,1606063322293,2020-11-22T16:42:02.293Z,buy,1.004e-05,10330.0,0.1037132
NXS/BTC,1606063322293,2020-11-22T16:42:02.293Z,buy,1.005e-05,1074.0,0.0107937
NXS/BTC,1606063322293,2020-11-22T16:42:02.293Z,buy,1.006e-05,1238.0,0.01245428
NXS/BTC,1606063338464,2020-11-22T16:42:18.464Z,sell,9.85e-06,150.0,0.0014775
NXS/BTC,1606063344164,2020-11-22T16:42:24.164Z,sell,9.88e-06,425.0,0.004199
NXS/BTC,1606063349783,2020-11-22T16:42:29.783Z,sell,9.9e-06,389.0,0.0038511
NXS/BTC,1606063354595,2020-11-22T16:42:34.595Z,sell,9.92e-06,12.0,0.00011904
NXS/BTC,1606063355051,2020-11-22T16:42:35.051Z,sell,9.92e-06,425.0,0.004216
NXS/BTC,1606063355223,2020-11-22T16:42:35.223Z,sell,9.92e-06,626.0,0.00620992
NXS/BTC,1606063355373,2020-11-22T16:42:35.373Z,buy,1.005e-05,415.0,0.00417075
NXS/BTC,1606063355373,2020-11-22T16:42:35.373Z,buy,1.006e-05,869.0,0.00874214
NXS/BTC,1606063359399,2020-11-22T16:42:39.399Z,buy,1.005e-05,1866.0,0.0187533
NXS/BTC,1606063359399,2020-11-22T16:42:39.399Z,buy,1.006e-05,860.0,0.0086516
NXS/BTC,1606063359399,2020-11-22T16:42:39.399Z,buy,1.008e-05,2351.0,0.02369808
NXS/BTC,1606063359399,2020-11-22T16:42:39.399Z,buy,1.009e-05,19072.0,0.19243648
NXS/BTC,1606063362439,2020-11-22T16:42:42.439Z,sell,9.95e-06,434.0,0.0043183
NXS/BTC,1606063363142,2020-11-22T16:42:43.142Z,sell,9.95e-06,101.0,0.00100495
NXS/BTC,1606063367094,2020-11-22T16:42:47.094Z,buy,1.008e-05,547.0,0.00551376
NXS/BTC,1606063367094,2020-11-22T16:42:47.094Z,buy,1.009e-05,17161.0,0.17315449
NXS/BTC,1606063383729,2020-11-22T16:43:03.729Z,buy,9.91e-06,425.0,0.00421175
NXS/BTC,1606063383729,2020-11-22T16:43:03.729Z,buy,1.009e-05,9895.0,0.09984055
NXS/BTC,1606063383729,2020-11-22T16:43:03.729Z,buy,1.01e-05,1000.0,0.0101
NXS/BTC,1606063383729,2020-11-22T16:43:03.729Z,buy,1.011e-05,75.0,0.00075825
NXS/BTC,1606063383729,2020-11-22T16:43:03.729Z,buy,1.012e-05,528.0,0.00534336
NXS/BTC,1606063383729,2020-11-22T16:43:03.729Z,buy,1.013e-05,1545.0,0.01565085
NXS/BTC,1606063389531,2020-11-22T16:43:09.531Z,sell,9.98e-06,294.0,0.0029341199999999
NXS/BTC,1606063390237,2020-11-22T16:43:10.237Z,sell,9.98e-06,278.0,0.00277444
NXS/BTC,1606063390970,2020-11-22T16:43:10.970Z,buy,1.013e-05,1970.0,0.0199560999999999
NXS/BTC,1606063390970,2020-11-22T16:43:10.970Z,buy,1.014e-05,1936.0,0.01963104
NXS/BTC,1606063390970,2020-11-22T16:43:10.970Z,buy,1.015e-05,1000.0,0.01015
NXS/BTC,1606063390970,2020-11-22T16:43:10.970Z,buy,1.016e-05,164.0,0.0016662399999999
NXS/BTC,1606063390970,2020-11-22T16:43:10.970Z,buy,1.018e-05,77.0,0.00078386
NXS/BTC,1606063390970,2020-11-22T16:43:10.970Z,buy,1.02e-05,1000.0,0.0102
NXS/BTC,1606063390970,2020-11-22T16:43:10.970Z,buy,1.023e-05,163.0,0.00166749
NXS/BTC,1606063390970,2020-11-22T16:43:10.970Z,buy,1.024e-05,249.0,0.00254976
NXS/BTC,1606063390970,2020-11-22T16:43:10.970Z,buy,1.025e-05,1000.0,0.01025
NXS/BTC,1606063390970,2020-11-22T16:43:10.970Z,buy,1.026e-05,836.0,0.00857736
NXS/BTC,1606063390970,2020-11-22T16:43:10.970Z,buy,1.028e-05,169.0,0.0017373199999999
NXS/BTC,1606063390970,2020-11-22T16:43:10.970Z,buy,1.03e-05,1350.0,0.0139049999999999
NXS/BTC,1606063391270,2020-11-22T16:43:11.270Z,sell,9.97e-06,97.0,0.00096709
NXS/BTC,1606063393489,2020-11-22T16:43:13.489Z,sell,1.003e-05,578.0,0.00579734
NXS/BTC,1606063394200,2020-11-22T16:43:14.200Z,sell,1.005e-05,307.0,0.00308535
NXS/BTC,1606063394200,2020-11-22T16:43:14.200Z,sell,1.004e-05,325.0,0.003263
NXS/BTC,1606063395154,2020-11-22T16:43:15.154Z,sell,1.005e-05,656.0,0.0065928
NXS/BTC,1606063395406,2020-11-22T16:43:15.406Z,sell,1.006e-05,16.0,0.00016096
NXS/BTC,1606063396302,2020-11-22T16:43:16.302Z,sell,1.01e-05,212.0,0.0021412
NXS/BTC,1606063397346,2020-11-22T16:43:17.346Z,sell,1.01e-05,451.0,0.0045551
NXS/BTC,1606063398397,2020-11-22T16:43:18.397Z,sell,1.011e-05,629.0,0.00635919
NXS/BTC,1606063398618,2020-11-22T16:43:18.618Z,sell,1.012e-05,99.0,0.00100188
NXS/BTC,1606063400095,2020-11-22T16:43:20.095Z,buy,1.026e-05,29.0,0.00029754
NXS/BTC,1606063402696,2020-11-22T16:43:22.696Z,sell,1.017e-05,68.0,0.0006915599999999
NXS/BTC,1606063404905,2020-11-22T16:43:24.905Z,sell,1.016e-05,68.0,0.0006908799999999
NXS/BTC,1606063405866,2020-11-22T16:43:25.866Z,sell,1.016e-05,20.0,0.0002031999999999
NXS/BTC,1606063406195,2020-11-22T16:43:26.195Z,buy,1.026e-05,866.0,0.00888516
NXS/BTC,1606063406195,2020-11-22T16:43:26.195Z,buy,1.027e-05,1311.0,0.01346397
NXS/BTC,1606063406195,2020-11-22T16:43:26.195Z,buy,1.029e-05,982.0,0.0101047799999999
NXS/BTC,1606063406195,2020-11-22T16:43:26.195Z,buy,1.03e-05,4128.0,0.0425184
NXS/BTC,1606063406934,2020-11-22T16:43:26.934Z,sell,1.018e-05,285.0,0.0029013
NXS/BTC,1606063406934,2020-11-22T16:43:26.934Z,sell,1.017e-05,530.0,0.0053900999999999
NXS/BTC,1606063407894,2020-11-22T16:43:27.894Z,sell,1.016e-05,4023.0,0.0408736799999999
NXS/BTC,1606063407907,2020-11-22T16:43:27.907Z,buy,1.017e-05,328.0,0.0033357599999999
NXS/BTC,1606063410734,2020-11-22T16:43:30.734Z,sell,1.017e-05,23.0,0.00023391
NXS/BTC,1606063410734,2020-11-22T16:43:30.734Z,sell,1.016e-05,127.0,0.00129032
NXS/BTC,1606063414845,2020-11-22T16:43:34.845Z,buy,1.024e-05,530.0,0.0054272
NXS/BTC,1606063414845,2020-11-22T16:43:34.845Z,buy,1.025e-05,3916.0,0.040139
NXS/BTC,1606063414845,2020-11-22T16:43:34.845Z,buy,1.029e-05,285.0,0.0029326499999999
NXS/BTC,1606063414845,2020-11-22T16:43:34.845Z,buy,1.03e-05,558.0,0.0057474
NXS/BTC,1606063414845,2020-11-22T16:43:34.845Z,buy,1.032e-05,175.0,0.0018059999999999
NXS/BTC,1606063414845,2020-11-22T16:43:34.845Z,buy,1.035e-05,44.0,0.0004553999999999
NXS/BTC,1606063422482,2020-11-22T16:43:42.482Z,buy,1.034e-05,21.0,0.00021714
NXS/BTC,1606063422482,2020-11-22T16:43:42.482Z,buy,1.035e-05,956.0,0.0098946
NXS/BTC,1606063422482,2020-11-22T16:43:42.482Z,buy,1.037e-05,83.0,0.00086071
NXS/BTC,1606063422482,2020-11-22T16:43:42.482Z,buy,1.038e-05,350.0,0.003633
NXS/BTC,1606063422482,2020-11-22T16:43:42.482Z,buy,1.039e-05,303.0,0.00314817
NXS/BTC,1606063422482,2020-11-22T16:43:42.482Z,buy,1.04e-05,2410.0,0.025064
NXS/BTC,1606063425383,2020-11-22T16:43:45.383Z,buy,1.04e-05,402.0,0.0041808
NXS/BTC,1606063425383,2020-11-22T16:43:45.383Z,buy,1.041e-05,180.0,0.0018738
NXS/BTC,1606063425383,2020-11-22T16:43:45.383Z,buy,1.044e-05,84.0,0.00087696
NXS/BTC,1606063425383,2020-11-22T16:43:45.383Z,buy,1.045e-05,1000.0,0.01045
NXS/BTC,1606063425383,2020-11-22T16:43:45.383Z,buy,1.05e-05,1347.0,0.0141435
NXS/BTC,1606063426229,2020-11-22T16:43:46.229Z,sell,1.021e-05,58.0,0.00059218
NXS/BTC,1606063426403,2020-11-22T16:43:46.403Z,sell,1.022e-05,16.0,0.00016352
NXS/BTC,1606063426949,2020-11-22T16:43:46.949Z,sell,1.023e-05,16.0,0.00016368
NXS/BTC,1606063430369,2020-11-22T16:43:50.369Z,sell,1.028e-05,16.0,0.00016448
NXS/BTC,1606063432534,2020-11-22T16:43:52.534Z,buy,1.049e-05,106.0,0.0011119399999999
NXS/BTC,1606063432534,2020-11-22T16:43:52.534Z,buy,1.05e-05,636.0,0.006678
NXS/BTC,1606063432534,2020-11-22T16:43:52.534Z,buy,1.051e-05,156.0,0.00163956
NXS/BTC,1606063432534,2020-11-22T16:43:52.534Z,buy,1.052e-05,119.0,0.00125188
NXS/BTC,1606063432534,2020-11-22T16:43:52.534Z,buy,1.053e-05,572.0,0.00602316
NXS/BTC,1606063432534,2020-11-22T16:43:52.534Z,buy,1.055e-05,689.0,0.00726895
NXS/BTC,1606063432981,2020-11-22T16:43:52.981Z,sell,1.031e-05,11.0,0.00011341
NXS/BTC,1606063435164,2020-11-22T16:43:55.164Z,buy,1.055e-05,322.0,0.0033971
NXS/BTC,1606063435164,2020-11-22T16:43:55.164Z,buy,1.058e-05,98.0,0.00103684
NXS/BTC,1606063435164,2020-11-22T16:43:55.164Z,buy,1.059e-05,192.0,0.00203328
NXS/BTC,1606063435164,2020-11-22T16:43:55.164Z,buy,1.06e-05,1000.0,0.0106
NXS/BTC,1606063435164,2020-11-22T16:43:55.164Z,buy,1.064e-05,10.0,0.0001064
NXS/BTC,1606063435164,2020-11-22T16:43:55.164Z,buy,1.065e-05,62.0,0.0006603
NXS/BTC,1606063438825,2020-11-22T16:43:58.825Z,sell,1.04e-05,192.0,0.0019968
NXS/BTC,1606063440719,2020-11-22T16:44:00.719Z,buy,1.052e-05,28.0,0.0002945599999999
NXS/BTC,1606063441721,2020-11-22T16:44:01.721Z,buy,1.052e-05,972.0,0.0102254399999999
NXS/BTC,1606063441721,2020-11-22T16:44:01.721Z,buy,1.065e-05,1028.0,0.0109482
NXS/BTC,1606063441721,2020-11-22T16:44:01.721Z,buy,1.067e-05,572.0,0.0061032399999999
NXS/BTC,1606063441721,2020-11-22T16:44:01.721Z,buy,1.069e-05,2257.0,0.02412733
NXS/BTC,1606063448371,2020-11-22T16:44:08.371Z,sell,1.053e-05,15.0,0.00015795
NXS/BTC,1606063450453,2020-11-22T16:44:10.453Z,buy,1.069e-05,755.0,0.0080709499999999
NXS/BTC,1606063452452,2020-11-22T16:44:12.452Z,sell,1.066e-05,15.0,0.0001598999999999
NXS/BTC,1606063453172,2020-11-22T16:44:13.172Z,sell,1.055e-05,15.0,0.00015825
NXS/BTC,1606063453769,2020-11-22T16:44:13.769Z,buy,1.069e-05,41.0,0.00043829
NXS/BTC,1606063468217,2020-11-22T16:44:28.217Z,buy,1.067e-05,10.0,0.0001066999999999
NXS/BTC,1606063470161,2020-11-22T16:44:30.161Z,buy,1.067e-05,90.0,0.0009603
NXS/BTC,1606063470161,2020-11-22T16:44:30.161Z,buy,1.068e-05,419.0,0.0044749199999999
NXS/BTC,1606063470161,2020-11-22T16:44:30.161Z,buy,1.069e-05,11.0,0.0001175899999999
NXS/BTC,1606063473782,2020-11-22T16:44:33.782Z,sell,1.057e-05,225.0,0.00237825
NXS/BTC,1606063483031,2020-11-22T16:44:43.031Z,sell,1.056e-05,142.0,0.00149952
NXS/BTC,1606063492044,2020-11-22T16:44:52.044Z,sell,1.056e-05,29.0,0.00030624
NXS/BTC,1606063493438,2020-11-22T16:44:53.438Z,sell,1.056e-05,16.0,0.00016896
NXS/BTC,1606063497412,2020-11-22T16:44:57.412Z,sell,1.055e-05,87.0,0.00091785
NXS/BTC,1606063511267,2020-11-22T16:45:11.267Z,sell,1.055e-05,99.0,0.00104445
NXS/BTC,1606063521628,2020-11-22T16:45:21.628Z,sell,1.055e-05,373.0,0.00393515
NXS/BTC,1606063521628,2020-11-22T16:45:21.628Z,sell,1.053e-05,127.0,0.00133731
NXS/BTC,1606063544579,2020-11-22T16:45:44.579Z,sell,1.053e-05,101.0,0.00106353
NXS/BTC,1606063554261,2020-11-22T16:45:54.261Z,sell,1.053e-05,102.0,0.00107406
NXS/BTC,1606063590543,2020-11-22T16:46:30.543Z,sell,1.053e-05,225.0,0.00236925
NXS/BTC,1606063590973,2020-11-22T16:46:30.973Z,sell,1.053e-05,21.0,0.00022113
NXS/BTC,1606063590973,2020-11-22T16:46:30.973Z,sell,1.04e-05,191.0,0.0019864
NXS/BTC,1606063591421,2020-11-22T16:46:31.421Z,sell,1.041e-05,189.0,0.00196749
NXS/BTC,1606063591421,2020-11-22T16:46:31.421Z,sell,1.04e-05,189.0,0.0019656
NXS/BTC,1606063591421,2020-11-22T16:46:31.421Z,sell,1.037e-05,22.0,0.00022814
NXS/BTC,1606063591421,2020-11-22T16:46:31.421Z,sell,1.03e-05,182.0,0.0018746
NXS/BTC,1606063591421,2020-11-22T16:46:31.421Z,sell,1.029e-05,574.0,0.00590646
NXS/BTC,1606063593634,2020-11-22T16:46:33.634Z,sell,1.031e-05,56.0,0.00057736
NXS/BTC,1606063630429,2020-11-22T16:47:10.429Z,sell,1.034e-05,23.0,0.0002378199999999
NXS/BTC,1606063633347,2020-11-22T16:47:13.347Z,sell,1.034e-05,182.0,0.0018818799999999
NXS/BTC,1606063667124,2020-11-22T16:47:47.124Z,sell,1.035e-05,121.0,0.00125235
NXS/BTC,1606063695276,2020-11-22T16:48:15.276Z,buy,1.044e-05,182.0,0.00190008
NXS/BTC,1606063695276,2020-11-22T16:48:15.276Z,buy,1.045e-05,23.0,0.00024035
NXS/BTC,1606063717402,2020-11-22T16:48:37.402Z,buy,1.046e-05,187.0,0.00195602
NXS/BTC,1606063717402,2020-11-22T16:48:37.402Z,buy,1.05e-05,574.0,0.0060269999999999
NXS/BTC,1606063740174,2020-11-22T16:49:00.174Z,buy,1.053e-05,26.0,0.00027378
NXS/BTC,1606063740500,2020-11-22T16:49:00.500Z,sell,1.051e-05,11.0,0.0001156099999999
NXS/BTC,1606063759359,2020-11-22T16:49:19.359Z,sell,1.044e-05,26.0,0.00027144
NXS/BTC,1606063760618,2020-11-22T16:49:20.618Z,buy,1.053e-05,546.0,0.00574938
NXS/BTC,1606063760618,2020-11-22T16:49:20.618Z,buy,1.055e-05,521.0,0.00549655
NXS/BTC,1606063767076,2020-11-22T16:49:27.076Z,sell,1.055e-05,1000.0,0.01055
NXS/BTC,1606063810324,2020-11-22T16:50:10.324Z,sell,1.055e-05,11.0,0.00011605
NXS/BTC,1606063811418,2020-11-22T16:50:11.418Z,sell,1.055e-05,1000.0,0.01055
NXS/BTC,1606063818194,2020-11-22T16:50:18.194Z,sell,1.055e-05,860.0,0.009073
NXS/BTC,1606063818194,2020-11-22T16:50:18.194Z,sell,1.049e-05,75.0,0.00078675
NXS/BTC,1606063818194,2020-11-22T16:50:18.194Z,sell,1.044e-05,347.0,0.00362268
NXS/BTC,1606063818474,2020-11-22T16:50:18.474Z,sell,1.045e-05,188.0,0.0019646
NXS/BTC,1606063818474,2020-11-22T16:50:18.474Z,sell,1.044e-05,282.0,0.00294408
NXS/BTC,1606063818474,2020-11-22T16:50:18.474Z,sell,1.04e-05,572.0,0.0059488
NXS/BTC,1606063818474,2020-11-22T16:50:18.474Z,sell,1.036e-05,642.0,0.00665112
NXS/BTC,1606063818474,2020-11-22T16:50:18.474Z,sell,1.035e-05,386.0,0.0039951
NXS/BTC,1606063818474,2020-11-22T16:50:18.474Z,sell,1.034e-05,4231.0,0.0437485399999999
NXS/BTC,1606063830780,2020-11-22T16:50:30.780Z,sell,1.039e-05,278.0,0.00288842
NXS/BTC,1606063830780,2020-11-22T16:50:30.780Z,sell,1.033e-05,2015.0,0.02081495
NXS/BTC,1606063830780,2020-11-22T16:50:30.780Z,sell,1.032e-05,1741.0,0.01796712
NXS/BTC,1606063840272,2020-11-22T16:50:40.272Z,buy,1.052e-05,245.0,0.0025773999999999
NXS/BTC,1606063870331,2020-11-22T16:51:10.331Z,sell,1.052e-05,3705.0,0.0389766
NXS/BTC,1606063870331,2020-11-22T16:51:10.331Z,sell,1.044e-05,968.0,0.01010592
NXS/BTC,1606063870331,2020-11-22T16:51:10.331Z,sell,1.033e-05,1361.0,0.01405913
NXS/BTC,1606063870331,2020-11-22T16:51:10.331Z,sell,1.032e-05,1434.0,0.0147988799999999
NXS/BTC,1606063870331,2020-11-22T16:51:10.331Z,sell,1.027e-05,208.0,0.00213616
NXS/BTC,1606063870331,2020-11-22T16:51:10.331Z,sell,1.026e-05,572.0,0.00586872
NXS/BTC,1606063870331,2020-11-22T16:51:10.331Z,sell,1.025e-05,855.0,0.00876375
NXS/BTC,1606063870331,2020-11-22T16:51:10.331Z,sell,1.023e-05,1894.0,0.01937562
NXS/BTC,1606063870331,2020-11-22T16:51:10.331Z,sell,1.021e-05,3.0,3.063e-05
NXS/BTC,1606063917272,2020-11-22T16:51:57.272Z,sell,1.027e-05,475.0,0.00487825
NXS/BTC,1606063934753,2020-11-22T16:52:14.753Z,sell,1.017e-05,24.0,0.0002440799999999
NXS/BTC,1606063936943,2020-11-22T16:52:16.943Z,sell,1.014e-05,149.0,0.00151086
NXS/BTC,1606063938806,2020-11-22T16:52:18.806Z,sell,1.012e-05,209.0,0.00211508
NXS/BTC,1606063941001,2020-11-22T16:52:21.001Z,sell,1.012e-05,334.0,0.0033800799999999
NXS/BTC,1606063942878,2020-11-22T16:52:22.878Z,sell,1.012e-05,43.0,0.00043516
NXS/BTC,1606063947377,2020-11-22T16:52:27.377Z,buy,1.005e-05,65.0,0.00065325
NXS/BTC,1606063947909,2020-11-22T16:52:27.909Z,sell,1.002e-05,19.0,0.00019038
NXS/BTC,1606063948237,2020-11-22T16:52:28.237Z,buy,1.005e-05,19.0,0.00019095
NXS/BTC,1606063948905,2020-11-22T16:52:28.905Z,sell,1.005e-05,36.0,0.0003618
NXS/BTC,1606063948905,2020-11-22T16:52:28.905Z,sell,1.003e-05,173.0,0.00173519
NXS/BTC,1606063950948,2020-11-22T16:52:30.948Z,buy,1.004e-05,107.0,0.00107428
NXS/BTC,1606063953966,2020-11-22T16:52:33.966Z,sell,1.003e-05,540.0,0.0054162
NXS/BTC,1606063955172,2020-11-22T16:52:35.172Z,sell,1.002e-05,556.0,0.00557112
NXS/BTC,1606063955209,2020-11-22T16:52:35.209Z,sell,1.002e-05,165.0,0.0016533
NXS/BTC,1606063955212,2020-11-22T16:52:35.212Z,sell,1.002e-05,209.0,0.00209418
NXS/BTC,1606063964352,2020-11-22T16:52:44.352Z,sell,1.005e-05,1998.0,0.0200799
NXS/BTC,1606064108714,2020-11-22T16:55:08.714Z,buy,1.003e-05,2057.0,0.02063171
NXS/BTC,1606064108714,2020-11-22T16:55:08.714Z,buy,1.004e-05,283.0,0.00284132
NXS/BTC,1606064108714,2020-11-22T16:55:08.714Z,buy,1.005e-05,383.0,0.00384915
NXS/BTC,1606064108714,2020-11-22T16:55:08.714Z,buy,1.01e-05,188.0,0.0018988
NXS/BTC,1606064144666,2020-11-22T16:55:44.666Z,sell,1.004e-05,20.0,0.0002008
NXS/BTC,1606064197510,2020-11-22T16:56:37.510Z,sell,1.003e-05,399.0,0.00400197
NXS/BTC,1606064197510,2020-11-22T16:56:37.510Z,sell,1.002e-05,101.0,0.00101202
NXS/BTC,1606064220853,2020-11-22T16:57:00.853Z,buy,1.009e-05,20.0,0.0002018
NXS/BTC,1606064220853,2020-11-22T16:57:00.853Z,buy,1.01e-05,475.0,0.0047975
NXS/BTC,1606064229383,2020-11-22T16:57:09.383Z,buy,1.026e-05,572.0,0.00586872
NXS/BTC,1606064229383,2020-11-22T16:57:09.383Z,buy,1.028e-05,208.0,0.00213824
NXS/BTC,1606064229383,2020-11-22T16:57:09.383Z,buy,1.029e-05,13.0,0.00013377
NXS/BTC,1606064235868,2020-11-22T16:57:15.868Z,sell,1.021e-05,120.0,0.0012252
NXS/BTC,1606064302087,2020-11-22T16:58:22.087Z,sell,1.021e-05,399.0,0.00407379
NXS/BTC,1606064340184,2020-11-22T16:59:00.184Z,sell,1.021e-05,66.0,0.00067386
NXS/BTC,1606064362663,2020-11-22T16:59:22.663Z,sell,1.013e-05,195.0,0.00197535
NXS/BTC,1606064379161,2020-11-22T16:59:39.161Z,buy,1.013e-05,201.0,0.0020361299999999
NXS/BTC,1606064380197,2020-11-22T16:59:40.197Z,sell,1.012e-05,572.0,0.0057886399999999
NXS/BTC,1606064388978,2020-11-22T16:59:48.978Z,buy,1.018e-05,120.0,0.0012216
NXS/BTC,1606064397466,2020-11-22T16:59:57.466Z,buy,1.016e-05,214.0,0.00217424
NXS/BTC,1606064413380,2020-11-22T17:00:13.380Z,buy,1.013e-05,878.0,0.00889414
NXS/BTC,1606064413380,2020-11-22T17:00:13.380Z,buy,1.02e-05,268.0,0.0027336
NXS/BTC,1606064413380,2020-11-22T17:00:13.380Z,buy,1.024e-05,3159.0,0.03234816
NXS/BTC,1606064413380,2020-11-22T17:00:13.380Z,buy,1.025e-05,968.0,0.009922
NXS/BTC,1606064413380,2020-11-22T17:00:13.380Z,buy,1.026e-05,572.0,0.00586872
NXS/BTC,1606064413380,2020-11-22T17:00:13.380Z,buy,1.027e-05,1160.0,0.0119132
NXS/BTC,1606064413380,2020-11-22T17:00:13.380Z,buy,1.028e-05,5057.0,0.05198596
NXS/BTC,1606064413380,2020-11-22T17:00:13.380Z,buy,1.029e-05,1607.0,0.01653603
NXS/BTC,1606064413380,2020-11-22T17:00:13.380Z,buy,1.033e-05,204.0,0.0021073199999999
NXS/BTC,1606064413380,2020-11-22T17:00:13.380Z,buy,1.036e-05,71.0,0.00073556
NXS/BTC,1606064413380,2020-11-22T17:00:13.380Z,buy,1.04e-05,572.0,0.0059488
NXS/BTC,1606064413380,2020-11-22T17:00:13.380Z,buy,1.048e-05,75.0,0.000786
NXS/BTC,1606064413380,2020-11-22T17:00:13.380Z,buy,1.05e-05,1000.0,0.0104999999999999
NXS/BTC,1606064413380,2020-11-22T17:00:13.380Z,buy,1.053e-05,572.0,0.00602316
NXS/BTC,1606064413380,2020-11-22T17:00:13.380Z,buy,1.055e-05,1000.0,0.01055
NXS/BTC,1606064413380,2020-11-22T17:00:13.380Z,buy,1.06e-05,1000.0,0.0106
NXS/BTC,1606064413380,2020-11-22T17:00:13.380Z,buy,1.065e-05,570.0,0.0060704999999999
NXS/BTC,1606064416399,2020-11-22T17:00:16.399Z,sell,1.034e-05,106.0,0.00109604
NXS/BTC,1606064417751,2020-11-22T17:00:17.751Z,sell,1.04e-05,111.0,0.0011544
NXS/BTC,1606064419123,2020-11-22T17:00:19.123Z,sell,1.044e-05,76.0,0.00079344
NXS/BTC,1606064422261,2020-11-22T17:00:22.261Z,buy,1.064e-05,106.0,0.00112784
NXS/BTC,1606064424209,2020-11-22T17:00:24.209Z,sell,1.064e-05,236.0,0.00251104
NXS/BTC,1606064424242,2020-11-22T17:00:24.242Z,sell,1.064e-05,15.0,0.0001596
NXS/BTC,1606064426168,2020-11-22T17:00:26.168Z,sell,1.064e-05,144.0,0.0015321599999999
NXS/BTC,1606064426889,2020-11-22T17:00:26.889Z,sell,1.064e-05,42.0,0.00044688
NXS/BTC,1606064453683,2020-11-22T17:00:53.683Z,sell,1.054e-05,187.0,0.00197098
NXS/BTC,1606064453683,2020-11-22T17:00:53.683Z,sell,1.05e-05,510.0,0.0053549999999999
NXS/BTC,1606064453683,2020-11-22T17:00:53.683Z,sell,1.048e-05,961.0,0.01007128
NXS/BTC,1606064453683,2020-11-22T17:00:53.683Z,sell,1.04e-05,715.0,0.007436
NXS/BTC,1606064453683,2020-11-22T17:00:53.683Z,sell,1.038e-05,205.0,0.0021279
NXS/BTC,1606064453683,2020-11-22T17:00:53.683Z,sell,1.033e-05,96.0,0.00099168
NXS/BTC,1606064453683,2020-11-22T17:00:53.683Z,sell,1.031e-05,206.0,0.00212386
NXS/BTC,1606064453683,2020-11-22T17:00:53.683Z,sell,1.026e-05,572.0,0.00586872
NXS/BTC,1606064453683,2020-11-22T17:00:53.683Z,sell,1.024e-05,180.0,0.0018432
NXS/BTC,1606064453683,2020-11-22T17:00:53.683Z,sell,1.023e-05,483.0,0.00494109
NXS/BTC,1606064453683,2020-11-22T17:00:53.683Z,sell,1.022e-05,5086.0,0.05197892
NXS/BTC,1606064453683,2020-11-22T17:00:53.683Z,sell,1.02e-05,3906.0,0.0398412
NXS/BTC,1606064453683,2020-11-22T17:00:53.683Z,sell,1.018e-05,651.0,0.00662718
NXS/BTC,1606064453683,2020-11-22T17:00:53.683Z,sell,1.015e-05,433.0,0.00439495
NXS/BTC,1606064453683,2020-11-22T17:00:53.683Z,sell,1.014e-05,1757.0,0.01781598
NXS/BTC,1606064453683,2020-11-22T17:00:53.683Z,sell,1.013e-05,781.0,0.00791153
NXS/BTC,1606064453683,2020-11-22T17:00:53.683Z,sell,1.012e-05,572.0,0.0057886399999999
NXS/BTC,1606064453683,2020-11-22T17:00:53.683Z,sell,1.011e-05,210.0,0.0021231
NXS/BTC,1606064453683,2020-11-22T17:00:53.683Z,sell,1.008e-05,1161.0,0.01170288
NXS/BTC,1606064453889,2020-11-22T17:00:53.889Z,sell,1.026e-05,190.0,0.0019494
NXS/BTC,1606064453889,2020-11-22T17:00:53.889Z,sell,1.025e-05,20.0,0.000205
NXS/BTC,1606064453984,2020-11-22T17:00:53.984Z,sell,1.025e-05,204.0,0.002091
NXS/BTC,1606064460810,2020-11-22T17:01:00.810Z,buy,1.02e-05,187.0,0.0019074
NXS/BTC,1606064468358,2020-11-22T17:01:08.358Z,sell,1.012e-05,187.0,0.00189244
NXS/BTC,1606064469597,2020-11-22T17:01:09.597Z,sell,1.018e-05,19.0,0.00019342
NXS/BTC,1606064472311,2020-11-22T17:01:12.311Z,sell,1.018e-05,124.0,0.00126232
NXS/BTC,1606064472311,2020-11-22T17:01:12.311Z,sell,1.012e-05,8.0,8.096e-05
NXS/BTC,1606064472508,2020-11-22T17:01:12.508Z,buy,1.011e-05,377.0,0.00381147
NXS/BTC,1606064472508,2020-11-22T17:01:12.508Z,buy,1.012e-05,260.0,0.0026311999999999
NXS/BTC,1606064472508,2020-11-22T17:01:12.508Z,buy,1.016e-05,863.0,0.00876808
NXS/BTC,1606064477592,2020-11-22T17:01:17.592Z,buy,1.01e-05,205.0,0.0020705
NXS/BTC,1606064477592,2020-11-22T17:01:17.592Z,buy,1.015e-05,195.0,0.0019792499999999
NXS/BTC,1606064477592,2020-11-22T17:01:17.592Z,buy,1.019e-05,322.0,0.00328118
NXS/BTC,1606064477592,2020-11-22T17:01:17.592Z,buy,1.021e-05,210.0,0.0021441
NXS/BTC,1606064477592,2020-11-22T17:01:17.592Z,buy,1.025e-05,372.0,0.003813
NXS/BTC,1606064478943,2020-11-22T17:01:18.943Z,sell,1.013e-05,195.0,0.00197535
NXS/BTC,1606064478943,2020-11-22T17:01:18.943Z,sell,1.012e-05,304.0,0.00307648
NXS/BTC,1606064482680,2020-11-22T17:01:22.680Z,sell,1e-05,11.0,0.00011
NXS/BTC,1606064482895,2020-11-22T17:01:22.895Z,buy,1.008e-05,637.0,0.00642096
NXS/BTC,1606064482895,2020-11-22T17:01:22.895Z,buy,1.009e-05,23.0,0.00023207
NXS/BTC,1606064483832,2020-11-22T17:01:23.832Z,sell,1e-05,187.0,0.00187
NXS/BTC,1606064483832,2020-11-22T17:01:23.832Z,sell,9.99e-06,215.0,0.0021478499999999
NXS/BTC,1606064483832,2020-11-22T17:01:23.832Z,sell,9.98e-06,379.0,0.00378242
NXS/BTC,1606064493766,2020-11-22T17:01:33.766Z,buy,1.008e-05,11.0,0.00011088
NXS/BTC,1606064493766,2020-11-22T17:01:33.766Z,buy,1.009e-05,22.0,0.0002219799999999
NXS/BTC,1606064502010,2020-11-22T17:01:42.010Z,buy,1.008e-05,824.0,0.00830592
NXS/BTC,1606064502010,2020-11-22T17:01:42.010Z,buy,1.009e-05,22.0,0.0002219799999999
NXS/BTC,1606064512335,2020-11-22T17:01:52.335Z,sell,1.001e-05,625.0,0.00625625
NXS/BTC,1606064513170,2020-11-22T17:01:53.170Z,buy,1e-05,99.0,0.00099
NXS/BTC,1606064513170,2020-11-22T17:01:53.170Z,buy,1.002e-05,300.0,0.003006
NXS/BTC,1606064519809,2020-11-22T17:01:59.809Z,sell,9.99e-06,183.0,0.0018281699999999
NXS/BTC,1606064532366,2020-11-22T17:02:12.366Z,buy,1.008e-05,198.0,0.00199584
NXS/BTC,1606064532366,2020-11-22T17:02:12.366Z,buy,1.009e-05,22.0,0.0002219799999999
NXS/BTC,1606064532455,2020-11-22T17:02:12.455Z,buy,1.008e-05,20.0,0.0002016
NXS/BTC,1606064582054,2020-11-22T17:03:02.054Z,sell,1.001e-05,789.0,0.00789789
NXS/BTC,1606064582054,2020-11-22T17:03:02.054Z,sell,1e-05,8056.0,0.08056
NXS/BTC,1606064610059,2020-11-22T17:03:30.059Z,buy,1.008e-05,163.0,0.00164304
NXS/BTC,1606064610059,2020-11-22T17:03:30.059Z,buy,1.009e-05,149.0,0.00150341
NXS/BTC,1606064610059,2020-11-22T17:03:30.059Z,buy,1.012e-05,94.0,0.00095128
NXS/BTC,1606065089665,2020-11-22T17:11:29.665Z,sell,1.003e-05,197.0,0.00197591
NXS/BTC,1606065129507,2020-11-22T17:12:09.507Z,buy,1.003e-05,218.0,0.00218654
NXS/BTC,1606065204350,2020-11-22T17:13:24.350Z,sell,1.004e-05,183.0,0.00183732
NXS/BTC,1606065213305,2020-11-22T17:13:33.305Z,sell,1.004e-05,2519.0,0.02529076
NXS/BTC,1606065313352,2020-11-22T17:15:13.352Z,buy,1.011e-05,198.0,0.00200178
NXS/BTC,1606065354180,2020-11-22T17:15:54.180Z,buy,1.02e-05,394.0,0.0040188
NXS/BTC,1606065370988,2020-11-22T17:16:10.988Z,sell,1.02e-05,11.0,0.0001122
NXS/BTC,1606065392798,2020-11-22T17:16:32.798Z,sell,1.02e-05,218.0,0.0022236
NXS/BTC,1606065480268,2020-11-22T17:18:00.268Z,buy,1.02e-05,783.0,0.0079866
NXS/BTC,1606065480703,2020-11-22T17:18:00.703Z,sell,1.02e-05,11.0,0.0001122
NXS/BTC,1606065550695,2020-11-22T17:19:10.695Z,sell,1.02e-05,11.0,0.0001122
NXS/BTC,1606065567473,2020-11-22T17:19:27.473Z,sell,1.02e-05,4267.0,0.0435234
NXS/BTC,1606065567473,2020-11-22T17:19:27.473Z,sell,1.014e-05,271.0,0.00274794
NXS/BTC,1606065567473,2020-11-22T17:19:27.473Z,sell,1.012e-05,1462.0,0.01479544
NXS/BTC,1606065577071,2020-11-22T17:19:37.071Z,sell,1.015e-05,1947.0,0.01976205
NXS/BTC,1606065577071,2020-11-22T17:19:37.071Z,sell,1.012e-05,989.0,0.0100086799999999
NXS/BTC,1606065577071,2020-11-22T17:19:37.071Z,sell,1.01e-05,2063.0,0.0208363
NXS/BTC,1606065577071,2020-11-22T17:19:37.071Z,sell,1.001e-05,430.0,0.0043043
NXS/BTC,1606065577071,2020-11-22T17:19:37.071Z,sell,9.99e-06,594.0,0.00593406
NXS/BTC,1606065577071,2020-11-22T17:19:37.071Z,sell,9.98e-06,193.0,0.0019261399999999
NXS/BTC,1606065577071,2020-11-22T17:19:37.071Z,sell,9.97e-06,710.0,0.0070786999999999
NXS/BTC,1606065577071,2020-11-22T17:19:37.071Z,sell,9.95e-06,1115.0,0.01109425
NXS/BTC,1606065577071,2020-11-22T17:19:37.071Z,sell,9.93e-06,695.0,0.00690135
NXS/BTC,1606065577071,2020-11-22T17:19:37.071Z,sell,9.92e-06,3038.0,0.03013696
NXS/BTC,1606065577071,2020-11-22T17:19:37.071Z,sell,9.9e-06,1226.0,0.0121374
NXS/BTC,1606065580721,2020-11-22T17:19:40.721Z,buy,1.004e-05,12.0,0.00012048
NXS/BTC,1606065581205,2020-11-22T17:19:41.205Z,sell,9.9e-06,3906.0,0.0386694
NXS/BTC,1606065589539,2020-11-22T17:19:49.539Z,sell,9.9e-06,11500.0,0.11385
NXS/BTC,1606065593205,2020-11-22T17:19:53.205Z,sell,9.9e-06,101.0,0.0009999
NXS/BTC,1606065601946,2020-11-22T17:20:01.946Z,buy,9.91e-06,427.0,0.00423157
NXS/BTC,1606065601946,2020-11-22T17:20:01.946Z,buy,9.92e-06,76.0,0.0007539199999999
NXS/BTC,1606065602475,2020-11-22T17:20:02.475Z,buy,9.92e-06,575.0,0.005704
NXS/BTC,1606065606812,2020-11-22T17:20:06.812Z,buy,9.94e-06,101.0,0.00100394
NXS/BTC,1606065631010,2020-11-22T17:20:31.010Z,sell,9.92e-06,497.0,0.00493024
NXS/BTC,1606065642463,2020-11-22T17:20:42.463Z,buy,9.89e-06,201.0,0.00198789
NXS/BTC,1606065646400,2020-11-22T17:20:46.400Z,buy,9.87e-06,1035.0,0.01021545
NXS/BTC,1606065648009,2020-11-22T17:20:48.009Z,sell,9.87e-06,1757.0,0.01734159
NXS/BTC,1606065662232,2020-11-22T17:21:02.232Z,buy,9.94e-06,336.0,0.0033398399999999
NXS/BTC,1606065662399,2020-11-22T17:21:02.399Z,buy,9.94e-06,150.0,0.001491
NXS/BTC,1606065665570,2020-11-22T17:21:05.570Z,buy,9.93e-06,5000.0,0.04965
NXS/BTC,1606065668413,2020-11-22T17:21:08.413Z,sell,9.88e-06,1395.0,0.0137826
NXS/BTC,1606065668632,2020-11-22T17:21:08.632Z,buy,9.97e-06,100.0,0.0009969999999999
NXS/BTC,1606065673972,2020-11-22T17:21:13.972Z,buy,9.95e-06,1197.0,0.01191015
NXS/BTC,1606065674171,2020-11-22T17:21:14.171Z,sell,9.89e-06,250.0,0.0024725
NXS/BTC,1606065674171,2020-11-22T17:21:14.171Z,sell,9.87e-06,2583.0,0.02549421
NXS/BTC,1606065674171,2020-11-22T17:21:14.171Z,sell,9.86e-06,1704.0,0.01680144
NXS/BTC,1606065674171,2020-11-22T17:21:14.171Z,sell,9.85e-06,510.0,0.0050235
NXS/BTC,1606065674171,2020-11-22T17:21:14.171Z,sell,9.83e-06,219.0,0.00215277
NXS/BTC,1606065674171,2020-11-22T17:21:14.171Z,sell,9.81e-06,204.0,0.00200124
NXS/BTC,1606065674171,2020-11-22T17:21:14.171Z,sell,9.8e-06,2495.0,0.0244509999999999
NXS/BTC,1606065674171,2020-11-22T17:21:14.171Z,sell,9.79e-06,2217.0,0.02170443
NXS/BTC,1606065674171,2020-11-22T17:21:14.171Z,sell,9.78e-06,2959.0,0.02893902
NXS/BTC,1606065674171,2020-11-22T17:21:14.171Z,sell,9.77e-06,359.0,0.0035074299999999
NXS/BTC,1606065676405,2020-11-22T17:21:16.405Z,buy,9.8e-06,101.0,0.0009897999999999
NXS/BTC,1606065676468,2020-11-22T17:21:16.468Z,buy,9.8e-06,202.0,0.0019795999999999
NXS/BTC,1606065676580,2020-11-22T17:21:16.580Z,buy,9.8e-06,59.0,0.0005782
NXS/BTC,1606065677440,2020-11-22T17:21:17.440Z,buy,9.8e-06,76.0,0.0007448
NXS/BTC,1606065679091,2020-11-22T17:21:19.091Z,buy,9.8e-06,131.0,0.0012837999999999
NXS/BTC,1606065679515,2020-11-22T17:21:19.515Z,buy,9.8e-06,203.0,0.0019893999999999
NXS/BTC,1606065680441,2020-11-22T17:21:20.441Z,buy,9.8e-06,503.0,0.0049294
NXS/BTC,1606065683230,2020-11-22T17:21:23.230Z,buy,9.8e-06,166.0,0.0016267999999999
NXS/BTC,1606065683465,2020-11-22T17:21:23.465Z,buy,9.8e-06,102.0,0.0009996
NXS/BTC,1606065684307,2020-11-22T17:21:24.307Z,buy,9.8e-06,212.0,0.0020775999999999
NXS/BTC,1606065703874,2020-11-22T17:21:43.874Z,sell,9.81e-06,101.0,0.00099081
NXS/BTC,1606065709034,2020-11-22T17:21:49.034Z,buy,9.85e-06,101.0,0.00099485
NXS/BTC,1606065723239,2020-11-22T17:22:03.239Z,buy,9.85e-06,1.0,9.85e-06
NXS/BTC,1606065729417,2020-11-22T17:22:09.417Z,buy,9.89e-06,504.0,0.00498456
NXS/BTC,1606065769808,2020-11-22T17:22:49.808Z,buy,9.84e-06,1432.0,0.01409088
NXS/BTC,1606065775048,2020-11-22T17:22:55.048Z,sell,9.81e-06,293.0,0.0028743299999999
NXS/BTC,1606065775048,2020-11-22T17:22:55.048Z,sell,9.8e-06,9707.0,0.0951286
NXS/BTC,1606065790056,2020-11-22T17:23:10.056Z,buy,9.8e-06,15.0,0.000147
NXS/BTC,1606065794153,2020-11-22T17:23:14.153Z,sell,9.78e-06,10000.0,0.0978
NXS/BTC,1606065795608,2020-11-22T17:23:15.608Z,sell,9.78e-06,14.0,0.0001369199999999
NXS/BTC,1606065844451,2020-11-22T17:24:04.451Z,sell,9.77e-06,496.0,0.00484592
NXS/BTC,1606065923817,2020-11-22T17:25:23.817Z,buy,9.82e-06,379.0,0.0037217799999999
NXS/BTC,1606065923817,2020-11-22T17:25:23.817Z,buy,9.83e-06,1121.0,0.01101943
NXS/BTC,1606065928624,2020-11-22T17:25:28.624Z,sell,9.79e-06,11.0,0.00010769
NXS/BTC,1606065928624,2020-11-22T17:25:28.624Z,sell,9.77e-06,421.0,0.00411317
NXS/BTC,1606065938371,2020-11-22T17:25:38.371Z,sell,9.77e-06,190.0,0.0018563
NXS/BTC,1606066022801,2020-11-22T17:27:02.801Z,sell,9.78e-06,313.0,0.00306114
NXS/BTC,1606066081953,2020-11-22T17:28:01.953Z,buy,9.82e-06,3543.0,0.03479226
NXS/BTC,1606066128460,2020-11-22T17:28:48.460Z,buy,9.81e-06,15291.0,0.1500047099999999
NXS/BTC,1606066133483,2020-11-22T17:28:53.483Z,buy,9.82e-06,220.0,0.0021604
NXS/BTC,1606066142314,2020-11-22T17:29:02.314Z,buy,9.83e-06,467.0,0.00459061
NXS/BTC,1606066149667,2020-11-22T17:29:09.667Z,buy,9.84e-06,1455.0,0.0143172
NXS/BTC,1606066175123,2020-11-22T17:29:35.123Z,sell,9.8e-06,1107.0,0.0108486
NXS/BTC,1606066195870,2020-11-22T17:29:55.870Z,buy,9.83e-06,187.0,0.00183821
NXS/BTC,1606066195870,2020-11-22T17:29:55.870Z,buy,9.84e-06,324.0,0.00318816
NXS/BTC,1606066305469,2020-11-22T17:31:45.469Z,sell,9.77e-06,5000.0,0.04885
NXS/BTC,1606066309645,2020-11-22T17:31:49.645Z,sell,9.76e-06,4000.0,0.03904
NXS/BTC,1606066309645,2020-11-22T17:31:49.645Z,sell,9.76e-06,4000.0,0.03904
NXS/BTC,1606066369667,2020-11-22T17:32:49.667Z,sell,9.78e-06,102.0,0.00099756
NXS/BTC,1606066403067,2020-11-22T17:33:23.067Z,buy,9.84e-06,40.0,0.0003936
NXS/BTC,1606066442556,2020-11-22T17:34:02.556Z,buy,9.84e-06,1418.0,0.01395312
NXS/BTC,1606066470769,2020-11-22T17:34:30.769Z,sell,9.8e-06,1418.0,0.0138964
NXS/BTC,1606066741485,2020-11-22T17:39:01.485Z,buy,9.85e-06,500.0,0.004925
NXS/BTC,1606066783537,2020-11-22T17:39:43.537Z,buy,9.85e-06,82.0,0.0008077
NXS/BTC,1606066879217,2020-11-22T17:41:19.217Z,sell,9.78e-06,101.0,0.00098778
NXS/BTC,1606066879217,2020-11-22T17:41:19.217Z,sell,9.74e-06,81.0,0.00078894
NXS/BTC,1606066879217,2020-11-22T17:41:19.217Z,sell,9.73e-06,24.0,0.00023352
NXS/BTC,1606066939371,2020-11-22T17:42:19.371Z,sell,9.78e-06,101.0,0.00098778
NXS/BTC,1606067434318,2020-11-22T17:50:34.318Z,sell,9.79e-06,1367.0,0.01338293
NXS/BTC,1606067477847,2020-11-22T17:51:17.847Z,buy,9.79e-06,1035.0,0.01013265
NXS/BTC,1606067513360,2020-11-22T17:51:53.360Z,buy,9.79e-06,1447.0,0.0141661299999999
NXS/BTC,1606067580613,2020-11-22T17:53:00.613Z,buy,9.84e-06,102.0,0.00100368
NXS/BTC,1606067790224,2020-11-22T17:56:30.224Z,buy,9.84e-06,2500.0,0.0246
NXS/BTC,1606067897000,2020-11-22T17:58:17.000Z,sell,9.8e-06,437.0,0.0042826
NXS/BTC,1606067901798,2020-11-22T17:58:21.798Z,buy,9.8e-06,408.0,0.0039984
NXS/BTC,1606067926488,2020-11-22T17:58:46.488Z,sell,9.8e-06,2114.0,0.0207171999999999
NXS/BTC,1606067936371,2020-11-22T17:58:56.371Z,buy,9.86e-06,11.0,0.00010846
NXS/BTC,1606068102605,2020-11-22T18:01:42.605Z,buy,9.86e-06,15.0,0.0001479
NXS/BTC,1606068290667,2020-11-22T18:04:50.667Z,sell,9.8e-06,139.0,0.0013621999999999
NXS/BTC,1606068707126,2020-11-22T18:11:47.126Z,sell,9.82e-06,814.0,0.0079934799999999
NXS/BTC,1606068713657,2020-11-22T18:11:53.657Z,sell,9.81e-06,1733.0,0.01700073
NXS/BTC,1606068716111,2020-11-22T18:11:56.111Z,buy,9.81e-06,484.0,0.0047480399999999
NXS/BTC,1606068716111,2020-11-22T18:11:56.111Z,buy,9.82e-06,663.0,0.00651066
NXS/BTC,1606068911915,2020-11-22T18:15:11.915Z,buy,9.85e-06,50.0,0.0004925
NXS/BTC,1606068923156,2020-11-22T18:15:23.156Z,buy,9.85e-06,1.0,9.85e-06
NXS/BTC,1606068923156,2020-11-22T18:15:23.156Z,buy,9.86e-06,174.0,0.00171564
NXS/BTC,1606068930140,2020-11-22T18:15:30.140Z,buy,9.86e-06,15.0,0.0001479
NXS/BTC,1606068952432,2020-11-22T18:15:52.432Z,buy,9.86e-06,4.0,3.944e-05
NXS/BTC,1606068952432,2020-11-22T18:15:52.432Z,buy,9.91e-06,56.0,0.00055496
NXS/BTC,1606068974003,2020-11-22T18:16:14.003Z,buy,9.88e-06,200.0,0.001976
NXS/BTC,1606068991726,2020-11-22T18:16:31.726Z,sell,9.82e-06,1226.0,0.01203932
NXS/BTC,1606069174800,2020-11-22T18:19:34.800Z,buy,9.86e-06,309.0,0.00304674
NXS/BTC,1606069266170,2020-11-22T18:21:06.170Z,buy,9.86e-06,500.0,0.00493
NXS/BTC,1606069293342,2020-11-22T18:21:33.342Z,buy,9.86e-06,6.0,5.916e-05
NXS/BTC,1606069293342,2020-11-22T18:21:33.342Z,buy,9.87e-06,494.0,0.00487578
NXS/BTC,1606069382901,2020-11-22T18:23:02.901Z,buy,9.87e-06,500.0,0.004935
NXS/BTC,1606069390655,2020-11-22T18:23:10.655Z,buy,9.87e-06,220.0,0.0021714
NXS/BTC,1606069409243,2020-11-22T18:23:29.243Z,buy,9.9e-06,150.0,0.001485
NXS/BTC,1606069660308,2020-11-22T18:27:40.308Z,buy,9.9e-06,567.0,0.0056133
NXS/BTC,1606069688442,2020-11-22T18:28:08.442Z,buy,9.9e-06,130.0,0.001287
NXS/BTC,1606069810435,2020-11-22T18:30:10.435Z,buy,9.9e-06,500.0,0.00495
NXS/BTC,1606069814482,2020-11-22T18:30:14.482Z,sell,9.79e-06,1035.0,0.01013265
NXS/BTC,1606069823018,2020-11-22T18:30:23.018Z,buy,9.9e-06,2000.0,0.0198
NXS/BTC,1606069827521,2020-11-22T18:30:27.521Z,buy,9.9e-06,11.0,0.0001089
NXS/BTC,1606069845299,2020-11-22T18:30:45.299Z,buy,9.9e-06,4863.0,0.0481437
NXS/BTC,1606069879818,2020-11-22T18:31:19.818Z,sell,9.81e-06,273.0,0.00267813
NXS/BTC,1606069879818,2020-11-22T18:31:19.818Z,sell,9.81e-06,273.0,0.00267813
NXS/BTC,1606070228281,2020-11-22T18:37:08.281Z,buy,9.87e-06,250.0,0.0024675
NXS/BTC,1606070260570,2020-11-22T18:37:40.570Z,buy,9.87e-06,20.0,0.0001974
NXS/BTC,1606070267629,2020-11-22T18:37:47.629Z,buy,9.87e-06,3.0,2.9610000000000003e-05
NXS/BTC,1606070267629,2020-11-22T18:37:47.629Z,buy,9.88e-06,22.0,0.00021736
NXS/BTC,1606070357386,2020-11-22T18:39:17.386Z,buy,9.88e-06,111.0,0.00109668
NXS/BTC,1606070472685,2020-11-22T18:41:12.685Z,sell,9.87e-06,28.0,0.00027636
NXS/BTC,1606070479746,2020-11-22T18:41:19.746Z,sell,9.85e-06,41.0,0.00040385
NXS/BTC,1606070640714,2020-11-22T18:44:00.714Z,sell,9.86e-06,1435.0,0.0141491
NXS/BTC,1606070666078,2020-11-22T18:44:26.078Z,buy,9.88e-06,275.0,0.002717
NXS/BTC,1606070866394,2020-11-22T18:47:46.394Z,buy,9.91e-06,49.0,0.00048559
NXS/BTC,1606070866394,2020-11-22T18:47:46.394Z,buy,9.96e-06,1.0,9.96e-06
NXS/BTC,1606070956397,2020-11-22T18:49:16.397Z,sell,9.89e-06,295.0,0.00291755
NXS/BTC,1606071263585,2020-11-22T18:54:23.585Z,sell,9.89e-06,2786.0,0.02755354
NXS/BTC,1606071404313,2020-11-22T18:56:44.313Z,sell,9.82e-06,145.0,0.0014238999999999
NXS/BTC,1606071404833,2020-11-22T18:56:44.833Z,sell,9.79e-06,12935.0,0.12663365
NXS/BTC,1606071404833,2020-11-22T18:56:44.833Z,sell,9.78e-06,3878.0,0.0379268399999999
NXS/BTC,1606072333129,2020-11-22T19:12:13.129Z,buy,9.85e-06,500.0,0.004925
NXS/BTC,1606072632644,2020-11-22T19:17:12.644Z,buy,9.85e-06,1210.0,0.0119185
NXS/BTC,1606072634097,2020-11-22T19:17:14.097Z,buy,9.85e-06,673.0,0.00662905
NXS/BTC,1606072694897,2020-11-22T19:18:14.897Z,buy,9.85e-06,19.0,0.00018715
NXS/BTC,1606072704787,2020-11-22T19:18:24.787Z,buy,9.85e-06,7.0,6.895000000000001e-05
NXS/BTC,1606072704787,2020-11-22T19:18:24.787Z,buy,9.88e-06,500.0,0.00494
NXS/BTC,1606072704787,2020-11-22T19:18:24.787Z,buy,9.89e-06,465.0,0.00459885
NXS/BTC,1606072842698,2020-11-22T19:20:42.698Z,buy,9.87e-06,150.0,0.0014805
NXS/BTC,1606073181925,2020-11-22T19:26:21.925Z,buy,9.87e-06,121.0,0.00119427
NXS/BTC,1606073181925,2020-11-22T19:26:21.925Z,buy,9.89e-06,178.0,0.00176042
NXS/BTC,1606073181925,2020-11-22T19:26:21.925Z,buy,9.87e-06,121.0,0.00119427
NXS/BTC,1606073181925,2020-11-22T19:26:21.925Z,buy,9.89e-06,178.0,0.00176042
NXS/BTC,1606074372190,2020-11-22T19:46:12.190Z,sell,9.87e-06,28.0,0.00027636
NXS/BTC,1606074581987,2020-11-22T19:49:41.987Z,sell,9.87e-06,4858.0,0.04794846
NXS/BTC,1606074936395,2020-11-22T19:55:36.395Z,sell,9.87e-06,2178.0,0.02149686
NXS/BTC,1606075056775,2020-11-22T19:57:36.775Z,sell,9.81e-06,80.0,0.0007848
NXS/BTC,1606075085016,2020-11-22T19:58:05.016Z,sell,9.78e-06,52.0,0.00050856
NXS/BTC,1606075085484,2020-11-22T19:58:05.484Z,buy,9.8e-06,11.0,0.0001077999999999
NXS/BTC,1606075397787,2020-11-22T20:03:17.787Z,sell,9.78e-06,59.0,0.0005770199999999
NXS/BTC,1606075515228,2020-11-22T20:05:15.228Z,buy,9.83e-06,50.0,0.0004915
NXS/BTC,1606075528161,2020-11-22T20:05:28.161Z,buy,9.83e-06,1.0,9.83e-06
NXS/BTC,1606075528161,2020-11-22T20:05:28.161Z,buy,9.88e-06,49.0,0.00048412
NXS/BTC,1606075842576,2020-11-22T20:10:42.576Z,sell,9.79e-06,1000.0,0.00979
NXS/BTC,1606076096664,2020-11-22T20:14:56.664Z,buy,9.85e-06,1215.0,0.01196775
NXS/BTC,1606076096664,2020-11-22T20:14:56.664Z,buy,9.88e-06,4.0,3.952e-05
NXS/BTC,1606076096664,2020-11-22T20:14:56.664Z,buy,9.89e-06,2071.0,0.02048219
NXS/BTC,1606076096664,2020-11-22T20:14:56.664Z,buy,9.91e-06,1854.0,0.01837314
NXS/BTC,1606076422740,2020-11-22T20:20:22.740Z,buy,9.86e-06,500.0,0.00493
NXS/BTC,1606076436557,2020-11-22T20:20:36.557Z,buy,9.87e-06,400.0,0.003948
NXS/BTC,1606076436557,2020-11-22T20:20:36.557Z,buy,9.87e-06,400.0,0.003948
NXS/BTC,1606076956183,2020-11-22T20:29:16.183Z,buy,9.88e-06,14.0,0.00013832
NXS/BTC,1606077359656,2020-11-22T20:35:59.656Z,sell,9.81e-06,29.0,0.00028449
NXS/BTC,1606078091346,2020-11-22T20:48:11.346Z,buy,9.86e-06,2085.0,0.0205581
NXS/BTC,1606078108842,2020-11-22T20:48:28.842Z,sell,9.82e-06,85.0,0.0008347
NXS/BTC,1606078285406,2020-11-22T20:51:25.406Z,buy,9.89e-06,2000.0,0.01978
NXS/BTC,1606078810459,2020-11-22T21:00:10.459Z,buy,9.89e-06,11.0,0.00010879
NXS/BTC,1606078810459,2020-11-22T21:00:10.459Z,buy,9.92e-06,153.0,0.00151776
NXS/BTC,1606078810459,2020-11-22T21:00:10.459Z,buy,9.93e-06,54.0,0.00053622
NXS/BTC,1606078810459,2020-11-22T21:00:10.459Z,buy,9.96e-06,680.0,0.0067728
NXS/BTC,1606078810459,2020-11-22T21:00:10.459Z,buy,9.98e-06,55.0,0.0005489
NXS/BTC,1606078810459,2020-11-22T21:00:10.459Z,buy,1e-05,29.0,0.00029
NXS/BTC,1606078812227,2020-11-22T21:00:12.227Z,sell,1e-05,72.0,0.00072
NXS/BTC,1606078821242,2020-11-22T21:00:21.242Z,sell,1e-05,150.0,0.0015
NXS/BTC,1606078837230,2020-11-22T21:00:37.230Z,sell,1e-05,96.0,0.00096
NXS/BTC,1606078905893,2020-11-22T21:01:45.893Z,sell,1e-05,15.0,0.00015
NXS/BTC,1606078930434,2020-11-22T21:02:10.434Z,sell,1e-05,11.0,0.00011
NXS/BTC,1606078956850,2020-11-22T21:02:36.850Z,sell,1e-05,101.0,0.00101
NXS/BTC,1606079053076,2020-11-22T21:04:13.076Z,sell,1e-05,72.0,0.00072
NXS/BTC,1606079419007,2020-11-22T21:10:19.007Z,buy,1.001e-05,113.0,0.00113113
NXS/BTC,1606079419007,2020-11-22T21:10:19.007Z,buy,1.003e-05,57.0,0.00057171
NXS/BTC,1606079419007,2020-11-22T21:10:19.007Z,buy,1.007e-05,117.0,0.00117819
NXS/BTC,1606079419007,2020-11-22T21:10:19.007Z,buy,1.008e-05,75.0,0.000756
NXS/BTC,1606079419007,2020-11-22T21:10:19.007Z,buy,1.009e-05,902.0,0.00910118
NXS/BTC,1606079419007,2020-11-22T21:10:19.007Z,buy,1.01e-05,1237.0,0.0124937
NXS/BTC,1606079443446,2020-11-22T21:10:43.446Z,sell,1.001e-05,408.0,0.00408408
NXS/BTC,1606079443806,2020-11-22T21:10:43.806Z,sell,1.001e-05,84.0,0.00084084
NXS/BTC,1606079446521,2020-11-22T21:10:46.521Z,sell,1e-05,405.0,0.00405
NXS/BTC,1606079447885,2020-11-22T21:10:47.885Z,sell,1e-05,405.0,0.00405
NXS/BTC,1606079457327,2020-11-22T21:10:57.327Z,sell,1e-05,618.0,0.00618
NXS/BTC,1606079457327,2020-11-22T21:10:57.327Z,sell,1e-05,618.0,0.00618
NXS/BTC,1606080311069,2020-11-22T21:25:11.069Z,buy,1e-05,11.0,0.00011
NXS/BTC,1606080475940,2020-11-22T21:27:55.940Z,sell,9.99e-06,11.0,0.0001098899999999
NXS/BTC,1606081306365,2020-11-22T21:41:46.365Z,buy,1e-05,11.0,0.00011
NXS/BTC,1606081500634,2020-11-22T21:45:00.634Z,sell,9.99e-06,359.0,0.0035864099999999
NXS/BTC,1606081933618,2020-11-22T21:52:13.618Z,buy,1e-05,638.0,0.00638
NXS/BTC,1606082007705,2020-11-22T21:53:27.705Z,sell,1.001e-05,316.0,0.00316316
NXS/BTC,1606082007705,2020-11-22T21:53:27.705Z,sell,1e-05,689.0,0.00689
NXS/BTC,1606082271736,2020-11-22T21:57:51.736Z,sell,1e-05,14.0,0.00014
NXS/BTC,1606082657221,2020-11-22T22:04:17.221Z,sell,1.002e-05,72.0,0.00072144
NXS/BTC,1606082657221,2020-11-22T22:04:17.221Z,sell,1.002e-05,72.0,0.00072144
NXS/BTC,1606083626320,2020-11-22T22:20:26.320Z,buy,1.002e-05,84.0,0.00084168
NXS/BTC,1606083674267,2020-11-22T22:21:14.267Z,buy,1.002e-05,415.0,0.0041583
NXS/BTC,1606083674267,2020-11-22T22:21:14.267Z,buy,1.003e-05,10.0,0.0001003
NXS/BTC,1606083674267,2020-11-22T22:21:14.267Z,buy,1.006e-05,10.0,0.0001006
NXS/BTC,1606083674267,2020-11-22T22:21:14.267Z,buy,1.007e-05,100.0,0.001007
NXS/BTC,1606083681059,2020-11-22T22:21:21.059Z,sell,1.001e-05,2565.0,0.02567565
NXS/BTC,1606084367965,2020-11-22T22:32:47.965Z,buy,1.005e-05,131.0,0.00131655
NXS/BTC,1606084538972,2020-11-22T22:35:38.972Z,buy,1.006e-05,392.0,0.00394352
NXS/BTC,1606084627594,2020-11-22T22:37:07.594Z,buy,1.009e-05,980.0,0.0098882
NXS/BTC,1606084688174,2020-11-22T22:38:08.174Z,buy,1.009e-05,3000.0,0.03027
NXS/BTC,1606084962961,2020-11-22T22:42:42.961Z,sell,1.008e-05,13.0,0.00013104
NXS/BTC,1606085159451,2020-11-22T22:45:59.451Z,buy,1.009e-05,366.0,0.00369294
NXS/BTC,1606085461867,2020-11-22T22:51:01.867Z,buy,1.009e-05,122.0,0.00123098
NXS/BTC,1606085674787,2020-11-22T22:54:34.787Z,sell,1.004e-05,202.0,0.00202808
NXS/BTC,1606085823640,2020-11-22T22:57:03.640Z,sell,1.005e-05,50.0,0.0005025
NXS/BTC,1606085893937,2020-11-22T22:58:13.937Z,sell,1.005e-05,655.0,0.00658275
NXS/BTC,1606085901633,2020-11-22T22:58:21.633Z,sell,1.005e-05,81.0,0.00081405
NXS/BTC,1606085931701,2020-11-22T22:58:51.701Z,sell,1.005e-05,254.0,0.0025527
NXS/BTC,1606086041030,2020-11-22T23:00:41.030Z,sell,1.005e-05,142.0,0.0014271
NXS/BTC,1606086066954,2020-11-22T23:01:06.954Z,sell,1.004e-05,398.0,0.00399592
NXS/BTC,1606086073753,2020-11-22T23:01:13.753Z,sell,9.96e-06,150.0,0.0014939999999999
NXS/BTC,1606086076605,2020-11-22T23:01:16.605Z,sell,9.96e-06,383.0,0.00381468
NXS/BTC,1606086081831,2020-11-22T23:01:21.831Z,sell,9.96e-06,39.0,0.00038844
NXS/BTC,1606086101936,2020-11-22T23:01:41.936Z,buy,9.95e-06,15.0,0.00014925
NXS/BTC,1606086109312,2020-11-22T23:01:49.312Z,buy,9.94e-06,72.0,0.00071568
NXS/BTC,1606086110936,2020-11-22T23:01:50.936Z,sell,9.9e-06,405.0,0.0040095
NXS/BTC,1606086112729,2020-11-22T23:01:52.729Z,sell,9.9e-06,405.0,0.0040095
NXS/BTC,1606086113817,2020-11-22T23:01:53.817Z,sell,9.9e-06,406.0,0.0040194
NXS/BTC,1606086116256,2020-11-22T23:01:56.256Z,sell,9.9e-06,602.0,0.0059598
NXS/BTC,1606086130594,2020-11-22T23:02:10.594Z,buy,9.95e-06,11.0,0.0001094499999999
NXS/BTC,1606086132186,2020-11-22T23:02:12.186Z,sell,9.9e-06,93.0,0.0009207
NXS/BTC,1606086255486,2020-11-22T23:04:15.486Z,sell,9.88e-06,15.0,0.0001482
NXS/BTC,1606086255486,2020-11-22T23:04:15.486Z,sell,9.88e-06,15.0,0.0001482
NXS/BTC,1606086702947,2020-11-22T23:11:42.947Z,sell,9.89e-06,86.0,0.00085054
NXS/BTC,1606086702947,2020-11-22T23:11:42.947Z,sell,9.88e-06,1070.0,0.0105716
NXS/BTC,1606087118093,2020-11-22T23:18:38.093Z,buy,9.9e-06,61.0,0.0006039
NXS/BTC,1606087286746,2020-11-22T23:21:26.746Z,buy,9.9e-06,11.0,0.0001089
NXS/BTC,1606088187816,2020-11-22T23:36:27.816Z,buy,9.9e-06,51.0,0.0005049
NXS/BTC,1606088565048,2020-11-22T23:42:45.048Z,sell,9.88e-06,3561.0,0.03518268
NXS/BTC,1606088569287,2020-11-22T23:42:49.287Z,sell,9.88e-06,2500.0,0.0247
NXS/BTC,1606088581279,2020-11-22T23:43:01.279Z,sell,9.88e-06,109.0,0.00107692
NXS/BTC,1606088581596,2020-11-22T23:43:01.596Z,buy,9.88e-06,11.0,0.00010868
NXS/BTC,1606088582174,2020-11-22T23:43:02.174Z,buy,9.88e-06,72.0,0.00071136
NXS/BTC,1606088590972,2020-11-22T23:43:10.972Z,sell,9.86e-06,650.0,0.006409
NXS/BTC,1606088599063,2020-11-22T23:43:19.063Z,sell,9.86e-06,1.0,9.86e-06
NXS/BTC,1606088599063,2020-11-22T23:43:19.063Z,sell,9.83e-06,228.0,0.00224124
NXS/BTC,1606088622889,2020-11-22T23:43:42.889Z,sell,9.83e-06,102.0,0.00100266
NXS/BTC,1606088642441,2020-11-22T23:44:02.441Z,buy,9.87e-06,20.0,0.0001974
NXS/BTC,1606088676849,2020-11-22T23:44:36.849Z,sell,9.83e-06,242.0,0.00237886
NXS/BTC,1606088676849,2020-11-22T23:44:36.849Z,sell,9.81e-06,152.0,0.0014911199999999
NXS/BTC,1606088676849,2020-11-22T23:44:36.849Z,sell,9.8e-06,272.0,0.0026655999999999
NXS/BTC,1606088678222,2020-11-22T23:44:38.222Z,buy,9.8e-06,72.0,0.0007055999999999
NXS/BTC,1606088686476,2020-11-22T23:44:46.476Z,sell,9.79e-06,5093.0,0.04986047
NXS/BTC,1606088686493,2020-11-22T23:44:46.493Z,buy,9.79e-06,389.0,0.0038083099999999
NXS/BTC,1606088695698,2020-11-22T23:44:55.698Z,sell,9.78e-06,630.0,0.0061614
NXS/BTC,1606088700265,2020-11-22T23:45:00.265Z,sell,9.78e-06,51.0,0.00049878
NXS/BTC,1606088731863,2020-11-22T23:45:31.863Z,buy,9.82e-06,204.0,0.0020032799999999
NXS/BTC,1606088753937,2020-11-22T23:45:53.937Z,sell,9.78e-06,1467.0,0.0143472599999999
NXS/BTC,1606088753937,2020-11-22T23:45:53.937Z,sell,9.75e-06,3533.0,0.03444675
NXS/BTC,1606088754614,2020-11-22T23:45:54.614Z,sell,9.75e-06,216.0,0.002106
NXS/BTC,1606088754938,2020-11-22T23:45:54.938Z,sell,9.75e-06,216.0,0.002106
NXS/BTC,1606088755819,2020-11-22T23:45:55.819Z,sell,9.75e-06,216.0,0.002106
NXS/BTC,1606088756388,2020-11-22T23:45:56.388Z,sell,9.75e-06,216.0,0.002106
NXS/BTC,1606088756698,2020-11-22T23:45:56.698Z,sell,9.75e-06,216.0,0.002106
NXS/BTC,1606088765715,2020-11-22T23:46:05.715Z,sell,9.75e-06,402.0,0.0039195
NXS/BTC,1606089096305,2020-11-22T23:51:36.305Z,buy,9.8e-06,1209.0,0.0118482
NXS/BTC,1606089096305,2020-11-22T23:51:36.305Z,buy,9.8e-06,1209.0,0.0118482
NXS/BTC,1606090217577,2020-11-23T00:10:17.577Z,sell,9.81e-06,366.0,0.0035904599999999
NXS/BTC,1606090569446,2020-11-23T00:16:09.446Z,buy,9.83e-06,15.0,0.00014745
NXS/BTC,1606090846559,2020-11-23T00:20:46.559Z,sell,9.82e-06,84.0,0.00082488
NXS/BTC,1606090846559,2020-11-23T00:20:46.559Z,sell,9.82e-06,84.0,0.00082488
NXS/BTC,1606093304363,2020-11-23T01:01:44.363Z,sell,9.81e-06,11.0,0.0001079099999999
NXS/BTC,1606093662951,2020-11-23T01:07:42.951Z,sell,9.81e-06,1000.0,0.00981
NXS/BTC,1606093682317,2020-11-23T01:08:02.317Z,buy,9.83e-06,36.0,0.00035388
NXS/BTC,1606093682317,2020-11-23T01:08:02.317Z,buy,9.87e-06,82.0,0.00080934
NXS/BTC,1606093682317,2020-11-23T01:08:02.317Z,buy,9.88e-06,53.0,0.00052364
NXS/BTC,1606093682317,2020-11-23T01:08:02.317Z,buy,9.9e-06,329.0,0.0032571
NXS/BTC,1606093727832,2020-11-23T01:08:47.832Z,buy,9.88e-06,500.0,0.00494
NXS/BTC,1606093803367,2020-11-23T01:10:03.367Z,buy,9.87e-06,20.0,0.0001974
NXS/BTC,1606094083080,2020-11-23T01:14:43.080Z,buy,9.86e-06,21.0,0.00020706
NXS/BTC,1606094083080,2020-11-23T01:14:43.080Z,buy,9.86e-06,21.0,0.00020706
NXS/BTC,1606095047273,2020-11-23T01:30:47.273Z,buy,9.9e-06,10.0,9.9e-05
NXS/BTC,1606095250415,2020-11-23T01:34:10.415Z,buy,9.88e-06,106.0,0.00104728
NXS/BTC,1606095436097,2020-11-23T01:37:16.097Z,buy,9.88e-06,710.0,0.0070148
NXS/BTC,1606095468643,2020-11-23T01:37:48.643Z,sell,9.89e-06,389.0,0.00384721
NXS/BTC,1606095499371,2020-11-23T01:38:19.371Z,buy,9.9e-06,128.0,0.0012672
NXS/BTC,1606095520396,2020-11-23T01:38:40.396Z,buy,9.9e-06,846.0,0.0083754
NXS/BTC,1606095521392,2020-11-23T01:38:41.392Z,sell,9.9e-06,65.0,0.0006435
NXS/BTC,1606096175992,2020-11-23T01:49:35.992Z,sell,9.9e-06,2177.0,0.0215523
NXS/BTC,1606096175992,2020-11-23T01:49:35.992Z,sell,9.89e-06,1554.0,0.01536906
NXS/BTC,1606096175992,2020-11-23T01:49:35.992Z,sell,9.88e-06,1269.0,0.01253772
NXS/BTC,1606096274381,2020-11-23T01:51:14.381Z,sell,9.85e-06,319.0,0.00314215
NXS/BTC,1606096274381,2020-11-23T01:51:14.381Z,sell,9.84e-06,4681.0,0.04606104
NXS/BTC,1606096476834,2020-11-23T01:54:36.834Z,buy,9.82e-06,65.0,0.0006383
NXS/BTC,1606096510703,2020-11-23T01:55:10.703Z,buy,9.82e-06,11.0,0.0001080199999999
NXS/BTC,1606096510726,2020-11-23T01:55:10.726Z,buy,9.82e-06,126.0,0.0012373199999999
NXS/BTC,1606097651142,2020-11-23T02:14:11.142Z,sell,9.81e-06,96.0,0.0009417599999999
NXS/BTC,1606097651142,2020-11-23T02:14:11.142Z,sell,9.81e-06,96.0,0.0009417599999999
NXS/BTC,1606098952635,2020-11-23T02:35:52.635Z,sell,9.81e-06,933.0,0.00915273
NXS/BTC,1606098952635,2020-11-23T02:35:52.635Z,sell,9.8e-06,1291.0,0.0126518
