symbol,timestamp,datetime,side,price,amount,btc_volume
NXS/BTC,1595347204587,2020-07-21T16:00:04.587Z,buy,2.546e-05,573.0,0.01458858
NXS/BTC,1595347206246,2020-07-21T16:00:06.246Z,sell,2.546e-05,5.0,0.0001273
NXS/BTC,1595347207065,2020-07-21T16:00:07.065Z,buy,2.547e-05,9.0,0.0002292299999999
NXS/BTC,1595347208393,2020-07-21T16:00:08.393Z,buy,2.547e-05,9.0,0.0002292299999999
NXS/BTC,1595347208728,2020-07-21T16:00:08.728Z,buy,2.547e-05,3099.0,0.07893153
NXS/BTC,1595347208728,2020-07-21T16:00:08.728Z,buy,2.548e-05,78.0,0.00198744
NXS/BTC,1595347208728,2020-07-21T16:00:08.728Z,buy,2.552e-05,661.0,0.01686872
NXS/BTC,1595347208728,2020-07-21T16:00:08.728Z,buy,2.553e-05,162.0,0.00413586
NXS/BTC,1595347208728,2020-07-21T16:00:08.728Z,buy,2.554e-05,664.0,0.01695856
NXS/BTC,1595347208728,2020-07-21T16:00:08.728Z,buy,2.555e-05,12.0,0.0003066
NXS/BTC,1595347208728,2020-07-21T16:00:08.728Z,buy,2.558e-05,695.0,0.0177780999999999
NXS/BTC,1595347208728,2020-07-21T16:00:08.728Z,buy,2.559e-05,25.0,0.00063975
NXS/BTC,1595347208728,2020-07-21T16:00:08.728Z,buy,2.56e-05,29.0,0.0007423999999999
NXS/BTC,1595347208728,2020-07-21T16:00:08.728Z,buy,2.561e-05,8.0,0.00020488
NXS/BTC,1595347208728,2020-07-21T16:00:08.728Z,buy,2.564e-05,8.0,0.00020512
NXS/BTC,1595347208728,2020-07-21T16:00:08.728Z,buy,2.565e-05,322.0,0.0082593
NXS/BTC,1595347208728,2020-07-21T16:00:08.728Z,buy,2.57e-05,23476.0,0.6033332
NXS/BTC,1595347208728,2020-07-21T16:00:08.728Z,buy,2.572e-05,198.0,0.00509256
NXS/BTC,1595347208728,2020-07-21T16:00:08.728Z,buy,2.574e-05,178.0,0.00458172
NXS/BTC,1595347208728,2020-07-21T16:00:08.728Z,buy,2.575e-05,1829.0,0.04709675
NXS/BTC,1595347208975,2020-07-21T16:00:08.975Z,buy,2.575e-05,927.0,0.02387025
NXS/BTC,1595347208975,2020-07-21T16:00:08.975Z,buy,2.576e-05,40.0,0.0010304
NXS/BTC,1595347208975,2020-07-21T16:00:08.975Z,buy,2.577e-05,206.0,0.00530862
NXS/BTC,1595347208975,2020-07-21T16:00:08.975Z,buy,2.578e-05,773.0,0.01992794
NXS/BTC,1595347208975,2020-07-21T16:00:08.975Z,buy,2.58e-05,390.0,0.010062
NXS/BTC,1595347208975,2020-07-21T16:00:08.975Z,buy,2.581e-05,2620.0,0.0676222
NXS/BTC,1595347208975,2020-07-21T16:00:08.975Z,buy,2.584e-05,102.0,0.00263568
NXS/BTC,1595347208975,2020-07-21T16:00:08.975Z,buy,2.585e-05,561.0,0.01450185
NXS/BTC,1595347208975,2020-07-21T16:00:08.975Z,buy,2.586e-05,678.0,0.01753308
NXS/BTC,1595347208975,2020-07-21T16:00:08.975Z,buy,2.587e-05,99.0,0.00256113
NXS/BTC,1595347208975,2020-07-21T16:00:08.975Z,buy,2.588e-05,1736.0,0.04492768
NXS/BTC,1595347208975,2020-07-21T16:00:08.975Z,buy,2.59e-05,1545.0,0.0400155
NXS/BTC,1595347208975,2020-07-21T16:00:08.975Z,buy,2.591e-05,22.0,0.00057002
NXS/BTC,1595347208975,2020-07-21T16:00:08.975Z,buy,2.593e-05,39.0,0.00101127
NXS/BTC,1595347208975,2020-07-21T16:00:08.975Z,buy,2.594e-05,2652.0,0.06879288
NXS/BTC,1595347208975,2020-07-21T16:00:08.975Z,buy,2.595e-05,1223.0,0.03173685
NXS/BTC,1595347208975,2020-07-21T16:00:08.975Z,buy,2.596e-05,98.0,0.0025440799999999
NXS/BTC,1595347208975,2020-07-21T16:00:08.975Z,buy,2.598e-05,1275.0,0.0331245
NXS/BTC,1595347208975,2020-07-21T16:00:08.975Z,buy,2.599e-05,981.0,0.02549619
NXS/BTC,1595347208975,2020-07-21T16:00:08.975Z,buy,2.6e-05,13198.0,0.3431479999999999
NXS/BTC,1595347208975,2020-07-21T16:00:08.975Z,buy,2.603e-05,5.0,0.00013015
NXS/BTC,1595347208975,2020-07-21T16:00:08.975Z,buy,2.605e-05,2838.0,0.0739298999999999
NXS/BTC,1595347208975,2020-07-21T16:00:08.975Z,buy,2.608e-05,8.0,0.00020864
NXS/BTC,1595347208975,2020-07-21T16:00:08.975Z,buy,2.609e-05,100.0,0.0026089999999999
NXS/BTC,1595347208975,2020-07-21T16:00:08.975Z,buy,2.61e-05,4367.0,0.1139787
NXS/BTC,1595347208975,2020-07-21T16:00:08.975Z,buy,2.611e-05,331.0,0.00864241
NXS/BTC,1595347208975,2020-07-21T16:00:08.975Z,buy,2.612e-05,313.0,0.00817556
NXS/BTC,1595347208975,2020-07-21T16:00:08.975Z,buy,2.612e-05,440.0,0.0114928
NXS/BTC,1595347208975,2020-07-21T16:00:08.975Z,buy,2.613e-05,702.0,0.01834326
NXS/BTC,1595347208975,2020-07-21T16:00:08.975Z,buy,2.614e-05,1008.0,0.02634912
NXS/BTC,1595347208975,2020-07-21T16:00:08.975Z,buy,2.617e-05,174.0,0.00455358
NXS/BTC,1595347208975,2020-07-21T16:00:08.975Z,buy,2.618e-05,24.0,0.00062832
NXS/BTC,1595347208975,2020-07-21T16:00:08.975Z,buy,2.619e-05,1759.0,0.04606821
NXS/BTC,1595347208975,2020-07-21T16:00:08.975Z,buy,2.62e-05,4048.0,0.1060576
NXS/BTC,1595347208975,2020-07-21T16:00:08.975Z,buy,2.621e-05,1383.0,0.03624843
NXS/BTC,1595347208975,2020-07-21T16:00:08.975Z,buy,2.625e-05,1670.0,0.0438375
NXS/BTC,1595347208975,2020-07-21T16:00:08.975Z,buy,2.626e-05,523.0,0.01373398
NXS/BTC,1595347208975,2020-07-21T16:00:08.975Z,buy,2.628e-05,8.0,0.00021024
NXS/BTC,1595347208975,2020-07-21T16:00:08.975Z,buy,2.63e-05,3198.0,0.0841074
NXS/BTC,1595347208975,2020-07-21T16:00:08.975Z,buy,2.632e-05,200.0,0.005264
NXS/BTC,1595347208975,2020-07-21T16:00:08.975Z,buy,2.633e-05,100.0,0.002633
NXS/BTC,1595347208975,2020-07-21T16:00:08.975Z,buy,2.637e-05,849.0,0.02238813
NXS/BTC,1595347208975,2020-07-21T16:00:08.975Z,buy,2.638e-05,8.0,0.00021104
NXS/BTC,1595347208975,2020-07-21T16:00:08.975Z,buy,2.64e-05,237.0,0.0062568
NXS/BTC,1595347208975,2020-07-21T16:00:08.975Z,buy,2.644e-05,49.0,0.00129556
NXS/BTC,1595347208975,2020-07-21T16:00:08.975Z,buy,2.645e-05,20.0,0.000529
NXS/BTC,1595347208975,2020-07-21T16:00:08.975Z,buy,2.647e-05,600.0,0.015882
NXS/BTC,1595347208975,2020-07-21T16:00:08.975Z,buy,2.648e-05,857.0,0.02269336
NXS/BTC,1595347209025,2020-07-21T16:00:09.025Z,buy,2.648e-05,3081.0,0.08158488
NXS/BTC,1595347209025,2020-07-21T16:00:09.025Z,buy,2.649e-05,306.0,0.0081059399999999
NXS/BTC,1595347209025,2020-07-21T16:00:09.025Z,buy,2.65e-05,34029.0,0.9017685
NXS/BTC,1595347209025,2020-07-21T16:00:09.025Z,buy,2.651e-05,47.0,0.0012459699999999
NXS/BTC,1595347209025,2020-07-21T16:00:09.025Z,buy,2.652e-05,158.0,0.00419016
NXS/BTC,1595347209025,2020-07-21T16:00:09.025Z,buy,2.653e-05,217.0,0.00575701
NXS/BTC,1595347209025,2020-07-21T16:00:09.025Z,buy,2.656e-05,1009.0,0.02679904
NXS/BTC,1595347209025,2020-07-21T16:00:09.025Z,buy,2.658e-05,48.0,0.0012758399999999
NXS/BTC,1595347209025,2020-07-21T16:00:09.025Z,buy,2.659e-05,2907.0,0.07729713
NXS/BTC,1595347209025,2020-07-21T16:00:09.025Z,buy,2.664e-05,654.0,0.01742256
NXS/BTC,1595347209025,2020-07-21T16:00:09.025Z,buy,2.668e-05,8054.0,0.21488072
NXS/BTC,1595347209025,2020-07-21T16:00:09.025Z,buy,2.669e-05,7.0,0.00018683
NXS/BTC,1595347209025,2020-07-21T16:00:09.025Z,buy,2.67e-05,9069.0,0.2421422999999999
NXS/BTC,1595347209025,2020-07-21T16:00:09.025Z,buy,2.673e-05,285.0,0.00761805
NXS/BTC,1595347209025,2020-07-21T16:00:09.025Z,buy,2.675e-05,80.0,0.00214
NXS/BTC,1595347209025,2020-07-21T16:00:09.025Z,buy,2.678e-05,8.0,0.00021424
NXS/BTC,1595347209025,2020-07-21T16:00:09.025Z,buy,2.68e-05,726.0,0.0194568
NXS/BTC,1595347209025,2020-07-21T16:00:09.025Z,buy,2.681e-05,450.0,0.0120644999999999
NXS/BTC,1595347209025,2020-07-21T16:00:09.025Z,buy,2.684e-05,186.0,0.00499224
NXS/BTC,1595347209025,2020-07-21T16:00:09.025Z,buy,2.685e-05,4500.0,0.1208249999999999
NXS/BTC,1595347209025,2020-07-21T16:00:09.025Z,buy,2.687e-05,5.0,0.0001343499999999
NXS/BTC,1595347209025,2020-07-21T16:00:09.025Z,buy,2.688e-05,3885.0,0.1044288
NXS/BTC,1595347209025,2020-07-21T16:00:09.025Z,buy,2.69e-05,10.0,0.000269
NXS/BTC,1595347209025,2020-07-21T16:00:09.025Z,buy,2.693e-05,35.0,0.00094255
NXS/BTC,1595347209025,2020-07-21T16:00:09.025Z,buy,2.694e-05,14.0,0.00037716
NXS/BTC,1595347209025,2020-07-21T16:00:09.025Z,buy,2.698e-05,8.0,0.00021584
NXS/BTC,1595347209025,2020-07-21T16:00:09.025Z,buy,2.699e-05,805.0,0.02172695
NXS/BTC,1595347209025,2020-07-21T16:00:09.025Z,buy,2.7e-05,1798.0,0.048546
NXS/BTC,1595347209025,2020-07-21T16:00:09.025Z,buy,2.7e-05,5122.0,0.138294
NXS/BTC,1595347209025,2020-07-21T16:00:09.025Z,buy,2.704e-05,139.0,0.0037585599999999
NXS/BTC,1595347209025,2020-07-21T16:00:09.025Z,buy,2.707e-05,5.0,0.00013535
NXS/BTC,1595347209025,2020-07-21T16:00:09.025Z,buy,2.708e-05,8.0,0.00021664
NXS/BTC,1595347209025,2020-07-21T16:00:09.025Z,buy,2.713e-05,374.0,0.01014662
NXS/BTC,1595347209025,2020-07-21T16:00:09.025Z,buy,2.714e-05,420.0,0.0113988
NXS/BTC,1595347209025,2020-07-21T16:00:09.025Z,buy,2.718e-05,19.0,0.00051642
NXS/BTC,1595347209025,2020-07-21T16:00:09.025Z,buy,2.719e-05,29.0,0.00078851
NXS/BTC,1595347209026,2020-07-21T16:00:09.026Z,buy,2.725e-05,20.0,0.000545
NXS/BTC,1595347209026,2020-07-21T16:00:09.026Z,buy,2.728e-05,8.0,0.00021824
NXS/BTC,1595347209026,2020-07-21T16:00:09.026Z,buy,2.729e-05,6.0,0.00016374
NXS/BTC,1595347209026,2020-07-21T16:00:09.026Z,buy,2.73e-05,110.0,0.003003
NXS/BTC,1595347209026,2020-07-21T16:00:09.026Z,buy,2.736e-05,9.0,0.00024624
NXS/BTC,1595347209026,2020-07-21T16:00:09.026Z,buy,2.738e-05,8.0,0.00021904
NXS/BTC,1595347209026,2020-07-21T16:00:09.026Z,buy,2.74e-05,64.0,0.0017536
NXS/BTC,1595347209026,2020-07-21T16:00:09.026Z,buy,2.744e-05,58.0,0.00159152
NXS/BTC,1595347209026,2020-07-21T16:00:09.026Z,buy,2.745e-05,191.0,0.00524295
NXS/BTC,1595347209026,2020-07-21T16:00:09.026Z,buy,2.748e-05,203.0,0.00557844
NXS/BTC,1595347209026,2020-07-21T16:00:09.026Z,buy,2.749e-05,302.0,0.00830198
NXS/BTC,1595347209026,2020-07-21T16:00:09.026Z,buy,2.75e-05,3853.0,0.1059575
NXS/BTC,1595347209026,2020-07-21T16:00:09.026Z,buy,2.753e-05,159.0,0.00437727
NXS/BTC,1595347209026,2020-07-21T16:00:09.026Z,buy,2.755e-05,1764.0,0.0485982
NXS/BTC,1595347209026,2020-07-21T16:00:09.026Z,buy,2.758e-05,8.0,0.00022064
NXS/BTC,1595347209026,2020-07-21T16:00:09.026Z,buy,2.762e-05,1000.0,0.02762
NXS/BTC,1595347209026,2020-07-21T16:00:09.026Z,buy,2.763e-05,59.0,0.00163017
NXS/BTC,1595347209026,2020-07-21T16:00:09.026Z,buy,2.764e-05,17.0,0.00046988
NXS/BTC,1595347209026,2020-07-21T16:00:09.026Z,buy,2.768e-05,8.0,0.00022144
NXS/BTC,1595347209026,2020-07-21T16:00:09.026Z,buy,2.775e-05,336.0,0.009324
NXS/BTC,1595347209026,2020-07-21T16:00:09.026Z,buy,2.778e-05,8.0,0.00022224
NXS/BTC,1595347209026,2020-07-21T16:00:09.026Z,buy,2.78e-05,831.0,0.0231018
NXS/BTC,1595347209032,2020-07-21T16:00:09.032Z,buy,2.782e-05,1066.0,0.02965612
NXS/BTC,1595347209032,2020-07-21T16:00:09.032Z,buy,2.785e-05,30.0,0.0008355
NXS/BTC,1595347209032,2020-07-21T16:00:09.032Z,buy,2.786e-05,79.0,0.00220094
NXS/BTC,1595347209032,2020-07-21T16:00:09.032Z,buy,2.788e-05,613.0,0.01709044
NXS/BTC,1595347209032,2020-07-21T16:00:09.032Z,buy,2.789e-05,96.0,0.0026774399999999
NXS/BTC,1595347209032,2020-07-21T16:00:09.032Z,buy,2.79e-05,3998.0,0.1115442
NXS/BTC,1595347209032,2020-07-21T16:00:09.032Z,buy,2.794e-05,5.0,0.0001397
NXS/BTC,1595347209032,2020-07-21T16:00:09.032Z,buy,2.795e-05,1674.0,0.0467883
NXS/BTC,1595347209053,2020-07-21T16:00:09.053Z,buy,2.795e-05,447.0,0.0124936499999999
NXS/BTC,1595347209070,2020-07-21T16:00:09.070Z,buy,2.795e-05,4281.0,0.11965395
NXS/BTC,1595347209070,2020-07-21T16:00:09.070Z,buy,2.797e-05,7266.0,0.20323002
NXS/BTC,1595347209071,2020-07-21T16:00:09.071Z,buy,2.797e-05,2147.0,0.06005159
NXS/BTC,1595347209071,2020-07-21T16:00:09.071Z,buy,2.798e-05,9456.0,0.26457888
NXS/BTC,1595347209071,2020-07-21T16:00:09.071Z,buy,2.8e-05,9629.0,0.269612
NXS/BTC,1595347209071,2020-07-21T16:00:09.071Z,buy,2.801e-05,453.0,0.01268853
NXS/BTC,1595347209071,2020-07-21T16:00:09.071Z,buy,2.802e-05,3210.0,0.0899442
NXS/BTC,1595347209071,2020-07-21T16:00:09.071Z,buy,2.804e-05,1000.0,0.02804
NXS/BTC,1595347209071,2020-07-21T16:00:09.071Z,buy,2.805e-05,753.0,0.02112165
NXS/BTC,1595347209071,2020-07-21T16:00:09.071Z,buy,2.808e-05,8.0,0.00022464
NXS/BTC,1595347209071,2020-07-21T16:00:09.071Z,buy,2.81e-05,2137.0,0.0600497
NXS/BTC,1595347209071,2020-07-21T16:00:09.071Z,buy,2.813e-05,3150.0,0.0886095
NXS/BTC,1595347209071,2020-07-21T16:00:09.071Z,buy,2.815e-05,1445.0,0.04067675
NXS/BTC,1595347209071,2020-07-21T16:00:09.071Z,buy,2.817e-05,9.0,0.00025353
NXS/BTC,1595347209071,2020-07-21T16:00:09.071Z,buy,2.818e-05,1149.0,0.03237882
NXS/BTC,1595347209071,2020-07-21T16:00:09.071Z,buy,2.819e-05,1000.0,0.02819
NXS/BTC,1595347209071,2020-07-21T16:00:09.071Z,buy,2.82e-05,67.0,0.0018894
NXS/BTC,1595347209071,2020-07-21T16:00:09.071Z,buy,2.825e-05,1201.0,0.03392825
NXS/BTC,1595347209071,2020-07-21T16:00:09.071Z,buy,2.828e-05,209.0,0.00591052
NXS/BTC,1595347209071,2020-07-21T16:00:09.071Z,buy,2.834e-05,1185.0,0.0335829
NXS/BTC,1595347209071,2020-07-21T16:00:09.071Z,buy,2.835e-05,159.0,0.00450765
NXS/BTC,1595347209071,2020-07-21T16:00:09.071Z,buy,2.838e-05,8.0,0.00022704
NXS/BTC,1595347209071,2020-07-21T16:00:09.071Z,buy,2.839e-05,6.0,0.00017034
NXS/BTC,1595347209071,2020-07-21T16:00:09.071Z,buy,2.843e-05,2000.0,0.05686
NXS/BTC,1595347209071,2020-07-21T16:00:09.071Z,buy,2.844e-05,341.0,0.00969804
NXS/BTC,1595347209071,2020-07-21T16:00:09.071Z,buy,2.845e-05,80.0,0.002276
NXS/BTC,1595347209071,2020-07-21T16:00:09.071Z,buy,2.847e-05,403.0,0.01147341
NXS/BTC,1595347209071,2020-07-21T16:00:09.071Z,buy,2.848e-05,8.0,0.00022784
NXS/BTC,1595347209071,2020-07-21T16:00:09.071Z,buy,2.85e-05,1091.0,0.0310935
NXS/BTC,1595347209071,2020-07-21T16:00:09.071Z,buy,2.855e-05,1764.0,0.0503621999999999
NXS/BTC,1595347209071,2020-07-21T16:00:09.071Z,buy,2.858e-05,8.0,0.00022864
NXS/BTC,1595347209071,2020-07-21T16:00:09.071Z,buy,2.86e-05,49.0,0.0014014
NXS/BTC,1595347209071,2020-07-21T16:00:09.071Z,buy,2.868e-05,2008.0,0.05758944
NXS/BTC,1595347209071,2020-07-21T16:00:09.071Z,buy,2.87e-05,7834.0,0.2248358
NXS/BTC,1595347209131,2020-07-21T16:00:09.131Z,buy,2.87e-05,868.0,0.0249116
NXS/BTC,1595347209172,2020-07-21T16:00:09.172Z,buy,2.87e-05,119.0,0.0034153
NXS/BTC,1595347209221,2020-07-21T16:00:09.221Z,buy,2.87e-05,417.0,0.0119679
NXS/BTC,1595347209273,2020-07-21T16:00:09.273Z,buy,2.87e-05,227.0,0.0065149
NXS/BTC,1595347209295,2020-07-21T16:00:09.295Z,buy,2.87e-05,3810.0,0.109347
NXS/BTC,1595347209341,2020-07-21T16:00:09.341Z,buy,2.87e-05,5228.0,0.1500436
NXS/BTC,1595347209341,2020-07-21T16:00:09.341Z,buy,2.875e-05,13.0,0.00037375
NXS/BTC,1595347209341,2020-07-21T16:00:09.341Z,buy,2.878e-05,8.0,0.00023024
NXS/BTC,1595347209341,2020-07-21T16:00:09.341Z,buy,2.88e-05,3619.0,0.1042271999999999
NXS/BTC,1595347209341,2020-07-21T16:00:09.341Z,buy,2.882e-05,165.0,0.0047553
NXS/BTC,1595347209341,2020-07-21T16:00:09.341Z,buy,2.887e-05,2514.0,0.07257918
NXS/BTC,1595347209344,2020-07-21T16:00:09.344Z,buy,2.887e-05,2339.0,0.06752693
NXS/BTC,1595347209344,2020-07-21T16:00:09.344Z,buy,2.888e-05,1267.0,0.03659096
NXS/BTC,1595347209344,2020-07-21T16:00:09.344Z,buy,2.89e-05,8618.0,0.2490602
NXS/BTC,1595347209345,2020-07-21T16:00:09.345Z,buy,2.89e-05,690.0,0.019941
NXS/BTC,1595347209395,2020-07-21T16:00:09.395Z,buy,2.89e-05,1486.0,0.0429454
NXS/BTC,1595347209397,2020-07-21T16:00:09.397Z,buy,2.89e-05,53.0,0.0015317
NXS/BTC,1595347209408,2020-07-21T16:00:09.408Z,buy,2.89e-05,114.0,0.0032946
NXS/BTC,1595347209498,2020-07-21T16:00:09.498Z,buy,2.89e-05,593.0,0.0171377
NXS/BTC,1595347209510,2020-07-21T16:00:09.510Z,buy,2.89e-05,577.0,0.0166753
NXS/BTC,1595347209515,2020-07-21T16:00:09.515Z,buy,2.89e-05,375.0,0.0108375
NXS/BTC,1595347209532,2020-07-21T16:00:09.532Z,buy,2.89e-05,381.0,0.0110109
NXS/BTC,1595347209592,2020-07-21T16:00:09.592Z,buy,2.89e-05,287.0,0.0082943
NXS/BTC,1595347209615,2020-07-21T16:00:09.615Z,buy,2.89e-05,163.0,0.0047107
NXS/BTC,1595347209640,2020-07-21T16:00:09.640Z,buy,2.89e-05,1407.0,0.0406623
NXS/BTC,1595347209752,2020-07-21T16:00:09.752Z,sell,2.802e-05,228.0,0.00638856
NXS/BTC,1595347209752,2020-07-21T16:00:09.752Z,sell,2.801e-05,32.0,0.00089632
NXS/BTC,1595347209852,2020-07-21T16:00:09.852Z,buy,2.81e-05,32.0,0.0008992
NXS/BTC,1595347209878,2020-07-21T16:00:09.878Z,buy,2.889e-05,228.0,0.00658692
NXS/BTC,1595347209878,2020-07-21T16:00:09.878Z,buy,2.89e-05,3809.0,0.1100801
NXS/BTC,1595347209954,2020-07-21T16:00:09.954Z,buy,2.89e-05,1886.0,0.0545054
NXS/BTC,1595347209987,2020-07-21T16:00:09.987Z,sell,2.842e-05,35.0,0.0009947
NXS/BTC,1595347210030,2020-07-21T16:00:10.030Z,sell,2.842e-05,232.0,0.00659344
NXS/BTC,1595347210030,2020-07-21T16:00:10.030Z,sell,2.841e-05,319.0,0.00906279
NXS/BTC,1595347210030,2020-07-21T16:00:10.030Z,sell,2.801e-05,1953.0,0.05470353
NXS/BTC,1595347210097,2020-07-21T16:00:10.097Z,buy,2.851e-05,35.0,0.00099785
NXS/BTC,1595347210097,2020-07-21T16:00:10.097Z,buy,2.889e-05,457.0,0.01320273
NXS/BTC,1595347210115,2020-07-21T16:00:10.115Z,sell,2.802e-05,13.0,0.00036426
NXS/BTC,1595347210218,2020-07-21T16:00:10.218Z,sell,2.803e-05,424.0,0.01188472
NXS/BTC,1595347210218,2020-07-21T16:00:10.218Z,sell,2.802e-05,266.0,0.00745332
NXS/BTC,1595347210330,2020-07-21T16:00:10.330Z,buy,2.812e-05,128.0,0.00359936
NXS/BTC,1595347210330,2020-07-21T16:00:10.330Z,buy,2.85e-05,20.0,0.00057
NXS/BTC,1595347210330,2020-07-21T16:00:10.330Z,buy,2.856e-05,13.0,0.00037128
NXS/BTC,1595347210330,2020-07-21T16:00:10.330Z,buy,2.888e-05,218.0,0.00629584
NXS/BTC,1595347210443,2020-07-21T16:00:10.443Z,buy,2.888e-05,147.0,0.00424536
NXS/BTC,1595347210717,2020-07-21T16:00:10.717Z,buy,2.888e-05,197.0,0.00568936
NXS/BTC,1595347210717,2020-07-21T16:00:10.717Z,buy,2.889e-05,310.0,0.0089559
NXS/BTC,1595347210717,2020-07-21T16:00:10.717Z,buy,2.89e-05,11114.0,0.3211946
NXS/BTC,1595347210740,2020-07-21T16:00:10.740Z,sell,2.865e-05,125.0,0.00358125
NXS/BTC,1595347210740,2020-07-21T16:00:10.740Z,sell,2.864e-05,1361.0,0.03897904
NXS/BTC,1595347210855,2020-07-21T16:00:10.855Z,sell,2.864e-05,114.0,0.00326496
NXS/BTC,1595347211074,2020-07-21T16:00:11.074Z,buy,2.874e-05,125.0,0.0035924999999999
NXS/BTC,1595347211074,2020-07-21T16:00:11.074Z,buy,2.89e-05,653.0,0.0188717
NXS/BTC,1595347211074,2020-07-21T16:00:11.074Z,buy,2.897e-05,9.0,0.00026073
NXS/BTC,1595347211074,2020-07-21T16:00:11.074Z,buy,2.898e-05,806.0,0.02335788
NXS/BTC,1595347211093,2020-07-21T16:00:11.093Z,buy,2.898e-05,144.0,0.00417312
NXS/BTC,1595347211299,2020-07-21T16:00:11.299Z,sell,2.865e-05,63.0,0.0018049499999999
NXS/BTC,1595347211342,2020-07-21T16:00:11.342Z,sell,2.864e-05,527.0,0.01509328
NXS/BTC,1595347211466,2020-07-21T16:00:11.466Z,sell,2.864e-05,19.0,0.00054416
NXS/BTC,1595347211502,2020-07-21T16:00:11.502Z,buy,2.874e-05,63.0,0.00181062
NXS/BTC,1595347211502,2020-07-21T16:00:11.502Z,buy,2.898e-05,2995.0,0.0867951
NXS/BTC,1595347211502,2020-07-21T16:00:11.502Z,buy,2.899e-05,8.0,0.00023192
NXS/BTC,1595347211502,2020-07-21T16:00:11.502Z,buy,2.9e-05,1387.0,0.040223
NXS/BTC,1595347211502,2020-07-21T16:00:11.502Z,buy,2.908e-05,8.0,0.00023264
NXS/BTC,1595347211502,2020-07-21T16:00:11.502Z,buy,2.911e-05,895.0,0.02605345
NXS/BTC,1595347211502,2020-07-21T16:00:11.502Z,buy,2.915e-05,1176.0,0.0342804
NXS/BTC,1595347211502,2020-07-21T16:00:11.502Z,buy,2.918e-05,8.0,0.00023344
NXS/BTC,1595347211502,2020-07-21T16:00:11.502Z,buy,2.924e-05,165.0,0.0048246
NXS/BTC,1595347211502,2020-07-21T16:00:11.502Z,buy,2.925e-05,3071.0,0.08982675
NXS/BTC,1595347211502,2020-07-21T16:00:11.502Z,buy,2.926e-05,136.0,0.00397936
NXS/BTC,1595347211502,2020-07-21T16:00:11.502Z,buy,2.928e-05,8.0,0.00023424
NXS/BTC,1595347211502,2020-07-21T16:00:11.502Z,buy,2.93e-05,80.0,0.002344
NXS/BTC,1595347211502,2020-07-21T16:00:11.502Z,buy,2.932e-05,42.0,0.00123144
NXS/BTC,1595347211502,2020-07-21T16:00:11.502Z,buy,2.938e-05,8.0,0.00023504
NXS/BTC,1595347211502,2020-07-21T16:00:11.502Z,buy,2.94e-05,102.0,0.0029988
NXS/BTC,1595347211502,2020-07-21T16:00:11.502Z,buy,2.943e-05,13037.0,0.38367891
NXS/BTC,1595347211502,2020-07-21T16:00:11.502Z,buy,2.944e-05,720.0,0.0211968
NXS/BTC,1595347211502,2020-07-21T16:00:11.502Z,buy,2.945e-05,162.0,0.0047709
NXS/BTC,1595347211502,2020-07-21T16:00:11.502Z,buy,2.948e-05,747.0,0.02202156
NXS/BTC,1595347211502,2020-07-21T16:00:11.502Z,buy,2.949e-05,6780.0,0.1999422
NXS/BTC,1595347211502,2020-07-21T16:00:11.502Z,buy,2.95e-05,2734.0,0.080653
NXS/BTC,1595347211502,2020-07-21T16:00:11.502Z,buy,2.955e-05,1307.0,0.03862185
NXS/BTC,1595347211527,2020-07-21T16:00:11.527Z,buy,2.88e-05,178.0,0.0051264
NXS/BTC,1595347211554,2020-07-21T16:00:11.554Z,buy,2.88e-05,2382.0,0.0686016
NXS/BTC,1595347211566,2020-07-21T16:00:11.566Z,sell,2.864e-05,46.0,0.00131744
NXS/BTC,1595347211602,2020-07-21T16:00:11.602Z,buy,2.88e-05,22961.0,0.6612768
NXS/BTC,1595347211748,2020-07-21T16:00:11.748Z,buy,2.88e-05,2618.0,0.0753983999999999
NXS/BTC,1595347211809,2020-07-21T16:00:11.809Z,buy,2.88e-05,1861.0,0.0535968
NXS/BTC,1595347211809,2020-07-21T16:00:11.809Z,buy,2.897e-05,42.0,0.00121674
NXS/BTC,1595347211893,2020-07-21T16:00:11.893Z,sell,2.929e-05,90.0,0.0026360999999999
NXS/BTC,1595347212108,2020-07-21T16:00:12.108Z,buy,2.938e-05,67.0,0.00196846
NXS/BTC,1595347212158,2020-07-21T16:00:12.158Z,buy,2.938e-05,23.0,0.00067574
NXS/BTC,1595347212158,2020-07-21T16:00:12.158Z,buy,2.955e-05,459.0,0.01356345
NXS/BTC,1595347212158,2020-07-21T16:00:12.158Z,buy,2.956e-05,1061.0,0.03136316
NXS/BTC,1595347212158,2020-07-21T16:00:12.158Z,buy,2.958e-05,8.0,0.00023664
NXS/BTC,1595347212158,2020-07-21T16:00:12.158Z,buy,2.96e-05,1942.0,0.0574832
NXS/BTC,1595347212158,2020-07-21T16:00:12.158Z,buy,2.962e-05,6.0,0.00017772
NXS/BTC,1595347212158,2020-07-21T16:00:12.158Z,buy,2.965e-05,127.0,0.00376555
NXS/BTC,1595347212158,2020-07-21T16:00:12.158Z,buy,2.968e-05,66.0,0.00195888
NXS/BTC,1595347212158,2020-07-21T16:00:12.158Z,buy,2.971e-05,50.0,0.0014854999999999
NXS/BTC,1595347212158,2020-07-21T16:00:12.158Z,buy,2.975e-05,49.0,0.00145775
NXS/BTC,1595347212217,2020-07-21T16:00:12.217Z,sell,2.928e-05,69.0,0.00202032
NXS/BTC,1595347212509,2020-07-21T16:00:12.509Z,sell,2.93e-05,177.0,0.0051861
NXS/BTC,1595347212663,2020-07-21T16:00:12.663Z,buy,2.974e-05,177.0,0.00526398
NXS/BTC,1595347212663,2020-07-21T16:00:12.663Z,buy,2.975e-05,1541.0,0.04584475
NXS/BTC,1595347212663,2020-07-21T16:00:12.663Z,buy,2.978e-05,216.0,0.00643248
NXS/BTC,1595347212663,2020-07-21T16:00:12.663Z,buy,2.979e-05,199.0,0.00592821
NXS/BTC,1595347212663,2020-07-21T16:00:12.663Z,buy,2.98e-05,426.0,0.0126948
NXS/BTC,1595347212715,2020-07-21T16:00:12.715Z,buy,2.98e-05,5279.0,0.1573142
NXS/BTC,1595347212715,2020-07-21T16:00:12.715Z,buy,2.984e-05,88.0,0.00262592
NXS/BTC,1595347212715,2020-07-21T16:00:12.715Z,buy,2.985e-05,319.0,0.00952215
NXS/BTC,1595347212715,2020-07-21T16:00:12.715Z,buy,2.986e-05,14791.0,0.44165926
NXS/BTC,1595347212764,2020-07-21T16:00:12.764Z,buy,2.954e-05,60.0,0.0017724
NXS/BTC,1595347212894,2020-07-21T16:00:12.894Z,buy,2.954e-05,267.0,0.0078871799999999
NXS/BTC,1595347212894,2020-07-21T16:00:12.894Z,buy,2.986e-05,1371.0,0.04093806
NXS/BTC,1595347212938,2020-07-21T16:00:12.938Z,buy,2.986e-05,334.0,0.00997324
NXS/BTC,1595347213049,2020-07-21T16:00:13.049Z,buy,2.986e-05,77.0,0.00229922
NXS/BTC,1595347213096,2020-07-21T16:00:13.096Z,sell,2.93e-05,125.0,0.0036625
NXS/BTC,1595347213100,2020-07-21T16:00:13.100Z,buy,2.986e-05,6535.0,0.1951350999999999
NXS/BTC,1595347213141,2020-07-21T16:00:13.141Z,sell,2.949e-05,20.0,0.0005898
NXS/BTC,1595347213337,2020-07-21T16:00:13.337Z,buy,2.985e-05,5.0,0.00014925
NXS/BTC,1595347213789,2020-07-21T16:00:13.789Z,buy,2.985e-05,120.0,0.003582
NXS/BTC,1595347213789,2020-07-21T16:00:13.789Z,buy,2.986e-05,10035.0,0.2996451
NXS/BTC,1595347214128,2020-07-21T16:00:14.128Z,sell,2.957e-05,25.0,0.00073925
NXS/BTC,1595347214263,2020-07-21T16:00:14.263Z,buy,2.964e-05,620.0,0.0183768
NXS/BTC,1595347215112,2020-07-21T16:00:15.112Z,buy,2.964e-05,1994.0,0.05910216
NXS/BTC,1595347215151,2020-07-21T16:00:15.151Z,sell,2.95e-05,122.0,0.0035989999999999
NXS/BTC,1595347215151,2020-07-21T16:00:15.151Z,sell,2.949e-05,69.0,0.00203481
NXS/BTC,1595347215263,2020-07-21T16:00:15.263Z,buy,2.956e-05,143.0,0.00422708
NXS/BTC,1595347215263,2020-07-21T16:00:15.263Z,buy,2.959e-05,122.0,0.00360998
NXS/BTC,1595347215263,2020-07-21T16:00:15.263Z,buy,2.964e-05,1309.0,0.03879876
NXS/BTC,1595347215318,2020-07-21T16:00:15.318Z,sell,2.944e-05,20.0,0.0005888
NXS/BTC,1595347215318,2020-07-21T16:00:15.318Z,sell,2.944e-05,303.0,0.0089203199999999
NXS/BTC,1595347215318,2020-07-21T16:00:15.318Z,sell,2.928e-05,7.0,0.00020496
NXS/BTC,1595347215331,2020-07-21T16:00:15.331Z,buy,2.921e-05,122.0,0.00356362
NXS/BTC,1595347215609,2020-07-21T16:00:15.609Z,buy,2.921e-05,359.0,0.01048639
NXS/BTC,1595347215630,2020-07-21T16:00:15.630Z,sell,2.91e-05,69.0,0.0020079
NXS/BTC,1595347216152,2020-07-21T16:00:16.152Z,sell,2.91e-05,51.0,0.0014841
NXS/BTC,1595347216152,2020-07-21T16:00:16.152Z,sell,2.909e-05,21.0,0.00061089
NXS/BTC,1595347216288,2020-07-21T16:00:16.288Z,sell,2.909e-05,20.0,0.0005818
NXS/BTC,1595347216419,2020-07-21T16:00:16.419Z,buy,2.921e-05,28.0,0.00081788
NXS/BTC,1595347216419,2020-07-21T16:00:16.419Z,buy,2.926e-05,7.0,0.00020482
NXS/BTC,1595347216419,2020-07-21T16:00:16.419Z,buy,2.932e-05,69.0,0.00202308
NXS/BTC,1595347216419,2020-07-21T16:00:16.419Z,buy,2.95e-05,137.0,0.0040415
NXS/BTC,1595347216419,2020-07-21T16:00:16.419Z,buy,2.954e-05,86.0,0.0025404399999999
NXS/BTC,1595347216492,2020-07-21T16:00:16.492Z,buy,2.954e-05,36.0,0.00106344
NXS/BTC,1595347216492,2020-07-21T16:00:16.492Z,buy,2.964e-05,7698.0,0.22816872
NXS/BTC,1595347216492,2020-07-21T16:00:16.492Z,buy,2.966e-05,25.0,0.0007415
NXS/BTC,1595347216492,2020-07-21T16:00:16.492Z,buy,2.973e-05,2382.0,0.07081686
NXS/BTC,1595347216492,2020-07-21T16:00:16.492Z,buy,2.986e-05,4151.0,0.12394886
NXS/BTC,1595347216492,2020-07-21T16:00:16.492Z,buy,2.987e-05,4741.0,0.14161367
NXS/BTC,1595347216492,2020-07-21T16:00:16.492Z,buy,2.988e-05,2130.0,0.0636444
NXS/BTC,1595347216615,2020-07-21T16:00:16.615Z,buy,2.988e-05,924.0,0.0276091199999999
NXS/BTC,1595347216615,2020-07-21T16:00:16.615Z,buy,2.99e-05,75.0,0.0022424999999999
NXS/BTC,1595347216701,2020-07-21T16:00:16.701Z,sell,2.935e-05,145.0,0.00425575
NXS/BTC,1595347216701,2020-07-21T16:00:16.701Z,sell,2.924e-05,614.0,0.01795336
NXS/BTC,1595347216701,2020-07-21T16:00:16.701Z,sell,2.91e-05,428.0,0.0124548
NXS/BTC,1595347216701,2020-07-21T16:00:16.701Z,sell,2.909e-05,106.0,0.00308354
NXS/BTC,1595347216701,2020-07-21T16:00:16.701Z,sell,2.906e-05,44.0,0.00127864
NXS/BTC,1595347216701,2020-07-21T16:00:16.701Z,sell,2.904e-05,375.0,0.01089
NXS/BTC,1595347216701,2020-07-21T16:00:16.701Z,sell,2.902e-05,494.0,0.01433588
NXS/BTC,1595347217334,2020-07-21T16:00:17.334Z,sell,2.924e-05,614.0,0.01795336
NXS/BTC,1595347217571,2020-07-21T16:00:17.571Z,sell,2.902e-05,20.0,0.0005804
NXS/BTC,1595347217632,2020-07-21T16:00:17.632Z,sell,2.902e-05,39.0,0.00113178
NXS/BTC,1595347217650,2020-07-21T16:00:17.650Z,sell,2.902e-05,775.0,0.0224905
NXS/BTC,1595347217650,2020-07-21T16:00:17.650Z,sell,2.899e-05,9.0,0.00026091
NXS/BTC,1595347217837,2020-07-21T16:00:17.837Z,buy,2.906e-05,1375.0,0.0399575
NXS/BTC,1595347217914,2020-07-21T16:00:17.914Z,sell,2.898e-05,200.0,0.005796
NXS/BTC,1595347217914,2020-07-21T16:00:17.914Z,sell,2.892e-05,148.0,0.00428016
NXS/BTC,1595347217914,2020-07-21T16:00:17.914Z,sell,2.889e-05,691.0,0.01996299
NXS/BTC,1595347217914,2020-07-21T16:00:17.914Z,sell,2.857e-05,238.0,0.00679966
NXS/BTC,1595347217914,2020-07-21T16:00:17.914Z,sell,2.856e-05,8.0,0.00022848
NXS/BTC,1595347217914,2020-07-21T16:00:17.914Z,sell,2.849e-05,627.0,0.01786323
NXS/BTC,1595347217914,2020-07-21T16:00:17.914Z,sell,2.848e-05,75.0,0.002136
NXS/BTC,1595347218249,2020-07-21T16:00:18.249Z,sell,2.858e-05,417.0,0.01191786
NXS/BTC,1595347218280,2020-07-21T16:00:18.280Z,sell,2.858e-05,784.0,0.02240672
NXS/BTC,1595347218416,2020-07-21T16:00:18.416Z,sell,2.859e-05,117.0,0.0033450299999999
NXS/BTC,1595347218492,2020-07-21T16:00:18.492Z,sell,2.859e-05,137.0,0.00391683
NXS/BTC,1595347218492,2020-07-21T16:00:18.492Z,sell,2.858e-05,10858.0,0.31032164
NXS/BTC,1595347218492,2020-07-21T16:00:18.492Z,sell,2.849e-05,367.0,0.01045583
NXS/BTC,1595347218492,2020-07-21T16:00:18.492Z,sell,2.848e-05,75.0,0.002136
NXS/BTC,1595347218492,2020-07-21T16:00:18.492Z,sell,2.84e-05,787.0,0.0223508
NXS/BTC,1595347218555,2020-07-21T16:00:18.555Z,sell,2.84e-05,195.0,0.0055379999999999
NXS/BTC,1595347218672,2020-07-21T16:00:18.672Z,sell,2.841e-05,381.0,0.01082421
NXS/BTC,1595347218975,2020-07-21T16:00:18.975Z,sell,2.841e-05,43.0,0.00122163
NXS/BTC,1595347218975,2020-07-21T16:00:18.975Z,sell,2.84e-05,2957.0,0.0839787999999999
NXS/BTC,1595347219171,2020-07-21T16:00:19.171Z,buy,2.857e-05,49.0,0.00139993
NXS/BTC,1595347219209,2020-07-21T16:00:19.209Z,buy,2.857e-05,376.0,0.01074232
NXS/BTC,1595347219209,2020-07-21T16:00:19.209Z,buy,2.858e-05,126.0,0.00360108
NXS/BTC,1595347219209,2020-07-21T16:00:19.209Z,buy,2.879e-05,424.0,0.01220696
NXS/BTC,1595347219209,2020-07-21T16:00:19.209Z,buy,2.905e-05,883.0,0.02565115
NXS/BTC,1595347219209,2020-07-21T16:00:19.209Z,buy,2.906e-05,1286.0,0.03737116
NXS/BTC,1595347219215,2020-07-21T16:00:19.215Z,buy,2.906e-05,6640.0,0.1929584
NXS/BTC,1595347219369,2020-07-21T16:00:19.369Z,buy,2.906e-05,1275.0,0.0370515
NXS/BTC,1595347219461,2020-07-21T16:00:19.461Z,sell,2.842e-05,30.0,0.0008526
NXS/BTC,1595347219508,2020-07-21T16:00:19.508Z,sell,2.846e-05,150.0,0.0042689999999999
NXS/BTC,1595347219508,2020-07-21T16:00:19.508Z,sell,2.842e-05,904.0,0.0256916799999999
NXS/BTC,1595347219508,2020-07-21T16:00:19.508Z,sell,2.841e-05,135.0,0.00383535
NXS/BTC,1595347219533,2020-07-21T16:00:19.533Z,sell,2.841e-05,42.0,0.00119322
NXS/BTC,1595347219649,2020-07-21T16:00:19.649Z,sell,2.841e-05,395.0,0.01122195
NXS/BTC,1595347219792,2020-07-21T16:00:19.792Z,sell,2.841e-05,137.0,0.00389217
NXS/BTC,1595347219834,2020-07-21T16:00:19.834Z,sell,2.841e-05,3835.0,0.10895235
NXS/BTC,1595347219954,2020-07-21T16:00:19.954Z,buy,2.85e-05,9.0,0.0002565
NXS/BTC,1595347220039,2020-07-21T16:00:20.039Z,buy,2.85e-05,114.0,0.003249
NXS/BTC,1595347220064,2020-07-21T16:00:20.064Z,buy,2.88e-05,7.0,0.0002016
NXS/BTC,1595347220064,2020-07-21T16:00:20.064Z,buy,2.889e-05,387.0,0.01118043
NXS/BTC,1595347220177,2020-07-21T16:00:20.177Z,sell,2.866e-05,125.0,0.0035825
NXS/BTC,1595347220177,2020-07-21T16:00:20.177Z,sell,2.865e-05,495.0,0.01418175
NXS/BTC,1595347220281,2020-07-21T16:00:20.281Z,buy,2.875e-05,125.0,0.00359375
NXS/BTC,1595347220281,2020-07-21T16:00:20.281Z,buy,2.886e-05,40.0,0.0011544
NXS/BTC,1595347220281,2020-07-21T16:00:20.281Z,buy,2.889e-05,297.0,0.00858033
NXS/BTC,1595347220399,2020-07-21T16:00:20.399Z,sell,2.865e-05,30.0,0.0008594999999999
NXS/BTC,1595347220441,2020-07-21T16:00:20.441Z,buy,2.889e-05,233.0,0.0067313699999999
NXS/BTC,1595347220441,2020-07-21T16:00:20.441Z,buy,2.89e-05,147.0,0.0042483
NXS/BTC,1595347220441,2020-07-21T16:00:20.441Z,buy,2.897e-05,691.0,0.0200182699999999
NXS/BTC,1595347220441,2020-07-21T16:00:20.441Z,buy,2.9e-05,53.0,0.001537
NXS/BTC,1595347220441,2020-07-21T16:00:20.441Z,buy,2.905e-05,30.0,0.0008715
NXS/BTC,1595347220441,2020-07-21T16:00:20.441Z,buy,2.912e-05,147.0,0.00428064
NXS/BTC,1595347220441,2020-07-21T16:00:20.441Z,buy,2.916e-05,51.0,0.00148716
NXS/BTC,1595347220441,2020-07-21T16:00:20.441Z,buy,2.917e-05,7702.0,0.22466734
NXS/BTC,1595347220451,2020-07-21T16:00:20.451Z,sell,2.866e-05,8.0,0.00022928
NXS/BTC,1595347220553,2020-07-21T16:00:20.553Z,sell,2.842e-05,471.0,0.01338582
NXS/BTC,1595347220553,2020-07-21T16:00:20.553Z,sell,2.841e-05,704.0,0.02000064
NXS/BTC,1595347220601,2020-07-21T16:00:20.601Z,sell,2.842e-05,313.0,0.0088954599999999
NXS/BTC,1595347220749,2020-07-21T16:00:20.749Z,buy,2.873e-05,313.0,0.00899249
NXS/BTC,1595347220749,2020-07-21T16:00:20.749Z,buy,2.874e-05,1671.0,0.04802454
NXS/BTC,1595347220775,2020-07-21T16:00:20.775Z,sell,2.842e-05,627.0,0.01781934
NXS/BTC,1595347221158,2020-07-21T16:00:21.158Z,sell,2.841e-05,146.0,0.00414786
NXS/BTC,1595347221207,2020-07-21T16:00:21.207Z,buy,2.842e-05,30.0,0.0008526
NXS/BTC,1595347221213,2020-07-21T16:00:21.213Z,buy,2.842e-05,375.0,0.0106575
NXS/BTC,1595347221230,2020-07-21T16:00:21.230Z,buy,2.842e-05,1341.0,0.03811122
NXS/BTC,1595347221232,2020-07-21T16:00:21.232Z,sell,2.841e-05,11.0,0.00031251
NXS/BTC,1595347221232,2020-07-21T16:00:21.232Z,sell,2.84e-05,1150.0,0.03266
NXS/BTC,1595347221339,2020-07-21T16:00:21.339Z,buy,2.84e-05,419.0,0.0118996
NXS/BTC,1595347221666,2020-07-21T16:00:21.666Z,buy,2.84e-05,249.0,0.0070716
NXS/BTC,1595347221687,2020-07-21T16:00:21.687Z,sell,2.839e-05,6.0,0.00017034
NXS/BTC,1595347221687,2020-07-21T16:00:21.687Z,sell,2.826e-05,777.0,0.02195802
NXS/BTC,1595347221687,2020-07-21T16:00:21.687Z,sell,2.82e-05,17074.0,0.4814868
NXS/BTC,1595347221736,2020-07-21T16:00:21.736Z,buy,2.84e-05,1414.0,0.0401576
NXS/BTC,1595347221825,2020-07-21T16:00:21.825Z,sell,2.82e-05,6110.0,0.172302
NXS/BTC,1595347221965,2020-07-21T16:00:21.965Z,buy,2.84e-05,778.0,0.0220952
NXS/BTC,1595347222141,2020-07-21T16:00:22.141Z,sell,2.82e-05,783.0,0.0220806
NXS/BTC,1595347222154,2020-07-21T16:00:22.154Z,sell,2.82e-05,9013.0,0.2541666
NXS/BTC,1595347222179,2020-07-21T16:00:22.179Z,buy,2.84e-05,297.0,0.0084348
NXS/BTC,1595347222216,2020-07-21T16:00:22.216Z,sell,2.82e-05,206.0,0.0058092
NXS/BTC,1595347222223,2020-07-21T16:00:22.223Z,buy,2.84e-05,17.0,0.0004827999999999
NXS/BTC,1595347222230,2020-07-21T16:00:22.230Z,buy,2.84e-05,17.0,0.0004827999999999
NXS/BTC,1595347222248,2020-07-21T16:00:22.248Z,buy,2.84e-05,213.0,0.0060492
NXS/BTC,1595347222268,2020-07-21T16:00:22.268Z,buy,2.84e-05,17.0,0.0004827999999999
NXS/BTC,1595347222411,2020-07-21T16:00:22.411Z,sell,2.82e-05,3147.0,0.0887454
NXS/BTC,1595347222474,2020-07-21T16:00:22.474Z,sell,2.82e-05,402.0,0.0113364
NXS/BTC,1595347222480,2020-07-21T16:00:22.480Z,buy,2.84e-05,407.0,0.0115588
NXS/BTC,1595347222480,2020-07-21T16:00:22.480Z,buy,2.842e-05,1141.0,0.03242722
NXS/BTC,1595347222608,2020-07-21T16:00:22.608Z,sell,2.842e-05,494.0,0.01403948
NXS/BTC,1595347222666,2020-07-21T16:00:22.666Z,buy,2.868e-05,51.0,0.00146268
NXS/BTC,1595347222666,2020-07-21T16:00:22.666Z,buy,2.87e-05,604.0,0.0173348
NXS/BTC,1595347222767,2020-07-21T16:00:22.767Z,buy,2.87e-05,1463.0,0.0419881
NXS/BTC,1595347222767,2020-07-21T16:00:22.767Z,buy,2.873e-05,627.0,0.01801371
NXS/BTC,1595347222767,2020-07-21T16:00:22.767Z,buy,2.874e-05,643.0,0.01847982
NXS/BTC,1595347222812,2020-07-21T16:00:22.812Z,buy,2.874e-05,637.0,0.0183073799999999
NXS/BTC,1595347222996,2020-07-21T16:00:22.996Z,buy,2.874e-05,299.0,0.00859326
NXS/BTC,1595347223060,2020-07-21T16:00:23.060Z,buy,2.874e-05,1615.0,0.0464151
NXS/BTC,1595347223073,2020-07-21T16:00:23.073Z,buy,2.874e-05,9.0,0.0002586599999999
NXS/BTC,1595347223073,2020-07-21T16:00:23.073Z,buy,2.875e-05,8.0,0.00023
NXS/BTC,1595347223073,2020-07-21T16:00:23.073Z,buy,2.882e-05,639.0,0.01841598
NXS/BTC,1595347223073,2020-07-21T16:00:23.073Z,buy,2.883e-05,777.0,0.02240091
NXS/BTC,1595347223073,2020-07-21T16:00:23.073Z,buy,2.903e-05,40.0,0.0011612
NXS/BTC,1595347223073,2020-07-21T16:00:23.073Z,buy,2.906e-05,2142.0,0.06224652
NXS/BTC,1595347223175,2020-07-21T16:00:23.175Z,buy,2.906e-05,2535.0,0.0736671
NXS/BTC,1595347223218,2020-07-21T16:00:23.218Z,sell,2.875e-05,17.0,0.00048875
NXS/BTC,1595347223218,2020-07-21T16:00:23.218Z,sell,2.843e-05,120.0,0.0034116
NXS/BTC,1595347223349,2020-07-21T16:00:23.349Z,buy,2.866e-05,147.0,0.00421302
NXS/BTC,1595347223349,2020-07-21T16:00:23.349Z,buy,2.904e-05,137.0,0.00397848
NXS/BTC,1595347223349,2020-07-21T16:00:23.349Z,buy,2.905e-05,578.0,0.0167909
NXS/BTC,1595347223349,2020-07-21T16:00:23.349Z,buy,2.906e-05,1556.0,0.04521736
NXS/BTC,1595347223413,2020-07-21T16:00:23.413Z,sell,2.867e-05,687.0,0.01969629
NXS/BTC,1595347223504,2020-07-21T16:00:23.504Z,buy,2.903e-05,6.0,0.00017418
NXS/BTC,1595347223504,2020-07-21T16:00:23.504Z,buy,2.905e-05,687.0,0.01995735
NXS/BTC,1595347223504,2020-07-21T16:00:23.504Z,buy,2.906e-05,2428.0,0.07055768
NXS/BTC,1595347223504,2020-07-21T16:00:23.504Z,buy,2.927e-05,9.0,0.00026343
NXS/BTC,1595347223504,2020-07-21T16:00:23.504Z,buy,2.935e-05,148.0,0.0043438
NXS/BTC,1595347223504,2020-07-21T16:00:23.504Z,buy,2.941e-05,147.0,0.00432327
NXS/BTC,1595347223504,2020-07-21T16:00:23.504Z,buy,2.951e-05,44.0,0.00129844
NXS/BTC,1595347223504,2020-07-21T16:00:23.504Z,buy,2.962e-05,2821.0,0.08355802
NXS/BTC,1595347223504,2020-07-21T16:00:23.504Z,buy,2.966e-05,89.0,0.00263974
NXS/BTC,1595347223504,2020-07-21T16:00:23.504Z,buy,2.973e-05,145.0,0.00431085
NXS/BTC,1595347223504,2020-07-21T16:00:23.504Z,buy,2.974e-05,9502.0,0.28258948
NXS/BTC,1595347223546,2020-07-21T16:00:23.546Z,buy,2.974e-05,11254.0,0.33469396
NXS/BTC,1595347223550,2020-07-21T16:00:23.550Z,buy,2.974e-05,14883.0,0.44262042
NXS/BTC,1595347223550,2020-07-21T16:00:23.550Z,buy,2.982e-05,1839.0,0.0548389799999999
NXS/BTC,1595347223550,2020-07-21T16:00:23.550Z,buy,2.989e-05,656.0,0.01960784
NXS/BTC,1595347223550,2020-07-21T16:00:23.550Z,buy,2.99e-05,709.0,0.0211991
NXS/BTC,1595347223550,2020-07-21T16:00:23.550Z,buy,2.994e-05,16.0,0.00047904
NXS/BTC,1595347223550,2020-07-21T16:00:23.550Z,buy,2.995e-05,13535.0,0.40537325
NXS/BTC,1595347223742,2020-07-21T16:00:23.742Z,buy,2.995e-05,2969.0,0.08892155
NXS/BTC,1595347223823,2020-07-21T16:00:23.823Z,buy,2.995e-05,611.0,0.01829945
NXS/BTC,1595347223858,2020-07-21T16:00:23.858Z,sell,2.922e-05,150.0,0.004383
NXS/BTC,1595347223969,2020-07-21T16:00:23.969Z,buy,2.95e-05,6.0,0.000177
NXS/BTC,1595347224115,2020-07-21T16:00:24.115Z,sell,2.922e-05,126.0,0.00368172
NXS/BTC,1595347224192,2020-07-21T16:00:24.192Z,sell,2.923e-05,51.0,0.00149073
NXS/BTC,1595347224192,2020-07-21T16:00:24.192Z,sell,2.922e-05,1370.0,0.0400314
NXS/BTC,1595347224192,2020-07-21T16:00:24.192Z,sell,2.921e-05,946.0,0.02763266
NXS/BTC,1595347224192,2020-07-21T16:00:24.192Z,sell,2.92e-05,1838.0,0.0536696
NXS/BTC,1595347224192,2020-07-21T16:00:24.192Z,sell,2.919e-05,42.0,0.00122598
NXS/BTC,1595347224192,2020-07-21T16:00:24.192Z,sell,2.904e-05,1629.0,0.04730616
NXS/BTC,1595347224192,2020-07-21T16:00:24.192Z,sell,2.898e-05,802.0,0.02324196
NXS/BTC,1595347224192,2020-07-21T16:00:24.192Z,sell,2.895e-05,909.0,0.02631555
NXS/BTC,1595347224192,2020-07-21T16:00:24.192Z,sell,2.891e-05,147.0,0.00424977
NXS/BTC,1595347224192,2020-07-21T16:00:24.192Z,sell,2.89e-05,147.0,0.0042483
NXS/BTC,1595347224192,2020-07-21T16:00:24.192Z,sell,2.889e-05,148.0,0.00427572
NXS/BTC,1595347224192,2020-07-21T16:00:24.192Z,sell,2.879e-05,694.0,0.01998026
NXS/BTC,1595347224192,2020-07-21T16:00:24.192Z,sell,2.868e-05,1332.0,0.03820176
NXS/BTC,1595347224301,2020-07-21T16:00:24.301Z,buy,2.923e-05,762.0,0.02227326
NXS/BTC,1595347224301,2020-07-21T16:00:24.301Z,buy,2.926e-05,801.0,0.02343726
NXS/BTC,1595347224508,2020-07-21T16:00:24.508Z,sell,2.873e-05,2244.0,0.06447012
NXS/BTC,1595347224508,2020-07-21T16:00:24.508Z,sell,2.869e-05,904.0,0.02593576
NXS/BTC,1595347224586,2020-07-21T16:00:24.586Z,buy,2.92e-05,1972.0,0.0575824
NXS/BTC,1595347224586,2020-07-21T16:00:24.586Z,buy,2.925e-05,702.0,0.0205335
NXS/BTC,1595347224656,2020-07-21T16:00:24.656Z,buy,2.925e-05,202.0,0.0059085
NXS/BTC,1595347224656,2020-07-21T16:00:24.656Z,buy,2.926e-05,1.0,2.926e-05
NXS/BTC,1595347224656,2020-07-21T16:00:24.656Z,buy,2.93e-05,123.0,0.0036039
NXS/BTC,1595347224656,2020-07-21T16:00:24.656Z,buy,2.932e-05,1203.0,0.03527196
NXS/BTC,1595347224770,2020-07-21T16:00:24.770Z,sell,2.895e-05,323.0,0.0093508499999999
NXS/BTC,1595347224976,2020-07-21T16:00:24.976Z,sell,2.895e-05,611.0,0.0176884499999999
NXS/BTC,1595347224997,2020-07-21T16:00:24.997Z,buy,2.903e-05,39.0,0.00113217
NXS/BTC,1595347224997,2020-07-21T16:00:24.997Z,buy,2.904e-05,124.0,0.00360096
NXS/BTC,1595347225399,2020-07-21T16:00:25.399Z,buy,2.929e-05,611.0,0.01789619
NXS/BTC,1595347225399,2020-07-21T16:00:25.399Z,buy,2.93e-05,2244.0,0.0657492
NXS/BTC,1595347225399,2020-07-21T16:00:25.399Z,buy,2.931e-05,199.0,0.00583269
NXS/BTC,1595347225399,2020-07-21T16:00:25.399Z,buy,2.932e-05,426.0,0.01249032
NXS/BTC,1595347225399,2020-07-21T16:00:25.399Z,buy,2.938e-05,147.0,0.00431886
NXS/BTC,1595347225399,2020-07-21T16:00:25.399Z,buy,2.929e-05,611.0,0.01789619
NXS/BTC,1595347225399,2020-07-21T16:00:25.399Z,buy,2.93e-05,2244.0,0.0657492
NXS/BTC,1595347225399,2020-07-21T16:00:25.399Z,buy,2.931e-05,199.0,0.00583269
NXS/BTC,1595347225399,2020-07-21T16:00:25.399Z,buy,2.932e-05,426.0,0.01249032
NXS/BTC,1595347225399,2020-07-21T16:00:25.399Z,buy,2.938e-05,147.0,0.00431886
NXS/BTC,1595347225664,2020-07-21T16:00:25.664Z,sell,2.941e-05,1294.0,0.03805654
NXS/BTC,1595347225697,2020-07-21T16:00:25.697Z,buy,2.961e-05,148.0,0.00438228
NXS/BTC,1595347225697,2020-07-21T16:00:25.697Z,buy,2.963e-05,17075.0,0.50593225
NXS/BTC,1595347225714,2020-07-21T16:00:25.714Z,buy,2.963e-05,157.0,0.0046519099999999
NXS/BTC,1595347225975,2020-07-21T16:00:25.975Z,sell,2.943e-05,39.0,0.00114777
NXS/BTC,1595347226137,2020-07-21T16:00:26.137Z,sell,2.943e-05,20.0,0.0005886
NXS/BTC,1595347226210,2020-07-21T16:00:26.210Z,sell,2.943e-05,746.0,0.02195478
NXS/BTC,1595347226210,2020-07-21T16:00:26.210Z,sell,2.942e-05,120.0,0.0035304
NXS/BTC,1595347226210,2020-07-21T16:00:26.210Z,sell,2.941e-05,466.0,0.01370506
NXS/BTC,1595347226351,2020-07-21T16:00:26.351Z,buy,2.951e-05,120.0,0.0035412
NXS/BTC,1595347226351,2020-07-21T16:00:26.351Z,buy,2.963e-05,4828.0,0.14305364
NXS/BTC,1595347226556,2020-07-21T16:00:26.556Z,buy,2.963e-05,68.0,0.00201484
NXS/BTC,1595347226686,2020-07-21T16:00:26.686Z,buy,2.963e-05,1817.0,0.05383771
NXS/BTC,1595347227137,2020-07-21T16:00:27.137Z,sell,2.958e-05,10.0,0.0002958
NXS/BTC,1595347227160,2020-07-21T16:00:27.160Z,sell,2.958e-05,34.0,0.00100572
NXS/BTC,1595347227239,2020-07-21T16:00:27.239Z,buy,2.963e-05,22.0,0.00065186
NXS/BTC,1595347227332,2020-07-21T16:00:27.332Z,buy,2.963e-05,593.0,0.01757059
NXS/BTC,1595347227490,2020-07-21T16:00:27.490Z,sell,2.958e-05,147.0,0.00434826
NXS/BTC,1595347227944,2020-07-21T16:00:27.944Z,sell,2.958e-05,143.0,0.00422994
NXS/BTC,1595347227944,2020-07-21T16:00:27.944Z,sell,2.942e-05,118.0,0.00347156
NXS/BTC,1595347227944,2020-07-21T16:00:27.944Z,sell,2.941e-05,7717.0,0.22695697
NXS/BTC,1595347227944,2020-07-21T16:00:27.944Z,sell,2.932e-05,752.0,0.02204864
NXS/BTC,1595347227944,2020-07-21T16:00:27.944Z,sell,2.907e-05,804.0,0.02337228
NXS/BTC,1595347227944,2020-07-21T16:00:27.944Z,sell,2.906e-05,2013.0,0.05849778
NXS/BTC,1595347228303,2020-07-21T16:00:28.303Z,buy,2.951e-05,112.0,0.00330512
NXS/BTC,1595347228352,2020-07-21T16:00:28.352Z,buy,2.951e-05,6.0,0.00017706
NXS/BTC,1595347228352,2020-07-21T16:00:28.352Z,buy,2.962e-05,548.0,0.01623176
NXS/BTC,1595347228353,2020-07-21T16:00:28.353Z,sell,2.907e-05,106.0,0.00308142
NXS/BTC,1595347228648,2020-07-21T16:00:28.648Z,buy,2.962e-05,10932.0,0.32380584
NXS/BTC,1595347228648,2020-07-21T16:00:28.648Z,buy,2.974e-05,804.0,0.02391096
NXS/BTC,1595347228648,2020-07-21T16:00:28.648Z,buy,2.975e-05,13325.0,0.39641875
NXS/BTC,1595347228648,2020-07-21T16:00:28.648Z,buy,2.977e-05,805.0,0.02396485
NXS/BTC,1595347228648,2020-07-21T16:00:28.648Z,buy,2.98e-05,106.0,0.0031588
NXS/BTC,1595347228648,2020-07-21T16:00:28.648Z,buy,2.992e-05,51.0,0.00152592
NXS/BTC,1595347228648,2020-07-21T16:00:28.648Z,buy,2.993e-05,1817.0,0.05438281
NXS/BTC,1595347228648,2020-07-21T16:00:28.648Z,buy,2.994e-05,3096.0,0.09269424
NXS/BTC,1595347228648,2020-07-21T16:00:28.648Z,buy,2.995e-05,13537.0,0.40543315
NXS/BTC,1595347228738,2020-07-21T16:00:28.738Z,sell,2.944e-05,290.0,0.0085376
NXS/BTC,1595347228738,2020-07-21T16:00:28.738Z,sell,2.93e-05,121.0,0.0035453
NXS/BTC,1595347228738,2020-07-21T16:00:28.738Z,sell,2.929e-05,411.0,0.0120381899999999
NXS/BTC,1595347228738,2020-07-21T16:00:28.738Z,sell,2.92e-05,683.0,0.0199436
NXS/BTC,1595347228738,2020-07-21T16:00:28.738Z,sell,2.918e-05,146.0,0.00426028
NXS/BTC,1595347228738,2020-07-21T16:00:28.738Z,sell,2.906e-05,9619.0,0.27952814
NXS/BTC,1595347228738,2020-07-21T16:00:28.738Z,sell,2.905e-05,1980.0,0.057519
NXS/BTC,1595347228738,2020-07-21T16:00:28.738Z,sell,2.903e-05,1623.0,0.04711569
NXS/BTC,1595347228738,2020-07-21T16:00:28.738Z,sell,2.902e-05,3445.0,0.0999739
NXS/BTC,1595347228738,2020-07-21T16:00:28.738Z,sell,2.894e-05,6126.0,0.17728644
NXS/BTC,1595347228755,2020-07-21T16:00:28.755Z,sell,2.945e-05,121.0,0.00356345
NXS/BTC,1595347228761,2020-07-21T16:00:28.761Z,sell,2.945e-05,24.0,0.0007068
NXS/BTC,1595347228761,2020-07-21T16:00:28.761Z,sell,2.941e-05,678.0,0.01993998
NXS/BTC,1595347228767,2020-07-21T16:00:28.767Z,buy,2.931e-05,145.0,0.00424995
NXS/BTC,1595347228772,2020-07-21T16:00:28.772Z,buy,2.931e-05,1478.0,0.04332018
NXS/BTC,1595347228772,2020-07-21T16:00:28.772Z,buy,2.933e-05,923.0,0.02707159
NXS/BTC,1595347228772,2020-07-21T16:00:28.772Z,buy,2.981e-05,683.0,0.02036023
NXS/BTC,1595347228772,2020-07-21T16:00:28.772Z,buy,2.991e-05,146.0,0.00436686
NXS/BTC,1595347228772,2020-07-21T16:00:28.772Z,buy,2.994e-05,685.0,0.0205089
NXS/BTC,1595347229062,2020-07-21T16:00:29.062Z,buy,2.989e-05,15.0,0.00044835
NXS/BTC,1595347229073,2020-07-21T16:00:29.073Z,buy,2.989e-05,15.0,0.00044835
NXS/BTC,1595347229279,2020-07-21T16:00:29.279Z,buy,2.989e-05,115.0,0.00343735
NXS/BTC,1595347229279,2020-07-21T16:00:29.279Z,buy,2.99e-05,634.0,0.0189566
NXS/BTC,1595347229331,2020-07-21T16:00:29.331Z,sell,2.931e-05,12.0,0.00035172
NXS/BTC,1595347229353,2020-07-21T16:00:29.353Z,buy,2.989e-05,12.0,0.00035868
NXS/BTC,1595347229353,2020-07-21T16:00:29.353Z,buy,2.99e-05,44.0,0.0013155999999999
NXS/BTC,1595347229353,2020-07-21T16:00:29.353Z,buy,2.993e-05,145.0,0.00433985
NXS/BTC,1595347229353,2020-07-21T16:00:29.353Z,buy,2.994e-05,150.0,0.004491
NXS/BTC,1595347229353,2020-07-21T16:00:29.353Z,buy,2.995e-05,849.0,0.02542755
NXS/BTC,1595347229457,2020-07-21T16:00:29.457Z,sell,2.931e-05,919.0,0.02693589
NXS/BTC,1595347229476,2020-07-21T16:00:29.476Z,sell,2.931e-05,925.0,0.02711175
NXS/BTC,1595347229476,2020-07-21T16:00:29.476Z,sell,2.93e-05,74.0,0.0021682
NXS/BTC,1595347229482,2020-07-21T16:00:29.482Z,sell,2.93e-05,3703.0,0.1084979
NXS/BTC,1595347229482,2020-07-21T16:00:29.482Z,sell,2.926e-05,6154.0,0.18006604
NXS/BTC,1595347229482,2020-07-21T16:00:29.482Z,sell,2.923e-05,1053.0,0.0307791899999999
NXS/BTC,1595347229482,2020-07-21T16:00:29.482Z,sell,2.922e-05,292.0,0.00853224
NXS/BTC,1595347229482,2020-07-21T16:00:29.482Z,sell,2.907e-05,85.0,0.00247095
NXS/BTC,1595347229482,2020-07-21T16:00:29.482Z,sell,2.89e-05,148.0,0.0042772
NXS/BTC,1595347229482,2020-07-21T16:00:29.482Z,sell,2.885e-05,2235.0,0.06447975
NXS/BTC,1595347229482,2020-07-21T16:00:29.482Z,sell,2.88e-05,3437.0,0.0989855999999999
NXS/BTC,1595347229482,2020-07-21T16:00:29.482Z,sell,2.869e-05,116.0,0.00332804
NXS/BTC,1595347229604,2020-07-21T16:00:29.604Z,buy,2.932e-05,121.0,0.00354772
NXS/BTC,1595347229604,2020-07-21T16:00:29.604Z,buy,2.938e-05,148.0,0.00434824
NXS/BTC,1595347229604,2020-07-21T16:00:29.604Z,buy,2.966e-05,146.0,0.00433036
NXS/BTC,1595347229604,2020-07-21T16:00:29.604Z,buy,2.971e-05,146.0,0.00433766
NXS/BTC,1595347229634,2020-07-21T16:00:29.634Z,buy,2.994e-05,15.0,0.0004491
NXS/BTC,1595347229656,2020-07-21T16:00:29.656Z,buy,2.994e-05,15.0,0.0004491
NXS/BTC,1595347229685,2020-07-21T16:00:29.685Z,buy,2.994e-05,15.0,0.0004491
NXS/BTC,1595347229697,2020-07-21T16:00:29.697Z,sell,2.993e-05,158.0,0.00472894
NXS/BTC,1595347229736,2020-07-21T16:00:29.736Z,sell,2.993e-05,1732.0,0.05183876
NXS/BTC,1595347229761,2020-07-21T16:00:29.761Z,buy,2.938e-05,15.0,0.0004407
NXS/BTC,1595347229782,2020-07-21T16:00:29.782Z,buy,2.938e-05,15.0,0.0004407
NXS/BTC,1595347229840,2020-07-21T16:00:29.840Z,buy,2.938e-05,1675.0,0.0492115
NXS/BTC,1595347229842,2020-07-21T16:00:29.842Z,buy,2.972e-05,30.0,0.0008916
NXS/BTC,1595347229842,2020-07-21T16:00:29.842Z,buy,2.994e-05,57.0,0.00170658
NXS/BTC,1595347229857,2020-07-21T16:00:29.857Z,buy,2.994e-05,15.0,0.0004491
NXS/BTC,1595347230032,2020-07-21T16:00:30.032Z,sell,2.964e-05,120.0,0.0035568
NXS/BTC,1595347230032,2020-07-21T16:00:30.032Z,sell,2.963e-05,2115.0,0.06266745
NXS/BTC,1595347230278,2020-07-21T16:00:30.278Z,buy,2.973e-05,120.0,0.0035676
NXS/BTC,1595347230278,2020-07-21T16:00:30.278Z,buy,2.994e-05,2659.0,0.07961046
NXS/BTC,1595347230278,2020-07-21T16:00:30.278Z,buy,2.995e-05,23473.0,0.70301635
NXS/BTC,1595347230278,2020-07-21T16:00:30.278Z,buy,2.998e-05,1265.0,0.0379247
NXS/BTC,1595347230278,2020-07-21T16:00:30.278Z,buy,2.999e-05,740.0,0.0221926
NXS/BTC,1595347230278,2020-07-21T16:00:30.278Z,buy,3e-05,25658.0,0.76974
NXS/BTC,1595347230335,2020-07-21T16:00:30.335Z,buy,3e-05,359.0,0.01077
NXS/BTC,1595347230356,2020-07-21T16:00:30.356Z,sell,2.964e-05,118.0,0.00349752
NXS/BTC,1595347230356,2020-07-21T16:00:30.356Z,sell,2.963e-05,27.0,0.00080001
NXS/BTC,1595347230360,2020-07-21T16:00:30.360Z,buy,3e-05,2145.0,0.06435
NXS/BTC,1595347230515,2020-07-21T16:00:30.515Z,sell,2.963e-05,459.0,0.01360017
NXS/BTC,1595347230515,2020-07-21T16:00:30.515Z,sell,2.939e-05,978.0,0.02874342
NXS/BTC,1595347230515,2020-07-21T16:00:30.515Z,sell,2.938e-05,145.0,0.0042601
NXS/BTC,1595347230515,2020-07-21T16:00:30.515Z,sell,2.935e-05,1557.0,0.04569795
NXS/BTC,1595347230515,2020-07-21T16:00:30.515Z,sell,2.92e-05,1851.0,0.0540492
NXS/BTC,1595347230768,2020-07-21T16:00:30.768Z,buy,2.931e-05,3000.0,0.08793
NXS/BTC,1595347230768,2020-07-21T16:00:30.768Z,buy,2.963e-05,1557.0,0.04613391
NXS/BTC,1595347230768,2020-07-21T16:00:30.768Z,buy,2.966e-05,145.0,0.0043007
NXS/BTC,1595347230768,2020-07-21T16:00:30.768Z,buy,2.972e-05,978.0,0.02906616
NXS/BTC,1595347230768,2020-07-21T16:00:30.768Z,buy,2.973e-05,118.0,0.00350814
NXS/BTC,1595347230950,2020-07-21T16:00:30.950Z,buy,3e-05,200.0,0.006
NXS/BTC,1595347230955,2020-07-21T16:00:30.955Z,buy,3e-05,342.0,0.01026
NXS/BTC,1595347231101,2020-07-21T16:00:31.101Z,sell,2.975e-05,116.0,0.003451
NXS/BTC,1595347231146,2020-07-21T16:00:31.146Z,sell,2.975e-05,8.0,0.000238
NXS/BTC,1595347231164,2020-07-21T16:00:31.164Z,buy,2.989e-05,6.0,0.00017934
NXS/BTC,1595347231193,2020-07-21T16:00:31.193Z,sell,2.998e-05,23.0,0.00068954
NXS/BTC,1595347231346,2020-07-21T16:00:31.346Z,sell,2.998e-05,1851.0,0.05549298
NXS/BTC,1595347231398,2020-07-21T16:00:31.398Z,buy,3e-05,32.0,0.00096
NXS/BTC,1595347231478,2020-07-21T16:00:31.478Z,sell,2.998e-05,145.0,0.0043471
NXS/BTC,1595347231524,2020-07-21T16:00:31.524Z,sell,2.998e-05,98.0,0.00293804
NXS/BTC,1595347231524,2020-07-21T16:00:31.524Z,sell,2.975e-05,719.0,0.02139025
NXS/BTC,1595347231524,2020-07-21T16:00:31.524Z,sell,2.952e-05,53.0,0.00156456
NXS/BTC,1595347231524,2020-07-21T16:00:31.524Z,sell,2.951e-05,3336.0,0.09844536
NXS/BTC,1595347231524,2020-07-21T16:00:31.524Z,sell,2.944e-05,679.0,0.01998976
NXS/BTC,1595347231524,2020-07-21T16:00:31.524Z,sell,2.943e-05,115.0,0.00338445
NXS/BTC,1595347231715,2020-07-21T16:00:31.715Z,sell,2.945e-05,1860.0,0.054777
NXS/BTC,1595347231715,2020-07-21T16:00:31.715Z,sell,2.944e-05,1050.0,0.030912
NXS/BTC,1595347231715,2020-07-21T16:00:31.715Z,sell,2.943e-05,2063.0,0.06071409
NXS/BTC,1595347231715,2020-07-21T16:00:31.715Z,sell,2.936e-05,612.0,0.01796832
NXS/BTC,1595347231715,2020-07-21T16:00:31.715Z,sell,2.922e-05,146.0,0.00426612
NXS/BTC,1595347231715,2020-07-21T16:00:31.715Z,sell,2.92e-05,2161.0,0.0631012
NXS/BTC,1595347231715,2020-07-21T16:00:31.715Z,sell,2.915e-05,801.0,0.02334915
NXS/BTC,1595347231715,2020-07-21T16:00:31.715Z,sell,2.913e-05,757.0,0.02205141
NXS/BTC,1595347231715,2020-07-21T16:00:31.715Z,sell,2.898e-05,1136.0,0.03292128
NXS/BTC,1595347231715,2020-07-21T16:00:31.715Z,sell,2.891e-05,1035.0,0.02992185
NXS/BTC,1595347231715,2020-07-21T16:00:31.715Z,sell,2.889e-05,240.0,0.0069336
NXS/BTC,1595347231735,2020-07-21T16:00:31.735Z,sell,2.994e-05,120.0,0.0035928
NXS/BTC,1595347231739,2020-07-21T16:00:31.739Z,sell,2.994e-05,1572.0,0.04706568
NXS/BTC,1595347231739,2020-07-21T16:00:31.739Z,sell,2.889e-05,47.0,0.00135783
NXS/BTC,1595347231739,2020-07-21T16:00:31.739Z,sell,2.878e-05,2081.0,0.0598911799999999
NXS/BTC,1595347231739,2020-07-21T16:00:31.739Z,sell,2.875e-05,311.0,0.00894125
NXS/BTC,1595347231792,2020-07-21T16:00:31.792Z,buy,2.999e-05,1685.0,0.05053315
NXS/BTC,1595347231982,2020-07-21T16:00:31.982Z,sell,2.89e-05,60.0,0.001734
NXS/BTC,1595347232078,2020-07-21T16:00:32.078Z,sell,2.891e-05,931.0,0.02691521
NXS/BTC,1595347232078,2020-07-21T16:00:32.078Z,sell,2.89e-05,5706.0,0.1649034
NXS/BTC,1595347232078,2020-07-21T16:00:32.078Z,sell,2.889e-05,939.0,0.02712771
NXS/BTC,1595347232078,2020-07-21T16:00:32.078Z,sell,2.879e-05,9361.0,0.26950319
NXS/BTC,1595347232078,2020-07-21T16:00:32.078Z,sell,2.876e-05,121.0,0.00347996
NXS/BTC,1595347232078,2020-07-21T16:00:32.078Z,sell,2.875e-05,4325.0,0.12434375
NXS/BTC,1595347232078,2020-07-21T16:00:32.078Z,sell,2.871e-05,173.0,0.00496683
NXS/BTC,1595347232078,2020-07-21T16:00:32.078Z,sell,2.87e-05,6956.0,0.1996372
NXS/BTC,1595347232078,2020-07-21T16:00:32.078Z,sell,2.867e-05,834.0,0.02391078
NXS/BTC,1595347232078,2020-07-21T16:00:32.078Z,sell,2.862e-05,1612.0,0.04613544
NXS/BTC,1595347232082,2020-07-21T16:00:32.082Z,buy,2.94e-05,60.0,0.001764
NXS/BTC,1595347232082,2020-07-21T16:00:32.082Z,buy,2.941e-05,757.0,0.02226337
NXS/BTC,1595347232082,2020-07-21T16:00:32.082Z,buy,2.943e-05,801.0,0.02357343
NXS/BTC,1595347232082,2020-07-21T16:00:32.082Z,buy,2.966e-05,106.0,0.00314396
NXS/BTC,1595347232242,2020-07-21T16:00:32.242Z,buy,2.885e-05,121.0,0.00349085
NXS/BTC,1595347232266,2020-07-21T16:00:32.266Z,sell,2.889e-05,121.0,0.00349569
NXS/BTC,1595347232266,2020-07-21T16:00:32.266Z,sell,2.888e-05,26.0,0.00075088
NXS/BTC,1595347232287,2020-07-21T16:00:32.287Z,sell,2.907e-05,121.0,0.00351747
NXS/BTC,1595347232288,2020-07-21T16:00:32.288Z,sell,2.907e-05,11368.0,0.33046776
NXS/BTC,1595347232288,2020-07-21T16:00:32.288Z,sell,2.888e-05,233.0,0.00672904
NXS/BTC,1595347232288,2020-07-21T16:00:32.288Z,sell,2.863e-05,2149.0,0.0615258699999999
NXS/BTC,1595347232288,2020-07-21T16:00:32.288Z,sell,2.862e-05,2276.0,0.06513912
NXS/BTC,1595347232530,2020-07-21T16:00:32.530Z,buy,2.884e-05,1929.0,0.05563236
NXS/BTC,1595347232530,2020-07-21T16:00:32.530Z,buy,2.905e-05,1076.0,0.0312578
NXS/BTC,1595347232530,2020-07-21T16:00:32.530Z,buy,2.907e-05,2019.0,0.05869233
NXS/BTC,1595347232652,2020-07-21T16:00:32.652Z,buy,2.907e-05,1518.0,0.04412826
NXS/BTC,1595347232714,2020-07-21T16:00:32.714Z,buy,2.907e-05,2284.0,0.06639588
NXS/BTC,1595347232754,2020-07-21T16:00:32.754Z,buy,2.907e-05,3233.0,0.09398331
NXS/BTC,1595347232754,2020-07-21T16:00:32.754Z,buy,2.925e-05,380.0,0.011115
NXS/BTC,1595347232754,2020-07-21T16:00:32.754Z,buy,2.937e-05,9361.0,0.27493257
NXS/BTC,1595347232754,2020-07-21T16:00:32.754Z,buy,2.94e-05,2748.0,0.0807912
NXS/BTC,1595347232754,2020-07-21T16:00:32.754Z,buy,2.966e-05,40.0,0.0011864
NXS/BTC,1595347232754,2020-07-21T16:00:32.754Z,buy,2.98e-05,2161.0,0.0643978
NXS/BTC,1595347232754,2020-07-21T16:00:32.754Z,buy,2.995e-05,173.0,0.0051813499999999
NXS/BTC,1595347232754,2020-07-21T16:00:32.754Z,buy,2.998e-05,53.0,0.00158894
NXS/BTC,1595347232754,2020-07-21T16:00:32.754Z,buy,2.999e-05,1105.0,0.03313895
NXS/BTC,1595347232754,2020-07-21T16:00:32.754Z,buy,3e-05,14225.0,0.42675
NXS/BTC,1595347232773,2020-07-21T16:00:32.773Z,buy,3e-05,26907.0,0.80721
NXS/BTC,1595347232780,2020-07-21T16:00:32.780Z,buy,3e-05,959.0,0.02877
NXS/BTC,1595347232965,2020-07-21T16:00:32.965Z,buy,3e-05,116.0,0.00348
NXS/BTC,1595347232980,2020-07-21T16:00:32.980Z,sell,2.954e-05,120.0,0.0035448
NXS/BTC,1595347232980,2020-07-21T16:00:32.980Z,sell,2.953e-05,676.0,0.01996228
NXS/BTC,1595347232984,2020-07-21T16:00:32.984Z,buy,2.919e-05,1019.0,0.02974461
NXS/BTC,1595347232993,2020-07-21T16:00:32.993Z,sell,2.895e-05,58.0,0.0016791
NXS/BTC,1595347233233,2020-07-21T16:00:33.233Z,sell,2.902e-05,50.0,0.001451
NXS/BTC,1595347233234,2020-07-21T16:00:33.234Z,buy,2.919e-05,1217.0,0.03552423
NXS/BTC,1595347233234,2020-07-21T16:00:33.234Z,buy,2.963e-05,120.0,0.0035556
NXS/BTC,1595347233234,2020-07-21T16:00:33.234Z,buy,2.991e-05,69.0,0.00206379
NXS/BTC,1595347233234,2020-07-21T16:00:33.234Z,buy,3e-05,216.0,0.00648
NXS/BTC,1595347233234,2020-07-21T16:00:33.234Z,buy,3.002e-05,676.0,0.02029352
NXS/BTC,1595347233234,2020-07-21T16:00:33.234Z,buy,3.003e-05,4965.0,0.1490989499999999
NXS/BTC,1595347233246,2020-07-21T16:00:33.246Z,buy,2.918e-05,1805.0,0.0526699
NXS/BTC,1595347233318,2020-07-21T16:00:33.318Z,buy,2.918e-05,872.0,0.02544496
NXS/BTC,1595347233616,2020-07-21T16:00:33.616Z,buy,2.918e-05,756.0,0.02206008
NXS/BTC,1595347233645,2020-07-21T16:00:33.645Z,buy,2.918e-05,555.0,0.0161948999999999
NXS/BTC,1595347233658,2020-07-21T16:00:33.658Z,buy,2.918e-05,73.0,0.00213014
NXS/BTC,1595347233753,2020-07-21T16:00:33.753Z,sell,2.908e-05,301.0,0.00875308
NXS/BTC,1595347233824,2020-07-21T16:00:33.824Z,buy,2.918e-05,192.0,0.0056025599999999
NXS/BTC,1595347233941,2020-07-21T16:00:33.941Z,buy,2.918e-05,74.0,0.0021593199999999
NXS/BTC,1595347233981,2020-07-21T16:00:33.981Z,sell,2.908e-05,144.0,0.00418752
NXS/BTC,1595347234109,2020-07-21T16:00:34.109Z,buy,2.918e-05,483.0,0.01409394
NXS/BTC,1595347234298,2020-07-21T16:00:34.298Z,buy,2.973e-05,9.0,0.00026757
NXS/BTC,1595347234413,2020-07-21T16:00:34.413Z,sell,2.963e-05,2891.0,0.0856603299999999
NXS/BTC,1595347234413,2020-07-21T16:00:34.413Z,sell,2.919e-05,1273.0,0.03715887
NXS/BTC,1595347234413,2020-07-21T16:00:34.413Z,sell,2.915e-05,6823.0,0.19889045
NXS/BTC,1595347234413,2020-07-21T16:00:34.413Z,sell,2.908e-05,10699.0,0.31112692
NXS/BTC,1595347234466,2020-07-21T16:00:34.466Z,sell,2.909e-05,393.0,0.01143237
NXS/BTC,1595347234488,2020-07-21T16:00:34.488Z,buy,2.918e-05,120.0,0.0035015999999999
NXS/BTC,1595347234488,2020-07-21T16:00:34.488Z,buy,2.972e-05,291.0,0.00864852
NXS/BTC,1595347234488,2020-07-21T16:00:34.488Z,buy,2.973e-05,319.0,0.00948387
NXS/BTC,1595347234488,2020-07-21T16:00:34.488Z,buy,2.994e-05,1035.0,0.0309879
NXS/BTC,1595347234488,2020-07-21T16:00:34.488Z,buy,3e-05,60.0,0.0018
NXS/BTC,1595347234488,2020-07-21T16:00:34.488Z,buy,3.003e-05,8761.0,0.26309283
NXS/BTC,1595347234617,2020-07-21T16:00:34.617Z,buy,2.967e-05,82.0,0.0024329399999999
NXS/BTC,1595347234670,2020-07-21T16:00:34.670Z,sell,2.91e-05,120.0,0.003492
NXS/BTC,1595347234670,2020-07-21T16:00:34.670Z,sell,2.909e-05,1135.0,0.03301715
NXS/BTC,1595347234670,2020-07-21T16:00:34.670Z,sell,2.908e-05,2556.0,0.07432848
NXS/BTC,1595347234732,2020-07-21T16:00:34.732Z,buy,2.919e-05,120.0,0.0035028
NXS/BTC,1595347234732,2020-07-21T16:00:34.732Z,buy,2.966e-05,1135.0,0.0336641
NXS/BTC,1595347234732,2020-07-21T16:00:34.732Z,buy,2.967e-05,1999.0,0.0593103299999999
NXS/BTC,1595347234732,2020-07-21T16:00:34.732Z,buy,2.972e-05,4.0,0.00011888
NXS/BTC,1595347234856,2020-07-21T16:00:34.856Z,buy,3.003e-05,6875.0,0.2064562499999999
NXS/BTC,1595347234892,2020-07-21T16:00:34.892Z,sell,3e-05,58.0,0.00174
NXS/BTC,1595347234933,2020-07-21T16:00:34.933Z,buy,3.003e-05,442.0,0.01327326
NXS/BTC,1595347235051,2020-07-21T16:00:35.051Z,sell,3e-05,612.0,0.01836
NXS/BTC,1595347235138,2020-07-21T16:00:35.138Z,sell,3e-05,126.0,0.00378
NXS/BTC,1595347235138,2020-07-21T16:00:35.138Z,sell,2.989e-05,484.0,0.01446676
NXS/BTC,1595347235160,2020-07-21T16:00:35.160Z,buy,3.003e-05,603.0,0.01810809
NXS/BTC,1595347235193,2020-07-21T16:00:35.193Z,sell,2.989e-05,46.0,0.00137494
NXS/BTC,1595347235268,2020-07-21T16:00:35.268Z,sell,2.989e-05,100.0,0.002989
NXS/BTC,1595347235287,2020-07-21T16:00:35.287Z,buy,3.003e-05,6887.0,0.2068166099999999
NXS/BTC,1595347235347,2020-07-21T16:00:35.347Z,buy,3.003e-05,207.0,0.00621621
NXS/BTC,1595347235375,2020-07-21T16:00:35.375Z,buy,3.003e-05,6000.0,0.1801799999999999
NXS/BTC,1595347235500,2020-07-21T16:00:35.500Z,sell,2.989e-05,856.0,0.02558584
NXS/BTC,1595347235580,2020-07-21T16:00:35.580Z,sell,2.989e-05,5821.0,0.17398969
NXS/BTC,1595347235607,2020-07-21T16:00:35.607Z,buy,3.003e-05,3281.0,0.09852843
NXS/BTC,1595347235697,2020-07-21T16:00:35.697Z,sell,2.998e-05,3329.0,0.09980342
NXS/BTC,1595347235697,2020-07-21T16:00:35.697Z,sell,2.989e-05,5937.0,0.17745693
NXS/BTC,1595347235763,2020-07-21T16:00:35.763Z,sell,2.989e-05,146.0,0.00436394
NXS/BTC,1595347236056,2020-07-21T16:00:36.056Z,buy,3.003e-05,7699.0,0.2312009699999999
NXS/BTC,1595347236137,2020-07-21T16:00:36.137Z,sell,2.989e-05,15.0,0.00044835
NXS/BTC,1595347236196,2020-07-21T16:00:36.196Z,buy,3.003e-05,5668.0,0.17021004
NXS/BTC,1595347236234,2020-07-21T16:00:36.234Z,buy,3.003e-05,31.0,0.00093093
NXS/BTC,1595347236251,2020-07-21T16:00:36.251Z,buy,3.003e-05,20962.0,0.6294888599999999
NXS/BTC,1595347236251,2020-07-21T16:00:36.251Z,buy,3.007e-05,204.0,0.00613428
NXS/BTC,1595347236251,2020-07-21T16:00:36.251Z,buy,3.008e-05,8.0,0.00024064
NXS/BTC,1595347236251,2020-07-21T16:00:36.251Z,buy,3.01e-05,484.0,0.0145684
NXS/BTC,1595347236251,2020-07-21T16:00:36.251Z,buy,3.011e-05,768.0,0.02312448
NXS/BTC,1595347236360,2020-07-21T16:00:36.360Z,sell,2.99e-05,117.0,0.0034982999999999
NXS/BTC,1595347236360,2020-07-21T16:00:36.360Z,sell,2.989e-05,1019.0,0.03045791
NXS/BTC,1595347236494,2020-07-21T16:00:36.494Z,buy,2.999e-05,117.0,0.00350883
NXS/BTC,1595347236494,2020-07-21T16:00:36.494Z,buy,3.011e-05,1468.0,0.04420148
NXS/BTC,1595347236494,2020-07-21T16:00:36.494Z,buy,3.013e-05,216.0,0.00650808
NXS/BTC,1595347236494,2020-07-21T16:00:36.494Z,buy,3.015e-05,199.0,0.00599985
NXS/BTC,1595347236538,2020-07-21T16:00:36.538Z,buy,3.015e-05,320.0,0.009648
NXS/BTC,1595347237057,2020-07-21T16:00:37.057Z,sell,2.99e-05,117.0,0.0034982999999999
NXS/BTC,1595347237057,2020-07-21T16:00:37.057Z,sell,2.989e-05,576.0,0.01721664
NXS/BTC,1595347237163,2020-07-21T16:00:37.163Z,buy,2.999e-05,117.0,0.00350883
NXS/BTC,1595347237163,2020-07-21T16:00:37.163Z,buy,3.002e-05,34.0,0.00102068
NXS/BTC,1595347237376,2020-07-21T16:00:37.376Z,sell,2.989e-05,19.0,0.00056791
NXS/BTC,1595347237378,2020-07-21T16:00:37.378Z,buy,3.002e-05,6000.0,0.18012
NXS/BTC,1595347237385,2020-07-21T16:00:37.385Z,buy,3.002e-05,160.0,0.0048032
NXS/BTC,1595347237440,2020-07-21T16:00:37.440Z,buy,3.002e-05,400.0,0.012008
NXS/BTC,1595347237584,2020-07-21T16:00:37.584Z,buy,2.996e-05,334.0,0.01000664
NXS/BTC,1595347237584,2020-07-21T16:00:37.584Z,buy,3.002e-05,359.0,0.01077718
NXS/BTC,1595347237615,2020-07-21T16:00:37.615Z,sell,2.989e-05,19.0,0.00056791
NXS/BTC,1595347237616,2020-07-21T16:00:37.616Z,buy,3.002e-05,4265.0,0.1280353
NXS/BTC,1595347237685,2020-07-21T16:00:37.685Z,buy,3.002e-05,263.0,0.00789526
NXS/BTC,1595347237685,2020-07-21T16:00:37.685Z,buy,3.015e-05,1245.0,0.03753675
NXS/BTC,1595347237685,2020-07-21T16:00:37.685Z,buy,3.018e-05,354.0,0.0106837199999999
NXS/BTC,1595347237685,2020-07-21T16:00:37.685Z,buy,3.022e-05,1384.0,0.04182448
NXS/BTC,1595347237685,2020-07-21T16:00:37.685Z,sell,2.989e-05,557.0,0.01664873
NXS/BTC,1595347237694,2020-07-21T16:00:37.694Z,buy,2.976e-05,1697.0,0.05050272
NXS/BTC,1595347237707,2020-07-21T16:00:37.707Z,sell,2.968e-05,116.0,0.00344288
NXS/BTC,1595347237708,2020-07-21T16:00:37.708Z,buy,2.976e-05,115.0,0.0034224
NXS/BTC,1595347237899,2020-07-21T16:00:37.899Z,buy,2.976e-05,382.0,0.01136832
NXS/BTC,1595347238010,2020-07-21T16:00:38.010Z,sell,2.968e-05,1031.0,0.03060008
NXS/BTC,1595347238010,2020-07-21T16:00:38.010Z,sell,2.967e-05,54.0,0.00160218
NXS/BTC,1595347238010,2020-07-21T16:00:38.010Z,sell,2.966e-05,45.0,0.0013347
NXS/BTC,1595347238010,2020-07-21T16:00:38.010Z,sell,2.963e-05,470.0,0.0139261
NXS/BTC,1595347238010,2020-07-21T16:00:38.010Z,sell,2.96e-05,4012.0,0.1187552
NXS/BTC,1595347238010,2020-07-21T16:00:38.010Z,sell,2.954e-05,3379.0,0.09981566
NXS/BTC,1595347238010,2020-07-21T16:00:38.010Z,sell,2.947e-05,792.0,0.02334024
NXS/BTC,1595347238010,2020-07-21T16:00:38.010Z,sell,2.943e-05,403.0,0.01186029
NXS/BTC,1595347238010,2020-07-21T16:00:38.010Z,sell,2.938e-05,145.0,0.0042601
NXS/BTC,1595347238010,2020-07-21T16:00:38.010Z,sell,2.937e-05,145.0,0.00425865
NXS/BTC,1595347238010,2020-07-21T16:00:38.010Z,sell,2.934e-05,37.0,0.00108558
NXS/BTC,1595347238169,2020-07-21T16:00:38.169Z,buy,2.975e-05,695.0,0.02067625
NXS/BTC,1595347238203,2020-07-21T16:00:38.203Z,buy,2.975e-05,97.0,0.00288575
NXS/BTC,1595347238203,2020-07-21T16:00:38.203Z,buy,2.976e-05,119.0,0.00354144
NXS/BTC,1595347238223,2020-07-21T16:00:38.223Z,buy,2.976e-05,4086.0,0.12159936
NXS/BTC,1595347238223,2020-07-21T16:00:38.223Z,buy,2.981e-05,145.0,0.00432245
NXS/BTC,1595347238223,2020-07-21T16:00:38.223Z,buy,2.982e-05,145.0,0.0043238999999999
NXS/BTC,1595347238223,2020-07-21T16:00:38.223Z,buy,2.993e-05,54.0,0.00161622
NXS/BTC,1595347238223,2020-07-21T16:00:38.223Z,buy,2.994e-05,1031.0,0.03086814
NXS/BTC,1595347238223,2020-07-21T16:00:38.223Z,buy,2.999e-05,115.0,0.00344885
NXS/BTC,1595347238223,2020-07-21T16:00:38.223Z,buy,3.001e-05,116.0,0.00348116
NXS/BTC,1595347238223,2020-07-21T16:00:38.223Z,buy,3.003e-05,2759.0,0.0828527699999999
NXS/BTC,1595347238262,2020-07-21T16:00:38.262Z,buy,3.022e-05,141.0,0.00426102
NXS/BTC,1595347238262,2020-07-21T16:00:38.262Z,buy,3.023e-05,98.0,0.00296254
NXS/BTC,1595347238262,2020-07-21T16:00:38.262Z,buy,3.024e-05,38.0,0.00114912
NXS/BTC,1595347238343,2020-07-21T16:00:38.343Z,sell,3.011e-05,40.0,0.0012044
NXS/BTC,1595347238343,2020-07-21T16:00:38.343Z,buy,3.024e-05,174.0,0.00526176
NXS/BTC,1595347238343,2020-07-21T16:00:38.343Z,buy,3.025e-05,90.0,0.0027225
NXS/BTC,1595347238343,2020-07-21T16:00:38.343Z,buy,3.028e-05,68.0,0.00205904
NXS/BTC,1595347238343,2020-07-21T16:00:38.343Z,buy,3.029e-05,4466.0,0.13527514
NXS/BTC,1595347238740,2020-07-21T16:00:38.740Z,buy,3.029e-05,49.0,0.00148421
NXS/BTC,1595347239194,2020-07-21T16:00:39.194Z,sell,3.011e-05,137.0,0.00412507
NXS/BTC,1595347239199,2020-07-21T16:00:39.199Z,sell,3.011e-05,1706.0,0.05136766
NXS/BTC,1595347239454,2020-07-21T16:00:39.454Z,buy,3.01e-05,37.0,0.0011137
NXS/BTC,1595347239549,2020-07-21T16:00:39.549Z,buy,3.01e-05,47.0,0.0014147
NXS/BTC,1595347239797,2020-07-21T16:00:39.797Z,sell,3.007e-05,314.0,0.0094419799999999
NXS/BTC,1595347239813,2020-07-21T16:00:39.813Z,sell,2.999e-05,80.0,0.0023991999999999
NXS/BTC,1595347240071,2020-07-21T16:00:40.071Z,buy,3.007e-05,287.0,0.00863009
NXS/BTC,1595347240071,2020-07-21T16:00:40.071Z,buy,3.01e-05,882.0,0.0265482
NXS/BTC,1595347240244,2020-07-21T16:00:40.244Z,sell,3.005e-05,4.0,0.0001202
NXS/BTC,1595347240317,2020-07-21T16:00:40.317Z,sell,3.005e-05,193.0,0.00579965
NXS/BTC,1595347240416,2020-07-21T16:00:40.416Z,sell,3.006e-05,4.0,0.00012024
NXS/BTC,1595347240463,2020-07-21T16:00:40.463Z,buy,3.01e-05,1340.0,0.040334
NXS/BTC,1595347240463,2020-07-21T16:00:40.463Z,buy,3.011e-05,122.0,0.00367342
NXS/BTC,1595347240463,2020-07-21T16:00:40.463Z,buy,3.014e-05,13700.0,0.412918
NXS/BTC,1595347240463,2020-07-21T16:00:40.463Z,buy,3.029e-05,13816.0,0.41848664
NXS/BTC,1595347240548,2020-07-21T16:00:40.548Z,buy,3.029e-05,183.0,0.00554307
NXS/BTC,1595347240675,2020-07-21T16:00:40.675Z,buy,3.029e-05,386.0,0.01169194
NXS/BTC,1595347240728,2020-07-21T16:00:40.728Z,sell,3.018e-05,4.0,0.00012072
NXS/BTC,1595347240821,2020-07-21T16:00:40.821Z,sell,3.018e-05,326.0,0.0098386799999999
NXS/BTC,1595347240821,2020-07-21T16:00:40.821Z,sell,3.007e-05,114.0,0.0034279799999999
NXS/BTC,1595347240821,2020-07-21T16:00:40.821Z,sell,3.006e-05,5218.0,0.15685308
NXS/BTC,1595347240821,2020-07-21T16:00:40.821Z,sell,3.005e-05,2065.0,0.06205325
NXS/BTC,1595347240821,2020-07-21T16:00:40.821Z,sell,2.999e-05,1538.0,0.04612462
NXS/BTC,1595347240821,2020-07-21T16:00:40.821Z,sell,2.998e-05,2473.0,0.07414054
NXS/BTC,1595347240821,2020-07-21T16:00:40.821Z,sell,2.989e-05,4206.0,0.12571734
NXS/BTC,1595347240881,2020-07-21T16:00:40.881Z,buy,2.989e-05,24678.0,0.73762542
NXS/BTC,1595347240881,2020-07-21T16:00:40.881Z,buy,2.999e-05,3773.0,0.11315227
NXS/BTC,1595347240881,2020-07-21T16:00:40.881Z,buy,3.017e-05,114.0,0.00343938
NXS/BTC,1595347240881,2020-07-21T16:00:40.881Z,buy,3.029e-05,6966.0,0.21100014
NXS/BTC,1595347241314,2020-07-21T16:00:41.314Z,buy,3.029e-05,1251.0,0.03789279
NXS/BTC,1595347241658,2020-07-21T16:00:41.658Z,buy,3.029e-05,569.0,0.01723501
NXS/BTC,1595347241804,2020-07-21T16:00:41.804Z,sell,3.01e-05,142.0,0.0042742
NXS/BTC,1595347241849,2020-07-21T16:00:41.849Z,sell,3.01e-05,352.0,0.0105951999999999
NXS/BTC,1595347241942,2020-07-21T16:00:41.942Z,buy,3.029e-05,10032.0,0.30386928
NXS/BTC,1595347241987,2020-07-21T16:00:41.987Z,sell,3.01e-05,8.0,0.0002408
NXS/BTC,1595347242063,2020-07-21T16:00:42.063Z,buy,3.029e-05,109.0,0.00330161
NXS/BTC,1595347242158,2020-07-21T16:00:42.158Z,sell,3.01e-05,165.0,0.0049664999999999
NXS/BTC,1595347242221,2020-07-21T16:00:42.221Z,sell,3.011e-05,37.0,0.00111407
NXS/BTC,1595347242317,2020-07-21T16:00:42.317Z,sell,3.011e-05,16.0,0.00048176
NXS/BTC,1595347242317,2020-07-21T16:00:42.317Z,sell,3.01e-05,7486.0,0.2253286
NXS/BTC,1595347242317,2020-07-21T16:00:42.317Z,sell,2.989e-05,1408.0,0.04208512
NXS/BTC,1595347242317,2020-07-21T16:00:42.317Z,sell,2.975e-05,1245.0,0.03703875
NXS/BTC,1595347242317,2020-07-21T16:00:42.317Z,buy,3.029e-05,2336.0,0.07075744
NXS/BTC,1595347242520,2020-07-21T16:00:42.520Z,buy,3.028e-05,1116.0,0.03379248
NXS/BTC,1595347242520,2020-07-21T16:00:42.520Z,buy,3.029e-05,5238.0,0.15865902
NXS/BTC,1595347242606,2020-07-21T16:00:42.606Z,buy,3.029e-05,1621.0,0.04910009
NXS/BTC,1595347242778,2020-07-21T16:00:42.778Z,sell,2.977e-05,240.0,0.0071448
NXS/BTC,1595347242823,2020-07-21T16:00:42.823Z,buy,3.028e-05,240.0,0.0072672
NXS/BTC,1595347242823,2020-07-21T16:00:42.823Z,buy,3.029e-05,3700.0,0.1120729999999999
NXS/BTC,1595347242837,2020-07-21T16:00:42.837Z,buy,3.029e-05,421.0,0.01275209
NXS/BTC,1595347242842,2020-07-21T16:00:42.842Z,buy,3.029e-05,14.0,0.00042406
NXS/BTC,1595347242912,2020-07-21T16:00:42.912Z,buy,3.029e-05,14.0,0.00042406
NXS/BTC,1595347243067,2020-07-21T16:00:43.067Z,buy,3.029e-05,3281.0,0.09938149
NXS/BTC,1595347243252,2020-07-21T16:00:43.252Z,sell,2.977e-05,137.0,0.00407849
NXS/BTC,1595347243260,2020-07-21T16:00:43.260Z,buy,3.028e-05,36.0,0.00109008
NXS/BTC,1595347243426,2020-07-21T16:00:43.426Z,sell,2.977e-05,1339.0,0.03986203
NXS/BTC,1595347243526,2020-07-21T16:00:43.526Z,buy,3.027e-05,1476.0,0.04467852
NXS/BTC,1595347243526,2020-07-21T16:00:43.526Z,buy,3.028e-05,17.0,0.00051476
NXS/BTC,1595347243526,2020-07-21T16:00:43.526Z,buy,3.029e-05,2609.0,0.07902661
NXS/BTC,1595347243584,2020-07-21T16:00:43.584Z,buy,3.029e-05,287.0,0.00869323
NXS/BTC,1595347243754,2020-07-21T16:00:43.754Z,buy,3.029e-05,13.0,0.00039377
NXS/BTC,1595347243930,2020-07-21T16:00:43.930Z,buy,3.029e-05,225.0,0.00681525
NXS/BTC,1595347244016,2020-07-21T16:00:44.016Z,buy,3.029e-05,5714.0,0.17307706
NXS/BTC,1595347244085,2020-07-21T16:00:44.085Z,sell,3.005e-05,2264.0,0.0680332
NXS/BTC,1595347244085,2020-07-21T16:00:44.085Z,sell,3.004e-05,116.0,0.00348464
NXS/BTC,1595347244085,2020-07-21T16:00:44.085Z,sell,3.003e-05,4155.0,0.12477465
NXS/BTC,1595347244158,2020-07-21T16:00:44.158Z,buy,3.014e-05,83.0,0.00250162
NXS/BTC,1595347244163,2020-07-21T16:00:44.163Z,buy,3.014e-05,33.0,0.0009946199999999
NXS/BTC,1595347244163,2020-07-21T16:00:44.163Z,buy,3.028e-05,1030.0,0.0311884
NXS/BTC,1595347244164,2020-07-21T16:00:44.164Z,sell,3.004e-05,65.0,0.0019526
NXS/BTC,1595347244404,2020-07-21T16:00:44.404Z,sell,3.006e-05,77.0,0.00231462
NXS/BTC,1595347244422,2020-07-21T16:00:44.422Z,buy,3.011e-05,1000.0,0.03011
NXS/BTC,1595347244422,2020-07-21T16:00:44.422Z,buy,3.028e-05,102.0,0.00308856
NXS/BTC,1595347244422,2020-07-21T16:00:44.422Z,buy,3.029e-05,1686.0,0.05106894
NXS/BTC,1595347244422,2020-07-21T16:00:44.422Z,buy,3.03e-05,573.0,0.0173619
NXS/BTC,1595347244441,2020-07-21T16:00:44.441Z,buy,3.03e-05,107.0,0.0032421
NXS/BTC,1595347244452,2020-07-21T16:00:44.452Z,sell,3.029e-05,11.0,0.0003331899999999
NXS/BTC,1595347244528,2020-07-21T16:00:44.528Z,buy,3.016e-05,66.0,0.00199056
NXS/BTC,1595347244578,2020-07-21T16:00:44.578Z,buy,3.03e-05,4012.0,0.1215636
NXS/BTC,1595347244580,2020-07-21T16:00:44.580Z,buy,3.03e-05,496.0,0.0150288
NXS/BTC,1595347244768,2020-07-21T16:00:44.768Z,sell,3.02e-05,19.0,0.0005738
NXS/BTC,1595347244768,2020-07-21T16:00:44.768Z,buy,3.03e-05,126.0,0.0038178
NXS/BTC,1595347244858,2020-07-21T16:00:44.858Z,sell,3.034e-05,2227.0,0.06756718
NXS/BTC,1595347244928,2020-07-21T16:00:44.928Z,sell,3.034e-05,461.0,0.01398674
NXS/BTC,1595347245002,2020-07-21T16:00:45.002Z,sell,3.034e-05,432.0,0.01310688
NXS/BTC,1595347245275,2020-07-21T16:00:45.275Z,sell,3.034e-05,530.0,0.0160802
NXS/BTC,1595347245775,2020-07-21T16:00:45.775Z,sell,3.034e-05,139.0,0.00421726
NXS/BTC,1595347245965,2020-07-21T16:00:45.965Z,buy,3.035e-05,110.0,0.0033385
NXS/BTC,1595347245977,2020-07-21T16:00:45.977Z,sell,3.029e-05,1156.0,0.03501524
NXS/BTC,1595347245977,2020-07-21T16:00:45.977Z,sell,3.021e-05,258.0,0.00779418
NXS/BTC,1595347246149,2020-07-21T16:00:46.149Z,buy,3.035e-05,361.0,0.01095635
NXS/BTC,1595347246554,2020-07-21T16:00:46.554Z,sell,3.005e-05,112.0,0.0033656
NXS/BTC,1595347246554,2020-07-21T16:00:46.554Z,sell,3.004e-05,851.0,0.02556404
NXS/BTC,1595347246560,2020-07-21T16:00:46.560Z,buy,3.03e-05,42.0,0.0012726
NXS/BTC,1595347246560,2020-07-21T16:00:46.560Z,buy,3.035e-05,97.0,0.00294395
NXS/BTC,1595347246985,2020-07-21T16:00:46.985Z,sell,3.003e-05,421.0,0.01264263
NXS/BTC,1595347246985,2020-07-21T16:00:46.985Z,sell,3.002e-05,14579.0,0.43766158
NXS/BTC,1595347247289,2020-07-21T16:00:47.289Z,buy,3.015e-05,6.0,0.0001809
NXS/BTC,1595347247322,2020-07-21T16:00:47.322Z,buy,3.015e-05,99.0,0.00298485
NXS/BTC,1595347247481,2020-07-21T16:00:47.481Z,buy,3.015e-05,7.0,0.00021105
NXS/BTC,1595347247481,2020-07-21T16:00:47.481Z,buy,3.029e-05,851.0,0.02577679
NXS/BTC,1595347247481,2020-07-21T16:00:47.481Z,buy,3.035e-05,564.0,0.0171173999999999
NXS/BTC,1595347247481,2020-07-21T16:00:47.481Z,buy,3.036e-05,65.0,0.0019734
NXS/BTC,1595347247481,2020-07-21T16:00:47.481Z,buy,3.037e-05,258.0,0.0078354599999999
NXS/BTC,1595347247481,2020-07-21T16:00:47.481Z,buy,3.038e-05,8.0,0.00024304
NXS/BTC,1595347247481,2020-07-21T16:00:47.481Z,buy,3.048e-05,8.0,0.00024384
NXS/BTC,1595347247481,2020-07-21T16:00:47.481Z,buy,3.05e-05,3275.0,0.0998875
NXS/BTC,1595347247481,2020-07-21T16:00:47.481Z,buy,3.051e-05,33.0,0.00100683
NXS/BTC,1595347247481,2020-07-21T16:00:47.481Z,buy,3.058e-05,17.0,0.00051986
NXS/BTC,1595347247481,2020-07-21T16:00:47.481Z,buy,3.061e-05,2342.0,0.07168862
NXS/BTC,1595347247481,2020-07-21T16:00:47.481Z,buy,3.062e-05,3885.0,0.1189587
NXS/BTC,1595347247600,2020-07-21T16:00:47.600Z,buy,3.062e-05,502.0,0.01537124
NXS/BTC,1595347247600,2020-07-21T16:00:47.600Z,buy,3.064e-05,16.0,0.00049024
NXS/BTC,1595347247603,2020-07-21T16:00:47.603Z,buy,3.064e-05,12.0,0.00036768
NXS/BTC,1595347247603,2020-07-21T16:00:47.603Z,buy,3.068e-05,2.0,6.136e-05
NXS/BTC,1595347247627,2020-07-21T16:00:47.627Z,buy,3.068e-05,14.0,0.0004295199999999
NXS/BTC,1595347247647,2020-07-21T16:00:47.647Z,buy,3.068e-05,14.0,0.0004295199999999
NXS/BTC,1595347247657,2020-07-21T16:00:47.657Z,sell,3.004e-05,116.0,0.00348464
NXS/BTC,1595347247701,2020-07-21T16:00:47.701Z,sell,3.003e-05,637.0,0.0191291099999999
NXS/BTC,1595347247721,2020-07-21T16:00:47.721Z,buy,3.004e-05,17.0,0.00051068
NXS/BTC,1595347247790,2020-07-21T16:00:47.790Z,sell,3.003e-05,1669.0,0.0501200699999999
NXS/BTC,1595347247790,2020-07-21T16:00:47.790Z,sell,3.002e-05,8320.0,0.2497664
NXS/BTC,1595347247794,2020-07-21T16:00:47.794Z,buy,3.004e-05,4.0,0.00012016
NXS/BTC,1595347247794,2020-07-21T16:00:47.794Z,buy,3.014e-05,10.0,0.0003014
NXS/BTC,1595347247997,2020-07-21T16:00:47.997Z,buy,3.005e-05,467.0,0.01403335
NXS/BTC,1595347248060,2020-07-21T16:00:48.060Z,buy,3.005e-05,49.0,0.00147245
NXS/BTC,1595347248060,2020-07-21T16:00:48.060Z,buy,3.014e-05,106.0,0.00319484
NXS/BTC,1595347248060,2020-07-21T16:00:48.060Z,buy,3.046e-05,14.0,0.00042644
NXS/BTC,1595347248145,2020-07-21T16:00:48.145Z,sell,3.06e-05,21.0,0.0006426
NXS/BTC,1595347248166,2020-07-21T16:00:48.166Z,sell,3.06e-05,133.0,0.0040698
NXS/BTC,1595347248166,2020-07-21T16:00:48.166Z,sell,3.003e-05,1185.0,0.03558555
NXS/BTC,1595347248166,2020-07-21T16:00:48.166Z,sell,3.002e-05,2622.0,0.07871244
NXS/BTC,1595347248427,2020-07-21T16:00:48.427Z,buy,3.021e-05,150.0,0.0045315
NXS/BTC,1595347248454,2020-07-21T16:00:48.454Z,sell,3.005e-05,70.0,0.0021035
NXS/BTC,1595347248454,2020-07-21T16:00:48.454Z,sell,3.004e-05,1165.0,0.0349966
NXS/BTC,1595347248454,2020-07-21T16:00:48.454Z,sell,3.003e-05,1281.0,0.03846843
NXS/BTC,1595347248454,2020-07-21T16:00:48.454Z,sell,3.002e-05,1294.0,0.03884588
NXS/BTC,1595347248486,2020-07-21T16:00:48.486Z,buy,3.013e-05,116.0,0.00349508
NXS/BTC,1595347248486,2020-07-21T16:00:48.486Z,buy,3.021e-05,1413.0,0.04268673
NXS/BTC,1595347248558,2020-07-21T16:00:48.558Z,sell,3.029e-05,9.0,0.00027261
NXS/BTC,1595347248566,2020-07-21T16:00:48.566Z,buy,3.034e-05,2429.0,0.07369586
NXS/BTC,1595347248619,2020-07-21T16:00:48.619Z,buy,3.034e-05,1203.0,0.03649902
NXS/BTC,1595347248649,2020-07-21T16:00:48.649Z,buy,3.034e-05,1500.0,0.04551
NXS/BTC,1595347249103,2020-07-21T16:00:49.103Z,buy,3.034e-05,484.0,0.01468456
NXS/BTC,1595347249277,2020-07-21T16:00:49.277Z,sell,3.029e-05,859.0,0.0260191099999999
NXS/BTC,1595347249277,2020-07-21T16:00:49.277Z,sell,3.002e-05,2268.0,0.06808536
NXS/BTC,1595347249277,2020-07-21T16:00:49.277Z,sell,3.001e-05,2856.0,0.08570856
NXS/BTC,1595347249277,2020-07-21T16:00:49.277Z,sell,3e-05,4.0,0.00012
NXS/BTC,1595347249277,2020-07-21T16:00:49.277Z,sell,2.994e-05,6346.0,0.18999924
NXS/BTC,1595347249277,2020-07-21T16:00:49.277Z,sell,2.989e-05,1683.0,0.05030487
NXS/BTC,1595347249277,2020-07-21T16:00:49.277Z,sell,2.975e-05,1303.0,0.03876425
NXS/BTC,1595347249277,2020-07-21T16:00:49.277Z,sell,2.971e-05,144.0,0.00427824
NXS/BTC,1595347249277,2020-07-21T16:00:49.277Z,sell,2.961e-05,3343.0,0.09898623
NXS/BTC,1595347249277,2020-07-21T16:00:49.277Z,sell,2.959e-05,16.0,0.00047344
NXS/BTC,1595347249277,2020-07-21T16:00:49.277Z,sell,2.955e-05,368.0,0.0108744
NXS/BTC,1595347249277,2020-07-21T16:00:49.277Z,sell,2.953e-05,11769.0,0.34753857
NXS/BTC,1595347249299,2020-07-21T16:00:49.299Z,buy,3.034e-05,111.0,0.00336774
NXS/BTC,1595347249382,2020-07-21T16:00:49.382Z,buy,3.034e-05,1608.0,0.04878672
NXS/BTC,1595347249455,2020-07-21T16:00:49.455Z,sell,3.029e-05,815.0,0.02468635
NXS/BTC,1595347249553,2020-07-21T16:00:49.553Z,sell,3.029e-05,2961.0,0.08968869
NXS/BTC,1595347249558,2020-07-21T16:00:49.558Z,sell,3.029e-05,3343.0,0.10125947
NXS/BTC,1595347249606,2020-07-21T16:00:49.606Z,sell,3.029e-05,368.0,0.01114672
NXS/BTC,1595347249874,2020-07-21T16:00:49.874Z,sell,3.029e-05,4012.0,0.12152348
NXS/BTC,1595347249899,2020-07-21T16:00:49.899Z,sell,3.029e-05,2448.0,0.07414992
NXS/BTC,1595347249935,2020-07-21T16:00:49.935Z,buy,3.034e-05,147.0,0.00445998
NXS/BTC,1595347250007,2020-07-21T16:00:50.007Z,buy,3.034e-05,1623.0,0.04924182
NXS/BTC,1595347250022,2020-07-21T16:00:50.022Z,buy,3.034e-05,377.0,0.01143818
NXS/BTC,1595347250140,2020-07-21T16:00:50.140Z,sell,3.031e-05,86.0,0.00260666
NXS/BTC,1595347250140,2020-07-21T16:00:50.140Z,sell,3.029e-05,6040.0,0.1829516
NXS/BTC,1595347250157,2020-07-21T16:00:50.157Z,sell,3.029e-05,149.0,0.00451321
NXS/BTC,1595347250255,2020-07-21T16:00:50.255Z,buy,3.034e-05,83.0,0.00251822
NXS/BTC,1595347250284,2020-07-21T16:00:50.284Z,sell,3.029e-05,3281.0,0.09938149
NXS/BTC,1595347250707,2020-07-21T16:00:50.707Z,buy,3.034e-05,321.0,0.00973914
NXS/BTC,1595347250768,2020-07-21T16:00:50.768Z,sell,3.029e-05,1997.0,0.06048913
NXS/BTC,1595347250856,2020-07-21T16:00:50.856Z,buy,3.034e-05,182.0,0.00552188
NXS/BTC,1595347251063,2020-07-21T16:00:51.063Z,buy,3.034e-05,1258.0,0.03816772
NXS/BTC,1595347251100,2020-07-21T16:00:51.100Z,buy,3.034e-05,9923.0,0.30106382
NXS/BTC,1595347251526,2020-07-21T16:00:51.526Z,buy,3.034e-05,292.0,0.00885928
NXS/BTC,1595347251534,2020-07-21T16:00:51.534Z,sell,3.029e-05,3707.0,0.11228503
NXS/BTC,1595347251656,2020-07-21T16:00:51.656Z,sell,3.029e-05,20.0,0.0006058
NXS/BTC,1595347251656,2020-07-21T16:00:51.656Z,sell,3.029e-05,20.0,0.0006058
NXS/BTC,1595347251757,2020-07-21T16:00:51.757Z,buy,3.034e-05,4.0,0.00012136
NXS/BTC,1595347251827,2020-07-21T16:00:51.827Z,sell,3.029e-05,137.0,0.00414973
NXS/BTC,1595347251847,2020-07-21T16:00:51.847Z,sell,3.029e-05,2858.0,0.08656882
NXS/BTC,1595347251940,2020-07-21T16:00:51.940Z,buy,3.034e-05,8827.0,0.26781118
NXS/BTC,1595347251953,2020-07-21T16:00:51.953Z,sell,3.03e-05,139.0,0.0042117
NXS/BTC,1595347252307,2020-07-21T16:00:52.307Z,buy,3.034e-05,14.0,0.00042476
NXS/BTC,1595347252413,2020-07-21T16:00:52.413Z,sell,3.03e-05,18.0,0.0005454
NXS/BTC,1595347252413,2020-07-21T16:00:52.413Z,sell,3.029e-05,280.0,0.0084812
NXS/BTC,1595347252483,2020-07-21T16:00:52.483Z,buy,3.034e-05,820.0,0.0248788
NXS/BTC,1595347252483,2020-07-21T16:00:52.483Z,buy,3.035e-05,62.0,0.0018817
NXS/BTC,1595347252483,2020-07-21T16:00:52.483Z,buy,3.043e-05,268.0,0.00815524
NXS/BTC,1595347253047,2020-07-21T16:00:53.047Z,sell,3.034e-05,3067.0,0.09305278
NXS/BTC,1595347253047,2020-07-21T16:00:53.047Z,sell,3.029e-05,12064.0,0.36541856
NXS/BTC,1595347253049,2020-07-21T16:00:53.049Z,buy,3.043e-05,300.0,0.009129
NXS/BTC,1595347253154,2020-07-21T16:00:53.154Z,buy,3.035e-05,413.0,0.01253455
NXS/BTC,1595347253163,2020-07-21T16:00:53.163Z,sell,3.034e-05,9.0,0.00027306
NXS/BTC,1595347253445,2020-07-21T16:00:53.445Z,buy,3.035e-05,36.0,0.0010926
NXS/BTC,1595347253698,2020-07-21T16:00:53.698Z,buy,3.035e-05,658.0,0.0199703
NXS/BTC,1595347253698,2020-07-21T16:00:53.698Z,buy,3.043e-05,4699.0,0.1429905699999999
NXS/BTC,1595347253698,2020-07-21T16:00:53.698Z,buy,3.047e-05,3246.0,0.09890562
NXS/BTC,1595347253698,2020-07-21T16:00:53.698Z,buy,3.056e-05,164.0,0.00501184
NXS/BTC,1595347253698,2020-07-21T16:00:53.698Z,buy,3.06e-05,9680.0,0.2962079999999999
NXS/BTC,1595347254098,2020-07-21T16:00:54.098Z,sell,3.036e-05,862.0,0.02617032
NXS/BTC,1595347254605,2020-07-21T16:00:54.605Z,buy,3.06e-05,671.0,0.0205325999999999
NXS/BTC,1595347254708,2020-07-21T16:00:54.708Z,buy,3.06e-05,1299.0,0.0397494
NXS/BTC,1595347254874,2020-07-21T16:00:54.874Z,sell,3.036e-05,100.0,0.003036
NXS/BTC,1595347254952,2020-07-21T16:00:54.952Z,buy,3.06e-05,1454.0,0.0444923999999999
NXS/BTC,1595347254952,2020-07-21T16:00:54.952Z,buy,3.062e-05,6099.0,0.18675138
NXS/BTC,1595347254952,2020-07-21T16:00:54.952Z,buy,3.063e-05,637.0,0.01951131
NXS/BTC,1595347254952,2020-07-21T16:00:54.952Z,buy,3.064e-05,144.0,0.00441216
NXS/BTC,1595347254952,2020-07-21T16:00:54.952Z,buy,3.067e-05,1185.0,0.03634395
NXS/BTC,1595347254952,2020-07-21T16:00:54.952Z,buy,3.068e-05,3.0,9.204e-05
NXS/BTC,1595347254952,2020-07-21T16:00:54.952Z,buy,3.07e-05,5490.0,0.168543
NXS/BTC,1595347255147,2020-07-21T16:00:55.147Z,buy,3.07e-05,14.0,0.0004298
NXS/BTC,1595347255239,2020-07-21T16:00:55.239Z,sell,3.044e-05,1282.0,0.03902408
NXS/BTC,1595347255239,2020-07-21T16:00:55.239Z,sell,3.043e-05,317.0,0.00964631
NXS/BTC,1595347255262,2020-07-21T16:00:55.262Z,sell,3.043e-05,32.0,0.00097376
NXS/BTC,1595347255332,2020-07-21T16:00:55.332Z,buy,3.069e-05,14.0,0.00042966
NXS/BTC,1595347255337,2020-07-21T16:00:55.337Z,buy,3.069e-05,14.0,0.00042966
NXS/BTC,1595347255535,2020-07-21T16:00:55.535Z,buy,3.046e-05,10.0,0.0003046
NXS/BTC,1595347255535,2020-07-21T16:00:55.535Z,buy,3.069e-05,1254.0,0.03848526
NXS/BTC,1595347255535,2020-07-21T16:00:55.535Z,buy,3.07e-05,1661.0,0.0509927
NXS/BTC,1595347255570,2020-07-21T16:00:55.570Z,sell,3.045e-05,115.0,0.00350175
NXS/BTC,1595347255570,2020-07-21T16:00:55.570Z,sell,3.044e-05,215.0,0.0065446
NXS/BTC,1595347255644,2020-07-21T16:00:55.644Z,buy,3.055e-05,14.0,0.0004276999999999
NXS/BTC,1595347255682,2020-07-21T16:00:55.682Z,sell,3.044e-05,73.0,0.00222212
NXS/BTC,1595347256093,2020-07-21T16:00:56.093Z,buy,3.055e-05,19.0,0.0005804499999999
NXS/BTC,1595347256168,2020-07-21T16:00:56.168Z,sell,3.043e-05,12.0,0.00036516
NXS/BTC,1595347256190,2020-07-21T16:00:56.190Z,buy,3.055e-05,82.0,0.0025050999999999
NXS/BTC,1595347256190,2020-07-21T16:00:56.190Z,buy,3.056e-05,86.0,0.00262816
NXS/BTC,1595347256190,2020-07-21T16:00:56.190Z,buy,3.07e-05,529.0,0.0162403
NXS/BTC,1595347256284,2020-07-21T16:00:56.284Z,sell,3.045e-05,7.0,0.00021315
NXS/BTC,1595347256779,2020-07-21T16:00:56.779Z,buy,3.055e-05,7.0,0.0002138499999999
NXS/BTC,1595347256779,2020-07-21T16:00:56.779Z,buy,3.07e-05,14.0,0.0004298
NXS/BTC,1595347256996,2020-07-21T16:00:56.996Z,sell,3.054e-05,210.0,0.0064134
NXS/BTC,1595347257311,2020-07-21T16:00:57.311Z,buy,3.063e-05,434.0,0.01329342
NXS/BTC,1595347257311,2020-07-21T16:00:57.311Z,buy,3.07e-05,292.0,0.0089644
NXS/BTC,1595347257311,2020-07-21T16:00:57.311Z,buy,3.071e-05,6396.0,0.19642116
NXS/BTC,1595347257311,2020-07-21T16:00:57.311Z,buy,3.072e-05,1479.0,0.04543488
NXS/BTC,1595347257311,2020-07-21T16:00:57.311Z,buy,3.074e-05,114.0,0.00350436
NXS/BTC,1595347257311,2020-07-21T16:00:57.311Z,buy,3.076e-05,802.0,0.0246695199999999
NXS/BTC,1595347257383,2020-07-21T16:00:57.383Z,buy,3.076e-05,16.0,0.00049216
NXS/BTC,1595347257425,2020-07-21T16:00:57.425Z,sell,3.055e-05,6.0,0.0001832999999999
NXS/BTC,1595347258166,2020-07-21T16:00:58.166Z,sell,3.054e-05,11.0,0.00033594
NXS/BTC,1595347258629,2020-07-21T16:00:58.629Z,buy,3.065e-05,6.0,0.0001839
NXS/BTC,1595347258629,2020-07-21T16:00:58.629Z,buy,3.07e-05,824.0,0.0252968
NXS/BTC,1595347258940,2020-07-21T16:00:58.940Z,sell,3.055e-05,7.0,0.0002138499999999
NXS/BTC,1595347258940,2020-07-21T16:00:58.940Z,sell,3.054e-05,1229.0,0.03753366
NXS/BTC,1595347259220,2020-07-21T16:00:59.220Z,buy,3.07e-05,1935.0,0.0594045
NXS/BTC,1595347259371,2020-07-21T16:00:59.371Z,sell,3.07e-05,137.0,0.0042059
NXS/BTC,1595347259502,2020-07-21T16:00:59.502Z,buy,3.076e-05,21.0,0.0006459599999999
NXS/BTC,1595347259578,2020-07-21T16:00:59.578Z,buy,3.076e-05,23.0,0.0007074799999999
NXS/BTC,1595347259578,2020-07-21T16:00:59.578Z,buy,3.078e-05,8.0,0.00024624
NXS/BTC,1595347259578,2020-07-21T16:00:59.578Z,buy,3.08e-05,136.0,0.0041888
NXS/BTC,1595347259901,2020-07-21T16:00:59.901Z,sell,3.07e-05,298.0,0.0091486
NXS/BTC,1595347260123,2020-07-21T16:01:00.123Z,buy,3.075e-05,324.0,0.009963
NXS/BTC,1595347260380,2020-07-21T16:01:00.380Z,buy,3.075e-05,37.0,0.00113775
NXS/BTC,1595347260380,2020-07-21T16:01:00.380Z,buy,3.08e-05,302.0,0.0093016
NXS/BTC,1595347260409,2020-07-21T16:01:00.409Z,sell,3.07e-05,4.0,0.0001228
NXS/BTC,1595347260558,2020-07-21T16:01:00.558Z,buy,3.08e-05,162.0,0.0049896
NXS/BTC,1595347260558,2020-07-21T16:01:00.558Z,buy,3.081e-05,597.0,0.0183935699999999
NXS/BTC,1595347260616,2020-07-21T16:01:00.616Z,buy,3.081e-05,6.0,0.00018486
NXS/BTC,1595347260664,2020-07-21T16:01:00.664Z,buy,3.081e-05,397.0,0.0122315699999999
NXS/BTC,1595347260664,2020-07-21T16:01:00.664Z,buy,3.088e-05,8.0,0.00024704
NXS/BTC,1595347260664,2020-07-21T16:01:00.664Z,buy,3.089e-05,241.0,0.00744449
NXS/BTC,1595347260664,2020-07-21T16:01:00.664Z,buy,3.09e-05,14.0,0.0004326
NXS/BTC,1595347260664,2020-07-21T16:01:00.664Z,buy,3.094e-05,1782.0,0.0551350799999999
NXS/BTC,1595347261156,2020-07-21T16:01:01.156Z,sell,3.071e-05,112.0,0.00343952
NXS/BTC,1595347261156,2020-07-21T16:01:01.156Z,sell,3.07e-05,4386.0,0.1346502
NXS/BTC,1595347261156,2020-07-21T16:01:01.156Z,sell,3.065e-05,16.0,0.0004904
NXS/BTC,1595347261156,2020-07-21T16:01:01.156Z,sell,3.063e-05,3984.0,0.12202992
NXS/BTC,1595347261156,2020-07-21T16:01:01.156Z,sell,3.06e-05,16.0,0.0004896
NXS/BTC,1595347261156,2020-07-21T16:01:01.156Z,sell,3.055e-05,1248.0,0.0381264
NXS/BTC,1595347261156,2020-07-21T16:01:01.156Z,sell,3.054e-05,5087.0,0.15535698
NXS/BTC,1595347261156,2020-07-21T16:01:01.156Z,sell,3.049e-05,408.0,0.01243992
NXS/BTC,1595347261156,2020-07-21T16:01:01.156Z,sell,3.043e-05,1842.0,0.0560520599999999
NXS/BTC,1595347261156,2020-07-21T16:01:01.156Z,sell,3.042e-05,4064.0,0.12362688
NXS/BTC,1595347261484,2020-07-21T16:01:01.484Z,buy,3.081e-05,112.0,0.00345072
NXS/BTC,1595347261484,2020-07-21T16:01:01.484Z,buy,3.086e-05,16.0,0.00049376
NXS/BTC,1595347261484,2020-07-21T16:01:01.484Z,buy,3.091e-05,16.0,0.00049456
NXS/BTC,1595347261484,2020-07-21T16:01:01.484Z,buy,3.093e-05,1232.0,0.0381057599999999
NXS/BTC,1595347261484,2020-07-21T16:01:01.484Z,buy,3.094e-05,2477.0,0.0766383799999999
NXS/BTC,1595347261660,2020-07-21T16:01:01.660Z,buy,3.064e-05,7.0,0.00021448
NXS/BTC,1595347261856,2020-07-21T16:01:01.856Z,sell,3.08e-05,5.0,0.000154
NXS/BTC,1595347262011,2020-07-21T16:01:02.011Z,buy,3.094e-05,940.0,0.0290835999999999
NXS/BTC,1595347262169,2020-07-21T16:01:02.169Z,sell,3.08e-05,21.0,0.0006468
NXS/BTC,1595347262602,2020-07-21T16:01:02.602Z,sell,3.081e-05,85.0,0.00261885
NXS/BTC,1595347262602,2020-07-21T16:01:02.602Z,sell,3.08e-05,1.0,3.08e-05
NXS/BTC,1595347262719,2020-07-21T16:01:02.719Z,buy,3.094e-05,4.0,0.00012376
NXS/BTC,1595347262725,2020-07-21T16:01:02.725Z,buy,3.094e-05,557.0,0.01723358
NXS/BTC,1595347262725,2020-07-21T16:01:02.725Z,buy,3.095e-05,73.0,0.00225935
NXS/BTC,1595347262725,2020-07-21T16:01:02.725Z,buy,3.096e-05,16.0,0.00049536
NXS/BTC,1595347262725,2020-07-21T16:01:02.725Z,buy,3.098e-05,8.0,0.00024784
NXS/BTC,1595347262725,2020-07-21T16:01:02.725Z,buy,3.099e-05,1134.0,0.03514266
NXS/BTC,1595347262725,2020-07-21T16:01:02.725Z,buy,3.1e-05,2932.0,0.090892
NXS/BTC,1595347262839,2020-07-21T16:01:02.839Z,sell,3.08e-05,314.0,0.0096712
NXS/BTC,1595347263579,2020-07-21T16:01:03.579Z,sell,3.071e-05,137.0,0.00420727
NXS/BTC,1595347263830,2020-07-21T16:01:03.830Z,buy,3.075e-05,28.0,0.000861
NXS/BTC,1595347264167,2020-07-21T16:01:04.167Z,sell,3.071e-05,10.0,0.0003071
NXS/BTC,1595347264238,2020-07-21T16:01:04.238Z,buy,3.075e-05,290.0,0.0089175
NXS/BTC,1595347264448,2020-07-21T16:01:04.448Z,buy,3.075e-05,30.0,0.0009225
NXS/BTC,1595347264487,2020-07-21T16:01:04.487Z,sell,3.071e-05,258.0,0.00792318
NXS/BTC,1595347264487,2020-07-21T16:01:04.487Z,sell,3.07e-05,124.0,0.0038068
NXS/BTC,1595347264607,2020-07-21T16:01:04.607Z,buy,3.075e-05,5.0,0.00015375
NXS/BTC,1595347264811,2020-07-21T16:01:04.811Z,buy,3.075e-05,606.0,0.0186345
NXS/BTC,1595347264811,2020-07-21T16:01:04.811Z,buy,3.082e-05,10.0,0.0003082
NXS/BTC,1595347264811,2020-07-21T16:01:04.811Z,buy,3.096e-05,32.0,0.00099072
NXS/BTC,1595347264863,2020-07-21T16:01:04.863Z,sell,3.071e-05,112.0,0.00343952
NXS/BTC,1595347264863,2020-07-21T16:01:04.863Z,sell,3.07e-05,5980.0,0.183586
NXS/BTC,1595347265056,2020-07-21T16:01:05.056Z,buy,3.063e-05,5614.0,0.17195682
NXS/BTC,1595347265056,2020-07-21T16:01:05.056Z,buy,3.081e-05,112.0,0.00345072
NXS/BTC,1595347265056,2020-07-21T16:01:05.056Z,buy,3.096e-05,4032.0,0.12483072
NXS/BTC,1595347265056,2020-07-21T16:01:05.056Z,buy,3.099e-05,7772.0,0.24085428
NXS/BTC,1595347265142,2020-07-21T16:01:05.142Z,sell,3.062e-05,1992.0,0.06099504
NXS/BTC,1595347265664,2020-07-21T16:01:05.664Z,buy,3.084e-05,158.0,0.00487272
NXS/BTC,1595347265806,2020-07-21T16:01:05.806Z,buy,3.084e-05,150.0,0.004626
NXS/BTC,1595347266211,2020-07-21T16:01:06.211Z,buy,3.071e-05,907.0,0.02785397
NXS/BTC,1595347266489,2020-07-21T16:01:06.489Z,buy,3.071e-05,1346.0,0.04133566
NXS/BTC,1595347266597,2020-07-21T16:01:06.597Z,buy,3.071e-05,651.0,0.01999221
NXS/BTC,1595347266942,2020-07-21T16:01:06.942Z,sell,3.07e-05,57.0,0.0017499
NXS/BTC,1595347266968,2020-07-21T16:01:06.968Z,buy,3.071e-05,5.0,0.00015355
NXS/BTC,1595347267057,2020-07-21T16:01:07.057Z,buy,3.071e-05,354.0,0.01087134
NXS/BTC,1595347267274,2020-07-21T16:01:07.274Z,sell,3.06e-05,442.0,0.0135252
NXS/BTC,1595347267274,2020-07-21T16:01:07.274Z,sell,3.054e-05,840.0,0.0256536
NXS/BTC,1595347267274,2020-07-21T16:01:07.274Z,sell,3.051e-05,53.0,0.00161703
NXS/BTC,1595347267274,2020-07-21T16:01:07.274Z,sell,3.05e-05,1997.0,0.0609085
NXS/BTC,1595347267517,2020-07-21T16:01:07.517Z,buy,3.071e-05,373.0,0.01145483
NXS/BTC,1595347267517,2020-07-21T16:01:07.517Z,buy,3.082e-05,75.0,0.0023115
NXS/BTC,1595347267517,2020-07-21T16:01:07.517Z,buy,3.084e-05,285.0,0.0087894
NXS/BTC,1595347267670,2020-07-21T16:01:07.670Z,sell,3.084e-05,57.0,0.00175788
NXS/BTC,1595347267851,2020-07-21T16:01:07.851Z,buy,3.085e-05,4.0,0.0001234
NXS/BTC,1595347267863,2020-07-21T16:01:07.863Z,buy,3.085e-05,81.0,0.00249885
NXS/BTC,1595347267863,2020-07-21T16:01:07.863Z,buy,3.09e-05,1461.0,0.0451449
NXS/BTC,1595347267878,2020-07-21T16:01:07.878Z,sell,3.084e-05,234.0,0.00721656
NXS/BTC,1595347267913,2020-07-21T16:01:07.913Z,sell,3.084e-05,16.0,0.00049344
NXS/BTC,1595347268294,2020-07-21T16:01:08.294Z,buy,3.09e-05,2293.0,0.0708536999999999
NXS/BTC,1595347269298,2020-07-21T16:01:09.298Z,sell,3.084e-05,157.0,0.00484188
NXS/BTC,1595347269425,2020-07-21T16:01:09.425Z,sell,3.084e-05,879.0,0.02710836
NXS/BTC,1595347269437,2020-07-21T16:01:09.437Z,sell,3.084e-05,839.0,0.02587476
NXS/BTC,1595347269729,2020-07-21T16:01:09.729Z,buy,3.084e-05,4.0,0.00012336
NXS/BTC,1595347269803,2020-07-21T16:01:09.803Z,sell,3.08e-05,1459.0,0.0449372
NXS/BTC,1595347269803,2020-07-21T16:01:09.803Z,sell,3.071e-05,4.0,0.00012284
NXS/BTC,1595347269803,2020-07-21T16:01:09.803Z,sell,3.07e-05,178.0,0.0054646
NXS/BTC,1595347269803,2020-07-21T16:01:09.803Z,sell,3.067e-05,4.0,0.00012268
NXS/BTC,1595347269803,2020-07-21T16:01:09.803Z,sell,3.063e-05,3337.0,0.10221231
NXS/BTC,1595347269803,2020-07-21T16:01:09.803Z,sell,3.062e-05,1939.0,0.05937218
NXS/BTC,1595347269803,2020-07-21T16:01:09.803Z,sell,3.05e-05,1279.0,0.0390095
NXS/BTC,1595347269851,2020-07-21T16:01:09.851Z,buy,3.084e-05,1301.0,0.04012284
NXS/BTC,1595347269851,2020-07-21T16:01:09.851Z,buy,3.09e-05,5.0,0.0001545
NXS/BTC,1595347269851,2020-07-21T16:01:09.851Z,buy,3.091e-05,1992.0,0.06157272
NXS/BTC,1595347269851,2020-07-21T16:01:09.851Z,buy,3.096e-05,834.0,0.02582064
NXS/BTC,1595347269851,2020-07-21T16:01:09.851Z,buy,3.098e-05,53.0,0.00164194
NXS/BTC,1595347269851,2020-07-21T16:01:09.851Z,buy,3.099e-05,364.0,0.01128036
NXS/BTC,1595347270150,2020-07-21T16:01:10.150Z,buy,3.099e-05,1133.0,0.03511167
NXS/BTC,1595347270191,2020-07-21T16:01:10.191Z,buy,3.099e-05,256.0,0.00793344
NXS/BTC,1595347270192,2020-07-21T16:01:10.192Z,sell,3.054e-05,67.0,0.00204618
NXS/BTC,1595347270583,2020-07-21T16:01:10.583Z,sell,3.09e-05,6.0,0.0001854
NXS/BTC,1595347270640,2020-07-21T16:01:10.640Z,buy,3.057e-05,93.0,0.00284301
NXS/BTC,1595347270809,2020-07-21T16:01:10.809Z,buy,3.09e-05,11.0,0.0003398999999999
NXS/BTC,1595347270850,2020-07-21T16:01:10.850Z,sell,3.072e-05,598.0,0.0183705599999999
NXS/BTC,1595347271073,2020-07-21T16:01:11.073Z,buy,3.09e-05,3265.0,0.1008884999999999
NXS/BTC,1595347271098,2020-07-21T16:01:11.098Z,sell,3.096e-05,4.0,0.00012384
NXS/BTC,1595347271260,2020-07-21T16:01:11.260Z,buy,3.098e-05,399.0,0.0123610199999999
NXS/BTC,1595347271291,2020-07-21T16:01:11.291Z,buy,3.098e-05,324.0,0.01003752
NXS/BTC,1595347271344,2020-07-21T16:01:11.344Z,sell,3.096e-05,694.0,0.02148624
NXS/BTC,1595347271444,2020-07-21T16:01:11.444Z,buy,3.098e-05,1032.0,0.03197136
NXS/BTC,1595347271483,2020-07-21T16:01:11.483Z,sell,3.096e-05,137.0,0.00424152
NXS/BTC,1595347271700,2020-07-21T16:01:11.700Z,sell,3.096e-05,695.0,0.0215172
NXS/BTC,1595347271952,2020-07-21T16:01:11.952Z,sell,3.09e-05,47.0,0.0014523
NXS/BTC,1595347271958,2020-07-21T16:01:11.958Z,sell,3.09e-05,82.0,0.0025338
NXS/BTC,1595347271958,2020-07-21T16:01:11.958Z,sell,3.07e-05,17.0,0.0005219
NXS/BTC,1595347271970,2020-07-21T16:01:11.970Z,sell,3.07e-05,39.0,0.0011973
NXS/BTC,1595347271987,2020-07-21T16:01:11.987Z,sell,3.071e-05,118.0,0.00362378
NXS/BTC,1595347271987,2020-07-21T16:01:11.987Z,sell,3.07e-05,211.0,0.0064777
NXS/BTC,1595347271987,2020-07-21T16:01:11.987Z,sell,3.063e-05,2889.0,0.08849007
NXS/BTC,1595347271987,2020-07-21T16:01:11.987Z,sell,3.05e-05,725.0,0.0221125
NXS/BTC,1595347272015,2020-07-21T16:01:12.015Z,sell,3.051e-05,6.0,0.00018306
NXS/BTC,1595347272015,2020-07-21T16:01:12.015Z,sell,3.05e-05,81.0,0.0024705
NXS/BTC,1595347272043,2020-07-21T16:01:12.043Z,sell,3.05e-05,19.0,0.0005794999999999
NXS/BTC,1595347272043,2020-07-21T16:01:12.043Z,sell,3.045e-05,33.0,0.00100485
NXS/BTC,1595347272044,2020-07-21T16:01:12.044Z,sell,3.045e-05,40.0,0.001218
NXS/BTC,1595347272048,2020-07-21T16:01:12.048Z,sell,3.045e-05,198.0,0.0060291
NXS/BTC,1595347272054,2020-07-21T16:01:12.054Z,sell,3.045e-05,71.0,0.00216195
NXS/BTC,1595347272236,2020-07-21T16:01:12.236Z,sell,3.046e-05,723.0,0.02202258
NXS/BTC,1595347272256,2020-07-21T16:01:12.256Z,sell,3.046e-05,119.0,0.00362474
NXS/BTC,1595347272356,2020-07-21T16:01:12.356Z,sell,3.046e-05,28.0,0.00085288
NXS/BTC,1595347272398,2020-07-21T16:01:12.398Z,sell,3.046e-05,879.0,0.02677434
NXS/BTC,1595347272447,2020-07-21T16:01:12.447Z,sell,3.06e-05,513.0,0.0156977999999999
NXS/BTC,1595347272466,2020-07-21T16:01:12.466Z,buy,3.078e-05,6.0,0.00018468
NXS/BTC,1595347272466,2020-07-21T16:01:12.466Z,buy,3.079e-05,553.0,0.01702687
NXS/BTC,1595347272466,2020-07-21T16:01:12.466Z,buy,3.08e-05,4.0,0.0001232
NXS/BTC,1595347272466,2020-07-21T16:01:12.466Z,buy,3.081e-05,112.0,0.00345072
NXS/BTC,1595347272522,2020-07-21T16:01:12.522Z,sell,3.09e-05,79.0,0.0024411
NXS/BTC,1595347272528,2020-07-21T16:01:12.528Z,buy,3.091e-05,319.0,0.00986029
NXS/BTC,1595347272528,2020-07-21T16:01:12.528Z,buy,3.093e-05,1244.0,0.03847692
NXS/BTC,1595347272528,2020-07-21T16:01:12.528Z,buy,3.095e-05,1196.0,0.0370162
NXS/BTC,1595347272528,2020-07-21T16:01:12.528Z,buy,3.098e-05,1252.0,0.0387869599999999
NXS/BTC,1595347272528,2020-07-21T16:01:12.528Z,buy,3.099e-05,1851.0,0.05736249
NXS/BTC,1595347272537,2020-07-21T16:01:12.537Z,sell,3.09e-05,270.0,0.008343
NXS/BTC,1595347272537,2020-07-21T16:01:12.537Z,sell,3.061e-05,248.0,0.00759128
NXS/BTC,1595347272649,2020-07-21T16:01:12.649Z,sell,3.08e-05,158.0,0.0048664
NXS/BTC,1595347272653,2020-07-21T16:01:12.653Z,sell,3.08e-05,40.0,0.001232
NXS/BTC,1595347272720,2020-07-21T16:01:12.720Z,sell,3.08e-05,395.0,0.012166
NXS/BTC,1595347272868,2020-07-21T16:01:12.868Z,sell,3.08e-05,39.0,0.0012012
NXS/BTC,1595347272902,2020-07-21T16:01:12.902Z,sell,3.08e-05,449.0,0.0138292
NXS/BTC,1595347272902,2020-07-21T16:01:12.902Z,sell,3.062e-05,118.0,0.00361316
NXS/BTC,1595347272902,2020-07-21T16:01:12.902Z,sell,3.06e-05,807.0,0.0246942
NXS/BTC,1595347273044,2020-07-21T16:01:13.044Z,sell,3.06e-05,36.0,0.0011015999999999
NXS/BTC,1595347273093,2020-07-21T16:01:13.093Z,sell,3.06e-05,359.0,0.0109854
NXS/BTC,1595347273185,2020-07-21T16:01:13.185Z,buy,3.072e-05,112.0,0.0034406399999999
NXS/BTC,1595347273185,2020-07-21T16:01:13.185Z,buy,3.089e-05,6.0,0.0001853399999999
NXS/BTC,1595347273185,2020-07-21T16:01:13.185Z,buy,3.09e-05,7544.0,0.2331096
NXS/BTC,1595347273397,2020-07-21T16:01:13.397Z,buy,3.089e-05,6.0,0.0001853399999999
NXS/BTC,1595347273397,2020-07-21T16:01:13.397Z,buy,3.09e-05,488.0,0.0150792
NXS/BTC,1595347273471,2020-07-21T16:01:13.471Z,sell,3.08e-05,165.0,0.005082
NXS/BTC,1595347273471,2020-07-21T16:01:13.471Z,sell,3.062e-05,326.0,0.00998212
NXS/BTC,1595347273686,2020-07-21T16:01:13.686Z,buy,3.089e-05,326.0,0.0100701399999999
NXS/BTC,1595347273686,2020-07-21T16:01:13.686Z,buy,3.09e-05,193.0,0.0059637
NXS/BTC,1595347273686,2020-07-21T16:01:13.686Z,buy,3.099e-05,1481.0,0.0458961899999999
NXS/BTC,1595347274011,2020-07-21T16:01:14.011Z,buy,3.099e-05,683.0,0.02116617
NXS/BTC,1595347274476,2020-07-21T16:01:14.476Z,buy,3.099e-05,5.0,0.00015495
NXS/BTC,1595347274567,2020-07-21T16:01:14.567Z,sell,3.081e-05,111.0,0.00341991
NXS/BTC,1595347274751,2020-07-21T16:01:14.751Z,sell,3.081e-05,56.0,0.00172536
NXS/BTC,1595347274751,2020-07-21T16:01:14.751Z,sell,3.08e-05,7.0,0.0002156
NXS/BTC,1595347274751,2020-07-21T16:01:14.751Z,sell,3.063e-05,112.0,0.00343056
NXS/BTC,1595347274751,2020-07-21T16:01:14.751Z,sell,3.061e-05,7.0,0.00021427
NXS/BTC,1595347274751,2020-07-21T16:01:14.751Z,sell,3.05e-05,256.0,0.007808
NXS/BTC,1595347274751,2020-07-21T16:01:14.751Z,sell,3.049e-05,139.0,0.00423811
NXS/BTC,1595347274751,2020-07-21T16:01:14.751Z,sell,3.046e-05,54.0,0.00164484
NXS/BTC,1595347274751,2020-07-21T16:01:14.751Z,sell,3.045e-05,3369.0,0.10258605
NXS/BTC,1595347274817,2020-07-21T16:01:14.817Z,buy,3.05e-05,710.0,0.021655
NXS/BTC,1595347274844,2020-07-21T16:01:14.844Z,sell,3.053e-05,57.0,0.00174021
NXS/BTC,1595347274856,2020-07-21T16:01:14.856Z,buy,3.072e-05,7.0,0.0002150399999999
NXS/BTC,1595347274867,2020-07-21T16:01:14.867Z,sell,3.053e-05,2434.0,0.07431002
NXS/BTC,1595347274867,2020-07-21T16:01:14.867Z,sell,3.052e-05,6828.0,0.20839056
NXS/BTC,1595347274867,2020-07-21T16:01:14.867Z,sell,3.045e-05,3423.0,0.10423035
NXS/BTC,1595347274867,2020-07-21T16:01:14.867Z,sell,3.043e-05,895.0,0.0272348499999999
NXS/BTC,1595347274980,2020-07-21T16:01:14.980Z,buy,3.072e-05,563.0,0.01729536
NXS/BTC,1595347275105,2020-07-21T16:01:15.105Z,buy,3.071e-05,11.0,0.00033781
NXS/BTC,1595347275162,2020-07-21T16:01:15.162Z,buy,3.071e-05,7.0,0.00021497
NXS/BTC,1595347275718,2020-07-21T16:01:15.718Z,buy,3.071e-05,28.0,0.00085988
NXS/BTC,1595347275745,2020-07-21T16:01:15.745Z,sell,3.07e-05,159.0,0.0048813
NXS/BTC,1595347275745,2020-07-21T16:01:15.745Z,sell,3.053e-05,67.0,0.00204551
NXS/BTC,1595347275950,2020-07-21T16:01:15.950Z,sell,3.053e-05,102.0,0.00311406
NXS/BTC,1595347275950,2020-07-21T16:01:15.950Z,sell,3.052e-05,35.0,0.0010682
NXS/BTC,1595347275968,2020-07-21T16:01:15.968Z,buy,3.071e-05,111.0,0.00340881
NXS/BTC,1595347276038,2020-07-21T16:01:16.038Z,sell,3.053e-05,169.0,0.00515957
NXS/BTC,1595347276038,2020-07-21T16:01:16.038Z,sell,3.052e-05,105.0,0.0032045999999999
NXS/BTC,1595347276038,2020-07-21T16:01:16.038Z,sell,3.043e-05,32.0,0.00097376
NXS/BTC,1595347276038,2020-07-21T16:01:16.038Z,sell,3.042e-05,53.0,0.00161226
NXS/BTC,1595347276240,2020-07-21T16:01:16.240Z,buy,3.071e-05,7.0,0.00021497
NXS/BTC,1595347276392,2020-07-21T16:01:16.392Z,sell,3.06e-05,231.0,0.0070685999999999
