symbol,timestamp,datetime,side,price,amount,btc_volume
OAX/BTC,1602008411418,2020-10-06T18:20:11.418Z,sell,5.9e-06,201.0,0.0011859
OAX/BTC,1602008411418,2020-10-06T18:20:11.418Z,sell,5.88e-06,302.0,0.00177576
OAX/BTC,1602008411418,2020-10-06T18:20:11.418Z,sell,5.87e-06,3016.0,0.0177039199999999
OAX/BTC,1602008926195,2020-10-06T18:28:46.195Z,sell,5.89e-06,9171.0,0.05401719
OAX/BTC,1602008926195,2020-10-06T18:28:46.195Z,sell,5.88e-06,6329.0,0.03721452
OAX/BTC,1602009148191,2020-10-06T18:32:28.191Z,buy,5.88e-06,376.0,0.0022108799999999
OAX/BTC,1602009677766,2020-10-06T18:41:17.766Z,buy,5.91e-06,51.0,0.00030141
OAX/BTC,1602010529918,2020-10-06T18:55:29.918Z,sell,5.86e-06,1366.0,0.00800476
OAX/BTC,1602010560052,2020-10-06T18:56:00.052Z,sell,5.86e-06,531.0,0.00311166
OAX/BTC,1602010565549,2020-10-06T18:56:05.549Z,sell,5.86e-06,254.0,0.00148844
OAX/BTC,1602010673713,2020-10-06T18:57:53.713Z,sell,5.86e-06,358.0,0.00209788
OAX/BTC,1602010673734,2020-10-06T18:57:53.734Z,sell,5.86e-06,230.0,0.0013478
OAX/BTC,1602010682249,2020-10-06T18:58:02.249Z,sell,5.86e-06,1189.0,0.0069675399999999
OAX/BTC,1602010682262,2020-10-06T18:58:02.262Z,sell,5.86e-06,702.0,0.0041137199999999
OAX/BTC,1602010682603,2020-10-06T18:58:02.603Z,sell,5.86e-06,350.0,0.002051
OAX/BTC,1602010683004,2020-10-06T18:58:03.004Z,sell,5.86e-06,174.0,0.00101964
OAX/BTC,1602010683257,2020-10-06T18:58:03.257Z,sell,5.86e-06,6800.0,0.039848
OAX/BTC,1602010683269,2020-10-06T18:58:03.269Z,sell,5.86e-06,3487.0,0.02043382
OAX/BTC,1602010686903,2020-10-06T18:58:06.903Z,sell,5.86e-06,1692.0,0.00991512
OAX/BTC,1602010687104,2020-10-06T18:58:07.104Z,sell,5.86e-06,845.0,0.0049517
OAX/BTC,1602010687306,2020-10-06T18:58:07.306Z,sell,5.86e-06,422.0,0.00247292
OAX/BTC,1602010687702,2020-10-06T18:58:07.702Z,sell,5.86e-06,210.0,0.0012305999999999
OAX/BTC,1602010760636,2020-10-06T18:59:20.636Z,sell,5.86e-06,719.0,0.0042133399999999
OAX/BTC,1602010760649,2020-10-06T18:59:20.649Z,sell,5.86e-06,417.0,0.00244362
OAX/BTC,1602010760781,2020-10-06T18:59:20.781Z,sell,5.86e-06,935.0,0.0054791
OAX/BTC,1602010760793,2020-10-06T18:59:20.793Z,sell,5.86e-06,675.0,0.0039555
OAX/BTC,1602010760939,2020-10-06T18:59:20.939Z,sell,5.86e-06,337.0,0.00197482
OAX/BTC,1602010761171,2020-10-06T18:59:21.171Z,sell,5.86e-06,6800.0,0.039848
OAX/BTC,1602010761179,2020-10-06T18:59:21.179Z,sell,5.86e-06,3569.0,0.02091434
OAX/BTC,1602010761187,2020-10-06T18:59:21.187Z,sell,5.86e-06,300.0,0.001758
OAX/BTC,1602010761208,2020-10-06T18:59:21.208Z,sell,5.86e-06,915.0,0.0053619
OAX/BTC,1602010761208,2020-10-06T18:59:21.208Z,sell,5.86e-06,915.0,0.0053619
OAX/BTC,1602010805994,2020-10-06T19:00:05.994Z,sell,5.86e-06,34.0,0.00019924
OAX/BTC,1602010806963,2020-10-06T19:00:06.963Z,sell,5.84e-06,1650.0,0.009636
OAX/BTC,1602010808067,2020-10-06T19:00:08.067Z,sell,5.84e-06,818.0,0.00477712
OAX/BTC,1602010808766,2020-10-06T19:00:08.766Z,sell,5.84e-06,406.0,0.00237104
OAX/BTC,1602010808865,2020-10-06T19:00:08.865Z,sell,5.84e-06,203.0,0.00118552
OAX/BTC,1602010842137,2020-10-06T19:00:42.137Z,sell,5.84e-06,391.0,0.00228344
OAX/BTC,1602010842155,2020-10-06T19:00:42.155Z,sell,5.84e-06,272.0,0.00158848
OAX/BTC,1602010962831,2020-10-06T19:02:42.831Z,sell,5.84e-06,30.0,0.0001752
OAX/BTC,1602011051490,2020-10-06T19:04:11.490Z,sell,5.84e-06,308.0,0.00179872
OAX/BTC,1602011051500,2020-10-06T19:04:11.500Z,sell,5.84e-06,185.0,0.0010804
OAX/BTC,1602011051604,2020-10-06T19:04:11.604Z,sell,5.84e-06,320.0,0.0018687999999999
OAX/BTC,1602011051618,2020-10-06T19:04:11.618Z,sell,5.84e-06,252.0,0.00147168
OAX/BTC,1602011311249,2020-10-06T19:08:31.249Z,sell,5.84e-06,1375.0,0.00803
OAX/BTC,1602011311301,2020-10-06T19:08:31.301Z,sell,5.84e-06,702.0,0.00409968
OAX/BTC,1602013845525,2020-10-06T19:50:45.525Z,sell,5.84e-06,39984.0,0.23350656
OAX/BTC,1602013845525,2020-10-06T19:50:45.525Z,sell,5.84e-06,39984.0,0.23350656
OAX/BTC,1602014492737,2020-10-06T20:01:32.737Z,sell,5.84e-06,304.0,0.00177536
OAX/BTC,1602014572686,2020-10-06T20:02:52.686Z,buy,5.85e-06,28.0,0.0001638
OAX/BTC,1602014572686,2020-10-06T20:02:52.686Z,buy,5.85e-06,83.0,0.00048555
OAX/BTC,1602015044258,2020-10-06T20:10:44.258Z,sell,5.84e-06,10857.0,0.06340488
OAX/BTC,1602015062229,2020-10-06T20:11:02.229Z,sell,5.84e-06,20075.0,0.117238
OAX/BTC,1602015454223,2020-10-06T20:17:34.223Z,sell,5.84e-06,3124.0,0.01824416
OAX/BTC,1602015454223,2020-10-06T20:17:34.223Z,sell,5.84e-06,3124.0,0.01824416
OAX/BTC,1602017501476,2020-10-06T20:51:41.476Z,sell,5.84e-06,11730.0,0.0685032
OAX/BTC,1602017591333,2020-10-06T20:53:11.333Z,sell,5.84e-06,73446.0,0.42892464
OAX/BTC,1602017619788,2020-10-06T20:53:39.788Z,sell,5.82e-06,19.0,0.00011058
OAX/BTC,1602017619788,2020-10-06T20:53:39.788Z,sell,5.81e-06,81.0,0.00047061
OAX/BTC,1602017641340,2020-10-06T20:54:01.340Z,sell,5.81e-06,1987.0,0.01154447
OAX/BTC,1602017686205,2020-10-06T20:54:46.205Z,sell,5.8e-06,620.0,0.003596
OAX/BTC,1602017686205,2020-10-06T20:54:46.205Z,sell,5.77e-06,9.0,5.193e-05
OAX/BTC,1602017770782,2020-10-06T20:56:10.782Z,sell,5.78e-06,35.0,0.0002022999999999
OAX/BTC,1602017770782,2020-10-06T20:56:10.782Z,buy,5.78e-06,119.0,0.00068782
OAX/BTC,1602017785067,2020-10-06T20:56:25.067Z,sell,5.77e-06,73.0,0.00042121
OAX/BTC,1602017903093,2020-10-06T20:58:23.093Z,buy,5.78e-06,40.0,0.0002311999999999
OAX/BTC,1602017903093,2020-10-06T20:58:23.093Z,buy,5.78e-06,58.0,0.00033524
OAX/BTC,1602018001252,2020-10-06T21:00:01.252Z,sell,5.77e-06,415.0,0.00239455
OAX/BTC,1602018045389,2020-10-06T21:00:45.389Z,sell,5.77e-06,1032.0,0.00595464
OAX/BTC,1602018045389,2020-10-06T21:00:45.389Z,sell,5.74e-06,145.0,0.0008323
OAX/BTC,1602018045389,2020-10-06T21:00:45.389Z,sell,5.73e-06,619.0,0.00354687
OAX/BTC,1602018045389,2020-10-06T21:00:45.389Z,sell,5.72e-06,3841.0,0.02197052
OAX/BTC,1602018045389,2020-10-06T21:00:45.389Z,sell,5.72e-06,78.0,0.00044616
OAX/BTC,1602018045389,2020-10-06T21:00:45.389Z,sell,5.71e-06,730.0,0.0041683
OAX/BTC,1602018045389,2020-10-06T21:00:45.389Z,sell,5.71e-06,1286.0,0.00734306
OAX/BTC,1602018045389,2020-10-06T21:00:45.389Z,sell,5.71e-06,2425.0,0.01384675
OAX/BTC,1602018047706,2020-10-06T21:00:47.706Z,sell,5.71e-06,103.0,0.00058813
OAX/BTC,1602018047706,2020-10-06T21:00:47.706Z,sell,5.7e-06,123.0,0.0007011
OAX/BTC,1602018047706,2020-10-06T21:00:47.706Z,sell,5.68e-06,404.0,0.00229472
OAX/BTC,1602018047706,2020-10-06T21:00:47.706Z,sell,5.66e-06,100.0,0.000566
OAX/BTC,1602018047706,2020-10-06T21:00:47.706Z,sell,5.65e-06,9.0,5.085e-05
OAX/BTC,1602018047706,2020-10-06T21:00:47.706Z,sell,5.65e-06,246.0,0.0013899
OAX/BTC,1602018048212,2020-10-06T21:00:48.212Z,sell,5.65e-06,1637.0,0.00924905
OAX/BTC,1602018049352,2020-10-06T21:00:49.352Z,sell,5.65e-06,353.0,0.00199445
OAX/BTC,1602018052993,2020-10-06T21:00:52.993Z,buy,5.67e-06,6578.0,0.03729726
OAX/BTC,1602018068787,2020-10-06T21:01:08.787Z,sell,5.65e-06,73.0,0.00041245
OAX/BTC,1602018069335,2020-10-06T21:01:09.335Z,buy,5.67e-06,410.0,0.0023247
OAX/BTC,1602018084755,2020-10-06T21:01:24.755Z,sell,5.65e-06,515.0,0.00290975
OAX/BTC,1602018084761,2020-10-06T21:01:24.761Z,sell,5.65e-06,249.0,0.00140685
OAX/BTC,1602018164051,2020-10-06T21:02:44.051Z,buy,5.67e-06,11961.0,0.06781887
OAX/BTC,1602018164051,2020-10-06T21:02:44.051Z,buy,5.69e-06,7038.0,0.04004622
OAX/BTC,1602018174286,2020-10-06T21:02:54.286Z,sell,5.67e-06,378.0,0.00214326
OAX/BTC,1602018174286,2020-10-06T21:02:54.286Z,sell,5.66e-06,35.0,0.0001981
OAX/BTC,1602018174286,2020-10-06T21:02:54.286Z,sell,5.65e-06,7581.0,0.04283265
OAX/BTC,1602018260190,2020-10-06T21:04:20.190Z,buy,5.69e-06,358.0,0.00203702
OAX/BTC,1602018260190,2020-10-06T21:04:20.190Z,buy,5.7e-06,134.0,0.0007637999999999
OAX/BTC,1602018260190,2020-10-06T21:04:20.190Z,buy,5.7e-06,97.0,0.0005528999999999
OAX/BTC,1602018341374,2020-10-06T21:05:41.374Z,sell,5.66e-06,1320.0,0.0074712
OAX/BTC,1602018341374,2020-10-06T21:05:41.374Z,sell,5.65e-06,371.0,0.00209615
OAX/BTC,1602018562911,2020-10-06T21:09:22.911Z,sell,5.66e-06,2919.0,0.01652154
OAX/BTC,1602018562911,2020-10-06T21:09:22.911Z,buy,5.66e-06,128.0,0.00072448
OAX/BTC,1602018563000,2020-10-06T21:09:23.000Z,buy,5.66e-06,2339.0,0.01323874
OAX/BTC,1602018563101,2020-10-06T21:09:23.101Z,buy,5.66e-06,1169.0,0.00661654
OAX/BTC,1602018563496,2020-10-06T21:09:23.496Z,buy,5.66e-06,582.0,0.00329412
OAX/BTC,1602018563600,2020-10-06T21:09:23.600Z,buy,5.66e-06,291.0,0.00164706
OAX/BTC,1602018599933,2020-10-06T21:09:59.933Z,sell,5.65e-06,13658.0,0.0771677
OAX/BTC,1602018599933,2020-10-06T21:09:59.933Z,sell,5.63e-06,358.0,0.00201554
OAX/BTC,1602018599933,2020-10-06T21:09:59.933Z,sell,5.62e-06,17696.0,0.09945152
OAX/BTC,1602018632986,2020-10-06T21:10:32.986Z,buy,5.66e-06,2055.0,0.0116313
OAX/BTC,1602018665302,2020-10-06T21:11:05.302Z,sell,5.63e-06,931.0,0.00524153
OAX/BTC,1602018890268,2020-10-06T21:14:50.268Z,buy,5.66e-06,1912.0,0.01082192
OAX/BTC,1602018890268,2020-10-06T21:14:50.268Z,buy,5.66e-06,20.0,0.0001132
OAX/BTC,1602018890268,2020-10-06T21:14:50.268Z,buy,5.66e-06,95.0,0.0005377
OAX/BTC,1602018890268,2020-10-06T21:14:50.268Z,buy,5.68e-06,135.0,0.0007668
OAX/BTC,1602018890268,2020-10-06T21:14:50.268Z,buy,5.66e-06,1912.0,0.01082192
OAX/BTC,1602018890268,2020-10-06T21:14:50.268Z,buy,5.66e-06,20.0,0.0001132
OAX/BTC,1602018890268,2020-10-06T21:14:50.268Z,buy,5.66e-06,95.0,0.0005377
OAX/BTC,1602018890268,2020-10-06T21:14:50.268Z,buy,5.68e-06,135.0,0.0007668
OAX/BTC,1602019104592,2020-10-06T21:18:24.592Z,buy,5.67e-06,451.0,0.00255717
OAX/BTC,1602019104697,2020-10-06T21:18:24.697Z,buy,5.67e-06,225.0,0.00127575
OAX/BTC,1602019214548,2020-10-06T21:20:14.548Z,buy,5.67e-06,8387.0,0.04755429
OAX/BTC,1602019214548,2020-10-06T21:20:14.548Z,buy,5.68e-06,12464.0,0.07079552
OAX/BTC,1602019214957,2020-10-06T21:20:14.957Z,buy,5.68e-06,4943.0,0.02807624
OAX/BTC,1602019456619,2020-10-06T21:24:16.619Z,sell,5.66e-06,94.0,0.00053204
OAX/BTC,1602019531318,2020-10-06T21:25:31.318Z,buy,5.69e-06,5042.0,0.02868898
OAX/BTC,1602019531318,2020-10-06T21:25:31.318Z,buy,5.7e-06,5009.0,0.0285512999999999
OAX/BTC,1602019531436,2020-10-06T21:25:31.436Z,buy,5.71e-06,659.0,0.00376289
OAX/BTC,1602019535661,2020-10-06T21:25:35.661Z,buy,5.72e-06,170.0,0.0009724
OAX/BTC,1602019540343,2020-10-06T21:25:40.343Z,buy,5.72e-06,3420.0,0.0195624
OAX/BTC,1602019575470,2020-10-06T21:26:15.470Z,sell,5.7e-06,175.0,0.0009975
OAX/BTC,1602020021436,2020-10-06T21:33:41.436Z,sell,5.71e-06,536.0,0.00306056
OAX/BTC,1602020047988,2020-10-06T21:34:07.988Z,sell,5.71e-06,35.0,0.00019985
OAX/BTC,1602020358986,2020-10-06T21:39:18.986Z,buy,5.71e-06,1000.0,0.00571
OAX/BTC,1602020358994,2020-10-06T21:39:18.994Z,buy,5.71e-06,521.0,0.00297491
OAX/BTC,1602020364303,2020-10-06T21:39:24.303Z,buy,5.71e-06,249.0,0.00142179
OAX/BTC,1602020735525,2020-10-06T21:45:35.525Z,buy,5.74e-06,5500.0,0.03157
OAX/BTC,1602020895068,2020-10-06T21:48:15.068Z,sell,5.7e-06,2350.0,0.0133949999999999
OAX/BTC,1602021507235,2020-10-06T21:58:27.235Z,buy,5.73e-06,964.0,0.00552372
OAX/BTC,1602021507235,2020-10-06T21:58:27.235Z,buy,5.74e-06,80.0,0.0004592
OAX/BTC,1602021551036,2020-10-06T21:59:11.036Z,buy,5.75e-06,24651.0,0.14174325
OAX/BTC,1602022468090,2020-10-06T22:14:28.090Z,sell,5.75e-06,438.0,0.0025185
OAX/BTC,1602022468175,2020-10-06T22:14:28.175Z,buy,5.75e-06,224.0,0.001288
OAX/BTC,1602022489092,2020-10-06T22:14:49.092Z,sell,5.74e-06,1414.0,0.00811636
OAX/BTC,1602022489092,2020-10-06T22:14:49.092Z,sell,5.74e-06,1414.0,0.00811636
OAX/BTC,1602022596949,2020-10-06T22:16:36.949Z,buy,5.75e-06,323.0,0.00185725
OAX/BTC,1602024559954,2020-10-06T22:49:19.954Z,sell,5.74e-06,35.0,0.0002009
OAX/BTC,1602024559954,2020-10-06T22:49:19.954Z,sell,5.72e-06,354.0,0.00202488
OAX/BTC,1602024559954,2020-10-06T22:49:19.954Z,sell,5.71e-06,1597.0,0.00911887
OAX/BTC,1602024564577,2020-10-06T22:49:24.577Z,sell,5.71e-06,942.0,0.00537882
OAX/BTC,1602024571409,2020-10-06T22:49:31.409Z,sell,5.71e-06,942.0,0.00537882
OAX/BTC,1602024577341,2020-10-06T22:49:37.341Z,sell,5.71e-06,506.0,0.00288926
OAX/BTC,1602024577341,2020-10-06T22:49:37.341Z,sell,5.7e-06,436.0,0.0024852
OAX/BTC,1602024823417,2020-10-06T22:53:43.417Z,buy,5.73e-06,175.0,0.00100275
OAX/BTC,1602025534148,2020-10-06T23:05:34.148Z,sell,5.7e-06,990.0,0.005643
OAX/BTC,1602025880185,2020-10-06T23:11:20.185Z,sell,5.7e-06,76.0,0.0004331999999999
OAX/BTC,1602026037859,2020-10-06T23:13:57.859Z,sell,5.7e-06,18495.0,0.1054214999999999
OAX/BTC,1602026037859,2020-10-06T23:13:57.859Z,sell,5.7e-06,18495.0,0.1054214999999999
OAX/BTC,1602026322608,2020-10-06T23:18:42.608Z,sell,5.65e-06,265.0,0.00149725
OAX/BTC,1602026322608,2020-10-06T23:18:42.608Z,sell,5.63e-06,966.0,0.00543858
OAX/BTC,1602026322608,2020-10-06T23:18:42.608Z,sell,5.62e-06,737.0,0.00414194
OAX/BTC,1602026421707,2020-10-06T23:20:21.707Z,sell,5.63e-06,73.0,0.00041099
OAX/BTC,1602026528413,2020-10-06T23:22:08.413Z,sell,5.63e-06,5638.0,0.03174194
OAX/BTC,1602026941407,2020-10-06T23:29:01.407Z,sell,5.63e-06,784.0,0.00441392
OAX/BTC,1602027512909,2020-10-06T23:38:32.909Z,buy,5.68e-06,18.0,0.00010224
OAX/BTC,1602027512909,2020-10-06T23:38:32.909Z,buy,5.68e-06,118.0,0.00067024
OAX/BTC,1602027512909,2020-10-06T23:38:32.909Z,buy,5.68e-06,22.0,0.00012496
OAX/BTC,1602027872545,2020-10-06T23:44:32.545Z,buy,5.68e-06,18.0,0.00010224
OAX/BTC,1602027975724,2020-10-06T23:46:15.724Z,buy,5.68e-06,2626.0,0.0149156799999999
OAX/BTC,1602027975724,2020-10-06T23:46:15.724Z,buy,5.68e-06,2626.0,0.0149156799999999
OAX/BTC,1602029695951,2020-10-07T00:14:55.951Z,sell,5.65e-06,966.0,0.0054579
OAX/BTC,1602029695951,2020-10-07T00:14:55.951Z,sell,5.65e-06,12952.0,0.0731788
OAX/BTC,1602029695977,2020-10-07T00:14:55.977Z,sell,5.62e-06,200.0,0.001124
OAX/BTC,1602030743409,2020-10-07T00:32:23.409Z,sell,5.61e-06,692.0,0.0038821199999999
OAX/BTC,1602030873064,2020-10-07T00:34:33.064Z,buy,5.63e-06,178.0,0.00100214
OAX/BTC,1602030873064,2020-10-07T00:34:33.064Z,buy,5.63e-06,57.0,0.00032091
OAX/BTC,1602030873064,2020-10-07T00:34:33.064Z,buy,5.63e-06,25.0,0.00014075
OAX/BTC,1602030873064,2020-10-07T00:34:33.064Z,buy,5.63e-06,224.0,0.00126112
OAX/BTC,1602030961992,2020-10-07T00:36:01.992Z,buy,5.63e-06,936.0,0.00526968
OAX/BTC,1602031174303,2020-10-07T00:39:34.303Z,sell,5.61e-06,189.0,0.00106029
OAX/BTC,1602031193968,2020-10-07T00:39:53.968Z,sell,5.61e-06,503.0,0.00282183
OAX/BTC,1602031324853,2020-10-07T00:42:04.853Z,buy,5.63e-06,50.0,0.0002815
OAX/BTC,1602031324853,2020-10-07T00:42:04.853Z,buy,5.63e-06,50.0,0.0002815
OAX/BTC,1602032263246,2020-10-07T00:57:43.246Z,buy,5.62e-06,59.0,0.00033158
OAX/BTC,1602032665683,2020-10-07T01:04:25.683Z,sell,5.61e-06,28.0,0.0001570799999999
OAX/BTC,1602032715059,2020-10-07T01:05:15.059Z,sell,5.61e-06,701.0,0.00393261
OAX/BTC,1602032784806,2020-10-07T01:06:24.806Z,sell,5.61e-06,201.0,0.00112761
OAX/BTC,1602033240627,2020-10-07T01:14:00.627Z,sell,5.61e-06,1284.0,0.00720324
OAX/BTC,1602034139397,2020-10-07T01:28:59.397Z,sell,5.6e-06,1762.0,0.0098672
OAX/BTC,1602034139408,2020-10-07T01:28:59.408Z,sell,5.59e-06,5094.0,0.0284754599999999
OAX/BTC,1602034139514,2020-10-07T01:28:59.514Z,sell,5.59e-06,3425.0,0.01914575
OAX/BTC,1602034139611,2020-10-07T01:28:59.611Z,sell,5.59e-06,1711.0,0.00956449
OAX/BTC,1602034139811,2020-10-07T01:28:59.811Z,sell,5.59e-06,855.0,0.00477945
OAX/BTC,1602034139911,2020-10-07T01:28:59.911Z,sell,5.59e-06,427.0,0.0023869299999999
OAX/BTC,1602034140019,2020-10-07T01:29:00.019Z,sell,5.59e-06,213.0,0.00119067
OAX/BTC,1602034146666,2020-10-07T01:29:06.666Z,sell,5.59e-06,31.0,0.00017329
OAX/BTC,1602034149064,2020-10-07T01:29:09.064Z,sell,5.59e-06,213.0,0.00119067
OAX/BTC,1602034149086,2020-10-07T01:29:09.086Z,sell,5.59e-06,221.0,0.00123539
OAX/BTC,1602034150461,2020-10-07T01:29:10.461Z,sell,5.59e-06,1255.0,0.0070154499999999
OAX/BTC,1602034150478,2020-10-07T01:29:10.478Z,sell,5.59e-06,736.0,0.00411424
OAX/BTC,1602034153924,2020-10-07T01:29:13.924Z,sell,5.59e-06,358.0,0.0020012199999999
OAX/BTC,1602034331104,2020-10-07T01:32:11.104Z,sell,5.59e-06,14835.0,0.0829276499999999
OAX/BTC,1602034331116,2020-10-07T01:32:11.116Z,sell,5.58e-06,93.0,0.00051894
OAX/BTC,1602034331309,2020-10-07T01:32:11.309Z,sell,5.57e-06,7243.0,0.04034351
OAX/BTC,1602034331309,2020-10-07T01:32:11.309Z,sell,5.57e-06,174.0,0.00096918
OAX/BTC,1602034331309,2020-10-07T01:32:11.309Z,sell,5.57e-06,1460.0,0.0081322
OAX/BTC,1602034336054,2020-10-07T01:32:16.054Z,sell,5.57e-06,328.0,0.00182696
OAX/BTC,1602034354431,2020-10-07T01:32:34.431Z,buy,5.59e-06,523.0,0.00292357
OAX/BTC,1602034456439,2020-10-07T01:34:16.439Z,sell,5.57e-06,73.0,0.00040661
OAX/BTC,1602034484158,2020-10-07T01:34:44.158Z,sell,5.57e-06,1036.0,0.00577052
OAX/BTC,1602034484158,2020-10-07T01:34:44.158Z,sell,5.57e-06,1036.0,0.00577052
OAX/BTC,1602035029249,2020-10-07T01:43:49.249Z,sell,5.57e-06,2845.0,0.01584665
OAX/BTC,1602035029249,2020-10-07T01:43:49.249Z,sell,5.56e-06,4788.0,0.02662128
OAX/BTC,1602035049016,2020-10-07T01:44:09.016Z,buy,5.55e-06,574.0,0.0031857
OAX/BTC,1602035138344,2020-10-07T01:45:38.344Z,sell,5.54e-06,117.0,0.00064818
OAX/BTC,1602035140014,2020-10-07T01:45:40.014Z,sell,5.53e-06,181.0,0.00100093
OAX/BTC,1602035140014,2020-10-07T01:45:40.014Z,sell,5.52e-06,92.0,0.00050784
OAX/BTC,1602035167989,2020-10-07T01:46:07.989Z,buy,5.52e-06,36.0,0.00019872
OAX/BTC,1602035168451,2020-10-07T01:46:08.451Z,buy,5.52e-06,1490.0,0.0082247999999999
OAX/BTC,1602035209968,2020-10-07T01:46:49.968Z,buy,5.54e-06,224.0,0.00124096
OAX/BTC,1602035211507,2020-10-07T01:46:51.507Z,sell,5.52e-06,199.0,0.00109848
OAX/BTC,1602035235063,2020-10-07T01:47:15.063Z,sell,5.52e-06,73.0,0.0004029599999999
OAX/BTC,1602035274746,2020-10-07T01:47:54.746Z,sell,5.52e-06,49.0,0.0002704799999999
OAX/BTC,1602035289740,2020-10-07T01:48:09.740Z,buy,5.52e-06,25.0,0.000138
OAX/BTC,1602036187579,2020-10-07T02:03:07.579Z,buy,5.54e-06,1805.0,0.0099997
OAX/BTC,1602036187592,2020-10-07T02:03:07.592Z,buy,5.54e-06,903.0,0.00500262
OAX/BTC,1602036187812,2020-10-07T02:03:07.812Z,buy,5.54e-06,8200.0,0.045428
OAX/BTC,1602036187826,2020-10-07T02:03:07.826Z,buy,5.54e-06,4550.0,0.025207
OAX/BTC,1602036188163,2020-10-07T02:03:08.163Z,buy,5.54e-06,2269.0,0.01257026
OAX/BTC,1602036188263,2020-10-07T02:03:08.263Z,buy,5.54e-06,1134.0,0.00628236
OAX/BTC,1602036190863,2020-10-07T02:03:10.863Z,buy,5.54e-06,555.0,0.0030747
OAX/BTC,1602036190969,2020-10-07T02:03:10.969Z,buy,5.54e-06,277.0,0.00153458
OAX/BTC,1602036223378,2020-10-07T02:03:43.378Z,buy,5.54e-06,1804.0,0.00999416
OAX/BTC,1602036223390,2020-10-07T02:03:43.390Z,buy,5.54e-06,568.0,0.00314672
OAX/BTC,1602036223682,2020-10-07T02:03:43.682Z,buy,5.55e-06,722.0,0.0040071
OAX/BTC,1602036223786,2020-10-07T02:03:43.786Z,buy,5.55e-06,360.0,0.001998
OAX/BTC,1602036224797,2020-10-07T02:03:44.797Z,buy,5.55e-06,175.0,0.00097125
OAX/BTC,1602036224805,2020-10-07T02:03:44.805Z,buy,5.55e-06,266.0,0.0014763
OAX/BTC,1602036225625,2020-10-07T02:03:45.625Z,sell,5.53e-06,475.0,0.00262675
OAX/BTC,1602036225638,2020-10-07T02:03:45.638Z,buy,5.53e-06,370.0,0.0020461
OAX/BTC,1602036235988,2020-10-07T02:03:55.988Z,buy,5.53e-06,122.0,0.00067466
OAX/BTC,1602036238894,2020-10-07T02:03:58.894Z,buy,5.55e-06,225.0,0.00124875
OAX/BTC,1602036270092,2020-10-07T02:04:30.092Z,buy,5.55e-06,979.0,0.00543345
OAX/BTC,1602036270105,2020-10-07T02:04:30.105Z,buy,5.55e-06,576.0,0.0031968
OAX/BTC,1602036270208,2020-10-07T02:04:30.208Z,buy,5.55e-06,288.0,0.0015984
OAX/BTC,1602036324190,2020-10-07T02:05:24.190Z,sell,5.54e-06,181.0,0.00100274
OAX/BTC,1602036386928,2020-10-07T02:06:26.928Z,buy,5.55e-06,10.0,5.55e-05
OAX/BTC,1602036388711,2020-10-07T02:06:28.711Z,buy,5.57e-06,60.0,0.0003342
OAX/BTC,1602036388711,2020-10-07T02:06:28.711Z,buy,5.59e-06,2290.0,0.0128011
OAX/BTC,1602036388711,2020-10-07T02:06:28.711Z,buy,5.59e-06,148.0,0.00082732
OAX/BTC,1602036388711,2020-10-07T02:06:28.711Z,buy,5.59e-06,71.0,0.00039689
OAX/BTC,1602036388711,2020-10-07T02:06:28.711Z,buy,5.59e-06,168.0,0.00093912
OAX/BTC,1602036388711,2020-10-07T02:06:28.711Z,buy,5.59e-06,75.0,0.0004192499999999
OAX/BTC,1602036680270,2020-10-07T02:11:20.270Z,sell,5.56e-06,1751.0,0.00973556
OAX/BTC,1602036688271,2020-10-07T02:11:28.271Z,sell,5.55e-06,343.0,0.00190365
OAX/BTC,1602036688271,2020-10-07T02:11:28.271Z,sell,5.54e-06,159.0,0.00088086
OAX/BTC,1602036732909,2020-10-07T02:12:12.909Z,sell,5.53e-06,599.0,0.00331247
OAX/BTC,1602037083266,2020-10-07T02:18:03.266Z,buy,5.58e-06,19.0,0.00010602
OAX/BTC,1602037114935,2020-10-07T02:18:34.935Z,buy,5.58e-06,1792.0,0.00999936
OAX/BTC,1602037225532,2020-10-07T02:20:25.532Z,sell,5.57e-06,377.0,0.00209989
OAX/BTC,1602037225830,2020-10-07T02:20:25.830Z,sell,5.57e-06,189.0,0.00105273
OAX/BTC,1602037342086,2020-10-07T02:22:22.086Z,buy,5.58e-06,9174.0,0.05119092
OAX/BTC,1602037342086,2020-10-07T02:22:22.086Z,buy,5.59e-06,76633.0,0.42837847
OAX/BTC,1602037342086,2020-10-07T02:22:22.086Z,buy,5.6e-06,3638.0,0.0203728
OAX/BTC,1602037342086,2020-10-07T02:22:22.086Z,buy,5.6e-06,2000.0,0.0112
OAX/BTC,1602037363340,2020-10-07T02:22:43.340Z,buy,5.6e-06,178.0,0.0009968
OAX/BTC,1602037943181,2020-10-07T02:32:23.181Z,buy,5.59e-06,613.0,0.0034266699999999
OAX/BTC,1602037943181,2020-10-07T02:32:23.181Z,buy,5.59e-06,613.0,0.0034266699999999
OAX/BTC,1602038888196,2020-10-07T02:48:08.196Z,sell,5.54e-06,10000.0,0.0554
OAX/BTC,1602039027287,2020-10-07T02:50:27.287Z,sell,5.54e-06,33684.0,0.18660936
OAX/BTC,1602039032645,2020-10-07T02:50:32.645Z,sell,5.54e-06,387.0,0.00214398
OAX/BTC,1602039032645,2020-10-07T02:50:32.645Z,sell,5.54e-06,387.0,0.00214398
OAX/BTC,1602041913886,2020-10-07T03:38:33.886Z,buy,5.59e-06,5486.0,0.0306667399999999
OAX/BTC,1602042163474,2020-10-07T03:42:43.474Z,sell,5.54e-06,100.0,0.000554
OAX/BTC,1602042163474,2020-10-07T03:42:43.474Z,sell,5.54e-06,100.0,0.000554
OAX/BTC,1602042955015,2020-10-07T03:55:55.015Z,sell,5.54e-06,397.0,0.00219938
OAX/BTC,1602042955015,2020-10-07T03:55:55.015Z,sell,5.53e-06,634.0,0.00350602
OAX/BTC,1602042955015,2020-10-07T03:55:55.015Z,sell,5.52e-06,35.0,0.0001931999999999
OAX/BTC,1602042955015,2020-10-07T03:55:55.015Z,sell,5.51e-06,1307.0,0.00720157
OAX/BTC,1602042955015,2020-10-07T03:55:55.015Z,sell,5.5e-06,11459.0,0.0630245
OAX/BTC,1602042955015,2020-10-07T03:55:55.015Z,sell,5.49e-06,10267.0,0.05636583
OAX/BTC,1602042955015,2020-10-07T03:55:55.015Z,sell,5.48e-06,2629.0,0.01440692
OAX/BTC,1602042955015,2020-10-07T03:55:55.015Z,sell,5.47e-06,4924.0,0.02693428
OAX/BTC,1602042955015,2020-10-07T03:55:55.015Z,sell,5.46e-06,4056.0,0.02214576
OAX/BTC,1602042955015,2020-10-07T03:55:55.015Z,sell,5.45e-06,3000.0,0.01635
OAX/BTC,1602042955015,2020-10-07T03:55:55.015Z,sell,5.44e-06,1241.0,0.00675104
OAX/BTC,1602042956263,2020-10-07T03:55:56.263Z,buy,5.49e-06,23.0,0.00012627
OAX/BTC,1602042957817,2020-10-07T03:55:57.817Z,sell,5.46e-06,365.0,0.0019929
OAX/BTC,1602042958643,2020-10-07T03:55:58.643Z,buy,5.48e-06,19.0,0.00010412
OAX/BTC,1602042958710,2020-10-07T03:55:58.710Z,buy,5.48e-06,73.0,0.00040004
OAX/BTC,1602042958719,2020-10-07T03:55:58.719Z,buy,5.48e-06,73.0,0.00040004
OAX/BTC,1602042965647,2020-10-07T03:56:05.647Z,sell,5.46e-06,23823.0,0.13007358
OAX/BTC,1602042965647,2020-10-07T03:56:05.647Z,sell,5.45e-06,442.0,0.0024089
OAX/BTC,1602042965647,2020-10-07T03:56:05.647Z,sell,5.43e-06,3000.0,0.01629
OAX/BTC,1602042965685,2020-10-07T03:56:05.685Z,buy,5.43e-06,32169.0,0.1746776699999999
OAX/BTC,1602042965696,2020-10-07T03:56:05.696Z,buy,5.43e-06,926.0,0.0050281799999999
OAX/BTC,1602042965881,2020-10-07T03:56:05.881Z,buy,5.43e-06,16522.0,0.08971446
OAX/BTC,1602042965981,2020-10-07T03:56:05.981Z,buy,5.43e-06,8255.0,0.04482465
OAX/BTC,1602042966184,2020-10-07T03:56:06.184Z,buy,5.43e-06,4121.0,0.02237703
OAX/BTC,1602042966252,2020-10-07T03:56:06.252Z,buy,5.43e-06,15123.0,0.08211789
OAX/BTC,1602042966578,2020-10-07T03:56:06.578Z,buy,5.43e-06,9596.0,0.05210628
OAX/BTC,1602042966781,2020-10-07T03:56:06.781Z,buy,5.43e-06,4790.0,0.0260097
OAX/BTC,1602042966879,2020-10-07T03:56:06.879Z,buy,5.43e-06,2393.0,0.0129939899999999
OAX/BTC,1602042967078,2020-10-07T03:56:07.078Z,buy,5.43e-06,1195.0,0.00648885
OAX/BTC,1602042967178,2020-10-07T03:56:07.178Z,buy,5.43e-06,597.0,0.0032417099999999
OAX/BTC,1602042977188,2020-10-07T03:56:17.188Z,sell,5.42e-06,275.0,0.0014904999999999
OAX/BTC,1602042994744,2020-10-07T03:56:34.744Z,buy,5.43e-06,382.0,0.00207426
OAX/BTC,1602043028138,2020-10-07T03:57:08.138Z,buy,5.43e-06,37.0,0.00020091
OAX/BTC,1602043028365,2020-10-07T03:57:08.365Z,buy,5.43e-06,9800.0,0.053214
OAX/BTC,1602043028973,2020-10-07T03:57:08.973Z,sell,5.42e-06,73.0,0.00039566
OAX/BTC,1602043069917,2020-10-07T03:57:49.917Z,sell,5.44e-06,1665.0,0.0090575999999999
OAX/BTC,1602043069917,2020-10-07T03:57:49.917Z,sell,5.42e-06,11198.0,0.0606931599999999
OAX/BTC,1602043069917,2020-10-07T03:57:49.917Z,sell,5.41e-06,25521.0,0.13806861
OAX/BTC,1602043070038,2020-10-07T03:57:50.038Z,sell,5.4e-06,6387.0,0.0344898
OAX/BTC,1602043107507,2020-10-07T03:58:27.507Z,buy,5.45e-06,100.0,0.000545
OAX/BTC,1602043107507,2020-10-07T03:58:27.507Z,buy,5.46e-06,81.0,0.00044226
OAX/BTC,1602043172588,2020-10-07T03:59:32.588Z,sell,5.41e-06,205.0,0.0011090499999999
OAX/BTC,1602043175816,2020-10-07T03:59:35.816Z,sell,5.41e-06,12700.0,0.068707
OAX/BTC,1602043207412,2020-10-07T04:00:07.412Z,sell,5.4e-06,359.0,0.0019386
OAX/BTC,1602043207707,2020-10-07T04:00:07.707Z,sell,5.4e-06,700.0,0.00378
OAX/BTC,1602043207829,2020-10-07T04:00:07.829Z,buy,5.41e-06,8841.0,0.04782981
OAX/BTC,1602043215506,2020-10-07T04:00:15.506Z,sell,5.4e-06,185.0,0.0009989999999999
OAX/BTC,1602043224818,2020-10-07T04:00:24.818Z,sell,5.4e-06,507.0,0.0027378
OAX/BTC,1602043232602,2020-10-07T04:00:32.602Z,buy,5.41e-06,37.0,0.00020017
OAX/BTC,1602043277139,2020-10-07T04:01:17.139Z,sell,5.39e-06,13462.0,0.07256018
OAX/BTC,1602043277139,2020-10-07T04:01:17.139Z,sell,5.37e-06,521.0,0.00279777
OAX/BTC,1602043277139,2020-10-07T04:01:17.139Z,sell,5.36e-06,3022.0,0.01619792
OAX/BTC,1602043277245,2020-10-07T04:01:17.245Z,buy,5.36e-06,16869.0,0.09041784
OAX/BTC,1602043277445,2020-10-07T04:01:17.445Z,buy,5.36e-06,8421.0,0.04513656
OAX/BTC,1602043277558,2020-10-07T04:01:17.558Z,buy,5.36e-06,3820.0,0.0204752
OAX/BTC,1602043277559,2020-10-07T04:01:17.559Z,buy,5.36e-06,4207.0,0.02254952
OAX/BTC,1602043277750,2020-10-07T04:01:17.750Z,buy,5.36e-06,4008.0,0.02148288
OAX/BTC,1602043278051,2020-10-07T04:01:18.051Z,buy,5.36e-06,1999.0,0.01071464
OAX/BTC,1602043278154,2020-10-07T04:01:18.154Z,buy,5.36e-06,999.0,0.00535464
OAX/BTC,1602043278352,2020-10-07T04:01:18.352Z,buy,5.36e-06,498.0,0.00266928
OAX/BTC,1602043278549,2020-10-07T04:01:18.549Z,buy,5.36e-06,249.0,0.00133464
OAX/BTC,1602043287535,2020-10-07T04:01:27.535Z,buy,5.36e-06,868.0,0.00465248
OAX/BTC,1602043350085,2020-10-07T04:02:30.085Z,buy,5.36e-06,20.0,0.0001072
OAX/BTC,1602043361308,2020-10-07T04:02:41.308Z,sell,5.38e-06,2696.0,0.01450448
OAX/BTC,1602043361308,2020-10-07T04:02:41.308Z,sell,5.36e-06,1200.0,0.006432
OAX/BTC,1602043361308,2020-10-07T04:02:41.308Z,sell,5.35e-06,21717.0,0.11618595
OAX/BTC,1602043396080,2020-10-07T04:03:16.080Z,sell,5.34e-06,73.0,0.00038982
OAX/BTC,1602043396080,2020-10-07T04:03:16.080Z,sell,5.34e-06,32788.0,0.1750879199999999
OAX/BTC,1602043396095,2020-10-07T04:03:16.095Z,sell,5.34e-06,6348.0,0.0338983199999999
OAX/BTC,1602043396417,2020-10-07T04:03:16.417Z,sell,5.34e-06,1089.0,0.00581526
OAX/BTC,1602043420010,2020-10-07T04:03:40.010Z,sell,5.35e-06,472.0,0.0025252
OAX/BTC,1602043420010,2020-10-07T04:03:40.010Z,sell,5.34e-06,4851.0,0.0259043399999999
OAX/BTC,1602043420010,2020-10-07T04:03:40.010Z,sell,5.33e-06,373.0,0.00198809
OAX/BTC,1602043420010,2020-10-07T04:03:40.010Z,sell,5.32e-06,9845.0,0.0523753999999999
OAX/BTC,1602043420028,2020-10-07T04:03:40.028Z,buy,5.32e-06,26211.0,0.13944252
OAX/BTC,1602043420130,2020-10-07T04:03:40.130Z,buy,5.32e-06,13096.0,0.06967072
OAX/BTC,1602043420331,2020-10-07T04:03:40.331Z,buy,5.32e-06,6538.0,0.03478216
OAX/BTC,1602043420430,2020-10-07T04:03:40.430Z,buy,5.32e-06,3267.0,0.01738044
OAX/BTC,1602043420442,2020-10-07T04:03:40.442Z,buy,5.32e-06,21.0,0.00011172
OAX/BTC,1602043420634,2020-10-07T04:03:40.634Z,buy,5.32e-06,1641.0,0.00873012
OAX/BTC,1602043420728,2020-10-07T04:03:40.728Z,buy,5.32e-06,820.0,0.0043624
OAX/BTC,1602043420929,2020-10-07T04:03:40.929Z,buy,5.32e-06,409.0,0.00217588
OAX/BTC,1602043421123,2020-10-07T04:03:41.123Z,buy,5.32e-06,204.0,0.0010852799999999
OAX/BTC,1602043421169,2020-10-07T04:03:41.169Z,sell,5.31e-06,3616.0,0.01920096
OAX/BTC,1602043421228,2020-10-07T04:03:41.228Z,buy,5.32e-06,1910.0,0.0101612
OAX/BTC,1602043421428,2020-10-07T04:03:41.428Z,buy,5.32e-06,953.0,0.00506996
OAX/BTC,1602043421528,2020-10-07T04:03:41.528Z,buy,5.32e-06,476.0,0.00253232
OAX/BTC,1602043421625,2020-10-07T04:03:41.625Z,buy,5.32e-06,238.0,0.00126616
OAX/BTC,1602043421627,2020-10-07T04:03:41.627Z,sell,5.31e-06,376.0,0.00199656
OAX/BTC,1602043421725,2020-10-07T04:03:41.725Z,buy,5.32e-06,307.0,0.00163324
OAX/BTC,1602043422206,2020-10-07T04:03:42.206Z,buy,5.32e-06,94.0,0.00050008
OAX/BTC,1602043422219,2020-10-07T04:03:42.219Z,buy,5.32e-06,200.0,0.001064
OAX/BTC,1602043422293,2020-10-07T04:03:42.293Z,buy,5.32e-06,1461.0,0.00777252
OAX/BTC,1602043422325,2020-10-07T04:03:42.325Z,buy,5.32e-06,830.0,0.0044155999999999
OAX/BTC,1602043422426,2020-10-07T04:03:42.426Z,buy,5.32e-06,415.0,0.0022077999999999
OAX/BTC,1602043422629,2020-10-07T04:03:42.629Z,buy,5.32e-06,207.0,0.00110124
OAX/BTC,1602043424123,2020-10-07T04:03:44.123Z,buy,5.32e-06,911.0,0.00484652
OAX/BTC,1602043424136,2020-10-07T04:03:44.136Z,buy,5.32e-06,558.0,0.00296856
OAX/BTC,1602043424531,2020-10-07T04:03:44.531Z,buy,5.32e-06,278.0,0.0014789599999999
OAX/BTC,1602043429677,2020-10-07T04:03:49.677Z,buy,5.32e-06,393.0,0.00209076
OAX/BTC,1602043429689,2020-10-07T04:03:49.689Z,buy,5.32e-06,329.0,0.0017502799999999
OAX/BTC,1602043441280,2020-10-07T04:04:01.280Z,buy,5.32e-06,21789.0,0.11591748
OAX/BTC,1602043441288,2020-10-07T04:04:01.288Z,buy,5.32e-06,11044.0,0.05875408
OAX/BTC,1602043441542,2020-10-07T04:04:01.542Z,buy,5.32e-06,5511.0,0.02931852
OAX/BTC,1602043441838,2020-10-07T04:04:01.838Z,buy,5.32e-06,2749.0,0.01462468
OAX/BTC,1602043441935,2020-10-07T04:04:01.935Z,buy,5.32e-06,1374.0,0.00730968
OAX/BTC,1602043442040,2020-10-07T04:04:02.040Z,buy,5.32e-06,686.0,0.00364952
OAX/BTC,1602043442241,2020-10-07T04:04:02.241Z,buy,5.32e-06,342.0,0.0018194399999999
OAX/BTC,1602043508103,2020-10-07T04:05:08.103Z,buy,5.32e-06,38.0,0.00020216
OAX/BTC,1602043523825,2020-10-07T04:05:23.825Z,buy,5.32e-06,26.0,0.00013832
OAX/BTC,1602043555500,2020-10-07T04:05:55.500Z,sell,5.31e-06,79.0,0.00041949
OAX/BTC,1602043555511,2020-10-07T04:05:55.511Z,buy,5.32e-06,403.0,0.00214396
OAX/BTC,1602043555526,2020-10-07T04:05:55.526Z,buy,5.32e-06,330.0,0.0017556
OAX/BTC,1602043562693,2020-10-07T04:06:02.693Z,buy,5.32e-06,3292.0,0.0175134399999999
OAX/BTC,1602043562706,2020-10-07T04:06:02.706Z,buy,5.32e-06,1802.0,0.00958664
OAX/BTC,1602043562810,2020-10-07T04:06:02.810Z,buy,5.32e-06,900.0,0.004788
OAX/BTC,1602043562907,2020-10-07T04:06:02.907Z,buy,5.32e-06,450.0,0.002394
OAX/BTC,1602043564710,2020-10-07T04:06:04.710Z,buy,5.32e-06,221.0,0.0011757199999999
OAX/BTC,1602043587604,2020-10-07T04:06:27.604Z,buy,5.32e-06,251.0,0.0013353199999999
OAX/BTC,1602043587616,2020-10-07T04:06:27.616Z,buy,5.32e-06,217.0,0.00115444
OAX/BTC,1602043630287,2020-10-07T04:07:10.287Z,sell,5.31e-06,8922.0,0.04737582
OAX/BTC,1602043630305,2020-10-07T04:07:10.305Z,buy,5.31e-06,2040.0,0.0108324
OAX/BTC,1602043630318,2020-10-07T04:07:10.318Z,buy,5.31e-06,8837.0,0.04692447
OAX/BTC,1602043630440,2020-10-07T04:07:10.440Z,buy,5.31e-06,4828.0,0.02563668
OAX/BTC,1602043630440,2020-10-07T04:07:10.440Z,buy,5.32e-06,3099.0,0.01648668
OAX/BTC,1602043630540,2020-10-07T04:07:10.540Z,buy,5.32e-06,3961.0,0.02107252
OAX/BTC,1602043630945,2020-10-07T04:07:10.945Z,buy,5.32e-06,1974.0,0.01050168
OAX/BTC,1602043631047,2020-10-07T04:07:11.047Z,buy,5.32e-06,986.0,0.00524552
OAX/BTC,1602043631245,2020-10-07T04:07:11.245Z,buy,5.32e-06,492.0,0.00261744
OAX/BTC,1602043632247,2020-10-07T04:07:12.247Z,buy,5.32e-06,244.0,0.00129808
OAX/BTC,1602043751773,2020-10-07T04:09:11.773Z,buy,5.32e-06,4312.0,0.02293984
OAX/BTC,1602043751786,2020-10-07T04:09:11.786Z,buy,5.32e-06,2201.0,0.01170932
OAX/BTC,1602043752104,2020-10-07T04:09:12.104Z,buy,5.32e-06,1098.0,0.00584136
OAX/BTC,1602043752204,2020-10-07T04:09:12.204Z,buy,5.32e-06,548.0,0.00291536
OAX/BTC,1602043752304,2020-10-07T04:09:12.304Z,buy,5.32e-06,274.0,0.00145768
OAX/BTC,1602043804222,2020-10-07T04:10:04.222Z,buy,5.31e-06,365.0,0.00193815
OAX/BTC,1602043804233,2020-10-07T04:10:04.233Z,buy,5.31e-06,271.0,0.00143901
OAX/BTC,1602043813538,2020-10-07T04:10:13.538Z,buy,5.31e-06,767.0,0.00407277
OAX/BTC,1602043813551,2020-10-07T04:10:13.551Z,buy,5.31e-06,509.0,0.00270279
OAX/BTC,1602043813838,2020-10-07T04:10:13.838Z,buy,5.31e-06,254.0,0.00134874
OAX/BTC,1602043874305,2020-10-07T04:11:14.305Z,buy,5.31e-06,16.0,8.496e-05
OAX/BTC,1602043874305,2020-10-07T04:11:14.305Z,buy,5.32e-06,3423.0,0.01821036
OAX/BTC,1602043874318,2020-10-07T04:11:14.318Z,buy,5.32e-06,1796.0,0.00955472
OAX/BTC,1602043874584,2020-10-07T04:11:14.584Z,buy,5.32e-06,896.0,0.00476672
OAX/BTC,1602043874774,2020-10-07T04:11:14.774Z,buy,5.32e-06,447.0,0.00237804
OAX/BTC,1602043874877,2020-10-07T04:11:14.877Z,buy,5.32e-06,224.0,0.00119168
OAX/BTC,1602043877184,2020-10-07T04:11:17.184Z,buy,5.32e-06,1444.0,0.00768208
OAX/BTC,1602043878914,2020-10-07T04:11:18.914Z,buy,5.35e-06,185.0,0.00098975
OAX/BTC,1602043878914,2020-10-07T04:11:18.914Z,buy,5.35e-06,389.0,0.00208115
OAX/BTC,1602043929034,2020-10-07T04:12:09.034Z,sell,5.31e-06,187.0,0.00099297
OAX/BTC,1602043944719,2020-10-07T04:12:24.719Z,buy,5.35e-06,322.0,0.0017227
OAX/BTC,1602043999490,2020-10-07T04:13:19.490Z,buy,5.36e-06,187.0,0.00100232
OAX/BTC,1602043999490,2020-10-07T04:13:19.490Z,buy,5.36e-06,182.0,0.00097552
OAX/BTC,1602043999490,2020-10-07T04:13:19.490Z,buy,5.36e-06,184.0,0.00098624
OAX/BTC,1602043999499,2020-10-07T04:13:19.499Z,buy,5.36e-06,631.0,0.00338216
OAX/BTC,1602043999645,2020-10-07T04:13:19.645Z,buy,5.36e-06,316.0,0.00169376
OAX/BTC,1602044107101,2020-10-07T04:15:07.101Z,buy,5.36e-06,1037.0,0.00555832
OAX/BTC,1602044107101,2020-10-07T04:15:07.101Z,buy,5.37e-06,4993.0,0.02681241
OAX/BTC,1602044107101,2020-10-07T04:15:07.101Z,buy,5.38e-06,5015.0,0.0269807
OAX/BTC,1602044107101,2020-10-07T04:15:07.101Z,buy,5.39e-06,8513.0,0.04588507
OAX/BTC,1602044107101,2020-10-07T04:15:07.101Z,buy,5.39e-06,60.0,0.0003234
OAX/BTC,1602044249289,2020-10-07T04:17:29.289Z,sell,5.32e-06,2336.0,0.01242752
OAX/BTC,1602044249302,2020-10-07T04:17:29.302Z,buy,5.32e-06,783.0,0.00416556
OAX/BTC,1602044263184,2020-10-07T04:17:43.184Z,buy,5.37e-06,768.0,0.00412416
OAX/BTC,1602044437446,2020-10-07T04:20:37.446Z,sell,5.33e-06,272.0,0.00144976
OAX/BTC,1602044437446,2020-10-07T04:20:37.446Z,sell,5.32e-06,293.0,0.00155876
OAX/BTC,1602044453394,2020-10-07T04:20:53.394Z,buy,5.34e-06,1111.0,0.00593274
OAX/BTC,1602044453695,2020-10-07T04:20:53.695Z,buy,5.35e-06,293.0,0.0015675499999999
OAX/BTC,1602044965242,2020-10-07T04:29:25.242Z,sell,5.33e-06,154.0,0.00082082
OAX/BTC,1602044965640,2020-10-07T04:29:25.640Z,sell,5.32e-06,1810.0,0.0096292
OAX/BTC,1602044984886,2020-10-07T04:29:44.886Z,buy,5.37e-06,841.0,0.00451617
OAX/BTC,1602044985185,2020-10-07T04:29:45.185Z,buy,5.37e-06,420.0,0.0022554
OAX/BTC,1602044991925,2020-10-07T04:29:51.925Z,sell,5.36e-06,795.0,0.0042612
OAX/BTC,1602045027280,2020-10-07T04:30:27.280Z,buy,5.37e-06,23.0,0.00012351
OAX/BTC,1602045027280,2020-10-07T04:30:27.280Z,buy,5.38e-06,690.0,0.0037122
OAX/BTC,1602045027280,2020-10-07T04:30:27.280Z,buy,5.39e-06,5047.0,0.02720333
OAX/BTC,1602045040964,2020-10-07T04:30:40.964Z,buy,5.4e-06,6162.0,0.0332748
OAX/BTC,1602045098402,2020-10-07T04:31:38.402Z,buy,5.4e-06,768.0,0.0041472
OAX/BTC,1602045098453,2020-10-07T04:31:38.453Z,sell,5.4e-06,1170.0,0.006318
OAX/BTC,1602045141066,2020-10-07T04:32:21.066Z,sell,5.37e-06,147.0,0.00078939
OAX/BTC,1602045355951,2020-10-07T04:35:55.951Z,buy,5.4e-06,147.0,0.0007938
OAX/BTC,1602045355951,2020-10-07T04:35:55.951Z,buy,5.41e-06,39.0,0.0002109899999999
OAX/BTC,1602045668266,2020-10-07T04:41:08.266Z,sell,5.39e-06,2286.0,0.01232154
OAX/BTC,1602045668672,2020-10-07T04:41:08.672Z,sell,5.38e-06,50.0,0.000269
OAX/BTC,1602045675292,2020-10-07T04:41:15.292Z,sell,5.36e-06,845.0,0.0045292
OAX/BTC,1602045675704,2020-10-07T04:41:15.704Z,sell,5.35e-06,1318.0,0.0070512999999999
OAX/BTC,1602045676096,2020-10-07T04:41:16.096Z,sell,5.34e-06,67.0,0.00035778
OAX/BTC,1602045676096,2020-10-07T04:41:16.096Z,sell,5.34e-06,67.0,0.00035778
OAX/BTC,1602046120300,2020-10-07T04:48:40.300Z,buy,5.38e-06,187.0,0.00100606
OAX/BTC,1602046380035,2020-10-07T04:53:00.035Z,buy,5.38e-06,185.0,0.0009953
OAX/BTC,1602046432850,2020-10-07T04:53:52.850Z,buy,5.38e-06,55.0,0.0002959
OAX/BTC,1602046547240,2020-10-07T04:55:47.240Z,sell,5.36e-06,5779.0,0.03097544
OAX/BTC,1602046547979,2020-10-07T04:55:47.979Z,sell,5.33e-06,2814.0,0.0149986199999999
OAX/BTC,1602046805413,2020-10-07T05:00:05.413Z,buy,5.37e-06,20.0,0.0001074
OAX/BTC,1602046805426,2020-10-07T05:00:05.426Z,buy,5.37e-06,515.0,0.00276555
OAX/BTC,1602048384748,2020-10-07T05:26:24.748Z,buy,5.38e-06,2365.0,0.0127237
OAX/BTC,1602048384748,2020-10-07T05:26:24.748Z,buy,5.39e-06,9654.0,0.05203506
OAX/BTC,1602048384748,2020-10-07T05:26:24.748Z,buy,5.4e-06,26275.0,0.141885
OAX/BTC,1602048384748,2020-10-07T05:26:24.748Z,buy,5.41e-06,5009.0,0.0270986899999999
OAX/BTC,1602048384748,2020-10-07T05:26:24.748Z,buy,5.42e-06,1097.0,0.00594574
OAX/BTC,1602048384748,2020-10-07T05:26:24.748Z,buy,5.43e-06,16260.0,0.0882917999999999
OAX/BTC,1602048384810,2020-10-07T05:26:24.810Z,sell,5.43e-06,2071.0,0.01124553
OAX/BTC,1602048384820,2020-10-07T05:26:24.820Z,sell,5.43e-06,733.0,0.00398019
OAX/BTC,1602048384848,2020-10-07T05:26:24.848Z,sell,5.43e-06,202.0,0.0010968599999999
OAX/BTC,1602048384936,2020-10-07T05:26:24.936Z,buy,5.44e-06,8975.0,0.048824
OAX/BTC,1602048385122,2020-10-07T05:26:25.122Z,sell,5.43e-06,2195.0,0.01191885
OAX/BTC,1602048385130,2020-10-07T05:26:25.130Z,buy,5.45e-06,7044.0,0.0383898
OAX/BTC,1602048385223,2020-10-07T05:26:25.223Z,sell,5.43e-06,506.0,0.00274758
OAX/BTC,1602048385517,2020-10-07T05:26:25.517Z,sell,5.43e-06,213.0,0.0011565899999999
OAX/BTC,1602048385524,2020-10-07T05:26:25.524Z,sell,5.43e-06,210.0,0.0011403
OAX/BTC,1602048385547,2020-10-07T05:26:25.547Z,sell,5.43e-06,358.0,0.00194394
OAX/BTC,1602048386132,2020-10-07T05:26:26.132Z,buy,5.46e-06,2814.0,0.01536444
OAX/BTC,1602048386289,2020-10-07T05:26:26.289Z,buy,5.47e-06,2350.0,0.0128545
OAX/BTC,1602048393436,2020-10-07T05:26:33.436Z,buy,5.48e-06,2836.0,0.01554128
OAX/BTC,1602048393436,2020-10-07T05:26:33.436Z,buy,5.49e-06,15014.0,0.08242686
OAX/BTC,1602048393619,2020-10-07T05:26:33.619Z,sell,5.49e-06,1793.0,0.00984357
OAX/BTC,1602048394662,2020-10-07T05:26:34.662Z,sell,5.49e-06,527.0,0.00289323
OAX/BTC,1602048435078,2020-10-07T05:27:15.078Z,sell,5.47e-06,59.0,0.00032273
OAX/BTC,1602048435159,2020-10-07T05:27:15.159Z,buy,5.47e-06,2291.0,0.01253177
OAX/BTC,1602048439524,2020-10-07T05:27:19.524Z,sell,5.46e-06,186.0,0.00101556
OAX/BTC,1602048439867,2020-10-07T05:27:19.867Z,buy,5.49e-06,186.0,0.00102114
OAX/BTC,1602048440589,2020-10-07T05:27:20.589Z,sell,5.47e-06,50.0,0.0002735
OAX/BTC,1602048440589,2020-10-07T05:27:20.589Z,sell,5.46e-06,135.0,0.0007371
OAX/BTC,1602048441466,2020-10-07T05:27:21.466Z,sell,5.46e-06,187.0,0.00102102
OAX/BTC,1602048455442,2020-10-07T05:27:35.442Z,sell,5.48e-06,236.0,0.00129328
OAX/BTC,1602048455878,2020-10-07T05:27:35.878Z,buy,5.49e-06,322.0,0.00176778
OAX/BTC,1602048504669,2020-10-07T05:28:24.669Z,buy,5.47e-06,29595.0,0.16188465
OAX/BTC,1602048504669,2020-10-07T05:28:24.669Z,buy,5.5e-06,49797.0,0.2738835
OAX/BTC,1602048504669,2020-10-07T05:28:24.669Z,buy,5.51e-06,5009.0,0.02759959
OAX/BTC,1602048504669,2020-10-07T05:28:24.669Z,buy,5.52e-06,3073.0,0.01696296
OAX/BTC,1602048504669,2020-10-07T05:28:24.669Z,buy,5.53e-06,18997.0,0.10505341
OAX/BTC,1602048504701,2020-10-07T05:28:24.701Z,buy,5.54e-06,1758.0,0.00973932
OAX/BTC,1602048506106,2020-10-07T05:28:26.106Z,sell,5.53e-06,25.0,0.00013825
OAX/BTC,1602048506900,2020-10-07T05:28:26.900Z,buy,5.55e-06,5918.0,0.0328449
OAX/BTC,1602048514807,2020-10-07T05:28:34.807Z,buy,5.56e-06,5352.0,0.02975712
OAX/BTC,1602048514825,2020-10-07T05:28:34.825Z,sell,5.55e-06,2105.0,0.01168275
OAX/BTC,1602048540456,2020-10-07T05:29:00.456Z,sell,5.55e-06,184.0,0.0010212
OAX/BTC,1602048540518,2020-10-07T05:29:00.518Z,buy,5.55e-06,28395.0,0.15759225
OAX/BTC,1602048689512,2020-10-07T05:31:29.512Z,buy,5.54e-06,12627.0,0.06995358
OAX/BTC,1602048689512,2020-10-07T05:31:29.512Z,sell,5.54e-06,109.0,0.00060386
OAX/BTC,1602048705263,2020-10-07T05:31:45.263Z,buy,5.54e-06,2289.0,0.01268106
OAX/BTC,1602048705263,2020-10-07T05:31:45.263Z,buy,5.55e-06,25517.0,0.14161935
OAX/BTC,1602048714622,2020-10-07T05:31:54.622Z,buy,5.59e-06,30575.0,0.17091425
OAX/BTC,1602048714642,2020-10-07T05:31:54.642Z,sell,5.59e-06,8355.0,0.04670445
OAX/BTC,1602048821679,2020-10-07T05:33:41.679Z,sell,5.55e-06,382.0,0.0021201
OAX/BTC,1602048844430,2020-10-07T05:34:04.430Z,sell,5.55e-06,2094.0,0.0116217
OAX/BTC,1602048844430,2020-10-07T05:34:04.430Z,sell,5.54e-06,4312.0,0.02388848
OAX/BTC,1602048845937,2020-10-07T05:34:05.937Z,sell,5.52e-06,322.0,0.00177744
OAX/BTC,1602048851877,2020-10-07T05:34:11.877Z,sell,5.51e-06,599.0,0.0033004899999999
OAX/BTC,1602048851877,2020-10-07T05:34:11.877Z,sell,5.5e-06,4996.0,0.027478
OAX/BTC,1602048851986,2020-10-07T05:34:11.986Z,buy,5.5e-06,1377.0,0.0075734999999999
OAX/BTC,1602048851999,2020-10-07T05:34:11.999Z,buy,5.5e-06,1377.0,0.0075734999999999
OAX/BTC,1602048852085,2020-10-07T05:34:12.085Z,buy,5.5e-06,1377.0,0.0075734999999999
OAX/BTC,1602048852123,2020-10-07T05:34:12.123Z,buy,5.5e-06,1900.0,0.01045
OAX/BTC,1602048852191,2020-10-07T05:34:12.191Z,buy,5.5e-06,854.0,0.004697
OAX/BTC,1602048852387,2020-10-07T05:34:12.387Z,buy,5.5e-06,1284.0,0.007062
OAX/BTC,1602048858181,2020-10-07T05:34:18.181Z,sell,5.49e-06,1979.0,0.01086471
OAX/BTC,1602048864583,2020-10-07T05:34:24.583Z,sell,5.49e-06,27.0,0.00014823
OAX/BTC,1602048871319,2020-10-07T05:34:31.319Z,sell,5.48e-06,1166.0,0.00638968
OAX/BTC,1602048877160,2020-10-07T05:34:37.160Z,sell,5.5e-06,27.0,0.0001485
OAX/BTC,1602048879128,2020-10-07T05:34:39.128Z,buy,5.5e-06,27.0,0.0001485
OAX/BTC,1602048889757,2020-10-07T05:34:49.757Z,sell,5.5e-06,27.0,0.0001485
OAX/BTC,1602048898138,2020-10-07T05:34:58.138Z,buy,5.5e-06,27.0,0.0001485
OAX/BTC,1602048898138,2020-10-07T05:34:58.138Z,buy,5.51e-06,1296.0,0.00714096
OAX/BTC,1602048898138,2020-10-07T05:34:58.138Z,buy,5.53e-06,2094.0,0.01157982
OAX/BTC,1602048898138,2020-10-07T05:34:58.138Z,buy,5.54e-06,3000.0,0.01662
OAX/BTC,1602048898138,2020-10-07T05:34:58.138Z,buy,5.55e-06,11753.0,0.06522915
OAX/BTC,1602048898211,2020-10-07T05:34:58.211Z,sell,5.55e-06,23580.0,0.130869
OAX/BTC,1602048898312,2020-10-07T05:34:58.312Z,sell,5.55e-06,11781.0,0.06538455
OAX/BTC,1602048898907,2020-10-07T05:34:58.907Z,sell,5.55e-06,5862.0,0.0325341
OAX/BTC,1602048899007,2020-10-07T05:34:59.007Z,sell,5.55e-06,2929.0,0.01625595
OAX/BTC,1602048899112,2020-10-07T05:34:59.112Z,sell,5.55e-06,1463.0,0.00811965
OAX/BTC,1602048899409,2020-10-07T05:34:59.409Z,sell,5.55e-06,730.0,0.0040515
OAX/BTC,1602048900117,2020-10-07T05:35:00.117Z,sell,5.55e-06,363.0,0.00201465
OAX/BTC,1602048900216,2020-10-07T05:35:00.216Z,sell,5.55e-06,181.0,0.00100455
OAX/BTC,1602048903525,2020-10-07T05:35:03.525Z,sell,5.55e-06,475.0,0.00263625
OAX/BTC,1602048913841,2020-10-07T05:35:13.841Z,sell,5.55e-06,3498.0,0.0194139
OAX/BTC,1602049052450,2020-10-07T05:37:32.450Z,sell,5.55e-06,326.0,0.0018093
OAX/BTC,1602049081511,2020-10-07T05:38:01.511Z,buy,5.56e-06,634.0,0.00352504
OAX/BTC,1602049081511,2020-10-07T05:38:01.511Z,buy,5.56e-06,634.0,0.00352504
OAX/BTC,1602050009983,2020-10-07T05:53:29.983Z,sell,5.55e-06,1800.0,0.00999
OAX/BTC,1602050459053,2020-10-07T06:00:59.053Z,buy,5.56e-06,7210.0,0.0400876
OAX/BTC,1602050461369,2020-10-07T06:01:01.369Z,sell,5.56e-06,3557.0,0.01977692
OAX/BTC,1602050461566,2020-10-07T06:01:01.566Z,sell,5.56e-06,1776.0,0.00987456
OAX/BTC,1602050461662,2020-10-07T06:01:01.662Z,sell,5.56e-06,257.0,0.00142892
OAX/BTC,1602051301713,2020-10-07T06:15:01.713Z,buy,5.6e-06,12642.0,0.0707952
OAX/BTC,1602051301728,2020-10-07T06:15:01.728Z,sell,5.6e-06,6321.0,0.0353976
OAX/BTC,1602051302032,2020-10-07T06:15:02.032Z,sell,5.6e-06,3153.0,0.0176568
OAX/BTC,1602051302132,2020-10-07T06:15:02.132Z,sell,5.6e-06,1575.0,0.00882
OAX/BTC,1602051302327,2020-10-07T06:15:02.327Z,sell,5.6e-06,787.0,0.0044072
OAX/BTC,1602051302438,2020-10-07T06:15:02.438Z,sell,5.6e-06,393.0,0.0022007999999999
OAX/BTC,1602051302626,2020-10-07T06:15:02.626Z,sell,5.6e-06,196.0,0.0010976
OAX/BTC,1602051310631,2020-10-07T06:15:10.631Z,sell,5.6e-06,867.0,0.0048552
OAX/BTC,1602051310643,2020-10-07T06:15:10.643Z,sell,5.6e-06,525.0,0.00294
OAX/BTC,1602051310659,2020-10-07T06:15:10.659Z,sell,5.6e-06,2273.0,0.0127288
OAX/BTC,1602051310837,2020-10-07T06:15:10.837Z,sell,5.6e-06,1397.0,0.0078231999999999
OAX/BTC,1602051310930,2020-10-07T06:15:10.930Z,sell,5.6e-06,698.0,0.0039088
OAX/BTC,1602051311634,2020-10-07T06:15:11.634Z,sell,5.6e-06,347.0,0.0019432
OAX/BTC,1602052105153,2020-10-07T06:28:25.153Z,buy,5.6e-06,36.0,0.0002016
OAX/BTC,1602052105153,2020-10-07T06:28:25.153Z,buy,5.61e-06,73.0,0.0004095299999999
OAX/BTC,1602052105153,2020-10-07T06:28:25.153Z,buy,5.62e-06,774.0,0.00434988
OAX/BTC,1602052105734,2020-10-07T06:28:25.734Z,sell,5.56e-06,8841.0,0.04915596
OAX/BTC,1602052105734,2020-10-07T06:28:25.734Z,sell,5.56e-06,182.0,0.00101192
OAX/BTC,1602052145476,2020-10-07T06:29:05.476Z,buy,5.61e-06,10792.0,0.06054312
OAX/BTC,1602052145476,2020-10-07T06:29:05.476Z,buy,5.62e-06,19193.0,0.10786466
OAX/BTC,1602052150698,2020-10-07T06:29:10.698Z,sell,5.62e-06,17761.0,0.09981682
OAX/BTC,1602052150993,2020-10-07T06:29:10.993Z,sell,5.62e-06,8860.0,0.0497932
OAX/BTC,1602052151090,2020-10-07T06:29:11.090Z,sell,5.62e-06,4426.0,0.02487412
OAX/BTC,1602052151291,2020-10-07T06:29:11.291Z,sell,5.62e-06,2210.0,0.0124202
OAX/BTC,1602052151490,2020-10-07T06:29:11.490Z,sell,5.62e-06,1103.0,0.00619886
OAX/BTC,1602052151793,2020-10-07T06:29:11.793Z,sell,5.62e-06,207.0,0.00116334
OAX/BTC,1602052229124,2020-10-07T06:30:29.124Z,buy,5.62e-06,1663.0,0.00934606
OAX/BTC,1602052229229,2020-10-07T06:30:29.229Z,sell,5.62e-06,1065.0,0.0059853
OAX/BTC,1602052229329,2020-10-07T06:30:29.329Z,sell,5.62e-06,532.0,0.00298984
OAX/BTC,1602052229633,2020-10-07T06:30:29.633Z,sell,5.62e-06,265.0,0.0014893
OAX/BTC,1602052288388,2020-10-07T06:31:28.388Z,buy,5.63e-06,2956.0,0.01664228
OAX/BTC,1602052288388,2020-10-07T06:31:28.388Z,buy,5.64e-06,12393.0,0.06989652
OAX/BTC,1602052288402,2020-10-07T06:31:28.402Z,sell,5.64e-06,1272.0,0.00717408
OAX/BTC,1602052288561,2020-10-07T06:31:28.561Z,sell,5.64e-06,1472.0,0.00830208
OAX/BTC,1602052315769,2020-10-07T06:31:55.769Z,buy,5.65e-06,975.0,0.00550875
OAX/BTC,1602052315769,2020-10-07T06:31:55.769Z,buy,5.66e-06,11837.0,0.06699742
OAX/BTC,1602052315878,2020-10-07T06:31:55.878Z,sell,5.66e-06,1723.0,0.00975218
OAX/BTC,1602052329008,2020-10-07T06:32:09.008Z,sell,5.61e-06,432.0,0.0024235199999999
OAX/BTC,1602052337102,2020-10-07T06:32:17.102Z,buy,5.64e-06,432.0,0.00243648
OAX/BTC,1602052337196,2020-10-07T06:32:17.196Z,sell,5.64e-06,9306.0,0.05248584
OAX/BTC,1602052337394,2020-10-07T06:32:17.394Z,sell,5.64e-06,4646.0,0.02620344
OAX/BTC,1602052337594,2020-10-07T06:32:17.594Z,sell,5.64e-06,2320.0,0.0130848
OAX/BTC,1602052338052,2020-10-07T06:32:18.052Z,sell,5.64e-06,109.0,0.00061476
OAX/BTC,1602052434942,2020-10-07T06:33:54.942Z,buy,5.64e-06,15567.0,0.08779788
OAX/BTC,1602052444849,2020-10-07T06:34:04.849Z,sell,5.64e-06,7664.0,0.04322496
OAX/BTC,1602052444950,2020-10-07T06:34:04.950Z,sell,5.64e-06,3829.0,0.02159556
OAX/BTC,1602052445148,2020-10-07T06:34:05.148Z,sell,5.64e-06,1911.0,0.01077804
OAX/BTC,1602052445249,2020-10-07T06:34:05.249Z,sell,5.64e-06,955.0,0.0053862
OAX/BTC,1602052445484,2020-10-07T06:34:05.484Z,sell,5.64e-06,10500.0,0.05922
OAX/BTC,1602052445492,2020-10-07T06:34:05.492Z,sell,5.64e-06,5727.0,0.03230028
OAX/BTC,1602052450265,2020-10-07T06:34:10.265Z,sell,5.62e-06,18.0,0.00010116
OAX/BTC,1602052450309,2020-10-07T06:34:10.309Z,sell,5.62e-06,72.0,0.00040464
OAX/BTC,1602052450510,2020-10-07T06:34:10.510Z,sell,5.62e-06,73.0,0.00041026
OAX/BTC,1602052450510,2020-10-07T06:34:10.510Z,sell,5.62e-06,73.0,0.00041026
OAX/BTC,1602052723523,2020-10-07T06:38:43.523Z,sell,5.61e-06,1764.0,0.00989604
OAX/BTC,1602054825433,2020-10-07T07:13:45.433Z,sell,5.62e-06,4187.0,0.02353094
OAX/BTC,1602054839462,2020-10-07T07:13:59.462Z,sell,5.61e-06,1005.0,0.0056380499999999
OAX/BTC,1602054865278,2020-10-07T07:14:25.278Z,buy,5.62e-06,893.0,0.00501866
OAX/BTC,1602054908700,2020-10-07T07:15:08.700Z,buy,5.62e-06,215.0,0.0012083
OAX/BTC,1602055822515,2020-10-07T07:30:22.515Z,sell,5.62e-06,1448.0,0.00813776
OAX/BTC,1602055886676,2020-10-07T07:31:26.676Z,buy,5.66e-06,1927.0,0.01090682
OAX/BTC,1602055886676,2020-10-07T07:31:26.676Z,buy,5.67e-06,10312.0,0.05846904
OAX/BTC,1602055889225,2020-10-07T07:31:29.225Z,buy,5.67e-06,2010.0,0.0113967
OAX/BTC,1602055889514,2020-10-07T07:31:29.514Z,sell,5.67e-06,234.0,0.00132678
OAX/BTC,1602055905852,2020-10-07T07:31:45.852Z,buy,5.7e-06,1009.0,0.0057513
OAX/BTC,1602055905943,2020-10-07T07:31:45.943Z,sell,5.7e-06,2035.0,0.0115994999999999
OAX/BTC,1602055916077,2020-10-07T07:31:56.077Z,buy,5.72e-06,413.0,0.00236236
OAX/BTC,1602055916077,2020-10-07T07:31:56.077Z,buy,5.73e-06,6403.0,0.03668919
OAX/BTC,1602055928699,2020-10-07T07:32:08.699Z,buy,5.71e-06,36.0,0.00020556
OAX/BTC,1602055928699,2020-10-07T07:32:08.699Z,buy,5.73e-06,2236.0,0.01281228
OAX/BTC,1602055931883,2020-10-07T07:32:11.883Z,buy,5.73e-06,18.0,0.00010314
OAX/BTC,1602055931969,2020-10-07T07:32:11.969Z,buy,5.73e-06,419.0,0.00240087
OAX/BTC,1602055931982,2020-10-07T07:32:11.982Z,buy,5.73e-06,18.0,0.00010314
OAX/BTC,1602055931998,2020-10-07T07:32:11.998Z,buy,5.73e-06,35.0,0.00020055
OAX/BTC,1602055932008,2020-10-07T07:32:12.008Z,buy,5.73e-06,70.0,0.0004011
OAX/BTC,1602055932013,2020-10-07T07:32:12.013Z,buy,5.73e-06,35.0,0.00020055
OAX/BTC,1602055932024,2020-10-07T07:32:12.024Z,buy,5.73e-06,70.0,0.0004011
OAX/BTC,1602055932063,2020-10-07T07:32:12.063Z,buy,5.73e-06,105.0,0.00060165
OAX/BTC,1602055932080,2020-10-07T07:32:12.080Z,buy,5.73e-06,53.0,0.00030369
OAX/BTC,1602055932122,2020-10-07T07:32:12.122Z,buy,5.73e-06,35.0,0.00020055
OAX/BTC,1602055932139,2020-10-07T07:32:12.139Z,buy,5.73e-06,88.0,0.00050424
OAX/BTC,1602055932158,2020-10-07T07:32:12.158Z,buy,5.73e-06,35.0,0.00020055
OAX/BTC,1602055932222,2020-10-07T07:32:12.222Z,buy,5.73e-06,175.0,0.00100275
OAX/BTC,1602055932235,2020-10-07T07:32:12.235Z,buy,5.73e-06,79.0,0.00045267
OAX/BTC,1602055932271,2020-10-07T07:32:12.271Z,buy,5.73e-06,175.0,0.00100275
OAX/BTC,1602055932272,2020-10-07T07:32:12.272Z,buy,5.73e-06,35.0,0.00020055
OAX/BTC,1602055932280,2020-10-07T07:32:12.280Z,buy,5.73e-06,277.0,0.00158721
OAX/BTC,1602055932396,2020-10-07T07:32:12.396Z,buy,5.73e-06,35.0,0.00020055
OAX/BTC,1602055932405,2020-10-07T07:32:12.405Z,buy,5.73e-06,35.0,0.00020055
OAX/BTC,1602055932414,2020-10-07T07:32:12.414Z,buy,5.73e-06,35.0,0.00020055
OAX/BTC,1602055932445,2020-10-07T07:32:12.445Z,buy,5.73e-06,105.0,0.00060165
OAX/BTC,1602055932485,2020-10-07T07:32:12.485Z,buy,5.73e-06,35.0,0.00020055
OAX/BTC,1602055932588,2020-10-07T07:32:12.588Z,buy,5.73e-06,210.0,0.0012033
OAX/BTC,1602055932620,2020-10-07T07:32:12.620Z,buy,5.73e-06,144.0,0.00082512
OAX/BTC,1602055932659,2020-10-07T07:32:12.659Z,buy,5.73e-06,35.0,0.00020055
OAX/BTC,1602055932694,2020-10-07T07:32:12.694Z,buy,5.73e-06,35.0,0.00020055
OAX/BTC,1602055932752,2020-10-07T07:32:12.752Z,buy,5.73e-06,35.0,0.00020055
OAX/BTC,1602055932797,2020-10-07T07:32:12.797Z,buy,5.73e-06,35.0,0.00020055
OAX/BTC,1602055932855,2020-10-07T07:32:12.855Z,buy,5.73e-06,35.0,0.00020055
OAX/BTC,1602055933330,2020-10-07T07:32:13.330Z,buy,5.73e-06,40.0,0.0002292
OAX/BTC,1602055933548,2020-10-07T07:32:13.548Z,buy,5.73e-06,35.0,0.00020055
OAX/BTC,1602055936067,2020-10-07T07:32:16.067Z,sell,5.7e-06,1186.0,0.0067601999999999
OAX/BTC,1602055938668,2020-10-07T07:32:18.668Z,sell,5.69e-06,2050.0,0.0116645
OAX/BTC,1602055939269,2020-10-07T07:32:19.269Z,sell,5.68e-06,409.0,0.00232312
OAX/BTC,1602055942244,2020-10-07T07:32:22.244Z,sell,5.67e-06,178.0,0.0010092599999999
OAX/BTC,1602055975626,2020-10-07T07:32:55.626Z,buy,5.71e-06,142.0,0.00081082
OAX/BTC,1602056008003,2020-10-07T07:33:28.003Z,buy,5.7e-06,1958.0,0.0111606
OAX/BTC,1602056008003,2020-10-07T07:33:28.003Z,buy,5.71e-06,20775.0,0.11862525
OAX/BTC,1602056043089,2020-10-07T07:34:03.089Z,buy,5.72e-06,411.0,0.00235092
OAX/BTC,1602056043122,2020-10-07T07:34:03.122Z,sell,5.72e-06,12064.0,0.06900608
OAX/BTC,1602056043228,2020-10-07T07:34:03.228Z,sell,5.72e-06,3362.0,0.01923064
OAX/BTC,1602056043358,2020-10-07T07:34:03.358Z,sell,5.69e-06,21.0,0.00011949
OAX/BTC,1602056043358,2020-10-07T07:34:03.358Z,sell,5.69e-06,21.0,0.00011949
OAX/BTC,1602056101184,2020-10-07T07:35:01.184Z,sell,5.69e-06,2169.0,0.01234161
OAX/BTC,1602056101261,2020-10-07T07:35:01.261Z,sell,5.68e-06,411.0,0.00233448
OAX/BTC,1602056101659,2020-10-07T07:35:01.659Z,sell,5.67e-06,247.0,0.00140049
OAX/BTC,1602056101659,2020-10-07T07:35:01.659Z,sell,5.66e-06,548.0,0.00310168
OAX/BTC,1602056101659,2020-10-07T07:35:01.659Z,sell,5.66e-06,60.0,0.0003396
OAX/BTC,1602056101659,2020-10-07T07:35:01.659Z,sell,5.66e-06,184.0,0.00104144
OAX/BTC,1602056161031,2020-10-07T07:36:01.031Z,sell,5.66e-06,499.0,0.00282434
OAX/BTC,1602056350082,2020-10-07T07:39:10.082Z,sell,5.65e-06,178.0,0.0010057
OAX/BTC,1602056363180,2020-10-07T07:39:23.180Z,buy,5.68e-06,90.0,0.0005112
OAX/BTC,1602056377925,2020-10-07T07:39:37.925Z,buy,5.68e-06,22.0,0.00012496
OAX/BTC,1602056394898,2020-10-07T07:39:54.898Z,buy,5.68e-06,34.0,0.00019312
OAX/BTC,1602056428488,2020-10-07T07:40:28.488Z,buy,5.68e-06,35.0,0.0001988
OAX/BTC,1602056496404,2020-10-07T07:41:36.404Z,sell,5.65e-06,200.0,0.00113
OAX/BTC,1602056545597,2020-10-07T07:42:25.597Z,buy,5.68e-06,46.0,0.00026128
OAX/BTC,1602056560025,2020-10-07T07:42:40.025Z,buy,5.68e-06,76.0,0.00043168
OAX/BTC,1602056657142,2020-10-07T07:44:17.142Z,buy,5.68e-06,57.0,0.00032376
OAX/BTC,1602056685447,2020-10-07T07:44:45.447Z,buy,5.68e-06,20.0,0.0001136
OAX/BTC,1602057671029,2020-10-07T08:01:11.029Z,buy,5.66e-06,1061.0,0.00600526
OAX/BTC,1602057671029,2020-10-07T08:01:11.029Z,sell,5.65e-06,49.0,0.00027685
OAX/BTC,1602057683799,2020-10-07T08:01:23.799Z,buy,5.66e-06,987.0,0.00558642
OAX/BTC,1602057683799,2020-10-07T08:01:23.799Z,buy,5.67e-06,139.0,0.00078813
OAX/BTC,1602057683799,2020-10-07T08:01:23.799Z,buy,5.68e-06,7162.0,0.04068016
OAX/BTC,1602058311509,2020-10-07T08:11:51.509Z,sell,5.65e-06,499.0,0.00281935
OAX/BTC,1602058311518,2020-10-07T08:11:51.518Z,sell,5.65e-06,241.0,0.00136165
OAX/BTC,1602058961888,2020-10-07T08:22:41.888Z,sell,5.65e-06,3135.0,0.01771275
OAX/BTC,1602058961888,2020-10-07T08:22:41.888Z,sell,5.64e-06,449.0,0.00253236
OAX/BTC,1602058961888,2020-10-07T08:22:41.888Z,sell,5.63e-06,17596.0,0.09906548
OAX/BTC,1602058993974,2020-10-07T08:23:13.974Z,sell,5.62e-06,6247.0,0.03510814
OAX/BTC,1602059053548,2020-10-07T08:24:13.548Z,sell,5.63e-06,2728.0,0.01535864
OAX/BTC,1602059101917,2020-10-07T08:25:01.917Z,sell,5.62e-06,624.0,0.00350688
OAX/BTC,1602059144588,2020-10-07T08:25:44.588Z,sell,5.61e-06,3369.0,0.0189000899999999
OAX/BTC,1602059144588,2020-10-07T08:25:44.588Z,sell,5.6e-06,5059.0,0.0283304
OAX/BTC,1602059207793,2020-10-07T08:26:47.793Z,sell,5.59e-06,1130.0,0.0063167
OAX/BTC,1602059288080,2020-10-07T08:28:08.080Z,buy,5.59e-06,36.0,0.00020124
OAX/BTC,1602059349271,2020-10-07T08:29:09.271Z,sell,5.57e-06,10631.0,0.05921467
OAX/BTC,1602059349271,2020-10-07T08:29:09.271Z,sell,5.57e-06,10631.0,0.05921467
OAX/BTC,1602060084839,2020-10-07T08:41:24.839Z,sell,5.57e-06,382.0,0.00212774
OAX/BTC,1602061316005,2020-10-07T09:01:56.005Z,buy,5.61e-06,113.0,0.00063393
OAX/BTC,1602062843535,2020-10-07T09:27:23.535Z,buy,5.61e-06,2686.0,0.0150684599999999
OAX/BTC,1602062843535,2020-10-07T09:27:23.535Z,buy,5.62e-06,1584.0,0.00890208
OAX/BTC,1602062843535,2020-10-07T09:27:23.535Z,buy,5.61e-06,2686.0,0.0150684599999999
OAX/BTC,1602062843535,2020-10-07T09:27:23.535Z,buy,5.62e-06,1584.0,0.00890208
OAX/BTC,1602063025786,2020-10-07T09:30:25.786Z,buy,5.62e-06,19.0,0.00010678
OAX/BTC,1602063942687,2020-10-07T09:45:42.687Z,sell,5.57e-06,819.0,0.00456183
OAX/BTC,1602063942687,2020-10-07T09:45:42.687Z,sell,5.56e-06,1316.0,0.00731696
OAX/BTC,1602064860604,2020-10-07T10:01:00.604Z,sell,5.56e-06,36.0,0.00020016
OAX/BTC,1602065189942,2020-10-07T10:06:29.942Z,buy,5.56e-06,1578.0,0.00877368
OAX/BTC,1602065189942,2020-10-07T10:06:29.942Z,buy,5.58e-06,6951.0,0.03878658
OAX/BTC,1602065453609,2020-10-07T10:10:53.609Z,sell,5.55e-06,1268.0,0.0070374
OAX/BTC,1602065485263,2020-10-07T10:11:25.263Z,buy,5.58e-06,1320.0,0.0073656
OAX/BTC,1602065497697,2020-10-07T10:11:37.697Z,buy,5.58e-06,8.0,4.464e-05
OAX/BTC,1602065497697,2020-10-07T10:11:37.697Z,buy,5.58e-06,8.0,4.464e-05
OAX/BTC,1602066976934,2020-10-07T10:36:16.934Z,sell,5.57e-06,409.0,0.00227813
OAX/BTC,1602066976942,2020-10-07T10:36:16.942Z,sell,5.57e-06,204.0,0.00113628
OAX/BTC,1602067131761,2020-10-07T10:38:51.761Z,sell,5.57e-06,17.0,9.469e-05
OAX/BTC,1602067432950,2020-10-07T10:43:52.950Z,sell,5.55e-06,265.0,0.00147075
OAX/BTC,1602067432950,2020-10-07T10:43:52.950Z,sell,5.55e-06,265.0,0.00147075
OAX/BTC,1602069594240,2020-10-07T11:19:54.240Z,sell,5.55e-06,1000.0,0.00555
OAX/BTC,1602069594252,2020-10-07T11:19:54.252Z,sell,5.55e-06,299.0,0.00165945
OAX/BTC,1602069594498,2020-10-07T11:19:54.498Z,sell,5.55e-06,349.0,0.00193695
OAX/BTC,1602070330607,2020-10-07T11:32:10.607Z,sell,5.55e-06,1486.0,0.0082473
OAX/BTC,1602070330617,2020-10-07T11:32:10.617Z,sell,5.55e-06,228.0,0.0012654
OAX/BTC,1602070330908,2020-10-07T11:32:10.908Z,sell,5.55e-06,627.0,0.00347985
OAX/BTC,1602070331005,2020-10-07T11:32:11.005Z,sell,5.55e-06,314.0,0.0017427
OAX/BTC,1602070660903,2020-10-07T11:37:40.903Z,sell,5.55e-06,2027.0,0.01124985
OAX/BTC,1602070660917,2020-10-07T11:37:40.917Z,sell,5.55e-06,454.0,0.0025197
OAX/BTC,1602070661188,2020-10-07T11:37:41.188Z,sell,5.55e-06,376.0,0.0020868
OAX/BTC,1602070661188,2020-10-07T11:37:41.188Z,sell,5.54e-06,411.0,0.00227694
OAX/BTC,1602070661188,2020-10-07T11:37:41.188Z,sell,5.55e-06,376.0,0.0020868
OAX/BTC,1602070661188,2020-10-07T11:37:41.188Z,sell,5.54e-06,411.0,0.00227694
OAX/BTC,1602071951784,2020-10-07T11:59:11.784Z,buy,5.56e-06,1023.0,0.00568788
OAX/BTC,1602071951784,2020-10-07T11:59:11.784Z,buy,5.57e-06,49.0,0.00027293
OAX/BTC,1602071951784,2020-10-07T11:59:11.784Z,buy,5.57e-06,93.0,0.00051801
OAX/BTC,1602071952720,2020-10-07T11:59:12.720Z,sell,5.56e-06,578.0,0.00321368
OAX/BTC,1602071952817,2020-10-07T11:59:12.817Z,sell,5.56e-06,214.0,0.00118984
OAX/BTC,1602072519126,2020-10-07T12:08:39.126Z,sell,5.55e-06,101.0,0.00056055
OAX/BTC,1602072553986,2020-10-07T12:09:13.986Z,sell,5.56e-06,55.0,0.0003058
OAX/BTC,1602073222747,2020-10-07T12:20:22.747Z,buy,5.57e-06,975.0,0.00543075
OAX/BTC,1602073222755,2020-10-07T12:20:22.755Z,buy,5.57e-06,245.0,0.00136465
OAX/BTC,1602073222997,2020-10-07T12:20:22.997Z,buy,5.57e-06,364.0,0.00202748
OAX/BTC,1602073224886,2020-10-07T12:20:24.886Z,buy,5.57e-06,19.0,0.00010583
OAX/BTC,1602073275432,2020-10-07T12:21:15.432Z,buy,5.58e-06,855.0,0.0047709
OAX/BTC,1602073275441,2020-10-07T12:21:15.441Z,buy,5.58e-06,551.0,0.00307458
OAX/BTC,1602073275723,2020-10-07T12:21:15.723Z,buy,5.58e-06,275.0,0.0015345
OAX/BTC,1602073276864,2020-10-07T12:21:16.864Z,buy,5.58e-06,361.0,0.00201438
OAX/BTC,1602073280618,2020-10-07T12:21:20.618Z,sell,5.58e-06,315.0,0.0017577
OAX/BTC,1602073364663,2020-10-07T12:22:44.663Z,buy,5.59e-06,8026.0,0.04486534
OAX/BTC,1602073915789,2020-10-07T12:31:55.789Z,buy,5.59e-06,36.0,0.00020124
OAX/BTC,1602073915789,2020-10-07T12:31:55.789Z,buy,5.59e-06,36.0,0.00020124
OAX/BTC,1602077720801,2020-10-07T13:35:20.801Z,buy,5.62e-06,17.0,9.554e-05
OAX/BTC,1602077720801,2020-10-07T13:35:20.801Z,buy,5.63e-06,270.0,0.0015201
OAX/BTC,1602077720801,2020-10-07T13:35:20.801Z,buy,5.64e-06,288.0,0.00162432
OAX/BTC,1602077720801,2020-10-07T13:35:20.801Z,buy,5.65e-06,413.0,0.00233345
OAX/BTC,1602077720801,2020-10-07T13:35:20.801Z,buy,5.66e-06,7435.0,0.0420821
OAX/BTC,1602077959601,2020-10-07T13:39:19.601Z,sell,5.63e-06,482.0,0.00271366
OAX/BTC,1602077959601,2020-10-07T13:39:19.601Z,sell,5.63e-06,482.0,0.00271366
OAX/BTC,1602078983209,2020-10-07T13:56:23.209Z,buy,5.68e-06,178.0,0.00101104
OAX/BTC,1602079099943,2020-10-07T13:58:19.943Z,buy,5.68e-06,340.0,0.0019311999999999
OAX/BTC,1602079099943,2020-10-07T13:58:19.943Z,buy,5.69e-06,716.0,0.00407404
OAX/BTC,1602079596330,2020-10-07T14:06:36.330Z,buy,5.69e-06,3481.0,0.01980689
OAX/BTC,1602080380721,2020-10-07T14:19:40.721Z,sell,5.65e-06,189.0,0.00106785
OAX/BTC,1602081194546,2020-10-07T14:33:14.546Z,sell,5.65e-06,907.0,0.00512455
OAX/BTC,1602081194546,2020-10-07T14:33:14.546Z,sell,5.63e-06,552.0,0.00310776
OAX/BTC,1602081518257,2020-10-07T14:38:38.257Z,sell,5.63e-06,23.0,0.00012949
OAX/BTC,1602081518257,2020-10-07T14:38:38.257Z,sell,5.63e-06,23.0,0.00012949
OAX/BTC,1602082951293,2020-10-07T15:02:31.293Z,sell,5.63e-06,132.0,0.00074316
OAX/BTC,1602083505832,2020-10-07T15:11:45.832Z,buy,5.64e-06,196.0,0.00110544
OAX/BTC,1602084395332,2020-10-07T15:26:35.332Z,buy,5.64e-06,964.0,0.00543696
OAX/BTC,1602084395342,2020-10-07T15:26:35.342Z,buy,5.64e-06,1939.0,0.01093596
OAX/BTC,1602084395769,2020-10-07T15:26:35.769Z,buy,5.66e-06,356.0,0.00201496
OAX/BTC,1602084626496,2020-10-07T15:30:26.496Z,buy,5.66e-06,36.0,0.00020376
OAX/BTC,1602084626496,2020-10-07T15:30:26.496Z,buy,5.69e-06,5449.0,0.0310048099999999
OAX/BTC,1602084626496,2020-10-07T15:30:26.496Z,buy,5.7e-06,5009.0,0.0285512999999999
OAX/BTC,1602084626676,2020-10-07T15:30:26.676Z,buy,5.71e-06,1200.0,0.006852
OAX/BTC,1602084626778,2020-10-07T15:30:26.778Z,buy,5.72e-06,1021.0,0.00584012
OAX/BTC,1602084628509,2020-10-07T15:30:28.509Z,buy,5.71e-06,55.0,0.00031405
OAX/BTC,1602084667397,2020-10-07T15:31:07.397Z,buy,5.73e-06,745.0,0.00426885
OAX/BTC,1602084811347,2020-10-07T15:33:31.347Z,sell,5.7e-06,354.0,0.0020177999999999
OAX/BTC,1602084811347,2020-10-07T15:33:31.347Z,sell,5.69e-06,270.0,0.0015363
OAX/BTC,1602084811347,2020-10-07T15:33:31.347Z,sell,5.69e-06,43.0,0.00024467
OAX/BTC,1602084811347,2020-10-07T15:33:31.347Z,sell,5.7e-06,354.0,0.0020177999999999
OAX/BTC,1602084811347,2020-10-07T15:33:31.347Z,sell,5.69e-06,270.0,0.0015363
OAX/BTC,1602084811347,2020-10-07T15:33:31.347Z,sell,5.69e-06,43.0,0.00024467
OAX/BTC,1602085276804,2020-10-07T15:41:16.804Z,sell,5.7e-06,2121.0,0.0120896999999999
OAX/BTC,1602085277045,2020-10-07T15:41:17.045Z,sell,5.7e-06,1099.0,0.0062642999999999
OAX/BTC,1602085327390,2020-10-07T15:42:07.390Z,sell,5.7e-06,538.0,0.0030665999999999
OAX/BTC,1602085327672,2020-10-07T15:42:07.672Z,sell,5.7e-06,35.0,0.0001995
OAX/BTC,1602086184130,2020-10-07T15:56:24.130Z,sell,5.69e-06,3019.0,0.01717811
OAX/BTC,1602087139481,2020-10-07T16:12:19.481Z,sell,5.67e-06,37.0,0.00020979
OAX/BTC,1602087163016,2020-10-07T16:12:43.016Z,sell,5.67e-06,186.0,0.00105462
OAX/BTC,1602087163016,2020-10-07T16:12:43.016Z,sell,5.67e-06,186.0,0.00105462
OAX/BTC,1602088806052,2020-10-07T16:40:06.052Z,sell,5.67e-06,125.0,0.00070875
OAX/BTC,1602089174199,2020-10-07T16:46:14.199Z,sell,5.66e-06,649.0,0.00367334
OAX/BTC,1602090288094,2020-10-07T17:04:48.094Z,buy,5.67e-06,107.0,0.00060669
OAX/BTC,1602090288094,2020-10-07T17:04:48.094Z,buy,5.67e-06,107.0,0.00060669
OAX/BTC,1602091214777,2020-10-07T17:20:14.777Z,buy,5.68e-06,112.0,0.00063616
OAX/BTC,1602091214777,2020-10-07T17:20:14.777Z,buy,5.68e-06,1703.0,0.0096730399999999
OAX/BTC,1602091215024,2020-10-07T17:20:15.024Z,sell,5.68e-06,409.0,0.00232312
OAX/BTC,1602091225350,2020-10-07T17:20:25.350Z,sell,5.67e-06,400.0,0.002268
OAX/BTC,1602091334083,2020-10-07T17:22:14.083Z,sell,5.67e-06,194.0,0.00109998
OAX/BTC,1602091518207,2020-10-07T17:25:18.207Z,sell,5.69e-06,802.0,0.00456338
OAX/BTC,1602091518215,2020-10-07T17:25:18.215Z,sell,5.69e-06,528.0,0.00300432
OAX/BTC,1602091518907,2020-10-07T17:25:18.907Z,sell,5.69e-06,262.0,0.00149078
OAX/BTC,1602091533852,2020-10-07T17:25:33.852Z,buy,5.71e-06,4517.0,0.02579207
OAX/BTC,1602091533865,2020-10-07T17:25:33.865Z,sell,5.71e-06,629.0,0.00359159
OAX/BTC,1602092282242,2020-10-07T17:38:02.242Z,buy,5.71e-06,35.0,0.00019985
OAX/BTC,1602092542304,2020-10-07T17:42:22.304Z,sell,5.71e-06,217.0,0.00123907
OAX/BTC,1602092807563,2020-10-07T17:46:47.563Z,buy,5.75e-06,52.0,0.000299
OAX/BTC,1602093249121,2020-10-07T17:54:09.121Z,sell,5.71e-06,36.0,0.00020556
OAX/BTC,1602093617672,2020-10-07T18:00:17.672Z,sell,5.71e-06,53.0,0.00030263
OAX/BTC,1602093617672,2020-10-07T18:00:17.672Z,sell,5.71e-06,53.0,0.00030263
OAX/BTC,1602095433117,2020-10-07T18:30:33.117Z,sell,5.71e-06,98.0,0.00055958
OAX/BTC,1602095433117,2020-10-07T18:30:33.117Z,sell,5.7e-06,915.0,0.0052155
OAX/BTC,1602095436201,2020-10-07T18:30:36.201Z,sell,5.7e-06,125.0,0.0007124999999999
OAX/BTC,1602095436201,2020-10-07T18:30:36.201Z,sell,5.7e-06,125.0,0.0007124999999999
OAX/BTC,1602097232480,2020-10-07T19:00:32.480Z,buy,5.75e-06,144.0,0.000828
OAX/BTC,1602097232480,2020-10-07T19:00:32.480Z,buy,5.76e-06,633.0,0.00364608
OAX/BTC,1602097232480,2020-10-07T19:00:32.480Z,buy,5.77e-06,1418.0,0.00818186
OAX/BTC,1602097427451,2020-10-07T19:03:47.451Z,sell,5.72e-06,758.0,0.00433576
OAX/BTC,1602097427451,2020-10-07T19:03:47.451Z,sell,5.71e-06,1053.0,0.00601263
OAX/BTC,1602097434772,2020-10-07T19:03:54.772Z,sell,5.71e-06,1046.0,0.00597266
OAX/BTC,1602097506995,2020-10-07T19:05:06.995Z,buy,5.78e-06,365.0,0.0021097
OAX/BTC,1602098567435,2020-10-07T19:22:47.435Z,buy,5.78e-06,483.0,0.00279174
OAX/BTC,1602098567435,2020-10-07T19:22:47.435Z,buy,5.79e-06,14976.0,0.0867110399999999
OAX/BTC,1602098567435,2020-10-07T19:22:47.435Z,buy,5.8e-06,1038.0,0.0060204
OAX/BTC,1602098588779,2020-10-07T19:23:08.779Z,buy,5.79e-06,35.0,0.00020265
OAX/BTC,1602098588779,2020-10-07T19:23:08.779Z,buy,5.8e-06,49.0,0.0002842
OAX/BTC,1602098592664,2020-10-07T19:23:12.664Z,buy,5.8e-06,11786.0,0.0683588
OAX/BTC,1602098592664,2020-10-07T19:23:12.664Z,buy,5.81e-06,636.0,0.00369516
OAX/BTC,1602098650832,2020-10-07T19:24:10.832Z,sell,5.81e-06,1310.0,0.0076111
OAX/BTC,1602098698670,2020-10-07T19:24:58.670Z,buy,5.82e-06,2192.0,0.01275744
OAX/BTC,1602098698789,2020-10-07T19:24:58.789Z,sell,5.82e-06,50.0,0.000291
OAX/BTC,1602098700267,2020-10-07T19:25:00.267Z,sell,5.82e-06,4162.0,0.02422284
OAX/BTC,1602098700792,2020-10-07T19:25:00.792Z,sell,5.82e-06,35.0,0.0002037
OAX/BTC,1602098707517,2020-10-07T19:25:07.517Z,buy,5.83e-06,182.0,0.00106106
OAX/BTC,1602098764310,2020-10-07T19:26:04.310Z,sell,5.82e-06,111.0,0.00064602
OAX/BTC,1602098837409,2020-10-07T19:27:17.409Z,buy,5.83e-06,182.0,0.00106106
OAX/BTC,1602098837455,2020-10-07T19:27:17.455Z,sell,5.83e-06,2994.0,0.01745502
OAX/BTC,1602098837561,2020-10-07T19:27:17.561Z,sell,5.83e-06,1496.0,0.00872168
OAX/BTC,1602098837760,2020-10-07T19:27:17.760Z,sell,5.83e-06,747.0,0.00435501
OAX/BTC,1602098837858,2020-10-07T19:27:17.858Z,sell,5.83e-06,373.0,0.00217459
OAX/BTC,1602098838056,2020-10-07T19:27:18.056Z,sell,5.83e-06,186.0,0.00108438
OAX/BTC,1602098838056,2020-10-07T19:27:18.056Z,sell,5.83e-06,186.0,0.00108438
OAX/BTC,1602099559574,2020-10-07T19:39:19.574Z,sell,5.83e-06,6230.0,0.0363209
OAX/BTC,1602099559574,2020-10-07T19:39:19.574Z,sell,5.82e-06,10334.0,0.06014388
OAX/BTC,1602099559574,2020-10-07T19:39:19.574Z,sell,5.82e-06,90.0,0.0005238
OAX/BTC,1602099559574,2020-10-07T19:39:19.574Z,sell,5.82e-06,261.0,0.00151902
OAX/BTC,1602099561600,2020-10-07T19:39:21.600Z,sell,5.82e-06,53.0,0.00030846
OAX/BTC,1602099759698,2020-10-07T19:42:39.698Z,sell,5.82e-06,19.0,0.00011058
OAX/BTC,1602099823053,2020-10-07T19:43:43.053Z,sell,5.82e-06,15.0,8.730000000000001e-05
OAX/BTC,1602099823053,2020-10-07T19:43:43.053Z,sell,5.8e-06,181.0,0.0010498
OAX/BTC,1602099823053,2020-10-07T19:43:43.053Z,sell,5.79e-06,4858.0,0.0281278199999999
OAX/BTC,1602099823053,2020-10-07T19:43:43.053Z,sell,5.78e-06,182.0,0.00105196
OAX/BTC,1602099823053,2020-10-07T19:43:43.053Z,sell,5.77e-06,22.0,0.00012694
OAX/BTC,1602099823053,2020-10-07T19:43:43.053Z,sell,5.77e-06,71.0,0.00040967
OAX/BTC,1602099823053,2020-10-07T19:43:43.053Z,sell,5.77e-06,148.0,0.00085396
OAX/BTC,1602099823053,2020-10-07T19:43:43.053Z,sell,5.77e-06,170.0,0.0009809
OAX/BTC,1602099823053,2020-10-07T19:43:43.053Z,sell,5.76e-06,219.0,0.00126144
OAX/BTC,1602099823123,2020-10-07T19:43:43.123Z,buy,5.78e-06,3881.0,0.02243218
OAX/BTC,1602099823214,2020-10-07T19:43:43.214Z,buy,5.78e-06,1939.0,0.01120742
OAX/BTC,1602099823414,2020-10-07T19:43:43.414Z,buy,5.78e-06,968.0,0.00559504
OAX/BTC,1602099823814,2020-10-07T19:43:43.814Z,buy,5.78e-06,482.0,0.0027859599999999
OAX/BTC,1602099823913,2020-10-07T19:43:43.913Z,buy,5.78e-06,241.0,0.0013929799999999
OAX/BTC,1602099824566,2020-10-07T19:43:44.566Z,sell,5.76e-06,528.0,0.00304128
OAX/BTC,1602099824578,2020-10-07T19:43:44.578Z,buy,5.78e-06,384.0,0.00221952
OAX/BTC,1602099824708,2020-10-07T19:43:44.708Z,buy,5.78e-06,192.0,0.00110976
OAX/BTC,1602099967962,2020-10-07T19:46:07.962Z,buy,5.78e-06,35.0,0.0002022999999999
OAX/BTC,1602100316195,2020-10-07T19:51:56.195Z,buy,5.78e-06,360.0,0.0020808
OAX/BTC,1602100466990,2020-10-07T19:54:26.990Z,sell,5.78e-06,1938.0,0.0112016399999999
OAX/BTC,1602100473478,2020-10-07T19:54:33.478Z,buy,5.81e-06,182.0,0.00105742
OAX/BTC,1602100473478,2020-10-07T19:54:33.478Z,buy,5.81e-06,182.0,0.00105742
OAX/BTC,1602102686043,2020-10-07T20:31:26.043Z,sell,5.78e-06,270.0,0.0015605999999999
OAX/BTC,1602102695251,2020-10-07T20:31:35.251Z,sell,5.75e-06,1588.0,0.009131
OAX/BTC,1602102761987,2020-10-07T20:32:41.987Z,buy,5.81e-06,182.0,0.00105742
OAX/BTC,1602102924071,2020-10-07T20:35:24.071Z,buy,5.83e-06,3081.0,0.01796223
OAX/BTC,1602103338067,2020-10-07T20:42:18.067Z,sell,5.8e-06,181.0,0.0010498
OAX/BTC,1602103338067,2020-10-07T20:42:18.067Z,sell,5.78e-06,9149.0,0.05288122
OAX/BTC,1602103682312,2020-10-07T20:48:02.312Z,buy,5.81e-06,182.0,0.00105742
OAX/BTC,1602103682312,2020-10-07T20:48:02.312Z,buy,5.81e-06,182.0,0.00105742
OAX/BTC,1602104136363,2020-10-07T20:55:36.363Z,buy,5.81e-06,35.0,0.00020335
OAX/BTC,1602104136363,2020-10-07T20:55:36.363Z,buy,5.83e-06,181.0,0.00105523
OAX/BTC,1602104136363,2020-10-07T20:55:36.363Z,buy,5.84e-06,978.0,0.00571152
OAX/BTC,1602104136363,2020-10-07T20:55:36.363Z,buy,5.85e-06,287.0,0.00167895
OAX/BTC,1602104140274,2020-10-07T20:55:40.274Z,buy,5.85e-06,201.0,0.00117585
OAX/BTC,1602104260942,2020-10-07T20:57:40.942Z,sell,5.82e-06,61.0,0.00035502
OAX/BTC,1602104767570,2020-10-07T21:06:07.570Z,sell,5.82e-06,120.0,0.0006984
OAX/BTC,1602104767570,2020-10-07T21:06:07.570Z,sell,5.8e-06,480.0,0.002784
OAX/BTC,1602106871839,2020-10-07T21:41:11.839Z,sell,5.8e-06,146.0,0.0008468
OAX/BTC,1602107131453,2020-10-07T21:45:31.453Z,buy,5.8e-06,285.0,0.001653
OAX/BTC,1602107131453,2020-10-07T21:45:31.453Z,buy,5.8e-06,285.0,0.001653
OAX/BTC,1602107812472,2020-10-07T21:56:52.472Z,sell,5.8e-06,411.0,0.0023838
OAX/BTC,1602107812472,2020-10-07T21:56:52.472Z,sell,5.79e-06,589.0,0.0034103099999999
OAX/BTC,1602108001929,2020-10-07T22:00:01.929Z,sell,5.78e-06,900.0,0.005202
OAX/BTC,1602108092724,2020-10-07T22:01:32.724Z,sell,5.78e-06,1352.0,0.00781456
OAX/BTC,1602108092724,2020-10-07T22:01:32.724Z,sell,5.76e-06,13373.0,0.07702848
OAX/BTC,1602108139304,2020-10-07T22:02:19.304Z,sell,5.75e-06,395.0,0.00227125
OAX/BTC,1602108194330,2020-10-07T22:03:14.330Z,buy,5.81e-06,87.0,0.00050547
OAX/BTC,1602108194416,2020-10-07T22:03:14.416Z,buy,5.81e-06,87.0,0.00050547
OAX/BTC,1602108194988,2020-10-07T22:03:14.988Z,buy,5.81e-06,18.0,0.00010458
OAX/BTC,1602108701298,2020-10-07T22:11:41.298Z,sell,5.78e-06,182.0,0.00105196
OAX/BTC,1602108757368,2020-10-07T22:12:37.368Z,sell,5.75e-06,818.0,0.0047035
OAX/BTC,1602109614256,2020-10-07T22:26:54.256Z,sell,5.75e-06,11984.0,0.068908
OAX/BTC,1602109614256,2020-10-07T22:26:54.256Z,sell,5.74e-06,6860.0,0.0393764
OAX/BTC,1602109614348,2020-10-07T22:26:54.348Z,buy,5.74e-06,2016.0,0.01157184
OAX/BTC,1602109806659,2020-10-07T22:30:06.659Z,buy,5.74e-06,270.0,0.0015498
OAX/BTC,1602110665478,2020-10-07T22:44:25.478Z,sell,5.74e-06,6551.0,0.03760274
OAX/BTC,1602110666647,2020-10-07T22:44:26.647Z,buy,5.74e-06,1977.0,0.01134798
OAX/BTC,1602110666647,2020-10-07T22:44:26.647Z,buy,5.74e-06,1977.0,0.01134798
OAX/BTC,1602112370002,2020-10-07T23:12:50.002Z,buy,5.73e-06,399.0,0.00228627
OAX/BTC,1602112751730,2020-10-07T23:19:11.730Z,buy,5.74e-06,5734.0,0.03291316
OAX/BTC,1602112751737,2020-10-07T23:19:11.737Z,buy,5.74e-06,662.0,0.00379988
OAX/BTC,1602113650331,2020-10-07T23:34:10.331Z,buy,5.78e-06,1000.0,0.0057799999999999
OAX/BTC,1602113764698,2020-10-07T23:36:04.698Z,buy,5.78e-06,950.0,0.0054909999999999
OAX/BTC,1602113772116,2020-10-07T23:36:12.116Z,buy,5.78e-06,27.0,0.00015606
OAX/BTC,1602113772116,2020-10-07T23:36:12.116Z,buy,5.8e-06,21.0,0.0001218
OAX/BTC,1602113776790,2020-10-07T23:36:16.790Z,buy,5.8e-06,50.0,0.00029
OAX/BTC,1602113837405,2020-10-07T23:37:17.405Z,buy,5.79e-06,35.0,0.00020265
OAX/BTC,1602113837405,2020-10-07T23:37:17.405Z,buy,5.8e-06,138.0,0.0008004
OAX/BTC,1602113837405,2020-10-07T23:37:17.405Z,buy,5.79e-06,35.0,0.00020265
OAX/BTC,1602113837405,2020-10-07T23:37:17.405Z,buy,5.8e-06,138.0,0.0008004
OAX/BTC,1602115033370,2020-10-07T23:57:13.370Z,buy,5.8e-06,87.0,0.0005046
OAX/BTC,1602115033370,2020-10-07T23:57:13.370Z,buy,5.8e-06,87.0,0.0005046
OAX/BTC,1602117826371,2020-10-08T00:43:46.371Z,buy,5.8e-06,224.0,0.0012992
OAX/BTC,1602117826371,2020-10-08T00:43:46.371Z,buy,5.8e-06,224.0,0.0012992
OAX/BTC,1602122853401,2020-10-08T02:07:33.401Z,sell,5.78e-06,365.0,0.0021097
OAX/BTC,1602122853418,2020-10-08T02:07:33.418Z,sell,5.78e-06,182.0,0.00105196
OAX/BTC,1602122902244,2020-10-08T02:08:22.244Z,sell,5.77e-06,1413.0,0.00815301
OAX/BTC,1602122902244,2020-10-08T02:08:22.244Z,sell,5.76e-06,2990.0,0.0172224
OAX/BTC,1602122902244,2020-10-08T02:08:22.244Z,sell,5.75e-06,2446.0,0.0140645
OAX/BTC,1602123123041,2020-10-08T02:12:03.041Z,sell,5.77e-06,19.0,0.0001096299999999
OAX/BTC,1602123123041,2020-10-08T02:12:03.041Z,sell,5.76e-06,35.0,0.0002016
OAX/BTC,1602123123041,2020-10-08T02:12:03.041Z,sell,5.74e-06,26.0,0.00014924
OAX/BTC,1602123123041,2020-10-08T02:12:03.041Z,sell,5.77e-06,19.0,0.0001096299999999
OAX/BTC,1602123123041,2020-10-08T02:12:03.041Z,sell,5.76e-06,35.0,0.0002016
OAX/BTC,1602123123041,2020-10-08T02:12:03.041Z,sell,5.74e-06,26.0,0.00014924
OAX/BTC,1602123442800,2020-10-08T02:17:22.800Z,buy,5.79e-06,19.0,0.00011001
OAX/BTC,1602124048450,2020-10-08T02:27:28.450Z,buy,5.79e-06,18.0,0.0001042199999999
OAX/BTC,1602124051895,2020-10-08T02:27:31.895Z,buy,5.79e-06,34.0,0.0001968599999999
OAX/BTC,1602124051895,2020-10-08T02:27:31.895Z,buy,5.79e-06,34.0,0.0001968599999999
OAX/BTC,1602129368868,2020-10-08T03:56:08.868Z,sell,5.75e-06,28.0,0.000161
OAX/BTC,1602129368868,2020-10-08T03:56:08.868Z,sell,5.75e-06,28.0,0.000161
OAX/BTC,1602129871291,2020-10-08T04:04:31.291Z,sell,5.75e-06,61.0,0.00035075
OAX/BTC,1602129871291,2020-10-08T04:04:31.291Z,sell,5.74e-06,953.0,0.00547022
OAX/BTC,1602130199165,2020-10-08T04:09:59.165Z,sell,5.74e-06,4520.0,0.0259448
OAX/BTC,1602130199165,2020-10-08T04:09:59.165Z,sell,5.73e-06,8420.0,0.0482466
OAX/BTC,1602130199165,2020-10-08T04:09:59.165Z,sell,5.72e-06,13845.0,0.0791934
OAX/BTC,1602130199165,2020-10-08T04:09:59.165Z,sell,5.71e-06,6782.0,0.03872522
OAX/BTC,1602130199165,2020-10-08T04:09:59.165Z,sell,5.7e-06,270.0,0.001539
OAX/BTC,1602130199185,2020-10-08T04:09:59.185Z,sell,5.69e-06,4914.0,0.02796066
OAX/BTC,1602130225477,2020-10-08T04:10:25.477Z,sell,5.68e-06,130.0,0.0007384
OAX/BTC,1602130225477,2020-10-08T04:10:25.477Z,sell,5.67e-06,8676.0,0.04919292
OAX/BTC,1602130236969,2020-10-08T04:10:36.969Z,buy,5.72e-06,35.0,0.0002002
OAX/BTC,1602130243221,2020-10-08T04:10:43.221Z,buy,5.72e-06,600.0,0.003432
OAX/BTC,1602130308779,2020-10-08T04:11:48.779Z,sell,5.66e-06,708.0,0.00400728
OAX/BTC,1602130308779,2020-10-08T04:11:48.779Z,sell,5.65e-06,21.0,0.00011865
OAX/BTC,1602130308779,2020-10-08T04:11:48.779Z,sell,5.64e-06,676.0,0.00381264
OAX/BTC,1602130308779,2020-10-08T04:11:48.779Z,sell,5.63e-06,26454.0,0.14893602
OAX/BTC,1602130308879,2020-10-08T04:11:48.879Z,buy,5.63e-06,24081.0,0.13557603
OAX/BTC,1602130309411,2020-10-08T04:11:49.411Z,buy,5.63e-06,20.0,0.0001126
OAX/BTC,1602130309475,2020-10-08T04:11:49.475Z,buy,5.63e-06,32458.0,0.18273854
OAX/BTC,1602130309486,2020-10-08T04:11:49.486Z,buy,5.63e-06,28220.0,0.1588786
OAX/BTC,1602130309488,2020-10-08T04:11:49.488Z,buy,5.63e-06,7945.0,0.04473035
OAX/BTC,1602130309692,2020-10-08T04:11:49.692Z,buy,5.63e-06,18055.0,0.10164965
OAX/BTC,1602130309775,2020-10-08T04:11:49.775Z,buy,5.63e-06,9022.0,0.05079386
OAX/BTC,1602130309989,2020-10-08T04:11:49.989Z,buy,5.63e-06,4504.0,0.02535752
OAX/BTC,1602130310074,2020-10-08T04:11:50.074Z,buy,5.63e-06,2251.0,0.01267313
OAX/BTC,1602130310175,2020-10-08T04:11:50.175Z,buy,5.63e-06,1125.0,0.00633375
OAX/BTC,1602130310381,2020-10-08T04:11:50.381Z,buy,5.63e-06,561.0,0.00315843
OAX/BTC,1602130310582,2020-10-08T04:11:50.582Z,buy,5.63e-06,280.0,0.0015764
OAX/BTC,1602130313428,2020-10-08T04:11:53.428Z,buy,5.63e-06,24.0,0.00013512
OAX/BTC,1602130326514,2020-10-08T04:12:06.514Z,sell,5.64e-06,270.0,0.0015228
OAX/BTC,1602130685651,2020-10-08T04:18:05.651Z,sell,5.65e-06,12068.0,0.0681842
OAX/BTC,1602130685651,2020-10-08T04:18:05.651Z,sell,5.64e-06,45435.0,0.2562534
OAX/BTC,1602130685651,2020-10-08T04:18:05.651Z,sell,5.63e-06,20587.0,0.11590481
OAX/BTC,1602130685664,2020-10-08T04:18:05.664Z,buy,5.66e-06,5762.0,0.03261292
OAX/BTC,1602130685664,2020-10-08T04:18:05.664Z,buy,5.7e-06,84.0,0.0004788
OAX/BTC,1602130685664,2020-10-08T04:18:05.664Z,buy,5.7e-06,166.0,0.0009461999999999
OAX/BTC,1602130685664,2020-10-08T04:18:05.664Z,buy,5.7e-06,20.0,0.0001139999999999
OAX/BTC,1602130685664,2020-10-08T04:18:05.664Z,buy,5.71e-06,6.0,3.426e-05
OAX/BTC,1602130892717,2020-10-08T04:21:32.717Z,buy,5.68e-06,1353.0,0.00768504
OAX/BTC,1602131946811,2020-10-08T04:39:06.811Z,sell,5.65e-06,13784.0,0.0778796
OAX/BTC,1602132029359,2020-10-08T04:40:29.359Z,sell,5.63e-06,22050.0,0.1241415
OAX/BTC,1602132029359,2020-10-08T04:40:29.359Z,sell,5.62e-06,2397.0,0.01347114
OAX/BTC,1602132029359,2020-10-08T04:40:29.359Z,sell,5.61e-06,19752.0,0.11080872
OAX/BTC,1602132029359,2020-10-08T04:40:29.359Z,sell,5.6e-06,5149.0,0.0288344
OAX/BTC,1602132029359,2020-10-08T04:40:29.359Z,sell,5.59e-06,3131.0,0.01750229
OAX/BTC,1602132029359,2020-10-08T04:40:29.359Z,sell,5.58e-06,3224.0,0.01798992
OAX/BTC,1602132029359,2020-10-08T04:40:29.359Z,sell,5.58e-06,4765.0,0.0265887
OAX/BTC,1602132029456,2020-10-08T04:40:29.456Z,buy,5.58e-06,3649.0,0.0203614199999999
OAX/BTC,1602132029598,2020-10-08T04:40:29.598Z,buy,5.62e-06,2197.0,0.01234714
OAX/BTC,1602132029657,2020-10-08T04:40:29.657Z,buy,5.64e-06,3558.0,0.02006712
OAX/BTC,1602132067111,2020-10-08T04:41:07.111Z,sell,5.63e-06,8091.0,0.04555233
OAX/BTC,1602132111997,2020-10-08T04:41:51.997Z,buy,5.63e-06,4701.0,0.02646663
OAX/BTC,1602132112707,2020-10-08T04:41:52.707Z,buy,5.62e-06,17845.0,0.1002889
OAX/BTC,1602132113003,2020-10-08T04:41:53.003Z,buy,5.63e-06,11730.0,0.0660399
OAX/BTC,1602132114900,2020-10-08T04:41:54.900Z,buy,5.63e-06,5773.0,0.03250199
OAX/BTC,1602132114913,2020-10-08T04:41:54.913Z,buy,5.63e-06,2327.0,0.01310101
OAX/BTC,1602132115499,2020-10-08T04:41:55.499Z,buy,5.63e-06,4031.0,0.02269453
OAX/BTC,1602132115604,2020-10-08T04:41:55.604Z,buy,5.63e-06,2014.0,0.01133882
OAX/BTC,1602132115700,2020-10-08T04:41:55.700Z,buy,5.63e-06,1006.0,0.00566378
OAX/BTC,1602132116803,2020-10-08T04:41:56.803Z,buy,5.63e-06,498.0,0.00280374
OAX/BTC,1602132117505,2020-10-08T04:41:57.505Z,buy,5.63e-06,248.0,0.00139624
OAX/BTC,1602132119739,2020-10-08T04:41:59.739Z,sell,5.62e-06,671.0,0.00377102
OAX/BTC,1602132119750,2020-10-08T04:41:59.750Z,buy,5.63e-06,457.0,0.00257291
OAX/BTC,1602132120001,2020-10-08T04:42:00.001Z,buy,5.63e-06,228.0,0.00128364
OAX/BTC,1602132131265,2020-10-08T04:42:11.265Z,sell,5.62e-06,270.0,0.0015174
OAX/BTC,1602132131276,2020-10-08T04:42:11.276Z,buy,5.63e-06,239.0,0.00134557
OAX/BTC,1602132132141,2020-10-08T04:42:12.141Z,buy,5.63e-06,7400.0,0.041662
OAX/BTC,1602132132152,2020-10-08T04:42:12.152Z,buy,5.63e-06,3819.0,0.02150097
OAX/BTC,1602132132409,2020-10-08T04:42:12.409Z,buy,5.63e-06,1905.0,0.01072515
OAX/BTC,1602132132481,2020-10-08T04:42:12.481Z,buy,5.63e-06,2061.0,0.01160343
OAX/BTC,1602132132493,2020-10-08T04:42:12.493Z,buy,5.63e-06,2040.0,0.0114852
OAX/BTC,1602132155032,2020-10-08T04:42:35.032Z,sell,5.62e-06,12404.0,0.06971048
OAX/BTC,1602132155032,2020-10-08T04:42:35.032Z,sell,5.6e-06,32272.0,0.1807232
OAX/BTC,1602132155695,2020-10-08T04:42:35.695Z,buy,5.6e-06,123.0,0.0006887999999999
OAX/BTC,1602132168115,2020-10-08T04:42:48.115Z,buy,5.6e-06,916.0,0.0051296
OAX/BTC,1602132416189,2020-10-08T04:46:56.189Z,buy,5.6e-06,4555.0,0.025508
OAX/BTC,1602132416205,2020-10-08T04:46:56.205Z,buy,5.6e-06,5159.0,0.0288904
OAX/BTC,1602132428249,2020-10-08T04:47:08.249Z,buy,5.6e-06,36.0,0.0002016
OAX/BTC,1602132431885,2020-10-08T04:47:11.885Z,buy,5.6e-06,2281.0,0.0127736
OAX/BTC,1602132431985,2020-10-08T04:47:11.985Z,buy,5.6e-06,1140.0,0.006384
OAX/BTC,1602132432082,2020-10-08T04:47:12.082Z,buy,5.6e-06,569.0,0.0031864
OAX/BTC,1602132432183,2020-10-08T04:47:12.183Z,buy,5.6e-06,285.0,0.001596
OAX/BTC,1602132432183,2020-10-08T04:47:12.183Z,buy,5.6e-06,285.0,0.001596
OAX/BTC,1602133261580,2020-10-08T05:01:01.580Z,sell,5.61e-06,2061.0,0.01156221
OAX/BTC,1602133261580,2020-10-08T05:01:01.580Z,buy,5.62e-06,390.0,0.0021918
OAX/BTC,1602133261580,2020-10-08T05:01:01.580Z,buy,5.62e-06,60.0,0.0003372
OAX/BTC,1602133321786,2020-10-08T05:02:01.786Z,sell,5.61e-06,760.0,0.0042635999999999
OAX/BTC,1602133321882,2020-10-08T05:02:01.882Z,sell,5.61e-06,380.0,0.0021317999999999
OAX/BTC,1602133321988,2020-10-08T05:02:01.988Z,sell,5.61e-06,189.0,0.00106029
OAX/BTC,1602133338923,2020-10-08T05:02:18.923Z,buy,5.62e-06,1134.0,0.00637308
OAX/BTC,1602133338934,2020-10-08T05:02:18.934Z,sell,5.61e-06,649.0,0.00364089
OAX/BTC,1602133339188,2020-10-08T05:02:19.188Z,sell,5.61e-06,324.0,0.00181764
OAX/BTC,1602133371023,2020-10-08T05:02:51.023Z,buy,5.62e-06,1477.0,0.00830074
OAX/BTC,1602133373110,2020-10-08T05:02:53.110Z,sell,5.61e-06,848.0,0.00475728
OAX/BTC,1602133373206,2020-10-08T05:02:53.206Z,sell,5.61e-06,424.0,0.00237864
OAX/BTC,1602133373306,2020-10-08T05:02:53.306Z,sell,5.61e-06,212.0,0.00118932
OAX/BTC,1602133391123,2020-10-08T05:03:11.123Z,sell,5.61e-06,3492.0,0.01959012
OAX/BTC,1602133391139,2020-10-08T05:03:11.139Z,sell,5.61e-06,1837.0,0.01030557
OAX/BTC,1602133391415,2020-10-08T05:03:11.415Z,sell,5.61e-06,916.0,0.00513876
OAX/BTC,1602133391520,2020-10-08T05:03:11.520Z,sell,5.61e-06,443.0,0.0024852299999999
OAX/BTC,1602133536929,2020-10-08T05:05:36.929Z,sell,5.59e-06,167.0,0.00093353
OAX/BTC,1602133772051,2020-10-08T05:09:32.051Z,buy,5.62e-06,10726.0,0.06028012
OAX/BTC,1602134035351,2020-10-08T05:13:55.351Z,buy,5.63e-06,3565.0,0.02007095
OAX/BTC,1602134193257,2020-10-08T05:16:33.257Z,buy,5.63e-06,36.0,0.00020268
OAX/BTC,1602134193347,2020-10-08T05:16:33.347Z,sell,5.63e-06,656.0,0.00369328
OAX/BTC,1602134193546,2020-10-08T05:16:33.546Z,sell,5.63e-06,328.0,0.00184664
OAX/BTC,1602134282239,2020-10-08T05:18:02.239Z,sell,5.63e-06,756.0,0.00425628
OAX/BTC,1602134282239,2020-10-08T05:18:02.239Z,sell,5.6e-06,840.0,0.004704
OAX/BTC,1602134282239,2020-10-08T05:18:02.239Z,sell,5.59e-06,2283.0,0.01276197
OAX/BTC,1602134282239,2020-10-08T05:18:02.239Z,sell,5.58e-06,42208.0,0.23552064
OAX/BTC,1602134315585,2020-10-08T05:18:35.585Z,buy,5.58e-06,823.0,0.00459234
OAX/BTC,1602134315585,2020-10-08T05:18:35.585Z,buy,5.58e-06,823.0,0.00459234
OAX/BTC,1602136035859,2020-10-08T05:47:15.859Z,buy,5.61e-06,1646.0,0.0092340599999999
OAX/BTC,1602136035859,2020-10-08T05:47:15.859Z,buy,5.61e-06,22.0,0.0001234199999999
OAX/BTC,1602136037188,2020-10-08T05:47:17.188Z,sell,5.58e-06,12000.0,0.06696
OAX/BTC,1602136100263,2020-10-08T05:48:20.263Z,sell,5.58e-06,17.0,9.486e-05
OAX/BTC,1602136100263,2020-10-08T05:48:20.263Z,sell,5.56e-06,92.0,0.00051152
OAX/BTC,1602136187320,2020-10-08T05:49:47.320Z,buy,5.61e-06,900.0,0.005049
OAX/BTC,1602136263463,2020-10-08T05:51:03.463Z,sell,5.56e-06,270.0,0.0015012
OAX/BTC,1602137150396,2020-10-08T06:05:50.396Z,sell,5.56e-06,2611.0,0.01451716
OAX/BTC,1602137150396,2020-10-08T06:05:50.396Z,sell,5.55e-06,17476.0,0.0969918
OAX/BTC,1602137150632,2020-10-08T06:05:50.632Z,buy,5.55e-06,1400.0,0.00777
OAX/BTC,1602137150634,2020-10-08T06:05:50.634Z,buy,5.55e-06,1400.0,0.00777
OAX/BTC,1602137151715,2020-10-08T06:05:51.715Z,sell,5.54e-06,457.0,0.00253178
OAX/BTC,1602137152863,2020-10-08T06:05:52.863Z,sell,5.54e-06,13.0,7.202e-05
OAX/BTC,1602137152962,2020-10-08T06:05:52.962Z,buy,5.54e-06,2207.0,0.01222678
OAX/BTC,1602137153068,2020-10-08T06:05:53.068Z,buy,5.54e-06,2344.0,0.01298576
OAX/BTC,1602137158487,2020-10-08T06:05:58.487Z,sell,5.53e-06,8911.0,0.04927783
OAX/BTC,1602137158487,2020-10-08T06:05:58.487Z,sell,5.52e-06,1771.0,0.0097759199999999
OAX/BTC,1602137158487,2020-10-08T06:05:58.487Z,sell,5.51e-06,564.0,0.00310764
OAX/BTC,1602137158487,2020-10-08T06:05:58.487Z,sell,5.5e-06,725.0,0.0039875
OAX/BTC,1602137158566,2020-10-08T06:05:58.566Z,buy,5.5e-06,14726.0,0.080993
OAX/BTC,1602137158670,2020-10-08T06:05:58.670Z,buy,5.5e-06,7358.0,0.040469
OAX/BTC,1602137158770,2020-10-08T06:05:58.770Z,buy,5.5e-06,947.0,0.0052085
OAX/BTC,1602137164084,2020-10-08T06:06:04.084Z,buy,5.55e-06,2201.0,0.01221555
OAX/BTC,1602137166372,2020-10-08T06:06:06.372Z,buy,5.56e-06,597.0,0.00331932
OAX/BTC,1602137221329,2020-10-08T06:07:01.329Z,buy,5.55e-06,89.0,0.00049395
OAX/BTC,1602137228604,2020-10-08T06:07:08.604Z,buy,5.58e-06,270.0,0.0015066
OAX/BTC,1602137231940,2020-10-08T06:07:11.940Z,sell,5.56e-06,73.0,0.00040588
OAX/BTC,1602137849445,2020-10-08T06:17:29.445Z,buy,5.57e-06,179.0,0.00099703
OAX/BTC,1602137849445,2020-10-08T06:17:29.445Z,buy,5.57e-06,179.0,0.00099703
OAX/BTC,1602139725453,2020-10-08T06:48:45.453Z,sell,5.54e-06,270.0,0.0014958
OAX/BTC,1602139741832,2020-10-08T06:49:01.832Z,buy,5.53e-06,23364.0,0.12920292
OAX/BTC,1602139745499,2020-10-08T06:49:05.499Z,sell,5.55e-06,1047.0,0.00581085
OAX/BTC,1602139750732,2020-10-08T06:49:10.732Z,sell,5.54e-06,5521.0,0.03058634
OAX/BTC,1602139770559,2020-10-08T06:49:30.559Z,sell,5.52e-06,322.0,0.00177744
OAX/BTC,1602139770605,2020-10-08T06:49:30.605Z,buy,5.52e-06,687.0,0.0037922399999999
OAX/BTC,1602139788842,2020-10-08T06:49:48.842Z,sell,5.51e-06,98.0,0.00053998
OAX/BTC,1602139788915,2020-10-08T06:49:48.915Z,buy,5.51e-06,380.0,0.0020938
OAX/BTC,1602139806430,2020-10-08T06:50:06.430Z,sell,5.5e-06,270.0,0.001485
OAX/BTC,1602139870347,2020-10-08T06:51:10.347Z,sell,5.52e-06,36.0,0.00019872
OAX/BTC,1602140262893,2020-10-08T06:57:42.893Z,buy,5.52e-06,37.0,0.0002042399999999
OAX/BTC,1602140262893,2020-10-08T06:57:42.893Z,buy,5.56e-06,85.0,0.0004726
OAX/BTC,1602140262893,2020-10-08T06:57:42.893Z,buy,5.56e-06,22.0,0.00012232
OAX/BTC,1602140938807,2020-10-08T07:08:58.807Z,sell,5.5e-06,2848.0,0.015664
OAX/BTC,1602140938807,2020-10-08T07:08:58.807Z,sell,5.49e-06,2360.0,0.0129564
OAX/BTC,1602140942790,2020-10-08T07:09:02.790Z,sell,5.48e-06,104.0,0.00056992
OAX/BTC,1602140942790,2020-10-08T07:09:02.790Z,sell,5.47e-06,73.0,0.00039931
OAX/BTC,1602140942790,2020-10-08T07:09:02.790Z,sell,5.46e-06,384.0,0.00209664
OAX/BTC,1602140947949,2020-10-08T07:09:07.949Z,sell,5.46e-06,669.0,0.00365274
OAX/BTC,1602141015031,2020-10-08T07:10:15.031Z,sell,5.45e-06,73.0,0.00039785
OAX/BTC,1602141091220,2020-10-08T07:11:31.220Z,sell,5.45e-06,730.0,0.0039785
OAX/BTC,1602141091621,2020-10-08T07:11:31.621Z,sell,5.45e-06,364.0,0.0019838
OAX/BTC,1602141091621,2020-10-08T07:11:31.621Z,sell,5.45e-06,364.0,0.0019838
OAX/BTC,1602141515243,2020-10-08T07:18:35.243Z,sell,5.45e-06,10000.0,0.0545
OAX/BTC,1602141515258,2020-10-08T07:18:35.258Z,sell,5.45e-06,3311.0,0.01804495
OAX/BTC,1602141549443,2020-10-08T07:19:09.443Z,sell,5.44e-06,2519.0,0.01370336
OAX/BTC,1602141549544,2020-10-08T07:19:09.544Z,sell,5.44e-06,1259.0,0.0068489599999999
OAX/BTC,1602141549644,2020-10-08T07:19:09.644Z,sell,5.44e-06,629.0,0.00342176
OAX/BTC,1602141550140,2020-10-08T07:19:10.140Z,sell,5.44e-06,313.0,0.0017027199999999
OAX/BTC,1602141552685,2020-10-08T07:19:12.685Z,buy,5.45e-06,21.0,0.00011445
OAX/BTC,1602141565918,2020-10-08T07:19:25.918Z,buy,5.44e-06,369.0,0.0020073599999999
OAX/BTC,1602141568080,2020-10-08T07:19:28.080Z,buy,5.44e-06,657.0,0.00357408
OAX/BTC,1602141568080,2020-10-08T07:19:28.080Z,buy,5.45e-06,19.0,0.00010355
OAX/BTC,1602141568314,2020-10-08T07:19:28.314Z,sell,5.45e-06,59.0,0.00032155
OAX/BTC,1602141570742,2020-10-08T07:19:30.742Z,buy,5.45e-06,184.0,0.0010028
OAX/BTC,1602141787072,2020-10-08T07:23:07.072Z,sell,5.41e-06,270.0,0.0014606999999999
OAX/BTC,1602142285782,2020-10-08T07:31:25.782Z,buy,5.42e-06,184.0,0.00099728
OAX/BTC,1602142285782,2020-10-08T07:31:25.782Z,buy,5.43e-06,540.0,0.0029322
OAX/BTC,1602142289494,2020-10-08T07:31:29.494Z,sell,5.41e-06,1480.0,0.0080068
OAX/BTC,1602142761265,2020-10-08T07:39:21.265Z,sell,5.41e-06,37.0,0.00020017
OAX/BTC,1602142761265,2020-10-08T07:39:21.265Z,sell,5.4e-06,8879.0,0.0479466
OAX/BTC,1602142777286,2020-10-08T07:39:37.286Z,buy,5.43e-06,2038.0,0.01106634
OAX/BTC,1602142777286,2020-10-08T07:39:37.286Z,buy,5.44e-06,9762.0,0.05310528
OAX/BTC,1602142818133,2020-10-08T07:40:18.133Z,sell,5.38e-06,73.0,0.00039274
OAX/BTC,1602142821100,2020-10-08T07:40:21.100Z,sell,5.38e-06,2350.0,0.012643
OAX/BTC,1602142851399,2020-10-08T07:40:51.399Z,sell,5.39e-06,179.0,0.00096481
OAX/BTC,1602142887658,2020-10-08T07:41:27.658Z,buy,5.44e-06,330.0,0.0017951999999999
OAX/BTC,1602142922838,2020-10-08T07:42:02.838Z,sell,5.38e-06,329.0,0.00177002
OAX/BTC,1602142939458,2020-10-08T07:42:19.458Z,buy,5.44e-06,19.0,0.0001033599999999
OAX/BTC,1602142939458,2020-10-08T07:42:19.458Z,buy,5.44e-06,141.0,0.00076704
OAX/BTC,1602142939458,2020-10-08T07:42:19.458Z,buy,5.44e-06,31.0,0.0001686399999999
OAX/BTC,1602143332197,2020-10-08T07:48:52.197Z,buy,5.43e-06,2089.0,0.0113432699999999
OAX/BTC,1602143344226,2020-10-08T07:49:04.226Z,buy,5.43e-06,7493.0,0.04068699
OAX/BTC,1602143354902,2020-10-08T07:49:14.902Z,buy,5.43e-06,198.0,0.00107514
OAX/BTC,1602143656069,2020-10-08T07:54:16.069Z,buy,5.44e-06,3739.0,0.02034016
OAX/BTC,1602143708174,2020-10-08T07:55:08.174Z,sell,5.44e-06,37.0,0.00020128
OAX/BTC,1602143716244,2020-10-08T07:55:16.244Z,sell,5.44e-06,3703.0,0.0201443199999999
OAX/BTC,1602143816458,2020-10-08T07:56:56.458Z,buy,5.44e-06,1353.0,0.0073603199999999
OAX/BTC,1602144003371,2020-10-08T08:00:03.371Z,buy,5.45e-06,2336.0,0.0127312
OAX/BTC,1602144006690,2020-10-08T08:00:06.690Z,sell,5.43e-06,2112.0,0.01146816
OAX/BTC,1602144006690,2020-10-08T08:00:06.690Z,sell,5.43e-06,2112.0,0.01146816
OAX/BTC,1602144918990,2020-10-08T08:15:18.990Z,buy,5.46e-06,40.0,0.0002184
OAX/BTC,1602144918990,2020-10-08T08:15:18.990Z,buy,5.46e-06,213.0,0.00116298
OAX/BTC,1602145308011,2020-10-08T08:21:48.011Z,sell,5.43e-06,89.0,0.0004832699999999
OAX/BTC,1602145308011,2020-10-08T08:21:48.011Z,sell,5.43e-06,89.0,0.0004832699999999
OAX/BTC,1602148337664,2020-10-08T09:12:17.664Z,buy,5.44e-06,487.0,0.00264928
OAX/BTC,1602148347875,2020-10-08T09:12:27.875Z,sell,5.43e-06,57.0,0.00030951
OAX/BTC,1602148347875,2020-10-08T09:12:27.875Z,sell,5.42e-06,2328.0,0.0126177599999999
OAX/BTC,1602148347875,2020-10-08T09:12:27.875Z,sell,5.4e-06,1612.0,0.0087048
OAX/BTC,1602148347875,2020-10-08T09:12:27.875Z,sell,5.39e-06,14450.0,0.0778855
OAX/BTC,1602148647413,2020-10-08T09:17:27.413Z,buy,5.44e-06,8112.0,0.04412928
OAX/BTC,1602148647413,2020-10-08T09:17:27.413Z,buy,5.44e-06,8112.0,0.04412928
OAX/BTC,1602148986511,2020-10-08T09:23:06.511Z,buy,5.45e-06,9082.0,0.0494969
OAX/BTC,1602149597996,2020-10-08T09:33:17.996Z,buy,5.45e-06,35.0,0.00019075
OAX/BTC,1602149602122,2020-10-08T09:33:22.122Z,buy,5.45e-06,2.0,1.09e-05
OAX/BTC,1602149643649,2020-10-08T09:34:03.649Z,buy,5.46e-06,2897.0,0.01581762
OAX/BTC,1602149643666,2020-10-08T09:34:03.666Z,sell,5.46e-06,605.0,0.0033033
OAX/BTC,1602149669145,2020-10-08T09:34:29.145Z,buy,5.47e-06,5744.0,0.03141968
OAX/BTC,1602149674308,2020-10-08T09:34:34.308Z,buy,5.47e-06,5745.0,0.03142515
OAX/BTC,1602149725269,2020-10-08T09:35:25.269Z,buy,5.47e-06,125.0,0.00068375
OAX/BTC,1602149729255,2020-10-08T09:35:29.255Z,buy,5.47e-06,125.0,0.00068375
OAX/BTC,1602149731551,2020-10-08T09:35:31.551Z,buy,5.47e-06,125.0,0.00068375
OAX/BTC,1602149753433,2020-10-08T09:35:53.433Z,buy,5.47e-06,143.0,0.00078221
OAX/BTC,1602149759401,2020-10-08T09:35:59.401Z,buy,5.47e-06,143.0,0.00078221
OAX/BTC,1602149806494,2020-10-08T09:36:46.494Z,buy,5.47e-06,54.0,0.00029538
OAX/BTC,1602149808159,2020-10-08T09:36:48.159Z,buy,5.47e-06,54.0,0.00029538
OAX/BTC,1602149809327,2020-10-08T09:36:49.327Z,buy,5.47e-06,54.0,0.00029538
OAX/BTC,1602149810632,2020-10-08T09:36:50.632Z,buy,5.47e-06,54.0,0.00029538
OAX/BTC,1602149874346,2020-10-08T09:37:54.346Z,buy,5.47e-06,1303.0,0.00712741
OAX/BTC,1602149877191,2020-10-08T09:37:57.191Z,buy,5.47e-06,1955.0,0.01069385
OAX/BTC,1602149883688,2020-10-08T09:38:03.688Z,buy,5.47e-06,489.0,0.00267483
OAX/BTC,1602149889361,2020-10-08T09:38:09.361Z,buy,5.47e-06,733.0,0.00400951
OAX/BTC,1602149966089,2020-10-08T09:39:26.089Z,buy,5.47e-06,183.0,0.00100101
OAX/BTC,1602149971963,2020-10-08T09:39:31.963Z,buy,5.47e-06,275.0,0.00150425
OAX/BTC,1602149977724,2020-10-08T09:39:37.724Z,buy,5.47e-06,69.0,0.00037743
OAX/BTC,1602149983191,2020-10-08T09:39:43.191Z,buy,5.47e-06,103.0,0.00056341
OAX/BTC,1602149987021,2020-10-08T09:39:47.021Z,buy,5.47e-06,104.0,0.00056888
OAX/BTC,1602150002275,2020-10-08T09:40:02.275Z,sell,5.43e-06,313.0,0.00169959
OAX/BTC,1602150094594,2020-10-08T09:41:34.594Z,buy,5.44e-06,312.0,0.0016972799999999
OAX/BTC,1602152036215,2020-10-08T10:13:56.215Z,sell,5.42e-06,3012.0,0.01632504
OAX/BTC,1602152196846,2020-10-08T10:16:36.846Z,buy,5.45e-06,7510.0,0.0409295
OAX/BTC,1602152196857,2020-10-08T10:16:36.857Z,buy,5.45e-06,1360.0,0.007412
OAX/BTC,1602152196857,2020-10-08T10:16:36.857Z,buy,5.45e-06,1360.0,0.007412
OAX/BTC,1602152802793,2020-10-08T10:26:42.793Z,sell,5.46e-06,22172.0,0.12105912
OAX/BTC,1602152894628,2020-10-08T10:28:14.628Z,sell,5.42e-06,6140.0,0.0332788
OAX/BTC,1602152899417,2020-10-08T10:28:19.417Z,buy,5.45e-06,3683.0,0.02007235
OAX/BTC,1602153074663,2020-10-08T10:31:14.663Z,buy,5.46e-06,6031.0,0.03292926
OAX/BTC,1602153074676,2020-10-08T10:31:14.676Z,buy,5.46e-06,4425.0,0.0241605
OAX/BTC,1602153074998,2020-10-08T10:31:14.998Z,buy,5.46e-06,2207.0,0.01205022
OAX/BTC,1602153075293,2020-10-08T10:31:15.293Z,buy,5.46e-06,1101.0,0.00601146
OAX/BTC,1602153075799,2020-10-08T10:31:15.799Z,buy,5.46e-06,548.0,0.00299208
OAX/BTC,1602153076095,2020-10-08T10:31:16.095Z,buy,5.46e-06,274.0,0.00149604
OAX/BTC,1602153086318,2020-10-08T10:31:26.318Z,buy,5.46e-06,6183.0,0.03375918
OAX/BTC,1602154712776,2020-10-08T10:58:32.776Z,sell,5.47e-06,49.0,0.00026803
OAX/BTC,1602154748318,2020-10-08T10:59:08.318Z,sell,5.47e-06,37.0,0.00020239
OAX/BTC,1602155174830,2020-10-08T11:06:14.830Z,sell,5.46e-06,1832.0,0.01000272
OAX/BTC,1602155174853,2020-10-08T11:06:14.853Z,buy,5.46e-06,916.0,0.00500136
OAX/BTC,1602155174954,2020-10-08T11:06:14.954Z,buy,5.46e-06,458.0,0.00250068
OAX/BTC,1602155175066,2020-10-08T11:06:15.066Z,buy,5.46e-06,500.0,0.00273
OAX/BTC,1602155175072,2020-10-08T11:06:15.072Z,buy,5.46e-06,1300.0,0.007098
OAX/BTC,1602155175083,2020-10-08T11:06:15.083Z,buy,5.46e-06,479.0,0.00261534
OAX/BTC,1602155175254,2020-10-08T11:06:15.254Z,buy,5.46e-06,888.0,0.00484848
OAX/BTC,1602155175359,2020-10-08T11:06:15.359Z,buy,5.46e-06,444.0,0.00242424
OAX/BTC,1602155175558,2020-10-08T11:06:15.558Z,buy,5.46e-06,222.0,0.00121212
OAX/BTC,1602155175685,2020-10-08T11:06:15.685Z,buy,5.46e-06,1705.0,0.0093093
OAX/BTC,1602155688902,2020-10-08T11:14:48.902Z,buy,5.5e-06,1706.0,0.0093829999999999
OAX/BTC,1602155688902,2020-10-08T11:14:48.902Z,buy,5.51e-06,1708.0,0.0094110799999999
OAX/BTC,1602155786027,2020-10-08T11:16:26.027Z,buy,5.51e-06,718.0,0.00395618
OAX/BTC,1602155786027,2020-10-08T11:16:26.027Z,buy,5.51e-06,718.0,0.00395618
OAX/BTC,1602158283083,2020-10-08T11:58:03.083Z,buy,5.5e-06,14513.0,0.0798215
OAX/BTC,1602158418908,2020-10-08T12:00:18.908Z,sell,5.5e-06,36.0,0.000198
OAX/BTC,1602158461545,2020-10-08T12:01:01.545Z,sell,5.47e-06,641.0,0.00350627
OAX/BTC,1602158503636,2020-10-08T12:01:43.636Z,buy,5.51e-06,24.0,0.00013224
OAX/BTC,1602158543175,2020-10-08T12:02:23.175Z,buy,5.51e-06,617.0,0.00339967
OAX/BTC,1602158543175,2020-10-08T12:02:23.175Z,buy,5.52e-06,2608.0,0.01439616
OAX/BTC,1602158597437,2020-10-08T12:03:17.437Z,buy,5.52e-06,680.0,0.0037535999999999
OAX/BTC,1602158657314,2020-10-08T12:04:17.314Z,sell,5.52e-06,1888.0,0.0104217599999999
OAX/BTC,1602158917312,2020-10-08T12:08:37.312Z,sell,5.47e-06,1450.0,0.0079315
OAX/BTC,1602158917312,2020-10-08T12:08:37.312Z,sell,5.47e-06,1450.0,0.0079315
OAX/BTC,1602160179858,2020-10-08T12:29:39.858Z,sell,5.47e-06,24498.0,0.13400406
OAX/BTC,1602160382641,2020-10-08T12:33:02.641Z,buy,5.5e-06,9124.0,0.050182
OAX/BTC,1602160382670,2020-10-08T12:33:02.670Z,buy,5.5e-06,5111.0,0.0281105
OAX/BTC,1602160448295,2020-10-08T12:34:08.295Z,sell,5.5e-06,37.0,0.0002034999999999
OAX/BTC,1602161930807,2020-10-08T12:58:50.807Z,buy,5.52e-06,2991.0,0.01651032
OAX/BTC,1602161930826,2020-10-08T12:58:50.826Z,buy,5.52e-06,1495.0,0.0082524
OAX/BTC,1602161931099,2020-10-08T12:58:51.099Z,buy,5.52e-06,746.0,0.00411792
OAX/BTC,1602161931597,2020-10-08T12:58:51.597Z,buy,5.52e-06,371.0,0.00204792
OAX/BTC,1602161932093,2020-10-08T12:58:52.093Z,buy,5.52e-06,185.0,0.0010211999999999
OAX/BTC,1602162006693,2020-10-08T13:00:06.693Z,buy,5.53e-06,1453.0,0.00803509
OAX/BTC,1602162006704,2020-10-08T13:00:06.704Z,buy,5.53e-06,257.0,0.00142121
OAX/BTC,1602162006836,2020-10-08T13:00:06.836Z,buy,5.53e-06,647.0,0.00357791
OAX/BTC,1602162009832,2020-10-08T13:00:09.832Z,buy,5.53e-06,315.0,0.00174195
OAX/BTC,1602162053249,2020-10-08T13:00:53.249Z,buy,5.53e-06,28.0,0.00015484
OAX/BTC,1602162102980,2020-10-08T13:01:42.980Z,buy,5.53e-06,20385.0,0.11272905
OAX/BTC,1602162202217,2020-10-08T13:03:22.217Z,buy,5.54e-06,479.0,0.00265366
OAX/BTC,1602162270341,2020-10-08T13:04:30.341Z,buy,5.54e-06,1607.0,0.00890278
OAX/BTC,1602162378227,2020-10-08T13:06:18.227Z,buy,5.54e-06,1419.0,0.00786126
OAX/BTC,1602162446258,2020-10-08T13:07:26.258Z,buy,5.54e-06,402.0,0.00222708
OAX/BTC,1602162446359,2020-10-08T13:07:26.359Z,buy,5.54e-06,201.0,0.00111354
OAX/BTC,1602162446359,2020-10-08T13:07:26.359Z,buy,5.54e-06,201.0,0.00111354
OAX/BTC,1602162813499,2020-10-08T13:13:33.499Z,buy,5.55e-06,1236.0,0.0068598
OAX/BTC,1602162864110,2020-10-08T13:14:24.110Z,buy,5.55e-06,1671.0,0.00927405
OAX/BTC,1602162956197,2020-10-08T13:15:56.197Z,buy,5.55e-06,577.0,0.00320235
OAX/BTC,1602162956497,2020-10-08T13:15:56.497Z,buy,5.55e-06,288.0,0.0015984
OAX/BTC,1602163120405,2020-10-08T13:18:40.405Z,buy,5.55e-06,1644.0,0.0091242
OAX/BTC,1602163120418,2020-10-08T13:18:40.418Z,buy,5.55e-06,501.0,0.00278055
OAX/BTC,1602163124582,2020-10-08T13:18:44.582Z,buy,5.55e-06,587.0,0.00325785
OAX/BTC,1602163124678,2020-10-08T13:18:44.678Z,buy,5.55e-06,293.0,0.00162615
OAX/BTC,1602163165771,2020-10-08T13:19:25.771Z,buy,5.55e-06,2320.0,0.012876
OAX/BTC,1602163165787,2020-10-08T13:19:25.787Z,buy,5.55e-06,1264.0,0.0070152
OAX/BTC,1602163165917,2020-10-08T13:19:25.917Z,buy,5.55e-06,632.0,0.0035076
OAX/BTC,1602163166996,2020-10-08T13:19:26.996Z,buy,5.55e-06,313.0,0.00173715
OAX/BTC,1602163472761,2020-10-08T13:24:32.761Z,buy,5.55e-06,1548.0,0.0085914
OAX/BTC,1602163472780,2020-10-08T13:24:32.780Z,buy,5.55e-06,786.0,0.0043623
OAX/BTC,1602163473266,2020-10-08T13:24:33.266Z,buy,5.55e-06,391.0,0.00217005
OAX/BTC,1602163473556,2020-10-08T13:24:33.556Z,buy,5.55e-06,195.0,0.00108225
OAX/BTC,1602163683685,2020-10-08T13:28:03.685Z,sell,5.54e-06,1679.0,0.00930166
OAX/BTC,1602163725388,2020-10-08T13:28:45.388Z,buy,5.55e-06,845.0,0.00468975
OAX/BTC,1602163803021,2020-10-08T13:30:03.021Z,buy,5.55e-06,538.0,0.0029859
OAX/BTC,1602163803143,2020-10-08T13:30:03.143Z,buy,5.55e-06,268.0,0.0014874
OAX/BTC,1602163878655,2020-10-08T13:31:18.655Z,sell,5.54e-06,55.0,0.0003047
OAX/BTC,1602164037527,2020-10-08T13:33:57.527Z,buy,5.55e-06,575.0,0.00319125
OAX/BTC,1602164123166,2020-10-08T13:35:23.166Z,sell,5.54e-06,181.0,0.00100274
OAX/BTC,1602164123180,2020-10-08T13:35:23.180Z,sell,5.54e-06,244.0,0.00135176
