symbol,timestamp,datetime,side,price,amount,btc_volume
OAX/BTC,1584028857816,2020-03-12T16:00:57.816Z,buy,4.59e-06,1082.0,0.00496638
OAX/BTC,1584028861221,2020-03-12T16:01:01.221Z,buy,4.59e-06,750.0,0.0034425
OAX/BTC,1584028861773,2020-03-12T16:01:01.773Z,buy,4.59e-06,65.0,0.00029835
OAX/BTC,1584028861930,2020-03-12T16:01:01.930Z,buy,4.59e-06,140.0,0.0006426
OAX/BTC,1584028862924,2020-03-12T16:01:02.924Z,buy,4.59e-06,660.0,0.0030294
OAX/BTC,1584028863683,2020-03-12T16:01:03.683Z,buy,4.59e-06,109.0,0.00050031
OAX/BTC,1584028864738,2020-03-12T16:01:04.738Z,buy,4.59e-06,531.0,0.00243729
OAX/BTC,1584028865820,2020-03-12T16:01:05.820Z,buy,4.59e-06,368.0,0.00168912
OAX/BTC,1584028866025,2020-03-12T16:01:06.025Z,buy,4.59e-06,23.0,0.00010557
OAX/BTC,1584028866070,2020-03-12T16:01:06.070Z,buy,4.59e-06,545.0,0.00250155
OAX/BTC,1584028867120,2020-03-12T16:01:07.120Z,buy,4.59e-06,649.0,0.00297891
OAX/BTC,1584028868520,2020-03-12T16:01:08.520Z,buy,4.59e-06,449.0,0.00206091
OAX/BTC,1584028875260,2020-03-12T16:01:15.260Z,buy,4.59e-06,212.0,0.00097308
OAX/BTC,1584028875273,2020-03-12T16:01:15.273Z,buy,4.59e-06,446.0,0.00204714
OAX/BTC,1584028878527,2020-03-12T16:01:18.527Z,buy,4.59e-06,304.0,0.00139536
OAX/BTC,1584029032568,2020-03-12T16:03:52.568Z,sell,4.56e-06,509.0,0.00232104
OAX/BTC,1584029032568,2020-03-12T16:03:52.568Z,sell,4.56e-06,28.0,0.00012768
OAX/BTC,1584029032951,2020-03-12T16:03:52.951Z,buy,4.58e-06,433.0,0.00198314
OAX/BTC,1584029058063,2020-03-12T16:04:18.063Z,buy,4.58e-06,211.0,0.00096638
OAX/BTC,1584029068635,2020-03-12T16:04:28.635Z,buy,4.59e-06,273.0,0.00125307
OAX/BTC,1584029068651,2020-03-12T16:04:28.651Z,buy,4.59e-06,551.0,0.00252909
OAX/BTC,1584029069749,2020-03-12T16:04:29.749Z,buy,4.59e-06,383.0,0.00175797
OAX/BTC,1584029073251,2020-03-12T16:04:33.251Z,buy,4.59e-06,260.0,0.0011934
OAX/BTC,1584029123520,2020-03-12T16:05:23.520Z,sell,4.58e-06,440.0,0.0020152
OAX/BTC,1584029123520,2020-03-12T16:05:23.520Z,sell,4.58e-06,31.0,0.00014198
OAX/BTC,1584029123536,2020-03-12T16:05:23.536Z,sell,4.58e-06,36.0,0.00016488
OAX/BTC,1584029131363,2020-03-12T16:05:31.363Z,sell,4.56e-06,411.0,0.00187416
OAX/BTC,1584029132457,2020-03-12T16:05:32.457Z,sell,4.56e-06,285.0,0.0012996
OAX/BTC,1584029134489,2020-03-12T16:05:34.489Z,sell,4.56e-06,1728.0,0.00787968
OAX/BTC,1584029134643,2020-03-12T16:05:34.643Z,sell,4.56e-06,1354.0,0.00617424
OAX/BTC,1584029195785,2020-03-12T16:06:35.785Z,buy,4.59e-06,505.0,0.00231795
OAX/BTC,1584029195827,2020-03-12T16:06:35.827Z,sell,4.55e-06,130.0,0.0005914999999999
OAX/BTC,1584029195827,2020-03-12T16:06:35.827Z,sell,4.54e-06,2179.0,0.00989266
OAX/BTC,1584029240543,2020-03-12T16:07:20.543Z,buy,4.59e-06,23.0,0.00010557
OAX/BTC,1584029243695,2020-03-12T16:07:23.695Z,sell,4.55e-06,527.0,0.00239785
OAX/BTC,1584029243695,2020-03-12T16:07:23.695Z,sell,4.54e-06,228.0,0.0010351199999999
OAX/BTC,1584029411750,2020-03-12T16:10:11.750Z,sell,4.53e-06,561.0,0.00254133
OAX/BTC,1584029411762,2020-03-12T16:10:11.762Z,sell,4.53e-06,3493.0,0.01582329
OAX/BTC,1584029411765,2020-03-12T16:10:11.765Z,sell,4.53e-06,951.0,0.00430803
OAX/BTC,1584029411787,2020-03-12T16:10:11.787Z,sell,4.53e-06,2052.0,0.00929556
OAX/BTC,1584029412797,2020-03-12T16:10:12.797Z,sell,4.53e-06,4509.0,0.02042577
OAX/BTC,1584029413999,2020-03-12T16:10:13.999Z,sell,4.53e-06,354.0,0.00160362
OAX/BTC,1584029421498,2020-03-12T16:10:21.498Z,sell,4.51e-06,1422.0,0.00641322
OAX/BTC,1584029422605,2020-03-12T16:10:22.605Z,sell,4.5e-06,242.0,0.001089
OAX/BTC,1584029425993,2020-03-12T16:10:25.993Z,sell,4.48e-06,2250.0,0.01008
OAX/BTC,1584029427308,2020-03-12T16:10:27.308Z,sell,4.48e-06,1558.0,0.00697984
OAX/BTC,1584029428507,2020-03-12T16:10:28.507Z,sell,4.48e-06,1080.0,0.0048384
OAX/BTC,1584029437044,2020-03-12T16:10:37.044Z,buy,4.5e-06,183.0,0.0008235
OAX/BTC,1584029449058,2020-03-12T16:10:49.058Z,buy,4.47e-06,54.0,0.00024138
OAX/BTC,1584029466104,2020-03-12T16:11:06.104Z,sell,4.48e-06,686.0,0.00307328
OAX/BTC,1584029468598,2020-03-12T16:11:08.598Z,sell,4.48e-06,470.0,0.0021056
OAX/BTC,1584029472836,2020-03-12T16:11:12.836Z,buy,4.5e-06,72.0,0.000324
OAX/BTC,1584029473206,2020-03-12T16:11:13.206Z,sell,4.48e-06,367.0,0.00164416
OAX/BTC,1584029486501,2020-03-12T16:11:26.501Z,buy,4.5e-06,556.0,0.002502
OAX/BTC,1584029510732,2020-03-12T16:11:50.732Z,buy,4.5e-06,4448.0,0.020016
OAX/BTC,1584029515205,2020-03-12T16:11:55.205Z,buy,4.5e-06,3488.0,0.015696
OAX/BTC,1584029543418,2020-03-12T16:12:23.418Z,buy,4.5e-06,1364.0,0.006138
OAX/BTC,1584030059032,2020-03-12T16:20:59.032Z,sell,4.48e-06,1102.0,0.00493696
OAX/BTC,1584030106619,2020-03-12T16:21:46.619Z,buy,4.5e-06,545.0,0.0024525
OAX/BTC,1584030108018,2020-03-12T16:21:48.018Z,buy,4.5e-06,377.0,0.0016965
OAX/BTC,1584030113725,2020-03-12T16:21:53.725Z,buy,4.5e-06,252.0,0.001134
OAX/BTC,1584030166083,2020-03-12T16:22:46.083Z,buy,4.5e-06,94.0,0.000423
OAX/BTC,1584030169146,2020-03-12T16:22:49.146Z,buy,4.5e-06,68.0,0.000306
OAX/BTC,1584031086786,2020-03-12T16:38:06.786Z,buy,4.5e-06,3019.0,0.0135855
OAX/BTC,1584031813540,2020-03-12T16:50:13.540Z,sell,4.49e-06,2565.0,0.01151685
OAX/BTC,1584031829839,2020-03-12T16:50:29.839Z,sell,4.49e-06,321.0,0.00144129
OAX/BTC,1584031829844,2020-03-12T16:50:29.844Z,sell,4.49e-06,2112.0,0.00948288
OAX/BTC,1584031829861,2020-03-12T16:50:29.861Z,buy,4.49e-06,321.0,0.00144129
OAX/BTC,1584031833534,2020-03-12T16:50:33.534Z,sell,4.48e-06,249.0,0.00111552
OAX/BTC,1584031838265,2020-03-12T16:50:38.265Z,sell,4.48e-06,6520.0,0.0292096
OAX/BTC,1584031838265,2020-03-12T16:50:38.265Z,sell,4.47e-06,8172.0,0.03652884
OAX/BTC,1584031838265,2020-03-12T16:50:38.265Z,sell,4.46e-06,130.0,0.0005798
OAX/BTC,1584031838265,2020-03-12T16:50:38.265Z,sell,4.45e-06,880.0,0.0039159999999999
OAX/BTC,1584031838265,2020-03-12T16:50:38.265Z,sell,4.44e-06,85.0,0.0003774
OAX/BTC,1584031838265,2020-03-12T16:50:38.265Z,sell,4.43e-06,7250.0,0.0321175
OAX/BTC,1584031838265,2020-03-12T16:50:38.265Z,sell,4.41e-06,1430.0,0.0063063
OAX/BTC,1584031838265,2020-03-12T16:50:38.265Z,sell,4.4e-06,4576.0,0.0201344
OAX/BTC,1584031838265,2020-03-12T16:50:38.265Z,sell,4.39e-06,1696.0,0.00744544
OAX/BTC,1584031838265,2020-03-12T16:50:38.265Z,sell,4.38e-06,6698.0,0.02933724
OAX/BTC,1584031838265,2020-03-12T16:50:38.265Z,sell,4.37e-06,15169.0,0.06628853
OAX/BTC,1584031838265,2020-03-12T16:50:38.265Z,sell,4.36e-06,53039.0,0.23125004
OAX/BTC,1584031838265,2020-03-12T16:50:38.265Z,sell,4.35e-06,11550.0,0.0502424999999999
OAX/BTC,1584031838265,2020-03-12T16:50:38.265Z,sell,4.34e-06,29.0,0.00012586
OAX/BTC,1584031838265,2020-03-12T16:50:38.265Z,sell,4.33e-06,86.0,0.00037238
OAX/BTC,1584031838265,2020-03-12T16:50:38.265Z,sell,4.31e-06,267.0,0.00115077
OAX/BTC,1584031838265,2020-03-12T16:50:38.265Z,sell,4.3e-06,47.0,0.0002021
OAX/BTC,1584031838282,2020-03-12T16:50:38.282Z,buy,4.3e-06,2308.0,0.0099244
OAX/BTC,1584031839075,2020-03-12T16:50:39.075Z,buy,4.5e-06,140.0,0.00063
OAX/BTC,1584031842620,2020-03-12T16:50:42.620Z,sell,4.44e-06,130.0,0.0005771999999999
OAX/BTC,1584031907341,2020-03-12T16:51:47.341Z,buy,4.45e-06,130.0,0.0005785
OAX/BTC,1584032014484,2020-03-12T16:53:34.484Z,buy,4.46e-06,2409.0,0.01074414
OAX/BTC,1584032014484,2020-03-12T16:53:34.484Z,buy,4.46e-06,2409.0,0.01074414
OAX/BTC,1584032754538,2020-03-12T17:05:54.538Z,sell,4.46e-06,907.0,0.0040452199999999
OAX/BTC,1584032754552,2020-03-12T17:05:54.552Z,buy,4.5e-06,675.0,0.0030375
OAX/BTC,1584032757003,2020-03-12T17:05:57.003Z,buy,4.5e-06,463.0,0.0020835
OAX/BTC,1584032758629,2020-03-12T17:05:58.629Z,buy,4.5e-06,320.0,0.00144
OAX/BTC,1584032759801,2020-03-12T17:05:59.801Z,buy,4.5e-06,222.0,0.000999
OAX/BTC,1584032777064,2020-03-12T17:06:17.064Z,buy,4.5e-06,655.0,0.0029475
OAX/BTC,1584032777076,2020-03-12T17:06:17.076Z,buy,4.5e-06,593.0,0.0026685
OAX/BTC,1584032778504,2020-03-12T17:06:18.504Z,buy,4.49e-06,410.0,0.0018409
OAX/BTC,1584032780013,2020-03-12T17:06:20.013Z,buy,4.49e-06,283.0,0.00127067
OAX/BTC,1584032817006,2020-03-12T17:06:57.006Z,buy,4.49e-06,3300.0,0.014817
OAX/BTC,1584032817016,2020-03-12T17:06:57.016Z,buy,4.49e-06,2456.0,0.01102744
OAX/BTC,1584032821207,2020-03-12T17:07:01.207Z,buy,4.49e-06,1660.0,0.0074534
OAX/BTC,1584032823709,2020-03-12T17:07:03.709Z,buy,4.47e-06,1138.0,0.00508686
OAX/BTC,1584032825410,2020-03-12T17:07:05.410Z,buy,4.47e-06,786.0,0.00351342
OAX/BTC,1584032826508,2020-03-12T17:07:06.508Z,buy,4.49e-06,545.0,0.00244705
OAX/BTC,1584032827613,2020-03-12T17:07:07.613Z,buy,4.51e-06,378.0,0.00170478
OAX/BTC,1584032828618,2020-03-12T17:07:08.618Z,buy,4.51e-06,262.0,0.00118162
OAX/BTC,1584032847828,2020-03-12T17:07:27.828Z,buy,4.48e-06,117.0,0.00052416
OAX/BTC,1584032847840,2020-03-12T17:07:27.840Z,buy,4.48e-06,238.0,0.00106624
OAX/BTC,1584032847861,2020-03-12T17:07:27.861Z,buy,4.48e-06,174.0,0.00077952
OAX/BTC,1584032848909,2020-03-12T17:07:28.909Z,buy,4.47e-06,286.0,0.00127842
OAX/BTC,1584033038829,2020-03-12T17:10:38.829Z,sell,4.47e-06,260.0,0.0011622
OAX/BTC,1584033038848,2020-03-12T17:10:38.848Z,buy,4.5e-06,223.0,0.0010035
OAX/BTC,1584033056661,2020-03-12T17:10:56.661Z,buy,4.53e-06,61.0,0.00027633
OAX/BTC,1584033306664,2020-03-12T17:15:06.664Z,buy,4.53e-06,45.0,0.00020385
OAX/BTC,1584033341315,2020-03-12T17:15:41.315Z,buy,4.53e-06,1543.0,0.00698979
OAX/BTC,1584033600448,2020-03-12T17:20:00.448Z,sell,4.53e-06,8787.0,0.03980511
OAX/BTC,1584033600526,2020-03-12T17:20:00.526Z,buy,4.53e-06,471.0,0.00213363
OAX/BTC,1584033614630,2020-03-12T17:20:14.630Z,buy,4.54e-06,5455.0,0.0247656999999999
OAX/BTC,1584033616935,2020-03-12T17:20:16.935Z,buy,4.53e-06,106.0,0.00048018
OAX/BTC,1584033616935,2020-03-12T17:20:16.935Z,buy,4.54e-06,202.0,0.0009170799999999
OAX/BTC,1584033618034,2020-03-12T17:20:18.034Z,buy,4.55e-06,3620.0,0.016471
OAX/BTC,1584033619527,2020-03-12T17:20:19.527Z,buy,4.55e-06,2503.0,0.0113886499999999
OAX/BTC,1584034328295,2020-03-12T17:32:08.295Z,buy,4.56e-06,45.0,0.0002052
OAX/BTC,1584034569129,2020-03-12T17:36:09.129Z,buy,4.55e-06,545.0,0.0024797499999999
OAX/BTC,1584034628086,2020-03-12T17:37:08.086Z,buy,4.55e-06,22.0,0.0001001
OAX/BTC,1584034942839,2020-03-12T17:42:22.839Z,buy,4.57e-06,860.0,0.0039302
OAX/BTC,1584034943765,2020-03-12T17:42:23.765Z,buy,4.57e-06,676.0,0.00308932
OAX/BTC,1584035497232,2020-03-12T17:51:37.232Z,buy,4.55e-06,88.0,0.0004004
OAX/BTC,1584035501360,2020-03-12T17:51:41.360Z,buy,4.55e-06,1712.0,0.0077895999999999
OAX/BTC,1584035501376,2020-03-12T17:51:41.376Z,sell,4.55e-06,654.0,0.0029757
OAX/BTC,1584035589606,2020-03-12T17:53:09.606Z,buy,4.56e-06,827.0,0.00377112
OAX/BTC,1584035592008,2020-03-12T17:53:12.008Z,buy,4.56e-06,567.0,0.00258552
OAX/BTC,1584035593313,2020-03-12T17:53:13.313Z,buy,4.56e-06,393.0,0.00179208
OAX/BTC,1584035598410,2020-03-12T17:53:18.410Z,buy,4.56e-06,264.0,0.00120384
OAX/BTC,1584035599654,2020-03-12T17:53:19.654Z,buy,4.56e-06,1378.0,0.00628368
OAX/BTC,1584035600916,2020-03-12T17:53:20.916Z,buy,4.57e-06,1135.0,0.00518695
OAX/BTC,1584035602217,2020-03-12T17:53:22.217Z,buy,4.57e-06,786.0,0.00359202
OAX/BTC,1584035603314,2020-03-12T17:53:23.314Z,buy,4.57e-06,546.0,0.00249522
OAX/BTC,1584035604919,2020-03-12T17:53:24.919Z,buy,4.57e-06,377.0,0.00172289
OAX/BTC,1584035606714,2020-03-12T17:53:26.714Z,buy,4.57e-06,260.0,0.0011882
OAX/BTC,1584035606714,2020-03-12T17:53:26.714Z,buy,4.57e-06,260.0,0.0011882
OAX/BTC,1584035714161,2020-03-12T17:55:14.161Z,buy,4.57e-06,750.0,0.0034275
OAX/BTC,1584035803286,2020-03-12T17:56:43.286Z,buy,4.57e-06,89.0,0.00040673
OAX/BTC,1584035851771,2020-03-12T17:57:31.771Z,buy,4.57e-06,232.0,0.00106024
OAX/BTC,1584035922574,2020-03-12T17:58:42.574Z,buy,4.57e-06,4734.0,0.02163438
OAX/BTC,1584035922592,2020-03-12T17:58:42.592Z,buy,4.57e-06,1556.0,0.00711092
OAX/BTC,1584035927992,2020-03-12T17:58:47.992Z,buy,4.57e-06,2807.0,0.01282799
OAX/BTC,1584035930890,2020-03-12T17:58:50.890Z,buy,4.57e-06,1919.0,0.00876983
OAX/BTC,1584035933092,2020-03-12T17:58:53.092Z,buy,4.57e-06,1319.0,0.00602783
OAX/BTC,1584035934190,2020-03-12T17:58:54.190Z,buy,4.57e-06,915.0,0.00418155
OAX/BTC,1584035935301,2020-03-12T17:58:55.301Z,buy,4.57e-06,634.0,0.00289738
OAX/BTC,1584035936391,2020-03-12T17:58:56.391Z,buy,4.57e-06,440.0,0.0020108
OAX/BTC,1584035941498,2020-03-12T17:59:01.498Z,buy,4.57e-06,295.0,0.00134815
OAX/BTC,1584036007697,2020-03-12T18:00:07.697Z,sell,4.56e-06,140.0,0.0006384
OAX/BTC,1584036007697,2020-03-12T18:00:07.697Z,sell,4.56e-06,115.0,0.0005244
OAX/BTC,1584036007697,2020-03-12T18:00:07.697Z,sell,4.56e-06,75.0,0.000342
OAX/BTC,1584036013787,2020-03-12T18:00:13.787Z,buy,4.57e-06,75.0,0.00034275
OAX/BTC,1584036027607,2020-03-12T18:00:27.607Z,buy,4.57e-06,343.0,0.00156751
OAX/BTC,1584036029710,2020-03-12T18:00:29.710Z,buy,4.57e-06,236.0,0.00107852
OAX/BTC,1584036348861,2020-03-12T18:05:48.861Z,sell,4.56e-06,88.0,0.00040128
OAX/BTC,1584037482574,2020-03-12T18:24:42.574Z,buy,4.57e-06,3615.0,0.01652055
OAX/BTC,1584037482756,2020-03-12T18:24:42.756Z,buy,4.58e-06,2526.0,0.01156908
OAX/BTC,1584037484156,2020-03-12T18:24:44.156Z,buy,4.58e-06,1748.0,0.00800584
OAX/BTC,1584037486557,2020-03-12T18:24:46.557Z,buy,4.58e-06,1200.0,0.005496
OAX/BTC,1584037490457,2020-03-12T18:24:50.457Z,buy,4.58e-06,813.0,0.00372354
OAX/BTC,1584037491462,2020-03-12T18:24:51.462Z,buy,4.58e-06,564.0,0.00258312
OAX/BTC,1584037501590,2020-03-12T18:25:01.590Z,buy,4.58e-06,3278.0,0.01501324
OAX/BTC,1584037501901,2020-03-12T18:25:01.901Z,sell,4.58e-06,22.0,0.00010076
OAX/BTC,1584037502764,2020-03-12T18:25:02.764Z,buy,4.59e-06,657.0,0.00301563
OAX/BTC,1584037509284,2020-03-12T18:25:09.284Z,buy,4.6e-06,610.0,0.002806
OAX/BTC,1584037534605,2020-03-12T18:25:34.605Z,sell,4.58e-06,96.0,0.00043968
OAX/BTC,1584037631615,2020-03-12T18:27:11.615Z,buy,4.61e-06,2214.0,0.01020654
OAX/BTC,1584037631615,2020-03-12T18:27:11.615Z,buy,4.62e-06,6131.0,0.0283252199999999
OAX/BTC,1584037631712,2020-03-12T18:27:11.712Z,sell,4.62e-06,1078.0,0.00498036
OAX/BTC,1584037640471,2020-03-12T18:27:20.471Z,sell,4.59e-06,1299.0,0.00596241
OAX/BTC,1584037922718,2020-03-12T18:32:02.718Z,sell,4.58e-06,331.0,0.00151598
OAX/BTC,1584037922718,2020-03-12T18:32:02.718Z,sell,4.57e-06,776.0,0.00354632
OAX/BTC,1584037922718,2020-03-12T18:32:02.718Z,sell,4.57e-06,107.0,0.00048899
OAX/BTC,1584037922718,2020-03-12T18:32:02.718Z,sell,4.57e-06,422.0,0.00192854
OAX/BTC,1584037923185,2020-03-12T18:32:03.185Z,sell,4.57e-06,280.0,0.0012796
OAX/BTC,1584038008564,2020-03-12T18:33:28.564Z,sell,4.58e-06,77.0,0.00035266
OAX/BTC,1584038008564,2020-03-12T18:33:28.564Z,sell,4.57e-06,175.0,0.00079975
OAX/BTC,1584038021632,2020-03-12T18:33:41.632Z,sell,4.56e-06,447.0,0.00203832
OAX/BTC,1584038379595,2020-03-12T18:39:39.595Z,sell,4.55e-06,130.0,0.0005914999999999
OAX/BTC,1584038379595,2020-03-12T18:39:39.595Z,sell,4.54e-06,4368.0,0.01983072
OAX/BTC,1584038379595,2020-03-12T18:39:39.595Z,sell,4.54e-06,33.0,0.00014982
OAX/BTC,1584038771947,2020-03-12T18:46:11.947Z,buy,4.59e-06,130.0,0.0005967
OAX/BTC,1584038771947,2020-03-12T18:46:11.947Z,buy,4.59e-06,130.0,0.0005967
OAX/BTC,1584039617032,2020-03-12T19:00:17.032Z,sell,4.56e-06,214.0,0.00097584
OAX/BTC,1584039617032,2020-03-12T19:00:17.032Z,sell,4.55e-06,290.0,0.0013195
OAX/BTC,1584039617032,2020-03-12T19:00:17.032Z,sell,4.55e-06,33.0,0.00015015
OAX/BTC,1584039652988,2020-03-12T19:00:52.988Z,buy,4.59e-06,22.0,0.00010098
OAX/BTC,1584039652988,2020-03-12T19:00:52.988Z,buy,4.6e-06,1568.0,0.0072128
OAX/BTC,1584039669912,2020-03-12T19:01:09.912Z,buy,4.6e-06,380.0,0.001748
OAX/BTC,1584039676283,2020-03-12T19:01:16.283Z,buy,4.6e-06,95.0,0.000437
OAX/BTC,1584039967918,2020-03-12T19:06:07.918Z,sell,4.55e-06,130.0,0.0005914999999999
OAX/BTC,1584039967918,2020-03-12T19:06:07.918Z,sell,4.54e-06,4923.0,0.02235042
OAX/BTC,1584039967959,2020-03-12T19:06:07.959Z,buy,4.54e-06,3665.0,0.0166391
OAX/BTC,1584039992899,2020-03-12T19:06:32.899Z,buy,4.54e-06,33.0,0.00014982
OAX/BTC,1584039999001,2020-03-12T19:06:39.001Z,buy,4.54e-06,33.0,0.00014982
OAX/BTC,1584040002318,2020-03-12T19:06:42.318Z,buy,4.54e-06,33.0,0.00014982
OAX/BTC,1584040002862,2020-03-12T19:06:42.862Z,buy,4.54e-06,33.0,0.00014982
OAX/BTC,1584040016842,2020-03-12T19:06:56.842Z,buy,4.54e-06,44.0,0.00019976
OAX/BTC,1584040028142,2020-03-12T19:07:08.142Z,buy,4.54e-06,23.0,0.0001044199999999
OAX/BTC,1584040752035,2020-03-12T19:19:12.035Z,buy,4.54e-06,4952.0,0.0224820799999999
OAX/BTC,1584040811636,2020-03-12T19:20:11.636Z,buy,4.54e-06,92.0,0.0004176799999999
OAX/BTC,1584040811644,2020-03-12T19:20:11.644Z,buy,4.54e-06,2176.0,0.0098790399999999
OAX/BTC,1584040812651,2020-03-12T19:20:12.651Z,buy,4.54e-06,280.0,0.0012711999999999
OAX/BTC,1584041004503,2020-03-12T19:23:24.503Z,buy,4.56e-06,111.0,0.00050616
OAX/BTC,1584041181425,2020-03-12T19:26:21.425Z,buy,4.56e-06,18439.0,0.08408184
OAX/BTC,1584041181425,2020-03-12T19:26:21.425Z,buy,4.57e-06,8742.0,0.03995094
OAX/BTC,1584041181425,2020-03-12T19:26:21.425Z,buy,4.59e-06,4113.0,0.01887867
OAX/BTC,1584041181425,2020-03-12T19:26:21.425Z,buy,4.6e-06,465.0,0.002139
OAX/BTC,1584041190264,2020-03-12T19:26:30.264Z,buy,4.62e-06,140.0,0.0006468
OAX/BTC,1584041190264,2020-03-12T19:26:30.264Z,buy,4.63e-06,10162.0,0.04705006
OAX/BTC,1584041190264,2020-03-12T19:26:30.264Z,buy,4.64e-06,45098.0,0.2092547199999999
OAX/BTC,1584041190333,2020-03-12T19:26:30.333Z,sell,4.64e-06,53295.0,0.2472887999999999
OAX/BTC,1584041192312,2020-03-12T19:26:32.312Z,buy,4.65e-06,224.0,0.0010416
OAX/BTC,1584041192312,2020-03-12T19:26:32.312Z,buy,4.66e-06,7400.0,0.034484
OAX/BTC,1584041192312,2020-03-12T19:26:32.312Z,buy,4.67e-06,22568.0,0.10539256
OAX/BTC,1584041192312,2020-03-12T19:26:32.312Z,buy,4.68e-06,31927.0,0.14941836
OAX/BTC,1584041196781,2020-03-12T19:26:36.781Z,sell,4.64e-06,62.0,0.0002876799999999
OAX/BTC,1584041199939,2020-03-12T19:26:39.939Z,sell,4.66e-06,1340.0,0.0062444
OAX/BTC,1584041202266,2020-03-12T19:26:42.266Z,sell,4.64e-06,221.0,0.0010254399999999
OAX/BTC,1584041202799,2020-03-12T19:26:42.799Z,buy,4.68e-06,1340.0,0.0062712
OAX/BTC,1584041202800,2020-03-12T19:26:42.800Z,buy,4.69e-06,5650.0,0.0264985
OAX/BTC,1584041202800,2020-03-12T19:26:42.800Z,buy,4.69e-06,1340.0,0.0062845999999999
OAX/BTC,1584041202805,2020-03-12T19:26:42.805Z,buy,4.69e-06,5452.0,0.02556988
OAX/BTC,1584041202805,2020-03-12T19:26:42.805Z,buy,4.7e-06,1340.0,0.006298
OAX/BTC,1584041202805,2020-03-12T19:26:42.805Z,buy,4.7e-06,460.0,0.002162
OAX/BTC,1584041205015,2020-03-12T19:26:45.015Z,buy,4.68e-06,130.0,0.0006084
OAX/BTC,1584041205015,2020-03-12T19:26:45.015Z,buy,4.7e-06,2859.0,0.0134373
OAX/BTC,1584041211661,2020-03-12T19:26:51.661Z,buy,4.71e-06,35246.0,0.16600866
OAX/BTC,1584041211661,2020-03-12T19:26:51.661Z,buy,4.72e-06,6200.0,0.029264
OAX/BTC,1584041212872,2020-03-12T19:26:52.872Z,buy,4.72e-06,289.0,0.00136408
OAX/BTC,1584041212942,2020-03-12T19:26:52.942Z,sell,4.72e-06,20860.0,0.0984592
OAX/BTC,1584041214342,2020-03-12T19:26:54.342Z,sell,4.72e-06,211.0,0.00099592
OAX/BTC,1584041214342,2020-03-12T19:26:54.342Z,sell,4.7e-06,8522.0,0.0400533999999999
OAX/BTC,1584041215736,2020-03-12T19:26:55.736Z,buy,4.73e-06,17291.0,0.08178643
OAX/BTC,1584041215736,2020-03-12T19:26:55.736Z,buy,4.74e-06,4825.0,0.0228705
OAX/BTC,1584041215736,2020-03-12T19:26:55.736Z,buy,4.75e-06,271.0,0.00128725
OAX/BTC,1584041215747,2020-03-12T19:26:55.747Z,sell,4.75e-06,503.0,0.00238925
OAX/BTC,1584041215751,2020-03-12T19:26:55.751Z,sell,4.75e-06,1512.0,0.007182
OAX/BTC,1584041215843,2020-03-12T19:26:55.843Z,sell,4.75e-06,531.0,0.00252225
OAX/BTC,1584041216621,2020-03-12T19:26:56.621Z,buy,4.72e-06,3630.0,0.0171336
OAX/BTC,1584041216938,2020-03-12T19:26:56.938Z,sell,4.73e-06,13661.0,0.0646165299999999
OAX/BTC,1584041221147,2020-03-12T19:27:01.147Z,sell,4.7e-06,1332.0,0.0062604
OAX/BTC,1584041234643,2020-03-12T19:27:14.643Z,buy,4.7e-06,1153.0,0.0054191
OAX/BTC,1584041234643,2020-03-12T19:27:14.643Z,buy,4.72e-06,3314.0,0.01564208
OAX/BTC,1584041234643,2020-03-12T19:27:14.643Z,buy,4.73e-06,3015.0,0.01426095
OAX/BTC,1584041234643,2020-03-12T19:27:14.643Z,buy,4.74e-06,3529.0,0.01672746
OAX/BTC,1584041234643,2020-03-12T19:27:14.643Z,buy,4.77e-06,538.0,0.00256626
OAX/BTC,1584041234643,2020-03-12T19:27:14.643Z,buy,4.78e-06,42.0,0.00020076
OAX/BTC,1584041234643,2020-03-12T19:27:14.643Z,buy,4.79e-06,4862.0,0.02328898
OAX/BTC,1584041234643,2020-03-12T19:27:14.643Z,buy,4.8e-06,5072.0,0.0243456
OAX/BTC,1584041234643,2020-03-12T19:27:14.643Z,buy,4.81e-06,1998.0,0.00961038
OAX/BTC,1584041234643,2020-03-12T19:27:14.643Z,buy,4.82e-06,14150.0,0.068203
OAX/BTC,1584041234643,2020-03-12T19:27:14.643Z,buy,4.83e-06,42.0,0.00020286
OAX/BTC,1584041234643,2020-03-12T19:27:14.643Z,buy,4.84e-06,12746.0,0.06169064
OAX/BTC,1584041234643,2020-03-12T19:27:14.643Z,buy,4.85e-06,2692.0,0.0130562
OAX/BTC,1584041234643,2020-03-12T19:27:14.643Z,buy,4.86e-06,5914.0,0.02874204
OAX/BTC,1584041234643,2020-03-12T19:27:14.643Z,buy,4.87e-06,6026.0,0.02934662
OAX/BTC,1584041234643,2020-03-12T19:27:14.643Z,buy,4.88e-06,984.0,0.0048019199999999
OAX/BTC,1584041234643,2020-03-12T19:27:14.643Z,buy,4.89e-06,30190.0,0.1476290999999999
OAX/BTC,1584041234643,2020-03-12T19:27:14.643Z,buy,4.9e-06,23460.0,0.1149539999999999
OAX/BTC,1584041234643,2020-03-12T19:27:14.643Z,sell,4.9e-06,23.0,0.0001126999999999
OAX/BTC,1584041234662,2020-03-12T19:27:14.662Z,sell,4.9e-06,4500.0,0.02205
OAX/BTC,1584041236067,2020-03-12T19:27:16.067Z,sell,4.75e-06,65.0,0.00030875
OAX/BTC,1584041237085,2020-03-12T19:27:17.085Z,buy,4.85e-06,42.0,0.0002037
OAX/BTC,1584041238448,2020-03-12T19:27:18.448Z,sell,4.82e-06,130.0,0.0006265999999999
OAX/BTC,1584041238448,2020-03-12T19:27:18.448Z,sell,4.81e-06,8072.0,0.03882632
OAX/BTC,1584041239172,2020-03-12T19:27:19.172Z,buy,4.85e-06,349.0,0.00169265
OAX/BTC,1584041239172,2020-03-12T19:27:19.172Z,buy,4.86e-06,3129.0,0.01520694
OAX/BTC,1584041239190,2020-03-12T19:27:19.190Z,sell,4.86e-06,3052.0,0.01483272
OAX/BTC,1584041239209,2020-03-12T19:27:19.209Z,sell,4.86e-06,452.0,0.00219672
OAX/BTC,1584041239232,2020-03-12T19:27:19.232Z,sell,4.86e-06,452.0,0.00219672
OAX/BTC,1584041239643,2020-03-12T19:27:19.643Z,sell,4.86e-06,37468.0,0.18209448
OAX/BTC,1584041239917,2020-03-12T19:27:19.917Z,sell,4.8e-06,400.0,0.0019199999999999
OAX/BTC,1584041240322,2020-03-12T19:27:20.322Z,buy,4.84e-06,452.0,0.00218768
OAX/BTC,1584041240322,2020-03-12T19:27:20.322Z,buy,4.85e-06,4282.0,0.0207677
OAX/BTC,1584041240322,2020-03-12T19:27:20.322Z,buy,4.89e-06,4520.0,0.0221028
OAX/BTC,1584041240333,2020-03-12T19:27:20.333Z,sell,4.89e-06,5162.0,0.02524218
OAX/BTC,1584041240338,2020-03-12T19:27:20.338Z,sell,4.89e-06,363.0,0.00177507
OAX/BTC,1584041240594,2020-03-12T19:27:20.594Z,sell,4.89e-06,452.0,0.00221028
OAX/BTC,1584041240646,2020-03-12T19:27:20.646Z,sell,4.89e-06,5341.0,0.02611749
OAX/BTC,1584041241473,2020-03-12T19:27:21.473Z,sell,4.82e-06,28.0,0.00013496
OAX/BTC,1584041241742,2020-03-12T19:27:21.742Z,sell,4.82e-06,6554.0,0.03159028
OAX/BTC,1584041242524,2020-03-12T19:27:22.524Z,sell,4.82e-06,1136.0,0.0054755199999999
OAX/BTC,1584041242747,2020-03-12T19:27:22.747Z,sell,4.82e-06,5098.0,0.0245723599999999
OAX/BTC,1584041242747,2020-03-12T19:27:22.747Z,sell,4.81e-06,8776.0,0.0422125599999999
OAX/BTC,1584041243846,2020-03-12T19:27:23.846Z,sell,4.81e-06,8759.0,0.0421307899999999
OAX/BTC,1584041245148,2020-03-12T19:27:25.148Z,sell,4.82e-06,9109.0,0.0439053799999999
OAX/BTC,1584041246249,2020-03-12T19:27:26.249Z,sell,4.81e-06,6197.0,0.02980757
OAX/BTC,1584041247451,2020-03-12T19:27:27.451Z,sell,4.79e-06,5765.0,0.02761435
OAX/BTC,1584041248678,2020-03-12T19:27:28.678Z,sell,4.77e-06,399.0,0.00190323
OAX/BTC,1584041253577,2020-03-12T19:27:33.577Z,buy,4.79e-06,210.0,0.0010059
OAX/BTC,1584041253577,2020-03-12T19:27:33.577Z,buy,4.8e-06,6254.0,0.0300192
OAX/BTC,1584041253650,2020-03-12T19:27:33.650Z,sell,4.81e-06,3927.0,0.01888887
OAX/BTC,1584041255735,2020-03-12T19:27:35.735Z,buy,4.82e-06,130.0,0.0006265999999999
OAX/BTC,1584041255735,2020-03-12T19:27:35.735Z,buy,4.83e-06,10886.0,0.05257938
OAX/BTC,1584041255735,2020-03-12T19:27:35.735Z,buy,4.85e-06,6143.0,0.02979355
OAX/BTC,1584041255735,2020-03-12T19:27:35.735Z,buy,4.86e-06,2774.0,0.01348164
OAX/BTC,1584041255735,2020-03-12T19:27:35.735Z,buy,4.87e-06,12788.0,0.06227756
OAX/BTC,1584041255735,2020-03-12T19:27:35.735Z,buy,4.9e-06,7406.0,0.0362894
OAX/BTC,1584041255735,2020-03-12T19:27:35.735Z,buy,4.91e-06,130.0,0.0006383
OAX/BTC,1584041255735,2020-03-12T19:27:35.735Z,buy,4.92e-06,455.0,0.0022386
OAX/BTC,1584041255735,2020-03-12T19:27:35.735Z,buy,4.93e-06,1919.0,0.00946067
OAX/BTC,1584041255735,2020-03-12T19:27:35.735Z,buy,4.94e-06,6648.0,0.03284112
OAX/BTC,1584041255735,2020-03-12T19:27:35.735Z,buy,4.95e-06,2598.0,0.0128601
OAX/BTC,1584041255735,2020-03-12T19:27:35.735Z,buy,4.96e-06,26.0,0.00012896
OAX/BTC,1584041255735,2020-03-12T19:27:35.735Z,buy,4.98e-06,13070.0,0.0650886
OAX/BTC,1584041255735,2020-03-12T19:27:35.735Z,buy,4.99e-06,19542.0,0.0975145799999999
OAX/BTC,1584041255735,2020-03-12T19:27:35.735Z,buy,5e-06,21965.0,0.109825
OAX/BTC,1584041255751,2020-03-12T19:27:35.751Z,sell,5.02e-06,980.0,0.0049196
OAX/BTC,1584041258263,2020-03-12T19:27:38.263Z,sell,4.89e-06,20245.0,0.0989980499999999
OAX/BTC,1584041258354,2020-03-12T19:27:38.354Z,buy,4.96e-06,41.0,0.00020336
OAX/BTC,1584041259420,2020-03-12T19:27:39.420Z,sell,4.95e-06,130.0,0.0006435
OAX/BTC,1584041260153,2020-03-12T19:27:40.153Z,sell,4.91e-06,130.0,0.0006383
OAX/BTC,1584041260153,2020-03-12T19:27:40.153Z,sell,4.89e-06,202.0,0.00098778
OAX/BTC,1584041260328,2020-03-12T19:27:40.328Z,buy,4.95e-06,130.0,0.0006435
OAX/BTC,1584041260328,2020-03-12T19:27:40.328Z,buy,4.96e-06,5841.0,0.0289713599999999
OAX/BTC,1584041260328,2020-03-12T19:27:40.328Z,buy,4.98e-06,5518.0,0.02747964
OAX/BTC,1584041260328,2020-03-12T19:27:40.328Z,buy,4.99e-06,20245.0,0.1010225499999999
OAX/BTC,1584041260328,2020-03-12T19:27:40.328Z,buy,5.01e-06,4862.0,0.02435862
OAX/BTC,1584041260338,2020-03-12T19:27:40.338Z,sell,5.01e-06,2311.0,0.01157811
OAX/BTC,1584041260343,2020-03-12T19:27:40.343Z,sell,5.01e-06,314.0,0.00157314
OAX/BTC,1584041260997,2020-03-12T19:27:40.997Z,buy,5.03e-06,27.0,0.00013581
OAX/BTC,1584041261038,2020-03-12T19:27:41.038Z,sell,5.01e-06,202.0,0.00101202
OAX/BTC,1584041261261,2020-03-12T19:27:41.261Z,sell,5.01e-06,47921.0,0.24008421
OAX/BTC,1584041261261,2020-03-12T19:27:41.261Z,sell,4.99e-06,7526.0,0.0375547399999999
OAX/BTC,1584041261261,2020-03-12T19:27:41.261Z,sell,4.97e-06,436.0,0.00216692
OAX/BTC,1584041261770,2020-03-12T19:27:41.770Z,buy,4.95e-06,1135.0,0.00561825
OAX/BTC,1584041261770,2020-03-12T19:27:41.770Z,buy,5.03e-06,14376.0,0.07231128
OAX/BTC,1584041262267,2020-03-12T19:27:42.267Z,sell,4.93e-06,1276.0,0.00629068
OAX/BTC,1584041262267,2020-03-12T19:27:42.267Z,sell,4.92e-06,510.0,0.0025092
OAX/BTC,1584041262283,2020-03-12T19:27:42.283Z,sell,4.92e-06,945.0,0.0046494
OAX/BTC,1584041267353,2020-03-12T19:27:47.353Z,buy,4.95e-06,1406.0,0.0069597
OAX/BTC,1584041267353,2020-03-12T19:27:47.353Z,buy,4.96e-06,1847.0,0.00916112
OAX/BTC,1584041270869,2020-03-12T19:27:50.869Z,sell,4.91e-06,130.0,0.0006383
OAX/BTC,1584041271086,2020-03-12T19:27:51.086Z,sell,4.89e-06,112.0,0.0005476799999999
OAX/BTC,1584041271156,2020-03-12T19:27:51.156Z,sell,4.89e-06,1127.0,0.00551103
OAX/BTC,1584041272099,2020-03-12T19:27:52.099Z,buy,4.92e-06,61.0,0.00030012
OAX/BTC,1584041272672,2020-03-12T19:27:52.672Z,sell,4.87e-06,5676.0,0.02764212
OAX/BTC,1584041272672,2020-03-12T19:27:52.672Z,sell,4.86e-06,3274.0,0.01591164
OAX/BTC,1584041273018,2020-03-12T19:27:53.018Z,buy,4.86e-06,6431.0,0.03125466
OAX/BTC,1584041273018,2020-03-12T19:27:53.018Z,buy,4.93e-06,4715.0,0.02324495
OAX/BTC,1584041273018,2020-03-12T19:27:53.018Z,buy,4.95e-06,42878.0,0.2122461
OAX/BTC,1584041273018,2020-03-12T19:27:53.018Z,buy,5e-06,130.0,0.00065
OAX/BTC,1584041273018,2020-03-12T19:27:53.018Z,buy,5.03e-06,44724.0,0.22496172
OAX/BTC,1584041279771,2020-03-12T19:27:59.771Z,sell,4.95e-06,67.0,0.00033165
OAX/BTC,1584041284622,2020-03-12T19:28:04.622Z,sell,4.96e-06,1271.0,0.00630416
OAX/BTC,1584041284622,2020-03-12T19:28:04.622Z,sell,4.95e-06,450.0,0.0022275
OAX/BTC,1584041289294,2020-03-12T19:28:09.294Z,buy,4.99e-06,67.0,0.00033433
OAX/BTC,1584041289294,2020-03-12T19:28:09.294Z,buy,5e-06,1401.0,0.007005
OAX/BTC,1584041289294,2020-03-12T19:28:09.294Z,buy,5.01e-06,650.0,0.0032565
OAX/BTC,1584041296441,2020-03-12T19:28:16.441Z,sell,4.99e-06,300.0,0.0014969999999999
OAX/BTC,1584041299188,2020-03-12T19:28:19.188Z,buy,5.03e-06,985.0,0.00495455
OAX/BTC,1584041300635,2020-03-12T19:28:20.635Z,buy,5.03e-06,2000.0,0.01006
OAX/BTC,1584041324232,2020-03-12T19:28:44.232Z,buy,5.03e-06,20.0,0.0001006
OAX/BTC,1584041325115,2020-03-12T19:28:45.115Z,sell,4.98e-06,1392.0,0.00693216
OAX/BTC,1584041325115,2020-03-12T19:28:45.115Z,sell,4.97e-06,6677.0,0.0331846899999999
OAX/BTC,1584041327341,2020-03-12T19:28:47.341Z,buy,4.96e-06,41.0,0.00020336
OAX/BTC,1584041335007,2020-03-12T19:28:55.007Z,buy,4.96e-06,13250.0,0.06572
OAX/BTC,1584041342083,2020-03-12T19:29:02.083Z,sell,4.97e-06,535.0,0.0026589499999999
OAX/BTC,1584041349203,2020-03-12T19:29:09.203Z,buy,4.97e-06,436.0,0.00216692
OAX/BTC,1584041349203,2020-03-12T19:29:09.203Z,buy,4.98e-06,22.0,0.00010956
OAX/BTC,1584041349203,2020-03-12T19:29:09.203Z,buy,4.99e-06,6222.0,0.0310477799999999
OAX/BTC,1584041350211,2020-03-12T19:29:10.211Z,sell,4.96e-06,164.0,0.00081344
OAX/BTC,1584041350518,2020-03-12T19:29:10.518Z,buy,5.01e-06,535.0,0.00268035
OAX/BTC,1584041350518,2020-03-12T19:29:10.518Z,buy,5.02e-06,6675.0,0.0335085
OAX/BTC,1584041354857,2020-03-12T19:29:14.857Z,buy,5.03e-06,1732.0,0.00871196
OAX/BTC,1584041356779,2020-03-12T19:29:16.779Z,buy,5.03e-06,573.0,0.00288219
OAX/BTC,1584041358847,2020-03-12T19:29:18.847Z,buy,5.03e-06,98.0,0.00049294
OAX/BTC,1584041358861,2020-03-12T19:29:18.861Z,sell,5.03e-06,580.0,0.0029174
OAX/BTC,1584041358864,2020-03-12T19:29:18.864Z,sell,5.03e-06,1932.0,0.00971796
OAX/BTC,1584041360449,2020-03-12T19:29:20.449Z,buy,5.04e-06,2180.0,0.0109872
OAX/BTC,1584041360449,2020-03-12T19:29:20.449Z,buy,5.05e-06,17927.0,0.09053135
OAX/BTC,1584041360449,2020-03-12T19:29:20.449Z,buy,5.06e-06,283.0,0.00143198
OAX/BTC,1584041360506,2020-03-12T19:29:20.506Z,sell,5.06e-06,3402.0,0.01721412
OAX/BTC,1584041360533,2020-03-12T19:29:20.533Z,sell,5.06e-06,161.0,0.0008146599999999
OAX/BTC,1584041362091,2020-03-12T19:29:22.091Z,sell,5.06e-06,390.0,0.0019733999999999
OAX/BTC,1584041362570,2020-03-12T19:29:22.570Z,buy,5.08e-06,40.0,0.0002031999999999
OAX/BTC,1584041362841,2020-03-12T19:29:22.841Z,buy,5.08e-06,651.0,0.0033070799999999
OAX/BTC,1584041362841,2020-03-12T19:29:22.841Z,buy,5.09e-06,8670.0,0.0441303
OAX/BTC,1584041362979,2020-03-12T19:29:22.979Z,buy,5.1e-06,6807.0,0.0347157
OAX/BTC,1584041362991,2020-03-12T19:29:22.991Z,sell,5.1e-06,8704.0,0.0443904
OAX/BTC,1584041362991,2020-03-12T19:29:22.991Z,sell,5.09e-06,6690.0,0.0340521
OAX/BTC,1584041362991,2020-03-12T19:29:22.991Z,sell,5.09e-06,15394.0,0.07835546
OAX/BTC,1584041363017,2020-03-12T19:29:23.017Z,sell,5.09e-06,5380.0,0.0273842
OAX/BTC,1584041363021,2020-03-12T19:29:23.021Z,buy,5.12e-06,102.0,0.00052224
OAX/BTC,1584041363021,2020-03-12T19:29:23.021Z,buy,5.13e-06,156.0,0.00080028
OAX/BTC,1584041363021,2020-03-12T19:29:23.021Z,buy,5.15e-06,8768.0,0.0451552
OAX/BTC,1584041363021,2020-03-12T19:29:23.021Z,buy,5.16e-06,26.0,0.00013416
OAX/BTC,1584041363021,2020-03-12T19:29:23.021Z,buy,5.18e-06,159.0,0.00082362
OAX/BTC,1584041363021,2020-03-12T19:29:23.021Z,buy,5.19e-06,5937.0,0.03081303
OAX/BTC,1584041363021,2020-03-12T19:29:23.021Z,buy,5.2e-06,63.0,0.0003276
OAX/BTC,1584041363100,2020-03-12T19:29:23.100Z,sell,5.1e-06,3318.0,0.0169218
OAX/BTC,1584041363105,2020-03-12T19:29:23.105Z,sell,5.1e-06,3318.0,0.0169218
OAX/BTC,1584041363183,2020-03-12T19:29:23.183Z,sell,5.1e-06,6508.0,0.0331908
OAX/BTC,1584041363183,2020-03-12T19:29:23.183Z,sell,5.09e-06,5986.0,0.03046874
OAX/BTC,1584041363183,2020-03-12T19:29:23.183Z,sell,5.09e-06,12494.0,0.06359446
OAX/BTC,1584041363203,2020-03-12T19:29:23.203Z,sell,5.09e-06,305.0,0.00155245
OAX/BTC,1584041363204,2020-03-12T19:29:23.204Z,buy,5.11e-06,2368.0,0.01210048
OAX/BTC,1584041363204,2020-03-12T19:29:23.204Z,buy,5.16e-06,6508.0,0.03358128
OAX/BTC,1584041363204,2020-03-12T19:29:23.204Z,buy,5.17e-06,40.0,0.0002067999999999
OAX/BTC,1584041363204,2020-03-12T19:29:23.204Z,buy,5.19e-06,3289.0,0.01706991
OAX/BTC,1584041363489,2020-03-12T19:29:23.489Z,sell,5.1e-06,1862.0,0.0094962
OAX/BTC,1584041363497,2020-03-12T19:29:23.497Z,sell,5.1e-06,1855.0,0.0094605
OAX/BTC,1584041364202,2020-03-12T19:29:24.202Z,sell,5.09e-06,650.0,0.0033085
OAX/BTC,1584041364666,2020-03-12T19:29:24.666Z,sell,5.09e-06,1940.0,0.0098746
OAX/BTC,1584041364846,2020-03-12T19:29:24.846Z,sell,5.09e-06,9805.0,0.04990745
OAX/BTC,1584041364846,2020-03-12T19:29:24.846Z,sell,5.05e-06,2244.0,0.0113322
OAX/BTC,1584041364846,2020-03-12T19:29:24.846Z,sell,5.04e-06,15100.0,0.076104
OAX/BTC,1584041365173,2020-03-12T19:29:25.173Z,buy,5.1e-06,130.0,0.000663
OAX/BTC,1584041365962,2020-03-12T19:29:25.962Z,buy,5.1e-06,40.0,0.000204
OAX/BTC,1584041366410,2020-03-12T19:29:26.410Z,sell,5.09e-06,130.0,0.0006617
OAX/BTC,1584041366410,2020-03-12T19:29:26.410Z,sell,5.07e-06,1049.0,0.00531843
OAX/BTC,1584041366410,2020-03-12T19:29:26.410Z,sell,5.05e-06,1312.0,0.0066256
OAX/BTC,1584041368408,2020-03-12T19:29:28.408Z,buy,5.1e-06,500.0,0.00255
OAX/BTC,1584041376526,2020-03-12T19:29:36.526Z,sell,5.06e-06,1800.0,0.009108
OAX/BTC,1584041376526,2020-03-12T19:29:36.526Z,sell,5.05e-06,1800.0,0.0090899999999999
OAX/BTC,1584041376526,2020-03-12T19:29:36.526Z,sell,5.04e-06,16516.0,0.08324064
OAX/BTC,1584041376576,2020-03-12T19:29:36.576Z,buy,5.05e-06,1685.0,0.00850925
OAX/BTC,1584041376576,2020-03-12T19:29:36.576Z,buy,5.1e-06,197.0,0.0010047
OAX/BTC,1584041376586,2020-03-12T19:29:36.586Z,buy,5.1e-06,287.0,0.0014637
OAX/BTC,1584041376586,2020-03-12T19:29:36.586Z,buy,5.11e-06,633.0,0.00323463
OAX/BTC,1584041376586,2020-03-12T19:29:36.586Z,buy,5.13e-06,130.0,0.0006669
OAX/BTC,1584041376586,2020-03-12T19:29:36.586Z,buy,5.16e-06,2313.0,0.0119350799999999
OAX/BTC,1584041376761,2020-03-12T19:29:36.761Z,buy,5.13e-06,3133.0,0.01607229
OAX/BTC,1584041376761,2020-03-12T19:29:36.761Z,buy,5.16e-06,970.0,0.0050052
OAX/BTC,1584041376761,2020-03-12T19:29:36.761Z,buy,5.18e-06,1252.0,0.00648536
OAX/BTC,1584041376761,2020-03-12T19:29:36.761Z,buy,5.19e-06,4793.0,0.02487567
OAX/BTC,1584041376761,2020-03-12T19:29:36.761Z,buy,5.2e-06,136.0,0.0007072
OAX/BTC,1584041376761,2020-03-12T19:29:36.761Z,buy,5.21e-06,50.0,0.0002605
OAX/BTC,1584041376761,2020-03-12T19:29:36.761Z,buy,5.22e-06,1567.0,0.00817974
OAX/BTC,1584041376761,2020-03-12T19:29:36.761Z,buy,5.23e-06,239.0,0.00124997
OAX/BTC,1584041376761,2020-03-12T19:29:36.761Z,buy,5.24e-06,15536.0,0.0814086399999999
OAX/BTC,1584041376761,2020-03-12T19:29:36.761Z,buy,5.25e-06,193.0,0.00101325
OAX/BTC,1584041376761,2020-03-12T19:29:36.761Z,buy,5.26e-06,3686.0,0.0193883599999999
OAX/BTC,1584041376761,2020-03-12T19:29:36.761Z,buy,5.27e-06,7179.0,0.03783333
OAX/BTC,1584041376761,2020-03-12T19:29:36.761Z,buy,5.28e-06,2986.0,0.01576608
OAX/BTC,1584041376761,2020-03-12T19:29:36.761Z,buy,5.29e-06,25967.0,0.13736543
OAX/BTC,1584041376761,2020-03-12T19:29:36.761Z,buy,5.31e-06,162.0,0.00086022
OAX/BTC,1584041376761,2020-03-12T19:29:36.761Z,buy,5.32e-06,24310.0,0.1293292
OAX/BTC,1584041376778,2020-03-12T19:29:36.778Z,sell,5.32e-06,3574.0,0.0190136799999999
OAX/BTC,1584041377454,2020-03-12T19:29:37.454Z,sell,5.14e-06,629.0,0.00323306
OAX/BTC,1584041377817,2020-03-12T19:29:37.817Z,buy,5.27e-06,1249.0,0.00658223
OAX/BTC,1584041377912,2020-03-12T19:29:37.912Z,sell,5.15e-06,2118.0,0.0109077
OAX/BTC,1584041378620,2020-03-12T19:29:38.620Z,sell,5.16e-06,7500.0,0.0387
OAX/BTC,1584041378620,2020-03-12T19:29:38.620Z,sell,5.15e-06,4966.0,0.0255748999999999
OAX/BTC,1584041378620,2020-03-12T19:29:38.620Z,sell,5.14e-06,2942.0,0.0151218799999999
OAX/BTC,1584041378620,2020-03-12T19:29:38.620Z,sell,5.13e-06,4953.0,0.02540889
OAX/BTC,1584041379532,2020-03-12T19:29:39.532Z,sell,5.19e-06,1624.0,0.00842856
OAX/BTC,1584041379603,2020-03-12T19:29:39.603Z,buy,5.27e-06,130.0,0.0006851
OAX/BTC,1584041383755,2020-03-12T19:29:43.755Z,sell,5.22e-06,130.0,0.0006786
OAX/BTC,1584041383755,2020-03-12T19:29:43.755Z,sell,5.18e-06,7570.0,0.0392126
OAX/BTC,1584041383775,2020-03-12T19:29:43.775Z,buy,5.18e-06,1245.0,0.0064491
OAX/BTC,1584041384920,2020-03-12T19:29:44.920Z,sell,5.16e-06,37.0,0.00019092
OAX/BTC,1584041385329,2020-03-12T19:29:45.329Z,sell,5.13e-06,130.0,0.0006669
OAX/BTC,1584041385329,2020-03-12T19:29:45.329Z,sell,5.12e-06,5677.0,0.02906624
OAX/BTC,1584041385329,2020-03-12T19:29:45.329Z,sell,5.1e-06,3189.0,0.0162639
OAX/BTC,1584041385796,2020-03-12T19:29:45.796Z,sell,5.11e-06,6924.0,0.03538164
OAX/BTC,1584041385796,2020-03-12T19:29:45.796Z,sell,5.1e-06,1089.0,0.0055539
OAX/BTC,1584041386020,2020-03-12T19:29:46.020Z,buy,5.14e-06,929.0,0.00477506
OAX/BTC,1584041386020,2020-03-12T19:29:46.020Z,buy,5.15e-06,3462.0,0.0178293
OAX/BTC,1584041386020,2020-03-12T19:29:46.020Z,buy,5.16e-06,3109.0,0.0160424399999999
OAX/BTC,1584041387311,2020-03-12T19:29:47.311Z,buy,5.14e-06,39.0,0.00020046
OAX/BTC,1584041387788,2020-03-12T19:29:47.788Z,sell,5.1e-06,75.0,0.0003825
OAX/BTC,1584041387788,2020-03-12T19:29:47.788Z,sell,5.1e-06,1998.0,0.0101898
OAX/BTC,1584041388171,2020-03-12T19:29:48.171Z,buy,5.14e-06,2348.0,0.01206872
OAX/BTC,1584041388171,2020-03-12T19:29:48.171Z,buy,5.16e-06,1626.0,0.0083901599999999
OAX/BTC,1584041388171,2020-03-12T19:29:48.171Z,buy,5.17e-06,3526.0,0.01822942
OAX/BTC,1584041392267,2020-03-12T19:29:52.267Z,buy,5.15e-06,181.0,0.00093215
OAX/BTC,1584041392267,2020-03-12T19:29:52.267Z,buy,5.17e-06,1931.0,0.0099832699999999
OAX/BTC,1584041393602,2020-03-12T19:29:53.602Z,sell,5.14e-06,1233.0,0.0063376199999999
OAX/BTC,1584041393888,2020-03-12T19:29:53.888Z,sell,5.1e-06,1233.0,0.0062883
OAX/BTC,1584041396120,2020-03-12T19:29:56.120Z,buy,5.11e-06,60.0,0.0003066
OAX/BTC,1584041397716,2020-03-12T19:29:57.716Z,buy,5.11e-06,7500.0,0.038325
OAX/BTC,1584041399209,2020-03-12T19:29:59.209Z,buy,5.11e-06,1921.0,0.00981631
OAX/BTC,1584041403685,2020-03-12T19:30:03.685Z,sell,5.1e-06,5350.0,0.027285
OAX/BTC,1584041405837,2020-03-12T19:30:05.837Z,buy,5.1e-06,5350.0,0.027285
OAX/BTC,1584041406358,2020-03-12T19:30:06.358Z,buy,5.1e-06,40.0,0.000204
OAX/BTC,1584041406633,2020-03-12T19:30:06.633Z,sell,5.09e-06,130.0,0.0006617
OAX/BTC,1584041406633,2020-03-12T19:30:06.633Z,sell,5.07e-06,1186.0,0.00601302
OAX/BTC,1584041408542,2020-03-12T19:30:08.542Z,sell,5.06e-06,121.0,0.00061226
OAX/BTC,1584041408861,2020-03-12T19:30:08.861Z,sell,5.06e-06,5582.0,0.02824492
OAX/BTC,1584041408861,2020-03-12T19:30:08.861Z,sell,5.06e-06,1122.0,0.00567732
OAX/BTC,1584041412117,2020-03-12T19:30:12.117Z,sell,5.04e-06,1411.0,0.00711144
OAX/BTC,1584041412117,2020-03-12T19:30:12.117Z,sell,5.02e-06,701.0,0.00351902
OAX/BTC,1584041412887,2020-03-12T19:30:12.887Z,sell,5.02e-06,1059.0,0.00531618
OAX/BTC,1584041412887,2020-03-12T19:30:12.887Z,sell,5.01e-06,3017.0,0.01511517
OAX/BTC,1584041413812,2020-03-12T19:30:13.812Z,buy,5.01e-06,5243.0,0.02626743
OAX/BTC,1584041413912,2020-03-12T19:30:13.912Z,sell,5e-06,1506.0,0.00753
OAX/BTC,1584041414933,2020-03-12T19:30:14.933Z,sell,5e-06,268.0,0.00134
OAX/BTC,1584041414933,2020-03-12T19:30:14.933Z,sell,4.99e-06,445.0,0.00222055
OAX/BTC,1584041414935,2020-03-12T19:30:14.935Z,sell,4.98e-06,40.0,0.0001992
OAX/BTC,1584041418599,2020-03-12T19:30:18.599Z,sell,4.98e-06,3631.0,0.01808238
OAX/BTC,1584041418599,2020-03-12T19:30:18.599Z,sell,4.97e-06,15698.0,0.07801906
OAX/BTC,1584041419019,2020-03-12T19:30:19.019Z,sell,4.97e-06,570.0,0.0028328999999999
OAX/BTC,1584041424054,2020-03-12T19:30:24.054Z,sell,4.97e-06,635.0,0.00315595
OAX/BTC,1584041427163,2020-03-12T19:30:27.163Z,buy,5e-06,3540.0,0.0177
OAX/BTC,1584041427163,2020-03-12T19:30:27.163Z,buy,5.01e-06,1200.0,0.006012
OAX/BTC,1584041427591,2020-03-12T19:30:27.591Z,buy,5.04e-06,130.0,0.0006552
OAX/BTC,1584041428502,2020-03-12T19:30:28.502Z,buy,5.08e-06,99.0,0.00050292
OAX/BTC,1584041428679,2020-03-12T19:30:28.679Z,sell,5.08e-06,1097.0,0.0055727599999999
OAX/BTC,1584041428738,2020-03-12T19:30:28.738Z,sell,5.08e-06,3395.0,0.0172465999999999
OAX/BTC,1584041428746,2020-03-12T19:30:28.746Z,sell,5.08e-06,188.0,0.0009550399999999
OAX/BTC,1584041428819,2020-03-12T19:30:28.819Z,sell,5.08e-06,2732.0,0.01387856
OAX/BTC,1584041436819,2020-03-12T19:30:36.819Z,sell,5.04e-06,2782.0,0.01402128
OAX/BTC,1584041436819,2020-03-12T19:30:36.819Z,sell,5.01e-06,418.0,0.00209418
OAX/BTC,1584041437137,2020-03-12T19:30:37.137Z,sell,5.02e-06,159.0,0.00079818
OAX/BTC,1584041440585,2020-03-12T19:30:40.585Z,buy,5.06e-06,2093.0,0.01059058
OAX/BTC,1584041444754,2020-03-12T19:30:44.754Z,sell,5.03e-06,161.0,0.00080983
OAX/BTC,1584041448213,2020-03-12T19:30:48.213Z,sell,5.03e-06,44.0,0.00022132
OAX/BTC,1584041448213,2020-03-12T19:30:48.213Z,sell,5e-06,130.0,0.00065
OAX/BTC,1584041448213,2020-03-12T19:30:48.213Z,sell,4.99e-06,565.0,0.00281935
OAX/BTC,1584041453078,2020-03-12T19:30:53.078Z,sell,5e-06,6527.0,0.032635
OAX/BTC,1584041457959,2020-03-12T19:30:57.959Z,sell,4.97e-06,6326.0,0.03144022
OAX/BTC,1584041467981,2020-03-12T19:31:07.981Z,buy,5e-06,199.0,0.000995
OAX/BTC,1584041468377,2020-03-12T19:31:08.377Z,buy,4.99e-06,6686.0,0.03336314
OAX/BTC,1584041468377,2020-03-12T19:31:08.377Z,buy,5e-06,1164.0,0.00582
OAX/BTC,1584041472790,2020-03-12T19:31:12.790Z,buy,5e-06,3673.0,0.018365
OAX/BTC,1584041472790,2020-03-12T19:31:12.790Z,buy,5.03e-06,1061.0,0.00533683
OAX/BTC,1584041480383,2020-03-12T19:31:20.383Z,buy,5.03e-06,125.0,0.00062875
OAX/BTC,1584041480383,2020-03-12T19:31:20.383Z,buy,5.04e-06,130.0,0.0006552
OAX/BTC,1584041480383,2020-03-12T19:31:20.383Z,buy,5.05e-06,1800.0,0.0090899999999999
OAX/BTC,1584041480383,2020-03-12T19:31:20.383Z,buy,5.06e-06,17770.0,0.0899162
OAX/BTC,1584041480383,2020-03-12T19:31:20.383Z,buy,5.08e-06,500.0,0.0025399999999999
OAX/BTC,1584041480383,2020-03-12T19:31:20.383Z,buy,5.09e-06,1376.0,0.00700384
OAX/BTC,1584041480383,2020-03-12T19:31:20.383Z,buy,5.13e-06,130.0,0.0006669
OAX/BTC,1584041480383,2020-03-12T19:31:20.383Z,buy,5.14e-06,87.0,0.00044718
OAX/BTC,1584041480383,2020-03-12T19:31:20.383Z,buy,5.16e-06,1365.0,0.0070434
OAX/BTC,1584041480383,2020-03-12T19:31:20.383Z,buy,5.18e-06,130.0,0.0006734
OAX/BTC,1584041480383,2020-03-12T19:31:20.383Z,buy,5.22e-06,130.0,0.0006786
OAX/BTC,1584041480383,2020-03-12T19:31:20.383Z,buy,5.23e-06,37.0,0.00019351
OAX/BTC,1584041480383,2020-03-12T19:31:20.383Z,buy,5.24e-06,12381.0,0.06487644
OAX/BTC,1584041480383,2020-03-12T19:31:20.383Z,buy,5.25e-06,4000.0,0.0209999999999999
OAX/BTC,1584041480383,2020-03-12T19:31:20.383Z,buy,5.26e-06,33961.0,0.1786348599999999
OAX/BTC,1584041480493,2020-03-12T19:31:20.493Z,buy,5.05e-06,1800.0,0.0090899999999999
OAX/BTC,1584041485552,2020-03-12T19:31:25.552Z,sell,5.19e-06,2093.0,0.01086267
OAX/BTC,1584041486491,2020-03-12T19:31:26.491Z,sell,5.2e-06,6527.0,0.0339404
OAX/BTC,1584041486491,2020-03-12T19:31:26.491Z,sell,5.19e-06,3478.0,0.01805082
OAX/BTC,1584041486491,2020-03-12T19:31:26.491Z,sell,5.18e-06,1298.0,0.00672364
OAX/BTC,1584041486491,2020-03-12T19:31:26.491Z,sell,5.17e-06,6107.0,0.03157319
OAX/BTC,1584041486491,2020-03-12T19:31:26.491Z,sell,5.16e-06,38.0,0.0001960799999999
OAX/BTC,1584041486491,2020-03-12T19:31:26.491Z,sell,5.13e-06,130.0,0.0006669
OAX/BTC,1584041486529,2020-03-12T19:31:26.529Z,buy,5.1e-06,2029.0,0.0103479
OAX/BTC,1584041487524,2020-03-12T19:31:27.524Z,sell,5.11e-06,158.0,0.00080738
OAX/BTC,1584041490460,2020-03-12T19:31:30.460Z,sell,5.13e-06,3356.0,0.01721628
OAX/BTC,1584041490485,2020-03-12T19:31:30.485Z,buy,5.11e-06,3324.0,0.01698564
OAX/BTC,1584041493715,2020-03-12T19:31:33.715Z,buy,5.15e-06,6527.0,0.03361405
OAX/BTC,1584041493715,2020-03-12T19:31:33.715Z,buy,5.16e-06,1800.0,0.009288
OAX/BTC,1584041493715,2020-03-12T19:31:33.715Z,buy,5.18e-06,2740.0,0.0141932
OAX/BTC,1584041493715,2020-03-12T19:31:33.715Z,buy,5.19e-06,5190.0,0.0269361
OAX/BTC,1584041493715,2020-03-12T19:31:33.715Z,buy,5.22e-06,7630.0,0.0398286
OAX/BTC,1584041493715,2020-03-12T19:31:33.715Z,buy,5.23e-06,7658.0,0.04005134
OAX/BTC,1584041493715,2020-03-12T19:31:33.715Z,buy,5.24e-06,7500.0,0.0393
OAX/BTC,1584041493715,2020-03-12T19:31:33.715Z,buy,5.25e-06,14909.0,0.07827225
OAX/BTC,1584041493715,2020-03-12T19:31:33.715Z,buy,5.26e-06,46761.0,0.2459628599999999
OAX/BTC,1584041494074,2020-03-12T19:31:34.074Z,buy,5.15e-06,88.0,0.0004531999999999
OAX/BTC,1584041494346,2020-03-12T19:31:34.346Z,buy,5.15e-06,88.0,0.0004531999999999
OAX/BTC,1584041494348,2020-03-12T19:31:34.348Z,buy,5.15e-06,88.0,0.0004531999999999
OAX/BTC,1584041495371,2020-03-12T19:31:35.371Z,buy,5.15e-06,88.0,0.0004531999999999
OAX/BTC,1584041496056,2020-03-12T19:31:36.056Z,buy,5.15e-06,130.0,0.0006695
OAX/BTC,1584041497405,2020-03-12T19:31:37.405Z,buy,5.15e-06,6021.0,0.0310081499999999
OAX/BTC,1584041498121,2020-03-12T19:31:38.121Z,sell,5.13e-06,130.0,0.0006669
OAX/BTC,1584041498121,2020-03-12T19:31:38.121Z,sell,5.11e-06,811.0,0.00414421
OAX/BTC,1584041501698,2020-03-12T19:31:41.698Z,buy,5.15e-06,6087.0,0.03134805
OAX/BTC,1584041502548,2020-03-12T19:31:42.548Z,buy,5.15e-06,642.0,0.0033063
OAX/BTC,1584041502548,2020-03-12T19:31:42.548Z,buy,5.17e-06,97.0,0.0005014899999999
OAX/BTC,1584041502548,2020-03-12T19:31:42.548Z,buy,5.18e-06,4040.0,0.0209272
OAX/BTC,1584041502548,2020-03-12T19:31:42.548Z,buy,5.2e-06,352.0,0.0018304
OAX/BTC,1584041502548,2020-03-12T19:31:42.548Z,buy,5.21e-06,1800.0,0.009378
OAX/BTC,1584041502548,2020-03-12T19:31:42.548Z,buy,5.22e-06,1930.0,0.0100746
OAX/BTC,1584041502548,2020-03-12T19:31:42.548Z,buy,5.23e-06,32897.0,0.1720513099999999
OAX/BTC,1584041502548,2020-03-12T19:31:42.548Z,buy,5.25e-06,96.0,0.000504
OAX/BTC,1584041502548,2020-03-12T19:31:42.548Z,buy,5.26e-06,21202.0,0.1115225199999999
OAX/BTC,1584041502548,2020-03-12T19:31:42.548Z,buy,5.27e-06,15948.0,0.08404596
OAX/BTC,1584041502548,2020-03-12T19:31:42.548Z,buy,5.31e-06,130.0,0.0006903
OAX/BTC,1584041502548,2020-03-12T19:31:42.548Z,buy,5.33e-06,4432.0,0.02362256
OAX/BTC,1584041502548,2020-03-12T19:31:42.548Z,buy,5.34e-06,1635.0,0.0087309
OAX/BTC,1584041502548,2020-03-12T19:31:42.548Z,buy,5.35e-06,8652.0,0.0462881999999999
OAX/BTC,1584041502548,2020-03-12T19:31:42.548Z,buy,5.36e-06,156.0,0.00083616
OAX/BTC,1584041502548,2020-03-12T19:31:42.548Z,buy,5.37e-06,8923.0,0.04791651
OAX/BTC,1584041502548,2020-03-12T19:31:42.548Z,buy,5.38e-06,26.0,0.00013988
OAX/BTC,1584041502548,2020-03-12T19:31:42.548Z,buy,5.4e-06,2617.0,0.0141318
OAX/BTC,1584041503005,2020-03-12T19:31:43.005Z,buy,5.36e-06,88.0,0.00047168
OAX/BTC,1584041503289,2020-03-12T19:31:43.289Z,buy,5.28e-06,88.0,0.00046464
OAX/BTC,1584041503291,2020-03-12T19:31:43.291Z,buy,5.28e-06,88.0,0.00046464
OAX/BTC,1584041503318,2020-03-12T19:31:43.318Z,buy,5.28e-06,20.0,0.0001056
OAX/BTC,1584041503515,2020-03-12T19:31:43.515Z,buy,5.28e-06,88.0,0.00046464
OAX/BTC,1584041503807,2020-03-12T19:31:43.807Z,buy,5.28e-06,20.0,0.0001056
OAX/BTC,1584041504433,2020-03-12T19:31:44.433Z,buy,5.28e-06,20.0,0.0001056
OAX/BTC,1584041504545,2020-03-12T19:31:44.545Z,sell,5.22e-06,155.0,0.0008091
OAX/BTC,1584041506355,2020-03-12T19:31:46.355Z,buy,5.28e-06,130.0,0.0006864
OAX/BTC,1584041506578,2020-03-12T19:31:46.578Z,buy,5.28e-06,130.0,0.0006864
OAX/BTC,1584041506858,2020-03-12T19:31:46.858Z,buy,5.25e-06,130.0,0.0006825
OAX/BTC,1584041507253,2020-03-12T19:31:47.253Z,buy,5.24e-06,1168.0,0.0061203199999999
OAX/BTC,1584041507253,2020-03-12T19:31:47.253Z,buy,5.25e-06,3647.0,0.01914675
OAX/BTC,1584041507385,2020-03-12T19:31:47.385Z,buy,5.25e-06,38.0,0.0001995
OAX/BTC,1584041508028,2020-03-12T19:31:48.028Z,buy,5.25e-06,38.0,0.0001995
OAX/BTC,1584041508358,2020-03-12T19:31:48.358Z,buy,5.25e-06,60.0,0.0003149999999999
OAX/BTC,1584041508399,2020-03-12T19:31:48.399Z,buy,5.25e-06,39.0,0.00020475
OAX/BTC,1584041508507,2020-03-12T19:31:48.507Z,buy,5.25e-06,39.0,0.00020475
OAX/BTC,1584041509147,2020-03-12T19:31:49.147Z,buy,5.25e-06,7511.0,0.0394327499999999
OAX/BTC,1584041513551,2020-03-12T19:31:53.551Z,buy,5.23e-06,2324.0,0.01215452
OAX/BTC,1584041513551,2020-03-12T19:31:53.551Z,buy,5.25e-06,10807.0,0.0567367499999999
OAX/BTC,1584041513551,2020-03-12T19:31:53.551Z,buy,5.28e-06,121.0,0.00063888
OAX/BTC,1584041513551,2020-03-12T19:31:53.551Z,buy,5.29e-06,2939.0,0.01554731
OAX/BTC,1584041513551,2020-03-12T19:31:53.551Z,buy,5.3e-06,24483.0,0.1297599
OAX/BTC,1584041513551,2020-03-12T19:31:53.551Z,buy,5.31e-06,130.0,0.0006903
OAX/BTC,1584041513551,2020-03-12T19:31:53.551Z,buy,5.34e-06,322.0,0.0017194799999999
OAX/BTC,1584041513551,2020-03-12T19:31:53.551Z,buy,5.36e-06,130.0,0.0006968
OAX/BTC,1584041513551,2020-03-12T19:31:53.551Z,buy,5.37e-06,96.0,0.00051552
OAX/BTC,1584041513551,2020-03-12T19:31:53.551Z,buy,5.38e-06,7511.0,0.04040918
OAX/BTC,1584041513551,2020-03-12T19:31:53.551Z,buy,5.4e-06,7439.0,0.0401706
OAX/BTC,1584041513551,2020-03-12T19:31:53.551Z,buy,5.41e-06,24.0,0.00012984
OAX/BTC,1584041513551,2020-03-12T19:31:53.551Z,buy,5.42e-06,2434.0,0.0131922799999999
OAX/BTC,1584041513551,2020-03-12T19:31:53.551Z,buy,5.43e-06,197.0,0.00106971
OAX/BTC,1584041513551,2020-03-12T19:31:53.551Z,buy,5.44e-06,20490.0,0.1114656
OAX/BTC,1584041513551,2020-03-12T19:31:53.551Z,buy,5.45e-06,14953.0,0.08149385
OAX/BTC,1584041513551,2020-03-12T19:31:53.551Z,buy,5.46e-06,239422.0,1.30724412
OAX/BTC,1584041513551,2020-03-12T19:31:53.551Z,buy,5.47e-06,26317.0,0.14395399
OAX/BTC,1584041513660,2020-03-12T19:31:53.660Z,buy,5.46e-06,59.0,0.00032214
OAX/BTC,1584041514227,2020-03-12T19:31:54.227Z,buy,5.47e-06,83.0,0.00045401
OAX/BTC,1584041515756,2020-03-12T19:31:55.756Z,buy,5.47e-06,37.0,0.00020239
OAX/BTC,1584041516185,2020-03-12T19:31:56.185Z,buy,5.47e-06,37.0,0.00020239
OAX/BTC,1584041516787,2020-03-12T19:31:56.787Z,sell,5.44e-06,20.0,0.0001087999999999
OAX/BTC,1584041516787,2020-03-12T19:31:56.787Z,sell,5.4e-06,20.0,0.000108
OAX/BTC,1584041516787,2020-03-12T19:31:56.787Z,sell,5.37e-06,20.0,0.0001074
OAX/BTC,1584041516892,2020-03-12T19:31:56.892Z,buy,5.37e-06,60.0,0.0003222
OAX/BTC,1584041516936,2020-03-12T19:31:56.936Z,sell,5.37e-06,150.0,0.0008055
OAX/BTC,1584041517064,2020-03-12T19:31:57.064Z,buy,5.47e-06,37.0,0.00020239
OAX/BTC,1584041517938,2020-03-12T19:31:57.938Z,sell,5.4e-06,20.0,0.000108
OAX/BTC,1584041518997,2020-03-12T19:31:58.997Z,sell,5.4e-06,1033.0,0.0055782
OAX/BTC,1584041519885,2020-03-12T19:31:59.885Z,sell,5.39e-06,75.0,0.00040425
OAX/BTC,1584041521402,2020-03-12T19:32:01.402Z,sell,5.37e-06,20.0,0.0001074
OAX/BTC,1584041521402,2020-03-12T19:32:01.402Z,sell,5.36e-06,130.0,0.0006968
OAX/BTC,1584041521402,2020-03-12T19:32:01.402Z,sell,5.34e-06,320.0,0.0017088
OAX/BTC,1584041523891,2020-03-12T19:32:03.891Z,sell,5.32e-06,152.0,0.00080864
OAX/BTC,1584041526300,2020-03-12T19:32:06.300Z,sell,5.32e-06,2178.0,0.01158696
OAX/BTC,1584041526300,2020-03-12T19:32:06.300Z,sell,5.31e-06,150.0,0.0007965
OAX/BTC,1584041526300,2020-03-12T19:32:06.300Z,sell,5.3e-06,45.0,0.0002385
OAX/BTC,1584041526300,2020-03-12T19:32:06.300Z,sell,5.29e-06,7306.0,0.03864874
OAX/BTC,1584041526300,2020-03-12T19:32:06.300Z,sell,5.28e-06,567.0,0.00299376
OAX/BTC,1584041526300,2020-03-12T19:32:06.300Z,sell,5.27e-06,11395.0,0.06005165
OAX/BTC,1584041526300,2020-03-12T19:32:06.300Z,sell,5.25e-06,8704.0,0.045696
OAX/BTC,1584041526300,2020-03-12T19:32:06.300Z,sell,5.24e-06,756.0,0.00396144
OAX/BTC,1584041526300,2020-03-12T19:32:06.300Z,sell,5.22e-06,130.0,0.0006786
OAX/BTC,1584041526300,2020-03-12T19:32:06.300Z,sell,5.21e-06,6786.0,0.03535506
OAX/BTC,1584041526300,2020-03-12T19:32:06.300Z,sell,5.18e-06,130.0,0.0006734
OAX/BTC,1584041526300,2020-03-12T19:32:06.300Z,sell,5.15e-06,1023.0,0.00526845
OAX/BTC,1584041527250,2020-03-12T19:32:07.250Z,buy,5.21e-06,84.0,0.00043764
OAX/BTC,1584041527438,2020-03-12T19:32:07.438Z,buy,5.21e-06,974.0,0.00507454
OAX/BTC,1584041527438,2020-03-12T19:32:07.438Z,buy,5.22e-06,826.0,0.00431172
OAX/BTC,1584041527808,2020-03-12T19:32:07.808Z,sell,5.17e-06,3747.0,0.01937199
OAX/BTC,1584041527808,2020-03-12T19:32:07.808Z,sell,5.16e-06,10537.0,0.0543709199999999
OAX/BTC,1584041527851,2020-03-12T19:32:07.851Z,buy,5.21e-06,1886.0,0.00982606
OAX/BTC,1584041527851,2020-03-12T19:32:07.851Z,buy,5.22e-06,5960.0,0.0311112
OAX/BTC,1584041527851,2020-03-12T19:32:07.851Z,buy,5.23e-06,1861.0,0.00973303
OAX/BTC,1584041527851,2020-03-12T19:32:07.851Z,buy,5.24e-06,4098.0,0.02147352
OAX/BTC,1584041527851,2020-03-12T19:32:07.851Z,buy,5.29e-06,2000.0,0.01058
OAX/BTC,1584041527851,2020-03-12T19:32:07.851Z,buy,5.34e-06,20.0,0.0001068
OAX/BTC,1584041527851,2020-03-12T19:32:07.851Z,buy,5.35e-06,8609.0,0.04605815
OAX/BTC,1584041527851,2020-03-12T19:32:07.851Z,buy,5.36e-06,1140.0,0.0061104
OAX/BTC,1584041527851,2020-03-12T19:32:07.851Z,buy,5.37e-06,172.0,0.00092364
OAX/BTC,1584041527851,2020-03-12T19:32:07.851Z,buy,5.38e-06,1038.0,0.00558444
OAX/BTC,1584041527851,2020-03-12T19:32:07.851Z,buy,5.4e-06,150.0,0.00081
OAX/BTC,1584041527851,2020-03-12T19:32:07.851Z,buy,5.44e-06,20.0,0.0001087999999999
OAX/BTC,1584041527851,2020-03-12T19:32:07.851Z,buy,5.45e-06,130.0,0.0007085
OAX/BTC,1584041527851,2020-03-12T19:32:07.851Z,buy,5.46e-06,652.0,0.00355992
OAX/BTC,1584041527851,2020-03-12T19:32:07.851Z,buy,5.47e-06,9142.0,0.05000674
OAX/BTC,1584041527851,2020-03-12T19:32:07.851Z,buy,5.48e-06,19135.0,0.1048598
OAX/BTC,1584041527851,2020-03-12T19:32:07.851Z,buy,5.49e-06,47952.0,0.26325648
OAX/BTC,1584041527851,2020-03-12T19:32:07.851Z,buy,5.5e-06,61369.0,0.3375295
OAX/BTC,1584041527901,2020-03-12T19:32:07.901Z,sell,5.17e-06,180.0,0.0009306
OAX/BTC,1584041527956,2020-03-12T19:32:07.956Z,buy,5.21e-06,180.0,0.0009378
OAX/BTC,1584041528997,2020-03-12T19:32:08.997Z,buy,5.47e-06,25.0,0.00013675
OAX/BTC,1584041531380,2020-03-12T19:32:11.380Z,buy,5.47e-06,20.0,0.0001094
OAX/BTC,1584041532770,2020-03-12T19:32:12.770Z,sell,5.44e-06,20.0,0.0001087999999999
OAX/BTC,1584041532770,2020-03-12T19:32:12.770Z,sell,5.41e-06,1030.0,0.0055723
OAX/BTC,1584041532770,2020-03-12T19:32:12.770Z,sell,5.4e-06,20.0,0.000108
OAX/BTC,1584041532903,2020-03-12T19:32:12.903Z,sell,5.39e-06,1030.0,0.0055517
OAX/BTC,1584041532931,2020-03-12T19:32:12.931Z,buy,5.4e-06,58.0,0.0003132
OAX/BTC,1584041533499,2020-03-12T19:32:13.499Z,sell,5.39e-06,130.0,0.0007007
OAX/BTC,1584041534147,2020-03-12T19:32:14.147Z,sell,5.37e-06,20.0,0.0001074
OAX/BTC,1584041534147,2020-03-12T19:32:14.147Z,sell,5.34e-06,18.0,9.612e-05
OAX/BTC,1584041534147,2020-03-12T19:32:14.147Z,sell,5.37e-06,20.0,0.0001074
OAX/BTC,1584041534147,2020-03-12T19:32:14.147Z,sell,5.34e-06,18.0,9.612e-05
OAX/BTC,1584041537192,2020-03-12T19:32:17.192Z,buy,5.38e-06,522.0,0.00280836
OAX/BTC,1584041537192,2020-03-12T19:32:17.192Z,buy,5.39e-06,755.0,0.00406945
OAX/BTC,1584041537192,2020-03-12T19:32:17.192Z,buy,5.4e-06,14407.0,0.0777978
OAX/BTC,1584041537968,2020-03-12T19:32:17.968Z,buy,5.4e-06,4401.0,0.0237654
OAX/BTC,1584041538494,2020-03-12T19:32:18.494Z,buy,5.44e-06,20.0,0.0001087999999999
OAX/BTC,1584041538494,2020-03-12T19:32:18.494Z,buy,5.45e-06,188.0,0.0010246
OAX/BTC,1584041538494,2020-03-12T19:32:18.494Z,buy,5.47e-06,189.0,0.00103383
OAX/BTC,1584041538494,2020-03-12T19:32:18.494Z,buy,5.48e-06,1800.0,0.009864
OAX/BTC,1584041538494,2020-03-12T19:32:18.494Z,buy,5.49e-06,130.0,0.0007137
OAX/BTC,1584041538494,2020-03-12T19:32:18.494Z,buy,5.5e-06,5408.0,0.029744
OAX/BTC,1584041538494,2020-03-12T19:32:18.494Z,buy,5.51e-06,244.0,0.00134444
OAX/BTC,1584041538494,2020-03-12T19:32:18.494Z,buy,5.52e-06,170.0,0.0009383999999999
OAX/BTC,1584041538494,2020-03-12T19:32:18.494Z,buy,5.53e-06,83.0,0.00045899
OAX/BTC,1584041538494,2020-03-12T19:32:18.494Z,buy,5.54e-06,1740.0,0.0096396
OAX/BTC,1584041538494,2020-03-12T19:32:18.494Z,buy,5.55e-06,30.0,0.0001665
OAX/BTC,1584041538494,2020-03-12T19:32:18.494Z,buy,5.56e-06,162.0,0.00090072
OAX/BTC,1584041538494,2020-03-12T19:32:18.494Z,buy,5.57e-06,1474.0,0.00821018
OAX/BTC,1584041538494,2020-03-12T19:32:18.494Z,buy,5.58e-06,130.0,0.0007254
OAX/BTC,1584041538494,2020-03-12T19:32:18.494Z,buy,5.59e-06,7037.0,0.0393368299999999
OAX/BTC,1584041538509,2020-03-12T19:32:18.509Z,sell,5.59e-06,25330.0,0.1415947
OAX/BTC,1584041538944,2020-03-12T19:32:18.944Z,sell,5.35e-06,153.0,0.0008185499999999
OAX/BTC,1584041539650,2020-03-12T19:32:19.650Z,sell,5.35e-06,58.0,0.0003102999999999
OAX/BTC,1584041539834,2020-03-12T19:32:19.834Z,sell,5.4e-06,84.0,0.0004536
OAX/BTC,1584041539953,2020-03-12T19:32:19.953Z,buy,5.43e-06,211.0,0.00114573
OAX/BTC,1584041539953,2020-03-12T19:32:19.953Z,buy,5.44e-06,3371.0,0.01833824
OAX/BTC,1584041540841,2020-03-12T19:32:20.841Z,sell,5.45e-06,4561.0,0.02485745
OAX/BTC,1584041541462,2020-03-12T19:32:21.462Z,buy,5.55e-06,37.0,0.00020535
OAX/BTC,1584041542014,2020-03-12T19:32:22.014Z,sell,5.54e-06,130.0,0.0007202
OAX/BTC,1584041542014,2020-03-12T19:32:22.014Z,sell,5.5e-06,20.0,0.0001099999999999
OAX/BTC,1584041542014,2020-03-12T19:32:22.014Z,sell,5.49e-06,4850.0,0.0266265
OAX/BTC,1584041542674,2020-03-12T19:32:22.674Z,sell,5.5e-06,2739.0,0.0150645
OAX/BTC,1584041543151,2020-03-12T19:32:23.151Z,sell,5.5e-06,2209.0,0.0121494999999999
OAX/BTC,1584041543151,2020-03-12T19:32:23.151Z,sell,5.48e-06,2231.0,0.01222588
OAX/BTC,1584041543151,2020-03-12T19:32:23.151Z,sell,5.47e-06,3461.0,0.01893167
OAX/BTC,1584041543517,2020-03-12T19:32:23.517Z,buy,5.54e-06,20.0,0.0001108
OAX/BTC,1584041543554,2020-03-12T19:32:23.554Z,buy,5.54e-06,481.0,0.00266474
OAX/BTC,1584041543830,2020-03-12T19:32:23.830Z,sell,5.48e-06,471.0,0.00258108
OAX/BTC,1584041543994,2020-03-12T19:32:23.994Z,sell,5.53e-06,57.0,0.00031521
OAX/BTC,1584041543994,2020-03-12T19:32:23.994Z,sell,5.46e-06,2222.0,0.01213212
OAX/BTC,1584041543994,2020-03-12T19:32:23.994Z,sell,5.45e-06,18272.0,0.0995824
OAX/BTC,1584041545225,2020-03-12T19:32:25.225Z,buy,5.5e-06,7511.0,0.0413105
OAX/BTC,1584041545755,2020-03-12T19:32:25.755Z,buy,5.5e-06,1599.0,0.0087945
OAX/BTC,1584041545755,2020-03-12T19:32:25.755Z,buy,5.53e-06,7639.0,0.04224367
OAX/BTC,1584041546917,2020-03-12T19:32:26.917Z,sell,5.48e-06,149.0,0.00081652
OAX/BTC,1584041548064,2020-03-12T19:32:28.064Z,buy,5.49e-06,130.0,0.0007137
OAX/BTC,1584041548064,2020-03-12T19:32:28.064Z,buy,5.5e-06,9090.0,0.049995
OAX/BTC,1584041548064,2020-03-12T19:32:28.064Z,buy,5.53e-06,2175.0,0.01202775
OAX/BTC,1584041551095,2020-03-12T19:32:31.095Z,sell,5.53e-06,9505.0,0.05256265
OAX/BTC,1584041551867,2020-03-12T19:32:31.867Z,buy,5.54e-06,1961.0,0.01086394
OAX/BTC,1584041551872,2020-03-12T19:32:31.872Z,sell,5.53e-06,24362.0,0.13472186
OAX/BTC,1584041557873,2020-03-12T19:32:37.873Z,buy,5.53e-06,722.0,0.00399266
OAX/BTC,1584041557873,2020-03-12T19:32:37.873Z,buy,5.54e-06,1325.0,0.0073405
OAX/BTC,1584041557873,2020-03-12T19:32:37.873Z,buy,5.55e-06,4000.0,0.0222
OAX/BTC,1584041557873,2020-03-12T19:32:37.873Z,buy,5.56e-06,4418.0,0.02456408
OAX/BTC,1584041557873,2020-03-12T19:32:37.873Z,buy,5.57e-06,4395.0,0.02448015
OAX/BTC,1584041557873,2020-03-12T19:32:37.873Z,buy,5.58e-06,130.0,0.0007254
OAX/BTC,1584041557873,2020-03-12T19:32:37.873Z,buy,5.59e-06,57.0,0.00031863
OAX/BTC,1584041557873,2020-03-12T19:32:37.873Z,buy,5.6e-06,9105.0,0.050988
OAX/BTC,1584041557873,2020-03-12T19:32:37.873Z,buy,5.61e-06,3756.0,0.02107116
OAX/BTC,1584041557873,2020-03-12T19:32:37.873Z,buy,5.62e-06,2049.0,0.01151538
OAX/BTC,1584041557873,2020-03-12T19:32:37.873Z,buy,5.63e-06,175.0,0.00098525
OAX/BTC,1584041557873,2020-03-12T19:32:37.873Z,buy,5.64e-06,77.0,0.00043428
OAX/BTC,1584041557873,2020-03-12T19:32:37.873Z,buy,5.65e-06,274.0,0.0015481
OAX/BTC,1584041557873,2020-03-12T19:32:37.873Z,buy,5.66e-06,8212.0,0.04647992
OAX/BTC,1584041557873,2020-03-12T19:32:37.873Z,buy,5.67e-06,4633.0,0.02626911
OAX/BTC,1584041557873,2020-03-12T19:32:37.873Z,buy,5.68e-06,1836.0,0.01042848
OAX/BTC,1584041557873,2020-03-12T19:32:37.873Z,buy,5.69e-06,10722.0,0.0610081799999999
OAX/BTC,1584041557873,2020-03-12T19:32:37.873Z,buy,5.7e-06,80841.0,0.4607937
OAX/BTC,1584041557873,2020-03-12T19:32:37.873Z,buy,5.71e-06,59.0,0.00033689
OAX/BTC,1584041557891,2020-03-12T19:32:37.891Z,sell,5.71e-06,7996.0,0.04565716
OAX/BTC,1584041558003,2020-03-12T19:32:38.003Z,sell,5.57e-06,852.0,0.00474564
OAX/BTC,1584041558839,2020-03-12T19:32:38.839Z,sell,5.58e-06,620.0,0.0034596
OAX/BTC,1584041560088,2020-03-12T19:32:40.088Z,sell,5.61e-06,441.0,0.00247401
OAX/BTC,1584041560149,2020-03-12T19:32:40.149Z,sell,5.61e-06,74.0,0.00041514
OAX/BTC,1584041560152,2020-03-12T19:32:40.152Z,sell,5.61e-06,145.0,0.00081345
OAX/BTC,1584041560295,2020-03-12T19:32:40.295Z,sell,5.61e-06,5320.0,0.0298452
OAX/BTC,1584041560295,2020-03-12T19:32:40.295Z,sell,5.6e-06,7511.0,0.0420616
OAX/BTC,1584041560295,2020-03-12T19:32:40.295Z,sell,5.57e-06,2827.0,0.01574639
OAX/BTC,1584041560860,2020-03-12T19:32:40.860Z,sell,5.64e-06,446.0,0.00251544
OAX/BTC,1584041560980,2020-03-12T19:32:40.980Z,sell,5.64e-06,441.0,0.00248724
OAX/BTC,1584041561208,2020-03-12T19:32:41.208Z,buy,5.66e-06,6534.0,0.03698244
OAX/BTC,1584041561467,2020-03-12T19:32:41.467Z,buy,5.66e-06,20.0,0.0001132
OAX/BTC,1584041561836,2020-03-12T19:32:41.836Z,sell,5.64e-06,20.0,0.0001128
OAX/BTC,1584041561836,2020-03-12T19:32:41.836Z,sell,5.63e-06,130.0,0.0007319
OAX/BTC,1584041561836,2020-03-12T19:32:41.836Z,sell,5.6e-06,20.0,0.000112
OAX/BTC,1584041561836,2020-03-12T19:32:41.836Z,sell,5.59e-06,271.0,0.0015148899999999
OAX/BTC,1584041562540,2020-03-12T19:32:42.540Z,buy,5.66e-06,3316.0,0.01876856
OAX/BTC,1584041562540,2020-03-12T19:32:42.540Z,buy,5.67e-06,600.0,0.003402
OAX/BTC,1584041562540,2020-03-12T19:32:42.540Z,buy,5.7e-06,10547.0,0.0601178999999999
OAX/BTC,1584041562905,2020-03-12T19:32:42.905Z,sell,5.61e-06,531.0,0.00297891
OAX/BTC,1584041564352,2020-03-12T19:32:44.352Z,sell,5.66e-06,10444.0,0.05911304
OAX/BTC,1584041564352,2020-03-12T19:32:44.352Z,sell,5.6e-06,1299.0,0.0072743999999999
OAX/BTC,1584041564591,2020-03-12T19:32:44.591Z,sell,5.61e-06,93.0,0.00052173
OAX/BTC,1584041564609,2020-03-12T19:32:44.609Z,sell,5.61e-06,5481.0,0.0307484099999999
OAX/BTC,1584041564925,2020-03-12T19:32:44.925Z,buy,5.61e-06,20.0,0.0001121999999999
OAX/BTC,1584041565103,2020-03-12T19:32:45.103Z,sell,5.58e-06,130.0,0.0007254
OAX/BTC,1584041565103,2020-03-12T19:32:45.103Z,sell,5.57e-06,20.0,0.0001114
OAX/BTC,1584041565103,2020-03-12T19:32:45.103Z,sell,5.54e-06,150.0,0.000831
OAX/BTC,1584041565103,2020-03-12T19:32:45.103Z,sell,5.5e-06,20.0,0.0001099999999999
OAX/BTC,1584041565103,2020-03-12T19:32:45.103Z,sell,5.49e-06,130.0,0.0007137
OAX/BTC,1584041565103,2020-03-12T19:32:45.103Z,sell,5.47e-06,20.0,0.0001094
OAX/BTC,1584041565103,2020-03-12T19:32:45.103Z,sell,5.46e-06,2708.0,0.01478568
OAX/BTC,1584041565103,2020-03-12T19:32:45.103Z,sell,5.45e-06,1692.0,0.0092214
OAX/BTC,1584041565103,2020-03-12T19:32:45.103Z,sell,5.44e-06,2972.0,0.01616768
OAX/BTC,1584041565278,2020-03-12T19:32:45.278Z,buy,5.61e-06,20.0,0.0001121999999999
OAX/BTC,1584041565425,2020-03-12T19:32:45.425Z,sell,5.54e-06,91.0,0.00050414
OAX/BTC,1584041565536,2020-03-12T19:32:45.536Z,buy,5.61e-06,916.0,0.00513876
OAX/BTC,1584041565566,2020-03-12T19:32:45.566Z,buy,5.61e-06,2588.0,0.0145186799999999
OAX/BTC,1584041566129,2020-03-12T19:32:46.129Z,sell,5.55e-06,1735.0,0.00962925
OAX/BTC,1584041566794,2020-03-12T19:32:46.794Z,buy,5.59e-06,90.0,0.0005031
OAX/BTC,1584041566794,2020-03-12T19:32:46.794Z,buy,5.6e-06,1755.0,0.009828
OAX/BTC,1584041566794,2020-03-12T19:32:46.794Z,buy,5.61e-06,987.0,0.00553707
OAX/BTC,1584041566794,2020-03-12T19:32:46.794Z,buy,5.62e-06,728.0,0.00409136
OAX/BTC,1584041567806,2020-03-12T19:32:47.806Z,sell,5.53e-06,20.0,0.0001106
OAX/BTC,1584041568148,2020-03-12T19:32:48.148Z,sell,5.5e-06,130.0,0.000715
OAX/BTC,1584041569467,2020-03-12T19:32:49.467Z,sell,5.5e-06,20.0,0.0001099999999999
OAX/BTC,1584041569983,2020-03-12T19:32:49.983Z,buy,5.54e-06,20.0,0.0001108
OAX/BTC,1584041572524,2020-03-12T19:32:52.524Z,buy,5.54e-06,130.0,0.0007202
OAX/BTC,1584041572777,2020-03-12T19:32:52.777Z,sell,5.55e-06,48.0,0.0002664
OAX/BTC,1584041573803,2020-03-12T19:32:53.803Z,buy,5.55e-06,898.0,0.0049839
OAX/BTC,1584041573803,2020-03-12T19:32:53.803Z,buy,5.56e-06,150.0,0.000834
OAX/BTC,1584041573803,2020-03-12T19:32:53.803Z,buy,5.57e-06,20.0,0.0001114
OAX/BTC,1584041573803,2020-03-12T19:32:53.803Z,buy,5.58e-06,130.0,0.0007254
OAX/BTC,1584041573803,2020-03-12T19:32:53.803Z,buy,5.59e-06,2104.0,0.01176136
OAX/BTC,1584041575151,2020-03-12T19:32:55.151Z,sell,5.54e-06,150.0,0.000831
OAX/BTC,1584041575213,2020-03-12T19:32:55.213Z,buy,5.53e-06,3484.0,0.01926652
OAX/BTC,1584041576033,2020-03-12T19:32:56.033Z,buy,5.53e-06,770.0,0.0042581
OAX/BTC,1584041576033,2020-03-12T19:32:56.033Z,buy,5.57e-06,20.0,0.0001114
OAX/BTC,1584041576033,2020-03-12T19:32:56.033Z,buy,5.58e-06,287.0,0.00160146
OAX/BTC,1584041576337,2020-03-12T19:32:56.337Z,sell,5.53e-06,146.0,0.00080738
OAX/BTC,1584041580384,2020-03-12T19:33:00.384Z,sell,5.54e-06,20.0,0.0001108
OAX/BTC,1584041580384,2020-03-12T19:33:00.384Z,sell,5.52e-06,57.0,0.00031464
OAX/BTC,1584041580424,2020-03-12T19:33:00.424Z,buy,5.51e-06,3484.0,0.01919684
OAX/BTC,1584041581797,2020-03-12T19:33:01.797Z,buy,5.51e-06,9651.0,0.05317701
OAX/BTC,1584041581797,2020-03-12T19:33:01.797Z,buy,5.54e-06,1810.0,0.0100274
OAX/BTC,1584041581797,2020-03-12T19:33:01.797Z,buy,5.56e-06,3707.0,0.02061092
OAX/BTC,1584041581797,2020-03-12T19:33:01.797Z,buy,5.57e-06,1580.0,0.0088006
OAX/BTC,1584041581797,2020-03-12T19:33:01.797Z,buy,5.58e-06,9900.0,0.055242
OAX/BTC,1584041581797,2020-03-12T19:33:01.797Z,buy,5.59e-06,15658.0,0.08752822
OAX/BTC,1584041581797,2020-03-12T19:33:01.797Z,buy,5.6e-06,20.0,0.000112
OAX/BTC,1584041581797,2020-03-12T19:33:01.797Z,buy,5.62e-06,2059.0,0.01157158
OAX/BTC,1584041581797,2020-03-12T19:33:01.797Z,buy,5.63e-06,130.0,0.0007319
OAX/BTC,1584041581797,2020-03-12T19:33:01.797Z,buy,5.64e-06,2714.0,0.01530696
OAX/BTC,1584041581797,2020-03-12T19:33:01.797Z,buy,5.65e-06,2827.0,0.01597255
OAX/BTC,1584041581797,2020-03-12T19:33:01.797Z,buy,5.67e-06,150.0,0.0008505
OAX/BTC,1584041581797,2020-03-12T19:33:01.797Z,buy,5.68e-06,8491.0,0.04822888
OAX/BTC,1584041581797,2020-03-12T19:33:01.797Z,buy,5.69e-06,1800.0,0.010242
OAX/BTC,1584041581797,2020-03-12T19:33:01.797Z,buy,5.7e-06,51785.0,0.2951745
OAX/BTC,1584041581797,2020-03-12T19:33:01.797Z,buy,5.71e-06,399.0,0.00227829
OAX/BTC,1584041581797,2020-03-12T19:33:01.797Z,buy,5.72e-06,1944.0,0.01111968
OAX/BTC,1584041581797,2020-03-12T19:33:01.797Z,buy,5.73e-06,2301.0,0.01318473
OAX/BTC,1584041582487,2020-03-12T19:33:02.487Z,sell,5.56e-06,147.0,0.00081732
OAX/BTC,1584041586268,2020-03-12T19:33:06.268Z,sell,5.68e-06,178.0,0.00101104
OAX/BTC,1584041586563,2020-03-12T19:33:06.563Z,sell,5.69e-06,879.0,0.00500151
OAX/BTC,1584041586563,2020-03-12T19:33:06.563Z,sell,5.68e-06,1082.0,0.00614576
OAX/BTC,1584041587588,2020-03-12T19:33:07.588Z,sell,5.68e-06,852.0,0.00483936
OAX/BTC,1584041589563,2020-03-12T19:33:09.563Z,buy,5.69e-06,879.0,0.00500151
OAX/BTC,1584041589563,2020-03-12T19:33:09.563Z,buy,5.7e-06,850.0,0.0048449999999999
OAX/BTC,1584041589936,2020-03-12T19:33:09.936Z,sell,5.68e-06,143.0,0.00081224
OAX/BTC,1584041596572,2020-03-12T19:33:16.572Z,sell,5.67e-06,142.0,0.00080514
OAX/BTC,1584041598052,2020-03-12T19:33:18.052Z,buy,5.69e-06,634.0,0.00360746
OAX/BTC,1584041598374,2020-03-12T19:33:18.374Z,sell,5.67e-06,63.0,0.00035721
OAX/BTC,1584041599224,2020-03-12T19:33:19.224Z,buy,5.67e-06,6.0,3.402e-05
OAX/BTC,1584041599839,2020-03-12T19:33:19.839Z,sell,5.65e-06,1642.0,0.0092773
OAX/BTC,1584041601138,2020-03-12T19:33:21.138Z,buy,5.67e-06,270.0,0.0015309
OAX/BTC,1584041601380,2020-03-12T19:33:21.380Z,buy,5.67e-06,3575.0,0.02027025
OAX/BTC,1584041601518,2020-03-12T19:33:21.518Z,sell,5.67e-06,36.0,0.00020412
OAX/BTC,1584041602199,2020-03-12T19:33:22.199Z,sell,5.67e-06,3663.0,0.02076921
OAX/BTC,1584041602199,2020-03-12T19:33:22.199Z,sell,5.66e-06,252.0,0.00142632
OAX/BTC,1584041605142,2020-03-12T19:33:25.142Z,buy,5.68e-06,89.0,0.00050552
OAX/BTC,1584041605142,2020-03-12T19:33:25.142Z,buy,5.69e-06,5219.0,0.0296961099999999
OAX/BTC,1584041605142,2020-03-12T19:33:25.142Z,buy,5.7e-06,20659.0,0.1177563
OAX/BTC,1584041606010,2020-03-12T19:33:26.010Z,sell,5.66e-06,8106.0,0.04587996
OAX/BTC,1584041607361,2020-03-12T19:33:27.361Z,buy,5.67e-06,58.0,0.00032886
OAX/BTC,1584041608525,2020-03-12T19:33:28.525Z,buy,5.69e-06,3424.0,0.01948256
OAX/BTC,1584041609975,2020-03-12T19:33:29.975Z,buy,5.7e-06,2857.0,0.0162848999999999
OAX/BTC,1584041610260,2020-03-12T19:33:30.260Z,sell,5.69e-06,10000.0,0.0569
OAX/BTC,1584041610263,2020-03-12T19:33:30.263Z,sell,5.69e-06,2864.0,0.01629616
OAX/BTC,1584041610307,2020-03-12T19:33:30.307Z,buy,5.69e-06,4294.0,0.0244328599999999
OAX/BTC,1584041610307,2020-03-12T19:33:30.307Z,buy,5.72e-06,722.0,0.00412984
OAX/BTC,1584041610307,2020-03-12T19:33:30.307Z,buy,5.73e-06,506.0,0.00289938
OAX/BTC,1584041611206,2020-03-12T19:33:31.206Z,sell,5.7e-06,3424.0,0.0195167999999999
OAX/BTC,1584041611206,2020-03-12T19:33:31.206Z,sell,5.68e-06,4164.0,0.02365152
OAX/BTC,1584041611254,2020-03-12T19:33:31.254Z,buy,5.68e-06,37674.0,0.2139883199999999
OAX/BTC,1584041611254,2020-03-12T19:33:31.254Z,buy,5.73e-06,248.0,0.00142104
OAX/BTC,1584041611254,2020-03-12T19:33:31.254Z,buy,5.74e-06,152.0,0.00087248
OAX/BTC,1584041611265,2020-03-12T19:33:31.265Z,sell,5.74e-06,2206.0,0.01266244
OAX/BTC,1584041613092,2020-03-12T19:33:33.092Z,buy,5.75e-06,6273.0,0.03606975
OAX/BTC,1584041614073,2020-03-12T19:33:34.073Z,sell,5.71e-06,876.0,0.00500196
OAX/BTC,1584041614276,2020-03-12T19:33:34.276Z,buy,5.73e-06,3424.0,0.01961952
OAX/BTC,1584041614276,2020-03-12T19:33:34.276Z,buy,5.74e-06,876.0,0.00502824
OAX/BTC,1584041614276,2020-03-12T19:33:34.276Z,buy,5.75e-06,243.0,0.00139725
OAX/BTC,1584041614287,2020-03-12T19:33:34.287Z,sell,5.75e-06,5534.0,0.0318205
OAX/BTC,1584041614318,2020-03-12T19:33:34.318Z,sell,5.75e-06,6724.0,0.038663
OAX/BTC,1584041614318,2020-03-12T19:33:34.318Z,sell,5.7e-06,969.0,0.0055232999999999
OAX/BTC,1584041614318,2020-03-12T19:33:34.318Z,sell,5.67e-06,150.0,0.0008505
OAX/BTC,1584041614318,2020-03-12T19:33:34.318Z,sell,5.66e-06,2395.0,0.0135557
OAX/BTC,1584041616290,2020-03-12T19:33:36.290Z,sell,5.69e-06,879.0,0.00500151
OAX/BTC,1584041616307,2020-03-12T19:33:36.307Z,buy,5.69e-06,175.0,0.0009957499999999
OAX/BTC,1584041616363,2020-03-12T19:33:36.363Z,buy,5.69e-06,1142.0,0.0064979799999999
OAX/BTC,1584041616363,2020-03-12T19:33:36.363Z,buy,5.7e-06,20.0,0.0001139999999999
OAX/BTC,1584041616363,2020-03-12T19:33:36.363Z,buy,5.74e-06,232.0,0.00133168
OAX/BTC,1584041616372,2020-03-12T19:33:36.372Z,buy,5.74e-06,157.0,0.00090118
OAX/BTC,1584041616398,2020-03-12T19:33:36.398Z,buy,5.74e-06,175.0,0.0010045
OAX/BTC,1584041616514,2020-03-12T19:33:36.514Z,buy,5.74e-06,349.0,0.00200326
OAX/BTC,1584041616528,2020-03-12T19:33:36.528Z,buy,5.74e-06,76.0,0.00043624
OAX/BTC,1584041616542,2020-03-12T19:33:36.542Z,sell,5.74e-06,185.0,0.0010619
OAX/BTC,1584041616544,2020-03-12T19:33:36.544Z,sell,5.74e-06,1047.0,0.00600978
OAX/BTC,1584041616607,2020-03-12T19:33:36.607Z,sell,5.74e-06,372.0,0.00213528
OAX/BTC,1584041616621,2020-03-12T19:33:36.621Z,buy,5.72e-06,28.0,0.00016016
OAX/BTC,1584041616623,2020-03-12T19:33:36.623Z,buy,5.72e-06,349.0,0.00199628
OAX/BTC,1584041616629,2020-03-12T19:33:36.629Z,buy,5.72e-06,146.0,0.00083512
OAX/BTC,1584041616645,2020-03-12T19:33:36.645Z,sell,5.74e-06,185.0,0.0010619
OAX/BTC,1584041616704,2020-03-12T19:33:36.704Z,sell,5.74e-06,19.0,0.00010906
OAX/BTC,1584041616730,2020-03-12T19:33:36.730Z,buy,5.73e-06,70.0,0.0004011
OAX/BTC,1584041616750,2020-03-12T19:33:36.750Z,buy,5.73e-06,790.0,0.0045267
OAX/BTC,1584041616750,2020-03-12T19:33:36.750Z,buy,5.74e-06,104.0,0.00059696
OAX/BTC,1584041616759,2020-03-12T19:33:36.759Z,sell,5.74e-06,827.0,0.00474698
OAX/BTC,1584041616760,2020-03-12T19:33:36.760Z,sell,5.74e-06,3506.0,0.02012444
OAX/BTC,1584041616761,2020-03-12T19:33:36.761Z,sell,5.74e-06,175.0,0.0010045
OAX/BTC,1584041616763,2020-03-12T19:33:36.763Z,sell,5.67e-06,285.0,0.00161595
OAX/BTC,1584041616765,2020-03-12T19:33:36.765Z,sell,5.74e-06,88.0,0.00050512
OAX/BTC,1584041616767,2020-03-12T19:33:36.767Z,buy,5.75e-06,6.0,3.45e-05
OAX/BTC,1584041616783,2020-03-12T19:33:36.783Z,buy,5.74e-06,175.0,0.0010045
OAX/BTC,1584041616791,2020-03-12T19:33:36.791Z,sell,5.67e-06,564.0,0.00319788
OAX/BTC,1584041616816,2020-03-12T19:33:36.816Z,buy,5.75e-06,2265.0,0.01302375
OAX/BTC,1584041616978,2020-03-12T19:33:36.978Z,buy,5.75e-06,297.0,0.00170775
OAX/BTC,1584041616978,2020-03-12T19:33:36.978Z,buy,5.75e-06,90.0,0.0005175
OAX/BTC,1584041616978,2020-03-12T19:33:36.978Z,buy,5.76e-06,433.0,0.00249408
OAX/BTC,1584041617661,2020-03-12T19:33:37.661Z,sell,5.74e-06,141.0,0.00080934
OAX/BTC,1584041617661,2020-03-12T19:33:37.661Z,sell,5.7e-06,20.0,0.0001139999999999
OAX/BTC,1584041617661,2020-03-12T19:33:37.661Z,sell,5.68e-06,1347.0,0.00765096
OAX/BTC,1584041618547,2020-03-12T19:33:38.547Z,buy,5.72e-06,130.0,0.0007436
OAX/BTC,1584041618547,2020-03-12T19:33:38.547Z,buy,5.74e-06,20.0,0.0001148
OAX/BTC,1584041618547,2020-03-12T19:33:38.547Z,buy,5.76e-06,775.0,0.004464
OAX/BTC,1584041618547,2020-03-12T19:33:38.547Z,buy,5.77e-06,555.0,0.00320235
OAX/BTC,1584041618547,2020-03-12T19:33:38.547Z,buy,5.78e-06,455.0,0.0026298999999999
OAX/BTC,1584041618840,2020-03-12T19:33:38.840Z,sell,5.71e-06,1498.0,0.00855358
OAX/BTC,1584041618840,2020-03-12T19:33:38.840Z,sell,5.7e-06,2678.0,0.0152646
OAX/BTC,1584041618840,2020-03-12T19:33:38.840Z,sell,5.68e-06,2077.0,0.01179736
OAX/BTC,1584041618840,2020-03-12T19:33:38.840Z,sell,5.67e-06,20.0,0.0001133999999999
OAX/BTC,1584041619037,2020-03-12T19:33:39.037Z,buy,5.66e-06,130.0,0.0007358
OAX/BTC,1584041619390,2020-03-12T19:33:39.390Z,buy,5.66e-06,1426.0,0.00807116
OAX/BTC,1584041619986,2020-03-12T19:33:39.986Z,buy,5.71e-06,20.0,0.0001142
OAX/BTC,1584041620610,2020-03-12T19:33:40.610Z,sell,5.71e-06,20.0,0.0001142
OAX/BTC,1584041621084,2020-03-12T19:33:41.084Z,buy,5.74e-06,20.0,0.0001148
OAX/BTC,1584041621084,2020-03-12T19:33:41.084Z,buy,5.75e-06,1562.0,0.0089815
OAX/BTC,1584041622811,2020-03-12T19:33:42.811Z,buy,5.74e-06,494.0,0.00283556
OAX/BTC,1584041623411,2020-03-12T19:33:43.411Z,buy,5.74e-06,7204.0,0.04135096
OAX/BTC,1584041623974,2020-03-12T19:33:43.974Z,buy,5.74e-06,3959.0,0.02272466
OAX/BTC,1584041623974,2020-03-12T19:33:43.974Z,buy,5.75e-06,9418.0,0.0541535
OAX/BTC,1584041623995,2020-03-12T19:33:43.995Z,sell,5.75e-06,1812.0,0.010419
OAX/BTC,1584041624282,2020-03-12T19:33:44.282Z,sell,5.75e-06,18.0,0.0001035
OAX/BTC,1584041624291,2020-03-12T19:33:44.291Z,sell,5.71e-06,876.0,0.00500196
OAX/BTC,1584041624295,2020-03-12T19:33:44.295Z,sell,5.7e-06,20.0,0.0001139999999999
OAX/BTC,1584041624979,2020-03-12T19:33:44.979Z,buy,5.7e-06,1269.0,0.0072333
OAX/BTC,1584041624979,2020-03-12T19:33:44.979Z,buy,5.71e-06,2349.0,0.01341279
OAX/BTC,1584041628422,2020-03-12T19:33:48.422Z,buy,5.7e-06,876.0,0.0049932
OAX/BTC,1584041628432,2020-03-12T19:33:48.432Z,sell,5.7e-06,83.0,0.0004730999999999
OAX/BTC,1584041628440,2020-03-12T19:33:48.440Z,sell,5.7e-06,2976.0,0.0169631999999999
OAX/BTC,1584041628461,2020-03-12T19:33:48.461Z,sell,5.7e-06,2930.0,0.016701
OAX/BTC,1584041628904,2020-03-12T19:33:48.904Z,sell,5.69e-06,1000.0,0.00569
OAX/BTC,1584041629818,2020-03-12T19:33:49.818Z,buy,5.71e-06,9095.0,0.05193245
OAX/BTC,1584041629978,2020-03-12T19:33:49.978Z,buy,5.71e-06,217.0,0.00123907
OAX/BTC,1584041629978,2020-03-12T19:33:49.978Z,buy,5.73e-06,1000.0,0.00573
OAX/BTC,1584041629978,2020-03-12T19:33:49.978Z,buy,5.74e-06,5246.0,0.03011204
OAX/BTC,1584041629978,2020-03-12T19:33:49.978Z,buy,5.76e-06,5727.0,0.03298752
OAX/BTC,1584041629978,2020-03-12T19:33:49.978Z,buy,5.77e-06,1518.0,0.00875886
OAX/BTC,1584041629978,2020-03-12T19:33:49.978Z,buy,5.78e-06,15550.0,0.089879
OAX/BTC,1584041629978,2020-03-12T19:33:49.978Z,buy,5.79e-06,6684.0,0.0387003599999999
OAX/BTC,1584041629978,2020-03-12T19:33:49.978Z,buy,5.8e-06,183223.0,1.0626934
OAX/BTC,1584041629978,2020-03-12T19:33:49.978Z,buy,5.81e-06,170.0,0.0009877
OAX/BTC,1584041629978,2020-03-12T19:33:49.978Z,buy,5.82e-06,446.0,0.00259572
OAX/BTC,1584041629978,2020-03-12T19:33:49.978Z,buy,5.83e-06,2509.0,0.01462747
OAX/BTC,1584041629978,2020-03-12T19:33:49.978Z,buy,5.84e-06,8945.0,0.0522388
OAX/BTC,1584041629978,2020-03-12T19:33:49.978Z,buy,5.85e-06,4153.0,0.02429505
OAX/BTC,1584041629978,2020-03-12T19:33:49.978Z,buy,5.86e-06,227.0,0.00133022
OAX/BTC,1584041629978,2020-03-12T19:33:49.978Z,buy,5.87e-06,11131.0,0.06533897
OAX/BTC,1584041629978,2020-03-12T19:33:49.978Z,buy,5.88e-06,265.0,0.0015581999999999
OAX/BTC,1584041629978,2020-03-12T19:33:49.978Z,buy,5.89e-06,812.0,0.00478268
OAX/BTC,1584041629978,2020-03-12T19:33:49.978Z,buy,5.9e-06,88710.0,0.523389
OAX/BTC,1584041630000,2020-03-12T19:33:50.000Z,sell,5.9e-06,8971.0,0.0529289
OAX/BTC,1584041630044,2020-03-12T19:33:50.044Z,buy,5.84e-06,1260.0,0.0073584
OAX/BTC,1584041630048,2020-03-12T19:33:50.048Z,sell,5.7e-06,914.0,0.0052098
OAX/BTC,1584041630112,2020-03-12T19:33:50.112Z,buy,5.84e-06,1778.0,0.01038352
OAX/BTC,1584041630112,2020-03-12T19:33:50.112Z,buy,5.9e-06,1209.0,0.0071331
OAX/BTC,1584041630112,2020-03-12T19:33:50.112Z,buy,5.91e-06,721.0,0.00426111
OAX/BTC,1584041630112,2020-03-12T19:33:50.112Z,buy,5.92e-06,1900.0,0.011248
OAX/BTC,1584041630461,2020-03-12T19:33:50.461Z,buy,5.92e-06,77.0,0.00045584
OAX/BTC,1584041630563,2020-03-12T19:33:50.563Z,sell,5.78e-06,865.0,0.0049997
OAX/BTC,1584041630563,2020-03-12T19:33:50.563Z,sell,5.77e-06,1635.0,0.00943395
OAX/BTC,1584041630756,2020-03-12T19:33:50.756Z,buy,5.91e-06,76.0,0.00044916
OAX/BTC,1584041631291,2020-03-12T19:33:51.291Z,sell,5.78e-06,97.0,0.0005606599999999
OAX/BTC,1584041631397,2020-03-12T19:33:51.397Z,sell,5.78e-06,970.0,0.0056066
OAX/BTC,1584041633133,2020-03-12T19:33:53.133Z,sell,5.85e-06,130.0,0.0007605
OAX/BTC,1584041633133,2020-03-12T19:33:53.133Z,sell,5.84e-06,9.0,5.256e-05
OAX/BTC,1584041633293,2020-03-12T19:33:53.293Z,sell,5.88e-06,20.0,0.0001175999999999
OAX/BTC,1584041633293,2020-03-12T19:33:53.293Z,sell,5.84e-06,11.0,6.424e-05
OAX/BTC,1584041633293,2020-03-12T19:33:53.293Z,sell,5.82e-06,66.0,0.00038412
OAX/BTC,1584041633695,2020-03-12T19:33:53.695Z,sell,5.83e-06,970.0,0.0056551
OAX/BTC,1584041634171,2020-03-12T19:33:54.171Z,sell,5.84e-06,175.0,0.001022
OAX/BTC,1584041634172,2020-03-12T19:33:54.172Z,sell,5.84e-06,174.0,0.00101616
OAX/BTC,1584041634174,2020-03-12T19:33:54.174Z,sell,5.84e-06,28.0,0.00016352
OAX/BTC,1584041634175,2020-03-12T19:33:54.175Z,sell,5.84e-06,175.0,0.001022
OAX/BTC,1584041634178,2020-03-12T19:33:54.178Z,sell,5.84e-06,68.0,0.00039712
OAX/BTC,1584041634315,2020-03-12T19:33:54.315Z,buy,5.88e-06,990.0,0.0058211999999999
OAX/BTC,1584041635683,2020-03-12T19:33:55.683Z,buy,5.91e-06,381.0,0.00225171
OAX/BTC,1584041636393,2020-03-12T19:33:56.393Z,sell,5.86e-06,18.0,0.00010548
OAX/BTC,1584041638100,2020-03-12T19:33:58.100Z,buy,5.9e-06,5187.0,0.0306033
OAX/BTC,1584041638875,2020-03-12T19:33:58.875Z,sell,5.87e-06,138.0,0.0008100599999999
OAX/BTC,1584041639384,2020-03-12T19:33:59.384Z,buy,5.9e-06,2559.0,0.0150981
OAX/BTC,1584041639912,2020-03-12T19:33:59.912Z,sell,5.87e-06,3821.0,0.0224292699999999
OAX/BTC,1584041639912,2020-03-12T19:33:59.912Z,sell,5.86e-06,7179.0,0.04206894
OAX/BTC,1584041640542,2020-03-12T19:34:00.542Z,sell,5.87e-06,54.0,0.0003169799999999
OAX/BTC,1584041640542,2020-03-12T19:34:00.542Z,sell,5.86e-06,479.0,0.00280694
OAX/BTC,1584041640674,2020-03-12T19:34:00.674Z,sell,5.86e-06,26760.0,0.1568136
OAX/BTC,1584041640674,2020-03-12T19:34:00.674Z,sell,5.85e-06,130.0,0.0007605
OAX/BTC,1584041640674,2020-03-12T19:34:00.674Z,sell,5.84e-06,20.0,0.0001167999999999
OAX/BTC,1584041640674,2020-03-12T19:34:00.674Z,sell,5.83e-06,6241.0,0.03638503
OAX/BTC,1584041640674,2020-03-12T19:34:00.674Z,sell,5.81e-06,150.0,0.0008715
OAX/BTC,1584041640674,2020-03-12T19:34:00.674Z,sell,5.8e-06,1800.0,0.01044
OAX/BTC,1584041640701,2020-03-12T19:34:00.701Z,sell,5.79e-06,7071.0,0.04094109
OAX/BTC,1584041640776,2020-03-12T19:34:00.776Z,buy,5.8e-06,9319.0,0.0540502
OAX/BTC,1584041640842,2020-03-12T19:34:00.842Z,sell,5.79e-06,22.0,0.00012738
OAX/BTC,1584041640860,2020-03-12T19:34:00.860Z,buy,5.8e-06,1800.0,0.01044
OAX/BTC,1584041640911,2020-03-12T19:34:00.911Z,buy,5.8e-06,284.0,0.0016472
OAX/BTC,1584041642480,2020-03-12T19:34:02.480Z,buy,5.79e-06,2471.0,0.01430709
OAX/BTC,1584041642485,2020-03-12T19:34:02.485Z,buy,5.79e-06,1301.0,0.0075327899999999
OAX/BTC,1584041643015,2020-03-12T19:34:03.015Z,buy,5.79e-06,187.0,0.0010827299999999
OAX/BTC,1584041643755,2020-03-12T19:34:03.755Z,sell,5.79e-06,3971.0,0.02299209
OAX/BTC,1584041644099,2020-03-12T19:34:04.099Z,buy,5.8e-06,49984.0,0.2899072
OAX/BTC,1584041646570,2020-03-12T19:34:06.570Z,sell,5.79e-06,140.0,0.0008106
OAX/BTC,1584041646801,2020-03-12T19:34:06.801Z,sell,5.79e-06,9095.0,0.05266005
OAX/BTC,1584041647008,2020-03-12T19:34:07.008Z,buy,5.8e-06,8022.0,0.0465276
OAX/BTC,1584041648048,2020-03-12T19:34:08.048Z,sell,5.79e-06,14875.0,0.0861262499999999
OAX/BTC,1584041648048,2020-03-12T19:34:08.048Z,sell,5.77e-06,20.0,0.0001154
OAX/BTC,1584041648048,2020-03-12T19:34:08.048Z,sell,5.76e-06,10446.0,0.06016896
OAX/BTC,1584041648241,2020-03-12T19:34:08.241Z,buy,5.79e-06,3959.0,0.02292261
OAX/BTC,1584041648241,2020-03-12T19:34:08.241Z,buy,5.8e-06,6357.0,0.0368706
OAX/BTC,1584041648613,2020-03-12T19:34:08.613Z,sell,5.76e-06,1392.0,0.00801792
OAX/BTC,1584041648710,2020-03-12T19:34:08.710Z,sell,5.76e-06,956.0,0.00550656
OAX/BTC,1584041650763,2020-03-12T19:34:10.763Z,sell,5.76e-06,956.0,0.00550656
OAX/BTC,1584041651107,2020-03-12T19:34:11.107Z,sell,5.76e-06,95.0,0.0005472
OAX/BTC,1584041651306,2020-03-12T19:34:11.306Z,sell,5.76e-06,95.0,0.0005472
OAX/BTC,1584041651553,2020-03-12T19:34:11.553Z,sell,5.77e-06,2949.0,0.01701573
OAX/BTC,1584041651970,2020-03-12T19:34:11.970Z,sell,5.77e-06,1010.0,0.0058277
OAX/BTC,1584041653016,2020-03-12T19:34:13.016Z,sell,5.78e-06,3959.0,0.02288302
OAX/BTC,1584041653503,2020-03-12T19:34:13.503Z,sell,5.77e-06,2208.0,0.01274016
OAX/BTC,1584041655139,2020-03-12T19:34:15.139Z,sell,5.77e-06,3614.0,0.0208527799999999
OAX/BTC,1584041655380,2020-03-12T19:34:15.380Z,buy,5.78e-06,1361.0,0.00786658
OAX/BTC,1584041655422,2020-03-12T19:34:15.422Z,sell,5.77e-06,867.0,0.0050025899999999
OAX/BTC,1584041656085,2020-03-12T19:34:16.085Z,buy,5.78e-06,1842.0,0.01064676
OAX/BTC,1584041657064,2020-03-12T19:34:17.064Z,sell,5.78e-06,1010.0,0.0058378
OAX/BTC,1584041657151,2020-03-12T19:34:17.151Z,buy,5.81e-06,150.0,0.0008715
OAX/BTC,1584041657151,2020-03-12T19:34:17.151Z,buy,5.84e-06,20.0,0.0001167999999999
OAX/BTC,1584041657151,2020-03-12T19:34:17.151Z,buy,5.85e-06,484.0,0.0028314
OAX/BTC,1584041658787,2020-03-12T19:34:18.787Z,buy,5.87e-06,320.0,0.0018784
OAX/BTC,1584041659806,2020-03-12T19:34:19.806Z,sell,5.85e-06,1054.0,0.0061659
OAX/BTC,1584041659806,2020-03-12T19:34:19.806Z,sell,5.81e-06,20.0,0.0001162
OAX/BTC,1584041659806,2020-03-12T19:34:19.806Z,sell,5.79e-06,944.0,0.00546576
OAX/BTC,1584041659806,2020-03-12T19:34:19.806Z,sell,5.78e-06,14524.0,0.0839487199999999
OAX/BTC,1584041659806,2020-03-12T19:34:19.806Z,sell,5.77e-06,20.0,0.0001154
OAX/BTC,1584041659806,2020-03-12T19:34:19.806Z,sell,5.76e-06,5134.0,0.02957184
OAX/BTC,1584041659806,2020-03-12T19:34:19.806Z,sell,5.74e-06,20.0,0.0001148
OAX/BTC,1584041659824,2020-03-12T19:34:19.824Z,buy,5.74e-06,1083.0,0.00621642
OAX/BTC,1584041660288,2020-03-12T19:34:20.288Z,buy,5.73e-06,318.0,0.00182214
OAX/BTC,1584041660443,2020-03-12T19:34:20.443Z,sell,5.72e-06,130.0,0.0007436
OAX/BTC,1584041660443,2020-03-12T19:34:20.443Z,sell,5.71e-06,942.0,0.00537882
OAX/BTC,1584041660443,2020-03-12T19:34:20.443Z,sell,5.7e-06,46.0,0.0002622
OAX/BTC,1584041660793,2020-03-12T19:34:20.793Z,buy,5.7e-06,1703.0,0.0097071
OAX/BTC,1584041661274,2020-03-12T19:34:21.274Z,buy,5.7e-06,130.0,0.0007409999999999
OAX/BTC,1584041661480,2020-03-12T19:34:21.480Z,buy,5.7e-06,130.0,0.0007409999999999
OAX/BTC,1584041661870,2020-03-12T19:34:21.870Z,buy,5.7e-06,5243.0,0.0298850999999999
OAX/BTC,1584041662383,2020-03-12T19:34:22.383Z,buy,5.7e-06,5020.0,0.0286139999999999
OAX/BTC,1584041663722,2020-03-12T19:34:23.722Z,buy,5.69e-06,942.0,0.0053599799999999
OAX/BTC,1584041663722,2020-03-12T19:34:23.722Z,buy,5.7e-06,6438.0,0.0366965999999999
OAX/BTC,1584041663833,2020-03-12T19:34:23.833Z,sell,5.68e-06,180.0,0.0010224
OAX/BTC,1584041664416,2020-03-12T19:34:24.416Z,buy,5.69e-06,944.0,0.0053713599999999
OAX/BTC,1584041664416,2020-03-12T19:34:24.416Z,buy,5.7e-06,21512.0,0.1226183999999999
OAX/BTC,1584041664985,2020-03-12T19:34:24.985Z,sell,5.68e-06,1620.0,0.0092015999999999
OAX/BTC,1584041664985,2020-03-12T19:34:24.985Z,sell,5.67e-06,5473.0,0.03103191
OAX/BTC,1584041666045,2020-03-12T19:34:26.045Z,sell,5.67e-06,10434.0,0.0591607799999999
OAX/BTC,1584041668520,2020-03-12T19:34:28.520Z,buy,5.68e-06,3874.0,0.02200432
OAX/BTC,1584041668520,2020-03-12T19:34:28.520Z,buy,5.7e-06,1741.0,0.0099236999999999
OAX/BTC,1584041669159,2020-03-12T19:34:29.159Z,sell,5.68e-06,161.0,0.00091448
OAX/BTC,1584041669159,2020-03-12T19:34:29.159Z,sell,5.67e-06,3800.0,0.021546
OAX/BTC,1584041669160,2020-03-12T19:34:29.160Z,sell,5.67e-06,729.0,0.00413343
OAX/BTC,1584041669168,2020-03-12T19:34:29.168Z,sell,5.67e-06,11510.0,0.0652617
OAX/BTC,1584041673324,2020-03-12T19:34:33.324Z,buy,5.69e-06,3959.0,0.02252671
OAX/BTC,1584041673324,2020-03-12T19:34:33.324Z,buy,5.7e-06,25013.0,0.1425740999999999
OAX/BTC,1584041673324,2020-03-12T19:34:33.324Z,buy,5.71e-06,4522.0,0.02582062
OAX/BTC,1584041673324,2020-03-12T19:34:33.324Z,buy,5.72e-06,130.0,0.0007436
OAX/BTC,1584041673324,2020-03-12T19:34:33.324Z,buy,5.74e-06,5142.0,0.02951508
OAX/BTC,1584041673324,2020-03-12T19:34:33.324Z,buy,5.76e-06,130.0,0.0007488
OAX/BTC,1584041673324,2020-03-12T19:34:33.324Z,buy,5.77e-06,1820.0,0.0105014
OAX/BTC,1584041673324,2020-03-12T19:34:33.324Z,buy,5.8e-06,18.0,0.0001044
OAX/BTC,1584041673324,2020-03-12T19:34:33.324Z,buy,5.81e-06,150.0,0.0008715
OAX/BTC,1584041673324,2020-03-12T19:34:33.324Z,buy,5.84e-06,20.0,0.0001167999999999
OAX/BTC,1584041673324,2020-03-12T19:34:33.324Z,buy,5.85e-06,649.0,0.00379665
OAX/BTC,1584041673324,2020-03-12T19:34:33.324Z,buy,5.87e-06,10.0,5.87e-05
OAX/BTC,1584041673324,2020-03-12T19:34:33.324Z,buy,5.88e-06,20.0,0.0001175999999999
OAX/BTC,1584041673324,2020-03-12T19:34:33.324Z,buy,5.89e-06,1422.0,0.00837558
OAX/BTC,1584041673324,2020-03-12T19:34:33.324Z,buy,5.9e-06,1379.0,0.0081361
OAX/BTC,1584041673324,2020-03-12T19:34:33.324Z,buy,5.91e-06,1198.0,0.00708018
OAX/BTC,1584041673324,2020-03-12T19:34:33.324Z,buy,5.92e-06,6523.0,0.03861616
OAX/BTC,1584041673324,2020-03-12T19:34:33.324Z,buy,5.93e-06,33471.0,0.19848303
OAX/BTC,1584041673339,2020-03-12T19:34:33.339Z,sell,5.93e-06,13834.0,0.08203562
OAX/BTC,1584041673360,2020-03-12T19:34:33.360Z,buy,5.93e-06,414.0,0.00245502
OAX/BTC,1584041673360,2020-03-12T19:34:33.360Z,buy,5.94e-06,1981.0,0.01176714
OAX/BTC,1584041673380,2020-03-12T19:34:33.380Z,buy,5.93e-06,1241.0,0.00735913
OAX/BTC,1584041674021,2020-03-12T19:34:34.021Z,sell,5.69e-06,2449.0,0.0139348099999999
OAX/BTC,1584041674021,2020-03-12T19:34:34.021Z,sell,5.68e-06,1007.0,0.00571976
OAX/BTC,1584041674021,2020-03-12T19:34:34.021Z,sell,5.67e-06,2457.0,0.01393119
OAX/BTC,1584041674021,2020-03-12T19:34:34.021Z,sell,5.66e-06,5832.0,0.03300912
OAX/BTC,1584041674021,2020-03-12T19:34:34.021Z,sell,5.65e-06,5934.0,0.0335271
OAX/BTC,1584041674021,2020-03-12T19:34:34.021Z,sell,5.64e-06,20.0,0.0001128
OAX/BTC,1584041674021,2020-03-12T19:34:34.021Z,sell,5.63e-06,3184.0,0.01792592
OAX/BTC,1584041674021,2020-03-12T19:34:34.021Z,sell,5.61e-06,1136.0,0.0063729599999999
OAX/BTC,1584041674021,2020-03-12T19:34:34.021Z,sell,5.6e-06,20.0,0.000112
OAX/BTC,1584041674021,2020-03-12T19:34:34.021Z,sell,5.59e-06,178.0,0.0009950199999999
OAX/BTC,1584041674021,2020-03-12T19:34:34.021Z,sell,5.58e-06,1247.0,0.00695826
OAX/BTC,1584041674021,2020-03-12T19:34:34.021Z,sell,5.57e-06,20.0,0.0001114
OAX/BTC,1584041674031,2020-03-12T19:34:34.031Z,buy,5.57e-06,1731.0,0.00964167
OAX/BTC,1584041674031,2020-03-12T19:34:34.031Z,buy,5.57e-06,1731.0,0.00964167
OAX/BTC,1584041674032,2020-03-12T19:34:34.032Z,buy,5.57e-06,1731.0,0.00964167
OAX/BTC,1584041674032,2020-03-12T19:34:34.032Z,buy,5.57e-06,1731.0,0.00964167
OAX/BTC,1584041674032,2020-03-12T19:34:34.032Z,buy,5.57e-06,1731.0,0.00964167
OAX/BTC,1584041674032,2020-03-12T19:34:34.032Z,buy,5.57e-06,1731.0,0.00964167
OAX/BTC,1584041674034,2020-03-12T19:34:34.034Z,buy,5.57e-06,51819.0,0.28863183
OAX/BTC,1584041674036,2020-03-12T19:34:34.036Z,buy,5.57e-06,1731.0,0.00964167
OAX/BTC,1584041674036,2020-03-12T19:34:34.036Z,buy,5.57e-06,1731.0,0.00964167
OAX/BTC,1584041674036,2020-03-12T19:34:34.036Z,buy,5.57e-06,1731.0,0.00964167
OAX/BTC,1584041674037,2020-03-12T19:34:34.037Z,buy,5.57e-06,1731.0,0.00964167
OAX/BTC,1584041674037,2020-03-12T19:34:34.037Z,buy,5.57e-06,1731.0,0.00964167
OAX/BTC,1584041674037,2020-03-12T19:34:34.037Z,buy,5.57e-06,1731.0,0.00964167
OAX/BTC,1584041674037,2020-03-12T19:34:34.037Z,buy,5.57e-06,1731.0,0.00964167
OAX/BTC,1584041674037,2020-03-12T19:34:34.037Z,buy,5.57e-06,1731.0,0.00964167
OAX/BTC,1584041674038,2020-03-12T19:34:34.038Z,buy,5.57e-06,1731.0,0.00964167
OAX/BTC,1584041674051,2020-03-12T19:34:34.051Z,buy,5.57e-06,1731.0,0.00964167
OAX/BTC,1584041674056,2020-03-12T19:34:34.056Z,buy,5.57e-06,1731.0,0.00964167
OAX/BTC,1584041674056,2020-03-12T19:34:34.056Z,buy,5.57e-06,1731.0,0.00964167
OAX/BTC,1584041674057,2020-03-12T19:34:34.057Z,buy,5.57e-06,1731.0,0.00964167
OAX/BTC,1584041674058,2020-03-12T19:34:34.058Z,buy,5.57e-06,1731.0,0.00964167
OAX/BTC,1584041674063,2020-03-12T19:34:34.063Z,buy,5.57e-06,1731.0,0.00964167
OAX/BTC,1584041674063,2020-03-12T19:34:34.063Z,buy,5.57e-06,1731.0,0.00964167
OAX/BTC,1584041674064,2020-03-12T19:34:34.064Z,buy,5.57e-06,1731.0,0.00964167
OAX/BTC,1584041674066,2020-03-12T19:34:34.066Z,buy,5.57e-06,1731.0,0.00964167
OAX/BTC,1584041674068,2020-03-12T19:34:34.068Z,buy,5.57e-06,1731.0,0.00964167
OAX/BTC,1584041674068,2020-03-12T19:34:34.068Z,buy,5.57e-06,1731.0,0.00964167
OAX/BTC,1584041674069,2020-03-12T19:34:34.069Z,buy,5.57e-06,1731.0,0.00964167
OAX/BTC,1584041674071,2020-03-12T19:34:34.071Z,buy,5.57e-06,1731.0,0.00964167
OAX/BTC,1584041674078,2020-03-12T19:34:34.078Z,buy,5.57e-06,5534.0,0.03082438
OAX/BTC,1584041674085,2020-03-12T19:34:34.085Z,buy,5.57e-06,1731.0,0.00964167
OAX/BTC,1584041674090,2020-03-12T19:34:34.090Z,sell,5.55e-06,9080.0,0.050394
OAX/BTC,1584041674094,2020-03-12T19:34:34.094Z,buy,5.57e-06,1731.0,0.00964167
OAX/BTC,1584041674123,2020-03-12T19:34:34.123Z,sell,5.54e-06,3724.0,0.02063096
OAX/BTC,1584041674123,2020-03-12T19:34:34.123Z,sell,5.53e-06,3222.0,0.01781766
OAX/BTC,1584041674123,2020-03-12T19:34:34.123Z,sell,5.52e-06,1800.0,0.0099359999999999
OAX/BTC,1584041674123,2020-03-12T19:34:34.123Z,sell,5.5e-06,3015.0,0.0165825
OAX/BTC,1584041674123,2020-03-12T19:34:34.123Z,sell,5.49e-06,130.0,0.0007137
OAX/BTC,1584041674123,2020-03-12T19:34:34.123Z,sell,5.47e-06,2763.0,0.01511361
OAX/BTC,1584041674123,2020-03-12T19:34:34.123Z,sell,5.46e-06,5312.0,0.02900352
OAX/BTC,1584041674123,2020-03-12T19:34:34.123Z,sell,5.45e-06,1994.0,0.0108673
OAX/BTC,1584041674123,2020-03-12T19:34:34.123Z,sell,5.44e-06,20.0,0.0001087999999999
OAX/BTC,1584041674123,2020-03-12T19:34:34.123Z,sell,5.43e-06,848.0,0.00460464
OAX/BTC,1584041674123,2020-03-12T19:34:34.123Z,sell,5.41e-06,1379.0,0.00746039
OAX/BTC,1584041674123,2020-03-12T19:34:34.123Z,sell,5.4e-06,150.0,0.00081
OAX/BTC,1584041674123,2020-03-12T19:34:34.123Z,sell,5.37e-06,20.0,0.0001074
OAX/BTC,1584041674123,2020-03-12T19:34:34.123Z,sell,5.36e-06,130.0,0.0006968
OAX/BTC,1584041674130,2020-03-12T19:34:34.130Z,buy,5.47e-06,2134.0,0.01167298
OAX/BTC,1584041674130,2020-03-12T19:34:34.130Z,buy,5.57e-06,265.0,0.00147605
OAX/BTC,1584041674143,2020-03-12T19:34:34.143Z,sell,5.35e-06,6712.0,0.0359091999999999
OAX/BTC,1584041674145,2020-03-12T19:34:34.145Z,sell,5.35e-06,760.0,0.0040659999999999
OAX/BTC,1584041674192,2020-03-12T19:34:34.192Z,buy,5.57e-06,7.0,3.899e-05
OAX/BTC,1584041674368,2020-03-12T19:34:34.368Z,sell,5.35e-06,241.0,0.0012893499999999
OAX/BTC,1584041674368,2020-03-12T19:34:34.368Z,sell,5.34e-06,2.0,1.068e-05
OAX/BTC,1584041674368,2020-03-12T19:34:34.368Z,sell,5.31e-06,150.0,0.0007965
OAX/BTC,1584041674368,2020-03-12T19:34:34.368Z,sell,5.3e-06,1308.0,0.0069324
OAX/BTC,1584041674715,2020-03-12T19:34:34.715Z,sell,5.36e-06,30.0,0.0001608
OAX/BTC,1584041674715,2020-03-12T19:34:34.715Z,sell,5.34e-06,1905.0,0.0101727
OAX/BTC,1584041674984,2020-03-12T19:34:34.984Z,buy,5.55e-06,20.0,0.000111
OAX/BTC,1584041674993,2020-03-12T19:34:34.993Z,buy,5.55e-06,20.0,0.000111
OAX/BTC,1584041675021,2020-03-12T19:34:35.021Z,buy,5.55e-06,967.0,0.00536685
OAX/BTC,1584041675021,2020-03-12T19:34:35.021Z,buy,5.56e-06,274.0,0.00152344
OAX/BTC,1584041675053,2020-03-12T19:34:35.053Z,sell,5.35e-06,1343.0,0.0071850499999999
OAX/BTC,1584041675053,2020-03-12T19:34:35.053Z,sell,5.34e-06,2387.0,0.0127465799999999
OAX/BTC,1584041675053,2020-03-12T19:34:35.053Z,sell,5.29e-06,1243.0,0.00657547
OAX/BTC,1584041675053,2020-03-12T19:34:35.053Z,sell,5.28e-06,379.0,0.00200112
OAX/BTC,1584041675053,2020-03-12T19:34:35.053Z,sell,5.27e-06,1996.0,0.01051892
OAX/BTC,1584041675406,2020-03-12T19:34:35.406Z,buy,5.56e-06,415.0,0.0023074
OAX/BTC,1584041675411,2020-03-12T19:34:35.411Z,buy,5.56e-06,415.0,0.0023074
OAX/BTC,1584041675419,2020-03-12T19:34:35.419Z,buy,5.56e-06,41.0,0.00022796
OAX/BTC,1584041675975,2020-03-12T19:34:35.975Z,buy,5.53e-06,37.0,0.00020461
OAX/BTC,1584041675975,2020-03-12T19:34:35.975Z,buy,5.55e-06,93.0,0.00051615
OAX/BTC,1584041676177,2020-03-12T19:34:36.177Z,buy,5.55e-06,130.0,0.0007215
OAX/BTC,1584041676198,2020-03-12T19:34:36.198Z,buy,5.55e-06,20.0,0.000111
OAX/BTC,1584041676202,2020-03-12T19:34:36.202Z,buy,5.55e-06,20.0,0.000111
OAX/BTC,1584041676215,2020-03-12T19:34:36.215Z,buy,5.55e-06,20.0,0.000111
OAX/BTC,1584041676215,2020-03-12T19:34:36.215Z,buy,5.55e-06,20.0,0.000111
OAX/BTC,1584041676470,2020-03-12T19:34:36.470Z,buy,5.55e-06,130.0,0.0007215
OAX/BTC,1584041676979,2020-03-12T19:34:36.979Z,buy,5.55e-06,130.0,0.0007215
OAX/BTC,1584041677200,2020-03-12T19:34:37.200Z,buy,5.55e-06,130.0,0.0007215
OAX/BTC,1584041677262,2020-03-12T19:34:37.262Z,buy,5.55e-06,20.0,0.000111
OAX/BTC,1584041677489,2020-03-12T19:34:37.489Z,buy,5.55e-06,130.0,0.0007215
OAX/BTC,1584041677658,2020-03-12T19:34:37.658Z,buy,5.55e-06,20.0,0.000111
OAX/BTC,1584041678161,2020-03-12T19:34:38.161Z,sell,5.47e-06,1243.0,0.00679921
OAX/BTC,1584041679337,2020-03-12T19:34:39.337Z,sell,5.44e-06,1866.0,0.01015104
OAX/BTC,1584041680862,2020-03-12T19:34:40.862Z,sell,5.47e-06,20.0,0.0001094
OAX/BTC,1584041681207,2020-03-12T19:34:41.207Z,sell,5.47e-06,4947.0,0.02706009
OAX/BTC,1584041681323,2020-03-12T19:34:41.323Z,sell,5.47e-06,20.0,0.0001094
OAX/BTC,1584041681727,2020-03-12T19:34:41.727Z,buy,5.5e-06,20.0,0.0001099999999999
OAX/BTC,1584041681727,2020-03-12T19:34:41.727Z,buy,5.51e-06,5801.0,0.03196351
OAX/BTC,1584041681727,2020-03-12T19:34:41.727Z,buy,5.52e-06,6271.0,0.0346159199999999
OAX/BTC,1584041681727,2020-03-12T19:34:41.727Z,buy,5.53e-06,2868.0,0.01586004
OAX/BTC,1584041681727,2020-03-12T19:34:41.727Z,buy,5.54e-06,6917.0,0.03832018
OAX/BTC,1584041681733,2020-03-12T19:34:41.733Z,sell,5.45e-06,20.0,0.000109
OAX/BTC,1584041681756,2020-03-12T19:34:41.756Z,buy,5.54e-06,333.0,0.00184482
OAX/BTC,1584041681769,2020-03-12T19:34:41.769Z,buy,5.54e-06,86.0,0.00047644
OAX/BTC,1584041682210,2020-03-12T19:34:42.210Z,sell,5.45e-06,20.0,0.000109
OAX/BTC,1584041682683,2020-03-12T19:34:42.683Z,sell,5.45e-06,20.0,0.000109
OAX/BTC,1584041683139,2020-03-12T19:34:43.139Z,sell,5.37e-06,130.0,0.0006981
OAX/BTC,1584041683466,2020-03-12T19:34:43.466Z,sell,5.41e-06,130.0,0.0007033
OAX/BTC,1584041684350,2020-03-12T19:34:44.350Z,sell,5.44e-06,130.0,0.0007072
OAX/BTC,1584041684964,2020-03-12T19:34:44.964Z,buy,5.45e-06,130.0,0.0007085
OAX/BTC,1584041684964,2020-03-12T19:34:44.964Z,buy,5.46e-06,130.0,0.0007098
OAX/BTC,1584041684964,2020-03-12T19:34:44.964Z,buy,5.47e-06,5266.0,0.02880502
OAX/BTC,1584041685110,2020-03-12T19:34:45.110Z,buy,5.51e-06,251.0,0.0013830099999999
OAX/BTC,1584041685339,2020-03-12T19:34:45.339Z,sell,5.48e-06,1985.0,0.0108778
OAX/BTC,1584041685620,2020-03-12T19:34:45.620Z,buy,5.48e-06,3959.0,0.02169532
OAX/BTC,1584041685620,2020-03-12T19:34:45.620Z,buy,5.49e-06,5261.0,0.02888289
OAX/BTC,1584041685620,2020-03-12T19:34:45.620Z,buy,5.5e-06,40.0,0.0002199999999999
OAX/BTC,1584041685620,2020-03-12T19:34:45.620Z,buy,5.51e-06,3176.0,0.01749976
OAX/BTC,1584041686946,2020-03-12T19:34:46.946Z,sell,5.47e-06,956.0,0.00522932
OAX/BTC,1584041686946,2020-03-12T19:34:46.946Z,sell,5.46e-06,9273.0,0.05063058
OAX/BTC,1584041686946,2020-03-12T19:34:46.946Z,sell,5.44e-06,1019.0,0.00554336
OAX/BTC,1584041686946,2020-03-12T19:34:46.946Z,sell,5.35e-06,2193.0,0.01173255
OAX/BTC,1584041686946,2020-03-12T19:34:46.946Z,sell,5.34e-06,7511.0,0.04010874
OAX/BTC,1584041686946,2020-03-12T19:34:46.946Z,sell,5.32e-06,7511.0,0.03995852
OAX/BTC,1584041686963,2020-03-12T19:34:46.963Z,buy,5.32e-06,908.0,0.00483056
OAX/BTC,1584041686963,2020-03-12T19:34:46.963Z,buy,5.32e-06,908.0,0.00483056
OAX/BTC,1584041686963,2020-03-12T19:34:46.963Z,buy,5.32e-06,908.0,0.00483056
OAX/BTC,1584041686963,2020-03-12T19:34:46.963Z,buy,5.32e-06,908.0,0.00483056
OAX/BTC,1584041686963,2020-03-12T19:34:46.963Z,buy,5.32e-06,908.0,0.00483056
OAX/BTC,1584041686963,2020-03-12T19:34:46.963Z,buy,5.32e-06,908.0,0.00483056
OAX/BTC,1584041686963,2020-03-12T19:34:46.963Z,buy,5.32e-06,908.0,0.00483056
OAX/BTC,1584041686963,2020-03-12T19:34:46.963Z,buy,5.32e-06,908.0,0.00483056
OAX/BTC,1584041686966,2020-03-12T19:34:46.966Z,buy,5.32e-06,908.0,0.00483056
OAX/BTC,1584041686966,2020-03-12T19:34:46.966Z,buy,5.32e-06,908.0,0.00483056
OAX/BTC,1584041686966,2020-03-12T19:34:46.966Z,buy,5.32e-06,908.0,0.00483056
OAX/BTC,1584041686966,2020-03-12T19:34:46.966Z,buy,5.32e-06,908.0,0.00483056
OAX/BTC,1584041686967,2020-03-12T19:34:46.967Z,buy,5.32e-06,908.0,0.00483056
OAX/BTC,1584041686967,2020-03-12T19:34:46.967Z,buy,5.32e-06,908.0,0.00483056
OAX/BTC,1584041686968,2020-03-12T19:34:46.968Z,buy,5.32e-06,908.0,0.00483056
OAX/BTC,1584041686968,2020-03-12T19:34:46.968Z,buy,5.32e-06,908.0,0.00483056
OAX/BTC,1584041686968,2020-03-12T19:34:46.968Z,buy,5.32e-06,908.0,0.00483056
OAX/BTC,1584041686968,2020-03-12T19:34:46.968Z,buy,5.32e-06,908.0,0.00483056
OAX/BTC,1584041686968,2020-03-12T19:34:46.968Z,buy,5.32e-06,908.0,0.00483056
OAX/BTC,1584041686968,2020-03-12T19:34:46.968Z,buy,5.32e-06,908.0,0.00483056
OAX/BTC,1584041686968,2020-03-12T19:34:46.968Z,buy,5.32e-06,908.0,0.00483056
OAX/BTC,1584041686969,2020-03-12T19:34:46.969Z,buy,5.32e-06,908.0,0.00483056
OAX/BTC,1584041686970,2020-03-12T19:34:46.970Z,buy,5.32e-06,908.0,0.00483056
OAX/BTC,1584041686970,2020-03-12T19:34:46.970Z,buy,5.32e-06,908.0,0.00483056
OAX/BTC,1584041686970,2020-03-12T19:34:46.970Z,buy,5.32e-06,908.0,0.00483056
OAX/BTC,1584041686970,2020-03-12T19:34:46.970Z,buy,5.32e-06,908.0,0.00483056
OAX/BTC,1584041686970,2020-03-12T19:34:46.970Z,buy,5.32e-06,908.0,0.00483056
OAX/BTC,1584041686971,2020-03-12T19:34:46.971Z,buy,5.32e-06,908.0,0.00483056
OAX/BTC,1584041686971,2020-03-12T19:34:46.971Z,buy,5.32e-06,908.0,0.00483056
OAX/BTC,1584041686971,2020-03-12T19:34:46.971Z,buy,5.32e-06,908.0,0.00483056
OAX/BTC,1584041686976,2020-03-12T19:34:46.976Z,buy,5.32e-06,5534.0,0.02944088
OAX/BTC,1584041686976,2020-03-12T19:34:46.976Z,sell,5.3e-06,2487.0,0.0131811
OAX/BTC,1584041686976,2020-03-12T19:34:46.976Z,sell,5.29e-06,8155.0,0.04313995
OAX/BTC,1584041686978,2020-03-12T19:34:46.978Z,buy,5.32e-06,3169.0,0.01685908
OAX/BTC,1584041686988,2020-03-12T19:34:46.988Z,sell,5.29e-06,5272.0,0.02788888
OAX/BTC,1584041686999,2020-03-12T19:34:46.999Z,buy,5.32e-06,20.0,0.0001064
OAX/BTC,1584041687021,2020-03-12T19:34:47.021Z,sell,5.29e-06,5287.0,0.02796823
OAX/BTC,1584041687021,2020-03-12T19:34:47.021Z,sell,5.27e-06,45.0,0.00023715
OAX/BTC,1584041687021,2020-03-12T19:34:47.021Z,sell,5.26e-06,3764.0,0.01979864
OAX/BTC,1584041687021,2020-03-12T19:34:47.021Z,sell,5.22e-06,130.0,0.0006786
OAX/BTC,1584041687021,2020-03-12T19:34:47.021Z,sell,5.21e-06,50.0,0.0002605
OAX/BTC,1584041687021,2020-03-12T19:34:47.021Z,sell,5.2e-06,1967.0,0.0102284
OAX/BTC,1584041687073,2020-03-12T19:34:47.073Z,buy,5.32e-06,1800.0,0.009576
OAX/BTC,1584041687256,2020-03-12T19:34:47.256Z,buy,5.32e-06,20.0,0.0001064
OAX/BTC,1584041687506,2020-03-12T19:34:47.506Z,buy,5.32e-06,654.0,0.00347928
OAX/BTC,1584041687610,2020-03-12T19:34:47.610Z,buy,5.32e-06,25810.0,0.1373092
OAX/BTC,1584041687831,2020-03-12T19:34:47.831Z,buy,5.32e-06,20.0,0.0001064
