symbol,timestamp,datetime,side,price,amount,btc_volume
OAX/BTC,1577992014474,2020-01-02T19:06:54.474Z,buy,6.95e-06,15.0,0.00010425
OAX/BTC,1577992014474,2020-01-02T19:06:54.474Z,buy,6.96e-06,1.0,6.96e-06
OAX/BTC,1577992014474,2020-01-02T19:06:54.474Z,buy,6.97e-06,16.0,0.00011152
OAX/BTC,1577992014474,2020-01-02T19:06:54.474Z,buy,6.98e-06,1469.0,0.01025362
OAX/BTC,1577992014474,2020-01-02T19:06:54.474Z,buy,6.99e-06,16.0,0.00011184
OAX/BTC,1577992014474,2020-01-02T19:06:54.474Z,buy,7e-06,20341.0,0.1423869999999999
OAX/BTC,1577992024676,2020-01-02T19:07:04.676Z,buy,7e-06,28.0,0.000196
OAX/BTC,1577992027477,2020-01-02T19:07:07.477Z,buy,7e-06,143.0,0.001001
OAX/BTC,1577992067883,2020-01-02T19:07:47.883Z,sell,6.97e-06,16.0,0.00011152
OAX/BTC,1577992067883,2020-01-02T19:07:47.883Z,sell,6.96e-06,3.0,2.088e-05
OAX/BTC,1577992067883,2020-01-02T19:07:47.883Z,sell,6.96e-06,124.0,0.00086304
OAX/BTC,1577992162088,2020-01-02T19:09:22.088Z,sell,6.96e-06,290.0,0.0020184
OAX/BTC,1577992296278,2020-01-02T19:11:36.278Z,buy,6.97e-06,16.0,0.00011152
OAX/BTC,1577992296278,2020-01-02T19:11:36.278Z,buy,6.99e-06,16.0,0.00011184
OAX/BTC,1577992296278,2020-01-02T19:11:36.278Z,buy,7e-06,6893.0,0.048251
OAX/BTC,1577992309861,2020-01-02T19:11:49.861Z,buy,7e-06,543.0,0.003801
OAX/BTC,1577992314057,2020-01-02T19:11:54.057Z,buy,7e-06,19386.0,0.135702
OAX/BTC,1577992480957,2020-01-02T19:14:40.957Z,buy,7.01e-06,7934.0,0.05561734
OAX/BTC,1577992480957,2020-01-02T19:14:40.957Z,buy,7.02e-06,459.0,0.00322218
OAX/BTC,1577992480957,2020-01-02T19:14:40.957Z,buy,7.03e-06,235.0,0.00165205
OAX/BTC,1577992480957,2020-01-02T19:14:40.957Z,buy,7.04e-06,505.0,0.0035552
OAX/BTC,1577992480957,2020-01-02T19:14:40.957Z,buy,7.05e-06,1867.0,0.01316235
OAX/BTC,1577992484177,2020-01-02T19:14:44.177Z,buy,7.05e-06,28.0,0.0001974
OAX/BTC,1577992518207,2020-01-02T19:15:18.207Z,buy,7.04e-06,2506.0,0.01764224
OAX/BTC,1577992518207,2020-01-02T19:15:18.207Z,buy,7.05e-06,2916.0,0.0205578
OAX/BTC,1577992518224,2020-01-02T19:15:18.224Z,sell,7.05e-06,508.0,0.0035814
OAX/BTC,1577992522457,2020-01-02T19:15:22.457Z,sell,7.05e-06,365.0,0.00257325
OAX/BTC,1577992538255,2020-01-02T19:15:38.255Z,sell,7.03e-06,16.0,0.00011248
OAX/BTC,1577992544122,2020-01-02T19:15:44.122Z,buy,7.03e-06,43.0,0.00030229
OAX/BTC,1577992867381,2020-01-02T19:21:07.381Z,buy,7.03e-06,1477.0,0.01038331
OAX/BTC,1577992867381,2020-01-02T19:21:07.381Z,buy,7.05e-06,609.0,0.00429345
OAX/BTC,1577992867381,2020-01-02T19:21:07.381Z,buy,7.06e-06,7528.0,0.05314768
OAX/BTC,1577992867381,2020-01-02T19:21:07.381Z,buy,7.07e-06,1951.0,0.01379357
OAX/BTC,1577992867381,2020-01-02T19:21:07.381Z,buy,7.08e-06,2373.0,0.01680084
OAX/BTC,1577992869823,2020-01-02T19:21:09.823Z,buy,7.08e-06,4551.0,0.03222108
OAX/BTC,1577993127301,2020-01-02T19:25:27.301Z,buy,7.07e-06,730.0,0.0051611
OAX/BTC,1577993127301,2020-01-02T19:25:27.301Z,sell,7.06e-06,16.0,0.00011296
OAX/BTC,1577993127301,2020-01-02T19:25:27.301Z,sell,7.05e-06,10.0,7.05e-05
OAX/BTC,1577993127301,2020-01-02T19:25:27.301Z,sell,7.05e-06,6.0,4.23e-05
OAX/BTC,1577993127301,2020-01-02T19:25:27.301Z,sell,7.04e-06,17.0,0.00011968
OAX/BTC,1577993127301,2020-01-02T19:25:27.301Z,sell,7.03e-06,98.0,0.00068894
OAX/BTC,1577993128012,2020-01-02T19:25:28.012Z,sell,7.03e-06,20.0,0.0001406
OAX/BTC,1577993128897,2020-01-02T19:25:28.897Z,sell,7.03e-06,288.0,0.00202464
OAX/BTC,1577993147721,2020-01-02T19:25:47.721Z,sell,7.03e-06,2003.0,0.01408109
OAX/BTC,1577993153037,2020-01-02T19:25:53.037Z,sell,7.02e-06,732.0,0.00513864
OAX/BTC,1577993170064,2020-01-02T19:26:10.064Z,sell,7.02e-06,219.0,0.0015373799999999
OAX/BTC,1577993170312,2020-01-02T19:26:10.312Z,sell,7.02e-06,15.0,0.0001053
OAX/BTC,1577993223902,2020-01-02T19:27:03.902Z,sell,7.02e-06,969.0,0.0068023799999999
OAX/BTC,1577993223902,2020-01-02T19:27:03.902Z,sell,7.01e-06,2857.0,0.0200275699999999
OAX/BTC,1577993223902,2020-01-02T19:27:03.902Z,sell,7e-06,2463.0,0.017241
OAX/BTC,1577993343911,2020-01-02T19:29:03.911Z,buy,7.02e-06,54.0,0.00037908
OAX/BTC,1577993364980,2020-01-02T19:29:24.980Z,buy,7.03e-06,727.0,0.0051108099999999
OAX/BTC,1577993445570,2020-01-02T19:30:45.570Z,sell,7.03e-06,12.0,8.436e-05
OAX/BTC,1577993563145,2020-01-02T19:32:43.145Z,sell,7.01e-06,16.0,0.00011216
OAX/BTC,1577993570473,2020-01-02T19:32:50.473Z,sell,7e-06,2708.0,0.018956
OAX/BTC,1577993781482,2020-01-02T19:36:21.482Z,buy,7.01e-06,19.0,0.00013319
OAX/BTC,1577993781482,2020-01-02T19:36:21.482Z,buy,7.03e-06,16.0,0.00011248
OAX/BTC,1577993781482,2020-01-02T19:36:21.482Z,buy,7.04e-06,148.0,0.00104192
OAX/BTC,1577993781500,2020-01-02T19:36:21.500Z,buy,7.04e-06,63.0,0.00044352
OAX/BTC,1577993781656,2020-01-02T19:36:21.656Z,buy,7.04e-06,810.0,0.0057024
OAX/BTC,1577993781728,2020-01-02T19:36:21.728Z,buy,7.04e-06,127.0,0.00089408
OAX/BTC,1577993781732,2020-01-02T19:36:21.732Z,buy,7.04e-06,546.0,0.00384384
OAX/BTC,1577993781732,2020-01-02T19:36:21.732Z,buy,7.05e-06,869.0,0.00612645
OAX/BTC,1577993781747,2020-01-02T19:36:21.747Z,buy,7.05e-06,1415.0,0.00997575
OAX/BTC,1577993781852,2020-01-02T19:36:21.852Z,buy,7.05e-06,78.0,0.0005499
OAX/BTC,1577993781971,2020-01-02T19:36:21.971Z,buy,7.05e-06,1550.0,0.0109275
OAX/BTC,1577993782005,2020-01-02T19:36:22.005Z,buy,7.05e-06,554.0,0.0039057
OAX/BTC,1577993782328,2020-01-02T19:36:22.328Z,buy,7.06e-06,16.0,0.00011296
OAX/BTC,1577993782328,2020-01-02T19:36:22.328Z,buy,7.07e-06,4107.0,0.02903649
OAX/BTC,1577993782328,2020-01-02T19:36:22.328Z,buy,7.08e-06,4618.0,0.03269544
OAX/BTC,1577993785194,2020-01-02T19:36:25.194Z,buy,7.08e-06,354.0,0.00250632
OAX/BTC,1577993785260,2020-01-02T19:36:25.260Z,buy,7.08e-06,424.0,0.00300192
OAX/BTC,1577993785330,2020-01-02T19:36:25.330Z,buy,7.08e-06,142.0,0.00100536
OAX/BTC,1577993785349,2020-01-02T19:36:25.349Z,buy,7.08e-06,707.0,0.00500556
OAX/BTC,1577993785821,2020-01-02T19:36:25.821Z,buy,7.08e-06,212.0,0.00150096
OAX/BTC,1577993788751,2020-01-02T19:36:28.751Z,buy,7.08e-06,748.0,0.00529584
OAX/BTC,1577993812167,2020-01-02T19:36:52.167Z,buy,7.08e-06,11765.0,0.0832962
OAX/BTC,1577993815172,2020-01-02T19:36:55.172Z,sell,7.08e-06,46.0,0.00032568
OAX/BTC,1577993815326,2020-01-02T19:36:55.326Z,sell,7.08e-06,337.0,0.00238596
OAX/BTC,1577993860241,2020-01-02T19:37:40.241Z,sell,7.08e-06,189.0,0.00133812
OAX/BTC,1577993884952,2020-01-02T19:38:04.952Z,buy,7.1e-06,5384.0,0.0382264
OAX/BTC,1577993887630,2020-01-02T19:38:07.630Z,buy,7.11e-06,282.0,0.0020050199999999
OAX/BTC,1577993888035,2020-01-02T19:38:08.035Z,buy,7.11e-06,563.0,0.00400293
OAX/BTC,1577993888841,2020-01-02T19:38:08.841Z,buy,7.11e-06,6973.0,0.0495780299999999
OAX/BTC,1577993888866,2020-01-02T19:38:08.866Z,buy,7.11e-06,4065.0,0.0289021499999999
OAX/BTC,1577993888935,2020-01-02T19:38:08.935Z,buy,7.11e-06,273.0,0.0019410299999999
OAX/BTC,1577993892579,2020-01-02T19:38:12.579Z,buy,7.11e-06,562.0,0.00399582
OAX/BTC,1577993893882,2020-01-02T19:38:13.882Z,buy,7.11e-06,739.0,0.00525429
OAX/BTC,1577993898501,2020-01-02T19:38:18.501Z,buy,7.11e-06,2377.0,0.01690047
OAX/BTC,1577993899053,2020-01-02T19:38:19.053Z,buy,7.11e-06,4873.0,0.0346470299999999
OAX/BTC,1577993899053,2020-01-02T19:38:19.053Z,buy,7.12e-06,3585.0,0.0255251999999999
OAX/BTC,1577993899053,2020-01-02T19:38:19.053Z,buy,7.13e-06,3395.0,0.02420635
OAX/BTC,1577993899053,2020-01-02T19:38:19.053Z,buy,7.14e-06,2231.0,0.01592934
OAX/BTC,1577993902059,2020-01-02T19:38:22.059Z,buy,7.14e-06,1890.0,0.0134946
OAX/BTC,1577993906903,2020-01-02T19:38:26.903Z,buy,7.14e-06,6164.0,0.04401096
OAX/BTC,1577993912174,2020-01-02T19:38:32.174Z,buy,7.14e-06,4521.0,0.03227994
OAX/BTC,1577993912185,2020-01-02T19:38:32.185Z,sell,7.14e-06,90.0,0.0006426
OAX/BTC,1577993913788,2020-01-02T19:38:33.788Z,buy,7.15e-06,301.0,0.00215215
OAX/BTC,1577993913788,2020-01-02T19:38:33.788Z,buy,7.16e-06,1856.0,0.01328896
OAX/BTC,1577993916560,2020-01-02T19:38:36.560Z,sell,7.14e-06,15.0,0.0001071
OAX/BTC,1577993918078,2020-01-02T19:38:38.078Z,sell,7.14e-06,569.0,0.00406266
OAX/BTC,1577993922258,2020-01-02T19:38:42.258Z,buy,7.16e-06,140.0,0.0010024
OAX/BTC,1577993985247,2020-01-02T19:39:45.247Z,buy,7.15e-06,42.0,0.0003003
OAX/BTC,1577993985247,2020-01-02T19:39:45.247Z,sell,7.14e-06,15.0,0.0001071
OAX/BTC,1577993985247,2020-01-02T19:39:45.247Z,sell,7.14e-06,1.0,7.14e-06
OAX/BTC,1577993985247,2020-01-02T19:39:45.247Z,sell,7.12e-06,16.0,0.00011392
OAX/BTC,1577993985247,2020-01-02T19:39:45.247Z,sell,7.11e-06,124.0,0.0008816399999999
OAX/BTC,1577993985247,2020-01-02T19:39:45.247Z,sell,7.1e-06,287.0,0.0020377
OAX/BTC,1577993985247,2020-01-02T19:39:45.247Z,sell,7.1e-06,2157.0,0.0153146999999999
OAX/BTC,1577993986240,2020-01-02T19:39:46.240Z,sell,7.11e-06,544.0,0.00386784
OAX/BTC,1577993986240,2020-01-02T19:39:46.240Z,sell,7.1e-06,908.0,0.0064468
OAX/BTC,1577993986247,2020-01-02T19:39:46.247Z,sell,7.1e-06,58.0,0.0004118
OAX/BTC,1577993986257,2020-01-02T19:39:46.257Z,sell,7.1e-06,573.0,0.0040682999999999
OAX/BTC,1577993986260,2020-01-02T19:39:46.260Z,sell,7.1e-06,864.0,0.0061344
OAX/BTC,1577993986727,2020-01-02T19:39:46.727Z,sell,7.11e-06,15.0,0.0001066499999999
OAX/BTC,1577994024428,2020-01-02T19:40:24.428Z,buy,7.12e-06,49.0,0.00034888
OAX/BTC,1577994049636,2020-01-02T19:40:49.636Z,buy,7.12e-06,2370.0,0.0168743999999999
OAX/BTC,1577994049636,2020-01-02T19:40:49.636Z,buy,7.13e-06,793.0,0.00565409
OAX/BTC,1577994071045,2020-01-02T19:41:11.045Z,sell,7.1e-06,1901.0,0.0134971
OAX/BTC,1577994087889,2020-01-02T19:41:27.889Z,sell,7.1e-06,1021.0,0.0072491
OAX/BTC,1577994104695,2020-01-02T19:41:44.695Z,sell,7.09e-06,145.0,0.00102805
OAX/BTC,1577994325212,2020-01-02T19:45:25.212Z,buy,7.11e-06,26.0,0.00018486
OAX/BTC,1577994332572,2020-01-02T19:45:32.572Z,buy,7.12e-06,16.0,0.00011392
OAX/BTC,1577994368600,2020-01-02T19:46:08.600Z,sell,7.12e-06,289.0,0.00205768
OAX/BTC,1577994368600,2020-01-02T19:46:08.600Z,sell,7.11e-06,184.0,0.00130824
OAX/BTC,1577994368600,2020-01-02T19:46:08.600Z,sell,7.1e-06,2197.0,0.0155987
OAX/BTC,1577994548955,2020-01-02T19:49:08.955Z,sell,7.1e-06,5429.0,0.0385459
OAX/BTC,1577994720464,2020-01-02T19:52:00.464Z,sell,7.08e-06,6419.0,0.04544652
OAX/BTC,1577994720490,2020-01-02T19:52:00.490Z,buy,7.08e-06,211.0,0.00149388
OAX/BTC,1577994750669,2020-01-02T19:52:30.669Z,sell,7.07e-06,3532.0,0.02497124
OAX/BTC,1577994793264,2020-01-02T19:53:13.264Z,sell,7.06e-06,287.0,0.00202622
OAX/BTC,1577994904576,2020-01-02T19:55:04.576Z,sell,7.06e-06,1482.0,0.01046292
OAX/BTC,1577994945060,2020-01-02T19:55:45.060Z,buy,7.06e-06,1723.0,0.01216438
OAX/BTC,1577994946124,2020-01-02T19:55:46.124Z,buy,7.06e-06,479.0,0.00338174
OAX/BTC,1577994969712,2020-01-02T19:56:09.712Z,sell,7.05e-06,18.0,0.0001269
OAX/BTC,1577995080280,2020-01-02T19:58:00.280Z,sell,7.05e-06,4373.0,0.03082965
OAX/BTC,1577995080280,2020-01-02T19:58:00.280Z,sell,7.04e-06,1207.0,0.00849728
OAX/BTC,1577995148021,2020-01-02T19:59:08.021Z,buy,7.04e-06,15.0,0.0001056
OAX/BTC,1577995148021,2020-01-02T19:59:08.021Z,buy,7.04e-06,15.0,0.0001056
OAX/BTC,1577995201344,2020-01-02T20:00:01.344Z,sell,7.03e-06,66.0,0.0004639799999999
OAX/BTC,1577995201344,2020-01-02T20:00:01.344Z,sell,7.02e-06,1257.0,0.00882414
OAX/BTC,1577995231660,2020-01-02T20:00:31.660Z,sell,7.02e-06,12616.0,0.08856432
OAX/BTC,1577995231900,2020-01-02T20:00:31.900Z,buy,7.02e-06,940.0,0.0065988
OAX/BTC,1577995237256,2020-01-02T20:00:37.256Z,buy,7.02e-06,1343.0,0.00942786
OAX/BTC,1577995253975,2020-01-02T20:00:53.975Z,buy,7.02e-06,101.0,0.00070902
OAX/BTC,1577995276012,2020-01-02T20:01:16.012Z,sell,7.03e-06,766.0,0.0053849799999999
OAX/BTC,1577995404309,2020-01-02T20:03:24.309Z,buy,7.04e-06,4355.0,0.0306592
OAX/BTC,1577995426029,2020-01-02T20:03:46.029Z,buy,7.05e-06,90.0,0.0006345
OAX/BTC,1577995426040,2020-01-02T20:03:46.040Z,buy,7.05e-06,340.0,0.002397
OAX/BTC,1577995426054,2020-01-02T20:03:46.054Z,buy,7.05e-06,212.0,0.0014946
OAX/BTC,1577995456319,2020-01-02T20:04:16.319Z,buy,7.05e-06,186.0,0.0013113
OAX/BTC,1577995456319,2020-01-02T20:04:16.319Z,buy,7.06e-06,620.0,0.0043772
OAX/BTC,1577995456319,2020-01-02T20:04:16.319Z,buy,7.07e-06,107.0,0.00075649
OAX/BTC,1577995456319,2020-01-02T20:04:16.319Z,buy,7.08e-06,1532.0,0.01084656
OAX/BTC,1577995456319,2020-01-02T20:04:16.319Z,buy,7.09e-06,1630.0,0.0115567
OAX/BTC,1577995456319,2020-01-02T20:04:16.319Z,buy,7.1e-06,149.0,0.0010579
OAX/BTC,1577995456319,2020-01-02T20:04:16.319Z,buy,7.11e-06,721.0,0.0051263099999999
OAX/BTC,1577995471924,2020-01-02T20:04:31.924Z,buy,7.1e-06,723.0,0.0051332999999999
OAX/BTC,1577995471924,2020-01-02T20:04:31.924Z,buy,7.11e-06,1466.0,0.01042326
OAX/BTC,1577995471924,2020-01-02T20:04:31.924Z,buy,7.12e-06,2410.0,0.0171592
OAX/BTC,1577995507803,2020-01-02T20:05:07.803Z,buy,7.11e-06,8578.0,0.0609895799999999
OAX/BTC,1577995507803,2020-01-02T20:05:07.803Z,buy,7.12e-06,1002.0,0.00713424
OAX/BTC,1577995522415,2020-01-02T20:05:22.415Z,sell,7.1e-06,16.0,0.0001136
OAX/BTC,1577995597237,2020-01-02T20:06:37.237Z,buy,7.1e-06,282.0,0.0020022
OAX/BTC,1577995770942,2020-01-02T20:09:30.942Z,sell,7.08e-06,33.0,0.00023364
OAX/BTC,1577995770942,2020-01-02T20:09:30.942Z,sell,7.07e-06,107.0,0.00075649
OAX/BTC,1577995770942,2020-01-02T20:09:30.942Z,sell,7.06e-06,16.0,0.00011296
OAX/BTC,1577995770942,2020-01-02T20:09:30.942Z,sell,7.05e-06,6832.0,0.0481656
OAX/BTC,1577995770961,2020-01-02T20:09:30.961Z,buy,7.05e-06,2714.0,0.0191337
OAX/BTC,1577995775115,2020-01-02T20:09:35.115Z,buy,7.05e-06,28.0,0.0001974
OAX/BTC,1577995921405,2020-01-02T20:12:01.405Z,buy,7.06e-06,16.0,0.00011296
OAX/BTC,1577995959892,2020-01-02T20:12:39.892Z,buy,7.08e-06,16.0,0.00011328
OAX/BTC,1577995959892,2020-01-02T20:12:39.892Z,buy,7.1e-06,16.0,0.0001136
OAX/BTC,1577995959892,2020-01-02T20:12:39.892Z,buy,7.11e-06,1499.0,0.01065789
OAX/BTC,1577995959892,2020-01-02T20:12:39.892Z,buy,7.12e-06,16.0,0.00011392
OAX/BTC,1577995959892,2020-01-02T20:12:39.892Z,buy,7.13e-06,3557.0,0.02536141
OAX/BTC,1577995959892,2020-01-02T20:12:39.892Z,buy,7.14e-06,1597.0,0.01140258
OAX/BTC,1577995959892,2020-01-02T20:12:39.892Z,buy,7.15e-06,16.0,0.0001144
OAX/BTC,1577995959892,2020-01-02T20:12:39.892Z,buy,7.16e-06,1024.0,0.00733184
OAX/BTC,1577995959892,2020-01-02T20:12:39.892Z,buy,7.17e-06,934.0,0.00669678
OAX/BTC,1577995987981,2020-01-02T20:13:07.981Z,sell,7.15e-06,15.0,0.00010725
OAX/BTC,1577995995403,2020-01-02T20:13:15.403Z,buy,7.16e-06,69.0,0.00049404
OAX/BTC,1577996002570,2020-01-02T20:13:22.570Z,sell,7.15e-06,1.0,7.15e-06
OAX/BTC,1577996038230,2020-01-02T20:13:58.230Z,buy,7.16e-06,9272.0,0.06638752
OAX/BTC,1577996038230,2020-01-02T20:13:58.230Z,buy,7.17e-06,2604.0,0.01867068
OAX/BTC,1577996038230,2020-01-02T20:13:58.230Z,buy,7.18e-06,11875.0,0.0852625
OAX/BTC,1577996042049,2020-01-02T20:14:02.049Z,buy,7.18e-06,15.0,0.0001077
OAX/BTC,1577996059881,2020-01-02T20:14:19.881Z,sell,7.15e-06,16.0,0.0001144
OAX/BTC,1577996059881,2020-01-02T20:14:19.881Z,sell,7.14e-06,5.0,3.57e-05
OAX/BTC,1577996078824,2020-01-02T20:14:38.824Z,sell,7.14e-06,28.0,0.00019992
OAX/BTC,1577996085372,2020-01-02T20:14:45.372Z,sell,7.12e-06,16.0,0.00011392
OAX/BTC,1577996130170,2020-01-02T20:15:30.170Z,buy,7.12e-06,188.0,0.00133856
OAX/BTC,1577996257938,2020-01-02T20:17:37.938Z,sell,7.12e-06,3508.0,0.02497696
OAX/BTC,1577996317897,2020-01-02T20:18:37.897Z,sell,7.11e-06,34.0,0.00024174
OAX/BTC,1577996531821,2020-01-02T20:22:11.821Z,buy,7.12e-06,238.0,0.00169456
OAX/BTC,1577996888275,2020-01-02T20:28:08.275Z,sell,7.11e-06,90.0,0.0006399
OAX/BTC,1577996888275,2020-01-02T20:28:08.275Z,sell,7.1e-06,8007.0,0.0568496999999999
OAX/BTC,1577996982046,2020-01-02T20:29:42.046Z,sell,7.1e-06,1919.0,0.0136248999999999
OAX/BTC,1577997383855,2020-01-02T20:36:23.855Z,sell,7.1e-06,99.0,0.0007029
OAX/BTC,1577997558206,2020-01-02T20:39:18.206Z,buy,7.09e-06,718.0,0.00509062
OAX/BTC,1577997567934,2020-01-02T20:39:27.934Z,sell,7.08e-06,5439.0,0.03850812
OAX/BTC,1577997602338,2020-01-02T20:40:02.338Z,sell,7.08e-06,970.0,0.0068676
OAX/BTC,1577997602338,2020-01-02T20:40:02.338Z,sell,7.07e-06,8971.0,0.06342497
OAX/BTC,1577997602651,2020-01-02T20:40:02.651Z,buy,7.07e-06,15.0,0.00010605
OAX/BTC,1577997607016,2020-01-02T20:40:07.016Z,buy,7.07e-06,33.0,0.00023331
OAX/BTC,1577997615300,2020-01-02T20:40:15.300Z,buy,7.07e-06,970.0,0.0068579
OAX/BTC,1577997629924,2020-01-02T20:40:29.924Z,sell,7.06e-06,4041.0,0.02852946
OAX/BTC,1577997756106,2020-01-02T20:42:36.106Z,sell,7.07e-06,970.0,0.0068579
OAX/BTC,1577998042040,2020-01-02T20:47:22.040Z,sell,7.07e-06,493.0,0.00348551
OAX/BTC,1577998042040,2020-01-02T20:47:22.040Z,sell,7.06e-06,4112.0,0.02903072
OAX/BTC,1577998042040,2020-01-02T20:47:22.040Z,sell,7.05e-06,19122.0,0.1348101
OAX/BTC,1577998150908,2020-01-02T20:49:10.908Z,sell,7.05e-06,1000.0,0.00705
OAX/BTC,1577998372246,2020-01-02T20:52:52.246Z,sell,7.05e-06,30782.0,0.2170131
OAX/BTC,1577998579461,2020-01-02T20:56:19.461Z,sell,7.05e-06,3692.0,0.0260286
OAX/BTC,1577998579461,2020-01-02T20:56:19.461Z,sell,7.05e-06,3692.0,0.0260286
OAX/BTC,1577998772805,2020-01-02T20:59:32.805Z,sell,7.05e-06,44524.0,0.3138942
OAX/BTC,1577998772853,2020-01-02T20:59:32.853Z,sell,7.04e-06,1086.0,0.00764544
OAX/BTC,1577998775857,2020-01-02T20:59:35.857Z,sell,7.03e-06,16.0,0.00011248
OAX/BTC,1577998775857,2020-01-02T20:59:35.857Z,sell,7.02e-06,140.0,0.0009828
OAX/BTC,1577998775857,2020-01-02T20:59:35.857Z,sell,7.01e-06,558.0,0.00391158
OAX/BTC,1577998827395,2020-01-02T21:00:27.395Z,sell,7.01e-06,20654.0,0.14478454
OAX/BTC,1577998853192,2020-01-02T21:00:53.192Z,buy,7.02e-06,27.0,0.00018954
OAX/BTC,1577998859982,2020-01-02T21:00:59.982Z,sell,7.02e-06,2397.0,0.01682694
OAX/BTC,1577998859982,2020-01-02T21:00:59.982Z,sell,7.01e-06,9336.0,0.06544536
OAX/BTC,1577998865168,2020-01-02T21:01:05.168Z,buy,7.03e-06,16.0,0.00011248
OAX/BTC,1577998865168,2020-01-02T21:01:05.168Z,buy,7.04e-06,129.0,0.00090816
OAX/BTC,1577998906120,2020-01-02T21:01:46.120Z,buy,7.03e-06,2450.0,0.0172235
OAX/BTC,1577998915593,2020-01-02T21:01:55.593Z,buy,7.04e-06,3027.0,0.02131008
OAX/BTC,1577998925054,2020-01-02T21:02:05.054Z,buy,7.05e-06,16.0,0.0001128
OAX/BTC,1577998929655,2020-01-02T21:02:09.655Z,buy,7.06e-06,16.0,0.00011296
OAX/BTC,1577998936193,2020-01-02T21:02:16.193Z,buy,7.07e-06,1740.0,0.0123018
OAX/BTC,1577999012122,2020-01-02T21:03:32.122Z,buy,7.06e-06,1000.0,0.00706
OAX/BTC,1577999017231,2020-01-02T21:03:37.231Z,buy,7.06e-06,90.0,0.0006354
OAX/BTC,1577999028865,2020-01-02T21:03:48.865Z,buy,7.07e-06,101.0,0.00071407
OAX/BTC,1577999036886,2020-01-02T21:03:56.886Z,buy,7.07e-06,625.0,0.00441875
OAX/BTC,1577999219364,2020-01-02T21:06:59.364Z,buy,7.07e-06,1478.0,0.01044946
OAX/BTC,1577999374416,2020-01-02T21:09:34.416Z,buy,7.07e-06,17.0,0.00012019
OAX/BTC,1577999374416,2020-01-02T21:09:34.416Z,buy,7.08e-06,775.0,0.005487
OAX/BTC,1577999374416,2020-01-02T21:09:34.416Z,buy,7.09e-06,7122.0,0.05049498
OAX/BTC,1577999515779,2020-01-02T21:11:55.779Z,buy,7.1e-06,161.0,0.0011431
OAX/BTC,1577999524083,2020-01-02T21:12:04.083Z,sell,7.1e-06,145.0,0.0010295
OAX/BTC,1577999638723,2020-01-02T21:13:58.723Z,sell,7.1e-06,424.0,0.0030104
OAX/BTC,1578000699211,2020-01-02T21:31:39.211Z,sell,7.08e-06,16.0,0.00011328
OAX/BTC,1578000699211,2020-01-02T21:31:39.211Z,sell,7.06e-06,71.0,0.00050126
OAX/BTC,1578000699211,2020-01-02T21:31:39.211Z,sell,7.05e-06,2466.0,0.0173853
OAX/BTC,1578000699211,2020-01-02T21:31:39.211Z,sell,7.04e-06,17.0,0.00011968
OAX/BTC,1578000699211,2020-01-02T21:31:39.211Z,sell,7.03e-06,2623.0,0.0184396899999999
OAX/BTC,1578000699211,2020-01-02T21:31:39.211Z,sell,7.02e-06,2310.0,0.0162162
OAX/BTC,1578000702830,2020-01-02T21:31:42.830Z,sell,7.05e-06,16.0,0.0001128
OAX/BTC,1578001807036,2020-01-02T21:50:07.036Z,buy,7.05e-06,362.0,0.0025521
OAX/BTC,1578002075940,2020-01-02T21:54:35.940Z,buy,7.06e-06,129.0,0.00091074
OAX/BTC,1578002097233,2020-01-02T21:54:57.233Z,buy,7.06e-06,29.0,0.00020474
OAX/BTC,1578002097233,2020-01-02T21:54:57.233Z,buy,7.06e-06,29.0,0.00020474
OAX/BTC,1578002524005,2020-01-02T22:02:04.005Z,buy,7.07e-06,26.0,0.00018382
OAX/BTC,1578004588791,2020-01-02T22:36:28.791Z,buy,7.07e-06,372.0,0.00263004
OAX/BTC,1578005210373,2020-01-02T22:46:50.373Z,buy,7.07e-06,26.0,0.00018382
OAX/BTC,1578005210373,2020-01-02T22:46:50.373Z,buy,7.07e-06,26.0,0.00018382
OAX/BTC,1578005950717,2020-01-02T22:59:10.717Z,sell,7.07e-06,18.0,0.00012726
OAX/BTC,1578006099991,2020-01-02T23:01:39.991Z,sell,7.07e-06,170.0,0.0012019
OAX/BTC,1578006167010,2020-01-02T23:02:47.010Z,buy,7.08e-06,500.0,0.00354
OAX/BTC,1578006519246,2020-01-02T23:08:39.246Z,sell,7.07e-06,1054.0,0.00745178
OAX/BTC,1578006575478,2020-01-02T23:09:35.478Z,sell,7.07e-06,153.0,0.00108171
OAX/BTC,1578007920546,2020-01-02T23:32:00.546Z,sell,7.06e-06,129.0,0.00091074
OAX/BTC,1578008211437,2020-01-02T23:36:51.437Z,sell,7.06e-06,1442.0,0.01018052
OAX/BTC,1578008211450,2020-01-02T23:36:51.450Z,buy,7.06e-06,479.0,0.00338174
OAX/BTC,1578008219996,2020-01-02T23:36:59.996Z,buy,7.07e-06,1000.0,0.00707
OAX/BTC,1578008578656,2020-01-02T23:42:58.656Z,sell,7.06e-06,210.0,0.0014826
OAX/BTC,1578008578656,2020-01-02T23:42:58.656Z,sell,7.06e-06,210.0,0.0014826
OAX/BTC,1578008841209,2020-01-02T23:47:21.209Z,buy,7.07e-06,1640.0,0.0115948
OAX/BTC,1578009167306,2020-01-02T23:52:47.306Z,sell,7.07e-06,873.0,0.00617211
OAX/BTC,1578009196205,2020-01-02T23:53:16.205Z,buy,7.08e-06,1115.0,0.0078942
OAX/BTC,1578009196211,2020-01-02T23:53:16.211Z,sell,7.07e-06,873.0,0.00617211
OAX/BTC,1578009792261,2020-01-03T00:03:12.261Z,sell,7.07e-06,700.0,0.004949
OAX/BTC,1578009841324,2020-01-03T00:04:01.324Z,sell,7.07e-06,85.0,0.00060095
OAX/BTC,1578010141456,2020-01-03T00:09:01.456Z,buy,7.1e-06,4225.0,0.0299975
OAX/BTC,1578010254476,2020-01-03T00:10:54.476Z,buy,7.1e-06,15.0,0.0001065
OAX/BTC,1578010419471,2020-01-03T00:13:39.471Z,buy,7.09e-06,680.0,0.0048212
OAX/BTC,1578010483881,2020-01-03T00:14:43.881Z,buy,7.1e-06,42.0,0.0002982
OAX/BTC,1578010611819,2020-01-03T00:16:51.819Z,buy,7.1e-06,33.0,0.0002343
OAX/BTC,1578010689257,2020-01-03T00:18:09.257Z,sell,7.1e-06,23.0,0.0001632999999999
OAX/BTC,1578010927990,2020-01-03T00:22:07.990Z,sell,7.1e-06,15.0,0.0001065
OAX/BTC,1578011640209,2020-01-03T00:34:00.209Z,buy,7.11e-06,210.0,0.0014931
OAX/BTC,1578011725219,2020-01-03T00:35:25.219Z,buy,7.11e-06,2078.0,0.0147745799999999
OAX/BTC,1578011815566,2020-01-03T00:36:55.566Z,buy,7.12e-06,16.0,0.00011392
OAX/BTC,1578011815566,2020-01-03T00:36:55.566Z,buy,7.14e-06,598.0,0.00426972
OAX/BTC,1578011815566,2020-01-03T00:36:55.566Z,buy,7.15e-06,1886.0,0.0134849
OAX/BTC,1578011815566,2020-01-03T00:36:55.566Z,buy,7.15e-06,402.0,0.0028743
OAX/BTC,1578011815711,2020-01-03T00:36:55.711Z,buy,7.14e-06,2747.0,0.01961358
OAX/BTC,1578011818145,2020-01-03T00:36:58.145Z,buy,7.14e-06,16.0,0.00011424
OAX/BTC,1578012031388,2020-01-03T00:40:31.388Z,buy,7.13e-06,1618.0,0.01153634
OAX/BTC,1578012031388,2020-01-03T00:40:31.388Z,buy,7.14e-06,3969.0,0.02833866
OAX/BTC,1578012031388,2020-01-03T00:40:31.388Z,buy,7.15e-06,7829.0,0.05597735
OAX/BTC,1578012034360,2020-01-03T00:40:34.360Z,sell,7.15e-06,16.0,0.0001144
OAX/BTC,1578012042467,2020-01-03T00:40:42.467Z,buy,7.16e-06,880.0,0.0063008
OAX/BTC,1578012060170,2020-01-03T00:41:00.170Z,sell,7.15e-06,273.0,0.00195195
OAX/BTC,1578012079660,2020-01-03T00:41:19.660Z,sell,7.15e-06,747.0,0.00534105
OAX/BTC,1578012095289,2020-01-03T00:41:35.289Z,buy,7.16e-06,2580.0,0.0184728
OAX/BTC,1578012095314,2020-01-03T00:41:35.314Z,buy,7.16e-06,3419.0,0.02448004
OAX/BTC,1578012128026,2020-01-03T00:42:08.026Z,sell,7.16e-06,15.0,0.0001074
OAX/BTC,1578012136378,2020-01-03T00:42:16.378Z,sell,7.16e-06,914.0,0.00654424
OAX/BTC,1578012136378,2020-01-03T00:42:16.378Z,sell,7.16e-06,914.0,0.00654424
OAX/BTC,1578012496957,2020-01-03T00:48:16.957Z,sell,7.16e-06,521.0,0.00373036
OAX/BTC,1578012840480,2020-01-03T00:54:00.480Z,sell,7.16e-06,967.0,0.00692372
OAX/BTC,1578012995852,2020-01-03T00:56:35.852Z,sell,7.15e-06,1610.0,0.0115115
OAX/BTC,1578013495664,2020-01-03T01:04:55.664Z,sell,7.15e-06,10000.0,0.0715
OAX/BTC,1578013495762,2020-01-03T01:04:55.762Z,sell,7.15e-06,6266.0,0.0448019
OAX/BTC,1578013596584,2020-01-03T01:06:36.584Z,sell,7.16e-06,1445.0,0.0103462
OAX/BTC,1578013820729,2020-01-03T01:10:20.729Z,sell,7.16e-06,458.0,0.00327928
OAX/BTC,1578013820729,2020-01-03T01:10:20.729Z,sell,7.15e-06,28427.0,0.20325305
OAX/BTC,1578014142449,2020-01-03T01:15:42.449Z,sell,7.15e-06,196.0,0.0014014
OAX/BTC,1578014142449,2020-01-03T01:15:42.449Z,sell,7.14e-06,16.0,0.00011424
OAX/BTC,1578014143573,2020-01-03T01:15:43.573Z,buy,7.13e-06,44.0,0.00031372
OAX/BTC,1578014182051,2020-01-03T01:16:22.051Z,buy,7.13e-06,494.0,0.00352222
OAX/BTC,1578014228046,2020-01-03T01:17:08.046Z,buy,7.13e-06,15.0,0.00010695
OAX/BTC,1578014487360,2020-01-03T01:21:27.360Z,buy,7.13e-06,122.0,0.00086986
OAX/BTC,1578014788903,2020-01-03T01:26:28.903Z,sell,7.12e-06,16.0,0.00011392
OAX/BTC,1578014788903,2020-01-03T01:26:28.903Z,sell,7.11e-06,106.0,0.00075366
OAX/BTC,1578014803409,2020-01-03T01:26:43.409Z,sell,7.11e-06,115.0,0.00081765
OAX/BTC,1578015353043,2020-01-03T01:35:53.043Z,sell,7.12e-06,4293.0,0.03056616
OAX/BTC,1578015353043,2020-01-03T01:35:53.043Z,sell,7.11e-06,4071.0,0.0289448099999999
OAX/BTC,1578015353043,2020-01-03T01:35:53.043Z,sell,7.1e-06,2994.0,0.0212574
OAX/BTC,1578015353043,2020-01-03T01:35:53.043Z,sell,7.09e-06,6860.0,0.0486374
OAX/BTC,1578015354322,2020-01-03T01:35:54.322Z,sell,7.08e-06,142.0,0.00100536
OAX/BTC,1578015361462,2020-01-03T01:36:01.462Z,sell,7.08e-06,456.0,0.00322848
OAX/BTC,1578015361462,2020-01-03T01:36:01.462Z,sell,7.07e-06,1308.0,0.00924756
OAX/BTC,1578015361462,2020-01-03T01:36:01.462Z,sell,7.06e-06,1763.0,0.01244678
OAX/BTC,1578015361462,2020-01-03T01:36:01.462Z,sell,7.05e-06,9216.0,0.0649728
OAX/BTC,1578015361462,2020-01-03T01:36:01.462Z,sell,7.04e-06,17.0,0.00011968
OAX/BTC,1578015361490,2020-01-03T01:36:01.490Z,buy,7.04e-06,1063.0,0.00748352
OAX/BTC,1578015477380,2020-01-03T01:37:57.380Z,sell,7.05e-06,15.0,0.00010575
OAX/BTC,1578015477380,2020-01-03T01:37:57.380Z,sell,7.04e-06,6534.0,0.04599936
OAX/BTC,1578015477380,2020-01-03T01:37:57.380Z,sell,7.03e-06,2043.0,0.01436229
OAX/BTC,1578015477380,2020-01-03T01:37:57.380Z,sell,7.02e-06,140.0,0.0009828
OAX/BTC,1578015477380,2020-01-03T01:37:57.380Z,sell,7.01e-06,710.0,0.0049771
OAX/BTC,1578015477380,2020-01-03T01:37:57.380Z,sell,7e-06,138.0,0.000966
OAX/BTC,1578015477520,2020-01-03T01:37:57.520Z,sell,7.04e-06,1029.0,0.00724416
OAX/BTC,1578015479112,2020-01-03T01:37:59.112Z,sell,7.04e-06,16.0,0.00011264
OAX/BTC,1578015479209,2020-01-03T01:37:59.209Z,sell,7.04e-06,17.0,0.00011968
OAX/BTC,1578015483966,2020-01-03T01:38:03.966Z,buy,7.05e-06,16.0,0.0001128
OAX/BTC,1578015483966,2020-01-03T01:38:03.966Z,buy,7.06e-06,16.0,0.00011296
OAX/BTC,1578015483966,2020-01-03T01:38:03.966Z,buy,7.07e-06,107.0,0.00075649
OAX/BTC,1578015483966,2020-01-03T01:38:03.966Z,buy,7.08e-06,6.0,4.248e-05
OAX/BTC,1578015483966,2020-01-03T01:38:03.966Z,buy,7.05e-06,16.0,0.0001128
OAX/BTC,1578015483966,2020-01-03T01:38:03.966Z,buy,7.06e-06,16.0,0.00011296
OAX/BTC,1578015483966,2020-01-03T01:38:03.966Z,buy,7.07e-06,107.0,0.00075649
OAX/BTC,1578015483966,2020-01-03T01:38:03.966Z,buy,7.08e-06,6.0,4.248e-05
OAX/BTC,1578015841672,2020-01-03T01:44:01.672Z,buy,7.07e-06,1309.0,0.00925463
OAX/BTC,1578015845757,2020-01-03T01:44:05.757Z,sell,7.07e-06,2134.0,0.01508738
OAX/BTC,1578015920670,2020-01-03T01:45:20.670Z,buy,7.08e-06,139.0,0.00098412
OAX/BTC,1578015920685,2020-01-03T01:45:20.685Z,buy,7.08e-06,222.0,0.00157176
OAX/BTC,1578016052717,2020-01-03T01:47:32.717Z,buy,7.08e-06,4.0,2.832e-05
OAX/BTC,1578016243611,2020-01-03T01:50:43.611Z,sell,7.07e-06,5975.0,0.04224325
OAX/BTC,1578016243611,2020-01-03T01:50:43.611Z,sell,7.06e-06,4025.0,0.0284165
OAX/BTC,1578016293311,2020-01-03T01:51:33.311Z,buy,7.08e-06,5.0,3.54e-05
OAX/BTC,1578016398983,2020-01-03T01:53:18.983Z,sell,7.06e-06,562.0,0.00396772
OAX/BTC,1578016398983,2020-01-03T01:53:18.983Z,sell,7.05e-06,16.0,0.0001128
OAX/BTC,1578016423395,2020-01-03T01:53:43.395Z,buy,7.05e-06,29.0,0.00020445
OAX/BTC,1578016474368,2020-01-03T01:54:34.368Z,sell,7.04e-06,17.0,0.00011968
OAX/BTC,1578016474368,2020-01-03T01:54:34.368Z,sell,7.03e-06,245.0,0.0017223499999999
OAX/BTC,1578016474368,2020-01-03T01:54:34.368Z,sell,7.02e-06,107.0,0.00075114
OAX/BTC,1578016474368,2020-01-03T01:54:34.368Z,sell,7.01e-06,33.0,0.00023133
OAX/BTC,1578016474368,2020-01-03T01:54:34.368Z,sell,7e-06,1765.0,0.012355
OAX/BTC,1578016495193,2020-01-03T01:54:55.193Z,sell,6.99e-06,7226.0,0.05050974
OAX/BTC,1578016505117,2020-01-03T01:55:05.117Z,buy,7e-06,22.0,0.000154
OAX/BTC,1578016505117,2020-01-03T01:55:05.117Z,buy,7.01e-06,12.0,8.412e-05
OAX/BTC,1578016505566,2020-01-03T01:55:05.566Z,buy,7.01e-06,4.0,2.804e-05
OAX/BTC,1578016723328,2020-01-03T01:58:43.328Z,sell,7.01e-06,72.0,0.00050472
OAX/BTC,1578016837655,2020-01-03T02:00:37.655Z,buy,7e-06,29.0,0.000203
OAX/BTC,1578016849493,2020-01-03T02:00:49.493Z,buy,7.01e-06,34.0,0.00023834
OAX/BTC,1578016988054,2020-01-03T02:03:08.054Z,buy,7.01e-06,15.0,0.00010515
OAX/BTC,1578016988066,2020-01-03T02:03:08.066Z,buy,7.01e-06,4018.0,0.02816618
OAX/BTC,1578016988087,2020-01-03T02:03:08.087Z,buy,7.01e-06,2038.0,0.01428638
OAX/BTC,1578017583720,2020-01-03T02:13:03.720Z,sell,7.01e-06,717.0,0.00502617
OAX/BTC,1578018364212,2020-01-03T02:26:04.212Z,sell,7.01e-06,21.0,0.00014721
OAX/BTC,1578018438245,2020-01-03T02:27:18.245Z,buy,7.03e-06,16.0,0.00011248
OAX/BTC,1578018438245,2020-01-03T02:27:18.245Z,buy,7.04e-06,17.0,0.00011968
OAX/BTC,1578018438245,2020-01-03T02:27:18.245Z,buy,7.05e-06,16.0,0.0001128
OAX/BTC,1578018438245,2020-01-03T02:27:18.245Z,buy,7.06e-06,16.0,0.00011296
OAX/BTC,1578018438245,2020-01-03T02:27:18.245Z,buy,7.07e-06,149.0,0.00105343
OAX/BTC,1578018438245,2020-01-03T02:27:18.245Z,buy,7.08e-06,345.0,0.0024426
OAX/BTC,1578018438245,2020-01-03T02:27:18.245Z,buy,7.09e-06,822.0,0.00582798
OAX/BTC,1578018456789,2020-01-03T02:27:36.789Z,buy,7.07e-06,183.0,0.00129381
OAX/BTC,1578018488054,2020-01-03T02:28:08.054Z,sell,7.06e-06,15.0,0.0001059
OAX/BTC,1578018528730,2020-01-03T02:28:48.730Z,sell,7.06e-06,1.0,7.06e-06
OAX/BTC,1578018610256,2020-01-03T02:30:10.256Z,sell,7.05e-06,16.0,0.0001128
OAX/BTC,1578018610256,2020-01-03T02:30:10.256Z,sell,7.05e-06,16.0,0.0001128
OAX/BTC,1578019833900,2020-01-03T02:50:33.900Z,buy,7.05e-06,67.0,0.00047235
OAX/BTC,1578019833900,2020-01-03T02:50:33.900Z,buy,7.06e-06,16.0,0.00011296
OAX/BTC,1578019833900,2020-01-03T02:50:33.900Z,buy,7.08e-06,16.0,0.00011328
OAX/BTC,1578019833900,2020-01-03T02:50:33.900Z,buy,7.09e-06,14.0,9.926e-05
OAX/BTC,1578020401008,2020-01-03T03:00:01.008Z,buy,7.07e-06,71.0,0.00050197
OAX/BTC,1578020846847,2020-01-03T03:07:26.847Z,sell,7.06e-06,466.0,0.00328996
OAX/BTC,1578020908583,2020-01-03T03:08:28.583Z,buy,7.06e-06,27.0,0.00019062
OAX/BTC,1578021338550,2020-01-03T03:15:38.550Z,sell,7.05e-06,6591.0,0.04646655
OAX/BTC,1578021338550,2020-01-03T03:15:38.550Z,sell,7.05e-06,6591.0,0.04646655
OAX/BTC,1578022680795,2020-01-03T03:38:00.795Z,buy,7.06e-06,16.0,0.00011296
OAX/BTC,1578022680795,2020-01-03T03:38:00.795Z,buy,7.08e-06,549.0,0.00388692
OAX/BTC,1578022680893,2020-01-03T03:38:00.893Z,sell,7.08e-06,395.0,0.0027965999999999
OAX/BTC,1578022683296,2020-01-03T03:38:03.296Z,sell,7.08e-06,271.0,0.00191868
OAX/BTC,1578022684494,2020-01-03T03:38:04.494Z,sell,7.08e-06,188.0,0.00133104
OAX/BTC,1578022701389,2020-01-03T03:38:21.389Z,buy,7.08e-06,2393.0,0.01694244
OAX/BTC,1578022706406,2020-01-03T03:38:26.406Z,sell,7.08e-06,797.0,0.00564276
OAX/BTC,1578022713129,2020-01-03T03:38:33.129Z,buy,7.09e-06,2864.0,0.02030576
OAX/BTC,1578022720866,2020-01-03T03:38:40.866Z,buy,7.09e-06,7042.0,0.04992778
OAX/BTC,1578022720866,2020-01-03T03:38:40.866Z,buy,7.1e-06,4241.0,0.0301111
OAX/BTC,1578022723097,2020-01-03T03:38:43.097Z,buy,7.1e-06,11267.0,0.0799957
OAX/BTC,1578022730295,2020-01-03T03:38:50.295Z,sell,7.1e-06,3552.0,0.0252192
OAX/BTC,1578022730326,2020-01-03T03:38:50.326Z,sell,7.1e-06,387.0,0.0027477
OAX/BTC,1578022743553,2020-01-03T03:39:03.553Z,sell,7.1e-06,145.0,0.0010295
OAX/BTC,1578022743903,2020-01-03T03:39:03.903Z,sell,7.1e-06,15.0,0.0001065
OAX/BTC,1578022836164,2020-01-03T03:40:36.164Z,buy,7.09e-06,2462.0,0.01745558
OAX/BTC,1578022836164,2020-01-03T03:40:36.164Z,buy,7.1e-06,3302.0,0.0234442
OAX/BTC,1578022866115,2020-01-03T03:41:06.115Z,buy,7.1e-06,1230.0,0.008733
OAX/BTC,1578022866115,2020-01-03T03:41:06.115Z,buy,7.11e-06,214.0,0.0015215399999999
OAX/BTC,1578022866115,2020-01-03T03:41:06.115Z,buy,7.12e-06,13642.0,0.0971310399999999
OAX/BTC,1578022866136,2020-01-03T03:41:06.136Z,buy,7.13e-06,28254.0,0.20145102
OAX/BTC,1578022866145,2020-01-03T03:41:06.145Z,buy,7.13e-06,10817.0,0.07712521
OAX/BTC,1578022867762,2020-01-03T03:41:07.762Z,sell,7.13e-06,55.0,0.00039215
OAX/BTC,1578022869215,2020-01-03T03:41:09.215Z,buy,7.14e-06,598.0,0.00426972
OAX/BTC,1578022869215,2020-01-03T03:41:09.215Z,buy,7.15e-06,1324.0,0.0094666
OAX/BTC,1578022870000,2020-01-03T03:41:10.000Z,sell,7.13e-06,2431.0,0.01733303
OAX/BTC,1578022870024,2020-01-03T03:41:10.024Z,buy,7.13e-06,5760.0,0.0410688
OAX/BTC,1578022871516,2020-01-03T03:41:11.516Z,buy,7.13e-06,16.0,0.00011408
OAX/BTC,1578022872242,2020-01-03T03:41:12.242Z,buy,7.13e-06,6864.0,0.04894032
OAX/BTC,1578022874767,2020-01-03T03:41:14.767Z,buy,7.15e-06,16.0,0.0001144
OAX/BTC,1578022875617,2020-01-03T03:41:15.617Z,buy,7.16e-06,560.0,0.0040096
OAX/BTC,1578022875731,2020-01-03T03:41:15.731Z,buy,7.16e-06,419.0,0.00300004
OAX/BTC,1578022879362,2020-01-03T03:41:19.362Z,buy,7.16e-06,241.0,0.00172556
OAX/BTC,1578022879745,2020-01-03T03:41:19.745Z,buy,7.16e-06,31.0,0.00022196
OAX/BTC,1578022879813,2020-01-03T03:41:19.813Z,buy,7.16e-06,28.0,0.00020048
OAX/BTC,1578022879826,2020-01-03T03:41:19.826Z,buy,7.16e-06,34.0,0.00024344
OAX/BTC,1578022879832,2020-01-03T03:41:19.832Z,buy,7.16e-06,33.0,0.00023628
OAX/BTC,1578022879842,2020-01-03T03:41:19.842Z,buy,7.16e-06,28.0,0.00020048
OAX/BTC,1578022879853,2020-01-03T03:41:19.853Z,buy,7.16e-06,42.0,0.00030072
OAX/BTC,1578022879989,2020-01-03T03:41:19.989Z,buy,7.16e-06,38.0,0.00027208
OAX/BTC,1578022880017,2020-01-03T03:41:20.017Z,buy,7.16e-06,31.0,0.00022196
OAX/BTC,1578022880058,2020-01-03T03:41:20.058Z,buy,7.16e-06,70.0,0.0005012
OAX/BTC,1578022880256,2020-01-03T03:41:20.256Z,buy,7.16e-06,280.0,0.0020048
OAX/BTC,1578022880299,2020-01-03T03:41:20.299Z,buy,7.16e-06,140.0,0.0010024
OAX/BTC,1578022880571,2020-01-03T03:41:20.571Z,buy,7.16e-06,31.0,0.00022196
OAX/BTC,1578022880788,2020-01-03T03:41:20.788Z,sell,7.15e-06,68.0,0.0004862
OAX/BTC,1578022880788,2020-01-03T03:41:20.788Z,sell,7.14e-06,16.0,0.00011424
OAX/BTC,1578022880788,2020-01-03T03:41:20.788Z,sell,7.13e-06,1120.0,0.0079856
OAX/BTC,1578022880972,2020-01-03T03:41:20.972Z,buy,7.15e-06,140.0,0.001001
OAX/BTC,1578022881088,2020-01-03T03:41:21.088Z,buy,7.14e-06,42.0,0.00029988
OAX/BTC,1578022881302,2020-01-03T03:41:21.302Z,buy,7.14e-06,70.0,0.0004998
OAX/BTC,1578022881640,2020-01-03T03:41:21.640Z,buy,7.14e-06,280.0,0.0019992
OAX/BTC,1578022883862,2020-01-03T03:41:23.862Z,sell,7.13e-06,1267.0,0.00903371
OAX/BTC,1578022883919,2020-01-03T03:41:23.919Z,sell,7.12e-06,87.0,0.00061944
OAX/BTC,1578022889260,2020-01-03T03:41:29.260Z,sell,7.11e-06,323.0,0.0022965299999999
OAX/BTC,1578022889311,2020-01-03T03:41:29.311Z,sell,7.1e-06,16.0,0.0001136
OAX/BTC,1578022889311,2020-01-03T03:41:29.311Z,sell,7.09e-06,1194.0,0.00846546
OAX/BTC,1578023163813,2020-01-03T03:46:03.813Z,buy,7.12e-06,16.0,0.00011392
OAX/BTC,1578023163813,2020-01-03T03:46:03.813Z,buy,7.14e-06,33.0,0.00023562
OAX/BTC,1578023163813,2020-01-03T03:46:03.813Z,buy,7.15e-06,1355.0,0.00968825
OAX/BTC,1578023166598,2020-01-03T03:46:06.598Z,buy,7.14e-06,16.0,0.00011424
OAX/BTC,1578023643156,2020-01-03T03:54:03.156Z,sell,7.12e-06,16.0,0.00011392
OAX/BTC,1578023643156,2020-01-03T03:54:03.156Z,sell,7.11e-06,183.0,0.00130113
OAX/BTC,1578023651398,2020-01-03T03:54:11.398Z,sell,7.11e-06,594.0,0.00422334
OAX/BTC,1578023935281,2020-01-03T03:58:55.281Z,buy,7.12e-06,1069.0,0.00761128
OAX/BTC,1578023935281,2020-01-03T03:58:55.281Z,buy,7.13e-06,4005.0,0.02855565
OAX/BTC,1578024459333,2020-01-03T04:07:39.333Z,buy,7.14e-06,33.0,0.00023562
OAX/BTC,1578024459333,2020-01-03T04:07:39.333Z,buy,7.15e-06,16.0,0.0001144
OAX/BTC,1578024459333,2020-01-03T04:07:39.333Z,buy,7.16e-06,107.0,0.00076612
OAX/BTC,1578024465297,2020-01-03T04:07:45.297Z,buy,7.17e-06,20.0,0.0001434
OAX/BTC,1578024465297,2020-01-03T04:07:45.297Z,buy,7.17e-06,20.0,0.0001434
OAX/BTC,1578025117806,2020-01-03T04:18:37.806Z,sell,7.15e-06,16.0,0.0001144
OAX/BTC,1578025117806,2020-01-03T04:18:37.806Z,sell,7.14e-06,16.0,0.00011424
OAX/BTC,1578025117806,2020-01-03T04:18:37.806Z,sell,7.12e-06,16.0,0.00011392
OAX/BTC,1578025117806,2020-01-03T04:18:37.806Z,sell,7.11e-06,38.0,0.0002701799999999
OAX/BTC,1578025117806,2020-01-03T04:18:37.806Z,sell,7.11e-06,35.0,0.00024885
OAX/BTC,1578025754432,2020-01-03T04:29:14.432Z,buy,7.14e-06,1109.0,0.00791826
OAX/BTC,1578025906391,2020-01-03T04:31:46.391Z,sell,7.14e-06,6215.0,0.0443751
OAX/BTC,1578025982536,2020-01-03T04:33:02.536Z,buy,7.15e-06,16.0,0.0001144
OAX/BTC,1578025982536,2020-01-03T04:33:02.536Z,buy,7.16e-06,980.0,0.0070168
OAX/BTC,1578025982536,2020-01-03T04:33:02.536Z,buy,7.17e-06,2430.0,0.0174231
OAX/BTC,1578025982536,2020-01-03T04:33:02.536Z,buy,7.18e-06,1834.0,0.01316812
OAX/BTC,1578025982536,2020-01-03T04:33:02.536Z,buy,7.19e-06,2245.0,0.01614155
OAX/BTC,1578025982536,2020-01-03T04:33:02.536Z,buy,7.2e-06,828.0,0.0059616
OAX/BTC,1578025983214,2020-01-03T04:33:03.214Z,sell,7.16e-06,677.0,0.00484732
OAX/BTC,1578025983252,2020-01-03T04:33:03.252Z,sell,7.16e-06,228.0,0.00163248
OAX/BTC,1578025983271,2020-01-03T04:33:03.271Z,sell,7.16e-06,365.0,0.0026134
OAX/BTC,1578025983502,2020-01-03T04:33:03.502Z,sell,7.16e-06,107.0,0.00076612
OAX/BTC,1578025986086,2020-01-03T04:33:06.086Z,sell,7.17e-06,16.0,0.00011472
OAX/BTC,1578025986579,2020-01-03T04:33:06.579Z,sell,7.16e-06,655.0,0.0046898
OAX/BTC,1578025986628,2020-01-03T04:33:06.628Z,sell,7.16e-06,963.0,0.00689508
OAX/BTC,1578025986636,2020-01-03T04:33:06.636Z,sell,7.15e-06,963.0,0.00688545
OAX/BTC,1578025987145,2020-01-03T04:33:07.145Z,sell,7.15e-06,34.0,0.0002431
OAX/BTC,1578025991287,2020-01-03T04:33:11.287Z,buy,7.18e-06,2014.0,0.01446052
OAX/BTC,1578025993874,2020-01-03T04:33:13.874Z,buy,7.18e-06,663.0,0.00476034
OAX/BTC,1578025993874,2020-01-03T04:33:13.874Z,buy,7.19e-06,412.0,0.00296228
OAX/BTC,1578025995257,2020-01-03T04:33:15.257Z,sell,7.17e-06,16.0,0.00011472
OAX/BTC,1578026000795,2020-01-03T04:33:20.795Z,buy,7.19e-06,16.0,0.00011504
OAX/BTC,1578026000795,2020-01-03T04:33:20.795Z,buy,7.2e-06,4.0,2.88e-05
OAX/BTC,1578026003076,2020-01-03T04:33:23.076Z,sell,7.17e-06,16.0,0.00011472
OAX/BTC,1578026145374,2020-01-03T04:35:45.374Z,buy,7.19e-06,42.0,0.00030198
OAX/BTC,1578026439519,2020-01-03T04:40:39.519Z,sell,7.15e-06,253.0,0.00180895
OAX/BTC,1578026508348,2020-01-03T04:41:48.348Z,sell,7.14e-06,6697.0,0.04781658
OAX/BTC,1578026508619,2020-01-03T04:41:48.619Z,sell,7.14e-06,645.0,0.0046053
OAX/BTC,1578026508668,2020-01-03T04:41:48.668Z,sell,7.14e-06,514.0,0.00366996
OAX/BTC,1578026569970,2020-01-03T04:42:49.970Z,sell,7.12e-06,2101.0,0.01495912
OAX/BTC,1578026570020,2020-01-03T04:42:50.020Z,sell,7.12e-06,487.0,0.0034674399999999
OAX/BTC,1578026579908,2020-01-03T04:42:59.908Z,sell,7.12e-06,754.0,0.00536848
OAX/BTC,1578026608167,2020-01-03T04:43:28.167Z,sell,7.11e-06,978.0,0.00695358
OAX/BTC,1578026609831,2020-01-03T04:43:29.831Z,sell,7.11e-06,872.0,0.0061999199999999
OAX/BTC,1578026627014,2020-01-03T04:43:47.014Z,sell,7.11e-06,810.0,0.0057591
OAX/BTC,1578026628347,2020-01-03T04:43:48.347Z,sell,7.11e-06,554.0,0.00393894
OAX/BTC,1578026628514,2020-01-03T04:43:48.514Z,sell,7.11e-06,738.0,0.00524718
OAX/BTC,1578026630980,2020-01-03T04:43:50.980Z,sell,7.11e-06,623.0,0.00442953
OAX/BTC,1578026630980,2020-01-03T04:43:50.980Z,sell,7.11e-06,386.0,0.0027444599999999
OAX/BTC,1578026633163,2020-01-03T04:43:53.163Z,sell,7.11e-06,127.0,0.00090297
OAX/BTC,1578026639724,2020-01-03T04:43:59.724Z,sell,7.11e-06,1498.0,0.01065078
OAX/BTC,1578026640547,2020-01-03T04:44:00.547Z,sell,7.11e-06,1328.0,0.00944208
OAX/BTC,1578026702126,2020-01-03T04:45:02.126Z,sell,7.11e-06,9143.0,0.06500673
OAX/BTC,1578026802714,2020-01-03T04:46:42.714Z,sell,7.11e-06,5471.0,0.03889881
OAX/BTC,1578026873385,2020-01-03T04:47:53.385Z,sell,7.11e-06,2.0,1.422e-05
OAX/BTC,1578026873385,2020-01-03T04:47:53.385Z,sell,7.1e-06,2440.0,0.017324
OAX/BTC,1578026873385,2020-01-03T04:47:53.385Z,sell,7.08e-06,2554.0,0.01808232
OAX/BTC,1578026873414,2020-01-03T04:47:53.414Z,buy,7.08e-06,211.0,0.00149388
OAX/BTC,1578026873475,2020-01-03T04:47:53.475Z,buy,7.08e-06,211.0,0.00149388
OAX/BTC,1578026885770,2020-01-03T04:48:05.770Z,buy,7.08e-06,145.0,0.0010266
OAX/BTC,1578027001905,2020-01-03T04:50:01.905Z,sell,7.07e-06,107.0,0.00075649
OAX/BTC,1578027020932,2020-01-03T04:50:20.932Z,sell,7.06e-06,1574.0,0.01111244
OAX/BTC,1578027020932,2020-01-03T04:50:20.932Z,sell,7.05e-06,308.0,0.0021714
OAX/BTC,1578027020932,2020-01-03T04:50:20.932Z,sell,7.04e-06,615.0,0.0043296
OAX/BTC,1578027020932,2020-01-03T04:50:20.932Z,sell,7.03e-06,56.0,0.00039368
OAX/BTC,1578027020932,2020-01-03T04:50:20.932Z,sell,7.02e-06,4576.0,0.0321235199999999
OAX/BTC,1578027020974,2020-01-03T04:50:20.974Z,buy,7.02e-06,1101.0,0.00772902
OAX/BTC,1578027026588,2020-01-03T04:50:26.588Z,sell,7.01e-06,113.0,0.0007921299999999
OAX/BTC,1578027032065,2020-01-03T04:50:32.065Z,sell,7.01e-06,76.0,0.00053276
OAX/BTC,1578027033219,2020-01-03T04:50:33.219Z,sell,7.01e-06,183.0,0.00128283
OAX/BTC,1578027057703,2020-01-03T04:50:57.703Z,buy,7.02e-06,852.0,0.00598104
OAX/BTC,1578027108901,2020-01-03T04:51:48.901Z,sell,7.01e-06,539.0,0.00377839
OAX/BTC,1578027147108,2020-01-03T04:52:27.108Z,buy,7.01e-06,76.0,0.00053276
OAX/BTC,1578027265308,2020-01-03T04:54:25.308Z,buy,7.02e-06,28.0,0.00019656
OAX/BTC,1578027265308,2020-01-03T04:54:25.308Z,buy,7.02e-06,28.0,0.00019656
OAX/BTC,1578028088082,2020-01-03T05:08:08.082Z,buy,7.02e-06,15.0,0.0001053
OAX/BTC,1578028284693,2020-01-03T05:11:24.693Z,buy,7.02e-06,1427.0,0.01001754
OAX/BTC,1578028362707,2020-01-03T05:12:42.707Z,sell,7.02e-06,7824.0,0.05492448
OAX/BTC,1578028362707,2020-01-03T05:12:42.707Z,sell,7.01e-06,3493.0,0.02448593
OAX/BTC,1578028362707,2020-01-03T05:12:42.707Z,sell,7e-06,1022.0,0.007154
OAX/BTC,1578028362707,2020-01-03T05:12:42.707Z,sell,6.99e-06,36.0,0.00025164
OAX/BTC,1578028362707,2020-01-03T05:12:42.707Z,sell,6.98e-06,232.0,0.00161936
OAX/BTC,1578028362707,2020-01-03T05:12:42.707Z,sell,6.97e-06,2102.0,0.01465094
OAX/BTC,1578028362707,2020-01-03T05:12:42.707Z,sell,6.96e-06,34.0,0.00023664
OAX/BTC,1578028388122,2020-01-03T05:13:08.122Z,buy,6.97e-06,15.0,0.00010455
OAX/BTC,1578028412578,2020-01-03T05:13:32.578Z,sell,6.96e-06,1000.0,0.00696
OAX/BTC,1578028420085,2020-01-03T05:13:40.085Z,buy,6.97e-06,1.0,6.97e-06
OAX/BTC,1578028420085,2020-01-03T05:13:40.085Z,buy,6.99e-06,16.0,0.00011184
OAX/BTC,1578028420085,2020-01-03T05:13:40.085Z,buy,7e-06,183.0,0.001281
OAX/BTC,1578028428700,2020-01-03T05:13:48.700Z,buy,7e-06,1080.0,0.00756
OAX/BTC,1578028458331,2020-01-03T05:14:18.331Z,buy,7.01e-06,55.0,0.0003855499999999
OAX/BTC,1578028692452,2020-01-03T05:18:12.452Z,buy,7.01e-06,1793.0,0.0125689299999999
OAX/BTC,1578028952493,2020-01-03T05:22:32.493Z,buy,7.02e-06,107.0,0.00075114
OAX/BTC,1578028952493,2020-01-03T05:22:32.493Z,buy,7.03e-06,16.0,0.00011248
OAX/BTC,1578028998671,2020-01-03T05:23:18.671Z,buy,7.04e-06,17.0,0.00011968
OAX/BTC,1578028998671,2020-01-03T05:23:18.671Z,buy,7.05e-06,16.0,0.0001128
OAX/BTC,1578028998671,2020-01-03T05:23:18.671Z,buy,7.06e-06,512.0,0.00361472
OAX/BTC,1578028998671,2020-01-03T05:23:18.671Z,buy,7.07e-06,473.0,0.00334411
OAX/BTC,1578028998671,2020-01-03T05:23:18.671Z,buy,7.08e-06,1293.0,0.00915444
OAX/BTC,1578029055293,2020-01-03T05:24:15.293Z,sell,7.05e-06,16.0,0.0001128
OAX/BTC,1578029055293,2020-01-03T05:24:15.293Z,sell,7.03e-06,16.0,0.00011248
OAX/BTC,1578029055293,2020-01-03T05:24:15.293Z,sell,7.02e-06,107.0,0.00075114
OAX/BTC,1578029055293,2020-01-03T05:24:15.293Z,sell,7.01e-06,61.0,0.00042761
OAX/BTC,1578029079631,2020-01-03T05:24:39.631Z,sell,7.01e-06,16423.0,0.11512523
OAX/BTC,1578029107878,2020-01-03T05:25:07.878Z,sell,7.01e-06,610.0,0.0042761
OAX/BTC,1578029284550,2020-01-03T05:28:04.550Z,sell,7.02e-06,498.0,0.0034959599999999
OAX/BTC,1578029284550,2020-01-03T05:28:04.550Z,sell,7.01e-06,4096.0,0.02871296
OAX/BTC,1578029507556,2020-01-03T05:31:47.556Z,buy,7.03e-06,16.0,0.00011248
OAX/BTC,1578029507556,2020-01-03T05:31:47.556Z,buy,7.04e-06,17.0,0.00011968
OAX/BTC,1578029507556,2020-01-03T05:31:47.556Z,buy,7.05e-06,16.0,0.0001128
OAX/BTC,1578029507556,2020-01-03T05:31:47.556Z,buy,7.06e-06,16.0,0.00011296
OAX/BTC,1578029507556,2020-01-03T05:31:47.556Z,buy,7.07e-06,2538.0,0.01794366
OAX/BTC,1578029507715,2020-01-03T05:31:47.715Z,sell,7.07e-06,42.0,0.00029694
OAX/BTC,1578029526853,2020-01-03T05:32:06.853Z,sell,7.07e-06,42.0,0.00029694
OAX/BTC,1578029539675,2020-01-03T05:32:19.675Z,buy,7.08e-06,1697.0,0.01201476
OAX/BTC,1578029539700,2020-01-03T05:32:19.700Z,sell,7.08e-06,1358.0,0.00961464
OAX/BTC,1578029539747,2020-01-03T05:32:19.747Z,sell,7.08e-06,236.0,0.00167088
OAX/BTC,1578029539796,2020-01-03T05:32:19.796Z,sell,7.08e-06,99.0,0.00070092
OAX/BTC,1578029562209,2020-01-03T05:32:42.209Z,buy,7.1e-06,1161.0,0.0082431
OAX/BTC,1578029562209,2020-01-03T05:32:42.209Z,buy,7.11e-06,2664.0,0.01894104
OAX/BTC,1578029562209,2020-01-03T05:32:42.209Z,buy,7.12e-06,2757.0,0.01962984
OAX/BTC,1578029572336,2020-01-03T05:32:52.336Z,buy,7.12e-06,745.0,0.0053044
OAX/BTC,1578029583750,2020-01-03T05:33:03.750Z,sell,7.12e-06,145.0,0.0010324
OAX/BTC,1578029584062,2020-01-03T05:33:04.062Z,sell,7.12e-06,15.0,0.0001068
OAX/BTC,1578029660401,2020-01-03T05:34:20.401Z,sell,7.12e-06,15.0,0.0001068
OAX/BTC,1578029682180,2020-01-03T05:34:42.180Z,buy,7.13e-06,717.0,0.00511221
OAX/BTC,1578029682180,2020-01-03T05:34:42.180Z,buy,7.14e-06,598.0,0.00426972
OAX/BTC,1578029682180,2020-01-03T05:34:42.180Z,buy,7.15e-06,16.0,0.0001144
OAX/BTC,1578029682195,2020-01-03T05:34:42.195Z,sell,7.12e-06,1888.0,0.01344256
OAX/BTC,1578029687347,2020-01-03T05:34:47.347Z,buy,7.16e-06,20.0,0.0001432
OAX/BTC,1578029789286,2020-01-03T05:36:29.286Z,sell,7.14e-06,16.0,0.00011424
OAX/BTC,1578029789286,2020-01-03T05:36:29.286Z,sell,7.12e-06,16.0,0.00011392
OAX/BTC,1578029789286,2020-01-03T05:36:29.286Z,sell,7.11e-06,17.0,0.00012087
OAX/BTC,1578029789286,2020-01-03T05:36:29.286Z,sell,7.1e-06,16.0,0.0001136
OAX/BTC,1578029789286,2020-01-03T05:36:29.286Z,sell,7.08e-06,39.0,0.00027612
OAX/BTC,1578029789311,2020-01-03T05:36:29.311Z,buy,7.09e-06,300.0,0.002127
OAX/BTC,1578029789636,2020-01-03T05:36:29.636Z,buy,7.09e-06,129.0,0.0009146099999999
OAX/BTC,1578029858781,2020-01-03T05:37:38.781Z,buy,7.1e-06,16.0,0.0001136
OAX/BTC,1578029858781,2020-01-03T05:37:38.781Z,buy,7.11e-06,17.0,0.00012087
OAX/BTC,1578029858781,2020-01-03T05:37:38.781Z,buy,7.12e-06,9.0,6.408e-05
OAX/BTC,1578030164947,2020-01-03T05:42:44.947Z,sell,7.08e-06,1455.0,0.0103014
OAX/BTC,1578030164947,2020-01-03T05:42:44.947Z,sell,7.07e-06,107.0,0.00075649
OAX/BTC,1578030164947,2020-01-03T05:42:44.947Z,sell,7.06e-06,16.0,0.00011296
OAX/BTC,1578030164947,2020-01-03T05:42:44.947Z,sell,7.05e-06,16.0,0.0001128
OAX/BTC,1578030164947,2020-01-03T05:42:44.947Z,sell,7.04e-06,17.0,0.00011968
OAX/BTC,1578030164947,2020-01-03T05:42:44.947Z,sell,7.03e-06,1458.0,0.01024974
OAX/BTC,1578030164947,2020-01-03T05:42:44.947Z,sell,7.02e-06,9577.0,0.0672305399999999
OAX/BTC,1578030629064,2020-01-03T05:50:29.064Z,buy,7.05e-06,16.0,0.0001128
OAX/BTC,1578030647571,2020-01-03T05:50:47.571Z,buy,7.06e-06,16.0,0.00011296
OAX/BTC,1578030647571,2020-01-03T05:50:47.571Z,buy,7.07e-06,97.0,0.00068579
OAX/BTC,1578030674531,2020-01-03T05:51:14.531Z,sell,7.05e-06,496.0,0.0034968
OAX/BTC,1578030826505,2020-01-03T05:53:46.505Z,sell,7.03e-06,739.0,0.00519517
OAX/BTC,1578030826505,2020-01-03T05:53:46.505Z,sell,7.02e-06,961.0,0.00674622
OAX/BTC,1578030826505,2020-01-03T05:53:46.505Z,sell,7.03e-06,739.0,0.00519517
OAX/BTC,1578030826505,2020-01-03T05:53:46.505Z,sell,7.02e-06,961.0,0.00674622
OAX/BTC,1578031092969,2020-01-03T05:58:12.969Z,sell,7.02e-06,8000.0,0.0561599999999999
OAX/BTC,1578031631339,2020-01-03T06:07:11.339Z,sell,7.02e-06,543.0,0.00381186
OAX/BTC,1578033364457,2020-01-03T06:36:04.457Z,buy,7.03e-06,27.0,0.00018981
OAX/BTC,1578034258150,2020-01-03T06:50:58.150Z,sell,7.03e-06,1031.0,0.00724793
OAX/BTC,1578034258150,2020-01-03T06:50:58.150Z,sell,7.03e-06,1031.0,0.00724793
OAX/BTC,1578037136735,2020-01-03T07:38:56.735Z,sell,7.02e-06,632.0,0.0044366399999999
OAX/BTC,1578037136735,2020-01-03T07:38:56.735Z,sell,7.01e-06,9600.0,0.067296
OAX/BTC,1578037144672,2020-01-03T07:39:04.672Z,buy,7.03e-06,16.0,0.00011248
OAX/BTC,1578037144672,2020-01-03T07:39:04.672Z,buy,7.04e-06,129.0,0.00090816
OAX/BTC,1578037767402,2020-01-03T07:49:27.402Z,buy,7.04e-06,5128.0,0.03610112
OAX/BTC,1578037789306,2020-01-03T07:49:49.306Z,buy,7.04e-06,2051.0,0.01443904
OAX/BTC,1578037836616,2020-01-03T07:50:36.616Z,buy,7.05e-06,20.0,0.000141
OAX/BTC,1578037836639,2020-01-03T07:50:36.639Z,sell,7.05e-06,2327.0,0.01640535
OAX/BTC,1578037846639,2020-01-03T07:50:46.639Z,buy,7.06e-06,16.0,0.00011296
OAX/BTC,1578037846657,2020-01-03T07:50:46.657Z,sell,7.06e-06,2081.0,0.01469186
OAX/BTC,1578037857803,2020-01-03T07:50:57.803Z,buy,7.07e-06,10.0,7.07e-05
OAX/BTC,1578037857824,2020-01-03T07:50:57.824Z,sell,7.07e-06,3132.0,0.02214324
OAX/BTC,1578037857824,2020-01-03T07:50:57.824Z,sell,7.07e-06,3132.0,0.02214324
OAX/BTC,1578037866360,2020-01-03T07:51:06.360Z,buy,7.08e-06,598.0,0.00423384
OAX/BTC,1578037866481,2020-01-03T07:51:06.481Z,sell,7.08e-06,2541.0,0.01799028
OAX/BTC,1578037873351,2020-01-03T07:51:13.351Z,buy,7.09e-06,16.0,0.00011344
OAX/BTC,1578040574710,2020-01-03T08:36:14.710Z,sell,7.06e-06,2395.0,0.0169087
OAX/BTC,1578040586971,2020-01-03T08:36:26.971Z,buy,7.06e-06,241.0,0.00170146
OAX/BTC,1578040596156,2020-01-03T08:36:36.156Z,buy,7.06e-06,55.0,0.0003883
OAX/BTC,1578040783037,2020-01-03T08:39:43.037Z,buy,7.08e-06,1384.0,0.00979872
OAX/BTC,1578040785448,2020-01-03T08:39:45.448Z,buy,7.08e-06,32.0,0.00022656
OAX/BTC,1578040811659,2020-01-03T08:40:11.659Z,buy,7.07e-06,2529.0,0.01788003
OAX/BTC,1578040811902,2020-01-03T08:40:11.902Z,buy,7.08e-06,4360.0,0.0308688
OAX/BTC,1578040821648,2020-01-03T08:40:21.648Z,sell,7.08e-06,717.0,0.00507636
OAX/BTC,1578040822712,2020-01-03T08:40:22.712Z,sell,7.08e-06,314.0,0.00222312
OAX/BTC,1578040883500,2020-01-03T08:41:23.500Z,buy,7.09e-06,5622.0,0.0398599799999999
OAX/BTC,1578040883530,2020-01-03T08:41:23.530Z,buy,7.09e-06,2474.0,0.01754066
OAX/BTC,1578040936466,2020-01-03T08:42:16.466Z,buy,7.1e-06,1316.0,0.0093436
OAX/BTC,1578040937565,2020-01-03T08:42:17.565Z,buy,7.11e-06,3977.0,0.0282764699999999
OAX/BTC,1578040938578,2020-01-03T08:42:18.578Z,buy,7.11e-06,2761.0,0.01963071
OAX/BTC,1578040940766,2020-01-03T08:42:20.766Z,buy,7.11e-06,218.0,0.0015499799999999
OAX/BTC,1578040940766,2020-01-03T08:42:20.766Z,buy,7.12e-06,7.0,4.984e-05
OAX/BTC,1578040943071,2020-01-03T08:42:23.071Z,buy,7.13e-06,863.0,0.00615319
OAX/BTC,1578040954010,2020-01-03T08:42:34.010Z,sell,7.09e-06,145.0,0.00102805
OAX/BTC,1578041123853,2020-01-03T08:45:23.853Z,sell,7.11e-06,225.0,0.0015997499999999
OAX/BTC,1578041176134,2020-01-03T08:46:16.134Z,sell,7.1e-06,16.0,0.0001136
OAX/BTC,1578041176134,2020-01-03T08:46:16.134Z,sell,7.09e-06,5850.0,0.0414765
OAX/BTC,1578041176134,2020-01-03T08:46:16.134Z,sell,7.08e-06,3487.0,0.02468796
OAX/BTC,1578041185575,2020-01-03T08:46:25.575Z,sell,7.08e-06,1031.0,0.00729948
OAX/BTC,1578041276714,2020-01-03T08:47:56.714Z,sell,7.08e-06,7467.0,0.05286636
OAX/BTC,1578041276714,2020-01-03T08:47:56.714Z,sell,7.08e-06,7467.0,0.05286636
OAX/BTC,1578041742087,2020-01-03T08:55:42.087Z,sell,7.08e-06,241.0,0.00170628
OAX/BTC,1578042479120,2020-01-03T09:07:59.120Z,sell,7.08e-06,365.0,0.0025842
OAX/BTC,1578042557945,2020-01-03T09:09:17.945Z,sell,7.08e-06,2524.0,0.01786992
OAX/BTC,1578042561105,2020-01-03T09:09:21.105Z,sell,7.07e-06,1850.0,0.0130795
OAX/BTC,1578042562124,2020-01-03T09:09:22.124Z,sell,7.07e-06,1396.0,0.00986972
OAX/BTC,1578042579780,2020-01-03T09:09:39.780Z,sell,7.06e-06,16.0,0.00011296
OAX/BTC,1578042579813,2020-01-03T09:09:39.813Z,buy,7.06e-06,212.0,0.00149672
OAX/BTC,1578042611381,2020-01-03T09:10:11.381Z,sell,7.07e-06,15.0,0.00010605
OAX/BTC,1578042636623,2020-01-03T09:10:36.623Z,sell,7.05e-06,512.0,0.0036096
OAX/BTC,1578042681445,2020-01-03T09:11:21.445Z,buy,7.06e-06,16.0,0.00011296
OAX/BTC,1578042744692,2020-01-03T09:12:24.692Z,sell,7.05e-06,16.0,0.0001128
OAX/BTC,1578042744692,2020-01-03T09:12:24.692Z,sell,7.04e-06,7048.0,0.04961792
OAX/BTC,1578042744692,2020-01-03T09:12:24.692Z,sell,7.03e-06,40.0,0.0002812
OAX/BTC,1578042744692,2020-01-03T09:12:24.692Z,sell,7.02e-06,12670.0,0.0889433999999999
OAX/BTC,1578042744692,2020-01-03T09:12:24.692Z,sell,7.01e-06,800.0,0.005608
OAX/BTC,1578042744692,2020-01-03T09:12:24.692Z,sell,7e-06,1022.0,0.007154
OAX/BTC,1578042744723,2020-01-03T09:12:24.723Z,buy,7e-06,214.0,0.001498
OAX/BTC,1578042753525,2020-01-03T09:12:33.525Z,buy,7e-06,26.0,0.000182
OAX/BTC,1578042753525,2020-01-03T09:12:33.525Z,buy,7.03e-06,16.0,0.00011248
OAX/BTC,1578042753525,2020-01-03T09:12:33.525Z,buy,7.04e-06,17.0,0.00011968
OAX/BTC,1578042753525,2020-01-03T09:12:33.525Z,buy,7.05e-06,16.0,0.0001128
OAX/BTC,1578042753525,2020-01-03T09:12:33.525Z,buy,7.06e-06,16.0,0.00011296
OAX/BTC,1578042753525,2020-01-03T09:12:33.525Z,buy,7.07e-06,54.0,0.00038178
OAX/BTC,1578042897800,2020-01-03T09:14:57.800Z,sell,7.05e-06,16.0,0.0001128
OAX/BTC,1578042897800,2020-01-03T09:14:57.800Z,sell,7.03e-06,16.0,0.00011248
OAX/BTC,1578042897800,2020-01-03T09:14:57.800Z,sell,7.01e-06,33.0,0.00023133
OAX/BTC,1578042897800,2020-01-03T09:14:57.800Z,sell,6.99e-06,424.0,0.00296376
OAX/BTC,1578042901037,2020-01-03T09:15:01.037Z,sell,7e-06,4643.0,0.032501
OAX/BTC,1578043060376,2020-01-03T09:17:40.376Z,buy,7.01e-06,16.0,0.00011216
OAX/BTC,1578043060376,2020-01-03T09:17:40.376Z,buy,7.03e-06,16.0,0.00011248
OAX/BTC,1578043060406,2020-01-03T09:17:40.406Z,sell,7.03e-06,61.0,0.00042883
OAX/BTC,1578043072529,2020-01-03T09:17:52.529Z,sell,7.01e-06,16.0,0.00011216
OAX/BTC,1578043072529,2020-01-03T09:17:52.529Z,sell,7e-06,91.0,0.000637
OAX/BTC,1578043072529,2020-01-03T09:17:52.529Z,sell,6.99e-06,4763.0,0.03329337
OAX/BTC,1578043156995,2020-01-03T09:19:16.995Z,sell,7e-06,939.0,0.006573
OAX/BTC,1578043350005,2020-01-03T09:22:30.005Z,sell,7e-06,364.0,0.002548
OAX/BTC,1578043351795,2020-01-03T09:22:31.795Z,sell,7e-06,251.0,0.0017569999999999
OAX/BTC,1578043355796,2020-01-03T09:22:35.796Z,sell,7e-06,170.0,0.00119
OAX/BTC,1578044354653,2020-01-03T09:39:14.653Z,sell,7e-06,2159.0,0.015113
OAX/BTC,1578044354653,2020-01-03T09:39:14.653Z,sell,6.99e-06,16.0,0.00011184
OAX/BTC,1578044354653,2020-01-03T09:39:14.653Z,sell,6.98e-06,8883.0,0.06200334
OAX/BTC,1578044440252,2020-01-03T09:40:40.252Z,buy,7.01e-06,33.0,0.00023133
OAX/BTC,1578044440252,2020-01-03T09:40:40.252Z,buy,7.01e-06,33.0,0.00023133
OAX/BTC,1578045295166,2020-01-03T09:54:55.166Z,sell,6.99e-06,1190.0,0.0083181
OAX/BTC,1578045295166,2020-01-03T09:54:55.166Z,sell,6.98e-06,5584.0,0.03897632
OAX/BTC,1578045313597,2020-01-03T09:55:13.597Z,sell,6.97e-06,7602.0,0.05298594
OAX/BTC,1578045722872,2020-01-03T10:02:02.872Z,buy,6.99e-06,16.0,0.00011184
OAX/BTC,1578045722872,2020-01-03T10:02:02.872Z,buy,7.01e-06,33.0,0.00023133
OAX/BTC,1578045722872,2020-01-03T10:02:02.872Z,buy,7.02e-06,606.0,0.00425412
OAX/BTC,1578045722872,2020-01-03T10:02:02.872Z,buy,7.03e-06,2901.0,0.02039403
OAX/BTC,1578045866689,2020-01-03T10:04:26.689Z,sell,7.01e-06,16.0,0.00011216
OAX/BTC,1578045870458,2020-01-03T10:04:30.458Z,sell,7e-06,829.0,0.005803
OAX/BTC,1578045871971,2020-01-03T10:04:31.971Z,sell,7e-06,573.0,0.004011
OAX/BTC,1578045919994,2020-01-03T10:05:19.994Z,sell,7e-06,65.0,0.000455
OAX/BTC,1578045993161,2020-01-03T10:06:33.161Z,sell,6.99e-06,3655.0,0.02554845
OAX/BTC,1578045993245,2020-01-03T10:06:33.245Z,sell,6.99e-06,1485.0,0.01038015
OAX/BTC,1578046002802,2020-01-03T10:06:42.802Z,sell,6.98e-06,61.0,0.00042578
OAX/BTC,1578046007083,2020-01-03T10:06:47.083Z,sell,6.98e-06,112.0,0.00078176
OAX/BTC,1578046100819,2020-01-03T10:08:20.819Z,sell,6.98e-06,452.0,0.00315496
OAX/BTC,1578046100819,2020-01-03T10:08:20.819Z,sell,6.97e-06,1541.0,0.01074077
OAX/BTC,1578046130262,2020-01-03T10:08:50.262Z,sell,6.97e-06,100.0,0.000697
OAX/BTC,1578046445953,2020-01-03T10:14:05.953Z,sell,6.98e-06,300.0,0.002094
OAX/BTC,1578046485655,2020-01-03T10:14:45.655Z,sell,6.98e-06,2760.0,0.0192648
OAX/BTC,1578046823333,2020-01-03T10:20:23.333Z,sell,6.97e-06,200.0,0.001394
OAX/BTC,1578046846748,2020-01-03T10:20:46.748Z,sell,6.97e-06,2968.0,0.02068696
OAX/BTC,1578046846748,2020-01-03T10:20:46.748Z,sell,6.96e-06,1321.0,0.00919416
OAX/BTC,1578047534462,2020-01-03T10:32:14.462Z,sell,6.96e-06,687.0,0.00478152
OAX/BTC,1578047534573,2020-01-03T10:32:14.573Z,buy,6.96e-06,42.0,0.00029232
OAX/BTC,1578047608694,2020-01-03T10:33:28.694Z,buy,6.96e-06,35.0,0.0002436
OAX/BTC,1578047783615,2020-01-03T10:36:23.615Z,buy,6.96e-06,1995.0,0.0138852
OAX/BTC,1578047783615,2020-01-03T10:36:23.615Z,buy,6.96e-06,1995.0,0.0138852
OAX/BTC,1578048681266,2020-01-03T10:51:21.266Z,buy,6.97e-06,16.0,0.00011152
OAX/BTC,1578048681266,2020-01-03T10:51:21.266Z,buy,6.98e-06,217.0,0.00151466
OAX/BTC,1578048861891,2020-01-03T10:54:21.891Z,buy,6.98e-06,8.0,5.584e-05
OAX/BTC,1578048861891,2020-01-03T10:54:21.891Z,buy,6.99e-06,1031.0,0.00720669
OAX/BTC,1578048861891,2020-01-03T10:54:21.891Z,buy,7.01e-06,2461.0,0.01725161
OAX/BTC,1578048883895,2020-01-03T10:54:43.895Z,buy,7.02e-06,107.0,0.00075114
OAX/BTC,1578048885977,2020-01-03T10:54:45.977Z,sell,7.02e-06,21647.0,0.15196194
OAX/BTC,1578048886012,2020-01-03T10:54:46.012Z,sell,7.02e-06,6814.0,0.04783428
OAX/BTC,1578048889170,2020-01-03T10:54:49.170Z,sell,7.02e-06,2164.0,0.01519128
OAX/BTC,1578049233273,2020-01-03T11:00:33.273Z,buy,7.01e-06,15.0,0.00010515
OAX/BTC,1578049233273,2020-01-03T11:00:33.273Z,buy,7.03e-06,98.0,0.00068894
OAX/BTC,1578049534330,2020-01-03T11:05:34.330Z,buy,7.03e-06,23.0,0.0001616899999999
OAX/BTC,1578049534330,2020-01-03T11:05:34.330Z,buy,7.04e-06,17.0,0.00011968
OAX/BTC,1578049534330,2020-01-03T11:05:34.330Z,buy,7.05e-06,513.0,0.00361665
OAX/BTC,1578049534330,2020-01-03T11:05:34.330Z,buy,7.06e-06,16.0,0.00011296
OAX/BTC,1578049534330,2020-01-03T11:05:34.330Z,buy,7.07e-06,53.0,0.00037471
OAX/BTC,1578049534330,2020-01-03T11:05:34.330Z,buy,7.08e-06,1256.0,0.00889248
OAX/BTC,1578049573529,2020-01-03T11:06:13.529Z,sell,7.06e-06,16.0,0.00011296
OAX/BTC,1578049573529,2020-01-03T11:06:13.529Z,sell,7.05e-06,16.0,0.0001128
OAX/BTC,1578049637568,2020-01-03T11:07:17.568Z,buy,7.05e-06,15.0,0.00010575
OAX/BTC,1578050144400,2020-01-03T11:15:44.400Z,sell,7.04e-06,396.0,0.00278784
OAX/BTC,1578050147293,2020-01-03T11:15:47.293Z,buy,7.04e-06,427.0,0.00300608
OAX/BTC,1578050652174,2020-01-03T11:24:12.174Z,sell,7.03e-06,16.0,0.00011248
OAX/BTC,1578050652174,2020-01-03T11:24:12.174Z,sell,7.02e-06,140.0,0.0009828
OAX/BTC,1578050652174,2020-01-03T11:24:12.174Z,sell,7.01e-06,1060.0,0.0074306
OAX/BTC,1578050977128,2020-01-03T11:29:37.128Z,buy,7.03e-06,16.0,0.00011248
OAX/BTC,1578051074547,2020-01-03T11:31:14.547Z,buy,7.05e-06,16.0,0.0001128
OAX/BTC,1578051151184,2020-01-03T11:32:31.184Z,sell,7.05e-06,512.0,0.0036096
OAX/BTC,1578051151184,2020-01-03T11:32:31.184Z,sell,7.03e-06,16.0,0.00011248
OAX/BTC,1578051151184,2020-01-03T11:32:31.184Z,sell,7.02e-06,15.0,0.0001053
OAX/BTC,1578051151184,2020-01-03T11:32:31.184Z,sell,7.01e-06,20.0,0.0001402
OAX/BTC,1578051151184,2020-01-03T11:32:31.184Z,sell,7e-06,22.0,0.000154
OAX/BTC,1578051151184,2020-01-03T11:32:31.184Z,sell,6.99e-06,1028.0,0.00718572
OAX/BTC,1578051151200,2020-01-03T11:32:31.200Z,buy,6.99e-06,90.0,0.0006291
OAX/BTC,1578051151200,2020-01-03T11:32:31.200Z,buy,6.99e-06,90.0,0.0006291
OAX/BTC,1578051151205,2020-01-03T11:32:31.205Z,sell,6.98e-06,512.0,0.00357376
OAX/BTC,1578051151206,2020-01-03T11:32:31.206Z,buy,6.99e-06,3281.0,0.02293419
OAX/BTC,1578051288215,2020-01-03T11:34:48.215Z,buy,7.01e-06,33.0,0.00023133
OAX/BTC,1578051308778,2020-01-03T11:35:08.778Z,sell,7.01e-06,46.0,0.00032246
OAX/BTC,1578051308778,2020-01-03T11:35:08.778Z,sell,7e-06,110.0,0.00077
OAX/BTC,1578051308778,2020-01-03T11:35:08.778Z,sell,6.99e-06,16.0,0.00011184
OAX/BTC,1578051308778,2020-01-03T11:35:08.778Z,sell,6.98e-06,593.0,0.00413914
OAX/BTC,1578051308778,2020-01-03T11:35:08.778Z,sell,6.97e-06,790.0,0.0055063
OAX/BTC,1578051311193,2020-01-03T11:35:11.193Z,buy,6.99e-06,16.0,0.00011184
OAX/BTC,1578051311193,2020-01-03T11:35:11.193Z,buy,6.99e-06,16.0,0.00011184
OAX/BTC,1578051406725,2020-01-03T11:36:46.725Z,sell,6.98e-06,103.0,0.00071894
OAX/BTC,1578051819450,2020-01-03T11:43:39.450Z,sell,6.98e-06,63.0,0.00043974
OAX/BTC,1578052460613,2020-01-03T11:54:20.613Z,buy,7e-06,90.0,0.00063
OAX/BTC,1578052460613,2020-01-03T11:54:20.613Z,buy,7.01e-06,33.0,0.00023133
OAX/BTC,1578052460613,2020-01-03T11:54:20.613Z,buy,7.02e-06,107.0,0.00075114
OAX/BTC,1578052460613,2020-01-03T11:54:20.613Z,buy,7.03e-06,16.0,0.00011248
OAX/BTC,1578052460613,2020-01-03T11:54:20.613Z,buy,7.04e-06,17.0,0.00011968
OAX/BTC,1578052460613,2020-01-03T11:54:20.613Z,buy,7.05e-06,16.0,0.0001128
OAX/BTC,1578052460613,2020-01-03T11:54:20.613Z,buy,7.06e-06,16.0,0.00011296
OAX/BTC,1578052460613,2020-01-03T11:54:20.613Z,buy,7.07e-06,1567.0,0.01107869
OAX/BTC,1578052460613,2020-01-03T11:54:20.613Z,buy,7.08e-06,3608.0,0.02554464
OAX/BTC,1578052460613,2020-01-03T11:54:20.613Z,buy,7.09e-06,1630.0,0.0115567
OAX/BTC,1578052462774,2020-01-03T11:54:22.774Z,sell,7.03e-06,754.0,0.00530062
OAX/BTC,1578052466551,2020-01-03T11:54:26.551Z,sell,7.06e-06,16.0,0.00011296
OAX/BTC,1578052466551,2020-01-03T11:54:26.551Z,sell,7.05e-06,16.0,0.0001128
OAX/BTC,1578052466551,2020-01-03T11:54:26.551Z,sell,7.04e-06,17.0,0.00011968
OAX/BTC,1578052466551,2020-01-03T11:54:26.551Z,sell,7.03e-06,770.0,0.0054131
OAX/BTC,1578052742785,2020-01-03T11:59:02.785Z,sell,7.03e-06,493.0,0.00346579
OAX/BTC,1578053602429,2020-01-03T12:13:22.429Z,sell,7.04e-06,423.0,0.00297792
OAX/BTC,1578053828210,2020-01-03T12:17:08.210Z,sell,7.04e-06,15.0,0.0001056
OAX/BTC,1578053890555,2020-01-03T12:18:10.555Z,sell,7.04e-06,76.0,0.00053504
OAX/BTC,1578054013618,2020-01-03T12:20:13.618Z,buy,7.05e-06,16.0,0.0001128
OAX/BTC,1578054013724,2020-01-03T12:20:13.724Z,sell,7.05e-06,26.0,0.0001833
OAX/BTC,1578054013763,2020-01-03T12:20:13.763Z,sell,7.05e-06,635.0,0.00447675
OAX/BTC,1578054013867,2020-01-03T12:20:13.867Z,sell,7.05e-06,1402.0,0.0098841
OAX/BTC,1578054013991,2020-01-03T12:20:13.991Z,sell,7.05e-06,1366.0,0.0096303
OAX/BTC,1578054014087,2020-01-03T12:20:14.087Z,sell,7.05e-06,1235.0,0.00870675
OAX/BTC,1578054571803,2020-01-03T12:29:31.803Z,sell,7.05e-06,1818.0,0.0128169
OAX/BTC,1578054571803,2020-01-03T12:29:31.803Z,sell,7.05e-06,1818.0,0.0128169
OAX/BTC,1578055016419,2020-01-03T12:36:56.419Z,buy,7.05e-06,2989.0,0.02107245
OAX/BTC,1578055836491,2020-01-03T12:50:36.491Z,buy,7.04e-06,1998.0,0.01406592
OAX/BTC,1578056340176,2020-01-03T12:59:00.176Z,sell,7.04e-06,15.0,0.0001056
OAX/BTC,1578056340176,2020-01-03T12:59:00.176Z,sell,7.03e-06,5355.0,0.0376456499999999
OAX/BTC,1578056340194,2020-01-03T12:59:00.194Z,buy,7.03e-06,8854.0,0.06224362
OAX/BTC,1578056440738,2020-01-03T13:00:40.738Z,buy,7.05e-06,16.0,0.0001128
OAX/BTC,1578056440738,2020-01-03T13:00:40.738Z,buy,7.06e-06,5982.0,0.04223292
OAX/BTC,1578056440738,2020-01-03T13:00:40.738Z,buy,7.08e-06,5585.0,0.0395418
OAX/BTC,1578056440738,2020-01-03T13:00:40.738Z,buy,7.09e-06,97.0,0.00068773
OAX/BTC,1578056440738,2020-01-03T13:00:40.738Z,buy,7.1e-06,1161.0,0.0082431
OAX/BTC,1578056440738,2020-01-03T13:00:40.738Z,buy,7.11e-06,5469.0,0.03888459
OAX/BTC,1578056440738,2020-01-03T13:00:40.738Z,buy,7.12e-06,690.0,0.0049128
OAX/BTC,1578056448523,2020-01-03T13:00:48.523Z,buy,7.09e-06,16.0,0.00011344
OAX/BTC,1578056464104,2020-01-03T13:01:04.104Z,sell,7.08e-06,33.0,0.00023364
OAX/BTC,1578056464104,2020-01-03T13:01:04.104Z,sell,7.07e-06,107.0,0.00075649
OAX/BTC,1578056464104,2020-01-03T13:01:04.104Z,sell,7.06e-06,5.0,3.5300000000000004e-05
OAX/BTC,1578056493119,2020-01-03T13:01:33.119Z,sell,7.06e-06,11.0,7.766e-05
OAX/BTC,1578056548736,2020-01-03T13:02:28.736Z,sell,7.05e-06,16.0,0.0001128
OAX/BTC,1578056548736,2020-01-03T13:02:28.736Z,sell,7.04e-06,17.0,0.00011968
OAX/BTC,1578056713321,2020-01-03T13:05:13.321Z,buy,7.04e-06,3172.0,0.02233088
OAX/BTC,1578056724353,2020-01-03T13:05:24.353Z,buy,7.04e-06,1633.0,0.01149632
OAX/BTC,1578056730370,2020-01-03T13:05:30.370Z,buy,7.04e-06,1088.0,0.00765952
OAX/BTC,1578057106593,2020-01-03T13:11:46.593Z,buy,7.05e-06,7112.0,0.0501396
OAX/BTC,1578057218612,2020-01-03T13:13:38.612Z,sell,7.03e-06,16.0,0.00011248
OAX/BTC,1578057218666,2020-01-03T13:13:38.666Z,sell,7.02e-06,140.0,0.0009828
OAX/BTC,1578057226368,2020-01-03T13:13:46.368Z,sell,7.01e-06,785.0,0.00550285
OAX/BTC,1578057244254,2020-01-03T13:14:04.254Z,buy,7.03e-06,16.0,0.00011248
OAX/BTC,1578057244254,2020-01-03T13:14:04.254Z,buy,7.04e-06,17.0,0.00011968
OAX/BTC,1578057244254,2020-01-03T13:14:04.254Z,buy,7.05e-06,112.0,0.0007896
OAX/BTC,1578057426362,2020-01-03T13:17:06.362Z,sell,7.02e-06,1845.0,0.0129518999999999
OAX/BTC,1578057443392,2020-01-03T13:17:23.392Z,sell,7.04e-06,1200.0,0.008448
OAX/BTC,1578057464507,2020-01-03T13:17:44.507Z,sell,7.04e-06,26.0,0.00018304
OAX/BTC,1578057878743,2020-01-03T13:24:38.743Z,buy,7.03e-06,1712.0,0.01203536
OAX/BTC,1578058083034,2020-01-03T13:28:03.034Z,sell,7.01e-06,722.0,0.00506122
OAX/BTC,1578058135602,2020-01-03T13:28:55.602Z,buy,7.02e-06,1142.0,0.0080168399999999
OAX/BTC,1578058136089,2020-01-03T13:28:56.089Z,buy,7.02e-06,761.0,0.00534222
OAX/BTC,1578058136089,2020-01-03T13:28:56.089Z,buy,7.03e-06,1308.0,0.0091952399999999
OAX/BTC,1578058136089,2020-01-03T13:28:56.089Z,buy,7.02e-06,761.0,0.00534222
OAX/BTC,1578058136089,2020-01-03T13:28:56.089Z,buy,7.03e-06,1308.0,0.0091952399999999
OAX/BTC,1578058200861,2020-01-03T13:30:00.861Z,buy,7.03e-06,27.0,0.00018981
OAX/BTC,1578058268714,2020-01-03T13:31:08.714Z,sell,7.02e-06,2022.0,0.01419444
OAX/BTC,1578058317850,2020-01-03T13:31:57.850Z,buy,7.02e-06,76.0,0.00053352
OAX/BTC,1578058479077,2020-01-03T13:34:39.077Z,buy,7.02e-06,1181.0,0.00829062
OAX/BTC,1578058479193,2020-01-03T13:34:39.193Z,buy,7.02e-06,787.0,0.0055247399999999
OAX/BTC,1578058631720,2020-01-03T13:37:11.720Z,sell,7.02e-06,2730.0,0.0191646
OAX/BTC,1578058631720,2020-01-03T13:37:11.720Z,sell,7.01e-06,148.0,0.00103748
OAX/BTC,1578058636389,2020-01-03T13:37:16.389Z,sell,7.01e-06,1336.0,0.00936536
OAX/BTC,1578058636397,2020-01-03T13:37:16.397Z,sell,7e-06,1022.0,0.007154
OAX/BTC,1578058636407,2020-01-03T13:37:16.407Z,sell,7.01e-06,890.0,0.0062388999999999
OAX/BTC,1578058636473,2020-01-03T13:37:16.473Z,sell,6.99e-06,34.0,0.00023766
OAX/BTC,1578058640435,2020-01-03T13:37:20.435Z,sell,7e-06,594.0,0.004158
OAX/BTC,1578058640435,2020-01-03T13:37:20.435Z,sell,6.99e-06,1689.0,0.01180611
OAX/BTC,1578058641875,2020-01-03T13:37:21.875Z,sell,7e-06,20.0,0.00014
OAX/BTC,1578058647251,2020-01-03T13:37:27.251Z,buy,7.01e-06,16.0,0.00011216
OAX/BTC,1578058748199,2020-01-03T13:39:08.199Z,buy,7.01e-06,15.0,0.00010515
OAX/BTC,1578058804778,2020-01-03T13:40:04.778Z,buy,7.01e-06,13.0,9.113e-05
OAX/BTC,1578058804778,2020-01-03T13:40:04.778Z,buy,7.03e-06,16.0,0.00011248
OAX/BTC,1578058804778,2020-01-03T13:40:04.778Z,buy,7.04e-06,17.0,0.00011968
OAX/BTC,1578058804778,2020-01-03T13:40:04.778Z,buy,7.05e-06,2354.0,0.0165957
OAX/BTC,1578058804778,2020-01-03T13:40:04.778Z,buy,7.06e-06,16.0,0.00011296
OAX/BTC,1578058804778,2020-01-03T13:40:04.778Z,buy,7.07e-06,107.0,0.00075649
OAX/BTC,1578058804778,2020-01-03T13:40:04.778Z,buy,7.08e-06,620.0,0.0043896
OAX/BTC,1578058804778,2020-01-03T13:40:04.778Z,buy,7.09e-06,2840.0,0.0201356
OAX/BTC,1578058804778,2020-01-03T13:40:04.778Z,buy,7.1e-06,1161.0,0.0082431
OAX/BTC,1578058804778,2020-01-03T13:40:04.778Z,buy,7.11e-06,124.0,0.0008816399999999
OAX/BTC,1578058805021,2020-01-03T13:40:05.021Z,buy,7.05e-06,1558.0,0.0109839
OAX/BTC,1578058806510,2020-01-03T13:40:06.510Z,buy,7.05e-06,107.0,0.00075435
OAX/BTC,1578058807279,2020-01-03T13:40:07.279Z,buy,7.05e-06,17.0,0.00011985
OAX/BTC,1578058807622,2020-01-03T13:40:07.622Z,buy,7.05e-06,915.0,0.00645075
OAX/BTC,1578058808426,2020-01-03T13:40:08.426Z,buy,7.08e-06,16.0,0.00011328
OAX/BTC,1578058834203,2020-01-03T13:40:34.203Z,sell,7.06e-06,16.0,0.00011296
OAX/BTC,1578058834203,2020-01-03T13:40:34.203Z,sell,7.05e-06,16.0,0.0001128
OAX/BTC,1578058834203,2020-01-03T13:40:34.203Z,sell,7.04e-06,113.0,0.00079552
OAX/BTC,1578058837521,2020-01-03T13:40:37.521Z,sell,7.04e-06,1067.0,0.00751168
OAX/BTC,1578058837549,2020-01-03T13:40:37.549Z,sell,7.04e-06,915.0,0.0064416
OAX/BTC,1578058898065,2020-01-03T13:41:38.065Z,buy,7.05e-06,568.0,0.0040044
OAX/BTC,1578058898592,2020-01-03T13:41:38.592Z,buy,7.05e-06,650.0,0.0045825
OAX/BTC,1578058899203,2020-01-03T13:41:39.203Z,buy,7.06e-06,16.0,0.00011296
OAX/BTC,1578058910587,2020-01-03T13:41:50.587Z,buy,7.07e-06,227.0,0.00160489
OAX/BTC,1578058926629,2020-01-03T13:42:06.629Z,buy,7.07e-06,747.0,0.00528129
OAX/BTC,1578058939521,2020-01-03T13:42:19.521Z,buy,7.08e-06,33.0,0.00023364
OAX/BTC,1578058939553,2020-01-03T13:42:19.553Z,sell,7.08e-06,664.0,0.00470112
OAX/BTC,1578058939639,2020-01-03T13:42:19.639Z,sell,7.08e-06,953.0,0.00674724
OAX/BTC,1578058950574,2020-01-03T13:42:30.574Z,buy,7.09e-06,142.0,0.00100678
OAX/BTC,1578058958769,2020-01-03T13:42:38.769Z,buy,7.08e-06,141.0,0.00099828
OAX/BTC,1578058960021,2020-01-03T13:42:40.021Z,buy,7.08e-06,56.0,0.00039648
OAX/BTC,1578058960416,2020-01-03T13:42:40.416Z,buy,7.08e-06,424.0,0.00300192
OAX/BTC,1578058973533,2020-01-03T13:42:53.533Z,sell,7.07e-06,668.0,0.00472276
OAX/BTC,1578059020232,2020-01-03T13:43:40.232Z,buy,7.07e-06,142.0,0.00100394
OAX/BTC,1578059028555,2020-01-03T13:43:48.555Z,sell,7.06e-06,16.0,0.00011296
OAX/BTC,1578059086351,2020-01-03T13:44:46.351Z,sell,7.05e-06,1016.0,0.0071628
OAX/BTC,1578059109711,2020-01-03T13:45:09.711Z,sell,7.04e-06,1444.0,0.01016576
OAX/BTC,1578059109784,2020-01-03T13:45:09.784Z,sell,7.03e-06,1943.0,0.01365929
OAX/BTC,1578059110523,2020-01-03T13:45:10.523Z,sell,7.03e-06,1284.0,0.00902652
OAX/BTC,1578059110961,2020-01-03T13:45:10.961Z,sell,7.02e-06,923.0,0.0064794599999999
OAX/BTC,1578059112574,2020-01-03T13:45:12.574Z,sell,7.01e-06,257.0,0.00180157
OAX/BTC,1578059525451,2020-01-03T13:52:05.451Z,sell,7.01e-06,1595.0,0.01118095
OAX/BTC,1578059582094,2020-01-03T13:53:02.094Z,sell,7e-06,473.0,0.003311
OAX/BTC,1578059583502,2020-01-03T13:53:03.502Z,buy,7.03e-06,16.0,0.00011248
OAX/BTC,1578059583502,2020-01-03T13:53:03.502Z,buy,7.04e-06,17.0,0.00011968
OAX/BTC,1578059583502,2020-01-03T13:53:03.502Z,buy,7.05e-06,112.0,0.0007896
OAX/BTC,1578059587526,2020-01-03T13:53:07.526Z,sell,7.03e-06,16.0,0.00011248
OAX/BTC,1578059815979,2020-01-03T13:56:55.979Z,sell,7.01e-06,33.0,0.00023133
OAX/BTC,1578059815979,2020-01-03T13:56:55.979Z,sell,7e-06,1152.0,0.008064
OAX/BTC,1578059816033,2020-01-03T13:56:56.033Z,sell,6.99e-06,865.0,0.00604635
OAX/BTC,1578059820302,2020-01-03T13:57:00.302Z,buy,6.99e-06,326.0,0.00227874
OAX/BTC,1578060222132,2020-01-03T14:03:42.132Z,sell,6.99e-06,927.0,0.00647973
OAX/BTC,1578060952036,2020-01-03T14:15:52.036Z,sell,6.99e-06,3747.0,0.02619153
OAX/BTC,1578060952078,2020-01-03T14:15:52.078Z,sell,6.98e-06,124.0,0.00086552
OAX/BTC,1578060952078,2020-01-03T14:15:52.078Z,sell,6.97e-06,207.0,0.00144279
OAX/BTC,1578060955127,2020-01-03T14:15:55.127Z,sell,6.96e-06,7961.0,0.05540856
OAX/BTC,1578060967935,2020-01-03T14:16:07.935Z,buy,6.97e-06,15.0,0.00010455
OAX/BTC,1578061046145,2020-01-03T14:17:26.145Z,buy,6.97e-06,1.0,6.97e-06
OAX/BTC,1578061252630,2020-01-03T14:20:52.630Z,sell,6.97e-06,8330.0,0.0580601
OAX/BTC,1578061252630,2020-01-03T14:20:52.630Z,sell,6.96e-06,2888.0,0.02010048
OAX/BTC,1578061252630,2020-01-03T14:20:52.630Z,sell,6.97e-06,8330.0,0.0580601
OAX/BTC,1578061252630,2020-01-03T14:20:52.630Z,sell,6.96e-06,2888.0,0.02010048
OAX/BTC,1578062103049,2020-01-03T14:35:03.049Z,buy,6.99e-06,16.0,0.00011184
OAX/BTC,1578062103049,2020-01-03T14:35:03.049Z,buy,7.01e-06,33.0,0.00023133
OAX/BTC,1578062103049,2020-01-03T14:35:03.049Z,buy,7.02e-06,107.0,0.00075114
OAX/BTC,1578062103049,2020-01-03T14:35:03.049Z,buy,7.03e-06,117.0,0.0008225099999999
OAX/BTC,1578062660060,2020-01-03T14:44:20.060Z,sell,7.01e-06,15.0,0.00010515
OAX/BTC,1578062934887,2020-01-03T14:48:54.887Z,sell,7.01e-06,23.0,0.00016123
OAX/BTC,1578063293401,2020-01-03T14:54:53.401Z,sell,7.01e-06,7110.0,0.0498411
OAX/BTC,1578063879508,2020-01-03T15:04:39.508Z,sell,6.99e-06,16.0,0.00011184
OAX/BTC,1578063879508,2020-01-03T15:04:39.508Z,sell,6.98e-06,124.0,0.00086552
OAX/BTC,1578063879508,2020-01-03T15:04:39.508Z,sell,6.97e-06,67.0,0.00046699
OAX/BTC,1578063879508,2020-01-03T15:04:39.508Z,sell,6.96e-06,2867.0,0.01995432
OAX/BTC,1578063882244,2020-01-03T15:04:42.244Z,sell,7e-06,16.0,0.000112
OAX/BTC,1578063882833,2020-01-03T15:04:42.833Z,sell,7e-06,12.0,8.4e-05
OAX/BTC,1578064511511,2020-01-03T15:15:11.511Z,buy,6.99e-06,4.0,2.796e-05
OAX/BTC,1578064511511,2020-01-03T15:15:11.511Z,buy,7.01e-06,33.0,0.00023133
OAX/BTC,1578064620357,2020-01-03T15:17:00.357Z,buy,7e-06,15.0,0.000105
OAX/BTC,1578064620357,2020-01-03T15:17:00.357Z,buy,7.02e-06,135.0,0.0009477
OAX/BTC,1578064620357,2020-01-03T15:17:00.357Z,buy,7.03e-06,16.0,0.00011248
OAX/BTC,1578064620357,2020-01-03T15:17:00.357Z,buy,7.04e-06,953.0,0.00670912
OAX/BTC,1578064620357,2020-01-03T15:17:00.357Z,buy,7.05e-06,865.0,0.00609825
OAX/BTC,1578064620357,2020-01-03T15:17:00.357Z,buy,7.06e-06,7169.0,0.05061314
OAX/BTC,1578064620357,2020-01-03T15:17:00.357Z,buy,7.07e-06,847.0,0.00598829
OAX/BTC,1578064623616,2020-01-03T15:17:03.616Z,buy,7.05e-06,16.0,0.0001128
OAX/BTC,1578064623616,2020-01-03T15:17:03.616Z,buy,7.05e-06,16.0,0.0001128
OAX/BTC,1578064877990,2020-01-03T15:21:17.990Z,buy,7.05e-06,493.0,0.00347565
OAX/BTC,1578064951244,2020-01-03T15:22:31.244Z,sell,7.03e-06,461.0,0.0032408299999999
OAX/BTC,1578064951450,2020-01-03T15:22:31.450Z,sell,7.03e-06,218.0,0.00153254
OAX/BTC,1578064966810,2020-01-03T15:22:46.810Z,buy,7.05e-06,218.0,0.0015369
OAX/BTC,1578065514317,2020-01-03T15:31:54.317Z,sell,7.02e-06,40.0,0.0002808
OAX/BTC,1578065514428,2020-01-03T15:31:54.428Z,sell,7.02e-06,51.0,0.0003580199999999
OAX/BTC,1578065524032,2020-01-03T15:32:04.032Z,sell,7.02e-06,573.0,0.0040224599999999
OAX/BTC,1578065524134,2020-01-03T15:32:04.134Z,sell,7.02e-06,773.0,0.00542646
OAX/BTC,1578065524226,2020-01-03T15:32:04.226Z,sell,7.02e-06,206.0,0.00144612
OAX/BTC,1578065543338,2020-01-03T15:32:23.338Z,sell,7.03e-06,796.0,0.0055958799999999
OAX/BTC,1578065547848,2020-01-03T15:32:27.848Z,sell,7.03e-06,297.0,0.0020879099999999
OAX/BTC,1578065547872,2020-01-03T15:32:27.872Z,sell,7.03e-06,331.0,0.00232693
OAX/BTC,1578065816251,2020-01-03T15:36:56.251Z,sell,7.01e-06,33.0,0.00023133
OAX/BTC,1578065847094,2020-01-03T15:37:27.094Z,sell,6.99e-06,915.0,0.00639585
OAX/BTC,1578065851485,2020-01-03T15:37:31.485Z,sell,6.99e-06,347.0,0.00242553
OAX/BTC,1578065867115,2020-01-03T15:37:47.115Z,sell,6.99e-06,5172.0,0.03615228
OAX/BTC,1578066157461,2020-01-03T15:42:37.461Z,sell,6.99e-06,713.0,0.00498387
OAX/BTC,1578066388412,2020-01-03T15:46:28.412Z,sell,6.99e-06,362.0,0.00253038
OAX/BTC,1578066957987,2020-01-03T15:55:57.987Z,sell,6.99e-06,700.0,0.004893
OAX/BTC,1578067910364,2020-01-03T16:11:50.364Z,sell,6.99e-06,15.0,0.00010485
OAX/BTC,1578067919172,2020-01-03T16:11:59.172Z,buy,6.99e-06,30.0,0.0002097
OAX/BTC,1578068109812,2020-01-03T16:15:09.812Z,sell,6.98e-06,624.0,0.00435552
OAX/BTC,1578068109812,2020-01-03T16:15:09.812Z,sell,6.97e-06,66.0,0.00046002
OAX/BTC,1578068109812,2020-01-03T16:15:09.812Z,sell,6.96e-06,734.0,0.00510864
OAX/BTC,1578068111885,2020-01-03T16:15:11.885Z,sell,6.97e-06,16.0,0.00011152
OAX/BTC,1578068111885,2020-01-03T16:15:11.885Z,sell,6.97e-06,16.0,0.00011152
OAX/BTC,1578068298321,2020-01-03T16:18:18.321Z,sell,6.97e-06,484.0,0.00337348
OAX/BTC,1578068595017,2020-01-03T16:23:15.017Z,sell,6.97e-06,15.0,0.00010455
OAX/BTC,1578068805417,2020-01-03T16:26:45.417Z,sell,6.96e-06,16.0,0.00011136
OAX/BTC,1578068805417,2020-01-03T16:26:45.417Z,sell,6.95e-06,97.0,0.00067415
OAX/BTC,1578068872711,2020-01-03T16:27:52.711Z,sell,6.95e-06,2046.0,0.0142197
OAX/BTC,1578068872711,2020-01-03T16:27:52.711Z,sell,6.94e-06,1755.0,0.0121797
OAX/BTC,1578068873750,2020-01-03T16:27:53.750Z,sell,6.94e-06,20640.0,0.1432416
OAX/BTC,1578068873795,2020-01-03T16:27:53.795Z,buy,6.94e-06,216.0,0.0014990399999999
OAX/BTC,1578068873808,2020-01-03T16:27:53.808Z,buy,6.94e-06,34.0,0.0002359599999999
OAX/BTC,1578068873846,2020-01-03T16:27:53.846Z,buy,6.94e-06,216.0,0.0014990399999999
OAX/BTC,1578068887972,2020-01-03T16:28:07.972Z,buy,6.94e-06,15.0,0.0001041
OAX/BTC,1578068904808,2020-01-03T16:28:24.808Z,sell,6.92e-06,2673.0,0.01849716
OAX/BTC,1578068917545,2020-01-03T16:28:37.545Z,buy,6.92e-06,1393.0,0.00963956
OAX/BTC,1578069010952,2020-01-03T16:30:10.952Z,sell,6.91e-06,4047.0,0.02796477
OAX/BTC,1578069010952,2020-01-03T16:30:10.952Z,sell,6.9e-06,16652.0,0.1148988
OAX/BTC,1578069011013,2020-01-03T16:30:11.013Z,buy,6.9e-06,217.0,0.0014973
OAX/BTC,1578069012102,2020-01-03T16:30:12.102Z,buy,6.9e-06,638.0,0.0044022
OAX/BTC,1578069060647,2020-01-03T16:31:00.647Z,buy,6.9e-06,5650.0,0.038985
OAX/BTC,1578069060951,2020-01-03T16:31:00.951Z,buy,6.9e-06,15.0,0.0001035
OAX/BTC,1578069076236,2020-01-03T16:31:16.236Z,sell,6.89e-06,493.0,0.00339677
OAX/BTC,1578069084480,2020-01-03T16:31:24.480Z,buy,6.92e-06,79.0,0.00054668
OAX/BTC,1578069084505,2020-01-03T16:31:24.505Z,buy,6.92e-06,79.0,0.00054668
OAX/BTC,1578069090340,2020-01-03T16:31:30.340Z,buy,6.92e-06,16.0,0.00011072
OAX/BTC,1578069092214,2020-01-03T16:31:32.214Z,buy,6.92e-06,34.0,0.0002352799999999
OAX/BTC,1578069092214,2020-01-03T16:31:32.214Z,buy,6.93e-06,111.0,0.00076923
OAX/BTC,1578069092436,2020-01-03T16:31:32.436Z,buy,6.93e-06,577.0,0.00399861
OAX/BTC,1578069092445,2020-01-03T16:31:32.445Z,buy,6.93e-06,289.0,0.00200277
OAX/BTC,1578069093139,2020-01-03T16:31:33.139Z,buy,6.93e-06,289.0,0.00200277
OAX/BTC,1578069114500,2020-01-03T16:31:54.500Z,sell,6.9e-06,2879.0,0.0198651
OAX/BTC,1578069279151,2020-01-03T16:34:39.151Z,buy,6.92e-06,16.0,0.00011072
OAX/BTC,1578069279151,2020-01-03T16:34:39.151Z,buy,6.94e-06,16.0,0.00011104
OAX/BTC,1578069279151,2020-01-03T16:34:39.151Z,buy,6.95e-06,17.0,0.00011815
OAX/BTC,1578069301078,2020-01-03T16:35:01.078Z,buy,6.93e-06,726.0,0.00503118
OAX/BTC,1578069311197,2020-01-03T16:35:11.197Z,buy,6.96e-06,143.0,0.00099528
OAX/BTC,1578069714802,2020-01-03T16:41:54.802Z,buy,6.96e-06,1073.0,0.00746808
OAX/BTC,1578069714802,2020-01-03T16:41:54.802Z,buy,6.97e-06,74.0,0.00051578
OAX/BTC,1578069938543,2020-01-03T16:45:38.543Z,sell,6.96e-06,15.0,0.0001044
OAX/BTC,1578070063754,2020-01-03T16:47:43.754Z,sell,6.96e-06,511.0,0.00355656
OAX/BTC,1578070066973,2020-01-03T16:47:46.973Z,sell,6.96e-06,154.0,0.00107184
OAX/BTC,1578070066973,2020-01-03T16:47:46.973Z,sell,6.95e-06,689.0,0.00478855
OAX/BTC,1578070733408,2020-01-03T16:58:53.408Z,sell,6.94e-06,16.0,0.00011104
OAX/BTC,1578070733408,2020-01-03T16:58:53.408Z,sell,6.92e-06,53.0,0.00036676
OAX/BTC,1578070733408,2020-01-03T16:58:53.408Z,sell,6.9e-06,2033.0,0.0140277
OAX/BTC,1578070733417,2020-01-03T16:58:53.417Z,buy,6.9e-06,3115.0,0.0214935
OAX/BTC,1578071083022,2020-01-03T17:04:43.022Z,sell,6.9e-06,270.0,0.001863
OAX/BTC,1578071260710,2020-01-03T17:07:40.710Z,buy,6.92e-06,16.0,0.00011072
OAX/BTC,1578071260710,2020-01-03T17:07:40.710Z,buy,6.94e-06,16.0,0.00011104
OAX/BTC,1578071260710,2020-01-03T17:07:40.710Z,buy,6.95e-06,17.0,0.00011815
OAX/BTC,1578071269099,2020-01-03T17:07:49.099Z,sell,6.92e-06,8462.0,0.05855704
OAX/BTC,1578071269132,2020-01-03T17:07:49.132Z,buy,6.91e-06,2180.0,0.0150638
OAX/BTC,1578071269181,2020-01-03T17:07:49.181Z,buy,6.91e-06,654.0,0.00451914
OAX/BTC,1578071269230,2020-01-03T17:07:49.230Z,buy,6.91e-06,217.0,0.00149947
OAX/BTC,1578071269230,2020-01-03T17:07:49.230Z,buy,6.91e-06,64.0,0.00044224
OAX/BTC,1578071554184,2020-01-03T17:12:34.184Z,sell,6.91e-06,22456.0,0.15517096
OAX/BTC,1578071554184,2020-01-03T17:12:34.184Z,sell,6.91e-06,22456.0,0.15517096
OAX/BTC,1578072000161,2020-01-03T17:20:00.161Z,buy,6.94e-06,16.0,0.00011104
OAX/BTC,1578072000161,2020-01-03T17:20:00.161Z,buy,6.95e-06,17.0,0.00011815
OAX/BTC,1578072000161,2020-01-03T17:20:00.161Z,buy,6.96e-06,16.0,0.00011136
OAX/BTC,1578072653552,2020-01-03T17:30:53.552Z,buy,6.95e-06,9978.0,0.0693471
OAX/BTC,1578072653552,2020-01-03T17:30:53.552Z,buy,6.96e-06,11493.0,0.07999128
OAX/BTC,1578072653564,2020-01-03T17:30:53.564Z,sell,6.96e-06,6245.0,0.0434652
OAX/BTC,1578072653566,2020-01-03T17:30:53.566Z,sell,6.96e-06,23.0,0.00016008
OAX/BTC,1578072653570,2020-01-03T17:30:53.570Z,sell,6.96e-06,820.0,0.0057072
OAX/BTC,1578073203159,2020-01-03T17:40:03.159Z,buy,6.96e-06,15.0,0.0001044
OAX/BTC,1578073203159,2020-01-03T17:40:03.159Z,buy,6.97e-06,9929.0,0.06920513
OAX/BTC,1578073217755,2020-01-03T17:40:17.755Z,buy,6.98e-06,2606.0,0.01818988
OAX/BTC,1578073222170,2020-01-03T17:40:22.170Z,buy,6.99e-06,391.0,0.00273309
OAX/BTC,1578073222220,2020-01-03T17:40:22.220Z,buy,6.99e-06,391.0,0.00273309
OAX/BTC,1578073222567,2020-01-03T17:40:22.567Z,buy,6.99e-06,4480.0,0.0313152
OAX/BTC,1578073222781,2020-01-03T17:40:22.781Z,buy,6.99e-06,11512.0,0.08046888
OAX/BTC,1578073229911,2020-01-03T17:40:29.911Z,buy,6.99e-06,2909.0,0.02033391
OAX/BTC,1578073468058,2020-01-03T17:44:28.058Z,buy,7e-06,3180.0,0.02226
OAX/BTC,1578073770861,2020-01-03T17:49:30.861Z,sell,6.99e-06,284.0,0.00198516
OAX/BTC,1578073811424,2020-01-03T17:50:11.424Z,buy,7e-06,15.0,0.000105
OAX/BTC,1578073811486,2020-01-03T17:50:11.486Z,sell,7e-06,152.0,0.001064
OAX/BTC,1578073811941,2020-01-03T17:50:11.941Z,buy,7.01e-06,710.0,0.0049771
OAX/BTC,1578073817018,2020-01-03T17:50:17.018Z,buy,7.02e-06,12795.0,0.0898209
OAX/BTC,1578073818159,2020-01-03T17:50:18.159Z,sell,7.01e-06,15.0,0.00010515
OAX/BTC,1578073818159,2020-01-03T17:50:18.159Z,sell,7e-06,697.0,0.004879
OAX/BTC,1578073818159,2020-01-03T17:50:18.159Z,sell,6.99e-06,47.0,0.00032853
OAX/BTC,1578073823687,2020-01-03T17:50:23.687Z,buy,7.01e-06,16.0,0.00011216
OAX/BTC,1578073823687,2020-01-03T17:50:23.687Z,buy,7.02e-06,98.0,0.0006879599999999
OAX/BTC,1578073834307,2020-01-03T17:50:34.307Z,sell,6.99e-06,145.0,0.00101355
OAX/BTC,1578074454399,2020-01-03T18:00:54.399Z,buy,7e-06,214.0,0.001498
OAX/BTC,1578074454443,2020-01-03T18:00:54.443Z,buy,7e-06,214.0,0.001498
OAX/BTC,1578074454509,2020-01-03T18:00:54.509Z,buy,7e-06,350.0,0.00245
OAX/BTC,1578074456612,2020-01-03T18:00:56.612Z,buy,7e-06,15.0,0.000105
OAX/BTC,1578074456631,2020-01-03T18:00:56.631Z,buy,7e-06,251.0,0.0017569999999999
OAX/BTC,1578074457714,2020-01-03T18:00:57.714Z,buy,7e-06,174.0,0.001218
OAX/BTC,1578074589528,2020-01-03T18:03:09.528Z,buy,7e-06,1612.0,0.011284
OAX/BTC,1578074722681,2020-01-03T18:05:22.681Z,buy,7e-06,1496.0,0.010472
OAX/BTC,1578074722681,2020-01-03T18:05:22.681Z,buy,7.03e-06,1648.0,0.0115854399999999
OAX/BTC,1578074723887,2020-01-03T18:05:23.887Z,sell,7.03e-06,2560.0,0.0179968
OAX/BTC,1578074724981,2020-01-03T18:05:24.981Z,sell,7.03e-06,1776.0,0.01248528
OAX/BTC,1578074726094,2020-01-03T18:05:26.094Z,sell,7.03e-06,1232.0,0.0086609599999999
OAX/BTC,1578074727691,2020-01-03T18:05:27.691Z,sell,7.03e-06,851.0,0.00598253
OAX/BTC,1578074727713,2020-01-03T18:05:27.713Z,sell,7.03e-06,247.0,0.0017364099999999
OAX/BTC,1578074729882,2020-01-03T18:05:29.882Z,sell,7.03e-06,9565.0,0.06724195
OAX/BTC,1578074729897,2020-01-03T18:05:29.897Z,sell,7.03e-06,5432.0,0.03818696
OAX/BTC,1578074729904,2020-01-03T18:05:29.904Z,sell,7.03e-06,9226.0,0.0648587799999999
OAX/BTC,1578074731431,2020-01-03T18:05:31.431Z,buy,7.03e-06,1304.0,0.0091671199999999
OAX/BTC,1578074885215,2020-01-03T18:08:05.215Z,buy,7.02e-06,15.0,0.0001053
OAX/BTC,1578074885215,2020-01-03T18:08:05.215Z,buy,7.03e-06,551.0,0.0038735299999999
OAX/BTC,1578074937698,2020-01-03T18:08:57.698Z,buy,7.03e-06,924.0,0.00649572
OAX/BTC,1578075004645,2020-01-03T18:10:04.645Z,buy,7.03e-06,1000.0,0.00703
OAX/BTC,1578075004656,2020-01-03T18:10:04.656Z,buy,7.03e-06,187.0,0.00131461
OAX/BTC,1578075004656,2020-01-03T18:10:04.656Z,buy,7.04e-06,187.0,0.00131648
OAX/BTC,1578075004657,2020-01-03T18:10:04.657Z,buy,7.04e-06,187.0,0.00131648
OAX/BTC,1578075004657,2020-01-03T18:10:04.657Z,buy,7.04e-06,187.0,0.00131648
OAX/BTC,1578075004659,2020-01-03T18:10:04.659Z,buy,7.04e-06,187.0,0.00131648
OAX/BTC,1578075004659,2020-01-03T18:10:04.659Z,buy,7.04e-06,187.0,0.00131648
OAX/BTC,1578075004660,2020-01-03T18:10:04.660Z,buy,7.04e-06,187.0,0.00131648
OAX/BTC,1578075004660,2020-01-03T18:10:04.660Z,buy,7.04e-06,187.0,0.00131648
OAX/BTC,1578075004660,2020-01-03T18:10:04.660Z,buy,7.04e-06,187.0,0.00131648
OAX/BTC,1578075004660,2020-01-03T18:10:04.660Z,buy,7.04e-06,187.0,0.00131648
OAX/BTC,1578075004661,2020-01-03T18:10:04.661Z,buy,7.04e-06,187.0,0.00131648
OAX/BTC,1578075004661,2020-01-03T18:10:04.661Z,buy,7.04e-06,187.0,0.00131648
OAX/BTC,1578075004661,2020-01-03T18:10:04.661Z,buy,7.04e-06,187.0,0.00131648
OAX/BTC,1578075004661,2020-01-03T18:10:04.661Z,buy,7.04e-06,187.0,0.00131648
OAX/BTC,1578075004662,2020-01-03T18:10:04.662Z,buy,7.04e-06,187.0,0.00131648
OAX/BTC,1578075004662,2020-01-03T18:10:04.662Z,buy,7.04e-06,187.0,0.00131648
OAX/BTC,1578075004662,2020-01-03T18:10:04.662Z,buy,7.04e-06,187.0,0.00131648
OAX/BTC,1578075004662,2020-01-03T18:10:04.662Z,buy,7.04e-06,187.0,0.00131648
OAX/BTC,1578075004662,2020-01-03T18:10:04.662Z,buy,7.04e-06,187.0,0.00131648
OAX/BTC,1578075004662,2020-01-03T18:10:04.662Z,buy,7.04e-06,187.0,0.00131648
OAX/BTC,1578075004665,2020-01-03T18:10:04.665Z,buy,7.04e-06,187.0,0.00131648
OAX/BTC,1578075004665,2020-01-03T18:10:04.665Z,buy,7.04e-06,187.0,0.00131648
OAX/BTC,1578075004665,2020-01-03T18:10:04.665Z,buy,7.04e-06,187.0,0.00131648
OAX/BTC,1578075004665,2020-01-03T18:10:04.665Z,buy,7.04e-06,187.0,0.00131648
OAX/BTC,1578075004665,2020-01-03T18:10:04.665Z,buy,7.04e-06,1187.0,0.00835648
OAX/BTC,1578075004667,2020-01-03T18:10:04.667Z,buy,7.04e-06,187.0,0.00131648
OAX/BTC,1578075004667,2020-01-03T18:10:04.667Z,buy,7.04e-06,187.0,0.00131648
OAX/BTC,1578075004667,2020-01-03T18:10:04.667Z,buy,7.04e-06,700.0,0.004928
OAX/BTC,1578075004667,2020-01-03T18:10:04.667Z,buy,7.04e-06,187.0,0.00131648
OAX/BTC,1578075004673,2020-01-03T18:10:04.673Z,buy,7.04e-06,187.0,0.00131648
OAX/BTC,1578075004692,2020-01-03T18:10:04.692Z,buy,7.04e-06,508.0,0.00357632
OAX/BTC,1578075004731,2020-01-03T18:10:04.731Z,buy,7.03e-06,575.0,0.00404225
OAX/BTC,1578075020428,2020-01-03T18:10:20.428Z,buy,7.03e-06,257.0,0.00180671
OAX/BTC,1578075020428,2020-01-03T18:10:20.428Z,buy,7.05e-06,4168.0,0.0293844
OAX/BTC,1578075033537,2020-01-03T18:10:33.537Z,buy,7.05e-06,1970.0,0.0138885
OAX/BTC,1578075033546,2020-01-03T18:10:33.546Z,buy,7.06e-06,4229.0,0.02985674
OAX/BTC,1578075040485,2020-01-03T18:10:40.485Z,sell,7.05e-06,16.0,0.0001128
OAX/BTC,1578075041371,2020-01-03T18:10:41.371Z,sell,7.03e-06,16.0,0.00011248
OAX/BTC,1578075041371,2020-01-03T18:10:41.371Z,sell,7.02e-06,63.0,0.00044226
OAX/BTC,1578075041527,2020-01-03T18:10:41.527Z,sell,7.02e-06,79.0,0.0005545799999999
OAX/BTC,1578075046110,2020-01-03T18:10:46.110Z,buy,7.05e-06,5000.0,0.03525
OAX/BTC,1578075046114,2020-01-03T18:10:46.114Z,buy,7.05e-06,2752.0,0.0194016
OAX/BTC,1578075046120,2020-01-03T18:10:46.120Z,buy,7.05e-06,1951.0,0.01375455
OAX/BTC,1578075057422,2020-01-03T18:10:57.422Z,buy,7.05e-06,4623.0,0.03259215
OAX/BTC,1578075057422,2020-01-03T18:10:57.422Z,buy,7.06e-06,3007.0,0.02122942
OAX/BTC,1578075068012,2020-01-03T18:11:08.012Z,sell,7.05e-06,15.0,0.00010575
OAX/BTC,1578075086702,2020-01-03T18:11:26.702Z,buy,7.07e-06,988.0,0.00698516
OAX/BTC,1578075086805,2020-01-03T18:11:26.805Z,buy,7.07e-06,988.0,0.00698516
OAX/BTC,1578075086899,2020-01-03T18:11:26.899Z,buy,7.07e-06,347.0,0.00245329
OAX/BTC,1578075087015,2020-01-03T18:11:27.015Z,buy,7.07e-06,522.0,0.00369054
OAX/BTC,1578075087116,2020-01-03T18:11:27.116Z,buy,7.07e-06,988.0,0.00698516
OAX/BTC,1578075087230,2020-01-03T18:11:27.230Z,buy,7.07e-06,623.0,0.00440461
OAX/BTC,1578075097194,2020-01-03T18:11:37.194Z,sell,7.07e-06,1202.0,0.00849814
OAX/BTC,1578075131116,2020-01-03T18:12:11.116Z,sell,7.05e-06,1.0,7.05e-06
OAX/BTC,1578075131116,2020-01-03T18:12:11.116Z,sell,7.04e-06,144.0,0.00101376
OAX/BTC,1578075131116,2020-01-03T18:12:11.116Z,sell,7.05e-06,1.0,7.05e-06
OAX/BTC,1578075131116,2020-01-03T18:12:11.116Z,sell,7.04e-06,144.0,0.00101376
OAX/BTC,1578075377293,2020-01-03T18:16:17.293Z,buy,7.06e-06,273.0,0.00192738
OAX/BTC,1578075377304,2020-01-03T18:16:17.304Z,buy,7.07e-06,1223.0,0.00864661
OAX/BTC,1578075377304,2020-01-03T18:16:17.304Z,buy,7.08e-06,851.0,0.00602508
OAX/BTC,1578075377307,2020-01-03T18:16:17.307Z,buy,7.08e-06,3182.0,0.02252856
OAX/BTC,1578075377314,2020-01-03T18:16:17.314Z,buy,7.08e-06,273.0,0.00193284
OAX/BTC,1578075377325,2020-01-03T18:16:17.325Z,buy,7.08e-06,1203.0,0.00851724
OAX/BTC,1578075377784,2020-01-03T18:16:17.784Z,buy,7.08e-06,250.0,0.00177
OAX/BTC,1578075390832,2020-01-03T18:16:30.832Z,buy,7.08e-06,5428.0,0.03843024
OAX/BTC,1578075390833,2020-01-03T18:16:30.833Z,buy,7.08e-06,6902.0,0.04886616
OAX/BTC,1578075390842,2020-01-03T18:16:30.842Z,buy,7.09e-06,2752.0,0.01951168
OAX/BTC,1578075390847,2020-01-03T18:16:30.847Z,buy,7.09e-06,2077.0,0.01472593
OAX/BTC,1578075390847,2020-01-03T18:16:30.847Z,buy,7.09e-06,387.0,0.00274383
OAX/BTC,1578075391044,2020-01-03T18:16:31.044Z,sell,7.09e-06,2259.0,0.01601631
OAX/BTC,1578075401960,2020-01-03T18:16:41.960Z,buy,7.09e-06,1304.0,0.00924536
OAX/BTC,1578075401965,2020-01-03T18:16:41.965Z,buy,7.1e-06,2749.0,0.0195178999999999
OAX/BTC,1578075401965,2020-01-03T18:16:41.965Z,buy,7.11e-06,4105.0,0.02918655
OAX/BTC,1578075401971,2020-01-03T18:16:41.971Z,buy,7.11e-06,465.0,0.00330615
OAX/BTC,1578075401971,2020-01-03T18:16:41.971Z,buy,7.12e-06,761.0,0.00541832
OAX/BTC,1578075401971,2020-01-03T18:16:41.971Z,buy,7.13e-06,854.0,0.00608902
OAX/BTC,1578075406264,2020-01-03T18:16:46.264Z,sell,7.1e-06,16.0,0.0001136
OAX/BTC,1578075406264,2020-01-03T18:16:46.264Z,sell,7.09e-06,32.0,0.00022688
OAX/BTC,1578075412341,2020-01-03T18:16:52.341Z,sell,7.09e-06,55.0,0.00038995
OAX/BTC,1578075424595,2020-01-03T18:17:04.595Z,buy,7.12e-06,16.0,0.00011392
OAX/BTC,1578075424595,2020-01-03T18:17:04.595Z,buy,7.13e-06,898.0,0.00640274
OAX/BTC,1578075424602,2020-01-03T18:17:04.602Z,buy,7.13e-06,1400.0,0.009982
OAX/BTC,1578075424634,2020-01-03T18:17:04.634Z,buy,7.14e-06,980.0,0.0069972
OAX/BTC,1578075429688,2020-01-03T18:17:09.688Z,sell,7.13e-06,15.0,0.00010695
OAX/BTC,1578075439391,2020-01-03T18:17:19.391Z,sell,7.12e-06,16.0,0.00011392
OAX/BTC,1578075441314,2020-01-03T18:17:21.314Z,sell,7.11e-06,539.0,0.00383229
OAX/BTC,1578075457051,2020-01-03T18:17:37.051Z,sell,7.11e-06,946.0,0.00672606
OAX/BTC,1578075457089,2020-01-03T18:17:37.089Z,buy,7.11e-06,2040.0,0.0145043999999999
OAX/BTC,1578075471000,2020-01-03T18:17:51.000Z,sell,7.1e-06,16.0,0.0001136
OAX/BTC,1578075471000,2020-01-03T18:17:51.000Z,sell,7.09e-06,9.0,6.381e-05
OAX/BTC,1578075484718,2020-01-03T18:18:04.718Z,sell,7.09e-06,726.0,0.00514734
OAX/BTC,1578075487948,2020-01-03T18:18:07.948Z,sell,7.1e-06,76.0,0.0005396
OAX/BTC,1578075523882,2020-01-03T18:18:43.882Z,buy,7.11e-06,43.0,0.00030573
OAX/BTC,1578075526878,2020-01-03T18:18:46.878Z,buy,7.11e-06,7.0,4.977e-05
OAX/BTC,1578075536609,2020-01-03T18:18:56.609Z,buy,7.12e-06,16.0,0.00011392
OAX/BTC,1578075537673,2020-01-03T18:18:57.673Z,sell,7.12e-06,39.0,0.00027768
OAX/BTC,1578075541295,2020-01-03T18:19:01.295Z,buy,7.13e-06,1612.0,0.01149356
OAX/BTC,1578075558490,2020-01-03T18:19:18.490Z,buy,7.14e-06,12578.0,0.08980692
OAX/BTC,1578075559015,2020-01-03T18:19:19.015Z,buy,7.14e-06,3110.0,0.0222054
OAX/BTC,1578075565241,2020-01-03T18:19:25.241Z,buy,7.13e-06,421.0,0.00300173
OAX/BTC,1578075565241,2020-01-03T18:19:25.241Z,buy,7.14e-06,5043.0,0.03600702
OAX/BTC,1578075607495,2020-01-03T18:20:07.495Z,buy,7.14e-06,364.0,0.00259896
OAX/BTC,1578075612863,2020-01-03T18:20:12.863Z,sell,7.12e-06,28.0,0.00019936
OAX/BTC,1578075674116,2020-01-03T18:21:14.116Z,sell,7.12e-06,3767.0,0.0268210399999999
OAX/BTC,1578075674199,2020-01-03T18:21:14.199Z,buy,7.12e-06,704.0,0.00501248
OAX/BTC,1578075704336,2020-01-03T18:21:44.336Z,buy,7.12e-06,379.0,0.0026984799999999
OAX/BTC,1578075721020,2020-01-03T18:22:01.020Z,buy,7.12e-06,454.0,0.00323248
OAX/BTC,1578075727275,2020-01-03T18:22:07.275Z,buy,7.12e-06,196.0,0.00139552
OAX/BTC,1578075779134,2020-01-03T18:22:59.134Z,sell,7.11e-06,17.0,0.00012087
OAX/BTC,1578075806150,2020-01-03T18:23:26.150Z,sell,7.1e-06,16.0,0.0001136
OAX/BTC,1578075806150,2020-01-03T18:23:26.150Z,sell,7.08e-06,17.0,0.0001203599999999
OAX/BTC,1578075806150,2020-01-03T18:23:26.150Z,sell,7.08e-06,101.0,0.00071508
OAX/BTC,1578075830763,2020-01-03T18:23:50.763Z,sell,7.08e-06,480.0,0.0033984
OAX/BTC,1578075830893,2020-01-03T18:23:50.893Z,buy,7.08e-06,2724.0,0.01928592
OAX/BTC,1578075865764,2020-01-03T18:24:25.764Z,buy,7.09e-06,1277.0,0.00905393
OAX/BTC,1578075954061,2020-01-03T18:25:54.061Z,sell,7.08e-06,1193.0,0.00844644
OAX/BTC,1578076028006,2020-01-03T18:27:08.006Z,sell,7.07e-06,107.0,0.00075649
OAX/BTC,1578076098431,2020-01-03T18:28:18.431Z,sell,7.06e-06,16.0,0.00011296
OAX/BTC,1578076114522,2020-01-03T18:28:34.522Z,sell,7.05e-06,16.0,0.0001128
OAX/BTC,1578076128675,2020-01-03T18:28:48.675Z,sell,7.04e-06,36.0,0.00025344
OAX/BTC,1578076129190,2020-01-03T18:28:49.190Z,sell,7.03e-06,254.0,0.00178562
OAX/BTC,1578076143464,2020-01-03T18:29:03.464Z,sell,7.03e-06,1440.0,0.0101231999999999
OAX/BTC,1578076143486,2020-01-03T18:29:03.486Z,buy,7.03e-06,2034.0,0.0142990199999999
OAX/BTC,1578076143488,2020-01-03T18:29:03.488Z,buy,7.03e-06,1182.0,0.00830946
OAX/BTC,1578076192422,2020-01-03T18:29:52.422Z,sell,7.03e-06,2821.0,0.01983163
OAX/BTC,1578076200539,2020-01-03T18:30:00.539Z,buy,7.04e-06,500.0,0.00352
OAX/BTC,1578076207409,2020-01-03T18:30:07.409Z,sell,7.04e-06,746.0,0.00525184
OAX/BTC,1578076209333,2020-01-03T18:30:09.333Z,buy,7.04e-06,2860.0,0.0201344
OAX/BTC,1578076264523,2020-01-03T18:31:04.523Z,buy,7.05e-06,16.0,0.0001128
OAX/BTC,1578076280640,2020-01-03T18:31:20.640Z,sell,7.05e-06,2116.0,0.0149178
OAX/BTC,1578076299583,2020-01-03T18:31:39.583Z,sell,7.04e-06,100.0,0.000704
OAX/BTC,1578076299583,2020-01-03T18:31:39.583Z,sell,7.03e-06,1202.0,0.0084500599999999
OAX/BTC,1578076346515,2020-01-03T18:32:26.515Z,sell,7.03e-06,516.0,0.0036274799999999
OAX/BTC,1578076362400,2020-01-03T18:32:42.400Z,buy,7.04e-06,27.0,0.00019008
OAX/BTC,1578076394234,2020-01-03T18:33:14.234Z,buy,7.04e-06,2090.0,0.0147136
OAX/BTC,1578076450271,2020-01-03T18:34:10.271Z,buy,7.05e-06,141.0,0.00099405
OAX/BTC,1578076451210,2020-01-03T18:34:11.210Z,buy,7.05e-06,243.0,0.00171315
OAX/BTC,1578076451211,2020-01-03T18:34:11.211Z,buy,7.05e-06,228.0,0.0016074
OAX/BTC,1578076451212,2020-01-03T18:34:11.212Z,buy,7.05e-06,628.0,0.0044274
OAX/BTC,1578076460334,2020-01-03T18:34:20.334Z,buy,7.05e-06,56.0,0.0003948
OAX/BTC,1578076464942,2020-01-03T18:34:24.942Z,buy,7.05e-06,51.0,0.00035955
OAX/BTC,1578076494555,2020-01-03T18:34:54.555Z,buy,7.05e-06,26.0,0.0001833
OAX/BTC,1578076496365,2020-01-03T18:34:56.365Z,buy,7.05e-06,860.0,0.006063
OAX/BTC,1578076496372,2020-01-03T18:34:56.372Z,buy,7.05e-06,860.0,0.006063
OAX/BTC,1578076496375,2020-01-03T18:34:56.375Z,buy,7.05e-06,725.0,0.00511125
OAX/BTC,1578076496375,2020-01-03T18:34:56.375Z,buy,7.06e-06,859.0,0.00606454
OAX/BTC,1578076496375,2020-01-03T18:34:56.375Z,buy,7.08e-06,124.0,0.00087792
OAX/BTC,1578076545271,2020-01-03T18:35:45.271Z,sell,7.06e-06,16.0,0.00011296
OAX/BTC,1578076545271,2020-01-03T18:35:45.271Z,sell,7.05e-06,16.0,0.0001128
OAX/BTC,1578076545271,2020-01-03T18:35:45.271Z,sell,7.04e-06,1642.0,0.01155968
OAX/BTC,1578076545271,2020-01-03T18:35:45.271Z,sell,7.03e-06,2933.0,0.02061899
OAX/BTC,1578076545296,2020-01-03T18:35:45.296Z,buy,7.03e-06,857.0,0.00602471
OAX/BTC,1578076600797,2020-01-03T18:36:40.797Z,buy,7.05e-06,16.0,0.0001128
OAX/BTC,1578076600797,2020-01-03T18:36:40.797Z,buy,7.06e-06,16.0,0.00011296
OAX/BTC,1578076600797,2020-01-03T18:36:40.797Z,buy,7.08e-06,1658.0,0.01173864
OAX/BTC,1578076600815,2020-01-03T18:36:40.815Z,sell,7.08e-06,908.0,0.00642864
OAX/BTC,1578076600823,2020-01-03T18:36:40.823Z,sell,7.08e-06,3636.0,0.02574288
OAX/BTC,1578077159191,2020-01-03T18:45:59.191Z,buy,7.09e-06,15.0,0.00010635
OAX/BTC,1578077337931,2020-01-03T18:48:57.931Z,buy,7.1e-06,16.0,0.0001136
OAX/BTC,1578077346041,2020-01-03T18:49:06.041Z,sell,7.08e-06,16.0,0.00011328
OAX/BTC,1578077620415,2020-01-03T18:53:40.415Z,sell,7.08e-06,1355.0,0.0095934
OAX/BTC,1578077624385,2020-01-03T18:53:44.385Z,sell,7.06e-06,16.0,0.00011296
OAX/BTC,1578077627893,2020-01-03T18:53:47.893Z,sell,7.05e-06,16.0,0.0001128
OAX/BTC,1578077631881,2020-01-03T18:53:51.881Z,sell,7.04e-06,17.0,0.00011968
OAX/BTC,1578077645763,2020-01-03T18:54:05.763Z,sell,7.03e-06,721.0,0.0050686299999999
OAX/BTC,1578077654424,2020-01-03T18:54:14.424Z,sell,7.03e-06,705.0,0.0049561499999999
OAX/BTC,1578077666977,2020-01-03T18:54:26.977Z,sell,7.03e-06,705.0,0.0049561499999999
OAX/BTC,1578077674959,2020-01-03T18:54:34.959Z,sell,7.03e-06,705.0,0.0049561499999999
OAX/BTC,1578077680023,2020-01-03T18:54:40.023Z,sell,7.03e-06,705.0,0.0049561499999999
OAX/BTC,1578077697235,2020-01-03T18:54:57.235Z,sell,7.03e-06,1659.0,0.01166277
OAX/BTC,1578077701366,2020-01-03T18:55:01.366Z,sell,7.03e-06,705.0,0.0049561499999999
OAX/BTC,1578077705866,2020-01-03T18:55:05.866Z,sell,7.03e-06,705.0,0.0049561499999999
OAX/BTC,1578077709638,2020-01-03T18:55:09.638Z,sell,7.03e-06,705.0,0.0049561499999999
OAX/BTC,1578077713854,2020-01-03T18:55:13.854Z,sell,7.03e-06,696.0,0.00489288
OAX/BTC,1578077717801,2020-01-03T18:55:17.801Z,sell,7.02e-06,8024.0,0.05632848
OAX/BTC,1578077723059,2020-01-03T18:55:23.059Z,sell,7.01e-06,2561.0,0.01795261
OAX/BTC,1578078494827,2020-01-03T19:08:14.827Z,sell,7.01e-06,2108.0,0.01477708
OAX/BTC,1578078494827,2020-01-03T19:08:14.827Z,sell,7.01e-06,2108.0,0.01477708
OAX/BTC,1578079015266,2020-01-03T19:16:55.266Z,sell,7.02e-06,2736.0,0.01920672
OAX/BTC,1578079015266,2020-01-03T19:16:55.266Z,sell,7.01e-06,17156.0,0.1202635599999999
OAX/BTC,1578079015266,2020-01-03T19:16:55.266Z,sell,7e-06,3484.0,0.024388
OAX/BTC,1578079024467,2020-01-03T19:17:04.467Z,buy,7.03e-06,16.0,0.00011248
OAX/BTC,1578079024467,2020-01-03T19:17:04.467Z,buy,7.04e-06,17.0,0.00011968
OAX/BTC,1578079024467,2020-01-03T19:17:04.467Z,buy,7.05e-06,16.0,0.0001128
OAX/BTC,1578079024467,2020-01-03T19:17:04.467Z,buy,7.06e-06,96.0,0.00067776
OAX/BTC,1578079370641,2020-01-03T19:22:50.641Z,buy,7.06e-06,15.0,0.0001059
OAX/BTC,1578079370641,2020-01-03T19:22:50.641Z,buy,7.07e-06,107.0,0.00075649
OAX/BTC,1578079370641,2020-01-03T19:22:50.641Z,buy,7.08e-06,598.0,0.00423384
OAX/BTC,1578079370641,2020-01-03T19:22:50.641Z,buy,7.09e-06,1181.0,0.00837329
OAX/BTC,1578079370641,2020-01-03T19:22:50.641Z,buy,7.1e-06,324.0,0.0023003999999999
OAX/BTC,1578079400111,2020-01-03T19:23:20.111Z,buy,7.09e-06,15.0,0.00010635
OAX/BTC,1578079400128,2020-01-03T19:23:20.128Z,sell,7.09e-06,4893.0,0.03469137
OAX/BTC,1578080554097,2020-01-03T19:42:34.097Z,sell,7.08e-06,580.0,0.0041064
OAX/BTC,1578080739413,2020-01-03T19:45:39.413Z,buy,7.07e-06,3253.0,0.02299871
OAX/BTC,1578080784546,2020-01-03T19:46:24.546Z,sell,7.07e-06,3153.0,0.02229171
OAX/BTC,1578080807657,2020-01-03T19:46:47.657Z,buy,7.07e-06,464.0,0.00328048
OAX/BTC,1578080897789,2020-01-03T19:48:17.789Z,sell,7.06e-06,16.0,0.00011296
OAX/BTC,1578080904538,2020-01-03T19:48:24.538Z,sell,7.05e-06,16.0,0.0001128
OAX/BTC,1578080904538,2020-01-03T19:48:24.538Z,sell,7.04e-06,17.0,0.00011968
OAX/BTC,1578080909832,2020-01-03T19:48:29.832Z,sell,7.03e-06,414.0,0.00291042
OAX/BTC,1578081038629,2020-01-03T19:50:38.629Z,buy,7.05e-06,16.0,0.0001128
OAX/BTC,1578081061444,2020-01-03T19:51:01.444Z,buy,7.06e-06,16.0,0.00011296
OAX/BTC,1578081193842,2020-01-03T19:53:13.842Z,buy,7.07e-06,1286.0,0.00909202
OAX/BTC,1578081193842,2020-01-03T19:53:13.842Z,buy,7.08e-06,5425.0,0.038409
OAX/BTC,1578081287696,2020-01-03T19:54:47.696Z,buy,7.08e-06,1717.0,0.01215636
OAX/BTC,1578081315398,2020-01-03T19:55:15.398Z,buy,7.09e-06,15.0,0.00010635
OAX/BTC,1578081362438,2020-01-03T19:56:02.438Z,buy,7.1e-06,2970.0,0.0210869999999999
OAX/BTC,1578081409593,2020-01-03T19:56:49.593Z,buy,7.1e-06,185.0,0.0013135
OAX/BTC,1578081784485,2020-01-03T20:03:04.485Z,sell,7.09e-06,162.0,0.00114858
OAX/BTC,1578081813684,2020-01-03T20:03:33.684Z,sell,7.08e-06,16.0,0.00011328
